{"id": "gen9vgc2025regibo3-2355046683", "format": "[Gen 9] VGC 2025 Reg I (Bo3)", "players": ["Bass pro stan", "Descugi"], "log": "|j|\u2606Bass pro stan\n|j|\u2606Descugi\n|html|<table width=\"100%\"><tr><td align=\"left\">Bass pro stan</td><td align=\"right\">Descugi</tr><tr><td align=\"left\"><i class=\"fa fa-circle-o\"></i> <i class=\"fa fa-circle-o\"></i> </td><td align=\"right\"><i class=\"fa fa-circle-o\"></i> <i class=\"fa fa-circle\"></i> </tr></table>\n|uhtml|bestof|<h2><strong>Game 2</strong> of <a href=\"/game-bestof3-gen9vgc2025regibo3-2355044918\">a best-of-3</a></h2>\n|t:|1746145955\n|gametype|doubles\n|player|p1|Bass pro stan|fisherman-gen4|1134\n|player|p2|Descugi|169|1110\n|teamsize|p1|6\n|teamsize|p2|6\n|gen|9\n|tier|[Gen 9] VGC 2025 Reg I (Bo3)\n|rated|\n|rule|Species Clause: Limit one of each Pok\u00e9mon\n|rule|Item Clause: Limit 1 of each item\n|clearpoke\n|poke|p1|Kyogre, L50|\n|poke|p1|Toxicroak, L50, F|\n|poke|p1|Tornadus, L50, M|\n|poke|p1|Miraidon, L50|\n|poke|p1|Volcarona, L50, M|\n|poke|p1|Wo-Chien, L50|\n|poke|p2|Rayquaza, L50|\n|poke|p2|Chien-Pao, L50|\n|poke|p2|Miraidon, L50|\n|poke|p2|Farigiraf, L50, F|\n|poke|p2|Iron Treads, L50|\n|poke|p2|Iron Hands, L50|\n|teampreview|4\n|showteam|p1|Kyogre||Leftovers|Drizzle|Surf,Protect,IceBeam,CalmMind||||||50|,,,,,Grass]Toxicroak||AssaultVest|DrySkin|KnockOff,FakeOut,GunkShot,CloseCombat|||F|||50|,,,,,Dark]Tornadus||CovertCloak|Prankster|BleakwindStorm,Hurricane,Tailwind,RainDance|||M|||50|,,,,,Steel]Miraidon||ChoiceSpecs|HadronEngine|DazzlingGleam,VoltSwitch,Thunder,DracoMeteor||||||50|,,,,,Fairy]Volcarona||WikiBerry|FlameBody|RagePowder,WillOWisp,StruggleBug,Protect|||M|||50|,,,,,Steel]Wo-Chien||SitrusBerry|TabletsofRuin|PollenPuff,Snarl,Protect,FoulPlay||||||50|,,,,,Poison\n|showteam|p2|Rayquaza||ClearAmulet|AirLock|DragonAscent,ExtremeSpeed,SwordsDance,Protect||||||50|,,,,,Normal]Chien-Pao||FocusSash|SwordofRuin|IcicleCrash,SuckerPunch,Protect,Crunch||||||50|,,,,,Ghost]Miraidon||ChoiceSpecs|HadronEngine|ElectroDrift,DazzlingGleam,VoltSwitch,DracoMeteor||||||50|,,,,,Fairy]Farigiraf||ElectricSeed|ArmorTail|FoulPlay,Psychic,TrickRoom,HelpingHand|||F|||50|,,,,,Water]Iron Treads||LifeOrb|QuarkDrive|IronHead,KnockOff,Protect,HighHorsepower||||||50|,,,,,Ghost]Iron Hands||AssaultVest|QuarkDrive|FakeOut,DrainPunch,LowKick,WildCharge||||||50|,,,,,Water\n|inactive|Battle timer is ON: inactive players will automatically lose when time's up. (requested by Bass pro stan)\n|inactive|Bass pro stan has 60 seconds left.\n|\n|t:|1746146003\n|start\n|switch|p1a: Kyogre|Kyogre, L50|100/100\n|switch|p1b: Tornadus|Tornadus, L50, M|100/100\n|switch|p2a: Rayquaza|Rayquaza, L50, shiny|100/100\n|switch|p2b: Chien-Pao|Chien-Pao, L50|100/100\n|-ability|p2b: Chien-Pao|Sword of Ruin\n|-ability|p2a: Rayquaza|Air Lock\n|-weather|RainDance|[from] ability: Drizzle|[of] p1a: Kyogre\n|turn|1\n|inactive|Bass pro stan has 30 seconds left.\n|inactive|Bass pro stan has 20 seconds left.\n|inactive|Bass pro stan has 15 seconds left.\n|\n|t:|1746146047\n|-terastallize|p2a: Rayquaza|Normal\n|move|p2b: Chien-Pao|Icicle Crash|p1b: Tornadus\n|-supereffective|p1b: Tornadus\n|-damage|p1b: Tornadus|0 fnt\n|faint|p1b: Tornadus\n|move|p2a: Rayquaza|Swords Dance|p2a: Rayquaza\n|-boost|p2a: Rayquaza|atk|2\n|move|p1a: Kyogre|Surf|p2b: Chien-Pao|[spread] p2a,p2b\n|-damage|p2a: Rayquaza|57/100\n|-damage|p2b: Chien-Pao|38/100\n|\n|-weather|RainDance|[upkeep]\n|upkeep\n|\n|t:|1746146063\n|switch|p1b: Wo-Chien|Wo-Chien, L50|100/100\n|-ability|p1b: Wo-Chien|Tablets of Ruin\n|turn|2\n|inactive|Bass pro stan has 30 seconds left.\n|\n|t:|1746146093\n|move|p1b: Wo-Chien|Protect|p1b: Wo-Chien\n|-singleturn|p1b: Wo-Chien|Protect\n|move|p2a: Rayquaza|Extreme Speed|p1a: Kyogre\n|-damage|p1a: Kyogre|10/100\n|move|p2b: Chien-Pao|Icicle Crash|p1b: Wo-Chien\n|-activate|p1b: Wo-Chien|move: Protect\n|move|p1a: Kyogre|Surf|p2a: Rayquaza|[spread] p2a,p2b\n|-activate|p1b: Wo-Chien|move: Protect\n|-damage|p2a: Rayquaza|19/100\n|-damage|p2b: Chien-Pao|0 fnt\n|faint|p2b: Chien-Pao\n|\n|-weather|RainDance|[upkeep]\n|-heal|p1a: Kyogre|16/100|[from] item: Leftovers\n|upkeep\n|\n|t:|1746146112\n|switch|p2b: Iron Hands|Iron Hands, L50|100/100\n|turn|3\n|inactive|Bass pro stan has 30 seconds left.\n|inactive|Bass pro stan has 20 seconds left.\n|\n|t:|1746146151\n|-terastallize|p1b: Wo-Chien|Poison\n|move|p2b: Iron Hands|Fake Out|p1b: Wo-Chien\n|-damage|p1b: Wo-Chien|91/100\n|move|p2a: Rayquaza|Extreme Speed|p1a: Kyogre\n|-damage|p1a: Kyogre|0 fnt\n|faint|p1a: Kyogre\n|cant|p1b: Wo-Chien|flinch\n|\n|-weather|RainDance|[upkeep]\n|upkeep\n|\n|t:|1746146157\n|switch|p1a: Miraidon|Miraidon, L50|100/100\n|-fieldstart|move: Electric Terrain|[from] ability: Hadron Engine|[of] p1a: Miraidon\n|-activate|p2b: Iron Hands|ability: Quark Drive\n|-start|p2b: Iron Hands|quarkdriveatk\n|turn|4\n|inactive|Descugi has 30 seconds left.\n|\n|t:|1746146186\n|move|p2a: Rayquaza|Extreme Speed|p1a: Miraidon\n|-damage|p1a: Miraidon|25/100\n|move|p1a: Miraidon|Dazzling Gleam|p2a: Rayquaza|[spread] p2a,p2b\n|-supereffective|p2b: Iron Hands\n|-damage|p2a: Rayquaza|0 fnt\n|-damage|p2b: Iron Hands|48/100\n|faint|p2a: Rayquaza\n|move|p1b: Wo-Chien|Pollen Puff|p1a: Miraidon\n|-heal|p1a: Miraidon|74/100\n|move|p2b: Iron Hands|Wild Charge|p1b: Wo-Chien\n|-damage|p1b: Wo-Chien|35/100\n|-enditem|p1b: Wo-Chien|Sitrus Berry|[eat]\n|-heal|p1b: Wo-Chien|60/100|[from] item: Sitrus Berry\n|-damage|p2b: Iron Hands|38/100|[from] Recoil\n|\n|-weather|RainDance|[upkeep]\n|upkeep\n|\n|t:|1746146200\n|switch|p2a: Miraidon|Miraidon, L50|100/100\n|-activate|p2a: Miraidon|ability: Hadron Engine\n|turn|5\n|\n|t:|1746146222\n|move|p2a: Miraidon|Draco Meteor|p1a: Miraidon\n|-supereffective|p1a: Miraidon\n|-damage|p1a: Miraidon|0 fnt\n|-unboost|p2a: Miraidon|spa|2\n|faint|p1a: Miraidon\n|move|p1b: Wo-Chien|Snarl|p2a: Miraidon|[spread] p2a,p2b\n|-resisted|p2b: Iron Hands\n|-damage|p2a: Miraidon|88/100\n|-damage|p2b: Iron Hands|34/100\n|-unboost|p2a: Miraidon|spa|1\n|-unboost|p2b: Iron Hands|spa|1\n|move|p2b: Iron Hands|Low Kick|p1b: Wo-Chien\n|-resisted|p1b: Wo-Chien\n|-damage|p1b: Wo-Chien|41/100\n|\n|-weather|none\n|upkeep\n|turn|6\n|\n|t:|1746146242\n|move|p1b: Wo-Chien|Protect|p1b: Wo-Chien\n|-singleturn|p1b: Wo-Chien|Protect\n|move|p2a: Miraidon|Draco Meteor|p1b: Wo-Chien\n|-activate|p1b: Wo-Chien|move: Protect\n|move|p2b: Iron Hands|Wild Charge|p1b: Wo-Chien\n|-activate|p1b: Wo-Chien|move: Protect\n|\n|upkeep\n|turn|7\n|\n|t:|1746146248\n|move|p1b: Wo-Chien|Protect|p1b: Wo-Chien\n|-singleturn|p1b: Wo-Chien|Protect\n|move|p2a: Miraidon|Draco Meteor|p1b: Wo-Chien\n|-activate|p1b: Wo-Chien|move: Protect\n|move|p2b: Iron Hands|Wild Charge|p1b: Wo-Chien\n|-activate|p1b: Wo-Chien|move: Protect\n|\n|upkeep\n|turn|8\n|\n|t:|1746146256\n|move|p1b: Wo-Chien|Protect||[still]\n|-fail|p1b: Wo-Chien\n|move|p2a: Miraidon|Draco Meteor|p1b: Wo-Chien\n|-damage|p1b: Wo-Chien|4/100\n|-unboost|p2a: Miraidon|spa|2\n|move|p2b: Iron Hands|Wild Charge|p1b: Wo-Chien\n|-damage|p1b: Wo-Chien|0 fnt\n|faint|p1b: Wo-Chien\n|-damage|p2b: Iron Hands|33/100|[from] Recoil\n|\n|win|Descugi\n|raw|Bass pro stan's rating: 1134 &rarr; <strong>1107</strong><br />(-27 for losing)\n|raw|Descugi's rating: 1110 &rarr; <strong>1137</strong><br />(+27 for winning)\n|l|\u2606Bass pro stan\n|player|p1|\n|l|\u2606Descugi\n|player|p2|\n", "uploadtime": 1746146645, "views": 27, "formatid": "gen9vgc2025regibo3", "rating": 1107, "private": 0, "password": null}