{"id": "gen9vgc2025regibo3-2353535832", "format": "[Gen 9] VGC 2025 Reg I (Bo3)", "players": ["Skydago", "MangoFurret"], "log": "|j|\u2606Skydago\n|j|\u2606MangoFurret\n|html|<table width=\"100%\"><tr><td align=\"left\">Skydago</td><td align=\"right\">MangoFurret</tr><tr><td align=\"left\"><i class=\"fa fa-circle-o\"></i> <i class=\"fa fa-circle-o\"></i> </td><td align=\"right\"><i class=\"fa fa-circle-o\"></i> <i class=\"fa fa-circle-o\"></i> </tr></table>\n|uhtml|bestof|<h2><strong>Game 1</strong> of <a href=\"/game-bestof3-gen9vgc2025regibo3-2353535831\">a best-of-3</a></h2>\n|t:|1745965605\n|gametype|doubles\n|player|p1|Skydago|lusamine|1248\n|player|p2|MangoFurret|unknown|1278\n|teamsize|p1|6\n|teamsize|p2|6\n|gen|9\n|tier|[Gen 9] VGC 2025 Reg I (Bo3)\n|rated|\n|rule|Species Clause: Limit one of each Pok\u00e9mon\n|rule|Item Clause: Limit 1 of each item\n|clearpoke\n|poke|p1|Lunala, L50|\n|poke|p1|Zamazenta-*, L50|\n|poke|p1|Urshifu-*, L50, F|\n|poke|p1|Incineroar, L50, M|\n|poke|p1|Rillaboom, L50, M|\n|poke|p1|Tornadus, L50, M|\n|poke|p2|Kyogre, L50|\n|poke|p2|Zamazenta-*, L50|\n|poke|p2|Amoonguss, L50, F|\n|poke|p2|Chien-Pao, L50|\n|poke|p2|Urshifu-*, L50, M|\n|poke|p2|Roaring Moon, L50|\n|teampreview|4\n|showteam|p1|Lunala||PowerHerb|ShadowShield|MeteorBeam,Protect,Moonblast,MoongeistBeam||||||50|,,,,,Fairy]Zamazenta-Crowned||RustedShield|DauntlessShield|BodyPress,Protect,WideGuard,HeavySlam||||||50|,,,,,Dragon]Urshifu-Rapid-Strike||FocusSash|UnseenFist|SurgingStrikes,AquaJet,CloseCombat,Detect|||F|||50|,,,,,Water]Incineroar||SafetyGoggles|Intimidate|FakeOut,PartingShot,Taunt,KnockOff|||M|||50|,,,,,Ghost]Rillaboom||AssaultVest|GrassySurge|GrassyGlide,FakeOut,Uturn,WoodHammer|||M|||50|,,,,,Fire]Tornadus||CovertCloak|Prankster|Tailwind,BleakwindStorm,RainDance,Protect|||M|||50|,,,,,Steel\n|showteam|p2|Kyogre||MysticWater|Drizzle|WaterSpout,HydroPump,IceBeam,Protect||||||50|,,,,,Grass]Zamazenta-Crowned||RustedShield|DauntlessShield|behemothbash,BodyPress,WideGuard,Protect||||||50|,,,,,Grass]Amoonguss||RockyHelmet|Regenerator|RagePowder,Spore,SludgeBomb,Protect|||F|||50|,,,,,Fairy]Chien-Pao||FocusSash|SwordofRuin|IceSpinner,SuckerPunch,ThroatChop,Protect||||||50|,,,,,Ghost]Urshifu-Rapid-Strike||ChoiceScarf|UnseenFist|SurgingStrikes,CloseCombat,Uturn,Coaching|||M|||50|,,,,,Ghost]Roaring Moon||BoosterEnergy|Protosynthesis|KnockOff,Acrobatics,Tailwind,Protect||||||50|,,,,,Flying\n|inactive|Battle timer is ON: inactive players will automatically lose when time's up. (requested by Skydago)\n|inactive|MangoFurret has 60 seconds left.\n|\n|t:|1745965650\n|start\n|switch|p1a: Tornadus|Tornadus, L50, M|100/100\n|switch|p1b: Lunala|Lunala, L50|100/100\n|switch|p2a: IlDoggo|Zamazenta-Crowned, L50|100/100\n|switch|p2b: Ilgattopardo|Chien-Pao, L50|100/100\n|-ability|p2b: Ilgattopardo|Sword of Ruin\n|-ability|p2a: IlDoggo|Dauntless Shield|boost\n|-boost|p2a: IlDoggo|def|1\n|turn|1\n|inactive|MangoFurret has 30 seconds left.\n|inactive|MangoFurret has 20 seconds left.\n|\n|t:|1745965690\n|move|p2b: Ilgattopardo|Sucker Punch|p1b: Lunala\n|-supereffective|p1b: Lunala\n|-damage|p1b: Lunala|22/100\n|move|p1a: Tornadus|Tailwind|p1a: Tornadus\n|-sidestart|p1: Skydago|move: Tailwind\n|move|p1b: Lunala|Moongeist Beam|p2a: IlDoggo\n|-damage|p2a: IlDoggo|59/100\n|move|p2a: IlDoggo|Behemoth Bash|p1a: Tornadus\n|-damage|p1a: Tornadus|37/100\n|\n|upkeep\n|turn|2\n|\n|t:|1745965708\n|-terastallize|p1b: Lunala|Fairy\n|move|p2b: Ilgattopardo|Sucker Punch|p1a: Tornadus\n|-damage|p1a: Tornadus|0 fnt\n|faint|p1a: Tornadus\n|move|p1b: Lunala|Moongeist Beam|p2a: IlDoggo\n|-damage|p2a: IlDoggo|21/100\n|move|p2a: IlDoggo|Behemoth Bash|p1b: Lunala\n|-supereffective|p1b: Lunala\n|-damage|p1b: Lunala|0 fnt\n|faint|p1b: Lunala\n|\n|upkeep\n|\n|t:|1745965712\n|switch|p1a: Zamazenta|Zamazenta-Crowned, L50|100/100\n|switch|p1b: Urshifu|Urshifu-Rapid-Strike, L50, F|100/100\n|-ability|p1a: Zamazenta|Dauntless Shield|boost\n|-boost|p1a: Zamazenta|def|1\n|turn|3\n|inactive|MangoFurret has 30 seconds left.\n|\n|t:|1745965744\n|move|p2b: Ilgattopardo|Sucker Punch|p1b: Urshifu\n|-resisted|p1b: Urshifu\n|-damage|p1b: Urshifu|77/100\n|move|p1a: Zamazenta|Body Press|p2a: IlDoggo\n|-supereffective|p2a: IlDoggo\n|-damage|p2a: IlDoggo|0 fnt\n|faint|p2a: IlDoggo\n|move|p1b: Urshifu|Surging Strikes|p2b: Ilgattopardo\n|-crit|p2b: Ilgattopardo\n|-damage|p2b: Ilgattopardo|70/100\n|-crit|p2b: Ilgattopardo\n|-damage|p2b: Ilgattopardo|38/100\n|-crit|p2b: Ilgattopardo\n|-damage|p2b: Ilgattopardo|5/100\n|-hitcount|p2b: Ilgattopardo|3\n|\n|upkeep\n|\n|t:|1745965759\n|switch|p2a: BigFish|Kyogre, L50|100/100\n|-weather|RainDance|[from] ability: Drizzle|[of] p2a: BigFish\n|turn|4\n|\n|t:|1745965774\n|move|p2a: BigFish|Protect|p2a: BigFish\n|-singleturn|p2a: BigFish|Protect\n|move|p2b: Ilgattopardo|Sucker Punch|p1b: Urshifu\n|-resisted|p1b: Urshifu\n|-damage|p1b: Urshifu|54/100\n|move|p1a: Zamazenta|Body Press|p2a: BigFish\n|-activate|p2a: BigFish|move: Protect\n|move|p1b: Urshifu|Surging Strikes|p2a: BigFish\n|-resisted|p2a: BigFish\n|-crit|p2a: BigFish\n|-damage|p2a: BigFish|79/100\n|-resisted|p2a: BigFish\n|-crit|p2a: BigFish\n|-damage|p2a: BigFish|59/100\n|-resisted|p2a: BigFish\n|-crit|p2a: BigFish\n|-damage|p2a: BigFish|37/100\n|-hitcount|p2a: BigFish|3\n|\n|-weather|RainDance|[upkeep]\n|-sideend|p1: Skydago|move: Tailwind\n|upkeep\n|turn|5\n|inactive|MangoFurret has 30 seconds left.\n|inactive|MangoFurret has 20 seconds left.\n|inactive|MangoFurret has 15 seconds left.\n|inactive|MangoFurret has 10 seconds left.\n|inactive|MangoFurret has 5 seconds left.\n|\n|t:|1745965825\n|move|p2b: Ilgattopardo|Sucker Punch|p1b: Urshifu\n|-resisted|p1b: Urshifu\n|-damage|p1b: Urshifu|32/100\n|move|p1a: Zamazenta|Body Press|p2a: BigFish\n|-damage|p2a: BigFish|0 fnt\n|faint|p2a: BigFish\n|move|p1b: Urshifu|Close Combat|p2b: Ilgattopardo\n|-supereffective|p2b: Ilgattopardo\n|-damage|p2b: Ilgattopardo|0 fnt\n|-unboost|p1b: Urshifu|def|1\n|-unboost|p1b: Urshifu|spd|1\n|faint|p2b: Ilgattopardo\n|\n|-weather|RainDance|[upkeep]\n|upkeep\n|\n|t:|1745965837\n|switch|p2b: Storm|Roaring Moon, L50|100/100\n|-enditem|p2b: Storm|Booster Energy\n|-activate|p2b: Storm|ability: Protosynthesis|[fromitem]\n|-start|p2b: Storm|protosynthesisspe\n|turn|6\n|\n|t:|1745965850\n|-terastallize|p2b: Storm|Flying\n|move|p2b: Storm|Acrobatics|p1b: Urshifu\n|-supereffective|p1b: Urshifu\n|-damage|p1b: Urshifu|0 fnt\n|faint|p1b: Urshifu\n|move|p1a: Zamazenta|Heavy Slam|p2b: Storm\n|-damage|p2b: Storm|71/100\n|\n|-weather|RainDance|[upkeep]\n|upkeep\n|turn|7\n|\n|t:|1745965861\n|move|p2b: Storm|Acrobatics|p1a: Zamazenta\n|-damage|p1a: Zamazenta|79/100\n|move|p1a: Zamazenta|Body Press|p2b: Storm\n|-resisted|p2b: Storm\n|-damage|p2b: Storm|30/100\n|\n|-weather|RainDance|[upkeep]\n|upkeep\n|turn|8\n|\n|t:|1745965877\n|move|p2b: Storm|Acrobatics|p1a: Zamazenta\n|-damage|p1a: Zamazenta|57/100\n|move|p1a: Zamazenta|Body Press|p2b: Storm\n|-resisted|p2b: Storm\n|-damage|p2b: Storm|0 fnt\n|faint|p2b: Storm\n|-end|p2b: Storm|Protosynthesis|[silent]\n|\n|win|Skydago\n||MangoFurret is ready for game 2.\n||Skydago is ready for game 2.\n|uhtml|next|Next: <a href=\"/battle-gen9vgc2025regibo3-2353538295\"><strong>Game 2 of 3</strong></a>\n|l|\u2606Skydago\n|player|p1|\n", "uploadtime": 1745966460, "views": 17, "formatid": "gen9vgc2025regibo3", "rating": null, "private": 0, "password": null}