{"id": "gen9vgc2025regibo3-2353748043", "format": "[Gen 9] VGC 2025 Reg I (Bo3)", "players": ["theicemaster", "astral sun"], "log": "|j|\u2606theicemaster\n|j|\u2606astral sun\n|html|<table width=\"100%\"><tr><td align=\"left\">theicemaster</td><td align=\"right\">astral sun</tr><tr><td align=\"left\"><i class=\"fa fa-circle-o\"></i> <i class=\"fa fa-circle-o\"></i> </td><td align=\"right\"><i class=\"fa fa-circle-o\"></i> <i class=\"fa fa-circle-o\"></i> </tr></table>\n|uhtml|bestof|<h2><strong>Game 1</strong> of <a href=\"/game-bestof3-gen9vgc2025regibo3-2353748042\">a best-of-3</a></h2>\n|t:|1745993200\n|gametype|doubles\n|player|p1|theicemaster|crasherwake|1178\n|player|p2|astral sun|blaine|1214\n|teamsize|p1|6\n|teamsize|p2|6\n|gen|9\n|tier|[Gen 9] VGC 2025 Reg I (Bo3)\n|rated|\n|rule|Species Clause: Limit one of each Pok\u00e9mon\n|rule|Item Clause: Limit 1 of each item\n|clearpoke\n|poke|p1|Incineroar, L50, M|\n|poke|p1|Calyrex-Ice, L50|\n|poke|p1|Dialga-Origin, L50|\n|poke|p1|Raging Bolt, L50|\n|poke|p1|Rillaboom, L50, F|\n|poke|p1|Urshifu-*, L50, M|\n|poke|p2|Koraidon, L50|\n|poke|p2|Calyrex-Shadow, L50|\n|poke|p2|Clefairy, L50, F|\n|poke|p2|Tornadus, L50, M|\n|poke|p2|Rillaboom, L50, F|\n|poke|p2|Ogerpon-Hearthflame, L50, F|\n|teampreview|4\n|showteam|p1|Incineroar||SafetyGoggles|Intimidate|KnockOff,Taunt,FakeOut,PartingShot|||M|||50|,,,,,Grass]Calyrex-Ice||ClearAmulet|AsOneGlastrier|GlacialLance,HighHorsepower,Protect,TrickRoom||||||50|,,,,,Water]Dialga-Origin||AdamantCrystal|Pressure|DragonPulse,FlashCannon,EarthPower,TrickRoom||||||50|,,,,,Ghost]Raging Bolt||BoosterEnergy|Protosynthesis|Thunderbolt,DragonPulse,Thunderclap,Protect||||||50|,,,,,Fairy]Rillaboom||AssaultVest|GrassySurge|GrassyGlide,WoodHammer,FakeOut,Uturn|||F|||50|,,,,,Fire]Urshifu-Rapid-Strike||ChoiceScarf|UnseenFist|SurgingStrikes,CloseCombat,AquaJet,Uturn|||M|||50|,,,,,Stellar\n|showteam|p2|Koraidon||LifeOrb|OrichalcumPulse|FlareBlitz,CloseCombat,Uturn,Protect||||||50|,,,,,Fire]Calyrex-Shadow||SpookyPlate|AsOneSpectrier|AstralBarrage,Psychic,NastyPlot,Protect||||||50|,,,,,Dark]Clefairy||Eviolite|FriendGuard|FollowMe,Protect,HealPulse,HelpingHand|||F|||50|,,,,,Grass]Tornadus||CovertCloak|Prankster|BleakwindStorm,Tailwind,Taunt,SunnyDay|||M|||50|,,,,,Dark]Rillaboom||AssaultVest|GrassySurge|FakeOut,WoodHammer,Uturn,GrassyGlide|||F|||50|,,,,,Water]Ogerpon-Hearthflame||HearthflameMask|MoldBreaker|IvyCudgel,FocusEnergy,FollowMe,SpikyShield|||F|||50|,,,,,Fire\n|\n|t:|1745993249\n|start\n|switch|p1a: Incineroar|Incineroar, L50, M|100/100\n|switch|p1b: Calyrex|Calyrex-Ice, L50|100/100\n|switch|p2a: Calyrex|Calyrex-Shadow, L50|100/100\n|switch|p2b: Clefairy|Clefairy, L50, F|100/100\n|-ability|p2a: Calyrex|As One\n|-ability|p2a: Calyrex|Unnerve\n|-ability|p1b: Calyrex|As One\n|-ability|p1b: Calyrex|Unnerve\n|-ability|p1a: Incineroar|Intimidate|boost\n|-unboost|p2a: Calyrex|atk|1\n|-unboost|p2b: Clefairy|atk|1\n|turn|1\n|\n|t:|1745993320\n|-terastallize|p1b: Calyrex|Water\n|move|p2b: Clefairy|Follow Me|p2b: Clefairy\n|-singleturn|p2b: Clefairy|move: Follow Me\n|move|p2a: Calyrex|Nasty Plot|p2a: Calyrex\n|-boost|p2a: Calyrex|spa|2\n|move|p1a: Incineroar|Taunt|p2b: Clefairy\n|-start|p2b: Clefairy|move: Taunt\n|move|p1b: Calyrex|Trick Room|p1b: Calyrex\n|-fieldstart|move: Trick Room|[of] p1b: Calyrex\n|\n|upkeep\n|turn|2\n|\n|t:|1745993341\n|switch|p2b: Ogerpon|Ogerpon-Hearthflame, L50, F|100/100\n|-ability|p2b: Ogerpon|Mold Breaker\n|move|p2a: Calyrex|Protect|p2a: Calyrex\n|-singleturn|p2a: Calyrex|Protect\n|move|p1b: Calyrex|Glacial Lance|p2b: Ogerpon|[spread] p2b\n|-activate|p2a: Calyrex|move: Protect\n|-damage|p2b: Ogerpon|28/100\n|move|p1a: Incineroar|Parting Shot|p2a: Calyrex\n|-activate|p2a: Calyrex|move: Protect\n|\n|upkeep\n|turn|3\n|\n|t:|1745993354\n|switch|p2b: Clefairy|Clefairy, L50, F|100/100\n|-terastallize|p2a: Calyrex|Dark\n|move|p1b: Calyrex|Glacial Lance|p2a: Calyrex|[spread] p2a,p2b\n|-damage|p2a: Calyrex|50/100\n|-damage|p2b: Clefairy|54/100\n|move|p1a: Incineroar|Knock Off|p2a: Calyrex\n|-resisted|p2a: Calyrex\n|-damage|p2a: Calyrex|34/100\n|-enditem|p2a: Calyrex|Spooky Plate|[from] move: Knock Off|[of] p1a: Incineroar\n|move|p2a: Calyrex|Astral Barrage|p1a: Incineroar|[spread] p1a,p1b\n|-resisted|p1a: Incineroar\n|-crit|p1b: Calyrex\n|-damage|p1a: Incineroar|53/100\n|-damage|p1b: Calyrex|0 fnt\n|faint|p1b: Calyrex\n|-ability|p2a: Calyrex|Grim Neigh|boost\n|-boost|p2a: Calyrex|spa|1\n|\n|upkeep\n|\n|t:|1745993374\n|switch|p1b: Dialga|Dialga-Origin, L50|100/100\n|-ability|p1b: Dialga|Pressure\n|turn|4\n|\n|t:|1745993433\n|switch|p2b: Ogerpon|Ogerpon-Hearthflame, L50, F|28/100\n|-ability|p2b: Ogerpon|Mold Breaker\n|move|p2a: Calyrex|Protect|p2a: Calyrex\n|-singleturn|p2a: Calyrex|Protect\n|move|p1a: Incineroar|Taunt|p2a: Calyrex\n|-activate|p2a: Calyrex|move: Protect\n|move|p1b: Dialga|Flash Cannon|p2b: Ogerpon\n|-resisted|p2b: Ogerpon\n|-damage|p2b: Ogerpon|0 fnt\n|faint|p2b: Ogerpon\n|\n|upkeep\n|\n|t:|1745993434\n|switch|p2b: Rillaboom|Rillaboom, L50, F|100/100\n|-fieldstart|move: Grassy Terrain|[from] ability: Grassy Surge|[of] p2b: Rillaboom\n|turn|5\n|\n|t:|1745993476\n|move|p2b: Rillaboom|Fake Out|p1b: Dialga\n|-resisted|p1b: Dialga\n|-damage|p1b: Dialga|95/100\n|move|p1a: Incineroar|Parting Shot|p2a: Calyrex\n|-unboost|p2a: Calyrex|atk|1\n|-unboost|p2a: Calyrex|spa|1\n|\n|t:|1745993482\n|switch|p1a: Raging Bolt|Raging Bolt, L50|100/100|[from] Parting Shot\n|-enditem|p1a: Raging Bolt|Booster Energy\n|-activate|p1a: Raging Bolt|ability: Protosynthesis|[fromitem]\n|-start|p1a: Raging Bolt|protosynthesisspa\n|cant|p1b: Dialga|flinch\n|move|p2a: Calyrex|Astral Barrage|p1a: Raging Bolt|[spread] p1a,p1b\n|-damage|p1a: Raging Bolt|8/100\n|-damage|p1b: Dialga|24/100\n|\n|-heal|p1a: Raging Bolt|14/100|[from] Grassy Terrain\n|-heal|p1b: Dialga|29/100|[from] Grassy Terrain\n|-heal|p2a: Calyrex|40/100|[from] Grassy Terrain\n|-fieldend|move: Trick Room\n|upkeep\n|turn|6\n|\n|t:|1745993495\n|move|p2a: Calyrex|Protect|p2a: Calyrex\n|-singleturn|p2a: Calyrex|Protect\n|move|p1a: Raging Bolt|Thunderclap||[still]\n|-fail|p1a: Raging Bolt\n|move|p2b: Rillaboom|U-turn|p1a: Raging Bolt\n|-damage|p1a: Raging Bolt|0 fnt\n|faint|p1a: Raging Bolt\n|-end|p1a: Raging Bolt|Protosynthesis|[silent]\n|\n|t:|1745993502\n|switch|p2b: Clefairy|Clefairy, L50, F|54/100|[from] U-turn\n|move|p1b: Dialga|Trick Room|p1b: Dialga\n|-fieldstart|move: Trick Room|[of] p1b: Dialga\n|\n|-heal|p2b: Clefairy|60/100|[from] Grassy Terrain\n|-heal|p1b: Dialga|35/100|[from] Grassy Terrain\n|-heal|p2a: Calyrex|45/100|[from] Grassy Terrain\n|upkeep\n|\n|t:|1745993508\n|switch|p1a: Incineroar|Incineroar, L50, M|53/100\n|-ability|p1a: Incineroar|Intimidate|boost\n|-unboost|p2a: Calyrex|atk|1\n|-unboost|p2b: Clefairy|atk|1\n|turn|7\n|\n|t:|1745993558\n|switch|p2a: Rillaboom|Rillaboom, L50, F|100/100\n|move|p1a: Incineroar|Fake Out|p2a: Rillaboom\n|-damage|p2a: Rillaboom|92/100\n|move|p2b: Clefairy|Heal Pulse|p2a: Rillaboom\n|-heal|p2a: Rillaboom|100/100\n|move|p1b: Dialga|Flash Cannon|p2a: Rillaboom\n|-damage|p2a: Rillaboom|67/100\n|\n|-heal|p2b: Clefairy|65/100|[from] Grassy Terrain\n|-heal|p1a: Incineroar|59/100|[from] Grassy Terrain\n|-heal|p1b: Dialga|41/100|[from] Grassy Terrain\n|-heal|p2a: Rillaboom|73/100|[from] Grassy Terrain\n|upkeep\n|turn|8\n|\n|t:|1745993582\n|move|p2a: Rillaboom|Fake Out|p1b: Dialga\n|-resisted|p1b: Dialga\n|-damage|p1b: Dialga|36/100\n|move|p2b: Clefairy|Heal Pulse|p2a: Rillaboom\n|-heal|p2a: Rillaboom|100/100\n|move|p1a: Incineroar|Knock Off|p2a: Rillaboom\n|-damage|p2a: Rillaboom|71/100\n|-enditem|p2a: Rillaboom|Assault Vest|[from] move: Knock Off|[of] p1a: Incineroar\n|cant|p1b: Dialga|flinch\n|\n|-heal|p2b: Clefairy|71/100|[from] Grassy Terrain\n|-heal|p1a: Incineroar|65/100|[from] Grassy Terrain\n|-heal|p1b: Dialga|42/100|[from] Grassy Terrain\n|-heal|p2a: Rillaboom|77/100|[from] Grassy Terrain\n|upkeep\n|turn|9\n|\n|t:|1745993605\n|move|p2b: Clefairy|Protect|p2b: Clefairy\n|-singleturn|p2b: Clefairy|Protect\n|move|p1a: Incineroar|Taunt|p2b: Clefairy\n|-activate|p2b: Clefairy|move: Protect\n|move|p1b: Dialga|Dragon Pulse|p2a: Rillaboom\n|-damage|p2a: Rillaboom|29/100\n|move|p2a: Rillaboom|U-turn|p1b: Dialga\n|-resisted|p1b: Dialga\n|-damage|p1b: Dialga|33/100\n|\n|t:|1745993613\n|switch|p2a: Calyrex|Calyrex-Shadow, L50, tera:Dark|45/100|[from] U-turn\n|-ability|p2a: Calyrex|As One\n|-ability|p2a: Calyrex|Unnerve\n|\n|-heal|p2b: Clefairy|77/100|[from] Grassy Terrain\n|-heal|p1a: Incineroar|71/100|[from] Grassy Terrain\n|-heal|p1b: Dialga|39/100|[from] Grassy Terrain\n|-heal|p2a: Calyrex|51/100|[from] Grassy Terrain\n|-fieldend|move: Grassy Terrain\n|upkeep\n|turn|10\n|\n|t:|1745993636\n|switch|p2b: Rillaboom|Rillaboom, L50, F|29/100\n|-fieldstart|move: Grassy Terrain|[from] ability: Grassy Surge|[of] p2b: Rillaboom\n|move|p2a: Calyrex|Protect|p2a: Calyrex\n|-singleturn|p2a: Calyrex|Protect\n|move|p1a: Incineroar|Taunt|p2b: Rillaboom\n|-start|p2b: Rillaboom|move: Taunt\n|move|p1b: Dialga|Dragon Pulse|p2a: Calyrex\n|-activate|p2a: Calyrex|move: Protect\n|\n|-heal|p1a: Incineroar|77/100|[from] Grassy Terrain\n|-heal|p1b: Dialga|45/100|[from] Grassy Terrain\n|-heal|p2b: Rillaboom|35/100|[from] Grassy Terrain\n|-heal|p2a: Calyrex|57/100|[from] Grassy Terrain\n|-fieldend|move: Trick Room\n|upkeep\n|turn|11\n|-message|theicemaster forfeited.\n|\n|win|astral sun\n||theicemaster is ready for game 2.\n|inactive|astral sun has 30 seconds to confirm battle start!\n||astral sun is ready for game 2.\n|uhtml|next|Next: <a href=\"/battle-gen9vgc2025regibo3-2353750541\"><strong>Game 2 of 3</strong></a>\n|l|\u2606astral sun\n|player|p2|\n|l|\u2606theicemaster\n|player|p1|\n|j|\u2606astral sun\n|player|p2|astral sun|blaine|\n|l|\u2606astral sun\n|player|p2|\n", "uploadtime": 1745993800, "views": 15, "formatid": "gen9vgc2025regibo3", "rating": null, "private": 0, "password": null}