{"id": "gen9vgc2025regibo3-2353417079", "format": "[Gen 9] VGC 2025 Reg I (Bo3)", "players": ["MMcookiegamer", "AJ34"], "log": "|j|\u2606MMcookiegamer\n|j|\u2606AJ34\n|html|<table width=\"100%\"><tr><td align=\"left\">MMcookiegamer</td><td align=\"right\">AJ34</tr><tr><td align=\"left\"><i class=\"fa fa-circle-o\"></i> <i class=\"fa fa-circle-o\"></i> </td><td align=\"right\"><i class=\"fa fa-circle-o\"></i> <i class=\"fa fa-circle-o\"></i> </tr></table>\n|uhtml|bestof|<h2><strong>Game 1</strong> of <a href=\"/game-bestof3-gen9vgc2025regibo3-2353417078\">a best-of-3</a></h2>\n|t:|1745954097\n|gametype|doubles\n|player|p1|MMcookiegamer|yellow|1112\n|player|p2|AJ34|265|1221\n|teamsize|p1|6\n|teamsize|p2|6\n|gen|9\n|tier|[Gen 9] VGC 2025 Reg I (Bo3)\n|rated|\n|rule|Species Clause: Limit one of each Pok\u00e9mon\n|rule|Item Clause: Limit 1 of each item\n|clearpoke\n|poke|p1|Calyrex-Shadow, L50|\n|poke|p1|Chi-Yu, L50|\n|poke|p1|Miraidon, L50|\n|poke|p1|Whimsicott, L50, M|\n|poke|p1|Urshifu-*, L50, F|\n|poke|p1|Iron Hands, L50|\n|poke|p2|Terapagos, L50, M|\n|poke|p2|Incineroar, L50, M|\n|poke|p2|Rillaboom, L50, M|\n|poke|p2|Ogerpon-Cornerstone, L50, F|\n|poke|p2|Flutter Mane, L50|\n|poke|p2|Calyrex-Shadow, L50|\n|teampreview|4\n|showteam|p1|Calyrex-Shadow||FocusSash|AsOneSpectrier|AstralBarrage,Psychic,Protect,NastyPlot||||||50|,,,,,Water]Chi-Yu||ChoiceScarf|BeadsofRuin|Overheat,HeatWave,DarkPulse,Snarl||||||50|,,,,,Ghost]Miraidon||ChoiceSpecs|HadronEngine|DracoMeteor,ElectroDrift,DazzlingGleam,VoltSwitch||||||50|,,,,,Fairy]Whimsicott||CovertCloak|Prankster|Moonblast,Tailwind,Encore,LightScreen|||M|||50|,,,,,Dark]Urshifu-Rapid-Strike||MysticWater|UnseenFist|CloseCombat,AquaJet,SurgingStrikes,Detect|||F|||50|,,,,,Water]Iron Hands||AssaultVest|QuarkDrive|DrainPunch,LowKick,HeavySlam,FakeOut||||||50|,,,,,Water\n|showteam|p2|Terapagos||Leftovers|TeraShift|TeraStarstorm,Protect,CalmMind,EarthPower|||M|||50|,,,,,Stellar]Incineroar||RockyHelmet|Intimidate|KnockOff,FakeOut,PartingShot,WillOWisp|||M|||50|,,,,,Bug]Rillaboom||AssaultVest|GrassySurge|GrassyGlide,WoodHammer,FakeOut,Uturn|||M|||50|,,,,,Grass]Ogerpon-Cornerstone||CornerstoneMask|Sturdy|IvyCudgel,SpikyShield,FollowMe,PowerWhip|||F|||50|,,,,,Rock]Flutter Mane||BoosterEnergy|Protosynthesis|Moonblast,IcyWind,ThunderWave,Taunt||||||50|,,,,,Fairy]Calyrex-Shadow||FocusSash|AsOneSpectrier|AstralBarrage,Protect,Disable,PollenPuff||||||50|,,,,,Ghost\n|\n|t:|1745954138\n|start\n|switch|p1a: Pluisbal|Whimsicott, L50, M|100/100\n|switch|p1b: Vissie|Chi-Yu, L50|100/100\n|switch|p2a: Terapagos|Terapagos, L50, M|100/100\n|switch|p2b: Flutter Mane|Flutter Mane, L50|100/100\n|-activate|p2a: Terapagos|ability: Tera Shift\n|detailschange|p2a: Terapagos|Terapagos-Terastal, L50, M\n|-heal|p2a: Terapagos|100/100|[silent]\n|-ability|p1b: Vissie|Beads of Ruin\n|-enditem|p2b: Flutter Mane|Booster Energy\n|-activate|p2b: Flutter Mane|ability: Protosynthesis|[fromitem]\n|-start|p2b: Flutter Mane|protosynthesisspe\n|turn|1\n|\n|t:|1745954161\n|-terastallize|p2a: Terapagos|Stellar\n|detailschange|p2a: Terapagos|Terapagos-Stellar, L50, M, tera:Stellar\n|-heal|p2a: Terapagos|100/100|[silent]\n|move|p1a: Pluisbal|Tailwind|p1a: Pluisbal\n|-sidestart|p1: MMcookiegamer|move: Tailwind\n|move|p1b: Vissie|Snarl|p2a: Terapagos|[spread] p2a,p2b\n|-damage|p2a: Terapagos|81/100\n|-damage|p2b: Flutter Mane|66/100\n|-unboost|p2a: Terapagos|spa|1\n|-unboost|p2b: Flutter Mane|spa|1\n|move|p2b: Flutter Mane|Thunder Wave|p1b: Vissie\n|-status|p1b: Vissie|par\n|move|p2a: Terapagos|Tera Starstorm|p1b: Vissie|[spread] p1a,p1b\n|-damage|p1a: Pluisbal|64/100\n|-damage|p1b: Vissie|71/100 par\n|\n|-heal|p2a: Terapagos|87/100|[from] item: Leftovers\n|upkeep\n|turn|2\n|\n|t:|1745954184\n|switch|p2a: Rillaboom|Rillaboom, L50, M, shiny|100/100\n|-fieldstart|move: Grassy Terrain|[from] ability: Grassy Surge|[of] p2a: Rillaboom\n|move|p1a: Pluisbal|Light Screen|p1a: Pluisbal\n|-sidestart|p1: MMcookiegamer|move: Light Screen\n|move|p2b: Flutter Mane|Icy Wind|p1b: Vissie|[spread] p1a,p1b\n|-supereffective|p1a: Pluisbal\n|-resisted|p1b: Vissie\n|-damage|p1a: Pluisbal|44/100\n|-damage|p1b: Vissie|67/100 par\n|-unboost|p1b: Vissie|spe|1\n|move|p1b: Vissie|Snarl|p2a: Rillaboom|[spread] p2a,p2b\n|-damage|p2a: Rillaboom|75/100\n|-damage|p2b: Flutter Mane|31/100\n|-unboost|p2a: Rillaboom|spa|1\n|-unboost|p2b: Flutter Mane|spa|1\n|\n|-heal|p1a: Pluisbal|50/100|[from] Grassy Terrain\n|-heal|p2b: Flutter Mane|37/100|[from] Grassy Terrain\n|-heal|p1b: Vissie|74/100 par|[from] Grassy Terrain\n|-heal|p2a: Rillaboom|81/100|[from] Grassy Terrain\n|upkeep\n|turn|3\n|\n|t:|1745954209\n|move|p1a: Pluisbal|Moonblast|p2b: Flutter Mane\n|-damage|p2b: Flutter Mane|0 fnt\n|faint|p2b: Flutter Mane\n|-end|p2b: Flutter Mane|Protosynthesis|[silent]\n|cant|p1b: Vissie|par\n|move|p2a: Rillaboom|Wood Hammer|p1b: Vissie\n|-resisted|p1b: Vissie\n|-damage|p1b: Vissie|7/100 par\n|-damage|p2a: Rillaboom|67/100|[from] Recoil\n|\n|-heal|p1a: Pluisbal|56/100|[from] Grassy Terrain\n|-heal|p1b: Vissie|13/100 par|[from] Grassy Terrain\n|-heal|p2a: Rillaboom|73/100|[from] Grassy Terrain\n|upkeep\n|\n|t:|1745954217\n|switch|p2b: Terapagos|Terapagos-Stellar, L50, M, tera:Stellar|87/100\n|turn|4\n|\n|t:|1745954229\n|move|p2a: Rillaboom|Grassy Glide|p1b: Vissie\n|-resisted|p1b: Vissie\n|-damage|p1b: Vissie|0 fnt\n|faint|p1b: Vissie\n|move|p1a: Pluisbal|Moonblast|p2b: Terapagos\n|-damage|p2b: Terapagos|72/100\n|move|p2b: Terapagos|Tera Starstorm|p1a: Pluisbal\n|-damage|p1a: Pluisbal|23/100\n|\n|-heal|p1a: Pluisbal|29/100|[from] Grassy Terrain\n|-heal|p2b: Terapagos|78/100|[from] Grassy Terrain\n|-heal|p2b: Terapagos|84/100|[from] item: Leftovers\n|-heal|p2a: Rillaboom|79/100|[from] Grassy Terrain\n|-sideend|p1: MMcookiegamer|move: Tailwind\n|upkeep\n|\n|t:|1745954235\n|switch|p1b: Vroem Vroem|Miraidon, L50|100/100\n|-fieldstart|move: Electric Terrain|[from] ability: Hadron Engine|[of] p1b: Vroem Vroem\n|turn|5\n|\n|t:|1745954247\n|move|p1a: Pluisbal|Encore|p2a: Rillaboom\n|-start|p2a: Rillaboom|Encore\n|move|p1b: Vroem Vroem|Electro Drift|p2b: Terapagos\n|-damage|p2b: Terapagos|0 fnt\n|faint|p2b: Terapagos\n|move|p2a: Rillaboom|Grassy Glide|p1a: Pluisbal\n|-resisted|p1a: Pluisbal\n|-damage|p1a: Pluisbal|10/100\n|\n|upkeep\n|\n|t:|1745954254\n|switch|p2b: Ogerpon|Ogerpon-Cornerstone, L50, F|100/100\n|turn|6\n|\n|t:|1745954341\n|move|p1b: Vroem Vroem|Electro Drift|p2b: Ogerpon\n|-resisted|p2b: Ogerpon\n|-damage|p2b: Ogerpon|18/100\n|move|p2b: Ogerpon|Ivy Cudgel|p1b: Vroem Vroem|[anim] Ivy Cudgel Rock\n|-crit|p1b: Vroem Vroem\n|-damage|p1b: Vroem Vroem|23/100\n|move|p1a: Pluisbal|Moonblast|p2b: Ogerpon\n|-damage|p2b: Ogerpon|0 fnt\n|faint|p2b: Ogerpon\n|move|p2a: Rillaboom|Grassy Glide|p1a: Pluisbal\n|-resisted|p1a: Pluisbal\n|-damage|p1a: Pluisbal|0 fnt\n|faint|p1a: Pluisbal\n|\n|-sideend|p1: MMcookiegamer|move: Light Screen\n|upkeep\n|\n|t:|1745954349\n|switch|p1a: Calyrex|Calyrex-Shadow, L50|100/100\n|-ability|p1a: Calyrex|As One\n|-ability|p1a: Calyrex|Unnerve\n|turn|7\n|\n|t:|1745954354\n|move|p1a: Calyrex|Astral Barrage|p2a: Rillaboom\n|-damage|p2a: Rillaboom|15/100\n|move|p1b: Vroem Vroem|Electro Drift|p2a: Rillaboom\n|-resisted|p2a: Rillaboom\n|-damage|p2a: Rillaboom|0 fnt\n|faint|p2a: Rillaboom\n|\n|win|MMcookiegamer\n||AJ34 is ready for game 2.\n||MMcookiegamer is ready for game 2.\n|uhtml|next|Next: <a href=\"/battle-gen9vgc2025regibo3-2353420022\"><strong>Game 2 of 3</strong></a>\n", "uploadtime": 1745954363, "views": 10, "formatid": "gen9vgc2025regibo3", "rating": null, "private": 0, "password": null}