{"id": "gen9vgc2025regibo3-2354864999", "format": "[Gen 9] VGC 2025 Reg I (Bo3)", "players": ["kingt08y_981", "Doofusburger666"], "log": "|j|\u2606kingt08y_981\n|j|\u2606Doofusburger666\n|html|<table width=\"100%\"><tr><td align=\"left\">kingt08y_981</td><td align=\"right\">Doofusburger666</tr><tr><td align=\"left\"><i class=\"fa fa-circle\"></i> <i class=\"fa fa-circle-o\"></i> </td><td align=\"right\"><i class=\"fa fa-circle-o\"></i> <i class=\"fa fa-circle-o\"></i> </tr></table>\n|uhtml|bestof|<h2><strong>Game 2</strong> of <a href=\"/game-bestof3-gen9vgc2025regibo3-2354861819\">a best-of-3</a></h2>\n|t:|1746126526\n|gametype|doubles\n|player|p1|kingt08y_981|marshal|1082\n|player|p2|Doofusburger666|roxie|1035\n|teamsize|p1|6\n|teamsize|p2|6\n|gen|9\n|tier|[Gen 9] VGC 2025 Reg I (Bo3)\n|rated|\n|rule|Species Clause: Limit one of each Pok\u00e9mon\n|rule|Item Clause: Limit 1 of each item\n|clearpoke\n|poke|p1|Urshifu-*, L50, M|\n|poke|p1|Incineroar, L50, M|\n|poke|p1|Kyogre, L50|\n|poke|p1|Amoonguss, L50, F|\n|poke|p1|Tornadus, L50, M|\n|poke|p1|Ditto, L50|\n|poke|p2|Toxtricity, L50, F|\n|poke|p2|Bastiodon, L50, F|\n|poke|p2|Scrafty, L50, F|\n|poke|p2|Calyrex-Ice, L50|\n|poke|p2|Rabsca, L50, F|\n|poke|p2|Dialga-Origin, L50|\n|teampreview|4\n|showteam|p1|Urshifu-Rapid-Strike||ChoiceBand|UnseenFist|CloseCombat,SurgingStrikes,AquaJet,Protect|||M|||50|,,,,,Fighting]Incineroar||AssaultVest|Intimidate|KnockOff,FakeOut,FlareBlitz,WillOWisp|||M|||50|,,,,,Grass]Kyogre||HeavyDutyBoots|Drizzle|CalmMind,OriginPulse,Protect,Thunder||||||50|,,,,,Fairy]Amoonguss||RockyHelmet|Regenerator|PollenPuff,Protect,RagePowder,Spore|||F|||50|,,,,,Fairy]Tornadus||FocusSash|Defiant|BleakwindStorm,Tailwind,HeatWave,KnockOff|||M|||50|,,,,,Ground]Ditto||ChoiceScarf|Imposter|Transform||||||50|,,,,,Ghost\n|showteam|p2|Toxtricity||ThroatSpray|PunkRock|Boomburst,Overdrive,SludgeWave,VoltSwitch|||F|||50|,,,,,Normal]Bastiodon||Leftovers|Soundproof|BodyPress,IronDefense,WideGuard,Protect|||F|||50|,,,,,Fighting]Scrafty||EjectButton|Intimidate|KnockOff,CloseCombat,Coaching,FakeOut|||F|||50|,,,,,Poison]Calyrex-Ice||ClearAmulet|AsOneGlastrier|GlacialLance,HighHorsepower,TrickRoom,Protect||||||50|,,,,,Ghost]Rabsca||MentalHerb|Synchronize|Recover,BugBuzz,TrickRoom,RevivalBlessing|||F|||50|,,,,,Bug]Dialga-Origin||AdamantCrystal|Telepathy|DracoMeteor,FlashCannon,TrickRoom,AncientPower||||||50|,,,,,Steel\n|j| Porygon-EpilepZ\n|\n|t:|1746126567\n|start\n|switch|p1a: Incineroar|Incineroar, L50, M|100/100\n|switch|p1b: Kyogre|Kyogre, L50|100/100\n|switch|p2a: Toxtricity|Toxtricity, L50, F, shiny|100/100\n|switch|p2b: Scrafty|Scrafty, L50, F, shiny|100/100\n|-weather|RainDance|[from] ability: Drizzle|[of] p1b: Kyogre\n|-ability|p1a: Incineroar|Intimidate|boost\n|-unboost|p2a: Toxtricity|atk|1\n|-unboost|p2b: Scrafty|atk|1\n|-ability|p2b: Scrafty|Intimidate|boost\n|-unboost|p1a: Incineroar|atk|1\n|-unboost|p1b: Kyogre|atk|1\n|turn|1\n|\n|t:|1746126598\n|move|p1a: Incineroar|Fake Out|p2a: Toxtricity\n|-damage|p2a: Toxtricity|92/100\n|move|p2b: Scrafty|Fake Out|p1b: Kyogre\n|-damage|p1b: Kyogre|94/100\n|cant|p1b: Kyogre|flinch\n|cant|p2a: Toxtricity|flinch\n|\n|-weather|RainDance|[upkeep]\n|upkeep\n|turn|2\n|\n|t:|1746126624\n|-terastallize|p1b: Kyogre|Fairy\n|move|p1b: Kyogre|Origin Pulse|p2b: Scrafty|[spread] p2a,p2b\n|-damage|p2a: Toxtricity|12/100\n|-damage|p2b: Scrafty|45/100\n|-enditem|p2b: Scrafty|Eject Button\n|\n|t:|1746126634\n|switch|p2b: Dialga|Dialga-Origin, L50|100/100\n|move|p2a: Toxtricity|Overdrive|p1a: Incineroar|[spread] p1a,p1b\n|-damage|p1a: Incineroar|80/100\n|-damage|p1b: Kyogre|67/100\n|-enditem|p2a: Toxtricity|Throat Spray\n|-boost|p2a: Toxtricity|spa|1|[from] item: Throat Spray\n|move|p1a: Incineroar|Knock Off|p2a: Toxtricity\n|-damage|p2a: Toxtricity|0 fnt\n|faint|p2a: Toxtricity\n|\n|-weather|RainDance|[upkeep]\n|upkeep\n|\n|t:|1746126645\n|switch|p2a: Scrafty|Scrafty, L50, F, shiny|45/100\n|-ability|p2a: Scrafty|Intimidate|boost\n|-unboost|p1a: Incineroar|atk|1\n|-unboost|p1b: Kyogre|atk|1\n|turn|3\n|\n|t:|1746126665\n|switch|p1a: Ditto|Ditto, L50|100/100\n|-transform|p1a: Ditto|p2b: Dialga|[from] ability: Imposter\n|move|p2a: Scrafty|Fake Out|p1b: Kyogre\n|-damage|p1b: Kyogre|58/100\n|cant|p1b: Kyogre|flinch\n|move|p2b: Dialga|Flash Cannon|p1b: Kyogre\n|-supereffective|p1b: Kyogre\n|-damage|p1b: Kyogre|0 fnt\n|faint|p1b: Kyogre\n|\n|-weather|RainDance|[upkeep]\n|upkeep\n|\n|t:|1746126681\n|switch|p1b: Incineroar|Incineroar, L50, M|80/100\n|-ability|p1b: Incineroar|Intimidate|boost\n|-unboost|p2a: Scrafty|atk|1\n|-unboost|p2b: Dialga|atk|1\n|turn|4\n|\n|t:|1746126699\n|switch|p2a: Calyrex|Calyrex-Ice, L50|100/100\n|-ability|p2a: Calyrex|As One\n|-ability|p2a: Calyrex|Unnerve\n|-terastallize|p2b: Dialga|Steel\n|move|p1b: Incineroar|Fake Out|p2b: Dialga\n|-resisted|p2b: Dialga\n|-damage|p2b: Dialga|97/100\n|move|p1a: Ditto|Draco Meteor|p2b: Dialga\n|-resisted|p2b: Dialga\n|-damage|p2b: Dialga|68/100\n|-unboost|p1a: Ditto|spa|2\n|cant|p2b: Dialga|flinch\n|\n|-weather|RainDance|[upkeep]\n|upkeep\n|turn|5\n|\n|t:|1746126738\n|move|p2a: Calyrex|Protect|p2a: Calyrex\n|-singleturn|p2a: Calyrex|Protect\n|move|p1a: Ditto|Draco Meteor|p2a: Calyrex\n|-activate|p2a: Calyrex|move: Protect\n|move|p1b: Incineroar|Flare Blitz|p2a: Calyrex\n|-activate|p2a: Calyrex|move: Protect\n|move|p2b: Dialga|Trick Room|p2b: Dialga\n|-fieldstart|move: Trick Room|[of] p2b: Dialga\n|\n|-weather|none\n|upkeep\n|turn|6\n|\n|t:|1746126756\n|move|p2a: Calyrex|High Horsepower|p1b: Incineroar\n|-supereffective|p1b: Incineroar\n|-damage|p1b: Incineroar|18/100\n|move|p1b: Incineroar|Flare Blitz|p2b: Dialga\n|-supereffective|p2b: Dialga\n|-damage|p2b: Dialga|0 fnt\n|faint|p2b: Dialga\n|-damage|p1b: Incineroar|0 fnt|[from] Recoil\n|faint|p1b: Incineroar\n|move|p1a: Ditto|Draco Meteor|p2a: Calyrex\n|-damage|p2a: Calyrex|69/100\n|-unboost|p1a: Ditto|spa|2\n|\n|upkeep\n|\n|t:|1746126772\n|switch|p1b: Urshifu|Urshifu-Rapid-Strike, L50, M|100/100\n|switch|p2b: Scrafty|Scrafty, L50, F, shiny|45/100\n|-ability|p2b: Scrafty|Intimidate|boost\n|-unboost|p1a: Ditto|atk|1\n|-unboost|p1b: Urshifu|atk|1\n|turn|7\n|\n|t:|1746126794\n|move|p2b: Scrafty|Fake Out|p1b: Urshifu\n|-damage|p1b: Urshifu|88/100\n|move|p2a: Calyrex|Glacial Lance|p1a: Ditto|[spread] p1a,p1b\n|-resisted|p1b: Urshifu\n|-damage|p1a: Ditto|46/100\n|-damage|p1b: Urshifu|56/100\n|cant|p1b: Urshifu|flinch\n|move|p1a: Ditto|Draco Meteor|p2b: Scrafty\n|-damage|p2b: Scrafty|20/100\n|-unboost|p1a: Ditto|spa|2\n|\n|upkeep\n|turn|8\n|\n|t:|1746126824\n|move|p2b: Scrafty|Close Combat|p1b: Urshifu\n|-damage|p1b: Urshifu|1/100\n|-unboost|p2b: Scrafty|def|1\n|-unboost|p2b: Scrafty|spd|1\n|move|p2a: Calyrex|Glacial Lance|p1a: Ditto|[spread] p1a,p1b\n|-resisted|p1b: Urshifu\n|-damage|p1a: Ditto|0 fnt\n|-damage|p1b: Urshifu|0 fnt\n|faint|p1a: Ditto\n|faint|p1b: Urshifu\n|\n|win|Doofusburger666\n||Doofusburger666 is ready for game 3.\n|inactive|kingt08y_981 has 30 seconds to confirm battle start!\n|l|\u2606kingt08y_981\n|player|p1|\n||kingt08y_981 is ready for game 3.\n|uhtml|next|Next: <a href=\"/battle-gen9vgc2025regibo3-2354868398\"><strong>Game 3 of 3</strong></a>\n|l|\u2606Doofusburger666\n|player|p2|\n|l| Porygon-EpilepZ\n", "uploadtime": 1746127139, "views": 5, "formatid": "gen9vgc2025regibo3", "rating": null, "private": 0, "password": null}