{"id": "gen9vgc2025regibo3-2353917360", "format": "[Gen 9] VGC 2025 Reg I (Bo3)", "players": ["gxe901", "BencessoMerdolin2"], "log": "|j|\u2606gxe901\n|j|\u2606BencessoMerdolin2\n|html|<table width=\"100%\"><tr><td align=\"left\">gxe901</td><td align=\"right\">BencessoMerdolin2</tr><tr><td align=\"left\"><i class=\"fa fa-circle-o\"></i> <i class=\"fa fa-circle-o\"></i> </td><td align=\"right\"><i class=\"fa fa-circle-o\"></i> <i class=\"fa fa-circle-o\"></i> </tr></table>\n|uhtml|bestof|<h2><strong>Game 1</strong> of <a href=\"/game-bestof3-gen9vgc2025regibo3-2353917357\">a best-of-3</a></h2>\n|t:|1746018640\n|gametype|doubles\n|player|p1|gxe901|266|1000\n|player|p2|BencessoMerdolin2|265|1048\n|teamsize|p1|6\n|teamsize|p2|6\n|gen|9\n|tier|[Gen 9] VGC 2025 Reg I (Bo3)\n|rated|\n|rule|Species Clause: Limit one of each Pok\u00e9mon\n|rule|Item Clause: Limit 1 of each item\n|clearpoke\n|poke|p1|Eternatus, L50|\n|poke|p1|Tornadus, L50, M|\n|poke|p1|Rillaboom, L50, F|\n|poke|p1|Urshifu-*, L50, F|\n|poke|p1|Zamazenta-*, L50|\n|poke|p1|Volcarona, L50, M|\n|poke|p2|Ho-Oh, L50|\n|poke|p2|Landorus, L50, M|\n|poke|p2|Grimmsnarl, L50, M|\n|poke|p2|Iron Hands, L50|\n|poke|p2|Miraidon, L50|\n|poke|p2|Ditto, L50|\n|teampreview|4\n|showteam|p1|Eternatus||DragonFang|Pressure|DynamaxCannon,SludgeBomb,Recover,Protect||||||50|,,,,,Bug]Tornadus||FocusSash|Prankster|BleakwindStorm,Tailwind,RainDance,Taunt|||M|||50|,,,,,Ghost]Rillaboom||AssaultVest|GrassySurge|FakeOut,WoodHammer,GrassyGlide,Uturn|||F|||50|,,,,,Fire]Urshifu-Rapid-Strike||ChoiceScarf|UnseenFist|SurgingStrikes,CloseCombat,Uturn,AquaJet|||F|||50|,,,,,Ghost]Zamazenta-Crowned||RustedShield|DauntlessShield|behemothbash,BodyPress,WideGuard,Protect||||||50|,,,,,Dragon]Volcarona||RockyHelmet|FlameBody|StruggleBug,RagePowder,Flamethrower,WillOWisp|||M|||50|,,,,,Water\n|showteam|p2|Ho-Oh||ClearAmulet|Regenerator|SacredFire,Tailwind,BraveBird,Protect||||||50|,,,,,Fairy]Landorus||LifeOrb|SheerForce|EarthPower,SandsearStorm,SludgeBomb,Protect|||M|||50|,,,,,Water]Grimmsnarl||LightClay|Prankster|SpiritBreak,Reflect,LightScreen,ThunderWave|||M|||50|,,,,,Ghost]Iron Hands||AssaultVest|QuarkDrive|LowKick,DrainPunch,FakeOut,WildCharge||||||50|,,,,,Bug]Miraidon||ChoiceSpecs|HadronEngine|ElectroDrift,DracoMeteor,VoltSwitch,DazzlingGleam||||||50|,,,,,Fairy]Ditto||FocusSash|Imposter|Transform||||||50|,,,,,Normal\n|\n|t:|1746018689\n|start\n|switch|p1a: Rillaboom|Rillaboom, L50, F|100/100\n|switch|p1b: Urshifu|Urshifu-Rapid-Strike, L50, F|100/100\n|switch|p2a: Grimmsnarl|Grimmsnarl, L50, M|100/100\n|switch|p2b: Ho-Oh|Ho-Oh, L50|100/100\n|-fieldstart|move: Grassy Terrain|[from] ability: Grassy Surge|[of] p1a: Rillaboom\n|turn|1\n|\n|t:|1746018728\n|switch|p2a: Ditto|Ditto, L50|100/100\n|-transform|p2a: Ditto|p1b: Urshifu|[from] ability: Imposter\n|move|p1a: Rillaboom|Fake Out|p2b: Ho-Oh\n|-damage|p2b: Ho-Oh|88/100\n|move|p1b: Urshifu|Surging Strikes|p2b: Ho-Oh\n|-supereffective|p2b: Ho-Oh\n|-crit|p2b: Ho-Oh\n|-damage|p2b: Ho-Oh|47/100\n|-supereffective|p2b: Ho-Oh\n|-crit|p2b: Ho-Oh\n|-damage|p2b: Ho-Oh|9/100\n|-supereffective|p2b: Ho-Oh\n|-crit|p2b: Ho-Oh\n|-damage|p2b: Ho-Oh|0 fnt\n|faint|p2b: Ho-Oh\n|-hitcount|p2: Ho-Oh|3\n|\n|upkeep\n|\n|t:|1746018743\n|switch|p2b: Grimmsnarl|Grimmsnarl, L50, M|100/100\n|turn|2\n|\n|t:|1746018774\n|switch|p1b: Eternatus|Eternatus, L50|100/100\n|-ability|p1b: Eternatus|Pressure\n|move|p2b: Grimmsnarl|Reflect|p2b: Grimmsnarl\n|-sidestart|p2: BencessoMerdolin2|Reflect\n|move|p2a: Ditto|Close Combat|p1a: Rillaboom\n|-damage|p1a: Rillaboom|27/100\n|-unboost|p2a: Ditto|def|1\n|-unboost|p2a: Ditto|spd|1\n|move|p1a: Rillaboom|U-turn|p2a: Ditto\n|-resisted|p2a: Ditto\n|-damage|p2a: Ditto|86/100\n|\n|t:|1746018789\n|switch|p1a: Urshifu|Urshifu-Rapid-Strike, L50, F|100/100|[from] U-turn\n|\n|-heal|p2a: Ditto|92/100|[from] Grassy Terrain\n|upkeep\n|turn|3\n|\n|t:|1746018812\n|switch|p2a: Miraidon|Miraidon, L50|100/100\n|-fieldstart|move: Electric Terrain|[from] ability: Hadron Engine|[of] p2a: Miraidon\n|move|p2b: Grimmsnarl|Thunder Wave|p1a: Urshifu\n|-status|p1a: Urshifu|par\n|move|p1b: Eternatus|Dynamax Cannon|p2a: Miraidon\n|-supereffective|p2a: Miraidon\n|-damage|p2a: Miraidon|0 fnt\n|faint|p2a: Miraidon\n|move|p1a: Urshifu|Surging Strikes|p2b: Grimmsnarl\n|-crit|p2b: Grimmsnarl\n|-damage|p2b: Grimmsnarl|76/100\n|-crit|p2b: Grimmsnarl\n|-damage|p2b: Grimmsnarl|54/100\n|-crit|p2b: Grimmsnarl\n|-damage|p2b: Grimmsnarl|30/100\n|-hitcount|p2b: Grimmsnarl|3\n|\n|upkeep\n|\n|t:|1746018829\n|switch|p2a: Ditto|Ditto, L50|92/100\n|-transform|p2a: Ditto|p1b: Eternatus|[from] ability: Imposter\n|-ability|p2a: Ditto|Pressure\n|turn|4\n|inactive|Battle timer is ON: inactive players will automatically lose when time's up. (requested by gxe901)\n|\n|t:|1746018876\n|-terastallize|p2a: Ditto|Normal\n|move|p1b: Eternatus|Protect|p1b: Eternatus\n|-singleturn|p1b: Eternatus|Protect\n|move|p2b: Grimmsnarl|Light Screen|p2b: Grimmsnarl\n|-sidestart|p2: BencessoMerdolin2|move: Light Screen\n|move|p2a: Ditto|Dynamax Cannon|p1a: Urshifu\n|-damage|p1a: Urshifu|11/100 par\n|move|p1a: Urshifu|Surging Strikes|p2b: Grimmsnarl\n|-crit|p2b: Grimmsnarl\n|-damage|p2b: Grimmsnarl|6/100\n|-crit|p2b: Grimmsnarl\n|-damage|p2b: Grimmsnarl|0 fnt\n|faint|p2b: Grimmsnarl\n|-hitcount|p2: Grimmsnarl|2\n|\n|upkeep\n|turn|5\n|inactive|gxe901 has 30 seconds left.\n|\n|t:|1746018904\n|switch|p1a: Zamazenta|Zamazenta-Crowned, L50|100/100\n|-ability|p1a: Zamazenta|Dauntless Shield|boost\n|-boost|p1a: Zamazenta|def|1\n|-terastallize|p1b: Eternatus|Bug\n|move|p1b: Eternatus|Dynamax Cannon|p2a: Ditto\n|-damage|p2a: Ditto|42/100\n|move|p2a: Ditto|Sludge Bomb|p1a: Zamazenta\n|-immune|p1a: Zamazenta\n|\n|upkeep\n|turn|6\n|\n|t:|1746018917\n|move|p2a: Ditto|Protect|p2a: Ditto\n|-singleturn|p2a: Ditto|Protect\n|move|p1a: Zamazenta|Body Press|p2a: Ditto\n|-activate|p2a: Ditto|move: Protect\n|move|p1b: Eternatus|Dynamax Cannon|p2a: Ditto\n|-activate|p2a: Ditto|move: Protect\n|\n|upkeep\n|turn|7\n|\n|t:|1746018924\n|move|p1a: Zamazenta|Body Press|p2a: Ditto\n|-supereffective|p2a: Ditto\n|-damage|p2a: Ditto|0 fnt\n|faint|p2a: Ditto\n|\n|win|gxe901\n||gxe901 is ready for game 2.\n", "uploadtime": 1746018929, "views": 10, "formatid": "gen9vgc2025regibo3", "rating": null, "private": 0, "password": null}