{"id": "gen9vgc2025regibo3-2353649437", "format": "[Gen 9] VGC 2025 Reg I (Bo3)", "players": ["riceballball", "bonnetwetrustin"], "log": "|j|\u2606riceballball\n|j|\u2606bonnetwetrustin\n|html|<table width=\"100%\"><tr><td align=\"left\">riceballball</td><td align=\"right\">bonnetwetrustin</tr><tr><td align=\"left\"><i class=\"fa fa-circle-o\"></i> <i class=\"fa fa-circle-o\"></i> </td><td align=\"right\"><i class=\"fa fa-circle-o\"></i> <i class=\"fa fa-circle-o\"></i> </tr></table>\n|uhtml|bestof|<h2><strong>Game 1</strong> of <a href=\"/game-bestof3-gen9vgc2025regibo3-2353649436\">a best-of-3</a></h2>\n|t:|1745978915\n|gametype|doubles\n|player|p1|riceballball|pokemaniac|1114\n|player|p2|bonnetwetrustin|170|1227\n|teamsize|p1|6\n|teamsize|p2|6\n|gen|9\n|tier|[Gen 9] VGC 2025 Reg I (Bo3)\n|rated|\n|rule|Species Clause: Limit one of each Pok\u00e9mon\n|rule|Item Clause: Limit 1 of each item\n|clearpoke\n|poke|p1|Lunala, L50|\n|poke|p1|Miraidon, L50|\n|poke|p1|Whimsicott, L50, M|\n|poke|p1|Incineroar, L50, F|\n|poke|p1|Ursaluna, L50, F|\n|poke|p1|Ogerpon-Cornerstone, L50, F|\n|poke|p2|Calyrex-Shadow, L50|\n|poke|p2|Koraidon, L50|\n|poke|p2|Indeedee-F, L50, F|\n|poke|p2|Flutter Mane, L50|\n|poke|p2|Chi-Yu, L50|\n|poke|p2|Brute Bonnet, L50|\n|teampreview|4\n|showteam|p1|Lunala||ElectricSeed|ShadowShield|MoongeistBeam,Moonblast,WideGuard,TrickRoom||||||50|,,,,,Fairy]Miraidon||ChoiceSpecs|HadronEngine|ElectroDrift,VoltSwitch,DracoMeteor,DazzlingGleam||||||50|,,,,,Fairy]Whimsicott||FocusSash|Prankster|Moonblast,Tailwind,Encore,Protect|||M|||50|,,,,,Ghost]Incineroar||RockyHelmet|Intimidate|PartingShot,KnockOff,WillOWisp,FakeOut|||F|||50|,,,,,Ghost]Ursaluna||FlameOrb|Guts|HeadlongRush,Earthquake,Facade,Protect|||F|||50|,,,,,Poison]Ogerpon-Cornerstone||CornerstoneMask|Sturdy|IvyCudgel,PowerWhip,FollowMe,SpikyShield|||F|||50|,,,,,Rock\n|showteam|p2|Calyrex-Shadow||LifeOrb|AsOneSpectrier|AstralBarrage,ExpandingForce,NastyPlot,Protect||||||50|,,,,,Dark]Koraidon||ClearAmulet|OrichalcumPulse|FlareBlitz,CollisionCourse,FlameCharge,Protect||||||50|,,,,,Fire]Indeedee-F||PsychicSeed|PsychicSurge|Psychic,FollowMe,HelpingHand,TrickRoom|||F|||50|,,,,,Water]Flutter Mane||FocusSash|Protosynthesis|Moonblast,ThunderWave,IcyWind,Protect||||||50|,,,,,Normal]Chi-Yu||ChoiceScarf|BeadsofRuin|HeatWave,DarkPulse,Overheat,Snarl||||||50|,,,,,Fire]Brute Bonnet||CovertCloak|Protosynthesis|SeedBomb,SuckerPunch,RagePowder,Spore||||||50|,,,,,Water\n|\n|t:|1745978995\n|start\n|switch|p1a: Lunala|Lunala, L50|100/100\n|switch|p1b: Miraidon|Miraidon, L50|100/100\n|switch|p2a: ChicknJockey|Calyrex-Shadow, L50|100/100\n|switch|p2b: The Nether|Indeedee-F, L50, F|100/100\n|-ability|p2a: ChicknJockey|As One\n|-ability|p2a: ChicknJockey|Unnerve\n|-fieldstart|move: Electric Terrain|[from] ability: Hadron Engine|[of] p1b: Miraidon\n|-enditem|p1a: Lunala|Electric Seed\n|-boost|p1a: Lunala|def|1|[from] item: Electric Seed\n|-fieldstart|move: Psychic Terrain|[from] ability: Psychic Surge|[of] p2b: The Nether\n|-enditem|p2b: The Nether|Psychic Seed\n|-boost|p2b: The Nether|spd|1|[from] item: Psychic Seed\n|turn|1\n|c|\u2606riceballball|chicken jockey\n|\n|t:|1745979044\n|move|p1a: Lunala|Wide Guard|p1a: Lunala\n|-singleturn|p1a: Lunala|Wide Guard\n|move|p2a: ChicknJockey|Astral Barrage|p1b: Miraidon|[spread] \n|-activate|p1a: Lunala|move: Wide Guard\n|-activate|p1b: Miraidon|move: Wide Guard\n|move|p1b: Miraidon|Electro Drift|p2a: ChicknJockey\n|-damage|p2a: ChicknJockey|10/100\n|move|p2b: The Nether|Psychic|p1b: Miraidon\n|-damage|p1b: Miraidon|66/100\n|\n|upkeep\n|turn|2\n|\n|t:|1745979069\n|move|p2a: ChicknJockey|Protect|p2a: ChicknJockey\n|-singleturn|p2a: ChicknJockey|Protect\n|move|p1a: Lunala|Wide Guard|p1a: Lunala\n|-singleturn|p1a: Lunala|Wide Guard\n|move|p1b: Miraidon|Electro Drift|p2a: ChicknJockey\n|-activate|p2a: ChicknJockey|move: Protect\n|move|p2b: The Nether|Psychic|p1b: Miraidon\n|-damage|p1b: Miraidon|34/100\n|\n|upkeep\n|turn|3\n|\n|t:|1745979093\n|move|p1a: Lunala|Wide Guard|p1a: Lunala\n|-singleturn|p1a: Lunala|Wide Guard\n|move|p2a: ChicknJockey|Astral Barrage|p1a: Lunala|[spread] \n|-activate|p1a: Lunala|move: Wide Guard\n|-activate|p1b: Miraidon|move: Wide Guard\n|move|p1b: Miraidon|Electro Drift|p2a: ChicknJockey\n|-damage|p2a: ChicknJockey|0 fnt\n|faint|p2a: ChicknJockey\n|move|p2b: The Nether|Psychic|p1b: Miraidon\n|-damage|p1b: Miraidon|0 fnt\n|faint|p1b: Miraidon\n|\n|upkeep\n|\n|t:|1745979111\n|switch|p2a: Ender Pearl|Flutter Mane, L50|100/100\n|switch|p1b: Incineroar|Incineroar, L50, F|100/100\n|-ability|p1b: Incineroar|Intimidate|boost\n|-unboost|p2a: Ender Pearl|atk|1\n|-unboost|p2b: The Nether|atk|1\n|turn|4\n|\n|t:|1745979129\n|move|p2a: Ender Pearl|Moonblast|p1a: Lunala\n|-damage|p1a: Lunala|82/100\n|move|p1b: Incineroar|Knock Off|p2a: Ender Pearl\n|-damage|p2a: Ender Pearl|17/100\n|-enditem|p2a: Ender Pearl|Focus Sash|[from] move: Knock Off|[of] p1b: Incineroar\n|move|p1a: Lunala|Trick Room|p1a: Lunala\n|-fieldstart|move: Trick Room|[of] p1a: Lunala\n|move|p2b: The Nether|Trick Room|p2b: The Nether\n|-fieldend|move: Trick Room\n|\n|upkeep\n|turn|5\n|c|\u2606riceballball|good play\n|\n|t:|1745979177\n|move|p2b: The Nether|Follow Me|p2b: The Nether\n|-singleturn|p2b: The Nether|move: Follow Me\n|move|p2a: Ender Pearl|Moonblast|p1a: Lunala\n|-damage|p1a: Lunala|47/100\n|move|p1a: Lunala|Moonblast|p2b: The Nether\n|-damage|p2b: The Nether|78/100\n|move|p1b: Incineroar|Knock Off|p2b: The Nether\n|-supereffective|p2b: The Nether\n|-damage|p2b: The Nether|28/100\n|\n|-fieldend|move: Psychic Terrain\n|upkeep\n|turn|6\n|\n|t:|1745979192\n|move|p2b: The Nether|Helping Hand|p2a: Ender Pearl\n|-singleturn|p2a: Ender Pearl|Helping Hand|[of] p2b: The Nether\n|move|p2a: Ender Pearl|Moonblast|p1a: Lunala\n|-damage|p1a: Lunala|0 fnt\n|faint|p1a: Lunala\n|move|p1b: Incineroar|Knock Off|p2a: Ender Pearl\n|-damage|p2a: Ender Pearl|0 fnt\n|faint|p2a: Ender Pearl\n|-end|p2a: Ender Pearl|Protosynthesis|[silent]\n|\n|upkeep\n|\n|t:|1745979196\n|switch|p2a: Comin In Hot|Koraidon, L50|100/100\n|switch|p1a: Ursaluna|Ursaluna, L50, F|100/100\n|-weather|SunnyDay|[from] ability: Orichalcum Pulse|[of] p2a: Comin In Hot\n|-activate|p2a: Comin In Hot|Orichalcum Pulse|[source]\n|turn|7\n|\n|t:|1745979249\n|-terastallize|p2a: Comin In Hot|Fire\n|-terastallize|p1b: Incineroar|Ghost\n|move|p2b: The Nether|Helping Hand|p2a: Comin In Hot\n|-singleturn|p2a: Comin In Hot|Helping Hand|[of] p2b: The Nether\n|move|p2a: Comin In Hot|Flare Blitz|p1a: Ursaluna\n|-damage|p1a: Ursaluna|0 fnt\n|faint|p1a: Ursaluna\n|-damage|p2a: Comin In Hot|61/100|[from] Recoil\n|move|p1b: Incineroar|Knock Off|p2a: Comin In Hot\n|-damage|p2a: Comin In Hot|27/100\n|-enditem|p2a: Comin In Hot|Clear Amulet|[from] move: Knock Off|[of] p1b: Incineroar\n|\n|-weather|SunnyDay|[upkeep]\n|upkeep\n|turn|8\n|\n|t:|1745979259\n|move|p2b: The Nether|Helping Hand|p2a: Comin In Hot\n|-singleturn|p2a: Comin In Hot|Helping Hand|[of] p2b: The Nether\n|move|p2a: Comin In Hot|Flare Blitz|p1b: Incineroar\n|-damage|p1b: Incineroar|0 fnt\n|-damage|p2a: Comin In Hot|11/100|[from] item: Rocky Helmet|[of] p1b: Incineroar\n|faint|p1b: Incineroar\n|-damage|p2a: Comin In Hot|0 fnt|[from] Recoil\n|faint|p2a: Comin In Hot\n|\n|win|bonnetwetrustin\n||riceballball is ready for game 2.\n|inactive|bonnetwetrustin has 30 seconds to confirm battle start!\n||bonnetwetrustin is ready for game 2.\n|uhtml|next|Next: <a href=\"/battle-gen9vgc2025regibo3-2353652386\"><strong>Game 2 of 3</strong></a>\n|l|\u2606riceballball\n|player|p1|\n", "uploadtime": 1745979638, "views": 31, "formatid": "gen9vgc2025regibo3", "rating": null, "private": 0, "password": null}