{"id": "gen9vgc2025regibo3-2355123046", "format": "[Gen 9] VGC 2025 Reg I (Bo3)", "players": ["horizonbattle", "jalo3705"], "log": "|j|\u2606horizonbattle\n|j|\u2606jalo3705\n|html|<table width=\"100%\"><tr><td align=\"left\">horizonbattle</td><td align=\"right\">jalo3705</tr><tr><td align=\"left\"><i class=\"fa fa-circle-o\"></i> <i class=\"fa fa-circle-o\"></i> </td><td align=\"right\"><i class=\"fa fa-circle-o\"></i> <i class=\"fa fa-circle-o\"></i> </tr></table>\n|uhtml|bestof|<h2><strong>Game 1</strong> of <a href=\"/game-bestof3-gen9vgc2025regibo3-2355123045\">a best-of-3</a></h2>\n|t:|1746155382\n|gametype|doubles\n|player|p1|horizonbattle|170|1206\n|player|p2|jalo3705|101|1142\n|teamsize|p1|6\n|teamsize|p2|6\n|gen|9\n|tier|[Gen 9] VGC 2025 Reg I (Bo3)\n|rated|\n|rule|Species Clause: Limit one of each Pok\u00e9mon\n|rule|Item Clause: Limit 1 of each item\n|clearpoke\n|poke|p1|Calyrex-Shadow, L50|\n|poke|p1|Rillaboom, L50, F|\n|poke|p1|Incineroar, L50, M|\n|poke|p1|Urshifu-*, L50, F|\n|poke|p1|Amoonguss, L50, M|\n|poke|p1|Terapagos, L50, M|\n|poke|p2|Zekrom, L50|\n|poke|p2|Reshiram, L50|\n|poke|p2|Rillaboom, L50, M|\n|poke|p2|Incineroar, L50, F|\n|poke|p2|Corviknight, L50, F|\n|poke|p2|Farigiraf, L50, M|\n|teampreview|4\n|showteam|p1|Calyrex-Shadow||FocusSash|AsOneSpectrier|AstralBarrage,Encore,Disable,Protect||||||50|,,,,,Ghost]Rillaboom||AssaultVest|GrassySurge|DrumBeating,GrassyGlide,Uturn,FakeOut|||F|||50|,,,,,Fire]Incineroar||SafetyGoggles|Intimidate|KnockOff,WillOWisp,PartingShot,FakeOut|||M|||50|,,,,,Bug]Urshifu-Rapid-Strike||ChoiceScarf|UnseenFist|SurgingStrikes,CloseCombat,RockTomb,Uturn|||F|||50|,,,,,Water]Amoonguss||RockyHelmet|Regenerator|Spore,RagePowder,SludgeBomb,Protect|||M|||50|,,,,,Water]Terapagos||Leftovers|TeraShift|TeraStarstorm,EarthPower,CalmMind,Protect|||M|||50|,,,,,Stellar\n|showteam|p2|Zekrom||ClearAmulet|Teravolt|FusionBolt,DragonClaw,DragonDance,Protect||||||50|,,,,,Fairy]Reshiram||ChoiceScarf|Turboblaze|FusionFlare,ShadowBall,DracoMeteor,HeatWave||||||50|,,,,,Fairy]Rillaboom||AssaultVest|GrassySurge|WoodHammer,FakeOut,HighHorsepower,GrassyGlide|||M|||50|,,,,,Fire]Incineroar||SitrusBerry|Intimidate|FlareBlitz,KnockOff,FakeOut,PartingShot|||F|||50|,,,,,Grass]Corviknight||CovertCloak|MirrorArmor|Taunt,BulkUp,BraveBird,Roost|||F|||50|,,,,,Dragon]Farigiraf||GrassySeed|ArmorTail|TrickRoom,Imprison,DazzlingGleam,HelpingHand|||M|||50|,,,,,Fairy\n|inactive|Battle timer is ON: inactive players will automatically lose when time's up. (requested by horizonbattle)\n|inactive|horizonbattle has 60 seconds left.\n|\n|t:|1746155439\n|start\n|switch|p1a: Terapagos|Terapagos, L50, M|100/100\n|switch|p1b: Tree Among Shrubs|Amoonguss, L50, M|100/100\n|switch|p2a: Zekrom|Zekrom, L50|100/100\n|switch|p2b: Incineroar|Incineroar, L50, F|100/100\n|-activate|p1a: Terapagos|ability: Tera Shift\n|detailschange|p1a: Terapagos|Terapagos-Terastal, L50, M\n|-heal|p1a: Terapagos|100/100|[silent]\n|-ability|p2a: Zekrom|Teravolt\n|-ability|p2b: Incineroar|Intimidate|boost\n|-unboost|p1a: Terapagos|atk|1\n|-unboost|p1b: Tree Among Shrubs|atk|1\n|turn|1\n|\n|t:|1746155461\n|move|p2b: Incineroar|Fake Out|p1b: Tree Among Shrubs\n|-damage|p1b: Tree Among Shrubs|91/100\n|-damage|p2b: Incineroar|84/100|[from] item: Rocky Helmet|[of] p1b: Tree Among Shrubs\n|move|p2a: Zekrom|Dragon Dance|p2a: Zekrom\n|-boost|p2a: Zekrom|atk|1\n|-boost|p2a: Zekrom|spe|1\n|move|p1a: Terapagos|Calm Mind|p1a: Terapagos\n|-boost|p1a: Terapagos|spa|1\n|-boost|p1a: Terapagos|spd|1\n|cant|p1b: Tree Among Shrubs|flinch\n|\n|upkeep\n|turn|2\n|\n|t:|1746155481\n|move|p2a: Zekrom|Protect|p2a: Zekrom\n|-singleturn|p2a: Zekrom|Protect\n|move|p1a: Terapagos|Tera Starstorm|p2a: Zekrom\n|-activate|p2a: Zekrom|move: Protect\n|move|p2b: Incineroar|Knock Off|p1a: Terapagos\n|-activate|p1a: Terapagos|ability: Tera Shell\n|-resisted|p1a: Terapagos\n|-damage|p1a: Terapagos|86/100\n|-enditem|p1a: Terapagos|Leftovers|[from] move: Knock Off|[of] p2b: Incineroar\n|move|p1b: Tree Among Shrubs|Spore|p2b: Incineroar\n|-status|p2b: Incineroar|slp|[from] move: Spore\n|\n|upkeep\n|turn|3\n|\n|t:|1746155505\n|switch|p2a: Rillaboom|Rillaboom, L50, M|100/100\n|-fieldstart|move: Grassy Terrain|[from] ability: Grassy Surge|[of] p2a: Rillaboom\n|move|p1b: Tree Among Shrubs|Rage Powder|p1b: Tree Among Shrubs\n|-singleturn|p1b: Tree Among Shrubs|move: Rage Powder\n|move|p1a: Terapagos|Tera Starstorm|p2a: Rillaboom\n|-damage|p2a: Rillaboom|51/100\n|cant|p2b: Incineroar|slp\n|\n|-heal|p1a: Terapagos|93/100|[from] Grassy Terrain\n|-heal|p2a: Rillaboom|57/100|[from] Grassy Terrain\n|-heal|p2b: Incineroar|90/100 slp|[from] Grassy Terrain\n|-heal|p1b: Tree Among Shrubs|97/100|[from] Grassy Terrain\n|upkeep\n|turn|4\n|inactive|jalo3705 has 30 seconds left.\n|inactive|jalo3705 has 20 seconds left.\n|\n|t:|1746155541\n|move|p2a: Rillaboom|Fake Out|p1a: Terapagos\n|-damage|p1a: Terapagos|83/100\n|cant|p1a: Terapagos|flinch\n|cant|p2b: Incineroar|slp\n|move|p1b: Tree Among Shrubs|Sludge Bomb|p2a: Rillaboom\n|-supereffective|p2a: Rillaboom\n|-damage|p2a: Rillaboom|18/100\n|\n|-heal|p1a: Terapagos|90/100|[from] Grassy Terrain\n|-heal|p2a: Rillaboom|24/100|[from] Grassy Terrain\n|-heal|p2b: Incineroar|96/100 slp|[from] Grassy Terrain\n|-heal|p1b: Tree Among Shrubs|100/100|[from] Grassy Terrain\n|upkeep\n|turn|5\n|\n|t:|1746155556\n|switch|p2a: Corviknight|Corviknight, L50, F|100/100\n|move|p1a: Terapagos|Earth Power|p2b: Incineroar\n|-supereffective|p2b: Incineroar\n|-damage|p2b: Incineroar|45/100 slp\n|-enditem|p2b: Incineroar|Sitrus Berry|[eat]\n|-heal|p2b: Incineroar|69/100 slp|[from] item: Sitrus Berry\n|cant|p2b: Incineroar|slp\n|move|p1b: Tree Among Shrubs|Sludge Bomb|p2a: Corviknight\n|-immune|p2a: Corviknight\n|\n|-heal|p1a: Terapagos|96/100|[from] Grassy Terrain\n|-heal|p2b: Incineroar|75/100 slp|[from] Grassy Terrain\n|upkeep\n|turn|6\n|\n|t:|1746155574\n|switch|p1b: Incineroar|Incineroar, L50, M|100/100\n|-ability|p1b: Incineroar|Intimidate|boost\n|-ability|p2a: Corviknight|Mirror Armor\n|-unboost|p1b: Incineroar|atk|1\n|-unboost|p2b: Incineroar|atk|1\n|move|p1a: Terapagos|Protect|p1a: Terapagos\n|-singleturn|p1a: Terapagos|Protect\n|move|p2a: Corviknight|Taunt|p1b: Incineroar\n|-start|p1b: Incineroar|move: Taunt\n|-curestatus|p2b: Incineroar|slp|[msg]\n|move|p2b: Incineroar|Parting Shot|p1a: Terapagos\n|-activate|p1a: Terapagos|move: Protect\n|\n|-heal|p1a: Terapagos|100/100|[from] Grassy Terrain\n|-heal|p2b: Incineroar|81/100|[from] Grassy Terrain\n|upkeep\n|turn|7\n|\n|t:|1746155596\n|switch|p2a: Rillaboom|Rillaboom, L50, M|24/100\n|move|p1b: Incineroar|Fake Out|p2b: Incineroar\n|-damage|p2b: Incineroar|75/100\n|move|p1a: Terapagos|Tera Starstorm|p2b: Incineroar\n|-damage|p2b: Incineroar|21/100\n|cant|p2b: Incineroar|flinch\n|\n|-heal|p2a: Rillaboom|29/100|[from] Grassy Terrain\n|-heal|p2b: Incineroar|27/100|[from] Grassy Terrain\n|-fieldend|move: Grassy Terrain\n|upkeep\n|turn|8\n|\n|t:|1746155612\n|switch|p1b: Tree Among Shrubs|Amoonguss, L50, M|100/100\n|move|p1a: Terapagos|Protect|p1a: Terapagos\n|-singleturn|p1a: Terapagos|Protect\n|move|p2a: Rillaboom|High Horsepower|p1b: Tree Among Shrubs\n|-damage|p1b: Tree Among Shrubs|78/100\n|-damage|p2a: Rillaboom|13/100|[from] item: Rocky Helmet|[of] p1b: Tree Among Shrubs\n|move|p2b: Incineroar|Parting Shot|p1b: Tree Among Shrubs\n|-unboost|p1b: Tree Among Shrubs|atk|1\n|-unboost|p1b: Tree Among Shrubs|spa|1\n|\n|t:|1746155620\n|switch|p2b: Corviknight|Corviknight, L50, F|100/100|[from] Parting Shot\n|\n|upkeep\n|turn|9\n|\n|t:|1746155633\n|switch|p1b: Incineroar|Incineroar, L50, M|100/100\n|-ability|p1b: Incineroar|Intimidate|boost\n|-unboost|p2a: Rillaboom|atk|1\n|-ability|p2b: Corviknight|Mirror Armor\n|-unboost|p1b: Incineroar|atk|1\n|move|p1a: Terapagos|Tera Starstorm|p2a: Rillaboom\n|-damage|p2a: Rillaboom|0 fnt\n|faint|p2a: Rillaboom\n|move|p2b: Corviknight|Taunt|p1b: Incineroar\n|-start|p1b: Incineroar|move: Taunt\n|\n|upkeep\n|\n|t:|1746155638\n|switch|p2a: Incineroar|Incineroar, L50, F|27/100\n|-ability|p2a: Incineroar|Intimidate|boost\n|-unboost|p1a: Terapagos|atk|1\n|-unboost|p1b: Incineroar|atk|1\n|turn|10\n|\n|t:|1746155654\n|switch|p2a: Zekrom|Zekrom, L50|100/100\n|-ability|p2a: Zekrom|Teravolt\n|move|p1a: Terapagos|Tera Starstorm|p2a: Zekrom\n|-damage|p2a: Zekrom|27/100\n|move|p2b: Corviknight|Brave Bird|p1a: Terapagos\n|-activate|p1a: Terapagos|ability: Tera Shell\n|-resisted|p1a: Terapagos\n|-damage|p1a: Terapagos|87/100\n|-damage|p2b: Corviknight|96/100|[from] Recoil\n|move|p1b: Incineroar|Knock Off|p2b: Corviknight\n|-damage|p2b: Corviknight|78/100\n|-enditem|p2b: Corviknight|Covert Cloak|[from] move: Knock Off|[of] p1b: Incineroar\n|\n|upkeep\n|turn|11\n|\n|t:|1746155671\n|switch|p1b: Tree Among Shrubs|Amoonguss, L50, M|100/100\n|move|p2a: Zekrom|Fusion Bolt|p1a: Terapagos\n|-damage|p1a: Terapagos|42/100\n|move|p1a: Terapagos|Tera Starstorm|p2a: Zekrom\n|-damage|p2a: Zekrom|0 fnt\n|faint|p2a: Zekrom\n|move|p2b: Corviknight|Brave Bird|p1a: Terapagos\n|-damage|p1a: Terapagos|14/100\n|-damage|p2b: Corviknight|69/100|[from] Recoil\n|\n|upkeep\n|\n|t:|1746155674\n|switch|p2a: Incineroar|Incineroar, L50, F|27/100\n|-ability|p2a: Incineroar|Intimidate|boost\n|-unboost|p1a: Terapagos|atk|1\n|-unboost|p1b: Tree Among Shrubs|atk|1\n|turn|12\n|\n|t:|1746155689\n|move|p1a: Terapagos|Protect|p1a: Terapagos\n|-singleturn|p1a: Terapagos|Protect\n|move|p1b: Tree Among Shrubs|Protect|p1b: Tree Among Shrubs\n|-singleturn|p1b: Tree Among Shrubs|Protect\n|move|p2b: Corviknight|Brave Bird|p1a: Terapagos\n|-activate|p1a: Terapagos|move: Protect\n|move|p2a: Incineroar|Flare Blitz|p1b: Tree Among Shrubs\n|-activate|p1b: Tree Among Shrubs|move: Protect\n|\n|upkeep\n|turn|13\n|\n|t:|1746155701\n|-terastallize|p1a: Terapagos|Stellar\n|detailschange|p1a: Terapagos|Terapagos-Stellar, L50, M, tera:Stellar\n|-heal|p1a: Terapagos|36/100|[silent]\n|move|p1b: Tree Among Shrubs|Rage Powder|p1b: Tree Among Shrubs\n|-singleturn|p1b: Tree Among Shrubs|move: Rage Powder\n|move|p1a: Terapagos|Tera Starstorm|p2a: Incineroar|[spread] p2a,p2b\n|-damage|p2a: Incineroar|0 fnt\n|-damage|p2b: Corviknight|35/100\n|faint|p2a: Incineroar\n|move|p2b: Corviknight|Brave Bird|p1b: Tree Among Shrubs\n|-supereffective|p1b: Tree Among Shrubs\n|-damage|p1b: Tree Among Shrubs|39/100\n|-damage|p2b: Corviknight|19/100|[from] item: Rocky Helmet|[of] p1b: Tree Among Shrubs\n|-damage|p2b: Corviknight|0 fnt|[from] Recoil\n|faint|p2b: Corviknight\n|\n|win|horizonbattle\n||jalo3705 is ready for game 2.\n|inactive|horizonbattle has 30 seconds to confirm battle start!\n||horizonbattle is ready for game 2.\n|uhtml|next|Next: <a href=\"/battle-gen9vgc2025regibo3-2355125568\"><strong>Game 2 of 3</strong></a>\n", "uploadtime": 1746156075, "views": 3, "formatid": "gen9vgc2025regibo3", "rating": null, "private": 0, "password": null}