{"id": "gen9vgc2025regibo3-2355082990", "format": "[Gen 9] VGC 2025 Reg I (Bo3)", "players": ["chaunce307", "juice006"], "log": "|j|\u2606chaunce307\n|j|\u2606juice006\n|html|<table width=\"100%\"><tr><td align=\"left\">chaunce307</td><td align=\"right\">juice006</tr><tr><td align=\"left\"><i class=\"fa fa-circle\"></i> <i class=\"fa fa-circle-o\"></i> </td><td align=\"right\"><i class=\"fa fa-circle-o\"></i> <i class=\"fa fa-circle-o\"></i> </tr></table>\n|uhtml|bestof|<h2><strong>Game 2</strong> of <a href=\"/game-bestof3-gen9vgc2025regibo3-2355080407\">a best-of-3</a></h2>\n|t:|1746150310\n|gametype|doubles\n|player|p1|chaunce307|pokekid|\n|player|p2|juice006|picnicker|\n|teamsize|p1|6\n|teamsize|p2|6\n|gen|9\n|tier|[Gen 9] VGC 2025 Reg I (Bo3)\n|rule|Species Clause: Limit one of each Pok\u00e9mon\n|rule|Item Clause: Limit 1 of each item\n|clearpoke\n|poke|p1|Miraidon, L50|\n|poke|p1|Iron Hands, L50|\n|poke|p1|Urshifu-*, L50, M|\n|poke|p1|Ogerpon-Hearthflame, L50, F|\n|poke|p1|Farigiraf, L50, F|\n|poke|p1|Whimsicott, L50, M|\n|poke|p2|Urshifu-*, L50, M|\n|poke|p2|Kyogre, L50|\n|poke|p2|Roaring Moon, L50|\n|poke|p2|Rillaboom, L50, F|\n|poke|p2|Amoonguss, L50, M|\n|poke|p2|Incineroar, L50, F|\n|teampreview|4\n|showteam|p1|Miraidon||ChoiceSpecs|HadronEngine|ElectroDrift,DracoMeteor,VoltSwitch,DazzlingGleam||||||50|,,,,,Fairy]Iron Hands||AssaultVest|QuarkDrive|DrainPunch,LowKick,WildCharge,FakeOut||||||50|,,,,,Bug]Urshifu-Rapid-Strike||FocusSash|UnseenFist|SurgingStrikes,CloseCombat,AquaJet,Protect|||M|||50|,,,,,Stellar]Ogerpon-Hearthflame||HearthflameMask|MoldBreaker|IvyCudgel,WoodHammer,SpikyShield,FollowMe|||F|||50|,,,,,Fire]Farigiraf||ElectricSeed|ArmorTail|FoulPlay,PsychicNoise,TrickRoom,HelpingHand|||F|||50|,,,,,Water]Whimsicott||CovertCloak|Prankster|Moonblast,LightScreen,Tailwind,Encore|||M|||50|,,,,,Dark\n|showteam|p2|Urshifu-Rapid-Strike||ChoiceScarf|UnseenFist|SurgingStrikes,CloseCombat,Uturn,AquaJet|||M|||50|,,,,,Ghost]Kyogre||Leftovers|Drizzle|OriginPulse,IceBeam,CalmMind,Protect||||||50|,,,,,Grass]Roaring Moon||BoosterEnergy|Protosynthesis|KnockOff,Acrobatics,Tailwind,Protect||||||50|,,,,,Flying]Rillaboom||AssaultVest|GrassySurge|DrumBeating,GrassyGlide,FakeOut,Uturn|||F|||50|,,,,,Fire]Amoonguss||RockyHelmet|Regenerator|Spore,RagePowder,SludgeBomb,Protect|||M|||50|,,,,,Steel]Incineroar||SafetyGoggles|Intimidate|KnockOff,PartingShot,FakeOut,WillOWisp|||F|||50|,,,,,Ghost\n|j| Boopels\n|\n|t:|1746150372\n|start\n|switch|p1a: Kelvin|Miraidon, L50|100/100\n|switch|p1b: Jesse|Iron Hands, L50, shiny|100/100\n|switch|p2a: Rillaboom|Rillaboom, L50, F|100/100\n|switch|p2b: Amoonguss|Amoonguss, L50, M|100/100\n|-fieldstart|move: Electric Terrain|[from] ability: Hadron Engine|[of] p1a: Kelvin\n|-activate|p1b: Jesse|ability: Quark Drive\n|-start|p1b: Jesse|quarkdriveatk\n|-fieldstart|move: Grassy Terrain|[from] ability: Grassy Surge|[of] p2a: Rillaboom\n|-end|p1b: Jesse|Quark Drive\n|turn|1\n|\n|t:|1746150421\n|move|p2a: Rillaboom|Fake Out|p1b: Jesse\n|-damage|p1b: Jesse|91/100\n|cant|p1b: Jesse|flinch\n|move|p1a: Kelvin|Volt Switch|p2a: Rillaboom\n|-resisted|p2a: Rillaboom\n|-damage|p2a: Rillaboom|75/100\n|\n|t:|1746150431\n|switch|p1a: Judy|Ogerpon-Hearthflame, L50, F|100/100|[from] Volt Switch\n|-ability|p1a: Judy|Mold Breaker\n|move|p2b: Amoonguss|Sludge Bomb|p1a: Judy\n|-supereffective|p1a: Judy\n|-damage|p1a: Judy|44/100\n|\n|-heal|p1a: Judy|50/100|[from] Grassy Terrain\n|-heal|p2a: Rillaboom|81/100|[from] Grassy Terrain\n|-heal|p1b: Jesse|97/100|[from] Grassy Terrain\n|upkeep\n|turn|2\n|\n|t:|1746150494\n|switch|p2a: Incineroar|Incineroar, L50, F|100/100\n|-ability|p2a: Incineroar|Intimidate|boost\n|-unboost|p1a: Judy|atk|1\n|-unboost|p1b: Jesse|atk|1\n|-terastallize|p1a: Judy|Fire\n|detailschange|p1a: Judy|Ogerpon-Hearthflame-Tera, L50, F, tera:Fire\n|-ability|p1a: Judy|Embody Aspect (Hearthflame)|boost\n|-boost|p1a: Judy|atk|1\n|move|p1a: Judy|Ivy Cudgel|p2b: Amoonguss|[anim] Ivy Cudgel Fire\n|-supereffective|p2b: Amoonguss\n|-damage|p2b: Amoonguss|0 fnt\n|faint|p2b: Amoonguss\n|move|p1b: Jesse|Drain Punch|p2a: Incineroar\n|-supereffective|p2a: Incineroar\n|-damage|p2a: Incineroar|56/100\n|-heal|p1b: Jesse|100/100|[from] drain|[of] p2a: Incineroar\n|\n|-heal|p1a: Judy|56/100|[from] Grassy Terrain\n|-heal|p2a: Incineroar|62/100|[from] Grassy Terrain\n|upkeep\n|\n|t:|1746150511\n|switch|p2b: Urshifu|Urshifu-Rapid-Strike, L50, M|100/100\n|turn|3\n|\n|t:|1746150527\n|move|p1a: Judy|Spiky Shield|p1a: Judy\n|-singleturn|p1a: Judy|move: Protect\n|move|p2b: Urshifu|Surging Strikes|p1a: Judy\n|-supereffective|p1a: Judy\n|-crit|p1a: Judy\n|-damage|p1a: Judy|12/100\n|-supereffective|p1a: Judy\n|-crit|p1a: Judy\n|-damage|p1a: Judy|0 fnt\n|faint|p1a: Judy\n|-hitcount|p1: Judy|2\n|move|p2a: Incineroar|Will-O-Wisp|p1b: Jesse\n|-status|p1b: Jesse|brn\n|move|p1b: Jesse|Wild Charge|p2b: Urshifu\n|-supereffective|p2b: Urshifu\n|-damage|p2b: Urshifu|66/100\n|-damage|p1b: Jesse|94/100 brn|[from] Recoil\n|\n|-heal|p2b: Urshifu|73/100|[from] Grassy Terrain\n|-heal|p2a: Incineroar|68/100|[from] Grassy Terrain\n|-heal|p1b: Jesse|99/100 brn|[from] Grassy Terrain\n|-damage|p1b: Jesse|94/100 brn|[from] brn\n|upkeep\n|\n|t:|1746150548\n|switch|p1a: Kelvin|Miraidon, L50|100/100\n|-fieldstart|move: Electric Terrain|[from] ability: Hadron Engine|[of] p1a: Kelvin\n|-activate|p1b: Jesse|ability: Quark Drive\n|-start|p1b: Jesse|quarkdriveatk\n|turn|4\n|\n|t:|1746150587\n|switch|p2b: Rillaboom|Rillaboom, L50, F|81/100\n|-fieldstart|move: Grassy Terrain|[from] ability: Grassy Surge|[of] p2b: Rillaboom\n|-end|p1b: Jesse|Quark Drive\n|move|p1a: Kelvin|Draco Meteor|p2a: Incineroar\n|-damage|p2a: Incineroar|0 fnt\n|-unboost|p1a: Kelvin|spa|2\n|faint|p2a: Incineroar\n|move|p1b: Jesse|Wild Charge|p2b: Rillaboom\n|-resisted|p2b: Rillaboom\n|-damage|p2b: Rillaboom|72/100\n|-damage|p1b: Jesse|92/100 brn|[from] Recoil\n|\n|-heal|p2b: Rillaboom|78/100|[from] Grassy Terrain\n|-heal|p1b: Jesse|98/100 brn|[from] Grassy Terrain\n|-damage|p1b: Jesse|92/100 brn|[from] brn\n|upkeep\n|\n|t:|1746150597\n|switch|p2a: Urshifu|Urshifu-Rapid-Strike, L50, M|73/100\n|turn|5\n|\n|t:|1746150624\n|switch|p1a: Keefe|Urshifu-Rapid-Strike, L50, M|100/100\n|-terastallize|p2a: Urshifu|Ghost\n|move|p2a: Urshifu|Surging Strikes|p1b: Jesse\n|-crit|p1b: Jesse\n|-damage|p1b: Jesse|77/100 brn\n|-crit|p1b: Jesse\n|-damage|p1b: Jesse|62/100 brn\n|-crit|p1b: Jesse\n|-damage|p1b: Jesse|48/100 brn\n|-hitcount|p1b: Jesse|3\n|move|p2b: Rillaboom|Drum Beating|p1a: Keefe\n|-supereffective|p1a: Keefe\n|-damage|p1a: Keefe|8/100\n|-unboost|p1a: Keefe|spe|1\n|move|p1b: Jesse|Wild Charge|p2a: Urshifu\n|-damage|p2a: Urshifu|56/100\n|-damage|p1b: Jesse|44/100 brn|[from] Recoil\n|\n|-heal|p2a: Urshifu|62/100|[from] Grassy Terrain\n|-heal|p2b: Rillaboom|84/100|[from] Grassy Terrain\n|-heal|p1a: Keefe|14/100|[from] Grassy Terrain\n|-heal|p1b: Jesse|50/100 brn|[from] Grassy Terrain\n|-damage|p1b: Jesse|44/100 brn|[from] brn\n|upkeep\n|turn|6\n|\n|t:|1746150679\n|move|p1a: Keefe|Protect|p1a: Keefe\n|-singleturn|p1a: Keefe|Protect\n|move|p2b: Rillaboom|Grassy Glide|p1a: Keefe\n|-activate|p1a: Keefe|move: Protect\n|move|p2a: Urshifu|Surging Strikes|p1b: Jesse\n|-crit|p1b: Jesse\n|-damage|p1b: Jesse|30/100 brn\n|-crit|p1b: Jesse\n|-damage|p1b: Jesse|15/100 brn\n|-crit|p1b: Jesse\n|-damage|p1b: Jesse|0 fnt\n|faint|p1b: Jesse\n|-end|p1b: Jesse|Quark Drive|[silent]\n|-hitcount|p1: Jesse|3\n|\n|-heal|p2a: Urshifu|68/100|[from] Grassy Terrain\n|-heal|p2b: Rillaboom|91/100|[from] Grassy Terrain\n|-heal|p1a: Keefe|19/100|[from] Grassy Terrain\n|upkeep\n|\n|t:|1746150693\n|switch|p1b: Kelvin|Miraidon, L50|100/100\n|-fieldstart|move: Electric Terrain|[from] ability: Hadron Engine|[of] p1b: Kelvin\n|turn|7\n|\n|t:|1746150734\n|move|p1a: Keefe|Aqua Jet|p2b: Rillaboom\n|-resisted|p2b: Rillaboom\n|-damage|p2b: Rillaboom|80/100\n|move|p2a: Urshifu|Surging Strikes|p1b: Kelvin\n|-resisted|p1b: Kelvin\n|-crit|p1b: Kelvin\n|-damage|p1b: Kelvin|90/100\n|-resisted|p1b: Kelvin\n|-crit|p1b: Kelvin\n|-damage|p1b: Kelvin|80/100\n|-resisted|p1b: Kelvin\n|-crit|p1b: Kelvin\n|-damage|p1b: Kelvin|68/100\n|-hitcount|p1b: Kelvin|3\n|move|p1b: Kelvin|Electro Drift|p2a: Urshifu\n|-damage|p2a: Urshifu|0 fnt\n|faint|p2a: Urshifu\n|move|p2b: Rillaboom|Drum Beating|p1b: Kelvin\n|-resisted|p1b: Kelvin\n|-damage|p1b: Kelvin|50/100\n|-unboost|p1b: Kelvin|spe|1\n|\n|upkeep\n|turn|8\n|\n|t:|1746150757\n|move|p1a: Keefe|Aqua Jet|p2b: Rillaboom\n|-resisted|p2b: Rillaboom\n|-damage|p2b: Rillaboom|67/100\n|move|p2b: Rillaboom|Grassy Glide|p1a: Keefe\n|-supereffective|p1a: Keefe\n|-damage|p1a: Keefe|0 fnt\n|faint|p1a: Keefe\n|move|p1b: Kelvin|Electro Drift|p2b: Rillaboom\n|-resisted|p2b: Rillaboom\n|-damage|p2b: Rillaboom|9/100\n|\n|upkeep\n|turn|9\n|\n|t:|1746150769\n|move|p2b: Rillaboom|Drum Beating|p1b: Kelvin\n|-resisted|p1b: Kelvin\n|-damage|p1b: Kelvin|31/100\n|-unboost|p1b: Kelvin|spe|1\n|move|p1b: Kelvin|Electro Drift|p2b: Rillaboom\n|-resisted|p2b: Rillaboom\n|-damage|p2b: Rillaboom|0 fnt\n|faint|p2b: Rillaboom\n|\n|win|chaunce307\n|c|\u2606juice006|gg\n|l|\u2606juice006\n|player|p2|\n|c|\u2606chaunce307|gg\n|c| Boopels|Gg\n|l| Boopels\n|l|\u2606chaunce307\n|player|p1|\n", "uploadtime": 1746150794, "views": 4, "formatid": "gen9vgc2025regibo3", "rating": null, "private": 0, "password": null}