{"id": "gen9vgc2025regibo3-2353774061", "format": "[Gen 9] VGC 2025 Reg I (Bo3)", "players": ["bertcamem", "tombino14"], "log": "|j|\u2606bertcamem\n|j|\u2606tombino14\n|html|<table width=\"100%\"><tr><td align=\"left\">bertcamem</td><td align=\"right\">tombino14</tr><tr><td align=\"left\"><i class=\"fa fa-circle\"></i> <i class=\"fa fa-circle-o\"></i> </td><td align=\"right\"><i class=\"fa fa-circle-o\"></i> <i class=\"fa fa-circle\"></i> </tr></table>\n|uhtml|bestof|<h2><strong>Game 3</strong> of <a href=\"/game-bestof3-gen9vgc2025regibo3-2353772310\">a best-of-3</a></h2>\n|t:|1745997673\n|gametype|doubles\n|player|p1|bertcamem|169|1262\n|player|p2|tombino14|striker|1277\n|teamsize|p1|6\n|teamsize|p2|6\n|gen|9\n|tier|[Gen 9] VGC 2025 Reg I (Bo3)\n|rated|\n|rule|Species Clause: Limit one of each Pok\u00e9mon\n|rule|Item Clause: Limit 1 of each item\n|clearpoke\n|poke|p1|Koraidon, L50|\n|poke|p1|Ho-Oh, L50|\n|poke|p1|Gurdurr, L50, F|\n|poke|p1|Flutter Mane, L50|\n|poke|p1|Rillaboom, L50, F|\n|poke|p1|Raging Bolt, L50|\n|poke|p2|Calyrex-Shadow, L50|\n|poke|p2|Ditto, L50|\n|poke|p2|Brute Bonnet, L50|\n|poke|p2|Whimsicott, L50, M|\n|poke|p2|Chi-Yu, L50|\n|poke|p2|Koraidon, L50|\n|teampreview|4\n|showteam|p1|Koraidon||LifeOrb|OrichalcumPulse|FlareBlitz,CloseCombat,Protect,Uturn||||||50|,,,,,Fire]Ho-Oh||ClearAmulet|Regenerator|SacredFire,BraveBird,Protect,Tailwind||||||50|,,,,,Grass]Gurdurr||Eviolite|IronFist|DrainPunch,Coaching,WideGuard,HelpingHand|||F|||50|,,,,,Water]Flutter Mane||FocusSash|Protosynthesis|Moonblast,ShadowBall,Taunt,IcyWind||||||50|,,,,,Normal]Rillaboom||AssaultVest|GrassySurge|FakeOut,GrassyGlide,HighHorsepower,Uturn|||F|||50|,,,,,Fire]Raging Bolt||BoosterEnergy|Protosynthesis|Protect,Thunderclap,Thunderbolt,DracoMeteor||||||50|,,,,,Fairy\n|showteam|p2|Calyrex-Shadow||LifeOrb|AsOneSpectrier|AstralBarrage,Psychic,Encore,Protect||||||50|,,,,,Water]Ditto||FocusSash|Imposter|Transform||||||50|,,,,,Normal]Brute Bonnet||RockyHelmet|Protosynthesis|Spore,RagePowder,SuckerPunch,SeedBomb||||||50|,,,,,Water]Whimsicott||CovertCloak|Prankster|Moonblast,Tailwind,LightScreen,Encore|||M|||50|,,,,,Dark]Chi-Yu||ChoiceScarf|BeadsofRuin|HeatWave,Overheat,DarkPulse,Snarl||||||50|,,,,,Ghost]Koraidon||ClearAmulet|OrichalcumPulse|CollisionCourse,FlareBlitz,FlameCharge,Protect||||||50|,,,,,Fire\n|inactive|Battle timer is ON: inactive players will automatically lose when time's up. (requested by bertcamem)\n|\n|t:|1745997696\n|start\n|switch|p1a: Emperor|Ho-Oh, L50|100/100\n|switch|p1b: Magician|Flutter Mane, L50|100/100\n|switch|p2a: Chi-Yu|Chi-Yu, L50|100/100\n|switch|p2b: Ditto|Ditto, L50|100/100\n|-ability|p2a: Chi-Yu|Beads of Ruin\n|-transform|p2b: Ditto|p1a: Emperor|[from] ability: Imposter\n|turn|1\n|inactive|tombino14 has 30 seconds left.\n|\n|t:|1745997722\n|-end|p1b: Magician|Protosynthesis|[silent]\n|switch|p1b: Tower|Raging Bolt, L50|100/100\n|-enditem|p1b: Tower|Booster Energy\n|-activate|p1b: Tower|ability: Protosynthesis|[fromitem]\n|-start|p1b: Tower|protosynthesisspa\n|-terastallize|p2a: Chi-Yu|Ghost\n|move|p2a: Chi-Yu|Heat Wave|p1b: Tower|[spread] p1a,p1b\n|-resisted|p1a: Emperor\n|-resisted|p1b: Tower\n|-damage|p1a: Emperor|86/100\n|-damage|p1b: Tower|79/100\n|move|p1a: Emperor|Tailwind|p1a: Emperor\n|-sidestart|p1: bertcamem|move: Tailwind\n|move|p2b: Ditto|Brave Bird|p1b: Tower\n|-resisted|p1b: Tower\n|-damage|p1b: Tower|52/100\n|-damage|p2b: Ditto|88/100|[from] Recoil\n|\n|upkeep\n|turn|2\n|\n|t:|1745997740\n|switch|p2b: Koraidon|Koraidon, L50|100/100\n|-weather|SunnyDay|[from] ability: Orichalcum Pulse|[of] p2b: Koraidon\n|-activate|p2b: Koraidon|Orichalcum Pulse|[source]\n|move|p2a: Chi-Yu|Heat Wave|p1b: Tower|[spread] p1a\n|-miss|p2a: Chi-Yu|p1b: Tower\n|-resisted|p1a: Emperor\n|-damage|p1a: Emperor|64/100\n|move|p1a: Emperor|Brave Bird|p2a: Chi-Yu\n|-damage|p2a: Chi-Yu|9/100\n|-damage|p1a: Emperor|43/100|[from] Recoil\n|move|p1b: Tower|Thunderbolt|p2b: Koraidon\n|-resisted|p2b: Koraidon\n|-damage|p2b: Koraidon|61/100\n|\n|-weather|SunnyDay|[upkeep]\n|upkeep\n|turn|3\n|\n|t:|1745997758\n|switch|p2a: Ditto|Ditto, L50|100/100\n|-transform|p2a: Ditto|p1b: Tower|[from] ability: Imposter\n|move|p2b: Koraidon|Protect|p2b: Koraidon\n|-singleturn|p2b: Koraidon|Protect\n|move|p1b: Tower|Thunderclap||[still]\n|-fail|p1b: Tower\n|move|p1a: Emperor|Brave Bird|p2b: Koraidon\n|-activate|p2b: Koraidon|move: Protect\n|\n|-weather|SunnyDay|[upkeep]\n|upkeep\n|turn|4\n|inactive|tombino14 has 30 seconds left.\n|inactive|tombino14 has 20 seconds left.\n|\n|t:|1745997793\n|switch|p2b: Chi-Yu|Chi-Yu, L50, tera:Ghost|9/100\n|-ability|p2b: Chi-Yu|Beads of Ruin\n|-terastallize|p1a: Emperor|Grass\n|move|p2a: Ditto|Thunderclap|p1a: Emperor\n|-resisted|p1a: Emperor\n|-damage|p1a: Emperor|29/100\n|move|p1a: Emperor|Brave Bird|p2b: Chi-Yu\n|-damage|p2b: Chi-Yu|0 fnt\n|faint|p2b: Chi-Yu\n|-damage|p1a: Emperor|27/100|[from] Recoil\n|move|p1b: Tower|Draco Meteor|p2a: Ditto\n|-supereffective|p2a: Ditto\n|-enditem|p2a: Ditto|Focus Sash\n|-damage|p2a: Ditto|1/100\n|-unboost|p1b: Tower|spa|2\n|\n|-weather|SunnyDay|[upkeep]\n|-sideend|p1: bertcamem|move: Tailwind\n|upkeep\n|\n|t:|1745997801\n|switch|p2b: Calyrex|Calyrex-Shadow, L50|100/100\n|-ability|p2b: Calyrex|As One\n|-ability|p2b: Calyrex|Unnerve\n|turn|5\n|\n|t:|1745997820\n|move|p1a: Emperor|Protect|p1a: Emperor\n|-singleturn|p1a: Emperor|Protect\n|move|p1b: Tower|Thunderclap|p2a: Ditto\n|-resisted|p2a: Ditto\n|-damage|p2a: Ditto|0 fnt\n|faint|p2a: Ditto\n|-end|p2a: Ditto|Protosynthesis|[silent]\n|move|p2b: Calyrex|Astral Barrage|p1a: Emperor|[spread] p1b\n|-activate|p1a: Emperor|move: Protect\n|-damage|p1b: Tower|0 fnt\n|faint|p1b: Tower\n|-end|p1b: Tower|Protosynthesis|[silent]\n|-ability|p2b: Calyrex|Grim Neigh|boost\n|-boost|p2b: Calyrex|spa|1\n|-damage|p2b: Calyrex|91/100|[from] item: Life Orb\n|\n|-weather|SunnyDay|[upkeep]\n|upkeep\n|\n|t:|1745997839\n|switch|p2a: Koraidon|Koraidon, L50|61/100\n|switch|p1b: Magician|Flutter Mane, L50|100/100\n|-activate|p2a: Koraidon|ability: Orichalcum Pulse\n|-activate|p1b: Magician|ability: Protosynthesis\n|-start|p1b: Magician|protosynthesisspe\n|turn|6\n|inactive|tombino14 has 30 seconds left.\n|\n|t:|1745997866\n|move|p1b: Magician|Moonblast|p2a: Koraidon\n|-supereffective|p2a: Koraidon\n|-damage|p2a: Koraidon|0 fnt\n|faint|p2a: Koraidon\n|move|p2b: Calyrex|Encore|p1a: Emperor\n|-start|p1a: Emperor|Encore\n|move|p1a: Emperor|Protect||[still]\n|-fail|p1a: Emperor\n|\n|-weather|none\n|-end|p1b: Magician|Protosynthesis\n|upkeep\n|turn|7\n|\n|t:|1745997890\n|switch|p1a: Sun|Koraidon, L50|100/100\n|-weather|SunnyDay|[from] ability: Orichalcum Pulse|[of] p1a: Sun\n|-activate|p1b: Magician|ability: Protosynthesis\n|-start|p1b: Magician|protosynthesisspe\n|-activate|p1a: Sun|Orichalcum Pulse|[source]\n|move|p1b: Magician|Shadow Ball|p2b: Calyrex\n|-supereffective|p2b: Calyrex\n|-damage|p2b: Calyrex|0 fnt\n|faint|p2b: Calyrex\n|\n|win|bertcamem\n|raw|bertcamem's rating: 1262 &rarr; <strong>1288</strong><br />(+26 for winning)\n|raw|tombino14's rating: 1277 &rarr; <strong>1251</strong><br />(-26 for losing)\n|l|\u2606tombino14\n|player|p2|\n", "uploadtime": 1745997916, "views": 23, "formatid": "gen9vgc2025regibo3", "rating": 1251, "private": 0, "password": null}