{"id": "gen9vgc2025regibo3-2354203404", "format": "[Gen 9] VGC 2025 Reg I (Bo3)", "players": ["Saudasawdust", "mavvyvgc"], "log": "|j|\u2606Saudasawdust\n|j|\u2606mavvyvgc\n|html|<table width=\"100%\"><tr><td align=\"left\">Saudasawdust</td><td align=\"right\">mavvyvgc</tr><tr><td align=\"left\"><i class=\"fa fa-circle\"></i> <i class=\"fa fa-circle-o\"></i> </td><td align=\"right\"><i class=\"fa fa-circle-o\"></i> <i class=\"fa fa-circle-o\"></i> </tr></table>\n|uhtml|bestof|<h2><strong>Game 2</strong> of <a href=\"/game-bestof3-gen9vgc2025regibo3-2354199204\">a best-of-3</a></h2>\n|t:|1746044281\n|gametype|doubles\n|player|p1|Saudasawdust|steven|1000\n|player|p2|mavvyvgc|riley|1014\n|teamsize|p1|6\n|teamsize|p2|6\n|gen|9\n|tier|[Gen 9] VGC 2025 Reg I (Bo3)\n|rated|\n|rule|Species Clause: Limit one of each Pok\u00e9mon\n|rule|Item Clause: Limit 1 of each item\n|clearpoke\n|poke|p1|Miraidon, L50|\n|poke|p1|Terapagos, L50, M|\n|poke|p1|Ogerpon-Hearthflame, L50, F|\n|poke|p1|Urshifu-*, L50, M|\n|poke|p1|Whimsicott, L50, M|\n|poke|p1|Farigiraf, L50, M|\n|poke|p2|Calyrex-Shadow, L50|\n|poke|p2|Kyurem, L50|\n|poke|p2|Slowking, L50, F|\n|poke|p2|Tornadus, L50, M|\n|poke|p2|Incineroar, L50, M|\n|poke|p2|Articuno, L50|\n|teampreview|4\n|showteam|p1|Miraidon||ChoiceSpecs|HadronEngine|DazzlingGleam,ElectroDrift,VoltSwitch,DracoMeteor||||||50|,,,,,Fairy]Terapagos||ClearAmulet|TeraShift|CalmMind,Substitute,TeraStarstorm,Protect|||M|||50|,,,,,Stellar]Ogerpon-Hearthflame||HearthflameMask|MoldBreaker|IvyCudgel,SpikyShield,FollowMe,WoodHammer|||F|||50|,,,,,Fire]Urshifu-Rapid-Strike||FocusSash|UnseenFist|Detect,AquaJet,SurgingStrikes,CloseCombat|||M|||50|,,,,,Stellar]Whimsicott||CovertCloak|Prankster|Tailwind,LightScreen,Moonblast,Encore|||M|||50|,,,,,Grass]Farigiraf||ElectricSeed|ArmorTail|TrickRoom,PsychicNoise,HelpingHand,FoulPlay|||M|||50|,,,,,Water\n|showteam|p2|Calyrex-Shadow||FocusSash|AsOneSpectrier|DarkPulse,AstralBarrage,NastyPlot,Protect||||||50|,,,,,Dark]Kyurem||NeverMeltIce|Pressure|Blizzard,FreezeDry,Glaciate,Protect||||||50|,,,,,Fire]Slowking||RockyHelmet|Oblivious|Psychic,TrickRoom,ChillyReception,HydroPump|||F|||50|,,,,,Water]Tornadus||CovertCloak|Prankster|Tailwind,WeatherBall,Protect,Snowscape|||M|||50|,,,,,Dark]Incineroar||ClearAmulet|Intimidate|FakeOut,KnockOff,FlareBlitz,Uturn|||M|||50|,,,,,Fire]Articuno||SitrusBerry|SnowCloak|Blizzard,LightScreen,Reflect,Protect||||||50|,,,,,Ice\n|\n|t:|1746044294\n|start\n|switch|p1a: Farigiraf|Farigiraf, L50, M|100/100\n|switch|p1b: Ogerpon|Ogerpon-Hearthflame, L50, F|100/100\n|switch|p2a: Slowking|Slowking, L50, F|100/100\n|switch|p2b: Calyrex|Calyrex-Shadow, L50|100/100\n|-ability|p2b: Calyrex|As One\n|-ability|p2b: Calyrex|Unnerve\n|-ability|p1b: Ogerpon|Mold Breaker\n|turn|1\n|\n|t:|1746044324\n|move|p2b: Calyrex|Dark Pulse|p1a: Farigiraf\n|-supereffective|p1a: Farigiraf\n|-damage|p1a: Farigiraf|46/100\n|move|p1b: Ogerpon|Wood Hammer|p2b: Calyrex\n|-damage|p2b: Calyrex|20/100\n|-damage|p1b: Ogerpon|70/100|[from] Recoil\n|-prepare|p2a: Slowking|Chilly Reception|[premajor]\n|move|p2a: Slowking|Chilly Reception|p2a: Slowking\n|-weather|Snowscape\n|\n|t:|1746044335\n|switch|p2a: Articuno|Articuno, L50|100/100|[from] Chilly Reception\n|move|p1a: Farigiraf|Trick Room|p1a: Farigiraf\n|-fieldstart|move: Trick Room|[of] p1a: Farigiraf\n|\n|-weather|Snowscape|[upkeep]\n|upkeep\n|turn|2\n|\n|t:|1746044360\n|move|p2b: Calyrex|Protect|p2b: Calyrex\n|-singleturn|p2b: Calyrex|Protect\n|move|p1a: Farigiraf|Foul Play|p2b: Calyrex\n|-activate|p2b: Calyrex|move: Protect\n|move|p2a: Articuno|Blizzard|p1b: Ogerpon|[spread] p1a,p1b\n|-crit|p1b: Ogerpon\n|-damage|p1a: Farigiraf|19/100\n|-damage|p1b: Ogerpon|6/100\n|move|p1b: Ogerpon|Ivy Cudgel|p2a: Articuno|[anim] Ivy Cudgel Fire\n|-supereffective|p2a: Articuno\n|-damage|p2a: Articuno|19/100\n|-enditem|p2a: Articuno|Sitrus Berry|[eat]\n|-heal|p2a: Articuno|44/100|[from] item: Sitrus Berry\n|\n|-weather|Snowscape|[upkeep]\n|upkeep\n|turn|3\n|\n|t:|1746044391\n|switch|p2b: Kyurem|Kyurem, L50|100/100\n|-ability|p2b: Kyurem|Pressure\n|move|p1b: Ogerpon|Spiky Shield|p1b: Ogerpon\n|-singleturn|p1b: Ogerpon|move: Protect\n|move|p1a: Farigiraf|Foul Play|p2b: Kyurem\n|-damage|p2b: Kyurem|88/100\n|move|p2a: Articuno|Blizzard|p1a: Farigiraf|[spread] p1a\n|-activate|p1b: Ogerpon|move: Protect\n|-damage|p1a: Farigiraf|0 fnt\n|faint|p1a: Farigiraf\n|\n|-weather|Snowscape|[upkeep]\n|upkeep\n|\n|t:|1746044404\n|switch|p1a: Terapagos|Terapagos, L50, M|100/100\n|-activate|p1a: Terapagos|ability: Tera Shift\n|detailschange|p1a: Terapagos|Terapagos-Terastal, L50, M\n|-heal|p1a: Terapagos|100/100|[silent]\n|turn|4\n|\n|t:|1746044432\n|move|p1a: Terapagos|Calm Mind|p1a: Terapagos\n|-boost|p1a: Terapagos|spa|1\n|-boost|p1a: Terapagos|spd|1\n|move|p2b: Kyurem|Blizzard|p1b: Ogerpon|[spread] p1a,p1b\n|-activate|p1a: Terapagos|ability: Tera Shell\n|-resisted|p1a: Terapagos\n|-damage|p1a: Terapagos|86/100\n|-damage|p1b: Ogerpon|0 fnt\n|faint|p1b: Ogerpon\n|move|p2a: Articuno|Blizzard|p1a: Terapagos\n|-damage|p1a: Terapagos|61/100\n|\n|-weather|Snowscape|[upkeep]\n|upkeep\n|\n|t:|1746044443\n|switch|p1b: Miraidon|Miraidon, L50|100/100\n|-fieldstart|move: Electric Terrain|[from] ability: Hadron Engine|[of] p1b: Miraidon\n|turn|5\n|\n|t:|1746044460\n|move|p1a: Terapagos|Calm Mind|p1a: Terapagos\n|-boost|p1a: Terapagos|spa|1\n|-boost|p1a: Terapagos|spd|1\n|move|p2b: Kyurem|Glaciate|p1b: Miraidon|[spread] p1a,p1b\n|-supereffective|p1b: Miraidon\n|-damage|p1a: Terapagos|48/100\n|-damage|p1b: Miraidon|46/100\n|-unboost|p1b: Miraidon|spe|1\n|move|p1b: Miraidon|Dazzling Gleam|p2a: Articuno|[spread] p2a,p2b\n|-supereffective|p2b: Kyurem\n|-damage|p2a: Articuno|5/100\n|-damage|p2b: Kyurem|18/100\n|move|p2a: Articuno|Blizzard|p1a: Terapagos|[spread] p1a,p1b\n|-supereffective|p1b: Miraidon\n|-damage|p1a: Terapagos|35/100\n|-damage|p1b: Miraidon|0 fnt\n|faint|p1b: Miraidon\n|\n|-weather|none\n|-fieldend|move: Trick Room\n|upkeep\n|turn|6\n|\n|t:|1746044504\n|-terastallize|p1a: Terapagos|Stellar\n|detailschange|p1a: Terapagos|Terapagos-Stellar, L50, M, tera:Stellar\n|-heal|p1a: Terapagos|51/100|[silent]\n|-ability|p1a: Terapagos|Teraform Zero\n|-fieldend|move: Electric Terrain\n|move|p2a: Articuno|Light Screen|p2a: Articuno\n|-sidestart|p2: mavvyvgc|move: Light Screen\n|move|p2b: Kyurem|Glaciate|p1a: Terapagos\n|-damage|p1a: Terapagos|37/100\n|move|p1a: Terapagos|Tera Starstorm|p2b: Kyurem|[spread] p2a,p2b\n|-damage|p2a: Articuno|0 fnt\n|-damage|p2b: Kyurem|0 fnt\n|faint|p2a: Articuno\n|faint|p2b: Kyurem\n|\n|upkeep\n|\n|t:|1746044519\n|switch|p2a: Slowking|Slowking, L50, F|100/100\n|switch|p2b: Calyrex|Calyrex-Shadow, L50|20/100\n|-ability|p2b: Calyrex|As One\n|-ability|p2b: Calyrex|Unnerve\n|turn|7\n|\n|t:|1746044540\n|-terastallize|p2a: Slowking|Water\n|move|p2b: Calyrex|Dark Pulse|p1a: Terapagos\n|-damage|p1a: Terapagos|27/100\n|cant|p1a: Terapagos|flinch\n|move|p2a: Slowking|Hydro Pump|p1a: Terapagos\n|-damage|p1a: Terapagos|12/100\n|\n|upkeep\n|turn|8\n|\n|t:|1746044554\n|move|p2b: Calyrex|Dark Pulse|p1a: Terapagos\n|-damage|p1a: Terapagos|2/100\n|move|p1a: Terapagos|Tera Starstorm|p2a: Slowking|[spread] p2a,p2b\n|-supereffective|p2a: Slowking\n|-crit|p2b: Calyrex\n|-damage|p2a: Slowking|23/100\n|-damage|p2b: Calyrex|0 fnt\n|faint|p2b: Calyrex\n|move|p2a: Slowking|Hydro Pump|p1a: Terapagos|[miss]\n|-miss|p2a: Slowking|p1a: Terapagos\n|\n|upkeep\n|turn|9\n|c|\u2606mavvyvgc|no way\n|c|\u2606Saudasawdust|The flinch and then the miss\n|\n|t:|1746044590\n|move|p1a: Terapagos|Tera Starstorm|p2a: Slowking\n|-supereffective|p2a: Slowking\n|-damage|p2a: Slowking|0 fnt\n|faint|p2a: Slowking\n|\n|win|Saudasawdust\n|raw|Saudasawdust's rating: 1000 &rarr; <strong>1042</strong><br />(+42 for winning)\n|raw|mavvyvgc's rating: 1014 &rarr; <strong>1001</strong><br />(-13 for losing)\n|c|\u2606mavvyvgc|i shouldve used psychic lol\n|c|\u2606Saudasawdust|Yes\n|c|\u2606Saudasawdust|and not tera\n|l|\u2606Saudasawdust\n|player|p1|\n|c|\u2606mavvyvgc|that's true i knew it'd live i was just hoping the first hydro did it\n", "uploadtime": 1746044600, "views": 8, "formatid": "gen9vgc2025regibo3", "rating": 1001, "private": 0, "password": null}