{"id": "gen9vgc2025regibo3-2354640868", "format": "[Gen 9] VGC 2025 Reg I (Bo3)", "players": ["ChildofApollo", "lollo000"], "log": "|j|\u2606ChildofApollo\n|j|\u2606lollo000\n|html|<table width=\"100%\"><tr><td align=\"left\">ChildofApollo</td><td align=\"right\">lollo000</tr><tr><td align=\"left\"><i class=\"fa fa-circle-o\"></i> <i class=\"fa fa-circle-o\"></i> </td><td align=\"right\"><i class=\"fa fa-circle-o\"></i> <i class=\"fa fa-circle\"></i> </tr></table>\n|uhtml|bestof|<h2><strong>Game 2</strong> of <a href=\"/game-bestof3-gen9vgc2025regibo3-2354638017\">a best-of-3</a></h2>\n|t:|1746106108\n|gametype|doubles\n|player|p1|ChildofApollo|iris-gen5bw2|\n|player|p2|lollo000|265|\n|teamsize|p1|6\n|teamsize|p2|6\n|gen|9\n|tier|[Gen 9] VGC 2025 Reg I (Bo3)\n|rule|Species Clause: Limit one of each Pok\u00e9mon\n|rule|Item Clause: Limit 1 of each item\n|clearpoke\n|poke|p1|Zacian-*, L50|\n|poke|p1|Kyogre, L50|\n|poke|p1|Rillaboom, L50, M|\n|poke|p1|Tornadus, L50, M|\n|poke|p1|Chien-Pao, L50|\n|poke|p1|Urshifu-*, L50, F|\n|poke|p2|Calyrex-Shadow, L50|\n|poke|p2|Koraidon, L50|\n|poke|p2|Ditto, L50|\n|poke|p2|Brute Bonnet, L50|\n|poke|p2|Whimsicott, L50, F|\n|poke|p2|Chi-Yu, L50|\n|teampreview|4\n|showteam|p1|Zacian-Crowned||RustedSword|IntrepidSword|behemothblade,PlayRough,SacredSword,Protect||||||50|,,,,,Stellar]Kyogre||MysticWater|Drizzle|WaterSpout,OriginPulse,Thunder,Protect||||||50|,,,,,Grass]Rillaboom||AssaultVest|GrassySurge|FakeOut,WoodHammer,GrassyGlide,KnockOff|||M|||50|,,,,,Water]Tornadus||CovertCloak|Prankster|Tailwind,Hurricane,RainDance,Taunt|||M|||50|,,,,,Dark]Chien-Pao||FocusSash|SwordofRuin|IcicleCrash,SuckerPunch,ThroatChop,Protect||||||50|,,,,,Ghost]Urshifu-Rapid-Strike||ChoiceScarf|UnseenFist|SurgingStrikes,AquaJet,CloseCombat,Uturn|||F|||50|,,,,,Ghost\n|showteam|p2|Calyrex-Shadow||LifeOrb|AsOneSpectrier|AstralBarrage,Psychic,NastyPlot,Protect||||||50|,,,,,Dark]Koraidon||ClearAmulet|OrichalcumPulse|CollisionCourse,FlameCharge,FlareBlitz,Protect||||||50|,,,,,Fire]Ditto||FocusSash|Imposter|Transform||||||50|,,,,,Normal]Brute Bonnet||RockyHelmet|Protosynthesis|Spore,RagePowder,SuckerPunch,SeedBomb||||||50|,,,,,Water]Whimsicott||CovertCloak|Prankster|Moonblast,Tailwind,Taunt,Encore|||F|||50|,,,,,Dark]Chi-Yu||ChoiceScarf|BeadsofRuin|HeatWave,Snarl,Overheat,DarkPulse||||||50|,,,,,Ghost\n|\n|t:|1746106154\n|start\n|switch|p1a: Chien-Pao|Chien-Pao, L50|100/100\n|switch|p1b: PX-0|Urshifu-Rapid-Strike, L50, F|100/100\n|switch|p2a: Calyrex|Calyrex-Shadow, L50|100/100\n|switch|p2b: Whimsicott|Whimsicott, L50, F|100/100\n|-ability|p2a: Calyrex|As One\n|-ability|p2a: Calyrex|Unnerve\n|-ability|p1a: Chien-Pao|Sword of Ruin\n|turn|1\n|\n|t:|1746106202\n|-terastallize|p2a: Calyrex|Dark\n|move|p2b: Whimsicott|Tailwind|p2b: Whimsicott\n|-sidestart|p2: lollo000|move: Tailwind\n|move|p2a: Calyrex|Astral Barrage|p1b: PX-0|[spread] p1a,p1b\n|-resisted|p1a: Chien-Pao\n|-damage|p1a: Chien-Pao|44/100\n|-damage|p1b: PX-0|0 fnt\n|faint|p1b: PX-0\n|-ability|p2a: Calyrex|Grim Neigh|boost\n|-boost|p2a: Calyrex|spa|1\n|-damage|p2a: Calyrex|91/100|[from] item: Life Orb\n|move|p1a: Chien-Pao|Icicle Crash|p2a: Calyrex\n|-damage|p2a: Calyrex|22/100\n|\n|upkeep\n|\n|t:|1746106220\n|switch|p1b: Zoro|Zacian-Crowned, L50, shiny|100/100\n|-ability|p1b: Zoro|Intrepid Sword|boost\n|-boost|p1b: Zoro|atk|1\n|turn|2\n|\n|t:|1746106248\n|move|p2a: Calyrex|Protect|p2a: Calyrex\n|-singleturn|p2a: Calyrex|Protect\n|move|p1a: Chien-Pao|Protect|p1a: Chien-Pao\n|-singleturn|p1a: Chien-Pao|Protect\n|move|p2b: Whimsicott|Moonblast|p1a: Chien-Pao\n|-activate|p1a: Chien-Pao|move: Protect\n|move|p1b: Zoro|Sacred Sword|p2a: Calyrex\n|-activate|p2a: Calyrex|move: Protect\n|\n|upkeep\n|turn|3\n|\n|t:|1746106274\n|switch|p2a: Brute Bonnet|Brute Bonnet, L50|100/100\n|move|p2b: Whimsicott|Moonblast|p1a: Chien-Pao\n|-supereffective|p1a: Chien-Pao\n|-damage|p1a: Chien-Pao|0 fnt\n|faint|p1a: Chien-Pao\n|move|p1b: Zoro|Sacred Sword|p2a: Brute Bonnet\n|-supereffective|p2a: Brute Bonnet\n|-damage|p2a: Brute Bonnet|21/100\n|-damage|p1b: Zoro|84/100|[from] item: Rocky Helmet|[of] p2a: Brute Bonnet\n|\n|upkeep\n|\n|t:|1746106286\n|switch|p1a: Laboon|Kyogre, L50|100/100\n|-weather|RainDance|[from] ability: Drizzle|[of] p1a: Laboon\n|turn|4\n|\n|t:|1746106321\n|switch|p2b: Koraidon|Koraidon, L50|100/100\n|-weather|SunnyDay|[from] ability: Orichalcum Pulse|[of] p2b: Koraidon\n|-activate|p2a: Brute Bonnet|ability: Protosynthesis\n|-start|p2a: Brute Bonnet|protosynthesisdef\n|-activate|p2b: Koraidon|Orichalcum Pulse|[source]\n|move|p2a: Brute Bonnet|Spore|p1b: Zoro\n|-status|p1b: Zoro|slp|[from] move: Spore\n|cant|p1b: Zoro|slp\n|move|p1a: Laboon|Water Spout|p2b: Koraidon|[spread] p2a,p2b\n|-resisted|p2a: Brute Bonnet\n|-resisted|p2b: Koraidon\n|-damage|p2a: Brute Bonnet|2/100\n|-damage|p2b: Koraidon|82/100\n|\n|-weather|SunnyDay|[upkeep]\n|-sideend|p2: lollo000|move: Tailwind\n|upkeep\n|turn|5\n|\n|t:|1746106380\n|move|p1a: Laboon|Protect|p1a: Laboon\n|-singleturn|p1a: Laboon|Protect\n|move|p2a: Brute Bonnet|Sucker Punch||[still]\n|-fail|p2a: Brute Bonnet\n|cant|p1b: Zoro|slp\n|move|p2b: Koraidon|Flare Blitz|p1b: Zoro\n|-supereffective|p1b: Zoro\n|-damage|p1b: Zoro|0 fnt\n|faint|p1b: Zoro\n|-damage|p2b: Koraidon|55/100|[from] Recoil\n|\n|-weather|SunnyDay|[upkeep]\n|upkeep\n|turn|6\n|\n|t:|1746106399\n|move|p2a: Brute Bonnet|Sucker Punch|p1a: Laboon\n|-damage|p1a: Laboon|72/100\n|move|p2b: Koraidon|Collision Course|p1a: Laboon\n|-damage|p1a: Laboon|0 fnt\n|faint|p1a: Laboon\n|\n|win|lollo000\n|c|\u2606ChildofApollo|gg\n|c|\u2606lollo000|gg\n|c|\u2606ChildofApollo|fai te l'annuncio?\n|c|\u2606lollo000|sisi\n|l|\u2606ChildofApollo\n|player|p1|\n", "uploadtime": 1746106760, "views": 15, "formatid": "gen9vgc2025regibo3", "rating": null, "private": 0, "password": null}