{"id": "gen9vgc2025regibo3-2354531489", "format": "[Gen 9] VGC 2025 Reg I (Bo3)", "players": ["AFKKING_08", "ROMS LAB"], "log": "|j|\u2606AFKKING_08\n|j|\u2606ROMS LAB\n|html|<table width=\"100%\"><tr><td align=\"left\">AFKKING_08</td><td align=\"right\">ROMS LAB</tr><tr><td align=\"left\"><i class=\"fa fa-circle-o\"></i> <i class=\"fa fa-circle-o\"></i> </td><td align=\"right\"><i class=\"fa fa-circle-o\"></i> <i class=\"fa fa-circle-o\"></i> </tr></table>\n|uhtml|bestof|<h2><strong>Game 1</strong> of <a href=\"/game-bestof3-gen9vgc2025regibo3-2354531488\">a best-of-3</a></h2>\n|t:|1746089013\n|gametype|doubles\n|player|p1|AFKKING_08|ingo|1165\n|player|p2|ROMS LAB|skier|1192\n|teamsize|p1|6\n|teamsize|p2|6\n|gen|9\n|tier|[Gen 9] VGC 2025 Reg I (Bo3)\n|rated|\n|rule|Species Clause: Limit one of each Pok\u00e9mon\n|rule|Item Clause: Limit 1 of each item\n|clearpoke\n|poke|p1|Dialga-Origin, L50|\n|poke|p1|Indeedee-F, L50, F|\n|poke|p1|Ursaluna, L50, M|\n|poke|p1|Chi-Yu, L50|\n|poke|p1|Zamazenta-*, L50|\n|poke|p1|Raging Bolt, L50|\n|poke|p2|Miraidon, L50|\n|poke|p2|Calyrex-Shadow, L50|\n|poke|p2|Dondozo, L50, F|\n|poke|p2|Tatsugiri-Stretchy, L50, F|\n|poke|p2|Dragonite, L50, F|\n|poke|p2|Sneasler, L50, M|\n|teampreview|4\n|showteam|p1|Dialga-Origin||AdamantCrystal|Telepathy|FlashCannon,DracoMeteor,TrickRoom,Protect||||||50|,,,,,Fairy]Indeedee-F||PsychicSeed|PsychicSurge|FollowMe,TrickRoom,Psychic,Protect|||F|||50|,,,,,Fairy]Ursaluna||FlameOrb|Guts|Facade,HeadlongRush,Earthquake,Protect|||M|||50|,,,,,Ghost]Chi-Yu||ChoiceScarf|BeadsofRuin|HeatWave,DarkPulse,Overheat,Snarl||||||50|,,,,,Ghost]Zamazenta-Crowned||RustedShield|DauntlessShield|BodyPress,behemothbash,WideGuard,Protect||||||50|,,,,,Dragon]Raging Bolt||SafetyGoggles|Protosynthesis|Thunderclap,Thunderbolt,DragonPulse,Protect||||||50|,,,,,Electric\n|showteam|p2|Miraidon||ChoiceScarf|HadronEngine|ElectroDrift,VoltSwitch,DracoMeteor,DazzlingGleam||||||50|,,,,,Fairy]Calyrex-Shadow||FocusSash|AsOneSpectrier|Protect,AstralBarrage,Psychic,Encore||||||50|,,,,,Ghost]Dondozo||ClearAmulet|Unaware|Protect,OrderUp,Earthquake,WaveCrash|||F|||50|,,,,,Grass]Tatsugiri-Stretchy||EjectButton|Commander|Protect,HelpingHand,IcyWind,DracoMeteor|||F|||50|,,,,,Fairy]Dragonite||ChoiceBand|InnerFocus|ExtremeSpeed,Outrage,AerialAce,RockSlide|||F|||50|,,,,,Normal]Sneasler||ElectricSeed|Unburden|FakeOut,ToxicSpikes,CloseCombat,DireClaw|||M|||50|,,,,,Ghost\n|inactive|Battle timer is ON: inactive players will automatically lose when time's up. (requested by ROMS LAB)\n|inactive|AFKKING_08 also wants the timer to be on.\n|inactive|AFKKING_08 has 60 seconds left.\n|\n|t:|1746089070\n|start\n|switch|p1a: Indeedee|Indeedee-F, L50, F|100/100\n|switch|p1b: Dialga|Dialga-Origin, L50|100/100\n|switch|p2a: Sneasler|Sneasler, L50, M|100/100\n|switch|p2b: Miraidon|Miraidon, L50|100/100\n|-fieldstart|move: Electric Terrain|[from] ability: Hadron Engine|[of] p2b: Miraidon\n|-enditem|p2a: Sneasler|Electric Seed\n|-boost|p2a: Sneasler|def|1|[from] item: Electric Seed\n|-fieldstart|move: Psychic Terrain|[from] ability: Psychic Surge|[of] p1a: Indeedee\n|-enditem|p1a: Indeedee|Psychic Seed\n|-boost|p1a: Indeedee|spd|1|[from] item: Psychic Seed\n|turn|1\n|\n|t:|1746089094\n|move|p1a: Indeedee|Follow Me|p1a: Indeedee\n|-singleturn|p1a: Indeedee|move: Follow Me\n|move|p2a: Sneasler|Toxic Spikes|p1a: Indeedee\n|-sidestart|p1: AFKKING_08|move: Toxic Spikes\n|move|p2b: Miraidon|Volt Switch|p1a: Indeedee\n|-damage|p1a: Indeedee|75/100\n|\n|t:|1746089101\n|switch|p2b: Dondozo|Dondozo, L50, F|100/100|[from] Volt Switch\n|move|p1b: Dialga|Trick Room|p1b: Dialga\n|-fieldstart|move: Trick Room|[of] p1b: Dialga\n|\n|upkeep\n|turn|2\n|\n|t:|1746089119\n|move|p2b: Dondozo|Protect|p2b: Dondozo\n|-singleturn|p2b: Dondozo|Protect\n|move|p1a: Indeedee|Psychic|p2a: Sneasler\n|-supereffective|p2a: Sneasler\n|-damage|p2a: Sneasler|0 fnt\n|faint|p2a: Sneasler\n|move|p1b: Dialga|Draco Meteor|p2b: Dondozo\n|-activate|p2b: Dondozo|move: Protect\n|\n|upkeep\n|\n|t:|1746089124\n|switch|p2a: Tatsugiri|Tatsugiri-Stretchy, L50, F|100/100\n|-activate|p2a: Tatsugiri|ability: Commander|[of] p2b: Dondozo\n|-boost|p2b: Dondozo|atk|2\n|-boost|p2b: Dondozo|spa|2\n|-boost|p2b: Dondozo|spe|2\n|-boost|p2b: Dondozo|def|2\n|-boost|p2b: Dondozo|spd|2\n|turn|3\n|\n|t:|1746089138\n|move|p1a: Indeedee|Psychic|p2b: Dondozo\n|-damage|p2b: Dondozo|82/100\n|move|p1b: Dialga|Draco Meteor|p2b: Dondozo\n|-damage|p2b: Dondozo|30/100\n|-unboost|p1b: Dialga|spa|2\n|move|p2b: Dondozo|Earthquake|p1a: Indeedee|[spread] p1a,p1b\n|-miss|p2b: Dondozo|p2a: Tatsugiri\n|-supereffective|p1b: Dialga\n|-damage|p1a: Indeedee|25/100\n|-damage|p1b: Dialga|27/100\n|\n|upkeep\n|turn|4\n|\n|t:|1746089153\n|switch|p1a: Ursaluna|Ursaluna, L50, M|100/100\n|-status|p1a: Ursaluna|psn\n|move|p2b: Dondozo|Protect|p2b: Dondozo\n|-singleturn|p2b: Dondozo|Protect\n|move|p1b: Dialga|Draco Meteor|p2b: Dondozo\n|-activate|p2b: Dondozo|move: Protect\n|\n|-damage|p1a: Ursaluna|88/100 psn|[from] psn\n|upkeep\n|turn|5\n|\n|t:|1746089163\n|move|p2b: Dondozo|Protect||[still]\n|-fail|p2b: Dondozo\n|move|p1a: Ursaluna|Facade|p2b: Dondozo\n|-damage|p2b: Dondozo|0 fnt\n|faint|p2b: Dondozo\n|move|p1b: Dialga|Draco Meteor|p2a: Tatsugiri\n|-supereffective|p2a: Tatsugiri\n|-damage|p2a: Tatsugiri|0 fnt\n|-unboost|p1b: Dialga|spa|2\n|faint|p2a: Tatsugiri\n|\n|-damage|p1a: Ursaluna|76/100 psn|[from] psn\n|-fieldend|move: Trick Room\n|-fieldend|move: Psychic Terrain\n|upkeep\n|\n|t:|1746089166\n|switch|p2a: Miraidon|Miraidon, L50|100/100\n|-fieldstart|move: Electric Terrain|[from] ability: Hadron Engine|[of] p2a: Miraidon\n|turn|6\n|c|\u2606AFKKING_08|unaware be working against u\n|\n|t:|1746089188\n|switch|p1b: Indeedee|Indeedee-F, L50, F|25/100\n|-status|p1b: Indeedee|psn\n|-fieldstart|move: Psychic Terrain|[from] ability: Psychic Surge|[of] p1b: Indeedee\n|-terastallize|p2a: Miraidon|Fairy\n|move|p1a: Ursaluna|Protect|p1a: Ursaluna\n|-singleturn|p1a: Ursaluna|Protect\n|move|p2a: Miraidon|Dazzling Gleam|p1a: Ursaluna|[spread] p1b\n|-activate|p1a: Ursaluna|move: Protect\n|-damage|p1b: Indeedee|0 fnt\n|faint|p1b: Indeedee\n|\n|-damage|p1a: Ursaluna|64/100 psn|[from] psn\n|upkeep\n|c|\u2606AFKKING_08|U wont care abt my draco stat drops\n|\n|t:|1746089206\n|switch|p1b: Raging Bolt|Raging Bolt, L50|100/100\n|-status|p1b: Raging Bolt|psn\n|turn|7\n|\n|t:|1746089214\n|-terastallize|p1b: Raging Bolt|Electric\n|move|p2a: Miraidon|Dazzling Gleam|p1a: Ursaluna|[spread] p1a,p1b\n|-damage|p1a: Ursaluna|33/100 psn\n|-damage|p1b: Raging Bolt|75/100 psn\n|move|p1b: Raging Bolt|Thunderbolt|p2a: Miraidon\n|-damage|p2a: Miraidon|41/100\n|-status|p2a: Miraidon|par\n|move|p1a: Ursaluna|Headlong Rush|p2a: Miraidon\n|-damage|p2a: Miraidon|0 fnt\n|-unboost|p1a: Ursaluna|def|1\n|-unboost|p1a: Ursaluna|spd|1\n|faint|p2a: Miraidon\n|\n|win|AFKKING_08\n||ROMS LAB is ready for game 2.\n||AFKKING_08 is ready for game 2.\n|uhtml|next|Next: <a href=\"/battle-gen9vgc2025regibo3-2354532507\"><strong>Game 2 of 3</strong></a>\n|l|\u2606ROMS LAB\n|player|p2|\n|l|\u2606AFKKING_08\n|player|p1|\n", "uploadtime": 1746089749, "views": 12, "formatid": "gen9vgc2025regibo3", "rating": null, "private": 0, "password": null}