{"id": "gen9vgc2025regibo3-2354982664", "format": "[Gen 9] VGC 2025 Reg I (Bo3)", "players": ["SamSederEnjoyer", "checkered dragon"], "log": "|j|\u2606SamSederEnjoyer\n|j|\u2606checkered dragon\n|html|<table width=\"100%\"><tr><td align=\"left\">SamSederEnjoyer</td><td align=\"right\">checkered dragon</tr><tr><td align=\"left\"><i class=\"fa fa-circle-o\"></i> <i class=\"fa fa-circle-o\"></i> </td><td align=\"right\"><i class=\"fa fa-circle-o\"></i> <i class=\"fa fa-circle-o\"></i> </tr></table>\n|uhtml|bestof|<h2><strong>Game 1</strong> of <a href=\"/game-bestof3-gen9vgc2025regibo3-2354982663\">a best-of-3</a></h2>\n|t:|1746138460\n|gametype|doubles\n|player|p1|SamSederEnjoyer|102|1043\n|player|p2|checkered dragon|2|1036\n|teamsize|p1|6\n|teamsize|p2|6\n|gen|9\n|tier|[Gen 9] VGC 2025 Reg I (Bo3)\n|rated|\n|rule|Species Clause: Limit one of each Pok\u00e9mon\n|rule|Item Clause: Limit 1 of each item\n|clearpoke\n|poke|p1|Zapdos-Galar, L50|\n|poke|p1|Arcanine-Hisui, L50, M|\n|poke|p1|Arboliva, L50, M|\n|poke|p1|Groudon, L50|\n|poke|p1|Walking Wake, L50|\n|poke|p1|Wyrdeer, L50, F|\n|poke|p2|Koraidon, L50|\n|poke|p2|Lunala, L50|\n|poke|p2|Indeedee-F, L50, F|\n|poke|p2|Raging Bolt, L50|\n|poke|p2|Incineroar, L50, F|\n|poke|p2|Ogerpon-Cornerstone, L50, F|\n|teampreview|4\n|showteam|p1|Zapdos-Galar||Leftovers|Defiant|Tailwind,DoubleEdge,CloseCombat,BraveBird||||||50|,,,,,Fighting]Arcanine-Hisui||AssaultVest|RockHead|FlareBlitz,CloseCombat,ExtremeSpeed,RockSlide|||M|||50|,,,,,Fire]Arboliva||SitrusBerry|Harvest|LeechSeed,Encore,Protect,EnergyBall|||M|||50|,,,,,Grass]Groudon||WeaknessPolicy|Drought|PrecipiceBlades,Protect,HeatCrash,BrickBreak||||||50|,,,,,Fire]Walking Wake||FocusSash|Protosynthesis|HydroSteam,Protect,DracoMeteor,Flamethrower||||||50|,,,,,Fire]Wyrdeer||CovertCloak|Intimidate|TrickRoom,PsyshieldBash,Protect,BodySlam|||F|||50|,,,,,Normal\n|showteam|p2|Koraidon||LifeOrb|OrichalcumPulse|FlameCharge,FlareBlitz,Protect,CloseCombat||||||50|,,,,,Fire]Lunala||PowerHerb|ShadowShield|ExpandingForce,MeteorBeam,MoongeistBeam,Protect||||||50|,,,,,Water]Indeedee-F||RockyHelmet|PsychicSurge|FollowMe,HelpingHand,ShadowBall,TrickRoom|||F|||50|,,,,,Water]Raging Bolt||Leftovers|Protosynthesis|Electroweb,Thunderclap,Thunderbolt,Protect||||||50|,,,,,Fairy]Incineroar||SafetyGoggles|Intimidate|FakeOut,PartingShot,KnockOff,WillOWisp|||F|||50|,,,,,Bug]Ogerpon-Cornerstone||CornerstoneMask|Sturdy|PowerWhip,IvyCudgel,Protect,FollowMe|||F|||50|,,,,,Rock\n|inactive|Battle timer is ON: inactive players will automatically lose when time's up. (requested by checkered dragon)\n|inactive|checkered dragon has 60 seconds left.\n|inactive|checkered dragon has 30 seconds left.\n|\n|t:|1746138537\n|start\n|switch|p1a: Zapdos|Zapdos-Galar, L50|100/100\n|switch|p1b: Wyrdeer|Wyrdeer, L50, F|100/100\n|switch|p2a: Incineroar|Incineroar, L50, F|100/100\n|switch|p2b: Koraidon|Koraidon, L50|100/100\n|-weather|SunnyDay|[from] ability: Orichalcum Pulse|[of] p2b: Koraidon\n|-activate|p2b: Koraidon|Orichalcum Pulse|[source]\n|-ability|p1b: Wyrdeer|Intimidate|boost\n|-unboost|p2a: Incineroar|atk|1\n|-unboost|p2b: Koraidon|atk|1\n|-ability|p2a: Incineroar|Intimidate|boost\n|-unboost|p1a: Zapdos|atk|1\n|-ability|p1a: Zapdos|Defiant|boost\n|-boost|p1a: Zapdos|atk|2\n|-unboost|p1b: Wyrdeer|atk|1\n|turn|1\n|inactive|SamSederEnjoyer has 30 seconds left.\n|inactive|checkered dragon has 30 seconds left.\n|\n|t:|1746138565\n|move|p2b: Koraidon|Protect|p2b: Koraidon\n|-singleturn|p2b: Koraidon|Protect\n|move|p1a: Zapdos|Tailwind|p1a: Zapdos\n|-sidestart|p1: SamSederEnjoyer|move: Tailwind\n|move|p1b: Wyrdeer|Psyshield Bash|p2b: Koraidon\n|-activate|p2b: Koraidon|move: Protect\n|move|p2a: Incineroar|Will-O-Wisp|p1a: Zapdos\n|-status|p1a: Zapdos|brn\n|\n|-weather|SunnyDay|[upkeep]\n|-damage|p1a: Zapdos|95/100 brn|[from] brn\n|upkeep\n|turn|2\n|inactive|checkered dragon has 30 seconds left.\n|\n|t:|1746138593\n|switch|p2a: Indeedee|Indeedee-F, L50, F|100/100\n|-fieldstart|move: Psychic Terrain|[from] ability: Psychic Surge|[of] p2a: Indeedee\n|move|p1a: Zapdos|Close Combat|p2a: Indeedee\n|-damage|p2a: Indeedee|47/100\n|-unboost|p1a: Zapdos|def|1\n|-unboost|p1a: Zapdos|spd|1\n|-damage|p1a: Zapdos|79/100 brn|[from] item: Rocky Helmet|[of] p2a: Indeedee\n|move|p2b: Koraidon|Close Combat|p1b: Wyrdeer\n|-damage|p1b: Wyrdeer|26/100\n|-unboost|p2b: Koraidon|def|1\n|-unboost|p2b: Koraidon|spd|1\n|-damage|p2b: Koraidon|91/100|[from] item: Life Orb\n|move|p1b: Wyrdeer|Psyshield Bash|p2b: Koraidon\n|-supereffective|p2b: Koraidon\n|-damage|p2b: Koraidon|14/100\n|-boost|p1b: Wyrdeer|def|1\n|\n|-weather|SunnyDay|[upkeep]\n|-heal|p1a: Zapdos|84/100 brn|[from] item: Leftovers\n|-damage|p1a: Zapdos|79/100 brn|[from] brn\n|upkeep\n|turn|3\n|inactive|SamSederEnjoyer has 30 seconds left.\n|\n|t:|1746138621\n|move|p2b: Koraidon|Protect|p2b: Koraidon\n|-singleturn|p2b: Koraidon|Protect\n|move|p1b: Wyrdeer|Protect|p1b: Wyrdeer\n|-singleturn|p1b: Wyrdeer|Protect\n|move|p1a: Zapdos|Brave Bird|p2a: Indeedee\n|-damage|p2a: Indeedee|0 fnt\n|-damage|p1a: Zapdos|62/100 brn|[from] item: Rocky Helmet|[of] p2a: Indeedee\n|faint|p2a: Indeedee\n|-damage|p1a: Zapdos|51/100 brn|[from] Recoil\n|\n|-weather|SunnyDay|[upkeep]\n|-heal|p1a: Zapdos|57/100 brn|[from] item: Leftovers\n|-damage|p1a: Zapdos|51/100 brn|[from] brn\n|upkeep\n|\n|t:|1746138634\n|switch|p2a: Lunala|Lunala, L50|100/100\n|turn|4\n|\n|t:|1746138647\n|move|p1a: Zapdos|Brave Bird|p2b: Koraidon\n|-supereffective|p2b: Koraidon\n|-damage|p2b: Koraidon|0 fnt\n|faint|p2b: Koraidon\n|-damage|p1a: Zapdos|47/100 brn|[from] Recoil\n|move|p1b: Wyrdeer|Psyshield Bash|p2a: Lunala\n|-resisted|p2a: Lunala\n|-damage|p2a: Lunala|96/100\n|-boost|p1b: Wyrdeer|def|1\n|move|p2a: Lunala|Expanding Force|p1b: Wyrdeer|[spread] p1a,p1b\n|-supereffective|p1a: Zapdos\n|-resisted|p1b: Wyrdeer\n|-damage|p1a: Zapdos|0 fnt\n|-damage|p1b: Wyrdeer|0 fnt\n|faint|p1a: Zapdos\n|faint|p1b: Wyrdeer\n|\n|-weather|SunnyDay|[upkeep]\n|-sideend|p1: SamSederEnjoyer|move: Tailwind\n|upkeep\n|\n|t:|1746138665\n|switch|p2b: Incineroar|Incineroar, L50, F|100/100\n|switch|p1a: Arcanine|Arcanine-Hisui, L50, M|100/100\n|switch|p1b: Groudon|Groudon, L50|100/100\n|-ability|p2b: Incineroar|Intimidate|boost\n|-unboost|p1a: Arcanine|atk|1\n|-unboost|p1b: Groudon|atk|1\n|turn|5\n|inactive|checkered dragon has 30 seconds left.\n|\n|t:|1746138693\n|move|p1b: Groudon|Protect|p1b: Groudon\n|-singleturn|p1b: Groudon|Protect\n|move|p2a: Lunala|Expanding Force|p1a: Arcanine|[spread] p1a\n|-activate|p1b: Groudon|move: Protect\n|-damage|p1a: Arcanine|54/100\n|move|p1a: Arcanine|Rock Slide|p2a: Lunala|[spread] p2a,p2b\n|-supereffective|p2b: Incineroar\n|-damage|p2a: Lunala|80/100\n|-damage|p2b: Incineroar|67/100\n|cant|p2b: Incineroar|flinch\n|\n|-weather|none\n|upkeep\n|turn|6\n|inactive|checkered dragon has 30 seconds left.\n|\n|t:|1746138726\n|move|p2a: Lunala|Expanding Force|p1b: Groudon|[spread] p1a,p1b\n|-damage|p1a: Arcanine|9/100\n|-damage|p1b: Groudon|46/100\n|move|p1b: Groudon|Precipice Blades|p2b: Incineroar|[spread] p2a,p2b\n|-supereffective|p2b: Incineroar\n|-damage|p2a: Lunala|53/100\n|-damage|p2b: Incineroar|7/100\n|move|p1a: Arcanine|Rock Slide|p2b: Incineroar|[spread] p2a\n|-miss|p1a: Arcanine|p2b: Incineroar\n|-crit|p2a: Lunala\n|-damage|p2a: Lunala|17/100\n|move|p2b: Incineroar|Will-O-Wisp|p1b: Groudon\n|-status|p1b: Groudon|brn\n|\n|-damage|p1b: Groudon|40/100 brn|[from] brn\n|-fieldend|move: Psychic Terrain\n|upkeep\n|turn|7\n|inactive|SamSederEnjoyer has 30 seconds left.\n|inactive|checkered dragon has 30 seconds left.\n|inactive|checkered dragon has 20 seconds left.\n|inactive|checkered dragon has 15 seconds left.\n|inactive|SamSederEnjoyer has 20 seconds left.\n|\n|t:|1746138772\n|move|p2a: Lunala|Protect|p2a: Lunala\n|-singleturn|p2a: Lunala|Protect\n|move|p1a: Arcanine|Extreme Speed|p2b: Incineroar\n|-damage|p2b: Incineroar|0 fnt\n|faint|p2b: Incineroar\n|move|p1b: Groudon|Heat Crash|p2a: Lunala\n|-activate|p2a: Lunala|move: Protect\n|\n|-damage|p1b: Groudon|34/100 brn|[from] brn\n|upkeep\n|turn|8\n|\n|t:|1746138790\n|move|p2a: Lunala|Meteor Beam||[still]\n|-prepare|p2a: Lunala|Meteor Beam\n|-boost|p2a: Lunala|spa|1\n|-enditem|p2a: Lunala|Power Herb\n|-anim|p2a: Lunala|Meteor Beam|p1b: Groudon\n|-resisted|p1b: Groudon\n|-damage|p1b: Groudon|6/100 brn\n|move|p1a: Arcanine|Flare Blitz|p2a: Lunala\n|-damage|p2a: Lunala|0 fnt\n|faint|p2a: Lunala\n|\n|win|SamSederEnjoyer\n|l|\u2606checkered dragon\n|player|p2|\n|raw|SamSederEnjoyer's rating: 1043 &rarr; <strong>1076</strong><br />(+33 for winning)\n|raw|checkered dragon's rating: 1036 &rarr; <strong>1021</strong><br />(-15 for losing)\n|l|\u2606SamSederEnjoyer\n|player|p1|\n", "uploadtime": 1746139152, "views": 4, "formatid": "gen9vgc2025regibo3", "rating": 1021, "private": 0, "password": null}