{"id": "gen9vgc2025regibo3-2353542387", "format": "[Gen 9] VGC 2025 Reg I (Bo3)", "players": ["Icefxm", "easyboss9000"], "log": "|j|\u2606Icefxm\n|j|\u2606easyboss9000\n|html|<table width=\"100%\"><tr><td align=\"left\">Icefxm</td><td align=\"right\">easyboss9000</tr><tr><td align=\"left\"><i class=\"fa fa-circle-o\"></i> <i class=\"fa fa-circle-o\"></i> </td><td align=\"right\"><i class=\"fa fa-circle-o\"></i> <i class=\"fa fa-circle-o\"></i> </tr></table>\n|uhtml|bestof|<h2><strong>Game 1</strong> of <a href=\"/game-bestof3-gen9vgc2025regibo3-2353542386\">a best-of-3</a></h2>\n|t:|1745966345\n|gametype|doubles\n|player|p1|Icefxm|flannery|\n|player|p2|easyboss9000|cynthia-gen4|\n|teamsize|p1|6\n|teamsize|p2|6\n|gen|9\n|tier|[Gen 9] VGC 2025 Reg I (Bo3)\n|rule|Species Clause: Limit one of each Pok\u00e9mon\n|rule|Item Clause: Limit 1 of each item\n|clearpoke\n|poke|p1|Ursaluna, L50, M|\n|poke|p1|Decidueye-Hisui, L50, F|\n|poke|p1|Bronzong, L50|\n|poke|p1|Incineroar, L50, M|\n|poke|p1|Amoonguss, L50, F|\n|poke|p1|Cramorant, L50, F|\n|poke|p2|Cloyster, L50, F|\n|poke|p2|Appletun, L50, F|\n|poke|p2|Arboliva, L50, M|\n|poke|p2|Groudon, L50|\n|poke|p2|Altaria, L50, F|\n|poke|p2|Annihilape, L50, F|\n|teampreview|4\n|showteam|p1|Ursaluna||FlameOrb|Guts|Earthquake,Facade,Protect,Roar|||M|||50|,,,,,Ground]Decidueye-Hisui||Leftovers|Scrappy|BatonPass,BulkUp,GigaDrain,TripleArrows|||F|||50|,,,,,Normal]Bronzong||FocusSash|Levitate|TrickRoom,Protect,BodyPress,IronHead||||||50|,,,,,Water]Incineroar||LifeOrb|Intimidate|DarkestLariat,FlareBlitz,FakeOut,KnockOff|||M|||50|,,,,,Fire]Amoonguss||AguavBerry|Regenerator|GigaDrain,Spore,SludgeBomb,PollenPuff|||F|||50|,,,,,Fairy]Cramorant||AssaultVest|GulpMissile|Surf,Protect,Defog,Liquidation|||F|||50|,,,,,Flying\n|showteam|p2|Cloyster||WhiteHerb|SkillLink|ShellSmash,IcicleSpear,Waterfall,DrillRun|||F|||50|,,,,,Water]Appletun||BigRoot|ThickFat|LeechSeed,Protect,Substitute,BodyPress|||F|||50|,,,,,Grass]Arboliva||SitrusBerry|Harvest|DazzlingGleam,Protect,StrengthSap,WeatherBall|||M|||50|,,,,,Grass]Groudon||IapapaBerry|Drought|SwordsDance,PrecipiceBlades,HeatCrash,ThunderWave||||||50|,,,,,Ground]Altaria||Leftovers|NaturalCure|PlayRough,BraveBird,DragonDance,WillOWisp|||F|||50|,,,,,Flying]Annihilape||LifeOrb|Defiant|BulkUp,RageFist,DrainPunch,Encore|||F|||50|,,,,,Fighting\n|\n|t:|1745966368\n|start\n|switch|p1a: evil bird oc|Decidueye-Hisui, L50, F|100/100\n|switch|p1b: BELL|Bronzong, L50|100/100\n|switch|p2a: Groudon|Groudon, L50|100/100\n|switch|p2b: Arboliva|Arboliva, L50, M|100/100\n|-weather|SunnyDay|[from] ability: Drought|[of] p2a: Groudon\n|turn|1\n|inactive|Battle timer is ON: inactive players will automatically lose when time's up. (requested by Icefxm)\n|\n|t:|1745966389\n|move|p2a: Groudon|Thunder Wave|p1a: evil bird oc\n|-status|p1a: evil bird oc|par\n|move|p2b: Arboliva|Weather Ball|p1b: BELL\n|-supereffective|p1b: BELL\n|-damage|p1b: BELL|18/100\n|move|p1a: evil bird oc|Bulk Up|p1a: evil bird oc\n|-boost|p1a: evil bird oc|atk|1\n|-boost|p1a: evil bird oc|def|1\n|move|p1b: BELL|Trick Room|p1b: BELL\n|-fieldstart|move: Trick Room|[of] p1b: BELL\n|\n|-weather|SunnyDay|[upkeep]\n|upkeep\n|turn|2\n|\n|t:|1745966403\n|switch|p1b: freddy fazbear|Ursaluna, L50, M, shiny|100/100\n|move|p1a: evil bird oc|Baton Pass|p1a: evil bird oc\n|\n|t:|1745966425\n|switch|p1a: neow :3|Incineroar, L50, M|100/100|[from] Baton Pass\n|-ability|p1a: neow :3|Intimidate|boost\n|-unboost|p2a: Groudon|atk|1\n|-unboost|p2b: Arboliva|atk|1\n|move|p2b: Arboliva|Weather Ball|p1b: freddy fazbear\n|-damage|p1b: freddy fazbear|63/100\n|move|p2a: Groudon|Swords Dance|p2a: Groudon\n|-boost|p2a: Groudon|atk|2\n|\n|-weather|SunnyDay|[upkeep]\n|-status|p1b: freddy fazbear|brn|[from] item: Flame Orb\n|upkeep\n|turn|3\n|\n|t:|1745966447\n|move|p2b: Arboliva|Protect|p2b: Arboliva\n|-singleturn|p2b: Arboliva|Protect\n|move|p1a: neow :3|Fake Out|p2b: Arboliva\n|-activate|p2b: Arboliva|move: Protect\n|move|p2a: Groudon|Precipice Blades|p1a: neow :3|[spread] p1a,p1b\n|-supereffective|p1a: neow :3\n|-damage|p1a: neow :3|0 fnt\n|-damage|p1b: freddy fazbear|5/100 brn\n|faint|p1a: neow :3\n|move|p1b: freddy fazbear|Roar|p2a: Groudon\n|drag|p2a: Cloyster|Cloyster, L50, F|100/100\n|\n|-weather|SunnyDay|[upkeep]\n|-damage|p1b: freddy fazbear|0 fnt|[from] brn\n|faint|p1b: freddy fazbear\n|upkeep\n|\n|t:|1745966465\n|switch|p1b: BELL|Bronzong, L50|18/100\n|switch|p1a: evil bird oc|Decidueye-Hisui, L50, F|100/100 par\n|turn|4\n|\n|t:|1745966475\n|move|p1b: BELL|Protect|p1b: BELL\n|-singleturn|p1b: BELL|Protect\n|move|p1a: evil bird oc|Giga Drain|p2a: Cloyster\n|-supereffective|p2a: Cloyster\n|-crit|p2a: Cloyster\n|-damage|p2a: Cloyster|0 fnt\n|faint|p2a: Cloyster\n|move|p2b: Arboliva|Weather Ball|p1b: BELL\n|-activate|p1b: BELL|move: Protect\n|\n|-weather|SunnyDay|[upkeep]\n|upkeep\n|\n|t:|1745966481\n|switch|p2a: Groudon|Groudon, L50|100/100\n|turn|5\n|\n|t:|1745966496\n|move|p1b: BELL|Protect|p1b: BELL\n|-singleturn|p1b: BELL|Protect\n|move|p1a: evil bird oc|Giga Drain|p2a: Groudon\n|-supereffective|p2a: Groudon\n|-damage|p2a: Groudon|51/100\n|move|p2b: Arboliva|Dazzling Gleam|p1b: BELL|[spread] p1a\n|-activate|p1b: BELL|move: Protect\n|-supereffective|p1a: evil bird oc\n|-damage|p1a: evil bird oc|71/100 par\n|move|p2a: Groudon|Swords Dance|p2a: Groudon\n|-boost|p2a: Groudon|atk|2\n|\n|-weather|none\n|-heal|p1a: evil bird oc|77/100 par|[from] item: Leftovers\n|-fieldend|move: Trick Room\n|upkeep\n|turn|6\n|inactive|Icefxm has 30 seconds left.\n|inactive|easyboss9000 has 30 seconds left.\n|\n|t:|1745966530\n|move|p2a: Groudon|Heat Crash|p1b: BELL\n|-supereffective|p1b: BELL\n|-crit|p1b: BELL\n|-damage|p1b: BELL|0 fnt\n|faint|p1b: BELL\n|move|p2b: Arboliva|Strength Sap|p1a: evil bird oc\n|-unboost|p1a: evil bird oc|atk|1\n|move|p1a: evil bird oc|Giga Drain|p2a: Groudon\n|-supereffective|p2a: Groudon\n|-damage|p2a: Groudon|2/100\n|-heal|p1a: evil bird oc|100/100 par|[from] drain|[of] p2a: Groudon\n|-enditem|p2a: Groudon|Iapapa Berry|[eat]\n|-heal|p2a: Groudon|35/100|[from] item: Iapapa Berry\n|\n|upkeep\n|turn|7\n|inactive|easyboss9000 has 30 seconds left.\n|inactive|easyboss9000 has 20 seconds left.\n|inactive|easyboss9000 has 15 seconds left.\n|inactive|easyboss9000 has 10 seconds left.\n|inactive|easyboss9000 has 5 seconds left.\n|\n|t:|1745966585\n|move|p2a: Groudon|Swords Dance|p2a: Groudon\n|-boost|p2a: Groudon|atk|2\n|move|p2b: Arboliva|Dazzling Gleam|p1a: evil bird oc\n|-supereffective|p1a: evil bird oc\n|-damage|p1a: evil bird oc|54/100 par\n|move|p1a: evil bird oc|Giga Drain|p2a: Groudon\n|-supereffective|p2a: Groudon\n|-damage|p2a: Groudon|0 fnt\n|-heal|p1a: evil bird oc|74/100 par|[from] drain|[of] p2a: Groudon\n|faint|p2a: Groudon\n|\n|-heal|p1a: evil bird oc|80/100 par|[from] item: Leftovers\n|upkeep\n|\n|t:|1745966601\n|switch|p2a: Appletun|Appletun, L50, F|100/100\n|turn|8\n|\n|t:|1745966621\n|move|p2b: Arboliva|Dazzling Gleam|p1a: evil bird oc\n|-supereffective|p1a: evil bird oc\n|-damage|p1a: evil bird oc|38/100 par\n|move|p2a: Appletun|Substitute|p2a: Appletun\n|-start|p2a: Appletun|Substitute\n|-damage|p2a: Appletun|76/100\n|move|p1a: evil bird oc|Triple Arrows|p2b: Arboliva\n|-supereffective|p2b: Arboliva\n|-damage|p2b: Arboliva|42/100\n|-unboost|p2b: Arboliva|def|1\n|-enditem|p2b: Arboliva|Sitrus Berry|[eat]\n|-heal|p2b: Arboliva|67/100|[from] item: Sitrus Berry\n|\n|-heal|p1a: evil bird oc|44/100 par|[from] item: Leftovers\n|-item|p2b: Arboliva|Sitrus Berry|[from] ability: Harvest\n|upkeep\n|turn|9\n|\n|t:|1745966637\n|move|p2b: Arboliva|Strength Sap|p1a: evil bird oc\n|-unboost|p1a: evil bird oc|atk|1\n|-heal|p2b: Arboliva|100/100\n|move|p2a: Appletun|Body Press|p1a: evil bird oc\n|-damage|p1a: evil bird oc|29/100 par\n|cant|p1a: evil bird oc|par\n|\n|-heal|p1a: evil bird oc|35/100 par|[from] item: Leftovers\n|upkeep\n|turn|10\n|\n|t:|1745966651\n|move|p2b: Arboliva|Dazzling Gleam|p1a: evil bird oc\n|-supereffective|p1a: evil bird oc\n|-damage|p1a: evil bird oc|0 fnt\n|faint|p1a: evil bird oc\n|\n|win|easyboss9000\n||easyboss9000 is ready for game 2.\n||Icefxm is ready for game 2.\n|uhtml|next|Next: <a href=\"/battle-gen9vgc2025regibo3-2353545162\"><strong>Game 2 of 3</strong></a>\n|l|\u2606easyboss9000\n|player|p2|\n", "uploadtime": 1745966983, "views": 6, "formatid": "gen9vgc2025regibo3", "rating": null, "private": 0, "password": null}