{"id": "gen9vgc2025regibo3-2354597694", "format": "[Gen 9] VGC 2025 Reg I (Bo3)", "players": ["eag233", "Jean CHASUBLE 1"], "log": "|j|\u2606eag233\n|j|\u2606Jean CHASUBLE 1\n|html|<table width=\"100%\"><tr><td align=\"left\">eag233</td><td align=\"right\">Jean CHASUBLE 1</tr><tr><td align=\"left\"><i class=\"fa fa-circle\"></i> <i class=\"fa fa-circle-o\"></i> </td><td align=\"right\"><i class=\"fa fa-circle-o\"></i> <i class=\"fa fa-circle-o\"></i> </tr></table>\n|uhtml|bestof|<h2><strong>Game 2</strong> of <a href=\"/game-bestof3-gen9vgc2025regibo3-2354594909\">a best-of-3</a></h2>\n|t:|1746100743\n|gametype|doubles\n|player|p1|eag233|n|1204\n|player|p2|Jean CHASUBLE 1|cheren-gen5bw2|1199\n|teamsize|p1|6\n|teamsize|p2|6\n|gen|9\n|tier|[Gen 9] VGC 2025 Reg I (Bo3)\n|rated|\n|rule|Species Clause: Limit one of each Pok\u00e9mon\n|rule|Item Clause: Limit 1 of each item\n|clearpoke\n|poke|p1|Ting-Lu, L50|\n|poke|p1|Calyrex-Shadow, L50|\n|poke|p1|Zamazenta-*, L50|\n|poke|p1|Amoonguss, L50, F|\n|poke|p1|Whimsicott, L50, F|\n|poke|p1|Gyarados, L50, M|\n|poke|p2|Kyogre, L50|\n|poke|p2|Zacian-*, L50|\n|poke|p2|Tornadus, L50, M|\n|poke|p2|Landorus, L50, M|\n|poke|p2|Amoonguss, L50, M|\n|poke|p2|Urshifu-*, L50, F|\n|teampreview|4\n|showteam|p1|Ting-Lu||SafetyGoggles|VesselofRuin|StompingTantrum,Ruination,StealthRock,Protect||||||50|,,,,,Poison]Calyrex-Shadow||FocusSash|AsOneSpectrier|PollenPuff,AstralBarrage,Psyshock,Protect||||||50|,,,,,Normal]Zamazenta-Crowned||RustedShield|DauntlessShield|BodyPress,HeavySlam,WideGuard,Protect||||||50|,,,,,Dragon]Amoonguss||RockyHelmet|Regenerator|Protect,Spore,SludgeBomb,RagePowder|||F|||50|,,,,,Water]Whimsicott||CovertCloak|Prankster|HelpingHand,Encore,Moonblast,Tailwind|||F|||50|,,,,,Grass]Gyarados||MentalHerb|Intimidate|Taunt,DragonTail,ThunderWave,Protect|||M|||50|,,,,,Ground\n|showteam|p2|Kyogre||AssaultVest|Drizzle|Thunder,WaterSpout,IceBeam,HydroPump||||||50|,,,,,Grass]Zacian-Crowned||RustedSword|IntrepidSword|Protect,PlayRough,behemothblade,SacredSword||||||50|,,,,,Fairy]Tornadus||CovertCloak|Prankster|Tailwind,Taunt,BleakwindStorm,RainDance|||M|||50|,,,,,Dark]Landorus||LifeOrb|SheerForce|EarthPower,SandsearStorm,SludgeBomb,Protect|||M|||50|,,,,,Poison]Amoonguss||RockyHelmet|Regenerator|Spore,PollenPuff,Protect,RagePowder|||M|||50|,,,,,Water]Urshifu-Rapid-Strike||ChoiceScarf|UnseenFist|SurgingStrikes,Uturn,AquaJet,CloseCombat|||F|||50|,,,,,Water\n|\n|t:|1746100777\n|start\n|switch|p1a: Zamazenta|Zamazenta-Crowned, L50|100/100\n|switch|p1b: Ting-Lu|Ting-Lu, L50|100/100\n|switch|p2a: Tornadus|Tornadus, L50, M|100/100\n|switch|p2b: Landorus|Landorus, L50, M|100/100\n|-ability|p1a: Zamazenta|Dauntless Shield|boost\n|-boost|p1a: Zamazenta|def|1\n|-ability|p1b: Ting-Lu|Vessel of Ruin\n|turn|1\n|\n|t:|1746100822\n|move|p1a: Zamazenta|Protect|p1a: Zamazenta\n|-singleturn|p1a: Zamazenta|Protect\n|move|p2a: Tornadus|Taunt|p1a: Zamazenta\n|-activate|p1a: Zamazenta|move: Protect\n|move|p2b: Landorus|Sandsear Storm|p1a: Zamazenta|[spread] p1b\n|-activate|p1a: Zamazenta|move: Protect\n|-damage|p1b: Ting-Lu|63/100\n|move|p1b: Ting-Lu|Stealth Rock|p2a: Tornadus\n|-sidestart|p2: Jean CHASUBLE 1|move: Stealth Rock\n|\n|upkeep\n|turn|2\n|\n|t:|1746100849\n|-terastallize|p1a: Zamazenta|Dragon\n|move|p2a: Tornadus|Taunt|p1a: Zamazenta\n|-start|p1a: Zamazenta|move: Taunt\n|move|p2b: Landorus|Sandsear Storm|p1a: Zamazenta|[spread] p1a,p1b\n|-damage|p1a: Zamazenta|66/100\n|-damage|p1b: Ting-Lu|32/100\n|move|p1a: Zamazenta|Heavy Slam|p2b: Landorus\n|-damage|p2b: Landorus|36/100\n|move|p1b: Ting-Lu|Ruination|p2a: Tornadus\n|-damage|p2a: Tornadus|50/100\n|\n|upkeep\n|turn|3\n|\n|t:|1746100876\n|move|p1b: Ting-Lu|Protect|p1b: Ting-Lu\n|-singleturn|p1b: Ting-Lu|Protect\n|move|p2a: Tornadus|Tailwind|p2a: Tornadus\n|-sidestart|p2: Jean CHASUBLE 1|move: Tailwind\n|move|p2b: Landorus|Sandsear Storm|p1a: Zamazenta|[spread] p1a\n|-activate|p1b: Ting-Lu|move: Protect\n|-damage|p1a: Zamazenta|36/100\n|move|p1a: Zamazenta|Heavy Slam|p2b: Landorus\n|-damage|p2b: Landorus|0 fnt\n|faint|p2b: Landorus\n|\n|upkeep\n|\n|t:|1746100895\n|switch|p2b: Zacian|Zacian-Crowned, L50|100/100\n|-damage|p2b: Zacian|94/100|[from] Stealth Rock\n|-ability|p2b: Zacian|Intrepid Sword|boost\n|-boost|p2b: Zacian|atk|1\n|turn|4\n|\n|t:|1746100921\n|move|p2b: Zacian|Behemoth Blade|p1b: Ting-Lu\n|-damage|p1b: Ting-Lu|0 fnt\n|faint|p1b: Ting-Lu\n|move|p2a: Tornadus|Bleakwind Storm|p1a: Zamazenta\n|-damage|p1a: Zamazenta|8/100\n|-unboost|p1a: Zamazenta|spe|1\n|move|p1a: Zamazenta|Body Press|p2b: Zacian\n|-damage|p2b: Zacian|28/100\n|\n|-end|p1a: Zamazenta|move: Taunt\n|upkeep\n|\n|t:|1746100941\n|switch|p1b: Amoonguss|Amoonguss, L50, F|100/100\n|turn|5\n|\n|t:|1746100957\n|move|p1a: Zamazenta|Protect|p1a: Zamazenta\n|-singleturn|p1a: Zamazenta|Protect\n|move|p1b: Amoonguss|Protect|p1b: Amoonguss\n|-singleturn|p1b: Amoonguss|Protect\n|move|p2a: Tornadus|Taunt|p1b: Amoonguss\n|-activate|p1b: Amoonguss|move: Protect\n|move|p2b: Zacian|Behemoth Blade|p1a: Zamazenta\n|-activate|p1a: Zamazenta|move: Protect\n|\n|upkeep\n|turn|6\n|\n|t:|1746100979\n|move|p1b: Amoonguss|Rage Powder|p1b: Amoonguss\n|-singleturn|p1b: Amoonguss|move: Rage Powder\n|move|p2a: Tornadus|Taunt|p1b: Amoonguss\n|-start|p1b: Amoonguss|move: Taunt\n|move|p2b: Zacian|Behemoth Blade|p1b: Amoonguss\n|-damage|p1b: Amoonguss|25/100\n|-damage|p2b: Zacian|11/100|[from] item: Rocky Helmet|[of] p1b: Amoonguss\n|move|p1a: Zamazenta|Heavy Slam|p2a: Tornadus\n|-damage|p2a: Tornadus|6/100\n|\n|-sideend|p2: Jean CHASUBLE 1|move: Tailwind\n|upkeep\n|turn|7\n|\n|t:|1746101010\n|move|p2b: Zacian|Protect|p2b: Zacian\n|-singleturn|p2b: Zacian|Protect\n|move|p2a: Tornadus|Tailwind|p2a: Tornadus\n|-sidestart|p2: Jean CHASUBLE 1|move: Tailwind\n|move|p1a: Zamazenta|Body Press|p2b: Zacian\n|-activate|p2b: Zacian|move: Protect\n|move|p1b: Amoonguss|Sludge Bomb|p2a: Tornadus\n|-damage|p2a: Tornadus|0 fnt\n|faint|p2a: Tornadus\n|\n|upkeep\n|\n|t:|1746101019\n|switch|p2a: Urshifu|Urshifu-Rapid-Strike, L50, F|100/100\n|-damage|p2a: Urshifu|94/100|[from] Stealth Rock\n|turn|8\n|inactive|Battle timer is ON: inactive players will automatically lose when time's up. (requested by Jean CHASUBLE 1)\n|\n|t:|1746101052\n|-terastallize|p2a: Urshifu|Water\n|move|p1a: Zamazenta|Protect|p1a: Zamazenta\n|-singleturn|p1a: Zamazenta|Protect\n|move|p2a: Urshifu|Surging Strikes|p1b: Amoonguss\n|-resisted|p1b: Amoonguss\n|-crit|p1b: Amoonguss\n|-damage|p1b: Amoonguss|11/100\n|-damage|p2a: Urshifu|78/100|[from] item: Rocky Helmet|[of] p1b: Amoonguss\n|-resisted|p1b: Amoonguss\n|-crit|p1b: Amoonguss\n|-damage|p1b: Amoonguss|0 fnt\n|-damage|p2a: Urshifu|61/100|[from] item: Rocky Helmet|[of] p1b: Amoonguss\n|faint|p1b: Amoonguss\n|-hitcount|p1: Amoonguss|2\n|move|p2b: Zacian|Behemoth Blade|p1a: Zamazenta\n|-activate|p1a: Zamazenta|move: Protect\n|\n|upkeep\n|\n|t:|1746101067\n|switch|p1b: Calyrex|Calyrex-Shadow, L50|100/100\n|-ability|p1b: Calyrex|As One\n|-ability|p1b: Calyrex|Unnerve\n|turn|9\n|\n|t:|1746101084\n|move|p2a: Urshifu|Surging Strikes|p1b: Calyrex\n|-crit|p1b: Calyrex\n|-damage|p1b: Calyrex|60/100\n|-crit|p1b: Calyrex\n|-damage|p1b: Calyrex|23/100\n|-crit|p1b: Calyrex\n|-damage|p1b: Calyrex|0 fnt\n|faint|p1b: Calyrex\n|-hitcount|p1: Calyrex|3\n|move|p2b: Zacian|Behemoth Blade|p1a: Zamazenta\n|-damage|p1a: Zamazenta|0 fnt\n|faint|p1a: Zamazenta\n|\n|win|Jean CHASUBLE 1\n|inactive|eag233 has 30 seconds to confirm battle start!\n|inactive|Jean CHASUBLE 1 has 30 seconds to confirm battle start!\n|raw|eag233's rating: 1204 &rarr; <strong>1179</strong><br />(-25 for losing)\n|raw|Jean CHASUBLE 1's rating: 1199 &rarr; <strong>1224</strong><br />(+25 for winning)\n", "uploadtime": 1746101096, "views": 10, "formatid": "gen9vgc2025regibo3", "rating": 1179, "private": 0, "password": null}