{"id": "gen9vgc2025regibo3-2353719548", "format": "[Gen 9] VGC 2025 Reg I (Bo3)", "players": ["bnma123", "DiamondNate"], "log": "|j|\u2606bnma123\n|j|\u2606DiamondNate\n|html|<table width=\"100%\"><tr><td align=\"left\">bnma123</td><td align=\"right\">DiamondNate</tr><tr><td align=\"left\"><i class=\"fa fa-circle-o\"></i> <i class=\"fa fa-circle-o\"></i> </td><td align=\"right\"><i class=\"fa fa-circle-o\"></i> <i class=\"fa fa-circle\"></i> </tr></table>\n|uhtml|bestof|<h2><strong>Game 2</strong> of <a href=\"/game-bestof3-gen9vgc2025regibo3-2353717953\">a best-of-3</a></h2>\n|t:|1745988315\n|gametype|doubles\n|player|p1|bnma123|170|1108\n|player|p2|DiamondNate|acetrainerf-gen4dp|1136\n|teamsize|p1|6\n|teamsize|p2|5\n|gen|9\n|tier|[Gen 9] VGC 2025 Reg I (Bo3)\n|rated|\n|rule|Species Clause: Limit one of each Pok\u00e9mon\n|rule|Item Clause: Limit 1 of each item\n|clearpoke\n|poke|p1|Incineroar, L50, M|\n|poke|p1|Calyrex-Shadow, L50|\n|poke|p1|Zamazenta-*, L50|\n|poke|p1|Urshifu-*, L50, F|\n|poke|p1|Iron Hands, L50|\n|poke|p1|Scream Tail, L50|\n|poke|p2|Miraidon, L50|\n|poke|p2|Zamazenta-*, L50|\n|poke|p2|Whimsicott, L50, M|\n|poke|p2|Incineroar, L50, F|\n|poke|p2|Farigiraf, L50, F|\n|teampreview|4\n|showteam|p1|Incineroar||SafetyGoggles|Intimidate|PartingShot,FakeOut,KnockOff,Protect|||M|||50|,,,,,Ghost]Calyrex-Shadow||WeaknessPolicy|AsOneSpectrier|AstralBarrage,Protect,BatonPass,TeraBlast||||||50|,,,,,Normal]Zamazenta-Crowned||RustedShield|DauntlessShield|BodyPress,WideGuard,behemothbash,IronDefense||||||50|,,,,,Fighting]Urshifu||ChoiceScarf|UnseenFist|WickedBlow,CloseCombat,Uturn,SuckerPunch|||F|||50|,,,,,Dark]Iron Hands||AssaultVest|QuarkDrive|DrainPunch,ThunderPunch,HeavySlam,FakeOut||||||50|,,,,,Fighting]Scream Tail||BoosterEnergy|Protosynthesis|Encore,Disable,PerishSong,DrainPunch||||||50|,,,,,Dark\n|showteam|p2|Miraidon||ChoiceSpecs|HadronEngine|ElectroDrift,DragonPulse,VoltSwitch,DazzlingGleam||||||50|,,,,,Fairy]Zamazenta-Crowned||RustedShield|DauntlessShield|BodyPress,HeavySlam,WideGuard,Protect||||||50|,,,,,Dragon]Whimsicott||CovertCloak|Prankster|Moonblast,Tailwind,Encore,LightScreen|||M|||50|,,,,,Fire]Incineroar||SitrusBerry|Intimidate|KnockOff,HelpingHand,PartingShot,FakeOut|||F|||50|,,,,,Grass]Farigiraf||ThroatSpray|ArmorTail|HyperVoice,Imprison,TrickRoom,Protect|||F|||50|,,,,,Dark\n|inactive|Battle timer is ON: inactive players will automatically lose when time's up. (requested by DiamondNate)\n|inactive|bnma123 has 60 seconds left.\n|inactive|DiamondNate has 60 seconds left.\n|\n|t:|1745988360\n|start\n|switch|p1a: Incineroar|Incineroar, L50, M|100/100\n|switch|p1b: Calyrex|Calyrex-Shadow, L50|100/100\n|switch|p2a: Whimsicott|Whimsicott, L50, M|100/100\n|switch|p2b: Miraidon|Miraidon, L50|100/100\n|-ability|p1b: Calyrex|As One\n|-ability|p1b: Calyrex|Unnerve\n|-fieldstart|move: Electric Terrain|[from] ability: Hadron Engine|[of] p2b: Miraidon\n|-ability|p1a: Incineroar|Intimidate|boost\n|-unboost|p2a: Whimsicott|atk|1\n|-unboost|p2b: Miraidon|atk|1\n|turn|1\n|\n|t:|1745988381\n|switch|p2b: Incineroar|Incineroar, L50, F|100/100\n|-ability|p2b: Incineroar|Intimidate|boost\n|-unboost|p1a: Incineroar|atk|1\n|-unboost|p1b: Calyrex|atk|1\n|move|p1a: Incineroar|Fake Out|p2b: Incineroar\n|-damage|p2b: Incineroar|93/100\n|move|p2a: Whimsicott|Light Screen|p2a: Whimsicott\n|-sidestart|p2: DiamondNate|move: Light Screen\n|move|p1b: Calyrex|Astral Barrage|p2b: Incineroar|[spread] p2a,p2b\n|-resisted|p2b: Incineroar\n|-damage|p2a: Whimsicott|52/100\n|-damage|p2b: Incineroar|76/100\n|\n|upkeep\n|turn|2\n|inactive|bnma123 has 30 seconds left.\n|inactive|bnma123 has 20 seconds left.\n|\n|t:|1745988418\n|switch|p1b: Zamazenta|Zamazenta-Crowned, L50|100/100\n|-ability|p1b: Zamazenta|Dauntless Shield|boost\n|-boost|p1b: Zamazenta|def|1\n|move|p2a: Whimsicott|Tailwind|p2a: Whimsicott\n|-sidestart|p2: DiamondNate|move: Tailwind\n|move|p2b: Incineroar|Knock Off|p1b: Zamazenta\n|-resisted|p1b: Zamazenta\n|-damage|p1b: Zamazenta|94/100\n|move|p1a: Incineroar|Knock Off|p2b: Incineroar\n|-resisted|p2b: Incineroar\n|-damage|p2b: Incineroar|65/100\n|-enditem|p2b: Incineroar|Sitrus Berry|[from] move: Knock Off|[of] p1a: Incineroar\n|\n|upkeep\n|turn|3\n|\n|t:|1745988443\n|move|p2b: Incineroar|Helping Hand|p2a: Whimsicott\n|-singleturn|p2a: Whimsicott|Helping Hand|[of] p2b: Incineroar\n|move|p2a: Whimsicott|Moonblast|p1b: Zamazenta\n|-damage|p1b: Zamazenta|67/100\n|move|p1b: Zamazenta|Body Press|p2b: Incineroar\n|-supereffective|p2b: Incineroar\n|-damage|p2b: Incineroar|0 fnt\n|faint|p2b: Incineroar\n|move|p1a: Incineroar|Knock Off|p2a: Whimsicott\n|-resisted|p2a: Whimsicott\n|-damage|p2a: Whimsicott|40/100\n|-enditem|p2a: Whimsicott|Covert Cloak|[from] move: Knock Off|[of] p1a: Incineroar\n|\n|upkeep\n|\n|t:|1745988460\n|switch|p2b: Miraidon|Miraidon, L50|100/100\n|-activate|p2b: Miraidon|ability: Hadron Engine\n|turn|4\n|inactive|bnma123 has 30 seconds left.\n|\n|t:|1745988491\n|-terastallize|p2b: Miraidon|Fairy\n|move|p2a: Whimsicott|Encore|p1b: Zamazenta\n|-start|p1b: Zamazenta|Encore\n|move|p2b: Miraidon|Electro Drift|p1a: Incineroar\n|-damage|p1a: Incineroar|0 fnt\n|faint|p1a: Incineroar\n|move|p1b: Zamazenta|Body Press|p2b: Miraidon\n|-resisted|p2b: Miraidon\n|-damage|p2b: Miraidon|65/100\n|\n|upkeep\n|\n|t:|1745988503\n|switch|p1a: Iron Hands|Iron Hands, L50|100/100\n|-activate|p1a: Iron Hands|ability: Quark Drive\n|-start|p1a: Iron Hands|quarkdrivedef\n|turn|5\n|inactive|bnma123 has 30 seconds left.\n|\n|t:|1745988530\n|move|p1a: Iron Hands|Fake Out|p2b: Miraidon\n|-damage|p2b: Miraidon|51/100\n|cant|p2b: Miraidon|flinch\n|move|p2a: Whimsicott|Moonblast|p1a: Iron Hands\n|-supereffective|p1a: Iron Hands\n|-damage|p1a: Iron Hands|71/100\n|-unboost|p1a: Iron Hands|spa|1\n|move|p1b: Zamazenta|Body Press|p2a: Whimsicott\n|-resisted|p2a: Whimsicott\n|-damage|p2a: Whimsicott|7/100\n|\n|-sideend|p2: DiamondNate|move: Light Screen\n|-sideend|p2: DiamondNate|move: Tailwind\n|-fieldend|move: Electric Terrain\n|-end|p1a: Iron Hands|Quark Drive\n|upkeep\n|turn|6\n|\n|t:|1745988549\n|move|p2a: Whimsicott|Encore|p1a: Iron Hands\n|-start|p1a: Iron Hands|Encore\n|move|p2b: Miraidon|Electro Drift|p1b: Zamazenta\n|-damage|p1b: Zamazenta|16/100\n|move|p1b: Zamazenta|Body Press|p2a: Whimsicott\n|-resisted|p2a: Whimsicott\n|-damage|p2a: Whimsicott|0 fnt\n|faint|p2a: Whimsicott\n|move|p1a: Iron Hands|Fake Out||[still]\n|-hint|Fake Out only works on your first turn out.\n|-fail|p1a: Iron Hands\n|\n|-end|p1b: Zamazenta|Encore\n|upkeep\n|\n|t:|1745988557\n|switch|p2a: Zamazenta|Zamazenta-Crowned, L50|100/100\n|-ability|p2a: Zamazenta|Dauntless Shield|boost\n|-boost|p2a: Zamazenta|def|1\n|turn|7\n|\n|t:|1745988573\n|-end|p1a: Iron Hands|Quark Drive|[silent]\n|switch|p1a: Calyrex|Calyrex-Shadow, L50|100/100\n|-ability|p1a: Calyrex|As One\n|-ability|p1a: Calyrex|Unnerve\n|move|p2b: Miraidon|Electro Drift|p1b: Zamazenta\n|-damage|p1b: Zamazenta|0 fnt\n|faint|p1b: Zamazenta\n|move|p2a: Zamazenta|Body Press|p1a: Calyrex\n|-immune|p1a: Calyrex\n|\n|upkeep\n|\n|t:|1745988585\n|switch|p1b: Iron Hands|Iron Hands, L50|71/100\n|turn|8\n|inactive|bnma123 has 30 seconds left.\n|\n|t:|1745988610\n|move|p1b: Iron Hands|Fake Out|p2b: Miraidon\n|-damage|p2b: Miraidon|39/100\n|move|p1a: Calyrex|Astral Barrage|p2a: Zamazenta|[spread] p2a,p2b\n|-damage|p2a: Zamazenta|57/100\n|-damage|p2b: Miraidon|0 fnt\n|faint|p2b: Miraidon\n|-ability|p1a: Calyrex|Grim Neigh|boost\n|-boost|p1a: Calyrex|spa|1\n|move|p2a: Zamazenta|Heavy Slam|p1a: Calyrex\n|-damage|p1a: Calyrex|40/100\n|\n|upkeep\n|turn|9\n|\n|t:|1745988625\n|-terastallize|p1b: Iron Hands|Fighting\n|move|p1a: Calyrex|Astral Barrage|p2a: Zamazenta\n|-damage|p2a: Zamazenta|0 fnt\n|faint|p2a: Zamazenta\n|\n|win|bnma123\n|l|\u2606DiamondNate\n|player|p2|\n||bnma123 is ready for game 3.\n||DiamondNate is ready for game 3.\n|uhtml|next|Next: <a href=\"/battle-gen9vgc2025regibo3-2353721482\"><strong>Game 3 of 3</strong></a>\n", "uploadtime": 1745988946, "views": 6, "formatid": "gen9vgc2025regibo3", "rating": null, "private": 0, "password": null}