{"id": "gen9vgc2025regibo3-2354644678", "format": "[Gen 9] VGC 2025 Reg I (Bo3)", "players": ["SERENA2024", "Gubi1994"], "log": "|j|\u2606SERENA2024\n|j|\u2606Gubi1994\n|html|<table width=\"100%\"><tr><td align=\"left\">SERENA2024</td><td align=\"right\">Gubi1994</tr><tr><td align=\"left\"><i class=\"fa fa-circle\"></i> <i class=\"fa fa-circle-o\"></i> </td><td align=\"right\"><i class=\"fa fa-circle-o\"></i> <i class=\"fa fa-circle\"></i> </tr></table>\n|uhtml|bestof|<h2><strong>Game 3</strong> of <a href=\"/game-bestof3-gen9vgc2025regibo3-2354639221\">a best-of-3</a></h2>\n|t:|1746106519\n|gametype|doubles\n|player|p1|SERENA2024|169|1309\n|player|p2|Gubi1994|101|1292\n|teamsize|p1|6\n|teamsize|p2|6\n|gen|9\n|tier|[Gen 9] VGC 2025 Reg I (Bo3)\n|rated|\n|rule|Species Clause: Limit one of each Pok\u00e9mon\n|rule|Item Clause: Limit 1 of each item\n|clearpoke\n|poke|p1|Calyrex-Shadow, L50|\n|poke|p1|Zamazenta-*, L50|\n|poke|p1|Grimmsnarl, L50, M|\n|poke|p1|Incineroar, L50, F|\n|poke|p1|Rillaboom, L50, F|\n|poke|p1|Ogerpon-Cornerstone, L50, F|\n|poke|p2|Miraidon, L50|\n|poke|p2|Calyrex-Ice, L50|\n|poke|p2|Iron Hands, L50|\n|poke|p2|Farigiraf, L50, M|\n|poke|p2|Ogerpon-Hearthflame, L50, F|\n|poke|p2|Grimmsnarl, L50, M|\n|teampreview|4\n|showteam|p1|Calyrex-Shadow||SpellTag|AsOneSpectrier|AstralBarrage,PollenPuff,Psychic,Protect||||||50|,,,,,Ghost]Zamazenta-Crowned||RustedShield|DauntlessShield|BodyPress,HeavySlam,Protect,WideGuard||||||50|,,,,,Dragon]Grimmsnarl||LightClay|Prankster|LightScreen,Reflect,FoulPlay,ThunderWave|||M|||50|,,,,,Steel]Incineroar||RockyHelmet|Intimidate|KnockOff,WillOWisp,PartingShot,FakeOut|||F|||50|,,,,,Bug]Rillaboom||AssaultVest|GrassySurge|GrassyGlide,WoodHammer,Uturn,FakeOut|||F|||50|,,,,,Fire]Ogerpon-Cornerstone||CornerstoneMask|Sturdy|IvyCudgel,HornLeech,FollowMe,SpikyShield|||F|||50|,,,,,Rock\n|showteam|p2|Miraidon||ChoiceSpecs|HadronEngine|ElectroDrift,DazzlingGleam,VoltSwitch,DracoMeteor||||||50|,,,,,Fairy]Calyrex-Ice||ClearAmulet|AsOneGlastrier|GlacialLance,HighHorsepower,TrickRoom,Protect||||||50|,,,,,Water]Iron Hands||AssaultVest|QuarkDrive|DrainPunch,LowKick,FakeOut,WildCharge||||||50|,,,,,Bug]Farigiraf||ElectricSeed|ArmorTail|FoulPlay,Psychic,TrickRoom,HelpingHand|||M|||50|,,,,,Water]Ogerpon-Hearthflame||HearthflameMask|MoldBreaker|IvyCudgel,WoodHammer,FollowMe,SpikyShield|||F|||50|,,,,,Fire]Grimmsnarl||LightClay|Prankster|FoulPlay,LightScreen,Reflect,ThunderWave|||M|||50|,,,,,Ghost\n|inactive|Battle timer is ON: inactive players will automatically lose when time's up. (requested by SERENA2024)\n|\n|t:|1746106559\n|start\n|switch|p1a: Zamazenta|Zamazenta-Crowned, L50|100/100\n|switch|p1b: Rillaboom|Rillaboom, L50, F|100/100\n|switch|p2a: Farigiraf|Farigiraf, L50, M|100/100\n|switch|p2b: Iron Hands|Iron Hands, L50|100/100\n|-ability|p1a: Zamazenta|Dauntless Shield|boost\n|-boost|p1a: Zamazenta|def|1\n|-fieldstart|move: Grassy Terrain|[from] ability: Grassy Surge|[of] p1b: Rillaboom\n|turn|1\n|inactive|Gubi1994 has 30 seconds left.\n|\n|t:|1746106587\n|-terastallize|p1a: Zamazenta|Dragon\n|move|p2a: Farigiraf|Helping Hand|p2b: Iron Hands\n|-singleturn|p2b: Iron Hands|Helping Hand|[of] p2a: Farigiraf\n|move|p1a: Zamazenta|Body Press|p2a: Farigiraf\n|-damage|p2a: Farigiraf|45/100\n|move|p1b: Rillaboom|Wood Hammer|p2a: Farigiraf\n|-damage|p2a: Farigiraf|0 fnt\n|faint|p2a: Farigiraf\n|-damage|p1b: Rillaboom|84/100|[from] Recoil\n|move|p2b: Iron Hands|Low Kick|p1a: Zamazenta\n|-damage|p1a: Zamazenta|59/100\n|\n|-heal|p1a: Zamazenta|65/100|[from] Grassy Terrain\n|-heal|p1b: Rillaboom|90/100|[from] Grassy Terrain\n|upkeep\n|\n|t:|1746106598\n|switch|p2a: Miraidon|Miraidon, L50|100/100\n|-fieldstart|move: Electric Terrain|[from] ability: Hadron Engine|[of] p2a: Miraidon\n|-activate|p2b: Iron Hands|ability: Quark Drive\n|-start|p2b: Iron Hands|quarkdriveatk\n|turn|2\n|inactive|Gubi1994 has 30 seconds left.\n|\n|t:|1746106631\n|switch|p1b: Incineroar|Incineroar, L50, F|100/100\n|-ability|p1b: Incineroar|Intimidate|boost\n|-unboost|p2a: Miraidon|atk|1\n|-unboost|p2b: Iron Hands|atk|1\n|move|p1a: Zamazenta|Protect|p1a: Zamazenta\n|-singleturn|p1a: Zamazenta|Protect\n|move|p2a: Miraidon|Volt Switch|p1b: Incineroar\n|-damage|p1b: Incineroar|9/100\n|\n|t:|1746106633\n|switch|p2a: Calyrex|Calyrex-Ice, L50|100/100|[from] Volt Switch\n|-ability|p2a: Calyrex|As One\n|-ability|p2a: Calyrex|Unnerve\n|move|p2b: Iron Hands|Drain Punch|p1b: Incineroar\n|-supereffective|p1b: Incineroar\n|-damage|p1b: Incineroar|0 fnt\n|-damage|p2b: Iron Hands|84/100|[from] item: Rocky Helmet|[of] p1b: Incineroar\n|faint|p1b: Incineroar\n|\n|upkeep\n|\n|t:|1746106656\n|switch|p1b: Calyrex|Calyrex-Shadow, L50|100/100\n|-ability|p1b: Calyrex|As One\n|-ability|p1b: Calyrex|Unnerve\n|turn|3\n|inactive|Gubi1994 has 30 seconds left.\n|\n|t:|1746106687\n|-terastallize|p2a: Calyrex|Water\n|move|p1b: Calyrex|Astral Barrage|p2a: Calyrex|[spread] p2a,p2b\n|-damage|p2a: Calyrex|57/100\n|-damage|p2b: Iron Hands|51/100\n|move|p1a: Zamazenta|Body Press|p2a: Calyrex\n|-damage|p2a: Calyrex|10/100\n|move|p2a: Calyrex|Glacial Lance|p1a: Zamazenta|[spread] p1a,p1b\n|-supereffective|p1a: Zamazenta\n|-damage|p1a: Zamazenta|23/100\n|-damage|p1b: Calyrex|35/100\n|move|p2b: Iron Hands|Wild Charge|p1b: Calyrex\n|-damage|p1b: Calyrex|0 fnt\n|faint|p1b: Calyrex\n|-damage|p2b: Iron Hands|44/100|[from] Recoil\n|\n|upkeep\n|\n|t:|1746106699\n|switch|p1b: Rillaboom|Rillaboom, L50, F|90/100\n|-fieldstart|move: Grassy Terrain|[from] ability: Grassy Surge|[of] p1b: Rillaboom\n|-end|p2b: Iron Hands|Quark Drive\n|turn|4\n|inactive|SERENA2024 has 30 seconds left.\n|inactive|Gubi1994 has 30 seconds left.\n|inactive|Gubi1994 has 20 seconds left.\n|inactive|Gubi1994 has 15 seconds left.\n|\n|t:|1746106741\n|-end|p2b: Iron Hands|Quark Drive|[silent]\n|switch|p2b: Miraidon|Miraidon, L50|100/100\n|-fieldstart|move: Electric Terrain|[from] ability: Hadron Engine|[of] p2b: Miraidon\n|move|p1a: Zamazenta|Body Press|p2a: Calyrex\n|-crit|p2a: Calyrex\n|-damage|p2a: Calyrex|0 fnt\n|faint|p2a: Calyrex\n|move|p1b: Rillaboom|Wood Hammer|p2b: Miraidon\n|-resisted|p2b: Miraidon\n|-damage|p2b: Miraidon|71/100\n|-damage|p1b: Rillaboom|82/100|[from] Recoil\n|\n|upkeep\n|\n|t:|1746106744\n|switch|p2a: Iron Hands|Iron Hands, L50|44/100\n|-activate|p2a: Iron Hands|ability: Quark Drive\n|-start|p2a: Iron Hands|quarkdriveatk\n|turn|5\n|\n|t:|1746106765\n|move|p1a: Zamazenta|Protect|p1a: Zamazenta\n|-singleturn|p1a: Zamazenta|Protect\n|move|p2a: Iron Hands|Fake Out|p1a: Zamazenta\n|-activate|p1a: Zamazenta|move: Protect\n|move|p2b: Miraidon|Draco Meteor|p1b: Rillaboom\n|-damage|p1b: Rillaboom|0 fnt\n|-unboost|p2b: Miraidon|spa|2\n|faint|p1b: Rillaboom\n|\n|upkeep\n|turn|6\n|\n|t:|1746106774\n|move|p2b: Miraidon|Draco Meteor|p1a: Zamazenta\n|-supereffective|p1a: Zamazenta\n|-damage|p1a: Zamazenta|0 fnt\n|-unboost|p2b: Miraidon|spa|2\n|faint|p1a: Zamazenta\n|\n|win|Gubi1994\n|raw|SERENA2024's rating: 1309 &rarr; <strong>1288</strong><br />(-21 for losing)\n|raw|Gubi1994's rating: 1292 &rarr; <strong>1318</strong><br />(+26 for winning)\n|l|\u2606SERENA2024\n|player|p1|\n|c|\u2606Gubi1994|Ggs\n", "uploadtime": 1746106867, "views": 14, "formatid": "gen9vgc2025regibo3", "rating": 1288, "private": 0, "password": null}