{"id": "gen9vgc2025regibo3-2354701277", "format": "[Gen 9] VGC 2025 Reg I (Bo3)", "players": ["laZb0nes2", "Danidelaserna20"], "log": "|j|\u2606laZb0nes2\n|j|\u2606Danidelaserna20\n|html|<table width=\"100%\"><tr><td align=\"left\">laZb0nes2</td><td align=\"right\">Danidelaserna20</tr><tr><td align=\"left\"><i class=\"fa fa-circle-o\"></i> <i class=\"fa fa-circle-o\"></i> </td><td align=\"right\"><i class=\"fa fa-circle-o\"></i> <i class=\"fa fa-circle-o\"></i> </tr></table>\n|uhtml|bestof|<h2><strong>Game 1</strong> of <a href=\"/game-bestof3-gen9vgc2025regibo3-2354701276\">a best-of-3</a></h2>\n|t:|1746112076\n|gametype|doubles\n|player|p1|laZb0nes2|waiter-gen4|1168\n|player|p2|Danidelaserna20|benga|1216\n|teamsize|p1|6\n|teamsize|p2|6\n|gen|9\n|tier|[Gen 9] VGC 2025 Reg I (Bo3)\n|rated|\n|rule|Species Clause: Limit one of each Pok\u00e9mon\n|rule|Item Clause: Limit 1 of each item\n|clearpoke\n|poke|p1|Terapagos, L50, M|\n|poke|p1|Ho-Oh, L50|\n|poke|p1|Incineroar, L50, M|\n|poke|p1|Rillaboom, L50, F|\n|poke|p1|Ogerpon-Cornerstone, L50, F|\n|poke|p1|Urshifu-*, L50, F|\n|poke|p2|Zacian-*, L50|\n|poke|p2|Rillaboom, L50, M|\n|poke|p2|Incineroar, L50, F|\n|poke|p2|Iron Valiant, L50|\n|poke|p2|Tornadus, L50, M|\n|poke|p2|Lunala, L50|\n|teampreview|4\n|showteam|p1|Terapagos||Leftovers|TeraShift|CalmMind,TeraStarstorm,EarthPower,Protect|||M|||50|,,,,,Stellar]Ho-Oh||ClearAmulet|Regenerator|SacredFire,BraveBird,Tailwind,Protect||||||50|,,,,,Grass]Incineroar||SafetyGoggles|Intimidate|KnockOff,FakeOut,WillOWisp,PartingShot|||M|||50|,,,,,Water]Rillaboom||AssaultVest|GrassySurge|GrassyGlide,WoodHammer,Uturn,FakeOut|||F|||50|,,,,,Fire]Ogerpon-Cornerstone||CornerstoneMask|Sturdy|IvyCudgel,PowerWhip,FollowMe,SpikyShield|||F|||50|,,,,,Rock]Urshifu-Rapid-Strike||ChoiceScarf|UnseenFist|SurgingStrikes,CloseCombat,Uturn,Coaching|||F|||50|,,,,,Water\n|showteam|p2|Zacian-Crowned||RustedSword|IntrepidSword|PlayRough,SacredSword,behemothblade,Protect||||||50|,,,,,Water]Rillaboom||AssaultVest|GrassySurge|FakeOut,DrumBeating,GrassyGlide,Uturn|||M|||50|,,,,,Fire]Incineroar||RockyHelmet|Intimidate|FakeOut,KnockOff,PartingShot,WillOWisp|||F|||50|,,,,,Water]Iron Valiant||BoosterEnergy|QuarkDrive|Coaching,WideGuard,SpiritBreak,Taunt||||||50|,,,,,Ghost]Tornadus||AbilityShield|Prankster|Tailwind,Protect,BleakwindStorm,RainDance|||M|||50|,,,,,Grass]Lunala||Leftovers|ShadowShield|MoongeistBeam,Moonblast,CalmMind,Protect||||||50|,,,,,Fairy\n|c|\u2606Danidelaserna20|dame 5 min porfa\n|c|\u2606Danidelaserna20|perdona\n|inactive|Battle timer is ON: inactive players will automatically lose when time's up. (requested by laZb0nes2)\n|inactive|Danidelaserna20 has 60 seconds left.\n|inactive|Danidelaserna20 has 30 seconds left.\n|inactive|Danidelaserna20 has 20 seconds left.\n|inactive|Danidelaserna20 has 15 seconds left.\n|inactive|Danidelaserna20 has 10 seconds left.\n|inactive|Danidelaserna20 has 5 seconds left.\n|\n|t:|1746112268\n|start\n|switch|p1a: Ho-Oh|Ho-Oh, L50|100/100\n|switch|p1b: Incineroar|Incineroar, L50, M|100/100\n|switch|p2a: Zacian|Zacian-Crowned, L50|100/100\n|switch|p2b: Rillaboom|Rillaboom, L50, M|100/100\n|-ability|p2a: Zacian|Intrepid Sword|boost\n|-boost|p2a: Zacian|atk|1\n|-fieldstart|move: Grassy Terrain|[from] ability: Grassy Surge|[of] p2b: Rillaboom\n|-ability|p1b: Incineroar|Intimidate|boost\n|-unboost|p2a: Zacian|atk|1\n|-unboost|p2b: Rillaboom|atk|1\n|turn|1\n|inactive|laZb0nes2 has 30 seconds left.\n|inactive|Danidelaserna20 has 30 seconds left.\n|inactive|laZb0nes2 has 20 seconds left.\n|\n|t:|1746112306\n|switch|p1b: Rillaboom|Rillaboom, L50, F|100/100\n|move|p2a: Zacian|Protect|p2a: Zacian\n|-singleturn|p2a: Zacian|Protect\n|move|p1a: Ho-Oh|Sacred Fire|p2a: Zacian\n|-activate|p2a: Zacian|move: Protect\n|move|p2b: Rillaboom|U-turn|p1b: Rillaboom\n|-supereffective|p1b: Rillaboom\n|-damage|p1b: Rillaboom|70/100\n|\n|t:|1746112316\n|switch|p2b: Incineroar|Incineroar, L50, F|100/100|[from] U-turn\n|-ability|p2b: Incineroar|Intimidate|boost\n|-fail|p1a: Ho-Oh|unboost|[from] item: Clear Amulet|[of] p1a: Ho-Oh\n|-unboost|p1b: Rillaboom|atk|1\n|\n|-heal|p1b: Rillaboom|76/100|[from] Grassy Terrain\n|upkeep\n|turn|2\n|inactive|laZb0nes2 has 30 seconds left.\n|\n|t:|1746112344\n|move|p2b: Incineroar|Fake Out|p1a: Ho-Oh\n|-damage|p1a: Ho-Oh|93/100\n|move|p2a: Zacian|Play Rough|p1b: Rillaboom|[miss]\n|-miss|p2a: Zacian|p1b: Rillaboom\n|move|p1b: Rillaboom|Wood Hammer|p2a: Zacian\n|-resisted|p2a: Zacian\n|-damage|p2a: Zacian|78/100\n|-damage|p1b: Rillaboom|70/100|[from] Recoil\n|cant|p1a: Ho-Oh|flinch\n|\n|-heal|p2a: Zacian|83/100|[from] Grassy Terrain\n|-heal|p1b: Rillaboom|76/100|[from] Grassy Terrain\n|upkeep\n|turn|3\n|inactive|laZb0nes2 has 30 seconds left.\n|\n|t:|1746112373\n|switch|p1b: Incineroar|Incineroar, L50, M|100/100\n|-ability|p1b: Incineroar|Intimidate|boost\n|-unboost|p2a: Zacian|atk|1\n|-unboost|p2b: Incineroar|atk|1\n|move|p2a: Zacian|Protect|p2a: Zacian\n|-singleturn|p2a: Zacian|Protect\n|move|p1a: Ho-Oh|Tailwind|p1a: Ho-Oh\n|-sidestart|p1: laZb0nes2|move: Tailwind\n|move|p2b: Incineroar|Knock Off|p1a: Ho-Oh\n|-damage|p1a: Ho-Oh|76/100\n|-enditem|p1a: Ho-Oh|Clear Amulet|[from] move: Knock Off|[of] p2b: Incineroar\n|\n|-heal|p2a: Zacian|89/100|[from] Grassy Terrain\n|upkeep\n|turn|4\n|\n|t:|1746112394\n|switch|p2a: Iron Valiant|Iron Valiant, L50|100/100\n|-enditem|p2a: Iron Valiant|Booster Energy\n|-activate|p2a: Iron Valiant|ability: Quark Drive|[fromitem]\n|-start|p2a: Iron Valiant|quarkdrivespe\n|move|p1b: Incineroar|Fake Out|p2a: Iron Valiant\n|-crit|p2a: Iron Valiant\n|-damage|p2a: Iron Valiant|83/100\n|move|p1a: Ho-Oh|Brave Bird|p2b: Incineroar\n|-damage|p2b: Incineroar|53/100\n|-damage|p1a: Ho-Oh|59/100|[from] item: Rocky Helmet|[of] p2b: Incineroar\n|-damage|p1a: Ho-Oh|45/100|[from] Recoil\n|move|p2b: Incineroar|Parting Shot|p1a: Ho-Oh\n|-unboost|p1a: Ho-Oh|atk|1\n|-unboost|p1a: Ho-Oh|spa|1\n|\n|t:|1746112408\n|switch|p2b: Zacian|Zacian-Crowned, L50|89/100|[from] Parting Shot\n|\n|-heal|p2a: Iron Valiant|89/100|[from] Grassy Terrain\n|-heal|p2b: Zacian|95/100|[from] Grassy Terrain\n|upkeep\n|turn|5\n|\n|t:|1746112431\n|switch|p1a: Rillaboom|Rillaboom, L50, F|76/100\n|move|p2a: Iron Valiant|Taunt|p1b: Incineroar\n|-start|p1b: Incineroar|move: Taunt\n|move|p2b: Zacian|Sacred Sword|p1a: Rillaboom\n|-damage|p1a: Rillaboom|45/100\n|cant|p1b: Incineroar|move: Taunt|Will-O-Wisp\n|\n|-heal|p2a: Iron Valiant|95/100|[from] Grassy Terrain\n|-heal|p1a: Rillaboom|50/100|[from] Grassy Terrain\n|-heal|p2b: Zacian|100/100|[from] Grassy Terrain\n|-fieldend|move: Grassy Terrain\n|upkeep\n|turn|6\n|\n|t:|1746112452\n|move|p1a: Rillaboom|Fake Out|p2a: Iron Valiant\n|-damage|p2a: Iron Valiant|82/100\n|cant|p2a: Iron Valiant|flinch\n|move|p2b: Zacian|Sacred Sword|p1b: Incineroar\n|-supereffective|p1b: Incineroar\n|-damage|p1b: Incineroar|47/100\n|move|p1b: Incineroar|Knock Off|p2a: Iron Valiant\n|-resisted|p2a: Iron Valiant\n|-damage|p2a: Iron Valiant|76/100\n|\n|-sideend|p1: laZb0nes2|move: Tailwind\n|upkeep\n|turn|7\n|\n|t:|1746112472\n|switch|p1b: Ho-Oh|Ho-Oh, L50|78/100\n|move|p2a: Iron Valiant|Coaching|p2b: Zacian\n|-boost|p2b: Zacian|atk|1\n|-boost|p2b: Zacian|def|1\n|move|p2b: Zacian|Sacred Sword|p1b: Ho-Oh\n|-resisted|p1b: Ho-Oh\n|-damage|p1b: Ho-Oh|58/100\n|move|p1a: Rillaboom|U-turn|p2a: Iron Valiant\n|-resisted|p2a: Iron Valiant\n|-damage|p2a: Iron Valiant|70/100\n|\n|t:|1746112480\n|switch|p1a: Terapagos|Terapagos, L50, M|100/100|[from] U-turn\n|-activate|p1a: Terapagos|ability: Tera Shift\n|detailschange|p1a: Terapagos|Terapagos-Terastal, L50, M\n|-heal|p1a: Terapagos|100/100|[silent]\n|\n|upkeep\n|turn|8\n|\n|t:|1746112503\n|move|p2b: Zacian|Protect|p2b: Zacian\n|-singleturn|p2b: Zacian|Protect\n|move|p1a: Terapagos|Protect|p1a: Terapagos\n|-singleturn|p1a: Terapagos|Protect\n|move|p2a: Iron Valiant|Coaching|p2b: Zacian\n|-boost|p2b: Zacian|atk|1\n|-boost|p2b: Zacian|def|1\n|move|p1b: Ho-Oh|Brave Bird|p2a: Iron Valiant\n|-supereffective|p2a: Iron Valiant\n|-damage|p2a: Iron Valiant|0 fnt\n|faint|p2a: Iron Valiant\n|-end|p2a: Iron Valiant|Quark Drive|[silent]\n|-damage|p1b: Ho-Oh|39/100|[from] Recoil\n|\n|upkeep\n|\n|t:|1746112514\n|switch|p2a: Incineroar|Incineroar, L50, F|53/100\n|-ability|p2a: Incineroar|Intimidate|boost\n|-unboost|p1a: Terapagos|atk|1\n|-unboost|p1b: Ho-Oh|atk|1\n|turn|9\n|\n|t:|1746112538\n|switch|p1a: Incineroar|Incineroar, L50, M|47/100\n|-ability|p1a: Incineroar|Intimidate|boost\n|-unboost|p2a: Incineroar|atk|1\n|-unboost|p2b: Zacian|atk|1\n|move|p2a: Incineroar|Fake Out|p1b: Ho-Oh\n|-damage|p1b: Ho-Oh|34/100\n|move|p2b: Zacian|Sacred Sword|p1a: Incineroar\n|-supereffective|p1a: Incineroar\n|-damage|p1a: Incineroar|0 fnt\n|faint|p1a: Incineroar\n|cant|p1b: Ho-Oh|flinch\n|\n|upkeep\n|\n|t:|1746112545\n|switch|p1a: Rillaboom|Rillaboom, L50, F|50/100\n|-fieldstart|move: Grassy Terrain|[from] ability: Grassy Surge|[of] p1a: Rillaboom\n|turn|10\n|\n|t:|1746112556\n|move|p2b: Zacian|Protect|p2b: Zacian\n|-singleturn|p2b: Zacian|Protect\n|move|p1a: Rillaboom|Fake Out|p2b: Zacian\n|-activate|p2b: Zacian|move: Protect\n|move|p1b: Ho-Oh|Tailwind|p1b: Ho-Oh\n|-sidestart|p1: laZb0nes2|move: Tailwind\n|move|p2a: Incineroar|Parting Shot|p1b: Ho-Oh\n|-unboost|p1b: Ho-Oh|atk|1\n|-unboost|p1b: Ho-Oh|spa|1\n|\n|t:|1746112564\n|switch|p2a: Rillaboom|Rillaboom, L50, M|100/100|[from] Parting Shot\n|\n|-heal|p1a: Rillaboom|56/100|[from] Grassy Terrain\n|upkeep\n|turn|11\n|\n|t:|1746112579\n|switch|p1b: Terapagos|Terapagos-Terastal, L50, M|100/100\n|-terastallize|p2b: Zacian|Water\n|move|p1a: Rillaboom|U-turn|p2a: Rillaboom\n|-supereffective|p2a: Rillaboom\n|-damage|p2a: Rillaboom|61/100\n|\n|t:|1746112584\n|switch|p1a: Ho-Oh|Ho-Oh, L50|67/100|[from] U-turn\n|move|p2b: Zacian|Sacred Sword|p1b: Terapagos\n|-activate|p1b: Terapagos|ability: Tera Shell\n|-resisted|p1b: Terapagos\n|-damage|p1b: Terapagos|79/100\n|move|p2a: Rillaboom|U-turn|p1a: Ho-Oh\n|-resisted|p1a: Ho-Oh\n|-damage|p1a: Ho-Oh|63/100\n|\n|t:|1746112593\n|switch|p2a: Incineroar|Incineroar, L50, F|53/100|[from] U-turn\n|-ability|p2a: Incineroar|Intimidate|boost\n|-unboost|p1a: Ho-Oh|atk|1\n|-unboost|p1b: Terapagos|atk|1\n|\n|-heal|p1b: Terapagos|85/100|[from] Grassy Terrain\n|-heal|p1b: Terapagos|91/100|[from] item: Leftovers\n|-heal|p2a: Incineroar|59/100|[from] Grassy Terrain\n|upkeep\n|turn|12\n|inactive|laZb0nes2 has 30 seconds left.\n|\n|t:|1746112623\n|-terastallize|p1b: Terapagos|Stellar\n|detailschange|p1b: Terapagos|Terapagos-Stellar, L50, M, tera:Stellar\n|-heal|p1b: Terapagos|94/100|[silent]\n|-ability|p1b: Terapagos|Teraform Zero\n|-fieldend|move: Grassy Terrain\n|move|p2b: Zacian|Protect|p2b: Zacian\n|-singleturn|p2b: Zacian|Protect\n|move|p1b: Terapagos|Tera Starstorm|p2b: Zacian|[spread] p2a\n|-activate|p2b: Zacian|move: Protect\n|-damage|p2a: Incineroar|22/100\n|move|p1a: Ho-Oh|Brave Bird|p2b: Zacian\n|-activate|p2b: Zacian|move: Protect\n|move|p2a: Incineroar|Parting Shot|p1b: Terapagos\n|-unboost|p1b: Terapagos|atk|1\n|-unboost|p1b: Terapagos|spa|1\n|\n|t:|1746112638\n|switch|p2a: Rillaboom|Rillaboom, L50, M|61/100|[from] Parting Shot\n|-fieldstart|move: Grassy Terrain|[from] ability: Grassy Surge|[of] p2a: Rillaboom\n|\n|-heal|p1b: Terapagos|99/100|[from] Grassy Terrain\n|-heal|p1b: Terapagos|100/100|[from] item: Leftovers\n|-heal|p2a: Rillaboom|67/100|[from] Grassy Terrain\n|upkeep\n|turn|13\n|\n|t:|1746112655\n|switch|p1b: Rillaboom|Rillaboom, L50, F|56/100\n|move|p2a: Rillaboom|Fake Out|p1a: Ho-Oh\n|-damage|p1a: Ho-Oh|53/100\n|cant|p1a: Ho-Oh|flinch\n|move|p2b: Zacian|Play Rough|p1a: Ho-Oh\n|-resisted|p1a: Ho-Oh\n|-damage|p1a: Ho-Oh|25/100\n|\n|-heal|p1b: Rillaboom|62/100|[from] Grassy Terrain\n|-heal|p2a: Rillaboom|73/100|[from] Grassy Terrain\n|-sideend|p1: laZb0nes2|move: Tailwind\n|upkeep\n|turn|14\n|\n|t:|1746112679\n|switch|p1a: Terapagos|Terapagos-Stellar, L50, M, tera:Stellar|100/100\n|move|p2b: Zacian|Sacred Sword|p1a: Terapagos\n|-supereffective|p1a: Terapagos\n|-damage|p1a: Terapagos|41/100\n|move|p1b: Rillaboom|U-turn|p2a: Rillaboom\n|-supereffective|p2a: Rillaboom\n|-damage|p2a: Rillaboom|35/100\n|\n|t:|1746112682\n|switch|p1b: Ho-Oh|Ho-Oh, L50|58/100|[from] U-turn\n|move|p2a: Rillaboom|U-turn|p1b: Ho-Oh\n|-resisted|p1b: Ho-Oh\n|-damage|p1b: Ho-Oh|55/100\n|\n|t:|1746112690\n|switch|p2a: Incineroar|Incineroar, L50, F|22/100|[from] U-turn\n|-ability|p2a: Incineroar|Intimidate|boost\n|-unboost|p1a: Terapagos|atk|1\n|-unboost|p1b: Ho-Oh|atk|1\n|\n|-heal|p1a: Terapagos|47/100|[from] Grassy Terrain\n|-heal|p1a: Terapagos|53/100|[from] item: Leftovers\n|-heal|p2a: Incineroar|29/100|[from] Grassy Terrain\n|upkeep\n|turn|15\n|\n|t:|1746112711\n|move|p1a: Terapagos|Protect|p1a: Terapagos\n|-singleturn|p1a: Terapagos|Protect\n|move|p1b: Ho-Oh|Protect|p1b: Ho-Oh\n|-singleturn|p1b: Ho-Oh|Protect\n|move|p2a: Incineroar|Fake Out|p1b: Ho-Oh\n|-activate|p1b: Ho-Oh|move: Protect\n|move|p2b: Zacian|Play Rough|p1b: Ho-Oh\n|-activate|p1b: Ho-Oh|move: Protect\n|\n|-heal|p1a: Terapagos|59/100|[from] Grassy Terrain\n|-heal|p1a: Terapagos|66/100|[from] item: Leftovers\n|-heal|p2a: Incineroar|35/100|[from] Grassy Terrain\n|upkeep\n|turn|16\n|inactive|laZb0nes2 has 30 seconds left.\n|\n|t:|1746112739\n|switch|p1b: Rillaboom|Rillaboom, L50, F|62/100\n|move|p2b: Zacian|Sacred Sword|p1a: Terapagos\n|-supereffective|p1a: Terapagos\n|-damage|p1a: Terapagos|1/100\n|move|p1a: Terapagos|Earth Power|p2a: Incineroar\n|-supereffective|p2a: Incineroar\n|-damage|p2a: Incineroar|0 fnt\n|faint|p2a: Incineroar\n|\n|-heal|p1a: Terapagos|7/100|[from] Grassy Terrain\n|-heal|p1a: Terapagos|13/100|[from] item: Leftovers\n|-heal|p1b: Rillaboom|68/100|[from] Grassy Terrain\n|-fieldend|move: Grassy Terrain\n|upkeep\n|\n|t:|1746112747\n|switch|p2a: Rillaboom|Rillaboom, L50, M|35/100\n|-fieldstart|move: Grassy Terrain|[from] ability: Grassy Surge|[of] p2a: Rillaboom\n|turn|17\n|\n|t:|1746112758\n|move|p1a: Terapagos|Protect|p1a: Terapagos\n|-singleturn|p1a: Terapagos|Protect\n|move|p2a: Rillaboom|Fake Out|p1b: Rillaboom\n|-damage|p1b: Rillaboom|56/100\n|move|p2b: Zacian|Behemoth Blade|p1b: Rillaboom\n|-damage|p1b: Rillaboom|0 fnt\n|faint|p1b: Rillaboom\n|\n|-heal|p1a: Terapagos|20/100|[from] Grassy Terrain\n|-heal|p1a: Terapagos|26/100|[from] item: Leftovers\n|-heal|p2a: Rillaboom|41/100|[from] Grassy Terrain\n|upkeep\n|\n|t:|1746112762\n|switch|p1b: Ho-Oh|Ho-Oh, L50|88/100\n|turn|18\n|\n|t:|1746112777\n|move|p1a: Terapagos|Protect|p1a: Terapagos\n|-singleturn|p1a: Terapagos|Protect\n|move|p2b: Zacian|Sacred Sword|p1a: Terapagos\n|-activate|p1a: Terapagos|move: Protect\n|move|p1b: Ho-Oh|Tailwind|p1b: Ho-Oh\n|-sidestart|p1: laZb0nes2|move: Tailwind\n|move|p2a: Rillaboom|Drum Beating|p1b: Ho-Oh\n|-resisted|p1b: Ho-Oh\n|-damage|p1b: Ho-Oh|79/100\n|-unboost|p1b: Ho-Oh|spe|1\n|\n|-heal|p1a: Terapagos|32/100|[from] Grassy Terrain\n|-heal|p1a: Terapagos|38/100|[from] item: Leftovers\n|-heal|p2a: Rillaboom|47/100|[from] Grassy Terrain\n|upkeep\n|turn|19\n|\n|t:|1746112797\n|move|p1a: Terapagos|Tera Starstorm|p2b: Zacian|[spread] p2a,p2b\n|-supereffective|p2b: Zacian\n|-damage|p2a: Rillaboom|24/100\n|-damage|p2b: Zacian|31/100\n|move|p2b: Zacian|Sacred Sword|p1a: Terapagos\n|-supereffective|p1a: Terapagos\n|-damage|p1a: Terapagos|0 fnt\n|faint|p1a: Terapagos\n|move|p1b: Ho-Oh|Sacred Fire|p2a: Rillaboom\n|-supereffective|p2a: Rillaboom\n|-damage|p2a: Rillaboom|0 fnt\n|faint|p2a: Rillaboom\n|\n|-heal|p2b: Zacian|37/100|[from] Grassy Terrain\n|upkeep\n|turn|20\n|\n|t:|1746112816\n|move|p2b: Zacian|Protect|p2b: Zacian\n|-singleturn|p2b: Zacian|Protect\n|move|p1b: Ho-Oh|Brave Bird|p2b: Zacian\n|-activate|p2b: Zacian|move: Protect\n|\n|-heal|p2b: Zacian|43/100|[from] Grassy Terrain\n|upkeep\n|turn|21\n|\n|t:|1746112824\n|move|p2b: Zacian|Play Rough|p1b: Ho-Oh\n|-resisted|p1b: Ho-Oh\n|-damage|p1b: Ho-Oh|50/100\n|move|p1b: Ho-Oh|Brave Bird|p2b: Zacian\n|-damage|p2b: Zacian|15/100\n|-damage|p1b: Ho-Oh|42/100|[from] Recoil\n|\n|-heal|p2b: Zacian|20/100|[from] Grassy Terrain\n|-sideend|p1: laZb0nes2|move: Tailwind\n|-fieldend|move: Grassy Terrain\n|upkeep\n|turn|22\n|inactive|laZb0nes2 has 30 seconds left.\n|\n|t:|1746112835\n|move|p2b: Zacian|Protect|p2b: Zacian\n|-singleturn|p2b: Zacian|Protect\n|move|p1b: Ho-Oh|Brave Bird|p2b: Zacian\n|-activate|p2b: Zacian|move: Protect\n|\n|upkeep\n|turn|23\n|inactive|laZb0nes2 has 25 seconds left this turn.\n|\n|t:|1746112846\n|move|p2b: Zacian|Play Rough|p1b: Ho-Oh\n|-resisted|p1b: Ho-Oh\n|-damage|p1b: Ho-Oh|15/100\n|move|p1b: Ho-Oh|Brave Bird|p2b: Zacian\n|-damage|p2b: Zacian|0 fnt\n|faint|p2b: Zacian\n|-damage|p1b: Ho-Oh|10/100|[from] Recoil\n|\n|win|laZb0nes2\n|inactive|laZb0nes2 has 25 seconds left this turn.\n||Danidelaserna20 is ready for game 2.\n|inactive|laZb0nes2 has 30 seconds to confirm battle start!\n|inactive|laZb0nes2 has 20 seconds to confirm battle start!\n|inactive|laZb0nes2 has 10 seconds to confirm battle start!\n||laZb0nes2 is ready for game 2.\n|uhtml|next|Next: <a href=\"/battle-gen9vgc2025regibo3-2354710117\"><strong>Game 2 of 3</strong></a>\n", "uploadtime": 1746113419, "views": 10, "formatid": "gen9vgc2025regibo3", "rating": null, "private": 0, "password": null}