{"id": "gen9vgc2025regibo3-2353934660", "format": "[Gen 9] VGC 2025 Reg I (Bo3)", "players": ["Edward0516", "goodra168"], "log": "|j|\u2606Edward0516\n|j|\u2606goodra168\n|html|<table width=\"100%\"><tr><td align=\"left\">Edward0516</td><td align=\"right\">goodra168</tr><tr><td align=\"left\"><i class=\"fa fa-circle\"></i> <i class=\"fa fa-circle-o\"></i> </td><td align=\"right\"><i class=\"fa fa-circle-o\"></i> <i class=\"fa fa-circle\"></i> </tr></table>\n|uhtml|bestof|<h2><strong>Game 3</strong> of <a href=\"/game-bestof3-gen9vgc2025regibo3-2353929010\">a best-of-3</a></h2>\n|t:|1746020398\n|gametype|doubles\n|player|p1|Edward0516|red|\n|player|p2|goodra168|iris-gen5bw2|\n|teamsize|p1|6\n|teamsize|p2|6\n|gen|9\n|tier|[Gen 9] VGC 2025 Reg I (Bo3)\n|rule|Species Clause: Limit one of each Pok\u00e9mon\n|rule|Item Clause: Limit 1 of each item\n|clearpoke\n|poke|p1|Charizard, L50, M|\n|poke|p1|Incineroar, L50, M|\n|poke|p1|Lunala, L50|\n|poke|p1|Ursaluna, L50, M|\n|poke|p1|Flutter Mane, L50|\n|poke|p1|Koraidon, L50|\n|poke|p2|Miraidon, L50|\n|poke|p2|Koraidon, L50|\n|poke|p2|Flutter Mane, L50|\n|poke|p2|Raging Bolt, L50|\n|poke|p2|Incineroar, L50, F|\n|poke|p2|Ogerpon-Cornerstone, L50, F|\n|teampreview|4\n|showteam|p1|Charizard||ChoiceScarf|SolarPower|HeatWave,WeatherBall,DragonPulse,BlastBurn|||M|||50|,,,,,Fire]Incineroar||SafetyGoggles|Intimidate|FakeOut,KnockOff,PartingShot,FlareBlitz|||M|||50|,,,,,Water]Lunala||PowerHerb|ShadowShield|MoongeistBeam,MeteorBeam,TrickRoom,WideGuard||||||50|,,,,,Water]Ursaluna||FlameOrb|Guts|HeadlongRush,Earthquake,Facade,Protect|||M|||50|,,,,,Ghost]Flutter Mane||ChoiceSpecs|Protosynthesis|Moonblast,ShadowBall,DazzlingGleam,IcyWind||||||50|,,,,,Normal]Koraidon||ChoiceBand|OrichalcumPulse|CloseCombat,FlareBlitz,DragonClaw,Uturn||||||50|,,,,,Fire\n|showteam|p2|Miraidon||ChoiceSpecs|HadronEngine|ElectroDrift,VoltSwitch,DazzlingGleam,DracoMeteor||||||50|,,,,,Fairy]Koraidon||LifeOrb|OrichalcumPulse|CloseCombat,FlareBlitz,FlameCharge,Protect||||||50|,,,,,Fire]Flutter Mane||FocusSash|Protosynthesis|Moonblast,ShadowBall,IcyWind,Protect||||||50|,,,,,Stellar]Raging Bolt||AssaultVest|Protosynthesis|RisingVoltage,DracoMeteor,Thunderclap,Electroweb||||||50|,,,,,Electric]Incineroar||RockyHelmet|Intimidate|FlareBlitz,KnockOff,PartingShot,FakeOut|||F|||50|,,,,,Ghost]Ogerpon-Cornerstone||CornerstoneMask|Sturdy|IvyCudgel,PowerWhip,FollowMe,SpikyShield|||F|||50|,,,,,Rock\n|j| JustForFunLa2\n|inactive|Battle timer is ON: inactive players will automatically lose when time's up. (requested by Edward0516)\n|inactiveoff|Battle timer is now OFF.\n|\n|t:|1746020465\n|start\n|switch|p1a: Koraidon|Koraidon, L50|100/100\n|switch|p1b: Incineroar|Incineroar, L50, M, shiny|100/100\n|switch|p2a: Flutter Mane|Flutter Mane, L50|100/100\n|switch|p2b: Miraidon|Miraidon, L50|100/100\n|-weather|SunnyDay|[from] ability: Orichalcum Pulse|[of] p1a: Koraidon\n|-activate|p2a: Flutter Mane|ability: Protosynthesis\n|-start|p2a: Flutter Mane|protosynthesisspe\n|-activate|p1a: Koraidon|Orichalcum Pulse|[source]\n|-fieldstart|move: Electric Terrain|[from] ability: Hadron Engine|[of] p2b: Miraidon\n|-ability|p1b: Incineroar|Intimidate|boost\n|-unboost|p2a: Flutter Mane|atk|1\n|-unboost|p2b: Miraidon|atk|1\n|turn|1\n|inactive|Battle timer is ON: inactive players will automatically lose when time's up. (requested by Edward0516)\n|inactiveoff|Battle timer is now OFF.\n|\n|t:|1746020512\n|-terastallize|p1a: Koraidon|Fire\n|move|p1b: Incineroar|Fake Out|p2b: Miraidon\n|-damage|p2b: Miraidon|92/100\n|move|p2a: Flutter Mane|Moonblast|p1a: Koraidon\n|-resisted|p1a: Koraidon\n|-damage|p1a: Koraidon|75/100\n|-unboost|p1a: Koraidon|spa|1\n|move|p1a: Koraidon|Close Combat|p2b: Miraidon\n|-damage|p2b: Miraidon|0 fnt\n|-unboost|p1a: Koraidon|def|1\n|-unboost|p1a: Koraidon|spd|1\n|faint|p2b: Miraidon\n|\n|-weather|SunnyDay|[upkeep]\n|upkeep\n|\n|t:|1746020528\n|switch|p2b: Koraidon|Koraidon, L50|100/100\n|-activate|p2b: Koraidon|ability: Orichalcum Pulse\n|turn|2\n|\n|t:|1746020552\n|switch|p1a: Ursaluna|Ursaluna, L50, M|100/100\n|move|p2b: Koraidon|Protect|p2b: Koraidon\n|-singleturn|p2b: Koraidon|Protect\n|move|p2a: Flutter Mane|Shadow Ball|p1a: Ursaluna\n|-immune|p1a: Ursaluna\n|move|p1b: Incineroar|Parting Shot|p2b: Koraidon\n|-activate|p2b: Koraidon|move: Protect\n|\n|-weather|SunnyDay|[upkeep]\n|-status|p1a: Ursaluna|brn|[from] item: Flame Orb\n|upkeep\n|turn|3\n|l|\u2606Edward0516\n|player|p1|\n|\n|t:|1746020582\n|switch|p1a: Lunala|Lunala, L50|100/100\n|move|p2a: Flutter Mane|Shadow Ball|p1b: Incineroar\n|-resisted|p1b: Incineroar\n|-damage|p1b: Incineroar|81/100\n|move|p2b: Koraidon|Close Combat|p1a: Lunala\n|-immune|p1a: Lunala\n|move|p1b: Incineroar|Knock Off|p2a: Flutter Mane\n|-damage|p2a: Flutter Mane|13/100\n|-enditem|p2a: Flutter Mane|Focus Sash|[from] move: Knock Off|[of] p1b: Incineroar\n|\n|-weather|SunnyDay|[upkeep]\n|upkeep\n|turn|4\n|j|\u2606Edward0516\n|player|p1|Edward0516|red|\n|\n|t:|1746020626\n|switch|p1a: Ursaluna|Ursaluna, L50, M|100/100 brn\n|-terastallize|p2b: Koraidon|Fire\n|move|p2a: Flutter Mane|Moonblast|p1a: Ursaluna\n|-damage|p1a: Ursaluna|53/100 brn\n|move|p2b: Koraidon|Flare Blitz|p1a: Ursaluna\n|-damage|p1a: Ursaluna|0 fnt\n|faint|p1a: Ursaluna\n|-damage|p2b: Koraidon|77/100|[from] Recoil\n|-damage|p2b: Koraidon|68/100|[from] item: Life Orb\n|move|p1b: Incineroar|Knock Off|p2a: Flutter Mane\n|-crit|p2a: Flutter Mane\n|-damage|p2a: Flutter Mane|0 fnt\n|faint|p2a: Flutter Mane\n|-end|p2a: Flutter Mane|Protosynthesis|[silent]\n|\n|-weather|SunnyDay|[upkeep]\n|upkeep\n|\n|t:|1746020641\n|switch|p2a: Incineroar|Incineroar, L50, F|100/100\n|switch|p1a: Lunala|Lunala, L50|100/100\n|-ability|p2a: Incineroar|Intimidate|boost\n|-unboost|p1a: Lunala|atk|1\n|-unboost|p1b: Incineroar|atk|1\n|turn|5\n|\n|t:|1746020668\n|move|p2b: Koraidon|Flare Blitz|p1a: Lunala\n|-damage|p1a: Lunala|32/100\n|-status|p1a: Lunala|brn\n|-damage|p2b: Koraidon|40/100|[from] Recoil\n|-damage|p2b: Koraidon|30/100|[from] item: Life Orb\n|move|p1a: Lunala|Meteor Beam||[still]\n|-prepare|p1a: Lunala|Meteor Beam\n|-boost|p1a: Lunala|spa|1\n|-enditem|p1a: Lunala|Power Herb\n|-anim|p1a: Lunala|Meteor Beam|p2a: Incineroar\n|-supereffective|p2a: Incineroar\n|-damage|p2a: Incineroar|0 fnt\n|faint|p2a: Incineroar\n|move|p1b: Incineroar|Parting Shot|p2b: Koraidon\n|-unboost|p2b: Koraidon|atk|1\n|-unboost|p2b: Koraidon|spa|1\n|\n|t:|1746020681\n|switch|p1b: Koraidon|Koraidon, L50, tera:Fire|75/100|[from] Parting Shot\n|-activate|p1b: Koraidon|ability: Orichalcum Pulse\n|\n|-weather|none\n|-damage|p1a: Lunala|26/100 brn|[from] brn\n|-fieldend|move: Electric Terrain\n|upkeep\n|turn|6\n|-message|goodra168 forfeited.\n|\n|win|Edward0516\n|c|\u2606Edward0516|gG\n|c|\u2606goodra168|gg\n|l| justforfunla2\n", "uploadtime": 1746020865, "views": 34, "formatid": "gen9vgc2025regibo3", "rating": null, "private": 0, "password": null}