{"id": "gen9vgc2025regibo3-2354716292", "format": "[Gen 9] VGC 2025 Reg I (Bo3)", "players": ["markusmesv", "blizzardspamming"], "log": "|j|\u2606markusmesv\n|j|\u2606blizzardspamming\n|html|<table width=\"100%\"><tr><td align=\"left\">markusmesv</td><td align=\"right\">blizzardspamming</tr><tr><td align=\"left\"><i class=\"fa fa-circle\"></i> <i class=\"fa fa-circle-o\"></i> </td><td align=\"right\"><i class=\"fa fa-circle-o\"></i> <i class=\"fa fa-circle-o\"></i> </tr></table>\n|uhtml|bestof|<h2><strong>Game 2</strong> of <a href=\"/game-bestof3-gen9vgc2025regibo3-2354714174\">a best-of-3</a></h2>\n|t:|1746113443\n|gametype|doubles\n|player|p1|markusmesv|hiker-gen4|1183\n|player|p2|blizzardspamming|clair|1130\n|teamsize|p1|6\n|teamsize|p2|6\n|gen|9\n|tier|[Gen 9] VGC 2025 Reg I (Bo3)\n|rated|\n|rule|Species Clause: Limit one of each Pok\u00e9mon\n|rule|Item Clause: Limit 1 of each item\n|clearpoke\n|poke|p1|Farigiraf, L50, M|\n|poke|p1|Calyrex-Ice, L50|\n|poke|p1|Iron Hands, L50|\n|poke|p1|Miraidon, L50|\n|poke|p1|Annihilape, L50, M|\n|poke|p1|Whimsicott, L50, F|\n|poke|p2|Roaring Moon, L50|\n|poke|p2|Lunala, L50|\n|poke|p2|Indeedee-F, L50, F|\n|poke|p2|Zamazenta-*, L50|\n|poke|p2|Ogerpon-Wellspring, L50, F|\n|poke|p2|Landorus, L50, M|\n|teampreview|4\n|showteam|p1|Farigiraf||ElectricSeed|ArmorTail|Psychic,FoulPlay,HelpingHand,TrickRoom|||M|||50|,,,,,Water]Calyrex-Ice||ClearAmulet|AsOneGlastrier|GlacialLance,CloseCombat,TrickRoom,Protect||||||50|,,,,,Fire]Iron Hands||AssaultVest|QuarkDrive|FakeOut,WildCharge,LowKick,DrainPunch||||||50|,,,,,Water]Miraidon||ChoiceSpecs|HadronEngine|DracoMeteor,ElectroDrift,VoltSwitch,DazzlingGleam||||||50|,,,,,Fairy]Annihilape||ChoiceScarf|Defiant|FinalGambit,CloseCombat,ShadowClaw,Uturn|||M|||50|,,,,,Grass]Whimsicott||CovertCloak|Prankster|Tailwind,Moonblast,Encore,LightScreen|||F|||50|,,,,,Dark\n|showteam|p2|Roaring Moon||BoosterEnergy|Protosynthesis|Acrobatics,KnockOff,Tailwind,Protect||||||50|,,,,,Flying]Lunala||PowerHerb|ShadowShield|MoongeistBeam,ExpandingForce,MeteorBeam,TrickRoom||||||50|,,,,,Water]Indeedee-F||PsychicSeed|PsychicSurge|FollowMe,Psychic,HelpingHand,TrickRoom|||F|||50|,,,,,Grass]Zamazenta-Crowned||RustedShield|DauntlessShield|BodyPress,HeavySlam,WideGuard,Protect||||||50|,,,,,Fire]Ogerpon-Wellspring||WellspringMask|WaterAbsorb|IvyCudgel,HornLeech,FollowMe,SpikyShield|||F|||50|,,,,,Water]Landorus||LifeOrb|SheerForce|EarthPower,SludgeBomb,SandsearStorm,Protect|||M|||50|,,,,,Steel\n|\n|t:|1746113467\n|start\n|switch|p1a: Annihilape|Annihilape, L50, M|100/100\n|switch|p1b: Farigiraf|Farigiraf, L50, M|100/100\n|switch|p2a: Indeedee|Indeedee-F, L50, F|100/100\n|switch|p2b: Lunala|Lunala, L50|100/100\n|-fieldstart|move: Psychic Terrain|[from] ability: Psychic Surge|[of] p2a: Indeedee\n|-enditem|p2a: Indeedee|Psychic Seed\n|-boost|p2a: Indeedee|spd|1|[from] item: Psychic Seed\n|turn|1\n|\n|t:|1746113537\n|move|p1a: Annihilape|U-turn|p2a: Indeedee\n|-supereffective|p2a: Indeedee\n|-damage|p2a: Indeedee|59/100\n|\n|t:|1746113541\n|switch|p1a: Calyrex|Calyrex-Ice, L50|100/100|[from] U-turn\n|-ability|p1a: Calyrex|As One\n|-ability|p1a: Calyrex|Unnerve\n|move|p2b: Lunala|Expanding Force|p1a: Calyrex|[spread] p1a,p1b\n|-resisted|p1a: Calyrex\n|-resisted|p1b: Farigiraf\n|-damage|p1a: Calyrex|82/100\n|-damage|p1b: Farigiraf|70/100\n|move|p2a: Indeedee|Trick Room|p2a: Indeedee\n|-fieldstart|move: Trick Room|[of] p2a: Indeedee\n|move|p1b: Farigiraf|Trick Room|p1b: Farigiraf\n|-fieldend|move: Trick Room\n|\n|upkeep\n|turn|2\n|\n|t:|1746113585\n|switch|p2a: Zamazenta|Zamazenta-Crowned, L50|100/100\n|-ability|p2a: Zamazenta|Dauntless Shield|boost\n|-boost|p2a: Zamazenta|def|1\n|move|p1a: Calyrex|Protect|p1a: Calyrex\n|-singleturn|p1a: Calyrex|Protect\n|move|p2b: Lunala|Meteor Beam||[still]\n|-prepare|p2b: Lunala|Meteor Beam\n|-boost|p2b: Lunala|spa|1\n|-enditem|p2b: Lunala|Power Herb\n|-anim|p2b: Lunala|Meteor Beam|p1a: Calyrex\n|-activate|p1a: Calyrex|move: Protect\n|move|p1b: Farigiraf|Trick Room|p1b: Farigiraf\n|-fieldstart|move: Trick Room|[of] p1b: Farigiraf\n|\n|upkeep\n|turn|3\n|\n|t:|1746113630\n|-terastallize|p2b: Lunala|Water\n|move|p1a: Calyrex|Close Combat|p2a: Zamazenta\n|-supereffective|p2a: Zamazenta\n|-damage|p2a: Zamazenta|58/100\n|-unboost|p1a: Calyrex|def|1\n|-unboost|p1a: Calyrex|spd|1\n|move|p1b: Farigiraf|Psychic|p2a: Zamazenta\n|-damage|p2a: Zamazenta|25/100\n|move|p2b: Lunala|Moongeist Beam|p1a: Calyrex\n|-supereffective|p1a: Calyrex\n|-damage|p1a: Calyrex|0 fnt\n|faint|p1a: Calyrex\n|move|p2a: Zamazenta|Body Press|p1b: Farigiraf\n|-damage|p1b: Farigiraf|19/100\n|\n|upkeep\n|\n|t:|1746113650\n|switch|p1a: Miraidon|Miraidon, L50|100/100\n|-fieldstart|move: Electric Terrain|[from] ability: Hadron Engine|[of] p1a: Miraidon\n|-enditem|p1b: Farigiraf|Electric Seed\n|-boost|p1b: Farigiraf|def|1|[from] item: Electric Seed\n|turn|4\n|\n|t:|1746113691\n|switch|p2a: Indeedee|Indeedee-F, L50, F|59/100\n|-fieldstart|move: Psychic Terrain|[from] ability: Psychic Surge|[of] p2a: Indeedee\n|move|p1b: Farigiraf|Psychic|p2a: Indeedee\n|-resisted|p2a: Indeedee\n|-damage|p2a: Indeedee|37/100\n|move|p2b: Lunala|Expanding Force|p1a: Miraidon|[spread] p1a,p1b\n|-resisted|p1b: Farigiraf\n|-damage|p1a: Miraidon|28/100\n|-damage|p1b: Farigiraf|0 fnt\n|faint|p1b: Farigiraf\n|move|p1a: Miraidon|Electro Drift|p2b: Lunala\n|-supereffective|p2b: Lunala\n|-crit|p2b: Lunala\n|-damage|p2b: Lunala|0 fnt\n|faint|p2b: Lunala\n|\n|upkeep\n|\n|t:|1746113711\n|switch|p1b: Annihilape|Annihilape, L50, M|100/100\n|switch|p2b: Landorus|Landorus, L50, M|100/100\n|turn|5\n|\n|t:|1746113736\n|-terastallize|p1a: Miraidon|Fairy\n|move|p2a: Indeedee|Follow Me|p2a: Indeedee\n|-singleturn|p2a: Indeedee|move: Follow Me\n|move|p2b: Landorus|Earth Power|p1a: Miraidon\n|-damage|p1a: Miraidon|0 fnt\n|faint|p1a: Miraidon\n|move|p1b: Annihilape|Close Combat|p2a: Indeedee\n|-damage|p2a: Indeedee|0 fnt\n|-unboost|p1b: Annihilape|def|1\n|-unboost|p1b: Annihilape|spd|1\n|faint|p2a: Indeedee\n|\n|upkeep\n|\n|t:|1746113744\n|switch|p2a: Zamazenta|Zamazenta-Crowned, L50|25/100\n|turn|6\n|-message|markusmesv forfeited.\n|\n|win|blizzardspamming\n||markusmesv is ready for game 3.\n", "uploadtime": 1746113751, "views": 11, "formatid": "gen9vgc2025regibo3", "rating": null, "private": 0, "password": null}