{"id": "gen9vgc2025regibo3-2353417025", "format": "[Gen 9] VGC 2025 Reg I (Bo3)", "players": ["bruinbroker01", "McDubbieEnthusiast"], "log": "|j|\u2606bruinbroker01\n|j|\u2606McDubbieEnthusiast\n|html|<table width=\"100%\"><tr><td align=\"left\">bruinbroker01</td><td align=\"right\">McDubbieEnthusiast</tr><tr><td align=\"left\"><i class=\"fa fa-circle\"></i> <i class=\"fa fa-circle-o\"></i> </td><td align=\"right\"><i class=\"fa fa-circle-o\"></i> <i class=\"fa fa-circle-o\"></i> </tr></table>\n|uhtml|bestof|<h2><strong>Game 2</strong> of <a href=\"/game-bestof3-gen9vgc2025regibo3-2353415026\">a best-of-3</a></h2>\n|t:|1745954092\n|gametype|doubles\n|player|p1|bruinbroker01|170|1170\n|player|p2|McDubbieEnthusiast|li|1234\n|teamsize|p1|6\n|teamsize|p2|6\n|gen|9\n|tier|[Gen 9] VGC 2025 Reg I (Bo3)\n|rated|\n|rule|Species Clause: Limit one of each Pok\u00e9mon\n|rule|Item Clause: Limit 1 of each item\n|clearpoke\n|poke|p1|Indeedee-F, L50, F|\n|poke|p1|Calyrex-Ice, L50|\n|poke|p1|Ursaluna-Bloodmoon, L50, M|\n|poke|p1|Smeargle, L50, M|\n|poke|p1|Urshifu-*, L50, F|\n|poke|p1|Lunala, L50|\n|poke|p2|Calyrex-Shadow, L50|\n|poke|p2|Zamazenta-*, L50|\n|poke|p2|Weezing-Galar, L50, F|\n|poke|p2|Incineroar, L50, M|\n|poke|p2|Urshifu-*, L50, M|\n|poke|p2|Ditto, L50|\n|teampreview|4\n|showteam|p1|Indeedee-F||RockyHelmet|PsychicSurge|Psychic,TrickRoom,FollowMe,HelpingHand|||F|||50|,,,,,Fairy]Calyrex-Ice||ClearAmulet|AsOneGlastrier|GlacialLance,HighHorsepower,TrickRoom,Protect||||||50|,,,,,Fire]Ursaluna-Bloodmoon||LifeOrb|MindsEye|EarthPower,HyperVoice,BloodMoon,Protect|||M|||50|,,,,,Normal]Smeargle||FocusSash|OwnTempo|FollowMe,FakeOut,Decorate,Spore|||M|||50|,,,,,Grass]Urshifu||ChoiceBand|UnseenFist|WickedBlow,SuckerPunch,CloseCombat,IronHead|||F|||50|,,,,,Grass]Lunala||PowerHerb|ShadowShield|ExpandingForce,TrickRoom,MoongeistBeam,MeteorBeam||||||50|,,,,,Grass\n|showteam|p2|Calyrex-Shadow||FocusSash|AsOneSpectrier|AstralBarrage,Psychic,Imprison,Protect||||||50|,,,,,Dark]Zamazenta-Crowned||RustedShield|DauntlessShield|BodyPress,HeavySlam,WideGuard,Protect||||||50|,,,,,Ghost]Weezing-Galar||CovertCloak|NeutralizingGas|StrangeSteam,PoisonGas,Taunt,Protect|||F|||50|,,,,,Grass]Incineroar||AssaultVest|Intimidate|FakeOut,KnockOff,FlareBlitz,Uturn|||M|||50|,,,,,Bug]Urshifu-Rapid-Strike||ChoiceScarf|UnseenFist|SurgingStrikes,CloseCombat,Uturn,Coaching|||M|||50|,,,,,Water]Ditto||AbilityShield|Imposter|Transform||||||50|,,,,,Ghost\n|inactive|Battle timer is ON: inactive players will automatically lose when time's up. (requested by bruinbroker01)\n|\n|t:|1745954143\n|start\n|switch|p1a: Smeargle|Smeargle, L50, M, shiny|100/100\n|switch|p1b: Lunala|Lunala, L50|100/100\n|switch|p2a: Zamazenta|Zamazenta-Crowned, L50|100/100\n|switch|p2b: Calyrex|Calyrex-Shadow, L50|100/100\n|-ability|p2b: Calyrex|As One\n|-ability|p2b: Calyrex|Unnerve\n|-ability|p2a: Zamazenta|Dauntless Shield|boost\n|-boost|p2a: Zamazenta|def|1\n|turn|1\n|\n|t:|1745954164\n|-terastallize|p1b: Lunala|Grass\n|move|p2b: Calyrex|Astral Barrage|p1a: Smeargle|[spread] p1b\n|-immune|p1a: Smeargle\n|-damage|p1b: Lunala|81/100\n|move|p2a: Zamazenta|Body Press|p1b: Lunala\n|-damage|p1b: Lunala|23/100\n|move|p1a: Smeargle|Spore|p2b: Calyrex\n|-status|p2b: Calyrex|slp|[from] move: Spore\n|move|p1b: Lunala|Trick Room|p1b: Lunala\n|-fieldstart|move: Trick Room|[of] p1b: Lunala\n|\n|upkeep\n|turn|2\n|inactive|McDubbieEnthusiast has 30 seconds left.\n|\n|t:|1745954196\n|-terastallize|p2b: Calyrex|Dark\n|move|p1a: Smeargle|Spore|p2a: Zamazenta\n|-status|p2a: Zamazenta|slp|[from] move: Spore\n|move|p1b: Lunala|Moongeist Beam|p2b: Calyrex\n|-resisted|p2b: Calyrex\n|-damage|p2b: Calyrex|70/100 slp\n|cant|p2a: Zamazenta|slp\n|cant|p2b: Calyrex|slp\n|\n|upkeep\n|turn|3\n|\n|t:|1745954211\n|move|p1a: Smeargle|Decorate|p1b: Lunala\n|-boost|p1b: Lunala|atk|2\n|-boost|p1b: Lunala|spa|2\n|move|p1b: Lunala|Expanding Force|p2b: Calyrex\n|-immune|p2b: Calyrex\n|cant|p2a: Zamazenta|slp\n|cant|p2b: Calyrex|slp\n|\n|upkeep\n|turn|4\n|\n|t:|1745954226\n|cant|p2a: Zamazenta|slp\n|move|p1a: Smeargle|Decorate|p1b: Lunala\n|-boost|p1b: Lunala|atk|2\n|-boost|p1b: Lunala|spa|2\n|move|p1b: Lunala|Moongeist Beam|p2b: Calyrex\n|-resisted|p2b: Calyrex\n|-damage|p2b: Calyrex|0 fnt\n|faint|p2b: Calyrex\n|\n|upkeep\n|\n|t:|1745954237\n|switch|p2b: Incineroar|Incineroar, L50, M, shiny|100/100\n|-ability|p2b: Incineroar|Intimidate|boost\n|-fail|p1a: Smeargle|unboost|Attack|[from] ability: Own Tempo|[of] p1a: Smeargle\n|-unboost|p1b: Lunala|atk|1\n|turn|5\n|\n|t:|1745954259\n|switch|p1a: Indeedee|Indeedee-F, L50, F, shiny|100/100\n|-fieldstart|move: Psychic Terrain|[from] ability: Psychic Surge|[of] p1a: Indeedee\n|switch|p2a: Ditto|Ditto, L50, shiny|100/100\n|-transform|p2a: Ditto|p1b: Lunala|[from] ability: Imposter\n|move|p2b: Incineroar|U-turn|p1b: Lunala\n|-supereffective|p1b: Lunala\n|-damage|p1b: Lunala|0 fnt\n|faint|p1b: Lunala\n|\n|t:|1745954271\n|switch|p2b: Zamazenta|Zamazenta-Crowned, L50|100/100 slp|[from] U-turn\n|\n|-fieldend|move: Trick Room\n|upkeep\n|\n|t:|1745954278\n|switch|p1b: Calyrex|Calyrex-Ice, L50|100/100\n|-ability|p1b: Calyrex|As One\n|-ability|p1b: Calyrex|Unnerve\n|-start|p2a: Ditto|typechange|Psychic/Ghost|[silent]\n|turn|6\n|\n|t:|1745954296\n|move|p1a: Indeedee|Follow Me|p1a: Indeedee\n|-singleturn|p1a: Indeedee|move: Follow Me\n|-curestatus|p2b: Zamazenta|slp|[msg]\n|move|p2b: Zamazenta|Body Press|p1a: Indeedee\n|-damage|p1a: Indeedee|60/100\n|-damage|p2b: Zamazenta|84/100|[from] item: Rocky Helmet|[of] p1a: Indeedee\n|move|p2a: Ditto|Expanding Force|p1a: Indeedee|[spread] p1a,p1b\n|-resisted|p1a: Indeedee\n|-resisted|p1b: Calyrex\n|-damage|p1a: Indeedee|0 fnt\n|-damage|p1b: Calyrex|34/100\n|faint|p1a: Indeedee\n|move|p1b: Calyrex|Trick Room|p1b: Calyrex\n|-fieldstart|move: Trick Room|[of] p1b: Calyrex\n|\n|upkeep\n|\n|t:|1745954307\n|switch|p1a: Smeargle|Smeargle, L50, M, shiny|100/100\n|turn|7\n|\n|t:|1745954325\n|move|p2b: Zamazenta|Wide Guard|p2b: Zamazenta\n|-singleturn|p2b: Zamazenta|Wide Guard\n|move|p1a: Smeargle|Spore|p2a: Ditto\n|-status|p2a: Ditto|slp|[from] move: Spore\n|move|p1b: Calyrex|Glacial Lance|p2a: Ditto|[spread] \n|-activate|p2a: Ditto|move: Wide Guard\n|-activate|p2b: Zamazenta|move: Wide Guard\n|cant|p2a: Ditto|slp\n|\n|upkeep\n|turn|8\n|\n|t:|1745954340\n|move|p2b: Zamazenta|Wide Guard|p2b: Zamazenta\n|-singleturn|p2b: Zamazenta|Wide Guard\n|move|p1a: Smeargle|Spore|p2b: Zamazenta\n|-status|p2b: Zamazenta|slp|[from] move: Spore\n|move|p1b: Calyrex|High Horsepower|p2a: Ditto\n|-damage|p2a: Ditto|73/100 slp\n|cant|p2a: Ditto|slp\n|\n|upkeep\n|turn|9\n|\n|t:|1745954350\n|cant|p2b: Zamazenta|slp\n|move|p1a: Smeargle|Decorate|p1b: Calyrex\n|-boost|p1b: Calyrex|atk|2\n|-boost|p1b: Calyrex|spa|2\n|move|p1b: Calyrex|Glacial Lance|p2b: Zamazenta|[spread] p2a,p2b\n|-resisted|p2b: Zamazenta\n|-damage|p2a: Ditto|0 fnt\n|-damage|p2b: Zamazenta|48/100 slp\n|faint|p2a: Ditto\n|-ability|p1b: Calyrex|Chilling Neigh|boost\n|-boost|p1b: Calyrex|atk|1\n|\n|-fieldend|move: Psychic Terrain\n|upkeep\n|\n|t:|1745954359\n|switch|p2a: Incineroar|Incineroar, L50, M, shiny|100/100\n|-ability|p2a: Incineroar|Intimidate|boost\n|-fail|p1a: Smeargle|unboost|Attack|[from] ability: Own Tempo|[of] p1a: Smeargle\n|-fail|p1b: Calyrex|unboost|[from] item: Clear Amulet|[of] p1b: Calyrex\n|turn|10\n|\n|t:|1745954369\n|move|p1b: Calyrex|Protect|p1b: Calyrex\n|-singleturn|p1b: Calyrex|Protect\n|move|p2a: Incineroar|Fake Out|p1b: Calyrex\n|-activate|p1b: Calyrex|move: Protect\n|move|p1a: Smeargle|Spore|p2a: Incineroar\n|-status|p2a: Incineroar|slp|[from] move: Spore\n|cant|p2b: Zamazenta|slp\n|\n|-fieldend|move: Trick Room\n|upkeep\n|turn|11\n|\n|t:|1745954381\n|move|p1a: Smeargle|Follow Me|p1a: Smeargle\n|-singleturn|p1a: Smeargle|move: Follow Me\n|-curestatus|p2b: Zamazenta|slp|[msg]\n|move|p2b: Zamazenta|Body Press|p1a: Smeargle\n|-supereffective|p1a: Smeargle\n|-enditem|p1a: Smeargle|Focus Sash\n|-damage|p1a: Smeargle|1/100\n|cant|p2a: Incineroar|slp\n|move|p1b: Calyrex|Trick Room|p1b: Calyrex\n|-fieldstart|move: Trick Room|[of] p1b: Calyrex\n|\n|upkeep\n|turn|12\n|\n|t:|1745954402\n|move|p2b: Zamazenta|Wide Guard|p2b: Zamazenta\n|-singleturn|p2b: Zamazenta|Wide Guard\n|move|p1a: Smeargle|Spore|p2b: Zamazenta\n|-status|p2b: Zamazenta|slp|[from] move: Spore\n|-curestatus|p2a: Incineroar|slp|[msg]\n|move|p2a: Incineroar|Knock Off|p1b: Calyrex\n|-supereffective|p1b: Calyrex\n|-damage|p1b: Calyrex|0 fnt\n|-enditem|p1b: Calyrex|Clear Amulet|[from] move: Knock Off|[of] p2a: Incineroar\n|faint|p1b: Calyrex\n|\n|upkeep\n|turn|13\n|\n|t:|1745954418\n|move|p1a: Smeargle|Spore|p2a: Incineroar\n|-status|p2a: Incineroar|slp|[from] move: Spore\n|cant|p2a: Incineroar|slp\n|cant|p2b: Zamazenta|slp\n|\n|upkeep\n|turn|14\n|\n|t:|1745954428\n|move|p1a: Smeargle|Fake Out||[still]\n|-hint|Fake Out only works on your first turn out.\n|-fail|p1a: Smeargle\n|cant|p2a: Incineroar|slp\n|cant|p2b: Zamazenta|slp\n|\n|upkeep\n|turn|15\n|\n|t:|1745954438\n|move|p1a: Smeargle|Fake Out||[still]\n|-hint|Fake Out only works on your first turn out.\n|-fail|p1a: Smeargle\n|cant|p2a: Incineroar|slp\n|cant|p2b: Zamazenta|slp\n|\n|-fieldend|move: Trick Room\n|upkeep\n|turn|16\n|\n|t:|1745954448\n|move|p1a: Smeargle|Fake Out||[still]\n|-hint|Fake Out only works on your first turn out.\n|-fail|p1a: Smeargle\n|-curestatus|p2b: Zamazenta|slp|[msg]\n|move|p2b: Zamazenta|Heavy Slam|p1a: Smeargle\n|-damage|p1a: Smeargle|0 fnt\n|faint|p1a: Smeargle\n|\n|win|McDubbieEnthusiast\n||McDubbieEnthusiast is ready for game 3.\n|inactive|bruinbroker01 has 30 seconds to confirm battle start!\n||bruinbroker01 is ready for game 3.\n|uhtml|next|Next: <a href=\"/battle-gen9vgc2025regibo3-2353421110\"><strong>Game 3 of 3</strong></a>\n|l|\u2606McDubbieEnthusiast\n|player|p2|\n", "uploadtime": 1745954797, "views": 7, "formatid": "gen9vgc2025regibo3", "rating": null, "private": 0, "password": null}