{"id": "gen9vgc2025regibo3-2354556056", "format": "[Gen 9] VGC 2025 Reg I (Bo3)", "players": ["WickedBlowGaming0", "burino494"], "log": "|j|\u2606WickedBlowGaming0\n|j|\u2606burino494\n|html|<table width=\"100%\"><tr><td align=\"left\">WickedBlowGaming0</td><td align=\"right\">burino494</tr><tr><td align=\"left\"><i class=\"fa fa-circle-o\"></i> <i class=\"fa fa-circle-o\"></i> </td><td align=\"right\"><i class=\"fa fa-circle-o\"></i> <i class=\"fa fa-circle-o\"></i> </tr></table>\n|uhtml|bestof|<h2><strong>Game 1</strong> of <a href=\"/game-bestof3-gen9vgc2025regibo3-2354556054\">a best-of-3</a></h2>\n|t:|1746093743\n|gametype|doubles\n|player|p1|WickedBlowGaming0|ghetsis-gen5bw|1517\n|player|p2|burino494|pokemonbreeder-gen4|1405\n|teamsize|p1|6\n|teamsize|p2|6\n|gen|9\n|tier|[Gen 9] VGC 2025 Reg I (Bo3)\n|rated|\n|rule|Species Clause: Limit one of each Pok\u00e9mon\n|rule|Item Clause: Limit 1 of each item\n|clearpoke\n|poke|p1|Calyrex-Shadow, L50|\n|poke|p1|Zamazenta-*, L50|\n|poke|p1|Ogerpon-Hearthflame, L50, F|\n|poke|p1|Raging Bolt, L50|\n|poke|p1|Incineroar, L50, M|\n|poke|p1|Whimsicott, L50, M|\n|poke|p2|Calyrex-Shadow, L50|\n|poke|p2|Zamazenta-*, L50|\n|poke|p2|Rillaboom, L50, M|\n|poke|p2|Urshifu-*, L50, M|\n|poke|p2|Incineroar, L50, F|\n|poke|p2|Tornadus, L50, M|\n|teampreview|4\n|showteam|p1|Calyrex-Shadow||FocusSash|AsOneSpectrier|AstralBarrage,Psychic,Disable,Protect||||||50|,,,,,Ghost]Zamazenta-Crowned||RustedShield|DauntlessShield|BodyPress,HeavySlam,WideGuard,Protect||||||50|,,,,,Dragon]Ogerpon-Hearthflame||HearthflameMask|MoldBreaker|IvyCudgel,HornLeech,FollowMe,SpikyShield|||F|||50|,,,,,Fire]Raging Bolt||AssaultVest|Protosynthesis|DracoMeteor,Thunderclap,Electroweb,VoltSwitch||||||50|,,,,,Fairy]Incineroar||RockyHelmet|Intimidate|FakeOut,KnockOff,Taunt,PartingShot|||M|||50|,,,,,Water]Whimsicott||CovertCloak|Prankster|Moonblast,Tailwind,Encore,LightScreen|||M|||50|,,,,,Dark\n|showteam|p2|Calyrex-Shadow||FocusSash|AsOneSpectrier|AstralBarrage,Psychic,NastyPlot,Protect||||||50|,,,,,Ghost]Zamazenta-Crowned||RustedShield|DauntlessShield|BodyPress,HeavySlam,WideGuard,Protect||||||50|,,,,,Grass]Rillaboom||AssaultVest|GrassySurge|WoodHammer,GrassyGlide,Uturn,FakeOut|||M|||50|,,,,,Fire]Urshifu-Rapid-Strike||ChoiceScarf|UnseenFist|SurgingStrikes,CloseCombat,AquaJet,Uturn|||M|||50|,,,,,Water]Incineroar||SafetyGoggles|Intimidate|KnockOff,FakeOut,Taunt,PartingShot|||F|||50|,,,,,Bug]Tornadus||CovertCloak|Prankster|BleakwindStorm,Tailwind,RainDance,Taunt|||M|||50|,,,,,Dark\n|inactive|Battle timer is ON: inactive players will automatically lose when time's up. (requested by burino494)\n|inactive|WickedBlowGaming0 also wants the timer to be on.\n|inactive|WickedBlowGaming0 has 60 seconds left.\n|\n|t:|1746093788\n|start\n|switch|p1a: Incineroar|Incineroar, L50, M|100/100\n|switch|p1b: Calyrex|Calyrex-Shadow, L50|100/100\n|switch|p2a: Calyrex|Calyrex-Shadow, L50|100/100\n|switch|p2b: Urshifu|Urshifu-Rapid-Strike, L50, M|100/100\n|-ability|p1b: Calyrex|As One\n|-ability|p1b: Calyrex|Unnerve\n|-ability|p2a: Calyrex|As One\n|-ability|p2a: Calyrex|Unnerve\n|-ability|p1a: Incineroar|Intimidate|boost\n|-unboost|p2a: Calyrex|atk|1\n|-unboost|p2b: Urshifu|atk|1\n|turn|1\n|inactive|WickedBlowGaming0 has 30 seconds left.\n|\n|t:|1746093816\n|switch|p2b: Incineroar|Incineroar, L50, F|100/100\n|-ability|p2b: Incineroar|Intimidate|boost\n|-unboost|p1a: Incineroar|atk|1\n|-unboost|p1b: Calyrex|atk|1\n|move|p1a: Incineroar|Fake Out|p2b: Incineroar\n|-damage|p2b: Incineroar|95/100\n|move|p2a: Calyrex|Astral Barrage|p1a: Incineroar|[spread] p1a,p1b\n|-resisted|p1a: Incineroar\n|-supereffective|p1b: Calyrex\n|-damage|p1a: Incineroar|72/100\n|-enditem|p1b: Calyrex|Focus Sash\n|-damage|p1b: Calyrex|1/100\n|move|p1b: Calyrex|Astral Barrage|p2a: Calyrex|[spread] p2a,p2b\n|-supereffective|p2a: Calyrex\n|-resisted|p2b: Incineroar\n|-enditem|p2a: Calyrex|Focus Sash\n|-damage|p2a: Calyrex|1/100\n|-damage|p2b: Incineroar|69/100\n|\n|upkeep\n|turn|2\n|\n|t:|1746093836\n|move|p2a: Calyrex|Astral Barrage|p1a: Incineroar|[spread] p1a,p1b\n|-resisted|p1a: Incineroar\n|-supereffective|p1b: Calyrex\n|-damage|p1a: Incineroar|48/100\n|-damage|p1b: Calyrex|0 fnt\n|faint|p1b: Calyrex\n|-ability|p2a: Calyrex|Grim Neigh|boost\n|-boost|p2a: Calyrex|spa|1\n|move|p1a: Incineroar|Knock Off|p2a: Calyrex\n|-supereffective|p2a: Calyrex\n|-damage|p2a: Calyrex|0 fnt\n|faint|p2a: Calyrex\n|move|p2b: Incineroar|Knock Off|p1a: Incineroar\n|-resisted|p1a: Incineroar\n|-damage|p1a: Incineroar|34/100\n|-damage|p2b: Incineroar|53/100|[from] item: Rocky Helmet|[of] p1a: Incineroar\n|-enditem|p1a: Incineroar|Rocky Helmet|[from] move: Knock Off|[of] p2b: Incineroar\n|\n|upkeep\n|\n|t:|1746093851\n|switch|p2a: Zamazenta|Zamazenta-Crowned, L50|100/100\n|switch|p1b: Zamazenta|Zamazenta-Crowned, L50|100/100\n|-ability|p2a: Zamazenta|Dauntless Shield|boost\n|-boost|p2a: Zamazenta|def|1\n|-ability|p1b: Zamazenta|Dauntless Shield|boost\n|-boost|p1b: Zamazenta|def|1\n|turn|3\n|\n|t:|1746093870\n|switch|p1a: Whimsicott|Whimsicott, L50, M|100/100\n|switch|p2b: Urshifu|Urshifu-Rapid-Strike, L50, M|100/100\n|-terastallize|p1b: Zamazenta|Dragon\n|move|p2a: Zamazenta|Body Press|p1b: Zamazenta\n|-damage|p1b: Zamazenta|69/100\n|move|p1b: Zamazenta|Body Press|p2b: Urshifu\n|-damage|p2b: Urshifu|22/100\n|\n|upkeep\n|turn|4\n|inactive|WickedBlowGaming0 has 30 seconds left.\n|inactive|WickedBlowGaming0 has 20 seconds left.\n|\n|t:|1746093910\n|move|p1a: Whimsicott|Tailwind|p1a: Whimsicott\n|-sidestart|p1: WickedBlowGaming0|move: Tailwind\n|move|p1b: Zamazenta|Body Press|p2b: Urshifu\n|-damage|p2b: Urshifu|0 fnt\n|faint|p2b: Urshifu\n|move|p2a: Zamazenta|Body Press|p1b: Zamazenta\n|-damage|p1b: Zamazenta|40/100\n|\n|upkeep\n|\n|t:|1746093914\n|switch|p2b: Incineroar|Incineroar, L50, F|53/100\n|-ability|p2b: Incineroar|Intimidate|boost\n|-unboost|p1a: Whimsicott|atk|1\n|-unboost|p1b: Zamazenta|atk|1\n|turn|5\n|inactive|burino494 has 30 seconds left.\n|\n|t:|1746093946\n|move|p1b: Zamazenta|Protect|p1b: Zamazenta\n|-singleturn|p1b: Zamazenta|Protect\n|move|p2b: Incineroar|Fake Out|p1b: Zamazenta\n|-activate|p1b: Zamazenta|move: Protect\n|move|p1a: Whimsicott|Encore|p2a: Zamazenta\n|-start|p2a: Zamazenta|Encore\n|move|p2a: Zamazenta|Body Press|p1a: Whimsicott\n|-resisted|p1a: Whimsicott\n|-damage|p1a: Whimsicott|61/100\n|\n|upkeep\n|turn|6\n|\n|t:|1746093964\n|-terastallize|p2b: Incineroar|Bug\n|move|p1b: Zamazenta|Body Press|p2a: Zamazenta\n|-supereffective|p2a: Zamazenta\n|-damage|p2a: Zamazenta|46/100\n|move|p1a: Whimsicott|Moonblast|p2a: Zamazenta\n|-damage|p2a: Zamazenta|24/100\n|move|p2a: Zamazenta|Body Press|p1b: Zamazenta\n|-damage|p1b: Zamazenta|10/100\n|move|p2b: Incineroar|Taunt|p1a: Whimsicott\n|-start|p1a: Whimsicott|move: Taunt\n|\n|upkeep\n|turn|7\n|\n|t:|1746093976\n|move|p1b: Zamazenta|Body Press|p2a: Zamazenta\n|-supereffective|p2a: Zamazenta\n|-damage|p2a: Zamazenta|0 fnt\n|faint|p2a: Zamazenta\n|move|p1a: Whimsicott|Moonblast|p2b: Incineroar\n|-damage|p2b: Incineroar|26/100\n|move|p2b: Incineroar|Knock Off|p1b: Zamazenta\n|-damage|p1b: Zamazenta|0 fnt\n|faint|p1b: Zamazenta\n|\n|-sideend|p1: WickedBlowGaming0|move: Tailwind\n|upkeep\n|\n|t:|1746093979\n|switch|p1b: Incineroar|Incineroar, L50, M|34/100\n|-ability|p1b: Incineroar|Intimidate|boost\n|-unboost|p2b: Incineroar|atk|1\n|turn|8\n|-message|burino494 forfeited.\n|\n|win|WickedBlowGaming0\n||burino494 is ready for game 2.\n||WickedBlowGaming0 is ready for game 2.\n|uhtml|next|Next: <a href=\"/battle-gen9vgc2025regibo3-2354557356\"><strong>Game 2 of 3</strong></a>\n|l|\u2606burino494\n|player|p2|\n", "uploadtime": 1746094300, "views": 12, "formatid": "gen9vgc2025regibo3", "rating": null, "private": 0, "password": null}