{"id": "gen9vgc2025regibo3-2354743402", "format": "[Gen 9] VGC 2025 Reg I (Bo3)", "players": ["Thorton506", "LeonardPlayz"], "log": "|j|\u2606Thorton506\n|j|\u2606LeonardPlayz\n|html|<table width=\"100%\"><tr><td align=\"left\">Thorton506</td><td align=\"right\">LeonardPlayz</tr><tr><td align=\"left\"><i class=\"fa fa-circle\"></i> <i class=\"fa fa-circle-o\"></i> </td><td align=\"right\"><i class=\"fa fa-circle-o\"></i> <i class=\"fa fa-circle\"></i> </tr></table>\n|uhtml|bestof|<h2><strong>Game 3</strong> of <a href=\"/game-bestof3-gen9vgc2025regibo3-2354739023\">a best-of-3</a></h2>\n|t:|1746115866\n|gametype|doubles\n|player|p1|Thorton506|crasherwake|1038\n|player|p2|LeonardPlayz|hilbert-wonderlauncher|1081\n|teamsize|p1|6\n|teamsize|p2|6\n|gen|9\n|tier|[Gen 9] VGC 2025 Reg I (Bo3)\n|rated|\n|rule|Species Clause: Limit one of each Pok\u00e9mon\n|rule|Item Clause: Limit 1 of each item\n|clearpoke\n|poke|p1|Zacian-*, L50|\n|poke|p1|Koraidon, L50|\n|poke|p1|Walking Wake, L50|\n|poke|p1|Chien-Pao, L50|\n|poke|p1|Ogerpon-Cornerstone, L50, F|\n|poke|p1|Thundurus, L50, M|\n|poke|p2|Kyurem-White, L50|\n|poke|p2|Koraidon, L50|\n|poke|p2|Incineroar, L50, F|\n|poke|p2|Flutter Mane, L50|\n|poke|p2|Indeedee-F, L50, F|\n|poke|p2|Heatran, L50, F|\n|teampreview|4\n|showteam|p1|Zacian-Crowned||RustedSword|IntrepidSword|behemothblade,PlayRough,Substitute,Protect||||||50|,,,,,Normal]Koraidon||ClearAmulet|OrichalcumPulse|FlareBlitz,CollisionCourse,ScaleShot,Protect||||||50|,,,,,Fire]Walking Wake||LifeOrb|Protosynthesis|HydroSteam,DracoMeteor,Snarl,Protect||||||50|,,,,,Water]Chien-Pao||FocusSash|SwordofRuin|IcicleCrash,Crunch,SuckerPunch,Protect||||||50|,,,,,Stellar]Ogerpon-Cornerstone||CornerstoneMask|Sturdy|IvyCudgel,HornLeech,FollowMe,SpikyShield|||F|||50|,,,,,Rock]Thundurus||SitrusBerry|Prankster|WildboltStorm,ThunderWave,EerieImpulse,Leer|||M|||50|,,,,,Steel\n|showteam|p2|Kyurem-White||CovertCloak|Turboblaze|FusionFlare,EarthPower,FreezeDry,Protect||||||50|,,,,,Fire]Koraidon||LifeOrb|OrichalcumPulse|FlareBlitz,CloseCombat,FlameCharge,Protect||||||50|,,,,,Fire]Incineroar||AssaultVest|Intimidate|FakeOut,FlareBlitz,KnockOff,Uturn|||F|||50|,,,,,Grass]Flutter Mane||ChoiceSpecs|Protosynthesis|Moonblast,ShadowBall,Thunderbolt,IcyWind||||||50|,,,,,Fairy]Indeedee-F||RockyHelmet|PsychicSurge|FollowMe,HelpingHand,Imprison,TrickRoom|||F|||50|,,,,,Water]Heatran||WideLens|FlashFire|MagmaStorm,HeavySlam,EarthPower,Protect|||F|||50|,,,,,Fairy\n|inactive|Battle timer is ON: inactive players will automatically lose when time's up. (requested by LeonardPlayz)\n|\n|t:|1746115883\n|start\n|switch|p1a: Zacian|Zacian-Crowned, L50|100/100\n|switch|p1b: Chien-Pao|Chien-Pao, L50|100/100\n|switch|p2a: Kyurem|Kyurem-White, L50|100/100\n|switch|p2b: Flutter Mane|Flutter Mane, L50|100/100\n|-ability|p1a: Zacian|Intrepid Sword|boost\n|-boost|p1a: Zacian|atk|1\n|-ability|p1b: Chien-Pao|Sword of Ruin\n|-ability|p2a: Kyurem|Turboblaze\n|turn|1\n|inactive|LeonardPlayz has 30 seconds left.\n|\n|t:|1746115915\n|-end|p2b: Flutter Mane|Protosynthesis|[silent]\n|switch|p2b: Koraidon|Koraidon, L50|100/100\n|-weather|SunnyDay|[from] ability: Orichalcum Pulse|[of] p2b: Koraidon\n|-activate|p2b: Koraidon|Orichalcum Pulse|[source]\n|-terastallize|p2a: Kyurem|Fire\n|move|p1a: Zacian|Protect|p1a: Zacian\n|-singleturn|p1a: Zacian|Protect\n|move|p1b: Chien-Pao|Crunch|p2b: Koraidon\n|-resisted|p2b: Koraidon\n|-damage|p2b: Koraidon|72/100\n|move|p2a: Kyurem|Fusion Flare|p1a: Zacian\n|-activate|p1a: Zacian|move: Protect\n|\n|-weather|SunnyDay|[upkeep]\n|upkeep\n|turn|2\n|inactive|Thorton506 has 30 seconds left.\n|\n|t:|1746115941\n|switch|p1a: Walking Wake|Walking Wake, L50|100/100\n|-activate|p1a: Walking Wake|ability: Protosynthesis\n|-start|p1a: Walking Wake|protosynthesisspe\n|switch|p2b: Indeedee|Indeedee-F, L50, F|100/100\n|-fieldstart|move: Psychic Terrain|[from] ability: Psychic Surge|[of] p2b: Indeedee\n|move|p1b: Chien-Pao|Icicle Crash|p2b: Indeedee|[miss]\n|-miss|p1b: Chien-Pao|p2b: Indeedee\n|move|p2a: Kyurem|Fusion Flare|p1b: Chien-Pao\n|-supereffective|p1b: Chien-Pao\n|-enditem|p1b: Chien-Pao|Focus Sash\n|-damage|p1b: Chien-Pao|1/100\n|\n|-weather|SunnyDay|[upkeep]\n|upkeep\n|turn|3\n|inactive|LeonardPlayz has 30 seconds left.\n|inactive|LeonardPlayz has 20 seconds left.\n|\n|t:|1746115977\n|-terastallize|p1a: Walking Wake|Water\n|move|p2b: Indeedee|Follow Me|p2b: Indeedee\n|-singleturn|p2b: Indeedee|move: Follow Me\n|move|p1a: Walking Wake|Snarl|p2b: Indeedee|[spread] p2a,p2b\n|-supereffective|p2b: Indeedee\n|-damage|p2a: Kyurem|85/100\n|-damage|p2b: Indeedee|67/100\n|-unboost|p2b: Indeedee|spa|1\n|-damage|p1a: Walking Wake|91/100|[from] item: Life Orb\n|move|p1b: Chien-Pao|Crunch|p2b: Indeedee\n|-supereffective|p2b: Indeedee\n|-damage|p2b: Indeedee|0 fnt\n|-damage|p1b: Chien-Pao|0 fnt|[from] item: Rocky Helmet|[of] p2b: Indeedee\n|faint|p2b: Indeedee\n|faint|p1b: Chien-Pao\n|move|p2a: Kyurem|Freeze-Dry|p1a: Walking Wake\n|-supereffective|p1a: Walking Wake\n|-damage|p1a: Walking Wake|0 fnt\n|faint|p1a: Walking Wake\n|-end|p1a: Walking Wake|Protosynthesis|[silent]\n|\n|-weather|SunnyDay|[upkeep]\n|upkeep\n|\n|t:|1746115995\n|switch|p1b: Koraidon|Koraidon, L50|100/100\n|switch|p1a: Zacian|Zacian-Crowned, L50|100/100\n|switch|p2b: Flutter Mane|Flutter Mane, L50|100/100\n|-activate|p1b: Koraidon|ability: Orichalcum Pulse\n|-activate|p2b: Flutter Mane|ability: Protosynthesis\n|-start|p2b: Flutter Mane|protosynthesisspe\n|turn|4\n|\n|t:|1746116014\n|move|p2b: Flutter Mane|Moonblast|p1b: Koraidon\n|-supereffective|p1b: Koraidon\n|-damage|p1b: Koraidon|0 fnt\n|faint|p1b: Koraidon\n|move|p1a: Zacian|Behemoth Blade|p2a: Kyurem\n|-resisted|p2a: Kyurem\n|-damage|p2a: Kyurem|62/100\n|move|p2a: Kyurem|Freeze-Dry|p1a: Zacian\n|-resisted|p1a: Zacian\n|-damage|p1a: Zacian|80/100\n|\n|-weather|SunnyDay|[upkeep]\n|upkeep\n|turn|5\n|c|\u2606LeonardPlayz|gg\n|\n|t:|1746116027\n|move|p2b: Flutter Mane|Moonblast|p1a: Zacian\n|-resisted|p1a: Zacian\n|-damage|p1a: Zacian|46/100\n|-unboost|p1a: Zacian|spa|1\n|move|p1a: Zacian|Play Rough|p2a: Kyurem|[miss]\n|-miss|p1a: Zacian|p2a: Kyurem\n|move|p2a: Kyurem|Earth Power|p1a: Zacian\n|-supereffective|p1a: Zacian\n|-damage|p1a: Zacian|0 fnt\n|faint|p1a: Zacian\n|\n|win|LeonardPlayz\n|raw|Thorton506's rating: 1038 &rarr; <strong>1024</strong><br />(-14 for losing)\n|raw|LeonardPlayz's rating: 1081 &rarr; <strong>1105</strong><br />(+24 for winning)\n|l|\u2606Thorton506\n|player|p1|\n", "uploadtime": 1746116039, "views": 32, "formatid": "gen9vgc2025regibo3", "rating": 1024, "private": 0, "password": null}