{"id": "gen9vgc2025regibo3-2354951462", "format": "[Gen 9] VGC 2025 Reg I (Bo3)", "players": ["Urric", "Paldeawaiter"], "log": "|j|\u2606Urric\n|j|\u2606Paldeawaiter\n|html|<table width=\"100%\"><tr><td align=\"left\">Urric</td><td align=\"right\">Paldeawaiter</tr><tr><td align=\"left\"><i class=\"fa fa-circle-o\"></i> <i class=\"fa fa-circle-o\"></i> </td><td align=\"right\"><i class=\"fa fa-circle-o\"></i> <i class=\"fa fa-circle-o\"></i> </tr></table>\n|uhtml|bestof|<h2><strong>Game 1</strong> of <a href=\"/game-bestof3-gen9vgc2025regibo3-2354951461\">a best-of-3</a></h2>\n|t:|1746135030\n|gametype|doubles\n|player|p1|Urric|wattson|1084\n|player|p2|Paldeawaiter|colress|1132\n|teamsize|p1|6\n|teamsize|p2|6\n|gen|9\n|tier|[Gen 9] VGC 2025 Reg I (Bo3)\n|rated|\n|rule|Species Clause: Limit one of each Pok\u00e9mon\n|rule|Item Clause: Limit 1 of each item\n|clearpoke\n|poke|p1|Koraidon, L50|\n|poke|p1|Chi-Yu, L50|\n|poke|p1|Rillaboom, L50, M|\n|poke|p1|Zacian-*, L50|\n|poke|p1|Flutter Mane, L50|\n|poke|p1|Great Tusk, L50|\n|poke|p2|Calyrex-Ice, L50|\n|poke|p2|Torkoal, L50, F|\n|poke|p2|Lilligant-Hisui, L50, F|\n|poke|p2|Grimmsnarl, L50, M|\n|poke|p2|Raging Bolt, L50|\n|poke|p2|Groudon, L50|\n|teampreview|4\n|showteam|p1|Koraidon||ClearAmulet|OrichalcumPulse|CollisionCourse,FlareBlitz,Protect,DragonClaw||||||50|,,,,,Fire]Chi-Yu||LifeOrb|BeadsofRuin|HeatWave,DarkPulse,Protect,Snarl||||||50|,,,,,Fire]Rillaboom||AssaultVest|GrassySurge|GrassyGlide,FakeOut,WoodHammer,Uturn|||M|||50|,,,,,Water]Zacian-Crowned||RustedSword|IntrepidSword|behemothblade,PlayRough,SacredSword,Protect||||||50|,,,,,Fire]Flutter Mane||FocusSash|Protosynthesis|IcyWind,Moonblast,ShadowBall,Protect||||||50|,,,,,Normal]Great Tusk||ChoiceBand|Protosynthesis|CloseCombat,HeadlongRush,KnockOff,RockSlide||||||50|,,,,,Ground\n|showteam|p2|Calyrex-Ice||NeverMeltIce|AsOneGlastrier|GlacialLance,HighHorsepower,Protect,TrickRoom||||||50|,,,,,Water]Torkoal||Charcoal|Drought|Eruption,Flamethrower,Protect,Yawn|||F|||50|,,,,,Fire]Lilligant-Hisui||FocusSash|Chlorophyll|Coaching,AfterYou,SleepPowder,CloseCombat|||F|||50|,,,,,Ghost]Grimmsnarl||LightClay|Prankster|LightScreen,Reflect,SpiritBreak,Taunt|||M|||50|,,,,,Ghost]Raging Bolt||Leftovers|Protosynthesis|Protect,CalmMind,Thunderbolt,DragonPulse||||||50|,,,,,Fairy]Groudon||ClearAmulet|Drought|PrecipiceBlades,HeatCrash,SwordsDance,Protect||||||50|,,,,,Fire\n|\n|t:|1746135062\n|start\n|switch|p1a: Koraidon|Koraidon, L50|100/100\n|switch|p1b: Chi-Yu|Chi-Yu, L50|100/100\n|switch|p2a: Grimmsnarl|Grimmsnarl, L50, M|100/100\n|switch|p2b: Groudon|Groudon, L50|100/100\n|-weather|SunnyDay|[from] ability: Orichalcum Pulse|[of] p1a: Koraidon\n|-activate|p1a: Koraidon|Orichalcum Pulse|[source]\n|-ability|p1b: Chi-Yu|Beads of Ruin\n|turn|1\n|\n|t:|1746135091\n|move|p2b: Groudon|Protect|p2b: Groudon\n|-singleturn|p2b: Groudon|Protect\n|move|p2a: Grimmsnarl|Reflect|p2a: Grimmsnarl\n|-sidestart|p2: Paldeawaiter|Reflect\n|move|p1a: Koraidon|Flare Blitz|p2b: Groudon\n|-activate|p2b: Groudon|move: Protect\n|move|p1b: Chi-Yu|Heat Wave|p2b: Groudon|[spread] p2a\n|-activate|p2b: Groudon|move: Protect\n|-damage|p2a: Grimmsnarl|12/100\n|-damage|p1b: Chi-Yu|91/100|[from] item: Life Orb\n|\n|-weather|SunnyDay|[upkeep]\n|upkeep\n|turn|2\n|\n|t:|1746135109\n|move|p2a: Grimmsnarl|Light Screen|p2a: Grimmsnarl\n|-sidestart|p2: Paldeawaiter|move: Light Screen\n|move|p1a: Koraidon|Flare Blitz|p2b: Groudon\n|-damage|p2b: Groudon|65/100\n|-damage|p1a: Koraidon|87/100|[from] Recoil\n|move|p1b: Chi-Yu|Heat Wave|p2a: Grimmsnarl|[spread] p2a\n|-miss|p1b: Chi-Yu|p2b: Groudon\n|-damage|p2a: Grimmsnarl|0 fnt\n|faint|p2a: Grimmsnarl\n|-damage|p1b: Chi-Yu|82/100|[from] item: Life Orb\n|move|p2b: Groudon|Precipice Blades|p1b: Chi-Yu|[spread] p1a\n|-miss|p2b: Groudon|p1b: Chi-Yu\n|-damage|p1a: Koraidon|40/100\n|\n|-weather|SunnyDay|[upkeep]\n|upkeep\n|\n|t:|1746135126\n|switch|p2a: Lilligant|Lilligant-Hisui, L50, F, shiny|100/100\n|turn|3\n|\n|t:|1746135136\n|move|p2a: Lilligant|After You|p2b: Groudon\n|-activate|p2b: Groudon|move: After You\n|move|p2b: Groudon|Precipice Blades|p1a: Koraidon|[spread] p1a,p1b\n|-supereffective|p1b: Chi-Yu\n|-damage|p1a: Koraidon|0 fnt\n|-damage|p1b: Chi-Yu|0 fnt\n|faint|p1a: Koraidon\n|faint|p1b: Chi-Yu\n|\n|-weather|SunnyDay|[upkeep]\n|upkeep\n|\n|t:|1746135144\n|switch|p1a: Zacian|Zacian-Crowned, L50|100/100\n|switch|p1b: Great Tusk|Great Tusk, L50|100/100\n|-ability|p1a: Zacian|Intrepid Sword|boost\n|-boost|p1a: Zacian|atk|1\n|-activate|p1b: Great Tusk|ability: Protosynthesis\n|-start|p1b: Great Tusk|protosynthesisspe\n|turn|4\n|\n|t:|1746135195\n|move|p2a: Lilligant|Sleep Powder|p1b: Great Tusk|[miss]\n|-miss|p2a: Lilligant|p1b: Great Tusk\n|move|p1b: Great Tusk|Rock Slide|p2b: Groudon|[spread] p2a,p2b\n|-resisted|p2a: Lilligant\n|-resisted|p2b: Groudon\n|-damage|p2a: Lilligant|88/100\n|-damage|p2b: Groudon|59/100\n|move|p1a: Zacian|Play Rough|p2a: Lilligant\n|-supereffective|p2a: Lilligant\n|-damage|p2a: Lilligant|0 fnt\n|faint|p2a: Lilligant\n|cant|p2b: Groudon|flinch\n|\n|-weather|SunnyDay|[upkeep]\n|upkeep\n|\n|t:|1746135202\n|switch|p2a: Torkoal|Torkoal, L50, F, shiny|100/100\n|turn|5\n|\n|t:|1746135233\n|-terastallize|p1a: Zacian|Fire\n|-terastallize|p2a: Torkoal|Fire\n|move|p1b: Great Tusk|Rock Slide|p2a: Torkoal|[spread] p2a,p2b\n|-supereffective|p2a: Torkoal\n|-resisted|p2b: Groudon\n|-crit|p2b: Groudon\n|-damage|p2a: Torkoal|77/100\n|-damage|p2b: Groudon|47/100\n|move|p1a: Zacian|Behemoth Blade|p2b: Groudon\n|-damage|p2b: Groudon|9/100\n|move|p2b: Groudon|Precipice Blades|p1b: Great Tusk|[spread] p1a,p1b\n|-supereffective|p1a: Zacian\n|-damage|p1a: Zacian|0 fnt\n|-damage|p1b: Great Tusk|59/100\n|faint|p1a: Zacian\n|move|p2a: Torkoal|Flamethrower|p1b: Great Tusk\n|-damage|p1b: Great Tusk|0 fnt\n|faint|p1b: Great Tusk\n|-end|p1b: Great Tusk|Protosynthesis|[silent]\n|\n|win|Paldeawaiter\n|inactive|Urric has 30 seconds to confirm battle start!\n|inactive|Paldeawaiter has 30 seconds to confirm battle start!\n||Paldeawaiter is ready for game 2.\n|l|\u2606Urric\n|player|p1|\n|inactive|Urric has 20 seconds to confirm battle start!\n||Urric is ready for game 2.\n|uhtml|next|Next: <a href=\"/battle-gen9vgc2025regibo3-2354953579\"><strong>Game 2 of 3</strong></a>\n|j|\u2606Urric\n|player|p1|Urric|wattson|\n", "uploadtime": 1746135266, "views": 8, "formatid": "gen9vgc2025regibo3", "rating": null, "private": 0, "password": null}