{"id": "gen9vgc2025regibo3-2354713427", "format": "[Gen 9] VGC 2025 Reg I (Bo3)", "players": ["mesias707", "Lacossg"], "log": "|j|\u2606mesias707\n|j|\u2606Lacossg\n|html|<table width=\"100%\"><tr><td align=\"left\">mesias707</td><td align=\"right\">Lacossg</tr><tr><td align=\"left\"><i class=\"fa fa-circle-o\"></i> <i class=\"fa fa-circle-o\"></i> </td><td align=\"right\"><i class=\"fa fa-circle-o\"></i> <i class=\"fa fa-circle-o\"></i> </tr></table>\n|uhtml|bestof|<h2><strong>Game 1</strong> of <a href=\"/game-bestof3-gen9vgc2025regibo3-2354713426\">a best-of-3</a></h2>\n|t:|1746113181\n|gametype|doubles\n|player|p1|mesias707|harlequin|1296\n|player|p2|Lacossg|170|1327\n|teamsize|p1|6\n|teamsize|p2|6\n|gen|9\n|tier|[Gen 9] VGC 2025 Reg I (Bo3)\n|rated|\n|rule|Species Clause: Limit one of each Pok\u00e9mon\n|rule|Item Clause: Limit 1 of each item\n|clearpoke\n|poke|p1|Raging Bolt, L50|\n|poke|p1|Incineroar, L50, M|\n|poke|p1|Rillaboom, L50, M|\n|poke|p1|Calyrex-Ice, L50|\n|poke|p1|Landorus, L50, M|\n|poke|p1|Zacian-*, L50|\n|poke|p2|Calyrex-Shadow, L50|\n|poke|p2|Tyranitar, L50, F|\n|poke|p2|Excadrill, L50, F|\n|poke|p2|Indeedee-F, L50, F|\n|poke|p2|Raging Bolt, L50|\n|poke|p2|Zamazenta-*, L50|\n|teampreview|4\n|showteam|p1|Raging Bolt||BoosterEnergy|Protosynthesis|Thunderbolt,Thunderclap,DracoMeteor,Protect||||||50|,,,,,Fairy]Incineroar||SitrusBerry|Intimidate|FlareBlitz,KnockOff,PartingShot,FakeOut|||M|||50|,,,,,Ghost]Rillaboom||AssaultVest|GrassySurge|GrassyGlide,WoodHammer,Uturn,FakeOut|||M|||50|,,,,,Water]Calyrex-Ice||ClearAmulet|AsOneGlastrier|GlacialLance,HighHorsepower,TrickRoom,Protect||||||50|,,,,,Fire]Landorus||LifeOrb|SheerForce|EarthPower,SludgeBomb,SandsearStorm,Protect|||M|||50|,,,,,Poison]Zacian-Crowned||RustedSword|IntrepidSword|behemothblade,PlayRough,SacredSword,Protect||||||50|,,,,,Dragon\n|showteam|p2|Calyrex-Shadow||LifeOrb|AsOneSpectrier|AstralBarrage,ExpandingForce,Encore,Protect||||||50|,,,,,Normal]Tyranitar||FocusSash|SandStream|KnockOff,RockSlide,Taunt,Snarl|||F|||50|,,,,,Grass]Excadrill||ClearAmulet|SandRush|HighHorsepower,HelpingHand,IronHead,Protect|||F|||50|,,,,,Ground]Indeedee-F||RockyHelmet|PsychicSurge|Imprison,Psychic,TrickRoom,FollowMe|||F|||50|,,,,,Water]Raging Bolt||AssaultVest|Protosynthesis|Thunderclap,Electroweb,DracoMeteor,Snarl||||||50|,,,,,Fairy]Zamazenta-Crowned||RustedShield|DauntlessShield|BodyPress,Imprison,WideGuard,Protect||||||50|,,,,,Dragon\n|inactive|Battle timer is ON: inactive players will automatically lose when time's up. (requested by mesias707)\n|\n|t:|1746113220\n|start\n|switch|p1a: Incineroar|Incineroar, L50, M, shiny|100/100\n|switch|p1b: Calyrex|Calyrex-Ice, L50|100/100\n|switch|p2a: Calyrex|Calyrex-Shadow, L50|100/100\n|switch|p2b: Excadrill|Excadrill, L50, F|100/100\n|-ability|p2a: Calyrex|As One\n|-ability|p2a: Calyrex|Unnerve\n|-ability|p1b: Calyrex|As One\n|-ability|p1b: Calyrex|Unnerve\n|-ability|p1a: Incineroar|Intimidate|boost\n|-unboost|p2a: Calyrex|atk|1\n|-fail|p2b: Excadrill|unboost|[from] item: Clear Amulet|[of] p2b: Excadrill\n|turn|1\n|inactive|mesias707 has 30 seconds left.\n|\n|t:|1746113249\n|-terastallize|p1b: Calyrex|Fire\n|move|p1a: Incineroar|Fake Out|p2b: Excadrill\n|-resisted|p2b: Excadrill\n|-damage|p2b: Excadrill|94/100\n|move|p2a: Calyrex|Astral Barrage|p1b: Calyrex|[spread] p1a,p1b\n|-resisted|p1a: Incineroar\n|-damage|p1a: Incineroar|74/100\n|-damage|p1b: Calyrex|55/100\n|-damage|p2a: Calyrex|91/100|[from] item: Life Orb\n|cant|p2b: Excadrill|flinch\n|move|p1b: Calyrex|Trick Room|p1b: Calyrex\n|-fieldstart|move: Trick Room|[of] p1b: Calyrex\n|\n|upkeep\n|turn|2\n|\n|t:|1746113261\n|move|p2b: Excadrill|Protect|p2b: Excadrill\n|-singleturn|p2b: Excadrill|Protect\n|move|p2a: Calyrex|Protect|p2a: Calyrex\n|-singleturn|p2a: Calyrex|Protect\n|move|p1a: Incineroar|Flare Blitz|p2b: Excadrill\n|-activate|p2b: Excadrill|move: Protect\n|move|p1b: Calyrex|Glacial Lance|p2b: Excadrill|[spread] \n|-activate|p2a: Calyrex|move: Protect\n|-activate|p2b: Excadrill|move: Protect\n|\n|upkeep\n|turn|3\n|\n|t:|1746113280\n|switch|p2b: Tyranitar|Tyranitar, L50, F|100/100\n|-weather|Sandstorm|[from] ability: Sand Stream|[of] p2b: Tyranitar\n|switch|p2a: Zamazenta|Zamazenta-Crowned, L50|100/100\n|-ability|p2a: Zamazenta|Dauntless Shield|boost\n|-boost|p2a: Zamazenta|def|1\n|move|p1a: Incineroar|Knock Off|p2b: Tyranitar\n|-resisted|p2b: Tyranitar\n|-damage|p2b: Tyranitar|83/100\n|-enditem|p2b: Tyranitar|Focus Sash|[from] move: Knock Off|[of] p1a: Incineroar\n|move|p1b: Calyrex|Glacial Lance|p2b: Tyranitar|[spread] p2a,p2b\n|-resisted|p2a: Zamazenta\n|-damage|p2a: Zamazenta|89/100\n|-damage|p2b: Tyranitar|29/100\n|\n|-weather|Sandstorm|[upkeep]\n|-damage|p1a: Incineroar|68/100|[from] Sandstorm\n|-damage|p1b: Calyrex|49/100|[from] Sandstorm\n|upkeep\n|turn|4\n|inactive|Lacossg has 30 seconds left.\n|inactive|mesias707 has 30 seconds left.\n|inactive|Lacossg has 20 seconds left.\n|\n|t:|1746113318\n|move|p1a: Incineroar|Parting Shot|p2a: Zamazenta\n|-unboost|p2a: Zamazenta|atk|1\n|-unboost|p2a: Zamazenta|spa|1\n|\n|t:|1746113321\n|switch|p1a: Landorus|Landorus, L50, M, shiny|100/100|[from] Parting Shot\n|move|p1b: Calyrex|High Horsepower|p2b: Tyranitar\n|-supereffective|p2b: Tyranitar\n|-damage|p2b: Tyranitar|0 fnt\n|faint|p2b: Tyranitar\n|-ability|p1b: Calyrex|Chilling Neigh|boost\n|-boost|p1b: Calyrex|atk|1\n|move|p2a: Zamazenta|Body Press|p1b: Calyrex\n|-damage|p1b: Calyrex|9/100\n|\n|-weather|Sandstorm|[upkeep]\n|-damage|p1b: Calyrex|3/100|[from] Sandstorm\n|upkeep\n|\n|t:|1746113339\n|switch|p2b: Calyrex|Calyrex-Shadow, L50|91/100\n|-ability|p2b: Calyrex|As One\n|-ability|p2b: Calyrex|Unnerve\n|turn|5\n|\n|t:|1746113350\n|move|p2a: Zamazenta|Protect|p2a: Zamazenta\n|-singleturn|p2a: Zamazenta|Protect\n|move|p2b: Calyrex|Protect|p2b: Calyrex\n|-singleturn|p2b: Calyrex|Protect\n|move|p1b: Calyrex|Glacial Lance|p2b: Calyrex|[spread] \n|-activate|p2a: Zamazenta|move: Protect\n|-activate|p2b: Calyrex|move: Protect\n|move|p1a: Landorus|Sandsear Storm|p2b: Calyrex|[spread] \n|-activate|p2a: Zamazenta|move: Protect\n|-activate|p2b: Calyrex|move: Protect\n|\n|-weather|Sandstorm|[upkeep]\n|-damage|p1b: Calyrex|0 fnt|[from] Sandstorm\n|-damage|p2b: Calyrex|85/100|[from] Sandstorm\n|faint|p1b: Calyrex\n|-fieldend|move: Trick Room\n|upkeep\n|\n|t:|1746113363\n|switch|p1b: Zacian|Zacian-Crowned, L50, shiny|100/100\n|-ability|p1b: Zacian|Intrepid Sword|boost\n|-boost|p1b: Zacian|atk|1\n|turn|6\n|\n|t:|1746113385\n|move|p2b: Calyrex|Astral Barrage|p1b: Zacian|[spread] p1a,p1b\n|-damage|p1a: Landorus|17/100\n|-damage|p1b: Zacian|45/100\n|-damage|p2b: Calyrex|75/100|[from] item: Life Orb\n|move|p1b: Zacian|Behemoth Blade|p2b: Calyrex\n|-damage|p2b: Calyrex|0 fnt\n|faint|p2b: Calyrex\n|move|p2a: Zamazenta|Body Press|p1a: Landorus\n|-resisted|p1a: Landorus\n|-damage|p1a: Landorus|0 fnt\n|faint|p1a: Landorus\n|\n|-weather|Sandstorm|[upkeep]\n|upkeep\n|\n|t:|1746113395\n|switch|p2b: Excadrill|Excadrill, L50, F|94/100\n|switch|p1a: Incineroar|Incineroar, L50, M, shiny|68/100\n|-ability|p1a: Incineroar|Intimidate|boost\n|-unboost|p2a: Zamazenta|atk|1\n|-fail|p2b: Excadrill|unboost|[from] item: Clear Amulet|[of] p2b: Excadrill\n|turn|7\n|inactive|mesias707 has 30 seconds left.\n|\n|t:|1746113421\n|move|p2b: Excadrill|Protect|p2b: Excadrill\n|-singleturn|p2b: Excadrill|Protect\n|move|p2a: Zamazenta|Protect|p2a: Zamazenta\n|-singleturn|p2a: Zamazenta|Protect\n|move|p1a: Incineroar|Fake Out|p2a: Zamazenta\n|-activate|p2a: Zamazenta|move: Protect\n|move|p1b: Zacian|Sacred Sword|p2a: Zamazenta\n|-activate|p2a: Zamazenta|move: Protect\n|\n|-weather|none\n|upkeep\n|turn|8\n|\n|t:|1746113433\n|-terastallize|p2b: Excadrill|Ground\n|move|p1b: Zacian|Sacred Sword|p2b: Excadrill\n|-damage|p2b: Excadrill|27/100\n|move|p2a: Zamazenta|Body Press|p1a: Incineroar\n|-supereffective|p1a: Incineroar\n|-damage|p1a: Incineroar|0 fnt\n|faint|p1a: Incineroar\n|move|p2b: Excadrill|High Horsepower|p1b: Zacian\n|-supereffective|p1b: Zacian\n|-damage|p1b: Zacian|0 fnt\n|faint|p1b: Zacian\n|\n|win|Lacossg\n||mesias707 is ready for game 2.\n|l|\u2606mesias707\n|player|p1|\n||Lacossg is ready for game 2.\n|uhtml|next|Next: <a href=\"/battle-gen9vgc2025regibo3-2354716278\"><strong>Game 2 of 3</strong></a>\n|l|\u2606Lacossg\n|player|p2|\n", "uploadtime": 1746113771, "views": 4, "formatid": "gen9vgc2025regibo3", "rating": null, "private": 0, "password": null}