{"id": "gen9vgc2025regibo3-2354868709", "format": "[Gen 9] VGC 2025 Reg I (Bo3)", "players": ["astral sun", "Samueljacksonheehe"], "log": "|j|\u2606astral sun\n|j|\u2606Samueljacksonheehe\n|html|<table width=\"100%\"><tr><td align=\"left\">astral sun</td><td align=\"right\">Samueljacksonheehe</tr><tr><td align=\"left\"><i class=\"fa fa-circle\"></i> <i class=\"fa fa-circle-o\"></i> </td><td align=\"right\"><i class=\"fa fa-circle-o\"></i> <i class=\"fa fa-circle\"></i> </tr></table>\n|uhtml|bestof|<h2><strong>Game 3</strong> of <a href=\"/game-bestof3-gen9vgc2025regibo3-2354863940\">a best-of-3</a></h2>\n|t:|1746126872\n|gametype|doubles\n|player|p1|astral sun|blaine|1240\n|player|p2|Samueljacksonheehe|169|1361\n|teamsize|p1|6\n|teamsize|p2|6\n|gen|9\n|tier|[Gen 9] VGC 2025 Reg I (Bo3)\n|rated|\n|rule|Species Clause: Limit one of each Pok\u00e9mon\n|rule|Item Clause: Limit 1 of each item\n|clearpoke\n|poke|p1|Koraidon, L50|\n|poke|p1|Calyrex-Shadow, L50|\n|poke|p1|Clefairy, L50, M|\n|poke|p1|Tornadus, L50, M|\n|poke|p1|Rillaboom, L50, M|\n|poke|p1|Ogerpon-Cornerstone, L50, F|\n|poke|p2|Miraidon, L50|\n|poke|p2|Groudon, L50|\n|poke|p2|Iron Hands, L50|\n|poke|p2|Sableye, L50, M|\n|poke|p2|Urshifu-*, L50, M|\n|poke|p2|Farigiraf, L50, M|\n|teampreview|4\n|showteam|p1|Koraidon||LifeOrb|OrichalcumPulse|FlareBlitz,CloseCombat,Uturn,Protect||||||50|,,,,,Fire]Calyrex-Shadow||SpellTag|AsOneSpectrier|AstralBarrage,Psychic,NastyPlot,Protect||||||50|,,,,,Dark]Clefairy||Eviolite|FriendGuard|FollowMe,Protect,HealPulse,HelpingHand|||M|||50|,,,,,Grass]Tornadus||CovertCloak|Prankster|BleakwindStorm,Tailwind,Taunt,SunnyDay|||M|||50|,,,,,Dark]Rillaboom||AssaultVest|GrassySurge|FakeOut,WoodHammer,Uturn,GrassyGlide|||M|||50|,,,,,Water]Ogerpon-Cornerstone||CornerstoneMask|Sturdy|IvyCudgel,FollowMe,SpikyShield,PowerWhip|||F|||50|,,,,,Rock\n|showteam|p2|Miraidon||ChoiceSpecs|HadronEngine|ElectroDrift,DracoMeteor,VoltSwitch,DazzlingGleam||||||50|,,,,,Fairy]Groudon||LifeOrb|Drought|PrecipiceBlades,HeatCrash,ThunderPunch,Protect||||||50|,,,,,Fire]Iron Hands||AssaultVest|QuarkDrive|FakeOut,LowKick,DrainPunch,HeavySlam||||||50|,,,,,Water]Sableye||LaggingTail|Prankster|Feint,Gravity,HelpingHand,Trick|||M|||50|,,,,,Steel]Urshifu||FocusSash|UnseenFist|WickedBlow,CloseCombat,SuckerPunch,Detect|||M|||50|,,,,,Dark]Farigiraf||ElectricSeed|ArmorTail|Psychic,HelpingHand,Gravity,TrickRoom|||M|||50|,,,,,Water\n|j| Porygon-EpilepZ\n|\n|t:|1746126898\n|start\n|switch|p1a: Calyrex|Calyrex-Shadow, L50|100/100\n|switch|p1b: Rillaboom|Rillaboom, L50, M|100/100\n|switch|p2a: Miraidon|Miraidon, L50|100/100\n|switch|p2b: Farigiraf|Farigiraf, L50, M|100/100\n|-ability|p1a: Calyrex|As One\n|-ability|p1a: Calyrex|Unnerve\n|-fieldstart|move: Electric Terrain|[from] ability: Hadron Engine|[of] p2a: Miraidon\n|-enditem|p2b: Farigiraf|Electric Seed\n|-boost|p2b: Farigiraf|def|1|[from] item: Electric Seed\n|-fieldstart|move: Grassy Terrain|[from] ability: Grassy Surge|[of] p1b: Rillaboom\n|turn|1\n|\n|t:|1746126913\n|move|p1a: Calyrex|Astral Barrage|p2b: Farigiraf|[spread] p2a\n|-immune|p2b: Farigiraf\n|-damage|p2a: Miraidon|48/100\n|move|p2a: Miraidon|Electro Drift|p1a: Calyrex\n|-damage|p1a: Calyrex|25/100\n|move|p1b: Rillaboom|Wood Hammer|p2a: Miraidon\n|-resisted|p2a: Miraidon\n|-damage|p2a: Miraidon|10/100\n|-damage|p1b: Rillaboom|89/100|[from] Recoil\n|move|p2b: Farigiraf|Trick Room|p2b: Farigiraf\n|-fieldstart|move: Trick Room|[of] p2b: Farigiraf\n|\n|-heal|p1b: Rillaboom|95/100|[from] Grassy Terrain\n|-heal|p2a: Miraidon|16/100|[from] Grassy Terrain\n|-heal|p1a: Calyrex|31/100|[from] Grassy Terrain\n|upkeep\n|turn|2\n|\n|t:|1746126949\n|move|p2b: Farigiraf|Gravity|p2b: Farigiraf\n|-fieldstart|move: Gravity\n|move|p1b: Rillaboom|U-turn|p2a: Miraidon\n|-damage|p2a: Miraidon|0 fnt\n|faint|p2a: Miraidon\n|\n|t:|1746126953\n|switch|p1b: Clefairy|Clefairy, L50, M|100/100|[from] U-turn\n|move|p1a: Calyrex|Nasty Plot|p1a: Calyrex\n|-boost|p1a: Calyrex|spa|2\n|\n|-heal|p1a: Calyrex|37/100|[from] Grassy Terrain\n|upkeep\n|\n|t:|1746126963\n|switch|p2a: Groudon|Groudon, L50|100/100\n|-weather|SunnyDay|[from] ability: Drought|[of] p2a: Groudon\n|turn|3\n|\n|t:|1746126973\n|switch|p1a: Rillaboom|Rillaboom, L50, M|95/100\n|move|p2b: Farigiraf|Helping Hand|p2a: Groudon\n|-singleturn|p2a: Groudon|Helping Hand|[of] p2b: Farigiraf\n|move|p1b: Clefairy|Protect|p1b: Clefairy\n|-singleturn|p1b: Clefairy|Protect\n|move|p2a: Groudon|Precipice Blades|p1b: Clefairy|[spread] p1a\n|-activate|p1b: Clefairy|move: Protect\n|-resisted|p1a: Rillaboom\n|-damage|p1a: Rillaboom|57/100\n|-damage|p2a: Groudon|91/100|[from] item: Life Orb\n|\n|-weather|SunnyDay|[upkeep]\n|-heal|p2a: Groudon|97/100|[from] Grassy Terrain\n|-heal|p1a: Rillaboom|63/100|[from] Grassy Terrain\n|upkeep\n|turn|4\n|\n|t:|1746126994\n|switch|p2b: Sableye|Sableye, L50, M|100/100\n|-terastallize|p2a: Groudon|Fire\n|move|p1b: Clefairy|Heal Pulse|p1a: Rillaboom\n|-heal|p1a: Rillaboom|100/100\n|move|p2a: Groudon|Heat Crash|p1b: Clefairy\n|-damage|p1b: Clefairy|0 fnt\n|faint|p1b: Clefairy\n|-damage|p2a: Groudon|87/100|[from] item: Life Orb\n|move|p1a: Rillaboom|U-turn|p2b: Sableye\n|-damage|p2b: Sableye|68/100\n|\n|t:|1746127003\n|switch|p1a: Koraidon|Koraidon, L50|100/100|[from] U-turn\n|-activate|p1a: Koraidon|ability: Orichalcum Pulse\n|\n|-weather|SunnyDay|[upkeep]\n|-heal|p2b: Sableye|74/100|[from] Grassy Terrain\n|-heal|p2a: Groudon|93/100|[from] Grassy Terrain\n|upkeep\n|\n|t:|1746127007\n|switch|p1b: Rillaboom|Rillaboom, L50, M|100/100\n|turn|5\n|\n|t:|1746127026\n|switch|p2b: Farigiraf|Farigiraf, L50, M|100/100\n|-terastallize|p1b: Rillaboom|Water\n|move|p1a: Koraidon|Protect|p1a: Koraidon\n|-singleturn|p1a: Koraidon|Protect\n|move|p2a: Groudon|Heat Crash|p1b: Rillaboom\n|-resisted|p1b: Rillaboom\n|-damage|p1b: Rillaboom|34/100\n|-damage|p2a: Groudon|84/100|[from] item: Life Orb\n|move|p1b: Rillaboom|Wood Hammer|p2b: Farigiraf\n|-damage|p2b: Farigiraf|31/100\n|-damage|p1b: Rillaboom|9/100|[from] Recoil\n|\n|-weather|SunnyDay|[upkeep]\n|-heal|p2b: Farigiraf|37/100|[from] Grassy Terrain\n|-heal|p2a: Groudon|90/100|[from] Grassy Terrain\n|-heal|p1b: Rillaboom|15/100|[from] Grassy Terrain\n|-fieldend|move: Trick Room\n|-fieldend|move: Grassy Terrain\n|upkeep\n|turn|6\n|\n|t:|1746127045\n|move|p1a: Koraidon|Close Combat|p2a: Groudon\n|-damage|p2a: Groudon|18/100\n|-unboost|p1a: Koraidon|def|1\n|-unboost|p1a: Koraidon|spd|1\n|-damage|p1a: Koraidon|91/100|[from] item: Life Orb\n|move|p1b: Rillaboom|Wood Hammer|p2b: Farigiraf\n|-damage|p2b: Farigiraf|0 fnt\n|faint|p2b: Farigiraf\n|-damage|p1b: Rillaboom|1/100|[from] Recoil\n|move|p2a: Groudon|Precipice Blades|p1b: Rillaboom|[spread] p1a,p1b\n|-damage|p1a: Koraidon|0 fnt\n|-damage|p1b: Rillaboom|0 fnt\n|faint|p1a: Koraidon\n|faint|p1b: Rillaboom\n|-damage|p2a: Groudon|8/100|[from] item: Life Orb\n|\n|-weather|SunnyDay|[upkeep]\n|-fieldend|move: Gravity\n|upkeep\n|\n|t:|1746127057\n|switch|p1b: Calyrex|Calyrex-Shadow, L50|37/100\n|switch|p2b: Sableye|Sableye, L50, M|74/100\n|-ability|p1b: Calyrex|As One\n|-ability|p1b: Calyrex|Unnerve\n|turn|7\n|l| Porygon-EpilepZ\n|\n|t:|1746127071\n|move|p2a: Groudon|Protect|p2a: Groudon\n|-singleturn|p2a: Groudon|Protect\n|move|p2b: Sableye|Trick|p1b: Calyrex\n|-activate|p2b: Sableye|move: Trick|[of] p1b: Calyrex\n|-item|p1b: Calyrex|Lagging Tail|[from] move: Trick\n|-item|p2b: Sableye|Spell Tag|[from] move: Trick\n|move|p1b: Calyrex|Astral Barrage|p2b: Sableye|[spread] p2b\n|-activate|p2a: Groudon|move: Protect\n|-damage|p2b: Sableye|9/100\n|\n|-weather|none\n|upkeep\n|turn|8\n|c|\u2606Samueljacksonheehe|gg\n|c|\u2606Samueljacksonheehe|you should have protected\n|c|\u2606astral sun|Was useless\n|c|\u2606astral sun|I lose anyway t\u00f2 trick heat crash\n|c|\u2606astral sun|Also without protect\n|c|\u2606Samueljacksonheehe|I can tell you a secret\n|c|\u2606Samueljacksonheehe|if you want\n|c|\u2606astral sun|Can i Say It t\u00f2 Simeone else?\n|c|\u2606Samueljacksonheehe|Please do not\n|c|\u2606astral sun|Ok go\n|c|\u2606Samueljacksonheehe|If you trick a lagging tail to another pokemon, the effect of lagging tail only starts at the next turn\n|c|\u2606astral sun|Oh yeah im dumb\n|c|\u2606Samueljacksonheehe|so you would have won with a protect\n|c|\u2606astral sun|I deserve t\u00f2 lose\n|\n|t:|1746127220\n|move|p2b: Sableye|Helping Hand|p2a: Groudon\n|-singleturn|p2a: Groudon|Helping Hand|[of] p2b: Sableye\n|move|p2a: Groudon|Heat Crash|p1b: Calyrex\n|-damage|p1b: Calyrex|0 fnt\n|faint|p1b: Calyrex\n|-damage|p2a: Groudon|0 fnt|[from] item: Life Orb\n|faint|p2a: Groudon\n|\n|win|Samueljacksonheehe\n|raw|astral sun's rating: 1240 &rarr; <strong>1223</strong><br />(-17 for losing)\n|raw|Samueljacksonheehe's rating: 1361 &rarr; <strong>1374</strong><br />(+13 for winning)\n|c|\u2606Samueljacksonheehe|gg\n|c|\u2606astral sun|I would won if u dont get a double\n|c|\u2606Samueljacksonheehe|yeah\n|c|\u2606astral sun|Shouldv Just doubled Groudon\n|c|\u2606astral sun|The run i die CC\n|c|\u2606astral sun|Did\"\n|c|\u2606Samueljacksonheehe|yeah true\n|l|\u2606Samueljacksonheehe\n|player|p2|\n|c|\u2606astral sun|But idk Who is playing on the other side, u protect i lose anyway\n|l|\u2606astral sun\n|player|p1|\n", "uploadtime": 1746127549, "views": 5, "formatid": "gen9vgc2025regibo3", "rating": 1223, "private": 0, "password": null}