{"id": "gen9vgc2025regibo3-2354766107", "format": "[Gen 9] VGC 2025 Reg I (Bo3)", "players": ["rubentino", "HushWasHere"], "log": "|j|\u2606rubentino\n|j|\u2606HushWasHere\n|html|<table width=\"100%\"><tr><td align=\"left\">rubentino</td><td align=\"right\">HushWasHere</tr><tr><td align=\"left\"><i class=\"fa fa-circle\"></i> <i class=\"fa fa-circle-o\"></i> </td><td align=\"right\"><i class=\"fa fa-circle-o\"></i> <i class=\"fa fa-circle\"></i> </tr></table>\n|uhtml|bestof|<h2><strong>Game 3</strong> of <a href=\"/game-bestof3-gen9vgc2025regibo3-2354758499\">a best-of-3</a></h2>\n|t:|1746117887\n|gametype|doubles\n|player|p1|rubentino|1|1119\n|player|p2|HushWasHere|supernerd|1136\n|teamsize|p1|6\n|teamsize|p2|6\n|gen|9\n|tier|[Gen 9] VGC 2025 Reg I (Bo3)\n|rated|\n|rule|Species Clause: Limit one of each Pok\u00e9mon\n|rule|Item Clause: Limit 1 of each item\n|clearpoke\n|poke|p1|Terapagos, L50, M|\n|poke|p1|Calyrex-Shadow, L50|\n|poke|p1|Incineroar, L50, M|\n|poke|p1|Rillaboom, L50, M|\n|poke|p1|Urshifu-*, L50, M|\n|poke|p1|Amoonguss, L50, F|\n|poke|p2|Miraidon, L50|\n|poke|p2|Farigiraf, L50, F|\n|poke|p2|Calyrex-Ice, L50|\n|poke|p2|Iron Hands, L50|\n|poke|p2|Ogerpon-Cornerstone, L50, F|\n|poke|p2|Volcarona, L50, F|\n|teampreview|4\n|showteam|p1|Terapagos||Leftovers|TeraShift|TeraStarstorm,EarthPower,CalmMind,Protect|||M|||50|,,,,,Stellar]Calyrex-Shadow||FocusSash|AsOneSpectrier|AstralBarrage,Encore,Disable,Protect||||||50|,,,,,Ghost]Incineroar||SafetyGoggles|Intimidate|FakeOut,KnockOff,WillOWisp,PartingShot|||M|||50|,,,,,Bug]Rillaboom||AssaultVest|GrassySurge|FakeOut,WoodHammer,GrassyGlide,Uturn|||M|||50|,,,,,Water]Urshifu-Rapid-Strike||ChoiceScarf|UnseenFist|SurgingStrikes,CloseCombat,AquaJet,Uturn|||M|||50|,,,,,Water]Amoonguss||RockyHelmet|Regenerator|SludgeBomb,Spore,RagePowder,Protect|||F|||50|,,,,,Water\n|showteam|p2|Miraidon||ChoiceScarf|HadronEngine|VoltSwitch,ElectroDrift,DracoMeteor,Snarl||||||50|,,,,,Electric]Farigiraf||ElectricSeed|ArmorTail|FoulPlay,PsychicNoise,TrickRoom,HelpingHand|||F|||50|,,,,,Water]Calyrex-Ice||ClearAmulet|AsOneGlastrier|GlacialLance,HighHorsepower,TrickRoom,Protect||||||50|,,,,,Fire]Iron Hands||AssaultVest|QuarkDrive|DrainPunch,LowKick,WildCharge,FakeOut||||||50|,,,,,Water]Ogerpon-Cornerstone||CornerstoneMask|Sturdy|IvyCudgel,FollowMe,SpikyShield,PowerWhip|||F|||50|,,,,,Rock]Volcarona||RockyHelmet|FlameBody|FieryDance,WillOWisp,RagePowder,StruggleBug|||F|||50|,,,,,Dragon\n|inactive|Battle timer is ON: inactive players will automatically lose when time's up. (requested by HushWasHere)\n|inactive|rubentino has 60 seconds left.\n|\n|t:|1746117936\n|start\n|switch|p1a: Incineroar|Incineroar, L50, M|100/100\n|switch|p1b: Calyrex|Calyrex-Shadow, L50|100/100\n|switch|p2a: Volcarona|Volcarona, L50, F, shiny|100/100\n|switch|p2b: Calyrex|Calyrex-Ice, L50|100/100\n|-ability|p1b: Calyrex|As One\n|-ability|p1b: Calyrex|Unnerve\n|-ability|p2b: Calyrex|As One\n|-ability|p2b: Calyrex|Unnerve\n|-ability|p1a: Incineroar|Intimidate|boost\n|-unboost|p2a: Volcarona|atk|1\n|-fail|p2b: Calyrex|unboost|[from] item: Clear Amulet|[of] p2b: Calyrex\n|turn|1\n|\n|t:|1746117950\n|-terastallize|p2b: Calyrex|Fire\n|move|p1a: Incineroar|Fake Out|p2b: Calyrex\n|-damage|p2b: Calyrex|94/100\n|move|p1b: Calyrex|Astral Barrage|p2a: Volcarona|[spread] p2a,p2b\n|-damage|p2a: Volcarona|52/100\n|-damage|p2b: Calyrex|57/100\n|move|p2a: Volcarona|Struggle Bug|p1b: Calyrex|[spread] p1a,p1b\n|-damage|p1a: Incineroar|84/100\n|-damage|p1b: Calyrex|82/100\n|-unboost|p1a: Incineroar|spa|1\n|-unboost|p1b: Calyrex|spa|1\n|cant|p2b: Calyrex|flinch\n|\n|upkeep\n|turn|2\n|\n|t:|1746117970\n|move|p1b: Calyrex|Protect|p1b: Calyrex\n|-singleturn|p1b: Calyrex|Protect\n|move|p2a: Volcarona|Struggle Bug|p1b: Calyrex|[spread] p1a\n|-activate|p1b: Calyrex|move: Protect\n|-damage|p1a: Incineroar|69/100\n|-unboost|p1a: Incineroar|spa|1\n|move|p1a: Incineroar|Knock Off|p2b: Calyrex\n|-damage|p2b: Calyrex|35/100\n|-enditem|p2b: Calyrex|Clear Amulet|[from] move: Knock Off|[of] p1a: Incineroar\n|move|p2b: Calyrex|Trick Room|p2b: Calyrex\n|-fieldstart|move: Trick Room|[of] p2b: Calyrex\n|\n|upkeep\n|turn|3\n|\n|t:|1746117995\n|move|p2b: Calyrex|High Horsepower|p1a: Incineroar\n|-supereffective|p1a: Incineroar\n|-damage|p1a: Incineroar|15/100\n|move|p1a: Incineroar|Parting Shot|p2b: Calyrex\n|-unboost|p2b: Calyrex|atk|1\n|-unboost|p2b: Calyrex|spa|1\n|\n|t:|1746118002\n|switch|p1a: Rillaboom|Rillaboom, L50, M|100/100|[from] Parting Shot\n|-fieldstart|move: Grassy Terrain|[from] ability: Grassy Surge|[of] p1a: Rillaboom\n|move|p2a: Volcarona|Fiery Dance|p1b: Calyrex\n|-damage|p1b: Calyrex|43/100\n|-boost|p2a: Volcarona|spa|1\n|move|p1b: Calyrex|Astral Barrage|p2a: Volcarona|[spread] p2a,p2b\n|-damage|p2a: Volcarona|18/100\n|-damage|p2b: Calyrex|12/100\n|\n|-heal|p2b: Calyrex|17/100|[from] Grassy Terrain\n|-heal|p2a: Volcarona|24/100|[from] Grassy Terrain\n|-heal|p1b: Calyrex|49/100|[from] Grassy Terrain\n|upkeep\n|turn|4\n|\n|t:|1746118019\n|switch|p1a: Incineroar|Incineroar, L50, M|15/100\n|-ability|p1a: Incineroar|Intimidate|boost\n|-unboost|p2a: Volcarona|atk|1\n|-unboost|p2b: Calyrex|atk|1\n|move|p1b: Calyrex|Protect|p1b: Calyrex\n|-singleturn|p1b: Calyrex|Protect\n|move|p2b: Calyrex|Glacial Lance|p1a: Incineroar|[spread] p1a\n|-activate|p1b: Calyrex|move: Protect\n|-resisted|p1a: Incineroar\n|-damage|p1a: Incineroar|5/100\n|move|p2a: Volcarona|Fiery Dance|p1a: Incineroar\n|-resisted|p1a: Incineroar\n|-damage|p1a: Incineroar|0 fnt\n|faint|p1a: Incineroar\n|\n|-heal|p2b: Calyrex|23/100|[from] Grassy Terrain\n|-heal|p2a: Volcarona|31/100|[from] Grassy Terrain\n|-heal|p1b: Calyrex|55/100|[from] Grassy Terrain\n|upkeep\n|\n|t:|1746118039\n|switch|p1a: Rillaboom|Rillaboom, L50, M|100/100\n|turn|5\n|\n|t:|1746118059\n|switch|p1a: Terapagos|Terapagos, L50, M|100/100\n|-activate|p1a: Terapagos|ability: Tera Shift\n|detailschange|p1a: Terapagos|Terapagos-Terastal, L50, M\n|-heal|p1a: Terapagos|100/100|[silent]\n|move|p2b: Calyrex|Glacial Lance|p1b: Calyrex|[spread] p1a,p1b\n|-activate|p1a: Terapagos|ability: Tera Shell\n|-resisted|p1a: Terapagos\n|-damage|p1a: Terapagos|91/100\n|-damage|p1b: Calyrex|24/100\n|move|p2a: Volcarona|Struggle Bug|p1a: Terapagos|[spread] p1a,p1b\n|-damage|p1a: Terapagos|69/100\n|-damage|p1b: Calyrex|0 fnt\n|-unboost|p1a: Terapagos|spa|1\n|faint|p1b: Calyrex\n|\n|-heal|p2b: Calyrex|29/100|[from] Grassy Terrain\n|-heal|p1a: Terapagos|75/100|[from] Grassy Terrain\n|-heal|p1a: Terapagos|81/100|[from] item: Leftovers\n|-heal|p2a: Volcarona|37/100|[from] Grassy Terrain\n|upkeep\n|\n|t:|1746118073\n|switch|p1b: Rillaboom|Rillaboom, L50, M|100/100\n|turn|6\n|-message|rubentino forfeited.\n|\n|win|HushWasHere\n|raw|rubentino's rating: 1119 &rarr; <strong>1095</strong><br />(-24 for losing)\n|raw|HushWasHere's rating: 1136 &rarr; <strong>1160</strong><br />(+24 for winning)\n|l|\u2606rubentino\n|player|p1|\n", "uploadtime": 1746118083, "views": 10, "formatid": "gen9vgc2025regibo3", "rating": 1095, "private": 0, "password": null}