{"id": "gen9vgc2025regibo3-2353943033", "format": "[Gen 9] VGC 2025 Reg I (Bo3)", "players": ["femapu", "PEKORA999"], "log": "|j|\u2606femapu\n|j|\u2606PEKORA999\n|html|<table width=\"100%\"><tr><td align=\"left\">femapu</td><td align=\"right\">PEKORA999</tr><tr><td align=\"left\"><i class=\"fa fa-circle-o\"></i> <i class=\"fa fa-circle-o\"></i> </td><td align=\"right\"><i class=\"fa fa-circle-o\"></i> <i class=\"fa fa-circle\"></i> </tr></table>\n|uhtml|bestof|<h2><strong>Game 2</strong> of <a href=\"/game-bestof3-gen9vgc2025regibo3-2353938561\">a best-of-3</a></h2>\n|t:|1746021218\n|gametype|doubles\n|player|p1|femapu|crasherwake|1341\n|player|p2|PEKORA999|265|1332\n|teamsize|p1|6\n|teamsize|p2|6\n|gen|9\n|tier|[Gen 9] VGC 2025 Reg I (Bo3)\n|rated|\n|rule|Species Clause: Limit one of each Pok\u00e9mon\n|rule|Item Clause: Limit 1 of each item\n|clearpoke\n|poke|p1|Calyrex-Shadow, L50|\n|poke|p1|Koraidon, L50|\n|poke|p1|Chi-Yu, L50|\n|poke|p1|Weezing-Galar, L50, M|\n|poke|p1|Dondozo, L50, M|\n|poke|p1|Tatsugiri-Droopy, L50, M|\n|poke|p2|Zamazenta-*, L50|\n|poke|p2|Calyrex-Shadow, L50|\n|poke|p2|Raging Bolt, L50|\n|poke|p2|Amoonguss, L50, F|\n|poke|p2|Tornadus, L50, M|\n|poke|p2|Chi-Yu, L50|\n|teampreview|4\n|showteam|p1|Calyrex-Shadow||LifeOrb|AsOneSpectrier|AstralBarrage,Psychic,Encore,Protect||||||50|,,,,,Dark]Koraidon||AbilityShield|OrichalcumPulse|CollisionCourse,FlameCharge,FlareBlitz,Protect||||||50|,,,,,Fire]Chi-Yu||ChoiceScarf|BeadsofRuin|Overheat,HeatWave,Snarl,DarkPulse||||||50|,,,,,Ghost]Weezing-Galar||SitrusBerry|NeutralizingGas|StrangeSteam,PoisonGas,Protect,ToxicSpikes|||M|||50|,,,,,Water]Dondozo||Leftovers|Unaware|Earthquake,BodyPress,OrderUp,Protect|||M|||50|,,,,,Grass]Tatsugiri-Droopy||FocusSash|Commander|DracoMeteor,MuddyWater,HelpingHand,Protect|||M|||50|,,,,,Stellar\n|showteam|p2|Zamazenta-Crowned||RustedShield|DauntlessShield|Protect,BodyPress,HeavySlam,WideGuard||||||50|,,,,,Dragon]Calyrex-Shadow||FocusSash|AsOneSpectrier|AstralBarrage,Psychic,Encore,Protect||||||50|,,,,,Ghost]Raging Bolt||AssaultVest|Protosynthesis|Electroweb,VoltSwitch,DracoMeteor,Thunderclap||||||50|,,,,,Electric]Amoonguss||RockyHelmet|Regenerator|Spore,RagePowder,PollenPuff,Protect|||F|||50|,,,,,Water]Tornadus||CovertCloak|Prankster|BleakwindStorm,Tailwind,SunnyDay,Protect|||M|||50|,,,,,Dark]Chi-Yu||ChoiceScarf|BeadsofRuin|Overheat,HeatWave,DarkPulse,Snarl||||||50|,,,,,Ghost\n|\n|t:|1746021258\n|start\n|switch|p1a: Sir. Weezing|Weezing-Galar, L50, M, shiny|100/100\n|switch|p1b: Smol Fish|Chi-Yu, L50|100/100\n|switch|p2a: Chi-Yu|Chi-Yu, L50|100/100\n|switch|p2b: Raging Bolt|Raging Bolt, L50|100/100\n|-ability|p1a: Sir. Weezing|Neutralizing Gas\n|turn|1\n|\n|t:|1746021282\n|-terastallize|p2b: Raging Bolt|Electric\n|move|p2a: Chi-Yu|Snarl|p1b: Smol Fish|[spread] p1a,p1b\n|-resisted|p1a: Sir. Weezing\n|-resisted|p1b: Smol Fish\n|-damage|p1a: Sir. Weezing|88/100\n|-damage|p1b: Smol Fish|87/100\n|-unboost|p1a: Sir. Weezing|spa|1\n|-unboost|p1b: Smol Fish|spa|1\n|move|p1b: Smol Fish|Snarl|p2a: Chi-Yu|[spread] p2a,p2b\n|-resisted|p2a: Chi-Yu\n|-damage|p2a: Chi-Yu|92/100\n|-damage|p2b: Raging Bolt|92/100\n|-unboost|p2a: Chi-Yu|spa|1\n|-unboost|p2b: Raging Bolt|spa|1\n|move|p2b: Raging Bolt|Electroweb|p1a: Sir. Weezing|[spread] p1a,p1b\n|-damage|p1a: Sir. Weezing|60/100\n|-damage|p1b: Smol Fish|60/100\n|-unboost|p1a: Sir. Weezing|spe|1\n|-unboost|p1b: Smol Fish|spe|1\n|move|p1a: Sir. Weezing|Toxic Spikes|p2a: Chi-Yu\n|-sidestart|p2: PEKORA999|move: Toxic Spikes\n|\n|upkeep\n|turn|2\n|\n|t:|1746021307\n|-end|p2b: Raging Bolt|Protosynthesis|[silent]\n|switch|p2b: Zamazenta|Zamazenta-Crowned, L50|100/100\n|move|p2a: Chi-Yu|Snarl|p1b: Smol Fish|[spread] p1a,p1b\n|-resisted|p1a: Sir. Weezing\n|-resisted|p1b: Smol Fish\n|-damage|p1a: Sir. Weezing|53/100\n|-damage|p1b: Smol Fish|52/100\n|-unboost|p1a: Sir. Weezing|spa|1\n|-unboost|p1b: Smol Fish|spa|1\n|move|p1b: Smol Fish|Snarl|p2a: Chi-Yu|[spread] p2a,p2b\n|-resisted|p2a: Chi-Yu\n|-resisted|p2b: Zamazenta\n|-damage|p2a: Chi-Yu|86/100\n|-damage|p2b: Zamazenta|96/100\n|-unboost|p2a: Chi-Yu|spa|1\n|-unboost|p2b: Zamazenta|spa|1\n|move|p1a: Sir. Weezing|Toxic Spikes|p2a: Chi-Yu\n|-sidestart|p2: PEKORA999|move: Toxic Spikes\n|\n|upkeep\n|turn|3\n|\n|t:|1746021356\n|switch|p1b: Tatsu|Tatsugiri-Droopy, L50, M, shiny|100/100\n|-end|p1a: Sir. Weezing|ability: Neutralizing Gas\n|-ability|p2a: Chi-Yu|Beads of Ruin\n|-ability|p2b: Zamazenta|Dauntless Shield|boost\n|-boost|p2b: Zamazenta|def|1\n|switch|p1a: Have u Prepped?|Dondozo, L50, M|100/100\n|-activate|p1b: Tatsu|ability: Commander|[of] p1a: Have u Prepped?\n|-boost|p1a: Have u Prepped?|atk|2\n|-boost|p1a: Have u Prepped?|spa|2\n|-boost|p1a: Have u Prepped?|spe|2\n|-boost|p1a: Have u Prepped?|def|2\n|-boost|p1a: Have u Prepped?|spd|2\n|move|p2a: Chi-Yu|Snarl|p1a: Have u Prepped?|[spread] p1a\n|-miss|p2a: Chi-Yu|p1b: Tatsu\n|-damage|p1a: Have u Prepped?|87/100\n|-unboost|p1a: Have u Prepped?|spa|1\n|move|p2b: Zamazenta|Heavy Slam|p1a: Have u Prepped?\n|-resisted|p1a: Have u Prepped?\n|-damage|p1a: Have u Prepped?|83/100\n|\n|-heal|p1a: Have u Prepped?|89/100|[from] item: Leftovers\n|upkeep\n|turn|4\n|\n|t:|1746021380\n|move|p2a: Chi-Yu|Snarl|p1b: Tatsu|[spread] p1a\n|-miss|p2a: Chi-Yu|p1b: Tatsu\n|-damage|p1a: Have u Prepped?|76/100\n|-unboost|p1a: Have u Prepped?|spa|1\n|move|p2b: Zamazenta|Body Press|p1a: Have u Prepped?\n|-damage|p1a: Have u Prepped?|63/100\n|move|p1a: Have u Prepped?|Order Up|p2a: Chi-Yu\n|-damage|p2a: Chi-Yu|36/100\n|-boost|p1a: Have u Prepped?|def|1\n|\n|-heal|p1a: Have u Prepped?|69/100|[from] item: Leftovers\n|upkeep\n|turn|5\n|\n|t:|1746021396\n|move|p2b: Zamazenta|Protect|p2b: Zamazenta\n|-singleturn|p2b: Zamazenta|Protect\n|move|p1a: Have u Prepped?|Protect|p1a: Have u Prepped?\n|-singleturn|p1a: Have u Prepped?|Protect\n|move|p2a: Chi-Yu|Snarl|p1a: Have u Prepped?|[spread] \n|-miss|p2a: Chi-Yu|p1b: Tatsu\n|-activate|p1a: Have u Prepped?|move: Protect\n|\n|-heal|p1a: Have u Prepped?|75/100|[from] item: Leftovers\n|upkeep\n|turn|6\n|\n|t:|1746021408\n|move|p2b: Zamazenta|Wide Guard|p2b: Zamazenta\n|-singleturn|p2b: Zamazenta|Wide Guard\n|move|p2a: Chi-Yu|Snarl|p1a: Have u Prepped?|[spread] p1a\n|-miss|p2a: Chi-Yu|p1b: Tatsu\n|-damage|p1a: Have u Prepped?|63/100\n|-unboost|p1a: Have u Prepped?|spa|1\n|move|p1a: Have u Prepped?|Body Press|p2b: Zamazenta\n|-supereffective|p2b: Zamazenta\n|-damage|p2b: Zamazenta|26/100\n|\n|-heal|p1a: Have u Prepped?|69/100|[from] item: Leftovers\n|upkeep\n|turn|7\n|\n|t:|1746021428\n|move|p2b: Zamazenta|Protect|p2b: Zamazenta\n|-singleturn|p2b: Zamazenta|Protect\n|move|p2a: Chi-Yu|Snarl|p1b: Tatsu|[spread] p1a\n|-miss|p2a: Chi-Yu|p1b: Tatsu\n|-damage|p1a: Have u Prepped?|57/100\n|-unboost|p1a: Have u Prepped?|spa|1\n|move|p1a: Have u Prepped?|Order Up|p2b: Zamazenta\n|-activate|p2b: Zamazenta|move: Protect\n|\n|-heal|p1a: Have u Prepped?|63/100|[from] item: Leftovers\n|upkeep\n|turn|8\n|\n|t:|1746021443\n|switch|p2a: Raging Bolt|Raging Bolt, L50, tera:Electric|92/100\n|-status|p2a: Raging Bolt|tox\n|move|p2b: Zamazenta|Wide Guard|p2b: Zamazenta\n|-singleturn|p2b: Zamazenta|Wide Guard\n|move|p1a: Have u Prepped?|Earthquake|p2a: Raging Bolt|[spread] \n|-miss|p1a: Have u Prepped?|p1b: Tatsu\n|-activate|p2a: Raging Bolt|move: Wide Guard\n|-activate|p2b: Zamazenta|move: Wide Guard\n|\n|-heal|p1a: Have u Prepped?|69/100|[from] item: Leftovers\n|-damage|p2a: Raging Bolt|86/100 tox|[from] psn\n|upkeep\n|turn|9\n|\n|t:|1746021461\n|move|p1a: Have u Prepped?|Protect|p1a: Have u Prepped?\n|-singleturn|p1a: Have u Prepped?|Protect\n|move|p2b: Zamazenta|Wide Guard|p2b: Zamazenta\n|-singleturn|p2b: Zamazenta|Wide Guard\n|move|p2a: Raging Bolt|Volt Switch|p1a: Have u Prepped?\n|-activate|p1a: Have u Prepped?|move: Protect\n|\n|-heal|p1a: Have u Prepped?|76/100|[from] item: Leftovers\n|-damage|p2a: Raging Bolt|73/100 tox|[from] psn\n|upkeep\n|turn|10\n|\n|t:|1746021481\n|-terastallize|p1a: Have u Prepped?|Grass\n|move|p2a: Raging Bolt|Thunderclap|p1a: Have u Prepped?\n|-resisted|p1a: Have u Prepped?\n|-crit|p1a: Have u Prepped?\n|-damage|p1a: Have u Prepped?|42/100\n|move|p2b: Zamazenta|Body Press|p1a: Have u Prepped?\n|-damage|p1a: Have u Prepped?|32/100\n|move|p1a: Have u Prepped?|Body Press|p2b: Zamazenta\n|-supereffective|p2b: Zamazenta\n|-damage|p2b: Zamazenta|0 fnt\n|faint|p2b: Zamazenta\n|\n|-heal|p1a: Have u Prepped?|38/100|[from] item: Leftovers\n|-damage|p2a: Raging Bolt|55/100 tox|[from] psn\n|upkeep\n|\n|t:|1746021508\n|switch|p2b: Chi-Yu|Chi-Yu, L50|36/100\n|-status|p2b: Chi-Yu|tox\n|-ability|p2b: Chi-Yu|Beads of Ruin\n|turn|11\n|\n|t:|1746021520\n|move|p1a: Have u Prepped?|Protect|p1a: Have u Prepped?\n|-singleturn|p1a: Have u Prepped?|Protect\n|move|p2b: Chi-Yu|Overheat|p1a: Have u Prepped?\n|-activate|p1a: Have u Prepped?|move: Protect\n|move|p2a: Raging Bolt|Volt Switch|p1a: Have u Prepped?\n|-activate|p1a: Have u Prepped?|move: Protect\n|\n|-heal|p1a: Have u Prepped?|44/100|[from] item: Leftovers\n|-damage|p2b: Chi-Yu|30/100 tox|[from] psn\n|-damage|p2a: Raging Bolt|30/100 tox|[from] psn\n|upkeep\n|turn|12\n|\n|t:|1746021531\n|move|p2b: Chi-Yu|Overheat|p1a: Have u Prepped?\n|-supereffective|p1a: Have u Prepped?\n|-damage|p1a: Have u Prepped?|0 fnt\n|-unboost|p2b: Chi-Yu|spa|2\n|faint|p1a: Have u Prepped?\n|move|p2a: Raging Bolt|Volt Switch|p1b: Tatsu\n|-damage|p1b: Tatsu|19/100\n|\n|t:|1746021539\n|-end|p2a: Raging Bolt|Protosynthesis|[silent]\n|switch|p2a: Calyrex|Calyrex-Shadow, L50|100/100|[from] Volt Switch\n|-ability|p2a: Calyrex|As One\n|-ability|p2a: Calyrex|Unnerve\n|-status|p2a: Calyrex|tox\n|\n|-damage|p2b: Chi-Yu|18/100 tox|[from] psn\n|-damage|p2a: Calyrex|95/100 tox|[from] psn\n|upkeep\n|\n|t:|1746021568\n|switch|p1a: Sir. Weezing|Weezing-Galar, L50, M, shiny|53/100\n|-ability|p1a: Sir. Weezing|Neutralizing Gas\n|turn|13\n|c|\u2606PEKORA999|IT MUST WRONG\n|\n|t:|1746021596\n|move|p1a: Sir. Weezing|Protect|p1a: Sir. Weezing\n|-singleturn|p1a: Sir. Weezing|Protect\n|move|p2b: Chi-Yu|Overheat|p1a: Sir. Weezing\n|-activate|p1a: Sir. Weezing|move: Protect\n|move|p2a: Calyrex|Astral Barrage|p1b: Tatsu|[spread] p1b\n|-activate|p1a: Sir. Weezing|move: Protect\n|-crit|p1b: Tatsu\n|-damage|p1b: Tatsu|0 fnt\n|faint|p1b: Tatsu\n|-ability|p2a: Calyrex|Grim Neigh|boost\n|-boost|p2a: Calyrex|spa|1\n|\n|-damage|p2b: Chi-Yu|0 fnt|[from] psn\n|faint|p2b: Chi-Yu\n|-damage|p2a: Calyrex|83/100 tox|[from] psn\n|upkeep\n|c|\u2606PEKORA999|must switch chi yu\n|\n|t:|1746021612\n|switch|p2b: Raging Bolt|Raging Bolt, L50, tera:Electric|30/100 tox\n|switch|p1b: Smol Fish|Chi-Yu, L50|52/100\n|turn|14\n|\n|t:|1746021624\n|move|p2b: Raging Bolt|Thunderclap|p1b: Smol Fish\n|-damage|p1b: Smol Fish|0 fnt\n|faint|p1b: Smol Fish\n|move|p2a: Calyrex|Psychic|p1a: Sir. Weezing\n|-supereffective|p1a: Sir. Weezing\n|-damage|p1a: Sir. Weezing|0 fnt\n|faint|p1a: Sir. Weezing\n|-end|p1a: Sir. Weezing|ability: Neutralizing Gas\n|\n|win|PEKORA999\n|raw|femapu's rating: 1341 &rarr; <strong>1320</strong><br />(-21 for losing)\n|raw|PEKORA999's rating: 1332 &rarr; <strong>1353</strong><br />(+21 for winning)\n|c|\u2606femapu|wp\n|c|\u2606femapu|crits man\n|c|\u2606femapu|they are hard\n|c|\u2606femapu|and bolt is op\n", "uploadtime": 1746021718, "views": 29, "formatid": "gen9vgc2025regibo3", "rating": 1320, "private": 0, "password": null}