{"id": "gen9vgc2025regibo3-2353739582", "format": "[Gen 9] VGC 2025 Reg I (Bo3)", "players": ["dghdkgd", "Sludgy Booties"], "log": "|j|\u2606dghdkgd\n|j|\u203dSludgy Booties\n|html|<table width=\"100%\"><tr><td align=\"left\">dghdkgd</td><td align=\"right\">Sludgy Booties</tr><tr><td align=\"left\"><i class=\"fa fa-circle-o\"></i> <i class=\"fa fa-circle-o\"></i> </td><td align=\"right\"><i class=\"fa fa-circle-o\"></i> <i class=\"fa fa-circle-o\"></i> </tr></table>\n|uhtml|bestof|<h2><strong>Game 1</strong> of <a href=\"/game-bestof3-gen9vgc2025regibo3-2353739581\">a best-of-3</a></h2>\n|t:|1745991674\n|gametype|doubles\n|player|p1|dghdkgd|265|1114\n|player|p2|Sludgy Booties|170|1045\n|teamsize|p1|6\n|teamsize|p2|4\n|gen|9\n|tier|[Gen 9] VGC 2025 Reg I (Bo3)\n|rated|\n|rule|Species Clause: Limit one of each Pok\u00e9mon\n|rule|Item Clause: Limit 1 of each item\n|clearpoke\n|poke|p1|Rayquaza, L50|\n|poke|p1|Solgaleo, L50|\n|poke|p1|Incineroar, L50, F|\n|poke|p1|Flutter Mane, L50|\n|poke|p1|Tornadus, L50, M|\n|poke|p1|Urshifu-*, L50, F|\n|poke|p2|Groudon, L50|\n|poke|p2|Oranguru, L50, F|\n|poke|p2|Lilligant-Hisui, L50, F|\n|poke|p2|Charizard, L50, F|\n|teampreview|4\n|showteam|p1|Rayquaza||ClearAmulet|AirLock|DragonAscent,ExtremeSpeed,Protect,SwordsDance||||||50|,,,,,Normal]Solgaleo||WeaknessPolicy|FullMetalBody|CloseCombat,KnockOff,SunsteelStrike,Protect||||||50|,,,,,Dark]Incineroar||SitrusBerry|Intimidate|PartingShot,KnockOff,FakeOut,FlareBlitz|||F|||50|,,,,,Grass]Flutter Mane||BoosterEnergy|Protosynthesis|IcyWind,ShadowBall,Moonblast,Protect||||||50|,,,,,Fairy]Tornadus||CovertCloak|Prankster|Tailwind,Uturn,BleakwindStorm,Protect|||M|||50|,,,,,Dark]Urshifu-Rapid-Strike||FocusSash|UnseenFist|SurgingStrikes,AquaJet,Protect,CloseCombat|||F|||50|,,,,,Steel\n|showteam|p2|Groudon||CovertCloak|Drought|PrecipiceBlades,RockSlide,Eruption,MetalClaw||||||50|,,,,,Fire]Oranguru||QuickClaw|InnerFocus|Instruct,Encore,ExpandingForce,HyperVoice|||F|||50|,,,,,Normal]Lilligant-Hisui||ChoiceScarf|Chlorophyll|AfterYou|||F|||50|,,,,,Flying]Charizard||ChoiceSpecs|SolarPower|HeatWave,Flamethrower,AncientPower,TeraBlast|||F|||50|,,,,,Poison\n|inactive|Battle timer is ON: inactive players will automatically lose when time's up. (requested by dghdkgd)\n|\n|t:|1745991699\n|start\n|switch|p1a: Tornadus|Tornadus, L50, M, shiny|100/100\n|switch|p1b: Solgaleo|Solgaleo, L50, shiny|100/100\n|switch|p2a: Groudon|Groudon, L50, shiny|100/100\n|switch|p2b: Lilligant|Lilligant-Hisui, L50, F, shiny|100/100\n|-weather|SunnyDay|[from] ability: Drought|[of] p2a: Groudon\n|turn|1\n|\n|t:|1745991719\n|-terastallize|p2a: Groudon|Fire\n|move|p2b: Lilligant|After You|p2a: Groudon\n|-activate|p2a: Groudon|move: After You\n|move|p2a: Groudon|Eruption|p1b: Solgaleo|[spread] p1a,p1b\n|-supereffective|p1b: Solgaleo\n|-damage|p1a: Tornadus|10/100\n|-damage|p1b: Solgaleo|0 fnt\n|faint|p1b: Solgaleo\n|move|p1a: Tornadus|Bleakwind Storm|p2a: Groudon|[spread] p2a,p2b\n|-supereffective|p2b: Lilligant\n|-damage|p2a: Groudon|62/100\n|-damage|p2b: Lilligant|0 fnt\n|faint|p2b: Lilligant\n|\n|-weather|SunnyDay|[upkeep]\n|upkeep\n|\n|t:|1745991737\n|switch|p2b: Charizard|Charizard, L50, F|100/100\n|switch|p1b: Flutter Mane|Flutter Mane, L50, shiny|100/100\n|-activate|p1b: Flutter Mane|ability: Protosynthesis\n|-start|p1b: Flutter Mane|protosynthesisspe\n|turn|2\n|\n|t:|1745991758\n|move|p1a: Tornadus|Protect|p1a: Tornadus\n|-singleturn|p1a: Tornadus|Protect\n|move|p1b: Flutter Mane|Protect|p1b: Flutter Mane\n|-singleturn|p1b: Flutter Mane|Protect\n|move|p2b: Charizard|Heat Wave|p1b: Flutter Mane|[spread] \n|-activate|p1a: Tornadus|move: Protect\n|-activate|p1b: Flutter Mane|move: Protect\n|move|p2a: Groudon|Rock Slide|p1a: Tornadus|[spread] \n|-activate|p1a: Tornadus|move: Protect\n|-activate|p1b: Flutter Mane|move: Protect\n|\n|-weather|SunnyDay|[upkeep]\n|-damage|p2b: Charizard|88/100|[from] ability: Solar Power|[of] p2b: Charizard\n|upkeep\n|turn|3\n|inactive|dghdkgd has 30 seconds left.\n|\n|t:|1745991788\n|move|p1b: Flutter Mane|Shadow Ball|p2a: Groudon\n|-damage|p2a: Groudon|21/100\n|move|p1a: Tornadus|Bleakwind Storm|p2b: Charizard|[spread] p2a\n|-miss|p1a: Tornadus|p2b: Charizard\n|-damage|p2a: Groudon|0 fnt\n|faint|p2a: Groudon\n|move|p2b: Charizard|Heat Wave|p1b: Flutter Mane|[spread] p1a,p1b\n|-damage|p1a: Tornadus|0 fnt\n|-damage|p1b: Flutter Mane|0 fnt\n|faint|p1a: Tornadus\n|faint|p1b: Flutter Mane\n|-end|p1b: Flutter Mane|Protosynthesis|[silent]\n|\n|-weather|SunnyDay|[upkeep]\n|-damage|p2b: Charizard|76/100|[from] ability: Solar Power|[of] p2b: Charizard\n|upkeep\n|\n|t:|1745991803\n|switch|p1b: Incineroar|Incineroar, L50, F, shiny|100/100\n|switch|p2a: Oranguru|Oranguru, L50, F, shiny|100/100\n|-ability|p1b: Incineroar|Intimidate|boost\n|-fail|p2a: Oranguru|unboost|Attack|[from] ability: Inner Focus|[of] p2a: Oranguru\n|-unboost|p2b: Charizard|atk|1\n|turn|4\n|\n|t:|1745991821\n|move|p2b: Charizard|Heat Wave|p1b: Incineroar\n|-resisted|p1b: Incineroar\n|-damage|p1b: Incineroar|37/100\n|-enditem|p1b: Incineroar|Sitrus Berry|[eat]\n|-heal|p1b: Incineroar|61/100|[from] item: Sitrus Berry\n|move|p2a: Oranguru|Encore||[still]\n|-fail|p2a: Oranguru\n|move|p1b: Incineroar|Knock Off|p2a: Oranguru\n|-supereffective|p2a: Oranguru\n|-damage|p2a: Oranguru|10/100\n|-enditem|p2a: Oranguru|Quick Claw|[from] move: Knock Off|[of] p1b: Incineroar\n|\n|-weather|SunnyDay|[upkeep]\n|-damage|p2b: Charizard|63/100|[from] ability: Solar Power|[of] p2b: Charizard\n|upkeep\n|turn|5\n|\n|t:|1745991837\n|move|p2b: Charizard|Heat Wave|p1b: Incineroar\n|-resisted|p1b: Incineroar\n|-crit|p1b: Incineroar\n|-damage|p1b: Incineroar|0 fnt\n|faint|p1b: Incineroar\n|\n|win|Sludgy Booties\n||dghdkgd is ready for game 2.\n||Sludgy Booties is ready for game 2.\n|uhtml|next|Next: <a href=\"/battle-gen9vgc2025regibo3-2353740577\"><strong>Game 2 of 3</strong></a>\n|l|\u2606dghdkgd\n|player|p1|\n|l|\u203dSludgy Booties\n|player|p2|\n", "uploadtime": 1745992143, "views": 22, "formatid": "gen9vgc2025regibo3", "rating": null, "private": 0, "password": null}