{"id": "gen9vgc2025regibo3-2354791125", "format": "[Gen 9] VGC 2025 Reg I (Bo3)", "players": ["dman12352", "danicruz.music"], "log": "|j|\u2606dman12352\n|j|\u2606danicruz.music\n|html|<table width=\"100%\"><tr><td align=\"left\">dman12352</td><td align=\"right\">danicruz.music</tr><tr><td align=\"left\"><i class=\"fa fa-circle\"></i> <i class=\"fa fa-circle-o\"></i> </td><td align=\"right\"><i class=\"fa fa-circle-o\"></i> <i class=\"fa fa-circle\"></i> </tr></table>\n|uhtml|bestof|<h2><strong>Game 3</strong> of <a href=\"/game-bestof3-gen9vgc2025regibo3-2354788746\">a best-of-3</a></h2>\n|t:|1746120069\n|gametype|doubles\n|player|p1|dman12352|brycenman|1132\n|player|p2|danicruz.music|whitney|1072\n|teamsize|p1|6\n|teamsize|p2|6\n|gen|9\n|tier|[Gen 9] VGC 2025 Reg I (Bo3)\n|rated|\n|rule|Species Clause: Limit one of each Pok\u00e9mon\n|rule|Item Clause: Limit 1 of each item\n|clearpoke\n|poke|p1|Amoonguss, L50, M|\n|poke|p1|Incineroar, L50, M|\n|poke|p1|Calyrex-Shadow, L50|\n|poke|p1|Iron Bundle, L50|\n|poke|p1|Koraidon, L50|\n|poke|p1|Raging Bolt, L50|\n|poke|p2|Kyogre, L50|\n|poke|p2|Koraidon, L50|\n|poke|p2|Tornadus, L50, M|\n|poke|p2|Walking Wake, L50|\n|poke|p2|Charizard, L50, M|\n|poke|p2|Rotom-Heat, L50|\n|teampreview|4\n|showteam|p1|Amoonguss||RockyHelmet|Regenerator|SludgeBomb,Spore,Protect,RagePowder|||M|||50|,,,,,Water]Incineroar||SafetyGoggles|Intimidate|FlareBlitz,KnockOff,FakeOut,PartingShot|||M|||50|,,,,,Bug]Calyrex-Shadow||FocusSash|AsOneSpectrier|AstralBarrage,Psychic,Protect,NastyPlot||||||50|,,,,,Dark]Iron Bundle||BoosterEnergy|QuarkDrive|FreezeDry,IcyWind,Protect,Encore||||||50|,,,,,Ghost]Koraidon||ClearAmulet|OrichalcumPulse|CollisionCourse,FlareBlitz,FlameCharge,Protect||||||50|,,,,,Fire]Raging Bolt||AssaultVest|Protosynthesis|VoltSwitch,DracoMeteor,Thunderclap,Snarl||||||50|,,,,,Fairy\n|showteam|p2|Kyogre||AssaultVest|Drizzle|OriginPulse,WaterSpout,TeraBlast,Thunder||||||50|,,,,,Ground]Koraidon||LoadedDice|OrichalcumPulse|ScaleShot,CollisionCourse,Protect,FlareBlitz||||||50|,,,,,Fire]Tornadus||FocusSash|Prankster|BleakwindStorm,Tailwind,SunnyDay,RainDance|||M|||50|,,,,,Dark]Walking Wake||BoosterEnergy|Protosynthesis|HydroSteam,DragonPulse,AquaJet,Protect||||||50|,,,,,Water]Charizard||ChoiceSpecs|SolarPower|Hurricane,WeatherBall,SolarBeam,Flamethrower|||M|||50|,,,,,Grass]Rotom-Heat||LifeOrb|Levitate|Electroweb,Overheat,Thunder,WillOWisp||||||50|,,,,,Electric\n|inactive|Battle timer is ON: inactive players will automatically lose when time's up. (requested by danicruz.music)\n|inactive|dman12352 also wants the timer to be on.\n|\n|t:|1746120091\n|start\n|switch|p1a: Incineroar|Incineroar, L50, M|100/100\n|switch|p1b: Raging Bolt|Raging Bolt, L50|100/100\n|switch|p2a: Kyogre|Kyogre, L50|100/100\n|switch|p2b: Tornadus|Tornadus, L50, M|100/100\n|-weather|RainDance|[from] ability: Drizzle|[of] p2a: Kyogre\n|-ability|p1a: Incineroar|Intimidate|boost\n|-unboost|p2a: Kyogre|atk|1\n|-unboost|p2b: Tornadus|atk|1\n|turn|1\n|inactive|dman12352 has 30 seconds left.\n|inactive|danicruz.music has 30 seconds left.\n|\n|t:|1746120123\n|-terastallize|p2b: Tornadus|Dark\n|move|p1a: Incineroar|Fake Out|p2a: Kyogre\n|-damage|p2a: Kyogre|91/100\n|move|p2b: Tornadus|Tailwind|p2b: Tornadus\n|-sidestart|p2: danicruz.music|move: Tailwind\n|cant|p2a: Kyogre|flinch\n|move|p1b: Raging Bolt|Snarl|p2a: Kyogre|[spread] p2a,p2b\n|-resisted|p2b: Tornadus\n|-damage|p2a: Kyogre|84/100\n|-damage|p2b: Tornadus|94/100\n|-unboost|p2a: Kyogre|spa|1\n|-unboost|p2b: Tornadus|spa|1\n|\n|-weather|RainDance|[upkeep]\n|upkeep\n|turn|2\n|\n|t:|1746120146\n|switch|p2a: Charizard|Charizard, L50, M|100/100\n|move|p2b: Tornadus|Bleakwind Storm|p1a: Incineroar|[spread] p1a,p1b\n|-resisted|p1b: Raging Bolt\n|-damage|p1a: Incineroar|81/100\n|-damage|p1b: Raging Bolt|94/100\n|move|p1b: Raging Bolt|Volt Switch|p2a: Charizard\n|-supereffective|p2a: Charizard\n|-damage|p2a: Charizard|0 fnt\n|faint|p2a: Charizard\n|\n|t:|1746120155\n|-end|p1b: Raging Bolt|Protosynthesis|[silent]\n|switch|p1b: Calyrex|Calyrex-Shadow, L50|100/100|[from] Volt Switch\n|-ability|p1b: Calyrex|As One\n|-ability|p1b: Calyrex|Unnerve\n|move|p1a: Incineroar|Parting Shot|p2b: Tornadus\n|-unboost|p2b: Tornadus|atk|1\n|-unboost|p2b: Tornadus|spa|1\n|\n|t:|1746120157\n|switch|p1a: Raging Bolt|Raging Bolt, L50|94/100|[from] Parting Shot\n|\n|-weather|RainDance|[upkeep]\n|upkeep\n|\n|t:|1746120169\n|switch|p2a: Koraidon|Koraidon, L50|100/100\n|-weather|SunnyDay|[from] ability: Orichalcum Pulse|[of] p2a: Koraidon\n|-activate|p1a: Raging Bolt|ability: Protosynthesis\n|-start|p1a: Raging Bolt|protosynthesisspa\n|-activate|p2a: Koraidon|Orichalcum Pulse|[source]\n|turn|3\n|inactive|dman12352 has 30 seconds left.\n|\n|t:|1746120195\n|-end|p1a: Raging Bolt|Protosynthesis|[silent]\n|switch|p1a: Incineroar|Incineroar, L50, M|81/100\n|-ability|p1a: Incineroar|Intimidate|boost\n|-unboost|p2a: Koraidon|atk|1\n|-unboost|p2b: Tornadus|atk|1\n|move|p2a: Koraidon|Protect|p2a: Koraidon\n|-singleturn|p2a: Koraidon|Protect\n|move|p1b: Calyrex|Protect|p1b: Calyrex\n|-singleturn|p1b: Calyrex|Protect\n|move|p2b: Tornadus|Bleakwind Storm|p1b: Calyrex|[spread] p1a\n|-activate|p1b: Calyrex|move: Protect\n|-damage|p1a: Incineroar|64/100\n|\n|-weather|SunnyDay|[upkeep]\n|upkeep\n|turn|4\n|\n|t:|1746120214\n|switch|p2a: Kyogre|Kyogre, L50|84/100\n|-weather|RainDance|[from] ability: Drizzle|[of] p2a: Kyogre\n|move|p1a: Incineroar|Fake Out|p2a: Kyogre\n|-damage|p2a: Kyogre|74/100\n|move|p2b: Tornadus|Bleakwind Storm|p1b: Calyrex|[spread] p1a,p1b\n|-damage|p1a: Incineroar|50/100\n|-damage|p1b: Calyrex|83/100\n|-unboost|p1b: Calyrex|spe|1\n|move|p1b: Calyrex|Astral Barrage|p2b: Tornadus|[spread] p2a,p2b\n|-resisted|p2b: Tornadus\n|-damage|p2a: Kyogre|48/100\n|-damage|p2b: Tornadus|70/100\n|\n|-weather|RainDance|[upkeep]\n|-sideend|p2: danicruz.music|move: Tailwind\n|upkeep\n|turn|5\n|\n|t:|1746120229\n|switch|p1b: Koraidon|Koraidon, L50|100/100\n|-weather|SunnyDay|[from] ability: Orichalcum Pulse|[of] p1b: Koraidon\n|-activate|p1b: Koraidon|Orichalcum Pulse|[source]\n|move|p2b: Tornadus|Tailwind|p2b: Tornadus\n|-sidestart|p2: danicruz.music|move: Tailwind\n|move|p2a: Kyogre|Origin Pulse|p1b: Koraidon|[spread] p1a,p1b\n|-supereffective|p1a: Incineroar\n|-resisted|p1b: Koraidon\n|-damage|p1a: Incineroar|3/100\n|-damage|p1b: Koraidon|89/100\n|move|p1a: Incineroar|Parting Shot|p2b: Tornadus\n|-unboost|p2b: Tornadus|atk|1\n|-unboost|p2b: Tornadus|spa|1\n|\n|t:|1746120240\n|switch|p1a: Raging Bolt|Raging Bolt, L50|94/100|[from] Parting Shot\n|-activate|p1a: Raging Bolt|ability: Protosynthesis\n|-start|p1a: Raging Bolt|protosynthesisspa\n|\n|-weather|SunnyDay|[upkeep]\n|upkeep\n|turn|6\n|\n|t:|1746120249\n|-terastallize|p1b: Koraidon|Fire\n|move|p2b: Tornadus|Rain Dance|p2b: Tornadus\n|-weather|RainDance\n|-end|p1a: Raging Bolt|Protosynthesis\n|move|p1a: Raging Bolt|Thunderclap|p2a: Kyogre\n|-supereffective|p2a: Kyogre\n|-damage|p2a: Kyogre|13/100\n|move|p2a: Kyogre|Origin Pulse|p1b: Koraidon|[spread] p1a,p1b\n|-resisted|p1a: Raging Bolt\n|-supereffective|p1b: Koraidon\n|-damage|p1a: Raging Bolt|72/100\n|-damage|p1b: Koraidon|0 fnt\n|faint|p1b: Koraidon\n|\n|-weather|RainDance|[upkeep]\n|upkeep\n|\n|t:|1746120258\n|switch|p1b: Incineroar|Incineroar, L50, M|3/100\n|-ability|p1b: Incineroar|Intimidate|boost\n|-unboost|p2a: Kyogre|atk|1\n|-unboost|p2b: Tornadus|atk|1\n|turn|7\n|\n|t:|1746120284\n|switch|p2a: Koraidon|Koraidon, L50|100/100\n|-weather|SunnyDay|[from] ability: Orichalcum Pulse|[of] p2a: Koraidon\n|-activate|p1a: Raging Bolt|ability: Protosynthesis\n|-start|p1a: Raging Bolt|protosynthesisspa\n|-activate|p2a: Koraidon|Orichalcum Pulse|[source]\n|move|p1b: Incineroar|Fake Out|p2a: Koraidon\n|-damage|p2a: Koraidon|91/100\n|move|p2b: Tornadus|Bleakwind Storm|p1a: Raging Bolt|[spread] p1a,p1b\n|-resisted|p1a: Raging Bolt\n|-damage|p1a: Raging Bolt|69/100\n|-damage|p1b: Incineroar|0 fnt\n|-unboost|p1a: Raging Bolt|spe|1\n|faint|p1b: Incineroar\n|move|p1a: Raging Bolt|Volt Switch|p2b: Tornadus\n|-damage|p2b: Tornadus|25/100\n|\n|t:|1746120298\n|-end|p1a: Raging Bolt|Protosynthesis|[silent]\n|switch|p1a: Calyrex|Calyrex-Shadow, L50|83/100|[from] Volt Switch\n|-ability|p1a: Calyrex|As One\n|-ability|p1a: Calyrex|Unnerve\n|\n|-weather|SunnyDay|[upkeep]\n|upkeep\n|\n|t:|1746120299\n|switch|p1b: Raging Bolt|Raging Bolt, L50|69/100\n|-activate|p1b: Raging Bolt|ability: Protosynthesis\n|-start|p1b: Raging Bolt|protosynthesisspa\n|turn|8\n|inactive|danicruz.music has 30 seconds left.\n|\n|t:|1746120328\n|move|p1a: Calyrex|Protect|p1a: Calyrex\n|-singleturn|p1a: Calyrex|Protect\n|move|p2a: Koraidon|Scale Shot|p1b: Raging Bolt\n|-supereffective|p1b: Raging Bolt\n|-damage|p1b: Raging Bolt|36/100\n|-supereffective|p1b: Raging Bolt\n|-damage|p1b: Raging Bolt|4/100\n|-supereffective|p1b: Raging Bolt\n|-damage|p1b: Raging Bolt|0 fnt\n|faint|p1b: Raging Bolt\n|-end|p1b: Raging Bolt|Protosynthesis|[silent]\n|-hitcount|p1: Raging Bolt|3\n|-unboost|p2a: Koraidon|def|1\n|-boost|p2a: Koraidon|spe|1\n|move|p2b: Tornadus|Bleakwind Storm|p1a: Calyrex\n|-activate|p1a: Calyrex|move: Protect\n|\n|-weather|SunnyDay|[upkeep]\n|-sideend|p2: danicruz.music|move: Tailwind\n|upkeep\n|turn|9\n|-message|dman12352 forfeited.\n|\n|win|danicruz.music\n|raw|dman12352's rating: 1132 &rarr; <strong>1103</strong><br />(-29 for losing)\n|raw|danicruz.music's rating: 1072 &rarr; <strong>1106</strong><br />(+34 for winning)\n|l|\u2606danicruz.music\n|player|p2|\n|l|\u2606dman12352\n|player|p1|\n", "uploadtime": 1746120706, "views": 12, "formatid": "gen9vgc2025regibo3", "rating": 1103, "private": 0, "password": null}