{"id": "gen9vgc2025regibo3-2353726473", "format": "[Gen 9] VGC 2025 Reg I (Bo3)", "players": ["UndeadParadox", "Pizzamemes123"], "log": "|j|\u2606UndeadParadox\n|j|\u2606Pizzamemes123\n|html|<table width=\"100%\"><tr><td align=\"left\">UndeadParadox</td><td align=\"right\">Pizzamemes123</tr><tr><td align=\"left\"><i class=\"fa fa-circle\"></i> <i class=\"fa fa-circle-o\"></i> </td><td align=\"right\"><i class=\"fa fa-circle-o\"></i> <i class=\"fa fa-circle-o\"></i> </tr></table>\n|uhtml|bestof|<h2><strong>Game 2</strong> of <a href=\"/game-bestof3-gen9vgc2025regibo3-2353724670\">a best-of-3</a></h2>\n|t:|1745989450\n|gametype|doubles\n|player|p1|UndeadParadox|guitarist|1265\n|player|p2|Pizzamemes123|265|1140\n|teamsize|p1|6\n|teamsize|p2|6\n|gen|9\n|tier|[Gen 9] VGC 2025 Reg I (Bo3)\n|rated|\n|rule|Species Clause: Limit one of each Pok\u00e9mon\n|rule|Item Clause: Limit 1 of each item\n|clearpoke\n|poke|p1|Miraidon, L50|\n|poke|p1|Calyrex-Ice, L50|\n|poke|p1|Iron Hands, L50|\n|poke|p1|Farigiraf, L50, M|\n|poke|p1|Iron Valiant, L50|\n|poke|p1|Incineroar, L50, F|\n|poke|p2|Koraidon, L50|\n|poke|p2|Miraidon, L50|\n|poke|p2|Raging Bolt, L50|\n|poke|p2|Flutter Mane, L50|\n|poke|p2|Whimsicott, L50, F|\n|poke|p2|Farigiraf, L50, F|\n|teampreview|4\n|showteam|p1|Miraidon||ChoiceSpecs|HadronEngine|ElectroDrift,DracoMeteor,VoltSwitch,Overheat||||||50|,,,,,Fire]Calyrex-Ice||ClearAmulet|AsOneGlastrier|GlacialLance,HighHorsepower,Protect,TrickRoom||||||50|,,,,,Water]Iron Hands||AssaultVest|QuarkDrive|FakeOut,LowKick,WildCharge,DrainPunch||||||50|,,,,,Water]Farigiraf||ElectricSeed|ArmorTail|Psychic,HelpingHand,FoulPlay,TrickRoom|||M|||50|,,,,,Water]Iron Valiant||FocusSash|QuarkDrive|Coaching,WideGuard,Feint,SpiritBreak||||||50|,,,,,Ghost]Incineroar||RockyHelmet|Intimidate|KnockOff,FlareBlitz,FakeOut,PartingShot|||F|||50|,,,,,Fairy\n|showteam|p2|Koraidon||ClearAmulet|OrichalcumPulse|FlameCharge,FlareBlitz,CollisionCourse,Protect||||||50|,,,,,Fire]Miraidon||ChoiceSpecs|HadronEngine|ElectroDrift,DazzlingGleam,DracoMeteor,VoltSwitch||||||50|,,,,,Fairy]Raging Bolt||LifeOrb|Protosynthesis|Protect,DracoMeteor,RisingVoltage,Thunderclap||||||50|,,,,,Electric]Flutter Mane||FocusSash|Protosynthesis|Moonblast,IcyWind,ShadowBall,Protect||||||50|,,,,,Ghost]Whimsicott||CovertCloak|Prankster|SunnyDay,Tailwind,Encore,LightScreen|||F|||50|,,,,,Grass]Farigiraf||ElectricSeed|ArmorTail|Psychic,Roar,TrickRoom,HelpingHand|||F|||50|,,,,,Normal\n|\n|t:|1745989490\n|start\n|switch|p1a: Calyrex|Calyrex-Ice, L50|100/100\n|switch|p1b: Iron Valiant|Iron Valiant, L50|100/100\n|switch|p2a: Koraidon|Koraidon, L50|100/100\n|switch|p2b: Flutter Mane|Flutter Mane, L50|100/100\n|-ability|p1a: Calyrex|As One\n|-ability|p1a: Calyrex|Unnerve\n|-weather|SunnyDay|[from] ability: Orichalcum Pulse|[of] p2a: Koraidon\n|-activate|p2b: Flutter Mane|ability: Protosynthesis\n|-start|p2b: Flutter Mane|protosynthesisspe\n|-activate|p2a: Koraidon|Orichalcum Pulse|[source]\n|turn|1\n|\n|t:|1745989526\n|-terastallize|p2a: Koraidon|Fire\n|-terastallize|p1a: Calyrex|Water\n|move|p2b: Flutter Mane|Moonblast|p1a: Calyrex\n|-damage|p1a: Calyrex|68/100\n|move|p2a: Koraidon|Flare Blitz|p1a: Calyrex\n|-resisted|p1a: Calyrex\n|-damage|p1a: Calyrex|35/100\n|-damage|p2a: Koraidon|88/100|[from] Recoil\n|move|p1b: Iron Valiant|Spirit Break|p2b: Flutter Mane\n|-damage|p2b: Flutter Mane|29/100\n|-unboost|p2b: Flutter Mane|spa|1\n|move|p1a: Calyrex|Trick Room|p1a: Calyrex\n|-fieldstart|move: Trick Room|[of] p1a: Calyrex\n|\n|-weather|SunnyDay|[upkeep]\n|upkeep\n|turn|2\n|\n|t:|1745989554\n|move|p2b: Flutter Mane|Protect|p2b: Flutter Mane\n|-singleturn|p2b: Flutter Mane|Protect\n|move|p1b: Iron Valiant|Feint|p2a: Koraidon\n|-damage|p2a: Koraidon|80/100\n|move|p1a: Calyrex|High Horsepower|p2a: Koraidon\n|-supereffective|p2a: Koraidon\n|-damage|p2a: Koraidon|6/100\n|move|p2a: Koraidon|Collision Course|p1a: Calyrex\n|-crit|p1a: Calyrex\n|-damage|p1a: Calyrex|0 fnt\n|faint|p1a: Calyrex\n|\n|-weather|SunnyDay|[upkeep]\n|upkeep\n|\n|t:|1745989565\n|switch|p1a: Iron Hands|Iron Hands, L50|100/100\n|turn|3\n|\n|t:|1745989582\n|switch|p2a: Raging Bolt|Raging Bolt, L50|100/100\n|-activate|p2a: Raging Bolt|ability: Protosynthesis\n|-start|p2a: Raging Bolt|protosynthesisspa\n|move|p1a: Iron Hands|Low Kick|p2a: Raging Bolt\n|-damage|p2a: Raging Bolt|44/100\n|move|p1b: Iron Valiant|Spirit Break|p2b: Flutter Mane\n|-damage|p2b: Flutter Mane|0 fnt\n|faint|p2b: Flutter Mane\n|-end|p2b: Flutter Mane|Protosynthesis|[silent]\n|\n|-weather|SunnyDay|[upkeep]\n|upkeep\n|\n|t:|1745989595\n|switch|p2b: Miraidon|Miraidon, L50|100/100\n|-fieldstart|move: Electric Terrain|[from] ability: Hadron Engine|[of] p2b: Miraidon\n|-activate|p1a: Iron Hands|ability: Quark Drive\n|-start|p1a: Iron Hands|quarkdriveatk\n|-activate|p1b: Iron Valiant|ability: Quark Drive\n|-start|p1b: Iron Valiant|quarkdrivespe\n|turn|4\n|\n|t:|1745989637\n|move|p1b: Iron Valiant|Wide Guard|p1b: Iron Valiant\n|-singleturn|p1b: Iron Valiant|Wide Guard\n|move|p2a: Raging Bolt|Thunderclap|p1a: Iron Hands\n|-resisted|p1a: Iron Hands\n|-damage|p1a: Iron Hands|77/100\n|-damage|p2a: Raging Bolt|34/100|[from] item: Life Orb\n|move|p1a: Iron Hands|Low Kick|p2b: Miraidon\n|-damage|p2b: Miraidon|22/100\n|move|p2b: Miraidon|Dazzling Gleam|p1a: Iron Hands|[spread] \n|-activate|p1a: Iron Hands|move: Wide Guard\n|-activate|p1b: Iron Valiant|move: Wide Guard\n|\n|-weather|SunnyDay|[upkeep]\n|upkeep\n|turn|5\n|\n|t:|1745989674\n|move|p1a: Iron Hands|Low Kick|p2b: Miraidon\n|-damage|p2b: Miraidon|0 fnt\n|faint|p2b: Miraidon\n|move|p2a: Raging Bolt|Rising Voltage|p1b: Iron Valiant\n|-hint|Rising Voltage's BP doubled on grounded target.\n|-enditem|p1b: Iron Valiant|Focus Sash\n|-damage|p1b: Iron Valiant|1/100\n|-damage|p2a: Raging Bolt|25/100|[from] item: Life Orb\n|move|p1b: Iron Valiant|Spirit Break|p2a: Raging Bolt\n|-supereffective|p2a: Raging Bolt\n|-damage|p2a: Raging Bolt|0 fnt\n|faint|p2a: Raging Bolt\n|-end|p2a: Raging Bolt|Protosynthesis|[silent]\n|\n|-weather|none\n|-fieldend|move: Trick Room\n|upkeep\n|\n|t:|1745989678\n|switch|p2b: Koraidon|Koraidon, L50, tera:Fire|6/100\n|-weather|SunnyDay|[from] ability: Orichalcum Pulse|[of] p2b: Koraidon\n|-activate|p2b: Koraidon|Orichalcum Pulse|[source]\n|turn|6\n|\n|t:|1745989698\n|move|p1b: Iron Valiant|Spirit Break|p2b: Koraidon\n|-resisted|p2b: Koraidon\n|-damage|p2b: Koraidon|0 fnt\n|faint|p2b: Koraidon\n|\n|win|UndeadParadox\n|raw|UndeadParadox's rating: 1265 &rarr; <strong>1281</strong><br />(+16 for winning)\n|raw|Pizzamemes123's rating: 1140 &rarr; <strong>1124</strong><br />(-16 for losing)\n|l|\u2606Pizzamemes123\n|player|p2|\n", "uploadtime": 1745989715, "views": 18, "formatid": "gen9vgc2025regibo3", "rating": 1124, "private": 0, "password": null}