{"id": "gen9vgc2025regibo3-2354870246", "format": "[Gen 9] VGC 2025 Reg I (Bo3)", "players": ["BreadPudding248", "dondozo sucks"], "log": "|j|\u2606BreadPudding248\n|j|\u2606dondozo sucks\n|html|<table width=\"100%\"><tr><td align=\"left\">BreadPudding248</td><td align=\"right\">dondozo sucks</tr><tr><td align=\"left\"><i class=\"fa fa-circle\"></i> <i class=\"fa fa-circle-o\"></i> </td><td align=\"right\"><i class=\"fa fa-circle-o\"></i> <i class=\"fa fa-circle\"></i> </tr></table>\n|uhtml|bestof|<h2><strong>Game 3</strong> of <a href=\"/game-bestof3-gen9vgc2025regibo3-2354866863\">a best-of-3</a></h2>\n|t:|1746127015\n|gametype|doubles\n|player|p1|BreadPudding248|collector|1414\n|player|p2|dondozo sucks|dawn|1656\n|teamsize|p1|6\n|teamsize|p2|6\n|gen|9\n|tier|[Gen 9] VGC 2025 Reg I (Bo3)\n|rated|\n|rule|Species Clause: Limit one of each Pok\u00e9mon\n|rule|Item Clause: Limit 1 of each item\n|clearpoke\n|poke|p1|Calyrex-Shadow, L50|\n|poke|p1|Zamazenta-*, L50|\n|poke|p1|Incineroar, L50, M|\n|poke|p1|Rillaboom, L50, F|\n|poke|p1|Clefairy, L50, F|\n|poke|p1|Urshifu-*, L50, F|\n|poke|p2|Calyrex-Shadow, L50|\n|poke|p2|Incineroar, L50, F|\n|poke|p2|Rillaboom, L50, M|\n|poke|p2|Terapagos, L50, M|\n|poke|p2|Grimmsnarl, L50, M|\n|poke|p2|Ogerpon-Wellspring, L50, F|\n|teampreview|4\n|showteam|p1|Calyrex-Shadow||SpellTag|AsOneSpectrier|AstralBarrage,Psychic,NastyPlot,Protect||||||50|,,,,,Dark]Zamazenta-Crowned||RustedShield|DauntlessShield|BodyPress,WideGuard,Protect,HeavySlam||||||50|,,,,,Dragon]Incineroar||SafetyGoggles|Intimidate|FlareBlitz,KnockOff,PartingShot,FakeOut|||M|||50|,,,,,Bug]Rillaboom||AssaultVest|GrassySurge|WoodHammer,GrassyGlide,Uturn,FakeOut|||F|||50|,,,,,Fire]Clefairy||Eviolite|FriendGuard|FollowMe,IcyWind,HelpingHand,Protect|||F|||50|,,,,,Water]Urshifu-Rapid-Strike||ChoiceScarf|UnseenFist|SurgingStrikes,CloseCombat,Uturn,RainDance|||F|||50|,,,,,Ghost\n|showteam|p2|Calyrex-Shadow||FocusSash|AsOneSpectrier|WillOWisp,Psychic,Protect,AstralBarrage||||||50|,,,,,Ghost]Incineroar||RockyHelmet|Intimidate|KnockOff,CloseCombat,FakeOut,PartingShot|||F|||50|,,,,,Ghost]Rillaboom||AssaultVest|GrassySurge|WoodHammer,Uturn,FakeOut,GrassyGlide|||M|||50|,,,,,Fire]Terapagos||Leftovers|TeraShift|TeraStarstorm,Flamethrower,CalmMind,Protect|||M|||50|,,,,,Stellar]Grimmsnarl||LightClay|Prankster|LightScreen,Reflect,SpiritBreak,ThunderWave|||M|||50|,,,,,Ghost]Ogerpon-Wellspring||WellspringMask|WaterAbsorb|IvyCudgel,Taunt,SpikyShield,FollowMe|||F|||50|,,,,,Water\n|inactive|Battle timer is ON: inactive players will automatically lose when time's up. (requested by BreadPudding248)\n|\n|t:|1746127033\n|start\n|switch|p1a: Calyrex|Calyrex-Shadow, L50|100/100\n|switch|p1b: Urshifu|Urshifu-Rapid-Strike, L50, F|100/100\n|switch|p2a: Grimmsnarl|Grimmsnarl, L50, M|100/100\n|switch|p2b: Terapagos|Terapagos, L50, M|100/100\n|-activate|p2b: Terapagos|ability: Tera Shift\n|detailschange|p2b: Terapagos|Terapagos-Terastal, L50, M\n|-heal|p2b: Terapagos|100/100|[silent]\n|-ability|p1a: Calyrex|As One\n|-ability|p1a: Calyrex|Unnerve\n|turn|1\n|inactive|BreadPudding248 has 30 seconds left.\n|inactive|BreadPudding248 has 20 seconds left.\n|inactive|BreadPudding248 has 15 seconds left.\n|\n|t:|1746127074\n|move|p2a: Grimmsnarl|Thunder Wave|p1a: Calyrex\n|-status|p1a: Calyrex|par\n|move|p1b: Urshifu|U-turn|p2b: Terapagos\n|-activate|p2b: Terapagos|ability: Tera Shell\n|-resisted|p2b: Terapagos\n|-damage|p2b: Terapagos|92/100\n|\n|t:|1746127077\n|switch|p1b: Zamazenta|Zamazenta-Crowned, L50|100/100|[from] U-turn\n|-ability|p1b: Zamazenta|Dauntless Shield|boost\n|-boost|p1b: Zamazenta|def|1\n|cant|p1a: Calyrex|par\n|move|p2b: Terapagos|Calm Mind|p2b: Terapagos\n|-boost|p2b: Terapagos|spa|1\n|-boost|p2b: Terapagos|spd|1\n|\n|-heal|p2b: Terapagos|98/100|[from] item: Leftovers\n|upkeep\n|turn|2\n|\n|t:|1746127094\n|-terastallize|p2b: Terapagos|Stellar\n|detailschange|p2b: Terapagos|Terapagos-Stellar, L50, M, tera:Stellar\n|-heal|p2b: Terapagos|99/100|[silent]\n|move|p2a: Grimmsnarl|Reflect|p2a: Grimmsnarl\n|-sidestart|p2: dondozo sucks|Reflect\n|move|p1b: Zamazenta|Heavy Slam|p2a: Grimmsnarl\n|-supereffective|p2a: Grimmsnarl\n|-damage|p2a: Grimmsnarl|41/100\n|cant|p1a: Calyrex|par\n|move|p2b: Terapagos|Tera Starstorm|p1a: Calyrex|[spread] p1a,p1b\n|-damage|p1a: Calyrex|55/100 par\n|-damage|p1b: Zamazenta|66/100\n|\n|-heal|p2b: Terapagos|100/100|[from] item: Leftovers\n|upkeep\n|turn|3\n|\n|t:|1746127103\n|move|p2a: Grimmsnarl|Thunder Wave|p1b: Zamazenta\n|-status|p1b: Zamazenta|par\n|cant|p1a: Calyrex|par\n|move|p2b: Terapagos|Tera Starstorm|p1a: Calyrex|[spread] p1a,p1b\n|-crit|p1b: Zamazenta\n|-damage|p1a: Calyrex|4/100 par\n|-damage|p1b: Zamazenta|16/100 par\n|cant|p1b: Zamazenta|par\n|\n|upkeep\n|turn|4\n|\n|t:|1746127113\n|cant|p1a: Calyrex|par\n|move|p2b: Terapagos|Flamethrower|p1b: Zamazenta\n|-supereffective|p1b: Zamazenta\n|-damage|p1b: Zamazenta|0 fnt\n|faint|p1b: Zamazenta\n|move|p2a: Grimmsnarl|Spirit Break|p1a: Calyrex\n|-damage|p1a: Calyrex|0 fnt\n|faint|p1a: Calyrex\n|\n|upkeep\n|\n|t:|1746127115\n|switch|p1a: Clefairy|Clefairy, L50, F|100/100\n|switch|p1b: Urshifu|Urshifu-Rapid-Strike, L50, F|100/100\n|turn|5\n|\n|t:|1746127119\n|move|p1a: Clefairy|Follow Me|p1a: Clefairy\n|-singleturn|p1a: Clefairy|move: Follow Me\n|move|p1b: Urshifu|Surging Strikes|p2a: Grimmsnarl\n|-crit|p2a: Grimmsnarl\n|-damage|p2a: Grimmsnarl|23/100\n|-crit|p2a: Grimmsnarl\n|-damage|p2a: Grimmsnarl|2/100\n|-crit|p2a: Grimmsnarl\n|-damage|p2a: Grimmsnarl|0 fnt\n|faint|p2a: Grimmsnarl\n|-hitcount|p2: Grimmsnarl|3\n|move|p2b: Terapagos|Tera Starstorm|p1b: Urshifu|[spread] p1a,p1b\n|-damage|p1a: Clefairy|59/100\n|-damage|p1b: Urshifu|45/100\n|\n|upkeep\n|\n|t:|1746127123\n|switch|p2a: Calyrex|Calyrex-Shadow, L50|100/100\n|-ability|p2a: Calyrex|As One\n|-ability|p2a: Calyrex|Unnerve\n|turn|6\n|\n|t:|1746127129\n|move|p1a: Clefairy|Helping Hand|p1b: Urshifu\n|-singleturn|p1b: Urshifu|Helping Hand|[of] p1a: Clefairy\n|move|p1b: Urshifu|Surging Strikes|p2a: Calyrex\n|-crit|p2a: Calyrex\n|-damage|p2a: Calyrex|63/100\n|-crit|p2a: Calyrex\n|-damage|p2a: Calyrex|27/100\n|-crit|p2a: Calyrex\n|-damage|p2a: Calyrex|0 fnt\n|faint|p2a: Calyrex\n|-hitcount|p2: Calyrex|3\n|move|p2b: Terapagos|Tera Starstorm|p1b: Urshifu|[spread] p1a,p1b\n|-damage|p1a: Clefairy|13/100\n|-damage|p1b: Urshifu|0 fnt\n|faint|p1b: Urshifu\n|\n|upkeep\n|\n|t:|1746127132\n|switch|p2a: Rillaboom|Rillaboom, L50, M|100/100\n|-fieldstart|move: Grassy Terrain|[from] ability: Grassy Surge|[of] p2a: Rillaboom\n|turn|7\n|-message|BreadPudding248 forfeited.\n|\n|win|dondozo sucks\n|raw|BreadPudding248's rating: 1414 &rarr; <strong>1406</strong><br />(-8 for losing)\n|raw|dondozo sucks's rating: 1656 &rarr; <strong>1664</strong><br />(+8 for winning)\n|l|\u2606dondozo sucks\n|player|p2|\n|l|\u2606BreadPudding248\n|player|p1|\n|j|\u2606BreadPudding248\n|player|p1|BreadPudding248|collector|\n", "uploadtime": 1746127176, "views": 45, "formatid": "gen9vgc2025regibo3", "rating": 1406, "private": 0, "password": null}