{"id": "gen9vgc2025regibo3-2354263206", "format": "[Gen 9] VGC 2025 Reg I (Bo3)", "players": ["FatassPansexual", "jacobomega"], "log": "|j|\u2606FatassPansexual\n|j|\u2606jacobomega\n|html|<table width=\"100%\"><tr><td align=\"left\">FatassPansexual</td><td align=\"right\">jacobomega</tr><tr><td align=\"left\"><i class=\"fa fa-circle\"></i> <i class=\"fa fa-circle-o\"></i> </td><td align=\"right\"><i class=\"fa fa-circle-o\"></i> <i class=\"fa fa-circle\"></i> </tr></table>\n|uhtml|bestof|<h2><strong>Game 3</strong> of <a href=\"/game-bestof3-gen9vgc2025regibo3-2354256290\">a best-of-3</a></h2>\n|t:|1746050459\n|gametype|doubles\n|player|p1|FatassPansexual|nurse|1077\n|player|p2|jacobomega|1|1135\n|teamsize|p1|6\n|teamsize|p2|6\n|gen|9\n|tier|[Gen 9] VGC 2025 Reg I (Bo3)\n|rated|\n|rule|Species Clause: Limit one of each Pok\u00e9mon\n|rule|Item Clause: Limit 1 of each item\n|clearpoke\n|poke|p1|Calyrex-Shadow, L50|\n|poke|p1|Zamazenta-*, L50|\n|poke|p1|Chi-Yu, L50|\n|poke|p1|Rillaboom, L50, F|\n|poke|p1|Tornadus, L50, M|\n|poke|p1|Clefairy, L50, F|\n|poke|p2|Lunala, L50|\n|poke|p2|Indeedee-F, L50, F|\n|poke|p2|Roaring Moon, L50|\n|poke|p2|Amoonguss, L50, M|\n|poke|p2|Kyogre, L50|\n|poke|p2|Landorus, L50, M|\n|teampreview|4\n|showteam|p1|Calyrex-Shadow||LifeOrb|AsOneSpectrier|AstralBarrage,Psychic,NastyPlot,Protect||||||50|,,,,,Dark]Zamazenta-Crowned||RustedShield|DauntlessShield|BodyPress,behemothbash,WideGuard,Protect||||||50|,,,,,Dragon]Chi-Yu||ChoiceScarf|BeadsofRuin|HeatWave,Overheat,Snarl,DarkPulse||||||50|,,,,,Ghost]Rillaboom||AssaultVest|GrassySurge|FakeOut,WoodHammer,GrassyGlide,Uturn|||F|||50|,,,,,Fire]Tornadus||CovertCloak|Prankster|BleakwindStorm,Tailwind,Taunt,SunnyDay|||M|||50|,,,,,Dark]Clefairy||Eviolite|FriendGuard|FollowMe,AfterYou,LifeDew,Protect|||F|||50|,,,,,Grass\n|showteam|p2|Lunala||Leftovers|ShadowShield|WideGuard,MoongeistBeam,ExpandingForce,TrickRoom||||||50|,,,,,Dark]Indeedee-F||RockyHelmet|PsychicSurge|FollowMe,ShadowBall,TrickRoom,HelpingHand|||F|||50|,,,,,Grass]Roaring Moon||BoosterEnergy|Protosynthesis|Tailwind,Acrobatics,KnockOff,Protect||||||50|,,,,,Flying]Amoonguss||MentalHerb|Regenerator|Spore,Protect,SludgeBomb,RagePowder|||M|||50|,,,,,Water]Kyogre||MysticWater|Drizzle|WaterSpout,Protect,IceBeam,OriginPulse||||||50|,,,,,Grass]Landorus||LifeOrb|SheerForce|SandsearStorm,SludgeBomb,EarthPower,Protect|||M|||50|,,,,,Water\n|\n|t:|1746050487\n|start\n|switch|p1a: Calyrex|Calyrex-Shadow, L50|100/100\n|switch|p1b: Rillaboom|Rillaboom, L50, F|100/100\n|switch|p2a: Amoonguss|Amoonguss, L50, M|100/100\n|switch|p2b: Lunala|Lunala, L50|100/100\n|-ability|p1a: Calyrex|As One\n|-ability|p1a: Calyrex|Unnerve\n|-fieldstart|move: Grassy Terrain|[from] ability: Grassy Surge|[of] p1b: Rillaboom\n|turn|1\n|\n|t:|1746050528\n|-terastallize|p1a: Calyrex|Dark\n|-terastallize|p2b: Lunala|Dark\n|move|p2a: Amoonguss|Protect|p2a: Amoonguss\n|-singleturn|p2a: Amoonguss|Protect\n|move|p1b: Rillaboom|Grassy Glide|p2a: Amoonguss\n|-activate|p2a: Amoonguss|move: Protect\n|move|p1a: Calyrex|Psychic|p2a: Amoonguss\n|-activate|p2a: Amoonguss|move: Protect\n|move|p2b: Lunala|Trick Room|p2b: Lunala\n|-fieldstart|move: Trick Room|[of] p2b: Lunala\n|\n|upkeep\n|turn|2\n|\n|t:|1746050582\n|switch|p1a: Chi-Yu|Chi-Yu, L50|100/100\n|-ability|p1a: Chi-Yu|Beads of Ruin\n|move|p2a: Amoonguss|Spore|p1a: Chi-Yu\n|-status|p1a: Chi-Yu|slp|[from] move: Spore\n|move|p1b: Rillaboom|U-turn|p2a: Amoonguss\n|-damage|p2a: Amoonguss|77/100\n|\n|t:|1746050592\n|switch|p1b: Clefairy|Clefairy, L50, F|100/100|[from] U-turn\n|move|p2b: Lunala|Moongeist Beam|p1b: Clefairy\n|-damage|p1b: Clefairy|52/100\n|\n|-heal|p2a: Amoonguss|83/100|[from] Grassy Terrain\n|-heal|p1b: Clefairy|59/100|[from] Grassy Terrain\n|upkeep\n|turn|3\n|\n|t:|1746050604\n|switch|p1b: Rillaboom|Rillaboom, L50, F|100/100\n|switch|p2b: Kyogre|Kyogre, L50|100/100\n|-weather|RainDance|[from] ability: Drizzle|[of] p2b: Kyogre\n|move|p2a: Amoonguss|Spore|p1b: Rillaboom\n|-immune|p1b: Rillaboom\n|cant|p1a: Chi-Yu|slp\n|\n|-weather|RainDance|[upkeep]\n|-heal|p2a: Amoonguss|89/100|[from] Grassy Terrain\n|upkeep\n|turn|4\n|\n|t:|1746050653\n|switch|p2a: Landorus|Landorus, L50, M|100/100\n|move|p2b: Kyogre|Protect|p2b: Kyogre\n|-singleturn|p2b: Kyogre|Protect\n|move|p1b: Rillaboom|Wood Hammer|p2b: Kyogre\n|-activate|p2b: Kyogre|move: Protect\n|-curestatus|p1a: Chi-Yu|slp|[msg]\n|move|p1a: Chi-Yu|Heat Wave|p2b: Kyogre|[spread] p2a\n|-activate|p2b: Kyogre|move: Protect\n|-damage|p2a: Landorus|75/100\n|\n|-weather|RainDance|[upkeep]\n|upkeep\n|turn|5\n|\n|t:|1746050677\n|switch|p1a: Clefairy|Clefairy, L50, F|59/100\n|move|p1b: Rillaboom|Wood Hammer|p2b: Kyogre\n|-supereffective|p2b: Kyogre\n|-damage|p2b: Kyogre|0 fnt\n|faint|p2b: Kyogre\n|-damage|p1b: Rillaboom|67/100|[from] Recoil\n|move|p2a: Landorus|Sandsear Storm|p1b: Rillaboom|[spread] p1a,p1b\n|-resisted|p1b: Rillaboom\n|-damage|p1a: Clefairy|15/100\n|-damage|p1b: Rillaboom|52/100\n|\n|-weather|RainDance|[upkeep]\n|-heal|p1a: Clefairy|21/100|[from] Grassy Terrain\n|-heal|p1b: Rillaboom|58/100|[from] Grassy Terrain\n|-fieldend|move: Trick Room\n|-fieldend|move: Grassy Terrain\n|upkeep\n|\n|t:|1746050690\n|switch|p2b: Lunala|Lunala, L50, tera:Dark|100/100\n|turn|6\n|\n|t:|1746050703\n|move|p2a: Landorus|Protect|p2a: Landorus\n|-singleturn|p2a: Landorus|Protect\n|move|p1a: Clefairy|Protect|p1a: Clefairy\n|-singleturn|p1a: Clefairy|Protect\n|move|p1b: Rillaboom|U-turn|p2b: Lunala\n|-supereffective|p2b: Lunala\n|-damage|p2b: Lunala|83/100\n|\n|t:|1746050711\n|switch|p1b: Calyrex|Calyrex-Shadow, L50, tera:Dark|100/100|[from] U-turn\n|-ability|p1b: Calyrex|As One\n|-ability|p1b: Calyrex|Unnerve\n|move|p2b: Lunala|Trick Room|p2b: Lunala\n|-fieldstart|move: Trick Room|[of] p2b: Lunala\n|\n|-weather|RainDance|[upkeep]\n|-heal|p2b: Lunala|89/100|[from] item: Leftovers\n|upkeep\n|turn|7\n|\n|t:|1746050730\n|move|p2b: Lunala|Wide Guard|p2b: Lunala\n|-singleturn|p2b: Lunala|Wide Guard\n|move|p1a: Clefairy|After You|p1b: Calyrex\n|-activate|p1b: Calyrex|move: After You\n|move|p1b: Calyrex|Psychic|p2a: Landorus\n|-damage|p2a: Landorus|0 fnt\n|faint|p2a: Landorus\n|-ability|p1b: Calyrex|Grim Neigh|boost\n|-boost|p1b: Calyrex|spa|1\n|-damage|p1b: Calyrex|91/100|[from] item: Life Orb\n|\n|-weather|none\n|-heal|p2b: Lunala|95/100|[from] item: Leftovers\n|upkeep\n|\n|t:|1746050737\n|switch|p2a: Amoonguss|Amoonguss, L50, M|100/100\n|turn|8\n|\n|t:|1746050757\n|switch|p1b: Rillaboom|Rillaboom, L50, F|58/100\n|-fieldstart|move: Grassy Terrain|[from] ability: Grassy Surge|[of] p1b: Rillaboom\n|move|p2a: Amoonguss|Spore|p1b: Rillaboom\n|-immune|p1b: Rillaboom\n|move|p1a: Clefairy|Life Dew|p1a: Clefairy|[spread] p1a,p1b\n|-heal|p1a: Clefairy|46/100\n|-heal|p1b: Rillaboom|84/100\n|move|p2b: Lunala|Moongeist Beam|p1b: Rillaboom\n|-damage|p1b: Rillaboom|51/100\n|\n|-heal|p1a: Clefairy|52/100|[from] Grassy Terrain\n|-heal|p1b: Rillaboom|57/100|[from] Grassy Terrain\n|-heal|p2b: Lunala|100/100|[from] Grassy Terrain\n|upkeep\n|turn|9\n|\n|t:|1746050788\n|move|p1b: Rillaboom|Fake Out|p2b: Lunala\n|-damage|p2b: Lunala|95/100\n|move|p2a: Amoonguss|Sludge Bomb|p1b: Rillaboom\n|-supereffective|p1b: Rillaboom\n|-damage|p1b: Rillaboom|34/100\n|move|p1a: Clefairy|Life Dew|p1a: Clefairy|[spread] p1a,p1b\n|-heal|p1a: Clefairy|77/100\n|-heal|p1b: Rillaboom|60/100\n|cant|p2b: Lunala|flinch\n|\n|-heal|p1a: Clefairy|83/100|[from] Grassy Terrain\n|-heal|p1b: Rillaboom|66/100|[from] Grassy Terrain\n|-heal|p2b: Lunala|100/100|[from] Grassy Terrain\n|upkeep\n|turn|10\n|\n|t:|1746050811\n|move|p1a: Clefairy|Protect|p1a: Clefairy\n|-singleturn|p1a: Clefairy|Protect\n|move|p2a: Amoonguss|Sludge Bomb|p1b: Rillaboom\n|-supereffective|p1b: Rillaboom\n|-damage|p1b: Rillaboom|41/100\n|move|p1b: Rillaboom|U-turn|p2b: Lunala\n|-supereffective|p2b: Lunala\n|-damage|p2b: Lunala|81/100\n|\n|t:|1746050822\n|switch|p1b: Chi-Yu|Chi-Yu, L50|100/100|[from] U-turn\n|-ability|p1b: Chi-Yu|Beads of Ruin\n|move|p2b: Lunala|Moongeist Beam|p1a: Clefairy\n|-activate|p1a: Clefairy|move: Protect\n|\n|-heal|p1a: Clefairy|89/100|[from] Grassy Terrain\n|-heal|p2b: Lunala|87/100|[from] Grassy Terrain\n|-heal|p2b: Lunala|93/100|[from] item: Leftovers\n|-fieldend|move: Trick Room\n|upkeep\n|turn|11\n|-message|jacobomega forfeited.\n|\n|win|FatassPansexual\n|raw|FatassPansexual's rating: 1077 &rarr; <strong>1110</strong><br />(+33 for winning)\n|raw|jacobomega's rating: 1135 &rarr; <strong>1106</strong><br />(-29 for losing)\n|l|\u2606jacobomega\n|player|p2|\n", "uploadtime": 1746050851, "views": 28, "formatid": "gen9vgc2025regibo3", "rating": 1106, "private": 0, "password": null}