{"id": "gen9vgc2025regibo3-2353840132", "format": "[Gen 9] VGC 2025 Reg I (Bo3)", "players": ["Black urshifu stan", "jit444"], "log": "|j|\u2606Black urshifu stan\n|j|\u2606jit444\n|html|<table width=\"100%\"><tr><td align=\"left\">Black urshifu stan</td><td align=\"right\">jit444</tr><tr><td align=\"left\"><i class=\"fa fa-circle\"></i> <i class=\"fa fa-circle-o\"></i> </td><td align=\"right\"><i class=\"fa fa-circle-o\"></i> <i class=\"fa fa-circle-o\"></i> </tr></table>\n|uhtml|bestof|<h2><strong>Game 2</strong> of <a href=\"/game-bestof3-gen9vgc2025regibo3-2353839238\">a best-of-3</a></h2>\n|t:|1746008568\n|gametype|doubles\n|player|p1|Black urshifu stan|265|1329\n|player|p2|jit444|dawn|1390\n|teamsize|p1|6\n|teamsize|p2|6\n|gen|9\n|tier|[Gen 9] VGC 2025 Reg I (Bo3)\n|rated|\n|rule|Species Clause: Limit one of each Pok\u00e9mon\n|rule|Item Clause: Limit 1 of each item\n|clearpoke\n|poke|p1|Zamazenta-*, L50|\n|poke|p1|Iron Hands, L50|\n|poke|p1|Volcarona, L50, F|\n|poke|p1|Miraidon, L50|\n|poke|p1|Grimmsnarl, L50, M|\n|poke|p1|Ditto, L50|\n|poke|p2|Zamazenta-*, L50|\n|poke|p2|Calyrex-Shadow, L50|\n|poke|p2|Tornadus, L50, M|\n|poke|p2|Urshifu-*, L50, M|\n|poke|p2|Rillaboom, L50, M|\n|poke|p2|Chien-Pao, L50|\n|teampreview|4\n|showteam|p1|Zamazenta-Crowned||RustedShield|DauntlessShield|BodyPress,HeavySlam,WideGuard,Protect||||||50|,,,,,Dragon]Iron Hands||AssaultVest|QuarkDrive|DrainPunch,WildCharge,LowKick,FakeOut||||||50|,,,,,Water]Volcarona||SitrusBerry|FlameBody|FieryDance,QuiverDance,GigaDrain,Protect|||F|||50|,,,,,Grass]Miraidon||ChoiceSpecs|HadronEngine|ElectroDrift,DracoMeteor,DazzlingGleam,VoltSwitch||||||50|,,,,,Fairy]Grimmsnarl||LightClay|Prankster|FoulPlay,ThunderWave,LightScreen,Reflect|||M|||50|,,,,,Ghost]Ditto||FocusSash|Imposter|Transform||||||50|,,,,,Normal\n|showteam|p2|Zamazenta-Crowned||RustedShield|DauntlessShield|BodyPress,HeavySlam,WideGuard,Protect||||||50|,,,,,Ghost]Calyrex-Shadow||FocusSash|AsOneSpectrier|AstralBarrage,Psychic,Encore,Protect||||||50|,,,,,Ghost]Tornadus||RockyHelmet|Prankster|BleakwindStorm,Tailwind,RainDance,Protect|||M|||50|,,,,,Dark]Urshifu-Rapid-Strike||MysticWater|UnseenFist|SurgingStrikes,CloseCombat,AquaJet,Detect|||M|||50|,,,,,Water]Rillaboom||AssaultVest|GrassySurge|WoodHammer,GrassyGlide,Uturn,FakeOut|||M|||50|,,,,,Fire]Chien-Pao||LifeOrb|SwordofRuin|SuckerPunch,IcicleCrash,IceShard,Protect||||||50|,,,,,Stellar\n|inactive|Battle timer is ON: inactive players will automatically lose when time's up. (requested by Black urshifu stan)\n|inactive|jit444 has 60 seconds left.\n|\n|t:|1746008616\n|start\n|switch|p1a: Miraidon|Miraidon, L50|100/100\n|switch|p1b: Grimmsnarl|Grimmsnarl, L50, M|100/100\n|switch|p2a: Calyrex|Calyrex-Shadow, L50|100/100\n|switch|p2b: Rillaboom|Rillaboom, L50, M|100/100\n|-ability|p2a: Calyrex|As One\n|-ability|p2a: Calyrex|Unnerve\n|-fieldstart|move: Electric Terrain|[from] ability: Hadron Engine|[of] p1a: Miraidon\n|-fieldstart|move: Grassy Terrain|[from] ability: Grassy Surge|[of] p2b: Rillaboom\n|turn|1\n|inactive|jit444 has 30 seconds left.\n|\n|t:|1746008641\n|switch|p1a: Iron Hands|Iron Hands, L50|100/100\n|move|p2b: Rillaboom|Fake Out|p1a: Iron Hands\n|-damage|p1a: Iron Hands|91/100\n|move|p1b: Grimmsnarl|Light Screen|p1b: Grimmsnarl\n|-sidestart|p1: Black urshifu stan|move: Light Screen\n|move|p2a: Calyrex|Encore|p1b: Grimmsnarl\n|-start|p1b: Grimmsnarl|Encore\n|\n|-heal|p1a: Iron Hands|97/100|[from] Grassy Terrain\n|upkeep\n|turn|2\n|\n|t:|1746008661\n|switch|p1b: Zamazenta|Zamazenta-Crowned, L50|100/100\n|-ability|p1b: Zamazenta|Dauntless Shield|boost\n|-boost|p1b: Zamazenta|def|1\n|move|p2a: Calyrex|Psychic|p1a: Iron Hands\n|-supereffective|p1a: Iron Hands\n|-damage|p1a: Iron Hands|58/100\n|move|p2b: Rillaboom|U-turn|p1b: Zamazenta\n|-resisted|p1b: Zamazenta\n|-damage|p1b: Zamazenta|98/100\n|\n|t:|1746008669\n|switch|p2b: Zamazenta|Zamazenta-Crowned, L50|100/100|[from] U-turn\n|-ability|p2b: Zamazenta|Dauntless Shield|boost\n|-boost|p2b: Zamazenta|def|1\n|move|p1a: Iron Hands|Wild Charge|p2a: Calyrex\n|-damage|p2a: Calyrex|36/100\n|-damage|p1a: Iron Hands|46/100|[from] Recoil\n|\n|-heal|p2a: Calyrex|42/100|[from] Grassy Terrain\n|-heal|p1b: Zamazenta|100/100|[from] Grassy Terrain\n|-heal|p1a: Iron Hands|52/100|[from] Grassy Terrain\n|upkeep\n|turn|3\n|inactive|jit444 has 30 seconds left.\n|\n|t:|1746008697\n|-terastallize|p1b: Zamazenta|Dragon\n|-terastallize|p2b: Zamazenta|Ghost\n|move|p2a: Calyrex|Protect|p2a: Calyrex\n|-singleturn|p2a: Calyrex|Protect\n|move|p1b: Zamazenta|Heavy Slam|p2a: Calyrex\n|-activate|p2a: Calyrex|move: Protect\n|move|p2b: Zamazenta|Body Press|p1b: Zamazenta\n|-damage|p1b: Zamazenta|72/100\n|move|p1a: Iron Hands|Low Kick|p2b: Zamazenta\n|-immune|p2b: Zamazenta\n|\n|-heal|p2a: Calyrex|48/100|[from] Grassy Terrain\n|-heal|p1b: Zamazenta|78/100|[from] Grassy Terrain\n|-heal|p1a: Iron Hands|58/100|[from] Grassy Terrain\n|upkeep\n|turn|4\n|inactive|jit444 has 30 seconds left.\n|inactive|jit444 has 20 seconds left.\n|inactive|jit444 has 15 seconds left.\n|inactive|jit444 has 10 seconds left.\n|inactive|jit444 has 5 seconds left.\n|\n|t:|1746008748\n|switch|p2a: Urshifu|Urshifu-Rapid-Strike, L50, M|100/100\n|-end|p1a: Iron Hands|Quark Drive|[silent]\n|switch|p1a: Grimmsnarl|Grimmsnarl, L50, M|100/100\n|move|p1b: Zamazenta|Heavy Slam|p2a: Urshifu\n|-resisted|p2a: Urshifu\n|-damage|p2a: Urshifu|77/100\n|move|p2b: Zamazenta|Body Press|p1a: Grimmsnarl\n|-damage|p1a: Grimmsnarl|33/100\n|\n|-heal|p1b: Zamazenta|84/100|[from] Grassy Terrain\n|-heal|p2a: Urshifu|83/100|[from] Grassy Terrain\n|-heal|p1a: Grimmsnarl|39/100|[from] Grassy Terrain\n|upkeep\n|turn|5\n|\n|t:|1746008767\n|move|p1a: Grimmsnarl|Reflect|p1a: Grimmsnarl\n|-sidestart|p1: Black urshifu stan|Reflect\n|move|p1b: Zamazenta|Body Press|p2a: Urshifu\n|-damage|p2a: Urshifu|4/100\n|move|p2b: Zamazenta|Body Press|p1b: Zamazenta\n|-damage|p1b: Zamazenta|62/100\n|move|p2a: Urshifu|Surging Strikes|p1a: Grimmsnarl\n|-crit|p1a: Grimmsnarl\n|-damage|p1a: Grimmsnarl|13/100\n|-crit|p1a: Grimmsnarl\n|-damage|p1a: Grimmsnarl|0 fnt\n|faint|p1a: Grimmsnarl\n|-hitcount|p1: Grimmsnarl|2\n|\n|-heal|p1b: Zamazenta|68/100|[from] Grassy Terrain\n|-heal|p2a: Urshifu|11/100|[from] Grassy Terrain\n|-fieldend|move: Grassy Terrain\n|upkeep\n|\n|t:|1746008777\n|switch|p1a: Miraidon|Miraidon, L50|100/100\n|-fieldstart|move: Electric Terrain|[from] ability: Hadron Engine|[of] p1a: Miraidon\n|turn|6\n|inactive|jit444 has 30 seconds left.\n|\n|t:|1746008805\n|move|p1b: Zamazenta|Protect|p1b: Zamazenta\n|-singleturn|p1b: Zamazenta|Protect\n|move|p2b: Zamazenta|Protect|p2b: Zamazenta\n|-singleturn|p2b: Zamazenta|Protect\n|move|p2a: Urshifu|Aqua Jet|p1a: Miraidon\n|-resisted|p1a: Miraidon\n|-damage|p1a: Miraidon|90/100\n|move|p1a: Miraidon|Volt Switch|p2b: Zamazenta\n|-activate|p2b: Zamazenta|move: Protect\n|\n|upkeep\n|turn|7\n|\n|t:|1746008824\n|switch|p2a: Rillaboom|Rillaboom, L50, M|100/100\n|-fieldstart|move: Grassy Terrain|[from] ability: Grassy Surge|[of] p2a: Rillaboom\n|move|p1a: Miraidon|Volt Switch|p2b: Zamazenta\n|-damage|p2b: Zamazenta|62/100\n|\n|t:|1746008831\n|switch|p1a: Iron Hands|Iron Hands, L50|58/100|[from] Volt Switch\n|move|p1b: Zamazenta|Body Press|p2a: Rillaboom\n|-damage|p2a: Rillaboom|32/100\n|move|p2b: Zamazenta|Body Press|p1a: Iron Hands\n|-damage|p1a: Iron Hands|26/100\n|\n|-heal|p1b: Zamazenta|74/100|[from] Grassy Terrain\n|-heal|p2b: Zamazenta|68/100|[from] Grassy Terrain\n|-heal|p2a: Rillaboom|38/100|[from] Grassy Terrain\n|-heal|p1a: Iron Hands|32/100|[from] Grassy Terrain\n|upkeep\n|turn|8\n|\n|t:|1746008844\n|move|p2a: Rillaboom|Fake Out|p1b: Zamazenta\n|-damage|p1b: Zamazenta|70/100\n|cant|p1b: Zamazenta|flinch\n|move|p2b: Zamazenta|Body Press|p1a: Iron Hands\n|-damage|p1a: Iron Hands|0 fnt\n|faint|p1a: Iron Hands\n|-end|p1a: Iron Hands|Quark Drive|[silent]\n|\n|-heal|p1b: Zamazenta|76/100|[from] Grassy Terrain\n|-heal|p2b: Zamazenta|74/100|[from] Grassy Terrain\n|-heal|p2a: Rillaboom|44/100|[from] Grassy Terrain\n|-sideend|p1: Black urshifu stan|move: Light Screen\n|upkeep\n|\n|t:|1746008847\n|switch|p1a: Miraidon|Miraidon, L50|90/100\n|-fieldstart|move: Electric Terrain|[from] ability: Hadron Engine|[of] p1a: Miraidon\n|turn|9\n|\n|t:|1746008854\n|switch|p2a: Urshifu|Urshifu-Rapid-Strike, L50, M|11/100\n|move|p2b: Zamazenta|Protect|p2b: Zamazenta\n|-singleturn|p2b: Zamazenta|Protect\n|move|p1a: Miraidon|Electro Drift|p2b: Zamazenta\n|-activate|p2b: Zamazenta|move: Protect\n|move|p1b: Zamazenta|Body Press|p2a: Urshifu\n|-damage|p2a: Urshifu|0 fnt\n|faint|p2a: Urshifu\n|\n|upkeep\n|\n|t:|1746008864\n|switch|p2a: Rillaboom|Rillaboom, L50, M|44/100\n|-fieldstart|move: Grassy Terrain|[from] ability: Grassy Surge|[of] p2a: Rillaboom\n|turn|10\n|\n|t:|1746008876\n|move|p2a: Rillaboom|Fake Out|p1a: Miraidon\n|-damage|p1a: Miraidon|81/100\n|cant|p1a: Miraidon|flinch\n|move|p1b: Zamazenta|Body Press|p2a: Rillaboom\n|-damage|p2a: Rillaboom|0 fnt\n|faint|p2a: Rillaboom\n|move|p2b: Zamazenta|Body Press|p1a: Miraidon\n|-damage|p1a: Miraidon|32/100\n|\n|-heal|p1a: Miraidon|38/100|[from] Grassy Terrain\n|-heal|p1b: Zamazenta|82/100|[from] Grassy Terrain\n|-heal|p2b: Zamazenta|80/100|[from] Grassy Terrain\n|upkeep\n|\n|t:|1746008885\n|switch|p2a: Calyrex|Calyrex-Shadow, L50|48/100\n|-ability|p2a: Calyrex|As One\n|-ability|p2a: Calyrex|Unnerve\n|turn|11\n|\n|t:|1746008905\n|move|p1b: Zamazenta|Wide Guard|p1b: Zamazenta\n|-singleturn|p1b: Zamazenta|Wide Guard\n|move|p2a: Calyrex|Psychic|p1a: Miraidon\n|-damage|p1a: Miraidon|0 fnt\n|faint|p1a: Miraidon\n|-ability|p2a: Calyrex|Grim Neigh|boost\n|-boost|p2a: Calyrex|spa|1\n|move|p2b: Zamazenta|Body Press|p1b: Zamazenta\n|-damage|p1b: Zamazenta|61/100\n|\n|-heal|p2a: Calyrex|54/100|[from] Grassy Terrain\n|-heal|p1b: Zamazenta|67/100|[from] Grassy Terrain\n|-heal|p2b: Zamazenta|86/100|[from] Grassy Terrain\n|upkeep\n|turn|12\n|-message|Black urshifu stan forfeited.\n|\n|win|jit444\n|l|\u2606Black urshifu stan\n|player|p1|\n||jit444 is ready for game 3.\n||Black urshifu stan is ready for game 3.\n|uhtml|next|Next: <a href=\"/battle-gen9vgc2025regibo3-2353842375\"><strong>Game 3 of 3</strong></a>\n|l|\u2606jit444\n|player|p2|\n", "uploadtime": 1746009309, "views": 6, "formatid": "gen9vgc2025regibo3", "rating": null, "private": 0, "password": null}