{"id": "gen9vgc2025regibo3-2353751422", "format": "[Gen 9] VGC 2025 Reg I (Bo3)", "players": ["miniat", "vidhay"], "log": "|j|\u2606miniat\n|j|\u2606vidhay\n|html|<table width=\"100%\"><tr><td align=\"left\">miniat</td><td align=\"right\">vidhay</tr><tr><td align=\"left\"><i class=\"fa fa-circle-o\"></i> <i class=\"fa fa-circle-o\"></i> </td><td align=\"right\"><i class=\"fa fa-circle-o\"></i> <i class=\"fa fa-circle-o\"></i> </tr></table>\n|uhtml|bestof|<h2><strong>Game 1</strong> of <a href=\"/game-bestof3-gen9vgc2025regibo3-2353751420\">a best-of-3</a></h2>\n|t:|1745993814\n|gametype|doubles\n|player|p1|miniat|cress|1207\n|player|p2|vidhay|169|1169\n|teamsize|p1|6\n|teamsize|p2|6\n|gen|9\n|tier|[Gen 9] VGC 2025 Reg I (Bo3)\n|rated|\n|rule|Species Clause: Limit one of each Pok\u00e9mon\n|rule|Item Clause: Limit 1 of each item\n|clearpoke\n|poke|p1|Lunala, L50|\n|poke|p1|Groudon, L50|\n|poke|p1|Jumpluff, L50, M|\n|poke|p1|Indeedee-F, L50, F|\n|poke|p1|Ogerpon-Hearthflame, L50, F|\n|poke|p1|Walking Wake, L50|\n|poke|p2|Ditto, L50|\n|poke|p2|Calyrex-Shadow, L50|\n|poke|p2|Clefairy, L50, F|\n|poke|p2|Terapagos, L50, M|\n|poke|p2|Flutter Mane, L50|\n|poke|p2|Urshifu-*, L50, F|\n|teampreview|4\n|showteam|p1|Lunala||PowerHerb|ShadowShield|MeteorBeam,ExpandingForce,TrickRoom,MoongeistBeam||||||50|,,,,,Water]Groudon||ClearAmulet|Drought|HighHorsepower,PrecipiceBlades,HeatCrash,Protect||||||50|,,,,,Fire]Jumpluff||CovertCloak|Chlorophyll|Tailwind,Encore,SleepPowder,Charm|||M|||50|,,,,,Dark]Indeedee-F||PsychicSeed|PsychicSurge|TrickRoom,FollowMe,HelpingHand,AlluringVoice|||F|||50|,,,,,Grass]Ogerpon-Hearthflame||HearthflameMask|MoldBreaker|IvyCudgel,FollowMe,WoodHammer,SpikyShield|||F|||50|,,,,,Fire]Walking Wake||LifeOrb|Protosynthesis|HydroSteam,DracoMeteor,Protect,Snarl||||||50|,,,,,Fairy\n|showteam|p2|Ditto||ChoiceScarf|Imposter|Transform||||||50|,,,,,Stellar]Calyrex-Shadow||ChoiceSpecs|AsOneSpectrier|Psyshock,TeraBlast,DrainingKiss,AstralBarrage||||||50|,,,,,Stellar]Clefairy||Eviolite|FriendGuard|AfterYou,Protect,FollowMe,HelpingHand|||F|||50|,,,,,Steel]Terapagos||Leftovers|TeraShift|CalmMind,TeraStarstorm,Protect,EarthPower|||M|||50|,,,,,Stellar]Flutter Mane||BoosterEnergy|Protosynthesis|DazzlingGleam,ShadowBall,IcyWind,Protect||||||50|,,,,,Fairy]Urshifu||FocusSash|UnseenFist|WickedBlow,SuckerPunch,CloseCombat,Protect|||F|||50|,,,,,Dark\n|inactive|Battle timer is ON: inactive players will automatically lose when time's up. (requested by vidhay)\n|inactive|miniat has 60 seconds left.\n|inactive|vidhay has 60 seconds left.\n|inactive|vidhay has 30 seconds left.\n|\n|t:|1745993877\n|start\n|switch|p1a: Groudon|Groudon, L50|100/100\n|switch|p1b: Jumpluff|Jumpluff, L50, M|100/100\n|switch|p2a: Calyrex|Calyrex-Shadow, L50|100/100\n|switch|p2b: Clefairy|Clefairy, L50, F|100/100\n|-ability|p2a: Calyrex|As One\n|-ability|p2a: Calyrex|Unnerve\n|-weather|SunnyDay|[from] ability: Drought|[of] p1a: Groudon\n|turn|1\n|inactive|miniat has 30 seconds left.\n|\n|t:|1745993904\n|-terastallize|p1b: Jumpluff|Dark\n|-terastallize|p2a: Calyrex|Stellar\n|move|p1a: Groudon|Protect|p1a: Groudon\n|-singleturn|p1a: Groudon|Protect\n|move|p2b: Clefairy|Follow Me|p2b: Clefairy\n|-singleturn|p2b: Clefairy|move: Follow Me\n|move|p1b: Jumpluff|Sleep Powder|p2b: Clefairy\n|-status|p2b: Clefairy|slp|[from] move: Sleep Powder\n|move|p2a: Calyrex|Astral Barrage|p1b: Jumpluff|[spread] p1b\n|-activate|p1a: Groudon|move: Protect\n|-resisted|p1b: Jumpluff\n|-damage|p1b: Jumpluff|41/100\n|\n|-weather|SunnyDay|[upkeep]\n|upkeep\n|turn|2\n|\n|t:|1745993926\n|switch|p2a: Flutter Mane|Flutter Mane, L50|100/100\n|-activate|p2a: Flutter Mane|ability: Protosynthesis\n|-start|p2a: Flutter Mane|protosynthesisspe\n|switch|p1a: Indeedee|Indeedee-F, L50, F|100/100\n|-fieldstart|move: Psychic Terrain|[from] ability: Psychic Surge|[of] p1a: Indeedee\n|-enditem|p1a: Indeedee|Psychic Seed\n|-boost|p1a: Indeedee|spd|1|[from] item: Psychic Seed\n|cant|p2b: Clefairy|slp\n|move|p1b: Jumpluff|Sleep Powder|p2a: Flutter Mane\n|-status|p2a: Flutter Mane|slp|[from] move: Sleep Powder\n|\n|-weather|SunnyDay|[upkeep]\n|upkeep\n|turn|3\n|\n|t:|1745993949\n|switch|p1a: Groudon|Groudon, L50|100/100\n|-curestatus|p2b: Clefairy|slp|[msg]\n|move|p2b: Clefairy|Follow Me|p2b: Clefairy\n|-singleturn|p2b: Clefairy|move: Follow Me\n|move|p1b: Jumpluff|Tailwind|p1b: Jumpluff\n|-sidestart|p1: miniat|move: Tailwind\n|cant|p2a: Flutter Mane|slp\n|\n|-weather|SunnyDay|[upkeep]\n|upkeep\n|turn|4\n|\n|t:|1745993962\n|move|p2b: Clefairy|Protect|p2b: Clefairy\n|-singleturn|p2b: Clefairy|Protect\n|move|p1b: Jumpluff|Sleep Powder|p2b: Clefairy\n|-activate|p2b: Clefairy|move: Protect\n|cant|p2a: Flutter Mane|slp\n|move|p1a: Groudon|Precipice Blades|p2a: Flutter Mane|[spread] p2a\n|-activate|p2b: Clefairy|move: Protect\n|-damage|p2a: Flutter Mane|24/100 slp\n|\n|-weather|SunnyDay|[upkeep]\n|upkeep\n|turn|5\n|\n|t:|1745993979\n|switch|p1b: Indeedee|Indeedee-F, L50, F|100/100\n|move|p2b: Clefairy|Follow Me|p2b: Clefairy\n|-singleturn|p2b: Clefairy|move: Follow Me\n|cant|p2a: Flutter Mane|slp\n|move|p1a: Groudon|Precipice Blades|p2b: Clefairy|[spread] p2a\n|-miss|p1a: Groudon|p2b: Clefairy\n|-damage|p2a: Flutter Mane|0 fnt\n|faint|p2a: Flutter Mane\n|-end|p2a: Flutter Mane|Protosynthesis|[silent]\n|\n|-weather|none\n|upkeep\n|\n|t:|1745994000\n|switch|p2a: Urshifu|Urshifu, L50, F|100/100\n|turn|6\n|\n|t:|1745994017\n|switch|p1a: Jumpluff|Jumpluff, L50, M, tera:Dark|41/100\n|move|p2b: Clefairy|Helping Hand|p2a: Urshifu\n|-singleturn|p2a: Urshifu|Helping Hand|[of] p2b: Clefairy\n|move|p1b: Indeedee|Alluring Voice|p2a: Urshifu\n|-supereffective|p2a: Urshifu\n|-damage|p2a: Urshifu|11/100\n|move|p2a: Urshifu|Wicked Blow|p1b: Indeedee\n|-supereffective|p1b: Indeedee\n|-crit|p1b: Indeedee\n|-damage|p1b: Indeedee|0 fnt\n|faint|p1b: Indeedee\n|\n|-sideend|p1: miniat|move: Tailwind\n|-fieldend|move: Psychic Terrain\n|upkeep\n|\n|t:|1745994020\n|switch|p1b: Groudon|Groudon, L50|100/100\n|-weather|SunnyDay|[from] ability: Drought|[of] p1b: Groudon\n|turn|7\n|\n|t:|1745994036\n|move|p2b: Clefairy|Follow Me|p2b: Clefairy\n|-singleturn|p2b: Clefairy|move: Follow Me\n|move|p1a: Jumpluff|Tailwind|p1a: Jumpluff\n|-sidestart|p1: miniat|move: Tailwind\n|move|p1b: Groudon|Precipice Blades|p2a: Urshifu|[spread] p2a,p2b\n|-damage|p2a: Urshifu|0 fnt\n|-damage|p2b: Clefairy|53/100\n|faint|p2a: Urshifu\n|\n|-weather|SunnyDay|[upkeep]\n|upkeep\n|\n|t:|1745994043\n|switch|p2a: Calyrex|Calyrex-Shadow, L50, tera:Stellar|100/100\n|-ability|p2a: Calyrex|As One\n|-ability|p2a: Calyrex|Unnerve\n|turn|8\n|\n|t:|1745994065\n|move|p2b: Clefairy|Follow Me|p2b: Clefairy\n|-singleturn|p2b: Clefairy|move: Follow Me\n|move|p1a: Jumpluff|Sleep Powder|p2b: Clefairy\n|-status|p2b: Clefairy|slp|[from] move: Sleep Powder\n|move|p1b: Groudon|Heat Crash|p2b: Clefairy\n|-damage|p2b: Clefairy|0 fnt\n|faint|p2b: Clefairy\n|move|p2a: Calyrex|Astral Barrage|p1a: Jumpluff|[spread] p1a,p1b\n|-resisted|p1a: Jumpluff\n|-damage|p1a: Jumpluff|2/100\n|-damage|p1b: Groudon|21/100\n|\n|-weather|SunnyDay|[upkeep]\n|upkeep\n|turn|9\n|\n|t:|1745994076\n|move|p1a: Jumpluff|Sleep Powder|p2a: Calyrex|[miss]\n|-miss|p1a: Jumpluff|p2a: Calyrex\n|move|p1b: Groudon|Heat Crash|p2a: Calyrex\n|-damage|p2a: Calyrex|11/100\n|move|p2a: Calyrex|Astral Barrage|p1b: Groudon|[spread] p1a,p1b\n|-resisted|p1a: Jumpluff\n|-damage|p1a: Jumpluff|0 fnt\n|-damage|p1b: Groudon|0 fnt\n|faint|p1a: Jumpluff\n|faint|p1b: Groudon\n|-ability|p2a: Calyrex|Grim Neigh|boost\n|-boost|p2a: Calyrex|spa|2\n|\n|-weather|SunnyDay|[upkeep]\n|upkeep\n|\n|t:|1745994078\n|switch|p1b: Ogerpon|Ogerpon-Hearthflame, L50, F|100/100\n|-ability|p1b: Ogerpon|Mold Breaker\n|turn|10\n|\n|t:|1745994082\n|move|p1b: Ogerpon|Ivy Cudgel|p2a: Calyrex|[anim] Ivy Cudgel Fire\n|-damage|p2a: Calyrex|0 fnt\n|faint|p2a: Calyrex\n|\n|win|miniat\n||vidhay is ready for game 2.\n||miniat is ready for game 2.\n|uhtml|next|Next: <a href=\"/battle-gen9vgc2025regibo3-2353752947\"><strong>Game 2 of 3</strong></a>\n|l|\u2606vidhay\n|player|p2|\n", "uploadtime": 1745994366, "views": 5, "formatid": "gen9vgc2025regibo3", "rating": null, "private": 0, "password": null}