{"id": "gen9vgc2025regibo3-2354526240", "format": "[Gen 9] VGC 2025 Reg I (Bo3)", "players": ["Pickedman", "thatsszabrow!"], "log": "|j|\u2606Pickedman\n|j|\u2606thatsszabrow!\n|html|<table width=\"100%\"><tr><td align=\"left\">Pickedman</td><td align=\"right\">thatsszabrow!</tr><tr><td align=\"left\"><i class=\"fa fa-circle\"></i> <i class=\"fa fa-circle-o\"></i> </td><td align=\"right\"><i class=\"fa fa-circle-o\"></i> <i class=\"fa fa-circle-o\"></i> </tr></table>\n|uhtml|bestof|<h2><strong>Game 2</strong> of <a href=\"/game-bestof3-gen9vgc2025regibo3-2354524303\">a best-of-3</a></h2>\n|t:|1746087958\n|gametype|doubles\n|player|p1|Pickedman|zinnia-masters|1120\n|player|p2|thatsszabrow!|265|1092\n|teamsize|p1|6\n|teamsize|p2|6\n|gen|9\n|tier|[Gen 9] VGC 2025 Reg I (Bo3)\n|rated|\n|rule|Species Clause: Limit one of each Pok\u00e9mon\n|rule|Item Clause: Limit 1 of each item\n|clearpoke\n|poke|p1|Dondozo, L50, M|\n|poke|p1|Tatsugiri-Droopy, L50, F|\n|poke|p1|Ho-Oh, L50|\n|poke|p1|Eternatus, L50|\n|poke|p1|Ting-Lu, L50|\n|poke|p1|Ogerpon-Hearthflame, L50, F|\n|poke|p2|Calyrex-Ice, L50|\n|poke|p2|Smeargle, L50, F|\n|poke|p2|Indeedee-F, L50, F|\n|poke|p2|Urshifu-*, L50, M|\n|poke|p2|Raging Bolt, L50|\n|poke|p2|Groudon, L50|\n|teampreview|4\n|showteam|p1|Dondozo||Leftovers|Unaware|Protect,BodyPress,OrderUp,HeavySlam|||M|||50|,,,,,Grass]Tatsugiri-Droopy||SafetyGoggles|Commander|DracoMeteor,Taunt,Protect,MuddyWater|||F|||50|,,,,,Steel]Ho-Oh||RockyHelmet|Regenerator|SacredFire,Whirlwind,Recover,Protect||||||50|,,,,,Grass]Eternatus||BlackSludge|Pressure|DynamaxCannon,Recover,ToxicSpikes,Protect||||||50|,,,,,Fairy]Ting-Lu||AssaultVest|VesselofRuin|Ruination,HeavySlam,StompingTantrum,ThroatChop||||||50|,,,,,Fairy]Ogerpon-Hearthflame||HearthflameMask|MoldBreaker|IvyCudgel,SpikyShield,FollowMe,WoodHammer|||F|||50|,,,,,Fire\n|showteam|p2|Calyrex-Ice||ClearAmulet|AsOneGlastrier|TrickRoom,GlacialLance,HighHorsepower,Protect||||||50|,,,,,Water]Smeargle||FocusSash|Technician|FakeOut,Spore,Decorate,FollowMe|||F|||50|,,,,,Normal]Indeedee-F||SafetyGoggles|PsychicSurge|TrickRoom,FollowMe,Imprison,Psychic|||F|||50|,,,,,Dragon]Urshifu||ChoiceBand|UnseenFist|WickedBlow,PoisonJab,Uturn,CloseCombat|||M|||50|,,,,,Poison]Raging Bolt||BoosterEnergy|Protosynthesis|Thunderbolt,Thunderclap,DracoMeteor,Protect||||||50|,,,,,Fairy]Groudon||Leftovers|Drought|PrecipiceBlades,HeatCrash,Protect,ThunderPunch||||||50|,,,,,Fire\n|\n|t:|1746087974\n|start\n|switch|p1a: Eternatus|Eternatus, L50|100/100\n|switch|p1b: Ogerpon|Ogerpon-Hearthflame, L50, F|100/100\n|switch|p2a: Calyrex|Calyrex-Ice, L50|100/100\n|switch|p2b: Smeargle|Smeargle, L50, F|100/100\n|-ability|p2a: Calyrex|As One\n|-ability|p2a: Calyrex|Unnerve\n|-ability|p1a: Eternatus|Pressure\n|-ability|p1b: Ogerpon|Mold Breaker\n|turn|1\n|\n|t:|1746087994\n|move|p1a: Eternatus|Protect|p1a: Eternatus\n|-singleturn|p1a: Eternatus|Protect\n|move|p1b: Ogerpon|Spiky Shield|p1b: Ogerpon\n|-singleturn|p1b: Ogerpon|move: Protect\n|move|p2b: Smeargle|Fake Out|p1b: Ogerpon\n|-activate|p1b: Ogerpon|move: Protect\n|-damage|p2b: Smeargle|88/100|[from] Spiky Shield|[of] p1b: Ogerpon\n|move|p2a: Calyrex|Trick Room|p2a: Calyrex\n|-fieldstart|move: Trick Room|[of] p2a: Calyrex\n|\n|upkeep\n|turn|2\n|\n|t:|1746088020\n|move|p1b: Ogerpon|Follow Me|p1b: Ogerpon\n|-singleturn|p1b: Ogerpon|move: Follow Me\n|move|p2b: Smeargle|Decorate|p1b: Ogerpon\n|-boost|p1b: Ogerpon|atk|2\n|-boost|p1b: Ogerpon|spa|2\n|move|p2a: Calyrex|Glacial Lance|p1a: Eternatus|[spread] p1a,p1b\n|-supereffective|p1a: Eternatus\n|-damage|p1a: Eternatus|17/100\n|-damage|p1b: Ogerpon|53/100\n|move|p1a: Eternatus|Toxic Spikes|p2a: Calyrex\n|-sidestart|p2: thatsszabrow!|move: Toxic Spikes\n|\n|-heal|p1a: Eternatus|23/100|[from] item: Black Sludge\n|upkeep\n|turn|3\n|\n|t:|1746088033\n|move|p1b: Ogerpon|Spiky Shield|p1b: Ogerpon\n|-singleturn|p1b: Ogerpon|move: Protect\n|move|p1a: Eternatus|Protect|p1a: Eternatus\n|-singleturn|p1a: Eternatus|Protect\n|move|p2b: Smeargle|Decorate|p2a: Calyrex\n|-boost|p2a: Calyrex|atk|2\n|-boost|p2a: Calyrex|spa|2\n|move|p2a: Calyrex|Glacial Lance|p1b: Ogerpon|[spread] \n|-activate|p1a: Eternatus|move: Protect\n|-activate|p1b: Ogerpon|move: Protect\n|\n|-heal|p1a: Eternatus|29/100|[from] item: Black Sludge\n|upkeep\n|turn|4\n|\n|t:|1746088061\n|move|p1b: Ogerpon|Follow Me|p1b: Ogerpon\n|-singleturn|p1b: Ogerpon|move: Follow Me\n|move|p2b: Smeargle|Decorate|p1b: Ogerpon\n|-boost|p1b: Ogerpon|atk|2\n|-boost|p1b: Ogerpon|spa|2\n|move|p2a: Calyrex|Glacial Lance|p1b: Ogerpon|[spread] p1a,p1b\n|-supereffective|p1a: Eternatus\n|-damage|p1a: Eternatus|0 fnt\n|-damage|p1b: Ogerpon|0 fnt\n|faint|p1a: Eternatus\n|faint|p1b: Ogerpon\n|-ability|p2a: Calyrex|Chilling Neigh|boost\n|-boost|p2a: Calyrex|atk|2\n|\n|upkeep\n|\n|t:|1746088065\n|switch|p1b: Dondozo|Dondozo, L50, M|100/100\n|switch|p1a: Tatsugiri|Tatsugiri-Droopy, L50, F|100/100\n|-activate|p1a: Tatsugiri|ability: Commander|[of] p1b: Dondozo\n|-boost|p1b: Dondozo|atk|2\n|-boost|p1b: Dondozo|spa|2\n|-boost|p1b: Dondozo|spe|2\n|-boost|p1b: Dondozo|def|2\n|-boost|p1b: Dondozo|spd|2\n|turn|5\n|\n|t:|1746088081\n|move|p1b: Dondozo|Protect|p1b: Dondozo\n|-singleturn|p1b: Dondozo|Protect\n|move|p2b: Smeargle|Decorate|p2a: Calyrex\n|-boost|p2a: Calyrex|atk|2\n|-boost|p2a: Calyrex|spa|2\n|move|p2a: Calyrex|High Horsepower|p1b: Dondozo\n|-activate|p1b: Dondozo|move: Protect\n|\n|-fieldend|move: Trick Room\n|upkeep\n|turn|6\n|\n|t:|1746088115\n|move|p1b: Dondozo|Body Press|p2b: Smeargle\n|-supereffective|p2b: Smeargle\n|-crit|p2b: Smeargle\n|-damage|p2b: Smeargle|0 fnt\n|faint|p2b: Smeargle\n|move|p2a: Calyrex|Trick Room|p2a: Calyrex\n|-fieldstart|move: Trick Room|[of] p2a: Calyrex\n|\n|upkeep\n|\n|t:|1746088123\n|switch|p2b: Raging Bolt|Raging Bolt, L50|100/100\n|-status|p2b: Raging Bolt|psn\n|-enditem|p2b: Raging Bolt|Booster Energy\n|-activate|p2b: Raging Bolt|ability: Protosynthesis|[fromitem]\n|-start|p2b: Raging Bolt|protosynthesisspa\n|turn|7\n|\n|t:|1746088165\n|-terastallize|p2b: Raging Bolt|Fairy\n|-terastallize|p1b: Dondozo|Grass\n|move|p2a: Calyrex|Glacial Lance|p1a: Tatsugiri|[spread] p1b\n|-miss|p2a: Calyrex|p1a: Tatsugiri\n|-supereffective|p1b: Dondozo\n|-damage|p1b: Dondozo|72/100\n|move|p2b: Raging Bolt|Thunderbolt|p1b: Dondozo\n|-resisted|p1b: Dondozo\n|-damage|p1b: Dondozo|59/100\n|move|p1b: Dondozo|Order Up|p2a: Calyrex\n|-damage|p2a: Calyrex|76/100\n|-boost|p1b: Dondozo|def|1\n|\n|-heal|p1b: Dondozo|65/100|[from] item: Leftovers\n|-damage|p2b: Raging Bolt|88/100 psn|[from] psn\n|upkeep\n|turn|8\n|\n|t:|1746088205\n|move|p2a: Calyrex|Protect|p2a: Calyrex\n|-singleturn|p2a: Calyrex|Protect\n|move|p1b: Dondozo|Protect|p1b: Dondozo\n|-singleturn|p1b: Dondozo|Protect\n|move|p2b: Raging Bolt|Draco Meteor|p1b: Dondozo\n|-activate|p1b: Dondozo|move: Protect\n|\n|-heal|p1b: Dondozo|72/100|[from] item: Leftovers\n|-damage|p2b: Raging Bolt|76/100 psn|[from] psn\n|upkeep\n|turn|9\n|\n|t:|1746088236\n|move|p2a: Calyrex|Glacial Lance|p1b: Dondozo|[spread] p1b\n|-miss|p2a: Calyrex|p1a: Tatsugiri\n|-supereffective|p1b: Dondozo\n|-damage|p1b: Dondozo|49/100\n|move|p2b: Raging Bolt|Draco Meteor|p1b: Dondozo\n|-damage|p1b: Dondozo|10/100\n|-unboost|p2b: Raging Bolt|spa|2\n|move|p1b: Dondozo|Order Up|p2a: Calyrex\n|-damage|p2a: Calyrex|51/100\n|-boost|p1b: Dondozo|def|1\n|\n|-heal|p1b: Dondozo|16/100|[from] item: Leftovers\n|-damage|p2b: Raging Bolt|64/100 psn|[from] psn\n|upkeep\n|turn|10\n|\n|t:|1746088272\n|move|p1b: Dondozo|Protect|p1b: Dondozo\n|-singleturn|p1b: Dondozo|Protect\n|move|p2a: Calyrex|High Horsepower|p1b: Dondozo\n|-activate|p1b: Dondozo|move: Protect\n|move|p2b: Raging Bolt|Draco Meteor|p1b: Dondozo\n|-activate|p1b: Dondozo|move: Protect\n|\n|-heal|p1b: Dondozo|23/100|[from] item: Leftovers\n|-damage|p2b: Raging Bolt|51/100 psn|[from] psn\n|-fieldend|move: Trick Room\n|upkeep\n|turn|11\n|\n|t:|1746088304\n|move|p1b: Dondozo|Body Press|p2a: Calyrex\n|-damage|p2a: Calyrex|3/100\n|move|p2b: Raging Bolt|Draco Meteor|p1b: Dondozo\n|-damage|p1b: Dondozo|0 fnt\n|-unboost|p2b: Raging Bolt|spa|2\n|faint|p1b: Dondozo\n|move|p2a: Calyrex|Trick Room|p2a: Calyrex\n|-fieldstart|move: Trick Room|[of] p2a: Calyrex\n|\n|-damage|p2b: Raging Bolt|39/100 psn|[from] psn\n|upkeep\n|turn|12\n|\n|t:|1746088320\n|move|p2a: Calyrex|High Horsepower|p1a: Tatsugiri\n|-damage|p1a: Tatsugiri|0 fnt\n|faint|p1a: Tatsugiri\n|\n|win|thatsszabrow!\n||thatsszabrow! is ready for game 3.\n||Pickedman is ready for game 3.\n|uhtml|next|Next: <a href=\"/battle-gen9vgc2025regibo3-2354528068\"><strong>Game 3 of 3</strong></a>\n|l|\u2606Pickedman\n|player|p1|\n", "uploadtime": 1746088645, "views": 12, "formatid": "gen9vgc2025regibo3", "rating": null, "private": 0, "password": null}