{"id": "gen9vgc2025regibo3-2353519077", "format": "[Gen 9] VGC 2025 Reg I (Bo3)", "players": ["ExessVGC", "jahreed"], "log": "|j|\u2606ExessVGC\n|j|\u2606jahreed\n|html|<table width=\"100%\"><tr><td align=\"left\">ExessVGC</td><td align=\"right\">jahreed</tr><tr><td align=\"left\"><i class=\"fa fa-circle-o\"></i> <i class=\"fa fa-circle-o\"></i> </td><td align=\"right\"><i class=\"fa fa-circle-o\"></i> <i class=\"fa fa-circle-o\"></i> </tr></table>\n|uhtml|bestof|<h2><strong>Game 1</strong> of <a href=\"/game-bestof3-gen9vgc2025regibo3-2353519076\">a best-of-3</a></h2>\n|t:|1745963800\n|gametype|doubles\n|player|p1|ExessVGC|101|1085\n|player|p2|jahreed|pryce|1165\n|teamsize|p1|6\n|teamsize|p2|6\n|gen|9\n|tier|[Gen 9] VGC 2025 Reg I (Bo3)\n|rated|\n|rule|Species Clause: Limit one of each Pok\u00e9mon\n|rule|Item Clause: Limit 1 of each item\n|clearpoke\n|poke|p1|Giratina, L50|\n|poke|p1|Grimmsnarl, L50, M|\n|poke|p1|Incineroar, L50, M|\n|poke|p1|Tornadus, L50, M|\n|poke|p1|Urshifu-*, L50, M|\n|poke|p1|Miraidon, L50|\n|poke|p2|Zamazenta-*, L50|\n|poke|p2|Calyrex-Shadow, L50|\n|poke|p2|Tornadus, L50, M|\n|poke|p2|Urshifu-*, L50, F|\n|poke|p2|Rillaboom, L50, M|\n|poke|p2|Chien-Pao, L50|\n|teampreview|4\n|showteam|p1|Giratina||Leftovers|Pressure|Hex,Protect,CalmMind,DragonPulse||||||50|,,,,,Fairy]Grimmsnarl||LightClay|Prankster|ThunderWave,LightScreen,Reflect,SpiritBreak|||M|||50|,,,,,Water]Incineroar||SafetyGoggles|Intimidate|FakeOut,WillOWisp,PartingShot,KnockOff|||M|||50|,,,,,Water]Tornadus||CovertCloak|Prankster|RainDance,Tailwind,BleakwindStorm,Taunt|||M|||50|,,,,,Dark]Urshifu-Rapid-Strike||ChoiceScarf|UnseenFist|SurgingStrikes,CloseCombat,Uturn,AquaJet|||M|||50|,,,,,Water]Miraidon||LifeOrb|HadronEngine|DazzlingGleam,ElectroDrift,DracoMeteor,Protect||||||50|,,,,,Fairy\n|showteam|p2|Zamazenta-Crowned||RustedShield|DauntlessShield|BodyPress,behemothbash,WideGuard,Protect||||||50|,,,,,Ghost]Calyrex-Shadow||LifeOrb|AsOneSpectrier|AstralBarrage,Psychic,DarkPulse,Protect||||||50|,,,,,Dark]Tornadus||CovertCloak|Prankster|BleakwindStorm,Tailwind,RainDance,Protect|||M|||50|,,,,,Dark]Urshifu-Rapid-Strike||MysticWater|UnseenFist|SurgingStrikes,Taunt,AquaJet,Detect|||F|||50|,,,,,Water]Rillaboom||AssaultVest|GrassySurge|WoodHammer,GrassyGlide,Uturn,FakeOut|||M|||50|,,,,,Fire]Chien-Pao||FocusSash|SwordofRuin|SuckerPunch,SacredSword,IcicleCrash,Protect||||||50|,,,,,Ghost\n|inactive|Battle timer is ON: inactive players will automatically lose when time's up. (requested by jahreed)\n|inactive|ExessVGC has 60 seconds left.\n|inactive|jahreed has 60 seconds left.\n|\n|t:|1745963848\n|start\n|switch|p1a: Miraidon|Miraidon, L50|100/100\n|switch|p1b: Tornadus|Tornadus, L50, M|100/100\n|switch|p2a: Chien-Pao|Chien-Pao, L50|100/100\n|switch|p2b: Zamazenta|Zamazenta-Crowned, L50|100/100\n|-fieldstart|move: Electric Terrain|[from] ability: Hadron Engine|[of] p1a: Miraidon\n|-ability|p2a: Chien-Pao|Sword of Ruin\n|-ability|p2b: Zamazenta|Dauntless Shield|boost\n|-boost|p2b: Zamazenta|def|1\n|turn|1\n|inactive|ExessVGC has 30 seconds left.\n|inactive|ExessVGC has 20 seconds left.\n|inactive|ExessVGC has 15 seconds left.\n|inactive|ExessVGC has 10 seconds left.\n|\n|t:|1745963895\n|switch|p2a: Rillaboom|Rillaboom, L50, M|100/100\n|-fieldstart|move: Grassy Terrain|[from] ability: Grassy Surge|[of] p2a: Rillaboom\n|move|p1a: Miraidon|Protect|p1a: Miraidon\n|-singleturn|p1a: Miraidon|Protect\n|move|p1b: Tornadus|Taunt|p2b: Zamazenta\n|-start|p2b: Zamazenta|move: Taunt\n|move|p2b: Zamazenta|Behemoth Bash|p1a: Miraidon\n|-activate|p1a: Miraidon|move: Protect\n|\n|upkeep\n|turn|2\n|inactive|ExessVGC has 30 seconds left.\n|inactive|jahreed has 30 seconds left.\n|\n|t:|1745963929\n|switch|p1a: Il Campione|Incineroar, L50, M|100/100\n|-ability|p1a: Il Campione|Intimidate|boost\n|-unboost|p2a: Rillaboom|atk|1\n|-unboost|p2b: Zamazenta|atk|1\n|move|p2b: Zamazenta|Body Press|p1a: Il Campione\n|-supereffective|p1a: Il Campione\n|-crit|p1a: Il Campione\n|-damage|p1a: Il Campione|0 fnt\n|faint|p1a: Il Campione\n|move|p1b: Tornadus|Bleakwind Storm|p2b: Zamazenta|[spread] p2b\n|-miss|p1b: Tornadus|p2a: Rillaboom\n|-damage|p2b: Zamazenta|72/100\n|move|p2a: Rillaboom|Wood Hammer|p1b: Tornadus\n|-resisted|p1b: Tornadus\n|-damage|p1b: Tornadus|71/100\n|-damage|p2a: Rillaboom|93/100|[from] Recoil\n|\n|-heal|p2b: Zamazenta|77/100|[from] Grassy Terrain\n|-heal|p2a: Rillaboom|99/100|[from] Grassy Terrain\n|upkeep\n|\n|t:|1745963943\n|switch|p1a: Miraidon|Miraidon, L50|100/100\n|-fieldstart|move: Electric Terrain|[from] ability: Hadron Engine|[of] p1a: Miraidon\n|turn|3\n|inactive|ExessVGC has 30 seconds left.\n|inactive|jahreed has 30 seconds left.\n|\n|t:|1745963973\n|move|p1b: Tornadus|Tailwind|p1b: Tornadus\n|-sidestart|p1: ExessVGC|move: Tailwind\n|move|p1a: Miraidon|Electro Drift|p2b: Zamazenta\n|-damage|p2b: Zamazenta|0 fnt\n|faint|p2b: Zamazenta\n|-damage|p1a: Miraidon|91/100|[from] item: Life Orb\n|move|p2a: Rillaboom|U-turn|p1a: Miraidon\n|-damage|p1a: Miraidon|76/100\n|\n|t:|1745963990\n|switch|p2a: Calyrex|Calyrex-Shadow, L50|100/100|[from] U-turn\n|-ability|p2a: Calyrex|As One\n|-ability|p2a: Calyrex|Unnerve\n|\n|upkeep\n|\n|t:|1745963992\n|switch|p2b: Rillaboom|Rillaboom, L50, M|99/100\n|-fieldstart|move: Grassy Terrain|[from] ability: Grassy Surge|[of] p2b: Rillaboom\n|turn|4\n|inactive|ExessVGC has 30 seconds left.\n|inactive|jahreed has 30 seconds left.\n|inactive|ExessVGC has 20 seconds left.\n|inactive|ExessVGC has 15 seconds left.\n|inactive|ExessVGC has 10 seconds left.\n|inactive|ExessVGC has 5 seconds left.\n|\n|t:|1745964043\n|-terastallize|p1b: Tornadus|Dark\n|move|p1a: Miraidon|Protect|p1a: Miraidon\n|-singleturn|p1a: Miraidon|Protect\n|move|p1b: Tornadus|Bleakwind Storm|p2a: Calyrex|[spread] p2b\n|-miss|p1b: Tornadus|p2a: Calyrex\n|-supereffective|p2b: Rillaboom\n|-damage|p2b: Rillaboom|58/100\n|-unboost|p2b: Rillaboom|spe|1\n|move|p2a: Calyrex|Astral Barrage|p1b: Tornadus|[spread] p1b\n|-activate|p1a: Miraidon|move: Protect\n|-resisted|p1b: Tornadus\n|-damage|p1b: Tornadus|33/100\n|-damage|p2a: Calyrex|91/100|[from] item: Life Orb\n|move|p2b: Rillaboom|U-turn|p1a: Miraidon\n|-activate|p1a: Miraidon|move: Protect\n|\n|-heal|p1a: Miraidon|82/100|[from] Grassy Terrain\n|-heal|p1b: Tornadus|39/100|[from] Grassy Terrain\n|-heal|p2a: Calyrex|97/100|[from] Grassy Terrain\n|-heal|p2b: Rillaboom|64/100|[from] Grassy Terrain\n|upkeep\n|turn|5\n|inactive|ExessVGC has 30 seconds left.\n|inactive|jahreed has 30 seconds left.\n|inactive|ExessVGC has 20 seconds left.\n|inactive|ExessVGC has 15 seconds left.\n|inactive|jahreed has 20 seconds left.\n|inactive|jahreed has 15 seconds left.\n|inactive|ExessVGC has 10 seconds left.\n|\n|t:|1745964095\n|-terastallize|p2b: Rillaboom|Fire\n|move|p1a: Miraidon|Draco Meteor|p2a: Calyrex\n|-damage|p2a: Calyrex|13/100\n|-unboost|p1a: Miraidon|spa|2\n|-damage|p1a: Miraidon|73/100|[from] item: Life Orb\n|move|p1b: Tornadus|Bleakwind Storm|p2a: Calyrex|[spread] p2a,p2b\n|-damage|p2a: Calyrex|0 fnt\n|-damage|p2b: Rillaboom|43/100\n|faint|p2a: Calyrex\n|move|p2b: Rillaboom|U-turn|p1a: Miraidon\n|-damage|p1a: Miraidon|50/100\n|\n|t:|1745964104\n|switch|p2b: Chien-Pao|Chien-Pao, L50|100/100|[from] U-turn\n|-ability|p2b: Chien-Pao|Sword of Ruin\n|\n|-heal|p1a: Miraidon|56/100|[from] Grassy Terrain\n|-heal|p1b: Tornadus|45/100|[from] Grassy Terrain\n|upkeep\n|\n|t:|1745964106\n|switch|p2a: Rillaboom|Rillaboom, L50, M, tera:Fire|43/100\n|turn|6\n|\n|t:|1745964126\n|switch|p1a: Urshifu|Urshifu-Rapid-Strike, L50, M|100/100\n|move|p1b: Tornadus|Rain Dance|p1b: Tornadus\n|-weather|RainDance\n|move|p2b: Chien-Pao|Icicle Crash|p1a: Urshifu\n|-resisted|p1a: Urshifu\n|-damage|p1a: Urshifu|73/100\n|move|p2a: Rillaboom|Wood Hammer|p1b: Tornadus\n|-damage|p1b: Tornadus|0 fnt\n|faint|p1b: Tornadus\n|-damage|p2a: Rillaboom|32/100|[from] Recoil\n|\n|-weather|RainDance|[upkeep]\n|-heal|p1a: Urshifu|79/100|[from] Grassy Terrain\n|-heal|p2a: Rillaboom|37/100|[from] Grassy Terrain\n|-sideend|p1: ExessVGC|move: Tailwind\n|upkeep\n|\n|t:|1745964136\n|switch|p1b: Miraidon|Miraidon, L50|56/100\n|-fieldstart|move: Electric Terrain|[from] ability: Hadron Engine|[of] p1b: Miraidon\n|turn|7\n|\n|t:|1745964152\n|move|p2b: Chien-Pao|Sucker Punch|p1b: Miraidon\n|-damage|p1b: Miraidon|10/100\n|move|p1a: Urshifu|Surging Strikes|p2b: Chien-Pao\n|-crit|p2b: Chien-Pao\n|-damage|p2b: Chien-Pao|54/100\n|-crit|p2b: Chien-Pao\n|-damage|p2b: Chien-Pao|9/100\n|-crit|p2b: Chien-Pao\n|-damage|p2b: Chien-Pao|0 fnt\n|faint|p2b: Chien-Pao\n|-hitcount|p2: Chien-Pao|3\n|move|p1b: Miraidon|Electro Drift|p2a: Rillaboom\n|-damage|p2a: Rillaboom|0 fnt\n|faint|p2a: Rillaboom\n|-damage|p1b: Miraidon|0 fnt|[from] item: Life Orb\n|faint|p1b: Miraidon\n|\n|win|ExessVGC\n||jahreed is ready for game 2.\n|inactive|ExessVGC has 30 seconds to confirm battle start!\n||ExessVGC is ready for game 2.\n|uhtml|next|Next: <a href=\"/battle-gen9vgc2025regibo3-2353522449\"><strong>Game 2 of 3</strong></a>\n", "uploadtime": 1745964879, "views": 34, "formatid": "gen9vgc2025regibo3", "rating": null, "private": 0, "password": null}