{"id": "gen9vgc2025regibo3-2354167865", "format": "[Gen 9] VGC 2025 Reg I (Bo3)", "players": ["0-8 goat", "atlpreplup"], "log": "|j|\u26060-8 goat\n|j|\u2606atlpreplup\n|html|<table width=\"100%\"><tr><td align=\"left\">0-8 goat</td><td align=\"right\">atlpreplup</tr><tr><td align=\"left\"><i class=\"fa fa-circle-o\"></i> <i class=\"fa fa-circle-o\"></i> </td><td align=\"right\"><i class=\"fa fa-circle-o\"></i> <i class=\"fa fa-circle-o\"></i> </tr></table>\n|uhtml|bestof|<h2><strong>Game 1</strong> of <a href=\"/game-bestof3-gen9vgc2025regibo3-2354167863\">a best-of-3</a></h2>\n|t:|1746040838\n|gametype|doubles\n|player|p1|0-8 goat|caitlin|1322\n|player|p2|atlpreplup|170|1346\n|teamsize|p1|6\n|teamsize|p2|6\n|gen|9\n|tier|[Gen 9] VGC 2025 Reg I (Bo3)\n|rated|\n|rule|Species Clause: Limit one of each Pok\u00e9mon\n|rule|Item Clause: Limit 1 of each item\n|clearpoke\n|poke|p1|Miraidon, L50|\n|poke|p1|Ho-Oh, L50|\n|poke|p1|Grimmsnarl, L50, M|\n|poke|p1|Incineroar, L50, M|\n|poke|p1|Wo-Chien, L50|\n|poke|p1|Raging Bolt, L50|\n|poke|p2|Calyrex-Shadow, L50|\n|poke|p2|Incineroar, L50, F|\n|poke|p2|Koraidon, L50|\n|poke|p2|Brute Bonnet, L50|\n|poke|p2|Indeedee-F, L50, F|\n|poke|p2|Whimsicott, L50, M|\n|teampreview|4\n|showteam|p1|Miraidon||ChoiceSpecs|HadronEngine|ElectroDrift,DracoMeteor,VoltSwitch,DazzlingGleam||||||50|,,,,,Fairy]Ho-Oh||ClearAmulet|Regenerator|Protect,SacredFire,BraveBird,Recover||||||50|,,,,,Water]Grimmsnarl||LightClay|Prankster|SpiritBreak,Reflect,LightScreen,ThunderWave|||M|||50|,,,,,Ghost]Incineroar||SafetyGoggles|Intimidate|FakeOut,KnockOff,PartingShot,FlareBlitz|||M|||50|,,,,,Water]Wo-Chien||Leftovers|TabletsofRuin|Protect,LeechSeed,PollenPuff,Ruination||||||50|,,,,,Poison]Raging Bolt||AssaultVest|Protosynthesis|Thunderclap,RisingVoltage,DracoMeteor,VoltSwitch||||||50|,,,,,Fairy\n|showteam|p2|Calyrex-Shadow||FocusSash|AsOneSpectrier|AstralBarrage,ExpandingForce,Disable,Protect||||||50|,,,,,Dark]Incineroar||AssaultVest|Intimidate|FakeOut,FlareBlitz,KnockOff,Uturn|||F|||50|,,,,,Bug]Koraidon||ClearAmulet|OrichalcumPulse|CollisionCourse,FlareBlitz,FlameCharge,Protect||||||50|,,,,,Fire]Brute Bonnet||RockyHelmet|Protosynthesis|SeedBomb,SuckerPunch,Spore,RagePowder||||||50|,,,,,Water]Indeedee-F||PsychicSeed|PsychicSurge|Psychic,HelpingHand,FollowMe,TrickRoom|||F|||50|,,,,,Water]Whimsicott||CovertCloak|Prankster|Moonblast,Tailwind,Encore,LightScreen|||M|||50|,,,,,Dark\n|\n|t:|1746040894\n|start\n|switch|p1a: Grimmsnarl|Grimmsnarl, L50, M|100/100\n|switch|p1b: Ho-Oh|Ho-Oh, L50|100/100\n|switch|p2a: Koraidon|Koraidon, L50|100/100\n|switch|p2b: Indeedee|Indeedee-F, L50, F|100/100\n|-weather|SunnyDay|[from] ability: Orichalcum Pulse|[of] p2a: Koraidon\n|-activate|p2a: Koraidon|Orichalcum Pulse|[source]\n|-fieldstart|move: Psychic Terrain|[from] ability: Psychic Surge|[of] p2b: Indeedee\n|-enditem|p2b: Indeedee|Psychic Seed\n|-boost|p2b: Indeedee|spd|1|[from] item: Psychic Seed\n|turn|1\n|\n|t:|1746040910\n|switch|p2b: Incineroar|Incineroar, L50, F|100/100\n|-ability|p2b: Incineroar|Intimidate|boost\n|-unboost|p1a: Grimmsnarl|atk|1\n|-fail|p1b: Ho-Oh|unboost|[from] item: Clear Amulet|[of] p1b: Ho-Oh\n|-terastallize|p2a: Koraidon|Fire\n|move|p1a: Grimmsnarl|Reflect|p1a: Grimmsnarl\n|-sidestart|p1: 0-8 goat|Reflect\n|move|p2a: Koraidon|Collision Course|p1a: Grimmsnarl\n|-damage|p1a: Grimmsnarl|43/100\n|move|p1b: Ho-Oh|Sacred Fire|p2b: Incineroar\n|-resisted|p2b: Incineroar\n|-damage|p2b: Incineroar|73/100\n|\n|-weather|SunnyDay|[upkeep]\n|upkeep\n|turn|2\n|\n|t:|1746040941\n|switch|p1b: Miraidon|Miraidon, L50|100/100\n|-fieldstart|move: Electric Terrain|[from] ability: Hadron Engine|[of] p1b: Miraidon\n|move|p2b: Incineroar|Fake Out|p1b: Miraidon\n|-damage|p1b: Miraidon|95/100\n|move|p1a: Grimmsnarl|Thunder Wave|p2a: Koraidon\n|-status|p2a: Koraidon|par\n|cant|p2a: Koraidon|par\n|\n|-weather|SunnyDay|[upkeep]\n|upkeep\n|turn|3\n|\n|t:|1746040964\n|switch|p2b: Indeedee|Indeedee-F, L50, F|100/100\n|-fieldstart|move: Psychic Terrain|[from] ability: Psychic Surge|[of] p2b: Indeedee\n|move|p1a: Grimmsnarl|Light Screen|p1a: Grimmsnarl\n|-sidestart|p1: 0-8 goat|move: Light Screen\n|move|p1b: Miraidon|Volt Switch|p2b: Indeedee\n|-damage|p2b: Indeedee|51/100\n|\n|t:|1746040972\n|switch|p1b: Ho-Oh|Ho-Oh, L50|100/100|[from] Volt Switch\n|move|p2a: Koraidon|Collision Course|p1a: Grimmsnarl\n|-damage|p1a: Grimmsnarl|0 fnt\n|faint|p1a: Grimmsnarl\n|\n|-weather|SunnyDay|[upkeep]\n|upkeep\n|\n|t:|1746040979\n|switch|p1a: Miraidon|Miraidon, L50|95/100\n|-fieldstart|move: Electric Terrain|[from] ability: Hadron Engine|[of] p1a: Miraidon\n|turn|4\n|inactive|Battle timer is ON: inactive players will automatically lose when time's up. (requested by atlpreplup)\n|\n|t:|1746041022\n|switch|p2b: Incineroar|Incineroar, L50, F|73/100\n|-ability|p2b: Incineroar|Intimidate|boost\n|-unboost|p1a: Miraidon|atk|1\n|-fail|p1b: Ho-Oh|unboost|[from] item: Clear Amulet|[of] p1b: Ho-Oh\n|move|p1a: Miraidon|Electro Drift|p2a: Koraidon\n|-damage|p2a: Koraidon|0 fnt\n|faint|p2a: Koraidon\n|move|p1b: Ho-Oh|Brave Bird|p2b: Incineroar\n|-damage|p2b: Incineroar|28/100\n|-damage|p1b: Ho-Oh|86/100|[from] Recoil\n|\n|-weather|SunnyDay|[upkeep]\n|upkeep\n|\n|t:|1746041035\n|switch|p2a: Calyrex|Calyrex-Shadow, L50|100/100\n|-ability|p2a: Calyrex|As One\n|-ability|p2a: Calyrex|Unnerve\n|turn|5\n|\n|t:|1746041049\n|switch|p1a: Incineroar|Incineroar, L50, M|100/100\n|-ability|p1a: Incineroar|Intimidate|boost\n|-unboost|p2a: Calyrex|atk|1\n|-unboost|p2b: Incineroar|atk|1\n|move|p2b: Incineroar|Fake Out|p1b: Ho-Oh\n|-damage|p1b: Ho-Oh|81/100\n|move|p2a: Calyrex|Disable||[still]\n|-fail|p2a: Calyrex\n|cant|p1b: Ho-Oh|flinch\n|\n|-weather|none\n|upkeep\n|turn|6\n|\n|t:|1746041067\n|move|p2a: Calyrex|Protect|p2a: Calyrex\n|-singleturn|p2a: Calyrex|Protect\n|move|p1b: Ho-Oh|Brave Bird|p2b: Incineroar\n|-damage|p2b: Incineroar|0 fnt\n|faint|p2b: Incineroar\n|-damage|p1b: Ho-Oh|72/100|[from] Recoil\n|move|p1a: Incineroar|Knock Off|p2a: Calyrex\n|-activate|p2a: Calyrex|move: Protect\n|\n|upkeep\n|\n|t:|1746041076\n|switch|p2b: Indeedee|Indeedee-F, L50, F|51/100\n|-fieldstart|move: Psychic Terrain|[from] ability: Psychic Surge|[of] p2b: Indeedee\n|turn|7\n|inactive|0-8 goat has 30 seconds left.\n|\n|t:|1746041107\n|move|p2b: Indeedee|Follow Me|p2b: Indeedee\n|-singleturn|p2b: Indeedee|move: Follow Me\n|move|p2a: Calyrex|Expanding Force|p1a: Incineroar|[spread] p1b\n|-immune|p1a: Incineroar\n|-damage|p1b: Ho-Oh|41/100\n|move|p1b: Ho-Oh|Recover|p1b: Ho-Oh\n|-heal|p1b: Ho-Oh|92/100\n|move|p1a: Incineroar|Knock Off|p2b: Indeedee\n|-supereffective|p2b: Indeedee\n|-damage|p2b: Indeedee|0 fnt\n|faint|p2b: Indeedee\n|\n|upkeep\n|turn|8\n|\n|t:|1746041120\n|move|p2a: Calyrex|Protect|p2a: Calyrex\n|-singleturn|p2a: Calyrex|Protect\n|move|p1b: Ho-Oh|Brave Bird|p2a: Calyrex\n|-activate|p2a: Calyrex|move: Protect\n|move|p1a: Incineroar|Knock Off|p2a: Calyrex\n|-activate|p2a: Calyrex|move: Protect\n|\n|-sideend|p1: 0-8 goat|Reflect\n|upkeep\n|turn|9\n|\n|t:|1746041130\n|move|p2a: Calyrex|Astral Barrage|p1b: Ho-Oh|[spread] p1a,p1b\n|-resisted|p1a: Incineroar\n|-damage|p1a: Incineroar|87/100\n|-damage|p1b: Ho-Oh|68/100\n|move|p1b: Ho-Oh|Brave Bird|p2a: Calyrex\n|-damage|p2a: Calyrex|24/100\n|-damage|p1b: Ho-Oh|46/100|[from] Recoil\n|move|p1a: Incineroar|Knock Off|p2a: Calyrex\n|-supereffective|p2a: Calyrex\n|-damage|p2a: Calyrex|0 fnt\n|-enditem|p2a: Calyrex|Focus Sash|[from] move: Knock Off|[of] p1a: Incineroar\n|faint|p2a: Calyrex\n|\n|win|0-8 goat\n||atlpreplup is ready for game 2.\n|inactive|0-8 goat has 30 seconds to confirm battle start!\n||0-8 goat is ready for game 2.\n|uhtml|next|Next: <a href=\"/battle-gen9vgc2025regibo3-2354170996\"><strong>Game 2 of 3</strong></a>\n", "uploadtime": 1746041455, "views": 6, "formatid": "gen9vgc2025regibo3", "rating": null, "private": 0, "password": null}