{"id": "gen9vgc2025regibo3-2353897073", "format": "[Gen 9] VGC 2025 Reg I (Bo3)", "players": ["WithoutHands", "tornadoboy1234"], "log": "|j|\u2606WithoutHands\n|j|\u2606tornadoboy1234\n|html|<table width=\"100%\"><tr><td align=\"left\">WithoutHands</td><td align=\"right\">tornadoboy1234</tr><tr><td align=\"left\"><i class=\"fa fa-circle\"></i> <i class=\"fa fa-circle-o\"></i> </td><td align=\"right\"><i class=\"fa fa-circle-o\"></i> <i class=\"fa fa-circle\"></i> </tr></table>\n|uhtml|bestof|<h2><strong>Game 3</strong> of <a href=\"/game-bestof3-gen9vgc2025regibo3-2353890791\">a best-of-3</a></h2>\n|t:|1746016336\n|gametype|doubles\n|player|p1|WithoutHands|1|1406\n|player|p2|tornadoboy1234|sabrina|1334\n|teamsize|p1|6\n|teamsize|p2|6\n|gen|9\n|tier|[Gen 9] VGC 2025 Reg I (Bo3)\n|rated|\n|rule|Species Clause: Limit one of each Pok\u00e9mon\n|rule|Item Clause: Limit 1 of each item\n|clearpoke\n|poke|p1|Calyrex-Shadow, L50|\n|poke|p1|Zamazenta-*, L50|\n|poke|p1|Amoonguss, L50, F|\n|poke|p1|Chien-Pao, L50|\n|poke|p1|Urshifu-*, L50, M|\n|poke|p1|Pelipper, L50, M|\n|poke|p2|Kyogre, L50|\n|poke|p2|Lunala, L50|\n|poke|p2|Incineroar, L50, F|\n|poke|p2|Rillaboom, L50, F|\n|poke|p2|Urshifu-*, L50, F|\n|poke|p2|Amoonguss, L50, M|\n|teampreview|4\n|showteam|p1|Calyrex-Shadow||LifeOrb|AsOneSpectrier|Protect,Imprison,Psychic,AstralBarrage||||||50|,,,,,Water]Zamazenta-Crowned||RustedShield|DauntlessShield|BodyPress,behemothbash,WideGuard,Protect||||||50|,,,,,Dragon]Amoonguss||RockyHelmet|Regenerator|Spore,SludgeBomb,RagePowder,Protect|||F|||50|,,,,,Water]Chien-Pao||FocusSash|SwordofRuin|IceSpinner,SuckerPunch,ThroatChop,Protect||||||50|,,,,,Stellar]Urshifu-Rapid-Strike||MysticWater|UnseenFist|SurgingStrikes,CloseCombat,AquaJet,Detect|||M|||50|,,,,,Grass]Pelipper||CovertCloak|Drizzle|WeatherBall,Hurricane,WideGuard,Tailwind|||M|||50|,,,,,Grass\n|showteam|p2|Kyogre||ChoiceScarf|Drizzle|WaterSpout,OriginPulse,IceBeam,Thunder||||||50|,,,,,Water]Lunala||Leftovers|ShadowShield|MoongeistBeam,Moonblast,CalmMind,Protect||||||50|,,,,,Fairy]Incineroar||ChopleBerry|Intimidate|FakeOut,KnockOff,WillOWisp,PartingShot|||F|||50|,,,,,Grass]Rillaboom||AssaultVest|GrassySurge|FakeOut,DrumBeating,Uturn,GrassyGlide|||F|||50|,,,,,Fire]Urshifu-Rapid-Strike||FocusSash|UnseenFist|SurgingStrikes,CloseCombat,AquaJet,Detect|||F|||50|,,,,,Stellar]Amoonguss||RockyHelmet|Regenerator|PollenPuff,Spore,RagePowder,Protect|||M|||50|,,,,,Steel\n|inactive|Battle timer is ON: inactive players will automatically lose when time's up. (requested by WithoutHands)\n|inactive|WithoutHands has 60 seconds left.\n|inactive|tornadoboy1234 has 60 seconds left.\n|\n|t:|1746016393\n|start\n|switch|p1a: Urshifu|Urshifu-Rapid-Strike, L50, M|100/100\n|switch|p1b: Amoonguss|Amoonguss, L50, F|100/100\n|switch|p2a: Lunala|Lunala, L50|100/100\n|switch|p2b: Incineroar|Incineroar, L50, F|100/100\n|-ability|p2b: Incineroar|Intimidate|boost\n|-unboost|p1a: Urshifu|atk|1\n|-unboost|p1b: Amoonguss|atk|1\n|turn|1\n|inactive|WithoutHands has 30 seconds left.\n|inactive|tornadoboy1234 has 30 seconds left.\n|inactive|WithoutHands has 20 seconds left.\n|inactive|tornadoboy1234 has 20 seconds left.\n|inactive|WithoutHands has 15 seconds left.\n|inactive|tornadoboy1234 has 15 seconds left.\n|inactive|tornadoboy1234 has 10 seconds left.\n|\n|t:|1746016438\n|switch|p2b: Amoonguss|Amoonguss, L50, M|100/100\n|move|p1a: Urshifu|Surging Strikes|p2b: Amoonguss\n|-resisted|p2b: Amoonguss\n|-crit|p2b: Amoonguss\n|-damage|p2b: Amoonguss|90/100\n|-damage|p1a: Urshifu|84/100|[from] item: Rocky Helmet|[of] p2b: Amoonguss\n|-resisted|p2b: Amoonguss\n|-crit|p2b: Amoonguss\n|-damage|p2b: Amoonguss|79/100\n|-damage|p1a: Urshifu|68/100|[from] item: Rocky Helmet|[of] p2b: Amoonguss\n|-resisted|p2b: Amoonguss\n|-crit|p2b: Amoonguss\n|-damage|p2b: Amoonguss|68/100\n|-damage|p1a: Urshifu|51/100|[from] item: Rocky Helmet|[of] p2b: Amoonguss\n|-hitcount|p2b: Amoonguss|3\n|move|p2a: Lunala|Calm Mind|p2a: Lunala\n|-boost|p2a: Lunala|spa|1\n|-boost|p2a: Lunala|spd|1\n|move|p1b: Amoonguss|Spore|p2a: Lunala\n|-status|p2a: Lunala|slp|[from] move: Spore\n|\n|upkeep\n|turn|2\n|\n|t:|1746016461\n|-terastallize|p1a: Urshifu|Grass\n|move|p1a: Urshifu|Surging Strikes|p2a: Lunala\n|-crit|p2a: Lunala\n|-damage|p2a: Lunala|93/100 slp\n|-crit|p2a: Lunala\n|-damage|p2a: Lunala|76/100 slp\n|-crit|p2a: Lunala\n|-damage|p2a: Lunala|61/100 slp\n|-hitcount|p2a: Lunala|3\n|cant|p2a: Lunala|slp\n|move|p2b: Amoonguss|Spore|p1a: Urshifu\n|-immune|p1a: Urshifu\n|move|p1b: Amoonguss|Sludge Bomb|p2b: Amoonguss\n|-damage|p2b: Amoonguss|46/100\n|\n|-heal|p2a: Lunala|68/100 slp|[from] item: Leftovers\n|upkeep\n|turn|3\n|\n|t:|1746016484\n|move|p1a: Urshifu|Surging Strikes|p2a: Lunala\n|-crit|p2a: Lunala\n|-damage|p2a: Lunala|53/100 slp\n|-crit|p2a: Lunala\n|-damage|p2a: Lunala|39/100 slp\n|-crit|p2a: Lunala\n|-damage|p2a: Lunala|23/100 slp\n|-hitcount|p2a: Lunala|3\n|-curestatus|p2a: Lunala|slp|[msg]\n|move|p2a: Lunala|Calm Mind|p2a: Lunala\n|-boost|p2a: Lunala|spa|1\n|-boost|p2a: Lunala|spd|1\n|move|p2b: Amoonguss|Pollen Puff|p2a: Lunala\n|-heal|p2a: Lunala|73/100\n|move|p1b: Amoonguss|Sludge Bomb|p2a: Lunala\n|-resisted|p2a: Lunala\n|-damage|p2a: Lunala|68/100\n|\n|-heal|p2a: Lunala|74/100|[from] item: Leftovers\n|upkeep\n|turn|4\n|inactive|tornadoboy1234 has 30 seconds left.\n|inactive|WithoutHands has 30 seconds left.\n|inactive|tornadoboy1234 has 20 seconds left.\n|inactive|tornadoboy1234 has 15 seconds left.\n|inactive|tornadoboy1234 has 10 seconds left.\n|\n|t:|1746016532\n|switch|p1a: Calyrex|Calyrex-Shadow, L50|100/100\n|-ability|p1a: Calyrex|As One\n|-ability|p1a: Calyrex|Unnerve\n|move|p1b: Amoonguss|Rage Powder|p1b: Amoonguss\n|-singleturn|p1b: Amoonguss|move: Rage Powder\n|move|p2a: Lunala|Moongeist Beam|p1b: Amoonguss\n|-damage|p1b: Amoonguss|11/100\n|move|p2b: Amoonguss|Pollen Puff|p2a: Lunala\n|-heal|p2a: Lunala|100/100\n|\n|upkeep\n|turn|5\n|inactive|tornadoboy1234 has 30 seconds left.\n|inactive|tornadoboy1234 has 20 seconds left.\n|\n|t:|1746016567\n|switch|p2b: Incineroar|Incineroar, L50, F|100/100\n|-ability|p2b: Incineroar|Intimidate|boost\n|-unboost|p1a: Calyrex|atk|1\n|-unboost|p1b: Amoonguss|atk|1\n|-terastallize|p2a: Lunala|Fairy\n|move|p1b: Amoonguss|Rage Powder|p1b: Amoonguss\n|-singleturn|p1b: Amoonguss|move: Rage Powder\n|move|p1a: Calyrex|Astral Barrage|p2b: Incineroar|[spread] p2a,p2b\n|-resisted|p2b: Incineroar\n|-damage|p2a: Lunala|88/100\n|-damage|p2b: Incineroar|70/100\n|-damage|p1a: Calyrex|91/100|[from] item: Life Orb\n|move|p2a: Lunala|Moongeist Beam|p1b: Amoonguss\n|-damage|p1b: Amoonguss|0 fnt\n|faint|p1b: Amoonguss\n|\n|-heal|p2a: Lunala|94/100|[from] item: Leftovers\n|upkeep\n|inactive|WithoutHands has 30 seconds left.\n|inactive|WithoutHands has 20 seconds left.\n|inactive|WithoutHands has 15 seconds left.\n|inactive|WithoutHands has 10 seconds left.\n|\n|t:|1746016612\n|switch|p1b: Zamazenta|Zamazenta-Crowned, L50|100/100\n|-ability|p1b: Zamazenta|Dauntless Shield|boost\n|-boost|p1b: Zamazenta|def|1\n|turn|6\n|inactive|WithoutHands has 30 seconds left.\n|\n|t:|1746016643\n|switch|p2b: Rillaboom|Rillaboom, L50, F|100/100\n|-fieldstart|move: Grassy Terrain|[from] ability: Grassy Surge|[of] p2b: Rillaboom\n|move|p1b: Zamazenta|Protect|p1b: Zamazenta\n|-singleturn|p1b: Zamazenta|Protect\n|move|p2a: Lunala|Protect|p2a: Lunala\n|-singleturn|p2a: Lunala|Protect\n|move|p1a: Calyrex|Astral Barrage|p2a: Lunala|[spread] p2b\n|-activate|p2a: Lunala|move: Protect\n|-damage|p2b: Rillaboom|54/100\n|-damage|p1a: Calyrex|81/100|[from] item: Life Orb\n|\n|-heal|p1a: Calyrex|87/100|[from] Grassy Terrain\n|-heal|p2b: Rillaboom|60/100|[from] Grassy Terrain\n|-heal|p2a: Lunala|99/100|[from] Grassy Terrain\n|-heal|p2a: Lunala|100/100|[from] item: Leftovers\n|upkeep\n|turn|7\n|inactive|WithoutHands has 30 seconds left.\n|inactive|tornadoboy1234 has 30 seconds left.\n|inactive|WithoutHands has 20 seconds left.\n|\n|t:|1746016682\n|move|p2b: Rillaboom|Fake Out|p1b: Zamazenta\n|-resisted|p1b: Zamazenta\n|-damage|p1b: Zamazenta|98/100\n|move|p1a: Calyrex|Astral Barrage|p2a: Lunala|[spread] p2a,p2b\n|-damage|p2a: Lunala|88/100\n|-damage|p2b: Rillaboom|11/100\n|-damage|p1a: Calyrex|78/100|[from] item: Life Orb\n|cant|p1b: Zamazenta|flinch\n|move|p2a: Lunala|Moongeist Beam|p1b: Zamazenta\n|-damage|p1b: Zamazenta|26/100\n|\n|-heal|p1a: Calyrex|84/100|[from] Grassy Terrain\n|-heal|p1b: Zamazenta|32/100|[from] Grassy Terrain\n|-heal|p2b: Rillaboom|17/100|[from] Grassy Terrain\n|-heal|p2a: Lunala|94/100|[from] Grassy Terrain\n|-heal|p2a: Lunala|100/100|[from] item: Leftovers\n|upkeep\n|turn|8\n|inactive|WithoutHands has 30 seconds left.\n|inactive|tornadoboy1234 has 30 seconds left.\n|inactive|WithoutHands has 20 seconds left.\n|inactive|tornadoboy1234 has 20 seconds left.\n|inactive|WithoutHands has 15 seconds left.\n|inactive|WithoutHands has 10 seconds left.\n|inactive|WithoutHands has 5 seconds left.\n|\n|t:|1746016733\n|switch|p2b: Incineroar|Incineroar, L50, F|70/100\n|-ability|p2b: Incineroar|Intimidate|boost\n|-unboost|p1a: Calyrex|atk|1\n|-unboost|p1b: Zamazenta|atk|1\n|move|p1a: Calyrex|Protect|p1a: Calyrex\n|-singleturn|p1a: Calyrex|Protect\n|move|p1b: Zamazenta|Behemoth Bash|p2a: Lunala\n|-supereffective|p2a: Lunala\n|-damage|p2a: Lunala|83/100\n|move|p2a: Lunala|Moongeist Beam|p1a: Calyrex\n|-activate|p1a: Calyrex|move: Protect\n|\n|-heal|p1a: Calyrex|89/100|[from] Grassy Terrain\n|-heal|p1b: Zamazenta|38/100|[from] Grassy Terrain\n|-heal|p2a: Lunala|89/100|[from] Grassy Terrain\n|-heal|p2a: Lunala|95/100|[from] item: Leftovers\n|-heal|p2b: Incineroar|76/100|[from] Grassy Terrain\n|upkeep\n|turn|9\n|inactive|WithoutHands has 30 seconds left.\n|\n|t:|1746016764\n|move|p2b: Incineroar|Fake Out|p1b: Zamazenta\n|-resisted|p1b: Zamazenta\n|-damage|p1b: Zamazenta|36/100\n|move|p1a: Calyrex|Astral Barrage|p2b: Incineroar|[spread] p2a,p2b\n|-resisted|p2b: Incineroar\n|-damage|p2a: Lunala|71/100\n|-damage|p2b: Incineroar|44/100\n|-damage|p1a: Calyrex|80/100|[from] item: Life Orb\n|cant|p1b: Zamazenta|flinch\n|move|p2a: Lunala|Moongeist Beam|p1a: Calyrex\n|-supereffective|p1a: Calyrex\n|-damage|p1a: Calyrex|0 fnt\n|faint|p1a: Calyrex\n|\n|-heal|p1b: Zamazenta|42/100|[from] Grassy Terrain\n|-heal|p2a: Lunala|77/100|[from] Grassy Terrain\n|-heal|p2a: Lunala|83/100|[from] item: Leftovers\n|-heal|p2b: Incineroar|50/100|[from] Grassy Terrain\n|upkeep\n|\n|t:|1746016766\n|switch|p1a: Urshifu|Urshifu-Rapid-Strike, L50, M, tera:Grass|51/100\n|turn|10\n|inactive|tornadoboy1234 has 30 seconds left.\n|\n|t:|1746016796\n|move|p2a: Lunala|Protect|p2a: Lunala\n|-singleturn|p2a: Lunala|Protect\n|move|p1b: Zamazenta|Behemoth Bash|p2a: Lunala\n|-activate|p2a: Lunala|move: Protect\n|move|p1a: Urshifu|Surging Strikes|p2a: Lunala\n|-crit|p2a: Lunala\n|-damage|p2a: Lunala|67/100\n|-crit|p2a: Lunala\n|-damage|p2a: Lunala|51/100\n|-crit|p2a: Lunala\n|-damage|p2a: Lunala|36/100\n|-hitcount|p2a: Lunala|3\n|move|p2b: Incineroar|Will-O-Wisp|p1b: Zamazenta|[miss]\n|-miss|p2b: Incineroar|p1b: Zamazenta\n|\n|-heal|p1b: Zamazenta|48/100|[from] Grassy Terrain\n|-heal|p1a: Urshifu|57/100|[from] Grassy Terrain\n|-heal|p2a: Lunala|42/100|[from] Grassy Terrain\n|-heal|p2a: Lunala|48/100|[from] item: Leftovers\n|-heal|p2b: Incineroar|55/100|[from] Grassy Terrain\n|-fieldend|move: Grassy Terrain\n|upkeep\n|turn|11\n|inactive|WithoutHands has 30 seconds left.\n|inactive|tornadoboy1234 has 30 seconds left.\n|\n|t:|1746016827\n|switch|p2a: Amoonguss|Amoonguss, L50, M|79/100\n|move|p1b: Zamazenta|Body Press|p2b: Incineroar\n|-supereffective|p2b: Incineroar\n|-enditem|p2b: Incineroar|Chople Berry|[eat]\n|-enditem|p2b: Incineroar|Chople Berry|[weaken]\n|-damage|p2b: Incineroar|0 fnt\n|faint|p2b: Incineroar\n|move|p1a: Urshifu|Surging Strikes|p2a: Amoonguss\n|-resisted|p2a: Amoonguss\n|-crit|p2a: Amoonguss\n|-damage|p2a: Amoonguss|70/100\n|-damage|p1a: Urshifu|41/100|[from] item: Rocky Helmet|[of] p2a: Amoonguss\n|-resisted|p2a: Amoonguss\n|-crit|p2a: Amoonguss\n|-damage|p2a: Amoonguss|60/100\n|-damage|p1a: Urshifu|25/100|[from] item: Rocky Helmet|[of] p2a: Amoonguss\n|-resisted|p2a: Amoonguss\n|-crit|p2a: Amoonguss\n|-damage|p2a: Amoonguss|49/100\n|-damage|p1a: Urshifu|8/100|[from] item: Rocky Helmet|[of] p2a: Amoonguss\n|-hitcount|p2a: Amoonguss|3\n|\n|upkeep\n|\n|t:|1746016841\n|switch|p2b: Rillaboom|Rillaboom, L50, F|17/100\n|-fieldstart|move: Grassy Terrain|[from] ability: Grassy Surge|[of] p2b: Rillaboom\n|turn|12\n|\n|t:|1746016859\n|move|p1a: Urshifu|Detect|p1a: Urshifu\n|-singleturn|p1a: Urshifu|Protect\n|move|p2b: Rillaboom|Fake Out|p1a: Urshifu\n|-activate|p1a: Urshifu|move: Protect\n|move|p1b: Zamazenta|Behemoth Bash|p2b: Rillaboom\n|-damage|p2b: Rillaboom|0 fnt\n|faint|p2b: Rillaboom\n|move|p2a: Amoonguss|Pollen Puff|p2: Rillaboom|[notarget]\n|-fail|p2a: Amoonguss\n|\n|-heal|p1b: Zamazenta|54/100|[from] Grassy Terrain\n|-heal|p1a: Urshifu|14/100|[from] Grassy Terrain\n|-heal|p2a: Amoonguss|55/100|[from] Grassy Terrain\n|upkeep\n|\n|t:|1746016863\n|switch|p2b: Lunala|Lunala, L50, tera:Fairy|48/100\n|turn|13\n|inactive|WithoutHands has 30 seconds left.\n|inactive|tornadoboy1234 has 30 seconds left.\n|inactive|WithoutHands has 20 seconds left.\n|inactive|WithoutHands has 15 seconds left.\n|inactive|WithoutHands has 10 seconds left.\n|\n|t:|1746016905\n|move|p2b: Lunala|Protect|p2b: Lunala\n|-singleturn|p2b: Lunala|Protect\n|move|p1b: Zamazenta|Behemoth Bash|p2a: Amoonguss\n|-damage|p2a: Amoonguss|32/100\n|-damage|p1b: Zamazenta|37/100|[from] item: Rocky Helmet|[of] p2a: Amoonguss\n|move|p1a: Urshifu|Surging Strikes|p2b: Lunala\n|-crit|p2b: Lunala\n|-damage|p2b: Lunala|33/100\n|-crit|p2b: Lunala\n|-damage|p2b: Lunala|18/100\n|-crit|p2b: Lunala\n|-damage|p2b: Lunala|0 fnt\n|faint|p2b: Lunala\n|-hitcount|p2: Lunala|3\n|move|p2a: Amoonguss|Pollen Puff|p1a: Urshifu\n|-supereffective|p1a: Urshifu\n|-damage|p1a: Urshifu|0 fnt\n|faint|p1a: Urshifu\n|\n|-heal|p1b: Zamazenta|43/100|[from] Grassy Terrain\n|-heal|p2a: Amoonguss|38/100|[from] Grassy Terrain\n|upkeep\n|turn|14\n|inactive|WithoutHands has 10 seconds left this turn.\n|inactive|WithoutHands has 5 seconds left.\n|-message|WithoutHands lost due to inactivity.\n|\n|win|tornadoboy1234\n|raw|WithoutHands's rating: 1406 &rarr; <strong>1382</strong><br />(-24 for losing)\n|raw|tornadoboy1234's rating: 1334 &rarr; <strong>1358</strong><br />(+24 for winning)\n|c|\u2606WithoutHands|???\n|c|\u2606WithoutHands|Damn\n|c|\u2606tornadoboy1234|time rip\n|c|\u2606WithoutHands|Ggs\n|c|\u2606tornadoboy1234|gg\n", "uploadtime": 1746016983, "views": 15, "formatid": "gen9vgc2025regibo3", "rating": 1358, "private": 0, "password": null}