{"id": "gen9vgc2025regibo3-2353491772", "format": "[Gen 9] VGC 2025 Reg I (Bo3)", "players": ["Viewset", "pon seis nueve"], "log": "|j|\u2606Viewset\n|j|\u2606pon seis nueve\n|html|<table width=\"100%\"><tr><td align=\"left\">Viewset</td><td align=\"right\">pon seis nueve</tr><tr><td align=\"left\"><i class=\"fa fa-circle-o\"></i> <i class=\"fa fa-circle-o\"></i> </td><td align=\"right\"><i class=\"fa fa-circle-o\"></i> <i class=\"fa fa-circle\"></i> </tr></table>\n|uhtml|bestof|<h2><strong>Game 2</strong> of <a href=\"/game-bestof3-gen9vgc2025regibo3-2353489597\">a best-of-3</a></h2>\n|t:|1745960995\n|gametype|doubles\n|player|p1|Viewset|ghetsis-gen5bw|1071\n|player|p2|pon seis nueve|marlon|1054\n|teamsize|p1|6\n|teamsize|p2|6\n|gen|9\n|tier|[Gen 9] VGC 2025 Reg I (Bo3)\n|rated|\n|rule|Species Clause: Limit one of each Pok\u00e9mon\n|rule|Item Clause: Limit 1 of each item\n|clearpoke\n|poke|p1|Iron Jugulis, L50|\n|poke|p1|Terapagos, L50, M|\n|poke|p1|Sableye, L50, M|\n|poke|p1|Landorus-Therian, L50, M|\n|poke|p1|Armarouge, L50, F|\n|poke|p1|Eternatus, L50|\n|poke|p2|Zamazenta-*, L50|\n|poke|p2|Calyrex-Shadow, L50|\n|poke|p2|Tornadus, L50, M|\n|poke|p2|Urshifu-*, L50, F|\n|poke|p2|Rillaboom, L50, M|\n|poke|p2|Chien-Pao, L50|\n|teampreview|4\n|showteam|p1|Iron Jugulis||BoosterEnergy|QuarkDrive|Tailwind,Snarl,Hurricane,FlashCannon||||||50|,,,,,Steel]Terapagos||ChoiceSpecs|TeraShift|TeraStarstorm,EarthPower,DragonPulse,Protect|||M|||50|,,,,,Stellar]Sableye||FocusSash|Prankster|WillOWisp,Quash,Taunt,FoulPlay|||M|||50|,,,,,Ghost]Landorus-Therian||ChoiceScarf|Intimidate|Earthquake,RockSlide,Uturn,TeraBlast|||M|||50|,,,,,Flying]Armarouge||WeaknessPolicy|FlashFire|ArmorCannon,ExpandingForce,WideGuard,Protect|||F|||50|,,,,,Grass]Eternatus||BlackSludge|Pressure|DynamaxCannon,SludgeBomb,Recover,Protect||||||50|,,,,,Poison\n|showteam|p2|Zamazenta-Crowned||RustedShield|DauntlessShield|BodyPress,HeavySlam,WideGuard,Protect||||||50|,,,,,Ghost]Calyrex-Shadow||FocusSash|AsOneSpectrier|AstralBarrage,Psychic,Encore,Protect||||||50|,,,,,Ghost]Tornadus||RockyHelmet|Prankster|BleakwindStorm,Tailwind,RainDance,Protect|||M|||50|,,,,,Dark]Urshifu-Rapid-Strike||MysticWater|UnseenFist|SurgingStrikes,CloseCombat,AquaJet,Detect|||F|||50|,,,,,Water]Rillaboom||AssaultVest|GrassySurge|WoodHammer,GrassyGlide,Uturn,FakeOut|||M|||50|,,,,,Fire]Chien-Pao||LifeOrb|SwordofRuin|SuckerPunch,IcicleCrash,ThroatChop,Protect||||||50|,,,,,Stellar\n|\n|t:|1745961013\n|start\n|switch|p1a: Iron Jugulis|Iron Jugulis, L50, shiny|100/100\n|switch|p1b: Sableye|Sableye, L50, M, shiny|100/100\n|switch|p2a: Zamazenta|Zamazenta-Crowned, L50|100/100\n|switch|p2b: Chien-Pao|Chien-Pao, L50|100/100\n|-ability|p2b: Chien-Pao|Sword of Ruin\n|-ability|p2a: Zamazenta|Dauntless Shield|boost\n|-boost|p2a: Zamazenta|def|1\n|-enditem|p1a: Iron Jugulis|Booster Energy\n|-activate|p1a: Iron Jugulis|ability: Quark Drive|[fromitem]\n|-start|p1a: Iron Jugulis|quarkdrivespe\n|turn|1\n|\n|t:|1745961033\n|move|p2a: Zamazenta|Protect|p2a: Zamazenta\n|-singleturn|p2a: Zamazenta|Protect\n|move|p1b: Sableye|Taunt|p2a: Zamazenta\n|-activate|p2a: Zamazenta|move: Protect\n|move|p1a: Iron Jugulis|Tailwind|p1a: Iron Jugulis\n|-sidestart|p1: Viewset|move: Tailwind\n|move|p2b: Chien-Pao|Icicle Crash|p1a: Iron Jugulis\n|-supereffective|p1a: Iron Jugulis\n|-damage|p1a: Iron Jugulis|0 fnt\n|faint|p1a: Iron Jugulis\n|-end|p1a: Iron Jugulis|Quark Drive|[silent]\n|-damage|p2b: Chien-Pao|91/100|[from] item: Life Orb\n|\n|upkeep\n|\n|t:|1745961045\n|switch|p1a: Eternatus|Eternatus, L50|100/100\n|-ability|p1a: Eternatus|Pressure\n|turn|2\n|\n|t:|1745961063\n|move|p1b: Sableye|Taunt|p2a: Zamazenta\n|-start|p2a: Zamazenta|move: Taunt\n|move|p1a: Eternatus|Dynamax Cannon|p2b: Chien-Pao\n|-damage|p2b: Chien-Pao|20/100\n|move|p2b: Chien-Pao|Icicle Crash|p1a: Eternatus\n|-supereffective|p1a: Eternatus\n|-damage|p1a: Eternatus|0 fnt\n|faint|p1a: Eternatus\n|-damage|p2b: Chien-Pao|11/100|[from] item: Life Orb\n|move|p2a: Zamazenta|Body Press|p1b: Sableye\n|-immune|p1b: Sableye\n|\n|upkeep\n|\n|t:|1745961075\n|switch|p1a: Terapagos|Terapagos, L50, M|100/100\n|-activate|p1a: Terapagos|ability: Tera Shift\n|detailschange|p1a: Terapagos|Terapagos-Terastal, L50, M\n|-heal|p1a: Terapagos|100/100|[silent]\n|turn|3\n|\n|t:|1745961091\n|switch|p2a: Urshifu|Urshifu-Rapid-Strike, L50, F|100/100\n|-terastallize|p1a: Terapagos|Stellar\n|detailschange|p1a: Terapagos|Terapagos-Stellar, L50, M, tera:Stellar\n|-heal|p1a: Terapagos|100/100|[silent]\n|move|p1a: Terapagos|Tera Starstorm|p2a: Urshifu|[spread] p2a,p2b\n|-damage|p2a: Urshifu|21/100\n|-damage|p2b: Chien-Pao|0 fnt\n|faint|p2b: Chien-Pao\n|move|p1b: Sableye|Foul Play|p2a: Urshifu\n|-resisted|p2a: Urshifu\n|-damage|p2a: Urshifu|0 fnt\n|faint|p2a: Urshifu\n|\n|upkeep\n|\n|t:|1745961099\n|switch|p2b: Calyrex|Calyrex-Shadow, L50|100/100\n|switch|p2a: Zamazenta|Zamazenta-Crowned, L50|100/100\n|-ability|p2b: Calyrex|As One\n|-ability|p2b: Calyrex|Unnerve\n|turn|4\n|\n|t:|1745961114\n|move|p2b: Calyrex|Protect|p2b: Calyrex\n|-singleturn|p2b: Calyrex|Protect\n|move|p2a: Zamazenta|Protect|p2a: Zamazenta\n|-singleturn|p2a: Zamazenta|Protect\n|move|p1b: Sableye|Taunt|p2a: Zamazenta\n|-activate|p2a: Zamazenta|move: Protect\n|move|p1a: Terapagos|Tera Starstorm|p2b: Calyrex|[spread] \n|-activate|p2a: Zamazenta|move: Protect\n|-activate|p2b: Calyrex|move: Protect\n|\n|-sideend|p1: Viewset|move: Tailwind\n|upkeep\n|turn|5\n|\n|t:|1745961139\n|move|p2a: Zamazenta|Wide Guard|p2a: Zamazenta\n|-singleturn|p2a: Zamazenta|Wide Guard\n|move|p1b: Sableye|Taunt|p2a: Zamazenta\n|-start|p2a: Zamazenta|move: Taunt\n|move|p2b: Calyrex|Psychic|p1a: Terapagos\n|-damage|p1a: Terapagos|63/100\n|-unboost|p1a: Terapagos|spd|1\n|move|p1a: Terapagos|Tera Starstorm|p2b: Calyrex|[spread] \n|-activate|p2a: Zamazenta|move: Wide Guard\n|-activate|p2b: Calyrex|move: Wide Guard\n|\n|upkeep\n|turn|6\n|\n|t:|1745961168\n|move|p1b: Sableye|Quash|p2b: Calyrex\n|-activate|p2b: Calyrex|move: Quash\n|move|p2a: Zamazenta|Body Press|p1a: Terapagos\n|-supereffective|p1a: Terapagos\n|-damage|p1a: Terapagos|0 fnt\n|faint|p1a: Terapagos\n|move|p2b: Calyrex|Psychic|p1b: Sableye\n|-immune|p1b: Sableye\n|\n|upkeep\n|turn|7\n|-message|Viewset forfeited.\n|\n|win|pon seis nueve\n|raw|Viewset's rating: 1071 &rarr; <strong>1049</strong><br />(-22 for losing)\n|raw|pon seis nueve's rating: 1054 &rarr; <strong>1087</strong><br />(+33 for winning)\n|l|\u2606Viewset\n|player|p1|\n|l|\u2606pon seis nueve\n|player|p2|\n", "uploadtime": 1745961189, "views": 26, "formatid": "gen9vgc2025regibo3", "rating": 1049, "private": 0, "password": null}