{"id": "gen9vgc2025regibo3-2354901589", "format": "[Gen 9] VGC 2025 Reg I (Bo3)", "players": ["Fayz Sharpie", "flubberbut"], "log": "|j|\u2606Fayz Sharpie\n|j|\u2606flubberbut\n|html|<table width=\"100%\"><tr><td align=\"left\">Fayz Sharpie</td><td align=\"right\">flubberbut</tr><tr><td align=\"left\"><i class=\"fa fa-circle-o\"></i> <i class=\"fa fa-circle-o\"></i> </td><td align=\"right\"><i class=\"fa fa-circle-o\"></i> <i class=\"fa fa-circle\"></i> </tr></table>\n|uhtml|bestof|<h2><strong>Game 2</strong> of <a href=\"/game-bestof3-gen9vgc2025regibo3-2354897287\">a best-of-3</a></h2>\n|t:|1746130006\n|gametype|doubles\n|player|p1|Fayz Sharpie|koga|1285\n|player|p2|flubberbut|hoopster|1340\n|teamsize|p1|6\n|teamsize|p2|6\n|gen|9\n|tier|[Gen 9] VGC 2025 Reg I (Bo3)\n|rated|\n|rule|Species Clause: Limit one of each Pok\u00e9mon\n|rule|Item Clause: Limit 1 of each item\n|clearpoke\n|poke|p1|Koraidon, L50|\n|poke|p1|Lunala, L50|\n|poke|p1|Brute Bonnet, L50|\n|poke|p1|Chi-Yu, L50|\n|poke|p1|Flutter Mane, L50|\n|poke|p1|Raging Bolt, L50|\n|poke|p2|Ting-Lu, L50|\n|poke|p2|Dondozo, L50, F|\n|poke|p2|Zamazenta-*, L50|\n|poke|p2|Chien-Pao, L50|\n|poke|p2|Dragonite, L50, F|\n|poke|p2|Miraidon, L50|\n|teampreview|4\n|showteam|p1|Koraidon||LifeOrb|OrichalcumPulse|CloseCombat,FlareBlitz,FlameCharge,Protect||||||50|,,,,,Fire]Lunala||PowerHerb|ShadowShield|MoongeistBeam,MeteorBeam,WideGuard,TrickRoom||||||50|,,,,,Water]Brute Bonnet||CovertCloak|Protosynthesis|Crunch,Spore,RagePowder,Protect||||||50|,,,,,Poison]Chi-Yu||ChoiceScarf|BeadsofRuin|HeatWave,DarkPulse,Snarl,Overheat||||||50|,,,,,Ghost]Flutter Mane||FocusSash|Protosynthesis|Moonblast,Taunt,IcyWind,Protect||||||50|,,,,,Normal]Raging Bolt||AssaultVest|Protosynthesis|Thunderbolt,DracoMeteor,Thunderclap,VoltSwitch||||||50|,,,,,Fairy\n|showteam|p2|Ting-Lu||RockyHelmet|VesselofRuin|Protect,SandTomb,Ruination,Taunt||||||50|,,,,,Poison]Dondozo||Leftovers|Unaware|WaveCrash,Yawn,Protect,Fissure|||F|||50|,,,,,Poison]Zamazenta-Crowned||RustedShield|DauntlessShield|HeavySlam,BodyPress,WideGuard,Protect||||||50|,,,,,Dragon]Chien-Pao||FocusSash|SwordofRuin|SuckerPunch,IceShard,IceSpinner,Protect||||||50|,,,,,Stellar]Dragonite||ChoiceBand|InnerFocus|ExtremeSpeed,Outrage,AquaJet,AerialAce|||F|||50|,,,,,Normal]Miraidon||ChoiceScarf|HadronEngine|VoltSwitch,DracoMeteor,ElectroDrift,Overheat||||||50|,,,,,Ghost\n|inactive|Battle timer is ON: inactive players will automatically lose when time's up. (requested by Fayz Sharpie)\n|\n|t:|1746130028\n|start\n|switch|p1a: Raging Bolt|Raging Bolt, L50|100/100\n|switch|p1b: Koraidon|Koraidon, L50|100/100\n|switch|p2a: Miraidon|Miraidon, L50|100/100\n|switch|p2b: Dragonite|Dragonite, L50, F|100/100\n|-fieldstart|move: Electric Terrain|[from] ability: Hadron Engine|[of] p2a: Miraidon\n|-weather|SunnyDay|[from] ability: Orichalcum Pulse|[of] p1b: Koraidon\n|-activate|p1a: Raging Bolt|ability: Protosynthesis\n|-start|p1a: Raging Bolt|protosynthesisspa\n|-activate|p1b: Koraidon|Orichalcum Pulse|[source]\n|turn|1\n|inactive|Fayz Sharpie has 30 seconds left.\n|inactive|flubberbut has 30 seconds left.\n|inactive|Fayz Sharpie has 20 seconds left.\n|inactive|flubberbut has 20 seconds left.\n|inactive|Fayz Sharpie has 15 seconds left.\n|inactive|flubberbut has 15 seconds left.\n|inactive|Fayz Sharpie has 10 seconds left.\n|inactive|Fayz Sharpie has 5 seconds left.\n|\n|t:|1746130083\n|-terastallize|p2b: Dragonite|Normal\n|move|p2b: Dragonite|Extreme Speed|p1a: Raging Bolt\n|-damage|p1a: Raging Bolt|50/100\n|move|p2a: Miraidon|Volt Switch|p1b: Koraidon\n|-resisted|p1b: Koraidon\n|-damage|p1b: Koraidon|66/100\n|\n|t:|1746130099\n|switch|p2a: Zamazenta|Zamazenta-Crowned, L50|100/100|[from] Volt Switch\n|-ability|p2a: Zamazenta|Dauntless Shield|boost\n|-boost|p2a: Zamazenta|def|1\n|move|p1b: Koraidon|Close Combat|p2b: Dragonite\n|-supereffective|p2b: Dragonite\n|-damage|p2b: Dragonite|0 fnt\n|-unboost|p1b: Koraidon|def|1\n|-unboost|p1b: Koraidon|spd|1\n|faint|p2b: Dragonite\n|-damage|p1b: Koraidon|56/100|[from] item: Life Orb\n|move|p1a: Raging Bolt|Thunderbolt|p2a: Zamazenta\n|-damage|p2a: Zamazenta|39/100\n|\n|-weather|SunnyDay|[upkeep]\n|upkeep\n|\n|t:|1746130114\n|switch|p2b: Miraidon|Miraidon, L50|100/100\n|-activate|p2b: Miraidon|ability: Hadron Engine\n|turn|2\n|\n|t:|1746130126\n|switch|p1b: Lunala|Lunala, L50|100/100\n|switch|p2a: Ting-Lu|Ting-Lu, L50|100/100\n|-ability|p2a: Ting-Lu|Vessel of Ruin\n|move|p1a: Raging Bolt|Thunderclap||[still]\n|-fail|p1a: Raging Bolt\n|move|p2b: Miraidon|Electro Drift|p1b: Lunala\n|-damage|p1b: Lunala|78/100\n|\n|-weather|SunnyDay|[upkeep]\n|upkeep\n|turn|3\n|\n|t:|1746130148\n|move|p2b: Miraidon|Electro Drift|p1b: Lunala\n|-damage|p1b: Lunala|33/100\n|move|p1b: Lunala|Meteor Beam||[still]\n|-prepare|p1b: Lunala|Meteor Beam\n|-boost|p1b: Lunala|spa|1\n|-enditem|p1b: Lunala|Power Herb\n|-anim|p1b: Lunala|Meteor Beam|p2b: Miraidon\n|-damage|p2b: Miraidon|50/100\n|move|p1a: Raging Bolt|Thunderbolt|p2b: Miraidon\n|-resisted|p2b: Miraidon\n|-damage|p2b: Miraidon|37/100\n|move|p2a: Ting-Lu|Sand Tomb|p1a: Raging Bolt\n|-supereffective|p1a: Raging Bolt\n|-damage|p1a: Raging Bolt|30/100\n|-activate|p1a: Raging Bolt|move: Sand Tomb|[of] p2a: Ting-Lu\n|\n|-weather|SunnyDay|[upkeep]\n|-damage|p1a: Raging Bolt|18/100|[from] move: Sand Tomb|[partiallytrapped]\n|upkeep\n|turn|4\n|inactive|flubberbut has 30 seconds left.\n|\n|t:|1746130180\n|move|p2b: Miraidon|Electro Drift|p1b: Lunala\n|-damage|p1b: Lunala|0 fnt\n|faint|p1b: Lunala\n|move|p1a: Raging Bolt|Draco Meteor|p2a: Ting-Lu|[miss]\n|-miss|p1a: Raging Bolt|p2a: Ting-Lu\n|move|p2a: Ting-Lu|Taunt|p1a: Raging Bolt\n|-start|p1a: Raging Bolt|move: Taunt\n|\n|-weather|SunnyDay|[upkeep]\n|-damage|p1a: Raging Bolt|6/100|[from] move: Sand Tomb|[partiallytrapped]\n|upkeep\n|inactive|Fayz Sharpie has 30 seconds left.\n|inactive|Fayz Sharpie has 20 seconds left.\n|\n|t:|1746130218\n|switch|p1b: Koraidon|Koraidon, L50|56/100\n|-activate|p1b: Koraidon|ability: Orichalcum Pulse\n|turn|5\n|\n|t:|1746130230\n|move|p1b: Koraidon|Protect|p1b: Koraidon\n|-singleturn|p1b: Koraidon|Protect\n|move|p2a: Ting-Lu|Protect|p2a: Ting-Lu\n|-singleturn|p2a: Ting-Lu|Protect\n|move|p2b: Miraidon|Electro Drift|p1b: Koraidon\n|-activate|p1b: Koraidon|move: Protect\n|move|p1a: Raging Bolt|Draco Meteor|p2a: Ting-Lu\n|-activate|p2a: Ting-Lu|move: Protect\n|\n|-weather|none\n|-end|p1a: Raging Bolt|Protosynthesis\n|-damage|p1a: Raging Bolt|0 fnt|[from] move: Sand Tomb|[partiallytrapped]\n|faint|p1a: Raging Bolt\n|-end|p1a: Raging Bolt|Protosynthesis|[silent]\n|-fieldend|move: Electric Terrain\n|upkeep\n|inactive|Fayz Sharpie has 30 seconds left.\n|inactive|Fayz Sharpie has 20 seconds left.\n|\n|t:|1746130269\n|switch|p1a: Flutter Mane|Flutter Mane, L50|100/100\n|turn|6\n|\n|t:|1746130284\n|move|p2b: Miraidon|Electro Drift|p1b: Koraidon\n|-resisted|p1b: Koraidon\n|-damage|p1b: Koraidon|37/100\n|move|p1b: Koraidon|Close Combat|p2a: Ting-Lu\n|-supereffective|p2a: Ting-Lu\n|-damage|p2a: Ting-Lu|19/100\n|-unboost|p1b: Koraidon|def|1\n|-unboost|p1b: Koraidon|spd|1\n|-damage|p1b: Koraidon|20/100|[from] item: Rocky Helmet|[of] p2a: Ting-Lu\n|-damage|p1b: Koraidon|11/100|[from] item: Life Orb\n|move|p1a: Flutter Mane|Moonblast|p2b: Miraidon\n|-supereffective|p2b: Miraidon\n|-damage|p2b: Miraidon|0 fnt\n|faint|p2b: Miraidon\n|move|p2a: Ting-Lu|Sand Tomb|p1b: Koraidon\n|-damage|p1b: Koraidon|0 fnt\n|faint|p1b: Koraidon\n|\n|upkeep\n|\n|t:|1746130299\n|switch|p2b: Zamazenta|Zamazenta-Crowned, L50|39/100\n|turn|7\n|inactive|Fayz Sharpie has 30 seconds left.\n|\n|t:|1746130331\n|move|p1a: Flutter Mane|Moonblast|p2a: Ting-Lu\n|-supereffective|p2a: Ting-Lu\n|-damage|p2a: Ting-Lu|0 fnt\n|faint|p2a: Ting-Lu\n|move|p2b: Zamazenta|Heavy Slam|p1a: Flutter Mane\n|-supereffective|p1a: Flutter Mane\n|-enditem|p1a: Flutter Mane|Focus Sash\n|-damage|p1a: Flutter Mane|1/100\n|\n|upkeep\n|turn|8\n|\n|t:|1746130339\n|move|p1a: Flutter Mane|Moonblast|p2b: Zamazenta\n|-damage|p2b: Zamazenta|0 fnt\n|faint|p2b: Zamazenta\n|\n|win|Fayz Sharpie\n||flubberbut is ready for game 3.\n|l|\u2606Fayz Sharpie\n|player|p1|\n|inactive|Fayz Sharpie has 30 seconds to confirm battle start!\n||Fayz Sharpie is ready for game 3.\n|uhtml|next|Next: <a href=\"/battle-gen9vgc2025regibo3-2354905126\"><strong>Game 3 of 3</strong></a>\n|l|\u2606flubberbut\n|player|p2|\n", "uploadtime": 1746130720, "views": 5, "formatid": "gen9vgc2025regibo3", "rating": null, "private": 0, "password": null}