{"id": "gen9vgc2025regibo3-2354489328", "format": "[Gen 9] VGC 2025 Reg I (Bo3)", "players": ["sindreck", "PatxiF"], "log": "|j|\u2606sindreck\n|j|\u2606PatxiF\n|html|<table width=\"100%\"><tr><td align=\"left\">sindreck</td><td align=\"right\">PatxiF</tr><tr><td align=\"left\"><i class=\"fa fa-circle-o\"></i> <i class=\"fa fa-circle-o\"></i> </td><td align=\"right\"><i class=\"fa fa-circle-o\"></i> <i class=\"fa fa-circle-o\"></i> </tr></table>\n|uhtml|bestof|<h2><strong>Game 1</strong> of <a href=\"/game-bestof3-gen9vgc2025regibo3-2354489327\">a best-of-3</a></h2>\n|t:|1746080362\n|gametype|doubles\n|player|p1|sindreck|1|1100\n|player|p2|PatxiF|benga|1000\n|teamsize|p1|6\n|teamsize|p2|6\n|gen|9\n|tier|[Gen 9] VGC 2025 Reg I (Bo3)\n|rated|\n|rule|Species Clause: Limit one of each Pok\u00e9mon\n|rule|Item Clause: Limit 1 of each item\n|clearpoke\n|poke|p1|Miraidon, L50|\n|poke|p1|Groudon, L50|\n|poke|p1|Raging Bolt, L50|\n|poke|p1|Flutter Mane, L50|\n|poke|p1|Chi-Yu, L50|\n|poke|p1|Whimsicott, L50, F|\n|poke|p2|Tornadus, L50, M|\n|poke|p2|Urshifu-*, L50, M|\n|poke|p2|Zamazenta-*, L50|\n|poke|p2|Rillaboom, L50, M|\n|poke|p2|Incineroar, L50, M|\n|poke|p2|Calyrex-Shadow, L50|\n|teampreview|4\n|showteam|p1|Miraidon||ChoiceSpecs|HadronEngine|VoltSwitch,Discharge,DazzlingGleam,DracoMeteor||||||50|,,,,,Fairy]Groudon||ClearAmulet|Drought|PrecipiceBlades,StompingTantrum,HeatCrash,Protect||||||50|,,,,,Fire]Raging Bolt||AssaultVest|Protosynthesis|Thunderclap,Discharge,Snarl,DragonPulse||||||50|,,,,,Water]Flutter Mane||FocusSash|Protosynthesis|DazzlingGleam,ShadowBall,IcyWind,Protect||||||50|,,,,,Normal]Chi-Yu||ChoiceScarf|BeadsofRuin|HeatWave,Snarl,Overheat,DarkPulse||||||50|,,,,,Ghost]Whimsicott||CovertCloak|Prankster|Moonblast,Encore,Tailwind,LightScreen|||F|||50|,,,,,Grass\n|showteam|p2|Tornadus||CovertCloak|Prankster|RainDance,BleakwindStorm,Tailwind,Taunt|||M|||50|,,,,,Dark]Urshifu-Rapid-Strike||ChoiceScarf|UnseenFist|SurgingStrikes,Uturn,CloseCombat,AquaJet|||M|||50|,,,,,Water]Zamazenta-Crowned||RustedShield|DauntlessShield|Protect,BodyPress,HeavySlam,WideGuard||||||50|,,,,,Dragon]Rillaboom||AssaultVest|GrassySurge|FakeOut,WoodHammer,GrassyGlide,Uturn|||M|||50|,,,,,Fire]Incineroar||RockyHelmet|Intimidate|FakeOut,KnockOff,PartingShot,HelpingHand|||M|||50|,,,,,Bug]Calyrex-Shadow||LifeOrb|AsOneSpectrier|Protect,NastyPlot,Psychic,AstralBarrage||||||50|,,,,,Dark\n|\n|t:|1746080405\n|start\n|switch|p1a: Whimsicott|Whimsicott, L50, F|100/100\n|switch|p1b: Groudon|Groudon, L50|100/100\n|switch|p2a: Tornadus|Tornadus, L50, M|100/100\n|switch|p2b: Urshifu|Urshifu-Rapid-Strike, L50, M|100/100\n|-weather|SunnyDay|[from] ability: Drought|[of] p1b: Groudon\n|turn|1\n|\n|t:|1746080434\n|move|p1a: Whimsicott|Tailwind|p1a: Whimsicott\n|-sidestart|p1: sindreck|move: Tailwind\n|move|p2a: Tornadus|Taunt|p1a: Whimsicott\n|-start|p1a: Whimsicott|move: Taunt\n|move|p2b: Urshifu|U-turn|p1b: Groudon\n|-damage|p1b: Groudon|83/100\n|\n|t:|1746080449\n|switch|p2b: Zamazenta|Zamazenta-Crowned, L50|100/100|[from] U-turn\n|-ability|p2b: Zamazenta|Dauntless Shield|boost\n|-boost|p2b: Zamazenta|def|1\n|move|p1b: Groudon|Precipice Blades|p2b: Zamazenta|[spread] \n|-immune|p2a: Tornadus\n|-miss|p1b: Groudon|p2b: Zamazenta\n|\n|-weather|SunnyDay|[upkeep]\n|upkeep\n|turn|2\n|\n|t:|1746080470\n|move|p2b: Zamazenta|Wide Guard|p2b: Zamazenta\n|-singleturn|p2b: Zamazenta|Wide Guard\n|move|p2a: Tornadus|Tailwind|p2a: Tornadus\n|-sidestart|p2: PatxiF|move: Tailwind\n|move|p1a: Whimsicott|Moonblast|p2b: Zamazenta\n|-damage|p2b: Zamazenta|74/100\n|-unboost|p2b: Zamazenta|spa|1\n|move|p1b: Groudon|Stomping Tantrum|p2b: Zamazenta\n|-supereffective|p2b: Zamazenta\n|-damage|p2b: Zamazenta|3/100\n|\n|-weather|SunnyDay|[upkeep]\n|upkeep\n|turn|3\n|\n|t:|1746080499\n|switch|p1b: Chi-Yu|Chi-Yu, L50|100/100\n|-ability|p1b: Chi-Yu|Beads of Ruin\n|move|p2a: Tornadus|Rain Dance|p2a: Tornadus\n|-weather|RainDance\n|move|p1a: Whimsicott|Moonblast|p2b: Zamazenta\n|-damage|p2b: Zamazenta|0 fnt\n|faint|p2b: Zamazenta\n|\n|-weather|RainDance|[upkeep]\n|upkeep\n|\n|t:|1746080513\n|switch|p2b: Urshifu|Urshifu-Rapid-Strike, L50, M|100/100\n|turn|4\n|\n|t:|1746080542\n|-terastallize|p1b: Chi-Yu|Ghost\n|-terastallize|p2b: Urshifu|Water\n|move|p1b: Chi-Yu|Dark Pulse|p2a: Tornadus\n|-damage|p2a: Tornadus|31/100\n|move|p2b: Urshifu|Surging Strikes|p1b: Chi-Yu\n|-crit|p1b: Chi-Yu\n|-damage|p1b: Chi-Yu|31/100\n|-crit|p1b: Chi-Yu\n|-damage|p1b: Chi-Yu|0 fnt\n|faint|p1b: Chi-Yu\n|-hitcount|p1: Chi-Yu|2\n|move|p1a: Whimsicott|Moonblast|p2a: Tornadus\n|-damage|p2a: Tornadus|0 fnt\n|faint|p2a: Tornadus\n|\n|-weather|RainDance|[upkeep]\n|-end|p1a: Whimsicott|move: Taunt\n|-sideend|p1: sindreck|move: Tailwind\n|upkeep\n|\n|t:|1746080568\n|switch|p1b: Groudon|Groudon, L50|83/100\n|switch|p2a: Calyrex|Calyrex-Shadow, L50|100/100\n|-ability|p2a: Calyrex|As One\n|-ability|p2a: Calyrex|Unnerve\n|-weather|SunnyDay|[from] ability: Drought|[of] p1b: Groudon\n|turn|5\n|\n|t:|1746080590\n|move|p1a: Whimsicott|Tailwind|p1a: Whimsicott\n|-sidestart|p1: sindreck|move: Tailwind\n|move|p2b: Urshifu|Surging Strikes|p1b: Groudon\n|-supereffective|p1b: Groudon\n|-crit|p1b: Groudon\n|-damage|p1b: Groudon|65/100\n|-supereffective|p1b: Groudon\n|-crit|p1b: Groudon\n|-damage|p1b: Groudon|49/100\n|-supereffective|p1b: Groudon\n|-crit|p1b: Groudon\n|-damage|p1b: Groudon|31/100\n|-hitcount|p1b: Groudon|3\n|move|p2a: Calyrex|Astral Barrage|p1b: Groudon|[spread] p1a,p1b\n|-crit|p1a: Whimsicott\n|-damage|p1a: Whimsicott|0 fnt\n|-damage|p1b: Groudon|0 fnt\n|faint|p1a: Whimsicott\n|faint|p1b: Groudon\n|-ability|p2a: Calyrex|Grim Neigh|boost\n|-boost|p2a: Calyrex|spa|2\n|-damage|p2a: Calyrex|91/100|[from] item: Life Orb\n|\n|-weather|SunnyDay|[upkeep]\n|-sideend|p2: PatxiF|move: Tailwind\n|upkeep\n|\n|t:|1746080595\n|switch|p1a: Flutter Mane|Flutter Mane, L50|100/100\n|-activate|p1a: Flutter Mane|ability: Protosynthesis\n|-start|p1a: Flutter Mane|protosynthesisspe\n|turn|6\n|\n|t:|1746080618\n|move|p1a: Flutter Mane|Shadow Ball|p2b: Urshifu\n|-damage|p2b: Urshifu|42/100\n|move|p2b: Urshifu|Surging Strikes|p1a: Flutter Mane\n|-crit|p1a: Flutter Mane\n|-damage|p1a: Flutter Mane|68/100\n|-crit|p1a: Flutter Mane\n|-damage|p1a: Flutter Mane|40/100\n|-crit|p1a: Flutter Mane\n|-damage|p1a: Flutter Mane|11/100\n|-hitcount|p1a: Flutter Mane|3\n|move|p2a: Calyrex|Astral Barrage|p1a: Flutter Mane\n|-supereffective|p1a: Flutter Mane\n|-damage|p1a: Flutter Mane|0 fnt\n|faint|p1a: Flutter Mane\n|-end|p1a: Flutter Mane|Protosynthesis|[silent]\n|-damage|p2a: Calyrex|82/100|[from] item: Life Orb\n|\n|win|PatxiF\n|inactive|sindreck has 30 seconds to confirm battle start!\n|inactive|PatxiF has 30 seconds to confirm battle start!\n|inactive|sindreck has 20 seconds to confirm battle start!\n|inactive|PatxiF has 20 seconds to confirm battle start!\n||sindreck is ready for game 2.\n|inactive|PatxiF has 10 seconds to confirm battle start!\n|uhtml|next|Next: <a href=\"/battle-gen9vgc2025regibo3-2354490846\"><strong>Game 2 of 3</strong></a>\n|l|\u2606sindreck\n|player|p1|\n", "uploadtime": 1746080636, "views": 19, "formatid": "gen9vgc2025regibo3", "rating": null, "private": 0, "password": null}