{"id": "gen9vgc2025regibo3-2353652634", "format": "[Gen 9] VGC 2025 Reg I (Bo3)", "players": ["noodleSandwich111", "CouchChris"], "log": "|j|\u2606noodleSandwich111\n|j|\u2606CouchChris\n|html|<table width=\"100%\"><tr><td align=\"left\">noodleSandwich111</td><td align=\"right\">CouchChris</tr><tr><td align=\"left\"><i class=\"fa fa-circle-o\"></i> <i class=\"fa fa-circle-o\"></i> </td><td align=\"right\"><i class=\"fa fa-circle-o\"></i> <i class=\"fa fa-circle\"></i> </tr></table>\n|uhtml|bestof|<h2><strong>Game 2</strong> of <a href=\"/game-bestof3-gen9vgc2025regibo3-2353650513\">a best-of-3</a></h2>\n|t:|1745979305\n|gametype|doubles\n|player|p1|noodleSandwich111|lady|\n|player|p2|CouchChris|wattson|\n|teamsize|p1|6\n|teamsize|p2|6\n|gen|9\n|tier|[Gen 9] VGC 2025 Reg I (Bo3)\n|rule|Species Clause: Limit one of each Pok\u00e9mon\n|rule|Item Clause: Limit 1 of each item\n|clearpoke\n|poke|p1|Koraidon, L50|\n|poke|p1|Calyrex-Shadow, L50|\n|poke|p1|Flutter Mane, L50|\n|poke|p1|Indeedee-F, L50, F|\n|poke|p1|Brute Bonnet, L50|\n|poke|p1|Chi-Yu, L50|\n|poke|p2|Groudon, L50|\n|poke|p2|Lunala, L50|\n|poke|p2|Incineroar, L50, M|\n|poke|p2|Ogerpon-Hearthflame, L50, F|\n|poke|p2|Walking Wake, L50|\n|poke|p2|Rillaboom, L50, F|\n|teampreview|4\n|showteam|p1|Koraidon||LifeOrb|OrichalcumPulse|Protect,FlareBlitz,CloseCombat,FlameCharge||||||50|,,,,,Fire]Calyrex-Shadow||SpellTag|AsOneSpectrier|Protect,AstralBarrage,ExpandingForce,Substitute||||||50|,,,,,Water]Flutter Mane||FocusSash|Protosynthesis|Protect,Moonblast,ShadowBall,IcyWind||||||50|,,,,,Normal]Indeedee-F||SafetyGoggles|PsychicSurge|AlluringVoice,FollowMe,HelpingHand,TrickRoom|||F|||50|,,,,,Dragon]Brute Bonnet||CovertCloak|Protosynthesis|SeedBomb,SuckerPunch,Spore,RagePowder||||||50|,,,,,Water]Chi-Yu||ChoiceScarf|BeadsofRuin|DarkPulse,Flamethrower,HeatWave,Overheat||||||50|,,,,,Ghost\n|showteam|p2|Groudon||ClearAmulet|Drought|PrecipiceBlades,HeatCrash,StompingTantrum,Protect||||||50|,,,,,Fire]Lunala||PowerHerb|ShadowShield|MoongeistBeam,MeteorBeam,WideGuard,TrickRoom||||||50|,,,,,Fairy]Incineroar||SafetyGoggles|Intimidate|KnockOff,FakeOut,FlareBlitz,PartingShot|||M|||50|,,,,,Ghost]Ogerpon-Hearthflame||HearthflameMask|MoldBreaker|IvyCudgel,WoodHammer,FollowMe,SpikyShield|||F|||50|,,,,,Fire]Walking Wake||LifeOrb|Protosynthesis|WeatherBall,HydroSteam,DracoMeteor,Protect||||||50|,,,,,Fire]Rillaboom||AssaultVest|GrassySurge|FakeOut,GrassyGlide,Uturn,WoodHammer|||F|||50|,,,,,Fire\n|\n|t:|1745979344\n|start\n|switch|p1a: Calyrex|Calyrex-Shadow, L50|100/100\n|switch|p1b: Brute Bonnet|Brute Bonnet, L50|100/100\n|switch|p2a: Lunala|Lunala, L50|100/100\n|switch|p2b: Incineroar|Incineroar, L50, M|100/100\n|-ability|p1a: Calyrex|As One\n|-ability|p1a: Calyrex|Unnerve\n|-ability|p2b: Incineroar|Intimidate|boost\n|-unboost|p1a: Calyrex|atk|1\n|-unboost|p1b: Brute Bonnet|atk|1\n|turn|1\n|\n|t:|1745979392\n|-terastallize|p2a: Lunala|Fairy\n|-terastallize|p1b: Brute Bonnet|Water\n|move|p1a: Calyrex|Protect|p1a: Calyrex\n|-singleturn|p1a: Calyrex|Protect\n|move|p2a: Lunala|Moongeist Beam|p1a: Calyrex\n|-activate|p1a: Calyrex|move: Protect\n|move|p2b: Incineroar|Flare Blitz|p1b: Brute Bonnet\n|-resisted|p1b: Brute Bonnet\n|-damage|p1b: Brute Bonnet|85/100\n|-damage|p2b: Incineroar|95/100|[from] Recoil\n|move|p1b: Brute Bonnet|Spore|p2a: Lunala\n|-status|p2a: Lunala|slp|[from] move: Spore\n|\n|upkeep\n|turn|2\n|\n|t:|1745979447\n|switch|p1a: Koraidon|Koraidon, L50|100/100\n|-weather|SunnyDay|[from] ability: Orichalcum Pulse|[of] p1a: Koraidon\n|-activate|p1b: Brute Bonnet|ability: Protosynthesis\n|-start|p1b: Brute Bonnet|protosynthesisdef\n|-activate|p1a: Koraidon|Orichalcum Pulse|[source]\n|cant|p2a: Lunala|slp\n|move|p2b: Incineroar|Knock Off|p1a: Koraidon\n|-resisted|p1a: Koraidon\n|-damage|p1a: Koraidon|82/100\n|-enditem|p1a: Koraidon|Life Orb|[from] move: Knock Off|[of] p2b: Incineroar\n|move|p1b: Brute Bonnet|Seed Bomb|p2a: Lunala\n|-damage|p2a: Lunala|91/100 slp\n|\n|-weather|SunnyDay|[upkeep]\n|upkeep\n|turn|3\n|\n|t:|1745979482\n|move|p1a: Koraidon|Close Combat|p2b: Incineroar\n|-supereffective|p2b: Incineroar\n|-damage|p2b: Incineroar|0 fnt\n|-unboost|p1a: Koraidon|def|1\n|-unboost|p1a: Koraidon|spd|1\n|faint|p2b: Incineroar\n|cant|p2a: Lunala|slp\n|move|p1b: Brute Bonnet|Seed Bomb|p2a: Lunala\n|-damage|p2a: Lunala|71/100 slp\n|\n|-weather|SunnyDay|[upkeep]\n|upkeep\n|\n|t:|1745979493\n|switch|p2b: Walking Wake|Walking Wake, L50|100/100\n|-activate|p2b: Walking Wake|ability: Protosynthesis\n|-start|p2b: Walking Wake|protosynthesisspe\n|turn|4\n|\n|t:|1745979529\n|switch|p1a: Indeedee|Indeedee-F, L50, F|100/100\n|-fieldstart|move: Psychic Terrain|[from] ability: Psychic Surge|[of] p1a: Indeedee\n|move|p2b: Walking Wake|Protect|p2b: Walking Wake\n|-singleturn|p2b: Walking Wake|Protect\n|-curestatus|p2a: Lunala|slp|[msg]\n|move|p2a: Lunala|Meteor Beam||[still]\n|-prepare|p2a: Lunala|Meteor Beam\n|-boost|p2a: Lunala|spa|1\n|-enditem|p2a: Lunala|Power Herb\n|-anim|p2a: Lunala|Meteor Beam|p1b: Brute Bonnet\n|-damage|p1b: Brute Bonnet|29/100\n|move|p1b: Brute Bonnet|Spore|p2b: Walking Wake\n|-activate|p2b: Walking Wake|move: Protect\n|\n|-weather|SunnyDay|[upkeep]\n|upkeep\n|turn|5\n|j|~DaWoblefet\n|\n|t:|1745979582\n|move|p1a: Indeedee|Follow Me|p1a: Indeedee\n|-singleturn|p1a: Indeedee|move: Follow Me\n|move|p2b: Walking Wake|Hydro Steam|p1a: Indeedee\n|-damage|p1a: Indeedee|20/100\n|-damage|p2b: Walking Wake|91/100|[from] item: Life Orb\n|move|p2a: Lunala|Moongeist Beam|p1a: Indeedee\n|-immune|p1a: Indeedee\n|move|p1b: Brute Bonnet|Spore|p2a: Lunala\n|-status|p2a: Lunala|slp|[from] move: Spore\n|\n|-weather|SunnyDay|[upkeep]\n|upkeep\n|turn|6\n|c|~DaWoblefet|lunala use moongeist bean\n|\n|t:|1745979615\n|switch|p1a: Koraidon|Koraidon, L50|82/100\n|-activate|p1a: Koraidon|ability: Orichalcum Pulse\n|move|p2b: Walking Wake|Protect|p2b: Walking Wake\n|-singleturn|p2b: Walking Wake|Protect\n|cant|p2a: Lunala|slp\n|move|p1b: Brute Bonnet|Spore|p2b: Walking Wake\n|-activate|p2b: Walking Wake|move: Protect\n|\n|-weather|none\n|-end|p2b: Walking Wake|Protosynthesis\n|-end|p1b: Brute Bonnet|Protosynthesis\n|upkeep\n|turn|7\n|c|~DaWoblefet|bean daddy!!!\n|\n|t:|1745979634\n|switch|p2a: Groudon|Groudon, L50|100/100\n|-weather|SunnyDay|[from] ability: Drought|[of] p2a: Groudon\n|-activate|p2b: Walking Wake|ability: Protosynthesis\n|-start|p2b: Walking Wake|protosynthesisspe\n|-activate|p1b: Brute Bonnet|ability: Protosynthesis\n|-start|p1b: Brute Bonnet|protosynthesisdef\n|move|p1b: Brute Bonnet|Sucker Punch|p2b: Walking Wake\n|-activate|p2b: Walking Wake|move: Psychic Terrain\n|move|p2b: Walking Wake|Draco Meteor|p1a: Koraidon\n|-supereffective|p1a: Koraidon\n|-damage|p1a: Koraidon|0 fnt\n|-unboost|p2b: Walking Wake|spa|2\n|faint|p1a: Koraidon\n|-damage|p2b: Walking Wake|81/100|[from] item: Life Orb\n|\n|-weather|SunnyDay|[upkeep]\n|upkeep\n|c|\u2606noodleSandwich111|wait im a fool\n|\n|t:|1745979652\n|switch|p1a: Calyrex|Calyrex-Shadow, L50|100/100\n|-ability|p1a: Calyrex|As One\n|-ability|p1a: Calyrex|Unnerve\n|turn|8\n|\n|t:|1745979668\n|move|p2b: Walking Wake|Protect|p2b: Walking Wake\n|-singleturn|p2b: Walking Wake|Protect\n|move|p2a: Groudon|Protect|p2a: Groudon\n|-singleturn|p2a: Groudon|Protect\n|move|p1b: Brute Bonnet|Rage Powder|p1b: Brute Bonnet\n|-singleturn|p1b: Brute Bonnet|move: Rage Powder\n|move|p1a: Calyrex|Expanding Force|p2a: Groudon|[spread] \n|-activate|p2a: Groudon|move: Protect\n|-activate|p2b: Walking Wake|move: Protect\n|\n|-weather|SunnyDay|[upkeep]\n|-fieldend|move: Psychic Terrain\n|upkeep\n|turn|9\n|\n|t:|1745979707\n|-end|p2b: Walking Wake|Protosynthesis|[silent]\n|switch|p2b: Lunala|Lunala, L50, tera:Fairy|71/100 slp\n|-end|p1b: Brute Bonnet|Protosynthesis|[silent]\n|switch|p1b: Indeedee|Indeedee-F, L50, F|20/100\n|-fieldstart|move: Psychic Terrain|[from] ability: Psychic Surge|[of] p1b: Indeedee\n|move|p1a: Calyrex|Expanding Force|p2a: Groudon|[spread] p2a,p2b\n|-damage|p2a: Groudon|42/100\n|-damage|p2b: Lunala|27/100 slp\n|move|p2a: Groudon|Precipice Blades|p1b: Indeedee|[spread] p1a,p1b\n|-damage|p1a: Calyrex|39/100\n|-damage|p1b: Indeedee|0 fnt\n|faint|p1b: Indeedee\n|\n|-weather|SunnyDay|[upkeep]\n|upkeep\n|\n|t:|1745979716\n|switch|p1b: Brute Bonnet|Brute Bonnet, L50, tera:Water|29/100\n|-activate|p1b: Brute Bonnet|ability: Protosynthesis\n|-start|p1b: Brute Bonnet|protosynthesisdef\n|turn|10\n|\n|t:|1745979744\n|cant|p2b: Lunala|slp\n|move|p1a: Calyrex|Expanding Force|p2a: Groudon|[spread] p2a,p2b\n|-damage|p2a: Groudon|0 fnt\n|-damage|p2b: Lunala|0 fnt\n|faint|p2a: Groudon\n|faint|p2b: Lunala\n|-ability|p1a: Calyrex|Grim Neigh|boost\n|-boost|p1a: Calyrex|spa|2\n|move|p1b: Brute Bonnet|Spore|p2: Groudon|[notarget]\n|-fail|p1b: Brute Bonnet\n|\n|-weather|SunnyDay|[upkeep]\n|upkeep\n|\n|t:|1745979750\n|switch|p2b: Walking Wake|Walking Wake, L50|81/100\n|-activate|p2b: Walking Wake|ability: Protosynthesis\n|-start|p2b: Walking Wake|protosynthesisspe\n|turn|11\n|\n|t:|1745979758\n|move|p1b: Brute Bonnet|Rage Powder|p1b: Brute Bonnet\n|-singleturn|p1b: Brute Bonnet|move: Rage Powder\n|move|p2b: Walking Wake|Hydro Steam|p1b: Brute Bonnet\n|-resisted|p1b: Brute Bonnet\n|-damage|p1b: Brute Bonnet|0 fnt\n|faint|p1b: Brute Bonnet\n|-end|p1b: Brute Bonnet|Protosynthesis|[silent]\n|-damage|p2b: Walking Wake|71/100|[from] item: Life Orb\n|move|p1a: Calyrex|Expanding Force|p2b: Walking Wake\n|-damage|p2b: Walking Wake|0 fnt\n|faint|p2b: Walking Wake\n|-end|p2b: Walking Wake|Protosynthesis|[silent]\n|\n|win|noodleSandwich111\n||CouchChris is ready for game 3.\n|inactive|noodleSandwich111 has 30 seconds to confirm battle start!\n||noodleSandwich111 is ready for game 3.\n|uhtml|next|Next: <a href=\"/battle-gen9vgc2025regibo3-2353656421\"><strong>Game 3 of 3</strong></a>\n|l|~DaWoblefet\n|j| HeffNastyy\n|l| HeffNastyy\n|l|\u2606CouchChris\n|player|p2|\n", "uploadtime": 1745979761, "views": 25, "formatid": "gen9vgc2025regibo3", "rating": null, "private": 0, "password": null}