{"id": "gen9vgc2025regibo3-2353977333", "format": "[Gen 9] VGC 2025 Reg I (Bo3)", "players": ["arm fire", "TheBlindTurkey"], "log": "|j|\u2606arm fire\n|j|\u2606TheBlindTurkey\n|html|<table width=\"100%\"><tr><td align=\"left\">arm fire</td><td align=\"right\">TheBlindTurkey</tr><tr><td align=\"left\"><i class=\"fa fa-circle\"></i> <i class=\"fa fa-circle-o\"></i> </td><td align=\"right\"><i class=\"fa fa-circle-o\"></i> <i class=\"fa fa-circle-o\"></i> </tr></table>\n|uhtml|bestof|<h2><strong>Game 2</strong> of <a href=\"/game-bestof3-gen9vgc2025regibo3-2353973390\">a best-of-3</a></h2>\n|t:|1746024331\n|gametype|doubles\n|player|p1|arm fire|flannery|1148\n|player|p2|TheBlindTurkey|crasherwake|1176\n|teamsize|p1|6\n|teamsize|p2|6\n|gen|9\n|tier|[Gen 9] VGC 2025 Reg I (Bo3)\n|rated|\n|rule|Species Clause: Limit one of each Pok\u00e9mon\n|rule|Item Clause: Limit 1 of each item\n|clearpoke\n|poke|p1|Ho-Oh, L50|\n|poke|p1|Miraidon, L50|\n|poke|p1|Urshifu-*, L50, F|\n|poke|p1|Iron Treads, L50|\n|poke|p1|Iron Hands, L50|\n|poke|p1|Farigiraf, L50, M|\n|poke|p2|Ho-Oh, L50|\n|poke|p2|Koraidon, L50|\n|poke|p2|Indeedee-F, L50, F|\n|poke|p2|Ursaluna, L50, F|\n|poke|p2|Chien-Pao, L50|\n|poke|p2|Raging Bolt, L50|\n|teampreview|4\n|showteam|p1|Ho-Oh||ClearAmulet|Regenerator|SacredFire,BraveBird,Tailwind,Protect||||||50|,,,,,Grass]Miraidon||ChoiceSpecs|HadronEngine|ElectroDrift,VoltSwitch,DazzlingGleam,DracoMeteor||||||50|,,,,,Fairy]Urshifu||FocusSash|UnseenFist|Protect,CloseCombat,SuckerPunch,WickedBlow|||F|||50|,,,,,Dark]Iron Treads||LifeOrb|QuarkDrive|KnockOff,HighHorsepower,IronHead,Protect||||||50|,,,,,Ground]Iron Hands||AssaultVest|QuarkDrive|DrainPunch,WildCharge,FakeOut,LowKick||||||50|,,,,,Fire]Farigiraf||ElectricSeed|ArmorTail|TrickRoom,Psychic,FoulPlay,HelpingHand|||M|||50|,,,,,Water\n|showteam|p2|Ho-Oh||ClearAmulet|Regenerator|Tailwind,Protect,SacredFire,BraveBird||||||50|,,,,,Grass]Koraidon||LifeOrb|OrichalcumPulse|FlareBlitz,CloseCombat,FlameCharge,Protect||||||50|,,,,,Fire]Indeedee-F||PsychicSeed|PsychicSurge|Psychic,TrickRoom,FollowMe,HelpingHand|||F|||50|,,,,,Water]Ursaluna||FlameOrb|Guts|Protect,Facade,Earthquake,HeadlongRush|||F|||50|,,,,,Ghost]Chien-Pao||FocusSash|SwordofRuin|IceSpinner,SuckerPunch,Crunch,Protect||||||50|,,,,,Stellar]Raging Bolt||AssaultVest|Protosynthesis|Electroweb,Thunderbolt,DracoMeteor,Thunderclap||||||50|,,,,,Electric\n|inactive|Battle timer is ON: inactive players will automatically lose when time's up. (requested by arm fire)\n|inactive|TheBlindTurkey has 60 seconds left.\n|inactive|TheBlindTurkey has 30 seconds left.\n|\n|t:|1746024398\n|start\n|switch|p1a: Iron Hands|Iron Hands, L50|100/100\n|switch|p1b: Urshifu|Urshifu, L50, F|100/100\n|switch|p2a: Ho-Oh|Ho-Oh, L50, shiny|100/100\n|switch|p2b: Chien-Pao|Chien-Pao, L50|100/100\n|-ability|p2b: Chien-Pao|Sword of Ruin\n|turn|1\n|inactive|TheBlindTurkey has 30 seconds left.\n|inactive|TheBlindTurkey has 20 seconds left.\n|\n|t:|1746024434\n|switch|p2b: Koraidon|Koraidon, L50|100/100\n|-weather|SunnyDay|[from] ability: Orichalcum Pulse|[of] p2b: Koraidon\n|-activate|p2b: Koraidon|Orichalcum Pulse|[source]\n|-terastallize|p1a: Iron Hands|Fire\n|move|p1b: Urshifu|Wicked Blow|p2a: Ho-Oh\n|-crit|p2a: Ho-Oh\n|-damage|p2a: Ho-Oh|41/100\n|move|p2a: Ho-Oh|Sacred Fire|p1b: Urshifu\n|-damage|p1b: Urshifu|20/100\n|-status|p1b: Urshifu|brn\n|move|p1a: Iron Hands|Drain Punch|p2b: Koraidon\n|-damage|p2b: Koraidon|62/100\n|\n|-weather|SunnyDay|[upkeep]\n|-damage|p1b: Urshifu|14/100 brn|[from] brn\n|upkeep\n|turn|2\n|inactive|TheBlindTurkey has 30 seconds left.\n|inactive|TheBlindTurkey has 20 seconds left.\n|inactive|TheBlindTurkey has 15 seconds left.\n|\n|t:|1746024479\n|switch|p1b: Ho-Oh|Ho-Oh, L50|100/100\n|move|p2b: Koraidon|Flame Charge|p1b: Ho-Oh\n|-resisted|p1b: Ho-Oh\n|-damage|p1b: Ho-Oh|79/100\n|-boost|p2b: Koraidon|spe|1\n|-damage|p2b: Koraidon|52/100|[from] item: Life Orb\n|move|p2a: Ho-Oh|Tailwind|p2a: Ho-Oh\n|-sidestart|p2: TheBlindTurkey|move: Tailwind\n|move|p1a: Iron Hands|Low Kick|p2b: Koraidon\n|-damage|p2b: Koraidon|0 fnt\n|faint|p2b: Koraidon\n|\n|-weather|SunnyDay|[upkeep]\n|upkeep\n|\n|t:|1746024494\n|switch|p2b: Raging Bolt|Raging Bolt, L50|100/100\n|-activate|p2b: Raging Bolt|ability: Protosynthesis\n|-start|p2b: Raging Bolt|protosynthesisspa\n|turn|3\n|inactive|arm fire has 30 seconds left.\n|inactive|TheBlindTurkey has 30 seconds left.\n|inactive|arm fire has 20 seconds left.\n|inactive|arm fire has 15 seconds left.\n|inactive|arm fire has 10 seconds left.\n|inactive|arm fire has 5 seconds left.\n|\n|t:|1746024549\n|move|p2a: Ho-Oh|Brave Bird|p1a: Iron Hands\n|-damage|p1a: Iron Hands|56/100\n|-damage|p2a: Ho-Oh|23/100|[from] Recoil\n|move|p2b: Raging Bolt|Thunderbolt|p1a: Iron Hands\n|-damage|p1a: Iron Hands|10/100\n|move|p1b: Ho-Oh|Sacred Fire|p2b: Raging Bolt\n|-resisted|p2b: Raging Bolt\n|-damage|p2b: Raging Bolt|65/100\n|-status|p2b: Raging Bolt|brn\n|move|p1a: Iron Hands|Drain Punch|p2b: Raging Bolt\n|-damage|p2b: Raging Bolt|26/100 brn\n|-heal|p1a: Iron Hands|26/100|[from] drain|[of] p2b: Raging Bolt\n|\n|-weather|SunnyDay|[upkeep]\n|-damage|p2b: Raging Bolt|20/100 brn|[from] brn\n|upkeep\n|turn|4\n|inactive|arm fire has 30 seconds left.\n|inactive|TheBlindTurkey has 30 seconds left.\n|inactive|TheBlindTurkey has 20 seconds left.\n|inactive|TheBlindTurkey has 15 seconds left.\n|inactive|TheBlindTurkey has 10 seconds left.\n|\n|t:|1746024597\n|-terastallize|p2b: Raging Bolt|Electric\n|move|p1b: Ho-Oh|Protect|p1b: Ho-Oh\n|-singleturn|p1b: Ho-Oh|Protect\n|move|p2a: Ho-Oh|Brave Bird|p1a: Iron Hands\n|-damage|p1a: Iron Hands|0 fnt\n|faint|p1a: Iron Hands\n|-end|p1a: Iron Hands|Quark Drive|[silent]\n|-damage|p2a: Ho-Oh|13/100|[from] Recoil\n|move|p2b: Raging Bolt|Thunderbolt|p1b: Ho-Oh\n|-activate|p1b: Ho-Oh|move: Protect\n|\n|-weather|SunnyDay|[upkeep]\n|-damage|p2b: Raging Bolt|14/100 brn|[from] brn\n|upkeep\n|\n|t:|1746024611\n|switch|p1a: Urshifu|Urshifu, L50, F|14/100 brn\n|turn|5\n|\n|t:|1746024622\n|switch|p2a: Chien-Pao|Chien-Pao, L50|100/100\n|-ability|p2a: Chien-Pao|Sword of Ruin\n|switch|p1b: Miraidon|Miraidon, L50|100/100\n|-fieldstart|move: Electric Terrain|[from] ability: Hadron Engine|[of] p1b: Miraidon\n|move|p2b: Raging Bolt|Thunderclap|p1a: Urshifu\n|-damage|p1a: Urshifu|0 fnt\n|faint|p1a: Urshifu\n|\n|-weather|none\n|-end|p2b: Raging Bolt|Protosynthesis\n|-damage|p2b: Raging Bolt|8/100 brn|[from] brn\n|-sideend|p2: TheBlindTurkey|move: Tailwind\n|upkeep\n|\n|t:|1746024633\n|switch|p1a: Ho-Oh|Ho-Oh, L50|100/100\n|turn|6\n|\n|t:|1746024658\n|move|p2b: Raging Bolt|Thunderclap|p1b: Miraidon\n|-resisted|p1b: Miraidon\n|-damage|p1b: Miraidon|85/100\n|move|p2a: Chien-Pao|Ice Spinner|p1b: Miraidon\n|-supereffective|p1b: Miraidon\n|-damage|p1b: Miraidon|0 fnt\n|-fieldend|move: Electric Terrain\n|faint|p1b: Miraidon\n|move|p1a: Ho-Oh|Sacred Fire|p2a: Chien-Pao\n|-supereffective|p2a: Chien-Pao\n|-enditem|p2a: Chien-Pao|Focus Sash\n|-damage|p2a: Chien-Pao|1/100\n|\n|-damage|p2b: Raging Bolt|2/100 brn|[from] brn\n|upkeep\n|turn|7\n|\n|t:|1746024678\n|-end|p2b: Raging Bolt|Protosynthesis|[silent]\n|switch|p2b: Ho-Oh|Ho-Oh, L50, shiny|46/100\n|move|p1a: Ho-Oh|Protect|p1a: Ho-Oh\n|-singleturn|p1a: Ho-Oh|Protect\n|move|p2a: Chien-Pao|Crunch|p1a: Ho-Oh\n|-activate|p1a: Ho-Oh|move: Protect\n|\n|upkeep\n|turn|8\n|\n|t:|1746024691\n|move|p2a: Chien-Pao|Crunch|p1a: Ho-Oh\n|-damage|p1a: Ho-Oh|56/100\n|move|p2b: Ho-Oh|Tailwind|p2b: Ho-Oh\n|-sidestart|p2: TheBlindTurkey|move: Tailwind\n|move|p1a: Ho-Oh|Sacred Fire|p2a: Chien-Pao\n|-supereffective|p2a: Chien-Pao\n|-damage|p2a: Chien-Pao|0 fnt\n|faint|p2a: Chien-Pao\n|\n|upkeep\n|\n|t:|1746024698\n|switch|p2a: Raging Bolt|Raging Bolt, L50, tera:Electric|2/100 brn\n|turn|9\n|\n|t:|1746024713\n|move|p1a: Ho-Oh|Protect|p1a: Ho-Oh\n|-singleturn|p1a: Ho-Oh|Protect\n|move|p2b: Ho-Oh|Sacred Fire|p1a: Ho-Oh\n|-activate|p1a: Ho-Oh|move: Protect\n|move|p2a: Raging Bolt|Thunderbolt|p1a: Ho-Oh\n|-activate|p1a: Ho-Oh|move: Protect\n|\n|-damage|p2a: Raging Bolt|0 fnt|[from] brn\n|faint|p2a: Raging Bolt\n|-end|p2a: Raging Bolt|Protosynthesis|[silent]\n|upkeep\n|turn|10\n|\n|t:|1746024719\n|move|p2b: Ho-Oh|Brave Bird|p1a: Ho-Oh\n|-damage|p1a: Ho-Oh|0 fnt\n|faint|p1a: Ho-Oh\n|-damage|p2b: Ho-Oh|28/100|[from] Recoil\n|\n|win|TheBlindTurkey\n|inactive|arm fire has 30 seconds to confirm battle start!\n|inactive|TheBlindTurkey has 30 seconds to confirm battle start!\n||TheBlindTurkey is ready for game 3.\n|inactive|arm fire has 20 seconds to confirm battle start!\n||arm fire is ready for game 3.\n|uhtml|next|Next: <a href=\"/battle-gen9vgc2025regibo3-2353982048\"><strong>Game 3 of 3</strong></a>\n|l|\u2606arm fire\n|player|p1|\n", "uploadtime": 1746025060, "views": 7, "formatid": "gen9vgc2025regibo3", "rating": null, "private": 0, "password": null}