{"id": "gen9vgc2025regibo3-2354545243", "format": "[Gen 9] VGC 2025 Reg I (Bo3)", "players": ["YOSHlNlAN", "araf zaman"], "log": "|j|\u2606YOSHlNlAN\n|j|\u2606araf zaman\n|html|<table width=\"100%\"><tr><td align=\"left\">YOSHlNlAN</td><td align=\"right\">araf zaman</tr><tr><td align=\"left\"><i class=\"fa fa-circle\"></i> <i class=\"fa fa-circle-o\"></i> </td><td align=\"right\"><i class=\"fa fa-circle-o\"></i> <i class=\"fa fa-circle-o\"></i> </tr></table>\n|uhtml|bestof|<h2><strong>Game 2</strong> of <a href=\"/game-bestof3-gen9vgc2025regibo3-2354544112\">a best-of-3</a></h2>\n|t:|1746091699\n|gametype|doubles\n|player|p1|YOSHlNlAN|ghetsis|1214\n|player|p2|araf zaman|nate|1336\n|teamsize|p1|6\n|teamsize|p2|6\n|gen|9\n|tier|[Gen 9] VGC 2025 Reg I (Bo3)\n|rated|\n|rule|Species Clause: Limit one of each Pok\u00e9mon\n|rule|Item Clause: Limit 1 of each item\n|clearpoke\n|poke|p1|Lunala, L50|\n|poke|p1|Palkia, L50|\n|poke|p1|Meowstic, L50, M|\n|poke|p1|Indeedee-F, L50, F|\n|poke|p1|Urshifu-*, L50, M|\n|poke|p1|Ursaluna, L50, M|\n|poke|p2|Zamazenta-*, L50|\n|poke|p2|Chien-Pao, L50|\n|poke|p2|Tornadus, L50, M|\n|poke|p2|Calyrex-Shadow, L50|\n|poke|p2|Amoonguss, L50, F|\n|poke|p2|Iron Hands, L50|\n|teampreview|4\n|showteam|p1|Lunala||PowerHerb|ShadowShield|MoongeistBeam,ExpandingForce,MeteorBeam,WideGuard||||||50|,,,,,Dragon]Palkia||LustrousOrb|Telepathy|SpacialRend,HydroPump,TrickRoom,Protect||||||50|,,,,,Fire]Meowstic||CovertCloak|Prankster|ExpandingForce,Reflect,Gravity,RainDance|||M|||50|,,,,,Dark]Indeedee-F||SafetyGoggles|PsychicSurge|AlluringVoice,FollowMe,HealPulse,TrickRoom|||F|||50|,,,,,Ground]Urshifu-Rapid-Strike||ChoiceScarf|UnseenFist|SurgingStrikes,CloseCombat,AquaJet,Uturn|||M|||50|,,,,,Water]Ursaluna||FlameOrb|Guts|Facade,HeadlongRush,Earthquake,Protect|||M|||50|,,,,,Ghost\n|showteam|p2|Zamazenta-Crowned||RustedShield|DauntlessShield|Protect,WideGuard,BodyPress,behemothbash||||||50|,,,,,Dragon]Chien-Pao||FocusSash|SwordofRuin|Protect,IceSpinner,Crunch,SuckerPunch||||||50|,,,,,Stellar]Tornadus||CovertCloak|Prankster|Taunt,Tailwind,BleakwindStorm,RainDance|||M|||50|,,,,,Dark]Calyrex-Shadow||LifeOrb|AsOneSpectrier|AstralBarrage,Psychic,NastyPlot,Protect||||||50|,,,,,Dark]Amoonguss||RockyHelmet|Regenerator|Protect,Spore,RagePowder,PollenPuff|||F|||50|,,,,,Dark]Iron Hands||AssaultVest|QuarkDrive|FakeOut,LowKick,DrainPunch,WildCharge||||||50|,,,,,Water\n|inactive|Battle timer is ON: inactive players will automatically lose when time's up. (requested by YOSHlNlAN)\n|\n|t:|1746091720\n|start\n|switch|p1a: Urshifu|Urshifu-Rapid-Strike, L50, M|100/100\n|switch|p1b: Meowstic|Meowstic, L50, M|100/100\n|switch|p2a: Chien-Pao|Chien-Pao, L50|100/100\n|switch|p2b: Calyrex|Calyrex-Shadow, L50|100/100\n|-ability|p2b: Calyrex|As One\n|-ability|p2b: Calyrex|Unnerve\n|-ability|p2a: Chien-Pao|Sword of Ruin\n|turn|1\n|\n|t:|1746091740\n|switch|p2a: Iron Hands|Iron Hands, L50|100/100\n|-terastallize|p1a: Urshifu|Water\n|move|p1b: Meowstic|Rain Dance|p1b: Meowstic\n|-weather|RainDance\n|move|p1a: Urshifu|Surging Strikes|p2b: Calyrex\n|-crit|p2b: Calyrex\n|-damage|p2b: Calyrex|48/100\n|-crit|p2b: Calyrex\n|-damage|p2b: Calyrex|0 fnt\n|faint|p2b: Calyrex\n|-hitcount|p2: Calyrex|2\n|\n|-weather|RainDance|[upkeep]\n|upkeep\n|\n|t:|1746091754\n|switch|p2b: Zamazenta|Zamazenta-Crowned, L50|100/100\n|-ability|p2b: Zamazenta|Dauntless Shield|boost\n|-boost|p2b: Zamazenta|def|1\n|turn|2\n|\n|t:|1746091768\n|-terastallize|p2a: Iron Hands|Water\n|move|p1b: Meowstic|Reflect|p1b: Meowstic\n|-sidestart|p1: YOSHlNlAN|Reflect\n|move|p1a: Urshifu|Surging Strikes|p2a: Iron Hands\n|-resisted|p2a: Iron Hands\n|-crit|p2a: Iron Hands\n|-damage|p2a: Iron Hands|83/100\n|-resisted|p2a: Iron Hands\n|-crit|p2a: Iron Hands\n|-damage|p2a: Iron Hands|67/100\n|-resisted|p2a: Iron Hands\n|-crit|p2a: Iron Hands\n|-damage|p2a: Iron Hands|53/100\n|-hitcount|p2a: Iron Hands|3\n|move|p2b: Zamazenta|Body Press|p1b: Meowstic\n|-resisted|p1b: Meowstic\n|-damage|p1b: Meowstic|72/100\n|move|p2a: Iron Hands|Wild Charge|p1a: Urshifu\n|-supereffective|p1a: Urshifu\n|-damage|p1a: Urshifu|25/100\n|-damage|p2a: Iron Hands|39/100|[from] Recoil\n|\n|-weather|RainDance|[upkeep]\n|upkeep\n|turn|3\n|\n|t:|1746091783\n|move|p1b: Meowstic|Gravity|p1b: Meowstic\n|-fieldstart|move: Gravity\n|move|p1a: Urshifu|Surging Strikes|p2b: Zamazenta\n|-crit|p2b: Zamazenta\n|-damage|p2b: Zamazenta|71/100\n|-crit|p2b: Zamazenta\n|-damage|p2b: Zamazenta|43/100\n|-crit|p2b: Zamazenta\n|-damage|p2b: Zamazenta|14/100\n|-hitcount|p2b: Zamazenta|3\n|move|p2b: Zamazenta|Body Press|p1b: Meowstic\n|-resisted|p1b: Meowstic\n|-damage|p1b: Meowstic|40/100\n|move|p2a: Iron Hands|Drain Punch|p1a: Urshifu\n|-damage|p1a: Urshifu|0 fnt\n|-heal|p2a: Iron Hands|48/100|[from] drain|[of] p1a: Urshifu\n|faint|p1a: Urshifu\n|\n|-weather|RainDance|[upkeep]\n|upkeep\n|\n|t:|1746091787\n|switch|p1a: Palkia|Palkia, L50|100/100\n|turn|4\n|\n|t:|1746091803\n|-end|p2a: Iron Hands|Quark Drive|[silent]\n|switch|p2a: Chien-Pao|Chien-Pao, L50|100/100\n|-ability|p2a: Chien-Pao|Sword of Ruin\n|move|p2b: Zamazenta|Body Press|p1b: Meowstic\n|-resisted|p1b: Meowstic\n|-crit|p1b: Meowstic\n|-damage|p1b: Meowstic|0 fnt\n|faint|p1b: Meowstic\n|move|p1a: Palkia|Spacial Rend|p2a: Chien-Pao\n|-enditem|p2a: Chien-Pao|Focus Sash\n|-damage|p2a: Chien-Pao|1/100\n|\n|-weather|RainDance|[upkeep]\n|upkeep\n|\n|t:|1746091805\n|switch|p1b: Ursaluna|Ursaluna, L50, M|100/100\n|turn|5\n|\n|t:|1746091828\n|move|p2a: Chien-Pao|Ice Spinner|p1b: Ursaluna\n|-supereffective|p1b: Ursaluna\n|-damage|p1b: Ursaluna|50/100\n|move|p2b: Zamazenta|Body Press|p1b: Ursaluna\n|-supereffective|p1b: Ursaluna\n|-damage|p1b: Ursaluna|0 fnt\n|faint|p1b: Ursaluna\n|move|p1a: Palkia|Spacial Rend|p2b: Zamazenta\n|-resisted|p2b: Zamazenta\n|-damage|p2b: Zamazenta|0 fnt\n|faint|p2b: Zamazenta\n|\n|-weather|none\n|upkeep\n|\n|t:|1746091834\n|switch|p2b: Iron Hands|Iron Hands, L50, tera:Water|48/100\n|turn|6\n|\n|t:|1746091840\n|move|p1a: Palkia|Protect|p1a: Palkia\n|-singleturn|p1a: Palkia|Protect\n|move|p2b: Iron Hands|Fake Out|p1a: Palkia\n|-activate|p1a: Palkia|move: Protect\n|move|p2a: Chien-Pao|Ice Spinner|p1a: Palkia\n|-activate|p1a: Palkia|move: Protect\n|\n|-sideend|p1: YOSHlNlAN|Reflect\n|upkeep\n|turn|7\n|\n|t:|1746091849\n|move|p2a: Chien-Pao|Crunch|p1a: Palkia\n|-damage|p1a: Palkia|56/100\n|move|p1a: Palkia|Spacial Rend|p2b: Iron Hands\n|-damage|p2b: Iron Hands|6/100\n|move|p2b: Iron Hands|Drain Punch|p1a: Palkia\n|-damage|p1a: Palkia|4/100\n|-heal|p2b: Iron Hands|27/100|[from] drain|[of] p1a: Palkia\n|\n|-fieldend|move: Gravity\n|upkeep\n|turn|8\n|-message|YOSHlNlAN forfeited.\n|\n|win|araf zaman\n|l|\u2606YOSHlNlAN\n|player|p1|\n||YOSHlNlAN is ready for game 3.\n||YOSHlNlAN is ready for game 3.\n||araf zaman is ready for game 3.\n|uhtml|next|Next: <a href=\"/battle-gen9vgc2025regibo3-2354546057\"><strong>Game 3 of 3</strong></a>\n", "uploadtime": 1746091963, "views": 18, "formatid": "gen9vgc2025regibo3", "rating": null, "private": 0, "password": null}