{"id": "gen9vgc2025regibo3-2354695177", "format": "[Gen 9] VGC 2025 Reg I (Bo3)", "players": ["carrotbeafsteak", "taj11"], "log": "|j|\u2606carrotbeafsteak\n|j|\u2606taj11\n|html|<table width=\"100%\"><tr><td align=\"left\">carrotbeafsteak</td><td align=\"right\">taj11</tr><tr><td align=\"left\"><i class=\"fa fa-circle\"></i> <i class=\"fa fa-circle-o\"></i> </td><td align=\"right\"><i class=\"fa fa-circle-o\"></i> <i class=\"fa fa-circle\"></i> </tr></table>\n|uhtml|bestof|<h2><strong>Game 3</strong> of <a href=\"/game-bestof3-gen9vgc2025regibo3-2354688972\">a best-of-3</a></h2>\n|t:|1746111512\n|gametype|doubles\n|player|p1|carrotbeafsteak|lady-gen4|1277\n|player|p2|taj11|170|1249\n|teamsize|p1|6\n|teamsize|p2|6\n|gen|9\n|tier|[Gen 9] VGC 2025 Reg I (Bo3)\n|rated|\n|rule|Species Clause: Limit one of each Pok\u00e9mon\n|rule|Item Clause: Limit 1 of each item\n|clearpoke\n|poke|p1|Miraidon, L50|\n|poke|p1|Zamazenta-*, L50|\n|poke|p1|Murkrow, L50, F|\n|poke|p1|Bruxish, L50, F|\n|poke|p1|Avalugg-Hisui, L50, M|\n|poke|p1|Maushold-Four, L50|\n|poke|p2|Zamazenta-*, L50|\n|poke|p2|Calyrex-Shadow, L50|\n|poke|p2|Incineroar, L50, M|\n|poke|p2|Smeargle, L50, F|\n|poke|p2|Ogerpon-Hearthflame, L50, F|\n|poke|p2|Rillaboom, L50, M|\n|teampreview|4\n|showteam|p1|Miraidon||LifeOrb|HadronEngine|Protect,ElectroDrift,DazzlingGleam,DracoMeteor||||||50|,,,,,Stellar]Zamazenta-Crowned||RustedShield|DauntlessShield|Protect,BodyPress,behemothbash,WideGuard||||||50|,,,,,Ghost]Murkrow||FocusSash|Prankster|Tailwind,Haze,Torment,DarkPulse|||F|||50|,,,,,Ghost]Bruxish||ChoiceScarf|Dazzling|WaveCrash,PsychicFangs,IcyWind,FlipTurn|||F|||50|,,,,,Normal]Avalugg-Hisui||LoadedDice|Sturdy|Protect,RockBlast,IcicleSpear,WideGuard|||M|||50|,,,,,Ghost]Maushold-Four||WideLens|Technician|FollowMe,ThunderWave,Bite,PopulationBomb||||||50|,,,,,Normal\n|showteam|p2|Zamazenta-Crowned||RustedShield|DauntlessShield|WideGuard,BodyPress,behemothbash,Imprison||||||50|,,,,,Water]Calyrex-Shadow||LifeOrb|AsOneSpectrier|AstralBarrage,Psychic,NastyPlot,Protect||||||50|,,,,,Dark]Incineroar||RockyHelmet|Intimidate|FlareBlitz,KnockOff,FakeOut,PartingShot|||M|||50|,,,,,Bug]Smeargle||FocusSash|Moody|FakeOut,Spore,FollowMe,Taunt|||F|||50|,,,,,Ghost]Ogerpon-Hearthflame||HearthflameMask|MoldBreaker|IvyCudgel,WoodHammer,FollowMe,SpikyShield|||F|||50|,,,,,Fire]Rillaboom||AssaultVest|GrassySurge|GrassyGlide,WoodHammer,Uturn,FakeOut|||M|||50|,,,,,Fire\n|\n|t:|1746111537\n|start\n|switch|p1a: Murkrow|Murkrow, L50, F|100/100\n|switch|p1b: Miraidon|Miraidon, L50|100/100\n|switch|p2a: Zamazenta|Zamazenta-Crowned, L50, shiny|100/100\n|switch|p2b: Incineroar|Incineroar, L50, M, shiny|100/100\n|-fieldstart|move: Electric Terrain|[from] ability: Hadron Engine|[of] p1b: Miraidon\n|-ability|p2a: Zamazenta|Dauntless Shield|boost\n|-boost|p2a: Zamazenta|def|1\n|-ability|p2b: Incineroar|Intimidate|boost\n|-unboost|p1a: Murkrow|atk|1\n|-unboost|p1b: Miraidon|atk|1\n|turn|1\n|\n|t:|1746111564\n|move|p1b: Miraidon|Protect|p1b: Miraidon\n|-singleturn|p1b: Miraidon|Protect\n|move|p2b: Incineroar|Fake Out|p1b: Miraidon\n|-activate|p1b: Miraidon|move: Protect\n|move|p1a: Murkrow|Torment|p2a: Zamazenta\n|-start|p2a: Zamazenta|Torment\n|move|p2a: Zamazenta|Body Press|p1b: Miraidon\n|-activate|p1b: Miraidon|move: Protect\n|\n|upkeep\n|turn|2\n|\n|t:|1746111586\n|switch|p2a: Rillaboom|Rillaboom, L50, M|100/100\n|-fieldstart|move: Grassy Terrain|[from] ability: Grassy Surge|[of] p2a: Rillaboom\n|-terastallize|p1b: Miraidon|Stellar\n|move|p1a: Murkrow|Tailwind|p1a: Murkrow\n|-sidestart|p1: carrotbeafsteak|move: Tailwind\n|move|p1b: Miraidon|Electro Drift|p2a: Rillaboom\n|-resisted|p2a: Rillaboom\n|-damage|p2a: Rillaboom|75/100\n|-damage|p1b: Miraidon|91/100|[from] item: Life Orb\n|move|p2b: Incineroar|Flare Blitz|p1a: Murkrow\n|-enditem|p1a: Murkrow|Focus Sash\n|-damage|p1a: Murkrow|1/100\n|-damage|p2b: Incineroar|78/100|[from] Recoil\n|\n|-heal|p1b: Miraidon|97/100|[from] Grassy Terrain\n|-heal|p2a: Rillaboom|81/100|[from] Grassy Terrain\n|-heal|p2b: Incineroar|84/100|[from] Grassy Terrain\n|upkeep\n|turn|3\n|\n|t:|1746111628\n|switch|p1a: Zamazenta|Zamazenta-Crowned, L50|100/100\n|-ability|p1a: Zamazenta|Dauntless Shield|boost\n|-boost|p1a: Zamazenta|def|1\n|move|p2a: Rillaboom|Fake Out|p1b: Miraidon\n|-damage|p1b: Miraidon|86/100\n|cant|p1b: Miraidon|flinch\n|move|p2b: Incineroar|Parting Shot|p1b: Miraidon\n|-unboost|p1b: Miraidon|atk|1\n|-unboost|p1b: Miraidon|spa|1\n|\n|t:|1746111642\n|switch|p2b: Calyrex|Calyrex-Shadow, L50|100/100|[from] Parting Shot\n|-ability|p2b: Calyrex|As One\n|-ability|p2b: Calyrex|Unnerve\n|\n|-heal|p1b: Miraidon|92/100|[from] Grassy Terrain\n|-heal|p2a: Rillaboom|87/100|[from] Grassy Terrain\n|upkeep\n|turn|4\n|\n|t:|1746111685\n|move|p1b: Miraidon|Dazzling Gleam|p2a: Rillaboom|[spread] p2a,p2b\n|-damage|p2a: Rillaboom|74/100\n|-damage|p2b: Calyrex|75/100\n|-damage|p1b: Miraidon|82/100|[from] item: Life Orb\n|move|p1a: Zamazenta|Body Press|p2a: Rillaboom\n|-damage|p2a: Rillaboom|19/100\n|move|p2b: Calyrex|Nasty Plot|p2b: Calyrex\n|-boost|p2b: Calyrex|spa|2\n|move|p2a: Rillaboom|Wood Hammer|p1b: Miraidon\n|-resisted|p1b: Miraidon\n|-damage|p1b: Miraidon|52/100\n|-damage|p2a: Rillaboom|10/100|[from] Recoil\n|\n|-heal|p1b: Miraidon|58/100|[from] Grassy Terrain\n|-heal|p2b: Calyrex|82/100|[from] Grassy Terrain\n|-heal|p2a: Rillaboom|16/100|[from] Grassy Terrain\n|upkeep\n|turn|5\n|\n|t:|1746111724\n|switch|p1b: Maushold|Maushold-Four, L50|100/100\n|move|p2b: Calyrex|Protect|p2b: Calyrex\n|-singleturn|p2b: Calyrex|Protect\n|move|p2a: Rillaboom|Grassy Glide|p1b: Maushold\n|-damage|p1b: Maushold|52/100\n|move|p1a: Zamazenta|Body Press|p2a: Rillaboom\n|-damage|p2a: Rillaboom|0 fnt\n|faint|p2a: Rillaboom\n|\n|-heal|p1b: Maushold|58/100|[from] Grassy Terrain\n|-heal|p2b: Calyrex|88/100|[from] Grassy Terrain\n|-sideend|p1: carrotbeafsteak|move: Tailwind\n|upkeep\n|\n|t:|1746111747\n|switch|p2a: Zamazenta|Zamazenta-Crowned, L50, shiny|100/100\n|turn|6\n|\n|t:|1746111774\n|switch|p1b: Murkrow|Murkrow, L50, F|1/100\n|switch|p1a: Miraidon|Miraidon, L50, tera:Stellar|58/100\n|-fieldstart|move: Electric Terrain|[from] ability: Hadron Engine|[of] p1a: Miraidon\n|-terastallize|p2a: Zamazenta|Water\n|move|p2b: Calyrex|Psychic|p1b: Murkrow\n|-immune|p1b: Murkrow\n|move|p2a: Zamazenta|Imprison|p2a: Zamazenta\n|-start|p2a: Zamazenta|move: Imprison\n|\n|upkeep\n|turn|7\n|\n|t:|1746111806\n|move|p1a: Miraidon|Protect|p1a: Miraidon\n|-singleturn|p1a: Miraidon|Protect\n|move|p1b: Murkrow|Tailwind|p1b: Murkrow\n|-sidestart|p1: carrotbeafsteak|move: Tailwind\n|move|p2b: Calyrex|Astral Barrage|p1a: Miraidon|[spread] p1b\n|-activate|p1a: Miraidon|move: Protect\n|-resisted|p1b: Murkrow\n|-damage|p1b: Murkrow|0 fnt\n|faint|p1b: Murkrow\n|-ability|p2b: Calyrex|Grim Neigh|boost\n|-boost|p2b: Calyrex|spa|1\n|-damage|p2b: Calyrex|78/100|[from] item: Life Orb\n|move|p2a: Zamazenta|Body Press|p1a: Miraidon\n|-activate|p1a: Miraidon|move: Protect\n|\n|upkeep\n|\n|t:|1746111813\n|switch|p1b: Maushold|Maushold-Four, L50|58/100\n|turn|8\n|\n|t:|1746111829\n|switch|p2a: Incineroar|Incineroar, L50, M, shiny|84/100\n|-ability|p2a: Incineroar|Intimidate|boost\n|-unboost|p1a: Miraidon|atk|1\n|-unboost|p1b: Maushold|atk|1\n|move|p2b: Calyrex|Protect|p2b: Calyrex\n|-singleturn|p2b: Calyrex|Protect\n|move|p1a: Miraidon|Electro Drift|p2a: Incineroar\n|-damage|p2a: Incineroar|0 fnt\n|-damage|p1a: Miraidon|41/100|[from] item: Rocky Helmet|[of] p2a: Incineroar\n|faint|p2a: Incineroar\n|-damage|p1a: Miraidon|31/100|[from] item: Life Orb\n|move|p1b: Maushold|Bite|p2b: Calyrex\n|-activate|p2b: Calyrex|move: Protect\n|\n|upkeep\n|\n|t:|1746111834\n|switch|p2a: Zamazenta|Zamazenta-Crowned, L50, shiny, tera:Water|100/100\n|turn|9\n|\n|t:|1746111882\n|move|p1a: Miraidon|Electro Drift|p2a: Zamazenta\n|-supereffective|p2a: Zamazenta\n|-damage|p2a: Zamazenta|0 fnt\n|faint|p2a: Zamazenta\n|-damage|p1a: Miraidon|21/100|[from] item: Life Orb\n|move|p1b: Maushold|Bite|p2b: Calyrex\n|-supereffective|p2b: Calyrex\n|-damage|p2b: Calyrex|11/100\n|move|p2b: Calyrex|Psychic|p1b: Maushold\n|-damage|p1b: Maushold|0 fnt\n|faint|p1b: Maushold\n|-ability|p2b: Calyrex|Grim Neigh|boost\n|-boost|p2b: Calyrex|spa|1\n|-damage|p2b: Calyrex|2/100|[from] item: Life Orb\n|\n|upkeep\n|\n|t:|1746111893\n|switch|p1b: Zamazenta|Zamazenta-Crowned, L50|100/100\n|turn|10\n|c|\u2606carrotbeafsteak|GGs\n|\n|t:|1746111902\n|move|p2b: Calyrex|Protect|p2b: Calyrex\n|-singleturn|p2b: Calyrex|Protect\n|move|p1b: Zamazenta|Wide Guard|p1b: Zamazenta\n|-singleturn|p1b: Zamazenta|Wide Guard\n|move|p1a: Miraidon|Dazzling Gleam|p2b: Calyrex\n|-activate|p2b: Calyrex|move: Protect\n|\n|-sideend|p1: carrotbeafsteak|move: Tailwind\n|-fieldend|move: Electric Terrain\n|upkeep\n|turn|11\n|\n|t:|1746111921\n|move|p1b: Zamazenta|Wide Guard|p1b: Zamazenta\n|-singleturn|p1b: Zamazenta|Wide Guard\n|move|p2b: Calyrex|Astral Barrage|p1a: Miraidon|[spread] \n|-activate|p1a: Miraidon|move: Wide Guard\n|-activate|p1b: Zamazenta|move: Wide Guard\n|move|p1a: Miraidon|Dazzling Gleam|p2b: Calyrex\n|-damage|p2b: Calyrex|0 fnt\n|faint|p2b: Calyrex\n|-damage|p1a: Miraidon|12/100|[from] item: Life Orb\n|\n|win|carrotbeafsteak\n|raw|carrotbeafsteak's rating: 1277 &rarr; <strong>1300</strong><br />(+23 for winning)\n|raw|taj11's rating: 1249 &rarr; <strong>1226</strong><br />(-23 for losing)\n|l|\u2606carrotbeafsteak\n|player|p1|\n|l|\u2606taj11\n|player|p2|\n", "uploadtime": 1746112117, "views": 10, "formatid": "gen9vgc2025regibo3", "rating": 1226, "private": 0, "password": null}