{"id": "gen9vgc2025regibo3-2353355721", "format": "[Gen 9] VGC 2025 Reg I (Bo3)", "players": ["G00bermeister69420", "HeyBlank"], "log": "|j|\u2606G00bermeister69420\n|j|\u2606HeyBlank\n|html|<table width=\"100%\"><tr><td align=\"left\">G00bermeister69420</td><td align=\"right\">HeyBlank</tr><tr><td align=\"left\"><i class=\"fa fa-circle-o\"></i> <i class=\"fa fa-circle-o\"></i> </td><td align=\"right\"><i class=\"fa fa-circle-o\"></i> <i class=\"fa fa-circle\"></i> </tr></table>\n|uhtml|bestof|<h2><strong>Game 2</strong> of <a href=\"/game-bestof3-gen9vgc2025regibo3-2353353512\">a best-of-3</a></h2>\n|t:|1745948959\n|gametype|doubles\n|player|p1|G00bermeister69420|hiker-gen4|1064\n|player|p2|HeyBlank|acetrainercouple|1162\n|teamsize|p1|6\n|teamsize|p2|6\n|gen|9\n|tier|[Gen 9] VGC 2025 Reg I (Bo3)\n|rated|\n|rule|Species Clause: Limit one of each Pok\u00e9mon\n|rule|Item Clause: Limit 1 of each item\n|clearpoke\n|poke|p1|Regidrago, L50|\n|poke|p1|Zacian-*, L50|\n|poke|p1|Calyrex-Ice, L50|\n|poke|p1|Ogerpon-Cornerstone, L50, F|\n|poke|p1|Chandelure, L50, M|\n|poke|p1|Ursaluna, L50, M|\n|poke|p2|Zacian-*, L50|\n|poke|p2|Rayquaza, L50|\n|poke|p2|Chien-Pao, L50|\n|poke|p2|Volcarona, L50, F|\n|poke|p2|Urshifu-*, L50, M|\n|poke|p2|Farigiraf, L50, F|\n|teampreview|4\n|showteam|p1|Regidrago||IronBall|DragonsMaw|DragonEnergy,EarthPower,BreakingSwipe,Protect||||||50|,,,,,Dragon]Zacian-Crowned||RustedSword|IntrepidSword|behemothblade,PlayRough,SacredSword,Protect||||||50|,,,,,Fighting]Calyrex-Ice||PowerLens|AsOneGlastrier|GlacialLance,HealPulse,CloseCombat,TrickRoom||||||50|,,,,,Water]Ogerpon-Cornerstone||CornerstoneMask|Sturdy|SpikyShield,Taunt,FollowMe,IvyCudgel|||F|||50|,,,,,Rock]Chandelure||FocusSash|Infiltrator|TrickRoom,Flamethrower,ShadowBall,DarkPulse|||M|||50|,,,,,Ghost]Ursaluna||FlameOrb|Guts|Facade,ThroatChop,Protect,HeadlongRush|||M|||50|,,,,,Fighting\n|showteam|p2|Zacian-Crowned||RustedSword|IntrepidSword|Protect,behemothblade,PlayRough,SacredSword||||||50|,,,,,Fairy]Rayquaza||ClearAmulet|AirLock|Protect,SwordsDance,DragonAscent,ExtremeSpeed||||||50|,,,,,Normal]Chien-Pao||FocusSash|SwordofRuin|Protect,IceSpinner,ThroatChop,SuckerPunch||||||50|,,,,,Ghost]Volcarona||RockyHelmet|FlameBody|Overheat,WillOWisp,RagePowder,StruggleBug|||F|||50|,,,,,Grass]Urshifu-Rapid-Strike||ChoiceScarf|UnseenFist|Uturn,AquaJet,CloseCombat,SurgingStrikes|||M|||50|,,,,,Water]Farigiraf||SitrusBerry|ArmorTail|Psychic,FoulPlay,TrickRoom,HelpingHand|||F|||50|,,,,,Dark\n|inactive|Battle timer is ON: inactive players will automatically lose when time's up. (requested by HeyBlank)\n|inactive|HeyBlank has 60 seconds left.\n|\n|t:|1745948995\n|start\n|switch|p1a: Timmy|Ogerpon-Cornerstone, L50, F|100/100\n|switch|p1b: Ginshakaklook|Regidrago, L50|100/100\n|switch|p2a: Urshifu|Urshifu-Rapid-Strike, L50, M|100/100\n|switch|p2b: Chien-Pao|Chien-Pao, L50|100/100\n|-ability|p2b: Chien-Pao|Sword of Ruin\n|turn|1\n|\n|t:|1745949010\n|move|p2b: Chien-Pao|Protect|p2b: Chien-Pao\n|-singleturn|p2b: Chien-Pao|Protect\n|move|p1a: Timmy|Follow Me|p1a: Timmy\n|-singleturn|p1a: Timmy|move: Follow Me\n|move|p2a: Urshifu|U-turn|p1a: Timmy\n|-supereffective|p1a: Timmy\n|-damage|p1a: Timmy|13/100\n|\n|t:|1745949016\n|switch|p2a: Zacian|Zacian-Crowned, L50|100/100|[from] U-turn\n|-ability|p2a: Zacian|Intrepid Sword|boost\n|-boost|p2a: Zacian|atk|1\n|move|p1b: Ginshakaklook|Dragon Energy|p2b: Chien-Pao|[spread] \n|-activate|p2b: Chien-Pao|move: Protect\n|-immune|p2a: Zacian\n|\n|upkeep\n|turn|2\n|\n|t:|1745949036\n|switch|p1b: We are the pub|Calyrex-Ice, L50|100/100\n|-ability|p1b: We are the pub|As One\n|-ability|p1b: We are the pub|Unnerve\n|move|p1a: Timmy|Spiky Shield|p1a: Timmy\n|-singleturn|p1a: Timmy|move: Protect\n|move|p2a: Zacian|Behemoth Blade|p1a: Timmy\n|-activate|p1a: Timmy|move: Protect\n|-damage|p2a: Zacian|88/100|[from] Spiky Shield|[of] p1a: Timmy\n|move|p2b: Chien-Pao|Ice Spinner|p1b: We are the pub\n|-resisted|p1b: We are the pub\n|-damage|p1b: We are the pub|84/100\n|\n|upkeep\n|turn|3\n|\n|t:|1745949060\n|move|p1a: Timmy|Follow Me|p1a: Timmy\n|-singleturn|p1a: Timmy|move: Follow Me\n|move|p2a: Zacian|Behemoth Blade|p1a: Timmy\n|-supereffective|p1a: Timmy\n|-damage|p1a: Timmy|0 fnt\n|faint|p1a: Timmy\n|move|p2b: Chien-Pao|Ice Spinner|p1b: We are the pub\n|-resisted|p1b: We are the pub\n|-damage|p1b: We are the pub|68/100\n|move|p1b: We are the pub|Trick Room|p1b: We are the pub\n|-fieldstart|move: Trick Room|[of] p1b: We are the pub\n|\n|upkeep\n|\n|t:|1745949074\n|switch|p1a: Chandelure|Chandelure, L50, M|100/100\n|turn|4\n|\n|t:|1745949092\n|move|p2a: Zacian|Protect|p2a: Zacian\n|-singleturn|p2a: Zacian|Protect\n|move|p2b: Chien-Pao|Sucker Punch|p1a: Chandelure\n|-supereffective|p1a: Chandelure\n|-damage|p1a: Chandelure|2/100\n|move|p1b: We are the pub|Glacial Lance|p2a: Zacian|[spread] p2b\n|-activate|p2a: Zacian|move: Protect\n|-resisted|p2b: Chien-Pao\n|-damage|p2b: Chien-Pao|55/100\n|move|p1a: Chandelure|Flamethrower|p2b: Chien-Pao\n|-supereffective|p2b: Chien-Pao\n|-damage|p2b: Chien-Pao|0 fnt\n|faint|p2b: Chien-Pao\n|\n|upkeep\n|\n|t:|1745949096\n|switch|p2b: Urshifu|Urshifu-Rapid-Strike, L50, M|100/100\n|turn|5\n|\n|t:|1745949112\n|move|p2b: Urshifu|Aqua Jet|p1a: Chandelure\n|-supereffective|p1a: Chandelure\n|-damage|p1a: Chandelure|0 fnt\n|faint|p1a: Chandelure\n|move|p1b: We are the pub|Close Combat|p2b: Urshifu\n|-damage|p2b: Urshifu|42/100\n|-unboost|p1b: We are the pub|def|1\n|-unboost|p1b: We are the pub|spd|1\n|move|p2a: Zacian|Behemoth Blade|p1b: We are the pub\n|-supereffective|p1b: We are the pub\n|-damage|p1b: We are the pub|0 fnt\n|faint|p1b: We are the pub\n|\n|upkeep\n|\n|t:|1745949119\n|switch|p1b: Ginshakaklook|Regidrago, L50|100/100\n|turn|6\n|\n|t:|1745949134\n|switch|p2b: Rayquaza|Rayquaza, L50|100/100\n|-ability|p2b: Rayquaza|Air Lock\n|move|p2a: Zacian|Protect|p2a: Zacian\n|-singleturn|p2a: Zacian|Protect\n|move|p1b: Ginshakaklook|Earth Power|p2a: Zacian\n|-activate|p2a: Zacian|move: Protect\n|\n|upkeep\n|turn|7\n|\n|t:|1745949144\n|switch|p2a: Urshifu|Urshifu-Rapid-Strike, L50, M|42/100\n|-terastallize|p2b: Rayquaza|Normal\n|move|p2b: Rayquaza|Extreme Speed|p1b: Ginshakaklook\n|-damage|p1b: Ginshakaklook|53/100\n|move|p1b: Ginshakaklook|Earth Power|p2a: Urshifu\n|-damage|p2a: Urshifu|0 fnt\n|faint|p2a: Urshifu\n|\n|-fieldend|move: Trick Room\n|upkeep\n|\n|t:|1745949147\n|switch|p2a: Zacian|Zacian-Crowned, L50|88/100\n|turn|8\n|\n|t:|1745949151\n|move|p2b: Rayquaza|Extreme Speed|p1b: Ginshakaklook\n|-damage|p1b: Ginshakaklook|10/100\n|move|p2a: Zacian|Play Rough|p1b: Ginshakaklook\n|-supereffective|p1b: Ginshakaklook\n|-damage|p1b: Ginshakaklook|0 fnt\n|faint|p1b: Ginshakaklook\n|\n|win|HeyBlank\n|raw|G00bermeister69420's rating: 1064 &rarr; <strong>1050</strong><br />(-14 for losing)\n|raw|HeyBlank's rating: 1162 &rarr; <strong>1180</strong><br />(+18 for winning)\n|l|\u2606HeyBlank\n|player|p2|\n", "uploadtime": 1745949167, "views": 13, "formatid": "gen9vgc2025regibo3", "rating": 1050, "private": 0, "password": null}