{"id": "gen9vgc2025regibo3-2354688484", "format": "[Gen 9] VGC 2025 Reg I (Bo3)", "players": ["spyr0technic", "Monsteralover"], "log": "|j|\u2606spyr0technic\n|j|\u2606Monsteralover\n|html|<table width=\"100%\"><tr><td align=\"left\">spyr0technic</td><td align=\"right\">Monsteralover</tr><tr><td align=\"left\"><i class=\"fa fa-circle-o\"></i> <i class=\"fa fa-circle-o\"></i> </td><td align=\"right\"><i class=\"fa fa-circle-o\"></i> <i class=\"fa fa-circle\"></i> </tr></table>\n|uhtml|bestof|<h2><strong>Game 2</strong> of <a href=\"/game-bestof3-gen9vgc2025regibo3-2354687099\">a best-of-3</a></h2>\n|t:|1746110882\n|gametype|doubles\n|player|p1|spyr0technic|supernerd|1180\n|player|p2|Monsteralover|2|1290\n|teamsize|p1|6\n|teamsize|p2|6\n|gen|9\n|tier|[Gen 9] VGC 2025 Reg I (Bo3)\n|rated|\n|rule|Species Clause: Limit one of each Pok\u00e9mon\n|rule|Item Clause: Limit 1 of each item\n|clearpoke\n|poke|p1|Miraidon, L50|\n|poke|p1|Okidogi, L50, M|\n|poke|p1|Zacian-*, L50|\n|poke|p1|Iron Valiant, L50|\n|poke|p1|Whimsicott, L50, F|\n|poke|p1|Iron Crown, L50|\n|poke|p2|Terapagos, L50, M|\n|poke|p2|Incineroar, L50, M|\n|poke|p2|Rillaboom, L50, M|\n|poke|p2|Ogerpon-Cornerstone, L50, F|\n|poke|p2|Grimmsnarl, L50, M|\n|poke|p2|Calyrex-Shadow, L50|\n|teampreview|4\n|showteam|p1|Miraidon||ChoiceSpecs|HadronEngine|DazzlingGleam,DracoMeteor,ElectroDrift,VoltSwitch||||||50|,,,,,Fairy]Okidogi||AssaultVest|GuardDog|UpperHand,DrainPunch,PoisonJab,KnockOff|||M|||50|,,,,,Dark]Zacian-Crowned||RustedSword|IntrepidSword|behemothblade,PlayRough,SacredSword,Protect||||||50|,,,,,Water]Iron Valiant||FocusSash|QuarkDrive|AuraSphere,Moonblast,WideGuard,Taunt||||||50|,,,,,Ghost]Whimsicott||CovertCloak|Prankster|Tailwind,FakeTears,Moonblast,Encore|||F|||50|,,,,,Dark]Iron Crown||LifeOrb|QuarkDrive|ExpandingForce,TachyonCutter,TeraBlast,Protect||||||50|,,,,,Ground\n|showteam|p2|Terapagos||Leftovers|TeraShift|TeraStarstorm,EarthPower,Protect,CalmMind|||M|||50|,,,,,Stellar]Incineroar||RockyHelmet|Intimidate|KnockOff,FakeOut,WillOWisp,PartingShot|||M|||50|,,,,,Water]Rillaboom||AssaultVest|GrassySurge|FakeOut,DrumBeating,Uturn,GrassyGlide|||M|||50|,,,,,Fire]Ogerpon-Cornerstone||CornerstoneMask|Sturdy|IvyCudgel,SpikyShield,FollowMe,Encore|||F|||50|,,,,,Rock]Grimmsnarl||LightClay|Prankster|SpiritBreak,Reflect,ThunderWave,LightScreen|||M|||50|,,,,,Ghost]Calyrex-Shadow||FocusSash|AsOneSpectrier|AstralBarrage,Psychic,NastyPlot,Protect||||||50|,,,,,Ghost\n|inactive|Battle timer is ON: inactive players will automatically lose when time's up. (requested by spyr0technic)\n|inactive|spyr0technic has 60 seconds left.\n|\n|t:|1746110920\n|start\n|switch|p1a: Miraidon|Miraidon, L50|100/100\n|switch|p1b: Iron Valiant|Iron Valiant, L50|100/100\n|switch|p2a: Calyrex|Calyrex-Shadow, L50|100/100\n|switch|p2b: Grimmsnarl|Grimmsnarl, L50, M|100/100\n|-ability|p2a: Calyrex|As One\n|-ability|p2a: Calyrex|Unnerve\n|-fieldstart|move: Electric Terrain|[from] ability: Hadron Engine|[of] p1a: Miraidon\n|-activate|p1b: Iron Valiant|ability: Quark Drive\n|-start|p1b: Iron Valiant|quarkdrivespe\n|turn|1\n|\n|t:|1746110938\n|move|p2a: Calyrex|Protect|p2a: Calyrex\n|-singleturn|p2a: Calyrex|Protect\n|move|p2b: Grimmsnarl|Light Screen|p2b: Grimmsnarl\n|-sidestart|p2: Monsteralover|move: Light Screen\n|move|p1b: Iron Valiant|Taunt|p2b: Grimmsnarl\n|-start|p2b: Grimmsnarl|move: Taunt\n|move|p1a: Miraidon|Volt Switch|p2b: Grimmsnarl\n|-damage|p2b: Grimmsnarl|35/100\n|\n|t:|1746110945\n|switch|p1a: Whimsicott|Whimsicott, L50, F|100/100|[from] Volt Switch\n|\n|upkeep\n|turn|2\n|\n|t:|1746110958\n|switch|p2a: Incineroar|Incineroar, L50, M|100/100\n|-ability|p2a: Incineroar|Intimidate|boost\n|-unboost|p1a: Whimsicott|atk|1\n|-unboost|p1b: Iron Valiant|atk|1\n|switch|p2b: Rillaboom|Rillaboom, L50, M|100/100\n|-fieldstart|move: Grassy Terrain|[from] ability: Grassy Surge|[of] p2b: Rillaboom\n|-end|p1b: Iron Valiant|Quark Drive\n|move|p1a: Whimsicott|Encore|p2a: Incineroar\n|-hint|Since gen 7, Dark is immune to Prankster moves.\n|-immune|p2a: Incineroar\n|move|p1b: Iron Valiant|Moonblast|p2b: Rillaboom\n|-damage|p2b: Rillaboom|78/100\n|\n|-heal|p2b: Rillaboom|84/100|[from] Grassy Terrain\n|upkeep\n|turn|3\n|inactive|spyr0technic has 30 seconds left.\n|inactive|Monsteralover has 30 seconds left.\n|\n|t:|1746110990\n|-terastallize|p1b: Iron Valiant|Ghost\n|move|p2a: Incineroar|Fake Out|p1b: Iron Valiant\n|-immune|p1b: Iron Valiant\n|move|p1a: Whimsicott|Tailwind|p1a: Whimsicott\n|-sidestart|p1: spyr0technic|move: Tailwind\n|move|p1b: Iron Valiant|Aura Sphere|p2a: Incineroar\n|-supereffective|p2a: Incineroar\n|-damage|p2a: Incineroar|56/100\n|move|p2b: Rillaboom|Drum Beating|p1b: Iron Valiant\n|-damage|p1b: Iron Valiant|43/100\n|-unboost|p1b: Iron Valiant|spe|1\n|\n|-heal|p1b: Iron Valiant|49/100|[from] Grassy Terrain\n|-heal|p2b: Rillaboom|90/100|[from] Grassy Terrain\n|-heal|p2a: Incineroar|62/100|[from] Grassy Terrain\n|upkeep\n|turn|4\n|inactive|spyr0technic has 30 seconds left.\n|inactive|Monsteralover has 30 seconds left.\n|\n|t:|1746111025\n|move|p1a: Whimsicott|Moonblast|p2a: Incineroar\n|-damage|p2a: Incineroar|44/100\n|move|p1b: Iron Valiant|Aura Sphere|p2a: Incineroar\n|-supereffective|p2a: Incineroar\n|-damage|p2a: Incineroar|0 fnt\n|faint|p2a: Incineroar\n|move|p2b: Rillaboom|U-turn|p1a: Whimsicott\n|-damage|p1a: Whimsicott|79/100\n|\n|t:|1746111030\n|switch|p2b: Calyrex|Calyrex-Shadow, L50|100/100|[from] U-turn\n|-ability|p2b: Calyrex|As One\n|-ability|p2b: Calyrex|Unnerve\n|\n|-heal|p1a: Whimsicott|85/100|[from] Grassy Terrain\n|-heal|p1b: Iron Valiant|56/100|[from] Grassy Terrain\n|upkeep\n|\n|t:|1746111042\n|switch|p2a: Grimmsnarl|Grimmsnarl, L50, M|35/100\n|turn|5\n|inactive|spyr0technic has 30 seconds left.\n|\n|t:|1746111069\n|move|p1b: Iron Valiant|Wide Guard|p1b: Iron Valiant\n|-singleturn|p1b: Iron Valiant|Wide Guard\n|move|p1a: Whimsicott|Moonblast|p2a: Grimmsnarl\n|-supereffective|p2a: Grimmsnarl\n|-damage|p2a: Grimmsnarl|7/100\n|-unboost|p2a: Grimmsnarl|spa|1\n|move|p2b: Calyrex|Astral Barrage|p1b: Iron Valiant|[spread] \n|-activate|p1a: Whimsicott|move: Wide Guard\n|-activate|p1b: Iron Valiant|move: Wide Guard\n|move|p2a: Grimmsnarl|Spirit Break|p1a: Whimsicott\n|-damage|p1a: Whimsicott|54/100\n|\n|-heal|p1a: Whimsicott|60/100|[from] Grassy Terrain\n|-heal|p1b: Iron Valiant|62/100|[from] Grassy Terrain\n|-heal|p2a: Grimmsnarl|13/100|[from] Grassy Terrain\n|upkeep\n|turn|6\n|\n|t:|1746111086\n|switch|p2a: Rillaboom|Rillaboom, L50, M|90/100\n|move|p1b: Iron Valiant|Wide Guard|p1b: Iron Valiant\n|-singleturn|p1b: Iron Valiant|Wide Guard\n|move|p1a: Whimsicott|Encore|p2b: Calyrex\n|-start|p2b: Calyrex|Encore\n|move|p2b: Calyrex|Astral Barrage|p1b: Iron Valiant|[spread] \n|-activate|p1a: Whimsicott|move: Wide Guard\n|-activate|p1b: Iron Valiant|move: Wide Guard\n|\n|-heal|p1a: Whimsicott|66/100|[from] Grassy Terrain\n|-heal|p1b: Iron Valiant|68/100|[from] Grassy Terrain\n|-heal|p2a: Rillaboom|96/100|[from] Grassy Terrain\n|-sideend|p1: spyr0technic|move: Tailwind\n|-fieldend|move: Grassy Terrain\n|upkeep\n|turn|7\n|\n|t:|1746111108\n|move|p1b: Iron Valiant|Wide Guard|p1b: Iron Valiant\n|-singleturn|p1b: Iron Valiant|Wide Guard\n|move|p1a: Whimsicott|Fake Tears|p2a: Rillaboom\n|-unboost|p2a: Rillaboom|spd|2\n|move|p2b: Calyrex|Astral Barrage|p1b: Iron Valiant|[spread] \n|-activate|p1a: Whimsicott|move: Wide Guard\n|-activate|p1b: Iron Valiant|move: Wide Guard\n|move|p2a: Rillaboom|Drum Beating|p1b: Iron Valiant\n|-damage|p1b: Iron Valiant|21/100\n|-unboost|p1b: Iron Valiant|spe|1\n|\n|upkeep\n|turn|8\n|inactive|Monsteralover has 30 seconds left.\n|\n|t:|1746111136\n|move|p1b: Iron Valiant|Wide Guard|p1b: Iron Valiant\n|-singleturn|p1b: Iron Valiant|Wide Guard\n|move|p1a: Whimsicott|Tailwind|p1a: Whimsicott\n|-sidestart|p1: spyr0technic|move: Tailwind\n|move|p2b: Calyrex|Astral Barrage|p1a: Whimsicott|[spread] \n|-activate|p1a: Whimsicott|move: Wide Guard\n|-activate|p1b: Iron Valiant|move: Wide Guard\n|move|p2a: Rillaboom|Drum Beating|p1a: Whimsicott\n|-resisted|p1a: Whimsicott\n|-damage|p1a: Whimsicott|48/100\n|\n|-end|p2b: Calyrex|Encore\n|-sideend|p2: Monsteralover|move: Light Screen\n|upkeep\n|turn|9\n|\n|t:|1746111153\n|switch|p2b: Grimmsnarl|Grimmsnarl, L50, M|13/100\n|move|p1b: Iron Valiant|Wide Guard|p1b: Iron Valiant\n|-singleturn|p1b: Iron Valiant|Wide Guard\n|move|p1a: Whimsicott|Encore|p2b: Grimmsnarl\n|-hint|Since gen 7, Dark is immune to Prankster moves.\n|-immune|p2b: Grimmsnarl\n|move|p2a: Rillaboom|U-turn|p1a: Whimsicott\n|-damage|p1a: Whimsicott|26/100\n|\n|t:|1746111157\n|switch|p2a: Calyrex|Calyrex-Shadow, L50|100/100|[from] U-turn\n|-ability|p2a: Calyrex|As One\n|-ability|p2a: Calyrex|Unnerve\n|\n|upkeep\n|turn|10\n|\n|t:|1746111172\n|switch|p2b: Rillaboom|Rillaboom, L50, M|96/100\n|-fieldstart|move: Grassy Terrain|[from] ability: Grassy Surge|[of] p2b: Rillaboom\n|move|p1b: Iron Valiant|Wide Guard|p1b: Iron Valiant\n|-singleturn|p1b: Iron Valiant|Wide Guard\n|move|p1a: Whimsicott|Moonblast|p2b: Rillaboom\n|-damage|p2b: Rillaboom|76/100\n|-unboost|p2b: Rillaboom|spa|1\n|move|p2a: Calyrex|Psychic|p1a: Whimsicott\n|-damage|p1a: Whimsicott|0 fnt\n|faint|p1a: Whimsicott\n|-ability|p2a: Calyrex|Grim Neigh|boost\n|-boost|p2a: Calyrex|spa|1\n|\n|-heal|p1b: Iron Valiant|27/100|[from] Grassy Terrain\n|-heal|p2b: Rillaboom|82/100|[from] Grassy Terrain\n|upkeep\n|\n|t:|1746111184\n|switch|p1a: Okidogi|Okidogi, L50, M|100/100\n|turn|11\n|inactive|spyr0technic has 30 seconds left.\n|inactive|spyr0technic has 20 seconds left.\n|\n|t:|1746111220\n|switch|p2b: Grimmsnarl|Grimmsnarl, L50, M|13/100\n|move|p2a: Calyrex|Protect|p2a: Calyrex\n|-singleturn|p2a: Calyrex|Protect\n|move|p1a: Okidogi|Upper Hand||[still]\n|-fail|p1a: Okidogi\n|move|p1b: Iron Valiant|Moonblast|p2a: Calyrex\n|-activate|p2a: Calyrex|move: Protect\n|\n|-heal|p1b: Iron Valiant|33/100|[from] Grassy Terrain\n|-heal|p2b: Grimmsnarl|19/100|[from] Grassy Terrain\n|-sideend|p1: spyr0technic|move: Tailwind\n|upkeep\n|turn|12\n|\n|t:|1746111236\n|switch|p1a: Miraidon|Miraidon, L50|100/100\n|-fieldstart|move: Electric Terrain|[from] ability: Hadron Engine|[of] p1a: Miraidon\n|-activate|p1b: Iron Valiant|ability: Quark Drive\n|-start|p1b: Iron Valiant|quarkdrivespa\n|move|p2b: Grimmsnarl|Light Screen|p2b: Grimmsnarl\n|-sidestart|p2: Monsteralover|move: Light Screen\n|move|p2a: Calyrex|Psychic|p1a: Miraidon\n|-damage|p1a: Miraidon|39/100\n|move|p1b: Iron Valiant|Taunt|p2b: Grimmsnarl\n|-start|p2b: Grimmsnarl|move: Taunt\n|\n|upkeep\n|turn|13\n|\n|t:|1746111246\n|switch|p2b: Rillaboom|Rillaboom, L50, M|82/100\n|-fieldstart|move: Grassy Terrain|[from] ability: Grassy Surge|[of] p2b: Rillaboom\n|-end|p1b: Iron Valiant|Quark Drive\n|move|p2a: Calyrex|Psychic|p1a: Miraidon\n|-damage|p1a: Miraidon|0 fnt\n|faint|p1a: Miraidon\n|-ability|p2a: Calyrex|Grim Neigh|boost\n|-boost|p2a: Calyrex|spa|1\n|move|p1b: Iron Valiant|Moonblast|p2b: Rillaboom\n|-damage|p2b: Rillaboom|60/100\n|\n|-heal|p2b: Rillaboom|66/100|[from] Grassy Terrain\n|-heal|p1b: Iron Valiant|39/100|[from] Grassy Terrain\n|upkeep\n|-message|spyr0technic forfeited.\n|\n|win|Monsteralover\n|raw|spyr0technic's rating: 1180 &rarr; <strong>1163</strong><br />(-17 for losing)\n|raw|Monsteralover's rating: 1290 &rarr; <strong>1307</strong><br />(+17 for winning)\n", "uploadtime": 1746111251, "views": 7, "formatid": "gen9vgc2025regibo3", "rating": 1163, "private": 0, "password": null}