{"id": "gen9vgc2025regibo3-2353956568", "format": "[Gen 9] VGC 2025 Reg I (Bo3)", "players": ["bertcamem", "Inkin"], "log": "|j|\u2606bertcamem\n|j|\u2606Inkin\n|html|<table width=\"100%\"><tr><td align=\"left\">bertcamem</td><td align=\"right\">Inkin</tr><tr><td align=\"left\"><i class=\"fa fa-circle\"></i> <i class=\"fa fa-circle-o\"></i> </td><td align=\"right\"><i class=\"fa fa-circle-o\"></i> <i class=\"fa fa-circle\"></i> </tr></table>\n|uhtml|bestof|<h2><strong>Game 3</strong> of <a href=\"/game-bestof3-gen9vgc2025regibo3-2353949872\">a best-of-3</a></h2>\n|t:|1746022463\n|gametype|doubles\n|player|p1|bertcamem|169|1234\n|player|p2|Inkin|shadowtriad|1333\n|teamsize|p1|6\n|teamsize|p2|6\n|gen|9\n|tier|[Gen 9] VGC 2025 Reg I (Bo3)\n|rated|\n|rule|Species Clause: Limit one of each Pok\u00e9mon\n|rule|Item Clause: Limit 1 of each item\n|clearpoke\n|poke|p1|Koraidon, L50|\n|poke|p1|Ho-Oh, L50|\n|poke|p1|Gurdurr, L50, M|\n|poke|p1|Flutter Mane, L50|\n|poke|p1|Rillaboom, L50, M|\n|poke|p1|Raging Bolt, L50|\n|poke|p2|Koraidon, L50|\n|poke|p2|Lunala, L50|\n|poke|p2|Flutter Mane, L50|\n|poke|p2|Ursaluna, L50, F|\n|poke|p2|Rillaboom, L50, M|\n|poke|p2|Chi-Yu, L50|\n|teampreview|4\n|showteam|p1|Koraidon||LifeOrb|OrichalcumPulse|FlareBlitz,CloseCombat,Protect,Uturn||||||50|,,,,,Fire]Ho-Oh||ClearAmulet|Regenerator|SacredFire,BraveBird,Protect,Tailwind||||||50|,,,,,Grass]Gurdurr||Eviolite|IronFist|DrainPunch,Coaching,WideGuard,HelpingHand|||M|||50|,,,,,Water]Flutter Mane||FocusSash|Protosynthesis|Moonblast,ShadowBall,Taunt,IcyWind||||||50|,,,,,Normal]Rillaboom||AssaultVest|GrassySurge|FakeOut,GrassyGlide,HighHorsepower,Uturn|||M|||50|,,,,,Fire]Raging Bolt||BoosterEnergy|Protosynthesis|Protect,Thunderclap,Thunderbolt,DracoMeteor||||||50|,,,,,Fairy\n|showteam|p2|Koraidon||LifeOrb|OrichalcumPulse|CloseCombat,FlareBlitz,FlameCharge,Protect||||||50|,,,,,Fire]Lunala||PowerHerb|ShadowShield|MeteorBeam,MoongeistBeam,TrickRoom,WideGuard||||||50|,,,,,Grass]Flutter Mane||FocusSash|Protosynthesis|IcyWind,Moonblast,ShadowBall,Protect||||||50|,,,,,Normal]Ursaluna||FlameOrb|Guts|HeadlongRush,Earthquake,Facade,Protect|||F|||50|,,,,,Water]Rillaboom||AssaultVest|GrassySurge|FakeOut,GrassyGlide,WoodHammer,Uturn|||M|||50|,,,,,Fire]Chi-Yu||ChoiceScarf|BeadsofRuin|HeatWave,Overheat,DarkPulse,Snarl||||||50|,,,,,Ghost\n|inactive|Battle timer is ON: inactive players will automatically lose when time's up. (requested by bertcamem)\n|\n|t:|1746022472\n|start\n|switch|p1a: Sun|Koraidon, L50|100/100\n|switch|p1b: Magician|Flutter Mane, L50|100/100\n|switch|p2a: Koraidon|Koraidon, L50|100/100\n|switch|p2b: Flutter Mane|Flutter Mane, L50|100/100\n|-weather|SunnyDay|[from] ability: Orichalcum Pulse|[of] p2a: Koraidon\n|-activate|p1b: Magician|ability: Protosynthesis\n|-start|p1b: Magician|protosynthesisspe\n|-activate|p2b: Flutter Mane|ability: Protosynthesis\n|-start|p2b: Flutter Mane|protosynthesisspe\n|-activate|p2a: Koraidon|Orichalcum Pulse|[source]\n|-activate|p1a: Sun|ability: Orichalcum Pulse\n|turn|1\n|\n|t:|1746022484\n|move|p2b: Flutter Mane|Icy Wind|p1b: Magician|[spread] p1a\n|-miss|p2b: Flutter Mane|p1b: Magician\n|-supereffective|p1a: Sun\n|-damage|p1a: Sun|70/100\n|-unboost|p1a: Sun|spe|1\n|move|p1b: Magician|Icy Wind|p2b: Flutter Mane|[spread] p2a,p2b\n|-supereffective|p2a: Koraidon\n|-damage|p2a: Koraidon|70/100\n|-damage|p2b: Flutter Mane|84/100\n|-unboost|p2a: Koraidon|spe|1\n|-unboost|p2b: Flutter Mane|spe|1\n|move|p1a: Sun|Close Combat|p2a: Koraidon\n|-damage|p2a: Koraidon|0 fnt\n|-unboost|p1a: Sun|def|1\n|-unboost|p1a: Sun|spd|1\n|faint|p2a: Koraidon\n|-damage|p1a: Sun|60/100|[from] item: Life Orb\n|\n|-weather|SunnyDay|[upkeep]\n|upkeep\n|\n|t:|1746022506\n|switch|p2a: Lunala|Lunala, L50|100/100\n|turn|2\n|\n|t:|1746022520\n|switch|p1a: Emperor|Ho-Oh, L50|100/100\n|move|p2a: Lunala|Wide Guard|p2a: Lunala\n|-singleturn|p2a: Lunala|Wide Guard\n|move|p1b: Magician|Shadow Ball|p2b: Flutter Mane\n|-supereffective|p2b: Flutter Mane\n|-damage|p2b: Flutter Mane|0 fnt\n|faint|p2b: Flutter Mane\n|-end|p2b: Flutter Mane|Protosynthesis|[silent]\n|\n|-weather|SunnyDay|[upkeep]\n|upkeep\n|\n|t:|1746022527\n|switch|p2b: Chi-Yu|Chi-Yu, L50|100/100\n|-ability|p2b: Chi-Yu|Beads of Ruin\n|turn|3\n|\n|t:|1746022539\n|move|p1b: Magician|Shadow Ball|p2a: Lunala\n|-supereffective|p2a: Lunala\n|-damage|p2a: Lunala|24/100\n|move|p2b: Chi-Yu|Heat Wave|p1a: Emperor|[spread] p1a,p1b\n|-resisted|p1a: Emperor\n|-damage|p1a: Emperor|77/100\n|-damage|p1b: Magician|18/100\n|move|p2a: Lunala|Meteor Beam||[still]\n|-prepare|p2a: Lunala|Meteor Beam\n|-boost|p2a: Lunala|spa|1\n|-enditem|p2a: Lunala|Power Herb\n|-anim|p2a: Lunala|Meteor Beam|p1a: Emperor\n|-supereffective|p1a: Emperor\n|-damage|p1a: Emperor|0 fnt\n|faint|p1a: Emperor\n|\n|-weather|SunnyDay|[upkeep]\n|upkeep\n|\n|t:|1746022550\n|switch|p1a: Strength|Gurdurr, L50, M|100/100\n|turn|4\n|inactive|Inkin has 30 seconds left.\n|\n|t:|1746022576\n|-terastallize|p2a: Lunala|Grass\n|move|p1a: Strength|Wide Guard|p1a: Strength\n|-singleturn|p1a: Strength|Wide Guard\n|move|p1b: Magician|Shadow Ball|p2a: Lunala\n|-damage|p2a: Lunala|0 fnt\n|faint|p2a: Lunala\n|move|p2b: Chi-Yu|Heat Wave|p1b: Magician|[spread] \n|-activate|p1a: Strength|move: Wide Guard\n|-activate|p1b: Magician|move: Wide Guard\n|\n|-weather|SunnyDay|[upkeep]\n|upkeep\n|turn|5\n|\n|t:|1746022593\n|move|p1a: Strength|Wide Guard|p1a: Strength\n|-singleturn|p1a: Strength|Wide Guard\n|move|p1b: Magician|Moonblast|p2b: Chi-Yu\n|-damage|p2b: Chi-Yu|40/100\n|move|p2b: Chi-Yu|Heat Wave|p1b: Magician|[spread] \n|-activate|p1a: Strength|move: Wide Guard\n|-activate|p1b: Magician|move: Wide Guard\n|\n|-weather|none\n|-end|p1b: Magician|Protosynthesis\n|upkeep\n|turn|6\n|\n|t:|1746022600\n|move|p1a: Strength|Wide Guard|p1a: Strength\n|-singleturn|p1a: Strength|Wide Guard\n|move|p2b: Chi-Yu|Heat Wave|p1b: Magician|[spread] \n|-activate|p1a: Strength|move: Wide Guard\n|-activate|p1b: Magician|move: Wide Guard\n|move|p1b: Magician|Moonblast|p2b: Chi-Yu\n|-damage|p2b: Chi-Yu|0 fnt\n|faint|p2b: Chi-Yu\n|\n|win|bertcamem\n|raw|bertcamem's rating: 1234 &rarr; <strong>1266</strong><br />(+32 for winning)\n|raw|Inkin's rating: 1333 &rarr; <strong>1307</strong><br />(-26 for losing)\n|l|\u2606Inkin\n|player|p2|\n|l|\u2606bertcamem\n|player|p1|\n|j|\u2606bertcamem\n|player|p1|bertcamem|169|\n", "uploadtime": 1746022638, "views": 12, "formatid": "gen9vgc2025regibo3", "rating": 1266, "private": 0, "password": null}