{"id": "gen9vgc2025regibo3-2354056586", "format": "[Gen 9] VGC 2025 Reg I (Bo3)", "players": ["NETDlDO", "I am a bird kacaw"], "log": "|j|\u2606NETDlDO\n|j|\u2606I am a bird kacaw\n|html|<table width=\"100%\"><tr><td align=\"left\">NETDlDO</td><td align=\"right\">I am a bird kacaw</tr><tr><td align=\"left\"><i class=\"fa fa-circle\"></i> <i class=\"fa fa-circle-o\"></i> </td><td align=\"right\"><i class=\"fa fa-circle-o\"></i> <i class=\"fa fa-circle\"></i> </tr></table>\n|uhtml|bestof|<h2><strong>Game 3</strong> of <a href=\"/game-bestof3-gen9vgc2025regibo3-2354049437\">a best-of-3</a></h2>\n|t:|1746031136\n|gametype|doubles\n|player|p1|NETDlDO|bruno|1054\n|player|p2|I am a bird kacaw|170|1066\n|teamsize|p1|6\n|teamsize|p2|6\n|gen|9\n|tier|[Gen 9] VGC 2025 Reg I (Bo3)\n|rated|\n|rule|Species Clause: Limit one of each Pok\u00e9mon\n|rule|Item Clause: Limit 1 of each item\n|clearpoke\n|poke|p1|Miraidon, L50|\n|poke|p1|Ho-Oh, L50|\n|poke|p1|Farigiraf, L50, M|\n|poke|p1|Urshifu-*, L50, F|\n|poke|p1|Ogerpon-Cornerstone, L50, F|\n|poke|p1|Grimmsnarl, L50, M|\n|poke|p2|Calyrex-Shadow, L50|\n|poke|p2|Zamazenta-*, L50|\n|poke|p2|Smeargle, L50, M|\n|poke|p2|Tornadus, L50, M|\n|poke|p2|Urshifu-*, L50, F|\n|poke|p2|Ogerpon-Hearthflame, L50, F|\n|teampreview|4\n|showteam|p1|Miraidon||ChoiceSpecs|HadronEngine|ElectroDrift,VoltSwitch,DracoMeteor,DazzlingGleam||||||50|,,,,,Fairy]Ho-Oh||Leftovers|Regenerator|Tailwind,SacredFire,Protect,LifeDew||||||50|,,,,,Steel]Farigiraf||ElectricSeed|ArmorTail|Psychic,FoulPlay,TrickRoom,HelpingHand|||M|||50|,,,,,Fairy]Urshifu-Rapid-Strike||FocusSash|UnseenFist|Taunt,SurgingStrikes,CloseCombat,Detect|||F|||50|,,,,,Water]Ogerpon-Cornerstone||CornerstoneMask|Sturdy|IvyCudgel,SpikyShield,FollowMe,BrickBreak|||F|||50|,,,,,Rock]Grimmsnarl||LightClay|Prankster|FakeOut,LightScreen,Reflect,SpiritBreak|||M|||50|,,,,,Dark\n|showteam|p2|Calyrex-Shadow||LifeOrb|AsOneSpectrier|AstralBarrage,DarkPulse,NastyPlot,Protect||||||50|,,,,,Dark]Zamazenta-Crowned||RustedShield|DauntlessShield|BodyPress,HeavySlam,WideGuard,Protect||||||50|,,,,,Fairy]Smeargle||FocusSash|Moody|FollowMe,Decorate,FakeOut,WideGuard|||M|||50|,,,,,Ghost]Tornadus||CovertCloak|Prankster|BleakwindStorm,Tailwind,Taunt,RainDance|||M|||50|,,,,,Ghost]Urshifu-Rapid-Strike||MysticWater|UnseenFist|SurgingStrikes,AquaJet,CloseCombat,Detect|||F|||50|,,,,,Stellar]Ogerpon-Hearthflame||HearthflameMask|MoldBreaker|IvyCudgel,HornLeech,FollowMe,SpikyShield|||F|||50|,,,,,Fire\n|\n|t:|1746031161\n|start\n|switch|p1a: Ho-Oh|Ho-Oh, L50|100/100\n|switch|p1b: Urshifu|Urshifu-Rapid-Strike, L50, F|100/100\n|switch|p2a: Calyrex|Calyrex-Shadow, L50|100/100\n|switch|p2b: Smeargle|Smeargle, L50, M|100/100\n|-ability|p2a: Calyrex|As One\n|-ability|p2a: Calyrex|Unnerve\n|turn|1\n|inactive|Battle timer is ON: inactive players will automatically lose when time's up. (requested by I am a bird kacaw)\n|\n|t:|1746031221\n|move|p2b: Smeargle|Fake Out|p1a: Ho-Oh\n|-damage|p1a: Ho-Oh|97/100\n|move|p2a: Calyrex|Nasty Plot|p2a: Calyrex\n|-boost|p2a: Calyrex|spa|2\n|move|p1b: Urshifu|Taunt|p2b: Smeargle\n|-start|p2b: Smeargle|move: Taunt\n|cant|p1a: Ho-Oh|flinch\n|\n|-heal|p1a: Ho-Oh|100/100|[from] item: Leftovers\n|-ability|p2b: Smeargle|Moody|boost\n|-boost|p2b: Smeargle|spd|2\n|-unboost|p2b: Smeargle|spe|1\n|upkeep\n|turn|2\n|\n|t:|1746031239\n|switch|p2b: Ogerpon|Ogerpon-Hearthflame, L50, F|100/100\n|-ability|p2b: Ogerpon|Mold Breaker\n|move|p2a: Calyrex|Astral Barrage|p1a: Ho-Oh|[spread] p1a,p1b\n|-damage|p1a: Ho-Oh|22/100\n|-enditem|p1b: Urshifu|Focus Sash\n|-damage|p1b: Urshifu|1/100\n|-damage|p2a: Calyrex|90/100|[from] item: Life Orb\n|move|p1b: Urshifu|Surging Strikes|p2a: Calyrex\n|-crit|p2a: Calyrex\n|-damage|p2a: Calyrex|69/100\n|-crit|p2a: Calyrex\n|-damage|p2a: Calyrex|47/100\n|-crit|p2a: Calyrex\n|-damage|p2a: Calyrex|24/100\n|-hitcount|p2a: Calyrex|3\n|move|p1a: Ho-Oh|Tailwind|p1a: Ho-Oh\n|-sidestart|p1: NETDlDO|move: Tailwind\n|\n|-heal|p1a: Ho-Oh|28/100|[from] item: Leftovers\n|upkeep\n|turn|3\n|inactive|NETDlDO has 30 seconds left.\n|inactive|NETDlDO has 20 seconds left.\n|inactive|NETDlDO has 15 seconds left.\n|\n|t:|1746031281\n|move|p1a: Ho-Oh|Protect|p1a: Ho-Oh\n|-singleturn|p1a: Ho-Oh|Protect\n|move|p2b: Ogerpon|Follow Me|p2b: Ogerpon\n|-singleturn|p2b: Ogerpon|move: Follow Me\n|move|p1b: Urshifu|Surging Strikes|p2b: Ogerpon\n|-crit|p2b: Ogerpon\n|-damage|p2b: Ogerpon|75/100\n|-crit|p2b: Ogerpon\n|-damage|p2b: Ogerpon|52/100\n|-crit|p2b: Ogerpon\n|-damage|p2b: Ogerpon|30/100\n|-hitcount|p2b: Ogerpon|3\n|move|p2a: Calyrex|Astral Barrage|p1a: Ho-Oh|[spread] p1b\n|-activate|p1a: Ho-Oh|move: Protect\n|-damage|p1b: Urshifu|0 fnt\n|faint|p1b: Urshifu\n|-ability|p2a: Calyrex|Grim Neigh|boost\n|-boost|p2a: Calyrex|spa|1\n|-damage|p2a: Calyrex|14/100|[from] item: Life Orb\n|\n|-heal|p1a: Ho-Oh|34/100|[from] item: Leftovers\n|upkeep\n|\n|t:|1746031301\n|switch|p1b: Miraidon|Miraidon, L50|100/100\n|-fieldstart|move: Electric Terrain|[from] ability: Hadron Engine|[of] p1b: Miraidon\n|turn|4\n|\n|t:|1746031322\n|move|p2a: Calyrex|Protect|p2a: Calyrex\n|-singleturn|p2a: Calyrex|Protect\n|move|p2b: Ogerpon|Spiky Shield|p2b: Ogerpon\n|-singleturn|p2b: Ogerpon|move: Protect\n|move|p1b: Miraidon|Electro Drift|p2b: Ogerpon\n|-activate|p2b: Ogerpon|move: Protect\n|-damage|p1b: Miraidon|88/100|[from] Spiky Shield|[of] p2b: Ogerpon\n|move|p1a: Ho-Oh|Sacred Fire|p2a: Calyrex\n|-activate|p2a: Calyrex|move: Protect\n|\n|-heal|p1a: Ho-Oh|40/100|[from] item: Leftovers\n|upkeep\n|turn|5\n|inactive|NETDlDO has 30 seconds left.\n|inactive|I am a bird kacaw has 30 seconds left.\n|inactive|NETDlDO has 20 seconds left.\n|inactive|NETDlDO has 15 seconds left.\n|\n|t:|1746031365\n|switch|p2b: Smeargle|Smeargle, L50, M|100/100\n|move|p2a: Calyrex|Protect||[still]\n|-fail|p2a: Calyrex\n|move|p1b: Miraidon|Electro Drift|p2b: Smeargle\n|-enditem|p2b: Smeargle|Focus Sash\n|-damage|p2b: Smeargle|1/100\n|move|p1a: Ho-Oh|Sacred Fire|p2a: Calyrex\n|-damage|p2a: Calyrex|0 fnt\n|faint|p2a: Calyrex\n|\n|-heal|p1a: Ho-Oh|46/100|[from] item: Leftovers\n|-sideend|p1: NETDlDO|move: Tailwind\n|-ability|p2b: Smeargle|Moody|boost\n|-boost|p2b: Smeargle|spd|2\n|-unboost|p2b: Smeargle|spe|1\n|upkeep\n|\n|t:|1746031386\n|switch|p2a: Zamazenta|Zamazenta-Crowned, L50|100/100\n|-ability|p2a: Zamazenta|Dauntless Shield|boost\n|-boost|p2a: Zamazenta|def|1\n|turn|6\n|\n|t:|1746031409\n|move|p2b: Smeargle|Fake Out|p1b: Miraidon\n|-damage|p1b: Miraidon|84/100\n|cant|p1b: Miraidon|flinch\n|move|p2a: Zamazenta|Body Press|p1b: Miraidon\n|-damage|p1b: Miraidon|12/100\n|move|p1a: Ho-Oh|Sacred Fire|p2a: Zamazenta\n|-supereffective|p2a: Zamazenta\n|-damage|p2a: Zamazenta|60/100\n|-status|p2a: Zamazenta|brn\n|\n|-heal|p1a: Ho-Oh|52/100|[from] item: Leftovers\n|-damage|p2a: Zamazenta|54/100 brn|[from] brn\n|-ability|p2b: Smeargle|Moody|boost\n|-boost|p2b: Smeargle|spe|2\n|-unboost|p2b: Smeargle|spa|1\n|upkeep\n|turn|7\n|inactive|NETDlDO has 30 seconds left.\n|inactive|I am a bird kacaw has 30 seconds left.\n|inactive|NETDlDO has 20 seconds left.\n|inactive|NETDlDO has 15 seconds left.\n|inactive|NETDlDO has 10 seconds left.\n|inactive|NETDlDO has 5 seconds left.\n|\n|t:|1746031463\n|switch|p1b: Grimmsnarl|Grimmsnarl, L50, M|100/100\n|move|p2b: Smeargle|Decorate|p2a: Zamazenta\n|-boost|p2a: Zamazenta|atk|2\n|-boost|p2a: Zamazenta|spa|2\n|move|p2a: Zamazenta|Body Press|p1b: Grimmsnarl\n|-damage|p1b: Grimmsnarl|66/100\n|move|p1a: Ho-Oh|Tailwind|p1a: Ho-Oh\n|-sidestart|p1: NETDlDO|move: Tailwind\n|\n|-heal|p1a: Ho-Oh|58/100|[from] item: Leftovers\n|-damage|p2a: Zamazenta|48/100 brn|[from] brn\n|-ability|p2b: Smeargle|Moody|boost\n|-boost|p2b: Smeargle|spd|2\n|-unboost|p2b: Smeargle|atk|1\n|upkeep\n|turn|8\n|inactive|NETDlDO has 30 seconds left.\n|inactive|I am a bird kacaw has 30 seconds left.\n|\n|t:|1746031493\n|-terastallize|p2b: Smeargle|Ghost\n|move|p2a: Zamazenta|Protect|p2a: Zamazenta\n|-singleturn|p2a: Zamazenta|Protect\n|move|p1b: Grimmsnarl|Fake Out|p2b: Smeargle\n|-immune|p2b: Smeargle\n|move|p1a: Ho-Oh|Sacred Fire|p2a: Zamazenta\n|-activate|p2a: Zamazenta|move: Protect\n|move|p2b: Smeargle|Decorate|p2a: Zamazenta\n|-boost|p2a: Zamazenta|atk|2\n|-boost|p2a: Zamazenta|spa|2\n|\n|-heal|p1a: Ho-Oh|64/100|[from] item: Leftovers\n|-damage|p2a: Zamazenta|42/100 brn|[from] brn\n|-fieldend|move: Electric Terrain\n|-ability|p2b: Smeargle|Moody|boost\n|-boost|p2b: Smeargle|atk|2\n|-unboost|p2b: Smeargle|def|1\n|upkeep\n|turn|9\n|inactive|I am a bird kacaw has 30 seconds left.\n|\n|t:|1746031520\n|move|p2b: Smeargle|Follow Me|p2b: Smeargle\n|-singleturn|p2b: Smeargle|move: Follow Me\n|move|p1b: Grimmsnarl|Reflect|p1b: Grimmsnarl\n|-sidestart|p1: NETDlDO|Reflect\n|move|p1a: Ho-Oh|Sacred Fire|p2b: Smeargle|[miss]\n|-miss|p1a: Ho-Oh|p2b: Smeargle\n|move|p2a: Zamazenta|Heavy Slam|p1b: Grimmsnarl\n|-supereffective|p1b: Grimmsnarl\n|-damage|p1b: Grimmsnarl|0 fnt\n|faint|p1b: Grimmsnarl\n|\n|-heal|p1a: Ho-Oh|70/100|[from] item: Leftovers\n|-damage|p2a: Zamazenta|36/100 brn|[from] brn\n|-ability|p2b: Smeargle|Moody|boost\n|-boost|p2b: Smeargle|atk|2\n|-unboost|p2b: Smeargle|def|1\n|upkeep\n|\n|t:|1746031534\n|switch|p1b: Miraidon|Miraidon, L50|12/100\n|-fieldstart|move: Electric Terrain|[from] ability: Hadron Engine|[of] p1b: Miraidon\n|turn|10\n|\n|t:|1746031552\n|-terastallize|p1b: Miraidon|Fairy\n|move|p2a: Zamazenta|Protect|p2a: Zamazenta\n|-singleturn|p2a: Zamazenta|Protect\n|move|p1b: Miraidon|Dazzling Gleam|p2a: Zamazenta|[spread] p2b\n|-activate|p2a: Zamazenta|move: Protect\n|-damage|p2b: Smeargle|0 fnt\n|faint|p2b: Smeargle\n|move|p1a: Ho-Oh|Life Dew|p1a: Ho-Oh|[spread] p1a,p1b\n|-heal|p1a: Ho-Oh|95/100\n|-heal|p1b: Miraidon|37/100\n|\n|-heal|p1a: Ho-Oh|100/100|[from] item: Leftovers\n|-damage|p2a: Zamazenta|30/100 brn|[from] brn\n|-sideend|p1: NETDlDO|move: Tailwind\n|upkeep\n|\n|t:|1746031566\n|switch|p2b: Ogerpon|Ogerpon-Hearthflame, L50, F|30/100\n|-ability|p2b: Ogerpon|Mold Breaker\n|turn|11\n|\n|t:|1746031594\n|move|p2a: Zamazenta|Wide Guard|p2a: Zamazenta\n|-singleturn|p2a: Zamazenta|Wide Guard\n|move|p1b: Miraidon|Dazzling Gleam|p2b: Ogerpon|[spread] \n|-activate|p2a: Zamazenta|move: Wide Guard\n|-activate|p2b: Ogerpon|move: Wide Guard\n|move|p1a: Ho-Oh|Sacred Fire|p2a: Zamazenta\n|-supereffective|p2a: Zamazenta\n|-damage|p2a: Zamazenta|0 fnt\n|faint|p2a: Zamazenta\n|move|p2b: Ogerpon|Horn Leech|p1b: Miraidon\n|-damage|p1b: Miraidon|6/100\n|-heal|p2b: Ogerpon|47/100|[from] drain|[of] p1b: Miraidon\n|\n|upkeep\n|turn|12\n|\n|t:|1746031616\n|move|p2b: Ogerpon|Spiky Shield|p2b: Ogerpon\n|-singleturn|p2b: Ogerpon|move: Protect\n|move|p1b: Miraidon|Dazzling Gleam|p2b: Ogerpon\n|-activate|p2b: Ogerpon|move: Protect\n|move|p1a: Ho-Oh|Tailwind|p1a: Ho-Oh\n|-sidestart|p1: NETDlDO|move: Tailwind\n|\n|upkeep\n|turn|13\n|\n|t:|1746031625\n|move|p1b: Miraidon|Dazzling Gleam|p2b: Ogerpon\n|-resisted|p2b: Ogerpon\n|-damage|p2b: Ogerpon|0 fnt\n|faint|p2b: Ogerpon\n|\n|win|NETDlDO\n|raw|NETDlDO's rating: 1054 &rarr; <strong>1087</strong><br />(+33 for winning)\n|raw|I am a bird kacaw's rating: 1066 &rarr; <strong>1045</strong><br />(-21 for losing)\n|l|\u2606I am a bird kacaw\n|player|p2|\n|c|\u2606NETDlDO|gg\n", "uploadtime": 1746031648, "views": 9, "formatid": "gen9vgc2025regibo3", "rating": 1045, "private": 0, "password": null}