{"id": "gen9vgc2025regibo3-2354168725", "format": "[Gen 9] VGC 2025 Reg I (Bo3)", "players": ["OreburghRanger", "jonen"], "log": "|j|\u2606OreburghRanger\n|j|\u2606jonen\n|html|<table width=\"100%\"><tr><td align=\"left\">OreburghRanger</td><td align=\"right\">jonen</tr><tr><td align=\"left\"><i class=\"fa fa-circle-o\"></i> <i class=\"fa fa-circle-o\"></i> </td><td align=\"right\"><i class=\"fa fa-circle-o\"></i> <i class=\"fa fa-circle-o\"></i> </tr></table>\n|uhtml|bestof|<h2><strong>Game 1</strong> of <a href=\"/game-bestof3-gen9vgc2025regibo3-2354168724\">a best-of-3</a></h2>\n|t:|1746040920\n|gametype|doubles\n|player|p1|OreburghRanger|pokemonranger-gen4|\n|player|p2|jonen|hiker-gen4|\n|teamsize|p1|6\n|teamsize|p2|6\n|gen|9\n|tier|[Gen 9] VGC 2025 Reg I (Bo3)\n|rule|Species Clause: Limit one of each Pok\u00e9mon\n|rule|Item Clause: Limit 1 of each item\n|clearpoke\n|poke|p1|Calyrex-Shadow, L50|\n|poke|p1|Zamazenta-*, L50|\n|poke|p1|Thundurus, L50, M|\n|poke|p1|Clefairy, L50, F|\n|poke|p1|Urshifu-*, L50, M|\n|poke|p1|Rillaboom, L50, M|\n|poke|p2|Koraidon, L50|\n|poke|p2|Terapagos, L50, M|\n|poke|p2|Rillaboom, L50, M|\n|poke|p2|Ogerpon-Cornerstone, L50, F|\n|poke|p2|Flutter Mane, L50|\n|poke|p2|Chi-Yu, L50|\n|teampreview|4\n|showteam|p1|Calyrex-Shadow||LifeOrb|AsOneSpectrier|AstralBarrage,Psychic,NastyPlot,Protect||||||50|,,,,,Dark]Zamazenta-Crowned||RustedShield|DauntlessShield|BodyPress,HeavySlam,WideGuard,Protect||||||50|,,,,,Water]Thundurus||CovertCloak|Prankster|WildboltStorm,EerieImpulse,ThunderWave,RainDance|||M|||50|,,,,,Dark]Clefairy||Eviolite|FriendGuard|Protect,FollowMe,AfterYou,HelpingHand|||F|||50|,,,,,Grass]Urshifu-Rapid-Strike||ChoiceScarf|UnseenFist|SurgingStrikes,CloseCombat,Uturn,AquaJet|||M|||50|,,,,,Water]Rillaboom||AssaultVest|GrassySurge|WoodHammer,GrassyGlide,Uturn,FakeOut|||M|||50|,,,,,Fire\n|showteam|p2|Koraidon||LifeOrb|OrichalcumPulse|CloseCombat,FlareBlitz,FlameCharge,Protect||||||50|,,,,,Fire]Terapagos||Leftovers|TeraShift|TeraStarstorm,EarthPower,CalmMind,Protect|||M|||50|,,,,,Stellar]Rillaboom||AssaultVest|GrassySurge|WoodHammer,GrassyGlide,Uturn,FakeOut|||M|||50|,,,,,Water]Ogerpon-Cornerstone||CornerstoneMask|Sturdy|IvyCudgel,PowerWhip,FollowMe,SpikyShield|||F|||50|,,,,,Rock]Flutter Mane||FocusSash|Protosynthesis|Moonblast,ShadowBall,IcyWind,Protect||||||50|,,,,,Normal]Chi-Yu||ChoiceScarf|BeadsofRuin|HeatWave,DarkPulse,Snarl,Overheat||||||50|,,,,,Ghost\n|inactive|Battle timer is ON: inactive players will automatically lose when time's up. (requested by jonen)\n|c|\u2606OreburghRanger|glhf!\n|inactive|jonen has 60 seconds left.\n|\n|t:|1746040958\n|start\n|switch|p1a: Thundurus|Thundurus, L50, M, shiny|100/100\n|switch|p1b: Urshifu|Urshifu-Rapid-Strike, L50, M|100/100\n|switch|p2a: Ogerpon|Ogerpon-Cornerstone, L50, F|100/100\n|switch|p2b: Terapagos|Terapagos, L50, M|100/100\n|-activate|p2b: Terapagos|ability: Tera Shift\n|detailschange|p2b: Terapagos|Terapagos-Terastal, L50, M\n|-heal|p2b: Terapagos|100/100|[silent]\n|turn|1\n|\n|t:|1746040973\n|move|p1a: Thundurus|Rain Dance|p1a: Thundurus\n|-weather|RainDance\n|move|p1b: Urshifu|Surging Strikes|p2a: Ogerpon\n|-crit|p2a: Ogerpon\n|-damage|p2a: Ogerpon|64/100\n|-crit|p2a: Ogerpon\n|-damage|p2a: Ogerpon|28/100\n|-crit|p2a: Ogerpon\n|-damage|p2a: Ogerpon|0 fnt\n|faint|p2a: Ogerpon\n|-hitcount|p2: Ogerpon|3\n|move|p2b: Terapagos|Calm Mind|p2b: Terapagos\n|-boost|p2b: Terapagos|spa|1\n|-boost|p2b: Terapagos|spd|1\n|\n|-weather|RainDance|[upkeep]\n|upkeep\n|\n|t:|1746040987\n|switch|p2a: Koraidon|Koraidon, L50|100/100\n|-weather|SunnyDay|[from] ability: Orichalcum Pulse|[of] p2a: Koraidon\n|-activate|p2a: Koraidon|Orichalcum Pulse|[source]\n|turn|2\n|\n|t:|1746041001\n|switch|p2a: Chi-Yu|Chi-Yu, L50|100/100\n|-ability|p2a: Chi-Yu|Beads of Ruin\n|move|p1a: Thundurus|Rain Dance|p1a: Thundurus\n|-weather|RainDance\n|move|p1b: Urshifu|Surging Strikes|p2b: Terapagos\n|-activate|p2b: Terapagos|ability: Tera Shell\n|-resisted|p2b: Terapagos\n|-crit|p2b: Terapagos\n|-damage|p2b: Terapagos|90/100\n|-resisted|p2b: Terapagos\n|-crit|p2b: Terapagos\n|-damage|p2b: Terapagos|79/100\n|-resisted|p2b: Terapagos\n|-crit|p2b: Terapagos\n|-damage|p2b: Terapagos|67/100\n|-hitcount|p2b: Terapagos|3\n|move|p2b: Terapagos|Calm Mind|p2b: Terapagos\n|-boost|p2b: Terapagos|spa|1\n|-boost|p2b: Terapagos|spd|1\n|\n|-weather|RainDance|[upkeep]\n|-heal|p2b: Terapagos|73/100|[from] item: Leftovers\n|upkeep\n|turn|3\n|inactive|jonen has 30 seconds left.\n|\n|t:|1746041032\n|-terastallize|p1b: Urshifu|Water\n|-terastallize|p2b: Terapagos|Stellar\n|detailschange|p2b: Terapagos|Terapagos-Stellar, L50, M, tera:Stellar\n|-heal|p2b: Terapagos|80/100|[silent]\n|-ability|p2b: Terapagos|Teraform Zero\n|-weather|none\n|move|p1a: Thundurus|Rain Dance|p1a: Thundurus\n|-weather|RainDance\n|move|p2a: Chi-Yu|Snarl|p1b: Urshifu|[spread] p1a,p1b\n|-damage|p1a: Thundurus|64/100\n|-damage|p1b: Urshifu|49/100\n|-unboost|p1b: Urshifu|spa|1\n|move|p1b: Urshifu|Surging Strikes|p2b: Terapagos\n|-crit|p2b: Terapagos\n|-damage|p2b: Terapagos|56/100\n|-crit|p2b: Terapagos\n|-damage|p2b: Terapagos|31/100\n|-crit|p2b: Terapagos\n|-damage|p2b: Terapagos|8/100\n|-hitcount|p2b: Terapagos|3\n|move|p2b: Terapagos|Tera Starstorm|p1a: Thundurus|[spread] p1a,p1b\n|-supereffective|p1b: Urshifu\n|-damage|p1a: Thundurus|0 fnt\n|-damage|p1b: Urshifu|0 fnt\n|faint|p1a: Thundurus\n|faint|p1b: Urshifu\n|\n|-weather|RainDance|[upkeep]\n|-heal|p2b: Terapagos|14/100|[from] item: Leftovers\n|upkeep\n|\n|t:|1746041051\n|switch|p1a: Calyrex|Calyrex-Shadow, L50|100/100\n|switch|p1b: Zamazenta|Zamazenta-Crowned, L50, shiny|100/100\n|-ability|p1a: Calyrex|As One\n|-ability|p1a: Calyrex|Unnerve\n|-ability|p1b: Zamazenta|Dauntless Shield|boost\n|-boost|p1b: Zamazenta|def|1\n|turn|4\n|inactive|OreburghRanger has 30 seconds left.\n|\n|t:|1746041076\n|switch|p2a: Koraidon|Koraidon, L50|100/100\n|-weather|SunnyDay|[from] ability: Orichalcum Pulse|[of] p2a: Koraidon\n|-activate|p2a: Koraidon|Orichalcum Pulse|[source]\n|move|p2b: Terapagos|Protect|p2b: Terapagos\n|-singleturn|p2b: Terapagos|Protect\n|move|p1b: Zamazenta|Wide Guard|p1b: Zamazenta\n|-singleturn|p1b: Zamazenta|Wide Guard\n|move|p1a: Calyrex|Psychic|p2b: Terapagos\n|-activate|p2b: Terapagos|move: Protect\n|\n|-weather|SunnyDay|[upkeep]\n|-heal|p2b: Terapagos|20/100|[from] item: Leftovers\n|upkeep\n|turn|5\n|\n|t:|1746041100\n|move|p1a: Calyrex|Psychic|p2a: Koraidon\n|-supereffective|p2a: Koraidon\n|-damage|p2a: Koraidon|0 fnt\n|faint|p2a: Koraidon\n|-ability|p1a: Calyrex|Grim Neigh|boost\n|-boost|p1a: Calyrex|spa|1\n|-damage|p1a: Calyrex|91/100|[from] item: Life Orb\n|move|p1b: Zamazenta|Body Press|p2b: Terapagos\n|-supereffective|p2b: Terapagos\n|-damage|p2b: Terapagos|0 fnt\n|faint|p2b: Terapagos\n|\n|-weather|SunnyDay|[upkeep]\n|upkeep\n|\n|t:|1746041103\n|switch|p2b: Chi-Yu|Chi-Yu, L50|100/100\n|-ability|p2b: Chi-Yu|Beads of Ruin\n|turn|6\n|inactive|OreburghRanger has 30 seconds left.\n|\n|t:|1746041134\n|move|p1a: Calyrex|Protect|p1a: Calyrex\n|-singleturn|p1a: Calyrex|Protect\n|move|p1b: Zamazenta|Protect|p1b: Zamazenta\n|-singleturn|p1b: Zamazenta|Protect\n|move|p2b: Chi-Yu|Overheat|p1b: Zamazenta\n|-activate|p1b: Zamazenta|move: Protect\n|\n|-weather|SunnyDay|[upkeep]\n|upkeep\n|turn|7\n|\n|t:|1746041148\n|move|p1b: Zamazenta|Protect||[still]\n|-fail|p1b: Zamazenta\n|move|p2b: Chi-Yu|Overheat|p1b: Zamazenta\n|-supereffective|p1b: Zamazenta\n|-damage|p1b: Zamazenta|0 fnt\n|-unboost|p2b: Chi-Yu|spa|2\n|faint|p1b: Zamazenta\n|move|p1a: Calyrex|Astral Barrage|p2b: Chi-Yu\n|-resisted|p2b: Chi-Yu\n|-damage|p2b: Chi-Yu|10/100\n|-damage|p1a: Calyrex|82/100|[from] item: Life Orb\n|\n|-weather|SunnyDay|[upkeep]\n|upkeep\n|turn|8\n|\n|t:|1746041160\n|move|p1a: Calyrex|Protect|p1a: Calyrex\n|-singleturn|p1a: Calyrex|Protect\n|move|p2b: Chi-Yu|Overheat|p1a: Calyrex\n|-activate|p1a: Calyrex|move: Protect\n|\n|-weather|none\n|upkeep\n|turn|9\n|\n|t:|1746041167\n|move|p2b: Chi-Yu|Overheat|p1a: Calyrex\n|-damage|p1a: Calyrex|32/100\n|-unboost|p2b: Chi-Yu|spa|2\n|move|p1a: Calyrex|Astral Barrage|p2b: Chi-Yu\n|-resisted|p2b: Chi-Yu\n|-damage|p2b: Chi-Yu|0 fnt\n|faint|p2b: Chi-Yu\n|-damage|p1a: Calyrex|23/100|[from] item: Life Orb\n|\n|win|OreburghRanger\n", "uploadtime": 1746041167, "views": 13, "formatid": "gen9vgc2025regibo3", "rating": null, "private": 0, "password": null}