{"id": "gen9vgc2025regibo3-2354312483", "format": "[Gen 9] VGC 2025 Reg I (Bo3)", "players": ["Gimffy", "Asisvz12"], "log": "|j|\u2606Gimffy\n|j|\u2606Asisvz12\n|html|<table width=\"100%\"><tr><td align=\"left\">Gimffy</td><td align=\"right\">Asisvz12</tr><tr><td align=\"left\"><i class=\"fa fa-circle-o\"></i> <i class=\"fa fa-circle-o\"></i> </td><td align=\"right\"><i class=\"fa fa-circle-o\"></i> <i class=\"fa fa-circle-o\"></i> </tr></table>\n|uhtml|bestof|<h2><strong>Game 1</strong> of <a href=\"/game-bestof3-gen9vgc2025regibo3-2354312482\">a best-of-3</a></h2>\n|t:|1746056049\n|gametype|doubles\n|player|p1|Gimffy|ingo|1154\n|player|p2|Asisvz12|biker|1051\n|teamsize|p1|6\n|teamsize|p2|6\n|gen|9\n|tier|[Gen 9] VGC 2025 Reg I (Bo3)\n|rated|\n|rule|Species Clause: Limit one of each Pok\u00e9mon\n|rule|Item Clause: Limit 1 of each item\n|clearpoke\n|poke|p1|Koraidon, L50|\n|poke|p1|Lunala, L50|\n|poke|p1|Flutter Mane, L50|\n|poke|p1|Chi-Yu, L50|\n|poke|p1|Indeedee-F, L50, F|\n|poke|p1|Brute Bonnet, L50|\n|poke|p2|Zacian-*, L50|\n|poke|p2|Rillaboom, L50, M|\n|poke|p2|Urshifu-*, L50, M|\n|poke|p2|Tornadus, L50, M|\n|poke|p2|Kyogre, L50|\n|poke|p2|Flutter Mane, L50|\n|teampreview|4\n|showteam|p1|Koraidon||ClearAmulet|OrichalcumPulse|CollisionCourse,FlareBlitz,FlameCharge,Protect||||||50|,,,,,Fire]Lunala||PowerHerb|ShadowShield|MoongeistBeam,ExpandingForce,MeteorBeam,TrickRoom||||||50|,,,,,Water]Flutter Mane||FocusSash|Protosynthesis|Moonblast,ShadowBall,IcyWind,Protect||||||50|,,,,,Fairy]Chi-Yu||ChoiceScarf|BeadsofRuin|DarkPulse,HeatWave,Overheat,Snarl||||||50|,,,,,Ghost]Indeedee-F||RockyHelmet|PsychicSurge|Psychic,FollowMe,Imprison,TrickRoom|||F|||50|,,,,,Grass]Brute Bonnet||CovertCloak|Protosynthesis|SeedBomb,SuckerPunch,RagePowder,Spore||||||50|,,,,,Poison\n|showteam|p2|Zacian-Crowned||RustedSword|IntrepidSword|behemothblade,SacredSword,Protect,PlayRough||||||50|,,,,,Ground]Rillaboom||AssaultVest|GrassySurge|GrassyGlide,HighHorsepower,KnockOff,FakeOut|||M|||50|,,,,,Fire]Urshifu-Rapid-Strike||FocusSash|UnseenFist|AquaJet,Protect,SurgingStrikes,CloseCombat|||M|||50|,,,,,Water]Tornadus||CovertCloak|Prankster|Tailwind,BleakwindStorm,Taunt,RainDance|||M|||50|,,,,,Steel]Kyogre||ChoiceScarf|Drizzle|WaterSpout,OriginPulse,Thunder,IceBeam||||||50|,,,,,Water]Flutter Mane||BoosterEnergy|Protosynthesis|Protect,DazzlingGleam,IcyWind,ShadowBall||||||50|,,,,,Fairy\n|inactive|Battle timer is ON: inactive players will automatically lose when time's up. (requested by Gimffy)\n|\n|t:|1746056076\n|start\n|switch|p1a: Bruce Wane|Lunala, L50|100/100\n|switch|p1b: Tinky Winky|Indeedee-F, L50, F|100/100\n|switch|p2a: Tornadus|Tornadus, L50, M|100/100\n|switch|p2b: Kyogre|Kyogre, L50, shiny|100/100\n|-weather|RainDance|[from] ability: Drizzle|[of] p2b: Kyogre\n|-fieldstart|move: Psychic Terrain|[from] ability: Psychic Surge|[of] p1b: Tinky Winky\n|turn|1\n|inactive|Gimffy has 30 seconds left.\n|inactive|Asisvz12 has 30 seconds left.\n|inactive|Asisvz12 has 20 seconds left.\n|inactive|Gimffy has 20 seconds left.\n|inactive|Asisvz12 has 15 seconds left.\n|\n|t:|1746056128\n|-terastallize|p2b: Kyogre|Water\n|-terastallize|p1a: Bruce Wane|Water\n|move|p1b: Tinky Winky|Follow Me|p1b: Tinky Winky\n|-singleturn|p1b: Tinky Winky|move: Follow Me\n|move|p2a: Tornadus|Taunt|p1b: Tinky Winky\n|-activate|p1b: Tinky Winky|move: Psychic Terrain\n|move|p2b: Kyogre|Water Spout|p1b: Tinky Winky|[spread] p1a,p1b\n|-resisted|p1a: Bruce Wane\n|-damage|p1a: Bruce Wane|77/100\n|-damage|p1b: Tinky Winky|0 fnt\n|faint|p1b: Tinky Winky\n|move|p1a: Bruce Wane|Trick Room|p1a: Bruce Wane\n|-fieldstart|move: Trick Room|[of] p1a: Bruce Wane\n|\n|-weather|RainDance|[upkeep]\n|upkeep\n|\n|t:|1746056140\n|switch|p1b: Akira|Koraidon, L50|100/100\n|-weather|SunnyDay|[from] ability: Orichalcum Pulse|[of] p1b: Akira\n|-activate|p1b: Akira|Orichalcum Pulse|[source]\n|turn|2\n|\n|t:|1746056157\n|switch|p2b: Rillaboom|Rillaboom, L50, M, shiny|100/100\n|-fieldstart|move: Grassy Terrain|[from] ability: Grassy Surge|[of] p2b: Rillaboom\n|move|p2a: Tornadus|Taunt|p1a: Bruce Wane\n|-start|p1a: Bruce Wane|move: Taunt\n|move|p1a: Bruce Wane|Meteor Beam||[still]\n|-prepare|p1a: Bruce Wane|Meteor Beam\n|-boost|p1a: Bruce Wane|spa|1\n|-enditem|p1a: Bruce Wane|Power Herb\n|-anim|p1a: Bruce Wane|Meteor Beam|p2a: Tornadus\n|-supereffective|p2a: Tornadus\n|-damage|p2a: Tornadus|0 fnt\n|faint|p2a: Tornadus\n|move|p1b: Akira|Collision Course|p2b: Rillaboom\n|-damage|p2b: Rillaboom|39/100\n|\n|-weather|SunnyDay|[upkeep]\n|-heal|p2b: Rillaboom|45/100|[from] Grassy Terrain\n|-heal|p1a: Bruce Wane|83/100|[from] Grassy Terrain\n|upkeep\n|\n|t:|1746056178\n|switch|p2a: Urshifu|Urshifu-Rapid-Strike, L50, M|100/100\n|turn|3\n|inactive|Asisvz12 has 30 seconds left.\n|\n|t:|1746056203\n|switch|p1b: Anakin|Flutter Mane, L50|100/100\n|-activate|p1b: Anakin|ability: Protosynthesis\n|-start|p1b: Anakin|protosynthesisspe\n|move|p2b: Rillaboom|Fake Out|p1a: Bruce Wane\n|-damage|p1a: Bruce Wane|72/100\n|cant|p1a: Bruce Wane|flinch\n|move|p2a: Urshifu|Close Combat|p1b: Anakin\n|-immune|p1b: Anakin\n|\n|-weather|SunnyDay|[upkeep]\n|-heal|p2b: Rillaboom|51/100|[from] Grassy Terrain\n|-heal|p1a: Bruce Wane|78/100|[from] Grassy Terrain\n|upkeep\n|turn|4\n|\n|t:|1746056223\n|-end|p1b: Anakin|Protosynthesis|[silent]\n|switch|p1b: Akira|Koraidon, L50|100/100\n|-activate|p1b: Akira|ability: Orichalcum Pulse\n|move|p2b: Rillaboom|Grassy Glide|p1a: Bruce Wane\n|-supereffective|p1a: Bruce Wane\n|-damage|p1a: Bruce Wane|12/100\n|move|p1a: Bruce Wane|Expanding Force|p2a: Urshifu\n|-supereffective|p2a: Urshifu\n|-enditem|p2a: Urshifu|Focus Sash\n|-damage|p2a: Urshifu|1/100\n|move|p2a: Urshifu|Surging Strikes|p1b: Akira\n|-resisted|p1b: Akira\n|-crit|p1b: Akira\n|-damage|p1b: Akira|97/100\n|-resisted|p1b: Akira\n|-crit|p1b: Akira\n|-damage|p1b: Akira|92/100\n|-resisted|p1b: Akira\n|-crit|p1b: Akira\n|-damage|p1b: Akira|88/100\n|-hitcount|p1b: Akira|3\n|\n|-weather|SunnyDay|[upkeep]\n|-heal|p2b: Rillaboom|57/100|[from] Grassy Terrain\n|-heal|p1a: Bruce Wane|19/100|[from] Grassy Terrain\n|-heal|p2a: Urshifu|7/100|[from] Grassy Terrain\n|-heal|p1b: Akira|94/100|[from] Grassy Terrain\n|-end|p1a: Bruce Wane|move: Taunt\n|upkeep\n|turn|5\n|inactive|Asisvz12 has 30 seconds left.\n|\n|t:|1746056253\n|move|p2b: Rillaboom|Grassy Glide|p1a: Bruce Wane\n|-supereffective|p1a: Bruce Wane\n|-damage|p1a: Bruce Wane|0 fnt\n|faint|p1a: Bruce Wane\n|move|p2a: Urshifu|Surging Strikes|p1b: Akira\n|-resisted|p1b: Akira\n|-crit|p1b: Akira\n|-damage|p1b: Akira|90/100\n|-resisted|p1b: Akira\n|-crit|p1b: Akira\n|-damage|p1b: Akira|86/100\n|-resisted|p1b: Akira\n|-crit|p1b: Akira\n|-damage|p1b: Akira|81/100\n|-hitcount|p1b: Akira|3\n|move|p1b: Akira|Flame Charge|p2b: Rillaboom\n|-supereffective|p2b: Rillaboom\n|-damage|p2b: Rillaboom|0 fnt\n|-boost|p1b: Akira|spe|1\n|faint|p2b: Rillaboom\n|\n|-weather|SunnyDay|[upkeep]\n|-heal|p2a: Urshifu|14/100|[from] Grassy Terrain\n|-heal|p1b: Akira|88/100|[from] Grassy Terrain\n|-fieldend|move: Trick Room\n|upkeep\n|\n|t:|1746056273\n|switch|p1a: Anakin|Flutter Mane, L50|100/100\n|switch|p2b: Kyogre|Kyogre, L50, shiny, tera:Water|100/100\n|-weather|RainDance|[from] ability: Drizzle|[of] p2b: Kyogre\n|turn|6\n|\n|t:|1746056290\n|move|p2a: Urshifu|Aqua Jet|p1a: Anakin\n|-damage|p1a: Anakin|32/100\n|move|p1b: Akira|Collision Course|p2b: Kyogre\n|-damage|p2b: Kyogre|45/100\n|move|p2b: Kyogre|Ice Beam|p1b: Akira\n|-supereffective|p1b: Akira\n|-damage|p1b: Akira|16/100\n|move|p1a: Anakin|Moonblast|p2b: Kyogre\n|-damage|p2b: Kyogre|6/100\n|\n|-weather|RainDance|[upkeep]\n|-heal|p1b: Akira|23/100|[from] Grassy Terrain\n|-heal|p2b: Kyogre|12/100|[from] Grassy Terrain\n|-heal|p1a: Anakin|37/100|[from] Grassy Terrain\n|-heal|p2a: Urshifu|20/100|[from] Grassy Terrain\n|-fieldend|move: Grassy Terrain\n|upkeep\n|turn|7\n|inactive|Gimffy has 30 seconds left.\n|\n|t:|1746056319\n|move|p2a: Urshifu|Aqua Jet|p1a: Anakin\n|-damage|p1a: Anakin|0 fnt\n|faint|p1a: Anakin\n|-end|p1a: Anakin|Protosynthesis|[silent]\n|move|p1b: Akira|Collision Course|p2b: Kyogre\n|-damage|p2b: Kyogre|0 fnt\n|faint|p2b: Kyogre\n|\n|-weather|RainDance|[upkeep]\n|upkeep\n|turn|8\n|\n|t:|1746056333\n|move|p2a: Urshifu|Protect|p2a: Urshifu\n|-singleturn|p2a: Urshifu|Protect\n|move|p1b: Akira|Collision Course|p2a: Urshifu\n|-activate|p2a: Urshifu|move: Protect\n|\n|-weather|RainDance|[upkeep]\n|upkeep\n|turn|9\n|\n|t:|1746056341\n|move|p2a: Urshifu|Aqua Jet|p1b: Akira\n|-resisted|p1b: Akira\n|-damage|p1b: Akira|9/100\n|move|p1b: Akira|Collision Course|p2a: Urshifu\n|-damage|p2a: Urshifu|0 fnt\n|faint|p2a: Urshifu\n|\n|win|Gimffy\n||Gimffy is ready for game 2.\n|inactive|Asisvz12 has 30 seconds to confirm battle start!\n|l|\u2606Asisvz12\n|player|p2|\n|inactive|Asisvz12 has 20 seconds to confirm battle start!\n|inactive|Asisvz12 has 10 seconds to confirm battle start!\n|uhtml|next|Next: <a href=\"/battle-gen9vgc2025regibo3-2354315303\"><strong>Game 2 of 3</strong></a>\n", "uploadtime": 1746056583, "views": 7, "formatid": "gen9vgc2025regibo3", "rating": null, "private": 0, "password": null}