{"id": "gen9vgc2025regibo3-2354934617", "format": "[Gen 9] VGC 2025 Reg I (Bo3)", "players": ["TheMochiMan", "goat pincurchin"], "log": "|j|\u2606TheMochiMan\n|j|\u2606goat pincurchin\n|html|<table width=\"100%\"><tr><td align=\"left\">TheMochiMan</td><td align=\"right\">goat pincurchin</tr><tr><td align=\"left\"><i class=\"fa fa-circle-o\"></i> <i class=\"fa fa-circle-o\"></i> </td><td align=\"right\"><i class=\"fa fa-circle-o\"></i> <i class=\"fa fa-circle\"></i> </tr></table>\n|uhtml|bestof|<h2><strong>Game 2</strong> of <a href=\"/game-bestof3-gen9vgc2025regibo3-2354931370\">a best-of-3</a></h2>\n|t:|1746133280\n|gametype|doubles\n|player|p1|TheMochiMan|worker|1329\n|player|p2|goat pincurchin|leon-masters|1314\n|teamsize|p1|6\n|teamsize|p2|6\n|gen|9\n|tier|[Gen 9] VGC 2025 Reg I (Bo3)\n|rated|\n|rule|Species Clause: Limit one of each Pok\u00e9mon\n|rule|Item Clause: Limit 1 of each item\n|clearpoke\n|poke|p1|Eternatus, L50|\n|poke|p1|Ho-Oh, L50|\n|poke|p1|Rillaboom, L50, F|\n|poke|p1|Urshifu-*, L50, F|\n|poke|p1|Grimmsnarl, L50, M|\n|poke|p1|Ting-Lu, L50|\n|poke|p2|Kyogre, L50|\n|poke|p2|Rillaboom, L50, F|\n|poke|p2|Tornadus, L50, M|\n|poke|p2|Urshifu-*, L50, M|\n|poke|p2|Chien-Pao, L50|\n|poke|p2|Zacian-*, L50|\n|teampreview|4\n|showteam|p1|Eternatus||Leftovers|Pressure|Protect,Flamethrower,Toxic,CosmicPower||||||50|,,,,,Dark]Ho-Oh||ClearAmulet|Regenerator|Protect,SacredFire,BraveBird,Recover||||||50|,,,,,Grass]Rillaboom||AssaultVest|GrassySurge|WoodHammer,GrassyGlide,Uturn,FakeOut|||F|||50|,,,,,Fire]Urshifu-Rapid-Strike||ChoiceScarf|UnseenFist|SurgingStrikes,CloseCombat,Coaching,Uturn|||F|||50|,,,,,Water]Grimmsnarl||LightClay|Prankster|FoulPlay,Reflect,LightScreen,FakeOut|||M|||50|,,,,,Ghost]Ting-Lu||RockyHelmet|VesselofRuin|Protect,Ruination,StealthRock,Taunt||||||50|,,,,,Poison\n|showteam|p2|Kyogre||MysticWater|Drizzle|WaterSpout,OriginPulse,IceBeam,Protect||||||50|,,,,,Grass]Rillaboom||AssaultVest|GrassySurge|FakeOut,GrassyGlide,WoodHammer,Uturn|||F|||50|,,,,,Fire]Tornadus||CovertCloak|Prankster|Hurricane,RainDance,Tailwind,Taunt|||M|||50|,,,,,Dark]Urshifu-Rapid-Strike||ChoiceScarf|UnseenFist|SurgingStrikes,AquaJet,CloseCombat,Uturn|||M|||50|,,,,,Water]Chien-Pao||FocusSash|SwordofRuin|SuckerPunch,IcicleCrash,Protect,Crunch||||||50|,,,,,Ghost]Zacian-Crowned||RustedSword|IntrepidSword|behemothblade,PlayRough,Protect,TeraBlast||||||50|,,,,,Ground\n|\n|t:|1746133318\n|start\n|switch|p1a: Rillaboom|Rillaboom, L50, F|100/100\n|switch|p1b: Grimmsnarl|Grimmsnarl, L50, M|100/100\n|switch|p2a: Zacian|Zacian-Crowned, L50|100/100\n|switch|p2b: Rillaboom|Rillaboom, L50, F|100/100\n|-ability|p2a: Zacian|Intrepid Sword|boost\n|-boost|p2a: Zacian|atk|1\n|-fieldstart|move: Grassy Terrain|[from] ability: Grassy Surge|[of] p1a: Rillaboom\n|turn|1\n|inactive|Battle timer is ON: inactive players will automatically lose when time's up. (requested by TheMochiMan)\n|\n|t:|1746133349\n|move|p2a: Zacian|Protect|p2a: Zacian\n|-singleturn|p2a: Zacian|Protect\n|move|p1a: Rillaboom|Fake Out|p2a: Zacian\n|-activate|p2a: Zacian|move: Protect\n|move|p2b: Rillaboom|Fake Out|p1b: Grimmsnarl\n|-damage|p1b: Grimmsnarl|89/100\n|cant|p1b: Grimmsnarl|flinch\n|\n|-heal|p1b: Grimmsnarl|95/100|[from] Grassy Terrain\n|upkeep\n|turn|2\n|\n|t:|1746133363\n|move|p1b: Grimmsnarl|Reflect|p1b: Grimmsnarl\n|-sidestart|p1: TheMochiMan|Reflect\n|move|p2a: Zacian|Play Rough|p1b: Grimmsnarl\n|-supereffective|p1b: Grimmsnarl\n|-damage|p1b: Grimmsnarl|1/100\n|move|p1a: Rillaboom|U-turn|p2b: Rillaboom\n|-supereffective|p2b: Rillaboom\n|-damage|p2b: Rillaboom|54/100\n|\n|t:|1746133375\n|switch|p1a: Eternatus|Eternatus, L50|100/100|[from] U-turn\n|-ability|p1a: Eternatus|Pressure\n|move|p2b: Rillaboom|Wood Hammer|p1b: Grimmsnarl\n|-damage|p1b: Grimmsnarl|0 fnt\n|faint|p1b: Grimmsnarl\n|-damage|p2b: Rillaboom|54/100|[from] Recoil\n|\n|-heal|p2b: Rillaboom|59/100|[from] Grassy Terrain\n|upkeep\n|\n|t:|1746133388\n|switch|p1b: Rillaboom|Rillaboom, L50, F|100/100\n|turn|3\n|\n|t:|1746133397\n|move|p2a: Zacian|Behemoth Blade|p1b: Rillaboom\n|-damage|p1b: Rillaboom|43/100\n|move|p1a: Eternatus|Cosmic Power|p1a: Eternatus\n|-boost|p1a: Eternatus|def|1\n|-boost|p1a: Eternatus|spd|1\n|move|p1b: Rillaboom|U-turn|p2b: Rillaboom\n|-supereffective|p2b: Rillaboom\n|-damage|p2b: Rillaboom|16/100\n|\n|t:|1746133407\n|switch|p1b: Urshifu|Urshifu-Rapid-Strike, L50, F|100/100|[from] U-turn\n|move|p2b: Rillaboom|Wood Hammer|p1b: Urshifu\n|-supereffective|p1b: Urshifu\n|-damage|p1b: Urshifu|5/100\n|-damage|p2b: Rillaboom|0 fnt|[from] Recoil\n|faint|p2b: Rillaboom\n|\n|-heal|p1b: Urshifu|11/100|[from] Grassy Terrain\n|upkeep\n|inactive|goat pincurchin has 30 seconds left.\n|inactive|goat pincurchin has 20 seconds left.\n|inactive|goat pincurchin has 15 seconds left.\n|inactive|goat pincurchin has 10 seconds left.\n|inactive|goat pincurchin has 5 seconds left.\n|\n|t:|1746133458\n|switch|p2b: Tornadus|Tornadus, L50, M|100/100\n|turn|4\n|inactive|TheMochiMan has 30 seconds left.\n|inactive|TheMochiMan has 20 seconds left.\n|\n|t:|1746133496\n|move|p2b: Tornadus|Taunt|p1a: Eternatus\n|-start|p1a: Eternatus|move: Taunt\n|move|p1b: Urshifu|Surging Strikes|p2a: Zacian\n|-crit|p2a: Zacian\n|-damage|p2a: Zacian|79/100\n|-crit|p2a: Zacian\n|-damage|p2a: Zacian|57/100\n|-crit|p2a: Zacian\n|-damage|p2a: Zacian|35/100\n|-hitcount|p2a: Zacian|3\n|move|p2a: Zacian|Play Rough|p1b: Urshifu|[miss]\n|-miss|p2a: Zacian|p1b: Urshifu\n|cant|p1a: Eternatus|move: Taunt|Cosmic Power\n|\n|-heal|p1b: Urshifu|17/100|[from] Grassy Terrain\n|-heal|p2a: Zacian|41/100|[from] Grassy Terrain\n|upkeep\n|turn|5\n|\n|t:|1746133514\n|move|p1b: Urshifu|Surging Strikes|p2a: Zacian\n|-crit|p2a: Zacian\n|-damage|p2a: Zacian|18/100\n|-crit|p2a: Zacian\n|-damage|p2a: Zacian|0 fnt\n|faint|p2a: Zacian\n|-hitcount|p2: Zacian|2\n|move|p2b: Tornadus|Hurricane|p1b: Urshifu|[miss]\n|-miss|p2b: Tornadus|p1b: Urshifu\n|move|p1a: Eternatus|Flamethrower|p2b: Tornadus\n|-damage|p2b: Tornadus|61/100\n|\n|-heal|p1b: Urshifu|24/100|[from] Grassy Terrain\n|-fieldend|move: Grassy Terrain\n|upkeep\n|inactive|goat pincurchin has 30 seconds left.\n|inactive|goat pincurchin has 20 seconds left.\n|inactive|goat pincurchin has 15 seconds left.\n|inactive|goat pincurchin has 10 seconds left.\n|inactive|goat pincurchin has 5 seconds left.\n|\n|t:|1746133569\n|switch|p2a: Kyogre|Kyogre, L50|100/100\n|-weather|RainDance|[from] ability: Drizzle|[of] p2a: Kyogre\n|turn|6\n|inactive|goat pincurchin has 30 seconds left.\n|inactive|goat pincurchin has 20 seconds left.\n|inactive|goat pincurchin has 15 seconds left.\n|inactive|goat pincurchin has 10 seconds left.\n|inactive|goat pincurchin has 5 seconds left.\n|\n|t:|1746133624\n|move|p1b: Urshifu|Surging Strikes|p2a: Kyogre\n|-resisted|p2a: Kyogre\n|-crit|p2a: Kyogre\n|-damage|p2a: Kyogre|84/100\n|-resisted|p2a: Kyogre\n|-crit|p2a: Kyogre\n|-damage|p2a: Kyogre|67/100\n|-resisted|p2a: Kyogre\n|-crit|p2a: Kyogre\n|-damage|p2a: Kyogre|50/100\n|-hitcount|p2a: Kyogre|3\n|move|p2b: Tornadus|Hurricane|p1a: Eternatus\n|-damage|p1a: Eternatus|76/100\n|move|p2a: Kyogre|Water Spout|p1b: Urshifu|[spread] p1a,p1b\n|-resisted|p1a: Eternatus\n|-resisted|p1b: Urshifu\n|-damage|p1a: Eternatus|64/100\n|-damage|p1b: Urshifu|0 fnt\n|faint|p1b: Urshifu\n|move|p1a: Eternatus|Flamethrower|p2a: Kyogre\n|-resisted|p2a: Kyogre\n|-damage|p2a: Kyogre|44/100\n|\n|-weather|RainDance|[upkeep]\n|-heal|p1a: Eternatus|71/100|[from] item: Leftovers\n|-end|p1a: Eternatus|move: Taunt\n|upkeep\n|\n|t:|1746133630\n|switch|p1b: Rillaboom|Rillaboom, L50, F|43/100\n|-fieldstart|move: Grassy Terrain|[from] ability: Grassy Surge|[of] p1b: Rillaboom\n|turn|7\n|inactive|goat pincurchin has 30 seconds left.\n|inactive|goat pincurchin has 20 seconds left.\n|inactive|goat pincurchin has 15 seconds left.\n|inactive|goat pincurchin has 10 seconds left.\n|inactive|goat pincurchin has 5 seconds left.\n|\n|t:|1746133685\n|move|p2b: Tornadus|Hurricane|p1b: Rillaboom\n|-supereffective|p1b: Rillaboom\n|-damage|p1b: Rillaboom|0 fnt\n|faint|p1b: Rillaboom\n|move|p2a: Kyogre|Water Spout|p1a: Eternatus\n|-resisted|p1a: Eternatus\n|-damage|p1a: Eternatus|56/100\n|move|p1a: Eternatus|Cosmic Power|p1a: Eternatus\n|-boost|p1a: Eternatus|def|1\n|-boost|p1a: Eternatus|spd|1\n|\n|-weather|RainDance|[upkeep]\n|-heal|p2a: Kyogre|50/100|[from] Grassy Terrain\n|-heal|p1a: Eternatus|62/100|[from] Grassy Terrain\n|-heal|p1a: Eternatus|68/100|[from] item: Leftovers\n|upkeep\n|turn|8\n|inactive|goat pincurchin has 30 seconds left.\n|inactive|goat pincurchin has 20 seconds left.\n|inactive|goat pincurchin has 15 seconds left.\n|inactive|goat pincurchin has 10 seconds left.\n|inactive|goat pincurchin has 5 seconds left.\n|\n|t:|1746133740\n|move|p2b: Tornadus|Hurricane|p1a: Eternatus\n|-damage|p1a: Eternatus|50/100\n|move|p2a: Kyogre|Water Spout|p1a: Eternatus\n|-resisted|p1a: Eternatus\n|-damage|p1a: Eternatus|37/100\n|move|p1a: Eternatus|Toxic|p2b: Tornadus\n|-status|p2b: Tornadus|tox\n|\n|-weather|RainDance|[upkeep]\n|-heal|p2a: Kyogre|55/100|[from] Grassy Terrain\n|-heal|p1a: Eternatus|43/100|[from] Grassy Terrain\n|-heal|p1a: Eternatus|49/100|[from] item: Leftovers\n|-damage|p2b: Tornadus|55/100 tox|[from] psn\n|upkeep\n|turn|9\n|inactive|goat pincurchin has 30 seconds left.\n|inactive|goat pincurchin has 20 seconds left.\n|inactive|goat pincurchin has 15 seconds left.\n|inactive|goat pincurchin has 10 seconds left.\n|inactive|goat pincurchin has 5 seconds left.\n|\n|t:|1746133795\n|move|p1a: Eternatus|Protect|p1a: Eternatus\n|-singleturn|p1a: Eternatus|Protect\n|move|p2b: Tornadus|Hurricane|p1a: Eternatus\n|-activate|p1a: Eternatus|move: Protect\n|move|p2a: Kyogre|Water Spout|p1a: Eternatus\n|-activate|p1a: Eternatus|move: Protect\n|\n|-weather|RainDance|[upkeep]\n|-heal|p2a: Kyogre|61/100|[from] Grassy Terrain\n|-heal|p1a: Eternatus|55/100|[from] Grassy Terrain\n|-heal|p1a: Eternatus|62/100|[from] item: Leftovers\n|-damage|p2b: Tornadus|43/100 tox|[from] psn\n|-sideend|p1: TheMochiMan|Reflect\n|upkeep\n|turn|10\n|inactive|goat pincurchin has 30 seconds left.\n|inactive|goat pincurchin has 20 seconds left.\n|inactive|goat pincurchin has 15 seconds left.\n|inactive|goat pincurchin has 10 seconds left.\n|inactive|goat pincurchin has 5 seconds left.\n|\n|t:|1746133850\n|move|p2b: Tornadus|Hurricane|p1a: Eternatus\n|-damage|p1a: Eternatus|45/100\n|move|p2a: Kyogre|Origin Pulse|p1a: Eternatus\n|-resisted|p1a: Eternatus\n|-damage|p1a: Eternatus|24/100\n|move|p1a: Eternatus|Toxic|p2a: Kyogre\n|-status|p2a: Kyogre|tox\n|\n|-weather|none\n|-heal|p2a: Kyogre|67/100 tox|[from] Grassy Terrain\n|-heal|p1a: Eternatus|30/100|[from] Grassy Terrain\n|-heal|p1a: Eternatus|37/100|[from] item: Leftovers\n|-damage|p2b: Tornadus|25/100 tox|[from] psn\n|-damage|p2a: Kyogre|61/100 tox|[from] psn\n|upkeep\n|turn|11\n|inactive|goat pincurchin has 5 seconds left this turn.\n|-message|goat pincurchin lost due to inactivity.\n|\n|win|TheMochiMan\n||TheMochiMan is ready for game 3.\n|inactive|goat pincurchin has 30 seconds to confirm battle start!\n|inactive|goat pincurchin has 20 seconds to confirm battle start!\n|l|\u2606goat pincurchin\n|player|p2|\n|inactive|goat pincurchin has 10 seconds to confirm battle start!\n|uhtml|next|Next: <a href=\"/battle-gen9vgc2025regibo3-2354940618\"><strong>Game 3 of 3</strong></a>\n|l|\u2606TheMochiMan\n|player|p1|\n", "uploadtime": 1746134122, "views": 5, "formatid": "gen9vgc2025regibo3", "rating": null, "private": 0, "password": null}