{"id": "gen9vgc2025regibo3-2355124468", "format": "[Gen 9] VGC 2025 Reg I (Bo3)", "players": ["stanhoff", "frog herbert"], "log": "|j|\u2606stanhoff\n|j|\u2606frog herbert\n|html|<table width=\"100%\"><tr><td align=\"left\">stanhoff</td><td align=\"right\">frog herbert</tr><tr><td align=\"left\"><i class=\"fa fa-circle-o\"></i> <i class=\"fa fa-circle-o\"></i> </td><td align=\"right\"><i class=\"fa fa-circle-o\"></i> <i class=\"fa fa-circle-o\"></i> </tr></table>\n|uhtml|bestof|<h2><strong>Game 1</strong> of <a href=\"/game-bestof3-gen9vgc2025regibo3-2355124467\">a best-of-3</a></h2>\n|t:|1746155568\n|gametype|doubles\n|player|p1|stanhoff|falkner|1166\n|player|p2|frog herbert|juan|1042\n|teamsize|p1|6\n|teamsize|p2|6\n|gen|9\n|tier|[Gen 9] VGC 2025 Reg I (Bo3)\n|rated|\n|rule|Species Clause: Limit one of each Pok\u00e9mon\n|rule|Item Clause: Limit 1 of each item\n|clearpoke\n|poke|p1|Calyrex-Shadow, L50|\n|poke|p1|Miraidon, L50|\n|poke|p1|Indeedee-F, L50, F|\n|poke|p1|Brute Bonnet, L50|\n|poke|p1|Iron Bundle, L50|\n|poke|p1|Sneasler, L50, F|\n|poke|p2|Iron Valiant, L50|\n|poke|p2|Miraidon, L50|\n|poke|p2|Zacian-*, L50|\n|poke|p2|Farigiraf, L50, M|\n|poke|p2|Tyranitar, L50, F|\n|poke|p2|Lycanroc, L50, F|\n|teampreview|4\n|showteam|p1|Calyrex-Shadow||FocusSash|AsOneSpectrier|AstralBarrage,ExpandingForce,Disable,Protect||||||50|,,,,,Ghost]Miraidon||LifeOrb|HadronEngine|ElectroDrift,DracoMeteor,DazzlingGleam,Protect||||||50|,,,,,Fairy]Indeedee-F||PsychicSeed|PsychicSurge|FollowMe,AlluringVoice,TrickRoom,Imprison|||F|||50|,,,,,Fairy]Brute Bonnet||CovertCloak|Protosynthesis|Spore,SuckerPunch,SeedBomb,RagePowder||||||50|,,,,,Water]Iron Bundle||KingsRock|QuarkDrive|IcyWind,FreezeDry,Fling,Protect||||||50|,,,,,Grass]Sneasler||ElectricSeed|Unburden|FakeOut,Taunt,CloseCombat,Protect|||F|||50|,,,,,Dark\n|showteam|p2|Iron Valiant||BoosterEnergy|QuarkDrive|WideGuard,Taunt,Coaching,IcyWind||||||50|,,,,,Grass]Miraidon||ChoiceSpecs|HadronEngine|ElectroDrift,DracoMeteor,DazzlingGleam,VoltSwitch||||||50|,,,,,Fairy]Zacian-Crowned||RustedSword|IntrepidSword|Protect,PlayRough,behemothblade,SacredSword||||||50|,,,,,Water]Farigiraf||ElectricSeed|ArmorTail|FoulPlay,LightScreen,Roar,TrickRoom|||M|||50|,,,,,Grass]Tyranitar||AssaultVest|SandStream|StoneEdge,KnockOff,LowKick,TeraBlast|||F|||50|,,,,,Fairy]Lycanroc||FocusSash|SandRush|Protect,RockSlide,Endeavor,Accelerock|||F|||50|,,,,,Ghost\n|inactive|Battle timer is ON: inactive players will automatically lose when time's up. (requested by stanhoff)\n|inactive|stanhoff has 60 seconds left.\n|inactive|frog herbert has 60 seconds left.\n|\n|t:|1746155624\n|start\n|switch|p1a: Miraidon|Miraidon, L50|100/100\n|switch|p1b: Iron Bundle|Iron Bundle, L50|100/100\n|switch|p2a: Iron Valiant|Iron Valiant, L50|100/100\n|switch|p2b: Zacian|Zacian-Crowned, L50|100/100\n|-ability|p2b: Zacian|Intrepid Sword|boost\n|-boost|p2b: Zacian|atk|1\n|-fieldstart|move: Electric Terrain|[from] ability: Hadron Engine|[of] p1a: Miraidon\n|-activate|p1b: Iron Bundle|ability: Quark Drive\n|-start|p1b: Iron Bundle|quarkdrivespe\n|-activate|p2a: Iron Valiant|ability: Quark Drive\n|-start|p2a: Iron Valiant|quarkdrivespe\n|turn|1\n|inactive|stanhoff has 30 seconds left.\n|inactive|frog herbert has 30 seconds left.\n|inactive|stanhoff has 20 seconds left.\n|inactive|stanhoff has 15 seconds left.\n|inactive|stanhoff has 10 seconds left.\n|inactive|stanhoff has 5 seconds left.\n|\n|t:|1746155676\n|move|p2b: Zacian|Protect|p2b: Zacian\n|-singleturn|p2b: Zacian|Protect\n|move|p1b: Iron Bundle|Fling|p2b: Zacian\n|-activate|p2b: Zacian|move: Protect\n|-enditem|p1b: Iron Bundle|King's Rock|[from] move: Fling\n|move|p2a: Iron Valiant|Icy Wind|p1a: Miraidon|[spread] p1a,p1b\n|-supereffective|p1a: Miraidon\n|-resisted|p1b: Iron Bundle\n|-damage|p1a: Miraidon|81/100\n|-damage|p1b: Iron Bundle|96/100\n|-unboost|p1a: Miraidon|spe|1\n|-unboost|p1b: Iron Bundle|spe|1\n|move|p1a: Miraidon|Electro Drift|p2b: Zacian\n|-activate|p2b: Zacian|move: Protect\n|\n|upkeep\n|turn|2\n|\n|t:|1746155698\n|switch|p1a: Calyrex|Calyrex-Shadow, L50|100/100\n|-ability|p1a: Calyrex|As One\n|-ability|p1a: Calyrex|Unnerve\n|move|p2a: Iron Valiant|Coaching|p2b: Zacian\n|-boost|p2b: Zacian|atk|1\n|-boost|p2b: Zacian|def|1\n|move|p2b: Zacian|Play Rough|p1a: Calyrex\n|-enditem|p1a: Calyrex|Focus Sash\n|-damage|p1a: Calyrex|1/100\n|move|p1b: Iron Bundle|Icy Wind|p2a: Iron Valiant|[spread] p2a,p2b\n|-resisted|p2b: Zacian\n|-damage|p2a: Iron Valiant|70/100\n|-damage|p2b: Zacian|91/100\n|-unboost|p2a: Iron Valiant|spe|1\n|-unboost|p2b: Zacian|spe|1\n|\n|upkeep\n|turn|3\n|inactive|stanhoff has 30 seconds left.\n|\n|t:|1746155728\n|-end|p2a: Iron Valiant|Quark Drive|[silent]\n|switch|p2a: Tyranitar|Tyranitar, L50, F|100/100\n|-weather|Sandstorm|[from] ability: Sand Stream|[of] p2a: Tyranitar\n|move|p2b: Zacian|Protect|p2b: Zacian\n|-singleturn|p2b: Zacian|Protect\n|move|p1a: Calyrex|Expanding Force|p2a: Tyranitar\n|-immune|p2a: Tyranitar\n|move|p1b: Iron Bundle|Freeze-Dry|p2b: Zacian\n|-activate|p2b: Zacian|move: Protect\n|\n|-weather|Sandstorm|[upkeep]\n|-damage|p1a: Calyrex|0 fnt|[from] Sandstorm\n|-damage|p1b: Iron Bundle|90/100|[from] Sandstorm\n|faint|p1a: Calyrex\n|upkeep\n|\n|t:|1746155734\n|switch|p1a: Miraidon|Miraidon, L50|81/100\n|-activate|p1a: Miraidon|ability: Hadron Engine\n|turn|4\n|inactive|frog herbert has 30 seconds left.\n|inactive|frog herbert has 20 seconds left.\n|\n|t:|1746155771\n|-end|p1b: Iron Bundle|Quark Drive|[silent]\n|switch|p1b: Brute Bonnet|Brute Bonnet, L50|100/100\n|switch|p2b: Miraidon|Miraidon, L50|100/100\n|-activate|p2b: Miraidon|ability: Hadron Engine\n|move|p1a: Miraidon|Protect|p1a: Miraidon\n|-singleturn|p1a: Miraidon|Protect\n|move|p2a: Tyranitar|Knock Off|p1a: Miraidon\n|-activate|p1a: Miraidon|move: Protect\n|\n|-weather|Sandstorm|[upkeep]\n|-damage|p1a: Miraidon|75/100|[from] Sandstorm\n|-damage|p2b: Miraidon|95/100|[from] Sandstorm\n|-damage|p1b: Brute Bonnet|95/100|[from] Sandstorm\n|upkeep\n|turn|5\n|inactive|stanhoff has 30 seconds left.\n|inactive|frog herbert has 30 seconds left.\n|inactive|stanhoff has 20 seconds left.\n|inactive|stanhoff has 15 seconds left.\n|\n|t:|1746155815\n|-terastallize|p1a: Miraidon|Fairy\n|-terastallize|p2b: Miraidon|Fairy\n|move|p1b: Brute Bonnet|Rage Powder|p1b: Brute Bonnet\n|-singleturn|p1b: Brute Bonnet|move: Rage Powder\n|move|p2b: Miraidon|Dazzling Gleam|p1a: Miraidon|[spread] p1a,p1b\n|-supereffective|p1b: Brute Bonnet\n|-damage|p1a: Miraidon|18/100\n|-damage|p1b: Brute Bonnet|6/100\n|move|p1a: Miraidon|Dazzling Gleam|p2b: Miraidon|[spread] p2a,p2b\n|-supereffective|p2a: Tyranitar\n|-damage|p2a: Tyranitar|56/100\n|-damage|p2b: Miraidon|47/100\n|-damage|p1a: Miraidon|8/100|[from] item: Life Orb\n|move|p2a: Tyranitar|Stone Edge|p1b: Brute Bonnet\n|-damage|p1b: Brute Bonnet|0 fnt\n|faint|p1b: Brute Bonnet\n|-end|p1b: Brute Bonnet|Protosynthesis|[silent]\n|\n|-weather|Sandstorm|[upkeep]\n|-damage|p1a: Miraidon|2/100|[from] Sandstorm\n|-damage|p2b: Miraidon|42/100|[from] Sandstorm\n|-fieldend|move: Electric Terrain\n|upkeep\n|\n|t:|1746155825\n|switch|p1b: Iron Bundle|Iron Bundle, L50|90/100\n|turn|6\n|inactive|frog herbert has 30 seconds left.\n|\n|t:|1746155855\n|move|p1b: Iron Bundle|Icy Wind|p2a: Tyranitar|[spread] p2a,p2b\n|-damage|p2a: Tyranitar|48/100\n|-damage|p2b: Miraidon|20/100\n|-unboost|p2a: Tyranitar|spe|1\n|-unboost|p2b: Miraidon|spe|1\n|move|p1a: Miraidon|Dazzling Gleam|p2a: Tyranitar|[spread] p2a,p2b\n|-supereffective|p2a: Tyranitar\n|-damage|p2a: Tyranitar|12/100\n|-damage|p2b: Miraidon|0 fnt\n|faint|p2b: Miraidon\n|-damage|p1a: Miraidon|0 fnt|[from] item: Life Orb\n|faint|p1a: Miraidon\n|move|p2a: Tyranitar|Knock Off|p1b: Iron Bundle\n|-damage|p1b: Iron Bundle|46/100\n|\n|-weather|Sandstorm|[upkeep]\n|-damage|p1b: Iron Bundle|40/100|[from] Sandstorm\n|upkeep\n|\n|t:|1746155861\n|switch|p2b: Zacian|Zacian-Crowned, L50|91/100\n|turn|7\n|\n|t:|1746155867\n|move|p2b: Zacian|Sacred Sword|p1b: Iron Bundle\n|-supereffective|p1b: Iron Bundle\n|-damage|p1b: Iron Bundle|0 fnt\n|faint|p1b: Iron Bundle\n|-end|p1b: Iron Bundle|Quark Drive|[silent]\n|\n|win|frog herbert\n||stanhoff is ready for game 2.\n||frog herbert is ready for game 2.\n|uhtml|next|Next: <a href=\"/battle-gen9vgc2025regibo3-2355126800\"><strong>Game 2 of 3</strong></a>\n|l|\u2606stanhoff\n|player|p1|\n", "uploadtime": 1746156212, "views": 3, "formatid": "gen9vgc2025regibo3", "rating": null, "private": 0, "password": null}