{"id": "gen9vgc2025regibo3-2353855549", "format": "[Gen 9] VGC 2025 Reg I (Bo3)", "players": ["Zeprikan", "Lechonk75"], "log": "|j|\u203dZeprikan\n|j|\u2606Lechonk75\n|html|<table width=\"100%\"><tr><td align=\"left\">Zeprikan</td><td align=\"right\">Lechonk75</tr><tr><td align=\"left\"><i class=\"fa fa-circle\"></i> <i class=\"fa fa-circle-o\"></i> </td><td align=\"right\"><i class=\"fa fa-circle-o\"></i> <i class=\"fa fa-circle\"></i> </tr></table>\n|uhtml|bestof|<h2><strong>Game 3</strong> of <a href=\"/game-bestof3-gen9vgc2025regibo3-2353851143\">a best-of-3</a></h2>\n|t:|1746010890\n|gametype|doubles\n|player|p1|Zeprikan|acetrainer-gen4dp|1254\n|player|p2|Lechonk75|266|1159\n|teamsize|p1|6\n|teamsize|p2|6\n|gen|9\n|tier|[Gen 9] VGC 2025 Reg I (Bo3)\n|rated|\n|rule|Species Clause: Limit one of each Pok\u00e9mon\n|rule|Item Clause: Limit 1 of each item\n|clearpoke\n|poke|p1|Koraidon, L50|\n|poke|p1|Lunala, L50|\n|poke|p1|Brute Bonnet, L50|\n|poke|p1|Flutter Mane, L50|\n|poke|p1|Rillaboom, L50, M|\n|poke|p1|Chi-Yu, L50|\n|poke|p2|Miraidon, L50|\n|poke|p2|Incineroar, L50, M|\n|poke|p2|Calyrex-Ice, L50|\n|poke|p2|Farigiraf, L50, F|\n|poke|p2|Urshifu-*, L50, F|\n|poke|p2|Landorus, L50, M|\n|teampreview|4\n|showteam|p1|Koraidon||ClearAmulet|OrichalcumPulse|CollisionCourse,FlareBlitz,FlameCharge,Protect||||||50|,,,,,Fire]Lunala||PowerHerb|ShadowShield|MoongeistBeam,MeteorBeam,ExpandingForce,WideGuard||||||50|,,,,,Water]Brute Bonnet||CovertCloak|Protosynthesis|Spore,RagePowder,SuckerPunch,SeedBomb||||||50|,,,,,Water]Flutter Mane||FocusSash|Protosynthesis|Protect,DazzlingGleam,ShadowBall,IcyWind||||||50|,,,,,Normal]Rillaboom||AssaultVest|GrassySurge|GrassyGlide,WoodHammer,Uturn,FakeOut|||M|||50|,,,,,Fire]Chi-Yu||ChoiceScarf|BeadsofRuin|HeatWave,Snarl,Overheat,DarkPulse||||||50|,,,,,Ghost\n|showteam|p2|Miraidon||AssaultVest|HadronEngine|ElectroDrift,DracoMeteor,VoltSwitch,DazzlingGleam||||||50|,,,,,Fairy]Incineroar||RockyHelmet|Intimidate|FakeOut,FlareBlitz,KnockOff,Uturn|||M|||50|,,,,,Ghost]Calyrex-Ice||ClearAmulet|AsOneGlastrier|GlacialLance,HighHorsepower,TrickRoom,Protect||||||50|,,,,,Fire]Farigiraf||ElectricSeed|ArmorTail|Psychic,TrickRoom,HelpingHand,Roar|||F|||50|,,,,,Water]Urshifu-Rapid-Strike||FocusSash|UnseenFist|SurgingStrikes,AquaJet,CloseCombat,Protect|||F|||50|,,,,,Water]Landorus||ChoiceScarf|SheerForce|EarthPower,SandsearStorm,SludgeBomb,Psychic|||M|||50|,,,,,Water\n|inactive|Battle timer is ON: inactive players will automatically lose when time's up. (requested by Zeprikan)\n|\n|t:|1746010902\n|start\n|switch|p1a: Lunala|Lunala, L50|100/100\n|switch|p1b: Rillaboom|Rillaboom, L50, M|100/100\n|switch|p2a: Farigiraf|Farigiraf, L50, F|100/100\n|switch|p2b: Miraidon|Miraidon, L50|100/100\n|-fieldstart|move: Electric Terrain|[from] ability: Hadron Engine|[of] p2b: Miraidon\n|-enditem|p2a: Farigiraf|Electric Seed\n|-boost|p2a: Farigiraf|def|1|[from] item: Electric Seed\n|-fieldstart|move: Grassy Terrain|[from] ability: Grassy Surge|[of] p1b: Rillaboom\n|turn|1\n|\n|t:|1746010924\n|move|p2b: Miraidon|Volt Switch|p1a: Lunala\n|-damage|p1a: Lunala|86/100\n|\n|t:|1746010928\n|switch|p2b: Incineroar|Incineroar, L50, M|100/100|[from] Volt Switch\n|-ability|p2b: Incineroar|Intimidate|boost\n|-unboost|p1a: Lunala|atk|1\n|-unboost|p1b: Rillaboom|atk|1\n|move|p1a: Lunala|Meteor Beam||[still]\n|-prepare|p1a: Lunala|Meteor Beam\n|-boost|p1a: Lunala|spa|1\n|-enditem|p1a: Lunala|Power Herb\n|-anim|p1a: Lunala|Meteor Beam|p2b: Incineroar\n|-supereffective|p2b: Incineroar\n|-damage|p2b: Incineroar|0 fnt\n|faint|p2b: Incineroar\n|move|p1b: Rillaboom|U-turn|p2a: Farigiraf\n|-supereffective|p2a: Farigiraf\n|-damage|p2a: Farigiraf|84/100\n|\n|t:|1746010941\n|switch|p1b: Chi-Yu|Chi-Yu, L50|100/100|[from] U-turn\n|-ability|p1b: Chi-Yu|Beads of Ruin\n|move|p2a: Farigiraf|Trick Room|p2a: Farigiraf\n|-fieldstart|move: Trick Room|[of] p2a: Farigiraf\n|\n|-heal|p2a: Farigiraf|91/100|[from] Grassy Terrain\n|-heal|p1a: Lunala|92/100|[from] Grassy Terrain\n|upkeep\n|\n|t:|1746010951\n|switch|p2b: Calyrex|Calyrex-Ice, L50|100/100\n|-ability|p2b: Calyrex|As One\n|-ability|p2b: Calyrex|Unnerve\n|turn|2\n|\n|t:|1746010966\n|-terastallize|p2b: Calyrex|Fire\n|-terastallize|p1a: Lunala|Water\n|move|p2b: Calyrex|High Horsepower|p1b: Chi-Yu\n|-supereffective|p1b: Chi-Yu\n|-crit|p1b: Chi-Yu\n|-damage|p1b: Chi-Yu|0 fnt\n|faint|p1b: Chi-Yu\n|-ability|p2b: Calyrex|Chilling Neigh|boost\n|-boost|p2b: Calyrex|atk|1\n|move|p1a: Lunala|Moongeist Beam|p2b: Calyrex\n|-damage|p2b: Calyrex|48/100\n|move|p2a: Farigiraf|Roar|p1a: Lunala\n|drag|p1a: Rillaboom|Rillaboom, L50, M|100/100\n|\n|-heal|p2b: Calyrex|54/100|[from] Grassy Terrain\n|-heal|p2a: Farigiraf|97/100|[from] Grassy Terrain\n|upkeep\n|\n|t:|1746010989\n|switch|p1b: Lunala|Lunala, L50, tera:Water|92/100\n|turn|3\n|\n|t:|1746011013\n|move|p2b: Calyrex|High Horsepower|p1b: Lunala\n|-damage|p1b: Lunala|48/100\n|move|p1a: Rillaboom|U-turn|p2a: Farigiraf\n|-supereffective|p2a: Farigiraf\n|-damage|p2a: Farigiraf|73/100\n|\n|t:|1746011019\n|switch|p1a: Koraidon|Koraidon, L50|100/100|[from] U-turn\n|-weather|SunnyDay|[from] ability: Orichalcum Pulse|[of] p1a: Koraidon\n|-activate|p1a: Koraidon|Orichalcum Pulse|[source]\n|move|p1b: Lunala|Meteor Beam||[still]\n|-prepare|p1b: Lunala|Meteor Beam\n|-boost|p1b: Lunala|spa|1\n|move|p2a: Farigiraf|Roar|p1b: Lunala\n|drag|p1b: Rillaboom|Rillaboom, L50, M|100/100\n|\n|-weather|SunnyDay|[upkeep]\n|-heal|p2b: Calyrex|60/100|[from] Grassy Terrain\n|-heal|p2a: Farigiraf|79/100|[from] Grassy Terrain\n|upkeep\n|turn|4\n|\n|t:|1746011038\n|switch|p1b: Lunala|Lunala, L50, tera:Water|48/100\n|move|p2a: Farigiraf|Helping Hand|p2b: Calyrex\n|-singleturn|p2b: Calyrex|Helping Hand|[of] p2a: Farigiraf\n|move|p1a: Koraidon|Protect|p1a: Koraidon\n|-singleturn|p1a: Koraidon|Protect\n|move|p2b: Calyrex|Glacial Lance|p1b: Lunala|[spread] p1b\n|-activate|p1a: Koraidon|move: Protect\n|-resisted|p1b: Lunala\n|-damage|p1b: Lunala|4/100\n|\n|-weather|SunnyDay|[upkeep]\n|-heal|p2b: Calyrex|66/100|[from] Grassy Terrain\n|-heal|p2a: Farigiraf|85/100|[from] Grassy Terrain\n|-heal|p1b: Lunala|10/100|[from] Grassy Terrain\n|upkeep\n|turn|5\n|inactive|Lechonk75 has 30 seconds left.\n|inactive|Lechonk75 has 20 seconds left.\n|inactive|Lechonk75 has 15 seconds left.\n|inactive|Lechonk75 has 10 seconds left.\n|\n|t:|1746011084\n|move|p1b: Lunala|Wide Guard|p1b: Lunala\n|-singleturn|p1b: Lunala|Wide Guard\n|move|p2b: Calyrex|High Horsepower|p1b: Lunala\n|-damage|p1b: Lunala|0 fnt\n|faint|p1b: Lunala\n|-ability|p2b: Calyrex|Chilling Neigh|boost\n|-boost|p2b: Calyrex|atk|1\n|move|p2a: Farigiraf|Psychic|p1a: Koraidon\n|-supereffective|p1a: Koraidon\n|-damage|p1a: Koraidon|32/100\n|move|p1a: Koraidon|Collision Course|p2b: Calyrex\n|-damage|p2b: Calyrex|22/100\n|\n|-weather|SunnyDay|[upkeep]\n|-heal|p2b: Calyrex|28/100|[from] Grassy Terrain\n|-heal|p2a: Farigiraf|92/100|[from] Grassy Terrain\n|-heal|p1a: Koraidon|38/100|[from] Grassy Terrain\n|-fieldend|move: Trick Room\n|-fieldend|move: Grassy Terrain\n|upkeep\n|\n|t:|1746011097\n|switch|p1b: Rillaboom|Rillaboom, L50, M|100/100\n|-fieldstart|move: Grassy Terrain|[from] ability: Grassy Surge|[of] p1b: Rillaboom\n|turn|6\n|inactive|Lechonk75 has 30 seconds left.\n|\n|t:|1746011123\n|move|p1a: Koraidon|Collision Course|p2a: Farigiraf\n|-damage|p2a: Farigiraf|54/100\n|move|p1b: Rillaboom|Wood Hammer|p2a: Farigiraf\n|-damage|p2a: Farigiraf|17/100\n|-damage|p1b: Rillaboom|87/100|[from] Recoil\n|move|p2b: Calyrex|Glacial Lance|p1b: Rillaboom|[spread] p1a,p1b\n|-supereffective|p1a: Koraidon\n|-supereffective|p1b: Rillaboom\n|-damage|p1a: Koraidon|0 fnt\n|-damage|p1b: Rillaboom|0 fnt\n|faint|p1a: Koraidon\n|faint|p1b: Rillaboom\n|\n|win|Lechonk75\n|raw|Zeprikan's rating: 1254 &rarr; <strong>1222</strong><br />(-32 for losing)\n|raw|Lechonk75's rating: 1159 &rarr; <strong>1191</strong><br />(+32 for winning)\n|l|\u203dZeprikan\n|player|p1|\n", "uploadtime": 1746011134, "views": 13, "formatid": "gen9vgc2025regibo3", "rating": 1191, "private": 0, "password": null}