{"id": "gen9vgc2025regibo3-2355134401", "format": "[Gen 9] VGC 2025 Reg I (Bo3)", "players": ["ShinigamiRowlet", "stanhoff"], "log": "|j|\u2606ShinigamiRowlet\n|j|\u2606stanhoff\n|html|<table width=\"100%\"><tr><td align=\"left\">ShinigamiRowlet</td><td align=\"right\">stanhoff</tr><tr><td align=\"left\"><i class=\"fa fa-circle\"></i> <i class=\"fa fa-circle-o\"></i> </td><td align=\"right\"><i class=\"fa fa-circle-o\"></i> <i class=\"fa fa-circle\"></i> </tr></table>\n|uhtml|bestof|<h2><strong>Game 3</strong> of <a href=\"/game-bestof3-gen9vgc2025regibo3-2355128959\">a best-of-3</a></h2>\n|t:|1746156878\n|gametype|doubles\n|player|p1|ShinigamiRowlet|li|1177\n|player|p2|stanhoff|falkner|1132\n|teamsize|p1|6\n|teamsize|p2|6\n|gen|9\n|tier|[Gen 9] VGC 2025 Reg I (Bo3)\n|rated|\n|rule|Species Clause: Limit one of each Pok\u00e9mon\n|rule|Item Clause: Limit 1 of each item\n|clearpoke\n|poke|p1|Terapagos, L50, M|\n|poke|p1|Incineroar, L50, F|\n|poke|p1|Amoonguss, L50, F|\n|poke|p1|Calyrex-Shadow, L50|\n|poke|p1|Tornadus, L50, M|\n|poke|p1|Urshifu-*, L50, F|\n|poke|p2|Calyrex-Shadow, L50|\n|poke|p2|Miraidon, L50|\n|poke|p2|Indeedee-F, L50, F|\n|poke|p2|Brute Bonnet, L50|\n|poke|p2|Iron Bundle, L50|\n|poke|p2|Sneasler, L50, M|\n|teampreview|4\n|showteam|p1|Terapagos||Leftovers|TeraShift|TeraStarstorm,EarthPower,CalmMind,Protect|||M|||50|,,,,,Stellar]Incineroar||SafetyGoggles|Intimidate|FakeOut,WillOWisp,KnockOff,PartingShot|||F|||50|,,,,,Ghost]Amoonguss||RockyHelmet|Regenerator|PollenPuff,Spore,Protect,RagePowder|||F|||50|,,,,,Water]Calyrex-Shadow||FocusSash|AsOneSpectrier|AstralBarrage,Psychic,Encore,Protect||||||50|,,,,,Ghost]Tornadus||CovertCloak|Prankster|Tailwind,RainDance,BleakwindStorm,Protect|||M|||50|,,,,,Dark]Urshifu-Rapid-Strike||MysticWater|UnseenFist|SurgingStrikes,Taunt,AquaJet,Detect|||F|||50|,,,,,Water\n|showteam|p2|Calyrex-Shadow||FocusSash|AsOneSpectrier|AstralBarrage,ExpandingForce,Disable,Protect||||||50|,,,,,Ghost]Miraidon||LifeOrb|HadronEngine|ElectroDrift,DracoMeteor,DazzlingGleam,Protect||||||50|,,,,,Fairy]Indeedee-F||PsychicSeed|PsychicSurge|FollowMe,AlluringVoice,TrickRoom,Imprison|||F|||50|,,,,,Fairy]Brute Bonnet||CovertCloak|Protosynthesis|Spore,SuckerPunch,SeedBomb,RagePowder||||||50|,,,,,Water]Iron Bundle||KingsRock|QuarkDrive|IcyWind,FreezeDry,Fling,Protect||||||50|,,,,,Grass]Sneasler||ElectricSeed|Unburden|FakeOut,Taunt,CloseCombat,Protect|||M|||50|,,,,,Dark\n|inactive|Battle timer is ON: inactive players will automatically lose when time's up. (requested by stanhoff)\n|inactive|stanhoff has 60 seconds left.\n|\n|t:|1746156934\n|start\n|switch|p1a: Terapagos|Terapagos, L50, M|100/100\n|switch|p1b: Amoonguss|Amoonguss, L50, F, shiny|100/100\n|switch|p2a: Calyrex|Calyrex-Shadow, L50|100/100\n|switch|p2b: Brute Bonnet|Brute Bonnet, L50|100/100\n|-activate|p1a: Terapagos|ability: Tera Shift\n|detailschange|p1a: Terapagos|Terapagos-Terastal, L50, M\n|-heal|p1a: Terapagos|100/100|[silent]\n|-ability|p2a: Calyrex|As One\n|-ability|p2a: Calyrex|Unnerve\n|turn|1\n|inactive|ShinigamiRowlet has 30 seconds left.\n|inactive|stanhoff has 30 seconds left.\n|inactive|stanhoff has 20 seconds left.\n|inactive|stanhoff has 15 seconds left.\n|inactive|stanhoff has 10 seconds left.\n|inactive|stanhoff has 5 seconds left.\n|\n|t:|1746156985\n|switch|p1a: Incineroar|Incineroar, L50, F|100/100\n|-ability|p1a: Incineroar|Intimidate|boost\n|-unboost|p2a: Calyrex|atk|1\n|-unboost|p2b: Brute Bonnet|atk|1\n|move|p2a: Calyrex|Expanding Force|p1b: Amoonguss\n|-supereffective|p1b: Amoonguss\n|-damage|p1b: Amoonguss|29/100\n|move|p2b: Brute Bonnet|Seed Bomb|p1b: Amoonguss\n|-resisted|p1b: Amoonguss\n|-damage|p1b: Amoonguss|24/100\n|move|p1b: Amoonguss|Pollen Puff|p2a: Calyrex\n|-damage|p2a: Calyrex|81/100\n|\n|upkeep\n|turn|2\n|inactive|ShinigamiRowlet has 30 seconds left.\n|inactive|stanhoff has 30 seconds left.\n|inactive|stanhoff has 20 seconds left.\n|inactive|stanhoff has 15 seconds left.\n|\n|t:|1746157030\n|switch|p2a: Sneasler|Sneasler, L50, M|100/100\n|-end|p2b: Brute Bonnet|Protosynthesis|[silent]\n|switch|p2b: Miraidon|Miraidon, L50|100/100\n|-fieldstart|move: Electric Terrain|[from] ability: Hadron Engine|[of] p2b: Miraidon\n|-enditem|p2a: Sneasler|Electric Seed\n|-boost|p2a: Sneasler|def|1|[from] item: Electric Seed\n|switch|p1b: Terapagos|Terapagos-Terastal, L50, M|100/100\n|move|p1a: Incineroar|Knock Off|p2a: Sneasler\n|-resisted|p2a: Sneasler\n|-damage|p2a: Sneasler|88/100\n|\n|upkeep\n|turn|3\n|inactive|ShinigamiRowlet has 30 seconds left.\n|inactive|stanhoff has 30 seconds left.\n|inactive|ShinigamiRowlet has 20 seconds left.\n|inactive|ShinigamiRowlet has 15 seconds left.\n|inactive|stanhoff has 20 seconds left.\n|\n|t:|1746157071\n|move|p1b: Terapagos|Protect|p1b: Terapagos\n|-singleturn|p1b: Terapagos|Protect\n|move|p2a: Sneasler|Close Combat|p1a: Incineroar\n|-supereffective|p1a: Incineroar\n|-damage|p1a: Incineroar|0 fnt\n|-unboost|p2a: Sneasler|def|1\n|-unboost|p2a: Sneasler|spd|1\n|faint|p1a: Incineroar\n|move|p2b: Miraidon|Electro Drift|p1b: Terapagos\n|-activate|p1b: Terapagos|move: Protect\n|\n|upkeep\n|\n|t:|1746157081\n|switch|p1a: Calyrex|Calyrex-Shadow, L50|100/100\n|-ability|p1a: Calyrex|As One\n|-ability|p1a: Calyrex|Unnerve\n|turn|4\n|\n|t:|1746157101\n|move|p2a: Sneasler|Taunt|p1b: Terapagos\n|-start|p1b: Terapagos|move: Taunt\n|move|p1a: Calyrex|Astral Barrage|p2b: Miraidon|[spread] p2a,p2b\n|-damage|p2a: Sneasler|13/100\n|-damage|p2b: Miraidon|48/100\n|move|p2b: Miraidon|Electro Drift|p1a: Calyrex\n|-enditem|p1a: Calyrex|Focus Sash\n|-damage|p1a: Calyrex|1/100\n|-damage|p2b: Miraidon|38/100|[from] item: Life Orb\n|move|p1b: Terapagos|Earth Power|p2b: Miraidon\n|-supereffective|p2b: Miraidon\n|-damage|p2b: Miraidon|0 fnt\n|faint|p2b: Miraidon\n|\n|upkeep\n|\n|t:|1746157119\n|switch|p2b: Brute Bonnet|Brute Bonnet, L50|100/100\n|turn|5\n|inactive|ShinigamiRowlet has 30 seconds left.\n|inactive|ShinigamiRowlet has 20 seconds left.\n|\n|t:|1746157158\n|switch|p2a: Calyrex|Calyrex-Shadow, L50|81/100\n|-ability|p2a: Calyrex|As One\n|-ability|p2a: Calyrex|Unnerve\n|switch|p1a: Amoonguss|Amoonguss, L50, F, shiny|57/100\n|move|p2b: Brute Bonnet|Sucker Punch||[still]\n|-fail|p2b: Brute Bonnet\n|move|p1b: Terapagos|Earth Power|p2a: Calyrex\n|-damage|p2a: Calyrex|58/100\n|\n|upkeep\n|turn|6\n|inactive|ShinigamiRowlet has 30 seconds left.\n|inactive|stanhoff has 30 seconds left.\n|inactive|ShinigamiRowlet has 20 seconds left.\n|inactive|stanhoff has 20 seconds left.\n|inactive|stanhoff has 15 seconds left.\n|inactive|stanhoff has 10 seconds left.\n|inactive|stanhoff has 5 seconds left.\n|\n|t:|1746157209\n|move|p2a: Calyrex|Protect|p2a: Calyrex\n|-singleturn|p2a: Calyrex|Protect\n|move|p1a: Amoonguss|Protect|p1a: Amoonguss\n|-singleturn|p1a: Amoonguss|Protect\n|move|p2b: Brute Bonnet|Rage Powder|p2b: Brute Bonnet\n|-singleturn|p2b: Brute Bonnet|move: Rage Powder\n|move|p1b: Terapagos|Earth Power|p2b: Brute Bonnet\n|-resisted|p2b: Brute Bonnet\n|-damage|p2b: Brute Bonnet|91/100\n|\n|-end|p1b: Terapagos|move: Taunt\n|-fieldend|move: Electric Terrain\n|upkeep\n|turn|7\n|inactive|ShinigamiRowlet has 30 seconds left.\n|inactive|ShinigamiRowlet has 20 seconds left.\n|inactive|ShinigamiRowlet has 15 seconds left.\n|inactive|ShinigamiRowlet has 10 seconds left.\n|inactive|ShinigamiRowlet has 5 seconds left.\n|\n|t:|1746157262\n|move|p2a: Calyrex|Expanding Force|p1a: Amoonguss\n|-supereffective|p1a: Amoonguss\n|-damage|p1a: Amoonguss|0 fnt\n|faint|p1a: Amoonguss\n|-ability|p2a: Calyrex|Grim Neigh|boost\n|-boost|p2a: Calyrex|spa|1\n|move|p1b: Terapagos|Calm Mind|p1b: Terapagos\n|-boost|p1b: Terapagos|spa|1\n|-boost|p1b: Terapagos|spd|1\n|move|p2b: Brute Bonnet|Spore|p1b: Terapagos\n|-status|p1b: Terapagos|slp|[from] move: Spore\n|\n|upkeep\n|\n|t:|1746157272\n|switch|p1a: Calyrex|Calyrex-Shadow, L50|1/100\n|-ability|p1a: Calyrex|As One\n|-ability|p1a: Calyrex|Unnerve\n|turn|8\n|\n|t:|1746157292\n|move|p1a: Calyrex|Protect|p1a: Calyrex\n|-singleturn|p1a: Calyrex|Protect\n|move|p2b: Brute Bonnet|Sucker Punch||[still]\n|-fail|p2b: Brute Bonnet\n|move|p2a: Calyrex|Expanding Force|p1b: Terapagos\n|-activate|p1b: Terapagos|ability: Tera Shell\n|-resisted|p1b: Terapagos\n|-damage|p1b: Terapagos|80/100 slp\n|cant|p1b: Terapagos|slp\n|\n|-heal|p1b: Terapagos|86/100 slp|[from] item: Leftovers\n|upkeep\n|turn|9\n|inactive|stanhoff has 30 seconds left.\n|inactive|stanhoff has 20 seconds left.\n|inactive|stanhoff has 15 seconds left.\n|inactive|stanhoff has 10 seconds left.\n|\n|t:|1746157342\n|-terastallize|p1b: Terapagos|Stellar\n|detailschange|p1b: Terapagos|Terapagos-Stellar, L50, M, tera:Stellar\n|-heal|p1b: Terapagos|90/100 slp|[silent]\n|move|p2b: Brute Bonnet|Sucker Punch||[still]\n|-fail|p2b: Brute Bonnet\n|move|p1a: Calyrex|Encore|p2b: Brute Bonnet\n|-start|p2b: Brute Bonnet|Encore\n|move|p2a: Calyrex|Expanding Force|p1b: Terapagos\n|-damage|p1b: Terapagos|60/100 slp\n|-curestatus|p1b: Terapagos|slp|[msg]\n|move|p1b: Terapagos|Tera Starstorm|p2a: Calyrex|[spread] p2a,p2b\n|-damage|p2a: Calyrex|6/100\n|-damage|p2b: Brute Bonnet|55/100\n|\n|-heal|p1b: Terapagos|66/100|[from] item: Leftovers\n|upkeep\n|turn|10\n|\n|t:|1746157362\n|move|p1a: Calyrex|Protect|p1a: Calyrex\n|-singleturn|p1a: Calyrex|Protect\n|move|p2b: Brute Bonnet|Sucker Punch||[still]\n|-fail|p2b: Brute Bonnet\n|move|p2a: Calyrex|Disable|p1b: Terapagos\n|-start|p1b: Terapagos|Disable|Tera Starstorm\n|cant|p1b: Terapagos|Disable|Tera Starstorm\n|\n|-heal|p1b: Terapagos|72/100|[from] item: Leftovers\n|upkeep\n|turn|11\n|\n|t:|1746157380\n|move|p2b: Brute Bonnet|Sucker Punch|p1b: Terapagos\n|-damage|p1b: Terapagos|57/100\n|move|p2a: Calyrex|Astral Barrage|p1a: Calyrex|[spread] p1a\n|-immune|p1b: Terapagos\n|-supereffective|p1a: Calyrex\n|-damage|p1a: Calyrex|0 fnt\n|faint|p1a: Calyrex\n|-ability|p2a: Calyrex|Grim Neigh|boost\n|-boost|p2a: Calyrex|spa|1\n|move|p1b: Terapagos|Earth Power|p2a: Calyrex\n|-damage|p2a: Calyrex|0 fnt\n|faint|p2a: Calyrex\n|\n|-heal|p1b: Terapagos|63/100|[from] item: Leftovers\n|upkeep\n|\n|t:|1746157390\n|switch|p2a: Sneasler|Sneasler, L50, M|13/100\n|turn|12\n|\n|t:|1746157415\n|move|p2a: Sneasler|Fake Out|p1b: Terapagos\n|-damage|p1b: Terapagos|56/100\n|move|p2b: Brute Bonnet|Sucker Punch|p1b: Terapagos\n|-damage|p1b: Terapagos|42/100\n|cant|p1b: Terapagos|flinch\n|\n|-heal|p1b: Terapagos|48/100|[from] item: Leftovers\n|-end|p2b: Brute Bonnet|Encore\n|upkeep\n|turn|13\n|\n|t:|1746157431\n|move|p1b: Terapagos|Protect|p1b: Terapagos\n|-singleturn|p1b: Terapagos|Protect\n|move|p2a: Sneasler|Close Combat|p1b: Terapagos\n|-activate|p1b: Terapagos|move: Protect\n|move|p2b: Brute Bonnet|Spore|p1b: Terapagos\n|-activate|p1b: Terapagos|move: Protect\n|\n|-heal|p1b: Terapagos|54/100|[from] item: Leftovers\n|-end|p1b: Terapagos|Disable\n|upkeep\n|turn|14\n|\n|t:|1746157437\n|move|p2a: Sneasler|Close Combat|p1b: Terapagos\n|-supereffective|p1b: Terapagos\n|-damage|p1b: Terapagos|0 fnt\n|-unboost|p2a: Sneasler|def|1\n|-unboost|p2a: Sneasler|spd|1\n|faint|p1b: Terapagos\n|\n|win|stanhoff\n|raw|ShinigamiRowlet's rating: 1177 &rarr; <strong>1149</strong><br />(-28 for losing)\n|raw|stanhoff's rating: 1132 &rarr; <strong>1160</strong><br />(+28 for winning)\n|c|\u2606ShinigamiRowlet|Lost every speed tie that mattered\n|c|\u2606ShinigamiRowlet|Gg\n|l|\u2606ShinigamiRowlet\n|player|p1|\n", "uploadtime": 1746157463, "views": 5, "formatid": "gen9vgc2025regibo3", "rating": 1149, "private": 0, "password": null}