{"id": "gen9vgc2025regibo3-2354492143", "format": "[Gen 9] VGC 2025 Reg I (Bo3)", "players": ["TALD56", "1. versuch"], "log": "|j|\u2606TALD56\n|j|\u26061. versuch\n|html|<table width=\"100%\"><tr><td align=\"left\">TALD56</td><td align=\"right\">1. versuch</tr><tr><td align=\"left\"><i class=\"fa fa-circle-o\"></i> <i class=\"fa fa-circle-o\"></i> </td><td align=\"right\"><i class=\"fa fa-circle-o\"></i> <i class=\"fa fa-circle-o\"></i> </tr></table>\n|uhtml|bestof|<h2><strong>Game 1</strong> of <a href=\"/game-bestof3-gen9vgc2025regibo3-2354492142\">a best-of-3</a></h2>\n|t:|1746080919\n|gametype|doubles\n|player|p1|TALD56|backpacker|1165\n|player|p2|1. versuch|waiter-gen4dp|1087\n|teamsize|p1|6\n|teamsize|p2|6\n|gen|9\n|tier|[Gen 9] VGC 2025 Reg I (Bo3)\n|rated|\n|rule|Species Clause: Limit one of each Pok\u00e9mon\n|rule|Item Clause: Limit 1 of each item\n|clearpoke\n|poke|p1|Lunala, L50|\n|poke|p1|Ogerpon-Hearthflame, L50, F|\n|poke|p1|Landorus, L50, M|\n|poke|p1|Indeedee-F, L50, F|\n|poke|p1|Roaring Moon, L50|\n|poke|p1|Calyrex-Ice, L50|\n|poke|p2|Rillaboom, L50, M|\n|poke|p2|Koraidon, L50|\n|poke|p2|Walking Wake, L50|\n|poke|p2|Calyrex-Shadow, L50|\n|poke|p2|Murkrow, L50, M|\n|poke|p2|Breloom, L50, M|\n|teampreview|4\n|showteam|p1|Lunala||PowerHerb|ShadowShield|MoongeistBeam,MeteorBeam,ExpandingForce,TrickRoom||||||50|,,,,,Water]Ogerpon-Hearthflame||HearthflameMask|MoldBreaker|IvyCudgel,WoodHammer,FollowMe,SpikyShield|||F|||50|,,,,,Fire]Landorus||LifeOrb|SheerForce|EarthPower,SludgeBomb,SandsearStorm,Protect|||M|||50|,,,,,Poison]Indeedee-F||RockyHelmet|PsychicSurge|FollowMe,AlluringVoice,TrickRoom,HelpingHand|||F|||50|,,,,,Fairy]Roaring Moon||BoosterEnergy|Protosynthesis|Taunt,KnockOff,Tailwind,Protect||||||50|,,,,,Fairy]Calyrex-Ice||ClearAmulet|AsOneGlastrier|GlacialLance,HighHorsepower,TrickRoom,Protect||||||50|,,,,,Fire\n|showteam|p2|Rillaboom||AssaultVest|GrassySurge|Uturn,HighHorsepower,FakeOut,GrassyGlide|||M|||50|,,,,,Ground]Koraidon||ClearAmulet|OrichalcumPulse|FlameCharge,CloseCombat,FlareBlitz,Protect||||||50|,,,,,Fire]Walking Wake||ChoiceSpecs|Protosynthesis|Flamethrower,DracoMeteor,HydroSteam,WeatherBall||||||50|,,,,,Fire]Calyrex-Shadow||LifeOrb|AsOneSpectrier|AstralBarrage,SolarBeam,Protect,NastyPlot||||||50|,,,,,Normal]Murkrow||Eviolite|Prankster|FoulPlay,Tailwind,Protect,ThunderWave|||M|||50|,,,,,Ghost]Breloom||FocusSash|Technician|Protect,CloseCombat,MachPunch,Spore|||M|||50|,,,,,Ghost\n|inactive|Battle timer is ON: inactive players will automatically lose when time's up. (requested by 1. versuch)\n|inactive|TALD56 has 60 seconds left.\n|inactive|1. versuch has 60 seconds left.\n|\n|t:|1746080951\n|start\n|switch|p1a: Lunala|Lunala, L50|100/100\n|switch|p1b: Indeedee|Indeedee-F, L50, F|100/100\n|switch|p2a: Breloom|Breloom, L50, M|100/100\n|switch|p2b: Murkrow|Murkrow, L50, M|100/100\n|-fieldstart|move: Psychic Terrain|[from] ability: Psychic Surge|[of] p1b: Indeedee\n|turn|1\n|inactive|1. versuch has 30 seconds left.\n|\n|t:|1746080982\n|move|p1b: Indeedee|Follow Me|p1b: Indeedee\n|-singleturn|p1b: Indeedee|move: Follow Me\n|move|p2b: Murkrow|Thunder Wave|p1b: Indeedee\n|-activate|p1b: Indeedee|move: Psychic Terrain\n|move|p2a: Breloom|Spore|p1b: Indeedee\n|-status|p1b: Indeedee|slp|[from] move: Spore\n|move|p1a: Lunala|Meteor Beam||[still]\n|-prepare|p1a: Lunala|Meteor Beam\n|-boost|p1a: Lunala|spa|1\n|-enditem|p1a: Lunala|Power Herb\n|-anim|p1a: Lunala|Meteor Beam|p2a: Breloom\n|-resisted|p2a: Breloom\n|-damage|p2a: Breloom|28/100\n|\n|upkeep\n|turn|2\n|inactive|TALD56 has 30 seconds left.\n|inactive|1. versuch has 30 seconds left.\n|\n|t:|1746081011\n|switch|p2b: Koraidon|Koraidon, L50|100/100\n|-weather|SunnyDay|[from] ability: Orichalcum Pulse|[of] p2b: Koraidon\n|-activate|p2b: Koraidon|Orichalcum Pulse|[source]\n|switch|p1b: Calyrex|Calyrex-Ice, L50|100/100\n|-ability|p1b: Calyrex|As One\n|-ability|p1b: Calyrex|Unnerve\n|-terastallize|p1a: Lunala|Water\n|move|p2a: Breloom|Spore|p1a: Lunala\n|-status|p1a: Lunala|slp|[from] move: Spore\n|cant|p1a: Lunala|slp\n|\n|-weather|SunnyDay|[upkeep]\n|upkeep\n|turn|3\n|inactive|1. versuch has 30 seconds left.\n|\n|t:|1746081037\n|-terastallize|p2b: Koraidon|Fire\n|move|p1b: Calyrex|Protect|p1b: Calyrex\n|-singleturn|p1b: Calyrex|Protect\n|move|p2b: Koraidon|Flare Blitz|p1a: Lunala\n|-resisted|p1a: Lunala\n|-damage|p1a: Lunala|77/100 slp\n|-damage|p2b: Koraidon|92/100|[from] Recoil\n|move|p2a: Breloom|Spore|p1b: Calyrex\n|-activate|p1b: Calyrex|move: Protect\n|cant|p1a: Lunala|slp\n|\n|-weather|SunnyDay|[upkeep]\n|upkeep\n|turn|4\n|\n|t:|1746081057\n|switch|p1b: Ogerpon|Ogerpon-Hearthflame, L50, F|100/100\n|-ability|p1b: Ogerpon|Mold Breaker\n|move|p2b: Koraidon|Flare Blitz|p1b: Ogerpon\n|-damage|p1b: Ogerpon|0 fnt\n|faint|p1b: Ogerpon\n|-damage|p2b: Koraidon|63/100|[from] Recoil\n|move|p2a: Breloom|Close Combat|p1a: Lunala\n|-damage|p1a: Lunala|30/100 slp\n|-unboost|p2a: Breloom|def|1\n|-unboost|p2a: Breloom|spd|1\n|-curestatus|p1a: Lunala|slp|[msg]\n|move|p1a: Lunala|Expanding Force|p2a: Breloom|[spread] p2a,p2b\n|-supereffective|p2a: Breloom\n|-damage|p2a: Breloom|0 fnt\n|-damage|p2b: Koraidon|0 fnt\n|faint|p2a: Breloom\n|faint|p2b: Koraidon\n|\n|-weather|SunnyDay|[upkeep]\n|upkeep\n|\n|t:|1746081077\n|switch|p2b: Murkrow|Murkrow, L50, M|100/100\n|switch|p1b: Indeedee|Indeedee-F, L50, F|100/100 slp\n|switch|p2a: Calyrex|Calyrex-Shadow, L50|100/100\n|-ability|p2a: Calyrex|As One\n|-ability|p2a: Calyrex|Unnerve\n|turn|5\n|\n|t:|1746081098\n|move|p2a: Calyrex|Astral Barrage|p1a: Lunala|[spread] p1a\n|-immune|p1b: Indeedee\n|-damage|p1a: Lunala|0 fnt\n|faint|p1a: Lunala\n|-ability|p2a: Calyrex|Grim Neigh|boost\n|-boost|p2a: Calyrex|spa|1\n|-damage|p2a: Calyrex|91/100|[from] item: Life Orb\n|move|p2b: Murkrow|Foul Play|p1b: Indeedee\n|-supereffective|p1b: Indeedee\n|-damage|p1b: Indeedee|63/100 slp\n|-damage|p2b: Murkrow|84/100|[from] item: Rocky Helmet|[of] p1b: Indeedee\n|cant|p1b: Indeedee|slp\n|\n|-weather|SunnyDay|[upkeep]\n|-fieldend|move: Psychic Terrain\n|upkeep\n|\n|t:|1746081103\n|switch|p1a: Calyrex|Calyrex-Ice, L50|100/100\n|-ability|p1a: Calyrex|As One\n|-ability|p1a: Calyrex|Unnerve\n|turn|6\n|inactive|1. versuch has 30 seconds left.\n|\n|t:|1746081136\n|move|p1a: Calyrex|Protect|p1a: Calyrex\n|-singleturn|p1a: Calyrex|Protect\n|move|p2b: Murkrow|Thunder Wave|p1a: Calyrex\n|-activate|p1a: Calyrex|move: Protect\n|move|p2a: Calyrex|Solar Beam||[still]\n|-prepare|p2a: Calyrex|Solar Beam\n|-anim|p2a: Calyrex|Solar Beam|p1b: Indeedee\n|-damage|p1b: Indeedee|0 fnt\n|faint|p1b: Indeedee\n|-ability|p2a: Calyrex|Grim Neigh|boost\n|-boost|p2a: Calyrex|spa|1\n|-damage|p2a: Calyrex|81/100|[from] item: Life Orb\n|\n|-weather|none\n|upkeep\n|turn|7\n|-message|TALD56 forfeited.\n|\n|win|1. versuch\n|l|\u2606TALD56\n|player|p1|\n||TALD56 is ready for game 2.\n||1. versuch is ready for game 2.\n|uhtml|next|Next: <a href=\"/battle-gen9vgc2025regibo3-2354493295\"><strong>Game 2 of 3</strong></a>\n|l|\u26061. versuch\n|player|p2|\n", "uploadtime": 1746081492, "views": 23, "formatid": "gen9vgc2025regibo3", "rating": null, "private": 0, "password": null}