{"id": "gen9vgc2025regibo3-2353847814", "format": "[Gen 9] VGC 2025 Reg I (Bo3)", "players": ["arielrai", "atrixmj"], "log": "|j|\u2606arielrai\n|j|\u2606atrixmj\n|html|<table width=\"100%\"><tr><td align=\"left\">arielrai</td><td align=\"right\">atrixmj</tr><tr><td align=\"left\"><i class=\"fa fa-circle-o\"></i> <i class=\"fa fa-circle-o\"></i> </td><td align=\"right\"><i class=\"fa fa-circle-o\"></i> <i class=\"fa fa-circle-o\"></i> </tr></table>\n|uhtml|bestof|<h2><strong>Game 1</strong> of <a href=\"/game-bestof3-gen9vgc2025regibo3-2353847813\">a best-of-3</a></h2>\n|t:|1746009754\n|gametype|doubles\n|player|p1|arielrai|1|1262\n|player|p2|atrixmj|2|1353\n|teamsize|p1|6\n|teamsize|p2|6\n|gen|9\n|tier|[Gen 9] VGC 2025 Reg I (Bo3)\n|rated|\n|rule|Species Clause: Limit one of each Pok\u00e9mon\n|rule|Item Clause: Limit 1 of each item\n|clearpoke\n|poke|p1|Miraidon, L50|\n|poke|p1|Tornadus, L50, M|\n|poke|p1|Kyogre, L50|\n|poke|p1|Ludicolo, L50, F|\n|poke|p1|Urshifu-*, L50, F|\n|poke|p1|Clefairy, L50, M|\n|poke|p2|Lunala, L50|\n|poke|p2|Koraidon, L50|\n|poke|p2|Chi-Yu, L50|\n|poke|p2|Ursaluna, L50, F|\n|poke|p2|Flutter Mane, L50|\n|poke|p2|Indeedee-F, L50, F|\n|teampreview|4\n|showteam|p1|Miraidon||LifeOrb|HadronEngine|Protect,ElectroDrift,VoltSwitch,DracoMeteor||||||50|,,,,,Electric]Tornadus||SitrusBerry|Prankster|Tailwind,Taunt,RainDance,BleakwindStorm|||M|||50|,,,,,Dark]Kyogre||Leftovers|Drizzle|OriginPulse,WaterSpout,IceBeam,Protect||||||50|,,,,,Grass]Ludicolo||FocusSash|SwiftSwim|FakeOut,GigaDrain,Encore,HydroPump|||F|||50|,,,,,Water]Urshifu-Rapid-Strike||ChoiceScarf|UnseenFist|SurgingStrikes,AquaJet,CloseCombat,Uturn|||F|||50|,,,,,Water]Clefairy||Eviolite|FriendGuard|FollowMe,HelpingHand,LifeDew,Protect|||M|||50|,,,,,Grass\n|showteam|p2|Lunala||SafetyGoggles|ShadowShield|MoongeistBeam,ExpandingForce,WideGuard,TrickRoom||||||50|,,,,,Water]Koraidon||LifeOrb|OrichalcumPulse|CloseCombat,FlareBlitz,FlameCharge,Protect||||||50|,,,,,Fire]Chi-Yu||ChoiceScarf|BeadsofRuin|HeatWave,Flamethrower,DarkPulse,Snarl||||||50|,,,,,Fire]Ursaluna||FlameOrb|Guts|Facade,HeadlongRush,Earthquake,Protect|||F|||50|,,,,,Ghost]Flutter Mane||FocusSash|Protosynthesis|Moonblast,IcyWind,Taunt,Protect||||||50|,,,,,Fairy]Indeedee-F||RockyHelmet|PsychicSurge|Psychic,FollowMe,HelpingHand,TrickRoom|||F|||50|,,,,,Water\n|inactive|Battle timer is ON: inactive players will automatically lose when time's up. (requested by atrixmj)\n|l|\u2606arielrai\n|inactive|arielrai disconnected and has a minute to reconnect!\n|player|p1|\n|j|\u2606arielrai\n|inactive|arielrai reconnected and has 80 seconds left.\n|player|p1|arielrai|1|\n|inactive|arielrai has 60 seconds left.\n|\n|t:|1746009796\n|start\n|switch|p1a: Miraidon|Miraidon, L50|100/100\n|switch|p1b: Urshifu|Urshifu-Rapid-Strike, L50, F|100/100\n|switch|p2a: M. LOVE|Lunala, L50, shiny|100/100\n|switch|p2b: TETOTETOTETO|Indeedee-F, L50, F|100/100\n|-fieldstart|move: Electric Terrain|[from] ability: Hadron Engine|[of] p1a: Miraidon\n|-fieldstart|move: Psychic Terrain|[from] ability: Psychic Surge|[of] p2b: TETOTETOTETO\n|turn|1\n|\n|t:|1746009820\n|move|p2b: TETOTETOTETO|Follow Me|p2b: TETOTETOTETO\n|-singleturn|p2b: TETOTETOTETO|move: Follow Me\n|move|p1b: Urshifu|U-turn|p2b: TETOTETOTETO\n|-supereffective|p2b: TETOTETOTETO\n|-damage|p2b: TETOTETOTETO|54/100\n|-damage|p1b: Urshifu|84/100|[from] item: Rocky Helmet|[of] p2b: TETOTETOTETO\n|\n|t:|1746009830\n|switch|p1b: Kyogre|Kyogre, L50|100/100|[from] U-turn\n|-weather|RainDance|[from] ability: Drizzle|[of] p1b: Kyogre\n|move|p1a: Miraidon|Volt Switch|p2b: TETOTETOTETO\n|-damage|p2b: TETOTETOTETO|10/100\n|-damage|p1a: Miraidon|91/100|[from] item: Life Orb\n|\n|t:|1746009837\n|switch|p1a: Clefairy|Clefairy, L50, M|100/100|[from] Volt Switch\n|move|p2a: M. LOVE|Trick Room|p2a: M. LOVE\n|-fieldstart|move: Trick Room|[of] p2a: M. LOVE\n|\n|-weather|RainDance|[upkeep]\n|upkeep\n|turn|2\n|\n|t:|1746009857\n|switch|p2b: ULTRA TRAILER|Koraidon, L50|100/100\n|-weather|SunnyDay|[from] ability: Orichalcum Pulse|[of] p2b: ULTRA TRAILER\n|-activate|p2b: ULTRA TRAILER|Orichalcum Pulse|[source]\n|move|p1a: Clefairy|Life Dew||[still]|[still]|[spread] \n|-fail|p1a: Clefairy|heal\n|-fail|p1b: Kyogre|heal\n|move|p1b: Kyogre|Water Spout|p2b: ULTRA TRAILER|[spread] p2a,p2b\n|-resisted|p2b: ULTRA TRAILER\n|-damage|p2a: M. LOVE|88/100\n|-damage|p2b: ULTRA TRAILER|82/100\n|move|p2a: M. LOVE|Expanding Force|p1a: Clefairy|[spread] p1a,p1b\n|-damage|p1a: Clefairy|53/100\n|-damage|p1b: Kyogre|65/100\n|\n|-weather|SunnyDay|[upkeep]\n|-heal|p1b: Kyogre|71/100|[from] item: Leftovers\n|upkeep\n|turn|3\n|inactive|arielrai has 30 seconds left.\n|inactive|atrixmj has 30 seconds left.\n|\n|t:|1746009883\n|switch|p2b: TETOTETOTETO|Indeedee-F, L50, F|10/100\n|move|p1a: Clefairy|Protect|p1a: Clefairy\n|-singleturn|p1a: Clefairy|Protect\n|move|p1b: Kyogre|Protect|p1b: Kyogre\n|-singleturn|p1b: Kyogre|Protect\n|move|p2a: M. LOVE|Expanding Force|p1a: Clefairy|[spread] \n|-activate|p1a: Clefairy|move: Protect\n|-activate|p1b: Kyogre|move: Protect\n|\n|-weather|SunnyDay|[upkeep]\n|-heal|p1b: Kyogre|77/100|[from] item: Leftovers\n|upkeep\n|turn|4\n|\n|t:|1746009896\n|switch|p1b: Miraidon|Miraidon, L50|91/100\n|-fieldstart|move: Electric Terrain|[from] ability: Hadron Engine|[of] p1b: Miraidon\n|move|p2b: TETOTETOTETO|Helping Hand|p2a: M. LOVE\n|-singleturn|p2a: M. LOVE|Helping Hand|[of] p2b: TETOTETOTETO\n|move|p1a: Clefairy|Life Dew|p1a: Clefairy|[spread] p1a,p1b\n|-heal|p1a: Clefairy|78/100\n|-heal|p1b: Miraidon|100/100\n|move|p2a: M. LOVE|Expanding Force|p1b: Miraidon\n|-damage|p1b: Miraidon|49/100\n|\n|-weather|SunnyDay|[upkeep]\n|upkeep\n|turn|5\n|\n|t:|1746009915\n|switch|p2b: PINK SLIME|Ursaluna, L50, F, shiny|100/100\n|move|p1a: Clefairy|Follow Me|p1a: Clefairy\n|-singleturn|p1a: Clefairy|move: Follow Me\n|move|p2a: M. LOVE|Moongeist Beam|p1a: Clefairy\n|-damage|p1a: Clefairy|37/100\n|move|p1b: Miraidon|Volt Switch|p2b: PINK SLIME\n|-immune|p2b: PINK SLIME\n|\n|-weather|SunnyDay|[upkeep]\n|-fieldend|move: Trick Room\n|-status|p2b: PINK SLIME|brn|[from] item: Flame Orb\n|upkeep\n|turn|6\n|\n|t:|1746009936\n|switch|p2b: TETOTETOTETO|Indeedee-F, L50, F|10/100\n|-fieldstart|move: Psychic Terrain|[from] ability: Psychic Surge|[of] p2b: TETOTETOTETO\n|-terastallize|p1b: Miraidon|Electric\n|move|p1a: Clefairy|Follow Me|p1a: Clefairy\n|-singleturn|p1a: Clefairy|move: Follow Me\n|move|p1b: Miraidon|Volt Switch|p2a: M. LOVE\n|-damage|p2a: M. LOVE|40/100\n|-damage|p1b: Miraidon|40/100|[from] item: Life Orb\n|\n|t:|1746009940\n|switch|p1b: Kyogre|Kyogre, L50|77/100|[from] Volt Switch\n|-weather|RainDance|[from] ability: Drizzle|[of] p1b: Kyogre\n|move|p2a: M. LOVE|Expanding Force|p1b: Kyogre|[spread] p1a,p1b\n|-damage|p1a: Clefairy|0 fnt\n|-damage|p1b: Kyogre|45/100\n|faint|p1a: Clefairy\n|\n|-weather|RainDance|[upkeep]\n|-heal|p1b: Kyogre|51/100|[from] item: Leftovers\n|upkeep\n|inactive|arielrai has 30 seconds left.\n|\n|t:|1746009974\n|switch|p1a: Miraidon|Miraidon, L50, tera:Electric|40/100\n|-fieldstart|move: Electric Terrain|[from] ability: Hadron Engine|[of] p1a: Miraidon\n|turn|7\n|\n|t:|1746009978\n|move|p2a: M. LOVE|Wide Guard|p2a: M. LOVE\n|-singleturn|p2a: M. LOVE|Wide Guard\n|move|p1a: Miraidon|Volt Switch|p2a: M. LOVE\n|-damage|p2a: M. LOVE|0 fnt\n|faint|p2a: M. LOVE\n|-damage|p1a: Miraidon|30/100|[from] item: Life Orb\n|\n|t:|1746009980\n|switch|p1a: Urshifu|Urshifu-Rapid-Strike, L50, F|84/100|[from] Volt Switch\n|move|p1b: Kyogre|Water Spout|p2b: TETOTETOTETO\n|-activate|p2b: TETOTETOTETO|move: Wide Guard\n|move|p2b: TETOTETOTETO|Trick Room|p2b: TETOTETOTETO\n|-fieldstart|move: Trick Room|[of] p2b: TETOTETOTETO\n|\n|-weather|RainDance|[upkeep]\n|-heal|p1b: Kyogre|57/100|[from] item: Leftovers\n|upkeep\n|\n|t:|1746009983\n|switch|p2a: PINK SLIME|Ursaluna, L50, F, shiny|100/100 brn\n|turn|8\n|\n|t:|1746009994\n|switch|p1b: Miraidon|Miraidon, L50, tera:Electric|30/100\n|-activate|p1b: Miraidon|ability: Hadron Engine\n|move|p2b: TETOTETOTETO|Follow Me|p2b: TETOTETOTETO\n|-singleturn|p2b: TETOTETOTETO|move: Follow Me\n|move|p1a: Urshifu|Aqua Jet|p2b: TETOTETOTETO\n|-damage|p2b: TETOTETOTETO|0 fnt\n|-damage|p1a: Urshifu|68/100|[from] item: Rocky Helmet|[of] p2b: TETOTETOTETO\n|faint|p2b: TETOTETOTETO\n|move|p2a: PINK SLIME|Facade|p1b: Miraidon\n|-damage|p1b: Miraidon|0 fnt\n|faint|p1b: Miraidon\n|\n|-weather|RainDance|[upkeep]\n|-damage|p2a: PINK SLIME|95/100 brn|[from] brn\n|upkeep\n|\n|t:|1746010000\n|switch|p2b: ULTRA TRAILER|Koraidon, L50|82/100\n|switch|p1b: Kyogre|Kyogre, L50|57/100\n|-weather|SunnyDay|[from] ability: Orichalcum Pulse|[of] p2b: ULTRA TRAILER\n|-activate|p2b: ULTRA TRAILER|Orichalcum Pulse|[source]\n|turn|9\n|\n|t:|1746010013\n|move|p1b: Kyogre|Protect|p1b: Kyogre\n|-singleturn|p1b: Kyogre|Protect\n|move|p1a: Urshifu|Aqua Jet|p2a: PINK SLIME\n|-supereffective|p2a: PINK SLIME\n|-damage|p2a: PINK SLIME|79/100 brn\n|move|p2a: PINK SLIME|Facade|p1b: Kyogre\n|-activate|p1b: Kyogre|move: Protect\n|move|p2b: ULTRA TRAILER|Close Combat|p1a: Urshifu\n|-damage|p1a: Urshifu|0 fnt\n|-unboost|p2b: ULTRA TRAILER|def|1\n|-unboost|p2b: ULTRA TRAILER|spd|1\n|faint|p1a: Urshifu\n|-damage|p2b: ULTRA TRAILER|73/100|[from] item: Life Orb\n|\n|-weather|SunnyDay|[upkeep]\n|-heal|p1b: Kyogre|63/100|[from] item: Leftovers\n|-damage|p2a: PINK SLIME|73/100 brn|[from] brn\n|upkeep\n|turn|10\n|\n|t:|1746010022\n|move|p2a: PINK SLIME|Facade|p1b: Kyogre\n|-damage|p1b: Kyogre|0 fnt\n|faint|p1b: Kyogre\n|\n|win|atrixmj\n", "uploadtime": 1746010024, "views": 6, "formatid": "gen9vgc2025regibo3", "rating": null, "private": 0, "password": null}