{"id": "gen9vgc2025regibo3-2354964760", "format": "[Gen 9] VGC 2025 Reg I (Bo3)", "players": ["Jesucrit0", "SamSederEnjoyer"], "log": "|j|\u2606Jesucrit0\n|j|\u2606SamSederEnjoyer\n|html|<table width=\"100%\"><tr><td align=\"left\">Jesucrit0</td><td align=\"right\">SamSederEnjoyer</tr><tr><td align=\"left\"><i class=\"fa fa-circle\"></i> <i class=\"fa fa-circle-o\"></i> </td><td align=\"right\"><i class=\"fa fa-circle-o\"></i> <i class=\"fa fa-circle-o\"></i> </tr></table>\n|uhtml|bestof|<h2><strong>Game 2</strong> of <a href=\"/game-bestof3-gen9vgc2025regibo3-2354962770\">a best-of-3</a></h2>\n|t:|1746136471\n|gametype|doubles\n|player|p1|Jesucrit0|buck|1109\n|player|p2|SamSederEnjoyer|102|1000\n|teamsize|p1|6\n|teamsize|p2|6\n|gen|9\n|tier|[Gen 9] VGC 2025 Reg I (Bo3)\n|rated|\n|rule|Species Clause: Limit one of each Pok\u00e9mon\n|rule|Item Clause: Limit 1 of each item\n|clearpoke\n|poke|p1|Palkia-Origin, L50|\n|poke|p1|Farigiraf, L50, M|\n|poke|p1|Calyrex-Ice, L50|\n|poke|p1|Rillaboom, L50, F|\n|poke|p1|Urshifu-*, L50, F|\n|poke|p1|Chi-Yu, L50|\n|poke|p2|Zapdos-Galar, L50|\n|poke|p2|Arcanine-Hisui, L50, M|\n|poke|p2|Arboliva, L50, F|\n|poke|p2|Groudon, L50|\n|poke|p2|Walking Wake, L50|\n|poke|p2|Wyrdeer, L50, F|\n|teampreview|4\n|showteam|p1|Palkia-Origin||LustrousGlobe|Pressure|SpacialRend,Protect,HydroPump,DracoMeteor||||||50|,,,,,Fairy]Farigiraf||SafetyGoggles|ArmorTail|FoulPlay,Psychic,HelpingHand,TrickRoom|||M|||50|,,,,,Water]Calyrex-Ice||ClearAmulet|AsOneGlastrier|GlacialLance,HighHorsepower,Protect,TrickRoom||||||50|,,,,,Fairy]Rillaboom||AssaultVest|GrassySurge|GrassyGlide,WoodHammer,FakeOut,Uturn|||F|||50|,,,,,Fire]Urshifu-Rapid-Strike||MysticWater|UnseenFist|SurgingStrikes,CloseCombat,Protect,AquaJet|||F|||50|,,,,,Water]Chi-Yu||ChoiceScarf|BeadsofRuin|HeatWave,Overheat,DarkPulse,Snarl||||||50|,,,,,Fire\n|showteam|p2|Zapdos-Galar||Leftovers|Defiant|Tailwind,DoubleEdge,CloseCombat,BraveBird||||||50|,,,,,Fighting]Arcanine-Hisui||AssaultVest|RockHead|FlareBlitz,CloseCombat,ExtremeSpeed,RockSlide|||M|||50|,,,,,Fire]Arboliva||SitrusBerry|Harvest|LeechSeed,Encore,Protect,EnergyBall|||F|||50|,,,,,Grass]Groudon||WeaknessPolicy|Drought|PrecipiceBlades,Protect,HeatCrash,BrickBreak||||||50|,,,,,Fire]Walking Wake||FocusSash|Protosynthesis|HydroSteam,Protect,DracoMeteor,Flamethrower||||||50|,,,,,Fire]Wyrdeer||CovertCloak|Intimidate|TrickRoom,PsyshieldBash,Protect,BodySlam|||F|||50|,,,,,Normal\n|\n|t:|1746136520\n|start\n|switch|p1a: Palkia|Palkia-Origin, L50, shiny|100/100\n|switch|p1b: Farigiraf|Farigiraf, L50, M|100/100\n|switch|p2a: Groudon|Groudon, L50|100/100\n|switch|p2b: Arcanine|Arcanine-Hisui, L50, M|100/100\n|-ability|p1a: Palkia|Pressure\n|-weather|SunnyDay|[from] ability: Drought|[of] p2a: Groudon\n|turn|1\n|\n|t:|1746136549\n|move|p1b: Farigiraf|Helping Hand|p1a: Palkia\n|-singleturn|p1a: Palkia|Helping Hand|[of] p1b: Farigiraf\n|move|p1a: Palkia|Draco Meteor|p2a: Groudon\n|-damage|p2a: Groudon|0 fnt\n|-unboost|p1a: Palkia|spa|2\n|faint|p2a: Groudon\n|move|p2b: Arcanine|Flare Blitz|p1b: Farigiraf\n|-damage|p1b: Farigiraf|26/100\n|\n|-weather|SunnyDay|[upkeep]\n|upkeep\n|\n|t:|1746136563\n|switch|p2a: Wyrdeer|Wyrdeer, L50, F|100/100\n|-ability|p2a: Wyrdeer|Intimidate|boost\n|-unboost|p1a: Palkia|atk|1\n|-unboost|p1b: Farigiraf|atk|1\n|turn|2\n|\n|t:|1746136586\n|move|p1b: Farigiraf|Helping Hand|p1a: Palkia\n|-singleturn|p1a: Palkia|Helping Hand|[of] p1b: Farigiraf\n|move|p1a: Palkia|Hydro Pump|p2b: Arcanine\n|-supereffective|p2b: Arcanine\n|-damage|p2b: Arcanine|20/100\n|move|p2b: Arcanine|Flare Blitz|p1b: Farigiraf\n|-damage|p1b: Farigiraf|0 fnt\n|faint|p1b: Farigiraf\n|move|p2a: Wyrdeer|Body Slam|p1a: Palkia\n|-damage|p1a: Palkia|61/100\n|-status|p1a: Palkia|par\n|\n|-weather|SunnyDay|[upkeep]\n|upkeep\n|\n|t:|1746136604\n|switch|p1b: Urshifu|Urshifu-Rapid-Strike, L50, F|100/100\n|turn|3\n|\n|t:|1746136617\n|switch|p1a: Calyrex|Calyrex-Ice, L50|100/100\n|-ability|p1a: Calyrex|As One\n|-ability|p1a: Calyrex|Unnerve\n|move|p2b: Arcanine|Extreme Speed|p1a: Calyrex\n|-damage|p1a: Calyrex|84/100\n|move|p1b: Urshifu|Aqua Jet|p2b: Arcanine\n|-supereffective|p2b: Arcanine\n|-damage|p2b: Arcanine|0 fnt\n|faint|p2b: Arcanine\n|move|p2a: Wyrdeer|Psyshield Bash|p1b: Urshifu\n|-supereffective|p1b: Urshifu\n|-damage|p1b: Urshifu|38/100\n|-boost|p2a: Wyrdeer|def|1\n|\n|-weather|SunnyDay|[upkeep]\n|upkeep\n|\n|t:|1746136633\n|switch|p2b: Walking Wake|Walking Wake, L50|100/100\n|-activate|p2b: Walking Wake|ability: Protosynthesis\n|-start|p2b: Walking Wake|protosynthesisspa\n|turn|4\n|\n|t:|1746136672\n|-terastallize|p2b: Walking Wake|Fire\n|-terastallize|p1a: Calyrex|Fairy\n|move|p1b: Urshifu|Protect|p1b: Urshifu\n|-singleturn|p1b: Urshifu|Protect\n|move|p2b: Walking Wake|Flamethrower|p1a: Calyrex\n|-damage|p1a: Calyrex|30/100\n|move|p2a: Wyrdeer|Psyshield Bash|p1a: Calyrex\n|-damage|p1a: Calyrex|11/100\n|-boost|p2a: Wyrdeer|def|1\n|move|p1a: Calyrex|Glacial Lance|p2b: Walking Wake|[spread] p2a,p2b\n|-resisted|p2b: Walking Wake\n|-damage|p2a: Wyrdeer|72/100\n|-damage|p2b: Walking Wake|71/100\n|\n|-weather|SunnyDay|[upkeep]\n|upkeep\n|turn|5\n|\n|t:|1746136695\n|move|p2b: Walking Wake|Flamethrower|p1a: Calyrex\n|-damage|p1a: Calyrex|0 fnt\n|faint|p1a: Calyrex\n|move|p1b: Urshifu|Surging Strikes|p2b: Walking Wake\n|-supereffective|p2b: Walking Wake\n|-crit|p2b: Walking Wake\n|-damage|p2b: Walking Wake|42/100\n|-supereffective|p2b: Walking Wake\n|-crit|p2b: Walking Wake\n|-damage|p2b: Walking Wake|15/100\n|-supereffective|p2b: Walking Wake\n|-crit|p2b: Walking Wake\n|-damage|p2b: Walking Wake|0 fnt\n|faint|p2b: Walking Wake\n|-end|p2b: Walking Wake|Protosynthesis|[silent]\n|-hitcount|p2: Walking Wake|3\n|move|p2a: Wyrdeer|Psyshield Bash|p1b: Urshifu\n|-supereffective|p1b: Urshifu\n|-damage|p1b: Urshifu|0 fnt\n|-boost|p2a: Wyrdeer|def|1\n|faint|p1b: Urshifu\n|\n|-weather|none\n|upkeep\n|-message|SamSederEnjoyer forfeited.\n|\n|win|Jesucrit0\n|raw|Jesucrit0's rating: 1109 &rarr; <strong>1126</strong><br />(+17 for winning)\n|raw|SamSederEnjoyer's rating: 1000 &rarr; <strong>1000</strong><br />(+0 for losing)\n|l|\u2606SamSederEnjoyer\n|player|p2|\n|l|\u2606Jesucrit0\n|player|p1|\n|j|\u2606Jesucrit0\n|player|p1|Jesucrit0|buck|\n", "uploadtime": 1746136734, "views": 6, "formatid": "gen9vgc2025regibo3", "rating": 1000, "private": 0, "password": null}