{"id": "gen9vgc2025regibo3-2354962920", "format": "[Gen 9] VGC 2025 Reg I (Bo3)", "players": ["laZb0nes2", "pon seis nueve"], "log": "|j|\u2606laZb0nes2\n|j|\u203dpon seis nueve\n|html|<table width=\"100%\"><tr><td align=\"left\">laZb0nes2</td><td align=\"right\">pon seis nueve</tr><tr><td align=\"left\"><i class=\"fa fa-circle-o\"></i> <i class=\"fa fa-circle-o\"></i> </td><td align=\"right\"><i class=\"fa fa-circle-o\"></i> <i class=\"fa fa-circle\"></i> </tr></table>\n|uhtml|bestof|<h2><strong>Game 2</strong> of <a href=\"/game-bestof3-gen9vgc2025regibo3-2354957401\">a best-of-3</a></h2>\n|t:|1746136274\n|gametype|doubles\n|player|p1|laZb0nes2|waiter-gen4|1091\n|player|p2|pon seis nueve|marlon|1189\n|teamsize|p1|6\n|teamsize|p2|6\n|gen|9\n|tier|[Gen 9] VGC 2025 Reg I (Bo3)\n|rated|\n|rule|Species Clause: Limit one of each Pok\u00e9mon\n|rule|Item Clause: Limit 1 of each item\n|clearpoke\n|poke|p1|Terapagos, L50, M|\n|poke|p1|Ho-Oh, L50|\n|poke|p1|Incineroar, L50, M|\n|poke|p1|Rillaboom, L50, M|\n|poke|p1|Ogerpon-Cornerstone, L50, F|\n|poke|p1|Urshifu-*, L50, M|\n|poke|p2|Zamazenta-*, L50|\n|poke|p2|Calyrex-Shadow, L50|\n|poke|p2|Tornadus, L50, M|\n|poke|p2|Urshifu-*, L50, M|\n|poke|p2|Rillaboom, L50, M|\n|poke|p2|Chien-Pao, L50|\n|teampreview|4\n|showteam|p1|Terapagos||Leftovers|TeraShift|CalmMind,TeraStarstorm,EarthPower,Protect|||M|||50|,,,,,Stellar]Ho-Oh||ClearAmulet|Regenerator|SacredFire,BraveBird,Tailwind,Protect||||||50|,,,,,Grass]Incineroar||SafetyGoggles|Intimidate|KnockOff,FakeOut,WillOWisp,PartingShot|||M|||50|,,,,,Water]Rillaboom||AssaultVest|GrassySurge|GrassyGlide,WoodHammer,Uturn,FakeOut|||M|||50|,,,,,Fire]Ogerpon-Cornerstone||CornerstoneMask|Sturdy|IvyCudgel,PowerWhip,FollowMe,SpikyShield|||F|||50|,,,,,Rock]Urshifu-Rapid-Strike||ChoiceScarf|UnseenFist|SurgingStrikes,CloseCombat,Uturn,Coaching|||M|||50|,,,,,Water\n|showteam|p2|Zamazenta-Crowned||RustedShield|DauntlessShield|BodyPress,HeavySlam,WideGuard,Protect||||||50|,,,,,Dragon]Calyrex-Shadow||FocusSash|AsOneSpectrier|AstralBarrage,Psychic,Encore,Protect||||||50|,,,,,Ghost]Tornadus||RockyHelmet|Prankster|BleakwindStorm,Tailwind,RainDance,Protect|||M|||50|,,,,,Dark]Urshifu-Rapid-Strike||ChoiceScarf|UnseenFist|SurgingStrikes,CloseCombat,AquaJet,Uturn|||M|||50|,,,,,Water]Rillaboom||AssaultVest|GrassySurge|WoodHammer,GrassyGlide,Uturn,FakeOut|||M|||50|,,,,,Fire]Chien-Pao||LifeOrb|SwordofRuin|SuckerPunch,IcicleCrash,ThroatChop,Protect||||||50|,,,,,Stellar\n|\n|t:|1746136295\n|start\n|switch|p1a: Incineroar|Incineroar, L50, M|100/100\n|switch|p1b: Ho-Oh|Ho-Oh, L50|100/100\n|switch|p2a: Zamazenta|Zamazenta-Crowned, L50|100/100\n|switch|p2b: Chien-Pao|Chien-Pao, L50|100/100\n|-ability|p2b: Chien-Pao|Sword of Ruin\n|-ability|p2a: Zamazenta|Dauntless Shield|boost\n|-boost|p2a: Zamazenta|def|1\n|-ability|p1a: Incineroar|Intimidate|boost\n|-unboost|p2a: Zamazenta|atk|1\n|-unboost|p2b: Chien-Pao|atk|1\n|turn|1\n|\n|t:|1746136327\n|move|p1a: Incineroar|Fake Out|p2a: Zamazenta\n|-resisted|p2a: Zamazenta\n|-damage|p2a: Zamazenta|98/100\n|move|p2b: Chien-Pao|Throat Chop|p1b: Ho-Oh\n|-damage|p1b: Ho-Oh|69/100\n|-start|p1b: Ho-Oh|Throat Chop|[silent]\n|-damage|p2b: Chien-Pao|91/100|[from] item: Life Orb\n|cant|p2a: Zamazenta|flinch\n|move|p1b: Ho-Oh|Tailwind|p1b: Ho-Oh\n|-sidestart|p1: laZb0nes2|move: Tailwind\n|\n|upkeep\n|turn|2\n|\n|t:|1746136370\n|-terastallize|p2a: Zamazenta|Dragon\n|move|p1b: Ho-Oh|Sacred Fire|p2a: Zamazenta\n|-resisted|p2a: Zamazenta\n|-damage|p2a: Zamazenta|85/100\n|-status|p2a: Zamazenta|brn\n|move|p2b: Chien-Pao|Throat Chop|p1b: Ho-Oh\n|-damage|p1b: Ho-Oh|35/100\n|-damage|p2b: Chien-Pao|81/100|[from] item: Life Orb\n|move|p1a: Incineroar|Parting Shot|p2b: Chien-Pao\n|-unboost|p2b: Chien-Pao|atk|1\n|-unboost|p2b: Chien-Pao|spa|1\n|\n|t:|1746136401\n|switch|p1a: Urshifu|Urshifu-Rapid-Strike, L50, M|100/100|[from] Parting Shot\n|move|p2a: Zamazenta|Body Press|p1a: Urshifu\n|-damage|p1a: Urshifu|48/100\n|\n|-damage|p2a: Zamazenta|79/100 brn|[from] brn\n|-end|p1b: Ho-Oh|Throat Chop|[silent]\n|upkeep\n|turn|3\n|\n|t:|1746136430\n|switch|p1b: Incineroar|Incineroar, L50, M|100/100\n|-ability|p1b: Incineroar|Intimidate|boost\n|-unboost|p2a: Zamazenta|atk|1\n|-unboost|p2b: Chien-Pao|atk|1\n|switch|p2b: Urshifu|Urshifu-Rapid-Strike, L50, M|100/100\n|move|p1a: Urshifu|U-turn|p2b: Urshifu\n|-resisted|p2b: Urshifu\n|-damage|p2b: Urshifu|87/100\n|\n|t:|1746136438\n|switch|p1a: Rillaboom|Rillaboom, L50, M|100/100|[from] U-turn\n|-fieldstart|move: Grassy Terrain|[from] ability: Grassy Surge|[of] p1a: Rillaboom\n|move|p2a: Zamazenta|Body Press|p1a: Rillaboom\n|-damage|p1a: Rillaboom|67/100\n|\n|-heal|p1a: Rillaboom|72/100|[from] Grassy Terrain\n|-heal|p2b: Urshifu|93/100|[from] Grassy Terrain\n|-heal|p2a: Zamazenta|85/100 brn|[from] Grassy Terrain\n|-damage|p2a: Zamazenta|79/100 brn|[from] brn\n|upkeep\n|turn|4\n|\n|t:|1746136491\n|switch|p2b: Calyrex|Calyrex-Shadow, L50|100/100\n|-ability|p2b: Calyrex|As One\n|-ability|p2b: Calyrex|Unnerve\n|move|p2a: Zamazenta|Protect|p2a: Zamazenta\n|-singleturn|p2a: Zamazenta|Protect\n|move|p1b: Incineroar|Fake Out|p2a: Zamazenta\n|-activate|p2a: Zamazenta|move: Protect\n|move|p1a: Rillaboom|Wood Hammer|p2b: Calyrex\n|-damage|p2b: Calyrex|7/100\n|-damage|p1a: Rillaboom|46/100|[from] Recoil\n|\n|-heal|p1a: Rillaboom|52/100|[from] Grassy Terrain\n|-heal|p2b: Calyrex|13/100|[from] Grassy Terrain\n|-heal|p2a: Zamazenta|85/100 brn|[from] Grassy Terrain\n|-damage|p2a: Zamazenta|79/100 brn|[from] brn\n|-sideend|p1: laZb0nes2|move: Tailwind\n|upkeep\n|turn|5\n|\n|t:|1746136526\n|switch|p1b: Ho-Oh|Ho-Oh, L50|68/100\n|move|p1a: Rillaboom|Grassy Glide|p2b: Calyrex\n|-damage|p2b: Calyrex|0 fnt\n|faint|p2b: Calyrex\n|move|p2a: Zamazenta|Body Press|p1a: Rillaboom\n|-damage|p1a: Rillaboom|19/100\n|\n|-heal|p2a: Zamazenta|85/100 brn|[from] Grassy Terrain\n|-heal|p1a: Rillaboom|25/100|[from] Grassy Terrain\n|-damage|p2a: Zamazenta|79/100 brn|[from] brn\n|upkeep\n|\n|t:|1746136540\n|switch|p2b: Chien-Pao|Chien-Pao, L50|81/100\n|-ability|p2b: Chien-Pao|Sword of Ruin\n|turn|6\n|inactive|Battle timer is ON: inactive players will automatically lose when time's up. (requested by pon seis nueve)\n|inactive|laZb0nes2 has 60 seconds left.\n|\n|t:|1746136622\n|move|p2b: Chien-Pao|Icicle Crash|p1b: Ho-Oh\n|-damage|p1b: Ho-Oh|16/100\n|-damage|p2b: Chien-Pao|71/100|[from] item: Life Orb\n|move|p2a: Zamazenta|Body Press|p1b: Ho-Oh\n|-resisted|p1b: Ho-Oh\n|-damage|p1b: Ho-Oh|0 fnt\n|faint|p1b: Ho-Oh\n|move|p1a: Rillaboom|Wood Hammer|p2a: Zamazenta\n|-resisted|p2a: Zamazenta\n|-damage|p2a: Zamazenta|60/100 brn\n|-damage|p1a: Rillaboom|20/100|[from] Recoil\n|\n|-heal|p2b: Chien-Pao|77/100|[from] Grassy Terrain\n|-heal|p2a: Zamazenta|66/100 brn|[from] Grassy Terrain\n|-heal|p1a: Rillaboom|26/100|[from] Grassy Terrain\n|-damage|p2a: Zamazenta|60/100 brn|[from] brn\n|upkeep\n|\n|t:|1746136636\n|switch|p1b: Incineroar|Incineroar, L50, M|100/100\n|-ability|p1b: Incineroar|Intimidate|boost\n|-unboost|p2a: Zamazenta|atk|1\n|-unboost|p2b: Chien-Pao|atk|1\n|turn|7\n|inactive|pon seis nueve has 30 seconds left.\n|inactive|pon seis nueve has 20 seconds left.\n|\n|t:|1746136672\n|switch|p1a: Urshifu|Urshifu-Rapid-Strike, L50, M|48/100\n|move|p1b: Incineroar|Fake Out|p2a: Zamazenta\n|-damage|p2a: Zamazenta|53/100 brn\n|move|p2b: Chien-Pao|Throat Chop|p1a: Urshifu\n|-resisted|p1a: Urshifu\n|-damage|p1a: Urshifu|25/100\n|-start|p1a: Urshifu|Throat Chop|[silent]\n|-damage|p2b: Chien-Pao|68/100|[from] item: Life Orb\n|cant|p2a: Zamazenta|flinch\n|\n|-heal|p1a: Urshifu|31/100|[from] Grassy Terrain\n|-heal|p2b: Chien-Pao|73/100|[from] Grassy Terrain\n|-heal|p2a: Zamazenta|59/100 brn|[from] Grassy Terrain\n|-damage|p2a: Zamazenta|53/100 brn|[from] brn\n|-fieldend|move: Grassy Terrain\n|upkeep\n|turn|8\n|inactive|laZb0nes2 has 30 seconds left.\n|inactive|laZb0nes2 has 20 seconds left.\n|inactive|pon seis nueve has 30 seconds left.\n|inactive|laZb0nes2 has 15 seconds left.\n|inactive|pon seis nueve has 20 seconds left.\n|\n|t:|1746136718\n|-terastallize|p1b: Incineroar|Water\n|move|p2b: Chien-Pao|Sucker Punch|p1a: Urshifu\n|-resisted|p1a: Urshifu\n|-damage|p1a: Urshifu|11/100\n|-damage|p2b: Chien-Pao|64/100|[from] item: Life Orb\n|move|p1a: Urshifu|Close Combat|p2a: Zamazenta\n|-damage|p2a: Zamazenta|12/100 brn\n|-unboost|p1a: Urshifu|def|1\n|-unboost|p1a: Urshifu|spd|1\n|move|p2a: Zamazenta|Body Press|p1b: Incineroar\n|-damage|p1b: Incineroar|62/100\n|move|p1b: Incineroar|Parting Shot|p2b: Chien-Pao\n|-unboost|p2b: Chien-Pao|atk|1\n|-unboost|p2b: Chien-Pao|spa|1\n|\n|t:|1746136734\n|switch|p1b: Rillaboom|Rillaboom, L50, M|26/100|[from] Parting Shot\n|-fieldstart|move: Grassy Terrain|[from] ability: Grassy Surge|[of] p1b: Rillaboom\n|\n|-heal|p1a: Urshifu|18/100|[from] Grassy Terrain\n|-heal|p2b: Chien-Pao|70/100|[from] Grassy Terrain\n|-heal|p2a: Zamazenta|18/100 brn|[from] Grassy Terrain\n|-heal|p1b: Rillaboom|32/100|[from] Grassy Terrain\n|-damage|p2a: Zamazenta|12/100 brn|[from] brn\n|-end|p1a: Urshifu|Throat Chop|[silent]\n|upkeep\n|turn|9\n|\n|t:|1746136754\n|move|p1b: Rillaboom|Fake Out|p2b: Chien-Pao\n|-damage|p2b: Chien-Pao|53/100\n|cant|p2b: Chien-Pao|flinch\n|move|p1a: Urshifu|Close Combat|p2a: Zamazenta\n|-damage|p2a: Zamazenta|0 fnt\n|-unboost|p1a: Urshifu|def|1\n|-unboost|p1a: Urshifu|spd|1\n|faint|p2a: Zamazenta\n|\n|-heal|p1a: Urshifu|24/100|[from] Grassy Terrain\n|-heal|p2b: Chien-Pao|59/100|[from] Grassy Terrain\n|-heal|p1b: Rillaboom|37/100|[from] Grassy Terrain\n|upkeep\n|\n|t:|1746136761\n|switch|p2a: Urshifu|Urshifu-Rapid-Strike, L50, M|93/100\n|turn|10\n|inactive|pon seis nueve has 30 seconds left.\n|\n|t:|1746136787\n|switch|p1a: Incineroar|Incineroar, L50, M, tera:Water|62/100\n|-ability|p1a: Incineroar|Intimidate|boost\n|-unboost|p2a: Urshifu|atk|1\n|-unboost|p2b: Chien-Pao|atk|1\n|move|p2b: Chien-Pao|Sucker Punch||[still]\n|-fail|p2b: Chien-Pao\n|move|p1b: Rillaboom|Grassy Glide|p2a: Urshifu\n|-supereffective|p2a: Urshifu\n|-damage|p2a: Urshifu|7/100\n|move|p2a: Urshifu|Surging Strikes|p1b: Rillaboom\n|-resisted|p1b: Rillaboom\n|-crit|p1b: Rillaboom\n|-damage|p1b: Rillaboom|23/100\n|-resisted|p1b: Rillaboom\n|-crit|p1b: Rillaboom\n|-damage|p1b: Rillaboom|9/100\n|-resisted|p1b: Rillaboom\n|-crit|p1b: Rillaboom\n|-damage|p1b: Rillaboom|0 fnt\n|faint|p1b: Rillaboom\n|-hitcount|p1: Rillaboom|3\n|\n|-heal|p2a: Urshifu|13/100|[from] Grassy Terrain\n|-heal|p2b: Chien-Pao|65/100|[from] Grassy Terrain\n|-heal|p1a: Incineroar|68/100|[from] Grassy Terrain\n|upkeep\n|\n|t:|1746136806\n|switch|p1b: Urshifu|Urshifu-Rapid-Strike, L50, M|24/100\n|turn|11\n|inactive|pon seis nueve has 30 seconds left.\n|inactive|pon seis nueve has 20 seconds left.\n|inactive|pon seis nueve has 15 seconds left.\n|inactive|pon seis nueve has 10 seconds left.\n|\n|t:|1746136854\n|move|p1a: Incineroar|Fake Out|p2a: Urshifu\n|-damage|p2a: Urshifu|0 fnt\n|faint|p2a: Urshifu\n|move|p2b: Chien-Pao|Sucker Punch|p1b: Urshifu\n|-resisted|p1b: Urshifu\n|-damage|p1b: Urshifu|12/100\n|-damage|p2b: Chien-Pao|55/100|[from] item: Life Orb\n|move|p1b: Urshifu|Close Combat|p2b: Chien-Pao\n|-supereffective|p2b: Chien-Pao\n|-damage|p2b: Chien-Pao|0 fnt\n|-unboost|p1b: Urshifu|def|1\n|-unboost|p1b: Urshifu|spd|1\n|faint|p2b: Chien-Pao\n|\n|win|laZb0nes2\n||pon seis nueve is ready for game 3.\n|inactive|laZb0nes2 has 30 seconds to confirm battle start!\n|inactive|laZb0nes2 has 20 seconds to confirm battle start!\n||laZb0nes2 is ready for game 3.\n|uhtml|next|Next: <a href=\"/battle-gen9vgc2025regibo3-2354968465\"><strong>Game 3 of 3</strong></a>\n|l|\u203dpon seis nueve\n|player|p2|\n", "uploadtime": 1746137231, "views": 7, "formatid": "gen9vgc2025regibo3", "rating": null, "private": 0, "password": null}