{"id": "gen9vgc2025regibo3-2354423363", "format": "[Gen 9] VGC 2025 Reg I (Bo3)", "players": ["Jakobtc", "FrogJay"], "log": "|j|\u2606Jakobtc\n|j|\u2606FrogJay\n|html|<table width=\"100%\"><tr><td align=\"left\">Jakobtc</td><td align=\"right\">FrogJay</tr><tr><td align=\"left\"><i class=\"fa fa-circle\"></i> <i class=\"fa fa-circle-o\"></i> </td><td align=\"right\"><i class=\"fa fa-circle-o\"></i> <i class=\"fa fa-circle-o\"></i> </tr></table>\n|uhtml|bestof|<h2><strong>Game 2</strong> of <a href=\"/game-bestof3-gen9vgc2025regibo3-2354420900\">a best-of-3</a></h2>\n|t:|1746069652\n|gametype|doubles\n|player|p1|Jakobtc|riley|\n|player|p2|FrogJay|n|\n|teamsize|p1|6\n|teamsize|p2|6\n|gen|9\n|tier|[Gen 9] VGC 2025 Reg I (Bo3)\n|rule|Species Clause: Limit one of each Pok\u00e9mon\n|rule|Item Clause: Limit 1 of each item\n|clearpoke\n|poke|p1|Calyrex-Shadow, L50|\n|poke|p1|Zacian-*, L50|\n|poke|p1|Incineroar, L50, F|\n|poke|p1|Rillaboom, L50, M|\n|poke|p1|Urshifu-*, L50, M|\n|poke|p1|Tornadus, L50, M|\n|poke|p2|Urshifu-*, L50, M|\n|poke|p2|Chien-Pao, L50|\n|poke|p2|Tornadus, L50, M|\n|poke|p2|Calyrex-Shadow, L50|\n|poke|p2|Zamazenta-*, L50|\n|poke|p2|Rillaboom, L50, F|\n|teampreview|4\n|showteam|p1|Calyrex-Shadow||FocusSash|AsOneSpectrier|AstralBarrage,Psychic,Taunt,Protect||||||50|,,,,,Stellar]Zacian-Crowned||RustedSword|IntrepidSword|behemothblade,PlayRough,SacredSword,Protect||||||50|,,,,,Water]Incineroar||SafetyGoggles|Intimidate|FakeOut,KnockOff,HelpingHand,PartingShot|||F|||50|,,,,,Bug]Rillaboom||AssaultVest|GrassySurge|FakeOut,GrassyGlide,WoodHammer,Uturn|||M|||50|,,,,,Fire]Urshifu-Rapid-Strike||ChoiceScarf|UnseenFist|SurgingStrikes,CloseCombat,AquaJet,Uturn|||M|||50|,,,,,Water]Tornadus||CovertCloak|Prankster|BleakwindStorm,Tailwind,RainDance,Protect|||M|||50|,,,,,Dark\n|showteam|p2|Urshifu-Rapid-Strike||ChoiceScarf|UnseenFist|SurgingStrikes,CloseCombat,Uturn,Coaching|||M|||50|,,,,,Ghost]Chien-Pao||FocusSash|SwordofRuin|IceSpinner,SuckerPunch,IceShard,Protect||||||50|,,,,,Stellar]Tornadus||RockyHelmet|Prankster|BleakwindStorm,Tailwind,RainDance,Protect|||M|||50|,,,,,Dark]Calyrex-Shadow||LifeOrb|AsOneSpectrier|AstralBarrage,Psychic,NastyPlot,Protect||||||50|,,,,,Water]Zamazenta-Crowned||RustedShield|DauntlessShield|BodyPress,behemothbash,WideGuard,Protect||||||50|,,,,,Grass]Rillaboom||AssaultVest|GrassySurge|WoodHammer,GrassyGlide,FakeOut,Uturn|||F|||50|,,,,,Grass\n|inactive|Battle timer is ON: inactive players will automatically lose when time's up. (requested by Jakobtc)\n|\n|t:|1746069679\n|start\n|switch|p1a: Zacian|Zacian-Crowned, L50|100/100\n|switch|p1b: Incineroar|Incineroar, L50, F|100/100\n|switch|p2a: Calyrex|Calyrex-Shadow, L50|100/100\n|switch|p2b: Rillaboom|Rillaboom, L50, F|100/100\n|-ability|p2a: Calyrex|As One\n|-ability|p2a: Calyrex|Unnerve\n|-ability|p1a: Zacian|Intrepid Sword|boost\n|-boost|p1a: Zacian|atk|1\n|-fieldstart|move: Grassy Terrain|[from] ability: Grassy Surge|[of] p2b: Rillaboom\n|-ability|p1b: Incineroar|Intimidate|boost\n|-unboost|p2a: Calyrex|atk|1\n|-unboost|p2b: Rillaboom|atk|1\n|turn|1\n|inactive|Jakobtc has 30 seconds left.\n|\n|t:|1746069708\n|switch|p1b: Tornadus|Tornadus, L50, M|100/100\n|-terastallize|p2a: Calyrex|Water\n|move|p2b: Rillaboom|Fake Out|p1b: Tornadus\n|-damage|p1b: Tornadus|88/100\n|move|p2a: Calyrex|Nasty Plot|p2a: Calyrex\n|-boost|p2a: Calyrex|spa|2\n|move|p1a: Zacian|Play Rough|p2a: Calyrex\n|-damage|p2a: Calyrex|17/100\n|-unboost|p2a: Calyrex|atk|1\n|\n|-heal|p2a: Calyrex|22/100|[from] Grassy Terrain\n|upkeep\n|turn|2\n|inactive|Jakobtc has 30 seconds left.\n|inactive|FrogJay has 30 seconds left.\n|\n|t:|1746069734\n|move|p2a: Calyrex|Protect|p2a: Calyrex\n|-singleturn|p2a: Calyrex|Protect\n|move|p1b: Tornadus|Tailwind|p1b: Tornadus\n|-sidestart|p1: Jakobtc|move: Tailwind\n|move|p1a: Zacian|Sacred Sword|p2a: Calyrex\n|-activate|p2a: Calyrex|move: Protect\n|move|p2b: Rillaboom|U-turn|p1b: Tornadus\n|-resisted|p1b: Tornadus\n|-damage|p1b: Tornadus|78/100\n|\n|t:|1746069743\n|switch|p2b: Tornadus|Tornadus, L50, M|100/100|[from] U-turn\n|\n|-heal|p2a: Calyrex|28/100|[from] Grassy Terrain\n|upkeep\n|turn|3\n|\n|t:|1746069752\n|-terastallize|p1b: Tornadus|Dark\n|move|p1a: Zacian|Protect|p1a: Zacian\n|-singleturn|p1a: Zacian|Protect\n|move|p2b: Tornadus|Tailwind|p2b: Tornadus\n|-sidestart|p2: FrogJay|move: Tailwind\n|move|p2a: Calyrex|Astral Barrage|p1b: Tornadus|[spread] p1b\n|-activate|p1a: Zacian|move: Protect\n|-resisted|p1b: Tornadus\n|-damage|p1b: Tornadus|0 fnt\n|faint|p1b: Tornadus\n|-ability|p2a: Calyrex|Grim Neigh|boost\n|-boost|p2a: Calyrex|spa|1\n|-damage|p2a: Calyrex|19/100|[from] item: Life Orb\n|\n|-heal|p2a: Calyrex|25/100|[from] Grassy Terrain\n|upkeep\n|\n|t:|1746069767\n|switch|p1b: Incineroar|Incineroar, L50, F|100/100\n|-ability|p1b: Incineroar|Intimidate|boost\n|-unboost|p2a: Calyrex|atk|1\n|-unboost|p2b: Tornadus|atk|1\n|turn|4\n|inactive|FrogJay has 30 seconds left.\n|inactive|Jakobtc has 30 seconds left.\n|\n|t:|1746069804\n|move|p2a: Calyrex|Protect|p2a: Calyrex\n|-singleturn|p2a: Calyrex|Protect\n|move|p1a: Zacian|Behemoth Blade|p2a: Calyrex\n|-activate|p2a: Calyrex|move: Protect\n|move|p2b: Tornadus|Bleakwind Storm|p1a: Zacian|[spread] p1a\n|-miss|p2b: Tornadus|p1b: Incineroar\n|-resisted|p1a: Zacian\n|-damage|p1a: Zacian|85/100\n|-unboost|p1a: Zacian|spe|1\n|move|p1b: Incineroar|Parting Shot|p2b: Tornadus\n|-unboost|p2b: Tornadus|atk|1\n|-unboost|p2b: Tornadus|spa|1\n|\n|t:|1746069816\n|switch|p1b: Calyrex|Calyrex-Shadow, L50|100/100|[from] Parting Shot\n|-ability|p1b: Calyrex|As One\n|-ability|p1b: Calyrex|Unnerve\n|\n|-heal|p2a: Calyrex|30/100|[from] Grassy Terrain\n|-heal|p1a: Zacian|91/100|[from] Grassy Terrain\n|upkeep\n|turn|5\n|\n|t:|1746069832\n|move|p2b: Tornadus|Rain Dance|p2b: Tornadus\n|-weather|RainDance\n|move|p2a: Calyrex|Astral Barrage|p1a: Zacian|[spread] p1a,p1b\n|-supereffective|p1b: Calyrex\n|-damage|p1a: Zacian|0 fnt\n|-enditem|p1b: Calyrex|Focus Sash\n|-damage|p1b: Calyrex|1/100\n|faint|p1a: Zacian\n|-ability|p2a: Calyrex|Grim Neigh|boost\n|-boost|p2a: Calyrex|spa|1\n|-damage|p2a: Calyrex|21/100|[from] item: Life Orb\n|move|p1b: Calyrex|Astral Barrage|p2b: Tornadus|[spread] p2a,p2b\n|-damage|p2a: Calyrex|0 fnt\n|-damage|p2b: Tornadus|38/100\n|faint|p2a: Calyrex\n|-ability|p1b: Calyrex|Grim Neigh|boost\n|-boost|p1b: Calyrex|spa|1\n|\n|-weather|RainDance|[upkeep]\n|-heal|p1b: Calyrex|7/100|[from] Grassy Terrain\n|-sideend|p1: Jakobtc|move: Tailwind\n|-fieldend|move: Grassy Terrain\n|upkeep\n|\n|t:|1746069855\n|switch|p2a: Urshifu|Urshifu-Rapid-Strike, L50, M|100/100\n|switch|p1a: Incineroar|Incineroar, L50, F|100/100\n|-ability|p1a: Incineroar|Intimidate|boost\n|-unboost|p2a: Urshifu|atk|1\n|-unboost|p2b: Tornadus|atk|1\n|turn|6\n|\n|t:|1746069866\n|move|p1a: Incineroar|Fake Out|p2a: Urshifu\n|-damage|p2a: Urshifu|90/100\n|cant|p2a: Urshifu|flinch\n|move|p2b: Tornadus|Bleakwind Storm|p1b: Calyrex|[spread] p1a,p1b\n|-damage|p1a: Incineroar|78/100\n|-damage|p1b: Calyrex|0 fnt\n|faint|p1b: Calyrex\n|\n|-weather|RainDance|[upkeep]\n|-sideend|p2: FrogJay|move: Tailwind\n|upkeep\n|turn|7\n|\n|t:|1746069877\n|move|p2a: Urshifu|Surging Strikes|p1a: Incineroar\n|-supereffective|p1a: Incineroar\n|-crit|p1a: Incineroar\n|-damage|p1a: Incineroar|30/100\n|-supereffective|p1a: Incineroar\n|-crit|p1a: Incineroar\n|-damage|p1a: Incineroar|0 fnt\n|faint|p1a: Incineroar\n|-hitcount|p1: Incineroar|2\n|\n|win|FrogJay\n||FrogJay is ready for game 3.\n", "uploadtime": 1746069883, "views": 12, "formatid": "gen9vgc2025regibo3", "rating": null, "private": 0, "password": null}