{"id": "gen9vgc2025regibo3-2353327676", "format": "[Gen 9] VGC 2025 Reg I (Bo3)", "players": ["DragonMasterCody", "Maximilian sheldon"], "log": "|j|\u2606DragonMasterCody\n|j|\u2606Maximilian sheldon\n|html|<table width=\"100%\"><tr><td align=\"left\">DragonMasterCody</td><td align=\"right\">Maximilian sheldon</tr><tr><td align=\"left\"><i class=\"fa fa-circle-o\"></i> <i class=\"fa fa-circle-o\"></i> </td><td align=\"right\"><i class=\"fa fa-circle-o\"></i> <i class=\"fa fa-circle-o\"></i> </tr></table>\n|uhtml|bestof|<h2><strong>Game 1</strong> of <a href=\"/game-bestof3-gen9vgc2025regibo3-2353327675\">a best-of-3</a></h2>\n|t:|1745946727\n|gametype|doubles\n|player|p1|DragonMasterCody|lance|1418\n|player|p2|Maximilian sheldon|morty|1435\n|teamsize|p1|6\n|teamsize|p2|6\n|gen|9\n|tier|[Gen 9] VGC 2025 Reg I (Bo3)\n|rated|\n|rule|Species Clause: Limit one of each Pok\u00e9mon\n|rule|Item Clause: Limit 1 of each item\n|clearpoke\n|poke|p1|Koraidon, L50|\n|poke|p1|Chi-Yu, L50|\n|poke|p1|Calyrex-Ice, L50|\n|poke|p1|Flutter Mane, L50|\n|poke|p1|Walking Wake, L50|\n|poke|p1|Raging Bolt, L50|\n|poke|p2|Kyogre, L50|\n|poke|p2|Amoonguss, L50, M|\n|poke|p2|Rillaboom, L50, M|\n|poke|p2|Urshifu-*, L50, F|\n|poke|p2|Calyrex-Ice, L50|\n|poke|p2|Iron Jugulis, L50|\n|teampreview|4\n|showteam|p1|Koraidon||LoadedDice|OrichalcumPulse|CollisionCourse,FlareBlitz,Protect,ScaleShot||||||50|,,,,,Fire]Chi-Yu||ChoiceScarf|BeadsofRuin|DarkPulse,HeatWave,Flamethrower,Snarl||||||50|,,,,,Ghost]Calyrex-Ice||ClearAmulet|AsOneGlastrier|HighHorsepower,GlacialLance,Protect,TrickRoom||||||50|,,,,,Water]Flutter Mane||FocusSash|Protosynthesis|ShadowBall,Moonblast,Protect,IcyWind||||||50|,,,,,Fairy]Walking Wake||ChoiceSpecs|Protosynthesis|WeatherBall,HydroSteam,Snarl,DracoMeteor||||||50|,,,,,Water]Raging Bolt||AssaultVest|Protosynthesis|Thunderclap,Thunderbolt,Electroweb,DragonPulse||||||50|,,,,,Electric\n|showteam|p2|Kyogre||MysticWater|Drizzle|WaterSpout,OriginPulse,IceBeam,Protect||||||50|,,,,,Grass]Amoonguss||RockyHelmet|Regenerator|RagePowder,Spore,SludgeBomb,Protect|||M|||50|,,,,,Fairy]Rillaboom||AssaultVest|GrassySurge|WoodHammer,GrassyGlide,Uturn,FakeOut|||M|||50|,,,,,Normal]Urshifu-Rapid-Strike||ChoiceScarf|UnseenFist|SurgingStrikes,CloseCombat,AquaJet,Uturn|||F|||50|,,,,,Ghost]Calyrex-Ice||ClearAmulet|AsOneGlastrier|GlacialLance,HighHorsepower,TrickRoom,Protect||||||50|,,,,,Fire]Iron Jugulis||BoosterEnergy|QuarkDrive|Hurricane,Snarl,Tailwind,Protect||||||50|,,,,,Water\n|\n|t:|1745946791\n|start\n|switch|p1a: Calyrex|Calyrex-Ice, L50|100/100\n|switch|p1b: Raging Bolt|Raging Bolt, L50|100/100\n|switch|p2a: Calyrex|Calyrex-Ice, L50|100/100\n|switch|p2b: Urshifu|Urshifu-Rapid-Strike, L50, F|100/100\n|-ability|p1a: Calyrex|As One\n|-ability|p1a: Calyrex|Unnerve\n|-ability|p2a: Calyrex|As One\n|-ability|p2a: Calyrex|Unnerve\n|turn|1\n|\n|t:|1745946822\n|-terastallize|p2b: Urshifu|Ghost\n|-terastallize|p1b: Raging Bolt|Electric\n|move|p2b: Urshifu|U-turn|p1b: Raging Bolt\n|-damage|p1b: Raging Bolt|79/100\n|\n|t:|1745946826\n|switch|p2b: Kyogre|Kyogre, L50|100/100|[from] U-turn\n|-weather|RainDance|[from] ability: Drizzle|[of] p2b: Kyogre\n|move|p1b: Raging Bolt|Thunderbolt|p2a: Calyrex\n|-damage|p2a: Calyrex|55/100\n|move|p1a: Calyrex|Glacial Lance|p2a: Calyrex|[spread] p2a,p2b\n|-resisted|p2a: Calyrex\n|-resisted|p2b: Kyogre\n|-damage|p2a: Calyrex|39/100\n|-damage|p2b: Kyogre|79/100\n|move|p2a: Calyrex|Glacial Lance|p1b: Raging Bolt|[spread] p1a,p1b\n|-resisted|p1a: Calyrex\n|-damage|p1a: Calyrex|83/100\n|-damage|p1b: Raging Bolt|32/100\n|\n|-weather|RainDance|[upkeep]\n|upkeep\n|turn|2\n|\n|t:|1745946867\n|switch|p1a: Koraidon|Koraidon, L50|100/100\n|-weather|SunnyDay|[from] ability: Orichalcum Pulse|[of] p1a: Koraidon\n|-activate|p1b: Raging Bolt|ability: Protosynthesis\n|-start|p1b: Raging Bolt|protosynthesisspa\n|-activate|p1a: Koraidon|Orichalcum Pulse|[source]\n|move|p2a: Calyrex|Protect|p2a: Calyrex\n|-singleturn|p2a: Calyrex|Protect\n|move|p1b: Raging Bolt|Thunderclap||[still]\n|-fail|p1b: Raging Bolt\n|move|p2b: Kyogre|Origin Pulse|p1a: Koraidon|[spread] p1a\n|-miss|p2b: Kyogre|p1b: Raging Bolt\n|-resisted|p1a: Koraidon\n|-damage|p1a: Koraidon|88/100\n|\n|-weather|SunnyDay|[upkeep]\n|upkeep\n|turn|3\n|\n|t:|1745946893\n|switch|p2b: Amoonguss|Amoonguss, L50, M|100/100\n|switch|p2a: Urshifu|Urshifu-Rapid-Strike, L50, F, tera:Ghost|100/100\n|move|p1a: Koraidon|Scale Shot|p2b: Amoonguss\n|-damage|p2b: Amoonguss|85/100\n|-damage|p2b: Amoonguss|71/100\n|-damage|p2b: Amoonguss|56/100\n|-damage|p2b: Amoonguss|40/100\n|-hitcount|p2b: Amoonguss|4\n|-unboost|p1a: Koraidon|def|1\n|-boost|p1a: Koraidon|spe|1\n|move|p1b: Raging Bolt|Thunderbolt|p2a: Urshifu\n|-damage|p2a: Urshifu|0 fnt\n|faint|p2a: Urshifu\n|\n|-weather|SunnyDay|[upkeep]\n|upkeep\n|\n|t:|1745946896\n|switch|p2a: Kyogre|Kyogre, L50|79/100\n|-weather|RainDance|[from] ability: Drizzle|[of] p2a: Kyogre\n|-end|p1b: Raging Bolt|Protosynthesis\n|turn|4\n|\n|t:|1745946933\n|-end|p1b: Raging Bolt|Protosynthesis|[silent]\n|switch|p1b: Walking Wake|Walking Wake, L50|100/100\n|move|p2b: Amoonguss|Rage Powder|p2b: Amoonguss\n|-singleturn|p2b: Amoonguss|move: Rage Powder\n|move|p1a: Koraidon|Scale Shot|p2b: Amoonguss\n|-damage|p2b: Amoonguss|29/100\n|-damage|p2b: Amoonguss|18/100\n|-damage|p2b: Amoonguss|7/100\n|-damage|p2b: Amoonguss|0 fnt\n|faint|p2b: Amoonguss\n|-hitcount|p2: Amoonguss|4\n|-unboost|p1a: Koraidon|def|1\n|-boost|p1a: Koraidon|spe|1\n|move|p2a: Kyogre|Water Spout|p1a: Koraidon|[spread] p1a,p1b\n|-resisted|p1a: Koraidon\n|-resisted|p1b: Walking Wake\n|-damage|p1a: Koraidon|44/100\n|-damage|p1b: Walking Wake|72/100\n|\n|-weather|RainDance|[upkeep]\n|upkeep\n|\n|t:|1745946939\n|switch|p2b: Calyrex|Calyrex-Ice, L50|39/100\n|-ability|p2b: Calyrex|As One\n|-ability|p2b: Calyrex|Unnerve\n|turn|5\n|-message|Maximilian sheldon forfeited.\n|\n|win|DragonMasterCody\n||Maximilian sheldon is ready for game 2.\n||DragonMasterCody is ready for game 2.\n|uhtml|next|Next: <a href=\"/battle-gen9vgc2025regibo3-2353330393\"><strong>Game 2 of 3</strong></a>\n|l|\u2606Maximilian sheldon\n|player|p2|\n", "uploadtime": 1745947412, "views": 19, "formatid": "gen9vgc2025regibo3", "rating": null, "private": 0, "password": null}