{"id": "gen9vgc2025regibo3-2355125740", "format": "[Gen 9] VGC 2025 Reg I (Bo3)", "players": ["Burkion", "Obsi Isbo"], "log": "|j|\u2606Burkion\n|j|\u2606Obsi Isbo\n|html|<table width=\"100%\"><tr><td align=\"left\">Burkion</td><td align=\"right\">Obsi Isbo</tr><tr><td align=\"left\"><i class=\"fa fa-circle\"></i> <i class=\"fa fa-circle-o\"></i> </td><td align=\"right\"><i class=\"fa fa-circle-o\"></i> <i class=\"fa fa-circle\"></i> </tr></table>\n|uhtml|bestof|<h2><strong>Game 3</strong> of <a href=\"/game-bestof3-gen9vgc2025regibo3-2355121072\">a best-of-3</a></h2>\n|t:|1746155736\n|gametype|doubles\n|player|p1|Burkion|crasherwake|\n|player|p2|Obsi Isbo|2|\n|teamsize|p1|6\n|teamsize|p2|6\n|gen|9\n|tier|[Gen 9] VGC 2025 Reg I (Bo3)\n|rule|Species Clause: Limit one of each Pok\u00e9mon\n|rule|Item Clause: Limit 1 of each item\n|clearpoke\n|poke|p1|Tyranitar, L50, F|\n|poke|p1|Blissey, L50, F|\n|poke|p1|Electabuzz, L50, F|\n|poke|p1|Archaludon, L50, M|\n|poke|p1|Corviknight, L50, M|\n|poke|p1|Iron Moth, L50|\n|poke|p2|Landorus, L50, M|\n|poke|p2|Roaring Moon, L50|\n|poke|p2|Indeedee-F, L50, F|\n|poke|p2|Chesnaught, L50, M|\n|poke|p2|Torkoal, L50, F|\n|poke|p2|Iron Treads, L50|\n|teampreview|4\n|showteam|p1|Tyranitar||AssaultVest|SandStream|Crunch,LowKick,TeraBlast,RockSlide|||F|||50|,,,,,Flying]Blissey||Leftovers|Healer|LifeDew,SoftBoiled,HealPulse,TeraBlast|||F|||50|,,,,,Fairy]Electabuzz||Eviolite|Static|Electroweb,FollowMe,Taunt,Feint|||F|||50|,,,,,Ghost]Archaludon||PowerHerb|Stalwart|AuraSphere,DracoMeteor,FlashCannon,ElectroShot|||M|||50|,,,,,Steel]Corviknight||RockyHelmet|MirrorArmor|BraveBird,IronHead,Taunt,Tailwind|||M|||50|,,,,,Flying]Iron Moth||BoosterEnergy|QuarkDrive|AirSlash,BugBuzz,FireBlast,Toxic||||||50|,,,,,Fire\n|showteam|p2|Landorus||LifeOrb|SheerForce|RockSlide,SludgeBomb,EarthPower,Protect|||M|||50|,,,,,Poison]Roaring Moon||BoosterEnergy|Protosynthesis|Uturn,BreakingSwipe,KnockOff,IronHead||||||50|,,,,,Flying]Indeedee-F||FocusSash|PsychicSurge|FollowMe,TrickRoom,HelpingHand,DazzlingGleam|||F|||50|,,,,,Fairy]Chesnaught||CovertCloak|Bulletproof|WideGuard,DrainPunch,WoodHammer,SpikyShield|||M|||50|,,,,,Fire]Torkoal||Charcoal|Drought|Eruption,HeatWave,Protect,EarthPower|||F|||50|,,,,,Fire]Iron Treads||ChoiceBand|QuarkDrive|Earthquake,IceSpinner,TeraBlast,Bulldoze||||||50|,,,,,Ground\n|\n|t:|1746155799\n|start\n|switch|p1a: Electabuzz|Electabuzz, L50, F|100/100\n|switch|p1b: Archaludon|Archaludon, L50, M|100/100\n|switch|p2a: Indeedee|Indeedee-F, L50, F|100/100\n|switch|p2b: Iron Treads|Iron Treads, L50|100/100\n|-fieldstart|move: Psychic Terrain|[from] ability: Psychic Surge|[of] p2a: Indeedee\n|turn|1\n|\n|t:|1746155858\n|move|p2a: Indeedee|Follow Me|p2a: Indeedee\n|-singleturn|p2a: Indeedee|move: Follow Me\n|move|p2b: Iron Treads|Bulldoze|p1b: Archaludon|[spread] p2a,p1a,p1b\n|-supereffective|p1a: Electabuzz\n|-supereffective|p1b: Archaludon\n|-damage|p2a: Indeedee|54/100\n|-damage|p1a: Electabuzz|50/100\n|-damage|p1b: Archaludon|48/100\n|-unboost|p2a: Indeedee|spe|1\n|-unboost|p1a: Electabuzz|spe|1\n|-unboost|p1b: Archaludon|spe|1\n|move|p1a: Electabuzz|Taunt|p2a: Indeedee\n|-start|p2a: Indeedee|move: Taunt\n|move|p1b: Archaludon|Aura Sphere|p2b: Iron Treads\n|-supereffective|p2b: Iron Treads\n|-crit|p2b: Iron Treads\n|-damage|p2b: Iron Treads|0 fnt\n|faint|p2b: Iron Treads\n|-end|p2b: Iron Treads|Quark Drive|[silent]\n|\n|upkeep\n|\n|t:|1746155876\n|switch|p2b: Roaring Moon|Roaring Moon, L50|100/100\n|-enditem|p2b: Roaring Moon|Booster Energy\n|-activate|p2b: Roaring Moon|ability: Protosynthesis|[fromitem]\n|-start|p2b: Roaring Moon|protosynthesisatk\n|turn|2\n|\n|t:|1746155903\n|move|p1a: Electabuzz|Follow Me|p1a: Electabuzz\n|-singleturn|p1a: Electabuzz|move: Follow Me\n|move|p2b: Roaring Moon|Iron Head|p1a: Electabuzz\n|-resisted|p1a: Electabuzz\n|-damage|p1a: Electabuzz|37/100\n|move|p1b: Archaludon|Draco Meteor|p2b: Roaring Moon\n|-supereffective|p2b: Roaring Moon\n|-damage|p2b: Roaring Moon|0 fnt\n|-unboost|p1b: Archaludon|spa|2\n|faint|p2b: Roaring Moon\n|-end|p2b: Roaring Moon|Protosynthesis|[silent]\n|move|p2a: Indeedee|Dazzling Gleam|p1a: Electabuzz|[spread] p1a,p1b\n|-damage|p1a: Electabuzz|27/100\n|-damage|p1b: Archaludon|32/100\n|\n|upkeep\n|\n|t:|1746155922\n|switch|p2b: Landorus|Landorus, L50, M|100/100\n|turn|3\n|\n|t:|1746155946\n|move|p2b: Landorus|Rock Slide|p1b: Archaludon|[spread] p1a,p1b\n|-resisted|p1b: Archaludon\n|-crit|p1b: Archaludon\n|-damage|p1a: Electabuzz|7/100\n|-damage|p1b: Archaludon|17/100\n|move|p1a: Electabuzz|Electroweb|p2b: Landorus|[spread] p2a\n|-immune|p2b: Landorus\n|-damage|p2a: Indeedee|46/100\n|-unboost|p2a: Indeedee|spe|1\n|move|p1b: Archaludon|Electro Shot||[still]\n|-prepare|p1b: Archaludon|Electro Shot\n|-boost|p1b: Archaludon|spa|1\n|-enditem|p1b: Archaludon|Power Herb\n|-anim|p1b: Archaludon|Electro Shot|p2a: Indeedee\n|-damage|p2a: Indeedee|24/100\n|move|p2a: Indeedee|Dazzling Gleam|p1a: Electabuzz|[spread] p1a,p1b\n|-damage|p1a: Electabuzz|0 fnt\n|-damage|p1b: Archaludon|3/100\n|faint|p1a: Electabuzz\n|\n|upkeep\n|\n|t:|1746155964\n|switch|p1a: Iron Moth|Iron Moth, L50, shiny|100/100\n|-enditem|p1a: Iron Moth|Booster Energy\n|-activate|p1a: Iron Moth|ability: Quark Drive|[fromitem]\n|-start|p1a: Iron Moth|quarkdrivespa\n|turn|4\n|\n|t:|1746155989\n|-terastallize|p1a: Iron Moth|Fire\n|move|p1a: Iron Moth|Fire Blast|p2b: Landorus\n|-damage|p2b: Landorus|0 fnt\n|faint|p2b: Landorus\n|move|p1b: Archaludon|Flash Cannon|p2a: Indeedee\n|-damage|p2a: Indeedee|1/100\n|move|p2a: Indeedee|Dazzling Gleam|p1a: Iron Moth|[spread] p1a,p1b\n|-resisted|p1a: Iron Moth\n|-damage|p1a: Iron Moth|94/100\n|-damage|p1b: Archaludon|0 fnt\n|faint|p1b: Archaludon\n|\n|-end|p2a: Indeedee|move: Taunt\n|upkeep\n|\n|t:|1746156002\n|switch|p1b: GoGoGoji|Tyranitar, L50, F|100/100\n|-weather|Sandstorm|[from] ability: Sand Stream|[of] p1b: GoGoGoji\n|turn|5\n|\n|t:|1746156030\n|move|p1a: Iron Moth|Bug Buzz|p2a: Indeedee\n|-supereffective|p2a: Indeedee\n|-damage|p2a: Indeedee|0 fnt\n|faint|p2a: Indeedee\n|\n|win|Burkion\n|l|\u2606Obsi Isbo\n|player|p2|\n|l|\u2606Burkion\n|player|p1|\n", "uploadtime": 1746156348, "views": 3, "formatid": "gen9vgc2025regibo3", "rating": null, "private": 0, "password": null}