{"id": "gen9vgc2025regibo3-2354988308", "format": "[Gen 9] VGC 2025 Reg I (Bo3)", "players": ["Hydreigon_playsz", "blaisenova1"], "log": "|j|\u2606Hydreigon_playsz\n|j|\u2606blaisenova1\n|html|<table width=\"100%\"><tr><td align=\"left\">Hydreigon_playsz</td><td align=\"right\">blaisenova1</tr><tr><td align=\"left\"><i class=\"fa fa-circle-o\"></i> <i class=\"fa fa-circle-o\"></i> </td><td align=\"right\"><i class=\"fa fa-circle-o\"></i> <i class=\"fa fa-circle-o\"></i> </tr></table>\n|uhtml|bestof|<h2><strong>Game 1</strong> of <a href=\"/game-bestof3-gen9vgc2025regibo3-2354988307\">a best-of-3</a></h2>\n|t:|1746139095\n|gametype|doubles\n|player|p1|Hydreigon_playsz|alder|1042\n|player|p2|blaisenova1|265|1087\n|teamsize|p1|6\n|teamsize|p2|6\n|gen|9\n|tier|[Gen 9] VGC 2025 Reg I (Bo3)\n|rated|\n|rule|Species Clause: Limit one of each Pok\u00e9mon\n|rule|Item Clause: Limit 1 of each item\n|clearpoke\n|poke|p1|Calyrex-Shadow, L50|\n|poke|p1|Miraidon, L50|\n|poke|p1|Urshifu-*, L50, F|\n|poke|p1|Chien-Pao, L50|\n|poke|p1|Torracat, L50, M|\n|poke|p1|Rillaboom, L50, M|\n|poke|p2|Koraidon, L50|\n|poke|p2|Scovillain, L50, M|\n|poke|p2|Groudon, L50|\n|poke|p2|Flutter Mane, L50|\n|poke|p2|Gothitelle, L50, F|\n|poke|p2|Scream Tail, L50|\n|teampreview|4\n|showteam|p1|Calyrex-Shadow||SpellTag|AsOneSpectrier|AstralBarrage,Protect,Psychic,PollenPuff||||||50|,,,,,Normal]Miraidon||LifeOrb|HadronEngine|ElectroDrift,DragonPulse,VoltSwitch,Protect||||||50|,,,,,Electric]Urshifu-Rapid-Strike||MysticWater|UnseenFist|SurgingStrikes,AquaJet,Detect,DrainPunch|||F|||50|,,,,,Water]Chien-Pao||FocusSash|SwordofRuin|IceSpinner,ThroatChop,SuckerPunch,Protect||||||50|,,,,,Ghost]Torracat||Eviolite|Intimidate|FlareBlitz,Taunt,PartingShot,FakeOut|||M|||50|,,,,,Fire]Rillaboom||AssaultVest|GrassySurge|KnockOff,GrassyGlide,Uturn,FakeOut|||M|||50|,,,,,Fire\n|showteam|p2|Koraidon||ClearAmulet|OrichalcumPulse|CollisionCourse,FlareBlitz,FlameCharge,Protect||||||50|,,,,,Fire]Scovillain||CovertCloak|Chlorophyll|Overheat,SpicyExtract,WillOWisp,ScaryFace|||M|||50|,,,,,Fire]Groudon||AssaultVest|Drought|PrecipiceBlades,HighHorsepower,RockSlide,HeatCrash||||||50|,,,,,Water]Flutter Mane||FocusSash|Protosynthesis|Moonblast,ShadowBall,IcyWind,Protect||||||50|,,,,,Fairy]Gothitelle||SitrusBerry|ShadowTag|FakeOut,Taunt,FoulPlay,Protect|||F|||50|,,,,,Fairy]Scream Tail||BoosterEnergy|Protosynthesis|PerishSong,Encore,Disable,Protect||||||50|,,,,,Dark\n|inactive|Battle timer is ON: inactive players will automatically lose when time's up. (requested by Hydreigon_playsz)\n|inactive|Hydreigon_playsz has 60 seconds left.\n|inactive|blaisenova1 has 60 seconds left.\n|\n|t:|1746139155\n|start\n|switch|p1a: I\u2026AmSteve|Rillaboom, L50, M, shiny|100/100\n|switch|p1b: TigreDeFuego|Torracat, L50, M|100/100\n|switch|p2a: Groudon|Groudon, L50|100/100\n|switch|p2b: Scovillain|Scovillain, L50, M|100/100\n|-ability|p1b: TigreDeFuego|Intimidate|boost\n|-unboost|p2a: Groudon|atk|1\n|-unboost|p2b: Scovillain|atk|1\n|-weather|SunnyDay|[from] ability: Drought|[of] p2a: Groudon\n|-fieldstart|move: Grassy Terrain|[from] ability: Grassy Surge|[of] p1a: I\u2026AmSteve\n|turn|1\n|\n|t:|1746139177\n|switch|p2a: Koraidon|Koraidon, L50|100/100\n|-activate|p2a: Koraidon|ability: Orichalcum Pulse\n|move|p1b: TigreDeFuego|Fake Out|p2a: Koraidon\n|-damage|p2a: Koraidon|94/100\n|move|p2b: Scovillain|Overheat|p1a: I\u2026AmSteve\n|-supereffective|p1a: I\u2026AmSteve\n|-damage|p1a: I\u2026AmSteve|0 fnt\n|-unboost|p2b: Scovillain|spa|2\n|faint|p1a: I\u2026AmSteve\n|\n|-weather|SunnyDay|[upkeep]\n|-heal|p2a: Koraidon|99/100|[from] Grassy Terrain\n|upkeep\n|\n|t:|1746139188\n|switch|p1a: YeguaMuerta|Calyrex-Shadow, L50|100/100\n|-ability|p1a: YeguaMuerta|As One\n|-ability|p1a: YeguaMuerta|Unnerve\n|turn|2\n|\n|t:|1746139206\n|-terastallize|p2a: Koraidon|Fire\n|move|p2b: Scovillain|Scary Face|p1a: YeguaMuerta\n|-unboost|p1a: YeguaMuerta|spe|2\n|move|p2a: Koraidon|Flare Blitz|p1a: YeguaMuerta\n|-damage|p1a: YeguaMuerta|0 fnt\n|faint|p1a: YeguaMuerta\n|-damage|p2a: Koraidon|71/100|[from] Recoil\n|move|p1b: TigreDeFuego|Parting Shot|p2b: Scovillain\n|-unboost|p2b: Scovillain|atk|1\n|-unboost|p2b: Scovillain|spa|1\n|\n|t:|1746139213\n|switch|p1b: ChillyDawg|Chien-Pao, L50|100/100|[from] Parting Shot\n|-ability|p1b: ChillyDawg|Sword of Ruin\n|\n|-weather|SunnyDay|[upkeep]\n|-heal|p2a: Koraidon|77/100|[from] Grassy Terrain\n|upkeep\n|\n|t:|1746139215\n|switch|p1a: TigreDeFuego|Torracat, L50, M|100/100\n|-ability|p1a: TigreDeFuego|Intimidate|boost\n|-fail|p2a: Koraidon|unboost|[from] item: Clear Amulet|[of] p2a: Koraidon\n|-unboost|p2b: Scovillain|atk|1\n|turn|3\n|\n|t:|1746139232\n|move|p1a: TigreDeFuego|Fake Out|p2a: Koraidon\n|-damage|p2a: Koraidon|68/100\n|move|p2b: Scovillain|Overheat|p1b: ChillyDawg\n|-supereffective|p1b: ChillyDawg\n|-enditem|p1b: ChillyDawg|Focus Sash\n|-damage|p1b: ChillyDawg|1/100\n|-unboost|p2b: Scovillain|spa|2\n|move|p1b: ChillyDawg|Throat Chop|p2b: Scovillain\n|-damage|p2b: Scovillain|24/100\n|cant|p2a: Koraidon|flinch\n|\n|-weather|SunnyDay|[upkeep]\n|-heal|p2b: Scovillain|30/100|[from] Grassy Terrain\n|-heal|p1b: ChillyDawg|7/100|[from] Grassy Terrain\n|-heal|p2a: Koraidon|74/100|[from] Grassy Terrain\n|upkeep\n|turn|4\n|inactive|Hydreigon_playsz has 30 seconds left.\n|inactive|blaisenova1 has 30 seconds left.\n|inactive|Hydreigon_playsz has 20 seconds left.\n|\n|t:|1746139271\n|move|p1b: ChillyDawg|Sucker Punch|p2a: Koraidon\n|-damage|p2a: Koraidon|32/100\n|move|p2b: Scovillain|Spicy Extract|p2a: Koraidon\n|-fail|p2a: Koraidon|unboost|[from] item: Clear Amulet|[of] p2a: Koraidon\n|-boost|p2a: Koraidon|atk|2\n|move|p2a: Koraidon|Flame Charge|p1b: ChillyDawg\n|-supereffective|p1b: ChillyDawg\n|-damage|p1b: ChillyDawg|0 fnt\n|-boost|p2a: Koraidon|spe|1\n|faint|p1b: ChillyDawg\n|move|p1a: TigreDeFuego|Flare Blitz|p2a: Koraidon\n|-resisted|p2a: Koraidon\n|-damage|p2a: Koraidon|12/100\n|-damage|p1a: TigreDeFuego|92/100|[from] Recoil\n|\n|-weather|SunnyDay|[upkeep]\n|-heal|p2a: Koraidon|18/100|[from] Grassy Terrain\n|-heal|p2b: Scovillain|36/100|[from] Grassy Terrain\n|-heal|p1a: TigreDeFuego|98/100|[from] Grassy Terrain\n|upkeep\n|turn|5\n|\n|t:|1746139287\n|move|p2a: Koraidon|Collision Course|p1a: TigreDeFuego\n|-damage|p1a: TigreDeFuego|0 fnt\n|faint|p1a: TigreDeFuego\n|\n|win|blaisenova1\n||Hydreigon_playsz is ready for game 2.\n||blaisenova1 is ready for game 2.\n|uhtml|next|Next: <a href=\"/battle-gen9vgc2025regibo3-2354990040\"><strong>Game 2 of 3</strong></a>\n", "uploadtime": 1746139560, "views": 4, "formatid": "gen9vgc2025regibo3", "rating": null, "private": 0, "password": null}