{"id": "gen9vgc2025regibo3-2353555203", "format": "[Gen 9] VGC 2025 Reg I (Bo3)", "players": ["RandumbRaccoon", "BuiltDif"], "log": "|j|\u2606RandumbRaccoon\n|j|\u2606BuiltDif\n|html|<table width=\"100%\"><tr><td align=\"left\">RandumbRaccoon</td><td align=\"right\">BuiltDif</tr><tr><td align=\"left\"><i class=\"fa fa-circle\"></i> <i class=\"fa fa-circle-o\"></i> </td><td align=\"right\"><i class=\"fa fa-circle-o\"></i> <i class=\"fa fa-circle-o\"></i> </tr></table>\n|uhtml|bestof|<h2><strong>Game 2</strong> of <a href=\"/game-bestof3-gen9vgc2025regibo3-2353552097\">a best-of-3</a></h2>\n|t:|1745967814\n|gametype|doubles\n|player|p1|RandumbRaccoon|2|1049\n|player|p2|BuiltDif|266|1086\n|teamsize|p1|6\n|teamsize|p2|6\n|gen|9\n|tier|[Gen 9] VGC 2025 Reg I (Bo3)\n|rated|\n|rule|Species Clause: Limit one of each Pok\u00e9mon\n|rule|Item Clause: Limit 1 of each item\n|clearpoke\n|poke|p1|Lunala, L50|\n|poke|p1|Calyrex-Ice, L50|\n|poke|p1|Smeargle, L50, F|\n|poke|p1|Incineroar, L50, M|\n|poke|p1|Rillaboom, L50, M|\n|poke|p1|Ninetales-Alola, L50, M|\n|poke|p2|Miraidon, L50|\n|poke|p2|Kyogre, L50|\n|poke|p2|Iron Hands, L50|\n|poke|p2|Farigiraf, L50, M|\n|poke|p2|Kleavor, L50, M|\n|poke|p2|Tornadus, L50, M|\n|teampreview|4\n|showteam|p1|Lunala||MentalHerb|ShadowShield|WideGuard,TrickRoom,MoongeistBeam,Moonblast||||||50|,,,,,Fairy]Calyrex-Ice||ClearAmulet|AsOneGlastrier|GlacialLance,HighHorsepower,TrickRoom,Protect||||||50|,,,,,Fire]Smeargle||FocusSash|Moody|FollowMe,Spore,FakeOut,Taunt|||F|||50|,,,,,Ghost]Incineroar||SafetyGoggles|Intimidate|FlareBlitz,FakeOut,PartingShot,KnockOff|||M|||50|,,,,,Ghost]Rillaboom||AssaultVest|GrassySurge|GrassyGlide,FakeOut,WoodHammer,Uturn|||M|||50|,,,,,Fire]Ninetales-Alola||CovertCloak|SnowWarning|AuroraVeil,Moonblast,Blizzard,Protect|||M|||50|,,,,,Ice\n|showteam|p2|Miraidon||ChoiceSpecs|HadronEngine|ElectroDrift,DracoMeteor,VoltSwitch,DazzlingGleam||||||50|,,,,,Fairy]Kyogre||WideLens|Drizzle|OriginPulse,TeraBlast,IceBeam,Protect||||||50|,,,,,Ground]Iron Hands||AssaultVest|QuarkDrive|DrainPunch,FakeOut,LowKick,TeraBlast||||||50|,,,,,Dark]Farigiraf||ElectricSeed|ArmorTail|TrickRoom,LightScreen,HelpingHand,Reflect|||M|||50|,,,,,Normal]Kleavor||FocusSash|Sharpness|BrickBreak,Lunge,StoneAxe,Tailwind|||M|||50|,,,,,Bug]Tornadus||CovertCloak|Prankster|BleakwindStorm,Taunt,DarkPulse,Tailwind|||M|||50|,,,,,Dark\n|inactive|Battle timer is ON: inactive players will automatically lose when time's up. (requested by RandumbRaccoon)\n|\n|t:|1745967829\n|start\n|switch|p1a: Smeargle|Smeargle, L50, F|100/100\n|switch|p1b: Mokey|Rillaboom, L50, M|100/100\n|switch|p2a: Miraidon|Miraidon, L50|100/100\n|switch|p2b: Kyogre|Kyogre, L50|100/100\n|-fieldstart|move: Electric Terrain|[from] ability: Hadron Engine|[of] p2a: Miraidon\n|-weather|RainDance|[from] ability: Drizzle|[of] p2b: Kyogre\n|-fieldstart|move: Grassy Terrain|[from] ability: Grassy Surge|[of] p1b: Mokey\n|turn|1\n|inactive|BuiltDif has 30 seconds left.\n|\n|t:|1745967858\n|switch|p2b: Farigiraf|Farigiraf, L50, M|100/100\n|move|p1b: Mokey|Fake Out||[still]\n|cant|p2b: Farigiraf|ability: Armor Tail|Fake Out|[of] p1b: Mokey\n|move|p2a: Miraidon|Volt Switch|p1b: Mokey\n|-resisted|p1b: Mokey\n|-damage|p1b: Mokey|82/100\n|\n|t:|1745967866\n|switch|p2a: Kleavor|Kleavor, L50, M|100/100|[from] Volt Switch\n|move|p1a: Smeargle|Spore|p2a: Kleavor\n|-status|p2a: Kleavor|slp|[from] move: Spore\n|\n|-weather|RainDance|[upkeep]\n|-heal|p1b: Mokey|88/100|[from] Grassy Terrain\n|-ability|p1a: Smeargle|Moody|boost\n|-boost|p1a: Smeargle|atk|2\n|-unboost|p1a: Smeargle|def|1\n|upkeep\n|turn|2\n|\n|t:|1745967890\n|move|p1a: Smeargle|Taunt|p2b: Farigiraf\n|-start|p2b: Farigiraf|move: Taunt\n|cant|p2a: Kleavor|slp\n|move|p1b: Mokey|U-turn|p2a: Kleavor\n|-damage|p2a: Kleavor|75/100 slp\n|\n|t:|1745967897\n|switch|p1b: Lunala|Lunala, L50|100/100|[from] U-turn\n|cant|p2b: Farigiraf|move: Taunt|Reflect\n|\n|-weather|RainDance|[upkeep]\n|-heal|p2a: Kleavor|81/100 slp|[from] Grassy Terrain\n|-ability|p1a: Smeargle|Moody|boost\n|-boost|p1a: Smeargle|spd|2\n|-unboost|p1a: Smeargle|spa|1\n|upkeep\n|turn|3\n|inactive|BuiltDif has 30 seconds left.\n|\n|t:|1745967926\n|switch|p1a: Calyrex|Calyrex-Ice, L50|100/100\n|-ability|p1a: Calyrex|As One\n|-ability|p1a: Calyrex|Unnerve\n|switch|p2b: Miraidon|Miraidon, L50|100/100\n|-fieldstart|move: Electric Terrain|[from] ability: Hadron Engine|[of] p2b: Miraidon\n|-curestatus|p2a: Kleavor|slp|[msg]\n|move|p2a: Kleavor|Lunge|p1b: Lunala\n|-damage|p1b: Lunala|84/100\n|-unboost|p1b: Lunala|atk|1\n|move|p1b: Lunala|Trick Room|p1b: Lunala\n|-fieldstart|move: Trick Room|[of] p1b: Lunala\n|\n|-weather|RainDance|[upkeep]\n|upkeep\n|turn|4\n|inactive|BuiltDif has 30 seconds left.\n|inactive|BuiltDif has 20 seconds left.\n|inactive|BuiltDif has 15 seconds left.\n|inactive|BuiltDif has 10 seconds left.\n|inactive|BuiltDif has 5 seconds left.\n|\n|t:|1745967981\n|move|p1a: Calyrex|Glacial Lance|p2b: Miraidon|[spread] p2a,p2b\n|-supereffective|p2b: Miraidon\n|-damage|p2a: Kleavor|20/100\n|-damage|p2b: Miraidon|23/100\n|move|p1b: Lunala|Moongeist Beam|p2a: Kleavor\n|-damage|p2a: Kleavor|0 fnt\n|faint|p2a: Kleavor\n|move|p2b: Miraidon|Electro Drift|p1a: Calyrex\n|-damage|p1a: Calyrex|16/100\n|\n|-weather|RainDance|[upkeep]\n|upkeep\n|\n|t:|1745967995\n|switch|p2a: Farigiraf|Farigiraf, L50, M|100/100\n|-enditem|p2a: Farigiraf|Electric Seed\n|-boost|p2a: Farigiraf|def|1|[from] item: Electric Seed\n|turn|5\n|\n|t:|1745968018\n|switch|p2b: Kyogre|Kyogre, L50|100/100\n|-terastallize|p1b: Lunala|Fairy\n|move|p1a: Calyrex|Glacial Lance|p2b: Kyogre|[spread] p2a,p2b\n|-resisted|p2b: Kyogre\n|-damage|p2a: Farigiraf|70/100\n|-damage|p2b: Kyogre|78/100\n|move|p1b: Lunala|Moonblast|p2a: Farigiraf\n|-damage|p2a: Farigiraf|25/100\n|move|p2a: Farigiraf|Trick Room|p2a: Farigiraf\n|-fieldend|move: Trick Room\n|\n|-weather|none\n|upkeep\n|turn|6\n|inactive|RandumbRaccoon has 30 seconds left.\n|inactive|BuiltDif has 30 seconds left.\n|\n|t:|1745968052\n|switch|p1a: Mokey|Rillaboom, L50, M|88/100\n|-fieldstart|move: Grassy Terrain|[from] ability: Grassy Surge|[of] p1a: Mokey\n|move|p2b: Kyogre|Ice Beam|p1a: Mokey\n|-supereffective|p1a: Mokey\n|-damage|p1a: Mokey|42/100\n|move|p2a: Farigiraf|Light Screen|p2a: Farigiraf\n|-sidestart|p2: BuiltDif|move: Light Screen\n|move|p1b: Lunala|Trick Room|p1b: Lunala\n|-fieldstart|move: Trick Room|[of] p1b: Lunala\n|\n|-heal|p2a: Farigiraf|31/100|[from] Grassy Terrain\n|-heal|p1b: Lunala|90/100|[from] Grassy Terrain\n|-heal|p1a: Mokey|48/100|[from] Grassy Terrain\n|-heal|p2b: Kyogre|84/100|[from] Grassy Terrain\n|upkeep\n|turn|7\n|inactive|BuiltDif has 30 seconds left.\n|inactive|BuiltDif has 20 seconds left.\n|\n|t:|1745968087\n|move|p1b: Lunala|Moonblast|p2b: Kyogre\n|-damage|p2b: Kyogre|63/100\n|-unboost|p2b: Kyogre|spa|1\n|move|p1a: Mokey|Wood Hammer|p2a: Farigiraf\n|-damage|p2a: Farigiraf|0 fnt\n|faint|p2a: Farigiraf\n|-damage|p1a: Mokey|36/100|[from] Recoil\n|move|p2b: Kyogre|Origin Pulse|p1a: Mokey|[spread] p1a,p1b\n|-resisted|p1a: Mokey\n|-damage|p1a: Mokey|24/100\n|-damage|p1b: Lunala|69/100\n|\n|-heal|p1b: Lunala|75/100|[from] Grassy Terrain\n|-heal|p1a: Mokey|30/100|[from] Grassy Terrain\n|-heal|p2b: Kyogre|69/100|[from] Grassy Terrain\n|upkeep\n|\n|t:|1745968100\n|switch|p2a: Miraidon|Miraidon, L50|23/100\n|-fieldstart|move: Electric Terrain|[from] ability: Hadron Engine|[of] p2a: Miraidon\n|turn|8\n|\n|t:|1745968124\n|switch|p1a: Smeargle|Smeargle, L50, F|100/100\n|move|p1b: Lunala|Moonblast|p2a: Miraidon\n|-supereffective|p2a: Miraidon\n|-damage|p2a: Miraidon|0 fnt\n|faint|p2a: Miraidon\n|move|p2b: Kyogre|Ice Beam|p1a: Smeargle\n|-damage|p1a: Smeargle|36/100\n|\n|-ability|p1a: Smeargle|Moody|boost\n|-boost|p1a: Smeargle|def|2\n|-unboost|p1a: Smeargle|spd|1\n|upkeep\n|turn|9\n|\n|t:|1745968139\n|switch|p1b: Mokey|Rillaboom, L50, M|30/100\n|-fieldstart|move: Grassy Terrain|[from] ability: Grassy Surge|[of] p1b: Mokey\n|move|p1a: Smeargle|Fake Out|p2b: Kyogre\n|-crit|p2b: Kyogre\n|-damage|p2b: Kyogre|58/100\n|cant|p2b: Kyogre|flinch\n|\n|-heal|p1b: Mokey|36/100|[from] Grassy Terrain\n|-heal|p2b: Kyogre|64/100|[from] Grassy Terrain\n|-heal|p1a: Smeargle|42/100|[from] Grassy Terrain\n|-ability|p1a: Smeargle|Moody|boost\n|-boost|p1a: Smeargle|def|2\n|-unboost|p1a: Smeargle|spe|1\n|upkeep\n|turn|10\n|\n|t:|1745968153\n|move|p2b: Kyogre|Protect|p2b: Kyogre\n|-singleturn|p2b: Kyogre|Protect\n|move|p1b: Mokey|Grassy Glide|p2b: Kyogre\n|-activate|p2b: Kyogre|move: Protect\n|move|p1a: Smeargle|Spore|p2b: Kyogre\n|-activate|p2b: Kyogre|move: Protect\n|\n|-heal|p1a: Smeargle|49/100|[from] Grassy Terrain\n|-heal|p1b: Mokey|42/100|[from] Grassy Terrain\n|-heal|p2b: Kyogre|70/100|[from] Grassy Terrain\n|-sideend|p2: BuiltDif|move: Light Screen\n|-fieldend|move: Trick Room\n|-ability|p1a: Smeargle|Moody|boost\n|-boost|p1a: Smeargle|spa|2\n|-unboost|p1a: Smeargle|spe|1\n|upkeep\n|turn|11\n|\n|t:|1745968170\n|move|p1b: Mokey|Grassy Glide|p2b: Kyogre\n|-supereffective|p2b: Kyogre\n|-damage|p2b: Kyogre|9/100\n|move|p2b: Kyogre|Origin Pulse|p1a: Smeargle|[spread] p1a,p1b\n|-resisted|p1b: Mokey\n|-damage|p1a: Smeargle|0 fnt\n|-damage|p1b: Mokey|31/100\n|faint|p1a: Smeargle\n|\n|-heal|p2b: Kyogre|15/100|[from] Grassy Terrain\n|-heal|p1b: Mokey|38/100|[from] Grassy Terrain\n|upkeep\n|\n|t:|1745968176\n|switch|p1a: Calyrex|Calyrex-Ice, L50|16/100\n|-ability|p1a: Calyrex|As One\n|-ability|p1a: Calyrex|Unnerve\n|turn|12\n|-message|BuiltDif forfeited.\n|\n|win|RandumbRaccoon\n|raw|RandumbRaccoon's rating: 1049 &rarr; <strong>1085</strong><br />(+36 for winning)\n|raw|BuiltDif's rating: 1086 &rarr; <strong>1061</strong><br />(-25 for losing)\n|l|\u2606BuiltDif\n|player|p2|\n|l|\u2606RandumbRaccoon\n|player|p1|\n", "uploadtime": 1745968506, "views": 18, "formatid": "gen9vgc2025regibo3", "rating": 1061, "private": 0, "password": null}