{"id": "gen9vgc2025regibo3-2353339029", "format": "[Gen 9] VGC 2025 Reg I (Bo3)", "players": ["Gonsute", "moth.o"], "log": "|j|\u2606Gonsute\n|j|\u2606moth.o\n|html|<table width=\"100%\"><tr><td align=\"left\">Gonsute</td><td align=\"right\">moth.o</tr><tr><td align=\"left\"><i class=\"fa fa-circle-o\"></i> <i class=\"fa fa-circle-o\"></i> </td><td align=\"right\"><i class=\"fa fa-circle-o\"></i> <i class=\"fa fa-circle-o\"></i> </tr></table>\n|uhtml|bestof|<h2><strong>Game 1</strong> of <a href=\"/game-bestof3-gen9vgc2025regibo3-2353339028\">a best-of-3</a></h2>\n|t:|1745947638\n|gametype|doubles\n|player|p1|Gonsute|102|1166\n|player|p2|moth.o|roxie|1149\n|teamsize|p1|6\n|teamsize|p2|6\n|gen|9\n|tier|[Gen 9] VGC 2025 Reg I (Bo3)\n|rated|\n|rule|Species Clause: Limit one of each Pok\u00e9mon\n|rule|Item Clause: Limit 1 of each item\n|clearpoke\n|poke|p1|Miraidon, L50|\n|poke|p1|Lunala, L50|\n|poke|p1|Whimsicott, L50, M|\n|poke|p1|Chi-Yu, L50|\n|poke|p1|Urshifu-*, L50, M|\n|poke|p1|Iron Hands, L50|\n|poke|p2|Koraidon, L50|\n|poke|p2|Lunala, L50|\n|poke|p2|Rillaboom, L50, M|\n|poke|p2|Farigiraf, L50, M|\n|poke|p2|Raging Bolt, L50|\n|poke|p2|Landorus, L50, M|\n|teampreview|4\n|showteam|p1|Miraidon||ChoiceSpecs|HadronEngine|ElectroDrift,VoltSwitch,DracoMeteor,DazzlingGleam||||||50|,,,,,Fairy]Lunala||ElectricSeed|ShadowShield|MoongeistBeam,Psyshock,TrickRoom,WideGuard||||||50|,,,,,Water]Whimsicott||CovertCloak|Prankster|Moonblast,Tailwind,Encore,LightScreen|||M|||50|,,,,,Dark]Chi-Yu||ChoiceScarf|BeadsofRuin|HeatWave,DarkPulse,Overheat,Snarl||||||50|,,,,,Ghost]Urshifu-Rapid-Strike||FocusSash|UnseenFist|SurgingStrikes,CloseCombat,AquaJet,Detect|||M|||50|,,,,,Water]Iron Hands||AssaultVest|QuarkDrive|DrainPunch,LowKick,HeavySlam,FakeOut||||||50|,,,,,Water\n|showteam|p2|Koraidon||ClearAmulet|OrichalcumPulse|Protect,BreakingSwipe,CollisionCourse,FlameCharge||||||50|,,,,,Fire]Lunala||Leftovers|ShadowShield|Moonblast,CalmMind,MoongeistBeam,WideGuard||||||50|,,,,,Fairy]Rillaboom||AssaultVest|GrassySurge|FakeOut,WoodHammer,GrassyGlide,Uturn|||M|||50|,,,,,Fire]Farigiraf||SafetyGoggles|ArmorTail|Protect,HelpingHand,TrickRoom,Psychic|||M|||50|,,,,,Water]Raging Bolt||SitrusBerry|Protosynthesis|Protect,Thunderbolt,Thunderclap,DracoMeteor||||||50|,,,,,Water]Landorus||LifeOrb|SheerForce|Protect,SandsearStorm,EarthPower,SludgeBomb|||M|||50|,,,,,Ground\n|inactive|Battle timer is ON: inactive players will automatically lose when time's up. (requested by Gonsute)\n|inactive|Gonsute has 60 seconds left.\n|inactive|moth.o has 60 seconds left.\n|\n|t:|1745947688\n|start\n|switch|p1a: Whimsicott|Whimsicott, L50, M|100/100\n|switch|p1b: Miraidon|Miraidon, L50|100/100\n|switch|p2a: Manolo|Rillaboom, L50, M|100/100\n|switch|p2b: Demetrio|Landorus, L50, M|100/100\n|-fieldstart|move: Electric Terrain|[from] ability: Hadron Engine|[of] p1b: Miraidon\n|-fieldstart|move: Grassy Terrain|[from] ability: Grassy Surge|[of] p2a: Manolo\n|turn|1\n|inactive|moth.o has 30 seconds left.\n|\n|t:|1745947713\n|switch|p1b: Iron Hands|Iron Hands, L50|100/100\n|move|p1a: Whimsicott|Light Screen|p1a: Whimsicott\n|-sidestart|p1: Gonsute|move: Light Screen\n|move|p2b: Demetrio|Sludge Bomb|p1a: Whimsicott\n|-supereffective|p1a: Whimsicott\n|-damage|p1a: Whimsicott|0 fnt\n|faint|p1a: Whimsicott\n|move|p2a: Manolo|U-turn|p1b: Iron Hands\n|-resisted|p1b: Iron Hands\n|-damage|p1b: Iron Hands|93/100\n|\n|t:|1745947725\n|switch|p2a: Carmilla|Lunala, L50, shiny|100/100|[from] U-turn\n|\n|-heal|p1b: Iron Hands|99/100|[from] Grassy Terrain\n|upkeep\n|\n|t:|1745947733\n|switch|p1a: Miraidon|Miraidon, L50|100/100\n|-fieldstart|move: Electric Terrain|[from] ability: Hadron Engine|[of] p1a: Miraidon\n|-activate|p1b: Iron Hands|ability: Quark Drive\n|-start|p1b: Iron Hands|quarkdriveatk\n|turn|2\n|\n|t:|1745947743\n|switch|p2b: Manolo|Rillaboom, L50, M|100/100\n|-fieldstart|move: Grassy Terrain|[from] ability: Grassy Surge|[of] p2b: Manolo\n|-end|p1b: Iron Hands|Quark Drive\n|move|p1b: Iron Hands|Fake Out|p2b: Manolo\n|-damage|p2b: Manolo|86/100\n|move|p1a: Miraidon|Volt Switch|p2a: Carmilla\n|-damage|p2a: Carmilla|77/100\n|\n|t:|1745947752\n|switch|p1a: Lunala|Lunala, L50|100/100|[from] Volt Switch\n|move|p2a: Carmilla|Calm Mind|p2a: Carmilla\n|-boost|p2a: Carmilla|spa|1\n|-boost|p2a: Carmilla|spd|1\n|\n|-heal|p2a: Carmilla|83/100|[from] Grassy Terrain\n|-heal|p2a: Carmilla|89/100|[from] item: Leftovers\n|-heal|p2b: Manolo|92/100|[from] Grassy Terrain\n|-heal|p1b: Iron Hands|100/100|[from] Grassy Terrain\n|upkeep\n|turn|3\n|inactive|moth.o has 30 seconds left.\n|inactive|moth.o has 20 seconds left.\n|inactive|moth.o has 15 seconds left.\n|\n|t:|1745947795\n|-terastallize|p2a: Carmilla|Fairy\n|-terastallize|p1a: Lunala|Water\n|move|p2b: Manolo|Grassy Glide|p1a: Lunala\n|-supereffective|p1a: Lunala\n|-damage|p1a: Lunala|73/100\n|move|p2a: Carmilla|Moongeist Beam|p1a: Lunala\n|-damage|p1a: Lunala|33/100\n|move|p1a: Lunala|Moongeist Beam|p2a: Carmilla\n|-damage|p2a: Carmilla|62/100\n|move|p1b: Iron Hands|Heavy Slam|p2a: Carmilla\n|-supereffective|p2a: Carmilla\n|-damage|p2a: Carmilla|16/100\n|\n|-heal|p2a: Carmilla|22/100|[from] Grassy Terrain\n|-heal|p2a: Carmilla|28/100|[from] item: Leftovers\n|-heal|p1a: Lunala|39/100|[from] Grassy Terrain\n|-heal|p2b: Manolo|98/100|[from] Grassy Terrain\n|upkeep\n|turn|4\n|inactive|Gonsute has 30 seconds left.\n|inactive|moth.o has 30 seconds left.\n|inactive|Gonsute has 20 seconds left.\n|\n|t:|1745947833\n|move|p2a: Carmilla|Moonblast|p1b: Iron Hands\n|-supereffective|p1b: Iron Hands\n|-damage|p1b: Iron Hands|39/100\n|-unboost|p1b: Iron Hands|spa|1\n|move|p1a: Lunala|Psyshock|p2b: Manolo\n|-damage|p2b: Manolo|52/100\n|move|p2b: Manolo|Wood Hammer|p1a: Lunala\n|-supereffective|p1a: Lunala\n|-damage|p1a: Lunala|0 fnt\n|faint|p1a: Lunala\n|-damage|p2b: Manolo|37/100|[from] Recoil\n|move|p1b: Iron Hands|Heavy Slam|p2a: Carmilla\n|-supereffective|p2a: Carmilla\n|-damage|p2a: Carmilla|0 fnt\n|faint|p2a: Carmilla\n|\n|-heal|p2b: Manolo|43/100|[from] Grassy Terrain\n|-heal|p1b: Iron Hands|45/100|[from] Grassy Terrain\n|upkeep\n|\n|t:|1745947857\n|switch|p2a: Hispasat|Farigiraf, L50, M, shiny|100/100\n|switch|p1a: Miraidon|Miraidon, L50|100/100\n|-fieldstart|move: Electric Terrain|[from] ability: Hadron Engine|[of] p1a: Miraidon\n|-activate|p1b: Iron Hands|ability: Quark Drive\n|-start|p1b: Iron Hands|quarkdriveatk\n|turn|5\n|inactive|Gonsute has 30 seconds left.\n|inactive|Gonsute has 20 seconds left.\n|\n|t:|1745947894\n|move|p1a: Miraidon|Dazzling Gleam|p2a: Hispasat|[spread] p2a,p2b\n|-damage|p2a: Hispasat|62/100\n|-damage|p2b: Manolo|13/100\n|move|p2b: Manolo|Wood Hammer|p1b: Iron Hands\n|-damage|p1b: Iron Hands|6/100\n|-damage|p2b: Manolo|0 fnt|[from] Recoil\n|faint|p2b: Manolo\n|move|p1b: Iron Hands|Drain Punch|p2a: Hispasat\n|-damage|p2a: Hispasat|13/100\n|-heal|p1b: Iron Hands|29/100|[from] drain|[of] p2a: Hispasat\n|move|p2a: Hispasat|Trick Room|p2a: Hispasat\n|-fieldstart|move: Trick Room|[of] p2a: Hispasat\n|\n|-sideend|p1: Gonsute|move: Light Screen\n|upkeep\n|\n|t:|1745947910\n|switch|p2b: Demetrio|Landorus, L50, M|100/100\n|turn|6\n|\n|t:|1745947930\n|move|p2a: Hispasat|Helping Hand|p2b: Demetrio\n|-singleturn|p2b: Demetrio|Helping Hand|[of] p2a: Hispasat\n|move|p1b: Iron Hands|Heavy Slam|p2b: Demetrio\n|-damage|p2b: Demetrio|25/100\n|move|p2b: Demetrio|Sandsear Storm|p1b: Iron Hands|[spread] p1a,p1b\n|-supereffective|p1a: Miraidon\n|-supereffective|p1b: Iron Hands\n|-damage|p1a: Miraidon|0 fnt\n|-damage|p1b: Iron Hands|0 fnt\n|faint|p1a: Miraidon\n|faint|p1b: Iron Hands\n|-end|p1b: Iron Hands|Quark Drive|[silent]\n|\n|win|moth.o\n|inactive|Gonsute has 30 seconds to confirm battle start!\n|inactive|moth.o has 30 seconds to confirm battle start!\n|l|\u2606Gonsute\n|player|p1|\n||Gonsute is ready for game 2.\n||moth.o is ready for game 2.\n|uhtml|next|Next: <a href=\"/battle-gen9vgc2025regibo3-2353342893\"><strong>Game 2 of 3</strong></a>\n", "uploadtime": 1745948167, "views": 19, "formatid": "gen9vgc2025regibo3", "rating": null, "private": 0, "password": null}