{"id": "gen9vgc2025regibo3-2353450910", "format": "[Gen 9] VGC 2025 Reg I (Bo3)", "players": ["Mentalsyndrome", "arielrai"], "log": "|j|\u2606Mentalsyndrome\n|j|\u2606arielrai\n|html|<table width=\"100%\"><tr><td align=\"left\">Mentalsyndrome</td><td align=\"right\">arielrai</tr><tr><td align=\"left\"><i class=\"fa fa-circle-o\"></i> <i class=\"fa fa-circle-o\"></i> </td><td align=\"right\"><i class=\"fa fa-circle-o\"></i> <i class=\"fa fa-circle-o\"></i> </tr></table>\n|uhtml|bestof|<h2><strong>Game 1</strong> of <a href=\"/game-bestof3-gen9vgc2025regibo3-2353450909\">a best-of-3</a></h2>\n|t:|1745957096\n|gametype|doubles\n|player|p1|Mentalsyndrome|101|1226\n|player|p2|arielrai|265|1233\n|teamsize|p1|6\n|teamsize|p2|6\n|gen|9\n|tier|[Gen 9] VGC 2025 Reg I (Bo3)\n|rated|\n|rule|Species Clause: Limit one of each Pok\u00e9mon\n|rule|Item Clause: Limit 1 of each item\n|clearpoke\n|poke|p1|Bastiodon, L50, M|\n|poke|p1|Flutter Mane, L50|\n|poke|p1|Grimmsnarl, L50, M|\n|poke|p1|Koraidon, L50|\n|poke|p1|Groudon, L50|\n|poke|p1|Brute Bonnet, L50|\n|poke|p2|Miraidon, L50|\n|poke|p2|Tornadus, L50, M|\n|poke|p2|Kyogre, L50|\n|poke|p2|Ludicolo, L50, M|\n|poke|p2|Urshifu-*, L50, M|\n|poke|p2|Clefairy, L50, F|\n|teampreview|4\n|showteam|p1|Bastiodon||Leftovers|Sturdy|IronDefense,BodyPress,WideGuard,FoulPlay|||M|||50|,,,,,Water]Flutter Mane||FocusSash|Protosynthesis|IcyWind,Moonblast,Protect,Taunt||||||50|,,,,,Normal]Grimmsnarl||LightClay|Prankster|Reflect,LightScreen,SpiritBreak,ThunderWave|||M|||50|,,,,,Ghost]Koraidon||ClearAmulet|OrichalcumPulse|FlareBlitz,FlameCharge,CloseCombat,Protect||||||50|,,,,,Fire]Groudon||AssaultVest|Drought|PrecipiceBlades,HeatCrash,ThunderPunch,HighHorsepower||||||50|,,,,,Fire]Brute Bonnet||CovertCloak|Protosynthesis|SuckerPunch,Spore,RagePowder,SeedBomb||||||50|,,,,,Poison\n|showteam|p2|Miraidon||LifeOrb|HadronEngine|Protect,ElectroDrift,VoltSwitch,DracoMeteor||||||50|,,,,,Electric]Tornadus||SitrusBerry|Prankster|Tailwind,Taunt,RainDance,BleakwindStorm|||M|||50|,,,,,Dark]Kyogre||Leftovers|Drizzle|OriginPulse,WaterSpout,IceBeam,Protect||||||50|,,,,,Grass]Ludicolo||FocusSash|SwiftSwim|FakeOut,GigaDrain,Encore,HydroPump|||M|||50|,,,,,Water]Urshifu-Rapid-Strike||ChoiceScarf|UnseenFist|SurgingStrikes,AquaJet,CloseCombat,Uturn|||M|||50|,,,,,Water]Clefairy||Eviolite|FriendGuard|FollowMe,HelpingHand,LifeDew,Protect|||F|||50|,,,,,Grass\n|inactive|Battle timer is ON: inactive players will automatically lose when time's up. (requested by Mentalsyndrome)\n|inactive|arielrai also wants the timer to be on.\n|inactive|Mentalsyndrome has 60 seconds left.\n|inactive|arielrai has 60 seconds left.\n|inactive|Mentalsyndrome has 30 seconds left.\n|inactive|Mentalsyndrome has 20 seconds left.\n|inactive|Mentalsyndrome has 15 seconds left.\n|\n|t:|1745957175\n|start\n|switch|p1a: Don Steadman|Flutter Mane, L50|100/100\n|switch|p1b: Groudon|Groudon, L50|100/100\n|switch|p2a: Urshifu|Urshifu-Rapid-Strike, L50, M|100/100\n|switch|p2b: Tornadus|Tornadus, L50, M|100/100\n|-weather|SunnyDay|[from] ability: Drought|[of] p1b: Groudon\n|-activate|p1a: Don Steadman|ability: Protosynthesis\n|-start|p1a: Don Steadman|protosynthesisspe\n|turn|1\n|\n|t:|1745957195\n|switch|p1b: Don Beignet|Brute Bonnet, L50|100/100\n|-activate|p1b: Don Beignet|ability: Protosynthesis\n|-start|p1b: Don Beignet|protosynthesisdef\n|move|p2b: Tornadus|Rain Dance|p2b: Tornadus\n|-weather|RainDance\n|-end|p1a: Don Steadman|Protosynthesis\n|-end|p1b: Don Beignet|Protosynthesis\n|move|p2a: Urshifu|Surging Strikes|p1a: Don Steadman\n|-crit|p1a: Don Steadman\n|-damage|p1a: Don Steadman|29/100\n|-crit|p1a: Don Steadman\n|-damage|p1a: Don Steadman|0 fnt\n|faint|p1a: Don Steadman\n|-end|p1a: Don Steadman|Protosynthesis|[silent]\n|-hitcount|p1: Don Steadman|2\n|\n|-weather|RainDance|[upkeep]\n|upkeep\n|\n|t:|1745957205\n|switch|p1a: Don Hotwheels|Koraidon, L50|100/100\n|-weather|SunnyDay|[from] ability: Orichalcum Pulse|[of] p1a: Don Hotwheels\n|-activate|p1b: Don Beignet|ability: Protosynthesis\n|-start|p1b: Don Beignet|protosynthesisdef\n|-activate|p1a: Don Hotwheels|Orichalcum Pulse|[source]\n|turn|2\n|\n|t:|1745957218\n|switch|p2a: Kyogre|Kyogre, L50|100/100\n|-weather|RainDance|[from] ability: Drizzle|[of] p2a: Kyogre\n|-end|p1b: Don Beignet|Protosynthesis\n|move|p1a: Don Hotwheels|Flame Charge|p2b: Tornadus\n|-damage|p2b: Tornadus|88/100\n|-boost|p1a: Don Hotwheels|spe|1\n|move|p2b: Tornadus|Bleakwind Storm|p1b: Don Beignet|[spread] p1a,p1b\n|-supereffective|p1a: Don Hotwheels\n|-supereffective|p1b: Don Beignet\n|-damage|p1a: Don Hotwheels|19/100\n|-damage|p1b: Don Beignet|42/100\n|move|p1b: Don Beignet|Spore|p2a: Kyogre\n|-status|p2a: Kyogre|slp|[from] move: Spore\n|\n|-weather|RainDance|[upkeep]\n|upkeep\n|turn|3\n|\n|t:|1745957238\n|-end|p1b: Don Beignet|Protosynthesis|[silent]\n|switch|p1b: Groudon|Groudon, L50|100/100\n|-weather|SunnyDay|[from] ability: Drought|[of] p1b: Groudon\n|move|p1a: Don Hotwheels|Protect|p1a: Don Hotwheels\n|-singleturn|p1a: Don Hotwheels|Protect\n|move|p2b: Tornadus|Bleakwind Storm|p1b: Groudon|[spread] \n|-activate|p1a: Don Hotwheels|move: Protect\n|-miss|p2b: Tornadus|p1b: Groudon\n|cant|p2a: Kyogre|slp\n|\n|-weather|SunnyDay|[upkeep]\n|upkeep\n|turn|4\n|\n|t:|1745957259\n|switch|p1a: Don Beignet|Brute Bonnet, L50|42/100\n|-activate|p1a: Don Beignet|ability: Protosynthesis\n|-start|p1a: Don Beignet|protosynthesisdef\n|switch|p2a: Ludicolo|Ludicolo, L50, M|100/100\n|move|p2b: Tornadus|Tailwind|p2b: Tornadus\n|-sidestart|p2: arielrai|move: Tailwind\n|move|p1b: Groudon|Thunder Punch|p2b: Tornadus\n|-supereffective|p2b: Tornadus\n|-damage|p2b: Tornadus|18/100\n|-enditem|p2b: Tornadus|Sitrus Berry|[eat]\n|-heal|p2b: Tornadus|43/100|[from] item: Sitrus Berry\n|\n|-weather|SunnyDay|[upkeep]\n|upkeep\n|turn|5\n|\n|t:|1745957280\n|switch|p2a: Kyogre|Kyogre, L50|100/100 slp\n|-weather|RainDance|[from] ability: Drizzle|[of] p2a: Kyogre\n|-end|p1a: Don Beignet|Protosynthesis\n|move|p2b: Tornadus|Bleakwind Storm|p1b: Groudon|[spread] p1a,p1b\n|-supereffective|p1a: Don Beignet\n|-damage|p1a: Don Beignet|0 fnt\n|-damage|p1b: Groudon|77/100\n|faint|p1a: Don Beignet\n|-end|p1a: Don Beignet|Protosynthesis|[silent]\n|move|p1b: Groudon|Thunder Punch|p2b: Tornadus\n|-supereffective|p2b: Tornadus\n|-damage|p2b: Tornadus|0 fnt\n|faint|p2b: Tornadus\n|\n|-weather|RainDance|[upkeep]\n|upkeep\n|\n|t:|1745957294\n|switch|p2b: Urshifu|Urshifu-Rapid-Strike, L50, M|100/100\n|switch|p1a: Don Hotwheels|Koraidon, L50|19/100\n|-weather|SunnyDay|[from] ability: Orichalcum Pulse|[of] p1a: Don Hotwheels\n|-activate|p1a: Don Hotwheels|Orichalcum Pulse|[source]\n|turn|6\n|\n|t:|1745957310\n|switch|p2a: Ludicolo|Ludicolo, L50, M|100/100\n|move|p2b: Urshifu|U-turn|p1a: Don Hotwheels\n|-resisted|p1a: Don Hotwheels\n|-damage|p1a: Don Hotwheels|9/100\n|\n|t:|1745957311\n|switch|p2b: Kyogre|Kyogre, L50|100/100 slp|[from] U-turn\n|-weather|RainDance|[from] ability: Drizzle|[of] p2b: Kyogre\n|move|p1a: Don Hotwheels|Close Combat|p2b: Kyogre\n|-damage|p2b: Kyogre|33/100 slp\n|-unboost|p1a: Don Hotwheels|def|1\n|-unboost|p1a: Don Hotwheels|spd|1\n|move|p1b: Groudon|Precipice Blades|p2a: Ludicolo|[spread] p2a,p2b\n|-resisted|p2a: Ludicolo\n|-damage|p2a: Ludicolo|64/100\n|-damage|p2b: Kyogre|0 fnt\n|faint|p2b: Kyogre\n|\n|-weather|RainDance|[upkeep]\n|upkeep\n|\n|t:|1745957312\n|switch|p2b: Urshifu|Urshifu-Rapid-Strike, L50, M|100/100\n|turn|7\n|\n|t:|1745957327\n|-terastallize|p2b: Urshifu|Water\n|move|p2b: Urshifu|Surging Strikes|p1b: Groudon\n|-supereffective|p1b: Groudon\n|-crit|p1b: Groudon\n|-damage|p1b: Groudon|26/100\n|-supereffective|p1b: Groudon\n|-crit|p1b: Groudon\n|-damage|p1b: Groudon|0 fnt\n|faint|p1b: Groudon\n|-hitcount|p1: Groudon|2\n|move|p2a: Ludicolo|Giga Drain|p1a: Don Hotwheels\n|-resisted|p1a: Don Hotwheels\n|-damage|p1a: Don Hotwheels|0 fnt\n|-heal|p2a: Ludicolo|69/100|[from] drain|[of] p1a: Don Hotwheels\n|faint|p1a: Don Hotwheels\n|\n|win|arielrai\n", "uploadtime": 1745957329, "views": 10, "formatid": "gen9vgc2025regibo3", "rating": null, "private": 0, "password": null}