{"id": "gen9vgc2025regibo3-2354130331", "format": "[Gen 9] VGC 2025 Reg I (Bo3)", "players": ["juacox300", "pokeplaygg"], "log": "|j|\u2606juacox300\n|j|\u2606pokeplaygg\n|html|<table width=\"100%\"><tr><td align=\"left\">juacox300</td><td align=\"right\">pokeplaygg</tr><tr><td align=\"left\"><i class=\"fa fa-circle\"></i> <i class=\"fa fa-circle-o\"></i> </td><td align=\"right\"><i class=\"fa fa-circle-o\"></i> <i class=\"fa fa-circle-o\"></i> </tr></table>\n|uhtml|bestof|<h2><strong>Game 2</strong> of <a href=\"/game-bestof3-gen9vgc2025regibo3-2354128491\">a best-of-3</a></h2>\n|t:|1746037452\n|gametype|doubles\n|player|p1|juacox300|unknown|1359\n|player|p2|pokeplaygg|2|1291\n|teamsize|p1|6\n|teamsize|p2|6\n|gen|9\n|tier|[Gen 9] VGC 2025 Reg I (Bo3)\n|rated|\n|rule|Species Clause: Limit one of each Pok\u00e9mon\n|rule|Item Clause: Limit 1 of each item\n|clearpoke\n|poke|p1|Miraidon, L50|\n|poke|p1|Iron Hands, L50|\n|poke|p1|Calyrex-Ice, L50|\n|poke|p1|Incineroar, L50, M|\n|poke|p1|Chi-Yu, L50|\n|poke|p1|Alcremie-Salted-Cream, L50, F|\n|poke|p2|Amoonguss, L50, M|\n|poke|p2|Calyrex-Ice, L50|\n|poke|p2|Rillaboom, L50, F|\n|poke|p2|Incineroar, L50, F|\n|poke|p2|Kyogre, L50|\n|poke|p2|Archaludon, L50, M|\n|teampreview|4\n|showteam|p1|Miraidon||LifeOrb|HadronEngine|ElectroDrift,DracoMeteor,Protect,DazzlingGleam||||||50|,,,,,Fairy]Iron Hands||AssaultVest|QuarkDrive|WildCharge,LowKick,FakeOut,HeavySlam||||||50|,,,,,Fire]Calyrex-Ice||ClearAmulet|AsOneGlastrier|GlacialLance,HighHorsepower,Protect,TrickRoom||||||50|,,,,,Dragon]Incineroar||RockyHelmet|Intimidate|KnockOff,FlareBlitz,FakeOut,Taunt|||M|||50|,,,,,Poison]Chi-Yu||ChoiceScarf|BeadsofRuin|HeatWave,Snarl,Overheat,DarkPulse||||||50|,,,,,Ghost]Alcremie-Salted-Cream||CovertCloak|AromaVeil|AlluringVoice,Decorate,Protect,Encore|||F|||50|,,,,,Grass\n|showteam|p2|Amoonguss||RockyHelmet|Regenerator|PollenPuff,Spore,ClearSmog,RagePowder|||M|||50|,,,,,Water]Calyrex-Ice||ClearAmulet|AsOneGlastrier|Protect,TrickRoom,GlacialLance,HighHorsepower||||||50|,,,,,Grass]Rillaboom||AssaultVest|GrassySurge|FakeOut,Uturn,GrassyGlide,WoodHammer|||F|||50|,,,,,Fire]Incineroar||SitrusBerry|Intimidate|FlareBlitz,FakeOut,WillOWisp,KnockOff|||F|||50|,,,,,Ghost]Kyogre||LifeOrb|Drizzle|OriginPulse,Protect,Thunder,IceBeam||||||50|,,,,,Water]Archaludon||Leftovers|Stamina|DracoMeteor,BodyPress,ElectroShot,Snarl|||M|||50|,,,,,Fairy\n|inactive|Battle timer is ON: inactive players will automatically lose when time's up. (requested by pokeplaygg)\n|\n|t:|1746037466\n|start\n|switch|p1a: Calyrex|Calyrex-Ice, L50|100/100\n|switch|p1b: FerroNalgada|Iron Hands, L50|100/100\n|switch|p2a: Calyrex|Calyrex-Ice, L50|100/100\n|switch|p2b: Rillaboom|Rillaboom, L50, F|100/100\n|-ability|p1a: Calyrex|As One\n|-ability|p1a: Calyrex|Unnerve\n|-ability|p2a: Calyrex|As One\n|-ability|p2a: Calyrex|Unnerve\n|-fieldstart|move: Grassy Terrain|[from] ability: Grassy Surge|[of] p2b: Rillaboom\n|turn|1\n|inactive|juacox300 has 30 seconds left.\n|inactive|pokeplaygg has 30 seconds left.\n|inactive|juacox300 has 20 seconds left.\n|inactive|juacox300 has 15 seconds left.\n|inactive|juacox300 has 10 seconds left.\n|inactive|juacox300 has 5 seconds left.\n|\n|t:|1746037521\n|move|p2b: Rillaboom|Fake Out|p1a: Calyrex\n|-damage|p1a: Calyrex|91/100\n|move|p1b: FerroNalgada|Wild Charge|p2b: Rillaboom\n|-resisted|p2b: Rillaboom\n|-damage|p2b: Rillaboom|76/100\n|-damage|p1b: FerroNalgada|96/100|[from] Recoil\n|cant|p1a: Calyrex|flinch\n|move|p2a: Calyrex|High Horsepower|p1b: FerroNalgada\n|-supereffective|p1b: FerroNalgada\n|-damage|p1b: FerroNalgada|39/100\n|\n|-heal|p2b: Rillaboom|83/100|[from] Grassy Terrain\n|-heal|p1b: FerroNalgada|46/100|[from] Grassy Terrain\n|-heal|p1a: Calyrex|97/100|[from] Grassy Terrain\n|upkeep\n|turn|2\n|\n|t:|1746037533\n|move|p2b: Rillaboom|U-turn|p1a: Calyrex\n|-supereffective|p1a: Calyrex\n|-damage|p1a: Calyrex|63/100\n|\n|t:|1746037536\n|switch|p2b: Incineroar|Incineroar, L50, F|100/100|[from] U-turn\n|-ability|p2b: Incineroar|Intimidate|boost\n|-fail|p1a: Calyrex|unboost|[from] item: Clear Amulet|[of] p1a: Calyrex\n|-unboost|p1b: FerroNalgada|atk|1\n|move|p1b: FerroNalgada|Low Kick|p2a: Calyrex\n|-damage|p2a: Calyrex|71/100\n|move|p1a: Calyrex|Glacial Lance|p2a: Calyrex|[spread] p2a,p2b\n|-resisted|p2a: Calyrex\n|-resisted|p2b: Incineroar\n|-damage|p2a: Calyrex|54/100\n|-damage|p2b: Incineroar|71/100\n|move|p2a: Calyrex|High Horsepower|p1b: FerroNalgada\n|-supereffective|p1b: FerroNalgada\n|-damage|p1b: FerroNalgada|0 fnt\n|faint|p1b: FerroNalgada\n|-end|p1b: FerroNalgada|Quark Drive|[silent]\n|-ability|p2a: Calyrex|Chilling Neigh|boost\n|-boost|p2a: Calyrex|atk|1\n|\n|-heal|p2b: Incineroar|77/100|[from] Grassy Terrain\n|-heal|p1a: Calyrex|69/100|[from] Grassy Terrain\n|-heal|p2a: Calyrex|59/100|[from] Grassy Terrain\n|upkeep\n|\n|t:|1746037540\n|switch|p1b: Miraidon|Miraidon, L50|100/100\n|-fieldstart|move: Electric Terrain|[from] ability: Hadron Engine|[of] p1b: Miraidon\n|turn|3\n|\n|t:|1746037562\n|-terastallize|p1b: Miraidon|Fairy\n|move|p2a: Calyrex|Protect|p2a: Calyrex\n|-singleturn|p2a: Calyrex|Protect\n|move|p1b: Miraidon|Electro Drift|p2a: Calyrex\n|-activate|p2a: Calyrex|move: Protect\n|move|p2b: Incineroar|Flare Blitz|p1a: Calyrex\n|-supereffective|p1a: Calyrex\n|-damage|p1a: Calyrex|0 fnt\n|faint|p1a: Calyrex\n|-damage|p2b: Incineroar|53/100|[from] Recoil\n|\n|upkeep\n|\n|t:|1746037567\n|switch|p1a: Incineroar|Incineroar, L50, M|100/100\n|-ability|p1a: Incineroar|Intimidate|boost\n|-fail|p2a: Calyrex|unboost|[from] item: Clear Amulet|[of] p2a: Calyrex\n|-unboost|p2b: Incineroar|atk|1\n|turn|4\n|\n|t:|1746037587\n|switch|p2a: Rillaboom|Rillaboom, L50, F|83/100\n|-fieldstart|move: Grassy Terrain|[from] ability: Grassy Surge|[of] p2a: Rillaboom\n|move|p1b: Miraidon|Electro Drift|p2b: Incineroar\n|-damage|p2b: Incineroar|0 fnt\n|faint|p2b: Incineroar\n|-damage|p1b: Miraidon|91/100|[from] item: Life Orb\n|move|p1a: Incineroar|Flare Blitz|p2a: Rillaboom\n|-supereffective|p2a: Rillaboom\n|-damage|p2a: Rillaboom|0 fnt\n|faint|p2a: Rillaboom\n|-damage|p1a: Incineroar|76/100|[from] Recoil\n|\n|-heal|p1b: Miraidon|96/100|[from] Grassy Terrain\n|-heal|p1a: Incineroar|82/100|[from] Grassy Terrain\n|upkeep\n|\n|t:|1746037601\n|switch|p2a: Calyrex|Calyrex-Ice, L50|59/100\n|switch|p2b: Kyogre|Kyogre, L50|100/100\n|-ability|p2a: Calyrex|As One\n|-ability|p2a: Calyrex|Unnerve\n|-weather|RainDance|[from] ability: Drizzle|[of] p2b: Kyogre\n|turn|5\n|inactive|pokeplaygg has 30 seconds left.\n|inactive|pokeplaygg has 20 seconds left.\n|inactive|pokeplaygg has 15 seconds left.\n|inactive|pokeplaygg has 10 seconds left.\n|\n|t:|1746037647\n|-terastallize|p2a: Calyrex|Grass\n|move|p1b: Miraidon|Electro Drift|p2a: Calyrex\n|-resisted|p2a: Calyrex\n|-damage|p2a: Calyrex|37/100\n|-damage|p1b: Miraidon|87/100|[from] item: Life Orb\n|move|p2b: Kyogre|Origin Pulse|p1b: Miraidon|[spread] p1b\n|-miss|p2b: Kyogre|p1a: Incineroar\n|-damage|p1b: Miraidon|0 fnt\n|faint|p1b: Miraidon\n|-damage|p2b: Kyogre|91/100|[from] item: Life Orb\n|move|p1a: Incineroar|Knock Off|p2a: Calyrex\n|-damage|p2a: Calyrex|10/100\n|-enditem|p2a: Calyrex|Clear Amulet|[from] move: Knock Off|[of] p1a: Incineroar\n|move|p2a: Calyrex|Glacial Lance|p1a: Incineroar\n|-resisted|p1a: Incineroar\n|-damage|p1a: Incineroar|48/100\n|\n|-weather|RainDance|[upkeep]\n|-heal|p2b: Kyogre|97/100|[from] Grassy Terrain\n|-heal|p1a: Incineroar|54/100|[from] Grassy Terrain\n|-heal|p2a: Calyrex|16/100|[from] Grassy Terrain\n|upkeep\n|turn|6\n|-message|juacox300 forfeited.\n|\n|win|pokeplaygg\n||juacox300 is ready for game 3.\n||pokeplaygg is ready for game 3.\n|uhtml|next|Next: <a href=\"/battle-gen9vgc2025regibo3-2354132698\"><strong>Game 3 of 3</strong></a>\n|l|\u2606juacox300\n|player|p1|\n|l|\u2606pokeplaygg\n|player|p2|\n", "uploadtime": 1746037986, "views": 6, "formatid": "gen9vgc2025regibo3", "rating": null, "private": 0, "password": null}