{"id": "gen9vgc2025regibo3-2353554800", "format": "[Gen 9] VGC 2025 Reg I (Bo3)", "players": ["Indigo Crisp", "Hadrian1917"], "log": "|j|\u2606Indigo Crisp\n|j|\u2606Hadrian1917\n|html|<table width=\"100%\"><tr><td align=\"left\">Indigo Crisp</td><td align=\"right\">Hadrian1917</tr><tr><td align=\"left\"><i class=\"fa fa-circle-o\"></i> <i class=\"fa fa-circle-o\"></i> </td><td align=\"right\"><i class=\"fa fa-circle-o\"></i> <i class=\"fa fa-circle-o\"></i> </tr></table>\n|uhtml|bestof|<h2><strong>Game 1</strong> of <a href=\"/game-bestof3-gen9vgc2025regibo3-2353554798\">a best-of-3</a></h2>\n|t:|1745967764\n|gametype|doubles\n|player|p1|Indigo Crisp|265|1312\n|player|p2|Hadrian1917|169|1367\n|teamsize|p1|6\n|teamsize|p2|6\n|gen|9\n|tier|[Gen 9] VGC 2025 Reg I (Bo3)\n|rated|\n|rule|Species Clause: Limit one of each Pok\u00e9mon\n|rule|Item Clause: Limit 1 of each item\n|clearpoke\n|poke|p1|Kyogre, L50|\n|poke|p1|Zamazenta-*, L50|\n|poke|p1|Urshifu-*, L50, M|\n|poke|p1|Amoonguss, L50, M|\n|poke|p1|Chien-Pao, L50|\n|poke|p1|Tornadus, L50, M|\n|poke|p2|Miraidon, L50|\n|poke|p2|Whimsicott, L50, F|\n|poke|p2|Farigiraf, L50, F|\n|poke|p2|Iron Hands, L50|\n|poke|p2|Calyrex-Shadow, L50|\n|poke|p2|Ogerpon-Hearthflame, L50, F|\n|teampreview|4\n|showteam|p1|Kyogre||MysticWater|Drizzle|WaterSpout,HydroPump,IceBeam,Protect||||||50|,,,,,Grass]Zamazenta-Crowned||RustedShield|DauntlessShield|BodyPress,HeavySlam,WideGuard,Protect||||||50|,,,,,Dragon]Urshifu-Rapid-Strike||ChoiceScarf|UnseenFist|SurgingStrikes,AquaJet,CloseCombat,Uturn|||M|||50|,,,,,Water]Amoonguss||RockyHelmet|Regenerator|Spore,RagePowder,PollenPuff,Protect|||M|||50|,,,,,Steel]Chien-Pao||FocusSash|SwordofRuin|IceSpinner,SuckerPunch,Crunch,Protect||||||50|,,,,,Ghost]Tornadus||CovertCloak|Prankster|BleakwindStorm,RainDance,Tailwind,Taunt|||M|||50|,,,,,Dark\n|showteam|p2|Miraidon||ChoiceSpecs|HadronEngine|ElectroDrift,DracoMeteor,VoltSwitch,DazzlingGleam||||||50|,,,,,Fairy]Whimsicott||CovertCloak|Prankster|Tailwind,Encore,LightScreen,Moonblast|||F|||50|,,,,,Dark]Farigiraf||ElectricSeed|ArmorTail|PsychicNoise,FoulPlay,HelpingHand,TrickRoom|||F|||50|,,,,,Water]Iron Hands||AssaultVest|QuarkDrive|LowKick,DrainPunch,WildCharge,FakeOut||||||50|,,,,,Bug]Calyrex-Shadow||FocusSash|AsOneSpectrier|AstralBarrage,Psyshock,ShadowBall,Protect||||||50|,,,,,Ghost]Ogerpon-Hearthflame||HearthflameMask|MoldBreaker|IvyCudgel,FollowMe,Encore,SpikyShield|||F|||50|,,,,,Fire\n|inactive|Battle timer is ON: inactive players will automatically lose when time's up. (requested by Hadrian1917)\n|inactive|Indigo Crisp has 60 seconds left.\n|inactive|Hadrian1917 has 60 seconds left.\n|\n|t:|1745967810\n|start\n|switch|p1a: Zamazenta|Zamazenta-Crowned, L50|100/100\n|switch|p1b: WITH TEETH|Chien-Pao, L50|100/100\n|switch|p2a: Ogerpon|Ogerpon-Hearthflame, L50, F|100/100\n|switch|p2b: Whimsicott|Whimsicott, L50, F|100/100\n|-ability|p1b: WITH TEETH|Sword of Ruin\n|-ability|p1a: Zamazenta|Dauntless Shield|boost\n|-boost|p1a: Zamazenta|def|1\n|-ability|p2a: Ogerpon|Mold Breaker\n|turn|1\n|inactive|Indigo Crisp has 30 seconds left.\n|\n|t:|1745967844\n|move|p1b: WITH TEETH|Protect|p1b: WITH TEETH\n|-singleturn|p1b: WITH TEETH|Protect\n|move|p2a: Ogerpon|Spiky Shield|p2a: Ogerpon\n|-singleturn|p2a: Ogerpon|move: Protect\n|move|p2b: Whimsicott|Tailwind|p2b: Whimsicott\n|-sidestart|p2: Hadrian1917|move: Tailwind\n|move|p1a: Zamazenta|Body Press|p2a: Ogerpon\n|-activate|p2a: Ogerpon|move: Protect\n|-damage|p1a: Zamazenta|88/100|[from] Spiky Shield|[of] p2a: Ogerpon\n|\n|upkeep\n|turn|2\n|\n|t:|1745967868\n|move|p2b: Whimsicott|Moonblast|p1b: WITH TEETH\n|-supereffective|p1b: WITH TEETH\n|-damage|p1b: WITH TEETH|18/100\n|-unboost|p1b: WITH TEETH|spa|1\n|move|p2a: Ogerpon|Ivy Cudgel|p1b: WITH TEETH|[anim] Ivy Cudgel Fire\n|-supereffective|p1b: WITH TEETH\n|-damage|p1b: WITH TEETH|0 fnt\n|faint|p1b: WITH TEETH\n|move|p1a: Zamazenta|Body Press|p2a: Ogerpon\n|-damage|p2a: Ogerpon|32/100\n|\n|upkeep\n|\n|t:|1745967893\n|switch|p1b: Kyogre|Kyogre, L50|100/100\n|-weather|RainDance|[from] ability: Drizzle|[of] p1b: Kyogre\n|turn|3\n|\n|t:|1745967917\n|move|p1b: Kyogre|Protect|p1b: Kyogre\n|-singleturn|p1b: Kyogre|Protect\n|move|p2b: Whimsicott|Light Screen|p2b: Whimsicott\n|-sidestart|p2: Hadrian1917|move: Light Screen\n|move|p2a: Ogerpon|Ivy Cudgel|p1b: Kyogre|[anim] Ivy Cudgel Fire\n|-activate|p1b: Kyogre|move: Protect\n|move|p1a: Zamazenta|Heavy Slam|p2b: Whimsicott\n|-supereffective|p2b: Whimsicott\n|-damage|p2b: Whimsicott|0 fnt\n|faint|p2b: Whimsicott\n|\n|-weather|RainDance|[upkeep]\n|upkeep\n|\n|t:|1745967927\n|switch|p2b: Miraidon|Miraidon, L50|100/100\n|-fieldstart|move: Electric Terrain|[from] ability: Hadron Engine|[of] p2b: Miraidon\n|turn|4\n|\n|t:|1745967952\n|switch|p2a: Calyrex|Calyrex-Shadow, L50|100/100\n|-ability|p2a: Calyrex|As One\n|-ability|p2a: Calyrex|Unnerve\n|-terastallize|p2b: Miraidon|Fairy\n|-terastallize|p1b: Kyogre|Grass\n|move|p2b: Miraidon|Draco Meteor|p1b: Kyogre\n|-damage|p1b: Kyogre|7/100\n|-unboost|p2b: Miraidon|spa|2\n|move|p1a: Zamazenta|Body Press|p2b: Miraidon\n|-resisted|p2b: Miraidon\n|-damage|p2b: Miraidon|74/100\n|move|p1b: Kyogre|Hydro Pump|p2b: Miraidon\n|-damage|p2b: Miraidon|11/100\n|\n|-weather|RainDance|[upkeep]\n|-sideend|p2: Hadrian1917|move: Tailwind\n|upkeep\n|turn|5\n|inactive|Indigo Crisp has 30 seconds left.\n|inactive|Hadrian1917 has 30 seconds left.\n|\n|t:|1745967983\n|switch|p2b: Ogerpon|Ogerpon-Hearthflame, L50, F|32/100\n|-ability|p2b: Ogerpon|Mold Breaker\n|move|p2a: Calyrex|Shadow Ball|p1b: Kyogre\n|-damage|p1b: Kyogre|0 fnt\n|faint|p1b: Kyogre\n|-ability|p2a: Calyrex|Grim Neigh|boost\n|-boost|p2a: Calyrex|spa|1\n|move|p1a: Zamazenta|Heavy Slam|p2a: Calyrex\n|-damage|p2a: Calyrex|39/100\n|\n|-weather|RainDance|[upkeep]\n|upkeep\n|\n|t:|1745967999\n|switch|p1b: Urshifu|Urshifu-Rapid-Strike, L50, M|100/100\n|turn|6\n|\n|t:|1745968020\n|move|p2b: Ogerpon|Follow Me|p2b: Ogerpon\n|-singleturn|p2b: Ogerpon|move: Follow Me\n|move|p1b: Urshifu|Aqua Jet|p2b: Ogerpon\n|-damage|p2b: Ogerpon|0 fnt\n|faint|p2b: Ogerpon\n|move|p2a: Calyrex|Psyshock|p1b: Urshifu\n|-supereffective|p1b: Urshifu\n|-damage|p1b: Urshifu|0 fnt\n|faint|p1b: Urshifu\n|-ability|p2a: Calyrex|Grim Neigh|boost\n|-boost|p2a: Calyrex|spa|1\n|move|p1a: Zamazenta|Heavy Slam|p2a: Calyrex\n|-damage|p2a: Calyrex|0 fnt\n|faint|p2a: Calyrex\n|\n|-weather|RainDance|[upkeep]\n|upkeep\n|-message|Hadrian1917 forfeited.\n|\n|win|Indigo Crisp\n||Hadrian1917 is ready for game 2.\n||Indigo Crisp is ready for game 2.\n|uhtml|next|Next: <a href=\"/battle-gen9vgc2025regibo3-2353557228\"><strong>Game 2 of 3</strong></a>\n", "uploadtime": 1745968506, "views": 27, "formatid": "gen9vgc2025regibo3", "rating": null, "private": 0, "password": null}