{"id": "gen9vgc2025regibo3-2353803926", "format": "[Gen 9] VGC 2025 Reg I (Bo3)", "players": ["Mathhews", "bertcamem"], "log": "|j|\u2606Mathhews\n|j|\u2606bertcamem\n|html|<table width=\"100%\"><tr><td align=\"left\">Mathhews</td><td align=\"right\">bertcamem</tr><tr><td align=\"left\"><i class=\"fa fa-circle-o\"></i> <i class=\"fa fa-circle-o\"></i> </td><td align=\"right\"><i class=\"fa fa-circle-o\"></i> <i class=\"fa fa-circle\"></i> </tr></table>\n|uhtml|bestof|<h2><strong>Game 2</strong> of <a href=\"/game-bestof3-gen9vgc2025regibo3-2353802116\">a best-of-3</a></h2>\n|t:|1746002703\n|gametype|doubles\n|player|p1|Mathhews|benga|1196\n|player|p2|bertcamem|169|1288\n|teamsize|p1|6\n|teamsize|p2|6\n|gen|9\n|tier|[Gen 9] VGC 2025 Reg I (Bo3)\n|rated|\n|rule|Species Clause: Limit one of each Pok\u00e9mon\n|rule|Item Clause: Limit 1 of each item\n|clearpoke\n|poke|p1|Kyogre, L50|\n|poke|p1|Urshifu-*, L50, M|\n|poke|p1|Zamazenta-*, L50|\n|poke|p1|Chien-Pao, L50|\n|poke|p1|Tornadus, L50, M|\n|poke|p1|Amoonguss, L50, M|\n|poke|p2|Koraidon, L50|\n|poke|p2|Ho-Oh, L50|\n|poke|p2|Gurdurr, L50, M|\n|poke|p2|Flutter Mane, L50|\n|poke|p2|Rillaboom, L50, F|\n|poke|p2|Raging Bolt, L50|\n|teampreview|4\n|showteam|p1|Kyogre||MysticWater|Drizzle|WaterSpout,HydroPump,IceBeam,Protect||||||50|,,,,,Grass]Urshifu-Rapid-Strike||ChoiceScarf|UnseenFist|SurgingStrikes,CloseCombat,Uturn,AquaJet|||M|||50|,,,,,Water]Zamazenta-Crowned||RustedShield|DauntlessShield|BodyPress,HeavySlam,WideGuard,Protect||||||50|,,,,,Dragon]Chien-Pao||FocusSash|SwordofRuin|IcicleCrash,SuckerPunch,Crunch,Protect||||||50|,,,,,Ghost]Tornadus||CovertCloak|Prankster|BleakwindStorm,Tailwind,RainDance,Taunt|||M|||50|,,,,,Dark]Amoonguss||RockyHelmet|Regenerator|SludgeBomb,Spore,RagePowder,Protect|||M|||50|,,,,,Dark\n|showteam|p2|Koraidon||LifeOrb|OrichalcumPulse|FlareBlitz,CloseCombat,Protect,Uturn||||||50|,,,,,Fire]Ho-Oh||ClearAmulet|Regenerator|SacredFire,BraveBird,Protect,Tailwind||||||50|,,,,,Grass]Gurdurr||Eviolite|IronFist|DrainPunch,Coaching,WideGuard,HelpingHand|||M|||50|,,,,,Water]Flutter Mane||FocusSash|Protosynthesis|Moonblast,ShadowBall,Taunt,IcyWind||||||50|,,,,,Normal]Rillaboom||AssaultVest|GrassySurge|FakeOut,GrassyGlide,HighHorsepower,Uturn|||F|||50|,,,,,Fire]Raging Bolt||BoosterEnergy|Protosynthesis|Protect,Thunderclap,Thunderbolt,DracoMeteor||||||50|,,,,,Fairy\n|inactive|Battle timer is ON: inactive players will automatically lose when time's up. (requested by Mathhews)\n|inactive|bertcamem also wants the timer to be on.\n|inactive|bertcamem has 60 seconds left.\n|\n|t:|1746002741\n|start\n|switch|p1a: Chien-Pao|Chien-Pao, L50|100/100\n|switch|p1b: Zamazenta|Zamazenta-Crowned, L50, shiny|100/100\n|switch|p2a: Magician|Flutter Mane, L50|100/100\n|switch|p2b: Tower|Raging Bolt, L50|100/100\n|-ability|p1a: Chien-Pao|Sword of Ruin\n|-ability|p1b: Zamazenta|Dauntless Shield|boost\n|-boost|p1b: Zamazenta|def|1\n|-enditem|p2b: Tower|Booster Energy\n|-activate|p2b: Tower|ability: Protosynthesis|[fromitem]\n|-start|p2b: Tower|protosynthesisspa\n|turn|1\n|\n|t:|1746002759\n|-end|p2b: Tower|Protosynthesis|[silent]\n|switch|p2b: Emperor|Ho-Oh, L50|100/100\n|move|p2a: Magician|Moonblast|p1a: Chien-Pao\n|-supereffective|p1a: Chien-Pao\n|-enditem|p1a: Chien-Pao|Focus Sash\n|-damage|p1a: Chien-Pao|1/100\n|-unboost|p1a: Chien-Pao|spa|1\n|move|p1a: Chien-Pao|Icicle Crash|p2b: Emperor\n|-damage|p2b: Emperor|47/100\n|move|p1b: Zamazenta|Heavy Slam|p2b: Emperor\n|-resisted|p2b: Emperor\n|-damage|p2b: Emperor|28/100\n|\n|upkeep\n|turn|2\n|\n|t:|1746002776\n|move|p1a: Chien-Pao|Sucker Punch|p2a: Magician\n|-enditem|p2a: Magician|Focus Sash\n|-damage|p2a: Magician|1/100\n|move|p2a: Magician|Icy Wind|p1a: Chien-Pao|[spread] p1a,p1b\n|-resisted|p1a: Chien-Pao\n|-resisted|p1b: Zamazenta\n|-damage|p1a: Chien-Pao|0 fnt\n|-damage|p1b: Zamazenta|95/100\n|-unboost|p1b: Zamazenta|spe|1\n|faint|p1a: Chien-Pao\n|move|p1b: Zamazenta|Body Press|p2b: Emperor\n|-resisted|p2b: Emperor\n|-damage|p2b: Emperor|0 fnt\n|faint|p2b: Emperor\n|\n|upkeep\n|\n|t:|1746002789\n|switch|p1a: Tornadus|Tornadus, L50, M, shiny|100/100\n|switch|p2b: Tower|Raging Bolt, L50|100/100\n|turn|3\n|\n|t:|1746002803\n|-end|p2a: Magician|Protosynthesis|[silent]\n|switch|p2a: Sun|Koraidon, L50|100/100\n|-weather|SunnyDay|[from] ability: Orichalcum Pulse|[of] p2a: Sun\n|-activate|p2b: Tower|ability: Protosynthesis\n|-start|p2b: Tower|protosynthesisspa\n|-activate|p2a: Sun|Orichalcum Pulse|[source]\n|move|p1a: Tornadus|Tailwind|p1a: Tornadus\n|-sidestart|p1: Mathhews|move: Tailwind\n|move|p1b: Zamazenta|Heavy Slam|p2a: Sun\n|-damage|p2a: Sun|80/100\n|move|p2b: Tower|Thunderbolt|p1a: Tornadus\n|-supereffective|p1a: Tornadus\n|-damage|p1a: Tornadus|0 fnt\n|faint|p1a: Tornadus\n|\n|-weather|SunnyDay|[upkeep]\n|upkeep\n|\n|t:|1746002807\n|switch|p1a: Kyogre|Kyogre, L50, shiny|100/100\n|-weather|RainDance|[from] ability: Drizzle|[of] p1a: Kyogre\n|-end|p2b: Tower|Protosynthesis\n|turn|4\n|\n|t:|1746002831\n|switch|p2a: Magician|Flutter Mane, L50|1/100\n|-terastallize|p1a: Kyogre|Grass\n|move|p1b: Zamazenta|Body Press|p2b: Tower\n|-damage|p2b: Tower|39/100\n|move|p1a: Kyogre|Ice Beam|p2a: Magician\n|-damage|p2a: Magician|0 fnt\n|faint|p2a: Magician\n|-end|p2a: Magician|Protosynthesis|[silent]\n|move|p2b: Tower|Thunderbolt|p1b: Zamazenta\n|-damage|p1b: Zamazenta|53/100\n|\n|-weather|RainDance|[upkeep]\n|upkeep\n|\n|t:|1746002833\n|switch|p2a: Sun|Koraidon, L50|80/100\n|-weather|SunnyDay|[from] ability: Orichalcum Pulse|[of] p2a: Sun\n|-activate|p2b: Tower|ability: Protosynthesis\n|-start|p2b: Tower|protosynthesisspa\n|-activate|p2a: Sun|Orichalcum Pulse|[source]\n|turn|5\n|\n|t:|1746002846\n|-terastallize|p2a: Sun|Fire\n|move|p1b: Zamazenta|Body Press|p2a: Sun\n|-damage|p2a: Sun|13/100\n|move|p1a: Kyogre|Ice Beam|p2a: Sun\n|-resisted|p2a: Sun\n|-damage|p2a: Sun|0 fnt\n|faint|p2a: Sun\n|move|p2b: Tower|Thunderbolt|p1b: Zamazenta\n|-damage|p1b: Zamazenta|3/100\n|\n|-weather|SunnyDay|[upkeep]\n|upkeep\n|turn|6\n|\n|t:|1746002858\n|move|p1b: Zamazenta|Body Press|p2b: Tower\n|-damage|p2b: Tower|0 fnt\n|faint|p2b: Tower\n|-end|p2b: Tower|Protosynthesis|[silent]\n|\n|win|Mathhews\n||bertcamem is ready for game 3.\n||Mathhews is ready for game 3.\n|uhtml|next|Next: <a href=\"/battle-gen9vgc2025regibo3-2353804882\"><strong>Game 3 of 3</strong></a>\n|l|\u2606Mathhews\n|player|p1|\n", "uploadtime": 1746003157, "views": 19, "formatid": "gen9vgc2025regibo3", "rating": null, "private": 0, "password": null}