{"id": "gen9vgc2025regibo3-2354682104", "format": "[Gen 9] VGC 2025 Reg I (Bo3)", "players": ["Cpt.Bubatz", "ImYouDuplica"], "log": "|j|\u2606Cpt.Bubatz\n|j|\u2606ImYouDuplica\n|html|<table width=\"100%\"><tr><td align=\"left\">Cpt.Bubatz</td><td align=\"right\">ImYouDuplica</tr><tr><td align=\"left\"><i class=\"fa fa-circle-o\"></i> <i class=\"fa fa-circle-o\"></i> </td><td align=\"right\"><i class=\"fa fa-circle-o\"></i> <i class=\"fa fa-circle\"></i> </tr></table>\n|uhtml|bestof|<h2><strong>Game 2</strong> of <a href=\"/game-bestof3-gen9vgc2025regibo3-2354679976\">a best-of-3</a></h2>\n|t:|1746110274\n|gametype|doubles\n|player|p1|Cpt.Bubatz|aaron|1075\n|player|p2|ImYouDuplica|janitor|1127\n|teamsize|p1|6\n|teamsize|p2|6\n|gen|9\n|tier|[Gen 9] VGC 2025 Reg I (Bo3)\n|rated|\n|rule|Species Clause: Limit one of each Pok\u00e9mon\n|rule|Item Clause: Limit 1 of each item\n|clearpoke\n|poke|p1|Lunala, L50|\n|poke|p1|Ursaluna, L50, M|\n|poke|p1|Koraidon, L50|\n|poke|p1|Flutter Mane, L50|\n|poke|p1|Chien-Pao, L50|\n|poke|p1|Ogerpon-Cornerstone, L50, F|\n|poke|p2|Incineroar, L50, F|\n|poke|p2|Ogerpon-Cornerstone, L50, F|\n|poke|p2|Ditto, L50|\n|poke|p2|Raging Bolt, L50|\n|poke|p2|Koraidon, L50|\n|poke|p2|Lunala, L50|\n|teampreview|4\n|showteam|p1|Lunala||PowerHerb|ShadowShield|MoongeistBeam,MeteorBeam,TrickRoom,WideGuard||||||50|,,,,,Ghost]Ursaluna||FlameOrb|Guts|Facade,HeadlongRush,ThroatChop,Protect|||M|||50|,,,,,Ghost]Koraidon||SafetyGoggles|OrichalcumPulse|CollisionCourse,FlameCharge,FlareBlitz,Protect||||||50|,,,,,Fire]Flutter Mane||BoosterEnergy|Protosynthesis|Protect,DazzlingGleam,ShadowBall,IcyWind||||||50|,,,,,Fairy]Chien-Pao||FocusSash|SwordofRuin|IceSpinner,SuckerPunch,SacredSword,Protect||||||50|,,,,,Fighting]Ogerpon-Cornerstone||CornerstoneMask|Sturdy|SpikyShield,FollowMe,HornLeech,IvyCudgel|||F|||50|,,,,,Rock\n|showteam|p2|Incineroar||SafetyGoggles|Intimidate|FlareBlitz,KnockOff,FakeOut,PartingShot|||F|||50|,,,,,Bug]Ogerpon-Cornerstone||CornerstoneMask|Sturdy|SpikyShield,IvyCudgel,FollowMe,HornLeech|||F|||50|,,,,,Rock]Ditto||FocusSash|Imposter|Transform||||||50|,,,,,Normal]Raging Bolt||AssaultVest|Protosynthesis|Thunderclap,Thunderbolt,DracoMeteor,VoltSwitch||||||50|,,,,,Electric]Koraidon||ClearAmulet|OrichalcumPulse|Protect,CollisionCourse,FlareBlitz,FlameCharge||||||50|,,,,,Fire]Lunala||CovertCloak|ShadowShield|WideGuard,MoongeistBeam,Moonblast,TrickRoom||||||50|,,,,,Fairy\n|\n|t:|1746110298\n|start\n|switch|p1a: Ogerpon|Ogerpon-Cornerstone, L50, F|100/100\n|switch|p1b: Chien-Pao|Chien-Pao, L50|100/100\n|switch|p2a: Ogerpon|Ogerpon-Cornerstone, L50, F|100/100\n|switch|p2b: Lunala|Lunala, L50|100/100\n|-ability|p1b: Chien-Pao|Sword of Ruin\n|turn|1\n|\n|t:|1746110330\n|switch|p2a: Incineroar|Incineroar, L50, F|100/100\n|-ability|p2a: Incineroar|Intimidate|boost\n|-unboost|p1a: Ogerpon|atk|1\n|-unboost|p1b: Chien-Pao|atk|1\n|-terastallize|p2b: Lunala|Fairy\n|move|p1b: Chien-Pao|Sacred Sword|p2a: Incineroar\n|-supereffective|p2a: Incineroar\n|-damage|p2a: Incineroar|62/100\n|move|p1a: Ogerpon|Ivy Cudgel|p2b: Lunala|[anim] Ivy Cudgel Rock\n|-damage|p2b: Lunala|80/100\n|move|p2b: Lunala|Moongeist Beam|p1a: Ogerpon\n|-damage|p1a: Ogerpon|27/100\n|\n|upkeep\n|turn|2\n|\n|t:|1746110346\n|move|p1b: Chien-Pao|Protect|p1b: Chien-Pao\n|-singleturn|p1b: Chien-Pao|Protect\n|move|p2a: Incineroar|Fake Out|p1b: Chien-Pao\n|-activate|p1b: Chien-Pao|move: Protect\n|move|p1a: Ogerpon|Ivy Cudgel|p2a: Incineroar|[anim] Ivy Cudgel Rock\n|-supereffective|p2a: Incineroar\n|-damage|p2a: Incineroar|0 fnt\n|faint|p2a: Incineroar\n|move|p2b: Lunala|Trick Room|p2b: Lunala\n|-fieldstart|move: Trick Room|[of] p2b: Lunala\n|\n|upkeep\n|\n|t:|1746110351\n|switch|p2a: Ditto|Ditto, L50, shiny|100/100\n|-transform|p2a: Ditto|p1b: Chien-Pao|[from] ability: Imposter\n|-ability|p2a: Ditto|Sword of Ruin\n|turn|3\n|\n|t:|1746110369\n|move|p1a: Ogerpon|Follow Me|p1a: Ogerpon\n|-singleturn|p1a: Ogerpon|move: Follow Me\n|move|p2a: Ditto|Sucker Punch||[still]\n|-fail|p2a: Ditto\n|move|p1b: Chien-Pao|Ice Spinner|p2b: Lunala\n|-damage|p2b: Lunala|56/100\n|move|p2b: Lunala|Trick Room|p2b: Lunala\n|-fieldend|move: Trick Room\n|\n|upkeep\n|turn|4\n|\n|t:|1746110387\n|move|p1a: Ogerpon|Follow Me|p1a: Ogerpon\n|-singleturn|p1a: Ogerpon|move: Follow Me\n|move|p1b: Chien-Pao|Sacred Sword|p2a: Ditto\n|-supereffective|p2a: Ditto\n|-enditem|p2a: Ditto|Focus Sash\n|-damage|p2a: Ditto|1/100\n|move|p2a: Ditto|Sacred Sword|p1a: Ogerpon\n|-supereffective|p1a: Ogerpon\n|-damage|p1a: Ogerpon|0 fnt\n|faint|p1a: Ogerpon\n|move|p2b: Lunala|Moonblast|p1b: Chien-Pao\n|-supereffective|p1b: Chien-Pao\n|-enditem|p1b: Chien-Pao|Focus Sash\n|-damage|p1b: Chien-Pao|1/100\n|\n|upkeep\n|\n|t:|1746110393\n|switch|p1a: Lunala|Lunala, L50|100/100\n|turn|5\n|\n|t:|1746110410\n|move|p1b: Chien-Pao|Sucker Punch|p2b: Lunala\n|-resisted|p2b: Lunala\n|-damage|p2b: Lunala|44/100\n|move|p2a: Ditto|Sucker Punch||[still]\n|-fail|p2a: Ditto\n|move|p2b: Lunala|Moongeist Beam|p1a: Lunala\n|-supereffective|p1a: Lunala\n|-damage|p1a: Lunala|23/100\n|move|p1a: Lunala|Trick Room|p1a: Lunala\n|-fieldstart|move: Trick Room|[of] p1a: Lunala\n|\n|upkeep\n|turn|6\n|\n|t:|1746110423\n|move|p2a: Ditto|Sucker Punch|p1a: Lunala\n|-supereffective|p1a: Lunala\n|-crit|p1a: Lunala\n|-damage|p1a: Lunala|0 fnt\n|faint|p1a: Lunala\n|move|p1b: Chien-Pao|Sucker Punch||[still]\n|-fail|p1b: Chien-Pao\n|move|p2b: Lunala|Moonblast|p1b: Chien-Pao\n|-supereffective|p1b: Chien-Pao\n|-damage|p1b: Chien-Pao|0 fnt\n|faint|p1b: Chien-Pao\n|\n|upkeep\n|\n|t:|1746110426\n|switch|p1b: Ursaluna|Ursaluna, L50, M, shiny|100/100\n|turn|7\n|\n|t:|1746110436\n|move|p1b: Ursaluna|Facade|p2b: Lunala\n|-damage|p2b: Lunala|4/100\n|move|p2a: Ditto|Ice Spinner|p1b: Ursaluna\n|-supereffective|p1b: Ursaluna\n|-damage|p1b: Ursaluna|45/100\n|move|p2b: Lunala|Trick Room|p2b: Lunala\n|-fieldend|move: Trick Room\n|\n|-status|p1b: Ursaluna|brn|[from] item: Flame Orb\n|upkeep\n|turn|8\n|\n|t:|1746110443\n|move|p2a: Ditto|Ice Spinner|p1b: Ursaluna\n|-supereffective|p1b: Ursaluna\n|-damage|p1b: Ursaluna|0 fnt\n|faint|p1b: Ursaluna\n|\n|win|ImYouDuplica\n|raw|Cpt.Bubatz's rating: 1075 &rarr; <strong>1057</strong><br />(-18 for losing)\n|raw|ImYouDuplica's rating: 1127 &rarr; <strong>1148</strong><br />(+21 for winning)\n|l|\u2606Cpt.Bubatz\n|player|p1|\n", "uploadtime": 1746110468, "views": 6, "formatid": "gen9vgc2025regibo3", "rating": 1057, "private": 0, "password": null}