{"id": "gen9vgc2025regibo3-2354208429", "format": "[Gen 9] VGC 2025 Reg I (Bo3)", "players": ["KingNeptuno", "plaidhaxx"], "log": "|j|\u2606KingNeptuno\n|j|\u2606plaidhaxx\n|html|<table width=\"100%\"><tr><td align=\"left\">KingNeptuno</td><td align=\"right\">plaidhaxx</tr><tr><td align=\"left\"><i class=\"fa fa-circle\"></i> <i class=\"fa fa-circle-o\"></i> </td><td align=\"right\"><i class=\"fa fa-circle-o\"></i> <i class=\"fa fa-circle\"></i> </tr></table>\n|uhtml|bestof|<h2><strong>Game 3</strong> of <a href=\"/game-bestof3-gen9vgc2025regibo3-2354201872\">a best-of-3</a></h2>\n|t:|1746044786\n|gametype|doubles\n|player|p1|KingNeptuno|silver|\n|player|p2|plaidhaxx|volkner|\n|teamsize|p1|6\n|teamsize|p2|6\n|gen|9\n|tier|[Gen 9] VGC 2025 Reg I (Bo3)\n|rule|Species Clause: Limit one of each Pok\u00e9mon\n|rule|Item Clause: Limit 1 of each item\n|clearpoke\n|poke|p1|Incineroar, L50, F|\n|poke|p1|Terapagos, L50, M|\n|poke|p1|Rillaboom, L50, M|\n|poke|p1|Calyrex-Shadow, L50|\n|poke|p1|Ogerpon-Cornerstone, L50, F|\n|poke|p1|Whimsicott, L50, F|\n|poke|p2|Miraidon, L50|\n|poke|p2|Lunala, L50|\n|poke|p2|Whimsicott, L50, F|\n|poke|p2|Chi-Yu, L50|\n|poke|p2|Urshifu-*, L50, F|\n|poke|p2|Iron Hands, L50|\n|teampreview|4\n|showteam|p1|Incineroar||SafetyGoggles|Intimidate|FakeOut,FlareBlitz,WillOWisp,KnockOff|||F|||50|,,,,,Ghost]Terapagos||Leftovers|TeraShift|TeraStarstorm,EarthPower,CalmMind,Protect|||M|||50|,,,,,Stellar]Rillaboom||AssaultVest|GrassySurge|WoodHammer,GrassyGlide,FakeOut,Uturn|||M|||50|,,,,,Fire]Calyrex-Shadow||LifeOrb|AsOneSpectrier|AstralBarrage,Psychic,Disable,Protect||||||50|,,,,,Normal]Ogerpon-Cornerstone||CornerstoneMask|Sturdy|IvyCudgel,FollowMe,HornLeech,SpikyShield|||F|||50|,,,,,Rock]Whimsicott||FocusSash|Prankster|Moonblast,Encore,Tailwind,Protect|||F|||50|,,,,,Ghost\n|showteam|p2|Miraidon||ChoiceSpecs|HadronEngine|ElectroDrift,VoltSwitch,DracoMeteor,DazzlingGleam||||||50|,,,,,Fairy]Lunala||ElectricSeed|ShadowShield|MoongeistBeam,Psyshock,TrickRoom,WideGuard||||||50|,,,,,Water]Whimsicott||CovertCloak|Prankster|Moonblast,Tailwind,Encore,LightScreen|||F|||50|,,,,,Dark]Chi-Yu||ChoiceScarf|BeadsofRuin|HeatWave,DarkPulse,Overheat,Snarl||||||50|,,,,,Ghost]Urshifu-Rapid-Strike||FocusSash|UnseenFist|SurgingStrikes,CloseCombat,AquaJet,Detect|||F|||50|,,,,,Stellar]Iron Hands||AssaultVest|QuarkDrive|DrainPunch,LowKick,HeavySlam,FakeOut||||||50|,,,,,Water\n|inactive|Battle timer is ON: inactive players will automatically lose when time's up. (requested by plaidhaxx)\n|\n|t:|1746044812\n|start\n|switch|p1a: Incineroar|Incineroar, L50, F|100/100\n|switch|p1b: Whimsicott|Whimsicott, L50, F|100/100\n|switch|p2a: Miraidon|Miraidon, L50|100/100\n|switch|p2b: Whimsicott|Whimsicott, L50, F|100/100\n|-fieldstart|move: Electric Terrain|[from] ability: Hadron Engine|[of] p2a: Miraidon\n|-ability|p1a: Incineroar|Intimidate|boost\n|-unboost|p2a: Miraidon|atk|1\n|-unboost|p2b: Whimsicott|atk|1\n|turn|1\n|\n|t:|1746044827\n|switch|p2a: Lunala|Lunala, L50|100/100\n|-enditem|p2a: Lunala|Electric Seed\n|-boost|p2a: Lunala|def|1|[from] item: Electric Seed\n|move|p1a: Incineroar|Fake Out|p2a: Lunala\n|-immune|p2a: Lunala\n|move|p2b: Whimsicott|Tailwind|p2b: Whimsicott\n|-sidestart|p2: plaidhaxx|move: Tailwind\n|move|p1b: Whimsicott|Moonblast|p2a: Lunala\n|-damage|p2a: Lunala|87/100\n|-unboost|p2a: Lunala|spa|1\n|\n|upkeep\n|turn|2\n|\n|t:|1746044849\n|move|p2b: Whimsicott|Light Screen|p2b: Whimsicott\n|-sidestart|p2: plaidhaxx|move: Light Screen\n|move|p2a: Lunala|Moongeist Beam|p1b: Whimsicott\n|-damage|p1b: Whimsicott|34/100\n|move|p1b: Whimsicott|Moonblast|p2b: Whimsicott\n|-damage|p2b: Whimsicott|74/100\n|move|p1a: Incineroar|Flare Blitz|p2b: Whimsicott\n|-supereffective|p2b: Whimsicott\n|-damage|p2b: Whimsicott|0 fnt\n|faint|p2b: Whimsicott\n|-damage|p1a: Incineroar|80/100|[from] Recoil\n|\n|upkeep\n|\n|t:|1746044868\n|switch|p2b: Miraidon|Miraidon, L50|100/100\n|-activate|p2b: Miraidon|ability: Hadron Engine\n|turn|3\n|\n|t:|1746044875\n|move|p1b: Whimsicott|Protect|p1b: Whimsicott\n|-singleturn|p1b: Whimsicott|Protect\n|move|p2b: Miraidon|Electro Drift|p1a: Incineroar\n|-damage|p1a: Incineroar|0 fnt\n|faint|p1a: Incineroar\n|move|p2a: Lunala|Moongeist Beam|p1b: Whimsicott\n|-activate|p1b: Whimsicott|move: Protect\n|\n|upkeep\n|\n|t:|1746044886\n|switch|p1a: Terapagos|Terapagos, L50, M|100/100\n|-activate|p1a: Terapagos|ability: Tera Shift\n|detailschange|p1a: Terapagos|Terapagos-Terastal, L50, M\n|-heal|p1a: Terapagos|100/100|[silent]\n|turn|4\n|\n|t:|1746044896\n|-terastallize|p1a: Terapagos|Stellar\n|detailschange|p1a: Terapagos|Terapagos-Stellar, L50, M, tera:Stellar\n|-heal|p1a: Terapagos|100/100|[silent]\n|-ability|p1a: Terapagos|Teraform Zero\n|-fieldend|move: Electric Terrain\n|move|p1b: Whimsicott|Encore|p2a: Lunala\n|-start|p2a: Lunala|Encore\n|move|p2b: Miraidon|Electro Drift|p1a: Terapagos\n|-damage|p1a: Terapagos|43/100\n|move|p2a: Lunala|Moongeist Beam|p1b: Whimsicott\n|-damage|p1b: Whimsicott|0 fnt\n|faint|p1b: Whimsicott\n|move|p1a: Terapagos|Calm Mind|p1a: Terapagos\n|-boost|p1a: Terapagos|spa|1\n|-boost|p1a: Terapagos|spd|1\n|\n|-heal|p1a: Terapagos|50/100|[from] item: Leftovers\n|-sideend|p2: plaidhaxx|move: Tailwind\n|upkeep\n|\n|t:|1746044909\n|switch|p1b: Calyrex|Calyrex-Shadow, L50|100/100\n|-ability|p1b: Calyrex|As One\n|-ability|p1b: Calyrex|Unnerve\n|turn|5\n|\n|t:|1746044927\n|-terastallize|p2a: Lunala|Water\n|move|p1b: Calyrex|Disable|p2a: Lunala\n|-start|p2a: Lunala|Disable|Moongeist Beam\n|move|p2b: Miraidon|Electro Drift|p1a: Terapagos\n|-damage|p1a: Terapagos|11/100\n|cant|p2a: Lunala|Disable|Moongeist Beam\n|move|p1a: Terapagos|Tera Starstorm|p2a: Lunala|[spread] p2a,p2b\n|-supereffective|p2a: Lunala\n|-damage|p2a: Lunala|27/100\n|-damage|p2b: Miraidon|70/100\n|\n|-heal|p1a: Terapagos|17/100|[from] item: Leftovers\n|upkeep\n|turn|6\n|\n|t:|1746044948\n|switch|p2a: Chi-Yu|Chi-Yu, L50|100/100\n|-ability|p2a: Chi-Yu|Beads of Ruin\n|move|p1b: Calyrex|Disable|p2b: Miraidon\n|-start|p2b: Miraidon|Disable|Electro Drift\n|cant|p2b: Miraidon|Disable|Electro Drift\n|move|p1a: Terapagos|Tera Starstorm|p2b: Miraidon|[spread] p2a,p2b\n|-damage|p2a: Chi-Yu|52/100\n|-damage|p2b: Miraidon|30/100\n|\n|-heal|p1a: Terapagos|23/100|[from] item: Leftovers\n|-sideend|p2: plaidhaxx|move: Light Screen\n|upkeep\n|turn|7\n|inactive|KingNeptuno has 30 seconds left.\n|\n|t:|1746044980\n|switch|p2b: Lunala|Lunala, L50, tera:Water|27/100\n|move|p2a: Chi-Yu|Snarl|p1b: Calyrex|[spread] p1a,p1b\n|-supereffective|p1b: Calyrex\n|-damage|p1a: Terapagos|9/100\n|-damage|p1b: Calyrex|0 fnt\n|-unboost|p1a: Terapagos|spa|1\n|faint|p1b: Calyrex\n|move|p1a: Terapagos|Tera Starstorm|p2b: Lunala|[spread] p2a,p2b\n|-supereffective|p2b: Lunala\n|-damage|p2a: Chi-Yu|3/100\n|-damage|p2b: Lunala|0 fnt\n|faint|p2b: Lunala\n|\n|-heal|p1a: Terapagos|15/100|[from] item: Leftovers\n|upkeep\n|\n|t:|1746044992\n|switch|p2b: Miraidon|Miraidon, L50|30/100\n|-fieldstart|move: Electric Terrain|[from] ability: Hadron Engine|[of] p2b: Miraidon\n|turn|8\n|\n|t:|1746044999\n|move|p1a: Terapagos|Protect|p1a: Terapagos\n|-singleturn|p1a: Terapagos|Protect\n|move|p2a: Chi-Yu|Snarl|p1a: Terapagos\n|-activate|p1a: Terapagos|move: Protect\n|move|p2b: Miraidon|Electro Drift|p1a: Terapagos\n|-activate|p1a: Terapagos|move: Protect\n|\n|-heal|p1a: Terapagos|22/100|[from] item: Leftovers\n|upkeep\n|turn|9\n|\n|t:|1746045005\n|move|p2a: Chi-Yu|Snarl|p1a: Terapagos\n|-crit|p1a: Terapagos\n|-damage|p1a: Terapagos|0 fnt\n|faint|p1a: Terapagos\n|\n|win|plaidhaxx\n|l|\u2606KingNeptuno\n|player|p1|\n", "uploadtime": 1746045027, "views": 8, "formatid": "gen9vgc2025regibo3", "rating": null, "private": 0, "password": null}