{"id": "gen9vgc2025regibo3-2353849962", "format": "[Gen 9] VGC 2025 Reg I (Bo3)", "players": ["bigpezzy3", "FinalFentanylVII"], "log": "|j|\u2606bigpezzy3\n|j|\u2606FinalFentanylVII\n|html|<table width=\"100%\"><tr><td align=\"left\">bigpezzy3</td><td align=\"right\">FinalFentanylVII</tr><tr><td align=\"left\"><i class=\"fa fa-circle\"></i> <i class=\"fa fa-circle-o\"></i> </td><td align=\"right\"><i class=\"fa fa-circle-o\"></i> <i class=\"fa fa-circle\"></i> </tr></table>\n|uhtml|bestof|<h2><strong>Game 3</strong> of <a href=\"/game-bestof3-gen9vgc2025regibo3-2353847161\">a best-of-3</a></h2>\n|t:|1746010075\n|gametype|doubles\n|player|p1|bigpezzy3|roark|1103\n|player|p2|FinalFentanylVII|blue|1181\n|teamsize|p1|6\n|teamsize|p2|6\n|gen|9\n|tier|[Gen 9] VGC 2025 Reg I (Bo3)\n|rated|\n|rule|Species Clause: Limit one of each Pok\u00e9mon\n|rule|Item Clause: Limit 1 of each item\n|clearpoke\n|poke|p1|Calyrex-Shadow, L50|\n|poke|p1|Koraidon, L50|\n|poke|p1|Chi-Yu, L50|\n|poke|p1|Whimsicott, L50, M|\n|poke|p1|Ogerpon-Cornerstone, L50, F|\n|poke|p1|Raging Bolt, L50|\n|poke|p2|Calyrex-Shadow, L50|\n|poke|p2|Zamazenta-*, L50|\n|poke|p2|Incineroar, L50, M|\n|poke|p2|Rillaboom, L50, F|\n|poke|p2|Urshifu-*, L50, F|\n|poke|p2|Tornadus, L50, M|\n|teampreview|4\n|showteam|p1|Calyrex-Shadow||FocusSash|AsOneSpectrier|AstralBarrage,Psychic,WillOWisp,Protect||||||50|,,,,,Normal]Koraidon||LifeOrb|OrichalcumPulse|CloseCombat,FlareBlitz,FlameCharge,Protect||||||50|,,,,,Fire]Chi-Yu||ChoiceScarf|BeadsofRuin|DarkPulse,HeatWave,Overheat,Snarl||||||50|,,,,,Ghost]Whimsicott||CovertCloak|Prankster|HelpingHand,Moonblast,Tailwind,Encore|||M|||50|,,,,,Dark]Ogerpon-Cornerstone||CornerstoneMask|Sturdy|FollowMe,IvyCudgel,SpikyShield,PowerWhip|||F|||50|,,,,,Rock]Raging Bolt||ChoiceSpecs|Protosynthesis|DracoMeteor,Thunderclap,Thunderbolt,VoltSwitch||||||50|,,,,,Electric\n|showteam|p2|Calyrex-Shadow||LifeOrb|AsOneSpectrier|AstralBarrage,Psychic,NastyPlot,Protect||||||50|,,,,,Dark]Zamazenta-Crowned||RustedShield|DauntlessShield|BodyPress,behemothbash,WideGuard,Protect||||||50|,,,,,Dragon]Incineroar||RockyHelmet|Intimidate|KnockOff,PartingShot,FakeOut,HelpingHand|||M|||50|,,,,,Bug]Rillaboom||AssaultVest|GrassySurge|FakeOut,GrassyGlide,WoodHammer,Uturn|||F|||50|,,,,,Grass]Urshifu-Rapid-Strike||ChoiceScarf|UnseenFist|SurgingStrikes,CloseCombat,AquaJet,Uturn|||F|||50|,,,,,Ghost]Tornadus||FocusSash|Prankster|BleakwindStorm,Tailwind,RainDance,Protect|||M|||50|,,,,,Dark\n|inactive|Battle timer is ON: inactive players will automatically lose when time's up. (requested by bigpezzy3)\n|\n|t:|1746010100\n|start\n|switch|p1a: Horse Girl|Calyrex-Shadow, L50|100/100\n|switch|p1b: Mini|Raging Bolt, L50|100/100\n|switch|p2a: Rillaboom|Rillaboom, L50, F|100/100\n|switch|p2b: Incineroar|Incineroar, L50, M|100/100\n|-ability|p1a: Horse Girl|As One\n|-ability|p1a: Horse Girl|Unnerve\n|-fieldstart|move: Grassy Terrain|[from] ability: Grassy Surge|[of] p2a: Rillaboom\n|-ability|p2b: Incineroar|Intimidate|boost\n|-unboost|p1a: Horse Girl|atk|1\n|-unboost|p1b: Mini|atk|1\n|turn|1\n|inactive|bigpezzy3 has 30 seconds left.\n|inactive|FinalFentanylVII has 30 seconds left.\n|inactive|bigpezzy3 has 20 seconds left.\n|inactive|FinalFentanylVII has 20 seconds left.\n|inactive|bigpezzy3 has 15 seconds left.\n|\n|t:|1746010142\n|-terastallize|p1a: Horse Girl|Normal\n|move|p2a: Rillaboom|Fake Out|p1b: Mini\n|-damage|p1b: Mini|88/100\n|move|p1a: Horse Girl|Astral Barrage|p2b: Incineroar|[spread] p2a,p2b\n|-resisted|p2b: Incineroar\n|-damage|p2a: Rillaboom|61/100\n|-damage|p2b: Incineroar|76/100\n|cant|p1b: Mini|flinch\n|move|p2b: Incineroar|Parting Shot|p1b: Mini\n|-unboost|p1b: Mini|atk|1\n|-unboost|p1b: Mini|spa|1\n|\n|t:|1746010151\n|switch|p2b: Zamazenta|Zamazenta-Crowned, L50|100/100|[from] Parting Shot\n|-ability|p2b: Zamazenta|Dauntless Shield|boost\n|-boost|p2b: Zamazenta|def|1\n|\n|-heal|p1b: Mini|94/100|[from] Grassy Terrain\n|-heal|p2a: Rillaboom|67/100|[from] Grassy Terrain\n|upkeep\n|turn|2\n|inactive|bigpezzy3 has 30 seconds left.\n|inactive|FinalFentanylVII has 30 seconds left.\n|\n|t:|1746010183\n|move|p1a: Horse Girl|Protect|p1a: Horse Girl\n|-singleturn|p1a: Horse Girl|Protect\n|move|p2b: Zamazenta|Body Press|p1b: Mini\n|-damage|p1b: Mini|31/100\n|move|p1b: Mini|Volt Switch|p2b: Zamazenta\n|-damage|p2b: Zamazenta|70/100\n|\n|t:|1746010196\n|-end|p1b: Mini|Protosynthesis|[silent]\n|switch|p1b: Gingerbread|Whimsicott, L50, M|100/100|[from] Volt Switch\n|move|p2a: Rillaboom|U-turn|p1a: Horse Girl\n|-activate|p1a: Horse Girl|move: Protect\n|\n|-heal|p2b: Zamazenta|76/100|[from] Grassy Terrain\n|-heal|p2a: Rillaboom|73/100|[from] Grassy Terrain\n|upkeep\n|turn|3\n|inactive|bigpezzy3 has 30 seconds left.\n|\n|t:|1746010231\n|move|p1a: Horse Girl|Psychic|p2b: Zamazenta\n|-damage|p2b: Zamazenta|36/100\n|move|p2b: Zamazenta|Body Press|p1a: Horse Girl\n|-supereffective|p1a: Horse Girl\n|-enditem|p1a: Horse Girl|Focus Sash\n|-damage|p1a: Horse Girl|1/100\n|move|p1b: Gingerbread|Moonblast|p2b: Zamazenta\n|-damage|p2b: Zamazenta|14/100\n|-unboost|p2b: Zamazenta|spa|1\n|move|p2a: Rillaboom|U-turn|p1a: Horse Girl\n|-damage|p1a: Horse Girl|0 fnt\n|faint|p1a: Horse Girl\n|\n|t:|1746010249\n|switch|p2a: Calyrex|Calyrex-Shadow, L50|100/100|[from] U-turn\n|-ability|p2a: Calyrex|As One\n|-ability|p2a: Calyrex|Unnerve\n|\n|-heal|p2b: Zamazenta|20/100|[from] Grassy Terrain\n|upkeep\n|\n|t:|1746010271\n|switch|p1a: Sun Bike|Koraidon, L50|100/100\n|-weather|SunnyDay|[from] ability: Orichalcum Pulse|[of] p1a: Sun Bike\n|-activate|p1a: Sun Bike|Orichalcum Pulse|[source]\n|turn|4\n|inactive|bigpezzy3 has 30 seconds left.\n|\n|t:|1746010304\n|switch|p2b: Incineroar|Incineroar, L50, M|76/100\n|-ability|p2b: Incineroar|Intimidate|boost\n|-unboost|p1a: Sun Bike|atk|1\n|-unboost|p1b: Gingerbread|atk|1\n|move|p2a: Calyrex|Protect|p2a: Calyrex\n|-singleturn|p2a: Calyrex|Protect\n|move|p1b: Gingerbread|Tailwind|p1b: Gingerbread\n|-sidestart|p1: bigpezzy3|move: Tailwind\n|move|p1a: Sun Bike|Flare Blitz|p2a: Calyrex\n|-activate|p2a: Calyrex|move: Protect\n|\n|-weather|SunnyDay|[upkeep]\n|-heal|p2b: Incineroar|82/100|[from] Grassy Terrain\n|upkeep\n|turn|5\n|inactive|FinalFentanylVII has 30 seconds left.\n|\n|t:|1746010335\n|switch|p2a: Zamazenta|Zamazenta-Crowned, L50|20/100\n|move|p1a: Sun Bike|Protect|p1a: Sun Bike\n|-singleturn|p1a: Sun Bike|Protect\n|move|p1b: Gingerbread|Encore||[still]\n|-fail|p1b: Gingerbread\n|move|p2b: Incineroar|Parting Shot|p1a: Sun Bike\n|-activate|p1a: Sun Bike|move: Protect\n|\n|-weather|SunnyDay|[upkeep]\n|-heal|p2a: Zamazenta|26/100|[from] Grassy Terrain\n|-heal|p2b: Incineroar|88/100|[from] Grassy Terrain\n|-fieldend|move: Grassy Terrain\n|upkeep\n|turn|6\n|inactive|bigpezzy3 has 30 seconds left.\n|inactive|bigpezzy3 has 20 seconds left.\n|\n|t:|1746010371\n|-terastallize|p2b: Incineroar|Bug\n|move|p1a: Sun Bike|Flame Charge|p2a: Zamazenta\n|-supereffective|p2a: Zamazenta\n|-damage|p2a: Zamazenta|0 fnt\n|-boost|p1a: Sun Bike|spe|1\n|faint|p2a: Zamazenta\n|-damage|p1a: Sun Bike|91/100|[from] item: Life Orb\n|move|p1b: Gingerbread|Moonblast|p2b: Incineroar\n|-damage|p2b: Incineroar|63/100\n|move|p2b: Incineroar|Parting Shot|p1a: Sun Bike\n|-unboost|p1a: Sun Bike|atk|1\n|-unboost|p1a: Sun Bike|spa|1\n|\n|t:|1746010386\n|switch|p2b: Calyrex|Calyrex-Shadow, L50|100/100|[from] Parting Shot\n|-ability|p2b: Calyrex|As One\n|-ability|p2b: Calyrex|Unnerve\n|\n|-weather|SunnyDay|[upkeep]\n|upkeep\n|\n|t:|1746010406\n|switch|p2a: Rillaboom|Rillaboom, L50, F|73/100\n|-fieldstart|move: Grassy Terrain|[from] ability: Grassy Surge|[of] p2a: Rillaboom\n|turn|7\n|inactive|bigpezzy3 has 30 seconds left.\n|inactive|bigpezzy3 has 20 seconds left.\n|\n|t:|1746010455\n|switch|p1b: Mini|Raging Bolt, L50|31/100\n|-activate|p1b: Mini|ability: Protosynthesis\n|-start|p1b: Mini|protosynthesisspa\n|move|p1a: Sun Bike|Protect|p1a: Sun Bike\n|-singleturn|p1a: Sun Bike|Protect\n|move|p2b: Calyrex|Astral Barrage|p1b: Mini|[spread] p1b\n|-activate|p1a: Sun Bike|move: Protect\n|-damage|p1b: Mini|0 fnt\n|faint|p1b: Mini\n|-end|p1b: Mini|Protosynthesis|[silent]\n|-ability|p2b: Calyrex|Grim Neigh|boost\n|-boost|p2b: Calyrex|spa|1\n|-damage|p2b: Calyrex|91/100|[from] item: Life Orb\n|move|p2a: Rillaboom|U-turn|p1a: Sun Bike\n|-activate|p1a: Sun Bike|move: Protect\n|\n|-weather|SunnyDay|[upkeep]\n|-heal|p1a: Sun Bike|97/100|[from] Grassy Terrain\n|-heal|p2b: Calyrex|97/100|[from] Grassy Terrain\n|-heal|p2a: Rillaboom|79/100|[from] Grassy Terrain\n|-sideend|p1: bigpezzy3|move: Tailwind\n|upkeep\n|\n|t:|1746010459\n|switch|p1b: Gingerbread|Whimsicott, L50, M|100/100\n|turn|8\n|inactive|bigpezzy3 has 30 seconds left.\n|\n|t:|1746010485\n|switch|p2a: Incineroar|Incineroar, L50, M, tera:Bug|63/100\n|-ability|p2a: Incineroar|Intimidate|boost\n|-unboost|p1a: Sun Bike|atk|1\n|-unboost|p1b: Gingerbread|atk|1\n|move|p1a: Sun Bike|Flare Blitz|p2b: Calyrex\n|-damage|p2b: Calyrex|49/100\n|-damage|p1a: Sun Bike|80/100|[from] Recoil\n|-damage|p1a: Sun Bike|70/100|[from] item: Life Orb\n|move|p2b: Calyrex|Psychic|p1a: Sun Bike\n|-supereffective|p1a: Sun Bike\n|-damage|p1a: Sun Bike|0 fnt\n|faint|p1a: Sun Bike\n|-ability|p2b: Calyrex|Grim Neigh|boost\n|-boost|p2b: Calyrex|spa|1\n|-damage|p2b: Calyrex|40/100|[from] item: Life Orb\n|move|p1b: Gingerbread|Moonblast|p2b: Calyrex\n|-damage|p2b: Calyrex|12/100\n|\n|-weather|none\n|-heal|p2b: Calyrex|18/100|[from] Grassy Terrain\n|-heal|p2a: Incineroar|69/100|[from] Grassy Terrain\n|upkeep\n|turn|9\n|c|\u2606bigpezzy3|gg\n|\n|t:|1746010506\n|switch|p2b: Rillaboom|Rillaboom, L50, F|79/100\n|move|p1b: Gingerbread|Moonblast|p2b: Rillaboom\n|-damage|p2b: Rillaboom|61/100\n|move|p2a: Incineroar|Knock Off|p1b: Gingerbread\n|-resisted|p1b: Gingerbread\n|-damage|p1b: Gingerbread|75/100\n|-enditem|p1b: Gingerbread|Covert Cloak|[from] move: Knock Off|[of] p2a: Incineroar\n|\n|-heal|p1b: Gingerbread|81/100|[from] Grassy Terrain\n|-heal|p2b: Rillaboom|67/100|[from] Grassy Terrain\n|-heal|p2a: Incineroar|75/100|[from] Grassy Terrain\n|upkeep\n|turn|10\n|\n|t:|1746010519\n|move|p2b: Rillaboom|Fake Out|p1b: Gingerbread\n|-damage|p1b: Gingerbread|65/100\n|cant|p1b: Gingerbread|flinch\n|move|p2a: Incineroar|Parting Shot|p1b: Gingerbread\n|-unboost|p1b: Gingerbread|atk|1\n|-unboost|p1b: Gingerbread|spa|1\n|\n|t:|1746010521\n|switch|p2a: Calyrex|Calyrex-Shadow, L50|18/100|[from] Parting Shot\n|-ability|p2a: Calyrex|As One\n|-ability|p2a: Calyrex|Unnerve\n|\n|-heal|p2a: Calyrex|24/100|[from] Grassy Terrain\n|-heal|p1b: Gingerbread|71/100|[from] Grassy Terrain\n|-heal|p2b: Rillaboom|73/100|[from] Grassy Terrain\n|upkeep\n|turn|11\n|\n|t:|1746010533\n|move|p2a: Calyrex|Astral Barrage|p1b: Gingerbread\n|-damage|p1b: Gingerbread|0 fnt\n|faint|p1b: Gingerbread\n|-damage|p2a: Calyrex|14/100|[from] item: Life Orb\n|\n|win|FinalFentanylVII\n|raw|bigpezzy3's rating: 1103 &rarr; <strong>1084</strong><br />(-19 for losing)\n|raw|FinalFentanylVII's rating: 1181 &rarr; <strong>1200</strong><br />(+19 for winning)\n|l|\u2606FinalFentanylVII\n|player|p2|\n", "uploadtime": 1746010572, "views": 8, "formatid": "gen9vgc2025regibo3", "rating": 1084, "private": 0, "password": null}