{"id": "gen9vgc2025regibo3-2354908139", "format": "[Gen 9] VGC 2025 Reg I (Bo3)", "players": ["Urric", "MXASSYS"], "log": "|j|\u2606Urric\n|j|\u2606MXASSYS\n|html|<table width=\"100%\"><tr><td align=\"left\">Urric</td><td align=\"right\">MXASSYS</tr><tr><td align=\"left\"><i class=\"fa fa-circle-o\"></i> <i class=\"fa fa-circle-o\"></i> </td><td align=\"right\"><i class=\"fa fa-circle-o\"></i> <i class=\"fa fa-circle-o\"></i> </tr></table>\n|uhtml|bestof|<h2><strong>Game 1</strong> of <a href=\"/game-bestof3-gen9vgc2025regibo3-2354908138\">a best-of-3</a></h2>\n|t:|1746130643\n|gametype|doubles\n|player|p1|Urric|wattson|1040\n|player|p2|MXASSYS|hilbert-wonderlauncher|1000\n|teamsize|p1|6\n|teamsize|p2|6\n|gen|9\n|tier|[Gen 9] VGC 2025 Reg I (Bo3)\n|rated|\n|rule|Species Clause: Limit one of each Pok\u00e9mon\n|rule|Item Clause: Limit 1 of each item\n|clearpoke\n|poke|p1|Koraidon, L50|\n|poke|p1|Chi-Yu, L50|\n|poke|p1|Rillaboom, L50, M|\n|poke|p1|Raging Bolt, L50|\n|poke|p1|Zacian-*, L50|\n|poke|p1|Flutter Mane, L50|\n|poke|p2|Rillaboom, L50, M|\n|poke|p2|Giratina, L50|\n|poke|p2|Ursaluna, L50, F|\n|poke|p2|Indeedee-F, L50, F|\n|poke|p2|Ogerpon-Wellspring, L50, F|\n|poke|p2|Gallade, L50, M|\n|teampreview|4\n|showteam|p1|Koraidon||ClearAmulet|OrichalcumPulse|CollisionCourse,FlareBlitz,Protect,DragonClaw||||||50|,,,,,Fire]Chi-Yu||LifeOrb|BeadsofRuin|HeatWave,DarkPulse,Protect,Snarl||||||50|,,,,,Fire]Rillaboom||AssaultVest|GrassySurge|GrassyGlide,FakeOut,WoodHammer,Uturn|||M|||50|,,,,,Water]Raging Bolt||CovertCloak|Protosynthesis|Snarl,Thunderclap,DracoMeteor,Thunderbolt||||||50|,,,,,Fairy]Zacian-Crowned||RustedSword|IntrepidSword|behemothblade,PlayRough,SacredSword,Protect||||||50|,,,,,Fire]Flutter Mane||FocusSash|Protosynthesis|IcyWind,Moonblast,ShadowBall,Protect||||||50|,,,,,Normal\n|showteam|p2|Rillaboom||AssaultVest|GrassySurge|WoodHammer,GrassyGlide,FakeOut,KnockOff|||M|||50|,,,,,Grass]Giratina||ClearAmulet|Telepathy|ShadowForce,DragonClaw,Curse,Protect||||||50|,,,,,Fairy]Ursaluna||FlameOrb|Guts|Facade,HeadlongRush,Earthquake,Protect|||F|||50|,,,,,Ground]Indeedee-F||RockyHelmet|PsychicSurge|FollowMe,HelpingHand,HealPulse,TrickRoom|||F|||50|,,,,,Grass]Ogerpon-Wellspring||WellspringMask|WaterAbsorb|IvyCudgel,WoodHammer,FollowMe,Taunt|||F|||50|,,,,,Water]Gallade||PsychicSeed|Sharpness|SacredSword,PsychoCut,WideGuard,TrickRoom|||M|||50|,,,,,Fire\n|\n|t:|1746130664\n|start\n|switch|p1a: Koraidon|Koraidon, L50|100/100\n|switch|p1b: Chi-Yu|Chi-Yu, L50|100/100\n|switch|p2a: Indeedee|Indeedee-F, L50, F, shiny|100/100\n|switch|p2b: Ogerpon|Ogerpon-Wellspring, L50, F|100/100\n|-weather|SunnyDay|[from] ability: Orichalcum Pulse|[of] p1a: Koraidon\n|-activate|p1a: Koraidon|Orichalcum Pulse|[source]\n|-ability|p1b: Chi-Yu|Beads of Ruin\n|-fieldstart|move: Psychic Terrain|[from] ability: Psychic Surge|[of] p2a: Indeedee\n|turn|1\n|inactive|Battle timer is ON: inactive players will automatically lose when time's up. (requested by MXASSYS)\n|\n|t:|1746130689\n|-terastallize|p1b: Chi-Yu|Fire\n|move|p2a: Indeedee|Helping Hand|p2b: Ogerpon\n|-singleturn|p2b: Ogerpon|Helping Hand|[of] p2a: Indeedee\n|move|p1a: Koraidon|Protect|p1a: Koraidon\n|-singleturn|p1a: Koraidon|Protect\n|move|p2b: Ogerpon|Ivy Cudgel|p1b: Chi-Yu|[anim] Ivy Cudgel Water\n|-supereffective|p1b: Chi-Yu\n|-damage|p1b: Chi-Yu|0 fnt\n|faint|p1b: Chi-Yu\n|\n|-weather|SunnyDay|[upkeep]\n|upkeep\n|\n|t:|1746130702\n|switch|p1b: Flutter Mane|Flutter Mane, L50|100/100\n|-activate|p1b: Flutter Mane|ability: Protosynthesis\n|-start|p1b: Flutter Mane|protosynthesisspe\n|turn|2\n|\n|t:|1746130724\n|move|p1b: Flutter Mane|Icy Wind|p2a: Indeedee|[spread] p2a,p2b\n|-damage|p2a: Indeedee|85/100\n|-damage|p2b: Ogerpon|84/100\n|-unboost|p2a: Indeedee|spe|1\n|-unboost|p2b: Ogerpon|spe|1\n|move|p1a: Koraidon|Flare Blitz|p2a: Indeedee\n|-damage|p2a: Indeedee|1/100\n|-damage|p1a: Koraidon|84/100|[from] item: Rocky Helmet|[of] p2a: Indeedee\n|-damage|p1a: Koraidon|56/100|[from] Recoil\n|move|p2b: Ogerpon|Taunt|p1a: Koraidon\n|-start|p1a: Koraidon|move: Taunt\n|move|p2a: Indeedee|Trick Room|p2a: Indeedee\n|-fieldstart|move: Trick Room|[of] p2a: Indeedee\n|\n|-weather|SunnyDay|[upkeep]\n|upkeep\n|turn|3\n|\n|t:|1746130748\n|move|p2a: Indeedee|Heal Pulse|p2b: Ogerpon\n|-heal|p2b: Ogerpon|100/100\n|move|p2b: Ogerpon|Taunt|p1b: Flutter Mane\n|-start|p1b: Flutter Mane|move: Taunt\n|move|p1a: Koraidon|Collision Course|p2b: Ogerpon\n|-damage|p2b: Ogerpon|4/100\n|move|p1b: Flutter Mane|Icy Wind|p2b: Ogerpon|[spread] p2a,p2b\n|-damage|p2a: Indeedee|0 fnt\n|-damage|p2b: Ogerpon|0 fnt\n|faint|p2a: Indeedee\n|faint|p2b: Ogerpon\n|\n|-weather|SunnyDay|[upkeep]\n|upkeep\n|\n|t:|1746130754\n|switch|p2a: Giratina|Giratina, L50, shiny|100/100\n|switch|p2b: Rillaboom|Rillaboom, L50, M, shiny|100/100\n|-fieldstart|move: Grassy Terrain|[from] ability: Grassy Surge|[of] p2b: Rillaboom\n|turn|4\n|inactive|Urric has 30 seconds left.\n|inactive|MXASSYS has 30 seconds left.\n|\n|t:|1746130790\n|switch|p1a: Zacian|Zacian-Crowned, L50|100/100\n|-ability|p1a: Zacian|Intrepid Sword|boost\n|-boost|p1a: Zacian|atk|1\n|-terastallize|p2a: Giratina|Fairy\n|move|p2b: Rillaboom|Fake Out|p1b: Flutter Mane\n|-immune|p1b: Flutter Mane\n|move|p2a: Giratina|Dragon Claw|p1a: Zacian\n|-immune|p1a: Zacian\n|move|p1b: Flutter Mane|Icy Wind|p2b: Rillaboom|[spread] p2a,p2b\n|-supereffective|p2b: Rillaboom\n|-damage|p2a: Giratina|92/100\n|-damage|p2b: Rillaboom|72/100\n|-unboost|p2b: Rillaboom|spe|1\n|\n|-weather|SunnyDay|[upkeep]\n|-heal|p2a: Giratina|98/100|[from] Grassy Terrain\n|-heal|p2b: Rillaboom|78/100|[from] Grassy Terrain\n|upkeep\n|turn|5\n|inactive|Urric has 30 seconds left.\n|inactive|MXASSYS has 30 seconds left.\n|\n|t:|1746130825\n|move|p2a: Giratina|Shadow Force||[still]\n|-prepare|p2a: Giratina|Shadow Force\n|move|p2b: Rillaboom|Wood Hammer|p1a: Zacian\n|-resisted|p1a: Zacian\n|-damage|p1a: Zacian|61/100\n|-damage|p2b: Rillaboom|66/100|[from] Recoil\n|move|p1a: Zacian|Behemoth Blade|p2a: Giratina|[miss]\n|-miss|p1a: Zacian|p2a: Giratina\n|move|p1b: Flutter Mane|Shadow Ball|p2a: Giratina|[miss]\n|-miss|p1b: Flutter Mane|p2a: Giratina\n|\n|-weather|none\n|-end|p1b: Flutter Mane|Protosynthesis\n|-heal|p2b: Rillaboom|72/100|[from] Grassy Terrain\n|-heal|p1a: Zacian|67/100|[from] Grassy Terrain\n|-end|p1b: Flutter Mane|move: Taunt\n|upkeep\n|turn|6\n|\n|t:|1746130845\n|move|p1b: Flutter Mane|Protect|p1b: Flutter Mane\n|-singleturn|p1b: Flutter Mane|Protect\n|move|p1a: Zacian|Protect|p1a: Zacian\n|-singleturn|p1a: Zacian|Protect\n|move|p2a: Giratina|Shadow Force|p1b: Flutter Mane|[from] lockedmove\n|-activate|p1b: Flutter Mane|move: Shadow Force|[broken]\n|-supereffective|p1b: Flutter Mane\n|-enditem|p1b: Flutter Mane|Focus Sash\n|-damage|p1b: Flutter Mane|1/100\n|move|p2b: Rillaboom|Wood Hammer|p1a: Zacian\n|-activate|p1a: Zacian|move: Protect\n|\n|-heal|p2a: Giratina|100/100|[from] Grassy Terrain\n|-heal|p2b: Rillaboom|78/100|[from] Grassy Terrain\n|-heal|p1b: Flutter Mane|7/100|[from] Grassy Terrain\n|-heal|p1a: Zacian|73/100|[from] Grassy Terrain\n|-fieldend|move: Trick Room\n|upkeep\n|turn|7\n|inactive|Urric has 30 seconds left.\n|inactive|Urric has 20 seconds left.\n|inactive|Urric has 15 seconds left.\n|\n|t:|1746130887\n|move|p2a: Giratina|Protect|p2a: Giratina\n|-singleturn|p2a: Giratina|Protect\n|move|p2b: Rillaboom|Grassy Glide|p1b: Flutter Mane\n|-damage|p1b: Flutter Mane|0 fnt\n|faint|p1b: Flutter Mane\n|-end|p1b: Flutter Mane|Protosynthesis|[silent]\n|move|p1a: Zacian|Behemoth Blade|p2a: Giratina\n|-activate|p2a: Giratina|move: Protect\n|\n|-heal|p1a: Zacian|79/100|[from] Grassy Terrain\n|-heal|p2b: Rillaboom|85/100|[from] Grassy Terrain\n|upkeep\n|\n|t:|1746130898\n|switch|p1b: Koraidon|Koraidon, L50|56/100\n|-weather|SunnyDay|[from] ability: Orichalcum Pulse|[of] p1b: Koraidon\n|-activate|p1b: Koraidon|Orichalcum Pulse|[source]\n|turn|8\n|\n|t:|1746130911\n|move|p1a: Zacian|Behemoth Blade|p2a: Giratina\n|-supereffective|p2a: Giratina\n|-damage|p2a: Giratina|0 fnt\n|faint|p2a: Giratina\n|move|p1b: Koraidon|Flare Blitz|p2b: Rillaboom\n|-supereffective|p2b: Rillaboom\n|-damage|p2b: Rillaboom|0 fnt\n|faint|p2b: Rillaboom\n|-damage|p1b: Koraidon|28/100|[from] Recoil\n|\n|win|Urric\n||MXASSYS is ready for game 2.\n|inactive|Urric has 30 seconds to confirm battle start!\n", "uploadtime": 1746130923, "views": 8, "formatid": "gen9vgc2025regibo3", "rating": null, "private": 0, "password": null}