{"id": "gen9vgc2025regibo3-2354899053", "format": "[Gen 9] VGC 2025 Reg I (Bo3)", "players": ["Basketballerke", "storyswaphermanos"], "log": "|j|\u2606Basketballerke\n|j|\u2606storyswaphermanos\n|html|<table width=\"100%\"><tr><td align=\"left\">Basketballerke</td><td align=\"right\">storyswaphermanos</tr><tr><td align=\"left\"><i class=\"fa fa-circle-o\"></i> <i class=\"fa fa-circle-o\"></i> </td><td align=\"right\"><i class=\"fa fa-circle-o\"></i> <i class=\"fa fa-circle\"></i> </tr></table>\n|uhtml|bestof|<h2><strong>Game 2</strong> of <a href=\"/game-bestof3-gen9vgc2025regibo3-2354896854\">a best-of-3</a></h2>\n|t:|1746129759\n|gametype|doubles\n|player|p1|Basketballerke|101|1059\n|player|p2|storyswaphermanos|169|1074\n|teamsize|p1|6\n|teamsize|p2|6\n|gen|9\n|tier|[Gen 9] VGC 2025 Reg I (Bo3)\n|rated|\n|rule|Species Clause: Limit one of each Pok\u00e9mon\n|rule|Item Clause: Limit 1 of each item\n|clearpoke\n|poke|p1|Terapagos, L50, M|\n|poke|p1|Ho-Oh, L50|\n|poke|p1|Cresselia, L50, F|\n|poke|p1|Incineroar, L50, F|\n|poke|p1|Grimmsnarl, L50, M|\n|poke|p1|Rillaboom, L50, F|\n|poke|p2|Dialga-Origin, L50|\n|poke|p2|Landorus-Therian, L50, M|\n|poke|p2|Ho-Oh, L50|\n|poke|p2|Rillaboom, L50, M|\n|poke|p2|Flutter Mane, L50|\n|poke|p2|Rotom-Wash, L50|\n|teampreview|4\n|showteam|p1|Terapagos||CovertCloak|TeraShift|Protect,TeraStarstorm,EarthPower,CalmMind|||M|||50|,,,,,Stellar]Ho-Oh||ClearAmulet|Regenerator|Protect,SacredFire,BraveBird,LifeDew||||||50|,,,,,Grass]Cresselia||RockyHelmet|Levitate|LunarBlessing,Psychic,AllySwitch,TrickRoom|||F|||50|,,,,,Dark]Incineroar||SafetyGoggles|Intimidate|PartingShot,KnockOff,Taunt,FakeOut|||F|||50|,,,,,Ghost]Grimmsnarl||LightClay|Prankster|SpiritBreak,PartingShot,LightScreen,Reflect|||M|||50|,,,,,Ghost]Rillaboom||AssaultVest|GrassySurge|WoodHammer,GrassyGlide,Uturn,FakeOut|||F|||50|,,,,,Fire\n|showteam|p2|Dialga-Origin||AdamantCrystal|Telepathy|DracoMeteor,FlashCannon,EarthPower,Protect||||||50|,,,,,Fairy]Landorus-Therian||LifeOrb|Intimidate|Earthquake,Bulldoze,RockSlide,Protect|||M|||50|,,,,,Water]Ho-Oh||ClearAmulet|Regenerator|SacredFire,BraveBird,Tailwind,Protect||||||50|,,,,,Water]Rillaboom||AssaultVest|GrassySurge|FakeOut,WoodHammer,GrassyGlide,KnockOff|||M|||50|,,,,,Fire]Flutter Mane||ChoiceSpecs|Protosynthesis|DazzlingGleam,Moonblast,EnergyBall,ShadowBall||||||50|,,,,,Fairy]Rotom-Wash||SitrusBerry|Levitate|Thunderbolt,HydroPump,WillOWisp,Protect||||||50|,,,,,Fire\n|inactive|Battle timer is ON: inactive players will automatically lose when time's up. (requested by Basketballerke)\n|inactive|storyswaphermanos has 60 seconds left.\n|\n|t:|1746129814\n|start\n|switch|p1a: Incineroar|Incineroar, L50, F|100/100\n|switch|p1b: Grimmsnarl|Grimmsnarl, L50, M|100/100\n|switch|p2a: Dialga|Dialga-Origin, L50|100/100\n|switch|p2b: Flutter Mane|Flutter Mane, L50|100/100\n|-ability|p1a: Incineroar|Intimidate|boost\n|-unboost|p2a: Dialga|atk|1\n|-unboost|p2b: Flutter Mane|atk|1\n|turn|1\n|\n|t:|1746129835\n|move|p1b: Grimmsnarl|Light Screen|p1b: Grimmsnarl\n|-sidestart|p1: Basketballerke|move: Light Screen\n|move|p2b: Flutter Mane|Moonblast|p1b: Grimmsnarl\n|-supereffective|p1b: Grimmsnarl\n|-damage|p1b: Grimmsnarl|8/100\n|move|p2a: Dialga|Flash Cannon|p1b: Grimmsnarl\n|-supereffective|p1b: Grimmsnarl\n|-damage|p1b: Grimmsnarl|0 fnt\n|faint|p1b: Grimmsnarl\n|move|p1a: Incineroar|Parting Shot|p2a: Dialga\n|-unboost|p2a: Dialga|atk|1\n|-unboost|p2a: Dialga|spa|1\n|\n|t:|1746129837\n|switch|p1a: Terapagos|Terapagos, L50, M|100/100|[from] Parting Shot\n|-activate|p1a: Terapagos|ability: Tera Shift\n|detailschange|p1a: Terapagos|Terapagos-Terastal, L50, M\n|-heal|p1a: Terapagos|100/100|[silent]\n|\n|upkeep\n|\n|t:|1746129840\n|switch|p1b: Incineroar|Incineroar, L50, F|100/100\n|-ability|p1b: Incineroar|Intimidate|boost\n|-unboost|p2a: Dialga|atk|1\n|-unboost|p2b: Flutter Mane|atk|1\n|turn|2\n|\n|t:|1746129849\n|switch|p2a: Landorus|Landorus-Therian, L50, M|100/100\n|-ability|p2a: Landorus|Intimidate|boost\n|-unboost|p1a: Terapagos|atk|1\n|-unboost|p1b: Incineroar|atk|1\n|move|p1b: Incineroar|Fake Out|p2a: Landorus\n|-damage|p2a: Landorus|93/100\n|move|p2b: Flutter Mane|Moonblast|p1a: Terapagos\n|-activate|p1a: Terapagos|ability: Tera Shell\n|-resisted|p1a: Terapagos\n|-damage|p1a: Terapagos|75/100\n|move|p1a: Terapagos|Calm Mind|p1a: Terapagos\n|-boost|p1a: Terapagos|spa|1\n|-boost|p1a: Terapagos|spd|1\n|\n|upkeep\n|turn|3\n|\n|t:|1746129863\n|-end|p2b: Flutter Mane|Protosynthesis|[silent]\n|switch|p2b: Ho-Oh|Ho-Oh, L50|100/100\n|switch|p1b: Rillaboom|Rillaboom, L50, F|100/100\n|-fieldstart|move: Grassy Terrain|[from] ability: Grassy Surge|[of] p1b: Rillaboom\n|move|p1a: Terapagos|Protect|p1a: Terapagos\n|-singleturn|p1a: Terapagos|Protect\n|move|p2a: Landorus|Earthquake|p1a: Terapagos|[spread] p1b\n|-activate|p1a: Terapagos|move: Protect\n|-immune|p2b: Ho-Oh\n|-resisted|p1b: Rillaboom\n|-crit|p1b: Rillaboom\n|-damage|p1b: Rillaboom|82/100\n|-damage|p2a: Landorus|83/100|[from] item: Life Orb\n|\n|-heal|p1b: Rillaboom|88/100|[from] Grassy Terrain\n|-heal|p1a: Terapagos|81/100|[from] Grassy Terrain\n|upkeep\n|turn|4\n|inactive|Basketballerke has 30 seconds left.\n|\n|t:|1746129894\n|switch|p1b: Incineroar|Incineroar, L50, F|100/100\n|-ability|p1b: Incineroar|Intimidate|boost\n|-unboost|p2a: Landorus|atk|1\n|-fail|p2b: Ho-Oh|unboost|[from] item: Clear Amulet|[of] p2b: Ho-Oh\n|-terastallize|p1a: Terapagos|Stellar\n|detailschange|p1a: Terapagos|Terapagos-Stellar, L50, M, tera:Stellar\n|-heal|p1a: Terapagos|86/100|[silent]\n|-ability|p1a: Terapagos|Teraform Zero\n|-fieldend|move: Grassy Terrain\n|move|p2b: Ho-Oh|Tailwind|p2b: Ho-Oh\n|-sidestart|p2: storyswaphermanos|move: Tailwind\n|move|p2a: Landorus|Rock Slide|p1b: Incineroar|[spread] p1a,p1b\n|-supereffective|p1b: Incineroar\n|-damage|p1a: Terapagos|75/100\n|-damage|p1b: Incineroar|68/100\n|-damage|p2a: Landorus|74/100|[from] item: Life Orb\n|move|p1a: Terapagos|Tera Starstorm|p2b: Ho-Oh|[spread] p2a,p2b\n|-damage|p2a: Landorus|15/100\n|-damage|p2b: Ho-Oh|63/100\n|\n|upkeep\n|turn|5\n|\n|t:|1746129917\n|move|p2b: Ho-Oh|Protect|p2b: Ho-Oh\n|-singleturn|p2b: Ho-Oh|Protect\n|move|p1b: Incineroar|Fake Out|p2b: Ho-Oh\n|-activate|p2b: Ho-Oh|move: Protect\n|move|p2a: Landorus|Earthquake|p1a: Terapagos|[spread] p1a,p1b\n|-activate|p2b: Ho-Oh|move: Protect\n|-supereffective|p1b: Incineroar\n|-crit|p1b: Incineroar\n|-damage|p1a: Terapagos|53/100\n|-damage|p1b: Incineroar|0 fnt\n|faint|p1b: Incineroar\n|-damage|p2a: Landorus|5/100|[from] item: Life Orb\n|move|p1a: Terapagos|Tera Starstorm|p2b: Ho-Oh|[spread] p2a\n|-activate|p2b: Ho-Oh|move: Protect\n|-damage|p2a: Landorus|0 fnt\n|faint|p2a: Landorus\n|\n|upkeep\n|\n|t:|1746129932\n|switch|p2a: Dialga|Dialga-Origin, L50|100/100\n|switch|p1b: Rillaboom|Rillaboom, L50, F|88/100\n|-fieldstart|move: Grassy Terrain|[from] ability: Grassy Surge|[of] p1b: Rillaboom\n|turn|6\n|\n|t:|1746129946\n|switch|p2b: Flutter Mane|Flutter Mane, L50|100/100\n|move|p1b: Rillaboom|Fake Out|p2b: Flutter Mane\n|-immune|p2b: Flutter Mane\n|move|p2a: Dialga|Flash Cannon|p1b: Rillaboom\n|-damage|p1b: Rillaboom|60/100\n|move|p1a: Terapagos|Calm Mind|p1a: Terapagos\n|-boost|p1a: Terapagos|spa|1\n|-boost|p1a: Terapagos|spd|1\n|\n|-heal|p1b: Rillaboom|66/100|[from] Grassy Terrain\n|-heal|p1a: Terapagos|59/100|[from] Grassy Terrain\n|upkeep\n|turn|7\n|\n|t:|1746129965\n|-terastallize|p2b: Flutter Mane|Fairy\n|move|p1b: Rillaboom|Grassy Glide|p2b: Flutter Mane\n|-damage|p2b: Flutter Mane|22/100\n|move|p2b: Flutter Mane|Dazzling Gleam|p1b: Rillaboom|[spread] p1a,p1b\n|-damage|p1a: Terapagos|44/100\n|-damage|p1b: Rillaboom|33/100\n|move|p2a: Dialga|Flash Cannon|p1b: Rillaboom\n|-damage|p1b: Rillaboom|5/100\n|move|p1a: Terapagos|Earth Power|p2a: Dialga\n|-supereffective|p2a: Dialga\n|-damage|p2a: Dialga|0 fnt\n|faint|p2a: Dialga\n|\n|-heal|p2b: Flutter Mane|28/100|[from] Grassy Terrain\n|-heal|p1b: Rillaboom|11/100|[from] Grassy Terrain\n|-heal|p1a: Terapagos|50/100|[from] Grassy Terrain\n|-sideend|p2: storyswaphermanos|move: Tailwind\n|upkeep\n|\n|t:|1746129976\n|switch|p2a: Ho-Oh|Ho-Oh, L50|96/100\n|turn|8\n|\n|t:|1746129998\n|move|p1a: Terapagos|Protect|p1a: Terapagos\n|-singleturn|p1a: Terapagos|Protect\n|move|p1b: Rillaboom|Grassy Glide|p2b: Flutter Mane\n|-damage|p2b: Flutter Mane|0 fnt\n|faint|p2b: Flutter Mane\n|-end|p2b: Flutter Mane|Protosynthesis|[silent]\n|move|p2a: Ho-Oh|Brave Bird|p1a: Terapagos\n|-activate|p1a: Terapagos|move: Protect\n|\n|-heal|p1b: Rillaboom|16/100|[from] Grassy Terrain\n|-heal|p1a: Terapagos|57/100|[from] Grassy Terrain\n|-sideend|p1: Basketballerke|move: Light Screen\n|upkeep\n|turn|9\n|\n|t:|1746130006\n|move|p2a: Ho-Oh|Protect|p2a: Ho-Oh\n|-singleturn|p2a: Ho-Oh|Protect\n|move|p1b: Rillaboom|Wood Hammer|p2a: Ho-Oh\n|-activate|p2a: Ho-Oh|move: Protect\n|move|p1a: Terapagos|Tera Starstorm|p2a: Ho-Oh\n|-activate|p2a: Ho-Oh|move: Protect\n|\n|-heal|p1b: Rillaboom|22/100|[from] Grassy Terrain\n|-heal|p1a: Terapagos|63/100|[from] Grassy Terrain\n|upkeep\n|turn|10\n|\n|t:|1746130015\n|move|p2a: Ho-Oh|Sacred Fire|p1a: Terapagos\n|-damage|p1a: Terapagos|31/100\n|move|p1b: Rillaboom|Wood Hammer|p2a: Ho-Oh\n|-resisted|p2a: Ho-Oh\n|-damage|p2a: Ho-Oh|81/100\n|-damage|p1b: Rillaboom|17/100|[from] Recoil\n|move|p1a: Terapagos|Tera Starstorm|p2a: Ho-Oh\n|-damage|p2a: Ho-Oh|11/100\n|\n|-heal|p1b: Rillaboom|23/100|[from] Grassy Terrain\n|-heal|p1a: Terapagos|37/100|[from] Grassy Terrain\n|-fieldend|move: Grassy Terrain\n|upkeep\n|turn|11\n|\n|t:|1746130026\n|move|p2a: Ho-Oh|Brave Bird|p1a: Terapagos\n|-crit|p1a: Terapagos\n|-damage|p1a: Terapagos|0 fnt\n|faint|p1a: Terapagos\n|-damage|p2a: Ho-Oh|0 fnt|[from] Recoil\n|faint|p2a: Ho-Oh\n|\n|win|Basketballerke\n||storyswaphermanos is ready for game 3.\n||Basketballerke is ready for game 3.\n|uhtml|next|Next: <a href=\"/battle-gen9vgc2025regibo3-2354901878\"><strong>Game 3 of 3</strong></a>\n|l|\u2606storyswaphermanos\n|player|p2|\n|l|\u2606Basketballerke\n|player|p1|\n", "uploadtime": 1746130313, "views": 5, "formatid": "gen9vgc2025regibo3", "rating": null, "private": 0, "password": null}