{"id": "gen9vgc2025regibo3-2355004296", "format": "[Gen 9] VGC 2025 Reg I (Bo3)", "players": ["subinator", "anastarawneh"], "log": "|j|\u2606subinator\n|j|\u2606anastarawneh\n|html|<table width=\"100%\"><tr><td align=\"left\">subinator</td><td align=\"right\">anastarawneh</tr><tr><td align=\"left\"><i class=\"fa fa-circle\"></i> <i class=\"fa fa-circle-o\"></i> </td><td align=\"right\"><i class=\"fa fa-circle-o\"></i> <i class=\"fa fa-circle\"></i> </tr></table>\n|uhtml|bestof|<h2><strong>Game 3</strong> of <a href=\"/game-bestof3-gen9vgc2025regibo3-2354998090\">a best-of-3</a></h2>\n|t:|1746140976\n|gametype|doubles\n|player|p1|subinator|2|1161\n|player|p2|anastarawneh|n|1096\n|teamsize|p1|6\n|teamsize|p2|6\n|gen|9\n|tier|[Gen 9] VGC 2025 Reg I (Bo3)\n|rated|\n|rule|Species Clause: Limit one of each Pok\u00e9mon\n|rule|Item Clause: Limit 1 of each item\n|clearpoke\n|poke|p1|Ting-Lu, L50|\n|poke|p1|Iron Hands, L50|\n|poke|p1|Miraidon, L50|\n|poke|p1|Weezing-Galar, L50, F|\n|poke|p1|Calyrex-Ice, L50|\n|poke|p1|Iron Bundle, L50|\n|poke|p2|Miraidon, L50|\n|poke|p2|Iron Hands, L50|\n|poke|p2|Farigiraf, L50, F|\n|poke|p2|Calyrex-Ice, L50|\n|poke|p2|Whimsicott, L50, F|\n|poke|p2|Ogerpon-Hearthflame, L50, F|\n|teampreview|4\n|showteam|p1|Ting-Lu||AssaultVest|VesselofRuin|Ruination,HeavySlam,StompingTantrum,ThroatChop||||||50|,,,,,Poison]Iron Hands||PunchingGlove|QuarkDrive|FakeOut,DrainPunch,ThunderPunch,Detect||||||50|,,,,,Steel]Miraidon||EjectPack|HadronEngine|Protect,Overheat,VoltSwitch,DracoMeteor||||||50|,,,,,Fire]Weezing-Galar||AirBalloon|NeutralizingGas|DazzlingGleam,WillOWisp,SludgeBomb,Protect|||F|||50|,,,,,Steel]Calyrex-Ice||ClearAmulet|AsOneGlastrier|GlacialLance,HighHorsepower,TrickRoom,Protect||||||50|,,,,,Fire]Iron Bundle||FocusSash|QuarkDrive|IcyWind,FreezeDry,HydroPump,Protect||||||50|,,,,,Ghost\n|showteam|p2|Miraidon||ChoiceSpecs|HadronEngine|ElectroDrift,DracoMeteor,VoltSwitch,DazzlingGleam||||||50|,,,,,Fairy]Iron Hands||AssaultVest|QuarkDrive|DrainPunch,WildCharge,FakeOut,LowKick||||||50|,,,,,Bug]Farigiraf||ElectricSeed|ArmorTail|FoulPlay,PsychicNoise,HelpingHand,TrickRoom|||F|||50|,,,,,Water]Calyrex-Ice||ClearAmulet|AsOneGlastrier|Protect,GlacialLance,HighHorsepower,TrickRoom||||||50|,,,,,Fire]Whimsicott||CovertCloak|Prankster|Moonblast,LightScreen,Tailwind,Encore|||F|||50|,,,,,Dark]Ogerpon-Hearthflame||HearthflameMask|MoldBreaker|IvyCudgel,WoodHammer,FollowMe,SpikyShield|||F|||50|,,,,,Fire\n|c|\u2606anastarawneh|I forgot I won game 1 lol\n|c|\u2606subinator|ye\n|c|\u2606anastarawneh|I thought this was the end of the set\n|\n|t:|1746141023\n|start\n|switch|p1a: Miraidon|Miraidon, L50|100/100\n|switch|p1b: Iron Bundle|Iron Bundle, L50|100/100\n|switch|p2a: Iron Hands|Iron Hands, L50|100/100\n|switch|p2b: Ogerpon|Ogerpon-Hearthflame, L50, F|100/100\n|-fieldstart|move: Electric Terrain|[from] ability: Hadron Engine|[of] p1a: Miraidon\n|-activate|p1b: Iron Bundle|ability: Quark Drive\n|-start|p1b: Iron Bundle|quarkdrivespe\n|-activate|p2a: Iron Hands|ability: Quark Drive\n|-start|p2a: Iron Hands|quarkdriveatk\n|-ability|p2b: Ogerpon|Mold Breaker\n|turn|1\n|\n|t:|1746141054\n|move|p1b: Iron Bundle|Protect|p1b: Iron Bundle\n|-singleturn|p1b: Iron Bundle|Protect\n|move|p1a: Miraidon|Protect|p1a: Miraidon\n|-singleturn|p1a: Miraidon|Protect\n|move|p2b: Ogerpon|Spiky Shield|p2b: Ogerpon\n|-singleturn|p2b: Ogerpon|move: Protect\n|move|p2a: Iron Hands|Fake Out|p1b: Iron Bundle\n|-activate|p1b: Iron Bundle|move: Protect\n|\n|upkeep\n|turn|2\n|\n|t:|1746141098\n|-end|p1b: Iron Bundle|Quark Drive|[silent]\n|switch|p1b: Weezing|Weezing-Galar, L50, F|100/100\n|-ability|p1b: Weezing|Neutralizing Gas\n|-item|p1b: Weezing|Air Balloon\n|move|p1a: Miraidon|Draco Meteor|p2b: Ogerpon\n|-damage|p2b: Ogerpon|27/100\n|-unboost|p1a: Miraidon|spa|2\n|-enditem|p1a: Miraidon|Eject Pack\n|\n|t:|1746141120\n|switch|p1a: Iron Bundle|Iron Bundle, L50|100/100\n|move|p2b: Ogerpon|Ivy Cudgel|p1b: Weezing|[anim] Ivy Cudgel Fire\n|-damage|p1b: Weezing|53/100\n|-enditem|p1b: Weezing|Air Balloon\n|move|p2a: Iron Hands|Drain Punch|p1b: Weezing\n|-resisted|p1b: Weezing\n|-damage|p1b: Weezing|45/100\n|\n|upkeep\n|turn|3\n|\n|t:|1746141175\n|move|p2b: Ogerpon|Spiky Shield|p2b: Ogerpon\n|-singleturn|p2b: Ogerpon|move: Protect\n|move|p1a: Iron Bundle|Freeze-Dry|p2b: Ogerpon\n|-activate|p2b: Ogerpon|move: Protect\n|move|p1b: Weezing|Will-O-Wisp|p2a: Iron Hands|[miss]\n|-miss|p1b: Weezing|p2a: Iron Hands\n|move|p2a: Iron Hands|Drain Punch|p1a: Iron Bundle\n|-supereffective|p1a: Iron Bundle\n|-enditem|p1a: Iron Bundle|Focus Sash\n|-damage|p1a: Iron Bundle|1/100\n|\n|upkeep\n|turn|4\n|c|\u2606anastarawneh|actually huge\n|c|\u2606subinator|man i need attacks to stop going haywire lol\n|\n|t:|1746141232\n|move|p1a: Iron Bundle|Hydro Pump|p2b: Ogerpon\n|-damage|p2b: Ogerpon|0 fnt\n|faint|p2b: Ogerpon\n|move|p1b: Weezing|Will-O-Wisp|p2a: Iron Hands\n|-status|p2a: Iron Hands|brn\n|move|p2a: Iron Hands|Wild Charge|p1a: Iron Bundle\n|-supereffective|p1a: Iron Bundle\n|-damage|p1a: Iron Bundle|0 fnt\n|faint|p1a: Iron Bundle\n|-end|p1a: Iron Bundle|Quark Drive|[silent]\n|-damage|p2a: Iron Hands|99/100 brn|[from] Recoil\n|\n|-damage|p2a: Iron Hands|94/100 brn|[from] brn\n|upkeep\n|\n|t:|1746141246\n|switch|p1a: Calyrex|Calyrex-Ice, L50|100/100\n|switch|p2b: Calyrex|Calyrex-Ice, L50|100/100\n|-ability|p1a: Calyrex|As One\n|-ability|p1a: Calyrex|Unnerve\n|-ability|p2b: Calyrex|As One\n|-ability|p2b: Calyrex|Unnerve\n|turn|5\n|\n|t:|1746141308\n|-terastallize|p2b: Calyrex|Fire\n|move|p1b: Weezing|Will-O-Wisp|p2b: Calyrex\n|-immune|p2b: Calyrex\n|move|p1a: Calyrex|Glacial Lance|p2a: Iron Hands|[spread] p2a,p2b\n|-resisted|p2b: Calyrex\n|-damage|p2a: Iron Hands|52/100 brn\n|-damage|p2b: Calyrex|82/100\n|move|p2b: Calyrex|High Horsepower|p1b: Weezing\n|-supereffective|p1b: Weezing\n|-damage|p1b: Weezing|0 fnt\n|faint|p1b: Weezing\n|-end|p1b: Weezing|ability: Neutralizing Gas\n|-ability|p2b: Calyrex|Chilling Neigh|boost\n|-boost|p2b: Calyrex|atk|1\n|move|p2a: Iron Hands|Low Kick|p1a: Calyrex\n|-damage|p1a: Calyrex|71/100\n|\n|-damage|p2a: Iron Hands|47/100 brn|[from] brn\n|-fieldend|move: Electric Terrain\n|-end|p2a: Iron Hands|Quark Drive\n|upkeep\n|\n|t:|1746141316\n|switch|p1b: Miraidon|Miraidon, L50|100/100\n|-fieldstart|move: Electric Terrain|[from] ability: Hadron Engine|[of] p1b: Miraidon\n|-activate|p2a: Iron Hands|ability: Quark Drive\n|-start|p2a: Iron Hands|quarkdriveatk\n|turn|6\n|\n|t:|1746141347\n|move|p2b: Calyrex|Protect|p2b: Calyrex\n|-singleturn|p2b: Calyrex|Protect\n|move|p1b: Miraidon|Volt Switch|p2b: Calyrex\n|-activate|p2b: Calyrex|move: Protect\n|move|p1a: Calyrex|High Horsepower|p2b: Calyrex\n|-activate|p2b: Calyrex|move: Protect\n|move|p2a: Iron Hands|Low Kick|p1b: Miraidon\n|-damage|p1b: Miraidon|54/100\n|\n|-damage|p2a: Iron Hands|41/100 brn|[from] brn\n|upkeep\n|turn|7\n|c|\u2606subinator|to be completely honest i totally forgot to check team sheet for tera lol\n|\n|t:|1746141381\n|switch|p2b: Miraidon|Miraidon, L50|100/100\n|-activate|p2b: Miraidon|ability: Hadron Engine\n|move|p1b: Miraidon|Volt Switch|p2b: Miraidon\n|-resisted|p2b: Miraidon\n|-damage|p2b: Miraidon|85/100\n|move|p1a: Calyrex|High Horsepower|p2b: Miraidon\n|-supereffective|p2b: Miraidon\n|-damage|p2b: Miraidon|5/100\n|move|p2a: Iron Hands|Low Kick|p1b: Miraidon\n|-damage|p1b: Miraidon|11/100\n|\n|-damage|p2a: Iron Hands|35/100 brn|[from] brn\n|upkeep\n|turn|8\n|\n|t:|1746141398\n|move|p1b: Miraidon|Protect|p1b: Miraidon\n|-singleturn|p1b: Miraidon|Protect\n|move|p1a: Calyrex|Protect|p1a: Calyrex\n|-singleturn|p1a: Calyrex|Protect\n|move|p2b: Miraidon|Electro Drift|p1a: Calyrex\n|-activate|p1a: Calyrex|move: Protect\n|move|p2a: Iron Hands|Low Kick|p1a: Calyrex\n|-activate|p1a: Calyrex|move: Protect\n|\n|-damage|p2a: Iron Hands|29/100 brn|[from] brn\n|upkeep\n|turn|9\n|c|\u2606subinator|a little bit of luck back now\n|c|\u2606subinator|please\n|\n|t:|1746141438\n|move|p1a: Calyrex|Protect|p1a: Calyrex\n|-singleturn|p1a: Calyrex|Protect\n|move|p1b: Miraidon|Volt Switch|p2b: Miraidon\n|-resisted|p2b: Miraidon\n|-damage|p2b: Miraidon|0 fnt\n|faint|p2b: Miraidon\n|move|p2a: Iron Hands|Low Kick|p1a: Calyrex\n|-activate|p1a: Calyrex|move: Protect\n|\n|-damage|p2a: Iron Hands|23/100 brn|[from] brn\n|upkeep\n|c|\u2606anastarawneh|I won't change my move but you shouldn't have said that early :P\n|c|\u2606anastarawneh|fair\n|\n|t:|1746141449\n|switch|p2b: Calyrex|Calyrex-Ice, L50, tera:Fire|82/100\n|-ability|p2b: Calyrex|As One\n|-ability|p2b: Calyrex|Unnerve\n|turn|10\n|c|\u2606subinator|oh nvm i thought you were faster\n|\n|t:|1746141480\n|move|p1b: Miraidon|Volt Switch|p2b: Calyrex\n|-damage|p2b: Calyrex|32/100\n|move|p1a: Calyrex|Glacial Lance|p2b: Calyrex|[spread] p2a,p2b\n|-resisted|p2b: Calyrex\n|-damage|p2a: Iron Hands|0 fnt\n|-damage|p2b: Calyrex|14/100\n|faint|p2a: Iron Hands\n|-end|p2a: Iron Hands|Quark Drive|[silent]\n|-ability|p1a: Calyrex|Chilling Neigh|boost\n|-boost|p1a: Calyrex|atk|1\n|move|p2b: Calyrex|Trick Room|p2b: Calyrex\n|-fieldstart|move: Trick Room|[of] p2b: Calyrex\n|\n|-fieldend|move: Electric Terrain\n|upkeep\n|turn|11\n|\n|t:|1746141497\n|move|p2b: Calyrex|Glacial Lance|p1a: Calyrex|[spread] p1a,p1b\n|-resisted|p1a: Calyrex\n|-supereffective|p1b: Miraidon\n|-damage|p1a: Calyrex|53/100\n|-damage|p1b: Miraidon|0 fnt\n|faint|p1b: Miraidon\n|-ability|p2b: Calyrex|Chilling Neigh|boost\n|-boost|p2b: Calyrex|atk|1\n|move|p1a: Calyrex|Glacial Lance|p2b: Calyrex\n|-resisted|p2b: Calyrex\n|-damage|p2b: Calyrex|0 fnt\n|faint|p2b: Calyrex\n|\n|win|subinator\n|raw|subinator's rating: 1161 &rarr; <strong>1181</strong><br />(+20 for winning)\n|raw|anastarawneh's rating: 1096 &rarr; <strong>1076</strong><br />(-20 for losing)\n|c|\u2606anastarawneh|gg\n|c|\u2606subinator|gg wp\n|c|\u2606anastarawneh|now can you tell me :P\n|c|\u2606subinator|yeah my calyrex has\n|c|\u2606subinator|slight speed\n|c|\u2606anastarawneh|yeah there's no way I'm this unlucky lol\n|c|\u2606anastarawneh|thanks\n|c|\u2606subinator|np\n|l|\u2606subinator\n|player|p1|\n", "uploadtime": 1746141538, "views": 3, "formatid": "gen9vgc2025regibo3", "rating": 1076, "private": 0, "password": null}