{"id": "gen9vgc2025regibo3-2354844331", "format": "[Gen 9] VGC 2025 Reg I (Bo3)", "players": ["EncoreVGC", "Inkin"], "log": "|j|\u2606EncoreVGC\n|j|\u2606Inkin\n|html|<table width=\"100%\"><tr><td align=\"left\">EncoreVGC</td><td align=\"right\">Inkin</tr><tr><td align=\"left\"><i class=\"fa fa-circle-o\"></i> <i class=\"fa fa-circle-o\"></i> </td><td align=\"right\"><i class=\"fa fa-circle-o\"></i> <i class=\"fa fa-circle\"></i> </tr></table>\n|uhtml|bestof|<h2><strong>Game 2</strong> of <a href=\"/game-bestof3-gen9vgc2025regibo3-2354840797\">a best-of-3</a></h2>\n|t:|1746124673\n|gametype|doubles\n|player|p1|EncoreVGC|tuber|1317\n|player|p2|Inkin|shadowtriad|1361\n|teamsize|p1|6\n|teamsize|p2|6\n|gen|9\n|tier|[Gen 9] VGC 2025 Reg I (Bo3)\n|rated|\n|rule|Species Clause: Limit one of each Pok\u00e9mon\n|rule|Item Clause: Limit 1 of each item\n|clearpoke\n|poke|p1|Zamazenta-*, L50|\n|poke|p1|Rayquaza, L50|\n|poke|p1|Chien-Pao, L50|\n|poke|p1|Rillaboom, L50, M|\n|poke|p1|Volcarona, L50, M|\n|poke|p1|Flutter Mane, L50|\n|poke|p2|Koraidon, L50|\n|poke|p2|Lunala, L50|\n|poke|p2|Flutter Mane, L50|\n|poke|p2|Brute Bonnet, L50|\n|poke|p2|Chi-Yu, L50|\n|poke|p2|Ogerpon-Cornerstone, L50, F|\n|teampreview|4\n|showteam|p1|Zamazenta-Crowned||RustedShield|DauntlessShield|BodyPress,behemothbash,WideGuard,Protect||||||50|,,,,,Ghost]Rayquaza||ClearAmulet|AirLock|DragonAscent,ExtremeSpeed,SwordsDance,Protect||||||50|,,,,,Normal]Chien-Pao||FocusSash|SwordofRuin|IcicleCrash,ThroatChop,SuckerPunch,Protect||||||50|,,,,,Ghost]Rillaboom||AssaultVest|GrassySurge|WoodHammer,GrassyGlide,Uturn,FakeOut|||M|||50|,,,,,Fire]Volcarona||Leftovers|FlameBody|Flamethrower,WillOWisp,RagePowder,Protect|||M|||50|,,,,,Grass]Flutter Mane||BoosterEnergy|Protosynthesis|Moonblast,IcyWind,Taunt,Protect||||||50|,,,,,Fairy\n|showteam|p2|Koraidon||LifeOrb|OrichalcumPulse|CloseCombat,FlareBlitz,FlameCharge,Protect||||||50|,,,,,Fire]Lunala||PowerHerb|ShadowShield|MeteorBeam,MoongeistBeam,TrickRoom,WideGuard||||||50|,,,,,Water]Flutter Mane||FocusSash|Protosynthesis|IcyWind,Moonblast,ShadowBall,Protect||||||50|,,,,,Normal]Brute Bonnet||RockyHelmet|Protosynthesis|Spore,RagePowder,SuckerPunch,SeedBomb||||||50|,,,,,Water]Chi-Yu||ChoiceScarf|BeadsofRuin|HeatWave,Overheat,DarkPulse,Snarl||||||50|,,,,,Ghost]Ogerpon-Cornerstone||CornerstoneMask|Sturdy|FollowMe,IvyCudgel,WoodHammer,SpikyShield|||F|||50|,,,,,Rock\n|inactive|Battle timer is ON: inactive players will automatically lose when time's up. (requested by Inkin)\n|inactive|EncoreVGC has 60 seconds left.\n|\n|t:|1746124712\n|start\n|switch|p1a: Rillaboom|Rillaboom, L50, M|100/100\n|switch|p1b: Chien-Pao|Chien-Pao, L50|100/100\n|switch|p2a: Lunala|Lunala, L50|100/100\n|switch|p2b: Brute Bonnet|Brute Bonnet, L50|100/100\n|-ability|p1b: Chien-Pao|Sword of Ruin\n|-fieldstart|move: Grassy Terrain|[from] ability: Grassy Surge|[of] p1a: Rillaboom\n|turn|1\n|\n|t:|1746124728\n|move|p2b: Brute Bonnet|Rage Powder|p2b: Brute Bonnet\n|-singleturn|p2b: Brute Bonnet|move: Rage Powder\n|move|p1b: Chien-Pao|Icicle Crash|p2b: Brute Bonnet\n|-supereffective|p2b: Brute Bonnet\n|-damage|p2b: Brute Bonnet|31/100\n|move|p2a: Lunala|Meteor Beam||[still]\n|-prepare|p2a: Lunala|Meteor Beam\n|-boost|p2a: Lunala|spa|1\n|-enditem|p2a: Lunala|Power Herb\n|-anim|p2a: Lunala|Meteor Beam|p1b: Chien-Pao\n|-supereffective|p1b: Chien-Pao\n|-enditem|p1b: Chien-Pao|Focus Sash\n|-damage|p1b: Chien-Pao|1/100\n|move|p1a: Rillaboom|Wood Hammer|p2b: Brute Bonnet\n|-resisted|p2b: Brute Bonnet\n|-damage|p2b: Brute Bonnet|0 fnt\n|-damage|p1a: Rillaboom|84/100|[from] item: Rocky Helmet|[of] p2b: Brute Bonnet\n|faint|p2b: Brute Bonnet\n|-end|p2b: Brute Bonnet|Protosynthesis|[silent]\n|-damage|p1a: Rillaboom|72/100|[from] Recoil\n|\n|-heal|p1b: Chien-Pao|7/100|[from] Grassy Terrain\n|-heal|p1a: Rillaboom|79/100|[from] Grassy Terrain\n|upkeep\n|\n|t:|1746124752\n|switch|p2b: Koraidon|Koraidon, L50|100/100\n|-weather|SunnyDay|[from] ability: Orichalcum Pulse|[of] p2b: Koraidon\n|-activate|p2b: Koraidon|Orichalcum Pulse|[source]\n|turn|2\n|\n|t:|1746124775\n|move|p2a: Lunala|Wide Guard|p2a: Lunala\n|-singleturn|p2a: Lunala|Wide Guard\n|move|p2b: Koraidon|Flame Charge|p1b: Chien-Pao\n|-supereffective|p1b: Chien-Pao\n|-damage|p1b: Chien-Pao|0 fnt\n|-boost|p2b: Koraidon|spe|1\n|faint|p1b: Chien-Pao\n|-damage|p2b: Koraidon|91/100|[from] item: Life Orb\n|move|p1a: Rillaboom|U-turn|p2a: Lunala\n|-damage|p2a: Lunala|91/100\n|\n|t:|1746124787\n|switch|p1a: Rayquaza|Rayquaza, L50|100/100|[from] U-turn\n|-ability|p1a: Rayquaza|Air Lock\n|\n|-weather|SunnyDay|[upkeep]\n|-heal|p2b: Koraidon|97/100|[from] Grassy Terrain\n|-heal|p2a: Lunala|97/100|[from] Grassy Terrain\n|upkeep\n|\n|t:|1746124794\n|switch|p1b: Rillaboom|Rillaboom, L50, M|79/100\n|turn|3\n|\n|t:|1746124811\n|-terastallize|p1a: Rayquaza|Normal\n|move|p2b: Koraidon|Protect|p2b: Koraidon\n|-singleturn|p2b: Koraidon|Protect\n|move|p1b: Rillaboom|Fake Out|p2b: Koraidon\n|-activate|p2b: Koraidon|move: Protect\n|move|p1a: Rayquaza|Swords Dance|p1a: Rayquaza\n|-boost|p1a: Rayquaza|atk|2\n|move|p2a: Lunala|Moongeist Beam|p1b: Rillaboom\n|-damage|p1b: Rillaboom|23/100\n|\n|-weather|SunnyDay|[upkeep]\n|-heal|p2b: Koraidon|100/100|[from] Grassy Terrain\n|-heal|p2a: Lunala|100/100|[from] Grassy Terrain\n|-heal|p1b: Rillaboom|30/100|[from] Grassy Terrain\n|upkeep\n|turn|4\n|inactive|Inkin has 30 seconds left.\n|inactive|Inkin has 20 seconds left.\n|\n|t:|1746124848\n|move|p1a: Rayquaza|Extreme Speed|p2b: Koraidon\n|-damage|p2b: Koraidon|4/100\n|move|p1b: Rillaboom|Grassy Glide|p2b: Koraidon\n|-resisted|p2b: Koraidon\n|-damage|p2b: Koraidon|0 fnt\n|faint|p2b: Koraidon\n|move|p2a: Lunala|Moongeist Beam|p1b: Rillaboom\n|-damage|p1b: Rillaboom|0 fnt\n|faint|p1b: Rillaboom\n|\n|-weather|SunnyDay|[upkeep]\n|upkeep\n|\n|t:|1746124860\n|switch|p2b: Flutter Mane|Flutter Mane, L50|100/100\n|switch|p1b: Flutter Mane|Flutter Mane, L50|100/100\n|-enditem|p1b: Flutter Mane|Booster Energy\n|-activate|p1b: Flutter Mane|ability: Protosynthesis|[fromitem]\n|-start|p1b: Flutter Mane|protosynthesisspe\n|turn|5\n|\n|t:|1746124884\n|move|p1b: Flutter Mane|Icy Wind|p2b: Flutter Mane|[spread] p2a,p2b\n|-damage|p2a: Lunala|96/100\n|-damage|p2b: Flutter Mane|88/100\n|-unboost|p2a: Lunala|spe|1\n|-unboost|p2b: Flutter Mane|spe|1\n|move|p1a: Rayquaza|Dragon Ascent|p2a: Lunala\n|-damage|p2a: Lunala|0 fnt\n|-unboost|p1a: Rayquaza|def|1\n|-unboost|p1a: Rayquaza|spd|1\n|faint|p2a: Lunala\n|move|p2b: Flutter Mane|Moonblast|p1a: Rayquaza\n|-damage|p1a: Rayquaza|21/100\n|\n|-weather|SunnyDay|[upkeep]\n|-heal|p1a: Rayquaza|27/100|[from] Grassy Terrain\n|-heal|p2b: Flutter Mane|94/100|[from] Grassy Terrain\n|-fieldend|move: Grassy Terrain\n|upkeep\n|turn|6\n|\n|t:|1746124903\n|-terastallize|p2b: Flutter Mane|Normal\n|move|p1b: Flutter Mane|Moonblast|p2b: Flutter Mane\n|-damage|p2b: Flutter Mane|48/100\n|move|p1a: Rayquaza|Dragon Ascent|p2b: Flutter Mane\n|-crit|p2b: Flutter Mane\n|-damage|p2b: Flutter Mane|0 fnt\n|-unboost|p1a: Rayquaza|def|1\n|-unboost|p1a: Rayquaza|spd|1\n|faint|p2b: Flutter Mane\n|-end|p2b: Flutter Mane|Protosynthesis|[silent]\n|\n|win|EncoreVGC\n||Inkin is ready for game 3.\n|inactive|EncoreVGC has 30 seconds to confirm battle start!\n||EncoreVGC is ready for game 3.\n|uhtml|next|Next: <a href=\"/battle-gen9vgc2025regibo3-2354847092\"><strong>Game 3 of 3</strong></a>\n", "uploadtime": 1746125086, "views": 5, "formatid": "gen9vgc2025regibo3", "rating": null, "private": 0, "password": null}