{"id": "gen9vgc2025regibo3-2354571064", "format": "[Gen 9] VGC 2025 Reg I (Bo3)", "players": ["Chef Crabracadabra", "rostas_mark3"], "log": "|j|\u2606Chef Crabracadabra\n|j|\u2606rostas_mark3\n|html|<table width=\"100%\"><tr><td align=\"left\">Chef Crabracadabra</td><td align=\"right\">rostas_mark3</tr><tr><td align=\"left\"><i class=\"fa fa-circle\"></i> <i class=\"fa fa-circle-o\"></i> </td><td align=\"right\"><i class=\"fa fa-circle-o\"></i> <i class=\"fa fa-circle-o\"></i> </tr></table>\n|uhtml|bestof|<h2><strong>Game 2</strong> of <a href=\"/game-bestof3-gen9vgc2025regibo3-2354568402\">a best-of-3</a></h2>\n|t:|1746096446\n|gametype|doubles\n|player|p1|Chef Crabracadabra|dawn|1218\n|player|p2|rostas_mark3|101|1206\n|teamsize|p1|6\n|teamsize|p2|6\n|gen|9\n|tier|[Gen 9] VGC 2025 Reg I (Bo3)\n|rated|\n|rule|Species Clause: Limit one of each Pok\u00e9mon\n|rule|Item Clause: Limit 1 of each item\n|clearpoke\n|poke|p1|Calyrex-Shadow, L50|\n|poke|p1|Terapagos, L50, M|\n|poke|p1|Incineroar, L50, M|\n|poke|p1|Rillaboom, L50, M|\n|poke|p1|Amoonguss, L50, M|\n|poke|p1|Urshifu-*, L50, F|\n|poke|p2|Calyrex-Shadow, L50|\n|poke|p2|Zamazenta-*, L50|\n|poke|p2|Tornadus, L50, M|\n|poke|p2|Chien-Pao, L50|\n|poke|p2|Urshifu-*, L50, M|\n|poke|p2|Rillaboom, L50, F|\n|teampreview|4\n|showteam|p1|Calyrex-Shadow||FocusSash|AsOneSpectrier|AstralBarrage,WillOWisp,Disable,Protect||||||50|,,,,,Ghost]Terapagos||Leftovers|TeraShift|TeraStarstorm,EarthPower,CalmMind,Protect|||M|||50|,,,,,Stellar]Incineroar||SafetyGoggles|Intimidate|WillOWisp,KnockOff,FakeOut,PartingShot|||M|||50|,,,,,Bug]Rillaboom||AssaultVest|GrassySurge|FakeOut,WoodHammer,Uturn,GrassyGlide|||M|||50|,,,,,Grass]Amoonguss||RockyHelmet|Regenerator|Protect,Spore,RagePowder,SludgeBomb|||M|||50|,,,,,Water]Urshifu-Rapid-Strike||ChoiceScarf|UnseenFist|RockTomb,SurgingStrikes,Uturn,CloseCombat|||F|||50|,,,,,Water\n|showteam|p2|Calyrex-Shadow||FocusSash|AsOneSpectrier|AstralBarrage,Psychic,Encore,Protect||||||50|,,,,,Dark]Zamazenta-Crowned||RustedShield|DauntlessShield|BodyPress,HeavySlam,WideGuard,Protect||||||50|,,,,,Dragon]Tornadus||RockyHelmet|Prankster|Tailwind,BleakwindStorm,RainDance,Protect|||M|||50|,,,,,Dark]Chien-Pao||LifeOrb|SwordofRuin|IceSpinner,SuckerPunch,Crunch,Protect||||||50|,,,,,Stellar]Urshifu-Rapid-Strike||MysticWater|UnseenFist|SurgingStrikes,AquaJet,Taunt,Detect|||M|||50|,,,,,Water]Rillaboom||AssaultVest|GrassySurge|WoodHammer,GrassyGlide,Uturn,FakeOut|||F|||50|,,,,,Fire\n|inactive|Battle timer is ON: inactive players will automatically lose when time's up. (requested by rostas_mark3)\n|inactive|Chef Crabracadabra has 60 seconds left.\n|inactive|rostas_mark3 has 60 seconds left.\n|\n|t:|1746096506\n|start\n|switch|p1a: Rillaboom|Rillaboom, L50, M|100/100\n|switch|p1b: Urshifu|Urshifu-Rapid-Strike, L50, F|100/100\n|switch|p2a: Tornadus|Tornadus, L50, M|100/100\n|switch|p2b: Calyrex|Calyrex-Shadow, L50|100/100\n|-ability|p2b: Calyrex|As One\n|-ability|p2b: Calyrex|Unnerve\n|-fieldstart|move: Grassy Terrain|[from] ability: Grassy Surge|[of] p1a: Rillaboom\n|turn|1\n|inactive|Chef Crabracadabra has 30 seconds left.\n|inactive|rostas_mark3 has 30 seconds left.\n|inactive|rostas_mark3 has 20 seconds left.\n|inactive|rostas_mark3 has 15 seconds left.\n|\n|t:|1746096547\n|-terastallize|p1b: Urshifu|Water\n|-terastallize|p2b: Calyrex|Dark\n|move|p2a: Tornadus|Tailwind|p2a: Tornadus\n|-sidestart|p2: rostas_mark3|move: Tailwind\n|move|p2b: Calyrex|Psychic|p1b: Urshifu\n|-damage|p1b: Urshifu|27/100\n|move|p1b: Urshifu|Surging Strikes|p2b: Calyrex\n|-crit|p2b: Calyrex\n|-damage|p2b: Calyrex|66/100\n|-crit|p2b: Calyrex\n|-damage|p2b: Calyrex|30/100\n|-crit|p2b: Calyrex\n|-damage|p2b: Calyrex|0 fnt\n|faint|p2b: Calyrex\n|-hitcount|p2: Calyrex|3\n|move|p1a: Rillaboom|U-turn|p2a: Tornadus\n|-resisted|p2a: Tornadus\n|-damage|p2a: Tornadus|88/100\n|-damage|p1a: Rillaboom|84/100|[from] item: Rocky Helmet|[of] p2a: Tornadus\n|\n|t:|1746096570\n|switch|p1a: Amoonguss|Amoonguss, L50, M|100/100|[from] U-turn\n|\n|-heal|p1b: Urshifu|33/100|[from] Grassy Terrain\n|upkeep\n|\n|t:|1746096576\n|switch|p2b: Rillaboom|Rillaboom, L50, F|100/100\n|turn|2\n|\n|t:|1746096589\n|switch|p1b: Rillaboom|Rillaboom, L50, M|84/100\n|move|p2b: Rillaboom|Grassy Glide|p1b: Rillaboom\n|-resisted|p1b: Rillaboom\n|-damage|p1b: Rillaboom|70/100\n|move|p2a: Tornadus|Bleakwind Storm|p1b: Rillaboom|[spread] p1a,p1b\n|-supereffective|p1a: Amoonguss\n|-supereffective|p1b: Rillaboom\n|-damage|p1a: Amoonguss|48/100\n|-damage|p1b: Rillaboom|26/100\n|move|p1a: Amoonguss|Spore|p2a: Tornadus\n|-status|p2a: Tornadus|slp|[from] move: Spore\n|\n|-heal|p1b: Rillaboom|32/100|[from] Grassy Terrain\n|-heal|p1a: Amoonguss|53/100|[from] Grassy Terrain\n|upkeep\n|turn|3\n|inactive|rostas_mark3 has 30 seconds left.\n|\n|t:|1746096620\n|switch|p2a: Zamazenta|Zamazenta-Crowned, L50|100/100\n|-ability|p2a: Zamazenta|Dauntless Shield|boost\n|-boost|p2a: Zamazenta|def|1\n|move|p2b: Rillaboom|Wood Hammer|p1b: Rillaboom\n|-resisted|p1b: Rillaboom\n|-damage|p1b: Rillaboom|4/100\n|-damage|p2b: Rillaboom|91/100|[from] Recoil\n|move|p1b: Rillaboom|U-turn|p2b: Rillaboom\n|-supereffective|p2b: Rillaboom\n|-damage|p2b: Rillaboom|53/100\n|\n|t:|1746096631\n|switch|p1b: Calyrex|Calyrex-Shadow, L50|100/100|[from] U-turn\n|-ability|p1b: Calyrex|As One\n|-ability|p1b: Calyrex|Unnerve\n|move|p1a: Amoonguss|Sludge Bomb|p2b: Rillaboom\n|-supereffective|p2b: Rillaboom\n|-damage|p2b: Rillaboom|20/100\n|\n|-heal|p2b: Rillaboom|26/100|[from] Grassy Terrain\n|-heal|p1a: Amoonguss|59/100|[from] Grassy Terrain\n|upkeep\n|turn|4\n|inactive|rostas_mark3 has 30 seconds left.\n|\n|t:|1746096658\n|move|p1b: Calyrex|Protect|p1b: Calyrex\n|-singleturn|p1b: Calyrex|Protect\n|move|p2b: Rillaboom|Grassy Glide|p1b: Calyrex\n|-activate|p1b: Calyrex|move: Protect\n|move|p2a: Zamazenta|Heavy Slam|p1b: Calyrex\n|-activate|p1b: Calyrex|move: Protect\n|move|p1a: Amoonguss|Spore|p2a: Zamazenta\n|-status|p2a: Zamazenta|slp|[from] move: Spore\n|\n|-heal|p2b: Rillaboom|32/100|[from] Grassy Terrain\n|-heal|p1a: Amoonguss|65/100|[from] Grassy Terrain\n|-sideend|p2: rostas_mark3|move: Tailwind\n|upkeep\n|turn|5\n|inactive|Chef Crabracadabra has 30 seconds left.\n|\n|t:|1746096684\n|switch|p1a: Urshifu|Urshifu-Rapid-Strike, L50, F, tera:Water|33/100\n|move|p1b: Calyrex|Astral Barrage|p2a: Zamazenta|[spread] p2a,p2b\n|-damage|p2a: Zamazenta|64/100 slp\n|-damage|p2b: Rillaboom|0 fnt\n|faint|p2b: Rillaboom\n|-ability|p1b: Calyrex|Grim Neigh|boost\n|-boost|p1b: Calyrex|spa|1\n|cant|p2a: Zamazenta|slp\n|\n|-heal|p1a: Urshifu|39/100|[from] Grassy Terrain\n|-heal|p2a: Zamazenta|69/100 slp|[from] Grassy Terrain\n|-fieldend|move: Grassy Terrain\n|upkeep\n|\n|t:|1746096691\n|switch|p2b: Tornadus|Tornadus, L50, M|88/100 slp\n|turn|6\n|\n|t:|1746096703\n|move|p1a: Urshifu|Surging Strikes|p2b: Tornadus\n|-crit|p2b: Tornadus\n|-damage|p2b: Tornadus|49/100 slp\n|-damage|p1a: Urshifu|23/100|[from] item: Rocky Helmet|[of] p2b: Tornadus\n|-crit|p2b: Tornadus\n|-damage|p2b: Tornadus|9/100 slp\n|-damage|p1a: Urshifu|6/100|[from] item: Rocky Helmet|[of] p2b: Tornadus\n|-crit|p2b: Tornadus\n|-damage|p2b: Tornadus|0 fnt\n|-damage|p1a: Urshifu|0 fnt|[from] item: Rocky Helmet|[of] p2b: Tornadus\n|faint|p2b: Tornadus\n|faint|p1a: Urshifu\n|-hitcount|p2: Tornadus|3\n|move|p1b: Calyrex|Astral Barrage|p2a: Zamazenta\n|-damage|p2a: Zamazenta|0 fnt\n|faint|p2a: Zamazenta\n|\n|win|Chef Crabracadabra\n|raw|Chef Crabracadabra's rating: 1218 &rarr; <strong>1242</strong><br />(+24 for winning)\n|raw|rostas_mark3's rating: 1206 &rarr; <strong>1182</strong><br />(-24 for losing)\n|c|\u2606rostas_mark3|gg\n|l|\u2606Chef Crabracadabra\n|player|p1|\n", "uploadtime": 1746096950, "views": 24, "formatid": "gen9vgc2025regibo3", "rating": 1182, "private": 0, "password": null}