{"id": "gen9vgc2025regibo3-2354258902", "format": "[Gen 9] VGC 2025 Reg I (Bo3)", "players": ["messi-05", "kimbruz94"], "log": "|j|\u2606messi-05\n|j|\u2606kimbruz94\n|html|<table width=\"100%\"><tr><td align=\"left\">messi-05</td><td align=\"right\">kimbruz94</tr><tr><td align=\"left\"><i class=\"fa fa-circle-o\"></i> <i class=\"fa fa-circle-o\"></i> </td><td align=\"right\"><i class=\"fa fa-circle-o\"></i> <i class=\"fa fa-circle-o\"></i> </tr></table>\n|uhtml|bestof|<h2><strong>Game 1</strong> of <a href=\"/game-bestof3-gen9vgc2025regibo3-2354258901\">a best-of-3</a></h2>\n|t:|1746049984\n|gametype|doubles\n|player|p1|messi-05|2|1199\n|player|p2|kimbruz94|flannery|1095\n|teamsize|p1|6\n|teamsize|p2|6\n|gen|9\n|tier|[Gen 9] VGC 2025 Reg I (Bo3)\n|rated|\n|rule|Species Clause: Limit one of each Pok\u00e9mon\n|rule|Item Clause: Limit 1 of each item\n|clearpoke\n|poke|p1|Terapagos, L50, M|\n|poke|p1|Koraidon, L50|\n|poke|p1|Incineroar, L50, M|\n|poke|p1|Rillaboom, L50, M|\n|poke|p1|Ogerpon-Cornerstone, L50, F|\n|poke|p1|Flutter Mane, L50|\n|poke|p2|Incineroar, L50, M|\n|poke|p2|Calyrex-Shadow, L50|\n|poke|p2|Rillaboom, L50, F|\n|poke|p2|Urshifu-*, L50, F|\n|poke|p2|Zamazenta-*, L50|\n|poke|p2|Flutter Mane, L50|\n|teampreview|4\n|showteam|p1|Terapagos||Leftovers|TeraShift|TeraStarstorm,CalmMind,Substitute,Protect|||M|||50|,,,,,Stellar]Koraidon||LifeOrb|OrichalcumPulse|FlareBlitz,CloseCombat,FlameCharge,Protect||||||50|,,,,,Fire]Incineroar||RockyHelmet|Intimidate|KnockOff,PartingShot,WillOWisp,FakeOut|||M|||50|,,,,,Water]Rillaboom||AssaultVest|GrassySurge|WoodHammer,GrassyGlide,Uturn,FakeOut|||M|||50|,,,,,Water]Ogerpon-Cornerstone||CornerstoneMask|Sturdy|IvyCudgel,GrassyGlide,FollowMe,SpikyShield|||F|||50|,,,,,Rock]Flutter Mane||FocusSash|Protosynthesis|Moonblast,DazzlingGleam,ShadowBall,IcyWind||||||50|,,,,,Fairy\n|showteam|p2|Incineroar||SafetyGoggles|Intimidate|FakeOut,PartingShot,WillOWisp,KnockOff|||M|||50|,,,,,Ghost]Calyrex-Shadow||LifeOrb|AsOneSpectrier|Protect,AstralBarrage,NastyPlot,Psychic||||||50|,,,,,Ghost]Rillaboom||AssaultVest|GrassySurge|FakeOut,WoodHammer,Uturn,GrassyGlide|||F|||50|,,,,,Fire]Urshifu-Rapid-Strike||FocusSash|UnseenFist|Detect,SurgingStrikes,CloseCombat,AquaJet|||F|||50|,,,,,Stellar]Zamazenta-Crowned||RustedShield|DauntlessShield|WideGuard,IronDefense,BodyPress,Protect||||||50|,,,,,Dragon]Flutter Mane||BoosterEnergy|Protosynthesis|ThunderWave,Moonblast,IcyWind,Taunt||||||50|,,,,,Dark\n|inactive|Battle timer is ON: inactive players will automatically lose when time's up. (requested by messi-05)\n|inactive|messi-05 has 60 seconds left.\n|inactive|kimbruz94 has 60 seconds left.\n|inactive|kimbruz94 has 30 seconds left.\n|\n|t:|1746050052\n|start\n|switch|p1a: Terapagos|Terapagos, L50, M|100/100\n|switch|p1b: Incineroar|Incineroar, L50, M|100/100\n|switch|p2a: Incineroar|Incineroar, L50, M|100/100\n|switch|p2b: Flutter Mane|Flutter Mane, L50|100/100\n|-activate|p1a: Terapagos|ability: Tera Shift\n|detailschange|p1a: Terapagos|Terapagos-Terastal, L50, M\n|-heal|p1a: Terapagos|100/100|[silent]\n|-ability|p2a: Incineroar|Intimidate|boost\n|-unboost|p1a: Terapagos|atk|1\n|-unboost|p1b: Incineroar|atk|1\n|-ability|p1b: Incineroar|Intimidate|boost\n|-unboost|p2a: Incineroar|atk|1\n|-unboost|p2b: Flutter Mane|atk|1\n|-enditem|p2b: Flutter Mane|Booster Energy\n|-activate|p2b: Flutter Mane|ability: Protosynthesis|[fromitem]\n|-start|p2b: Flutter Mane|protosynthesisspe\n|turn|1\n|inactive|messi-05 has 30 seconds left.\n|inactive|kimbruz94 has 30 seconds left.\n|inactive|messi-05 has 20 seconds left.\n|inactive|messi-05 has 15 seconds left.\n|inactive|messi-05 has 10 seconds left.\n|\n|t:|1746050099\n|move|p2b: Flutter Mane|Taunt|p1a: Terapagos\n|-start|p1a: Terapagos|move: Taunt\n|cant|p1a: Terapagos|move: Taunt|Substitute\n|move|p2a: Incineroar|Parting Shot|p1a: Terapagos\n|-unboost|p1a: Terapagos|atk|1\n|-unboost|p1a: Terapagos|spa|1\n|\n|t:|1746050116\n|switch|p2a: Zamazenta|Zamazenta-Crowned, L50|100/100|[from] Parting Shot\n|-ability|p2a: Zamazenta|Dauntless Shield|boost\n|-boost|p2a: Zamazenta|def|1\n|move|p1b: Incineroar|Knock Off|p2b: Flutter Mane\n|-damage|p2b: Flutter Mane|80/100\n|\n|upkeep\n|turn|2\n|inactive|kimbruz94 has 30 seconds left.\n|\n|t:|1746050149\n|switch|p1a: Flutter Mane|Flutter Mane, L50|100/100\n|move|p2a: Zamazenta|Protect|p2a: Zamazenta\n|-singleturn|p2a: Zamazenta|Protect\n|move|p2b: Flutter Mane|Taunt|p1b: Incineroar\n|-start|p1b: Incineroar|move: Taunt\n|cant|p1b: Incineroar|move: Taunt|Will-O-Wisp\n|\n|upkeep\n|turn|3\n|inactive|messi-05 has 30 seconds left.\n|inactive|kimbruz94 has 30 seconds left.\n|inactive|kimbruz94 has 20 seconds left.\n|\n|t:|1746050188\n|switch|p1b: Koraidon|Koraidon, L50|100/100\n|-weather|SunnyDay|[from] ability: Orichalcum Pulse|[of] p1b: Koraidon\n|-activate|p1a: Flutter Mane|ability: Protosynthesis\n|-start|p1a: Flutter Mane|protosynthesisspe\n|-activate|p1b: Koraidon|Orichalcum Pulse|[source]\n|move|p1a: Flutter Mane|Shadow Ball|p2b: Flutter Mane\n|-supereffective|p2b: Flutter Mane\n|-damage|p2b: Flutter Mane|2/100\n|move|p2b: Flutter Mane|Icy Wind|p1b: Koraidon|[spread] p1a,p1b\n|-supereffective|p1b: Koraidon\n|-damage|p1a: Flutter Mane|88/100\n|-damage|p1b: Koraidon|74/100\n|-unboost|p1a: Flutter Mane|spe|1\n|-unboost|p1b: Koraidon|spe|1\n|move|p2a: Zamazenta|Iron Defense|p2a: Zamazenta\n|-boost|p2a: Zamazenta|def|2\n|\n|-weather|SunnyDay|[upkeep]\n|upkeep\n|turn|4\n|inactive|kimbruz94 has 30 seconds left.\n|inactive|kimbruz94 has 20 seconds left.\n|inactive|kimbruz94 has 15 seconds left.\n|inactive|kimbruz94 has 10 seconds left.\n|\n|t:|1746050237\n|move|p1b: Koraidon|Protect|p1b: Koraidon\n|-singleturn|p1b: Koraidon|Protect\n|move|p2b: Flutter Mane|Moonblast|p1b: Koraidon\n|-activate|p1b: Koraidon|move: Protect\n|move|p1a: Flutter Mane|Shadow Ball|p2b: Flutter Mane\n|-supereffective|p2b: Flutter Mane\n|-crit|p2b: Flutter Mane\n|-damage|p2b: Flutter Mane|0 fnt\n|faint|p2b: Flutter Mane\n|-end|p2b: Flutter Mane|Protosynthesis|[silent]\n|move|p2a: Zamazenta|Iron Defense|p2a: Zamazenta\n|-boost|p2a: Zamazenta|def|2\n|\n|-weather|SunnyDay|[upkeep]\n|upkeep\n|inactive|kimbruz94 has 30 seconds left.\n|inactive|kimbruz94 has 20 seconds left.\n|\n|t:|1746050275\n|switch|p2b: Calyrex|Calyrex-Shadow, L50|100/100\n|-ability|p2b: Calyrex|As One\n|-ability|p2b: Calyrex|Unnerve\n|turn|5\n|inactive|kimbruz94 has 30 seconds left.\n|\n|t:|1746050307\n|-end|p1a: Flutter Mane|Protosynthesis|[silent]\n|switch|p1a: Terapagos|Terapagos-Terastal, L50, M|100/100\n|switch|p1b: Incineroar|Incineroar, L50, M|100/100\n|-ability|p1b: Incineroar|Intimidate|boost\n|-unboost|p2a: Zamazenta|atk|1\n|-unboost|p2b: Calyrex|atk|1\n|move|p2b: Calyrex|Astral Barrage|p1b: Incineroar|[spread] p1b\n|-immune|p1a: Terapagos\n|-resisted|p1b: Incineroar\n|-damage|p1b: Incineroar|70/100\n|-damage|p2b: Calyrex|91/100|[from] item: Life Orb\n|move|p2a: Zamazenta|Body Press|p1b: Incineroar\n|-supereffective|p1b: Incineroar\n|-damage|p1b: Incineroar|0 fnt\n|-damage|p2a: Zamazenta|84/100|[from] item: Rocky Helmet|[of] p1b: Incineroar\n|faint|p1b: Incineroar\n|\n|-weather|SunnyDay|[upkeep]\n|upkeep\n|inactive|messi-05 has 30 seconds left.\n|\n|t:|1746050334\n|switch|p1b: Flutter Mane|Flutter Mane, L50|88/100\n|-activate|p1b: Flutter Mane|ability: Protosynthesis\n|-start|p1b: Flutter Mane|protosynthesisspe\n|turn|6\n|inactive|kimbruz94 has 30 seconds left.\n|inactive|kimbruz94 has 20 seconds left.\n|inactive|kimbruz94 has 15 seconds left.\n|\n|t:|1746050378\n|move|p2b: Calyrex|Protect|p2b: Calyrex\n|-singleturn|p2b: Calyrex|Protect\n|move|p1b: Flutter Mane|Shadow Ball|p2b: Calyrex\n|-activate|p2b: Calyrex|move: Protect\n|move|p2a: Zamazenta|Body Press|p1a: Terapagos\n|-activate|p1a: Terapagos|ability: Tera Shell\n|-resisted|p1a: Terapagos\n|-damage|p1a: Terapagos|38/100\n|move|p1a: Terapagos|Tera Starstorm|p2a: Zamazenta\n|-resisted|p2a: Zamazenta\n|-damage|p2a: Zamazenta|60/100\n|\n|-weather|SunnyDay|[upkeep]\n|-heal|p1a: Terapagos|44/100|[from] item: Leftovers\n|upkeep\n|turn|7\n|inactive|messi-05 has 30 seconds left.\n|inactive|kimbruz94 has 30 seconds left.\n|inactive|messi-05 has 20 seconds left.\n|inactive|messi-05 has 15 seconds left.\n|\n|t:|1746050422\n|switch|p2b: Incineroar|Incineroar, L50, M|100/100\n|-ability|p2b: Incineroar|Intimidate|boost\n|-unboost|p1a: Terapagos|atk|1\n|-unboost|p1b: Flutter Mane|atk|1\n|-terastallize|p1b: Flutter Mane|Fairy\n|move|p1a: Terapagos|Protect|p1a: Terapagos\n|-singleturn|p1a: Terapagos|Protect\n|move|p1b: Flutter Mane|Moonblast|p2a: Zamazenta\n|-damage|p2a: Zamazenta|5/100\n|move|p2a: Zamazenta|Body Press|p1a: Terapagos\n|-activate|p1a: Terapagos|move: Protect\n|\n|-weather|none\n|-end|p1b: Flutter Mane|Protosynthesis\n|-heal|p1a: Terapagos|50/100|[from] item: Leftovers\n|upkeep\n|turn|8\n|inactive|kimbruz94 has 30 seconds left.\n|inactive|kimbruz94 has 20 seconds left.\n|inactive|kimbruz94 has 15 seconds left.\n|\n|t:|1746050466\n|switch|p1a: Koraidon|Koraidon, L50|74/100\n|-weather|SunnyDay|[from] ability: Orichalcum Pulse|[of] p1a: Koraidon\n|-activate|p1b: Flutter Mane|ability: Protosynthesis\n|-start|p1b: Flutter Mane|protosynthesisspe\n|-activate|p1a: Koraidon|Orichalcum Pulse|[source]\n|move|p2a: Zamazenta|Protect|p2a: Zamazenta\n|-singleturn|p2a: Zamazenta|Protect\n|move|p1b: Flutter Mane|Moonblast|p2a: Zamazenta\n|-activate|p2a: Zamazenta|move: Protect\n|move|p2b: Incineroar|Will-O-Wisp|p1a: Koraidon\n|-status|p1a: Koraidon|brn\n|\n|-weather|SunnyDay|[upkeep]\n|-damage|p1a: Koraidon|68/100 brn|[from] brn\n|upkeep\n|turn|9\n|inactive|messi-05 has 30 seconds left.\n|inactive|kimbruz94 has 30 seconds left.\n|inactive|kimbruz94 has 20 seconds left.\n|inactive|kimbruz94 has 15 seconds left.\n|\n|t:|1746050507\n|move|p1b: Flutter Mane|Moonblast|p2b: Incineroar\n|-damage|p2b: Incineroar|42/100\n|move|p1a: Koraidon|Flare Blitz|p2a: Zamazenta\n|-supereffective|p2a: Zamazenta\n|-damage|p2a: Zamazenta|0 fnt\n|faint|p2a: Zamazenta\n|-damage|p1a: Koraidon|66/100 brn|[from] Recoil\n|-damage|p1a: Koraidon|57/100 brn|[from] item: Life Orb\n|move|p2b: Incineroar|Parting Shot|p1b: Flutter Mane\n|-unboost|p1b: Flutter Mane|atk|1\n|-unboost|p1b: Flutter Mane|spa|1\n|\n|t:|1746050519\n|switch|p2b: Calyrex|Calyrex-Shadow, L50|91/100|[from] Parting Shot\n|-ability|p2b: Calyrex|As One\n|-ability|p2b: Calyrex|Unnerve\n|\n|-weather|SunnyDay|[upkeep]\n|-damage|p1a: Koraidon|50/100 brn|[from] brn\n|upkeep\n|\n|t:|1746050526\n|switch|p2a: Incineroar|Incineroar, L50, M|42/100\n|-ability|p2a: Incineroar|Intimidate|boost\n|-unboost|p1a: Koraidon|atk|1\n|-unboost|p1b: Flutter Mane|atk|1\n|turn|10\n|inactive|kimbruz94 has 30 seconds left.\n|inactive|kimbruz94 has 20 seconds left.\n|inactive|kimbruz94 has 15 seconds left.\n|inactive|kimbruz94 has 10 seconds left.\n|inactive|kimbruz94 has 5 seconds left.\n|\n|t:|1746050561\n|-end|p1b: Flutter Mane|Protosynthesis|[silent]\n|switch|p1b: Terapagos|Terapagos-Terastal, L50, M|50/100\n|-terastallize|p2b: Calyrex|Ghost\n|move|p2a: Incineroar|Fake Out|p1b: Terapagos\n|-damage|p1b: Terapagos|43/100\n|move|p2b: Calyrex|Astral Barrage|p1a: Koraidon|[spread] p1a\n|-immune|p1b: Terapagos\n|-damage|p1a: Koraidon|0 fnt\n|faint|p1a: Koraidon\n|-ability|p2b: Calyrex|Grim Neigh|boost\n|-boost|p2b: Calyrex|spa|1\n|-damage|p2b: Calyrex|81/100|[from] item: Life Orb\n|\n|-weather|SunnyDay|[upkeep]\n|-heal|p1b: Terapagos|49/100|[from] item: Leftovers\n|upkeep\n|inactive|kimbruz94 has 5 seconds left this turn.\n|\n|t:|1746050571\n|switch|p1a: Flutter Mane|Flutter Mane, L50, tera:Fairy|88/100\n|-activate|p1a: Flutter Mane|ability: Protosynthesis\n|-start|p1a: Flutter Mane|protosynthesisspe\n|turn|11\n|inactive|kimbruz94 has 5 seconds left this turn.\n|-message|kimbruz94 lost due to inactivity.\n|\n|win|messi-05\n", "uploadtime": 1746050579, "views": 6, "formatid": "gen9vgc2025regibo3", "rating": null, "private": 0, "password": null}