{"id": "gen9vgc2025regibo3-2353620838", "format": "[Gen 9] VGC 2025 Reg I (Bo3)", "players": ["RegI\u2026Yawn", "Myoto8"], "log": "|j|\u203dRegI\u2026Yawn\n|j|\u2606Myoto8\n|html|<table width=\"100%\"><tr><td align=\"left\">RegI\u2026Yawn</td><td align=\"right\">Myoto8</tr><tr><td align=\"left\"><i class=\"fa fa-circle\"></i> <i class=\"fa fa-circle-o\"></i> </td><td align=\"right\"><i class=\"fa fa-circle-o\"></i> <i class=\"fa fa-circle\"></i> </tr></table>\n|uhtml|bestof|<h2><strong>Game 3</strong> of <a href=\"/game-bestof3-gen9vgc2025regibo3-2353617607\">a best-of-3</a></h2>\n|t:|1745975525\n|gametype|doubles\n|player|p1|RegI\u2026Yawn|102|1173\n|player|p2|Myoto8|marlon|1206\n|teamsize|p1|6\n|teamsize|p2|6\n|gen|9\n|tier|[Gen 9] VGC 2025 Reg I (Bo3)\n|rated|\n|rule|Species Clause: Limit one of each Pok\u00e9mon\n|rule|Item Clause: Limit 1 of each item\n|clearpoke\n|poke|p1|Sandy Shocks, L50|\n|poke|p1|Brute Bonnet, L50|\n|poke|p1|Koraidon, L50|\n|poke|p1|Incineroar, L50, M|\n|poke|p1|Zacian-*, L50|\n|poke|p1|Gastrodon-East, L50, F|\n|poke|p2|Koraidon, L50|\n|poke|p2|Flutter Mane, L50|\n|poke|p2|Indeedee-F, L50, F|\n|poke|p2|Calyrex-Shadow, L50|\n|poke|p2|Brute Bonnet, L50|\n|poke|p2|Whimsicott, L50, M|\n|teampreview|4\n|showteam|p1|Sandy Shocks||FocusSash|Protosynthesis|Protect,Electroweb,Thunderbolt,EarthPower||||||50|,,,,,Electric]Brute Bonnet||RockyHelmet|Protosynthesis|SeedBomb,SuckerPunch,Spore,RagePowder||||||50|,,,,,Water]Koraidon||ClearAmulet|OrichalcumPulse|CollisionCourse,FlameCharge,FlareBlitz,Protect||||||50|,,,,,Fire]Incineroar||SafetyGoggles|Intimidate|FlareBlitz,KnockOff,PartingShot,FakeOut|||M|||50|,,,,,Ghost]Zacian-Crowned||RustedSword|IntrepidSword|behemothblade,PlayRough,TeraBlast,Protect||||||50|,,,,,Ground]Gastrodon-East||Leftovers|StormDrain|EarthPower,IcyWind,Yawn,Protect|||F|||50|,,,,,Fairy\n|showteam|p2|Koraidon||LoadedDice|OrichalcumPulse|ScaleShot,FlareBlitz,CloseCombat,Protect||||||50|,,,,,Fire]Flutter Mane||FocusSash|Protosynthesis|Taunt,Moonblast,Protect,IcyWind||||||50|,,,,,Normal]Indeedee-F||PsychicSeed|PsychicSurge|FollowMe,HelpingHand,TrickRoom,DazzlingGleam|||F|||50|,,,,,Fairy]Calyrex-Shadow||LifeOrb|AsOneSpectrier|AstralBarrage,ExpandingForce,Protect,NastyPlot||||||50|,,,,,Water]Brute Bonnet||RockyHelmet|Protosynthesis|Spore,RagePowder,Protect,Crunch||||||50|,,,,,Water]Whimsicott||CovertCloak|Prankster|Tailwind,Moonblast,LightScreen,Taunt|||M|||50|,,,,,Dark\n|\n|t:|1745975564\n|start\n|switch|p1a: Brute Bonnet|Brute Bonnet, L50|100/100\n|switch|p1b: Zacian|Zacian-Crowned, L50|100/100\n|switch|p2a: Whimsicott|Whimsicott, L50, M|100/100\n|switch|p2b: Calyrex|Calyrex-Shadow, L50|100/100\n|-ability|p2b: Calyrex|As One\n|-ability|p2b: Calyrex|Unnerve\n|-ability|p1b: Zacian|Intrepid Sword|boost\n|-boost|p1b: Zacian|atk|1\n|turn|1\n|\n|t:|1745975596\n|move|p2b: Calyrex|Protect|p2b: Calyrex\n|-singleturn|p2b: Calyrex|Protect\n|move|p2a: Whimsicott|Tailwind|p2a: Whimsicott\n|-sidestart|p2: Myoto8|move: Tailwind\n|move|p1b: Zacian|Behemoth Blade|p2a: Whimsicott\n|-supereffective|p2a: Whimsicott\n|-damage|p2a: Whimsicott|0 fnt\n|faint|p2a: Whimsicott\n|move|p1a: Brute Bonnet|Spore|p2b: Calyrex\n|-activate|p2b: Calyrex|move: Protect\n|\n|upkeep\n|\n|t:|1745975613\n|switch|p2a: Flutter Mane|Flutter Mane, L50|100/100\n|turn|2\n|\n|t:|1745975630\n|switch|p2b: Koraidon|Koraidon, L50|100/100\n|-weather|SunnyDay|[from] ability: Orichalcum Pulse|[of] p2b: Koraidon\n|-activate|p2a: Flutter Mane|ability: Protosynthesis\n|-start|p2a: Flutter Mane|protosynthesisspe\n|-activate|p1a: Brute Bonnet|ability: Protosynthesis\n|-start|p1a: Brute Bonnet|protosynthesisdef\n|-activate|p2b: Koraidon|Orichalcum Pulse|[source]\n|-terastallize|p1a: Brute Bonnet|Water\n|move|p2a: Flutter Mane|Taunt|p1a: Brute Bonnet\n|-start|p1a: Brute Bonnet|move: Taunt\n|move|p1b: Zacian|Behemoth Blade|p2b: Koraidon\n|-damage|p2b: Koraidon|19/100\n|move|p1a: Brute Bonnet|Seed Bomb|p2b: Koraidon\n|-resisted|p2b: Koraidon\n|-damage|p2b: Koraidon|5/100\n|\n|-weather|SunnyDay|[upkeep]\n|upkeep\n|turn|3\n|\n|t:|1745975668\n|move|p2b: Koraidon|Protect|p2b: Koraidon\n|-singleturn|p2b: Koraidon|Protect\n|move|p1a: Brute Bonnet|Sucker Punch||[still]\n|-fail|p1a: Brute Bonnet\n|move|p2a: Flutter Mane|Moonblast|p1a: Brute Bonnet\n|-damage|p1a: Brute Bonnet|65/100\n|move|p1b: Zacian|Behemoth Blade|p2a: Flutter Mane\n|-supereffective|p2a: Flutter Mane\n|-enditem|p2a: Flutter Mane|Focus Sash\n|-damage|p2a: Flutter Mane|1/100\n|\n|-weather|SunnyDay|[upkeep]\n|upkeep\n|turn|4\n|\n|t:|1745975708\n|move|p2b: Koraidon|Protect||[still]\n|-fail|p2b: Koraidon\n|move|p1a: Brute Bonnet|Sucker Punch||[still]\n|-fail|p1a: Brute Bonnet\n|move|p2a: Flutter Mane|Moonblast|p1a: Brute Bonnet\n|-damage|p1a: Brute Bonnet|25/100\n|move|p1b: Zacian|Behemoth Blade|p2a: Flutter Mane\n|-supereffective|p2a: Flutter Mane\n|-damage|p2a: Flutter Mane|0 fnt\n|faint|p2a: Flutter Mane\n|-end|p2a: Flutter Mane|Protosynthesis|[silent]\n|\n|-weather|SunnyDay|[upkeep]\n|-end|p1a: Brute Bonnet|move: Taunt\n|-sideend|p2: Myoto8|move: Tailwind\n|upkeep\n|\n|t:|1745975717\n|switch|p2a: Calyrex|Calyrex-Shadow, L50|100/100\n|-ability|p2a: Calyrex|As One\n|-ability|p2a: Calyrex|Unnerve\n|turn|5\n|\n|t:|1745975741\n|-terastallize|p2a: Calyrex|Water\n|move|p1a: Brute Bonnet|Sucker Punch|p2a: Calyrex\n|-damage|p2a: Calyrex|64/100\n|move|p2a: Calyrex|Astral Barrage|p1b: Zacian|[spread] p1a,p1b\n|-damage|p1a: Brute Bonnet|0 fnt\n|-damage|p1b: Zacian|42/100\n|faint|p1a: Brute Bonnet\n|-end|p1a: Brute Bonnet|Protosynthesis|[silent]\n|-ability|p2a: Calyrex|Grim Neigh|boost\n|-boost|p2a: Calyrex|spa|1\n|-damage|p2a: Calyrex|54/100|[from] item: Life Orb\n|move|p1b: Zacian|Play Rough|p2a: Calyrex\n|-crit|p2a: Calyrex\n|-damage|p2a: Calyrex|0 fnt\n|faint|p2a: Calyrex\n|move|p2b: Koraidon|Close Combat|p1b: Zacian\n|-damage|p1b: Zacian|0 fnt\n|-unboost|p2b: Koraidon|def|1\n|-unboost|p2b: Koraidon|spd|1\n|faint|p1b: Zacian\n|\n|-weather|SunnyDay|[upkeep]\n|upkeep\n|\n|t:|1745975754\n|switch|p1b: Incineroar|Incineroar, L50, M|100/100\n|switch|p1a: Koraidon|Koraidon, L50|100/100\n|-activate|p1a: Koraidon|ability: Orichalcum Pulse\n|-ability|p1b: Incineroar|Intimidate|boost\n|-unboost|p2b: Koraidon|atk|1\n|turn|6\n|\n|t:|1745975759\n|move|p2b: Koraidon|Protect|p2b: Koraidon\n|-singleturn|p2b: Koraidon|Protect\n|move|p1b: Incineroar|Fake Out|p2b: Koraidon\n|-activate|p2b: Koraidon|move: Protect\n|move|p1a: Koraidon|Flame Charge|p1b: Incineroar\n|-resisted|p1b: Incineroar\n|-damage|p1b: Incineroar|87/100\n|-boost|p1a: Koraidon|spe|1\n|\n|-weather|none\n|upkeep\n|turn|7\n|\n|t:|1745975764\n|move|p1a: Koraidon|Collision Course|p2b: Koraidon\n|-damage|p2b: Koraidon|0 fnt\n|faint|p2b: Koraidon\n|\n|win|RegI\u2026Yawn\n|raw|RegI\u2026Yawn's rating: 1173 &rarr; <strong>1200</strong><br />(+27 for winning)\n|raw|Myoto8's rating: 1206 &rarr; <strong>1179</strong><br />(-27 for losing)\n|l|\u2606Myoto8\n|player|p2|\n|n|\u203dRegI\u2026Yawn|regiyawn\n|l|\u203dRegI\u2026Yawn\n|player|p1|\n", "uploadtime": 1745976084, "views": 7, "formatid": "gen9vgc2025regibo3", "rating": 1179, "private": 0, "password": null}