{"id": "gen9vgc2025regibo3-2354121893", "format": "[Gen 9] VGC 2025 Reg I (Bo3)", "players": ["sorecruiser", "javi1297"], "log": "|j|\u2606sorecruiser\n|j|\u2606javi1297\n|html|<table width=\"100%\"><tr><td align=\"left\">sorecruiser</td><td align=\"right\">javi1297</tr><tr><td align=\"left\"><i class=\"fa fa-circle-o\"></i> <i class=\"fa fa-circle-o\"></i> </td><td align=\"right\"><i class=\"fa fa-circle-o\"></i> <i class=\"fa fa-circle-o\"></i> </tr></table>\n|uhtml|bestof|<h2><strong>Game 1</strong> of <a href=\"/game-bestof3-gen9vgc2025regibo3-2354121892\">a best-of-3</a></h2>\n|t:|1746036721\n|gametype|doubles\n|player|p1|sorecruiser|170|1048\n|player|p2|javi1297|red|1065\n|teamsize|p1|6\n|teamsize|p2|6\n|gen|9\n|tier|[Gen 9] VGC 2025 Reg I (Bo3)\n|rated|\n|rule|Species Clause: Limit one of each Pok\u00e9mon\n|rule|Item Clause: Limit 1 of each item\n|clearpoke\n|poke|p1|Calyrex-Shadow, L50|\n|poke|p1|Whimsicott, L50, F|\n|poke|p1|Rillaboom, L50, M|\n|poke|p1|Koraidon, L50|\n|poke|p1|Farigiraf, L50, M|\n|poke|p1|Chi-Yu, L50|\n|poke|p2|Calyrex-Shadow, L50|\n|poke|p2|Zacian-*, L50|\n|poke|p2|Incineroar, L50, M|\n|poke|p2|Urshifu-*, L50, M|\n|poke|p2|Raging Bolt, L50|\n|poke|p2|Ursaluna-Bloodmoon, L50, M|\n|teampreview|4\n|showteam|p1|Calyrex-Shadow||FocusSash|AsOneSpectrier|AstralBarrage,Psyshock,PollenPuff,Protect||||||50|,,,,,Ghost]Whimsicott||CovertCloak|Prankster|Tailwind,Encore,LightScreen,Moonblast|||F|||50|,,,,,Dark]Rillaboom||AssaultVest|GrassySurge|Uturn,GrassyGlide,WoodHammer,FakeOut|||M|||50|,,,,,Water]Koraidon||ClearAmulet|OrichalcumPulse|FlareBlitz,CollisionCourse,FlameCharge,Protect||||||50|,,,,,Fire]Farigiraf||SafetyGoggles|ArmorTail|PsychicNoise,FoulPlay,HelpingHand,TrickRoom|||M|||50|,,,,,Water]Chi-Yu||ChoiceScarf|BeadsofRuin|Snarl,Overheat,DarkPulse,HeatWave||||||50|,,,,,Ghost\n|showteam|p2|Calyrex-Shadow||FocusSash|AsOneSpectrier|AstralBarrage,Psychic,WillOWisp,Protect||||||50|,,,,,Ghost]Zacian-Crowned||RustedSword|IntrepidSword|behemothblade,PlayRough,SacredSword,Protect||||||50|,,,,,Stellar]Incineroar||SafetyGoggles|Intimidate|FakeOut,KnockOff,PartingShot,FlareBlitz|||M|||50|,,,,,Ghost]Urshifu-Rapid-Strike||ChoiceScarf|UnseenFist|SurgingStrikes,CloseCombat,IceSpinner,Uturn|||M|||50|,,,,,Water]Raging Bolt||AssaultVest|Protosynthesis|Thunderclap,Thunderbolt,DracoMeteor,Snarl||||||50|,,,,,Fairy]Ursaluna-Bloodmoon||ThroatSpray|MindsEye|HyperVoice,BloodMoon,EarthPower,Protect|||M|||50|,,,,,Water\n|\n|t:|1746036809\n|start\n|switch|p1a: Rillaboom|Rillaboom, L50, M|100/100\n|switch|p1b: Chi-Yu|Chi-Yu, L50|100/100\n|switch|p2a: Raging Bolt|Raging Bolt, L50|100/100\n|switch|p2b: Incineroar|Incineroar, L50, M|100/100\n|-ability|p1b: Chi-Yu|Beads of Ruin\n|-fieldstart|move: Grassy Terrain|[from] ability: Grassy Surge|[of] p1a: Rillaboom\n|-ability|p2b: Incineroar|Intimidate|boost\n|-unboost|p1a: Rillaboom|atk|1\n|-unboost|p1b: Chi-Yu|atk|1\n|turn|1\n|inactive|Battle timer is ON: inactive players will automatically lose when time's up. (requested by sorecruiser)\n|\n|t:|1746036823\n|move|p1a: Rillaboom|Fake Out|p2a: Raging Bolt\n|-damage|p2a: Raging Bolt|92/100\n|move|p1b: Chi-Yu|Snarl|p2b: Incineroar|[spread] p2a\n|-miss|p1b: Chi-Yu|p2b: Incineroar\n|-damage|p2a: Raging Bolt|74/100\n|-unboost|p2a: Raging Bolt|spa|1\n|cant|p2a: Raging Bolt|flinch\n|move|p2b: Incineroar|Knock Off|p1b: Chi-Yu\n|-resisted|p1b: Chi-Yu\n|-damage|p1b: Chi-Yu|69/100\n|-enditem|p1b: Chi-Yu|Choice Scarf|[from] move: Knock Off|[of] p2b: Incineroar\n|\n|-heal|p1b: Chi-Yu|75/100|[from] Grassy Terrain\n|-heal|p2a: Raging Bolt|80/100|[from] Grassy Terrain\n|upkeep\n|turn|2\n|\n|t:|1746036837\n|move|p1b: Chi-Yu|Snarl|p2a: Raging Bolt|[spread] p2a,p2b\n|-resisted|p2b: Incineroar\n|-damage|p2a: Raging Bolt|60/100\n|-damage|p2b: Incineroar|88/100\n|-unboost|p2a: Raging Bolt|spa|1\n|-unboost|p2b: Incineroar|spa|1\n|move|p1a: Rillaboom|U-turn|p2a: Raging Bolt\n|-damage|p2a: Raging Bolt|47/100\n|\n|t:|1746036856\n|switch|p1a: Koraidon|Koraidon, L50|100/100|[from] U-turn\n|-weather|SunnyDay|[from] ability: Orichalcum Pulse|[of] p1a: Koraidon\n|-activate|p2a: Raging Bolt|ability: Protosynthesis\n|-start|p2a: Raging Bolt|protosynthesisdef\n|-activate|p1a: Koraidon|Orichalcum Pulse|[source]\n|move|p2a: Raging Bolt|Thunderbolt|p1b: Chi-Yu\n|-damage|p1b: Chi-Yu|45/100\n|move|p2b: Incineroar|Flare Blitz|p1a: Koraidon\n|-resisted|p1a: Koraidon\n|-damage|p1a: Koraidon|69/100\n|-damage|p2b: Incineroar|79/100|[from] Recoil\n|\n|-weather|SunnyDay|[upkeep]\n|-heal|p1a: Koraidon|75/100|[from] Grassy Terrain\n|-heal|p1b: Chi-Yu|51/100|[from] Grassy Terrain\n|-heal|p2a: Raging Bolt|53/100|[from] Grassy Terrain\n|-heal|p2b: Incineroar|85/100|[from] Grassy Terrain\n|upkeep\n|turn|3\n|inactive|sorecruiser has 30 seconds left.\n|\n|t:|1746036882\n|-terastallize|p1a: Koraidon|Fire\n|-terastallize|p2b: Incineroar|Ghost\n|move|p2a: Raging Bolt|Thunderclap|p1b: Chi-Yu\n|-damage|p1b: Chi-Yu|28/100\n|move|p1a: Koraidon|Flame Charge|p2a: Raging Bolt\n|-resisted|p2a: Raging Bolt\n|-crit|p2a: Raging Bolt\n|-damage|p2a: Raging Bolt|20/100\n|-boost|p1a: Koraidon|spe|1\n|move|p1b: Chi-Yu|Snarl|p2b: Incineroar|[spread] p2a,p2b\n|-supereffective|p2b: Incineroar\n|-damage|p2a: Raging Bolt|1/100\n|-damage|p2b: Incineroar|33/100\n|-unboost|p2a: Raging Bolt|spa|1\n|-unboost|p2b: Incineroar|spa|1\n|move|p2b: Incineroar|Knock Off|p1a: Koraidon\n|-damage|p1a: Koraidon|42/100\n|-enditem|p1a: Koraidon|Clear Amulet|[from] move: Knock Off|[of] p2b: Incineroar\n|\n|-weather|SunnyDay|[upkeep]\n|-heal|p1a: Koraidon|48/100|[from] Grassy Terrain\n|-heal|p1b: Chi-Yu|34/100|[from] Grassy Terrain\n|-heal|p2a: Raging Bolt|7/100|[from] Grassy Terrain\n|-heal|p2b: Incineroar|39/100|[from] Grassy Terrain\n|upkeep\n|turn|4\n|\n|t:|1746036902\n|move|p1a: Koraidon|Protect|p1a: Koraidon\n|-singleturn|p1a: Koraidon|Protect\n|move|p2a: Raging Bolt|Thunderclap||[still]\n|-fail|p2a: Raging Bolt\n|move|p1b: Chi-Yu|Snarl|p2b: Incineroar|[spread] p2a,p2b\n|-crit|p2a: Raging Bolt\n|-supereffective|p2b: Incineroar\n|-damage|p2a: Raging Bolt|0 fnt\n|-damage|p2b: Incineroar|0 fnt\n|faint|p2a: Raging Bolt\n|-end|p2a: Raging Bolt|Protosynthesis|[silent]\n|faint|p2b: Incineroar\n|\n|-weather|SunnyDay|[upkeep]\n|-heal|p1a: Koraidon|54/100|[from] Grassy Terrain\n|-heal|p1b: Chi-Yu|40/100|[from] Grassy Terrain\n|upkeep\n|\n|t:|1746036906\n|switch|p2a: Ursaluna|Ursaluna-Bloodmoon, L50, M|100/100\n|switch|p2b: Zacian|Zacian-Crowned, L50|100/100\n|-ability|p2b: Zacian|Intrepid Sword|boost\n|-boost|p2b: Zacian|atk|1\n|turn|5\n|inactive|sorecruiser has 30 seconds left.\n|inactive|sorecruiser has 20 seconds left.\n|\n|t:|1746036944\n|move|p2b: Zacian|Protect|p2b: Zacian\n|-singleturn|p2b: Zacian|Protect\n|move|p1a: Koraidon|Flare Blitz|p2b: Zacian\n|-activate|p2b: Zacian|move: Protect\n|move|p1b: Chi-Yu|Snarl|p2a: Ursaluna|[spread] p2a\n|-activate|p2b: Zacian|move: Protect\n|-damage|p2a: Ursaluna|71/100\n|-unboost|p2a: Ursaluna|spa|1\n|move|p2a: Ursaluna|Hyper Voice|p1a: Koraidon|[spread] p1a,p1b\n|-crit|p1b: Chi-Yu\n|-damage|p1a: Koraidon|24/100\n|-damage|p1b: Chi-Yu|0 fnt\n|faint|p1b: Chi-Yu\n|-enditem|p2a: Ursaluna|Throat Spray\n|-boost|p2a: Ursaluna|spa|1|[from] item: Throat Spray\n|\n|-weather|SunnyDay|[upkeep]\n|-heal|p1a: Koraidon|30/100|[from] Grassy Terrain\n|-heal|p2a: Ursaluna|77/100|[from] Grassy Terrain\n|-fieldend|move: Grassy Terrain\n|upkeep\n|\n|t:|1746036961\n|switch|p1b: Rillaboom|Rillaboom, L50, M|100/100\n|-fieldstart|move: Grassy Terrain|[from] ability: Grassy Surge|[of] p1b: Rillaboom\n|turn|6\n|\n|t:|1746036971\n|move|p2b: Zacian|Protect||[still]\n|-fail|p2b: Zacian\n|move|p1a: Koraidon|Flare Blitz|p2b: Zacian\n|-supereffective|p2b: Zacian\n|-damage|p2b: Zacian|0 fnt\n|faint|p2b: Zacian\n|-damage|p1a: Koraidon|0 fnt|[from] Recoil\n|faint|p1a: Koraidon\n|move|p1b: Rillaboom|Wood Hammer|p2a: Ursaluna\n|-supereffective|p2a: Ursaluna\n|-damage|p2a: Ursaluna|0 fnt\n|faint|p2a: Ursaluna\n|-damage|p1b: Rillaboom|74/100|[from] Recoil\n|\n|win|sorecruiser\n|l|\u2606javi1297\n|player|p2|\n||javi1297 is ready for game 2.\n|inactive|sorecruiser has 30 seconds to confirm battle start!\n", "uploadtime": 1746036984, "views": 25, "formatid": "gen9vgc2025regibo3", "rating": null, "private": 0, "password": null}