{"id": "gen9vgc2025regibo3-2353304472", "format": "[Gen 9] VGC 2025 Reg I (Bo3)", "players": ["Pry16", "Squall67"], "log": "|j|\u2606Pry16\n|j|\u2606Squall67\n|html|<table width=\"100%\"><tr><td align=\"left\">Pry16</td><td align=\"right\">Squall67</tr><tr><td align=\"left\"><i class=\"fa fa-circle\"></i> <i class=\"fa fa-circle-o\"></i> </td><td align=\"right\"><i class=\"fa fa-circle-o\"></i> <i class=\"fa fa-circle\"></i> </tr></table>\n|uhtml|bestof|<h2><strong>Game 3</strong> of <a href=\"/game-bestof3-gen9vgc2025regibo3-2353300899\">a best-of-3</a></h2>\n|t:|1745944857\n|gametype|doubles\n|player|p1|Pry16|colress|1274\n|player|p2|Squall67|hiker|1160\n|teamsize|p1|6\n|teamsize|p2|6\n|gen|9\n|tier|[Gen 9] VGC 2025 Reg I (Bo3)\n|rated|\n|rule|Species Clause: Limit one of each Pok\u00e9mon\n|rule|Item Clause: Limit 1 of each item\n|clearpoke\n|poke|p1|Ogerpon-Wellspring, L50, F|\n|poke|p1|Rillaboom, L50, M|\n|poke|p1|Calyrex-Ice, L50|\n|poke|p1|Kyogre, L50|\n|poke|p1|Urshifu-*, L50, F|\n|poke|p1|Tornadus, L50, M|\n|poke|p2|Miraidon, L50|\n|poke|p2|Urshifu-*, L50, F|\n|poke|p2|Grimmsnarl, L50, M|\n|poke|p2|Lunala, L50|\n|poke|p2|Incineroar, L50, M|\n|poke|p2|Ogerpon-Cornerstone, L50, F|\n|teampreview|4\n|showteam|p1|Ogerpon-Wellspring||WellspringMask|WaterAbsorb|IvyCudgel,GrassyGlide,FollowMe,SpikyShield|||F|||50|,,,,,Water]Rillaboom||AssaultVest|GrassySurge|FakeOut,GrassyGlide,WoodHammer,Uturn|||M|||50|,,,,,Grass]Calyrex-Ice||ClearAmulet|AsOneGlastrier|GlacialLance,HighHorsepower,TrickRoom,Protect||||||50|,,,,,Fire]Kyogre||MysticWater|Drizzle|WaterSpout,OriginPulse,IceBeam,Protect||||||50|,,,,,Grass]Urshifu-Rapid-Strike||ChoiceScarf|UnseenFist|SurgingStrikes,CloseCombat,AquaJet,Uturn|||F|||50|,,,,,Water]Tornadus||CovertCloak|Prankster|Hurricane,Tailwind,RainDance,Taunt|||M|||50|,,,,,Dark\n|showteam|p2|Miraidon||ChoiceSpecs|HadronEngine|ElectroDrift,DragonPulse,Snarl,VoltSwitch||||||50|,,,,,Electric]Urshifu-Rapid-Strike||ChoiceScarf|UnseenFist|SurgingStrikes,CloseCombat,AquaJet,Uturn|||F|||50|,,,,,Water]Grimmsnarl||LightClay|Prankster|ThunderWave,LightScreen,Reflect,SpiritBreak|||M|||50|,,,,,Ghost]Lunala||PowerHerb|ShadowShield|MeteorBeam,TrickRoom,DazzlingGleam,MoongeistBeam||||||50|,,,,,Water]Incineroar||AssaultVest|Intimidate|FakeOut,KnockOff,DrainPunch,Uturn|||M|||50|,,,,,Fairy]Ogerpon-Cornerstone||CornerstoneMask|Sturdy|SpikyShield,IvyCudgel,KnockOff,FollowMe|||F|||50|,,,,,Rock\n|inactive|Battle timer is ON: inactive players will automatically lose when time's up. (requested by Pry16)\n|inactive|Squall67 has 60 seconds left.\n|\n|t:|1745944899\n|start\n|switch|p1a: Rillaboom|Rillaboom, L50, M|100/100\n|switch|p1b: Urshifu|Urshifu-Rapid-Strike, L50, F|100/100\n|switch|p2a: Grimmsnarl|Grimmsnarl, L50, M, shiny|100/100\n|switch|p2b: Urshifu|Urshifu-Rapid-Strike, L50, F|100/100\n|-fieldstart|move: Grassy Terrain|[from] ability: Grassy Surge|[of] p1a: Rillaboom\n|turn|1\n|\n|t:|1745944911\n|-terastallize|p1b: Urshifu|Water\n|-terastallize|p2a: Grimmsnarl|Ghost\n|move|p1a: Rillaboom|Grassy Glide|p2a: Grimmsnarl\n|-damage|p2a: Grimmsnarl|67/100\n|move|p2a: Grimmsnarl|Reflect|p2a: Grimmsnarl\n|-sidestart|p2: Squall67|Reflect\n|move|p1b: Urshifu|Surging Strikes|p2a: Grimmsnarl\n|-crit|p2a: Grimmsnarl\n|-damage|p2a: Grimmsnarl|36/100\n|-crit|p2a: Grimmsnarl\n|-damage|p2a: Grimmsnarl|7/100\n|-crit|p2a: Grimmsnarl\n|-damage|p2a: Grimmsnarl|0 fnt\n|faint|p2a: Grimmsnarl\n|-hitcount|p2: Grimmsnarl|3\n|move|p2b: Urshifu|U-turn|p1a: Rillaboom\n|-supereffective|p1a: Rillaboom\n|-damage|p1a: Rillaboom|47/100\n|\n|t:|1745944919\n|switch|p2b: Miraidon|Miraidon, L50|100/100|[from] U-turn\n|-fieldstart|move: Electric Terrain|[from] ability: Hadron Engine|[of] p2b: Miraidon\n|\n|upkeep\n|\n|t:|1745944926\n|switch|p2a: Lunala|Lunala, L50|100/100\n|turn|2\n|inactive|Pry16 has 30 seconds left.\n|\n|t:|1745944953\n|switch|p1a: Ogerpon|Ogerpon-Wellspring, L50, F|100/100\n|move|p1b: Urshifu|Surging Strikes|p2a: Lunala\n|-crit|p2a: Lunala\n|-damage|p2a: Lunala|89/100\n|-crit|p2a: Lunala\n|-damage|p2a: Lunala|66/100\n|-crit|p2a: Lunala\n|-damage|p2a: Lunala|41/100\n|-hitcount|p2a: Lunala|3\n|move|p2b: Miraidon|Volt Switch|p1b: Urshifu\n|-supereffective|p1b: Urshifu\n|-damage|p1b: Urshifu|0 fnt\n|faint|p1b: Urshifu\n|\n|t:|1745944961\n|switch|p2b: Urshifu|Urshifu-Rapid-Strike, L50, F|100/100|[from] Volt Switch\n|move|p2a: Lunala|Meteor Beam||[still]\n|-prepare|p2a: Lunala|Meteor Beam\n|-boost|p2a: Lunala|spa|1\n|-enditem|p2a: Lunala|Power Herb\n|-anim|p2a: Lunala|Meteor Beam|p1a: Ogerpon|[miss]\n|-miss|p2a: Lunala|p1a: Ogerpon\n|\n|upkeep\n|\n|t:|1745944967\n|switch|p1b: Rillaboom|Rillaboom, L50, M|47/100\n|-fieldstart|move: Grassy Terrain|[from] ability: Grassy Surge|[of] p1b: Rillaboom\n|turn|3\n|c|\u2606Squall67|i love this move.\n|\n|t:|1745944980\n|switch|p2b: Miraidon|Miraidon, L50|100/100\n|-fieldstart|move: Electric Terrain|[from] ability: Hadron Engine|[of] p2b: Miraidon\n|move|p1b: Rillaboom|Fake Out|p2b: Miraidon\n|-damage|p2b: Miraidon|93/100\n|move|p1a: Ogerpon|Ivy Cudgel|p2a: Lunala|[anim] Ivy Cudgel Water\n|-crit|p2a: Lunala\n|-damage|p2a: Lunala|0 fnt\n|faint|p2a: Lunala\n|\n|upkeep\n|\n|t:|1745944983\n|switch|p2a: Urshifu|Urshifu-Rapid-Strike, L50, F|100/100\n|turn|4\n|\n|t:|1745945001\n|move|p1a: Ogerpon|Follow Me|p1a: Ogerpon\n|-singleturn|p1a: Ogerpon|move: Follow Me\n|move|p2a: Urshifu|Close Combat|p1a: Ogerpon\n|-damage|p1a: Ogerpon|37/100\n|-unboost|p2a: Urshifu|def|1\n|-unboost|p2a: Urshifu|spd|1\n|move|p2b: Miraidon|Electro Drift|p1a: Ogerpon\n|-damage|p1a: Ogerpon|0 fnt\n|faint|p1a: Ogerpon\n|move|p1b: Rillaboom|U-turn|p2b: Miraidon\n|-damage|p2b: Miraidon|78/100\n|\n|t:|1745945008\n|switch|p1b: Calyrex|Calyrex-Ice, L50|100/100|[from] U-turn\n|-ability|p1b: Calyrex|As One\n|-ability|p1b: Calyrex|Unnerve\n|\n|upkeep\n|\n|t:|1745945010\n|switch|p1a: Rillaboom|Rillaboom, L50, M|47/100\n|-fieldstart|move: Grassy Terrain|[from] ability: Grassy Surge|[of] p1a: Rillaboom\n|turn|5\n|\n|t:|1745945020\n|move|p1a: Rillaboom|Fake Out|p2a: Urshifu\n|-crit|p2a: Urshifu\n|-damage|p2a: Urshifu|69/100\n|cant|p2a: Urshifu|flinch\n|move|p2b: Miraidon|Electro Drift|p1b: Calyrex\n|-damage|p1b: Calyrex|48/100\n|move|p1b: Calyrex|Glacial Lance|p2b: Miraidon|[spread] p2a,p2b\n|-resisted|p2a: Urshifu\n|-supereffective|p2b: Miraidon\n|-damage|p2a: Urshifu|42/100\n|-damage|p2b: Miraidon|15/100\n|\n|-heal|p2a: Urshifu|48/100|[from] Grassy Terrain\n|-heal|p2b: Miraidon|21/100|[from] Grassy Terrain\n|-heal|p1a: Rillaboom|53/100|[from] Grassy Terrain\n|-heal|p1b: Calyrex|54/100|[from] Grassy Terrain\n|upkeep\n|turn|6\n|c|\u2606Squall67|gg\n|\n|t:|1745945035\n|move|p1b: Calyrex|Protect|p1b: Calyrex\n|-singleturn|p1b: Calyrex|Protect\n|move|p1a: Rillaboom|Grassy Glide|p2a: Urshifu\n|-supereffective|p2a: Urshifu\n|-damage|p2a: Urshifu|0 fnt\n|faint|p2a: Urshifu\n|move|p2b: Miraidon|Electro Drift|p1b: Calyrex\n|-activate|p1b: Calyrex|move: Protect\n|\n|-heal|p2b: Miraidon|27/100|[from] Grassy Terrain\n|-heal|p1a: Rillaboom|59/100|[from] Grassy Terrain\n|-heal|p1b: Calyrex|60/100|[from] Grassy Terrain\n|upkeep\n|turn|7\n|c|\u2606Pry16|gg\n|-message|Squall67 forfeited.\n|\n|win|Pry16\n|raw|Pry16's rating: 1274 &rarr; <strong>1291</strong><br />(+17 for winning)\n|raw|Squall67's rating: 1160 &rarr; <strong>1143</strong><br />(-17 for losing)\n|l|\u2606Pry16\n|player|p1|\n", "uploadtime": 1745945115, "views": 9, "formatid": "gen9vgc2025regibo3", "rating": 1143, "private": 0, "password": null}