{"id": "gen9vgc2025regibo3-2354451910", "format": "[Gen 9] VGC 2025 Reg I (Bo3)", "players": ["Juninho1", "bmills7_vgc"], "log": "|j|\u2606Juninho1\n|j|\u2606bmills7_vgc\n|html|<table width=\"100%\"><tr><td align=\"left\">Juninho1</td><td align=\"right\">bmills7_vgc</tr><tr><td align=\"left\"><i class=\"fa fa-circle-o\"></i> <i class=\"fa fa-circle-o\"></i> </td><td align=\"right\"><i class=\"fa fa-circle-o\"></i> <i class=\"fa fa-circle-o\"></i> </tr></table>\n|uhtml|bestof|<h2><strong>Game 1</strong> of <a href=\"/game-bestof3-gen9vgc2025regibo3-2354451909\">a best-of-3</a></h2>\n|t:|1746073667\n|gametype|doubles\n|player|p1|Juninho1|101|1025\n|player|p2|bmills7_vgc|gambler|1033\n|teamsize|p1|6\n|teamsize|p2|6\n|gen|9\n|tier|[Gen 9] VGC 2025 Reg I (Bo3)\n|rated|\n|rule|Species Clause: Limit one of each Pok\u00e9mon\n|rule|Item Clause: Limit 1 of each item\n|clearpoke\n|poke|p1|Zacian-*, L50|\n|poke|p1|Kyogre, L50|\n|poke|p1|Tornadus, L50, M|\n|poke|p1|Amoonguss, L50, F|\n|poke|p1|Incineroar, L50, M|\n|poke|p1|Urshifu-*, L50, F|\n|poke|p2|Koraidon, L50|\n|poke|p2|Lunala, L50|\n|poke|p2|Flutter Mane, L50|\n|poke|p2|Chi-Yu, L50|\n|poke|p2|Brute Bonnet, L50|\n|poke|p2|Ditto, L50|\n|teampreview|4\n|showteam|p1|Zacian-Crowned||RustedSword|IntrepidSword|behemothblade,PlayRough,Substitute,Protect||||||50|,,,,,Fairy]Kyogre||MysticWater|Drizzle|WaterSpout,OriginPulse,IceBeam,Protect||||||50|,,,,,Grass]Tornadus||CovertCloak|Prankster|BleakwindStorm,Tailwind,RainDance,Taunt|||M|||50|,,,,,Dark]Amoonguss||RockyHelmet|Regenerator|PollenPuff,Spore,RagePowder,Protect|||F|||50|,,,,,Steel]Incineroar||SafetyGoggles|Intimidate|KnockOff,FakeOut,WillOWisp,PartingShot|||M|||50|,,,,,Water]Urshifu-Rapid-Strike||ChoiceScarf|UnseenFist|SurgingStrikes,CloseCombat,Uturn,Coaching|||F|||50|,,,,,Ghost\n|showteam|p2|Koraidon||ChoiceBand|OrichalcumPulse|CollisionCourse,FlareBlitz,HeatCrash,WildCharge||||||50|,,,,,Fire]Lunala||PowerHerb|ShadowShield|MoongeistBeam,MeteorBeam,Tailwind,WideGuard||||||50|,,,,,Grass]Flutter Mane||FocusSash|Protosynthesis|Moonblast,IcyWind,ThunderWave,Protect||||||50|,,,,,Normal]Chi-Yu||CovertCloak|BeadsofRuin|Overheat,Snarl,HeatWave,Protect||||||50|,,,,,Dragon]Brute Bonnet||RockyHelmet|Protosynthesis|Spore,RagePowder,SuckerPunch,SeedBomb||||||50|,,,,,Poison]Ditto||QuickClaw|Imposter|Transform||||||50|,,,,,Normal\n|inactive|Battle timer is ON: inactive players will automatically lose when time's up. (requested by bmills7_vgc)\n|\n|t:|1746073705\n|start\n|switch|p1a: Kyogre|Kyogre, L50|100/100\n|switch|p1b: Tornadus|Tornadus, L50, M|100/100\n|switch|p2a: Brute Bonnet|Brute Bonnet, L50|100/100\n|switch|p2b: Lunala|Lunala, L50|100/100\n|-weather|RainDance|[from] ability: Drizzle|[of] p1a: Kyogre\n|turn|1\n|inactive|Juninho1 has 30 seconds left.\n|inactive|Juninho1 has 20 seconds left.\n|inactive|Juninho1 has 15 seconds left.\n|inactive|Juninho1 has 10 seconds left.\n|inactive|Juninho1 has 5 seconds left.\n|\n|t:|1746073760\n|switch|p2b: Koraidon|Koraidon, L50|100/100\n|-weather|SunnyDay|[from] ability: Orichalcum Pulse|[of] p2b: Koraidon\n|-activate|p2a: Brute Bonnet|ability: Protosynthesis\n|-start|p2a: Brute Bonnet|protosynthesisdef\n|-activate|p2b: Koraidon|Orichalcum Pulse|[source]\n|move|p1b: Tornadus|Bleakwind Storm|p2a: Brute Bonnet|[spread] p2a,p2b\n|-supereffective|p2a: Brute Bonnet\n|-supereffective|p2b: Koraidon\n|-damage|p2a: Brute Bonnet|56/100\n|-damage|p2b: Koraidon|53/100\n|move|p1a: Kyogre|Water Spout|p2a: Brute Bonnet|[spread] p2a,p2b\n|-resisted|p2a: Brute Bonnet\n|-resisted|p2b: Koraidon\n|-crit|p2b: Koraidon\n|-damage|p2a: Brute Bonnet|41/100\n|-damage|p2b: Koraidon|29/100\n|move|p2a: Brute Bonnet|Spore|p1b: Tornadus\n|-status|p1b: Tornadus|slp|[from] move: Spore\n|\n|-weather|SunnyDay|[upkeep]\n|upkeep\n|turn|2\n|inactive|Juninho1 has 30 seconds left.\n|inactive|bmills7_vgc has 30 seconds left.\n|inactive|bmills7_vgc has 20 seconds left.\n|inactive|bmills7_vgc has 15 seconds left.\n|\n|t:|1746073800\n|switch|p1b: Amoonguss|Amoonguss, L50, F|100/100\n|move|p2b: Koraidon|Flare Blitz|p1a: Kyogre\n|-resisted|p1a: Kyogre\n|-crit|p1a: Kyogre\n|-damage|p1a: Kyogre|25/100\n|-damage|p2b: Koraidon|5/100|[from] Recoil\n|move|p1a: Kyogre|Water Spout|p2a: Brute Bonnet|[spread] p2a,p2b\n|-resisted|p2a: Brute Bonnet\n|-resisted|p2b: Koraidon\n|-damage|p2a: Brute Bonnet|38/100\n|-damage|p2b: Koraidon|1/100\n|move|p2a: Brute Bonnet|Seed Bomb|p1a: Kyogre\n|-supereffective|p1a: Kyogre\n|-damage|p1a: Kyogre|0 fnt\n|faint|p1a: Kyogre\n|\n|-weather|SunnyDay|[upkeep]\n|upkeep\n|inactive|Juninho1 has 30 seconds left.\n|\n|t:|1746073829\n|switch|p1a: Zacian|Zacian-Crowned, L50|100/100\n|-ability|p1a: Zacian|Intrepid Sword|boost\n|-boost|p1a: Zacian|atk|1\n|turn|3\n|inactive|Juninho1 has 30 seconds left.\n|inactive|Juninho1 has 20 seconds left.\n|\n|t:|1746073865\n|move|p2a: Brute Bonnet|Rage Powder|p2a: Brute Bonnet\n|-singleturn|p2a: Brute Bonnet|move: Rage Powder\n|move|p1b: Amoonguss|Rage Powder|p1b: Amoonguss\n|-singleturn|p1b: Amoonguss|move: Rage Powder\n|move|p1a: Zacian|Behemoth Blade|p2a: Brute Bonnet\n|-damage|p2a: Brute Bonnet|0 fnt\n|-damage|p1a: Zacian|84/100|[from] item: Rocky Helmet|[of] p2a: Brute Bonnet\n|faint|p2a: Brute Bonnet\n|-end|p2a: Brute Bonnet|Protosynthesis|[silent]\n|move|p2b: Koraidon|Flare Blitz|p1b: Amoonguss\n|-supereffective|p1b: Amoonguss\n|-damage|p1b: Amoonguss|0 fnt\n|-damage|p2b: Koraidon|0 fnt|[from] item: Rocky Helmet|[of] p1b: Amoonguss\n|faint|p1b: Amoonguss\n|faint|p2b: Koraidon\n|\n|-weather|SunnyDay|[upkeep]\n|upkeep\n|\n|t:|1746073882\n|switch|p2b: Lunala|Lunala, L50|100/100\n|switch|p2a: Flutter Mane|Flutter Mane, L50|100/100\n|switch|p1b: Tornadus|Tornadus, L50, M|100/100 slp\n|-activate|p2a: Flutter Mane|ability: Protosynthesis\n|-start|p2a: Flutter Mane|protosynthesisspe\n|turn|4\n|inactive|bmills7_vgc has 30 seconds left.\n|inactive|Juninho1 has 30 seconds left.\n|inactive|bmills7_vgc has 20 seconds left.\n|\n|t:|1746073918\n|-terastallize|p1a: Zacian|Fairy\n|move|p2a: Flutter Mane|Thunder Wave|p1a: Zacian\n|-status|p1a: Zacian|par\n|cant|p1b: Tornadus|slp\n|move|p2b: Lunala|Moongeist Beam|p1a: Zacian\n|-damage|p1a: Zacian|32/100 par\n|move|p1a: Zacian|Play Rough|p2b: Lunala\n|-damage|p2b: Lunala|57/100\n|\n|-weather|SunnyDay|[upkeep]\n|upkeep\n|turn|5\n|inactive|Juninho1 has 30 seconds left.\n|inactive|Juninho1 has 20 seconds left.\n|inactive|Juninho1 has 15 seconds left.\n|inactive|Juninho1 has 10 seconds left.\n|\n|t:|1746073964\n|move|p2a: Flutter Mane|Icy Wind|p1b: Tornadus|[spread] p1a,p1b\n|-supereffective|p1b: Tornadus\n|-damage|p1a: Zacian|21/100 par\n|-damage|p1b: Tornadus|70/100 slp\n|-unboost|p1a: Zacian|spe|1\n|cant|p1b: Tornadus|slp\n|move|p2b: Lunala|Meteor Beam||[still]\n|-prepare|p2b: Lunala|Meteor Beam\n|-boost|p2b: Lunala|spa|1\n|-enditem|p2b: Lunala|Power Herb\n|-anim|p2b: Lunala|Meteor Beam|p1a: Zacian\n|-damage|p1a: Zacian|0 fnt\n|faint|p1a: Zacian\n|\n|-weather|none\n|-end|p2a: Flutter Mane|Protosynthesis\n|upkeep\n|turn|6\n|\n|t:|1746073981\n|move|p2a: Flutter Mane|Moonblast|p1b: Tornadus\n|-damage|p1b: Tornadus|12/100 slp\n|-curestatus|p1b: Tornadus|slp|[msg]\n|move|p1b: Tornadus|Bleakwind Storm|p2a: Flutter Mane|[spread] p2b\n|-miss|p1b: Tornadus|p2a: Flutter Mane\n|-damage|p2b: Lunala|35/100\n|move|p2b: Lunala|Moongeist Beam|p1b: Tornadus\n|-damage|p1b: Tornadus|0 fnt\n|faint|p1b: Tornadus\n|\n|win|bmills7_vgc\n||bmills7_vgc is ready for game 2.\n|inactive|Juninho1 has 30 seconds to confirm battle start!\n||Juninho1 is ready for game 2.\n|uhtml|next|Next: <a href=\"/battle-gen9vgc2025regibo3-2354454083\"><strong>Game 2 of 3</strong></a>\n", "uploadtime": 1746074245, "views": 7, "formatid": "gen9vgc2025regibo3", "rating": null, "private": 0, "password": null}