{"id": "gen9vgc2025regibo3-2354942937", "format": "[Gen 9] VGC 2025 Reg I (Bo3)", "players": ["Duff Stuff", "TheEvanTran"], "log": "|j|\u2606Duff Stuff\n|j|\u2606TheEvanTran\n|html|<table width=\"100%\"><tr><td align=\"left\">Duff Stuff</td><td align=\"right\">TheEvanTran</tr><tr><td align=\"left\"><i class=\"fa fa-circle-o\"></i> <i class=\"fa fa-circle-o\"></i> </td><td align=\"right\"><i class=\"fa fa-circle-o\"></i> <i class=\"fa fa-circle-o\"></i> </tr></table>\n|uhtml|bestof|<h2><strong>Game 1</strong> of <a href=\"/game-bestof3-gen9vgc2025regibo3-2354942936\">a best-of-3</a></h2>\n|t:|1746134134\n|gametype|doubles\n|player|p1|Duff Stuff|265|\n|player|p2|TheEvanTran|265|\n|teamsize|p1|6\n|teamsize|p2|6\n|gen|9\n|tier|[Gen 9] VGC 2025 Reg I (Bo3)\n|rule|Species Clause: Limit one of each Pok\u00e9mon\n|rule|Item Clause: Limit 1 of each item\n|clearpoke\n|poke|p1|Gholdengo, L50|\n|poke|p1|Kingambit, L50, F|\n|poke|p1|Grimmsnarl, L50, M|\n|poke|p1|Sinistcha, L50|\n|poke|p1|Gothitelle, L50, M|\n|poke|p1|Lapras, L50, M|\n|poke|p2|Indeedee-F, L50, F|\n|poke|p2|Armarouge, L50, M|\n|poke|p2|Drifblim, L50, F|\n|poke|p2|Hydreigon, L50, M|\n|poke|p2|Toxtricity, L50, M|\n|poke|p2|Kommo-o, L50, M|\n|teampreview|4\n|showteam|p1|Gholdengo||AirBalloon|GoodasGold|NastyPlot,MakeItRain,ShadowBall,Protect||||||50|,,,,,Steel]Kingambit||LifeOrb|Defiant|KowtowCleave,Protect,SuckerPunch,SwordsDance|||F|||50|,,,,,Dark]Grimmsnarl||LightClay|Prankster|LightScreen,Reflect,SpiritBreak,ThunderWave|||M|||50|,,,,,Dark]Sinistcha||MentalHerb|Hospitality|MatchaGotcha,RagePowder,TrickRoom,LifeDew||||||50|,,,,,Grass]Gothitelle||SitrusBerry|ShadowTag|Protect,TrickRoom,FakeOut,Psychic|||M|||50|,,,,,Psychic]Lapras||Leftovers|WaterAbsorb|PerishSong,RainDance,Protect,MuddyWater|||M|||50|,,,,,Ghost\n|showteam|p2|Indeedee-F||MentalHerb|PsychicSurge|TrickRoom,HelpingHand,FollowMe,DazzlingGleam|||F|||50|,,,,,Fairy]Armarouge||LifeOrb|FlashFire|ExpandingForce,ArmorCannon,AuraSphere,Protect|||M|||50|,,,,,Grass]Drifblim||PsychicSeed|Unburden|WillOWisp,StrengthSap,Acrobatics,Tailwind|||F|||50|,,,,,Grass]Hydreigon||AssaultVest|Levitate|DracoMeteor,DarkPulse,EarthPower,Snarl|||M|||50|,,,,,Ghost]Toxtricity||ChoiceSpecs|PunkRock|Overdrive,SludgeBomb,Boomburst,VoltSwitch|||M|||50|,,,,,Normal]Kommo-o||Leftovers|Soundproof|IronDefense,BodyPress,Protect,FlashCannon|||M|||50|,,,,,Fairy\n|\n|t:|1746134215\n|start\n|switch|p1a: Gothitelle|Gothitelle, L50, M, shiny|100/100\n|switch|p1b: Kingambit|Kingambit, L50, F, shiny|100/100\n|switch|p2a: Indeedee|Indeedee-F, L50, F|100/100\n|switch|p2b: Kommo-o|Kommo-o, L50, M|100/100\n|-fieldstart|move: Psychic Terrain|[from] ability: Psychic Surge|[of] p2a: Indeedee\n|turn|1\n|\n|t:|1746134263\n|move|p2a: Indeedee|Helping Hand|p2b: Kommo-o\n|-singleturn|p2b: Kommo-o|Helping Hand|[of] p2a: Indeedee\n|move|p1a: Gothitelle|Fake Out|p2a: Indeedee\n|-activate|p2a: Indeedee|move: Psychic Terrain\n|move|p2b: Kommo-o|Body Press|p1b: Kingambit\n|-supereffective|p1b: Kingambit\n|-damage|p1b: Kingambit|0 fnt\n|faint|p1b: Kingambit\n|\n|upkeep\n|\n|t:|1746134287\n|switch|p1b: Gholdengo|Gholdengo, L50, shiny|100/100\n|-item|p1b: Gholdengo|Air Balloon\n|turn|2\n|j| swerve88\n|\n|t:|1746134316\n|move|p2b: Kommo-o|Iron Defense|p2b: Kommo-o\n|-boost|p2b: Kommo-o|def|2\n|move|p1b: Gholdengo|Nasty Plot|p1b: Gholdengo\n|-boost|p1b: Gholdengo|spa|2\n|move|p2a: Indeedee|Trick Room|p2a: Indeedee\n|-fieldstart|move: Trick Room|[of] p2a: Indeedee\n|move|p1a: Gothitelle|Trick Room|p1a: Gothitelle\n|-fieldend|move: Trick Room\n|\n|upkeep\n|turn|3\n|\n|t:|1746134356\n|-terastallize|p1b: Gholdengo|Steel\n|move|p2b: Kommo-o|Protect|p2b: Kommo-o\n|-singleturn|p2b: Kommo-o|Protect\n|move|p1a: Gothitelle|Protect|p1a: Gothitelle\n|-singleturn|p1a: Gothitelle|Protect\n|move|p2a: Indeedee|Dazzling Gleam|p1a: Gothitelle|[spread] p1b\n|-activate|p1a: Gothitelle|move: Protect\n|-resisted|p1b: Gholdengo\n|-damage|p1b: Gholdengo|94/100\n|-enditem|p1b: Gholdengo|Air Balloon\n|move|p1b: Gholdengo|Make It Rain|p2a: Indeedee|[spread] p2a\n|-activate|p2b: Kommo-o|move: Protect\n|-damage|p2a: Indeedee|4/100\n|-unboost|p1b: Gholdengo|spa|1\n|\n|upkeep\n|turn|4\n|\n|t:|1746134401\n|move|p2a: Indeedee|Follow Me|p2a: Indeedee\n|-singleturn|p2a: Indeedee|move: Follow Me\n|move|p2b: Kommo-o|Body Press|p1b: Gholdengo\n|-supereffective|p1b: Gholdengo\n|-damage|p1b: Gholdengo|0 fnt\n|faint|p1b: Gholdengo\n|move|p1a: Gothitelle|Trick Room|p1a: Gothitelle\n|-fieldstart|move: Trick Room|[of] p1a: Gothitelle\n|\n|upkeep\n|\n|t:|1746134415\n|switch|p1b: Sinistcha|Sinistcha, L50, shiny|100/100\n|turn|5\n|\n|t:|1746134450\n|move|p2a: Indeedee|Helping Hand|p2b: Kommo-o\n|-singleturn|p2b: Kommo-o|Helping Hand|[of] p2a: Indeedee\n|move|p1a: Gothitelle|Psychic|p2b: Kommo-o\n|-supereffective|p2b: Kommo-o\n|-damage|p2b: Kommo-o|25/100\n|move|p1b: Sinistcha|Matcha Gotcha|p2a: Indeedee|[spread] p2a,p2b\n|-resisted|p2b: Kommo-o\n|-damage|p2a: Indeedee|0 fnt\n|-damage|p2b: Kommo-o|13/100\n|faint|p2a: Indeedee\n|move|p2b: Kommo-o|Flash Cannon|p1b: Sinistcha\n|-damage|p1b: Sinistcha|65/100\n|\n|-heal|p2b: Kommo-o|19/100|[from] item: Leftovers\n|-fieldend|move: Psychic Terrain\n|upkeep\n|\n|t:|1746134467\n|switch|p2a: Armarouge|Armarouge, L50, M|100/100\n|turn|6\n|\n|t:|1746134489\n|move|p2a: Armarouge|Armor Cannon|p1b: Sinistcha\n|-supereffective|p1b: Sinistcha\n|-damage|p1b: Sinistcha|0 fnt\n|-unboost|p2a: Armarouge|def|1\n|-unboost|p2a: Armarouge|spd|1\n|faint|p1b: Sinistcha\n|-damage|p2a: Armarouge|91/100|[from] item: Life Orb\n|move|p1a: Gothitelle|Psychic|p2b: Kommo-o\n|-supereffective|p2b: Kommo-o\n|-damage|p2b: Kommo-o|0 fnt\n|faint|p2b: Kommo-o\n|\n|upkeep\n|\n|t:|1746134500\n|switch|p2b: Toxtricity|Toxtricity, L50, M|100/100\n|turn|7\n|\n|t:|1746134549\n|move|p2a: Armarouge|Armor Cannon|p1a: Gothitelle\n|-damage|p1a: Gothitelle|39/100\n|-unboost|p2a: Armarouge|def|1\n|-unboost|p2a: Armarouge|spd|1\n|-enditem|p1a: Gothitelle|Sitrus Berry|[eat]\n|-heal|p1a: Gothitelle|64/100|[from] item: Sitrus Berry\n|-damage|p2a: Armarouge|81/100|[from] item: Life Orb\n|move|p1a: Gothitelle|Psychic|p2b: Toxtricity\n|-supereffective|p2b: Toxtricity\n|-damage|p2b: Toxtricity|14/100\n|move|p2b: Toxtricity|Overdrive|p1a: Gothitelle\n|-crit|p1a: Gothitelle\n|-damage|p1a: Gothitelle|0 fnt\n|faint|p1a: Gothitelle\n|\n|win|TheEvanTran\n|inactive|Duff Stuff has 30 seconds to confirm battle start!\n|inactive|TheEvanTran has 30 seconds to confirm battle start!\n||TheEvanTran is ready for game 2.\n||Duff Stuff is ready for game 2.\n|uhtml|next|Next: <a href=\"/battle-gen9vgc2025regibo3-2354947054\"><strong>Game 2 of 3</strong></a>\n|l| swerve88\n", "uploadtime": 1746134938, "views": 6, "formatid": "gen9vgc2025regibo3", "rating": null, "private": 0, "password": null}