{"id": "gen9vgc2025regibo3-2354140196", "format": "[Gen 9] VGC 2025 Reg I (Bo3)", "players": ["Ome Henk", "Pakaan64"], "log": "|j|\u2606Ome Henk\n|j|\u2606Pakaan64\n|html|<table width=\"100%\"><tr><td align=\"left\">Ome Henk</td><td align=\"right\">Pakaan64</tr><tr><td align=\"left\"><i class=\"fa fa-circle-o\"></i> <i class=\"fa fa-circle-o\"></i> </td><td align=\"right\"><i class=\"fa fa-circle-o\"></i> <i class=\"fa fa-circle-o\"></i> </tr></table>\n|uhtml|bestof|<h2><strong>Game 1</strong> of <a href=\"/game-bestof3-gen9vgc2025regibo3-2354140194\">a best-of-3</a></h2>\n|t:|1746038311\n|gametype|doubles\n|player|p1|Ome Henk|pokemonrangerf-gen6xy|\n|player|p2|Pakaan64|koga|\n|teamsize|p1|6\n|teamsize|p2|6\n|gen|9\n|tier|[Gen 9] VGC 2025 Reg I (Bo3)\n|rule|Species Clause: Limit one of each Pok\u00e9mon\n|rule|Item Clause: Limit 1 of each item\n|clearpoke\n|poke|p1|Zamazenta-*, L50|\n|poke|p1|Koraidon, L50|\n|poke|p1|Incineroar, L50, M|\n|poke|p1|Chien-Pao, L50|\n|poke|p1|Rillaboom, L50, M|\n|poke|p1|Whimsicott, L50, F|\n|poke|p2|Kyogre, L50|\n|poke|p2|Rillaboom, L50, M|\n|poke|p2|Zacian-*, L50|\n|poke|p2|Tornadus, L50, M|\n|poke|p2|Ogerpon-Wellspring, L50, F|\n|poke|p2|Incineroar, L50, F|\n|teampreview|4\n|showteam|p1|Zamazenta-Crowned||RustedShield|DauntlessShield|BodyPress,WideGuard,HeavySlam,Protect||||||50|,,,,,Poison]Koraidon||ClearAmulet|OrichalcumPulse|FlameCharge,FlareBlitz,CollisionCourse,Protect||||||50|,,,,,Fire]Incineroar||RockyHelmet|Intimidate|FakeOut,PartingShot,KnockOff,WillOWisp|||M|||50|,,,,,Ghost]Chien-Pao||FocusSash|SwordofRuin|IceSpinner,SuckerPunch,SacredSword,Protect||||||50|,,,,,Ghost]Rillaboom||AssaultVest|GrassySurge|GrassyGlide,FakeOut,WoodHammer,Uturn|||M|||50|,,,,,Fire]Whimsicott||CovertCloak|Prankster|Tailwind,Moonblast,Encore,HelpingHand|||F|||50|,,,,,Dark\n|showteam|p2|Kyogre||Leftovers|Drizzle|CalmMind,Protect,WaterSpout,IceBeam||||||50|,,,,,Poison]Rillaboom||AssaultVest|GrassySurge|GrassyGlide,WoodHammer,Uturn,FakeOut|||M|||50|,,,,,Grass]Zacian-Crowned||RustedSword|IntrepidSword|SwordsDance,Protect,PlayRough,behemothblade||||||50|,,,,,Grass]Tornadus||CovertCloak|Prankster|Tailwind,BleakwindStorm,Taunt,RainDance|||M|||50|,,,,,Dark]Ogerpon-Wellspring||WellspringMask|WaterAbsorb|GrassyGlide,SpikyShield,IvyCudgel,FollowMe|||F|||50|,,,,,Water]Incineroar||SafetyGoggles|Intimidate|PartingShot,FakeOut,WillOWisp,KnockOff|||F|||50|,,,,,Dragon\n|inactive|Battle timer is ON: inactive players will automatically lose when time's up. (requested by Pakaan64)\n|c|\u2606Ome Henk|kan je de timer ff pauzeren? dan kunnen wat mensen joinen\n|inactive|Ome Henk has 60 seconds left.\n|j| SvenVGC\n|inactiveoff|Battle timer is now OFF.\n|c|\u2606Ome Henk|top ty\n|l|\u2606Pakaan64\n|player|p2|\n|j| Majene\n|c|\u2606Ome Henk|dat schiet niet op zo\n|j| nielsvgc\n|c| nielsvgc|Timer is niet cool man in Wugtrio\n|c|\u2606Ome Henk|hij zei net dat ie problemen had met zn wifi dus het zal daar wel aan liggen\n|j|\u2606Pakaan64\n|player|p2|Pakaan64|koga|\n|inactive|Battle timer is ON: inactive players will automatically lose when time's up. (requested by Pakaan64)\n|\n|t:|1746038585\n|start\n|switch|p1a: Prinses|Zamazenta-Crowned, L50|100/100\n|switch|p1b: Klote Kat|Incineroar, L50, M|100/100\n|switch|p2a: Kyogre|Kyogre, L50|100/100\n|switch|p2b: Incineroar|Incineroar, L50, F|100/100\n|-ability|p1a: Prinses|Dauntless Shield|boost\n|-boost|p1a: Prinses|def|1\n|-weather|RainDance|[from] ability: Drizzle|[of] p2a: Kyogre\n|-ability|p1b: Klote Kat|Intimidate|boost\n|-unboost|p2a: Kyogre|atk|1\n|-unboost|p2b: Incineroar|atk|1\n|-ability|p2b: Incineroar|Intimidate|boost\n|-unboost|p1a: Prinses|atk|1\n|-unboost|p1b: Klote Kat|atk|1\n|turn|1\n|c|\u2606Ome Henk|alright, glhf!\n|inactive|Ome Henk has 30 seconds left.\n|inactive|Pakaan64 has 30 seconds left.\n|\n|t:|1746038618\n|move|p2a: Kyogre|Protect|p2a: Kyogre\n|-singleturn|p2a: Kyogre|Protect\n|move|p1a: Prinses|Wide Guard|p1a: Prinses\n|-singleturn|p1a: Prinses|Wide Guard\n|move|p1b: Klote Kat|Parting Shot|p2a: Kyogre\n|-activate|p2a: Kyogre|move: Protect\n|move|p2b: Incineroar|Will-O-Wisp|p1a: Prinses\n|-status|p1a: Prinses|brn\n|\n|-weather|RainDance|[upkeep]\n|-damage|p1a: Prinses|95/100 brn|[from] brn\n|upkeep\n|turn|2\n|j| CarrotsAreVeryPog\n|inactive|Ome Henk has 30 seconds left.\n|\n|t:|1746038652\n|switch|p1b: Zonnepaneel|Koraidon, L50|100/100\n|-weather|SunnyDay|[from] ability: Orichalcum Pulse|[of] p1b: Zonnepaneel\n|-activate|p1b: Zonnepaneel|Orichalcum Pulse|[source]\n|move|p1a: Prinses|Body Press|p2a: Kyogre\n|-damage|p2a: Kyogre|67/100\n|move|p2a: Kyogre|Calm Mind|p2a: Kyogre\n|-boost|p2a: Kyogre|spa|1\n|-boost|p2a: Kyogre|spd|1\n|move|p2b: Incineroar|Parting Shot|p1a: Prinses\n|-unboost|p1a: Prinses|atk|1\n|-unboost|p1a: Prinses|spa|1\n|\n|t:|1746038663\n|switch|p2b: Tornadus|Tornadus, L50, M|100/100|[from] Parting Shot\n|\n|-weather|SunnyDay|[upkeep]\n|-heal|p2a: Kyogre|73/100|[from] item: Leftovers\n|-damage|p1a: Prinses|89/100 brn|[from] brn\n|upkeep\n|turn|3\n|inactive|Ome Henk has 30 seconds left.\n|\n|t:|1746038697\n|move|p2a: Kyogre|Protect|p2a: Kyogre\n|-singleturn|p2a: Kyogre|Protect\n|move|p2b: Tornadus|Tailwind|p2b: Tornadus\n|-sidestart|p2: Pakaan64|move: Tailwind\n|move|p1b: Zonnepaneel|Flame Charge|p2b: Tornadus\n|-damage|p2b: Tornadus|55/100\n|-boost|p1b: Zonnepaneel|spe|1\n|move|p1a: Prinses|Body Press|p2a: Kyogre\n|-activate|p2a: Kyogre|move: Protect\n|\n|-weather|SunnyDay|[upkeep]\n|-heal|p2a: Kyogre|79/100|[from] item: Leftovers\n|-damage|p1a: Prinses|83/100 brn|[from] brn\n|upkeep\n|turn|4\n|inactive|Ome Henk has 30 seconds left.\n|\n|t:|1746038728\n|-terastallize|p1b: Zonnepaneel|Fire\n|-terastallize|p2a: Kyogre|Poison\n|move|p1a: Prinses|Wide Guard|p1a: Prinses\n|-singleturn|p1a: Prinses|Wide Guard\n|move|p2b: Tornadus|Rain Dance|p2b: Tornadus\n|-weather|RainDance\n|move|p1b: Zonnepaneel|Collision Course|p2a: Kyogre\n|-resisted|p2a: Kyogre\n|-damage|p2a: Kyogre|54/100\n|move|p2a: Kyogre|Ice Beam|p1b: Zonnepaneel\n|-resisted|p1b: Zonnepaneel\n|-damage|p1b: Zonnepaneel|72/100\n|\n|-weather|RainDance|[upkeep]\n|-heal|p2a: Kyogre|59/100|[from] item: Leftovers\n|-damage|p1a: Prinses|77/100 brn|[from] brn\n|upkeep\n|turn|5\n|inactive|Ome Henk has 30 seconds left.\n|\n|t:|1746038759\n|move|p2a: Kyogre|Protect|p2a: Kyogre\n|-singleturn|p2a: Kyogre|Protect\n|move|p1a: Prinses|Wide Guard|p1a: Prinses\n|-singleturn|p1a: Prinses|Wide Guard\n|move|p2b: Tornadus|Taunt|p1a: Prinses\n|-start|p1a: Prinses|move: Taunt\n|move|p1b: Zonnepaneel|Flare Blitz|p2b: Tornadus\n|-damage|p2b: Tornadus|18/100\n|-damage|p1b: Zonnepaneel|59/100|[from] Recoil\n|\n|-weather|RainDance|[upkeep]\n|-heal|p2a: Kyogre|65/100|[from] item: Leftovers\n|-damage|p1a: Prinses|71/100 brn|[from] brn\n|upkeep\n|turn|6\n|inactive|Ome Henk has 30 seconds left.\n|\n|t:|1746038785\n|switch|p1a: Grasmaaier|Rillaboom, L50, M, shiny|100/100\n|-fieldstart|move: Grassy Terrain|[from] ability: Grassy Surge|[of] p1a: Grasmaaier\n|move|p1b: Zonnepaneel|Protect|p1b: Zonnepaneel\n|-singleturn|p1b: Zonnepaneel|Protect\n|move|p2b: Tornadus|Bleakwind Storm|p1b: Zonnepaneel|[spread] p1a\n|-activate|p1b: Zonnepaneel|move: Protect\n|-supereffective|p1a: Grasmaaier\n|-damage|p1a: Grasmaaier|57/100\n|move|p2a: Kyogre|Water Spout|p1b: Zonnepaneel|[spread] p1a\n|-activate|p1b: Zonnepaneel|move: Protect\n|-resisted|p1a: Grasmaaier\n|-damage|p1a: Grasmaaier|24/100\n|\n|-weather|RainDance|[upkeep]\n|-heal|p1b: Zonnepaneel|64/100|[from] Grassy Terrain\n|-heal|p2a: Kyogre|71/100|[from] Grassy Terrain\n|-heal|p2a: Kyogre|77/100|[from] item: Leftovers\n|-heal|p1a: Grasmaaier|29/100|[from] Grassy Terrain\n|-sideend|p2: Pakaan64|move: Tailwind\n|upkeep\n|turn|7\n|inactive|Ome Henk has 30 seconds left.\n|inactive|Pakaan64 has 30 seconds left.\n|inactive|Ome Henk has 20 seconds left.\n|inactive|Pakaan64 has 20 seconds left.\n|inactive|Ome Henk has 15 seconds left.\n|inactive|Pakaan64 has 15 seconds left.\n|inactive|Ome Henk has 10 seconds left.\n|\n|t:|1746038834\n|move|p1b: Zonnepaneel|Protect|p1b: Zonnepaneel\n|-singleturn|p1b: Zonnepaneel|Protect\n|move|p2b: Tornadus|Tailwind|p2b: Tornadus\n|-sidestart|p2: Pakaan64|move: Tailwind\n|move|p1a: Grasmaaier|Grassy Glide|p2b: Tornadus\n|-resisted|p2b: Tornadus\n|-damage|p2b: Tornadus|0 fnt\n|faint|p2b: Tornadus\n|move|p2a: Kyogre|Water Spout|p1a: Grasmaaier|[spread] p1a\n|-activate|p1b: Zonnepaneel|move: Protect\n|-resisted|p1a: Grasmaaier\n|-damage|p1a: Grasmaaier|0 fnt\n|faint|p1a: Grasmaaier\n|\n|-weather|RainDance|[upkeep]\n|-heal|p1b: Zonnepaneel|70/100|[from] Grassy Terrain\n|-heal|p2a: Kyogre|83/100|[from] Grassy Terrain\n|-heal|p2a: Kyogre|88/100|[from] item: Leftovers\n|upkeep\n|\n|t:|1746038853\n|switch|p2b: Zacian|Zacian-Crowned, L50|100/100\n|switch|p1a: Prinses|Zamazenta-Crowned, L50|71/100 brn\n|-ability|p2b: Zacian|Intrepid Sword|boost\n|-boost|p2b: Zacian|atk|1\n|turn|8\n|\n|t:|1746038880\n|switch|p1b: Klote Kat|Incineroar, L50, M|100/100\n|-ability|p1b: Klote Kat|Intimidate|boost\n|-unboost|p2a: Kyogre|atk|1\n|-unboost|p2b: Zacian|atk|1\n|switch|p2a: Incineroar|Incineroar, L50, F|100/100\n|-ability|p2a: Incineroar|Intimidate|boost\n|-unboost|p1a: Prinses|atk|1\n|-unboost|p1b: Klote Kat|atk|1\n|move|p2b: Zacian|Protect|p2b: Zacian\n|-singleturn|p2b: Zacian|Protect\n|move|p1a: Prinses|Protect||[still]\n|-fail|p1a: Prinses\n|\n|-weather|none\n|-heal|p1a: Prinses|77/100 brn|[from] Grassy Terrain\n|-damage|p1a: Prinses|71/100 brn|[from] brn\n|upkeep\n|turn|9\n|j| Liviovgc\n|inactive|Ome Henk has 30 seconds left.\n|inactive|Pakaan64 has 30 seconds left.\n|l| Liviovgc\n|inactive|Ome Henk has 20 seconds left.\n|inactive|Pakaan64 has 20 seconds left.\n|inactive|Ome Henk has 15 seconds left.\n|inactive|Pakaan64 has 15 seconds left.\n|inactive|Ome Henk has 10 seconds left.\n|inactive|Pakaan64 has 10 seconds left.\n|inactive|Pakaan64 has 5 seconds left.\n|\n|t:|1746038931\n|switch|p2a: Kyogre|Kyogre, L50, tera:Poison|88/100\n|-weather|RainDance|[from] ability: Drizzle|[of] p2a: Kyogre\n|move|p2b: Zacian|Play Rough|p1a: Prinses\n|-damage|p1a: Prinses|41/100 brn\n|move|p1a: Prinses|Body Press|p2a: Kyogre\n|-resisted|p2a: Kyogre\n|-damage|p2a: Kyogre|78/100\n|move|p1b: Klote Kat|Will-O-Wisp|p2b: Zacian\n|-status|p2b: Zacian|brn\n|\n|-weather|RainDance|[upkeep]\n|-heal|p2a: Kyogre|84/100|[from] Grassy Terrain\n|-heal|p2a: Kyogre|89/100|[from] item: Leftovers\n|-heal|p1a: Prinses|47/100 brn|[from] Grassy Terrain\n|-damage|p2b: Zacian|95/100 brn|[from] brn\n|-damage|p1a: Prinses|41/100 brn|[from] brn\n|upkeep\n|turn|10\n|j| Harry Koekenpan\n|inactive|Ome Henk has 30 seconds left.\n|inactive|Pakaan64 has 30 seconds left.\n|\n|t:|1746038964\n|switch|p1a: Zonnepaneel|Koraidon, L50, tera:Fire|70/100\n|-weather|SunnyDay|[from] ability: Orichalcum Pulse|[of] p1a: Zonnepaneel\n|-activate|p1a: Zonnepaneel|Orichalcum Pulse|[source]\n|move|p2b: Zacian|Swords Dance|p2b: Zacian\n|-boost|p2b: Zacian|atk|2\n|move|p2a: Kyogre|Ice Beam|p1a: Zonnepaneel\n|-resisted|p1a: Zonnepaneel\n|-damage|p1a: Zonnepaneel|50/100\n|move|p1b: Klote Kat|Knock Off|p2a: Kyogre\n|-damage|p2a: Kyogre|66/100\n|-enditem|p2a: Kyogre|Leftovers|[from] move: Knock Off|[of] p1b: Klote Kat\n|\n|-weather|SunnyDay|[upkeep]\n|-heal|p2b: Zacian|100/100 brn|[from] Grassy Terrain\n|-heal|p2a: Kyogre|72/100|[from] Grassy Terrain\n|-heal|p1a: Zonnepaneel|56/100|[from] Grassy Terrain\n|-damage|p2b: Zacian|95/100 brn|[from] brn\n|-sideend|p2: Pakaan64|move: Tailwind\n|-fieldend|move: Grassy Terrain\n|upkeep\n|turn|11\n|inactive|Ome Henk has 30 seconds left.\n|inactive|Pakaan64 has 30 seconds left.\n|j| Jorijn\n|inactive|Ome Henk has 20 seconds left.\n|inactive|Ome Henk has 15 seconds left.\n|\n|t:|1746039005\n|switch|p2a: Incineroar|Incineroar, L50, F|100/100\n|-ability|p2a: Incineroar|Intimidate|boost\n|-fail|p1a: Zonnepaneel|unboost|[from] item: Clear Amulet|[of] p1a: Zonnepaneel\n|-unboost|p1b: Klote Kat|atk|1\n|move|p2b: Zacian|Protect|p2b: Zacian\n|-singleturn|p2b: Zacian|Protect\n|move|p1a: Zonnepaneel|Flare Blitz|p2b: Zacian\n|-activate|p2b: Zacian|move: Protect\n|move|p1b: Klote Kat|Parting Shot|p2a: Incineroar\n|-unboost|p2a: Incineroar|atk|1\n|-unboost|p2a: Incineroar|spa|1\n|\n|t:|1746039016\n|switch|p1b: Prinses|Zamazenta-Crowned, L50|41/100 brn|[from] Parting Shot\n|\n|-weather|SunnyDay|[upkeep]\n|-damage|p2b: Zacian|89/100 brn|[from] brn\n|-damage|p1b: Prinses|35/100 brn|[from] brn\n|upkeep\n|turn|12\n|inactive|Ome Henk has 30 seconds left.\n|inactive|Pakaan64 has 30 seconds left.\n|inactive|Pakaan64 has 20 seconds left.\n|inactive|Pakaan64 has 15 seconds left.\n|inactive|Pakaan64 has 10 seconds left.\n|inactive|Pakaan64 has 5 seconds left.\n|\n|t:|1746039070\n|switch|p2b: Kyogre|Kyogre, L50, tera:Poison|72/100\n|-weather|RainDance|[from] ability: Drizzle|[of] p2b: Kyogre\n|switch|p1a: Klote Kat|Incineroar, L50, M|100/100\n|-ability|p1a: Klote Kat|Intimidate|boost\n|-unboost|p2a: Incineroar|atk|1\n|-unboost|p2b: Kyogre|atk|1\n|move|p1b: Prinses|Body Press|p2b: Kyogre\n|-resisted|p2b: Kyogre\n|-damage|p2b: Kyogre|60/100\n|move|p2a: Incineroar|Knock Off|p1a: Klote Kat\n|-resisted|p1a: Klote Kat\n|-damage|p1a: Klote Kat|94/100\n|-damage|p2a: Incineroar|84/100|[from] item: Rocky Helmet|[of] p1a: Klote Kat\n|-enditem|p1a: Klote Kat|Rocky Helmet|[from] move: Knock Off|[of] p2a: Incineroar\n|\n|-weather|RainDance|[upkeep]\n|-damage|p1b: Prinses|29/100 brn|[from] brn\n|upkeep\n|turn|13\n|inactive|Ome Henk has 25 seconds left this turn.\n|inactive|Ome Henk has 20 seconds left.\n|inactive|Ome Henk has 15 seconds left.\n|inactive|Ome Henk has 10 seconds left.\n|inactive|Ome Henk has 5 seconds left.\n|inactive|Pakaan64 has 30 seconds left.\n|inactive|Pakaan64 has 20 seconds left.\n|inactive|Pakaan64 has 15 seconds left.\n|inactive|Pakaan64 has 10 seconds left.\n|\n|t:|1746039116\n|move|p1b: Prinses|Protect|p1b: Prinses\n|-singleturn|p1b: Prinses|Protect\n|move|p2a: Incineroar|Fake Out||[still]\n|-hint|Fake Out only works on your first turn out.\n|-fail|p2a: Incineroar\n|move|p2b: Kyogre|Ice Beam|p1b: Prinses\n|-activate|p1b: Prinses|move: Protect\n|move|p1a: Klote Kat|Parting Shot|p2b: Kyogre\n|-unboost|p2b: Kyogre|atk|1\n|-unboost|p2b: Kyogre|spa|1\n|inactive|Ome Henk has 5 seconds left this turn.\n|-message|Ome Henk lost due to inactivity.\n|\n|win|Pakaan64\n||Pakaan64 is ready for game 2.\n||Ome Henk is ready for game 2.\n|uhtml|next|Next: <a href=\"/battle-gen9vgc2025regibo3-2354149514\"><strong>Game 2 of 3</strong></a>\n|j| sushishine\n|j| smegmarizer\n|l| smegmarizer\n|l| Harry Koekenpan\n|j| peer+mol\n|l| Jorijn\n|l| Majene\n", "uploadtime": 1746039746, "views": 33, "formatid": "gen9vgc2025regibo3", "rating": null, "private": 0, "password": null}