{"id": "gen9vgc2025regibo3-2354295575", "format": "[Gen 9] VGC 2025 Reg I (Bo3)", "players": ["nintendoswitch200", "SFmrmimers"], "log": "|j|\u2606nintendoswitch200\n|j|\u2606SFmrmimers\n|html|<table width=\"100%\"><tr><td align=\"left\">nintendoswitch200</td><td align=\"right\">SFmrmimers</tr><tr><td align=\"left\"><i class=\"fa fa-circle-o\"></i> <i class=\"fa fa-circle-o\"></i> </td><td align=\"right\"><i class=\"fa fa-circle-o\"></i> <i class=\"fa fa-circle-o\"></i> </tr></table>\n|uhtml|bestof|<h2><strong>Game 1</strong> of <a href=\"/game-bestof3-gen9vgc2025regibo3-2354295574\">a best-of-3</a></h2>\n|t:|1746054095\n|gametype|doubles\n|player|p1|nintendoswitch200|turo|1040\n|player|p2|SFmrmimers|n|1000\n|teamsize|p1|6\n|teamsize|p2|6\n|gen|9\n|tier|[Gen 9] VGC 2025 Reg I (Bo3)\n|rated|\n|rule|Species Clause: Limit one of each Pok\u00e9mon\n|rule|Item Clause: Limit 1 of each item\n|clearpoke\n|poke|p1|Urshifu-*, L50, F|\n|poke|p1|Incineroar, L50, M|\n|poke|p1|Calyrex-Shadow, L50|\n|poke|p1|Farigiraf, L50, M|\n|poke|p1|Rillaboom, L50, M|\n|poke|p1|Zamazenta-*, L50|\n|poke|p2|Koraidon, L50|\n|poke|p2|Lunala, L50|\n|poke|p2|Chi-Yu, L50|\n|poke|p2|Flutter Mane, L50|\n|poke|p2|Brute Bonnet, L50|\n|poke|p2|Ditto, L50|\n|teampreview|4\n|showteam|p1|Urshifu-Rapid-Strike||FocusSash|UnseenFist|Detect,SurgingStrikes,CloseCombat,AquaJet|||F|||50|,,,,,Stellar]Incineroar||SafetyGoggles|Intimidate|FakeOut,PartingShot,FlareBlitz,KnockOff|||M|||50|,,,,,Ghost]Calyrex-Shadow||CovertCloak|AsOneSpectrier|Protect,NastyPlot,AstralBarrage,Psyshock||||||50|,,,,,Water]Farigiraf||ThroatSpray|ArmorTail|Protect,TrickRoom,HyperVoice,Psychic|||M|||50|,,,,,Grass]Rillaboom||AssaultVest|GrassySurge|FakeOut,GrassyGlide,WoodHammer,Uturn|||M|||50|,,,,,Fire]Zamazenta-Crowned||RustedShield|DauntlessShield|Protect,BodyPress,WideGuard,HeavySlam||||||50|,,,,,Fairy\n|showteam|p2|Koraidon||LifeOrb|OrichalcumPulse|CloseCombat,FlareBlitz,FlameCharge,Protect||||||50|,,,,,Fire]Lunala||PowerHerb|ShadowShield|MoongeistBeam,MeteorBeam,WideGuard,TrickRoom||||||50|,,,,,Water]Chi-Yu||ChoiceScarf|BeadsofRuin|HeatWave,Overheat,DarkPulse,Snarl||||||50|,,,,,Ghost]Flutter Mane||FocusSash|Protosynthesis|Moonblast,ShadowBall,IcyWind,Protect||||||50|,,,,,Normal]Brute Bonnet||RockyHelmet|Protosynthesis|Spore,RagePowder,SeedBomb,SuckerPunch||||||50|,,,,,Water]Ditto||CovertCloak|Imposter|Transform||||||50|,,,,,Normal\n|inactive|Battle timer is ON: inactive players will automatically lose when time's up. (requested by nintendoswitch200)\n|\n|t:|1746054116\n|start\n|switch|p1a: Rillaboom|Rillaboom, L50, M|100/100\n|switch|p1b: Urshifu|Urshifu-Rapid-Strike, L50, F|100/100\n|switch|p2a: Magic Myc|Brute Bonnet, L50|100/100\n|switch|p2b: Reptar|Koraidon, L50|100/100\n|-weather|SunnyDay|[from] ability: Orichalcum Pulse|[of] p2b: Reptar\n|-activate|p2a: Magic Myc|ability: Protosynthesis\n|-start|p2a: Magic Myc|protosynthesisdef\n|-activate|p2b: Reptar|Orichalcum Pulse|[source]\n|-fieldstart|move: Grassy Terrain|[from] ability: Grassy Surge|[of] p1a: Rillaboom\n|turn|1\n|\n|t:|1746054136\n|-terastallize|p1a: Rillaboom|Fire\n|move|p2b: Reptar|Protect|p2b: Reptar\n|-singleturn|p2b: Reptar|Protect\n|move|p2a: Magic Myc|Rage Powder|p2a: Magic Myc\n|-singleturn|p2a: Magic Myc|move: Rage Powder\n|move|p1b: Urshifu|Close Combat|p2a: Magic Myc\n|-supereffective|p2a: Magic Myc\n|-damage|p2a: Magic Myc|34/100\n|-unboost|p1b: Urshifu|def|1\n|-unboost|p1b: Urshifu|spd|1\n|-damage|p1b: Urshifu|84/100|[from] item: Rocky Helmet|[of] p2a: Magic Myc\n|move|p1a: Rillaboom|Wood Hammer|p2a: Magic Myc\n|-resisted|p2a: Magic Myc\n|-damage|p2a: Magic Myc|18/100\n|-damage|p1a: Rillaboom|84/100|[from] item: Rocky Helmet|[of] p2a: Magic Myc\n|-damage|p1a: Rillaboom|78/100|[from] Recoil\n|\n|-weather|SunnyDay|[upkeep]\n|-heal|p1b: Urshifu|90/100|[from] Grassy Terrain\n|-heal|p1a: Rillaboom|84/100|[from] Grassy Terrain\n|-heal|p2a: Magic Myc|24/100|[from] Grassy Terrain\n|upkeep\n|turn|2\n|inactive|SFmrmimers has 30 seconds left.\n|\n|t:|1746054164\n|move|p1b: Urshifu|Detect|p1b: Urshifu\n|-singleturn|p1b: Urshifu|Protect\n|move|p2b: Reptar|Close Combat|p1a: Rillaboom\n|-damage|p1a: Rillaboom|0 fnt\n|-unboost|p2b: Reptar|def|1\n|-unboost|p2b: Reptar|spd|1\n|faint|p1a: Rillaboom\n|-damage|p2b: Reptar|91/100|[from] item: Life Orb\n|move|p2a: Magic Myc|Seed Bomb|p1b: Urshifu\n|-activate|p1b: Urshifu|move: Protect\n|\n|-weather|SunnyDay|[upkeep]\n|-heal|p2b: Reptar|97/100|[from] Grassy Terrain\n|-heal|p1b: Urshifu|97/100|[from] Grassy Terrain\n|-heal|p2a: Magic Myc|30/100|[from] Grassy Terrain\n|upkeep\n|\n|t:|1746054172\n|switch|p1a: Incineroar|Incineroar, L50, M|100/100\n|-ability|p1a: Incineroar|Intimidate|boost\n|-unboost|p2a: Magic Myc|atk|1\n|-unboost|p2b: Reptar|atk|1\n|turn|3\n|\n|t:|1746054189\n|move|p2b: Reptar|Protect|p2b: Reptar\n|-singleturn|p2b: Reptar|Protect\n|move|p1a: Incineroar|Fake Out|p2b: Reptar\n|-activate|p2b: Reptar|move: Protect\n|move|p1b: Urshifu|Close Combat|p2a: Magic Myc\n|-supereffective|p2a: Magic Myc\n|-damage|p2a: Magic Myc|0 fnt\n|-unboost|p1b: Urshifu|def|1\n|-unboost|p1b: Urshifu|spd|1\n|-damage|p1b: Urshifu|80/100|[from] item: Rocky Helmet|[of] p2a: Magic Myc\n|faint|p2a: Magic Myc\n|-end|p2a: Magic Myc|Protosynthesis|[silent]\n|\n|-weather|SunnyDay|[upkeep]\n|-heal|p2b: Reptar|100/100|[from] Grassy Terrain\n|-heal|p1b: Urshifu|86/100|[from] Grassy Terrain\n|upkeep\n|\n|t:|1746054202\n|switch|p2a: Never-Moon|Lunala, L50, shiny|100/100\n|turn|4\n|\n|t:|1746054214\n|switch|p1a: Calyrex|Calyrex-Shadow, L50|100/100\n|-ability|p1a: Calyrex|As One\n|-ability|p1a: Calyrex|Unnerve\n|move|p2b: Reptar|Close Combat|p1a: Calyrex\n|-immune|p1a: Calyrex\n|move|p1b: Urshifu|Close Combat|p2b: Reptar\n|-damage|p2b: Reptar|16/100\n|-unboost|p1b: Urshifu|def|1\n|-unboost|p1b: Urshifu|spd|1\n|move|p2a: Never-Moon|Moongeist Beam|p1b: Urshifu\n|-damage|p1b: Urshifu|0 fnt\n|faint|p1b: Urshifu\n|\n|-weather|SunnyDay|[upkeep]\n|-heal|p2b: Reptar|22/100|[from] Grassy Terrain\n|upkeep\n|\n|t:|1746054218\n|switch|p1b: Incineroar|Incineroar, L50, M|100/100\n|-ability|p1b: Incineroar|Intimidate|boost\n|-unboost|p2a: Never-Moon|atk|1\n|-unboost|p2b: Reptar|atk|1\n|turn|5\n|\n|t:|1746054242\n|switch|p2b: Ditto|Ditto, L50|100/100\n|-transform|p2b: Ditto|p1a: Calyrex|[from] ability: Imposter\n|-ability|p2b: Ditto|As One\n|-ability|p2b: Ditto|Unnerve\n|move|p2a: Never-Moon|Wide Guard|p2a: Never-Moon\n|-singleturn|p2a: Never-Moon|Wide Guard\n|move|p1a: Calyrex|Astral Barrage|p2a: Never-Moon|[spread] \n|-activate|p2a: Never-Moon|move: Wide Guard\n|-activate|p2b: Ditto|move: Wide Guard\n|move|p1b: Incineroar|Knock Off|p2a: Never-Moon\n|-supereffective|p2a: Never-Moon\n|-damage|p2a: Never-Moon|40/100\n|-enditem|p2a: Never-Moon|Power Herb|[from] move: Knock Off|[of] p1b: Incineroar\n|\n|-weather|none\n|-heal|p2a: Never-Moon|47/100|[from] Grassy Terrain\n|-fieldend|move: Grassy Terrain\n|upkeep\n|turn|6\n|inactive|nintendoswitch200 has 30 seconds left.\n|inactive|SFmrmimers has 30 seconds left.\n|\n|t:|1746054274\n|switch|p2a: Reptar|Koraidon, L50|22/100\n|-weather|SunnyDay|[from] ability: Orichalcum Pulse|[of] p2a: Reptar\n|-activate|p2a: Reptar|Orichalcum Pulse|[source]\n|-terastallize|p2b: Ditto|Normal\n|move|p1a: Calyrex|Protect|p1a: Calyrex\n|-singleturn|p1a: Calyrex|Protect\n|move|p2b: Ditto|Astral Barrage|p1b: Incineroar|[spread] p1b\n|-activate|p1a: Calyrex|move: Protect\n|-resisted|p1b: Incineroar\n|-damage|p1b: Incineroar|79/100\n|move|p1b: Incineroar|Knock Off|p2b: Ditto\n|-damage|p2b: Ditto|52/100\n|-enditem|p2b: Ditto|Covert Cloak|[from] move: Knock Off|[of] p1b: Incineroar\n|\n|-weather|SunnyDay|[upkeep]\n|upkeep\n|turn|7\n|\n|t:|1746054294\n|move|p2b: Ditto|Astral Barrage|p1b: Incineroar|[spread] p1a,p1b\n|-supereffective|p1a: Calyrex\n|-resisted|p1b: Incineroar\n|-damage|p1a: Calyrex|0 fnt\n|-damage|p1b: Incineroar|57/100\n|faint|p1a: Calyrex\n|-ability|p2b: Ditto|Grim Neigh|boost\n|-boost|p2b: Ditto|spa|1\n|move|p2a: Reptar|Close Combat|p1b: Incineroar\n|-supereffective|p1b: Incineroar\n|-damage|p1b: Incineroar|0 fnt\n|-unboost|p2a: Reptar|def|1\n|-unboost|p2a: Reptar|spd|1\n|faint|p1b: Incineroar\n|-damage|p2a: Reptar|13/100|[from] item: Life Orb\n|\n|win|SFmrmimers\n", "uploadtime": 1746054297, "views": 7, "formatid": "gen9vgc2025regibo3", "rating": null, "private": 0, "password": null}