{"id": "gen9vgc2025regibo3-2354224903", "format": "[Gen 9] VGC 2025 Reg I (Bo3)", "players": ["Thagin", "test0824"], "log": "|j|\u2606Thagin\n|j|\u2606test0824\n|html|<table width=\"100%\"><tr><td align=\"left\">Thagin</td><td align=\"right\">test0824</tr><tr><td align=\"left\"><i class=\"fa fa-circle-o\"></i> <i class=\"fa fa-circle-o\"></i> </td><td align=\"right\"><i class=\"fa fa-circle-o\"></i> <i class=\"fa fa-circle\"></i> </tr></table>\n|uhtml|bestof|<h2><strong>Game 2</strong> of <a href=\"/game-bestof3-gen9vgc2025regibo3-2354223016\">a best-of-3</a></h2>\n|t:|1746046471\n|gametype|doubles\n|player|p1|Thagin|serena-masters|1182\n|player|p2|test0824|scientist|1082\n|teamsize|p1|6\n|teamsize|p2|6\n|gen|9\n|tier|[Gen 9] VGC 2025 Reg I (Bo3)\n|rated|\n|rule|Species Clause: Limit one of each Pok\u00e9mon\n|rule|Item Clause: Limit 1 of each item\n|clearpoke\n|poke|p1|Terapagos, L50, M|\n|poke|p1|Calyrex-Shadow, L50|\n|poke|p1|Incineroar, L50, F|\n|poke|p1|Rillaboom, L50, M|\n|poke|p1|Amoonguss, L50, F|\n|poke|p1|Urshifu-*, L50, M|\n|poke|p2|Solgaleo, L50|\n|poke|p2|Calyrex-Shadow, L50|\n|poke|p2|Weezing, L50, F|\n|poke|p2|Landorus, L50, M|\n|poke|p2|Whimsicott, L50, M|\n|poke|p2|Urshifu-*, L50, F|\n|teampreview|4\n|showteam|p1|Terapagos||Leftovers|TeraShift|Protect,TeraStarstorm,EarthPower,CalmMind|||M|||50|,,,,,Stellar]Calyrex-Shadow||FocusSash|AsOneSpectrier|Protect,AstralBarrage,Encore,Disable||||||50|,,,,,Ghost]Incineroar||SafetyGoggles|Intimidate|KnockOff,PartingShot,WillOWisp,FakeOut|||F|||50|,,,,,Bug]Rillaboom||AssaultVest|GrassySurge|WoodHammer,GrassyGlide,Uturn,FakeOut|||M|||50|,,,,,Fire]Amoonguss||RockyHelmet|Regenerator|Protect,Spore,RagePowder,PollenPuff|||F|||50|,,,,,Water]Urshifu-Rapid-Strike||ChoiceScarf|UnseenFist|SurgingStrikes,CloseCombat,Coaching,Uturn|||M|||50|,,,,,Water\n|showteam|p2|Solgaleo||WeaknessPolicy|FullMetalBody|SunsteelStrike,PsychicFangs,FlameCharge,Protect||||||50|,,,,,Fire]Calyrex-Shadow||FocusSash|AsOneSpectrier|AstralBarrage,Bulldoze,Encore,Protect||||||50|,,,,,Normal]Weezing||SitrusBerry|NeutralizingGas|Protect,Taunt,WillOWisp,SludgeBomb|||F|||50|,,,,,Grass]Landorus||ChoiceScarf|SheerForce|EarthPower,SludgeBomb,Uturn,SandsearStorm|||M|||50|,,,,,Water]Whimsicott||CovertCloak|Prankster|Tailwind,LightScreen,Moonblast,Encore|||M|||50|,,,,,Dark]Urshifu||BlackGlasses|UnseenFist|SuckerPunch,CloseCombat,WickedBlow,Detect|||F|||50|,,,,,Dark\n|\n|t:|1746046489\n|start\n|switch|p1a: Incineroar|Incineroar, L50, F|100/100\n|switch|p1b: Rillaboom|Rillaboom, L50, M|100/100\n|switch|p2a: Calyrex|Calyrex-Shadow, L50|100/100\n|switch|p2b: Solgaleo|Solgaleo, L50|100/100\n|-ability|p2a: Calyrex|As One\n|-ability|p2a: Calyrex|Unnerve\n|-fieldstart|move: Grassy Terrain|[from] ability: Grassy Surge|[of] p1b: Rillaboom\n|-ability|p1a: Incineroar|Intimidate|boost\n|-unboost|p2a: Calyrex|atk|1\n|-fail|p2b: Solgaleo|unboost|[from] ability: Full Metal Body|[of] p2b: Solgaleo\n|turn|1\n|\n|t:|1746046525\n|move|p2a: Calyrex|Protect|p2a: Calyrex\n|-singleturn|p2a: Calyrex|Protect\n|move|p2b: Solgaleo|Protect|p2b: Solgaleo\n|-singleturn|p2b: Solgaleo|Protect\n|move|p1b: Rillaboom|Fake Out|p2b: Solgaleo\n|-activate|p2b: Solgaleo|move: Protect\n|move|p1a: Incineroar|Knock Off|p2a: Calyrex\n|-activate|p2a: Calyrex|move: Protect\n|\n|upkeep\n|turn|2\n|\n|t:|1746046546\n|-terastallize|p2b: Solgaleo|Fire\n|move|p2a: Calyrex|Bulldoze|p1b: Rillaboom|[spread] p2b,p1a,p1b\n|-supereffective|p2b: Solgaleo\n|-supereffective|p1a: Incineroar\n|-resisted|p1b: Rillaboom\n|-damage|p2b: Solgaleo|96/100\n|-damage|p1a: Incineroar|97/100\n|-damage|p1b: Rillaboom|99/100\n|-unboost|p1a: Incineroar|spe|1\n|-unboost|p1b: Rillaboom|spe|1\n|-enditem|p2b: Solgaleo|Weakness Policy\n|-boost|p2b: Solgaleo|atk|2|[from] item: Weakness Policy\n|-boost|p2b: Solgaleo|spa|2|[from] item: Weakness Policy\n|move|p2b: Solgaleo|Flame Charge|p1b: Rillaboom\n|-supereffective|p1b: Rillaboom\n|-damage|p1b: Rillaboom|0 fnt\n|-boost|p2b: Solgaleo|spe|1\n|faint|p1b: Rillaboom\n|move|p1a: Incineroar|Will-O-Wisp|p2b: Solgaleo\n|-immune|p2b: Solgaleo\n|\n|-heal|p2b: Solgaleo|100/100|[from] Grassy Terrain\n|-heal|p1a: Incineroar|100/100|[from] Grassy Terrain\n|upkeep\n|\n|t:|1746046552\n|switch|p1b: Terapagos|Terapagos, L50, M|100/100\n|-activate|p1b: Terapagos|ability: Tera Shift\n|detailschange|p1b: Terapagos|Terapagos-Terastal, L50, M\n|-heal|p1b: Terapagos|100/100|[silent]\n|turn|3\n|\n|t:|1746046581\n|-terastallize|p1b: Terapagos|Stellar\n|detailschange|p1b: Terapagos|Terapagos-Stellar, L50, M, tera:Stellar\n|-heal|p1b: Terapagos|100/100|[silent]\n|-ability|p1b: Terapagos|Teraform Zero\n|-fieldend|move: Grassy Terrain\n|move|p2b: Solgaleo|Sunsteel Strike|p1b: Terapagos\n|-damage|p1b: Terapagos|41/100\n|move|p2a: Calyrex|Encore|p1a: Incineroar\n|-start|p1a: Incineroar|Encore\n|move|p1b: Terapagos|Tera Starstorm|p2a: Calyrex|[spread] p2a,p2b\n|-supereffective|p2b: Solgaleo\n|-damage|p2a: Calyrex|64/100\n|-damage|p2b: Solgaleo|29/100\n|move|p1a: Incineroar|Will-O-Wisp|p2b: Solgaleo\n|-immune|p2b: Solgaleo\n|\n|-heal|p1b: Terapagos|47/100|[from] item: Leftovers\n|upkeep\n|turn|4\n|\n|t:|1746046610\n|move|p1b: Terapagos|Protect|p1b: Terapagos\n|-singleturn|p1b: Terapagos|Protect\n|move|p2b: Solgaleo|Sunsteel Strike|p1b: Terapagos\n|-activate|p1b: Terapagos|move: Protect\n|move|p2a: Calyrex|Astral Barrage|p1a: Incineroar|[spread] p1a\n|-activate|p1b: Terapagos|move: Protect\n|-resisted|p1a: Incineroar\n|-damage|p1a: Incineroar|77/100\n|move|p1a: Incineroar|Will-O-Wisp|p2a: Calyrex\n|-status|p2a: Calyrex|brn\n|\n|-heal|p1b: Terapagos|53/100|[from] item: Leftovers\n|-damage|p2a: Calyrex|58/100 brn|[from] brn\n|upkeep\n|turn|5\n|\n|t:|1746046632\n|move|p2b: Solgaleo|Sunsteel Strike|p1a: Incineroar\n|-resisted|p1a: Incineroar\n|-damage|p1a: Incineroar|37/100\n|move|p2a: Calyrex|Encore|p1b: Terapagos\n|-start|p1b: Terapagos|Encore\n|move|p1b: Terapagos|Protect|p1b: Terapagos\n|-singleturn|p1b: Terapagos|Protect\n|move|p1a: Incineroar|Will-O-Wisp|p2a: Calyrex\n|-fail|p2a: Calyrex|brn\n|\n|-heal|p1b: Terapagos|60/100|[from] item: Leftovers\n|-damage|p2a: Calyrex|52/100 brn|[from] brn\n|-end|p1a: Incineroar|Encore\n|upkeep\n|turn|6\n|\n|t:|1746046664\n|move|p1b: Terapagos|Protect||[still]\n|-fail|p1b: Terapagos\n|move|p2b: Solgaleo|Sunsteel Strike|p1a: Incineroar\n|-resisted|p1a: Incineroar\n|-damage|p1a: Incineroar|0 fnt\n|faint|p1a: Incineroar\n|move|p2a: Calyrex|Astral Barrage|p1b: Terapagos\n|-immune|p1b: Terapagos\n|\n|-heal|p1b: Terapagos|66/100|[from] item: Leftovers\n|-damage|p2a: Calyrex|45/100 brn|[from] brn\n|upkeep\n|\n|t:|1746046677\n|switch|p1a: Calyrex|Calyrex-Shadow, L50|100/100\n|-ability|p1a: Calyrex|As One\n|-ability|p1a: Calyrex|Unnerve\n|turn|7\n|\n|t:|1746046699\n|move|p2b: Solgaleo|Protect|p2b: Solgaleo\n|-singleturn|p2b: Solgaleo|Protect\n|move|p1b: Terapagos|Protect|p1b: Terapagos\n|-singleturn|p1b: Terapagos|Protect\n|move|p2a: Calyrex|Astral Barrage|p1a: Calyrex|[spread] p1a\n|-activate|p1b: Terapagos|move: Protect\n|-supereffective|p1a: Calyrex\n|-enditem|p1a: Calyrex|Focus Sash\n|-damage|p1a: Calyrex|1/100\n|move|p1a: Calyrex|Astral Barrage|p2b: Solgaleo|[spread] p2a\n|-activate|p2b: Solgaleo|move: Protect\n|-supereffective|p2a: Calyrex\n|-damage|p2a: Calyrex|0 fnt\n|faint|p2a: Calyrex\n|-ability|p1a: Calyrex|Grim Neigh|boost\n|-boost|p1a: Calyrex|spa|1\n|\n|-heal|p1b: Terapagos|72/100|[from] item: Leftovers\n|-end|p1b: Terapagos|Encore\n|upkeep\n|\n|t:|1746046712\n|switch|p2a: Urshifu|Urshifu, L50, F|100/100\n|turn|8\n|\n|t:|1746046724\n|move|p1a: Calyrex|Protect|p1a: Calyrex\n|-singleturn|p1a: Calyrex|Protect\n|move|p2b: Solgaleo|Flame Charge|p1a: Calyrex\n|-activate|p1a: Calyrex|move: Protect\n|move|p2a: Urshifu|Close Combat|p1b: Terapagos\n|-supereffective|p1b: Terapagos\n|-damage|p1b: Terapagos|2/100\n|-unboost|p2a: Urshifu|def|1\n|-unboost|p2a: Urshifu|spd|1\n|move|p1b: Terapagos|Tera Starstorm|p2b: Solgaleo|[spread] p2a,p2b\n|-supereffective|p2b: Solgaleo\n|-damage|p2a: Urshifu|11/100\n|-damage|p2b: Solgaleo|0 fnt\n|faint|p2b: Solgaleo\n|\n|-heal|p1b: Terapagos|8/100|[from] item: Leftovers\n|upkeep\n|\n|t:|1746046727\n|switch|p2b: Landorus|Landorus, L50, M|100/100\n|turn|9\n|\n|t:|1746046777\n|move|p2b: Landorus|Earth Power|p1a: Calyrex\n|-damage|p1a: Calyrex|0 fnt\n|faint|p1a: Calyrex\n|move|p2a: Urshifu|Close Combat|p1b: Terapagos\n|-supereffective|p1b: Terapagos\n|-damage|p1b: Terapagos|0 fnt\n|-unboost|p2a: Urshifu|def|1\n|-unboost|p2a: Urshifu|spd|1\n|faint|p1b: Terapagos\n|\n|win|test0824\n|raw|Thagin's rating: 1182 &rarr; <strong>1150</strong><br />(-32 for losing)\n|raw|test0824's rating: 1082 &rarr; <strong>1117</strong><br />(+35 for winning)\n|l|\u2606test0824\n|player|p2|\n|l|\u2606Thagin\n|player|p1|\n", "uploadtime": 1746047146, "views": 6, "formatid": "gen9vgc2025regibo3", "rating": 1117, "private": 0, "password": null}