{"id": "gen9vgc2025regibo3-2354169825", "format": "[Gen 9] VGC 2025 Reg I (Bo3)", "players": ["myadora", "TawanLima"], "log": "|j|\u2606myadora\n|j|\u2606TawanLima\n|html|<table width=\"100%\"><tr><td align=\"left\">myadora</td><td align=\"right\">TawanLima</tr><tr><td align=\"left\"><i class=\"fa fa-circle-o\"></i> <i class=\"fa fa-circle-o\"></i> </td><td align=\"right\"><i class=\"fa fa-circle-o\"></i> <i class=\"fa fa-circle-o\"></i> </tr></table>\n|uhtml|bestof|<h2><strong>Game 1</strong> of <a href=\"/game-bestof3-gen9vgc2025regibo3-2354169824\">a best-of-3</a></h2>\n|t:|1746041028\n|gametype|doubles\n|player|p1|myadora|volo|\n|player|p2|TawanLima|veteran|\n|teamsize|p1|6\n|teamsize|p2|6\n|gen|9\n|tier|[Gen 9] VGC 2025 Reg I (Bo3)\n|rule|Species Clause: Limit one of each Pok\u00e9mon\n|rule|Item Clause: Limit 1 of each item\n|clearpoke\n|poke|p1|Zacian-*, L50|\n|poke|p1|Calyrex-Shadow, L50|\n|poke|p1|Tornadus, L50, M|\n|poke|p1|Urshifu-*, L50, F|\n|poke|p1|Amoonguss, L50, M|\n|poke|p1|Landorus-Therian, L50, M|\n|poke|p2|Rillaboom, L50, M|\n|poke|p2|Grimmsnarl, L50, M|\n|poke|p2|Raging Bolt, L50|\n|poke|p2|Koraidon, L50|\n|poke|p2|Lugia, L50|\n|poke|p2|Ting-Lu, L50|\n|teampreview|4\n|showteam|p1|Zacian-Crowned||RustedSword|IntrepidSword|behemothblade,SacredSword,PlayRough,Protect||||||50|,,,,,Fairy]Calyrex-Shadow||LifeOrb|AsOneSpectrier|AstralBarrage,Protect,ExpandingForce,TeraBlast||||||50|,,,,,Electric]Tornadus||CovertCloak|Prankster|Tailwind,Taunt,BleakwindStorm,Protect|||M|||50|,,,,,Dark]Urshifu||FocusSash|UnseenFist|WickedBlow,CloseCombat,SuckerPunch,Uturn|||F|||50|,,,,,Poison]Amoonguss||RockyHelmet|Regenerator|RagePowder,Spore,PollenPuff,Protect|||M|||50|,,,,,Water]Landorus-Therian||AssaultVest|Intimidate|Earthquake,RockSlide,Uturn,StompingTantrum|||M|||50|,,,,,Flying\n|showteam|p2|Rillaboom||RockyHelmet|GrassySurge|FakeOut,Uturn,KnockOff,GrassyGlide|||M|||50|,,,,,Grass]Grimmsnarl||LightClay|Prankster|FoulPlay,LightScreen,Reflect,FakeOut|||M|||50|,,,,,Dark]Raging Bolt||Magnet|Protosynthesis|Thunderclap,CalmMind,Discharge,DracoMeteor||||||50|,,,,,Electric]Koraidon||ClearAmulet|OrichalcumPulse|CollisionCourse,DragonTail,Protect,IronHead||||||50|,,,,,Normal]Lugia||Leftovers|Multiscale|Protect,CalmMind,Aeroblast,Recover||||||50|,,,,,Flying]Ting-Lu||WeaknessPolicy|VesselofRuin|Earthquake,Protect,RockSlide,Ruination||||||50|,,,,,Dark\n|inactive|Battle timer is ON: inactive players will automatically lose when time's up. (requested by TawanLima)\n|inactive|myadora has 60 seconds left.\n|\n|t:|1746041082\n|start\n|switch|p1a: Po|Urshifu, L50, F|100/100\n|switch|p1b: Alucin\u00f3geno|Amoonguss, L50, M, shiny|100/100\n|switch|p2a: Rillaboom|Rillaboom, L50, M|100/100\n|switch|p2b: Grimmsnarl|Grimmsnarl, L50, M, shiny|100/100\n|-fieldstart|move: Grassy Terrain|[from] ability: Grassy Surge|[of] p2a: Rillaboom\n|turn|1\n|inactive|myadora has 30 seconds left.\n|inactive|TawanLima has 30 seconds left.\n|\n|t:|1746041109\n|move|p2a: Rillaboom|Fake Out|p1a: Po\n|-damage|p1a: Po|85/100\n|move|p1b: Alucin\u00f3geno|Rage Powder|p1b: Alucin\u00f3geno\n|-singleturn|p1b: Alucin\u00f3geno|move: Rage Powder\n|move|p2b: Grimmsnarl|Reflect|p2b: Grimmsnarl\n|-sidestart|p2: TawanLima|Reflect\n|cant|p1a: Po|flinch\n|\n|-heal|p1a: Po|91/100|[from] Grassy Terrain\n|upkeep\n|turn|2\n|\n|t:|1746041131\n|move|p2a: Rillaboom|Grassy Glide|p1a: Po\n|-crit|p1a: Po\n|-damage|p1a: Po|40/100\n|move|p2b: Grimmsnarl|Light Screen|p2b: Grimmsnarl\n|-sidestart|p2: TawanLima|move: Light Screen\n|move|p1a: Po|U-turn|p2a: Rillaboom\n|-supereffective|p2a: Rillaboom\n|-damage|p2a: Rillaboom|68/100\n|-damage|p1a: Po|24/100|[from] item: Rocky Helmet|[of] p2a: Rillaboom\n|\n|t:|1746041145\n|switch|p1a: Cachorro|Zacian-Crowned, L50, shiny|100/100|[from] U-turn\n|-ability|p1a: Cachorro|Intrepid Sword|boost\n|-boost|p1a: Cachorro|atk|1\n|move|p1b: Alucin\u00f3geno|Spore|p2b: Grimmsnarl\n|-status|p2b: Grimmsnarl|slp|[from] move: Spore\n|\n|-heal|p2a: Rillaboom|73/100|[from] Grassy Terrain\n|upkeep\n|turn|3\n|inactive|TawanLima has 30 seconds left.\n|\n|t:|1746041178\n|move|p1a: Cachorro|Behemoth Blade|p2b: Grimmsnarl\n|-supereffective|p2b: Grimmsnarl\n|-damage|p2b: Grimmsnarl|0 fnt\n|faint|p2b: Grimmsnarl\n|move|p2a: Rillaboom|U-turn|p1b: Alucin\u00f3geno\n|-damage|p1b: Alucin\u00f3geno|81/100\n|-damage|p2a: Rillaboom|57/100|[from] item: Rocky Helmet|[of] p1b: Alucin\u00f3geno\n|\n|t:|1746041185\n|switch|p2a: Lugia|Lugia, L50, shiny|100/100|[from] U-turn\n|move|p1b: Alucin\u00f3geno|Pollen Puff|p2a: Lugia\n|-crit|p2a: Lugia\n|-damage|p2a: Lugia|93/100\n|\n|-heal|p2a: Lugia|99/100|[from] item: Leftovers\n|-heal|p1b: Alucin\u00f3geno|87/100|[from] Grassy Terrain\n|upkeep\n|\n|t:|1746041194\n|switch|p2b: Ting-Lu|Ting-Lu, L50|100/100\n|-ability|p2b: Ting-Lu|Vessel of Ruin\n|turn|4\n|\n|t:|1746041218\n|move|p1a: Cachorro|Sacred Sword|p2b: Ting-Lu\n|-supereffective|p2b: Ting-Lu\n|-crit|p2b: Ting-Lu\n|-damage|p2b: Ting-Lu|17/100\n|-enditem|p2b: Ting-Lu|Weakness Policy\n|-boost|p2b: Ting-Lu|atk|2|[from] item: Weakness Policy\n|-boost|p2b: Ting-Lu|spa|2|[from] item: Weakness Policy\n|move|p2a: Lugia|Calm Mind|p2a: Lugia\n|-boost|p2a: Lugia|spa|1\n|-boost|p2a: Lugia|spd|1\n|move|p2b: Ting-Lu|Earthquake|p1a: Cachorro|[spread] p1a,p1b\n|-immune|p2a: Lugia\n|-supereffective|p1a: Cachorro\n|-crit|p1a: Cachorro\n|-damage|p1a: Cachorro|0 fnt\n|-damage|p1b: Alucin\u00f3geno|58/100\n|faint|p1a: Cachorro\n|move|p1b: Alucin\u00f3geno|Spore|p2b: Ting-Lu\n|-status|p2b: Ting-Lu|slp|[from] move: Spore\n|\n|-heal|p2a: Lugia|100/100|[from] item: Leftovers\n|-heal|p2b: Ting-Lu|23/100 slp|[from] Grassy Terrain\n|-heal|p1b: Alucin\u00f3geno|64/100|[from] Grassy Terrain\n|upkeep\n|\n|t:|1746041237\n|switch|p1a: Po|Urshifu, L50, F|24/100\n|turn|5\n|inactive|TawanLima has 30 seconds left.\n|\n|t:|1746041262\n|-terastallize|p2a: Lugia|Flying\n|move|p1a: Po|Sucker Punch|p2a: Lugia\n|-damage|p2a: Lugia|92/100\n|move|p2a: Lugia|Aeroblast|p1a: Po\n|-supereffective|p1a: Po\n|-damage|p1a: Po|0 fnt\n|faint|p1a: Po\n|cant|p2b: Ting-Lu|slp\n|move|p1b: Alucin\u00f3geno|Pollen Puff|p1: Po|[notarget]\n|-fail|p1b: Alucin\u00f3geno\n|\n|-heal|p2a: Lugia|98/100|[from] item: Leftovers\n|-heal|p2b: Ting-Lu|29/100 slp|[from] Grassy Terrain\n|-heal|p1b: Alucin\u00f3geno|70/100|[from] Grassy Terrain\n|-fieldend|move: Grassy Terrain\n|upkeep\n|\n|t:|1746041270\n|switch|p1a: Coelho e cavalo|Calyrex-Shadow, L50|100/100\n|-ability|p1a: Coelho e cavalo|As One\n|-ability|p1a: Coelho e cavalo|Unnerve\n|turn|6\n|\n|t:|1746041290\n|-terastallize|p1b: Alucin\u00f3geno|Water\n|move|p2a: Lugia|Protect|p2a: Lugia\n|-singleturn|p2a: Lugia|Protect\n|move|p1b: Alucin\u00f3geno|Rage Powder|p1b: Alucin\u00f3geno\n|-singleturn|p1b: Alucin\u00f3geno|move: Rage Powder\n|move|p1a: Coelho e cavalo|Astral Barrage|p2b: Ting-Lu|[spread] p2b\n|-activate|p2a: Lugia|move: Protect\n|-resisted|p2b: Ting-Lu\n|-damage|p2b: Ting-Lu|13/100 slp\n|-damage|p1a: Coelho e cavalo|91/100|[from] item: Life Orb\n|cant|p2b: Ting-Lu|slp\n|\n|-heal|p2a: Lugia|100/100|[from] item: Leftovers\n|upkeep\n|turn|7\n|inactive|TawanLima has 30 seconds left.\n|\n|t:|1746041317\n|move|p1b: Alucin\u00f3geno|Rage Powder|p1b: Alucin\u00f3geno\n|-singleturn|p1b: Alucin\u00f3geno|move: Rage Powder\n|move|p1a: Coelho e cavalo|Astral Barrage|p2b: Ting-Lu|[spread] p2a,p2b\n|-resisted|p2b: Ting-Lu\n|-damage|p2a: Lugia|93/100\n|-damage|p2b: Ting-Lu|0 fnt\n|faint|p2b: Ting-Lu\n|-ability|p1a: Coelho e cavalo|Grim Neigh|boost\n|-boost|p1a: Coelho e cavalo|spa|1\n|-damage|p1a: Coelho e cavalo|81/100|[from] item: Life Orb\n|move|p2a: Lugia|Aeroblast|p1b: Alucin\u00f3geno\n|-damage|p1b: Alucin\u00f3geno|2/100\n|\n|-heal|p2a: Lugia|99/100|[from] item: Leftovers\n|upkeep\n|\n|t:|1746041330\n|switch|p2b: Rillaboom|Rillaboom, L50, M|57/100\n|-fieldstart|move: Grassy Terrain|[from] ability: Grassy Surge|[of] p2b: Rillaboom\n|turn|8\n|\n|t:|1746041353\n|move|p1b: Alucin\u00f3geno|Protect|p1b: Alucin\u00f3geno\n|-singleturn|p1b: Alucin\u00f3geno|Protect\n|move|p2b: Rillaboom|Fake Out|p1b: Alucin\u00f3geno\n|-activate|p1b: Alucin\u00f3geno|move: Protect\n|move|p1a: Coelho e cavalo|Astral Barrage|p2b: Rillaboom|[spread] p2a,p2b\n|-crit|p2a: Lugia\n|-damage|p2a: Lugia|0 fnt\n|-damage|p2b: Rillaboom|0 fnt\n|faint|p2a: Lugia\n|faint|p2b: Rillaboom\n|-damage|p1a: Coelho e cavalo|72/100|[from] item: Life Orb\n|\n|win|myadora\n|inactive|myadora has 30 seconds to confirm battle start!\n|inactive|TawanLima has 30 seconds to confirm battle start!\n|inactive|myadora has 20 seconds to confirm battle start!\n|inactive|TawanLima has 20 seconds to confirm battle start!\n||myadora is ready for game 2.\n|inactive|TawanLima has 10 seconds to confirm battle start!\n|uhtml|next|Next: <a href=\"/battle-gen9vgc2025regibo3-2354173582\"><strong>Game 2 of 3</strong></a>\n", "uploadtime": 1746041594, "views": 6, "formatid": "gen9vgc2025regibo3", "rating": null, "private": 0, "password": null}