{"id": "gen9vgc2025regibo3-2354541490", "format": "[Gen 9] VGC 2025 Reg I (Bo3)", "players": ["lollo000", "VGCTitus"], "log": "|j|\u2606lollo000\n|j|\u2606VGCTitus\n|html|<table width=\"100%\"><tr><td align=\"left\">lollo000</td><td align=\"right\">VGCTitus</tr><tr><td align=\"left\"><i class=\"fa fa-circle-o\"></i> <i class=\"fa fa-circle-o\"></i> </td><td align=\"right\"><i class=\"fa fa-circle-o\"></i> <i class=\"fa fa-circle-o\"></i> </tr></table>\n|uhtml|bestof|<h2><strong>Game 1</strong> of <a href=\"/game-bestof3-gen9vgc2025regibo3-2354541489\">a best-of-3</a></h2>\n|t:|1746090979\n|gametype|doubles\n|player|p1|lollo000|lucas|1123\n|player|p2|VGCTitus|bugcatcher-gen4dp|1158\n|teamsize|p1|6\n|teamsize|p2|6\n|gen|9\n|tier|[Gen 9] VGC 2025 Reg I (Bo3)\n|rated|\n|rule|Species Clause: Limit one of each Pok\u00e9mon\n|rule|Item Clause: Limit 1 of each item\n|clearpoke\n|poke|p1|Calyrex-Shadow, L50|\n|poke|p1|Koraidon, L50|\n|poke|p1|Ditto, L50|\n|poke|p1|Brute Bonnet, L50|\n|poke|p1|Whimsicott, L50, F|\n|poke|p1|Chi-Yu, L50|\n|poke|p2|Cresselia, L50, F|\n|poke|p2|Skeledirge, L50, F|\n|poke|p2|Calyrex-Ice, L50|\n|poke|p2|Iron Treads, L50|\n|poke|p2|Iron Hands, L50|\n|poke|p2|Miraidon, L50|\n|teampreview|4\n|showteam|p1|Calyrex-Shadow||LifeOrb|AsOneSpectrier|AstralBarrage,Psychic,NastyPlot,Protect||||||50|,,,,,Dark]Koraidon||ClearAmulet|OrichalcumPulse|CollisionCourse,FlameCharge,FlareBlitz,Protect||||||50|,,,,,Fire]Ditto||FocusSash|Imposter|Transform||||||50|,,,,,Normal]Brute Bonnet||RockyHelmet|Protosynthesis|Spore,RagePowder,SuckerPunch,SeedBomb||||||50|,,,,,Water]Whimsicott||CovertCloak|Prankster|Moonblast,Tailwind,Taunt,Encore|||F|||50|,,,,,Dark]Chi-Yu||ChoiceScarf|BeadsofRuin|HeatWave,Snarl,Overheat,DarkPulse||||||50|,,,,,Ghost\n|showteam|p2|Cresselia||SitrusBerry|Levitate|Psychic,LunarBlessing,CalmMind,TrickRoom|||F|||50|,,,,,Psychic]Skeledirge||ThroatSpray|Unaware|TorchSong,SlackOff,Snarl,Protect|||F|||50|,,,,,Dark]Calyrex-Ice||Leftovers|AsOneGlastrier|LeechSeed,GlacialLance,TrickRoom,Protect||||||50|,,,,,Water]Iron Treads||ChoiceBand|QuarkDrive|HighHorsepower,RockTomb,RockSlide,SteelRoller||||||50|,,,,,Ghost]Iron Hands||AssaultVest|QuarkDrive|FakeOut,DrainPunch,WildCharge,HeavySlam||||||50|,,,,,Bug]Miraidon||LifeOrb|HadronEngine|ElectroDrift,Protect,DracoMeteor,DazzlingGleam||||||50|,,,,,Electric\n|inactive|Battle timer is ON: inactive players will automatically lose when time's up. (requested by VGCTitus)\n|inactive|lollo000 has 60 seconds left.\n|\n|t:|1746091073\n|start\n|switch|p1a: Calyrex|Calyrex-Shadow, L50|100/100\n|switch|p1b: Whimsicott|Whimsicott, L50, F|100/100\n|switch|p2a: Iron Hands|Iron Hands, L50|100/100\n|switch|p2b: Iron Treads|Iron Treads, L50|100/100\n|-ability|p1a: Calyrex|As One\n|-ability|p1a: Calyrex|Unnerve\n|turn|1\n|inactive|lollo000 has 30 seconds left.\n|inactive|lollo000 has 20 seconds left.\n|inactive|lollo000 has 15 seconds left.\n|inactive|lollo000 has 10 seconds left.\n|\n|t:|1746091120\n|move|p1b: Whimsicott|Tailwind|p1b: Whimsicott\n|-sidestart|p1: lollo000|move: Tailwind\n|move|p1a: Calyrex|Nasty Plot|p1a: Calyrex\n|-boost|p1a: Calyrex|spa|2\n|move|p2b: Iron Treads|Rock Slide|p1b: Whimsicott|[spread] p1b\n|-miss|p2b: Iron Treads|p1a: Calyrex\n|-damage|p1b: Whimsicott|69/100\n|move|p2a: Iron Hands|Heavy Slam|p1a: Calyrex\n|-damage|p1a: Calyrex|53/100\n|\n|upkeep\n|turn|2\n|\n|t:|1746091142\n|move|p1a: Calyrex|Astral Barrage|p2a: Iron Hands|[spread] p2a,p2b\n|-damage|p2a: Iron Hands|26/100\n|-damage|p2b: Iron Treads|0 fnt\n|faint|p2b: Iron Treads\n|-end|p2b: Iron Treads|Quark Drive|[silent]\n|-ability|p1a: Calyrex|Grim Neigh|boost\n|-boost|p1a: Calyrex|spa|1\n|-damage|p1a: Calyrex|43/100|[from] item: Life Orb\n|move|p1b: Whimsicott|Moonblast|p2a: Iron Hands\n|-supereffective|p2a: Iron Hands\n|-damage|p2a: Iron Hands|0 fnt\n|faint|p2a: Iron Hands\n|-end|p2a: Iron Hands|Quark Drive|[silent]\n|\n|upkeep\n|j| Karmid\n|\n|t:|1746091148\n|switch|p2b: Miraidon|Miraidon, L50|100/100\n|switch|p2a: Skeledirge|Skeledirge, L50, F|100/100\n|-fieldstart|move: Electric Terrain|[from] ability: Hadron Engine|[of] p2b: Miraidon\n|turn|3\n|l| Karmid\n|\n|t:|1746091158\n|switch|p1b: Chi-Yu|Chi-Yu, L50|100/100\n|-ability|p1b: Chi-Yu|Beads of Ruin\n|-terastallize|p2a: Skeledirge|Dark\n|move|p2b: Miraidon|Protect|p2b: Miraidon\n|-singleturn|p2b: Miraidon|Protect\n|move|p1a: Calyrex|Astral Barrage|p2b: Miraidon|[spread] p2a\n|-activate|p2b: Miraidon|move: Protect\n|-resisted|p2a: Skeledirge\n|-damage|p2a: Skeledirge|55/100\n|-damage|p1a: Calyrex|33/100|[from] item: Life Orb\n|move|p2a: Skeledirge|Snarl|p1a: Calyrex|[spread] p1a,p1b\n|-supereffective|p1a: Calyrex\n|-resisted|p1b: Chi-Yu\n|-damage|p1a: Calyrex|0 fnt\n|-damage|p1b: Chi-Yu|91/100\n|-unboost|p1b: Chi-Yu|spa|1\n|faint|p1a: Calyrex\n|-enditem|p2a: Skeledirge|Throat Spray\n|-boost|p2a: Skeledirge|spa|1|[from] item: Throat Spray\n|\n|upkeep\n|inactive|lollo000 has 30 seconds left.\n|\n|t:|1746091193\n|switch|p1a: Koraidon|Koraidon, L50|100/100\n|-weather|SunnyDay|[from] ability: Orichalcum Pulse|[of] p1a: Koraidon\n|-activate|p1a: Koraidon|Orichalcum Pulse|[source]\n|turn|4\n|\n|t:|1746091211\n|-terastallize|p1a: Koraidon|Fire\n|move|p1b: Chi-Yu|Snarl|p2a: Skeledirge|[spread] p2a,p2b\n|-resisted|p2a: Skeledirge\n|-damage|p2a: Skeledirge|41/100\n|-damage|p2b: Miraidon|84/100\n|-unboost|p2a: Skeledirge|spa|1\n|-unboost|p2b: Miraidon|spa|1\n|move|p1a: Koraidon|Flame Charge|p2b: Miraidon\n|-resisted|p2b: Miraidon\n|-damage|p2b: Miraidon|57/100\n|-boost|p1a: Koraidon|spe|1\n|move|p2b: Miraidon|Dazzling Gleam|p1b: Chi-Yu|[spread] p1a,p1b\n|-resisted|p1a: Koraidon\n|-damage|p1a: Koraidon|83/100\n|-damage|p1b: Chi-Yu|56/100\n|-damage|p2b: Miraidon|47/100|[from] item: Life Orb\n|move|p2a: Skeledirge|Slack Off|p2a: Skeledirge\n|-heal|p2a: Skeledirge|91/100\n|\n|-weather|SunnyDay|[upkeep]\n|-sideend|p1: lollo000|move: Tailwind\n|upkeep\n|turn|5\n|inactive|lollo000 has 30 seconds left.\n|inactive|VGCTitus has 30 seconds left.\n|inactive|VGCTitus has 20 seconds left.\n|\n|t:|1746091248\n|move|p1a: Koraidon|Collision Course|p2a: Skeledirge\n|-supereffective|p2a: Skeledirge\n|-damage|p2a: Skeledirge|0 fnt\n|faint|p2a: Skeledirge\n|move|p1b: Chi-Yu|Snarl|p2b: Miraidon\n|-damage|p2b: Miraidon|22/100\n|-unboost|p2b: Miraidon|spa|1\n|move|p2b: Miraidon|Electro Drift|p1a: Koraidon\n|-damage|p1a: Koraidon|6/100\n|-damage|p2b: Miraidon|13/100|[from] item: Life Orb\n|\n|-weather|SunnyDay|[upkeep]\n|upkeep\n|turn|6\n|\n|t:|1746091265\n|move|p1a: Koraidon|Collision Course|p2b: Miraidon\n|-damage|p2b: Miraidon|0 fnt\n|faint|p2b: Miraidon\n|\n|win|lollo000\n||lollo000 is ready for game 2.\n||VGCTitus is ready for game 2.\n|uhtml|next|Next: <a href=\"/battle-gen9vgc2025regibo3-2354543015\"><strong>Game 2 of 3</strong></a>\n|l|\u2606VGCTitus\n|player|p2|\n|l|\u2606lollo000\n|player|p1|\n", "uploadtime": 1746091542, "views": 12, "formatid": "gen9vgc2025regibo3", "rating": null, "private": 0, "password": null}