{"id": "gen9vgc2025regibo3-2354194298", "format": "[Gen 9] VGC 2025 Reg I (Bo3)", "players": ["sorecruiser", "sparrow.d.ace"], "log": "|j|\u2606sorecruiser\n|j|\u2606sparrow.d.ace\n|html|<table width=\"100%\"><tr><td align=\"left\">sorecruiser</td><td align=\"right\">sparrow.d.ace</tr><tr><td align=\"left\"><i class=\"fa fa-circle-o\"></i> <i class=\"fa fa-circle-o\"></i> </td><td align=\"right\"><i class=\"fa fa-circle-o\"></i> <i class=\"fa fa-circle-o\"></i> </tr></table>\n|uhtml|bestof|<h2><strong>Game 1</strong> of <a href=\"/game-bestof3-gen9vgc2025regibo3-2354194297\">a best-of-3</a></h2>\n|t:|1746043379\n|gametype|doubles\n|player|p1|sorecruiser|170|1083\n|player|p2|sparrow.d.ace|alec-anime|1050\n|teamsize|p1|6\n|teamsize|p2|6\n|gen|9\n|tier|[Gen 9] VGC 2025 Reg I (Bo3)\n|rated|\n|rule|Species Clause: Limit one of each Pok\u00e9mon\n|rule|Item Clause: Limit 1 of each item\n|clearpoke\n|poke|p1|Calyrex-Shadow, L50|\n|poke|p1|Whimsicott, L50, M|\n|poke|p1|Rillaboom, L50, F|\n|poke|p1|Koraidon, L50|\n|poke|p1|Farigiraf, L50, F|\n|poke|p1|Chi-Yu, L50|\n|poke|p2|Calyrex-Ice, L50|\n|poke|p2|Miraidon, L50|\n|poke|p2|Farigiraf, L50, M|\n|poke|p2|Urshifu-*, L50, F|\n|poke|p2|Iron Valiant, L50|\n|poke|p2|Volcarona, L50, M|\n|teampreview|4\n|showteam|p1|Calyrex-Shadow||FocusSash|AsOneSpectrier|AstralBarrage,Psyshock,PollenPuff,Protect||||||50|,,,,,Ghost]Whimsicott||CovertCloak|Prankster|Tailwind,Encore,LightScreen,Moonblast|||M|||50|,,,,,Dark]Rillaboom||AssaultVest|GrassySurge|Uturn,GrassyGlide,WoodHammer,FakeOut|||F|||50|,,,,,Water]Koraidon||ClearAmulet|OrichalcumPulse|FlareBlitz,CollisionCourse,FlameCharge,Protect||||||50|,,,,,Fire]Farigiraf||SafetyGoggles|ArmorTail|PsychicNoise,FoulPlay,HelpingHand,TrickRoom|||F|||50|,,,,,Water]Chi-Yu||ChoiceScarf|BeadsofRuin|Snarl,Overheat,DarkPulse,HeatWave||||||50|,,,,,Ghost\n|showteam|p2|Calyrex-Ice||ClearAmulet|AsOneGlastrier|Protect,GlacialLance,HighHorsepower,TrickRoom||||||50|,,,,,Water]Miraidon||ChoiceScarf|HadronEngine|ElectroDrift,DracoMeteor,VoltSwitch,DazzlingGleam||||||50|,,,,,Fairy]Farigiraf||ElectricSeed|ArmorTail|Psychic,HelpingHand,TrickRoom,FoulPlay|||M|||50|,,,,,Water]Urshifu-Rapid-Strike||MysticWater|UnseenFist|SurgingStrikes,AquaJet,Taunt,Detect|||F|||50|,,,,,Water]Iron Valiant||BoosterEnergy|QuarkDrive|SpiritBreak,Encore,WideGuard,Coaching||||||50|,,,,,Ghost]Volcarona||RockyHelmet|FlameBody|FieryDance,WillOWisp,Tailwind,RagePowder|||M|||50|,,,,,Water\n|inactive|Battle timer is ON: inactive players will automatically lose when time's up. (requested by sparrow.d.ace)\n|inactive|sorecruiser has 60 seconds left.\n|\n|t:|1746043435\n|start\n|switch|p1a: Calyrex|Calyrex-Shadow, L50|100/100\n|switch|p1b: Whimsicott|Whimsicott, L50, M|100/100\n|switch|p2a: Calyrex|Calyrex-Ice, L50|100/100\n|switch|p2b: Iron Valiant|Iron Valiant, L50|100/100\n|-ability|p1a: Calyrex|As One\n|-ability|p1a: Calyrex|Unnerve\n|-ability|p2a: Calyrex|As One\n|-ability|p2a: Calyrex|Unnerve\n|-enditem|p2b: Iron Valiant|Booster Energy\n|-activate|p2b: Iron Valiant|ability: Quark Drive|[fromitem]\n|-start|p2b: Iron Valiant|quarkdrivespe\n|turn|1\n|\n|t:|1746043455\n|-terastallize|p2a: Calyrex|Water\n|move|p1b: Whimsicott|Tailwind|p1b: Whimsicott\n|-sidestart|p1: sorecruiser|move: Tailwind\n|move|p1a: Calyrex|Psyshock|p2b: Iron Valiant\n|-supereffective|p2b: Iron Valiant\n|-damage|p2b: Iron Valiant|0 fnt\n|faint|p2b: Iron Valiant\n|-end|p2b: Iron Valiant|Quark Drive|[silent]\n|-ability|p1a: Calyrex|Grim Neigh|boost\n|-boost|p1a: Calyrex|spa|1\n|move|p2a: Calyrex|Glacial Lance|p1a: Calyrex|[spread] p1a,p1b\n|-supereffective|p1b: Whimsicott\n|-damage|p1a: Calyrex|27/100\n|-damage|p1b: Whimsicott|0 fnt\n|faint|p1b: Whimsicott\n|-ability|p2a: Calyrex|Chilling Neigh|boost\n|-boost|p2a: Calyrex|atk|1\n|\n|upkeep\n|\n|t:|1746043468\n|switch|p1b: Rillaboom|Rillaboom, L50, F|100/100\n|switch|p2b: Farigiraf|Farigiraf, L50, M, shiny|100/100\n|-fieldstart|move: Grassy Terrain|[from] ability: Grassy Surge|[of] p1b: Rillaboom\n|turn|2\n|\n|t:|1746043486\n|move|p2a: Calyrex|Protect|p2a: Calyrex\n|-singleturn|p2a: Calyrex|Protect\n|move|p1a: Calyrex|Pollen Puff|p2b: Farigiraf\n|-supereffective|p2b: Farigiraf\n|-damage|p2b: Farigiraf|6/100\n|move|p1b: Rillaboom|Wood Hammer|p2a: Calyrex\n|-activate|p2a: Calyrex|move: Protect\n|move|p2b: Farigiraf|Trick Room|p2b: Farigiraf\n|-fieldstart|move: Trick Room|[of] p2b: Farigiraf\n|\n|-heal|p2b: Farigiraf|12/100|[from] Grassy Terrain\n|-heal|p1a: Calyrex|33/100|[from] Grassy Terrain\n|upkeep\n|turn|3\n|\n|t:|1746043503\n|-terastallize|p1b: Rillaboom|Water\n|move|p1a: Calyrex|Protect|p1a: Calyrex\n|-singleturn|p1a: Calyrex|Protect\n|move|p2a: Calyrex|Glacial Lance|p1b: Rillaboom|[spread] p1b\n|-activate|p1a: Calyrex|move: Protect\n|-resisted|p1b: Rillaboom\n|-damage|p1b: Rillaboom|57/100\n|move|p2b: Farigiraf|Foul Play|p1a: Calyrex\n|-activate|p1a: Calyrex|move: Protect\n|move|p1b: Rillaboom|Wood Hammer|p2a: Calyrex\n|-supereffective|p2a: Calyrex\n|-damage|p2a: Calyrex|0 fnt\n|faint|p2a: Calyrex\n|-damage|p1b: Rillaboom|22/100|[from] Recoil\n|\n|-heal|p2b: Farigiraf|18/100|[from] Grassy Terrain\n|-heal|p1b: Rillaboom|28/100|[from] Grassy Terrain\n|-heal|p1a: Calyrex|39/100|[from] Grassy Terrain\n|upkeep\n|\n|t:|1746043510\n|switch|p2a: Miraidon|Miraidon, L50|100/100\n|-fieldstart|move: Electric Terrain|[from] ability: Hadron Engine|[of] p2a: Miraidon\n|-enditem|p2b: Farigiraf|Electric Seed\n|-boost|p2b: Farigiraf|def|1|[from] item: Electric Seed\n|turn|4\n|inactive|sorecruiser has 30 seconds left.\n|\n|t:|1746043540\n|move|p2b: Farigiraf|Foul Play|p1a: Calyrex\n|-supereffective|p1a: Calyrex\n|-damage|p1a: Calyrex|0 fnt\n|faint|p1a: Calyrex\n|move|p1b: Rillaboom|U-turn|p2a: Miraidon\n|-damage|p2a: Miraidon|77/100\n|\n|t:|1746043545\n|switch|p1b: Koraidon|Koraidon, L50|100/100|[from] U-turn\n|-weather|SunnyDay|[from] ability: Orichalcum Pulse|[of] p1b: Koraidon\n|-activate|p1b: Koraidon|Orichalcum Pulse|[source]\n|move|p2a: Miraidon|Electro Drift|p1b: Koraidon\n|-resisted|p1b: Koraidon\n|-damage|p1b: Koraidon|49/100\n|\n|-weather|SunnyDay|[upkeep]\n|-sideend|p1: sorecruiser|move: Tailwind\n|upkeep\n|\n|t:|1746043554\n|switch|p1a: Rillaboom|Rillaboom, L50, F, tera:Water|28/100\n|-fieldstart|move: Grassy Terrain|[from] ability: Grassy Surge|[of] p1a: Rillaboom\n|turn|5\n|\n|t:|1746043564\n|move|p1b: Koraidon|Protect|p1b: Koraidon\n|-singleturn|p1b: Koraidon|Protect\n|move|p2b: Farigiraf|Psychic|p1b: Koraidon\n|-activate|p1b: Koraidon|move: Protect\n|move|p1a: Rillaboom|U-turn|p2b: Farigiraf\n|-supereffective|p2b: Farigiraf\n|-damage|p2b: Farigiraf|0 fnt\n|faint|p2b: Farigiraf\n|move|p2a: Miraidon|Electro Drift|p1a: Rillaboom\n|-supereffective|p1a: Rillaboom\n|-damage|p1a: Rillaboom|0 fnt\n|faint|p1a: Rillaboom\n|\n|-weather|SunnyDay|[upkeep]\n|-heal|p1b: Koraidon|56/100|[from] Grassy Terrain\n|-heal|p2a: Miraidon|83/100|[from] Grassy Terrain\n|upkeep\n|turn|6\n|\n|t:|1746043583\n|move|p1b: Koraidon|Collision Course|p2a: Miraidon\n|-damage|p2a: Miraidon|5/100\n|move|p2a: Miraidon|Electro Drift|p1b: Koraidon\n|-resisted|p1b: Koraidon\n|-damage|p1b: Koraidon|25/100\n|\n|-weather|SunnyDay|[upkeep]\n|-heal|p1b: Koraidon|31/100|[from] Grassy Terrain\n|-heal|p2a: Miraidon|11/100|[from] Grassy Terrain\n|-fieldend|move: Trick Room\n|upkeep\n|turn|7\n|\n|t:|1746043595\n|move|p1b: Koraidon|Protect|p1b: Koraidon\n|-singleturn|p1b: Koraidon|Protect\n|move|p2a: Miraidon|Electro Drift|p1b: Koraidon\n|-activate|p1b: Koraidon|move: Protect\n|\n|-weather|SunnyDay|[upkeep]\n|-heal|p2a: Miraidon|17/100|[from] Grassy Terrain\n|-heal|p1b: Koraidon|37/100|[from] Grassy Terrain\n|upkeep\n|turn|8\n|\n|t:|1746043605\n|move|p2a: Miraidon|Electro Drift|p1b: Koraidon\n|-resisted|p1b: Koraidon\n|-damage|p1b: Koraidon|10/100\n|move|p1b: Koraidon|Collision Course|p2a: Miraidon\n|-damage|p2a: Miraidon|0 fnt\n|faint|p2a: Miraidon\n|\n|win|sorecruiser\n||sparrow.d.ace is ready for game 2.\n|inactive|sorecruiser has 30 seconds to confirm battle start!\n||sorecruiser is ready for game 2.\n|uhtml|next|Next: <a href=\"/battle-gen9vgc2025regibo3-2354196649\"><strong>Game 2 of 3</strong></a>\n", "uploadtime": 1746043614, "views": 33, "formatid": "gen9vgc2025regibo3", "rating": null, "private": 0, "password": null}