{"id": "gen9vgc2025regibo3-2354453684", "format": "[Gen 9] VGC 2025 Reg I (Bo3)", "players": ["Ismaaelh_", "Geopocket"], "log": "|j|\u2606Ismaaelh_\n|j|\u2606Geopocket\n|html|<table width=\"100%\"><tr><td align=\"left\">Ismaaelh_</td><td align=\"right\">Geopocket</tr><tr><td align=\"left\"><i class=\"fa fa-circle-o\"></i> <i class=\"fa fa-circle-o\"></i> </td><td align=\"right\"><i class=\"fa fa-circle-o\"></i> <i class=\"fa fa-circle-o\"></i> </tr></table>\n|uhtml|bestof|<h2><strong>Game 1</strong> of <a href=\"/game-bestof3-gen9vgc2025regibo3-2354453683\">a best-of-3</a></h2>\n|t:|1746073935\n|gametype|doubles\n|player|p1|Ismaaelh_|170|1215\n|player|p2|Geopocket|juan|1281\n|teamsize|p1|6\n|teamsize|p2|6\n|gen|9\n|tier|[Gen 9] VGC 2025 Reg I (Bo3)\n|rated|\n|rule|Species Clause: Limit one of each Pok\u00e9mon\n|rule|Item Clause: Limit 1 of each item\n|clearpoke\n|poke|p1|Grimmsnarl, L50, M|\n|poke|p1|Miraidon, L50|\n|poke|p1|Incineroar, L50, M|\n|poke|p1|Landorus, L50, M|\n|poke|p1|Groudon, L50|\n|poke|p1|Raging Bolt, L50|\n|poke|p2|Koraidon, L50|\n|poke|p2|Lunala, L50|\n|poke|p2|Raging Bolt, L50|\n|poke|p2|Chi-Yu, L50|\n|poke|p2|Flutter Mane, L50|\n|poke|p2|Brute Bonnet, L50|\n|teampreview|4\n|showteam|p1|Grimmsnarl||CovertCloak|Prankster|SpiritBreak,Reflect,LightScreen,ThunderWave|||M|||50|,,,,,Steel]Miraidon||ChoiceSpecs|HadronEngine|ElectroDrift,Overheat,DracoMeteor,DazzlingGleam||||||50|,,,,,Fairy]Incineroar||RockyHelmet|Intimidate|FakeOut,ScaryFace,FlareBlitz,KnockOff|||M|||50|,,,,,Ghost]Landorus||ChoiceScarf|SheerForce|EarthPower,SludgeBomb,SandsearStorm,Crunch|||M|||50|,,,,,Water]Groudon||AssaultVest|Drought|PrecipiceBlades,HeatCrash,HighHorsepower,ThunderPunch||||||50|,,,,,Fire]Raging Bolt||LifeOrb|Protosynthesis|Electroweb,Thunderclap,DracoMeteor,RisingVoltage||||||50|,,,,,Electric\n|showteam|p2|Koraidon||LifeOrb|OrichalcumPulse|CloseCombat,FlareBlitz,FlameCharge,Protect||||||50|,,,,,Fire]Lunala||PowerHerb|ShadowShield|MoongeistBeam,MeteorBeam,TrickRoom,WideGuard||||||50|,,,,,Water]Raging Bolt||SafetyGoggles|Protosynthesis|Thunderbolt,DracoMeteor,Thunderclap,Protect||||||50|,,,,,Electric]Chi-Yu||ChoiceScarf|BeadsofRuin|HeatWave,DarkPulse,Snarl,Overheat||||||50|,,,,,Ghost]Flutter Mane||FocusSash|Protosynthesis|Moonblast,IcyWind,ShadowBall,Protect||||||50|,,,,,Normal]Brute Bonnet||CovertCloak|Protosynthesis|Spore,RagePowder,SuckerPunch,SeedBomb||||||50|,,,,,Water\n|inactive|Battle timer is ON: inactive players will automatically lose when time's up. (requested by Ismaaelh_)\n|\n|t:|1746074005\n|start\n|switch|p1a: Grimmsnarl|Grimmsnarl, L50, M, shiny|100/100\n|switch|p1b: Groudon|Groudon, L50|100/100\n|switch|p2a: Chi-Yu|Chi-Yu, L50|100/100\n|switch|p2b: Flutter Mane|Flutter Mane, L50|100/100\n|-ability|p2a: Chi-Yu|Beads of Ruin\n|-weather|SunnyDay|[from] ability: Drought|[of] p1b: Groudon\n|-activate|p2b: Flutter Mane|ability: Protosynthesis\n|-start|p2b: Flutter Mane|protosynthesisspe\n|turn|1\n|inactive|Ismaaelh_ has 30 seconds left.\n|\n|t:|1746074036\n|move|p2b: Flutter Mane|Protect|p2b: Flutter Mane\n|-singleturn|p2b: Flutter Mane|Protect\n|move|p1a: Grimmsnarl|Thunder Wave|p2b: Flutter Mane\n|-activate|p2b: Flutter Mane|move: Protect\n|move|p2a: Chi-Yu|Overheat|p1a: Grimmsnarl\n|-damage|p1a: Grimmsnarl|0 fnt\n|-unboost|p2a: Chi-Yu|spa|2\n|faint|p1a: Grimmsnarl\n|move|p1b: Groudon|Precipice Blades|p2a: Chi-Yu|[spread] p2a\n|-activate|p2b: Flutter Mane|move: Protect\n|-supereffective|p2a: Chi-Yu\n|-damage|p2a: Chi-Yu|0 fnt\n|faint|p2a: Chi-Yu\n|\n|-weather|SunnyDay|[upkeep]\n|upkeep\n|\n|t:|1746074054\n|switch|p2a: Koraidon|Koraidon, L50|100/100\n|switch|p1a: Raging Bolt|Raging Bolt, L50|100/100\n|-activate|p2a: Koraidon|ability: Orichalcum Pulse\n|-activate|p1a: Raging Bolt|ability: Protosynthesis\n|-start|p1a: Raging Bolt|protosynthesisspa\n|turn|2\n|\n|t:|1746074072\n|-terastallize|p1a: Raging Bolt|Electric\n|move|p2a: Koraidon|Protect|p2a: Koraidon\n|-singleturn|p2a: Koraidon|Protect\n|move|p1a: Raging Bolt|Thunderclap|p2b: Flutter Mane\n|-enditem|p2b: Flutter Mane|Focus Sash\n|-damage|p2b: Flutter Mane|1/100\n|-damage|p1a: Raging Bolt|91/100|[from] item: Life Orb\n|move|p2b: Flutter Mane|Moonblast|p1a: Raging Bolt\n|-damage|p1a: Raging Bolt|49/100\n|-unboost|p1a: Raging Bolt|spa|1\n|move|p1b: Groudon|Precipice Blades|p2b: Flutter Mane|[spread] p2b\n|-activate|p2a: Koraidon|move: Protect\n|-crit|p2b: Flutter Mane\n|-damage|p2b: Flutter Mane|0 fnt\n|faint|p2b: Flutter Mane\n|-end|p2b: Flutter Mane|Protosynthesis|[silent]\n|\n|-weather|SunnyDay|[upkeep]\n|upkeep\n|\n|t:|1746074088\n|switch|p2b: Lunala|Lunala, L50|100/100\n|turn|3\n|\n|t:|1746074103\n|-end|p1a: Raging Bolt|Protosynthesis|[silent]\n|switch|p1a: Miraidon|Miraidon, L50|100/100\n|-fieldstart|move: Electric Terrain|[from] ability: Hadron Engine|[of] p1a: Miraidon\n|-terastallize|p2a: Koraidon|Fire\n|move|p2a: Koraidon|Flare Blitz|p1b: Groudon\n|-damage|p1b: Groudon|0 fnt\n|faint|p1b: Groudon\n|-damage|p2a: Koraidon|63/100|[from] Recoil\n|-damage|p2a: Koraidon|53/100|[from] item: Life Orb\n|move|p2b: Lunala|Meteor Beam||[still]\n|-prepare|p2b: Lunala|Meteor Beam\n|-boost|p2b: Lunala|spa|1\n|-enditem|p2b: Lunala|Power Herb\n|-anim|p2b: Lunala|Meteor Beam|p1a: Miraidon\n|-damage|p1a: Miraidon|42/100\n|\n|-weather|SunnyDay|[upkeep]\n|upkeep\n|\n|t:|1746074119\n|switch|p1b: Raging Bolt|Raging Bolt, L50, tera:Electric|49/100\n|-activate|p1b: Raging Bolt|ability: Protosynthesis\n|-start|p1b: Raging Bolt|protosynthesisspa\n|turn|4\n|\n|t:|1746074135\n|move|p1b: Raging Bolt|Thunderclap|p2a: Koraidon\n|-damage|p2a: Koraidon|0 fnt\n|faint|p2a: Koraidon\n|-damage|p1b: Raging Bolt|39/100|[from] item: Life Orb\n|move|p1a: Miraidon|Electro Drift|p2b: Lunala\n|-damage|p2b: Lunala|54/100\n|move|p2b: Lunala|Moongeist Beam|p1a: Miraidon\n|-damage|p1a: Miraidon|0 fnt\n|faint|p1a: Miraidon\n|\n|-weather|SunnyDay|[upkeep]\n|upkeep\n|turn|5\n|inactive|Ismaaelh_ has 30 seconds left.\n|\n|t:|1746074161\n|move|p1b: Raging Bolt|Thunderclap|p2b: Lunala\n|-damage|p2b: Lunala|0 fnt\n|faint|p2b: Lunala\n|-damage|p1b: Raging Bolt|29/100|[from] item: Life Orb\n|\n|win|Ismaaelh_\n||Geopocket is ready for game 2.\n||Ismaaelh_ is ready for game 2.\n|uhtml|next|Next: <a href=\"/battle-gen9vgc2025regibo3-2354455152\"><strong>Game 2 of 3</strong></a>\n|l|\u2606Geopocket\n|player|p2|\n", "uploadtime": 1746074524, "views": 7, "formatid": "gen9vgc2025regibo3", "rating": null, "private": 0, "password": null}