{"id": "gen9vgc2025regibo3-2353711742", "format": "[Gen 9] VGC 2025 Reg I (Bo3)", "players": ["R4ka", "Comedier"], "log": "|j|\u2606R4ka\n|j|\u2606Comedier\n|html|<table width=\"100%\"><tr><td align=\"left\">R4ka</td><td align=\"right\">Comedier</tr><tr><td align=\"left\"><i class=\"fa fa-circle-o\"></i> <i class=\"fa fa-circle-o\"></i> </td><td align=\"right\"><i class=\"fa fa-circle-o\"></i> <i class=\"fa fa-circle-o\"></i> </tr></table>\n|uhtml|bestof|<h2><strong>Game 1</strong> of <a href=\"/game-bestof3-gen9vgc2025regibo3-2353711741\">a best-of-3</a></h2>\n|t:|1745987115\n|gametype|doubles\n|player|p1|R4ka|riley|1284\n|player|p2|Comedier|irida|1226\n|teamsize|p1|6\n|teamsize|p2|6\n|gen|9\n|tier|[Gen 9] VGC 2025 Reg I (Bo3)\n|rated|\n|rule|Species Clause: Limit one of each Pok\u00e9mon\n|rule|Item Clause: Limit 1 of each item\n|clearpoke\n|poke|p1|Miraidon, L50|\n|poke|p1|Lunala, L50|\n|poke|p1|Whimsicott, L50, F|\n|poke|p1|Chi-Yu, L50|\n|poke|p1|Urshifu-*, L50, F|\n|poke|p1|Iron Hands, L50|\n|poke|p2|Calyrex-Shadow, L50|\n|poke|p2|Zamazenta-*, L50|\n|poke|p2|Urshifu-*, L50, M|\n|poke|p2|Incineroar, L50, M|\n|poke|p2|Rillaboom, L50, F|\n|poke|p2|Tornadus, L50, M|\n|teampreview|4\n|showteam|p1|Miraidon||ChoiceSpecs|HadronEngine|ElectroDrift,VoltSwitch,DracoMeteor,DazzlingGleam||||||50|,,,,,Fairy]Lunala||ElectricSeed|ShadowShield|MoongeistBeam,Psyshock,TrickRoom,WideGuard||||||50|,,,,,Water]Whimsicott||CovertCloak|Prankster|Moonblast,Tailwind,Encore,LightScreen|||F|||50|,,,,,Dark]Chi-Yu||ChoiceScarf|BeadsofRuin|HeatWave,DarkPulse,Overheat,Snarl||||||50|,,,,,Ghost]Urshifu-Rapid-Strike||FocusSash|UnseenFist|SurgingStrikes,CloseCombat,AquaJet,Detect|||F|||50|,,,,,Stellar]Iron Hands||AssaultVest|QuarkDrive|DrainPunch,LowKick,HeavySlam,FakeOut||||||50|,,,,,Water\n|showteam|p2|Calyrex-Shadow||LifeOrb|AsOneSpectrier|AstralBarrage,Psychic,Substitute,Protect||||||50|,,,,,Grass]Zamazenta-Crowned||RustedShield|DauntlessShield|BodyPress,HeavySlam,WideGuard,Protect||||||50|,,,,,Ghost]Urshifu-Rapid-Strike||ChoiceScarf|UnseenFist|SurgingStrikes,CloseCombat,Uturn,AquaJet|||M|||50|,,,,,Water]Incineroar||RockyHelmet|Intimidate|FakeOut,FlareBlitz,HelpingHand,Uturn|||M|||50|,,,,,Bug]Rillaboom||AssaultVest|GrassySurge|GrassyGlide,FakeOut,WoodHammer,Uturn|||F|||50|,,,,,Water]Tornadus||CovertCloak|Prankster|RainDance,Tailwind,BleakwindStorm,Taunt|||M|||50|,,,,,Dark\n|inactive|Battle timer is ON: inactive players will automatically lose when time's up. (requested by Comedier)\n|inactive|Comedier has 60 seconds left.\n|inactive|R4ka has 60 seconds left.\n|\n|t:|1745987167\n|start\n|switch|p1a: Whimsicott|Whimsicott, L50, F|100/100\n|switch|p1b: Miraidon|Miraidon, L50|100/100\n|switch|p2a: Rillaboom|Rillaboom, L50, F|100/100\n|switch|p2b: Urshifu|Urshifu-Rapid-Strike, L50, M|100/100\n|-fieldstart|move: Electric Terrain|[from] ability: Hadron Engine|[of] p1b: Miraidon\n|-fieldstart|move: Grassy Terrain|[from] ability: Grassy Surge|[of] p2a: Rillaboom\n|turn|1\n|\n|t:|1745987187\n|move|p2a: Rillaboom|Fake Out|p1b: Miraidon\n|-crit|p1b: Miraidon\n|-damage|p1b: Miraidon|80/100\n|move|p2b: Urshifu|U-turn|p1a: Whimsicott\n|-damage|p1a: Whimsicott|74/100\n|\n|t:|1745987193\n|switch|p2b: Zamazenta|Zamazenta-Crowned, L50|100/100|[from] U-turn\n|-ability|p2b: Zamazenta|Dauntless Shield|boost\n|-boost|p2b: Zamazenta|def|1\n|cant|p1b: Miraidon|flinch\n|move|p1a: Whimsicott|Moonblast|p2b: Zamazenta\n|-damage|p2b: Zamazenta|80/100\n|\n|-heal|p1b: Miraidon|86/100|[from] Grassy Terrain\n|-heal|p2b: Zamazenta|86/100|[from] Grassy Terrain\n|-heal|p1a: Whimsicott|80/100|[from] Grassy Terrain\n|upkeep\n|turn|2\n|inactive|Comedier has 30 seconds left.\n|inactive|Comedier has 20 seconds left.\n|\n|t:|1745987228\n|move|p1a: Whimsicott|Tailwind|p1a: Whimsicott\n|-sidestart|p1: R4ka|move: Tailwind\n|move|p1b: Miraidon|Volt Switch|p2a: Rillaboom\n|-resisted|p2a: Rillaboom\n|-damage|p2a: Rillaboom|81/100\n|\n|t:|1745987234\n|switch|p1b: Iron Hands|Iron Hands, L50|100/100|[from] Volt Switch\n|move|p2b: Zamazenta|Body Press|p1b: Iron Hands\n|-damage|p1b: Iron Hands|62/100\n|move|p2a: Rillaboom|U-turn|p1a: Whimsicott\n|-damage|p1a: Whimsicott|56/100\n|\n|t:|1745987257\n|switch|p2a: Calyrex|Calyrex-Shadow, L50|100/100|[from] U-turn\n|-ability|p2a: Calyrex|As One\n|-ability|p2a: Calyrex|Unnerve\n|\n|-heal|p1a: Whimsicott|62/100|[from] Grassy Terrain\n|-heal|p2b: Zamazenta|92/100|[from] Grassy Terrain\n|-heal|p1b: Iron Hands|68/100|[from] Grassy Terrain\n|upkeep\n|turn|3\n|inactive|R4ka has 30 seconds left.\n|\n|t:|1745987286\n|switch|p1a: Chi-Yu|Chi-Yu, L50|100/100\n|-ability|p1a: Chi-Yu|Beads of Ruin\n|move|p2a: Calyrex|Astral Barrage|p1b: Iron Hands|[spread] p1a,p1b\n|-resisted|p1a: Chi-Yu\n|-damage|p1a: Chi-Yu|63/100\n|-damage|p1b: Iron Hands|25/100\n|-damage|p2a: Calyrex|91/100|[from] item: Life Orb\n|move|p2b: Zamazenta|Body Press|p1b: Iron Hands\n|-damage|p1b: Iron Hands|0 fnt\n|faint|p1b: Iron Hands\n|-end|p1b: Iron Hands|Quark Drive|[silent]\n|\n|-heal|p1a: Chi-Yu|69/100|[from] Grassy Terrain\n|-heal|p2a: Calyrex|97/100|[from] Grassy Terrain\n|-heal|p2b: Zamazenta|98/100|[from] Grassy Terrain\n|upkeep\n|\n|t:|1745987303\n|switch|p1b: Miraidon|Miraidon, L50|86/100\n|-fieldstart|move: Electric Terrain|[from] ability: Hadron Engine|[of] p1b: Miraidon\n|turn|4\n|inactive|Comedier has 30 seconds left.\n|inactive|Comedier has 20 seconds left.\n|inactive|Comedier has 15 seconds left.\n|\n|t:|1745987344\n|switch|p2a: Rillaboom|Rillaboom, L50, F|81/100\n|-fieldstart|move: Grassy Terrain|[from] ability: Grassy Surge|[of] p2a: Rillaboom\n|move|p1a: Chi-Yu|Heat Wave|p2a: Rillaboom|[spread] p2a\n|-miss|p1a: Chi-Yu|p2b: Zamazenta\n|-supereffective|p2a: Rillaboom\n|-damage|p2a: Rillaboom|7/100\n|move|p1b: Miraidon|Electro Drift|p2b: Zamazenta\n|-damage|p2b: Zamazenta|20/100\n|move|p2b: Zamazenta|Heavy Slam|p1b: Miraidon\n|-resisted|p1b: Miraidon\n|-damage|p1b: Miraidon|71/100\n|\n|-heal|p1a: Chi-Yu|75/100|[from] Grassy Terrain\n|-heal|p1b: Miraidon|77/100|[from] Grassy Terrain\n|-heal|p2b: Zamazenta|26/100|[from] Grassy Terrain\n|-heal|p2a: Rillaboom|13/100|[from] Grassy Terrain\n|upkeep\n|turn|5\n|inactive|Comedier has 30 seconds left.\n|inactive|Comedier has 20 seconds left.\n|inactive|Comedier has 15 seconds left.\n|inactive|Comedier has 10 seconds left.\n|inactive|Comedier has 5 seconds left.\n|\n|t:|1745987399\n|switch|p1b: Whimsicott|Whimsicott, L50, F|62/100\n|move|p2a: Rillaboom|Grassy Glide|p1a: Chi-Yu\n|-resisted|p1a: Chi-Yu\n|-damage|p1a: Chi-Yu|45/100\n|move|p1a: Chi-Yu|Heat Wave|p2a: Rillaboom|[spread] p2a,p2b\n|-supereffective|p2a: Rillaboom\n|-supereffective|p2b: Zamazenta\n|-damage|p2a: Rillaboom|0 fnt\n|-damage|p2b: Zamazenta|0 fnt\n|faint|p2a: Rillaboom\n|faint|p2b: Zamazenta\n|\n|-heal|p1a: Chi-Yu|51/100|[from] Grassy Terrain\n|-heal|p1b: Whimsicott|68/100|[from] Grassy Terrain\n|-sideend|p1: R4ka|move: Tailwind\n|upkeep\n|\n|t:|1745987404\n|switch|p2b: Calyrex|Calyrex-Shadow, L50|97/100\n|switch|p2a: Urshifu|Urshifu-Rapid-Strike, L50, M|100/100\n|-ability|p2b: Calyrex|As One\n|-ability|p2b: Calyrex|Unnerve\n|turn|6\n|inactive|R4ka has 30 seconds left.\n|inactive|Comedier has 30 seconds left.\n|inactive|Comedier has 20 seconds left.\n|inactive|Comedier has 15 seconds left.\n|inactive|Comedier has 10 seconds left.\n|\n|t:|1745987450\n|move|p2a: Urshifu|Aqua Jet|p1a: Chi-Yu\n|-supereffective|p1a: Chi-Yu\n|-crit|p1a: Chi-Yu\n|-damage|p1a: Chi-Yu|0 fnt\n|faint|p1a: Chi-Yu\n|move|p1b: Whimsicott|Tailwind|p1b: Whimsicott\n|-sidestart|p1: R4ka|move: Tailwind\n|move|p2b: Calyrex|Astral Barrage|p1b: Whimsicott\n|-damage|p1b: Whimsicott|0 fnt\n|faint|p1b: Whimsicott\n|-ability|p2b: Calyrex|Grim Neigh|boost\n|-boost|p2b: Calyrex|spa|1\n|-damage|p2b: Calyrex|87/100|[from] item: Life Orb\n|\n|-heal|p2b: Calyrex|93/100|[from] Grassy Terrain\n|upkeep\n|\n|t:|1745987467\n|switch|p1a: Miraidon|Miraidon, L50|77/100\n|-fieldstart|move: Electric Terrain|[from] ability: Hadron Engine|[of] p1a: Miraidon\n|turn|7\n|\n|t:|1745987486\n|-terastallize|p2b: Calyrex|Grass\n|move|p2a: Urshifu|Aqua Jet|p1a: Miraidon\n|-resisted|p1a: Miraidon\n|-damage|p1a: Miraidon|65/100\n|move|p1a: Miraidon|Electro Drift|p2b: Calyrex\n|-resisted|p2b: Calyrex\n|-damage|p2b: Calyrex|26/100\n|move|p2b: Calyrex|Psychic|p1a: Miraidon\n|-damage|p1a: Miraidon|0 fnt\n|faint|p1a: Miraidon\n|-damage|p2b: Calyrex|16/100|[from] item: Life Orb\n|\n|win|Comedier\n|inactive|R4ka has 30 seconds to confirm battle start!\n|inactive|Comedier has 30 seconds to confirm battle start!\n||Comedier is ready for game 2.\n||R4ka is ready for game 2.\n|uhtml|next|Next: <a href=\"/battle-gen9vgc2025regibo3-2353714288\"><strong>Game 2 of 3</strong></a>\n|l|\u2606Comedier\n|player|p2|\n", "uploadtime": 1745987794, "views": 8, "formatid": "gen9vgc2025regibo3", "rating": null, "private": 0, "password": null}