{"id": "gen9vgc2025regibo3-2354218502", "format": "[Gen 9] VGC 2025 Reg I (Bo3)", "players": ["Chill3d1", "mayorga9099"], "log": "|j|\u2606Chill3d1\n|j|\u2606mayorga9099\n|html|<table width=\"100%\"><tr><td align=\"left\">Chill3d1</td><td align=\"right\">mayorga9099</tr><tr><td align=\"left\"><i class=\"fa fa-circle-o\"></i> <i class=\"fa fa-circle-o\"></i> </td><td align=\"right\"><i class=\"fa fa-circle-o\"></i> <i class=\"fa fa-circle-o\"></i> </tr></table>\n|uhtml|bestof|<h2><strong>Game 1</strong> of <a href=\"/game-bestof3-gen9vgc2025regibo3-2354218501\">a best-of-3</a></h2>\n|t:|1746045809\n|gametype|doubles\n|player|p1|Chill3d1|musician|1081\n|player|p2|mayorga9099|ethan|1147\n|teamsize|p1|6\n|teamsize|p2|6\n|gen|9\n|tier|[Gen 9] VGC 2025 Reg I (Bo3)\n|rated|\n|rule|Species Clause: Limit one of each Pok\u00e9mon\n|rule|Item Clause: Limit 1 of each item\n|clearpoke\n|poke|p1|Smeargle, L50, F|\n|poke|p1|Calyrex-Ice, L50|\n|poke|p1|Ogerpon-Cornerstone, L50, F|\n|poke|p1|Indeedee-F, L50, F|\n|poke|p1|Necrozma-Dawn-Wings, L50|\n|poke|p1|Ursaluna-Bloodmoon, L50, M|\n|poke|p2|Calyrex-Shadow, L50|\n|poke|p2|Ho-Oh, L50|\n|poke|p2|Torkoal, L50, F|\n|poke|p2|Rillaboom, L50, F|\n|poke|p2|Urshifu-*, L50, M|\n|poke|p2|Raging Bolt, L50|\n|teampreview|4\n|showteam|p1|Smeargle||FocusSash|OwnTempo|FakeOut,Spore,Decorate,FollowMe|||F|||50|,,,,,Grass]Calyrex-Ice||ClearAmulet|AsOneGlastrier|GlacialLance,CloseCombat,TrickRoom,Protect||||||50|,,,,,Fire]Ogerpon-Cornerstone||CornerstoneMask|Sturdy|WoodHammer,IvyCudgel,FollowMe,SpikyShield|||F|||50|,,,,,Rock]Indeedee-F||PsychicSeed|PsychicSurge|AlluringVoice,HelpingHand,FollowMe,TrickRoom|||F|||50|,,,,,Fairy]Necrozma-Dawn-Wings||PowerHerb|PrismArmor|MoongeistBeam,MeteorBeam,ExpandingForce,TrickRoom||||||50|,,,,,Water]Ursaluna-Bloodmoon||SilkScarf|MindsEye|HyperVoice,BloodMoon,EarthPower,Protect|||M|||50|,,,,,Normal\n|showteam|p2|Calyrex-Shadow||FocusSash|AsOneSpectrier|AstralBarrage,Psychic,Protect,Encore||||||50|,,,,,Dark]Ho-Oh||RockyHelmet|Regenerator|SacredFire,Recover,Protect,BraveBird||||||50|,,,,,Normal]Torkoal||Charcoal|Drought|Eruption,EarthPower,HeavySlam,Protect|||F|||50|,,,,,Fire]Rillaboom||MiracleSeed|GrassySurge|WoodHammer,GrassyGlide,Uturn,FakeOut|||F|||50|,,,,,Fire]Urshifu-Rapid-Strike||ChoiceScarf|UnseenFist|SurgingStrikes,CloseCombat,Uturn,PoisonJab|||M|||50|,,,,,Water]Raging Bolt||AssaultVest|Protosynthesis|Thunderclap,Electroweb,DracoMeteor,Snarl||||||50|,,,,,Electric\n|inactive|Battle timer is ON: inactive players will automatically lose when time's up. (requested by Chill3d1)\n|\n|t:|1746045840\n|start\n|switch|p1a: Smeargle|Smeargle, L50, F|100/100\n|switch|p1b: Necrozma|Necrozma-Dawn-Wings, L50|100/100\n|switch|p2a: Calyrex|Calyrex-Shadow, L50|100/100\n|switch|p2b: Raging Bolt|Raging Bolt, L50|100/100\n|-ability|p2a: Calyrex|As One\n|-ability|p2a: Calyrex|Unnerve\n|turn|1\n|\n|t:|1746045851\n|-terastallize|p1b: Necrozma|Water\n|move|p1a: Smeargle|Fake Out|p2b: Raging Bolt\n|-damage|p2b: Raging Bolt|97/100\n|move|p2a: Calyrex|Psychic|p1a: Smeargle\n|-enditem|p1a: Smeargle|Focus Sash\n|-damage|p1a: Smeargle|1/100\n|cant|p2b: Raging Bolt|flinch\n|move|p1b: Necrozma|Trick Room|p1b: Necrozma\n|-fieldstart|move: Trick Room|[of] p1b: Necrozma\n|\n|upkeep\n|turn|2\n|\n|t:|1746045874\n|-terastallize|p2b: Raging Bolt|Electric\n|move|p1a: Smeargle|Follow Me|p1a: Smeargle\n|-singleturn|p1a: Smeargle|move: Follow Me\n|move|p1b: Necrozma|Meteor Beam||[still]\n|-prepare|p1b: Necrozma|Meteor Beam\n|-boost|p1b: Necrozma|spa|1\n|-enditem|p1b: Necrozma|Power Herb\n|-anim|p1b: Necrozma|Meteor Beam|p2a: Calyrex|[miss]\n|-miss|p1b: Necrozma|p2a: Calyrex\n|move|p2b: Raging Bolt|Electroweb|p1b: Necrozma|[spread] p1a\n|-miss|p2b: Raging Bolt|p1b: Necrozma\n|-damage|p1a: Smeargle|0 fnt\n|faint|p1a: Smeargle\n|move|p2a: Calyrex|Astral Barrage|p1b: Necrozma\n|-crit|p1b: Necrozma\n|-damage|p1b: Necrozma|19/100\n|\n|upkeep\n|\n|t:|1746045885\n|switch|p1a: Ursaluna|Ursaluna-Bloodmoon, L50, M|100/100\n|turn|3\n|inactive|mayorga9099 has 30 seconds left.\n|\n|t:|1746045911\n|switch|p1b: Calyrex|Calyrex-Ice, L50|100/100\n|-ability|p1b: Calyrex|As One\n|-ability|p1b: Calyrex|Unnerve\n|move|p1a: Ursaluna|Hyper Voice|p2a: Calyrex|[spread] p2a,p2b\n|-damage|p2a: Calyrex|49/100\n|-damage|p2b: Raging Bolt|71/100\n|move|p2b: Raging Bolt|Snarl|p1a: Ursaluna|[spread] p1a,p1b\n|-supereffective|p1b: Calyrex\n|-damage|p1a: Ursaluna|85/100\n|-damage|p1b: Calyrex|81/100\n|-unboost|p1a: Ursaluna|spa|1\n|move|p2a: Calyrex|Psychic|p1a: Ursaluna\n|-damage|p1a: Ursaluna|19/100\n|\n|upkeep\n|turn|4\n|inactive|mayorga9099 has 30 seconds left.\n|\n|t:|1746045937\n|move|p2a: Calyrex|Protect|p2a: Calyrex\n|-singleturn|p2a: Calyrex|Protect\n|move|p1a: Ursaluna|Blood Moon|p2b: Raging Bolt\n|-damage|p2b: Raging Bolt|35/100\n|move|p1b: Calyrex|Glacial Lance|p2b: Raging Bolt|[spread] p2b\n|-activate|p2a: Calyrex|move: Protect\n|-damage|p2b: Raging Bolt|0 fnt\n|faint|p2b: Raging Bolt\n|-end|p2b: Raging Bolt|Protosynthesis|[silent]\n|-ability|p1b: Calyrex|Chilling Neigh|boost\n|-boost|p1b: Calyrex|atk|1\n|\n|upkeep\n|\n|t:|1746045945\n|switch|p2b: Torkoal|Torkoal, L50, F|100/100\n|-weather|SunnyDay|[from] ability: Drought|[of] p2b: Torkoal\n|turn|5\n|\n|t:|1746045957\n|switch|p2a: Ho-Oh|Ho-Oh, L50|100/100\n|move|p1a: Ursaluna|Protect|p1a: Ursaluna\n|-singleturn|p1a: Ursaluna|Protect\n|move|p1b: Calyrex|Protect|p1b: Calyrex\n|-singleturn|p1b: Calyrex|Protect\n|move|p2b: Torkoal|Eruption|p1b: Calyrex|[spread] \n|-activate|p1a: Ursaluna|move: Protect\n|-activate|p1b: Calyrex|move: Protect\n|\n|-weather|SunnyDay|[upkeep]\n|-fieldend|move: Trick Room\n|upkeep\n|turn|6\n|\n|t:|1746045970\n|move|p2a: Ho-Oh|Sacred Fire|p1b: Calyrex\n|-supereffective|p1b: Calyrex\n|-damage|p1b: Calyrex|0 fnt\n|faint|p1b: Calyrex\n|move|p1a: Ursaluna|Earth Power|p2b: Torkoal\n|-supereffective|p2b: Torkoal\n|-damage|p2b: Torkoal|5/100\n|-unboost|p2b: Torkoal|spd|1\n|move|p2b: Torkoal|Earth Power|p1a: Ursaluna\n|-damage|p1a: Ursaluna|0 fnt\n|faint|p1a: Ursaluna\n|\n|-weather|SunnyDay|[upkeep]\n|upkeep\n|\n|t:|1746045974\n|switch|p1b: Necrozma|Necrozma-Dawn-Wings, L50, tera:Water|19/100\n|turn|7\n|-message|Chill3d1 forfeited.\n|\n|win|mayorga9099\n|l|\u2606Chill3d1\n|player|p1|\n|raw|Chill3d1's rating: 1081 &rarr; <strong>1063</strong><br />(-18 for losing)\n|raw|mayorga9099's rating: 1147 &rarr; <strong>1167</strong><br />(+20 for winning)\n|c|\u2606mayorga9099|Que gay !\n", "uploadtime": 1746046136, "views": 17, "formatid": "gen9vgc2025regibo3", "rating": 1063, "private": 0, "password": null}