{"id": "gen9vgc2025regibo3-2354634984", "format": "[Gen 9] VGC 2025 Reg I (Bo3)", "players": ["pmrons", "Haphonghaha"], "log": "|j|\u2606pmrons\n|j|\u2606Haphonghaha\n|html|<table width=\"100%\"><tr><td align=\"left\">pmrons</td><td align=\"right\">Haphonghaha</tr><tr><td align=\"left\"><i class=\"fa fa-circle-o\"></i> <i class=\"fa fa-circle-o\"></i> </td><td align=\"right\"><i class=\"fa fa-circle-o\"></i> <i class=\"fa fa-circle\"></i> </tr></table>\n|uhtml|bestof|<h2><strong>Game 2</strong> of <a href=\"/game-bestof3-gen9vgc2025regibo3-2354632908\">a best-of-3</a></h2>\n|t:|1746105467\n|gametype|doubles\n|player|p1|pmrons|169|\n|player|p2|Haphonghaha|169|\n|teamsize|p1|4\n|teamsize|p2|4\n|gen|9\n|tier|[Gen 9] VGC 2025 Reg I (Bo3)\n|rule|Species Clause: Limit one of each Pok\u00e9mon\n|rule|Item Clause: Limit 1 of each item\n|clearpoke\n|poke|p1|Calyrex-Shadow, L50|\n|poke|p1|Indeedee-F, L50, F|\n|poke|p1|Koraidon, L50|\n|poke|p1|Flutter Mane, L50|\n|poke|p2|Koraidon, L50|\n|poke|p2|Greninja-*, L50, M|\n|poke|p2|Zacian-*, L50|\n|poke|p2|Magnezone, L50|\n|teampreview|4\n|showteam|p1|Calyrex-Shadow||ChoiceSpecs|AsOneSpectrier|AstralBarrage,ExpandingForce,GigaDrain,PollenPuff||||||50|,,,,,Grass]Indeedee-F||PsychicSeed|PsychicSurge|FollowMe,Psyshock,HelpingHand,HealPulse|||F|||50|,,,,,Normal]Koraidon||ChoiceBand|OrichalcumPulse|CollisionCourse,DragonClaw,FlareBlitz,Uturn||||||50|,,,,,Fire]Flutter Mane||FocusSash|Protosynthesis|Psyshock,DazzlingGleam,ShadowBall,PowerGem||||||50|,,,,,Fairy\n|showteam|p2|Koraidon||FocusSash|OrichalcumPulse|CloseCombat,DragonClaw,FlareBlitz,Outrage||||||50|,,,,,Fighting]Greninja||SitrusBerry|Protean|DarkPulse,Extrasensory,IceBeam,HydroPump|||M|||50|,,,,,Water]Zacian-Crowned||RustedSword|IntrepidSword|CloseCombat,Agility,behemothblade,PlayRough||||||50|,,,,,Fairy]Magnezone||LifeOrb|Sturdy|Protect,Thunderbolt,ThunderWave,FlashCannon||||||50|,,,,,Electric\n|\n|t:|1746105483\n|start\n|switch|p1a: Flutter Mane|Flutter Mane, L50|100/100\n|switch|p1b: Koraidon|Koraidon, L50|100/100\n|switch|p2a: Zacian|Zacian-Crowned, L50|100/100\n|switch|p2b: Magnezone|Magnezone, L50|100/100\n|-weather|SunnyDay|[from] ability: Orichalcum Pulse|[of] p1b: Koraidon\n|-activate|p1a: Flutter Mane|ability: Protosynthesis\n|-start|p1a: Flutter Mane|protosynthesisspe\n|-activate|p1b: Koraidon|Orichalcum Pulse|[source]\n|-ability|p2a: Zacian|Intrepid Sword|boost\n|-boost|p2a: Zacian|atk|1\n|turn|1\n|\n|t:|1746105508\n|-terastallize|p1b: Koraidon|Fire\n|-terastallize|p2a: Zacian|Fairy\n|move|p1a: Flutter Mane|Shadow Ball|p2a: Zacian\n|-crit|p2a: Zacian\n|-damage|p2a: Zacian|44/100\n|move|p1b: Koraidon|Flare Blitz|p2a: Zacian\n|-damage|p2a: Zacian|0 fnt\n|faint|p2a: Zacian\n|-damage|p1b: Koraidon|86/100|[from] Recoil\n|move|p2b: Magnezone|Thunder Wave|p1a: Flutter Mane\n|-status|p1a: Flutter Mane|par\n|\n|-weather|SunnyDay|[upkeep]\n|upkeep\n|\n|t:|1746105525\n|switch|p2a: Greninja|Greninja, L50, M|100/100\n|turn|2\n|\n|t:|1746105539\n|switch|p1b: Indeedee|Indeedee-F, L50, F|100/100\n|-fieldstart|move: Psychic Terrain|[from] ability: Psychic Surge|[of] p1b: Indeedee\n|-enditem|p1b: Indeedee|Psychic Seed\n|-boost|p1b: Indeedee|spd|1|[from] item: Psychic Seed\n|move|p2a: Greninja|Hydro Pump|p1b: Indeedee\n|-start|p2a: Greninja|typechange|Water|[from] ability: Protean\n|-damage|p1b: Indeedee|86/100\n|move|p1a: Flutter Mane|Dazzling Gleam|p2a: Greninja|[spread] p2a,p2b\n|-resisted|p2b: Magnezone\n|-damage|p2a: Greninja|57/100\n|-damage|p2b: Magnezone|82/100\n|move|p2b: Magnezone|Thunder Wave|p1b: Indeedee\n|-status|p1b: Indeedee|par\n|\n|-weather|SunnyDay|[upkeep]\n|upkeep\n|turn|3\n|\n|t:|1746105573\n|move|p1b: Indeedee|Follow Me|p1b: Indeedee\n|-singleturn|p1b: Indeedee|move: Follow Me\n|move|p2a: Greninja|Dark Pulse|p1b: Indeedee\n|-supereffective|p1b: Indeedee\n|-damage|p1b: Indeedee|56/100 par\n|move|p1a: Flutter Mane|Shadow Ball|p2a: Greninja\n|-damage|p2a: Greninja|3/100\n|-enditem|p2a: Greninja|Sitrus Berry|[eat]\n|-heal|p2a: Greninja|28/100|[from] item: Sitrus Berry\n|move|p2b: Magnezone|Flash Cannon|p1b: Indeedee\n|-damage|p1b: Indeedee|21/100 par\n|-damage|p2b: Magnezone|72/100|[from] item: Life Orb\n|\n|-weather|SunnyDay|[upkeep]\n|upkeep\n|turn|4\n|\n|t:|1746105597\n|move|p1b: Indeedee|Follow Me|p1b: Indeedee\n|-singleturn|p1b: Indeedee|move: Follow Me\n|move|p2a: Greninja|Dark Pulse|p1b: Indeedee\n|-supereffective|p1b: Indeedee\n|-damage|p1b: Indeedee|0 fnt\n|faint|p1b: Indeedee\n|cant|p1a: Flutter Mane|par\n|move|p2b: Magnezone|Flash Cannon|p1a: Flutter Mane\n|-supereffective|p1a: Flutter Mane\n|-enditem|p1a: Flutter Mane|Focus Sash\n|-damage|p1a: Flutter Mane|1/100 par\n|-damage|p2b: Magnezone|63/100|[from] item: Life Orb\n|\n|-weather|SunnyDay|[upkeep]\n|upkeep\n|\n|t:|1746105610\n|switch|p1b: Calyrex|Calyrex-Shadow, L50|100/100\n|-ability|p1b: Calyrex|As One\n|-ability|p1b: Calyrex|Unnerve\n|turn|5\n|\n|t:|1746105622\n|move|p1b: Calyrex|Astral Barrage|p2a: Greninja|[spread] p2a,p2b\n|-crit|p2b: Magnezone\n|-damage|p2a: Greninja|0 fnt\n|-damage|p2b: Magnezone|0 fnt\n|faint|p2a: Greninja\n|faint|p2b: Magnezone\n|-ability|p1b: Calyrex|Grim Neigh|boost\n|-boost|p1b: Calyrex|spa|2\n|move|p1a: Flutter Mane|Shadow Ball|p2: Greninja|[notarget]\n|-fail|p1a: Flutter Mane\n|\n|-weather|none\n|-end|p1a: Flutter Mane|Protosynthesis\n|upkeep\n|\n|t:|1746105642\n|switch|p2a: Koraidon|Koraidon, L50|100/100\n|-weather|SunnyDay|[from] ability: Orichalcum Pulse|[of] p2a: Koraidon\n|-activate|p1a: Flutter Mane|ability: Protosynthesis\n|-start|p1a: Flutter Mane|protosynthesisspe\n|-activate|p2a: Koraidon|Orichalcum Pulse|[source]\n|turn|6\n|\n|t:|1746105662\n|move|p1b: Calyrex|Astral Barrage|p2a: Koraidon\n|-enditem|p2a: Koraidon|Focus Sash\n|-damage|p2a: Koraidon|1/100\n|move|p2a: Koraidon|Outrage|p1a: Flutter Mane\n|-immune|p1a: Flutter Mane\n|cant|p1a: Flutter Mane|par\n|\n|-weather|SunnyDay|[upkeep]\n|-fieldend|move: Psychic Terrain\n|upkeep\n|turn|7\n|\n|t:|1746105676\n|move|p1b: Calyrex|Astral Barrage|p2a: Koraidon\n|-damage|p2a: Koraidon|0 fnt\n|faint|p2a: Koraidon\n|\n|win|pmrons\n|l|\u2606pmrons\n|player|p1|\n|inactive|pmrons has 30 seconds to confirm battle start!\n|inactive|Haphonghaha has 30 seconds to confirm battle start!\n||pmrons is ready for game 3.\n||Haphonghaha is ready for game 3.\n|uhtml|next|Next: <a href=\"/battle-gen9vgc2025regibo3-2354636996\"><strong>Game 3 of 3</strong></a>\n|l|\u2606Haphonghaha\n|player|p2|\n", "uploadtime": 1746106043, "views": 5, "formatid": "gen9vgc2025regibo3", "rating": null, "private": 0, "password": null}