{"id": "gen9vgc2025regibo3-2354218173", "format": "[Gen 9] VGC 2025 Reg I (Bo3)", "players": ["TreTrainer5252", "DragonExzect"], "log": "|j|\u2606TreTrainer5252\n|j|\u2606DragonExzect\n|html|<table width=\"100%\"><tr><td align=\"left\">TreTrainer5252</td><td align=\"right\">DragonExzect</tr><tr><td align=\"left\"><i class=\"fa fa-circle\"></i> <i class=\"fa fa-circle-o\"></i> </td><td align=\"right\"><i class=\"fa fa-circle-o\"></i> <i class=\"fa fa-circle-o\"></i> </tr></table>\n|uhtml|bestof|<h2><strong>Game 2</strong> of <a href=\"/game-bestof3-gen9vgc2025regibo3-2354215685\">a best-of-3</a></h2>\n|t:|1746045776\n|gametype|doubles\n|player|p1|TreTrainer5252|linebacker|1077\n|player|p2|DragonExzect|1|1093\n|teamsize|p1|6\n|teamsize|p2|6\n|gen|9\n|tier|[Gen 9] VGC 2025 Reg I (Bo3)\n|rated|\n|rule|Species Clause: Limit one of each Pok\u00e9mon\n|rule|Item Clause: Limit 1 of each item\n|clearpoke\n|poke|p1|Tornadus, L50, M|\n|poke|p1|Kyogre, L50|\n|poke|p1|Iron Crown, L50|\n|poke|p1|Iron Hands, L50|\n|poke|p1|Indeedee-F, L50, F|\n|poke|p1|Zamazenta-*, L50|\n|poke|p2|Dragonite, L50, M|\n|poke|p2|Calyrex-Shadow, L50|\n|poke|p2|Chi-Yu, L50|\n|poke|p2|Indeedee-F, L50, F|\n|poke|p2|Kyurem-White, L50|\n|poke|p2|Urshifu-*, L50, M|\n|teampreview|4\n|showteam|p1|Tornadus||MentalHerb|Prankster|Taunt,Tailwind,RainDance,BleakwindStorm|||M|||50|,,,,,Ghost]Kyogre||ChoiceScarf|Drizzle|Thunder,IceBeam,WaterSpout,HydroPump||||||50|,,,,,Grass]Iron Crown||BoosterEnergy|QuarkDrive|Protect,FocusBlast,TachyonCutter,ExpandingForce||||||50|,,,,,Ground]Iron Hands||AssaultVest|QuarkDrive|FakeOut,HeavySlam,DrainPunch,WildCharge||||||50|,,,,,Water]Indeedee-F||RedCard|PsychicSurge|FollowMe,TrickRoom,HelpingHand,DazzlingGleam|||F|||50|,,,,,Dragon]Zamazenta-Crowned||RustedShield|DauntlessShield|Protect,BodyPress,WideGuard,IronDefense||||||50|,,,,,Water\n|showteam|p2|Dragonite||CovertCloak|Multiscale|Tailwind,ExtremeSpeed,StompingTantrum,Outrage|||M|||50|,,,,,Normal]Calyrex-Shadow||LifeOrb|AsOneSpectrier|ExpandingForce,AstralBarrage,NastyPlot,Protect||||||50|,,,,,Normal]Chi-Yu||ChoiceScarf|BeadsofRuin|HeatWave,Snarl,DarkPulse,TeraBlast||||||50|,,,,,Grass]Indeedee-F||PsychicSeed|PsychicSurge|FollowMe,TrickRoom,HelpingHand,DazzlingGleam|||F|||50|,,,,,Fairy]Kyurem-White||ChoiceSpecs|Turboblaze|FreezeDry,DracoMeteor,FusionFlare,EarthPower||||||50|,,,,,Fire]Urshifu-Rapid-Strike||FocusSash|UnseenFist|CloseCombat,SurgingStrikes,IronHead,Detect|||M|||50|,,,,,Steel\n|\n|t:|1746045800\n|start\n|switch|p1a: ZOGO|Zamazenta-Crowned, L50|100/100\n|switch|p1b: Elemento|Kyogre, L50|100/100\n|switch|p2a: Calyrex|Calyrex-Shadow, L50|100/100\n|switch|p2b: Chi-Yu|Chi-Yu, L50|100/100\n|-ability|p2a: Calyrex|As One\n|-ability|p2a: Calyrex|Unnerve\n|-weather|RainDance|[from] ability: Drizzle|[of] p1b: Elemento\n|-ability|p2b: Chi-Yu|Beads of Ruin\n|-ability|p1a: ZOGO|Dauntless Shield|boost\n|-boost|p1a: ZOGO|def|1\n|turn|1\n|\n|t:|1746045807\n|-terastallize|p2b: Chi-Yu|Grass\n|move|p1a: ZOGO|Wide Guard|p1a: ZOGO\n|-singleturn|p1a: ZOGO|Wide Guard\n|move|p1b: Elemento|Water Spout|p2b: Chi-Yu|[spread] p2a,p2b\n|-resisted|p2b: Chi-Yu\n|-damage|p2a: Calyrex|0 fnt\n|-damage|p2b: Chi-Yu|43/100\n|faint|p2a: Calyrex\n|move|p2b: Chi-Yu|Tera Blast|p1b: Elemento|[anim] Tera Blast Grass\n|-supereffective|p1b: Elemento\n|-damage|p1b: Elemento|14/100\n|\n|-weather|RainDance|[upkeep]\n|upkeep\n|\n|t:|1746045815\n|switch|p2a: Dragonite|Dragonite, L50, M, shiny|100/100\n|turn|2\n|\n|t:|1746045830\n|switch|p1b: Thorton|Iron Crown, L50|100/100\n|-enditem|p1b: Thorton|Booster Energy\n|-activate|p1b: Thorton|ability: Quark Drive|[fromitem]\n|-start|p1b: Thorton|quarkdrivespa\n|switch|p2b: Kyurem|Kyurem-White, L50|100/100\n|-ability|p2b: Kyurem|Turboblaze\n|move|p2a: Dragonite|Extreme Speed|p1b: Thorton\n|-resisted|p1b: Thorton\n|-crit|p1b: Thorton\n|-damage|p1b: Thorton|78/100\n|move|p1a: ZOGO|Body Press|p2b: Kyurem\n|-supereffective|p2b: Kyurem\n|-damage|p2b: Kyurem|0 fnt\n|faint|p2b: Kyurem\n|\n|-weather|RainDance|[upkeep]\n|upkeep\n|\n|t:|1746045844\n|switch|p2b: Chi-Yu|Chi-Yu, L50, tera:Grass|43/100\n|-ability|p2b: Chi-Yu|Beads of Ruin\n|turn|3\n|\n|t:|1746045856\n|move|p2b: Chi-Yu|Heat Wave|p1a: ZOGO|[spread] p1a,p1b\n|-supereffective|p1a: ZOGO\n|-supereffective|p1b: Thorton\n|-damage|p1a: ZOGO|64/100\n|-damage|p1b: Thorton|38/100\n|-status|p1a: ZOGO|brn\n|-status|p1b: Thorton|brn\n|move|p1a: ZOGO|Body Press|p2b: Chi-Yu\n|-damage|p2b: Chi-Yu|0 fnt\n|faint|p2b: Chi-Yu\n|move|p1b: Thorton|Expanding Force|p2a: Dragonite\n|-damage|p2a: Dragonite|76/100\n|move|p2a: Dragonite|Stomping Tantrum|p1b: Thorton\n|-supereffective|p1b: Thorton\n|-damage|p1b: Thorton|0 fnt\n|faint|p1b: Thorton\n|-end|p1b: Thorton|Quark Drive|[silent]\n|\n|-weather|RainDance|[upkeep]\n|-damage|p1a: ZOGO|58/100 brn|[from] brn\n|upkeep\n|\n|t:|1746045876\n|switch|p1b: Elemento|Kyogre, L50|14/100\n|turn|4\n|\n|t:|1746045887\n|switch|p1b: Sesto|Tornadus, L50, M|100/100\n|move|p2a: Dragonite|Extreme Speed|p1b: Sesto\n|-damage|p1b: Sesto|73/100\n|move|p1a: ZOGO|Body Press|p2a: Dragonite\n|-resisted|p2a: Dragonite\n|-damage|p2a: Dragonite|62/100\n|\n|-weather|RainDance|[upkeep]\n|-damage|p1a: ZOGO|52/100 brn|[from] brn\n|upkeep\n|turn|5\n|\n|t:|1746045898\n|move|p1a: ZOGO|Body Press|p2a: Dragonite\n|-resisted|p2a: Dragonite\n|-damage|p2a: Dragonite|49/100\n|move|p1b: Sesto|Bleakwind Storm|p2a: Dragonite\n|-damage|p2a: Dragonite|14/100\n|move|p2a: Dragonite|Stomping Tantrum|p1a: ZOGO\n|-supereffective|p1a: ZOGO\n|-damage|p1a: ZOGO|26/100 brn\n|\n|-weather|none\n|-damage|p1a: ZOGO|20/100 brn|[from] brn\n|upkeep\n|turn|6\n|\n|t:|1746045910\n|move|p2a: Dragonite|Extreme Speed|p1a: ZOGO\n|-resisted|p1a: ZOGO\n|-damage|p1a: ZOGO|13/100 brn\n|move|p1b: Sesto|Tailwind|p1b: Sesto\n|-sidestart|p1: TreTrainer5252|move: Tailwind\n|move|p1a: ZOGO|Body Press|p2a: Dragonite\n|-resisted|p2a: Dragonite\n|-damage|p2a: Dragonite|0 fnt\n|faint|p2a: Dragonite\n|\n|win|TreTrainer5252\n|raw|TreTrainer5252's rating: 1077 &rarr; <strong>1107</strong><br />(+30 for winning)\n|raw|DragonExzect's rating: 1093 &rarr; <strong>1068</strong><br />(-25 for losing)\n", "uploadtime": 1746045919, "views": 6, "formatid": "gen9vgc2025regibo3", "rating": 1068, "private": 0, "password": null}