{"id": "gen9vgc2025regibo3-2354529528", "format": "[Gen 9] VGC 2025 Reg I (Bo3)", "players": ["swayernewb", "melodyrawr"], "log": "|j|\u2606swayernewb\n|j|\u2606melodyrawr\n|html|<table width=\"100%\"><tr><td align=\"left\">swayernewb</td><td align=\"right\">melodyrawr</tr><tr><td align=\"left\"><i class=\"fa fa-circle-o\"></i> <i class=\"fa fa-circle-o\"></i> </td><td align=\"right\"><i class=\"fa fa-circle-o\"></i> <i class=\"fa fa-circle\"></i> </tr></table>\n|uhtml|bestof|<h2><strong>Game 2</strong> of <a href=\"/game-bestof3-gen9vgc2025regibo3-2354528192\">a best-of-3</a></h2>\n|t:|1746088622\n|gametype|doubles\n|player|p1|swayernewb|266|1150\n|player|p2|melodyrawr|guitarist|1052\n|teamsize|p1|6\n|teamsize|p2|6\n|gen|9\n|tier|[Gen 9] VGC 2025 Reg I (Bo3)\n|rated|\n|rule|Species Clause: Limit one of each Pok\u00e9mon\n|rule|Item Clause: Limit 1 of each item\n|clearpoke\n|poke|p1|Lunala, L50|\n|poke|p1|Koraidon, L50|\n|poke|p1|Chi-Yu, L50|\n|poke|p1|Ursaluna, L50, F|\n|poke|p1|Brute Bonnet, L50|\n|poke|p1|Flutter Mane, L50|\n|poke|p2|Koraidon, L50|\n|poke|p2|Lunala, L50|\n|poke|p2|Ursaluna, L50, M|\n|poke|p2|Chi-Yu, L50|\n|poke|p2|Flutter Mane, L50|\n|poke|p2|Brute Bonnet, L50|\n|teampreview|4\n|showteam|p1|Lunala||PowerHerb|ShadowShield|MoongeistBeam,MeteorBeam,WideGuard,TrickRoom||||||50|,,,,,Water]Koraidon||LifeOrb|OrichalcumPulse|FlameCharge,FlareBlitz,CloseCombat,Protect||||||50|,,,,,Fire]Chi-Yu||ChoiceScarf|BeadsofRuin|Snarl,HeatWave,DarkPulse,Overheat||||||50|,,,,,Ghost]Ursaluna||FlameOrb|Guts|Facade,HeadlongRush,Earthquake,Protect|||F|||50|,,,,,Ghost]Brute Bonnet||CovertCloak|Protosynthesis|SeedBomb,SuckerPunch,Spore,RagePowder||||||50|,,,,,Water]Flutter Mane||FocusSash|Protosynthesis|Moonblast,IcyWind,ShadowBall,Protect||||||50|,,,,,Normal\n|showteam|p2|Koraidon||LifeOrb|OrichalcumPulse|FlareBlitz,CloseCombat,FlameCharge,Protect||||||50|,,,,,Fire]Lunala||PowerHerb|ShadowShield|MoongeistBeam,MeteorBeam,TrickRoom,WideGuard||||||50|,,,,,Water]Ursaluna||FlameOrb|Guts|Facade,HeadlongRush,Earthquake,Protect|||M|||50|,,,,,Ghost]Chi-Yu||ChoiceScarf|BeadsofRuin|HeatWave,DarkPulse,Snarl,Overheat||||||50|,,,,,Ghost]Flutter Mane||FocusSash|Protosynthesis|Moonblast,ShadowBall,IcyWind,Protect||||||50|,,,,,Normal]Brute Bonnet||CovertCloak|Protosynthesis|Spore,RagePowder,SuckerPunch,SeedBomb||||||50|,,,,,Water\n|j| Nocturne1023\n|\n|t:|1746088658\n|start\n|switch|p1a: Koraidon|Koraidon, L50|100/100\n|switch|p1b: Flutter Mane|Flutter Mane, L50|100/100\n|switch|p2a: Selene|Lunala, L50|100/100\n|switch|p2b: Phoebe|Ursaluna, L50, M|100/100\n|-weather|SunnyDay|[from] ability: Orichalcum Pulse|[of] p1a: Koraidon\n|-activate|p1b: Flutter Mane|ability: Protosynthesis\n|-start|p1b: Flutter Mane|protosynthesisspe\n|-activate|p1a: Koraidon|Orichalcum Pulse|[source]\n|turn|1\n|\n|t:|1746088697\n|switch|p1a: Lunala|Lunala, L50|100/100\n|move|p2b: Phoebe|Protect|p2b: Phoebe\n|-singleturn|p2b: Phoebe|Protect\n|move|p1b: Flutter Mane|Shadow Ball|p2a: Selene\n|-supereffective|p2a: Selene\n|-damage|p2a: Selene|35/100\n|move|p2a: Selene|Trick Room|p2a: Selene\n|-fieldstart|move: Trick Room|[of] p2a: Selene\n|\n|-weather|SunnyDay|[upkeep]\n|-status|p2b: Phoebe|brn|[from] item: Flame Orb\n|upkeep\n|turn|2\n|\n|t:|1746088762\n|switch|p2a: Artemis|Brute Bonnet, L50|100/100\n|-activate|p2a: Artemis|ability: Protosynthesis\n|-start|p2a: Artemis|protosynthesisatk\n|move|p2b: Phoebe|Earthquake|p1b: Flutter Mane|[spread] p2a,p1a,p1b\n|-resisted|p2a: Artemis\n|-damage|p2a: Artemis|80/100\n|-damage|p1a: Lunala|70/100\n|-enditem|p1b: Flutter Mane|Focus Sash\n|-damage|p1b: Flutter Mane|1/100\n|move|p1a: Lunala|Moongeist Beam|p2a: Artemis\n|-resisted|p2a: Artemis\n|-crit|p2a: Artemis\n|-damage|p2a: Artemis|50/100\n|move|p1b: Flutter Mane|Moonblast|p2b: Phoebe\n|-damage|p2b: Phoebe|55/100 brn\n|\n|-weather|SunnyDay|[upkeep]\n|-damage|p2b: Phoebe|49/100 brn|[from] brn\n|upkeep\n|turn|3\n|\n|t:|1746088820\n|move|p1b: Flutter Mane|Protect|p1b: Flutter Mane\n|-singleturn|p1b: Flutter Mane|Protect\n|move|p2a: Artemis|Sucker Punch|p1a: Lunala\n|-supereffective|p1a: Lunala\n|-damage|p1a: Lunala|0 fnt\n|faint|p1a: Lunala\n|move|p2b: Phoebe|Earthquake|p1b: Flutter Mane|[spread] p2a\n|-activate|p1b: Flutter Mane|move: Protect\n|-resisted|p2a: Artemis\n|-damage|p2a: Artemis|26/100\n|\n|-weather|SunnyDay|[upkeep]\n|-damage|p2b: Phoebe|43/100 brn|[from] brn\n|upkeep\n|\n|t:|1746088836\n|switch|p1a: Koraidon|Koraidon, L50|100/100\n|-activate|p1a: Koraidon|ability: Orichalcum Pulse\n|turn|4\n|\n|t:|1746088865\n|move|p1a: Koraidon|Protect|p1a: Koraidon\n|-singleturn|p1a: Koraidon|Protect\n|move|p2b: Phoebe|Earthquake|p1a: Koraidon|[spread] p2a,p1b\n|-activate|p1a: Koraidon|move: Protect\n|-resisted|p2a: Artemis\n|-damage|p2a: Artemis|2/100\n|-damage|p1b: Flutter Mane|0 fnt\n|faint|p1b: Flutter Mane\n|-end|p1b: Flutter Mane|Protosynthesis|[silent]\n|move|p2a: Artemis|Spore|p1a: Koraidon\n|-activate|p1a: Koraidon|move: Protect\n|\n|-weather|SunnyDay|[upkeep]\n|-damage|p2b: Phoebe|37/100 brn|[from] brn\n|upkeep\n|\n|t:|1746088875\n|switch|p1b: Chi-Yu|Chi-Yu, L50|100/100\n|-ability|p1b: Chi-Yu|Beads of Ruin\n|turn|5\n|\n|t:|1746088904\n|-terastallize|p1b: Chi-Yu|Ghost\n|move|p2b: Phoebe|Earthquake|p1b: Chi-Yu|[spread] p2a,p1a,p1b\n|-resisted|p2a: Artemis\n|-damage|p2a: Artemis|0 fnt\n|-damage|p1a: Koraidon|42/100\n|-damage|p1b: Chi-Yu|0 fnt\n|faint|p2a: Artemis\n|-end|p2a: Artemis|Protosynthesis|[silent]\n|faint|p1b: Chi-Yu\n|move|p1a: Koraidon|Flame Charge|p2b: Phoebe\n|-damage|p2b: Phoebe|0 fnt\n|-boost|p1a: Koraidon|spe|1\n|faint|p2b: Phoebe\n|-damage|p1a: Koraidon|32/100|[from] item: Life Orb\n|\n|-weather|none\n|-fieldend|move: Trick Room\n|upkeep\n|\n|t:|1746088917\n|switch|p2a: Helios|Koraidon, L50|100/100\n|switch|p2b: Selene|Lunala, L50|35/100\n|-weather|SunnyDay|[from] ability: Orichalcum Pulse|[of] p2a: Helios\n|-activate|p2a: Helios|Orichalcum Pulse|[source]\n|turn|6\n|-message|swayernewb forfeited.\n|\n|win|melodyrawr\n|raw|swayernewb's rating: 1150 &rarr; <strong>1118</strong><br />(-32 for losing)\n|raw|melodyrawr's rating: 1052 &rarr; <strong>1093</strong><br />(+41 for winning)\n|l|\u2606swayernewb\n|player|p1|\n", "uploadtime": 1746089002, "views": 20, "formatid": "gen9vgc2025regibo3", "rating": 1093, "private": 0, "password": null}