{"id": "gen9vgc2025regibo3-2353443006", "format": "[Gen 9] VGC 2025 Reg I (Bo3)", "players": ["Jesus saves the 1", "ViewtifulBoufalant"], "log": "|j|\u2606Jesus saves the 1\n|j|\u2606ViewtifulBoufalant\n|html|<table width=\"100%\"><tr><td align=\"left\">Jesus saves the 1</td><td align=\"right\">ViewtifulBoufalant</tr><tr><td align=\"left\"><i class=\"fa fa-circle\"></i> <i class=\"fa fa-circle-o\"></i> </td><td align=\"right\"><i class=\"fa fa-circle-o\"></i> <i class=\"fa fa-circle\"></i> </tr></table>\n|uhtml|bestof|<h2><strong>Game 3</strong> of <a href=\"/game-bestof3-gen9vgc2025regibo3-2353436816\">a best-of-3</a></h2>\n|t:|1745956397\n|gametype|doubles\n|player|p1|Jesus saves the 1|2|1102\n|player|p2|ViewtifulBoufalant|1|1113\n|teamsize|p1|6\n|teamsize|p2|6\n|gen|9\n|tier|[Gen 9] VGC 2025 Reg I (Bo3)\n|rated|\n|rule|Species Clause: Limit one of each Pok\u00e9mon\n|rule|Item Clause: Limit 1 of each item\n|clearpoke\n|poke|p1|Lunala, L50|\n|poke|p1|Koraidon, L50|\n|poke|p1|Flutter Mane, L50|\n|poke|p1|Indeedee-F, L50, F|\n|poke|p1|Ogerpon-Cornerstone, L50, F|\n|poke|p1|Chi-Yu, L50|\n|poke|p2|Ho-Oh, L50|\n|poke|p2|Miraidon, L50|\n|poke|p2|Toxapex, L50, M|\n|poke|p2|Urshifu-*, L50, M|\n|poke|p2|Ambipom, L50, F|\n|poke|p2|Wo-Chien, L50|\n|teampreview|4\n|showteam|p1|Lunala||PowerHerb|ShadowShield|Protect,ExpandingForce,MoongeistBeam,MeteorBeam||||||50|,,,,,Water]Koraidon||LifeOrb|OrichalcumPulse|Protect,FlareBlitz,FlameCharge,CloseCombat||||||50|,,,,,Fire]Flutter Mane||FocusSash|Protosynthesis|Protect,Moonblast,ShadowBall,IcyWind||||||50|,,,,,Normal]Indeedee-F||RockyHelmet|PsychicSurge|FollowMe,HelpingHand,ShadowBall,TrickRoom|||F|||50|,,,,,Water]Ogerpon-Cornerstone||CornerstoneMask|Sturdy|Protect,IvyCudgel,PowerWhip,FollowMe|||F|||50|,,,,,Rock]Chi-Yu||ChoiceScarf|BeadsofRuin|HeatWave,Snarl,DarkPulse,Overheat||||||50|,,,,,Fire\n|showteam|p2|Ho-Oh||CovertCloak|Regenerator|BraveBird,SacredFire,FireSpin,Recover||||||50|,,,,,Grass]Miraidon||ChoiceSpecs|HadronEngine|ElectroDrift,DragonPulse,ParabolicCharge,VoltSwitch||||||50|,,,,,Electric]Toxapex||SafetyGoggles|Regenerator|BanefulBunker,WideGuard,ToxicSpikes,Infestation|||M|||50|,,,,,Dark]Urshifu||ChoiceScarf|UnseenFist|Uturn,WickedBlow,CloseCombat,SuckerPunch|||M|||50|,,,,,Poison]Ambipom||FocusSash|Technician|FakeOut,KnockOff,UpperHand,QuickGuard|||F|||50|,,,,,Dark]Wo-Chien||Leftovers|TabletsofRuin|LeechSeed,Protect,PollenPuff,GrassKnot||||||50|,,,,,Bug\n|inactive|Battle timer is ON: inactive players will automatically lose when time's up. (requested by Jesus saves the 1)\n|\n|t:|1745956422\n|start\n|switch|p1a: Ogerpon|Ogerpon-Cornerstone, L50, F|100/100\n|switch|p1b: Koraidon|Koraidon, L50|100/100\n|switch|p2a: Urshifu|Urshifu, L50, M|100/100\n|switch|p2b: Miraidon|Miraidon, L50|100/100\n|-fieldstart|move: Electric Terrain|[from] ability: Hadron Engine|[of] p2b: Miraidon\n|-weather|SunnyDay|[from] ability: Orichalcum Pulse|[of] p1b: Koraidon\n|-activate|p1b: Koraidon|Orichalcum Pulse|[source]\n|turn|1\n|inactive|Jesus saves the 1 has 30 seconds left.\n|\n|t:|1745956450\n|-terastallize|p2b: Miraidon|Electric\n|move|p1a: Ogerpon|Protect|p1a: Ogerpon\n|-singleturn|p1a: Ogerpon|Protect\n|move|p2a: Urshifu|U-turn|p1a: Ogerpon\n|-supereffective|p1a: Ogerpon\n|-damage|p1a: Ogerpon|27/100\n|\n|t:|1745956456\n|switch|p2a: Wo-Chien|Wo-Chien, L50|100/100|[from] U-turn\n|-ability|p2a: Wo-Chien|Tablets of Ruin\n|move|p2b: Miraidon|Parabolic Charge|p1b: Koraidon|[spread] p2a,p1b\n|-activate|p1a: Ogerpon|move: Protect\n|-resisted|p2a: Wo-Chien\n|-resisted|p1b: Koraidon\n|-damage|p2a: Wo-Chien|77/100\n|-damage|p1b: Koraidon|57/100\n|move|p1b: Koraidon|Flame Charge|p2a: Wo-Chien\n|-supereffective|p2a: Wo-Chien\n|-damage|p2a: Wo-Chien|4/100\n|-boost|p1b: Koraidon|spe|1\n|-damage|p1b: Koraidon|48/100|[from] item: Life Orb\n|\n|-weather|SunnyDay|[upkeep]\n|-heal|p2a: Wo-Chien|10/100|[from] item: Leftovers\n|upkeep\n|turn|2\n|inactive|Jesus saves the 1 has 30 seconds left.\n|inactive|Jesus saves the 1 has 20 seconds left.\n|inactive|Jesus saves the 1 has 15 seconds left.\n|\n|t:|1745956497\n|move|p2a: Wo-Chien|Protect|p2a: Wo-Chien\n|-singleturn|p2a: Wo-Chien|Protect\n|move|p1b: Koraidon|Close Combat|p2b: Miraidon\n|-damage|p2b: Miraidon|2/100\n|-unboost|p1b: Koraidon|def|1\n|-unboost|p1b: Koraidon|spd|1\n|-damage|p1b: Koraidon|38/100|[from] item: Life Orb\n|move|p2b: Miraidon|Parabolic Charge|p1a: Ogerpon|[spread] p1a,p1b\n|-activate|p2a: Wo-Chien|move: Protect\n|-resisted|p1a: Ogerpon\n|-resisted|p1b: Koraidon\n|-damage|p1a: Ogerpon|0 fnt\n|-heal|p2b: Miraidon|14/100|[from] drain|[of] p1a: Ogerpon\n|-damage|p1b: Koraidon|0 fnt\n|-heal|p2b: Miraidon|34/100|[from] drain|[of] p1b: Koraidon\n|faint|p1a: Ogerpon\n|faint|p1b: Koraidon\n|\n|-weather|SunnyDay|[upkeep]\n|-heal|p2a: Wo-Chien|16/100|[from] item: Leftovers\n|upkeep\n|\n|t:|1745956512\n|switch|p1b: Indeedee|Indeedee-F, L50, F|100/100\n|switch|p1a: Lunala|Lunala, L50|100/100\n|-fieldstart|move: Psychic Terrain|[from] ability: Psychic Surge|[of] p1b: Indeedee\n|turn|3\n|inactive|Jesus saves the 1 has 30 seconds left.\n|inactive|Jesus saves the 1 has 20 seconds left.\n|inactive|Jesus saves the 1 has 15 seconds left.\n|inactive|Jesus saves the 1 has 10 seconds left.\n|inactive|Jesus saves the 1 has 5 seconds left.\n|\n|t:|1745956565\n|switch|p2b: Ambipom|Ambipom, L50, F|100/100\n|move|p1a: Lunala|Meteor Beam||[still]\n|-prepare|p1a: Lunala|Meteor Beam\n|-boost|p1a: Lunala|spa|1\n|-enditem|p1a: Lunala|Power Herb\n|-anim|p1a: Lunala|Meteor Beam|p2b: Ambipom\n|-enditem|p2b: Ambipom|Focus Sash\n|-damage|p2b: Ambipom|1/100\n|move|p1b: Indeedee|Shadow Ball|p2a: Wo-Chien\n|-resisted|p2a: Wo-Chien\n|-damage|p2a: Wo-Chien|11/100\n|move|p2a: Wo-Chien|Leech Seed|p1a: Lunala\n|-start|p1a: Lunala|move: Leech Seed\n|\n|-weather|SunnyDay|[upkeep]\n|-heal|p2a: Wo-Chien|17/100|[from] item: Leftovers\n|-damage|p1a: Lunala|88/100|[from] Leech Seed|[of] p2a: Wo-Chien\n|-heal|p2a: Wo-Chien|31/100|[silent]\n|upkeep\n|turn|4\n|inactive|Jesus saves the 1 has 30 seconds left.\n|inactive|ViewtifulBoufalant has 30 seconds left.\n|inactive|ViewtifulBoufalant has 20 seconds left.\n|inactive|ViewtifulBoufalant has 15 seconds left.\n|\n|t:|1745956606\n|-terastallize|p1a: Lunala|Water\n|move|p1b: Indeedee|Helping Hand|p1a: Lunala\n|-singleturn|p1a: Lunala|Helping Hand|[of] p1b: Indeedee\n|move|p2a: Wo-Chien|Protect|p2a: Wo-Chien\n|-singleturn|p2a: Wo-Chien|Protect\n|move|p2b: Ambipom|Knock Off|p1a: Lunala\n|-damage|p1a: Lunala|75/100\n|move|p1a: Lunala|Moongeist Beam|p2a: Wo-Chien\n|-activate|p2a: Wo-Chien|move: Protect\n|\n|-weather|SunnyDay|[upkeep]\n|-heal|p2a: Wo-Chien|37/100|[from] item: Leftovers\n|-damage|p1a: Lunala|62/100|[from] Leech Seed|[of] p2a: Wo-Chien\n|-heal|p2a: Wo-Chien|52/100|[silent]\n|upkeep\n|turn|5\n|\n|t:|1745956628\n|move|p1b: Indeedee|Follow Me|p1b: Indeedee\n|-singleturn|p1b: Indeedee|move: Follow Me\n|move|p2b: Ambipom|Knock Off|p1b: Indeedee\n|-supereffective|p1b: Indeedee\n|-damage|p1b: Indeedee|56/100\n|-damage|p2b: Ambipom|0 fnt|[from] item: Rocky Helmet|[of] p1b: Indeedee\n|faint|p2b: Ambipom\n|move|p1a: Lunala|Expanding Force|p2a: Wo-Chien\n|-immune|p2a: Wo-Chien\n|move|p2a: Wo-Chien|Leech Seed|p1b: Indeedee\n|-start|p1b: Indeedee|move: Leech Seed\n|\n|-weather|none\n|-heal|p2a: Wo-Chien|58/100|[from] item: Leftovers\n|-damage|p1a: Lunala|50/100|[from] Leech Seed|[of] p2a: Wo-Chien\n|-heal|p2a: Wo-Chien|72/100|[silent]\n|-damage|p1b: Indeedee|44/100|[from] Leech Seed|[of] p2a: Wo-Chien\n|-heal|p2a: Wo-Chien|83/100|[silent]\n|upkeep\n|\n|t:|1745956642\n|switch|p2b: Miraidon|Miraidon, L50, tera:Electric|34/100\n|-fieldstart|move: Electric Terrain|[from] ability: Hadron Engine|[of] p2b: Miraidon\n|turn|6\n|inactive|Jesus saves the 1 has 30 seconds left.\n|-message|Jesus saves the 1 forfeited.\n|\n|win|ViewtifulBoufalant\n|raw|Jesus saves the 1's rating: 1102 &rarr; <strong>1078</strong><br />(-24 for losing)\n|raw|ViewtifulBoufalant's rating: 1113 &rarr; <strong>1137</strong><br />(+24 for winning)\n|l|\u2606Jesus saves the 1\n|player|p1|\n", "uploadtime": 1745956674, "views": 7, "formatid": "gen9vgc2025regibo3", "rating": 1078, "private": 0, "password": null}