{"id": "gen9vgc2025regibo3-2353520035", "format": "[Gen 9] VGC 2025 Reg I (Bo3)", "players": ["0-8 goat", "SuperOinge22"], "log": "|j|\u26060-8 goat\n|j|\u2606SuperOinge22\n|html|<table width=\"100%\"><tr><td align=\"left\">0-8 goat</td><td align=\"right\">SuperOinge22</tr><tr><td align=\"left\"><i class=\"fa fa-circle-o\"></i> <i class=\"fa fa-circle-o\"></i> </td><td align=\"right\"><i class=\"fa fa-circle-o\"></i> <i class=\"fa fa-circle-o\"></i> </tr></table>\n|uhtml|bestof|<h2><strong>Game 1</strong> of <a href=\"/game-bestof3-gen9vgc2025regibo3-2353520034\">a best-of-3</a></h2>\n|t:|1745963907\n|gametype|doubles\n|player|p1|0-8 goat|caitlin|1352\n|player|p2|SuperOinge22|mars|1420\n|teamsize|p1|6\n|teamsize|p2|6\n|gen|9\n|tier|[Gen 9] VGC 2025 Reg I (Bo3)\n|rated|\n|rule|Species Clause: Limit one of each Pok\u00e9mon\n|rule|Item Clause: Limit 1 of each item\n|clearpoke\n|poke|p1|Miraidon, L50|\n|poke|p1|Ho-Oh, L50|\n|poke|p1|Grimmsnarl, L50, M|\n|poke|p1|Incineroar, L50, F|\n|poke|p1|Wo-Chien, L50|\n|poke|p1|Iron Bundle, L50|\n|poke|p2|Miraidon, L50|\n|poke|p2|Ho-Oh, L50|\n|poke|p2|Iron Hands, L50|\n|poke|p2|Farigiraf, L50, M|\n|poke|p2|Iron Treads, L50|\n|poke|p2|Urshifu-*, L50, F|\n|teampreview|4\n|showteam|p1|Miraidon||ChoiceSpecs|HadronEngine|ElectroDrift,DracoMeteor,VoltSwitch,DazzlingGleam||||||50|,,,,,Fairy]Ho-Oh||ClearAmulet|Regenerator|Protect,SacredFire,BraveBird,Recover||||||50|,,,,,Water]Grimmsnarl||LightClay|Prankster|SpiritBreak,Reflect,LightScreen,ThunderWave|||M|||50|,,,,,Ghost]Incineroar||AssaultVest|Intimidate|FlareBlitz,KnockOff,Uturn,FakeOut|||F|||50|,,,,,Bug]Wo-Chien||Leftovers|TabletsofRuin|Protect,LeechSeed,PollenPuff,Ruination||||||50|,,,,,Poison]Iron Bundle||LifeOrb|QuarkDrive|IcyWind,HydroPump,FreezeDry,Protect||||||50|,,,,,Ghost\n|showteam|p2|Miraidon||ChoiceSpecs|HadronEngine|VoltSwitch,ElectroDrift,DracoMeteor,DazzlingGleam||||||50|,,,,,Fairy]Ho-Oh||ClearAmulet|Regenerator|SacredFire,BraveBird,Tailwind,Protect||||||50|,,,,,Grass]Iron Hands||AssaultVest|QuarkDrive|FakeOut,DrainPunch,LowKick,WildCharge||||||50|,,,,,Bug]Farigiraf||ElectricSeed|ArmorTail|Psychic,FoulPlay,HelpingHand,TrickRoom|||M|||50|,,,,,Water]Iron Treads||LifeOrb|QuarkDrive|IronHead,SteelRoller,HighHorsepower,Protect||||||50|,,,,,Stellar]Urshifu-Rapid-Strike||FocusSash|UnseenFist|SurgingStrikes,CloseCombat,AquaJet,Detect|||F|||50|,,,,,Stellar\n|inactive|Battle timer is ON: inactive players will automatically lose when time's up. (requested by SuperOinge22)\n|inactive|0-8 goat has 60 seconds left.\n|inactive|SuperOinge22 has 60 seconds left.\n|\n|t:|1745963967\n|start\n|switch|p1a: Grimmsnarl|Grimmsnarl, L50, M|100/100\n|switch|p1b: Iron Bundle|Iron Bundle, L50|100/100\n|switch|p2a: Miraidon|Miraidon, L50|100/100\n|switch|p2b: Iron Treads|Iron Treads, L50|100/100\n|-fieldstart|move: Electric Terrain|[from] ability: Hadron Engine|[of] p2a: Miraidon\n|-activate|p1b: Iron Bundle|ability: Quark Drive\n|-start|p1b: Iron Bundle|quarkdrivespe\n|-activate|p2b: Iron Treads|ability: Quark Drive\n|-start|p2b: Iron Treads|quarkdrivespe\n|turn|1\n|inactive|0-8 goat has 30 seconds left.\n|\n|t:|1745963994\n|-end|p2b: Iron Treads|Quark Drive|[silent]\n|switch|p2b: Iron Hands|Iron Hands, L50|100/100\n|-activate|p2b: Iron Hands|ability: Quark Drive\n|-start|p2b: Iron Hands|quarkdriveatk\n|-terastallize|p2a: Miraidon|Fairy\n|move|p1b: Iron Bundle|Protect|p1b: Iron Bundle\n|-singleturn|p1b: Iron Bundle|Protect\n|move|p1a: Grimmsnarl|Reflect|p1a: Grimmsnarl\n|-sidestart|p1: 0-8 goat|Reflect\n|move|p2a: Miraidon|Volt Switch|p1b: Iron Bundle\n|-activate|p1b: Iron Bundle|move: Protect\n|\n|upkeep\n|turn|2\n|inactive|SuperOinge22 has 30 seconds left.\n|inactive|0-8 goat has 30 seconds left.\n|\n|t:|1745964033\n|-end|p1b: Iron Bundle|Quark Drive|[silent]\n|switch|p1b: Miraidon|Miraidon, L50|100/100\n|-activate|p1b: Miraidon|ability: Hadron Engine\n|-terastallize|p1a: Grimmsnarl|Ghost\n|move|p2b: Iron Hands|Fake Out|p1a: Grimmsnarl\n|-immune|p1a: Grimmsnarl\n|move|p1a: Grimmsnarl|Light Screen|p1a: Grimmsnarl\n|-sidestart|p1: 0-8 goat|move: Light Screen\n|move|p2a: Miraidon|Volt Switch|p1b: Miraidon\n|-resisted|p1b: Miraidon\n|-damage|p1b: Miraidon|87/100\n|\n|t:|1745964044\n|switch|p2a: Iron Treads|Iron Treads, L50|100/100|[from] Volt Switch\n|-activate|p2a: Iron Treads|ability: Quark Drive\n|-start|p2a: Iron Treads|quarkdrivespe\n|\n|upkeep\n|turn|3\n|\n|t:|1745964058\n|switch|p1b: Ho-Oh|Ho-Oh, L50|100/100\n|move|p2a: Iron Treads|High Horsepower|p1b: Ho-Oh\n|-immune|p1b: Ho-Oh\n|move|p2b: Iron Hands|Drain Punch|p1b: Ho-Oh\n|-resisted|p1b: Ho-Oh\n|-damage|p1b: Ho-Oh|82/100\n|move|p1a: Grimmsnarl|Spirit Break|p2b: Iron Hands\n|-supereffective|p2b: Iron Hands\n|-damage|p2b: Iron Hands|60/100\n|-unboost|p2b: Iron Hands|spa|1\n|\n|upkeep\n|turn|4\n|inactive|SuperOinge22 has 30 seconds left.\n|\n|t:|1745964088\n|-end|p2a: Iron Treads|Quark Drive|[silent]\n|switch|p2a: Miraidon|Miraidon, L50, tera:Fairy|100/100\n|-activate|p2a: Miraidon|ability: Hadron Engine\n|move|p1b: Ho-Oh|Protect|p1b: Ho-Oh\n|-singleturn|p1b: Ho-Oh|Protect\n|move|p2b: Iron Hands|Wild Charge|p1b: Ho-Oh\n|-activate|p1b: Ho-Oh|move: Protect\n|move|p1a: Grimmsnarl|Spirit Break|p2b: Iron Hands\n|-supereffective|p2b: Iron Hands\n|-damage|p2b: Iron Hands|18/100\n|-unboost|p2b: Iron Hands|spa|1\n|\n|upkeep\n|turn|5\n|inactive|SuperOinge22 has 30 seconds left.\n|\n|t:|1745964115\n|move|p1a: Grimmsnarl|Thunder Wave|p2a: Miraidon\n|-status|p2a: Miraidon|par\n|move|p1b: Ho-Oh|Sacred Fire|p2b: Iron Hands\n|-damage|p2b: Iron Hands|0 fnt\n|faint|p2b: Iron Hands\n|-end|p2b: Iron Hands|Quark Drive|[silent]\n|cant|p2a: Miraidon|par\n|\n|-fieldend|move: Electric Terrain\n|upkeep\n|\n|t:|1745964123\n|switch|p2b: Urshifu|Urshifu-Rapid-Strike, L50, F|100/100\n|turn|6\n|\n|t:|1745964136\n|move|p2b: Urshifu|Detect|p2b: Urshifu\n|-singleturn|p2b: Urshifu|Protect\n|move|p1a: Grimmsnarl|Thunder Wave|p2b: Urshifu\n|-activate|p2b: Urshifu|move: Protect\n|move|p1b: Ho-Oh|Brave Bird|p2a: Miraidon\n|-damage|p2a: Miraidon|43/100 par\n|-damage|p1b: Ho-Oh|63/100|[from] Recoil\n|move|p2a: Miraidon|Electro Drift|p1b: Ho-Oh\n|-supereffective|p1b: Ho-Oh\n|-damage|p1b: Ho-Oh|0 fnt\n|faint|p1b: Ho-Oh\n|\n|upkeep\n|\n|t:|1745964145\n|switch|p1b: Miraidon|Miraidon, L50|87/100\n|-fieldstart|move: Electric Terrain|[from] ability: Hadron Engine|[of] p1b: Miraidon\n|turn|7\n|\n|t:|1745964159\n|switch|p2a: Iron Treads|Iron Treads, L50|100/100\n|-activate|p2a: Iron Treads|ability: Quark Drive\n|-start|p2a: Iron Treads|quarkdrivespe\n|move|p1a: Grimmsnarl|Thunder Wave|p2b: Urshifu\n|-status|p2b: Urshifu|par\n|move|p1b: Miraidon|Dazzling Gleam|p2b: Urshifu|[spread] p2a,p2b\n|-resisted|p2a: Iron Treads\n|-supereffective|p2b: Urshifu\n|-damage|p2a: Iron Treads|69/100\n|-enditem|p2b: Urshifu|Focus Sash\n|-damage|p2b: Urshifu|1/100 par\n|move|p2b: Urshifu|Surging Strikes|p1a: Grimmsnarl\n|-crit|p1a: Grimmsnarl\n|-damage|p1a: Grimmsnarl|75/100\n|-crit|p1a: Grimmsnarl\n|-damage|p1a: Grimmsnarl|48/100\n|-crit|p1a: Grimmsnarl\n|-damage|p1a: Grimmsnarl|23/100\n|-hitcount|p1a: Grimmsnarl|3\n|\n|upkeep\n|turn|8\n|inactive|SuperOinge22 has 30 seconds left.\n|inactive|SuperOinge22 has 20 seconds left.\n|inactive|SuperOinge22 has 15 seconds left.\n|\n|t:|1745964204\n|move|p2b: Urshifu|Aqua Jet|p1b: Miraidon\n|-resisted|p1b: Miraidon\n|-damage|p1b: Miraidon|80/100\n|move|p2a: Iron Treads|High Horsepower|p1b: Miraidon\n|-supereffective|p1b: Miraidon\n|-damage|p1b: Miraidon|8/100\n|-damage|p2a: Iron Treads|59/100|[from] item: Life Orb\n|move|p1b: Miraidon|Dazzling Gleam|p2a: Iron Treads|[spread] p2a,p2b\n|-resisted|p2a: Iron Treads\n|-supereffective|p2b: Urshifu\n|-damage|p2a: Iron Treads|30/100\n|-damage|p2b: Urshifu|0 fnt\n|faint|p2b: Urshifu\n|move|p1a: Grimmsnarl|Spirit Break|p2a: Iron Treads\n|-resisted|p2a: Iron Treads\n|-damage|p2a: Iron Treads|18/100\n|-unboost|p2a: Iron Treads|spa|1\n|\n|-sideend|p1: 0-8 goat|Reflect\n|upkeep\n|\n|t:|1745964217\n|switch|p2b: Miraidon|Miraidon, L50, tera:Fairy|43/100 par\n|-activate|p2b: Miraidon|ability: Hadron Engine\n|turn|9\n|\n|t:|1745964233\n|move|p1a: Grimmsnarl|Reflect|p1a: Grimmsnarl\n|-sidestart|p1: 0-8 goat|Reflect\n|move|p2a: Iron Treads|High Horsepower|p1b: Miraidon\n|-supereffective|p1b: Miraidon\n|-damage|p1b: Miraidon|0 fnt\n|faint|p1b: Miraidon\n|-damage|p2a: Iron Treads|8/100|[from] item: Life Orb\n|move|p2b: Miraidon|Dazzling Gleam|p1a: Grimmsnarl\n|-damage|p1a: Grimmsnarl|0 fnt\n|faint|p1a: Grimmsnarl\n|\n|-sideend|p1: 0-8 goat|move: Light Screen\n|upkeep\n|\n|t:|1745964240\n|switch|p1b: Iron Bundle|Iron Bundle, L50|100/100\n|-activate|p1b: Iron Bundle|ability: Quark Drive\n|-start|p1b: Iron Bundle|quarkdrivespe\n|turn|10\n|\n|t:|1745964258\n|move|p1b: Iron Bundle|Freeze-Dry|p2b: Miraidon\n|-damage|p2b: Miraidon|8/100 par\n|-damage|p1b: Iron Bundle|91/100|[from] item: Life Orb\n|move|p2a: Iron Treads|Steel Roller|p1b: Iron Bundle\n|-damage|p1b: Iron Bundle|27/100\n|-fieldend|move: Electric Terrain\n|-end|p1b: Iron Bundle|Quark Drive\n|-end|p2a: Iron Treads|Quark Drive\n|-damage|p2a: Iron Treads|0 fnt|[from] item: Life Orb\n|faint|p2a: Iron Treads\n|-end|p2a: Iron Treads|Quark Drive|[silent]\n|move|p2b: Miraidon|Dazzling Gleam|p1b: Iron Bundle\n|-damage|p1b: Iron Bundle|0 fnt\n|faint|p1b: Iron Bundle\n|-end|p1b: Iron Bundle|Quark Drive|[silent]\n|\n|win|SuperOinge22\n||0-8 goat is ready for game 2.\n||SuperOinge22 is ready for game 2.\n|uhtml|next|Next: <a href=\"/battle-gen9vgc2025regibo3-2353523436\"><strong>Game 2 of 3</strong></a>\n|l|\u26060-8 goat\n|player|p1|\n|l|\u2606SuperOinge22\n|player|p2|\n", "uploadtime": 1745964631, "views": 6, "formatid": "gen9vgc2025regibo3", "rating": null, "private": 0, "password": null}