{"id": "gen9vgc2025regibo3-2353480056", "format": "[Gen 9] VGC 2025 Reg I (Bo3)", "players": ["LunaSunChris", "MHSS21"], "log": "|j|\u2606LunaSunChris\n|j|\u2606MHSS21\n|html|<table width=\"100%\"><tr><td align=\"left\">LunaSunChris</td><td align=\"right\">MHSS21</tr><tr><td align=\"left\"><i class=\"fa fa-circle\"></i> <i class=\"fa fa-circle-o\"></i> </td><td align=\"right\"><i class=\"fa fa-circle-o\"></i> <i class=\"fa fa-circle-o\"></i> </tr></table>\n|uhtml|bestof|<h2><strong>Game 2</strong> of <a href=\"/game-bestof3-gen9vgc2025regibo3-2353475071\">a best-of-3</a></h2>\n|t:|1745959837\n|gametype|doubles\n|player|p1|LunaSunChris|rood|1220\n|player|p2|MHSS21|dawn|1117\n|teamsize|p1|6\n|teamsize|p2|6\n|gen|9\n|tier|[Gen 9] VGC 2025 Reg I (Bo3)\n|rated|\n|rule|Species Clause: Limit one of each Pok\u00e9mon\n|rule|Item Clause: Limit 1 of each item\n|clearpoke\n|poke|p1|Groudon, L50|\n|poke|p1|Lunala, L50|\n|poke|p1|Incineroar, L50, F|\n|poke|p1|Ogerpon-Hearthflame, L50, F|\n|poke|p1|Walking Wake, L50|\n|poke|p1|Rillaboom, L50, M|\n|poke|p2|Kyogre, L50|\n|poke|p2|Calyrex-Shadow, L50|\n|poke|p2|Incineroar, L50, M|\n|poke|p2|Rillaboom, L50, M|\n|poke|p2|Urshifu-*, L50, M|\n|poke|p2|Roaring Moon, L50|\n|teampreview|4\n|showteam|p1|Groudon||ClearAmulet|Drought|PrecipiceBlades,HeatCrash,StompingTantrum,Protect||||||50|,,,,,Fire]Lunala||PowerHerb|ShadowShield|MoongeistBeam,MeteorBeam,WideGuard,TrickRoom||||||50|,,,,,Fairy]Incineroar||SafetyGoggles|Intimidate|KnockOff,FakeOut,FlareBlitz,PartingShot|||F|||50|,,,,,Ghost]Ogerpon-Hearthflame||HearthflameMask|MoldBreaker|IvyCudgel,WoodHammer,FollowMe,SpikyShield|||F|||50|,,,,,Fire]Walking Wake||LifeOrb|Protosynthesis|WeatherBall,HydroSteam,DracoMeteor,Protect||||||50|,,,,,Fire]Rillaboom||AssaultVest|GrassySurge|FakeOut,GrassyGlide,Uturn,WoodHammer|||M|||50|,,,,,Fire\n|showteam|p2|Kyogre||MysticWater|Drizzle|Protect,WaterSpout,OriginPulse,IceBeam||||||50|,,,,,Grass]Calyrex-Shadow||LifeOrb|AsOneSpectrier|Protect,AstralBarrage,Encore,Disable||||||50|,,,,,Dark]Incineroar||RockyHelmet|Intimidate|FakeOut,PartingShot,KnockOff,FlareBlitz|||M|||50|,,,,,Bug]Rillaboom||AssaultVest|GrassySurge|FakeOut,Uturn,GrassyGlide,WoodHammer|||M|||50|,,,,,Fire]Urshifu-Rapid-Strike||FocusSash|UnseenFist|Detect,SurgingStrikes,AquaJet,CloseCombat|||M|||50|,,,,,Stellar]Roaring Moon||BoosterEnergy|Protosynthesis|Protect,Tailwind,KnockOff,Acrobatics||||||50|,,,,,Flying\n|inactive|Battle timer is ON: inactive players will automatically lose when time's up. (requested by MHSS21)\n|inactive|MHSS21 has 60 seconds left.\n|\n|t:|1745959870\n|start\n|switch|p1a: Lunala|Lunala, L50|100/100\n|switch|p1b: Rillaboom|Rillaboom, L50, M|100/100\n|switch|p2a: Calyrex|Calyrex-Shadow, L50|100/100\n|switch|p2b: Rillaboom|Rillaboom, L50, M, shiny|100/100\n|-ability|p2a: Calyrex|As One\n|-ability|p2a: Calyrex|Unnerve\n|-fieldstart|move: Grassy Terrain|[from] ability: Grassy Surge|[of] p1b: Rillaboom\n|turn|1\n|inactive|LunaSunChris has 30 seconds left.\n|\n|t:|1745959903\n|-terastallize|p1a: Lunala|Fairy\n|move|p1b: Rillaboom|Fake Out|p2b: Rillaboom\n|-damage|p2b: Rillaboom|88/100\n|cant|p2b: Rillaboom|flinch\n|move|p2a: Calyrex|Astral Barrage|p1a: Lunala|[spread] p1a,p1b\n|-damage|p1a: Lunala|79/100\n|-damage|p1b: Rillaboom|58/100\n|-damage|p2a: Calyrex|91/100|[from] item: Life Orb\n|move|p1a: Lunala|Meteor Beam||[still]\n|-prepare|p1a: Lunala|Meteor Beam\n|-boost|p1a: Lunala|spa|1\n|-enditem|p1a: Lunala|Power Herb\n|-anim|p1a: Lunala|Meteor Beam|p2a: Calyrex\n|-damage|p2a: Calyrex|24/100\n|\n|-heal|p2a: Calyrex|30/100|[from] Grassy Terrain\n|-heal|p1a: Lunala|85/100|[from] Grassy Terrain\n|-heal|p1b: Rillaboom|64/100|[from] Grassy Terrain\n|-heal|p2b: Rillaboom|94/100|[from] Grassy Terrain\n|upkeep\n|turn|2\n|inactive|LunaSunChris has 30 seconds left.\n|inactive|MHSS21 has 30 seconds left.\n|inactive|LunaSunChris has 20 seconds left.\n|\n|t:|1745959940\n|move|p2a: Calyrex|Astral Barrage|p1a: Lunala|[spread] p1a,p1b\n|-damage|p1a: Lunala|41/100\n|-damage|p1b: Rillaboom|22/100\n|-damage|p2a: Calyrex|20/100|[from] item: Life Orb\n|move|p1a: Lunala|Moongeist Beam|p2b: Rillaboom\n|-damage|p2b: Rillaboom|31/100\n|move|p1b: Rillaboom|Wood Hammer|p2a: Calyrex\n|-damage|p2a: Calyrex|0 fnt\n|faint|p2a: Calyrex\n|-damage|p1b: Rillaboom|16/100|[from] Recoil\n|move|p2b: Rillaboom|Wood Hammer|p1a: Lunala\n|-damage|p1a: Lunala|0 fnt\n|faint|p1a: Lunala\n|-damage|p2b: Rillaboom|14/100|[from] Recoil\n|\n|-heal|p1b: Rillaboom|22/100|[from] Grassy Terrain\n|-heal|p2b: Rillaboom|20/100|[from] Grassy Terrain\n|upkeep\n|\n|t:|1745959962\n|switch|p2a: Kyogre|Kyogre, L50, shiny|100/100\n|switch|p1a: Walking Wake|Walking Wake, L50|100/100\n|-weather|RainDance|[from] ability: Drizzle|[of] p2a: Kyogre\n|turn|3\n|inactive|MHSS21 has 30 seconds left.\n|\n|t:|1745959992\n|switch|p2a: Incineroar|Incineroar, L50, M, shiny|100/100\n|-ability|p2a: Incineroar|Intimidate|boost\n|-unboost|p1a: Walking Wake|atk|1\n|-unboost|p1b: Rillaboom|atk|1\n|move|p1a: Walking Wake|Protect|p1a: Walking Wake\n|-singleturn|p1a: Walking Wake|Protect\n|move|p2b: Rillaboom|Grassy Glide|p1b: Rillaboom\n|-resisted|p1b: Rillaboom\n|-damage|p1b: Rillaboom|5/100\n|move|p1b: Rillaboom|U-turn|p2b: Rillaboom\n|-supereffective|p2b: Rillaboom\n|-damage|p2b: Rillaboom|0 fnt\n|faint|p2b: Rillaboom\n|\n|t:|1745960004\n|switch|p1b: Groudon|Groudon, L50|100/100|[from] U-turn\n|-weather|SunnyDay|[from] ability: Drought|[of] p1b: Groudon\n|-activate|p1a: Walking Wake|ability: Protosynthesis\n|-start|p1a: Walking Wake|protosynthesisspe\n|\n|-weather|SunnyDay|[upkeep]\n|upkeep\n|\n|t:|1745960010\n|switch|p2b: Kyogre|Kyogre, L50, shiny|100/100\n|-weather|RainDance|[from] ability: Drizzle|[of] p2b: Kyogre\n|-end|p1a: Walking Wake|Protosynthesis\n|turn|4\n|\n|t:|1745960035\n|move|p1b: Groudon|Protect|p1b: Groudon\n|-singleturn|p1b: Groudon|Protect\n|move|p2a: Incineroar|Fake Out|p1a: Walking Wake\n|-crit|p1a: Walking Wake\n|-damage|p1a: Walking Wake|81/100\n|cant|p1a: Walking Wake|flinch\n|move|p2b: Kyogre|Ice Beam|p1a: Walking Wake\n|-damage|p1a: Walking Wake|42/100\n|\n|-weather|RainDance|[upkeep]\n|-heal|p1a: Walking Wake|47/100|[from] Grassy Terrain\n|upkeep\n|turn|5\n|inactive|LunaSunChris has 30 seconds left.\n|inactive|MHSS21 has 30 seconds left.\n|inactive|LunaSunChris has 20 seconds left.\n|inactive|LunaSunChris has 15 seconds left.\n|inactive|LunaSunChris has 10 seconds left.\n|\n|t:|1745960080\n|switch|p1b: Rillaboom|Rillaboom, L50, M|5/100\n|-terastallize|p2a: Incineroar|Bug\n|move|p1a: Walking Wake|Weather Ball|p2a: Incineroar\n|-damage|p2a: Incineroar|23/100\n|-damage|p1a: Walking Wake|38/100|[from] item: Life Orb\n|move|p2b: Kyogre|Water Spout|p1a: Walking Wake|[spread] p1a,p1b\n|-resisted|p1a: Walking Wake\n|-resisted|p1b: Rillaboom\n|-damage|p1a: Walking Wake|0 fnt\n|-damage|p1b: Rillaboom|0 fnt\n|faint|p1a: Walking Wake\n|-end|p1a: Walking Wake|Protosynthesis|[silent]\n|faint|p1b: Rillaboom\n|move|p2a: Incineroar|Flare Blitz|p1: Walking Wake|[notarget]\n|-fail|p2a: Incineroar\n|\n|-weather|RainDance|[upkeep]\n|-heal|p2a: Incineroar|29/100|[from] Grassy Terrain\n|-fieldend|move: Grassy Terrain\n|upkeep\n|\n|t:|1745960092\n|switch|p1b: Groudon|Groudon, L50|100/100\n|-weather|SunnyDay|[from] ability: Drought|[of] p1b: Groudon\n|turn|6\n|\n|t:|1745960103\n|move|p2b: Kyogre|Protect|p2b: Kyogre\n|-singleturn|p2b: Kyogre|Protect\n|move|p1b: Groudon|Precipice Blades|p2b: Kyogre|[spread] p2a\n|-activate|p2b: Kyogre|move: Protect\n|-resisted|p2a: Incineroar\n|-damage|p2a: Incineroar|5/100\n|move|p2a: Incineroar|Knock Off|p1b: Groudon\n|-damage|p1b: Groudon|73/100\n|-enditem|p1b: Groudon|Clear Amulet|[from] move: Knock Off|[of] p2a: Incineroar\n|\n|-weather|SunnyDay|[upkeep]\n|upkeep\n|turn|7\n|\n|t:|1745960126\n|move|p2b: Kyogre|Water Spout|p1b: Groudon\n|-supereffective|p1b: Groudon\n|-damage|p1b: Groudon|0 fnt\n|faint|p1b: Groudon\n|\n|win|MHSS21\n||MHSS21 is ready for game 3.\n|inactive|LunaSunChris has 30 seconds to confirm battle start!\n", "uploadtime": 1745960139, "views": 34, "formatid": "gen9vgc2025regibo3", "rating": null, "private": 0, "password": null}