{"id": "gen9vgc2025regibo3-2354605491", "format": "[Gen 9] VGC 2025 Reg I (Bo3)", "players": ["wagie get in cagie", "Yankiken"], "log": "|j|\u2606wagie get in cagie\n|j|\u2606Yankiken\n|html|<table width=\"100%\"><tr><td align=\"left\">wagie get in cagie</td><td align=\"right\">Yankiken</tr><tr><td align=\"left\"><i class=\"fa fa-circle\"></i> <i class=\"fa fa-circle-o\"></i> </td><td align=\"right\"><i class=\"fa fa-circle-o\"></i> <i class=\"fa fa-circle\"></i> </tr></table>\n|uhtml|bestof|<h2><strong>Game 3</strong> of <a href=\"/game-bestof3-gen9vgc2025regibo3-2354602705\">a best-of-3</a></h2>\n|t:|1746101836\n|gametype|doubles\n|player|p1|wagie get in cagie|169|1507\n|player|p2|Yankiken|lady-gen4|1359\n|teamsize|p1|6\n|teamsize|p2|6\n|gen|9\n|tier|[Gen 9] VGC 2025 Reg I (Bo3)\n|rated|\n|rule|Species Clause: Limit one of each Pok\u00e9mon\n|rule|Item Clause: Limit 1 of each item\n|clearpoke\n|poke|p1|Terapagos, L50, M|\n|poke|p1|Zacian-*, L50|\n|poke|p1|Whimsicott, L50, F|\n|poke|p1|Volcarona, L50, F|\n|poke|p1|Landorus-Therian, L50, M|\n|poke|p1|Raging Bolt, L50|\n|poke|p2|Terapagos, L50, M|\n|poke|p2|Incineroar, L50, M|\n|poke|p2|Rillaboom, L50, M|\n|poke|p2|Ogerpon-Cornerstone, L50, F|\n|poke|p2|Flutter Mane, L50|\n|poke|p2|Calyrex-Shadow, L50|\n|teampreview|4\n|showteam|p1|Terapagos||LifeOrb|TeraShift|CalmMind,TeraStarstorm,EarthPower,Protect|||M|||50|,,,,,Stellar]Zacian-Crowned||RustedSword|IntrepidSword|behemothblade,PlayRough,SacredSword,Protect||||||50|,,,,,Grass]Whimsicott||CovertCloak|Prankster|Tailwind,LightScreen,Moonblast,Encore|||F|||50|,,,,,Water]Volcarona||RockyHelmet|FlameBody|RagePowder,Overheat,WillOWisp,Protect|||F|||50|,,,,,Dragon]Landorus-Therian||ChoiceBand|Intimidate|Earthquake,Uturn,RockSlide,StompingTantrum|||M|||50|,,,,,Fire]Raging Bolt||BoosterEnergy|Protosynthesis|Thunderclap,DracoMeteor,Taunt,Protect||||||50|,,,,,Water\n|showteam|p2|Terapagos||Leftovers|TeraShift|TeraStarstorm,EarthPower,Protect,CalmMind|||M|||50|,,,,,Stellar]Incineroar||RockyHelmet|Intimidate|KnockOff,FakeOut,PartingShot,WillOWisp|||M|||50|,,,,,Bug]Rillaboom||AssaultVest|GrassySurge|GrassyGlide,WoodHammer,FakeOut,Uturn|||M|||50|,,,,,Grass]Ogerpon-Cornerstone||CornerstoneMask|Sturdy|IvyCudgel,SpikyShield,FollowMe,PowerWhip|||F|||50|,,,,,Rock]Flutter Mane||BoosterEnergy|Protosynthesis|Moonblast,IcyWind,ThunderWave,Taunt||||||50|,,,,,Fairy]Calyrex-Shadow||FocusSash|AsOneSpectrier|AstralBarrage,Protect,WillOWisp,PollenPuff||||||50|,,,,,Ghost\n|inactive|Battle timer is ON: inactive players will automatically lose when time's up. (requested by Yankiken)\n|inactive|Yankiken has 60 seconds left.\n|\n|t:|1746101875\n|start\n|switch|p1a: Landorus|Landorus-Therian, L50, M|100/100\n|switch|p1b: Whimsicott|Whimsicott, L50, F|100/100\n|switch|p2a: Terapagos|Terapagos, L50, M|100/100\n|switch|p2b: Ogerpon|Ogerpon-Cornerstone, L50, F|100/100\n|-activate|p2a: Terapagos|ability: Tera Shift\n|detailschange|p2a: Terapagos|Terapagos-Terastal, L50, M\n|-heal|p2a: Terapagos|100/100|[silent]\n|-ability|p1a: Landorus|Intimidate|boost\n|-unboost|p2a: Terapagos|atk|1\n|-unboost|p2b: Ogerpon|atk|1\n|turn|1\n|\n|t:|1746101891\n|move|p1b: Whimsicott|Light Screen|p1b: Whimsicott\n|-sidestart|p1: wagie get in cagie|move: Light Screen\n|move|p2b: Ogerpon|Ivy Cudgel|p1b: Whimsicott|[anim] Ivy Cudgel Rock\n|-damage|p1b: Whimsicott|68/100\n|move|p1a: Landorus|U-turn|p2b: Ogerpon\n|-supereffective|p2b: Ogerpon\n|-damage|p2b: Ogerpon|10/100\n|\n|t:|1746101898\n|switch|p1a: Terapagos|Terapagos, L50, M|100/100|[from] U-turn\n|-activate|p1a: Terapagos|ability: Tera Shift\n|detailschange|p1a: Terapagos|Terapagos-Terastal, L50, M\n|-heal|p1a: Terapagos|100/100|[silent]\n|move|p2a: Terapagos|Calm Mind|p2a: Terapagos\n|-boost|p2a: Terapagos|spa|1\n|-boost|p2a: Terapagos|spd|1\n|\n|upkeep\n|turn|2\n|\n|t:|1746101917\n|switch|p2b: Incineroar|Incineroar, L50, M, shiny|100/100\n|-ability|p2b: Incineroar|Intimidate|boost\n|-unboost|p1a: Terapagos|atk|1\n|-unboost|p1b: Whimsicott|atk|1\n|move|p1b: Whimsicott|Tailwind|p1b: Whimsicott\n|-sidestart|p1: wagie get in cagie|move: Tailwind\n|move|p1a: Terapagos|Calm Mind|p1a: Terapagos\n|-boost|p1a: Terapagos|spa|1\n|-boost|p1a: Terapagos|spd|1\n|move|p2a: Terapagos|Tera Starstorm|p1a: Terapagos\n|-activate|p1a: Terapagos|ability: Tera Shell\n|-resisted|p1a: Terapagos\n|-damage|p1a: Terapagos|86/100\n|\n|upkeep\n|turn|3\n|inactive|wagie get in cagie has 30 seconds left.\n|\n|t:|1746101947\n|move|p2b: Incineroar|Fake Out|p1a: Terapagos\n|-damage|p1a: Terapagos|77/100\n|move|p1b: Whimsicott|Moonblast|p2b: Incineroar\n|-damage|p2b: Incineroar|78/100\n|cant|p1a: Terapagos|flinch\n|move|p2a: Terapagos|Tera Starstorm|p1b: Whimsicott\n|-damage|p1b: Whimsicott|10/100\n|\n|upkeep\n|turn|4\n|inactive|wagie get in cagie has 30 seconds left.\n|inactive|wagie get in cagie has 20 seconds left.\n|inactive|wagie get in cagie has 15 seconds left.\n|\n|t:|1746101990\n|switch|p2b: Ogerpon|Ogerpon-Cornerstone, L50, F|10/100\n|-terastallize|p1a: Terapagos|Stellar\n|detailschange|p1a: Terapagos|Terapagos-Stellar, L50, M, tera:Stellar\n|-heal|p1a: Terapagos|83/100|[silent]\n|-terastallize|p2a: Terapagos|Stellar\n|detailschange|p2a: Terapagos|Terapagos-Stellar, L50, M, tera:Stellar\n|-heal|p2a: Terapagos|100/100|[silent]\n|move|p1b: Whimsicott|Moonblast|p2b: Ogerpon\n|-damage|p2b: Ogerpon|0 fnt\n|faint|p2b: Ogerpon\n|move|p1a: Terapagos|Tera Starstorm|p2a: Terapagos\n|-supereffective|p2a: Terapagos\n|-damage|p2a: Terapagos|11/100\n|-damage|p1a: Terapagos|73/100|[from] item: Life Orb\n|move|p2a: Terapagos|Tera Starstorm|p1a: Terapagos|[spread] p1a,p1b\n|-supereffective|p1a: Terapagos\n|-damage|p1a: Terapagos|42/100\n|-damage|p1b: Whimsicott|0 fnt\n|faint|p1b: Whimsicott\n|\n|-heal|p2a: Terapagos|18/100|[from] item: Leftovers\n|upkeep\n|\n|t:|1746102009\n|switch|p2b: Calyrex|Calyrex-Shadow, L50|100/100\n|switch|p1b: Zacian|Zacian-Crowned, L50|100/100\n|-ability|p2b: Calyrex|As One\n|-ability|p2b: Calyrex|Unnerve\n|-ability|p1b: Zacian|Intrepid Sword|boost\n|-boost|p1b: Zacian|atk|1\n|turn|5\n|\n|t:|1746102018\n|switch|p2b: Incineroar|Incineroar, L50, M, shiny|78/100\n|-ability|p2b: Incineroar|Intimidate|boost\n|-unboost|p1a: Terapagos|atk|1\n|-unboost|p1b: Zacian|atk|1\n|move|p2a: Terapagos|Protect|p2a: Terapagos\n|-singleturn|p2a: Terapagos|Protect\n|move|p1b: Zacian|Sacred Sword|p2a: Terapagos\n|-activate|p2a: Terapagos|move: Protect\n|move|p1a: Terapagos|Tera Starstorm|p2a: Terapagos|[spread] p2b\n|-activate|p2a: Terapagos|move: Protect\n|-damage|p2b: Incineroar|1/100\n|-damage|p1a: Terapagos|32/100|[from] item: Life Orb\n|\n|-heal|p2a: Terapagos|24/100|[from] item: Leftovers\n|-sideend|p1: wagie get in cagie|move: Light Screen\n|-sideend|p1: wagie get in cagie|move: Tailwind\n|upkeep\n|turn|6\n|\n|t:|1746102037\n|switch|p2b: Calyrex|Calyrex-Shadow, L50|100/100\n|-ability|p2b: Calyrex|As One\n|-ability|p2b: Calyrex|Unnerve\n|move|p1b: Zacian|Protect|p1b: Zacian\n|-singleturn|p1b: Zacian|Protect\n|move|p2a: Terapagos|Protect|p2a: Terapagos\n|-singleturn|p2a: Terapagos|Protect\n|move|p1a: Terapagos|Protect||[still]\n|-fail|p1a: Terapagos\n|\n|-heal|p2a: Terapagos|30/100|[from] item: Leftovers\n|upkeep\n|turn|7\n|\n|t:|1746102055\n|move|p2b: Calyrex|Pollen Puff|p2a: Terapagos\n|-heal|p2a: Terapagos|80/100\n|move|p1b: Zacian|Sacred Sword|p2a: Terapagos\n|-supereffective|p2a: Terapagos\n|-damage|p2a: Terapagos|42/100\n|move|p2a: Terapagos|Tera Starstorm|p1a: Terapagos|[spread] p1a,p1b\n|-supereffective|p1a: Terapagos\n|-damage|p1a: Terapagos|0 fnt\n|-damage|p1b: Zacian|60/100\n|faint|p1a: Terapagos\n|\n|-heal|p2a: Terapagos|48/100|[from] item: Leftovers\n|upkeep\n|\n|t:|1746102059\n|switch|p1a: Landorus|Landorus-Therian, L50, M|100/100\n|-ability|p1a: Landorus|Intimidate|boost\n|-unboost|p2a: Terapagos|atk|1\n|-unboost|p2b: Calyrex|atk|1\n|turn|8\n|\n|t:|1746102068\n|switch|p2b: Incineroar|Incineroar, L50, M, shiny|1/100\n|-ability|p2b: Incineroar|Intimidate|boost\n|-unboost|p1a: Landorus|atk|1\n|-unboost|p1b: Zacian|atk|1\n|move|p2a: Terapagos|Protect|p2a: Terapagos\n|-singleturn|p2a: Terapagos|Protect\n|move|p1b: Zacian|Behemoth Blade|p2b: Incineroar\n|-resisted|p2b: Incineroar\n|-damage|p2b: Incineroar|0 fnt\n|-damage|p1b: Zacian|44/100|[from] item: Rocky Helmet|[of] p2b: Incineroar\n|faint|p2b: Incineroar\n|move|p1a: Landorus|Rock Slide|p2a: Terapagos\n|-activate|p2a: Terapagos|move: Protect\n|\n|-heal|p2a: Terapagos|54/100|[from] item: Leftovers\n|upkeep\n|\n|t:|1746102070\n|switch|p2b: Calyrex|Calyrex-Shadow, L50|100/100\n|-ability|p2b: Calyrex|As One\n|-ability|p2b: Calyrex|Unnerve\n|turn|9\n|\n|t:|1746102092\n|move|p2b: Calyrex|Pollen Puff|p2a: Terapagos\n|-heal|p2a: Terapagos|100/100\n|move|p1b: Zacian|Behemoth Blade|p2b: Calyrex\n|-damage|p2b: Calyrex|51/100\n|move|p1a: Landorus|Rock Slide|p2b: Calyrex|[spread] p2a,p2b\n|-damage|p2a: Terapagos|90/100\n|-damage|p2b: Calyrex|25/100\n|move|p2a: Terapagos|Tera Starstorm|p1b: Zacian|[spread] p1a,p1b\n|-damage|p1a: Landorus|52/100\n|-damage|p1b: Zacian|2/100\n|\n|-heal|p2a: Terapagos|96/100|[from] item: Leftovers\n|upkeep\n|turn|10\n|-message|wagie get in cagie forfeited.\n|\n|win|Yankiken\n|raw|wagie get in cagie's rating: 1507 &rarr; <strong>1479</strong><br />(-28 for losing)\n|raw|Yankiken's rating: 1359 &rarr; <strong>1387</strong><br />(+28 for winning)\n", "uploadtime": 1746102127, "views": 13, "formatid": "gen9vgc2025regibo3", "rating": 1387, "private": 0, "password": null}