{"id": "gen9vgc2025regibo3-2354454597", "format": "[Gen 9] VGC 2025 Reg I (Bo3)", "players": ["McDubbieEnthusiast", "rtyukjgy"], "log": "|j|\u2606McDubbieEnthusiast\n|j|\u2606rtyukjgy\n|html|<table width=\"100%\"><tr><td align=\"left\">McDubbieEnthusiast</td><td align=\"right\">rtyukjgy</tr><tr><td align=\"left\"><i class=\"fa fa-circle-o\"></i> <i class=\"fa fa-circle-o\"></i> </td><td align=\"right\"><i class=\"fa fa-circle-o\"></i> <i class=\"fa fa-circle-o\"></i> </tr></table>\n|uhtml|bestof|<h2><strong>Game 1</strong> of <a href=\"/game-bestof3-gen9vgc2025regibo3-2354454596\">a best-of-3</a></h2>\n|t:|1746074078\n|gametype|doubles\n|player|p1|McDubbieEnthusiast|kimonogirl|1226\n|player|p2|rtyukjgy|266|1115\n|teamsize|p1|6\n|teamsize|p2|6\n|gen|9\n|tier|[Gen 9] VGC 2025 Reg I (Bo3)\n|rated|\n|rule|Species Clause: Limit one of each Pok\u00e9mon\n|rule|Item Clause: Limit 1 of each item\n|clearpoke\n|poke|p1|Calyrex-Ice, L50|\n|poke|p1|Lunala, L50|\n|poke|p1|Indeedee-F, L50, F|\n|poke|p1|Ursaluna, L50, F|\n|poke|p1|Smeargle, L50, F|\n|poke|p1|Zapdos-Galar, L50|\n|poke|p2|Lunala, L50|\n|poke|p2|Koraidon, L50|\n|poke|p2|Flutter Mane, L50|\n|poke|p2|Indeedee-F, L50, F|\n|poke|p2|Ogerpon-Cornerstone, L50, F|\n|poke|p2|Chi-Yu, L50|\n|teampreview|4\n|showteam|p1|Calyrex-Ice||NeverMeltIce|AsOneGlastrier|GlacialLance,CloseCombat,TrickRoom,Protect||||||50|,,,,,Fire]Lunala||PowerHerb|ShadowShield|MoongeistBeam,Moonblast,MeteorBeam,TrickRoom||||||50|,,,,,Fairy]Indeedee-F||PsychicSeed|PsychicSurge|Psychic,TrickRoom,FollowMe,HealPulse|||F|||50|,,,,,Water]Ursaluna||FlameOrb|Guts|Facade,HeadlongRush,Earthquake,Protect|||F|||50|,,,,,Bug]Smeargle||FocusSash|OwnTempo|FakeOut,Spore,FollowMe,Decorate|||F|||50|,,,,,Grass]Zapdos-Galar||PowerBracer|Defiant|BraveBird,ThunderousKick,QuickGuard,Coaching||||||50|,,,,,Grass\n|showteam|p2|Lunala||PowerHerb|ShadowShield|Protect,ExpandingForce,MoongeistBeam,MeteorBeam||||||50|,,,,,Water]Koraidon||LifeOrb|OrichalcumPulse|Protect,FlareBlitz,FlameCharge,CloseCombat||||||50|,,,,,Fire]Flutter Mane||FocusSash|Protosynthesis|Protect,Moonblast,ShadowBall,IcyWind||||||50|,,,,,Normal]Indeedee-F||RockyHelmet|PsychicSurge|FollowMe,HelpingHand,ShadowBall,TrickRoom|||F|||50|,,,,,Water]Ogerpon-Cornerstone||CornerstoneMask|Sturdy|Protect,IvyCudgel,PowerWhip,FollowMe|||F|||50|,,,,,Rock]Chi-Yu||ChoiceScarf|BeadsofRuin|HeatWave,Snarl,DarkPulse,Overheat||||||50|,,,,,Fire\n|inactive|Battle timer is ON: inactive players will automatically lose when time's up. (requested by rtyukjgy)\n|\n|t:|1746074139\n|start\n|switch|p1a: Calyrex|Calyrex-Ice, L50|100/100\n|switch|p1b: Redacted|Smeargle, L50, F, shiny|100/100\n|switch|p2a: Lunala|Lunala, L50|100/100\n|switch|p2b: Koraidon|Koraidon, L50|100/100\n|-ability|p1a: Calyrex|As One\n|-ability|p1a: Calyrex|Unnerve\n|-weather|SunnyDay|[from] ability: Orichalcum Pulse|[of] p2b: Koraidon\n|-activate|p2b: Koraidon|Orichalcum Pulse|[source]\n|turn|1\n|inactive|McDubbieEnthusiast has 30 seconds left.\n|inactive|rtyukjgy has 30 seconds left.\n|inactive|McDubbieEnthusiast has 20 seconds left.\n|\n|t:|1746074175\n|move|p1b: Redacted|Follow Me|p1b: Redacted\n|-singleturn|p1b: Redacted|move: Follow Me\n|move|p2b: Koraidon|Close Combat|p1b: Redacted\n|-supereffective|p1b: Redacted\n|-crit|p1b: Redacted\n|-enditem|p1b: Redacted|Focus Sash\n|-damage|p1b: Redacted|1/100\n|-unboost|p2b: Koraidon|def|1\n|-unboost|p2b: Koraidon|spd|1\n|-damage|p2b: Koraidon|91/100|[from] item: Life Orb\n|move|p2a: Lunala|Meteor Beam||[still]\n|-prepare|p2a: Lunala|Meteor Beam\n|-boost|p2a: Lunala|spa|1\n|-enditem|p2a: Lunala|Power Herb\n|-anim|p2a: Lunala|Meteor Beam|p1b: Redacted\n|-damage|p1b: Redacted|0 fnt\n|faint|p1b: Redacted\n|move|p1a: Calyrex|Trick Room|p1a: Calyrex\n|-fieldstart|move: Trick Room|[of] p1a: Calyrex\n|\n|-weather|SunnyDay|[upkeep]\n|upkeep\n|\n|t:|1746074188\n|switch|p1b: Lunala|Lunala, L50|100/100\n|turn|2\n|inactive|McDubbieEnthusiast has 30 seconds left.\n|\n|t:|1746074221\n|-terastallize|p1a: Calyrex|Fire\n|move|p2a: Lunala|Protect|p2a: Lunala\n|-singleturn|p2a: Lunala|Protect\n|move|p2b: Koraidon|Protect|p2b: Koraidon\n|-singleturn|p2b: Koraidon|Protect\n|move|p1a: Calyrex|Glacial Lance|p2a: Lunala|[spread] \n|-activate|p2a: Lunala|move: Protect\n|-activate|p2b: Koraidon|move: Protect\n|move|p1b: Lunala|Moongeist Beam|p2a: Lunala\n|-activate|p2a: Lunala|move: Protect\n|\n|-weather|SunnyDay|[upkeep]\n|upkeep\n|turn|3\n|\n|t:|1746074243\n|-terastallize|p2a: Lunala|Water\n|move|p1a: Calyrex|Glacial Lance|p2a: Lunala|[spread] p2a,p2b\n|-resisted|p2a: Lunala\n|-supereffective|p2b: Koraidon\n|-damage|p2a: Lunala|86/100\n|-damage|p2b: Koraidon|0 fnt\n|faint|p2b: Koraidon\n|-ability|p1a: Calyrex|Chilling Neigh|boost\n|-boost|p1a: Calyrex|atk|1\n|move|p1b: Lunala|Meteor Beam||[still]\n|-prepare|p1b: Lunala|Meteor Beam\n|-boost|p1b: Lunala|spa|1\n|-enditem|p1b: Lunala|Power Herb\n|-anim|p1b: Lunala|Meteor Beam|p2a: Lunala\n|-damage|p2a: Lunala|31/100\n|move|p2a: Lunala|Moongeist Beam|p1b: Lunala\n|-supereffective|p1b: Lunala\n|-damage|p1b: Lunala|3/100\n|\n|-weather|SunnyDay|[upkeep]\n|upkeep\n|inactive|rtyukjgy has 30 seconds left.\n|\n|t:|1746074270\n|switch|p2b: Chi-Yu|Chi-Yu, L50|100/100\n|-ability|p2b: Chi-Yu|Beads of Ruin\n|turn|4\n|\n|t:|1746074284\n|move|p2a: Lunala|Protect|p2a: Lunala\n|-singleturn|p2a: Lunala|Protect\n|move|p1a: Calyrex|Glacial Lance|p2a: Lunala|[spread] p2b\n|-activate|p2a: Lunala|move: Protect\n|-resisted|p2b: Chi-Yu\n|-damage|p2b: Chi-Yu|2/100\n|move|p1b: Lunala|Moonblast|p2b: Chi-Yu\n|-damage|p2b: Chi-Yu|0 fnt\n|faint|p2b: Chi-Yu\n|\n|-weather|SunnyDay|[upkeep]\n|upkeep\n|\n|t:|1746074291\n|switch|p2b: Flutter Mane|Flutter Mane, L50|100/100\n|-activate|p2b: Flutter Mane|ability: Protosynthesis\n|-start|p2b: Flutter Mane|protosynthesisspe\n|turn|5\n|\n|t:|1746074303\n|move|p2b: Flutter Mane|Protect|p2b: Flutter Mane\n|-singleturn|p2b: Flutter Mane|Protect\n|move|p2a: Lunala|Moongeist Beam|p1b: Lunala\n|-supereffective|p1b: Lunala\n|-damage|p1b: Lunala|0 fnt\n|faint|p1b: Lunala\n|move|p1a: Calyrex|Trick Room|p1a: Calyrex\n|-fieldend|move: Trick Room\n|\n|-weather|none\n|-end|p2b: Flutter Mane|Protosynthesis\n|upkeep\n|\n|t:|1746074308\n|switch|p1b: THICCTHICCLY|Ursaluna, L50, F|100/100\n|turn|6\n|inactive|rtyukjgy has 30 seconds left.\n|inactive|rtyukjgy has 20 seconds left.\n|\n|t:|1746074346\n|move|p2b: Flutter Mane|Shadow Ball|p1a: Calyrex\n|-damage|p1a: Calyrex|72/100\n|-unboost|p1a: Calyrex|spd|1\n|move|p2a: Lunala|Moongeist Beam|p1a: Calyrex\n|-crit|p1a: Calyrex\n|-damage|p1a: Calyrex|0 fnt\n|faint|p1a: Calyrex\n|move|p1b: THICCTHICCLY|Headlong Rush|p2b: Flutter Mane\n|-enditem|p2b: Flutter Mane|Focus Sash\n|-damage|p2b: Flutter Mane|1/100\n|-unboost|p1b: THICCTHICCLY|def|1\n|-unboost|p1b: THICCTHICCLY|spd|1\n|\n|-status|p1b: THICCTHICCLY|brn|[from] item: Flame Orb\n|upkeep\n|turn|7\n|c|\u2606McDubbieEnthusiast|That's sooooo funny\n|\n|t:|1746074360\n|move|p2b: Flutter Mane|Protect|p2b: Flutter Mane\n|-singleturn|p2b: Flutter Mane|Protect\n|move|p2a: Lunala|Protect|p2a: Lunala\n|-singleturn|p2a: Lunala|Protect\n|move|p1b: THICCTHICCLY|Earthquake|p2a: Lunala|[spread] \n|-activate|p2a: Lunala|move: Protect\n|-activate|p2b: Flutter Mane|move: Protect\n|\n|-damage|p1b: THICCTHICCLY|95/100 brn|[from] brn\n|upkeep\n|turn|8\n|\n|t:|1746074372\n|move|p2b: Flutter Mane|Shadow Ball|p1b: THICCTHICCLY\n|-immune|p1b: THICCTHICCLY\n|move|p2a: Lunala|Moongeist Beam|p1b: THICCTHICCLY\n|-immune|p1b: THICCTHICCLY\n|move|p1b: THICCTHICCLY|Earthquake|p2b: Flutter Mane|[spread] p2a,p2b\n|-damage|p2a: Lunala|0 fnt\n|-damage|p2b: Flutter Mane|0 fnt\n|faint|p2a: Lunala\n|faint|p2b: Flutter Mane\n|-end|p2b: Flutter Mane|Protosynthesis|[silent]\n|\n|win|McDubbieEnthusiast\n|raw|McDubbieEnthusiast's rating: 1226 &rarr; <strong>1243</strong><br />(+17 for winning)\n|raw|rtyukjgy's rating: 1115 &rarr; <strong>1098</strong><br />(-17 for losing)\n|l|\u2606rtyukjgy\n|player|p2|\n|l|\u2606McDubbieEnthusiast\n|player|p1|\n", "uploadtime": 1746074663, "views": 7, "formatid": "gen9vgc2025regibo3", "rating": 1098, "private": 0, "password": null}