{"id": "gen9vgc2025regibo3-2354691714", "format": "[Gen 9] VGC 2025 Reg I (Bo3)", "players": ["puli95", "Rfriedrich16"], "log": "|j|\u2606puli95\n|j|\u203dRfriedrich16\n|html|<table width=\"100%\"><tr><td align=\"left\">puli95</td><td align=\"right\">Rfriedrich16</tr><tr><td align=\"left\"><i class=\"fa fa-circle\"></i> <i class=\"fa fa-circle-o\"></i> </td><td align=\"right\"><i class=\"fa fa-circle-o\"></i> <i class=\"fa fa-circle-o\"></i> </tr></table>\n|uhtml|bestof|<h2><strong>Game 2</strong> of <a href=\"/game-bestof3-gen9vgc2025regibo3-2354688878\">a best-of-3</a></h2>\n|t:|1746111193\n|gametype|doubles\n|player|p1|puli95|170|1118\n|player|p2|Rfriedrich16|unknownf|1107\n|teamsize|p1|6\n|teamsize|p2|6\n|gen|9\n|tier|[Gen 9] VGC 2025 Reg I (Bo3)\n|rated|\n|rule|Species Clause: Limit one of each Pok\u00e9mon\n|rule|Item Clause: Limit 1 of each item\n|clearpoke\n|poke|p1|Groudon, L50|\n|poke|p1|Calyrex-Shadow, L50|\n|poke|p1|Weezing-Galar, L50, M|\n|poke|p1|Regigigas, L50|\n|poke|p1|Ogerpon-Hearthflame, L50, F|\n|poke|p1|Raging Bolt, L50|\n|poke|p2|Flutter Mane, L50|\n|poke|p2|Koraidon, L50|\n|poke|p2|Iron Hands, L50|\n|poke|p2|Groudon, L50|\n|poke|p2|Sableye, L50, F|\n|poke|p2|Lilligant-Hisui, L50, F|\n|teampreview|4\n|showteam|p1|Groudon||AssaultVest|Drought|PrecipiceBlades,HighHorsepower,FirePunch,BodyPress||||||50|,,,,,Fairy]Calyrex-Shadow||FocusSash|AsOneSpectrier|AstralBarrage,DrainingKiss,Encore,Protect||||||50|,,,,,Fairy]Weezing-Galar||RockyHelmet|Levitate|SludgeBomb,WillOWisp,Taunt,Protect|||M|||50|,,,,,Grass]Regigigas||CovertCloak|SlowStart|BodySlam,DrainPunch,KnockOff,Protect||||||50|,,,,,Dragon]Ogerpon-Hearthflame||HearthflameMask|MoldBreaker|IvyCudgel,WoodHammer,FollowMe,Protect|||F|||50|,,,,,Fire]Raging Bolt||LifeOrb|Protosynthesis|Thunderclap,Electroweb,DracoMeteor,Protect||||||50|,,,,,Electric\n|showteam|p2|Flutter Mane||ChoiceSpecs|Protosynthesis|Moonblast,ShadowBall,DazzlingGleam,PowerGem||||||50|,,,,,Fairy]Koraidon||LoadedDice|OrichalcumPulse|FlareBlitz,Protect,CloseCombat,ScaleShot||||||50|,,,,,Fire]Iron Hands||AssaultVest|QuarkDrive|FakeOut,DrainPunch,WildCharge,LowKick||||||50|,,,,,Water]Groudon||ClearAmulet|Drought|PrecipiceBlades,HeatCrash,SwordsDance,Protect||||||50|,,,,,Fire]Sableye||MentalHerb|Prankster|Gravity,Quash,FoulPlay,LightScreen|||F|||50|,,,,,Poison]Lilligant-Hisui||FocusSash|Chlorophyll|Coaching,SleepPowder,AfterYou,Protect|||F|||50|,,,,,Ghost\n|\n|t:|1746111234\n|start\n|switch|p1a: Groudon|Groudon, L50|100/100\n|switch|p1b: Calyrex|Calyrex-Shadow, L50|100/100\n|switch|p2a: Koraidon|Koraidon, L50|100/100\n|switch|p2b: Sableye|Sableye, L50, F|100/100\n|-ability|p1b: Calyrex|As One\n|-ability|p1b: Calyrex|Unnerve\n|-weather|SunnyDay|[from] ability: Orichalcum Pulse|[of] p2a: Koraidon\n|-activate|p2a: Koraidon|Orichalcum Pulse|[source]\n|turn|1\n|\n|t:|1746111253\n|switch|p1b: Raging Bolt|Raging Bolt, L50|100/100\n|-activate|p1b: Raging Bolt|ability: Protosynthesis\n|-start|p1b: Raging Bolt|protosynthesisspa\n|move|p2a: Koraidon|Protect|p2a: Koraidon\n|-singleturn|p2a: Koraidon|Protect\n|move|p2b: Sableye|Light Screen|p2b: Sableye\n|-sidestart|p2: Rfriedrich16|move: Light Screen\n|move|p1a: Groudon|Precipice Blades|p2b: Sableye|[spread] p2b\n|-activate|p2a: Koraidon|move: Protect\n|-damage|p2b: Sableye|33/100\n|\n|-weather|SunnyDay|[upkeep]\n|upkeep\n|turn|2\n|\n|t:|1746111271\n|-terastallize|p2a: Koraidon|Fire\n|move|p1b: Raging Bolt|Thunderclap|p2a: Koraidon\n|-damage|p2a: Koraidon|54/100\n|-damage|p1b: Raging Bolt|91/100|[from] item: Life Orb\n|move|p2b: Sableye|Gravity|p2b: Sableye\n|-fieldstart|move: Gravity\n|move|p2a: Koraidon|Scale Shot|p1b: Raging Bolt\n|-supereffective|p1b: Raging Bolt\n|-damage|p1b: Raging Bolt|61/100\n|-supereffective|p1b: Raging Bolt\n|-damage|p1b: Raging Bolt|29/100\n|-supereffective|p1b: Raging Bolt\n|-damage|p1b: Raging Bolt|0 fnt\n|faint|p1b: Raging Bolt\n|-end|p1b: Raging Bolt|Protosynthesis|[silent]\n|-hitcount|p1: Raging Bolt|3\n|-unboost|p2a: Koraidon|def|1\n|-boost|p2a: Koraidon|spe|1\n|move|p1a: Groudon|Precipice Blades|p2b: Sableye|[spread] p2a,p2b\n|-supereffective|p2a: Koraidon\n|-damage|p2a: Koraidon|0 fnt\n|-damage|p2b: Sableye|0 fnt\n|faint|p2a: Koraidon\n|faint|p2b: Sableye\n|\n|-weather|SunnyDay|[upkeep]\n|upkeep\n|\n|t:|1746111294\n|switch|p2a: Lilligant|Lilligant-Hisui, L50, F|100/100\n|switch|p1b: Calyrex|Calyrex-Shadow, L50|100/100\n|switch|p2b: Flutter Mane|Flutter Mane, L50|100/100\n|-ability|p1b: Calyrex|As One\n|-ability|p1b: Calyrex|Unnerve\n|-activate|p2b: Flutter Mane|ability: Protosynthesis\n|-start|p2b: Flutter Mane|protosynthesisspe\n|turn|3\n|\n|t:|1746111316\n|-terastallize|p1b: Calyrex|Fairy\n|move|p2a: Lilligant|Sleep Powder|p1b: Calyrex\n|-status|p1b: Calyrex|slp|[from] move: Sleep Powder\n|move|p2b: Flutter Mane|Moonblast|p1a: Groudon\n|-damage|p1a: Groudon|54/100\n|-unboost|p1a: Groudon|spa|1\n|cant|p1b: Calyrex|slp\n|move|p1a: Groudon|Precipice Blades|p2a: Lilligant|[spread] p2a,p2b\n|-resisted|p2a: Lilligant\n|-damage|p2a: Lilligant|63/100\n|-damage|p2b: Flutter Mane|7/100\n|\n|-weather|SunnyDay|[upkeep]\n|upkeep\n|turn|4\n|\n|t:|1746111334\n|move|p2a: Lilligant|Sleep Powder|p1a: Groudon\n|-status|p1a: Groudon|slp|[from] move: Sleep Powder\n|move|p2b: Flutter Mane|Moonblast|p1b: Calyrex\n|-damage|p1b: Calyrex|38/100 slp\n|cant|p1b: Calyrex|slp\n|cant|p1a: Groudon|slp\n|\n|-weather|SunnyDay|[upkeep]\n|upkeep\n|turn|5\n|\n|t:|1746111350\n|move|p2a: Lilligant|Sleep Powder|p1a: Groudon\n|-fail|p1a: Groudon|slp\n|move|p2b: Flutter Mane|Moonblast|p1b: Calyrex\n|-crit|p1b: Calyrex\n|-damage|p1b: Calyrex|0 fnt\n|faint|p1b: Calyrex\n|cant|p1a: Groudon|slp\n|\n|-weather|none\n|-end|p2b: Flutter Mane|Protosynthesis\n|-sideend|p2: Rfriedrich16|move: Light Screen\n|upkeep\n|\n|t:|1746111360\n|switch|p1b: Ogerpon|Ogerpon-Hearthflame, L50, F|100/100\n|-ability|p1b: Ogerpon|Mold Breaker\n|turn|6\n|\n|t:|1746111371\n|move|p2b: Flutter Mane|Moonblast|p1a: Groudon\n|-damage|p1a: Groudon|5/100 slp\n|move|p2a: Lilligant|Coaching|p2b: Flutter Mane\n|-boost|p2b: Flutter Mane|atk|1\n|-boost|p2b: Flutter Mane|def|1\n|move|p1b: Ogerpon|Ivy Cudgel|p2b: Flutter Mane|[anim] Ivy Cudgel Fire\n|-damage|p2b: Flutter Mane|0 fnt\n|faint|p2b: Flutter Mane\n|-end|p2b: Flutter Mane|Protosynthesis|[silent]\n|-curestatus|p1a: Groudon|slp|[msg]\n|move|p1a: Groudon|Precipice Blades|p2a: Lilligant\n|-resisted|p2a: Lilligant\n|-damage|p2a: Lilligant|18/100\n|\n|-fieldend|move: Gravity\n|upkeep\n|turn|7\n|\n|t:|1746111392\n|move|p2a: Lilligant|Coaching|p2: Flutter Mane|[notarget]\n|-fail|p2a: Lilligant\n|move|p1b: Ogerpon|Ivy Cudgel|p2a: Lilligant|[anim] Ivy Cudgel Fire\n|-supereffective|p2a: Lilligant\n|-damage|p2a: Lilligant|0 fnt\n|faint|p2a: Lilligant\n|\n|win|puli95\n|raw|puli95's rating: 1118 &rarr; <strong>1142</strong><br />(+24 for winning)\n|raw|Rfriedrich16's rating: 1107 &rarr; <strong>1083</strong><br />(-24 for losing)\n|l|\u203dRfriedrich16\n|player|p2|\n|l|\u2606puli95\n|player|p1|\n", "uploadtime": 1746111703, "views": 5, "formatid": "gen9vgc2025regibo3", "rating": 1083, "private": 0, "password": null}