{"id": "gen9vgc2025regibo3-2354568768", "format": "[Gen 9] VGC 2025 Reg I (Bo3)", "players": ["Genn22Vgc", "cipoci"], "log": "|j|\u2606Genn22Vgc\n|j|\u2606cipoci\n|html|<table width=\"100%\"><tr><td align=\"left\">Genn22Vgc</td><td align=\"right\">cipoci</tr><tr><td align=\"left\"><i class=\"fa fa-circle\"></i> <i class=\"fa fa-circle-o\"></i> </td><td align=\"right\"><i class=\"fa fa-circle-o\"></i> <i class=\"fa fa-circle-o\"></i> </tr></table>\n|uhtml|bestof|<h2><strong>Game 2</strong> of <a href=\"/game-bestof3-gen9vgc2025regibo3-2354567009\">a best-of-3</a></h2>\n|t:|1746096044\n|gametype|doubles\n|player|p1|Genn22Vgc|102|1431\n|player|p2|cipoci|265|1357\n|teamsize|p1|6\n|teamsize|p2|6\n|gen|9\n|tier|[Gen 9] VGC 2025 Reg I (Bo3)\n|rated|\n|rule|Species Clause: Limit one of each Pok\u00e9mon\n|rule|Item Clause: Limit 1 of each item\n|clearpoke\n|poke|p1|Miraidon, L50|\n|poke|p1|Ditto, L50|\n|poke|p1|Incineroar, L50, M|\n|poke|p1|Zamazenta-*, L50|\n|poke|p1|Grimmsnarl, L50, M|\n|poke|p1|Farigiraf, L50, M|\n|poke|p2|Smeargle, L50, F|\n|poke|p2|Terapagos, L50, M|\n|poke|p2|Clefairy, L50, F|\n|poke|p2|Lunala, L50|\n|poke|p2|Chi-Yu, L50|\n|poke|p2|Brute Bonnet, L50|\n|teampreview|4\n|showteam|p1|Miraidon||ChoiceSpecs|HadronEngine|ElectroDrift,DracoMeteor,VoltSwitch,DazzlingGleam||||||50|,,,,,Fairy]Ditto||ChoiceScarf|Imposter|Transform||||||50|,,,,,Normal]Incineroar||AssaultVest|Intimidate|KnockOff,FlareBlitz,Uturn,FakeOut|||M|||50|,,,,,Bug]Zamazenta-Crowned||RustedShield|DauntlessShield|BodyPress,HeavySlam,WideGuard,Protect||||||50|,,,,,Dragon]Grimmsnarl||LightClay|Prankster|FoulPlay,ThunderWave,Reflect,LightScreen|||M|||50|,,,,,Ghost]Farigiraf||ElectricSeed|ArmorTail|Psychic,FoulPlay,HelpingHand,TrickRoom|||M|||50|,,,,,Water\n|showteam|p2|Smeargle||FocusSash|Moody|FakeOut,Decorate,Spore,FollowMe|||F|||50|,,,,,Ghost]Terapagos||Leftovers|TeraShift|Protect,EarthPower,TeraStarstorm,CalmMind|||M|||50|,,,,,Stellar]Clefairy||Eviolite|FriendGuard|Protect,FollowMe,LifeDew,HelpingHand|||F|||50|,,,,,Grass]Lunala||PowerHerb|ShadowShield|MeteorBeam,MoongeistBeam,TrickRoom,Moonblast||||||50|,,,,,Water]Chi-Yu||ChoiceScarf|BeadsofRuin|DarkPulse,HeatWave,Psychic,Overheat||||||50|,,,,,Ghost]Brute Bonnet||CovertCloak|Protosynthesis|Spore,RagePowder,BulletSeed,SuckerPunch||||||50|,,,,,Water\n|inactive|Battle timer is ON: inactive players will automatically lose when time's up. (requested by cipoci)\n|inactive|Genn22Vgc has 60 seconds left.\n|inactive|cipoci has 60 seconds left.\n|inactive|Genn22Vgc has 30 seconds left.\n|inactive|Genn22Vgc has 20 seconds left.\n|\n|t:|1746096116\n|start\n|switch|p1a: Miraidon|Miraidon, L50|100/100\n|switch|p1b: Grimmsnarl|Grimmsnarl, L50, M|100/100\n|switch|p2a: Lunala|Lunala, L50|100/100\n|switch|p2b: Chi-Yu|Chi-Yu, L50|100/100\n|-ability|p2b: Chi-Yu|Beads of Ruin\n|-fieldstart|move: Electric Terrain|[from] ability: Hadron Engine|[of] p1a: Miraidon\n|turn|1\n|\n|t:|1746096139\n|switch|p2b: Terapagos|Terapagos, L50, M|100/100\n|-activate|p2b: Terapagos|ability: Tera Shift\n|detailschange|p2b: Terapagos|Terapagos-Terastal, L50, M\n|-heal|p2b: Terapagos|100/100|[silent]\n|move|p1b: Grimmsnarl|Light Screen|p1b: Grimmsnarl\n|-sidestart|p1: Genn22Vgc|move: Light Screen\n|move|p1a: Miraidon|Volt Switch|p2a: Lunala\n|-damage|p2a: Lunala|70/100\n|\n|t:|1746096149\n|switch|p1a: Zamazenta|Zamazenta-Crowned, L50|100/100|[from] Volt Switch\n|-ability|p1a: Zamazenta|Dauntless Shield|boost\n|-boost|p1a: Zamazenta|def|1\n|move|p2a: Lunala|Trick Room|p2a: Lunala\n|-fieldstart|move: Trick Room|[of] p2a: Lunala\n|\n|upkeep\n|turn|2\n|\n|t:|1746096163\n|move|p1b: Grimmsnarl|Foul Play|p2a: Lunala\n|-supereffective|p2a: Lunala\n|-damage|p2a: Lunala|0 fnt\n|faint|p2a: Lunala\n|move|p2b: Terapagos|Calm Mind|p2b: Terapagos\n|-boost|p2b: Terapagos|spa|1\n|-boost|p2b: Terapagos|spd|1\n|move|p1a: Zamazenta|Body Press|p2b: Terapagos\n|-activate|p2b: Terapagos|ability: Tera Shell\n|-resisted|p2b: Terapagos\n|-damage|p2b: Terapagos|74/100\n|\n|-heal|p2b: Terapagos|80/100|[from] item: Leftovers\n|upkeep\n|\n|t:|1746096168\n|switch|p2a: Clefairy|Clefairy, L50, F|100/100\n|turn|3\n|\n|t:|1746096190\n|switch|p1b: Incineroar|Incineroar, L50, M|100/100\n|-ability|p1b: Incineroar|Intimidate|boost\n|-unboost|p2a: Clefairy|atk|1\n|-unboost|p2b: Terapagos|atk|1\n|move|p2a: Clefairy|Life Dew||[still]|[spread] p2a,p2b\n|-fail|p2a: Clefairy|heal\n|-heal|p2b: Terapagos|100/100\n|move|p2b: Terapagos|Calm Mind|p2b: Terapagos\n|-boost|p2b: Terapagos|spa|1\n|-boost|p2b: Terapagos|spd|1\n|move|p1a: Zamazenta|Heavy Slam|p2a: Clefairy\n|-supereffective|p2a: Clefairy\n|-damage|p2a: Clefairy|11/100\n|\n|upkeep\n|turn|4\n|inactive|cipoci has 30 seconds left.\n|\n|t:|1746096220\n|move|p2a: Clefairy|Protect|p2a: Clefairy\n|-singleturn|p2a: Clefairy|Protect\n|move|p2b: Terapagos|Protect|p2b: Terapagos\n|-singleturn|p2b: Terapagos|Protect\n|move|p1b: Incineroar|Fake Out|p2a: Clefairy\n|-activate|p2a: Clefairy|move: Protect\n|move|p1a: Zamazenta|Body Press|p2b: Terapagos\n|-activate|p2b: Terapagos|move: Protect\n|\n|upkeep\n|turn|5\n|\n|t:|1746096241\n|switch|p2a: Chi-Yu|Chi-Yu, L50|100/100\n|-ability|p2a: Chi-Yu|Beads of Ruin\n|move|p1a: Zamazenta|Protect|p1a: Zamazenta\n|-singleturn|p1a: Zamazenta|Protect\n|move|p2b: Terapagos|Earth Power|p1b: Incineroar\n|-supereffective|p1b: Incineroar\n|-damage|p1b: Incineroar|32/100\n|move|p1b: Incineroar|Flare Blitz|p2a: Chi-Yu\n|-resisted|p2a: Chi-Yu\n|-damage|p2a: Chi-Yu|64/100\n|-damage|p1b: Incineroar|23/100|[from] Recoil\n|\n|-fieldend|move: Trick Room\n|-fieldend|move: Electric Terrain\n|upkeep\n|turn|6\n|inactive|Genn22Vgc has 30 seconds left.\n|inactive|cipoci has 30 seconds left.\n|inactive|Genn22Vgc has 20 seconds left.\n|\n|t:|1746096277\n|switch|p1a: Grimmsnarl|Grimmsnarl, L50, M|100/100\n|-terastallize|p2b: Terapagos|Stellar\n|detailschange|p2b: Terapagos|Terapagos-Stellar, L50, M, tera:Stellar\n|-heal|p2b: Terapagos|100/100|[silent]\n|move|p2a: Chi-Yu|Heat Wave|p1a: Grimmsnarl|[spread] p1a,p1b\n|-resisted|p1b: Incineroar\n|-damage|p1a: Grimmsnarl|70/100\n|-damage|p1b: Incineroar|11/100\n|move|p1b: Incineroar|Knock Off|p2b: Terapagos\n|-damage|p2b: Terapagos|78/100\n|-enditem|p2b: Terapagos|Leftovers|[from] move: Knock Off|[of] p1b: Incineroar\n|move|p2b: Terapagos|Tera Starstorm|p1b: Incineroar|[spread] p1a,p1b\n|-damage|p1a: Grimmsnarl|2/100\n|-damage|p1b: Incineroar|0 fnt\n|faint|p1b: Incineroar\n|\n|upkeep\n|\n|t:|1746096297\n|switch|p1b: Miraidon|Miraidon, L50|100/100\n|-fieldstart|move: Electric Terrain|[from] ability: Hadron Engine|[of] p1b: Miraidon\n|turn|7\n|\n|t:|1746096303\n|switch|p2a: Clefairy|Clefairy, L50, F|11/100\n|move|p1a: Grimmsnarl|Thunder Wave|p2b: Terapagos\n|-status|p2b: Terapagos|par\n|move|p1b: Miraidon|Electro Drift|p2a: Clefairy\n|-damage|p2a: Clefairy|0 fnt\n|faint|p2a: Clefairy\n|cant|p2b: Terapagos|par\n|\n|upkeep\n|\n|t:|1746096313\n|switch|p2a: Chi-Yu|Chi-Yu, L50|64/100\n|-ability|p2a: Chi-Yu|Beads of Ruin\n|turn|8\n|\n|t:|1746096323\n|move|p2a: Chi-Yu|Heat Wave|p1a: Grimmsnarl|[spread] p1a,p1b\n|-resisted|p1b: Miraidon\n|-damage|p1a: Grimmsnarl|0 fnt\n|-damage|p1b: Miraidon|86/100\n|faint|p1a: Grimmsnarl\n|move|p1b: Miraidon|Electro Drift|p2a: Chi-Yu\n|-crit|p2a: Chi-Yu\n|-damage|p2a: Chi-Yu|0 fnt\n|faint|p2a: Chi-Yu\n|move|p2b: Terapagos|Earth Power|p1b: Miraidon\n|-supereffective|p1b: Miraidon\n|-damage|p1b: Miraidon|0 fnt\n|faint|p1b: Miraidon\n|\n|-sideend|p1: Genn22Vgc|move: Light Screen\n|upkeep\n|\n|t:|1746096332\n|switch|p1b: Zamazenta|Zamazenta-Crowned, L50|100/100\n|turn|9\n|\n|t:|1746096337\n|move|p2b: Terapagos|Protect|p2b: Terapagos\n|-singleturn|p2b: Terapagos|Protect\n|move|p1b: Zamazenta|Body Press|p2b: Terapagos\n|-activate|p2b: Terapagos|move: Protect\n|\n|upkeep\n|turn|10\n|\n|t:|1746096341\n|move|p1b: Zamazenta|Body Press|p2b: Terapagos\n|-supereffective|p2b: Terapagos\n|-damage|p2b: Terapagos|24/100 par\n|move|p2b: Terapagos|Earth Power|p1b: Zamazenta\n|-supereffective|p1b: Zamazenta\n|-damage|p1b: Zamazenta|0 fnt\n|faint|p1b: Zamazenta\n|\n|win|cipoci\n||Genn22Vgc is ready for game 3.\n||cipoci is ready for game 3.\n|uhtml|next|Next: <a href=\"/battle-gen9vgc2025regibo3-2354570503\"><strong>Game 3 of 3</strong></a>\n|l|\u2606cipoci\n|player|p2|\n|l|\u2606Genn22Vgc\n|player|p1|\n", "uploadtime": 1746096644, "views": 7, "formatid": "gen9vgc2025regibo3", "rating": null, "private": 0, "password": null}