{"id": "gen9vgc2025regibo3-2353589204", "format": "[Gen 9] VGC 2025 Reg I (Bo3)", "players": ["GX champion", "ExessVGC"], "log": "|j|\u2606GX champion\n|j|\u2606ExessVGC\n|html|<table width=\"100%\"><tr><td align=\"left\">GX champion</td><td align=\"right\">ExessVGC</tr><tr><td align=\"left\"><i class=\"fa fa-circle-o\"></i> <i class=\"fa fa-circle-o\"></i> </td><td align=\"right\"><i class=\"fa fa-circle-o\"></i> <i class=\"fa fa-circle-o\"></i> </tr></table>\n|uhtml|bestof|<h2><strong>Game 1</strong> of <a href=\"/game-bestof3-gen9vgc2025regibo3-2353589201\">a best-of-3</a></h2>\n|t:|1745971760\n|gametype|doubles\n|player|p1|GX champion|170|1137\n|player|p2|ExessVGC|101|1111\n|teamsize|p1|6\n|teamsize|p2|6\n|gen|9\n|tier|[Gen 9] VGC 2025 Reg I (Bo3)\n|rated|\n|rule|Species Clause: Limit one of each Pok\u00e9mon\n|rule|Item Clause: Limit 1 of each item\n|clearpoke\n|poke|p1|Miraidon, L50|\n|poke|p1|Whimsicott, L50, F|\n|poke|p1|Urshifu-*, L50, M|\n|poke|p1|Farigiraf, L50, M|\n|poke|p1|Iron Hands, L50|\n|poke|p1|Ho-Oh, L50|\n|poke|p2|Giratina, L50|\n|poke|p2|Grimmsnarl, L50, M|\n|poke|p2|Incineroar, L50, M|\n|poke|p2|Tornadus, L50, M|\n|poke|p2|Urshifu-*, L50, M|\n|poke|p2|Miraidon, L50|\n|teampreview|4\n|showteam|p1|Miraidon||ChoiceSpecs|HadronEngine|ElectroDrift,DracoMeteor,VoltSwitch,DazzlingGleam||||||50|,,,,,Fairy]Whimsicott||CovertCloak|Prankster|Moonblast,Tailwind,LightScreen,Encore|||F|||50|,,,,,Dark]Urshifu-Rapid-Strike||FocusSash|UnseenFist|SurgingStrikes,CloseCombat,AquaJet,Protect|||M|||50|,,,,,Stellar]Farigiraf||ElectricSeed|ArmorTail|FoulPlay,PsychicNoise,TrickRoom,HelpingHand|||M|||50|,,,,,Water]Iron Hands||AssaultVest|QuarkDrive|DrainPunch,LowKick,WildCharge,FakeOut||||||50|,,,,,Bug]Ho-Oh||ClearAmulet|Regenerator|BraveBird,SacredFire,Protect,Recover||||||50|,,,,,Grass\n|showteam|p2|Giratina||Leftovers|Pressure|Hex,Protect,CalmMind,DragonPulse||||||50|,,,,,Fairy]Grimmsnarl||LightClay|Prankster|ThunderWave,LightScreen,Reflect,SpiritBreak|||M|||50|,,,,,Water]Incineroar||SafetyGoggles|Intimidate|FakeOut,WillOWisp,PartingShot,KnockOff|||M|||50|,,,,,Water]Tornadus||CovertCloak|Prankster|RainDance,Tailwind,BleakwindStorm,Taunt|||M|||50|,,,,,Dark]Urshifu-Rapid-Strike||ChoiceScarf|UnseenFist|SurgingStrikes,CloseCombat,Uturn,AquaJet|||M|||50|,,,,,Grass]Miraidon||LifeOrb|HadronEngine|DazzlingGleam,ElectroDrift,DracoMeteor,Protect||||||50|,,,,,Fairy\n|inactive|Battle timer is ON: inactive players will automatically lose when time's up. (requested by GX champion)\n|inactive|ExessVGC has 60 seconds left.\n|\n|t:|1745971806\n|start\n|switch|p1a: Whimsicott|Whimsicott, L50, F|100/100\n|switch|p1b: Miraidon|Miraidon, L50|100/100\n|switch|p2a: Il Don|Miraidon, L50|100/100\n|switch|p2b: Il Campione|Incineroar, L50, M|100/100\n|-fieldstart|move: Electric Terrain|[from] ability: Hadron Engine|[of] p2a: Il Don\n|-activate|p1b: Miraidon|ability: Hadron Engine\n|-ability|p2b: Il Campione|Intimidate|boost\n|-unboost|p1a: Whimsicott|atk|1\n|-unboost|p1b: Miraidon|atk|1\n|turn|1\n|inactive|GX champion has 30 seconds left.\n|inactive|GX champion has 20 seconds left.\n|inactive|GX champion has 15 seconds left.\n|inactive|GX champion has 10 seconds left.\n|inactive|GX champion has 5 seconds left.\n|\n|t:|1745971861\n|-terastallize|p2a: Il Don|Fairy\n|move|p2b: Il Campione|Fake Out|p1b: Miraidon\n|-damage|p1b: Miraidon|89/100\n|move|p2a: Il Don|Dazzling Gleam|p1b: Miraidon|[spread] p1a,p1b\n|-supereffective|p1b: Miraidon\n|-damage|p1a: Whimsicott|42/100\n|-damage|p1b: Miraidon|0 fnt\n|faint|p1b: Miraidon\n|-damage|p2a: Il Don|91/100|[from] item: Life Orb\n|move|p1a: Whimsicott|Moonblast|p2b: Il Campione\n|-damage|p2b: Il Campione|78/100\n|\n|upkeep\n|\n|t:|1745971872\n|switch|p1b: Ho-Oh|Ho-Oh, L50|100/100\n|turn|2\n|\n|t:|1745971889\n|move|p2a: Il Don|Protect|p2a: Il Don\n|-singleturn|p2a: Il Don|Protect\n|move|p1a: Whimsicott|Encore|p2a: Il Don\n|-activate|p2a: Il Don|move: Protect\n|move|p1b: Ho-Oh|Sacred Fire|p2a: Il Don\n|-activate|p2a: Il Don|move: Protect\n|move|p2b: Il Campione|Parting Shot|p1b: Ho-Oh\n|-fail|p1b: Ho-Oh|unboost|[from] item: Clear Amulet|[of] p1b: Ho-Oh\n|\n|upkeep\n|turn|3\n|\n|t:|1745971913\n|switch|p2a: Goth Princess|Giratina, L50|100/100\n|-ability|p2a: Goth Princess|Pressure\n|move|p1a: Whimsicott|Encore||[still]\n|-fail|p1a: Whimsicott\n|move|p1b: Ho-Oh|Brave Bird|p2b: Il Campione\n|-damage|p2b: Il Campione|26/100\n|-damage|p1b: Ho-Oh|84/100|[from] Recoil\n|move|p2b: Il Campione|Parting Shot|p1a: Whimsicott\n|-unboost|p1a: Whimsicott|atk|1\n|-unboost|p1a: Whimsicott|spa|1\n|\n|t:|1745971928\n|switch|p2b: Green Goblin|Grimmsnarl, L50, M|100/100|[from] Parting Shot\n|\n|upkeep\n|turn|4\n|inactive|ExessVGC has 30 seconds left.\n|\n|t:|1745971955\n|move|p1a: Whimsicott|Light Screen|p1a: Whimsicott\n|-sidestart|p1: GX champion|move: Light Screen\n|move|p2b: Green Goblin|Reflect|p2b: Green Goblin\n|-sidestart|p2: ExessVGC|Reflect\n|move|p2a: Goth Princess|Calm Mind|p2a: Goth Princess\n|-boost|p2a: Goth Princess|spa|1\n|-boost|p2a: Goth Princess|spd|1\n|move|p1b: Ho-Oh|Sacred Fire|p2b: Green Goblin\n|-damage|p2b: Green Goblin|65/100\n|-status|p2b: Green Goblin|brn\n|\n|-damage|p2b: Green Goblin|59/100 brn|[from] brn\n|upkeep\n|turn|5\n|inactive|ExessVGC has 30 seconds left.\n|inactive|ExessVGC has 20 seconds left.\n|inactive|ExessVGC has 15 seconds left.\n|\n|t:|1745971996\n|move|p2a: Goth Princess|Protect|p2a: Goth Princess\n|-singleturn|p2a: Goth Princess|Protect\n|move|p1a: Whimsicott|Encore|p2a: Goth Princess\n|-activate|p2a: Goth Princess|move: Protect\n|move|p2b: Green Goblin|Thunder Wave|p1b: Ho-Oh\n|-status|p1b: Ho-Oh|par\n|move|p1b: Ho-Oh|Brave Bird|p2b: Green Goblin\n|-damage|p2b: Green Goblin|19/100 brn\n|-damage|p1b: Ho-Oh|72/100 par|[from] Recoil\n|\n|-damage|p2b: Green Goblin|13/100 brn|[from] brn\n|-fieldend|move: Electric Terrain\n|upkeep\n|turn|6\n|\n|t:|1745972015\n|switch|p2a: Il Campione|Incineroar, L50, M|26/100\n|-ability|p2a: Il Campione|Intimidate|boost\n|-unboost|p1a: Whimsicott|atk|1\n|-fail|p1b: Ho-Oh|unboost|[from] item: Clear Amulet|[of] p1b: Ho-Oh\n|move|p1a: Whimsicott|Encore|p2a: Il Campione\n|-hint|Since gen 7, Dark is immune to Prankster moves.\n|-immune|p2a: Il Campione\n|move|p2b: Green Goblin|Thunder Wave|p1a: Whimsicott\n|-status|p1a: Whimsicott|par\n|cant|p1b: Ho-Oh|par\n|\n|-damage|p2b: Green Goblin|7/100 brn|[from] brn\n|upkeep\n|turn|7\n|\n|t:|1745972037\n|move|p2a: Il Campione|Knock Off|p1b: Ho-Oh\n|-damage|p1b: Ho-Oh|40/100 par\n|-enditem|p1b: Ho-Oh|Clear Amulet|[from] move: Knock Off|[of] p2a: Il Campione\n|cant|p1a: Whimsicott|par\n|move|p2b: Green Goblin|Spirit Break|p1a: Whimsicott\n|-damage|p1a: Whimsicott|21/100 par\n|cant|p1b: Ho-Oh|par\n|\n|-damage|p2b: Green Goblin|1/100 brn|[from] brn\n|upkeep\n|turn|8\n|\n|t:|1745972056\n|move|p2a: Il Campione|Parting Shot|p1b: Ho-Oh\n|-unboost|p1b: Ho-Oh|atk|1\n|-unboost|p1b: Ho-Oh|spa|1\n|\n|t:|1745972061\n|switch|p2a: Goth Princess|Giratina, L50|100/100|[from] Parting Shot\n|-ability|p2a: Goth Princess|Pressure\n|move|p1a: Whimsicott|Moonblast|p2a: Goth Princess\n|-supereffective|p2a: Goth Princess\n|-damage|p2a: Goth Princess|79/100\n|move|p2b: Green Goblin|Spirit Break|p1a: Whimsicott\n|-damage|p1a: Whimsicott|1/100 par\n|move|p1b: Ho-Oh|Recover|p1b: Ho-Oh\n|-heal|p1b: Ho-Oh|90/100 par\n|\n|-heal|p2a: Goth Princess|86/100|[from] item: Leftovers\n|-damage|p2b: Green Goblin|0 fnt|[from] brn\n|faint|p2b: Green Goblin\n|-sideend|p1: GX champion|move: Light Screen\n|upkeep\n|\n|t:|1745972082\n|switch|p2b: Il Campione|Incineroar, L50, M|26/100\n|-ability|p2b: Il Campione|Intimidate|boost\n|-unboost|p1a: Whimsicott|atk|1\n|-unboost|p1b: Ho-Oh|atk|1\n|turn|9\n|\n|t:|1745972089\n|switch|p1b: Farigiraf|Farigiraf, L50, M|100/100\n|move|p2b: Il Campione|Fake Out||[still]\n|cant|p1b: Farigiraf|ability: Armor Tail|Fake Out|[of] p2b: Il Campione\n|cant|p1a: Whimsicott|par\n|move|p2a: Goth Princess|Calm Mind|p2a: Goth Princess\n|-boost|p2a: Goth Princess|spa|1\n|-boost|p2a: Goth Princess|spd|1\n|\n|-heal|p2a: Goth Princess|92/100|[from] item: Leftovers\n|upkeep\n|turn|10\n|\n|t:|1745972102\n|move|p2a: Goth Princess|Protect|p2a: Goth Princess\n|-singleturn|p2a: Goth Princess|Protect\n|move|p1a: Whimsicott|Tailwind|p1a: Whimsicott\n|-sidestart|p1: GX champion|move: Tailwind\n|move|p1b: Farigiraf|Foul Play|p2a: Goth Princess\n|-activate|p2a: Goth Princess|move: Protect\n|move|p2b: Il Campione|Knock Off|p1a: Whimsicott\n|-resisted|p1a: Whimsicott\n|-damage|p1a: Whimsicott|0 fnt\n|-enditem|p1a: Whimsicott|Covert Cloak|[from] move: Knock Off|[of] p2b: Il Campione\n|faint|p1a: Whimsicott\n|\n|-heal|p2a: Goth Princess|98/100|[from] item: Leftovers\n|upkeep\n|\n|t:|1745972108\n|switch|p1a: Ho-Oh|Ho-Oh, L50|100/100 par\n|turn|11\n|inactive|ExessVGC has 30 seconds left.\n|\n|t:|1745972138\n|move|p1b: Farigiraf|Foul Play|p2a: Goth Princess\n|-supereffective|p2a: Goth Princess\n|-damage|p2a: Goth Princess|84/100\n|move|p2a: Goth Princess|Hex|p1a: Ho-Oh\n|-damage|p1a: Ho-Oh|47/100 par\n|move|p1a: Ho-Oh|Brave Bird|p2b: Il Campione\n|-damage|p2b: Il Campione|0 fnt\n|faint|p2b: Il Campione\n|-damage|p1a: Ho-Oh|39/100 par|[from] Recoil\n|\n|-heal|p2a: Goth Princess|90/100|[from] item: Leftovers\n|-sideend|p2: ExessVGC|Reflect\n|upkeep\n|\n|t:|1745972148\n|switch|p2b: Il Don|Miraidon, L50, tera:Fairy|91/100\n|-fieldstart|move: Electric Terrain|[from] ability: Hadron Engine|[of] p2b: Il Don\n|-enditem|p1b: Farigiraf|Electric Seed\n|-boost|p1b: Farigiraf|def|1|[from] item: Electric Seed\n|turn|12\n|\n|t:|1745972159\n|move|p1a: Ho-Oh|Protect|p1a: Ho-Oh\n|-singleturn|p1a: Ho-Oh|Protect\n|move|p2b: Il Don|Electro Drift|p1b: Farigiraf\n|-damage|p1b: Farigiraf|0 fnt\n|faint|p1b: Farigiraf\n|-damage|p2b: Il Don|81/100|[from] item: Life Orb\n|move|p2a: Goth Princess|Dragon Pulse|p1a: Ho-Oh\n|-activate|p1a: Ho-Oh|move: Protect\n|\n|-heal|p2a: Goth Princess|96/100|[from] item: Leftovers\n|upkeep\n|turn|13\n|-message|GX champion forfeited.\n|\n|win|ExessVGC\n|l|\u2606GX champion\n|player|p1|\n|raw|GX champion's rating: 1137 &rarr; <strong>1110</strong><br />(-27 for losing)\n|raw|ExessVGC's rating: 1111 &rarr; <strong>1138</strong><br />(+27 for winning)\n|l|\u2606ExessVGC\n|player|p2|\n|j|\u2606ExessVGC\n|player|p2|ExessVGC|101|\n|l|\u2606ExessVGC\n|player|p2|\n", "uploadtime": 1745972485, "views": 7, "formatid": "gen9vgc2025regibo3", "rating": 1110, "private": 0, "password": null}