{"id": "gen9vgc2025regibo3-2354190507", "format": "[Gen 9] VGC 2025 Reg I (Bo3)", "players": ["aC0ldTurkey", "Victini3333"], "log": "|j|\u2606aC0ldTurkey\n|j|\u2606Victini3333\n|html|<table width=\"100%\"><tr><td align=\"left\">aC0ldTurkey</td><td align=\"right\">Victini3333</tr><tr><td align=\"left\"><i class=\"fa fa-circle\"></i> <i class=\"fa fa-circle-o\"></i> </td><td align=\"right\"><i class=\"fa fa-circle-o\"></i> <i class=\"fa fa-circle-o\"></i> </tr></table>\n|uhtml|bestof|<h2><strong>Game 2</strong> of <a href=\"/game-bestof3-gen9vgc2025regibo3-2354187498\">a best-of-3</a></h2>\n|t:|1746043020\n|gametype|doubles\n|player|p1|aC0ldTurkey|1|1108\n|player|p2|Victini3333|erika|1064\n|teamsize|p1|6\n|teamsize|p2|6\n|gen|9\n|tier|[Gen 9] VGC 2025 Reg I (Bo3)\n|rated|\n|rule|Species Clause: Limit one of each Pok\u00e9mon\n|rule|Item Clause: Limit 1 of each item\n|clearpoke\n|poke|p1|Zamazenta-*, L50|\n|poke|p1|Calyrex-Shadow, L50|\n|poke|p1|Tornadus, L50, M|\n|poke|p1|Urshifu-*, L50, F|\n|poke|p1|Rillaboom, L50, M|\n|poke|p1|Chien-Pao, L50|\n|poke|p2|Zamazenta-*, L50|\n|poke|p2|Calyrex-Shadow, L50|\n|poke|p2|Urshifu-*, L50, M|\n|poke|p2|Tornadus, L50, M|\n|poke|p2|Farigiraf, L50, F|\n|poke|p2|Iron Hands, L50|\n|teampreview|4\n|showteam|p1|Zamazenta-Crowned||RustedShield|DauntlessShield|BodyPress,HeavySlam,WideGuard,Protect||||||50|,,,,,Ghost]Calyrex-Shadow||FocusSash|AsOneSpectrier|AstralBarrage,Psychic,Encore,Protect||||||50|,,,,,Ghost]Tornadus||RockyHelmet|Prankster|BleakwindStorm,Tailwind,RainDance,Protect|||M|||50|,,,,,Dark]Urshifu-Rapid-Strike||MysticWater|UnseenFist|SurgingStrikes,CloseCombat,AquaJet,Detect|||F|||50|,,,,,Water]Rillaboom||AssaultVest|GrassySurge|FakeOut,GrassyGlide,WoodHammer,Uturn|||M|||50|,,,,,Fire]Chien-Pao||LifeOrb|SwordofRuin|SuckerPunch,IcicleCrash,IceShard,Protect||||||50|,,,,,Stellar\n|showteam|p2|Zamazenta-Crowned||RustedShield|DauntlessShield|BodyPress,IronDefense,HeavySlam,WideGuard||||||50|,,,,,Grass]Calyrex-Shadow||LifeOrb|AsOneSpectrier|AstralBarrage,NastyPlot,DrainingKiss,Protect||||||50|,,,,,Fairy]Urshifu-Rapid-Strike||MysticWater|UnseenFist|SurgingStrikes,CloseCombat,Detect,AquaJet|||M|||50|,,,,,Water]Tornadus||CovertCloak|Prankster|BleakwindStorm,Tailwind,RainDance,Taunt|||M|||50|,,,,,Dark]Farigiraf||RockyHelmet|ArmorTail|Imprison,PsychicNoise,TrickRoom,HelpingHand|||F|||50|,,,,,Water]Iron Hands||AssaultVest|QuarkDrive|FakeOut,WildCharge,DrainPunch,HeavySlam||||||50|,,,,,Grass\n|inactive|Battle timer is ON: inactive players will automatically lose when time's up. (requested by aC0ldTurkey)\n|\n|t:|1746043050\n|start\n|switch|p1a: Tornadus|Tornadus, L50, M|100/100\n|switch|p1b: Zamazenta|Zamazenta-Crowned, L50|100/100\n|switch|p2a: Farigiraf|Farigiraf, L50, F|100/100\n|switch|p2b: Iron Hands|Iron Hands, L50|100/100\n|-ability|p1b: Zamazenta|Dauntless Shield|boost\n|-boost|p1b: Zamazenta|def|1\n|turn|1\n|inactive|Victini3333 has 30 seconds left.\n|\n|t:|1746043079\n|move|p1b: Zamazenta|Protect|p1b: Zamazenta\n|-singleturn|p1b: Zamazenta|Protect\n|move|p1a: Tornadus|Rain Dance|p1a: Tornadus\n|-weather|RainDance\n|move|p2a: Farigiraf|Psychic Noise|p1a: Tornadus\n|-crit|p1a: Tornadus\n|-damage|p1a: Tornadus|44/100\n|-start|p1a: Tornadus|move: Heal Block\n|move|p2b: Iron Hands|Wild Charge|p1a: Tornadus\n|-supereffective|p1a: Tornadus\n|-damage|p1a: Tornadus|0 fnt\n|-damage|p2b: Iron Hands|84/100|[from] item: Rocky Helmet|[of] p1a: Tornadus\n|faint|p1a: Tornadus\n|-damage|p2b: Iron Hands|75/100|[from] Recoil\n|\n|-weather|RainDance|[upkeep]\n|upkeep\n|\n|t:|1746043100\n|switch|p1a: Urshifu|Urshifu-Rapid-Strike, L50, F|100/100\n|turn|2\n|\n|t:|1746043115\n|move|p1a: Urshifu|Surging Strikes|p2b: Iron Hands\n|-crit|p2b: Iron Hands\n|-damage|p2b: Iron Hands|49/100\n|-crit|p2b: Iron Hands\n|-damage|p2b: Iron Hands|23/100\n|-crit|p2b: Iron Hands\n|-damage|p2b: Iron Hands|0 fnt\n|faint|p2b: Iron Hands\n|-end|p2b: Iron Hands|Quark Drive|[silent]\n|-hitcount|p2: Iron Hands|3\n|move|p1b: Zamazenta|Body Press|p2a: Farigiraf\n|-damage|p2a: Farigiraf|34/100\n|-damage|p1b: Zamazenta|84/100|[from] item: Rocky Helmet|[of] p2a: Farigiraf\n|move|p2a: Farigiraf|Psychic Noise|p1a: Urshifu\n|-supereffective|p1a: Urshifu\n|-damage|p1a: Urshifu|1/100\n|-start|p1a: Urshifu|move: Heal Block\n|\n|-weather|RainDance|[upkeep]\n|upkeep\n|\n|t:|1746043125\n|switch|p2b: Tornadus|Tornadus, L50, M|100/100\n|turn|3\n|\n|t:|1746043146\n|move|p2b: Tornadus|Tailwind|p2b: Tornadus\n|-sidestart|p2: Victini3333|move: Tailwind\n|move|p2a: Farigiraf|Psychic Noise|p1a: Urshifu\n|-supereffective|p1a: Urshifu\n|-damage|p1a: Urshifu|0 fnt\n|faint|p1a: Urshifu\n|move|p1b: Zamazenta|Heavy Slam|p2b: Tornadus\n|-crit|p2b: Tornadus\n|-damage|p2b: Tornadus|28/100\n|\n|-weather|RainDance|[upkeep]\n|upkeep\n|\n|t:|1746043156\n|switch|p1a: Calyrex|Calyrex-Shadow, L50|100/100\n|-ability|p1a: Calyrex|As One\n|-ability|p1a: Calyrex|Unnerve\n|turn|4\n|inactive|Victini3333 has 30 seconds left.\n|\n|t:|1746043189\n|move|p1b: Zamazenta|Wide Guard|p1b: Zamazenta\n|-singleturn|p1b: Zamazenta|Wide Guard\n|move|p2b: Tornadus|Taunt|p1b: Zamazenta\n|-start|p1b: Zamazenta|move: Taunt\n|move|p1a: Calyrex|Astral Barrage|p2a: Farigiraf|[spread] p2b\n|-immune|p2a: Farigiraf\n|-crit|p2b: Tornadus\n|-damage|p2b: Tornadus|0 fnt\n|faint|p2b: Tornadus\n|-ability|p1a: Calyrex|Grim Neigh|boost\n|-boost|p1a: Calyrex|spa|1\n|move|p2a: Farigiraf|Psychic Noise|p1a: Calyrex\n|-resisted|p1a: Calyrex\n|-damage|p1a: Calyrex|83/100\n|-start|p1a: Calyrex|move: Heal Block\n|\n|-weather|RainDance|[upkeep]\n|upkeep\n|\n|t:|1746043206\n|switch|p2b: Calyrex|Calyrex-Shadow, L50|100/100\n|-ability|p2b: Calyrex|As One\n|-ability|p2b: Calyrex|Unnerve\n|turn|5\n|inactive|aC0ldTurkey has 30 seconds left.\n|\n|t:|1746043238\n|-terastallize|p1a: Calyrex|Ghost\n|move|p2a: Farigiraf|Helping Hand|p2b: Calyrex\n|-singleturn|p2b: Calyrex|Helping Hand|[of] p2a: Farigiraf\n|move|p2b: Calyrex|Astral Barrage|p1b: Zamazenta|[spread] p1a,p1b\n|-supereffective|p1a: Calyrex\n|-damage|p1a: Calyrex|0 fnt\n|-damage|p1b: Zamazenta|21/100\n|faint|p1a: Calyrex\n|-ability|p2b: Calyrex|Grim Neigh|boost\n|-boost|p2b: Calyrex|spa|1\n|-damage|p2b: Calyrex|91/100|[from] item: Life Orb\n|move|p1b: Zamazenta|Heavy Slam|p2b: Calyrex\n|-damage|p2b: Calyrex|37/100\n|\n|-weather|none\n|upkeep\n|turn|6\n|\n|t:|1746043258\n|move|p2b: Calyrex|Astral Barrage|p1b: Zamazenta\n|-damage|p1b: Zamazenta|0 fnt\n|faint|p1b: Zamazenta\n|-damage|p2b: Calyrex|28/100|[from] item: Life Orb\n|\n|win|Victini3333\n|inactive|aC0ldTurkey has 30 seconds to confirm battle start!\n|inactive|Victini3333 has 30 seconds to confirm battle start!\n||Victini3333 is ready for game 3.\n||aC0ldTurkey is ready for game 3.\n|uhtml|next|Next: <a href=\"/battle-gen9vgc2025regibo3-2354193172\"><strong>Game 3 of 3</strong></a>\n|l|\u2606Victini3333\n|player|p2|\n", "uploadtime": 1746043730, "views": 13, "formatid": "gen9vgc2025regibo3", "rating": null, "private": 0, "password": null}