{"id": "gen9vgc2025regibo3-2353330393", "format": "[Gen 9] VGC 2025 Reg I (Bo3)", "players": ["DragonMasterCody", "Maximilian sheldon"], "log": "|j|\u2606DragonMasterCody\n|j|\u2606Maximilian sheldon\n|html|<table width=\"100%\"><tr><td align=\"left\">DragonMasterCody</td><td align=\"right\">Maximilian sheldon</tr><tr><td align=\"left\"><i class=\"fa fa-circle\"></i> <i class=\"fa fa-circle-o\"></i> </td><td align=\"right\"><i class=\"fa fa-circle-o\"></i> <i class=\"fa fa-circle-o\"></i> </tr></table>\n|uhtml|bestof|<h2><strong>Game 2</strong> of <a href=\"/game-bestof3-gen9vgc2025regibo3-2353327675\">a best-of-3</a></h2>\n|t:|1745946950\n|gametype|doubles\n|player|p1|DragonMasterCody|lance|1418\n|player|p2|Maximilian sheldon|morty|1435\n|teamsize|p1|6\n|teamsize|p2|6\n|gen|9\n|tier|[Gen 9] VGC 2025 Reg I (Bo3)\n|rated|\n|rule|Species Clause: Limit one of each Pok\u00e9mon\n|rule|Item Clause: Limit 1 of each item\n|clearpoke\n|poke|p1|Koraidon, L50|\n|poke|p1|Chi-Yu, L50|\n|poke|p1|Calyrex-Ice, L50|\n|poke|p1|Flutter Mane, L50|\n|poke|p1|Walking Wake, L50|\n|poke|p1|Raging Bolt, L50|\n|poke|p2|Kyogre, L50|\n|poke|p2|Amoonguss, L50, M|\n|poke|p2|Rillaboom, L50, M|\n|poke|p2|Urshifu-*, L50, F|\n|poke|p2|Calyrex-Ice, L50|\n|poke|p2|Iron Jugulis, L50|\n|teampreview|4\n|showteam|p1|Koraidon||LoadedDice|OrichalcumPulse|CollisionCourse,FlareBlitz,Protect,ScaleShot||||||50|,,,,,Fire]Chi-Yu||ChoiceScarf|BeadsofRuin|DarkPulse,HeatWave,Flamethrower,Snarl||||||50|,,,,,Ghost]Calyrex-Ice||ClearAmulet|AsOneGlastrier|HighHorsepower,GlacialLance,Protect,TrickRoom||||||50|,,,,,Water]Flutter Mane||FocusSash|Protosynthesis|ShadowBall,Moonblast,Protect,IcyWind||||||50|,,,,,Fairy]Walking Wake||ChoiceSpecs|Protosynthesis|WeatherBall,HydroSteam,Snarl,DracoMeteor||||||50|,,,,,Water]Raging Bolt||AssaultVest|Protosynthesis|Thunderclap,Thunderbolt,Electroweb,DragonPulse||||||50|,,,,,Electric\n|showteam|p2|Kyogre||MysticWater|Drizzle|WaterSpout,OriginPulse,IceBeam,Protect||||||50|,,,,,Grass]Amoonguss||RockyHelmet|Regenerator|RagePowder,Spore,SludgeBomb,Protect|||M|||50|,,,,,Fairy]Rillaboom||AssaultVest|GrassySurge|WoodHammer,GrassyGlide,Uturn,FakeOut|||M|||50|,,,,,Normal]Urshifu-Rapid-Strike||ChoiceScarf|UnseenFist|SurgingStrikes,CloseCombat,AquaJet,Uturn|||F|||50|,,,,,Ghost]Calyrex-Ice||ClearAmulet|AsOneGlastrier|GlacialLance,HighHorsepower,TrickRoom,Protect||||||50|,,,,,Fire]Iron Jugulis||BoosterEnergy|QuarkDrive|Hurricane,Snarl,Tailwind,Protect||||||50|,,,,,Water\n|\n|t:|1745946974\n|start\n|switch|p1a: Koraidon|Koraidon, L50|100/100\n|switch|p1b: Calyrex|Calyrex-Ice, L50|100/100\n|switch|p2a: Rillaboom|Rillaboom, L50, M|100/100\n|switch|p2b: Calyrex|Calyrex-Ice, L50|100/100\n|-ability|p1b: Calyrex|As One\n|-ability|p1b: Calyrex|Unnerve\n|-ability|p2b: Calyrex|As One\n|-ability|p2b: Calyrex|Unnerve\n|-weather|SunnyDay|[from] ability: Orichalcum Pulse|[of] p1a: Koraidon\n|-activate|p1a: Koraidon|Orichalcum Pulse|[source]\n|-fieldstart|move: Grassy Terrain|[from] ability: Grassy Surge|[of] p2a: Rillaboom\n|turn|1\n|\n|t:|1745947002\n|-terastallize|p2b: Calyrex|Fire\n|move|p1a: Koraidon|Protect|p1a: Koraidon\n|-singleturn|p1a: Koraidon|Protect\n|move|p2a: Rillaboom|Fake Out|p1b: Calyrex\n|-damage|p1b: Calyrex|92/100\n|cant|p1b: Calyrex|flinch\n|move|p2b: Calyrex|Trick Room|p2b: Calyrex\n|-fieldstart|move: Trick Room|[of] p2b: Calyrex\n|\n|-weather|SunnyDay|[upkeep]\n|-heal|p1b: Calyrex|98/100|[from] Grassy Terrain\n|upkeep\n|turn|2\n|\n|t:|1745947039\n|switch|p2a: Kyogre|Kyogre, L50|100/100\n|-weather|RainDance|[from] ability: Drizzle|[of] p2a: Kyogre\n|-terastallize|p1a: Koraidon|Fire\n|move|p2b: Calyrex|Glacial Lance|p1b: Calyrex|[spread] p1a,p1b\n|-resisted|p1a: Koraidon\n|-resisted|p1b: Calyrex\n|-damage|p1a: Koraidon|78/100\n|-damage|p1b: Calyrex|82/100\n|move|p1b: Calyrex|High Horsepower|p2b: Calyrex\n|-supereffective|p2b: Calyrex\n|-damage|p2b: Calyrex|48/100\n|move|p1a: Koraidon|Collision Course|p2a: Kyogre\n|-damage|p2a: Kyogre|54/100\n|\n|-weather|RainDance|[upkeep]\n|-heal|p2b: Calyrex|54/100|[from] Grassy Terrain\n|-heal|p1b: Calyrex|87/100|[from] Grassy Terrain\n|-heal|p2a: Kyogre|60/100|[from] Grassy Terrain\n|-heal|p1a: Koraidon|84/100|[from] Grassy Terrain\n|upkeep\n|turn|3\n|\n|t:|1745947092\n|switch|p1a: Walking Wake|Walking Wake, L50|100/100\n|move|p1b: Calyrex|Protect|p1b: Calyrex\n|-singleturn|p1b: Calyrex|Protect\n|move|p2b: Calyrex|Glacial Lance|p1b: Calyrex|[spread] p1a\n|-activate|p1b: Calyrex|move: Protect\n|-damage|p1a: Walking Wake|36/100\n|move|p2a: Kyogre|Origin Pulse|p1a: Walking Wake|[spread] p1a\n|-activate|p1b: Calyrex|move: Protect\n|-resisted|p1a: Walking Wake\n|-damage|p1a: Walking Wake|13/100\n|\n|-weather|RainDance|[upkeep]\n|-heal|p2b: Calyrex|60/100|[from] Grassy Terrain\n|-heal|p1b: Calyrex|93/100|[from] Grassy Terrain\n|-heal|p2a: Kyogre|66/100|[from] Grassy Terrain\n|-heal|p1a: Walking Wake|19/100|[from] Grassy Terrain\n|upkeep\n|turn|4\n|\n|t:|1745947119\n|-end|p1a: Walking Wake|Protosynthesis|[silent]\n|switch|p1a: Koraidon|Koraidon, L50, tera:Fire|84/100\n|-weather|SunnyDay|[from] ability: Orichalcum Pulse|[of] p1a: Koraidon\n|-activate|p1a: Koraidon|Orichalcum Pulse|[source]\n|move|p2b: Calyrex|Glacial Lance|p1a: Koraidon|[spread] p1a,p1b\n|-resisted|p1a: Koraidon\n|-resisted|p1b: Calyrex\n|-damage|p1a: Koraidon|59/100\n|-damage|p1b: Calyrex|77/100\n|move|p1b: Calyrex|High Horsepower|p2b: Calyrex\n|-supereffective|p2b: Calyrex\n|-damage|p2b: Calyrex|14/100\n|move|p2a: Kyogre|Origin Pulse|p1b: Calyrex|[spread] p1a,p1b\n|-supereffective|p1a: Koraidon\n|-damage|p1a: Koraidon|11/100\n|-damage|p1b: Calyrex|59/100\n|\n|-weather|SunnyDay|[upkeep]\n|-heal|p2b: Calyrex|19/100|[from] Grassy Terrain\n|-heal|p1b: Calyrex|65/100|[from] Grassy Terrain\n|-heal|p2a: Kyogre|72/100|[from] Grassy Terrain\n|-heal|p1a: Koraidon|17/100|[from] Grassy Terrain\n|upkeep\n|turn|5\n|\n|t:|1745947139\n|move|p1a: Koraidon|Protect|p1a: Koraidon\n|-singleturn|p1a: Koraidon|Protect\n|move|p2b: Calyrex|High Horsepower|p1b: Calyrex\n|-damage|p1b: Calyrex|41/100\n|move|p1b: Calyrex|Glacial Lance|p2a: Kyogre|[spread] p2a,p2b\n|-resisted|p2a: Kyogre\n|-resisted|p2b: Calyrex\n|-damage|p2a: Kyogre|50/100\n|-damage|p2b: Calyrex|2/100\n|move|p2a: Kyogre|Origin Pulse|p1a: Koraidon|[spread] p1b\n|-activate|p1a: Koraidon|move: Protect\n|-damage|p1b: Calyrex|23/100\n|\n|-weather|SunnyDay|[upkeep]\n|-heal|p2b: Calyrex|8/100|[from] Grassy Terrain\n|-heal|p1b: Calyrex|29/100|[from] Grassy Terrain\n|-heal|p2a: Kyogre|56/100|[from] Grassy Terrain\n|-heal|p1a: Koraidon|23/100|[from] Grassy Terrain\n|-fieldend|move: Trick Room\n|-fieldend|move: Grassy Terrain\n|upkeep\n|turn|6\n|\n|t:|1745947170\n|move|p2a: Kyogre|Protect|p2a: Kyogre\n|-singleturn|p2a: Kyogre|Protect\n|move|p1a: Koraidon|Collision Course|p2a: Kyogre\n|-activate|p2a: Kyogre|move: Protect\n|move|p1b: Calyrex|Glacial Lance|p2b: Calyrex|[spread] p2b\n|-activate|p2a: Kyogre|move: Protect\n|-resisted|p2b: Calyrex\n|-damage|p2b: Calyrex|0 fnt\n|faint|p2b: Calyrex\n|-ability|p1b: Calyrex|Chilling Neigh|boost\n|-boost|p1b: Calyrex|atk|1\n|\n|-weather|SunnyDay|[upkeep]\n|upkeep\n|\n|t:|1745947172\n|switch|p2b: Urshifu|Urshifu-Rapid-Strike, L50, F|100/100\n|turn|7\n|\n|t:|1745947215\n|switch|p2a: Rillaboom|Rillaboom, L50, M|100/100\n|-fieldstart|move: Grassy Terrain|[from] ability: Grassy Surge|[of] p2a: Rillaboom\n|move|p2b: Urshifu|U-turn|p1b: Calyrex\n|-supereffective|p1b: Calyrex\n|-crit|p1b: Calyrex\n|-damage|p1b: Calyrex|0 fnt\n|faint|p1b: Calyrex\n|\n|t:|1745947219\n|switch|p2b: Kyogre|Kyogre, L50|56/100|[from] U-turn\n|-weather|RainDance|[from] ability: Drizzle|[of] p2b: Kyogre\n|move|p1a: Koraidon|Collision Course|p2b: Kyogre\n|-damage|p2b: Kyogre|11/100\n|\n|-weather|RainDance|[upkeep]\n|-heal|p1a: Koraidon|29/100|[from] Grassy Terrain\n|-heal|p2b: Kyogre|16/100|[from] Grassy Terrain\n|upkeep\n|\n|t:|1745947237\n|switch|p1b: Raging Bolt|Raging Bolt, L50|100/100\n|turn|8\n|\n|t:|1745947277\n|switch|p2b: Urshifu|Urshifu-Rapid-Strike, L50, F|100/100\n|move|p1a: Koraidon|Protect|p1a: Koraidon\n|-singleturn|p1a: Koraidon|Protect\n|move|p2a: Rillaboom|Fake Out|p1b: Raging Bolt\n|-damage|p1b: Raging Bolt|90/100\n|cant|p1b: Raging Bolt|flinch\n|\n|-weather|RainDance|[upkeep]\n|-heal|p1a: Koraidon|35/100|[from] Grassy Terrain\n|-heal|p1b: Raging Bolt|95/100|[from] Grassy Terrain\n|upkeep\n|turn|9\n|\n|t:|1745947299\n|switch|p1a: Walking Wake|Walking Wake, L50|19/100\n|move|p2b: Urshifu|U-turn|p1a: Walking Wake\n|-damage|p1a: Walking Wake|0 fnt\n|faint|p1a: Walking Wake\n|-end|p1a: Walking Wake|Protosynthesis|[silent]\n|\n|t:|1745947307\n|switch|p2b: Kyogre|Kyogre, L50|16/100|[from] U-turn\n|move|p2a: Rillaboom|Wood Hammer|p1b: Raging Bolt\n|-resisted|p1b: Raging Bolt\n|-damage|p1b: Raging Bolt|62/100\n|-damage|p2a: Rillaboom|89/100|[from] Recoil\n|move|p1b: Raging Bolt|Thunderbolt|p2b: Kyogre\n|-supereffective|p2b: Kyogre\n|-damage|p2b: Kyogre|0 fnt\n|faint|p2b: Kyogre\n|\n|-weather|RainDance|[upkeep]\n|-heal|p2a: Rillaboom|95/100|[from] Grassy Terrain\n|-heal|p1b: Raging Bolt|68/100|[from] Grassy Terrain\n|upkeep\n|\n|t:|1745947316\n|switch|p1a: Koraidon|Koraidon, L50, tera:Fire|35/100\n|switch|p2b: Urshifu|Urshifu-Rapid-Strike, L50, F|100/100\n|-weather|SunnyDay|[from] ability: Orichalcum Pulse|[of] p1a: Koraidon\n|-activate|p1b: Raging Bolt|ability: Protosynthesis\n|-start|p1b: Raging Bolt|protosynthesisspa\n|-activate|p1a: Koraidon|Orichalcum Pulse|[source]\n|turn|10\n|inactive|Battle timer is ON: inactive players will automatically lose when time's up. (requested by DragonMasterCody)\n|\n|t:|1745947372\n|move|p2a: Rillaboom|Fake Out||[still]\n|-hint|Fake Out only works on your first turn out.\n|-fail|p2a: Rillaboom\n|move|p2b: Urshifu|Close Combat|p1a: Koraidon\n|-damage|p1a: Koraidon|0 fnt\n|-unboost|p2b: Urshifu|def|1\n|-unboost|p2b: Urshifu|spd|1\n|faint|p1a: Koraidon\n|move|p1b: Raging Bolt|Thunderbolt|p2b: Urshifu\n|-supereffective|p2b: Urshifu\n|-damage|p2b: Urshifu|0 fnt\n|faint|p2b: Urshifu\n|\n|-weather|SunnyDay|[upkeep]\n|-heal|p2a: Rillaboom|100/100|[from] Grassy Terrain\n|-heal|p1b: Raging Bolt|74/100|[from] Grassy Terrain\n|upkeep\n|turn|11\n|\n|t:|1745947388\n|move|p2a: Rillaboom|Wood Hammer|p1b: Raging Bolt\n|-resisted|p1b: Raging Bolt\n|-damage|p1b: Raging Bolt|41/100\n|-damage|p2a: Rillaboom|89/100|[from] Recoil\n|move|p1b: Raging Bolt|Dragon Pulse|p2a: Rillaboom\n|-damage|p2a: Rillaboom|43/100\n|\n|-weather|SunnyDay|[upkeep]\n|-heal|p2a: Rillaboom|49/100|[from] Grassy Terrain\n|-heal|p1b: Raging Bolt|47/100|[from] Grassy Terrain\n|-fieldend|move: Grassy Terrain\n|upkeep\n|turn|12\n|\n|t:|1745947399\n|move|p2a: Rillaboom|U-turn|p1b: Raging Bolt\n|-damage|p1b: Raging Bolt|27/100\n|move|p1b: Raging Bolt|Dragon Pulse|p2a: Rillaboom\n|-crit|p2a: Rillaboom\n|-damage|p2a: Rillaboom|0 fnt\n|faint|p2a: Rillaboom\n|\n|win|DragonMasterCody\n|raw|DragonMasterCody's rating: 1418 &rarr; <strong>1439</strong><br />(+21 for winning)\n|raw|Maximilian sheldon's rating: 1435 &rarr; <strong>1414</strong><br />(-21 for losing)\n|l|\u2606Maximilian sheldon\n|player|p2|\n", "uploadtime": 1745947428, "views": 24, "formatid": "gen9vgc2025regibo3", "rating": 1414, "private": 0, "password": null}