{"id": "gen9vgc2025regibo3-2354229227", "format": "[Gen 9] VGC 2025 Reg I (Bo3)", "players": ["lokkont", "BrianJensVGC"], "log": "|j|\u2606lokkont\n|j|\u2606BrianJensVGC\n|html|<table width=\"100%\"><tr><td align=\"left\">lokkont</td><td align=\"right\">BrianJensVGC</tr><tr><td align=\"left\"><i class=\"fa fa-circle-o\"></i> <i class=\"fa fa-circle-o\"></i> </td><td align=\"right\"><i class=\"fa fa-circle-o\"></i> <i class=\"fa fa-circle-o\"></i> </tr></table>\n|uhtml|bestof|<h2><strong>Game 1</strong> of <a href=\"/game-bestof3-gen9vgc2025regibo3-2354229226\">a best-of-3</a></h2>\n|t:|1746046920\n|gametype|doubles\n|player|p1|lokkont|2|1245\n|player|p2|BrianJensVGC|bugsy|1278\n|teamsize|p1|6\n|teamsize|p2|6\n|gen|9\n|tier|[Gen 9] VGC 2025 Reg I (Bo3)\n|rated|\n|rule|Species Clause: Limit one of each Pok\u00e9mon\n|rule|Item Clause: Limit 1 of each item\n|clearpoke\n|poke|p1|Calyrex-Shadow, L50|\n|poke|p1|Zamazenta-*, L50|\n|poke|p1|Urshifu-*, L50, M|\n|poke|p1|Rillaboom, L50, M|\n|poke|p1|Incineroar, L50, M|\n|poke|p1|Pelipper, L50, M|\n|poke|p2|Koraidon, L50|\n|poke|p2|Flutter Mane, L50|\n|poke|p2|Raging Bolt, L50|\n|poke|p2|Chi-Yu, L50|\n|poke|p2|Lunala, L50|\n|poke|p2|Ogerpon-Cornerstone, L50, F|\n|teampreview|4\n|showteam|p1|Calyrex-Shadow||LifeOrb|AsOneSpectrier|Protect,AstralBarrage,Substitute,Psychic||||||50|,,,,,Dark]Zamazenta-Crowned||RustedShield|DauntlessShield|HeavySlam,BodyPress,Protect,WideGuard||||||50|,,,,,Dragon]Urshifu-Rapid-Strike||ChoiceScarf|UnseenFist|SurgingStrikes,CloseCombat,AquaJet,Uturn|||M|||50|,,,,,Ghost]Rillaboom||AssaultVest|GrassySurge|FakeOut,GrassyGlide,WoodHammer,Uturn|||M|||50|,,,,,Fire]Incineroar||SafetyGoggles|Intimidate|FakeOut,WillOWisp,KnockOff,PartingShot|||M|||50|,,,,,Bug]Pelipper||FocusSash|Drizzle|WeatherBall,Hurricane,Tailwind,Protect|||M|||50|,,,,,Ghost\n|showteam|p2|Koraidon||ClearAmulet|OrichalcumPulse|FlameCharge,FlareBlitz,CollisionCourse,Protect||||||50|,,,,,Fire]Flutter Mane||FocusSash|Protosynthesis|Moonblast,IcyWind,ThunderWave,Protect||||||50|,,,,,Normal]Raging Bolt||AssaultVest|Protosynthesis|Thunderbolt,Thunderclap,VoltSwitch,DracoMeteor||||||50|,,,,,Electric]Chi-Yu||ChoiceScarf|BeadsofRuin|Overheat,HeatWave,Snarl,DarkPulse||||||50|,,,,,Ghost]Lunala||PowerHerb|ShadowShield|MoongeistBeam,MeteorBeam,WideGuard,TrickRoom||||||50|,,,,,Water]Ogerpon-Cornerstone||CornerstoneMask|Sturdy|IvyCudgel,PowerWhip,SpikyShield,FollowMe|||F|||50|,,,,,Rock\n|inactive|Battle timer is ON: inactive players will automatically lose when time's up. (requested by lokkont)\n|inactive|lokkont has 60 seconds left.\n|inactive|BrianJensVGC has 60 seconds left.\n|inactive|BrianJensVGC has 30 seconds left.\n|inactive|BrianJensVGC has 20 seconds left.\n|inactive|BrianJensVGC has 15 seconds left.\n|inactive|BrianJensVGC has 10 seconds left.\n|\n|t:|1746047031\n|start\n|switch|p1a: Calyrex|Calyrex-Shadow, L50|100/100\n|switch|p1b: Incineroar|Incineroar, L50, M|100/100\n|switch|p2a: Flutter Mane|Flutter Mane, L50, shiny|100/100\n|switch|p2b: Chi-Yu|Chi-Yu, L50|100/100\n|-ability|p1a: Calyrex|As One\n|-ability|p1a: Calyrex|Unnerve\n|-ability|p2b: Chi-Yu|Beads of Ruin\n|-ability|p1b: Incineroar|Intimidate|boost\n|-unboost|p2a: Flutter Mane|atk|1\n|-unboost|p2b: Chi-Yu|atk|1\n|turn|1\n|inactive|lokkont has 30 seconds left.\n|inactive|lokkont has 20 seconds left.\n|inactive|lokkont has 15 seconds left.\n|inactive|lokkont has 10 seconds left.\n|\n|t:|1746047079\n|move|p1a: Calyrex|Protect|p1a: Calyrex\n|-singleturn|p1a: Calyrex|Protect\n|move|p2a: Flutter Mane|Protect|p2a: Flutter Mane\n|-singleturn|p2a: Flutter Mane|Protect\n|move|p2b: Chi-Yu|Snarl|p1a: Calyrex|[spread] p1b\n|-activate|p1a: Calyrex|move: Protect\n|-resisted|p1b: Incineroar\n|-damage|p1b: Incineroar|86/100\n|-unboost|p1b: Incineroar|spa|1\n|move|p1b: Incineroar|Parting Shot|p2a: Flutter Mane\n|-activate|p2a: Flutter Mane|move: Protect\n|\n|upkeep\n|turn|2\n|\n|t:|1746047103\n|switch|p1a: Zamazenta|Zamazenta-Crowned, L50|100/100\n|-ability|p1a: Zamazenta|Dauntless Shield|boost\n|-boost|p1a: Zamazenta|def|1\n|move|p2b: Chi-Yu|Snarl|p1b: Incineroar|[spread] p1a,p1b\n|-resisted|p1a: Zamazenta\n|-resisted|p1b: Incineroar\n|-damage|p1a: Zamazenta|87/100\n|-damage|p1b: Incineroar|72/100\n|-unboost|p1a: Zamazenta|spa|1\n|-unboost|p1b: Incineroar|spa|1\n|move|p2a: Flutter Mane|Moonblast|p1a: Zamazenta\n|-damage|p1a: Zamazenta|35/100\n|move|p1b: Incineroar|Parting Shot|p2a: Flutter Mane\n|-unboost|p2a: Flutter Mane|atk|1\n|-unboost|p2a: Flutter Mane|spa|1\n|\n|t:|1746047122\n|switch|p1b: Calyrex|Calyrex-Shadow, L50|100/100|[from] Parting Shot\n|-ability|p1b: Calyrex|As One\n|-ability|p1b: Calyrex|Unnerve\n|\n|upkeep\n|turn|3\n|\n|t:|1746047134\n|switch|p2b: Koraidon|Koraidon, L50|100/100\n|-weather|SunnyDay|[from] ability: Orichalcum Pulse|[of] p2b: Koraidon\n|-activate|p2a: Flutter Mane|ability: Protosynthesis\n|-start|p2a: Flutter Mane|protosynthesisspe\n|-activate|p2b: Koraidon|Orichalcum Pulse|[source]\n|move|p1a: Zamazenta|Wide Guard|p1a: Zamazenta\n|-singleturn|p1a: Zamazenta|Wide Guard\n|move|p2a: Flutter Mane|Thunder Wave|p1b: Calyrex|[miss]\n|-miss|p2a: Flutter Mane|p1b: Calyrex\n|move|p1b: Calyrex|Astral Barrage|p2a: Flutter Mane|[spread] p2a,p2b\n|-supereffective|p2a: Flutter Mane\n|-enditem|p2a: Flutter Mane|Focus Sash\n|-damage|p2a: Flutter Mane|1/100\n|-damage|p2b: Koraidon|47/100\n|-damage|p1b: Calyrex|91/100|[from] item: Life Orb\n|\n|-weather|SunnyDay|[upkeep]\n|upkeep\n|turn|4\n|\n|t:|1746047158\n|switch|p1a: Pelipper|Pelipper, L50, M|100/100\n|-weather|RainDance|[from] ability: Drizzle|[of] p1a: Pelipper\n|-end|p2a: Flutter Mane|Protosynthesis\n|move|p1b: Calyrex|Astral Barrage|p2b: Koraidon|[spread] p2a,p2b\n|-supereffective|p2a: Flutter Mane\n|-damage|p2a: Flutter Mane|0 fnt\n|-damage|p2b: Koraidon|0 fnt\n|faint|p2a: Flutter Mane\n|-end|p2a: Flutter Mane|Protosynthesis|[silent]\n|faint|p2b: Koraidon\n|-ability|p1b: Calyrex|Grim Neigh|boost\n|-boost|p1b: Calyrex|spa|2\n|-damage|p1b: Calyrex|81/100|[from] item: Life Orb\n|\n|-weather|RainDance|[upkeep]\n|upkeep\n|\n|t:|1746047173\n|switch|p2a: Ogerpon|Ogerpon-Cornerstone, L50, F|100/100\n|switch|p2b: Chi-Yu|Chi-Yu, L50|100/100\n|-ability|p2b: Chi-Yu|Beads of Ruin\n|turn|5\n|\n|t:|1746047184\n|-terastallize|p2b: Chi-Yu|Ghost\n|move|p1b: Calyrex|Protect|p1b: Calyrex\n|-singleturn|p1b: Calyrex|Protect\n|move|p2b: Chi-Yu|Dark Pulse|p1b: Calyrex\n|-activate|p1b: Calyrex|move: Protect\n|move|p2a: Ogerpon|Ivy Cudgel|p1a: Pelipper|[anim] Ivy Cudgel Rock\n|-supereffective|p1a: Pelipper\n|-enditem|p1a: Pelipper|Focus Sash\n|-damage|p1a: Pelipper|1/100\n|move|p1a: Pelipper|Tailwind|p1a: Pelipper\n|-sidestart|p1: lokkont|move: Tailwind\n|\n|-weather|RainDance|[upkeep]\n|upkeep\n|turn|6\n|-message|BrianJensVGC forfeited.\n|\n|win|lokkont\n|l|\u2606BrianJensVGC\n|player|p2|\n||BrianJensVGC is ready for game 2.\n||lokkont is ready for game 2.\n|uhtml|next|Next: <a href=\"/battle-gen9vgc2025regibo3-2354232051\"><strong>Game 2 of 3</strong></a>\n", "uploadtime": 1746047621, "views": 17, "formatid": "gen9vgc2025regibo3", "rating": null, "private": 0, "password": null}