{"id": "gen9vgc2025regibo3-2355030571", "format": "[Gen 9] VGC 2025 Reg I (Bo3)", "players": ["Lacossg", "Poolpgasp"], "log": "|j|\u2606Lacossg\n|j|\u2606Poolpgasp\n|html|<table width=\"100%\"><tr><td align=\"left\">Lacossg</td><td align=\"right\">Poolpgasp</tr><tr><td align=\"left\"><i class=\"fa fa-circle\"></i> <i class=\"fa fa-circle-o\"></i> </td><td align=\"right\"><i class=\"fa fa-circle-o\"></i> <i class=\"fa fa-circle-o\"></i> </tr></table>\n|uhtml|bestof|<h2><strong>Game 2</strong> of <a href=\"/game-bestof3-gen9vgc2025regibo3-2355027921\">a best-of-3</a></h2>\n|t:|1746144043\n|gametype|doubles\n|player|p1|Lacossg|265|1407\n|player|p2|Poolpgasp|1|1414\n|teamsize|p1|6\n|teamsize|p2|6\n|gen|9\n|tier|[Gen 9] VGC 2025 Reg I (Bo3)\n|rated|\n|rule|Species Clause: Limit one of each Pok\u00e9mon\n|rule|Item Clause: Limit 1 of each item\n|clearpoke\n|poke|p1|Calyrex-Shadow, L50|\n|poke|p1|Tyranitar, L50, F|\n|poke|p1|Excadrill, L50, M|\n|poke|p1|Indeedee-F, L50, F|\n|poke|p1|Raging Bolt, L50|\n|poke|p1|Ho-Oh, L50|\n|poke|p2|Miraidon, L50|\n|poke|p2|Calyrex-Shadow, L50|\n|poke|p2|Whimsicott, L50, F|\n|poke|p2|Ogerpon-Hearthflame, L50, F|\n|poke|p2|Urshifu-*, L50, M|\n|poke|p2|Iron Hands, L50|\n|teampreview|4\n|showteam|p1|Calyrex-Shadow||LifeOrb|AsOneSpectrier|AstralBarrage,ExpandingForce,Encore,Protect||||||50|,,,,,Normal]Tyranitar||FocusSash|SandStream|KnockOff,RockSlide,Taunt,Protect|||F|||50|,,,,,Grass]Excadrill||ClearAmulet|SandRush|HighHorsepower,Earthquake,IronHead,Protect|||M|||50|,,,,,Ground]Indeedee-F||RockyHelmet|PsychicSurge|Imprison,Psychic,TrickRoom,FollowMe|||F|||50|,,,,,Water]Raging Bolt||AssaultVest|Protosynthesis|Thunderclap,Electroweb,DracoMeteor,Snarl||||||50|,,,,,Fairy]Ho-Oh||SafetyGoggles|Regenerator|BraveBird,SacredFire,Tailwind,Protect||||||50|,,,,,Water\n|showteam|p2|Miraidon||ChoiceSpecs|HadronEngine|ElectroDrift,VoltSwitch,DragonPulse,Overheat||||||50|,,,,,Fire]Calyrex-Shadow||LifeOrb|AsOneSpectrier|NastyPlot,AstralBarrage,Psychic,Protect||||||50|,,,,,Dark]Whimsicott||CovertCloak|Prankster|Tailwind,LightScreen,Encore,Moonblast|||F|||50|,,,,,Dark]Ogerpon-Hearthflame||HearthflameMask|MoldBreaker|IvyCudgel,FollowMe,SpikyShield,FocusEnergy|||F|||50|,,,,,Fire]Urshifu-Rapid-Strike||ChoiceScarf|UnseenFist|SurgingStrikes,CloseCombat,Coaching,AquaJet|||M|||50|,,,,,Water]Iron Hands||AssaultVest|QuarkDrive|LowKick,HeavySlam,FakeOut,DrainPunch||||||50|,,,,,Water\n|inactive|Battle timer is ON: inactive players will automatically lose when time's up. (requested by Poolpgasp)\n|inactive|Poolpgasp has 60 seconds left.\n|\n|t:|1746144098\n|start\n|switch|p1a: Raging Bolt|Raging Bolt, L50|100/100\n|switch|p1b: Excadrill|Excadrill, L50, M|100/100\n|switch|p2a: Urshifu|Urshifu-Rapid-Strike, L50, M|100/100\n|switch|p2b: Miraidon|Miraidon, L50|100/100\n|-fieldstart|move: Electric Terrain|[from] ability: Hadron Engine|[of] p2b: Miraidon\n|turn|1\n|\n|t:|1746144118\n|switch|p2a: Whimsicott|Whimsicott, L50, F|100/100\n|-terastallize|p1a: Raging Bolt|Fairy\n|move|p1a: Raging Bolt|Thunderclap||[still]\n|-fail|p1a: Raging Bolt\n|move|p2b: Miraidon|Overheat|p1b: Excadrill\n|-supereffective|p1b: Excadrill\n|-damage|p1b: Excadrill|0 fnt\n|-unboost|p2b: Miraidon|spa|2\n|faint|p1b: Excadrill\n|\n|upkeep\n|\n|t:|1746144128\n|switch|p1b: Calyrex|Calyrex-Shadow, L50|100/100\n|-ability|p1b: Calyrex|As One\n|-ability|p1b: Calyrex|Unnerve\n|turn|2\n|\n|t:|1746144144\n|move|p1b: Calyrex|Astral Barrage|p2a: Whimsicott|[spread] p2a,p2b\n|-damage|p2a: Whimsicott|21/100\n|-damage|p2b: Miraidon|47/100\n|-damage|p1b: Calyrex|91/100|[from] item: Life Orb\n|move|p2a: Whimsicott|Moonblast|p1b: Calyrex\n|-damage|p1b: Calyrex|66/100\n|move|p2b: Miraidon|Overheat|p1b: Calyrex\n|-damage|p1b: Calyrex|16/100\n|-unboost|p2b: Miraidon|spa|2\n|move|p1a: Raging Bolt|Electroweb|p2a: Whimsicott|[spread] p2a,p2b\n|-resisted|p2a: Whimsicott\n|-resisted|p2b: Miraidon\n|-damage|p2a: Whimsicott|3/100\n|-damage|p2b: Miraidon|40/100\n|-unboost|p2b: Miraidon|spe|1\n|\n|upkeep\n|turn|3\n|\n|t:|1746144169\n|move|p1b: Calyrex|Protect|p1b: Calyrex\n|-singleturn|p1b: Calyrex|Protect\n|move|p2a: Whimsicott|Tailwind|p2a: Whimsicott\n|-sidestart|p2: Poolpgasp|move: Tailwind\n|move|p2b: Miraidon|Overheat|p1b: Calyrex\n|-activate|p1b: Calyrex|move: Protect\n|move|p1a: Raging Bolt|Electroweb|p2a: Whimsicott|[spread] p2a,p2b\n|-resisted|p2a: Whimsicott\n|-resisted|p2b: Miraidon\n|-damage|p2a: Whimsicott|0 fnt\n|-damage|p2b: Miraidon|35/100\n|-unboost|p2b: Miraidon|spe|1\n|faint|p2a: Whimsicott\n|\n|upkeep\n|\n|t:|1746144180\n|switch|p2a: Calyrex|Calyrex-Shadow, L50|100/100\n|-ability|p2a: Calyrex|As One\n|-ability|p2a: Calyrex|Unnerve\n|turn|4\n|\n|t:|1746144192\n|switch|p1b: Indeedee|Indeedee-F, L50, F|100/100\n|-fieldstart|move: Psychic Terrain|[from] ability: Psychic Surge|[of] p1b: Indeedee\n|switch|p2b: Urshifu|Urshifu-Rapid-Strike, L50, M|100/100\n|move|p2a: Calyrex|Astral Barrage|p1b: Indeedee|[spread] p1a\n|-immune|p1b: Indeedee\n|-damage|p1a: Raging Bolt|62/100\n|-damage|p2a: Calyrex|91/100|[from] item: Life Orb\n|move|p1a: Raging Bolt|Electroweb|p2a: Calyrex|[spread] p2a,p2b\n|-supereffective|p2b: Urshifu\n|-damage|p2a: Calyrex|69/100\n|-damage|p2b: Urshifu|33/100\n|-unboost|p2a: Calyrex|spe|1\n|-unboost|p2b: Urshifu|spe|1\n|\n|upkeep\n|turn|5\n|inactive|Poolpgasp has 30 seconds left.\n|\n|t:|1746144222\n|move|p2b: Urshifu|Surging Strikes|p1a: Raging Bolt\n|-crit|p1a: Raging Bolt\n|-damage|p1a: Raging Bolt|46/100\n|-crit|p1a: Raging Bolt\n|-damage|p1a: Raging Bolt|28/100\n|-crit|p1a: Raging Bolt\n|-damage|p1a: Raging Bolt|10/100\n|-hitcount|p1a: Raging Bolt|3\n|move|p2a: Calyrex|Psychic|p1a: Raging Bolt\n|-damage|p1a: Raging Bolt|0 fnt\n|faint|p1a: Raging Bolt\n|-end|p1a: Raging Bolt|Protosynthesis|[silent]\n|-ability|p2a: Calyrex|Grim Neigh|boost\n|-boost|p2a: Calyrex|spa|1\n|-damage|p2a: Calyrex|60/100|[from] item: Life Orb\n|move|p1b: Indeedee|Trick Room|p1b: Indeedee\n|-fieldstart|move: Trick Room|[of] p1b: Indeedee\n|\n|upkeep\n|\n|t:|1746144232\n|switch|p1a: Calyrex|Calyrex-Shadow, L50|16/100\n|-ability|p1a: Calyrex|As One\n|-ability|p1a: Calyrex|Unnerve\n|turn|6\n|\n|t:|1746144257\n|-terastallize|p2a: Calyrex|Dark\n|move|p1a: Calyrex|Astral Barrage|p2b: Urshifu|[spread] p2a,p2b\n|-resisted|p2a: Calyrex\n|-damage|p2a: Calyrex|29/100\n|-damage|p2b: Urshifu|0 fnt\n|faint|p2b: Urshifu\n|-ability|p1a: Calyrex|Grim Neigh|boost\n|-boost|p1a: Calyrex|spa|1\n|-damage|p1a: Calyrex|7/100|[from] item: Life Orb\n|move|p2a: Calyrex|Astral Barrage|p1b: Indeedee|[spread] p1a\n|-immune|p1b: Indeedee\n|-supereffective|p1a: Calyrex\n|-damage|p1a: Calyrex|0 fnt\n|faint|p1a: Calyrex\n|-ability|p2a: Calyrex|Grim Neigh|boost\n|-boost|p2a: Calyrex|spa|1\n|-damage|p2a: Calyrex|19/100|[from] item: Life Orb\n|move|p1b: Indeedee|Trick Room|p1b: Indeedee\n|-fieldend|move: Trick Room\n|\n|-sideend|p2: Poolpgasp|move: Tailwind\n|upkeep\n|-message|Lacossg forfeited.\n|\n|win|Poolpgasp\n||Lacossg is ready for game 3.\n||Poolpgasp is ready for game 3.\n|uhtml|next|Next: <a href=\"/battle-gen9vgc2025regibo3-2355032537\"><strong>Game 3 of 3</strong></a>\n", "uploadtime": 1746144596, "views": 20, "formatid": "gen9vgc2025regibo3", "rating": null, "private": 0, "password": null}