{"id": "gen9vgc2025regibo3-2353884717", "format": "[Gen 9] VGC 2025 Reg I (Bo3)", "players": ["dambro222", "matrod"], "log": "|j|\u2606dambro222\n|j|\u2606matrod\n|html|<table width=\"100%\"><tr><td align=\"left\">dambro222</td><td align=\"right\">matrod</tr><tr><td align=\"left\"><i class=\"fa fa-circle-o\"></i> <i class=\"fa fa-circle-o\"></i> </td><td align=\"right\"><i class=\"fa fa-circle-o\"></i> <i class=\"fa fa-circle-o\"></i> </tr></table>\n|uhtml|bestof|<h2><strong>Game 1</strong> of <a href=\"/game-bestof3-gen9vgc2025regibo3-2353884716\">a best-of-3</a></h2>\n|t:|1746014810\n|gametype|doubles\n|player|p1|dambro222|101|1197\n|player|p2|matrod|steven|1257\n|teamsize|p1|6\n|teamsize|p2|6\n|gen|9\n|tier|[Gen 9] VGC 2025 Reg I (Bo3)\n|rated|\n|rule|Species Clause: Limit one of each Pok\u00e9mon\n|rule|Item Clause: Limit 1 of each item\n|clearpoke\n|poke|p1|Ho-Oh, L50|\n|poke|p1|Miraidon, L50|\n|poke|p1|Flutter Mane, L50|\n|poke|p1|Iron Hands, L50|\n|poke|p1|Urshifu-*, L50, M|\n|poke|p1|Iron Treads, L50|\n|poke|p2|Koraidon, L50|\n|poke|p2|Calyrex-Shadow, L50|\n|poke|p2|Grimmsnarl, L50, M|\n|poke|p2|Brute Bonnet, L50|\n|poke|p2|Raging Bolt, L50|\n|poke|p2|Weezing, L50, M|\n|teampreview|4\n|showteam|p1|Ho-Oh||ClearAmulet|Regenerator|SacredFire,BraveBird,Tailwind,Protect||||||50|,,,,,Dragon]Miraidon||CovertCloak|HadronEngine|ElectroDrift,VoltSwitch,DracoMeteor,Protect||||||50|,,,,,Electric]Flutter Mane||BoosterEnergy|Protosynthesis|Moonblast,ShadowBall,IcyWind,Protect||||||50|,,,,,Fairy]Iron Hands||AssaultVest|QuarkDrive|FakeOut,DrainPunch,WildCharge,LowKick||||||50|,,,,,Water]Urshifu||FocusSash|UnseenFist|WickedBlow,CloseCombat,SuckerPunch,Detect|||M|||50|,,,,,Poison]Iron Treads||ChoiceBand|QuarkDrive|IronHead,HighHorsepower,KnockOff,SteelRoller||||||50|,,,,,Water\n|showteam|p2|Koraidon||AbilityShield|OrichalcumPulse|CollisionCourse,FlareBlitz,FlameCharge,Protect||||||50|,,,,,Fire]Calyrex-Shadow||SitrusBerry|AsOneSpectrier|AstralBarrage,DrainingKiss,CalmMind,Protect||||||50|,,,,,Fairy]Grimmsnarl||LightClay|Prankster|Reflect,LightScreen,SpiritBreak,PartingShot|||M|||50|,,,,,Ghost]Brute Bonnet||CovertCloak|Protosynthesis|PollenPuff,SuckerPunch,Spore,RagePowder||||||50|,,,,,Fire]Raging Bolt||AssaultVest|Protosynthesis|Thunderclap,VoltSwitch,DracoMeteor,RisingVoltage||||||50|,,,,,Electric]Weezing||FocusSash|NeutralizingGas|WillOWisp,ToxicSpikes,PoisonGas,Protect|||M|||50|,,,,,Normal\n|inactive|Battle timer is ON: inactive players will automatically lose when time's up. (requested by matrod)\n|inactive|dambro222 has 60 seconds left.\n|inactive|matrod has 60 seconds left.\n|\n|t:|1746014882\n|start\n|switch|p1a: Flutter Mane|Flutter Mane, L50|100/100\n|switch|p1b: Miraidon|Miraidon, L50|100/100\n|switch|p2a: Grimmsnarl|Grimmsnarl, L50, M, shiny|100/100\n|switch|p2b: Koraidon|Koraidon, L50|100/100\n|-weather|SunnyDay|[from] ability: Orichalcum Pulse|[of] p2b: Koraidon\n|-activate|p1a: Flutter Mane|ability: Protosynthesis\n|-start|p1a: Flutter Mane|protosynthesisspe\n|-activate|p2b: Koraidon|Orichalcum Pulse|[source]\n|-fieldstart|move: Electric Terrain|[from] ability: Hadron Engine|[of] p1b: Miraidon\n|turn|1\n|inactive|dambro222 has 30 seconds left.\n|inactive|dambro222 has 20 seconds left.\n|inactive|dambro222 has 15 seconds left.\n|inactive|dambro222 has 10 seconds left.\n|inactive|dambro222 has 5 seconds left.\n|\n|t:|1746014936\n|move|p2a: Grimmsnarl|Light Screen|p2a: Grimmsnarl\n|-sidestart|p2: matrod|move: Light Screen\n|move|p1a: Flutter Mane|Icy Wind|p2a: Grimmsnarl|[spread] p2a,p2b\n|-crit|p2a: Grimmsnarl\n|-supereffective|p2b: Koraidon\n|-damage|p2a: Grimmsnarl|85/100\n|-damage|p2b: Koraidon|82/100\n|-unboost|p2a: Grimmsnarl|spe|1\n|-unboost|p2b: Koraidon|spe|1\n|move|p1b: Miraidon|Volt Switch|p2a: Grimmsnarl\n|-damage|p2a: Grimmsnarl|43/100\n|\n|t:|1746014946\n|switch|p1b: Ho-Oh|Ho-Oh, L50|100/100|[from] Volt Switch\n|move|p2b: Koraidon|Flare Blitz|p1a: Flutter Mane\n|-damage|p1a: Flutter Mane|0 fnt\n|faint|p1a: Flutter Mane\n|-end|p1a: Flutter Mane|Protosynthesis|[silent]\n|-damage|p2b: Koraidon|52/100|[from] Recoil\n|\n|-weather|SunnyDay|[upkeep]\n|upkeep\n|\n|t:|1746014955\n|switch|p1a: Miraidon|Miraidon, L50|100/100\n|-activate|p1a: Miraidon|ability: Hadron Engine\n|turn|2\n|\n|t:|1746014973\n|move|p2a: Grimmsnarl|Reflect|p2a: Grimmsnarl\n|-sidestart|p2: matrod|Reflect\n|move|p1a: Miraidon|Electro Drift|p2b: Koraidon\n|-resisted|p2b: Koraidon\n|-damage|p2b: Koraidon|15/100\n|move|p2b: Koraidon|Collision Course|p1a: Miraidon\n|-damage|p1a: Miraidon|31/100\n|move|p1b: Ho-Oh|Sacred Fire|p2b: Koraidon\n|-resisted|p2b: Koraidon\n|-damage|p2b: Koraidon|0 fnt\n|faint|p2b: Koraidon\n|\n|-weather|SunnyDay|[upkeep]\n|upkeep\n|inactive|matrod has 30 seconds left.\n|inactive|matrod has 20 seconds left.\n|inactive|matrod has 15 seconds left.\n|\n|t:|1746015015\n|switch|p2b: Calyrex|Calyrex-Shadow, L50|100/100\n|-ability|p2b: Calyrex|As One\n|-ability|p2b: Calyrex|Unnerve\n|turn|3\n|\n|t:|1746015024\n|move|p1a: Miraidon|Protect|p1a: Miraidon\n|-singleturn|p1a: Miraidon|Protect\n|move|p2a: Grimmsnarl|Parting Shot|p1a: Miraidon\n|-activate|p1a: Miraidon|move: Protect\n|move|p2b: Calyrex|Astral Barrage|p1b: Ho-Oh|[spread] p1b\n|-activate|p1a: Miraidon|move: Protect\n|-damage|p1b: Ho-Oh|65/100\n|move|p1b: Ho-Oh|Tailwind|p1b: Ho-Oh\n|-sidestart|p1: dambro222|move: Tailwind\n|\n|-weather|SunnyDay|[upkeep]\n|upkeep\n|turn|4\n|\n|t:|1746015041\n|-terastallize|p1a: Miraidon|Electric\n|move|p2a: Grimmsnarl|Parting Shot|p1a: Miraidon\n|-unboost|p1a: Miraidon|atk|1\n|-unboost|p1a: Miraidon|spa|1\n|\n|t:|1746015046\n|switch|p2a: Raging Bolt|Raging Bolt, L50|100/100|[from] Parting Shot\n|-activate|p2a: Raging Bolt|ability: Protosynthesis\n|-start|p2a: Raging Bolt|protosynthesisspa\n|move|p1a: Miraidon|Electro Drift|p2b: Calyrex\n|-damage|p2b: Calyrex|48/100\n|-enditem|p2b: Calyrex|Sitrus Berry|[eat]\n|-heal|p2b: Calyrex|73/100|[from] item: Sitrus Berry\n|move|p1b: Ho-Oh|Brave Bird|p2b: Calyrex\n|-damage|p2b: Calyrex|27/100\n|-damage|p1b: Ho-Oh|50/100|[from] Recoil\n|move|p2b: Calyrex|Astral Barrage|p1a: Miraidon|[spread] p1a,p1b\n|-damage|p1a: Miraidon|0 fnt\n|-damage|p1b: Ho-Oh|12/100\n|faint|p1a: Miraidon\n|-ability|p2b: Calyrex|Grim Neigh|boost\n|-boost|p2b: Calyrex|spa|1\n|\n|-weather|SunnyDay|[upkeep]\n|upkeep\n|\n|t:|1746015064\n|switch|p1a: Urshifu|Urshifu, L50, M|100/100\n|turn|5\n|\n|t:|1746015075\n|-terastallize|p2b: Calyrex|Fairy\n|move|p1b: Ho-Oh|Protect|p1b: Ho-Oh\n|-singleturn|p1b: Ho-Oh|Protect\n|move|p2a: Raging Bolt|Thunderclap||[still]\n|-fail|p2a: Raging Bolt\n|move|p1a: Urshifu|Wicked Blow|p2b: Calyrex\n|-resisted|p2b: Calyrex\n|-crit|p2b: Calyrex\n|-damage|p2b: Calyrex|0 fnt\n|faint|p2b: Calyrex\n|\n|-weather|none\n|-end|p2a: Raging Bolt|Protosynthesis\n|-fieldend|move: Electric Terrain\n|upkeep\n|\n|t:|1746015080\n|switch|p2b: Grimmsnarl|Grimmsnarl, L50, M, shiny|43/100\n|turn|6\n|\n|t:|1746015099\n|move|p1b: Ho-Oh|Protect||[still]\n|-fail|p1b: Ho-Oh\n|move|p1a: Urshifu|Wicked Blow|p2b: Grimmsnarl\n|-resisted|p2b: Grimmsnarl\n|-crit|p2b: Grimmsnarl\n|-damage|p2b: Grimmsnarl|24/100\n|move|p2a: Raging Bolt|Draco Meteor|p1a: Urshifu\n|-enditem|p1a: Urshifu|Focus Sash\n|-damage|p1a: Urshifu|1/100\n|-unboost|p2a: Raging Bolt|spa|2\n|move|p2b: Grimmsnarl|Spirit Break|p1a: Urshifu\n|-supereffective|p1a: Urshifu\n|-damage|p1a: Urshifu|0 fnt\n|faint|p1a: Urshifu\n|\n|-sideend|p1: dambro222|move: Tailwind\n|upkeep\n|turn|7\n|-message|dambro222 forfeited.\n|\n|win|matrod\n||dambro222 is ready for game 2.\n||matrod is ready for game 2.\n|uhtml|next|Next: <a href=\"/battle-gen9vgc2025regibo3-2353887185\"><strong>Game 2 of 3</strong></a>\n|l|\u2606matrod\n|player|p2|\n", "uploadtime": 1746015498, "views": 9, "formatid": "gen9vgc2025regibo3", "rating": null, "private": 0, "password": null}