{"id": "gen9vgc2025regibo3-2354464001", "format": "[Gen 9] VGC 2025 Reg I (Bo3)", "players": ["mackerjuan", "papabell"], "log": "|j|\u2606mackerjuan\n|j|\u2606papabell\n|html|<table width=\"100%\"><tr><td align=\"left\">mackerjuan</td><td align=\"right\">papabell</tr><tr><td align=\"left\"><i class=\"fa fa-circle-o\"></i> <i class=\"fa fa-circle-o\"></i> </td><td align=\"right\"><i class=\"fa fa-circle-o\"></i> <i class=\"fa fa-circle-o\"></i> </tr></table>\n|uhtml|bestof|<h2><strong>Game 1</strong> of <a href=\"/game-bestof3-gen9vgc2025regibo3-2354464000\">a best-of-3</a></h2>\n|t:|1746075648\n|gametype|doubles\n|player|p1|mackerjuan|102|1276\n|player|p2|papabell|acetrainerf-gen4dp|1350\n|teamsize|p1|6\n|teamsize|p2|6\n|gen|9\n|tier|[Gen 9] VGC 2025 Reg I (Bo3)\n|rated|\n|rule|Species Clause: Limit one of each Pok\u00e9mon\n|rule|Item Clause: Limit 1 of each item\n|clearpoke\n|poke|p1|Koraidon, L50|\n|poke|p1|Lunala, L50|\n|poke|p1|Ursaluna, L50, M|\n|poke|p1|Chi-Yu, L50|\n|poke|p1|Flutter Mane, L50|\n|poke|p1|Brute Bonnet, L50|\n|poke|p2|Koraidon, L50|\n|poke|p2|Calyrex-Shadow, L50|\n|poke|p2|Brute Bonnet, L50|\n|poke|p2|Whimsicott, L50, F|\n|poke|p2|Chi-Yu, L50|\n|poke|p2|Clefairy, L50, F|\n|teampreview|4\n|showteam|p1|Koraidon||LifeOrb|OrichalcumPulse|CloseCombat,FlareBlitz,FlameCharge,Protect||||||50|,,,,,Fire]Lunala||PowerHerb|ShadowShield|MoongeistBeam,MeteorBeam,TrickRoom,WideGuard||||||50|,,,,,Water]Ursaluna||FlameOrb|Guts|Facade,Earthquake,HeadlongRush,Protect|||M|||50|,,,,,Ghost]Chi-Yu||ChoiceScarf|BeadsofRuin|HeatWave,DarkPulse,Snarl,Overheat||||||50|,,,,,Ghost]Flutter Mane||FocusSash|Protosynthesis|Moonblast,IcyWind,ShadowBall,Protect||||||50|,,,,,Normal]Brute Bonnet||CovertCloak|Protosynthesis|Spore,RagePowder,SuckerPunch,SeedBomb||||||50|,,,,,Water\n|showteam|p2|Koraidon||LifeOrb|OrichalcumPulse|Protect,CloseCombat,FlareBlitz,FlameCharge||||||50|,,,,,Fire]Calyrex-Shadow||FocusSash|AsOneSpectrier|Protect,AstralBarrage,Psychic,Disable||||||50|,,,,,Ghost]Brute Bonnet||RockyHelmet|Protosynthesis|RagePowder,Spore,SuckerPunch,PollenPuff||||||50|,,,,,Water]Whimsicott||CovertCloak|Prankster|Moonblast,Tailwind,Encore,HelpingHand|||F|||50|,,,,,Dark]Chi-Yu||ChoiceScarf|BeadsofRuin|HeatWave,Overheat,Snarl,DarkPulse||||||50|,,,,,Fire]Clefairy||Eviolite|FriendGuard|Protect,FollowMe,AfterYou,HelpingHand|||F|||50|,,,,,Ground\n|inactive|Battle timer is ON: inactive players will automatically lose when time's up. (requested by mackerjuan)\n|inactive|mackerjuan has 60 seconds left.\n|inactive|papabell has 60 seconds left.\n|\n|t:|1746075693\n|start\n|switch|p1a: Koraidon|Koraidon, L50|100/100\n|switch|p1b: Flutter Mane|Flutter Mane, L50|100/100\n|switch|p2a: Koraidon|Koraidon, L50|100/100\n|switch|p2b: Brute Bonnet|Brute Bonnet, L50|100/100\n|-weather|SunnyDay|[from] ability: Orichalcum Pulse|[of] p1a: Koraidon\n|-activate|p1b: Flutter Mane|ability: Protosynthesis\n|-start|p1b: Flutter Mane|protosynthesisspe\n|-activate|p2b: Brute Bonnet|ability: Protosynthesis\n|-start|p2b: Brute Bonnet|protosynthesisdef\n|-activate|p1a: Koraidon|Orichalcum Pulse|[source]\n|-activate|p2a: Koraidon|ability: Orichalcum Pulse\n|turn|1\n|\n|t:|1746075714\n|-terastallize|p2b: Brute Bonnet|Water\n|move|p2b: Brute Bonnet|Sucker Punch|p1b: Flutter Mane\n|-crit|p1b: Flutter Mane\n|-enditem|p1b: Flutter Mane|Focus Sash\n|-damage|p1b: Flutter Mane|1/100\n|move|p1b: Flutter Mane|Icy Wind|p2b: Brute Bonnet|[spread] p2a,p2b\n|-supereffective|p2a: Koraidon\n|-resisted|p2b: Brute Bonnet\n|-damage|p2a: Koraidon|69/100\n|-damage|p2b: Brute Bonnet|95/100\n|-unboost|p2a: Koraidon|spe|1\n|-unboost|p2b: Brute Bonnet|spe|1\n|move|p1a: Koraidon|Close Combat|p2b: Brute Bonnet\n|-damage|p2b: Brute Bonnet|34/100\n|-unboost|p1a: Koraidon|def|1\n|-unboost|p1a: Koraidon|spd|1\n|-damage|p1a: Koraidon|84/100|[from] item: Rocky Helmet|[of] p2b: Brute Bonnet\n|-damage|p1a: Koraidon|74/100|[from] item: Life Orb\n|move|p2a: Koraidon|Flame Charge|p1b: Flutter Mane\n|-damage|p1b: Flutter Mane|0 fnt\n|-boost|p2a: Koraidon|spe|1\n|faint|p1b: Flutter Mane\n|-end|p1b: Flutter Mane|Protosynthesis|[silent]\n|-damage|p2a: Koraidon|59/100|[from] item: Life Orb\n|\n|-weather|SunnyDay|[upkeep]\n|upkeep\n|\n|t:|1746075737\n|switch|p1b: Chi-Yu|Chi-Yu, L50|100/100\n|-ability|p1b: Chi-Yu|Beads of Ruin\n|turn|2\n|\n|t:|1746075752\n|move|p2b: Brute Bonnet|Rage Powder|p2b: Brute Bonnet\n|-singleturn|p2b: Brute Bonnet|move: Rage Powder\n|move|p1b: Chi-Yu|Heat Wave|p2a: Koraidon|[spread] p2a\n|-miss|p1b: Chi-Yu|p2b: Brute Bonnet\n|-resisted|p2a: Koraidon\n|-damage|p2a: Koraidon|17/100\n|move|p2a: Koraidon|Close Combat|p1b: Chi-Yu\n|-supereffective|p1b: Chi-Yu\n|-damage|p1b: Chi-Yu|0 fnt\n|-unboost|p2a: Koraidon|def|1\n|-unboost|p2a: Koraidon|spd|1\n|faint|p1b: Chi-Yu\n|-damage|p2a: Koraidon|7/100|[from] item: Life Orb\n|move|p1a: Koraidon|Close Combat|p2b: Brute Bonnet\n|-damage|p2b: Brute Bonnet|0 fnt\n|-unboost|p1a: Koraidon|def|1\n|-unboost|p1a: Koraidon|spd|1\n|-damage|p1a: Koraidon|58/100|[from] item: Rocky Helmet|[of] p2b: Brute Bonnet\n|faint|p2b: Brute Bonnet\n|-end|p2b: Brute Bonnet|Protosynthesis|[silent]\n|-damage|p1a: Koraidon|48/100|[from] item: Life Orb\n|\n|-weather|SunnyDay|[upkeep]\n|upkeep\n|\n|t:|1746075771\n|switch|p1b: Lunala|Lunala, L50|100/100\n|switch|p2b: Calyrex|Calyrex-Shadow, L50|100/100\n|-ability|p2b: Calyrex|As One\n|-ability|p2b: Calyrex|Unnerve\n|turn|3\n|inactive|papabell has 30 seconds left.\n|\n|t:|1746075804\n|-terastallize|p1b: Lunala|Water\n|move|p1a: Koraidon|Protect|p1a: Koraidon\n|-singleturn|p1a: Koraidon|Protect\n|move|p2b: Calyrex|Psychic|p1a: Koraidon\n|-activate|p1a: Koraidon|move: Protect\n|move|p2a: Koraidon|Close Combat|p1b: Lunala\n|-damage|p1b: Lunala|48/100\n|-unboost|p2a: Koraidon|def|1\n|-unboost|p2a: Koraidon|spd|1\n|-damage|p2a: Koraidon|0 fnt|[from] item: Life Orb\n|faint|p2a: Koraidon\n|move|p1b: Lunala|Trick Room|p1b: Lunala\n|-fieldstart|move: Trick Room|[of] p1b: Lunala\n|\n|-weather|SunnyDay|[upkeep]\n|upkeep\n|\n|t:|1746075807\n|switch|p2a: Clefairy|Clefairy, L50, F|100/100\n|turn|4\n|inactive|mackerjuan has 30 seconds left.\n|\n|t:|1746075838\n|move|p1b: Lunala|Wide Guard|p1b: Lunala\n|-singleturn|p1b: Lunala|Wide Guard\n|move|p2a: Clefairy|After You|p2b: Calyrex\n|-activate|p2b: Calyrex|move: After You\n|move|p2b: Calyrex|Psychic|p1a: Koraidon\n|-supereffective|p1a: Koraidon\n|-damage|p1a: Koraidon|0 fnt\n|faint|p1a: Koraidon\n|-ability|p2b: Calyrex|Grim Neigh|boost\n|-boost|p2b: Calyrex|spa|1\n|\n|-weather|SunnyDay|[upkeep]\n|upkeep\n|turn|5\n|inactive|papabell has 30 seconds left.\n|-message|mackerjuan forfeited.\n|\n|win|papabell\n||papabell is ready for game 2.\n||mackerjuan is ready for game 2.\n|uhtml|next|Next: <a href=\"/battle-gen9vgc2025regibo3-2354465266\"><strong>Game 2 of 3</strong></a>\n|l|\u2606papabell\n|player|p2|\n|l|\u2606mackerjuan\n|player|p1|\n", "uploadtime": 1746076197, "views": 7, "formatid": "gen9vgc2025regibo3", "rating": null, "private": 0, "password": null}