{"id": "gen9vgc2025regibo3-2355005751", "format": "[Gen 9] VGC 2025 Reg I (Bo3)", "players": ["Stephthetoucher", "Jakamajakma"], "log": "|j|\u203dStephthetoucher\n|j|\u203dJakamajakma\n|html|<table width=\"100%\"><tr><td align=\"left\">Stephthetoucher</td><td align=\"right\">Jakamajakma</tr><tr><td align=\"left\"><i class=\"fa fa-circle\"></i> <i class=\"fa fa-circle-o\"></i> </td><td align=\"right\"><i class=\"fa fa-circle-o\"></i> <i class=\"fa fa-circle\"></i> </tr></table>\n|uhtml|bestof|<h2><strong>Game 3</strong> of <a href=\"/game-bestof3-gen9vgc2025regibo3-2355000300\">a best-of-3</a></h2>\n|t:|1746141149\n|gametype|doubles\n|player|p1|Stephthetoucher|twins-gen4dp|\n|player|p2|Jakamajakma|swimmerf|\n|teamsize|p1|6\n|teamsize|p2|6\n|gen|9\n|tier|[Gen 9] VGC 2025 Reg I (Bo3)\n|rule|Species Clause: Limit one of each Pok\u00e9mon\n|rule|Item Clause: Limit 1 of each item\n|clearpoke\n|poke|p1|Miraidon, L50|\n|poke|p1|Tornadus, L50, M|\n|poke|p1|Calyrex-Shadow, L50|\n|poke|p1|Pawmot, L50, M|\n|poke|p1|Tsareena, L50, F|\n|poke|p1|Clefairy, L50, F|\n|poke|p2|Armarouge, L50, F|\n|poke|p2|Indeedee-F, L50, F|\n|poke|p2|Lunala, L50|\n|poke|p2|Gloom, L50, M|\n|poke|p2|Dewgong, L50, F|\n|poke|p2|Groudon, L50|\n|teampreview|4\n|showteam|p1|Miraidon||ChoiceSpecs|HadronEngine|VoltSwitch,ElectroDrift,DazzlingGleam,DracoMeteor||||||50|,,,,,Fairy]Tornadus||FocusSash|Prankster|Tailwind,Protect,Taunt,BleakwindStorm|||M|||50|,,,,,Ground]Calyrex-Shadow||LifeOrb|AsOneSpectrier|AstralBarrage,Protect,CalmMind,Psychic||||||50|,,,,,Ground]Pawmot||SitrusBerry|VoltAbsorb|RevivalBlessing,FakeOut,CloseCombat,Nuzzle|||M|||50|,,,,,Grass]Tsareena||WideLens|QueenlyMajesty|TripleAxel,LightScreen,Uturn,KnockOff|||F|||50|,,,,,Water]Clefairy||Eviolite|FriendGuard|AfterYou,FollowMe,HelpingHand,LightScreen|||F|||50|,,,,,Grass\n|showteam|p2|Armarouge||WeaknessPolicy|WeakArmor|ExpandingForce,HeatWave,StoredPower,Endure|||F|||50|,,,,,Fire]Indeedee-F||RockyHelmet|PsychicSurge|DazzlingGleam,FollowMe,Imprison,TrickRoom|||F|||50|,,,,,Fairy]Lunala||PowerHerb|ShadowShield|Moonblast,MoongeistBeam,MeteorBeam,WideGuard||||||50|,,,,,Normal]Gloom||Eviolite|Stench|SleepPowder,StrengthSap,TeeterDance,PollenPuff|||M|||50|,,,,,Water]Dewgong||QuickClaw|ThickFat|FakeOut,AquaJet,PerishSong,HornDrill|||F|||50|,,,,,Dragon]Groudon||LifeOrb|Drought|PrecipiceBlades,BodyPress,Crunch,Protect||||||50|,,,,,Ground\n|\n|t:|1746141186\n|start\n|switch|p1a: Tornadus|Tornadus, L50, M|100/100\n|switch|p1b: Clefairy|Clefairy, L50, F|100/100\n|switch|p2a: Indeedee|Indeedee-F, L50, F|100/100\n|switch|p2b: Lunala|Lunala, L50|100/100\n|-fieldstart|move: Psychic Terrain|[from] ability: Psychic Surge|[of] p2a: Indeedee\n|turn|1\n|\n|t:|1746141213\n|move|p1a: Tornadus|Bleakwind Storm|p2a: Indeedee|[spread] p2a\n|-miss|p1a: Tornadus|p2b: Lunala\n|-damage|p2a: Indeedee|66/100\n|move|p2b: Lunala|Meteor Beam||[still]\n|-prepare|p2b: Lunala|Meteor Beam\n|-boost|p2b: Lunala|spa|1\n|-enditem|p2b: Lunala|Power Herb\n|-anim|p2b: Lunala|Meteor Beam|p1b: Clefairy\n|-damage|p1b: Clefairy|52/100\n|move|p2a: Indeedee|Imprison|p2a: Indeedee\n|-start|p2a: Indeedee|move: Imprison\n|move|p1b: Clefairy|Light Screen|p1b: Clefairy\n|-sidestart|p1: Stephthetoucher|move: Light Screen\n|\n|upkeep\n|turn|2\n|\n|t:|1746141259\n|switch|p1b: Miraidon|Miraidon, L50|100/100\n|-fieldstart|move: Electric Terrain|[from] ability: Hadron Engine|[of] p1b: Miraidon\n|move|p1a: Tornadus|Protect|p1a: Tornadus\n|-singleturn|p1a: Tornadus|Protect\n|move|p2b: Lunala|Moongeist Beam|p1b: Miraidon\n|-damage|p1b: Miraidon|44/100\n|move|p2a: Indeedee|Trick Room|p2a: Indeedee\n|-fieldstart|move: Trick Room|[of] p2a: Indeedee\n|\n|upkeep\n|turn|3\n|\n|t:|1746141306\n|move|p2a: Indeedee|Dazzling Gleam|p1b: Miraidon|[spread] p1a,p1b\n|-supereffective|p1b: Miraidon\n|-damage|p1a: Tornadus|89/100\n|-damage|p1b: Miraidon|29/100\n|move|p2b: Lunala|Moongeist Beam|p1b: Miraidon\n|-damage|p1b: Miraidon|0 fnt\n|faint|p1b: Miraidon\n|move|p1a: Tornadus|Bleakwind Storm|p2a: Indeedee|[spread] p2a,p2b\n|-damage|p2a: Indeedee|26/100\n|-damage|p2b: Lunala|87/100\n|-unboost|p2a: Indeedee|spe|1\n|\n|upkeep\n|\n|t:|1746141321\n|switch|p1b: Clefairy|Clefairy, L50, F|52/100\n|turn|4\n|\n|t:|1746141348\n|switch|p2a: Groudon|Groudon, L50|100/100\n|-weather|SunnyDay|[from] ability: Drought|[of] p2a: Groudon\n|move|p1b: Clefairy|After You|p1a: Tornadus\n|-activate|p1a: Tornadus|move: After You\n|move|p1a: Tornadus|Bleakwind Storm|p2b: Lunala|[spread] p2b\n|-miss|p1a: Tornadus|p2a: Groudon\n|-damage|p2b: Lunala|59/100\n|-unboost|p2b: Lunala|spe|1\n|move|p2b: Lunala|Meteor Beam||[still]\n|-prepare|p2b: Lunala|Meteor Beam\n|-boost|p2b: Lunala|spa|1\n|\n|-weather|SunnyDay|[upkeep]\n|upkeep\n|turn|5\n|\n|t:|1746141376\n|move|p1b: Clefairy|After You|p1a: Tornadus\n|-activate|p1a: Tornadus|move: After You\n|move|p1a: Tornadus|Bleakwind Storm|p2a: Groudon|[spread] p2a,p2b\n|-damage|p2a: Groudon|57/100\n|-damage|p2b: Lunala|30/100\n|move|p2b: Lunala|Meteor Beam|p1a: Tornadus|[from] lockedmove\n|-supereffective|p1a: Tornadus\n|-damage|p1a: Tornadus|0 fnt\n|faint|p1a: Tornadus\n|move|p2a: Groudon|Body Press|p1b: Clefairy\n|-resisted|p1b: Clefairy\n|-damage|p1b: Clefairy|33/100\n|-damage|p2a: Groudon|47/100|[from] item: Life Orb\n|\n|-weather|SunnyDay|[upkeep]\n|-sideend|p1: Stephthetoucher|move: Light Screen\n|upkeep\n|\n|t:|1746141387\n|switch|p1a: Calyrex|Calyrex-Shadow, L50|100/100\n|-ability|p1a: Calyrex|As One\n|-ability|p1a: Calyrex|Unnerve\n|turn|6\n|\n|t:|1746141405\n|-terastallize|p1a: Calyrex|Ground\n|move|p1b: Clefairy|After You|p1a: Calyrex\n|-activate|p1a: Calyrex|move: After You\n|move|p1a: Calyrex|Astral Barrage|p2a: Groudon|[spread] p2a,p2b\n|-supereffective|p2b: Lunala\n|-damage|p2a: Groudon|0 fnt\n|-damage|p2b: Lunala|0 fnt\n|faint|p2a: Groudon\n|faint|p2b: Lunala\n|-ability|p1a: Calyrex|Grim Neigh|boost\n|-boost|p1a: Calyrex|spa|2\n|-damage|p1a: Calyrex|91/100|[from] item: Life Orb\n|\n|-weather|SunnyDay|[upkeep]\n|-fieldend|move: Trick Room\n|-fieldend|move: Electric Terrain\n|upkeep\n|\n|t:|1746141413\n|switch|p2a: Indeedee|Indeedee-F, L50, F|26/100\n|switch|p2b: Armarouge|Armarouge, L50, F|100/100\n|-fieldstart|move: Psychic Terrain|[from] ability: Psychic Surge|[of] p2a: Indeedee\n|turn|7\n|\n|t:|1746141436\n|move|p2b: Armarouge|Endure|p2b: Armarouge\n|-singleturn|p2b: Armarouge|move: Endure\n|move|p1b: Clefairy|Follow Me|p1b: Clefairy\n|-singleturn|p1b: Clefairy|move: Follow Me\n|move|p1a: Calyrex|Psychic|p2a: Indeedee\n|-resisted|p2a: Indeedee\n|-damage|p2a: Indeedee|0 fnt\n|faint|p2a: Indeedee\n|-ability|p1a: Calyrex|Grim Neigh|boost\n|-boost|p1a: Calyrex|spa|1\n|-damage|p1a: Calyrex|81/100|[from] item: Life Orb\n|\n|-weather|SunnyDay|[upkeep]\n|upkeep\n|turn|8\n|\n|t:|1746141462\n|-terastallize|p2b: Armarouge|Fire\n|move|p1b: Clefairy|Helping Hand|p1a: Calyrex\n|-singleturn|p1a: Calyrex|Helping Hand|[of] p1b: Clefairy\n|move|p1a: Calyrex|Astral Barrage|p2b: Armarouge\n|-damage|p2b: Armarouge|0 fnt\n|faint|p2b: Armarouge\n|-damage|p1a: Calyrex|71/100|[from] item: Life Orb\n|\n|win|Stephthetoucher\n|l|\u203dJakamajakma\n|player|p2|\n|l|\u203dStephthetoucher\n|player|p1|\n", "uploadtime": 1746141736, "views": 3, "formatid": "gen9vgc2025regibo3", "rating": null, "private": 0, "password": null}