{"id": "gen9vgc2025regibo3-2354161820", "format": "[Gen 9] VGC 2025 Reg I (Bo3)", "players": ["tacchino98", "bassplayer33955"], "log": "|j|\u2606tacchino98\n|j|\u2606bassplayer33955\n|html|<table width=\"100%\"><tr><td align=\"left\">tacchino98</td><td align=\"right\">bassplayer33955</tr><tr><td align=\"left\"><i class=\"fa fa-circle-o\"></i> <i class=\"fa fa-circle-o\"></i> </td><td align=\"right\"><i class=\"fa fa-circle-o\"></i> <i class=\"fa fa-circle-o\"></i> </tr></table>\n|uhtml|bestof|<h2><strong>Game 1</strong> of <a href=\"/game-bestof3-gen9vgc2025regibo3-2354161817\">a best-of-3</a></h2>\n|t:|1746040263\n|gametype|doubles\n|player|p1|tacchino98|169|1202\n|player|p2|bassplayer33955|170|1093\n|teamsize|p1|6\n|teamsize|p2|6\n|gen|9\n|tier|[Gen 9] VGC 2025 Reg I (Bo3)\n|rated|\n|rule|Species Clause: Limit one of each Pok\u00e9mon\n|rule|Item Clause: Limit 1 of each item\n|clearpoke\n|poke|p1|Necrozma-Dusk-Mane, L50|\n|poke|p1|Kyogre, L50|\n|poke|p1|Landorus, L50, M|\n|poke|p1|Grimmsnarl, L50, M|\n|poke|p1|Rillaboom, L50, F|\n|poke|p1|Incineroar, L50, M|\n|poke|p2|Groudon, L50|\n|poke|p2|Chi-Yu, L50|\n|poke|p2|Raging Bolt, L50|\n|poke|p2|Walking Wake, L50|\n|poke|p2|Lunala, L50|\n|poke|p2|Grimmsnarl, L50, M|\n|teampreview|4\n|showteam|p1|Necrozma-Dusk-Mane||ClearAmulet|PrismArmor|SunsteelStrike,PhotonGeyser,KnockOff,TrickRoom||||||50|,,,,,Grass]Kyogre||MysticWater|Drizzle|WaterSpout,OriginPulse,IceBeam,Protect||||||50|,,,,,Grass]Landorus||LifeOrb|SheerForce|EarthPower,SludgeBomb,SandsearStorm,Protect|||M|||50|,,,,,Water]Grimmsnarl||LightClay|Prankster|FoulPlay,Reflect,LightScreen,ThunderWave|||M|||50|,,,,,Ghost]Rillaboom||AssaultVest|GrassySurge|FakeOut,GrassyGlide,WoodHammer,Uturn|||F|||50|,,,,,Fire]Incineroar||RockyHelmet|Intimidate|FakeOut,KnockOff,WillOWisp,PartingShot|||M|||50|,,,,,Bug\n|showteam|p2|Groudon||ClearAmulet|Drought|Protect,SwordsDance,PrecipiceBlades,HeatCrash||||||50|,,,,,Fire]Chi-Yu||SafetyGoggles|BeadsofRuin|Protect,HeatWave,DarkPulse,Snarl||||||50|,,,,,Water]Raging Bolt||ChoiceScarf|Protosynthesis|Thunderclap,Thunderbolt,Discharge,DragonPulse||||||50|,,,,,Electric]Walking Wake||LifeOrb|Protosynthesis|Protect,DragonPulse,HydroSteam,Flamethrower||||||50|,,,,,Grass]Lunala||KasibBerry|ShadowShield|WideGuard,TrickRoom,MoongeistBeam,Moonblast||||||50|,,,,,Fairy]Grimmsnarl||LightClay|Prankster|Reflect,LightScreen,FakeTears,FoulPlay|||M|||50|,,,,,Poison\n|inactive|Battle timer is ON: inactive players will automatically lose when time's up. (requested by bassplayer33955)\n|inactive|tacchino98 also wants the timer to be on.\n|inactive|tacchino98 has 60 seconds left.\n|inactive|tacchino98 has 30 seconds left.\n|\n|t:|1746040327\n|start\n|switch|p1a: Grimmsnarl|Grimmsnarl, L50, M|100/100\n|switch|p1b: Rillaboom|Rillaboom, L50, F|100/100\n|switch|p2a: Lunala|Lunala, L50|100/100\n|switch|p2b: Grimmsnarl|Grimmsnarl, L50, M|100/100\n|-fieldstart|move: Grassy Terrain|[from] ability: Grassy Surge|[of] p1b: Rillaboom\n|turn|1\n|inactive|bassplayer33955 has 30 seconds left.\n|inactive|tacchino98 has 30 seconds left.\n|\n|t:|1746040359\n|move|p1b: Rillaboom|Grassy Glide|p2a: Lunala\n|-crit|p2a: Lunala\n|-damage|p2a: Lunala|78/100\n|move|p2b: Grimmsnarl|Reflect|p2b: Grimmsnarl\n|-sidestart|p2: bassplayer33955|Reflect\n|move|p2a: Lunala|Moonblast|p1a: Grimmsnarl\n|-supereffective|p1a: Grimmsnarl\n|-damage|p1a: Grimmsnarl|28/100\n|move|p1a: Grimmsnarl|Foul Play|p2a: Lunala\n|-supereffective|p2a: Lunala\n|-damage|p2a: Lunala|18/100\n|\n|-heal|p2a: Lunala|24/100|[from] Grassy Terrain\n|-heal|p1a: Grimmsnarl|34/100|[from] Grassy Terrain\n|upkeep\n|turn|2\n|inactive|bassplayer33955 has 30 seconds left.\n|\n|t:|1746040388\n|move|p1b: Rillaboom|Grassy Glide|p2a: Lunala\n|-damage|p2a: Lunala|5/100\n|move|p1a: Grimmsnarl|Reflect|p1a: Grimmsnarl\n|-sidestart|p1: tacchino98|Reflect\n|move|p2a: Lunala|Moonblast|p1a: Grimmsnarl\n|-supereffective|p1a: Grimmsnarl\n|-damage|p1a: Grimmsnarl|0 fnt\n|faint|p1a: Grimmsnarl\n|move|p2b: Grimmsnarl|Foul Play|p1b: Rillaboom\n|-crit|p1b: Rillaboom\n|-damage|p1b: Rillaboom|31/100\n|\n|-heal|p2a: Lunala|11/100|[from] Grassy Terrain\n|-heal|p1b: Rillaboom|37/100|[from] Grassy Terrain\n|upkeep\n|\n|t:|1746040403\n|switch|p1a: Necrozma|Necrozma-Dusk-Mane, L50|100/100\n|turn|3\n|\n|t:|1746040415\n|switch|p2a: Walking Wake|Walking Wake, L50|100/100\n|move|p1b: Rillaboom|Grassy Glide|p2a: Walking Wake\n|-damage|p2a: Walking Wake|74/100\n|move|p1a: Necrozma|Sunsteel Strike|p2b: Grimmsnarl\n|-supereffective|p2b: Grimmsnarl\n|-damage|p2b: Grimmsnarl|0 fnt\n|faint|p2b: Grimmsnarl\n|\n|-heal|p2a: Walking Wake|80/100|[from] Grassy Terrain\n|-heal|p1b: Rillaboom|43/100|[from] Grassy Terrain\n|upkeep\n|\n|t:|1746040427\n|switch|p2b: Groudon|Groudon, L50|100/100\n|-weather|SunnyDay|[from] ability: Drought|[of] p2b: Groudon\n|-activate|p2a: Walking Wake|ability: Protosynthesis\n|-start|p2a: Walking Wake|protosynthesisspe\n|turn|4\n|inactive|tacchino98 has 30 seconds left.\n|inactive|tacchino98 has 20 seconds left.\n|inactive|tacchino98 has 15 seconds left.\n|inactive|tacchino98 has 10 seconds left.\n|\n|t:|1746040473\n|-terastallize|p2b: Groudon|Fire\n|-terastallize|p1a: Necrozma|Grass\n|move|p2a: Walking Wake|Dragon Pulse|p1b: Rillaboom\n|-damage|p1b: Rillaboom|6/100\n|-damage|p2a: Walking Wake|70/100|[from] item: Life Orb\n|move|p2b: Groudon|Swords Dance|p2b: Groudon\n|-boost|p2b: Groudon|atk|2\n|move|p1b: Rillaboom|U-turn|p2a: Walking Wake\n|-damage|p2a: Walking Wake|55/100\n|\n|t:|1746040484\n|switch|p1b: Kyogre|Kyogre, L50|100/100|[from] U-turn\n|-weather|RainDance|[from] ability: Drizzle|[of] p1b: Kyogre\n|-end|p2a: Walking Wake|Protosynthesis\n|move|p1a: Necrozma|Trick Room|p1a: Necrozma\n|-fieldstart|move: Trick Room|[of] p1a: Necrozma\n|\n|-weather|RainDance|[upkeep]\n|-heal|p2a: Walking Wake|60/100|[from] Grassy Terrain\n|upkeep\n|turn|5\n|\n|t:|1746040500\n|move|p2b: Groudon|Protect|p2b: Groudon\n|-singleturn|p2b: Groudon|Protect\n|move|p1a: Necrozma|Photon Geyser|p2a: Walking Wake\n|-damage|p2a: Walking Wake|11/100\n|move|p1b: Kyogre|Water Spout|p2b: Groudon|[spread] p2a\n|-activate|p2b: Groudon|move: Protect\n|-resisted|p2a: Walking Wake\n|-damage|p2a: Walking Wake|0 fnt\n|faint|p2a: Walking Wake\n|-end|p2a: Walking Wake|Protosynthesis|[silent]\n|\n|-weather|RainDance|[upkeep]\n|-fieldend|move: Grassy Terrain\n|upkeep\n|\n|t:|1746040509\n|switch|p2a: Lunala|Lunala, L50|11/100\n|turn|6\n|\n|t:|1746040520\n|move|p1b: Kyogre|Protect|p1b: Kyogre\n|-singleturn|p1b: Kyogre|Protect\n|move|p2a: Lunala|Wide Guard|p2a: Lunala\n|-singleturn|p2a: Lunala|Wide Guard\n|move|p1a: Necrozma|Knock Off|p2a: Lunala\n|-supereffective|p2a: Lunala\n|-damage|p2a: Lunala|0 fnt\n|-enditem|p2a: Lunala|Kasib Berry|[from] move: Knock Off|[of] p1a: Necrozma\n|faint|p2a: Lunala\n|move|p2b: Groudon|Heat Crash|p1a: Necrozma\n|-supereffective|p1a: Necrozma\n|-damage|p1a: Necrozma|77/100\n|\n|-weather|RainDance|[upkeep]\n|upkeep\n|turn|7\n|-message|bassplayer33955 forfeited.\n|\n|win|tacchino98\n|l|\u2606bassplayer33955\n|player|p2|\n||bassplayer33955 is ready for game 2.\n||tacchino98 is ready for game 2.\n|uhtml|next|Next: <a href=\"/battle-gen9vgc2025regibo3-2354164706\"><strong>Game 2 of 3</strong></a>\n|l|\u2606tacchino98\n|player|p1|\n", "uploadtime": 1746040900, "views": 8, "formatid": "gen9vgc2025regibo3", "rating": null, "private": 0, "password": null}