{"id": "gen9vgc2025regibo3-2353589937", "format": "[Gen 9] VGC 2025 Reg I (Bo3)", "players": ["Sqewer", "Fat Kakashi"], "log": "|j|\u2606Sqewer\n|j|\u2606Fat Kakashi\n|html|<table width=\"100%\"><tr><td align=\"left\">Sqewer</td><td align=\"right\">Fat Kakashi</tr><tr><td align=\"left\"><i class=\"fa fa-circle-o\"></i> <i class=\"fa fa-circle-o\"></i> </td><td align=\"right\"><i class=\"fa fa-circle-o\"></i> <i class=\"fa fa-circle-o\"></i> </tr></table>\n|uhtml|bestof|<h2><strong>Game 1</strong> of <a href=\"/game-bestof3-gen9vgc2025regibo3-2353589936\">a best-of-3</a></h2>\n|t:|1745971842\n|gametype|doubles\n|player|p1|Sqewer|jasmine|\n|player|p2|Fat Kakashi|crasherwake|\n|teamsize|p1|6\n|teamsize|p2|6\n|gen|9\n|tier|[Gen 9] VGC 2025 Reg I (Bo3)\n|rule|Species Clause: Limit one of each Pok\u00e9mon\n|rule|Item Clause: Limit 1 of each item\n|clearpoke\n|poke|p1|Fezandipiti, L50, M|\n|poke|p1|Dondozo, L50, M|\n|poke|p1|Tatsugiri-Droopy, L50, F|\n|poke|p1|Garganacl, L50, F|\n|poke|p1|Lugia, L50|\n|poke|p1|Sinistcha-Masterpiece, L50|\n|poke|p2|Thundurus, L50, M|\n|poke|p2|Bastiodon, L50, F|\n|poke|p2|Ho-Oh, L50|\n|poke|p2|Koraidon, L50|\n|poke|p2|Muk-Alola, L50, M|\n|poke|p2|Ursaluna, L50, F|\n|teampreview|4\n|showteam|p1|Fezandipiti||AssaultVest|ToxicChain|DazzlingGleam,IcyWind,HeatWave,Uturn|||M|||50|,,,,,Bug]Dondozo||Leftovers|Unaware|OrderUp,Protect,Earthquake,BodyPress|||M|||50|,,,,,Grass]Tatsugiri-Droopy||FocusSash|Commander|DracoMeteor,Counter,Protect,MuddyWater|||F|||50|,,,,,Fairy]Garganacl||SitrusBerry|PurifyingSalt|SaltCure,WideGuard,HelpingHand,StoneEdge|||F|||50|,,,,,Flying]Lugia||MentalHerb|Multiscale|Aeroblast,CalmMind,Protect,Recover||||||50|,,,,,Grass]Sinistcha-Masterpiece||EjectButton|Hospitality|Hex,RagePowder,Curse,LifeDew||||||50|,,,,,Rock\n|showteam|p2|Thundurus||CovertCloak|Prankster|Taunt,ThunderWave,WildboltStorm,VoltSwitch|||M|||50|,,,,,Grass]Bastiodon||Leftovers|Sturdy|FlashCannon,RockSlide,BodyPress,Curse|||F|||50|,,,,,Ghost]Ho-Oh||EjectButton|Regenerator|Tailwind,WillOWisp,SacredFire,SolarBeam||||||50|,,,,,Fire]Koraidon||LifeOrb|OrichalcumPulse|Protect,DrainPunch,DragonClaw,Uturn||||||50|,,,,,Fire]Muk-Alola||RockyHelmet|PowerofAlchemy|ClearSmog,KnockOff,Toxic,SludgeBomb|||M|||50|,,,,,Poison]Ursaluna||FlameOrb|Guts|Facade,HeadlongRush,Earthquake,Protect|||F|||50|,,,,,Grass\n|\n|t:|1745971976\n|start\n|switch|p1a: Fezandipiti|Fezandipiti, L50, M|100/100\n|switch|p1b: Tatsugiri|Tatsugiri-Droopy, L50, F|100/100\n|switch|p2a: Koraidon|Koraidon, L50|100/100\n|switch|p2b: Ho-Oh|Ho-Oh, L50|100/100\n|-weather|SunnyDay|[from] ability: Orichalcum Pulse|[of] p2a: Koraidon\n|-activate|p2a: Koraidon|Orichalcum Pulse|[source]\n|turn|1\n|\n|t:|1745972020\n|move|p1b: Tatsugiri|Protect|p1b: Tatsugiri\n|-singleturn|p1b: Tatsugiri|Protect\n|move|p2a: Koraidon|Dragon Claw|p1b: Tatsugiri\n|-activate|p1b: Tatsugiri|move: Protect\n|move|p1a: Fezandipiti|Icy Wind|p2b: Ho-Oh|[spread] p2a,p2b\n|-supereffective|p2a: Koraidon\n|-damage|p2a: Koraidon|84/100\n|-damage|p2b: Ho-Oh|97/100\n|-unboost|p2a: Koraidon|spe|1\n|-unboost|p2b: Ho-Oh|spe|1\n|-status|p2a: Koraidon|tox|[from] ability: Toxic Chain|[of] p1a: Fezandipiti\n|-enditem|p2b: Ho-Oh|Eject Button\n|\n|t:|1745972034\n|switch|p2b: Thundurus|Thundurus, L50, M|100/100\n|\n|-weather|SunnyDay|[upkeep]\n|-damage|p2a: Koraidon|79/100 tox|[from] psn\n|upkeep\n|turn|2\n|\n|t:|1745972068\n|move|p2b: Thundurus|Thunder Wave|p1b: Tatsugiri|[miss]\n|-miss|p2b: Thundurus|p1b: Tatsugiri\n|move|p1a: Fezandipiti|Icy Wind|p2b: Thundurus|[spread] p2a,p2b\n|-supereffective|p2a: Koraidon\n|-supereffective|p2b: Thundurus\n|-damage|p2a: Koraidon|64/100 tox\n|-damage|p2b: Thundurus|81/100\n|-unboost|p2a: Koraidon|spe|1\n|move|p1b: Tatsugiri|Draco Meteor|p2a: Koraidon\n|-supereffective|p2a: Koraidon\n|-damage|p2a: Koraidon|0 fnt\n|-unboost|p1b: Tatsugiri|spa|2\n|faint|p2a: Koraidon\n|\n|-weather|SunnyDay|[upkeep]\n|upkeep\n|\n|t:|1745972082\n|switch|p2a: Ho-Oh|Ho-Oh, L50|100/100\n|turn|3\n|\n|t:|1745972104\n|move|p1b: Tatsugiri|Protect|p1b: Tatsugiri\n|-singleturn|p1b: Tatsugiri|Protect\n|move|p2b: Thundurus|Thunder Wave|p1a: Fezandipiti\n|-status|p1a: Fezandipiti|par\n|move|p2a: Ho-Oh|Solar Beam||[still]\n|-prepare|p2a: Ho-Oh|Solar Beam\n|-anim|p2a: Ho-Oh|Solar Beam|p1b: Tatsugiri\n|-activate|p1b: Tatsugiri|move: Protect\n|cant|p1a: Fezandipiti|par\n|\n|-weather|SunnyDay|[upkeep]\n|upkeep\n|turn|4\n|\n|t:|1745972136\n|switch|p1b: Dondozo|Dondozo, L50, M|100/100\n|move|p2b: Thundurus|Taunt|p1b: Dondozo\n|-start|p1b: Dondozo|move: Taunt\n|move|p2a: Ho-Oh|Solar Beam||[still]\n|-prepare|p2a: Ho-Oh|Solar Beam\n|-anim|p2a: Ho-Oh|Solar Beam|p1b: Dondozo\n|-supereffective|p1b: Dondozo\n|-damage|p1b: Dondozo|52/100\n|move|p1a: Fezandipiti|Icy Wind|p2b: Thundurus|[spread] p2a,p2b\n|-supereffective|p2b: Thundurus\n|-damage|p2a: Ho-Oh|97/100\n|-damage|p2b: Thundurus|63/100\n|-unboost|p2a: Ho-Oh|spe|1\n|\n|-weather|SunnyDay|[upkeep]\n|-heal|p1b: Dondozo|59/100|[from] item: Leftovers\n|upkeep\n|turn|5\n|\n|t:|1745972170\n|switch|p1b: Tatsugiri|Tatsugiri-Droopy, L50, F|100/100\n|move|p2b: Thundurus|Wildbolt Storm|p1a: Fezandipiti|[spread] p1a,p1b\n|-damage|p1a: Fezandipiti|82/100 par\n|-damage|p1b: Tatsugiri|52/100\n|move|p1a: Fezandipiti|Icy Wind|p2a: Ho-Oh|[spread] p2a,p2b\n|-supereffective|p2b: Thundurus\n|-damage|p2a: Ho-Oh|93/100\n|-damage|p2b: Thundurus|41/100\n|-unboost|p2a: Ho-Oh|spe|1\n|move|p2a: Ho-Oh|Tailwind|p2a: Ho-Oh\n|-sidestart|p2: Fat Kakashi|move: Tailwind\n|\n|-weather|none\n|upkeep\n|turn|6\n|\n|t:|1745972206\n|switch|p2a: Ursaluna|Ursaluna, L50, F|100/100\n|move|p1b: Tatsugiri|Protect|p1b: Tatsugiri\n|-singleturn|p1b: Tatsugiri|Protect\n|move|p2b: Thundurus|Volt Switch|p1b: Tatsugiri\n|-activate|p1b: Tatsugiri|move: Protect\n|move|p1a: Fezandipiti|Icy Wind|p2b: Thundurus|[spread] p2a,p2b\n|-supereffective|p2a: Ursaluna\n|-supereffective|p2b: Thundurus\n|-damage|p2a: Ursaluna|86/100\n|-damage|p2b: Thundurus|23/100\n|-unboost|p2a: Ursaluna|spe|1\n|\n|-status|p2a: Ursaluna|brn|[from] item: Flame Orb\n|upkeep\n|turn|7\n|\n|t:|1745972254\n|switch|p1a: Dondozo|Dondozo, L50, M|59/100\n|-activate|p1b: Tatsugiri|ability: Commander|[of] p1a: Dondozo\n|-boost|p1a: Dondozo|atk|2\n|-boost|p1a: Dondozo|spa|2\n|-boost|p1a: Dondozo|spe|2\n|-boost|p1a: Dondozo|def|2\n|-boost|p1a: Dondozo|spd|2\n|-terastallize|p2a: Ursaluna|Grass\n|move|p2b: Thundurus|Thunder Wave|p1b: Tatsugiri|[miss]\n|-miss|p2b: Thundurus|p1b: Tatsugiri\n|move|p2a: Ursaluna|Facade|p1a: Dondozo\n|-damage|p1a: Dondozo|27/100\n|\n|-heal|p1a: Dondozo|33/100|[from] item: Leftovers\n|-damage|p2a: Ursaluna|80/100 brn|[from] brn\n|upkeep\n|turn|8\n|\n|t:|1745972277\n|move|p1a: Dondozo|Protect|p1a: Dondozo\n|-singleturn|p1a: Dondozo|Protect\n|move|p2a: Ursaluna|Protect|p2a: Ursaluna\n|-singleturn|p2a: Ursaluna|Protect\n|move|p2b: Thundurus|Wildbolt Storm|p1b: Tatsugiri|[spread] \n|-miss|p2b: Thundurus|p1b: Tatsugiri\n|-activate|p1a: Dondozo|move: Protect\n|\n|-heal|p1a: Dondozo|39/100|[from] item: Leftovers\n|-damage|p2a: Ursaluna|74/100 brn|[from] brn\n|-sideend|p2: Fat Kakashi|move: Tailwind\n|upkeep\n|turn|9\n|\n|t:|1745972298\n|-terastallize|p1a: Dondozo|Grass\n|move|p2b: Thundurus|Thunder Wave|p1a: Dondozo\n|-status|p1a: Dondozo|par\n|move|p1a: Dondozo|Body Press|p2a: Ursaluna\n|-damage|p2a: Ursaluna|36/100 brn\n|move|p2a: Ursaluna|Facade|p1b: Tatsugiri|[miss]\n|-miss|p2a: Ursaluna|p1b: Tatsugiri\n|\n|-heal|p1a: Dondozo|45/100 par|[from] item: Leftovers\n|-damage|p2a: Ursaluna|30/100 brn|[from] brn\n|upkeep\n|turn|10\n|\n|t:|1745972321\n|switch|p2a: Ho-Oh|Ho-Oh, L50|100/100\n|cant|p1a: Dondozo|par\n|move|p2b: Thundurus|Volt Switch|p1a: Dondozo\n|-resisted|p1a: Dondozo\n|-damage|p1a: Dondozo|38/100 par\n|\n|t:|1745972328\n|switch|p2b: Ursaluna|Ursaluna, L50, F, tera:Grass|30/100 brn|[from] Volt Switch\n|\n|-heal|p1a: Dondozo|44/100 par|[from] item: Leftovers\n|-damage|p2b: Ursaluna|24/100 brn|[from] brn\n|upkeep\n|turn|11\n|\n|t:|1745972344\n|move|p1a: Dondozo|Protect|p1a: Dondozo\n|-singleturn|p1a: Dondozo|Protect\n|move|p2a: Ho-Oh|Will-O-Wisp|p1b: Tatsugiri|[miss]\n|-miss|p2a: Ho-Oh|p1b: Tatsugiri\n|move|p2b: Ursaluna|Earthquake|p1a: Dondozo|[spread] \n|-miss|p2b: Ursaluna|p1b: Tatsugiri\n|-activate|p1a: Dondozo|move: Protect\n|-immune|p2a: Ho-Oh\n|\n|-heal|p1a: Dondozo|50/100 par|[from] item: Leftovers\n|-damage|p2b: Ursaluna|18/100 brn|[from] brn\n|upkeep\n|turn|12\n|\n|t:|1745972364\n|move|p2b: Ursaluna|Protect|p2b: Ursaluna\n|-singleturn|p2b: Ursaluna|Protect\n|move|p2a: Ho-Oh|Tailwind|p2a: Ho-Oh\n|-sidestart|p2: Fat Kakashi|move: Tailwind\n|cant|p1a: Dondozo|par\n|\n|-heal|p1a: Dondozo|57/100 par|[from] item: Leftovers\n|-damage|p2b: Ursaluna|12/100 brn|[from] brn\n|upkeep\n|turn|13\n|\n|t:|1745972379\n|move|p1a: Dondozo|Protect|p1a: Dondozo\n|-singleturn|p1a: Dondozo|Protect\n|move|p2a: Ho-Oh|Solar Beam||[still]\n|-prepare|p2a: Ho-Oh|Solar Beam\n|move|p2b: Ursaluna|Facade|p1a: Dondozo\n|-activate|p1a: Dondozo|move: Protect\n|\n|-heal|p1a: Dondozo|63/100 par|[from] item: Leftovers\n|-damage|p2b: Ursaluna|6/100 brn|[from] brn\n|upkeep\n|turn|14\n|\n|t:|1745972393\n|move|p2a: Ho-Oh|Solar Beam|p1a: Dondozo|[from] lockedmove\n|-resisted|p1a: Dondozo\n|-damage|p1a: Dondozo|57/100 par\n|move|p2b: Ursaluna|Facade|p1a: Dondozo\n|-damage|p1a: Dondozo|24/100 par\n|move|p1a: Dondozo|Order Up|p2a: Ho-Oh\n|-damage|p2a: Ho-Oh|63/100\n|-boost|p1a: Dondozo|def|1\n|\n|-heal|p1a: Dondozo|30/100 par|[from] item: Leftovers\n|-damage|p2b: Ursaluna|0 fnt|[from] brn\n|faint|p2b: Ursaluna\n|upkeep\n|\n|t:|1745972404\n|switch|p2b: Thundurus|Thundurus, L50, M|23/100\n|turn|15\n|\n|t:|1745972427\n|move|p1a: Dondozo|Protect|p1a: Dondozo\n|-singleturn|p1a: Dondozo|Protect\n|move|p2b: Thundurus|Wildbolt Storm|p1a: Dondozo|[spread] \n|-miss|p2b: Thundurus|p1b: Tatsugiri\n|-activate|p1a: Dondozo|move: Protect\n|move|p2a: Ho-Oh|Sacred Fire|p1a: Dondozo\n|-activate|p1a: Dondozo|move: Protect\n|\n|-heal|p1a: Dondozo|36/100 par|[from] item: Leftovers\n|-sideend|p2: Fat Kakashi|move: Tailwind\n|upkeep\n|turn|16\n|\n|t:|1745972443\n|move|p2b: Thundurus|Taunt|p1a: Dondozo\n|-start|p1a: Dondozo|move: Taunt\n|move|p2a: Ho-Oh|Sacred Fire|p1a: Dondozo\n|-supereffective|p1a: Dondozo\n|-damage|p1a: Dondozo|16/100 par\n|cant|p1a: Dondozo|par\n|\n|-heal|p1a: Dondozo|23/100 par|[from] item: Leftovers\n|upkeep\n|turn|17\n|\n|t:|1745972467\n|move|p2b: Thundurus|Wildbolt Storm|p1a: Dondozo|[spread] \n|-miss|p2b: Thundurus|p1b: Tatsugiri\n|-miss|p2b: Thundurus|p1a: Dondozo\n|move|p2a: Ho-Oh|Sacred Fire|p1a: Dondozo\n|-supereffective|p1a: Dondozo\n|-damage|p1a: Dondozo|3/100 par\n|cant|p1a: Dondozo|par\n|\n|-heal|p1a: Dondozo|9/100 par|[from] item: Leftovers\n|upkeep\n|turn|18\n|\n|t:|1745972485\n|move|p2b: Thundurus|Volt Switch|p1a: Dondozo\n|-resisted|p1a: Dondozo\n|-damage|p1a: Dondozo|2/100 par\n|move|p2a: Ho-Oh|Tailwind|p2a: Ho-Oh\n|-sidestart|p2: Fat Kakashi|move: Tailwind\n|move|p1a: Dondozo|Order Up|p2b: Thundurus\n|-damage|p2b: Thundurus|0 fnt\n|faint|p2b: Thundurus\n|-boost|p1a: Dondozo|def|1\n|\n|-heal|p1a: Dondozo|8/100 par|[from] item: Leftovers\n|-end|p1a: Dondozo|move: Taunt\n|upkeep\n|turn|19\n|\n|t:|1745972500\n|move|p1a: Dondozo|Protect|p1a: Dondozo\n|-singleturn|p1a: Dondozo|Protect\n|move|p2a: Ho-Oh|Sacred Fire|p1a: Dondozo\n|-activate|p1a: Dondozo|move: Protect\n|\n|-heal|p1a: Dondozo|14/100 par|[from] item: Leftovers\n|upkeep\n|turn|20\n|\n|t:|1745972508\n|move|p2a: Ho-Oh|Sacred Fire|p1a: Dondozo|[miss]\n|-miss|p2a: Ho-Oh|p1a: Dondozo\n|move|p1a: Dondozo|Order Up|p2a: Ho-Oh\n|-damage|p2a: Ho-Oh|24/100\n|-boost|p1a: Dondozo|def|1\n|\n|-heal|p1a: Dondozo|20/100 par|[from] item: Leftovers\n|upkeep\n|turn|21\n|\n|t:|1745972519\n|move|p1a: Dondozo|Protect|p1a: Dondozo\n|-singleturn|p1a: Dondozo|Protect\n|move|p2a: Ho-Oh|Sacred Fire|p1a: Dondozo\n|-activate|p1a: Dondozo|move: Protect\n|\n|-heal|p1a: Dondozo|27/100 par|[from] item: Leftovers\n|-sideend|p2: Fat Kakashi|move: Tailwind\n|upkeep\n|turn|22\n|\n|t:|1745972529\n|move|p2a: Ho-Oh|Sacred Fire|p1a: Dondozo\n|-supereffective|p1a: Dondozo\n|-damage|p1a: Dondozo|11/100 par\n|move|p1a: Dondozo|Order Up|p2a: Ho-Oh\n|-damage|p2a: Ho-Oh|0 fnt\n|faint|p2a: Ho-Oh\n|\n|win|Sqewer\n|l|\u2606Fat Kakashi\n|player|p2|\n||Sqewer is ready for game 2.\n|inactive|Fat Kakashi has 30 seconds to confirm battle start!\n||Fat Kakashi is ready for game 2.\n|uhtml|next|Next: <a href=\"/battle-gen9vgc2025regibo3-2353596025\"><strong>Game 2 of 3</strong></a>\n", "uploadtime": 1745972900, "views": 8, "formatid": "gen9vgc2025regibo3", "rating": null, "private": 0, "password": null}