{"id": "gen9vgc2025regibo3-2354888208", "format": "[Gen 9] VGC 2025 Reg I (Bo3)", "players": ["Divya sutra suites", "ErPrietinho"], "log": "|j|\u2606Divya sutra suites\n|j|\u2606ErPrietinho\n|html|<table width=\"100%\"><tr><td align=\"left\">Divya sutra suites</td><td align=\"right\">ErPrietinho</tr><tr><td align=\"left\"><i class=\"fa fa-circle-o\"></i> <i class=\"fa fa-circle-o\"></i> </td><td align=\"right\"><i class=\"fa fa-circle-o\"></i> <i class=\"fa fa-circle-o\"></i> </tr></table>\n|uhtml|bestof|<h2><strong>Game 1</strong> of <a href=\"/game-bestof3-gen9vgc2025regibo3-2354888206\">a best-of-3</a></h2>\n|t:|1746128721\n|gametype|doubles\n|player|p1|Divya sutra suites|blackbelt-gen4dp|1143\n|player|p2|ErPrietinho|265|1067\n|teamsize|p1|6\n|teamsize|p2|6\n|gen|9\n|tier|[Gen 9] VGC 2025 Reg I (Bo3)\n|rated|\n|rule|Species Clause: Limit one of each Pok\u00e9mon\n|rule|Item Clause: Limit 1 of each item\n|clearpoke\n|poke|p1|Calyrex-Shadow, L50|\n|poke|p1|Incineroar, L50, M|\n|poke|p1|Terapagos, L50, M|\n|poke|p1|Rillaboom, L50, M|\n|poke|p1|Ogerpon-Cornerstone, L50, F|\n|poke|p1|Flutter Mane, L50|\n|poke|p2|Terapagos, L50, M|\n|poke|p2|Calyrex-Ice, L50|\n|poke|p2|Rillaboom, L50, M|\n|poke|p2|Porygon2, L50|\n|poke|p2|Kingambit, L50, M|\n|poke|p2|Primarina, L50, M|\n|teampreview|4\n|showteam|p1|Calyrex-Shadow||FocusSash|AsOneSpectrier|AstralBarrage,Psychic,CalmMind,Protect||||||50|,,,,,Ghost]Incineroar||SafetyGoggles|Intimidate|WillOWisp,FakeOut,PartingShot,KnockOff|||M|||50|,,,,,Water]Terapagos||ChoiceSpecs|TeraShift|TeraStarstorm,DarkPulse,EarthPower,AncientPower|||M|||50|,,,,,Stellar]Rillaboom||AssaultVest|GrassySurge|WoodHammer,FakeOut,GrassyGlide,Uturn|||M|||50|,,,,,Fire]Ogerpon-Cornerstone||CornerstoneMask|Sturdy|IvyCudgel,WoodHammer,FollowMe,SpikyShield|||F|||50|,,,,,Rock]Flutter Mane||BoosterEnergy|Protosynthesis|Moonblast,ShadowBall,IcyWind,Protect||||||50|,,,,,Fairy\n|showteam|p2|Terapagos||ChoiceSpecs|TeraShift|EnergyBall,DazzlingGleam,Thunderbolt,TeraStarstorm|||M|||50|,,,,,Stellar]Calyrex-Ice||ClearAmulet|AsOneGlastrier|GlacialLance,Protect,TrickRoom,HighHorsepower||||||50|,,,,,Normal]Rillaboom||AssaultVest|GrassySurge|FakeOut,GrassyGlide,Uturn,WoodHammer|||M|||50|,,,,,Water]Porygon2||Eviolite|Download|TrickRoom,EerieImpulse,TeraBlast,FoulPlay||||||50|,,,,,Fairy]Kingambit||Leftovers|Defiant|Protect,SuckerPunch,KowtowCleave,IronHead|||M|||50|,,,,,Flying]Primarina||SitrusBerry|LiquidVoice|Moonblast,ShadowBall,HyperVoice,Protect|||M|||50|,,,,,Water\n|inactive|Battle timer is ON: inactive players will automatically lose when time's up. (requested by Divya sutra suites)\n|\n|t:|1746128749\n|start\n|switch|p1a: Calyrex|Calyrex-Shadow, L50|100/100\n|switch|p1b: Incineroar|Incineroar, L50, M|100/100\n|switch|p2a: Porygon2|Porygon2, L50|100/100\n|switch|p2b: Primarina|Primarina, L50, M|100/100\n|-ability|p1a: Calyrex|As One\n|-ability|p1a: Calyrex|Unnerve\n|-ability|p2a: Porygon2|Download|boost\n|-boost|p2a: Porygon2|atk|1\n|-ability|p1b: Incineroar|Intimidate|boost\n|-unboost|p2a: Porygon2|atk|1\n|-unboost|p2b: Primarina|atk|1\n|turn|1\n|inactive|Divya sutra suites has 30 seconds left.\n|inactive|ErPrietinho has 30 seconds left.\n|\n|t:|1746128782\n|move|p1b: Incineroar|Fake Out|p2b: Primarina\n|-damage|p2b: Primarina|86/100\n|move|p1a: Calyrex|Calm Mind|p1a: Calyrex\n|-boost|p1a: Calyrex|spa|1\n|-boost|p1a: Calyrex|spd|1\n|cant|p2b: Primarina|flinch\n|move|p2a: Porygon2|Trick Room|p2a: Porygon2\n|-fieldstart|move: Trick Room|[of] p2a: Porygon2\n|\n|upkeep\n|turn|2\n|\n|t:|1746128805\n|move|p1a: Calyrex|Protect|p1a: Calyrex\n|-singleturn|p1a: Calyrex|Protect\n|move|p1b: Incineroar|Knock Off|p2a: Porygon2\n|-damage|p2a: Porygon2|72/100\n|-enditem|p2a: Porygon2|Eviolite|[from] move: Knock Off|[of] p1b: Incineroar\n|move|p2a: Porygon2|Eerie Impulse|p1b: Incineroar\n|-unboost|p1b: Incineroar|spa|2\n|move|p2b: Primarina|Hyper Voice|p1b: Incineroar|[spread] p1b\n|-activate|p1a: Calyrex|move: Protect\n|-supereffective|p1b: Incineroar\n|-damage|p1b: Incineroar|40/100\n|\n|upkeep\n|turn|3\n|inactive|Divya sutra suites has 30 seconds left.\n|\n|t:|1746128837\n|switch|p2a: Terapagos|Terapagos, L50, M|100/100\n|-activate|p2a: Terapagos|ability: Tera Shift\n|detailschange|p2a: Terapagos|Terapagos-Terastal, L50, M\n|-heal|p2a: Terapagos|100/100|[silent]\n|move|p1b: Incineroar|Parting Shot|p2b: Primarina\n|-unboost|p2b: Primarina|atk|1\n|-unboost|p2b: Primarina|spa|1\n|\n|t:|1746128849\n|switch|p1b: Ogerpon|Ogerpon-Cornerstone, L50, F|100/100|[from] Parting Shot\n|move|p2b: Primarina|Hyper Voice|p1a: Calyrex|[spread] p1a,p1b\n|-damage|p1a: Calyrex|85/100\n|-damage|p1b: Ogerpon|73/100\n|move|p1a: Calyrex|Astral Barrage|p2b: Primarina|[spread] p2b\n|-immune|p2a: Terapagos\n|-damage|p2b: Primarina|19/100\n|\n|upkeep\n|turn|4\n|\n|t:|1746128870\n|-terastallize|p2a: Terapagos|Stellar\n|detailschange|p2a: Terapagos|Terapagos-Stellar, L50, M, tera:Stellar\n|-heal|p2a: Terapagos|100/100|[silent]\n|move|p1a: Calyrex|Protect|p1a: Calyrex\n|-singleturn|p1a: Calyrex|Protect\n|move|p2b: Primarina|Moonblast|p1a: Calyrex\n|-activate|p1a: Calyrex|move: Protect\n|move|p2a: Terapagos|Tera Starstorm|p1b: Ogerpon|[spread] p1b\n|-activate|p1a: Calyrex|move: Protect\n|-damage|p1b: Ogerpon|10/100\n|move|p1b: Ogerpon|Ivy Cudgel|p2b: Primarina|[anim] Ivy Cudgel Rock\n|-damage|p2b: Primarina|0 fnt\n|faint|p2b: Primarina\n|\n|upkeep\n|\n|t:|1746128881\n|switch|p2b: Kingambit|Kingambit, L50, M|100/100\n|turn|5\n|inactive|ErPrietinho has 30 seconds left.\n|\n|t:|1746128908\n|move|p1b: Ogerpon|Follow Me|p1b: Ogerpon\n|-singleturn|p1b: Ogerpon|move: Follow Me\n|move|p2b: Kingambit|Kowtow Cleave|p1b: Ogerpon\n|-damage|p1b: Ogerpon|0 fnt\n|faint|p1b: Ogerpon\n|move|p2a: Terapagos|Tera Starstorm|p1a: Calyrex\n|-damage|p1a: Calyrex|37/100\n|move|p1a: Calyrex|Psychic|p2a: Terapagos\n|-damage|p2a: Terapagos|46/100\n|-unboost|p2a: Terapagos|spd|1\n|\n|-fieldend|move: Trick Room\n|upkeep\n|\n|t:|1746128922\n|switch|p1b: Terapagos|Terapagos, L50, M|100/100\n|-activate|p1b: Terapagos|ability: Tera Shift\n|detailschange|p1b: Terapagos|Terapagos-Terastal, L50, M\n|-heal|p1b: Terapagos|100/100|[silent]\n|turn|6\n|\n|t:|1746128933\n|-terastallize|p1b: Terapagos|Stellar\n|detailschange|p1b: Terapagos|Terapagos-Stellar, L50, M, tera:Stellar\n|-heal|p1b: Terapagos|100/100|[silent]\n|move|p1a: Calyrex|Calm Mind|p1a: Calyrex\n|-boost|p1a: Calyrex|spa|1\n|-boost|p1a: Calyrex|spd|1\n|move|p1b: Terapagos|Tera Starstorm|p2b: Kingambit|[spread] p2a,p2b\n|-supereffective|p2a: Terapagos\n|-damage|p2a: Terapagos|0 fnt\n|-damage|p2b: Kingambit|43/100\n|faint|p2a: Terapagos\n|move|p2b: Kingambit|Kowtow Cleave|p1a: Calyrex\n|-supereffective|p1a: Calyrex\n|-damage|p1a: Calyrex|0 fnt\n|faint|p1a: Calyrex\n|\n|-heal|p2b: Kingambit|48/100|[from] item: Leftovers\n|upkeep\n|\n|t:|1746128951\n|switch|p1a: Incineroar|Incineroar, L50, M|40/100\n|switch|p2a: Porygon2|Porygon2, L50|72/100\n|-ability|p2a: Porygon2|Download|boost\n|-boost|p2a: Porygon2|atk|1\n|-ability|p1a: Incineroar|Intimidate|boost\n|-unboost|p2a: Porygon2|atk|1\n|-unboost|p2b: Kingambit|atk|1\n|-ability|p2b: Kingambit|Defiant|boost\n|-boost|p2b: Kingambit|atk|2\n|turn|7\n|inactive|ErPrietinho has 30 seconds left.\n|\n|t:|1746128980\n|move|p1a: Incineroar|Fake Out|p2a: Porygon2\n|-damage|p2a: Porygon2|60/100\n|move|p1b: Terapagos|Tera Starstorm|p2a: Porygon2|[spread] p2a,p2b\n|-damage|p2a: Porygon2|22/100\n|-damage|p2b: Kingambit|0 fnt\n|faint|p2b: Kingambit\n|cant|p2a: Porygon2|flinch\n|\n|upkeep\n|turn|8\n|\n|t:|1746128992\n|move|p1b: Terapagos|Tera Starstorm|p2a: Porygon2\n|-damage|p2a: Porygon2|0 fnt\n|faint|p2a: Porygon2\n|\n|win|Divya sutra suites\n||Divya sutra suites is ready for game 2.\n", "uploadtime": 1746129000, "views": 6, "formatid": "gen9vgc2025regibo3", "rating": null, "private": 0, "password": null}