{"id": "gen9vgc2025regibo3-2353923458", "format": "[Gen 9] VGC 2025 Reg I (Bo3)", "players": ["Loris41086", "YantoVGC"], "log": "|j|\u203dLoris41086\n|j|\u2606YantoVGC\n|html|<table width=\"100%\"><tr><td align=\"left\">Loris41086</td><td align=\"right\">YantoVGC</tr><tr><td align=\"left\"><i class=\"fa fa-circle\"></i> <i class=\"fa fa-circle-o\"></i> </td><td align=\"right\"><i class=\"fa fa-circle-o\"></i> <i class=\"fa fa-circle\"></i> </tr></table>\n|uhtml|bestof|<h2><strong>Game 3</strong> of <a href=\"/game-bestof3-gen9vgc2025regibo3-2353915491\">a best-of-3</a></h2>\n|t:|1746019278\n|gametype|doubles\n|player|p1|Loris41086|101|1139\n|player|p2|YantoVGC|wallace|1095\n|teamsize|p1|6\n|teamsize|p2|6\n|gen|9\n|tier|[Gen 9] VGC 2025 Reg I (Bo3)\n|rated|\n|rule|Species Clause: Limit one of each Pok\u00e9mon\n|rule|Item Clause: Limit 1 of each item\n|clearpoke\n|poke|p1|Eternatus, L50|\n|poke|p1|Rillaboom, L50, M|\n|poke|p1|Grimmsnarl, L50, M|\n|poke|p1|Urshifu-*, L50, M|\n|poke|p1|Volcarona, L50, F|\n|poke|p1|Terapagos, L50, M|\n|poke|p2|Zamazenta-*, L50|\n|poke|p2|Calyrex-Shadow, L50|\n|poke|p2|Tornadus, L50, M|\n|poke|p2|Urshifu-*, L50, M|\n|poke|p2|Rillaboom, L50, M|\n|poke|p2|Chien-Pao, L50|\n|teampreview|4\n|showteam|p1|Eternatus||LifeOrb|Pressure|SludgeBomb,DynamaxCannon,Flamethrower,Protect||||||50|,,,,,Fairy]Rillaboom||AssaultVest|GrassySurge|FakeOut,GrassyGlide,DrumBeating,Uturn|||M|||50|,,,,,Water]Grimmsnarl||LightClay|Prankster|Reflect,LightScreen,ThunderWave,FoulPlay|||M|||50|,,,,,Poison]Urshifu-Rapid-Strike||FocusSash|UnseenFist|SurgingStrikes,CloseCombat,Taunt,Detect|||M|||50|,,,,,Stellar]Volcarona||CovertCloak|FlameBody|StruggleBug,Overheat,RagePowder,WillOWisp|||F|||50|,,,,,Water]Terapagos||Leftovers|TeraShift|TeraStarstorm,EarthPower,CalmMind,Protect|||M|||50|,,,,,Stellar\n|showteam|p2|Zamazenta-Crowned||RustedShield|DauntlessShield|BodyPress,HeavySlam,WideGuard,Protect||||||50|,,,,,Ghost]Calyrex-Shadow||FocusSash|AsOneSpectrier|AstralBarrage,Psychic,Encore,Protect||||||50|,,,,,Ghost]Tornadus||RockyHelmet|Prankster|BleakwindStorm,Tailwind,RainDance,Protect|||M|||50|,,,,,Dark]Urshifu-Rapid-Strike||MysticWater|UnseenFist|SurgingStrikes,CloseCombat,AquaJet,Detect|||M|||50|,,,,,Water]Rillaboom||AssaultVest|GrassySurge|WoodHammer,GrassyGlide,Uturn,FakeOut|||M|||50|,,,,,Fire]Chien-Pao||LifeOrb|SwordofRuin|SuckerPunch,IcicleCrash,IceShard,Protect||||||50|,,,,,Stellar\n|\n|t:|1746019304\n|start\n|switch|p1a: Volcarona|Volcarona, L50, F|100/100\n|switch|p1b: Eternatus|Eternatus, L50|100/100\n|switch|p2a: Zamazenta|Zamazenta-Crowned, L50|100/100\n|switch|p2b: Calyrex|Calyrex-Shadow, L50|100/100\n|-ability|p2b: Calyrex|As One\n|-ability|p2b: Calyrex|Unnerve\n|-ability|p1b: Eternatus|Pressure\n|-ability|p2a: Zamazenta|Dauntless Shield|boost\n|-boost|p2a: Zamazenta|def|1\n|turn|1\n|\n|t:|1746019347\n|-terastallize|p2b: Calyrex|Ghost\n|move|p2a: Zamazenta|Protect|p2a: Zamazenta\n|-singleturn|p2a: Zamazenta|Protect\n|move|p1a: Volcarona|Rage Powder|p1a: Volcarona\n|-singleturn|p1a: Volcarona|move: Rage Powder\n|move|p2b: Calyrex|Astral Barrage|p1b: Eternatus|[spread] p1a,p1b\n|-damage|p1a: Volcarona|32/100\n|-damage|p1b: Eternatus|39/100\n|move|p1b: Eternatus|Flamethrower|p2b: Calyrex\n|-damage|p2b: Calyrex|53/100\n|-damage|p1b: Eternatus|30/100|[from] item: Life Orb\n|\n|upkeep\n|turn|2\n|\n|t:|1746019391\n|switch|p2a: Chien-Pao|Chien-Pao, L50|100/100\n|-ability|p2a: Chien-Pao|Sword of Ruin\n|switch|p1a: Grimmsnarl|Grimmsnarl, L50, M|100/100\n|move|p1b: Eternatus|Protect|p1b: Eternatus\n|-singleturn|p1b: Eternatus|Protect\n|move|p2b: Calyrex|Astral Barrage|p1b: Eternatus|[spread] p1a\n|-activate|p1b: Eternatus|move: Protect\n|-resisted|p1a: Grimmsnarl\n|-damage|p1a: Grimmsnarl|69/100\n|\n|upkeep\n|turn|3\n|\n|t:|1746019427\n|switch|p2b: Zamazenta|Zamazenta-Crowned, L50|100/100\n|switch|p1b: Volcarona|Volcarona, L50, F|32/100\n|move|p1a: Grimmsnarl|Reflect|p1a: Grimmsnarl\n|-sidestart|p1: Loris41086|Reflect\n|move|p2a: Chien-Pao|Icicle Crash|p1b: Volcarona\n|-resisted|p1b: Volcarona\n|-damage|p1b: Volcarona|10/100\n|-damage|p2a: Chien-Pao|91/100|[from] item: Life Orb\n|\n|upkeep\n|turn|4\n|\n|t:|1746019463\n|move|p1a: Grimmsnarl|Thunder Wave|p2b: Zamazenta\n|-status|p2b: Zamazenta|par\n|move|p2a: Chien-Pao|Icicle Crash|p1b: Volcarona\n|-resisted|p1b: Volcarona\n|-crit|p1b: Volcarona\n|-damage|p1b: Volcarona|0 fnt\n|faint|p1b: Volcarona\n|-damage|p2a: Chien-Pao|81/100|[from] item: Life Orb\n|move|p2b: Zamazenta|Heavy Slam|p1a: Grimmsnarl\n|-supereffective|p1a: Grimmsnarl\n|-damage|p1a: Grimmsnarl|0 fnt\n|faint|p1a: Grimmsnarl\n|\n|upkeep\n|\n|t:|1746019476\n|switch|p1b: Terapagos|Terapagos, L50, M|100/100\n|switch|p1a: Eternatus|Eternatus, L50|30/100\n|-activate|p1b: Terapagos|ability: Tera Shift\n|detailschange|p1b: Terapagos|Terapagos-Terastal, L50, M\n|-heal|p1b: Terapagos|100/100|[silent]\n|-ability|p1a: Eternatus|Pressure\n|turn|5\n|\n|t:|1746019502\n|move|p1a: Eternatus|Protect|p1a: Eternatus\n|-singleturn|p1a: Eternatus|Protect\n|move|p2a: Chien-Pao|Icicle Crash|p1a: Eternatus\n|-activate|p1a: Eternatus|move: Protect\n|move|p1b: Terapagos|Tera Starstorm|p2a: Chien-Pao\n|-damage|p2a: Chien-Pao|0 fnt\n|faint|p2a: Chien-Pao\n|move|p2b: Zamazenta|Body Press|p1b: Terapagos\n|-activate|p1b: Terapagos|ability: Tera Shell\n|-resisted|p1b: Terapagos\n|-damage|p1b: Terapagos|87/100\n|\n|-heal|p1b: Terapagos|94/100|[from] item: Leftovers\n|upkeep\n|\n|t:|1746019512\n|switch|p2a: Rillaboom|Rillaboom, L50, M|100/100\n|-fieldstart|move: Grassy Terrain|[from] ability: Grassy Surge|[of] p2a: Rillaboom\n|turn|6\n|\n|t:|1746019568\n|move|p2a: Rillaboom|Fake Out|p1a: Eternatus\n|-damage|p1a: Eternatus|23/100\n|cant|p1a: Eternatus|flinch\n|move|p1b: Terapagos|Calm Mind|p1b: Terapagos\n|-boost|p1b: Terapagos|spa|1\n|-boost|p1b: Terapagos|spd|1\n|move|p2b: Zamazenta|Body Press|p1b: Terapagos\n|-supereffective|p1b: Terapagos\n|-damage|p1b: Terapagos|47/100\n|\n|-heal|p1a: Eternatus|29/100|[from] Grassy Terrain\n|-heal|p1b: Terapagos|54/100|[from] Grassy Terrain\n|-heal|p1b: Terapagos|60/100|[from] item: Leftovers\n|upkeep\n|turn|7\n|\n|t:|1746019622\n|switch|p2a: Calyrex|Calyrex-Shadow, L50, tera:Ghost|53/100\n|-ability|p2a: Calyrex|As One\n|-ability|p2a: Calyrex|Unnerve\n|move|p1a: Eternatus|Sludge Bomb|p2a: Calyrex\n|-resisted|p2a: Calyrex\n|-damage|p2a: Calyrex|17/100\n|-status|p2a: Calyrex|psn\n|-damage|p1a: Eternatus|19/100|[from] item: Life Orb\n|move|p1b: Terapagos|Earth Power|p2b: Zamazenta\n|-supereffective|p2b: Zamazenta\n|-damage|p2b: Zamazenta|43/100 par\n|cant|p2b: Zamazenta|par\n|\n|-heal|p2a: Calyrex|23/100 psn|[from] Grassy Terrain\n|-heal|p1a: Eternatus|25/100|[from] Grassy Terrain\n|-heal|p1b: Terapagos|66/100|[from] Grassy Terrain\n|-heal|p1b: Terapagos|72/100|[from] item: Leftovers\n|-heal|p2b: Zamazenta|48/100 par|[from] Grassy Terrain\n|-damage|p2a: Calyrex|11/100 psn|[from] psn\n|upkeep\n|turn|8\n|\n|t:|1746019662\n|-terastallize|p1b: Terapagos|Stellar\n|detailschange|p1b: Terapagos|Terapagos-Stellar, L50, M, tera:Stellar\n|-heal|p1b: Terapagos|79/100|[silent]\n|-ability|p1b: Terapagos|Teraform Zero\n|-fieldend|move: Grassy Terrain\n|move|p1a: Eternatus|Protect|p1a: Eternatus\n|-singleturn|p1a: Eternatus|Protect\n|move|p2a: Calyrex|Astral Barrage|p1a: Eternatus|[spread] \n|-activate|p1a: Eternatus|move: Protect\n|-immune|p1b: Terapagos\n|move|p1b: Terapagos|Earth Power|p2b: Zamazenta\n|-supereffective|p2b: Zamazenta\n|-damage|p2b: Zamazenta|0 fnt\n|faint|p2b: Zamazenta\n|\n|-heal|p1b: Terapagos|86/100|[from] item: Leftovers\n|-damage|p2a: Calyrex|0 fnt|[from] psn\n|faint|p2a: Calyrex\n|upkeep\n|\n|t:|1746019678\n|switch|p2b: Rillaboom|Rillaboom, L50, M|100/100\n|-fieldstart|move: Grassy Terrain|[from] ability: Grassy Surge|[of] p2b: Rillaboom\n|turn|9\n|-message|YantoVGC forfeited.\n|\n|win|Loris41086\n|raw|Loris41086's rating: 1139 &rarr; <strong>1161</strong><br />(+22 for winning)\n|raw|YantoVGC's rating: 1095 &rarr; <strong>1074</strong><br />(-21 for losing)\n|l|\u203dLoris41086\n|player|p1|\n", "uploadtime": 1746019732, "views": 11, "formatid": "gen9vgc2025regibo3", "rating": 1074, "private": 0, "password": null}