{"id": "gen9vgc2025regibo3-2354973546", "format": "[Gen 9] VGC 2025 Reg I (Bo3)", "players": ["pizzawing", "choosenickname123"], "log": "|j|\u2606pizzawing\n|j|\u2606choosenickname123\n|html|<table width=\"100%\"><tr><td align=\"left\">pizzawing</td><td align=\"right\">choosenickname123</tr><tr><td align=\"left\"><i class=\"fa fa-circle-o\"></i> <i class=\"fa fa-circle-o\"></i> </td><td align=\"right\"><i class=\"fa fa-circle-o\"></i> <i class=\"fa fa-circle-o\"></i> </tr></table>\n|uhtml|bestof|<h2><strong>Game 1</strong> of <a href=\"/game-bestof3-gen9vgc2025regibo3-2354973544\">a best-of-3</a></h2>\n|t:|1746137436\n|gametype|doubles\n|player|p1|pizzawing|101|1240\n|player|p2|choosenickname123|265|1299\n|teamsize|p1|6\n|teamsize|p2|6\n|gen|9\n|tier|[Gen 9] VGC 2025 Reg I (Bo3)\n|rated|\n|rule|Species Clause: Limit one of each Pok\u00e9mon\n|rule|Item Clause: Limit 1 of each item\n|clearpoke\n|poke|p1|Terapagos, L50, M|\n|poke|p1|Calyrex-Shadow, L50|\n|poke|p1|Grimmsnarl, L50, M|\n|poke|p1|Rillaboom, L50, M|\n|poke|p1|Incineroar, L50, F|\n|poke|p1|Pelipper, L50, F|\n|poke|p2|Koraidon, L50|\n|poke|p2|Calyrex-Ice, L50|\n|poke|p2|Raging Bolt, L50|\n|poke|p2|Brute Bonnet, L50|\n|poke|p2|Chi-Yu, L50|\n|poke|p2|Flutter Mane, L50|\n|teampreview|4\n|showteam|p1|Terapagos||Leftovers|TeraShift|TeraStarstorm,EarthPower,CalmMind,Protect|||M|||50|,,,,,Stellar]Calyrex-Shadow||LifeOrb|AsOneSpectrier|AstralBarrage,Psychic,Protect,TeraBlast||||||50|,,,,,Water]Grimmsnarl||CovertCloak|Prankster|FakeOut,FakeTears,ThunderWave,SpiritBreak|||M|||50|,,,,,Steel]Rillaboom||AssaultVest|GrassySurge|GrassyGlide,FakeOut,WoodHammer,Uturn|||M|||50|,,,,,Fire]Incineroar||SafetyGoggles|Intimidate|KnockOff,FakeOut,PartingShot,Taunt|||F|||50|,,,,,Ghost]Pelipper||RockyHelmet|Drizzle|Hurricane,Protect,WideGuard,WeatherBall|||F|||50|,,,,,Ghost\n|showteam|p2|Koraidon||LifeOrb|OrichalcumPulse|FlareBlitz,FlameCharge,CloseCombat,Protect||||||50|,,,,,Fire]Calyrex-Ice||ClearAmulet|AsOneGlastrier|GlacialLance,HighHorsepower,TrickRoom,Protect||||||50|,,,,,Fire]Raging Bolt||AssaultVest|Protosynthesis|Thunderclap,DracoMeteor,Snarl,Thunderbolt||||||50|,,,,,Water]Brute Bonnet||CovertCloak|Protosynthesis|RagePowder,Spore,SuckerPunch,Protect||||||50|,,,,,Water]Chi-Yu||ChoiceScarf|BeadsofRuin|Overheat,HeatWave,Snarl,DarkPulse||||||50|,,,,,Ghost]Flutter Mane||ChoiceSpecs|Protosynthesis|ShadowBall,Moonblast,DazzlingGleam,IcyWind||||||50|,,,,,Fairy\n|inactive|Battle timer is ON: inactive players will automatically lose when time's up. (requested by choosenickname123)\n|inactive|pizzawing has 60 seconds left.\n|inactive|choosenickname123 has 60 seconds left.\n|\n|t:|1746137493\n|start\n|switch|p1a: Terapagos|Terapagos, L50, M|100/100\n|switch|p1b: Incineroar|Incineroar, L50, F|100/100\n|switch|p2a: Calyrex|Calyrex-Ice, L50|100/100\n|switch|p2b: Brute Bonnet|Brute Bonnet, L50|100/100\n|-activate|p1a: Terapagos|ability: Tera Shift\n|detailschange|p1a: Terapagos|Terapagos-Terastal, L50, M\n|-heal|p1a: Terapagos|100/100|[silent]\n|-ability|p2a: Calyrex|As One\n|-ability|p2a: Calyrex|Unnerve\n|-ability|p1b: Incineroar|Intimidate|boost\n|-fail|p2a: Calyrex|unboost|[from] item: Clear Amulet|[of] p2a: Calyrex\n|-unboost|p2b: Brute Bonnet|atk|1\n|turn|1\n|\n|t:|1746137513\n|move|p1a: Terapagos|Calm Mind|p1a: Terapagos\n|-boost|p1a: Terapagos|spa|1\n|-boost|p1a: Terapagos|spd|1\n|move|p1b: Incineroar|Taunt|p2b: Brute Bonnet\n|-start|p2b: Brute Bonnet|move: Taunt\n|cant|p2b: Brute Bonnet|move: Taunt|Spore\n|move|p2a: Calyrex|Glacial Lance|p1a: Terapagos|[spread] p1a,p1b\n|-activate|p1a: Terapagos|ability: Tera Shell\n|-resisted|p1a: Terapagos\n|-resisted|p1b: Incineroar\n|-damage|p1a: Terapagos|79/100\n|-damage|p1b: Incineroar|75/100\n|\n|-heal|p1a: Terapagos|85/100|[from] item: Leftovers\n|upkeep\n|turn|2\n|inactive|pizzawing has 30 seconds left.\n|\n|t:|1746137544\n|move|p2b: Brute Bonnet|Sucker Punch|p1a: Terapagos\n|-damage|p1a: Terapagos|71/100\n|move|p1a: Terapagos|Tera Starstorm|p2a: Calyrex\n|-damage|p2a: Calyrex|51/100\n|move|p1b: Incineroar|Parting Shot|p2b: Brute Bonnet\n|-unboost|p2b: Brute Bonnet|atk|1\n|-unboost|p2b: Brute Bonnet|spa|1\n|\n|t:|1746137550\n|switch|p1b: Pelipper|Pelipper, L50, F|100/100|[from] Parting Shot\n|-weather|RainDance|[from] ability: Drizzle|[of] p1b: Pelipper\n|move|p2a: Calyrex|Glacial Lance|p1a: Terapagos|[spread] p1a,p1b\n|-damage|p1a: Terapagos|30/100\n|-damage|p1b: Pelipper|51/100\n|\n|-weather|RainDance|[upkeep]\n|-heal|p1a: Terapagos|36/100|[from] item: Leftovers\n|upkeep\n|turn|3\n|inactive|pizzawing has 30 seconds left.\n|\n|t:|1746137581\n|-end|p2b: Brute Bonnet|Protosynthesis|[silent]\n|switch|p2b: Raging Bolt|Raging Bolt, L50|100/100\n|move|p2a: Calyrex|Protect|p2a: Calyrex\n|-singleturn|p2a: Calyrex|Protect\n|move|p1a: Terapagos|Tera Starstorm|p2b: Raging Bolt\n|-damage|p2b: Raging Bolt|56/100\n|move|p1b: Pelipper|Weather Ball|p2b: Raging Bolt\n|-resisted|p2b: Raging Bolt\n|-damage|p2b: Raging Bolt|42/100\n|\n|-weather|RainDance|[upkeep]\n|-heal|p1a: Terapagos|42/100|[from] item: Leftovers\n|upkeep\n|turn|4\n|\n|t:|1746137597\n|move|p1b: Pelipper|Wide Guard|p1b: Pelipper\n|-singleturn|p1b: Pelipper|Wide Guard\n|move|p1a: Terapagos|Tera Starstorm|p2b: Raging Bolt\n|-damage|p2b: Raging Bolt|0 fnt\n|faint|p2b: Raging Bolt\n|-end|p2b: Raging Bolt|Protosynthesis|[silent]\n|move|p2a: Calyrex|Glacial Lance|p1a: Terapagos|[spread] \n|-activate|p1a: Terapagos|move: Wide Guard\n|-activate|p1b: Pelipper|move: Wide Guard\n|\n|-weather|RainDance|[upkeep]\n|-heal|p1a: Terapagos|47/100|[from] item: Leftovers\n|upkeep\n|\n|t:|1746137602\n|switch|p2b: Brute Bonnet|Brute Bonnet, L50|100/100\n|turn|5\n|\n|t:|1746137622\n|-terastallize|p2b: Brute Bonnet|Water\n|move|p1a: Terapagos|Tera Starstorm|p2a: Calyrex\n|-damage|p2a: Calyrex|4/100\n|move|p1b: Pelipper|Hurricane|p2b: Brute Bonnet\n|-damage|p2b: Brute Bonnet|70/100\n|move|p2b: Brute Bonnet|Spore|p1a: Terapagos\n|-status|p1a: Terapagos|slp|[from] move: Spore\n|move|p2a: Calyrex|Trick Room|p2a: Calyrex\n|-fieldstart|move: Trick Room|[of] p2a: Calyrex\n|\n|-weather|RainDance|[upkeep]\n|-heal|p1a: Terapagos|53/100 slp|[from] item: Leftovers\n|upkeep\n|turn|6\n|\n|t:|1746137639\n|switch|p1b: Incineroar|Incineroar, L50, F|75/100\n|-ability|p1b: Incineroar|Intimidate|boost\n|-fail|p2a: Calyrex|unboost|[from] item: Clear Amulet|[of] p2a: Calyrex\n|-unboost|p2b: Brute Bonnet|atk|1\n|cant|p1a: Terapagos|slp\n|move|p2a: Calyrex|High Horsepower|p1a: Terapagos\n|-damage|p1a: Terapagos|22/100 slp\n|move|p2b: Brute Bonnet|Spore|p1b: Incineroar\n|-activate|p1b: Incineroar|item: Safety Goggles|Spore\n|\n|-weather|none\n|-heal|p1a: Terapagos|27/100 slp|[from] item: Leftovers\n|upkeep\n|turn|7\n|\n|t:|1746137652\n|move|p2a: Calyrex|Protect|p2a: Calyrex\n|-singleturn|p2a: Calyrex|Protect\n|move|p1b: Incineroar|Fake Out|p2a: Calyrex\n|-activate|p2a: Calyrex|move: Protect\n|move|p2b: Brute Bonnet|Sucker Punch|p1a: Terapagos\n|-damage|p1a: Terapagos|12/100 slp\n|cant|p1a: Terapagos|slp\n|\n|-heal|p1a: Terapagos|17/100 slp|[from] item: Leftovers\n|upkeep\n|turn|8\n|inactive|pizzawing has 30 seconds left.\n|\n|t:|1746137678\n|-terastallize|p1b: Incineroar|Ghost\n|cant|p1a: Terapagos|slp\n|move|p2b: Brute Bonnet|Sucker Punch||[still]\n|-fail|p2b: Brute Bonnet\n|move|p2a: Calyrex|High Horsepower|p1b: Incineroar\n|-damage|p1b: Incineroar|33/100\n|move|p1b: Incineroar|Taunt|p2b: Brute Bonnet\n|-start|p2b: Brute Bonnet|move: Taunt\n|\n|-heal|p1a: Terapagos|23/100 slp|[from] item: Leftovers\n|upkeep\n|turn|9\n|\n|t:|1746137701\n|-end|p2b: Brute Bonnet|Protosynthesis|[silent]\n|switch|p2b: Chi-Yu|Chi-Yu, L50|100/100\n|-ability|p2b: Chi-Yu|Beads of Ruin\n|-curestatus|p1a: Terapagos|slp|[msg]\n|move|p1a: Terapagos|Protect|p1a: Terapagos\n|-singleturn|p1a: Terapagos|Protect\n|move|p2a: Calyrex|Glacial Lance|p1b: Incineroar|[spread] p1b\n|-activate|p1a: Terapagos|move: Protect\n|-damage|p1b: Incineroar|0 fnt\n|faint|p1b: Incineroar\n|-ability|p2a: Calyrex|Chilling Neigh|boost\n|-boost|p2a: Calyrex|atk|1\n|\n|-heal|p1a: Terapagos|29/100|[from] item: Leftovers\n|-fieldend|move: Trick Room\n|upkeep\n|\n|t:|1746137723\n|switch|p1b: Pelipper|Pelipper, L50, F|51/100\n|-weather|RainDance|[from] ability: Drizzle|[of] p1b: Pelipper\n|turn|10\n|\n|t:|1746137745\n|move|p2b: Chi-Yu|Dark Pulse|p1a: Terapagos\n|-damage|p1a: Terapagos|0 fnt\n|faint|p1a: Terapagos\n|move|p1b: Pelipper|Weather Ball|p2b: Chi-Yu\n|-supereffective|p2b: Chi-Yu\n|-damage|p2b: Chi-Yu|0 fnt\n|faint|p2b: Chi-Yu\n|move|p2a: Calyrex|Trick Room|p2a: Calyrex\n|-fieldstart|move: Trick Room|[of] p2a: Calyrex\n|\n|-weather|RainDance|[upkeep]\n|upkeep\n|\n|t:|1746137749\n|switch|p1a: Calyrex|Calyrex-Shadow, L50|100/100\n|switch|p2b: Brute Bonnet|Brute Bonnet, L50, tera:Water|70/100\n|-ability|p1a: Calyrex|As One\n|-ability|p1a: Calyrex|Unnerve\n|turn|11\n|\n|t:|1746137763\n|move|p2a: Calyrex|Protect|p2a: Calyrex\n|-singleturn|p2a: Calyrex|Protect\n|move|p1b: Pelipper|Protect|p1b: Pelipper\n|-singleturn|p1b: Pelipper|Protect\n|move|p1a: Calyrex|Protect|p1a: Calyrex\n|-singleturn|p1a: Calyrex|Protect\n|move|p2b: Brute Bonnet|Spore|p1b: Pelipper\n|-activate|p1b: Pelipper|move: Protect\n|\n|-weather|RainDance|[upkeep]\n|upkeep\n|turn|12\n|inactive|pizzawing has 30 seconds left.\n|\n|t:|1746137789\n|move|p1b: Pelipper|Wide Guard|p1b: Pelipper\n|-singleturn|p1b: Pelipper|Wide Guard\n|move|p2a: Calyrex|Glacial Lance|p1a: Calyrex|[spread] \n|-activate|p1a: Calyrex|move: Wide Guard\n|-activate|p1b: Pelipper|move: Wide Guard\n|move|p2b: Brute Bonnet|Spore|p1a: Calyrex\n|-status|p1a: Calyrex|slp|[from] move: Spore\n|cant|p1a: Calyrex|slp\n|\n|-weather|RainDance|[upkeep]\n|upkeep\n|turn|13\n|\n|t:|1746137808\n|move|p1b: Pelipper|Wide Guard|p1b: Pelipper\n|-singleturn|p1b: Pelipper|Wide Guard\n|move|p2a: Calyrex|High Horsepower|p1a: Calyrex\n|-damage|p1a: Calyrex|35/100 slp\n|move|p2b: Brute Bonnet|Spore|p1b: Pelipper\n|-status|p1b: Pelipper|slp|[from] move: Spore\n|cant|p1a: Calyrex|slp\n|\n|-weather|RainDance|[upkeep]\n|upkeep\n|turn|14\n|\n|t:|1746137822\n|cant|p1b: Pelipper|slp\n|cant|p1a: Calyrex|slp\n|move|p2b: Brute Bonnet|Sucker Punch||[still]\n|-fail|p2b: Brute Bonnet\n|move|p2a: Calyrex|Glacial Lance|p1a: Calyrex|[spread] p1a,p1b\n|-damage|p1a: Calyrex|0 fnt\n|-damage|p1b: Pelipper|0 fnt\n|faint|p1a: Calyrex\n|faint|p1b: Pelipper\n|\n|win|choosenickname123\n||pizzawing is ready for game 2.\n|inactive|choosenickname123 has 30 seconds to confirm battle start!\n", "uploadtime": 1746137834, "views": 8, "formatid": "gen9vgc2025regibo3", "rating": null, "private": 0, "password": null}