{"id": "gen9vgc2025regibo3-2354156299", "format": "[Gen 9] VGC 2025 Reg I (Bo3)", "players": ["kevsux", "EncoreVGC"], "log": "|j|\u2606kevsux\n|j|\u2606EncoreVGC\n|html|<table width=\"100%\"><tr><td align=\"left\">kevsux</td><td align=\"right\">EncoreVGC</tr><tr><td align=\"left\"><i class=\"fa fa-circle\"></i> <i class=\"fa fa-circle-o\"></i> </td><td align=\"right\"><i class=\"fa fa-circle-o\"></i> <i class=\"fa fa-circle-o\"></i> </tr></table>\n|uhtml|bestof|<h2><strong>Game 2</strong> of <a href=\"/game-bestof3-gen9vgc2025regibo3-2354152352\">a best-of-3</a></h2>\n|t:|1746039741\n|gametype|doubles\n|player|p1|kevsux|brendan-gen3|\n|player|p2|EncoreVGC|tuber|\n|teamsize|p1|6\n|teamsize|p2|6\n|gen|9\n|tier|[Gen 9] VGC 2025 Reg I (Bo3)\n|rule|Species Clause: Limit one of each Pok\u00e9mon\n|rule|Item Clause: Limit 1 of each item\n|clearpoke\n|poke|p1|Calyrex-Shadow, L50|\n|poke|p1|Terapagos, L50, M|\n|poke|p1|Rillaboom, L50, F|\n|poke|p1|Incineroar, L50, M|\n|poke|p1|Ogerpon-Hearthflame, L50, F|\n|poke|p1|Urshifu-*, L50, M|\n|poke|p2|Ho-Oh, L50|\n|poke|p2|Zamazenta-*, L50|\n|poke|p2|Flutter Mane, L50|\n|poke|p2|Raging Bolt, L50|\n|poke|p2|Ogerpon-Cornerstone, L50, F|\n|poke|p2|Ting-Lu, L50|\n|teampreview|4\n|showteam|p1|Calyrex-Shadow||LifeOrb|AsOneSpectrier|AstralBarrage,NastyPlot,Protect,Psychic||||||50|,,,,,Normal]Terapagos||Leftovers|TeraShift|CalmMind,Protect,TeraStarstorm,EarthPower|||M|||50|,,,,,Stellar]Rillaboom||AssaultVest|GrassySurge|Uturn,GrassyGlide,WoodHammer,FakeOut|||F|||50|,,,,,Water]Incineroar||RockyHelmet|Intimidate|WillOWisp,KnockOff,FakeOut,PartingShot|||M|||50|,,,,,Ghost]Ogerpon-Hearthflame||HearthflameMask|MoldBreaker|IvyCudgel,GrassyGlide,FollowMe,SpikyShield|||F|||50|,,,,,Fire]Urshifu-Rapid-Strike||ChoiceScarf|UnseenFist|SurgingStrikes,CloseCombat,Uturn,AquaJet|||M|||50|,,,,,Water\n|showteam|p2|Ho-Oh||SafetyGoggles|Regenerator|SacredFire,BraveBird,Tailwind,Protect||||||50|,,,,,Water]Zamazenta-Crowned||RustedShield|DauntlessShield|BodyPress,behemothbash,WideGuard,Protect||||||50|,,,,,Bug]Flutter Mane||BoosterEnergy|Protosynthesis|Moonblast,ShadowBall,IcyWind,Protect||||||50|,,,,,Normal]Raging Bolt||AssaultVest|Protosynthesis|Thunderbolt,DracoMeteor,Thunderclap,VoltSwitch||||||50|,,,,,Fairy]Ogerpon-Cornerstone||CornerstoneMask|Sturdy|IvyCudgel,PowerWhip,FollowMe,SpikyShield|||F|||50|,,,,,Rock]Ting-Lu||Leftovers|VesselofRuin|StompingTantrum,Ruination,Snarl,Protect||||||50|,,,,,Fairy\n|inactive|Battle timer is ON: inactive players will automatically lose when time's up. (requested by kevsux)\n|j| sillE roverT\n|inactive|kevsux has 60 seconds left.\n|\n|t:|1746039776\n|start\n|switch|p1a: Incineroar|Incineroar, L50, M|100/100\n|switch|p1b: Urshifu|Urshifu-Rapid-Strike, L50, M|100/100\n|switch|p2a: Flutter Mane|Flutter Mane, L50|100/100\n|switch|p2b: Raging Bolt|Raging Bolt, L50|100/100\n|-ability|p1a: Incineroar|Intimidate|boost\n|-unboost|p2a: Flutter Mane|atk|1\n|-unboost|p2b: Raging Bolt|atk|1\n|-enditem|p2a: Flutter Mane|Booster Energy\n|-activate|p2a: Flutter Mane|ability: Protosynthesis|[fromitem]\n|-start|p2a: Flutter Mane|protosynthesisspe\n|turn|1\n|inactive|EncoreVGC has 30 seconds left.\n|\n|t:|1746039804\n|-terastallize|p1b: Urshifu|Water\n|move|p1a: Incineroar|Fake Out|p2b: Raging Bolt\n|-damage|p2b: Raging Bolt|92/100\n|move|p2a: Flutter Mane|Moonblast|p1b: Urshifu\n|-damage|p1b: Urshifu|40/100\n|-unboost|p1b: Urshifu|spa|1\n|move|p1b: Urshifu|Surging Strikes|p2a: Flutter Mane\n|-crit|p2a: Flutter Mane\n|-damage|p2a: Flutter Mane|55/100\n|-crit|p2a: Flutter Mane\n|-damage|p2a: Flutter Mane|8/100\n|-crit|p2a: Flutter Mane\n|-damage|p2a: Flutter Mane|0 fnt\n|faint|p2a: Flutter Mane\n|-end|p2a: Flutter Mane|Protosynthesis|[silent]\n|-hitcount|p2: Flutter Mane|3\n|cant|p2b: Raging Bolt|flinch\n|\n|upkeep\n|\n|t:|1746039820\n|switch|p2a: Zamazenta|Zamazenta-Crowned, L50|100/100\n|-ability|p2a: Zamazenta|Dauntless Shield|boost\n|-boost|p2a: Zamazenta|def|1\n|turn|2\n|\n|t:|1746039828\n|switch|p1a: Calyrex|Calyrex-Shadow, L50|100/100\n|-ability|p1a: Calyrex|As One\n|-ability|p1a: Calyrex|Unnerve\n|move|p2b: Raging Bolt|Thunderclap|p1b: Urshifu\n|-supereffective|p1b: Urshifu\n|-damage|p1b: Urshifu|0 fnt\n|faint|p1b: Urshifu\n|move|p2a: Zamazenta|Body Press|p1a: Calyrex\n|-immune|p1a: Calyrex\n|\n|upkeep\n|\n|t:|1746039845\n|switch|p1b: Incineroar|Incineroar, L50, M|100/100\n|-ability|p1b: Incineroar|Intimidate|boost\n|-unboost|p2a: Zamazenta|atk|1\n|-unboost|p2b: Raging Bolt|atk|1\n|turn|3\n|inactive|kevsux has 30 seconds left.\n|\n|t:|1746039877\n|move|p2a: Zamazenta|Protect|p2a: Zamazenta\n|-singleturn|p2a: Zamazenta|Protect\n|move|p1b: Incineroar|Fake Out|p2a: Zamazenta\n|-activate|p2a: Zamazenta|move: Protect\n|move|p1a: Calyrex|Nasty Plot|p1a: Calyrex\n|-boost|p1a: Calyrex|spa|2\n|move|p2b: Raging Bolt|Volt Switch|p1b: Incineroar\n|-damage|p1b: Incineroar|70/100\n|\n|t:|1746039886\n|-end|p2b: Raging Bolt|Protosynthesis|[silent]\n|switch|p2b: Ho-Oh|Ho-Oh, L50|100/100|[from] Volt Switch\n|\n|upkeep\n|turn|4\n|\n|t:|1746039903\n|switch|p1b: Terapagos|Terapagos, L50, M|100/100\n|-activate|p1b: Terapagos|ability: Tera Shift\n|detailschange|p1b: Terapagos|Terapagos-Terastal, L50, M\n|-heal|p1b: Terapagos|100/100|[silent]\n|move|p1a: Calyrex|Astral Barrage|p2b: Ho-Oh|[spread] p2a,p2b\n|-damage|p2a: Zamazenta|0 fnt\n|-damage|p2b: Ho-Oh|9/100\n|faint|p2a: Zamazenta\n|-ability|p1a: Calyrex|Grim Neigh|boost\n|-boost|p1a: Calyrex|spa|1\n|-damage|p1a: Calyrex|91/100|[from] item: Life Orb\n|move|p2b: Ho-Oh|Tailwind|p2b: Ho-Oh\n|-sidestart|p2: EncoreVGC|move: Tailwind\n|\n|upkeep\n|\n|t:|1746039918\n|switch|p2a: Raging Bolt|Raging Bolt, L50|92/100\n|turn|5\n|\n|t:|1746039937\n|switch|p1b: Incineroar|Incineroar, L50, M|70/100\n|-ability|p1b: Incineroar|Intimidate|boost\n|-unboost|p2a: Raging Bolt|atk|1\n|-unboost|p2b: Ho-Oh|atk|1\n|move|p1a: Calyrex|Protect|p1a: Calyrex\n|-singleturn|p1a: Calyrex|Protect\n|move|p2b: Ho-Oh|Sacred Fire|p1a: Calyrex\n|-activate|p1a: Calyrex|move: Protect\n|move|p2a: Raging Bolt|Thunderbolt|p1a: Calyrex\n|-activate|p1a: Calyrex|move: Protect\n|\n|upkeep\n|turn|6\n|-message|EncoreVGC forfeited.\n|\n|win|kevsux\n|l|\u2606EncoreVGC\n|player|p2|\n|l| sillE roverT\n", "uploadtime": 1746041093, "views": 13, "formatid": "gen9vgc2025regibo3", "rating": null, "private": 0, "password": null}