{"id": "gen9vgc2025regibo3-2353707104", "format": "[Gen 9] VGC 2025 Reg I (Bo3)", "players": ["twiz94", "Dix6"], "log": "|j|\u2606twiz94\n|j|\u2606Dix6\n|html|<table width=\"100%\"><tr><td align=\"left\">twiz94</td><td align=\"right\">Dix6</tr><tr><td align=\"left\"><i class=\"fa fa-circle-o\"></i> <i class=\"fa fa-circle-o\"></i> </td><td align=\"right\"><i class=\"fa fa-circle-o\"></i> <i class=\"fa fa-circle-o\"></i> </tr></table>\n|uhtml|bestof|<h2><strong>Game 1</strong> of <a href=\"/game-bestof3-gen9vgc2025regibo3-2353707103\">a best-of-3</a></h2>\n|t:|1745986413\n|gametype|doubles\n|player|p1|twiz94|102|1082\n|player|p2|Dix6|169|1064\n|teamsize|p1|6\n|teamsize|p2|6\n|gen|9\n|tier|[Gen 9] VGC 2025 Reg I (Bo3)\n|rated|\n|rule|Species Clause: Limit one of each Pok\u00e9mon\n|rule|Item Clause: Limit 1 of each item\n|clearpoke\n|poke|p1|Lunala, L50|\n|poke|p1|Ho-Oh, L50|\n|poke|p1|Flutter Mane, L50|\n|poke|p1|Rillaboom, L50, M|\n|poke|p1|Grimmsnarl, L50, M|\n|poke|p1|Indeedee-F, L50, F|\n|poke|p2|Koraidon, L50|\n|poke|p2|Ho-Oh, L50|\n|poke|p2|Incineroar, L50, F|\n|poke|p2|Rillaboom, L50, M|\n|poke|p2|Walking Wake, L50|\n|poke|p2|Flutter Mane, L50|\n|teampreview|4\n|showteam|p1|Lunala||PowerHerb|ShadowShield|WideGuard,MeteorBeam,MoongeistBeam,ExpandingForce||||||50|,,,,,Water]Ho-Oh||CovertCloak|Regenerator|Tailwind,SacredFire,BraveBird,LifeDew||||||50|,,,,,Grass]Flutter Mane||BoosterEnergy|Protosynthesis|Taunt,ThunderWave,Moonblast,IcyWind||||||50|,,,,,Normal]Rillaboom||AssaultVest|GrassySurge|FakeOut,GrassyGlide,WoodHammer,Uturn|||M|||50|,,,,,Fire]Grimmsnarl||LightClay|Prankster|Reflect,LightScreen,FoulPlay,SpiritBreak|||M|||50|,,,,,Ghost]Indeedee-F||PsychicSeed|PsychicSurge|HelpingHand,FollowMe,TrickRoom,AlluringVoice|||F|||50|,,,,,Grass\n|showteam|p2|Koraidon||LifeOrb|OrichalcumPulse|CloseCombat,FlareBlitz,DragonClaw,Protect||||||50|,,,,,Fire]Ho-Oh||ClearAmulet|Regenerator|BraveBird,SacredFire,Tailwind,Protect||||||50|,,,,,Electric]Incineroar||SafetyGoggles|Intimidate|KnockOff,WillOWisp,FakeOut,PartingShot|||F|||50|,,,,,Water]Rillaboom||AssaultVest|GrassySurge|WoodHammer,Uturn,GrassyGlide,FakeOut|||M|||50|,,,,,Fire]Walking Wake||CovertCloak|Protosynthesis|HydroSteam,DracoMeteor,Snarl,Protect||||||50|,,,,,Water]Flutter Mane||FocusSash|Protosynthesis|Moonblast,ShadowBall,IcyWind,Protect||||||50|,,,,,Normal\n|inactive|Battle timer is ON: inactive players will automatically lose when time's up. (requested by twiz94)\n|inactive|twiz94 has 60 seconds left.\n|inactive|Dix6 has 60 seconds left.\n|\n|t:|1745986469\n|start\n|switch|p1a: Lunala|Lunala, L50, shiny|100/100\n|switch|p1b: Grimmsnarl|Grimmsnarl, L50, M, shiny|100/100\n|switch|p2a: Koraidon|Koraidon, L50|100/100\n|switch|p2b: Flutter Mane|Flutter Mane, L50|100/100\n|-weather|SunnyDay|[from] ability: Orichalcum Pulse|[of] p2a: Koraidon\n|-activate|p2b: Flutter Mane|ability: Protosynthesis\n|-start|p2b: Flutter Mane|protosynthesisspe\n|-activate|p2a: Koraidon|Orichalcum Pulse|[source]\n|turn|1\n|inactive|twiz94 has 30 seconds left.\n|inactive|twiz94 has 20 seconds left.\n|\n|t:|1745986508\n|-terastallize|p1a: Lunala|Water\n|move|p1b: Grimmsnarl|Reflect|p1b: Grimmsnarl\n|-sidestart|p1: twiz94|Reflect\n|move|p2b: Flutter Mane|Shadow Ball|p1a: Lunala\n|-damage|p1a: Lunala|85/100\n|-unboost|p1a: Lunala|spd|1\n|move|p2a: Koraidon|Dragon Claw|p1a: Lunala\n|-damage|p1a: Lunala|39/100\n|-damage|p2a: Koraidon|91/100|[from] item: Life Orb\n|move|p1a: Lunala|Meteor Beam||[still]\n|-prepare|p1a: Lunala|Meteor Beam\n|-boost|p1a: Lunala|spa|1\n|-enditem|p1a: Lunala|Power Herb\n|-anim|p1a: Lunala|Meteor Beam|p2a: Koraidon\n|-resisted|p2a: Koraidon\n|-damage|p2a: Koraidon|54/100\n|\n|-weather|SunnyDay|[upkeep]\n|upkeep\n|turn|2\n|inactive|twiz94 has 30 seconds left.\n|inactive|Dix6 has 30 seconds left.\n|\n|t:|1745986536\n|switch|p1a: Ho-Oh|Ho-Oh, L50, shiny|100/100\n|move|p2b: Flutter Mane|Moonblast|p1a: Ho-Oh\n|-resisted|p1a: Ho-Oh\n|-damage|p1a: Ho-Oh|85/100\n|move|p2a: Koraidon|Close Combat|p1a: Ho-Oh\n|-resisted|p1a: Ho-Oh\n|-damage|p1a: Ho-Oh|56/100\n|-unboost|p2a: Koraidon|def|1\n|-unboost|p2a: Koraidon|spd|1\n|-damage|p2a: Koraidon|45/100|[from] item: Life Orb\n|move|p1b: Grimmsnarl|Spirit Break|p2a: Koraidon\n|-supereffective|p2a: Koraidon\n|-damage|p2a: Koraidon|0 fnt\n|faint|p2a: Koraidon\n|\n|-weather|SunnyDay|[upkeep]\n|upkeep\n|\n|t:|1745986555\n|switch|p2a: Walking Wake|Walking Wake, L50|100/100\n|-activate|p2a: Walking Wake|ability: Protosynthesis\n|-start|p2a: Walking Wake|protosynthesisspe\n|turn|3\n|j| seeing improvement\n|l| seeing improvement\n|\n|t:|1745986575\n|switch|p1a: Indeedee|Indeedee-F, L50, F, shiny|100/100\n|-fieldstart|move: Psychic Terrain|[from] ability: Psychic Surge|[of] p1a: Indeedee\n|-enditem|p1a: Indeedee|Psychic Seed\n|-boost|p1a: Indeedee|spd|1|[from] item: Psychic Seed\n|move|p1b: Grimmsnarl|Light Screen|p1b: Grimmsnarl\n|-sidestart|p1: twiz94|move: Light Screen\n|move|p2b: Flutter Mane|Moonblast|p1b: Grimmsnarl\n|-supereffective|p1b: Grimmsnarl\n|-damage|p1b: Grimmsnarl|29/100\n|move|p2a: Walking Wake|Hydro Steam|p1a: Indeedee\n|-damage|p1a: Indeedee|76/100\n|\n|-weather|SunnyDay|[upkeep]\n|upkeep\n|turn|4\n|inactive|Dix6 has 30 seconds left.\n|\n|t:|1745986602\n|move|p2b: Flutter Mane|Moonblast|p1b: Grimmsnarl\n|-supereffective|p1b: Grimmsnarl\n|-damage|p1b: Grimmsnarl|0 fnt\n|faint|p1b: Grimmsnarl\n|move|p2a: Walking Wake|Snarl|p1a: Indeedee\n|-supereffective|p1a: Indeedee\n|-damage|p1a: Indeedee|61/100\n|-unboost|p1a: Indeedee|spa|1\n|move|p1a: Indeedee|Trick Room|p1a: Indeedee\n|-fieldstart|move: Trick Room|[of] p1a: Indeedee\n|\n|-weather|SunnyDay|[upkeep]\n|upkeep\n|\n|t:|1745986623\n|switch|p1b: Lunala|Lunala, L50, shiny, tera:Water|39/100\n|turn|5\n|inactive|Dix6 has 30 seconds left.\n|\n|t:|1745986653\n|move|p2b: Flutter Mane|Protect|p2b: Flutter Mane\n|-singleturn|p2b: Flutter Mane|Protect\n|move|p1a: Indeedee|Follow Me|p1a: Indeedee\n|-singleturn|p1a: Indeedee|move: Follow Me\n|move|p1b: Lunala|Expanding Force|p2a: Walking Wake|[spread] p2a\n|-activate|p2b: Flutter Mane|move: Protect\n|-damage|p2a: Walking Wake|38/100\n|move|p2a: Walking Wake|Snarl|p1b: Lunala|[spread] p1a\n|-miss|p2a: Walking Wake|p1b: Lunala\n|-supereffective|p1a: Indeedee\n|-damage|p1a: Indeedee|51/100\n|-unboost|p1a: Indeedee|spa|1\n|\n|-weather|none\n|-end|p2a: Walking Wake|Protosynthesis\n|-end|p2b: Flutter Mane|Protosynthesis\n|upkeep\n|turn|6\n|\n|t:|1745986677\n|move|p2a: Walking Wake|Protect|p2a: Walking Wake\n|-singleturn|p2a: Walking Wake|Protect\n|move|p1a: Indeedee|Alluring Voice|p2b: Flutter Mane\n|-damage|p2b: Flutter Mane|91/100\n|move|p1b: Lunala|Expanding Force|p2a: Walking Wake|[spread] p2b\n|-activate|p2a: Walking Wake|move: Protect\n|-damage|p2b: Flutter Mane|21/100\n|move|p2b: Flutter Mane|Moonblast|p1b: Lunala\n|-damage|p1b: Lunala|17/100\n|\n|upkeep\n|turn|7\n|inactive|Dix6 has 30 seconds left.\n|\n|t:|1745986706\n|-end|p2a: Walking Wake|Protosynthesis|[silent]\n|switch|p2a: Ho-Oh|Ho-Oh, L50|100/100\n|move|p2b: Flutter Mane|Protect|p2b: Flutter Mane\n|-singleturn|p2b: Flutter Mane|Protect\n|move|p1a: Indeedee|Alluring Voice|p2a: Ho-Oh\n|-resisted|p2a: Ho-Oh\n|-damage|p2a: Ho-Oh|98/100\n|move|p1b: Lunala|Expanding Force|p2a: Ho-Oh|[spread] p2a\n|-activate|p2b: Flutter Mane|move: Protect\n|-damage|p2a: Ho-Oh|59/100\n|\n|-fieldend|move: Psychic Terrain\n|upkeep\n|turn|8\n|inactive|twiz94 has 30 seconds left.\n|inactive|twiz94 has 20 seconds left.\n|inactive|twiz94 has 15 seconds left.\n|\n|t:|1745986749\n|switch|p1a: Ho-Oh|Ho-Oh, L50, shiny|90/100\n|move|p2a: Ho-Oh|Protect|p2a: Ho-Oh\n|-singleturn|p2a: Ho-Oh|Protect\n|move|p2b: Flutter Mane|Protect|p2b: Flutter Mane\n|-singleturn|p2b: Flutter Mane|Protect\n|move|p1b: Lunala|Moongeist Beam|p2b: Flutter Mane\n|-activate|p2b: Flutter Mane|move: Protect\n|\n|-sideend|p1: twiz94|Reflect\n|-fieldend|move: Trick Room\n|upkeep\n|turn|9\n|inactive|Dix6 has 30 seconds left.\n|\n|t:|1745986778\n|switch|p1b: Indeedee|Indeedee-F, L50, F, shiny|51/100\n|-fieldstart|move: Psychic Terrain|[from] ability: Psychic Surge|[of] p1b: Indeedee\n|move|p2b: Flutter Mane|Moonblast|p1b: Indeedee\n|-damage|p1b: Indeedee|21/100\n|move|p2a: Ho-Oh|Brave Bird|p1a: Ho-Oh\n|-damage|p1a: Ho-Oh|45/100\n|-damage|p2a: Ho-Oh|44/100|[from] Recoil\n|move|p1a: Ho-Oh|Brave Bird|p2a: Ho-Oh\n|-damage|p2a: Ho-Oh|0 fnt\n|faint|p2a: Ho-Oh\n|-damage|p1a: Ho-Oh|31/100|[from] Recoil\n|\n|upkeep\n|\n|t:|1745986794\n|switch|p2a: Walking Wake|Walking Wake, L50|38/100\n|turn|10\n|inactive|twiz94 has 30 seconds left.\n|inactive|twiz94 has 20 seconds left.\n|inactive|twiz94 has 15 seconds left.\n|\n|t:|1745986838\n|switch|p1a: Lunala|Lunala, L50, shiny, tera:Water|17/100\n|move|p2b: Flutter Mane|Moonblast|p1b: Indeedee\n|-crit|p1b: Indeedee\n|-damage|p1b: Indeedee|0 fnt\n|faint|p1b: Indeedee\n|move|p2a: Walking Wake|Hydro Steam|p1a: Lunala\n|-resisted|p1a: Lunala\n|-damage|p1a: Lunala|10/100\n|\n|-sideend|p1: twiz94|move: Light Screen\n|upkeep\n|\n|t:|1745986848\n|switch|p1b: Ho-Oh|Ho-Oh, L50, shiny|64/100\n|turn|11\n|\n|t:|1745986868\n|-terastallize|p2a: Walking Wake|Water\n|move|p2b: Flutter Mane|Icy Wind|p1b: Ho-Oh|[spread] p1b\n|-miss|p2b: Flutter Mane|p1a: Lunala\n|-damage|p1b: Ho-Oh|56/100\n|move|p2a: Walking Wake|Hydro Steam|p1b: Ho-Oh\n|-supereffective|p1b: Ho-Oh\n|-damage|p1b: Ho-Oh|0 fnt\n|faint|p1b: Ho-Oh\n|move|p1a: Lunala|Expanding Force|p2a: Walking Wake|[spread] p2a,p2b\n|-crit|p2a: Walking Wake\n|-damage|p2a: Walking Wake|0 fnt\n|-damage|p2b: Flutter Mane|0 fnt\n|faint|p2a: Walking Wake\n|-end|p2a: Walking Wake|Protosynthesis|[silent]\n|faint|p2b: Flutter Mane\n|-end|p2b: Flutter Mane|Protosynthesis|[silent]\n|\n|win|twiz94\n|inactive|twiz94 has 30 seconds to confirm battle start!\n|inactive|Dix6 has 30 seconds to confirm battle start!\n||twiz94 is ready for game 2.\n|inactive|Dix6 has 20 seconds to confirm battle start!\n|l|\u2606Dix6\n|player|p2|\n||Dix6 is ready for game 2.\n|uhtml|next|Next: <a href=\"/battle-gen9vgc2025regibo3-2353710267\"><strong>Game 2 of 3</strong></a>\n", "uploadtime": 1745987140, "views": 7, "formatid": "gen9vgc2025regibo3", "rating": null, "private": 0, "password": null}