{"id": "gen9vgc2025regibo3-2354304133", "format": "[Gen 9] VGC 2025 Reg I (Bo3)", "players": ["fddsssdfffsss", "BIGSCEPTILEFAN"], "log": "|j|\u2606fddsssdfffsss\n|j|\u2606BIGSCEPTILEFAN\n|html|<table width=\"100%\"><tr><td align=\"left\">fddsssdfffsss</td><td align=\"right\">BIGSCEPTILEFAN</tr><tr><td align=\"left\"><i class=\"fa fa-circle-o\"></i> <i class=\"fa fa-circle-o\"></i> </td><td align=\"right\"><i class=\"fa fa-circle-o\"></i> <i class=\"fa fa-circle-o\"></i> </tr></table>\n|uhtml|bestof|<h2><strong>Game 1</strong> of <a href=\"/game-bestof3-gen9vgc2025regibo3-2354304132\">a best-of-3</a></h2>\n|t:|1746055094\n|gametype|doubles\n|player|p1|fddsssdfffsss|169|1000\n|player|p2|BIGSCEPTILEFAN|rosa|1049\n|teamsize|p1|6\n|teamsize|p2|6\n|gen|9\n|tier|[Gen 9] VGC 2025 Reg I (Bo3)\n|rated|\n|rule|Species Clause: Limit one of each Pok\u00e9mon\n|rule|Item Clause: Limit 1 of each item\n|clearpoke\n|poke|p1|Calyrex-Ice, L50|\n|poke|p1|Articuno-Galar, L50|\n|poke|p1|Amoonguss, L50, M|\n|poke|p1|Pikachu-Alola, L50, M|\n|poke|p1|Incineroar, L50, F|\n|poke|p1|Groudon, L50|\n|poke|p2|Sceptile, L50, F|\n|poke|p2|Zacian-*, L50|\n|poke|p2|Miraidon, L50|\n|poke|p2|Tornadus, L50, M|\n|poke|p2|Incineroar, L50, M|\n|poke|p2|Ogerpon-Wellspring, L50, F|\n|teampreview|4\n|showteam|p1|Calyrex-Ice||SitrusBerry|AsOneGlastrier|BodyPress,Protect,GlacialLance,SwordsDance||||||50|,,,,,Psychic]Articuno-Galar||HeavyDutyBoots|Competitive|TrickRoom,HelpingHand,Reflect,Tailwind||||||50|,,,,,Psychic]Amoonguss||Leftovers|Regenerator|Spore,Protect,WorrySeed,ClearSmog|||M|||50|,,,,,Grass]Pikachu-Alola||LightBall|LightningRod|FakeOut,Thunderbolt,ElectroBall,Dig|||M|||50|,,,,,Electric]Incineroar||LifeOrb|Intimidate|FakeOut,KnockOff,Taunt,BrickBreak|||F|||50|,,,,,Fire]Groudon||AssaultVest|Drought|Earthquake,HeatCrash,SolarBeam,RockSlide||||||50|,,,,,Ground\n|showteam|p2|Sceptile||ElectricSeed|Unburden|ShedTail,LeafStorm,RockTomb,Protect|||F|||50|,,,,,Ghost]Zacian-Crowned||RustedSword|IntrepidSword|behemothblade,PlayRough,Protect,SwordsDance||||||50|,,,,,Steel]Miraidon||LifeOrb|HadronEngine|DracoMeteor,ElectroDrift,Protect,VoltSwitch||||||50|,,,,,Electric]Tornadus||CovertCloak|Prankster|Tailwind,Taunt,BleakwindStorm,Protect|||M|||50|,,,,,Dark]Incineroar||SafetyGoggles|Intimidate|FakeOut,FlareBlitz,PartingShot,KnockOff|||M|||50|,,,,,Grass]Ogerpon-Wellspring||WellspringMask|WaterAbsorb|FollowMe,SpikyShield,IvyCudgel,HornLeech|||F|||50|,,,,,Water\n|\n|t:|1746055133\n|start\n|switch|p1a: Articuno|Articuno-Galar, L50, shiny|100/100\n|switch|p1b: Calyrex|Calyrex-Ice, L50|100/100\n|switch|p2a: Sceptile|Sceptile, L50, F|100/100\n|switch|p2b: Miraidon|Miraidon, L50|100/100\n|-ability|p1b: Calyrex|As One\n|-ability|p1b: Calyrex|Unnerve\n|-fieldstart|move: Electric Terrain|[from] ability: Hadron Engine|[of] p2b: Miraidon\n|-enditem|p2a: Sceptile|Electric Seed\n|-boost|p2a: Sceptile|def|1|[from] item: Electric Seed\n|turn|1\n|\n|t:|1746055175\n|move|p2a: Sceptile|Shed Tail|p2a: Sceptile\n|-start|p2a: Sceptile|Substitute|[from] move: Shed Tail\n|-damage|p2a: Sceptile|50/100\n|\n|t:|1746055182\n|switch|p2a: Zacian|Zacian-Crowned, L50|100/100|[from] Shed Tail\n|-ability|p2a: Zacian|Intrepid Sword|boost\n|-boost|p2a: Zacian|atk|1\n|move|p2b: Miraidon|Draco Meteor|p1b: Calyrex\n|-damage|p1b: Calyrex|19/100\n|-unboost|p2b: Miraidon|spa|2\n|-enditem|p1b: Calyrex|Sitrus Berry|[eat]\n|-heal|p1b: Calyrex|44/100|[from] item: Sitrus Berry\n|-damage|p2b: Miraidon|91/100|[from] item: Life Orb\n|move|p1a: Articuno|Reflect|p1a: Articuno\n|-sidestart|p1: fddsssdfffsss|Reflect\n|move|p1b: Calyrex|Swords Dance|p1b: Calyrex\n|-boost|p1b: Calyrex|atk|2\n|\n|upkeep\n|turn|2\n|\n|t:|1746055217\n|move|p1b: Calyrex|Protect|p1b: Calyrex\n|-singleturn|p1b: Calyrex|Protect\n|move|p2b: Miraidon|Volt Switch|p1a: Articuno\n|-supereffective|p1a: Articuno\n|-damage|p1a: Articuno|37/100\n|-damage|p2b: Miraidon|81/100|[from] item: Life Orb\n|\n|t:|1746055224\n|switch|p2b: Incineroar|Incineroar, L50, M|100/100|[from] Volt Switch\n|-ability|p2b: Incineroar|Intimidate|boost\n|-unboost|p1a: Articuno|atk|1\n|-ability|p1a: Articuno|Competitive|boost\n|-boost|p1a: Articuno|spa|2\n|-unboost|p1b: Calyrex|atk|1\n|move|p2a: Zacian|Behemoth Blade|p1b: Calyrex\n|-activate|p1b: Calyrex|move: Protect\n|move|p1a: Articuno|Trick Room|p1a: Articuno\n|-fieldstart|move: Trick Room|[of] p1a: Articuno\n|\n|upkeep\n|turn|3\n|\n|t:|1746055257\n|move|p1a: Articuno|Helping Hand|p1b: Calyrex\n|-singleturn|p1b: Calyrex|Helping Hand|[of] p1a: Articuno\n|move|p2b: Incineroar|Fake Out|p1b: Calyrex\n|-damage|p1b: Calyrex|39/100\n|cant|p1b: Calyrex|flinch\n|move|p2a: Zacian|Behemoth Blade|p1b: Calyrex\n|-supereffective|p1b: Calyrex\n|-damage|p1b: Calyrex|0 fnt\n|faint|p1b: Calyrex\n|\n|upkeep\n|\n|t:|1746055279\n|switch|p1b: Groudon|Groudon, L50|100/100\n|-weather|SunnyDay|[from] ability: Drought|[of] p1b: Groudon\n|turn|4\n|\n|t:|1746055317\n|-terastallize|p2b: Incineroar|Grass\n|move|p1a: Articuno|Helping Hand|p1b: Groudon\n|-singleturn|p1b: Groudon|Helping Hand|[of] p1a: Articuno\n|move|p2a: Zacian|Protect|p2a: Zacian\n|-singleturn|p2a: Zacian|Protect\n|move|p2b: Incineroar|Knock Off|p1b: Groudon\n|-damage|p1b: Groudon|83/100\n|-enditem|p1b: Groudon|Assault Vest|[from] move: Knock Off|[of] p2b: Incineroar\n|move|p1b: Groudon|Earthquake|p2a: Zacian|[spread] p2b\n|-activate|p2a: Zacian|move: Protect\n|-immune|p1a: Articuno\n|-resisted|p2b: Incineroar\n|-damage|p2b: Incineroar|74/100\n|\n|-weather|SunnyDay|[upkeep]\n|upkeep\n|turn|5\n|\n|t:|1746055349\n|switch|p1a: Amoonguss|Amoonguss, L50, M, shiny|100/100\n|move|p2b: Incineroar|Parting Shot|p1b: Groudon\n|-unboost|p1b: Groudon|atk|1\n|-unboost|p1b: Groudon|spa|1\n|\n|t:|1746055361\n|switch|p2b: Sceptile|Sceptile, L50, F|50/100|[from] Parting Shot\n|move|p1b: Groudon|Heat Crash|p2a: Zacian\n|-supereffective|p2a: Zacian\n|-end|p2a: Zacian|Substitute\n|move|p2a: Zacian|Swords Dance|p2a: Zacian\n|-boost|p2a: Zacian|atk|2\n|\n|-weather|SunnyDay|[upkeep]\n|-sideend|p1: fddsssdfffsss|Reflect\n|-fieldend|move: Electric Terrain\n|upkeep\n|turn|6\n|\n|t:|1746055385\n|move|p2b: Sceptile|Protect|p2b: Sceptile\n|-singleturn|p2b: Sceptile|Protect\n|move|p2a: Zacian|Protect|p2a: Zacian\n|-singleturn|p2a: Zacian|Protect\n|move|p1a: Amoonguss|Spore|p2a: Zacian\n|-activate|p2a: Zacian|move: Protect\n|move|p1b: Groudon|Earthquake|p2a: Zacian|[spread] p1a\n|-activate|p2a: Zacian|move: Protect\n|-activate|p2b: Sceptile|move: Protect\n|-damage|p1a: Amoonguss|75/100\n|\n|-weather|SunnyDay|[upkeep]\n|-heal|p1a: Amoonguss|80/100|[from] item: Leftovers\n|-fieldend|move: Trick Room\n|upkeep\n|turn|7\n|\n|t:|1746055411\n|move|p2a: Zacian|Behemoth Blade|p1a: Amoonguss\n|-damage|p1a: Amoonguss|0 fnt\n|faint|p1a: Amoonguss\n|move|p2b: Sceptile|Leaf Storm|p1b: Groudon\n|-supereffective|p1b: Groudon\n|-damage|p1b: Groudon|0 fnt\n|-unboost|p2b: Sceptile|spa|2\n|faint|p1b: Groudon\n|\n|-weather|SunnyDay|[upkeep]\n|upkeep\n|l|\u2606fddsssdfffsss\n|player|p1|\n|inactive|Battle timer is ON: inactive players will automatically lose when time's up. (requested by BIGSCEPTILEFAN)\n|inactive|fddsssdfffsss has 30 seconds to reconnect!\n|inactive|fddsssdfffsss has 20 seconds to reconnect!\n|inactive|fddsssdfffsss has 15 seconds to reconnect!\n|inactive|fddsssdfffsss has 10 seconds to reconnect!\n|inactive|fddsssdfffsss has 5 seconds to reconnect!\n|-message|fddsssdfffsss lost due to inactivity.\n|\n|win|BIGSCEPTILEFAN\n|raw|fddsssdfffsss's rating: 1000 &rarr; <strong>1000</strong><br />(+0 for losing)\n|raw|BIGSCEPTILEFAN's rating: 1049 &rarr; <strong>1077</strong><br />(+28 for winning)\n", "uploadtime": 1746055568, "views": 7, "formatid": "gen9vgc2025regibo3", "rating": 1000, "private": 0, "password": null}