{"id": "gen9vgc2025regibo3-2354722873", "format": "[Gen 9] VGC 2025 Reg I (Bo3)", "players": ["maddokyoma", "AcquireJuice"], "log": "|j|\u2606maddokyoma\n|j|\u2606AcquireJuice\n|html|<table width=\"100%\"><tr><td align=\"left\">maddokyoma</td><td align=\"right\">AcquireJuice</tr><tr><td align=\"left\"><i class=\"fa fa-circle\"></i> <i class=\"fa fa-circle-o\"></i> </td><td align=\"right\"><i class=\"fa fa-circle-o\"></i> <i class=\"fa fa-circle-o\"></i> </tr></table>\n|uhtml|bestof|<h2><strong>Game 2</strong> of <a href=\"/game-bestof3-gen9vgc2025regibo3-2354720821\">a best-of-3</a></h2>\n|t:|1746114025\n|gametype|doubles\n|player|p1|maddokyoma|volo|1211\n|player|p2|AcquireJuice|marlon|1248\n|teamsize|p1|6\n|teamsize|p2|6\n|gen|9\n|tier|[Gen 9] VGC 2025 Reg I (Bo3)\n|rated|\n|rule|Species Clause: Limit one of each Pok\u00e9mon\n|rule|Item Clause: Limit 1 of each item\n|clearpoke\n|poke|p1|Miraidon, L50|\n|poke|p1|Iron Hands, L50|\n|poke|p1|Pelipper, L50, M|\n|poke|p1|Ogerpon-Wellspring, L50, F|\n|poke|p1|Farigiraf, L50, M|\n|poke|p1|Calyrex-Ice, L50|\n|poke|p2|Mandibuzz, L50, F|\n|poke|p2|Lunala, L50|\n|poke|p2|Koraidon, L50|\n|poke|p2|Scream Tail, L50|\n|poke|p2|Flutter Mane, L50|\n|poke|p2|Amoonguss, L50, F|\n|teampreview|4\n|showteam|p1|Miraidon||LifeOrb|HadronEngine|Protect,DracoMeteor,ElectroDrift,VoltSwitch||||||50|,,,,,Electric]Iron Hands||ElectricSeed|QuarkDrive|Protect,SwordsDance,DrainPunch,ThunderPunch||||||50|,,,,,Grass]Pelipper||FocusSash|Drizzle|Tailwind,WideGuard,WeatherBall,Hurricane|||M|||50|,,,,,Ground]Ogerpon-Wellspring||WellspringMask|WaterAbsorb|FollowMe,SwordsDance,IvyCudgel,SpikyShield|||F|||50|,,,,,Water]Farigiraf||RockyHelmet|ArmorTail|DazzlingGleam,Protect,HelpingHand,TrickRoom|||M|||50|,,,,,Fairy]Calyrex-Ice||ClearAmulet|AsOneGlastrier|GlacialLance,HighHorsepower,TrickRoom,Protect||||||50|,,,,,Normal\n|showteam|p2|Mandibuzz||CovertCloak|Overcoat|FoulPlay,Tailwind,Taunt,Snarl|||F|||50|,,,,,Electric]Lunala||PowerHerb|ShadowShield|MoongeistBeam,WideGuard,MeteorBeam,Moonblast||||||50|,,,,,Fairy]Koraidon||AssaultVest|OrichalcumPulse|FlareBlitz,FlameCharge,DrainPunch,BreakingSwipe||||||50|,,,,,Fire]Scream Tail||BoosterEnergy|Protosynthesis|DazzlingGleam,Encore,Disable,Protect||||||50|,,,,,Normal]Flutter Mane||ChoiceSpecs|Protosynthesis|Moonblast,DazzlingGleam,ShadowBall,IcyWind||||||50|,,,,,Fairy]Amoonguss||RockyHelmet|Regenerator|PollenPuff,RagePowder,Spore,ClearSmog|||F|||50|,,,,,Water\n|j| penguin23434\n|inactive|Battle timer is ON: inactive players will automatically lose when time's up. (requested by maddokyoma)\n|\n|t:|1746114052\n|start\n|switch|p1a: Farigiraf|Farigiraf, L50, M|100/100\n|switch|p1b: Calyrex|Calyrex-Ice, L50|100/100\n|switch|p2a: Amoonguss|Amoonguss, L50, F|100/100\n|switch|p2b: Flutter Mane|Flutter Mane, L50|100/100\n|-ability|p1b: Calyrex|As One\n|-ability|p1b: Calyrex|Unnerve\n|turn|1\n|l| penguin23434\n|inactive|maddokyoma has 30 seconds left.\n|inactive|maddokyoma has 20 seconds left.\n|inactive|maddokyoma has 15 seconds left.\n|inactive|maddokyoma has 10 seconds left.\n|inactive|maddokyoma has 5 seconds left.\n|\n|t:|1746114105\n|-terastallize|p1b: Calyrex|Normal\n|-terastallize|p2a: Amoonguss|Water\n|move|p2b: Flutter Mane|Dazzling Gleam|p1a: Farigiraf|[spread] p1a,p1b\n|-damage|p1a: Farigiraf|58/100\n|-damage|p1b: Calyrex|72/100\n|move|p1b: Calyrex|Glacial Lance|p2b: Flutter Mane|[spread] p2a,p2b\n|-resisted|p2a: Amoonguss\n|-damage|p2a: Amoonguss|76/100\n|-damage|p2b: Flutter Mane|0 fnt\n|faint|p2b: Flutter Mane\n|-end|p2b: Flutter Mane|Protosynthesis|[silent]\n|-ability|p1b: Calyrex|Chilling Neigh|boost\n|-boost|p1b: Calyrex|atk|1\n|move|p2a: Amoonguss|Spore|p1b: Calyrex\n|-status|p1b: Calyrex|slp|[from] move: Spore\n|move|p1a: Farigiraf|Trick Room|p1a: Farigiraf\n|-fieldstart|move: Trick Room|[of] p1a: Farigiraf\n|\n|upkeep\n|\n|t:|1746114117\n|switch|p2b: Koraidon|Koraidon, L50|100/100\n|-weather|SunnyDay|[from] ability: Orichalcum Pulse|[of] p2b: Koraidon\n|-activate|p2b: Koraidon|Orichalcum Pulse|[source]\n|turn|2\n|\n|t:|1746114130\n|switch|p1b: Miraidon|Miraidon, L50|100/100\n|-fieldstart|move: Electric Terrain|[from] ability: Hadron Engine|[of] p1b: Miraidon\n|move|p2a: Amoonguss|Pollen Puff|p1a: Farigiraf\n|-supereffective|p1a: Farigiraf\n|-damage|p1a: Farigiraf|24/100\n|move|p1a: Farigiraf|Dazzling Gleam|p2a: Amoonguss|[spread] p2a,p2b\n|-supereffective|p2b: Koraidon\n|-damage|p2a: Amoonguss|63/100\n|-damage|p2b: Koraidon|66/100\n|move|p2b: Koraidon|Drain Punch|p1b: Miraidon\n|-damage|p1b: Miraidon|44/100\n|-heal|p2b: Koraidon|91/100|[from] drain|[of] p1b: Miraidon\n|\n|-weather|SunnyDay|[upkeep]\n|upkeep\n|turn|3\n|inactive|maddokyoma has 30 seconds left.\n|inactive|AcquireJuice has 30 seconds left.\n|\n|t:|1746114171\n|switch|p1b: Pelipper|Pelipper, L50, M|100/100\n|-weather|RainDance|[from] ability: Drizzle|[of] p1b: Pelipper\n|move|p2a: Amoonguss|Pollen Puff|p1a: Farigiraf\n|-supereffective|p1a: Farigiraf\n|-damage|p1a: Farigiraf|0 fnt\n|faint|p1a: Farigiraf\n|move|p2b: Koraidon|Drain Punch|p1b: Pelipper\n|-resisted|p1b: Pelipper\n|-damage|p1b: Pelipper|76/100\n|-heal|p2b: Koraidon|99/100|[from] drain|[of] p1b: Pelipper\n|\n|-weather|RainDance|[upkeep]\n|upkeep\n|\n|t:|1746114187\n|switch|p1a: Calyrex|Calyrex-Ice, L50, tera:Normal|72/100 slp\n|-ability|p1a: Calyrex|As One\n|-ability|p1a: Calyrex|Unnerve\n|turn|4\n|inactive|maddokyoma has 30 seconds left.\n|inactive|maddokyoma has 20 seconds left.\n|inactive|maddokyoma has 15 seconds left.\n|inactive|maddokyoma has 10 seconds left.\n|inactive|maddokyoma has 5 seconds left.\n|\n|t:|1746114237\n|move|p2a: Amoonguss|Spore|p1b: Pelipper\n|-status|p1b: Pelipper|slp|[from] move: Spore\n|cant|p1a: Calyrex|slp\n|cant|p1b: Pelipper|slp\n|move|p2b: Koraidon|Drain Punch|p1a: Calyrex\n|-supereffective|p1a: Calyrex\n|-damage|p1a: Calyrex|22/100 slp\n|-heal|p2b: Koraidon|100/100|[from] drain|[of] p1a: Calyrex\n|\n|-weather|RainDance|[upkeep]\n|upkeep\n|turn|5\n|\n|t:|1746114259\n|switch|p2b: Lunala|Lunala, L50|100/100\n|move|p2a: Amoonguss|Pollen Puff|p1a: Calyrex\n|-damage|p1a: Calyrex|10/100 slp\n|-curestatus|p1a: Calyrex|slp|[msg]\n|move|p1a: Calyrex|Glacial Lance|p2a: Amoonguss|[spread] p2a,p2b\n|-resisted|p2a: Amoonguss\n|-damage|p2a: Amoonguss|41/100\n|-damage|p2b: Lunala|77/100\n|cant|p1b: Pelipper|slp\n|\n|-weather|RainDance|[upkeep]\n|-fieldend|move: Trick Room\n|upkeep\n|turn|6\n|\n|t:|1746114279\n|move|p1a: Calyrex|Protect|p1a: Calyrex\n|-singleturn|p1a: Calyrex|Protect\n|move|p2b: Lunala|Meteor Beam||[still]\n|-prepare|p2b: Lunala|Meteor Beam\n|-boost|p2b: Lunala|spa|1\n|-enditem|p2b: Lunala|Power Herb\n|-anim|p2b: Lunala|Meteor Beam|p1b: Pelipper\n|-supereffective|p1b: Pelipper\n|-crit|p1b: Pelipper\n|-damage|p1b: Pelipper|0 fnt\n|faint|p1b: Pelipper\n|move|p2a: Amoonguss|Pollen Puff|p1a: Calyrex\n|-activate|p1a: Calyrex|move: Protect\n|\n|-weather|RainDance|[upkeep]\n|-fieldend|move: Electric Terrain\n|upkeep\n|\n|t:|1746114290\n|switch|p1b: Miraidon|Miraidon, L50|44/100\n|-fieldstart|move: Electric Terrain|[from] ability: Hadron Engine|[of] p1b: Miraidon\n|turn|7\n|\n|t:|1746114305\n|move|p2a: Amoonguss|Rage Powder|p2a: Amoonguss\n|-singleturn|p2a: Amoonguss|move: Rage Powder\n|move|p1b: Miraidon|Electro Drift|p2a: Amoonguss\n|-supereffective|p2a: Amoonguss\n|-damage|p2a: Amoonguss|0 fnt\n|-damage|p1b: Miraidon|27/100|[from] item: Rocky Helmet|[of] p2a: Amoonguss\n|faint|p2a: Amoonguss\n|-damage|p1b: Miraidon|18/100|[from] item: Life Orb\n|move|p2b: Lunala|Moonblast|p1a: Calyrex\n|-damage|p1a: Calyrex|0 fnt\n|faint|p1a: Calyrex\n|\n|-weather|none\n|upkeep\n|\n|t:|1746114309\n|switch|p2a: Koraidon|Koraidon, L50|100/100\n|-weather|SunnyDay|[from] ability: Orichalcum Pulse|[of] p2a: Koraidon\n|-activate|p2a: Koraidon|Orichalcum Pulse|[source]\n|turn|8\n|\n|t:|1746114321\n|move|p1b: Miraidon|Electro Drift|p2b: Lunala\n|-damage|p2b: Lunala|0 fnt\n|faint|p2b: Lunala\n|-damage|p1b: Miraidon|8/100|[from] item: Life Orb\n|move|p2a: Koraidon|Breaking Swipe|p1b: Miraidon\n|-supereffective|p1b: Miraidon\n|-damage|p1b: Miraidon|0 fnt\n|faint|p1b: Miraidon\n|\n|win|AcquireJuice\n||AcquireJuice is ready for game 3.\n", "uploadtime": 1746114327, "views": 11, "formatid": "gen9vgc2025regibo3", "rating": null, "private": 0, "password": null}