{"id": "gen9vgc2025regibo3-2355085453", "format": "[Gen 9] VGC 2025 Reg I (Bo3)", "players": ["6151651465n", "zamazentamygoat"], "log": "|j|\u26066151651465n\n|j|\u2606zamazentamygoat\n|html|<table width=\"100%\"><tr><td align=\"left\">6151651465n</td><td align=\"right\">zamazentamygoat</tr><tr><td align=\"left\"><i class=\"fa fa-circle-o\"></i> <i class=\"fa fa-circle-o\"></i> </td><td align=\"right\"><i class=\"fa fa-circle-o\"></i> <i class=\"fa fa-circle-o\"></i> </tr></table>\n|uhtml|bestof|<h2><strong>Game 1</strong> of <a href=\"/game-bestof3-gen9vgc2025regibo3-2355085451\">a best-of-3</a></h2>\n|t:|1746150612\n|gametype|doubles\n|player|p1|6151651465n|pokekid|1379\n|player|p2|zamazentamygoat|scientist-gen4|1372\n|teamsize|p1|6\n|teamsize|p2|6\n|gen|9\n|tier|[Gen 9] VGC 2025 Reg I (Bo3)\n|rated|\n|rule|Species Clause: Limit one of each Pok\u00e9mon\n|rule|Item Clause: Limit 1 of each item\n|clearpoke\n|poke|p1|Dialga, L50|\n|poke|p1|Ursaluna, L50, F|\n|poke|p1|Indeedee-F, L50, F|\n|poke|p1|Miraidon, L50|\n|poke|p1|Grimmsnarl, L50, M|\n|poke|p1|Incineroar, L50, M|\n|poke|p2|Zamazenta-*, L50|\n|poke|p2|Volcarona, L50, F|\n|poke|p2|Comfey, L50, M|\n|poke|p2|Rillaboom, L50, F|\n|poke|p2|Incineroar, L50, M|\n|poke|p2|Calyrex-Shadow, L50|\n|teampreview|4\n|showteam|p1|Dialga||AdamantOrb|Telepathy|DracoMeteor,PsychUp,TrickRoom,FlashCannon||||||50|,,,,,Grass]Ursaluna||FlameOrb|Guts|Earthquake,Facade,HeadlongRush,Protect|||F|||50|,,,,,Ghost]Indeedee-F||PsychicSeed|PsychicSurge|FollowMe,Trick,HealPulse,HelpingHand|||F|||50|,,,,,Fairy]Miraidon||Leftovers|HadronEngine|CalmMind,ElectroDrift,DazzlingGleam,Protect||||||50|,,,,,Fairy]Grimmsnarl||LightClay|Prankster|FakeOut,LightScreen,Reflect,SpiritBreak|||M|||50|,,,,,Fairy]Incineroar||SafetyGoggles|Intimidate|PartingShot,FakeOut,FlareBlitz,KnockOff|||M|||50|,,,,,Ghost\n|showteam|p2|Zamazenta-Crowned||RustedShield|DauntlessShield|WideGuard,IronDefense,BodyPress,Snarl||||||50|,,,,,Dragon]Volcarona||Leftovers|FlameBody|QuiverDance,FieryDance,GigaDrain,Protect|||F|||50|,,,,,Grass]Comfey||MentalHerb|Triage|Taunt,FloralHealing,DrainingKiss,Protect|||M|||50|,,,,,Steel]Rillaboom||AssaultVest|GrassySurge|WoodHammer,FakeOut,Uturn,GrassyGlide|||F|||50|,,,,,Grass]Incineroar||SitrusBerry|Intimidate|KnockOff,FlareBlitz,FakeOut,PartingShot|||M|||50|,,,,,Ghost]Calyrex-Shadow||FocusSash|AsOneSpectrier|AstralBarrage,Psyshock,Encore,Protect||||||50|,,,,,Ghost\n|inactive|Battle timer is ON: inactive players will automatically lose when time's up. (requested by zamazentamygoat)\n|inactive|6151651465n has 60 seconds left.\n|inactive|zamazentamygoat has 60 seconds left.\n|c|\u2606zamazentamygoat|oh base dialga, i love base dialga, been years since i've seen base dialga\n|inactive|6151651465n has 30 seconds left.\n|\n|t:|1746150679\n|start\n|switch|p1a: Indeedee|Indeedee-F, L50, F|100/100\n|switch|p1b: Miraidon|Miraidon, L50|100/100\n|switch|p2a: Zamazenta|Zamazenta-Crowned, L50|100/100\n|switch|p2b: Comfey|Comfey, L50, M|100/100\n|-ability|p2a: Zamazenta|Dauntless Shield|boost\n|-boost|p2a: Zamazenta|def|1\n|-fieldstart|move: Electric Terrain|[from] ability: Hadron Engine|[of] p1b: Miraidon\n|-fieldstart|move: Psychic Terrain|[from] ability: Psychic Surge|[of] p1a: Indeedee\n|-enditem|p1a: Indeedee|Psychic Seed\n|-boost|p1a: Indeedee|spd|1|[from] item: Psychic Seed\n|turn|1\n|inactive|6151651465n has 30 seconds left.\n|inactive|6151651465n has 20 seconds left.\n|inactive|6151651465n has 15 seconds left.\n|\n|t:|1746150724\n|move|p1a: Indeedee|Follow Me|p1a: Indeedee\n|-singleturn|p1a: Indeedee|move: Follow Me\n|move|p2a: Zamazenta|Iron Defense|p2a: Zamazenta\n|-boost|p2a: Zamazenta|def|2\n|move|p1b: Miraidon|Calm Mind|p1b: Miraidon\n|-boost|p1b: Miraidon|spa|1\n|-boost|p1b: Miraidon|spd|1\n|move|p2b: Comfey|Taunt|p1a: Indeedee\n|-start|p1a: Indeedee|move: Taunt\n|\n|upkeep\n|turn|2\n|\n|t:|1746150745\n|switch|p1a: Dialga|Dialga, L50|100/100\n|move|p1b: Miraidon|Protect|p1b: Miraidon\n|-singleturn|p1b: Miraidon|Protect\n|move|p2a: Zamazenta|Body Press|p1a: Dialga\n|-supereffective|p1a: Dialga\n|-damage|p1a: Dialga|0 fnt\n|faint|p1a: Dialga\n|move|p2b: Comfey|Taunt|p1b: Miraidon\n|-activate|p1b: Miraidon|move: Protect\n|\n|upkeep\n|\n|t:|1746150763\n|switch|p1a: Indeedee|Indeedee-F, L50, F|100/100\n|turn|3\n|inactive|6151651465n has 30 seconds left.\n|inactive|6151651465n has 20 seconds left.\n|\n|t:|1746150802\n|-terastallize|p1b: Miraidon|Fairy\n|move|p1a: Indeedee|Helping Hand|p1b: Miraidon\n|-singleturn|p1b: Miraidon|Helping Hand|[of] p1a: Indeedee\n|move|p2a: Zamazenta|Snarl|p1b: Miraidon|[spread] p1a,p1b\n|-supereffective|p1a: Indeedee\n|-resisted|p1b: Miraidon\n|-damage|p1a: Indeedee|85/100\n|-damage|p1b: Miraidon|98/100\n|-unboost|p1a: Indeedee|spa|1\n|-unboost|p1b: Miraidon|spa|1\n|move|p1b: Miraidon|Electro Drift|p2a: Zamazenta\n|-damage|p2a: Zamazenta|42/100\n|move|p2b: Comfey|Taunt|p1a: Indeedee\n|-start|p1a: Indeedee|move: Taunt\n|\n|-heal|p1b: Miraidon|100/100|[from] item: Leftovers\n|upkeep\n|turn|4\n|inactive|6151651465n has 30 seconds left.\n|\n|t:|1746150830\n|move|p2b: Comfey|Floral Healing|p2a: Zamazenta\n|-heal|p2a: Zamazenta|92/100\n|move|p2a: Zamazenta|Body Press|p1a: Indeedee\n|-damage|p1a: Indeedee|0 fnt\n|faint|p1a: Indeedee\n|move|p1b: Miraidon|Calm Mind|p1b: Miraidon\n|-boost|p1b: Miraidon|spa|1\n|-boost|p1b: Miraidon|spd|1\n|\n|upkeep\n|\n|t:|1746150840\n|switch|p1a: Ursaluna|Ursaluna, L50, F|100/100\n|turn|5\n|\n|t:|1746150854\n|move|p1a: Ursaluna|Protect|p1a: Ursaluna\n|-singleturn|p1a: Ursaluna|Protect\n|move|p2a: Zamazenta|Iron Defense|p2a: Zamazenta\n|-boost|p2a: Zamazenta|def|2\n|move|p1b: Miraidon|Electro Drift|p2a: Zamazenta\n|-damage|p2a: Zamazenta|27/100\n|move|p2b: Comfey|Taunt|p1b: Miraidon\n|-start|p1b: Miraidon|move: Taunt\n|\n|-fieldend|move: Psychic Terrain\n|-status|p1a: Ursaluna|brn|[from] item: Flame Orb\n|upkeep\n|turn|6\n|\n|t:|1746150869\n|move|p1a: Ursaluna|Protect|p1a: Ursaluna\n|-singleturn|p1a: Ursaluna|Protect\n|move|p2b: Comfey|Floral Healing|p2a: Zamazenta\n|-heal|p2a: Zamazenta|77/100\n|move|p2a: Zamazenta|Body Press|p1a: Ursaluna\n|-activate|p1a: Ursaluna|move: Protect\n|move|p1b: Miraidon|Electro Drift|p2a: Zamazenta\n|-damage|p2a: Zamazenta|13/100\n|\n|-damage|p1a: Ursaluna|95/100 brn|[from] brn\n|upkeep\n|turn|7\n|\n|t:|1746150904\n|switch|p2b: Volcarona|Volcarona, L50, F|100/100\n|move|p2a: Zamazenta|Body Press|p1a: Ursaluna\n|-supereffective|p1a: Ursaluna\n|-damage|p1a: Ursaluna|0 fnt\n|faint|p1a: Ursaluna\n|move|p1b: Miraidon|Electro Drift|p2a: Zamazenta\n|-damage|p2a: Zamazenta|0 fnt\n|faint|p2a: Zamazenta\n|\n|upkeep\n|\n|t:|1746150914\n|switch|p2a: Rillaboom|Rillaboom, L50, F|100/100\n|-fieldstart|move: Grassy Terrain|[from] ability: Grassy Surge|[of] p2a: Rillaboom\n|turn|8\n|\n|t:|1746150924\n|move|p2a: Rillaboom|Fake Out|p1b: Miraidon\n|-damage|p1b: Miraidon|88/100\n|cant|p1b: Miraidon|flinch\n|move|p2b: Volcarona|Quiver Dance|p2b: Volcarona\n|-boost|p2b: Volcarona|spa|1\n|-boost|p2b: Volcarona|spd|1\n|-boost|p2b: Volcarona|spe|1\n|\n|-heal|p1b: Miraidon|94/100|[from] Grassy Terrain\n|-heal|p1b: Miraidon|99/100|[from] item: Leftovers\n|-end|p1b: Miraidon|move: Taunt\n|upkeep\n|turn|9\n|\n|t:|1746150945\n|-terastallize|p2a: Rillaboom|Grass\n|move|p2b: Volcarona|Fiery Dance|p1b: Miraidon\n|-damage|p1b: Miraidon|73/100\n|move|p1b: Miraidon|Electro Drift|p2b: Volcarona\n|-crit|p2b: Volcarona\n|-damage|p2b: Volcarona|0 fnt\n|faint|p2b: Volcarona\n|move|p2a: Rillaboom|Wood Hammer|p1b: Miraidon\n|-damage|p1b: Miraidon|0 fnt\n|faint|p1b: Miraidon\n|-damage|p2a: Rillaboom|77/100|[from] Recoil\n|\n|win|zamazentamygoat\n|inactive|6151651465n has 30 seconds to confirm battle start!\n|inactive|zamazentamygoat has 30 seconds to confirm battle start!\n||zamazentamygoat is ready for game 2.\n|inactive|6151651465n has 20 seconds to confirm battle start!\n||6151651465n is ready for game 2.\n|uhtml|next|Next: <a href=\"/battle-gen9vgc2025regibo3-2355088314\"><strong>Game 2 of 3</strong></a>\n", "uploadtime": 1746151292, "views": 3, "formatid": "gen9vgc2025regibo3", "rating": null, "private": 0, "password": null}