{"id": "gen9vgc2025regibo3-2355082420", "format": "[Gen 9] VGC 2025 Reg I (Bo3)", "players": ["Jakz", "Super\u2665Lucy"], "log": "|j|\u2606Jakz\n|j|\u2606Super\u2665Lucy\n|html|<table width=\"100%\"><tr><td align=\"left\">Jakz</td><td align=\"right\">Super\u2665Lucy</tr><tr><td align=\"left\"><i class=\"fa fa-circle\"></i> <i class=\"fa fa-circle-o\"></i> </td><td align=\"right\"><i class=\"fa fa-circle-o\"></i> <i class=\"fa fa-circle-o\"></i> </tr></table>\n|uhtml|bestof|<h2><strong>Game 2</strong> of <a href=\"/game-bestof3-gen9vgc2025regibo3-2355078849\">a best-of-3</a></h2>\n|t:|1746150242\n|gametype|doubles\n|player|p1|Jakz|skier|\n|player|p2|Super\u2665Lucy|2|\n|teamsize|p1|6\n|teamsize|p2|6\n|gen|9\n|tier|[Gen 9] VGC 2025 Reg I (Bo3)\n|rule|Species Clause: Limit one of each Pok\u00e9mon\n|rule|Item Clause: Limit 1 of each item\n|clearpoke\n|poke|p1|Zamazenta-*, L50|\n|poke|p1|Kyogre, L50|\n|poke|p1|Amoonguss, L50, F|\n|poke|p1|Chien-Pao, L50|\n|poke|p1|Urshifu-*, L50, F|\n|poke|p1|Tornadus, L50, M|\n|poke|p2|Koraidon, L50|\n|poke|p2|Calyrex-Shadow, L50|\n|poke|p2|Weezing-Galar, L50, M|\n|poke|p2|Shiftry, L50, F|\n|poke|p2|Incineroar, L50, F|\n|poke|p2|Raging Bolt, L50|\n|teampreview|4\n|showteam|p1|Zamazenta-Crowned||RustedShield|DauntlessShield|BodyPress,behemothbash,WideGuard,Protect||||||50|,,,,,Dragon]Kyogre||MysticWater|Drizzle|WaterSpout,OriginPulse,IceBeam,Protect||||||50|,,,,,Grass]Amoonguss||RockyHelmet|Regenerator|Spore,RagePowder,PollenPuff,Protect|||F|||50|,,,,,Water]Chien-Pao||FocusSash|SwordofRuin|IceSpinner,SuckerPunch,ThroatChop,Protect||||||50|,,,,,Ghost]Urshifu-Rapid-Strike||ChoiceScarf|UnseenFist|SurgingStrikes,CloseCombat,Uturn,Coaching|||F|||50|,,,,,Ghost]Tornadus||CovertCloak|Prankster|BleakwindStorm,Tailwind,Taunt,RainDance|||M|||50|,,,,,Steel\n|showteam|p2|Koraidon||AbilityShield|OrichalcumPulse|FlameCharge,FlareBlitz,CollisionCourse,Protect||||||50|,,,,,Fire]Calyrex-Shadow||LifeOrb|AsOneSpectrier|AstralBarrage,Hex,PollenPuff,Protect||||||50|,,,,,Dark]Weezing-Galar||MentalHerb|NeutralizingGas|StrangeSteam,WillOWisp,PoisonGas,Protect|||M|||50|,,,,,Water]Shiftry||FocusSash|Chlorophyll|Tailwind,FakeOut,KnockOff,Endeavor|||F|||50|,,,,,Ghost]Incineroar||RockyHelmet|Intimidate|Taunt,KnockOff,PartingShot,FakeOut|||F|||50|,,,,,Bug]Raging Bolt||AssaultVest|Protosynthesis|DracoMeteor,Thunderbolt,Thunderclap,Snarl||||||50|,,,,,Electric\n|\n|t:|1746150296\n|start\n|switch|p1a: Tornadus|Tornadus, L50, M|100/100\n|switch|p1b: Amoonguss|Amoonguss, L50, F|100/100\n|switch|p2a: Koraidon|Koraidon, L50|100/100\n|switch|p2b: Weezing|Weezing-Galar, L50, M|100/100\n|-ability|p2b: Weezing|Neutralizing Gas\n|-block|p2a: Koraidon|item: Ability Shield\n|-weather|SunnyDay|[from] ability: Orichalcum Pulse|[of] p2a: Koraidon\n|-activate|p2a: Koraidon|Orichalcum Pulse|[source]\n|turn|1\n|\n|t:|1746150333\n|-terastallize|p2a: Koraidon|Fire\n|-terastallize|p1b: Amoonguss|Water\n|move|p1b: Amoonguss|Rage Powder|p1b: Amoonguss\n|-singleturn|p1b: Amoonguss|move: Rage Powder\n|move|p2a: Koraidon|Flare Blitz|p1b: Amoonguss\n|-resisted|p1b: Amoonguss\n|-damage|p1b: Amoonguss|45/100\n|-damage|p2a: Koraidon|84/100|[from] item: Rocky Helmet|[of] p1b: Amoonguss\n|-damage|p2a: Koraidon|60/100|[from] Recoil\n|move|p1a: Tornadus|Bleakwind Storm|p2a: Koraidon|[spread] p2a,p2b\n|-damage|p2a: Koraidon|27/100\n|-damage|p2b: Weezing|67/100\n|-unboost|p2a: Koraidon|spe|1\n|move|p2b: Weezing|Strange Steam|p1b: Amoonguss\n|-damage|p1b: Amoonguss|21/100\n|\n|-weather|SunnyDay|[upkeep]\n|upkeep\n|turn|2\n|\n|t:|1746150370\n|switch|p2a: Calyrex|Calyrex-Shadow, L50|100/100\n|-ability|p2a: Calyrex|As One\n|-ability|p2a: Calyrex|Unnerve\n|switch|p1b: Zamazenta|Zamazenta-Crowned, L50|100/100\n|move|p1a: Tornadus|Bleakwind Storm|p2b: Weezing|[spread] p2a,p2b\n|-damage|p2a: Calyrex|69/100\n|-damage|p2b: Weezing|32/100\n|move|p2b: Weezing|Strange Steam|p1b: Zamazenta\n|-damage|p1b: Zamazenta|79/100\n|-start|p1b: Zamazenta|confusion\n|\n|-weather|SunnyDay|[upkeep]\n|upkeep\n|turn|3\n|\n|t:|1746150425\n|-activate|p1b: Zamazenta|confusion\n|move|p1b: Zamazenta|Protect|p1b: Zamazenta\n|-singleturn|p1b: Zamazenta|Protect\n|move|p2a: Calyrex|Astral Barrage|p1a: Tornadus|[spread] p1a\n|-activate|p1b: Zamazenta|move: Protect\n|-damage|p1a: Tornadus|12/100\n|-damage|p2a: Calyrex|59/100|[from] item: Life Orb\n|move|p1a: Tornadus|Tailwind|p1a: Tornadus\n|-sidestart|p1: Jakz|move: Tailwind\n|move|p2b: Weezing|Will-O-Wisp|p1b: Zamazenta\n|-activate|p1b: Zamazenta|move: Protect\n|\n|-weather|SunnyDay|[upkeep]\n|upkeep\n|turn|4\n|\n|t:|1746150464\n|move|p2a: Calyrex|Protect|p2a: Calyrex\n|-singleturn|p2a: Calyrex|Protect\n|-activate|p1b: Zamazenta|confusion\n|move|p1b: Zamazenta|Behemoth Bash|p2a: Calyrex\n|-activate|p2a: Calyrex|move: Protect\n|move|p1a: Tornadus|Bleakwind Storm|p2a: Calyrex|[spread] p2b\n|-activate|p2a: Calyrex|move: Protect\n|-damage|p2b: Weezing|0 fnt\n|faint|p2b: Weezing\n|-end|p2b: Weezing|ability: Neutralizing Gas\n|-ability|p1b: Zamazenta|Dauntless Shield|boost\n|-boost|p1b: Zamazenta|def|1\n|\n|-weather|SunnyDay|[upkeep]\n|upkeep\n|\n|t:|1746150479\n|switch|p2b: Incineroar|Incineroar, L50, F|100/100\n|-ability|p2b: Incineroar|Intimidate|boost\n|-unboost|p1a: Tornadus|atk|1\n|-unboost|p1b: Zamazenta|atk|1\n|turn|5\n|\n|t:|1746150519\n|switch|p1a: Chien-Pao|Chien-Pao, L50|100/100\n|-ability|p1a: Chien-Pao|Sword of Ruin\n|-activate|p1b: Zamazenta|confusion\n|move|p1b: Zamazenta|Protect|p1b: Zamazenta\n|-singleturn|p1b: Zamazenta|Protect\n|move|p2b: Incineroar|Fake Out|p1a: Chien-Pao\n|-damage|p1a: Chien-Pao|84/100\n|move|p2a: Calyrex|Astral Barrage|p1b: Zamazenta|[spread] p1a\n|-activate|p1b: Zamazenta|move: Protect\n|-resisted|p1a: Chien-Pao\n|-damage|p1a: Chien-Pao|26/100\n|-damage|p2a: Calyrex|50/100|[from] item: Life Orb\n|\n|-weather|none\n|upkeep\n|turn|6\n|\n|t:|1746150551\n|move|p2a: Calyrex|Protect|p2a: Calyrex\n|-singleturn|p2a: Calyrex|Protect\n|move|p1a: Chien-Pao|Throat Chop|p2a: Calyrex\n|-activate|p2a: Calyrex|move: Protect\n|-end|p1b: Zamazenta|confusion\n|move|p1b: Zamazenta|Body Press|p2b: Incineroar\n|-supereffective|p2b: Incineroar\n|-damage|p2b: Incineroar|0 fnt\n|-damage|p1b: Zamazenta|62/100|[from] item: Rocky Helmet|[of] p2b: Incineroar\n|faint|p2b: Incineroar\n|\n|-sideend|p1: Jakz|move: Tailwind\n|upkeep\n|\n|t:|1746150559\n|switch|p2b: Koraidon|Koraidon, L50, tera:Fire|27/100\n|-weather|SunnyDay|[from] ability: Orichalcum Pulse|[of] p2b: Koraidon\n|-activate|p2b: Koraidon|Orichalcum Pulse|[source]\n|turn|7\n|\n|t:|1746150623\n|move|p2a: Calyrex|Protect|p2a: Calyrex\n|-singleturn|p2a: Calyrex|Protect\n|move|p1a: Chien-Pao|Sucker Punch||[still]\n|-fail|p1a: Chien-Pao\n|move|p2b: Koraidon|Flame Charge|p1a: Chien-Pao\n|-supereffective|p1a: Chien-Pao\n|-damage|p1a: Chien-Pao|0 fnt\n|-boost|p2b: Koraidon|spe|1\n|faint|p1a: Chien-Pao\n|move|p1b: Zamazenta|Body Press|p2b: Koraidon\n|-crit|p2b: Koraidon\n|-damage|p2b: Koraidon|0 fnt\n|faint|p2b: Koraidon\n|\n|-weather|SunnyDay|[upkeep]\n|upkeep\n|\n|t:|1746150638\n|switch|p1a: Tornadus|Tornadus, L50, M|12/100\n|turn|8\n|\n|t:|1746150664\n|switch|p1b: Amoonguss|Amoonguss, L50, F, tera:Water|21/100\n|move|p1a: Tornadus|Tailwind|p1a: Tornadus\n|-sidestart|p1: Jakz|move: Tailwind\n|move|p2a: Calyrex|Hex|p1a: Tornadus\n|-damage|p1a: Tornadus|0 fnt\n|faint|p1a: Tornadus\n|-ability|p2a: Calyrex|Grim Neigh|boost\n|-boost|p2a: Calyrex|spa|1\n|-damage|p2a: Calyrex|40/100|[from] item: Life Orb\n|\n|-weather|SunnyDay|[upkeep]\n|upkeep\n|\n|t:|1746150674\n|switch|p1a: Zamazenta|Zamazenta-Crowned, L50|62/100\n|turn|9\n|\n|t:|1746150691\n|move|p1a: Zamazenta|Behemoth Bash|p2a: Calyrex\n|-damage|p2a: Calyrex|0 fnt\n|faint|p2a: Calyrex\n|\n|win|Jakz\n", "uploadtime": 1746150695, "views": 3, "formatid": "gen9vgc2025regibo3", "rating": null, "private": 0, "password": null}