{"id": "gen9vgc2025regibo3-2353493453", "format": "[Gen 9] VGC 2025 Reg I (Bo3)", "players": ["HappyMuffinTime", "Testbericht2"], "log": "|j|\u2606HappyMuffinTime\n|j|\u2606Testbericht2\n|html|<table width=\"100%\"><tr><td align=\"left\">HappyMuffinTime</td><td align=\"right\">Testbericht2</tr><tr><td align=\"left\"><i class=\"fa fa-circle\"></i> <i class=\"fa fa-circle-o\"></i> </td><td align=\"right\"><i class=\"fa fa-circle-o\"></i> <i class=\"fa fa-circle\"></i> </tr></table>\n|uhtml|bestof|<h2><strong>Game 3</strong> of <a href=\"/game-bestof3-gen9vgc2025regibo3-2353488177\">a best-of-3</a></h2>\n|t:|1745961163\n|gametype|doubles\n|player|p1|HappyMuffinTime|cynthia-gen4|1203\n|player|p2|Testbericht2|265|1217\n|teamsize|p1|6\n|teamsize|p2|6\n|gen|9\n|tier|[Gen 9] VGC 2025 Reg I (Bo3)\n|rated|\n|rule|Species Clause: Limit one of each Pok\u00e9mon\n|rule|Item Clause: Limit 1 of each item\n|clearpoke\n|poke|p1|Calyrex-Ice, L50|\n|poke|p1|Miraidon, L50|\n|poke|p1|Farigiraf, L50, F|\n|poke|p1|Iron Hands, L50|\n|poke|p1|Murkrow, L50, F|\n|poke|p1|Volcarona, L50, M|\n|poke|p2|Tornadus, L50, M|\n|poke|p2|Calyrex-Ice, L50|\n|poke|p2|Iron Hands, L50|\n|poke|p2|Urshifu-*, L50, M|\n|poke|p2|Incineroar, L50, M|\n|poke|p2|Miraidon, L50|\n|teampreview|4\n|showteam|p1|Calyrex-Ice||ClearAmulet|AsOneGlastrier|GlacialLance,HighHorsepower,TrickRoom,Protect||||||50|,,,,,Fire]Miraidon||ChoiceSpecs|HadronEngine|VoltSwitch,ElectroDrift,DazzlingGleam,DracoMeteor||||||50|,,,,,Fairy]Farigiraf||ElectricSeed|ArmorTail|FoulPlay,HyperVoice,TrickRoom,HelpingHand|||F|||50|,,,,,Fairy]Iron Hands||AssaultVest|QuarkDrive|LowKick,WildCharge,FakeOut,DrainPunch||||||50|,,,,,Grass]Murkrow||Eviolite|Prankster|FoulPlay,Tailwind,Haze,ThunderWave|||F|||50|,,,,,Ground]Volcarona||RockyHelmet|FlameBody|FieryDance,RagePowder,StruggleBug,Protect|||M|||50|,,,,,Grass\n|showteam|p2|Tornadus||CovertCloak|Prankster|BleakwindStorm,RainDance,Tailwind,Taunt|||M|||50|,,,,,Dark]Calyrex-Ice||ClearAmulet|AsOneGlastrier|GlacialLance,HighHorsepower,TrickRoom,Protect||||||50|,,,,,Dragon]Iron Hands||AssaultVest|QuarkDrive|DrainPunch,LowKick,WildCharge,FakeOut||||||50|,,,,,Water]Urshifu-Rapid-Strike||FocusSash|UnseenFist|SurgingStrikes,Taunt,CloseCombat,Detect|||M|||50|,,,,,Water]Incineroar||SitrusBerry|Intimidate|KnockOff,FakeOut,WillOWisp,PartingShot|||M|||50|,,,,,Water]Miraidon||ChoiceSpecs|HadronEngine|ElectroDrift,VoltSwitch,DazzlingGleam,DracoMeteor||||||50|,,,,,Fairy\n|\n|t:|1745961211\n|start\n|switch|p1a: Miraidon|Miraidon, L50|100/100\n|switch|p1b: Farigiraf|Farigiraf, L50, F|100/100\n|switch|p2a: Tornadus|Tornadus, L50, M|100/100\n|switch|p2b: Miraidon|Miraidon, L50|100/100\n|-fieldstart|move: Electric Terrain|[from] ability: Hadron Engine|[of] p2b: Miraidon\n|-enditem|p1b: Farigiraf|Electric Seed\n|-boost|p1b: Farigiraf|def|1|[from] item: Electric Seed\n|-activate|p1a: Miraidon|ability: Hadron Engine\n|turn|1\n|\n|t:|1745961229\n|-terastallize|p1a: Miraidon|Fairy\n|move|p2a: Tornadus|Tailwind|p2a: Tornadus\n|-sidestart|p2: Testbericht2|move: Tailwind\n|move|p2b: Miraidon|Electro Drift|p1b: Farigiraf\n|-damage|p1b: Farigiraf|0 fnt\n|faint|p1b: Farigiraf\n|move|p1a: Miraidon|Dazzling Gleam|p2b: Miraidon|[spread] p2a,p2b\n|-supereffective|p2b: Miraidon\n|-damage|p2a: Tornadus|52/100\n|-damage|p2b: Miraidon|0 fnt\n|faint|p2b: Miraidon\n|\n|upkeep\n|\n|t:|1745961247\n|switch|p2b: Urshifu|Urshifu-Rapid-Strike, L50, M|100/100\n|switch|p1b: Calyrex|Calyrex-Ice, L50|100/100\n|-ability|p1b: Calyrex|As One\n|-ability|p1b: Calyrex|Unnerve\n|turn|2\n|\n|t:|1745961260\n|switch|p1a: Volcarona|Volcarona, L50, M|100/100\n|-terastallize|p2b: Urshifu|Water\n|move|p2a: Tornadus|Taunt|p1b: Calyrex\n|-start|p1b: Calyrex|move: Taunt\n|move|p2b: Urshifu|Surging Strikes|p1a: Volcarona\n|-supereffective|p1a: Volcarona\n|-crit|p1a: Volcarona\n|-damage|p1a: Volcarona|35/100\n|-damage|p2b: Urshifu|84/100|[from] item: Rocky Helmet|[of] p1a: Volcarona\n|-status|p2b: Urshifu|brn|[from] ability: Flame Body|[of] p1a: Volcarona\n|-supereffective|p1a: Volcarona\n|-crit|p1a: Volcarona\n|-damage|p1a: Volcarona|4/100\n|-damage|p2b: Urshifu|68/100 brn|[from] item: Rocky Helmet|[of] p1a: Volcarona\n|-supereffective|p1a: Volcarona\n|-crit|p1a: Volcarona\n|-damage|p1a: Volcarona|0 fnt\n|-damage|p2b: Urshifu|51/100 brn|[from] item: Rocky Helmet|[of] p1a: Volcarona\n|faint|p1a: Volcarona\n|-hitcount|p1: Volcarona|3\n|cant|p1b: Calyrex|move: Taunt|Trick Room\n|\n|-damage|p2b: Urshifu|45/100 brn|[from] brn\n|upkeep\n|\n|t:|1745961268\n|switch|p1a: Miraidon|Miraidon, L50, tera:Fairy|100/100\n|-activate|p1a: Miraidon|ability: Hadron Engine\n|turn|3\n|\n|t:|1745961289\n|move|p2a: Tornadus|Bleakwind Storm|p1b: Calyrex|[spread] p1a\n|-miss|p2a: Tornadus|p1b: Calyrex\n|-damage|p1a: Miraidon|74/100\n|-unboost|p1a: Miraidon|spe|1\n|move|p2b: Urshifu|Surging Strikes|p1a: Miraidon\n|-crit|p1a: Miraidon\n|-damage|p1a: Miraidon|60/100\n|-crit|p1a: Miraidon\n|-damage|p1a: Miraidon|46/100\n|-crit|p1a: Miraidon\n|-damage|p1a: Miraidon|32/100\n|-hitcount|p1a: Miraidon|3\n|move|p1a: Miraidon|Dazzling Gleam|p2b: Urshifu|[spread] p2a,p2b\n|-damage|p2a: Tornadus|0 fnt\n|-damage|p2b: Urshifu|0 fnt\n|faint|p2a: Tornadus\n|faint|p2b: Urshifu\n|move|p1b: Calyrex|Glacial Lance|p2: Tornadus|[notarget]\n|-fail|p1b: Calyrex\n|\n|upkeep\n|\n|t:|1745961304\n|switch|p2b: Calyrex|Calyrex-Ice, L50|100/100\n|-ability|p2b: Calyrex|As One\n|-ability|p2b: Calyrex|Unnerve\n|turn|4\n|\n|t:|1745961311\n|move|p2b: Calyrex|Glacial Lance|p1b: Calyrex|[spread] p1a,p1b\n|-resisted|p1b: Calyrex\n|-damage|p1a: Miraidon|0 fnt\n|-damage|p1b: Calyrex|83/100\n|faint|p1a: Miraidon\n|-ability|p2b: Calyrex|Chilling Neigh|boost\n|-boost|p2b: Calyrex|atk|1\n|move|p1b: Calyrex|Glacial Lance|p2b: Calyrex\n|-resisted|p2b: Calyrex\n|-damage|p2b: Calyrex|78/100\n|\n|-end|p1b: Calyrex|move: Taunt\n|-sideend|p2: Testbericht2|move: Tailwind\n|upkeep\n|turn|5\n|\n|t:|1745961321\n|move|p2b: Calyrex|High Horsepower|p1b: Calyrex\n|-damage|p1b: Calyrex|47/100\n|move|p1b: Calyrex|Glacial Lance|p2b: Calyrex\n|-resisted|p2b: Calyrex\n|-damage|p2b: Calyrex|55/100\n|\n|-fieldend|move: Electric Terrain\n|upkeep\n|turn|6\n|\n|t:|1745961332\n|move|p1b: Calyrex|Protect|p1b: Calyrex\n|-singleturn|p1b: Calyrex|Protect\n|move|p2b: Calyrex|Glacial Lance|p1b: Calyrex\n|-activate|p1b: Calyrex|move: Protect\n|\n|upkeep\n|turn|7\n|\n|t:|1745961337\n|move|p2b: Calyrex|Glacial Lance|p1b: Calyrex\n|-resisted|p1b: Calyrex\n|-damage|p1b: Calyrex|12/100\n|move|p1b: Calyrex|Trick Room|p1b: Calyrex\n|-fieldstart|move: Trick Room|[of] p1b: Calyrex\n|\n|upkeep\n|turn|8\n|\n|t:|1745961351\n|move|p1b: Calyrex|Glacial Lance|p2b: Calyrex\n|-resisted|p2b: Calyrex\n|-damage|p2b: Calyrex|30/100\n|move|p2b: Calyrex|Glacial Lance|p1b: Calyrex\n|-resisted|p1b: Calyrex\n|-damage|p1b: Calyrex|0 fnt\n|faint|p1b: Calyrex\n|\n|win|Testbericht2\n|raw|HappyMuffinTime's rating: 1203 &rarr; <strong>1179</strong><br />(-24 for losing)\n|raw|Testbericht2's rating: 1217 &rarr; <strong>1241</strong><br />(+24 for winning)\n|l|\u2606HappyMuffinTime\n|player|p1|\n|l|\u2606Testbericht2\n|player|p2|\n", "uploadtime": 1745961725, "views": 28, "formatid": "gen9vgc2025regibo3", "rating": 1179, "private": 0, "password": null}