{"id": "gen9vgc2025regibo3-2353815071", "format": "[Gen 9] VGC 2025 Reg I (Bo3)", "players": ["Gimbest", "ValentinBD"], "log": "|j|\u2606Gimbest\n|j|\u2606ValentinBD\n|html|<table width=\"100%\"><tr><td align=\"left\">Gimbest</td><td align=\"right\">ValentinBD</tr><tr><td align=\"left\"><i class=\"fa fa-circle-o\"></i> <i class=\"fa fa-circle-o\"></i> </td><td align=\"right\"><i class=\"fa fa-circle-o\"></i> <i class=\"fa fa-circle\"></i> </tr></table>\n|uhtml|bestof|<h2><strong>Game 2</strong> of <a href=\"/game-bestof3-gen9vgc2025regibo3-2353812153\">a best-of-3</a></h2>\n|t:|1746004567\n|gametype|doubles\n|player|p1|Gimbest|170|\n|player|p2|ValentinBD|lucas|\n|teamsize|p1|6\n|teamsize|p2|6\n|gen|9\n|tier|[Gen 9] VGC 2025 Reg I (Bo3)\n|rule|Species Clause: Limit one of each Pok\u00e9mon\n|rule|Item Clause: Limit 1 of each item\n|clearpoke\n|poke|p1|Zamazenta-*, L50|\n|poke|p1|Terapagos, L50, M|\n|poke|p1|Iron Crown, L50|\n|poke|p1|Indeedee-F, L50, F|\n|poke|p1|Incineroar, L50, F|\n|poke|p1|Urshifu-*, L50, M|\n|poke|p2|Miraidon, L50|\n|poke|p2|Lunala, L50|\n|poke|p2|Azumarill, L50, M|\n|poke|p2|Incineroar, L50, M|\n|poke|p2|Oranguru, L50, F|\n|poke|p2|Landorus, L50, M|\n|teampreview|4\n|showteam|p1|Zamazenta-Crowned||RustedShield|DauntlessShield|BodyPress,IronDefense,WideGuard,HeavySlam||||||50|,,,,,Grass]Terapagos||ChoiceSpecs|TeraShift|TeraStarstorm|||M|||50|,,,,,Stellar]Iron Crown||BoosterEnergy|QuarkDrive|TachyonCutter,Protect,VoltSwitch,ExpandingForce||||||50|,,,,,Psychic]Indeedee-F||RockyHelmet|PsychicSurge|TrickRoom,FollowMe,Protect,DrainingKiss|||F|||50|,,,,,Fairy]Incineroar||CovertCloak|Intimidate|FakeOut,PartingShot,KnockOff,FlareBlitz|||F|||50|,,,,,Poison]Urshifu-Rapid-Strike||FocusSash|UnseenFist|SurgingStrikes,AquaJet,CloseCombat,Detect|||M|||50|,,,,,Water\n|showteam|p2|Miraidon||ChoiceSpecs|HadronEngine|Discharge,DazzlingGleam,DracoMeteor,ElectroDrift||||||50|,,,,,Fairy]Lunala||PowerHerb|ShadowShield|MeteorBeam,MoongeistBeam,Psychic,Protect||||||50|,,,,,Grass]Azumarill||AssaultVest|HugePower|AquaJet,PlayRough,Liquidation,BrickBreak|||M|||50|,,,,,Water]Incineroar||RockyHelmet|Intimidate|FakeOut,PartingShot,KnockOff,WillOWisp|||M|||50|,,,,,Bug]Oranguru||SafetyGoggles|InnerFocus|Encore,LightScreen,TrickRoom,Taunt|||F|||50|,,,,,Psychic]Landorus||ChoiceScarf|SheerForce|SandsearStorm,GrassKnot,TeraBlast,FocusBlast|||M|||50|,,,,,Flying\n|\n|t:|1746004661\n|start\n|switch|p1a: Zamazenta|Zamazenta-Crowned, L50|100/100\n|switch|p1b: Incineroar|Incineroar, L50, F|100/100\n|switch|p2a: Azumarill|Azumarill, L50, M|100/100\n|switch|p2b: Incineroar|Incineroar, L50, M|100/100\n|-ability|p1a: Zamazenta|Dauntless Shield|boost\n|-boost|p1a: Zamazenta|def|1\n|-ability|p2b: Incineroar|Intimidate|boost\n|-unboost|p1a: Zamazenta|atk|1\n|-unboost|p1b: Incineroar|atk|1\n|-ability|p1b: Incineroar|Intimidate|boost\n|-unboost|p2a: Azumarill|atk|1\n|-unboost|p2b: Incineroar|atk|1\n|turn|1\n|\n|t:|1746004680\n|move|p1b: Incineroar|Fake Out|p2a: Azumarill\n|-damage|p2a: Azumarill|92/100\n|move|p2b: Incineroar|Fake Out|p1a: Zamazenta\n|-resisted|p1a: Zamazenta\n|-damage|p1a: Zamazenta|99/100\n|cant|p1a: Zamazenta|flinch\n|cant|p2a: Azumarill|flinch\n|\n|upkeep\n|turn|2\n|\n|t:|1746004704\n|-terastallize|p2a: Azumarill|Water\n|move|p1a: Zamazenta|Iron Defense|p1a: Zamazenta\n|-boost|p1a: Zamazenta|def|2\n|move|p2b: Incineroar|Parting Shot|p1a: Zamazenta\n|-unboost|p1a: Zamazenta|atk|1\n|-unboost|p1a: Zamazenta|spa|1\n|\n|t:|1746004712\n|switch|p2b: Oranguru|Oranguru, L50, F|100/100|[from] Parting Shot\n|move|p1b: Incineroar|Knock Off|p2b: Oranguru\n|-supereffective|p2b: Oranguru\n|-damage|p2b: Oranguru|30/100\n|-enditem|p2b: Oranguru|Safety Goggles|[from] move: Knock Off|[of] p1b: Incineroar\n|move|p2a: Azumarill|Liquidation|p1b: Incineroar\n|-supereffective|p1b: Incineroar\n|-damage|p1b: Incineroar|15/100\n|\n|upkeep\n|turn|3\n|\n|t:|1746004736\n|move|p2a: Azumarill|Aqua Jet|p1b: Incineroar\n|-supereffective|p1b: Incineroar\n|-damage|p1b: Incineroar|0 fnt\n|faint|p1b: Incineroar\n|move|p1a: Zamazenta|Heavy Slam|p2a: Azumarill\n|-resisted|p2a: Azumarill\n|-damage|p2a: Azumarill|77/100\n|move|p2b: Oranguru|Trick Room|p2b: Oranguru\n|-fieldstart|move: Trick Room|[of] p2b: Oranguru\n|\n|upkeep\n|c|\u2606Gimbest|Comment \u00e7a\n|c|\u2606Gimbest|Mais il a t\u00e9ra je suis trop con\n|\n|t:|1746004758\n|switch|p1b: Terapagos|Terapagos, L50, M|100/100\n|-activate|p1b: Terapagos|ability: Tera Shift\n|detailschange|p1b: Terapagos|Terapagos-Terastal, L50, M\n|-heal|p1b: Terapagos|100/100|[silent]\n|turn|4\n|\n|t:|1746004810\n|-terastallize|p1b: Terapagos|Stellar\n|detailschange|p1b: Terapagos|Terapagos-Stellar, L50, M, tera:Stellar\n|-heal|p1b: Terapagos|100/100|[silent]\n|move|p2a: Azumarill|Liquidation|p1b: Terapagos\n|-damage|p1b: Terapagos|72/100\n|move|p2b: Oranguru|Light Screen|p2b: Oranguru\n|-sidestart|p2: ValentinBD|move: Light Screen\n|move|p1b: Terapagos|Tera Starstorm|p2a: Azumarill|[spread] p2a,p2b\n|-supereffective|p2a: Azumarill\n|-damage|p2a: Azumarill|23/100\n|-damage|p2b: Oranguru|10/100\n|move|p1a: Zamazenta|Body Press|p2a: Azumarill\n|-damage|p2a: Azumarill|0 fnt\n|faint|p2a: Azumarill\n|\n|upkeep\n|\n|t:|1746004847\n|switch|p2a: Lunala|Lunala, L50|100/100\n|turn|5\n|\n|t:|1746004870\n|move|p2b: Oranguru|Taunt|p1a: Zamazenta\n|-start|p1a: Zamazenta|move: Taunt\n|move|p2a: Lunala|Meteor Beam||[still]\n|-prepare|p2a: Lunala|Meteor Beam\n|-boost|p2a: Lunala|spa|1\n|-enditem|p2a: Lunala|Power Herb\n|-anim|p2a: Lunala|Meteor Beam|p1b: Terapagos\n|-damage|p1b: Terapagos|25/100\n|move|p1b: Terapagos|Tera Starstorm|p2a: Lunala|[spread] p2a,p2b\n|-damage|p2a: Lunala|89/100\n|-damage|p2b: Oranguru|0 fnt\n|faint|p2b: Oranguru\n|move|p1a: Zamazenta|Heavy Slam|p2a: Lunala\n|-damage|p2a: Lunala|62/100\n|\n|upkeep\n|\n|t:|1746004884\n|switch|p2b: Incineroar|Incineroar, L50, M|100/100\n|-ability|p2b: Incineroar|Intimidate|boost\n|-unboost|p1a: Zamazenta|atk|1\n|-unboost|p1b: Terapagos|atk|1\n|turn|6\n|\n|t:|1746004908\n|move|p2b: Incineroar|Fake Out|p1a: Zamazenta\n|-resisted|p1a: Zamazenta\n|-crit|p1a: Zamazenta\n|-damage|p1a: Zamazenta|93/100\n|move|p2a: Lunala|Psychic|p1b: Terapagos\n|-damage|p1b: Terapagos|0 fnt\n|faint|p1b: Terapagos\n|cant|p1a: Zamazenta|flinch\n|\n|upkeep\n|\n|t:|1746004916\n|switch|p1b: Urshifu|Urshifu-Rapid-Strike, L50, M|100/100\n|turn|7\n|\n|t:|1746004944\n|move|p1b: Urshifu|Detect|p1b: Urshifu\n|-singleturn|p1b: Urshifu|Protect\n|move|p2b: Incineroar|Knock Off|p1a: Zamazenta\n|-resisted|p1a: Zamazenta\n|-damage|p1a: Zamazenta|89/100\n|move|p2a: Lunala|Moongeist Beam|p1b: Urshifu\n|-activate|p1b: Urshifu|move: Protect\n|move|p1a: Zamazenta|Body Press|p2b: Incineroar\n|-supereffective|p2b: Incineroar\n|-damage|p2b: Incineroar|0 fnt\n|-damage|p1a: Zamazenta|72/100|[from] item: Rocky Helmet|[of] p2b: Incineroar\n|faint|p2b: Incineroar\n|\n|-end|p1a: Zamazenta|move: Taunt\n|-fieldend|move: Trick Room\n|upkeep\n|turn|8\n|\n|t:|1746004969\n|move|p2a: Lunala|Protect|p2a: Lunala\n|-singleturn|p2a: Lunala|Protect\n|move|p1a: Zamazenta|Heavy Slam|p2a: Lunala\n|-activate|p2a: Lunala|move: Protect\n|move|p1b: Urshifu|Surging Strikes|p2a: Lunala\n|-crit|p2a: Lunala\n|-damage|p2a: Lunala|45/100\n|-crit|p2a: Lunala\n|-damage|p2a: Lunala|28/100\n|-crit|p2a: Lunala\n|-damage|p2a: Lunala|9/100\n|-hitcount|p2a: Lunala|3\n|\n|-sideend|p2: ValentinBD|move: Light Screen\n|upkeep\n|turn|9\n|\n|t:|1746004985\n|move|p1b: Urshifu|Aqua Jet|p2a: Lunala\n|-damage|p2a: Lunala|0 fnt\n|faint|p2a: Lunala\n|\n|win|Gimbest\n||Gimbest is ready for game 3.\n||ValentinBD is ready for game 3.\n|uhtml|next|Next: <a href=\"/battle-gen9vgc2025regibo3-2353817638\"><strong>Game 3 of 3</strong></a>\n|l|\u2606ValentinBD\n|player|p2|\n|l|\u2606Gimbest\n|player|p1|\n", "uploadtime": 1746005306, "views": 6, "formatid": "gen9vgc2025regibo3", "rating": null, "private": 0, "password": null}