{"id": "gen9vgc2025regibo3-2355145410", "format": "[Gen 9] VGC 2025 Reg I (Bo3)", "players": ["Shit Tier Pro", "svnzv"], "log": "|j|\u2606Shit Tier Pro\n|j|\u2606svnzv\n|html|<table width=\"100%\"><tr><td align=\"left\">Shit Tier Pro</td><td align=\"right\">svnzv</tr><tr><td align=\"left\"><i class=\"fa fa-circle-o\"></i> <i class=\"fa fa-circle-o\"></i> </td><td align=\"right\"><i class=\"fa fa-circle-o\"></i> <i class=\"fa fa-circle-o\"></i> </tr></table>\n|uhtml|bestof|<h2><strong>Game 1</strong> of <a href=\"/game-bestof3-gen9vgc2025regibo3-2355145409\">a best-of-3</a></h2>\n|t:|1746158410\n|gametype|doubles\n|player|p1|Shit Tier Pro|n|1217\n|player|p2|svnzv|kimonogirl|1116\n|teamsize|p1|6\n|teamsize|p2|6\n|gen|9\n|tier|[Gen 9] VGC 2025 Reg I (Bo3)\n|rated|\n|rule|Species Clause: Limit one of each Pok\u00e9mon\n|rule|Item Clause: Limit 1 of each item\n|clearpoke\n|poke|p1|Terapagos, L50, M|\n|poke|p1|Raging Bolt, L50|\n|poke|p1|Incineroar, L50, F|\n|poke|p1|Zacian-*, L50|\n|poke|p1|Smeargle, L50, M|\n|poke|p1|Ceruledge, L50, M|\n|poke|p2|Kyogre, L50|\n|poke|p2|Zamazenta-*, L50|\n|poke|p2|Farigiraf, L50, M|\n|poke|p2|Rillaboom, L50, F|\n|poke|p2|Incineroar, L50, F|\n|poke|p2|Flutter Mane, L50|\n|teampreview|4\n|showteam|p1|Terapagos||CovertCloak|TeraShift|Protect,RockPolish,CalmMind,TeraStarstorm|||M|||50|,,,,,Stellar]Raging Bolt||BoosterEnergy|Protosynthesis|Thunderclap,Thunderbolt,DracoMeteor,Protect||||||50|,,,,,Fairy]Incineroar||SafetyGoggles|Intimidate|FakeOut,HelpingHand,KnockOff,Taunt|||F|||50|,,,,,Bug]Zacian-Crowned||RustedSword|IntrepidSword|behemothblade,PlayRough,Protect,SacredSword||||||50|,,,,,Stellar]Smeargle||FocusSash|Moody|SpikyShield,Decorate,Spore,FollowMe|||M|||50|,,,,,Ghost]Ceruledge||ExpertBelt|FlashFire|ShadowSneak,BitterBlade,AllySwitch,WillOWisp|||M|||50|,,,,,Grass\n|showteam|p2|Kyogre||ChoiceScarf|Drizzle|WaterSpout,IceBeam,Thunder,OriginPulse||||||50|,,,,,Grass]Zamazenta-Crowned||RustedShield|DauntlessShield|BodyPress,HeavySlam,WideGuard,Protect||||||50|,,,,,Dragon]Farigiraf||ThroatSpray|ArmorTail|HyperVoice,TrickRoom,Imprison,Protect|||M|||50|,,,,,Steel]Rillaboom||AssaultVest|GrassySurge|GrassyGlide,FakeOut,Uturn,WoodHammer|||F|||50|,,,,,Fire]Incineroar||SafetyGoggles|Intimidate|WillOWisp,KnockOff,PartingShot,FakeOut|||F|||50|,,,,,Bug]Flutter Mane||BoosterEnergy|Protosynthesis|Moonblast,ThunderWave,Taunt,Protect||||||50|,,,,,Dark\n|inactive|Battle timer is ON: inactive players will automatically lose when time's up. (requested by svnzv)\n|inactive|Shit Tier Pro also wants the timer to be on.\n|inactive|Shit Tier Pro has 60 seconds left.\n|inactive|svnzv has 60 seconds left.\n|inactive|Shit Tier Pro has 30 seconds left.\n|inactive|Shit Tier Pro has 20 seconds left.\n|\n|t:|1746158480\n|start\n|switch|p1a: Incineroar|Incineroar, L50, F|100/100\n|switch|p1b: Smeargle|Smeargle, L50, M|100/100\n|switch|p2a: Flutter Mane|Flutter Mane, L50|100/100\n|switch|p2b: Incineroar|Incineroar, L50, F|100/100\n|-ability|p1a: Incineroar|Intimidate|boost\n|-unboost|p2a: Flutter Mane|atk|1\n|-unboost|p2b: Incineroar|atk|1\n|-ability|p2b: Incineroar|Intimidate|boost\n|-unboost|p1a: Incineroar|atk|1\n|-unboost|p1b: Smeargle|atk|1\n|-enditem|p2a: Flutter Mane|Booster Energy\n|-activate|p2a: Flutter Mane|ability: Protosynthesis|[fromitem]\n|-start|p2a: Flutter Mane|protosynthesisspe\n|turn|1\n|inactive|Shit Tier Pro has 30 seconds left.\n|inactive|svnzv has 30 seconds left.\n|\n|t:|1746158513\n|move|p2a: Flutter Mane|Protect|p2a: Flutter Mane\n|-singleturn|p2a: Flutter Mane|Protect\n|move|p1b: Smeargle|Spiky Shield|p1b: Smeargle\n|-singleturn|p1b: Smeargle|move: Protect\n|move|p1a: Incineroar|Taunt|p2a: Flutter Mane\n|-activate|p2a: Flutter Mane|move: Protect\n|move|p2b: Incineroar|Parting Shot|p1a: Incineroar\n|-unboost|p1a: Incineroar|atk|1\n|-unboost|p1a: Incineroar|spa|1\n|\n|t:|1746158523\n|switch|p2b: Kyogre|Kyogre, L50|100/100|[from] Parting Shot\n|-weather|RainDance|[from] ability: Drizzle|[of] p2b: Kyogre\n|\n|-weather|RainDance|[upkeep]\n|-ability|p1b: Smeargle|Moody|boost\n|-boost|p1b: Smeargle|spe|2\n|-unboost|p1b: Smeargle|def|1\n|upkeep\n|turn|2\n|inactive|Shit Tier Pro has 30 seconds left.\n|inactive|Shit Tier Pro has 20 seconds left.\n|\n|t:|1746158562\n|move|p2a: Flutter Mane|Taunt|p1b: Smeargle\n|-start|p1b: Smeargle|move: Taunt\n|cant|p1b: Smeargle|move: Taunt|Spore\n|move|p2b: Kyogre|Water Spout|p1a: Incineroar|[spread] p1a,p1b\n|-supereffective|p1a: Incineroar\n|-damage|p1a: Incineroar|0 fnt\n|-enditem|p1b: Smeargle|Focus Sash\n|-damage|p1b: Smeargle|1/100\n|faint|p1a: Incineroar\n|\n|-weather|RainDance|[upkeep]\n|-ability|p1b: Smeargle|Moody|boost\n|-boost|p1b: Smeargle|spe|2\n|-unboost|p1b: Smeargle|atk|1\n|upkeep\n|\n|t:|1746158570\n|switch|p1a: Raging Bolt|Raging Bolt, L50|100/100\n|-enditem|p1a: Raging Bolt|Booster Energy\n|-activate|p1a: Raging Bolt|ability: Protosynthesis|[fromitem]\n|-start|p1a: Raging Bolt|protosynthesisspa\n|turn|3\n|j| Poozon\n|\n|t:|1746158585\n|switch|p2b: Rillaboom|Rillaboom, L50, F|100/100\n|-fieldstart|move: Grassy Terrain|[from] ability: Grassy Surge|[of] p2b: Rillaboom\n|move|p1a: Raging Bolt|Protect|p1a: Raging Bolt\n|-singleturn|p1a: Raging Bolt|Protect\n|-activate|p1b: Smeargle|move: Struggle\n|move|p1b: Smeargle|Struggle|p2b: Rillaboom\n|-damage|p2b: Rillaboom|99/100\n|-damage|p1b: Smeargle|0 fnt|[from] recoil\n|faint|p1b: Smeargle\n|move|p2a: Flutter Mane|Moonblast|p1a: Raging Bolt\n|-activate|p1a: Raging Bolt|move: Protect\n|\n|-weather|RainDance|[upkeep]\n|-heal|p2b: Rillaboom|100/100|[from] Grassy Terrain\n|upkeep\n|\n|t:|1746158588\n|switch|p1b: Terapagos|Terapagos, L50, M|100/100\n|-activate|p1b: Terapagos|ability: Tera Shift\n|detailschange|p1b: Terapagos|Terapagos-Terastal, L50, M\n|-heal|p1b: Terapagos|100/100|[silent]\n|turn|4\n|inactive|Shit Tier Pro has 30 seconds left.\n|\n|t:|1746158614\n|move|p2b: Rillaboom|Fake Out|p1a: Raging Bolt\n|-damage|p1a: Raging Bolt|90/100\n|cant|p1a: Raging Bolt|flinch\n|move|p2a: Flutter Mane|Taunt|p1b: Terapagos\n|-start|p1b: Terapagos|move: Taunt\n|cant|p1b: Terapagos|move: Taunt|Rock Polish\n|\n|-weather|RainDance|[upkeep]\n|-heal|p1a: Raging Bolt|96/100|[from] Grassy Terrain\n|upkeep\n|turn|5\n|\n|t:|1746158627\n|-terastallize|p1b: Terapagos|Stellar\n|detailschange|p1b: Terapagos|Terapagos-Stellar, L50, M, tera:Stellar\n|-heal|p1b: Terapagos|100/100|[silent]\n|-ability|p1b: Terapagos|Teraform Zero\n|-weather|none\n|-fieldend|move: Grassy Terrain\n|move|p2a: Flutter Mane|Thunder Wave|p1b: Terapagos\n|-status|p1b: Terapagos|par\n|move|p2b: Rillaboom|U-turn|p1b: Terapagos\n|-damage|p1b: Terapagos|85/100 par\n|\n|t:|1746158636\n|switch|p2b: Incineroar|Incineroar, L50, F|100/100|[from] U-turn\n|-ability|p2b: Incineroar|Intimidate|boost\n|-unboost|p1a: Raging Bolt|atk|1\n|-unboost|p1b: Terapagos|atk|1\n|move|p1a: Raging Bolt|Thunderbolt|p2a: Flutter Mane\n|-damage|p2a: Flutter Mane|34/100\n|move|p1b: Terapagos|Tera Starstorm|p2a: Flutter Mane|[spread] p2a,p2b\n|-damage|p2a: Flutter Mane|0 fnt\n|-damage|p2b: Incineroar|67/100\n|faint|p2a: Flutter Mane\n|-end|p2a: Flutter Mane|Protosynthesis|[silent]\n|\n|upkeep\n|\n|t:|1746158641\n|switch|p2a: Rillaboom|Rillaboom, L50, F|100/100\n|-fieldstart|move: Grassy Terrain|[from] ability: Grassy Surge|[of] p2a: Rillaboom\n|turn|6\n|\n|t:|1746158661\n|move|p2a: Rillaboom|U-turn|p1b: Terapagos\n|-damage|p1b: Terapagos|71/100 par\n|\n|t:|1746158664\n|switch|p2a: Kyogre|Kyogre, L50|100/100|[from] U-turn\n|-weather|RainDance|[from] ability: Drizzle|[of] p2a: Kyogre\n|move|p1a: Raging Bolt|Thunderbolt|p2a: Kyogre\n|-supereffective|p2a: Kyogre\n|-damage|p2a: Kyogre|1/100\n|-status|p2a: Kyogre|par\n|cant|p1b: Terapagos|par\n|move|p2b: Incineroar|Parting Shot|p1b: Terapagos\n|-unboost|p1b: Terapagos|atk|1\n|-unboost|p1b: Terapagos|spa|1\n|\n|t:|1746158671\n|switch|p2b: Rillaboom|Rillaboom, L50, F|100/100|[from] Parting Shot\n|\n|-weather|RainDance|[upkeep]\n|-heal|p2a: Kyogre|7/100 par|[from] Grassy Terrain\n|-heal|p1a: Raging Bolt|100/100|[from] Grassy Terrain\n|-heal|p1b: Terapagos|77/100 par|[from] Grassy Terrain\n|-end|p1b: Terapagos|move: Taunt\n|upkeep\n|turn|7\n|\n|t:|1746158680\n|switch|p2a: Incineroar|Incineroar, L50, F|67/100\n|-ability|p2a: Incineroar|Intimidate|boost\n|-unboost|p1a: Raging Bolt|atk|1\n|-unboost|p1b: Terapagos|atk|1\n|move|p1a: Raging Bolt|Thunderclap||[still]\n|-fail|p1a: Raging Bolt\n|move|p2b: Rillaboom|Wood Hammer|p1b: Terapagos\n|-damage|p1b: Terapagos|34/100 par\n|-damage|p2b: Rillaboom|84/100|[from] Recoil\n|move|p1b: Terapagos|Tera Starstorm|p2a: Incineroar|[spread] p2a,p2b\n|-damage|p2a: Incineroar|45/100\n|-damage|p2b: Rillaboom|69/100\n|\n|-weather|RainDance|[upkeep]\n|-heal|p2b: Rillaboom|74/100|[from] Grassy Terrain\n|-heal|p1b: Terapagos|40/100 par|[from] Grassy Terrain\n|-heal|p2a: Incineroar|51/100|[from] Grassy Terrain\n|upkeep\n|turn|8\n|\n|t:|1746158698\n|move|p2a: Incineroar|Fake Out|p1a: Raging Bolt\n|-damage|p1a: Raging Bolt|91/100\n|move|p2b: Rillaboom|Wood Hammer|p1b: Terapagos\n|-damage|p1b: Terapagos|0 fnt\n|faint|p1b: Terapagos\n|-damage|p2b: Rillaboom|60/100|[from] Recoil\n|cant|p1a: Raging Bolt|flinch\n|\n|-weather|RainDance|[upkeep]\n|-heal|p2b: Rillaboom|66/100|[from] Grassy Terrain\n|-heal|p1a: Raging Bolt|97/100|[from] Grassy Terrain\n|-heal|p2a: Incineroar|57/100|[from] Grassy Terrain\n|upkeep\n|turn|9\n|\n|t:|1746158707\n|move|p2b: Rillaboom|U-turn|p1a: Raging Bolt\n|-damage|p1a: Raging Bolt|80/100\n|\n|t:|1746158710\n|switch|p2b: Kyogre|Kyogre, L50|7/100 par|[from] U-turn\n|move|p1a: Raging Bolt|Thunderbolt|p2a: Incineroar\n|-damage|p2a: Incineroar|0 fnt\n|faint|p2a: Incineroar\n|\n|-weather|RainDance|[upkeep]\n|-heal|p2b: Kyogre|13/100 par|[from] Grassy Terrain\n|-heal|p1a: Raging Bolt|86/100|[from] Grassy Terrain\n|upkeep\n|\n|t:|1746158714\n|switch|p2a: Rillaboom|Rillaboom, L50, F|66/100\n|turn|10\n|\n|t:|1746158719\n|move|p1a: Raging Bolt|Protect|p1a: Raging Bolt\n|-singleturn|p1a: Raging Bolt|Protect\n|move|p2a: Rillaboom|Fake Out|p1a: Raging Bolt\n|-activate|p1a: Raging Bolt|move: Protect\n|move|p2b: Kyogre|Ice Beam|p1a: Raging Bolt\n|-activate|p1a: Raging Bolt|move: Protect\n|\n|-weather|none\n|-heal|p2a: Rillaboom|72/100|[from] Grassy Terrain\n|-heal|p2b: Kyogre|20/100 par|[from] Grassy Terrain\n|-heal|p1a: Raging Bolt|92/100|[from] Grassy Terrain\n|-fieldend|move: Grassy Terrain\n|upkeep\n|turn|11\n|\n|t:|1746158727\n|move|p1a: Raging Bolt|Thunderclap|p2b: Kyogre\n|-supereffective|p2b: Kyogre\n|-damage|p2b: Kyogre|0 fnt\n|faint|p2b: Kyogre\n|move|p2a: Rillaboom|U-turn|p1a: Raging Bolt\n|-crit|p1a: Raging Bolt\n|-damage|p1a: Raging Bolt|67/100\n|\n|upkeep\n|turn|12\n|\n|t:|1746158730\n|move|p2a: Rillaboom|Wood Hammer|p1a: Raging Bolt\n|-resisted|p1a: Raging Bolt\n|-damage|p1a: Raging Bolt|47/100\n|-damage|p2a: Rillaboom|64/100|[from] Recoil\n|move|p1a: Raging Bolt|Thunderbolt|p2a: Rillaboom\n|-resisted|p2a: Rillaboom\n|-damage|p2a: Rillaboom|45/100\n|\n|upkeep\n|turn|13\n|\n|t:|1746158752\n|move|p2a: Rillaboom|Wood Hammer|p1a: Raging Bolt\n|-resisted|p1a: Raging Bolt\n|-damage|p1a: Raging Bolt|28/100\n|-damage|p2a: Rillaboom|38/100|[from] Recoil\n|move|p1a: Raging Bolt|Thunderbolt|p2a: Rillaboom\n|-resisted|p2a: Rillaboom\n|-damage|p2a: Rillaboom|19/100\n|\n|upkeep\n|turn|14\n|\n|t:|1746158763\n|move|p2a: Rillaboom|Wood Hammer|p1a: Raging Bolt\n|-resisted|p1a: Raging Bolt\n|-damage|p1a: Raging Bolt|8/100\n|-damage|p2a: Rillaboom|12/100|[from] Recoil\n|move|p1a: Raging Bolt|Thunderbolt|p2a: Rillaboom\n|-resisted|p2a: Rillaboom\n|-damage|p2a: Rillaboom|0 fnt\n|faint|p2a: Rillaboom\n|\n|win|Shit Tier Pro\n|l|\u2606svnzv\n|player|p2|\n||svnzv is ready for game 2.\n||Shit Tier Pro is ready for game 2.\n|uhtml|next|Next: <a href=\"/battle-gen9vgc2025regibo3-2355147899\"><strong>Game 2 of 3</strong></a>\n", "uploadtime": 1746159140, "views": 0, "formatid": "gen9vgc2025regibo3", "rating": null, "private": 0, "password": null}