{"id": "gen9vgc2025regibo3-2353727112", "format": "[Gen 9] VGC 2025 Reg I (Bo3)", "players": ["luceliok223", "CityPopThatThang"], "log": "|j|\u2606luceliok223\n|j|\u2606CityPopThatThang\n|html|<table width=\"100%\"><tr><td align=\"left\">luceliok223</td><td align=\"right\">CityPopThatThang</tr><tr><td align=\"left\"><i class=\"fa fa-circle-o\"></i> <i class=\"fa fa-circle-o\"></i> </td><td align=\"right\"><i class=\"fa fa-circle-o\"></i> <i class=\"fa fa-circle\"></i> </tr></table>\n|uhtml|bestof|<h2><strong>Game 2</strong> of <a href=\"/game-bestof3-gen9vgc2025regibo3-2353725103\">a best-of-3</a></h2>\n|t:|1745989559\n|gametype|doubles\n|player|p1|luceliok223|cyrus|1000\n|player|p2|CityPopThatThang|guzma|1095\n|teamsize|p1|6\n|teamsize|p2|6\n|gen|9\n|tier|[Gen 9] VGC 2025 Reg I (Bo3)\n|rated|\n|rule|Species Clause: Limit one of each Pok\u00e9mon\n|rule|Item Clause: Limit 1 of each item\n|clearpoke\n|poke|p1|Farigiraf, L50, M|\n|poke|p1|Miraidon, L50|\n|poke|p1|Iron Hands, L50|\n|poke|p1|Whimsicott, L50, M|\n|poke|p1|Ogerpon-Hearthflame, L50, F|\n|poke|p1|Terapagos, L50, M|\n|poke|p2|Kyogre, L50|\n|poke|p2|Zamazenta-*, L50|\n|poke|p2|Ursaluna, L50, M|\n|poke|p2|Sinistcha, L50|\n|poke|p2|Tornadus, L50, M|\n|poke|p2|Chi-Yu, L50|\n|teampreview|4\n|showteam|p1|Farigiraf||ElectricSeed|ArmorTail|FoulPlay,TrickRoom,HelpingHand,Roar|||M|||50|,,,,,Normal]Miraidon||ChoiceSpecs|HadronEngine|ElectroDrift,DracoMeteor,DazzlingGleam,Protect||||||50|,,,,,Fairy]Iron Hands||AssaultVest|QuarkDrive|DrainPunch,HeavySlam,FakeOut,IcePunch||||||50|,,,,,Fighting]Whimsicott||FocusSash|Prankster|Tailwind,EnergyBall,Encore,Taunt|||M|||50|,,,,,Grass]Ogerpon-Hearthflame||HearthflameMask|MoldBreaker|IvyCudgel,HornLeech,FollowMe,SpikyShield|||F|||50|,,,,,Fire]Terapagos||SitrusBerry|TeraShift|TeraStarstorm,CalmMind,Substitute,Protect|||M|||50|,,,,,Stellar\n|showteam|p2|Kyogre||LifeOrb|Drizzle|WaterSpout,IceBeam,Thunder,Protect||||||50|,,,,,Electric]Zamazenta-Crowned||RustedShield|DauntlessShield|BodyPress,HeavySlam,WideGuard,IronDefense||||||50|,,,,,Grass]Ursaluna||FlameOrb|Guts|Facade,HeadlongRush,Substitute,Protect|||M|||50|,,,,,Bug]Sinistcha||RockyHelmet|Hospitality|MatchaGotcha,Scald,RagePowder,TrickRoom||||||50|,,,,,Water]Tornadus||CovertCloak|Prankster|Hurricane,Tailwind,RainDance,Taunt|||M|||50|,,,,,Steel]Chi-Yu||ChoiceScarf|BeadsofRuin|HeatWave,DarkPulse,Snarl,Ruination||||||50|,,,,,Ghost\n|inactive|Battle timer is ON: inactive players will automatically lose when time's up. (requested by luceliok223)\n|\n|t:|1745989607\n|start\n|switch|p1a: Miraidon|Miraidon, L50|100/100\n|switch|p1b: Farigiraf|Farigiraf, L50, M|100/100\n|switch|p2a: Chi-Yu|Chi-Yu, L50|100/100\n|switch|p2b: Kyogre|Kyogre, L50, shiny|100/100\n|-ability|p2a: Chi-Yu|Beads of Ruin\n|-fieldstart|move: Electric Terrain|[from] ability: Hadron Engine|[of] p1a: Miraidon\n|-enditem|p1b: Farigiraf|Electric Seed\n|-boost|p1b: Farigiraf|def|1|[from] item: Electric Seed\n|-weather|RainDance|[from] ability: Drizzle|[of] p2b: Kyogre\n|turn|1\n|inactive|luceliok223 has 30 seconds left.\n|\n|t:|1745989632\n|move|p1b: Farigiraf|Helping Hand|p1a: Miraidon\n|-singleturn|p1a: Miraidon|Helping Hand|[of] p1b: Farigiraf\n|move|p2b: Kyogre|Protect|p2b: Kyogre\n|-singleturn|p2b: Kyogre|Protect\n|move|p2a: Chi-Yu|Snarl|p1b: Farigiraf|[spread] p1a,p1b\n|-supereffective|p1b: Farigiraf\n|-damage|p1a: Miraidon|76/100\n|-damage|p1b: Farigiraf|56/100\n|-unboost|p1a: Miraidon|spa|1\n|-unboost|p1b: Farigiraf|spa|1\n|move|p1a: Miraidon|Electro Drift|p2b: Kyogre\n|-activate|p2b: Kyogre|move: Protect\n|\n|-weather|RainDance|[upkeep]\n|upkeep\n|turn|2\n|\n|t:|1745989650\n|-terastallize|p2b: Kyogre|Electric\n|move|p1b: Farigiraf|Helping Hand|p1a: Miraidon\n|-singleturn|p1a: Miraidon|Helping Hand|[of] p1b: Farigiraf\n|move|p2a: Chi-Yu|Snarl|p1b: Farigiraf|[spread] p1a,p1b\n|-supereffective|p1b: Farigiraf\n|-damage|p1a: Miraidon|48/100\n|-damage|p1b: Farigiraf|11/100\n|-unboost|p1a: Miraidon|spa|1\n|-unboost|p1b: Farigiraf|spa|1\n|move|p1a: Miraidon|Electro Drift|p2a: Chi-Yu\n|-damage|p2a: Chi-Yu|0 fnt\n|faint|p2a: Chi-Yu\n|move|p2b: Kyogre|Water Spout|p1b: Farigiraf|[spread] p1a,p1b\n|-resisted|p1a: Miraidon\n|-damage|p1a: Miraidon|0 fnt\n|-damage|p1b: Farigiraf|0 fnt\n|faint|p1a: Miraidon\n|faint|p1b: Farigiraf\n|-damage|p2b: Kyogre|91/100|[from] item: Life Orb\n|\n|-weather|RainDance|[upkeep]\n|upkeep\n|\n|t:|1745989668\n|switch|p1a: Iron Hands|Iron Hands, L50|100/100\n|switch|p2a: Tornadus|Tornadus, L50, M|100/100\n|switch|p1b: Terapagos|Terapagos, L50, M|100/100\n|-activate|p1b: Terapagos|ability: Tera Shift\n|detailschange|p1b: Terapagos|Terapagos-Terastal, L50, M\n|-heal|p1b: Terapagos|100/100|[silent]\n|-activate|p1a: Iron Hands|ability: Quark Drive\n|-start|p1a: Iron Hands|quarkdriveatk\n|turn|3\n|inactive|CityPopThatThang has 30 seconds left.\n|inactive|CityPopThatThang has 20 seconds left.\n|inactive|CityPopThatThang has 15 seconds left.\n|inactive|CityPopThatThang has 10 seconds left.\n|inactive|CityPopThatThang has 5 seconds left.\n|\n|t:|1745989719\n|switch|p2a: Zamazenta|Zamazenta-Crowned, L50, shiny|100/100\n|-ability|p2a: Zamazenta|Dauntless Shield|boost\n|-boost|p2a: Zamazenta|def|1\n|-terastallize|p1b: Terapagos|Stellar\n|detailschange|p1b: Terapagos|Terapagos-Stellar, L50, M, tera:Stellar\n|-heal|p1b: Terapagos|100/100|[silent]\n|-ability|p1b: Terapagos|Teraform Zero\n|-weather|none\n|-fieldend|move: Electric Terrain\n|-end|p1a: Iron Hands|Quark Drive\n|move|p2b: Kyogre|Protect|p2b: Kyogre\n|-singleturn|p2b: Kyogre|Protect\n|move|p1a: Iron Hands|Fake Out|p2b: Kyogre\n|-activate|p2b: Kyogre|move: Protect\n|move|p1b: Terapagos|Calm Mind|p1b: Terapagos\n|-boost|p1b: Terapagos|spa|1\n|-boost|p1b: Terapagos|spd|1\n|\n|upkeep\n|turn|4\n|inactive|luceliok223 has 30 seconds left.\n|inactive|CityPopThatThang has 30 seconds left.\n|\n|t:|1745989747\n|move|p2a: Zamazenta|Iron Defense|p2a: Zamazenta\n|-boost|p2a: Zamazenta|def|2\n|move|p2b: Kyogre|Water Spout|p1a: Iron Hands|[spread] p1a,p1b\n|-damage|p1a: Iron Hands|53/100\n|-damage|p1b: Terapagos|68/100\n|-damage|p2b: Kyogre|82/100|[from] item: Life Orb\n|move|p1b: Terapagos|Tera Starstorm|p2b: Kyogre|[spread] p2a,p2b\n|-supereffective|p2b: Kyogre\n|-damage|p2a: Zamazenta|59/100\n|-damage|p2b: Kyogre|0 fnt\n|faint|p2b: Kyogre\n|move|p1a: Iron Hands|Drain Punch|p2a: Zamazenta\n|-supereffective|p2a: Zamazenta\n|-damage|p2a: Zamazenta|36/100\n|-heal|p1a: Iron Hands|61/100|[from] drain|[of] p2a: Zamazenta\n|\n|upkeep\n|\n|t:|1745989754\n|switch|p2b: Tornadus|Tornadus, L50, M|100/100\n|turn|5\n|inactive|CityPopThatThang has 30 seconds left.\n|\n|t:|1745989784\n|move|p2a: Zamazenta|Body Press|p1b: Terapagos\n|-supereffective|p1b: Terapagos\n|-damage|p1b: Terapagos|0 fnt\n|faint|p1b: Terapagos\n|move|p2b: Tornadus|Hurricane|p1a: Iron Hands\n|-damage|p1a: Iron Hands|25/100\n|move|p1a: Iron Hands|Ice Punch|p2b: Tornadus\n|-supereffective|p2b: Tornadus\n|-damage|p2b: Tornadus|15/100\n|\n|upkeep\n|turn|6\n|\n|t:|1745989796\n|move|p2a: Zamazenta|Body Press|p1a: Iron Hands\n|-damage|p1a: Iron Hands|0 fnt\n|faint|p1a: Iron Hands\n|-end|p1a: Iron Hands|Quark Drive|[silent]\n|\n|win|CityPopThatThang\n|raw|luceliok223's rating: 1000 &rarr; <strong>1000</strong><br />(+0 for losing)\n|raw|CityPopThatThang's rating: 1095 &rarr; <strong>1114</strong><br />(+19 for winning)\n|l|\u2606luceliok223\n|player|p1|\n|c|\u2606CityPopThatThang|gg\n", "uploadtime": 1745989803, "views": 18, "formatid": "gen9vgc2025regibo3", "rating": 1000, "private": 0, "password": null}