{"id": "gen9vgc2025regibo3-2353930288", "format": "[Gen 9] VGC 2025 Reg I (Bo3)", "players": ["Diabolical Intent", "0-10Drop"], "log": "|j|\u2606Diabolical Intent\n|j|\u26060-10Drop\n|html|<table width=\"100%\"><tr><td align=\"left\">Diabolical Intent</td><td align=\"right\">0-10Drop</tr><tr><td align=\"left\"><i class=\"fa fa-circle\"></i> <i class=\"fa fa-circle-o\"></i> </td><td align=\"right\"><i class=\"fa fa-circle-o\"></i> <i class=\"fa fa-circle-o\"></i> </tr></table>\n|uhtml|bestof|<h2><strong>Game 2</strong> of <a href=\"/game-bestof3-gen9vgc2025regibo3-2353927878\">a best-of-3</a></h2>\n|t:|1746019963\n|gametype|doubles\n|player|p1|Diabolical Intent|grimsley|1342\n|player|p2|0-10Drop|steven|1475\n|teamsize|p1|6\n|teamsize|p2|6\n|gen|9\n|tier|[Gen 9] VGC 2025 Reg I (Bo3)\n|rated|\n|rule|Species Clause: Limit one of each Pok\u00e9mon\n|rule|Item Clause: Limit 1 of each item\n|clearpoke\n|poke|p1|Koraidon, L50|\n|poke|p1|Zacian-*, L50|\n|poke|p1|Walking Wake, L50|\n|poke|p1|Brute Bonnet, L50|\n|poke|p1|Chi-Yu, L50|\n|poke|p1|Whimsicott, L50, M|\n|poke|p2|Zacian-*, L50|\n|poke|p2|Whimsicott, L50, M|\n|poke|p2|Landorus, L50, M|\n|poke|p2|Miraidon, L50|\n|poke|p2|Pelipper, L50, F|\n|poke|p2|Incineroar, L50, F|\n|teampreview|4\n|showteam|p1|Koraidon||ClearAmulet|OrichalcumPulse|FlareBlitz,FlameCharge,CollisionCourse,Protect||||||50|,,,,,Fire]Zacian-Crowned||RustedSword|IntrepidSword|PlayRough,behemothblade,Substitute,Protect||||||50|,,,,,Fairy]Walking Wake||LifeOrb|Protosynthesis|HydroSteam,WeatherBall,DragonPulse,Protect||||||50|,,,,,Fire]Brute Bonnet||CovertCloak|Protosynthesis|SuckerPunch,Taunt,Spore,RagePowder||||||50|,,,,,Water]Chi-Yu||ChoiceScarf|BeadsofRuin|FireBlast,HeatWave,DarkPulse,Snarl||||||50|,,,,,Ghost]Whimsicott||FocusSash|Prankster|Moonblast,Tailwind,Encore,SunnyDay|||M|||50|,,,,,Ghost\n|showteam|p2|Zacian-Crowned||RustedSword|IntrepidSword|behemothblade,PlayRough,SacredSword,Protect||||||50|,,,,,Stellar]Whimsicott||FocusSash|Prankster|Moonblast,FakeTears,Tailwind,Protect|||M|||50|,,,,,Ghost]Landorus||ChoiceScarf|SheerForce|EarthPower,SludgeBomb,SandsearStorm,Uturn|||M|||50|,,,,,Water]Miraidon||LifeOrb|HadronEngine|ElectroDrift,DracoMeteor,VoltSwitch,Protect||||||50|,,,,,Electric]Pelipper||CovertCloak|Drizzle|WeatherBall,Hurricane,WideGuard,Protect|||F|||50|,,,,,Ghost]Incineroar||AssaultVest|Intimidate|FakeOut,FlareBlitz,KnockOff,Uturn|||F|||50|,,,,,Ghost\n|inactive|Battle timer is ON: inactive players will automatically lose when time's up. (requested by 0-10Drop)\n|inactive|Diabolical Intent also wants the timer to be on.\n|\n|t:|1746019985\n|start\n|switch|p1a: Walking Wake|Walking Wake, L50|100/100\n|switch|p1b: Koraidon|Koraidon, L50|100/100\n|switch|p2a: Zacian|Zacian-Crowned, L50|100/100\n|switch|p2b: Whimsicott|Whimsicott, L50, M|100/100\n|-ability|p2a: Zacian|Intrepid Sword|boost\n|-boost|p2a: Zacian|atk|1\n|-weather|SunnyDay|[from] ability: Orichalcum Pulse|[of] p1b: Koraidon\n|-activate|p1a: Walking Wake|ability: Protosynthesis\n|-start|p1a: Walking Wake|protosynthesisspe\n|-activate|p1b: Koraidon|Orichalcum Pulse|[source]\n|turn|1\n|\n|t:|1746019996\n|move|p2b: Whimsicott|Protect|p2b: Whimsicott\n|-singleturn|p2b: Whimsicott|Protect\n|move|p2a: Zacian|Protect|p2a: Zacian\n|-singleturn|p2a: Zacian|Protect\n|move|p1a: Walking Wake|Weather Ball|p2b: Whimsicott\n|-activate|p2b: Whimsicott|move: Protect\n|move|p1b: Koraidon|Flame Charge|p2b: Whimsicott\n|-activate|p2b: Whimsicott|move: Protect\n|\n|-weather|SunnyDay|[upkeep]\n|upkeep\n|turn|2\n|\n|t:|1746020013\n|-terastallize|p1a: Walking Wake|Fire\n|move|p2b: Whimsicott|Tailwind|p2b: Whimsicott\n|-sidestart|p2: 0-10Drop|move: Tailwind\n|move|p2a: Zacian|Play Rough|p1a: Walking Wake\n|-resisted|p1a: Walking Wake\n|-damage|p1a: Walking Wake|59/100\n|move|p1a: Walking Wake|Weather Ball|p2a: Zacian\n|-supereffective|p2a: Zacian\n|-damage|p2a: Zacian|0 fnt\n|faint|p2a: Zacian\n|-damage|p1a: Walking Wake|49/100|[from] item: Life Orb\n|move|p1b: Koraidon|Flame Charge|p2b: Whimsicott\n|-supereffective|p2b: Whimsicott\n|-enditem|p2b: Whimsicott|Focus Sash\n|-damage|p2b: Whimsicott|1/100\n|-boost|p1b: Koraidon|spe|1\n|\n|-weather|SunnyDay|[upkeep]\n|upkeep\n|\n|t:|1746020017\n|switch|p2a: Landorus|Landorus, L50, M|100/100\n|turn|3\n|inactive|Diabolical Intent has 30 seconds left.\n|\n|t:|1746020046\n|-end|p1a: Walking Wake|Protosynthesis|[silent]\n|switch|p1a: Whimsicott|Whimsicott, L50, M|100/100\n|switch|p1b: Zacian|Zacian-Crowned, L50|100/100\n|-ability|p1b: Zacian|Intrepid Sword|boost\n|-boost|p1b: Zacian|atk|1\n|move|p2a: Landorus|Earth Power|p1a: Whimsicott\n|-resisted|p1a: Whimsicott\n|-damage|p1a: Whimsicott|56/100\n|move|p2b: Whimsicott|Moonblast|p1b: Zacian\n|-resisted|p1b: Zacian\n|-damage|p1b: Zacian|85/100\n|\n|-weather|SunnyDay|[upkeep]\n|upkeep\n|turn|4\n|\n|t:|1746020058\n|move|p1b: Zacian|Protect|p1b: Zacian\n|-singleturn|p1b: Zacian|Protect\n|move|p2a: Landorus|Earth Power|p1b: Zacian\n|-activate|p1b: Zacian|move: Protect\n|move|p2b: Whimsicott|Moonblast|p1a: Whimsicott\n|-damage|p1a: Whimsicott|0 fnt\n|faint|p1a: Whimsicott\n|\n|-weather|SunnyDay|[upkeep]\n|upkeep\n|\n|t:|1746020066\n|switch|p1a: Walking Wake|Walking Wake, L50, tera:Fire|49/100\n|-activate|p1a: Walking Wake|ability: Protosynthesis\n|-start|p1a: Walking Wake|protosynthesisspe\n|turn|5\n|\n|t:|1746020073\n|move|p2a: Landorus|Earth Power|p1b: Zacian\n|-supereffective|p1b: Zacian\n|-damage|p1b: Zacian|0 fnt\n|faint|p1b: Zacian\n|move|p2b: Whimsicott|Moonblast|p1a: Walking Wake\n|-resisted|p1a: Walking Wake\n|-damage|p1a: Walking Wake|30/100\n|move|p1a: Walking Wake|Weather Ball|p2a: Landorus\n|-damage|p2a: Landorus|0 fnt\n|faint|p2a: Landorus\n|-damage|p1a: Walking Wake|20/100|[from] item: Life Orb\n|\n|-weather|none\n|-end|p1a: Walking Wake|Protosynthesis\n|-sideend|p2: 0-10Drop|move: Tailwind\n|upkeep\n|\n|t:|1746020079\n|switch|p1b: Koraidon|Koraidon, L50|100/100\n|switch|p2a: Miraidon|Miraidon, L50|100/100\n|-fieldstart|move: Electric Terrain|[from] ability: Hadron Engine|[of] p2a: Miraidon\n|-weather|SunnyDay|[from] ability: Orichalcum Pulse|[of] p1b: Koraidon\n|-activate|p1a: Walking Wake|ability: Protosynthesis\n|-start|p1a: Walking Wake|protosynthesisspe\n|-activate|p1b: Koraidon|Orichalcum Pulse|[source]\n|turn|6\n|inactive|0-10Drop has 30 seconds left.\n|\n|t:|1746020105\n|move|p2b: Whimsicott|Tailwind|p2b: Whimsicott\n|-sidestart|p2: 0-10Drop|move: Tailwind\n|move|p2a: Miraidon|Electro Drift|p1a: Walking Wake\n|-damage|p1a: Walking Wake|0 fnt\n|faint|p1a: Walking Wake\n|-end|p1a: Walking Wake|Protosynthesis|[silent]\n|-damage|p2a: Miraidon|91/100|[from] item: Life Orb\n|move|p1b: Koraidon|Flame Charge|p2b: Whimsicott\n|-supereffective|p2b: Whimsicott\n|-crit|p2b: Whimsicott\n|-damage|p2b: Whimsicott|0 fnt\n|-boost|p1b: Koraidon|spe|1\n|faint|p2b: Whimsicott\n|\n|-weather|SunnyDay|[upkeep]\n|upkeep\n|turn|7\n|\n|t:|1746020114\n|move|p1b: Koraidon|Protect|p1b: Koraidon\n|-singleturn|p1b: Koraidon|Protect\n|move|p2a: Miraidon|Draco Meteor|p1b: Koraidon\n|-activate|p1b: Koraidon|move: Protect\n|\n|-weather|SunnyDay|[upkeep]\n|upkeep\n|turn|8\n|\n|t:|1746020116\n|move|p2a: Miraidon|Draco Meteor|p1b: Koraidon\n|-supereffective|p1b: Koraidon\n|-damage|p1b: Koraidon|0 fnt\n|-unboost|p2a: Miraidon|spa|2\n|faint|p1b: Koraidon\n|-damage|p2a: Miraidon|81/100|[from] item: Life Orb\n|\n|win|0-10Drop\n||Diabolical Intent is ready for game 3.\n||0-10Drop is ready for game 3.\n|uhtml|next|Next: <a href=\"/battle-gen9vgc2025regibo3-2353931872\"><strong>Game 3 of 3</strong></a>\n|l|\u26060-10Drop\n|player|p2|\n|l|\u2606Diabolical Intent\n|player|p1|\n", "uploadtime": 1746020469, "views": 12, "formatid": "gen9vgc2025regibo3", "rating": null, "private": 0, "password": null}