{"id": "gen9vgc2025regibo3-2354878743", "format": "[Gen 9] VGC 2025 Reg I (Bo3)", "players": ["ZKShadows", "Pokedude122"], "log": "|j|\u2606ZKShadows\n|j|\u2606Pokedude122\n|html|<table width=\"100%\"><tr><td align=\"left\">ZKShadows</td><td align=\"right\">Pokedude122</tr><tr><td align=\"left\"><i class=\"fa fa-circle\"></i> <i class=\"fa fa-circle-o\"></i> </td><td align=\"right\"><i class=\"fa fa-circle-o\"></i> <i class=\"fa fa-circle-o\"></i> </tr></table>\n|uhtml|bestof|<h2><strong>Game 2</strong> of <a href=\"/game-bestof3-gen9vgc2025regibo3-2354873429\">a best-of-3</a></h2>\n|t:|1746127829\n|gametype|doubles\n|player|p1|ZKShadows|giovanni|\n|player|p2|Pokedude122|101|\n|teamsize|p1|6\n|teamsize|p2|6\n|gen|9\n|tier|[Gen 9] VGC 2025 Reg I (Bo3)\n|rule|Species Clause: Limit one of each Pok\u00e9mon\n|rule|Item Clause: Limit 1 of each item\n|clearpoke\n|poke|p1|Sableye, L50, F|\n|poke|p1|Arboliva, L50, F|\n|poke|p1|Glimmora, L50, F|\n|poke|p1|Typhlosion-Hisui, L50, M|\n|poke|p1|Garganacl, L50, M|\n|poke|p1|Tauros-Paldea-Aqua, L50, M|\n|poke|p2|Garchomp, L50, M|\n|poke|p2|Volcarona, L50, M|\n|poke|p2|Milotic, L50, F|\n|poke|p2|Spiritomb, L50, M|\n|poke|p2|Corviknight, L50, M|\n|poke|p2|Gardevoir, L50, M|\n|teampreview|4\n|showteam|p1|Sableye||LightClay|Prankster|FakeOut,FoulPlay,LightScreen,Reflect|||F|||50|,,,,,Dark]Arboliva||ThroatSpray|SeedSower|EnergyBall,HyperVoice,EarthPower,Protect|||F|||50|,,,,,Grass]Glimmora||SitrusBerry|ToxicDebris|SludgeBomb,PowerGem,DazzlingGleam,SpikyShield|||F|||50|,,,,,Flying]Typhlosion-Hisui||ChoiceScarf|Blaze|Eruption,ShadowBall,Extrasensory,FireBlast|||M|||50|,,,,,Fire]Garganacl||Leftovers|PurifyingSalt|SaltCure,WideGuard,Protect,Recover|||M|||50|,,,,,Ghost]Tauros-Paldea-Aqua||LifeOrb|Intimidate|WaveCrash,CloseCombat,AquaJet,Protect|||M|||50|,,,,,Fighting\n|showteam|p2|Garchomp||LifeOrb|RoughSkin|Earthquake,Protect,DragonClaw,RockSlide|||M|||50|,,,,,Ground]Volcarona||CovertCloak|FlameBody|Flamethrower,RagePowder,BugBuzz,Protect|||M|||50|,,,,,Grass]Milotic||ZoomLens|Competitive|Coil,Hypnosis,MuddyWater,Recover|||F|||50|,,,,,Dragon]Spiritomb||SitrusBerry|Infiltrator|CalmMind,DarkPulse,WillOWisp,PainSplit|||M|||50|,,,,,Grass]Corviknight||RockyHelmet|Pressure|Tailwind,BodyPress,IronDefense,Roost|||M|||50|,,,,,Dragon]Gardevoir||FocusSash|Telepathy|MysticalFire,Moonblast,Imprison,TrickRoom|||M|||50|,,,,,Fire\n|\n|t:|1746127863\n|start\n|switch|p1a: SmolTaxBreak|Sableye, L50, F|100/100\n|switch|p1b: Trev-nant|Arboliva, L50, F|100/100\n|switch|p2a: Milotic|Milotic, L50, F|100/100\n|switch|p2b: Volcarona|Volcarona, L50, M|100/100\n|turn|1\n|\n|t:|1746127880\n|move|p2b: Volcarona|Rage Powder|p2b: Volcarona\n|-singleturn|p2b: Volcarona|move: Rage Powder\n|move|p1a: SmolTaxBreak|Light Screen|p1a: SmolTaxBreak\n|-sidestart|p1: ZKShadows|move: Light Screen\n|move|p2a: Milotic|Coil|p2a: Milotic\n|-boost|p2a: Milotic|atk|1\n|-boost|p2a: Milotic|def|1\n|-boost|p2a: Milotic|accuracy|1\n|move|p1b: Trev-nant|Hyper Voice|p2b: Volcarona|[spread] p2a,p2b\n|-damage|p2a: Milotic|76/100\n|-damage|p2b: Volcarona|67/100\n|-enditem|p1b: Trev-nant|Throat Spray\n|-boost|p1b: Trev-nant|spa|1|[from] item: Throat Spray\n|\n|upkeep\n|turn|2\n|\n|t:|1746127902\n|move|p1a: SmolTaxBreak|Reflect|p1a: SmolTaxBreak\n|-sidestart|p1: ZKShadows|Reflect\n|move|p2b: Volcarona|Flamethrower|p1b: Trev-nant\n|-supereffective|p1b: Trev-nant\n|-damage|p1b: Trev-nant|55/100\n|-fieldstart|move: Grassy Terrain|[from] ability: Seed Sower|[of] p1b: Trev-nant\n|move|p2a: Milotic|Hypnosis|p1a: SmolTaxBreak\n|-status|p1a: SmolTaxBreak|slp|[from] move: Hypnosis\n|move|p1b: Trev-nant|Energy Ball|p2a: Milotic\n|-supereffective|p2a: Milotic\n|-damage|p2a: Milotic|0 fnt\n|faint|p2a: Milotic\n|\n|-heal|p2b: Volcarona|73/100|[from] Grassy Terrain\n|-heal|p1b: Trev-nant|60/100|[from] Grassy Terrain\n|upkeep\n|\n|t:|1746127916\n|switch|p2a: Spiritomb|Spiritomb, L50, M|100/100\n|turn|3\n|\n|t:|1746127931\n|switch|p1a: BlueAsbestos|Glimmora, L50, F|100/100\n|move|p2b: Volcarona|Rage Powder|p2b: Volcarona\n|-singleturn|p2b: Volcarona|move: Rage Powder\n|move|p1b: Trev-nant|Energy Ball|p2a: Spiritomb\n|-damage|p2a: Spiritomb|2/100\n|-enditem|p2a: Spiritomb|Sitrus Berry|[eat]\n|-heal|p2a: Spiritomb|27/100|[from] item: Sitrus Berry\n|move|p2a: Spiritomb|Calm Mind|p2a: Spiritomb\n|-boost|p2a: Spiritomb|spa|1\n|-boost|p2a: Spiritomb|spd|1\n|\n|-heal|p2b: Volcarona|80/100|[from] Grassy Terrain\n|-heal|p1b: Trev-nant|66/100|[from] Grassy Terrain\n|-heal|p2a: Spiritomb|33/100|[from] Grassy Terrain\n|upkeep\n|turn|4\n|\n|t:|1746127974\n|-terastallize|p2a: Spiritomb|Grass\n|move|p2b: Volcarona|Bug Buzz|p1b: Trev-nant\n|-supereffective|p1b: Trev-nant\n|-damage|p1b: Trev-nant|19/100\n|move|p1a: BlueAsbestos|Power Gem|p2b: Volcarona\n|-supereffective|p2b: Volcarona\n|-damage|p2b: Volcarona|0 fnt\n|faint|p2b: Volcarona\n|move|p1b: Trev-nant|Energy Ball|p2a: Spiritomb\n|-resisted|p2a: Spiritomb\n|-damage|p2a: Spiritomb|0 fnt\n|faint|p2a: Spiritomb\n|\n|-heal|p1b: Trev-nant|25/100|[from] Grassy Terrain\n|upkeep\n|\n|t:|1746127989\n|switch|p2b: Corviknight|Corviknight, L50, M|100/100\n|-ability|p2b: Corviknight|Pressure\n|turn|5\n|\n|t:|1746128000\n|move|p1a: BlueAsbestos|Power Gem|p2b: Corviknight\n|-damage|p2b: Corviknight|69/100\n|move|p2b: Corviknight|Iron Defense|p2b: Corviknight\n|-boost|p2b: Corviknight|def|2\n|move|p1b: Trev-nant|Energy Ball|p2b: Corviknight\n|-resisted|p2b: Corviknight\n|-damage|p2b: Corviknight|54/100\n|\n|-heal|p1b: Trev-nant|31/100|[from] Grassy Terrain\n|upkeep\n|turn|6\n|\n|t:|1746128022\n|move|p1b: Trev-nant|Protect|p1b: Trev-nant\n|-singleturn|p1b: Trev-nant|Protect\n|move|p1a: BlueAsbestos|Power Gem|p2b: Corviknight\n|-damage|p2b: Corviknight|26/100\n|move|p2b: Corviknight|Body Press|p1b: Trev-nant\n|-activate|p1b: Trev-nant|move: Protect\n|\n|-heal|p1b: Trev-nant|37/100|[from] Grassy Terrain\n|-fieldend|move: Grassy Terrain\n|upkeep\n|turn|7\n|\n|t:|1746128038\n|move|p1a: BlueAsbestos|Power Gem|p2b: Corviknight\n|-damage|p2b: Corviknight|0 fnt\n|faint|p2b: Corviknight\n|\n|win|ZKShadows\n|l|\u2606ZKShadows\n|player|p1|\n", "uploadtime": 1746128042, "views": 24, "formatid": "gen9vgc2025regibo3", "rating": null, "private": 0, "password": null}