{"id": "gen9vgc2025regibo3-2353857616", "format": "[Gen 9] VGC 2025 Reg I (Bo3)", "players": ["humanbacon", "Winged Kings"], "log": "|j|\u2606humanbacon\n|j|\u2606Winged Kings\n|html|<table width=\"100%\"><tr><td align=\"left\">humanbacon</td><td align=\"right\">Winged Kings</tr><tr><td align=\"left\"><i class=\"fa fa-circle-o\"></i> <i class=\"fa fa-circle-o\"></i> </td><td align=\"right\"><i class=\"fa fa-circle-o\"></i> <i class=\"fa fa-circle-o\"></i> </tr></table>\n|uhtml|bestof|<h2><strong>Game 1</strong> of <a href=\"/game-bestof3-gen9vgc2025regibo3-2353857615\">a best-of-3</a></h2>\n|t:|1746011195\n|gametype|doubles\n|player|p1|humanbacon|benga|1152\n|player|p2|Winged Kings|iono|1263\n|teamsize|p1|6\n|teamsize|p2|6\n|gen|9\n|tier|[Gen 9] VGC 2025 Reg I (Bo3)\n|rated|\n|rule|Species Clause: Limit one of each Pok\u00e9mon\n|rule|Item Clause: Limit 1 of each item\n|clearpoke\n|poke|p1|Calyrex-Ice, L50|\n|poke|p1|Volcarona, L50, F|\n|poke|p1|Roaring Moon, L50|\n|poke|p1|Miraidon, L50|\n|poke|p1|Ursaluna-Bloodmoon, L50, M|\n|poke|p1|Ogerpon-Cornerstone, L50, F|\n|poke|p2|Koraidon, L50|\n|poke|p2|Ho-Oh, L50|\n|poke|p2|Raging Bolt, L50|\n|poke|p2|Flutter Mane, L50|\n|poke|p2|Iron Treads, L50|\n|poke|p2|Brute Bonnet, L50|\n|teampreview|4\n|showteam|p1|Calyrex-Ice||ClearAmulet|AsOneGlastrier|GlacialLance,HighHorsepower,TrickRoom,Protect||||||50|,,,,,Fairy]Volcarona||RockyHelmet|FlameBody|FieryDance,RagePowder,WillOWisp,StruggleBug|||F|||50|,,,,,Water]Roaring Moon||BoosterEnergy|Protosynthesis|KnockOff,Acrobatics,Tailwind,Protect||||||50|,,,,,Flying]Miraidon||ChoiceSpecs|HadronEngine|ElectroDrift,VoltSwitch,DracoMeteor,DazzlingGleam||||||50|,,,,,Fairy]Ursaluna-Bloodmoon||LifeOrb|MindsEye|BloodMoon,EarthPower,VacuumWave,Protect|||M|||50|,,,,,Normal]Ogerpon-Cornerstone||CornerstoneMask|Sturdy|IvyCudgel,WoodHammer,FollowMe,SpikyShield|||F|||50|,,,,,Rock\n|showteam|p2|Koraidon||LoadedDice|OrichalcumPulse|CollisionCourse,FlareBlitz,ScaleShot,Protect||||||50|,,,,,Fire]Ho-Oh||ClearAmulet|Regenerator|BraveBird,SacredFire,Tailwind,Protect||||||50|,,,,,Grass]Raging Bolt||AssaultVest|Protosynthesis|Electroweb,DracoMeteor,Thunderclap,Snarl||||||50|,,,,,Electric]Flutter Mane||FocusSash|Protosynthesis|Moonblast,ShadowBall,IcyWind,Protect||||||50|,,,,,Stellar]Iron Treads||LifeOrb|QuarkDrive|IronHead,KnockOff,HighHorsepower,Protect||||||50|,,,,,Ghost]Brute Bonnet||CovertCloak|Protosynthesis|Spore,RagePowder,SeedBomb,SuckerPunch||||||50|,,,,,Water\n|\n|t:|1746011249\n|start\n|switch|p1a: Ogerpon|Ogerpon-Cornerstone, L50, F|100/100\n|switch|p1b: Calyrex|Calyrex-Ice, L50|100/100\n|switch|p2a: Koraidon|Koraidon, L50|100/100\n|switch|p2b: Ho-Oh|Ho-Oh, L50, shiny|100/100\n|-ability|p1b: Calyrex|As One\n|-ability|p1b: Calyrex|Unnerve\n|-weather|SunnyDay|[from] ability: Orichalcum Pulse|[of] p2a: Koraidon\n|-activate|p2a: Koraidon|Orichalcum Pulse|[source]\n|turn|1\n|\n|t:|1746011257\n|move|p1a: Ogerpon|Follow Me|p1a: Ogerpon\n|-singleturn|p1a: Ogerpon|move: Follow Me\n|move|p2a: Koraidon|Scale Shot|p1a: Ogerpon\n|-damage|p1a: Ogerpon|75/100\n|-damage|p1a: Ogerpon|52/100\n|-damage|p1a: Ogerpon|26/100\n|-damage|p1a: Ogerpon|2/100\n|-hitcount|p1a: Ogerpon|4\n|-unboost|p2a: Koraidon|def|1\n|-boost|p2a: Koraidon|spe|1\n|move|p2b: Ho-Oh|Sacred Fire|p1a: Ogerpon\n|-damage|p1a: Ogerpon|0 fnt\n|faint|p1a: Ogerpon\n|move|p1b: Calyrex|Trick Room|p1b: Calyrex\n|-fieldstart|move: Trick Room|[of] p1b: Calyrex\n|\n|-weather|SunnyDay|[upkeep]\n|upkeep\n|\n|t:|1746011271\n|switch|p1a: Ursaluna|Ursaluna-Bloodmoon, L50, M|100/100\n|turn|2\n|\n|t:|1746011285\n|-terastallize|p1b: Calyrex|Fairy\n|move|p2b: Ho-Oh|Protect|p2b: Ho-Oh\n|-singleturn|p2b: Ho-Oh|Protect\n|move|p2a: Koraidon|Protect|p2a: Koraidon\n|-singleturn|p2a: Koraidon|Protect\n|move|p1a: Ursaluna|Earth Power|p2a: Koraidon\n|-activate|p2a: Koraidon|move: Protect\n|move|p1b: Calyrex|Glacial Lance|p2a: Koraidon|[spread] \n|-activate|p2a: Koraidon|move: Protect\n|-activate|p2b: Ho-Oh|move: Protect\n|\n|-weather|SunnyDay|[upkeep]\n|upkeep\n|turn|3\n|\n|t:|1746011299\n|switch|p2a: Brute Bonnet|Brute Bonnet, L50|100/100\n|-activate|p2a: Brute Bonnet|ability: Protosynthesis\n|-start|p2a: Brute Bonnet|protosynthesisdef\n|move|p1a: Ursaluna|Blood Moon|p2b: Ho-Oh\n|-damage|p2b: Ho-Oh|46/100\n|-damage|p1a: Ursaluna|91/100|[from] item: Life Orb\n|move|p1b: Calyrex|High Horsepower|p2a: Brute Bonnet|[miss]\n|-miss|p1b: Calyrex|p2a: Brute Bonnet\n|move|p2b: Ho-Oh|Sacred Fire|p1b: Calyrex\n|-damage|p1b: Calyrex|57/100\n|\n|-weather|SunnyDay|[upkeep]\n|upkeep\n|turn|4\n|\n|t:|1746011332\n|-terastallize|p2a: Brute Bonnet|Water\n|move|p1a: Ursaluna|Protect|p1a: Ursaluna\n|-singleturn|p1a: Ursaluna|Protect\n|move|p1b: Calyrex|Protect|p1b: Calyrex\n|-singleturn|p1b: Calyrex|Protect\n|move|p2b: Ho-Oh|Protect|p2b: Ho-Oh\n|-singleturn|p2b: Ho-Oh|Protect\n|move|p2a: Brute Bonnet|Spore|p1b: Calyrex\n|-activate|p1b: Calyrex|move: Protect\n|\n|-weather|SunnyDay|[upkeep]\n|upkeep\n|turn|5\n|\n|t:|1746011344\n|switch|p2b: Iron Treads|Iron Treads, L50|100/100\n|move|p1a: Ursaluna|Blood Moon|p2a: Brute Bonnet\n|-damage|p2a: Brute Bonnet|30/100\n|-damage|p1a: Ursaluna|81/100|[from] item: Life Orb\n|move|p1b: Calyrex|Glacial Lance|p2b: Iron Treads|[spread] p2a,p2b\n|-resisted|p2a: Brute Bonnet\n|-damage|p2a: Brute Bonnet|17/100\n|-damage|p2b: Iron Treads|48/100\n|move|p2a: Brute Bonnet|Spore|p1b: Calyrex\n|-status|p1b: Calyrex|slp|[from] move: Spore\n|\n|-weather|none\n|-end|p2a: Brute Bonnet|Protosynthesis\n|-fieldend|move: Trick Room\n|upkeep\n|turn|6\n|\n|t:|1746011371\n|cant|p1b: Calyrex|slp\n|move|p1a: Ursaluna|Vacuum Wave|p2a: Brute Bonnet\n|-damage|p2a: Brute Bonnet|3/100\n|-damage|p1a: Ursaluna|72/100|[from] item: Life Orb\n|move|p2b: Iron Treads|Iron Head|p1b: Calyrex\n|-supereffective|p1b: Calyrex\n|-damage|p1b: Calyrex|0 fnt\n|faint|p1b: Calyrex\n|-damage|p2b: Iron Treads|38/100|[from] item: Life Orb\n|move|p2a: Brute Bonnet|Spore|p1a: Ursaluna\n|-status|p1a: Ursaluna|slp|[from] move: Spore\n|\n|upkeep\n|\n|t:|1746011376\n|switch|p1b: Volcarona|Volcarona, L50, F|100/100\n|turn|7\n|\n|t:|1746011394\n|cant|p1a: Ursaluna|slp\n|move|p2b: Iron Treads|Knock Off|p1a: Ursaluna\n|-damage|p1a: Ursaluna|48/100 slp\n|-enditem|p1a: Ursaluna|Life Orb|[from] move: Knock Off|[of] p2b: Iron Treads\n|-damage|p2b: Iron Treads|28/100|[from] item: Life Orb\n|move|p1b: Volcarona|Struggle Bug|p2b: Iron Treads|[spread] p2a,p2b\n|-resisted|p2b: Iron Treads\n|-damage|p2a: Brute Bonnet|0 fnt\n|-damage|p2b: Iron Treads|14/100\n|-unboost|p2b: Iron Treads|spa|1\n|faint|p2a: Brute Bonnet\n|-end|p2a: Brute Bonnet|Protosynthesis|[silent]\n|\n|upkeep\n|\n|t:|1746011405\n|switch|p2a: Ho-Oh|Ho-Oh, L50, shiny|79/100\n|turn|8\n|-message|humanbacon forfeited.\n|\n|win|Winged Kings\n||humanbacon is ready for game 2.\n||Winged Kings is ready for game 2.\n|uhtml|next|Next: <a href=\"/battle-gen9vgc2025regibo3-2353859160\"><strong>Game 2 of 3</strong></a>\n|l|\u2606humanbacon\n|player|p1|\n", "uploadtime": 1746011598, "views": 11, "formatid": "gen9vgc2025regibo3", "rating": null, "private": 0, "password": null}