{"id": "gen9vgc2025regibo3-2354396566", "format": "[Gen 9] VGC 2025 Reg I (Bo3)", "players": ["clearmomdotcom", "BunsenBonnett"], "log": "|j|\u2606clearmomdotcom\n|j|\u2606BunsenBonnett\n|html|<table width=\"100%\"><tr><td align=\"left\">clearmomdotcom</td><td align=\"right\">BunsenBonnett</tr><tr><td align=\"left\"><i class=\"fa fa-circle-o\"></i> <i class=\"fa fa-circle-o\"></i> </td><td align=\"right\"><i class=\"fa fa-circle-o\"></i> <i class=\"fa fa-circle\"></i> </tr></table>\n|uhtml|bestof|<h2><strong>Game 2</strong> of <a href=\"/game-bestof3-gen9vgc2025regibo3-2354394289\">a best-of-3</a></h2>\n|t:|1746066252\n|gametype|doubles\n|player|p1|clearmomdotcom|waitress|1422\n|player|p2|BunsenBonnett|burglar|1532\n|teamsize|p1|6\n|teamsize|p2|6\n|gen|9\n|tier|[Gen 9] VGC 2025 Reg I (Bo3)\n|rated|\n|rule|Species Clause: Limit one of each Pok\u00e9mon\n|rule|Item Clause: Limit 1 of each item\n|clearpoke\n|poke|p1|Zamazenta-*, L50|\n|poke|p1|Urshifu-*, L50, F|\n|poke|p1|Chien-Pao, L50|\n|poke|p1|Dragonite, L50, F|\n|poke|p1|Rillaboom, L50, F|\n|poke|p1|Giratina-Origin, L50|\n|poke|p2|Ho-Oh, L50|\n|poke|p2|Miraidon, L50|\n|poke|p2|Iron Hands, L50|\n|poke|p2|Farigiraf, L50, F|\n|poke|p2|Urshifu-*, L50, M|\n|poke|p2|Ursaluna, L50, F|\n|teampreview|4\n|showteam|p1|Zamazenta-Crowned||RustedShield|DauntlessShield|BodyPress,HeavySlam,WideGuard,Protect||||||50|,,,,,Ghost]Urshifu-Rapid-Strike||ChoiceScarf|UnseenFist|SurgingStrikes,CloseCombat,Uturn,AquaJet|||F|||50|,,,,,Water]Chien-Pao||FocusSash|SwordofRuin|IcicleCrash,Crunch,SuckerPunch,Protect||||||50|,,,,,Ghost]Dragonite||ChoiceBand|InnerFocus|ExtremeSpeed,Outrage,AerialAce,StompingTantrum|||F|||50|,,,,,Normal]Rillaboom||AssaultVest|GrassySurge|FakeOut,GrassyGlide,WoodHammer,Uturn|||F|||50|,,,,,Water]Giratina-Origin||GriseousCore|Levitate|ShadowSneak,DracoMeteor,Poltergeist,Protect||||||50|,,,,,Steel\n|showteam|p2|Ho-Oh||ClearAmulet|Regenerator|SacredFire,Tailwind,BraveBird,Protect||||||50|,,,,,Grass]Miraidon||ChoiceSpecs|HadronEngine|ElectroDrift,VoltSwitch,DracoMeteor,DazzlingGleam||||||50|,,,,,Fairy]Iron Hands||AssaultVest|QuarkDrive|LowKick,DrainPunch,WildCharge,FakeOut||||||50|,,,,,Water]Farigiraf||ElectricSeed|ArmorTail|FoulPlay,Psychic,TrickRoom,HelpingHand|||F|||50|,,,,,Water]Urshifu-Rapid-Strike||ChoiceScarf|UnseenFist|SurgingStrikes,CloseCombat,Uturn,RockTomb|||M|||50|,,,,,Water]Ursaluna||FlameOrb|Guts|Facade,HeadlongRush,Earthquake,Protect|||F|||50|,,,,,Poison\n|inactive|Battle timer is ON: inactive players will automatically lose when time's up. (requested by clearmomdotcom)\n|\n|t:|1746066266\n|start\n|switch|p1a: Urshifu|Urshifu-Rapid-Strike, L50, F|100/100\n|switch|p1b: Chien-Pao|Chien-Pao, L50|100/100\n|switch|p2a: Edward|Miraidon, L50|100/100\n|switch|p2b: Scar|Urshifu-Rapid-Strike, L50, M|100/100\n|-fieldstart|move: Electric Terrain|[from] ability: Hadron Engine|[of] p2a: Edward\n|-ability|p1b: Chien-Pao|Sword of Ruin\n|turn|1\n|inactive|clearmomdotcom has 30 seconds left.\n|\n|t:|1746066298\n|move|p1b: Chien-Pao|Sucker Punch|p2a: Edward\n|-damage|p2a: Edward|57/100\n|move|p2b: Scar|U-turn|p1b: Chien-Pao\n|-supereffective|p1b: Chien-Pao\n|-damage|p1b: Chien-Pao|32/100\n|\n|t:|1746066301\n|switch|p2b: Roy|Ho-Oh, L50|100/100|[from] U-turn\n|move|p1a: Urshifu|Close Combat|p2a: Edward\n|-damage|p2a: Edward|0 fnt\n|-unboost|p1a: Urshifu|def|1\n|-unboost|p1a: Urshifu|spd|1\n|faint|p2a: Edward\n|\n|upkeep\n|\n|t:|1746066305\n|switch|p2a: Scar|Urshifu-Rapid-Strike, L50, M|100/100\n|turn|2\n|\n|t:|1746066316\n|switch|p1a: Zamazenta|Zamazenta-Crowned, L50|100/100\n|-ability|p1a: Zamazenta|Dauntless Shield|boost\n|-boost|p1a: Zamazenta|def|1\n|switch|p1b: Rillaboom|Rillaboom, L50, F|100/100\n|-fieldstart|move: Grassy Terrain|[from] ability: Grassy Surge|[of] p1b: Rillaboom\n|move|p2a: Scar|Surging Strikes|p1b: Rillaboom\n|-resisted|p1b: Rillaboom\n|-crit|p1b: Rillaboom\n|-damage|p1b: Rillaboom|91/100\n|-resisted|p1b: Rillaboom\n|-crit|p1b: Rillaboom\n|-damage|p1b: Rillaboom|82/100\n|-resisted|p1b: Rillaboom\n|-crit|p1b: Rillaboom\n|-damage|p1b: Rillaboom|72/100\n|-hitcount|p1b: Rillaboom|3\n|move|p2b: Roy|Sacred Fire|p1a: Zamazenta\n|-supereffective|p1a: Zamazenta\n|-damage|p1a: Zamazenta|63/100\n|\n|-heal|p1a: Zamazenta|69/100|[from] Grassy Terrain\n|-heal|p1b: Rillaboom|78/100|[from] Grassy Terrain\n|upkeep\n|turn|3\n|inactive|clearmomdotcom has 30 seconds left.\n|\n|t:|1746066351\n|switch|p2a: Winry|Farigiraf, L50, F|100/100\n|move|p1b: Rillaboom|Grassy Glide||[still]\n|cant|p2a: Winry|ability: Armor Tail|Grassy Glide|[of] p1b: Rillaboom\n|move|p1a: Zamazenta|Body Press|p2a: Winry\n|-damage|p2a: Winry|50/100\n|move|p2b: Roy|Sacred Fire|p1a: Zamazenta\n|-supereffective|p1a: Zamazenta\n|-damage|p1a: Zamazenta|27/100\n|\n|-heal|p1a: Zamazenta|33/100|[from] Grassy Terrain\n|-heal|p1b: Rillaboom|84/100|[from] Grassy Terrain\n|-heal|p2a: Winry|56/100|[from] Grassy Terrain\n|upkeep\n|turn|4\n|inactive|clearmomdotcom has 30 seconds left.\n|\n|t:|1746066378\n|move|p1a: Zamazenta|Body Press|p2a: Winry\n|-damage|p2a: Winry|3/100\n|move|p2b: Roy|Brave Bird|p1b: Rillaboom\n|-supereffective|p1b: Rillaboom\n|-damage|p1b: Rillaboom|0 fnt\n|faint|p1b: Rillaboom\n|-damage|p2b: Roy|74/100|[from] Recoil\n|move|p2a: Winry|Trick Room|p2a: Winry\n|-fieldstart|move: Trick Room|[of] p2a: Winry\n|\n|-heal|p2a: Winry|9/100|[from] Grassy Terrain\n|-heal|p1a: Zamazenta|40/100|[from] Grassy Terrain\n|upkeep\n|\n|t:|1746066386\n|switch|p1b: Urshifu|Urshifu-Rapid-Strike, L50, F|100/100\n|turn|5\n|\n|t:|1746066408\n|-terastallize|p1b: Urshifu|Water\n|move|p2a: Winry|Psychic|p1b: Urshifu\n|-damage|p1b: Urshifu|44/100\n|move|p2b: Roy|Brave Bird|p1b: Urshifu\n|-damage|p1b: Urshifu|0 fnt\n|faint|p1b: Urshifu\n|-damage|p2b: Roy|62/100|[from] Recoil\n|move|p1a: Zamazenta|Body Press|p2a: Winry\n|-damage|p2a: Winry|0 fnt\n|faint|p2a: Winry\n|\n|-heal|p1a: Zamazenta|46/100|[from] Grassy Terrain\n|upkeep\n|\n|t:|1746066414\n|switch|p2a: Scar|Urshifu-Rapid-Strike, L50, M|100/100\n|switch|p1b: Chien-Pao|Chien-Pao, L50|32/100\n|-ability|p1b: Chien-Pao|Sword of Ruin\n|turn|6\n|\n|t:|1746066431\n|move|p2b: Roy|Brave Bird|p1b: Chien-Pao\n|-crit|p1b: Chien-Pao\n|-damage|p1b: Chien-Pao|0 fnt\n|faint|p1b: Chien-Pao\n|-damage|p2b: Roy|54/100|[from] Recoil\n|move|p1a: Zamazenta|Body Press|p2a: Scar\n|-damage|p2a: Scar|32/100\n|move|p2a: Scar|Surging Strikes|p1a: Zamazenta\n|-crit|p1a: Zamazenta\n|-damage|p1a: Zamazenta|33/100\n|-crit|p1a: Zamazenta\n|-damage|p1a: Zamazenta|21/100\n|-crit|p1a: Zamazenta\n|-damage|p1a: Zamazenta|9/100\n|-hitcount|p1a: Zamazenta|3\n|\n|-heal|p1a: Zamazenta|15/100|[from] Grassy Terrain\n|-heal|p2a: Scar|38/100|[from] Grassy Terrain\n|-fieldend|move: Grassy Terrain\n|upkeep\n|turn|7\n|-message|clearmomdotcom forfeited.\n|\n|win|BunsenBonnett\n|raw|clearmomdotcom's rating: 1422 &rarr; <strong>1408</strong><br />(-14 for losing)\n|raw|BunsenBonnett's rating: 1532 &rarr; <strong>1546</strong><br />(+14 for winning)\n|l|\u2606clearmomdotcom\n|player|p1|\n|l|\u2606BunsenBonnett\n|player|p2|\n", "uploadtime": 1746066730, "views": 13, "formatid": "gen9vgc2025regibo3", "rating": 1408, "private": 0, "password": null}