{"id": "gen9vgc2025regibo3-2354876604", "format": "[Gen 9] VGC 2025 Reg I (Bo3)", "players": ["soulbourner", "gearonacid"], "log": "|j|\u2606soulbourner\n|j|\u2606gearonacid\n|html|<table width=\"100%\"><tr><td align=\"left\">soulbourner</td><td align=\"right\">gearonacid</tr><tr><td align=\"left\"><i class=\"fa fa-circle-o\"></i> <i class=\"fa fa-circle-o\"></i> </td><td align=\"right\"><i class=\"fa fa-circle-o\"></i> <i class=\"fa fa-circle-o\"></i> </tr></table>\n|uhtml|bestof|<h2><strong>Game 1</strong> of <a href=\"/game-bestof3-gen9vgc2025regibo3-2354876603\">a best-of-3</a></h2>\n|t:|1746127620\n|gametype|doubles\n|player|p1|soulbourner|1|1167\n|player|p2|gearonacid|caitlin|1096\n|teamsize|p1|6\n|teamsize|p2|6\n|gen|9\n|tier|[Gen 9] VGC 2025 Reg I (Bo3)\n|rated|\n|rule|Species Clause: Limit one of each Pok\u00e9mon\n|rule|Item Clause: Limit 1 of each item\n|clearpoke\n|poke|p1|Koraidon, L50|\n|poke|p1|Calyrex-Shadow, L50|\n|poke|p1|Weezing-Galar, L50, M|\n|poke|p1|Incineroar, L50, F|\n|poke|p1|Dondozo, L50, F|\n|poke|p1|Tatsugiri-Droopy, L50, M|\n|poke|p2|Ho-Oh, L50|\n|poke|p2|Terapagos, L50, M|\n|poke|p2|Glimmora, L50, M|\n|poke|p2|Rillaboom, L50, M|\n|poke|p2|Incineroar, L50, F|\n|poke|p2|Scream Tail, L50|\n|teampreview|4\n|showteam|p1|Koraidon||AbilityShield|OrichalcumPulse|CloseCombat,FlareBlitz,FlameCharge,Protect||||||50|,,,,,Fire]Calyrex-Shadow||LifeOrb|AsOneSpectrier|AstralBarrage,Psychic,Imprison,Protect||||||50|,,,,,Fire]Weezing-Galar||CovertCloak|NeutralizingGas|PoisonGas,StrangeSteam,ToxicSpikes,Protect|||M|||50|,,,,,Dark]Incineroar||SafetyGoggles|Intimidate|KnockOff,FlareBlitz,PartingShot,FakeOut|||F|||50|,,,,,Ghost]Dondozo||Leftovers|Unaware|BodyPress,Earthquake,Rest,SleepTalk|||F|||50|,,,,,Electric]Tatsugiri-Droopy||FocusSash|Commander|DracoMeteor,MuddyWater,HelpingHand,Protect|||M|||50|,,,,,Stellar\n|showteam|p2|Ho-Oh||ClearAmulet|Regenerator|SacredFire,BraveBird,Tailwind,Protect||||||50|,,,,,Grass]Terapagos||Leftovers|TeraShift|TeraStarstorm,CalmMind,Substitute,Protect|||M|||50|,,,,,Stellar]Glimmora||FocusSash|ToxicDebris|MortalSpin,SludgeBomb,EarthPower,SpikyShield|||M|||50|,,,,,Ground]Rillaboom||AssaultVest|GrassySurge|FakeOut,GrassyGlide,WoodHammer,HighHorsepower|||M|||50|,,,,,Fire]Incineroar||RockyHelmet|Intimidate|FakeOut,KnockOff,Taunt,PartingShot|||F|||50|,,,,,Water]Scream Tail||BoosterEnergy|Protosynthesis|DazzlingGleam,Encore,Disable,Protect||||||50|,,,,,Dark\n|inactive|Battle timer is ON: inactive players will automatically lose when time's up. (requested by soulbourner)\n|\n|t:|1746127690\n|start\n|switch|p1a: Koraidon|Koraidon, L50|100/100\n|switch|p1b: Weezing|Weezing-Galar, L50, M|100/100\n|switch|p2a: Ho-Oh|Ho-Oh, L50|100/100\n|switch|p2b: Incineroar|Incineroar, L50, F|100/100\n|-ability|p1b: Weezing|Neutralizing Gas\n|-block|p1a: Koraidon|item: Ability Shield\n|-weather|SunnyDay|[from] ability: Orichalcum Pulse|[of] p1a: Koraidon\n|-activate|p1a: Koraidon|Orichalcum Pulse|[source]\n|turn|1\n|inactive|soulbourner has 30 seconds left.\n|\n|t:|1746127720\n|-terastallize|p1b: Weezing|Dark\n|move|p1a: Koraidon|Protect|p1a: Koraidon\n|-singleturn|p1a: Koraidon|Protect\n|move|p2b: Incineroar|Fake Out|p1b: Weezing\n|-damage|p1b: Weezing|94/100\n|move|p2a: Ho-Oh|Tailwind|p2a: Ho-Oh\n|-sidestart|p2: gearonacid|move: Tailwind\n|move|p1b: Weezing|Poison Gas|p2a: Ho-Oh|[spread] p2a,p2b\n|-status|p2a: Ho-Oh|psn\n|-status|p2b: Incineroar|psn\n|\n|-weather|SunnyDay|[upkeep]\n|-damage|p2a: Ho-Oh|88/100 psn|[from] psn\n|-damage|p2b: Incineroar|88/100 psn|[from] psn\n|upkeep\n|turn|2\n|inactive|soulbourner has 30 seconds left.\n|inactive|gearonacid has 30 seconds left.\n|inactive|soulbourner has 20 seconds left.\n|\n|t:|1746127759\n|move|p1b: Weezing|Protect|p1b: Weezing\n|-singleturn|p1b: Weezing|Protect\n|move|p2a: Ho-Oh|Brave Bird|p1a: Koraidon\n|-supereffective|p1a: Koraidon\n|-damage|p1a: Koraidon|0 fnt\n|faint|p1a: Koraidon\n|-damage|p2a: Ho-Oh|61/100 psn|[from] Recoil\n|move|p2b: Incineroar|Taunt|p1b: Weezing\n|-activate|p1b: Weezing|move: Protect\n|\n|-weather|SunnyDay|[upkeep]\n|-damage|p2a: Ho-Oh|49/100 psn|[from] psn\n|-damage|p2b: Incineroar|76/100 psn|[from] psn\n|upkeep\n|\n|t:|1746127774\n|switch|p1a: Tatsugiri|Tatsugiri-Droopy, L50, M|100/100\n|turn|3\n|\n|t:|1746127788\n|move|p2a: Ho-Oh|Protect|p2a: Ho-Oh\n|-singleturn|p2a: Ho-Oh|Protect\n|move|p1a: Tatsugiri|Protect|p1a: Tatsugiri\n|-singleturn|p1a: Tatsugiri|Protect\n|move|p2b: Incineroar|Parting Shot|p1b: Weezing\n|-unboost|p1b: Weezing|atk|1\n|-unboost|p1b: Weezing|spa|1\n|\n|t:|1746127797\n|switch|p2b: Terapagos|Terapagos, L50, M|100/100|[from] Parting Shot\n|-activate|p2b: Terapagos|ability: Tera Shift\n|detailschange|p2b: Terapagos|Terapagos-Terastal, L50, M\n|-heal|p2b: Terapagos|100/100|[silent]\n|move|p1b: Weezing|Toxic Spikes|p2b: Terapagos\n|-sidestart|p2: gearonacid|move: Toxic Spikes\n|\n|-weather|SunnyDay|[upkeep]\n|-damage|p2a: Ho-Oh|36/100 psn|[from] psn\n|upkeep\n|turn|4\n|inactive|soulbourner has 30 seconds left.\n|\n|t:|1746127832\n|switch|p2a: Glimmora|Glimmora, L50, M|100/100\n|-sideend|p2: gearonacid|move: Toxic Spikes|[of] p2a: Glimmora\n|move|p1a: Tatsugiri|Protect||[still]\n|-fail|p1a: Tatsugiri\n|move|p2b: Terapagos|Substitute|p2b: Terapagos\n|-start|p2b: Terapagos|Substitute\n|-damage|p2b: Terapagos|75/100\n|move|p1b: Weezing|Poison Gas||[still]|[spread] p2a,p2b\n|-fail|p1b: Weezing\n|-immune|p2a: Glimmora\n|\n|-weather|SunnyDay|[upkeep]\n|-heal|p2b: Terapagos|82/100|[from] item: Leftovers\n|-sideend|p2: gearonacid|move: Tailwind\n|upkeep\n|turn|5\n|inactive|soulbourner has 30 seconds left.\n|\n|t:|1746127861\n|move|p1a: Tatsugiri|Protect|p1a: Tatsugiri\n|-singleturn|p1a: Tatsugiri|Protect\n|move|p2a: Glimmora|Mortal Spin|p1b: Weezing|[spread] p1b\n|-activate|p1a: Tatsugiri|move: Protect\n|-damage|p1b: Weezing|90/100\n|move|p2b: Terapagos|Calm Mind|p2b: Terapagos\n|-boost|p2b: Terapagos|spa|1\n|-boost|p2b: Terapagos|spd|1\n|move|p1b: Weezing|Toxic Spikes|p2b: Terapagos\n|-sidestart|p2: gearonacid|move: Toxic Spikes\n|\n|-weather|none\n|-heal|p2b: Terapagos|88/100|[from] item: Leftovers\n|upkeep\n|turn|6\n|inactive|soulbourner has 30 seconds left.\n|\n|t:|1746127889\n|move|p2a: Glimmora|Mortal Spin|p1a: Tatsugiri|[spread] p1a,p1b\n|-damage|p1a: Tatsugiri|91/100\n|-damage|p1b: Weezing|87/100\n|-status|p1a: Tatsugiri|psn\n|-sideend|p2: gearonacid|Toxic Spikes|[from] move: Mortal Spin|[of] p2a: Glimmora\n|move|p1a: Tatsugiri|Draco Meteor|p2a: Glimmora\n|-enditem|p2a: Glimmora|Focus Sash\n|-damage|p2a: Glimmora|1/100\n|-unboost|p1a: Tatsugiri|spa|2\n|move|p2b: Terapagos|Calm Mind|p2b: Terapagos\n|-boost|p2b: Terapagos|spa|1\n|-boost|p2b: Terapagos|spd|1\n|move|p1b: Weezing|Strange Steam|p2b: Terapagos\n|-activate|p2b: Terapagos|move: Substitute|[damage]\n|\n|-heal|p2b: Terapagos|94/100|[from] item: Leftovers\n|-damage|p1a: Tatsugiri|79/100 psn|[from] psn\n|upkeep\n|turn|7\n|inactive|gearonacid has 30 seconds left.\n|inactive|gearonacid has 20 seconds left.\n|inactive|gearonacid has 15 seconds left.\n|inactive|gearonacid has 10 seconds left.\n|\n|t:|1746127934\n|switch|p2a: Incineroar|Incineroar, L50, F|76/100 psn\n|move|p1a: Tatsugiri|Protect|p1a: Tatsugiri\n|-singleturn|p1a: Tatsugiri|Protect\n|move|p2b: Terapagos|Calm Mind|p2b: Terapagos\n|-boost|p2b: Terapagos|spa|1\n|-boost|p2b: Terapagos|spd|1\n|move|p1b: Weezing|Strange Steam|p2a: Incineroar\n|-damage|p2a: Incineroar|63/100 psn\n|\n|-heal|p2b: Terapagos|100/100|[from] item: Leftovers\n|-damage|p1a: Tatsugiri|66/100 psn|[from] psn\n|-damage|p2a: Incineroar|51/100 psn|[from] psn\n|upkeep\n|turn|8\n|inactive|gearonacid has 30 seconds left.\n|\n|t:|1746127962\n|-end|p1b: Weezing|ability: Neutralizing Gas\n|-ability|p2a: Incineroar|Intimidate|boost\n|-unboost|p1a: Tatsugiri|atk|1\n|-unboost|p1b: Weezing|atk|1\n|switch|p1b: Dondozo|Dondozo, L50, F|100/100\n|-activate|p1a: Tatsugiri|ability: Commander|[of] p1b: Dondozo\n|-boost|p1b: Dondozo|atk|2\n|-boost|p1b: Dondozo|spa|2\n|-boost|p1b: Dondozo|spe|2\n|-boost|p1b: Dondozo|def|2\n|-boost|p1b: Dondozo|spd|2\n|-terastallize|p2b: Terapagos|Stellar\n|detailschange|p2b: Terapagos|Terapagos-Stellar, L50, M, tera:Stellar\n|-heal|p2b: Terapagos|100/100|[silent]\n|move|p2b: Terapagos|Tera Starstorm|p1b: Dondozo|[spread] p1b\n|-miss|p2b: Terapagos|p1a: Tatsugiri\n|-damage|p1b: Dondozo|83/100\n|move|p2a: Incineroar|Knock Off|p1b: Dondozo\n|-damage|p1b: Dondozo|73/100\n|-enditem|p1b: Dondozo|Leftovers|[from] move: Knock Off|[of] p2a: Incineroar\n|\n|-damage|p1a: Tatsugiri|54/100 psn|[from] psn\n|-damage|p2a: Incineroar|39/100 psn|[from] psn\n|upkeep\n|turn|9\n|inactive|soulbourner has 30 seconds left.\n|inactive|gearonacid has 30 seconds left.\n|\n|t:|1746127992\n|move|p2b: Terapagos|Protect|p2b: Terapagos\n|-singleturn|p2b: Terapagos|Protect\n|move|p1b: Dondozo|Earthquake|p2a: Incineroar|[spread] p2a\n|-miss|p1b: Dondozo|p1a: Tatsugiri\n|-activate|p2b: Terapagos|move: Protect\n|-supereffective|p2a: Incineroar\n|-damage|p2a: Incineroar|0 fnt\n|faint|p2a: Incineroar\n|\n|-damage|p1a: Tatsugiri|41/100 psn|[from] psn\n|upkeep\n|\n|t:|1746128004\n|switch|p2a: Ho-Oh|Ho-Oh, L50|36/100 psn\n|turn|10\n|\n|t:|1746128022\n|move|p1b: Dondozo|Body Press|p2a: Ho-Oh\n|-resisted|p2a: Ho-Oh\n|-damage|p2a: Ho-Oh|12/100 psn\n|move|p2a: Ho-Oh|Tailwind|p2a: Ho-Oh\n|-sidestart|p2: gearonacid|move: Tailwind\n|move|p2b: Terapagos|Tera Starstorm|p1b: Dondozo|[spread] p1b\n|-miss|p2b: Terapagos|p1a: Tatsugiri\n|-damage|p1b: Dondozo|56/100\n|\n|-damage|p2a: Ho-Oh|0 fnt|[from] psn\n|faint|p2a: Ho-Oh\n|-damage|p1a: Tatsugiri|29/100 psn|[from] psn\n|upkeep\n|\n|t:|1746128035\n|switch|p2a: Glimmora|Glimmora, L50, M|1/100\n|turn|11\n|\n|t:|1746128044\n|move|p2a: Glimmora|Mortal Spin|p1b: Dondozo|[spread] p1b\n|-miss|p2a: Glimmora|p1a: Tatsugiri\n|-damage|p1b: Dondozo|55/100\n|-status|p1b: Dondozo|psn\n|move|p2b: Terapagos|Tera Starstorm|p1a: Tatsugiri|[spread] p1b\n|-miss|p2b: Terapagos|p1a: Tatsugiri\n|-damage|p1b: Dondozo|39/100 psn\n|move|p1b: Dondozo|Earthquake|p2b: Terapagos|[spread] p2a,p2b\n|-miss|p1b: Dondozo|p1a: Tatsugiri\n|-crit|p2b: Terapagos\n|-end|p2b: Terapagos|Substitute\n|-supereffective|p2a: Glimmora\n|-damage|p2a: Glimmora|0 fnt\n|-activate|p2a: Glimmora|ability: Toxic Debris\n|-sidestart|p1: soulbourner|move: Toxic Spikes\n|faint|p2a: Glimmora\n|\n|-damage|p1b: Dondozo|27/100 psn|[from] psn\n|-damage|p1a: Tatsugiri|16/100 psn|[from] psn\n|upkeep\n|turn|12\n|inactive|gearonacid has 30 seconds left.\n|\n|t:|1746128074\n|move|p2b: Terapagos|Tera Starstorm|p1b: Dondozo|[spread] p1b\n|-miss|p2b: Terapagos|p1a: Tatsugiri\n|-damage|p1b: Dondozo|10/100 psn\n|move|p1b: Dondozo|Rest|p1b: Dondozo\n|-status|p1b: Dondozo|slp|[from] move: Rest\n|-heal|p1b: Dondozo|100/100 slp|[silent]\n|\n|-damage|p1a: Tatsugiri|4/100 psn|[from] psn\n|upkeep\n|turn|13\n|\n|t:|1746128087\n|move|p2b: Terapagos|Substitute|p2b: Terapagos\n|-start|p2b: Terapagos|Substitute\n|-damage|p2b: Terapagos|76/100\n|cant|p1b: Dondozo|slp\n|move|p1b: Dondozo|Sleep Talk|p1b: Dondozo\n|move|p1b: Dondozo|Rest||[from] move: Sleep Talk|[still]\n|-fail|p1b: Dondozo\n|\n|-heal|p2b: Terapagos|82/100|[from] item: Leftovers\n|-damage|p1a: Tatsugiri|0 fnt|[from] psn\n|faint|p1a: Tatsugiri\n|-sideend|p2: gearonacid|move: Tailwind\n|upkeep\n|\n|t:|1746128101\n|switch|p1a: Weezing|Weezing-Galar, L50, M, tera:Dark|87/100\n|-ability|p1a: Weezing|Neutralizing Gas\n|-status|p1a: Weezing|psn\n|turn|14\n|-message|gearonacid forfeited.\n|\n|win|soulbourner\n|l|\u2606gearonacid\n|player|p2|\n||gearonacid is ready for game 2.\n||soulbourner is ready for game 2.\n|uhtml|next|Next: <a href=\"/battle-gen9vgc2025regibo3-2354881809\"><strong>Game 2 of 3</strong></a>\n", "uploadtime": 1746128233, "views": 5, "formatid": "gen9vgc2025regibo3", "rating": null, "private": 0, "password": null}