{"id": "gen9vgc2025regibo3-2354326848", "format": "[Gen 9] VGC 2025 Reg I (Bo3)", "players": ["GryffindorAle", "8bitbidoof"], "log": "|j|\u2606GryffindorAle\n|j|\u26068bitbidoof\n|html|<table width=\"100%\"><tr><td align=\"left\">GryffindorAle</td><td align=\"right\">8bitbidoof</tr><tr><td align=\"left\"><i class=\"fa fa-circle-o\"></i> <i class=\"fa fa-circle-o\"></i> </td><td align=\"right\"><i class=\"fa fa-circle-o\"></i> <i class=\"fa fa-circle-o\"></i> </tr></table>\n|uhtml|bestof|<h2><strong>Game 1</strong> of <a href=\"/game-bestof3-gen9vgc2025regibo3-2354326847\">a best-of-3</a></h2>\n|t:|1746057749\n|gametype|doubles\n|player|p1|GryffindorAle|steven|1322\n|player|p2|8bitbidoof|169|1287\n|teamsize|p1|6\n|teamsize|p2|6\n|gen|9\n|tier|[Gen 9] VGC 2025 Reg I (Bo3)\n|rated|\n|rule|Species Clause: Limit one of each Pok\u00e9mon\n|rule|Item Clause: Limit 1 of each item\n|clearpoke\n|poke|p1|Zacian-*, L50|\n|poke|p1|Kyogre, L50|\n|poke|p1|Tornadus, L50, M|\n|poke|p1|Rillaboom, L50, M|\n|poke|p1|Urshifu-*, L50, M|\n|poke|p1|Ditto, L50|\n|poke|p2|Koraidon, L50|\n|poke|p2|Flutter Mane, L50|\n|poke|p2|Brute Bonnet, L50|\n|poke|p2|Chi-Yu, L50|\n|poke|p2|Lunala, L50|\n|poke|p2|Ursaluna, L50, F|\n|teampreview|4\n|showteam|p1|Zacian-Crowned||RustedSword|IntrepidSword|behemothblade,PlayRough,SacredSword,Protect||||||50|,,,,,Water]Kyogre||MysticWater|Drizzle|WaterSpout,OriginPulse,IceBeam,Protect||||||50|,,,,,Grass]Tornadus||CovertCloak|Prankster|Tailwind,BleakwindStorm,Taunt,RainDance|||M|||50|,,,,,Dark]Rillaboom||AssaultVest|GrassySurge|GrassyGlide,FakeOut,WoodHammer,Uturn|||M|||50|,,,,,Fire]Urshifu-Rapid-Strike||ChoiceScarf|UnseenFist|SurgingStrikes,CloseCombat,AquaJet,Uturn|||M|||50|,,,,,Water]Ditto||FocusSash|Imposter|Transform||||||50|,,,,,Ghost\n|showteam|p2|Koraidon||ClearAmulet|OrichalcumPulse|FlareBlitz,CollisionCourse,FlameCharge,Protect||||||50|,,,,,Fire]Flutter Mane||FocusSash|Protosynthesis|Moonblast,ShadowBall,IcyWind,Protect||||||50|,,,,,Normal]Brute Bonnet||CovertCloak|Protosynthesis|SeedBomb,SuckerPunch,Spore,RagePowder||||||50|,,,,,Water]Chi-Yu||ChoiceScarf|BeadsofRuin|HeatWave,DarkPulse,Overheat,Snarl||||||50|,,,,,Ghost]Lunala||PowerHerb|ShadowShield|MoongeistBeam,MeteorBeam,WideGuard,TrickRoom||||||50|,,,,,Normal]Ursaluna||FlameOrb|Guts|Facade,HeadlongRush,Earthquake,Protect|||F|||50|,,,,,Water\n|inactive|Battle timer is ON: inactive players will automatically lose when time's up. (requested by 8bitbidoof)\n|inactive|GryffindorAle has 60 seconds left.\n|inactive|8bitbidoof has 60 seconds left.\n|inactive|GryffindorAle has 30 seconds left.\n|\n|t:|1746057817\n|start\n|switch|p1a: Rillaboom|Rillaboom, L50, M|100/100\n|switch|p1b: Zacian|Zacian-Crowned, L50|100/100\n|switch|p2a: Lunala|Lunala, L50|100/100\n|switch|p2b: Brute Bonnet|Brute Bonnet, L50|100/100\n|-ability|p1b: Zacian|Intrepid Sword|boost\n|-boost|p1b: Zacian|atk|1\n|-fieldstart|move: Grassy Terrain|[from] ability: Grassy Surge|[of] p1a: Rillaboom\n|turn|1\n|inactive|8bitbidoof has 30 seconds left.\n|inactive|GryffindorAle has 30 seconds left.\n|\n|t:|1746057859\n|move|p1b: Zacian|Protect|p1b: Zacian\n|-singleturn|p1b: Zacian|Protect\n|move|p2a: Lunala|Meteor Beam||[still]\n|-prepare|p2a: Lunala|Meteor Beam\n|-boost|p2a: Lunala|spa|1\n|-enditem|p2a: Lunala|Power Herb\n|-anim|p2a: Lunala|Meteor Beam|p1a: Rillaboom\n|-damage|p1a: Rillaboom|51/100\n|move|p1a: Rillaboom|Wood Hammer|p2a: Lunala\n|-damage|p2a: Lunala|64/100\n|-damage|p1a: Rillaboom|37/100|[from] Recoil\n|move|p2b: Brute Bonnet|Spore|p1b: Zacian\n|-activate|p1b: Zacian|move: Protect\n|\n|-heal|p2a: Lunala|70/100|[from] Grassy Terrain\n|-heal|p1a: Rillaboom|43/100|[from] Grassy Terrain\n|upkeep\n|turn|2\n|inactive|GryffindorAle has 30 seconds left.\n|inactive|8bitbidoof has 30 seconds left.\n|inactive|GryffindorAle has 20 seconds left.\n|inactive|GryffindorAle has 15 seconds left.\n|inactive|GryffindorAle has 10 seconds left.\n|\n|t:|1746057908\n|move|p1b: Zacian|Behemoth Blade|p2b: Brute Bonnet\n|-crit|p2b: Brute Bonnet\n|-damage|p2b: Brute Bonnet|26/100\n|move|p2a: Lunala|Moongeist Beam|p1a: Rillaboom\n|-damage|p1a: Rillaboom|0 fnt\n|faint|p1a: Rillaboom\n|move|p2b: Brute Bonnet|Spore|p1b: Zacian\n|-status|p1b: Zacian|slp|[from] move: Spore\n|\n|-heal|p2a: Lunala|76/100|[from] Grassy Terrain\n|-heal|p2b: Brute Bonnet|32/100|[from] Grassy Terrain\n|upkeep\n|\n|t:|1746057919\n|switch|p1a: Urshifu|Urshifu-Rapid-Strike, L50, M|100/100\n|turn|3\n|\n|t:|1746057938\n|move|p2b: Brute Bonnet|Rage Powder|p2b: Brute Bonnet\n|-singleturn|p2b: Brute Bonnet|move: Rage Powder\n|move|p1a: Urshifu|Close Combat|p2b: Brute Bonnet\n|-supereffective|p2b: Brute Bonnet\n|-damage|p2b: Brute Bonnet|0 fnt\n|-unboost|p1a: Urshifu|def|1\n|-unboost|p1a: Urshifu|spd|1\n|faint|p2b: Brute Bonnet\n|-end|p2b: Brute Bonnet|Protosynthesis|[silent]\n|cant|p1b: Zacian|slp\n|move|p2a: Lunala|Moongeist Beam|p1a: Urshifu\n|-damage|p1a: Urshifu|0 fnt\n|faint|p1a: Urshifu\n|\n|-heal|p2a: Lunala|83/100|[from] Grassy Terrain\n|upkeep\n|\n|t:|1746057952\n|switch|p1a: Ditto|Ditto, L50|100/100\n|switch|p2b: Flutter Mane|Flutter Mane, L50|100/100\n|-transform|p1a: Ditto|p2b: Flutter Mane|[from] ability: Imposter\n|turn|4\n|inactive|8bitbidoof has 30 seconds left.\n|inactive|8bitbidoof has 20 seconds left.\n|inactive|8bitbidoof has 15 seconds left.\n|inactive|8bitbidoof has 10 seconds left.\n|inactive|8bitbidoof has 5 seconds left.\n|inactive|GryffindorAle has 30 seconds left.\n|\n|t:|1746058012\n|cant|p1b: Zacian|slp\n|move|p2b: Flutter Mane|Moonblast|p1a: Ditto\n|-damage|p1a: Ditto|58/100\n|move|p1a: Ditto|Shadow Ball|p2a: Lunala\n|-supereffective|p2a: Lunala\n|-damage|p2a: Lunala|0 fnt\n|faint|p2a: Lunala\n|\n|-heal|p1a: Ditto|64/100|[from] Grassy Terrain\n|upkeep\n|\n|t:|1746058016\n|switch|p2a: Koraidon|Koraidon, L50|100/100\n|-weather|SunnyDay|[from] ability: Orichalcum Pulse|[of] p2a: Koraidon\n|-activate|p2b: Flutter Mane|ability: Protosynthesis\n|-start|p2b: Flutter Mane|protosynthesisspe\n|-activate|p2a: Koraidon|Orichalcum Pulse|[source]\n|turn|5\n|inactive|GryffindorAle has 30 seconds left.\n|inactive|GryffindorAle has 20 seconds left.\n|\n|t:|1746058052\n|-terastallize|p1b: Zacian|Water\n|move|p1a: Ditto|Protect|p1a: Ditto\n|-singleturn|p1a: Ditto|Protect\n|move|p2a: Koraidon|Protect|p2a: Koraidon\n|-singleturn|p2a: Koraidon|Protect\n|move|p2b: Flutter Mane|Icy Wind|p1a: Ditto|[spread] p1b\n|-activate|p1a: Ditto|move: Protect\n|-resisted|p1b: Zacian\n|-damage|p1b: Zacian|93/100 slp\n|-unboost|p1b: Zacian|spe|1\n|cant|p1b: Zacian|slp\n|\n|-weather|SunnyDay|[upkeep]\n|-heal|p1a: Ditto|70/100|[from] Grassy Terrain\n|-heal|p1b: Zacian|99/100 slp|[from] Grassy Terrain\n|-fieldend|move: Grassy Terrain\n|upkeep\n|turn|6\n|inactive|8bitbidoof has 30 seconds left.\n|inactive|8bitbidoof has 20 seconds left.\n|inactive|8bitbidoof has 15 seconds left.\n|\n|t:|1746058092\n|-terastallize|p2a: Koraidon|Fire\n|move|p2b: Flutter Mane|Shadow Ball|p1b: Zacian\n|-damage|p1b: Zacian|62/100 slp\n|-unboost|p1b: Zacian|spd|1\n|move|p1a: Ditto|Moonblast|p2b: Flutter Mane\n|-damage|p2b: Flutter Mane|46/100\n|move|p2a: Koraidon|Flame Charge|p1a: Ditto\n|-damage|p1a: Ditto|0 fnt\n|-boost|p2a: Koraidon|spe|1\n|faint|p1a: Ditto\n|-end|p1a: Ditto|Protosynthesis|[silent]\n|-curestatus|p1b: Zacian|slp|[msg]\n|move|p1b: Zacian|Behemoth Blade|p2b: Flutter Mane\n|-supereffective|p2b: Flutter Mane\n|-damage|p2b: Flutter Mane|0 fnt\n|faint|p2b: Flutter Mane\n|-end|p2b: Flutter Mane|Protosynthesis|[silent]\n|\n|-weather|SunnyDay|[upkeep]\n|upkeep\n|turn|7\n|\n|t:|1746058109\n|move|p2a: Koraidon|Collision Course|p1b: Zacian\n|-damage|p1b: Zacian|0 fnt\n|faint|p1b: Zacian\n|\n|win|8bitbidoof\n||GryffindorAle is ready for game 2.\n", "uploadtime": 1746058114, "views": 27, "formatid": "gen9vgc2025regibo3", "rating": null, "private": 0, "password": null}