{"id": "gen9vgc2025regibo3-2354932042", "format": "[Gen 9] VGC 2025 Reg I (Bo3)", "players": ["Semiau", "giraldo576"], "log": "|j|\u2606Semiau\n|j|\u2606giraldo576\n|html|<table width=\"100%\"><tr><td align=\"left\">Semiau</td><td align=\"right\">giraldo576</tr><tr><td align=\"left\"><i class=\"fa fa-circle\"></i> <i class=\"fa fa-circle-o\"></i> </td><td align=\"right\"><i class=\"fa fa-circle-o\"></i> <i class=\"fa fa-circle\"></i> </tr></table>\n|uhtml|bestof|<h2><strong>Game 3</strong> of <a href=\"/game-bestof3-gen9vgc2025regibo3-2354926911\">a best-of-3</a></h2>\n|t:|1746133023\n|gametype|doubles\n|player|p1|Semiau|266|1195\n|player|p2|giraldo576|101|1093\n|teamsize|p1|6\n|teamsize|p2|6\n|gen|9\n|tier|[Gen 9] VGC 2025 Reg I (Bo3)\n|rated|\n|rule|Species Clause: Limit one of each Pok\u00e9mon\n|rule|Item Clause: Limit 1 of each item\n|clearpoke\n|poke|p1|Terapagos, L50, M|\n|poke|p1|Clefairy, L50, M|\n|poke|p1|Latios, L50, M|\n|poke|p1|Rillaboom, L50, F|\n|poke|p1|Grimmsnarl, L50, M|\n|poke|p1|Zamazenta-*, L50|\n|poke|p2|Kyogre, L50|\n|poke|p2|Rillaboom, L50, F|\n|poke|p2|Ogerpon-Wellspring, L50, F|\n|poke|p2|Tornadus, L50, M|\n|poke|p2|Calyrex-Shadow, L50|\n|poke|p2|Landorus, L50, M|\n|teampreview|4\n|showteam|p1|Terapagos||Leftovers|TeraShift|TeraStarstorm,EarthPower,Protect,CalmMind|||M|||50|,,,,,Stellar]Clefairy||Eviolite|FriendGuard|BatonPass,CosmicPower,FollowMe,HelpingHand|||M|||50|,,,,,Fairy]Latios||SoulDew|Levitate|DracoMeteor,Tailwind,SimpleBeam,PsychicNoise|||M|||50|,,,,,Bug]Rillaboom||AssaultVest|GrassySurge|GrassyGlide,FakeOut,WoodHammer,Uturn|||F|||50|,,,,,Fire]Grimmsnarl||LightBall|Prankster|PartingShot,FoulPlay,LightScreen,Reflect|||M|||50|,,,,,Dark]Zamazenta-Crowned||RustedShield|DauntlessShield|BodyPress,Coaching,WideGuard,Protect||||||50|,,,,,Dragon\n|showteam|p2|Kyogre||AssaultVest|Drizzle|WaterSpout,IceBeam,OriginPulse,Thunder||||||50|,,,,,Grass]Rillaboom||Leftovers|GrassySurge|GrassyGlide,FakeOut,WoodHammer,Uturn|||F|||50|,,,,,Grass]Ogerpon-Wellspring||WellspringMask|WaterAbsorb|FollowMe,IvyCudgel,SpikyShield,Encore|||F|||50|,,,,,Water]Tornadus||CovertCloak|Prankster|RainDance,Taunt,Tailwind,BleakwindStorm|||M|||50|,,,,,Dark]Calyrex-Shadow||FocusSash|AsOneSpectrier|NastyPlot,Protect,AstralBarrage,Psyshock||||||50|,,,,,Steel]Landorus||LifeOrb|SheerForce|SandsearStorm,Protect,SludgeBomb,NastyPlot|||M|||50|,,,,,Poison\n|\n|t:|1746133034\n|start\n|switch|p1a: Rillaboom|Rillaboom, L50, F|100/100\n|switch|p1b: Grimmsnarl|Grimmsnarl, L50, M|100/100\n|switch|p2a: Landorus|Landorus, L50, M|100/100\n|switch|p2b: Ogerpon|Ogerpon-Wellspring, L50, F|100/100\n|-fieldstart|move: Grassy Terrain|[from] ability: Grassy Surge|[of] p1a: Rillaboom\n|turn|1\n|\n|t:|1746133047\n|move|p1b: Grimmsnarl|Light Screen|p1b: Grimmsnarl\n|-sidestart|p1: Semiau|move: Light Screen\n|move|p2a: Landorus|Nasty Plot|p2a: Landorus\n|-boost|p2a: Landorus|spa|2\n|move|p2b: Ogerpon|Encore|p1b: Grimmsnarl\n|-start|p1b: Grimmsnarl|Encore\n|move|p1a: Rillaboom|Wood Hammer|p2a: Landorus\n|-damage|p2a: Landorus|0 fnt\n|faint|p2a: Landorus\n|-damage|p1a: Rillaboom|69/100|[from] Recoil\n|\n|-heal|p1a: Rillaboom|75/100|[from] Grassy Terrain\n|upkeep\n|\n|t:|1746133061\n|switch|p2a: Tornadus|Tornadus, L50, M|100/100\n|turn|2\n|\n|t:|1746133070\n|switch|p1b: Zamazenta|Zamazenta-Crowned, L50|100/100\n|-ability|p1b: Zamazenta|Dauntless Shield|boost\n|-boost|p1b: Zamazenta|def|1\n|move|p2a: Tornadus|Tailwind|p2a: Tornadus\n|-sidestart|p2: giraldo576|move: Tailwind\n|move|p2b: Ogerpon|Ivy Cudgel|p1b: Zamazenta|[anim] Ivy Cudgel Water\n|-damage|p1b: Zamazenta|79/100\n|move|p1a: Rillaboom|Wood Hammer|p2b: Ogerpon\n|-damage|p2b: Ogerpon|12/100\n|-damage|p1a: Rillaboom|46/100|[from] Recoil\n|\n|-heal|p2b: Ogerpon|18/100|[from] Grassy Terrain\n|-heal|p1b: Zamazenta|85/100|[from] Grassy Terrain\n|-heal|p1a: Rillaboom|52/100|[from] Grassy Terrain\n|upkeep\n|turn|3\n|\n|t:|1746133093\n|-terastallize|p1a: Rillaboom|Fire\n|move|p2b: Ogerpon|Spiky Shield|p2b: Ogerpon\n|-singleturn|p2b: Ogerpon|move: Protect\n|move|p2a: Tornadus|Rain Dance|p2a: Tornadus\n|-weather|RainDance\n|move|p1a: Rillaboom|Grassy Glide|p2b: Ogerpon\n|-activate|p2b: Ogerpon|move: Protect\n|-damage|p1a: Rillaboom|39/100|[from] Spiky Shield|[of] p2b: Ogerpon\n|move|p1b: Zamazenta|Coaching|p1a: Rillaboom\n|-boost|p1a: Rillaboom|atk|1\n|-boost|p1a: Rillaboom|def|1\n|\n|-weather|RainDance|[upkeep]\n|-heal|p2b: Ogerpon|24/100|[from] Grassy Terrain\n|-heal|p1b: Zamazenta|91/100|[from] Grassy Terrain\n|-heal|p1a: Rillaboom|45/100|[from] Grassy Terrain\n|upkeep\n|turn|4\n|\n|t:|1746133116\n|move|p1b: Zamazenta|Wide Guard|p1b: Zamazenta\n|-singleturn|p1b: Zamazenta|Wide Guard\n|move|p1a: Rillaboom|Grassy Glide|p2b: Ogerpon\n|-damage|p2b: Ogerpon|0 fnt\n|faint|p2b: Ogerpon\n|move|p2a: Tornadus|Bleakwind Storm|p1a: Rillaboom|[spread] \n|-activate|p1a: Rillaboom|move: Wide Guard\n|-activate|p1b: Zamazenta|move: Wide Guard\n|\n|-weather|RainDance|[upkeep]\n|-heal|p1b: Zamazenta|97/100|[from] Grassy Terrain\n|-heal|p1a: Rillaboom|51/100|[from] Grassy Terrain\n|upkeep\n|\n|t:|1746133119\n|switch|p2b: Calyrex|Calyrex-Shadow, L50|100/100\n|-ability|p2b: Calyrex|As One\n|-ability|p2b: Calyrex|Unnerve\n|turn|5\n|\n|t:|1746133140\n|-terastallize|p2b: Calyrex|Steel\n|move|p1b: Zamazenta|Wide Guard|p1b: Zamazenta\n|-singleturn|p1b: Zamazenta|Wide Guard\n|move|p2a: Tornadus|Taunt|p1b: Zamazenta\n|-start|p1b: Zamazenta|move: Taunt\n|move|p2b: Calyrex|Astral Barrage|p1b: Zamazenta|[spread] \n|-activate|p1a: Rillaboom|move: Wide Guard\n|-activate|p1b: Zamazenta|move: Wide Guard\n|move|p1a: Rillaboom|Wood Hammer|p2b: Calyrex\n|-resisted|p2b: Calyrex\n|-damage|p2b: Calyrex|23/100\n|-damage|p1a: Rillaboom|27/100|[from] Recoil\n|\n|-weather|RainDance|[upkeep]\n|-heal|p2b: Calyrex|29/100|[from] Grassy Terrain\n|-heal|p1b: Zamazenta|100/100|[from] Grassy Terrain\n|-heal|p1a: Rillaboom|33/100|[from] Grassy Terrain\n|-sideend|p1: Semiau|move: Light Screen\n|-sideend|p2: giraldo576|move: Tailwind\n|-fieldend|move: Grassy Terrain\n|upkeep\n|turn|6\n|\n|t:|1746133153\n|switch|p1a: Grimmsnarl|Grimmsnarl, L50, M|100/100\n|move|p2b: Calyrex|Astral Barrage|p1b: Zamazenta|[spread] p1a,p1b\n|-resisted|p1a: Grimmsnarl\n|-damage|p1a: Grimmsnarl|75/100\n|-damage|p1b: Zamazenta|52/100\n|move|p1b: Zamazenta|Body Press|p2b: Calyrex\n|-supereffective|p2b: Calyrex\n|-damage|p2b: Calyrex|0 fnt\n|faint|p2b: Calyrex\n|move|p2a: Tornadus|Bleakwind Storm|p1a: Grimmsnarl|[spread] p1a,p1b\n|-damage|p1a: Grimmsnarl|49/100\n|-damage|p1b: Zamazenta|30/100\n|-unboost|p1a: Grimmsnarl|spe|1\n|\n|-weather|RainDance|[upkeep]\n|upkeep\n|turn|7\n|\n|t:|1746133170\n|move|p1a: Grimmsnarl|Parting Shot|p2a: Tornadus\n|-unboost|p2a: Tornadus|atk|1\n|-unboost|p2a: Tornadus|spa|1\n|\n|t:|1746133174\n|switch|p1a: Rillaboom|Rillaboom, L50, F, tera:Fire|33/100|[from] Parting Shot\n|-fieldstart|move: Grassy Terrain|[from] ability: Grassy Surge|[of] p1a: Rillaboom\n|move|p1b: Zamazenta|Body Press|p2a: Tornadus\n|-resisted|p2a: Tornadus\n|-damage|p2a: Tornadus|54/100\n|move|p2a: Tornadus|Bleakwind Storm|p1a: Rillaboom|[spread] p1a,p1b\n|-damage|p1a: Rillaboom|18/100\n|-damage|p1b: Zamazenta|14/100\n|\n|-weather|none\n|-heal|p1b: Zamazenta|20/100|[from] Grassy Terrain\n|-heal|p1a: Rillaboom|24/100|[from] Grassy Terrain\n|upkeep\n|turn|8\n|\n|t:|1746133190\n|move|p1a: Rillaboom|Fake Out|p2a: Tornadus\n|-damage|p2a: Tornadus|34/100\n|move|p1b: Zamazenta|Body Press|p2a: Tornadus\n|-resisted|p2a: Tornadus\n|-damage|p2a: Tornadus|0 fnt\n|faint|p2a: Tornadus\n|\n|win|Semiau\n|raw|Semiau's rating: 1195 &rarr; <strong>1213</strong><br />(+18 for winning)\n|raw|giraldo576's rating: 1093 &rarr; <strong>1076</strong><br />(-17 for losing)\n|l|\u2606giraldo576\n|player|p2|\n", "uploadtime": 1746133577, "views": 5, "formatid": "gen9vgc2025regibo3", "rating": 1076, "private": 0, "password": null}