{"id": "gen9vgc2025regibo3-2354206185", "format": "[Gen 9] VGC 2025 Reg I (Bo3)", "players": ["shucklestrats", "MidoMidori"], "log": "|j|\u2606shucklestrats\n|j|\u2606MidoMidori\n|html|<table width=\"100%\"><tr><td align=\"left\">shucklestrats</td><td align=\"right\">MidoMidori</tr><tr><td align=\"left\"><i class=\"fa fa-circle-o\"></i> <i class=\"fa fa-circle-o\"></i> </td><td align=\"right\"><i class=\"fa fa-circle-o\"></i> <i class=\"fa fa-circle-o\"></i> </tr></table>\n|uhtml|bestof|<h2><strong>Game 1</strong> of <a href=\"/game-bestof3-gen9vgc2025regibo3-2354206182\">a best-of-3</a></h2>\n|t:|1746044559\n|gametype|doubles\n|player|p1|shucklestrats|artist-gen8|1146\n|player|p2|MidoMidori|roxanne-gen6|1219\n|teamsize|p1|6\n|teamsize|p2|6\n|gen|9\n|tier|[Gen 9] VGC 2025 Reg I (Bo3)\n|rated|\n|rule|Species Clause: Limit one of each Pok\u00e9mon\n|rule|Item Clause: Limit 1 of each item\n|clearpoke\n|poke|p1|Lunala, L50|\n|poke|p1|Groudon, L50|\n|poke|p1|Sableye, L50, F|\n|poke|p1|Lilligant-Hisui, L50, F|\n|poke|p1|Raging Bolt, L50|\n|poke|p1|Rillaboom, L50, M|\n|poke|p2|Koraidon, L50|\n|poke|p2|Ho-Oh, L50|\n|poke|p2|Incineroar, L50, M|\n|poke|p2|Flutter Mane, L50|\n|poke|p2|Raging Bolt, L50|\n|poke|p2|Iron Treads, L50|\n|teampreview|4\n|showteam|p1|Lunala||PowerHerb|ShadowShield|MoongeistBeam,MeteorBeam,Hypnosis,Protect||||||50|,,,,,Fairy]Groudon||ChoiceBand|Drought|PrecipiceBlades,HighHorsepower,HeatCrash,FirePunch||||||50|,,,,,Fire]Sableye||SafetyGoggles|Prankster|Gravity,Quash,Disable,Encore|||F|||50|,,,,,Steel]Lilligant-Hisui||FocusSash|Chlorophyll|CloseCombat,SleepPowder,AfterYou,Protect|||F|||50|,,,,,Ghost]Raging Bolt||LifeOrb|Protosynthesis|Thunderbolt,DracoMeteor,Thunderclap,Protect||||||50|,,,,,Electric]Rillaboom||AssaultVest|GrassySurge|WoodHammer,GrassyGlide,FakeOut,Uturn|||M|||50|,,,,,Fire\n|showteam|p2|Koraidon||LoadedDice|OrichalcumPulse|CollisionCourse,FlareBlitz,ScaleShot,Protect||||||50|,,,,,Fire]Ho-Oh||ClearAmulet|Regenerator|SacredFire,BraveBird,Tailwind,Protect||||||50|,,,,,Grass]Incineroar||RockyHelmet|Intimidate|FakeOut,FlareBlitz,KnockOff,PartingShot|||M|||50|,,,,,Ghost]Flutter Mane||FocusSash|Protosynthesis|Moonblast,ShadowBall,IcyWind,Protect||||||50|,,,,,Stellar]Raging Bolt||AssaultVest|Protosynthesis|Thunderclap,DracoMeteor,VoltSwitch,Snarl||||||50|,,,,,Electric]Iron Treads||LifeOrb|QuarkDrive|IronHead,HighHorsepower,KnockOff,Protect||||||50|,,,,,Ghost\n|inactive|Battle timer is ON: inactive players will automatically lose when time's up. (requested by shucklestrats)\n|c|\u2606shucklestrats|gl hf\n|c|\u2606MidoMidori|Glhf!!\n|inactive|shucklestrats has 60 seconds left.\n|inactive|MidoMidori has 60 seconds left.\n|\n|t:|1746044610\n|start\n|switch|p1a: Lunala|Lunala, L50|100/100\n|switch|p1b: Sableye|Sableye, L50, F|100/100\n|switch|p2a: Ho-Oh|Ho-Oh, L50|100/100\n|switch|p2b: Koraidon|Koraidon, L50|100/100\n|-weather|SunnyDay|[from] ability: Orichalcum Pulse|[of] p2b: Koraidon\n|-activate|p2b: Koraidon|Orichalcum Pulse|[source]\n|turn|1\n|inactive|shucklestrats has 30 seconds left.\n|\n|t:|1746044641\n|move|p2a: Ho-Oh|Protect|p2a: Ho-Oh\n|-singleturn|p2a: Ho-Oh|Protect\n|move|p1b: Sableye|Gravity|p1b: Sableye\n|-fieldstart|move: Gravity\n|move|p2b: Koraidon|Scale Shot|p1a: Lunala\n|-damage|p1a: Lunala|94/100\n|-damage|p1a: Lunala|83/100\n|-damage|p1a: Lunala|70/100\n|-damage|p1a: Lunala|59/100\n|-hitcount|p1a: Lunala|4\n|-unboost|p2b: Koraidon|def|1\n|-boost|p2b: Koraidon|spe|1\n|move|p1a: Lunala|Meteor Beam||[still]\n|-prepare|p1a: Lunala|Meteor Beam\n|-boost|p1a: Lunala|spa|1\n|-enditem|p1a: Lunala|Power Herb\n|-anim|p1a: Lunala|Meteor Beam|p2a: Ho-Oh\n|-activate|p2a: Ho-Oh|move: Protect\n|\n|-weather|SunnyDay|[upkeep]\n|upkeep\n|turn|2\n|\n|t:|1746044655\n|move|p1b: Sableye|Quash|p2b: Koraidon\n|-activate|p2b: Koraidon|move: Quash\n|move|p1a: Lunala|Hypnosis|p2b: Koraidon\n|-status|p2b: Koraidon|slp|[from] move: Hypnosis\n|move|p2a: Ho-Oh|Sacred Fire|p1a: Lunala\n|-crit|p1a: Lunala\n|-damage|p1a: Lunala|0 fnt\n|faint|p1a: Lunala\n|cant|p2b: Koraidon|slp\n|\n|-weather|SunnyDay|[upkeep]\n|upkeep\n|\n|t:|1746044663\n|switch|p1a: Groudon|Groudon, L50|100/100\n|turn|3\n|\n|t:|1746044683\n|switch|p2b: Incineroar|Incineroar, L50, M|100/100\n|-ability|p2b: Incineroar|Intimidate|boost\n|-unboost|p1a: Groudon|atk|1\n|-unboost|p1b: Sableye|atk|1\n|-terastallize|p2a: Ho-Oh|Grass\n|move|p1b: Sableye|Disable|p2a: Ho-Oh\n|-start|p2a: Ho-Oh|Disable|Sacred Fire\n|move|p1a: Groudon|Precipice Blades|p2a: Ho-Oh|[spread] p2a,p2b\n|-resisted|p2a: Ho-Oh\n|-supereffective|p2b: Incineroar\n|-damage|p2a: Ho-Oh|77/100\n|-damage|p2b: Incineroar|0 fnt\n|faint|p2b: Incineroar\n|cant|p2a: Ho-Oh|Disable|Sacred Fire\n|\n|-weather|SunnyDay|[upkeep]\n|upkeep\n|\n|t:|1746044690\n|switch|p2b: Flutter Mane|Flutter Mane, L50|100/100\n|-activate|p2b: Flutter Mane|ability: Protosynthesis\n|-start|p2b: Flutter Mane|protosynthesisspe\n|turn|4\n|\n|t:|1746044710\n|switch|p1b: Lilligant|Lilligant-Hisui, L50, F|100/100\n|move|p2a: Ho-Oh|Protect|p2a: Ho-Oh\n|-singleturn|p2a: Ho-Oh|Protect\n|move|p2b: Flutter Mane|Moonblast|p1b: Lilligant\n|-supereffective|p1b: Lilligant\n|-enditem|p1b: Lilligant|Focus Sash\n|-damage|p1b: Lilligant|1/100\n|move|p1a: Groudon|Precipice Blades|p2b: Flutter Mane|[spread] p2b\n|-activate|p2a: Ho-Oh|move: Protect\n|-enditem|p2b: Flutter Mane|Focus Sash\n|-damage|p2b: Flutter Mane|1/100\n|\n|-weather|SunnyDay|[upkeep]\n|upkeep\n|turn|5\n|\n|t:|1746044726\n|switch|p1a: Sableye|Sableye, L50, F|100/100\n|move|p1b: Lilligant|Protect|p1b: Lilligant\n|-singleturn|p1b: Lilligant|Protect\n|move|p2b: Flutter Mane|Icy Wind|p1b: Lilligant|[spread] p1a\n|-activate|p1b: Lilligant|move: Protect\n|-damage|p1a: Sableye|79/100\n|-unboost|p1a: Sableye|spe|1\n|move|p2a: Ho-Oh|Brave Bird|p1b: Lilligant\n|-activate|p1b: Lilligant|move: Protect\n|\n|-weather|none\n|-end|p2b: Flutter Mane|Protosynthesis\n|-fieldend|move: Gravity\n|upkeep\n|turn|6\n|inactive|shucklestrats has 30 seconds left.\n|inactive|MidoMidori has 30 seconds left.\n|inactive|shucklestrats has 20 seconds left.\n|inactive|shucklestrats has 15 seconds left.\n|\n|t:|1746044776\n|switch|p1b: Groudon|Groudon, L50|100/100\n|-weather|SunnyDay|[from] ability: Drought|[of] p1b: Groudon\n|-activate|p2b: Flutter Mane|ability: Protosynthesis\n|-start|p2b: Flutter Mane|protosynthesisspe\n|-terastallize|p1a: Sableye|Steel\n|move|p2b: Flutter Mane|Protect|p2b: Flutter Mane\n|-singleturn|p2b: Flutter Mane|Protect\n|move|p1a: Sableye|Encore|p2b: Flutter Mane\n|-activate|p2b: Flutter Mane|move: Protect\n|move|p2a: Ho-Oh|Brave Bird|p1b: Groudon\n|-damage|p1b: Groudon|57/100\n|-damage|p2a: Ho-Oh|62/100|[from] Recoil\n|\n|-weather|SunnyDay|[upkeep]\n|-end|p2a: Ho-Oh|Disable\n|upkeep\n|turn|7\n|inactive|MidoMidori has 30 seconds left.\n|inactive|shucklestrats has 30 seconds left.\n|inactive|shucklestrats has 20 seconds left.\n|inactive|MidoMidori has 20 seconds left.\n|inactive|shucklestrats has 15 seconds left.\n|inactive|shucklestrats has 10 seconds left.\n|inactive|shucklestrats has 5 seconds left.\n|\n|t:|1746044837\n|switch|p2a: Koraidon|Koraidon, L50|100/100 slp\n|-activate|p2a: Koraidon|ability: Orichalcum Pulse\n|move|p1a: Sableye|Encore|p2b: Flutter Mane\n|-start|p2b: Flutter Mane|Encore\n|move|p2b: Flutter Mane|Protect||[still]\n|-fail|p2b: Flutter Mane\n|move|p1b: Groudon|Heat Crash|p2a: Koraidon\n|-resisted|p2a: Koraidon\n|-damage|p2a: Koraidon|65/100 slp\n|\n|-weather|SunnyDay|[upkeep]\n|upkeep\n|turn|8\n|\n|t:|1746044853\n|switch|p1b: Lilligant|Lilligant-Hisui, L50, F|1/100\n|move|p2b: Flutter Mane|Protect|p2b: Flutter Mane\n|-singleturn|p2b: Flutter Mane|Protect\n|move|p1a: Sableye|Gravity|p1a: Sableye\n|-fieldstart|move: Gravity\n|cant|p2a: Koraidon|slp\n|\n|-weather|SunnyDay|[upkeep]\n|upkeep\n|turn|9\n|\n|t:|1746044870\n|move|p2b: Flutter Mane|Protect|p2b: Flutter Mane\n|-singleturn|p2b: Flutter Mane|Protect\n|move|p1a: Sableye|Quash|p2a: Koraidon\n|-activate|p2a: Koraidon|move: Quash\n|move|p1b: Lilligant|Close Combat|p2a: Koraidon\n|-damage|p2a: Koraidon|9/100 slp\n|-unboost|p1b: Lilligant|def|1\n|-unboost|p1b: Lilligant|spd|1\n|cant|p2a: Koraidon|slp\n|\n|-weather|SunnyDay|[upkeep]\n|-end|p2b: Flutter Mane|Encore\n|upkeep\n|turn|10\n|\n|t:|1746044882\n|move|p1a: Sableye|Encore|p2b: Flutter Mane\n|-start|p2b: Flutter Mane|Encore\n|move|p1b: Lilligant|Close Combat|p2a: Koraidon\n|-damage|p2a: Koraidon|0 fnt\n|-unboost|p1b: Lilligant|def|1\n|-unboost|p1b: Lilligant|spd|1\n|faint|p2a: Koraidon\n|move|p2b: Flutter Mane|Protect||[still]\n|-fail|p2b: Flutter Mane\n|\n|-weather|none\n|-end|p2b: Flutter Mane|Protosynthesis\n|upkeep\n|\n|t:|1746044885\n|switch|p2a: Ho-Oh|Ho-Oh, L50, tera:Grass|96/100\n|turn|11\n|\n|t:|1746044903\n|move|p2b: Flutter Mane|Protect|p2b: Flutter Mane\n|-singleturn|p2b: Flutter Mane|Protect\n|move|p1a: Sableye|Quash|p2a: Ho-Oh\n|-activate|p2a: Ho-Oh|move: Quash\n|move|p1b: Lilligant|Close Combat|p2a: Ho-Oh\n|-damage|p2a: Ho-Oh|41/100\n|-unboost|p1b: Lilligant|def|1\n|-unboost|p1b: Lilligant|spd|1\n|move|p2a: Ho-Oh|Sacred Fire|p1a: Sableye\n|-supereffective|p1a: Sableye\n|-damage|p1a: Sableye|0 fnt\n|faint|p1a: Sableye\n|\n|upkeep\n|\n|t:|1746044913\n|switch|p1a: Groudon|Groudon, L50|57/100\n|-weather|SunnyDay|[from] ability: Drought|[of] p1a: Groudon\n|-activate|p2b: Flutter Mane|ability: Protosynthesis\n|-start|p2b: Flutter Mane|protosynthesisspe\n|turn|12\n|\n|t:|1746044930\n|move|p2b: Flutter Mane|Protect||[still]\n|-fail|p2b: Flutter Mane\n|move|p2a: Ho-Oh|Protect|p2a: Ho-Oh\n|-singleturn|p2a: Ho-Oh|Protect\n|move|p1b: Lilligant|Close Combat|p2a: Ho-Oh\n|-activate|p2a: Ho-Oh|move: Protect\n|move|p1a: Groudon|Precipice Blades|p2a: Ho-Oh|[spread] p2b\n|-activate|p2a: Ho-Oh|move: Protect\n|-damage|p2b: Flutter Mane|0 fnt\n|faint|p2b: Flutter Mane\n|-end|p2b: Flutter Mane|Protosynthesis|[silent]\n|\n|-weather|SunnyDay|[upkeep]\n|-fieldend|move: Gravity\n|upkeep\n|turn|13\n|-message|MidoMidori forfeited.\n|\n|win|shucklestrats\n||MidoMidori is ready for game 2.\n||shucklestrats is ready for game 2.\n|uhtml|next|Next: <a href=\"/battle-gen9vgc2025regibo3-2354209942\"><strong>Game 2 of 3</strong></a>\n|l|\u2606shucklestrats\n|player|p1|\n", "uploadtime": 1746045208, "views": 7, "formatid": "gen9vgc2025regibo3", "rating": null, "private": 0, "password": null}