{"id": "gen9vgc2025regibo3-2353417266", "format": "[Gen 9] VGC 2025 Reg I (Bo3)", "players": ["Fenozi", "Diabolical Intent"], "log": "|j|\u2606Fenozi\n|j|\u2606Diabolical Intent\n|html|<table width=\"100%\"><tr><td align=\"left\">Fenozi</td><td align=\"right\">Diabolical Intent</tr><tr><td align=\"left\"><i class=\"fa fa-circle-o\"></i> <i class=\"fa fa-circle-o\"></i> </td><td align=\"right\"><i class=\"fa fa-circle-o\"></i> <i class=\"fa fa-circle\"></i> </tr></table>\n|uhtml|bestof|<h2><strong>Game 2</strong> of <a href=\"/game-bestof3-gen9vgc2025regibo3-2353413481\">a best-of-3</a></h2>\n|t:|1745954114\n|gametype|doubles\n|player|p1|Fenozi|veteran|1268\n|player|p2|Diabolical Intent|grimsley|1408\n|teamsize|p1|6\n|teamsize|p2|6\n|gen|9\n|tier|[Gen 9] VGC 2025 Reg I (Bo3)\n|rated|\n|rule|Species Clause: Limit one of each Pok\u00e9mon\n|rule|Item Clause: Limit 1 of each item\n|clearpoke\n|poke|p1|Koraidon, L50|\n|poke|p1|Lunala, L50|\n|poke|p1|Chi-Yu, L50|\n|poke|p1|Ursaluna, L50, F|\n|poke|p1|Brute Bonnet, L50|\n|poke|p1|Flutter Mane, L50|\n|poke|p2|Kyogre, L50|\n|poke|p2|Calyrex-Ice, L50|\n|poke|p2|Urshifu-*, L50, M|\n|poke|p2|Landorus, L50, M|\n|poke|p2|Amoonguss, L50, M|\n|poke|p2|Iron Jugulis, L50|\n|teampreview|4\n|showteam|p1|Koraidon||LifeOrb|OrichalcumPulse|FlareBlitz,FlameCharge,CloseCombat,Protect||||||50|,,,,,Fire]Lunala||PowerHerb|ShadowShield|MoongeistBeam,MeteorBeam,WideGuard,TrickRoom||||||50|,,,,,Water]Chi-Yu||ChoiceScarf|BeadsofRuin|Overheat,HeatWave,DarkPulse,Snarl||||||50|,,,,,Ghost]Ursaluna||FlameOrb|Guts|Facade,Earthquake,HeadlongRush,Protect|||F|||50|,,,,,Water]Brute Bonnet||CovertCloak|Protosynthesis|SeedBomb,SuckerPunch,Spore,RagePowder||||||50|,,,,,Water]Flutter Mane||FocusSash|Protosynthesis|Moonblast,IcyWind,ShadowBall,Protect||||||50|,,,,,Normal\n|showteam|p2|Kyogre||MysticWater|Drizzle|WaterSpout,HydroPump,Thunder,Protect||||||50|,,,,,Poison]Calyrex-Ice||NeverMeltIce|AsOneGlastrier|GlacialLance,HighHorsepower,TrickRoom,Protect||||||50|,,,,,Grass]Urshifu-Rapid-Strike||SplashPlate|UnseenFist|SurgingStrikes,CloseCombat,AquaJet,Protect|||M|||50|,,,,,Grass]Landorus||LifeOrb|SheerForce|EarthPower,SandsearStorm,SludgeBomb,Protect|||M|||50|,,,,,Water]Amoonguss||RockyHelmet|Regenerator|PollenPuff,Spore,RagePowder,Protect|||M|||50|,,,,,Water]Iron Jugulis||BoosterEnergy|QuarkDrive|Hurricane,Snarl,Tailwind,Protect||||||50|,,,,,Grass\n|inactive|Battle timer is ON: inactive players will automatically lose when time's up. (requested by Diabolical Intent)\n|inactive|Fenozi also wants the timer to be on.\n|inactive|Fenozi has 60 seconds left.\n|inactive|Diabolical Intent has 60 seconds left.\n|inactive|Diabolical Intent has 30 seconds left.\n|inactive|Diabolical Intent has 20 seconds left.\n|inactive|Diabolical Intent has 15 seconds left.\n|inactive|Diabolical Intent has 10 seconds left.\n|\n|t:|1745954199\n|start\n|switch|p1a: Lunala|Lunala, L50|100/100\n|switch|p1b: Ursaluna|Ursaluna, L50, F|100/100\n|switch|p2a: Hermes|Iron Jugulis, L50|100/100\n|switch|p2b: Demeter|Landorus, L50, M|100/100\n|-enditem|p2a: Hermes|Booster Energy\n|-activate|p2a: Hermes|ability: Quark Drive|[fromitem]\n|-start|p2a: Hermes|quarkdrivespe\n|turn|1\n|inactive|Fenozi has 30 seconds left.\n|inactive|Fenozi has 20 seconds left.\n|inactive|Fenozi has 15 seconds left.\n|\n|t:|1745954242\n|move|p1b: Ursaluna|Protect|p1b: Ursaluna\n|-singleturn|p1b: Ursaluna|Protect\n|move|p2a: Hermes|Snarl|p1a: Lunala|[spread] p1a\n|-activate|p1b: Ursaluna|move: Protect\n|-supereffective|p1a: Lunala\n|-damage|p1a: Lunala|72/100\n|-unboost|p1a: Lunala|spa|1\n|move|p2b: Demeter|Sandsear Storm|p1a: Lunala|[spread] p1a\n|-activate|p1b: Ursaluna|move: Protect\n|-damage|p1a: Lunala|24/100\n|move|p1a: Lunala|Trick Room|p1a: Lunala\n|-fieldstart|move: Trick Room|[of] p1a: Lunala\n|\n|-status|p1b: Ursaluna|brn|[from] item: Flame Orb\n|upkeep\n|turn|2\n|\n|t:|1745954264\n|move|p2b: Demeter|Protect|p2b: Demeter\n|-singleturn|p2b: Demeter|Protect\n|move|p2a: Hermes|Protect|p2a: Hermes\n|-singleturn|p2a: Hermes|Protect\n|move|p1b: Ursaluna|Facade|p2b: Demeter\n|-activate|p2b: Demeter|move: Protect\n|move|p1a: Lunala|Meteor Beam||[still]\n|-prepare|p1a: Lunala|Meteor Beam\n|-boost|p1a: Lunala|spa|1\n|-enditem|p1a: Lunala|Power Herb\n|-anim|p1a: Lunala|Meteor Beam|p2a: Hermes\n|-activate|p2a: Hermes|move: Protect\n|\n|-damage|p1b: Ursaluna|95/100 brn|[from] brn\n|upkeep\n|turn|3\n|\n|t:|1745954283\n|move|p1b: Ursaluna|Facade|p2a: Hermes\n|-damage|p2a: Hermes|0 fnt\n|faint|p2a: Hermes\n|-end|p2a: Hermes|Quark Drive|[silent]\n|move|p2b: Demeter|Earth Power|p1b: Ursaluna\n|-damage|p1b: Ursaluna|27/100 brn\n|move|p1a: Lunala|Moongeist Beam|p2b: Demeter\n|-damage|p2b: Demeter|35/100\n|\n|-damage|p1b: Ursaluna|21/100 brn|[from] brn\n|upkeep\n|\n|t:|1745954288\n|switch|p2a: Ares|Urshifu-Rapid-Strike, L50, M|100/100\n|turn|4\n|\n|t:|1745954301\n|switch|p1a: Koraidon|Koraidon, L50|100/100\n|-weather|SunnyDay|[from] ability: Orichalcum Pulse|[of] p1a: Koraidon\n|-activate|p1a: Koraidon|Orichalcum Pulse|[source]\n|-terastallize|p1b: Ursaluna|Water\n|move|p2a: Ares|Protect|p2a: Ares\n|-singleturn|p2a: Ares|Protect\n|move|p2b: Demeter|Protect|p2b: Demeter\n|-singleturn|p2b: Demeter|Protect\n|move|p1b: Ursaluna|Facade|p2a: Ares\n|-activate|p2a: Ares|move: Protect\n|\n|-weather|SunnyDay|[upkeep]\n|-damage|p1b: Ursaluna|15/100 brn|[from] brn\n|upkeep\n|turn|5\n|inactive|Diabolical Intent has 30 seconds left.\n|\n|t:|1745954332\n|switch|p2b: Poseidon|Kyogre, L50|100/100\n|-weather|RainDance|[from] ability: Drizzle|[of] p2b: Poseidon\n|move|p1a: Koraidon|Protect|p1a: Koraidon\n|-singleturn|p1a: Koraidon|Protect\n|move|p2a: Ares|Aqua Jet|p1b: Ursaluna\n|-resisted|p1b: Ursaluna\n|-crit|p1b: Ursaluna\n|-damage|p1b: Ursaluna|0 fnt\n|faint|p1b: Ursaluna\n|\n|-weather|RainDance|[upkeep]\n|-fieldend|move: Trick Room\n|upkeep\n|\n|t:|1745954345\n|switch|p1b: Flutter Mane|Flutter Mane, L50|100/100\n|turn|6\n|inactive|Fenozi has 30 seconds left.\n|inactive|Fenozi has 20 seconds left.\n|inactive|Fenozi has 15 seconds left.\n|\n|t:|1745954387\n|-terastallize|p2a: Ares|Grass\n|move|p1b: Flutter Mane|Shadow Ball|p2b: Poseidon\n|-damage|p2b: Poseidon|69/100\n|move|p1a: Koraidon|Close Combat|p2a: Ares\n|-damage|p2a: Ares|31/100\n|-unboost|p1a: Koraidon|def|1\n|-unboost|p1a: Koraidon|spd|1\n|-damage|p1a: Koraidon|91/100|[from] item: Life Orb\n|move|p2a: Ares|Surging Strikes|p1a: Koraidon\n|-resisted|p1a: Koraidon\n|-crit|p1a: Koraidon\n|-damage|p1a: Koraidon|64/100\n|-resisted|p1a: Koraidon\n|-crit|p1a: Koraidon\n|-damage|p1a: Koraidon|40/100\n|-resisted|p1a: Koraidon\n|-crit|p1a: Koraidon\n|-damage|p1a: Koraidon|16/100\n|-hitcount|p1a: Koraidon|3\n|move|p2b: Poseidon|Water Spout|p1a: Koraidon|[spread] p1a,p1b\n|-resisted|p1a: Koraidon\n|-crit|p1b: Flutter Mane\n|-damage|p1a: Koraidon|0 fnt\n|-enditem|p1b: Flutter Mane|Focus Sash\n|-damage|p1b: Flutter Mane|1/100\n|faint|p1a: Koraidon\n|\n|-weather|RainDance|[upkeep]\n|upkeep\n|inactive|Fenozi has 30 seconds left.\n|\n|t:|1745954415\n|switch|p1a: Lunala|Lunala, L50|24/100\n|turn|7\n|\n|t:|1745954425\n|move|p1a: Lunala|Wide Guard|p1a: Lunala\n|-singleturn|p1a: Lunala|Wide Guard\n|move|p2a: Ares|Aqua Jet|p1b: Flutter Mane\n|-damage|p1b: Flutter Mane|0 fnt\n|faint|p1b: Flutter Mane\n|-end|p1b: Flutter Mane|Protosynthesis|[silent]\n|move|p2b: Poseidon|Thunder|p1a: Lunala\n|-damage|p1a: Lunala|0 fnt\n|faint|p1a: Lunala\n|\n|win|Diabolical Intent\n|raw|Fenozi's rating: 1268 &rarr; <strong>1253</strong><br />(-15 for losing)\n|raw|Diabolical Intent's rating: 1408 &rarr; <strong>1420</strong><br />(+12 for winning)\n", "uploadtime": 1745954431, "views": 14, "formatid": "gen9vgc2025regibo3", "rating": 1253, "private": 0, "password": null}