{"id": "gen9vgc2025regibo3-2353752881", "format": "[Gen 9] VGC 2025 Reg I (Bo3)", "players": ["amurali", "nibblesjibbles"], "log": "|j|\u2606amurali\n|j|\u2606nibblesjibbles\n|html|<table width=\"100%\"><tr><td align=\"left\">amurali</td><td align=\"right\">nibblesjibbles</tr><tr><td align=\"left\"><i class=\"fa fa-circle-o\"></i> <i class=\"fa fa-circle-o\"></i> </td><td align=\"right\"><i class=\"fa fa-circle-o\"></i> <i class=\"fa fa-circle-o\"></i> </tr></table>\n|uhtml|bestof|<h2><strong>Game 1</strong> of <a href=\"/game-bestof3-gen9vgc2025regibo3-2353752880\">a best-of-3</a></h2>\n|t:|1745994072\n|gametype|doubles\n|player|p1|amurali|1|1351\n|player|p2|nibblesjibbles|scientist-gen4|1313\n|teamsize|p1|6\n|teamsize|p2|6\n|gen|9\n|tier|[Gen 9] VGC 2025 Reg I (Bo3)\n|rated|\n|rule|Species Clause: Limit one of each Pok\u00e9mon\n|rule|Item Clause: Limit 1 of each item\n|clearpoke\n|poke|p1|Miraidon, L50|\n|poke|p1|Calyrex-Ice, L50|\n|poke|p1|Ogerpon-Hearthflame, L50, F|\n|poke|p1|Urshifu-*, L50, M|\n|poke|p1|Farigiraf, L50, F|\n|poke|p1|Iron Hands, L50|\n|poke|p2|Terapagos, L50, M|\n|poke|p2|Incineroar, L50, F|\n|poke|p2|Rillaboom, L50, F|\n|poke|p2|Flutter Mane, L50|\n|poke|p2|Koraidon, L50|\n|poke|p2|Amoonguss, L50, F|\n|teampreview|4\n|showteam|p1|Miraidon||ChoiceSpecs|HadronEngine|ElectroDrift,DazzlingGleam,VoltSwitch,DracoMeteor||||||50|,,,,,Fairy]Calyrex-Ice||ClearAmulet|AsOneGlastrier|GlacialLance,HighHorsepower,TrickRoom,Protect||||||50|,,,,,Water]Ogerpon-Hearthflame||HearthflameMask|MoldBreaker|FollowMe,IvyCudgel,WoodHammer,SpikyShield|||F|||50|,,,,,Fire]Urshifu||FocusSash|UnseenFist|WickedBlow,CloseCombat,SuckerPunch,Detect|||M|||50|,,,,,Stellar]Farigiraf||ElectricSeed|ArmorTail|FoulPlay,Psychic,TrickRoom,HelpingHand|||F|||50|,,,,,Water]Iron Hands||AssaultVest|QuarkDrive|FakeOut,LowKick,DrainPunch,WildCharge||||||50|,,,,,Water\n|showteam|p2|Terapagos||Leftovers|TeraShift|TeraStarstorm,EarthPower,CalmMind,Protect|||M|||50|,,,,,Stellar]Incineroar||RockyHelmet|Intimidate|KnockOff,PartingShot,FlareBlitz,FakeOut|||F|||50|,,,,,Water]Rillaboom||AssaultVest|GrassySurge|WoodHammer,GrassyGlide,Uturn,FakeOut|||F|||50|,,,,,Stellar]Flutter Mane||FocusSash|Protosynthesis|Moonblast,ThunderWave,ShadowBall,IcyWind||||||50|,,,,,Fairy]Koraidon||LifeOrb|OrichalcumPulse|CloseCombat,FlareBlitz,FlameCharge,Protect||||||50|,,,,,Fire]Amoonguss||CovertCloak|Regenerator|Spore,PollenPuff,RagePowder,Protect|||F|||50|,,,,,Fairy\n|inactive|Battle timer is ON: inactive players will automatically lose when time's up. (requested by nibblesjibbles)\n|inactive|amurali has 60 seconds left.\n|inactive|amurali has 30 seconds left.\n|\n|t:|1745994140\n|start\n|switch|p1a: Calyrex|Calyrex-Ice, L50|100/100\n|switch|p1b: Ogerpon|Ogerpon-Hearthflame, L50, F|100/100\n|switch|p2a: Koraidon|Koraidon, L50|100/100\n|switch|p2b: Flutter Mane|Flutter Mane, L50|100/100\n|-ability|p1a: Calyrex|As One\n|-ability|p1a: Calyrex|Unnerve\n|-weather|SunnyDay|[from] ability: Orichalcum Pulse|[of] p2a: Koraidon\n|-activate|p2b: Flutter Mane|ability: Protosynthesis\n|-start|p2b: Flutter Mane|protosynthesisspe\n|-activate|p2a: Koraidon|Orichalcum Pulse|[source]\n|-ability|p1b: Ogerpon|Mold Breaker\n|turn|1\n|inactive|amurali has 30 seconds left.\n|inactive|nibblesjibbles has 30 seconds left.\n|inactive|amurali has 20 seconds left.\n|\n|t:|1745994178\n|-end|p2b: Flutter Mane|Protosynthesis|[silent]\n|switch|p2b: Incineroar|Incineroar, L50, F|100/100\n|-ability|p2b: Incineroar|Intimidate|boost\n|-fail|p1a: Calyrex|unboost|[from] item: Clear Amulet|[of] p1a: Calyrex\n|-unboost|p1b: Ogerpon|atk|1\n|-terastallize|p2a: Koraidon|Fire\n|move|p1b: Ogerpon|Follow Me|p1b: Ogerpon\n|-singleturn|p1b: Ogerpon|move: Follow Me\n|move|p2a: Koraidon|Close Combat|p1b: Ogerpon\n|-damage|p1b: Ogerpon|4/100\n|-unboost|p2a: Koraidon|def|1\n|-unboost|p2a: Koraidon|spd|1\n|-damage|p2a: Koraidon|91/100|[from] item: Life Orb\n|move|p1a: Calyrex|Trick Room|p1a: Calyrex\n|-fieldstart|move: Trick Room|[of] p1a: Calyrex\n|\n|-weather|SunnyDay|[upkeep]\n|upkeep\n|turn|2\n|inactive|amurali has 30 seconds left.\n|\n|t:|1745994210\n|move|p1a: Calyrex|Protect|p1a: Calyrex\n|-singleturn|p1a: Calyrex|Protect\n|move|p2b: Incineroar|Fake Out|p1a: Calyrex\n|-activate|p1a: Calyrex|move: Protect\n|move|p1b: Ogerpon|Ivy Cudgel|p2a: Koraidon|[anim] Ivy Cudgel Fire\n|-resisted|p2a: Koraidon\n|-damage|p2a: Koraidon|53/100\n|move|p2a: Koraidon|Flare Blitz|p1a: Calyrex\n|-activate|p1a: Calyrex|move: Protect\n|\n|-weather|SunnyDay|[upkeep]\n|upkeep\n|turn|3\n|\n|t:|1745994234\n|switch|p1b: Miraidon|Miraidon, L50|100/100\n|-fieldstart|move: Electric Terrain|[from] ability: Hadron Engine|[of] p1b: Miraidon\n|-terastallize|p1a: Calyrex|Water\n|move|p2a: Koraidon|Protect|p2a: Koraidon\n|-singleturn|p2a: Koraidon|Protect\n|move|p1a: Calyrex|High Horsepower|p2b: Incineroar\n|-supereffective|p2b: Incineroar\n|-damage|p2b: Incineroar|47/100\n|-damage|p1a: Calyrex|84/100|[from] item: Rocky Helmet|[of] p2b: Incineroar\n|move|p2b: Incineroar|Knock Off|p1a: Calyrex\n|-damage|p1a: Calyrex|62/100\n|-enditem|p1a: Calyrex|Clear Amulet|[from] move: Knock Off|[of] p2b: Incineroar\n|\n|-weather|SunnyDay|[upkeep]\n|upkeep\n|turn|4\n|\n|t:|1745994258\n|switch|p2a: Rillaboom|Rillaboom, L50, F|100/100\n|-fieldstart|move: Grassy Terrain|[from] ability: Grassy Surge|[of] p2a: Rillaboom\n|move|p1a: Calyrex|High Horsepower|p2b: Incineroar\n|-supereffective|p2b: Incineroar\n|-damage|p2b: Incineroar|0 fnt\n|-damage|p1a: Calyrex|45/100|[from] item: Rocky Helmet|[of] p2b: Incineroar\n|faint|p2b: Incineroar\n|-ability|p1a: Calyrex|Chilling Neigh|boost\n|-boost|p1a: Calyrex|atk|1\n|move|p1b: Miraidon|Volt Switch|p2a: Rillaboom\n|-resisted|p2a: Rillaboom\n|-crit|p2a: Rillaboom\n|-damage|p2a: Rillaboom|71/100\n|\n|t:|1745994282\n|switch|p1b: Ogerpon|Ogerpon-Hearthflame, L50, F|4/100|[from] Volt Switch\n|-ability|p1b: Ogerpon|Mold Breaker\n|\n|-weather|SunnyDay|[upkeep]\n|-heal|p1a: Calyrex|51/100|[from] Grassy Terrain\n|-heal|p2a: Rillaboom|77/100|[from] Grassy Terrain\n|-heal|p1b: Ogerpon|10/100|[from] Grassy Terrain\n|upkeep\n|\n|t:|1745994291\n|switch|p2b: Koraidon|Koraidon, L50, tera:Fire|53/100\n|-activate|p2b: Koraidon|ability: Orichalcum Pulse\n|turn|5\n|\n|t:|1745994309\n|move|p1a: Calyrex|Protect|p1a: Calyrex\n|-singleturn|p1a: Calyrex|Protect\n|move|p1b: Ogerpon|Spiky Shield|p1b: Ogerpon\n|-singleturn|p1b: Ogerpon|move: Protect\n|move|p2a: Rillaboom|Fake Out|p1a: Calyrex\n|-activate|p1a: Calyrex|move: Protect\n|move|p2b: Koraidon|Flame Charge|p1b: Ogerpon\n|-activate|p1b: Ogerpon|move: Protect\n|-damage|p2b: Koraidon|41/100|[from] Spiky Shield|[of] p1b: Ogerpon\n|\n|-weather|none\n|-heal|p1a: Calyrex|57/100|[from] Grassy Terrain\n|-heal|p2a: Rillaboom|83/100|[from] Grassy Terrain\n|-heal|p1b: Ogerpon|15/100|[from] Grassy Terrain\n|-heal|p2b: Koraidon|47/100|[from] Grassy Terrain\n|-fieldend|move: Trick Room\n|upkeep\n|turn|6\n|inactive|amurali has 30 seconds left.\n|\n|t:|1745994341\n|switch|p1a: Miraidon|Miraidon, L50|100/100\n|-fieldstart|move: Electric Terrain|[from] ability: Hadron Engine|[of] p1a: Miraidon\n|move|p1b: Ogerpon|Follow Me|p1b: Ogerpon\n|-singleturn|p1b: Ogerpon|move: Follow Me\n|move|p2b: Koraidon|Flame Charge|p1b: Ogerpon\n|-damage|p1b: Ogerpon|0 fnt\n|-boost|p2b: Koraidon|spe|1\n|faint|p1b: Ogerpon\n|-damage|p2b: Koraidon|37/100|[from] item: Life Orb\n|move|p2a: Rillaboom|Wood Hammer|p1a: Miraidon\n|-resisted|p1a: Miraidon\n|-damage|p1a: Miraidon|76/100\n|-damage|p2a: Rillaboom|74/100|[from] Recoil\n|\n|upkeep\n|\n|t:|1745994364\n|switch|p1b: Iron Hands|Iron Hands, L50|100/100\n|-activate|p1b: Iron Hands|ability: Quark Drive\n|-start|p1b: Iron Hands|quarkdriveatk\n|turn|7\n|inactive|amurali has 30 seconds left.\n|inactive|amurali has 20 seconds left.\n|inactive|amurali has 15 seconds left.\n|inactive|amurali has 10 seconds left.\n|\n|t:|1745994412\n|switch|p2a: Flutter Mane|Flutter Mane, L50|100/100\n|move|p2b: Koraidon|Protect|p2b: Koraidon\n|-singleturn|p2b: Koraidon|Protect\n|move|p1a: Miraidon|Volt Switch|p2a: Flutter Mane\n|-enditem|p2a: Flutter Mane|Focus Sash\n|-damage|p2a: Flutter Mane|1/100\n|\n|t:|1745994420\n|switch|p1a: Calyrex|Calyrex-Ice, L50, tera:Water|57/100|[from] Volt Switch\n|-ability|p1a: Calyrex|As One\n|-ability|p1a: Calyrex|Unnerve\n|move|p1b: Iron Hands|Wild Charge|p2b: Koraidon\n|-activate|p2b: Koraidon|move: Protect\n|\n|upkeep\n|turn|8\n|inactive|nibblesjibbles has 30 seconds left.\n|inactive|amurali has 30 seconds left.\n|inactive|nibblesjibbles has 20 seconds left.\n|inactive|amurali has 20 seconds left.\n|inactive|nibblesjibbles has 15 seconds left.\n|inactive|nibblesjibbles has 10 seconds left.\n|\n|t:|1745994469\n|move|p2b: Koraidon|Close Combat|p1a: Calyrex\n|-damage|p1a: Calyrex|9/100\n|-unboost|p2b: Koraidon|def|1\n|-unboost|p2b: Koraidon|spd|1\n|-damage|p2b: Koraidon|28/100|[from] item: Life Orb\n|move|p2a: Flutter Mane|Moonblast|p1b: Iron Hands\n|-supereffective|p1b: Iron Hands\n|-damage|p1b: Iron Hands|48/100\n|-unboost|p1b: Iron Hands|spa|1\n|move|p1a: Calyrex|Glacial Lance|p2a: Flutter Mane|[spread] p2a,p2b\n|-resisted|p2b: Koraidon\n|-damage|p2a: Flutter Mane|0 fnt\n|-damage|p2b: Koraidon|0 fnt\n|faint|p2a: Flutter Mane\n|-end|p2a: Flutter Mane|Protosynthesis|[silent]\n|faint|p2b: Koraidon\n|-ability|p1a: Calyrex|Chilling Neigh|boost\n|-boost|p1a: Calyrex|atk|2\n|move|p1b: Iron Hands|Drain Punch|p2: Flutter Mane|[notarget]\n|-fail|p1b: Iron Hands\n|\n|upkeep\n|\n|t:|1745994474\n|switch|p2b: Rillaboom|Rillaboom, L50, F|74/100\n|-fieldstart|move: Grassy Terrain|[from] ability: Grassy Surge|[of] p2b: Rillaboom\n|-end|p1b: Iron Hands|Quark Drive\n|turn|9\n|\n|t:|1745994494\n|move|p2b: Rillaboom|Grassy Glide|p1a: Calyrex\n|-supereffective|p1a: Calyrex\n|-damage|p1a: Calyrex|0 fnt\n|faint|p1a: Calyrex\n|move|p1b: Iron Hands|Drain Punch|p2b: Rillaboom\n|-damage|p2b: Rillaboom|35/100\n|-heal|p1b: Iron Hands|64/100|[from] drain|[of] p2b: Rillaboom\n|\n|-heal|p2b: Rillaboom|41/100|[from] Grassy Terrain\n|-heal|p1b: Iron Hands|70/100|[from] Grassy Terrain\n|upkeep\n|\n|t:|1745994503\n|switch|p1a: Miraidon|Miraidon, L50|76/100\n|-fieldstart|move: Electric Terrain|[from] ability: Hadron Engine|[of] p1a: Miraidon\n|-activate|p1b: Iron Hands|ability: Quark Drive\n|-start|p1b: Iron Hands|quarkdriveatk\n|turn|10\n|-message|nibblesjibbles forfeited.\n|\n|win|amurali\n||nibblesjibbles is ready for game 2.\n", "uploadtime": 1745994510, "views": 90, "formatid": "gen9vgc2025regibo3", "rating": null, "private": 0, "password": null}