{"id": "gen9vgc2025regibo3-2354490686", "format": "[Gen 9] VGC 2025 Reg I (Bo3)", "players": ["scottedstone", "DiamondNate"], "log": "|j|\u2606scottedstone\n|j|\u2606DiamondNate\n|html|<table width=\"100%\"><tr><td align=\"left\">scottedstone</td><td align=\"right\">DiamondNate</tr><tr><td align=\"left\"><i class=\"fa fa-circle\"></i> <i class=\"fa fa-circle-o\"></i> </td><td align=\"right\"><i class=\"fa fa-circle-o\"></i> <i class=\"fa fa-circle-o\"></i> </tr></table>\n|uhtml|bestof|<h2><strong>Game 2</strong> of <a href=\"/game-bestof3-gen9vgc2025regibo3-2354489198\">a best-of-3</a></h2>\n|t:|1746080626\n|gametype|doubles\n|player|p1|scottedstone|265|1205\n|player|p2|DiamondNate|acetrainerf-gen4dp|1230\n|teamsize|p1|6\n|teamsize|p2|6\n|gen|9\n|tier|[Gen 9] VGC 2025 Reg I (Bo3)\n|rated|\n|rule|Species Clause: Limit one of each Pok\u00e9mon\n|rule|Item Clause: Limit 1 of each item\n|clearpoke\n|poke|p1|Miraidon, L50|\n|poke|p1|Iron Hands, L50|\n|poke|p1|Farigiraf, L50, F|\n|poke|p1|Ogerpon-Hearthflame, L50, F|\n|poke|p1|Whimsicott, L50, F|\n|poke|p1|Calyrex-Ice, L50|\n|poke|p2|Koraidon, L50|\n|poke|p2|Lunala, L50|\n|poke|p2|Indeedee-F, L50, F|\n|poke|p2|Chi-Yu, L50|\n|poke|p2|Whimsicott, L50, F|\n|poke|p2|Flutter Mane, L50|\n|teampreview|4\n|showteam|p1|Miraidon||ChoiceSpecs|HadronEngine|ElectroDrift,VoltSwitch,DracoMeteor,DazzlingGleam||||||50|,,,,,Fairy]Iron Hands||AssaultVest|QuarkDrive|DrainPunch,HeavySlam,LowKick,FakeOut||||||50|,,,,,Water]Farigiraf||ElectricSeed|ArmorTail|TrickRoom,Psychic,HelpingHand,FoulPlay|||F|||50|,,,,,Water]Ogerpon-Hearthflame||HearthflameMask|MoldBreaker|IvyCudgel,WoodHammer,FollowMe,SpikyShield|||F|||50|,,,,,Fire]Whimsicott||CovertCloak|Prankster|Moonblast,LightScreen,Encore,Tailwind|||F|||50|,,,,,Dark]Calyrex-Ice||ClearAmulet|AsOneGlastrier|GlacialLance,Protect,TrickRoom,HighHorsepower||||||50|,,,,,Fire\n|showteam|p2|Koraidon||ClearAmulet|OrichalcumPulse|FlareBlitz,CloseCombat,FlameCharge,Protect||||||50|,,,,,Fire]Lunala||PowerHerb|ShadowShield|ExpandingForce,MoongeistBeam,MeteorBeam,Protect||||||50|,,,,,Dark]Indeedee-F||PsychicSeed|PsychicSurge|FollowMe,TrickRoom,Imprison,AlluringVoice|||F|||50|,,,,,Water]Chi-Yu||ChoiceScarf|BeadsofRuin|HeatWave,Flamethrower,DarkPulse,Snarl||||||50|,,,,,Water]Whimsicott||CovertCloak|Prankster|Moonblast,Tailwind,SunnyDay,Encore|||F|||50|,,,,,Fire]Flutter Mane||FocusSash|Protosynthesis|Moonblast,IcyWind,Taunt,Protect||||||50|,,,,,Fairy\n|inactive|Battle timer is ON: inactive players will automatically lose when time's up. (requested by DiamondNate)\n|\n|t:|1746080654\n|start\n|switch|p1a: Miraidon|Miraidon, L50|100/100\n|switch|p1b: Whimsicott|Whimsicott, L50, F|100/100\n|switch|p2a: Chi-Yu|Chi-Yu, L50|100/100\n|switch|p2b: Lunala|Lunala, L50|100/100\n|-ability|p2a: Chi-Yu|Beads of Ruin\n|-fieldstart|move: Electric Terrain|[from] ability: Hadron Engine|[of] p1a: Miraidon\n|turn|1\n|inactive|scottedstone has 30 seconds left.\n|inactive|DiamondNate has 30 seconds left.\n|inactive|DiamondNate has 20 seconds left.\n|\n|t:|1746080690\n|switch|p2a: Indeedee|Indeedee-F, L50, F|100/100\n|-fieldstart|move: Psychic Terrain|[from] ability: Psychic Surge|[of] p2a: Indeedee\n|-enditem|p2a: Indeedee|Psychic Seed\n|-boost|p2a: Indeedee|spd|1|[from] item: Psychic Seed\n|-terastallize|p1a: Miraidon|Fairy\n|move|p1b: Whimsicott|Light Screen|p1b: Whimsicott\n|-sidestart|p1: scottedstone|move: Light Screen\n|move|p1a: Miraidon|Dazzling Gleam|p2b: Lunala|[spread] p2a,p2b\n|-damage|p2a: Indeedee|69/100\n|-damage|p2b: Lunala|82/100\n|move|p2b: Lunala|Expanding Force|p1b: Whimsicott|[spread] p1a,p1b\n|-damage|p1a: Miraidon|66/100\n|-damage|p1b: Whimsicott|53/100\n|\n|upkeep\n|turn|2\n|\n|t:|1746080710\n|switch|p1b: Calyrex|Calyrex-Ice, L50|100/100\n|-ability|p1b: Calyrex|As One\n|-ability|p1b: Calyrex|Unnerve\n|move|p1a: Miraidon|Dazzling Gleam|p2b: Lunala|[spread] p2a,p2b\n|-damage|p2a: Indeedee|39/100\n|-damage|p2b: Lunala|45/100\n|move|p2b: Lunala|Expanding Force|p1a: Miraidon|[spread] p1a,p1b\n|-resisted|p1b: Calyrex\n|-damage|p1a: Miraidon|32/100\n|-damage|p1b: Calyrex|86/100\n|move|p2a: Indeedee|Alluring Voice|p1a: Miraidon\n|-damage|p1a: Miraidon|22/100\n|\n|upkeep\n|turn|3\n|inactive|scottedstone has 30 seconds left.\n|inactive|scottedstone has 20 seconds left.\n|\n|t:|1746080748\n|move|p1b: Calyrex|Protect|p1b: Calyrex\n|-singleturn|p1b: Calyrex|Protect\n|move|p1a: Miraidon|Dazzling Gleam|p2a: Indeedee|[spread] p2a,p2b\n|-damage|p2a: Indeedee|10/100\n|-damage|p2b: Lunala|9/100\n|move|p2b: Lunala|Meteor Beam||[still]\n|-prepare|p2b: Lunala|Meteor Beam\n|-boost|p2b: Lunala|spa|1\n|-enditem|p2b: Lunala|Power Herb\n|-anim|p2b: Lunala|Meteor Beam|p1b: Calyrex\n|-activate|p1b: Calyrex|move: Protect\n|move|p2a: Indeedee|Imprison|p2a: Indeedee\n|-start|p2a: Indeedee|move: Imprison\n|\n|upkeep\n|turn|4\n|\n|t:|1746080764\n|switch|p1b: Whimsicott|Whimsicott, L50, F|53/100\n|move|p2b: Lunala|Protect|p2b: Lunala\n|-singleturn|p2b: Lunala|Protect\n|move|p1a: Miraidon|Dazzling Gleam|p2a: Indeedee|[spread] p2a\n|-activate|p2b: Lunala|move: Protect\n|-damage|p2a: Indeedee|0 fnt\n|faint|p2a: Indeedee\n|\n|upkeep\n|\n|t:|1746080771\n|switch|p2a: Chi-Yu|Chi-Yu, L50|100/100\n|-ability|p2a: Chi-Yu|Beads of Ruin\n|turn|5\n|\n|t:|1746080783\n|move|p1b: Whimsicott|Tailwind|p1b: Whimsicott\n|-sidestart|p1: scottedstone|move: Tailwind\n|move|p1a: Miraidon|Dazzling Gleam|p2a: Chi-Yu|[spread] p2a,p2b\n|-damage|p2a: Chi-Yu|43/100\n|-damage|p2b: Lunala|0 fnt\n|faint|p2b: Lunala\n|move|p2a: Chi-Yu|Heat Wave|p1a: Miraidon|[spread] p1a,p1b\n|-supereffective|p1b: Whimsicott\n|-damage|p1a: Miraidon|0 fnt\n|-damage|p1b: Whimsicott|0 fnt\n|faint|p1a: Miraidon\n|faint|p1b: Whimsicott\n|\n|-sideend|p1: scottedstone|move: Light Screen\n|-fieldend|move: Psychic Terrain\n|upkeep\n|\n|t:|1746080793\n|switch|p1a: Ogerpon|Ogerpon-Hearthflame, L50, F|100/100\n|switch|p1b: Calyrex|Calyrex-Ice, L50|86/100\n|switch|p2b: Koraidon|Koraidon, L50|100/100\n|-ability|p1b: Calyrex|As One\n|-ability|p1b: Calyrex|Unnerve\n|-ability|p1a: Ogerpon|Mold Breaker\n|-weather|SunnyDay|[from] ability: Orichalcum Pulse|[of] p2b: Koraidon\n|-activate|p2b: Koraidon|Orichalcum Pulse|[source]\n|turn|6\n|inactive|scottedstone has 30 seconds left.\n|\n|t:|1746080818\n|-terastallize|p2b: Koraidon|Fire\n|move|p1b: Calyrex|Protect|p1b: Calyrex\n|-singleturn|p1b: Calyrex|Protect\n|move|p1a: Ogerpon|Ivy Cudgel|p2a: Chi-Yu|[anim] Ivy Cudgel Fire\n|-resisted|p2a: Chi-Yu\n|-damage|p2a: Chi-Yu|0 fnt\n|faint|p2a: Chi-Yu\n|move|p2b: Koraidon|Flare Blitz|p1a: Ogerpon\n|-damage|p1a: Ogerpon|0 fnt\n|faint|p1a: Ogerpon\n|-damage|p2b: Koraidon|70/100|[from] Recoil\n|\n|-weather|SunnyDay|[upkeep]\n|upkeep\n|turn|7\n|\n|t:|1746080831\n|move|p2b: Koraidon|Flare Blitz|p1b: Calyrex\n|-supereffective|p1b: Calyrex\n|-damage|p1b: Calyrex|0 fnt\n|faint|p1b: Calyrex\n|-damage|p2b: Koraidon|37/100|[from] Recoil\n|\n|win|DiamondNate\n", "uploadtime": 1746080833, "views": 24, "formatid": "gen9vgc2025regibo3", "rating": null, "private": 0, "password": null}