{"id": "gen9vgc2025regibo3-2354768892", "format": "[Gen 9] VGC 2025 Reg I (Bo3)", "players": ["dengonumber1fan", "dondozo sucks"], "log": "|j|\u2606dengonumber1fan\n|j|\u2606dondozo sucks\n|html|<table width=\"100%\"><tr><td align=\"left\">dengonumber1fan</td><td align=\"right\">dondozo sucks</tr><tr><td align=\"left\"><i class=\"fa fa-circle\"></i> <i class=\"fa fa-circle-o\"></i> </td><td align=\"right\"><i class=\"fa fa-circle-o\"></i> <i class=\"fa fa-circle-o\"></i> </tr></table>\n|uhtml|bestof|<h2><strong>Game 2</strong> of <a href=\"/game-bestof3-gen9vgc2025regibo3-2354766709\">a best-of-3</a></h2>\n|t:|1746118135\n|gametype|doubles\n|player|p1|dengonumber1fan|benga|1599\n|player|p2|dondozo sucks|dawn|1712\n|teamsize|p1|6\n|teamsize|p2|6\n|gen|9\n|tier|[Gen 9] VGC 2025 Reg I (Bo3)\n|rated|\n|rule|Species Clause: Limit one of each Pok\u00e9mon\n|rule|Item Clause: Limit 1 of each item\n|clearpoke\n|poke|p1|Terapagos, L50, M|\n|poke|p1|Calyrex-Shadow, L50|\n|poke|p1|Flutter Mane, L50|\n|poke|p1|Ogerpon-Cornerstone, L50, F|\n|poke|p1|Incineroar, L50, M|\n|poke|p1|Rillaboom, L50, F|\n|poke|p2|Calyrex-Shadow, L50|\n|poke|p2|Incineroar, L50, M|\n|poke|p2|Rillaboom, L50, M|\n|poke|p2|Terapagos, L50, M|\n|poke|p2|Ogerpon-Cornerstone, L50, F|\n|poke|p2|Grimmsnarl, L50, M|\n|teampreview|4\n|showteam|p1|Terapagos||Leftovers|TeraShift|TeraStarstorm,EarthPower,CalmMind,Protect|||M|||50|,,,,,Stellar]Calyrex-Shadow||FocusSash|AsOneSpectrier|AstralBarrage,Encore,Disable,Protect||||||50|,,,,,Ghost]Flutter Mane||BoosterEnergy|Protosynthesis|Moonblast,ThunderWave,Taunt,Protect||||||50|,,,,,Normal]Ogerpon-Cornerstone||CornerstoneMask|Sturdy|IvyCudgel,PowerWhip,FollowMe,SpikyShield|||F|||50|,,,,,Rock]Incineroar||RockyHelmet|Intimidate|KnockOff,FakeOut,WillOWisp,PartingShot|||M|||50|,,,,,Poison]Rillaboom||AssaultVest|GrassySurge|WoodHammer,GrassyGlide,Uturn,FakeOut|||F|||50|,,,,,Fire\n|showteam|p2|Calyrex-Shadow||FocusSash|AsOneSpectrier|WillOWisp,Psychic,Protect,AstralBarrage||||||50|,,,,,Ghost]Incineroar||SafetyGoggles|Intimidate|KnockOff,HelpingHand,FakeOut,PartingShot|||M|||50|,,,,,Ghost]Rillaboom||AssaultVest|GrassySurge|WoodHammer,Uturn,FakeOut,GrassyGlide|||M|||50|,,,,,Fire]Terapagos||Leftovers|TeraShift|TeraStarstorm,Flamethrower,CalmMind,Protect|||M|||50|,,,,,Stellar]Ogerpon-Cornerstone||CornerstoneMask|Sturdy|IvyCudgel,GrassyGlide,FollowMe,SpikyShield|||F|||50|,,,,,Rock]Grimmsnarl||LightClay|Prankster|Reflect,LightScreen,SpiritBreak,ThunderWave|||M|||50|,,,,,Ghost\n|inactive|Battle timer is ON: inactive players will automatically lose when time's up. (requested by dengonumber1fan)\n|\n|t:|1746118148\n|start\n|switch|p1a: Incineroar|Incineroar, L50, M|100/100\n|switch|p1b: Flutter Mane|Flutter Mane, L50|100/100\n|switch|p2a: Grimmsnarl|Grimmsnarl, L50, M|100/100\n|switch|p2b: Calyrex|Calyrex-Shadow, L50|100/100\n|-ability|p2b: Calyrex|As One\n|-ability|p2b: Calyrex|Unnerve\n|-ability|p1a: Incineroar|Intimidate|boost\n|-unboost|p2a: Grimmsnarl|atk|1\n|-unboost|p2b: Calyrex|atk|1\n|-enditem|p1b: Flutter Mane|Booster Energy\n|-activate|p1b: Flutter Mane|ability: Protosynthesis|[fromitem]\n|-start|p1b: Flutter Mane|protosynthesisspe\n|turn|1\n|inactive|dengonumber1fan has 30 seconds left.\n|\n|t:|1746118174\n|move|p2b: Calyrex|Protect|p2b: Calyrex\n|-singleturn|p2b: Calyrex|Protect\n|move|p1a: Incineroar|Fake Out|p2a: Grimmsnarl\n|-damage|p2a: Grimmsnarl|91/100\n|cant|p2a: Grimmsnarl|flinch\n|move|p1b: Flutter Mane|Thunder Wave|p2b: Calyrex\n|-activate|p2b: Calyrex|move: Protect\n|\n|upkeep\n|turn|2\n|\n|t:|1746118191\n|switch|p2b: Incineroar|Incineroar, L50, M|100/100\n|-ability|p2b: Incineroar|Intimidate|boost\n|-unboost|p1a: Incineroar|atk|1\n|-unboost|p1b: Flutter Mane|atk|1\n|move|p2a: Grimmsnarl|Light Screen|p2a: Grimmsnarl\n|-sidestart|p2: dondozo sucks|move: Light Screen\n|move|p1b: Flutter Mane|Moonblast|p2b: Incineroar\n|-damage|p2b: Incineroar|75/100\n|-unboost|p2b: Incineroar|spa|1\n|move|p1a: Incineroar|Knock Off|p2b: Incineroar\n|-resisted|p2b: Incineroar\n|-damage|p2b: Incineroar|65/100\n|-enditem|p2b: Incineroar|Safety Goggles|[from] move: Knock Off|[of] p1a: Incineroar\n|\n|upkeep\n|turn|3\n|\n|t:|1746118212\n|move|p2a: Grimmsnarl|Thunder Wave|p1b: Flutter Mane|[miss]\n|-miss|p2a: Grimmsnarl|p1b: Flutter Mane\n|move|p1b: Flutter Mane|Moonblast|p2a: Grimmsnarl\n|-supereffective|p2a: Grimmsnarl\n|-damage|p2a: Grimmsnarl|39/100\n|move|p2b: Incineroar|Knock Off|p1a: Incineroar\n|-resisted|p1a: Incineroar\n|-damage|p1a: Incineroar|86/100\n|-damage|p2b: Incineroar|49/100|[from] item: Rocky Helmet|[of] p1a: Incineroar\n|-enditem|p1a: Incineroar|Rocky Helmet|[from] move: Knock Off|[of] p2b: Incineroar\n|move|p1a: Incineroar|Will-O-Wisp|p2a: Grimmsnarl|[miss]\n|-miss|p1a: Incineroar|p2a: Grimmsnarl\n|\n|upkeep\n|turn|4\n|\n|t:|1746118234\n|move|p2a: Grimmsnarl|Thunder Wave|p1b: Flutter Mane|[miss]\n|-miss|p2a: Grimmsnarl|p1b: Flutter Mane\n|move|p1b: Flutter Mane|Moonblast|p2a: Grimmsnarl\n|-supereffective|p2a: Grimmsnarl\n|-damage|p2a: Grimmsnarl|0 fnt\n|faint|p2a: Grimmsnarl\n|move|p2b: Incineroar|Parting Shot|p1a: Incineroar\n|-unboost|p1a: Incineroar|atk|1\n|-unboost|p1a: Incineroar|spa|1\n|\n|t:|1746118240\n|switch|p2b: Terapagos|Terapagos, L50, M|100/100|[from] Parting Shot\n|-activate|p2b: Terapagos|ability: Tera Shift\n|detailschange|p2b: Terapagos|Terapagos-Terastal, L50, M\n|-heal|p2b: Terapagos|100/100|[silent]\n|move|p1a: Incineroar|Parting Shot|p2b: Terapagos\n|-unboost|p2b: Terapagos|atk|1\n|-unboost|p2b: Terapagos|spa|1\n|\n|t:|1746118251\n|switch|p1a: Terapagos|Terapagos, L50, M|100/100|[from] Parting Shot\n|-activate|p1a: Terapagos|ability: Tera Shift\n|detailschange|p1a: Terapagos|Terapagos-Terastal, L50, M\n|-heal|p1a: Terapagos|100/100|[silent]\n|\n|upkeep\n|\n|t:|1746118252\n|switch|p2a: Calyrex|Calyrex-Shadow, L50|100/100\n|-ability|p2a: Calyrex|As One\n|-ability|p2a: Calyrex|Unnerve\n|turn|5\n|\n|t:|1746118271\n|switch|p2b: Incineroar|Incineroar, L50, M|49/100\n|-ability|p2b: Incineroar|Intimidate|boost\n|-unboost|p1a: Terapagos|atk|1\n|-unboost|p1b: Flutter Mane|atk|1\n|move|p1b: Flutter Mane|Thunder Wave|p2a: Calyrex\n|-status|p2a: Calyrex|par\n|move|p1a: Terapagos|Calm Mind|p1a: Terapagos\n|-boost|p1a: Terapagos|spa|1\n|-boost|p1a: Terapagos|spd|1\n|cant|p2a: Calyrex|par\n|\n|upkeep\n|turn|6\n|\n|t:|1746118292\n|move|p2b: Incineroar|Fake Out|p1a: Terapagos\n|-activate|p1a: Terapagos|ability: Tera Shell\n|-resisted|p1a: Terapagos\n|-damage|p1a: Terapagos|97/100\n|move|p1b: Flutter Mane|Moonblast|p2a: Calyrex\n|-damage|p2a: Calyrex|73/100 par\n|cant|p1a: Terapagos|flinch\n|move|p2a: Calyrex|Astral Barrage|p1b: Flutter Mane|[spread] p1b\n|-immune|p1a: Terapagos\n|-supereffective|p1b: Flutter Mane\n|-damage|p1b: Flutter Mane|9/100\n|\n|-heal|p1a: Terapagos|100/100|[from] item: Leftovers\n|upkeep\n|turn|7\n|inactive|dengonumber1fan has 30 seconds left.\n|\n|t:|1746118318\n|switch|p2b: Terapagos|Terapagos-Terastal, L50, M|100/100\n|move|p1b: Flutter Mane|Protect|p1b: Flutter Mane\n|-singleturn|p1b: Flutter Mane|Protect\n|move|p1a: Terapagos|Calm Mind|p1a: Terapagos\n|-boost|p1a: Terapagos|spa|1\n|-boost|p1a: Terapagos|spd|1\n|move|p2a: Calyrex|Astral Barrage|p1a: Terapagos|[spread] \n|-activate|p1b: Flutter Mane|move: Protect\n|-immune|p1a: Terapagos\n|\n|upkeep\n|turn|8\n|\n|t:|1746118335\n|move|p2b: Terapagos|Protect|p2b: Terapagos\n|-singleturn|p2b: Terapagos|Protect\n|move|p1b: Flutter Mane|Thunder Wave|p2b: Terapagos\n|-activate|p2b: Terapagos|move: Protect\n|move|p1a: Terapagos|Calm Mind|p1a: Terapagos\n|-boost|p1a: Terapagos|spa|1\n|-boost|p1a: Terapagos|spd|1\n|move|p2a: Calyrex|Will-O-Wisp|p1a: Terapagos\n|-status|p1a: Terapagos|brn\n|\n|-damage|p1a: Terapagos|94/100 brn|[from] brn\n|upkeep\n|turn|9\n|\n|t:|1746118350\n|move|p1b: Flutter Mane|Thunder Wave|p2b: Terapagos\n|-status|p2b: Terapagos|par\n|move|p1a: Terapagos|Calm Mind|p1a: Terapagos\n|-boost|p1a: Terapagos|spa|1\n|-boost|p1a: Terapagos|spd|1\n|cant|p2a: Calyrex|par\n|cant|p2b: Terapagos|par\n|\n|-heal|p1a: Terapagos|100/100 brn|[from] item: Leftovers\n|-damage|p1a: Terapagos|94/100 brn|[from] brn\n|-sideend|p2: dondozo sucks|move: Light Screen\n|upkeep\n|turn|10\n|j| PEKORA999\n|\n|t:|1746118364\n|-terastallize|p1a: Terapagos|Stellar\n|detailschange|p1a: Terapagos|Terapagos-Stellar, L50, M, tera:Stellar\n|-heal|p1a: Terapagos|96/100 brn|[silent]\n|move|p1b: Flutter Mane|Moonblast|p2b: Terapagos\n|-activate|p2b: Terapagos|ability: Tera Shell\n|-resisted|p2b: Terapagos\n|-damage|p2b: Terapagos|82/100 par\n|move|p1a: Terapagos|Tera Starstorm|p2b: Terapagos|[spread] p2a,p2b\n|-damage|p2a: Calyrex|0 fnt\n|-damage|p2b: Terapagos|0 fnt\n|faint|p2a: Calyrex\n|faint|p2b: Terapagos\n|\n|-heal|p1a: Terapagos|100/100 brn|[from] item: Leftovers\n|-damage|p1a: Terapagos|94/100 brn|[from] brn\n|upkeep\n|\n|t:|1746118368\n|switch|p2b: Incineroar|Incineroar, L50, M|49/100\n|-ability|p2b: Incineroar|Intimidate|boost\n|-unboost|p1a: Terapagos|atk|1\n|-unboost|p1b: Flutter Mane|atk|1\n|turn|11\n|\n|t:|1746118383\n|move|p1b: Flutter Mane|Moonblast|p2b: Incineroar\n|-damage|p2b: Incineroar|11/100\n|move|p1a: Terapagos|Tera Starstorm|p2b: Incineroar\n|-damage|p2b: Incineroar|0 fnt\n|faint|p2b: Incineroar\n|\n|win|dengonumber1fan\n|raw|dengonumber1fan's rating: 1599 &rarr; <strong>1625</strong><br />(+26 for winning)\n|raw|dondozo sucks's rating: 1712 &rarr; <strong>1686</strong><br />(-26 for losing)\n|l|\u2606dondozo sucks\n|player|p2|\n", "uploadtime": 1746118405, "views": 43, "formatid": "gen9vgc2025regibo3", "rating": 1625, "private": 0, "password": null}