{"id": "gen9vgc2025regibo3-2354982874", "format": "[Gen 9] VGC 2025 Reg I (Bo3)", "players": ["SunnySleepy", "RaulLucena04"], "log": "|j|\u2606SunnySleepy\n|j|\u2606RaulLucena04\n|html|<table width=\"100%\"><tr><td align=\"left\">SunnySleepy</td><td align=\"right\">RaulLucena04</tr><tr><td align=\"left\"><i class=\"fa fa-circle\"></i> <i class=\"fa fa-circle-o\"></i> </td><td align=\"right\"><i class=\"fa fa-circle-o\"></i> <i class=\"fa fa-circle\"></i> </tr></table>\n|uhtml|bestof|<h2><strong>Game 3</strong> of <a href=\"/game-bestof3-gen9vgc2025regibo3-2354977061\">a best-of-3</a></h2>\n|t:|1746138484\n|gametype|doubles\n|player|p1|SunnySleepy|102|1120\n|player|p2|RaulLucena04|169|1097\n|teamsize|p1|6\n|teamsize|p2|6\n|gen|9\n|tier|[Gen 9] VGC 2025 Reg I (Bo3)\n|rated|\n|rule|Species Clause: Limit one of each Pok\u00e9mon\n|rule|Item Clause: Limit 1 of each item\n|clearpoke\n|poke|p1|Lunala, L50|\n|poke|p1|Miraidon, L50|\n|poke|p1|Ogerpon-Cornerstone, L50, F|\n|poke|p1|Tornadus, L50, M|\n|poke|p1|Incineroar, L50, F|\n|poke|p1|Clefairy, L50, F|\n|poke|p2|Calyrex-Shadow, L50|\n|poke|p2|Terapagos, L50, M|\n|poke|p2|Rillaboom, L50, M|\n|poke|p2|Incineroar, L50, F|\n|poke|p2|Ogerpon-Hearthflame, L50, F|\n|poke|p2|Urshifu-*, L50, F|\n|teampreview|4\n|showteam|p1|Lunala||ElectricSeed|ShadowShield|Moonblast,MoongeistBeam,WideGuard,Protect||||||50|,,,,,Fairy]Miraidon||ChoiceSpecs|HadronEngine|ElectroDrift,DazzlingGleam,VoltSwitch,DracoMeteor||||||50|,,,,,Fairy]Ogerpon-Cornerstone||CornerstoneMask|Sturdy|IvyCudgel,SpikyShield,FollowMe,HornLeech|||F|||50|,,,,,Rock]Tornadus||CovertCloak|Prankster|Taunt,Tailwind,BleakwindStorm,Protect|||M|||50|,,,,,Dark]Incineroar||RockyHelmet|Intimidate|FakeOut,KnockOff,PartingShot,FlareBlitz|||F|||50|,,,,,Grass]Clefairy||Eviolite|FriendGuard|FollowMe,HelpingHand,AfterYou,Moonblast|||F|||50|,,,,,Water\n|showteam|p2|Calyrex-Shadow||LifeOrb|AsOneSpectrier|AstralBarrage,NastyPlot,Protect,Psychic||||||50|,,,,,Normal]Terapagos||Leftovers|TeraShift|TeraStarstorm,EarthPower,Protect,CalmMind|||M|||50|,,,,,Stellar]Rillaboom||AssaultVest|GrassySurge|Uturn,GrassyGlide,WoodHammer,FakeOut|||M|||50|,,,,,Water]Incineroar||RockyHelmet|Intimidate|WillOWisp,KnockOff,FakeOut,PartingShot|||F|||50|,,,,,Ghost]Ogerpon-Hearthflame||HearthflameMask|MoldBreaker|IvyCudgel,GrassyGlide,FollowMe,SpikyShield|||F|||50|,,,,,Fire]Urshifu-Rapid-Strike||ChoiceScarf|UnseenFist|SurgingStrikes,CloseCombat,Uturn,AquaJet|||F|||50|,,,,,Water\n|inactive|Battle timer is ON: inactive players will automatically lose when time's up. (requested by SunnySleepy)\n|\n|t:|1746138510\n|start\n|switch|p1a: Tornadus|Tornadus, L50, M|100/100\n|switch|p1b: Miraidon|Miraidon, L50|100/100\n|switch|p2a: Urshifu|Urshifu-Rapid-Strike, L50, F|100/100\n|switch|p2b: Incineroar|Incineroar, L50, F|100/100\n|-fieldstart|move: Electric Terrain|[from] ability: Hadron Engine|[of] p1b: Miraidon\n|-ability|p2b: Incineroar|Intimidate|boost\n|-unboost|p1a: Tornadus|atk|1\n|-unboost|p1b: Miraidon|atk|1\n|turn|1\n|inactive|RaulLucena04 has 30 seconds left.\n|\n|t:|1746138539\n|switch|p1b: Lunala|Lunala, L50|100/100\n|-enditem|p1b: Lunala|Electric Seed\n|-boost|p1b: Lunala|def|1|[from] item: Electric Seed\n|move|p1a: Tornadus|Protect|p1a: Tornadus\n|-singleturn|p1a: Tornadus|Protect\n|move|p2b: Incineroar|Fake Out|p1b: Lunala\n|-immune|p1b: Lunala\n|move|p2a: Urshifu|U-turn|p1b: Lunala\n|-damage|p1b: Lunala|92/100\n|\n|t:|1746138555\n|switch|p2a: Terapagos|Terapagos, L50, M|100/100|[from] U-turn\n|-activate|p2a: Terapagos|ability: Tera Shift\n|detailschange|p2a: Terapagos|Terapagos-Terastal, L50, M\n|-heal|p2a: Terapagos|100/100|[silent]\n|\n|upkeep\n|turn|2\n|\n|t:|1746138562\n|move|p1a: Tornadus|Taunt|p2a: Terapagos\n|-start|p2a: Terapagos|move: Taunt\n|move|p1b: Lunala|Moonblast|p2b: Incineroar\n|-damage|p2b: Incineroar|68/100\n|cant|p2a: Terapagos|move: Taunt|Calm Mind\n|move|p2b: Incineroar|Knock Off|p1b: Lunala\n|-supereffective|p1b: Lunala\n|-damage|p1b: Lunala|24/100\n|\n|upkeep\n|turn|3\n|inactive|RaulLucena04 has 30 seconds left.\n|inactive|RaulLucena04 has 20 seconds left.\n|inactive|RaulLucena04 has 15 seconds left.\n|inactive|RaulLucena04 has 10 seconds left.\n|\n|t:|1746138609\n|-terastallize|p2a: Terapagos|Stellar\n|detailschange|p2a: Terapagos|Terapagos-Stellar, L50, M, tera:Stellar\n|-heal|p2a: Terapagos|100/100|[silent]\n|-ability|p2a: Terapagos|Teraform Zero\n|-fieldend|move: Electric Terrain\n|move|p1a: Tornadus|Tailwind|p1a: Tornadus\n|-sidestart|p1: SunnySleepy|move: Tailwind\n|move|p1b: Lunala|Moonblast|p2b: Incineroar\n|-damage|p2b: Incineroar|36/100\n|move|p2a: Terapagos|Tera Starstorm|p1b: Lunala|[spread] p1a,p1b\n|-damage|p1a: Tornadus|71/100\n|-damage|p1b: Lunala|0 fnt\n|faint|p1b: Lunala\n|move|p2b: Incineroar|Parting Shot|p1a: Tornadus\n|-unboost|p1a: Tornadus|atk|1\n|-unboost|p1a: Tornadus|spa|1\n|inactive|RaulLucena04 has 30 seconds left.\n|\n|t:|1746138636\n|switch|p2b: Rillaboom|Rillaboom, L50, M|100/100|[from] Parting Shot\n|-fieldstart|move: Grassy Terrain|[from] ability: Grassy Surge|[of] p2b: Rillaboom\n|\n|upkeep\n|\n|t:|1746138642\n|switch|p1b: Incineroar|Incineroar, L50, F|100/100\n|-ability|p1b: Incineroar|Intimidate|boost\n|-unboost|p2a: Terapagos|atk|1\n|-unboost|p2b: Rillaboom|atk|1\n|turn|4\n|\n|t:|1746138650\n|move|p1a: Tornadus|Protect|p1a: Tornadus\n|-singleturn|p1a: Tornadus|Protect\n|move|p1b: Incineroar|Fake Out|p2a: Terapagos\n|-damage|p2a: Terapagos|92/100\n|move|p2b: Rillaboom|Fake Out|p1b: Incineroar\n|-crit|p1b: Incineroar\n|-damage|p1b: Incineroar|80/100\n|-damage|p2b: Rillaboom|84/100|[from] item: Rocky Helmet|[of] p1b: Incineroar\n|cant|p2a: Terapagos|flinch\n|\n|-heal|p1b: Incineroar|86/100|[from] Grassy Terrain\n|-heal|p2a: Terapagos|98/100|[from] Grassy Terrain\n|-heal|p2a: Terapagos|100/100|[from] item: Leftovers\n|-heal|p2b: Rillaboom|90/100|[from] Grassy Terrain\n|-end|p2a: Terapagos|move: Taunt\n|upkeep\n|turn|5\n|\n|t:|1746138663\n|switch|p2b: Urshifu|Urshifu-Rapid-Strike, L50, F|100/100\n|move|p2a: Terapagos|Protect|p2a: Terapagos\n|-singleturn|p2a: Terapagos|Protect\n|move|p1a: Tornadus|Taunt|p2a: Terapagos\n|-activate|p2a: Terapagos|move: Protect\n|move|p1b: Incineroar|Flare Blitz|p2b: Urshifu\n|-resisted|p2b: Urshifu\n|-damage|p2b: Urshifu|70/100\n|-status|p2b: Urshifu|brn\n|-damage|p1b: Incineroar|77/100|[from] Recoil\n|\n|-heal|p2b: Urshifu|75/100 brn|[from] Grassy Terrain\n|-heal|p1b: Incineroar|83/100|[from] Grassy Terrain\n|-damage|p2b: Urshifu|70/100 brn|[from] brn\n|upkeep\n|turn|6\n|\n|t:|1746138686\n|move|p1a: Tornadus|Taunt|p2a: Terapagos\n|-start|p2a: Terapagos|move: Taunt\n|move|p2b: Urshifu|Surging Strikes|p1b: Incineroar\n|-supereffective|p1b: Incineroar\n|-crit|p1b: Incineroar\n|-damage|p1b: Incineroar|59/100\n|-damage|p2b: Urshifu|53/100 brn|[from] item: Rocky Helmet|[of] p1b: Incineroar\n|-supereffective|p1b: Incineroar\n|-crit|p1b: Incineroar\n|-damage|p1b: Incineroar|38/100\n|-damage|p2b: Urshifu|36/100 brn|[from] item: Rocky Helmet|[of] p1b: Incineroar\n|-supereffective|p1b: Incineroar\n|-crit|p1b: Incineroar\n|-damage|p1b: Incineroar|16/100\n|-damage|p2b: Urshifu|20/100 brn|[from] item: Rocky Helmet|[of] p1b: Incineroar\n|-hitcount|p1b: Incineroar|3\n|move|p1b: Incineroar|Parting Shot|p2a: Terapagos\n|-unboost|p2a: Terapagos|atk|1\n|-unboost|p2a: Terapagos|spa|1\n|\n|t:|1746138702\n|switch|p1b: Miraidon|Miraidon, L50|100/100|[from] Parting Shot\n|-fieldstart|move: Electric Terrain|[from] ability: Hadron Engine|[of] p1b: Miraidon\n|move|p2a: Terapagos|Earth Power|p1b: Miraidon\n|-supereffective|p1b: Miraidon\n|-damage|p1b: Miraidon|60/100\n|\n|-damage|p2b: Urshifu|14/100 brn|[from] brn\n|-sideend|p1: SunnySleepy|move: Tailwind\n|upkeep\n|turn|7\n|inactive|RaulLucena04 has 30 seconds left.\n|\n|t:|1746138728\n|move|p1a: Tornadus|Tailwind|p1a: Tornadus\n|-sidestart|p1: SunnySleepy|move: Tailwind\n|move|p1b: Miraidon|Electro Drift|p2a: Terapagos\n|-damage|p2a: Terapagos|15/100\n|move|p2b: Urshifu|Surging Strikes|p1a: Tornadus\n|-crit|p1a: Tornadus\n|-damage|p1a: Tornadus|57/100\n|-crit|p1a: Tornadus\n|-damage|p1a: Tornadus|44/100\n|-crit|p1a: Tornadus\n|-damage|p1a: Tornadus|29/100\n|-hitcount|p1a: Tornadus|3\n|move|p2a: Terapagos|Earth Power|p1b: Miraidon\n|-supereffective|p1b: Miraidon\n|-damage|p1b: Miraidon|17/100\n|\n|-heal|p2a: Terapagos|22/100|[from] item: Leftovers\n|-damage|p2b: Urshifu|8/100 brn|[from] brn\n|upkeep\n|turn|8\n|\n|t:|1746138748\n|switch|p2a: Rillaboom|Rillaboom, L50, M|90/100\n|-fieldstart|move: Grassy Terrain|[from] ability: Grassy Surge|[of] p2a: Rillaboom\n|move|p1b: Miraidon|Electro Drift|p2a: Rillaboom\n|-resisted|p2a: Rillaboom\n|-damage|p2a: Rillaboom|64/100\n|move|p1a: Tornadus|Bleakwind Storm|p2b: Urshifu|[spread] p2a,p2b\n|-supereffective|p2a: Rillaboom\n|-supereffective|p2b: Urshifu\n|-damage|p2a: Rillaboom|37/100\n|-damage|p2b: Urshifu|0 fnt\n|-unboost|p2a: Rillaboom|spe|1\n|faint|p2b: Urshifu\n|\n|-heal|p1b: Miraidon|23/100|[from] Grassy Terrain\n|-heal|p2a: Rillaboom|43/100|[from] Grassy Terrain\n|upkeep\n|\n|t:|1746138759\n|switch|p2b: Incineroar|Incineroar, L50, F|36/100\n|-ability|p2b: Incineroar|Intimidate|boost\n|-unboost|p1a: Tornadus|atk|1\n|-unboost|p1b: Miraidon|atk|1\n|turn|9\n|\n|t:|1746138765\n|switch|p1b: Incineroar|Incineroar, L50, F|16/100\n|-ability|p1b: Incineroar|Intimidate|boost\n|-unboost|p2a: Rillaboom|atk|1\n|-unboost|p2b: Incineroar|atk|1\n|move|p2b: Incineroar|Fake Out|p1b: Incineroar\n|-damage|p1b: Incineroar|8/100\n|-damage|p2b: Incineroar|20/100|[from] item: Rocky Helmet|[of] p1b: Incineroar\n|move|p2a: Rillaboom|Grassy Glide|p1b: Incineroar\n|-resisted|p1b: Incineroar\n|-damage|p1b: Incineroar|0 fnt\n|-damage|p2a: Rillaboom|26/100|[from] item: Rocky Helmet|[of] p1b: Incineroar\n|faint|p1b: Incineroar\n|move|p1a: Tornadus|Bleakwind Storm|p2a: Rillaboom|[spread] p2a,p2b\n|-supereffective|p2a: Rillaboom\n|-damage|p2a: Rillaboom|2/100\n|-damage|p2b: Incineroar|0 fnt\n|faint|p2b: Incineroar\n|\n|-heal|p2a: Rillaboom|8/100|[from] Grassy Terrain\n|upkeep\n|\n|t:|1746138777\n|switch|p2b: Terapagos|Terapagos-Stellar, L50, M, tera:Stellar|22/100\n|switch|p1b: Miraidon|Miraidon, L50|23/100\n|-fieldstart|move: Electric Terrain|[from] ability: Hadron Engine|[of] p1b: Miraidon\n|turn|10\n|\n|t:|1746138792\n|-terastallize|p1b: Miraidon|Fairy\n|move|p1b: Miraidon|Dazzling Gleam|p2a: Rillaboom|[spread] p2a,p2b\n|-damage|p2a: Rillaboom|0 fnt\n|-damage|p2b: Terapagos|0 fnt\n|faint|p2a: Rillaboom\n|faint|p2b: Terapagos\n|\n|win|SunnySleepy\n|raw|SunnySleepy's rating: 1120 &rarr; <strong>1143</strong><br />(+23 for winning)\n|raw|RaulLucena04's rating: 1097 &rarr; <strong>1074</strong><br />(-23 for losing)\n|c|\u2606RaulLucena04|gg\n|l|\u2606RaulLucena04\n|player|p2|\n", "uploadtime": 1746138808, "views": 18, "formatid": "gen9vgc2025regibo3", "rating": 1074, "private": 0, "password": null}