{"id": "gen9vgc2025regibo3-2355110109", "format": "[Gen 9] VGC 2025 Reg I (Bo3)", "players": ["yami1251", "Mirkovi"], "log": "|j|\u2606yami1251\n|j|\u2606Mirkovi\n|html|<table width=\"100%\"><tr><td align=\"left\">yami1251</td><td align=\"right\">Mirkovi</tr><tr><td align=\"left\"><i class=\"fa fa-circle-o\"></i> <i class=\"fa fa-circle-o\"></i> </td><td align=\"right\"><i class=\"fa fa-circle-o\"></i> <i class=\"fa fa-circle-o\"></i> </tr></table>\n|uhtml|bestof|<h2><strong>Game 1</strong> of <a href=\"/game-bestof3-gen9vgc2025regibo3-2355110108\">a best-of-3</a></h2>\n|t:|1746153731\n|gametype|doubles\n|player|p1|yami1251|lucas|1025\n|player|p2|Mirkovi|lucas|1105\n|teamsize|p1|6\n|teamsize|p2|6\n|gen|9\n|tier|[Gen 9] VGC 2025 Reg I (Bo3)\n|rated|\n|rule|Species Clause: Limit one of each Pok\u00e9mon\n|rule|Item Clause: Limit 1 of each item\n|clearpoke\n|poke|p1|Miraidon, L50|\n|poke|p1|Urshifu-*, L50, M|\n|poke|p1|Incineroar, L50, M|\n|poke|p1|Ursaluna-Bloodmoon, L50, M|\n|poke|p1|Farigiraf, L50, F|\n|poke|p1|Whimsicott, L50, M|\n|poke|p2|Zamazenta-*, L50|\n|poke|p2|Amoonguss, L50, M|\n|poke|p2|Chien-Pao, L50|\n|poke|p2|Urshifu-*, L50, F|\n|poke|p2|Tornadus, L50, M|\n|poke|p2|Kyogre, L50|\n|teampreview|4\n|showteam|p1|Miraidon||ChoiceSpecs|HadronEngine|ElectroDrift,DazzlingGleam,DracoMeteor,VoltSwitch||||||50|,,,,,Electric]Urshifu-Rapid-Strike||ChoiceScarf|UnseenFist|SurgingStrikes,AquaJet,CloseCombat,Uturn|||M|||50|,,,,,Water]Incineroar||AssaultVest|Intimidate|FlareBlitz,KnockOff,Uturn,FakeOut|||M|||50|,,,,,Grass]Ursaluna-Bloodmoon||LifeOrb|MindsEye|BloodMoon,EarthPower,HyperVoice,Protect|||M|||50|,,,,,Normal]Farigiraf||ElectricSeed|ArmorTail|HyperVoice,Protect,TrickRoom,HelpingHand|||F|||50|,,,,,Water]Whimsicott||FocusSash|Prankster|Tailwind,Moonblast,Encore,Protect|||M|||50|,,,,,Grass\n|showteam|p2|Zamazenta-Crowned||RustedShield|DauntlessShield|BodyPress,HeavySlam,WideGuard,Protect||||||50|,,,,,Dragon]Amoonguss||RockyHelmet|Regenerator|Spore,RagePowder,PollenPuff,Protect|||M|||50|,,,,,Water]Chien-Pao||FocusSash|SwordofRuin|IceSpinner,SuckerPunch,ThroatChop,Protect||||||50|,,,,,Ghost]Urshifu-Rapid-Strike||ChoiceScarf|UnseenFist|SurgingStrikes,CloseCombat,Uturn,RainDance|||F|||50|,,,,,Water]Tornadus||CovertCloak|Prankster|BleakwindStorm,Tailwind,Taunt,RainDance|||M|||50|,,,,,Steel]Kyogre||MysticWater|Drizzle|OriginPulse,IceBeam,WaterSpout,Protect||||||50|,,,,,Grass\n|\n|t:|1746153773\n|start\n|switch|p1a: Whimsicott|Whimsicott, L50, M|100/100\n|switch|p1b: funni number|Miraidon, L50|100/100\n|switch|p2a: I Come With Mud|Tornadus, L50, M|100/100\n|switch|p2b: Kyogre|Kyogre, L50|100/100\n|-fieldstart|move: Electric Terrain|[from] ability: Hadron Engine|[of] p1b: funni number\n|-weather|RainDance|[from] ability: Drizzle|[of] p2b: Kyogre\n|turn|1\n|\n|t:|1746153804\n|-terastallize|p2b: Kyogre|Grass\n|move|p2b: Kyogre|Protect|p2b: Kyogre\n|-singleturn|p2b: Kyogre|Protect\n|move|p2a: I Come With Mud|Taunt|p1a: Whimsicott\n|-start|p1a: Whimsicott|move: Taunt\n|move|p1b: funni number|Dazzling Gleam|p2b: Kyogre|[spread] p2a\n|-activate|p2b: Kyogre|move: Protect\n|-damage|p2a: I Come With Mud|51/100\n|move|p1a: Whimsicott|Moonblast|p2a: I Come With Mud\n|-damage|p2a: I Come With Mud|14/100\n|\n|-weather|RainDance|[upkeep]\n|upkeep\n|turn|2\n|\n|t:|1746153838\n|switch|p1a: Ursaluna|Ursaluna-Bloodmoon, L50, M|100/100\n|move|p2a: I Come With Mud|Tailwind|p2a: I Come With Mud\n|-sidestart|p2: Mirkovi|move: Tailwind\n|move|p2b: Kyogre|Ice Beam|p1a: Ursaluna\n|-supereffective|p1a: Ursaluna\n|-damage|p1a: Ursaluna|9/100\n|move|p1b: funni number|Dazzling Gleam|p2b: Kyogre|[spread] p2a,p2b\n|-damage|p2a: I Come With Mud|0 fnt\n|-damage|p2b: Kyogre|75/100\n|faint|p2a: I Come With Mud\n|\n|-weather|RainDance|[upkeep]\n|upkeep\n|\n|t:|1746153850\n|switch|p2a: Show Me How|Zamazenta-Crowned, L50|100/100\n|-ability|p2a: Show Me How|Dauntless Shield|boost\n|-boost|p2a: Show Me How|def|1\n|turn|3\n|\n|t:|1746153861\n|switch|p1b: Whimsicott|Whimsicott, L50, M|100/100\n|move|p2a: Show Me How|Wide Guard|p2a: Show Me How\n|-singleturn|p2a: Show Me How|Wide Guard\n|move|p2b: Kyogre|Water Spout|p1a: Ursaluna|[spread] p1a,p1b\n|-supereffective|p1a: Ursaluna\n|-resisted|p1b: Whimsicott\n|-damage|p1a: Ursaluna|0 fnt\n|-damage|p1b: Whimsicott|38/100\n|faint|p1a: Ursaluna\n|\n|-weather|RainDance|[upkeep]\n|upkeep\n|\n|t:|1746153878\n|switch|p1a: Incineroar|Incineroar, L50, M|100/100\n|-ability|p1a: Incineroar|Intimidate|boost\n|-unboost|p2a: Show Me How|atk|1\n|-unboost|p2b: Kyogre|atk|1\n|turn|4\n|\n|t:|1746153890\n|move|p1a: Incineroar|Fake Out|p2b: Kyogre\n|-damage|p2b: Kyogre|66/100\n|move|p1b: Whimsicott|Tailwind|p1b: Whimsicott\n|-sidestart|p1: yami1251|move: Tailwind\n|move|p2a: Show Me How|Body Press|p1a: Incineroar\n|-supereffective|p1a: Incineroar\n|-crit|p1a: Incineroar\n|-damage|p1a: Incineroar|0 fnt\n|faint|p1a: Incineroar\n|cant|p2b: Kyogre|flinch\n|\n|-weather|RainDance|[upkeep]\n|upkeep\n|\n|t:|1746153901\n|switch|p1a: funni number|Miraidon, L50|100/100\n|-activate|p1a: funni number|ability: Hadron Engine\n|turn|5\n|\n|t:|1746153914\n|-terastallize|p1a: funni number|Electric\n|move|p2a: Show Me How|Protect|p2a: Show Me How\n|-singleturn|p2a: Show Me How|Protect\n|move|p2b: Kyogre|Protect|p2b: Kyogre\n|-singleturn|p2b: Kyogre|Protect\n|move|p1a: funni number|Electro Drift|p2b: Kyogre\n|-activate|p2b: Kyogre|move: Protect\n|move|p1b: Whimsicott|Moonblast|p2a: Show Me How\n|-activate|p2a: Show Me How|move: Protect\n|\n|-weather|none\n|-sideend|p2: Mirkovi|move: Tailwind\n|-fieldend|move: Electric Terrain\n|upkeep\n|turn|6\n|\n|t:|1746153933\n|switch|p2a: Lauren|Urshifu-Rapid-Strike, L50, F|100/100\n|move|p1a: funni number|Electro Drift|p2b: Kyogre\n|-resisted|p2b: Kyogre\n|-damage|p2b: Kyogre|29/100\n|move|p1b: Whimsicott|Moonblast|p2a: Lauren\n|-supereffective|p2a: Lauren\n|-damage|p2a: Lauren|21/100\n|move|p2b: Kyogre|Water Spout|p1b: Whimsicott|[spread] p1a,p1b\n|-resisted|p1b: Whimsicott\n|-damage|p1a: funni number|78/100\n|-damage|p1b: Whimsicott|20/100\n|\n|upkeep\n|turn|7\n|\n|t:|1746153950\n|move|p2b: Kyogre|Protect|p2b: Kyogre\n|-singleturn|p2b: Kyogre|Protect\n|move|p1a: funni number|Electro Drift|p2b: Kyogre\n|-activate|p2b: Kyogre|move: Protect\n|move|p1b: Whimsicott|Moonblast|p2a: Lauren\n|-supereffective|p2a: Lauren\n|-damage|p2a: Lauren|0 fnt\n|faint|p2a: Lauren\n|\n|-sideend|p1: yami1251|move: Tailwind\n|upkeep\n|\n|t:|1746153960\n|switch|p2a: Show Me How|Zamazenta-Crowned, L50|100/100\n|turn|8\n|\n|t:|1746153968\n|move|p1b: Whimsicott|Tailwind|p1b: Whimsicott\n|-sidestart|p1: yami1251|move: Tailwind\n|move|p1a: funni number|Electro Drift|p2b: Kyogre\n|-resisted|p2b: Kyogre\n|-damage|p2b: Kyogre|0 fnt\n|faint|p2b: Kyogre\n|move|p2a: Show Me How|Body Press|p1a: funni number\n|-damage|p1a: funni number|26/100\n|\n|upkeep\n|turn|9\n|\n|t:|1746153979\n|move|p2a: Show Me How|Protect|p2a: Show Me How\n|-singleturn|p2a: Show Me How|Protect\n|move|p1a: funni number|Electro Drift|p2a: Show Me How\n|-activate|p2a: Show Me How|move: Protect\n|move|p1b: Whimsicott|Moonblast|p2a: Show Me How\n|-activate|p2a: Show Me How|move: Protect\n|\n|upkeep\n|turn|10\n|\n|t:|1746153995\n|move|p1a: funni number|Electro Drift|p2a: Show Me How\n|-damage|p2a: Show Me How|13/100\n|move|p1b: Whimsicott|Moonblast|p2a: Show Me How\n|-damage|p2a: Show Me How|0 fnt\n|faint|p2a: Show Me How\n|\n|win|yami1251\n||Mirkovi is ready for game 2.\n|inactive|yami1251 has 30 seconds to confirm battle start!\n|inactive|yami1251 has 20 seconds to confirm battle start!\n||yami1251 is ready for game 2.\n|uhtml|next|Next: <a href=\"/battle-gen9vgc2025regibo3-2355112406\"><strong>Game 2 of 3</strong></a>\n|l|\u2606yami1251\n|player|p1|\n", "uploadtime": 1746154881, "views": 4, "formatid": "gen9vgc2025regibo3", "rating": null, "private": 0, "password": null}