{"id": "gen9vgc2025regibo3-2354801421", "format": "[Gen 9] VGC 2025 Reg I (Bo3)", "players": ["psychor&r", "cc521"], "log": "|j|\u2606psychor&r\n|j|\u2606cc521\n|html|<table width=\"100%\"><tr><td align=\"left\">psychor&amp;r</td><td align=\"right\">cc521</tr><tr><td align=\"left\"><i class=\"fa fa-circle\"></i> <i class=\"fa fa-circle-o\"></i> </td><td align=\"right\"><i class=\"fa fa-circle-o\"></i> <i class=\"fa fa-circle-o\"></i> </tr></table>\n|uhtml|bestof|<h2><strong>Game 2</strong> of <a href=\"/game-bestof3-gen9vgc2025regibo3-2354798154\">a best-of-3</a></h2>\n|t:|1746120959\n|gametype|doubles\n|player|p1|psychor&r|266|1084\n|player|p2|cc521|170|1059\n|teamsize|p1|6\n|teamsize|p2|6\n|gen|9\n|tier|[Gen 9] VGC 2025 Reg I (Bo3)\n|rated|\n|rule|Species Clause: Limit one of each Pok\u00e9mon\n|rule|Item Clause: Limit 1 of each item\n|clearpoke\n|poke|p1|Miraidon, L50|\n|poke|p1|Ho-Oh, L50|\n|poke|p1|Iron Treads, L50|\n|poke|p1|Iron Hands, L50|\n|poke|p1|Farigiraf, L50, F|\n|poke|p1|Urshifu-*, L50, F|\n|poke|p2|Koraidon, L50|\n|poke|p2|Miraidon, L50|\n|poke|p2|Incineroar, L50, M|\n|poke|p2|Farigiraf, L50, F|\n|poke|p2|Ogerpon-Cornerstone, L50, F|\n|poke|p2|Raging Bolt, L50|\n|teampreview|4\n|showteam|p1|Miraidon||ChoiceSpecs|HadronEngine|ElectroDrift,VoltSwitch,DracoMeteor,DazzlingGleam||||||50|,,,,,Fairy]Ho-Oh||ClearAmulet|Regenerator|SacredFire,BraveBird,Tailwind,Protect||||||50|,,,,,Grass]Iron Treads||ChoiceBand|QuarkDrive|HighHorsepower,Earthquake,IronHead,RockSlide||||||50|,,,,,Ghost]Iron Hands||AssaultVest|QuarkDrive|DrainPunch,LowKick,WildCharge,FakeOut||||||50|,,,,,Water]Farigiraf||ElectricSeed|ArmorTail|Psychic,TrickRoom,FoulPlay,HelpingHand|||F|||50|,,,,,Water]Urshifu||FocusSash|UnseenFist|WickedBlow,SuckerPunch,CloseCombat,Detect|||F|||50|,,,,,Dark\n|showteam|p2|Koraidon||LifeOrb|OrichalcumPulse|CollisionCourse,FlareBlitz,DragonCheer,Protect||||||50|,,,,,Fire]Miraidon||ChoiceSpecs|HadronEngine|ElectroDrift,DracoMeteor,VoltSwitch,DazzlingGleam||||||50|,,,,,Fairy]Incineroar||ChopleBerry|Intimidate|WillOWisp,FakeOut,KnockOff,Uturn|||M|||50|,,,,,Grass]Farigiraf||ElectricSeed|ArmorTail|Roar,FoulPlay,TrickRoom,HelpingHand|||F|||50|,,,,,Ground]Ogerpon-Cornerstone||CornerstoneMask|Sturdy|FollowMe,IvyCudgel,HornLeech,SpikyShield|||F|||50|,,,,,Rock]Raging Bolt||AssaultVest|Protosynthesis|Thunderclap,RisingVoltage,DracoMeteor,Snarl||||||50|,,,,,Electric\n|\n|t:|1746121044\n|start\n|switch|p1a: Miraidon|Miraidon, L50|100/100\n|switch|p1b: Iron Treads|Iron Treads, L50|100/100\n|switch|p2a: Incineroar|Incineroar, L50, M|100/100\n|switch|p2b: Farigiraf|Farigiraf, L50, F|100/100\n|-fieldstart|move: Electric Terrain|[from] ability: Hadron Engine|[of] p1a: Miraidon\n|-activate|p1b: Iron Treads|ability: Quark Drive\n|-start|p1b: Iron Treads|quarkdrivespe\n|-enditem|p2b: Farigiraf|Electric Seed\n|-boost|p2b: Farigiraf|def|1|[from] item: Electric Seed\n|-ability|p2a: Incineroar|Intimidate|boost\n|-unboost|p1a: Miraidon|atk|1\n|-unboost|p1b: Iron Treads|atk|1\n|turn|1\n|\n|t:|1746121110\n|-terastallize|p2a: Incineroar|Grass\n|move|p1b: Iron Treads|High Horsepower|p2a: Incineroar\n|-resisted|p2a: Incineroar\n|-damage|p2a: Incineroar|84/100\n|move|p1a: Miraidon|Draco Meteor|p2b: Farigiraf\n|-damage|p2b: Farigiraf|0 fnt\n|-unboost|p1a: Miraidon|spa|2\n|faint|p2b: Farigiraf\n|move|p2a: Incineroar|Knock Off|p1b: Iron Treads\n|-damage|p1b: Iron Treads|68/100\n|-enditem|p1b: Iron Treads|Choice Band|[from] move: Knock Off|[of] p2a: Incineroar\n|\n|upkeep\n|\n|t:|1746121133\n|switch|p2b: Koraidon|Koraidon, L50|100/100\n|-weather|SunnyDay|[from] ability: Orichalcum Pulse|[of] p2b: Koraidon\n|-activate|p2b: Koraidon|Orichalcum Pulse|[source]\n|turn|2\n|\n|t:|1746121185\n|move|p1b: Iron Treads|Iron Head|p2a: Incineroar\n|-damage|p2a: Incineroar|64/100\n|move|p2b: Koraidon|Flare Blitz|p1b: Iron Treads\n|-supereffective|p1b: Iron Treads\n|-damage|p1b: Iron Treads|0 fnt\n|faint|p1b: Iron Treads\n|-end|p1b: Iron Treads|Quark Drive|[silent]\n|-damage|p2b: Koraidon|79/100|[from] Recoil\n|-damage|p2b: Koraidon|70/100|[from] item: Life Orb\n|move|p1a: Miraidon|Draco Meteor|p2a: Incineroar\n|-damage|p2a: Incineroar|0 fnt\n|-unboost|p1a: Miraidon|spa|2\n|faint|p2a: Incineroar\n|\n|-weather|SunnyDay|[upkeep]\n|upkeep\n|\n|t:|1746121199\n|switch|p1b: Iron Hands|Iron Hands, L50|100/100\n|switch|p2a: Raging Bolt|Raging Bolt, L50|100/100\n|-activate|p2a: Raging Bolt|ability: Protosynthesis\n|-start|p2a: Raging Bolt|protosynthesisspa\n|-activate|p1b: Iron Hands|ability: Quark Drive\n|-start|p1b: Iron Hands|quarkdriveatk\n|turn|3\n|\n|t:|1746121218\n|switch|p1a: Farigiraf|Farigiraf, L50, F, shiny|100/100\n|-enditem|p1a: Farigiraf|Electric Seed\n|-boost|p1a: Farigiraf|def|1|[from] item: Electric Seed\n|move|p2b: Koraidon|Dragon Cheer|p2a: Raging Bolt\n|-start|p2a: Raging Bolt|move: Dragon Cheer\n|move|p2a: Raging Bolt|Rising Voltage|p1b: Iron Hands\n|-hint|Rising Voltage's BP doubled on grounded target.\n|-resisted|p1b: Iron Hands\n|-crit|p1b: Iron Hands\n|-damage|p1b: Iron Hands|47/100\n|move|p1b: Iron Hands|Low Kick|p2a: Raging Bolt\n|-damage|p2a: Raging Bolt|24/100\n|\n|-weather|SunnyDay|[upkeep]\n|upkeep\n|turn|4\n|\n|t:|1746121259\n|move|p2b: Koraidon|Collision Course|p1b: Iron Hands\n|-damage|p1b: Iron Hands|0 fnt\n|faint|p1b: Iron Hands\n|-end|p1b: Iron Hands|Quark Drive|[silent]\n|-damage|p2b: Koraidon|60/100|[from] item: Life Orb\n|move|p2a: Raging Bolt|Rising Voltage|p1a: Farigiraf\n|-hint|Rising Voltage's BP doubled on grounded target.\n|-damage|p1a: Farigiraf|0 fnt\n|faint|p1a: Farigiraf\n|\n|-weather|SunnyDay|[upkeep]\n|upkeep\n|\n|t:|1746121270\n|switch|p1b: Miraidon|Miraidon, L50|100/100\n|-activate|p1b: Miraidon|ability: Hadron Engine\n|turn|5\n|\n|t:|1746121294\n|-terastallize|p1b: Miraidon|Fairy\n|move|p2b: Koraidon|Flare Blitz|p1b: Miraidon\n|-damage|p1b: Miraidon|0 fnt\n|faint|p1b: Miraidon\n|-damage|p2b: Koraidon|23/100|[from] Recoil\n|-damage|p2b: Koraidon|14/100|[from] item: Life Orb\n|\n|win|cc521\n||cc521 is ready for game 3.\n|inactive|psychor&r has 30 seconds to confirm battle start!\n", "uploadtime": 1746121306, "views": 6, "formatid": "gen9vgc2025regibo3", "rating": null, "private": 0, "password": null}