{"id": "gen9vgc2025regibo3-2353728589", "format": "[Gen 9] VGC 2025 Reg I (Bo3)", "players": ["Scytherium", "Lollipopyay"], "log": "|j|\u2606Scytherium\n|j|\u2606Lollipopyay\n|html|<table width=\"100%\"><tr><td align=\"left\">Scytherium</td><td align=\"right\">Lollipopyay</tr><tr><td align=\"left\"><i class=\"fa fa-circle-o\"></i> <i class=\"fa fa-circle-o\"></i> </td><td align=\"right\"><i class=\"fa fa-circle-o\"></i> <i class=\"fa fa-circle-o\"></i> </tr></table>\n|uhtml|bestof|<h2><strong>Game 1</strong> of <a href=\"/game-bestof3-gen9vgc2025regibo3-2353728588\">a best-of-3</a></h2>\n|t:|1745989802\n|gametype|doubles\n|player|p1|Scytherium|170|1009\n|player|p2|Lollipopyay|1|1137\n|teamsize|p1|6\n|teamsize|p2|6\n|gen|9\n|tier|[Gen 9] VGC 2025 Reg I (Bo3)\n|rated|\n|rule|Species Clause: Limit one of each Pok\u00e9mon\n|rule|Item Clause: Limit 1 of each item\n|clearpoke\n|poke|p1|Calyrex-Shadow, L50|\n|poke|p1|Terapagos, L50, M|\n|poke|p1|Tatsugiri, L50, F|\n|poke|p1|Dondozo, L50, M|\n|poke|p1|Weezing, L50, M|\n|poke|p1|Landorus, L50, M|\n|poke|p2|Necrozma-Dawn-Wings, L50|\n|poke|p2|Calyrex-Ice, L50|\n|poke|p2|Ursaluna-Bloodmoon, L50, M|\n|poke|p2|Indeedee-F, L50, F|\n|poke|p2|Hatterene, L50, F|\n|poke|p2|Amoonguss, L50, M|\n|teampreview|4\n|showteam|p1|Calyrex-Shadow||LifeOrb|AsOneSpectrier|Protect,AstralBarrage,TeraBlast,ExpandingForce||||||50|,,,,,Fighting]Terapagos||BrightPowder|TeraShift|Protect,TeraStarstorm,EarthPower,DazzlingGleam|||M|||50|,,,,,Stellar]Tatsugiri||ChoiceScarf|Commander|DracoMeteor,MuddyWater,TeraBlast,IcyWind|||F|||50|,,,,,Steel]Dondozo||Leftovers|Unaware|Protect,WaveCrash,Earthquake,Yawn|||M|||50|,,,,,Grass]Weezing||FocusSash|NeutralizingGas|Protect,WillOWisp,ToxicSpikes,DestinyBond|||M|||50|,,,,,Poison]Landorus||AssaultVest|SheerForce|SandsearStorm,EarthPower,SludgeBomb,WeatherBall|||M|||50|,,,,,Ground\n|showteam|p2|Necrozma-Dawn-Wings||LifeOrb|PrismArmor|CalmMind,MoongeistBeam,TeraBlast,ExpandingForce||||||50|,,,,,Fighting]Calyrex-Ice||ChoiceBand|AsOneGlastrier|GlacialLance,HighHorsepower,CloseCombat,ZenHeadbutt||||||50|,,,,,Ground]Ursaluna-Bloodmoon||SilkScarf|MindsEye|CalmMind,BloodMoon,EarthPower,Protect|||M|||50|,,,,,Normal]Indeedee-F||SafetyGoggles|PsychicSurge|FollowMe,TrickRoom,HelpingHand,Protect|||F|||50|,,,,,Fairy]Hatterene||FocusSash|MagicBounce|TrickRoom,ExpandingForce,HealingWish,Nuzzle|||F|||50|,,,,,Ghost]Amoonguss||SitrusBerry|EffectSpore|Spore,ClearSmog,Protect,PollenPuff|||M|||50|,,,,,Water\n|\n|t:|1745989825\n|start\n|switch|p1a: Terapagos|Terapagos, L50, M|100/100\n|switch|p1b: Calyrex|Calyrex-Shadow, L50|100/100\n|switch|p2a: Indeedee|Indeedee-F, L50, F|100/100\n|switch|p2b: Ursaluna|Ursaluna-Bloodmoon, L50, M|100/100\n|-activate|p1a: Terapagos|ability: Tera Shift\n|detailschange|p1a: Terapagos|Terapagos-Terastal, L50, M\n|-heal|p1a: Terapagos|100/100|[silent]\n|-ability|p1b: Calyrex|As One\n|-ability|p1b: Calyrex|Unnerve\n|-fieldstart|move: Psychic Terrain|[from] ability: Psychic Surge|[of] p2a: Indeedee\n|turn|1\n|\n|t:|1745989837\n|move|p1b: Calyrex|Expanding Force|p2b: Ursaluna|[spread] p2a,p2b\n|-resisted|p2a: Indeedee\n|-damage|p2a: Indeedee|54/100\n|-damage|p2b: Ursaluna|0 fnt\n|faint|p2b: Ursaluna\n|-ability|p1b: Calyrex|Grim Neigh|boost\n|-boost|p1b: Calyrex|spa|1\n|-damage|p1b: Calyrex|91/100|[from] item: Life Orb\n|move|p1a: Terapagos|Tera Starstorm|p2a: Indeedee\n|-damage|p2a: Indeedee|15/100\n|move|p2a: Indeedee|Trick Room|p2a: Indeedee\n|-fieldstart|move: Trick Room|[of] p2a: Indeedee\n|\n|upkeep\n|\n|t:|1745989841\n|switch|p2b: Calyrex|Calyrex-Ice, L50|100/100\n|-ability|p2b: Calyrex|As One\n|-ability|p2b: Calyrex|Unnerve\n|turn|2\n|\n|t:|1745989857\n|move|p2a: Indeedee|Helping Hand|p2b: Calyrex\n|-singleturn|p2b: Calyrex|Helping Hand|[of] p2a: Indeedee\n|move|p2b: Calyrex|Glacial Lance|p1b: Calyrex|[spread] p1a,p1b\n|-activate|p1a: Terapagos|ability: Tera Shell\n|-resisted|p1a: Terapagos\n|-damage|p1a: Terapagos|58/100\n|-damage|p1b: Calyrex|0 fnt\n|faint|p1b: Calyrex\n|-ability|p2b: Calyrex|Chilling Neigh|boost\n|-boost|p2b: Calyrex|atk|1\n|move|p1a: Terapagos|Tera Starstorm|p2b: Calyrex\n|-damage|p2b: Calyrex|70/100\n|\n|upkeep\n|\n|t:|1745989871\n|switch|p1b: Dondozo|Dondozo, L50, M|100/100\n|turn|3\n|\n|t:|1745989888\n|switch|p2b: Amoonguss|Amoonguss, L50, M|100/100\n|move|p2a: Indeedee|Protect|p2a: Indeedee\n|-singleturn|p2a: Indeedee|Protect\n|move|p1a: Terapagos|Protect|p1a: Terapagos\n|-singleturn|p1a: Terapagos|Protect\n|move|p1b: Dondozo|Earthquake|p2b: Amoonguss|[spread] p2b\n|-activate|p1a: Terapagos|move: Protect\n|-activate|p2a: Indeedee|move: Protect\n|-damage|p2b: Amoonguss|81/100\n|\n|upkeep\n|turn|4\n|\n|t:|1745989919\n|switch|p2a: Calyrex|Calyrex-Ice, L50|70/100\n|-ability|p2a: Calyrex|As One\n|-ability|p2a: Calyrex|Unnerve\n|-terastallize|p1a: Terapagos|Stellar\n|detailschange|p1a: Terapagos|Terapagos-Stellar, L50, M, tera:Stellar\n|-heal|p1a: Terapagos|68/100|[silent]\n|-ability|p1a: Terapagos|Teraform Zero\n|-fieldend|move: Psychic Terrain\n|move|p2b: Amoonguss|Spore|p1b: Dondozo\n|-status|p1b: Dondozo|slp|[from] move: Spore\n|cant|p1b: Dondozo|slp\n|move|p1a: Terapagos|Tera Starstorm|p2a: Calyrex|[spread] p2a,p2b\n|-damage|p2a: Calyrex|48/100\n|-damage|p2b: Amoonguss|61/100\n|\n|upkeep\n|turn|5\n|\n|t:|1745989947\n|cant|p1b: Dondozo|slp\n|move|p1a: Terapagos|Protect|p1a: Terapagos\n|-singleturn|p1a: Terapagos|Protect\n|move|p2b: Amoonguss|Pollen Puff|p2a: Calyrex\n|-heal|p2a: Calyrex|98/100\n|move|p2a: Calyrex|Zen Headbutt|p1a: Terapagos\n|-activate|p1a: Terapagos|move: Protect\n|\n|-fieldend|move: Trick Room\n|upkeep\n|turn|6\n|\n|t:|1745989962\n|move|p1a: Terapagos|Tera Starstorm|p2a: Calyrex|[spread] p2a,p2b\n|-damage|p2a: Calyrex|78/100\n|-damage|p2b: Amoonguss|42/100\n|-enditem|p2b: Amoonguss|Sitrus Berry|[eat]\n|-heal|p2b: Amoonguss|67/100|[from] item: Sitrus Berry\n|cant|p1b: Dondozo|slp\n|move|p2a: Calyrex|Zen Headbutt|p1a: Terapagos\n|-damage|p1a: Terapagos|29/100\n|move|p2b: Amoonguss|Spore|p1a: Terapagos\n|-status|p1a: Terapagos|slp|[from] move: Spore\n|\n|upkeep\n|turn|7\n|\n|t:|1745989977\n|move|p2b: Amoonguss|Protect|p2b: Amoonguss\n|-singleturn|p2b: Amoonguss|Protect\n|cant|p1a: Terapagos|slp\n|-curestatus|p1b: Dondozo|slp|[msg]\n|move|p1b: Dondozo|Yawn|p2b: Amoonguss\n|-activate|p2b: Amoonguss|move: Protect\n|move|p2a: Calyrex|Zen Headbutt|p1a: Terapagos\n|-damage|p1a: Terapagos|0 fnt\n|faint|p1a: Terapagos\n|-ability|p2a: Calyrex|Chilling Neigh|boost\n|-boost|p2a: Calyrex|atk|1\n|\n|upkeep\n|\n|t:|1745989980\n|switch|p1a: Tatsugiri|Tatsugiri, L50, F|100/100\n|-activate|p1a: Tatsugiri|ability: Commander|[of] p1b: Dondozo\n|-boost|p1b: Dondozo|atk|2\n|-boost|p1b: Dondozo|spa|2\n|-boost|p1b: Dondozo|spe|2\n|-boost|p1b: Dondozo|def|2\n|-boost|p1b: Dondozo|spd|2\n|turn|8\n|\n|t:|1745990005\n|move|p1b: Dondozo|Wave Crash|p2a: Calyrex\n|-damage|p2a: Calyrex|30/100\n|-damage|p1b: Dondozo|88/100|[from] Recoil\n|move|p2a: Calyrex|Zen Headbutt|p1b: Dondozo\n|-damage|p1b: Dondozo|60/100\n|move|p2b: Amoonguss|Clear Smog|p1b: Dondozo\n|-damage|p1b: Dondozo|55/100\n|-clearboost|p1b: Dondozo\n|\n|-heal|p1b: Dondozo|61/100|[from] item: Leftovers\n|upkeep\n|turn|9\n|\n|t:|1745990019\n|move|p1b: Dondozo|Wave Crash|p2a: Calyrex\n|-damage|p2a: Calyrex|6/100\n|-damage|p1b: Dondozo|55/100|[from] Recoil\n|move|p2a: Calyrex|Zen Headbutt|p1b: Dondozo\n|-damage|p1b: Dondozo|2/100\n|move|p2b: Amoonguss|Pollen Puff|p2a: Calyrex\n|-heal|p2a: Calyrex|56/100\n|\n|-heal|p1b: Dondozo|8/100|[from] item: Leftovers\n|upkeep\n|turn|10\n|-message|Scytherium forfeited.\n|\n|win|Lollipopyay\n|l|\u2606Scytherium\n|player|p1|\n||Scytherium is ready for game 2.\n|l|\u2606Lollipopyay\n|player|p2|\n||Lollipopyay is ready for game 2.\n|uhtml|next|Next: <a href=\"/battle-gen9vgc2025regibo3-2353730080\"><strong>Game 2 of 3</strong></a>\n", "uploadtime": 1745990336, "views": 6, "formatid": "gen9vgc2025regibo3", "rating": null, "private": 0, "password": null}