{"id": "gen9vgc2025regibo3-2353466971", "format": "[Gen 9] VGC 2025 Reg I (Bo3)", "players": ["angandi01", "VGCTitus"], "log": "|j|\u2606angandi01\n|j|\u2606VGCTitus\n|html|<table width=\"100%\"><tr><td align=\"left\">angandi01</td><td align=\"right\">VGCTitus</tr><tr><td align=\"left\"><i class=\"fa fa-circle\"></i> <i class=\"fa fa-circle-o\"></i> </td><td align=\"right\"><i class=\"fa fa-circle-o\"></i> <i class=\"fa fa-circle\"></i> </tr></table>\n|uhtml|bestof|<h2><strong>Game 3</strong> of <a href=\"/game-bestof3-gen9vgc2025regibo3-2353459290\">a best-of-3</a></h2>\n|t:|1745958575\n|gametype|doubles\n|player|p1|angandi01|101|1116\n|player|p2|VGCTitus|bugcatcher-gen4dp|1165\n|teamsize|p1|6\n|teamsize|p2|6\n|gen|9\n|tier|[Gen 9] VGC 2025 Reg I (Bo3)\n|rated|\n|rule|Species Clause: Limit one of each Pok\u00e9mon\n|rule|Item Clause: Limit 1 of each item\n|clearpoke\n|poke|p1|Miraidon, L50|\n|poke|p1|Ho-Oh, L50|\n|poke|p1|Iron Hands, L50|\n|poke|p1|Ursaluna, L50, F|\n|poke|p1|Farigiraf, L50, M|\n|poke|p1|Urshifu-*, L50, M|\n|poke|p2|Whimsicott, L50, F|\n|poke|p2|Skeledirge, L50, M|\n|poke|p2|Calyrex-Ice, L50|\n|poke|p2|Iron Treads, L50|\n|poke|p2|Iron Hands, L50|\n|poke|p2|Miraidon, L50|\n|teampreview|4\n|showteam|p1|Miraidon||ChoiceSpecs|HadronEngine|ElectroDrift,DracoMeteor,DazzlingGleam,VoltSwitch||||||50|,,,,,Fairy]Ho-Oh||ClearAmulet|Regenerator|SacredFire,BraveBird,Tailwind,Protect||||||50|,,,,,Grass]Iron Hands||AssaultVest|QuarkDrive|FakeOut,WildCharge,DrainPunch,LowKick||||||50|,,,,,Electric]Ursaluna||FlameOrb|Guts|Facade,Earthquake,HeadlongRush,Protect|||F|||50|,,,,,Fairy]Farigiraf||ElectricSeed|ArmorTail|PsychicFangs,FoulPlay,TrickRoom,HelpingHand|||M|||50|,,,,,Water]Urshifu||FocusSash|UnseenFist|WickedBlow,CloseCombat,SuckerPunch,Protect|||M|||50|,,,,,Dark\n|showteam|p2|Whimsicott||CovertCloak|Prankster|HelpingHand,LeechSeed,Tailwind,Protect|||F|||50|,,,,,Grass]Skeledirge||ThroatSpray|Unaware|TorchSong,SlackOff,Snarl,Protect|||M|||50|,,,,,Fire]Calyrex-Ice||Leftovers|AsOneGlastrier|LeechSeed,GlacialLance,TrickRoom,Protect||||||50|,,,,,Water]Iron Treads||ChoiceBand|QuarkDrive|HighHorsepower,RockTomb,RockSlide,SteelRoller||||||50|,,,,,Ghost]Iron Hands||AssaultVest|QuarkDrive|FakeOut,DrainPunch,WildCharge,HeavySlam||||||50|,,,,,Bug]Miraidon||LifeOrb|HadronEngine|ElectroDrift,Protect,DracoMeteor,DazzlingGleam||||||50|,,,,,Electric\n|inactive|Battle timer is ON: inactive players will automatically lose when time's up. (requested by angandi01)\n|\n|t:|1745958618\n|start\n|switch|p1a: Miraidon|Miraidon, L50|100/100\n|switch|p1b: Farigiraf|Farigiraf, L50, M|100/100\n|switch|p2a: Iron Hands|Iron Hands, L50|100/100\n|switch|p2b: Calyrex|Calyrex-Ice, L50|100/100\n|-ability|p2b: Calyrex|As One\n|-ability|p2b: Calyrex|Unnerve\n|-fieldstart|move: Electric Terrain|[from] ability: Hadron Engine|[of] p1a: Miraidon\n|-enditem|p1b: Farigiraf|Electric Seed\n|-boost|p1b: Farigiraf|def|1|[from] item: Electric Seed\n|-activate|p2a: Iron Hands|ability: Quark Drive\n|-start|p2a: Iron Hands|quarkdriveatk\n|turn|1\n|inactive|angandi01 has 30 seconds left.\n|\n|t:|1745958652\n|move|p1a: Miraidon|Volt Switch|p2b: Calyrex\n|-damage|p2b: Calyrex|36/100\n|\n|t:|1745958663\n|switch|p1a: Ho-Oh|Ho-Oh, L50|100/100|[from] Volt Switch\n|move|p1b: Farigiraf|Foul Play|p2b: Calyrex\n|-supereffective|p2b: Calyrex\n|-damage|p2b: Calyrex|5/100\n|move|p2a: Iron Hands|Wild Charge|p1b: Farigiraf\n|-damage|p1b: Farigiraf|60/100\n|-damage|p2a: Iron Hands|91/100|[from] Recoil\n|move|p2b: Calyrex|Leech Seed|p1a: Ho-Oh|[miss]\n|-miss|p2b: Calyrex|p1a: Ho-Oh\n|\n|-heal|p2b: Calyrex|11/100|[from] item: Leftovers\n|upkeep\n|turn|2\n|inactive|angandi01 has 30 seconds left.\n|\n|t:|1745958695\n|-terastallize|p1a: Ho-Oh|Grass\n|move|p2b: Calyrex|Protect|p2b: Calyrex\n|-singleturn|p2b: Calyrex|Protect\n|move|p1a: Ho-Oh|Brave Bird|p2a: Iron Hands\n|-damage|p2a: Iron Hands|51/100\n|-damage|p1a: Ho-Oh|85/100|[from] Recoil\n|move|p1b: Farigiraf|Foul Play|p2b: Calyrex\n|-activate|p2b: Calyrex|move: Protect\n|move|p2a: Iron Hands|Wild Charge|p1a: Ho-Oh\n|-resisted|p1a: Ho-Oh\n|-damage|p1a: Ho-Oh|51/100\n|-damage|p2a: Iron Hands|44/100|[from] Recoil\n|\n|-heal|p2b: Calyrex|17/100|[from] item: Leftovers\n|upkeep\n|turn|3\n|inactive|angandi01 has 30 seconds left.\n|\n|t:|1745958721\n|switch|p1a: Miraidon|Miraidon, L50|100/100\n|-activate|p1a: Miraidon|ability: Hadron Engine\n|-end|p2a: Iron Hands|Quark Drive|[silent]\n|switch|p2a: Skeledirge|Skeledirge, L50, M|100/100\n|-terastallize|p2b: Calyrex|Water\n|move|p1b: Farigiraf|Foul Play|p2b: Calyrex\n|-damage|p2b: Calyrex|1/100\n|move|p2b: Calyrex|Glacial Lance|p1b: Farigiraf|[spread] p1a,p1b\n|-supereffective|p1a: Miraidon\n|-damage|p1a: Miraidon|4/100\n|-damage|p1b: Farigiraf|34/100\n|\n|-heal|p2b: Calyrex|7/100|[from] item: Leftovers\n|upkeep\n|turn|4\n|inactive|angandi01 has 30 seconds left.\n|\n|t:|1745958749\n|move|p2b: Calyrex|Protect|p2b: Calyrex\n|-singleturn|p2b: Calyrex|Protect\n|move|p1a: Miraidon|Electro Drift|p2a: Skeledirge\n|-damage|p2a: Skeledirge|0 fnt\n|faint|p2a: Skeledirge\n|move|p1b: Farigiraf|Foul Play|p2b: Calyrex\n|-activate|p2b: Calyrex|move: Protect\n|\n|-heal|p2b: Calyrex|13/100|[from] item: Leftovers\n|upkeep\n|\n|t:|1745958760\n|switch|p2a: Iron Hands|Iron Hands, L50|44/100\n|-activate|p2a: Iron Hands|ability: Quark Drive\n|-start|p2a: Iron Hands|quarkdriveatk\n|turn|5\n|inactive|angandi01 has 30 seconds left.\n|\n|t:|1745958788\n|switch|p2b: Miraidon|Miraidon, L50|100/100\n|-activate|p2b: Miraidon|ability: Hadron Engine\n|move|p1a: Miraidon|Electro Drift|p2a: Iron Hands\n|-resisted|p2a: Iron Hands\n|-damage|p2a: Iron Hands|8/100\n|move|p1b: Farigiraf|Foul Play|p2b: Miraidon\n|-damage|p2b: Miraidon|86/100\n|move|p2a: Iron Hands|Drain Punch|p1b: Farigiraf\n|-damage|p1b: Farigiraf|5/100\n|-heal|p2a: Iron Hands|21/100|[from] drain|[of] p1b: Farigiraf\n|\n|-fieldend|move: Electric Terrain\n|-end|p2a: Iron Hands|Quark Drive\n|upkeep\n|turn|6\n|inactive|angandi01 has 30 seconds left.\n|inactive|VGCTitus has 30 seconds left.\n|\n|t:|1745958821\n|move|p1b: Farigiraf|Helping Hand|p1a: Miraidon\n|-singleturn|p1a: Miraidon|Helping Hand|[of] p1b: Farigiraf\n|move|p1a: Miraidon|Electro Drift|p2b: Miraidon\n|-resisted|p2b: Miraidon\n|-damage|p2b: Miraidon|63/100\n|move|p2b: Miraidon|Dazzling Gleam|p1b: Farigiraf|[spread] p1a,p1b\n|-supereffective|p1a: Miraidon\n|-damage|p1a: Miraidon|0 fnt\n|-damage|p1b: Farigiraf|0 fnt\n|faint|p1a: Miraidon\n|faint|p1b: Farigiraf\n|-damage|p2b: Miraidon|54/100|[from] item: Life Orb\n|move|p2a: Iron Hands|Drain Punch|p1: Miraidon|[notarget]\n|-fail|p2a: Iron Hands\n|\n|upkeep\n|\n|t:|1745958837\n|switch|p1a: Ursaluna|Ursaluna, L50, F|100/100\n|switch|p1b: Ho-Oh|Ho-Oh, L50, tera:Grass|84/100\n|turn|7\n|\n|t:|1745958858\n|move|p2b: Miraidon|Draco Meteor|p1b: Ho-Oh\n|-damage|p1b: Ho-Oh|33/100\n|-unboost|p2b: Miraidon|spa|2\n|-damage|p2b: Miraidon|44/100|[from] item: Life Orb\n|move|p1b: Ho-Oh|Tailwind|p1b: Ho-Oh\n|-sidestart|p1: angandi01|move: Tailwind\n|move|p1a: Ursaluna|Earthquake|p2a: Iron Hands|[spread] p1b,p2a,p2b\n|-resisted|p1b: Ho-Oh\n|-supereffective|p2a: Iron Hands\n|-supereffective|p2b: Miraidon\n|-damage|p1b: Ho-Oh|13/100\n|-damage|p2a: Iron Hands|0 fnt\n|-damage|p2b: Miraidon|0 fnt\n|faint|p2a: Iron Hands\n|-end|p2a: Iron Hands|Quark Drive|[silent]\n|faint|p2b: Miraidon\n|\n|-status|p1a: Ursaluna|brn|[from] item: Flame Orb\n|upkeep\n|\n|t:|1745958867\n|switch|p2b: Calyrex|Calyrex-Ice, L50, tera:Water|13/100\n|-ability|p2b: Calyrex|As One\n|-ability|p2b: Calyrex|Unnerve\n|turn|8\n|\n|t:|1745958881\n|move|p1b: Ho-Oh|Brave Bird|p2b: Calyrex\n|-damage|p2b: Calyrex|0 fnt\n|faint|p2b: Calyrex\n|-damage|p1b: Ho-Oh|9/100|[from] Recoil\n|\n|win|angandi01\n|raw|angandi01's rating: 1116 &rarr; <strong>1145</strong><br />(+29 for winning)\n|raw|VGCTitus's rating: 1165 &rarr; <strong>1136</strong><br />(-29 for losing)\n|c|\u2606VGCTitus|ggs\n|c|\u2606angandi01|gg\n|l|\u2606VGCTitus\n|player|p2|\n|l|\u2606angandi01\n|player|p1|\n", "uploadtime": 1745958924, "views": 9, "formatid": "gen9vgc2025regibo3", "rating": 1136, "private": 0, "password": null}