{"id": "gen9vgc2025regibo3-2353704320", "format": "[Gen 9] VGC 2025 Reg I (Bo3)", "players": ["luisecanonserna", "Wangopedia"], "log": "|j|\u2606luisecanonserna\n|j|\u2606Wangopedia\n|html|<table width=\"100%\"><tr><td align=\"left\">luisecanonserna</td><td align=\"right\">Wangopedia</tr><tr><td align=\"left\"><i class=\"fa fa-circle-o\"></i> <i class=\"fa fa-circle-o\"></i> </td><td align=\"right\"><i class=\"fa fa-circle-o\"></i> <i class=\"fa fa-circle\"></i> </tr></table>\n|uhtml|bestof|<h2><strong>Game 2</strong> of <a href=\"/game-bestof3-gen9vgc2025regibo3-2353699982\">a best-of-3</a></h2>\n|t:|1745986011\n|gametype|doubles\n|player|p1|luisecanonserna|266|1097\n|player|p2|Wangopedia|169|1045\n|teamsize|p1|6\n|teamsize|p2|6\n|gen|9\n|tier|[Gen 9] VGC 2025 Reg I (Bo3)\n|rated|\n|rule|Species Clause: Limit one of each Pok\u00e9mon\n|rule|Item Clause: Limit 1 of each item\n|clearpoke\n|poke|p1|Kyogre, L50|\n|poke|p1|Zacian-*, L50|\n|poke|p1|Rillaboom, L50, F|\n|poke|p1|Tornadus, L50, M|\n|poke|p1|Chien-Pao, L50|\n|poke|p1|Ogerpon-Hearthflame, L50, F|\n|poke|p2|Solgaleo, L50|\n|poke|p2|Rillaboom, L50, M|\n|poke|p2|Arcanine, L50, M|\n|poke|p2|Kyogre, L50|\n|poke|p2|Murkrow, L50, M|\n|poke|p2|Clefairy, L50, F|\n|teampreview|4\n|showteam|p1|Kyogre||MysticWater|Drizzle|WaterSpout,OriginPulse,IceBeam,Protect||||||50|,,,,,Grass]Zacian-Crowned||RustedSword|IntrepidSword|behemothblade,PlayRough,SacredSword,Protect||||||50|,,,,,Water]Rillaboom||AssaultVest|GrassySurge|GrassyGlide,WoodHammer,FakeOut,Uturn|||F|||50|,,,,,Fire]Tornadus||CovertCloak|Prankster|BleakwindStorm,RainDance,Tailwind,Protect|||M|||50|,,,,,Dark]Chien-Pao||FocusSash|SwordofRuin|IcicleCrash,SuckerPunch,ThroatChop,Protect||||||50|,,,,,Ghost]Ogerpon-Hearthflame||HearthflameMask|MoldBreaker|IvyCudgel,FollowMe,SpikyShield,Encore|||F|||50|,,,,,Fire\n|showteam|p2|Solgaleo||MentalHerb|FullMetalBody|Protect,TrickRoom,WideGuard,SunsteelStrike||||||50|,,,,,Dragon]Rillaboom||AssaultVest|GrassySurge|FakeOut,KnockOff,BrickBreak,GrassyGlide|||M|||50|,,,,,Fire]Arcanine||WideLens|Intimidate|Snarl,Protect,HeatWave,WillOWisp|||M|||50|,,,,,Grass]Kyogre||SafetyGoggles|Drizzle|Protect,IceBeam,Thunderbolt,OriginPulse||||||50|,,,,,Grass]Murkrow||FocusSash|Prankster|Haze,Protect,Tailwind,AirSlash|||M|||50|,,,,,Grass]Clefairy||Eviolite|FriendGuard|Protect,LifeDew,FollowMe,Moonblast|||F|||50|,,,,,Ground\n|inactive|Battle timer is ON: inactive players will automatically lose when time's up. (requested by luisecanonserna)\n|inactive|luisecanonserna has 60 seconds left.\n|inactive|Wangopedia has 60 seconds left.\n|\n|t:|1745986050\n|start\n|switch|p1a: Chien-Pao|Chien-Pao, L50|100/100\n|switch|p1b: Ogerpon|Ogerpon-Hearthflame, L50, F|100/100\n|switch|p2a: Solgaleo|Solgaleo, L50|100/100\n|switch|p2b: Rillaboom|Rillaboom, L50, M|100/100\n|-ability|p1a: Chien-Pao|Sword of Ruin\n|-ability|p1b: Ogerpon|Mold Breaker\n|-fieldstart|move: Grassy Terrain|[from] ability: Grassy Surge|[of] p2b: Rillaboom\n|turn|1\n|\n|t:|1745986075\n|switch|p2b: Kyogre|Kyogre, L50|100/100\n|-weather|RainDance|[from] ability: Drizzle|[of] p2b: Kyogre\n|-terastallize|p1a: Chien-Pao|Ghost\n|move|p1a: Chien-Pao|Throat Chop|p2a: Solgaleo\n|-supereffective|p2a: Solgaleo\n|-damage|p2a: Solgaleo|30/100\n|-start|p2a: Solgaleo|Throat Chop|[silent]\n|move|p1b: Ogerpon|Ivy Cudgel|p2a: Solgaleo|[anim] Ivy Cudgel Fire\n|-supereffective|p2a: Solgaleo\n|-damage|p2a: Solgaleo|0 fnt\n|faint|p2a: Solgaleo\n|\n|-weather|RainDance|[upkeep]\n|upkeep\n|inactive|Wangopedia has 30 seconds left.\n|\n|t:|1745986101\n|switch|p2a: Arcanine|Arcanine, L50, M|100/100\n|-ability|p2a: Arcanine|Intimidate|boost\n|-unboost|p1a: Chien-Pao|atk|1\n|-unboost|p1b: Ogerpon|atk|1\n|turn|2\n|\n|t:|1745986123\n|switch|p1a: Kyogre|Kyogre, L50|100/100\n|move|p1b: Ogerpon|Spiky Shield|p1b: Ogerpon\n|-singleturn|p1b: Ogerpon|move: Protect\n|move|p2a: Arcanine|Snarl|p1a: Kyogre|[spread] p1a\n|-activate|p1b: Ogerpon|move: Protect\n|-damage|p1a: Kyogre|94/100\n|-unboost|p1a: Kyogre|spa|1\n|move|p2b: Kyogre|Origin Pulse|p1b: Ogerpon|[spread] \n|-activate|p1b: Ogerpon|move: Protect\n|-miss|p2b: Kyogre|p1a: Kyogre\n|\n|-weather|RainDance|[upkeep]\n|-heal|p1a: Kyogre|99/100|[from] Grassy Terrain\n|upkeep\n|turn|3\n|inactive|luisecanonserna has 30 seconds left.\n|\n|t:|1745986157\n|switch|p2b: Rillaboom|Rillaboom, L50, M|100/100\n|move|p2a: Arcanine|Protect|p2a: Arcanine\n|-singleturn|p2a: Arcanine|Protect\n|move|p1b: Ogerpon|Encore||[still]\n|-fail|p1b: Ogerpon\n|move|p1a: Kyogre|Water Spout|p2b: Rillaboom|[spread] p2b\n|-activate|p2a: Arcanine|move: Protect\n|-resisted|p2b: Rillaboom\n|-damage|p2b: Rillaboom|74/100\n|\n|-weather|RainDance|[upkeep]\n|-heal|p1a: Kyogre|100/100|[from] Grassy Terrain\n|-heal|p2b: Rillaboom|80/100|[from] Grassy Terrain\n|upkeep\n|turn|4\n|inactive|luisecanonserna has 30 seconds left.\n|inactive|Wangopedia has 30 seconds left.\n|\n|t:|1745986187\n|switch|p1a: Rillaboom|Rillaboom, L50, F|100/100\n|move|p1b: Ogerpon|Spiky Shield|p1b: Ogerpon\n|-singleturn|p1b: Ogerpon|move: Protect\n|move|p2b: Rillaboom|Fake Out|p1a: Rillaboom\n|-damage|p1a: Rillaboom|89/100\n|move|p2a: Arcanine|Snarl|p1a: Rillaboom|[spread] p1a\n|-activate|p1b: Ogerpon|move: Protect\n|-damage|p1a: Rillaboom|84/100\n|-unboost|p1a: Rillaboom|spa|1\n|\n|-weather|RainDance|[upkeep]\n|-heal|p1a: Rillaboom|89/100|[from] Grassy Terrain\n|-heal|p2b: Rillaboom|86/100|[from] Grassy Terrain\n|upkeep\n|turn|5\n|inactive|luisecanonserna has 30 seconds left.\n|\n|t:|1745986217\n|switch|p1b: Kyogre|Kyogre, L50|100/100\n|move|p2a: Arcanine|Protect|p2a: Arcanine\n|-singleturn|p2a: Arcanine|Protect\n|move|p1a: Rillaboom|Fake Out|p2a: Arcanine\n|-activate|p2a: Arcanine|move: Protect\n|move|p2b: Rillaboom|Brick Break|p1b: Kyogre\n|-damage|p1b: Kyogre|81/100\n|\n|-weather|none\n|-heal|p1b: Kyogre|87/100|[from] Grassy Terrain\n|-heal|p1a: Rillaboom|95/100|[from] Grassy Terrain\n|-heal|p2b: Rillaboom|92/100|[from] Grassy Terrain\n|-fieldend|move: Grassy Terrain\n|upkeep\n|turn|6\n|inactive|luisecanonserna has 30 seconds left.\n|inactive|Wangopedia has 30 seconds left.\n|\n|t:|1745986248\n|move|p1b: Kyogre|Water Spout|p2b: Rillaboom|[spread] p2a,p2b\n|-supereffective|p2a: Arcanine\n|-resisted|p2b: Rillaboom\n|-damage|p2a: Arcanine|0 fnt\n|-damage|p2b: Rillaboom|65/100\n|faint|p2a: Arcanine\n|move|p1a: Rillaboom|Wood Hammer|p2b: Rillaboom\n|-resisted|p2b: Rillaboom\n|-damage|p2b: Rillaboom|44/100\n|-damage|p1a: Rillaboom|88/100|[from] Recoil\n|move|p2b: Rillaboom|Grassy Glide|p1b: Kyogre\n|-supereffective|p1b: Kyogre\n|-damage|p1b: Kyogre|41/100\n|\n|upkeep\n|\n|t:|1745986261\n|switch|p2a: Kyogre|Kyogre, L50|100/100\n|-weather|RainDance|[from] ability: Drizzle|[of] p2a: Kyogre\n|turn|7\n|inactive|luisecanonserna has 30 seconds left.\n|inactive|luisecanonserna has 20 seconds left.\n|inactive|luisecanonserna has 15 seconds left.\n|inactive|luisecanonserna has 10 seconds left.\n|\n|t:|1745986307\n|-terastallize|p2a: Kyogre|Grass\n|move|p1b: Kyogre|Protect|p1b: Kyogre\n|-singleturn|p1b: Kyogre|Protect\n|move|p2a: Kyogre|Thunderbolt|p1b: Kyogre\n|-activate|p1b: Kyogre|move: Protect\n|move|p1a: Rillaboom|U-turn|p2b: Rillaboom\n|-supereffective|p2b: Rillaboom\n|-damage|p2b: Rillaboom|6/100\n|\n|t:|1745986320\n|switch|p1a: Chien-Pao|Chien-Pao, L50, tera:Ghost|100/100|[from] U-turn\n|-ability|p1a: Chien-Pao|Sword of Ruin\n|move|p2b: Rillaboom|Brick Break|p1b: Kyogre\n|-activate|p1b: Kyogre|move: Protect\n|\n|-weather|RainDance|[upkeep]\n|upkeep\n|turn|8\n|inactive|luisecanonserna has 30 seconds left.\n|inactive|Wangopedia has 30 seconds left.\n|inactive|luisecanonserna has 20 seconds left.\n|\n|t:|1745986359\n|switch|p1b: Rillaboom|Rillaboom, L50, F|88/100\n|-fieldstart|move: Grassy Terrain|[from] ability: Grassy Surge|[of] p1b: Rillaboom\n|move|p1a: Chien-Pao|Icicle Crash|p2a: Kyogre\n|-supereffective|p2a: Kyogre\n|-damage|p2a: Kyogre|27/100\n|move|p2a: Kyogre|Thunderbolt|p1b: Rillaboom\n|-resisted|p1b: Rillaboom\n|-damage|p1b: Rillaboom|78/100\n|move|p2b: Rillaboom|Knock Off|p1b: Rillaboom\n|-damage|p1b: Rillaboom|46/100\n|-enditem|p1b: Rillaboom|Assault Vest|[from] move: Knock Off|[of] p2b: Rillaboom\n|\n|-weather|RainDance|[upkeep]\n|-heal|p2a: Kyogre|33/100|[from] Grassy Terrain\n|-heal|p1b: Rillaboom|52/100|[from] Grassy Terrain\n|-heal|p2b: Rillaboom|12/100|[from] Grassy Terrain\n|upkeep\n|turn|9\n|inactive|luisecanonserna has 30 seconds left.\n|\n|t:|1745986385\n|move|p1b: Rillaboom|Fake Out|p2b: Rillaboom\n|-damage|p2b: Rillaboom|0 fnt\n|faint|p2b: Rillaboom\n|move|p1a: Chien-Pao|Icicle Crash|p2a: Kyogre\n|-supereffective|p2a: Kyogre\n|-damage|p2a: Kyogre|0 fnt\n|faint|p2a: Kyogre\n|\n|win|luisecanonserna\n||luisecanonserna is ready for game 3.\n|l|\u2606Wangopedia\n|player|p2|\n||Wangopedia is ready for game 3.\n|uhtml|next|Next: <a href=\"/battle-gen9vgc2025regibo3-2353706973\"><strong>Game 3 of 3</strong></a>\n", "uploadtime": 1745986722, "views": 6, "formatid": "gen9vgc2025regibo3", "rating": null, "private": 0, "password": null}