{"id": "gen9vgc2025regibo3-2353770025", "format": "[Gen 9] VGC 2025 Reg I (Bo3)", "players": ["rhinounicork", "UnknownENT"], "log": "|j|\u2606rhinounicork\n|j|\u2606UnknownENT\n|html|<table width=\"100%\"><tr><td align=\"left\">rhinounicork</td><td align=\"right\">UnknownENT</tr><tr><td align=\"left\"><i class=\"fa fa-circle-o\"></i> <i class=\"fa fa-circle-o\"></i> </td><td align=\"right\"><i class=\"fa fa-circle-o\"></i> <i class=\"fa fa-circle-o\"></i> </tr></table>\n|uhtml|bestof|<h2><strong>Game 1</strong> of <a href=\"/game-bestof3-gen9vgc2025regibo3-2353770022\">a best-of-3</a></h2>\n|t:|1745996988\n|gametype|doubles\n|player|p1|rhinounicork|101|1177\n|player|p2|UnknownENT|infielder|1073\n|teamsize|p1|6\n|teamsize|p2|6\n|gen|9\n|tier|[Gen 9] VGC 2025 Reg I (Bo3)\n|rated|\n|rule|Species Clause: Limit one of each Pok\u00e9mon\n|rule|Item Clause: Limit 1 of each item\n|clearpoke\n|poke|p1|Zacian-*, L50|\n|poke|p1|Terapagos, L50, M|\n|poke|p1|Incineroar, L50, M|\n|poke|p1|Rillaboom, L50, F|\n|poke|p1|Scream Tail, L50|\n|poke|p1|Ogerpon-Cornerstone, L50, F|\n|poke|p2|Calyrex-Ice, L50|\n|poke|p2|Zamazenta-*, L50|\n|poke|p2|Rillaboom, L50, M|\n|poke|p2|Incineroar, L50, F|\n|poke|p2|Pelipper, L50, M|\n|poke|p2|Archaludon, L50, M|\n|teampreview|4\n|showteam|p1|Zacian-Crowned||RustedSword|IntrepidSword|behemothblade,SacredSword,Protect,SwordsDance||||||50|,,,,,Fire]Terapagos||Leftovers|TeraShift|TeraStarstorm,CalmMind,Protect,EarthPower|||M|||50|,,,,,Stellar]Incineroar||SafetyGoggles|Intimidate|KnockOff,WillOWisp,FakeOut,PartingShot|||M|||50|,,,,,Water]Rillaboom||AssaultVest|GrassySurge|GrassyGlide,WoodHammer,Uturn,FakeOut|||F|||50|,,,,,Fire]Scream Tail||BoosterEnergy|Protosynthesis|RockTomb,Encore,Disable,Protect||||||50|,,,,,Normal]Ogerpon-Cornerstone||CornerstoneMask|Sturdy|IvyCudgel,GrassyGlide,SpikyShield,FollowMe|||F|||50|,,,,,Rock\n|showteam|p2|Calyrex-Ice||ClearAmulet|AsOneGlastrier|GlacialLance,HighHorsepower,TrickRoom,Protect||||||50|,,,,,Water]Zamazenta-Crowned||RustedShield|DauntlessShield|BodyPress,WideGuard,Protect,HeavySlam||||||50|,,,,,Grass]Rillaboom||AssaultVest|GrassySurge|FakeOut,WoodHammer,GrassyGlide,Uturn|||M|||50|,,,,,Fire]Incineroar||SafetyGoggles|Intimidate|FakeOut,WillOWisp,PartingShot,KnockOff|||F|||50|,,,,,Ghost]Pelipper||DampRock|Drizzle|Hurricane,WeatherBall,WideGuard,Protect|||M|||50|,,,,,Ghost]Archaludon||PowerHerb|Stamina|ElectroShot,BodyPress,DracoMeteor,Protect|||M|||50|,,,,,Fairy\n|\n|t:|1745997133\n|start\n|switch|p1a: Zacian|Zacian-Crowned, L50|100/100\n|switch|p1b: Rillaboom|Rillaboom, L50, F|100/100\n|switch|p2a: Zamazenta|Zamazenta-Crowned, L50|100/100\n|switch|p2b: Archaludon|Archaludon, L50, M|100/100\n|-ability|p1a: Zacian|Intrepid Sword|boost\n|-boost|p1a: Zacian|atk|1\n|-ability|p2a: Zamazenta|Dauntless Shield|boost\n|-boost|p2a: Zamazenta|def|1\n|-fieldstart|move: Grassy Terrain|[from] ability: Grassy Surge|[of] p1b: Rillaboom\n|turn|1\n|inactive|Battle timer is ON: inactive players will automatically lose when time's up. (requested by rhinounicork)\n|\n|t:|1745997178\n|move|p1a: Zacian|Protect|p1a: Zacian\n|-singleturn|p1a: Zacian|Protect\n|move|p2a: Zamazenta|Protect|p2a: Zamazenta\n|-singleturn|p2a: Zamazenta|Protect\n|move|p1b: Rillaboom|U-turn|p2a: Zamazenta\n|-activate|p2a: Zamazenta|move: Protect\n|move|p2b: Archaludon|Electro Shot||[still]\n|-prepare|p2b: Archaludon|Electro Shot\n|-boost|p2b: Archaludon|spa|1\n|-enditem|p2b: Archaludon|Power Herb\n|-anim|p2b: Archaludon|Electro Shot|p1a: Zacian\n|-activate|p1a: Zacian|move: Protect\n|\n|upkeep\n|turn|2\n|inactive|rhinounicork has 30 seconds left.\n|inactive|UnknownENT has 30 seconds left.\n|inactive|rhinounicork has 20 seconds left.\n|inactive|rhinounicork has 15 seconds left.\n|\n|t:|1745997218\n|switch|p2b: Incineroar|Incineroar, L50, F|100/100\n|-ability|p2b: Incineroar|Intimidate|boost\n|-unboost|p1a: Zacian|atk|1\n|-unboost|p1b: Rillaboom|atk|1\n|move|p1a: Zacian|Swords Dance|p1a: Zacian\n|-boost|p1a: Zacian|atk|2\n|move|p2a: Zamazenta|Body Press|p1a: Zacian\n|-damage|p1a: Zacian|44/100\n|move|p1b: Rillaboom|U-turn|p2a: Zamazenta\n|-resisted|p2a: Zamazenta\n|-damage|p2a: Zamazenta|99/100\n|\n|t:|1745997232\n|switch|p1b: Scream Tail|Scream Tail, L50|100/100|[from] U-turn\n|-enditem|p1b: Scream Tail|Booster Energy\n|-activate|p1b: Scream Tail|ability: Protosynthesis|[fromitem]\n|-start|p1b: Scream Tail|protosynthesisspe\n|\n|-heal|p1a: Zacian|50/100|[from] Grassy Terrain\n|-heal|p2a: Zamazenta|100/100|[from] Grassy Terrain\n|upkeep\n|turn|3\n|inactive|UnknownENT has 30 seconds left.\n|inactive|UnknownENT has 20 seconds left.\n|\n|t:|1745997267\n|move|p1b: Scream Tail|Protect|p1b: Scream Tail\n|-singleturn|p1b: Scream Tail|Protect\n|move|p1a: Zacian|Protect|p1a: Zacian\n|-singleturn|p1a: Zacian|Protect\n|move|p2a: Zamazenta|Protect|p2a: Zamazenta\n|-singleturn|p2a: Zamazenta|Protect\n|move|p2b: Incineroar|Will-O-Wisp|p1a: Zacian\n|-activate|p1a: Zacian|move: Protect\n|\n|-heal|p1a: Zacian|56/100|[from] Grassy Terrain\n|upkeep\n|turn|4\n|\n|t:|1745997287\n|switch|p2a: Archaludon|Archaludon, L50, M|100/100\n|-terastallize|p1a: Zacian|Fire\n|move|p1b: Scream Tail|Encore||[still]\n|-fail|p1b: Scream Tail\n|move|p1a: Zacian|Swords Dance|p1a: Zacian\n|-boost|p1a: Zacian|atk|2\n|move|p2b: Incineroar|Will-O-Wisp|p1a: Zacian\n|-immune|p1a: Zacian\n|\n|-heal|p1a: Zacian|62/100|[from] Grassy Terrain\n|upkeep\n|turn|5\n|inactive|rhinounicork has 30 seconds left.\n|\n|t:|1745997314\n|move|p1a: Zacian|Protect|p1a: Zacian\n|-singleturn|p1a: Zacian|Protect\n|move|p1b: Scream Tail|Encore|p2b: Incineroar\n|-start|p2b: Incineroar|Encore\n|move|p2a: Archaludon|Draco Meteor|p1a: Zacian\n|-activate|p1a: Zacian|move: Protect\n|move|p2b: Incineroar|Will-O-Wisp|p1b: Scream Tail|[miss]\n|-miss|p2b: Incineroar|p1b: Scream Tail\n|\n|-heal|p1a: Zacian|69/100|[from] Grassy Terrain\n|-fieldend|move: Grassy Terrain\n|upkeep\n|turn|6\n|inactive|rhinounicork has 30 seconds left.\n|\n|t:|1745997340\n|switch|p2b: Zamazenta|Zamazenta-Crowned, L50|100/100\n|move|p1b: Scream Tail|Disable|p2a: Archaludon\n|-start|p2a: Archaludon|Disable|Draco Meteor\n|move|p1a: Zacian|Sacred Sword|p2a: Archaludon\n|-supereffective|p2a: Archaludon\n|-damage|p2a: Archaludon|0 fnt\n|faint|p2a: Archaludon\n|\n|upkeep\n|\n|t:|1745997353\n|switch|p2a: Incineroar|Incineroar, L50, F|100/100\n|-ability|p2a: Incineroar|Intimidate|boost\n|-unboost|p1a: Zacian|atk|1\n|-unboost|p1b: Scream Tail|atk|1\n|turn|7\n|\n|t:|1745997376\n|move|p1b: Scream Tail|Protect|p1b: Scream Tail\n|-singleturn|p1b: Scream Tail|Protect\n|move|p1a: Zacian|Protect|p1a: Zacian\n|-singleturn|p1a: Zacian|Protect\n|move|p2b: Zamazenta|Body Press|p1a: Zacian\n|-activate|p1a: Zacian|move: Protect\n|move|p2a: Incineroar|Parting Shot|p1a: Zacian\n|-activate|p1a: Zacian|move: Protect\n|\n|upkeep\n|turn|8\n|\n|t:|1745997397\n|move|p1b: Scream Tail|Disable|p2b: Zamazenta\n|-start|p2b: Zamazenta|Disable|Body Press\n|move|p1a: Zacian|Sacred Sword|p2a: Incineroar\n|-supereffective|p2a: Incineroar\n|-damage|p2a: Incineroar|0 fnt\n|faint|p2a: Incineroar\n|cant|p2b: Zamazenta|Disable|Body Press\n|\n|upkeep\n|\n|t:|1745997404\n|switch|p2a: Calyrex|Calyrex-Ice, L50|100/100\n|-ability|p2a: Calyrex|As One\n|-ability|p2a: Calyrex|Unnerve\n|turn|9\n|\n|t:|1745997422\n|move|p1b: Scream Tail|Encore|p2b: Zamazenta\n|-start|p2b: Zamazenta|Encore\n|move|p1a: Zacian|Sacred Sword|p2a: Calyrex\n|-crit|p2a: Calyrex\n|-damage|p2a: Calyrex|24/100\n|cant|p2b: Zamazenta|Disable|Body Press\n|move|p2a: Calyrex|Trick Room|p2a: Calyrex\n|-fieldstart|move: Trick Room|[of] p2a: Calyrex\n|\n|upkeep\n|turn|10\n|n|!UnknownENT|unknownent\n|inactive|UnknownENT has 30 seconds left.\n|\n|t:|1745997453\n|-terastallize|p2a: Calyrex|Water\n|move|p1a: Zacian|Protect|p1a: Zacian\n|-singleturn|p1a: Zacian|Protect\n|move|p2a: Calyrex|High Horsepower|p1a: Zacian\n|-activate|p1a: Zacian|move: Protect\n|-activate|p2b: Zamazenta|move: Struggle\n|move|p2b: Zamazenta|Struggle|p1b: Scream Tail\n|-damage|p1b: Scream Tail|89/100\n|-damage|p2b: Zamazenta|75/100|[from] recoil\n|move|p1b: Scream Tail|Disable|p2a: Calyrex\n|-start|p2a: Calyrex|Disable|High Horsepower\n|\n|upkeep\n|turn|11\n|\n|t:|1745997475\n|move|p1b: Scream Tail|Protect|p1b: Scream Tail\n|-singleturn|p1b: Scream Tail|Protect\n|move|p2a: Calyrex|Glacial Lance|p1a: Zacian|[spread] p1a\n|-activate|p1b: Scream Tail|move: Protect\n|-resisted|p1a: Zacian\n|-damage|p1a: Zacian|47/100\n|-activate|p2b: Zamazenta|move: Struggle\n|move|p2b: Zamazenta|Struggle|p1b: Scream Tail\n|-activate|p1b: Scream Tail|move: Protect\n|move|p1a: Zacian|Sacred Sword|p2a: Calyrex\n|-damage|p2a: Calyrex|0 fnt\n|faint|p2a: Calyrex\n|\n|-end|p2b: Zamazenta|Encore\n|-end|p2b: Zamazenta|Disable\n|upkeep\n|turn|12\n|-message|UnknownENT forfeited.\n|\n|win|rhinounicork\n|l|!UnknownENT\n|player|p2|\n||UnknownENT is ready for game 2.\n||rhinounicork is ready for game 2.\n|uhtml|next|Next: <a href=\"/battle-gen9vgc2025regibo3-2353773041\"><strong>Game 2 of 3</strong></a>\n", "uploadtime": 1745997429, "views": 38, "formatid": "gen9vgc2025regibo3", "rating": null, "private": 0, "password": null}