{"id": "gen9vgc2025regibo3-2353729487", "format": "[Gen 9] VGC 2025 Reg I (Bo3)", "players": ["YOSHlNlAN", "Paris gurll"], "log": "|j|\u2606YOSHlNlAN\n|j|\u2606Paris gurll\n|html|<table width=\"100%\"><tr><td align=\"left\">YOSHlNlAN</td><td align=\"right\">Paris gurll</tr><tr><td align=\"left\"><i class=\"fa fa-circle-o\"></i> <i class=\"fa fa-circle-o\"></i> </td><td align=\"right\"><i class=\"fa fa-circle-o\"></i> <i class=\"fa fa-circle-o\"></i> </tr></table>\n|uhtml|bestof|<h2><strong>Game 1</strong> of <a href=\"/game-bestof3-gen9vgc2025regibo3-2353729486\">a best-of-3</a></h2>\n|t:|1745989947\n|gametype|doubles\n|player|p1|YOSHlNlAN|ghetsis|1197\n|player|p2|Paris gurll|102|1076\n|teamsize|p1|6\n|teamsize|p2|6\n|gen|9\n|tier|[Gen 9] VGC 2025 Reg I (Bo3)\n|rated|\n|rule|Species Clause: Limit one of each Pok\u00e9mon\n|rule|Item Clause: Limit 1 of each item\n|clearpoke\n|poke|p1|Lunala, L50|\n|poke|p1|Palkia, L50|\n|poke|p1|Meowstic, L50, M|\n|poke|p1|Indeedee-F, L50, F|\n|poke|p1|Urshifu-*, L50, M|\n|poke|p1|Ursaluna, L50, M|\n|poke|p2|Ceruledge, L50, F|\n|poke|p2|Tornadus, L50, M|\n|poke|p2|Miraidon, L50|\n|poke|p2|Urshifu-*, L50, F|\n|poke|p2|Incineroar, L50, F|\n|poke|p2|Calyrex-Shadow, L50|\n|teampreview|4\n|showteam|p1|Lunala||PowerHerb|ShadowShield|MoongeistBeam,ExpandingForce,MeteorBeam,WideGuard||||||50|,,,,,Dragon]Palkia||LustrousOrb|Telepathy|SpacialRend,HydroPump,TrickRoom,Protect||||||50|,,,,,Fire]Meowstic||CovertCloak|Prankster|ExpandingForce,Reflect,Gravity,RainDance|||M|||50|,,,,,Dark]Indeedee-F||SafetyGoggles|PsychicSurge|AlluringVoice,FollowMe,HealPulse,TrickRoom|||F|||50|,,,,,Ground]Urshifu-Rapid-Strike||ChoiceScarf|UnseenFist|SurgingStrikes,CloseCombat,AquaJet,Uturn|||M|||50|,,,,,Water]Ursaluna||FlameOrb|Guts|Facade,HeadlongRush,Earthquake,Protect|||M|||50|,,,,,Ghost\n|showteam|p2|Ceruledge||LifeOrb|FlashFire|BitterBlade,ShadowSneak,CloseCombat,Protect|||F|||50|,,,,,Grass]Tornadus||CovertCloak|Prankster|Tailwind,BleakwindStorm,RainDance,Protect|||M|||50|,,,,,Steel]Miraidon||ChoiceSpecs|HadronEngine|ElectroDrift,VoltSwitch,DazzlingGleam,DracoMeteor||||||50|,,,,,Fairy]Urshifu||FocusSash|UnseenFist|SuckerPunch,WickedBlow,CloseCombat,Detect|||F|||50|,,,,,Stellar]Incineroar||SafetyGoggles|Intimidate|KnockOff,HelpingHand,FakeOut,PartingShot|||F|||50|,,,,,Water]Calyrex-Shadow||SpellTag|AsOneSpectrier|AstralBarrage,GigaDrain,NastyPlot,Protect||||||50|,,,,,Normal\n|inactive|Battle timer is ON: inactive players will automatically lose when time's up. (requested by YOSHlNlAN)\n|inactive|YOSHlNlAN has 60 seconds left.\n|inactive|Paris gurll has 60 seconds left.\n|inactive|Paris gurll has 30 seconds left.\n|\n|t:|1745990011\n|start\n|switch|p1a: Urshifu|Urshifu-Rapid-Strike, L50, M|100/100\n|switch|p1b: Indeedee|Indeedee-F, L50, F|100/100\n|switch|p2a: Shrek 2|Incineroar, L50, F, shiny|100/100\n|switch|p2b: Panic at the disco|Calyrex-Shadow, L50|100/100\n|-ability|p2b: Panic at the disco|As One\n|-ability|p2b: Panic at the disco|Unnerve\n|-fieldstart|move: Psychic Terrain|[from] ability: Psychic Surge|[of] p1b: Indeedee\n|-ability|p2a: Shrek 2|Intimidate|boost\n|-unboost|p1a: Urshifu|atk|1\n|-unboost|p1b: Indeedee|atk|1\n|turn|1\n|inactive|Paris gurll has 30 seconds left.\n|inactive|Paris gurll has 20 seconds left.\n|\n|t:|1745990048\n|-terastallize|p1a: Urshifu|Water\n|move|p2a: Shrek 2|Fake Out|p1a: Urshifu\n|-activate|p1a: Urshifu|move: Psychic Terrain\n|move|p1a: Urshifu|Surging Strikes|p2b: Panic at the disco\n|-crit|p2b: Panic at the disco\n|-damage|p2b: Panic at the disco|63/100\n|-crit|p2b: Panic at the disco\n|-damage|p2b: Panic at the disco|25/100\n|-crit|p2b: Panic at the disco\n|-damage|p2b: Panic at the disco|0 fnt\n|faint|p2b: Panic at the disco\n|-hitcount|p2: Panic at the disco|3\n|move|p1b: Indeedee|Trick Room|p1b: Indeedee\n|-fieldstart|move: Trick Room|[of] p1b: Indeedee\n|\n|upkeep\n|\n|t:|1745990060\n|switch|p2b: Kung fu fighting|Urshifu, L50, F|100/100\n|turn|2\n|\n|t:|1745990082\n|-terastallize|p2b: Kung fu fighting|Stellar\n|move|p2a: Shrek 2|Parting Shot|p1a: Urshifu\n|-unboost|p1a: Urshifu|atk|1\n|-unboost|p1a: Urshifu|spa|1\n|\n|t:|1745990087\n|switch|p2a: Miraidon|Miraidon, L50|100/100|[from] Parting Shot\n|-fieldstart|move: Electric Terrain|[from] ability: Hadron Engine|[of] p2a: Miraidon\n|move|p1b: Indeedee|Alluring Voice|p2b: Kung fu fighting\n|-supereffective|p2b: Kung fu fighting\n|-enditem|p2b: Kung fu fighting|Focus Sash\n|-damage|p2b: Kung fu fighting|1/100\n|move|p2b: Kung fu fighting|Wicked Blow|p1a: Urshifu\n|-crit|p1a: Urshifu\n|-damage|p1a: Urshifu|13/100\n|move|p1a: Urshifu|Surging Strikes|p2b: Kung fu fighting\n|-crit|p2b: Kung fu fighting\n|-damage|p2b: Kung fu fighting|0 fnt\n|faint|p2b: Kung fu fighting\n|-hitcount|p2: Kung fu fighting|1\n|\n|upkeep\n|\n|t:|1745990102\n|switch|p2b: Shrek 2|Incineroar, L50, F, shiny|100/100\n|-ability|p2b: Shrek 2|Intimidate|boost\n|-unboost|p1a: Urshifu|atk|1\n|-unboost|p1b: Indeedee|atk|1\n|turn|3\n|\n|t:|1745990114\n|switch|p1b: Lunala|Lunala, L50|100/100\n|move|p2b: Shrek 2|Fake Out|p1a: Urshifu\n|-damage|p1a: Urshifu|3/100\n|move|p2a: Miraidon|Electro Drift|p1b: Lunala\n|-damage|p1b: Lunala|54/100\n|cant|p1a: Urshifu|flinch\n|\n|upkeep\n|turn|4\n|\n|t:|1745990127\n|switch|p1b: Indeedee|Indeedee-F, L50, F|100/100\n|-fieldstart|move: Psychic Terrain|[from] ability: Psychic Surge|[of] p1b: Indeedee\n|move|p2b: Shrek 2|Knock Off|p1b: Indeedee\n|-supereffective|p1b: Indeedee\n|-damage|p1b: Indeedee|35/100\n|-enditem|p1b: Indeedee|Safety Goggles|[from] move: Knock Off|[of] p2b: Shrek 2\n|move|p2a: Miraidon|Electro Drift|p1a: Urshifu\n|-supereffective|p1a: Urshifu\n|-damage|p1a: Urshifu|0 fnt\n|faint|p1a: Urshifu\n|\n|upkeep\n|\n|t:|1745990129\n|switch|p1a: Palkia|Palkia, L50|100/100\n|turn|5\n|\n|t:|1745990151\n|move|p1b: Indeedee|Follow Me|p1b: Indeedee\n|-singleturn|p1b: Indeedee|move: Follow Me\n|move|p2b: Shrek 2|Knock Off|p1b: Indeedee\n|-supereffective|p1b: Indeedee\n|-damage|p1b: Indeedee|0 fnt\n|faint|p1b: Indeedee\n|move|p1a: Palkia|Spacial Rend|p2a: Miraidon\n|-supereffective|p2a: Miraidon\n|-damage|p2a: Miraidon|0 fnt\n|faint|p2a: Miraidon\n|\n|-fieldend|move: Trick Room\n|upkeep\n|\n|t:|1745990155\n|switch|p1b: Lunala|Lunala, L50|54/100\n|turn|6\n|\n|t:|1745990164\n|move|p1a: Palkia|Hydro Pump|p2b: Shrek 2\n|-supereffective|p2b: Shrek 2\n|-damage|p2b: Shrek 2|0 fnt\n|faint|p2b: Shrek 2\n|\n|win|YOSHlNlAN\n|l|\u2606YOSHlNlAN\n|player|p1|\n||Paris gurll is ready for game 2.\n||YOSHlNlAN is ready for game 2.\n|uhtml|next|Next: <a href=\"/battle-gen9vgc2025regibo3-2353730798\"><strong>Game 2 of 3</strong></a>\n|l|\u2606Paris gurll\n|player|p2|\n", "uploadtime": 1745990475, "views": 6, "formatid": "gen9vgc2025regibo3", "rating": null, "private": 0, "password": null}