{"id": "gen9vgc2025regibo3-2354993143", "format": "[Gen 9] VGC 2025 Reg I (Bo3)", "players": ["waveniki", "lexerthanatauros"], "log": "|j|\u2606waveniki\n|j|\u2606lexerthanatauros\n|html|<table width=\"100%\"><tr><td align=\"left\">waveniki</td><td align=\"right\">lexerthanatauros</tr><tr><td align=\"left\"><i class=\"fa fa-circle-o\"></i> <i class=\"fa fa-circle-o\"></i> </td><td align=\"right\"><i class=\"fa fa-circle-o\"></i> <i class=\"fa fa-circle\"></i> </tr></table>\n|uhtml|bestof|<h2><strong>Game 2</strong> of <a href=\"/game-bestof3-gen9vgc2025regibo3-2354991175\">a best-of-3</a></h2>\n|t:|1746139657\n|gametype|doubles\n|player|p1|waveniki|clerk|1230\n|player|p2|lexerthanatauros|lucas|1092\n|teamsize|p1|6\n|teamsize|p2|6\n|gen|9\n|tier|[Gen 9] VGC 2025 Reg I (Bo3)\n|rated|\n|rule|Species Clause: Limit one of each Pok\u00e9mon\n|rule|Item Clause: Limit 1 of each item\n|clearpoke\n|poke|p1|Terapagos, L50, M|\n|poke|p1|Koraidon, L50|\n|poke|p1|Incineroar, L50, M|\n|poke|p1|Flutter Mane, L50|\n|poke|p1|Raging Bolt, L50|\n|poke|p1|Ogerpon-Cornerstone, L50, F|\n|poke|p2|Terapagos, L50, M|\n|poke|p2|Zamazenta-*, L50|\n|poke|p2|Mimikyu, L50, M|\n|poke|p2|Tyranitar, L50, F|\n|poke|p2|Urshifu-*, L50, F|\n|poke|p2|Dugtrio, L50, F|\n|teampreview|4\n|showteam|p1|Terapagos||Leftovers|TeraShift|TeraStarstorm,EarthPower,CalmMind,Protect|||M|||50|,,,,,Stellar]Koraidon||LifeOrb|OrichalcumPulse|CloseCombat,FlareBlitz,FlameCharge,Protect||||||50|,,,,,Fire]Incineroar||RockyHelmet|Intimidate|FakeOut,FlareBlitz,KnockOff,PartingShot|||M|||50|,,,,,Bug]Flutter Mane||FocusSash|Protosynthesis|Moonblast,ShadowBall,IcyWind,Protect||||||50|,,,,,Stellar]Raging Bolt||AssaultVest|Protosynthesis|Thunderbolt,Thunderclap,Snarl,DracoMeteor||||||50|,,,,,Electric]Ogerpon-Cornerstone||CornerstoneMask|Sturdy|IvyCudgel,PowerWhip,FollowMe,SpikyShield|||F|||50|,,,,,Rock\n|showteam|p2|Terapagos||ChoiceSpecs|TeraShift|TeraStarstorm,DazzlingGleam,EarthPower,IceBeam|||M|||50|,,,,,Stellar]Zamazenta-Crowned||RustedShield|DauntlessShield|BodyPress,HeavySlam,WideGuard,Protect||||||50|,,,,,Dragon]Mimikyu||SitrusBerry|Disguise|PlayRough,WillOWisp,TrickRoom,DestinyBond|||M|||50|,,,,,Fairy]Tyranitar||LifeOrb|SandStream|KnockOff,StoneEdge,Earthquake,Protect|||F|||50|,,,,,Fairy]Urshifu||ChoiceScarf|UnseenFist|WickedBlow,PoisonJab,SuckerPunch,CloseCombat|||F|||50|,,,,,Dark]Dugtrio||FocusSash|ArenaTrap|Endeavor,SuckerPunch,StompingTantrum,Protect|||F|||50|,,,,,Ghost\n|inactive|Battle timer is ON: inactive players will automatically lose when time's up. (requested by waveniki)\n|\n|t:|1746139685\n|start\n|switch|p1a: Flutter Mane|Flutter Mane, L50|100/100\n|switch|p1b: Ogerpon|Ogerpon-Cornerstone, L50, F|100/100\n|switch|p2a: Og flutter mane|Mimikyu, L50, M|100/100\n|switch|p2b: Tyranitar|Tyranitar, L50, F|100/100\n|-weather|Sandstorm|[from] ability: Sand Stream|[of] p2b: Tyranitar\n|turn|1\n|\n|t:|1746139705\n|move|p1a: Flutter Mane|Icy Wind|p2a: Og flutter mane|[spread] p2a,p2b\n|-activate|p2a: Og flutter mane|ability: Disguise\n|-damage|p2a: Og flutter mane|100/100\n|-damage|p2b: Tyranitar|92/100\n|-unboost|p2a: Og flutter mane|spe|1\n|-unboost|p2b: Tyranitar|spe|1\n|detailschange|p2a: Og flutter mane|Mimikyu-Busted, L50, M\n|-damage|p2a: Og flutter mane|88/100|[from] pokemon: Mimikyu-Busted\n|move|p1b: Ogerpon|Power Whip|p2b: Tyranitar\n|-supereffective|p2b: Tyranitar\n|-damage|p2b: Tyranitar|0 fnt\n|faint|p2b: Tyranitar\n|move|p2a: Og flutter mane|Trick Room|p2a: Og flutter mane\n|-fieldstart|move: Trick Room|[of] p2a: Og flutter mane\n|\n|-weather|Sandstorm|[upkeep]\n|-damage|p2a: Og flutter mane|82/100|[from] Sandstorm\n|-damage|p1a: Flutter Mane|94/100|[from] Sandstorm\n|upkeep\n|\n|t:|1746139716\n|switch|p2b: Terapagos|Terapagos, L50, M|100/100\n|-activate|p2b: Terapagos|ability: Tera Shift\n|detailschange|p2b: Terapagos|Terapagos-Terastal, L50, M\n|-heal|p2b: Terapagos|100/100|[silent]\n|turn|2\n|\n|t:|1746139732\n|-terastallize|p2b: Terapagos|Stellar\n|detailschange|p2b: Terapagos|Terapagos-Stellar, L50, M, tera:Stellar\n|-heal|p2b: Terapagos|100/100|[silent]\n|-ability|p2b: Terapagos|Teraform Zero\n|-weather|none\n|move|p2a: Og flutter mane|Play Rough|p1a: Flutter Mane\n|-damage|p1a: Flutter Mane|21/100\n|move|p2b: Terapagos|Tera Starstorm|p1a: Flutter Mane|[spread] p1a,p1b\n|-damage|p1a: Flutter Mane|0 fnt\n|-damage|p1b: Ogerpon|28/100\n|faint|p1a: Flutter Mane\n|-end|p1a: Flutter Mane|Protosynthesis|[silent]\n|move|p1b: Ogerpon|Ivy Cudgel|p2b: Terapagos|[anim] Ivy Cudgel Rock\n|-crit|p2b: Terapagos\n|-damage|p2b: Terapagos|34/100\n|\n|upkeep\n|\n|t:|1746139741\n|switch|p1a: Raging Bolt|Raging Bolt, L50|100/100\n|turn|3\n|inactive|waveniki has 30 seconds left.\n|inactive|waveniki has 20 seconds left.\n|inactive|waveniki has 15 seconds left.\n|\n|t:|1746139784\n|-terastallize|p1a: Raging Bolt|Electric\n|move|p1b: Ogerpon|Follow Me|p1b: Ogerpon\n|-singleturn|p1b: Ogerpon|move: Follow Me\n|move|p1a: Raging Bolt|Thunderclap|p2b: Terapagos\n|-damage|p2b: Terapagos|5/100\n|move|p2a: Og flutter mane|Play Rough|p1b: Ogerpon\n|-damage|p1b: Ogerpon|0 fnt\n|faint|p1b: Ogerpon\n|move|p2b: Terapagos|Tera Starstorm|p1a: Raging Bolt\n|-supereffective|p1a: Raging Bolt\n|-damage|p1a: Raging Bolt|6/100\n|\n|upkeep\n|\n|t:|1746139786\n|switch|p1b: Koraidon|Koraidon, L50|100/100\n|-weather|SunnyDay|[from] ability: Orichalcum Pulse|[of] p1b: Koraidon\n|-activate|p1a: Raging Bolt|ability: Protosynthesis\n|-start|p1a: Raging Bolt|protosynthesisspa\n|-activate|p1b: Koraidon|Orichalcum Pulse|[source]\n|turn|4\n|\n|t:|1746139807\n|move|p1b: Koraidon|Protect|p1b: Koraidon\n|-singleturn|p1b: Koraidon|Protect\n|move|p2a: Og flutter mane|Play Rough|p1a: Raging Bolt\n|-damage|p1a: Raging Bolt|0 fnt\n|faint|p1a: Raging Bolt\n|-end|p1a: Raging Bolt|Protosynthesis|[silent]\n|move|p2b: Terapagos|Tera Starstorm|p1b: Koraidon\n|-activate|p1b: Koraidon|move: Protect\n|\n|-weather|SunnyDay|[upkeep]\n|upkeep\n|turn|5\n|\n|t:|1746139813\n|move|p1b: Koraidon|Protect||[still]\n|-fail|p1b: Koraidon\n|move|p2a: Og flutter mane|Play Rough|p1b: Koraidon\n|-supereffective|p1b: Koraidon\n|-damage|p1b: Koraidon|0 fnt\n|faint|p1b: Koraidon\n|\n|win|lexerthanatauros\n|raw|waveniki's rating: 1230 &rarr; <strong>1196</strong><br />(-34 for losing)\n|raw|lexerthanatauros's rating: 1092 &rarr; <strong>1128</strong><br />(+36 for winning)\n|l|\u2606lexerthanatauros\n|player|p2|\n", "uploadtime": 1746139815, "views": 5, "formatid": "gen9vgc2025regibo3", "rating": 1128, "private": 0, "password": null}