{"id": "gen9vgc2025regibo3-2355095978", "format": "[Gen 9] VGC 2025 Reg I (Bo3)", "players": ["rodjilius", "Eliys71996"], "log": "|j|\u2606rodjilius\n|j|\u2606Eliys71996\n|html|<table width=\"100%\"><tr><td align=\"left\">rodjilius</td><td align=\"right\">Eliys71996</tr><tr><td align=\"left\"><i class=\"fa fa-circle-o\"></i> <i class=\"fa fa-circle-o\"></i> </td><td align=\"right\"><i class=\"fa fa-circle-o\"></i> <i class=\"fa fa-circle-o\"></i> </tr></table>\n|uhtml|bestof|<h2><strong>Game 1</strong> of <a href=\"/game-bestof3-gen9vgc2025regibo3-2355095976\">a best-of-3</a></h2>\n|t:|1746151937\n|gametype|doubles\n|player|p1|rodjilius|2|1121\n|player|p2|Eliys71996|lucas|1196\n|teamsize|p1|6\n|teamsize|p2|6\n|gen|9\n|tier|[Gen 9] VGC 2025 Reg I (Bo3)\n|rated|\n|rule|Species Clause: Limit one of each Pok\u00e9mon\n|rule|Item Clause: Limit 1 of each item\n|clearpoke\n|poke|p1|Koraidon, L50|\n|poke|p1|Lunala, L50|\n|poke|p1|Indeedee-F, L50, F|\n|poke|p1|Lilligant-Hisui, L50, F|\n|poke|p1|Gouging Fire, L50|\n|poke|p1|Torkoal, L50, F|\n|poke|p2|Calyrex-Shadow, L50|\n|poke|p2|Zamazenta-*, L50|\n|poke|p2|Urshifu-*, L50, M|\n|poke|p2|Incineroar, L50, M|\n|poke|p2|Rillaboom, L50, M|\n|poke|p2|Chien-Pao, L50|\n|teampreview|4\n|showteam|p1|Koraidon||ClearAmulet|OrichalcumPulse|FlareBlitz,CollisionCourse,Protect,DragonClaw||||||50|,,,,,Fire]Lunala||Leftovers|ShadowShield|Tailwind,CalmMind,MoongeistBeam,ExpandingForce||||||50|,,,,,Water]Indeedee-F||PsychicSeed|PsychicSurge|FollowMe,Psychic,TrickRoom,HelpingHand|||F|||50|,,,,,Water]Lilligant-Hisui||FocusSash|Chlorophyll|Coaching,SolarBlade,TripleAxel,AfterYou|||F|||50|,,,,,Ghost]Gouging Fire||RockyHelmet|Protosynthesis|BurningBulwark,BreakingSwipe,StompingTantrum,Roar||||||50|,,,,,Fairy]Torkoal||Charcoal|Drought|Eruption,HeatWave,WeatherBall,EarthPower|||F|||50|,,,,,Fire\n|showteam|p2|Calyrex-Shadow||LifeOrb|AsOneSpectrier|AstralBarrage,Psychic,Substitute,Protect||||||50|,,,,,Grass]Zamazenta-Crowned||RustedShield|DauntlessShield|BodyPress,HeavySlam,WideGuard,Protect||||||50|,,,,,Ghost]Urshifu-Rapid-Strike||ChoiceScarf|UnseenFist|SurgingStrikes,CloseCombat,AquaJet,Uturn|||M|||50|,,,,,Water]Incineroar||RockyHelmet|Intimidate|FlareBlitz,Uturn,FakeOut,HelpingHand|||M|||50|,,,,,Bug]Rillaboom||AssaultVest|GrassySurge|WoodHammer,GrassyGlide,HighHorsepower,FakeOut|||M|||50|,,,,,Water]Chien-Pao||FocusSash|SwordofRuin|IceSpinner,Crunch,SuckerPunch,Protect||||||50|,,,,,Stellar\n|inactive|Battle timer is ON: inactive players will automatically lose when time's up. (requested by Eliys71996)\n|inactive|rodjilius has 60 seconds left.\n|inactive|Eliys71996 has 60 seconds left.\n|\n|t:|1746151978\n|start\n|switch|p1a: Koraidon|Koraidon, L50|100/100\n|switch|p1b: Lilligant|Lilligant-Hisui, L50, F|100/100\n|switch|p2a: Zamazenta|Zamazenta-Crowned, L50|100/100\n|switch|p2b: Chien-Pao|Chien-Pao, L50|100/100\n|-ability|p2b: Chien-Pao|Sword of Ruin\n|-weather|SunnyDay|[from] ability: Orichalcum Pulse|[of] p1a: Koraidon\n|-activate|p1a: Koraidon|Orichalcum Pulse|[source]\n|-ability|p2a: Zamazenta|Dauntless Shield|boost\n|-boost|p2a: Zamazenta|def|1\n|turn|1\n|\n|t:|1746151995\n|move|p1a: Koraidon|Protect|p1a: Koraidon\n|-singleturn|p1a: Koraidon|Protect\n|move|p2a: Zamazenta|Protect|p2a: Zamazenta\n|-singleturn|p2a: Zamazenta|Protect\n|move|p1b: Lilligant|Coaching|p1a: Koraidon\n|-boost|p1a: Koraidon|atk|1\n|-boost|p1a: Koraidon|def|1\n|move|p2b: Chien-Pao|Ice Spinner|p1b: Lilligant\n|-supereffective|p1b: Lilligant\n|-enditem|p1b: Lilligant|Focus Sash\n|-damage|p1b: Lilligant|1/100\n|\n|-weather|SunnyDay|[upkeep]\n|upkeep\n|turn|2\n|\n|t:|1746152018\n|-terastallize|p2a: Zamazenta|Ghost\n|move|p1b: Lilligant|Coaching|p1a: Koraidon\n|-boost|p1a: Koraidon|atk|1\n|-boost|p1a: Koraidon|def|1\n|move|p2b: Chien-Pao|Ice Spinner|p1a: Koraidon\n|-supereffective|p1a: Koraidon\n|-damage|p1a: Koraidon|55/100\n|move|p1a: Koraidon|Collision Course|p2b: Chien-Pao\n|-supereffective|p2b: Chien-Pao\n|-enditem|p2b: Chien-Pao|Focus Sash\n|-damage|p2b: Chien-Pao|1/100\n|move|p2a: Zamazenta|Body Press|p1a: Koraidon\n|-damage|p1a: Koraidon|15/100\n|\n|-weather|SunnyDay|[upkeep]\n|upkeep\n|turn|3\n|inactive|rodjilius has 30 seconds left.\n|inactive|Eliys71996 has 30 seconds left.\n|\n|t:|1746152049\n|switch|p1a: Gouging Fire|Gouging Fire, L50|100/100\n|-activate|p1a: Gouging Fire|ability: Protosynthesis\n|-start|p1a: Gouging Fire|protosynthesisatk\n|move|p2b: Chien-Pao|Protect|p2b: Chien-Pao\n|-singleturn|p2b: Chien-Pao|Protect\n|move|p2a: Zamazenta|Protect|p2a: Zamazenta\n|-singleturn|p2a: Zamazenta|Protect\n|move|p1b: Lilligant|Solar Blade||[still]\n|-prepare|p1b: Lilligant|Solar Blade\n|-anim|p1b: Lilligant|Solar Blade|p2b: Chien-Pao\n|-activate|p2b: Chien-Pao|move: Protect\n|\n|-weather|SunnyDay|[upkeep]\n|upkeep\n|turn|4\n|\n|t:|1746152068\n|move|p1b: Lilligant|Coaching|p1a: Gouging Fire\n|-boost|p1a: Gouging Fire|atk|1\n|-boost|p1a: Gouging Fire|def|1\n|move|p2b: Chien-Pao|Ice Spinner|p1a: Gouging Fire\n|-damage|p1a: Gouging Fire|74/100\n|-damage|p2b: Chien-Pao|0 fnt|[from] item: Rocky Helmet|[of] p1a: Gouging Fire\n|faint|p2b: Chien-Pao\n|move|p2a: Zamazenta|Body Press|p1a: Gouging Fire\n|-damage|p1a: Gouging Fire|36/100\n|-damage|p2a: Zamazenta|84/100|[from] item: Rocky Helmet|[of] p1a: Gouging Fire\n|move|p1a: Gouging Fire|Breaking Swipe|p2a: Zamazenta\n|-damage|p2a: Zamazenta|63/100\n|-unboost|p2a: Zamazenta|atk|1\n|\n|-weather|SunnyDay|[upkeep]\n|upkeep\n|\n|t:|1746152093\n|switch|p2b: Incineroar|Incineroar, L50, M|100/100\n|-ability|p2b: Incineroar|Intimidate|boost\n|-unboost|p1a: Gouging Fire|atk|1\n|-unboost|p1b: Lilligant|atk|1\n|turn|5\n|\n|t:|1746152110\n|switch|p1b: Lunala|Lunala, L50|100/100\n|move|p2a: Zamazenta|Protect|p2a: Zamazenta\n|-singleturn|p2a: Zamazenta|Protect\n|move|p1a: Gouging Fire|Stomping Tantrum|p2b: Incineroar\n|-supereffective|p2b: Incineroar\n|-damage|p2b: Incineroar|61/100\n|-damage|p1a: Gouging Fire|20/100|[from] item: Rocky Helmet|[of] p2b: Incineroar\n|move|p2b: Incineroar|U-turn|p1b: Lunala\n|-damage|p1b: Lunala|94/100\n|\n|t:|1746152127\n|switch|p2b: Calyrex|Calyrex-Shadow, L50|100/100|[from] U-turn\n|-ability|p2b: Calyrex|As One\n|-ability|p2b: Calyrex|Unnerve\n|\n|-weather|none\n|-end|p1a: Gouging Fire|Protosynthesis\n|-heal|p1b: Lunala|99/100|[from] item: Leftovers\n|upkeep\n|turn|6\n|\n|t:|1746152151\n|-terastallize|p1b: Lunala|Water\n|move|p1a: Gouging Fire|Burning Bulwark|p1a: Gouging Fire\n|-singleturn|p1a: Gouging Fire|move: Protect\n|move|p2b: Calyrex|Astral Barrage|p1b: Lunala|[spread] p1b\n|-activate|p1a: Gouging Fire|move: Protect\n|-damage|p1b: Lunala|47/100\n|-damage|p2b: Calyrex|91/100|[from] item: Life Orb\n|move|p2a: Zamazenta|Body Press|p1b: Lunala\n|-damage|p1b: Lunala|0 fnt\n|faint|p1b: Lunala\n|\n|upkeep\n|\n|t:|1746152167\n|switch|p1b: Lilligant|Lilligant-Hisui, L50, F|1/100\n|turn|7\n|\n|t:|1746152175\n|-end|p1a: Gouging Fire|Protosynthesis|[silent]\n|switch|p1a: Koraidon|Koraidon, L50|15/100\n|-weather|SunnyDay|[from] ability: Orichalcum Pulse|[of] p1a: Koraidon\n|-activate|p1a: Koraidon|Orichalcum Pulse|[source]\n|move|p2b: Calyrex|Protect|p2b: Calyrex\n|-singleturn|p2b: Calyrex|Protect\n|move|p1b: Lilligant|Solar Blade||[still]\n|-prepare|p1b: Lilligant|Solar Blade\n|-anim|p1b: Lilligant|Solar Blade|p2b: Calyrex\n|-activate|p2b: Calyrex|move: Protect\n|move|p2a: Zamazenta|Body Press|p1b: Lilligant\n|-damage|p1b: Lilligant|0 fnt\n|faint|p1b: Lilligant\n|\n|-weather|SunnyDay|[upkeep]\n|upkeep\n|\n|t:|1746152181\n|switch|p1b: Gouging Fire|Gouging Fire, L50|20/100\n|-activate|p1b: Gouging Fire|ability: Protosynthesis\n|-start|p1b: Gouging Fire|protosynthesisatk\n|turn|8\n|-message|rodjilius forfeited.\n|\n|win|Eliys71996\n||rodjilius is ready for game 2.\n||Eliys71996 is ready for game 2.\n|uhtml|next|Next: <a href=\"/battle-gen9vgc2025regibo3-2355097917\"><strong>Game 2 of 3</strong></a>\n|l|\u2606Eliys71996\n|player|p2|\n", "uploadtime": 1746152522, "views": 3, "formatid": "gen9vgc2025regibo3", "rating": null, "private": 0, "password": null}