{"id": "gen9vgc2025regibo3-2353876949", "format": "[Gen 9] VGC 2025 Reg I (Bo3)", "players": ["Olciax34", "Inkin"], "log": "|j|\u2606Olciax34\n|j|\u2606Inkin\n|html|<table width=\"100%\"><tr><td align=\"left\">Olciax34</td><td align=\"right\">Inkin</tr><tr><td align=\"left\"><i class=\"fa fa-circle-o\"></i> <i class=\"fa fa-circle-o\"></i> </td><td align=\"right\"><i class=\"fa fa-circle-o\"></i> <i class=\"fa fa-circle-o\"></i> </tr></table>\n|uhtml|bestof|<h2><strong>Game 1</strong> of <a href=\"/game-bestof3-gen9vgc2025regibo3-2353876948\">a best-of-3</a></h2>\n|t:|1746013801\n|gametype|doubles\n|player|p1|Olciax34|clair|1201\n|player|p2|Inkin|shadowtriad|1299\n|teamsize|p1|6\n|teamsize|p2|6\n|gen|9\n|tier|[Gen 9] VGC 2025 Reg I (Bo3)\n|rated|\n|rule|Species Clause: Limit one of each Pok\u00e9mon\n|rule|Item Clause: Limit 1 of each item\n|clearpoke\n|poke|p1|Miraidon, L50|\n|poke|p1|Cobalion, L50|\n|poke|p1|Iron Hands, L50|\n|poke|p1|Urshifu-*, L50, M|\n|poke|p1|Calyrex-Shadow, L50|\n|poke|p1|Tornadus, L50, M|\n|poke|p2|Koraidon, L50|\n|poke|p2|Lunala, L50|\n|poke|p2|Flutter Mane, L50|\n|poke|p2|Chi-Yu, L50|\n|poke|p2|Brute Bonnet, L50|\n|poke|p2|Ursaluna, L50, F|\n|teampreview|4\n|showteam|p1|Miraidon||ChoiceSpecs|HadronEngine|ElectroDrift,DracoMeteor,VoltSwitch,DazzlingGleam||||||50|,,,,,Fairy]Cobalion||ElectricSeed|Justified|BodyPress,HeavySlam,IronDefense,Protect||||||50|,,,,,Dragon]Iron Hands||AssaultVest|QuarkDrive|DrainPunch,HeavySlam,LowKick,FakeOut||||||50|,,,,,Bug]Urshifu-Rapid-Strike||MysticWater|UnseenFist|SurgingStrikes,CloseCombat,AquaJet,Detect|||M|||50|,,,,,Water]Calyrex-Shadow||FocusSash|AsOneSpectrier|AstralBarrage,ShadowBall,TeraBlast,Protect||||||50|,,,,,Water]Tornadus||CovertCloak|Prankster|Tailwind,BleakwindStorm,RainDance,Protect|||M|||50|,,,,,Dark\n|showteam|p2|Koraidon||LifeOrb|OrichalcumPulse|CloseCombat,FlareBlitz,FlameCharge,Protect||||||50|,,,,,Fire]Lunala||PowerHerb|ShadowShield|MeteorBeam,MoongeistBeam,TrickRoom,WideGuard||||||50|,,,,,Grass]Flutter Mane||FocusSash|Protosynthesis|IcyWind,Moonblast,ShadowBall,Protect||||||50|,,,,,Normal]Chi-Yu||ChoiceScarf|BeadsofRuin|HeatWave,Overheat,DarkPulse,Snarl||||||50|,,,,,Ghost]Brute Bonnet||RockyHelmet|Protosynthesis|Spore,RagePowder,SuckerPunch,SeedBomb||||||50|,,,,,Water]Ursaluna||FlameOrb|Guts|HeadlongRush,Earthquake,Facade,Protect|||F|||50|,,,,,Water\n|inactive|Battle timer is ON: inactive players will automatically lose when time's up. (requested by Olciax34)\n|inactive|Inkin also wants the timer to be on.\n|\n|t:|1746013876\n|start\n|switch|p1a: Calyrex|Calyrex-Shadow, L50|100/100\n|switch|p1b: Miraidon|Miraidon, L50|100/100\n|switch|p2a: Lunala|Lunala, L50|100/100\n|switch|p2b: Brute Bonnet|Brute Bonnet, L50|100/100\n|-ability|p1a: Calyrex|As One\n|-ability|p1a: Calyrex|Unnerve\n|-fieldstart|move: Electric Terrain|[from] ability: Hadron Engine|[of] p1b: Miraidon\n|turn|1\n|inactive|Inkin has 30 seconds left.\n|inactive|Inkin has 20 seconds left.\n|inactive|Inkin has 15 seconds left.\n|inactive|Inkin has 10 seconds left.\n|inactive|Inkin has 5 seconds left.\n|\n|t:|1746013931\n|switch|p1a: Cobalion|Cobalion, L50|100/100\n|-enditem|p1a: Cobalion|Electric Seed\n|-boost|p1a: Cobalion|def|1|[from] item: Electric Seed\n|move|p1b: Miraidon|Volt Switch|p2a: Lunala\n|-damage|p2a: Lunala|65/100\n|\n|t:|1746013945\n|switch|p1b: Calyrex|Calyrex-Shadow, L50|100/100|[from] Volt Switch\n|-ability|p1b: Calyrex|As One\n|-ability|p1b: Calyrex|Unnerve\n|move|p2a: Lunala|Meteor Beam||[still]\n|-prepare|p2a: Lunala|Meteor Beam\n|-boost|p2a: Lunala|spa|1\n|-enditem|p2a: Lunala|Power Herb\n|-anim|p2a: Lunala|Meteor Beam|p1a: Cobalion\n|-resisted|p1a: Cobalion\n|-damage|p1a: Cobalion|83/100\n|move|p2b: Brute Bonnet|Spore|p1b: Calyrex\n|-activate|p1b: Calyrex|move: Electric Terrain\n|\n|upkeep\n|turn|2\n|inactive|Olciax34 has 30 seconds left.\n|inactive|Inkin has 30 seconds left.\n|inactive|Inkin has 20 seconds left.\n|\n|t:|1746013983\n|-terastallize|p1b: Calyrex|Water\n|move|p2b: Brute Bonnet|Sucker Punch|p1b: Calyrex\n|-damage|p1b: Calyrex|66/100\n|move|p1b: Calyrex|Astral Barrage|p2a: Lunala|[spread] p2a,p2b\n|-supereffective|p2a: Lunala\n|-resisted|p2b: Brute Bonnet\n|-damage|p2a: Lunala|0 fnt\n|-damage|p2b: Brute Bonnet|78/100\n|faint|p2a: Lunala\n|-ability|p1b: Calyrex|Grim Neigh|boost\n|-boost|p1b: Calyrex|spa|1\n|move|p1a: Cobalion|Body Press|p2b: Brute Bonnet\n|-supereffective|p2b: Brute Bonnet\n|-damage|p2b: Brute Bonnet|0 fnt\n|-damage|p1a: Cobalion|66/100|[from] item: Rocky Helmet|[of] p2b: Brute Bonnet\n|faint|p2b: Brute Bonnet\n|-end|p2b: Brute Bonnet|Protosynthesis|[silent]\n|\n|upkeep\n|\n|t:|1746013987\n|switch|p2a: Koraidon|Koraidon, L50|100/100\n|switch|p2b: Flutter Mane|Flutter Mane, L50|100/100\n|-weather|SunnyDay|[from] ability: Orichalcum Pulse|[of] p2a: Koraidon\n|-activate|p2b: Flutter Mane|ability: Protosynthesis\n|-start|p2b: Flutter Mane|protosynthesisspe\n|-activate|p2a: Koraidon|Orichalcum Pulse|[source]\n|turn|3\n|inactive|Olciax34 has 30 seconds left.\n|inactive|Inkin has 30 seconds left.\n|inactive|Inkin has 20 seconds left.\n|\n|t:|1746014023\n|move|p1b: Calyrex|Protect|p1b: Calyrex\n|-singleturn|p1b: Calyrex|Protect\n|move|p2b: Flutter Mane|Moonblast|p1b: Calyrex\n|-activate|p1b: Calyrex|move: Protect\n|move|p2a: Koraidon|Flame Charge|p1a: Cobalion\n|-supereffective|p1a: Cobalion\n|-crit|p1a: Cobalion\n|-damage|p1a: Cobalion|0 fnt\n|-boost|p2a: Koraidon|spe|1\n|faint|p1a: Cobalion\n|-damage|p2a: Koraidon|91/100|[from] item: Life Orb\n|\n|-weather|SunnyDay|[upkeep]\n|upkeep\n|\n|t:|1746014036\n|switch|p1a: Tornadus|Tornadus, L50, M|100/100\n|turn|4\n|\n|t:|1746014058\n|-terastallize|p2b: Flutter Mane|Normal\n|move|p1a: Tornadus|Rain Dance|p1a: Tornadus\n|-weather|RainDance\n|-end|p2b: Flutter Mane|Protosynthesis\n|move|p2a: Koraidon|Close Combat|p1b: Calyrex\n|-damage|p1b: Calyrex|0 fnt\n|-unboost|p2a: Koraidon|def|1\n|-unboost|p2a: Koraidon|spd|1\n|faint|p1b: Calyrex\n|-damage|p2a: Koraidon|81/100|[from] item: Life Orb\n|move|p2b: Flutter Mane|Moonblast|p1a: Tornadus\n|-damage|p1a: Tornadus|40/100\n|\n|-weather|RainDance|[upkeep]\n|upkeep\n|\n|t:|1746014070\n|switch|p1b: Miraidon|Miraidon, L50|100/100\n|-activate|p1b: Miraidon|ability: Hadron Engine\n|turn|5\n|\n|t:|1746014084\n|move|p1a: Tornadus|Tailwind|p1a: Tornadus\n|-sidestart|p1: Olciax34|move: Tailwind\n|move|p1b: Miraidon|Dazzling Gleam|p2a: Koraidon|[spread] p2a,p2b\n|-supereffective|p2a: Koraidon\n|-damage|p2a: Koraidon|0 fnt\n|-damage|p2b: Flutter Mane|49/100\n|faint|p2a: Koraidon\n|move|p2b: Flutter Mane|Moonblast|p1a: Tornadus\n|-damage|p1a: Tornadus|0 fnt\n|faint|p1a: Tornadus\n|\n|-weather|RainDance|[upkeep]\n|-fieldend|move: Electric Terrain\n|upkeep\n|turn|6\n|\n|t:|1746014094\n|move|p1b: Miraidon|Dazzling Gleam|p2b: Flutter Mane\n|-damage|p2b: Flutter Mane|0 fnt\n|faint|p2b: Flutter Mane\n|-end|p2b: Flutter Mane|Protosynthesis|[silent]\n|\n|win|Olciax34\n||Olciax34 is ready for game 2.\n||Inkin is ready for game 2.\n|uhtml|next|Next: <a href=\"/battle-gen9vgc2025regibo3-2353879219\"><strong>Game 2 of 3</strong></a>\n|l|\u2606Inkin\n|player|p2|\n", "uploadtime": 1746014613, "views": 12, "formatid": "gen9vgc2025regibo3", "rating": null, "private": 0, "password": null}