{"id": "gen9vgc2025regibo3-2354127308", "format": "[Gen 9] VGC 2025 Reg I (Bo3)", "players": ["worstiee", "Taijem"], "log": "|j|\u2606worstiee\n|j|\u2606Taijem\n|html|<table width=\"100%\"><tr><td align=\"left\">worstiee</td><td align=\"right\">Taijem</tr><tr><td align=\"left\"><i class=\"fa fa-circle-o\"></i> <i class=\"fa fa-circle-o\"></i> </td><td align=\"right\"><i class=\"fa fa-circle-o\"></i> <i class=\"fa fa-circle\"></i> </tr></table>\n|uhtml|bestof|<h2><strong>Game 2</strong> of <a href=\"/game-bestof3-gen9vgc2025regibo3-2354123782\">a best-of-3</a></h2>\n|t:|1746037185\n|gametype|doubles\n|player|p1|worstiee|hilda-wonderlauncher|1088\n|player|p2|Taijem|1|1118\n|teamsize|p1|6\n|teamsize|p2|6\n|gen|9\n|tier|[Gen 9] VGC 2025 Reg I (Bo3)\n|rated|\n|rule|Species Clause: Limit one of each Pok\u00e9mon\n|rule|Item Clause: Limit 1 of each item\n|clearpoke\n|poke|p1|Miraidon, L50|\n|poke|p1|Ninetales-Alola, L50, M|\n|poke|p1|Iron Valiant, L50|\n|poke|p1|Torterra, L50, M|\n|poke|p1|Iron Boulder, L50|\n|poke|p1|Kyurem-White, L50|\n|poke|p2|Kyogre, L50|\n|poke|p2|Zacian-*, L50|\n|poke|p2|Tornadus, L50, M|\n|poke|p2|Urshifu-*, L50, M|\n|poke|p2|Chien-Pao, L50|\n|poke|p2|Amoonguss, L50, M|\n|teampreview|4\n|showteam|p1|Miraidon||LifeOrb|HadronEngine|ParabolicCharge,DragonPulse,ElectroDrift,CalmMind||||||50|,,,,,Electric]Ninetales-Alola||LightClay|SnowWarning|AuroraVeil,Blizzard,HelpingHand,Encore|||M|||50|,,,,,Ghost]Iron Valiant||FocusSash|QuarkDrive|CloseCombat,Taunt,TrickRoom,Protect||||||50|,,,,,Fighting]Torterra||Leftovers|ShellArmor|IronDefense,Amnesia,BodyPress,LeechSeed|||M|||50|,,,,,Fighting]Iron Boulder||CovertCloak|QuarkDrive|MightyCleave,BrickBreak,SwordsDance,Protect||||||50|,,,,,Grass]Kyurem-White||AssaultVest|Turboblaze|Blizzard,FusionFlare,DragonPulse,IcyWind||||||50|,,,,,Dragon\n|showteam|p2|Kyogre||MysticWater|Drizzle|WaterSpout,OriginPulse,IceBeam,Protect||||||50|,,,,,Grass]Zacian-Crowned||RustedSword|IntrepidSword|behemothblade,PlayRough,SacredSword,Protect||||||50|,,,,,Fairy]Tornadus||CovertCloak|Prankster|Tailwind,BleakwindStorm,RainDance,Taunt|||M|||50|,,,,,Dark]Urshifu-Rapid-Strike||ChoiceScarf|UnseenFist|SurgingStrikes,CloseCombat,AquaJet,Uturn|||M|||50|,,,,,Ghost]Chien-Pao||FocusSash|SwordofRuin|IceSpinner,SuckerPunch,SacredSword,Protect||||||50|,,,,,Ghost]Amoonguss||RockyHelmet|Regenerator|RagePowder,Spore,PollenPuff,Protect|||M|||50|,,,,,Water\n|\n|t:|1746037211\n|start\n|switch|p1a: Iron Valiant|Iron Valiant, L50|100/100\n|switch|p1b: Ninetales|Ninetales-Alola, L50, M|100/100\n|switch|p2a: Kyogre|Kyogre, L50|100/100\n|switch|p2b: Tornadus|Tornadus, L50, M|100/100\n|-weather|Snowscape|[from] ability: Snow Warning|[of] p1b: Ninetales\n|-weather|RainDance|[from] ability: Drizzle|[of] p2a: Kyogre\n|turn|1\n|\n|t:|1746037233\n|move|p2b: Tornadus|Tailwind|p2b: Tornadus\n|-sidestart|p2: Taijem|move: Tailwind\n|move|p2a: Kyogre|Water Spout|p1b: Ninetales|[spread] p1a,p1b\n|-enditem|p1a: Iron Valiant|Focus Sash\n|-damage|p1a: Iron Valiant|1/100\n|-damage|p1b: Ninetales|0 fnt\n|faint|p1b: Ninetales\n|move|p1a: Iron Valiant|Trick Room|p1a: Iron Valiant\n|-fieldstart|move: Trick Room|[of] p1a: Iron Valiant\n|\n|-weather|RainDance|[upkeep]\n|upkeep\n|\n|t:|1746037252\n|switch|p1b: Torterra|Torterra, L50, M|100/100\n|turn|2\n|\n|t:|1746037281\n|-terastallize|p2a: Kyogre|Grass\n|move|p2b: Tornadus|Taunt|p1b: Torterra\n|-start|p1b: Torterra|move: Taunt\n|cant|p1b: Torterra|move: Taunt|Amnesia\n|move|p1a: Iron Valiant|Close Combat|p2a: Kyogre\n|-damage|p2a: Kyogre|31/100\n|-unboost|p1a: Iron Valiant|def|1\n|-unboost|p1a: Iron Valiant|spd|1\n|move|p2a: Kyogre|Origin Pulse|p1a: Iron Valiant|[spread] p1a,p1b\n|-damage|p1a: Iron Valiant|0 fnt\n|-damage|p1b: Torterra|25/100\n|faint|p1a: Iron Valiant\n|-end|p1a: Iron Valiant|Quark Drive|[silent]\n|\n|-weather|RainDance|[upkeep]\n|-heal|p1b: Torterra|31/100|[from] item: Leftovers\n|upkeep\n|\n|t:|1746037295\n|switch|p1a: Miraidon|Miraidon, L50|100/100\n|-fieldstart|move: Electric Terrain|[from] ability: Hadron Engine|[of] p1a: Miraidon\n|turn|3\n|\n|t:|1746037326\n|move|p2a: Kyogre|Protect|p2a: Kyogre\n|-singleturn|p2a: Kyogre|Protect\n|move|p1b: Torterra|Body Press|p2a: Kyogre\n|-activate|p2a: Kyogre|move: Protect\n|move|p1a: Miraidon|Parabolic Charge|p2a: Kyogre|[spread] p2b\n|-activate|p2a: Kyogre|move: Protect\n|-immune|p1b: Torterra\n|-supereffective|p2b: Tornadus\n|-damage|p2b: Tornadus|0 fnt\n|faint|p2b: Tornadus\n|-damage|p1a: Miraidon|91/100|[from] item: Life Orb\n|\n|-weather|RainDance|[upkeep]\n|-heal|p1b: Torterra|37/100|[from] item: Leftovers\n|upkeep\n|\n|t:|1746037338\n|switch|p2b: Chien-Pao|Chien-Pao, L50|100/100\n|-ability|p2b: Chien-Pao|Sword of Ruin\n|turn|4\n|\n|t:|1746037355\n|switch|p2a: Zacian|Zacian-Crowned, L50|100/100\n|-ability|p2a: Zacian|Intrepid Sword|boost\n|-boost|p2a: Zacian|atk|1\n|move|p2b: Chien-Pao|Protect|p2b: Chien-Pao\n|-singleturn|p2b: Chien-Pao|Protect\n|move|p1b: Torterra|Body Press|p2b: Chien-Pao\n|-activate|p2b: Chien-Pao|move: Protect\n|move|p1a: Miraidon|Parabolic Charge|p2a: Zacian|[spread] p2a\n|-activate|p2b: Chien-Pao|move: Protect\n|-immune|p1b: Torterra\n|-damage|p2a: Zacian|42/100\n|-heal|p1a: Miraidon|100/100|[from] drain|[of] p2a: Zacian\n|-damage|p1a: Miraidon|91/100|[from] item: Life Orb\n|\n|-weather|RainDance|[upkeep]\n|-heal|p1b: Torterra|44/100|[from] item: Leftovers\n|-end|p1b: Torterra|move: Taunt\n|-sideend|p2: Taijem|move: Tailwind\n|upkeep\n|turn|5\n|\n|t:|1746037393\n|-terastallize|p1a: Miraidon|Electric\n|move|p2a: Zacian|Protect|p2a: Zacian\n|-singleturn|p2a: Zacian|Protect\n|move|p2b: Chien-Pao|Sucker Punch||[still]\n|-fail|p2b: Chien-Pao\n|move|p1b: Torterra|Iron Defense|p1b: Torterra\n|-boost|p1b: Torterra|def|2\n|move|p1a: Miraidon|Parabolic Charge|p2b: Chien-Pao|[spread] p2b\n|-activate|p2a: Zacian|move: Protect\n|-immune|p1b: Torterra\n|-enditem|p2b: Chien-Pao|Focus Sash\n|-damage|p2b: Chien-Pao|1/100\n|-heal|p1a: Miraidon|100/100|[from] drain|[of] p2b: Chien-Pao\n|-damage|p1a: Miraidon|91/100|[from] item: Life Orb\n|\n|-weather|none\n|-heal|p1b: Torterra|50/100|[from] item: Leftovers\n|-fieldend|move: Trick Room\n|upkeep\n|turn|6\n|\n|t:|1746037419\n|move|p2a: Zacian|Play Rough|p1a: Miraidon\n|-damage|p1a: Miraidon|12/100\n|move|p2b: Chien-Pao|Ice Spinner|p1b: Torterra\n|-supereffective|p1b: Torterra\n|-damage|p1b: Torterra|0 fnt\n|-fieldend|move: Electric Terrain\n|faint|p1b: Torterra\n|move|p1a: Miraidon|Parabolic Charge|p2b: Chien-Pao|[spread] p2a,p2b\n|-crit|p2a: Zacian\n|-damage|p2a: Zacian|0 fnt\n|-heal|p1a: Miraidon|33/100|[from] drain|[of] p2a: Zacian\n|-damage|p2b: Chien-Pao|0 fnt\n|-heal|p1a: Miraidon|33/100|[from] drain|[of] p2b: Chien-Pao\n|faint|p2a: Zacian\n|faint|p2b: Chien-Pao\n|-damage|p1a: Miraidon|24/100|[from] item: Life Orb\n|\n|upkeep\n|\n|t:|1746037426\n|switch|p2a: Kyogre|Kyogre, L50, tera:Grass|31/100\n|-weather|RainDance|[from] ability: Drizzle|[of] p2a: Kyogre\n|turn|7\n|\n|t:|1746037478\n|move|p2a: Kyogre|Protect|p2a: Kyogre\n|-singleturn|p2a: Kyogre|Protect\n|move|p1a: Miraidon|Dragon Pulse|p2a: Kyogre\n|-activate|p2a: Kyogre|move: Protect\n|\n|-weather|RainDance|[upkeep]\n|upkeep\n|turn|8\n|\n|t:|1746037486\n|move|p2a: Kyogre|Protect||[still]\n|-fail|p2a: Kyogre\n|move|p1a: Miraidon|Dragon Pulse|p2a: Kyogre\n|-damage|p2a: Kyogre|0 fnt\n|faint|p2a: Kyogre\n|-damage|p1a: Miraidon|14/100|[from] item: Life Orb\n|\n|win|worstiee\n||Taijem is ready for game 3.\n|l|\u2606worstiee\n|player|p1|\n||worstiee is ready for game 3.\n|uhtml|next|Next: <a href=\"/battle-gen9vgc2025regibo3-2354130822\"><strong>Game 3 of 3</strong></a>\n|l|\u2606Taijem\n|player|p2|\n", "uploadtime": 1746037848, "views": 6, "formatid": "gen9vgc2025regibo3", "rating": null, "private": 0, "password": null}