{"id": "gen9vgc2025regibo3-2354441691", "format": "[Gen 9] VGC 2025 Reg I (Bo3)", "players": ["StaticPikaVGC", "99999999999ooo9999"], "log": "|j|\u2606StaticPikaVGC\n|j|\u260699999999999ooo9999\n|html|<table width=\"100%\"><tr><td align=\"left\">StaticPikaVGC</td><td align=\"right\">99999999999ooo9999</tr><tr><td align=\"left\"><i class=\"fa fa-circle-o\"></i> <i class=\"fa fa-circle-o\"></i> </td><td align=\"right\"><i class=\"fa fa-circle-o\"></i> <i class=\"fa fa-circle\"></i> </tr></table>\n|uhtml|bestof|<h2><strong>Game 2</strong> of <a href=\"/game-bestof3-gen9vgc2025regibo3-2354440244\">a best-of-3</a></h2>\n|t:|1746072155\n|gametype|doubles\n|player|p1|StaticPikaVGC|lady|1048\n|player|p2|99999999999ooo9999|cynthia|1124\n|teamsize|p1|6\n|teamsize|p2|6\n|gen|9\n|tier|[Gen 9] VGC 2025 Reg I (Bo3)\n|rated|\n|rule|Species Clause: Limit one of each Pok\u00e9mon\n|rule|Item Clause: Limit 1 of each item\n|clearpoke\n|poke|p1|Solgaleo, L50|\n|poke|p1|Necrozma-Dawn-Wings, L50|\n|poke|p1|Incineroar, L50, M|\n|poke|p1|Urshifu-*, L50, M|\n|poke|p1|Rillaboom, L50, F|\n|poke|p1|Tornadus, L50, M|\n|poke|p2|Calyrex-Ice, L50|\n|poke|p2|Kyogre, L50|\n|poke|p2|Tornadus, L50, M|\n|poke|p2|Incineroar, L50, M|\n|poke|p2|Rillaboom, L50, F|\n|poke|p2|Chi-Yu, L50|\n|teampreview|4\n|showteam|p1|Solgaleo||SitrusBerry|FullMetalBody|PsychicFangs,WildCharge,SunsteelStrike,WideGuard||||||50|,,,,,Fire]Necrozma-Dawn-Wings||PowerHerb|PrismArmor|PhotonGeyser,MeteorBeam,TeraBlast,Protect||||||50|,,,,,Fairy]Incineroar||SafetyGoggles|Intimidate|FakeOut,PartingShot,KnockOff,Taunt|||M|||50|,,,,,Ghost]Urshifu-Rapid-Strike||FocusSash|UnseenFist|SurgingStrikes,Detect,DrainPunch,AquaJet|||M|||50|,,,,,Water]Rillaboom||AssaultVest|GrassySurge|FakeOut,WoodHammer,Uturn,HighHorsepower|||F|||50|,,,,,Fire]Tornadus||CovertCloak|Prankster|Tailwind,BleakwindStorm,SunnyDay,RainDance|||M|||50|,,,,,Ground\n|showteam|p2|Calyrex-Ice||ClearAmulet|AsOneGlastrier|TrickRoom,GlacialLance,Protect,HighHorsepower||||||50|,,,,,Fire]Kyogre||Leftovers|Drizzle|WaterSpout,OriginPulse,IceBeam,CalmMind||||||50|,,,,,Grass]Tornadus||CovertCloak|Prankster|BleakwindStorm,Tailwind,Protect,Taunt|||M|||50|,,,,,Steel]Incineroar||SafetyGoggles|Intimidate|FakeOut,KnockOff,PartingShot,FlareBlitz|||M|||50|,,,,,Ghost]Rillaboom||AssaultVest|GrassySurge|FakeOut,GrassyGlide,WoodHammer,Uturn|||F|||50|,,,,,Fire]Chi-Yu||ChoiceScarf|BeadsofRuin|Overheat,HeatWave,DarkPulse,Snarl||||||50|,,,,,Ghost\n|\n|t:|1746072193\n|start\n|switch|p1a: Tornadus|Tornadus, L50, M, shiny|100/100\n|switch|p1b: Necrozma|Necrozma-Dawn-Wings, L50, shiny|100/100\n|switch|p2a: Calyrex|Calyrex-Ice, L50|100/100\n|switch|p2b: Kyogre|Kyogre, L50|100/100\n|-ability|p2a: Calyrex|As One\n|-ability|p2a: Calyrex|Unnerve\n|-weather|RainDance|[from] ability: Drizzle|[of] p2b: Kyogre\n|turn|1\n|\n|t:|1746072218\n|move|p2a: Calyrex|Protect|p2a: Calyrex\n|-singleturn|p2a: Calyrex|Protect\n|move|p1a: Tornadus|Sunny Day|p1a: Tornadus\n|-weather|SunnyDay\n|move|p1b: Necrozma|Meteor Beam||[still]\n|-prepare|p1b: Necrozma|Meteor Beam\n|-boost|p1b: Necrozma|spa|1\n|-enditem|p1b: Necrozma|Power Herb\n|-anim|p1b: Necrozma|Meteor Beam|p2a: Calyrex\n|-activate|p2a: Calyrex|move: Protect\n|move|p2b: Kyogre|Water Spout|p1b: Necrozma|[spread] p1a,p1b\n|-damage|p1a: Tornadus|52/100\n|-damage|p1b: Necrozma|72/100\n|\n|-weather|SunnyDay|[upkeep]\n|upkeep\n|turn|2\n|\n|t:|1746072249\n|switch|p1a: Incineroar|Incineroar, L50, M, shiny|100/100\n|-ability|p1a: Incineroar|Intimidate|boost\n|-fail|p2a: Calyrex|unboost|[from] item: Clear Amulet|[of] p2a: Calyrex\n|-unboost|p2b: Kyogre|atk|1\n|-terastallize|p2a: Calyrex|Fire\n|move|p1b: Necrozma|Photon Geyser|p2b: Kyogre\n|-damage|p2b: Kyogre|47/100\n|move|p2b: Kyogre|Ice Beam|p1b: Necrozma\n|-damage|p1b: Necrozma|39/100\n|move|p2a: Calyrex|Glacial Lance|p1a: Incineroar|[spread] p1a,p1b\n|-resisted|p1a: Incineroar\n|-damage|p1a: Incineroar|68/100\n|-damage|p1b: Necrozma|0 fnt\n|faint|p1b: Necrozma\n|-ability|p2a: Calyrex|Chilling Neigh|boost\n|-boost|p2a: Calyrex|atk|1\n|\n|-weather|SunnyDay|[upkeep]\n|-heal|p2b: Kyogre|52/100|[from] item: Leftovers\n|upkeep\n|\n|t:|1746072276\n|switch|p1b: Solgaleo|Solgaleo, L50, shiny|100/100\n|turn|3\n|\n|t:|1746072292\n|switch|p2b: Chi-Yu|Chi-Yu, L50|100/100\n|-ability|p2b: Chi-Yu|Beads of Ruin\n|move|p2a: Calyrex|Protect|p2a: Calyrex\n|-singleturn|p2a: Calyrex|Protect\n|move|p1a: Incineroar|Fake Out|p2a: Calyrex\n|-activate|p2a: Calyrex|move: Protect\n|move|p1b: Solgaleo|Wild Charge|p2b: Chi-Yu\n|-damage|p2b: Chi-Yu|50/100\n|-damage|p1b: Solgaleo|93/100|[from] Recoil\n|\n|-weather|SunnyDay|[upkeep]\n|upkeep\n|turn|4\n|\n|t:|1746072320\n|-terastallize|p1b: Solgaleo|Fire\n|move|p1b: Solgaleo|Wide Guard|p1b: Solgaleo\n|-singleturn|p1b: Solgaleo|Wide Guard\n|move|p2b: Chi-Yu|Overheat|p1b: Solgaleo\n|-resisted|p1b: Solgaleo\n|-damage|p1b: Solgaleo|40/100\n|-unboost|p2b: Chi-Yu|spa|2\n|move|p1a: Incineroar|Knock Off|p2a: Calyrex\n|-damage|p2a: Calyrex|70/100\n|-enditem|p2a: Calyrex|Clear Amulet|[from] move: Knock Off|[of] p1a: Incineroar\n|move|p2a: Calyrex|High Horsepower|p1b: Solgaleo\n|-supereffective|p1b: Solgaleo\n|-damage|p1b: Solgaleo|0 fnt\n|faint|p1b: Solgaleo\n|-ability|p2a: Calyrex|Chilling Neigh|boost\n|-boost|p2a: Calyrex|atk|1\n|\n|-weather|SunnyDay|[upkeep]\n|upkeep\n|\n|t:|1746072338\n|switch|p1b: Tornadus|Tornadus, L50, M, shiny|52/100\n|turn|5\n|\n|t:|1746072353\n|switch|p2b: Rillaboom|Rillaboom, L50, F|100/100\n|-fieldstart|move: Grassy Terrain|[from] ability: Grassy Surge|[of] p2b: Rillaboom\n|move|p2a: Calyrex|Protect|p2a: Calyrex\n|-singleturn|p2a: Calyrex|Protect\n|move|p1b: Tornadus|Tailwind|p1b: Tornadus\n|-sidestart|p1: StaticPikaVGC|move: Tailwind\n|move|p1a: Incineroar|Knock Off|p2b: Rillaboom\n|-damage|p2b: Rillaboom|48/100\n|-enditem|p2b: Rillaboom|Assault Vest|[from] move: Knock Off|[of] p1a: Incineroar\n|\n|-weather|none\n|-heal|p1a: Incineroar|74/100|[from] Grassy Terrain\n|-heal|p2b: Rillaboom|54/100|[from] Grassy Terrain\n|-heal|p2a: Calyrex|75/100|[from] Grassy Terrain\n|upkeep\n|turn|6\n|\n|t:|1746072378\n|move|p2b: Rillaboom|Fake Out|p1a: Incineroar\n|-damage|p1a: Incineroar|59/100\n|move|p1b: Tornadus|Bleakwind Storm|p2a: Calyrex|[spread] p2a\n|-miss|p1b: Tornadus|p2b: Rillaboom\n|-damage|p2a: Calyrex|47/100\n|cant|p1a: Incineroar|flinch\n|move|p2a: Calyrex|Glacial Lance|p1a: Incineroar|[spread] p1a,p1b\n|-resisted|p1a: Incineroar\n|-supereffective|p1b: Tornadus\n|-damage|p1a: Incineroar|0 fnt\n|-damage|p1b: Tornadus|0 fnt\n|faint|p1a: Incineroar\n|faint|p1b: Tornadus\n|\n|win|99999999999ooo9999\n|raw|StaticPikaVGC's rating: 1048 &rarr; <strong>1035</strong><br />(-13 for losing)\n|raw|99999999999ooo9999's rating: 1124 &rarr; <strong>1144</strong><br />(+20 for winning)\n|l|\u260699999999999ooo9999\n|player|p2|\n|l|\u2606StaticPikaVGC\n|player|p1|\n", "uploadtime": 1746072712, "views": 6, "formatid": "gen9vgc2025regibo3", "rating": 1035, "private": 0, "password": null}