{"id": "gen9vgc2025regibo3-2354363084", "format": "[Gen 9] VGC 2025 Reg I (Bo3)", "players": ["BeckVGC", "phoenix burner"], "log": "|j|\u2606BeckVGC\n|j|\u2606phoenix burner\n|html|<table width=\"100%\"><tr><td align=\"left\">BeckVGC</td><td align=\"right\">phoenix burner</tr><tr><td align=\"left\"><i class=\"fa fa-circle-o\"></i> <i class=\"fa fa-circle-o\"></i> </td><td align=\"right\"><i class=\"fa fa-circle-o\"></i> <i class=\"fa fa-circle\"></i> </tr></table>\n|uhtml|bestof|<h2><strong>Game 2</strong> of <a href=\"/game-bestof3-gen9vgc2025regibo3-2354361821\">a best-of-3</a></h2>\n|t:|1746062144\n|gametype|doubles\n|player|p1|BeckVGC|roughneck-gen4|1101\n|player|p2|phoenix burner|102|1177\n|teamsize|p1|6\n|teamsize|p2|6\n|gen|9\n|tier|[Gen 9] VGC 2025 Reg I (Bo3)\n|rated|\n|rule|Species Clause: Limit one of each Pok\u00e9mon\n|rule|Item Clause: Limit 1 of each item\n|clearpoke\n|poke|p1|Koraidon, L50|\n|poke|p1|Lunala, L50|\n|poke|p1|Chi-Yu, L50|\n|poke|p1|Ursaluna, L50, M|\n|poke|p1|Brute Bonnet, L50|\n|poke|p1|Flutter Mane, L50|\n|poke|p2|Calyrex-Ice, L50|\n|poke|p2|Lunala, L50|\n|poke|p2|Ogerpon-Cornerstone, L50, F|\n|poke|p2|Iron Hands, L50|\n|poke|p2|Torkoal, L50, M|\n|poke|p2|Oranguru, L50, M|\n|teampreview|4\n|showteam|p1|Koraidon||LifeOrb|OrichalcumPulse|FlareBlitz,FlameCharge,CloseCombat,Protect||||||50|,,,,,Fire]Lunala||PowerHerb|ShadowShield|MoongeistBeam,MeteorBeam,WideGuard,TrickRoom||||||50|,,,,,Water]Chi-Yu||ChoiceScarf|BeadsofRuin|Overheat,HeatWave,DarkPulse,Snarl||||||50|,,,,,Ghost]Ursaluna||FlameOrb|Guts|Facade,Earthquake,HeadlongRush,Protect|||M|||50|,,,,,Ghost]Brute Bonnet||CovertCloak|Protosynthesis|SeedBomb,SuckerPunch,Spore,RagePowder||||||50|,,,,,Water]Flutter Mane||FocusSash|Protosynthesis|Moonblast,IcyWind,ShadowBall,Protect||||||50|,,,,,Normal\n|showteam|p2|Calyrex-Ice||ClearAmulet|AsOneGlastrier|GlacialLance,HighHorsepower,Protect,TrickRoom||||||50|,,,,,Normal]Lunala||PowerHerb|ShadowShield|MoongeistBeam,MeteorBeam,WideGuard,TrickRoom||||||50|,,,,,Fairy]Ogerpon-Cornerstone||CornerstoneMask|Sturdy|IvyCudgel,SpikyShield,Taunt,FollowMe|||F|||50|,,,,,Rock]Iron Hands||AssaultVest|QuarkDrive|LowKick,WildCharge,CloseCombat,FakeOut||||||50|,,,,,Water]Torkoal||Charcoal|Drought|Eruption,HeatWave,Protect,WeatherBall|||M|||50|,,,,,Fire]Oranguru||MentalHerb|InnerFocus|Instruct,TrickRoom,FoulPlay,Taunt|||M|||50|,,,,,Fire\n|inactive|Battle timer is ON: inactive players will automatically lose when time's up. (requested by BeckVGC)\n|inactive|BeckVGC has 60 seconds left.\n|\n|t:|1746062193\n|start\n|switch|p1a: Chi-Yu|Chi-Yu, L50|100/100\n|switch|p1b: Lunala|Lunala, L50|100/100\n|switch|p2a: Calyrex|Calyrex-Ice, L50|100/100\n|switch|p2b: Ogerpon|Ogerpon-Cornerstone, L50, F|100/100\n|-ability|p2a: Calyrex|As One\n|-ability|p2a: Calyrex|Unnerve\n|-ability|p1a: Chi-Yu|Beads of Ruin\n|turn|1\n|\n|t:|1746062216\n|move|p2a: Calyrex|Protect|p2a: Calyrex\n|-singleturn|p2a: Calyrex|Protect\n|move|p1a: Chi-Yu|Heat Wave|p2a: Calyrex|[spread] p2b\n|-activate|p2a: Calyrex|move: Protect\n|-damage|p2b: Ogerpon|51/100\n|move|p2b: Ogerpon|Taunt|p1b: Lunala\n|-start|p1b: Lunala|move: Taunt\n|cant|p1b: Lunala|move: Taunt|Trick Room\n|\n|upkeep\n|turn|2\n|\n|t:|1746062239\n|-terastallize|p2a: Calyrex|Normal\n|move|p2b: Ogerpon|Follow Me|p2b: Ogerpon\n|-singleturn|p2b: Ogerpon|move: Follow Me\n|move|p1a: Chi-Yu|Heat Wave|p2a: Calyrex|[spread] p2a,p2b\n|-damage|p2a: Calyrex|68/100\n|-damage|p2b: Ogerpon|0 fnt\n|faint|p2b: Ogerpon\n|move|p1b: Lunala|Meteor Beam||[still]\n|-prepare|p1b: Lunala|Meteor Beam\n|-boost|p1b: Lunala|spa|1\n|-enditem|p1b: Lunala|Power Herb\n|-anim|p1b: Lunala|Meteor Beam|p2a: Calyrex\n|-damage|p2a: Calyrex|15/100\n|move|p2a: Calyrex|Trick Room|p2a: Calyrex\n|-fieldstart|move: Trick Room|[of] p2a: Calyrex\n|\n|upkeep\n|\n|t:|1746062261\n|switch|p2b: Oranguru|Oranguru, L50, M|100/100\n|turn|3\n|\n|t:|1746062267\n|switch|p1b: Ursaluna|Ursaluna, L50, M|100/100\n|-terastallize|p1a: Chi-Yu|Ghost\n|move|p2a: Calyrex|High Horsepower|p1a: Chi-Yu|[miss]\n|-miss|p2a: Calyrex|p1a: Chi-Yu\n|move|p2b: Oranguru|Instruct|p2a: Calyrex\n|-singleturn|p2a: Calyrex|move: Instruct|[of] p2b: Oranguru\n|move|p2a: Calyrex|High Horsepower|p1a: Chi-Yu\n|-damage|p1a: Chi-Yu|45/100\n|move|p1a: Chi-Yu|Heat Wave|p2b: Oranguru|[spread] p2a,p2b\n|-crit|p2a: Calyrex\n|-damage|p2a: Calyrex|0 fnt\n|-damage|p2b: Oranguru|65/100\n|faint|p2a: Calyrex\n|\n|-status|p1b: Ursaluna|brn|[from] item: Flame Orb\n|upkeep\n|\n|t:|1746062283\n|switch|p2a: Torkoal|Torkoal, L50, M|100/100\n|-weather|SunnyDay|[from] ability: Drought|[of] p2a: Torkoal\n|turn|4\n|\n|t:|1746062289\n|move|p1b: Ursaluna|Protect|p1b: Ursaluna\n|-singleturn|p1b: Ursaluna|Protect\n|move|p2a: Torkoal|Eruption|p1a: Chi-Yu|[spread] p1a\n|-activate|p1b: Ursaluna|move: Protect\n|-damage|p1a: Chi-Yu|0 fnt\n|faint|p1a: Chi-Yu\n|move|p2b: Oranguru|Instruct|p2a: Torkoal\n|-singleturn|p2a: Torkoal|move: Instruct|[of] p2b: Oranguru\n|move|p2a: Torkoal|Eruption|p1b: Ursaluna\n|-activate|p1b: Ursaluna|move: Protect\n|\n|-weather|SunnyDay|[upkeep]\n|-damage|p1b: Ursaluna|95/100 brn|[from] brn\n|upkeep\n|\n|t:|1746062302\n|switch|p1a: Lunala|Lunala, L50|100/100\n|turn|5\n|inactive|BeckVGC has 30 seconds left.\n|\n|t:|1746062328\n|move|p1a: Lunala|Wide Guard|p1a: Lunala\n|-singleturn|p1a: Lunala|Wide Guard\n|move|p2a: Torkoal|Weather Ball|p1b: Ursaluna\n|-damage|p1b: Ursaluna|29/100 brn\n|move|p1b: Ursaluna|Earthquake|p2b: Oranguru|[spread] p2a,p2b\n|-activate|p1a: Lunala|move: Wide Guard\n|-supereffective|p2a: Torkoal\n|-damage|p2a: Torkoal|2/100\n|-damage|p2b: Oranguru|3/100\n|move|p2b: Oranguru|Instruct|p2a: Torkoal\n|-singleturn|p2a: Torkoal|move: Instruct|[of] p2b: Oranguru\n|move|p2a: Torkoal|Weather Ball|p1b: Ursaluna\n|-damage|p1b: Ursaluna|0 fnt\n|faint|p1b: Ursaluna\n|\n|-weather|SunnyDay|[upkeep]\n|upkeep\n|\n|t:|1746062337\n|switch|p1b: Brute Bonnet|Brute Bonnet, L50|100/100\n|-activate|p1b: Brute Bonnet|ability: Protosynthesis\n|-start|p1b: Brute Bonnet|protosynthesisdef\n|turn|6\n|inactive|phoenix burner has 30 seconds left.\n|\n|t:|1746062364\n|move|p1b: Brute Bonnet|Sucker Punch|p2a: Torkoal\n|-damage|p2a: Torkoal|0 fnt\n|faint|p2a: Torkoal\n|move|p2b: Oranguru|Foul Play|p1a: Lunala\n|-supereffective|p1a: Lunala\n|-damage|p1a: Lunala|60/100\n|move|p1a: Lunala|Moongeist Beam|p2b: Oranguru\n|-immune|p2b: Oranguru\n|\n|-weather|SunnyDay|[upkeep]\n|-fieldend|move: Trick Room\n|upkeep\n|turn|7\n|\n|t:|1746062379\n|move|p1a: Lunala|Moongeist Beam|p2b: Oranguru\n|-immune|p2b: Oranguru\n|move|p1b: Brute Bonnet|Seed Bomb|p2b: Oranguru\n|-damage|p2b: Oranguru|0 fnt\n|faint|p2b: Oranguru\n|\n|win|BeckVGC\n||BeckVGC is ready for game 3.\n||phoenix burner is ready for game 3.\n|uhtml|next|Next: <a href=\"/battle-gen9vgc2025regibo3-2354365029\"><strong>Game 3 of 3</strong></a>\n|l|\u2606BeckVGC\n|player|p1|\n", "uploadtime": 1746062627, "views": 17, "formatid": "gen9vgc2025regibo3", "rating": null, "private": 0, "password": null}