{"id": "gen9vgc2025regibo3-2353808438", "format": "[Gen 9] VGC 2025 Reg I (Bo3)", "players": ["NoPants1101", "R4ka"], "log": "|j|\u2606NoPants1101\n|j|\u2606R4ka\n|html|<table width=\"100%\"><tr><td align=\"left\">NoPants1101</td><td align=\"right\">R4ka</tr><tr><td align=\"left\"><i class=\"fa fa-circle-o\"></i> <i class=\"fa fa-circle-o\"></i> </td><td align=\"right\"><i class=\"fa fa-circle-o\"></i> <i class=\"fa fa-circle-o\"></i> </tr></table>\n|uhtml|bestof|<h2><strong>Game 1</strong> of <a href=\"/game-bestof3-gen9vgc2025regibo3-2353808437\">a best-of-3</a></h2>\n|t:|1746003448\n|gametype|doubles\n|player|p1|NoPants1101|rei|1161\n|player|p2|R4ka|riley|1255\n|teamsize|p1|6\n|teamsize|p2|6\n|gen|9\n|tier|[Gen 9] VGC 2025 Reg I (Bo3)\n|rated|\n|rule|Species Clause: Limit one of each Pok\u00e9mon\n|rule|Item Clause: Limit 1 of each item\n|clearpoke\n|poke|p1|Terapagos, L50, M|\n|poke|p1|Calyrex-Shadow, L50|\n|poke|p1|Scream Tail, L50|\n|poke|p1|Rillaboom, L50, F|\n|poke|p1|Incineroar, L50, F|\n|poke|p1|Ogerpon-Cornerstone, L50, F|\n|poke|p2|Miraidon, L50|\n|poke|p2|Lunala, L50|\n|poke|p2|Whimsicott, L50, F|\n|poke|p2|Chi-Yu, L50|\n|poke|p2|Urshifu-*, L50, M|\n|poke|p2|Iron Hands, L50|\n|teampreview|4\n|showteam|p1|Terapagos||Leftovers|TeraShift|TeraStarstorm,EarthPower,CalmMind,Protect|||M|||50|,,,,,Stellar]Calyrex-Shadow||FocusSash|AsOneSpectrier|AstralBarrage,Psychic,NastyPlot,Protect||||||50|,,,,,Dark]Scream Tail||BoosterEnergy|Protosynthesis|DazzlingGleam,Encore,Disable,Protect||||||50|,,,,,Dark]Rillaboom||AssaultVest|GrassySurge|FakeOut,GrassyGlide,WoodHammer,Uturn|||F|||50|,,,,,Fire]Incineroar||SafetyGoggles|Intimidate|FakeOut,KnockOff,FlareBlitz,PartingShot|||F|||50|,,,,,Water]Ogerpon-Cornerstone||CornerstoneMask|Sturdy|IvyCudgel,PowerWhip,FollowMe,SpikyShield|||F|||50|,,,,,Rock\n|showteam|p2|Miraidon||ChoiceSpecs|HadronEngine|ElectroDrift,VoltSwitch,DracoMeteor,DazzlingGleam||||||50|,,,,,Fairy]Lunala||ElectricSeed|ShadowShield|MoongeistBeam,Psyshock,TrickRoom,WideGuard||||||50|,,,,,Water]Whimsicott||CovertCloak|Prankster|Moonblast,Tailwind,Encore,LightScreen|||F|||50|,,,,,Dark]Chi-Yu||ChoiceScarf|BeadsofRuin|HeatWave,DarkPulse,Overheat,Snarl||||||50|,,,,,Ghost]Urshifu-Rapid-Strike||FocusSash|UnseenFist|SurgingStrikes,CloseCombat,AquaJet,Detect|||M|||50|,,,,,Stellar]Iron Hands||AssaultVest|QuarkDrive|DrainPunch,LowKick,HeavySlam,FakeOut||||||50|,,,,,Water\n|\n|t:|1746003489\n|start\n|switch|p1a: Terapagos|Terapagos, L50, M|100/100\n|switch|p1b: Rillaboom|Rillaboom, L50, F|100/100\n|switch|p2a: Whimsicott|Whimsicott, L50, F|100/100\n|switch|p2b: Chi-Yu|Chi-Yu, L50|100/100\n|-activate|p1a: Terapagos|ability: Tera Shift\n|detailschange|p1a: Terapagos|Terapagos-Terastal, L50, M\n|-heal|p1a: Terapagos|100/100|[silent]\n|-ability|p2b: Chi-Yu|Beads of Ruin\n|-fieldstart|move: Grassy Terrain|[from] ability: Grassy Surge|[of] p1b: Rillaboom\n|turn|1\n|\n|t:|1746003523\n|-terastallize|p2b: Chi-Yu|Ghost\n|move|p1b: Rillaboom|Fake Out|p2b: Chi-Yu\n|-immune|p2b: Chi-Yu\n|move|p2a: Whimsicott|Tailwind|p2a: Whimsicott\n|-sidestart|p2: R4ka|move: Tailwind\n|move|p2b: Chi-Yu|Heat Wave|p1b: Rillaboom|[spread] p1b\n|-miss|p2b: Chi-Yu|p1a: Terapagos\n|-supereffective|p1b: Rillaboom\n|-damage|p1b: Rillaboom|29/100\n|-status|p1b: Rillaboom|brn\n|move|p1a: Terapagos|Calm Mind|p1a: Terapagos\n|-boost|p1a: Terapagos|spa|1\n|-boost|p1a: Terapagos|spd|1\n|\n|-heal|p1b: Rillaboom|35/100 brn|[from] Grassy Terrain\n|-damage|p1b: Rillaboom|29/100 brn|[from] brn\n|upkeep\n|turn|2\n|\n|t:|1746003544\n|switch|p2b: Iron Hands|Iron Hands, L50|100/100\n|move|p1a: Terapagos|Protect|p1a: Terapagos\n|-singleturn|p1a: Terapagos|Protect\n|move|p2a: Whimsicott|Encore|p1a: Terapagos\n|-activate|p1a: Terapagos|move: Protect\n|move|p1b: Rillaboom|U-turn|p2a: Whimsicott\n|-damage|p2a: Whimsicott|87/100\n|\n|t:|1746003554\n|switch|p1b: Calyrex|Calyrex-Shadow, L50|100/100|[from] U-turn\n|-ability|p1b: Calyrex|As One\n|-ability|p1b: Calyrex|Unnerve\n|\n|-heal|p2a: Whimsicott|93/100|[from] Grassy Terrain\n|upkeep\n|turn|3\n|\n|t:|1746003571\n|move|p2a: Whimsicott|Light Screen|p2a: Whimsicott\n|-sidestart|p2: R4ka|move: Light Screen\n|move|p1b: Calyrex|Astral Barrage|p2b: Iron Hands|[spread] p2a,p2b\n|-damage|p2a: Whimsicott|51/100\n|-damage|p2b: Iron Hands|80/100\n|move|p1a: Terapagos|Earth Power|p2b: Iron Hands\n|-supereffective|p2b: Iron Hands\n|-damage|p2b: Iron Hands|49/100\n|move|p2b: Iron Hands|Drain Punch|p1a: Terapagos\n|-activate|p1a: Terapagos|ability: Tera Shell\n|-resisted|p1a: Terapagos\n|-damage|p1a: Terapagos|85/100\n|-heal|p2b: Iron Hands|55/100|[from] drain|[of] p1a: Terapagos\n|\n|-heal|p2a: Whimsicott|57/100|[from] Grassy Terrain\n|-heal|p1a: Terapagos|91/100|[from] Grassy Terrain\n|-heal|p1a: Terapagos|97/100|[from] item: Leftovers\n|-heal|p2b: Iron Hands|61/100|[from] Grassy Terrain\n|upkeep\n|turn|4\n|\n|t:|1746003594\n|switch|p2a: Chi-Yu|Chi-Yu, L50, tera:Ghost|100/100\n|-ability|p2a: Chi-Yu|Beads of Ruin\n|-terastallize|p1a: Terapagos|Stellar\n|detailschange|p1a: Terapagos|Terapagos-Stellar, L50, M, tera:Stellar\n|-heal|p1a: Terapagos|98/100|[silent]\n|-ability|p1a: Terapagos|Teraform Zero\n|-fieldend|move: Grassy Terrain\n|move|p1b: Calyrex|Astral Barrage|p2a: Chi-Yu|[spread] p2a,p2b\n|-supereffective|p2a: Chi-Yu\n|-damage|p2a: Chi-Yu|14/100\n|-damage|p2b: Iron Hands|35/100\n|move|p1a: Terapagos|Tera Starstorm|p2b: Iron Hands|[spread] p2a,p2b\n|-supereffective|p2a: Chi-Yu\n|-damage|p2a: Chi-Yu|0 fnt\n|-damage|p2b: Iron Hands|8/100\n|faint|p2a: Chi-Yu\n|move|p2b: Iron Hands|Heavy Slam|p1b: Calyrex\n|-damage|p1b: Calyrex|48/100\n|\n|-heal|p1a: Terapagos|100/100|[from] item: Leftovers\n|-sideend|p2: R4ka|move: Tailwind\n|upkeep\n|\n|t:|1746003619\n|switch|p2a: Miraidon|Miraidon, L50|100/100\n|-fieldstart|move: Electric Terrain|[from] ability: Hadron Engine|[of] p2a: Miraidon\n|-activate|p2b: Iron Hands|ability: Quark Drive\n|-start|p2b: Iron Hands|quarkdriveatk\n|turn|5\n|\n|t:|1746003647\n|switch|p1b: Rillaboom|Rillaboom, L50, F|29/100 brn\n|-fieldstart|move: Grassy Terrain|[from] ability: Grassy Surge|[of] p1b: Rillaboom\n|-end|p2b: Iron Hands|Quark Drive\n|move|p2a: Miraidon|Volt Switch|p1a: Terapagos\n|-damage|p1a: Terapagos|77/100\n|\n|t:|1746003654\n|switch|p2a: Whimsicott|Whimsicott, L50, F|57/100|[from] Volt Switch\n|move|p1a: Terapagos|Tera Starstorm|p2a: Whimsicott|[spread] p2a,p2b\n|-damage|p2a: Whimsicott|12/100\n|-damage|p2b: Iron Hands|0 fnt\n|faint|p2b: Iron Hands\n|-end|p2b: Iron Hands|Quark Drive|[silent]\n|\n|-heal|p2a: Whimsicott|18/100|[from] Grassy Terrain\n|-heal|p1a: Terapagos|83/100|[from] Grassy Terrain\n|-heal|p1a: Terapagos|89/100|[from] item: Leftovers\n|-heal|p1b: Rillaboom|35/100 brn|[from] Grassy Terrain\n|-damage|p1b: Rillaboom|29/100 brn|[from] brn\n|upkeep\n|\n|t:|1746003668\n|switch|p2b: Miraidon|Miraidon, L50|100/100\n|-fieldstart|move: Electric Terrain|[from] ability: Hadron Engine|[of] p2b: Miraidon\n|turn|6\n|\n|t:|1746003681\n|move|p1b: Rillaboom|Fake Out|p2b: Miraidon\n|-damage|p2b: Miraidon|94/100\n|move|p2a: Whimsicott|Tailwind|p2a: Whimsicott\n|-sidestart|p2: R4ka|move: Tailwind\n|cant|p2b: Miraidon|flinch\n|move|p1a: Terapagos|Tera Starstorm|p2a: Whimsicott|[spread] p2a,p2b\n|-damage|p2a: Whimsicott|0 fnt\n|-damage|p2b: Miraidon|61/100\n|faint|p2a: Whimsicott\n|\n|-heal|p1a: Terapagos|95/100|[from] item: Leftovers\n|-damage|p1b: Rillaboom|22/100 brn|[from] brn\n|upkeep\n|turn|7\n|\n|t:|1746003699\n|move|p1a: Terapagos|Protect|p1a: Terapagos\n|-singleturn|p1a: Terapagos|Protect\n|move|p2b: Miraidon|Electro Drift|p1b: Rillaboom\n|-resisted|p1b: Rillaboom\n|-damage|p1b: Rillaboom|0 fnt\n|faint|p1b: Rillaboom\n|\n|-heal|p1a: Terapagos|100/100|[from] item: Leftovers\n|-sideend|p2: R4ka|move: Light Screen\n|upkeep\n|\n|t:|1746003710\n|switch|p1b: Calyrex|Calyrex-Shadow, L50|48/100\n|-ability|p1b: Calyrex|As One\n|-ability|p1b: Calyrex|Unnerve\n|turn|8\n|\n|t:|1746003724\n|move|p2b: Miraidon|Electro Drift|p1b: Calyrex\n|-damage|p1b: Calyrex|0 fnt\n|faint|p1b: Calyrex\n|move|p1a: Terapagos|Earth Power|p2b: Miraidon\n|-supereffective|p2b: Miraidon\n|-damage|p2b: Miraidon|0 fnt\n|faint|p2b: Miraidon\n|\n|win|NoPants1101\n||R4ka is ready for game 2.\n|inactive|NoPants1101 has 30 seconds to confirm battle start!\n||NoPants1101 is ready for game 2.\n|uhtml|next|Next: <a href=\"/battle-gen9vgc2025regibo3-2353810105\"><strong>Game 2 of 3</strong></a>\n|l|\u2606NoPants1101\n|player|p1|\n", "uploadtime": 1746003974, "views": 6, "formatid": "gen9vgc2025regibo3", "rating": null, "private": 0, "password": null}