{"id": "gen9vgc2025regibo3-2353705672", "format": "[Gen 9] VGC 2025 Reg I (Bo3)", "players": ["tjddjddd", "STL Donductor"], "log": "|j|\u2606tjddjddd\n|j|\u2606STL Donductor\n|html|<table width=\"100%\"><tr><td align=\"left\">tjddjddd</td><td align=\"right\">STL Donductor</tr><tr><td align=\"left\"><i class=\"fa fa-circle\"></i> <i class=\"fa fa-circle-o\"></i> </td><td align=\"right\"><i class=\"fa fa-circle-o\"></i> <i class=\"fa fa-circle-o\"></i> </tr></table>\n|uhtml|bestof|<h2><strong>Game 2</strong> of <a href=\"/game-bestof3-gen9vgc2025regibo3-2353702754\">a best-of-3</a></h2>\n|t:|1745986203\n|gametype|doubles\n|player|p1|tjddjddd|beauty-gen5bw2|1309\n|player|p2|STL Donductor|fisherman|1249\n|teamsize|p1|6\n|teamsize|p2|6\n|gen|9\n|tier|[Gen 9] VGC 2025 Reg I (Bo3)\n|rated|\n|rule|Species Clause: Limit one of each Pok\u00e9mon\n|rule|Item Clause: Limit 1 of each item\n|clearpoke\n|poke|p1|Calyrex-Shadow, L50|\n|poke|p1|Zamazenta-*, L50|\n|poke|p1|Incineroar, L50, F|\n|poke|p1|Rillaboom, L50, M|\n|poke|p1|Ogerpon-Cornerstone, L50, F|\n|poke|p1|Pelipper, L50, M|\n|poke|p2|Calyrex-Shadow, L50|\n|poke|p2|Miraidon, L50|\n|poke|p2|Dondozo, L50, M|\n|poke|p2|Tatsugiri-Droopy, L50, F|\n|poke|p2|Sneasler, L50, M|\n|poke|p2|Chi-Yu, L50|\n|teampreview|4\n|showteam|p1|Calyrex-Shadow||LifeOrb|AsOneSpectrier|AstralBarrage,Psychic,NastyPlot,Protect||||||50|,,,,,Normal]Zamazenta-Crowned||RustedShield|DauntlessShield|BodyPress,behemothbash,WideGuard,Protect||||||50|,,,,,Water]Incineroar||RockyHelmet|Intimidate|KnockOff,FlareBlitz,PartingShot,FakeOut|||F|||50|,,,,,Water]Rillaboom||AssaultVest|GrassySurge|WoodHammer,GrassyGlide,Uturn,FakeOut|||M|||50|,,,,,Fire]Ogerpon-Cornerstone||CornerstoneMask|Sturdy|IvyCudgel,GrassyGlide,FollowMe,SpikyShield|||F|||50|,,,,,Rock]Pelipper||FocusSash|Drizzle|WeatherBall,Hurricane,Tailwind,WideGuard|||M|||50|,,,,,Ghost\n|showteam|p2|Calyrex-Shadow||LifeOrb|AsOneSpectrier|AstralBarrage,Psychic,Encore,Protect||||||50|,,,,,Dark]Miraidon||AssaultVest|HadronEngine|ElectroDrift,DracoMeteor,DazzlingGleam,VoltSwitch||||||50|,,,,,Fairy]Dondozo||Leftovers|Unaware|BodyPress,OrderUp,Earthquake,Protect|||M|||50|,,,,,Grass]Tatsugiri-Droopy||FocusSash|Commander|DracoMeteor,MuddyWater,HelpingHand,Protect|||F|||50|,,,,,Stellar]Sneasler||ElectricSeed|Unburden|FakeOut,DireClaw,CloseCombat,ToxicSpikes|||M|||50|,,,,,Dark]Chi-Yu||ChoiceScarf|BeadsofRuin|HeatWave,Overheat,Snarl,ScaryFace||||||50|,,,,,Ghost\n|inactive|Battle timer is ON: inactive players will automatically lose when time's up. (requested by tjddjddd)\n|inactive|STL Donductor also wants the timer to be on.\n|inactive|STL Donductor has 60 seconds left.\n|\n|t:|1745986252\n|start\n|switch|p1a: Incineroar|Incineroar, L50, F|100/100\n|switch|p1b: Calyrex|Calyrex-Shadow, L50|100/100\n|switch|p2a: Miraidon|Miraidon, L50|100/100\n|switch|p2b: Sneasler|Sneasler, L50, M|100/100\n|-ability|p1b: Calyrex|As One\n|-ability|p1b: Calyrex|Unnerve\n|-fieldstart|move: Electric Terrain|[from] ability: Hadron Engine|[of] p2a: Miraidon\n|-enditem|p2b: Sneasler|Electric Seed\n|-boost|p2b: Sneasler|def|1|[from] item: Electric Seed\n|-ability|p1a: Incineroar|Intimidate|boost\n|-unboost|p2a: Miraidon|atk|1\n|-unboost|p2b: Sneasler|atk|1\n|turn|1\n|\n|t:|1745986276\n|switch|p1a: Rillaboom|Rillaboom, L50, M|100/100\n|-fieldstart|move: Grassy Terrain|[from] ability: Grassy Surge|[of] p1a: Rillaboom\n|move|p1b: Calyrex|Protect|p1b: Calyrex\n|-singleturn|p1b: Calyrex|Protect\n|move|p2b: Sneasler|Fake Out|p1a: Rillaboom\n|-damage|p1a: Rillaboom|91/100\n|move|p2a: Miraidon|Electro Drift|p1b: Calyrex\n|-activate|p1b: Calyrex|move: Protect\n|\n|-heal|p1a: Rillaboom|97/100|[from] Grassy Terrain\n|upkeep\n|turn|2\n|inactive|STL Donductor has 30 seconds left.\n|\n|t:|1745986310\n|-terastallize|p2b: Sneasler|Dark\n|move|p1a: Rillaboom|Fake Out|p2b: Sneasler\n|-damage|p2b: Sneasler|86/100\n|cant|p2b: Sneasler|flinch\n|move|p1b: Calyrex|Astral Barrage|p2a: Miraidon|[spread] p2a,p2b\n|-resisted|p2b: Sneasler\n|-damage|p2a: Miraidon|63/100\n|-damage|p2b: Sneasler|39/100\n|-damage|p1b: Calyrex|91/100|[from] item: Life Orb\n|move|p2a: Miraidon|Draco Meteor|p1b: Calyrex\n|-damage|p1b: Calyrex|17/100\n|-unboost|p2a: Miraidon|spa|2\n|\n|-heal|p2b: Sneasler|44/100|[from] Grassy Terrain\n|-heal|p1b: Calyrex|23/100|[from] Grassy Terrain\n|-heal|p2a: Miraidon|69/100|[from] Grassy Terrain\n|-heal|p1a: Rillaboom|100/100|[from] Grassy Terrain\n|upkeep\n|turn|3\n|inactive|STL Donductor has 30 seconds left.\n|inactive|STL Donductor has 20 seconds left.\n|inactive|STL Donductor has 15 seconds left.\n|\n|t:|1745986355\n|move|p1b: Calyrex|Protect|p1b: Calyrex\n|-singleturn|p1b: Calyrex|Protect\n|move|p2b: Sneasler|Dire Claw|p1b: Calyrex\n|-activate|p1b: Calyrex|move: Protect\n|move|p2a: Miraidon|Volt Switch|p1a: Rillaboom\n|-resisted|p1a: Rillaboom\n|-damage|p1a: Rillaboom|95/100\n|\n|t:|1745986362\n|switch|p2a: Dondozo|Dondozo, L50, M, shiny|100/100|[from] Volt Switch\n|move|p1a: Rillaboom|U-turn|p2a: Dondozo\n|-damage|p2a: Dondozo|88/100\n|\n|t:|1745986368\n|switch|p1a: Incineroar|Incineroar, L50, F|100/100|[from] U-turn\n|-ability|p1a: Incineroar|Intimidate|boost\n|-unboost|p2a: Dondozo|atk|1\n|-unboost|p2b: Sneasler|atk|1\n|\n|-heal|p2b: Sneasler|50/100|[from] Grassy Terrain\n|-heal|p1b: Calyrex|30/100|[from] Grassy Terrain\n|-heal|p2a: Dondozo|94/100|[from] Grassy Terrain\n|-heal|p2a: Dondozo|99/100|[from] item: Leftovers\n|upkeep\n|turn|4\n|inactive|STL Donductor has 30 seconds left.\n|\n|t:|1745986395\n|switch|p1b: Ogerpon|Ogerpon-Cornerstone, L50, F|100/100\n|move|p2a: Dondozo|Protect|p2a: Dondozo\n|-singleturn|p2a: Dondozo|Protect\n|move|p1a: Incineroar|Fake Out|p2b: Sneasler\n|-damage|p2b: Sneasler|39/100\n|cant|p2b: Sneasler|flinch\n|\n|-heal|p2b: Sneasler|44/100|[from] Grassy Terrain\n|-heal|p2a: Dondozo|100/100|[from] Grassy Terrain\n|upkeep\n|turn|5\n|inactive|STL Donductor has 30 seconds left.\n|inactive|STL Donductor has 20 seconds left.\n|inactive|STL Donductor has 15 seconds left.\n|inactive|STL Donductor has 10 seconds left.\n|\n|t:|1745986443\n|switch|p2a: Miraidon|Miraidon, L50|69/100\n|-fieldstart|move: Electric Terrain|[from] ability: Hadron Engine|[of] p2a: Miraidon\n|-terastallize|p1a: Incineroar|Water\n|move|p2b: Sneasler|Close Combat|p1b: Ogerpon\n|-supereffective|p1b: Ogerpon\n|-damage|p1b: Ogerpon|37/100\n|-unboost|p2b: Sneasler|def|1\n|-unboost|p2b: Sneasler|spd|1\n|move|p1b: Ogerpon|Ivy Cudgel|p2a: Miraidon|[anim] Ivy Cudgel Rock\n|-damage|p2a: Miraidon|13/100\n|move|p1a: Incineroar|Parting Shot|p2a: Miraidon\n|-unboost|p2a: Miraidon|atk|1\n|-unboost|p2a: Miraidon|spa|1\n|\n|t:|1745986457\n|switch|p1a: Calyrex|Calyrex-Shadow, L50|30/100|[from] Parting Shot\n|-ability|p1a: Calyrex|As One\n|-ability|p1a: Calyrex|Unnerve\n|\n|upkeep\n|turn|6\n|inactive|STL Donductor has 30 seconds left.\n|\n|t:|1745986491\n|move|p1b: Ogerpon|Follow Me|p1b: Ogerpon\n|-singleturn|p1b: Ogerpon|move: Follow Me\n|move|p2b: Sneasler|Dire Claw|p1b: Ogerpon\n|-damage|p1b: Ogerpon|15/100\n|move|p1a: Calyrex|Astral Barrage|p2b: Sneasler|[spread] p2a,p2b\n|-resisted|p2b: Sneasler\n|-damage|p2a: Miraidon|0 fnt\n|-damage|p2b: Sneasler|0 fnt\n|faint|p2a: Miraidon\n|faint|p2b: Sneasler\n|-ability|p1a: Calyrex|Grim Neigh|boost\n|-boost|p1a: Calyrex|spa|2\n|-damage|p1a: Calyrex|20/100|[from] item: Life Orb\n|\n|upkeep\n|\n|t:|1745986498\n|switch|p2b: Tatsugiri|Tatsugiri-Droopy, L50, F, shiny|100/100\n|switch|p2a: Dondozo|Dondozo, L50, M, shiny|100/100\n|-activate|p2b: Tatsugiri|ability: Commander|[of] p2a: Dondozo\n|-boost|p2a: Dondozo|atk|2\n|-boost|p2a: Dondozo|spa|2\n|-boost|p2a: Dondozo|spe|2\n|-boost|p2a: Dondozo|def|2\n|-boost|p2a: Dondozo|spd|2\n|turn|7\n|\n|t:|1745986513\n|switch|p1b: Rillaboom|Rillaboom, L50, M|95/100\n|-fieldstart|move: Grassy Terrain|[from] ability: Grassy Surge|[of] p1b: Rillaboom\n|move|p1a: Calyrex|Protect|p1a: Calyrex\n|-singleturn|p1a: Calyrex|Protect\n|move|p2a: Dondozo|Earthquake|p1b: Rillaboom|[spread] p1b\n|-miss|p2a: Dondozo|p2b: Tatsugiri\n|-activate|p1a: Calyrex|move: Protect\n|-resisted|p1b: Rillaboom\n|-damage|p1b: Rillaboom|87/100\n|\n|-heal|p1a: Calyrex|26/100|[from] Grassy Terrain\n|-heal|p1b: Rillaboom|93/100|[from] Grassy Terrain\n|upkeep\n|turn|8\n|\n|t:|1745986528\n|switch|p1a: Incineroar|Incineroar, L50, F, tera:Water|100/100\n|-ability|p1a: Incineroar|Intimidate|boost\n|-unboost|p2a: Dondozo|atk|1\n|-unboost|p2b: Tatsugiri|atk|1\n|move|p1b: Rillaboom|Fake Out|p2a: Dondozo\n|-damage|p2a: Dondozo|97/100\n|cant|p2a: Dondozo|flinch\n|\n|-heal|p2a: Dondozo|100/100|[from] Grassy Terrain\n|-heal|p1b: Rillaboom|99/100|[from] Grassy Terrain\n|upkeep\n|turn|9\n|\n|t:|1745986542\n|move|p2a: Dondozo|Order Up|p1b: Rillaboom\n|-damage|p1b: Rillaboom|72/100\n|-boost|p2a: Dondozo|def|1\n|move|p1b: Rillaboom|Wood Hammer|p2a: Dondozo\n|-supereffective|p2a: Dondozo\n|-damage|p2a: Dondozo|70/100\n|-damage|p1b: Rillaboom|61/100|[from] Recoil\n|move|p1a: Incineroar|Knock Off|p2a: Dondozo\n|-damage|p2a: Dondozo|61/100\n|-enditem|p2a: Dondozo|Leftovers|[from] move: Knock Off|[of] p1a: Incineroar\n|\n|-heal|p2a: Dondozo|67/100|[from] Grassy Terrain\n|-heal|p1b: Rillaboom|67/100|[from] Grassy Terrain\n|upkeep\n|turn|10\n|\n|t:|1745986566\n|switch|p1b: Ogerpon|Ogerpon-Cornerstone, L50, F|15/100\n|move|p2a: Dondozo|Order Up|p1b: Ogerpon\n|-damage|p1b: Ogerpon|0 fnt\n|faint|p1b: Ogerpon\n|-boost|p2a: Dondozo|def|1\n|move|p1a: Incineroar|Parting Shot|p2a: Dondozo\n|-unboost|p2a: Dondozo|atk|1\n|-unboost|p2a: Dondozo|spa|1\n|\n|t:|1745986575\n|switch|p1a: Calyrex|Calyrex-Shadow, L50|26/100|[from] Parting Shot\n|-ability|p1a: Calyrex|As One\n|-ability|p1a: Calyrex|Unnerve\n|\n|-heal|p1a: Calyrex|32/100|[from] Grassy Terrain\n|-heal|p2a: Dondozo|74/100|[from] Grassy Terrain\n|upkeep\n|\n|t:|1745986579\n|switch|p1b: Incineroar|Incineroar, L50, F, tera:Water|100/100\n|-ability|p1b: Incineroar|Intimidate|boost\n|-unboost|p2a: Dondozo|atk|1\n|-unboost|p2b: Tatsugiri|atk|1\n|turn|11\n|\n|t:|1745986594\n|move|p2a: Dondozo|Protect|p2a: Dondozo\n|-singleturn|p2a: Dondozo|Protect\n|move|p1b: Incineroar|Fake Out|p2a: Dondozo\n|-activate|p2a: Dondozo|move: Protect\n|move|p1a: Calyrex|Psychic|p2a: Dondozo\n|-activate|p2a: Dondozo|move: Protect\n|\n|-heal|p1a: Calyrex|38/100|[from] Grassy Terrain\n|-heal|p2a: Dondozo|80/100|[from] Grassy Terrain\n|-fieldend|move: Grassy Terrain\n|upkeep\n|turn|12\n|\n|t:|1745986619\n|switch|p1b: Rillaboom|Rillaboom, L50, M|67/100\n|-fieldstart|move: Grassy Terrain|[from] ability: Grassy Surge|[of] p1b: Rillaboom\n|move|p1a: Calyrex|Psychic|p2a: Dondozo\n|-damage|p2a: Dondozo|47/100\n|-damage|p1a: Calyrex|29/100|[from] item: Life Orb\n|move|p2a: Dondozo|Order Up|p1a: Calyrex\n|-damage|p1a: Calyrex|15/100\n|-boost|p2a: Dondozo|def|1\n|\n|-heal|p1a: Calyrex|21/100|[from] Grassy Terrain\n|-heal|p2a: Dondozo|53/100|[from] Grassy Terrain\n|-heal|p1b: Rillaboom|73/100|[from] Grassy Terrain\n|upkeep\n|turn|13\n|\n|t:|1745986634\n|move|p1a: Calyrex|Psychic|p2a: Dondozo\n|-crit|p2a: Dondozo\n|-damage|p2a: Dondozo|0 fnt\n|faint|p2a: Dondozo\n|-ability|p1a: Calyrex|Grim Neigh|boost\n|-boost|p1a: Calyrex|spa|1\n|-damage|p1a: Calyrex|12/100|[from] item: Life Orb\n|move|p1b: Rillaboom|Wood Hammer|p2b: Tatsugiri\n|-enditem|p2b: Tatsugiri|Focus Sash\n|-damage|p2b: Tatsugiri|1/100\n|-damage|p1b: Rillaboom|50/100|[from] Recoil\n|\n|-heal|p1a: Calyrex|18/100|[from] Grassy Terrain\n|-heal|p2b: Tatsugiri|7/100|[from] Grassy Terrain\n|-heal|p1b: Rillaboom|55/100|[from] Grassy Terrain\n|upkeep\n|turn|14\n|-message|STL Donductor forfeited.\n|\n|win|tjddjddd\n|raw|tjddjddd's rating: 1309 &rarr; <strong>1326</strong><br />(+17 for winning)\n|raw|STL Donductor's rating: 1249 &rarr; <strong>1228</strong><br />(-21 for losing)\n|l|\u2606STL Donductor\n|player|p2|\n|l|\u2606tjddjddd\n|player|p1|\n", "uploadtime": 1745987001, "views": 7, "formatid": "gen9vgc2025regibo3", "rating": 1228, "private": 0, "password": null}