{"id": "gen9vgc2025regibo3-2353762295", "format": "[Gen 9] VGC 2025 Reg I (Bo3)", "players": ["dambro222", "espatocular"], "log": "|j|\u2606dambro222\n|j|\u2606espatocular\n|html|<table width=\"100%\"><tr><td align=\"left\">dambro222</td><td align=\"right\">espatocular</tr><tr><td align=\"left\"><i class=\"fa fa-circle\"></i> <i class=\"fa fa-circle-o\"></i> </td><td align=\"right\"><i class=\"fa fa-circle-o\"></i> <i class=\"fa fa-circle\"></i> </tr></table>\n|uhtml|bestof|<h2><strong>Game 3</strong> of <a href=\"/game-bestof3-gen9vgc2025regibo3-2353758879\">a best-of-3</a></h2>\n|t:|1745995695\n|gametype|doubles\n|player|p1|dambro222|1|1188\n|player|p2|espatocular|101|1244\n|teamsize|p1|6\n|teamsize|p2|6\n|gen|9\n|tier|[Gen 9] VGC 2025 Reg I (Bo3)\n|rated|\n|rule|Species Clause: Limit one of each Pok\u00e9mon\n|rule|Item Clause: Limit 1 of each item\n|clearpoke\n|poke|p1|Ho-Oh, L50|\n|poke|p1|Miraidon, L50|\n|poke|p1|Flutter Mane, L50|\n|poke|p1|Iron Hands, L50|\n|poke|p1|Urshifu-*, L50, M|\n|poke|p1|Iron Treads, L50|\n|poke|p2|Calyrex-Shadow, L50|\n|poke|p2|Tornadus, L50, M|\n|poke|p2|Zamazenta-*, L50|\n|poke|p2|Urshifu-*, L50, M|\n|poke|p2|Rillaboom, L50, F|\n|poke|p2|Chien-Pao, L50|\n|teampreview|4\n|showteam|p1|Ho-Oh||ClearAmulet|Regenerator|SacredFire,BraveBird,Tailwind,Protect||||||50|,,,,,Dragon]Miraidon||CovertCloak|HadronEngine|ElectroDrift,VoltSwitch,DracoMeteor,Protect||||||50|,,,,,Electric]Flutter Mane||BoosterEnergy|Protosynthesis|Moonblast,ShadowBall,IcyWind,Protect||||||50|,,,,,Fairy]Iron Hands||AssaultVest|QuarkDrive|FakeOut,DrainPunch,WildCharge,IcePunch||||||50|,,,,,Water]Urshifu||FocusSash|UnseenFist|WickedBlow,CloseCombat,SuckerPunch,Detect|||M|||50|,,,,,Poison]Iron Treads||ChoiceBand|QuarkDrive|IronHead,HighHorsepower,KnockOff,SteelRoller||||||50|,,,,,Water\n|showteam|p2|Calyrex-Shadow||FocusSash|AsOneSpectrier|Protect,AstralBarrage,ShadowBall,Psychic||||||50|,,,,,Ghost]Tornadus||RockyHelmet|Prankster|Protect,BleakwindStorm,Tailwind,ScaryFace|||M|||50|,,,,,Dark]Zamazenta-Crowned||RustedShield|DauntlessShield|Protect,BodyPress,HeavySlam,WideGuard||||||50|,,,,,Water]Urshifu-Rapid-Strike||MysticWater|UnseenFist|Detect,SurgingStrikes,CloseCombat,AquaJet|||M|||50|,,,,,Water]Rillaboom||AssaultVest|GrassySurge|FakeOut,WoodHammer,GrassyGlide,Uturn|||F|||50|,,,,,Fire]Chien-Pao||LifeOrb|SwordofRuin|Protect,IcicleCrash,IceShard,SuckerPunch||||||50|,,,,,Stellar\n|inactive|Battle timer is ON: inactive players will automatically lose when time's up. (requested by espatocular)\n|\n|t:|1745995715\n|start\n|switch|p1a: Ho-Oh|Ho-Oh, L50|100/100\n|switch|p1b: Urshifu|Urshifu, L50, M|100/100\n|switch|p2a: Zamazenta|Zamazenta-Crowned, L50|100/100\n|switch|p2b: Chien-Pao|Chien-Pao, L50|100/100\n|-ability|p2b: Chien-Pao|Sword of Ruin\n|-ability|p2a: Zamazenta|Dauntless Shield|boost\n|-boost|p2a: Zamazenta|def|1\n|turn|1\n|inactive|espatocular has 30 seconds left.\n|\n|t:|1745995745\n|-terastallize|p2b: Chien-Pao|Stellar\n|move|p2b: Chien-Pao|Icicle Crash|p1a: Ho-Oh\n|-damage|p1a: Ho-Oh|22/100\n|-damage|p2b: Chien-Pao|91/100|[from] item: Life Orb\n|move|p2a: Zamazenta|Body Press|p1a: Ho-Oh\n|-resisted|p1a: Ho-Oh\n|-damage|p1a: Ho-Oh|0 fnt\n|faint|p1a: Ho-Oh\n|move|p1b: Urshifu|Close Combat|p2b: Chien-Pao\n|-supereffective|p2b: Chien-Pao\n|-damage|p2b: Chien-Pao|0 fnt\n|-unboost|p1b: Urshifu|def|1\n|-unboost|p1b: Urshifu|spd|1\n|faint|p2b: Chien-Pao\n|\n|upkeep\n|\n|t:|1745995759\n|switch|p2b: Rillaboom|Rillaboom, L50, F|100/100\n|switch|p1a: Flutter Mane|Flutter Mane, L50|100/100\n|-fieldstart|move: Grassy Terrain|[from] ability: Grassy Surge|[of] p2b: Rillaboom\n|-enditem|p1a: Flutter Mane|Booster Energy\n|-activate|p1a: Flutter Mane|ability: Protosynthesis|[fromitem]\n|-start|p1a: Flutter Mane|protosynthesisspe\n|turn|2\n|\n|t:|1745995777\n|move|p1a: Flutter Mane|Protect|p1a: Flutter Mane\n|-singleturn|p1a: Flutter Mane|Protect\n|move|p2a: Zamazenta|Protect|p2a: Zamazenta\n|-singleturn|p2a: Zamazenta|Protect\n|move|p1b: Urshifu|Detect|p1b: Urshifu\n|-singleturn|p1b: Urshifu|Protect\n|move|p2b: Rillaboom|Wood Hammer|p1a: Flutter Mane\n|-activate|p1a: Flutter Mane|move: Protect\n|\n|upkeep\n|turn|3\n|\n|t:|1745995797\n|move|p2b: Rillaboom|Grassy Glide|p1b: Urshifu\n|-damage|p1b: Urshifu|48/100\n|move|p1a: Flutter Mane|Icy Wind|p2b: Rillaboom|[spread] p2b\n|-miss|p1a: Flutter Mane|p2a: Zamazenta\n|-supereffective|p2b: Rillaboom\n|-damage|p2b: Rillaboom|85/100\n|-unboost|p2b: Rillaboom|spe|1\n|move|p2a: Zamazenta|Body Press|p1b: Urshifu\n|-supereffective|p1b: Urshifu\n|-damage|p1b: Urshifu|0 fnt\n|faint|p1b: Urshifu\n|\n|-heal|p2b: Rillaboom|91/100|[from] Grassy Terrain\n|upkeep\n|\n|t:|1745995808\n|switch|p1b: Miraidon|Miraidon, L50|100/100\n|-fieldstart|move: Electric Terrain|[from] ability: Hadron Engine|[of] p1b: Miraidon\n|turn|4\n|\n|t:|1745995832\n|-terastallize|p1b: Miraidon|Electric\n|move|p2a: Zamazenta|Protect|p2a: Zamazenta\n|-singleturn|p2a: Zamazenta|Protect\n|move|p1a: Flutter Mane|Icy Wind|p2a: Zamazenta|[spread] p2b\n|-activate|p2a: Zamazenta|move: Protect\n|-supereffective|p2b: Rillaboom\n|-damage|p2b: Rillaboom|75/100\n|-unboost|p2b: Rillaboom|spe|1\n|move|p1b: Miraidon|Electro Drift|p2b: Rillaboom\n|-resisted|p2b: Rillaboom\n|-damage|p2b: Rillaboom|36/100\n|move|p2b: Rillaboom|U-turn|p1a: Flutter Mane\n|-resisted|p1a: Flutter Mane\n|-damage|p1a: Flutter Mane|92/100\n|\n|t:|1745995842\n|switch|p2b: Calyrex|Calyrex-Shadow, L50|100/100|[from] U-turn\n|-ability|p2b: Calyrex|As One\n|-ability|p2b: Calyrex|Unnerve\n|\n|upkeep\n|turn|5\n|\n|t:|1745995862\n|move|p1a: Flutter Mane|Protect|p1a: Flutter Mane\n|-singleturn|p1a: Flutter Mane|Protect\n|move|p2a: Zamazenta|Wide Guard|p2a: Zamazenta\n|-singleturn|p2a: Zamazenta|Wide Guard\n|move|p2b: Calyrex|Astral Barrage|p1a: Flutter Mane|[spread] p1b\n|-activate|p1a: Flutter Mane|move: Protect\n|-damage|p1b: Miraidon|59/100\n|move|p1b: Miraidon|Electro Drift|p2b: Calyrex\n|-enditem|p2b: Calyrex|Focus Sash\n|-damage|p2b: Calyrex|1/100\n|\n|upkeep\n|turn|6\n|inactive|dambro222 has 30 seconds left.\n|\n|t:|1745995894\n|switch|p2b: Rillaboom|Rillaboom, L50, F|36/100\n|-fieldstart|move: Grassy Terrain|[from] ability: Grassy Surge|[of] p2b: Rillaboom\n|move|p1a: Flutter Mane|Moonblast|p2b: Rillaboom\n|-damage|p2b: Rillaboom|6/100\n|-unboost|p2b: Rillaboom|spa|1\n|move|p1b: Miraidon|Electro Drift|p2a: Zamazenta\n|-damage|p2a: Zamazenta|48/100\n|move|p2a: Zamazenta|Heavy Slam|p1a: Flutter Mane\n|-supereffective|p1a: Flutter Mane\n|-damage|p1a: Flutter Mane|0 fnt\n|faint|p1a: Flutter Mane\n|-end|p1a: Flutter Mane|Protosynthesis|[silent]\n|\n|-heal|p1b: Miraidon|65/100|[from] Grassy Terrain\n|-heal|p2a: Zamazenta|55/100|[from] Grassy Terrain\n|-heal|p2b: Rillaboom|12/100|[from] Grassy Terrain\n|upkeep\n|turn|7\n|\n|t:|1745995917\n|move|p2a: Zamazenta|Protect|p2a: Zamazenta\n|-singleturn|p2a: Zamazenta|Protect\n|move|p1b: Miraidon|Electro Drift|p2b: Rillaboom\n|-resisted|p2b: Rillaboom\n|-damage|p2b: Rillaboom|0 fnt\n|faint|p2b: Rillaboom\n|\n|-heal|p1b: Miraidon|71/100|[from] Grassy Terrain\n|-heal|p2a: Zamazenta|61/100|[from] Grassy Terrain\n|upkeep\n|\n|t:|1745995922\n|switch|p2b: Calyrex|Calyrex-Shadow, L50|1/100\n|-ability|p2b: Calyrex|As One\n|-ability|p2b: Calyrex|Unnerve\n|turn|8\n|\n|t:|1745995929\n|move|p1b: Miraidon|Protect|p1b: Miraidon\n|-singleturn|p1b: Miraidon|Protect\n|move|p2b: Calyrex|Astral Barrage|p1b: Miraidon\n|-activate|p1b: Miraidon|move: Protect\n|move|p2a: Zamazenta|Body Press|p1b: Miraidon\n|-activate|p1b: Miraidon|move: Protect\n|\n|-heal|p2b: Calyrex|7/100|[from] Grassy Terrain\n|-heal|p1b: Miraidon|77/100|[from] Grassy Terrain\n|-heal|p2a: Zamazenta|67/100|[from] Grassy Terrain\n|upkeep\n|turn|9\n|l|\u2606dambro222\n|inactive|dambro222 disconnected and has a minute to reconnect!\n|player|p1|\n|inactive|dambro222 has 30 seconds left.\n|inactive|dambro222 has 20 seconds left.\n|inactive|dambro222 has 15 seconds left.\n|inactive|dambro222 has 10 seconds left.\n|inactive|dambro222 has 5 seconds left.\n|j|\u2606dambro222\n|inactive|dambro222 reconnected and has 5 seconds left.\n|player|p1|dambro222|1|\n|\n|t:|1745995984\n|move|p2b: Calyrex|Astral Barrage|p1b: Miraidon\n|-damage|p1b: Miraidon|13/100\n|move|p1b: Miraidon|Electro Drift|p2b: Calyrex\n|-damage|p2b: Calyrex|0 fnt\n|faint|p2b: Calyrex\n|move|p2a: Zamazenta|Body Press|p1b: Miraidon\n|-damage|p1b: Miraidon|0 fnt\n|faint|p1b: Miraidon\n|\n|win|espatocular\n|raw|dambro222's rating: 1188 &rarr; <strong>1167</strong><br />(-21 for losing)\n|raw|espatocular's rating: 1244 &rarr; <strong>1265</strong><br />(+21 for winning)\n|c|\u2606dambro222|gg\n", "uploadtime": 1745996052, "views": 12, "formatid": "gen9vgc2025regibo3", "rating": 1167, "private": 0, "password": null}