{"id": "gen9vgc2025regibo3-2354190732", "format": "[Gen 9] VGC 2025 Reg I (Bo3)", "players": ["blackkobraVGC", "TacoBurger"], "log": "|j|\u2606blackkobraVGC\n|j|\u2606TacoBurger\n|html|<table width=\"100%\"><tr><td align=\"left\">blackkobraVGC</td><td align=\"right\">TacoBurger</tr><tr><td align=\"left\"><i class=\"fa fa-circle-o\"></i> <i class=\"fa fa-circle-o\"></i> </td><td align=\"right\"><i class=\"fa fa-circle-o\"></i> <i class=\"fa fa-circle\"></i> </tr></table>\n|uhtml|bestof|<h2><strong>Game 2</strong> of <a href=\"/game-bestof3-gen9vgc2025regibo3-2354185867\">a best-of-3</a></h2>\n|t:|1746043042\n|gametype|doubles\n|player|p1|blackkobraVGC|alder|1137\n|player|p2|TacoBurger|101|1037\n|teamsize|p1|6\n|teamsize|p2|6\n|gen|9\n|tier|[Gen 9] VGC 2025 Reg I (Bo3)\n|rated|\n|rule|Species Clause: Limit one of each Pok\u00e9mon\n|rule|Item Clause: Limit 1 of each item\n|clearpoke\n|poke|p1|Ho-Oh, L50|\n|poke|p1|Miraidon, L50|\n|poke|p1|Farigiraf, L50, F|\n|poke|p1|Iron Hands, L50|\n|poke|p1|Urshifu-*, L50, F|\n|poke|p1|Iron Treads, L50|\n|poke|p2|Zamazenta-*, L50|\n|poke|p2|Kyogre, L50|\n|poke|p2|Tornadus, L50, M|\n|poke|p2|Rillaboom, L50, F|\n|poke|p2|Urshifu-*, L50, F|\n|poke|p2|Chien-Pao, L50|\n|teampreview|4\n|showteam|p1|Ho-Oh||ClearAmulet|Regenerator|BraveBird,SacredFire,Tailwind,Protect||||||50|,,,,,Grass]Miraidon||ChoiceSpecs|HadronEngine|ElectroDrift,VoltSwitch,DazzlingGleam,DracoMeteor||||||50|,,,,,Fairy]Farigiraf||ElectricSeed|ArmorTail|Psychic,FoulPlay,TrickRoom,HelpingHand|||F|||50|,,,,,Water]Iron Hands||AssaultVest|QuarkDrive|FakeOut,DrainPunch,WildCharge,LowKick||||||50|,,,,,Water]Urshifu||FocusSash|UnseenFist|WickedBlow,CloseCombat,SuckerPunch,Protect|||F|||50|,,,,,Dark]Iron Treads||ChoiceBand|QuarkDrive|HighHorsepower,IronHead,RockSlide,Earthquake||||||50|,,,,,Ghost\n|showteam|p2|Zamazenta-Crowned||RustedShield|DauntlessShield|BodyPress,HeavySlam,WideGuard,Protect||||||50|,,,,,Dragon]Kyogre||MysticWater|Drizzle|WaterSpout,OriginPulse,IceBeam,Protect||||||50|,,,,,Water]Tornadus||CovertCloak|Prankster|BleakwindStorm,Tailwind,RainDance,Taunt|||M|||50|,,,,,Dark]Rillaboom||AssaultVest|GrassySurge|FakeOut,GrassyGlide,WoodHammer,Uturn|||F|||50|,,,,,Fire]Urshifu-Rapid-Strike||SplashPlate|UnseenFist|SurgingStrikes,AquaJet,CloseCombat,Detect|||F|||50|,,,,,Water]Chien-Pao||FocusSash|SwordofRuin|IcicleCrash,Crunch,SuckerPunch,Protect||||||50|,,,,,Ghost\n|inactive|Battle timer is ON: inactive players will automatically lose when time's up. (requested by blackkobraVGC)\n|\n|t:|1746043088\n|start\n|switch|p1a: Miraidon|Miraidon, L50|100/100\n|switch|p1b: Farigiraf|Farigiraf, L50, F|100/100\n|switch|p2a: Kyogre|Kyogre, L50|100/100\n|switch|p2b: Rillaboom|Rillaboom, L50, F|100/100\n|-fieldstart|move: Electric Terrain|[from] ability: Hadron Engine|[of] p1a: Miraidon\n|-enditem|p1b: Farigiraf|Electric Seed\n|-boost|p1b: Farigiraf|def|1|[from] item: Electric Seed\n|-weather|RainDance|[from] ability: Drizzle|[of] p2a: Kyogre\n|-fieldstart|move: Grassy Terrain|[from] ability: Grassy Surge|[of] p2b: Rillaboom\n|turn|1\n|\n|t:|1746043109\n|move|p1b: Farigiraf|Helping Hand|p1a: Miraidon\n|-singleturn|p1a: Miraidon|Helping Hand|[of] p1b: Farigiraf\n|move|p2a: Kyogre|Protect|p2a: Kyogre\n|-singleturn|p2a: Kyogre|Protect\n|move|p1a: Miraidon|Volt Switch|p2a: Kyogre\n|-activate|p2a: Kyogre|move: Protect\n|move|p2b: Rillaboom|Wood Hammer|p1a: Miraidon\n|-resisted|p1a: Miraidon\n|-damage|p1a: Miraidon|68/100\n|-damage|p2b: Rillaboom|90/100|[from] Recoil\n|\n|-weather|RainDance|[upkeep]\n|-heal|p1a: Miraidon|74/100|[from] Grassy Terrain\n|-heal|p2b: Rillaboom|96/100|[from] Grassy Terrain\n|upkeep\n|turn|2\n|\n|t:|1746043126\n|switch|p2a: Zamazenta|Zamazenta-Crowned, L50|100/100\n|-ability|p2a: Zamazenta|Dauntless Shield|boost\n|-boost|p2a: Zamazenta|def|1\n|move|p1a: Miraidon|Volt Switch|p2a: Zamazenta\n|-crit|p2a: Zamazenta\n|-damage|p2a: Zamazenta|37/100\n|\n|t:|1746043133\n|switch|p1a: Iron Hands|Iron Hands, L50|100/100|[from] Volt Switch\n|move|p2b: Rillaboom|U-turn|p1b: Farigiraf\n|-supereffective|p1b: Farigiraf\n|-crit|p1b: Farigiraf\n|-damage|p1b: Farigiraf|49/100\n|\n|t:|1746043149\n|switch|p2b: Kyogre|Kyogre, L50|100/100|[from] U-turn\n|move|p1b: Farigiraf|Trick Room|p1b: Farigiraf\n|-fieldstart|move: Trick Room|[of] p1b: Farigiraf\n|\n|-weather|RainDance|[upkeep]\n|-heal|p1b: Farigiraf|55/100|[from] Grassy Terrain\n|-heal|p2a: Zamazenta|43/100|[from] Grassy Terrain\n|upkeep\n|turn|3\n|inactive|TacoBurger has 30 seconds left.\n|\n|t:|1746043180\n|switch|p1b: Miraidon|Miraidon, L50|74/100\n|-fieldstart|move: Electric Terrain|[from] ability: Hadron Engine|[of] p1b: Miraidon\n|-activate|p1a: Iron Hands|ability: Quark Drive\n|-start|p1a: Iron Hands|quarkdriveatk\n|-terastallize|p2b: Kyogre|Water\n|move|p2a: Zamazenta|Protect|p2a: Zamazenta\n|-singleturn|p2a: Zamazenta|Protect\n|move|p1a: Iron Hands|Wild Charge|p2b: Kyogre\n|-supereffective|p2b: Kyogre\n|-damage|p2b: Kyogre|0 fnt\n|faint|p2b: Kyogre\n|-damage|p1a: Iron Hands|83/100|[from] Recoil\n|\n|-weather|RainDance|[upkeep]\n|upkeep\n|\n|t:|1746043198\n|switch|p2b: Urshifu|Urshifu-Rapid-Strike, L50, F|100/100\n|turn|4\n|inactive|TacoBurger has 30 seconds left.\n|\n|t:|1746043229\n|switch|p2b: Rillaboom|Rillaboom, L50, F|96/100\n|-fieldstart|move: Grassy Terrain|[from] ability: Grassy Surge|[of] p2b: Rillaboom\n|-end|p1a: Iron Hands|Quark Drive\n|move|p2a: Zamazenta|Wide Guard|p2a: Zamazenta\n|-singleturn|p2a: Zamazenta|Wide Guard\n|move|p1a: Iron Hands|Low Kick|p2a: Zamazenta\n|-supereffective|p2a: Zamazenta\n|-damage|p2a: Zamazenta|0 fnt\n|faint|p2a: Zamazenta\n|move|p1b: Miraidon|Volt Switch|p2b: Rillaboom\n|-resisted|p2b: Rillaboom\n|-damage|p2b: Rillaboom|74/100\n|\n|t:|1746043241\n|switch|p1b: Farigiraf|Farigiraf, L50, F|55/100|[from] Volt Switch\n|\n|-weather|RainDance|[upkeep]\n|-heal|p1a: Iron Hands|89/100|[from] Grassy Terrain\n|-heal|p1b: Farigiraf|61/100|[from] Grassy Terrain\n|-heal|p2b: Rillaboom|80/100|[from] Grassy Terrain\n|upkeep\n|\n|t:|1746043259\n|switch|p2a: Urshifu|Urshifu-Rapid-Strike, L50, F|100/100\n|turn|5\n|inactive|TacoBurger has 30 seconds left.\n|\n|t:|1746043291\n|move|p1b: Farigiraf|Helping Hand|p1a: Iron Hands\n|-singleturn|p1a: Iron Hands|Helping Hand|[of] p1b: Farigiraf\n|move|p1a: Iron Hands|Low Kick|p2b: Rillaboom\n|-damage|p2b: Rillaboom|11/100\n|move|p2b: Rillaboom|U-turn|p1b: Farigiraf\n|-supereffective|p1b: Farigiraf\n|-crit|p1b: Farigiraf\n|-damage|p1b: Farigiraf|10/100\n|move|p2a: Urshifu|Surging Strikes|p1a: Iron Hands\n|-crit|p1a: Iron Hands\n|-damage|p1a: Iron Hands|62/100\n|-crit|p1a: Iron Hands\n|-damage|p1a: Iron Hands|38/100\n|-crit|p1a: Iron Hands\n|-damage|p1a: Iron Hands|10/100\n|-hitcount|p1a: Iron Hands|3\n|\n|-weather|none\n|-heal|p1a: Iron Hands|16/100|[from] Grassy Terrain\n|-heal|p1b: Farigiraf|16/100|[from] Grassy Terrain\n|-heal|p2b: Rillaboom|18/100|[from] Grassy Terrain\n|upkeep\n|turn|6\n|\n|t:|1746043311\n|move|p2a: Urshifu|Detect|p2a: Urshifu\n|-singleturn|p2a: Urshifu|Protect\n|move|p1a: Iron Hands|Drain Punch|p2b: Rillaboom\n|-damage|p2b: Rillaboom|0 fnt\n|-heal|p1a: Iron Hands|23/100|[from] drain|[of] p2b: Rillaboom\n|faint|p2b: Rillaboom\n|move|p1b: Farigiraf|Psychic|p2a: Urshifu\n|-activate|p2a: Urshifu|move: Protect\n|\n|-heal|p1a: Iron Hands|29/100|[from] Grassy Terrain\n|-heal|p1b: Farigiraf|22/100|[from] Grassy Terrain\n|-fieldend|move: Trick Room\n|upkeep\n|turn|7\n|\n|t:|1746043329\n|move|p2a: Urshifu|Surging Strikes|p1a: Iron Hands\n|-crit|p1a: Iron Hands\n|-damage|p1a: Iron Hands|13/100\n|-crit|p1a: Iron Hands\n|-damage|p1a: Iron Hands|0 fnt\n|faint|p1a: Iron Hands\n|-end|p1a: Iron Hands|Quark Drive|[silent]\n|-hitcount|p1: Iron Hands|2\n|move|p1b: Farigiraf|Psychic|p2a: Urshifu\n|-supereffective|p2a: Urshifu\n|-damage|p2a: Urshifu|5/100\n|\n|-heal|p2a: Urshifu|11/100|[from] Grassy Terrain\n|-heal|p1b: Farigiraf|29/100|[from] Grassy Terrain\n|upkeep\n|\n|t:|1746043334\n|switch|p1a: Miraidon|Miraidon, L50|74/100\n|-fieldstart|move: Electric Terrain|[from] ability: Hadron Engine|[of] p1a: Miraidon\n|turn|8\n|\n|t:|1746043344\n|move|p1a: Miraidon|Electro Drift|p2a: Urshifu\n|-supereffective|p2a: Urshifu\n|-damage|p2a: Urshifu|0 fnt\n|faint|p2a: Urshifu\n|\n|win|blackkobraVGC\n||blackkobraVGC is ready for game 3.\n", "uploadtime": 1746043350, "views": 12, "formatid": "gen9vgc2025regibo3", "rating": null, "private": 0, "password": null}