{"id": "gen9vgc2025regibo3-2355125054", "format": "[Gen 9] VGC 2025 Reg I (Bo3)", "players": ["gsgsysnsns", "is_katabo"], "log": "|j|\u2606gsgsysnsns\n|j|\u2606is_katabo\n|html|<table width=\"100%\"><tr><td align=\"left\">gsgsysnsns</td><td align=\"right\">is_katabo</tr><tr><td align=\"left\"><i class=\"fa fa-circle-o\"></i> <i class=\"fa fa-circle-o\"></i> </td><td align=\"right\"><i class=\"fa fa-circle-o\"></i> <i class=\"fa fa-circle-o\"></i> </tr></table>\n|uhtml|bestof|<h2><strong>Game 1</strong> of <a href=\"/game-bestof3-gen9vgc2025regibo3-2355125053\">a best-of-3</a></h2>\n|t:|1746155646\n|gametype|doubles\n|player|p1|gsgsysnsns|beauty-gen5bw2|1081\n|player|p2|is_katabo|caitlin|1237\n|teamsize|p1|6\n|teamsize|p2|6\n|gen|9\n|tier|[Gen 9] VGC 2025 Reg I (Bo3)\n|rated|\n|rule|Species Clause: Limit one of each Pok\u00e9mon\n|rule|Item Clause: Limit 1 of each item\n|clearpoke\n|poke|p1|Calyrex-Shadow, L50|\n|poke|p1|Zamazenta-*, L50|\n|poke|p1|Incineroar, L50, F|\n|poke|p1|Rillaboom, L50, F|\n|poke|p1|Ogerpon-Cornerstone, L50, F|\n|poke|p1|Pelipper, L50, M|\n|poke|p2|Koraidon, L50|\n|poke|p2|Calyrex-Shadow, L50|\n|poke|p2|Chi-Yu, L50|\n|poke|p2|Indeedee-F, L50, F|\n|poke|p2|Brute Bonnet, L50|\n|poke|p2|Flutter Mane, L50|\n|teampreview|4\n|showteam|p1|Calyrex-Shadow||LifeOrb|AsOneSpectrier|AstralBarrage,Psychic,NastyPlot,Protect||||||50|,,,,,Normal]Zamazenta-Crowned||RustedShield|DauntlessShield|BodyPress,behemothbash,WideGuard,Protect||||||50|,,,,,Water]Incineroar||RockyHelmet|Intimidate|KnockOff,FlareBlitz,PartingShot,FakeOut|||F|||50|,,,,,Water]Rillaboom||AssaultVest|GrassySurge|WoodHammer,GrassyGlide,Uturn,FakeOut|||F|||50|,,,,,Fire]Ogerpon-Cornerstone||CornerstoneMask|Sturdy|IvyCudgel,GrassyGlide,FollowMe,SpikyShield|||F|||50|,,,,,Rock]Pelipper||FocusSash|Drizzle|WeatherBall,Hurricane,Tailwind,WideGuard|||M|||50|,,,,,Ghost\n|showteam|p2|Koraidon||LifeOrb|OrichalcumPulse|CloseCombat,FlareBlitz,FlameCharge,Protect||||||50|,,,,,Fire]Calyrex-Shadow||FocusSash|AsOneSpectrier|AstralBarrage,ExpandingForce,ShadowBall,Protect||||||50|,,,,,Ghost]Chi-Yu||ChoiceScarf|BeadsofRuin|DarkPulse,Snarl,HeatWave,Overheat||||||50|,,,,,Ghost]Indeedee-F||RockyHelmet|PsychicSurge|Psychic,FollowMe,HelpingHand,TrickRoom|||F|||50|,,,,,Water]Brute Bonnet||CovertCloak|Protosynthesis|SeedBomb,SuckerPunch,RagePowder,Spore||||||50|,,,,,Water]Flutter Mane||BoosterEnergy|Protosynthesis|Moonblast,IcyWind,Taunt,Protect||||||50|,,,,,Water\n|inactive|Battle timer is ON: inactive players will automatically lose when time's up. (requested by gsgsysnsns)\n|inactive|is_katabo has 60 seconds left.\n|\n|t:|1746155693\n|start\n|switch|p1a: Incineroar|Incineroar, L50, F|100/100\n|switch|p1b: Calyrex|Calyrex-Shadow, L50|100/100\n|switch|p2a: Pufferfish|Chi-Yu, L50|100/100\n|switch|p2b: Ghast|Flutter Mane, L50|100/100\n|-ability|p1b: Calyrex|As One\n|-ability|p1b: Calyrex|Unnerve\n|-ability|p2a: Pufferfish|Beads of Ruin\n|-ability|p1a: Incineroar|Intimidate|boost\n|-unboost|p2a: Pufferfish|atk|1\n|-unboost|p2b: Ghast|atk|1\n|-enditem|p2b: Ghast|Booster Energy\n|-activate|p2b: Ghast|ability: Protosynthesis|[fromitem]\n|-start|p2b: Ghast|protosynthesisspe\n|turn|1\n|inactive|is_katabo has 30 seconds left.\n|\n|t:|1746155723\n|-terastallize|p2b: Ghast|Water\n|move|p1b: Calyrex|Protect|p1b: Calyrex\n|-singleturn|p1b: Calyrex|Protect\n|move|p2b: Ghast|Moonblast|p1b: Calyrex\n|-activate|p1b: Calyrex|move: Protect\n|move|p2a: Pufferfish|Snarl|p1b: Calyrex|[spread] p1a\n|-activate|p1b: Calyrex|move: Protect\n|-resisted|p1a: Incineroar\n|-damage|p1a: Incineroar|85/100\n|-unboost|p1a: Incineroar|spa|1\n|move|p1a: Incineroar|Knock Off|p2a: Pufferfish\n|-resisted|p2a: Pufferfish\n|-damage|p2a: Pufferfish|67/100\n|-enditem|p2a: Pufferfish|Choice Scarf|[from] move: Knock Off|[of] p1a: Incineroar\n|\n|upkeep\n|turn|2\n|\n|t:|1746155742\n|switch|p1b: Zamazenta|Zamazenta-Crowned, L50|100/100\n|-ability|p1b: Zamazenta|Dauntless Shield|boost\n|-boost|p1b: Zamazenta|def|1\n|move|p2b: Ghast|Icy Wind|p1b: Zamazenta|[spread] p1a,p1b\n|-resisted|p1a: Incineroar\n|-resisted|p1b: Zamazenta\n|-damage|p1a: Incineroar|77/100\n|-damage|p1b: Zamazenta|95/100\n|-unboost|p1a: Incineroar|spe|1\n|-unboost|p1b: Zamazenta|spe|1\n|move|p2a: Pufferfish|Snarl|p1b: Zamazenta|[spread] p1a,p1b\n|-resisted|p1a: Incineroar\n|-crit|p1a: Incineroar\n|-resisted|p1b: Zamazenta\n|-damage|p1a: Incineroar|54/100\n|-damage|p1b: Zamazenta|84/100\n|-unboost|p1a: Incineroar|spa|1\n|-unboost|p1b: Zamazenta|spa|1\n|move|p1a: Incineroar|Parting Shot|p2b: Ghast\n|-unboost|p2b: Ghast|atk|1\n|-unboost|p2b: Ghast|spa|1\n|\n|t:|1746155758\n|switch|p1a: Calyrex|Calyrex-Shadow, L50|100/100|[from] Parting Shot\n|-ability|p1a: Calyrex|As One\n|-ability|p1a: Calyrex|Unnerve\n|\n|upkeep\n|turn|3\n|inactive|is_katabo has 30 seconds left.\n|\n|t:|1746155788\n|-terastallize|p1a: Calyrex|Normal\n|move|p1b: Zamazenta|Wide Guard|p1b: Zamazenta\n|-singleturn|p1b: Zamazenta|Wide Guard\n|move|p2b: Ghast|Moonblast|p1a: Calyrex\n|-damage|p1a: Calyrex|62/100\n|move|p1a: Calyrex|Astral Barrage|p2a: Pufferfish|[spread] p2a,p2b\n|-resisted|p2a: Pufferfish\n|-damage|p2a: Pufferfish|22/100\n|-damage|p2b: Ghast|12/100\n|-damage|p1a: Calyrex|52/100|[from] item: Life Orb\n|move|p2a: Pufferfish|Overheat|p1b: Zamazenta\n|-supereffective|p1b: Zamazenta\n|-damage|p1b: Zamazenta|0 fnt\n|-unboost|p2a: Pufferfish|spa|2\n|faint|p1b: Zamazenta\n|\n|upkeep\n|\n|t:|1746155804\n|switch|p1b: Incineroar|Incineroar, L50, F|54/100\n|-ability|p1b: Incineroar|Intimidate|boost\n|-unboost|p2a: Pufferfish|atk|1\n|-unboost|p2b: Ghast|atk|1\n|turn|4\n|\n|t:|1746155819\n|switch|p2a: Shulker Box|Brute Bonnet, L50|100/100\n|move|p2b: Ghast|Protect|p2b: Ghast\n|-singleturn|p2b: Ghast|Protect\n|move|p1b: Incineroar|Fake Out|p2b: Ghast\n|-activate|p2b: Ghast|move: Protect\n|move|p1a: Calyrex|Astral Barrage|p2a: Shulker Box|[spread] p2a\n|-activate|p2b: Ghast|move: Protect\n|-resisted|p2a: Shulker Box\n|-damage|p2a: Shulker Box|72/100\n|-damage|p1a: Calyrex|43/100|[from] item: Life Orb\n|\n|upkeep\n|turn|5\n|inactive|is_katabo has 30 seconds left.\n|\n|t:|1746155846\n|move|p2a: Shulker Box|Sucker Punch|p1a: Calyrex\n|-damage|p1a: Calyrex|11/100\n|move|p2b: Ghast|Moonblast|p1a: Calyrex\n|-damage|p1a: Calyrex|0 fnt\n|faint|p1a: Calyrex\n|move|p1b: Incineroar|Flare Blitz|p2a: Shulker Box\n|-supereffective|p2a: Shulker Box\n|-damage|p2a: Shulker Box|8/100\n|-damage|p1b: Incineroar|31/100|[from] Recoil\n|\n|upkeep\n|-message|gsgsysnsns forfeited.\n|\n|win|is_katabo\n||gsgsysnsns is ready for game 2.\n", "uploadtime": 1746155857, "views": 4, "formatid": "gen9vgc2025regibo3", "rating": null, "private": 0, "password": null}