{"id": "gen9vgc2025regibo3-2354488581", "format": "[Gen 9] VGC 2025 Reg I (Bo3)", "players": ["Jerm626", "EloteYGranada"], "log": "|j|\u2606Jerm626\n|j|\u2606EloteYGranada\n|html|<table width=\"100%\"><tr><td align=\"left\">Jerm626</td><td align=\"right\">EloteYGranada</tr><tr><td align=\"left\"><i class=\"fa fa-circle\"></i> <i class=\"fa fa-circle-o\"></i> </td><td align=\"right\"><i class=\"fa fa-circle-o\"></i> <i class=\"fa fa-circle-o\"></i> </tr></table>\n|uhtml|bestof|<h2><strong>Game 2</strong> of <a href=\"/game-bestof3-gen9vgc2025regibo3-2354487550\">a best-of-3</a></h2>\n|t:|1746080212\n|gametype|doubles\n|player|p1|Jerm626|1|1222\n|player|p2|EloteYGranada|2|1164\n|teamsize|p1|6\n|teamsize|p2|6\n|gen|9\n|tier|[Gen 9] VGC 2025 Reg I (Bo3)\n|rated|\n|rule|Species Clause: Limit one of each Pok\u00e9mon\n|rule|Item Clause: Limit 1 of each item\n|clearpoke\n|poke|p1|Koraidon, L50|\n|poke|p1|Lunala, L50|\n|poke|p1|Indeedee-F, L50, F|\n|poke|p1|Ursaluna, L50, M|\n|poke|p1|Flutter Mane, L50|\n|poke|p1|Ogerpon-Cornerstone, L50, F|\n|poke|p2|Lunala, L50|\n|poke|p2|Groudon, L50|\n|poke|p2|Raging Bolt, L50|\n|poke|p2|Lilligant-Hisui, L50, F|\n|poke|p2|Chi-Yu, L50|\n|poke|p2|Iron Crown, L50|\n|teampreview|4\n|showteam|p1|Koraidon||ClearAmulet|OrichalcumPulse|CloseCombat,FlameCharge,FlareBlitz,Protect||||||50|,,,,,Fire]Lunala||PowerHerb|ShadowShield|ExpandingForce,MeteorBeam,WideGuard,MoongeistBeam||||||50|,,,,,Water]Indeedee-F||RockyHelmet|PsychicSurge|TrickRoom,FollowMe,Psychic,HealPulse|||F|||50|,,,,,Water]Ursaluna||FlameOrb|Guts|Facade,HeadlongRush,Protect,Earthquake|||M|||50|,,,,,Ghost]Flutter Mane||FocusSash|Protosynthesis|IcyWind,Moonblast,Protect,Taunt||||||50|,,,,,Normal]Ogerpon-Cornerstone||CornerstoneMask|Sturdy|IvyCudgel,SpikyShield,FollowMe,PowerWhip|||F|||50|,,,,,Rock\n|showteam|p2|Lunala||MirrorHerb|ShadowShield|Hypnosis,MoongeistBeam,WideGuard,TrickRoom||||||50|,,,,,Fairy]Groudon||ClearAmulet|Drought|PrecipiceBlades,HeatCrash,Protect,HighHorsepower||||||50|,,,,,Fire]Raging Bolt||Magnet|Protosynthesis|Thunderclap,Thunderbolt,Protect,DracoMeteor||||||50|,,,,,Electric]Lilligant-Hisui||FocusSash|Chlorophyll|Coaching,CloseCombat,AfterYou,SleepPowder|||F|||50|,,,,,Ghost]Chi-Yu||ChoiceScarf|BeadsofRuin|Snarl,Overheat,HeatWave,DarkPulse||||||50|,,,,,Fire]Iron Crown||BoosterEnergy|QuarkDrive|TachyonCutter,Gravity,Protect,Psychic||||||50|,,,,,Dark\n|inactive|Battle timer is ON: inactive players will automatically lose when time's up. (requested by EloteYGranada)\n|inactive|Jerm626 has 60 seconds left.\n|\n|t:|1746080247\n|start\n|switch|p1a: Koraidon|Koraidon, L50|100/100\n|switch|p1b: Flutter Mane|Flutter Mane, L50|100/100\n|switch|p2a: Chi-Yu|Chi-Yu, L50|100/100\n|switch|p2b: Iron Crown|Iron Crown, L50|100/100\n|-ability|p2a: Chi-Yu|Beads of Ruin\n|-weather|SunnyDay|[from] ability: Orichalcum Pulse|[of] p1a: Koraidon\n|-activate|p1b: Flutter Mane|ability: Protosynthesis\n|-start|p1b: Flutter Mane|protosynthesisspe\n|-activate|p1a: Koraidon|Orichalcum Pulse|[source]\n|-enditem|p2b: Iron Crown|Booster Energy\n|-activate|p2b: Iron Crown|ability: Quark Drive|[fromitem]\n|-start|p2b: Iron Crown|quarkdrivespe\n|turn|1\n|\n|t:|1746080271\n|-terastallize|p1a: Koraidon|Fire\n|move|p1b: Flutter Mane|Icy Wind|p2a: Chi-Yu|[spread] p2a,p2b\n|-resisted|p2a: Chi-Yu\n|-resisted|p2b: Iron Crown\n|-damage|p2a: Chi-Yu|93/100\n|-damage|p2b: Iron Crown|92/100\n|-unboost|p2a: Chi-Yu|spe|1\n|-unboost|p2b: Iron Crown|spe|1\n|move|p1a: Koraidon|Flare Blitz|p2b: Iron Crown\n|-supereffective|p2b: Iron Crown\n|-damage|p2b: Iron Crown|0 fnt\n|faint|p2b: Iron Crown\n|-end|p2b: Iron Crown|Quark Drive|[silent]\n|-damage|p1a: Koraidon|70/100|[from] Recoil\n|move|p2a: Chi-Yu|Heat Wave|p1a: Koraidon|[spread] p1a,p1b\n|-resisted|p1a: Koraidon\n|-damage|p1a: Koraidon|31/100\n|-damage|p1b: Flutter Mane|15/100\n|\n|-weather|SunnyDay|[upkeep]\n|upkeep\n|\n|t:|1746080280\n|switch|p2b: Elote|Groudon, L50, shiny|100/100\n|turn|2\n|\n|t:|1746080301\n|switch|p2a: Granada|Lunala, L50, shiny|100/100\n|-terastallize|p2b: Elote|Fire\n|move|p1b: Flutter Mane|Protect|p1b: Flutter Mane\n|-singleturn|p1b: Flutter Mane|Protect\n|move|p1a: Koraidon|Close Combat|p2a: Granada\n|-immune|p2a: Granada\n|move|p2b: Elote|Precipice Blades|p1b: Flutter Mane|[spread] \n|-activate|p1b: Flutter Mane|move: Protect\n|-miss|p2b: Elote|p1a: Koraidon\n|\n|-weather|SunnyDay|[upkeep]\n|upkeep\n|turn|3\n|\n|t:|1746080317\n|switch|p2a: Chi-Yu|Chi-Yu, L50|93/100\n|-ability|p2a: Chi-Yu|Beads of Ruin\n|move|p1b: Flutter Mane|Taunt|p2a: Chi-Yu\n|-start|p2a: Chi-Yu|move: Taunt\n|move|p1a: Koraidon|Close Combat|p2b: Elote\n|-damage|p2b: Elote|48/100\n|-unboost|p1a: Koraidon|def|1\n|-unboost|p1a: Koraidon|spd|1\n|move|p2b: Elote|Precipice Blades|p1b: Flutter Mane|[spread] p1a,p1b\n|-supereffective|p1a: Koraidon\n|-damage|p1a: Koraidon|0 fnt\n|-damage|p1b: Flutter Mane|0 fnt\n|faint|p1a: Koraidon\n|faint|p1b: Flutter Mane\n|-end|p1b: Flutter Mane|Protosynthesis|[silent]\n|\n|-weather|SunnyDay|[upkeep]\n|upkeep\n|\n|t:|1746080319\n|switch|p1b: Ursaluna|Ursaluna, L50, M|100/100\n|switch|p1a: Ogerpon|Ogerpon-Cornerstone, L50, F|100/100\n|turn|4\n|\n|t:|1746080330\n|move|p2b: Elote|Protect|p2b: Elote\n|-singleturn|p2b: Elote|Protect\n|move|p1b: Ursaluna|Protect|p1b: Ursaluna\n|-singleturn|p1b: Ursaluna|Protect\n|move|p2a: Chi-Yu|Heat Wave|p1b: Ursaluna|[spread] p1a\n|-activate|p1b: Ursaluna|move: Protect\n|-damage|p1a: Ogerpon|10/100\n|move|p1a: Ogerpon|Ivy Cudgel|p2a: Chi-Yu|[anim] Ivy Cudgel Rock\n|-supereffective|p2a: Chi-Yu\n|-damage|p2a: Chi-Yu|0 fnt\n|faint|p2a: Chi-Yu\n|\n|-weather|SunnyDay|[upkeep]\n|-status|p1b: Ursaluna|brn|[from] item: Flame Orb\n|upkeep\n|\n|t:|1746080334\n|switch|p2a: Granada|Lunala, L50, shiny|100/100\n|turn|5\n|\n|t:|1746080349\n|move|p1a: Ogerpon|Spiky Shield|p1a: Ogerpon\n|-singleturn|p1a: Ogerpon|move: Protect\n|move|p2b: Elote|Protect||[still]\n|-fail|p2b: Elote\n|move|p2a: Granada|Moongeist Beam|p1a: Ogerpon\n|-activate|p1a: Ogerpon|move: Protect\n|move|p1b: Ursaluna|Headlong Rush|p2a: Granada\n|-damage|p2a: Granada|57/100\n|-unboost|p1b: Ursaluna|def|1\n|-unboost|p1b: Ursaluna|spd|1\n|\n|-weather|none\n|-damage|p1b: Ursaluna|95/100 brn|[from] brn\n|upkeep\n|turn|6\n|\n|t:|1746080362\n|move|p2b: Elote|Protect|p2b: Elote\n|-singleturn|p2b: Elote|Protect\n|move|p1a: Ogerpon|Ivy Cudgel|p2b: Elote|[anim] Ivy Cudgel Rock\n|-activate|p2b: Elote|move: Protect\n|move|p2a: Granada|Moongeist Beam|p1a: Ogerpon\n|-damage|p1a: Ogerpon|0 fnt\n|faint|p1a: Ogerpon\n|move|p1b: Ursaluna|Earthquake|p2b: Elote|[spread] p2a\n|-activate|p2b: Elote|move: Protect\n|-damage|p2a: Granada|1/100\n|\n|-damage|p1b: Ursaluna|89/100 brn|[from] brn\n|upkeep\n|turn|7\n|\n|t:|1746080373\n|move|p2a: Granada|Wide Guard|p2a: Granada\n|-singleturn|p2a: Granada|Wide Guard\n|move|p2b: Elote|Precipice Blades|p1b: Ursaluna|[miss]\n|-miss|p2b: Elote|p1b: Ursaluna\n|move|p1b: Ursaluna|Earthquake|p2b: Elote|[spread] \n|-activate|p2a: Granada|move: Wide Guard\n|-activate|p2b: Elote|move: Wide Guard\n|\n|-damage|p1b: Ursaluna|83/100 brn|[from] brn\n|upkeep\n|turn|8\n|\n|t:|1746080380\n|move|p2a: Granada|Wide Guard|p2a: Granada\n|-singleturn|p2a: Granada|Wide Guard\n|move|p2b: Elote|Precipice Blades|p1b: Ursaluna\n|-damage|p1b: Ursaluna|0 fnt\n|faint|p1b: Ursaluna\n|\n|win|EloteYGranada\n||EloteYGranada is ready for game 3.\n||Jerm626 is ready for game 3.\n|uhtml|next|Next: <a href=\"/battle-gen9vgc2025regibo3-2354489462\"><strong>Game 3 of 3</strong></a>\n|l|\u2606EloteYGranada\n|player|p2|\n|l|\u2606Jerm626\n|player|p1|\n", "uploadtime": 1746080656, "views": 8, "formatid": "gen9vgc2025regibo3", "rating": null, "private": 0, "password": null}