{"id": "gen9vgc2025regibo3-2353734189", "format": "[Gen 9] VGC 2025 Reg I (Bo3)", "players": ["lettitripppp", "cap4816"], "log": "|j|\u2606lettitripppp\n|j|\u2606cap4816\n|html|<table width=\"100%\"><tr><td align=\"left\">lettitripppp</td><td align=\"right\">cap4816</tr><tr><td align=\"left\"><i class=\"fa fa-circle\"></i> <i class=\"fa fa-circle-o\"></i> </td><td align=\"right\"><i class=\"fa fa-circle-o\"></i> <i class=\"fa fa-circle-o\"></i> </tr></table>\n|uhtml|bestof|<h2><strong>Game 2</strong> of <a href=\"/game-bestof3-gen9vgc2025regibo3-2353733409\">a best-of-3</a></h2>\n|t:|1745990734\n|gametype|doubles\n|player|p1|lettitripppp|lucas|1069\n|player|p2|cap4816|pokekid|1056\n|teamsize|p1|6\n|teamsize|p2|6\n|gen|9\n|tier|[Gen 9] VGC 2025 Reg I (Bo3)\n|rated|\n|rule|Species Clause: Limit one of each Pok\u00e9mon\n|rule|Item Clause: Limit 1 of each item\n|clearpoke\n|poke|p1|Calyrex-Ice, L50|\n|poke|p1|Miraidon, L50|\n|poke|p1|Grimmsnarl, L50, M|\n|poke|p1|Iron Treads, L50|\n|poke|p1|Ogerpon-Hearthflame, L50, F|\n|poke|p1|Urshifu-*, L50, F|\n|poke|p2|Flygon, L50, F|\n|poke|p2|Whimsicott, L50, F|\n|poke|p2|Solgaleo, L50|\n|poke|p2|Giratina, L50|\n|poke|p2|Incineroar, L50, M|\n|poke|p2|Landorus, L50, M|\n|teampreview|4\n|showteam|p1|Calyrex-Ice||ClearAmulet|AsOneGlastrier|HighHorsepower,GlacialLance,TrickRoom,Protect||||||50|,,,,,Fire]Miraidon||ChoiceSpecs|HadronEngine|DazzlingGleam,DracoMeteor,ElectroDrift,VoltSwitch||||||50|,,,,,Fairy]Grimmsnarl||LightClay|Prankster|ThunderWave,LightScreen,SpiritBreak,Reflect|||M|||50|,,,,,Ghost]Iron Treads||ChoiceBand|QuarkDrive|HighHorsepower,SteelRoller,RockSlide,IronHead||||||50|,,,,,Ghost]Ogerpon-Hearthflame||HearthflameMask|MoldBreaker|HornLeech,IvyCudgel,FollowMe,SpikyShield|||F|||50|,,,,,Fire]Urshifu||FocusSash|UnseenFist|CloseCombat,SuckerPunch,WickedBlow,Detect|||F|||50|,,,,,Stellar\n|showteam|p2|Flygon||ClearAmulet|Levitate|Earthquake,ThroatChop,DragonDance,Protect|||F|||50|,,,,,Normal]Whimsicott||CovertCloak|Prankster|DazzlingGleam,Tailwind,Encore,Protect|||F|||50|,,,,,Dark]Solgaleo||WeaknessPolicy|FullMetalBody|SunsteelStrike,PsychicFangs,Earthquake,Protect||||||50|,,,,,Stellar]Giratina||Leftovers|Pressure|ShadowSneak,Poltergeist,Bulldoze,WillOWisp||||||50|,,,,,Dark]Incineroar||RockyHelmet|Intimidate|FakeOut,FlareBlitz,Snarl,PartingShot|||M|||50|,,,,,Grass]Landorus||LifeOrb|SheerForce|SandsearStorm,SludgeBomb,Taunt,Protect|||M|||50|,,,,,Ghost\n|\n|t:|1745990747\n|start\n|switch|p1a: Calyrex|Calyrex-Ice, L50|100/100\n|switch|p1b: Ogerpon|Ogerpon-Hearthflame, L50, F|100/100\n|switch|p2a: \u62b1\u80f8\u7684\u5927\u845b\u683c|Landorus, L50, M|100/100\n|switch|p2b: \u967d\u5149\u958b\u6717\u7684\u5927\u845b\u683c|Solgaleo, L50, shiny|100/100\n|-ability|p1a: Calyrex|As One\n|-ability|p1a: Calyrex|Unnerve\n|-ability|p1b: Ogerpon|Mold Breaker\n|turn|1\n|\n|t:|1745990760\n|move|p1b: Ogerpon|Follow Me|p1b: Ogerpon\n|-singleturn|p1b: Ogerpon|move: Follow Me\n|move|p2a: \u62b1\u80f8\u7684\u5927\u845b\u683c|Sandsear Storm|p1b: Ogerpon|[spread] p1a,p1b\n|-damage|p1a: Calyrex|61/100\n|-damage|p1b: Ogerpon|33/100\n|move|p2b: \u967d\u5149\u958b\u6717\u7684\u5927\u845b\u683c|Earthquake|p1b: Ogerpon|[spread] p1a,p1b\n|-immune|p2a: \u62b1\u80f8\u7684\u5927\u845b\u683c\n|-damage|p1a: Calyrex|43/100\n|-damage|p1b: Ogerpon|5/100\n|move|p1a: Calyrex|Trick Room|p1a: Calyrex\n|-fieldstart|move: Trick Room|[of] p1a: Calyrex\n|\n|upkeep\n|turn|2\n|\n|t:|1745990781\n|move|p1a: Calyrex|Protect|p1a: Calyrex\n|-singleturn|p1a: Calyrex|Protect\n|move|p2a: \u62b1\u80f8\u7684\u5927\u845b\u683c|Protect|p2a: \u62b1\u80f8\u7684\u5927\u845b\u683c\n|-singleturn|p2a: \u62b1\u80f8\u7684\u5927\u845b\u683c|Protect\n|move|p2b: \u967d\u5149\u958b\u6717\u7684\u5927\u845b\u683c|Earthquake|p1a: Calyrex|[spread] p1b\n|-activate|p2a: \u62b1\u80f8\u7684\u5927\u845b\u683c|move: Protect\n|-activate|p1a: Calyrex|move: Protect\n|-damage|p1b: Ogerpon|0 fnt\n|faint|p1b: Ogerpon\n|\n|upkeep\n|\n|t:|1745990789\n|switch|p1b: Urshifu|Urshifu, L50, F|100/100\n|turn|3\n|\n|t:|1745990812\n|-terastallize|p2a: \u62b1\u80f8\u7684\u5927\u845b\u683c|Ghost\n|move|p1a: Calyrex|Glacial Lance|p2b: \u967d\u5149\u958b\u6717\u7684\u5927\u845b\u683c|[spread] p2a,p2b\n|-resisted|p2b: \u967d\u5149\u958b\u6717\u7684\u5927\u845b\u683c\n|-damage|p2a: \u62b1\u80f8\u7684\u5927\u845b\u683c|38/100\n|-damage|p2b: \u967d\u5149\u958b\u6717\u7684\u5927\u845b\u683c|83/100\n|move|p2b: \u967d\u5149\u958b\u6717\u7684\u5927\u845b\u683c|Sunsteel Strike|p1b: Urshifu\n|-damage|p1b: Urshifu|42/100\n|move|p1b: Urshifu|Wicked Blow|p2b: \u967d\u5149\u958b\u6717\u7684\u5927\u845b\u683c\n|-supereffective|p2b: \u967d\u5149\u958b\u6717\u7684\u5927\u845b\u683c\n|-crit|p2b: \u967d\u5149\u958b\u6717\u7684\u5927\u845b\u683c\n|-damage|p2b: \u967d\u5149\u958b\u6717\u7684\u5927\u845b\u683c|2/100\n|-enditem|p2b: \u967d\u5149\u958b\u6717\u7684\u5927\u845b\u683c|Weakness Policy\n|-boost|p2b: \u967d\u5149\u958b\u6717\u7684\u5927\u845b\u683c|atk|2|[from] item: Weakness Policy\n|-boost|p2b: \u967d\u5149\u958b\u6717\u7684\u5927\u845b\u683c|spa|2|[from] item: Weakness Policy\n|move|p2a: \u62b1\u80f8\u7684\u5927\u845b\u683c|Sandsear Storm|p1b: Urshifu|[spread] p1b\n|-miss|p2a: \u62b1\u80f8\u7684\u5927\u845b\u683c|p1a: Calyrex\n|-damage|p1b: Urshifu|0 fnt\n|faint|p1b: Urshifu\n|\n|upkeep\n|\n|t:|1745990827\n|switch|p1b: Miraidon|Miraidon, L50|100/100\n|-fieldstart|move: Electric Terrain|[from] ability: Hadron Engine|[of] p1b: Miraidon\n|turn|4\n|\n|t:|1745990855\n|-terastallize|p1b: Miraidon|Fairy\n|move|p2b: \u967d\u5149\u958b\u6717\u7684\u5927\u845b\u683c|Protect|p2b: \u967d\u5149\u958b\u6717\u7684\u5927\u845b\u683c\n|-singleturn|p2b: \u967d\u5149\u958b\u6717\u7684\u5927\u845b\u683c|Protect\n|move|p1a: Calyrex|Glacial Lance|p2b: \u967d\u5149\u958b\u6717\u7684\u5927\u845b\u683c|[spread] p2a\n|-activate|p2b: \u967d\u5149\u958b\u6717\u7684\u5927\u845b\u683c|move: Protect\n|-damage|p2a: \u62b1\u80f8\u7684\u5927\u845b\u683c|0 fnt\n|faint|p2a: \u62b1\u80f8\u7684\u5927\u845b\u683c\n|-ability|p1a: Calyrex|Chilling Neigh|boost\n|-boost|p1a: Calyrex|atk|1\n|move|p1b: Miraidon|Dazzling Gleam|p2b: \u967d\u5149\u958b\u6717\u7684\u5927\u845b\u683c\n|-activate|p2b: \u967d\u5149\u958b\u6717\u7684\u5927\u845b\u683c|move: Protect\n|\n|upkeep\n|\n|t:|1745990867\n|switch|p2a: \u767d\u91d1\u7684\u5927\u845b\u683c|Giratina, L50, shiny|100/100\n|-ability|p2a: \u767d\u91d1\u7684\u5927\u845b\u683c|Pressure\n|turn|5\n|\n|t:|1745990885\n|move|p1a: Calyrex|Glacial Lance|p2a: \u767d\u91d1\u7684\u5927\u845b\u683c|[spread] p2a,p2b\n|-supereffective|p2a: \u767d\u91d1\u7684\u5927\u845b\u683c\n|-resisted|p2b: \u967d\u5149\u958b\u6717\u7684\u5927\u845b\u683c\n|-damage|p2a: \u767d\u91d1\u7684\u5927\u845b\u683c|20/100\n|-damage|p2b: \u967d\u5149\u958b\u6717\u7684\u5927\u845b\u683c|0 fnt\n|faint|p2b: \u967d\u5149\u958b\u6717\u7684\u5927\u845b\u683c\n|-ability|p1a: Calyrex|Chilling Neigh|boost\n|-boost|p1a: Calyrex|atk|1\n|move|p2a: \u767d\u91d1\u7684\u5927\u845b\u683c|Bulldoze|p1b: Miraidon|[spread] p1a,p1b\n|-damage|p1a: Calyrex|37/100\n|-damage|p1b: Miraidon|91/100\n|-unboost|p1b: Miraidon|spe|1\n|move|p1b: Miraidon|Dazzling Gleam|p2a: \u767d\u91d1\u7684\u5927\u845b\u683c\n|-supereffective|p2a: \u767d\u91d1\u7684\u5927\u845b\u683c\n|-damage|p2a: \u767d\u91d1\u7684\u5927\u845b\u683c|0 fnt\n|faint|p2a: \u767d\u91d1\u7684\u5927\u845b\u683c\n|\n|-fieldend|move: Trick Room\n|upkeep\n|\n|t:|1745990894\n|switch|p2b: \u6703\u8d0f\u7684\u5594|Flygon, L50, F|100/100\n|turn|6\n|\n|t:|1745990901\n|move|p2b: \u6703\u8d0f\u7684\u5594|Earthquake|p1a: Calyrex|[spread] p1a,p1b\n|-damage|p1a: Calyrex|16/100\n|-damage|p1b: Miraidon|56/100\n|move|p1b: Miraidon|Dazzling Gleam|p2b: \u6703\u8d0f\u7684\u5594\n|-supereffective|p2b: \u6703\u8d0f\u7684\u5594\n|-damage|p2b: \u6703\u8d0f\u7684\u5594|0 fnt\n|faint|p2b: \u6703\u8d0f\u7684\u5594\n|\n|win|lettitripppp\n|raw|lettitripppp's rating: 1069 &rarr; <strong>1098</strong><br />(+29 for winning)\n|raw|cap4816's rating: 1056 &rarr; <strong>1038</strong><br />(-18 for losing)\n", "uploadtime": 1745990909, "views": 29, "formatid": "gen9vgc2025regibo3", "rating": 1038, "private": 0, "password": null}