{"id": "gen9vgc2025regibo3-2354955868", "format": "[Gen 9] VGC 2025 Reg I (Bo3)", "players": ["daltonic0", "Playest012"], "log": "|j|\u2606daltonic0\n|j|\u2606Playest012\n|html|<table width=\"100%\"><tr><td align=\"left\">daltonic0</td><td align=\"right\">Playest012</tr><tr><td align=\"left\"><i class=\"fa fa-circle-o\"></i> <i class=\"fa fa-circle-o\"></i> </td><td align=\"right\"><i class=\"fa fa-circle-o\"></i> <i class=\"fa fa-circle\"></i> </tr></table>\n|uhtml|bestof|<h2><strong>Game 2</strong> of <a href=\"/game-bestof3-gen9vgc2025regibo3-2354952678\">a best-of-3</a></h2>\n|t:|1746135500\n|gametype|doubles\n|player|p1|daltonic0|unknown|1000\n|player|p2|Playest012|infielder|1047\n|teamsize|p1|6\n|teamsize|p2|6\n|gen|9\n|tier|[Gen 9] VGC 2025 Reg I (Bo3)\n|rated|\n|rule|Species Clause: Limit one of each Pok\u00e9mon\n|rule|Item Clause: Limit 1 of each item\n|clearpoke\n|poke|p1|Miraidon, L50|\n|poke|p1|Whimsicott, L50, F|\n|poke|p1|Urshifu-*, L50, M|\n|poke|p1|Ogerpon-Hearthflame, L50, F|\n|poke|p1|Farigiraf, L50, M|\n|poke|p1|Iron Hands, L50|\n|poke|p2|Zacian-*, L50|\n|poke|p2|Calyrex-Ice, L50|\n|poke|p2|Pelipper, L50, F|\n|poke|p2|Urshifu-*, L50, F|\n|poke|p2|Raging Bolt, L50|\n|poke|p2|Ogerpon-Cornerstone, L50, F|\n|teampreview|4\n|showteam|p1|Miraidon||ChoiceSpecs|HadronEngine|ElectroDrift,DracoMeteor,VoltSwitch,DazzlingGleam||||||50|,,,,,Fairy]Whimsicott||CovertCloak|Prankster|Moonblast,Tailwind,LightScreen,Encore|||F|||50|,,,,,Dark]Urshifu-Rapid-Strike||FocusSash|UnseenFist|SurgingStrikes,CloseCombat,AquaJet,Protect|||M|||50|,,,,,Stellar]Ogerpon-Hearthflame||HearthflameMask|MoldBreaker|IvyCudgel,WoodHammer,FollowMe,SpikyShield|||F|||50|,,,,,Fire]Farigiraf||ElectricSeed|ArmorTail|FoulPlay,PsychicNoise,TrickRoom,HelpingHand|||M|||50|,,,,,Water]Iron Hands||AssaultVest|QuarkDrive|DrainPunch,LowKick,WildCharge,FakeOut||||||50|,,,,,Bug\n|showteam|p2|Zacian-Crowned||RustedSword|IntrepidSword|Protect,PlayRough,SacredSword,behemothblade||||||50|,,,,,Dragon]Calyrex-Ice||ClearAmulet|AsOneGlastrier|Protect,TrickRoom,HighHorsepower,GlacialLance||||||50|,,,,,Water]Pelipper||FocusSash|Drizzle|Protect,Hurricane,WeatherBall,WideGuard|||F|||50|,,,,,Ghost]Urshifu-Rapid-Strike||ChoiceScarf|UnseenFist|SurgingStrikes,CloseCombat,Coaching,Uturn|||F|||50|,,,,,Ghost]Raging Bolt||BoosterEnergy|Protosynthesis|Protect,Thunderbolt,Thunderclap,DracoMeteor||||||50|,,,,,Fairy]Ogerpon-Cornerstone||CornerstoneMask|Sturdy|SpikyShield,FollowMe,WoodHammer,IvyCudgel|||F|||50|,,,,,Rock\n|inactive|Battle timer is ON: inactive players will automatically lose when time's up. (requested by Playest012)\n|inactive|Playest012 has 60 seconds left.\n|\n|t:|1746135533\n|start\n|switch|p1a: Whimsicott|Whimsicott, L50, F|100/100\n|switch|p1b: Miraidon|Miraidon, L50|100/100\n|switch|p2a: Zacian|Zacian-Crowned, L50|100/100\n|switch|p2b: Ogerpon|Ogerpon-Cornerstone, L50, F|100/100\n|-ability|p2a: Zacian|Intrepid Sword|boost\n|-boost|p2a: Zacian|atk|1\n|-fieldstart|move: Electric Terrain|[from] ability: Hadron Engine|[of] p1b: Miraidon\n|turn|1\n|inactive|daltonic0 has 30 seconds left.\n|\n|t:|1746135565\n|move|p2b: Ogerpon|Follow Me|p2b: Ogerpon\n|-singleturn|p2b: Ogerpon|move: Follow Me\n|move|p1a: Whimsicott|Tailwind|p1a: Whimsicott\n|-sidestart|p1: daltonic0|move: Tailwind\n|move|p1b: Miraidon|Volt Switch|p2b: Ogerpon\n|-resisted|p2b: Ogerpon\n|-damage|p2b: Ogerpon|36/100\n|\n|t:|1746135576\n|switch|p1b: Urshifu|Urshifu-Rapid-Strike, L50, M|100/100|[from] Volt Switch\n|move|p2a: Zacian|Behemoth Blade|p1a: Whimsicott\n|-supereffective|p1a: Whimsicott\n|-damage|p1a: Whimsicott|0 fnt\n|faint|p1a: Whimsicott\n|\n|upkeep\n|\n|t:|1746135588\n|switch|p1a: Miraidon|Miraidon, L50|100/100\n|-activate|p1a: Miraidon|ability: Hadron Engine\n|turn|2\n|\n|t:|1746135608\n|switch|p2b: Raging Bolt|Raging Bolt, L50|100/100\n|-enditem|p2b: Raging Bolt|Booster Energy\n|-activate|p2b: Raging Bolt|ability: Protosynthesis|[fromitem]\n|-start|p2b: Raging Bolt|protosynthesisspa\n|-terastallize|p2a: Zacian|Dragon\n|move|p1a: Miraidon|Volt Switch|p2b: Raging Bolt\n|-resisted|p2b: Raging Bolt\n|-damage|p2b: Raging Bolt|77/100\n|\n|t:|1746135617\n|switch|p1a: Ogerpon|Ogerpon-Hearthflame, L50, F|100/100|[from] Volt Switch\n|-ability|p1a: Ogerpon|Mold Breaker\n|move|p1b: Urshifu|Surging Strikes|p2a: Zacian\n|-resisted|p2a: Zacian\n|-crit|p2a: Zacian\n|-damage|p2a: Zacian|92/100\n|-resisted|p2a: Zacian\n|-crit|p2a: Zacian\n|-damage|p2a: Zacian|83/100\n|-resisted|p2a: Zacian\n|-crit|p2a: Zacian\n|-damage|p2a: Zacian|74/100\n|-hitcount|p2a: Zacian|3\n|move|p2a: Zacian|Behemoth Blade|p1a: Ogerpon\n|-resisted|p1a: Ogerpon\n|-damage|p1a: Ogerpon|54/100\n|\n|upkeep\n|turn|3\n|inactive|Playest012 has 30 seconds left.\n|inactive|Playest012 has 20 seconds left.\n|\n|t:|1746135657\n|switch|p1b: Miraidon|Miraidon, L50|100/100\n|-activate|p1b: Miraidon|ability: Hadron Engine\n|move|p1a: Ogerpon|Spiky Shield|p1a: Ogerpon\n|-singleturn|p1a: Ogerpon|move: Protect\n|move|p2b: Raging Bolt|Thunderclap||[still]\n|-fail|p2b: Raging Bolt\n|move|p2a: Zacian|Sacred Sword|p1b: Miraidon\n|-damage|p1b: Miraidon|45/100\n|\n|upkeep\n|turn|4\n|\n|t:|1746135675\n|move|p2a: Zacian|Protect|p2a: Zacian\n|-singleturn|p2a: Zacian|Protect\n|move|p2b: Raging Bolt|Protect|p2b: Raging Bolt\n|-singleturn|p2b: Raging Bolt|Protect\n|move|p1a: Ogerpon|Follow Me|p1a: Ogerpon\n|-singleturn|p1a: Ogerpon|move: Follow Me\n|move|p1b: Miraidon|Draco Meteor|p2b: Raging Bolt\n|-activate|p2b: Raging Bolt|move: Protect\n|\n|-sideend|p1: daltonic0|move: Tailwind\n|upkeep\n|turn|5\n|inactive|Playest012 has 30 seconds left.\n|\n|t:|1746135702\n|move|p1a: Ogerpon|Follow Me|p1a: Ogerpon\n|-singleturn|p1a: Ogerpon|move: Follow Me\n|move|p2a: Zacian|Play Rough|p1a: Ogerpon\n|-resisted|p1a: Ogerpon\n|-damage|p1a: Ogerpon|11/100\n|move|p1b: Miraidon|Draco Meteor|p2b: Raging Bolt\n|-supereffective|p2b: Raging Bolt\n|-damage|p2b: Raging Bolt|0 fnt\n|-unboost|p1b: Miraidon|spa|2\n|faint|p2b: Raging Bolt\n|-end|p2b: Raging Bolt|Protosynthesis|[silent]\n|\n|-fieldend|move: Electric Terrain\n|upkeep\n|\n|t:|1746135716\n|switch|p2b: Urshifu|Urshifu-Rapid-Strike, L50, F|100/100\n|turn|6\n|\n|t:|1746135727\n|switch|p1b: Urshifu|Urshifu-Rapid-Strike, L50, M|100/100\n|move|p1a: Ogerpon|Spiky Shield|p1a: Ogerpon\n|-singleturn|p1a: Ogerpon|move: Protect\n|move|p2b: Urshifu|Surging Strikes|p1a: Ogerpon\n|-crit|p1a: Ogerpon\n|-damage|p1a: Ogerpon|0 fnt\n|faint|p1a: Ogerpon\n|-hitcount|p1: Ogerpon|1\n|move|p2a: Zacian|Play Rough|p1b: Urshifu\n|-supereffective|p1b: Urshifu\n|-enditem|p1b: Urshifu|Focus Sash\n|-damage|p1b: Urshifu|1/100\n|\n|upkeep\n|\n|t:|1746135735\n|switch|p1a: Miraidon|Miraidon, L50|45/100\n|-fieldstart|move: Electric Terrain|[from] ability: Hadron Engine|[of] p1a: Miraidon\n|turn|7\n|\n|t:|1746135757\n|move|p2a: Zacian|Protect|p2a: Zacian\n|-singleturn|p2a: Zacian|Protect\n|move|p1b: Urshifu|Aqua Jet|p2a: Zacian\n|-resisted|p2a: Zacian\n|-damage|p2a: Zacian|63/100\n|move|p2b: Urshifu|Surging Strikes|p1b: Urshifu\n|-resisted|p1b: Urshifu\n|-crit|p1b: Urshifu\n|-damage|p1b: Urshifu|0 fnt\n|faint|p1b: Urshifu\n|-hitcount|p1: Urshifu|1\n|move|p1a: Miraidon|Electro Drift|p2b: Urshifu\n|-supereffective|p2b: Urshifu\n|-damage|p2b: Urshifu|0 fnt\n|faint|p2b: Urshifu\n|\n|upkeep\n|\n|t:|1746135769\n|switch|p2b: Ogerpon|Ogerpon-Cornerstone, L50, F|36/100\n|turn|8\n|\n|t:|1746135775\n|move|p2a: Zacian|Behemoth Blade|p1a: Miraidon\n|-resisted|p1a: Miraidon\n|-damage|p1a: Miraidon|5/100\n|move|p1a: Miraidon|Electro Drift|p2b: Ogerpon\n|-resisted|p2b: Ogerpon\n|-damage|p2b: Ogerpon|0 fnt\n|faint|p2b: Ogerpon\n|\n|upkeep\n|turn|9\n|\n|t:|1746135785\n|move|p2a: Zacian|Behemoth Blade|p1a: Miraidon\n|-resisted|p1a: Miraidon\n|-damage|p1a: Miraidon|0 fnt\n|faint|p1a: Miraidon\n|\n|win|Playest012\n|raw|daltonic0's rating: 1000 &rarr; <strong>1000</strong><br />(+0 for losing)\n|raw|Playest012's rating: 1047 &rarr; <strong>1076</strong><br />(+29 for winning)\n|l|\u2606daltonic0\n|player|p1|\n", "uploadtime": 1746135798, "views": 6, "formatid": "gen9vgc2025regibo3", "rating": 1000, "private": 0, "password": null}