{"id": "gen9vgc2025regibo3-2355069824", "format": "[Gen 9] VGC 2025 Reg I (Bo3)", "players": ["furretusedpunch", "MoonEnthusiast"], "log": "|j|\u2606furretusedpunch\n|j|\u2606MoonEnthusiast\n|html|<table width=\"100%\"><tr><td align=\"left\">furretusedpunch</td><td align=\"right\">MoonEnthusiast</tr><tr><td align=\"left\"><i class=\"fa fa-circle-o\"></i> <i class=\"fa fa-circle-o\"></i> </td><td align=\"right\"><i class=\"fa fa-circle-o\"></i> <i class=\"fa fa-circle-o\"></i> </tr></table>\n|uhtml|bestof|<h2><strong>Game 1</strong> of <a href=\"/game-bestof3-gen9vgc2025regibo3-2355069822\">a best-of-3</a></h2>\n|t:|1746148716\n|gametype|doubles\n|player|p1|furretusedpunch|lacey|1362\n|player|p2|MoonEnthusiast|266|1297\n|teamsize|p1|6\n|teamsize|p2|6\n|gen|9\n|tier|[Gen 9] VGC 2025 Reg I (Bo3)\n|rated|\n|rule|Species Clause: Limit one of each Pok\u00e9mon\n|rule|Item Clause: Limit 1 of each item\n|clearpoke\n|poke|p1|Kyogre, L50|\n|poke|p1|Scrafty, L50, F|\n|poke|p1|Rillaboom, L50, M|\n|poke|p1|Amoonguss, L50, M|\n|poke|p1|Roaring Moon, L50|\n|poke|p1|Lunala, L50|\n|poke|p2|Miraidon, L50|\n|poke|p2|Farigiraf, L50, F|\n|poke|p2|Ogerpon-Wellspring, L50, F|\n|poke|p2|Incineroar, L50, M|\n|poke|p2|Landorus, L50, M|\n|poke|p2|Calyrex-Ice, L50|\n|teampreview|4\n|showteam|p1|Kyogre||Leftovers|Drizzle|OriginPulse,CalmMind,Protect,IceBeam||||||50|,,,,,Grass]Scrafty||AssaultVest|Intimidate|FakeOut,KnockOff,LowKick,SuperFang|||F|||50|,,,,,Ghost]Rillaboom||MiracleSeed|GrassySurge|Uturn,DrumBeating,GrassyGlide,FakeOut|||M|||50|,,,,,Fire]Amoonguss||RockyHelmet|Regenerator|RagePowder,Spore,Protect,SludgeBomb|||M|||50|,,,,,Fairy]Roaring Moon||BoosterEnergy|Protosynthesis|KnockOff,Acrobatics,Tailwind,Protect||||||50|,,,,,Flying]Lunala||PowerHerb|ShadowShield|MoongeistBeam,WideGuard,TrickRoom,MeteorBeam||||||50|,,,,,Grass\n|showteam|p2|Miraidon||ChoiceSpecs|HadronEngine|VoltSwitch,ElectroDrift,DazzlingGleam,DracoMeteor||||||50|,,,,,Electric]Farigiraf||ElectricSeed|ArmorTail|HyperVoice,FoulPlay,TrickRoom,HelpingHand|||F|||50|,,,,,Fairy]Ogerpon-Wellspring||WellspringMask|WaterAbsorb|SpikyShield,IvyCudgel,HornLeech,FollowMe|||F|||50|,,,,,Water]Incineroar||AssaultVest|Intimidate|FlareBlitz,KnockOff,FakeOut,Uturn|||M|||50|,,,,,Fairy]Landorus||ChoiceScarf|SheerForce|EarthPower,SandsearStorm,SludgeBomb,Uturn|||M|||50|,,,,,Steel]Calyrex-Ice||ClearAmulet|AsOneGlastrier|Protect,GlacialLance,CloseCombat,TrickRoom||||||50|,,,,,Water\n|inactive|Battle timer is ON: inactive players will automatically lose when time's up. (requested by MoonEnthusiast)\n|inactive|furretusedpunch has 60 seconds left.\n|inactive|MoonEnthusiast has 60 seconds left.\n|inactive|furretusedpunch has 30 seconds left.\n|inactive|furretusedpunch has 20 seconds left.\n|inactive|furretusedpunch has 15 seconds left.\n|inactive|furretusedpunch has 10 seconds left.\n|inactive|furretusedpunch has 5 seconds left.\n|\n|t:|1746148806\n|start\n|switch|p1a: Kyogre|Kyogre, L50, shiny|100/100\n|switch|p1b: Scrafty|Scrafty, L50, F|100/100\n|switch|p2a: Miraidon|Miraidon, L50|100/100\n|switch|p2b: Incineroar|Incineroar, L50, M|100/100\n|-fieldstart|move: Electric Terrain|[from] ability: Hadron Engine|[of] p2a: Miraidon\n|-weather|RainDance|[from] ability: Drizzle|[of] p1a: Kyogre\n|-ability|p2b: Incineroar|Intimidate|boost\n|-unboost|p1a: Kyogre|atk|1\n|-unboost|p1b: Scrafty|atk|1\n|-ability|p1b: Scrafty|Intimidate|boost\n|-unboost|p2a: Miraidon|atk|1\n|-unboost|p2b: Incineroar|atk|1\n|turn|1\n|inactive|furretusedpunch has 30 seconds left.\n|inactive|furretusedpunch has 20 seconds left.\n|inactive|furretusedpunch has 15 seconds left.\n|inactive|furretusedpunch has 10 seconds left.\n|inactive|furretusedpunch has 5 seconds left.\n|\n|t:|1746148861\n|move|p2b: Incineroar|Fake Out|p1a: Kyogre\n|-damage|p1a: Kyogre|94/100\n|move|p1b: Scrafty|Fake Out|p2b: Incineroar\n|-damage|p2b: Incineroar|94/100\n|move|p2a: Miraidon|Volt Switch|p1b: Scrafty\n|-damage|p1b: Scrafty|48/100\n|\n|t:|1746148884\n|switch|p2a: Ogerpon|Ogerpon-Wellspring, L50, F|100/100|[from] Volt Switch\n|cant|p1a: Kyogre|flinch\n|\n|-weather|RainDance|[upkeep]\n|-heal|p1a: Kyogre|99/100|[from] item: Leftovers\n|upkeep\n|turn|2\n|inactive|furretusedpunch has 30 seconds left.\n|\n|t:|1746148910\n|switch|p1b: Rillaboom|Rillaboom, L50, M, shiny|100/100\n|-fieldstart|move: Grassy Terrain|[from] ability: Grassy Surge|[of] p1b: Rillaboom\n|move|p2a: Ogerpon|Ivy Cudgel|p1b: Rillaboom|[anim] Ivy Cudgel Water\n|-resisted|p1b: Rillaboom\n|-damage|p1b: Rillaboom|57/100\n|move|p1a: Kyogre|Origin Pulse|p2a: Ogerpon|[spread] p2b\n|-immune|p2a: Ogerpon|[from] ability: Water Absorb\n|-supereffective|p2b: Incineroar\n|-damage|p2b: Incineroar|16/100\n|move|p2b: Incineroar|U-turn|p1b: Rillaboom\n|-supereffective|p1b: Rillaboom\n|-damage|p1b: Rillaboom|30/100\n|inactive|MoonEnthusiast has 30 seconds left.\n|\n|t:|1746148941\n|switch|p2b: Miraidon|Miraidon, L50|100/100|[from] U-turn\n|-fieldstart|move: Electric Terrain|[from] ability: Hadron Engine|[of] p2b: Miraidon\n|\n|-weather|RainDance|[upkeep]\n|-heal|p1a: Kyogre|100/100|[from] item: Leftovers\n|upkeep\n|turn|3\n|\n|t:|1746148952\n|-terastallize|p1a: Kyogre|Grass\n|move|p1b: Rillaboom|Fake Out|p2b: Miraidon\n|-damage|p2b: Miraidon|90/100\n|cant|p2b: Miraidon|flinch\n|move|p2a: Ogerpon|Horn Leech|p1a: Kyogre\n|-resisted|p1a: Kyogre\n|-damage|p1a: Kyogre|84/100\n|move|p1a: Kyogre|Calm Mind|p1a: Kyogre\n|-boost|p1a: Kyogre|spa|1\n|-boost|p1a: Kyogre|spd|1\n|\n|-weather|RainDance|[upkeep]\n|-heal|p1a: Kyogre|90/100|[from] item: Leftovers\n|upkeep\n|turn|4\n|\n|t:|1746148968\n|switch|p1b: Amoonguss|Amoonguss, L50, M|100/100\n|move|p1a: Kyogre|Protect|p1a: Kyogre\n|-singleturn|p1a: Kyogre|Protect\n|move|p2b: Miraidon|Draco Meteor|p1a: Kyogre\n|-activate|p1a: Kyogre|move: Protect\n|move|p2a: Ogerpon|Ivy Cudgel|p1a: Kyogre|[anim] Ivy Cudgel Water\n|-activate|p1a: Kyogre|move: Protect\n|\n|-weather|RainDance|[upkeep]\n|-heal|p1a: Kyogre|96/100|[from] item: Leftovers\n|upkeep\n|turn|5\n|\n|t:|1746148979\n|move|p2a: Ogerpon|Spiky Shield|p2a: Ogerpon\n|-singleturn|p2a: Ogerpon|move: Protect\n|move|p1b: Amoonguss|Rage Powder|p1b: Amoonguss\n|-singleturn|p1b: Amoonguss|move: Rage Powder\n|move|p2b: Miraidon|Draco Meteor|p1b: Amoonguss\n|-damage|p1b: Amoonguss|0 fnt\n|-unboost|p2b: Miraidon|spa|2\n|faint|p1b: Amoonguss\n|move|p1a: Kyogre|Ice Beam|p2b: Miraidon\n|-supereffective|p2b: Miraidon\n|-damage|p2b: Miraidon|12/100\n|\n|-weather|none\n|-heal|p1a: Kyogre|100/100|[from] item: Leftovers\n|upkeep\n|\n|t:|1746148983\n|switch|p1b: Rillaboom|Rillaboom, L50, M, shiny|30/100\n|-fieldstart|move: Grassy Terrain|[from] ability: Grassy Surge|[of] p1b: Rillaboom\n|turn|6\n|\n|t:|1746149002\n|switch|p2b: Incineroar|Incineroar, L50, M|16/100\n|-ability|p2b: Incineroar|Intimidate|boost\n|-unboost|p1a: Kyogre|atk|1\n|-unboost|p1b: Rillaboom|atk|1\n|move|p1b: Rillaboom|Drum Beating|p2a: Ogerpon\n|-damage|p2a: Ogerpon|61/100\n|-unboost|p2a: Ogerpon|spe|1\n|move|p1a: Kyogre|Ice Beam|p2a: Ogerpon\n|-damage|p2a: Ogerpon|16/100\n|move|p2a: Ogerpon|Horn Leech|p1b: Rillaboom\n|-resisted|p1b: Rillaboom\n|-damage|p1b: Rillaboom|3/100\n|-heal|p2a: Ogerpon|30/100|[from] drain|[of] p1b: Rillaboom\n|\n|-heal|p1b: Rillaboom|9/100|[from] Grassy Terrain\n|-heal|p2a: Ogerpon|36/100|[from] Grassy Terrain\n|-heal|p2b: Incineroar|22/100|[from] Grassy Terrain\n|upkeep\n|turn|7\n|inactive|MoonEnthusiast has 30 seconds left.\n|inactive|MoonEnthusiast has 20 seconds left.\n|inactive|MoonEnthusiast has 15 seconds left.\n|\n|t:|1746149043\n|switch|p1b: Scrafty|Scrafty, L50, F|48/100\n|-ability|p1b: Scrafty|Intimidate|boost\n|-unboost|p2a: Ogerpon|atk|1\n|-unboost|p2b: Incineroar|atk|1\n|move|p2b: Incineroar|Fake Out|p1b: Scrafty\n|-damage|p1b: Scrafty|41/100\n|move|p1a: Kyogre|Calm Mind|p1a: Kyogre\n|-boost|p1a: Kyogre|spa|1\n|-boost|p1a: Kyogre|spd|1\n|move|p2a: Ogerpon|Horn Leech|p1a: Kyogre\n|-resisted|p1a: Kyogre\n|-damage|p1a: Kyogre|85/100\n|-heal|p2a: Ogerpon|45/100|[from] drain|[of] p1a: Kyogre\n|\n|-heal|p1a: Kyogre|91/100|[from] Grassy Terrain\n|-heal|p1a: Kyogre|97/100|[from] item: Leftovers\n|-heal|p2a: Ogerpon|50/100|[from] Grassy Terrain\n|-heal|p2b: Incineroar|28/100|[from] Grassy Terrain\n|-heal|p1b: Scrafty|46/100|[from] Grassy Terrain\n|upkeep\n|turn|8\n|inactive|furretusedpunch has 30 seconds left.\n|\n|t:|1746149068\n|move|p2a: Ogerpon|Spiky Shield|p2a: Ogerpon\n|-singleturn|p2a: Ogerpon|move: Protect\n|move|p1b: Scrafty|Fake Out|p2a: Ogerpon\n|-activate|p2a: Ogerpon|move: Protect\n|-damage|p1b: Scrafty|34/100|[from] Spiky Shield|[of] p2a: Ogerpon\n|move|p1a: Kyogre|Calm Mind|p1a: Kyogre\n|-boost|p1a: Kyogre|spa|1\n|-boost|p1a: Kyogre|spd|1\n|move|p2b: Incineroar|U-turn|p1b: Scrafty\n|-damage|p1b: Scrafty|21/100\n|\n|t:|1746149078\n|switch|p2b: Calyrex|Calyrex-Ice, L50|100/100|[from] U-turn\n|-ability|p2b: Calyrex|As One\n|-ability|p2b: Calyrex|Unnerve\n|\n|-heal|p1a: Kyogre|100/100|[from] Grassy Terrain\n|-heal|p2a: Ogerpon|56/100|[from] Grassy Terrain\n|-heal|p1b: Scrafty|27/100|[from] Grassy Terrain\n|upkeep\n|turn|9\n|\n|t:|1746149091\n|switch|p2a: Incineroar|Incineroar, L50, M|28/100\n|-ability|p2a: Incineroar|Intimidate|boost\n|-unboost|p1a: Kyogre|atk|1\n|-unboost|p1b: Scrafty|atk|1\n|-terastallize|p2b: Calyrex|Water\n|move|p1a: Kyogre|Origin Pulse|p2a: Incineroar|[spread] p2a\n|-miss|p1a: Kyogre|p2b: Calyrex\n|-supereffective|p2a: Incineroar\n|-damage|p2a: Incineroar|0 fnt\n|faint|p2a: Incineroar\n|move|p1b: Scrafty|Knock Off|p2b: Calyrex\n|-damage|p2b: Calyrex|85/100\n|-enditem|p2b: Calyrex|Clear Amulet|[from] move: Knock Off|[of] p1b: Scrafty\n|move|p2b: Calyrex|Glacial Lance|p1b: Scrafty|[spread] p1a,p1b\n|-supereffective|p1a: Kyogre\n|-damage|p1a: Kyogre|9/100\n|-damage|p1b: Scrafty|0 fnt\n|faint|p1b: Scrafty\n|-ability|p2b: Calyrex|Chilling Neigh|boost\n|-boost|p2b: Calyrex|atk|1\n|\n|-heal|p1a: Kyogre|15/100|[from] Grassy Terrain\n|-heal|p1a: Kyogre|21/100|[from] item: Leftovers\n|-heal|p2b: Calyrex|91/100|[from] Grassy Terrain\n|upkeep\n|\n|t:|1746149112\n|switch|p2a: Ogerpon|Ogerpon-Wellspring, L50, F|56/100\n|switch|p1b: Rillaboom|Rillaboom, L50, M, shiny|9/100\n|turn|10\n|\n|t:|1746149132\n|move|p2a: Ogerpon|Spiky Shield|p2a: Ogerpon\n|-singleturn|p2a: Ogerpon|move: Protect\n|move|p2b: Calyrex|Protect|p2b: Calyrex\n|-singleturn|p2b: Calyrex|Protect\n|move|p1b: Rillaboom|Fake Out|p2b: Calyrex\n|-activate|p2b: Calyrex|move: Protect\n|move|p1a: Kyogre|Ice Beam|p2a: Ogerpon\n|-activate|p2a: Ogerpon|move: Protect\n|\n|-heal|p1b: Rillaboom|16/100|[from] Grassy Terrain\n|-heal|p2a: Ogerpon|62/100|[from] Grassy Terrain\n|-heal|p1a: Kyogre|27/100|[from] Grassy Terrain\n|-heal|p1a: Kyogre|33/100|[from] item: Leftovers\n|-heal|p2b: Calyrex|97/100|[from] Grassy Terrain\n|-fieldend|move: Grassy Terrain\n|upkeep\n|turn|11\n|\n|t:|1746149144\n|move|p2a: Ogerpon|Follow Me|p2a: Ogerpon\n|-singleturn|p2a: Ogerpon|move: Follow Me\n|move|p1b: Rillaboom|Drum Beating|p2a: Ogerpon\n|-damage|p2a: Ogerpon|12/100\n|-unboost|p2a: Ogerpon|spe|1\n|move|p1a: Kyogre|Origin Pulse|p2a: Ogerpon|[spread] p2b\n|-heal|p2a: Ogerpon|37/100|[from] ability: Water Absorb|[of] p1a: Kyogre\n|-resisted|p2b: Calyrex\n|-damage|p2b: Calyrex|62/100\n|move|p2b: Calyrex|Glacial Lance|p1a: Kyogre|[spread] p1a,p1b\n|-supereffective|p1a: Kyogre\n|-supereffective|p1b: Rillaboom\n|-damage|p1a: Kyogre|0 fnt\n|-damage|p1b: Rillaboom|0 fnt\n|faint|p1a: Kyogre\n|faint|p1b: Rillaboom\n|\n|win|MoonEnthusiast\n", "uploadtime": 1746149144, "views": 3, "formatid": "gen9vgc2025regibo3", "rating": null, "private": 0, "password": null}