{"id": "gen9vgc2025regibo3-2353772609", "format": "[Gen 9] VGC 2025 Reg I (Bo3)", "players": ["Stian27", "anino23"], "log": "|j|\u2606Stian27\n|j|\u2606anino23\n|html|<table width=\"100%\"><tr><td align=\"left\">Stian27</td><td align=\"right\">anino23</tr><tr><td align=\"left\"><i class=\"fa fa-circle-o\"></i> <i class=\"fa fa-circle-o\"></i> </td><td align=\"right\"><i class=\"fa fa-circle-o\"></i> <i class=\"fa fa-circle\"></i> </tr></table>\n|uhtml|bestof|<h2><strong>Game 2</strong> of <a href=\"/game-bestof3-gen9vgc2025regibo3-2353770226\">a best-of-3</a></h2>\n|t:|1745997423\n|gametype|doubles\n|player|p1|Stian27|ethan|1133\n|player|p2|anino23|102|1096\n|teamsize|p1|6\n|teamsize|p2|6\n|gen|9\n|tier|[Gen 9] VGC 2025 Reg I (Bo3)\n|rated|\n|rule|Species Clause: Limit one of each Pok\u00e9mon\n|rule|Item Clause: Limit 1 of each item\n|clearpoke\n|poke|p1|Incineroar, L50, F|\n|poke|p1|Rillaboom, L50, M|\n|poke|p1|Lugia, L50|\n|poke|p1|Lunala, L50|\n|poke|p1|Comfey, L50, M|\n|poke|p1|Landorus, L50, M|\n|poke|p2|Zamazenta-*, L50|\n|poke|p2|Calyrex-Shadow, L50|\n|poke|p2|Incineroar, L50, M|\n|poke|p2|Urshifu-*, L50, M|\n|poke|p2|Indeedee-F, L50, F|\n|poke|p2|Iron Hands, L50|\n|teampreview|4\n|showteam|p1|Incineroar||RockyHelmet|Intimidate|FakeOut,KnockOff,FlareBlitz,PartingShot|||F|||50|,,,,,Grass]Rillaboom||AssaultVest|GrassySurge|WoodHammer,HighHorsepower,Uturn,FakeOut|||M|||50|,,,,,Fire]Lugia||Leftovers|Multiscale|Aeroblast,EarthPower,CalmMind,Recover||||||50|,,,,,Fairy]Lunala||PowerHerb|ShadowShield|MoongeistBeam,MeteorBeam,WideGuard,TrickRoom||||||50|,,,,,Water]Comfey||SitrusBerry|Triage|FloralHealing,DrainingKiss,Tailwind,Protect|||M|||50|,,,,,Steel]Landorus||LifeOrb|SheerForce|EarthPower,SludgeBomb,SandsearStorm,Protect|||M|||50|,,,,,Poison\n|showteam|p2|Zamazenta-Crowned||RustedShield|DauntlessShield|BodyPress,WideGuard,behemothbash,Protect||||||50|,,,,,Dragon]Calyrex-Shadow||LifeOrb|AsOneSpectrier|AstralBarrage,Psychic,NastyPlot,Protect||||||50|,,,,,Dark]Incineroar||RockyHelmet|Intimidate|FakeOut,KnockOff,PartingShot,FlareBlitz|||M|||50|,,,,,Grass]Urshifu-Rapid-Strike||ChoiceScarf|UnseenFist|SurgingStrikes,CloseCombat,Uturn,AquaJet|||M|||50|,,,,,Water]Indeedee-F||PsychicSeed|PsychicSurge|FollowMe,TrickRoom,Psychic,Protect|||F|||50|,,,,,Steel]Iron Hands||AssaultVest|QuarkDrive|VoltSwitch,FakeOut,WildCharge,DrainPunch||||||50|,,,,,Grass\n|\n|t:|1745997436\n|start\n|switch|p1a: Lugia|Lugia, L50|100/100\n|switch|p1b: Incineroar|Incineroar, L50, F|100/100\n|switch|p2a: Incineroar|Incineroar, L50, M|100/100\n|switch|p2b: Iron Hands|Iron Hands, L50|100/100\n|-ability|p1b: Incineroar|Intimidate|boost\n|-unboost|p2a: Incineroar|atk|1\n|-unboost|p2b: Iron Hands|atk|1\n|-ability|p2a: Incineroar|Intimidate|boost\n|-unboost|p1a: Lugia|atk|1\n|-unboost|p1b: Incineroar|atk|1\n|turn|1\n|inactive|Battle timer is ON: inactive players will automatically lose when time's up. (requested by anino23)\n|\n|t:|1745997493\n|-terastallize|p1a: Lugia|Fairy\n|move|p1b: Incineroar|Fake Out|p2a: Incineroar\n|-damage|p2a: Incineroar|93/100\n|-damage|p1b: Incineroar|84/100|[from] item: Rocky Helmet|[of] p2a: Incineroar\n|cant|p2a: Incineroar|flinch\n|move|p1a: Lugia|Calm Mind|p1a: Lugia\n|-boost|p1a: Lugia|spa|1\n|-boost|p1a: Lugia|spd|1\n|move|p2b: Iron Hands|Volt Switch|p1a: Lugia\n|-damage|p1a: Lugia|98/100\n|\n|t:|1745997518\n|-end|p2b: Iron Hands|Quark Drive|[silent]\n|switch|p2b: Zamazenta|Zamazenta-Crowned, L50|100/100|[from] Volt Switch\n|-ability|p2b: Zamazenta|Dauntless Shield|boost\n|-boost|p2b: Zamazenta|def|1\n|\n|-heal|p1a: Lugia|100/100|[from] item: Leftovers\n|upkeep\n|turn|2\n|inactive|anino23 has 30 seconds left.\n|inactive|anino23 has 20 seconds left.\n|inactive|anino23 has 15 seconds left.\n|inactive|anino23 has 10 seconds left.\n|\n|t:|1745997565\n|-terastallize|p2a: Incineroar|Grass\n|move|p2b: Zamazenta|Body Press|p1b: Incineroar\n|-supereffective|p1b: Incineroar\n|-damage|p1b: Incineroar|0 fnt\n|-damage|p2b: Zamazenta|84/100|[from] item: Rocky Helmet|[of] p1b: Incineroar\n|faint|p1b: Incineroar\n|move|p1a: Lugia|Calm Mind|p1a: Lugia\n|-boost|p1a: Lugia|spa|1\n|-boost|p1a: Lugia|spd|1\n|move|p2a: Incineroar|Parting Shot|p1a: Lugia\n|-unboost|p1a: Lugia|atk|1\n|-unboost|p1a: Lugia|spa|1\n|\n|t:|1745997577\n|switch|p2a: Iron Hands|Iron Hands, L50|100/100|[from] Parting Shot\n|\n|upkeep\n|\n|t:|1745997590\n|switch|p1b: Rillaboom|Rillaboom, L50, M|100/100\n|-fieldstart|move: Grassy Terrain|[from] ability: Grassy Surge|[of] p1b: Rillaboom\n|turn|3\n|\n|t:|1745997609\n|move|p2b: Zamazenta|Protect|p2b: Zamazenta\n|-singleturn|p2b: Zamazenta|Protect\n|move|p1b: Rillaboom|Fake Out|p2b: Zamazenta\n|-activate|p2b: Zamazenta|move: Protect\n|move|p1a: Lugia|Aeroblast|p2a: Iron Hands\n|-damage|p2a: Iron Hands|66/100\n|move|p2a: Iron Hands|Drain Punch|p1b: Rillaboom\n|-damage|p1b: Rillaboom|55/100\n|-heal|p2a: Iron Hands|83/100|[from] drain|[of] p1b: Rillaboom\n|\n|-heal|p2b: Zamazenta|90/100|[from] Grassy Terrain\n|-heal|p1b: Rillaboom|61/100|[from] Grassy Terrain\n|-heal|p2a: Iron Hands|89/100|[from] Grassy Terrain\n|upkeep\n|turn|4\n|inactive|Stian27 has 30 seconds left.\n|inactive|anino23 has 30 seconds left.\n|inactive|Stian27 has 20 seconds left.\n|inactive|anino23 has 20 seconds left.\n|inactive|Stian27 has 15 seconds left.\n|\n|t:|1745997649\n|switch|p2b: Incineroar|Incineroar, L50, M, tera:Grass|93/100\n|-ability|p2b: Incineroar|Intimidate|boost\n|-unboost|p1a: Lugia|atk|1\n|-unboost|p1b: Rillaboom|atk|1\n|move|p1a: Lugia|Calm Mind|p1a: Lugia\n|-boost|p1a: Lugia|spa|1\n|-boost|p1a: Lugia|spd|1\n|move|p1b: Rillaboom|U-turn|p2a: Iron Hands\n|-resisted|p2a: Iron Hands\n|-damage|p2a: Iron Hands|84/100\n|\n|t:|1745997661\n|switch|p1b: Comfey|Comfey, L50, M|100/100|[from] U-turn\n|move|p2a: Iron Hands|Volt Switch|p1a: Lugia\n|-damage|p1a: Lugia|99/100\n|\n|t:|1745997668\n|-end|p2a: Iron Hands|Quark Drive|[silent]\n|switch|p2a: Zamazenta|Zamazenta-Crowned, L50|90/100|[from] Volt Switch\n|\n|-heal|p2a: Zamazenta|96/100|[from] Grassy Terrain\n|-heal|p1a: Lugia|100/100|[from] Grassy Terrain\n|-heal|p2b: Incineroar|99/100|[from] Grassy Terrain\n|upkeep\n|turn|5\n|\n|t:|1745997678\n|move|p2b: Incineroar|Fake Out|p1a: Lugia\n|-damage|p1a: Lugia|98/100\n|move|p2a: Zamazenta|Behemoth Bash|p1b: Comfey\n|-supereffective|p1b: Comfey\n|-damage|p1b: Comfey|23/100\n|-enditem|p1b: Comfey|Sitrus Berry|[eat]\n|-heal|p1b: Comfey|48/100|[from] item: Sitrus Berry\n|cant|p1a: Lugia|flinch\n|move|p1b: Comfey|Tailwind|p1b: Comfey\n|-sidestart|p1: Stian27|move: Tailwind\n|\n|-heal|p1a: Lugia|100/100|[from] Grassy Terrain\n|-heal|p1b: Comfey|54/100|[from] Grassy Terrain\n|-heal|p2a: Zamazenta|100/100|[from] Grassy Terrain\n|-heal|p2b: Incineroar|100/100|[from] Grassy Terrain\n|upkeep\n|turn|6\n|inactive|Stian27 has 30 seconds left.\n|inactive|anino23 has 30 seconds left.\n|inactive|Stian27 has 20 seconds left.\n|inactive|anino23 has 20 seconds left.\n|inactive|Stian27 has 15 seconds left.\n|inactive|Stian27 has 10 seconds left.\n|\n|t:|1745997728\n|switch|p1b: Rillaboom|Rillaboom, L50, M|61/100\n|move|p2a: Zamazenta|Protect|p2a: Zamazenta\n|-singleturn|p2a: Zamazenta|Protect\n|move|p1a: Lugia|Aeroblast|p2b: Incineroar\n|-supereffective|p2b: Incineroar\n|-damage|p2b: Incineroar|1/100\n|move|p2b: Incineroar|Knock Off|p1a: Lugia\n|-resisted|p1a: Lugia\n|-damage|p1a: Lugia|95/100\n|-enditem|p1a: Lugia|Leftovers|[from] move: Knock Off|[of] p2b: Incineroar\n|\n|-heal|p1a: Lugia|100/100|[from] Grassy Terrain\n|-heal|p1b: Rillaboom|67/100|[from] Grassy Terrain\n|-heal|p2b: Incineroar|7/100|[from] Grassy Terrain\n|upkeep\n|turn|7\n|inactive|anino23 has 30 seconds left.\n|inactive|anino23 has 20 seconds left.\n|inactive|anino23 has 15 seconds left.\n|\n|t:|1745997773\n|move|p1a: Lugia|Aeroblast|p2a: Zamazenta\n|-damage|p2a: Zamazenta|40/100\n|move|p1b: Rillaboom|U-turn|p2b: Incineroar\n|-supereffective|p2b: Incineroar\n|-damage|p2b: Incineroar|0 fnt\n|-damage|p1b: Rillaboom|50/100|[from] item: Rocky Helmet|[of] p2b: Incineroar\n|faint|p2b: Incineroar\n|inactive|Stian27 has 30 seconds left.\n|\n|t:|1745997799\n|switch|p1b: Comfey|Comfey, L50, M|54/100|[from] U-turn\n|move|p2a: Zamazenta|Behemoth Bash|p1a: Lugia\n|-supereffective|p1a: Lugia\n|-damage|p1a: Lugia|76/100\n|\n|-heal|p1a: Lugia|82/100|[from] Grassy Terrain\n|-heal|p1b: Comfey|59/100|[from] Grassy Terrain\n|-heal|p2a: Zamazenta|46/100|[from] Grassy Terrain\n|-fieldend|move: Grassy Terrain\n|upkeep\n|\n|t:|1745997815\n|switch|p2b: Iron Hands|Iron Hands, L50|84/100\n|turn|8\n|\n|t:|1745997836\n|move|p1b: Comfey|Draining Kiss|p2b: Iron Hands\n|-supereffective|p2b: Iron Hands\n|-damage|p2b: Iron Hands|65/100\n|-heal|p1b: Comfey|82/100|[from] drain|[of] p2b: Iron Hands\n|move|p2b: Iron Hands|Fake Out|p1a: Lugia\n|-damage|p1a: Lugia|73/100\n|cant|p1a: Lugia|flinch\n|move|p2a: Zamazenta|Behemoth Bash|p1b: Comfey\n|-supereffective|p1b: Comfey\n|-damage|p1b: Comfey|18/100\n|\n|-sideend|p1: Stian27|move: Tailwind\n|upkeep\n|turn|9\n|inactive|anino23 has 30 seconds left.\n|\n|t:|1745997868\n|switch|p1b: Rillaboom|Rillaboom, L50, M|50/100\n|-fieldstart|move: Grassy Terrain|[from] ability: Grassy Surge|[of] p1b: Rillaboom\n|move|p2a: Zamazenta|Protect|p2a: Zamazenta\n|-singleturn|p2a: Zamazenta|Protect\n|move|p1a: Lugia|Aeroblast|p2b: Iron Hands\n|-damage|p2b: Iron Hands|23/100\n|move|p2b: Iron Hands|Wild Charge|p1a: Lugia\n|-damage|p1a: Lugia|46/100\n|-damage|p2b: Iron Hands|18/100|[from] Recoil\n|\n|-heal|p2a: Zamazenta|52/100|[from] Grassy Terrain\n|-heal|p1a: Lugia|52/100|[from] Grassy Terrain\n|-heal|p1b: Rillaboom|57/100|[from] Grassy Terrain\n|-heal|p2b: Iron Hands|24/100|[from] Grassy Terrain\n|upkeep\n|turn|10\n|inactive|Stian27 has 30 seconds left.\n|inactive|anino23 has 30 seconds left.\n|inactive|anino23 has 20 seconds left.\n|\n|t:|1745997905\n|move|p2a: Zamazenta|Behemoth Bash|p1a: Lugia\n|-supereffective|p1a: Lugia\n|-damage|p1a: Lugia|11/100\n|move|p1a: Lugia|Recover|p1a: Lugia\n|-heal|p1a: Lugia|61/100\n|move|p1b: Rillaboom|High Horsepower|p2b: Iron Hands\n|-supereffective|p2b: Iron Hands\n|-damage|p2b: Iron Hands|0 fnt\n|faint|p2b: Iron Hands\n|-end|p2b: Iron Hands|Quark Drive|[silent]\n|\n|-heal|p2a: Zamazenta|58/100|[from] Grassy Terrain\n|-heal|p1a: Lugia|67/100|[from] Grassy Terrain\n|-heal|p1b: Rillaboom|63/100|[from] Grassy Terrain\n|upkeep\n|\n|t:|1745997919\n|switch|p2b: Calyrex|Calyrex-Shadow, L50|100/100\n|-ability|p2b: Calyrex|As One\n|-ability|p2b: Calyrex|Unnerve\n|turn|11\n|\n|t:|1745997938\n|move|p2b: Calyrex|Astral Barrage|p1b: Rillaboom|[spread] p1a,p1b\n|-damage|p1a: Lugia|49/100\n|-damage|p1b: Rillaboom|7/100\n|-damage|p2b: Calyrex|91/100|[from] item: Life Orb\n|move|p2a: Zamazenta|Behemoth Bash|p1a: Lugia\n|-supereffective|p1a: Lugia\n|-damage|p1a: Lugia|3/100\n|move|p1a: Lugia|Aeroblast|p2b: Calyrex\n|-crit|p2b: Calyrex\n|-damage|p2b: Calyrex|0 fnt\n|faint|p2b: Calyrex\n|move|p1b: Rillaboom|U-turn|p2a: Zamazenta\n|-resisted|p2a: Zamazenta\n|-damage|p2a: Zamazenta|54/100\n|\n|t:|1745997952\n|switch|p1b: Comfey|Comfey, L50, M|18/100|[from] U-turn\n|\n|-heal|p2a: Zamazenta|60/100|[from] Grassy Terrain\n|-heal|p1a: Lugia|9/100|[from] Grassy Terrain\n|-heal|p1b: Comfey|23/100|[from] Grassy Terrain\n|upkeep\n|turn|12\n|\n|t:|1745997971\n|move|p1b: Comfey|Floral Healing|p1a: Lugia\n|-heal|p1a: Lugia|75/100\n|move|p2a: Zamazenta|Behemoth Bash|p1b: Comfey\n|-supereffective|p1b: Comfey\n|-damage|p1b: Comfey|0 fnt\n|faint|p1b: Comfey\n|move|p1a: Lugia|Aeroblast|p2a: Zamazenta\n|-damage|p2a: Zamazenta|0 fnt\n|faint|p2a: Zamazenta\n|\n|win|Stian27\n||anino23 is ready for game 3.\n|inactive|Stian27 has 30 seconds to confirm battle start!\n|l|\u2606anino23\n|player|p2|\n||Stian27 is ready for game 3.\n|uhtml|next|Next: <a href=\"/battle-gen9vgc2025regibo3-2353775870\"><strong>Game 3 of 3</strong></a>\n", "uploadtime": 1745998258, "views": 8, "formatid": "gen9vgc2025regibo3", "rating": null, "private": 0, "password": null}