{"id": "gen9vgc2025regibo3-2353950638", "format": "[Gen 9] VGC 2025 Reg I (Bo3)", "players": ["basvos", "TrinaTina"], "log": "|j|\u2606basvos\n|j|\u2606TrinaTina\n|html|<table width=\"100%\"><tr><td align=\"left\">basvos</td><td align=\"right\">TrinaTina</tr><tr><td align=\"left\"><i class=\"fa fa-circle-o\"></i> <i class=\"fa fa-circle-o\"></i> </td><td align=\"right\"><i class=\"fa fa-circle-o\"></i> <i class=\"fa fa-circle-o\"></i> </tr></table>\n|uhtml|bestof|<h2><strong>Game 1</strong> of <a href=\"/game-bestof3-gen9vgc2025regibo3-2353950637\">a best-of-3</a></h2>\n|t:|1746021932\n|gametype|doubles\n|player|p1|basvos|lucas|1109\n|player|p2|TrinaTina|ghetsis-gen5bw|1089\n|teamsize|p1|6\n|teamsize|p2|6\n|gen|9\n|tier|[Gen 9] VGC 2025 Reg I (Bo3)\n|rated|\n|rule|Species Clause: Limit one of each Pok\u00e9mon\n|rule|Item Clause: Limit 1 of each item\n|clearpoke\n|poke|p1|Lunala, L50|\n|poke|p1|Koraidon, L50|\n|poke|p1|Chi-Yu, L50|\n|poke|p1|Ursaluna, L50, F|\n|poke|p1|Flutter Mane, L50|\n|poke|p1|Brute Bonnet, L50|\n|poke|p2|Zamazenta-*, L50|\n|poke|p2|Urshifu-*, L50, M|\n|poke|p2|Rillaboom, L50, M|\n|poke|p2|Incineroar, L50, M|\n|poke|p2|Giratina, L50|\n|poke|p2|Grimmsnarl, L50, M|\n|teampreview|4\n|showteam|p1|Lunala||PowerHerb|ShadowShield|WideGuard,MeteorBeam,MoongeistBeam,TrickRoom||||||50|,,,,,Water]Koraidon||LifeOrb|OrichalcumPulse|FlareBlitz,FlameCharge,CloseCombat,Protect||||||50|,,,,,Fire]Chi-Yu||ChoiceScarf|BeadsofRuin|DarkPulse,HeatWave,Overheat,Snarl||||||50|,,,,,Ghost]Ursaluna||FlameOrb|Guts|Facade,Protect,Earthquake,HeadlongRush|||F|||50|,,,,,Water]Flutter Mane||FocusSash|Protosynthesis|Protect,DazzlingGleam,Moonblast,IcyWind||||||50|,,,,,Normal]Brute Bonnet||CovertCloak|Protosynthesis|SuckerPunch,SeedBomb,Spore,RagePowder||||||50|,,,,,Water\n|showteam|p2|Zamazenta-Crowned||RustedShield|DauntlessShield|Protect,behemothbash,BodyPress,WideGuard||||||50|,,,,,Dragon]Urshifu-Rapid-Strike||MysticWater|UnseenFist|Detect,SurgingStrikes,CloseCombat,Taunt|||M|||50|,,,,,Water]Rillaboom||AssaultVest|GrassySurge|WoodHammer,GrassyGlide,FakeOut,Uturn|||M|||50|,,,,,Fire]Incineroar||SafetyGoggles|Intimidate|FlareBlitz,Taunt,FakeOut,PartingShot|||M|||50|,,,,,Water]Giratina||Leftovers|Pressure|Protect,ShadowBall,DragonPulse,CalmMind||||||50|,,,,,Fairy]Grimmsnarl||LightClay|Prankster|FoulPlay,Reflect,LightScreen,ThunderWave|||M|||50|,,,,,Ghost\n|inactive|Battle timer is ON: inactive players will automatically lose when time's up. (requested by TrinaTina)\n|\n|t:|1746021975\n|start\n|switch|p1a: Chi-Yu|Chi-Yu, L50|100/100\n|switch|p1b: Koraidon|Koraidon, L50|100/100\n|switch|p2a: Grimmsnarl|Grimmsnarl, L50, M, shiny|100/100\n|switch|p2b: Giratina|Giratina, L50, shiny|100/100\n|-ability|p1a: Chi-Yu|Beads of Ruin\n|-weather|SunnyDay|[from] ability: Orichalcum Pulse|[of] p1b: Koraidon\n|-activate|p1b: Koraidon|Orichalcum Pulse|[source]\n|-ability|p2b: Giratina|Pressure\n|turn|1\n|inactive|basvos has 30 seconds left.\n|inactive|basvos has 20 seconds left.\n|\n|t:|1746022012\n|move|p2b: Giratina|Protect|p2b: Giratina\n|-singleturn|p2b: Giratina|Protect\n|move|p2a: Grimmsnarl|Reflect|p2a: Grimmsnarl\n|-sidestart|p2: TrinaTina|Reflect\n|move|p1a: Chi-Yu|Dark Pulse|p2b: Giratina\n|-activate|p2b: Giratina|move: Protect\n|move|p1b: Koraidon|Close Combat|p2a: Grimmsnarl\n|-damage|p2a: Grimmsnarl|25/100\n|-unboost|p1b: Koraidon|def|1\n|-unboost|p1b: Koraidon|spd|1\n|-damage|p1b: Koraidon|91/100|[from] item: Life Orb\n|\n|-weather|SunnyDay|[upkeep]\n|upkeep\n|turn|2\n|inactive|TrinaTina has 30 seconds left.\n|inactive|TrinaTina has 20 seconds left.\n|\n|t:|1746022049\n|switch|p2b: Incineroar|Incineroar, L50, M|100/100\n|-ability|p2b: Incineroar|Intimidate|boost\n|-unboost|p1a: Chi-Yu|atk|1\n|-unboost|p1b: Koraidon|atk|1\n|move|p2a: Grimmsnarl|Light Screen|p2a: Grimmsnarl\n|-sidestart|p2: TrinaTina|move: Light Screen\n|move|p1a: Chi-Yu|Dark Pulse|p2b: Incineroar\n|-resisted|p2b: Incineroar\n|-damage|p2b: Incineroar|84/100\n|move|p1b: Koraidon|Flame Charge|p2a: Grimmsnarl\n|-damage|p2a: Grimmsnarl|3/100\n|-boost|p1b: Koraidon|spe|1\n|-damage|p1b: Koraidon|81/100|[from] item: Life Orb\n|\n|-weather|SunnyDay|[upkeep]\n|upkeep\n|turn|3\n|\n|t:|1746022070\n|switch|p1a: Lunala|Lunala, L50, shiny|100/100\n|move|p1b: Koraidon|Protect|p1b: Koraidon\n|-singleturn|p1b: Koraidon|Protect\n|move|p2b: Incineroar|Fake Out|p1b: Koraidon\n|-activate|p1b: Koraidon|move: Protect\n|move|p2a: Grimmsnarl|Thunder Wave|p1b: Koraidon\n|-activate|p1b: Koraidon|move: Protect\n|\n|-weather|SunnyDay|[upkeep]\n|upkeep\n|turn|4\n|inactive|TrinaTina has 30 seconds left.\n|inactive|TrinaTina has 20 seconds left.\n|inactive|TrinaTina has 15 seconds left.\n|inactive|TrinaTina has 10 seconds left.\n|\n|t:|1746022120\n|move|p2a: Grimmsnarl|Thunder Wave|p1b: Koraidon\n|-status|p1b: Koraidon|par\n|move|p1b: Koraidon|Flame Charge|p2a: Grimmsnarl\n|-damage|p2a: Grimmsnarl|0 fnt\n|-boost|p1b: Koraidon|spe|1\n|faint|p2a: Grimmsnarl\n|-damage|p1b: Koraidon|72/100 par|[from] item: Life Orb\n|move|p1a: Lunala|Meteor Beam||[still]\n|-prepare|p1a: Lunala|Meteor Beam\n|-boost|p1a: Lunala|spa|1\n|-enditem|p1a: Lunala|Power Herb\n|-anim|p1a: Lunala|Meteor Beam|p2b: Incineroar\n|-supereffective|p2b: Incineroar\n|-damage|p2b: Incineroar|7/100\n|move|p2b: Incineroar|Parting Shot|p1a: Lunala\n|-unboost|p1a: Lunala|atk|1\n|-unboost|p1a: Lunala|spa|1\n|\n|t:|1746022133\n|switch|p2b: Giratina|Giratina, L50, shiny|100/100|[from] Parting Shot\n|-ability|p2b: Giratina|Pressure\n|\n|-weather|SunnyDay|[upkeep]\n|upkeep\n|\n|t:|1746022139\n|switch|p2a: Zamazenta|Zamazenta-Crowned, L50|100/100\n|-ability|p2a: Zamazenta|Dauntless Shield|boost\n|-boost|p2a: Zamazenta|def|1\n|turn|5\n|\n|t:|1746022160\n|move|p1b: Koraidon|Close Combat|p2a: Zamazenta\n|-supereffective|p2a: Zamazenta\n|-damage|p2a: Zamazenta|60/100\n|-unboost|p1b: Koraidon|def|1\n|-unboost|p1b: Koraidon|spd|1\n|-damage|p1b: Koraidon|62/100 par|[from] item: Life Orb\n|move|p2a: Zamazenta|Body Press|p1b: Koraidon\n|-damage|p1b: Koraidon|0 fnt\n|faint|p1b: Koraidon\n|move|p2b: Giratina|Calm Mind|p2b: Giratina\n|-boost|p2b: Giratina|spa|1\n|-boost|p2b: Giratina|spd|1\n|move|p1a: Lunala|Moongeist Beam|p2b: Giratina\n|-supereffective|p2b: Giratina\n|-damage|p2b: Giratina|68/100\n|\n|-weather|none\n|-heal|p2b: Giratina|74/100|[from] item: Leftovers\n|upkeep\n|\n|t:|1746022179\n|switch|p1b: Chi-Yu|Chi-Yu, L50|100/100\n|-ability|p1b: Chi-Yu|Beads of Ruin\n|turn|6\n|\n|t:|1746022191\n|-terastallize|p1b: Chi-Yu|Ghost\n|-terastallize|p2b: Giratina|Fairy\n|move|p1b: Chi-Yu|Overheat|p2a: Zamazenta\n|-supereffective|p2a: Zamazenta\n|-damage|p2a: Zamazenta|0 fnt\n|-unboost|p1b: Chi-Yu|spa|2\n|faint|p2a: Zamazenta\n|move|p2b: Giratina|Calm Mind|p2b: Giratina\n|-boost|p2b: Giratina|spa|1\n|-boost|p2b: Giratina|spd|1\n|move|p1a: Lunala|Moongeist Beam|p2b: Giratina\n|-damage|p2b: Giratina|59/100\n|\n|-heal|p2b: Giratina|65/100|[from] item: Leftovers\n|upkeep\n|\n|t:|1746022194\n|switch|p2a: Incineroar|Incineroar, L50, M|7/100\n|-ability|p2a: Incineroar|Intimidate|boost\n|-unboost|p1a: Lunala|atk|1\n|-unboost|p1b: Chi-Yu|atk|1\n|turn|7\n|inactive|TrinaTina has 30 seconds left.\n|\n|t:|1746022224\n|switch|p1b: Flutter Mane|Flutter Mane, L50|100/100\n|move|p2b: Giratina|Shadow Ball|p1b: Flutter Mane\n|-supereffective|p1b: Flutter Mane\n|-enditem|p1b: Flutter Mane|Focus Sash\n|-damage|p1b: Flutter Mane|1/100\n|move|p1a: Lunala|Moongeist Beam|p2b: Giratina\n|-damage|p2b: Giratina|55/100\n|move|p2a: Incineroar|Flare Blitz|p1a: Lunala\n|-damage|p1a: Lunala|82/100\n|-damage|p2a: Incineroar|0 fnt|[from] Recoil\n|faint|p2a: Incineroar\n|\n|-heal|p2b: Giratina|61/100|[from] item: Leftovers\n|upkeep\n|turn|8\n|\n|t:|1746022247\n|move|p1b: Flutter Mane|Icy Wind|p2b: Giratina\n|-crit|p2b: Giratina\n|-damage|p2b: Giratina|44/100\n|-unboost|p2b: Giratina|spe|1\n|move|p1a: Lunala|Moongeist Beam|p2b: Giratina\n|-damage|p2b: Giratina|32/100\n|move|p2b: Giratina|Shadow Ball|p1a: Lunala\n|-supereffective|p1a: Lunala\n|-damage|p1a: Lunala|0 fnt\n|faint|p1a: Lunala\n|\n|-heal|p2b: Giratina|38/100|[from] item: Leftovers\n|-sideend|p2: TrinaTina|Reflect\n|upkeep\n|\n|t:|1746022261\n|switch|p1a: Chi-Yu|Chi-Yu, L50, tera:Ghost|100/100\n|-ability|p1a: Chi-Yu|Beads of Ruin\n|turn|9\n|\n|t:|1746022286\n|move|p1a: Chi-Yu|Overheat|p2b: Giratina\n|-damage|p2b: Giratina|21/100\n|-unboost|p1a: Chi-Yu|spa|2\n|move|p1b: Flutter Mane|Moonblast|p2b: Giratina\n|-damage|p2b: Giratina|8/100\n|move|p2b: Giratina|Shadow Ball|p1a: Chi-Yu\n|-supereffective|p1a: Chi-Yu\n|-damage|p1a: Chi-Yu|0 fnt\n|faint|p1a: Chi-Yu\n|\n|-heal|p2b: Giratina|14/100|[from] item: Leftovers\n|-sideend|p2: TrinaTina|move: Light Screen\n|upkeep\n|turn|10\n|\n|t:|1746022299\n|move|p2b: Giratina|Protect|p2b: Giratina\n|-singleturn|p2b: Giratina|Protect\n|move|p1b: Flutter Mane|Moonblast|p2b: Giratina\n|-activate|p2b: Giratina|move: Protect\n|\n|-heal|p2b: Giratina|20/100|[from] item: Leftovers\n|upkeep\n|turn|11\n|\n|t:|1746022308\n|move|p1b: Flutter Mane|Moonblast|p2b: Giratina\n|-damage|p2b: Giratina|6/100\n|move|p2b: Giratina|Shadow Ball|p1b: Flutter Mane\n|-supereffective|p1b: Flutter Mane\n|-crit|p1b: Flutter Mane\n|-damage|p1b: Flutter Mane|0 fnt\n|faint|p1b: Flutter Mane\n|-end|p1b: Flutter Mane|Protosynthesis|[silent]\n|\n|win|TrinaTina\n", "uploadtime": 1746022311, "views": 7, "formatid": "gen9vgc2025regibo3", "rating": null, "private": 0, "password": null}