{"id": "gen9vgc2025regibo3-2354580558", "format": "[Gen 9] VGC 2025 Reg I (Bo3)", "players": ["Jean CHASUBLE 1", "Theverynotsusman"], "log": "|j|\u2606Jean CHASUBLE 1\n|j|\u2606Theverynotsusman\n|html|<table width=\"100%\"><tr><td align=\"left\">Jean CHASUBLE 1</td><td align=\"right\">Theverynotsusman</tr><tr><td align=\"left\"><i class=\"fa fa-circle-o\"></i> <i class=\"fa fa-circle-o\"></i> </td><td align=\"right\"><i class=\"fa fa-circle-o\"></i> <i class=\"fa fa-circle\"></i> </tr></table>\n|uhtml|bestof|<h2><strong>Game 2</strong> of <a href=\"/game-bestof3-gen9vgc2025regibo3-2354578935\">a best-of-3</a></h2>\n|t:|1746098075\n|gametype|doubles\n|player|p1|Jean CHASUBLE 1|cheren-gen5bw2|1193\n|player|p2|Theverynotsusman|169|1140\n|teamsize|p1|6\n|teamsize|p2|6\n|gen|9\n|tier|[Gen 9] VGC 2025 Reg I (Bo3)\n|rated|\n|rule|Species Clause: Limit one of each Pok\u00e9mon\n|rule|Item Clause: Limit 1 of each item\n|clearpoke\n|poke|p1|Kyogre, L50|\n|poke|p1|Zacian-*, L50|\n|poke|p1|Tornadus, L50, M|\n|poke|p1|Landorus, L50, M|\n|poke|p1|Amoonguss, L50, M|\n|poke|p1|Urshifu-*, L50, F|\n|poke|p2|Zacian-*, L50|\n|poke|p2|Calyrex-Shadow, L50|\n|poke|p2|Incineroar, L50, F|\n|poke|p2|Rillaboom, L50, F|\n|poke|p2|Urshifu-*, L50, M|\n|poke|p2|Ditto, L50|\n|teampreview|4\n|showteam|p1|Kyogre||AssaultVest|Drizzle|Thunder,WaterSpout,IceBeam,HydroPump||||||50|,,,,,Grass]Zacian-Crowned||RustedSword|IntrepidSword|Protect,PlayRough,behemothblade,SacredSword||||||50|,,,,,Fairy]Tornadus||CovertCloak|Prankster|Tailwind,Taunt,BleakwindStorm,RainDance|||M|||50|,,,,,Dark]Landorus||LifeOrb|SheerForce|EarthPower,SandsearStorm,SludgeBomb,Protect|||M|||50|,,,,,Poison]Amoonguss||RockyHelmet|Regenerator|Spore,PollenPuff,Protect,RagePowder|||M|||50|,,,,,Water]Urshifu-Rapid-Strike||ChoiceScarf|UnseenFist|SurgingStrikes,Uturn,AquaJet,CloseCombat|||F|||50|,,,,,Water\n|showteam|p2|Zacian-Crowned||RustedSword|IntrepidSword|behemothblade,PlayRough,SacredSword,Protect||||||50|,,,,,Dragon]Calyrex-Shadow||FocusSash|AsOneSpectrier|AstralBarrage,Psychic,NastyPlot,Protect||||||50|,,,,,Ghost]Incineroar||SafetyGoggles|Intimidate|KnockOff,FlareBlitz,FakeOut,PartingShot|||F|||50|,,,,,Ghost]Rillaboom||AssaultVest|GrassySurge|WoodHammer,GrassyGlide,FakeOut,Uturn|||F|||50|,,,,,Fire]Urshifu-Rapid-Strike||MysticWater|UnseenFist|AquaJet,SurgingStrikes,CloseCombat,Protect|||M|||50|,,,,,Grass]Ditto||ExpertBelt|Imposter|Transform||||||50|,,,,,Stellar\n|\n|t:|1746098119\n|start\n|switch|p1a: Tornadus|Tornadus, L50, M|100/100\n|switch|p1b: Urshifu|Urshifu-Rapid-Strike, L50, F|100/100\n|switch|p2a: Zacian|Zacian-Crowned, L50|100/100\n|switch|p2b: Ditto|Ditto, L50|100/100\n|-ability|p2a: Zacian|Intrepid Sword|boost\n|-boost|p2a: Zacian|atk|1\n|-transform|p2b: Ditto|p1a: Tornadus|[from] ability: Imposter\n|turn|1\n|\n|t:|1746098139\n|move|p1a: Tornadus|Taunt|p2b: Ditto\n|-start|p2b: Ditto|move: Taunt\n|cant|p2b: Ditto|move: Taunt|Tailwind\n|move|p1b: Urshifu|U-turn|p2a: Zacian\n|-resisted|p2a: Zacian\n|-damage|p2a: Zacian|95/100\n|\n|t:|1746098147\n|switch|p1b: Kyogre|Kyogre, L50|100/100|[from] U-turn\n|-weather|RainDance|[from] ability: Drizzle|[of] p1b: Kyogre\n|move|p2a: Zacian|Play Rough|p1b: Kyogre\n|-damage|p1b: Kyogre|24/100\n|\n|-weather|RainDance|[upkeep]\n|upkeep\n|turn|2\n|\n|t:|1746098178\n|switch|p2b: Rillaboom|Rillaboom, L50, F|100/100\n|-fieldstart|move: Grassy Terrain|[from] ability: Grassy Surge|[of] p2b: Rillaboom\n|move|p1a: Tornadus|Tailwind|p1a: Tornadus\n|-sidestart|p1: Jean CHASUBLE 1|move: Tailwind\n|move|p1b: Kyogre|Hydro Pump|p2a: Zacian\n|-damage|p2a: Zacian|1/100\n|move|p2a: Zacian|Behemoth Blade|p1b: Kyogre\n|-resisted|p1b: Kyogre\n|-damage|p1b: Kyogre|0 fnt\n|faint|p1b: Kyogre\n|\n|-weather|RainDance|[upkeep]\n|-heal|p2a: Zacian|7/100|[from] Grassy Terrain\n|upkeep\n|\n|t:|1746098194\n|switch|p1b: Zacian|Zacian-Crowned, L50|100/100\n|-ability|p1b: Zacian|Intrepid Sword|boost\n|-boost|p1b: Zacian|atk|1\n|turn|3\n|\n|t:|1746098223\n|switch|p2b: Ditto|Ditto, L50|100/100\n|-transform|p2b: Ditto|p1a: Tornadus|[from] ability: Imposter\n|move|p1b: Zacian|Protect|p1b: Zacian\n|-singleturn|p1b: Zacian|Protect\n|move|p2a: Zacian|Protect|p2a: Zacian\n|-singleturn|p2a: Zacian|Protect\n|move|p1a: Tornadus|Bleakwind Storm|p2b: Ditto|[spread] p2b\n|-activate|p2a: Zacian|move: Protect\n|-damage|p2b: Ditto|58/100\n|\n|-weather|RainDance|[upkeep]\n|-heal|p2a: Zacian|13/100|[from] Grassy Terrain\n|upkeep\n|turn|4\n|\n|t:|1746098244\n|switch|p2a: Rillaboom|Rillaboom, L50, F|100/100\n|move|p1a: Tornadus|Taunt|p2b: Ditto\n|-start|p2b: Ditto|move: Taunt\n|move|p1b: Zacian|Behemoth Blade|p2a: Rillaboom\n|-damage|p2a: Rillaboom|18/100\n|move|p2b: Ditto|Bleakwind Storm|p1a: Tornadus|[spread] p1a,p1b\n|-resisted|p1b: Zacian\n|-damage|p1a: Tornadus|65/100\n|-damage|p1b: Zacian|87/100\n|\n|-weather|RainDance|[upkeep]\n|-heal|p1b: Zacian|93/100|[from] Grassy Terrain\n|-heal|p2a: Rillaboom|24/100|[from] Grassy Terrain\n|upkeep\n|turn|5\n|\n|t:|1746098263\n|move|p1b: Zacian|Protect|p1b: Zacian\n|-singleturn|p1b: Zacian|Protect\n|move|p2a: Rillaboom|Fake Out|p1b: Zacian\n|-activate|p1b: Zacian|move: Protect\n|move|p1a: Tornadus|Bleakwind Storm|p2a: Rillaboom|[spread] p2a,p2b\n|-supereffective|p2a: Rillaboom\n|-damage|p2a: Rillaboom|0 fnt\n|-damage|p2b: Ditto|17/100\n|faint|p2a: Rillaboom\n|move|p2b: Ditto|Bleakwind Storm|p1b: Zacian|[spread] p1a\n|-activate|p1b: Zacian|move: Protect\n|-damage|p1a: Tornadus|33/100\n|\n|-weather|none\n|-heal|p1b: Zacian|99/100|[from] Grassy Terrain\n|-sideend|p1: Jean CHASUBLE 1|move: Tailwind\n|upkeep\n|\n|t:|1746098285\n|switch|p2a: Calyrex|Calyrex-Shadow, L50|100/100\n|-ability|p2a: Calyrex|As One\n|-ability|p2a: Calyrex|Unnerve\n|turn|6\n|\n|t:|1746098302\n|-terastallize|p2a: Calyrex|Ghost\n|move|p1a: Tornadus|Tailwind|p1a: Tornadus\n|-sidestart|p1: Jean CHASUBLE 1|move: Tailwind\n|move|p1b: Zacian|Behemoth Blade|p2b: Ditto\n|-damage|p2b: Ditto|0 fnt\n|faint|p2b: Ditto\n|move|p2a: Calyrex|Astral Barrage|p1b: Zacian|[spread] p1a,p1b\n|-damage|p1a: Tornadus|0 fnt\n|-damage|p1b: Zacian|32/100\n|faint|p1a: Tornadus\n|-ability|p2a: Calyrex|Grim Neigh|boost\n|-boost|p2a: Calyrex|spa|1\n|\n|-heal|p1b: Zacian|39/100|[from] Grassy Terrain\n|-fieldend|move: Grassy Terrain\n|upkeep\n|\n|t:|1746098316\n|switch|p1a: Urshifu|Urshifu-Rapid-Strike, L50, F|100/100\n|switch|p2b: Zacian|Zacian-Crowned, L50|13/100\n|turn|7\n|\n|t:|1746098338\n|-terastallize|p1a: Urshifu|Water\n|move|p2a: Calyrex|Protect|p2a: Calyrex\n|-singleturn|p2a: Calyrex|Protect\n|move|p1a: Urshifu|Surging Strikes|p2a: Calyrex\n|-crit|p2a: Calyrex\n|-damage|p2a: Calyrex|64/100\n|-crit|p2a: Calyrex\n|-damage|p2a: Calyrex|31/100\n|-crit|p2a: Calyrex\n|-damage|p2a: Calyrex|0 fnt\n|faint|p2a: Calyrex\n|-hitcount|p2: Calyrex|3\n|move|p1b: Zacian|Behemoth Blade|p2b: Zacian\n|-damage|p2b: Zacian|0 fnt\n|faint|p2b: Zacian\n|\n|win|Jean CHASUBLE 1\n|inactive|Jean CHASUBLE 1 has 30 seconds to confirm battle start!\n|inactive|Theverynotsusman has 30 seconds to confirm battle start!\n||Theverynotsusman is ready for game 3.\n||Jean CHASUBLE 1 is ready for game 3.\n|uhtml|next|Next: <a href=\"/battle-gen9vgc2025regibo3-2354582221\"><strong>Game 3 of 3</strong></a>\n|l|\u2606Theverynotsusman\n|player|p2|\n", "uploadtime": 1746098360, "views": 10, "formatid": "gen9vgc2025regibo3", "rating": null, "private": 0, "password": null}