{"id": "gen9vgc2025regibo3-2354993916", "format": "[Gen 9] VGC 2025 Reg I (Bo3)", "players": ["Lacossg", "sudoz"], "log": "|j|\u2606Lacossg\n|j|\u2606sudoz\n|html|<table width=\"100%\"><tr><td align=\"left\">Lacossg</td><td align=\"right\">sudoz</tr><tr><td align=\"left\"><i class=\"fa fa-circle\"></i> <i class=\"fa fa-circle-o\"></i> </td><td align=\"right\"><i class=\"fa fa-circle-o\"></i> <i class=\"fa fa-circle\"></i> </tr></table>\n|uhtml|bestof|<h2><strong>Game 3</strong> of <a href=\"/game-bestof3-gen9vgc2025regibo3-2354991159\">a best-of-3</a></h2>\n|t:|1746139750\n|gametype|doubles\n|player|p1|Lacossg|265|1377\n|player|p2|sudoz|iris-gen5bw2|1290\n|teamsize|p1|6\n|teamsize|p2|6\n|gen|9\n|tier|[Gen 9] VGC 2025 Reg I (Bo3)\n|rated|\n|rule|Species Clause: Limit one of each Pok\u00e9mon\n|rule|Item Clause: Limit 1 of each item\n|clearpoke\n|poke|p1|Calyrex-Shadow, L50|\n|poke|p1|Tyranitar, L50, F|\n|poke|p1|Excadrill, L50, F|\n|poke|p1|Indeedee-F, L50, F|\n|poke|p1|Raging Bolt, L50|\n|poke|p1|Ho-Oh, L50|\n|poke|p2|Ho-Oh, L50|\n|poke|p2|Miraidon, L50|\n|poke|p2|Iron Hands, L50|\n|poke|p2|Farigiraf, L50, F|\n|poke|p2|Urshifu-*, L50, M|\n|poke|p2|Iron Treads, L50|\n|teampreview|4\n|showteam|p1|Calyrex-Shadow||LifeOrb|AsOneSpectrier|AstralBarrage,ExpandingForce,Encore,Protect||||||50|,,,,,Normal]Tyranitar||FocusSash|SandStream|KnockOff,RockSlide,Taunt,Protect|||F|||50|,,,,,Grass]Excadrill||ClearAmulet|SandRush|HighHorsepower,Earthquake,IronHead,Protect|||F|||50|,,,,,Ground]Indeedee-F||RockyHelmet|PsychicSurge|Imprison,Psychic,TrickRoom,FollowMe|||F|||50|,,,,,Water]Raging Bolt||AssaultVest|Protosynthesis|Thunderclap,Electroweb,DracoMeteor,Snarl||||||50|,,,,,Fairy]Ho-Oh||SafetyGoggles|Regenerator|BraveBird,SacredFire,Tailwind,Protect||||||50|,,,,,Water\n|showteam|p2|Ho-Oh||ClearAmulet|Regenerator|Protect,BraveBird,SacredFire,Tailwind||||||50|,,,,,Grass]Miraidon||ChoiceSpecs|HadronEngine|ElectroDrift,DracoMeteor,VoltSwitch,DazzlingGleam||||||50|,,,,,Fairy]Iron Hands||AssaultVest|QuarkDrive|FakeOut,DrainPunch,WildCharge,LowKick||||||50|,,,,,Bug]Farigiraf||ElectricSeed|ArmorTail|TrickRoom,Psychic,FoulPlay,HelpingHand|||F|||50|,,,,,Water]Urshifu||FocusSash|UnseenFist|Protect,WickedBlow,CloseCombat,SuckerPunch|||M|||50|,,,,,Dark]Iron Treads||ChoiceBand|QuarkDrive|IronHead,HighHorsepower,Earthquake,RockSlide||||||50|,,,,,Ghost\n|inactive|Battle timer is ON: inactive players will automatically lose when time's up. (requested by sudoz)\n|\n|t:|1746139767\n|start\n|switch|p1a: Tyranitar|Tyranitar, L50, F|100/100\n|switch|p1b: Excadrill|Excadrill, L50, F|100/100\n|switch|p2a: Miraidon|Miraidon, L50|100/100\n|switch|p2b: Farigiraf|Farigiraf, L50, F|100/100\n|-fieldstart|move: Electric Terrain|[from] ability: Hadron Engine|[of] p2a: Miraidon\n|-enditem|p2b: Farigiraf|Electric Seed\n|-boost|p2b: Farigiraf|def|1|[from] item: Electric Seed\n|-weather|Sandstorm|[from] ability: Sand Stream|[of] p1a: Tyranitar\n|turn|1\n|\n|t:|1746139787\n|-terastallize|p1a: Tyranitar|Grass\n|move|p1b: Excadrill|Iron Head|p2b: Farigiraf\n|-crit|p2b: Farigiraf\n|-damage|p2b: Farigiraf|47/100\n|move|p2a: Miraidon|Volt Switch|p1a: Tyranitar\n|-resisted|p1a: Tyranitar\n|-damage|p1a: Tyranitar|48/100\n|\n|t:|1746139795\n|switch|p2a: Iron Hands|Iron Hands, L50|100/100|[from] Volt Switch\n|-activate|p2a: Iron Hands|ability: Quark Drive\n|-start|p2a: Iron Hands|quarkdriveatk\n|move|p1a: Tyranitar|Rock Slide|p2a: Iron Hands|[spread] p2a,p2b\n|-resisted|p2a: Iron Hands\n|-damage|p2a: Iron Hands|91/100\n|-damage|p2b: Farigiraf|30/100\n|move|p2b: Farigiraf|Trick Room|p2b: Farigiraf\n|-fieldstart|move: Trick Room|[of] p2b: Farigiraf\n|\n|-weather|Sandstorm|[upkeep]\n|-damage|p2a: Iron Hands|85/100|[from] Sandstorm\n|-damage|p2b: Farigiraf|24/100|[from] Sandstorm\n|-damage|p1a: Tyranitar|42/100|[from] Sandstorm\n|upkeep\n|turn|2\n|\n|t:|1746139817\n|move|p2a: Iron Hands|Low Kick|p1a: Tyranitar\n|-damage|p1a: Tyranitar|0 fnt\n|faint|p1a: Tyranitar\n|move|p2b: Farigiraf|Foul Play|p1b: Excadrill\n|-damage|p1b: Excadrill|59/100\n|move|p1b: Excadrill|Earthquake|p2b: Farigiraf|[spread] p2a,p2b\n|-supereffective|p2a: Iron Hands\n|-damage|p2a: Iron Hands|28/100\n|-damage|p2b: Farigiraf|3/100\n|\n|-weather|Sandstorm|[upkeep]\n|-damage|p2a: Iron Hands|22/100|[from] Sandstorm\n|-damage|p2b: Farigiraf|0 fnt|[from] Sandstorm\n|faint|p2b: Farigiraf\n|upkeep\n|\n|t:|1746139831\n|switch|p2b: Miraidon|Miraidon, L50|100/100\n|switch|p1a: Calyrex|Calyrex-Shadow, L50|100/100\n|-ability|p1a: Calyrex|As One\n|-ability|p1a: Calyrex|Unnerve\n|-activate|p2b: Miraidon|ability: Hadron Engine\n|turn|3\n|\n|t:|1746139843\n|switch|p1b: Ho-Oh|Ho-Oh, L50|100/100\n|move|p1a: Calyrex|Protect|p1a: Calyrex\n|-singleturn|p1a: Calyrex|Protect\n|move|p2a: Iron Hands|Drain Punch|p1b: Ho-Oh\n|-resisted|p1b: Ho-Oh\n|-damage|p1b: Ho-Oh|73/100\n|-heal|p2a: Iron Hands|33/100|[from] drain|[of] p1b: Ho-Oh\n|move|p2b: Miraidon|Electro Drift|p1a: Calyrex\n|-activate|p1a: Calyrex|move: Protect\n|\n|-weather|Sandstorm|[upkeep]\n|-damage|p2a: Iron Hands|27/100|[from] Sandstorm\n|-damage|p2b: Miraidon|94/100|[from] Sandstorm\n|-damage|p1a: Calyrex|95/100|[from] Sandstorm\n|upkeep\n|turn|4\n|inactive|Lacossg has 30 seconds left.\n|inactive|Lacossg has 20 seconds left.\n|inactive|Lacossg has 15 seconds left.\n|\n|t:|1746139887\n|switch|p1a: Excadrill|Excadrill, L50, F|59/100\n|move|p2a: Iron Hands|Drain Punch|p1a: Excadrill\n|-supereffective|p1a: Excadrill\n|-damage|p1a: Excadrill|0 fnt\n|-heal|p2a: Iron Hands|52/100|[from] drain|[of] p1a: Excadrill\n|faint|p1a: Excadrill\n|move|p1b: Ho-Oh|Sacred Fire|p2b: Miraidon\n|-resisted|p2b: Miraidon\n|-damage|p2b: Miraidon|67/100\n|-status|p2b: Miraidon|brn\n|move|p2b: Miraidon|Electro Drift|p1b: Ho-Oh\n|-supereffective|p1b: Ho-Oh\n|-damage|p1b: Ho-Oh|0 fnt\n|faint|p1b: Ho-Oh\n|\n|-weather|Sandstorm|[upkeep]\n|-damage|p2a: Iron Hands|45/100|[from] Sandstorm\n|-damage|p2b: Miraidon|61/100 brn|[from] Sandstorm\n|-damage|p2b: Miraidon|55/100 brn|[from] brn\n|upkeep\n|\n|t:|1746139901\n|switch|p1b: Calyrex|Calyrex-Shadow, L50|95/100\n|-ability|p1b: Calyrex|As One\n|-ability|p1b: Calyrex|Unnerve\n|turn|5\n|\n|t:|1746139914\n|-end|p2a: Iron Hands|Quark Drive|[silent]\n|switch|p2a: Urshifu|Urshifu, L50, M|100/100\n|move|p1b: Calyrex|Protect|p1b: Calyrex\n|-singleturn|p1b: Calyrex|Protect\n|move|p2b: Miraidon|Electro Drift|p1b: Calyrex\n|-activate|p1b: Calyrex|move: Protect\n|\n|-weather|none\n|-damage|p2b: Miraidon|49/100 brn|[from] brn\n|-fieldend|move: Trick Room\n|-fieldend|move: Electric Terrain\n|upkeep\n|turn|6\n|\n|t:|1746139920\n|-terastallize|p2a: Urshifu|Dark\n|move|p2a: Urshifu|Sucker Punch|p1b: Calyrex\n|-supereffective|p1b: Calyrex\n|-damage|p1b: Calyrex|0 fnt\n|faint|p1b: Calyrex\n|\n|win|sudoz\n|raw|Lacossg's rating: 1377 &rarr; <strong>1352</strong><br />(-25 for losing)\n|raw|sudoz's rating: 1290 &rarr; <strong>1321</strong><br />(+31 for winning)\n", "uploadtime": 1746139924, "views": 4, "formatid": "gen9vgc2025regibo3", "rating": 1321, "private": 0, "password": null}