{"id": "gen9vgc2025regibo3-2353782720", "format": "[Gen 9] VGC 2025 Reg I (Bo3)", "players": ["corndog7", "roykeenkennedy"], "log": "|j|\u2606corndog7\n|j|\u2606roykeenkennedy\n|html|<table width=\"100%\"><tr><td align=\"left\">corndog7</td><td align=\"right\">roykeenkennedy</tr><tr><td align=\"left\"><i class=\"fa fa-circle\"></i> <i class=\"fa fa-circle-o\"></i> </td><td align=\"right\"><i class=\"fa fa-circle-o\"></i> <i class=\"fa fa-circle-o\"></i> </tr></table>\n|uhtml|bestof|<h2><strong>Game 2</strong> of <a href=\"/game-bestof3-gen9vgc2025regibo3-2353781148\">a best-of-3</a></h2>\n|t:|1745999128\n|gametype|doubles\n|player|p1|corndog7|linebacker|1210\n|player|p2|roykeenkennedy|alder|1497\n|teamsize|p1|6\n|teamsize|p2|6\n|gen|9\n|tier|[Gen 9] VGC 2025 Reg I (Bo3)\n|rated|\n|rule|Species Clause: Limit one of each Pok\u00e9mon\n|rule|Item Clause: Limit 1 of each item\n|clearpoke\n|poke|p1|Miraidon, L50|\n|poke|p1|Farigiraf, L50, F|\n|poke|p1|Iron Hands, L50|\n|poke|p1|Iron Bundle, L50|\n|poke|p1|Ho-Oh, L50|\n|poke|p1|Ogerpon-Hearthflame, L50, F|\n|poke|p2|Miraidon, L50|\n|poke|p2|Calyrex-Ice, L50|\n|poke|p2|Grimmsnarl, L50, M|\n|poke|p2|Magmar, L50, M|\n|poke|p2|Annihilape, L50, M|\n|poke|p2|Indeedee-F, L50, F|\n|teampreview|4\n|showteam|p1|Miraidon||ChoiceSpecs|HadronEngine|ElectroDrift,DracoMeteor,DazzlingGleam,VoltSwitch||||||50|,,,,,Fairy]Farigiraf||ThroatSpray|ArmorTail|HyperVoice,PsychicNoise,TrickRoom,Protect|||F|||50|,,,,,Fairy]Iron Hands||AssaultVest|QuarkDrive|FakeOut,DrainPunch,LowKick,HeavySlam||||||50|,,,,,Water]Iron Bundle||FocusSash|QuarkDrive|IcyWind,FreezeDry,Encore,Protect||||||50|,,,,,Ghost]Ho-Oh||ClearAmulet|Regenerator|SacredFire,BraveBird,Tailwind,Protect||||||50|,,,,,Grass]Ogerpon-Hearthflame||HearthflameMask|MoldBreaker|IvyCudgel,HornLeech,FollowMe,SpikyShield|||F|||50|,,,,,Fire\n|showteam|p2|Miraidon||AssaultVest|HadronEngine|VoltSwitch,Snarl,ElectroDrift,DracoMeteor||||||50|,,,,,Electric]Calyrex-Ice||ClearAmulet|AsOneGlastrier|GlacialLance,TrickRoom,Protect,HighHorsepower||||||50|,,,,,Water]Grimmsnarl||LightClay|Prankster|Reflect,LightScreen,SpiritBreak,FoulPlay|||M|||50|,,,,,Ghost]Magmar||Eviolite|FlameBody|WillOWisp,ClearSmog,FollowMe,Overheat|||M|||50|,,,,,Grass]Annihilape||ChoiceScarf|Defiant|Coaching,RageFist,FinalGambit,BrickBreak|||M|||50|,,,,,Water]Indeedee-F||FocusSash|Synchronize|FakeOut,FollowMe,HelpingHand,TrickRoom|||F|||50|,,,,,Fairy\n|inactive|Battle timer is ON: inactive players will automatically lose when time's up. (requested by corndog7)\n|\n|t:|1745999141\n|start\n|switch|p1a: Miraidon|Miraidon, L50|100/100\n|switch|p1b: Iron Bundle|Iron Bundle, L50|100/100\n|switch|p2a: Miraidon|Miraidon, L50|100/100\n|switch|p2b: Grimmsnarl|Grimmsnarl, L50, M|100/100\n|-fieldstart|move: Electric Terrain|[from] ability: Hadron Engine|[of] p1a: Miraidon\n|-activate|p1b: Iron Bundle|ability: Quark Drive\n|-start|p1b: Iron Bundle|quarkdrivespe\n|-activate|p2a: Miraidon|ability: Hadron Engine\n|turn|1\n|\n|t:|1745999159\n|-terastallize|p2a: Miraidon|Electric\n|move|p2b: Grimmsnarl|Light Screen|p2b: Grimmsnarl\n|-sidestart|p2: roykeenkennedy|move: Light Screen\n|move|p1b: Iron Bundle|Icy Wind|p2a: Miraidon|[spread] p2a,p2b\n|-damage|p2a: Miraidon|94/100\n|-damage|p2b: Grimmsnarl|86/100\n|-unboost|p2a: Miraidon|spe|1\n|-unboost|p2b: Grimmsnarl|spe|1\n|move|p1a: Miraidon|Volt Switch|p2b: Grimmsnarl\n|-damage|p2b: Grimmsnarl|17/100\n|\n|t:|1745999169\n|switch|p1a: Iron Hands|Iron Hands, L50|100/100|[from] Volt Switch\n|-activate|p1a: Iron Hands|ability: Quark Drive\n|-start|p1a: Iron Hands|quarkdriveatk\n|move|p2a: Miraidon|Snarl|p1a: Iron Hands|[spread] p1a,p1b\n|-resisted|p1a: Iron Hands\n|-crit|p1a: Iron Hands\n|-damage|p1a: Iron Hands|93/100\n|-damage|p1b: Iron Bundle|59/100\n|-unboost|p1a: Iron Hands|spa|1\n|-unboost|p1b: Iron Bundle|spa|1\n|\n|upkeep\n|turn|2\n|\n|t:|1745999185\n|move|p1a: Iron Hands|Fake Out|p2b: Grimmsnarl\n|-damage|p2b: Grimmsnarl|0 fnt\n|faint|p2b: Grimmsnarl\n|move|p1b: Iron Bundle|Encore|p2a: Miraidon\n|-start|p2a: Miraidon|Encore\n|move|p2a: Miraidon|Snarl|p1b: Iron Bundle|[spread] p1a,p1b\n|-resisted|p1a: Iron Hands\n|-damage|p1a: Iron Hands|87/100\n|-damage|p1b: Iron Bundle|18/100\n|-unboost|p1a: Iron Hands|spa|1\n|-unboost|p1b: Iron Bundle|spa|1\n|\n|upkeep\n|\n|t:|1745999196\n|switch|p2b: Magmar|Magmar, L50, M|100/100\n|turn|3\n|\n|t:|1745999212\n|switch|p2a: Calyrex|Calyrex-Ice, L50|100/100\n|-ability|p2a: Calyrex|As One\n|-ability|p2a: Calyrex|Unnerve\n|-end|p1a: Iron Hands|Quark Drive|[silent]\n|switch|p1a: Ho-Oh|Ho-Oh, L50|100/100\n|move|p1b: Iron Bundle|Freeze-Dry|p2a: Calyrex\n|-resisted|p2a: Calyrex\n|-damage|p2a: Calyrex|96/100\n|move|p2b: Magmar|Will-O-Wisp|p1a: Ho-Oh\n|-immune|p1a: Ho-Oh\n|\n|upkeep\n|turn|4\n|inactive|corndog7 has 30 seconds left.\n|inactive|roykeenkennedy has 30 seconds left.\n|\n|t:|1745999246\n|move|p1b: Iron Bundle|Protect|p1b: Iron Bundle\n|-singleturn|p1b: Iron Bundle|Protect\n|move|p2b: Magmar|Follow Me|p2b: Magmar\n|-singleturn|p2b: Magmar|move: Follow Me\n|move|p1a: Ho-Oh|Brave Bird|p2b: Magmar\n|-damage|p2b: Magmar|48/100\n|-damage|p1a: Ho-Oh|85/100|[from] Recoil\n|move|p2a: Calyrex|Glacial Lance|p1b: Iron Bundle|[spread] p1a\n|-activate|p1b: Iron Bundle|move: Protect\n|-damage|p1a: Ho-Oh|30/100\n|\n|upkeep\n|turn|5\n|inactive|roykeenkennedy has 30 seconds left.\n|inactive|roykeenkennedy has 20 seconds left.\n|\n|t:|1745999284\n|switch|p1a: Iron Hands|Iron Hands, L50|87/100\n|-activate|p1a: Iron Hands|ability: Quark Drive\n|-start|p1a: Iron Hands|quarkdriveatk\n|switch|p2b: Miraidon|Miraidon, L50, tera:Electric|94/100\n|-activate|p2b: Miraidon|ability: Hadron Engine\n|move|p1b: Iron Bundle|Icy Wind|p2b: Miraidon|[spread] p2a,p2b\n|-resisted|p2a: Calyrex\n|-damage|p2a: Calyrex|94/100\n|-damage|p2b: Miraidon|89/100\n|-unboost|p2b: Miraidon|spe|1\n|move|p2a: Calyrex|Glacial Lance|p1a: Iron Hands|[spread] p1a,p1b\n|-resisted|p1b: Iron Bundle\n|-damage|p1a: Iron Hands|48/100\n|-damage|p1b: Iron Bundle|0 fnt\n|faint|p1b: Iron Bundle\n|-end|p1b: Iron Bundle|Quark Drive|[silent]\n|-ability|p2a: Calyrex|Chilling Neigh|boost\n|-boost|p2a: Calyrex|atk|1\n|\n|-fieldend|move: Electric Terrain\n|-end|p1a: Iron Hands|Quark Drive\n|upkeep\n|\n|t:|1745999302\n|switch|p1b: Ho-Oh|Ho-Oh, L50|63/100\n|turn|6\n|inactive|corndog7 has 30 seconds left.\n|\n|t:|1745999328\n|switch|p2b: Magmar|Magmar, L50, M|48/100\n|move|p2a: Calyrex|Protect|p2a: Calyrex\n|-singleturn|p2a: Calyrex|Protect\n|move|p1a: Iron Hands|Fake Out|p2b: Magmar\n|-damage|p2b: Magmar|37/100\n|move|p1b: Ho-Oh|Sacred Fire|p2a: Calyrex\n|-activate|p2a: Calyrex|move: Protect\n|\n|upkeep\n|turn|7\n|\n|t:|1745999344\n|-terastallize|p1a: Iron Hands|Water\n|move|p2b: Magmar|Follow Me|p2b: Magmar\n|-singleturn|p2b: Magmar|move: Follow Me\n|move|p1b: Ho-Oh|Brave Bird|p2b: Magmar\n|-damage|p2b: Magmar|0 fnt\n|faint|p2b: Magmar\n|-damage|p1b: Ho-Oh|53/100|[from] Recoil\n|move|p1a: Iron Hands|Low Kick|p2a: Calyrex\n|-crit|p2a: Calyrex\n|-damage|p2a: Calyrex|35/100\n|move|p2a: Calyrex|Glacial Lance|p1a: Iron Hands|[spread] p1a,p1b\n|-resisted|p1a: Iron Hands\n|-damage|p1a: Iron Hands|19/100\n|-damage|p1b: Ho-Oh|0 fnt\n|faint|p1b: Ho-Oh\n|-ability|p2a: Calyrex|Chilling Neigh|boost\n|-boost|p2a: Calyrex|atk|1\n|\n|upkeep\n|\n|t:|1745999363\n|switch|p1b: Miraidon|Miraidon, L50|100/100\n|switch|p2b: Miraidon|Miraidon, L50, tera:Electric|89/100\n|-fieldstart|move: Electric Terrain|[from] ability: Hadron Engine|[of] p1b: Miraidon\n|-activate|p1a: Iron Hands|ability: Quark Drive\n|-start|p1a: Iron Hands|quarkdriveatk\n|-activate|p2b: Miraidon|ability: Hadron Engine\n|turn|8\n|\n|t:|1745999378\n|move|p1b: Miraidon|Draco Meteor|p2b: Miraidon\n|-damage|p2b: Miraidon|37/100\n|-unboost|p1b: Miraidon|spa|2\n|move|p2b: Miraidon|Electro Drift|p1a: Iron Hands\n|-supereffective|p1a: Iron Hands\n|-damage|p1a: Iron Hands|0 fnt\n|faint|p1a: Iron Hands\n|-end|p1a: Iron Hands|Quark Drive|[silent]\n|move|p2a: Calyrex|Glacial Lance|p1b: Miraidon\n|-supereffective|p1b: Miraidon\n|-crit|p1b: Miraidon\n|-damage|p1b: Miraidon|0 fnt\n|faint|p1b: Miraidon\n|\n|win|roykeenkennedy\n", "uploadtime": 1745999378, "views": 7, "formatid": "gen9vgc2025regibo3", "rating": null, "private": 0, "password": null}