{"id": "gen9vgc2025regibo3-2354503827", "format": "[Gen 9] VGC 2025 Reg I (Bo3)", "players": ["atrixmj", "Ashleemaster"], "log": "|j|\u2606atrixmj\n|j|\u2606Ashleemaster\n|html|<table width=\"100%\"><tr><td align=\"left\">atrixmj</td><td align=\"right\">Ashleemaster</tr><tr><td align=\"left\"><i class=\"fa fa-circle\"></i> <i class=\"fa fa-circle-o\"></i> </td><td align=\"right\"><i class=\"fa fa-circle-o\"></i> <i class=\"fa fa-circle-o\"></i> </tr></table>\n|uhtml|bestof|<h2><strong>Game 2</strong> of <a href=\"/game-bestof3-gen9vgc2025regibo3-2354502496\">a best-of-3</a></h2>\n|t:|1746083282\n|gametype|doubles\n|player|p1|atrixmj|265|1307\n|player|p2|Ashleemaster|oleana|1331\n|teamsize|p1|6\n|teamsize|p2|6\n|gen|9\n|tier|[Gen 9] VGC 2025 Reg I (Bo3)\n|rated|\n|rule|Species Clause: Limit one of each Pok\u00e9mon\n|rule|Item Clause: Limit 1 of each item\n|clearpoke\n|poke|p1|Lunala, L50|\n|poke|p1|Koraidon, L50|\n|poke|p1|Incineroar, L50, M|\n|poke|p1|Ursaluna, L50, M|\n|poke|p1|Flutter Mane, L50|\n|poke|p1|Brute Bonnet, L50|\n|poke|p2|Zacian-*, L50|\n|poke|p2|Lunala, L50|\n|poke|p2|Tornadus, L50, M|\n|poke|p2|Ogerpon-Cornerstone, L50, F|\n|poke|p2|Urshifu-*, L50, M|\n|poke|p2|Chi-Yu, L50|\n|teampreview|4\n|showteam|p1|Lunala||SafetyGoggles|ShadowShield|MoongeistBeam,Psychic,WideGuard,TrickRoom||||||50|,,,,,Water]Koraidon||LifeOrb|OrichalcumPulse|CloseCombat,FlareBlitz,FlameCharge,Protect||||||50|,,,,,Fire]Incineroar||AssaultVest|Intimidate|FlareBlitz,FakeOut,Uturn,KnockOff|||M|||50|,,,,,Bug]Ursaluna||FlameOrb|Guts|Facade,HeadlongRush,Earthquake,Protect|||M|||50|,,,,,Ghost]Flutter Mane||FocusSash|Protosynthesis|Moonblast,IcyWind,Taunt,Protect||||||50|,,,,,Fairy]Brute Bonnet||CovertCloak|Protosynthesis|SeedBomb,SuckerPunch,Spore,RagePowder||||||50|,,,,,Water\n|showteam|p2|Zacian-Crowned||RustedSword|IntrepidSword|behemothblade,PlayRough,SacredSword,Protect||||||50|,,,,,Fairy]Lunala||SafetyGoggles|ShadowShield|WideGuard,Moonblast,MoongeistBeam,TrickRoom||||||50|,,,,,Fairy]Tornadus||CovertCloak|Prankster|BleakwindStorm,Taunt,Tailwind,RainDance|||M|||50|,,,,,Dark]Ogerpon-Cornerstone||CornerstoneMask|Sturdy|PowerWhip,IvyCudgel,SpikyShield,FollowMe|||F|||50|,,,,,Rock]Urshifu-Rapid-Strike||MysticWater|UnseenFist|SurgingStrikes,CloseCombat,AquaJet,Detect|||M|||50|,,,,,Water]Chi-Yu||ChoiceScarf|BeadsofRuin|HeatWave,DarkPulse,Overheat,Snarl||||||50|,,,,,Ghost\n|inactive|Battle timer is ON: inactive players will automatically lose when time's up. (requested by Ashleemaster)\n|inactive|Ashleemaster has 60 seconds left.\n|\n|t:|1746083329\n|start\n|switch|p1a: M. LOVE|Lunala, L50, shiny|100/100\n|switch|p1b: Brute Bonnet|Brute Bonnet, L50|100/100\n|switch|p2a: Zacian|Zacian-Crowned, L50|100/100\n|switch|p2b: Tornadus|Tornadus, L50, M|100/100\n|-ability|p2a: Zacian|Intrepid Sword|boost\n|-boost|p2a: Zacian|atk|1\n|turn|1\n|\n|t:|1746083344\n|-terastallize|p2a: Zacian|Fairy\n|-terastallize|p1b: Brute Bonnet|Water\n|move|p1b: Brute Bonnet|Rage Powder|p1b: Brute Bonnet\n|-singleturn|p1b: Brute Bonnet|move: Rage Powder\n|move|p2a: Zacian|Play Rough|p1b: Brute Bonnet\n|-damage|p1b: Brute Bonnet|29/100\n|move|p2b: Tornadus|Bleakwind Storm|p1b: Brute Bonnet|[spread] p1a,p1b\n|-crit|p1a: M. LOVE\n|-damage|p1a: M. LOVE|82/100\n|-damage|p1b: Brute Bonnet|1/100\n|move|p1a: M. LOVE|Trick Room|p1a: M. LOVE\n|-fieldstart|move: Trick Room|[of] p1a: M. LOVE\n|\n|upkeep\n|turn|2\n|\n|t:|1746083360\n|move|p1b: Brute Bonnet|Spore|p2b: Tornadus\n|-status|p2b: Tornadus|slp|[from] move: Spore\n|move|p1a: M. LOVE|Moongeist Beam|p2a: Zacian\n|-damage|p2a: Zacian|49/100\n|cant|p2b: Tornadus|slp\n|move|p2a: Zacian|Behemoth Blade|p1a: M. LOVE\n|-damage|p1a: M. LOVE|4/100\n|\n|upkeep\n|turn|3\n|\n|t:|1746083369\n|-end|p1b: Brute Bonnet|Protosynthesis|[silent]\n|switch|p1b: PINK SLIME|Ursaluna, L50, M, shiny|100/100\n|move|p2a: Zacian|Protect|p2a: Zacian\n|-singleturn|p2a: Zacian|Protect\n|move|p1a: M. LOVE|Moongeist Beam|p2a: Zacian\n|-activate|p2a: Zacian|move: Protect\n|cant|p2b: Tornadus|slp\n|\n|-status|p1b: PINK SLIME|brn|[from] item: Flame Orb\n|upkeep\n|turn|4\n|\n|t:|1746083379\n|move|p1b: PINK SLIME|Facade|p2b: Tornadus\n|-damage|p2b: Tornadus|0 fnt\n|faint|p2b: Tornadus\n|move|p1a: M. LOVE|Moongeist Beam|p2a: Zacian\n|-damage|p2a: Zacian|0 fnt\n|faint|p2a: Zacian\n|\n|-damage|p1b: PINK SLIME|95/100 brn|[from] brn\n|upkeep\n|\n|t:|1746083386\n|switch|p2b: Ogerpon|Ogerpon-Cornerstone, L50, F|100/100\n|switch|p2a: Lunala|Lunala, L50|100/100\n|turn|5\n|\n|t:|1746083404\n|move|p2b: Ogerpon|Spiky Shield|p2b: Ogerpon\n|-singleturn|p2b: Ogerpon|move: Protect\n|move|p1b: PINK SLIME|Headlong Rush|p2a: Lunala\n|-damage|p2a: Lunala|62/100\n|-unboost|p1b: PINK SLIME|def|1\n|-unboost|p1b: PINK SLIME|spd|1\n|move|p2a: Lunala|Moongeist Beam|p1a: M. LOVE\n|-supereffective|p1a: M. LOVE\n|-damage|p1a: M. LOVE|0 fnt\n|faint|p1a: M. LOVE\n|\n|-damage|p1b: PINK SLIME|89/100 brn|[from] brn\n|-fieldend|move: Trick Room\n|upkeep\n|\n|t:|1746083423\n|switch|p1a: ULTRA TRAILER|Koraidon, L50|100/100\n|-weather|SunnyDay|[from] ability: Orichalcum Pulse|[of] p1a: ULTRA TRAILER\n|-activate|p1a: ULTRA TRAILER|Orichalcum Pulse|[source]\n|turn|6\n|\n|t:|1746083439\n|move|p1a: ULTRA TRAILER|Flare Blitz|p2a: Lunala\n|-damage|p2a: Lunala|0 fnt\n|faint|p2a: Lunala\n|-damage|p1a: ULTRA TRAILER|74/100|[from] Recoil\n|-damage|p1a: ULTRA TRAILER|65/100|[from] item: Life Orb\n|move|p2b: Ogerpon|Power Whip|p1b: PINK SLIME\n|-supereffective|p1b: PINK SLIME\n|-damage|p1b: PINK SLIME|0 fnt\n|faint|p1b: PINK SLIME\n|\n|-weather|SunnyDay|[upkeep]\n|upkeep\n|\n|t:|1746083441\n|switch|p1b: Brute Bonnet|Brute Bonnet, L50, tera:Water|1/100\n|-activate|p1b: Brute Bonnet|ability: Protosynthesis\n|-start|p1b: Brute Bonnet|protosynthesisdef\n|turn|7\n|\n|t:|1746083447\n|move|p2b: Ogerpon|Spiky Shield|p2b: Ogerpon\n|-singleturn|p2b: Ogerpon|move: Protect\n|move|p1b: Brute Bonnet|Sucker Punch||[still]\n|-fail|p1b: Brute Bonnet\n|move|p1a: ULTRA TRAILER|Close Combat|p2b: Ogerpon\n|-activate|p2b: Ogerpon|move: Protect\n|-damage|p1a: ULTRA TRAILER|52/100|[from] Spiky Shield|[of] p2b: Ogerpon\n|\n|-weather|SunnyDay|[upkeep]\n|upkeep\n|turn|8\n|\n|t:|1746083461\n|move|p1b: Brute Bonnet|Sucker Punch|p2b: Ogerpon\n|-damage|p2b: Ogerpon|58/100\n|move|p1a: ULTRA TRAILER|Close Combat|p2b: Ogerpon\n|-supereffective|p2b: Ogerpon\n|-damage|p2b: Ogerpon|0 fnt\n|-unboost|p1a: ULTRA TRAILER|def|1\n|-unboost|p1a: ULTRA TRAILER|spd|1\n|faint|p2b: Ogerpon\n|-damage|p1a: ULTRA TRAILER|43/100|[from] item: Life Orb\n|\n|win|atrixmj\n|raw|atrixmj's rating: 1307 &rarr; <strong>1328</strong><br />(+21 for winning)\n|raw|Ashleemaster's rating: 1331 &rarr; <strong>1310</strong><br />(-21 for losing)\n", "uploadtime": 1746083462, "views": 36, "formatid": "gen9vgc2025regibo3", "rating": 1310, "private": 0, "password": null}