{"id": "gen9vgc2025regibo3-2353775979", "format": "[Gen 9] VGC 2025 Reg I (Bo3)", "players": ["calciumnyl", "ossigt"], "log": "|j|\u2606calciumnyl\n|j|\u203dossigt\n|html|<table width=\"100%\"><tr><td align=\"left\">calciumnyl</td><td align=\"right\">ossigt</tr><tr><td align=\"left\"><i class=\"fa fa-circle\"></i> <i class=\"fa fa-circle-o\"></i> </td><td align=\"right\"><i class=\"fa fa-circle-o\"></i> <i class=\"fa fa-circle-o\"></i> </tr></table>\n|uhtml|bestof|<h2><strong>Game 2</strong> of <a href=\"/game-bestof3-gen9vgc2025regibo3-2353774785\">a best-of-3</a></h2>\n|t:|1745998003\n|gametype|doubles\n|player|p1|calciumnyl|kieran|1087\n|player|p2|ossigt|hilbert-wonderlauncher|1202\n|teamsize|p1|6\n|teamsize|p2|6\n|gen|9\n|tier|[Gen 9] VGC 2025 Reg I (Bo3)\n|rated|\n|rule|Species Clause: Limit one of each Pok\u00e9mon\n|rule|Item Clause: Limit 1 of each item\n|clearpoke\n|poke|p1|Zacian-*, L50|\n|poke|p1|Groudon, L50|\n|poke|p1|Mienshao, L50, F|\n|poke|p1|Raging Bolt, L50|\n|poke|p1|Incineroar, L50, M|\n|poke|p1|Flutter Mane, L50|\n|poke|p2|Calyrex-Shadow, L50|\n|poke|p2|Chi-Yu, L50|\n|poke|p2|Miraidon, L50|\n|poke|p2|Weezing-Galar, L50, F|\n|poke|p2|Iron Hands, L50|\n|poke|p2|Ogerpon-Cornerstone, L50, F|\n|teampreview|4\n|showteam|p1|Zacian-Crowned||RustedSword|IntrepidSword|behemothblade,PlayRough,CloseCombat,Protect||||||50|,,,,,Ground]Groudon||AssaultVest|Drought|PrecipiceBlades,HeatCrash,HighHorsepower,ThunderPunch||||||50|,,,,,Fire]Mienshao||FocusSash|InnerFocus|FakeOut,WideGuard,Coaching,CloseCombat|||F|||50|,,,,,Steel]Raging Bolt||LifeOrb|Protosynthesis|Thunderclap,Thunderbolt,DracoMeteor,Protect||||||50|,,,,,Water]Incineroar||SafetyGoggles|Intimidate|FakeOut,PartingShot,FlareBlitz,KnockOff|||M|||50|,,,,,Ghost]Flutter Mane||BoosterEnergy|Protosynthesis|DazzlingGleam,ShadowBall,Moonblast,Protect||||||50|,,,,,Fairy\n|showteam|p2|Calyrex-Shadow||FocusSash|AsOneSpectrier|Protect,AstralBarrage,Psychic,Encore||||||50|,,,,,Ghost]Chi-Yu||ChoiceScarf|BeadsofRuin|Snarl,HeatWave,Overheat,DarkPulse||||||50|,,,,,Ghost]Miraidon||ChoiceSpecs|HadronEngine|ElectroDrift,DracoMeteor,DazzlingGleam,VoltSwitch||||||50|,,,,,Fairy]Weezing-Galar||RockyHelmet|NeutralizingGas|Protect,DazzlingGleam,ToxicSpikes,Taunt|||F|||50|,,,,,Water]Iron Hands||AssaultVest|QuarkDrive|HeavySlam,LowKick,WildCharge,FakeOut||||||50|,,,,,Water]Ogerpon-Cornerstone||CornerstoneMask|Sturdy|SpikyShield,IvyCudgel,PowerWhip,FollowMe|||F|||50|,,,,,Rock\n|inactive|Battle timer is ON: inactive players will automatically lose when time's up. (requested by calciumnyl)\n|inactive|ossigt has 60 seconds left.\n|\n|t:|1745998041\n|start\n|switch|p1a: Will-O-Miss|Incineroar, L50, M|100/100\n|switch|p1b: Precimiss Blades|Groudon, L50|100/100\n|switch|p2a: Ogerpon|Ogerpon-Cornerstone, L50, F|100/100\n|switch|p2b: Calyrex|Calyrex-Shadow, L50|100/100\n|-ability|p2b: Calyrex|As One\n|-ability|p2b: Calyrex|Unnerve\n|-weather|SunnyDay|[from] ability: Drought|[of] p1b: Precimiss Blades\n|-ability|p1a: Will-O-Miss|Intimidate|boost\n|-unboost|p2a: Ogerpon|atk|1\n|-unboost|p2b: Calyrex|atk|1\n|turn|1\n|\n|t:|1745998063\n|move|p2b: Calyrex|Protect|p2b: Calyrex\n|-singleturn|p2b: Calyrex|Protect\n|move|p2a: Ogerpon|Spiky Shield|p2a: Ogerpon\n|-singleturn|p2a: Ogerpon|move: Protect\n|move|p1b: Precimiss Blades|Precipice Blades|p2b: Calyrex|[spread] \n|-activate|p2a: Ogerpon|move: Protect\n|-activate|p2b: Calyrex|move: Protect\n|move|p1a: Will-O-Miss|Knock Off|p2b: Calyrex\n|-activate|p2b: Calyrex|move: Protect\n|\n|-weather|SunnyDay|[upkeep]\n|upkeep\n|turn|2\n|inactive|ossigt has 30 seconds left.\n|\n|t:|1745998090\n|move|p2b: Calyrex|Astral Barrage|p1a: Will-O-Miss|[spread] p1a,p1b\n|-resisted|p1a: Will-O-Miss\n|-damage|p1a: Will-O-Miss|77/100\n|-damage|p1b: Precimiss Blades|68/100\n|move|p2a: Ogerpon|Ivy Cudgel|p1a: Will-O-Miss|[anim] Ivy Cudgel Rock\n|-supereffective|p1a: Will-O-Miss\n|-damage|p1a: Will-O-Miss|22/100\n|move|p1b: Precimiss Blades|Precipice Blades|p2a: Ogerpon|[spread] p2b\n|-miss|p1b: Precimiss Blades|p2a: Ogerpon\n|-damage|p2b: Calyrex|42/100\n|move|p1a: Will-O-Miss|Knock Off|p2b: Calyrex\n|-supereffective|p2b: Calyrex\n|-damage|p2b: Calyrex|0 fnt\n|-enditem|p2b: Calyrex|Focus Sash|[from] move: Knock Off|[of] p1a: Will-O-Miss\n|faint|p2b: Calyrex\n|\n|-weather|SunnyDay|[upkeep]\n|upkeep\n|\n|t:|1745998097\n|switch|p2b: Chi-Yu|Chi-Yu, L50|100/100\n|-ability|p2b: Chi-Yu|Beads of Ruin\n|turn|3\n|inactive|calciumnyl has 30 seconds left.\n|\n|t:|1745998123\n|move|p2b: Chi-Yu|Heat Wave|p1b: Precimiss Blades|[spread] p1a,p1b\n|-resisted|p1a: Will-O-Miss\n|-damage|p1a: Will-O-Miss|0 fnt\n|-damage|p1b: Precimiss Blades|23/100\n|faint|p1a: Will-O-Miss\n|move|p2a: Ogerpon|Ivy Cudgel|p1b: Precimiss Blades|[anim] Ivy Cudgel Rock\n|-resisted|p1b: Precimiss Blades\n|-damage|p1b: Precimiss Blades|12/100\n|move|p1b: Precimiss Blades|Precipice Blades|p2b: Chi-Yu|[spread] p2a,p2b\n|-supereffective|p2b: Chi-Yu\n|-damage|p2a: Ogerpon|41/100\n|-damage|p2b: Chi-Yu|0 fnt\n|faint|p2b: Chi-Yu\n|\n|-weather|SunnyDay|[upkeep]\n|upkeep\n|\n|t:|1745998134\n|switch|p2b: Iron Hands|Iron Hands, L50|100/100\n|switch|p1a: Icy Miss|Flutter Mane, L50|100/100\n|-activate|p1a: Icy Miss|ability: Protosynthesis\n|-start|p1a: Icy Miss|protosynthesisspe\n|turn|4\n|\n|t:|1745998153\n|-terastallize|p2b: Iron Hands|Water\n|move|p1a: Icy Miss|Protect|p1a: Icy Miss\n|-singleturn|p1a: Icy Miss|Protect\n|move|p2a: Ogerpon|Follow Me|p2a: Ogerpon\n|-singleturn|p2a: Ogerpon|move: Follow Me\n|move|p1b: Precimiss Blades|Precipice Blades|p2b: Iron Hands|[spread] p2a,p2b\n|-damage|p2a: Ogerpon|0 fnt\n|-damage|p2b: Iron Hands|69/100\n|faint|p2a: Ogerpon\n|move|p2b: Iron Hands|Heavy Slam|p1a: Icy Miss\n|-activate|p1a: Icy Miss|move: Protect\n|\n|-weather|SunnyDay|[upkeep]\n|upkeep\n|turn|5\n|\n|t:|1745998162\n|-terastallize|p1a: Icy Miss|Fairy\n|move|p1a: Icy Miss|Moonblast|p2b: Iron Hands\n|-damage|p2b: Iron Hands|27/100\n|-unboost|p2b: Iron Hands|spa|1\n|move|p1b: Precimiss Blades|Thunder Punch|p2b: Iron Hands\n|-supereffective|p2b: Iron Hands\n|-damage|p2b: Iron Hands|0 fnt\n|faint|p2b: Iron Hands\n|-end|p2b: Iron Hands|Quark Drive|[silent]\n|\n|win|calciumnyl\n|raw|calciumnyl's rating: 1087 &rarr; <strong>1123</strong><br />(+36 for winning)\n|raw|ossigt's rating: 1202 &rarr; <strong>1169</strong><br />(-33 for losing)\n|c|\u2606calciumnyl|gg\n", "uploadtime": 1745998169, "views": 12, "formatid": "gen9vgc2025regibo3", "rating": 1123, "private": 0, "password": null}