{"id": "gen9vgc2025regibo3-2354701379", "format": "[Gen 9] VGC 2025 Reg I (Bo3)", "players": ["puli95", "blackkobraVGC"], "log": "|j|\u2606puli95\n|j|\u2606blackkobraVGC\n|html|<table width=\"100%\"><tr><td align=\"left\">puli95</td><td align=\"right\">blackkobraVGC</tr><tr><td align=\"left\"><i class=\"fa fa-circle-o\"></i> <i class=\"fa fa-circle-o\"></i> </td><td align=\"right\"><i class=\"fa fa-circle-o\"></i> <i class=\"fa fa-circle\"></i> </tr></table>\n|uhtml|bestof|<h2><strong>Game 2</strong> of <a href=\"/game-bestof3-gen9vgc2025regibo3-2354696685\">a best-of-3</a></h2>\n|t:|1746112087\n|gametype|doubles\n|player|p1|puli95|170|1114\n|player|p2|blackkobraVGC|alder|1168\n|teamsize|p1|6\n|teamsize|p2|6\n|gen|9\n|tier|[Gen 9] VGC 2025 Reg I (Bo3)\n|rated|\n|rule|Species Clause: Limit one of each Pok\u00e9mon\n|rule|Item Clause: Limit 1 of each item\n|clearpoke\n|poke|p1|Groudon, L50|\n|poke|p1|Calyrex-Shadow, L50|\n|poke|p1|Weezing-Galar, L50, M|\n|poke|p1|Regigigas, L50|\n|poke|p1|Ogerpon-Hearthflame, L50, F|\n|poke|p1|Raging Bolt, L50|\n|poke|p2|Calyrex-Shadow, L50|\n|poke|p2|Zamazenta-*, L50|\n|poke|p2|Smeargle, L50, F|\n|poke|p2|Incineroar, L50, M|\n|poke|p2|Rillaboom, L50, M|\n|poke|p2|Ogerpon-Hearthflame, L50, F|\n|teampreview|4\n|showteam|p1|Groudon||AssaultVest|Drought|PrecipiceBlades,HighHorsepower,FirePunch,BodyPress||||||50|,,,,,Fairy]Calyrex-Shadow||FocusSash|AsOneSpectrier|AstralBarrage,DrainingKiss,Encore,Protect||||||50|,,,,,Fairy]Weezing-Galar||RockyHelmet|NeutralizingGas|SludgeBomb,WillOWisp,Taunt,Protect|||M|||50|,,,,,Grass]Regigigas||CovertCloak|SlowStart|BodySlam,DrainPunch,KnockOff,Protect||||||50|,,,,,Dragon]Ogerpon-Hearthflame||HearthflameMask|MoldBreaker|IvyCudgel,WoodHammer,FollowMe,Protect|||F|||50|,,,,,Fire]Raging Bolt||LifeOrb|Protosynthesis|Thunderclap,Electroweb,DracoMeteor,Protect||||||50|,,,,,Electric\n|showteam|p2|Calyrex-Shadow||LifeOrb|AsOneSpectrier|AstralBarrage,GigaDrain,NastyPlot,Protect||||||50|,,,,,Grass]Zamazenta-Crowned||RustedShield|DauntlessShield|BodyPress,behemothbash,WideGuard,Protect||||||50|,,,,,Water]Smeargle||FocusSash|Moody|FakeOut,Spore,FollowMe,WideGuard|||F|||50|,,,,,Ghost]Incineroar||RockyHelmet|Intimidate|PartingShot,KnockOff,Taunt,FakeOut|||M|||50|,,,,,Water]Rillaboom||AssaultVest|GrassySurge|FakeOut,GrassyGlide,WoodHammer,Uturn|||M|||50|,,,,,Fire]Ogerpon-Hearthflame||HearthflameMask|MoldBreaker|IvyCudgel,GrassyGlide,FollowMe,SpikyShield|||F|||50|,,,,,Fire\n|\n|t:|1746112117\n|start\n|switch|p1a: Calyrex|Calyrex-Shadow, L50|100/100\n|switch|p1b: Ogerpon|Ogerpon-Hearthflame, L50, F|100/100\n|switch|p2a: Smeargle|Smeargle, L50, F|100/100\n|switch|p2b: Calyrex|Calyrex-Shadow, L50|100/100\n|-ability|p1a: Calyrex|As One\n|-ability|p1a: Calyrex|Unnerve\n|-ability|p2b: Calyrex|As One\n|-ability|p2b: Calyrex|Unnerve\n|-ability|p1b: Ogerpon|Mold Breaker\n|turn|1\n|\n|t:|1746112144\n|move|p1a: Calyrex|Protect|p1a: Calyrex\n|-singleturn|p1a: Calyrex|Protect\n|move|p2a: Smeargle|Wide Guard|p2a: Smeargle\n|-singleturn|p2a: Smeargle|Wide Guard\n|move|p2b: Calyrex|Astral Barrage|p1b: Ogerpon|[spread] p1b\n|-activate|p1a: Calyrex|move: Protect\n|-damage|p1b: Ogerpon|35/100\n|-damage|p2b: Calyrex|91/100|[from] item: Life Orb\n|move|p1b: Ogerpon|Ivy Cudgel|p2b: Calyrex|[anim] Ivy Cudgel Fire\n|-damage|p2b: Calyrex|27/100\n|\n|-ability|p2a: Smeargle|Moody|boost\n|-boost|p2a: Smeargle|spe|2\n|-unboost|p2a: Smeargle|atk|1\n|upkeep\n|turn|2\n|\n|t:|1746112187\n|-terastallize|p1a: Calyrex|Fairy\n|move|p1b: Ogerpon|Follow Me|p1b: Ogerpon\n|-singleturn|p1b: Ogerpon|move: Follow Me\n|move|p2a: Smeargle|Spore|p1b: Ogerpon\n|-immune|p1b: Ogerpon\n|move|p2b: Calyrex|Astral Barrage|p1a: Calyrex|[spread] p1a,p1b\n|-damage|p1a: Calyrex|35/100\n|-damage|p1b: Ogerpon|0 fnt\n|faint|p1b: Ogerpon\n|-ability|p2b: Calyrex|Grim Neigh|boost\n|-boost|p2b: Calyrex|spa|1\n|-damage|p2b: Calyrex|17/100|[from] item: Life Orb\n|move|p1a: Calyrex|Draining Kiss|p2b: Calyrex\n|-damage|p2b: Calyrex|0 fnt\n|-heal|p1a: Calyrex|48/100|[from] drain|[of] p2b: Calyrex\n|faint|p2b: Calyrex\n|-ability|p1a: Calyrex|Grim Neigh|boost\n|-boost|p1a: Calyrex|spa|1\n|\n|-ability|p2a: Smeargle|Moody|boost\n|-boost|p2a: Smeargle|spd|2\n|-unboost|p2a: Smeargle|spe|1\n|upkeep\n|inactive|Battle timer is ON: inactive players will automatically lose when time's up. (requested by blackkobraVGC)\n|\n|t:|1746112213\n|switch|p2b: Zamazenta|Zamazenta-Crowned, L50|100/100\n|switch|p1b: Groudon|Groudon, L50|100/100\n|-ability|p2b: Zamazenta|Dauntless Shield|boost\n|-boost|p2b: Zamazenta|def|1\n|-weather|SunnyDay|[from] ability: Drought|[of] p1b: Groudon\n|turn|3\n|inactive|puli95 has 30 seconds left.\n|inactive|puli95 has 20 seconds left.\n|\n|t:|1746112249\n|move|p1a: Calyrex|Draining Kiss|p2a: Smeargle\n|-damage|p2a: Smeargle|34/100\n|-heal|p1a: Calyrex|81/100|[from] drain|[of] p2a: Smeargle\n|move|p2a: Smeargle|Spore|p1b: Groudon\n|-status|p1b: Groudon|slp|[from] move: Spore\n|move|p2b: Zamazenta|Behemoth Bash|p1a: Calyrex\n|-supereffective|p1a: Calyrex\n|-damage|p1a: Calyrex|0 fnt\n|faint|p1a: Calyrex\n|cant|p1b: Groudon|slp\n|\n|-weather|SunnyDay|[upkeep]\n|-ability|p2a: Smeargle|Moody|boost\n|-boost|p2a: Smeargle|spa|2\n|-unboost|p2a: Smeargle|atk|1\n|upkeep\n|\n|t:|1746112265\n|switch|p1a: Raging Bolt|Raging Bolt, L50|100/100\n|-activate|p1a: Raging Bolt|ability: Protosynthesis\n|-start|p1a: Raging Bolt|protosynthesisspa\n|turn|4\n|\n|t:|1746112283\n|move|p2a: Smeargle|Spore|p1a: Raging Bolt\n|-status|p1a: Raging Bolt|slp|[from] move: Spore\n|move|p2b: Zamazenta|Body Press|p1a: Raging Bolt\n|-damage|p1a: Raging Bolt|38/100 slp\n|-curestatus|p1b: Groudon|slp|[msg]\n|move|p1b: Groudon|Body Press|p2a: Smeargle\n|-supereffective|p2a: Smeargle\n|-damage|p2a: Smeargle|0 fnt\n|faint|p2a: Smeargle\n|cant|p1a: Raging Bolt|slp\n|\n|-weather|SunnyDay|[upkeep]\n|upkeep\n|\n|t:|1746112291\n|switch|p2a: Incineroar|Incineroar, L50, M|100/100\n|-ability|p2a: Incineroar|Intimidate|boost\n|-unboost|p1a: Raging Bolt|atk|1\n|-unboost|p1b: Groudon|atk|1\n|turn|5\n|inactive|puli95 has 30 seconds left.\n|inactive|puli95 has 20 seconds left.\n|inactive|puli95 has 15 seconds left.\n|inactive|puli95 has 10 seconds left.\n|\n|t:|1746112336\n|move|p2a: Incineroar|Fake Out|p1b: Groudon\n|-damage|p1b: Groudon|93/100\n|move|p2b: Zamazenta|Body Press|p1a: Raging Bolt\n|-damage|p1a: Raging Bolt|0 fnt\n|faint|p1a: Raging Bolt\n|-end|p1a: Raging Bolt|Protosynthesis|[silent]\n|cant|p1b: Groudon|flinch\n|\n|-weather|SunnyDay|[upkeep]\n|upkeep\n|turn|6\n|-message|puli95 forfeited.\n|\n|win|blackkobraVGC\n|raw|puli95's rating: 1114 &rarr; <strong>1093</strong><br />(-21 for losing)\n|raw|blackkobraVGC's rating: 1168 &rarr; <strong>1189</strong><br />(+21 for winning)\n|l|\u2606puli95\n|player|p1|\n|l|\u2606blackkobraVGC\n|player|p2|\n", "uploadtime": 1746112669, "views": 9, "formatid": "gen9vgc2025regibo3", "rating": 1093, "private": 0, "password": null}