{"id": "gen9vgc2025regibo3-2353654251", "format": "[Gen 9] VGC 2025 Reg I (Bo3)", "players": ["LeaoGhost", "Fayz Sharpie"], "log": "|j|\u2606LeaoGhost\n|j|\u2606Fayz Sharpie\n|html|<table width=\"100%\"><tr><td align=\"left\">LeaoGhost</td><td align=\"right\">Fayz Sharpie</tr><tr><td align=\"left\"><i class=\"fa fa-circle-o\"></i> <i class=\"fa fa-circle-o\"></i> </td><td align=\"right\"><i class=\"fa fa-circle-o\"></i> <i class=\"fa fa-circle\"></i> </tr></table>\n|uhtml|bestof|<h2><strong>Game 2</strong> of <a href=\"/game-bestof3-gen9vgc2025regibo3-2353652987\">a best-of-3</a></h2>\n|t:|1745979501\n|gametype|doubles\n|player|p1|LeaoGhost|parasollady|\n|player|p2|Fayz Sharpie|koga|\n|teamsize|p1|6\n|teamsize|p2|6\n|gen|9\n|tier|[Gen 9] VGC 2025 Reg I (Bo3)\n|rule|Species Clause: Limit one of each Pok\u00e9mon\n|rule|Item Clause: Limit 1 of each item\n|clearpoke\n|poke|p1|Koraidon, L50|\n|poke|p1|Terapagos, L50, M|\n|poke|p1|Incineroar, L50, F|\n|poke|p1|Rillaboom, L50, M|\n|poke|p1|Ogerpon-Cornerstone, L50, F|\n|poke|p1|Flutter Mane, L50|\n|poke|p2|Calyrex-Ice, L50|\n|poke|p2|Miraidon, L50|\n|poke|p2|Landorus, L50, M|\n|poke|p2|Farigiraf, L50, M|\n|poke|p2|Whimsicott, L50, F|\n|poke|p2|Ogerpon-Hearthflame, L50, F|\n|teampreview|4\n|showteam|p1|Koraidon||LifeOrb|OrichalcumPulse|CloseCombat,FlareBlitz,FlameCharge,Protect||||||50|,,,,,Fire]Terapagos||Leftovers|TeraShift|TeraStarstorm,EarthPower,CalmMind,Protect|||M|||50|,,,,,Stellar]Incineroar||RockyHelmet|Intimidate|FlareBlitz,KnockOff,FakeOut,PartingShot|||F|||50|,,,,,Bug]Rillaboom||AssaultVest|GrassySurge|WoodHammer,GrassyGlide,Uturn,FakeOut|||M|||50|,,,,,Water]Ogerpon-Cornerstone||CornerstoneMask|Sturdy|IvyCudgel,PowerWhip,FollowMe,SpikyShield|||F|||50|,,,,,Rock]Flutter Mane||FocusSash|Protosynthesis|Moonblast,ShadowBall,IcyWind,Protect||||||50|,,,,,Normal\n|showteam|p2|Calyrex-Ice||ClearAmulet|AsOneGlastrier|GlacialLance,HighHorsepower,TrickRoom,Protect||||||50|,,,,,Fire]Miraidon||ChoiceSpecs|HadronEngine|ElectroDrift,DracoMeteor,DazzlingGleam,VoltSwitch||||||50|,,,,,Fairy]Landorus||LifeOrb|SheerForce|EarthPower,SludgeBomb,SandsearStorm,Protect|||M|||50|,,,,,Water]Farigiraf||ElectricSeed|ArmorTail|FoulPlay,Psychic,TrickRoom,HelpingHand|||M|||50|,,,,,Water]Whimsicott||CovertCloak|Prankster|Moonblast,Tailwind,Taunt,LightScreen|||F|||50|,,,,,Dark]Ogerpon-Hearthflame||HearthflameMask|MoldBreaker|IvyCudgel,WoodHammer,FollowMe,SpikyShield|||F|||50|,,,,,Fire\n|c|\u2606Fayz Sharpie|gl hf\n|c|\u2606LeaoGhost|glhf\n|\n|t:|1745979543\n|start\n|switch|p1a: Terapagos|Terapagos, L50, M|100/100\n|switch|p1b: Rillaboom|Rillaboom, L50, M|100/100\n|switch|p2a: Whimsicott|Whimsicott, L50, F|100/100\n|switch|p2b: Miraidon|Miraidon, L50|100/100\n|-activate|p1a: Terapagos|ability: Tera Shift\n|detailschange|p1a: Terapagos|Terapagos-Terastal, L50, M\n|-heal|p1a: Terapagos|100/100|[silent]\n|-fieldstart|move: Electric Terrain|[from] ability: Hadron Engine|[of] p2b: Miraidon\n|-fieldstart|move: Grassy Terrain|[from] ability: Grassy Surge|[of] p1b: Rillaboom\n|turn|1\n|\n|t:|1745979595\n|move|p1a: Terapagos|Protect|p1a: Terapagos\n|-singleturn|p1a: Terapagos|Protect\n|move|p2a: Whimsicott|Taunt|p1a: Terapagos\n|-activate|p1a: Terapagos|move: Protect\n|move|p2b: Miraidon|Volt Switch|p1a: Terapagos\n|-activate|p1a: Terapagos|move: Protect\n|move|p1b: Rillaboom|U-turn|p2a: Whimsicott\n|-damage|p2a: Whimsicott|73/100\n|\n|t:|1745979612\n|switch|p1b: Flutter Mane|Flutter Mane, L50|100/100|[from] U-turn\n|\n|-heal|p2a: Whimsicott|79/100|[from] Grassy Terrain\n|upkeep\n|turn|2\n|\n|t:|1745979626\n|switch|p1a: Koraidon|Koraidon, L50|100/100\n|-weather|SunnyDay|[from] ability: Orichalcum Pulse|[of] p1a: Koraidon\n|-activate|p1b: Flutter Mane|ability: Protosynthesis\n|-start|p1b: Flutter Mane|protosynthesisspe\n|-activate|p1a: Koraidon|Orichalcum Pulse|[source]\n|move|p2a: Whimsicott|Tailwind|p2a: Whimsicott\n|-sidestart|p2: Fayz Sharpie|move: Tailwind\n|move|p2b: Miraidon|Volt Switch|p1a: Koraidon\n|-resisted|p1a: Koraidon\n|-damage|p1a: Koraidon|70/100\n|\n|t:|1745979630\n|switch|p2b: Ogerpon|Ogerpon-Hearthflame, L50, F|100/100|[from] Volt Switch\n|-ability|p2b: Ogerpon|Mold Breaker\n|move|p1b: Flutter Mane|Moonblast|p2b: Ogerpon\n|-resisted|p2b: Ogerpon\n|-damage|p2b: Ogerpon|76/100\n|\n|-weather|SunnyDay|[upkeep]\n|-heal|p2a: Whimsicott|84/100|[from] Grassy Terrain\n|-heal|p2b: Ogerpon|82/100|[from] Grassy Terrain\n|-heal|p1a: Koraidon|76/100|[from] Grassy Terrain\n|upkeep\n|turn|3\n|\n|t:|1745979649\n|move|p2a: Whimsicott|Moonblast|p1a: Koraidon\n|-supereffective|p1a: Koraidon\n|-damage|p1a: Koraidon|0 fnt\n|faint|p1a: Koraidon\n|move|p2b: Ogerpon|Ivy Cudgel|p1b: Flutter Mane|[anim] Ivy Cudgel Fire\n|-enditem|p1b: Flutter Mane|Focus Sash\n|-damage|p1b: Flutter Mane|1/100\n|move|p1b: Flutter Mane|Icy Wind|p2a: Whimsicott|[spread] p2a,p2b\n|-supereffective|p2a: Whimsicott\n|-damage|p2a: Whimsicott|46/100\n|-damage|p2b: Ogerpon|66/100\n|-unboost|p2b: Ogerpon|spe|1\n|\n|-weather|SunnyDay|[upkeep]\n|-heal|p2a: Whimsicott|51/100|[from] Grassy Terrain\n|-heal|p1b: Flutter Mane|7/100|[from] Grassy Terrain\n|-heal|p2b: Ogerpon|72/100|[from] Grassy Terrain\n|upkeep\n|\n|t:|1745979662\n|switch|p1a: Terapagos|Terapagos-Terastal, L50, M|100/100\n|turn|4\n|\n|t:|1745979686\n|-terastallize|p1a: Terapagos|Stellar\n|detailschange|p1a: Terapagos|Terapagos-Stellar, L50, M, tera:Stellar\n|-heal|p1a: Terapagos|100/100|[silent]\n|-ability|p1a: Terapagos|Teraform Zero\n|-weather|none\n|-end|p1b: Flutter Mane|Protosynthesis\n|-fieldend|move: Grassy Terrain\n|move|p1b: Flutter Mane|Protect|p1b: Flutter Mane\n|-singleturn|p1b: Flutter Mane|Protect\n|move|p2a: Whimsicott|Moonblast|p1b: Flutter Mane\n|-activate|p1b: Flutter Mane|move: Protect\n|move|p2b: Ogerpon|Ivy Cudgel|p1a: Terapagos|[anim] Ivy Cudgel Fire\n|-damage|p1a: Terapagos|69/100\n|move|p1a: Terapagos|Tera Starstorm|p2a: Whimsicott|[spread] p2a,p2b\n|-damage|p2a: Whimsicott|11/100\n|-damage|p2b: Ogerpon|38/100\n|\n|-heal|p1a: Terapagos|75/100|[from] item: Leftovers\n|upkeep\n|turn|5\n|\n|t:|1745979710\n|-end|p1b: Flutter Mane|Protosynthesis|[silent]\n|switch|p1b: Rillaboom|Rillaboom, L50, M|100/100\n|-fieldstart|move: Grassy Terrain|[from] ability: Grassy Surge|[of] p1b: Rillaboom\n|move|p2a: Whimsicott|Moonblast|p1b: Rillaboom\n|-damage|p1b: Rillaboom|84/100\n|-unboost|p1b: Rillaboom|spa|1\n|move|p2b: Ogerpon|Wood Hammer|p1a: Terapagos\n|-damage|p1a: Terapagos|25/100\n|-damage|p2b: Ogerpon|14/100|[from] Recoil\n|move|p1a: Terapagos|Tera Starstorm|p2b: Ogerpon|[spread] p2a,p2b\n|-damage|p2a: Whimsicott|0 fnt\n|-damage|p2b: Ogerpon|0 fnt\n|faint|p2a: Whimsicott\n|faint|p2b: Ogerpon\n|\n|-heal|p1a: Terapagos|32/100|[from] Grassy Terrain\n|-heal|p1a: Terapagos|38/100|[from] item: Leftovers\n|-heal|p1b: Rillaboom|90/100|[from] Grassy Terrain\n|-sideend|p2: Fayz Sharpie|move: Tailwind\n|upkeep\n|\n|t:|1745979715\n|switch|p2a: Calyrex|Calyrex-Ice, L50|100/100\n|switch|p2b: Miraidon|Miraidon, L50|100/100\n|-ability|p2a: Calyrex|As One\n|-ability|p2a: Calyrex|Unnerve\n|-fieldstart|move: Electric Terrain|[from] ability: Hadron Engine|[of] p2b: Miraidon\n|turn|6\n|\n|t:|1745979742\n|switch|p1b: Flutter Mane|Flutter Mane, L50|7/100\n|move|p2b: Miraidon|Electro Drift|p1a: Terapagos\n|-damage|p1a: Terapagos|0 fnt\n|faint|p1a: Terapagos\n|move|p2a: Calyrex|Glacial Lance|p1b: Flutter Mane\n|-damage|p1b: Flutter Mane|0 fnt\n|faint|p1b: Flutter Mane\n|-end|p1b: Flutter Mane|Protosynthesis|[silent]\n|-ability|p2a: Calyrex|Chilling Neigh|boost\n|-boost|p2a: Calyrex|atk|1\n|\n|upkeep\n|c|\u2606Fayz Sharpie|gg\n|c|\u2606LeaoGhost|gg\n|c|\u2606LeaoGhost|wp\n|-message|LeaoGhost forfeited.\n|\n|win|Fayz Sharpie\n|l|\u2606LeaoGhost\n|player|p1|\n", "uploadtime": 1745979783, "views": 49, "formatid": "gen9vgc2025regibo3", "rating": null, "private": 0, "password": null}