{"id": "gen9vgc2025regibo3-2353467756", "format": "[Gen 9] VGC 2025 Reg I (Bo3)", "players": ["amnek", "fwiefisch"], "log": "|j|\u2606amnek\n|j|\u2606fwiefisch\n|html|<table width=\"100%\"><tr><td align=\"left\">amnek</td><td align=\"right\">fwiefisch</tr><tr><td align=\"left\"><i class=\"fa fa-circle-o\"></i> <i class=\"fa fa-circle-o\"></i> </td><td align=\"right\"><i class=\"fa fa-circle-o\"></i> <i class=\"fa fa-circle\"></i> </tr></table>\n|uhtml|bestof|<h2><strong>Game 2</strong> of <a href=\"/game-bestof3-gen9vgc2025regibo3-2353465323\">a best-of-3</a></h2>\n|t:|1745958651\n|gametype|doubles\n|player|p1|amnek|n|1220\n|player|p2|fwiefisch|teamrocket|1230\n|teamsize|p1|6\n|teamsize|p2|6\n|gen|9\n|tier|[Gen 9] VGC 2025 Reg I (Bo3)\n|rated|\n|rule|Species Clause: Limit one of each Pok\u00e9mon\n|rule|Item Clause: Limit 1 of each item\n|clearpoke\n|poke|p1|Kyogre, L50|\n|poke|p1|Zacian-*, L50|\n|poke|p1|Urshifu-*, L50, F|\n|poke|p1|Rillaboom, L50, M|\n|poke|p1|Incineroar, L50, M|\n|poke|p1|Amoonguss, L50, M|\n|poke|p2|Koraidon, L50|\n|poke|p2|Lunala, L50|\n|poke|p2|Chi-Yu, L50|\n|poke|p2|Ting-Lu, L50|\n|poke|p2|Brute Bonnet, L50|\n|poke|p2|Flutter Mane, L50|\n|teampreview|4\n|showteam|p1|Kyogre||Leftovers|Drizzle|OriginPulse,WaterSpout,CalmMind,Protect||||||50|,,,,,Grass]Zacian-Crowned||RustedSword|IntrepidSword|behemothblade,PlayRough,SwordsDance,Protect||||||50|,,,,,Grass]Urshifu-Rapid-Strike||ChoiceScarf|UnseenFist|CloseCombat,SurgingStrikes,AquaJet,Uturn|||F|||50|,,,,,Ghost]Rillaboom||AssaultVest|GrassySurge|FakeOut,WoodHammer,GrassyGlide,Uturn|||M|||50|,,,,,Water]Incineroar||SafetyGoggles|Intimidate|WillOWisp,KnockOff,FakeOut,PartingShot|||M|||50|,,,,,Bug]Amoonguss||RockyHelmet|Regenerator|Protect,Spore,RagePowder,SludgeBomb|||M|||50|,,,,,Water\n|showteam|p2|Koraidon||LifeOrb|OrichalcumPulse|FlareBlitz,FlameCharge,CloseCombat,Protect||||||50|,,,,,Fire]Lunala||PowerHerb|ShadowShield|MoongeistBeam,MeteorBeam,WideGuard,TrickRoom||||||50|,,,,,Water]Chi-Yu||ChoiceScarf|BeadsofRuin|Overheat,HeatWave,DarkPulse,Snarl||||||50|,,,,,Ghost]Ting-Lu||AssaultVest|VesselofRuin|StompingTantrum,Ruination,ThroatChop,HeavySlam||||||50|,,,,,Poison]Brute Bonnet||CovertCloak|Protosynthesis|SuckerPunch,SeedBomb,Spore,RagePowder||||||50|,,,,,Water]Flutter Mane||FocusSash|Protosynthesis|Moonblast,IcyWind,ShadowBall,Protect||||||50|,,,,,Normal\n|inactive|Battle timer is ON: inactive players will automatically lose when time's up. (requested by amnek)\n|inactive|amnek has 60 seconds left.\n|\n|t:|1745958695\n|start\n|switch|p1a: Zacian|Zacian-Crowned, L50|100/100\n|switch|p1b: Urshifu|Urshifu-Rapid-Strike, L50, F|100/100\n|switch|p2a: Brute Bonnet|Brute Bonnet, L50|100/100\n|switch|p2b: Lunala|Lunala, L50|100/100\n|-ability|p1a: Zacian|Intrepid Sword|boost\n|-boost|p1a: Zacian|atk|1\n|turn|1\n|\n|t:|1745958719\n|-terastallize|p2a: Brute Bonnet|Water\n|move|p1b: Urshifu|U-turn|p2a: Brute Bonnet\n|-damage|p2a: Brute Bonnet|83/100\n|\n|t:|1745958726\n|switch|p1b: Incineroar|Incineroar, L50, M|100/100|[from] U-turn\n|-ability|p1b: Incineroar|Intimidate|boost\n|-unboost|p2a: Brute Bonnet|atk|1\n|-unboost|p2b: Lunala|atk|1\n|move|p1a: Zacian|Play Rough|p2a: Brute Bonnet\n|-crit|p2a: Brute Bonnet\n|-damage|p2a: Brute Bonnet|2/100\n|move|p2b: Lunala|Moongeist Beam|p1b: Incineroar\n|-resisted|p1b: Incineroar\n|-damage|p1b: Incineroar|77/100\n|move|p2a: Brute Bonnet|Spore|p1a: Zacian\n|-status|p1a: Zacian|slp|[from] move: Spore\n|\n|upkeep\n|turn|2\n|inactive|amnek has 30 seconds left.\n|\n|t:|1745958756\n|-end|p2a: Brute Bonnet|Protosynthesis|[silent]\n|switch|p2a: Chi-Yu|Chi-Yu, L50|100/100\n|-ability|p2a: Chi-Yu|Beads of Ruin\n|cant|p1a: Zacian|slp\n|move|p2b: Lunala|Meteor Beam||[still]\n|-prepare|p2b: Lunala|Meteor Beam\n|-boost|p2b: Lunala|spa|1\n|-enditem|p2b: Lunala|Power Herb\n|-anim|p2b: Lunala|Meteor Beam|p1b: Incineroar\n|-supereffective|p1b: Incineroar\n|-crit|p1b: Incineroar\n|-damage|p1b: Incineroar|0 fnt\n|faint|p1b: Incineroar\n|\n|upkeep\n|\n|t:|1745958777\n|switch|p1b: Urshifu|Urshifu-Rapid-Strike, L50, F|100/100\n|turn|3\n|\n|t:|1745958797\n|switch|p2a: Brute Bonnet|Brute Bonnet, L50, tera:Water|2/100\n|move|p1b: Urshifu|U-turn|p2a: Brute Bonnet\n|-damage|p2a: Brute Bonnet|0 fnt\n|faint|p2a: Brute Bonnet\n|-end|p2a: Brute Bonnet|Protosynthesis|[silent]\n|\n|t:|1745958803\n|switch|p1b: Kyogre|Kyogre, L50|100/100|[from] U-turn\n|-weather|RainDance|[from] ability: Drizzle|[of] p1b: Kyogre\n|cant|p1a: Zacian|slp\n|move|p2b: Lunala|Moongeist Beam|p1b: Kyogre\n|-damage|p1b: Kyogre|39/100\n|\n|-weather|RainDance|[upkeep]\n|-heal|p1b: Kyogre|45/100|[from] item: Leftovers\n|upkeep\n|\n|t:|1745958818\n|switch|p2a: Koraidon|Koraidon, L50|100/100\n|-weather|SunnyDay|[from] ability: Orichalcum Pulse|[of] p2a: Koraidon\n|-activate|p2a: Koraidon|Orichalcum Pulse|[source]\n|turn|4\n|\n|t:|1745958830\n|switch|p1b: Urshifu|Urshifu-Rapid-Strike, L50, F|100/100\n|cant|p1a: Zacian|slp\n|move|p2a: Koraidon|Close Combat|p1b: Urshifu\n|-crit|p1b: Urshifu\n|-damage|p1b: Urshifu|0 fnt\n|-unboost|p2a: Koraidon|def|1\n|-unboost|p2a: Koraidon|spd|1\n|faint|p1b: Urshifu\n|-damage|p2a: Koraidon|91/100|[from] item: Life Orb\n|move|p2b: Lunala|Moongeist Beam|p1a: Zacian\n|-damage|p1a: Zacian|28/100 slp\n|\n|-weather|SunnyDay|[upkeep]\n|upkeep\n|\n|t:|1745958837\n|switch|p1b: Kyogre|Kyogre, L50|45/100\n|-weather|RainDance|[from] ability: Drizzle|[of] p1b: Kyogre\n|turn|5\n|\n|t:|1745958855\n|switch|p2a: Chi-Yu|Chi-Yu, L50|100/100\n|-ability|p2a: Chi-Yu|Beads of Ruin\n|move|p2b: Lunala|Wide Guard|p2b: Lunala\n|-singleturn|p2b: Lunala|Wide Guard\n|-curestatus|p1a: Zacian|slp|[msg]\n|move|p1a: Zacian|Play Rough|p2b: Lunala\n|-damage|p2b: Lunala|71/100\n|move|p1b: Kyogre|Origin Pulse|p2a: Chi-Yu|[spread] \n|-activate|p2a: Chi-Yu|move: Wide Guard\n|-activate|p2b: Lunala|move: Wide Guard\n|\n|-weather|RainDance|[upkeep]\n|-heal|p1b: Kyogre|52/100|[from] item: Leftovers\n|upkeep\n|turn|6\n|inactive|amnek has 30 seconds left.\n|\n|t:|1745958882\n|move|p2b: Lunala|Wide Guard|p2b: Lunala\n|-singleturn|p2b: Lunala|Wide Guard\n|move|p2a: Chi-Yu|Overheat|p1a: Zacian\n|-supereffective|p1a: Zacian\n|-damage|p1a: Zacian|0 fnt\n|-unboost|p2a: Chi-Yu|spa|2\n|faint|p1a: Zacian\n|move|p1b: Kyogre|Origin Pulse|p2a: Chi-Yu|[spread] \n|-activate|p2a: Chi-Yu|move: Wide Guard\n|-activate|p2b: Lunala|move: Wide Guard\n|\n|-weather|RainDance|[upkeep]\n|-heal|p1b: Kyogre|58/100|[from] item: Leftovers\n|upkeep\n|turn|7\n|-message|amnek forfeited.\n|\n|win|fwiefisch\n|raw|amnek's rating: 1220 &rarr; <strong>1196</strong><br />(-24 for losing)\n|raw|fwiefisch's rating: 1230 &rarr; <strong>1254</strong><br />(+24 for winning)\n|c|\u2606fwiefisch|gg\n|l|\u2606fwiefisch\n|player|p2|\n", "uploadtime": 1745958907, "views": 7, "formatid": "gen9vgc2025regibo3", "rating": 1196, "private": 0, "password": null}