{"id": "gen9vgc2025regibo3-2353866409", "format": "[Gen 9] VGC 2025 Reg I (Bo3)", "players": ["bertcamem", "zisar"], "log": "|j|\u2606bertcamem\n|j|\u2606zisar\n|html|<table width=\"100%\"><tr><td align=\"left\">bertcamem</td><td align=\"right\">zisar</tr><tr><td align=\"left\"><i class=\"fa fa-circle-o\"></i> <i class=\"fa fa-circle-o\"></i> </td><td align=\"right\"><i class=\"fa fa-circle-o\"></i> <i class=\"fa fa-circle-o\"></i> </tr></table>\n|uhtml|bestof|<h2><strong>Game 1</strong> of <a href=\"/game-bestof3-gen9vgc2025regibo3-2353866408\">a best-of-3</a></h2>\n|t:|1746012417\n|gametype|doubles\n|player|p1|bertcamem|169|1202\n|player|p2|zisar|blue|1154\n|teamsize|p1|6\n|teamsize|p2|6\n|gen|9\n|tier|[Gen 9] VGC 2025 Reg I (Bo3)\n|rated|\n|rule|Species Clause: Limit one of each Pok\u00e9mon\n|rule|Item Clause: Limit 1 of each item\n|clearpoke\n|poke|p1|Koraidon, L50|\n|poke|p1|Ho-Oh, L50|\n|poke|p1|Gurdurr, L50, M|\n|poke|p1|Flutter Mane, L50|\n|poke|p1|Rillaboom, L50, M|\n|poke|p1|Raging Bolt, L50|\n|poke|p2|Terapagos, L50, M|\n|poke|p2|Ho-Oh, L50|\n|poke|p2|Rillaboom, L50, F|\n|poke|p2|Raging Bolt, L50|\n|poke|p2|Basculegion, L50, M|\n|poke|p2|Iron Valiant, L50|\n|teampreview|4\n|showteam|p1|Koraidon||LifeOrb|OrichalcumPulse|FlareBlitz,CloseCombat,Protect,Uturn||||||50|,,,,,Fire]Ho-Oh||ClearAmulet|Regenerator|SacredFire,BraveBird,Protect,Tailwind||||||50|,,,,,Grass]Gurdurr||Eviolite|IronFist|DrainPunch,Coaching,WideGuard,HelpingHand|||M|||50|,,,,,Water]Flutter Mane||FocusSash|Protosynthesis|Moonblast,ShadowBall,Taunt,IcyWind||||||50|,,,,,Normal]Rillaboom||AssaultVest|GrassySurge|FakeOut,GrassyGlide,HighHorsepower,Uturn|||M|||50|,,,,,Fire]Raging Bolt||BoosterEnergy|Protosynthesis|Protect,Thunderclap,Thunderbolt,DracoMeteor||||||50|,,,,,Fairy\n|showteam|p2|Terapagos||Leftovers|TeraShift|TeraStarstorm,EarthPower,CalmMind,Protect|||M|||50|,,,,,Stellar]Ho-Oh||RockyHelmet|Regenerator|SacredFire,BraveBird,Tailwind,Protect||||||50|,,,,,Grass]Rillaboom||AssaultVest|GrassySurge|HighHorsepower,GrassyGlide,WoodHammer,FakeOut|||F|||50|,,,,,Fire]Raging Bolt||BoosterEnergy|Protosynthesis|Thunderbolt,Thunderclap,DracoMeteor,Protect||||||50|,,,,,Electric]Basculegion||ChoiceScarf|Adaptability|LastRespects,WaveCrash,AquaJet,FlipTurn|||M|||50|,,,,,Water]Iron Valiant||FocusSash|QuarkDrive|Protect,CloseCombat,Encore,SpiritBreak||||||50|,,,,,Ghost\n|inactive|Battle timer is ON: inactive players will automatically lose when time's up. (requested by zisar)\n|inactive|bertcamem also wants the timer to be on.\n|\n|t:|1746012446\n|start\n|switch|p1a: Emperor|Ho-Oh, L50|100/100\n|switch|p1b: Tower|Raging Bolt, L50|100/100\n|switch|p2a: Iron Valiant|Iron Valiant, L50|100/100\n|switch|p2b: Ho-Oh|Ho-Oh, L50, shiny|100/100\n|-enditem|p1b: Tower|Booster Energy\n|-activate|p1b: Tower|ability: Protosynthesis|[fromitem]\n|-start|p1b: Tower|protosynthesisspa\n|turn|1\n|\n|t:|1746012456\n|move|p2a: Iron Valiant|Spirit Break|p1b: Tower\n|-supereffective|p1b: Tower\n|-damage|p1b: Tower|43/100\n|-unboost|p1b: Tower|spa|1\n|move|p2b: Ho-Oh|Tailwind|p2b: Ho-Oh\n|-sidestart|p2: zisar|move: Tailwind\n|move|p1a: Emperor|Sacred Fire|p2a: Iron Valiant\n|-damage|p2a: Iron Valiant|47/100\n|-status|p2a: Iron Valiant|brn\n|move|p1b: Tower|Thunderbolt|p2b: Ho-Oh\n|-supereffective|p2b: Ho-Oh\n|-damage|p2b: Ho-Oh|52/100\n|\n|-damage|p2a: Iron Valiant|41/100 brn|[from] brn\n|upkeep\n|turn|2\n|inactive|zisar has 30 seconds left.\n|inactive|bertcamem has 30 seconds left.\n|\n|t:|1746012491\n|switch|p2b: Terapagos|Terapagos, L50, M|100/100\n|-activate|p2b: Terapagos|ability: Tera Shift\n|detailschange|p2b: Terapagos|Terapagos-Terastal, L50, M\n|-heal|p2b: Terapagos|100/100|[silent]\n|move|p1b: Tower|Protect|p1b: Tower\n|-singleturn|p1b: Tower|Protect\n|move|p2a: Iron Valiant|Spirit Break|p1b: Tower\n|-activate|p1b: Tower|move: Protect\n|move|p1a: Emperor|Tailwind|p1a: Emperor\n|-sidestart|p1: bertcamem|move: Tailwind\n|\n|-damage|p2a: Iron Valiant|35/100 brn|[from] brn\n|upkeep\n|turn|3\n|\n|t:|1746012511\n|switch|p1a: Sun|Koraidon, L50|100/100\n|-weather|SunnyDay|[from] ability: Orichalcum Pulse|[of] p1a: Sun\n|-activate|p1a: Sun|Orichalcum Pulse|[source]\n|move|p2a: Iron Valiant|Encore||[still]\n|-fail|p2a: Iron Valiant\n|move|p1b: Tower|Thunderbolt|p2b: Terapagos\n|-activate|p2b: Terapagos|ability: Tera Shell\n|-resisted|p2b: Terapagos\n|-damage|p2b: Terapagos|82/100\n|move|p2b: Terapagos|Calm Mind|p2b: Terapagos\n|-boost|p2b: Terapagos|spa|1\n|-boost|p2b: Terapagos|spd|1\n|\n|-weather|SunnyDay|[upkeep]\n|-heal|p2b: Terapagos|88/100|[from] item: Leftovers\n|-damage|p2a: Iron Valiant|29/100 brn|[from] brn\n|upkeep\n|turn|4\n|\n|t:|1746012532\n|-terastallize|p2b: Terapagos|Stellar\n|detailschange|p2b: Terapagos|Terapagos-Stellar, L50, M, tera:Stellar\n|-heal|p2b: Terapagos|91/100|[silent]\n|-ability|p2b: Terapagos|Teraform Zero\n|-weather|none\n|move|p1a: Sun|Close Combat|p2b: Terapagos\n|-supereffective|p2b: Terapagos\n|-damage|p2b: Terapagos|11/100\n|-unboost|p1a: Sun|def|1\n|-unboost|p1a: Sun|spd|1\n|-damage|p1a: Sun|91/100|[from] item: Life Orb\n|move|p2a: Iron Valiant|Spirit Break|p1a: Sun\n|-supereffective|p1a: Sun\n|-damage|p1a: Sun|0 fnt\n|faint|p1a: Sun\n|move|p1b: Tower|Thunderbolt|p2a: Iron Valiant\n|-damage|p2a: Iron Valiant|0 fnt\n|faint|p2a: Iron Valiant\n|-end|p2a: Iron Valiant|Quark Drive|[silent]\n|move|p2b: Terapagos|Tera Starstorm|p1b: Tower\n|-crit|p1b: Tower\n|-damage|p1b: Tower|0 fnt\n|faint|p1b: Tower\n|-end|p1b: Tower|Protosynthesis|[silent]\n|\n|-heal|p2b: Terapagos|18/100|[from] item: Leftovers\n|-sideend|p2: zisar|move: Tailwind\n|upkeep\n|\n|t:|1746012554\n|switch|p1a: Emperor|Ho-Oh, L50|100/100\n|switch|p2a: Ho-Oh|Ho-Oh, L50, shiny|85/100\n|switch|p1b: Magician|Flutter Mane, L50|100/100\n|turn|5\n|\n|t:|1746012569\n|move|p2b: Terapagos|Protect|p2b: Terapagos\n|-singleturn|p2b: Terapagos|Protect\n|move|p1b: Magician|Moonblast|p2b: Terapagos\n|-activate|p2b: Terapagos|move: Protect\n|move|p1a: Emperor|Brave Bird|p2a: Ho-Oh\n|-damage|p2a: Ho-Oh|24/100\n|-damage|p1a: Emperor|84/100|[from] item: Rocky Helmet|[of] p2a: Ho-Oh\n|-damage|p1a: Emperor|64/100|[from] Recoil\n|move|p2a: Ho-Oh|Tailwind|p2a: Ho-Oh\n|-sidestart|p2: zisar|move: Tailwind\n|\n|-heal|p2b: Terapagos|24/100|[from] item: Leftovers\n|-sideend|p1: bertcamem|move: Tailwind\n|upkeep\n|turn|6\n|\n|t:|1746012585\n|move|p2a: Ho-Oh|Brave Bird|p1b: Magician\n|-enditem|p1b: Magician|Focus Sash\n|-damage|p1b: Magician|1/100\n|-damage|p2a: Ho-Oh|4/100|[from] Recoil\n|move|p2b: Terapagos|Tera Starstorm|p1a: Emperor|[spread] p1a,p1b\n|-damage|p1a: Emperor|31/100\n|-damage|p1b: Magician|0 fnt\n|faint|p1b: Magician\n|-end|p1b: Magician|Protosynthesis|[silent]\n|move|p1a: Emperor|Tailwind|p1a: Emperor\n|-sidestart|p1: bertcamem|move: Tailwind\n|\n|-heal|p2b: Terapagos|30/100|[from] item: Leftovers\n|upkeep\n|turn|7\n|-message|bertcamem forfeited.\n|\n|win|zisar\n||bertcamem is ready for game 2.\n|inactive|zisar has 30 seconds to confirm battle start!\n||zisar is ready for game 2.\n|uhtml|next|Next: <a href=\"/battle-gen9vgc2025regibo3-2353867821\"><strong>Game 2 of 3</strong></a>\n|l|\u2606bertcamem\n|player|p1|\n|l|\u2606zisar\n|player|p2|\n", "uploadtime": 1746012898, "views": 6, "formatid": "gen9vgc2025regibo3", "rating": null, "private": 0, "password": null}