{"id": "gen9vgc2025regibo3-2354087745", "format": "[Gen 9] VGC 2025 Reg I (Bo3)", "players": ["Qicide", "Dragoblaze12"], "log": "|j|\u2606Qicide\n|j|\u2606Dragoblaze12\n|html|<table width=\"100%\"><tr><td align=\"left\">Qicide</td><td align=\"right\">Dragoblaze12</tr><tr><td align=\"left\"><i class=\"fa fa-circle\"></i> <i class=\"fa fa-circle-o\"></i> </td><td align=\"right\"><i class=\"fa fa-circle-o\"></i> <i class=\"fa fa-circle-o\"></i> </tr></table>\n|uhtml|bestof|<h2><strong>Game 2</strong> of <a href=\"/game-bestof3-gen9vgc2025regibo3-2354084348\">a best-of-3</a></h2>\n|t:|1746033783\n|gametype|doubles\n|player|p1|Qicide|red|1326\n|player|p2|Dragoblaze12|1|1400\n|teamsize|p1|6\n|teamsize|p2|6\n|gen|9\n|tier|[Gen 9] VGC 2025 Reg I (Bo3)\n|rated|\n|rule|Species Clause: Limit one of each Pok\u00e9mon\n|rule|Item Clause: Limit 1 of each item\n|clearpoke\n|poke|p1|Chi-Yu, L50|\n|poke|p1|Calyrex-Shadow, L50|\n|poke|p1|Tornadus, L50, M|\n|poke|p1|Groudon, L50|\n|poke|p1|Raging Bolt, L50|\n|poke|p1|Urshifu-*, L50, F|\n|poke|p2|Koraidon, L50|\n|poke|p2|Lunala, L50|\n|poke|p2|Chi-Yu, L50|\n|poke|p2|Ursaluna, L50, M|\n|poke|p2|Brute Bonnet, L50|\n|poke|p2|Flutter Mane, L50|\n|teampreview|4\n|showteam|p1|Chi-Yu||ChoiceScarf|BeadsofRuin|HeatWave,Overheat,DarkPulse,Snarl||||||50|,,,,,Ghost]Calyrex-Shadow||LifeOrb|AsOneSpectrier|AstralBarrage,Psychic,Encore,Protect||||||50|,,,,,Normal]Tornadus||RockyHelmet|Prankster|BleakwindStorm,Tailwind,Protect,SunnyDay|||M|||50|,,,,,Dark]Groudon||ClearAmulet|Drought|HeatCrash,PrecipiceBlades,HighHorsepower,Protect||||||50|,,,,,Fire]Raging Bolt||AssaultVest|Protosynthesis|Thunderbolt,Electroweb,Thunderclap,DracoMeteor||||||50|,,,,,Electric]Urshifu||FocusSash|UnseenFist|WickedBlow,SuckerPunch,CloseCombat,Protect|||F|||50|,,,,,Dark\n|showteam|p2|Koraidon||LifeOrb|OrichalcumPulse|FlareBlitz,FlameCharge,CloseCombat,Protect||||||50|,,,,,Fire]Lunala||PowerHerb|ShadowShield|TrickRoom,WideGuard,MeteorBeam,MoongeistBeam||||||50|,,,,,Water]Chi-Yu||ChoiceScarf|BeadsofRuin|Overheat,HeatWave,DarkPulse,Snarl||||||50|,,,,,Ghost]Ursaluna||FlameOrb|Guts|Earthquake,HeadlongRush,Protect,Facade|||M|||50|,,,,,Water]Brute Bonnet||CovertCloak|Protosynthesis|SeedBomb,SuckerPunch,RagePowder,Spore||||||50|,,,,,Water]Flutter Mane||FocusSash|Protosynthesis|Moonblast,IcyWind,ShadowBall,Protect||||||50|,,,,,Normal\n|inactive|Battle timer is ON: inactive players will automatically lose when time's up. (requested by Qicide)\n|inactive|Qicide has 60 seconds left.\n|inactive|Dragoblaze12 has 60 seconds left.\n|\n|t:|1746033842\n|start\n|switch|p1a: Tornadus|Tornadus, L50, M|100/100\n|switch|p1b: Urshifu|Urshifu, L50, F|100/100\n|switch|p2a: Lunala|Lunala, L50|100/100\n|switch|p2b: Brute Bonnet|Brute Bonnet, L50|100/100\n|turn|1\n|inactive|Dragoblaze12 has 30 seconds left.\n|inactive|Dragoblaze12 has 20 seconds left.\n|inactive|Dragoblaze12 has 15 seconds left.\n|\n|t:|1746033884\n|-terastallize|p2a: Lunala|Water\n|move|p1a: Tornadus|Bleakwind Storm|p2a: Lunala|[spread] p2a,p2b\n|-supereffective|p2b: Brute Bonnet\n|-damage|p2a: Lunala|86/100\n|-damage|p2b: Brute Bonnet|37/100\n|move|p1b: Urshifu|Wicked Blow|p2a: Lunala\n|-crit|p2a: Lunala\n|-damage|p2a: Lunala|37/100\n|move|p2b: Brute Bonnet|Spore|p1b: Urshifu\n|-status|p1b: Urshifu|slp|[from] move: Spore\n|move|p2a: Lunala|Trick Room|p2a: Lunala\n|-fieldstart|move: Trick Room|[of] p2a: Lunala\n|\n|upkeep\n|turn|2\n|inactive|Dragoblaze12 has 30 seconds left.\n|\n|t:|1746033909\n|-end|p2b: Brute Bonnet|Protosynthesis|[silent]\n|switch|p2b: Ursaluna|Ursaluna, L50, M|100/100\n|move|p1a: Tornadus|Protect|p1a: Tornadus\n|-singleturn|p1a: Tornadus|Protect\n|move|p2a: Lunala|Meteor Beam||[still]\n|-prepare|p2a: Lunala|Meteor Beam\n|-boost|p2a: Lunala|spa|1\n|-enditem|p2a: Lunala|Power Herb\n|-anim|p2a: Lunala|Meteor Beam|p1a: Tornadus\n|-activate|p1a: Tornadus|move: Protect\n|cant|p1b: Urshifu|slp\n|\n|-status|p2b: Ursaluna|brn|[from] item: Flame Orb\n|upkeep\n|turn|3\n|inactive|Dragoblaze12 has 30 seconds left.\n|\n|t:|1746033937\n|move|p2b: Ursaluna|Facade|p1b: Urshifu\n|-enditem|p1b: Urshifu|Focus Sash\n|-damage|p1b: Urshifu|1/100 slp\n|move|p2a: Lunala|Moongeist Beam|p1b: Urshifu\n|-resisted|p1b: Urshifu\n|-damage|p1b: Urshifu|0 fnt\n|faint|p1b: Urshifu\n|move|p1a: Tornadus|Bleakwind Storm|p2a: Lunala|[spread] p2b\n|-miss|p1a: Tornadus|p2a: Lunala\n|-damage|p2b: Ursaluna|65/100 brn\n|\n|-damage|p2b: Ursaluna|59/100 brn|[from] brn\n|upkeep\n|\n|t:|1746033953\n|switch|p1b: Groudon|Groudon, L50|100/100\n|-weather|SunnyDay|[from] ability: Drought|[of] p1b: Groudon\n|turn|4\n|inactive|Dragoblaze12 has 30 seconds left.\n|\n|t:|1746033982\n|move|p1b: Groudon|Protect|p1b: Groudon\n|-singleturn|p1b: Groudon|Protect\n|move|p2b: Ursaluna|Facade|p1b: Groudon\n|-activate|p1b: Groudon|move: Protect\n|move|p2a: Lunala|Moongeist Beam|p1a: Tornadus\n|-damage|p1a: Tornadus|0 fnt\n|faint|p1a: Tornadus\n|\n|-weather|SunnyDay|[upkeep]\n|-damage|p2b: Ursaluna|53/100 brn|[from] brn\n|upkeep\n|\n|t:|1746033991\n|switch|p1a: Raging Bolt|Raging Bolt, L50|100/100\n|-activate|p1a: Raging Bolt|ability: Protosynthesis\n|-start|p1a: Raging Bolt|protosynthesisspa\n|turn|5\n|inactive|Dragoblaze12 has 30 seconds left.\n|inactive|Dragoblaze12 has 20 seconds left.\n|inactive|Dragoblaze12 has 15 seconds left.\n|inactive|Dragoblaze12 has 10 seconds left.\n|\n|t:|1746034038\n|-terastallize|p1a: Raging Bolt|Electric\n|move|p1a: Raging Bolt|Thunderclap|p2a: Lunala\n|-supereffective|p2a: Lunala\n|-damage|p2a: Lunala|0 fnt\n|faint|p2a: Lunala\n|move|p2b: Ursaluna|Facade|p1b: Groudon\n|-damage|p1b: Groudon|17/100\n|move|p1b: Groudon|High Horsepower|p2b: Ursaluna\n|-damage|p2b: Ursaluna|14/100 brn\n|\n|-weather|SunnyDay|[upkeep]\n|-damage|p2b: Ursaluna|8/100 brn|[from] brn\n|-fieldend|move: Trick Room\n|upkeep\n|\n|t:|1746034047\n|switch|p2a: Koraidon|Koraidon, L50|100/100\n|-activate|p2a: Koraidon|ability: Orichalcum Pulse\n|turn|6\n|inactive|Dragoblaze12 has 30 seconds left.\n|inactive|Dragoblaze12 has 20 seconds left.\n|inactive|Dragoblaze12 has 15 seconds left.\n|inactive|Dragoblaze12 has 10 seconds left.\n|\n|t:|1746034092\n|move|p2a: Koraidon|Flare Blitz|p1a: Raging Bolt\n|-damage|p1a: Raging Bolt|5/100\n|-damage|p2a: Koraidon|59/100|[from] Recoil\n|-damage|p2a: Koraidon|49/100|[from] item: Life Orb\n|move|p1b: Groudon|High Horsepower|p2b: Ursaluna\n|-damage|p2b: Ursaluna|0 fnt\n|faint|p2b: Ursaluna\n|move|p1a: Raging Bolt|Draco Meteor|p2a: Koraidon|[miss]\n|-miss|p1a: Raging Bolt|p2a: Koraidon\n|\n|-weather|SunnyDay|[upkeep]\n|upkeep\n|\n|t:|1746034100\n|switch|p2b: Brute Bonnet|Brute Bonnet, L50|37/100\n|-activate|p2b: Brute Bonnet|ability: Protosynthesis\n|-start|p2b: Brute Bonnet|protosynthesisdef\n|turn|7\n|inactive|Dragoblaze12 has 30 seconds left.\n|\n|t:|1746034131\n|move|p1a: Raging Bolt|Thunderclap|p2a: Koraidon\n|-resisted|p2a: Koraidon\n|-damage|p2a: Koraidon|8/100\n|move|p2b: Brute Bonnet|Sucker Punch|p1b: Groudon\n|-damage|p1b: Groudon|0 fnt\n|faint|p1b: Groudon\n|move|p2a: Koraidon|Flare Blitz|p1a: Raging Bolt\n|-crit|p1a: Raging Bolt\n|-damage|p1a: Raging Bolt|0 fnt\n|faint|p1a: Raging Bolt\n|-end|p1a: Raging Bolt|Protosynthesis|[silent]\n|-damage|p2a: Koraidon|6/100|[from] Recoil\n|-damage|p2a: Koraidon|0 fnt|[from] item: Life Orb\n|faint|p2a: Koraidon\n|\n|win|Dragoblaze12\n", "uploadtime": 1746034138, "views": 12, "formatid": "gen9vgc2025regibo3", "rating": null, "private": 0, "password": null}