{"id": "gen9vgc2025regibo3-2354223239", "format": "[Gen 9] VGC 2025 Reg I (Bo3)", "players": ["lokkont", "Pacca100"], "log": "|j|\u2606lokkont\n|j|\u2606Pacca100\n|html|<table width=\"100%\"><tr><td align=\"left\">lokkont</td><td align=\"right\">Pacca100</tr><tr><td align=\"left\"><i class=\"fa fa-circle\"></i> <i class=\"fa fa-circle-o\"></i> </td><td align=\"right\"><i class=\"fa fa-circle-o\"></i> <i class=\"fa fa-circle\"></i> </tr></table>\n|uhtml|bestof|<h2><strong>Game 3</strong> of <a href=\"/game-bestof3-gen9vgc2025regibo3-2354216473\">a best-of-3</a></h2>\n|t:|1746046304\n|gametype|doubles\n|player|p1|lokkont|2|1223\n|player|p2|Pacca100|169|1188\n|teamsize|p1|6\n|teamsize|p2|6\n|gen|9\n|tier|[Gen 9] VGC 2025 Reg I (Bo3)\n|rated|\n|rule|Species Clause: Limit one of each Pok\u00e9mon\n|rule|Item Clause: Limit 1 of each item\n|clearpoke\n|poke|p1|Calyrex-Shadow, L50|\n|poke|p1|Zamazenta-*, L50|\n|poke|p1|Urshifu-*, L50, M|\n|poke|p1|Rillaboom, L50, M|\n|poke|p1|Incineroar, L50, M|\n|poke|p1|Pelipper, L50, F|\n|poke|p2|Miraidon, L50|\n|poke|p2|Lunala, L50|\n|poke|p2|Ogerpon-Hearthflame, L50, F|\n|poke|p2|Iron Hands, L50|\n|poke|p2|Iron Bundle, L50|\n|poke|p2|Urshifu-*, L50, F|\n|teampreview|4\n|showteam|p1|Calyrex-Shadow||LifeOrb|AsOneSpectrier|Protect,AstralBarrage,Substitute,Psychic||||||50|,,,,,Dark]Zamazenta-Crowned||RustedShield|DauntlessShield|HeavySlam,BodyPress,Protect,WideGuard||||||50|,,,,,Dragon]Urshifu-Rapid-Strike||ChoiceScarf|UnseenFist|SurgingStrikes,CloseCombat,AquaJet,Uturn|||M|||50|,,,,,Ghost]Rillaboom||AssaultVest|GrassySurge|FakeOut,GrassyGlide,WoodHammer,Uturn|||M|||50|,,,,,Fire]Incineroar||SafetyGoggles|Intimidate|FakeOut,WillOWisp,KnockOff,PartingShot|||M|||50|,,,,,Bug]Pelipper||FocusSash|Drizzle|WeatherBall,Hurricane,Tailwind,Protect|||F|||50|,,,,,Ghost\n|showteam|p2|Miraidon||ChoiceSpecs|HadronEngine|ElectroDrift,VoltSwitch,DazzlingGleam,DracoMeteor||||||50|,,,,,Fairy]Lunala||ElectricSeed|ShadowShield|MoongeistBeam,Moonblast,TrickRoom,WideGuard||||||50|,,,,,Fairy]Ogerpon-Hearthflame||HearthflameMask|MoldBreaker|FollowMe,IvyCudgel,WoodHammer,SpikyShield|||F|||50|,,,,,Fire]Iron Hands||AssaultVest|QuarkDrive|FakeOut,WildCharge,LowKick,HeavySlam||||||50|,,,,,Bug]Iron Bundle||FocusSash|QuarkDrive|FreezeDry,IcyWind,Encore,Protect||||||50|,,,,,Ghost]Urshifu||ChoiceBand|UnseenFist|WickedBlow,CloseCombat,SuckerPunch,PoisonJab|||F|||50|,,,,,Poison\n|inactive|Battle timer is ON: inactive players will automatically lose when time's up. (requested by lokkont)\n|inactive|lokkont has 60 seconds left.\n|\n|t:|1746046350\n|start\n|switch|p1a: Calyrex|Calyrex-Shadow, L50|100/100\n|switch|p1b: Urshifu|Urshifu-Rapid-Strike, L50, M|100/100\n|switch|p2a: Miraidon|Miraidon, L50|100/100\n|switch|p2b: Lunala|Lunala, L50|100/100\n|-ability|p1a: Calyrex|As One\n|-ability|p1a: Calyrex|Unnerve\n|-fieldstart|move: Electric Terrain|[from] ability: Hadron Engine|[of] p2a: Miraidon\n|-enditem|p2b: Lunala|Electric Seed\n|-boost|p2b: Lunala|def|1|[from] item: Electric Seed\n|turn|1\n|inactive|Pacca100 has 30 seconds left.\n|\n|t:|1746046383\n|-terastallize|p1a: Calyrex|Dark\n|-terastallize|p2b: Lunala|Fairy\n|move|p1b: Urshifu|U-turn|p2b: Lunala\n|-resisted|p2b: Lunala\n|-damage|p2b: Lunala|97/100\n|\n|t:|1746046389\n|switch|p1b: Rillaboom|Rillaboom, L50, M|100/100|[from] U-turn\n|-fieldstart|move: Grassy Terrain|[from] ability: Grassy Surge|[of] p1b: Rillaboom\n|move|p1a: Calyrex|Astral Barrage|p2a: Miraidon|[spread] p2a,p2b\n|-damage|p2a: Miraidon|39/100\n|-damage|p2b: Lunala|51/100\n|-damage|p1a: Calyrex|91/100|[from] item: Life Orb\n|move|p2a: Miraidon|Dazzling Gleam|p1a: Calyrex|[spread] p1a,p1b\n|-supereffective|p1a: Calyrex\n|-damage|p1a: Calyrex|34/100\n|-damage|p1b: Rillaboom|80/100\n|move|p2b: Lunala|Trick Room|p2b: Lunala\n|-fieldstart|move: Trick Room|[of] p2b: Lunala\n|\n|-heal|p1b: Rillaboom|86/100|[from] Grassy Terrain\n|-heal|p2b: Lunala|58/100|[from] Grassy Terrain\n|-heal|p2a: Miraidon|45/100|[from] Grassy Terrain\n|-heal|p1a: Calyrex|40/100|[from] Grassy Terrain\n|upkeep\n|turn|2\n|inactive|lokkont has 30 seconds left.\n|inactive|lokkont has 20 seconds left.\n|inactive|lokkont has 15 seconds left.\n|inactive|lokkont has 10 seconds left.\n|inactive|lokkont has 5 seconds left.\n|\n|t:|1746046441\n|switch|p1a: Zamazenta|Zamazenta-Crowned, L50|100/100\n|-ability|p1a: Zamazenta|Dauntless Shield|boost\n|-boost|p1a: Zamazenta|def|1\n|move|p1b: Rillaboom|Fake Out|p2a: Miraidon\n|-damage|p2a: Miraidon|30/100\n|move|p2b: Lunala|Moonblast|p1a: Zamazenta\n|-damage|p1a: Zamazenta|54/100\n|cant|p2a: Miraidon|flinch\n|\n|-heal|p1b: Rillaboom|93/100|[from] Grassy Terrain\n|-heal|p2b: Lunala|64/100|[from] Grassy Terrain\n|-heal|p1a: Zamazenta|60/100|[from] Grassy Terrain\n|-heal|p2a: Miraidon|36/100|[from] Grassy Terrain\n|upkeep\n|turn|3\n|\n|t:|1746046462\n|switch|p2a: Iron Hands|Iron Hands, L50|100/100\n|move|p1a: Zamazenta|Protect|p1a: Zamazenta\n|-singleturn|p1a: Zamazenta|Protect\n|move|p1b: Rillaboom|U-turn|p2a: Iron Hands\n|-resisted|p2a: Iron Hands\n|-damage|p2a: Iron Hands|92/100\n|\n|t:|1746046469\n|switch|p1b: Calyrex|Calyrex-Shadow, L50, tera:Dark|40/100|[from] U-turn\n|-ability|p1b: Calyrex|As One\n|-ability|p1b: Calyrex|Unnerve\n|move|p2b: Lunala|Moonblast|p1a: Zamazenta\n|-activate|p1a: Zamazenta|move: Protect\n|\n|-heal|p2a: Iron Hands|98/100|[from] Grassy Terrain\n|-heal|p2b: Lunala|70/100|[from] Grassy Terrain\n|-heal|p1a: Zamazenta|66/100|[from] Grassy Terrain\n|-heal|p1b: Calyrex|45/100|[from] Grassy Terrain\n|upkeep\n|turn|4\n|inactive|lokkont has 30 seconds left.\n|inactive|lokkont has 20 seconds left.\n|inactive|lokkont has 15 seconds left.\n|\n|t:|1746046512\n|move|p2a: Iron Hands|Low Kick|p1a: Zamazenta\n|-supereffective|p1a: Zamazenta\n|-damage|p1a: Zamazenta|8/100\n|move|p2b: Lunala|Moonblast|p1a: Zamazenta\n|-damage|p1a: Zamazenta|0 fnt\n|faint|p1a: Zamazenta\n|move|p1b: Calyrex|Astral Barrage|p2b: Lunala|[spread] p2a,p2b\n|-damage|p2a: Iron Hands|63/100\n|-damage|p2b: Lunala|21/100\n|-damage|p1b: Calyrex|36/100|[from] item: Life Orb\n|\n|-heal|p2a: Iron Hands|69/100|[from] Grassy Terrain\n|-heal|p2b: Lunala|28/100|[from] Grassy Terrain\n|-heal|p1b: Calyrex|42/100|[from] Grassy Terrain\n|upkeep\n|\n|t:|1746046517\n|switch|p1a: Rillaboom|Rillaboom, L50, M|93/100\n|turn|5\n|inactive|Pacca100 has 30 seconds left.\n|\n|t:|1746046549\n|switch|p2b: Miraidon|Miraidon, L50|36/100\n|-fieldstart|move: Electric Terrain|[from] ability: Hadron Engine|[of] p2b: Miraidon\n|-activate|p2a: Iron Hands|ability: Quark Drive\n|-start|p2a: Iron Hands|quarkdriveatk\n|move|p1b: Calyrex|Protect|p1b: Calyrex\n|-singleturn|p1b: Calyrex|Protect\n|move|p2a: Iron Hands|Low Kick|p1a: Rillaboom\n|-damage|p1a: Rillaboom|33/100\n|move|p1a: Rillaboom|U-turn|p2b: Miraidon\n|-damage|p2b: Miraidon|11/100\n|\n|t:|1746046558\n|switch|p1a: Urshifu|Urshifu-Rapid-Strike, L50, M|100/100|[from] U-turn\n|\n|-fieldend|move: Trick Room\n|upkeep\n|turn|6\n|\n|t:|1746046578\n|move|p1a: Urshifu|Surging Strikes|p2a: Iron Hands\n|-crit|p2a: Iron Hands\n|-damage|p2a: Iron Hands|52/100\n|-crit|p2a: Iron Hands\n|-damage|p2a: Iron Hands|36/100\n|-crit|p2a: Iron Hands\n|-damage|p2a: Iron Hands|20/100\n|-hitcount|p2a: Iron Hands|3\n|move|p1b: Calyrex|Astral Barrage|p2b: Miraidon|[spread] p2a,p2b\n|-damage|p2a: Iron Hands|0 fnt\n|-damage|p2b: Miraidon|0 fnt\n|faint|p2a: Iron Hands\n|-end|p2a: Iron Hands|Quark Drive|[silent]\n|faint|p2b: Miraidon\n|-ability|p1b: Calyrex|Grim Neigh|boost\n|-boost|p1b: Calyrex|spa|2\n|-damage|p1b: Calyrex|32/100|[from] item: Life Orb\n|\n|upkeep\n|\n|t:|1746046580\n|switch|p2b: Ogerpon|Ogerpon-Hearthflame, L50, F|100/100\n|switch|p2a: Lunala|Lunala, L50, tera:Fairy|28/100\n|-ability|p2b: Ogerpon|Mold Breaker\n|turn|7\n|inactive|lokkont has 30 seconds left.\n|inactive|lokkont has 20 seconds left.\n|\n|t:|1746046616\n|move|p2b: Ogerpon|Follow Me|p2b: Ogerpon\n|-singleturn|p2b: Ogerpon|move: Follow Me\n|move|p1a: Urshifu|Surging Strikes|p2b: Ogerpon\n|-crit|p2b: Ogerpon\n|-damage|p2b: Ogerpon|72/100\n|-crit|p2b: Ogerpon\n|-damage|p2b: Ogerpon|45/100\n|-crit|p2b: Ogerpon\n|-damage|p2b: Ogerpon|18/100\n|-hitcount|p2b: Ogerpon|3\n|move|p1b: Calyrex|Psychic|p2b: Ogerpon\n|-damage|p2b: Ogerpon|0 fnt\n|faint|p2b: Ogerpon\n|-ability|p1b: Calyrex|Grim Neigh|boost\n|-boost|p1b: Calyrex|spa|1\n|-damage|p1b: Calyrex|23/100|[from] item: Life Orb\n|move|p2a: Lunala|Trick Room|p2a: Lunala\n|-fieldstart|move: Trick Room|[of] p2a: Lunala\n|\n|upkeep\n|turn|8\n|\n|t:|1746046632\n|move|p2a: Lunala|Moonblast|p1a: Urshifu\n|-supereffective|p1a: Urshifu\n|-damage|p1a: Urshifu|0 fnt\n|faint|p1a: Urshifu\n|move|p1b: Calyrex|Psychic|p2a: Lunala\n|-damage|p2a: Lunala|0 fnt\n|faint|p2a: Lunala\n|-damage|p1b: Calyrex|13/100|[from] item: Life Orb\n|\n|win|lokkont\n|raw|lokkont's rating: 1223 &rarr; <strong>1245</strong><br />(+22 for winning)\n|raw|Pacca100's rating: 1188 &rarr; <strong>1166</strong><br />(-22 for losing)\n|l|\u2606Pacca100\n|player|p2|\n", "uploadtime": 1746046684, "views": 17, "formatid": "gen9vgc2025regibo3", "rating": 1166, "private": 0, "password": null}