{"id": "gen9vgc2025regibo3-2353530259", "format": "[Gen 9] VGC 2025 Reg I (Bo3)", "players": ["coyotekj67", "tejaselfy"], "log": "|j|\u2606coyotekj67\n|j|\u2606tejaselfy\n|html|<table width=\"100%\"><tr><td align=\"left\">coyotekj67</td><td align=\"right\">tejaselfy</tr><tr><td align=\"left\"><i class=\"fa fa-circle-o\"></i> <i class=\"fa fa-circle-o\"></i> </td><td align=\"right\"><i class=\"fa fa-circle-o\"></i> <i class=\"fa fa-circle-o\"></i> </tr></table>\n|uhtml|bestof|<h2><strong>Game 1</strong> of <a href=\"/game-bestof3-gen9vgc2025regibo3-2353530256\">a best-of-3</a></h2>\n|t:|1745965001\n|gametype|doubles\n|player|p1|coyotekj67|youngster-gen4dp|1061\n|player|p2|tejaselfy|102|1015\n|teamsize|p1|6\n|teamsize|p2|6\n|gen|9\n|tier|[Gen 9] VGC 2025 Reg I (Bo3)\n|rated|\n|rule|Species Clause: Limit one of each Pok\u00e9mon\n|rule|Item Clause: Limit 1 of each item\n|clearpoke\n|poke|p1|Koraidon, L50|\n|poke|p1|Necrozma-Dawn-Wings, L50|\n|poke|p1|Indeedee-F, L50, F|\n|poke|p1|Jumpluff, L50, F|\n|poke|p1|Serperior, L50, M|\n|poke|p1|Samurott-Hisui, L50, M|\n|poke|p2|Incineroar, L50, M|\n|poke|p2|Ditto, L50|\n|poke|p2|Calyrex-Shadow, L50|\n|poke|p2|Rillaboom, L50, M|\n|poke|p2|Urshifu-*, L50, M|\n|poke|p2|Zamazenta-*, L50|\n|teampreview|4\n|showteam|p1|Koraidon||ClearAmulet|OrichalcumPulse|FlareBlitz,CollisionCourse,Protect,Uturn||||||50|,,,,,Fighting]Necrozma-Dawn-Wings||WeaknessPolicy|PrismArmor|MeteorBeam,ExpandingForce,MoongeistBeam,Protect||||||50|,,,,,Psychic]Indeedee-F||PsychicSeed|PsychicSurge|DazzlingGleam,FollowMe,HelpingHand,TrickRoom|||F|||50|,,,,,Poison]Jumpluff||FocusSash|Chlorophyll|Tailwind,RagePowder,PollenPuff,SleepPowder|||F|||50|,,,,,Bug]Serperior||BlunderPolicy|Contrary|LeafStorm,TeraBlast,GrassPledge,Protect|||M|||50|,,,,,Ground]Samurott-Hisui||HeavyDutyBoots|Sharpness|WaterPledge,CeaselessEdge,Detect,RazorShell|||M|||50|,,,,,Ghost\n|showteam|p2|Incineroar||SafetyGoggles|Intimidate|FakeOut,PartingShot,HelpingHand,KnockOff|||M|||50|,,,,,Ghost]Ditto||ChoiceScarf|Imposter|Transform||||||50|,,,,,Normal]Calyrex-Shadow||CovertCloak|AsOneSpectrier|Protect,AstralBarrage,NastyPlot,Psyshock||||||50|,,,,,Water]Rillaboom||AssaultVest|GrassySurge|FakeOut,WoodHammer,Uturn,GrassyGlide|||M|||50|,,,,,Fire]Urshifu-Rapid-Strike||FocusSash|UnseenFist|Detect,SurgingStrikes,CloseCombat,AquaJet|||M|||50|,,,,,Stellar]Zamazenta-Crowned||RustedShield|DauntlessShield|WideGuard,IronDefense,BodyPress,Protect||||||50|,,,,,Dragon\n|\n|t:|1745965033\n|start\n|switch|p1a: Indeedee|Indeedee-F, L50, F|100/100\n|switch|p1b: Necrozma|Necrozma-Dawn-Wings, L50|100/100\n|switch|p2a: Incineroar|Incineroar, L50, M|100/100\n|switch|p2b: Rillaboom|Rillaboom, L50, M|100/100\n|-fieldstart|move: Grassy Terrain|[from] ability: Grassy Surge|[of] p2b: Rillaboom\n|-fieldstart|move: Psychic Terrain|[from] ability: Psychic Surge|[of] p1a: Indeedee\n|-enditem|p1a: Indeedee|Psychic Seed\n|-boost|p1a: Indeedee|spd|1|[from] item: Psychic Seed\n|-ability|p2a: Incineroar|Intimidate|boost\n|-unboost|p1a: Indeedee|atk|1\n|-unboost|p1b: Necrozma|atk|1\n|turn|1\n|\n|t:|1745965066\n|switch|p2b: Calyrex|Calyrex-Shadow, L50|100/100\n|-ability|p2b: Calyrex|As One\n|-ability|p2b: Calyrex|Unnerve\n|-terastallize|p2a: Incineroar|Ghost\n|move|p2a: Incineroar|Knock Off|p1b: Necrozma\n|-supereffective|p1b: Necrozma\n|-damage|p1b: Necrozma|12/100\n|-enditem|p1b: Necrozma|Weakness Policy\n|-boost|p1b: Necrozma|atk|2|[from] item: Weakness Policy\n|-boost|p1b: Necrozma|spa|2|[from] item: Weakness Policy\n|move|p1b: Necrozma|Meteor Beam||[still]\n|-prepare|p1b: Necrozma|Meteor Beam\n|-boost|p1b: Necrozma|spa|1\n|move|p1a: Indeedee|Trick Room|p1a: Indeedee\n|-fieldstart|move: Trick Room|[of] p1a: Indeedee\n|\n|upkeep\n|turn|2\n|\n|t:|1745965100\n|move|p2b: Calyrex|Protect|p2b: Calyrex\n|-singleturn|p2b: Calyrex|Protect\n|move|p1a: Indeedee|Follow Me|p1a: Indeedee\n|-singleturn|p1a: Indeedee|move: Follow Me\n|move|p1b: Necrozma|Meteor Beam|p2a: Incineroar|[from] lockedmove|[miss]\n|-miss|p1b: Necrozma|p2a: Incineroar\n|move|p2a: Incineroar|Parting Shot|p1a: Indeedee\n|-unboost|p1a: Indeedee|atk|1\n|-unboost|p1a: Indeedee|spa|1\n|\n|t:|1745965109\n|switch|p2a: Rillaboom|Rillaboom, L50, M|100/100|[from] Parting Shot\n|-fieldstart|move: Grassy Terrain|[from] ability: Grassy Surge|[of] p2a: Rillaboom\n|\n|-heal|p1b: Necrozma|18/100|[from] Grassy Terrain\n|upkeep\n|turn|3\n|\n|t:|1745965149\n|move|p2b: Calyrex|Protect||[still]\n|-fail|p2b: Calyrex\n|move|p1a: Indeedee|Follow Me|p1a: Indeedee\n|-singleturn|p1a: Indeedee|move: Follow Me\n|move|p2a: Rillaboom|Grassy Glide|p1a: Indeedee\n|-damage|p1a: Indeedee|44/100\n|move|p1b: Necrozma|Moongeist Beam|p2b: Calyrex\n|-supereffective|p2b: Calyrex\n|-damage|p2b: Calyrex|0 fnt\n|faint|p2b: Calyrex\n|\n|-heal|p1b: Necrozma|24/100|[from] Grassy Terrain\n|-heal|p1a: Indeedee|50/100|[from] Grassy Terrain\n|upkeep\n|\n|t:|1745965162\n|switch|p2b: Incineroar|Incineroar, L50, M, tera:Ghost|100/100\n|-ability|p2b: Incineroar|Intimidate|boost\n|-unboost|p1a: Indeedee|atk|1\n|-unboost|p1b: Necrozma|atk|1\n|turn|4\n|\n|t:|1745965181\n|move|p2b: Incineroar|Helping Hand|p2a: Rillaboom\n|-singleturn|p2a: Rillaboom|Helping Hand|[of] p2b: Incineroar\n|move|p1a: Indeedee|Follow Me|p1a: Indeedee\n|-singleturn|p1a: Indeedee|move: Follow Me\n|move|p1b: Necrozma|Moongeist Beam|p2b: Incineroar\n|-supereffective|p2b: Incineroar\n|-damage|p2b: Incineroar|0 fnt\n|faint|p2b: Incineroar\n|move|p2a: Rillaboom|U-turn|p1a: Indeedee\n|-supereffective|p1a: Indeedee\n|-damage|p1a: Indeedee|0 fnt\n|faint|p1a: Indeedee\n|\n|t:|1745965192\n|switch|p2a: Ditto|Ditto, L50, shiny|100/100|[from] U-turn\n|-transform|p2a: Ditto|p1b: Necrozma|[from] ability: Imposter\n|\n|-heal|p1b: Necrozma|30/100|[from] Grassy Terrain\n|upkeep\n|\n|t:|1745965199\n|switch|p2b: Rillaboom|Rillaboom, L50, M|100/100\n|switch|p1a: Samurott|Samurott-Hisui, L50, M, shiny|100/100\n|turn|5\n|\n|t:|1745965219\n|move|p2b: Rillaboom|Grassy Glide|p1b: Necrozma\n|-damage|p1b: Necrozma|0 fnt\n|faint|p1b: Necrozma\n|move|p2a: Ditto|Moongeist Beam|p1a: Samurott\n|-resisted|p1a: Samurott\n|-damage|p1a: Samurott|0 fnt\n|faint|p1a: Samurott\n|\n|-fieldend|move: Trick Room\n|upkeep\n|\n|t:|1745965222\n|switch|p1b: Koraidon|Koraidon, L50|100/100\n|-weather|SunnyDay|[from] ability: Orichalcum Pulse|[of] p1b: Koraidon\n|-activate|p1b: Koraidon|Orichalcum Pulse|[source]\n|turn|6\n|\n|t:|1745965239\n|move|p2b: Rillaboom|Grassy Glide|p1b: Koraidon\n|-resisted|p1b: Koraidon\n|-damage|p1b: Koraidon|81/100\n|move|p1b: Koraidon|Flare Blitz|p2b: Rillaboom\n|-supereffective|p2b: Rillaboom\n|-damage|p2b: Rillaboom|0 fnt\n|faint|p2b: Rillaboom\n|-damage|p1b: Koraidon|42/100|[from] Recoil\n|move|p2a: Ditto|Moongeist Beam|p1b: Koraidon\n|-damage|p1b: Koraidon|0 fnt\n|faint|p1b: Koraidon\n|\n|win|tejaselfy\n|inactive|coyotekj67 has 30 seconds to confirm battle start!\n|inactive|tejaselfy has 30 seconds to confirm battle start!\n||coyotekj67 is ready for game 2.\n||tejaselfy is ready for game 2.\n|uhtml|next|Next: <a href=\"/battle-gen9vgc2025regibo3-2353532588\"><strong>Game 2 of 3</strong></a>\n", "uploadtime": 1745965599, "views": 6, "formatid": "gen9vgc2025regibo3", "rating": null, "private": 0, "password": null}