{"id": "gen9vgc2025regibo3-2353394427", "format": "[Gen 9] VGC 2025 Reg I (Bo3)", "players": ["Saltlakeswamperts", "haosigismondi"], "log": "|j|\u2606Saltlakeswamperts\n|j|\u2606haosigismondi\n|html|<table width=\"100%\"><tr><td align=\"left\">Saltlakeswamperts</td><td align=\"right\">haosigismondi</tr><tr><td align=\"left\"><i class=\"fa fa-circle-o\"></i> <i class=\"fa fa-circle-o\"></i> </td><td align=\"right\"><i class=\"fa fa-circle-o\"></i> <i class=\"fa fa-circle-o\"></i> </tr></table>\n|uhtml|bestof|<h2><strong>Game 1</strong> of <a href=\"/game-bestof3-gen9vgc2025regibo3-2353394426\">a best-of-3</a></h2>\n|t:|1745952138\n|gametype|doubles\n|player|p1|Saltlakeswamperts|volkner|1040\n|player|p2|haosigismondi|lance|1135\n|teamsize|p1|6\n|teamsize|p2|6\n|gen|9\n|tier|[Gen 9] VGC 2025 Reg I (Bo3)\n|rated|\n|rule|Species Clause: Limit one of each Pok\u00e9mon\n|rule|Item Clause: Limit 1 of each item\n|clearpoke\n|poke|p1|Terapagos, L50, M|\n|poke|p1|Koraidon, L50|\n|poke|p1|Scream Tail, L50|\n|poke|p1|Walking Wake, L50|\n|poke|p1|Whimsicott, L50, M|\n|poke|p1|Ditto, L50|\n|poke|p2|Zamazenta-*, L50|\n|poke|p2|Calyrex-Shadow, L50|\n|poke|p2|Tornadus, L50, M|\n|poke|p2|Urshifu-*, L50, F|\n|poke|p2|Rillaboom, L50, M|\n|poke|p2|Chien-Pao, L50|\n|teampreview|4\n|showteam|p1|Terapagos||Leftovers|TeraShift|TeraStarstorm,DazzlingGleam,Protect,CalmMind|||M|||50|,,,,,Stellar]Koraidon||ClearAmulet|OrichalcumPulse|FlareBlitz,CollisionCourse,SwordsDance,DrainPunch||||||50|,,,,,Fire]Scream Tail||CovertCloak|Protosynthesis|Disable,Protect,FakeTears,Encore||||||50|,,,,,Dark]Walking Wake||BoosterEnergy|Protosynthesis|DracoMeteor,Flamethrower,HydroSteam,Protect||||||50|,,,,,Fire]Whimsicott||FocusSash|Prankster|Tailwind,Protect,Taunt,Encore|||M|||50|,,,,,Water]Ditto||AbilityShield|Imposter|Transform||||||50|,,,,,Stellar\n|showteam|p2|Zamazenta-Crowned||RustedShield|DauntlessShield|BodyPress,HeavySlam,WideGuard,Protect||||||50|,,,,,Ghost]Calyrex-Shadow||FocusSash|AsOneSpectrier|AstralBarrage,Psychic,Encore,Protect||||||50|,,,,,Ghost]Tornadus||RockyHelmet|Prankster|BleakwindStorm,Tailwind,RainDance,Protect|||M|||50|,,,,,Dark]Urshifu-Rapid-Strike||MysticWater|UnseenFist|SurgingStrikes,CloseCombat,AquaJet,Detect|||F|||50|,,,,,Water]Rillaboom||AssaultVest|GrassySurge|WoodHammer,GrassyGlide,Uturn,FakeOut|||M|||50|,,,,,Fire]Chien-Pao||LifeOrb|SwordofRuin|SuckerPunch,IcicleCrash,IceShard,Protect||||||50|,,,,,Stellar\n|inactive|Battle timer is ON: inactive players will automatically lose when time's up. (requested by haosigismondi)\n|inactive|haosigismondi has 60 seconds left.\n|\n|t:|1745952178\n|start\n|switch|p1a: Scream Tail|Scream Tail, L50|100/100\n|switch|p1b: Koraidon|Koraidon, L50|100/100\n|switch|p2a: Tornadus|Tornadus, L50, M|100/100\n|switch|p2b: Urshifu|Urshifu-Rapid-Strike, L50, F|100/100\n|-weather|SunnyDay|[from] ability: Orichalcum Pulse|[of] p1b: Koraidon\n|-activate|p1a: Scream Tail|ability: Protosynthesis\n|-start|p1a: Scream Tail|protosynthesisspe\n|-activate|p1b: Koraidon|Orichalcum Pulse|[source]\n|turn|1\n|\n|t:|1745952197\n|-terastallize|p2b: Urshifu|Water\n|move|p1a: Scream Tail|Protect|p1a: Scream Tail\n|-singleturn|p1a: Scream Tail|Protect\n|move|p2a: Tornadus|Rain Dance|p2a: Tornadus\n|-weather|RainDance\n|-end|p1a: Scream Tail|Protosynthesis\n|move|p1b: Koraidon|Swords Dance|p1b: Koraidon\n|-boost|p1b: Koraidon|atk|2\n|move|p2b: Urshifu|Surging Strikes|p1b: Koraidon\n|-resisted|p1b: Koraidon\n|-crit|p1b: Koraidon\n|-damage|p1b: Koraidon|78/100\n|-resisted|p1b: Koraidon\n|-crit|p1b: Koraidon\n|-damage|p1b: Koraidon|54/100\n|-resisted|p1b: Koraidon\n|-crit|p1b: Koraidon\n|-damage|p1b: Koraidon|32/100\n|-hitcount|p1b: Koraidon|3\n|\n|-weather|RainDance|[upkeep]\n|upkeep\n|turn|2\n|inactive|Saltlakeswamperts has 30 seconds left.\n|\n|t:|1745952226\n|move|p2a: Tornadus|Tailwind|p2a: Tornadus\n|-sidestart|p2: haosigismondi|move: Tailwind\n|move|p2b: Urshifu|Surging Strikes|p1b: Koraidon\n|-resisted|p1b: Koraidon\n|-crit|p1b: Koraidon\n|-damage|p1b: Koraidon|8/100\n|-resisted|p1b: Koraidon\n|-crit|p1b: Koraidon\n|-damage|p1b: Koraidon|0 fnt\n|faint|p1b: Koraidon\n|-hitcount|p1: Koraidon|2\n|move|p1a: Scream Tail|Encore|p2a: Tornadus\n|-start|p2a: Tornadus|Encore\n|\n|-weather|RainDance|[upkeep]\n|upkeep\n|\n|t:|1745952237\n|switch|p1b: Walking Wake|Walking Wake, L50|100/100\n|-enditem|p1b: Walking Wake|Booster Energy\n|-activate|p1b: Walking Wake|ability: Protosynthesis|[fromitem]\n|-start|p1b: Walking Wake|protosynthesisspa\n|turn|3\n|\n|t:|1745952249\n|move|p2a: Tornadus|Tailwind||[still]\n|-fail|p2a: Tornadus\n|move|p2b: Urshifu|Surging Strikes|p1a: Scream Tail\n|-crit|p1a: Scream Tail\n|-damage|p1a: Scream Tail|56/100\n|-crit|p1a: Scream Tail\n|-damage|p1a: Scream Tail|12/100\n|-crit|p1a: Scream Tail\n|-damage|p1a: Scream Tail|0 fnt\n|faint|p1a: Scream Tail\n|-end|p1a: Scream Tail|Protosynthesis|[silent]\n|-hitcount|p1: Scream Tail|3\n|move|p1b: Walking Wake|Hydro Steam|p2b: Urshifu\n|-resisted|p2b: Urshifu\n|-damage|p2b: Urshifu|48/100\n|\n|-weather|RainDance|[upkeep]\n|upkeep\n|\n|t:|1745952263\n|switch|p1a: Ditto|Ditto, L50|100/100\n|-transform|p1a: Ditto|p2b: Urshifu|[from] ability: Imposter\n|-start|p1a: Ditto|typechange|Fighting/Water|[silent]\n|turn|4\n|\n|t:|1745952279\n|move|p2a: Tornadus|Tailwind||[still]\n|-fail|p2a: Tornadus\n|move|p2b: Urshifu|Surging Strikes|p1a: Ditto\n|-resisted|p1a: Ditto\n|-crit|p1a: Ditto\n|-damage|p1a: Ditto|64/100\n|-resisted|p1a: Ditto\n|-crit|p1a: Ditto\n|-damage|p1a: Ditto|25/100\n|-resisted|p1a: Ditto\n|-crit|p1a: Ditto\n|-damage|p1a: Ditto|0 fnt\n|faint|p1a: Ditto\n|-hitcount|p1: Ditto|3\n|move|p1b: Walking Wake|Hydro Steam|p2a: Tornadus\n|-damage|p2a: Tornadus|12/100\n|\n|-weather|RainDance|[upkeep]\n|upkeep\n|turn|5\n|\n|t:|1745952297\n|move|p1b: Walking Wake|Protect|p1b: Walking Wake\n|-singleturn|p1b: Walking Wake|Protect\n|move|p2a: Tornadus|Tailwind||[still]\n|-fail|p2a: Tornadus\n|move|p2b: Urshifu|Surging Strikes|p1b: Walking Wake\n|-resisted|p1b: Walking Wake\n|-crit|p1b: Walking Wake\n|-damage|p1b: Walking Wake|87/100\n|-resisted|p1b: Walking Wake\n|-crit|p1b: Walking Wake\n|-damage|p1b: Walking Wake|73/100\n|-resisted|p1b: Walking Wake\n|-crit|p1b: Walking Wake\n|-damage|p1b: Walking Wake|59/100\n|-hitcount|p1b: Walking Wake|3\n|\n|-weather|none\n|-end|p2a: Tornadus|Encore\n|-sideend|p2: haosigismondi|move: Tailwind\n|upkeep\n|turn|6\n|\n|t:|1745952314\n|move|p2a: Tornadus|Tailwind|p2a: Tornadus\n|-sidestart|p2: haosigismondi|move: Tailwind\n|move|p2b: Urshifu|Surging Strikes|p1b: Walking Wake\n|-resisted|p1b: Walking Wake\n|-crit|p1b: Walking Wake\n|-damage|p1b: Walking Wake|49/100\n|-resisted|p1b: Walking Wake\n|-crit|p1b: Walking Wake\n|-damage|p1b: Walking Wake|40/100\n|-resisted|p1b: Walking Wake\n|-crit|p1b: Walking Wake\n|-damage|p1b: Walking Wake|31/100\n|-hitcount|p1b: Walking Wake|3\n|move|p1b: Walking Wake|Hydro Steam|p2b: Urshifu\n|-resisted|p2b: Urshifu\n|-damage|p2b: Urshifu|15/100\n|\n|upkeep\n|turn|7\n|\n|t:|1745952332\n|move|p2a: Tornadus|Rain Dance|p2a: Tornadus\n|-weather|RainDance\n|move|p2b: Urshifu|Surging Strikes|p1b: Walking Wake\n|-resisted|p1b: Walking Wake\n|-crit|p1b: Walking Wake\n|-damage|p1b: Walking Wake|17/100\n|-resisted|p1b: Walking Wake\n|-crit|p1b: Walking Wake\n|-damage|p1b: Walking Wake|3/100\n|-resisted|p1b: Walking Wake\n|-crit|p1b: Walking Wake\n|-damage|p1b: Walking Wake|0 fnt\n|faint|p1b: Walking Wake\n|-end|p1b: Walking Wake|Protosynthesis|[silent]\n|-hitcount|p1: Walking Wake|3\n|\n|win|haosigismondi\n|inactive|Saltlakeswamperts has 30 seconds to confirm battle start!\n|inactive|haosigismondi has 30 seconds to confirm battle start!\n", "uploadtime": 1745952344, "views": 7, "formatid": "gen9vgc2025regibo3", "rating": null, "private": 0, "password": null}