{"id": "gen9vgc2025regibo3-2354509874", "format": "[Gen 9] VGC 2025 Reg I (Bo3)", "players": ["IamMoiBoi", "M0Rl"], "log": "|j|\u2606IamMoiBoi\n|j|\u2606M0Rl\n|html|<table width=\"100%\"><tr><td align=\"left\">IamMoiBoi</td><td align=\"right\">M0Rl</tr><tr><td align=\"left\"><i class=\"fa fa-circle\"></i> <i class=\"fa fa-circle-o\"></i> </td><td align=\"right\"><i class=\"fa fa-circle-o\"></i> <i class=\"fa fa-circle-o\"></i> </tr></table>\n|uhtml|bestof|<h2><strong>Game 2</strong> of <a href=\"/game-bestof3-gen9vgc2025regibo3-2354508605\">a best-of-3</a></h2>\n|t:|1746084554\n|gametype|doubles\n|player|p1|IamMoiBoi|red|\n|player|p2|M0Rl|pokemonrangerf|\n|teamsize|p1|6\n|teamsize|p2|6\n|gen|9\n|tier|[Gen 9] VGC 2025 Reg I (Bo3)\n|rule|Species Clause: Limit one of each Pok\u00e9mon\n|rule|Item Clause: Limit 1 of each item\n|clearpoke\n|poke|p1|Calyrex-Ice, L50|\n|poke|p1|Ninetales-Alola, L50, F|\n|poke|p1|Articuno, L50|\n|poke|p1|Umbreon, L50, F|\n|poke|p1|Incineroar, L50, F|\n|poke|p1|Lunala, L50|\n|poke|p2|Lucario, L50, M|\n|poke|p2|Chi-Yu, L50|\n|poke|p2|Iron Hands, L50|\n|poke|p2|Zoroark-Hisui, L50, F|\n|poke|p2|Milotic, L50, F|\n|poke|p2|Flareon, L50, M|\n|teampreview|4\n|showteam|p1|Calyrex-Ice||ClearAmulet|AsOneGlastrier|TrickRoom,CloseCombat,GlacialLance,Protect||||||50|,,,,,Ice]Ninetales-Alola||LightClay|SnowWarning|AuroraVeil,Blizzard,HelpingHand,IcyWind|||F|||50|,,,,,Ghost]Articuno||SitrusBerry|SnowCloak|Blizzard,Protect,Roost,Tailwind||||||50|,,,,,Grass]Umbreon||Leftovers|Synchronize|HelpingHand,Moonlight,Yawn,DarkPulse|||F|||50|,,,,,Steel]Incineroar||SafetyGoggles|Intimidate|FakeOut,FlareBlitz,KnockOff,PartingShot|||F|||50|,,,,,Grass]Lunala||WeaknessPolicy|ShadowShield|WillOWisp,Blizzard,TrickRoom,MoongeistBeam||||||50|,,,,,Fairy\n|showteam|p2|Lucario||WeaknessPolicy|InnerFocus|AuraSphere,BulletPunch,FocusBlast,Earthquake|||M|||50|,,,,,Fire]Chi-Yu||LifeOrb|BeadsofRuin|DarkPulse,LavaPlume,Overheat,Protect||||||50|,,,,,Fire]Iron Hands||BoosterEnergy|QuarkDrive|FakeOut,ThunderPunch,DrainPunch,IcePunch||||||50|,,,,,Grass]Zoroark-Hisui||SitrusBerry|Illusion|DarkPulse,BitterMalice,Psychic,Protect|||F|||50|,,,,,Fire]Milotic||Leftovers|MarvelScale|Scald,HelpingHand,Recover,Protect|||F|||50|,,,,,Dark]Flareon||ToxicOrb|Guts|SunnyDay,FireFang,FlareBlitz,Facade|||M|||50|,,,,,Water\n|\n|t:|1746084572\n|start\n|switch|p1a: Ninetales|Ninetales-Alola, L50, F, shiny|100/100\n|switch|p1b: Articuno|Articuno, L50, shiny|100/100\n|switch|p2a: Milotic|Milotic, L50, F|100/100\n|switch|p2b: Chi-Yu|Chi-Yu, L50|100/100\n|-ability|p2b: Chi-Yu|Beads of Ruin\n|-weather|Snowscape|[from] ability: Snow Warning|[of] p1a: Ninetales\n|turn|1\n|\n|t:|1746084598\n|-terastallize|p1a: Ninetales|Ghost\n|move|p2a: Milotic|Helping Hand|p2b: Chi-Yu\n|-singleturn|p2b: Chi-Yu|Helping Hand|[of] p2a: Milotic\n|move|p1b: Articuno|Protect|p1b: Articuno\n|-singleturn|p1b: Articuno|Protect\n|move|p2b: Chi-Yu|Lava Plume|p1a: Ninetales|[spread] p2a,p1a\n|-activate|p1b: Articuno|move: Protect\n|-resisted|p2a: Milotic\n|-damage|p2a: Milotic|73/100\n|-damage|p1a: Ninetales|21/100\n|-damage|p2b: Chi-Yu|90/100|[from] item: Life Orb\n|move|p1a: Ninetales|Aurora Veil|p1a: Ninetales\n|-sidestart|p1: IamMoiBoi|move: Aurora Veil\n|\n|-weather|Snowscape|[upkeep]\n|-heal|p2a: Milotic|79/100|[from] item: Leftovers\n|upkeep\n|turn|2\n|\n|t:|1746084617\n|move|p1a: Ninetales|Helping Hand|p1b: Articuno\n|-singleturn|p1b: Articuno|Helping Hand|[of] p1a: Ninetales\n|move|p2b: Chi-Yu|Overheat|p1b: Articuno\n|-supereffective|p1b: Articuno\n|-crit|p1b: Articuno\n|-damage|p1b: Articuno|0 fnt\n|-unboost|p2b: Chi-Yu|spa|2\n|faint|p1b: Articuno\n|-damage|p2b: Chi-Yu|80/100|[from] item: Life Orb\n|move|p2a: Milotic|Scald|p1a: Ninetales\n|-damage|p1a: Ninetales|0 fnt\n|faint|p1a: Ninetales\n|\n|-weather|Snowscape|[upkeep]\n|-heal|p2a: Milotic|86/100|[from] item: Leftovers\n|upkeep\n|\n|t:|1746084633\n|switch|p1a: Umbreon|Umbreon, L50, F, shiny|100/100\n|switch|p1b: Calyrex|Calyrex-Ice, L50|100/100\n|-ability|p1b: Calyrex|As One\n|-ability|p1b: Calyrex|Unnerve\n|turn|3\n|\n|t:|1746084648\n|-terastallize|p2b: Chi-Yu|Fire\n|move|p2a: Milotic|Helping Hand|p2b: Chi-Yu\n|-singleturn|p2b: Chi-Yu|Helping Hand|[of] p2a: Milotic\n|move|p1a: Umbreon|Helping Hand|p1b: Calyrex\n|-singleturn|p1b: Calyrex|Helping Hand|[of] p1a: Umbreon\n|move|p2b: Chi-Yu|Overheat|p1b: Calyrex|[miss]\n|-miss|p2b: Chi-Yu|p1b: Calyrex\n|move|p1b: Calyrex|Close Combat|p2b: Chi-Yu\n|-damage|p2b: Chi-Yu|0 fnt\n|-unboost|p1b: Calyrex|def|1\n|-unboost|p1b: Calyrex|spd|1\n|faint|p2b: Chi-Yu\n|-ability|p1b: Calyrex|Chilling Neigh|boost\n|-boost|p1b: Calyrex|atk|1\n|\n|-weather|Snowscape|[upkeep]\n|-heal|p2a: Milotic|92/100|[from] item: Leftovers\n|upkeep\n|\n|t:|1746084665\n|switch|p2b: Flareon|Flareon, L50, M|100/100\n|turn|4\n|\n|t:|1746084682\n|move|p2a: Milotic|Helping Hand|p2b: Flareon\n|-singleturn|p2b: Flareon|Helping Hand|[of] p2a: Milotic\n|move|p1a: Umbreon|Helping Hand|p1b: Calyrex\n|-singleturn|p1b: Calyrex|Helping Hand|[of] p1a: Umbreon\n|move|p2b: Flareon|Flare Blitz|p1b: Calyrex\n|-supereffective|p1b: Calyrex\n|-damage|p1b: Calyrex|16/100\n|-status|p1b: Calyrex|brn\n|-damage|p2b: Flareon|66/100|[from] Recoil\n|move|p1b: Calyrex|Glacial Lance|p2a: Milotic|[spread] p2a,p2b\n|-resisted|p2a: Milotic\n|-crit|p2a: Milotic\n|-resisted|p2b: Flareon\n|-damage|p2a: Milotic|41/100\n|-damage|p2b: Flareon|5/100\n|\n|-weather|Snowscape|[upkeep]\n|-heal|p2a: Milotic|47/100|[from] item: Leftovers\n|-damage|p1b: Calyrex|10/100 brn|[from] brn\n|-status|p2b: Flareon|tox|[from] item: Toxic Orb\n|upkeep\n|turn|5\n|\n|t:|1746084715\n|move|p2b: Flareon|Facade|p1a: Umbreon\n|-damage|p1a: Umbreon|60/100\n|move|p2a: Milotic|Recover|p2a: Milotic\n|-heal|p2a: Milotic|97/100\n|move|p1a: Umbreon|Dark Pulse|p2a: Milotic\n|-damage|p2a: Milotic|83/100\n|move|p1b: Calyrex|Glacial Lance|p2a: Milotic|[spread] p2a,p2b\n|-resisted|p2a: Milotic\n|-resisted|p2b: Flareon\n|-damage|p2a: Milotic|61/100\n|-damage|p2b: Flareon|0 fnt\n|faint|p2b: Flareon\n|-ability|p1b: Calyrex|Chilling Neigh|boost\n|-boost|p1b: Calyrex|atk|1\n|\n|-weather|none\n|-heal|p2a: Milotic|67/100|[from] item: Leftovers\n|-heal|p1a: Umbreon|66/100|[from] item: Leftovers\n|-damage|p1b: Calyrex|4/100 brn|[from] brn\n|upkeep\n|\n|t:|1746084732\n|switch|p2b: Iron Hands|Iron Hands, L50|100/100\n|-enditem|p2b: Iron Hands|Booster Energy\n|-activate|p2b: Iron Hands|ability: Quark Drive|[fromitem]\n|-start|p2b: Iron Hands|quarkdriveatk\n|turn|6\n|\n|t:|1746084742\n|move|p2a: Milotic|Helping Hand|p2b: Iron Hands\n|-singleturn|p2b: Iron Hands|Helping Hand|[of] p2a: Milotic\n|move|p1a: Umbreon|Yawn|p2b: Iron Hands\n|-start|p2b: Iron Hands|move: Yawn|[of] p1a: Umbreon\n|move|p2b: Iron Hands|Drain Punch|p1a: Umbreon\n|-supereffective|p1a: Umbreon\n|-damage|p1a: Umbreon|0 fnt\n|faint|p1a: Umbreon\n|move|p1b: Calyrex|Glacial Lance|p2a: Milotic|[spread] p2a,p2b\n|-resisted|p2a: Milotic\n|-damage|p2a: Milotic|36/100\n|-damage|p2b: Iron Hands|53/100\n|\n|-heal|p2a: Milotic|42/100|[from] item: Leftovers\n|-damage|p1b: Calyrex|0 fnt|[from] brn\n|faint|p1b: Calyrex\n|\n|win|M0Rl\n|inactive|IamMoiBoi has 30 seconds to confirm battle start!\n|inactive|M0Rl has 30 seconds to confirm battle start!\n||IamMoiBoi is ready for game 3.\n|l|\u2606IamMoiBoi\n|player|p1|\n||M0Rl is ready for game 3.\n|uhtml|next|Next: <a href=\"/battle-gen9vgc2025regibo3-2354510819\"><strong>Game 3 of 3</strong></a>\n", "uploadtime": 1746085116, "views": 7, "formatid": "gen9vgc2025regibo3", "rating": null, "private": 0, "password": null}