{"id": "gen9vgc2025regibo3-2354476443", "format": "[Gen 9] VGC 2025 Reg I (Bo3)", "players": ["Kroacky", "spongebob601"], "log": "|j|\u2606Kroacky\n|j|\u2606spongebob601\n|html|<table width=\"100%\"><tr><td align=\"left\">Kroacky</td><td align=\"right\">spongebob601</tr><tr><td align=\"left\"><i class=\"fa fa-circle\"></i> <i class=\"fa fa-circle-o\"></i> </td><td align=\"right\"><i class=\"fa fa-circle-o\"></i> <i class=\"fa fa-circle-o\"></i> </tr></table>\n|uhtml|bestof|<h2><strong>Game 2</strong> of <a href=\"/game-bestof3-gen9vgc2025regibo3-2354474547\">a best-of-3</a></h2>\n|t:|1746077879\n|gametype|doubles\n|player|p1|Kroacky|wattson|1026\n|player|p2|spongebob601|170|1017\n|teamsize|p1|6\n|teamsize|p2|6\n|gen|9\n|tier|[Gen 9] VGC 2025 Reg I (Bo3)\n|rated|\n|rule|Species Clause: Limit one of each Pok\u00e9mon\n|rule|Item Clause: Limit 1 of each item\n|clearpoke\n|poke|p1|Palkia-Origin, L50|\n|poke|p1|Kyogre, L50|\n|poke|p1|Rillaboom, L50, F|\n|poke|p1|Tornadus, L50, M|\n|poke|p1|Chi-Yu, L50|\n|poke|p1|Espathra, L50, M|\n|poke|p2|Koraidon, L50|\n|poke|p2|Calyrex-Ice, L50|\n|poke|p2|Raging Bolt, L50|\n|poke|p2|Grimmsnarl, L50, M|\n|poke|p2|Gouging Fire, L50|\n|poke|p2|Incineroar, L50, M|\n|teampreview|4\n|showteam|p1|Palkia-Origin||LustrousGlobe|Pressure|HydroPump,SpacialRend,Gravity,Protect||||||50|,,,,,Water]Kyogre||ChoiceScarf|Drizzle|WaterSpout,HydroPump,IceBeam,Thunder||||||50|,,,,,Grass]Rillaboom||AssaultVest|GrassySurge|FakeOut,Uturn,KnockOff,GrassyGlide|||F|||50|,,,,,Grass]Tornadus||CovertCloak|Prankster|Tailwind,Taunt,RainDance,BleakwindStorm|||M|||50|,,,,,Dark]Chi-Yu||SafetyGoggles|BeadsofRuin|WillOWisp,DarkPulse,Taunt,Protect||||||50|,,,,,Fairy]Espathra||FocusSash|SpeedBoost|Hypnosis,Protect,DazzlingGleam,LuminaCrash|||M|||50|,,,,,Fairy\n|showteam|p2|Koraidon||LifeOrb|OrichalcumPulse|BreakingSwipe,FlareBlitz,CloseCombat,Protect||||||50|,,,,,Fire]Calyrex-Ice||Leftovers|AsOneGlastrier|GlacialLance,IronDefense,BodyPress,Protect||||||50|,,,,,Psychic]Raging Bolt||SitrusBerry|Protosynthesis|CalmMind,Snarl,Thunderclap,DragonPulse||||||50|,,,,,Fairy]Grimmsnarl||LightClay|Prankster|Reflect,LightScreen,ThunderWave,SpiritBreak|||M|||50|,,,,,Ghost]Gouging Fire||AssaultVest|Protosynthesis|Snarl,BreakingSwipe,StompingTantrum,FlareBlitz||||||50|,,,,,Normal]Incineroar||RockyHelmet|Intimidate|KnockOff,FakeOut,Snarl,PartingShot|||M|||50|,,,,,Dragon\n|inactive|Battle timer is ON: inactive players will automatically lose when time's up. (requested by Kroacky)\n|inactive|spongebob601 has 60 seconds left.\n|\n|t:|1746077915\n|start\n|switch|p1a: Kyogre|Kyogre, L50|100/100\n|switch|p1b: Palkia|Palkia-Origin, L50|100/100\n|switch|p2a: Grimmsnarl|Grimmsnarl, L50, M|100/100\n|switch|p2b: Raging Bolt|Raging Bolt, L50|100/100\n|-weather|RainDance|[from] ability: Drizzle|[of] p1a: Kyogre\n|-ability|p1b: Palkia|Pressure\n|turn|1\n|inactive|Kroacky has 30 seconds left.\n|\n|t:|1746077941\n|-terastallize|p1a: Kyogre|Grass\n|-terastallize|p2b: Raging Bolt|Fairy\n|move|p2a: Grimmsnarl|Light Screen|p2a: Grimmsnarl\n|-sidestart|p2: spongebob601|move: Light Screen\n|move|p1a: Kyogre|Ice Beam|p2b: Raging Bolt\n|-damage|p2b: Raging Bolt|84/100\n|move|p1b: Palkia|Spacial Rend|p2b: Raging Bolt\n|-immune|p2b: Raging Bolt\n|move|p2b: Raging Bolt|Snarl|p1a: Kyogre|[spread] p1a,p1b\n|-damage|p1a: Kyogre|90/100\n|-damage|p1b: Palkia|88/100\n|-unboost|p1a: Kyogre|spa|1\n|-unboost|p1b: Palkia|spa|1\n|\n|-weather|RainDance|[upkeep]\n|upkeep\n|turn|2\n|\n|t:|1746077960\n|switch|p1a: Chi-Yu|Chi-Yu, L50|100/100\n|-ability|p1a: Chi-Yu|Beads of Ruin\n|move|p2a: Grimmsnarl|Thunder Wave|p1a: Chi-Yu\n|-hint|Since gen 7, Dark is immune to Prankster moves.\n|-immune|p1a: Chi-Yu\n|move|p1b: Palkia|Gravity|p1b: Palkia\n|-fieldstart|move: Gravity\n|move|p2b: Raging Bolt|Snarl|p1b: Palkia|[spread] p1a,p1b\n|-resisted|p1a: Chi-Yu\n|-crit|p1b: Palkia\n|-damage|p1a: Chi-Yu|94/100\n|-damage|p1b: Palkia|62/100\n|-unboost|p1a: Chi-Yu|spa|1\n|-unboost|p1b: Palkia|spa|1\n|\n|-weather|RainDance|[upkeep]\n|upkeep\n|turn|3\n|inactive|Kroacky has 30 seconds left.\n|\n|t:|1746077993\n|switch|p1b: Rillaboom|Rillaboom, L50, F|100/100\n|-fieldstart|move: Grassy Terrain|[from] ability: Grassy Surge|[of] p1b: Rillaboom\n|move|p2a: Grimmsnarl|Thunder Wave|p1b: Rillaboom\n|-status|p1b: Rillaboom|par\n|move|p1a: Chi-Yu|Taunt|p2a: Grimmsnarl\n|-start|p2a: Grimmsnarl|move: Taunt\n|move|p2b: Raging Bolt|Snarl|p1b: Rillaboom|[spread] p1a,p1b\n|-resisted|p1a: Chi-Yu\n|-damage|p1a: Chi-Yu|86/100\n|-damage|p1b: Rillaboom|85/100 par\n|-unboost|p1a: Chi-Yu|spa|1\n|-unboost|p1b: Rillaboom|spa|1\n|\n|-weather|RainDance|[upkeep]\n|-heal|p1a: Chi-Yu|92/100|[from] Grassy Terrain\n|-heal|p2b: Raging Bolt|90/100|[from] Grassy Terrain\n|-heal|p1b: Rillaboom|91/100 par|[from] Grassy Terrain\n|upkeep\n|turn|4\n|inactive|spongebob601 has 30 seconds left.\n|\n|t:|1746078025\n|switch|p1a: Kyogre|Kyogre, L50, tera:Grass|90/100\n|move|p1b: Rillaboom|Fake Out|p2b: Raging Bolt\n|-damage|p2b: Raging Bolt|81/100\n|cant|p2b: Raging Bolt|flinch\n|move|p2a: Grimmsnarl|Spirit Break|p1a: Kyogre\n|-damage|p1a: Kyogre|55/100\n|-unboost|p1a: Kyogre|spa|1\n|\n|-weather|RainDance|[upkeep]\n|-heal|p1a: Kyogre|60/100|[from] Grassy Terrain\n|-heal|p2b: Raging Bolt|87/100|[from] Grassy Terrain\n|-heal|p1b: Rillaboom|96/100 par|[from] Grassy Terrain\n|upkeep\n|turn|5\n|\n|t:|1746078041\n|cant|p1b: Rillaboom|par\n|move|p1a: Kyogre|Hydro Pump|p2a: Grimmsnarl\n|-damage|p2a: Grimmsnarl|64/100\n|move|p2b: Raging Bolt|Calm Mind|p2b: Raging Bolt\n|-boost|p2b: Raging Bolt|spa|1\n|-boost|p2b: Raging Bolt|spd|1\n|move|p2a: Grimmsnarl|Spirit Break|p1a: Kyogre\n|-damage|p1a: Kyogre|29/100\n|-unboost|p1a: Kyogre|spa|1\n|\n|-weather|none\n|-heal|p1a: Kyogre|35/100|[from] Grassy Terrain\n|-heal|p2b: Raging Bolt|93/100|[from] Grassy Terrain\n|-heal|p2a: Grimmsnarl|70/100|[from] Grassy Terrain\n|-heal|p1b: Rillaboom|100/100 par|[from] Grassy Terrain\n|upkeep\n|turn|6\n|inactive|Kroacky has 30 seconds left.\n|\n|t:|1746078067\n|switch|p1a: Chi-Yu|Chi-Yu, L50|92/100\n|-ability|p1a: Chi-Yu|Beads of Ruin\n|move|p2b: Raging Bolt|Snarl|p1b: Rillaboom|[spread] p1a,p1b\n|-resisted|p1a: Chi-Yu\n|-damage|p1a: Chi-Yu|80/100\n|-damage|p1b: Rillaboom|75/100 par\n|-unboost|p1a: Chi-Yu|spa|1\n|-unboost|p1b: Rillaboom|spa|1\n|move|p2a: Grimmsnarl|Spirit Break|p1a: Chi-Yu\n|-damage|p1a: Chi-Yu|37/100\n|-unboost|p1a: Chi-Yu|spa|1\n|move|p1b: Rillaboom|Knock Off|p2b: Raging Bolt\n|-resisted|p2b: Raging Bolt\n|-damage|p2b: Raging Bolt|81/100\n|-enditem|p2b: Raging Bolt|Sitrus Berry|[from] move: Knock Off|[of] p1b: Rillaboom\n|\n|-heal|p1a: Chi-Yu|43/100|[from] Grassy Terrain\n|-heal|p2b: Raging Bolt|87/100|[from] Grassy Terrain\n|-heal|p2a: Grimmsnarl|76/100|[from] Grassy Terrain\n|-heal|p1b: Rillaboom|81/100 par|[from] Grassy Terrain\n|-end|p2a: Grimmsnarl|move: Taunt\n|-fieldend|move: Gravity\n|upkeep\n|turn|7\n|inactive|spongebob601 has 30 seconds left.\n|\n|t:|1746078095\n|move|p1a: Chi-Yu|Protect|p1a: Chi-Yu\n|-singleturn|p1a: Chi-Yu|Protect\n|move|p1b: Rillaboom|Grassy Glide|p2b: Raging Bolt\n|-damage|p2b: Raging Bolt|61/100\n|move|p2b: Raging Bolt|Snarl|p1b: Rillaboom|[spread] p1b\n|-activate|p1a: Chi-Yu|move: Protect\n|-damage|p1b: Rillaboom|59/100 par\n|-unboost|p1b: Rillaboom|spa|1\n|move|p2a: Grimmsnarl|Spirit Break|p1a: Chi-Yu\n|-activate|p1a: Chi-Yu|move: Protect\n|\n|-heal|p1a: Chi-Yu|49/100|[from] Grassy Terrain\n|-heal|p2b: Raging Bolt|67/100|[from] Grassy Terrain\n|-heal|p2a: Grimmsnarl|82/100|[from] Grassy Terrain\n|-heal|p1b: Rillaboom|64/100 par|[from] Grassy Terrain\n|-fieldend|move: Grassy Terrain\n|upkeep\n|turn|8\n|inactive|Kroacky has 30 seconds left.\n|\n|t:|1746078123\n|move|p2a: Grimmsnarl|Reflect|p2a: Grimmsnarl\n|-sidestart|p2: spongebob601|Reflect\n|move|p1a: Chi-Yu|Will-O-Wisp|p2b: Raging Bolt\n|-status|p2b: Raging Bolt|brn\n|move|p2b: Raging Bolt|Snarl|p1a: Chi-Yu|[spread] p1a,p1b\n|-resisted|p1a: Chi-Yu\n|-damage|p1a: Chi-Yu|36/100\n|-damage|p1b: Rillaboom|42/100 par\n|-unboost|p1a: Chi-Yu|spa|1\n|-unboost|p1b: Rillaboom|spa|1\n|move|p1b: Rillaboom|U-turn|p2b: Raging Bolt\n|-resisted|p2b: Raging Bolt\n|-damage|p2b: Raging Bolt|62/100 brn\n|\n|t:|1746078133\n|switch|p1b: Palkia|Palkia-Origin, L50|62/100|[from] U-turn\n|-ability|p1b: Palkia|Pressure\n|\n|-damage|p2b: Raging Bolt|56/100 brn|[from] brn\n|-sideend|p2: spongebob601|move: Light Screen\n|upkeep\n|turn|9\n|\n|t:|1746078156\n|move|p1a: Chi-Yu|Protect|p1a: Chi-Yu\n|-singleturn|p1a: Chi-Yu|Protect\n|move|p2a: Grimmsnarl|Light Screen|p2a: Grimmsnarl\n|-sidestart|p2: spongebob601|move: Light Screen\n|move|p1b: Palkia|Hydro Pump|p2b: Raging Bolt\n|-damage|p2b: Raging Bolt|22/100 brn\n|move|p2b: Raging Bolt|Dragon Pulse|p1b: Palkia\n|-supereffective|p1b: Palkia\n|-damage|p1b: Palkia|0 fnt\n|faint|p1b: Palkia\n|\n|-damage|p2b: Raging Bolt|16/100 brn|[from] brn\n|upkeep\n|\n|t:|1746078165\n|switch|p1b: Rillaboom|Rillaboom, L50, F|42/100 par\n|-fieldstart|move: Grassy Terrain|[from] ability: Grassy Surge|[of] p1b: Rillaboom\n|turn|10\n|\n|t:|1746078190\n|move|p1b: Rillaboom|Fake Out|p2b: Raging Bolt\n|-damage|p2b: Raging Bolt|9/100 brn\n|cant|p2b: Raging Bolt|flinch\n|move|p1a: Chi-Yu|Taunt|p2a: Grimmsnarl\n|-start|p2a: Grimmsnarl|move: Taunt\n|move|p2a: Grimmsnarl|Spirit Break|p1a: Chi-Yu\n|-damage|p1a: Chi-Yu|0 fnt\n|faint|p1a: Chi-Yu\n|\n|-heal|p2b: Raging Bolt|15/100 brn|[from] Grassy Terrain\n|-heal|p2a: Grimmsnarl|88/100|[from] Grassy Terrain\n|-heal|p1b: Rillaboom|47/100 par|[from] Grassy Terrain\n|-damage|p2b: Raging Bolt|9/100 brn|[from] brn\n|upkeep\n|\n|t:|1746078197\n|switch|p1a: Kyogre|Kyogre, L50, tera:Grass|35/100\n|-weather|RainDance|[from] ability: Drizzle|[of] p1a: Kyogre\n|turn|11\n|inactive|spongebob601 has 30 seconds left.\n|\n|t:|1746078228\n|-end|p2b: Raging Bolt|Protosynthesis|[silent]\n|switch|p2b: Koraidon|Koraidon, L50|100/100\n|-weather|SunnyDay|[from] ability: Orichalcum Pulse|[of] p2b: Koraidon\n|-activate|p2b: Koraidon|Orichalcum Pulse|[source]\n|move|p1b: Rillaboom|Grassy Glide|p2b: Koraidon\n|-resisted|p2b: Koraidon\n|-damage|p2b: Koraidon|89/100\n|move|p1a: Kyogre|Hydro Pump|p2a: Grimmsnarl\n|-damage|p2a: Grimmsnarl|71/100\n|move|p2a: Grimmsnarl|Spirit Break|p1a: Kyogre\n|-damage|p1a: Kyogre|0 fnt\n|faint|p1a: Kyogre\n|\n|-weather|SunnyDay|[upkeep]\n|-heal|p2b: Koraidon|95/100|[from] Grassy Terrain\n|-heal|p2a: Grimmsnarl|77/100|[from] Grassy Terrain\n|-heal|p1b: Rillaboom|53/100 par|[from] Grassy Terrain\n|upkeep\n|turn|12\n|-message|Kroacky forfeited.\n|\n|win|spongebob601\n|l|\u2606Kroacky\n|player|p1|\n||Kroacky is ready for game 3.\n|inactive|spongebob601 has 30 seconds to confirm battle start!\n||spongebob601 is ready for game 3.\n|uhtml|next|Next: <a href=\"/battle-gen9vgc2025regibo3-2354478413\"><strong>Game 3 of 3</strong></a>\n", "uploadtime": 1746078566, "views": 7, "formatid": "gen9vgc2025regibo3", "rating": null, "private": 0, "password": null}