{"id": "gen9vgc2025regibo3-2354390830", "format": "[Gen 9] VGC 2025 Reg I (Bo3)", "players": ["Pebam", "Fubuu"], "log": "|j|\u2606Pebam\n|j|\u2606Fubuu\n|html|<table width=\"100%\"><tr><td align=\"left\">Pebam</td><td align=\"right\">Fubuu</tr><tr><td align=\"left\"><i class=\"fa fa-circle-o\"></i> <i class=\"fa fa-circle-o\"></i> </td><td align=\"right\"><i class=\"fa fa-circle-o\"></i> <i class=\"fa fa-circle-o\"></i> </tr></table>\n|uhtml|bestof|<h2><strong>Game 1</strong> of <a href=\"/game-bestof3-gen9vgc2025regibo3-2354390829\">a best-of-3</a></h2>\n|t:|1746065537\n|gametype|doubles\n|player|p1|Pebam|hugh|1063\n|player|p2|Fubuu|266|1129\n|teamsize|p1|6\n|teamsize|p2|6\n|gen|9\n|tier|[Gen 9] VGC 2025 Reg I (Bo3)\n|rated|\n|rule|Species Clause: Limit one of each Pok\u00e9mon\n|rule|Item Clause: Limit 1 of each item\n|clearpoke\n|poke|p1|Miraidon, L50|\n|poke|p1|Iron Hands, L50|\n|poke|p1|Whimsicott, L50, F|\n|poke|p1|Farigiraf, L50, F|\n|poke|p1|Urshifu-*, L50, F|\n|poke|p1|Calyrex-Shadow, L50|\n|poke|p2|Eternatus, L50|\n|poke|p2|Terapagos, L50, M|\n|poke|p2|Riolu, L50, M|\n|poke|p2|Flutter Mane, L50|\n|poke|p2|Incineroar, L50, M|\n|poke|p2|Amoonguss, L50, M|\n|teampreview|4\n|showteam|p1|Miraidon||ChoiceSpecs|HadronEngine|VoltSwitch,DazzlingGleam,ElectroDrift,DracoMeteor||||||50|,,,,,Fairy]Iron Hands||AssaultVest|QuarkDrive|DrainPunch,WildCharge,HeavySlam,FakeOut||||||50|,,,,,Grass]Whimsicott||Leftovers|Prankster|Moonblast,LightScreen,Tailwind,Encore|||F|||50|,,,,,Dark]Farigiraf||ElectricSeed|ArmorTail|LightScreen,Roar,HelpingHand,TrickRoom|||F|||50|,,,,,Water]Urshifu||ChoiceBand|UnseenFist|WickedBlow,CloseCombat,PoisonJab,SuckerPunch|||F|||50|,,,,,Dark]Calyrex-Shadow||LifeOrb|AsOneSpectrier|Protect,DrainingKiss,Snarl,AstralBarrage||||||50|,,,,,Fairy\n|showteam|p2|Eternatus||AirBalloon|Pressure|DynamaxCannon,Flamethrower,SludgeBomb,Protect||||||50|,,,,,Steel]Terapagos||PowerHerb|TeraShift|TeraStarstorm,MeteorBeam,Roar,Protect|||M|||50|,,,,,Stellar]Riolu||FocusSash|Prankster|HelpingHand,SunnyDay,Copycat,RainDance|||M|||50|,,,,,Fighting]Flutter Mane||BoosterEnergy|Protosynthesis|DazzlingGleam,ShadowBall,Moonblast,Protect||||||50|,,,,,Fairy]Incineroar||SafetyGoggles|Intimidate|FlareBlitz,KnockOff,PartingShot,FakeOut|||M|||50|,,,,,Ghost]Amoonguss||MentalHerb|Regenerator|PollenPuff,RagePowder,Spore,Protect|||M|||50|,,,,,Dark\n|inactive|Battle timer is ON: inactive players will automatically lose when time's up. (requested by Pebam)\n|\n|t:|1746065561\n|start\n|switch|p1a: Miraidon|Miraidon, L50|100/100\n|switch|p1b: Farigiraf|Farigiraf, L50, F|100/100\n|switch|p2a: Terapagos|Terapagos, L50, M|100/100\n|switch|p2b: Eternatus|Eternatus, L50|100/100\n|-activate|p2a: Terapagos|ability: Tera Shift\n|detailschange|p2a: Terapagos|Terapagos-Terastal, L50, M\n|-heal|p2a: Terapagos|100/100|[silent]\n|-fieldstart|move: Electric Terrain|[from] ability: Hadron Engine|[of] p1a: Miraidon\n|-enditem|p1b: Farigiraf|Electric Seed\n|-boost|p1b: Farigiraf|def|1|[from] item: Electric Seed\n|-ability|p2b: Eternatus|Pressure\n|-item|p2b: Eternatus|Air Balloon\n|turn|1\n|inactive|Pebam has 30 seconds left.\n|inactive|Fubuu has 30 seconds left.\n|\n|t:|1746065594\n|move|p2b: Eternatus|Protect|p2b: Eternatus\n|-singleturn|p2b: Eternatus|Protect\n|move|p1a: Miraidon|Volt Switch|p2a: Terapagos\n|-activate|p2a: Terapagos|ability: Tera Shell\n|-resisted|p2a: Terapagos\n|-damage|p2a: Terapagos|55/100\n|\n|t:|1746065602\n|switch|p1a: Calyrex|Calyrex-Shadow, L50|100/100|[from] Volt Switch\n|-ability|p1a: Calyrex|As One\n|-ability|p1a: Calyrex|Unnerve\n|move|p2a: Terapagos|Meteor Beam||[still]\n|-prepare|p2a: Terapagos|Meteor Beam\n|-boost|p2a: Terapagos|spa|1\n|-enditem|p2a: Terapagos|Power Herb\n|-anim|p2a: Terapagos|Meteor Beam|p1a: Calyrex\n|-damage|p1a: Calyrex|41/100\n|move|p1b: Farigiraf|Light Screen|p1b: Farigiraf\n|-sidestart|p1: Pebam|move: Light Screen\n|\n|upkeep\n|turn|2\n|\n|t:|1746065624\n|-terastallize|p2a: Terapagos|Stellar\n|detailschange|p2a: Terapagos|Terapagos-Stellar, L50, M, tera:Stellar\n|-heal|p2a: Terapagos|67/100|[silent]\n|-ability|p2a: Terapagos|Teraform Zero\n|-fieldend|move: Electric Terrain\n|move|p1a: Calyrex|Draining Kiss|p2a: Terapagos\n|-damage|p2a: Terapagos|50/100\n|-heal|p1a: Calyrex|60/100|[from] drain|[of] p2a: Terapagos\n|-damage|p1a: Calyrex|50/100|[from] item: Life Orb\n|move|p2b: Eternatus|Dynamax Cannon|p1b: Farigiraf\n|-damage|p1b: Farigiraf|62/100\n|move|p2a: Terapagos|Tera Starstorm|p1b: Farigiraf|[spread] p1a,p1b\n|-damage|p1a: Calyrex|6/100\n|-damage|p1b: Farigiraf|27/100\n|move|p1b: Farigiraf|Roar|p2b: Eternatus\n|drag|p2b: Flutter Mane|Flutter Mane, L50|100/100\n|-enditem|p2b: Flutter Mane|Booster Energy\n|-activate|p2b: Flutter Mane|ability: Protosynthesis|[fromitem]\n|-start|p2b: Flutter Mane|protosynthesisspe\n|\n|upkeep\n|turn|3\n|inactive|Pebam has 30 seconds left.\n|\n|t:|1746065655\n|move|p1a: Calyrex|Protect|p1a: Calyrex\n|-singleturn|p1a: Calyrex|Protect\n|move|p2b: Flutter Mane|Dazzling Gleam|p1b: Farigiraf|[spread] p1b\n|-activate|p1a: Calyrex|move: Protect\n|-damage|p1b: Farigiraf|8/100\n|move|p2a: Terapagos|Tera Starstorm|p1b: Farigiraf|[spread] p1b\n|-activate|p1a: Calyrex|move: Protect\n|-damage|p1b: Farigiraf|0 fnt\n|faint|p1b: Farigiraf\n|\n|upkeep\n|\n|t:|1746065668\n|switch|p1b: Miraidon|Miraidon, L50|100/100\n|-fieldstart|move: Electric Terrain|[from] ability: Hadron Engine|[of] p1b: Miraidon\n|turn|4\n|\n|t:|1746065685\n|move|p2b: Flutter Mane|Dazzling Gleam|p1b: Miraidon|[spread] p1a,p1b\n|-supereffective|p1b: Miraidon\n|-damage|p1a: Calyrex|0 fnt\n|-damage|p1b: Miraidon|66/100\n|faint|p1a: Calyrex\n|move|p1b: Miraidon|Volt Switch|p2a: Terapagos\n|-damage|p2a: Terapagos|0 fnt\n|faint|p2a: Terapagos\n|\n|t:|1746065694\n|switch|p1b: Whimsicott|Whimsicott, L50, F|100/100|[from] Volt Switch\n|\n|upkeep\n|\n|t:|1746065700\n|switch|p1a: Miraidon|Miraidon, L50|66/100\n|switch|p2a: Amoonguss|Amoonguss, L50, M|100/100\n|-activate|p1a: Miraidon|ability: Hadron Engine\n|turn|5\n|\n|t:|1746065718\n|-terastallize|p1a: Miraidon|Fairy\n|move|p2a: Amoonguss|Rage Powder|p2a: Amoonguss\n|-singleturn|p2a: Amoonguss|move: Rage Powder\n|move|p1b: Whimsicott|Tailwind|p1b: Whimsicott\n|-sidestart|p1: Pebam|move: Tailwind\n|move|p1a: Miraidon|Dazzling Gleam|p2a: Amoonguss|[spread] p2a,p2b\n|-resisted|p2a: Amoonguss\n|-crit|p2b: Flutter Mane\n|-damage|p2a: Amoonguss|68/100\n|-damage|p2b: Flutter Mane|9/100\n|move|p2b: Flutter Mane|Moonblast|p1a: Miraidon\n|-damage|p1a: Miraidon|38/100\n|\n|-sideend|p1: Pebam|move: Light Screen\n|upkeep\n|turn|6\n|\n|t:|1746065738\n|move|p1b: Whimsicott|Encore|p2a: Amoonguss\n|-start|p2a: Amoonguss|Encore\n|-enditem|p2a: Amoonguss|Mental Herb\n|-end|p2a: Amoonguss|Encore\n|move|p1a: Miraidon|Dazzling Gleam|p2b: Flutter Mane|[spread] p2a,p2b\n|-resisted|p2a: Amoonguss\n|-damage|p2a: Amoonguss|37/100\n|-damage|p2b: Flutter Mane|0 fnt\n|faint|p2b: Flutter Mane\n|-end|p2b: Flutter Mane|Protosynthesis|[silent]\n|move|p2a: Amoonguss|Spore|p1a: Miraidon\n|-activate|p1a: Miraidon|move: Electric Terrain\n|\n|upkeep\n|\n|t:|1746065748\n|switch|p2b: Eternatus|Eternatus, L50|100/100\n|-ability|p2b: Eternatus|Pressure\n|-item|p2b: Eternatus|Air Balloon\n|turn|7\n|\n|t:|1746065763\n|move|p1b: Whimsicott|Encore|p2a: Amoonguss\n|-start|p2a: Amoonguss|Encore\n|move|p1a: Miraidon|Dazzling Gleam|p2b: Eternatus|[spread] p2a,p2b\n|-resisted|p2a: Amoonguss\n|-damage|p2a: Amoonguss|5/100\n|-damage|p2b: Eternatus|44/100\n|-enditem|p2b: Eternatus|Air Balloon\n|move|p2b: Eternatus|Sludge Bomb|p1a: Miraidon\n|-supereffective|p1a: Miraidon\n|-damage|p1a: Miraidon|0 fnt\n|faint|p1a: Miraidon\n|move|p2a: Amoonguss|Spore|p1b: Whimsicott\n|-immune|p1b: Whimsicott\n|\n|upkeep\n|turn|8\n|\n|t:|1746065780\n|move|p1b: Whimsicott|Moonblast|p2a: Amoonguss\n|-resisted|p2a: Amoonguss\n|-crit|p2a: Amoonguss\n|-damage|p2a: Amoonguss|0 fnt\n|faint|p2a: Amoonguss\n|move|p2b: Eternatus|Sludge Bomb|p1b: Whimsicott\n|-supereffective|p1b: Whimsicott\n|-damage|p1b: Whimsicott|0 fnt\n|faint|p1b: Whimsicott\n|\n|win|Fubuu\n||Fubuu is ready for game 2.\n|inactive|Pebam has 30 seconds to confirm battle start!\n||Pebam is ready for game 2.\n|uhtml|next|Next: <a href=\"/battle-gen9vgc2025regibo3-2354392919\"><strong>Game 2 of 3</strong></a>\n|l|\u2606Fubuu\n|player|p2|\n", "uploadtime": 1746066161, "views": 8, "formatid": "gen9vgc2025regibo3", "rating": null, "private": 0, "password": null}