{"id": "gen9vgc2025regibo3-2354630895", "format": "[Gen 9] VGC 2025 Reg I (Bo3)", "players": ["elyx_1", "Caiekeru4321"], "log": "|j|\u2606elyx_1\n|j|\u2606Caiekeru4321\n|html|<table width=\"100%\"><tr><td align=\"left\">elyx_1</td><td align=\"right\">Caiekeru4321</tr><tr><td align=\"left\"><i class=\"fa fa-circle\"></i> <i class=\"fa fa-circle-o\"></i> </td><td align=\"right\"><i class=\"fa fa-circle-o\"></i> <i class=\"fa fa-circle\"></i> </tr></table>\n|uhtml|bestof|<h2><strong>Game 3</strong> of <a href=\"/game-bestof3-gen9vgc2025regibo3-2354628664\">a best-of-3</a></h2>\n|t:|1746105008\n|gametype|doubles\n|player|p1|elyx_1|169|1229\n|player|p2|Caiekeru4321|265|1182\n|teamsize|p1|6\n|teamsize|p2|6\n|gen|9\n|tier|[Gen 9] VGC 2025 Reg I (Bo3)\n|rated|\n|rule|Species Clause: Limit one of each Pok\u00e9mon\n|rule|Item Clause: Limit 1 of each item\n|clearpoke\n|poke|p1|Zamazenta-*, L50|\n|poke|p1|Calyrex-Shadow, L50|\n|poke|p1|Tornadus, L50, M|\n|poke|p1|Urshifu-*, L50, M|\n|poke|p1|Rillaboom, L50, M|\n|poke|p1|Chien-Pao, L50|\n|poke|p2|Koraidon, L50|\n|poke|p2|Zacian-*, L50|\n|poke|p2|Brute Bonnet, L50|\n|poke|p2|Incineroar, L50, M|\n|poke|p2|Landorus, L50, M|\n|poke|p2|Thundurus, L50, M|\n|teampreview|4\n|showteam|p1|Zamazenta-Crowned||RustedShield|DauntlessShield|BodyPress,HeavySlam,WideGuard,Protect||||||50|,,,,,Ghost]Calyrex-Shadow||FocusSash|AsOneSpectrier|AstralBarrage,Psychic,Encore,Protect||||||50|,,,,,Ghost]Tornadus||RockyHelmet|Prankster|BleakwindStorm,Tailwind,RainDance,Protect|||M|||50|,,,,,Dark]Urshifu-Rapid-Strike||MysticWater|UnseenFist|SurgingStrikes,CloseCombat,AquaJet,Detect|||M|||50|,,,,,Water]Rillaboom||AssaultVest|GrassySurge|WoodHammer,GrassyGlide,Uturn,FakeOut|||M|||50|,,,,,Fire]Chien-Pao||LifeOrb|SwordofRuin|SuckerPunch,IceSpinner,IceShard,Protect||||||50|,,,,,Stellar\n|showteam|p2|Koraidon||ClearAmulet|OrichalcumPulse|FlameCharge,FlareBlitz,CollisionCourse,Protect||||||50|,,,,,Fire]Zacian-Crowned||RustedSword|IntrepidSword|behemothblade,PlayRough,SacredSword,Protect||||||50|,,,,,Fairy]Brute Bonnet||RockyHelmet|Protosynthesis|RagePowder,SuckerPunch,Spore,SeedBomb||||||50|,,,,,Water]Incineroar||AssaultVest|Intimidate|FlareBlitz,FakeOut,KnockOff,Uturn|||M|||50|,,,,,Water]Landorus||ChoiceScarf|SheerForce|EarthPower,SandsearStorm,SludgeBomb,Uturn|||M|||50|,,,,,Water]Thundurus|||Prankster|ThunderWave,EerieImpulse,SunnyDay,WildboltStorm|||M|||50|,,,,,Electric\n|inactive|Battle timer is ON: inactive players will automatically lose when time's up. (requested by elyx_1)\n|inactive|Caiekeru4321 has 60 seconds left.\n|\n|t:|1746105048\n|start\n|switch|p1a: Calyrex|Calyrex-Shadow, L50|100/100\n|switch|p1b: Chien-Pao|Chien-Pao, L50|100/100\n|switch|p2a: Incineroar|Incineroar, L50, M|100/100\n|switch|p2b: Landorus|Landorus, L50, M|100/100\n|-ability|p1a: Calyrex|As One\n|-ability|p1a: Calyrex|Unnerve\n|-ability|p1b: Chien-Pao|Sword of Ruin\n|-ability|p2a: Incineroar|Intimidate|boost\n|-unboost|p1a: Calyrex|atk|1\n|-unboost|p1b: Chien-Pao|atk|1\n|turn|1\n|inactive|Caiekeru4321 has 30 seconds left.\n|inactive|Caiekeru4321 has 20 seconds left.\n|inactive|Caiekeru4321 has 15 seconds left.\n|\n|t:|1746105089\n|-terastallize|p2b: Landorus|Water\n|move|p1a: Calyrex|Protect|p1a: Calyrex\n|-singleturn|p1a: Calyrex|Protect\n|move|p1b: Chien-Pao|Protect|p1b: Chien-Pao\n|-singleturn|p1b: Chien-Pao|Protect\n|move|p2b: Landorus|Sandsear Storm|p1b: Chien-Pao|[spread] \n|-activate|p1a: Calyrex|move: Protect\n|-activate|p1b: Chien-Pao|move: Protect\n|move|p2a: Incineroar|Knock Off|p1a: Calyrex\n|-activate|p1a: Calyrex|move: Protect\n|\n|upkeep\n|turn|2\n|inactive|elyx_1 has 30 seconds left.\n|\n|t:|1746105121\n|switch|p1a: Tornadus|Tornadus, L50, M|100/100\n|move|p1b: Chien-Pao|Sucker Punch|p2b: Landorus\n|-damage|p2b: Landorus|61/100\n|-damage|p1b: Chien-Pao|91/100|[from] item: Life Orb\n|move|p2b: Landorus|Sandsear Storm|p1a: Tornadus|[spread] p1b\n|-immune|p1a: Tornadus\n|-damage|p1b: Chien-Pao|20/100\n|move|p2a: Incineroar|Knock Off|p1a: Tornadus\n|-damage|p1a: Tornadus|39/100\n|-damage|p2a: Incineroar|84/100|[from] item: Rocky Helmet|[of] p1a: Tornadus\n|-enditem|p1a: Tornadus|Rocky Helmet|[from] move: Knock Off|[of] p2a: Incineroar\n|\n|upkeep\n|turn|3\n|inactive|Caiekeru4321 has 30 seconds left.\n|\n|t:|1746105149\n|move|p1b: Chien-Pao|Protect|p1b: Chien-Pao\n|-singleturn|p1b: Chien-Pao|Protect\n|move|p1a: Tornadus|Tailwind|p1a: Tornadus\n|-sidestart|p1: elyx_1|move: Tailwind\n|move|p2b: Landorus|Sandsear Storm|p1a: Tornadus|[spread] \n|-activate|p1b: Chien-Pao|move: Protect\n|-immune|p1a: Tornadus\n|move|p2a: Incineroar|U-turn|p1a: Tornadus\n|-resisted|p1a: Tornadus\n|-damage|p1a: Tornadus|24/100\n|\n|t:|1746105161\n|switch|p2a: Thundurus|Thundurus, L50, M|100/100|[from] U-turn\n|\n|upkeep\n|turn|4\n|\n|t:|1746105174\n|switch|p2b: Incineroar|Incineroar, L50, M|84/100\n|-ability|p2b: Incineroar|Intimidate|boost\n|-unboost|p1a: Tornadus|atk|1\n|-unboost|p1b: Chien-Pao|atk|1\n|move|p1b: Chien-Pao|Ice Shard|p2a: Thundurus\n|-supereffective|p2a: Thundurus\n|-damage|p2a: Thundurus|54/100\n|-damage|p1b: Chien-Pao|11/100|[from] item: Life Orb\n|move|p1a: Tornadus|Rain Dance|p1a: Tornadus\n|-weather|RainDance\n|move|p2a: Thundurus|Wildbolt Storm|p1b: Chien-Pao|[spread] p1a,p1b\n|-supereffective|p1a: Tornadus\n|-damage|p1a: Tornadus|0 fnt\n|-damage|p1b: Chien-Pao|0 fnt\n|faint|p1a: Tornadus\n|faint|p1b: Chien-Pao\n|\n|-weather|RainDance|[upkeep]\n|upkeep\n|\n|t:|1746105188\n|switch|p1b: Urshifu|Urshifu-Rapid-Strike, L50, M|100/100\n|switch|p1a: Calyrex|Calyrex-Shadow, L50|100/100\n|-ability|p1a: Calyrex|As One\n|-ability|p1a: Calyrex|Unnerve\n|turn|5\n|inactive|elyx_1 has 30 seconds left.\n|inactive|elyx_1 has 20 seconds left.\n|\n|t:|1746105227\n|-terastallize|p1b: Urshifu|Water\n|move|p2b: Incineroar|Fake Out|p1b: Urshifu\n|-damage|p1b: Urshifu|89/100\n|move|p2a: Thundurus|Eerie Impulse|p1a: Calyrex\n|-unboost|p1a: Calyrex|spa|2\n|move|p1a: Calyrex|Astral Barrage|p2a: Thundurus|[spread] p2a,p2b\n|-resisted|p2b: Incineroar\n|-damage|p2a: Thundurus|20/100\n|-damage|p2b: Incineroar|75/100\n|cant|p1b: Urshifu|flinch\n|\n|-weather|RainDance|[upkeep]\n|upkeep\n|turn|6\n|inactive|elyx_1 has 30 seconds left.\n|inactive|Caiekeru4321 has 30 seconds left.\n|\n|t:|1746105257\n|move|p1a: Calyrex|Protect|p1a: Calyrex\n|-singleturn|p1a: Calyrex|Protect\n|move|p2a: Thundurus|Sunny Day|p2a: Thundurus\n|-weather|SunnyDay\n|move|p1b: Urshifu|Surging Strikes|p2b: Incineroar\n|-supereffective|p2b: Incineroar\n|-crit|p2b: Incineroar\n|-damage|p2b: Incineroar|47/100\n|-supereffective|p2b: Incineroar\n|-crit|p2b: Incineroar\n|-damage|p2b: Incineroar|23/100\n|-supereffective|p2b: Incineroar\n|-crit|p2b: Incineroar\n|-damage|p2b: Incineroar|0 fnt\n|faint|p2b: Incineroar\n|-hitcount|p2: Incineroar|3\n|\n|-weather|SunnyDay|[upkeep]\n|-sideend|p1: elyx_1|move: Tailwind\n|upkeep\n|\n|t:|1746105271\n|switch|p2b: Zacian|Zacian-Crowned, L50|100/100\n|-ability|p2b: Zacian|Intrepid Sword|boost\n|-boost|p2b: Zacian|atk|1\n|turn|7\n|\n|t:|1746105286\n|move|p2a: Thundurus|Thunder Wave|p1a: Calyrex\n|-status|p1a: Calyrex|par\n|move|p1b: Urshifu|Aqua Jet|p2a: Thundurus\n|-damage|p2a: Thundurus|0 fnt\n|faint|p2a: Thundurus\n|move|p2b: Zacian|Play Rough|p1b: Urshifu\n|-damage|p1b: Urshifu|16/100\n|move|p1a: Calyrex|Astral Barrage|p2b: Zacian\n|-damage|p2b: Zacian|69/100\n|\n|-weather|SunnyDay|[upkeep]\n|upkeep\n|\n|t:|1746105298\n|switch|p2a: Landorus|Landorus, L50, M, tera:Water|61/100\n|turn|8\n|\n|t:|1746105310\n|move|p1b: Urshifu|Aqua Jet|p2b: Zacian\n|-damage|p2b: Zacian|56/100\n|move|p2a: Landorus|Sandsear Storm|p1a: Calyrex|[spread] p1b\n|-miss|p2a: Landorus|p1a: Calyrex\n|-damage|p1b: Urshifu|0 fnt\n|faint|p1b: Urshifu\n|move|p2b: Zacian|Behemoth Blade|p1a: Calyrex\n|-enditem|p1a: Calyrex|Focus Sash\n|-damage|p1a: Calyrex|1/100 par\n|move|p1a: Calyrex|Astral Barrage|p2a: Landorus|[spread] p2a,p2b\n|-damage|p2a: Landorus|30/100\n|-damage|p2b: Zacian|31/100\n|\n|-weather|SunnyDay|[upkeep]\n|upkeep\n|turn|9\n|-message|elyx_1 forfeited.\n|\n|win|Caiekeru4321\n|raw|elyx_1's rating: 1229 &rarr; <strong>1201</strong><br />(-28 for losing)\n|raw|Caiekeru4321's rating: 1182 &rarr; <strong>1210</strong><br />(+28 for winning)\n|l|\u2606elyx_1\n|player|p1|\n|l|\u2606Caiekeru4321\n|player|p2|\n", "uploadtime": 1746105630, "views": 9, "formatid": "gen9vgc2025regibo3", "rating": 1201, "private": 0, "password": null}