{"id": "gen9vgc2025regibo3-2354391982", "format": "[Gen 9] VGC 2025 Reg I (Bo3)", "players": ["reshblueice", "laZb0nes2"], "log": "|j|\u2606reshblueice\n|j|\u2606laZb0nes2\n|html|<table width=\"100%\"><tr><td align=\"left\">reshblueice</td><td align=\"right\">laZb0nes2</tr><tr><td align=\"left\"><i class=\"fa fa-circle-o\"></i> <i class=\"fa fa-circle-o\"></i> </td><td align=\"right\"><i class=\"fa fa-circle-o\"></i> <i class=\"fa fa-circle-o\"></i> </tr></table>\n|uhtml|bestof|<h2><strong>Game 1</strong> of <a href=\"/game-bestof3-gen9vgc2025regibo3-2354391981\">a best-of-3</a></h2>\n|t:|1746065678\n|gametype|doubles\n|player|p1|reshblueice|sabrina|1083\n|player|p2|laZb0nes2|pokemonranger-gen4|1149\n|teamsize|p1|6\n|teamsize|p2|6\n|gen|9\n|tier|[Gen 9] VGC 2025 Reg I (Bo3)\n|rated|\n|rule|Species Clause: Limit one of each Pok\u00e9mon\n|rule|Item Clause: Limit 1 of each item\n|clearpoke\n|poke|p1|Calyrex-Ice, L50|\n|poke|p1|Reshiram, L50|\n|poke|p1|Indeedee-F, L50, F|\n|poke|p1|Smeargle, L50, M|\n|poke|p1|Urshifu-*, L50, F|\n|poke|p1|Hatterene, L50, F|\n|poke|p2|Terapagos, L50, M|\n|poke|p2|Ho-Oh, L50|\n|poke|p2|Incineroar, L50, F|\n|poke|p2|Rillaboom, L50, M|\n|poke|p2|Ogerpon-Cornerstone, L50, F|\n|poke|p2|Urshifu-*, L50, F|\n|teampreview|4\n|showteam|p1|Calyrex-Ice||ClearAmulet|AsOneGlastrier|GlacialLance,HighHorsepower,TrickRoom,Protect||||||50|,,,,,Water]Reshiram||WideLens|Turboblaze|BlueFlare,DracoMeteor,HeatWave,Protect||||||50|,,,,,Grass]Indeedee-F||PsychicSeed|PsychicSurge|Psychic,FollowMe,HelpingHand,TrickRoom|||F|||50|,,,,,Fairy]Smeargle||FocusSash|Moody|FakeOut,FollowMe,Decorate,WideGuard|||M|||50|,,,,,Ghost]Urshifu||ChoiceBand|UnseenFist|WickedBlow,CloseCombat,SuckerPunch,Uturn|||F|||50|,,,,,Dark]Hatterene||LifeOrb|MagicBounce|ExpandingForce,DazzlingGleam,TrickRoom,Protect|||F|||50|,,,,,Fire\n|showteam|p2|Terapagos||Leftovers|TeraShift|CalmMind,TeraStarstorm,EarthPower,Protect|||M|||50|,,,,,Stellar]Ho-Oh||ClearAmulet|Regenerator|SacredFire,BraveBird,Tailwind,Protect||||||50|,,,,,Grass]Incineroar||SafetyGoggles|Intimidate|KnockOff,FakeOut,WillOWisp,PartingShot|||F|||50|,,,,,Water]Rillaboom||AssaultVest|GrassySurge|GrassyGlide,WoodHammer,Uturn,FakeOut|||M|||50|,,,,,Fire]Ogerpon-Cornerstone||CornerstoneMask|Sturdy|IvyCudgel,PowerWhip,FollowMe,SpikyShield|||F|||50|,,,,,Rock]Urshifu-Rapid-Strike||ChoiceScarf|UnseenFist|SurgingStrikes,CloseCombat,Uturn,Coaching|||F|||50|,,,,,Water\n|\n|t:|1746065778\n|start\n|switch|p1a: Calyrex|Calyrex-Ice, L50|100/100\n|switch|p1b: Indeedee|Indeedee-F, L50, F|100/100\n|switch|p2a: Incineroar|Incineroar, L50, F|100/100\n|switch|p2b: Ho-Oh|Ho-Oh, L50|100/100\n|-ability|p1a: Calyrex|As One\n|-ability|p1a: Calyrex|Unnerve\n|-fieldstart|move: Psychic Terrain|[from] ability: Psychic Surge|[of] p1b: Indeedee\n|-enditem|p1b: Indeedee|Psychic Seed\n|-boost|p1b: Indeedee|spd|1|[from] item: Psychic Seed\n|-ability|p2a: Incineroar|Intimidate|boost\n|-fail|p1a: Calyrex|unboost|[from] item: Clear Amulet|[of] p1a: Calyrex\n|-unboost|p1b: Indeedee|atk|1\n|turn|1\n|\n|t:|1746065804\n|switch|p2a: Rillaboom|Rillaboom, L50, M|100/100\n|-fieldstart|move: Grassy Terrain|[from] ability: Grassy Surge|[of] p2a: Rillaboom\n|move|p1b: Indeedee|Follow Me|p1b: Indeedee\n|-singleturn|p1b: Indeedee|move: Follow Me\n|move|p2b: Ho-Oh|Sacred Fire|p1b: Indeedee\n|-damage|p1b: Indeedee|58/100\n|-status|p1b: Indeedee|brn\n|move|p1a: Calyrex|Trick Room|p1a: Calyrex\n|-fieldstart|move: Trick Room|[of] p1a: Calyrex\n|\n|-heal|p1b: Indeedee|64/100 brn|[from] Grassy Terrain\n|-damage|p1b: Indeedee|58/100 brn|[from] brn\n|upkeep\n|turn|2\n|\n|t:|1746065827\n|switch|p1b: Reshiram|Reshiram, L50|100/100\n|-ability|p1b: Reshiram|Turboblaze\n|switch|p2a: Incineroar|Incineroar, L50, F|100/100\n|-ability|p2a: Incineroar|Intimidate|boost\n|-fail|p1a: Calyrex|unboost|[from] item: Clear Amulet|[of] p1a: Calyrex\n|-unboost|p1b: Reshiram|atk|1\n|move|p1a: Calyrex|Protect|p1a: Calyrex\n|-singleturn|p1a: Calyrex|Protect\n|move|p2b: Ho-Oh|Brave Bird|p1b: Reshiram\n|-damage|p1b: Reshiram|53/100\n|-damage|p2b: Ho-Oh|85/100|[from] Recoil\n|\n|-heal|p1b: Reshiram|58/100|[from] Grassy Terrain\n|upkeep\n|turn|3\n|\n|t:|1746065867\n|-terastallize|p1a: Calyrex|Water\n|move|p1a: Calyrex|High Horsepower|p2a: Incineroar\n|-supereffective|p2a: Incineroar\n|-damage|p2a: Incineroar|37/100\n|move|p1b: Reshiram|Blue Flare|p2a: Incineroar\n|-resisted|p2a: Incineroar\n|-damage|p2a: Incineroar|2/100\n|move|p2a: Incineroar|Knock Off|p1a: Calyrex\n|-damage|p1a: Calyrex|77/100\n|-enditem|p1a: Calyrex|Clear Amulet|[from] move: Knock Off|[of] p2a: Incineroar\n|move|p2b: Ho-Oh|Sacred Fire|p1a: Calyrex\n|-resisted|p1a: Calyrex\n|-damage|p1a: Calyrex|62/100\n|\n|-heal|p1a: Calyrex|68/100|[from] Grassy Terrain\n|-heal|p1b: Reshiram|64/100|[from] Grassy Terrain\n|-heal|p2a: Incineroar|8/100|[from] Grassy Terrain\n|upkeep\n|turn|4\n|\n|t:|1746065903\n|switch|p2a: Terapagos|Terapagos, L50, M|100/100\n|-activate|p2a: Terapagos|ability: Tera Shift\n|detailschange|p2a: Terapagos|Terapagos-Terastal, L50, M\n|-heal|p2a: Terapagos|100/100|[silent]\n|move|p1a: Calyrex|Glacial Lance|p2b: Ho-Oh|[spread] p2a,p2b\n|-activate|p2a: Terapagos|ability: Tera Shell\n|-resisted|p2a: Terapagos\n|-damage|p2a: Terapagos|78/100\n|-damage|p2b: Ho-Oh|40/100\n|move|p1b: Reshiram|Draco Meteor|p2b: Ho-Oh\n|-damage|p2b: Ho-Oh|0 fnt\n|-unboost|p1b: Reshiram|spa|2\n|faint|p2b: Ho-Oh\n|\n|-heal|p1a: Calyrex|74/100|[from] Grassy Terrain\n|-heal|p1b: Reshiram|70/100|[from] Grassy Terrain\n|-heal|p2a: Terapagos|85/100|[from] Grassy Terrain\n|-heal|p2a: Terapagos|91/100|[from] item: Leftovers\n|upkeep\n|\n|t:|1746065924\n|switch|p2b: Incineroar|Incineroar, L50, F|8/100\n|-ability|p2b: Incineroar|Intimidate|boost\n|-unboost|p1a: Calyrex|atk|1\n|-unboost|p1b: Reshiram|atk|1\n|turn|5\n|\n|t:|1746065945\n|switch|p1b: Indeedee|Indeedee-F, L50, F|58/100 brn\n|-fieldstart|move: Psychic Terrain|[from] ability: Psychic Surge|[of] p1b: Indeedee\n|move|p1a: Calyrex|Glacial Lance|p2b: Incineroar|[spread] p2a,p2b\n|-resisted|p2b: Incineroar\n|-damage|p2a: Terapagos|58/100\n|-damage|p2b: Incineroar|0 fnt\n|faint|p2b: Incineroar\n|-ability|p1a: Calyrex|Chilling Neigh|boost\n|-boost|p1a: Calyrex|atk|1\n|move|p2a: Terapagos|Calm Mind|p2a: Terapagos\n|-boost|p2a: Terapagos|spa|1\n|-boost|p2a: Terapagos|spd|1\n|\n|-heal|p2a: Terapagos|65/100|[from] item: Leftovers\n|-damage|p1b: Indeedee|51/100 brn|[from] brn\n|-fieldend|move: Trick Room\n|upkeep\n|\n|t:|1746065948\n|switch|p2b: Rillaboom|Rillaboom, L50, M|100/100\n|-fieldstart|move: Grassy Terrain|[from] ability: Grassy Surge|[of] p2b: Rillaboom\n|turn|6\n|\n|t:|1746066001\n|-terastallize|p2a: Terapagos|Stellar\n|detailschange|p2a: Terapagos|Terapagos-Stellar, L50, M, tera:Stellar\n|-heal|p2a: Terapagos|74/100|[silent]\n|-ability|p2a: Terapagos|Teraform Zero\n|-fieldend|move: Grassy Terrain\n|move|p2a: Terapagos|Tera Starstorm|p1a: Calyrex|[spread] p1a,p1b\n|-supereffective|p1a: Calyrex\n|-damage|p1a: Calyrex|0 fnt\n|-damage|p1b: Indeedee|0 fnt\n|faint|p1a: Calyrex\n|faint|p1b: Indeedee\n|move|p2b: Rillaboom|Wood Hammer|p1: Calyrex|[notarget]\n|-fail|p2b: Rillaboom\n|\n|-heal|p2a: Terapagos|81/100|[from] item: Leftovers\n|upkeep\n|\n|t:|1746066005\n|switch|p1b: Reshiram|Reshiram, L50|70/100\n|switch|p1a: Urshifu|Urshifu, L50, F|100/100\n|-ability|p1b: Reshiram|Turboblaze\n|turn|7\n|\n|t:|1746066039\n|move|p1a: Urshifu|Sucker Punch|p2a: Terapagos\n|-damage|p2a: Terapagos|46/100\n|move|p2a: Terapagos|Tera Starstorm|p1a: Urshifu|[spread] p1a,p1b\n|-damage|p1a: Urshifu|23/100\n|-damage|p1b: Reshiram|29/100\n|move|p2b: Rillaboom|Wood Hammer|p1a: Urshifu\n|-damage|p1a: Urshifu|0 fnt\n|faint|p1a: Urshifu\n|-damage|p2b: Rillaboom|93/100|[from] Recoil\n|move|p1b: Reshiram|Blue Flare|p2a: Terapagos\n|-damage|p2a: Terapagos|11/100\n|\n|-heal|p2a: Terapagos|17/100|[from] item: Leftovers\n|upkeep\n|turn|8\n|-message|reshblueice forfeited.\n|\n|win|laZb0nes2\n||reshblueice is ready for game 2.\n|inactive|laZb0nes2 has 30 seconds to confirm battle start!\n|inactive|laZb0nes2 has 20 seconds to confirm battle start!\n|inactive|laZb0nes2 has 10 seconds to confirm battle start!\n|uhtml|next|Next: <a href=\"/battle-gen9vgc2025regibo3-2354395268\"><strong>Game 2 of 3</strong></a>\n|l|\u2606reshblueice\n|player|p1|\n", "uploadtime": 1746066775, "views": 15, "formatid": "gen9vgc2025regibo3", "rating": null, "private": 0, "password": null}