{"id": "gen9vgc2025regibo3-2354954579", "format": "[Gen 9] VGC 2025 Reg I (Bo3)", "players": ["Firulo", "NoBody56"], "log": "|j|\u2606Firulo\n|j|\u2606NoBody56\n|html|<table width=\"100%\"><tr><td align=\"left\">Firulo</td><td align=\"right\">NoBody56</tr><tr><td align=\"left\"><i class=\"fa fa-circle-o\"></i> <i class=\"fa fa-circle-o\"></i> </td><td align=\"right\"><i class=\"fa fa-circle-o\"></i> <i class=\"fa fa-circle-o\"></i> </tr></table>\n|uhtml|bestof|<h2><strong>Game 1</strong> of <a href=\"/game-bestof3-gen9vgc2025regibo3-2354954578\">a best-of-3</a></h2>\n|t:|1746135357\n|gametype|doubles\n|player|p1|Firulo|swimmer|1058\n|player|p2|NoBody56|102|1046\n|teamsize|p1|6\n|teamsize|p2|6\n|gen|9\n|tier|[Gen 9] VGC 2025 Reg I (Bo3)\n|rated|\n|rule|Species Clause: Limit one of each Pok\u00e9mon\n|rule|Item Clause: Limit 1 of each item\n|clearpoke\n|poke|p1|Kyogre, L50|\n|poke|p1|Incineroar, L50, F|\n|poke|p1|Rillaboom, L50, M|\n|poke|p1|Urshifu-*, L50, F|\n|poke|p1|Zacian-*, L50|\n|poke|p1|Roaring Moon, L50|\n|poke|p2|Calyrex-Ice, L50|\n|poke|p2|Farigiraf, L50, M|\n|poke|p2|Ursaluna, L50, F|\n|poke|p2|Flamigo, L50, F|\n|poke|p2|Primarina, L50, F|\n|poke|p2|Skeledirge, L50, M|\n|teampreview|4\n|showteam|p1|Kyogre||Leftovers|Drizzle|OriginPulse,IceBeam,CalmMind,Protect||||||50|,,,,,Grass]Incineroar||SafetyGoggles|Intimidate|FakeOut,KnockOff,WillOWisp,PartingShot|||F|||50|,,,,,Ghost]Rillaboom||AssaultVest|GrassySurge|FakeOut,DrumBeating,GrassyGlide,Uturn|||M|||50|,,,,,Fire]Urshifu-Rapid-Strike||ChoiceScarf|UnseenFist|SurgingStrikes,CloseCombat,AquaJet,Uturn|||F|||50|,,,,,Ghost]Zacian-Crowned||RustedSword|IntrepidSword|behemothblade,Protect,PlayRough,SacredSword||||||50|,,,,,Fairy]Roaring Moon||BoosterEnergy|Protosynthesis|KnockOff,Acrobatics,Tailwind,Protect||||||50|,,,,,Flying\n|showteam|p2|Calyrex-Ice||ClearAmulet|AsOneGlastrier|TrickRoom,GlacialLance,ZenHeadbutt,Protect||||||50|,,,,,Fire]Farigiraf||Leftovers|ArmorTail|TrickRoom,Reflect,LightScreen,Protect|||M|||50|,,,,,Dark]Ursaluna||FlameOrb|Guts|Facade,BrickBreak,HighHorsepower,Protect|||F|||50|,,,,,Ghost]Flamigo||FocusSash|Scrappy|Tailwind,BraveBird,CloseCombat,Detect|||F|||50|,,,,,Flying]Primarina||LifeOrb|Torrent|Moonblast,HydroPump,CalmMind,Protect|||F|||50|,,,,,Water]Skeledirge||SafetyGoggles|Unaware|EarthPower,TorchSong,ShadowBall,Protect|||M|||50|,,,,,Grass\n|\n|t:|1746135401\n|start\n|switch|p1a: Zacian|Zacian-Crowned, L50|100/100\n|switch|p1b: Incineroar|Incineroar, L50, F|100/100\n|switch|p2a: Farigiraf|Farigiraf, L50, M|100/100\n|switch|p2b: Calyrex|Calyrex-Ice, L50|100/100\n|-ability|p2b: Calyrex|As One\n|-ability|p2b: Calyrex|Unnerve\n|-ability|p1a: Zacian|Intrepid Sword|boost\n|-boost|p1a: Zacian|atk|1\n|-ability|p1b: Incineroar|Intimidate|boost\n|-unboost|p2a: Farigiraf|atk|1\n|-fail|p2b: Calyrex|unboost|[from] item: Clear Amulet|[of] p2b: Calyrex\n|turn|1\n|\n|t:|1746135445\n|move|p2a: Farigiraf|Protect|p2a: Farigiraf\n|-singleturn|p2a: Farigiraf|Protect\n|move|p1a: Zacian|Sacred Sword|p2b: Calyrex\n|-damage|p2b: Calyrex|76/100\n|move|p1b: Incineroar|Knock Off|p2b: Calyrex\n|-supereffective|p2b: Calyrex\n|-damage|p2b: Calyrex|40/100\n|-enditem|p2b: Calyrex|Clear Amulet|[from] move: Knock Off|[of] p1b: Incineroar\n|move|p2b: Calyrex|Trick Room|p2b: Calyrex\n|-fieldstart|move: Trick Room|[of] p2b: Calyrex\n|\n|upkeep\n|turn|2\n|\n|t:|1746135478\n|move|p2b: Calyrex|Glacial Lance|p1a: Zacian|[spread] p1a,p1b\n|-resisted|p1a: Zacian\n|-resisted|p1b: Incineroar\n|-damage|p1a: Zacian|78/100\n|-damage|p1b: Incineroar|84/100\n|move|p2a: Farigiraf|Reflect|p2a: Farigiraf\n|-sidestart|p2: NoBody56|Reflect\n|move|p1b: Incineroar|Knock Off|p2b: Calyrex\n|-supereffective|p2b: Calyrex\n|-damage|p2b: Calyrex|23/100\n|move|p1a: Zacian|Sacred Sword|p2a: Farigiraf\n|-damage|p2a: Farigiraf|65/100\n|\n|-heal|p2a: Farigiraf|71/100|[from] item: Leftovers\n|upkeep\n|turn|3\n|\n|t:|1746135507\n|switch|p1b: Kyogre|Kyogre, L50|100/100\n|-weather|RainDance|[from] ability: Drizzle|[of] p1b: Kyogre\n|move|p2b: Calyrex|Glacial Lance|p1b: Kyogre|[spread] p1a,p1b\n|-resisted|p1a: Zacian\n|-resisted|p1b: Kyogre\n|-damage|p1a: Zacian|54/100\n|-damage|p1b: Kyogre|79/100\n|move|p2a: Farigiraf|Light Screen|p2a: Farigiraf\n|-sidestart|p2: NoBody56|move: Light Screen\n|move|p1a: Zacian|Sacred Sword|p2b: Calyrex\n|-damage|p2b: Calyrex|7/100\n|\n|-weather|RainDance|[upkeep]\n|-heal|p2a: Farigiraf|78/100|[from] item: Leftovers\n|-heal|p1b: Kyogre|85/100|[from] item: Leftovers\n|upkeep\n|turn|4\n|\n|t:|1746135532\n|switch|p2a: Ursaluna|Ursaluna, L50, F|100/100\n|move|p1a: Zacian|Protect|p1a: Zacian\n|-singleturn|p1a: Zacian|Protect\n|move|p2b: Calyrex|Glacial Lance|p1a: Zacian|[spread] p1b\n|-activate|p1a: Zacian|move: Protect\n|-resisted|p1b: Kyogre\n|-damage|p1b: Kyogre|64/100\n|move|p1b: Kyogre|Origin Pulse|p2b: Calyrex|[spread] p2a,p2b\n|-supereffective|p2a: Ursaluna\n|-damage|p2a: Ursaluna|12/100\n|-damage|p2b: Calyrex|0 fnt\n|faint|p2b: Calyrex\n|\n|-weather|RainDance|[upkeep]\n|-heal|p1b: Kyogre|70/100|[from] item: Leftovers\n|-status|p2a: Ursaluna|brn|[from] item: Flame Orb\n|upkeep\n|\n|t:|1746135550\n|switch|p2b: Primarina|Primarina, L50, F|100/100\n|turn|5\n|\n|t:|1746135584\n|switch|p1a: Roaring Moon|Roaring Moon, L50|100/100\n|-enditem|p1a: Roaring Moon|Booster Energy\n|-activate|p1a: Roaring Moon|ability: Protosynthesis|[fromitem]\n|-start|p1a: Roaring Moon|protosynthesisspe\n|move|p2a: Ursaluna|Facade|p1b: Kyogre\n|-damage|p1b: Kyogre|0 fnt\n|faint|p1b: Kyogre\n|move|p2b: Primarina|Calm Mind|p2b: Primarina\n|-boost|p2b: Primarina|spa|1\n|-boost|p2b: Primarina|spd|1\n|\n|-weather|RainDance|[upkeep]\n|-damage|p2a: Ursaluna|6/100 brn|[from] brn\n|-fieldend|move: Trick Room\n|upkeep\n|\n|t:|1746135597\n|switch|p1b: Zacian|Zacian-Crowned, L50|54/100\n|turn|6\n|\n|t:|1746135621\n|move|p1a: Roaring Moon|Acrobatics|p2a: Ursaluna\n|-damage|p2a: Ursaluna|0 fnt\n|faint|p2a: Ursaluna\n|move|p1b: Zacian|Behemoth Blade|p2b: Primarina\n|-damage|p2b: Primarina|50/100\n|move|p2b: Primarina|Moonblast|p1a: Roaring Moon\n|-supereffective|p1a: Roaring Moon\n|-damage|p1a: Roaring Moon|0 fnt\n|faint|p1a: Roaring Moon\n|-end|p1a: Roaring Moon|Protosynthesis|[silent]\n|-damage|p2b: Primarina|41/100|[from] item: Life Orb\n|\n|-weather|RainDance|[upkeep]\n|-sideend|p2: NoBody56|Reflect\n|upkeep\n|\n|t:|1746135636\n|switch|p1a: Incineroar|Incineroar, L50, F|84/100\n|switch|p2a: Farigiraf|Farigiraf, L50, M|78/100\n|-ability|p1a: Incineroar|Intimidate|boost\n|-unboost|p2a: Farigiraf|atk|1\n|-unboost|p2b: Primarina|atk|1\n|turn|7\n|\n|t:|1746135667\n|move|p2b: Primarina|Protect|p2b: Primarina\n|-singleturn|p2b: Primarina|Protect\n|move|p1b: Zacian|Behemoth Blade|p2b: Primarina\n|-activate|p2b: Primarina|move: Protect\n|move|p1a: Incineroar|Will-O-Wisp|p2b: Primarina\n|-activate|p2b: Primarina|move: Protect\n|move|p2a: Farigiraf|Trick Room|p2a: Farigiraf\n|-fieldstart|move: Trick Room|[of] p2a: Farigiraf\n|\n|-weather|none\n|-heal|p2a: Farigiraf|84/100|[from] item: Leftovers\n|-sideend|p2: NoBody56|move: Light Screen\n|upkeep\n|turn|8\n|\n|t:|1746135697\n|move|p2a: Farigiraf|Reflect|p2a: Farigiraf\n|-sidestart|p2: NoBody56|Reflect\n|move|p2b: Primarina|Hydro Pump|p1b: Zacian\n|-damage|p1b: Zacian|0 fnt\n|faint|p1b: Zacian\n|-damage|p2b: Primarina|31/100|[from] item: Life Orb\n|move|p1a: Incineroar|Knock Off|p2b: Primarina\n|-resisted|p2b: Primarina\n|-damage|p2b: Primarina|15/100\n|-enditem|p2b: Primarina|Life Orb|[from] move: Knock Off|[of] p1a: Incineroar\n|\n|-heal|p2a: Farigiraf|90/100|[from] item: Leftovers\n|upkeep\n|turn|9\n|\n|t:|1746135726\n|-terastallize|p1a: Incineroar|Ghost\n|move|p2a: Farigiraf|Light Screen|p2a: Farigiraf\n|-sidestart|p2: NoBody56|move: Light Screen\n|move|p2b: Primarina|Hydro Pump|p1a: Incineroar\n|-damage|p1a: Incineroar|0 fnt\n|faint|p1a: Incineroar\n|\n|win|NoBody56\n||Firulo is ready for game 2.\n|inactive|NoBody56 has 30 seconds to confirm battle start!\n|inactive|NoBody56 has 20 seconds to confirm battle start!\n|l|\u2606NoBody56\n|player|p2|\n|inactive|NoBody56 has 10 seconds to confirm battle start!\n|uhtml|next|Next: <a href=\"/battle-gen9vgc2025regibo3-2354958278\"><strong>Game 2 of 3</strong></a>\n", "uploadtime": 1746135890, "views": 16, "formatid": "gen9vgc2025regibo3", "rating": null, "private": 0, "password": null}