{"id": "gen9vgc2025regibo3-2354521094", "format": "[Gen 9] VGC 2025 Reg I (Bo3)", "players": ["extremejoin", "ROMS LAB"], "log": "|j|\u2606extremejoin\n|j|\u2606ROMS LAB\n|html|<table width=\"100%\"><tr><td align=\"left\">extremejoin</td><td align=\"right\">ROMS LAB</tr><tr><td align=\"left\"><i class=\"fa fa-circle-o\"></i> <i class=\"fa fa-circle-o\"></i> </td><td align=\"right\"><i class=\"fa fa-circle-o\"></i> <i class=\"fa fa-circle\"></i> </tr></table>\n|uhtml|bestof|<h2><strong>Game 2</strong> of <a href=\"/game-bestof3-gen9vgc2025regibo3-2354519592\">a best-of-3</a></h2>\n|t:|1746086896\n|gametype|doubles\n|player|p1|extremejoin|266|1207\n|player|p2|ROMS LAB|skier|1129\n|teamsize|p1|6\n|teamsize|p2|6\n|gen|9\n|tier|[Gen 9] VGC 2025 Reg I (Bo3)\n|rated|\n|rule|Species Clause: Limit one of each Pok\u00e9mon\n|rule|Item Clause: Limit 1 of each item\n|clearpoke\n|poke|p1|Calyrex-Shadow, L50|\n|poke|p1|Terapagos, L50, M|\n|poke|p1|Rillaboom, L50, F|\n|poke|p1|Incineroar, L50, F|\n|poke|p1|Urshifu-*, L50, F|\n|poke|p1|Amoonguss, L50, M|\n|poke|p2|Miraidon, L50|\n|poke|p2|Calyrex-Shadow, L50|\n|poke|p2|Dondozo, L50, F|\n|poke|p2|Tatsugiri-Stretchy, L50, F|\n|poke|p2|Dragonite, L50, F|\n|poke|p2|Sneasler, L50, F|\n|teampreview|4\n|showteam|p1|Calyrex-Shadow||FocusSash|AsOneSpectrier|AstralBarrage,WillOWisp,Disable,Protect||||||50|,,,,,Ghost]Terapagos||Leftovers|TeraShift|TeraStarstorm,Substitute,Protect,CalmMind|||M|||50|,,,,,Stellar]Rillaboom||AssaultVest|GrassySurge|WoodHammer,GrassyGlide,Uturn,FakeOut|||F|||50|,,,,,Grass]Incineroar||SafetyGoggles|Intimidate|KnockOff,FakeOut,PartingShot,WillOWisp|||F|||50|,,,,,Ghost]Urshifu-Rapid-Strike||ChoiceScarf|UnseenFist|SurgingStrikes,CloseCombat,AquaJet,Uturn|||F|||50|,,,,,Water]Amoonguss||RockyHelmet|Regenerator|PollenPuff,Spore,RagePowder,Protect|||M|||50|,,,,,Steel\n|showteam|p2|Miraidon||ChoiceScarf|HadronEngine|ElectroDrift,VoltSwitch,DracoMeteor,DazzlingGleam||||||50|,,,,,Fairy]Calyrex-Shadow||FocusSash|AsOneSpectrier|Protect,AstralBarrage,Psychic,Encore||||||50|,,,,,Ghost]Dondozo||Leftovers|Unaware|Protect,OrderUp,Earthquake,WaveCrash|||F|||50|,,,,,Grass]Tatsugiri-Stretchy||EjectButton|Commander|Protect,HelpingHand,IcyWind,DracoMeteor|||F|||50|,,,,,Fairy]Dragonite||ChoiceBand|InnerFocus|ExtremeSpeed,Outrage,AerialAce,RockSlide|||F|||50|,,,,,Normal]Sneasler||ElectricSeed|Unburden|FakeOut,ToxicSpikes,CloseCombat,DireClaw|||F|||50|,,,,,Ghost\n|inactive|Battle timer is ON: inactive players will automatically lose when time's up. (requested by ROMS LAB)\n|\n|t:|1746086913\n|start\n|switch|p1a: Terapagos|Terapagos, L50, M|100/100\n|switch|p1b: Rillaboom|Rillaboom, L50, F|100/100\n|switch|p2a: Miraidon|Miraidon, L50|100/100\n|switch|p2b: Sneasler|Sneasler, L50, F|100/100\n|-activate|p1a: Terapagos|ability: Tera Shift\n|detailschange|p1a: Terapagos|Terapagos-Terastal, L50, M\n|-heal|p1a: Terapagos|100/100|[silent]\n|-fieldstart|move: Electric Terrain|[from] ability: Hadron Engine|[of] p2a: Miraidon\n|-enditem|p2b: Sneasler|Electric Seed\n|-boost|p2b: Sneasler|def|1|[from] item: Electric Seed\n|-fieldstart|move: Grassy Terrain|[from] ability: Grassy Surge|[of] p1b: Rillaboom\n|turn|1\n|\n|t:|1746086933\n|-terastallize|p2b: Sneasler|Ghost\n|move|p1b: Rillaboom|Fake Out|p2b: Sneasler\n|-immune|p2b: Sneasler\n|move|p2b: Sneasler|Close Combat|p1a: Terapagos\n|-activate|p1a: Terapagos|ability: Tera Shell\n|-resisted|p1a: Terapagos\n|-damage|p1a: Terapagos|78/100\n|-unboost|p2b: Sneasler|def|1\n|-unboost|p2b: Sneasler|spd|1\n|move|p2a: Miraidon|Electro Drift|p1a: Terapagos\n|-damage|p1a: Terapagos|35/100\n|move|p1a: Terapagos|Calm Mind|p1a: Terapagos\n|-boost|p1a: Terapagos|spa|1\n|-boost|p1a: Terapagos|spd|1\n|\n|-heal|p1a: Terapagos|42/100|[from] Grassy Terrain\n|-heal|p1a: Terapagos|48/100|[from] item: Leftovers\n|upkeep\n|turn|2\n|inactive|extremejoin has 30 seconds left.\n|\n|t:|1746086960\n|-terastallize|p1a: Terapagos|Stellar\n|detailschange|p1a: Terapagos|Terapagos-Stellar, L50, M, tera:Stellar\n|-heal|p1a: Terapagos|61/100|[silent]\n|-ability|p1a: Terapagos|Teraform Zero\n|-fieldend|move: Grassy Terrain\n|move|p2b: Sneasler|Toxic Spikes|p1a: Terapagos\n|-sidestart|p1: extremejoin|move: Toxic Spikes\n|move|p2a: Miraidon|Electro Drift|p1a: Terapagos\n|-damage|p1a: Terapagos|39/100\n|move|p1a: Terapagos|Tera Starstorm|p2a: Miraidon|[spread] p2a,p2b\n|-supereffective|p2b: Sneasler\n|-crit|p2b: Sneasler\n|-damage|p2a: Miraidon|55/100\n|-damage|p2b: Sneasler|0 fnt\n|faint|p2b: Sneasler\n|move|p1b: Rillaboom|U-turn|p2a: Miraidon\n|-damage|p2a: Miraidon|31/100\n|\n|t:|1746086979\n|switch|p1b: Calyrex|Calyrex-Shadow, L50|100/100|[from] U-turn\n|-ability|p1b: Calyrex|As One\n|-ability|p1b: Calyrex|Unnerve\n|-status|p1b: Calyrex|psn\n|\n|-heal|p1a: Terapagos|45/100|[from] item: Leftovers\n|-damage|p1b: Calyrex|88/100 psn|[from] psn\n|upkeep\n|\n|t:|1746086983\n|switch|p2b: Dondozo|Dondozo, L50, F|100/100\n|turn|3\n|inactive|ROMS LAB has 30 seconds left.\n|\n|t:|1746087009\n|switch|p2a: Tatsugiri|Tatsugiri-Stretchy, L50, F|100/100\n|-activate|p2a: Tatsugiri|ability: Commander|[of] p2b: Dondozo\n|-boost|p2b: Dondozo|atk|2\n|-boost|p2b: Dondozo|spa|2\n|-boost|p2b: Dondozo|spe|2\n|-boost|p2b: Dondozo|def|2\n|-boost|p2b: Dondozo|spd|2\n|move|p1b: Calyrex|Will-O-Wisp|p2b: Dondozo\n|-status|p2b: Dondozo|brn\n|move|p2b: Dondozo|Order Up|p1b: Calyrex\n|-damage|p1b: Calyrex|58/100 psn\n|-boost|p2b: Dondozo|spe|1\n|move|p1a: Terapagos|Tera Starstorm|p2a: Tatsugiri|[spread] p2b\n|-miss|p1a: Terapagos|p2a: Tatsugiri\n|-damage|p2b: Dondozo|85/100 brn\n|\n|-heal|p2b: Dondozo|91/100 brn|[from] item: Leftovers\n|-heal|p1a: Terapagos|51/100|[from] item: Leftovers\n|-damage|p1b: Calyrex|46/100 psn|[from] psn\n|-damage|p2b: Dondozo|85/100 brn|[from] brn\n|upkeep\n|turn|4\n|\n|t:|1746087027\n|switch|p1b: Incineroar|Incineroar, L50, F, shiny|100/100\n|-status|p1b: Incineroar|psn\n|-ability|p1b: Incineroar|Intimidate|boost\n|-unboost|p2a: Tatsugiri|atk|1\n|-unboost|p2b: Dondozo|atk|1\n|move|p2b: Dondozo|Wave Crash|p1a: Terapagos\n|-damage|p1a: Terapagos|28/100\n|-damage|p2b: Dondozo|76/100 brn|[from] Recoil\n|move|p1a: Terapagos|Calm Mind|p1a: Terapagos\n|-boost|p1a: Terapagos|spa|1\n|-boost|p1a: Terapagos|spd|1\n|\n|-heal|p2b: Dondozo|82/100 brn|[from] item: Leftovers\n|-heal|p1a: Terapagos|34/100|[from] item: Leftovers\n|-damage|p1b: Incineroar|88/100 psn|[from] psn\n|-damage|p2b: Dondozo|76/100 brn|[from] brn\n|upkeep\n|turn|5\n|\n|t:|1746087039\n|move|p1b: Incineroar|Fake Out|p2b: Dondozo\n|-damage|p2b: Dondozo|73/100 brn\n|cant|p2b: Dondozo|flinch\n|move|p1a: Terapagos|Calm Mind|p1a: Terapagos\n|-boost|p1a: Terapagos|spa|1\n|-boost|p1a: Terapagos|spd|1\n|\n|-heal|p2b: Dondozo|79/100 brn|[from] item: Leftovers\n|-heal|p1a: Terapagos|41/100|[from] item: Leftovers\n|-damage|p1b: Incineroar|76/100 psn|[from] psn\n|-damage|p2b: Dondozo|73/100 brn|[from] brn\n|upkeep\n|turn|6\n|\n|t:|1746087053\n|move|p1a: Terapagos|Protect|p1a: Terapagos\n|-singleturn|p1a: Terapagos|Protect\n|move|p2b: Dondozo|Earthquake|p1a: Terapagos|[spread] p1b\n|-miss|p2b: Dondozo|p2a: Tatsugiri\n|-activate|p1a: Terapagos|move: Protect\n|-supereffective|p1b: Incineroar\n|-damage|p1b: Incineroar|48/100 psn\n|move|p1b: Incineroar|Parting Shot|p2b: Dondozo\n|-unboost|p2b: Dondozo|atk|1\n|-unboost|p2b: Dondozo|spa|1\n|\n|t:|1746087063\n|switch|p1b: Calyrex|Calyrex-Shadow, L50|46/100 psn|[from] Parting Shot\n|-ability|p1b: Calyrex|As One\n|-ability|p1b: Calyrex|Unnerve\n|\n|-heal|p2b: Dondozo|79/100 brn|[from] item: Leftovers\n|-heal|p1a: Terapagos|47/100|[from] item: Leftovers\n|-damage|p1b: Calyrex|33/100 psn|[from] psn\n|-damage|p2b: Dondozo|73/100 brn|[from] brn\n|upkeep\n|turn|7\n|\n|t:|1746087072\n|switch|p1b: Incineroar|Incineroar, L50, F, shiny|48/100 psn\n|-ability|p1b: Incineroar|Intimidate|boost\n|-unboost|p2a: Tatsugiri|atk|1\n|-unboost|p2b: Dondozo|atk|1\n|move|p2b: Dondozo|Wave Crash|p1a: Terapagos\n|-damage|p1a: Terapagos|37/100\n|-damage|p2b: Dondozo|69/100 brn|[from] Recoil\n|move|p1a: Terapagos|Calm Mind|p1a: Terapagos\n|-boost|p1a: Terapagos|spa|1\n|-boost|p1a: Terapagos|spd|1\n|\n|-heal|p2b: Dondozo|75/100 brn|[from] item: Leftovers\n|-heal|p1a: Terapagos|43/100|[from] item: Leftovers\n|-damage|p1b: Incineroar|35/100 psn|[from] psn\n|-damage|p2b: Dondozo|69/100 brn|[from] brn\n|upkeep\n|turn|8\n|\n|t:|1746087088\n|move|p2b: Dondozo|Protect|p2b: Dondozo\n|-singleturn|p2b: Dondozo|Protect\n|move|p1b: Incineroar|Fake Out|p2b: Dondozo\n|-activate|p2b: Dondozo|move: Protect\n|move|p1a: Terapagos|Substitute|p1a: Terapagos\n|-start|p1a: Terapagos|Substitute\n|-damage|p1a: Terapagos|18/100\n|\n|-heal|p2b: Dondozo|75/100 brn|[from] item: Leftovers\n|-heal|p1a: Terapagos|24/100|[from] item: Leftovers\n|-damage|p1b: Incineroar|23/100 psn|[from] psn\n|-damage|p2b: Dondozo|69/100 brn|[from] brn\n|upkeep\n|turn|9\n|\n|t:|1746087100\n|switch|p1b: Rillaboom|Rillaboom, L50, F|100/100\n|-status|p1b: Rillaboom|psn\n|-fieldstart|move: Grassy Terrain|[from] ability: Grassy Surge|[of] p1b: Rillaboom\n|move|p1a: Terapagos|Protect|p1a: Terapagos\n|-singleturn|p1a: Terapagos|Protect\n|move|p2b: Dondozo|Earthquake|p1a: Terapagos|[spread] p1b\n|-miss|p2b: Dondozo|p2a: Tatsugiri\n|-activate|p1a: Terapagos|move: Protect\n|-resisted|p1b: Rillaboom\n|-damage|p1b: Rillaboom|99/100 psn\n|\n|-heal|p2b: Dondozo|75/100 brn|[from] Grassy Terrain\n|-heal|p2b: Dondozo|81/100 brn|[from] item: Leftovers\n|-heal|p1a: Terapagos|30/100|[from] Grassy Terrain\n|-heal|p1a: Terapagos|37/100|[from] item: Leftovers\n|-heal|p1b: Rillaboom|100/100 psn|[from] Grassy Terrain\n|-damage|p1b: Rillaboom|88/100 psn|[from] psn\n|-damage|p2b: Dondozo|75/100 brn|[from] brn\n|upkeep\n|turn|10\n|\n|t:|1746087113\n|switch|p1b: Incineroar|Incineroar, L50, F, shiny|23/100 psn\n|-ability|p1b: Incineroar|Intimidate|boost\n|-unboost|p2a: Tatsugiri|atk|1\n|-unboost|p2b: Dondozo|atk|1\n|move|p2b: Dondozo|Protect|p2b: Dondozo\n|-singleturn|p2b: Dondozo|Protect\n|move|p1a: Terapagos|Calm Mind|p1a: Terapagos\n|-boost|p1a: Terapagos|spa|1\n|-boost|p1a: Terapagos|spd|1\n|\n|-heal|p2b: Dondozo|81/100 brn|[from] Grassy Terrain\n|-heal|p2b: Dondozo|87/100 brn|[from] item: Leftovers\n|-heal|p1a: Terapagos|43/100|[from] Grassy Terrain\n|-heal|p1a: Terapagos|49/100|[from] item: Leftovers\n|-heal|p1b: Incineroar|29/100 psn|[from] Grassy Terrain\n|-damage|p1b: Incineroar|16/100 psn|[from] psn\n|-damage|p2b: Dondozo|81/100 brn|[from] brn\n|upkeep\n|turn|11\n|\n|t:|1746087122\n|move|p2b: Dondozo|Protect||[still]\n|-fail|p2b: Dondozo\n|move|p1b: Incineroar|Fake Out|p2b: Dondozo\n|-damage|p2b: Dondozo|77/100 brn\n|move|p1a: Terapagos|Tera Starstorm|p2b: Dondozo|[spread] p2b\n|-miss|p1a: Terapagos|p2a: Tatsugiri\n|-damage|p2b: Dondozo|59/100 brn\n|\n|-heal|p2b: Dondozo|65/100 brn|[from] Grassy Terrain\n|-heal|p2b: Dondozo|71/100 brn|[from] item: Leftovers\n|-heal|p1a: Terapagos|55/100|[from] Grassy Terrain\n|-heal|p1a: Terapagos|62/100|[from] item: Leftovers\n|-heal|p1b: Incineroar|22/100 psn|[from] Grassy Terrain\n|-damage|p1b: Incineroar|10/100 psn|[from] psn\n|-damage|p2b: Dondozo|65/100 brn|[from] brn\n|upkeep\n|turn|12\n|\n|t:|1746087139\n|move|p1a: Terapagos|Protect|p1a: Terapagos\n|-singleturn|p1a: Terapagos|Protect\n|move|p2b: Dondozo|Wave Crash|p1b: Incineroar\n|-supereffective|p1b: Incineroar\n|-damage|p1b: Incineroar|0 fnt\n|faint|p1b: Incineroar\n|-damage|p2b: Dondozo|62/100 brn|[from] Recoil\n|\n|-heal|p2b: Dondozo|68/100 brn|[from] Grassy Terrain\n|-heal|p2b: Dondozo|74/100 brn|[from] item: Leftovers\n|-heal|p1a: Terapagos|68/100|[from] Grassy Terrain\n|-heal|p1a: Terapagos|74/100|[from] item: Leftovers\n|-damage|p2b: Dondozo|68/100 brn|[from] brn\n|upkeep\n|\n|t:|1746087144\n|switch|p1b: Rillaboom|Rillaboom, L50, F|88/100 psn\n|turn|13\n|\n|t:|1746087157\n|move|p2b: Dondozo|Protect|p2b: Dondozo\n|-singleturn|p2b: Dondozo|Protect\n|move|p1a: Terapagos|Calm Mind|p1a: Terapagos\n|-boost|p1a: Terapagos|spa|1\n|-boost|p1a: Terapagos|spd|1\n|move|p1b: Rillaboom|Wood Hammer|p2b: Dondozo\n|-activate|p2b: Dondozo|move: Protect\n|\n|-heal|p2b: Dondozo|74/100 brn|[from] Grassy Terrain\n|-heal|p2b: Dondozo|80/100 brn|[from] item: Leftovers\n|-heal|p1a: Terapagos|80/100|[from] Grassy Terrain\n|-heal|p1a: Terapagos|86/100|[from] item: Leftovers\n|-heal|p1b: Rillaboom|94/100 psn|[from] Grassy Terrain\n|-damage|p1b: Rillaboom|82/100 psn|[from] psn\n|-damage|p2b: Dondozo|74/100 brn|[from] brn\n|-fieldend|move: Grassy Terrain\n|upkeep\n|turn|14\n|\n|t:|1746087170\n|move|p2b: Dondozo|Order Up|p1b: Rillaboom\n|-damage|p1b: Rillaboom|76/100 psn\n|-boost|p2b: Dondozo|spe|1\n|move|p1a: Terapagos|Tera Starstorm|p2b: Dondozo|[spread] p2b\n|-miss|p1a: Terapagos|p2a: Tatsugiri\n|-damage|p2b: Dondozo|58/100 brn\n|move|p1b: Rillaboom|Wood Hammer|p2b: Dondozo\n|-supereffective|p2b: Dondozo\n|-damage|p2b: Dondozo|22/100 brn\n|-damage|p1b: Rillaboom|63/100 psn|[from] Recoil\n|\n|-heal|p2b: Dondozo|28/100 brn|[from] item: Leftovers\n|-heal|p1a: Terapagos|93/100|[from] item: Leftovers\n|-damage|p1b: Rillaboom|50/100 psn|[from] psn\n|-damage|p2b: Dondozo|22/100 brn|[from] brn\n|upkeep\n|turn|15\n|\n|t:|1746087187\n|move|p2b: Dondozo|Protect|p2b: Dondozo\n|-singleturn|p2b: Dondozo|Protect\n|move|p1a: Terapagos|Tera Starstorm|p2a: Tatsugiri|[spread] \n|-miss|p1a: Terapagos|p2a: Tatsugiri\n|-activate|p2b: Dondozo|move: Protect\n|move|p1b: Rillaboom|Grassy Glide|p2b: Dondozo\n|-activate|p2b: Dondozo|move: Protect\n|\n|-heal|p2b: Dondozo|28/100 brn|[from] item: Leftovers\n|-heal|p1a: Terapagos|99/100|[from] item: Leftovers\n|-damage|p1b: Rillaboom|38/100 psn|[from] psn\n|-damage|p2b: Dondozo|22/100 brn|[from] brn\n|upkeep\n|turn|16\n|\n|t:|1746087201\n|move|p2b: Dondozo|Order Up|p1b: Rillaboom\n|-damage|p1b: Rillaboom|33/100 psn\n|-boost|p2b: Dondozo|spe|1\n|move|p1a: Terapagos|Tera Starstorm|p2a: Tatsugiri|[spread] p2b\n|-miss|p1a: Terapagos|p2a: Tatsugiri\n|-damage|p2b: Dondozo|3/100 brn\n|move|p1b: Rillaboom|Grassy Glide|p2b: Dondozo\n|-supereffective|p2b: Dondozo\n|-damage|p2b: Dondozo|0 fnt\n|faint|p2b: Dondozo\n|\n|-heal|p1a: Terapagos|100/100|[from] item: Leftovers\n|-damage|p1b: Rillaboom|20/100 psn|[from] psn\n|upkeep\n|\n|t:|1746087211\n|switch|p2b: Miraidon|Miraidon, L50|31/100\n|-fieldstart|move: Electric Terrain|[from] ability: Hadron Engine|[of] p2b: Miraidon\n|turn|17\n|\n|t:|1746087229\n|move|p2a: Tatsugiri|Protect|p2a: Tatsugiri\n|-singleturn|p2a: Tatsugiri|Protect\n|move|p2b: Miraidon|Dazzling Gleam|p1b: Rillaboom|[spread] p1a,p1b\n|-activate|p1a: Terapagos|move: Substitute|[damage]\n|-damage|p1b: Rillaboom|4/100 psn\n|move|p1a: Terapagos|Tera Starstorm|p2a: Tatsugiri|[spread] p2b\n|-activate|p2a: Tatsugiri|move: Protect\n|-damage|p2b: Miraidon|0 fnt\n|faint|p2b: Miraidon\n|move|p1b: Rillaboom|U-turn|p2a: Tatsugiri\n|-activate|p2a: Tatsugiri|move: Protect\n|\n|-damage|p1b: Rillaboom|0 fnt|[from] psn\n|faint|p1b: Rillaboom\n|upkeep\n|\n|t:|1746087241\n|switch|p1b: Calyrex|Calyrex-Shadow, L50|33/100 psn\n|-ability|p1b: Calyrex|As One\n|-ability|p1b: Calyrex|Unnerve\n|turn|18\n|\n|t:|1746087248\n|move|p2a: Tatsugiri|Protect||[still]\n|-fail|p2a: Tatsugiri\n|move|p1b: Calyrex|Astral Barrage|p2a: Tatsugiri\n|-damage|p2a: Tatsugiri|16/100\n|move|p1a: Terapagos|Tera Starstorm|p2a: Tatsugiri\n|-damage|p2a: Tatsugiri|0 fnt\n|faint|p2a: Tatsugiri\n|\n|win|extremejoin\n||ROMS LAB is ready for game 3.\n||extremejoin is ready for game 3.\n|uhtml|next|Next: <a href=\"/battle-gen9vgc2025regibo3-2354522876\"><strong>Game 3 of 3</strong></a>\n|l|\u2606ROMS LAB\n|player|p2|\n|l|\u2606extremejoin\n|player|p1|\n", "uploadtime": 1746087542, "views": 7, "formatid": "gen9vgc2025regibo3", "rating": null, "private": 0, "password": null}