{"id": "gen9vgc2025regibo3-2353745052", "format": "[Gen 9] VGC 2025 Reg I (Bo3)", "players": ["alteraltaltaccount", "spongebob601"], "log": "|j|\u203dalteraltaltaccount\n|j|\u2606spongebob601\n|html|<table width=\"100%\"><tr><td align=\"left\">alteraltaltaccount</td><td align=\"right\">spongebob601</tr><tr><td align=\"left\"><i class=\"fa fa-circle\"></i> <i class=\"fa fa-circle-o\"></i> </td><td align=\"right\"><i class=\"fa fa-circle-o\"></i> <i class=\"fa fa-circle-o\"></i> </tr></table>\n|uhtml|bestof|<h2><strong>Game 2</strong> of <a href=\"/game-bestof3-gen9vgc2025regibo3-2353742860\">a best-of-3</a></h2>\n|t:|1745992640\n|gametype|doubles\n|player|p1|alteraltaltaccount|lucas|1127\n|player|p2|spongebob601|265|1153\n|teamsize|p1|6\n|teamsize|p2|6\n|gen|9\n|tier|[Gen 9] VGC 2025 Reg I (Bo3)\n|rated|\n|rule|Species Clause: Limit one of each Pok\u00e9mon\n|rule|Item Clause: Limit 1 of each item\n|clearpoke\n|poke|p1|Entei, L50|\n|poke|p1|Miraidon, L50|\n|poke|p1|Urshifu-*, L50, F|\n|poke|p1|Rayquaza, L50|\n|poke|p1|Whimsicott, L50, F|\n|poke|p1|Farigiraf, L50, M|\n|poke|p2|Calyrex-Shadow, L50|\n|poke|p2|Zamazenta-*, L50|\n|poke|p2|Incineroar, L50, M|\n|poke|p2|Raging Bolt, L50|\n|poke|p2|Rillaboom, L50, F|\n|poke|p2|Grimmsnarl, L50, M|\n|teampreview|4\n|showteam|p1|Entei||ChoiceBand|InnerFocus|SacredFire,TeraBlast,ExtremeSpeed,IronHead||||||50|,,,,,Grass]Miraidon||ChoiceSpecs|HadronEngine|ElectroDrift,VoltSwitch,Discharge,DragonPulse||||||50|,,,,,Electric]Urshifu-Rapid-Strike||FocusSash|UnseenFist|SurgingStrikes,CloseCombat,AquaJet,Detect|||F|||50|,,,,,Stellar]Rayquaza||ClearAmulet|AirLock|SwordsDance,DragonAscent,ExtremeSpeed,Protect||||||50|,,,,,Normal]Whimsicott||CovertCloak|Prankster|Moonblast,Encore,LightScreen,Tailwind|||F|||50|,,,,,Dark]Farigiraf||RockyHelmet|ArmorTail|TrickRoom,HelpingHand,FoulPlay,Protect|||M|||50|,,,,,Water\n|showteam|p2|Calyrex-Shadow||SitrusBerry|AsOneSpectrier|Snarl,AstralBarrage,Protect,Substitute||||||50|,,,,,Dragon]Zamazenta-Crowned||RustedShield|DauntlessShield|BodyPress,IronDefense,Snarl,WideGuard||||||50|,,,,,Dragon]Incineroar||AguavBerry|Intimidate|KnockOff,PartingShot,FakeOut,WillOWisp|||M|||50|,,,,,Dragon]Raging Bolt||Leftovers|Protosynthesis|Thunderclap,CalmMind,DragonPulse,Snarl||||||50|,,,,,Fairy]Rillaboom||AssaultVest|GrassySurge|Uturn,GrassyGlide,WoodHammer,FakeOut|||F|||50|,,,,,Fire]Grimmsnarl||LightClay|Prankster|LightScreen,Reflect,SpiritBreak,ThunderWave|||M|||50|,,,,,Ghost\n|inactive|Battle timer is ON: inactive players will automatically lose when time's up. (requested by spongebob601)\n|\n|t:|1745992675\n|start\n|switch|p1a: Rayquaza|Rayquaza, L50|100/100\n|switch|p1b: Urshifu|Urshifu-Rapid-Strike, L50, F|100/100\n|switch|p2a: Grimmsnarl|Grimmsnarl, L50, M|100/100\n|switch|p2b: Zamazenta|Zamazenta-Crowned, L50|100/100\n|-ability|p1a: Rayquaza|Air Lock\n|-ability|p2b: Zamazenta|Dauntless Shield|boost\n|-boost|p2b: Zamazenta|def|1\n|turn|1\n|\n|t:|1745992698\n|-terastallize|p1b: Urshifu|Stellar\n|move|p1a: Rayquaza|Protect|p1a: Rayquaza\n|-singleturn|p1a: Rayquaza|Protect\n|move|p2a: Grimmsnarl|Thunder Wave|p1b: Urshifu\n|-status|p1b: Urshifu|par\n|move|p2b: Zamazenta|Body Press|p1b: Urshifu\n|-damage|p1b: Urshifu|40/100 par\n|move|p1b: Urshifu|Close Combat|p2b: Zamazenta\n|-supereffective|p2b: Zamazenta\n|-damage|p2b: Zamazenta|18/100\n|-unboost|p1b: Urshifu|def|1\n|-unboost|p1b: Urshifu|spd|1\n|\n|upkeep\n|turn|2\n|inactive|spongebob601 has 30 seconds left.\n|\n|t:|1745992728\n|switch|p1b: Farigiraf|Farigiraf, L50, M|100/100\n|move|p2a: Grimmsnarl|Thunder Wave||[still]\n|cant|p1b: Farigiraf|ability: Armor Tail|Thunder Wave|[of] p2a: Grimmsnarl\n|move|p1a: Rayquaza|Swords Dance|p1a: Rayquaza\n|-boost|p1a: Rayquaza|atk|2\n|move|p2b: Zamazenta|Body Press|p1b: Farigiraf\n|-damage|p1b: Farigiraf|49/100\n|-damage|p2b: Zamazenta|2/100|[from] item: Rocky Helmet|[of] p1b: Farigiraf\n|\n|upkeep\n|turn|3\n|\n|t:|1745992753\n|move|p2a: Grimmsnarl|Reflect|p2a: Grimmsnarl\n|-sidestart|p2: spongebob601|Reflect\n|move|p1a: Rayquaza|Dragon Ascent|p2a: Grimmsnarl\n|-damage|p2a: Grimmsnarl|14/100\n|-unboost|p1a: Rayquaza|def|1\n|-unboost|p1a: Rayquaza|spd|1\n|move|p2b: Zamazenta|Body Press|p1b: Farigiraf\n|-damage|p1b: Farigiraf|0 fnt\n|-damage|p2b: Zamazenta|0 fnt|[from] item: Rocky Helmet|[of] p1b: Farigiraf\n|faint|p1b: Farigiraf\n|faint|p2b: Zamazenta\n|\n|upkeep\n|\n|t:|1745992777\n|switch|p2b: Rillaboom|Rillaboom, L50, F|100/100\n|switch|p1b: Miraidon|Miraidon, L50|100/100\n|-fieldstart|move: Electric Terrain|[from] ability: Hadron Engine|[of] p1b: Miraidon\n|-fieldstart|move: Grassy Terrain|[from] ability: Grassy Surge|[of] p2b: Rillaboom\n|turn|4\n|\n|t:|1745992802\n|move|p1a: Rayquaza|Extreme Speed|p2a: Grimmsnarl\n|-damage|p2a: Grimmsnarl|0 fnt\n|faint|p2a: Grimmsnarl\n|move|p1b: Miraidon|Volt Switch|p2b: Rillaboom\n|-resisted|p2b: Rillaboom\n|-damage|p2b: Rillaboom|81/100\n|\n|t:|1745992808\n|switch|p1b: Urshifu|Urshifu-Rapid-Strike, L50, F, tera:Stellar|40/100 par|[from] Volt Switch\n|move|p2b: Rillaboom|U-turn|p1a: Rayquaza\n|-resisted|p1a: Rayquaza\n|-damage|p1a: Rayquaza|82/100\n|\n|t:|1745992815\n|switch|p2b: Calyrex|Calyrex-Shadow, L50|100/100|[from] U-turn\n|-ability|p2b: Calyrex|As One\n|-ability|p2b: Calyrex|Unnerve\n|\n|-heal|p1b: Urshifu|46/100 par|[from] Grassy Terrain\n|upkeep\n|\n|t:|1745992823\n|switch|p2a: Rillaboom|Rillaboom, L50, F|81/100\n|turn|5\n|\n|t:|1745992839\n|move|p1a: Rayquaza|Protect|p1a: Rayquaza\n|-singleturn|p1a: Rayquaza|Protect\n|move|p1b: Urshifu|Detect|p1b: Urshifu\n|-singleturn|p1b: Urshifu|Protect\n|move|p2a: Rillaboom|Fake Out|p1a: Rayquaza\n|-activate|p1a: Rayquaza|move: Protect\n|move|p2b: Calyrex|Substitute|p2b: Calyrex\n|-start|p2b: Calyrex|Substitute\n|-damage|p2b: Calyrex|76/100\n|\n|-heal|p2b: Calyrex|82/100|[from] Grassy Terrain\n|-heal|p2a: Rillaboom|86/100|[from] Grassy Terrain\n|-heal|p1b: Urshifu|51/100 par|[from] Grassy Terrain\n|upkeep\n|turn|6\n|\n|t:|1745992858\n|move|p2b: Calyrex|Astral Barrage|p1b: Urshifu|[spread] p1a,p1b\n|-crit|p1b: Urshifu\n|-damage|p1a: Rayquaza|0 fnt\n|-damage|p1b: Urshifu|0 fnt\n|faint|p1a: Rayquaza\n|faint|p1b: Urshifu\n|-ability|p2b: Calyrex|Grim Neigh|boost\n|-boost|p2b: Calyrex|spa|2\n|move|p2a: Rillaboom|Wood Hammer|p1: Rayquaza|[notarget]\n|-fail|p2a: Rillaboom\n|\n|-heal|p2b: Calyrex|87/100|[from] Grassy Terrain\n|-heal|p2a: Rillaboom|92/100|[from] Grassy Terrain\n|upkeep\n|-message|alteraltaltaccount forfeited.\n|\n|win|spongebob601\n|l|\u203dalteraltaltaccount\n|player|p1|\n||alteraltaltaccount is ready for game 3.\n||spongebob601 is ready for game 3.\n|uhtml|next|Next: <a href=\"/battle-gen9vgc2025regibo3-2353746319\"><strong>Game 3 of 3</strong></a>\n|l|\u2606spongebob601\n|player|p2|\n", "uploadtime": 1745993255, "views": 6, "formatid": "gen9vgc2025regibo3", "rating": null, "private": 0, "password": null}