{"id": "gen9vgc2025regibo3-2354083691", "format": "[Gen 9] VGC 2025 Reg I (Bo3)", "players": ["Flame_RocketRaj", "sindreck"], "log": "|j|\u2606Flame_RocketRaj\n|j|\u2606sindreck\n|html|<table width=\"100%\"><tr><td align=\"left\">Flame_RocketRaj</td><td align=\"right\">sindreck</tr><tr><td align=\"left\"><i class=\"fa fa-circle\"></i> <i class=\"fa fa-circle-o\"></i> </td><td align=\"right\"><i class=\"fa fa-circle-o\"></i> <i class=\"fa fa-circle\"></i> </tr></table>\n|uhtml|bestof|<h2><strong>Game 3</strong> of <a href=\"/game-bestof3-gen9vgc2025regibo3-2354078505\">a best-of-3</a></h2>\n|t:|1746033437\n|gametype|doubles\n|player|p1|Flame_RocketRaj|nate|1137\n|player|p2|sindreck|266|1089\n|teamsize|p1|6\n|teamsize|p2|6\n|gen|9\n|tier|[Gen 9] VGC 2025 Reg I (Bo3)\n|rated|\n|rule|Species Clause: Limit one of each Pok\u00e9mon\n|rule|Item Clause: Limit 1 of each item\n|clearpoke\n|poke|p1|Calyrex-Shadow, L50|\n|poke|p1|Zamazenta-*, L50|\n|poke|p1|Urshifu-*, L50, M|\n|poke|p1|Incineroar, L50, M|\n|poke|p1|Rillaboom, L50, F|\n|poke|p1|Pelipper, L50, F|\n|poke|p2|Miraidon, L50|\n|poke|p2|Groudon, L50|\n|poke|p2|Raging Bolt, L50|\n|poke|p2|Flutter Mane, L50|\n|poke|p2|Chi-Yu, L50|\n|poke|p2|Toxapex, L50, M|\n|teampreview|4\n|showteam|p1|Calyrex-Shadow||SpellTag|AsOneSpectrier|AstralBarrage,Protect,NastyPlot,Psychic||||||50|,,,,,Dark]Zamazenta-Crowned||RustedShield|DauntlessShield|IronDefense,BodyPress,HeavySlam,Protect||||||50|,,,,,Water]Urshifu-Rapid-Strike||ChoiceScarf|UnseenFist|Uturn,CloseCombat,SurgingStrikes,IceSpinner|||M|||50|,,,,,Water]Incineroar||SafetyGoggles|Intimidate|FakeOut,KnockOff,PartingShot,FlareBlitz|||M|||50|,,,,,Ghost]Rillaboom||AssaultVest|GrassySurge|FakeOut,GrassyGlide,Uturn,WoodHammer|||F|||50|,,,,,Fire]Pelipper||FocusSash|Drizzle|WideGuard,Tailwind,WeatherBall,Hurricane|||F|||50|,,,,,Ghost\n|showteam|p2|Miraidon||ChoiceSpecs|HadronEngine|VoltSwitch,Discharge,DazzlingGleam,DracoMeteor||||||50|,,,,,Fairy]Groudon||ClearAmulet|Drought|PrecipiceBlades,HighHorsepower,HeatCrash,Protect||||||50|,,,,,Fire]Raging Bolt||AssaultVest|Protosynthesis|Thunderclap,Discharge,Snarl,DragonPulse||||||50|,,,,,Water]Flutter Mane||FocusSash|Protosynthesis|DazzlingGleam,ShadowBall,IcyWind,Protect||||||50|,,,,,Normal]Chi-Yu||ChoiceScarf|BeadsofRuin|HeatWave,Snarl,Overheat,DarkPulse||||||50|,,,,,Ghost]Toxapex||RockyHelmet|Regenerator|Infestation,Haze,WideGuard,BanefulBunker|||M|||50|,,,,,Grass\n|inactive|Battle timer is ON: inactive players will automatically lose when time's up. (requested by Flame_RocketRaj)\n|\n|t:|1746033445\n|start\n|switch|p1a: Urshifu|Urshifu-Rapid-Strike, L50, M|100/100\n|switch|p1b: Calyrex|Calyrex-Shadow, L50|100/100\n|switch|p2a: Flutter Mane|Flutter Mane, L50|100/100\n|switch|p2b: Groudon|Groudon, L50|100/100\n|-ability|p1b: Calyrex|As One\n|-ability|p1b: Calyrex|Unnerve\n|-weather|SunnyDay|[from] ability: Drought|[of] p2b: Groudon\n|-activate|p2a: Flutter Mane|ability: Protosynthesis\n|-start|p2a: Flutter Mane|protosynthesisspe\n|turn|1\n|\n|t:|1746033468\n|switch|p1b: Pelipper|Pelipper, L50, F|100/100\n|-weather|RainDance|[from] ability: Drizzle|[of] p1b: Pelipper\n|-end|p2a: Flutter Mane|Protosynthesis\n|switch|p2b: Colossus|Miraidon, L50|100/100\n|-fieldstart|move: Electric Terrain|[from] ability: Hadron Engine|[of] p2b: Colossus\n|move|p1a: Urshifu|Surging Strikes|p2b: Colossus\n|-resisted|p2b: Colossus\n|-crit|p2b: Colossus\n|-damage|p2b: Colossus|85/100\n|-resisted|p2b: Colossus\n|-crit|p2b: Colossus\n|-damage|p2b: Colossus|69/100\n|-resisted|p2b: Colossus\n|-crit|p2b: Colossus\n|-damage|p2b: Colossus|53/100\n|-hitcount|p2b: Colossus|3\n|move|p2a: Flutter Mane|Dazzling Gleam|p1b: Pelipper|[spread] p1a,p1b\n|-supereffective|p1a: Urshifu\n|-damage|p1a: Urshifu|10/100\n|-damage|p1b: Pelipper|43/100\n|\n|-weather|RainDance|[upkeep]\n|upkeep\n|turn|2\n|inactive|sindreck has 30 seconds left.\n|\n|t:|1746033495\n|switch|p2b: Groudon|Groudon, L50|100/100\n|-weather|SunnyDay|[from] ability: Drought|[of] p2b: Groudon\n|-activate|p2a: Flutter Mane|ability: Protosynthesis\n|-start|p2a: Flutter Mane|protosynthesisspe\n|move|p1b: Pelipper|Wide Guard|p1b: Pelipper\n|-singleturn|p1b: Pelipper|Wide Guard\n|move|p2a: Flutter Mane|Shadow Ball|p1a: Urshifu\n|-crit|p1a: Urshifu\n|-damage|p1a: Urshifu|0 fnt\n|faint|p1a: Urshifu\n|\n|-weather|SunnyDay|[upkeep]\n|upkeep\n|\n|t:|1746033506\n|switch|p1a: Calyrex|Calyrex-Shadow, L50|100/100\n|-ability|p1a: Calyrex|As One\n|-ability|p1a: Calyrex|Unnerve\n|turn|3\n|\n|t:|1746033519\n|-terastallize|p2a: Flutter Mane|Normal\n|-terastallize|p1a: Calyrex|Dark\n|move|p1b: Pelipper|Wide Guard|p1b: Pelipper\n|-singleturn|p1b: Pelipper|Wide Guard\n|move|p2a: Flutter Mane|Shadow Ball|p1b: Pelipper\n|-damage|p1b: Pelipper|0 fnt\n|faint|p1b: Pelipper\n|move|p1a: Calyrex|Astral Barrage|p2b: Groudon|[spread] p2b\n|-immune|p2a: Flutter Mane\n|-damage|p2b: Groudon|42/100\n|move|p2b: Groudon|High Horsepower|p1a: Calyrex\n|-damage|p1a: Calyrex|27/100\n|\n|-weather|SunnyDay|[upkeep]\n|upkeep\n|\n|t:|1746033526\n|switch|p1b: Zamazenta|Zamazenta-Crowned, L50|100/100\n|-ability|p1b: Zamazenta|Dauntless Shield|boost\n|-boost|p1b: Zamazenta|def|1\n|turn|4\n|\n|t:|1746033548\n|move|p1a: Calyrex|Protect|p1a: Calyrex\n|-singleturn|p1a: Calyrex|Protect\n|move|p2a: Flutter Mane|Shadow Ball|p1a: Calyrex\n|-activate|p1a: Calyrex|move: Protect\n|move|p1b: Zamazenta|Body Press|p2a: Flutter Mane\n|-supereffective|p2a: Flutter Mane\n|-enditem|p2a: Flutter Mane|Focus Sash\n|-damage|p2a: Flutter Mane|1/100\n|move|p2b: Groudon|High Horsepower|p1a: Calyrex\n|-activate|p1a: Calyrex|move: Protect\n|\n|-weather|SunnyDay|[upkeep]\n|upkeep\n|turn|5\n|\n|t:|1746033572\n|move|p2a: Flutter Mane|Shadow Ball|p1a: Calyrex\n|-resisted|p1a: Calyrex\n|-damage|p1a: Calyrex|6/100\n|move|p1a: Calyrex|Astral Barrage|p2b: Groudon|[spread] p2b\n|-immune|p2a: Flutter Mane\n|-damage|p2b: Groudon|0 fnt\n|faint|p2b: Groudon\n|-ability|p1a: Calyrex|Grim Neigh|boost\n|-boost|p1a: Calyrex|spa|1\n|move|p1b: Zamazenta|Body Press|p2a: Flutter Mane\n|-supereffective|p2a: Flutter Mane\n|-damage|p2a: Flutter Mane|0 fnt\n|faint|p2a: Flutter Mane\n|-end|p2a: Flutter Mane|Protosynthesis|[silent]\n|\n|-weather|SunnyDay|[upkeep]\n|-fieldend|move: Electric Terrain\n|upkeep\n|\n|t:|1746033578\n|switch|p2a: Chi-Yu|Chi-Yu, L50|100/100\n|switch|p2b: Colossus|Miraidon, L50|53/100\n|-ability|p2a: Chi-Yu|Beads of Ruin\n|-fieldstart|move: Electric Terrain|[from] ability: Hadron Engine|[of] p2b: Colossus\n|turn|6\n|\n|t:|1746033594\n|move|p1a: Calyrex|Protect|p1a: Calyrex\n|-singleturn|p1a: Calyrex|Protect\n|move|p1b: Zamazenta|Protect|p1b: Zamazenta\n|-singleturn|p1b: Zamazenta|Protect\n|move|p2a: Chi-Yu|Overheat|p1b: Zamazenta\n|-activate|p1b: Zamazenta|move: Protect\n|move|p2b: Colossus|Volt Switch|p1a: Calyrex\n|-activate|p1a: Calyrex|move: Protect\n|\n|-weather|none\n|upkeep\n|turn|7\n|\n|t:|1746033615\n|move|p2a: Chi-Yu|Overheat|p1a: Calyrex\n|-damage|p1a: Calyrex|0 fnt\n|-unboost|p2a: Chi-Yu|spa|2\n|faint|p1a: Calyrex\n|move|p2b: Colossus|Volt Switch|p1b: Zamazenta\n|-damage|p1b: Zamazenta|6/100\n|move|p1b: Zamazenta|Body Press|p2a: Chi-Yu\n|-supereffective|p2a: Chi-Yu\n|-damage|p2a: Chi-Yu|0 fnt\n|faint|p2a: Chi-Yu\n|\n|upkeep\n|turn|8\n|\n|t:|1746033624\n|move|p1b: Zamazenta|Protect|p1b: Zamazenta\n|-singleturn|p1b: Zamazenta|Protect\n|move|p2b: Colossus|Volt Switch|p1b: Zamazenta\n|-activate|p1b: Zamazenta|move: Protect\n|\n|upkeep\n|turn|9\n|c|\u2606sindreck|Ggs\n|c|\u2606Flame_RocketRaj|gg\n|\n|t:|1746033630\n|move|p2b: Colossus|Volt Switch|p1b: Zamazenta\n|-damage|p1b: Zamazenta|0 fnt\n|faint|p1b: Zamazenta\n|\n|win|sindreck\n|raw|Flame_RocketRaj's rating: 1137 &rarr; <strong>1109</strong><br />(-28 for losing)\n|raw|sindreck's rating: 1089 &rarr; <strong>1119</strong><br />(+30 for winning)\n|l|\u2606Flame_RocketRaj\n|player|p1|\n", "uploadtime": 1746033780, "views": 29, "formatid": "gen9vgc2025regibo3", "rating": 1109, "private": 0, "password": null}