{"id": "gen9vgc2025regibo3-2354528399", "format": "[Gen 9] VGC 2025 Reg I (Bo3)", "players": ["eag233", "Wosaolo"], "log": "|j|\u2606eag233\n|j|\u2606Wosaolo\n|html|<table width=\"100%\"><tr><td align=\"left\">eag233</td><td align=\"right\">Wosaolo</tr><tr><td align=\"left\"><i class=\"fa fa-circle-o\"></i> <i class=\"fa fa-circle-o\"></i> </td><td align=\"right\"><i class=\"fa fa-circle-o\"></i> <i class=\"fa fa-circle-o\"></i> </tr></table>\n|uhtml|bestof|<h2><strong>Game 1</strong> of <a href=\"/game-bestof3-gen9vgc2025regibo3-2354528398\">a best-of-3</a></h2>\n|t:|1746088395\n|gametype|doubles\n|player|p1|eag233|n|1173\n|player|p2|Wosaolo|clay|1248\n|teamsize|p1|6\n|teamsize|p2|6\n|gen|9\n|tier|[Gen 9] VGC 2025 Reg I (Bo3)\n|rated|\n|rule|Species Clause: Limit one of each Pok\u00e9mon\n|rule|Item Clause: Limit 1 of each item\n|clearpoke\n|poke|p1|Ting-Lu, L50|\n|poke|p1|Calyrex-Shadow, L50|\n|poke|p1|Zamazenta-*, L50|\n|poke|p1|Amoonguss, L50, F|\n|poke|p1|Whimsicott, L50, F|\n|poke|p1|Gyarados, L50, F|\n|poke|p2|Calyrex-Shadow, L50|\n|poke|p2|Incineroar, L50, M|\n|poke|p2|Urshifu-*, L50, F|\n|poke|p2|Rillaboom, L50, F|\n|poke|p2|Ogerpon-Hearthflame, L50, F|\n|poke|p2|Terapagos, L50, M|\n|teampreview|4\n|showteam|p1|Ting-Lu||SafetyGoggles|VesselofRuin|StompingTantrum,Ruination,StealthRock,Protect||||||50|,,,,,Poison]Calyrex-Shadow||FocusSash|AsOneSpectrier|PollenPuff,AstralBarrage,Psyshock,Protect||||||50|,,,,,Normal]Zamazenta-Crowned||RustedShield|DauntlessShield|BodyPress,HeavySlam,WideGuard,Protect||||||50|,,,,,Dragon]Amoonguss||RockyHelmet|Regenerator|Protect,Spore,SludgeBomb,RagePowder|||F|||50|,,,,,Water]Whimsicott||CovertCloak|Prankster|HelpingHand,Encore,Moonblast,Tailwind|||F|||50|,,,,,Grass]Gyarados||MentalHerb|Intimidate|Taunt,DragonTail,ThunderWave,Protect|||F|||50|,,,,,Ground\n|showteam|p2|Calyrex-Shadow||FocusSash|AsOneSpectrier|AstralBarrage,NastyPlot,Protect,Psychic||||||50|,,,,,Ghost]Incineroar||RockyHelmet|Intimidate|WillOWisp,KnockOff,FakeOut,PartingShot|||M|||50|,,,,,Ghost]Urshifu-Rapid-Strike||ChoiceScarf|UnseenFist|SurgingStrikes,CloseCombat,Uturn,AquaJet|||F|||50|,,,,,Water]Rillaboom||AssaultVest|GrassySurge|FakeOut,WoodHammer,GrassyGlide,Uturn|||F|||50|,,,,,Water]Ogerpon-Hearthflame||HearthflameMask|MoldBreaker|IvyCudgel,GrassyGlide,FollowMe,SpikyShield|||F|||50|,,,,,Fire]Terapagos||Leftovers|TeraShift|TeraStarstorm,CalmMind,EarthPower,Protect|||M|||50|,,,,,Stellar\n|inactive|Battle timer is ON: inactive players will automatically lose when time's up. (requested by Wosaolo)\n|inactive|Wosaolo has 60 seconds left.\n|\n|t:|1746088436\n|start\n|switch|p1a: Ting-Lu|Ting-Lu, L50|100/100\n|switch|p1b: Gyarados|Gyarados, L50, F|100/100\n|switch|p2a: Urshifu|Urshifu-Rapid-Strike, L50, F|100/100\n|switch|p2b: Terapagos|Terapagos, L50, M|100/100\n|-activate|p2b: Terapagos|ability: Tera Shift\n|detailschange|p2b: Terapagos|Terapagos-Terastal, L50, M\n|-heal|p2b: Terapagos|100/100|[silent]\n|-ability|p1b: Gyarados|Intimidate|boost\n|-unboost|p2a: Urshifu|atk|1\n|-unboost|p2b: Terapagos|atk|1\n|-ability|p1a: Ting-Lu|Vessel of Ruin\n|turn|1\n|inactive|eag233 has 30 seconds left.\n|inactive|Wosaolo has 30 seconds left.\n|inactive|eag233 has 20 seconds left.\n|inactive|eag233 has 15 seconds left.\n|inactive|eag233 has 10 seconds left.\n|inactive|eag233 has 5 seconds left.\n|\n|t:|1746088489\n|-terastallize|p2a: Urshifu|Water\n|-terastallize|p1a: Ting-Lu|Poison\n|move|p2a: Urshifu|Surging Strikes|p1a: Ting-Lu\n|-crit|p1a: Ting-Lu\n|-damage|p1a: Ting-Lu|85/100\n|-crit|p1a: Ting-Lu\n|-damage|p1a: Ting-Lu|70/100\n|-crit|p1a: Ting-Lu\n|-damage|p1a: Ting-Lu|55/100\n|-hitcount|p1a: Ting-Lu|3\n|move|p2b: Terapagos|Tera Starstorm|p1a: Ting-Lu\n|-damage|p1a: Ting-Lu|24/100\n|move|p1b: Gyarados|Thunder Wave|p2a: Urshifu\n|-status|p2a: Urshifu|par\n|move|p1a: Ting-Lu|Stealth Rock|p2b: Terapagos\n|-sidestart|p2: Wosaolo|move: Stealth Rock\n|\n|upkeep\n|turn|2\n|inactive|eag233 has 30 seconds left.\n|inactive|Wosaolo has 30 seconds left.\n|\n|t:|1746088521\n|move|p2a: Urshifu|Surging Strikes|p1a: Ting-Lu\n|-crit|p1a: Ting-Lu\n|-damage|p1a: Ting-Lu|8/100\n|-crit|p1a: Ting-Lu\n|-damage|p1a: Ting-Lu|0 fnt\n|faint|p1a: Ting-Lu\n|-hitcount|p1: Ting-Lu|2\n|move|p2b: Terapagos|Tera Starstorm|p1b: Gyarados\n|-damage|p1b: Gyarados|58/100\n|move|p1b: Gyarados|Thunder Wave|p2b: Terapagos\n|-status|p2b: Terapagos|par\n|\n|upkeep\n|\n|t:|1746088542\n|switch|p1a: Zamazenta|Zamazenta-Crowned, L50|100/100\n|-ability|p1a: Zamazenta|Dauntless Shield|boost\n|-boost|p1a: Zamazenta|def|1\n|turn|3\n|\n|t:|1746088560\n|move|p1a: Zamazenta|Body Press|p2a: Urshifu\n|-damage|p2a: Urshifu|32/100 par\n|move|p2a: Urshifu|Surging Strikes|p1a: Zamazenta\n|-crit|p1a: Zamazenta\n|-damage|p1a: Zamazenta|82/100\n|-crit|p1a: Zamazenta\n|-damage|p1a: Zamazenta|65/100\n|-crit|p1a: Zamazenta\n|-damage|p1a: Zamazenta|48/100\n|-hitcount|p1a: Zamazenta|3\n|move|p2b: Terapagos|Tera Starstorm|p1b: Gyarados\n|-damage|p1b: Gyarados|15/100\n|move|p1b: Gyarados|Dragon Tail|p2a: Urshifu\n|-damage|p2a: Urshifu|16/100 par\n|drag|p2a: Rillaboom|Rillaboom, L50, F, shiny|100/100\n|-damage|p2a: Rillaboom|88/100|[from] Stealth Rock\n|-fieldstart|move: Grassy Terrain|[from] ability: Grassy Surge|[of] p2a: Rillaboom\n|\n|-heal|p1a: Zamazenta|53/100|[from] Grassy Terrain\n|-heal|p2a: Rillaboom|94/100|[from] Grassy Terrain\n|upkeep\n|turn|4\n|\n|t:|1746088584\n|move|p1a: Zamazenta|Protect|p1a: Zamazenta\n|-singleturn|p1a: Zamazenta|Protect\n|move|p1b: Gyarados|Protect|p1b: Gyarados\n|-singleturn|p1b: Gyarados|Protect\n|move|p2a: Rillaboom|Grassy Glide|p1b: Gyarados\n|-activate|p1b: Gyarados|move: Protect\n|move|p2b: Terapagos|Earth Power|p1a: Zamazenta\n|-activate|p1a: Zamazenta|move: Protect\n|\n|-heal|p1a: Zamazenta|59/100|[from] Grassy Terrain\n|-heal|p2a: Rillaboom|99/100|[from] Grassy Terrain\n|upkeep\n|turn|5\n|\n|t:|1746088608\n|move|p2a: Rillaboom|Grassy Glide|p1b: Gyarados\n|-damage|p1b: Gyarados|0 fnt\n|faint|p1b: Gyarados\n|move|p1a: Zamazenta|Body Press|p2a: Rillaboom\n|-damage|p2a: Rillaboom|38/100\n|cant|p2b: Terapagos|par\n|\n|-heal|p1a: Zamazenta|65/100|[from] Grassy Terrain\n|-heal|p2a: Rillaboom|43/100|[from] Grassy Terrain\n|upkeep\n|\n|t:|1746088623\n|switch|p1b: Calyrex|Calyrex-Shadow, L50|100/100\n|-ability|p1b: Calyrex|As One\n|-ability|p1b: Calyrex|Unnerve\n|turn|6\n|inactive|eag233 has 30 seconds left.\n|inactive|Wosaolo has 30 seconds left.\n|\n|t:|1746088654\n|move|p2a: Rillaboom|Grassy Glide|p1b: Calyrex\n|-damage|p1b: Calyrex|54/100\n|move|p1b: Calyrex|Pollen Puff|p2a: Rillaboom\n|-supereffective|p2a: Rillaboom\n|-damage|p2a: Rillaboom|0 fnt\n|faint|p2a: Rillaboom\n|-ability|p1b: Calyrex|Grim Neigh|boost\n|-boost|p1b: Calyrex|spa|1\n|move|p1a: Zamazenta|Body Press|p2b: Terapagos\n|-activate|p2b: Terapagos|ability: Tera Shell\n|-resisted|p2b: Terapagos\n|-damage|p2b: Terapagos|73/100 par\n|cant|p2b: Terapagos|par\n|\n|-heal|p1b: Calyrex|61/100|[from] Grassy Terrain\n|-heal|p1a: Zamazenta|71/100|[from] Grassy Terrain\n|-heal|p2b: Terapagos|79/100 par|[from] Grassy Terrain\n|-heal|p2b: Terapagos|85/100 par|[from] item: Leftovers\n|upkeep\n|\n|t:|1746088666\n|switch|p2a: Calyrex|Calyrex-Shadow, L50|100/100\n|-ability|p2a: Calyrex|As One\n|-ability|p2a: Calyrex|Unnerve\n|-damage|p2a: Calyrex|88/100|[from] Stealth Rock\n|turn|7\n|inactive|eag233 has 30 seconds left.\n|\n|t:|1746088696\n|move|p1a: Zamazenta|Wide Guard|p1a: Zamazenta\n|-singleturn|p1a: Zamazenta|Wide Guard\n|move|p1b: Calyrex|Astral Barrage|p2b: Terapagos|[spread] p2a\n|-immune|p2b: Terapagos\n|-supereffective|p2a: Calyrex\n|-damage|p2a: Calyrex|0 fnt\n|faint|p2a: Calyrex\n|-ability|p1b: Calyrex|Grim Neigh|boost\n|-boost|p1b: Calyrex|spa|1\n|move|p2b: Terapagos|Earth Power|p1a: Zamazenta\n|-supereffective|p1a: Zamazenta\n|-damage|p1a: Zamazenta|28/100\n|\n|-heal|p1b: Calyrex|67/100|[from] Grassy Terrain\n|-heal|p1a: Zamazenta|34/100|[from] Grassy Terrain\n|-heal|p2b: Terapagos|92/100 par|[from] Grassy Terrain\n|-heal|p2b: Terapagos|98/100 par|[from] item: Leftovers\n|-fieldend|move: Grassy Terrain\n|upkeep\n|\n|t:|1746088701\n|switch|p2a: Urshifu|Urshifu-Rapid-Strike, L50, F, tera:Water|16/100 par\n|-damage|p2a: Urshifu|3/100 par|[from] Stealth Rock\n|turn|8\n|\n|t:|1746088723\n|cant|p2a: Urshifu|par\n|move|p1b: Calyrex|Psyshock|p2a: Urshifu\n|-damage|p2a: Urshifu|0 fnt\n|faint|p2a: Urshifu\n|-ability|p1b: Calyrex|Grim Neigh|boost\n|-boost|p1b: Calyrex|spa|1\n|move|p1a: Zamazenta|Body Press|p2b: Terapagos\n|-supereffective|p2b: Terapagos\n|-damage|p2b: Terapagos|0 fnt\n|faint|p2b: Terapagos\n|\n|win|eag233\n||Wosaolo is ready for game 2.\n||eag233 is ready for game 2.\n|uhtml|next|Next: <a href=\"/battle-gen9vgc2025regibo3-2354530101\"><strong>Game 2 of 3</strong></a>\n|l|\u2606Wosaolo\n|player|p2|\n", "uploadtime": 1746089059, "views": 11, "formatid": "gen9vgc2025regibo3", "rating": null, "private": 0, "password": null}