{"id": "gen9vgc2025regibo3-2354451944", "format": "[Gen 9] VGC 2025 Reg I (Bo3)", "players": ["Jakobtc", "AetryxGameing"], "log": "|j|\u2606Jakobtc\n|j|\u2606AetryxGameing\n|html|<table width=\"100%\"><tr><td align=\"left\">Jakobtc</td><td align=\"right\">AetryxGameing</tr><tr><td align=\"left\"><i class=\"fa fa-circle\"></i> <i class=\"fa fa-circle-o\"></i> </td><td align=\"right\"><i class=\"fa fa-circle-o\"></i> <i class=\"fa fa-circle\"></i> </tr></table>\n|uhtml|bestof|<h2><strong>Game 3</strong> of <a href=\"/game-bestof3-gen9vgc2025regibo3-2354446247\">a best-of-3</a></h2>\n|t:|1746073673\n|gametype|doubles\n|player|p1|Jakobtc|riley|\n|player|p2|AetryxGameing|101|\n|teamsize|p1|6\n|teamsize|p2|6\n|gen|9\n|tier|[Gen 9] VGC 2025 Reg I (Bo3)\n|rule|Species Clause: Limit one of each Pok\u00e9mon\n|rule|Item Clause: Limit 1 of each item\n|clearpoke\n|poke|p1|Calyrex-Shadow, L50|\n|poke|p1|Zacian-*, L50|\n|poke|p1|Incineroar, L50, M|\n|poke|p1|Rillaboom, L50, M|\n|poke|p1|Urshifu-*, L50, M|\n|poke|p1|Tornadus, L50, M|\n|poke|p2|Koraidon, L50|\n|poke|p2|Lunala, L50|\n|poke|p2|Indeedee-F, L50, F|\n|poke|p2|Flutter Mane, L50|\n|poke|p2|Chi-Yu, L50|\n|poke|p2|Ogerpon-Cornerstone, L50, F|\n|teampreview|4\n|showteam|p1|Calyrex-Shadow||FocusSash|AsOneSpectrier|AstralBarrage,Psychic,Taunt,Protect||||||50|,,,,,Stellar]Zacian-Crowned||RustedSword|IntrepidSword|behemothblade,PlayRough,SacredSword,Protect||||||50|,,,,,Water]Incineroar||SafetyGoggles|Intimidate|FakeOut,KnockOff,HelpingHand,PartingShot|||M|||50|,,,,,Bug]Rillaboom||AssaultVest|GrassySurge|FakeOut,GrassyGlide,WoodHammer,Uturn|||M|||50|,,,,,Fire]Urshifu-Rapid-Strike||ChoiceScarf|UnseenFist|SurgingStrikes,CloseCombat,AquaJet,Uturn|||M|||50|,,,,,Water]Tornadus||CovertCloak|Prankster|BleakwindStorm,Tailwind,RainDance,Protect|||M|||50|,,,,,Dark\n|showteam|p2|Koraidon||ClearAmulet|OrichalcumPulse|CloseCombat,FlareBlitz,FlameCharge,Protect||||||50|,,,,,Fire]Lunala||PowerHerb|ShadowShield|MoongeistBeam,ExpandingForce,MeteorBeam,WideGuard||||||50|,,,,,Fairy]Indeedee-F||RockyHelmet|PsychicSurge|Psychic,FollowMe,HelpingHand,TrickRoom|||F|||50|,,,,,Fairy]Flutter Mane||FocusSash|Protosynthesis|Moonblast,IcyWind,Taunt,Protect||||||50|,,,,,Normal]Chi-Yu||ChoiceScarf|BeadsofRuin|DarkPulse,Snarl,HeatWave,Overheat||||||50|,,,,,Ghost]Ogerpon-Cornerstone||CornerstoneMask|Sturdy|IvyCudgel,PowerWhip,FollowMe,SpikyShield|||F|||50|,,,,,Rock\n|\n|t:|1746073731\n|start\n|switch|p1a: WOOOOOOO|Zacian-Crowned, L50|100/100\n|switch|p1b: My Cat|Incineroar, L50, M|100/100\n|switch|p2a: Koraidon|Koraidon, L50|100/100\n|switch|p2b: Ogerpon|Ogerpon-Cornerstone, L50, F|100/100\n|-ability|p1a: WOOOOOOO|Intrepid Sword|boost\n|-boost|p1a: WOOOOOOO|atk|1\n|-weather|SunnyDay|[from] ability: Orichalcum Pulse|[of] p2a: Koraidon\n|-activate|p2a: Koraidon|Orichalcum Pulse|[source]\n|-ability|p1b: My Cat|Intimidate|boost\n|-fail|p2a: Koraidon|unboost|[from] item: Clear Amulet|[of] p2a: Koraidon\n|-unboost|p2b: Ogerpon|atk|1\n|turn|1\n|\n|t:|1746073762\n|switch|p2b: Lunala|Lunala, L50|100/100\n|switch|p1b: Severus|Calyrex-Shadow, L50|100/100\n|-ability|p1b: Severus|As One\n|-ability|p1b: Severus|Unnerve\n|move|p1a: WOOOOOOO|Protect|p1a: WOOOOOOO\n|-singleturn|p1a: WOOOOOOO|Protect\n|move|p2a: Koraidon|Protect||[still]\n|-fail|p2a: Koraidon\n|\n|-weather|SunnyDay|[upkeep]\n|upkeep\n|turn|2\n|\n|t:|1746073820\n|-terastallize|p1a: WOOOOOOO|Water\n|-terastallize|p2a: Koraidon|Fire\n|move|p2b: Lunala|Wide Guard|p2b: Lunala\n|-singleturn|p2b: Lunala|Wide Guard\n|move|p1b: Severus|Astral Barrage|p2a: Koraidon|[spread] \n|-activate|p2a: Koraidon|move: Wide Guard\n|-activate|p2b: Lunala|move: Wide Guard\n|move|p1a: WOOOOOOO|Sacred Sword|p2a: Koraidon\n|-damage|p2a: Koraidon|54/100\n|move|p2a: Koraidon|Flame Charge|p1b: Severus\n|-damage|p1b: Severus|27/100\n|-boost|p2a: Koraidon|spe|1\n|\n|-weather|SunnyDay|[upkeep]\n|upkeep\n|turn|3\n|\n|t:|1746073889\n|move|p1a: WOOOOOOO|Protect|p1a: WOOOOOOO\n|-singleturn|p1a: WOOOOOOO|Protect\n|move|p2a: Koraidon|Flare Blitz|p1b: Severus\n|-crit|p1b: Severus\n|-damage|p1b: Severus|0 fnt\n|faint|p1b: Severus\n|-damage|p2a: Koraidon|45/100|[from] Recoil\n|move|p2b: Lunala|Meteor Beam||[still]\n|-prepare|p2b: Lunala|Meteor Beam\n|-boost|p2b: Lunala|spa|1\n|-enditem|p2b: Lunala|Power Herb\n|-anim|p2b: Lunala|Meteor Beam|p1a: WOOOOOOO\n|-activate|p1a: WOOOOOOO|move: Protect\n|\n|-weather|SunnyDay|[upkeep]\n|upkeep\n|\n|t:|1746073904\n|switch|p1b: Tornadus|Tornadus, L50, M|100/100\n|turn|4\n|\n|t:|1746073939\n|switch|p2a: Ogerpon|Ogerpon-Cornerstone, L50, F|100/100\n|move|p1b: Tornadus|Rain Dance|p1b: Tornadus\n|-weather|RainDance\n|move|p1a: WOOOOOOO|Sacred Sword|p2a: Ogerpon\n|-supereffective|p2a: Ogerpon\n|-ability|p2a: Ogerpon|Sturdy\n|-damage|p2a: Ogerpon|1/100\n|move|p2b: Lunala|Moongeist Beam|p1a: WOOOOOOO\n|-damage|p1a: WOOOOOOO|25/100\n|\n|-weather|RainDance|[upkeep]\n|upkeep\n|turn|5\n|\n|t:|1746074004\n|move|p1a: WOOOOOOO|Play Rough|p2b: Lunala\n|-damage|p2b: Lunala|73/100\n|move|p1b: Tornadus|Bleakwind Storm|p2b: Lunala|[spread] p2a,p2b\n|-damage|p2a: Ogerpon|0 fnt\n|-damage|p2b: Lunala|46/100\n|-unboost|p2b: Lunala|spe|1\n|faint|p2a: Ogerpon\n|move|p2b: Lunala|Moongeist Beam|p1a: WOOOOOOO\n|-damage|p1a: WOOOOOOO|0 fnt\n|faint|p1a: WOOOOOOO\n|\n|-weather|RainDance|[upkeep]\n|upkeep\n|\n|t:|1746074056\n|switch|p1a: My Cat|Incineroar, L50, M|100/100\n|switch|p2a: Chi-Yu|Chi-Yu, L50|100/100\n|-ability|p2a: Chi-Yu|Beads of Ruin\n|-ability|p1a: My Cat|Intimidate|boost\n|-unboost|p2a: Chi-Yu|atk|1\n|-unboost|p2b: Lunala|atk|1\n|turn|6\n|\n|t:|1746074139\n|switch|p2b: Koraidon|Koraidon, L50, tera:Fire|45/100\n|-weather|SunnyDay|[from] ability: Orichalcum Pulse|[of] p2b: Koraidon\n|-activate|p2b: Koraidon|Orichalcum Pulse|[source]\n|move|p1b: Tornadus|Tailwind|p1b: Tornadus\n|-sidestart|p1: Jakobtc|move: Tailwind\n|move|p2a: Chi-Yu|Overheat|p1b: Tornadus\n|-damage|p1b: Tornadus|0 fnt\n|-unboost|p2a: Chi-Yu|spa|2\n|faint|p1b: Tornadus\n|move|p1a: My Cat|Knock Off|p2b: Koraidon\n|-damage|p2b: Koraidon|12/100\n|-enditem|p2b: Koraidon|Clear Amulet|[from] move: Knock Off|[of] p1a: My Cat\n|\n|-weather|SunnyDay|[upkeep]\n|upkeep\n|turn|7\n|\n|t:|1746074153\n|move|p2a: Chi-Yu|Overheat|p1a: My Cat\n|-resisted|p1a: My Cat\n|-crit|p1a: My Cat\n|-damage|p1a: My Cat|0 fnt\n|-unboost|p2a: Chi-Yu|spa|2\n|faint|p1a: My Cat\n|\n|win|AetryxGameing\n|l|\u2606Jakobtc\n|player|p1|\n", "uploadtime": 1746074160, "views": 13, "formatid": "gen9vgc2025regibo3", "rating": null, "private": 0, "password": null}