{"id": "gen9vgc2025regibo3-2354296752", "format": "[Gen 9] VGC 2025 Reg I (Bo3)", "players": ["TViewierVGC", "MangoFurret"], "log": "|j|\u2606TViewierVGC\n|j|\u2606MangoFurret\n|html|<table width=\"100%\"><tr><td align=\"left\">TViewierVGC</td><td align=\"right\">MangoFurret</tr><tr><td align=\"left\"><i class=\"fa fa-circle-o\"></i> <i class=\"fa fa-circle-o\"></i> </td><td align=\"right\"><i class=\"fa fa-circle-o\"></i> <i class=\"fa fa-circle-o\"></i> </tr></table>\n|uhtml|bestof|<h2><strong>Game 1</strong> of <a href=\"/game-bestof3-gen9vgc2025regibo3-2354296751\">a best-of-3</a></h2>\n|t:|1746054235\n|gametype|doubles\n|player|p1|TViewierVGC|tuber|1294\n|player|p2|MangoFurret|unknown|1274\n|teamsize|p1|6\n|teamsize|p2|6\n|gen|9\n|tier|[Gen 9] VGC 2025 Reg I (Bo3)\n|rated|\n|rule|Species Clause: Limit one of each Pok\u00e9mon\n|rule|Item Clause: Limit 1 of each item\n|clearpoke\n|poke|p1|Lunala, L50|\n|poke|p1|Miraidon, L50|\n|poke|p1|Iron Hands, L50|\n|poke|p1|Landorus, L50, M|\n|poke|p1|Urshifu-*, L50, F|\n|poke|p1|Roaring Moon, L50|\n|poke|p2|Kyogre, L50|\n|poke|p2|Zamazenta-*, L50|\n|poke|p2|Amoonguss, L50, F|\n|poke|p2|Chien-Pao, L50|\n|poke|p2|Urshifu-*, L50, M|\n|poke|p2|Roaring Moon, L50|\n|teampreview|4\n|showteam|p1|Lunala||PowerHerb|ShadowShield|MoongeistBeam,MeteorBeam,WideGuard,TrickRoom||||||50|,,,,,Fairy]Miraidon||ChoiceScarf|HadronEngine|ElectroDrift,DracoMeteor,VoltSwitch,Discharge||||||50|,,,,,Fairy]Iron Hands||AssaultVest|QuarkDrive|WildCharge,DrainPunch,LowKick,FakeOut||||||50|,,,,,Water]Landorus||LifeOrb|SheerForce|EarthPower,SludgeBomb,SandsearStorm,Protect|||M|||50|,,,,,Water]Urshifu-Rapid-Strike||FocusSash|UnseenFist|SurgingStrikes,CloseCombat,AquaJet,Detect|||F|||50|,,,,,Stellar]Roaring Moon||BoosterEnergy|Protosynthesis|KnockOff,Acrobatics,Tailwind,Protect||||||50|,,,,,Flying\n|showteam|p2|Kyogre||MysticWater|Drizzle|WaterSpout,HydroPump,IceBeam,Protect||||||50|,,,,,Grass]Zamazenta-Crowned||RustedShield|DauntlessShield|behemothbash,BodyPress,WideGuard,Protect||||||50|,,,,,Grass]Amoonguss||RockyHelmet|Regenerator|RagePowder,Spore,SludgeBomb,Protect|||F|||50|,,,,,Fairy]Chien-Pao||FocusSash|SwordofRuin|IceSpinner,SuckerPunch,ThroatChop,Protect||||||50|,,,,,Ghost]Urshifu-Rapid-Strike||ChoiceScarf|UnseenFist|SurgingStrikes,CloseCombat,Uturn,Coaching|||M|||50|,,,,,Ghost]Roaring Moon||BoosterEnergy|Protosynthesis|KnockOff,Acrobatics,Tailwind,Protect||||||50|,,,,,Flying\n|inactive|Battle timer is ON: inactive players will automatically lose when time's up. (requested by TViewierVGC)\n|inactive|TViewierVGC has 60 seconds left.\n|inactive|MangoFurret has 60 seconds left.\n|inactive|MangoFurret has 30 seconds left.\n|inactive|MangoFurret has 20 seconds left.\n|inactive|MangoFurret has 15 seconds left.\n|\n|t:|1746054312\n|start\n|switch|p1a: Kisaragi|Miraidon, L50|100/100\n|switch|p1b: Roaring Moon|Roaring Moon, L50|100/100\n|switch|p2a: Storm|Roaring Moon, L50|100/100\n|switch|p2b: Ilgattopardo|Chien-Pao, L50|100/100\n|-fieldstart|move: Electric Terrain|[from] ability: Hadron Engine|[of] p1a: Kisaragi\n|-ability|p2b: Ilgattopardo|Sword of Ruin\n|-enditem|p1b: Roaring Moon|Booster Energy\n|-activate|p1b: Roaring Moon|ability: Protosynthesis|[fromitem]\n|-start|p1b: Roaring Moon|protosynthesisspe\n|-enditem|p2a: Storm|Booster Energy\n|-activate|p2a: Storm|ability: Protosynthesis|[fromitem]\n|-start|p2a: Storm|protosynthesisspe\n|turn|1\n|inactive|MangoFurret has 30 seconds left.\n|inactive|TViewierVGC has 30 seconds left.\n|inactive|MangoFurret has 20 seconds left.\n|inactive|MangoFurret has 15 seconds left.\n|inactive|MangoFurret has 10 seconds left.\n|inactive|MangoFurret has 5 seconds left.\n|\n|t:|1746054363\n|move|p2a: Storm|Tailwind|p2a: Storm\n|-sidestart|p2: MangoFurret|move: Tailwind\n|move|p2b: Ilgattopardo|Ice Spinner|p1a: Kisaragi\n|-supereffective|p1a: Kisaragi\n|-damage|p1a: Kisaragi|7/100\n|-fieldend|move: Electric Terrain\n|move|p1b: Roaring Moon|Tailwind|p1b: Roaring Moon\n|-sidestart|p1: TViewierVGC|move: Tailwind\n|move|p1a: Kisaragi|Volt Switch|p2b: Ilgattopardo\n|-damage|p2b: Ilgattopardo|38/100\n|\n|t:|1746054379\n|switch|p1a: Lunala|Lunala, L50, shiny|100/100|[from] Volt Switch\n|\n|upkeep\n|turn|2\n|inactive|TViewierVGC has 30 seconds left.\n|\n|t:|1746054407\n|-terastallize|p1a: Lunala|Fairy\n|move|p2b: Ilgattopardo|Protect|p2b: Ilgattopardo\n|-singleturn|p2b: Ilgattopardo|Protect\n|move|p2a: Storm|Knock Off|p1a: Lunala\n|-resisted|p1a: Lunala\n|-damage|p1a: Lunala|88/100\n|-enditem|p1a: Lunala|Power Herb|[from] move: Knock Off|[of] p2a: Storm\n|move|p1b: Roaring Moon|Acrobatics|p2b: Ilgattopardo\n|-activate|p2b: Ilgattopardo|move: Protect\n|move|p1a: Lunala|Moongeist Beam|p2a: Storm\n|-resisted|p2a: Storm\n|-damage|p2a: Storm|72/100\n|\n|upkeep\n|turn|3\n|inactive|MangoFurret has 30 seconds left.\n|inactive|MangoFurret has 20 seconds left.\n|inactive|MangoFurret has 15 seconds left.\n|inactive|MangoFurret has 10 seconds left.\n|inactive|MangoFurret has 5 seconds left.\n|\n|t:|1746054460\n|move|p2b: Ilgattopardo|Sucker Punch|p1a: Lunala\n|-resisted|p1a: Lunala\n|-damage|p1a: Lunala|70/100\n|move|p2a: Storm|Acrobatics|p1a: Lunala\n|-damage|p1a: Lunala|32/100\n|move|p1b: Roaring Moon|Acrobatics|p2b: Ilgattopardo\n|-damage|p2b: Ilgattopardo|0 fnt\n|faint|p2b: Ilgattopardo\n|move|p1a: Lunala|Moongeist Beam|p2a: Storm\n|-resisted|p2a: Storm\n|-damage|p2a: Storm|44/100\n|\n|upkeep\n|\n|t:|1746054473\n|switch|p2b: IlDoggo|Zamazenta-Crowned, L50|100/100\n|-ability|p2b: IlDoggo|Dauntless Shield|boost\n|-boost|p2b: IlDoggo|def|1\n|turn|4\n|inactive|TViewierVGC has 30 seconds left.\n|inactive|TViewierVGC has 20 seconds left.\n|inactive|TViewierVGC has 15 seconds left.\n|inactive|TViewierVGC has 10 seconds left.\n|\n|t:|1746054520\n|switch|p1a: AlienDreamEmulater|Iron Hands, L50|100/100\n|move|p2a: Storm|Acrobatics|p1a: AlienDreamEmulater\n|-damage|p1a: AlienDreamEmulater|74/100\n|move|p1b: Roaring Moon|Acrobatics|p2a: Storm\n|-damage|p2a: Storm|0 fnt\n|faint|p2a: Storm\n|-end|p2a: Storm|Protosynthesis|[silent]\n|move|p2b: IlDoggo|Body Press|p1b: Roaring Moon\n|-supereffective|p1b: Roaring Moon\n|-damage|p1b: Roaring Moon|0 fnt\n|faint|p1b: Roaring Moon\n|-end|p1b: Roaring Moon|Protosynthesis|[silent]\n|\n|-sideend|p2: MangoFurret|move: Tailwind\n|-sideend|p1: TViewierVGC|move: Tailwind\n|upkeep\n|\n|t:|1746054534\n|switch|p2a: Impostor|Amoonguss, L50, F|100/100\n|switch|p1b: Lunala|Lunala, L50, shiny, tera:Fairy|32/100\n|turn|5\n|\n|t:|1746054557\n|move|p2b: IlDoggo|Protect|p2b: IlDoggo\n|-singleturn|p2b: IlDoggo|Protect\n|move|p2a: Impostor|Protect|p2a: Impostor\n|-singleturn|p2a: Impostor|Protect\n|move|p1a: AlienDreamEmulater|Fake Out|p2a: Impostor\n|-activate|p2a: Impostor|move: Protect\n|move|p1b: Lunala|Moongeist Beam|p2b: IlDoggo\n|-activate|p2b: IlDoggo|move: Protect\n|\n|upkeep\n|turn|6\n|inactive|TViewierVGC has 30 seconds left.\n|\n|t:|1746054587\n|-terastallize|p2b: IlDoggo|Grass\n|move|p2b: IlDoggo|Body Press|p1a: AlienDreamEmulater\n|-damage|p1a: AlienDreamEmulater|31/100\n|move|p1b: Lunala|Moongeist Beam|p2b: IlDoggo\n|-damage|p2b: IlDoggo|52/100\n|move|p1a: AlienDreamEmulater|Drain Punch|p2b: IlDoggo\n|-damage|p2b: IlDoggo|35/100\n|-heal|p1a: AlienDreamEmulater|38/100|[from] drain|[of] p2b: IlDoggo\n|move|p2a: Impostor|Sludge Bomb|p1b: Lunala\n|-supereffective|p1b: Lunala\n|-damage|p1b: Lunala|0 fnt\n|faint|p1b: Lunala\n|\n|upkeep\n|\n|t:|1746054596\n|switch|p1b: Kisaragi|Miraidon, L50|7/100\n|-fieldstart|move: Electric Terrain|[from] ability: Hadron Engine|[of] p1b: Kisaragi\n|-activate|p1a: AlienDreamEmulater|ability: Quark Drive\n|-start|p1a: AlienDreamEmulater|quarkdriveatk\n|turn|7\n|inactive|MangoFurret has 30 seconds left.\n|inactive|MangoFurret has 20 seconds left.\n|inactive|TViewierVGC has 30 seconds left.\n|inactive|MangoFurret has 15 seconds left.\n|inactive|MangoFurret has 10 seconds left.\n|inactive|MangoFurret has 5 seconds left.\n|\n|t:|1746054646\n|move|p2a: Impostor|Rage Powder|p2a: Impostor\n|-singleturn|p2a: Impostor|move: Rage Powder\n|move|p1b: Kisaragi|Draco Meteor|p2a: Impostor\n|-damage|p2a: Impostor|23/100\n|-unboost|p1b: Kisaragi|spa|2\n|move|p2b: IlDoggo|Body Press|p1b: Kisaragi\n|-damage|p1b: Kisaragi|0 fnt\n|faint|p1b: Kisaragi\n|move|p1a: AlienDreamEmulater|Drain Punch|p2a: Impostor\n|-resisted|p2a: Impostor\n|-damage|p2a: Impostor|0 fnt\n|-heal|p1a: AlienDreamEmulater|48/100|[from] drain|[of] p2a: Impostor\n|-damage|p1a: AlienDreamEmulater|32/100|[from] item: Rocky Helmet|[of] p2a: Impostor\n|faint|p2a: Impostor\n|\n|upkeep\n|turn|8\n|inactive|MangoFurret has 30 seconds left.\n|\n|t:|1746054674\n|move|p2b: IlDoggo|Body Press|p1a: AlienDreamEmulater\n|-damage|p1a: AlienDreamEmulater|0 fnt\n|faint|p1a: AlienDreamEmulater\n|-end|p1a: AlienDreamEmulater|Quark Drive|[silent]\n|\n|win|MangoFurret\n|raw|TViewierVGC's rating: 1294 &rarr; <strong>1268</strong><br />(-26 for losing)\n|raw|MangoFurret's rating: 1274 &rarr; <strong>1300</strong><br />(+26 for winning)\n|l|\u2606TViewierVGC\n|player|p1|\n", "uploadtime": 1746054695, "views": 13, "formatid": "gen9vgc2025regibo3", "rating": 1268, "private": 0, "password": null}