{"id": "gen9vgc2025regibo3-2354466769", "format": "[Gen 9] VGC 2025 Reg I (Bo3)", "players": ["Miggle SoCal", "idkloldude"], "log": "|j|\u2606Miggle SoCal\n|j|\u2606idkloldude\n|html|<table width=\"100%\"><tr><td align=\"left\">Miggle SoCal</td><td align=\"right\">idkloldude</tr><tr><td align=\"left\"><i class=\"fa fa-circle\"></i> <i class=\"fa fa-circle-o\"></i> </td><td align=\"right\"><i class=\"fa fa-circle-o\"></i> <i class=\"fa fa-circle\"></i> </tr></table>\n|uhtml|bestof|<h2><strong>Game 3</strong> of <a href=\"/game-bestof3-gen9vgc2025regibo3-2354463129\">a best-of-3</a></h2>\n|t:|1746076131\n|gametype|doubles\n|player|p1|Miggle SoCal|lucas|\n|player|p2|idkloldude|elesa|\n|teamsize|p1|6\n|teamsize|p2|6\n|gen|9\n|tier|[Gen 9] VGC 2025 Reg I (Bo3)\n|rule|Species Clause: Limit one of each Pok\u00e9mon\n|rule|Item Clause: Limit 1 of each item\n|clearpoke\n|poke|p1|Koraidon, L50|\n|poke|p1|Lunala, L50|\n|poke|p1|Chi-Yu, L50|\n|poke|p1|Brute Bonnet, L50|\n|poke|p1|Flutter Mane, L50|\n|poke|p1|Ditto, L50|\n|poke|p2|Calyrex-Shadow, L50|\n|poke|p2|Terapagos, L50, M|\n|poke|p2|Rillaboom, L50, M|\n|poke|p2|Incineroar, L50, F|\n|poke|p2|Urshifu-*, L50, M|\n|poke|p2|Ogerpon-Cornerstone, L50, F|\n|teampreview|4\n|showteam|p1|Koraidon||ClearAmulet|OrichalcumPulse|FlareBlitz,FlameCharge,CloseCombat,Protect||||||50|,,,,,Fire]Lunala||PowerHerb|ShadowShield|MoongeistBeam,MeteorBeam,WideGuard,TrickRoom||||||50|,,,,,Water]Chi-Yu||ChoiceScarf|BeadsofRuin|Overheat,HeatWave,DarkPulse,Snarl||||||50|,,,,,Ghost]Brute Bonnet||CovertCloak|Protosynthesis|SeedBomb,SuckerPunch,Spore,RagePowder||||||50|,,,,,Water]Flutter Mane||FocusSash|Protosynthesis|Moonblast,IcyWind,ShadowBall,Protect||||||50|,,,,,Normal]Ditto||SafetyGoggles|Imposter|Transform||||||50|,,,,,Normal\n|showteam|p2|Calyrex-Shadow||FocusSash|AsOneSpectrier|AstralBarrage,WillOWisp,Disable,Protect||||||50|,,,,,Ghost]Terapagos||Leftovers|TeraShift|TeraStarstorm,CalmMind,EarthPower,Protect|||M|||50|,,,,,Stellar]Rillaboom||AssaultVest|GrassySurge|WoodHammer,GrassyGlide,Uturn,FakeOut|||M|||50|,,,,,Grass]Incineroar||SafetyGoggles|Intimidate|KnockOff,FakeOut,PartingShot,WillOWisp|||F|||50|,,,,,Ghost]Urshifu-Rapid-Strike||ChoiceScarf|UnseenFist|SurgingStrikes,CloseCombat,AquaJet,Uturn|||M|||50|,,,,,Water]Ogerpon-Cornerstone||CornerstoneMask|Sturdy|IvyCudgel,SpikyShield,FollowMe,PowerWhip|||F|||50|,,,,,Rock\n|j| laluka\n|j| Unaffordable\n|\n|t:|1746076183\n|start\n|switch|p1a: Chi-Yu|Chi-Yu, L50|100/100\n|switch|p1b: Flutter Mane|Flutter Mane, L50|100/100\n|switch|p2a: Terapagos|Terapagos, L50, M|100/100\n|switch|p2b: Urshifu|Urshifu-Rapid-Strike, L50, M|100/100\n|-activate|p2a: Terapagos|ability: Tera Shift\n|detailschange|p2a: Terapagos|Terapagos-Terastal, L50, M\n|-heal|p2a: Terapagos|100/100|[silent]\n|-ability|p1a: Chi-Yu|Beads of Ruin\n|turn|1\n|\n|t:|1746076214\n|switch|p2b: Incineroar|Incineroar, L50, F|100/100\n|-ability|p2b: Incineroar|Intimidate|boost\n|-unboost|p1a: Chi-Yu|atk|1\n|-unboost|p1b: Flutter Mane|atk|1\n|-end|p1b: Flutter Mane|Protosynthesis|[silent]\n|switch|p1b: Koraidon|Koraidon, L50|100/100\n|-weather|SunnyDay|[from] ability: Orichalcum Pulse|[of] p1b: Koraidon\n|-activate|p1b: Koraidon|Orichalcum Pulse|[source]\n|move|p1a: Chi-Yu|Heat Wave|p2b: Incineroar|[spread] p2a,p2b\n|-activate|p2a: Terapagos|ability: Tera Shell\n|-resisted|p2a: Terapagos\n|-resisted|p2b: Incineroar\n|-damage|p2a: Terapagos|67/100\n|-damage|p2b: Incineroar|68/100\n|move|p2a: Terapagos|Calm Mind|p2a: Terapagos\n|-boost|p2a: Terapagos|spa|1\n|-boost|p2a: Terapagos|spd|1\n|\n|-weather|SunnyDay|[upkeep]\n|-heal|p2a: Terapagos|73/100|[from] item: Leftovers\n|upkeep\n|turn|2\n|\n|t:|1746076239\n|-terastallize|p2a: Terapagos|Stellar\n|detailschange|p2a: Terapagos|Terapagos-Stellar, L50, M, tera:Stellar\n|-heal|p2a: Terapagos|80/100|[silent]\n|-ability|p2a: Terapagos|Teraform Zero\n|-weather|none\n|move|p1b: Koraidon|Protect|p1b: Koraidon\n|-singleturn|p1b: Koraidon|Protect\n|move|p2b: Incineroar|Fake Out|p1b: Koraidon\n|-activate|p1b: Koraidon|move: Protect\n|move|p1a: Chi-Yu|Heat Wave|p2b: Incineroar|[spread] p2a,p2b\n|-resisted|p2b: Incineroar\n|-damage|p2a: Terapagos|59/100\n|-damage|p2b: Incineroar|47/100\n|move|p2a: Terapagos|Tera Starstorm|p1a: Chi-Yu|[spread] p1a\n|-activate|p1b: Koraidon|move: Protect\n|-damage|p1a: Chi-Yu|45/100\n|\n|-heal|p2a: Terapagos|65/100|[from] item: Leftovers\n|upkeep\n|turn|3\n|\n|t:|1746076288\n|move|p2a: Terapagos|Protect|p2a: Terapagos\n|-singleturn|p2a: Terapagos|Protect\n|move|p1a: Chi-Yu|Heat Wave|p2b: Incineroar|[spread] p2b\n|-activate|p2a: Terapagos|move: Protect\n|-resisted|p2b: Incineroar\n|-damage|p2b: Incineroar|25/100\n|move|p1b: Koraidon|Close Combat|p2a: Terapagos\n|-activate|p2a: Terapagos|move: Protect\n|move|p2b: Incineroar|Will-O-Wisp|p1b: Koraidon\n|-status|p1b: Koraidon|brn\n|\n|-heal|p2a: Terapagos|71/100|[from] item: Leftovers\n|-damage|p1b: Koraidon|94/100 brn|[from] brn\n|upkeep\n|turn|4\n|\n|t:|1746076300\n|move|p1a: Chi-Yu|Heat Wave|p2a: Terapagos|[spread] p2a,p2b\n|-resisted|p2b: Incineroar\n|-damage|p2a: Terapagos|50/100\n|-damage|p2b: Incineroar|3/100\n|move|p1b: Koraidon|Close Combat|p2a: Terapagos\n|-supereffective|p2a: Terapagos\n|-damage|p2a: Terapagos|14/100\n|-unboost|p1b: Koraidon|def|1\n|-unboost|p1b: Koraidon|spd|1\n|move|p2a: Terapagos|Tera Starstorm|p1b: Koraidon|[spread] p1a,p1b\n|-damage|p1a: Chi-Yu|0 fnt\n|-damage|p1b: Koraidon|0 fnt\n|faint|p1a: Chi-Yu\n|faint|p1b: Koraidon\n|move|p2b: Incineroar|Parting Shot|p1: Chi-Yu|[notarget]\n|-fail|p2b: Incineroar\n|\n|-heal|p2a: Terapagos|20/100|[from] item: Leftovers\n|upkeep\n|\n|t:|1746076306\n|switch|p1b: Brute Bonnet|Brute Bonnet, L50|100/100\n|switch|p1a: Flutter Mane|Flutter Mane, L50|100/100\n|turn|5\n|\n|t:|1746076333\n|move|p1a: Flutter Mane|Icy Wind|p2a: Terapagos|[spread] p2a,p2b\n|-resisted|p2b: Incineroar\n|-damage|p2a: Terapagos|14/100\n|-damage|p2b: Incineroar|0 fnt\n|-unboost|p2a: Terapagos|spe|1\n|faint|p2b: Incineroar\n|move|p2a: Terapagos|Tera Starstorm|p1a: Flutter Mane|[spread] p1a,p1b\n|-damage|p1a: Flutter Mane|44/100\n|-damage|p1b: Brute Bonnet|61/100\n|move|p1b: Brute Bonnet|Spore|p2a: Terapagos\n|-status|p2a: Terapagos|slp|[from] move: Spore\n|\n|-heal|p2a: Terapagos|20/100 slp|[from] item: Leftovers\n|upkeep\n|\n|t:|1746076344\n|switch|p2b: Urshifu|Urshifu-Rapid-Strike, L50, M|100/100\n|turn|6\n|\n|t:|1746076379\n|-terastallize|p1b: Brute Bonnet|Water\n|move|p1b: Brute Bonnet|Rage Powder|p1b: Brute Bonnet\n|-singleturn|p1b: Brute Bonnet|move: Rage Powder\n|move|p2b: Urshifu|Surging Strikes|p1b: Brute Bonnet\n|-resisted|p1b: Brute Bonnet\n|-crit|p1b: Brute Bonnet\n|-damage|p1b: Brute Bonnet|54/100\n|-resisted|p1b: Brute Bonnet\n|-crit|p1b: Brute Bonnet\n|-damage|p1b: Brute Bonnet|47/100\n|-resisted|p1b: Brute Bonnet\n|-crit|p1b: Brute Bonnet\n|-damage|p1b: Brute Bonnet|40/100\n|-hitcount|p1b: Brute Bonnet|3\n|move|p1a: Flutter Mane|Moonblast|p2b: Urshifu\n|-supereffective|p2b: Urshifu\n|-damage|p2b: Urshifu|0 fnt\n|faint|p2b: Urshifu\n|cant|p2a: Terapagos|slp\n|\n|-heal|p2a: Terapagos|26/100 slp|[from] item: Leftovers\n|upkeep\n|\n|t:|1746076387\n|switch|p2b: Calyrex|Calyrex-Shadow, L50|100/100\n|-ability|p2b: Calyrex|As One\n|-ability|p2b: Calyrex|Unnerve\n|turn|7\n|\n|t:|1746076411\n|move|p1a: Flutter Mane|Protect|p1a: Flutter Mane\n|-singleturn|p1a: Flutter Mane|Protect\n|move|p1b: Brute Bonnet|Sucker Punch|p2b: Calyrex\n|-supereffective|p2b: Calyrex\n|-enditem|p2b: Calyrex|Focus Sash\n|-damage|p2b: Calyrex|1/100\n|move|p2b: Calyrex|Astral Barrage|p1b: Brute Bonnet|[spread] p1b\n|-activate|p1a: Flutter Mane|move: Protect\n|-damage|p1b: Brute Bonnet|0 fnt\n|faint|p1b: Brute Bonnet\n|-end|p1b: Brute Bonnet|Protosynthesis|[silent]\n|-ability|p2b: Calyrex|Grim Neigh|boost\n|-boost|p2b: Calyrex|spa|1\n|-curestatus|p2a: Terapagos|slp|[msg]\n|move|p2a: Terapagos|Tera Starstorm|p1a: Flutter Mane\n|-activate|p1a: Flutter Mane|move: Protect\n|\n|-heal|p2a: Terapagos|32/100|[from] item: Leftovers\n|upkeep\n|turn|8\n|c|\u2606Miggle SoCal|gg wp\n|-message|Miggle SoCal forfeited.\n|\n|win|idkloldude\n|c|\u2606idkloldude|ggwp\n|l| Unaffordable\n|l| laluka\n|l|\u2606idkloldude\n|player|p2|\n|j| mattcharlessanders\n", "uploadtime": 1746076426, "views": 16, "formatid": "gen9vgc2025regibo3", "rating": null, "private": 0, "password": null}