{"id": "gen9vgc2025regibo3-2353497026", "format": "[Gen 9] VGC 2025 Reg I (Bo3)", "players": ["messi-05", "pon seis nueve"], "log": "|j|\u2606messi-05\n|j|\u2606pon seis nueve\n|html|<table width=\"100%\"><tr><td align=\"left\">messi-05</td><td align=\"right\">pon seis nueve</tr><tr><td align=\"left\"><i class=\"fa fa-circle-o\"></i> <i class=\"fa fa-circle-o\"></i> </td><td align=\"right\"><i class=\"fa fa-circle-o\"></i> <i class=\"fa fa-circle\"></i> </tr></table>\n|uhtml|bestof|<h2><strong>Game 2</strong> of <a href=\"/game-bestof3-gen9vgc2025regibo3-2353494656\">a best-of-3</a></h2>\n|t:|1745961515\n|gametype|doubles\n|player|p1|messi-05|170|1116\n|player|p2|pon seis nueve|marlon|1087\n|teamsize|p1|6\n|teamsize|p2|6\n|gen|9\n|tier|[Gen 9] VGC 2025 Reg I (Bo3)\n|rated|\n|rule|Species Clause: Limit one of each Pok\u00e9mon\n|rule|Item Clause: Limit 1 of each item\n|clearpoke\n|poke|p1|Terapagos, L50, M|\n|poke|p1|Koraidon, L50|\n|poke|p1|Incineroar, L50, F|\n|poke|p1|Rillaboom, L50, F|\n|poke|p1|Ogerpon-Cornerstone, L50, F|\n|poke|p1|Flutter Mane, L50|\n|poke|p2|Zamazenta-*, L50|\n|poke|p2|Calyrex-Shadow, L50|\n|poke|p2|Tornadus, L50, M|\n|poke|p2|Urshifu-*, L50, F|\n|poke|p2|Rillaboom, L50, M|\n|poke|p2|Chien-Pao, L50|\n|teampreview|4\n|showteam|p1|Terapagos||Leftovers|TeraShift|TeraStarstorm,CalmMind,Substitute,Protect|||M|||50|,,,,,Stellar]Koraidon||LifeOrb|OrichalcumPulse|FlareBlitz,CloseCombat,FlameCharge,Protect||||||50|,,,,,Fire]Incineroar||RockyHelmet|Intimidate|KnockOff,PartingShot,WillOWisp,FakeOut|||F|||50|,,,,,Water]Rillaboom||AssaultVest|GrassySurge|WoodHammer,GrassyGlide,Uturn,FakeOut|||F|||50|,,,,,Water]Ogerpon-Cornerstone||CornerstoneMask|Sturdy|IvyCudgel,GrassyGlide,FollowMe,SpikyShield|||F|||50|,,,,,Rock]Flutter Mane||FocusSash|Protosynthesis|Moonblast,DazzlingGleam,ShadowBall,IcyWind||||||50|,,,,,Fairy\n|showteam|p2|Zamazenta-Crowned||RustedShield|DauntlessShield|BodyPress,HeavySlam,WideGuard,Protect||||||50|,,,,,Ghost]Calyrex-Shadow||FocusSash|AsOneSpectrier|AstralBarrage,Psychic,Encore,Protect||||||50|,,,,,Ghost]Tornadus||RockyHelmet|Prankster|BleakwindStorm,Tailwind,RainDance,Protect|||M|||50|,,,,,Dark]Urshifu-Rapid-Strike||MysticWater|UnseenFist|SurgingStrikes,CloseCombat,AquaJet,Detect|||F|||50|,,,,,Water]Rillaboom||AssaultVest|GrassySurge|WoodHammer,GrassyGlide,Uturn,FakeOut|||M|||50|,,,,,Fire]Chien-Pao||LifeOrb|SwordofRuin|SuckerPunch,IcicleCrash,ThroatChop,Protect||||||50|,,,,,Stellar\n|inactive|Battle timer is ON: inactive players will automatically lose when time's up. (requested by messi-05)\n|inactive|messi-05 has 60 seconds left.\n|inactive|messi-05 has 30 seconds left.\n|inactive|messi-05 has 20 seconds left.\n|inactive|messi-05 has 15 seconds left.\n|\n|t:|1745961595\n|start\n|switch|p1a: Incineroar|Incineroar, L50, F|100/100\n|switch|p1b: Ogerpon|Ogerpon-Cornerstone, L50, F|100/100\n|switch|p2a: Zamazenta|Zamazenta-Crowned, L50|100/100\n|switch|p2b: Tornadus|Tornadus, L50, M|100/100\n|-ability|p2a: Zamazenta|Dauntless Shield|boost\n|-boost|p2a: Zamazenta|def|1\n|-ability|p1a: Incineroar|Intimidate|boost\n|-unboost|p2a: Zamazenta|atk|1\n|-unboost|p2b: Tornadus|atk|1\n|turn|1\n|\n|t:|1745961605\n|move|p2b: Tornadus|Protect|p2b: Tornadus\n|-singleturn|p2b: Tornadus|Protect\n|move|p2a: Zamazenta|Protect|p2a: Zamazenta\n|-singleturn|p2a: Zamazenta|Protect\n|move|p1a: Incineroar|Fake Out|p2a: Zamazenta\n|-activate|p2a: Zamazenta|move: Protect\n|move|p1b: Ogerpon|Ivy Cudgel|p2b: Tornadus|[anim] Ivy Cudgel Rock\n|-activate|p2b: Tornadus|move: Protect\n|\n|upkeep\n|turn|2\n|inactive|pon seis nueve has 30 seconds left.\n|\n|t:|1745961634\n|move|p1b: Ogerpon|Follow Me|p1b: Ogerpon\n|-singleturn|p1b: Ogerpon|move: Follow Me\n|move|p2a: Zamazenta|Body Press|p1b: Ogerpon\n|-supereffective|p1b: Ogerpon\n|-ability|p1b: Ogerpon|Sturdy\n|-damage|p1b: Ogerpon|1/100\n|move|p2b: Tornadus|Bleakwind Storm|p1b: Ogerpon|[spread] p1a,p1b\n|-damage|p1a: Incineroar|69/100\n|-damage|p1b: Ogerpon|0 fnt\n|-unboost|p1a: Incineroar|spe|1\n|faint|p1b: Ogerpon\n|move|p1a: Incineroar|Will-O-Wisp|p2a: Zamazenta\n|-status|p2a: Zamazenta|brn\n|\n|-damage|p2a: Zamazenta|95/100 brn|[from] brn\n|upkeep\n|\n|t:|1745961658\n|switch|p1b: Terapagos|Terapagos, L50, M|100/100\n|-activate|p1b: Terapagos|ability: Tera Shift\n|detailschange|p1b: Terapagos|Terapagos-Terastal, L50, M\n|-heal|p1b: Terapagos|100/100|[silent]\n|turn|3\n|inactive|messi-05 has 30 seconds left.\n|\n|t:|1745961687\n|move|p2a: Zamazenta|Body Press|p1a: Incineroar\n|-supereffective|p1a: Incineroar\n|-damage|p1a: Incineroar|13/100\n|-damage|p2a: Zamazenta|78/100 brn|[from] item: Rocky Helmet|[of] p1a: Incineroar\n|move|p2b: Tornadus|Bleakwind Storm|p1b: Terapagos|[spread] \n|-miss|p2b: Tornadus|p1a: Incineroar\n|-miss|p2b: Tornadus|p1b: Terapagos\n|move|p1b: Terapagos|Tera Starstorm|p2b: Tornadus\n|-damage|p2b: Tornadus|34/100\n|move|p1a: Incineroar|Parting Shot|p2b: Tornadus\n|-unboost|p2b: Tornadus|atk|1\n|-unboost|p2b: Tornadus|spa|1\n|\n|t:|1745961699\n|switch|p1a: Koraidon|Koraidon, L50|100/100|[from] Parting Shot\n|-weather|SunnyDay|[from] ability: Orichalcum Pulse|[of] p1a: Koraidon\n|-activate|p1a: Koraidon|Orichalcum Pulse|[source]\n|\n|-weather|SunnyDay|[upkeep]\n|-damage|p2a: Zamazenta|72/100 brn|[from] brn\n|upkeep\n|turn|4\n|inactive|messi-05 has 30 seconds left.\n|inactive|messi-05 has 20 seconds left.\n|\n|t:|1745961739\n|move|p1a: Koraidon|Protect|p1a: Koraidon\n|-singleturn|p1a: Koraidon|Protect\n|move|p2a: Zamazenta|Protect|p2a: Zamazenta\n|-singleturn|p2a: Zamazenta|Protect\n|move|p2b: Tornadus|Bleakwind Storm|p1a: Koraidon|[spread] p1b\n|-activate|p1a: Koraidon|move: Protect\n|-activate|p1b: Terapagos|ability: Tera Shell\n|-resisted|p1b: Terapagos\n|-damage|p1b: Terapagos|91/100\n|move|p1b: Terapagos|Tera Starstorm|p2b: Tornadus\n|-damage|p2b: Tornadus|0 fnt\n|faint|p2b: Tornadus\n|\n|-weather|SunnyDay|[upkeep]\n|-heal|p1b: Terapagos|97/100|[from] item: Leftovers\n|-damage|p2a: Zamazenta|66/100 brn|[from] brn\n|upkeep\n|\n|t:|1745961755\n|switch|p2b: Calyrex|Calyrex-Shadow, L50|100/100\n|-ability|p2b: Calyrex|As One\n|-ability|p2b: Calyrex|Unnerve\n|turn|5\n|\n|t:|1745961777\n|switch|p1a: Incineroar|Incineroar, L50, F|13/100\n|-ability|p1a: Incineroar|Intimidate|boost\n|-unboost|p2a: Zamazenta|atk|1\n|-unboost|p2b: Calyrex|atk|1\n|-terastallize|p1b: Terapagos|Stellar\n|detailschange|p1b: Terapagos|Terapagos-Stellar, L50, M, tera:Stellar\n|-heal|p1b: Terapagos|98/100|[silent]\n|-ability|p1b: Terapagos|Teraform Zero\n|-weather|none\n|move|p2b: Calyrex|Encore||[still]\n|-fail|p2b: Calyrex\n|move|p2a: Zamazenta|Body Press|p1b: Terapagos\n|-supereffective|p1b: Terapagos\n|-damage|p1b: Terapagos|54/100\n|move|p1b: Terapagos|Tera Starstorm|p2a: Zamazenta|[spread] p2a,p2b\n|-crit|p2a: Zamazenta\n|-crit|p2b: Calyrex\n|-damage|p2a: Zamazenta|14/100 brn\n|-damage|p2b: Calyrex|42/100\n|\n|-heal|p1b: Terapagos|60/100|[from] item: Leftovers\n|-damage|p2a: Zamazenta|8/100 brn|[from] brn\n|upkeep\n|turn|6\n|\n|t:|1745961800\n|move|p2a: Zamazenta|Protect|p2a: Zamazenta\n|-singleturn|p2a: Zamazenta|Protect\n|move|p1a: Incineroar|Fake Out|p2a: Zamazenta\n|-activate|p2a: Zamazenta|move: Protect\n|move|p2b: Calyrex|Astral Barrage|p1b: Terapagos|[spread] p1a\n|-immune|p1b: Terapagos\n|-resisted|p1a: Incineroar\n|-damage|p1a: Incineroar|0 fnt\n|faint|p1a: Incineroar\n|-ability|p2b: Calyrex|Grim Neigh|boost\n|-boost|p2b: Calyrex|spa|1\n|move|p1b: Terapagos|Tera Starstorm|p2a: Zamazenta|[spread] p2b\n|-activate|p2a: Zamazenta|move: Protect\n|-damage|p2b: Calyrex|0 fnt\n|faint|p2b: Calyrex\n|\n|-heal|p1b: Terapagos|66/100|[from] item: Leftovers\n|-damage|p2a: Zamazenta|2/100 brn|[from] brn\n|upkeep\n|\n|t:|1745961819\n|switch|p2b: Chien-Pao|Chien-Pao, L50|100/100\n|switch|p1a: Koraidon|Koraidon, L50|100/100\n|-ability|p2b: Chien-Pao|Sword of Ruin\n|-weather|SunnyDay|[from] ability: Orichalcum Pulse|[of] p1a: Koraidon\n|-activate|p1a: Koraidon|Orichalcum Pulse|[source]\n|turn|7\n|inactive|pon seis nueve has 30 seconds left.\n|\n|t:|1745961848\n|move|p1a: Koraidon|Protect|p1a: Koraidon\n|-singleturn|p1a: Koraidon|Protect\n|move|p1b: Terapagos|Protect|p1b: Terapagos\n|-singleturn|p1b: Terapagos|Protect\n|move|p2b: Chien-Pao|Sucker Punch||[still]\n|-fail|p2b: Chien-Pao\n|move|p2a: Zamazenta|Body Press|p1b: Terapagos\n|-activate|p1b: Terapagos|move: Protect\n|\n|-weather|SunnyDay|[upkeep]\n|-heal|p1b: Terapagos|72/100|[from] item: Leftovers\n|-damage|p2a: Zamazenta|0 fnt|[from] brn\n|faint|p2a: Zamazenta\n|upkeep\n|turn|8\n|\n|t:|1745961865\n|move|p2b: Chien-Pao|Icicle Crash|p1a: Koraidon\n|-supereffective|p1a: Koraidon\n|-crit|p1a: Koraidon\n|-damage|p1a: Koraidon|0 fnt\n|faint|p1a: Koraidon\n|-damage|p2b: Chien-Pao|91/100|[from] item: Life Orb\n|move|p1b: Terapagos|Tera Starstorm|p2b: Chien-Pao\n|-damage|p2b: Chien-Pao|4/100\n|\n|-weather|SunnyDay|[upkeep]\n|-heal|p1b: Terapagos|79/100|[from] item: Leftovers\n|upkeep\n|turn|9\n|\n|t:|1745961885\n|move|p2b: Chien-Pao|Protect|p2b: Chien-Pao\n|-singleturn|p2b: Chien-Pao|Protect\n|move|p1b: Terapagos|Protect||[still]\n|-fail|p1b: Terapagos\n|\n|-weather|SunnyDay|[upkeep]\n|-heal|p1b: Terapagos|85/100|[from] item: Leftovers\n|upkeep\n|turn|10\n|\n|t:|1745961892\n|-terastallize|p2b: Chien-Pao|Stellar\n|move|p1b: Terapagos|Protect|p1b: Terapagos\n|-singleturn|p1b: Terapagos|Protect\n|move|p2b: Chien-Pao|Icicle Crash|p1b: Terapagos\n|-activate|p1b: Terapagos|move: Protect\n|\n|-weather|SunnyDay|[upkeep]\n|-heal|p1b: Terapagos|91/100|[from] item: Leftovers\n|upkeep\n|turn|11\n|\n|t:|1745961898\n|move|p2b: Chien-Pao|Protect|p2b: Chien-Pao\n|-singleturn|p2b: Chien-Pao|Protect\n|move|p1b: Terapagos|Tera Starstorm|p2b: Chien-Pao\n|-activate|p2b: Chien-Pao|move: Protect\n|\n|-weather|none\n|-heal|p1b: Terapagos|97/100|[from] item: Leftovers\n|upkeep\n|turn|12\n|\n|t:|1745961908\n|move|p2b: Chien-Pao|Protect|p2b: Chien-Pao\n|-singleturn|p2b: Chien-Pao|Protect\n|move|p1b: Terapagos|Tera Starstorm|p2b: Chien-Pao\n|-activate|p2b: Chien-Pao|move: Protect\n|\n|-heal|p1b: Terapagos|100/100|[from] item: Leftovers\n|upkeep\n|turn|13\n|\n|t:|1745961919\n|move|p2b: Chien-Pao|Protect||[still]\n|-fail|p2b: Chien-Pao\n|move|p1b: Terapagos|Tera Starstorm|p2b: Chien-Pao\n|-supereffective|p2b: Chien-Pao\n|-damage|p2b: Chien-Pao|0 fnt\n|faint|p2b: Chien-Pao\n|\n|win|messi-05\n||pon seis nueve is ready for game 3.\n", "uploadtime": 1745961926, "views": 22, "formatid": "gen9vgc2025regibo3", "rating": null, "private": 0, "password": null}