{"id": "gen9vgc2025regibo3-2354871907", "format": "[Gen 9] VGC 2025 Reg I (Bo3)", "players": ["yung elmers glue", "dondozo sucks"], "log": "|j|\u2606yung elmers glue\n|j|\u2606dondozo sucks\n|html|<table width=\"100%\"><tr><td align=\"left\">yung elmers glue</td><td align=\"right\">dondozo sucks</tr><tr><td align=\"left\"><i class=\"fa fa-circle-o\"></i> <i class=\"fa fa-circle-o\"></i> </td><td align=\"right\"><i class=\"fa fa-circle-o\"></i> <i class=\"fa fa-circle-o\"></i> </tr></table>\n|uhtml|bestof|<h2><strong>Game 1</strong> of <a href=\"/game-bestof3-gen9vgc2025regibo3-2354871906\">a best-of-3</a></h2>\n|t:|1746127172\n|gametype|doubles\n|player|p1|yung elmers glue|juan|1469\n|player|p2|dondozo sucks|dawn|1664\n|teamsize|p1|6\n|teamsize|p2|6\n|gen|9\n|tier|[Gen 9] VGC 2025 Reg I (Bo3)\n|rated|\n|rule|Species Clause: Limit one of each Pok\u00e9mon\n|rule|Item Clause: Limit 1 of each item\n|clearpoke\n|poke|p1|Incineroar, L50, M|\n|poke|p1|Miraidon, L50|\n|poke|p1|Farigiraf, L50, M|\n|poke|p1|Calyrex-Ice, L50|\n|poke|p1|Ditto, L50|\n|poke|p1|Urshifu-*, L50, M|\n|poke|p2|Calyrex-Shadow, L50|\n|poke|p2|Incineroar, L50, F|\n|poke|p2|Rillaboom, L50, M|\n|poke|p2|Terapagos, L50, M|\n|poke|p2|Grimmsnarl, L50, M|\n|poke|p2|Ogerpon-Wellspring, L50, F|\n|teampreview|4\n|showteam|p1|Incineroar||AssaultVest|Intimidate|FlareBlitz,KnockOff,Uturn,FakeOut|||M|||50|,,,,,Water]Miraidon||ChoiceSpecs|HadronEngine|ElectroDrift,DazzlingGleam,VoltSwitch,DracoMeteor||||||50|,,,,,Fairy]Farigiraf||ElectricSeed|ArmorTail|FoulPlay,Psychic,TrickRoom,HelpingHand|||M|||50|,,,,,Water]Calyrex-Ice||ClearAmulet|AsOneGlastrier|GlacialLance,HighHorsepower,TrickRoom,Protect||||||50|,,,,,Water]Ditto||FocusSash|Imposter|Transform||||||50|,,,,,Ghost]Urshifu-Rapid-Strike||ChoiceScarf|UnseenFist|SurgingStrikes,CloseCombat,Coaching,Uturn|||M|||50|,,,,,Water\n|showteam|p2|Calyrex-Shadow||FocusSash|AsOneSpectrier|WillOWisp,Psychic,Protect,AstralBarrage||||||50|,,,,,Ghost]Incineroar||RockyHelmet|Intimidate|KnockOff,CloseCombat,FakeOut,PartingShot|||F|||50|,,,,,Ghost]Rillaboom||AssaultVest|GrassySurge|WoodHammer,Uturn,FakeOut,GrassyGlide|||M|||50|,,,,,Fire]Terapagos||Leftovers|TeraShift|TeraStarstorm,Flamethrower,CalmMind,Protect|||M|||50|,,,,,Stellar]Grimmsnarl||LightClay|Prankster|LightScreen,Reflect,SpiritBreak,ThunderWave|||M|||50|,,,,,Ghost]Ogerpon-Wellspring||WellspringMask|WaterAbsorb|IvyCudgel,Taunt,SpikyShield,FollowMe|||F|||50|,,,,,Water\n|inactive|Battle timer is ON: inactive players will automatically lose when time's up. (requested by dondozo sucks)\n|\n|t:|1746127222\n|start\n|switch|p1a: Miraidon|Miraidon, L50|100/100\n|switch|p1b: Calyrex|Calyrex-Ice, L50|100/100\n|switch|p2a: Terapagos|Terapagos, L50, M|100/100\n|switch|p2b: Incineroar|Incineroar, L50, F|100/100\n|-activate|p2a: Terapagos|ability: Tera Shift\n|detailschange|p2a: Terapagos|Terapagos-Terastal, L50, M\n|-heal|p2a: Terapagos|100/100|[silent]\n|-ability|p1b: Calyrex|As One\n|-ability|p1b: Calyrex|Unnerve\n|-fieldstart|move: Electric Terrain|[from] ability: Hadron Engine|[of] p1a: Miraidon\n|-ability|p2b: Incineroar|Intimidate|boost\n|-unboost|p1a: Miraidon|atk|1\n|-fail|p1b: Calyrex|unboost|[from] item: Clear Amulet|[of] p1b: Calyrex\n|turn|1\n|\n|t:|1746127234\n|move|p2b: Incineroar|Fake Out|p1b: Calyrex\n|-damage|p1b: Calyrex|93/100\n|move|p1a: Miraidon|Electro Drift|p2b: Incineroar\n|-damage|p2b: Incineroar|0 fnt\n|-damage|p1a: Miraidon|84/100|[from] item: Rocky Helmet|[of] p2b: Incineroar\n|faint|p2b: Incineroar\n|move|p2a: Terapagos|Calm Mind|p2a: Terapagos\n|-boost|p2a: Terapagos|spa|1\n|-boost|p2a: Terapagos|spd|1\n|cant|p1b: Calyrex|flinch\n|\n|upkeep\n|\n|t:|1746127237\n|switch|p2b: Calyrex|Calyrex-Shadow, L50|100/100\n|-ability|p2b: Calyrex|As One\n|-ability|p2b: Calyrex|Unnerve\n|turn|2\n|\n|t:|1746127245\n|-terastallize|p2a: Terapagos|Stellar\n|detailschange|p2a: Terapagos|Terapagos-Stellar, L50, M, tera:Stellar\n|-heal|p2a: Terapagos|100/100|[silent]\n|-ability|p2a: Terapagos|Teraform Zero\n|-fieldend|move: Electric Terrain\n|move|p1b: Calyrex|Protect|p1b: Calyrex\n|-singleturn|p1b: Calyrex|Protect\n|move|p2b: Calyrex|Astral Barrage|p1a: Miraidon|[spread] p1a\n|-activate|p1b: Calyrex|move: Protect\n|-damage|p1a: Miraidon|38/100\n|move|p1a: Miraidon|Electro Drift|p2b: Calyrex\n|-damage|p2b: Calyrex|12/100\n|move|p2a: Terapagos|Tera Starstorm|p1b: Calyrex|[spread] p1a\n|-activate|p1b: Calyrex|move: Protect\n|-damage|p1a: Miraidon|0 fnt\n|faint|p1a: Miraidon\n|\n|upkeep\n|\n|t:|1746127262\n|switch|p1a: Farigiraf|Farigiraf, L50, M|100/100\n|turn|3\n|\n|t:|1746127267\n|switch|p1b: Incineroar|Incineroar, L50, M|100/100\n|-ability|p1b: Incineroar|Intimidate|boost\n|-unboost|p2a: Terapagos|atk|1\n|-unboost|p2b: Calyrex|atk|1\n|move|p2b: Calyrex|Astral Barrage|p1b: Incineroar|[spread] p1b\n|-immune|p1a: Farigiraf\n|-resisted|p1b: Incineroar\n|-damage|p1b: Incineroar|83/100\n|move|p2a: Terapagos|Tera Starstorm|p1a: Farigiraf|[spread] p1a,p1b\n|-damage|p1a: Farigiraf|50/100\n|-damage|p1b: Incineroar|54/100\n|move|p1a: Farigiraf|Trick Room|p1a: Farigiraf\n|-fieldstart|move: Trick Room|[of] p1a: Farigiraf\n|\n|upkeep\n|turn|4\n|\n|t:|1746127283\n|move|p2a: Terapagos|Protect|p2a: Terapagos\n|-singleturn|p2a: Terapagos|Protect\n|move|p2b: Calyrex|Protect|p2b: Calyrex\n|-singleturn|p2b: Calyrex|Protect\n|move|p1a: Farigiraf|Foul Play|p2b: Calyrex\n|-activate|p2b: Calyrex|move: Protect\n|move|p1b: Incineroar|Knock Off|p2a: Terapagos\n|-activate|p2a: Terapagos|move: Protect\n|\n|upkeep\n|turn|5\n|\n|t:|1746127294\n|switch|p2b: Ogerpon|Ogerpon-Wellspring, L50, F|100/100\n|move|p1a: Farigiraf|Foul Play|p2b: Ogerpon\n|-damage|p2b: Ogerpon|65/100\n|move|p1b: Incineroar|Flare Blitz|p2b: Ogerpon\n|-crit|p2b: Ogerpon\n|-damage|p2b: Ogerpon|0 fnt\n|faint|p2b: Ogerpon\n|-damage|p1b: Incineroar|34/100|[from] Recoil\n|move|p2a: Terapagos|Tera Starstorm|p1b: Incineroar|[spread] p1a,p1b\n|-damage|p1a: Farigiraf|5/100\n|-damage|p1b: Incineroar|1/100\n|\n|upkeep\n|\n|t:|1746127301\n|switch|p2b: Calyrex|Calyrex-Shadow, L50|12/100\n|-ability|p2b: Calyrex|As One\n|-ability|p2b: Calyrex|Unnerve\n|turn|6\n|\n|t:|1746127308\n|move|p2b: Calyrex|Protect|p2b: Calyrex\n|-singleturn|p2b: Calyrex|Protect\n|move|p1a: Farigiraf|Foul Play|p2b: Calyrex\n|-activate|p2b: Calyrex|move: Protect\n|move|p1b: Incineroar|Knock Off|p2a: Terapagos\n|-damage|p2a: Terapagos|79/100\n|-enditem|p2a: Terapagos|Leftovers|[from] move: Knock Off|[of] p1b: Incineroar\n|move|p2a: Terapagos|Calm Mind|p2a: Terapagos\n|-boost|p2a: Terapagos|spa|1\n|-boost|p2a: Terapagos|spd|1\n|\n|upkeep\n|turn|7\n|\n|t:|1746127314\n|move|p2b: Calyrex|Protect|p2b: Calyrex\n|-singleturn|p2b: Calyrex|Protect\n|move|p1a: Farigiraf|Foul Play|p2b: Calyrex\n|-activate|p2b: Calyrex|move: Protect\n|move|p1b: Incineroar|Flare Blitz|p2a: Terapagos\n|-damage|p2a: Terapagos|52/100\n|-damage|p1b: Incineroar|0 fnt|[from] Recoil\n|faint|p1b: Incineroar\n|move|p2a: Terapagos|Calm Mind|p2a: Terapagos\n|-boost|p2a: Terapagos|spa|1\n|-boost|p2a: Terapagos|spd|1\n|\n|-fieldend|move: Trick Room\n|upkeep\n|\n|t:|1746127317\n|switch|p1b: Calyrex|Calyrex-Ice, L50|93/100\n|-ability|p1b: Calyrex|As One\n|-ability|p1b: Calyrex|Unnerve\n|turn|8\n|\n|t:|1746127321\n|move|p1a: Farigiraf|Helping Hand|p1b: Calyrex\n|-singleturn|p1b: Calyrex|Helping Hand|[of] p1a: Farigiraf\n|move|p2b: Calyrex|Astral Barrage|p1a: Farigiraf|[spread] p1b\n|-immune|p1a: Farigiraf\n|-supereffective|p1b: Calyrex\n|-damage|p1b: Calyrex|20/100\n|move|p2a: Terapagos|Tera Starstorm|p1b: Calyrex|[spread] p1a,p1b\n|-damage|p1a: Farigiraf|0 fnt\n|-damage|p1b: Calyrex|0 fnt\n|faint|p1a: Farigiraf\n|faint|p1b: Calyrex\n|\n|win|dondozo sucks\n||dondozo sucks is ready for game 2.\n||yung elmers glue is ready for game 2.\n|uhtml|next|Next: <a href=\"/battle-gen9vgc2025regibo3-2354873501\"><strong>Game 2 of 3</strong></a>\n|l|\u2606dondozo sucks\n|player|p2|\n|l|\u2606yung elmers glue\n|player|p1|\n", "uploadtime": 1746127686, "views": 23, "formatid": "gen9vgc2025regibo3", "rating": null, "private": 0, "password": null}