{"id": "gen9vgc2025regibo3-2353547819", "format": "[Gen 9] VGC 2025 Reg I (Bo3)", "players": ["paroparo", "ricoboi"], "log": "|j|\u2606paroparo\n|j|\u2606ricoboi\n|html|<table width=\"100%\"><tr><td align=\"left\">paroparo</td><td align=\"right\">ricoboi</tr><tr><td align=\"left\"><i class=\"fa fa-circle\"></i> <i class=\"fa fa-circle-o\"></i> </td><td align=\"right\"><i class=\"fa fa-circle-o\"></i> <i class=\"fa fa-circle-o\"></i> </tr></table>\n|uhtml|bestof|<h2><strong>Game 2</strong> of <a href=\"/game-bestof3-gen9vgc2025regibo3-2353545339\">a best-of-3</a></h2>\n|t:|1745966956\n|gametype|doubles\n|player|p1|paroparo|hilda|1175\n|player|p2|ricoboi|cameraman|1114\n|teamsize|p1|6\n|teamsize|p2|6\n|gen|9\n|tier|[Gen 9] VGC 2025 Reg I (Bo3)\n|rated|\n|rule|Species Clause: Limit one of each Pok\u00e9mon\n|rule|Item Clause: Limit 1 of each item\n|clearpoke\n|poke|p1|Lunala, L50|\n|poke|p1|Landorus, L50, M|\n|poke|p1|Indeedee-F, L50, F|\n|poke|p1|Kyogre, L50|\n|poke|p1|Urshifu-*, L50, F|\n|poke|p1|Roaring Moon, L50|\n|poke|p2|Calyrex-Shadow, L50|\n|poke|p2|Koraidon, L50|\n|poke|p2|Pawmot, L50, F|\n|poke|p2|Farigiraf, L50, F|\n|poke|p2|Rillaboom, L50, F|\n|poke|p2|Brute Bonnet, L50|\n|teampreview|4\n|showteam|p1|Lunala||Leftovers|ShadowShield|Moonblast,ExpandingForce,MoongeistBeam,Protect||||||50|,,,,,Fire]Landorus||LifeOrb|SheerForce|EarthPower,SludgeBomb,SandsearStorm,Protect|||M|||50|,,,,,Poison]Indeedee-F||RockyHelmet|PsychicSurge|AlluringVoice,TrickRoom,FollowMe,HelpingHand|||F|||50|,,,,,Fairy]Kyogre||AssaultVest|Drizzle|WaterSpout,Thunder,IceBeam,OriginPulse||||||50|,,,,,Grass]Urshifu-Rapid-Strike||SafetyGoggles|UnseenFist|SurgingStrikes,CloseCombat,Taunt,Protect|||F|||50|,,,,,Water]Roaring Moon||BoosterEnergy|Protosynthesis|Acrobatics,KnockOff,Tailwind,Protect||||||50|,,,,,Flying\n|showteam|p2|Calyrex-Shadow||LifeOrb|AsOneSpectrier|AstralBarrage,Psychic,NastyPlot,Protect||||||50|,,,,,Dark]Koraidon||ClearAmulet|OrichalcumPulse|CollisionCourse,FlareBlitz,FlameCharge,Protect||||||50|,,,,,Fire]Pawmot||FocusSash|VoltAbsorb|RevivalBlessing,FakeOut,Nuzzle,SuperFang|||F|||50|,,,,,Grass]Farigiraf||SitrusBerry|ArmorTail|Psychic,FoulPlay,TrickRoom,HelpingHand|||F|||50|,,,,,Ground]Rillaboom||AssaultVest|GrassySurge|WoodHammer,GrassyGlide,Uturn,FakeOut|||F|||50|,,,,,Fire]Brute Bonnet||BoosterEnergy|Protosynthesis|Spore,SuckerPunch,RagePowder,SeedBomb||||||50|,,,,,Water\n|inactive|Battle timer is ON: inactive players will automatically lose when time's up. (requested by ricoboi)\n|j| Yarin65\n|inactive|paroparo has 60 seconds left.\n|\n|t:|1745967015\n|start\n|switch|p1a: Roaring Moon|Roaring Moon, L50|100/100\n|switch|p1b: Landorus|Landorus, L50, M|100/100\n|switch|p2a: Rillaboom|Rillaboom, L50, F|100/100\n|switch|p2b: Brute Bonnet|Brute Bonnet, L50|100/100\n|-fieldstart|move: Grassy Terrain|[from] ability: Grassy Surge|[of] p2a: Rillaboom\n|-enditem|p1a: Roaring Moon|Booster Energy\n|-activate|p1a: Roaring Moon|ability: Protosynthesis|[fromitem]\n|-start|p1a: Roaring Moon|protosynthesisspe\n|-enditem|p2b: Brute Bonnet|Booster Energy\n|-activate|p2b: Brute Bonnet|ability: Protosynthesis|[fromitem]\n|-start|p2b: Brute Bonnet|protosynthesisatk\n|turn|1\n|inactive|ricoboi has 30 seconds left.\n|\n|t:|1745967041\n|move|p1a: Roaring Moon|Protect|p1a: Roaring Moon\n|-singleturn|p1a: Roaring Moon|Protect\n|move|p1b: Landorus|Protect|p1b: Landorus\n|-singleturn|p1b: Landorus|Protect\n|move|p2a: Rillaboom|Fake Out|p1a: Roaring Moon\n|-activate|p1a: Roaring Moon|move: Protect\n|move|p2b: Brute Bonnet|Spore|p1b: Landorus\n|-activate|p1b: Landorus|move: Protect\n|\n|upkeep\n|turn|2\n|\n|t:|1745967067\n|-terastallize|p1a: Roaring Moon|Flying\n|move|p1a: Roaring Moon|Acrobatics|p2b: Brute Bonnet\n|-supereffective|p2b: Brute Bonnet\n|-damage|p2b: Brute Bonnet|20/100\n|move|p1b: Landorus|Sludge Bomb|p2b: Brute Bonnet\n|-supereffective|p2b: Brute Bonnet\n|-damage|p2b: Brute Bonnet|0 fnt\n|faint|p2b: Brute Bonnet\n|-end|p2b: Brute Bonnet|Protosynthesis|[silent]\n|move|p2a: Rillaboom|U-turn|p1a: Roaring Moon\n|-resisted|p1a: Roaring Moon\n|-damage|p1a: Roaring Moon|85/100\n|\n|t:|1745967081\n|switch|p2a: Calyrex|Calyrex-Shadow, L50|100/100|[from] U-turn\n|-ability|p2a: Calyrex|As One\n|-ability|p2a: Calyrex|Unnerve\n|\n|upkeep\n|\n|t:|1745967084\n|switch|p2b: Rillaboom|Rillaboom, L50, F|100/100\n|turn|3\n|\n|t:|1745967103\n|-terastallize|p2a: Calyrex|Dark\n|move|p1a: Roaring Moon|Protect|p1a: Roaring Moon\n|-singleturn|p1a: Roaring Moon|Protect\n|move|p1b: Landorus|Protect|p1b: Landorus\n|-singleturn|p1b: Landorus|Protect\n|move|p2b: Rillaboom|Fake Out|p1b: Landorus\n|-activate|p1b: Landorus|move: Protect\n|move|p2a: Calyrex|Astral Barrage|p1b: Landorus|[spread] \n|-activate|p1a: Roaring Moon|move: Protect\n|-activate|p1b: Landorus|move: Protect\n|\n|upkeep\n|turn|4\n|inactive|paroparo has 30 seconds left.\n|\n|t:|1745967131\n|move|p1a: Roaring Moon|Tailwind|p1a: Roaring Moon\n|-sidestart|p1: paroparo|move: Tailwind\n|move|p1b: Landorus|Earth Power|p2a: Calyrex\n|-damage|p2a: Calyrex|36/100\n|move|p2a: Calyrex|Astral Barrage|p1b: Landorus|[spread] p1a,p1b\n|-damage|p1a: Roaring Moon|24/100\n|-damage|p1b: Landorus|41/100\n|-damage|p2a: Calyrex|26/100|[from] item: Life Orb\n|move|p2b: Rillaboom|U-turn|p1a: Roaring Moon\n|-resisted|p1a: Roaring Moon\n|-damage|p1a: Roaring Moon|10/100\n|\n|t:|1745967143\n|switch|p2b: Koraidon|Koraidon, L50|100/100|[from] U-turn\n|-weather|SunnyDay|[from] ability: Orichalcum Pulse|[of] p2b: Koraidon\n|-activate|p2b: Koraidon|Orichalcum Pulse|[source]\n|\n|-weather|SunnyDay|[upkeep]\n|-heal|p2a: Calyrex|32/100|[from] Grassy Terrain\n|upkeep\n|turn|5\n|\n|t:|1745967158\n|-end|p1a: Roaring Moon|Protosynthesis|[silent]\n|switch|p1a: Kyogre|Kyogre, L50|100/100\n|-weather|RainDance|[from] ability: Drizzle|[of] p1a: Kyogre\n|switch|p2a: Rillaboom|Rillaboom, L50, F|100/100\n|move|p1b: Landorus|Sandsear Storm|p2a: Rillaboom|[spread] p2a,p2b\n|-resisted|p2a: Rillaboom\n|-damage|p2a: Rillaboom|81/100\n|-damage|p2b: Koraidon|47/100\n|move|p2b: Koraidon|Collision Course|p1b: Landorus\n|-resisted|p1b: Landorus\n|-damage|p1b: Landorus|14/100\n|\n|-weather|RainDance|[upkeep]\n|-heal|p2b: Koraidon|53/100|[from] Grassy Terrain\n|-heal|p2a: Rillaboom|87/100|[from] Grassy Terrain\n|-fieldend|move: Grassy Terrain\n|upkeep\n|turn|6\n|\n|t:|1745967183\n|move|p2b: Koraidon|Protect|p2b: Koraidon\n|-singleturn|p2b: Koraidon|Protect\n|move|p1b: Landorus|Sandsear Storm|p2a: Rillaboom|[spread] p2a\n|-activate|p2b: Koraidon|move: Protect\n|-resisted|p2a: Rillaboom\n|-crit|p2a: Rillaboom\n|-damage|p2a: Rillaboom|55/100\n|move|p1a: Kyogre|Water Spout|p2b: Koraidon|[spread] p2a\n|-activate|p2b: Koraidon|move: Protect\n|-resisted|p2a: Rillaboom\n|-damage|p2a: Rillaboom|20/100\n|move|p2a: Rillaboom|Grassy Glide|p1a: Kyogre\n|-supereffective|p1a: Kyogre\n|-damage|p1a: Kyogre|47/100\n|\n|-weather|RainDance|[upkeep]\n|upkeep\n|turn|7\n|inactive|ricoboi has 30 seconds left.\n|\n|t:|1745967213\n|move|p2b: Koraidon|Protect||[still]\n|-fail|p2b: Koraidon\n|move|p1b: Landorus|Sludge Bomb|p2a: Rillaboom\n|-supereffective|p2a: Rillaboom\n|-damage|p2a: Rillaboom|0 fnt\n|faint|p2a: Rillaboom\n|move|p1a: Kyogre|Ice Beam|p2b: Koraidon\n|-supereffective|p2b: Koraidon\n|-damage|p2b: Koraidon|0 fnt\n|faint|p2b: Koraidon\n|\n|-weather|RainDance|[upkeep]\n|-sideend|p1: paroparo|move: Tailwind\n|upkeep\n|\n|t:|1745967217\n|switch|p2b: Calyrex|Calyrex-Shadow, L50, tera:Dark|32/100\n|-ability|p2b: Calyrex|As One\n|-ability|p2b: Calyrex|Unnerve\n|turn|8\n|\n|t:|1745967233\n|move|p2b: Calyrex|Astral Barrage|p1b: Landorus|[spread] p1a,p1b\n|-damage|p1a: Kyogre|11/100\n|-damage|p1b: Landorus|0 fnt\n|faint|p1b: Landorus\n|-ability|p2b: Calyrex|Grim Neigh|boost\n|-boost|p2b: Calyrex|spa|1\n|-damage|p2b: Calyrex|22/100|[from] item: Life Orb\n|move|p1a: Kyogre|Origin Pulse|p2b: Calyrex\n|-damage|p2b: Calyrex|0 fnt\n|faint|p2b: Calyrex\n|\n|win|paroparo\n|raw|paroparo's rating: 1175 &rarr; <strong>1196</strong><br />(+21 for winning)\n|raw|ricoboi's rating: 1114 &rarr; <strong>1093</strong><br />(-21 for losing)\n|l|\u2606ricoboi\n|player|p2|\n|l|\u2606paroparo\n|player|p1|\n", "uploadtime": 1745967491, "views": 6, "formatid": "gen9vgc2025regibo3", "rating": 1093, "private": 0, "password": null}