{"id": "gen9vgc2025regibo3-2354978322", "format": "[Gen 9] VGC 2025 Reg I (Bo3)", "players": ["sjouko", "is_katabo"], "log": "|j|\u2606sjouko\n|j|\u2606is_katabo\n|html|<table width=\"100%\"><tr><td align=\"left\">sjouko</td><td align=\"right\">is_katabo</tr><tr><td align=\"left\"><i class=\"fa fa-circle-o\"></i> <i class=\"fa fa-circle-o\"></i> </td><td align=\"right\"><i class=\"fa fa-circle-o\"></i> <i class=\"fa fa-circle-o\"></i> </tr></table>\n|uhtml|bestof|<h2><strong>Game 1</strong> of <a href=\"/game-bestof3-gen9vgc2025regibo3-2354978321\">a best-of-3</a></h2>\n|t:|1746137969\n|gametype|doubles\n|player|p1|sjouko|265|1087\n|player|p2|is_katabo|1|1154\n|teamsize|p1|6\n|teamsize|p2|6\n|gen|9\n|tier|[Gen 9] VGC 2025 Reg I (Bo3)\n|rated|\n|rule|Species Clause: Limit one of each Pok\u00e9mon\n|rule|Item Clause: Limit 1 of each item\n|clearpoke\n|poke|p1|Miraidon, L50|\n|poke|p1|Koraidon, L50|\n|poke|p1|Ogerpon-Cornerstone, L50, F|\n|poke|p1|Incineroar, L50, M|\n|poke|p1|Raichu, L50, F|\n|poke|p1|Flutter Mane, L50|\n|poke|p2|Koraidon, L50|\n|poke|p2|Calyrex-Shadow, L50|\n|poke|p2|Chi-Yu, L50|\n|poke|p2|Indeedee-F, L50, F|\n|poke|p2|Brute Bonnet, L50|\n|poke|p2|Flutter Mane, L50|\n|teampreview|4\n|showteam|p1|Miraidon||ChoiceSpecs|HadronEngine|DazzlingGleam,VoltSwitch,ElectroDrift,DracoMeteor||||||50|,,,,,Electric]Koraidon||ClearAmulet|OrichalcumPulse|CloseCombat,Protect,FlareBlitz,FlameCharge||||||50|,,,,,Fire]Ogerpon-Cornerstone||CornerstoneMask|Sturdy|HornLeech,IvyCudgel,SpikyShield,FollowMe|||F|||50|,,,,,Rock]Incineroar||SafetyGoggles|Intimidate|FakeOut,KnockOff,PartingShot,FlareBlitz|||M|||50|,,,,,Ghost]Raichu||AssaultVest|LightningRod|Electroweb,Endeavor,FakeOut,Nuzzle|||F|||50|,,,,,Grass]Flutter Mane||FocusSash|Protosynthesis|Moonblast,Protect,ShadowBall,IcyWind||||||50|,,,,,Fairy\n|showteam|p2|Koraidon||ClearAmulet|OrichalcumPulse|CollisionCourse,FlareBlitz,FlameCharge,Protect||||||50|,,,,,Fire]Calyrex-Shadow||FocusSash|AsOneSpectrier|AstralBarrage,ExpandingForce,ShadowBall,Protect||||||50|,,,,,Ghost]Chi-Yu||ChoiceScarf|BeadsofRuin|DarkPulse,Snarl,HeatWave,Overheat||||||50|,,,,,Ghost]Indeedee-F||RockyHelmet|PsychicSurge|Psychic,FollowMe,HelpingHand,TrickRoom|||F|||50|,,,,,Water]Brute Bonnet||CovertCloak|Protosynthesis|SeedBomb,SuckerPunch,RagePowder,Spore||||||50|,,,,,Fairy]Flutter Mane||BoosterEnergy|Protosynthesis|Moonblast,IcyWind,Taunt,Protect||||||50|,,,,,Water\n|\n|t:|1746138028\n|start\n|switch|p1a: Koraidon|Koraidon, L50|100/100\n|switch|p1b: Flutter Mane|Flutter Mane, L50|100/100\n|switch|p2a: Jockey|Calyrex-Shadow, L50|100/100\n|switch|p2b: Goat|Indeedee-F, L50, F|100/100\n|-ability|p2a: Jockey|As One\n|-ability|p2a: Jockey|Unnerve\n|-weather|SunnyDay|[from] ability: Orichalcum Pulse|[of] p1a: Koraidon\n|-activate|p1b: Flutter Mane|ability: Protosynthesis\n|-start|p1b: Flutter Mane|protosynthesisspe\n|-activate|p1a: Koraidon|Orichalcum Pulse|[source]\n|-fieldstart|move: Psychic Terrain|[from] ability: Psychic Surge|[of] p2b: Goat\n|turn|1\n|\n|t:|1746138065\n|switch|p1a: Incineroar|Incineroar, L50, M|100/100\n|-ability|p1a: Incineroar|Intimidate|boost\n|-unboost|p2a: Jockey|atk|1\n|-unboost|p2b: Goat|atk|1\n|move|p2b: Goat|Follow Me|p2b: Goat\n|-singleturn|p2b: Goat|move: Follow Me\n|move|p1b: Flutter Mane|Shadow Ball|p2b: Goat\n|-immune|p2b: Goat\n|move|p2a: Jockey|Astral Barrage|p1a: Incineroar|[spread] p1a,p1b\n|-resisted|p1a: Incineroar\n|-supereffective|p1b: Flutter Mane\n|-damage|p1a: Incineroar|72/100\n|-enditem|p1b: Flutter Mane|Focus Sash\n|-damage|p1b: Flutter Mane|1/100\n|\n|-weather|SunnyDay|[upkeep]\n|upkeep\n|turn|2\n|\n|t:|1746138086\n|move|p2b: Goat|Follow Me|p2b: Goat\n|-singleturn|p2b: Goat|move: Follow Me\n|move|p1b: Flutter Mane|Icy Wind|p2a: Jockey|[spread] p2a,p2b\n|-damage|p2a: Jockey|85/100\n|-damage|p2b: Goat|85/100\n|-unboost|p2a: Jockey|spe|1\n|-unboost|p2b: Goat|spe|1\n|move|p2a: Jockey|Astral Barrage|p1b: Flutter Mane|[spread] p1a,p1b\n|-resisted|p1a: Incineroar\n|-supereffective|p1b: Flutter Mane\n|-damage|p1a: Incineroar|46/100\n|-damage|p1b: Flutter Mane|0 fnt\n|faint|p1b: Flutter Mane\n|-end|p1b: Flutter Mane|Protosynthesis|[silent]\n|-ability|p2a: Jockey|Grim Neigh|boost\n|-boost|p2a: Jockey|spa|1\n|move|p1a: Incineroar|Knock Off|p2b: Goat\n|-supereffective|p2b: Goat\n|-damage|p2b: Goat|0 fnt\n|-damage|p1a: Incineroar|29/100|[from] item: Rocky Helmet|[of] p2b: Goat\n|-enditem|p2b: Goat|Rocky Helmet|[from] move: Knock Off|[of] p1a: Incineroar\n|faint|p2b: Goat\n|\n|-weather|SunnyDay|[upkeep]\n|upkeep\n|\n|t:|1746138124\n|switch|p1b: Koraidon|Koraidon, L50|100/100\n|switch|p2b: Chicken|Koraidon, L50|100/100\n|-activate|p1b: Koraidon|ability: Orichalcum Pulse\n|-activate|p2b: Chicken|ability: Orichalcum Pulse\n|turn|3\n|\n|t:|1746138156\n|-terastallize|p1b: Koraidon|Fire\n|move|p1b: Koraidon|Flare Blitz|p2a: Jockey\n|-crit|p2a: Jockey\n|-damage|p2a: Jockey|0 fnt\n|faint|p2a: Jockey\n|-damage|p1b: Koraidon|72/100|[from] Recoil\n|move|p2b: Chicken|Collision Course|p1b: Koraidon\n|-damage|p1b: Koraidon|6/100\n|move|p1a: Incineroar|Parting Shot|p2b: Chicken\n|-fail|p2b: Chicken|unboost|[from] item: Clear Amulet|[of] p2b: Chicken\n|\n|-weather|SunnyDay|[upkeep]\n|upkeep\n|\n|t:|1746138169\n|switch|p2a: Ghast|Flutter Mane, L50|100/100\n|-activate|p2a: Ghast|ability: Protosynthesis\n|-start|p2a: Ghast|protosynthesisspe\n|turn|4\n|\n|t:|1746138186\n|move|p2a: Ghast|Icy Wind|p1a: Incineroar|[spread] p1a,p1b\n|-resisted|p1a: Incineroar\n|-resisted|p1b: Koraidon\n|-damage|p1a: Incineroar|23/100\n|-damage|p1b: Koraidon|0 fnt\n|-unboost|p1a: Incineroar|spe|1\n|faint|p1b: Koraidon\n|move|p2b: Chicken|Collision Course|p1a: Incineroar\n|-supereffective|p1a: Incineroar\n|-damage|p1a: Incineroar|0 fnt\n|faint|p1a: Incineroar\n|\n|-weather|SunnyDay|[upkeep]\n|upkeep\n|\n|t:|1746138190\n|switch|p1b: Ogerpon|Ogerpon-Cornerstone, L50, F|100/100\n|turn|5\n|\n|t:|1746138201\n|move|p2a: Ghast|Icy Wind|p1b: Ogerpon\n|-supereffective|p1b: Ogerpon\n|-damage|p1b: Ogerpon|62/100\n|-unboost|p1b: Ogerpon|spe|1\n|move|p2b: Chicken|Collision Course|p1b: Ogerpon\n|-supereffective|p1b: Ogerpon\n|-crit|p1b: Ogerpon\n|-damage|p1b: Ogerpon|0 fnt\n|faint|p1b: Ogerpon\n|\n|win|is_katabo\n||sjouko is ready for game 2.\n|inactive|is_katabo has 30 seconds to confirm battle start!\n", "uploadtime": 1746138212, "views": 4, "formatid": "gen9vgc2025regibo3", "rating": null, "private": 0, "password": null}