{"id": "gen9vgc2025regibo3-2354103770", "format": "[Gen 9] VGC 2025 Reg I (Bo3)", "players": ["mavvyvgc", "Minustrian"], "log": "|j|\u2606mavvyvgc\n|j|\u2606Minustrian\n|html|<table width=\"100%\"><tr><td align=\"left\">mavvyvgc</td><td align=\"right\">Minustrian</tr><tr><td align=\"left\"><i class=\"fa fa-circle\"></i> <i class=\"fa fa-circle-o\"></i> </td><td align=\"right\"><i class=\"fa fa-circle-o\"></i> <i class=\"fa fa-circle\"></i> </tr></table>\n|uhtml|bestof|<h2><strong>Game 3</strong> of <a href=\"/game-bestof3-gen9vgc2025regibo3-2354093012\">a best-of-3</a></h2>\n|t:|1746035151\n|gametype|doubles\n|player|p1|mavvyvgc|riley|1041\n|player|p2|Minustrian|candice|1000\n|teamsize|p1|6\n|teamsize|p2|6\n|gen|9\n|tier|[Gen 9] VGC 2025 Reg I (Bo3)\n|rated|\n|rule|Species Clause: Limit one of each Pok\u00e9mon\n|rule|Item Clause: Limit 1 of each item\n|clearpoke\n|poke|p1|Calyrex-Shadow, L50|\n|poke|p1|Kyurem, L50|\n|poke|p1|Slowking, L50, M|\n|poke|p1|Ninetales-Alola, L50, M|\n|poke|p1|Tornadus, L50, M|\n|poke|p1|Incineroar, L50, M|\n|poke|p2|Kyogre, L50|\n|poke|p2|Zacian-*, L50|\n|poke|p2|Incineroar, L50, M|\n|poke|p2|Indeedee-F, L50, F|\n|poke|p2|Tornadus, L50, M|\n|poke|p2|Landorus, L50, M|\n|teampreview|4\n|showteam|p1|Calyrex-Shadow||FocusSash|AsOneSpectrier|DarkPulse,AstralBarrage,NastyPlot,Protect||||||50|,,,,,Dark]Kyurem||NeverMeltIce|Pressure|DracoMeteor,Protect,Glaciate,Blizzard||||||50|,,,,,Fire]Slowking||RockyHelmet|Oblivious|Psychic,TrickRoom,ChillyReception,HydroPump|||M|||50|,,,,,Water]Ninetales-Alola||LifeOrb|SnowWarning|Moonblast,FreezeDry,Blizzard,Protect|||M|||50|,,,,,Electric]Tornadus||CovertCloak|Prankster|Tailwind,WeatherBall,Protect,Snowscape|||M|||50|,,,,,Dark]Incineroar||AssaultVest|Intimidate|FakeOut,KnockOff,FlareBlitz,Uturn|||M|||50|,,,,,Fire\n|showteam|p2|Kyogre||ChoiceScarf|Drizzle|WaterSpout,OriginPulse,IceBeam,Thunder||||||50|,,,,,Water]Zacian-Crowned||RustedSword|IntrepidSword|behemothblade,PlayRough,SacredSword,Protect||||||50|,,,,,Fairy]Incineroar||RockyHelmet|Intimidate|FakeOut,PartingShot,WillOWisp,KnockOff|||M|||50|,,,,,Ghost]Indeedee-F||SafetyGoggles|PsychicSurge|FollowMe,TrickRoom,HelpingHand,Psychic|||F|||50|,,,,,Steel]Tornadus||CovertCloak|Prankster|BleakwindStorm,RainDance,Tailwind,Taunt|||M|||50|,,,,,Dark]Landorus||LifeOrb|SheerForce|EarthPower,SludgeBomb,SandsearStorm,Protect|||M|||50|,,,,,Poison\n|inactive|Battle timer is ON: inactive players will automatically lose when time's up. (requested by Minustrian)\n|inactive|Minustrian has 60 seconds left.\n|\n|t:|1746035183\n|start\n|switch|p1a: Ninetales|Ninetales-Alola, L50, M|100/100\n|switch|p1b: Tornadus|Tornadus, L50, M|100/100\n|switch|p2a: Mafuyu|Kyogre, L50|100/100\n|switch|p2b: kuru kuru|Indeedee-F, L50, F|100/100\n|-weather|RainDance|[from] ability: Drizzle|[of] p2a: Mafuyu\n|-weather|Snowscape|[from] ability: Snow Warning|[of] p1a: Ninetales\n|-fieldstart|move: Psychic Terrain|[from] ability: Psychic Surge|[of] p2b: kuru kuru\n|turn|1\n|inactive|mavvyvgc has 30 seconds left.\n|inactive|Minustrian has 30 seconds left.\n|inactive|mavvyvgc has 20 seconds left.\n|inactive|Minustrian has 20 seconds left.\n|inactive|mavvyvgc has 15 seconds left.\n|inactive|Minustrian has 15 seconds left.\n|\n|t:|1746035225\n|-terastallize|p2a: Mafuyu|Water\n|move|p2b: kuru kuru|Helping Hand|p2a: Mafuyu\n|-singleturn|p2a: Mafuyu|Helping Hand|[of] p2b: kuru kuru\n|move|p1b: Tornadus|Tailwind|p1b: Tornadus\n|-sidestart|p1: mavvyvgc|move: Tailwind\n|move|p1a: Ninetales|Freeze-Dry|p2a: Mafuyu\n|-supereffective|p2a: Mafuyu\n|-damage|p2a: Mafuyu|50/100\n|-damage|p1a: Ninetales|91/100|[from] item: Life Orb\n|move|p2a: Mafuyu|Water Spout|p1a: Ninetales|[spread] p1a,p1b\n|-damage|p1a: Ninetales|18/100\n|-damage|p1b: Tornadus|53/100\n|\n|-weather|Snowscape|[upkeep]\n|upkeep\n|turn|2\n|\n|t:|1746035252\n|switch|p2a: Ruru|Zacian-Crowned, L50|100/100\n|-ability|p2a: Ruru|Intrepid Sword|boost\n|-boost|p2a: Ruru|atk|1\n|move|p1a: Ninetales|Freeze-Dry|p2a: Ruru\n|-resisted|p2a: Ruru\n|-damage|p2a: Ruru|89/100\n|-damage|p1a: Ninetales|9/100|[from] item: Life Orb\n|move|p1b: Tornadus|Weather Ball|p2b: kuru kuru\n|-damage|p2b: kuru kuru|75/100\n|move|p2b: kuru kuru|Trick Room|p2b: kuru kuru\n|-fieldstart|move: Trick Room|[of] p2b: kuru kuru\n|\n|-weather|Snowscape|[upkeep]\n|upkeep\n|turn|3\n|inactive|mavvyvgc has 30 seconds left.\n|inactive|Minustrian has 30 seconds left.\n|\n|t:|1746035285\n|switch|p1a: Calyrex|Calyrex-Shadow, L50|100/100\n|-ability|p1a: Calyrex|As One\n|-ability|p1a: Calyrex|Unnerve\n|move|p1b: Tornadus|Protect|p1b: Tornadus\n|-singleturn|p1b: Tornadus|Protect\n|move|p2a: Ruru|Protect|p2a: Ruru\n|-singleturn|p2a: Ruru|Protect\n|move|p2b: kuru kuru|Psychic|p1a: Calyrex\n|-resisted|p1a: Calyrex\n|-damage|p1a: Calyrex|80/100\n|\n|-weather|Snowscape|[upkeep]\n|upkeep\n|turn|4\n|inactive|mavvyvgc has 30 seconds left.\n|inactive|mavvyvgc has 20 seconds left.\n|inactive|mavvyvgc has 15 seconds left.\n|inactive|mavvyvgc has 10 seconds left.\n|inactive|mavvyvgc has 5 seconds left.\n|\n|t:|1746035339\n|move|p2b: kuru kuru|Helping Hand|p2a: Ruru\n|-singleturn|p2a: Ruru|Helping Hand|[of] p2b: kuru kuru\n|move|p2a: Ruru|Behemoth Blade|p1b: Tornadus\n|-damage|p1b: Tornadus|0 fnt\n|faint|p1b: Tornadus\n|move|p1a: Calyrex|Dark Pulse|p2b: kuru kuru\n|-supereffective|p2b: kuru kuru\n|-damage|p2b: kuru kuru|7/100\n|\n|-weather|Snowscape|[upkeep]\n|-sideend|p1: mavvyvgc|move: Tailwind\n|upkeep\n|\n|t:|1746035356\n|switch|p1b: Kyurem|Kyurem, L50|100/100\n|-ability|p1b: Kyurem|Pressure\n|turn|5\n|inactive|mavvyvgc has 30 seconds left.\n|inactive|mavvyvgc has 20 seconds left.\n|\n|t:|1746035395\n|move|p2b: kuru kuru|Helping Hand|p2a: Ruru\n|-singleturn|p2a: Ruru|Helping Hand|[of] p2b: kuru kuru\n|move|p1b: Kyurem|Protect|p1b: Kyurem\n|-singleturn|p1b: Kyurem|Protect\n|move|p2a: Ruru|Behemoth Blade|p1b: Kyurem\n|-activate|p1b: Kyurem|move: Protect\n|move|p1a: Calyrex|Astral Barrage|p2a: Ruru|[spread] p2a\n|-immune|p2b: kuru kuru\n|-damage|p2a: Ruru|39/100\n|\n|-weather|none\n|-fieldend|move: Psychic Terrain\n|upkeep\n|turn|6\n|c|\u2606Minustrian|guh\n|inactive|mavvyvgc has 30 seconds left.\n|\n|t:|1746035424\n|move|p2b: kuru kuru|Helping Hand|p2a: Ruru\n|-singleturn|p2a: Ruru|Helping Hand|[of] p2b: kuru kuru\n|move|p1a: Calyrex|Protect|p1a: Calyrex\n|-singleturn|p1a: Calyrex|Protect\n|move|p1b: Kyurem|Glaciate|p2a: Ruru|[spread] p2a,p2b\n|-resisted|p2a: Ruru\n|-damage|p2a: Ruru|27/100\n|-damage|p2b: kuru kuru|0 fnt\n|-unboost|p2a: Ruru|spe|1\n|faint|p2b: kuru kuru\n|move|p2a: Ruru|Behemoth Blade|p1b: Kyurem\n|-supereffective|p1b: Kyurem\n|-damage|p1b: Kyurem|0 fnt\n|faint|p1b: Kyurem\n|\n|-fieldend|move: Trick Room\n|upkeep\n|\n|t:|1746035440\n|switch|p1b: Ninetales|Ninetales-Alola, L50, M|9/100\n|switch|p2b: Liam|Incineroar, L50, M|100/100\n|-weather|Snowscape|[from] ability: Snow Warning|[of] p1b: Ninetales\n|-ability|p2b: Liam|Intimidate|boost\n|-unboost|p1a: Calyrex|atk|1\n|-unboost|p1b: Ninetales|atk|1\n|turn|7\n|inactive|Minustrian has 30 seconds left.\n|inactive|Minustrian has 20 seconds left.\n|inactive|Minustrian has 15 seconds left.\n|inactive|Minustrian has 10 seconds left.\n|inactive|Minustrian has 5 seconds left.\n|\n|t:|1746035495\n|-terastallize|p1a: Calyrex|Dark\n|move|p1b: Ninetales|Protect|p1b: Ninetales\n|-singleturn|p1b: Ninetales|Protect\n|move|p2b: Liam|Fake Out|p1b: Ninetales\n|-activate|p1b: Ninetales|move: Protect\n|move|p1a: Calyrex|Astral Barrage|p2b: Liam|[spread] p2a,p2b\n|-resisted|p2b: Liam\n|-crit|p2b: Liam\n|-damage|p2a: Ruru|0 fnt\n|-damage|p2b: Liam|64/100\n|faint|p2a: Ruru\n|-ability|p1a: Calyrex|Grim Neigh|boost\n|-boost|p1a: Calyrex|spa|1\n|\n|-weather|Snowscape|[upkeep]\n|upkeep\n|inactive|Minustrian has 30 seconds left.\n|\n|t:|1746035530\n|switch|p2a: Mafuyu|Kyogre, L50, tera:Water|50/100\n|-weather|RainDance|[from] ability: Drizzle|[of] p2a: Mafuyu\n|turn|8\n|\n|t:|1746035546\n|move|p2a: Mafuyu|Origin Pulse|p1a: Calyrex|[spread] p1a\n|-miss|p2a: Mafuyu|p1b: Ninetales\n|-damage|p1a: Calyrex|0 fnt\n|faint|p1a: Calyrex\n|move|p1b: Ninetales|Moonblast|p2b: Liam\n|-damage|p2b: Liam|25/100\n|-damage|p1b: Ninetales|0 fnt|[from] item: Life Orb\n|faint|p1b: Ninetales\n|\n|win|Minustrian\n|raw|mavvyvgc's rating: 1041 &rarr; <strong>1023</strong><br />(-18 for losing)\n|raw|Minustrian's rating: 1000 &rarr; <strong>1045</strong><br />(+45 for winning)\n", "uploadtime": 1746035557, "views": 13, "formatid": "gen9vgc2025regibo3", "rating": 1023, "private": 0, "password": null}