{"id": "gen9vgc2025regibo3-2353950436", "format": "[Gen 9] VGC 2025 Reg I (Bo3)", "players": ["mysteriousmeatman", "WyzerxVS36"], "log": "|j|\u2606mysteriousmeatman\n|j|\u2606WyzerxVS36\n|html|<table width=\"100%\"><tr><td align=\"left\">mysteriousmeatman</td><td align=\"right\">WyzerxVS36</tr><tr><td align=\"left\"><i class=\"fa fa-circle-o\"></i> <i class=\"fa fa-circle-o\"></i> </td><td align=\"right\"><i class=\"fa fa-circle-o\"></i> <i class=\"fa fa-circle-o\"></i> </tr></table>\n|uhtml|bestof|<h2><strong>Game 1</strong> of <a href=\"/game-bestof3-gen9vgc2025regibo3-2353950435\">a best-of-3</a></h2>\n|t:|1746021914\n|gametype|doubles\n|player|p1|mysteriousmeatman|giovanni|1111\n|player|p2|WyzerxVS36|sabrina|1198\n|teamsize|p1|6\n|teamsize|p2|6\n|gen|9\n|tier|[Gen 9] VGC 2025 Reg I (Bo3)\n|rated|\n|rule|Species Clause: Limit one of each Pok\u00e9mon\n|rule|Item Clause: Limit 1 of each item\n|clearpoke\n|poke|p1|Talonflame, L50, F|\n|poke|p1|Farigiraf, L50, M|\n|poke|p1|Kyogre, L50|\n|poke|p1|Pawmot, L50, F|\n|poke|p1|Miraidon, L50|\n|poke|p1|Meowscarada, L50, F|\n|poke|p2|Lunala, L50|\n|poke|p2|Indeedee-F, L50, F|\n|poke|p2|Landorus, L50, M|\n|poke|p2|Koraidon, L50|\n|poke|p2|Flutter Mane, L50|\n|poke|p2|Jumpluff, L50, M|\n|teampreview|4\n|showteam|p1|Talonflame||SafetyGoggles|GaleWings|BraveBird,Protect,Taunt,Tailwind|||F|||50|,,,,,Dark]Farigiraf||ThroatSpray|ArmorTail|TeraBlast,HyperVoice,Protect,TrickRoom|||M|||50|,,,,,Dark]Kyogre||AssaultVest|Drizzle|WaterSpout,OriginPulse,Thunder,IceBeam||||||50|,,,,,Water]Pawmot||FocusSash|VoltAbsorb|DoubleShock,Nuzzle,RevivalBlessing,Protect|||F|||50|,,,,,Electric]Miraidon||EjectPack|HadronEngine|DracoMeteor,ElectroDrift,VoltSwitch,Protect||||||50|,,,,,Dragon]Meowscarada||ClearAmulet|Protean|FlowerTrick,KnockOff,AllySwitch,Protect|||F|||50|,,,,,Dark\n|showteam|p2|Lunala||PowerHerb|ShadowShield|MoongeistBeam,MeteorBeam,ExpandingForce,TrickRoom||||||50|,,,,,Water]Indeedee-F||SafetyGoggles|PsychicSurge|FollowMe,DazzlingGleam,TrickRoom,HelpingHand|||F|||50|,,,,,Fairy]Landorus||LifeOrb|SheerForce|EarthPower,SludgeBomb,Substitute,Protect|||M|||50|,,,,,Poison]Koraidon||ClearAmulet|OrichalcumPulse|CollisionCourse,FlareBlitz,FlameCharge,Protect||||||50|,,,,,Fire]Flutter Mane||FocusSash|Protosynthesis|Protect,Moonblast,ShadowBall,IcyWind||||||50|,,,,,Normal]Jumpluff||CovertCloak|Chlorophyll|SleepPowder,Tailwind,Encore,RagePowder|||M|||50|,,,,,Dark\n|inactive|Battle timer is ON: inactive players will automatically lose when time's up. (requested by mysteriousmeatman)\n|\n|t:|1746021946\n|start\n|switch|p1a: Farigiraf|Farigiraf, L50, M, shiny|100/100\n|switch|p1b: Talonflame|Talonflame, L50, F, shiny|100/100\n|switch|p2a: Indeedee|Indeedee-F, L50, F|100/100\n|switch|p2b: Lunala|Lunala, L50, shiny|100/100\n|-fieldstart|move: Psychic Terrain|[from] ability: Psychic Surge|[of] p2a: Indeedee\n|turn|1\n|inactive|WyzerxVS36 has 30 seconds left.\n|\n|t:|1746021973\n|switch|p2a: Flutter Mane|Flutter Mane, L50|100/100\n|-terastallize|p1a: Farigiraf|Dark\n|move|p1b: Talonflame|Protect|p1b: Talonflame\n|-singleturn|p1b: Talonflame|Protect\n|move|p2b: Lunala|Meteor Beam||[still]\n|-prepare|p2b: Lunala|Meteor Beam\n|-boost|p2b: Lunala|spa|1\n|-enditem|p2b: Lunala|Power Herb\n|-anim|p2b: Lunala|Meteor Beam|p1b: Talonflame\n|-activate|p1b: Talonflame|move: Protect\n|move|p1a: Farigiraf|Tera Blast|p2b: Lunala|[anim] Tera Blast Dark\n|-supereffective|p2b: Lunala\n|-damage|p2b: Lunala|42/100\n|\n|upkeep\n|turn|2\n|inactive|mysteriousmeatman has 30 seconds left.\n|inactive|WyzerxVS36 has 30 seconds left.\n|\n|t:|1746022006\n|switch|p1b: Kyogre|Kyogre, L50, shiny|100/100\n|-weather|RainDance|[from] ability: Drizzle|[of] p1b: Kyogre\n|switch|p2b: Indeedee|Indeedee-F, L50, F|100/100\n|move|p2a: Flutter Mane|Moonblast|p1a: Farigiraf\n|-supereffective|p1a: Farigiraf\n|-damage|p1a: Farigiraf|0 fnt\n|faint|p1a: Farigiraf\n|\n|-weather|RainDance|[upkeep]\n|upkeep\n|\n|t:|1746022017\n|switch|p1a: Miraidon|Miraidon, L50|100/100\n|-fieldstart|move: Electric Terrain|[from] ability: Hadron Engine|[of] p1a: Miraidon\n|turn|3\n|\n|t:|1746022030\n|switch|p1b: Talonflame|Talonflame, L50, F, shiny|100/100\n|switch|p2b: Koraidon|Koraidon, L50|100/100\n|-weather|SunnyDay|[from] ability: Orichalcum Pulse|[of] p2b: Koraidon\n|-activate|p2a: Flutter Mane|ability: Protosynthesis\n|-start|p2a: Flutter Mane|protosynthesisspe\n|-activate|p2b: Koraidon|Orichalcum Pulse|[source]\n|move|p2a: Flutter Mane|Moonblast|p1a: Miraidon\n|-supereffective|p1a: Miraidon\n|-damage|p1a: Miraidon|10/100\n|move|p1a: Miraidon|Volt Switch|p2a: Flutter Mane\n|-damage|p2a: Flutter Mane|36/100\n|\n|t:|1746022042\n|switch|p1a: Kyogre|Kyogre, L50, shiny|100/100|[from] Volt Switch\n|-weather|RainDance|[from] ability: Drizzle|[of] p1a: Kyogre\n|-end|p2a: Flutter Mane|Protosynthesis\n|\n|-weather|RainDance|[upkeep]\n|upkeep\n|turn|4\n|\n|t:|1746022053\n|switch|p2b: Indeedee|Indeedee-F, L50, F|100/100\n|-fieldstart|move: Psychic Terrain|[from] ability: Psychic Surge|[of] p2b: Indeedee\n|move|p2a: Flutter Mane|Protect|p2a: Flutter Mane\n|-singleturn|p2a: Flutter Mane|Protect\n|move|p1b: Talonflame|Brave Bird|p2a: Flutter Mane\n|-activate|p2a: Flutter Mane|move: Psychic Terrain\n|move|p1a: Kyogre|Origin Pulse|p2a: Flutter Mane|[spread] p2b\n|-activate|p2a: Flutter Mane|move: Protect\n|-damage|p2b: Indeedee|28/100\n|\n|-weather|RainDance|[upkeep]\n|upkeep\n|turn|5\n|inactive|WyzerxVS36 has 30 seconds left.\n|inactive|WyzerxVS36 has 20 seconds left.\n|inactive|WyzerxVS36 has 15 seconds left.\n|inactive|WyzerxVS36 has 10 seconds left.\n|inactive|WyzerxVS36 has 5 seconds left.\n|\n|t:|1746022105\n|switch|p1a: Miraidon|Miraidon, L50|10/100\n|-fieldstart|move: Electric Terrain|[from] ability: Hadron Engine|[of] p1a: Miraidon\n|switch|p2b: Koraidon|Koraidon, L50|100/100\n|-weather|SunnyDay|[from] ability: Orichalcum Pulse|[of] p2b: Koraidon\n|-activate|p2a: Flutter Mane|ability: Protosynthesis\n|-start|p2a: Flutter Mane|protosynthesisspe\n|-activate|p2b: Koraidon|Orichalcum Pulse|[source]\n|move|p1b: Talonflame|Brave Bird|p2a: Flutter Mane\n|-damage|p2a: Flutter Mane|0 fnt\n|faint|p2a: Flutter Mane\n|-end|p2a: Flutter Mane|Protosynthesis|[silent]\n|-damage|p1b: Talonflame|92/100|[from] Recoil\n|\n|-weather|SunnyDay|[upkeep]\n|upkeep\n|\n|t:|1746022125\n|switch|p2a: Indeedee|Indeedee-F, L50, F|28/100\n|-fieldstart|move: Psychic Terrain|[from] ability: Psychic Surge|[of] p2a: Indeedee\n|turn|6\n|inactive|WyzerxVS36 has 30 seconds left.\n|inactive|WyzerxVS36 has 20 seconds left.\n|inactive|WyzerxVS36 has 15 seconds left.\n|inactive|WyzerxVS36 has 10 seconds left.\n|\n|t:|1746022173\n|switch|p1b: Kyogre|Kyogre, L50, shiny|100/100\n|-weather|RainDance|[from] ability: Drizzle|[of] p1b: Kyogre\n|switch|p2b: Lunala|Lunala, L50, shiny|42/100\n|move|p2a: Indeedee|Follow Me|p2a: Indeedee\n|-singleturn|p2a: Indeedee|move: Follow Me\n|move|p1a: Miraidon|Draco Meteor|p2a: Indeedee\n|-damage|p2a: Indeedee|0 fnt\n|-unboost|p1a: Miraidon|spa|2\n|-enditem|p1a: Miraidon|Eject Pack\n|faint|p2a: Indeedee\n|\n|t:|1746022187\n|switch|p1a: Talonflame|Talonflame, L50, F, shiny|92/100\n|\n|-weather|RainDance|[upkeep]\n|upkeep\n|\n|t:|1746022192\n|switch|p2a: Koraidon|Koraidon, L50|100/100\n|-weather|SunnyDay|[from] ability: Orichalcum Pulse|[of] p2a: Koraidon\n|-activate|p2a: Koraidon|Orichalcum Pulse|[source]\n|turn|7\n|\n|t:|1746022214\n|switch|p1b: Miraidon|Miraidon, L50|10/100\n|-fieldstart|move: Electric Terrain|[from] ability: Hadron Engine|[of] p1b: Miraidon\n|-terastallize|p2b: Lunala|Water\n|move|p1a: Talonflame|Tailwind|p1a: Talonflame\n|-sidestart|p1: mysteriousmeatman|move: Tailwind\n|move|p2a: Koraidon|Collision Course|p1b: Miraidon\n|-damage|p1b: Miraidon|0 fnt\n|faint|p1b: Miraidon\n|move|p2b: Lunala|Moongeist Beam|p1a: Talonflame\n|-damage|p1a: Talonflame|17/100\n|\n|-weather|SunnyDay|[upkeep]\n|upkeep\n|\n|t:|1746022224\n|switch|p1b: Kyogre|Kyogre, L50, shiny|100/100\n|-weather|RainDance|[from] ability: Drizzle|[of] p1b: Kyogre\n|turn|8\n|inactive|WyzerxVS36 has 30 seconds left.\n|\n|t:|1746022251\n|move|p1a: Talonflame|Taunt|p2b: Lunala\n|-start|p2b: Lunala|move: Taunt\n|move|p1b: Kyogre|Thunder|p2b: Lunala\n|-supereffective|p2b: Lunala\n|-damage|p2b: Lunala|0 fnt\n|faint|p2b: Lunala\n|move|p2a: Koraidon|Collision Course|p1b: Kyogre\n|-damage|p1b: Kyogre|54/100\n|\n|-weather|RainDance|[upkeep]\n|upkeep\n|turn|9\n|\n|t:|1746022266\n|move|p2a: Koraidon|Protect|p2a: Koraidon\n|-singleturn|p2a: Koraidon|Protect\n|move|p1a: Talonflame|Brave Bird|p2a: Koraidon\n|-activate|p2a: Koraidon|move: Protect\n|move|p1b: Kyogre|Origin Pulse|p2a: Koraidon\n|-activate|p2a: Koraidon|move: Protect\n|\n|-weather|RainDance|[upkeep]\n|upkeep\n|turn|10\n|\n|t:|1746022278\n|move|p2a: Koraidon|Protect|p2a: Koraidon\n|-singleturn|p2a: Koraidon|Protect\n|move|p1a: Talonflame|Brave Bird|p2a: Koraidon\n|-activate|p2a: Koraidon|move: Protect\n|move|p1b: Kyogre|Ice Beam|p2a: Koraidon\n|-activate|p2a: Koraidon|move: Protect\n|\n|-weather|RainDance|[upkeep]\n|-sideend|p1: mysteriousmeatman|move: Tailwind\n|upkeep\n|turn|11\n|\n|t:|1746022291\n|move|p1a: Talonflame|Brave Bird|p2a: Koraidon\n|-supereffective|p2a: Koraidon\n|-damage|p2a: Koraidon|45/100\n|-damage|p1a: Talonflame|0 fnt|[from] Recoil\n|faint|p1a: Talonflame\n|move|p2a: Koraidon|Collision Course|p1b: Kyogre\n|-damage|p1b: Kyogre|5/100\n|move|p1b: Kyogre|Ice Beam|p2a: Koraidon\n|-supereffective|p2a: Koraidon\n|-damage|p2a: Koraidon|0 fnt\n|faint|p2a: Koraidon\n|\n|win|mysteriousmeatman\n|inactive|mysteriousmeatman has 30 seconds to confirm battle start!\n|inactive|WyzerxVS36 has 30 seconds to confirm battle start!\n||mysteriousmeatman is ready for game 2.\n||WyzerxVS36 is ready for game 2.\n|uhtml|next|Next: <a href=\"/battle-gen9vgc2025regibo3-2353954802\"><strong>Game 2 of 3</strong></a>\n", "uploadtime": 1746022541, "views": 6, "formatid": "gen9vgc2025regibo3", "rating": null, "private": 0, "password": null}