{"id": "gen9vgc2025regibo3-2355118278", "format": "[Gen 9] VGC 2025 Reg I (Bo3)", "players": ["greenwolf0808", "ShinkaiEx"], "log": "|j|\u2606greenwolf0808\n|j|\u2606ShinkaiEx\n|html|<table width=\"100%\"><tr><td align=\"left\">greenwolf0808</td><td align=\"right\">ShinkaiEx</tr><tr><td align=\"left\"><i class=\"fa fa-circle-o\"></i> <i class=\"fa fa-circle-o\"></i> </td><td align=\"right\"><i class=\"fa fa-circle-o\"></i> <i class=\"fa fa-circle-o\"></i> </tr></table>\n|uhtml|bestof|<h2><strong>Game 1</strong> of <a href=\"/game-bestof3-gen9vgc2025regibo3-2355118277\">a best-of-3</a></h2>\n|t:|1746154773\n|gametype|doubles\n|player|p1|greenwolf0808|1|1110\n|player|p2|ShinkaiEx|101|1134\n|teamsize|p1|6\n|teamsize|p2|6\n|gen|9\n|tier|[Gen 9] VGC 2025 Reg I (Bo3)\n|rated|\n|rule|Species Clause: Limit one of each Pok\u00e9mon\n|rule|Item Clause: Limit 1 of each item\n|clearpoke\n|poke|p1|Zacian-*, L50|\n|poke|p1|Kyogre, L50|\n|poke|p1|Amoonguss, L50, F|\n|poke|p1|Incineroar, L50, F|\n|poke|p1|Rillaboom, L50, F|\n|poke|p1|Urshifu-*, L50, F|\n|poke|p2|Koraidon, L50|\n|poke|p2|Zamazenta-*, L50|\n|poke|p2|Flutter Mane, L50|\n|poke|p2|Incineroar, L50, M|\n|poke|p2|Raging Bolt, L50|\n|poke|p2|Brute Bonnet, L50|\n|teampreview|4\n|showteam|p1|Zacian-Crowned||RustedSword|IntrepidSword|SwordsDance,Protect,behemothblade,PlayRough||||||50|,,,,,Fairy]Kyogre||Leftovers|Drizzle|OriginPulse,WaterSpout,Protect,IceBeam||||||50|,,,,,Water]Amoonguss||RockyHelmet|Regenerator|Spore,Protect,RagePowder,PollenPuff|||F|||50|,,,,,Water]Incineroar|||Blaze|FakeOut,PartingShot,KnockOff,HelpingHand|||F|||50|,,,,,Bug]Rillaboom||AssaultVest|GrassySurge|FakeOut,GrassyGlide,Uturn,HighHorsepower|||F|||50|,,,,,Fire]Urshifu-Rapid-Strike||MysticWater|UnseenFist|AquaJet,SurgingStrikes,CloseCombat,Detect|||F|||50|,,,,,Stellar\n|showteam|p2|Koraidon||ClearAmulet|OrichalcumPulse|FlareBlitz,CollisionCourse,FlameCharge,Protect||||||50|,,,,,Fire]Zamazenta-Crowned||RustedShield|DauntlessShield|BodyPress,HeavySlam,WideGuard,Protect||||||50|,,,,,Dragon]Flutter Mane||FocusSash|Protosynthesis|Moonblast,ShadowBall,IcyWind,Protect||||||50|,,,,,Stellar]Incineroar||RockyHelmet|Intimidate|FakeOut,FlareBlitz,KnockOff,PartingShot|||M|||50|,,,,,Grass]Raging Bolt||AssaultVest|Protosynthesis|Thunderbolt,Thunderclap,Snarl,DracoMeteor||||||50|,,,,,Electric]Brute Bonnet||CovertCloak|Protosynthesis|Spore,RagePowder,SeedBomb,SuckerPunch||||||50|,,,,,Water\n|inactive|Battle timer is ON: inactive players will automatically lose when time's up. (requested by ShinkaiEx)\n|\n|t:|1746154819\n|start\n|switch|p1a: Kyogre|Kyogre, L50|100/100\n|switch|p1b: Rillaboom|Rillaboom, L50, F|100/100\n|switch|p2a: Zamazenta|Zamazenta-Crowned, L50|100/100\n|switch|p2b: Brute Bonnet|Brute Bonnet, L50|100/100\n|-ability|p2a: Zamazenta|Dauntless Shield|boost\n|-boost|p2a: Zamazenta|def|1\n|-fieldstart|move: Grassy Terrain|[from] ability: Grassy Surge|[of] p1b: Rillaboom\n|-weather|RainDance|[from] ability: Drizzle|[of] p1a: Kyogre\n|turn|1\n|inactive|greenwolf0808 has 30 seconds left.\n|inactive|ShinkaiEx has 30 seconds left.\n|inactive|ShinkaiEx has 20 seconds left.\n|\n|t:|1746154854\n|-end|p2b: Brute Bonnet|Protosynthesis|[silent]\n|switch|p2b: Koraidon|Koraidon, L50|100/100\n|-weather|SunnyDay|[from] ability: Orichalcum Pulse|[of] p2b: Koraidon\n|-activate|p2b: Koraidon|Orichalcum Pulse|[source]\n|-terastallize|p2a: Zamazenta|Dragon\n|move|p1b: Rillaboom|Fake Out|p2b: Koraidon\n|-damage|p2b: Koraidon|87/100\n|move|p2a: Zamazenta|Body Press|p1a: Kyogre\n|-damage|p1a: Kyogre|37/100\n|move|p1a: Kyogre|Water Spout|p2a: Zamazenta|[spread] p2a,p2b\n|-resisted|p2a: Zamazenta\n|-resisted|p2b: Koraidon\n|-damage|p2a: Zamazenta|96/100\n|-damage|p2b: Koraidon|81/100\n|\n|-weather|SunnyDay|[upkeep]\n|-heal|p2b: Koraidon|87/100|[from] Grassy Terrain\n|-heal|p2a: Zamazenta|100/100|[from] Grassy Terrain\n|-heal|p1a: Kyogre|43/100|[from] Grassy Terrain\n|-heal|p1a: Kyogre|48/100|[from] item: Leftovers\n|upkeep\n|turn|2\n|\n|t:|1746154879\n|switch|p1a: Incineroar|Incineroar, L50, F|100/100\n|move|p2b: Koraidon|Flame Charge|p1b: Rillaboom\n|-supereffective|p1b: Rillaboom\n|-damage|p1b: Rillaboom|22/100\n|-boost|p2b: Koraidon|spe|1\n|move|p2a: Zamazenta|Body Press|p1a: Incineroar\n|-supereffective|p1a: Incineroar\n|-damage|p1a: Incineroar|0 fnt\n|faint|p1a: Incineroar\n|move|p1b: Rillaboom|U-turn|p2a: Zamazenta\n|-damage|p2a: Zamazenta|89/100\n|\n|t:|1746154896\n|switch|p1b: Kyogre|Kyogre, L50|48/100|[from] U-turn\n|-weather|RainDance|[from] ability: Drizzle|[of] p1b: Kyogre\n|\n|-weather|RainDance|[upkeep]\n|-heal|p2b: Koraidon|93/100|[from] Grassy Terrain\n|-heal|p2a: Zamazenta|95/100|[from] Grassy Terrain\n|-heal|p1b: Kyogre|54/100|[from] Grassy Terrain\n|-heal|p1b: Kyogre|60/100|[from] item: Leftovers\n|upkeep\n|\n|t:|1746154905\n|switch|p1a: Zacian|Zacian-Crowned, L50|100/100\n|-ability|p1a: Zacian|Intrepid Sword|boost\n|-boost|p1a: Zacian|atk|1\n|turn|3\n|inactive|greenwolf0808 has 30 seconds left.\n|inactive|ShinkaiEx has 30 seconds left.\n|\n|t:|1746154943\n|-terastallize|p1a: Zacian|Fairy\n|move|p2b: Koraidon|Protect|p2b: Koraidon\n|-singleturn|p2b: Koraidon|Protect\n|move|p1a: Zacian|Play Rough|p2a: Zamazenta\n|-supereffective|p2a: Zamazenta\n|-damage|p2a: Zamazenta|0 fnt\n|faint|p2a: Zamazenta\n|move|p1b: Kyogre|Ice Beam|p2b: Koraidon\n|-activate|p2b: Koraidon|move: Protect\n|\n|-weather|RainDance|[upkeep]\n|-heal|p2b: Koraidon|99/100|[from] Grassy Terrain\n|-heal|p1b: Kyogre|66/100|[from] Grassy Terrain\n|-heal|p1b: Kyogre|72/100|[from] item: Leftovers\n|upkeep\n|\n|t:|1746154961\n|switch|p2a: Incineroar|Incineroar, L50, M|100/100\n|-ability|p2a: Incineroar|Intimidate|boost\n|-unboost|p1a: Zacian|atk|1\n|-unboost|p1b: Kyogre|atk|1\n|turn|4\n|\n|t:|1746154973\n|switch|p2b: Brute Bonnet|Brute Bonnet, L50|100/100\n|switch|p1b: Rillaboom|Rillaboom, L50, F|22/100\n|move|p2a: Incineroar|Fake Out|p1a: Zacian\n|-damage|p1a: Zacian|90/100\n|cant|p1a: Zacian|flinch\n|\n|-weather|RainDance|[upkeep]\n|-heal|p1a: Zacian|96/100|[from] Grassy Terrain\n|-heal|p1b: Rillaboom|27/100|[from] Grassy Terrain\n|upkeep\n|turn|5\n|inactive|ShinkaiEx has 30 seconds left.\n|inactive|ShinkaiEx has 20 seconds left.\n|\n|t:|1746155009\n|move|p1b: Rillaboom|Fake Out|p2b: Brute Bonnet\n|-damage|p2b: Brute Bonnet|92/100\n|move|p1a: Zacian|Play Rough|p2b: Brute Bonnet\n|-supereffective|p2b: Brute Bonnet\n|-damage|p2b: Brute Bonnet|1/100\n|move|p2a: Incineroar|Flare Blitz|p1b: Rillaboom\n|-supereffective|p1b: Rillaboom\n|-damage|p1b: Rillaboom|0 fnt\n|faint|p1b: Rillaboom\n|-damage|p2a: Incineroar|93/100|[from] Recoil\n|move|p2b: Brute Bonnet|Spore|p1a: Zacian\n|-status|p1a: Zacian|slp|[from] move: Spore\n|\n|-weather|RainDance|[upkeep]\n|-heal|p1a: Zacian|100/100 slp|[from] Grassy Terrain\n|-heal|p2a: Incineroar|99/100|[from] Grassy Terrain\n|-heal|p2b: Brute Bonnet|7/100|[from] Grassy Terrain\n|-fieldend|move: Grassy Terrain\n|upkeep\n|inactive|greenwolf0808 has 30 seconds left.\n|inactive|greenwolf0808 has 20 seconds left.\n|inactive|greenwolf0808 has 15 seconds left.\n|inactive|greenwolf0808 has 10 seconds left.\n|inactive|greenwolf0808 has 5 seconds left.\n|\n|t:|1746155064\n|switch|p1b: Kyogre|Kyogre, L50|72/100\n|turn|6\n|inactive|greenwolf0808 has 30 seconds left.\n|inactive|ShinkaiEx has 30 seconds left.\n|\n|t:|1746155096\n|-end|p2b: Brute Bonnet|Protosynthesis|[silent]\n|switch|p2b: Koraidon|Koraidon, L50|99/100\n|-weather|SunnyDay|[from] ability: Orichalcum Pulse|[of] p2b: Koraidon\n|-activate|p2b: Koraidon|Orichalcum Pulse|[source]\n|cant|p1a: Zacian|slp\n|move|p1b: Kyogre|Water Spout|p2a: Incineroar|[spread] p2a,p2b\n|-supereffective|p2a: Incineroar\n|-resisted|p2b: Koraidon\n|-damage|p2a: Incineroar|54/100\n|-damage|p2b: Koraidon|86/100\n|move|p2a: Incineroar|Parting Shot|p1a: Zacian\n|-unboost|p1a: Zacian|atk|1\n|-unboost|p1a: Zacian|spa|1\n|\n|t:|1746155108\n|switch|p2a: Brute Bonnet|Brute Bonnet, L50|7/100|[from] Parting Shot\n|-activate|p2a: Brute Bonnet|ability: Protosynthesis\n|-start|p2a: Brute Bonnet|protosynthesisdef\n|\n|-weather|SunnyDay|[upkeep]\n|-heal|p1b: Kyogre|77/100|[from] item: Leftovers\n|upkeep\n|turn|7\n|inactive|ShinkaiEx has 30 seconds left.\n|\n|t:|1746155140\n|move|p2a: Brute Bonnet|Rage Powder|p2a: Brute Bonnet\n|-singleturn|p2a: Brute Bonnet|move: Rage Powder\n|cant|p1a: Zacian|slp\n|move|p2b: Koraidon|Flame Charge|p1a: Zacian\n|-damage|p1a: Zacian|67/100 slp\n|-boost|p2b: Koraidon|spe|1\n|move|p1b: Kyogre|Ice Beam|p2a: Brute Bonnet\n|-supereffective|p2a: Brute Bonnet\n|-damage|p2a: Brute Bonnet|0 fnt\n|faint|p2a: Brute Bonnet\n|-end|p2a: Brute Bonnet|Protosynthesis|[silent]\n|\n|-weather|SunnyDay|[upkeep]\n|-heal|p1b: Kyogre|83/100|[from] item: Leftovers\n|upkeep\n|\n|t:|1746155149\n|switch|p2a: Incineroar|Incineroar, L50, M|54/100\n|-ability|p2a: Incineroar|Intimidate|boost\n|-unboost|p1a: Zacian|atk|1\n|-unboost|p1b: Kyogre|atk|1\n|turn|8\n|inactive|greenwolf0808 has 30 seconds left.\n|\n|t:|1746155178\n|move|p1b: Kyogre|Protect|p1b: Kyogre\n|-singleturn|p1b: Kyogre|Protect\n|move|p2a: Incineroar|Fake Out|p1b: Kyogre\n|-activate|p1b: Kyogre|move: Protect\n|move|p2b: Koraidon|Flare Blitz|p1a: Zacian\n|-damage|p1a: Zacian|0 fnt\n|faint|p1a: Zacian\n|-damage|p2b: Koraidon|65/100|[from] Recoil\n|\n|-weather|SunnyDay|[upkeep]\n|-heal|p1b: Kyogre|89/100|[from] item: Leftovers\n|upkeep\n|turn|9\n|inactive|greenwolf0808 has 30 seconds left.\n|inactive|greenwolf0808 has 20 seconds left.\n|inactive|greenwolf0808 has 15 seconds left.\n|inactive|greenwolf0808 has 10 seconds left.\n|inactive|greenwolf0808 has 5 seconds left.\n|\n|t:|1746155233\n|move|p2b: Koraidon|Collision Course|p1b: Kyogre\n|-damage|p1b: Kyogre|16/100\n|move|p1b: Kyogre|Origin Pulse|p2a: Incineroar|[spread] p2a,p2b\n|-supereffective|p2a: Incineroar\n|-resisted|p2b: Koraidon\n|-damage|p2a: Incineroar|9/100\n|-damage|p2b: Koraidon|53/100\n|move|p2a: Incineroar|Knock Off|p1b: Kyogre\n|-damage|p1b: Kyogre|0 fnt\n|-enditem|p1b: Kyogre|Leftovers|[from] move: Knock Off|[of] p2a: Incineroar\n|faint|p1b: Kyogre\n|\n|win|ShinkaiEx\n", "uploadtime": 1746155243, "views": 17, "formatid": "gen9vgc2025regibo3", "rating": null, "private": 0, "password": null}