{"id": "gen9vgc2025regibo3-2353936171", "format": "[Gen 9] VGC 2025 Reg I (Bo3)", "players": ["Cococamps", "gravler07"], "log": "|j|\u2606Cococamps\n|j|\u2606gravler07\n|html|<table width=\"100%\"><tr><td align=\"left\">Cococamps</td><td align=\"right\">gravler07</tr><tr><td align=\"left\"><i class=\"fa fa-circle-o\"></i> <i class=\"fa fa-circle-o\"></i> </td><td align=\"right\"><i class=\"fa fa-circle-o\"></i> <i class=\"fa fa-circle-o\"></i> </tr></table>\n|uhtml|bestof|<h2><strong>Game 1</strong> of <a href=\"/game-bestof3-gen9vgc2025regibo3-2353936168\">a best-of-3</a></h2>\n|t:|1746020547\n|gametype|doubles\n|player|p1|Cococamps|169|1095\n|player|p2|gravler07|blackbelt-gen4dp|1067\n|teamsize|p1|6\n|teamsize|p2|6\n|gen|9\n|tier|[Gen 9] VGC 2025 Reg I (Bo3)\n|rated|\n|rule|Species Clause: Limit one of each Pok\u00e9mon\n|rule|Item Clause: Limit 1 of each item\n|clearpoke\n|poke|p1|Miraidon, L50|\n|poke|p1|Zamazenta-*, L50|\n|poke|p1|Incineroar, L50, M|\n|poke|p1|Flutter Mane, L50|\n|poke|p1|Urshifu-*, L50, M|\n|poke|p1|Rillaboom, L50, M|\n|poke|p2|Calyrex-Ice, L50|\n|poke|p2|Necrozma-Dusk-Mane, L50|\n|poke|p2|Rhydon, L50, F|\n|poke|p2|Ogerpon-Wellspring, L50, F|\n|poke|p2|Zoroark-Hisui, L50, F|\n|poke|p2|Sableye, L50, M|\n|teampreview|4\n|showteam|p1|Miraidon||ChoiceSpecs|HadronEngine|ElectroDrift,DazzlingGleam,DracoMeteor,VoltSwitch||||||50|,,,,,Fairy]Zamazenta-Crowned||RustedShield|DauntlessShield|BodyPress,IronDefense,HeavySlam,WideGuard||||||50|,,,,,Dragon]Incineroar||RockyHelmet|Intimidate|FakeOut,FlareBlitz,PartingShot,KnockOff|||M|||50|,,,,,Grass]Flutter Mane||BoosterEnergy|Protosynthesis|Moonblast,ShadowBall,Taunt,ThunderWave||||||50|,,,,,Normal]Urshifu-Rapid-Strike||MysticWater|UnseenFist|Protect,SurgingStrikes,CloseCombat,AquaJet|||M|||50|,,,,,Water]Rillaboom||AssaultVest|GrassySurge|FakeOut,GrassyGlide,WoodHammer,Uturn|||M|||50|,,,,,Fire\n|showteam|p2|Calyrex-Ice||ClearAmulet|AsOneGlastrier|GlacialLance,HighHorsepower,TrickRoom,Protect||||||50|,,,,,Fire]Necrozma-Dusk-Mane||WeaknessPolicy|PrismArmor|SunsteelStrike,Endure,PhotonGeyser,TrickRoom||||||50|,,,,,Grass]Rhydon||Eviolite|LightningRod|HighHorsepower,BrickBreak,BreakingSwipe,Roar|||F|||50|,,,,,Fairy]Ogerpon-Wellspring||WellspringMask|WaterAbsorb|FollowMe,HornLeech,IvyCudgel,SpikyShield|||F|||50|,,,,,Water]Zoroark-Hisui||FocusSash|Illusion|HyperVoice,ShadowBall,Protect,NastyPlot|||F|||50|,,,,,Normal]Sableye||LightClay|Prankster|WillOWisp,LightScreen,Encore,Taunt|||M|||50|,,,,,Dark\n|\n|t:|1746020567\n|start\n|switch|p1a: Incineroar|Incineroar, L50, M|100/100\n|switch|p1b: Miraidon|Miraidon, L50|100/100\n|switch|p2a: Sableye|Sableye, L50, M|100/100\n|switch|p2b: Calyrex|Calyrex-Ice, L50|100/100\n|-ability|p2b: Calyrex|As One\n|-ability|p2b: Calyrex|Unnerve\n|-fieldstart|move: Electric Terrain|[from] ability: Hadron Engine|[of] p1b: Miraidon\n|-ability|p1a: Incineroar|Intimidate|boost\n|-unboost|p2a: Sableye|atk|1\n|-fail|p2b: Calyrex|unboost|[from] item: Clear Amulet|[of] p2b: Calyrex\n|turn|1\n|\n|t:|1746020604\n|move|p2b: Calyrex|Protect|p2b: Calyrex\n|-singleturn|p2b: Calyrex|Protect\n|move|p2a: Sableye|Will-O-Wisp|p1b: Miraidon\n|-status|p1b: Miraidon|brn\n|move|p1b: Miraidon|Electro Drift|p2a: Sableye\n|-damage|p2a: Sableye|0 fnt\n|faint|p2a: Sableye\n|move|p1a: Incineroar|Knock Off|p2b: Calyrex\n|-activate|p2b: Calyrex|move: Protect\n|\n|-damage|p1b: Miraidon|94/100 brn|[from] brn\n|upkeep\n|\n|t:|1746020617\n|switch|p2a: Rhydon|Rhydon, L50, F|100/100\n|turn|2\n|inactive|Battle timer is ON: inactive players will automatically lose when time's up. (requested by Cococamps)\n|\n|t:|1746020629\n|-terastallize|p2b: Calyrex|Fire\n|move|p1b: Miraidon|Electro Drift|p2a: Rhydon\n|-activate|p2a: Rhydon|ability: Lightning Rod\n|-ability|p2a: Rhydon|Lightning Rod|boost\n|-boost|p2a: Rhydon|spa|1\n|move|p1a: Incineroar|Parting Shot|p2a: Rhydon\n|-unboost|p2a: Rhydon|atk|1\n|-unboost|p2a: Rhydon|spa|1\n|\n|t:|1746020635\n|switch|p1a: Urshifu|Urshifu-Rapid-Strike, L50, M|100/100|[from] Parting Shot\n|move|p2a: Rhydon|High Horsepower|p1a: Urshifu\n|-damage|p1a: Urshifu|77/100\n|move|p2b: Calyrex|Trick Room|p2b: Calyrex\n|-fieldstart|move: Trick Room|[of] p2b: Calyrex\n|\n|-damage|p1b: Miraidon|88/100 brn|[from] brn\n|upkeep\n|turn|3\n|\n|t:|1746020656\n|switch|p1b: Incineroar|Incineroar, L50, M|100/100\n|-ability|p1b: Incineroar|Intimidate|boost\n|-unboost|p2a: Rhydon|atk|1\n|-fail|p2b: Calyrex|unboost|[from] item: Clear Amulet|[of] p2b: Calyrex\n|move|p1a: Urshifu|Protect|p1a: Urshifu\n|-singleturn|p1a: Urshifu|Protect\n|move|p2a: Rhydon|Brick Break|p1a: Urshifu\n|-activate|p1a: Urshifu|move: Protect\n|move|p2b: Calyrex|Glacial Lance|p1a: Urshifu|[spread] p1b\n|-activate|p1a: Urshifu|move: Protect\n|-resisted|p1b: Incineroar\n|-crit|p1b: Incineroar\n|-damage|p1b: Incineroar|59/100\n|\n|upkeep\n|turn|4\n|\n|t:|1746020673\n|switch|p2a: Ogerpon|Ogerpon-Wellspring, L50, F|100/100\n|move|p2b: Calyrex|Protect|p2b: Calyrex\n|-singleturn|p2b: Calyrex|Protect\n|move|p1b: Incineroar|Fake Out|p2b: Calyrex\n|-activate|p2b: Calyrex|move: Protect\n|move|p1a: Urshifu|Surging Strikes|p2b: Calyrex\n|-supereffective|p2b: Calyrex\n|-crit|p2b: Calyrex\n|-damage|p2b: Calyrex|68/100\n|-supereffective|p2b: Calyrex\n|-crit|p2b: Calyrex\n|-damage|p2b: Calyrex|34/100\n|-supereffective|p2b: Calyrex\n|-crit|p2b: Calyrex\n|-damage|p2b: Calyrex|3/100\n|-hitcount|p2b: Calyrex|3\n|\n|upkeep\n|turn|5\n|\n|t:|1746020694\n|switch|p1b: Miraidon|Miraidon, L50|88/100 brn\n|-activate|p1b: Miraidon|ability: Hadron Engine\n|move|p2b: Calyrex|Protect||[still]\n|-fail|p2b: Calyrex\n|move|p1a: Urshifu|Protect|p1a: Urshifu\n|-singleturn|p1a: Urshifu|Protect\n|move|p2a: Ogerpon|Horn Leech|p1a: Urshifu\n|-activate|p1a: Urshifu|move: Protect\n|\n|-damage|p1b: Miraidon|82/100 brn|[from] brn\n|-fieldend|move: Electric Terrain\n|upkeep\n|turn|6\n|\n|t:|1746020711\n|switch|p2b: Rhydon|Rhydon, L50, F|100/100\n|switch|p1a: Incineroar|Incineroar, L50, M|59/100\n|-ability|p1a: Incineroar|Intimidate|boost\n|-unboost|p2a: Ogerpon|atk|1\n|-unboost|p2b: Rhydon|atk|1\n|move|p2a: Ogerpon|Horn Leech|p1a: Incineroar\n|-resisted|p1a: Incineroar\n|-damage|p1a: Incineroar|47/100\n|-damage|p2a: Ogerpon|84/100|[from] item: Rocky Helmet|[of] p1a: Incineroar\n|move|p1b: Miraidon|Dazzling Gleam|p2b: Rhydon|[spread] p2a,p2b\n|-damage|p2a: Ogerpon|53/100\n|-damage|p2b: Rhydon|79/100\n|\n|-damage|p1b: Miraidon|76/100 brn|[from] brn\n|-fieldend|move: Trick Room\n|upkeep\n|turn|7\n|\n|t:|1746020728\n|move|p1a: Incineroar|Fake Out|p2b: Rhydon\n|-resisted|p2b: Rhydon\n|-damage|p2b: Rhydon|76/100\n|move|p1b: Miraidon|Dazzling Gleam|p2a: Ogerpon|[spread] p2a,p2b\n|-damage|p2a: Ogerpon|22/100\n|-damage|p2b: Rhydon|56/100\n|move|p2a: Ogerpon|Ivy Cudgel|p1a: Incineroar|[anim] Ivy Cudgel Water\n|-supereffective|p1a: Incineroar\n|-damage|p1a: Incineroar|0 fnt\n|faint|p1a: Incineroar\n|cant|p2b: Rhydon|flinch\n|\n|-damage|p1b: Miraidon|70/100 brn|[from] brn\n|upkeep\n|\n|t:|1746020736\n|switch|p1a: Flutter Mane|Flutter Mane, L50|100/100\n|-enditem|p1a: Flutter Mane|Booster Energy\n|-activate|p1a: Flutter Mane|ability: Protosynthesis|[fromitem]\n|-start|p1a: Flutter Mane|protosynthesisspe\n|turn|8\n|\n|t:|1746020745\n|move|p2a: Ogerpon|Spiky Shield|p2a: Ogerpon\n|-singleturn|p2a: Ogerpon|move: Protect\n|move|p1a: Flutter Mane|Shadow Ball|p2b: Rhydon\n|-damage|p2b: Rhydon|31/100\n|move|p1b: Miraidon|Dazzling Gleam|p2b: Rhydon|[spread] p2b\n|-activate|p2a: Ogerpon|move: Protect\n|-damage|p2b: Rhydon|12/100\n|move|p2b: Rhydon|High Horsepower|p1b: Miraidon\n|-supereffective|p1b: Miraidon\n|-damage|p1b: Miraidon|17/100 brn\n|\n|-damage|p1b: Miraidon|11/100 brn|[from] brn\n|upkeep\n|turn|9\n|inactive|Cococamps has 30 seconds left.\n|inactive|Cococamps has 20 seconds left.\n|\n|t:|1746020782\n|move|p2a: Ogerpon|Spiky Shield||[still]\n|-fail|p2a: Ogerpon\n|move|p1a: Flutter Mane|Shadow Ball|p2a: Ogerpon\n|-damage|p2a: Ogerpon|0 fnt\n|faint|p2a: Ogerpon\n|move|p1b: Miraidon|Dazzling Gleam|p2b: Rhydon\n|-damage|p2b: Rhydon|0 fnt\n|faint|p2b: Rhydon\n|\n|-damage|p1b: Miraidon|5/100 brn|[from] brn\n|upkeep\n|\n|t:|1746020792\n|switch|p2b: Calyrex|Calyrex-Ice, L50, tera:Fire|3/100\n|-ability|p2b: Calyrex|As One\n|-ability|p2b: Calyrex|Unnerve\n|turn|10\n|-message|gravler07 forfeited.\n|\n|win|Cococamps\n||gravler07 is ready for game 2.\n|inactive|Cococamps has 30 seconds to confirm battle start!\n||Cococamps is ready for game 2.\n|uhtml|next|Next: <a href=\"/battle-gen9vgc2025regibo3-2353938783\"><strong>Game 2 of 3</strong></a>\n", "uploadtime": 1746021021, "views": 6, "formatid": "gen9vgc2025regibo3", "rating": null, "private": 0, "password": null}