{"id": "gen9vgc2025regibo3-2355013067", "format": "[Gen 9] VGC 2025 Reg I (Bo3)", "players": ["Nepuu0052", "TrainerChrxs"], "log": "|j|\u2606Nepuu0052\n|j|\u2606TrainerChrxs\n|html|<table width=\"100%\"><tr><td align=\"left\">Nepuu0052</td><td align=\"right\">TrainerChrxs</tr><tr><td align=\"left\"><i class=\"fa fa-circle-o\"></i> <i class=\"fa fa-circle-o\"></i> </td><td align=\"right\"><i class=\"fa fa-circle-o\"></i> <i class=\"fa fa-circle-o\"></i> </tr></table>\n|uhtml|bestof|<h2><strong>Game 1</strong> of <a href=\"/game-bestof3-gen9vgc2025regibo3-2355013064\">a best-of-3</a></h2>\n|t:|1746142009\n|gametype|doubles\n|player|p1|Nepuu0052|1|1274\n|player|p2|TrainerChrxs|psychic-gen4|1249\n|teamsize|p1|6\n|teamsize|p2|6\n|gen|9\n|tier|[Gen 9] VGC 2025 Reg I (Bo3)\n|rated|\n|rule|Species Clause: Limit one of each Pok\u00e9mon\n|rule|Item Clause: Limit 1 of each item\n|clearpoke\n|poke|p1|Miraidon, L50|\n|poke|p1|Ho-Oh, L50|\n|poke|p1|Farigiraf, L50, F|\n|poke|p1|Ursaluna, L50, M|\n|poke|p1|Iron Hands, L50|\n|poke|p1|Iron Valiant, L50|\n|poke|p2|Dialga-Origin, L50|\n|poke|p2|Miraidon, L50|\n|poke|p2|Farigiraf, L50, F|\n|poke|p2|Ursaluna, L50, M|\n|poke|p2|Incineroar, L50, M|\n|poke|p2|Ogerpon-Cornerstone, L50, F|\n|teampreview|4\n|showteam|p1|Miraidon||LifeOrb|HadronEngine|ElectroDrift,VoltSwitch,DracoMeteor,Protect||||||50|,,,,,Electric]Ho-Oh||ClearAmulet|Regenerator|SacredFire,BraveBird,Tailwind,Protect||||||50|,,,,,Grass]Farigiraf||ElectricSeed|ArmorTail|Psychic,FoulPlay,HelpingHand,TrickRoom|||F|||50|,,,,,Water]Ursaluna||FlameOrb|Guts|Facade,HeadlongRush,Earthquake,Protect|||M|||50|,,,,,Ghost]Iron Hands||AssaultVest|QuarkDrive|FakeOut,DrainPunch,WildCharge,VoltSwitch||||||50|,,,,,Bug]Iron Valiant||FocusSash|QuarkDrive|Moonblast,Disable,WideGuard,Protect||||||50|,,,,,Steel\n|showteam|p2|Dialga-Origin||AdamantCrystal|Telepathy|Protect,FlashCannon,DragonPulse,TrickRoom||||||50|,,,,,Fairy]Miraidon||ChoiceScarf|HadronEngine|ElectroDrift,Discharge,VoltSwitch,DracoMeteor||||||50|,,,,,Electric]Farigiraf||ElectricSeed|ArmorTail|FoulPlay,DazzlingGleam,HelpingHand,TrickRoom|||F|||50|,,,,,Ground]Ursaluna||FlameOrb|Guts|Protect,Facade,HeadlongRush,Earthquake|||M|||50|,,,,,Fairy]Incineroar||SitrusBerry|Intimidate|FakeOut,KnockOff,WillOWisp,PartingShot|||M|||50|,,,,,Water]Ogerpon-Cornerstone||CornerstoneMask|Sturdy|SpikyShield,IvyCudgel,HornLeech,FollowMe|||F|||50|,,,,,Rock\n|c|\u2606TrainerChrxs|Glhf\n|c|\u2606TrainerChrxs|cool team\n|c|\u2606TrainerChrxs|very similar lol\n|\n|t:|1746142088\n|start\n|switch|p1a: Iron Hands|Iron Hands, L50|100/100\n|switch|p1b: Ho-Oh|Ho-Oh, L50|100/100\n|switch|p2a: Miraidon|Miraidon, L50|100/100\n|switch|p2b: Dialga|Dialga-Origin, L50, shiny|100/100\n|-fieldstart|move: Electric Terrain|[from] ability: Hadron Engine|[of] p2a: Miraidon\n|-activate|p1a: Iron Hands|ability: Quark Drive\n|-start|p1a: Iron Hands|quarkdriveatk\n|turn|1\n|\n|t:|1746142127\n|-terastallize|p1b: Ho-Oh|Grass\n|move|p2b: Dialga|Protect|p2b: Dialga\n|-singleturn|p2b: Dialga|Protect\n|move|p2a: Miraidon|Volt Switch|p1b: Ho-Oh\n|-resisted|p1b: Ho-Oh\n|-damage|p1b: Ho-Oh|80/100\n|\n|t:|1746142134\n|switch|p2a: Incineroar|Incineroar, L50, M|100/100|[from] Volt Switch\n|-ability|p2a: Incineroar|Intimidate|boost\n|-unboost|p1a: Iron Hands|atk|1\n|-fail|p1b: Ho-Oh|unboost|[from] item: Clear Amulet|[of] p1b: Ho-Oh\n|move|p1b: Ho-Oh|Tailwind|p1b: Ho-Oh\n|-sidestart|p1: Nepuu0052|move: Tailwind\n|move|p1a: Iron Hands|Drain Punch|p2a: Incineroar\n|-supereffective|p2a: Incineroar\n|-damage|p2a: Incineroar|40/100\n|-enditem|p2a: Incineroar|Sitrus Berry|[eat]\n|-heal|p2a: Incineroar|65/100|[from] item: Sitrus Berry\n|\n|upkeep\n|turn|2\n|\n|t:|1746142165\n|move|p2a: Incineroar|Fake Out|p1a: Iron Hands\n|-damage|p1a: Iron Hands|92/100\n|move|p1b: Ho-Oh|Sacred Fire|p2b: Dialga\n|-damage|p2b: Dialga|62/100\n|cant|p1a: Iron Hands|flinch\n|move|p2b: Dialga|Trick Room|p2b: Dialga\n|-fieldstart|move: Trick Room|[of] p2b: Dialga\n|\n|upkeep\n|turn|3\n|\n|t:|1746142181\n|move|p2a: Incineroar|Will-O-Wisp|p1a: Iron Hands|[miss]\n|-miss|p2a: Incineroar|p1a: Iron Hands\n|move|p2b: Dialga|Dragon Pulse|p1b: Ho-Oh\n|-damage|p1b: Ho-Oh|44/100\n|move|p1a: Iron Hands|Drain Punch|p2a: Incineroar\n|-supereffective|p2a: Incineroar\n|-damage|p2a: Incineroar|0 fnt\n|-heal|p1a: Iron Hands|100/100|[from] drain|[of] p2a: Incineroar\n|faint|p2a: Incineroar\n|move|p1b: Ho-Oh|Sacred Fire|p2b: Dialga\n|-damage|p2b: Dialga|20/100\n|\n|upkeep\n|\n|t:|1746142186\n|switch|p2a: Ursaluna|Ursaluna, L50, M, shiny|100/100\n|turn|4\n|\n|t:|1746142229\n|switch|p1b: Farigiraf|Farigiraf, L50, F|100/100\n|-enditem|p1b: Farigiraf|Electric Seed\n|-boost|p1b: Farigiraf|def|1|[from] item: Electric Seed\n|-terastallize|p2a: Ursaluna|Fairy\n|move|p2a: Ursaluna|Headlong Rush|p1a: Iron Hands\n|-supereffective|p1a: Iron Hands\n|-damage|p1a: Iron Hands|3/100\n|-unboost|p2a: Ursaluna|def|1\n|-unboost|p2a: Ursaluna|spd|1\n|move|p2b: Dialga|Dragon Pulse|p1b: Farigiraf\n|-damage|p1b: Farigiraf|38/100\n|move|p1a: Iron Hands|Volt Switch|p2b: Dialga\n|-resisted|p2b: Dialga\n|-crit|p2b: Dialga\n|-damage|p2b: Dialga|11/100\n|\n|t:|1746142257\n|-end|p1a: Iron Hands|Quark Drive|[silent]\n|switch|p1a: Ho-Oh|Ho-Oh, L50, tera:Grass|77/100|[from] Volt Switch\n|\n|-sideend|p1: Nepuu0052|move: Tailwind\n|-status|p2a: Ursaluna|brn|[from] item: Flame Orb\n|upkeep\n|turn|5\n|\n|t:|1746142296\n|move|p2b: Dialga|Protect|p2b: Dialga\n|-singleturn|p2b: Dialga|Protect\n|move|p1a: Ho-Oh|Protect|p1a: Ho-Oh\n|-singleturn|p1a: Ho-Oh|Protect\n|move|p2a: Ursaluna|Facade|p1a: Ho-Oh\n|-activate|p1a: Ho-Oh|move: Protect\n|move|p1b: Farigiraf|Psychic|p2b: Dialga\n|-activate|p2b: Dialga|move: Protect\n|\n|-damage|p2a: Ursaluna|95/100 brn|[from] brn\n|-fieldend|move: Electric Terrain\n|upkeep\n|turn|6\n|\n|t:|1746142310\n|switch|p1a: Iron Hands|Iron Hands, L50|3/100\n|move|p2a: Ursaluna|Facade|p1a: Iron Hands\n|-damage|p1a: Iron Hands|0 fnt\n|faint|p1a: Iron Hands\n|-end|p1a: Iron Hands|Quark Drive|[silent]\n|move|p1b: Farigiraf|Psychic|p2b: Dialga\n|-resisted|p2b: Dialga\n|-damage|p2b: Dialga|0 fnt\n|faint|p2b: Dialga\n|\n|-damage|p2a: Ursaluna|89/100 brn|[from] brn\n|-fieldend|move: Trick Room\n|upkeep\n|\n|t:|1746142326\n|switch|p2b: Miraidon|Miraidon, L50|100/100\n|switch|p1a: Ho-Oh|Ho-Oh, L50, tera:Grass|100/100\n|-fieldstart|move: Electric Terrain|[from] ability: Hadron Engine|[of] p2b: Miraidon\n|turn|7\n|\n|t:|1746142343\n|move|p2b: Miraidon|Draco Meteor|p1b: Farigiraf\n|-damage|p1b: Farigiraf|0 fnt\n|-unboost|p2b: Miraidon|spa|2\n|faint|p1b: Farigiraf\n|move|p1a: Ho-Oh|Tailwind|p1a: Ho-Oh\n|-sidestart|p1: Nepuu0052|move: Tailwind\n|move|p2a: Ursaluna|Facade|p1a: Ho-Oh\n|-damage|p1a: Ho-Oh|0 fnt\n|faint|p1a: Ho-Oh\n|\n|-damage|p2a: Ursaluna|83/100 brn|[from] brn\n|upkeep\n|\n|t:|1746142353\n|switch|p1b: Miraidon|Miraidon, L50|100/100\n|-activate|p1b: Miraidon|ability: Hadron Engine\n|turn|8\n|\n|t:|1746142362\n|move|p1b: Miraidon|Draco Meteor|p2b: Miraidon\n|-supereffective|p2b: Miraidon\n|-damage|p2b: Miraidon|0 fnt\n|-unboost|p1b: Miraidon|spa|2\n|faint|p2b: Miraidon\n|-damage|p1b: Miraidon|91/100|[from] item: Life Orb\n|move|p2a: Ursaluna|Headlong Rush|p1b: Miraidon\n|-supereffective|p1b: Miraidon\n|-damage|p1b: Miraidon|0 fnt\n|-unboost|p2a: Ursaluna|def|1\n|-unboost|p2a: Ursaluna|spd|1\n|faint|p1b: Miraidon\n|\n|win|TrainerChrxs\n|inactive|Nepuu0052 has 30 seconds to confirm battle start!\n|inactive|TrainerChrxs has 30 seconds to confirm battle start!\n||Nepuu0052 is ready for game 2.\n|inactive|TrainerChrxs has 20 seconds to confirm battle start!\n||TrainerChrxs is ready for game 2.\n|uhtml|next|Next: <a href=\"/battle-gen9vgc2025regibo3-2355016272\"><strong>Game 2 of 3</strong></a>\n|l|\u2606Nepuu0052\n|player|p1|\n", "uploadtime": 1746142688, "views": 3, "formatid": "gen9vgc2025regibo3", "rating": null, "private": 0, "password": null}