{"id": "gen9vgc2025regibo3-2354790133", "format": "[Gen 9] VGC 2025 Reg I (Bo3)", "players": ["Io18", "Superandry"], "log": "|j|\u2606Io18\n|j|\u2606Superandry\n|html|<table width=\"100%\"><tr><td align=\"left\">Io18</td><td align=\"right\">Superandry</tr><tr><td align=\"left\"><i class=\"fa fa-circle-o\"></i> <i class=\"fa fa-circle-o\"></i> </td><td align=\"right\"><i class=\"fa fa-circle-o\"></i> <i class=\"fa fa-circle-o\"></i> </tr></table>\n|uhtml|bestof|<h2><strong>Game 1</strong> of <a href=\"/game-bestof3-gen9vgc2025regibo3-2354790132\">a best-of-3</a></h2>\n|t:|1746119981\n|gametype|doubles\n|player|p1|Io18|hugh|\n|player|p2|Superandry|palmer|\n|teamsize|p1|6\n|teamsize|p2|6\n|gen|9\n|tier|[Gen 9] VGC 2025 Reg I (Bo3)\n|rule|Species Clause: Limit one of each Pok\u00e9mon\n|rule|Item Clause: Limit 1 of each item\n|clearpoke\n|poke|p1|Lunala, L50|\n|poke|p1|Koraidon, L50|\n|poke|p1|Flutter Mane, L50|\n|poke|p1|Iron Hands, L50|\n|poke|p1|Indeedee-F, L50, F|\n|poke|p1|Ogerpon-Cornerstone, L50, F|\n|poke|p2|Koraidon, L50|\n|poke|p2|Calyrex-Shadow, L50|\n|poke|p2|Walking Wake, L50|\n|poke|p2|Jumpluff, L50, F|\n|poke|p2|Weezing-Galar, L50, M|\n|poke|p2|Iron Hands, L50|\n|teampreview|4\n|showteam|p1|Lunala||Leftovers|ShadowShield|ExpandingForce,MoongeistBeam,TrickRoom,WideGuard||||||50|,,,,,Fairy]Koraidon||ClearAmulet|OrichalcumPulse|CollisionCourse,FlameCharge,FlareBlitz,Protect||||||50|,,,,,Fire]Flutter Mane||FocusSash|Protosynthesis|DazzlingGleam,ShadowBall,IcyWind,Protect||||||50|,,,,,Fairy]Iron Hands||AssaultVest|QuarkDrive|DrainPunch,FakeOut,LowKick,WildCharge||||||50|,,,,,Water]Indeedee-F||PsychicSeed|PsychicSurge|HelpingHand,TrickRoom,FollowMe,DazzlingGleam|||F|||50|,,,,,Fairy]Ogerpon-Cornerstone||CornerstoneMask|Sturdy|HornLeech,IvyCudgel,SpikyShield,FollowMe|||F|||50|,,,,,Rock\n|showteam|p2|Koraidon||AbilityShield|OrichalcumPulse|CollisionCourse,FlareBlitz,FlameCharge,Protect||||||50|,,,,,Fire]Calyrex-Shadow||FocusSash|AsOneSpectrier|AstralBarrage,Psychic,Imprison,Protect||||||50|,,,,,Ghost]Walking Wake||MysticWater|Protosynthesis|HydroSteam,DracoMeteor,Snarl,Protect||||||50|,,,,,Grass]Jumpluff||CovertCloak|Chlorophyll|SleepPowder,PollenPuff,RagePowder,Tailwind|||F|||50|,,,,,Dark]Weezing-Galar||SitrusBerry|NeutralizingGas|StrangeSteam,PoisonGas,Taunt,Protect|||M|||50|,,,,,Dark]Iron Hands||AssaultVest|QuarkDrive|FakeOut,DrainPunch,LowKick,WildCharge||||||50|,,,,,Water\n|inactive|Battle timer is ON: inactive players will automatically lose when time's up. (requested by Superandry)\n|inactiveoff|Battle timer is now OFF.\n|\n|t:|1746120005\n|start\n|switch|p1a: Flutter Mane|Flutter Mane, L50|100/100\n|switch|p1b: Ogerpon|Ogerpon-Cornerstone, L50, F|100/100\n|switch|p2a: Koraidon|Koraidon, L50|100/100\n|switch|p2b: Jumpluff|Jumpluff, L50, F, shiny|100/100\n|-weather|SunnyDay|[from] ability: Orichalcum Pulse|[of] p2a: Koraidon\n|-activate|p1a: Flutter Mane|ability: Protosynthesis\n|-start|p1a: Flutter Mane|protosynthesisspa\n|-activate|p2a: Koraidon|Orichalcum Pulse|[source]\n|turn|1\n|\n|t:|1746120042\n|switch|p2b: Weezing|Weezing-Galar, L50, M|100/100\n|-ability|p2b: Weezing|Neutralizing Gas\n|-block|p2a: Koraidon|item: Ability Shield\n|-terastallize|p2a: Koraidon|Fire\n|move|p1a: Flutter Mane|Protect|p1a: Flutter Mane\n|-singleturn|p1a: Flutter Mane|Protect\n|move|p1b: Ogerpon|Ivy Cudgel|p2b: Weezing|[anim] Ivy Cudgel Rock\n|-damage|p2b: Weezing|50/100\n|-enditem|p2b: Weezing|Sitrus Berry|[eat]\n|-heal|p2b: Weezing|75/100|[from] item: Sitrus Berry\n|move|p2a: Koraidon|Flame Charge|p1a: Flutter Mane\n|-activate|p1a: Flutter Mane|move: Protect\n|\n|-weather|SunnyDay|[upkeep]\n|upkeep\n|turn|2\n|\n|t:|1746120090\n|move|p1b: Ogerpon|Ivy Cudgel|p2a: Koraidon|[anim] Ivy Cudgel Rock\n|-supereffective|p2a: Koraidon\n|-damage|p2a: Koraidon|9/100\n|move|p2a: Koraidon|Collision Course|p1b: Ogerpon\n|-supereffective|p1b: Ogerpon\n|-damage|p1b: Ogerpon|0 fnt\n|faint|p1b: Ogerpon\n|move|p1a: Flutter Mane|Dazzling Gleam|p2b: Weezing|[spread] p2a,p2b\n|-resisted|p2a: Koraidon\n|-resisted|p2b: Weezing\n|-damage|p2a: Koraidon|0 fnt\n|-damage|p2b: Weezing|57/100\n|faint|p2a: Koraidon\n|move|p2b: Weezing|Poison Gas|p1a: Flutter Mane\n|-status|p1a: Flutter Mane|psn\n|\n|-weather|SunnyDay|[upkeep]\n|-damage|p1a: Flutter Mane|88/100 psn|[from] psn\n|upkeep\n|\n|t:|1746120111\n|switch|p1b: Koraidon|Koraidon, L50|100/100\n|switch|p2a: Jumpluff|Jumpluff, L50, F, shiny|100/100\n|turn|3\n|\n|t:|1746120131\n|move|p1b: Koraidon|Protect|p1b: Koraidon\n|-singleturn|p1b: Koraidon|Protect\n|move|p1a: Flutter Mane|Icy Wind|p2b: Weezing|[spread] p2a,p2b\n|-supereffective|p2a: Jumpluff\n|-damage|p2a: Jumpluff|41/100\n|-damage|p2b: Weezing|41/100\n|-unboost|p2b: Weezing|spe|1\n|move|p2a: Jumpluff|Tailwind|p2a: Jumpluff\n|-sidestart|p2: Superandry|move: Tailwind\n|move|p2b: Weezing|Strange Steam|p1b: Koraidon\n|-activate|p1b: Koraidon|move: Protect\n|\n|-weather|SunnyDay|[upkeep]\n|-damage|p1a: Flutter Mane|76/100 psn|[from] psn\n|upkeep\n|turn|4\n|\n|t:|1746120157\n|move|p2a: Jumpluff|Sleep Powder|p1b: Koraidon\n|-status|p1b: Koraidon|slp|[from] move: Sleep Powder\n|cant|p1b: Koraidon|slp\n|move|p1a: Flutter Mane|Shadow Ball|p2a: Jumpluff\n|-damage|p2a: Jumpluff|0 fnt\n|faint|p2a: Jumpluff\n|move|p2b: Weezing|Strange Steam|p1b: Koraidon\n|-supereffective|p1b: Koraidon\n|-damage|p1b: Koraidon|0 fnt\n|faint|p1b: Koraidon\n|\n|-weather|SunnyDay|[upkeep]\n|-damage|p1a: Flutter Mane|64/100 psn|[from] psn\n|upkeep\n|\n|t:|1746120169\n|switch|p1b: Lunala|Lunala, L50|100/100\n|switch|p2a: Calyrex|Calyrex-Shadow, L50|100/100\n|-ability|p2a: Calyrex|As One\n|-ability|p2a: Calyrex|Unnerve\n|turn|5\n|\n|t:|1746120202\n|-terastallize|p1b: Lunala|Fairy\n|move|p1a: Flutter Mane|Protect|p1a: Flutter Mane\n|-singleturn|p1a: Flutter Mane|Protect\n|move|p2a: Calyrex|Astral Barrage|p1a: Flutter Mane|[spread] p1b\n|-activate|p1a: Flutter Mane|move: Protect\n|-damage|p1b: Lunala|63/100\n|move|p2b: Weezing|Taunt|p1b: Lunala\n|-start|p1b: Lunala|move: Taunt\n|cant|p1b: Lunala|move: Taunt|Trick Room\n|\n|-weather|none\n|-heal|p1b: Lunala|69/100|[from] item: Leftovers\n|-damage|p1a: Flutter Mane|52/100 psn|[from] psn\n|upkeep\n|turn|6\n|\n|t:|1746120226\n|move|p2a: Calyrex|Astral Barrage|p1a: Flutter Mane|[spread] p1a,p1b\n|-supereffective|p1a: Flutter Mane\n|-damage|p1a: Flutter Mane|0 fnt\n|-damage|p1b: Lunala|31/100\n|faint|p1a: Flutter Mane\n|-end|p1a: Flutter Mane|Protosynthesis|[silent]\n|-ability|p2a: Calyrex|Grim Neigh|boost\n|-boost|p2a: Calyrex|spa|1\n|move|p2b: Weezing|Strange Steam|p1b: Lunala\n|-damage|p1b: Lunala|10/100\n|-start|p1b: Lunala|confusion\n|-activate|p1b: Lunala|confusion\n|move|p1b: Lunala|Moongeist Beam|p2a: Calyrex\n|-supereffective|p2a: Calyrex\n|-enditem|p2a: Calyrex|Focus Sash\n|-damage|p2a: Calyrex|1/100\n|\n|-heal|p1b: Lunala|16/100|[from] item: Leftovers\n|-sideend|p2: Superandry|move: Tailwind\n|upkeep\n|turn|7\n|\n|t:|1746120245\n|move|p2a: Calyrex|Astral Barrage|p1b: Lunala\n|-damage|p1b: Lunala|0 fnt\n|faint|p1b: Lunala\n|\n|win|Superandry\n||Io18 is ready for game 2.\n||Superandry is ready for game 2.\n|uhtml|next|Next: <a href=\"/battle-gen9vgc2025regibo3-2354793250\"><strong>Game 2 of 3</strong></a>\n|l|\u2606Superandry\n|player|p2|\n", "uploadtime": 1746120433, "views": 8, "formatid": "gen9vgc2025regibo3", "rating": null, "private": 0, "password": null}