{"id": "gen9vgc2025regibo3-2354785131", "format": "[Gen 9] VGC 2025 Reg I (Bo3)", "players": ["noice_cue_crew30", "CuboX11n"], "log": "|j|\u2606noice_cue_crew30\n|j|\u2606CuboX11n\n|html|<table width=\"100%\"><tr><td align=\"left\">noice_cue_crew30</td><td align=\"right\">CuboX11n</tr><tr><td align=\"left\"><i class=\"fa fa-circle\"></i> <i class=\"fa fa-circle-o\"></i> </td><td align=\"right\"><i class=\"fa fa-circle-o\"></i> <i class=\"fa fa-circle-o\"></i> </tr></table>\n|uhtml|bestof|<h2><strong>Game 2</strong> of <a href=\"/game-bestof3-gen9vgc2025regibo3-2354782546\">a best-of-3</a></h2>\n|t:|1746119549\n|gametype|doubles\n|player|p1|noice_cue_crew30|101|1326\n|player|p2|CuboX11n|pokemaniac|1284\n|teamsize|p1|6\n|teamsize|p2|6\n|gen|9\n|tier|[Gen 9] VGC 2025 Reg I (Bo3)\n|rated|\n|rule|Species Clause: Limit one of each Pok\u00e9mon\n|rule|Item Clause: Limit 1 of each item\n|clearpoke\n|poke|p1|Miraidon, L50|\n|poke|p1|Ho-Oh, L50|\n|poke|p1|Farigiraf, L50, F|\n|poke|p1|Iron Hands, L50|\n|poke|p1|Iron Valiant, L50|\n|poke|p1|Ditto, L50|\n|poke|p2|Miraidon, L50|\n|poke|p2|Calyrex-Ice, L50|\n|poke|p2|Urshifu-*, L50, M|\n|poke|p2|Volcarona, L50, M|\n|poke|p2|Grimmsnarl, L50, M|\n|poke|p2|Ditto, L50|\n|teampreview|4\n|showteam|p1|Miraidon||LifeOrb|HadronEngine|ElectroDrift,VoltSwitch,DracoMeteor,Protect||||||50|,,,,,Electric]Ho-Oh||ClearAmulet|Regenerator|SacredFire,BraveBird,Tailwind,Protect||||||50|,,,,,Grass]Farigiraf||ElectricSeed|ArmorTail|Psychic,FoulPlay,HelpingHand,TrickRoom|||F|||50|,,,,,Water]Iron Hands||AssaultVest|QuarkDrive|FakeOut,WildCharge,VoltSwitch,DrainPunch||||||50|,,,,,Bug]Iron Valiant||FocusSash|QuarkDrive|Moonblast,WideGuard,Disable,Protect||||||50|,,,,,Steel]Ditto||ChoiceScarf|Imposter|Transform||||||50|,,,,,Normal\n|showteam|p2|Miraidon||ChoiceSpecs|HadronEngine|ElectroDrift,DracoMeteor,DazzlingGleam,VoltSwitch||||||50|,,,,,Fairy]Calyrex-Ice||ClearAmulet|AsOneGlastrier|GlacialLance,HighHorsepower,TrickRoom,Protect||||||50|,,,,,Water]Urshifu-Rapid-Strike||MysticWater|UnseenFist|SurgingStrikes,CloseCombat,Taunt,Protect|||M|||50|,,,,,Poison]Volcarona||SitrusBerry|FlameBody|FieryDance,QuiverDance,GigaDrain,Protect|||M|||50|,,,,,Grass]Grimmsnarl||LightClay|Prankster|FoulPlay,ThunderWave,LightScreen,Reflect|||M|||50|,,,,,Ghost]Ditto||FocusSash|Imposter|Transform||||||50|,,,,,Normal\n|inactive|Battle timer is ON: inactive players will automatically lose when time's up. (requested by noice_cue_crew30)\n|inactive|CuboX11n has 60 seconds left.\n|\n|t:|1746119618\n|start\n|switch|p1a: Miraidon|Miraidon, L50|100/100\n|switch|p1b: Iron Hands|Iron Hands, L50|100/100\n|switch|p2a: Miraidon|Miraidon, L50|100/100\n|switch|p2b: Grimmsnarl|Grimmsnarl, L50, M|100/100\n|-fieldstart|move: Electric Terrain|[from] ability: Hadron Engine|[of] p1a: Miraidon\n|-activate|p1b: Iron Hands|ability: Quark Drive\n|-start|p1b: Iron Hands|quarkdriveatk\n|-activate|p2a: Miraidon|ability: Hadron Engine\n|turn|1\n|inactive|CuboX11n has 30 seconds left.\n|\n|t:|1746119650\n|move|p1b: Iron Hands|Fake Out|p2a: Miraidon\n|-damage|p2a: Miraidon|81/100\n|move|p2b: Grimmsnarl|Light Screen|p2b: Grimmsnarl\n|-sidestart|p2: CuboX11n|move: Light Screen\n|move|p1a: Miraidon|Volt Switch|p2b: Grimmsnarl\n|-damage|p2b: Grimmsnarl|48/100\n|-damage|p1a: Miraidon|91/100|[from] item: Life Orb\n|inactive|noice_cue_crew30 has 30 seconds left.\n|inactive|noice_cue_crew30 has 20 seconds left.\n|inactive|noice_cue_crew30 has 15 seconds left.\n|\n|t:|1746119694\n|switch|p1a: Iron Valiant|Iron Valiant, L50|100/100|[from] Volt Switch\n|-activate|p1a: Iron Valiant|ability: Quark Drive\n|-start|p1a: Iron Valiant|quarkdrivespe\n|cant|p2a: Miraidon|flinch\n|\n|upkeep\n|turn|2\n|\n|t:|1746119711\n|-terastallize|p2a: Miraidon|Fairy\n|move|p1a: Iron Valiant|Protect|p1a: Iron Valiant\n|-singleturn|p1a: Iron Valiant|Protect\n|move|p2b: Grimmsnarl|Reflect|p2b: Grimmsnarl\n|-sidestart|p2: CuboX11n|Reflect\n|move|p2a: Miraidon|Volt Switch|p1a: Iron Valiant\n|-activate|p1a: Iron Valiant|move: Protect\n|move|p1b: Iron Hands|Drain Punch|p2b: Grimmsnarl\n|-damage|p2b: Grimmsnarl|8/100\n|\n|upkeep\n|turn|3\n|\n|t:|1746119722\n|move|p2b: Grimmsnarl|Thunder Wave|p1a: Iron Valiant\n|-status|p1a: Iron Valiant|par\n|move|p2a: Miraidon|Volt Switch|p1a: Iron Valiant\n|-enditem|p1a: Iron Valiant|Focus Sash\n|-damage|p1a: Iron Valiant|1/100 par\n|\n|t:|1746119740\n|switch|p2a: Calyrex|Calyrex-Ice, L50|100/100|[from] Volt Switch\n|-ability|p2a: Calyrex|As One\n|-ability|p2a: Calyrex|Unnerve\n|cant|p1a: Iron Valiant|par\n|move|p1b: Iron Hands|Volt Switch|p2b: Grimmsnarl\n|-damage|p2b: Grimmsnarl|0 fnt\n|faint|p2b: Grimmsnarl\n|\n|t:|1746119754\n|-end|p1b: Iron Hands|Quark Drive|[silent]\n|switch|p1b: Miraidon|Miraidon, L50|91/100|[from] Volt Switch\n|-activate|p1b: Miraidon|ability: Hadron Engine\n|\n|upkeep\n|\n|t:|1746119764\n|switch|p2b: Miraidon|Miraidon, L50, tera:Fairy|81/100\n|-activate|p2b: Miraidon|ability: Hadron Engine\n|turn|4\n|\n|t:|1746119782\n|move|p1b: Miraidon|Protect|p1b: Miraidon\n|-singleturn|p1b: Miraidon|Protect\n|move|p2b: Miraidon|Dazzling Gleam|p1b: Miraidon|[spread] p1a\n|-activate|p1b: Miraidon|move: Protect\n|-supereffective|p1a: Iron Valiant\n|-damage|p1a: Iron Valiant|0 fnt\n|faint|p1a: Iron Valiant\n|-end|p1a: Iron Valiant|Quark Drive|[silent]\n|move|p2a: Calyrex|High Horsepower|p1b: Miraidon\n|-activate|p1b: Miraidon|move: Protect\n|\n|upkeep\n|\n|t:|1746119793\n|switch|p1a: Ho-Oh|Ho-Oh, L50|100/100\n|turn|5\n|\n|t:|1746119801\n|switch|p2b: Urshifu|Urshifu-Rapid-Strike, L50, M|100/100\n|-terastallize|p1b: Miraidon|Electric\n|move|p1b: Miraidon|Volt Switch|p2b: Urshifu\n|-supereffective|p2b: Urshifu\n|-damage|p2b: Urshifu|0 fnt\n|faint|p2b: Urshifu\n|-damage|p1b: Miraidon|82/100|[from] item: Life Orb\n|\n|t:|1746119809\n|switch|p1b: Iron Hands|Iron Hands, L50|100/100|[from] Volt Switch\n|-activate|p1b: Iron Hands|ability: Quark Drive\n|-start|p1b: Iron Hands|quarkdriveatk\n|move|p1a: Ho-Oh|Sacred Fire|p2a: Calyrex\n|-supereffective|p2a: Calyrex\n|-damage|p2a: Calyrex|52/100\n|-status|p2a: Calyrex|brn\n|move|p2a: Calyrex|Glacial Lance|p1b: Iron Hands|[spread] p1a,p1b\n|-damage|p1a: Ho-Oh|76/100\n|-damage|p1b: Iron Hands|78/100\n|\n|-damage|p2a: Calyrex|46/100 brn|[from] brn\n|-fieldend|move: Electric Terrain\n|-end|p1b: Iron Hands|Quark Drive\n|upkeep\n|\n|t:|1746119821\n|switch|p2b: Miraidon|Miraidon, L50, tera:Fairy|81/100\n|-fieldstart|move: Electric Terrain|[from] ability: Hadron Engine|[of] p2b: Miraidon\n|-activate|p1b: Iron Hands|ability: Quark Drive\n|-start|p1b: Iron Hands|quarkdriveatk\n|turn|6\n|inactive|CuboX11n has 30 seconds left.\n|inactive|CuboX11n has 20 seconds left.\n|inactive|CuboX11n has 15 seconds left.\n|inactive|CuboX11n has 10 seconds left.\n|\n|t:|1746119867\n|move|p1b: Iron Hands|Fake Out|p2b: Miraidon\n|-damage|p2b: Miraidon|69/100\n|cant|p2b: Miraidon|flinch\n|move|p1a: Ho-Oh|Brave Bird|p2b: Miraidon\n|-damage|p2b: Miraidon|33/100\n|-damage|p1a: Ho-Oh|65/100|[from] Recoil\n|move|p2a: Calyrex|High Horsepower|p1b: Iron Hands|[miss]\n|-miss|p2a: Calyrex|p1b: Iron Hands\n|\n|-damage|p2a: Calyrex|41/100 brn|[from] brn\n|upkeep\n|turn|7\n|inactive|noice_cue_crew30 has 30 seconds left.\n|inactive|noice_cue_crew30 has 20 seconds left.\n|\n|t:|1746119905\n|move|p2b: Miraidon|Electro Drift|p1a: Ho-Oh\n|-supereffective|p1a: Ho-Oh\n|-damage|p1a: Ho-Oh|0 fnt\n|faint|p1a: Ho-Oh\n|move|p1b: Iron Hands|Wild Charge|p2a: Calyrex\n|-damage|p2a: Calyrex|6/100 brn\n|-damage|p1b: Iron Hands|70/100|[from] Recoil\n|move|p2a: Calyrex|Glacial Lance|p1b: Iron Hands\n|-damage|p1b: Iron Hands|43/100\n|\n|-damage|p2a: Calyrex|0 fnt|[from] brn\n|faint|p2a: Calyrex\n|upkeep\n|\n|t:|1746119907\n|switch|p1a: Miraidon|Miraidon, L50, tera:Electric|82/100\n|-activate|p1a: Miraidon|ability: Hadron Engine\n|turn|8\n|\n|t:|1746119912\n|move|p1a: Miraidon|Electro Drift|p2b: Miraidon\n|-damage|p2b: Miraidon|0 fnt\n|faint|p2b: Miraidon\n|-damage|p1a: Miraidon|72/100|[from] item: Life Orb\n|\n|win|noice_cue_crew30\n|raw|noice_cue_crew30's rating: 1326 &rarr; <strong>1344</strong><br />(+18 for winning)\n|raw|CuboX11n's rating: 1284 &rarr; <strong>1262</strong><br />(-22 for losing)\n|l|\u2606CuboX11n\n|player|p2|\n|l|\u2606noice_cue_crew30\n|player|p1|\n", "uploadtime": 1746120159, "views": 8, "formatid": "gen9vgc2025regibo3", "rating": 1262, "private": 0, "password": null}