{"id": "gen9vgc2025regibo3-2354426917", "format": "[Gen 9] VGC 2025 Reg I (Bo3)", "players": ["pwendolyn", "Weterpete"], "log": "|j|\u2606pwendolyn\n|j|\u2606Weterpete\n|html|<table width=\"100%\"><tr><td align=\"left\">pwendolyn</td><td align=\"right\">Weterpete</tr><tr><td align=\"left\"><i class=\"fa fa-circle\"></i> <i class=\"fa fa-circle-o\"></i> </td><td align=\"right\"><i class=\"fa fa-circle-o\"></i> <i class=\"fa fa-circle\"></i> </tr></table>\n|uhtml|bestof|<h2><strong>Game 3</strong> of <a href=\"/game-bestof3-gen9vgc2025regibo3-2354422382\">a best-of-3</a></h2>\n|t:|1746070129\n|gametype|doubles\n|player|p1|pwendolyn|acetrainersnowf|\n|player|p2|Weterpete|waiter|\n|teamsize|p1|6\n|teamsize|p2|6\n|gen|9\n|tier|[Gen 9] VGC 2025 Reg I (Bo3)\n|rule|Species Clause: Limit one of each Pok\u00e9mon\n|rule|Item Clause: Limit 1 of each item\n|clearpoke\n|poke|p1|Miraidon, L50|\n|poke|p1|Farigiraf, L50, F|\n|poke|p1|Kyogre, L50|\n|poke|p1|Overqwil, L50, M|\n|poke|p1|Tornadus, L50, M|\n|poke|p1|Landorus, L50, M|\n|poke|p2|Lunala, L50|\n|poke|p2|Koraidon, L50|\n|poke|p2|Whimsicott, L50, M|\n|poke|p2|Flutter Mane, L50|\n|poke|p2|Chi-Yu, L50|\n|poke|p2|Rillaboom, L50, M|\n|teampreview|4\n|showteam|p1|Miraidon||ChoiceSpecs|HadronEngine|ElectroDrift,DracoMeteor,VoltSwitch,DazzlingGleam||||||50|,,,,,Fairy]Farigiraf||ElectricSeed|ArmorTail|FoulPlay,Psychic,TrickRoom,Protect|||F|||50|,,,,,Grass]Kyogre||MysticWater|Drizzle|WaterSpout,OriginPulse,Thunder,Protect||||||50|,,,,,Ghost]Overqwil||FocusSash|SwiftSwim|GunkShot,ThroatChop,AcidSpray,Protect|||M|||50|,,,,,Stellar]Tornadus||CovertCloak|Prankster|Tailwind,BleakwindStorm,Taunt,RainDance|||M|||50|,,,,,Dark]Landorus||LifeOrb|SheerForce|SandsearStorm,SludgeBomb,EarthPower,Protect|||M|||50|,,,,,Steel\n|showteam|p2|Lunala||PowerHerb|ShadowShield|MoongeistBeam,MeteorBeam,WideGuard,HeatWave||||||50|,,,,,Water]Koraidon||ClearAmulet|OrichalcumPulse|FlameCharge,CollisionCourse,FlareBlitz,Protect||||||50|,,,,,Fire]Whimsicott||FocusSash|Prankster|Taunt,Tailwind,Moonblast,Encore|||M|||50|,,,,,Ghost]Flutter Mane||BoosterEnergy|Protosynthesis|Thunder,Moonblast,ShadowBall,Protect||||||50|,,,,,Fairy]Chi-Yu||LifeOrb|BeadsofRuin|DarkPulse,HeatWave,Overheat,Protect||||||50|,,,,,Fire]Rillaboom||AssaultVest|GrassySurge|WoodHammer,GrassyGlide,Uturn,FakeOut|||M|||50|,,,,,Grass\n|inactive|Battle timer is ON: inactive players will automatically lose when time's up. (requested by Weterpete)\n|j| idkloldude\n|inactive|Weterpete has 60 seconds left.\n|\n|t:|1746070178\n|start\n|switch|p1a: Miraidon|Miraidon, L50|100/100\n|switch|p1b: Tornadus|Tornadus, L50, M|100/100\n|switch|p2a: Lunala|Lunala, L50|100/100\n|switch|p2b: Flutter Mane|Flutter Mane, L50|100/100\n|-fieldstart|move: Electric Terrain|[from] ability: Hadron Engine|[of] p1a: Miraidon\n|-enditem|p2b: Flutter Mane|Booster Energy\n|-activate|p2b: Flutter Mane|ability: Protosynthesis|[fromitem]\n|-start|p2b: Flutter Mane|protosynthesisspe\n|turn|1\n|inactive|Weterpete has 30 seconds left.\n|inactive|Weterpete has 20 seconds left.\n|\n|t:|1746070216\n|move|p2b: Flutter Mane|Protect|p2b: Flutter Mane\n|-singleturn|p2b: Flutter Mane|Protect\n|move|p1b: Tornadus|Tailwind|p1b: Tornadus\n|-sidestart|p1: pwendolyn|move: Tailwind\n|move|p1a: Miraidon|Electro Drift|p2b: Flutter Mane\n|-activate|p2b: Flutter Mane|move: Protect\n|move|p2a: Lunala|Meteor Beam||[still]\n|-prepare|p2a: Lunala|Meteor Beam\n|-boost|p2a: Lunala|spa|1\n|-enditem|p2a: Lunala|Power Herb\n|-anim|p2a: Lunala|Meteor Beam|p1a: Miraidon\n|-damage|p1a: Miraidon|38/100\n|\n|upkeep\n|turn|2\n|inactive|Weterpete has 30 seconds left.\n|inactive|Weterpete has 20 seconds left.\n|inactive|Weterpete has 15 seconds left.\n|\n|t:|1746070260\n|-end|p2b: Flutter Mane|Protosynthesis|[silent]\n|switch|p2b: Rillaboom|Rillaboom, L50, M|100/100\n|-fieldstart|move: Grassy Terrain|[from] ability: Grassy Surge|[of] p2b: Rillaboom\n|move|p1b: Tornadus|Taunt|p2a: Lunala\n|-start|p2a: Lunala|move: Taunt\n|move|p1a: Miraidon|Electro Drift|p2b: Rillaboom\n|-resisted|p2b: Rillaboom\n|-damage|p2b: Rillaboom|68/100\n|move|p2a: Lunala|Moongeist Beam|p1b: Tornadus\n|-damage|p1b: Tornadus|0 fnt\n|faint|p1b: Tornadus\n|\n|-heal|p1a: Miraidon|44/100|[from] Grassy Terrain\n|-heal|p2b: Rillaboom|74/100|[from] Grassy Terrain\n|upkeep\n|\n|t:|1746070283\n|switch|p1b: Kyogre|Kyogre, L50|100/100\n|-weather|RainDance|[from] ability: Drizzle|[of] p1b: Kyogre\n|turn|3\n|inactive|Weterpete has 30 seconds left.\n|inactive|Weterpete has 20 seconds left.\n|inactive|Weterpete has 15 seconds left.\n|\n|t:|1746070325\n|switch|p1a: Landorus|Landorus, L50, M|100/100\n|-terastallize|p1b: Kyogre|Ghost\n|move|p2b: Rillaboom|Grassy Glide|p1b: Kyogre\n|-damage|p1b: Kyogre|67/100\n|move|p1b: Kyogre|Water Spout|p2b: Rillaboom|[spread] p2a,p2b\n|-resisted|p2b: Rillaboom\n|-damage|p2a: Lunala|72/100\n|-damage|p2b: Rillaboom|48/100\n|move|p2a: Lunala|Moongeist Beam|p1a: Landorus\n|-damage|p1a: Landorus|0 fnt\n|faint|p1a: Landorus\n|\n|-weather|RainDance|[upkeep]\n|-heal|p1b: Kyogre|72/100|[from] Grassy Terrain\n|-heal|p2a: Lunala|78/100|[from] Grassy Terrain\n|-heal|p2b: Rillaboom|54/100|[from] Grassy Terrain\n|upkeep\n|\n|t:|1746070332\n|switch|p1a: Miraidon|Miraidon, L50|44/100\n|-fieldstart|move: Electric Terrain|[from] ability: Hadron Engine|[of] p1a: Miraidon\n|turn|4\n|\n|t:|1746070355\n|switch|p2b: Koraidon|Koraidon, L50|100/100\n|-weather|SunnyDay|[from] ability: Orichalcum Pulse|[of] p2b: Koraidon\n|-activate|p2b: Koraidon|Orichalcum Pulse|[source]\n|move|p1a: Miraidon|Draco Meteor|p2b: Koraidon\n|-supereffective|p2b: Koraidon\n|-damage|p2b: Koraidon|0 fnt\n|-unboost|p1a: Miraidon|spa|2\n|faint|p2b: Koraidon\n|move|p1b: Kyogre|Water Spout|p2a: Lunala\n|-crit|p2a: Lunala\n|-damage|p2a: Lunala|37/100\n|move|p2a: Lunala|Moongeist Beam|p1a: Miraidon\n|-damage|p1a: Miraidon|0 fnt\n|faint|p1a: Miraidon\n|\n|-weather|SunnyDay|[upkeep]\n|-end|p2a: Lunala|move: Taunt\n|-sideend|p1: pwendolyn|move: Tailwind\n|upkeep\n|\n|t:|1746070372\n|switch|p2b: Flutter Mane|Flutter Mane, L50|100/100\n|-activate|p2b: Flutter Mane|ability: Protosynthesis\n|-start|p2b: Flutter Mane|protosynthesisspe\n|turn|5\n|\n|t:|1746070379\n|move|p2b: Flutter Mane|Shadow Ball|p1b: Kyogre\n|-supereffective|p1b: Kyogre\n|-damage|p1b: Kyogre|19/100\n|-unboost|p1b: Kyogre|spd|1\n|move|p1b: Kyogre|Origin Pulse|p2b: Flutter Mane|[spread] p2a,p2b\n|-damage|p2a: Lunala|16/100\n|-damage|p2b: Flutter Mane|71/100\n|move|p2a: Lunala|Moongeist Beam|p1b: Kyogre\n|-supereffective|p1b: Kyogre\n|-damage|p1b: Kyogre|0 fnt\n|faint|p1b: Kyogre\n|\n|win|Weterpete\n|c|\u2606pwendolyn|ggs\n|c|\u2606Weterpete|gg\n|l| idkloldude\n", "uploadtime": 1746070385, "views": 12, "formatid": "gen9vgc2025regibo3", "rating": null, "private": 0, "password": null}