{"id": "gen9vgc2025regibo3-2354453699", "format": "[Gen 9] VGC 2025 Reg I (Bo3)", "players": ["elunex", "negreira sakamoto"], "log": "|j|\u2606elunex\n|j|\u2606negreira sakamoto\n|html|<table width=\"100%\"><tr><td align=\"left\">elunex</td><td align=\"right\">negreira sakamoto</tr><tr><td align=\"left\"><i class=\"fa fa-circle-o\"></i> <i class=\"fa fa-circle-o\"></i> </td><td align=\"right\"><i class=\"fa fa-circle-o\"></i> <i class=\"fa fa-circle\"></i> </tr></table>\n|uhtml|bestof|<h2><strong>Game 2</strong> of <a href=\"/game-bestof3-gen9vgc2025regibo3-2354452609\">a best-of-3</a></h2>\n|t:|1746073938\n|gametype|doubles\n|player|p1|elunex|169|1223\n|player|p2|negreira sakamoto|102|1096\n|teamsize|p1|6\n|teamsize|p2|6\n|gen|9\n|tier|[Gen 9] VGC 2025 Reg I (Bo3)\n|rated|\n|rule|Species Clause: Limit one of each Pok\u00e9mon\n|rule|Item Clause: Limit 1 of each item\n|clearpoke\n|poke|p1|Zacian-*, L50|\n|poke|p1|Kyogre, L50|\n|poke|p1|Tornadus, L50, M|\n|poke|p1|Farigiraf, L50, M|\n|poke|p1|Weezing, L50, M|\n|poke|p1|Rillaboom, L50, F|\n|poke|p2|Zacian-*, L50|\n|poke|p2|Kyogre, L50|\n|poke|p2|Tornadus, L50, M|\n|poke|p2|Amoonguss, L50, F|\n|poke|p2|Incineroar, L50, F|\n|poke|p2|Urshifu-*, L50, M|\n|teampreview|4\n|showteam|p1|Zacian-Crowned||RustedSword|IntrepidSword|behemothblade,PlayRough,SacredSword,Protect||||||50|,,,,,Fairy]Kyogre||ChoiceScarf|Drizzle|TeraBlast,WaterSpout,OriginPulse,IceBeam||||||50|,,,,,Water]Tornadus||CovertCloak|Prankster|BleakwindStorm,Taunt,RainDance,Tailwind|||M|||50|,,,,,Dark]Farigiraf||AguavBerry|ArmorTail|FoulPlay,HelpingHand,Imprison,TrickRoom|||M|||50|,,,,,Ground]Weezing||SitrusBerry|NeutralizingGas|GunkShot,Taunt,WillOWisp,Protect|||M|||50|,,,,,Dark]Rillaboom||AssaultVest|GrassySurge|WoodHammer,GrassyGlide,HighHorsepower,FakeOut|||F|||50|,,,,,Steel\n|showteam|p2|Zacian-Crowned||RustedSword|IntrepidSword|behemothblade,PlayRough,Substitute,Protect||||||50|,,,,,Fairy]Kyogre||MysticWater|Drizzle|WaterSpout,OriginPulse,IceBeam,Protect||||||50|,,,,,Grass]Tornadus||CovertCloak|Prankster|BleakwindStorm,Tailwind,RainDance,Taunt|||M|||50|,,,,,Dark]Amoonguss||RockyHelmet|Regenerator|PollenPuff,Spore,RagePowder,Protect|||F|||50|,,,,,Steel]Incineroar||SafetyGoggles|Intimidate|KnockOff,FakeOut,WillOWisp,PartingShot|||F|||50|,,,,,Water]Urshifu-Rapid-Strike||ChoiceScarf|UnseenFist|SurgingStrikes,CloseCombat,Uturn,Coaching|||M|||50|,,,,,Ghost\n|inactive|Battle timer is ON: inactive players will automatically lose when time's up. (requested by elunex)\n|inactive|negreira sakamoto has 60 seconds left.\n|\n|t:|1746073970\n|start\n|switch|p1a: Zacian|Zacian-Crowned, L50|100/100\n|switch|p1b: Kyogre|Kyogre, L50|100/100\n|switch|p2a: Kyogre|Kyogre, L50|100/100\n|switch|p2b: Incineroar|Incineroar, L50, F|100/100\n|-weather|RainDance|[from] ability: Drizzle|[of] p1b: Kyogre\n|-ability|p1a: Zacian|Intrepid Sword|boost\n|-boost|p1a: Zacian|atk|1\n|-ability|p2b: Incineroar|Intimidate|boost\n|-unboost|p1a: Zacian|atk|1\n|-unboost|p1b: Kyogre|atk|1\n|turn|1\n|inactive|elunex has 30 seconds left.\n|inactive|negreira sakamoto has 30 seconds left.\n|\n|t:|1746074004\n|switch|p1b: Rillaboom|Rillaboom, L50, F|100/100\n|-fieldstart|move: Grassy Terrain|[from] ability: Grassy Surge|[of] p1b: Rillaboom\n|-terastallize|p2b: Incineroar|Water\n|move|p1a: Zacian|Protect|p1a: Zacian\n|-singleturn|p1a: Zacian|Protect\n|move|p2a: Kyogre|Protect|p2a: Kyogre\n|-singleturn|p2a: Kyogre|Protect\n|move|p2b: Incineroar|Will-O-Wisp|p1a: Zacian\n|-activate|p1a: Zacian|move: Protect\n|\n|-weather|RainDance|[upkeep]\n|upkeep\n|turn|2\n|inactive|elunex has 30 seconds left.\n|inactive|elunex has 20 seconds left.\n|\n|t:|1746074040\n|switch|p2a: Zacian|Zacian-Crowned, L50|100/100\n|-ability|p2a: Zacian|Intrepid Sword|boost\n|-boost|p2a: Zacian|atk|1\n|move|p1a: Zacian|Play Rough|p2a: Zacian\n|-resisted|p2a: Zacian\n|-damage|p2a: Zacian|81/100\n|move|p1b: Rillaboom|Wood Hammer|p2b: Incineroar\n|-supereffective|p2b: Incineroar\n|-damage|p2b: Incineroar|0 fnt\n|faint|p2b: Incineroar\n|-damage|p1b: Rillaboom|69/100|[from] Recoil\n|\n|-weather|RainDance|[upkeep]\n|-heal|p2a: Zacian|87/100|[from] Grassy Terrain\n|-heal|p1b: Rillaboom|74/100|[from] Grassy Terrain\n|upkeep\n|\n|t:|1746074050\n|switch|p2b: Urshifu|Urshifu-Rapid-Strike, L50, M|100/100\n|turn|3\n|inactive|elunex has 30 seconds left.\n|inactive|negreira sakamoto has 30 seconds left.\n|\n|t:|1746074081\n|switch|p1a: Weezing|Weezing, L50, M|100/100\n|-ability|p1a: Weezing|Neutralizing Gas\n|-terastallize|p1b: Rillaboom|Steel\n|move|p2b: Urshifu|Close Combat|p1b: Rillaboom\n|-supereffective|p1b: Rillaboom\n|-damage|p1b: Rillaboom|0 fnt\n|-unboost|p2b: Urshifu|def|1\n|-unboost|p2b: Urshifu|spd|1\n|faint|p1b: Rillaboom\n|move|p2a: Zacian|Substitute|p2a: Zacian\n|-start|p2a: Zacian|Substitute\n|-damage|p2a: Zacian|62/100\n|\n|-weather|RainDance|[upkeep]\n|-heal|p2a: Zacian|68/100|[from] Grassy Terrain\n|upkeep\n|\n|t:|1746074094\n|switch|p1b: Kyogre|Kyogre, L50|100/100\n|turn|4\n|\n|t:|1746074109\n|move|p1b: Kyogre|Origin Pulse|p2a: Zacian|[spread] p2a,p2b\n|-end|p2a: Zacian|Substitute\n|-resisted|p2b: Urshifu\n|-damage|p2b: Urshifu|20/100\n|move|p2b: Urshifu|Close Combat|p1b: Kyogre\n|-damage|p1b: Kyogre|17/100\n|-unboost|p2b: Urshifu|def|1\n|-unboost|p2b: Urshifu|spd|1\n|move|p2a: Zacian|Behemoth Blade|p1b: Kyogre\n|-resisted|p1b: Kyogre\n|-damage|p1b: Kyogre|0 fnt\n|faint|p1b: Kyogre\n|move|p1a: Weezing|Will-O-Wisp|p2a: Zacian\n|-status|p2a: Zacian|brn\n|\n|-weather|RainDance|[upkeep]\n|-heal|p2b: Urshifu|27/100|[from] Grassy Terrain\n|-heal|p2a: Zacian|74/100 brn|[from] Grassy Terrain\n|-damage|p2a: Zacian|68/100 brn|[from] brn\n|upkeep\n|\n|t:|1746074123\n|switch|p1b: Zacian|Zacian-Crowned, L50|100/100\n|turn|5\n|\n|t:|1746074129\n|switch|p2b: Kyogre|Kyogre, L50|100/100\n|move|p1b: Zacian|Protect|p1b: Zacian\n|-singleturn|p1b: Zacian|Protect\n|move|p2a: Zacian|Behemoth Blade|p1b: Zacian\n|-activate|p1b: Zacian|move: Protect\n|move|p1a: Weezing|Gunk Shot|p2b: Kyogre|[miss]\n|-miss|p1a: Weezing|p2b: Kyogre\n|\n|-weather|none\n|-heal|p2a: Zacian|74/100 brn|[from] Grassy Terrain\n|-damage|p2a: Zacian|68/100 brn|[from] brn\n|-fieldend|move: Grassy Terrain\n|upkeep\n|turn|6\n|\n|t:|1746074147\n|move|p1b: Zacian|Play Rough|p2b: Kyogre\n|-damage|p2b: Kyogre|54/100\n|move|p2a: Zacian|Behemoth Blade|p1b: Zacian\n|-damage|p1b: Zacian|59/100\n|move|p2b: Kyogre|Origin Pulse|p1b: Zacian|[spread] p1a,p1b\n|-damage|p1a: Weezing|43/100\n|-damage|p1b: Zacian|8/100\n|-enditem|p1a: Weezing|Sitrus Berry|[eat]\n|-heal|p1a: Weezing|68/100|[from] item: Sitrus Berry\n|move|p1a: Weezing|Gunk Shot|p2b: Kyogre\n|-damage|p2b: Kyogre|16/100\n|-status|p2b: Kyogre|psn\n|\n|-damage|p2b: Kyogre|4/100 psn|[from] psn\n|-damage|p2a: Zacian|62/100 brn|[from] brn\n|upkeep\n|turn|7\n|\n|t:|1746074163\n|move|p1b: Zacian|Protect|p1b: Zacian\n|-singleturn|p1b: Zacian|Protect\n|move|p1a: Weezing|Protect|p1a: Weezing\n|-singleturn|p1a: Weezing|Protect\n|move|p2a: Zacian|Behemoth Blade|p1b: Zacian\n|-activate|p1b: Zacian|move: Protect\n|move|p2b: Kyogre|Water Spout|p1a: Weezing|[spread] \n|-activate|p1a: Weezing|move: Protect\n|-activate|p1b: Zacian|move: Protect\n|\n|-damage|p2b: Kyogre|0 fnt|[from] psn\n|faint|p2b: Kyogre\n|-damage|p2a: Zacian|56/100 brn|[from] brn\n|upkeep\n|\n|t:|1746074166\n|switch|p2b: Urshifu|Urshifu-Rapid-Strike, L50, M|27/100\n|turn|8\n|\n|t:|1746074178\n|move|p2b: Urshifu|Surging Strikes|p1b: Zacian\n|-crit|p1b: Zacian\n|-damage|p1b: Zacian|0 fnt\n|faint|p1b: Zacian\n|-hitcount|p1: Zacian|1\n|move|p2a: Zacian|Behemoth Blade|p1a: Weezing\n|-damage|p1a: Weezing|27/100\n|move|p1a: Weezing|Gunk Shot|p2b: Urshifu\n|-damage|p2b: Urshifu|0 fnt\n|faint|p2b: Urshifu\n|\n|-damage|p2a: Zacian|50/100 brn|[from] brn\n|upkeep\n|turn|9\n|-message|elunex forfeited.\n|\n|win|negreira sakamoto\n|raw|elunex's rating: 1223 &rarr; <strong>1189</strong><br />(-34 for losing)\n|raw|negreira sakamoto's rating: 1096 &rarr; <strong>1131</strong><br />(+35 for winning)\n|l|\u2606elunex\n|player|p1|\n", "uploadtime": 1746074198, "views": 9, "formatid": "gen9vgc2025regibo3", "rating": 1131, "private": 0, "password": null}