{"id": "gen9vgc2025regibo3-2354914222", "format": "[Gen 9] VGC 2025 Reg I (Bo3)", "players": ["DPHgame", "LewBoiiiiiii"], "log": "|j|\u2606DPHgame\n|j|\u2606LewBoiiiiiii\n|html|<table width=\"100%\"><tr><td align=\"left\">DPHgame</td><td align=\"right\">LewBoiiiiiii</tr><tr><td align=\"left\"><i class=\"fa fa-circle-o\"></i> <i class=\"fa fa-circle-o\"></i> </td><td align=\"right\"><i class=\"fa fa-circle-o\"></i> <i class=\"fa fa-circle-o\"></i> </tr></table>\n|uhtml|bestof|<h2><strong>Game 1</strong> of <a href=\"/game-bestof3-gen9vgc2025regibo3-2354914221\">a best-of-3</a></h2>\n|t:|1746131234\n|gametype|doubles\n|player|p1|DPHgame|chuck|\n|player|p2|LewBoiiiiiii|101|\n|teamsize|p1|6\n|teamsize|p2|6\n|gen|9\n|tier|[Gen 9] VGC 2025 Reg I (Bo3)\n|rule|Species Clause: Limit one of each Pok\u00e9mon\n|rule|Item Clause: Limit 1 of each item\n|clearpoke\n|poke|p1|Annihilape, L50, M|\n|poke|p1|Gengar, L50, M|\n|poke|p1|Snorlax, L50, M|\n|poke|p1|Gothitelle, L50, F|\n|poke|p1|Iron Hands, L50|\n|poke|p1|Muk-Alola, L50, F|\n|poke|p2|Miraidon, L50|\n|poke|p2|Calyrex-Ice, L50|\n|poke|p2|Whimsicott, L50, M|\n|poke|p2|Farigiraf, L50, M|\n|poke|p2|Ursaluna-Bloodmoon, L50, M|\n|poke|p2|Incineroar, L50, F|\n|teampreview|4\n|showteam|p1|Annihilape|||Defiant|Metronome|||M|||50|,,,,,Fighting]Gengar|||CursedBody|Metronome|||M|||50|,,,,,Ghost]Snorlax|||ThickFat|Metronome|||M|||50|,,,,,Normal]Gothitelle|||ShadowTag|Metronome|||F|||50|,,,,,Psychic]Iron Hands|||QuarkDrive|Metronome||||||50|,,,,,Fighting]Muk-Alola|||PoisonTouch|Metronome|||F|||50|,,,,,Poison\n|showteam|p2|Miraidon||ChoiceSpecs|HadronEngine|ElectroDrift,VoltSwitch,Discharge,DracoMeteor||||||50|,,,,,Electric]Calyrex-Ice||ClearAmulet|AsOneGlastrier|GlacialLance,HighHorsepower,TrickRoom,Protect||||||50|,,,,,Water]Whimsicott||FocusSash|Prankster|Tailwind,Encore,Protect,Moonblast|||M|||50|,,,,,Ghost]Farigiraf||ElectricSeed|ArmorTail|HelpingHand,Psychic,TrickRoom,FoulPlay|||M|||50|,,,,,Ground]Ursaluna-Bloodmoon||LifeOrb|MindsEye|HyperVoice,BloodMoon,EarthPower,Protect|||M|||50|,,,,,Normal]Incineroar||AssaultVest|Intimidate|FlareBlitz,KnockOff,FakeOut,Uturn|||F|||50|,,,,,Grass\n|\n|t:|1746131315\n|start\n|switch|p1a: Annihilape|Annihilape, L50, M|100/100\n|switch|p1b: Snorlax|Snorlax, L50, M|100/100\n|switch|p2a: I Am Level 50|Whimsicott, L50, M|100/100\n|switch|p2b: Wrestler|Incineroar, L50, F|100/100\n|-ability|p2b: Wrestler|Intimidate|boost\n|-unboost|p1a: Annihilape|atk|1\n|-ability|p1a: Annihilape|Defiant|boost\n|-boost|p1a: Annihilape|atk|2\n|-unboost|p1b: Snorlax|atk|1\n|turn|1\n|\n|t:|1746131333\n|move|p2b: Wrestler|Fake Out|p1b: Snorlax\n|-damage|p1b: Snorlax|91/100\n|move|p2a: I Am Level 50|Tailwind|p2a: I Am Level 50\n|-sidestart|p2: LewBoiiiiiii|move: Tailwind\n|move|p1a: Annihilape|Metronome|p1a: Annihilape\n|move|p1a: Annihilape|Seed Flare|p2b: Wrestler|[from] move: Metronome\n|-resisted|p2b: Wrestler\n|-damage|p2b: Wrestler|96/100\n|cant|p1b: Snorlax|flinch\n|\n|upkeep\n|turn|2\n|\n|t:|1746131354\n|move|p2a: I Am Level 50|Moonblast|p1a: Annihilape\n|-supereffective|p1a: Annihilape\n|-damage|p1a: Annihilape|48/100\n|move|p2b: Wrestler|Flare Blitz|p1b: Snorlax\n|-damage|p1b: Snorlax|67/100\n|-damage|p2b: Wrestler|86/100|[from] Recoil\n|move|p1a: Annihilape|Metronome|p1a: Annihilape\n|move|p1a: Annihilape|Dire Claw|p2a: I Am Level 50|[from] move: Metronome\n|-supereffective|p2a: I Am Level 50\n|-enditem|p2a: I Am Level 50|Focus Sash\n|-damage|p2a: I Am Level 50|1/100\n|move|p1b: Snorlax|Metronome|p1b: Snorlax\n|move|p1b: Snorlax|Dream Eater|p2b: Wrestler|[from] move: Metronome\n|-immune|p2b: Wrestler\n|\n|upkeep\n|turn|3\n|\n|t:|1746131371\n|move|p2a: I Am Level 50|Moonblast|p1a: Annihilape\n|-supereffective|p1a: Annihilape\n|-damage|p1a: Annihilape|0 fnt\n|faint|p1a: Annihilape\n|move|p2b: Wrestler|Flare Blitz|p1b: Snorlax\n|-damage|p1b: Snorlax|43/100\n|-damage|p2b: Wrestler|75/100|[from] Recoil\n|move|p1b: Snorlax|Metronome|p1b: Snorlax\n|move|p1b: Snorlax|Zen Headbutt|p2a: I Am Level 50|[from] move: Metronome\n|-damage|p2a: I Am Level 50|0 fnt\n|faint|p2a: I Am Level 50\n|\n|upkeep\n|\n|t:|1746131386\n|switch|p2a: Georgina|Farigiraf, L50, M|100/100\n|switch|p1a: Gengar|Gengar, L50, M|100/100\n|turn|4\n|\n|t:|1746131405\n|move|p2b: Wrestler|Flare Blitz|p1b: Snorlax\n|-damage|p1b: Snorlax|23/100\n|-damage|p2b: Wrestler|66/100|[from] Recoil\n|move|p2a: Georgina|Psychic|p1a: Gengar\n|-supereffective|p1a: Gengar\n|-damage|p1a: Gengar|10/100\n|move|p1a: Gengar|Metronome|p1a: Gengar\n|move|p1a: Gengar|Ice Hammer|p2b: Wrestler|[from] move: Metronome\n|-resisted|p2b: Wrestler\n|-damage|p2b: Wrestler|60/100\n|-unboost|p1a: Gengar|spe|1\n|move|p1b: Snorlax|Metronome|p1b: Snorlax\n|move|p1b: Snorlax|Doom Desire|p2a: Georgina|[from] move: Metronome\n|-start|p1b: Snorlax|Doom Desire\n|\n|-sideend|p2: LewBoiiiiiii|move: Tailwind\n|upkeep\n|turn|5\n|\n|t:|1746131427\n|switch|p1a: Gothitelle|Gothitelle, L50, F|100/100\n|move|p2b: Wrestler|Flare Blitz|p1b: Snorlax\n|-damage|p1b: Snorlax|1/100\n|-damage|p2b: Wrestler|51/100|[from] Recoil\n|move|p2a: Georgina|Psychic|p1a: Gothitelle\n|-resisted|p1a: Gothitelle\n|-damage|p1a: Gothitelle|86/100\n|move|p1b: Snorlax|Metronome|p1b: Snorlax\n|move|p1b: Snorlax|Dragon Rush|p2a: Georgina|[from] move: Metronome\n|-damage|p2a: Georgina|84/100\n|\n|upkeep\n|turn|6\n|\n|t:|1746131447\n|move|p2b: Wrestler|Knock Off|p1a: Gothitelle\n|-supereffective|p1a: Gothitelle\n|-damage|p1a: Gothitelle|36/100\n|move|p2a: Georgina|Psychic|p1b: Snorlax\n|-damage|p1b: Snorlax|0 fnt\n|faint|p1b: Snorlax\n|move|p1a: Gothitelle|Metronome|p1a: Gothitelle\n|move|p1a: Gothitelle|Attract|p2a: Georgina|[from] move: Metronome\n|-start|p2a: Georgina|Attract\n|\n|-end|p2a: Georgina|move: Doom Desire\n|-damage|p2a: Georgina|67/100\n|upkeep\n|\n|t:|1746131457\n|switch|p1b: Gengar|Gengar, L50, M|10/100\n|turn|7\n|\n|t:|1746131467\n|move|p1b: Gengar|Metronome|p1b: Gengar\n|move|p1b: Gengar|Spin Out|p2a: Georgina|[from] move: Metronome\n|-damage|p2a: Georgina|53/100\n|-unboost|p1b: Gengar|spe|2\n|move|p2b: Wrestler|Knock Off|p1a: Gothitelle\n|-supereffective|p1a: Gothitelle\n|-damage|p1a: Gothitelle|0 fnt\n|faint|p1a: Gothitelle\n|-end|p2a: Georgina|Attract|[silent]\n|move|p2a: Georgina|Psychic|p1b: Gengar\n|-supereffective|p1b: Gengar\n|-damage|p1b: Gengar|0 fnt\n|-start|p2a: Georgina|Disable|Psychic|[from] ability: Cursed Body|[of] p1b: Gengar\n|faint|p1b: Gengar\n|\n|win|LewBoiiiiiii\n||DPHgame is ready for game 2.\n||LewBoiiiiiii is ready for game 2.\n|uhtml|next|Next: <a href=\"/battle-gen9vgc2025regibo3-2354916631\"><strong>Game 2 of 3</strong></a>\n", "uploadtime": 1746131808, "views": 5, "formatid": "gen9vgc2025regibo3", "rating": null, "private": 0, "password": null}