{"id": "gen9vgc2025regibo3-2354872750", "format": "[Gen 9] VGC 2025 Reg I (Bo3)", "players": ["NegaiFreak", "DigitalWolf"], "log": "|j|\u2606NegaiFreak\n|j|\u2606DigitalWolf\n|html|<table width=\"100%\"><tr><td align=\"left\">NegaiFreak</td><td align=\"right\">DigitalWolf</tr><tr><td align=\"left\"><i class=\"fa fa-circle\"></i> <i class=\"fa fa-circle-o\"></i> </td><td align=\"right\"><i class=\"fa fa-circle-o\"></i> <i class=\"fa fa-circle\"></i> </tr></table>\n|uhtml|bestof|<h2><strong>Game 3</strong> of <a href=\"/game-bestof3-gen9vgc2025regibo3-2354863448\">a best-of-3</a></h2>\n|t:|1746127255\n|gametype|doubles\n|player|p1|NegaiFreak|170|1150\n|player|p2|DigitalWolf|1|1228\n|teamsize|p1|6\n|teamsize|p2|6\n|gen|9\n|tier|[Gen 9] VGC 2025 Reg I (Bo3)\n|rated|\n|rule|Species Clause: Limit one of each Pok\u00e9mon\n|rule|Item Clause: Limit 1 of each item\n|clearpoke\n|poke|p1|Lunala, L50|\n|poke|p1|Koraidon, L50|\n|poke|p1|Ogerpon-Hearthflame, L50, F|\n|poke|p1|Farigiraf, L50, M|\n|poke|p1|Incineroar, L50, M|\n|poke|p1|Rillaboom, L50, F|\n|poke|p2|Zacian-*, L50|\n|poke|p2|Kyogre, L50|\n|poke|p2|Tornadus, L50, M|\n|poke|p2|Amoonguss, L50, F|\n|poke|p2|Incineroar, L50, F|\n|poke|p2|Urshifu-*, L50, M|\n|teampreview|4\n|showteam|p1|Lunala||Leftovers|ShadowShield|MoongeistBeam,Moonblast,CalmMind,Protect||||||50|,,,,,Fairy]Koraidon||ClearAmulet|OrichalcumPulse|FlameCharge,CollisionCourse,FlareBlitz,Protect||||||50|,,,,,Fire]Ogerpon-Hearthflame||HearthflameMask|MoldBreaker|IvyCudgel,WoodHammer,FollowMe,SpikyShield|||F|||50|,,,,,Fire]Farigiraf||ThroatSpray|ArmorTail|TrickRoom,Psychic,HelpingHand,HyperVoice|||M|||50|,,,,,Water]Incineroar||SafetyGoggles|Intimidate|FakeOut,FlareBlitz,KnockOff,PartingShot|||M|||50|,,,,,Ghost]Rillaboom||AssaultVest|GrassySurge|FakeOut,GrassyGlide,WoodHammer,Uturn|||F|||50|,,,,,Fire\n|showteam|p2|Zacian-Crowned||RustedSword|IntrepidSword|behemothblade,PlayRough,TeraBlast,Protect||||||50|,,,,,Ground]Kyogre||AssaultVest|Drizzle|WaterSpout,OriginPulse,IceBeam,Thunder||||||50|,,,,,Grass]Tornadus||RockyHelmet|Prankster|BleakwindStorm,Tailwind,RainDance,Taunt|||M|||50|,,,,,Dark]Amoonguss||SitrusBerry|Regenerator|PollenPuff,Spore,RagePowder,Protect|||F|||50|,,,,,Steel]Incineroar||SafetyGoggles|Intimidate|KnockOff,FakeOut,FlareBlitz,PartingShot|||F|||50|,,,,,Ghost]Urshifu||FocusSash|UnseenFist|SuckerPunch,WickedBlow,CloseCombat,Detect|||M|||50|,,,,,Normal\n|inactive|Battle timer is ON: inactive players will automatically lose when time's up. (requested by NegaiFreak)\n|inactive|DigitalWolf has 60 seconds left.\n|\n|t:|1746127360\n|start\n|switch|p1a: Rillaboom|Rillaboom, L50, F|100/100\n|switch|p1b: Lunala|Lunala, L50|100/100\n|switch|p2a: Kyogre|Kyogre, L50|100/100\n|switch|p2b: Incineroar|Incineroar, L50, F|100/100\n|-weather|RainDance|[from] ability: Drizzle|[of] p2a: Kyogre\n|-fieldstart|move: Grassy Terrain|[from] ability: Grassy Surge|[of] p1a: Rillaboom\n|-ability|p2b: Incineroar|Intimidate|boost\n|-unboost|p1a: Rillaboom|atk|1\n|-unboost|p1b: Lunala|atk|1\n|turn|1\n|inactive|NegaiFreak has 30 seconds left.\n|inactive|DigitalWolf has 30 seconds left.\n|inactive|NegaiFreak has 20 seconds left.\n|inactive|DigitalWolf has 20 seconds left.\n|inactive|NegaiFreak has 15 seconds left.\n|inactive|DigitalWolf has 15 seconds left.\n|\n|t:|1746127404\n|-terastallize|p1b: Lunala|Fairy\n|-terastallize|p2a: Kyogre|Grass\n|move|p1a: Rillaboom|Fake Out|p2a: Kyogre\n|-crit|p2a: Kyogre\n|-damage|p2a: Kyogre|81/100\n|move|p1b: Lunala|Calm Mind|p1b: Lunala\n|-boost|p1b: Lunala|spa|1\n|-boost|p1b: Lunala|spd|1\n|cant|p2a: Kyogre|flinch\n|move|p2b: Incineroar|Knock Off|p1b: Lunala\n|-resisted|p1b: Lunala\n|-damage|p1b: Lunala|94/100\n|-enditem|p1b: Lunala|Leftovers|[from] move: Knock Off|[of] p2b: Incineroar\n|\n|-weather|RainDance|[upkeep]\n|-heal|p1b: Lunala|99/100|[from] Grassy Terrain\n|-heal|p2a: Kyogre|87/100|[from] Grassy Terrain\n|upkeep\n|turn|2\n|inactive|DigitalWolf has 30 seconds left.\n|\n|t:|1746127434\n|move|p1b: Lunala|Calm Mind|p1b: Lunala\n|-boost|p1b: Lunala|spa|1\n|-boost|p1b: Lunala|spd|1\n|move|p2a: Kyogre|Water Spout|p1b: Lunala|[spread] p1a,p1b\n|-resisted|p1a: Rillaboom\n|-damage|p1a: Rillaboom|70/100\n|-damage|p1b: Lunala|69/100\n|move|p1a: Rillaboom|U-turn|p2a: Kyogre\n|-supereffective|p2a: Kyogre\n|-damage|p2a: Kyogre|61/100\n|\n|t:|1746127444\n|switch|p1a: Koraidon|Koraidon, L50|100/100|[from] U-turn\n|-weather|SunnyDay|[from] ability: Orichalcum Pulse|[of] p1a: Koraidon\n|-activate|p1a: Koraidon|Orichalcum Pulse|[source]\n|move|p2b: Incineroar|Parting Shot|p1b: Lunala\n|-unboost|p1b: Lunala|atk|1\n|-unboost|p1b: Lunala|spa|1\n|\n|t:|1746127451\n|switch|p2b: Tornadus|Tornadus, L50, M|100/100|[from] Parting Shot\n|\n|-weather|SunnyDay|[upkeep]\n|-heal|p1b: Lunala|76/100|[from] Grassy Terrain\n|-heal|p2a: Kyogre|67/100|[from] Grassy Terrain\n|upkeep\n|turn|3\n|inactive|DigitalWolf has 30 seconds left.\n|inactive|NegaiFreak has 30 seconds left.\n|inactive|DigitalWolf has 20 seconds left.\n|\n|t:|1746127490\n|switch|p1a: Farigiraf|Farigiraf, L50, M|100/100\n|move|p2b: Tornadus|Rain Dance|p2b: Tornadus\n|-weather|RainDance\n|move|p1b: Lunala|Moongeist Beam|p2a: Kyogre\n|-damage|p2a: Kyogre|33/100\n|move|p2a: Kyogre|Origin Pulse|p1b: Lunala|[spread] p1a,p1b\n|-damage|p1a: Farigiraf|42/100\n|-damage|p1b: Lunala|50/100\n|\n|-weather|RainDance|[upkeep]\n|-heal|p1b: Lunala|56/100|[from] Grassy Terrain\n|-heal|p2a: Kyogre|39/100|[from] Grassy Terrain\n|-heal|p1a: Farigiraf|48/100|[from] Grassy Terrain\n|upkeep\n|turn|4\n|inactive|NegaiFreak has 30 seconds left.\n|inactive|DigitalWolf has 30 seconds left.\n|inactive|NegaiFreak has 20 seconds left.\n|inactive|DigitalWolf has 20 seconds left.\n|inactive|NegaiFreak has 15 seconds left.\n|inactive|DigitalWolf has 15 seconds left.\n|inactive|NegaiFreak has 10 seconds left.\n|\n|t:|1746127536\n|move|p1a: Farigiraf|Helping Hand|p1b: Lunala\n|-singleturn|p1b: Lunala|Helping Hand|[of] p1a: Farigiraf\n|move|p2b: Tornadus|Rain Dance||[still]\n|-fail|p2b: Tornadus\n|move|p1b: Lunala|Moonblast|p2a: Kyogre\n|-damage|p2a: Kyogre|0 fnt\n|faint|p2a: Kyogre\n|\n|-weather|RainDance|[upkeep]\n|-heal|p1b: Lunala|63/100|[from] Grassy Terrain\n|-heal|p1a: Farigiraf|54/100|[from] Grassy Terrain\n|upkeep\n|\n|t:|1746127545\n|switch|p2a: Zacian|Zacian-Crowned, L50|100/100\n|-ability|p2a: Zacian|Intrepid Sword|boost\n|-boost|p2a: Zacian|atk|1\n|turn|5\n|\n|t:|1746127569\n|move|p1b: Lunala|Protect|p1b: Lunala\n|-singleturn|p1b: Lunala|Protect\n|move|p2a: Zacian|Behemoth Blade|p1b: Lunala\n|-activate|p1b: Lunala|move: Protect\n|move|p2b: Tornadus|Bleakwind Storm|p1b: Lunala|[spread] p1a\n|-activate|p1b: Lunala|move: Protect\n|-damage|p1a: Farigiraf|27/100\n|-unboost|p1a: Farigiraf|spe|1\n|move|p1a: Farigiraf|Trick Room|p1a: Farigiraf\n|-fieldstart|move: Trick Room|[of] p1a: Farigiraf\n|\n|-weather|RainDance|[upkeep]\n|-heal|p1a: Farigiraf|34/100|[from] Grassy Terrain\n|-heal|p1b: Lunala|69/100|[from] Grassy Terrain\n|-fieldend|move: Grassy Terrain\n|upkeep\n|turn|6\n|inactive|DigitalWolf has 30 seconds left.\n|inactive|DigitalWolf has 20 seconds left.\n|inactive|NegaiFreak has 30 seconds left.\n|inactive|DigitalWolf has 15 seconds left.\n|\n|t:|1746127614\n|switch|p2b: Incineroar|Incineroar, L50, F|100/100\n|-ability|p2b: Incineroar|Intimidate|boost\n|-unboost|p1a: Farigiraf|atk|1\n|-unboost|p1b: Lunala|atk|1\n|move|p1a: Farigiraf|Hyper Voice|p2b: Incineroar|[spread] p2a,p2b\n|-resisted|p2a: Zacian\n|-damage|p2a: Zacian|90/100\n|-damage|p2b: Incineroar|77/100\n|-enditem|p1a: Farigiraf|Throat Spray\n|-boost|p1a: Farigiraf|spa|1|[from] item: Throat Spray\n|move|p1b: Lunala|Moongeist Beam|p2b: Incineroar\n|-resisted|p2b: Incineroar\n|-damage|p2b: Incineroar|44/100\n|move|p2a: Zacian|Behemoth Blade|p1b: Lunala\n|-supereffective|p1b: Lunala\n|-damage|p1b: Lunala|0 fnt\n|faint|p1b: Lunala\n|\n|-weather|RainDance|[upkeep]\n|upkeep\n|\n|t:|1746127636\n|switch|p1b: Koraidon|Koraidon, L50|100/100\n|-weather|SunnyDay|[from] ability: Orichalcum Pulse|[of] p1b: Koraidon\n|-activate|p1b: Koraidon|Orichalcum Pulse|[source]\n|turn|7\n|inactive|DigitalWolf has 30 seconds left.\n|\n|t:|1746127668\n|move|p2a: Zacian|Protect|p2a: Zacian\n|-singleturn|p2a: Zacian|Protect\n|move|p1a: Farigiraf|Hyper Voice|p2b: Incineroar|[spread] p2b\n|-activate|p2a: Zacian|move: Protect\n|-damage|p2b: Incineroar|12/100\n|move|p2b: Incineroar|Knock Off|p1a: Farigiraf\n|-supereffective|p1a: Farigiraf\n|-damage|p1a: Farigiraf|0 fnt\n|faint|p1a: Farigiraf\n|move|p1b: Koraidon|Flare Blitz|p2a: Zacian\n|-activate|p2a: Zacian|move: Protect\n|\n|-weather|SunnyDay|[upkeep]\n|upkeep\n|\n|t:|1746127672\n|switch|p1a: Rillaboom|Rillaboom, L50, F|70/100\n|-fieldstart|move: Grassy Terrain|[from] ability: Grassy Surge|[of] p1a: Rillaboom\n|turn|8\n|inactive|DigitalWolf has 30 seconds left.\n|inactive|DigitalWolf has 20 seconds left.\n|inactive|DigitalWolf has 15 seconds left.\n|inactive|DigitalWolf has 10 seconds left.\n|\n|t:|1746127718\n|switch|p2a: Tornadus|Tornadus, L50, M|100/100\n|move|p2b: Incineroar|Parting Shot|p1b: Koraidon\n|-fail|p1b: Koraidon|unboost|[from] item: Clear Amulet|[of] p1b: Koraidon\n|move|p1a: Rillaboom|U-turn|p2b: Incineroar\n|-damage|p2b: Incineroar|0 fnt\n|faint|p2b: Incineroar\n|move|p1b: Koraidon|Flare Blitz|p2a: Tornadus\n|-damage|p2a: Tornadus|13/100\n|-damage|p1b: Koraidon|84/100|[from] item: Rocky Helmet|[of] p2a: Tornadus\n|-damage|p1b: Koraidon|54/100|[from] Recoil\n|\n|-weather|SunnyDay|[upkeep]\n|-heal|p1a: Rillaboom|76/100|[from] Grassy Terrain\n|-heal|p1b: Koraidon|59/100|[from] Grassy Terrain\n|upkeep\n|\n|t:|1746127733\n|switch|p2b: Zacian|Zacian-Crowned, L50|90/100\n|turn|9\n|\n|t:|1746127750\n|move|p2b: Zacian|Protect|p2b: Zacian\n|-singleturn|p2b: Zacian|Protect\n|move|p1a: Rillaboom|Grassy Glide|p2a: Tornadus\n|-resisted|p2a: Tornadus\n|-damage|p2a: Tornadus|0 fnt\n|-damage|p1a: Rillaboom|60/100|[from] item: Rocky Helmet|[of] p2a: Tornadus\n|faint|p2a: Tornadus\n|move|p1b: Koraidon|Flare Blitz|p2b: Zacian\n|-activate|p2b: Zacian|move: Protect\n|\n|-weather|SunnyDay|[upkeep]\n|-heal|p1a: Rillaboom|66/100|[from] Grassy Terrain\n|-heal|p1b: Koraidon|65/100|[from] Grassy Terrain\n|-heal|p2b: Zacian|96/100|[from] Grassy Terrain\n|-fieldend|move: Trick Room\n|upkeep\n|turn|10\n|inactive|DigitalWolf has 30 seconds left.\n|\n|t:|1746127776\n|move|p1b: Koraidon|Protect|p1b: Koraidon\n|-singleturn|p1b: Koraidon|Protect\n|move|p2b: Zacian|Play Rough|p1b: Koraidon\n|-activate|p1b: Koraidon|move: Protect\n|move|p1a: Rillaboom|Wood Hammer|p2b: Zacian\n|-resisted|p2b: Zacian\n|-damage|p2b: Zacian|61/100\n|-damage|p1a: Rillaboom|54/100|[from] Recoil\n|\n|-weather|SunnyDay|[upkeep]\n|-heal|p2b: Zacian|67/100|[from] Grassy Terrain\n|-heal|p1b: Koraidon|71/100|[from] Grassy Terrain\n|-heal|p1a: Rillaboom|60/100|[from] Grassy Terrain\n|upkeep\n|turn|11\n|\n|t:|1746127791\n|move|p2b: Zacian|Play Rough|p1b: Koraidon\n|-supereffective|p1b: Koraidon\n|-damage|p1b: Koraidon|0 fnt\n|faint|p1b: Koraidon\n|move|p1a: Rillaboom|Wood Hammer|p2b: Zacian\n|-resisted|p2b: Zacian\n|-damage|p2b: Zacian|35/100\n|-damage|p1a: Rillaboom|49/100|[from] Recoil\n|\n|-weather|none\n|-heal|p2b: Zacian|41/100|[from] Grassy Terrain\n|-heal|p1a: Rillaboom|55/100|[from] Grassy Terrain\n|upkeep\n|turn|12\n|c|\u2606NegaiFreak|GG, WP\n|inactive|NegaiFreak has 30 seconds left.\n|c|\u2606NegaiFreak|I can\u2019t believe that\n|c|\u2606DigitalWolf|why didnt you tera?\n|c|\u2606DigitalWolf|gg\n|inactive|NegaiFreak has 20 seconds left.\n|inactive|NegaiFreak has 15 seconds left.\n|c|\u2606NegaiFreak|I didn\u2019t have Tera!\n|inactive|NegaiFreak has 10 seconds left.\n|\n|t:|1746127840\n|move|p2b: Zacian|Behemoth Blade|p1a: Rillaboom\n|-damage|p1a: Rillaboom|5/100\n|move|p1a: Rillaboom|Wood Hammer|p2b: Zacian\n|-resisted|p2b: Zacian\n|-damage|p2b: Zacian|8/100\n|-damage|p1a: Rillaboom|0 fnt|[from] Recoil\n|faint|p1a: Rillaboom\n|\n|win|DigitalWolf\n|raw|NegaiFreak's rating: 1150 &rarr; <strong>1131</strong><br />(-19 for losing)\n|raw|DigitalWolf's rating: 1228 &rarr; <strong>1247</strong><br />(+19 for winning)\n|c|\u2606DigitalWolf|gg\n|c|\u2606NegaiFreak|Piss off\n|c|\u2606DigitalWolf|wait did you tera this game?\n|c|\u2606NegaiFreak|Literally used it turn one\n", "uploadtime": 1746127857, "views": 5, "formatid": "gen9vgc2025regibo3", "rating": 1131, "private": 0, "password": null}