{"id": "gen9vgc2025regibo3-2354456677", "format": "[Gen 9] VGC 2025 Reg I (Bo3)", "players": ["pantsuit", "McDubbieEnthusiast"], "log": "|j|\u2606pantsuit\n|j|\u2606McDubbieEnthusiast\n|html|<table width=\"100%\"><tr><td align=\"left\">pantsuit</td><td align=\"right\">McDubbieEnthusiast</tr><tr><td align=\"left\"><i class=\"fa fa-circle-o\"></i> <i class=\"fa fa-circle-o\"></i> </td><td align=\"right\"><i class=\"fa fa-circle-o\"></i> <i class=\"fa fa-circle-o\"></i> </tr></table>\n|uhtml|bestof|<h2><strong>Game 1</strong> of <a href=\"/game-bestof3-gen9vgc2025regibo3-2354456676\">a best-of-3</a></h2>\n|t:|1746074416\n|gametype|doubles\n|player|p1|pantsuit|102|1319\n|player|p2|McDubbieEnthusiast|kimonogirl|1243\n|teamsize|p1|6\n|teamsize|p2|6\n|gen|9\n|tier|[Gen 9] VGC 2025 Reg I (Bo3)\n|rated|\n|rule|Species Clause: Limit one of each Pok\u00e9mon\n|rule|Item Clause: Limit 1 of each item\n|clearpoke\n|poke|p1|Koraidon, L50|\n|poke|p1|Lunala, L50|\n|poke|p1|Chi-Yu, L50|\n|poke|p1|Ursaluna, L50, F|\n|poke|p1|Brute Bonnet, L50|\n|poke|p1|Flutter Mane, L50|\n|poke|p2|Calyrex-Ice, L50|\n|poke|p2|Lunala, L50|\n|poke|p2|Indeedee-F, L50, F|\n|poke|p2|Ursaluna, L50, F|\n|poke|p2|Smeargle, L50, F|\n|poke|p2|Zapdos-Galar, L50|\n|teampreview|4\n|showteam|p1|Koraidon||LifeOrb|OrichalcumPulse|FlareBlitz,FlameCharge,CloseCombat,Protect||||||50|,,,,,Fire]Lunala||PowerHerb|ShadowShield|MoongeistBeam,MeteorBeam,WideGuard,TrickRoom||||||50|,,,,,Water]Chi-Yu||ChoiceScarf|BeadsofRuin|Overheat,HeatWave,DarkPulse,Snarl||||||50|,,,,,Ghost]Ursaluna||FlameOrb|Guts|Facade,Earthquake,HeadlongRush,Protect|||F|||50|,,,,,Water]Brute Bonnet||CovertCloak|Protosynthesis|SeedBomb,SuckerPunch,Spore,RagePowder||||||50|,,,,,Water]Flutter Mane||FocusSash|Protosynthesis|Moonblast,IcyWind,ShadowBall,Protect||||||50|,,,,,Normal\n|showteam|p2|Calyrex-Ice||NeverMeltIce|AsOneGlastrier|GlacialLance,CloseCombat,TrickRoom,Protect||||||50|,,,,,Fire]Lunala||PowerHerb|ShadowShield|MoongeistBeam,Moonblast,MeteorBeam,TrickRoom||||||50|,,,,,Fairy]Indeedee-F||PsychicSeed|PsychicSurge|Psychic,TrickRoom,FollowMe,HealPulse|||F|||50|,,,,,Water]Ursaluna||FlameOrb|Guts|Facade,HeadlongRush,Earthquake,Protect|||F|||50|,,,,,Bug]Smeargle||FocusSash|OwnTempo|FakeOut,Spore,FollowMe,Decorate|||F|||50|,,,,,Grass]Zapdos-Galar||PowerBracer|Defiant|BraveBird,ThunderousKick,QuickGuard,Coaching||||||50|,,,,,Grass\n|inactive|Battle timer is ON: inactive players will automatically lose when time's up. (requested by pantsuit)\n|inactive|McDubbieEnthusiast has 60 seconds left.\n|inactive|McDubbieEnthusiast has 30 seconds left.\n|inactive|McDubbieEnthusiast has 20 seconds left.\n|inactive|McDubbieEnthusiast has 15 seconds left.\n|inactive|McDubbieEnthusiast has 10 seconds left.\n|inactive|McDubbieEnthusiast has 5 seconds left.\n|\n|t:|1746074590\n|start\n|switch|p1a: Brute Bonnet|Brute Bonnet, L50|100/100\n|switch|p1b: Lunala|Lunala, L50|100/100\n|switch|p2a: Lunala|Lunala, L50|100/100\n|switch|p2b: Indeedee|Indeedee-F, L50, F|100/100\n|-fieldstart|move: Psychic Terrain|[from] ability: Psychic Surge|[of] p2b: Indeedee\n|-enditem|p2b: Indeedee|Psychic Seed\n|-boost|p2b: Indeedee|spd|1|[from] item: Psychic Seed\n|turn|1\n|inactive|pantsuit has 30 seconds left.\n|inactive|McDubbieEnthusiast has 30 seconds left.\n|inactive|McDubbieEnthusiast has 20 seconds left.\n|inactive|McDubbieEnthusiast has 15 seconds left.\n|inactive|McDubbieEnthusiast has 10 seconds left.\n|inactive|McDubbieEnthusiast has 5 seconds left.\n|\n|t:|1746074641\n|move|p2b: Indeedee|Follow Me|p2b: Indeedee\n|-singleturn|p2b: Indeedee|move: Follow Me\n|move|p1b: Lunala|Meteor Beam||[still]\n|-prepare|p1b: Lunala|Meteor Beam\n|-boost|p1b: Lunala|spa|1\n|-enditem|p1b: Lunala|Power Herb\n|-anim|p1b: Lunala|Meteor Beam|p2b: Indeedee\n|-damage|p2b: Indeedee|54/100\n|move|p1a: Brute Bonnet|Spore|p2b: Indeedee\n|-status|p2b: Indeedee|slp|[from] move: Spore\n|move|p2a: Lunala|Trick Room|p2a: Lunala\n|-fieldstart|move: Trick Room|[of] p2a: Lunala\n|\n|upkeep\n|turn|2\n|inactive|pantsuit has 30 seconds left.\n|inactive|McDubbieEnthusiast has 30 seconds left.\n|inactive|pantsuit has 20 seconds left.\n|inactive|pantsuit has 15 seconds left.\n|inactive|McDubbieEnthusiast has 20 seconds left.\n|\n|t:|1746074683\n|switch|p2a: THICCTHICCLY|Ursaluna, L50, F|100/100\n|move|p1a: Brute Bonnet|Spore|p2a: THICCTHICCLY\n|-status|p2a: THICCTHICCLY|slp|[from] move: Spore\n|cant|p2b: Indeedee|slp\n|move|p1b: Lunala|Moongeist Beam|p2a: THICCTHICCLY\n|-immune|p2a: THICCTHICCLY\n|\n|upkeep\n|turn|3\n|\n|t:|1746074700\n|-curestatus|p2b: Indeedee|slp|[msg]\n|move|p2b: Indeedee|Follow Me|p2b: Indeedee\n|-singleturn|p2b: Indeedee|move: Follow Me\n|cant|p2a: THICCTHICCLY|slp\n|move|p1a: Brute Bonnet|Seed Bomb|p2b: Indeedee\n|-damage|p2b: Indeedee|23/100\n|move|p1b: Lunala|Meteor Beam||[still]\n|-prepare|p1b: Lunala|Meteor Beam\n|-boost|p1b: Lunala|spa|1\n|\n|upkeep\n|turn|4\n|inactive|McDubbieEnthusiast has 30 seconds left.\n|\n|t:|1746074734\n|-curestatus|p2a: THICCTHICCLY|slp|[msg]\n|move|p2a: THICCTHICCLY|Earthquake|p1b: Lunala|[spread] p2b,p1a,p1b\n|-resisted|p1a: Brute Bonnet\n|-damage|p2b: Indeedee|0 fnt\n|-damage|p1a: Brute Bonnet|86/100\n|-damage|p1b: Lunala|78/100\n|faint|p2b: Indeedee\n|move|p1a: Brute Bonnet|Seed Bomb|p2a: THICCTHICCLY\n|-supereffective|p2a: THICCTHICCLY\n|-damage|p2a: THICCTHICCLY|55/100\n|move|p1b: Lunala|Meteor Beam|p2a: THICCTHICCLY|[from] lockedmove\n|-resisted|p2a: THICCTHICCLY\n|-damage|p2a: THICCTHICCLY|10/100\n|\n|-status|p2a: THICCTHICCLY|brn|[from] item: Flame Orb\n|upkeep\n|\n|t:|1746074744\n|switch|p2b: Calyrex|Calyrex-Ice, L50|100/100\n|-ability|p2b: Calyrex|As One\n|-ability|p2b: Calyrex|Unnerve\n|turn|5\n|\n|t:|1746074766\n|move|p1b: Lunala|Wide Guard|p1b: Lunala\n|-singleturn|p1b: Lunala|Wide Guard\n|move|p2a: THICCTHICCLY|Headlong Rush|p1b: Lunala\n|-damage|p1b: Lunala|0 fnt\n|-unboost|p2a: THICCTHICCLY|def|1\n|-unboost|p2a: THICCTHICCLY|spd|1\n|faint|p1b: Lunala\n|move|p2b: Calyrex|Glacial Lance|p1a: Brute Bonnet\n|-activate|p1a: Brute Bonnet|move: Wide Guard\n|move|p1a: Brute Bonnet|Seed Bomb|p2a: THICCTHICCLY\n|-supereffective|p2a: THICCTHICCLY\n|-crit|p2a: THICCTHICCLY\n|-damage|p2a: THICCTHICCLY|0 fnt\n|faint|p2a: THICCTHICCLY\n|\n|-fieldend|move: Trick Room\n|-fieldend|move: Psychic Terrain\n|upkeep\n|\n|t:|1746074781\n|switch|p1b: Koraidon|Koraidon, L50|100/100\n|switch|p2a: Lunala|Lunala, L50|100/100\n|-weather|SunnyDay|[from] ability: Orichalcum Pulse|[of] p1b: Koraidon\n|-activate|p1a: Brute Bonnet|ability: Protosynthesis\n|-start|p1a: Brute Bonnet|protosynthesisdef\n|-activate|p1b: Koraidon|Orichalcum Pulse|[source]\n|turn|6\n|inactive|McDubbieEnthusiast has 30 seconds left.\n|inactive|McDubbieEnthusiast has 20 seconds left.\n|\n|t:|1746074818\n|-terastallize|p1b: Koraidon|Fire\n|move|p2b: Calyrex|Protect|p2b: Calyrex\n|-singleturn|p2b: Calyrex|Protect\n|move|p1b: Koraidon|Flare Blitz|p2b: Calyrex\n|-activate|p2b: Calyrex|move: Protect\n|move|p2a: Lunala|Moonblast|p1a: Brute Bonnet\n|-supereffective|p1a: Brute Bonnet\n|-damage|p1a: Brute Bonnet|30/100\n|move|p1a: Brute Bonnet|Spore|p2a: Lunala\n|-status|p2a: Lunala|slp|[from] move: Spore\n|\n|-weather|SunnyDay|[upkeep]\n|upkeep\n|turn|7\n|\n|t:|1746074838\n|-terastallize|p2b: Calyrex|Fire\n|move|p1b: Koraidon|Flame Charge|p2a: Lunala\n|-damage|p2a: Lunala|65/100 slp\n|-boost|p1b: Koraidon|spe|1\n|-damage|p1b: Koraidon|91/100|[from] item: Life Orb\n|cant|p2a: Lunala|slp\n|move|p1a: Brute Bonnet|Spore|p2b: Calyrex\n|-status|p2b: Calyrex|slp|[from] move: Spore\n|cant|p2b: Calyrex|slp\n|\n|-weather|SunnyDay|[upkeep]\n|upkeep\n|turn|8\n|inactive|pantsuit has 30 seconds left.\n|\n|t:|1746074865\n|-end|p1a: Brute Bonnet|Protosynthesis|[silent]\n|switch|p1a: Ursaluna|Ursaluna, L50, F|100/100\n|move|p1b: Koraidon|Flare Blitz|p2a: Lunala\n|-damage|p2a: Lunala|0 fnt\n|faint|p2a: Lunala\n|-damage|p1b: Koraidon|64/100|[from] Recoil\n|-damage|p1b: Koraidon|54/100|[from] item: Life Orb\n|cant|p2b: Calyrex|slp\n|\n|-weather|SunnyDay|[upkeep]\n|-status|p1a: Ursaluna|brn|[from] item: Flame Orb\n|upkeep\n|turn|9\n|\n|t:|1746074883\n|move|p1b: Koraidon|Close Combat|p2b: Calyrex\n|-damage|p2b: Calyrex|36/100 slp\n|-unboost|p1b: Koraidon|def|1\n|-unboost|p1b: Koraidon|spd|1\n|-damage|p1b: Koraidon|45/100|[from] item: Life Orb\n|cant|p2b: Calyrex|slp\n|move|p1a: Ursaluna|Headlong Rush|p2b: Calyrex\n|-supereffective|p2b: Calyrex\n|-damage|p2b: Calyrex|0 fnt\n|-unboost|p1a: Ursaluna|def|1\n|-unboost|p1a: Ursaluna|spd|1\n|faint|p2b: Calyrex\n|\n|win|pantsuit\n||McDubbieEnthusiast is ready for game 2.\n||pantsuit is ready for game 2.\n|uhtml|next|Next: <a href=\"/battle-gen9vgc2025regibo3-2354459586\"><strong>Game 2 of 3</strong></a>\n|l|\u2606McDubbieEnthusiast\n|player|p2|\n|l|\u2606pantsuit\n|player|p1|\n", "uploadtime": 1746075221, "views": 7, "formatid": "gen9vgc2025regibo3", "rating": null, "private": 0, "password": null}