{"id": "gen9vgc2025regibo3-2354047814", "format": "[Gen 9] VGC 2025 Reg I (Bo3)", "players": ["babybaybay", "PokeDavide"], "log": "|j|\u203dbabybaybay\n|j|\u2606PokeDavide\n|html|<table width=\"100%\"><tr><td align=\"left\">babybaybay</td><td align=\"right\">PokeDavide</tr><tr><td align=\"left\"><i class=\"fa fa-circle-o\"></i> <i class=\"fa fa-circle-o\"></i> </td><td align=\"right\"><i class=\"fa fa-circle-o\"></i> <i class=\"fa fa-circle-o\"></i> </tr></table>\n|uhtml|bestof|<h2><strong>Game 1</strong> of <a href=\"/game-bestof3-gen9vgc2025regibo3-2354047813\">a best-of-3</a></h2>\n|t:|1746030391\n|gametype|doubles\n|player|p1|babybaybay|266|1033\n|player|p2|PokeDavide|ghetsis-gen5bw|1053\n|teamsize|p1|6\n|teamsize|p2|6\n|gen|9\n|tier|[Gen 9] VGC 2025 Reg I (Bo3)\n|rated|\n|rule|Species Clause: Limit one of each Pok\u00e9mon\n|rule|Item Clause: Limit 1 of each item\n|clearpoke\n|poke|p1|Calyrex-Shadow, L50|\n|poke|p1|Zamazenta-*, L50|\n|poke|p1|Incineroar, L50, M|\n|poke|p1|Rillaboom, L50, F|\n|poke|p1|Urshifu-*, L50, F|\n|poke|p1|Tornadus, L50, M|\n|poke|p2|Sneasler, L50, F|\n|poke|p2|Tornadus, L50, M|\n|poke|p2|Giratina-Origin, L50|\n|poke|p2|Zamazenta-*, L50|\n|poke|p2|Indeedee-F, L50, F|\n|poke|p2|Chansey, L50, F|\n|teampreview|4\n|showteam|p1|Calyrex-Shadow||LifeOrb|AsOneSpectrier|AstralBarrage,Psychic,NastyPlot,Protect||||||50|,,,,,Dark]Zamazenta-Crowned||RustedShield|DauntlessShield|HeavySlam,BodyPress,WideGuard,Protect||||||50|,,,,,Dragon]Incineroar||RockyHelmet|Intimidate|FakeOut,KnockOff,HelpingHand,PartingShot|||M|||50|,,,,,Bug]Rillaboom||AssaultVest|GrassySurge|FakeOut,WoodHammer,GrassyGlide,Uturn|||F|||50|,,,,,Water]Urshifu-Rapid-Strike||ChoiceScarf|UnseenFist|SurgingStrikes,CloseCombat,AquaJet,Uturn|||F|||50|,,,,,Water]Tornadus||CovertCloak|Prankster|BleakwindStorm,Tailwind,RainDance,Taunt|||M|||50|,,,,,Dark\n|showteam|p2|Sneasler||LumBerry|Unburden|CloseCombat,Protect,DireClaw,ThroatChop|||F|||50|,,,,,Ghost]Tornadus||CovertCloak|Prankster|Taunt,Swagger,Protect,BleakwindStorm|||M|||50|,,,,,Dark]Giratina-Origin||GriseousCore|Levitate|Protect,CalmMind,ShadowBall,DragonPulse||||||50|,,,,,Bug]Zamazenta-Crowned||RustedShield|DauntlessShield|HeavySlam,BodyPress,WideGuard,Protect||||||50|,,,,,Grass]Indeedee-F||PsychicSeed|PsychicSurge|FollowMe,TrickRoom,Imprison,DazzlingGleam|||F|||50|,,,,,Psychic]Chansey||Eviolite|NaturalCure|HealPulse,Endeavor,HelpingHand,DazzlingGleam|||F|||50|,,,,,Normal\n|inactive|Battle timer is ON: inactive players will automatically lose when time's up. (requested by PokeDavide)\n|\n|t:|1746030458\n|start\n|switch|p1a: Tornadus|Tornadus, L50, M|100/100\n|switch|p1b: Urshifu|Urshifu-Rapid-Strike, L50, F|100/100\n|switch|p2a: Sneasler|Sneasler, L50, F|100/100\n|switch|p2b: Tornadus|Tornadus, L50, M|100/100\n|turn|1\n|inactive|babybaybay has 30 seconds left.\n|\n|t:|1746030489\n|-terastallize|p2a: Sneasler|Ghost\n|move|p1a: Tornadus|Tailwind|p1a: Tornadus\n|-sidestart|p1: babybaybay|move: Tailwind\n|move|p2b: Tornadus|Taunt|p1a: Tornadus\n|-start|p1a: Tornadus|move: Taunt\n|move|p1b: Urshifu|Surging Strikes|p2a: Sneasler\n|-crit|p2a: Sneasler\n|-damage|p2a: Sneasler|72/100\n|-crit|p2a: Sneasler\n|-damage|p2a: Sneasler|46/100\n|-crit|p2a: Sneasler\n|-damage|p2a: Sneasler|20/100\n|-hitcount|p2a: Sneasler|3\n|move|p2a: Sneasler|Close Combat|p1b: Urshifu\n|-damage|p1b: Urshifu|34/100\n|-unboost|p2a: Sneasler|def|1\n|-unboost|p2a: Sneasler|spd|1\n|\n|upkeep\n|turn|2\n|inactive|babybaybay has 30 seconds left.\n|\n|t:|1746030520\n|switch|p2a: Chansey|Chansey, L50, F|100/100\n|move|p1b: Urshifu|Surging Strikes|p2a: Chansey\n|-crit|p2a: Chansey\n|-damage|p2a: Chansey|88/100\n|-crit|p2a: Chansey\n|-damage|p2a: Chansey|76/100\n|-crit|p2a: Chansey\n|-damage|p2a: Chansey|63/100\n|-hitcount|p2a: Chansey|3\n|move|p1a: Tornadus|Bleakwind Storm|p2a: Chansey|[spread] p2a,p2b\n|-damage|p2a: Chansey|53/100\n|-damage|p2b: Tornadus|58/100\n|move|p2b: Tornadus|Bleakwind Storm|p1a: Tornadus|[spread] p1a,p1b\n|-supereffective|p1b: Urshifu\n|-damage|p1a: Tornadus|64/100\n|-damage|p1b: Urshifu|0 fnt\n|faint|p1b: Urshifu\n|\n|upkeep\n|\n|t:|1746030537\n|switch|p1b: Zamazenta|Zamazenta-Crowned, L50|100/100\n|-ability|p1b: Zamazenta|Dauntless Shield|boost\n|-boost|p1b: Zamazenta|def|1\n|turn|3\n|\n|t:|1746030552\n|move|p2b: Tornadus|Swagger|p1b: Zamazenta\n|-boost|p1b: Zamazenta|atk|2\n|-start|p1b: Zamazenta|confusion\n|-activate|p1b: Zamazenta|confusion\n|move|p1b: Zamazenta|Body Press|p2a: Chansey\n|-supereffective|p2a: Chansey\n|-damage|p2a: Chansey|0 fnt\n|faint|p2a: Chansey\n|move|p1a: Tornadus|Bleakwind Storm|p2b: Tornadus|[miss]\n|-miss|p1a: Tornadus|p2b: Tornadus\n|\n|upkeep\n|\n|t:|1746030563\n|switch|p2a: Sneasler|Sneasler, L50, F, tera:Ghost|20/100\n|turn|4\n|\n|t:|1746030578\n|switch|p1b: Calyrex|Calyrex-Shadow, L50|100/100\n|-ability|p1b: Calyrex|As One\n|-ability|p1b: Calyrex|Unnerve\n|move|p2a: Sneasler|Protect|p2a: Sneasler\n|-singleturn|p2a: Sneasler|Protect\n|move|p2b: Tornadus|Swagger|p1a: Tornadus\n|-boost|p1a: Tornadus|atk|2\n|-start|p1a: Tornadus|confusion\n|-activate|p1a: Tornadus|confusion\n|-damage|p1a: Tornadus|48/100|[from] confusion\n|\n|-end|p1a: Tornadus|move: Taunt\n|-sideend|p1: babybaybay|move: Tailwind\n|upkeep\n|turn|5\n|\n|t:|1746030600\n|switch|p1a: Zamazenta|Zamazenta-Crowned, L50|100/100\n|-terastallize|p1b: Calyrex|Dark\n|move|p2b: Tornadus|Swagger|p2a: Sneasler\n|-boost|p2a: Sneasler|atk|2\n|-start|p2a: Sneasler|confusion\n|move|p1b: Calyrex|Astral Barrage|p2a: Sneasler|[spread] p2a,p2b\n|-supereffective|p2a: Sneasler\n|-damage|p2a: Sneasler|0 fnt\n|-damage|p2b: Tornadus|0 fnt\n|faint|p2a: Sneasler\n|faint|p2b: Tornadus\n|-ability|p1b: Calyrex|Grim Neigh|boost\n|-boost|p1b: Calyrex|spa|2\n|-damage|p1b: Calyrex|91/100|[from] item: Life Orb\n|\n|upkeep\n|\n|t:|1746030616\n|switch|p2b: Zamazenta|Zamazenta-Crowned, L50|100/100\n|-ability|p2b: Zamazenta|Dauntless Shield|boost\n|-boost|p2b: Zamazenta|def|1\n|turn|6\n|\n|t:|1746030627\n|move|p1b: Calyrex|Protect|p1b: Calyrex\n|-singleturn|p1b: Calyrex|Protect\n|move|p1a: Zamazenta|Body Press|p2b: Zamazenta\n|-supereffective|p2b: Zamazenta\n|-damage|p2b: Zamazenta|64/100\n|move|p2b: Zamazenta|Body Press|p1b: Calyrex\n|-activate|p1b: Calyrex|move: Protect\n|\n|upkeep\n|turn|7\n|\n|t:|1746030637\n|move|p1b: Calyrex|Psychic|p2b: Zamazenta\n|-damage|p2b: Zamazenta|0 fnt\n|faint|p2b: Zamazenta\n|-damage|p1b: Calyrex|81/100|[from] item: Life Orb\n|\n|win|babybaybay\n||PokeDavide is ready for game 2.\n|inactive|babybaybay has 30 seconds to confirm battle start!\n||babybaybay is ready for game 2.\n|uhtml|next|Next: <a href=\"/battle-gen9vgc2025regibo3-2354050838\"><strong>Game 2 of 3</strong></a>\n|l|\u2606PokeDavide\n|player|p2|\n|l|\u203dbabybaybay\n|player|p1|\n", "uploadtime": 1746030911, "views": 9, "formatid": "gen9vgc2025regibo3", "rating": null, "private": 0, "password": null}