{"id": "gen9vgc2025regibo3-2355026868", "format": "[Gen 9] VGC 2025 Reg I (Bo3)", "players": ["adynan legal", "inXuman"], "log": "|j|\u2606adynan legal\n|j|\u2606inXuman\n|html|<table width=\"100%\"><tr><td align=\"left\">adynan legal</td><td align=\"right\">inXuman</tr><tr><td align=\"left\"><i class=\"fa fa-circle-o\"></i> <i class=\"fa fa-circle-o\"></i> </td><td align=\"right\"><i class=\"fa fa-circle-o\"></i> <i class=\"fa fa-circle\"></i> </tr></table>\n|uhtml|bestof|<h2><strong>Game 2</strong> of <a href=\"/game-bestof3-gen9vgc2025regibo3-2355024432\">a best-of-3</a></h2>\n|t:|1746143613\n|gametype|doubles\n|player|p1|adynan legal|dancer|1040\n|player|p2|inXuman|shadowtriad|1071\n|teamsize|p1|6\n|teamsize|p2|6\n|gen|9\n|tier|[Gen 9] VGC 2025 Reg I (Bo3)\n|rated|\n|rule|Species Clause: Limit one of each Pok\u00e9mon\n|rule|Item Clause: Limit 1 of each item\n|clearpoke\n|poke|p1|Calyrex-Ice, L50|\n|poke|p1|Miraidon, L50|\n|poke|p1|Iron Bundle, L50|\n|poke|p1|Iron Hands, L50|\n|poke|p1|Farigiraf, L50, M|\n|poke|p1|Ogerpon-Hearthflame, L50, F|\n|poke|p2|Miraidon, L50|\n|poke|p2|Calyrex-Ice, L50|\n|poke|p2|Ditto, L50|\n|poke|p2|Farigiraf, L50, M|\n|poke|p2|Volcarona, L50, M|\n|poke|p2|Iron Hands, L50|\n|teampreview|4\n|showteam|p1|Calyrex-Ice||ClearAmulet|AsOneGlastrier|GlacialLance,HighHorsepower,TrickRoom,Protect||||||50|,,,,,Fire]Miraidon||ChoiceSpecs|HadronEngine|ElectroDrift,VoltSwitch,DracoMeteor,DazzlingGleam||||||50|,,,,,Fairy]Iron Bundle||FocusSash|QuarkDrive|FreezeDry,IcyWind,Encore,Protect||||||50|,,,,,Ghost]Iron Hands||AssaultVest|QuarkDrive|FakeOut,DrainPunch,LowKick,HeavySlam||||||50|,,,,,Bug]Farigiraf||ElectricSeed|ArmorTail|PsychicNoise,FoulPlay,HelpingHand,TrickRoom|||M|||50|,,,,,Water]Ogerpon-Hearthflame||HearthflameMask|MoldBreaker|IvyCudgel,KnockOff,FollowMe,SpikyShield|||F|||50|,,,,,Fire\n|showteam|p2|Miraidon||ChoiceSpecs|HadronEngine|VoltSwitch,ElectroDrift,DracoMeteor,DazzlingGleam||||||50|,,,,,Fairy]Calyrex-Ice||ClearAmulet|AsOneGlastrier|GlacialLance,HighHorsepower,TrickRoom,Protect||||||50|,,,,,Fire]Ditto||FocusSash|Imposter|Transform||||||50|,,,,,Ghost]Farigiraf||ElectricSeed|ArmorTail|Psychic,TrickRoom,FoulPlay,HelpingHand|||M|||50|,,,,,Water]Volcarona||RockyHelmet|FlameBody|Tailwind,RagePowder,FieryDance,Protect|||M|||50|,,,,,Dragon]Iron Hands||AssaultVest|QuarkDrive|FakeOut,DrainPunch,LowKick,HeavySlam||||||50|,,,,,Water\n|inactive|Battle timer is ON: inactive players will automatically lose when time's up. (requested by adynan legal)\n|inactive|adynan legal has 60 seconds left.\n|\n|t:|1746143657\n|start\n|switch|p1a: Miraidon|Miraidon, L50|100/100\n|switch|p1b: Iron Hands|Iron Hands, L50|100/100\n|switch|p2a: Calyrex|Calyrex-Ice, L50|100/100\n|switch|p2b: Volcarona|Volcarona, L50, M|100/100\n|-ability|p2a: Calyrex|As One\n|-ability|p2a: Calyrex|Unnerve\n|-fieldstart|move: Electric Terrain|[from] ability: Hadron Engine|[of] p1a: Miraidon\n|-activate|p1b: Iron Hands|ability: Quark Drive\n|-start|p1b: Iron Hands|quarkdriveatk\n|turn|1\n|inactive|adynan legal has 30 seconds left.\n|\n|t:|1746143683\n|move|p2b: Volcarona|Protect|p2b: Volcarona\n|-singleturn|p2b: Volcarona|Protect\n|move|p2a: Calyrex|Protect|p2a: Calyrex\n|-singleturn|p2a: Calyrex|Protect\n|move|p1a: Miraidon|Volt Switch|p2b: Volcarona\n|-activate|p2b: Volcarona|move: Protect\n|move|p1b: Iron Hands|Low Kick|p2a: Calyrex\n|-activate|p2a: Calyrex|move: Protect\n|\n|upkeep\n|turn|2\n|inactive|adynan legal has 30 seconds left.\n|\n|t:|1746143714\n|move|p2b: Volcarona|Rage Powder|p2b: Volcarona\n|-singleturn|p2b: Volcarona|move: Rage Powder\n|move|p1a: Miraidon|Volt Switch|p2b: Volcarona\n|-damage|p2b: Volcarona|23/100\n|\n|t:|1746143722\n|switch|p1a: Ogerpon|Ogerpon-Hearthflame, L50, F|100/100|[from] Volt Switch\n|-ability|p1a: Ogerpon|Mold Breaker\n|move|p1b: Iron Hands|Low Kick|p2b: Volcarona\n|-resisted|p2b: Volcarona\n|-damage|p2b: Volcarona|2/100\n|-damage|p1b: Iron Hands|84/100|[from] item: Rocky Helmet|[of] p2b: Volcarona\n|move|p2a: Calyrex|Trick Room|p2a: Calyrex\n|-fieldstart|move: Trick Room|[of] p2a: Calyrex\n|\n|upkeep\n|turn|3\n|inactive|adynan legal has 30 seconds left.\n|inactive|inXuman has 30 seconds left.\n|\n|t:|1746143756\n|-terastallize|p2a: Calyrex|Fire\n|move|p2b: Volcarona|Rage Powder|p2b: Volcarona\n|-singleturn|p2b: Volcarona|move: Rage Powder\n|move|p1a: Ogerpon|Follow Me|p1a: Ogerpon\n|-singleturn|p1a: Ogerpon|move: Follow Me\n|move|p1b: Iron Hands|Low Kick|p2b: Volcarona\n|-resisted|p2b: Volcarona\n|-crit|p2b: Volcarona\n|-damage|p2b: Volcarona|0 fnt\n|-damage|p1b: Iron Hands|67/100|[from] item: Rocky Helmet|[of] p2b: Volcarona\n|faint|p2b: Volcarona\n|move|p2a: Calyrex|Glacial Lance|p1a: Ogerpon|[spread] p1a,p1b\n|-damage|p1a: Ogerpon|43/100\n|-damage|p1b: Iron Hands|31/100\n|\n|upkeep\n|\n|t:|1746143768\n|switch|p2b: Iron Hands|Iron Hands, L50|100/100\n|-activate|p2b: Iron Hands|ability: Quark Drive\n|-start|p2b: Iron Hands|quarkdriveatk\n|turn|4\n|\n|t:|1746143781\n|move|p2b: Iron Hands|Fake Out|p1b: Iron Hands\n|-damage|p1b: Iron Hands|16/100\n|move|p1a: Ogerpon|Follow Me|p1a: Ogerpon\n|-singleturn|p1a: Ogerpon|move: Follow Me\n|cant|p1b: Iron Hands|flinch\n|move|p2a: Calyrex|Glacial Lance|p1b: Iron Hands|[spread] p1a,p1b\n|-damage|p1a: Ogerpon|0 fnt\n|-damage|p1b: Iron Hands|0 fnt\n|faint|p1a: Ogerpon\n|faint|p1b: Iron Hands\n|-end|p1b: Iron Hands|Quark Drive|[silent]\n|-ability|p2a: Calyrex|Chilling Neigh|boost\n|-boost|p2a: Calyrex|atk|2\n|\n|upkeep\n|\n|t:|1746143785\n|switch|p1b: Iron Bundle|Iron Bundle, L50|100/100\n|switch|p1a: Miraidon|Miraidon, L50|100/100\n|-activate|p1a: Miraidon|ability: Hadron Engine\n|-activate|p1b: Iron Bundle|ability: Quark Drive\n|-start|p1b: Iron Bundle|quarkdrivespe\n|turn|5\n|\n|t:|1746143798\n|-terastallize|p1a: Miraidon|Fairy\n|move|p2b: Iron Hands|Heavy Slam|p1b: Iron Bundle\n|-damage|p1b: Iron Bundle|25/100\n|move|p2a: Calyrex|Glacial Lance|p1a: Miraidon|[spread] p1a,p1b\n|-resisted|p1b: Iron Bundle\n|-damage|p1a: Miraidon|18/100\n|-damage|p1b: Iron Bundle|0 fnt\n|faint|p1b: Iron Bundle\n|-end|p1b: Iron Bundle|Quark Drive|[silent]\n|-ability|p2a: Calyrex|Chilling Neigh|boost\n|-boost|p2a: Calyrex|atk|1\n|move|p1a: Miraidon|Draco Meteor|p2a: Calyrex\n|-damage|p2a: Calyrex|17/100\n|-unboost|p1a: Miraidon|spa|2\n|\n|-fieldend|move: Electric Terrain\n|-end|p2b: Iron Hands|Quark Drive\n|upkeep\n|turn|6\n|\n|t:|1746143812\n|move|p2b: Iron Hands|Drain Punch|p1a: Miraidon\n|-resisted|p1a: Miraidon\n|-damage|p1a: Miraidon|0 fnt\n|faint|p1a: Miraidon\n|\n|win|inXuman\n|raw|adynan legal's rating: 1040 &rarr; <strong>1025</strong><br />(-15 for losing)\n|raw|inXuman's rating: 1071 &rarr; <strong>1098</strong><br />(+27 for winning)\n", "uploadtime": 1746143812, "views": 7, "formatid": "gen9vgc2025regibo3", "rating": 1025, "private": 0, "password": null}