{"id": "gen9vgc2025regibo3-2353487564", "format": "[Gen 9] VGC 2025 Reg I (Bo3)", "players": ["Mentalsyndrome", "grindrextremist"], "log": "|j|\u2606Mentalsyndrome\n|j|\u2606grindrextremist\n|html|<table width=\"100%\"><tr><td align=\"left\">Mentalsyndrome</td><td align=\"right\">grindrextremist</tr><tr><td align=\"left\"><i class=\"fa fa-circle-o\"></i> <i class=\"fa fa-circle-o\"></i> </td><td align=\"right\"><i class=\"fa fa-circle-o\"></i> <i class=\"fa fa-circle-o\"></i> </tr></table>\n|uhtml|bestof|<h2><strong>Game 1</strong> of <a href=\"/game-bestof3-gen9vgc2025regibo3-2353487563\">a best-of-3</a></h2>\n|t:|1745960581\n|gametype|doubles\n|player|p1|Mentalsyndrome|101|1232\n|player|p2|grindrextremist|101|1145\n|teamsize|p1|6\n|teamsize|p2|6\n|gen|9\n|tier|[Gen 9] VGC 2025 Reg I (Bo3)\n|rated|\n|rule|Species Clause: Limit one of each Pok\u00e9mon\n|rule|Item Clause: Limit 1 of each item\n|clearpoke\n|poke|p1|Bastiodon, L50, F|\n|poke|p1|Flutter Mane, L50|\n|poke|p1|Sableye, L50, M|\n|poke|p1|Koraidon, L50|\n|poke|p1|Groudon, L50|\n|poke|p1|Brute Bonnet, L50|\n|poke|p2|Calyrex-Ice, L50|\n|poke|p2|Ursaluna-Bloodmoon, L50, M|\n|poke|p2|Smeargle, L50, M|\n|poke|p2|Lunala, L50|\n|poke|p2|Urshifu-*, L50, F|\n|poke|p2|Indeedee-F, L50, F|\n|teampreview|4\n|showteam|p1|Bastiodon||Leftovers|Sturdy|IronDefense,BodyPress,WideGuard,FoulPlay|||F|||50|,,,,,Water]Flutter Mane||FocusSash|Protosynthesis|IcyWind,Moonblast,Protect,Taunt||||||50|,,,,,Normal]Sableye||SitrusBerry|Prankster|FoulPlay,Disable,Encore,Gravity|||M|||50|,,,,,Poison]Koraidon||ClearAmulet|OrichalcumPulse|FlareBlitz,FlameCharge,CloseCombat,Protect||||||50|,,,,,Fire]Groudon||AssaultVest|Drought|PrecipiceBlades,HeatCrash,ThunderPunch,HighHorsepower||||||50|,,,,,Fire]Brute Bonnet||CovertCloak|Protosynthesis|SuckerPunch,Spore,RagePowder,SeedBomb||||||50|,,,,,Poison\n|showteam|p2|Calyrex-Ice||ClearAmulet|AsOneGlastrier|GlacialLance,HighHorsepower,Protect,TrickRoom||||||50|,,,,,Fire]Ursaluna-Bloodmoon||LifeOrb|MindsEye|EarthPower,HyperVoice,BloodMoon,Protect|||M|||50|,,,,,Normal]Smeargle||FocusSash|OwnTempo|FollowMe,FakeOut,Decorate,Spore|||M|||50|,,,,,Grass]Lunala||PowerHerb|ShadowShield|TrickRoom,ExpandingForce,MoongeistBeam,MeteorBeam||||||50|,,,,,Grass]Urshifu||ChoiceBand|UnseenFist|WickedBlow,SuckerPunch,CloseCombat,IronHead|||F|||50|,,,,,Grass]Indeedee-F||RockyHelmet|PsychicSurge|Psychic,TrickRoom,FollowMe,HelpingHand|||F|||50|,,,,,Fairy\n|inactive|Battle timer is ON: inactive players will automatically lose when time's up. (requested by Mentalsyndrome)\n|inactive|grindrextremist has 60 seconds left.\n|inactive|grindrextremist has 30 seconds left.\n|inactive|grindrextremist has 20 seconds left.\n|inactive|grindrextremist has 15 seconds left.\n|inactive|grindrextremist has 10 seconds left.\n|\n|t:|1745960664\n|start\n|switch|p1a: Don Steadman|Flutter Mane, L50|100/100\n|switch|p1b: Don Bastio|Bastiodon, L50, F|100/100\n|switch|p2a: mija|Indeedee-F, L50, F|100/100\n|switch|p2b: Lunala|Lunala, L50, shiny|100/100\n|-fieldstart|move: Psychic Terrain|[from] ability: Psychic Surge|[of] p2a: mija\n|turn|1\n|inactive|grindrextremist has 30 seconds left.\n|\n|t:|1745960692\n|move|p2a: mija|Follow Me|p2a: mija\n|-singleturn|p2a: mija|move: Follow Me\n|move|p1a: Don Steadman|Taunt|p2a: mija\n|-start|p2a: mija|move: Taunt\n|move|p1b: Don Bastio|Iron Defense|p1b: Don Bastio\n|-boost|p1b: Don Bastio|def|2\n|move|p2b: Lunala|Trick Room|p2b: Lunala\n|-fieldstart|move: Trick Room|[of] p2b: Lunala\n|\n|upkeep\n|turn|2\n|inactive|grindrextremist has 30 seconds left.\n|\n|t:|1745960718\n|-terastallize|p2b: Lunala|Grass\n|move|p1b: Don Bastio|Foul Play|p2b: Lunala\n|-damage|p2b: Lunala|93/100\n|move|p2a: mija|Psychic|p1a: Don Steadman\n|-damage|p1a: Don Steadman|59/100\n|move|p2b: Lunala|Expanding Force|p1a: Don Steadman|[spread] p1a,p1b\n|-resisted|p1b: Don Bastio\n|-damage|p1a: Don Steadman|0 fnt\n|-damage|p1b: Don Bastio|78/100\n|faint|p1a: Don Steadman\n|-end|p1a: Don Steadman|Protosynthesis|[silent]\n|\n|-heal|p1b: Don Bastio|84/100|[from] item: Leftovers\n|upkeep\n|\n|t:|1745960722\n|switch|p1a: Don Groo|Groudon, L50|100/100\n|-weather|SunnyDay|[from] ability: Drought|[of] p1a: Don Groo\n|turn|3\n|inactive|grindrextremist has 30 seconds left.\n|\n|t:|1745960748\n|move|p1b: Don Bastio|Body Press|p2a: mija\n|-damage|p2a: mija|34/100\n|-damage|p1b: Don Bastio|68/100|[from] item: Rocky Helmet|[of] p2a: mija\n|move|p2a: mija|Psychic|p1a: Don Groo\n|-damage|p1a: Don Groo|78/100\n|move|p1a: Don Groo|Heat Crash|p2b: Lunala\n|-supereffective|p2b: Lunala\n|-damage|p2b: Lunala|0 fnt\n|faint|p2b: Lunala\n|\n|-weather|SunnyDay|[upkeep]\n|-heal|p1b: Don Bastio|74/100|[from] item: Leftovers\n|upkeep\n|\n|t:|1745960757\n|switch|p2b: Calyrex|Calyrex-Ice, L50|100/100\n|-ability|p2b: Calyrex|As One\n|-ability|p2b: Calyrex|Unnerve\n|turn|4\n|\n|t:|1745960768\n|-terastallize|p1a: Don Groo|Fire\n|move|p1b: Don Bastio|Foul Play|p2b: Calyrex\n|-supereffective|p2b: Calyrex\n|-damage|p2b: Calyrex|53/100\n|move|p2b: Calyrex|Glacial Lance|p1b: Don Bastio|[spread] p1a,p1b\n|-resisted|p1a: Don Groo\n|-resisted|p1b: Don Bastio\n|-damage|p1a: Don Groo|60/100\n|-damage|p1b: Don Bastio|65/100\n|move|p2a: mija|Psychic|p1b: Don Bastio\n|-resisted|p1b: Don Bastio\n|-damage|p1b: Don Bastio|52/100\n|move|p1a: Don Groo|Precipice Blades|p2a: mija|[spread] p2a,p2b\n|-damage|p2a: mija|0 fnt\n|-damage|p2b: Calyrex|21/100\n|faint|p2a: mija\n|\n|-weather|SunnyDay|[upkeep]\n|-heal|p1b: Don Bastio|58/100|[from] item: Leftovers\n|upkeep\n|\n|t:|1745960781\n|switch|p2a: Smeargle|Smeargle, L50, M, shiny|100/100\n|turn|5\n|\n|t:|1745960790\n|move|p2b: Calyrex|Protect|p2b: Calyrex\n|-singleturn|p2b: Calyrex|Protect\n|move|p1b: Don Bastio|Body Press|p2a: Smeargle\n|-supereffective|p2a: Smeargle\n|-crit|p2a: Smeargle\n|-enditem|p2a: Smeargle|Focus Sash\n|-damage|p2a: Smeargle|1/100\n|move|p2a: Smeargle|Spore|p1a: Don Groo\n|-status|p1a: Don Groo|slp|[from] move: Spore\n|cant|p1a: Don Groo|slp\n|\n|-weather|SunnyDay|[upkeep]\n|-heal|p1b: Don Bastio|64/100|[from] item: Leftovers\n|-fieldend|move: Trick Room\n|-fieldend|move: Psychic Terrain\n|upkeep\n|turn|6\n|\n|t:|1745960810\n|cant|p1a: Don Groo|slp\n|move|p2b: Calyrex|Glacial Lance|p1b: Don Bastio|[spread] p1a,p1b\n|-resisted|p1a: Don Groo\n|-resisted|p1b: Don Bastio\n|-damage|p1a: Don Groo|42/100 slp\n|-damage|p1b: Don Bastio|55/100\n|move|p2a: Smeargle|Spore|p1b: Don Bastio\n|-status|p1b: Don Bastio|slp|[from] move: Spore\n|cant|p1b: Don Bastio|slp\n|\n|-weather|SunnyDay|[upkeep]\n|-heal|p1b: Don Bastio|61/100 slp|[from] item: Leftovers\n|upkeep\n|turn|7\n|\n|t:|1745960825\n|-curestatus|p1a: Don Groo|slp|[msg]\n|move|p1a: Don Groo|Precipice Blades|p2a: Smeargle|[spread] p2a,p2b\n|-damage|p2a: Smeargle|0 fnt\n|-damage|p2b: Calyrex|0 fnt\n|faint|p2a: Smeargle\n|faint|p2b: Calyrex\n|\n|win|Mentalsyndrome\n||grindrextremist is ready for game 2.\n||Mentalsyndrome is ready for game 2.\n|uhtml|next|Next: <a href=\"/battle-gen9vgc2025regibo3-2353490102\"><strong>Game 2 of 3</strong></a>\n", "uploadtime": 1745960829, "views": 31, "formatid": "gen9vgc2025regibo3", "rating": null, "private": 0, "password": null}