{"id": "gen9vgc2025regibo3-2353911981", "format": "[Gen 9] VGC 2025 Reg I (Bo3)", "players": ["FinalFentanylVII", "Rkmada"], "log": "|j|\u2606FinalFentanylVII\n|j|\u2606Rkmada\n|html|<table width=\"100%\"><tr><td align=\"left\">FinalFentanylVII</td><td align=\"right\">Rkmada</tr><tr><td align=\"left\"><i class=\"fa fa-circle-o\"></i> <i class=\"fa fa-circle-o\"></i> </td><td align=\"right\"><i class=\"fa fa-circle-o\"></i> <i class=\"fa fa-circle-o\"></i> </tr></table>\n|uhtml|bestof|<h2><strong>Game 1</strong> of <a href=\"/game-bestof3-gen9vgc2025regibo3-2353911980\">a best-of-3</a></h2>\n|t:|1746018061\n|gametype|doubles\n|player|p1|FinalFentanylVII|blue|1252\n|player|p2|Rkmada|wattson|1357\n|teamsize|p1|6\n|teamsize|p2|6\n|gen|9\n|tier|[Gen 9] VGC 2025 Reg I (Bo3)\n|rated|\n|rule|Species Clause: Limit one of each Pok\u00e9mon\n|rule|Item Clause: Limit 1 of each item\n|clearpoke\n|poke|p1|Calyrex-Shadow, L50|\n|poke|p1|Zamazenta-*, L50|\n|poke|p1|Incineroar, L50, F|\n|poke|p1|Rillaboom, L50, M|\n|poke|p1|Urshifu-*, L50, M|\n|poke|p1|Tornadus, L50, M|\n|poke|p2|Calyrex-Ice, L50|\n|poke|p2|Miraidon, L50|\n|poke|p2|Incineroar, L50, F|\n|poke|p2|Farigiraf, L50, F|\n|poke|p2|Urshifu-*, L50, F|\n|poke|p2|Iron Hands, L50|\n|teampreview|4\n|showteam|p1|Calyrex-Shadow||LifeOrb|AsOneSpectrier|AstralBarrage,Psychic,NastyPlot,Protect||||||50|,,,,,Dark]Zamazenta-Crowned||RustedShield|DauntlessShield|BodyPress,behemothbash,WideGuard,Protect||||||50|,,,,,Dragon]Incineroar||RockyHelmet|Intimidate|KnockOff,PartingShot,FakeOut,HelpingHand|||F|||50|,,,,,Bug]Rillaboom||AssaultVest|GrassySurge|FakeOut,GrassyGlide,WoodHammer,Uturn|||M|||50|,,,,,Grass]Urshifu-Rapid-Strike||ChoiceScarf|UnseenFist|SurgingStrikes,CloseCombat,AquaJet,Uturn|||M|||50|,,,,,Ghost]Tornadus||FocusSash|Prankster|BleakwindStorm,Tailwind,RainDance,Protect|||M|||50|,,,,,Dark\n|showteam|p2|Calyrex-Ice||ClearAmulet|AsOneGlastrier|GlacialLance,HighHorsepower,TrickRoom,Protect||||||50|,,,,,Water]Miraidon||ChoiceSpecs|HadronEngine|VoltSwitch,ElectroDrift,DracoMeteor,DazzlingGleam||||||50|,,,,,Fairy]Incineroar||CovertCloak|Intimidate|FakeOut,KnockOff,WillOWisp,PartingShot|||F|||50|,,,,,Fairy]Farigiraf||ElectricSeed|ArmorTail|FoulPlay,PsychicNoise,TrickRoom,HelpingHand|||F|||50|,,,,,Dark]Urshifu-Rapid-Strike||ChoiceScarf|UnseenFist|SurgingStrikes,CloseCombat,Uturn,AquaJet|||F|||50|,,,,,Water]Iron Hands||AssaultVest|QuarkDrive|FakeOut,DrainPunch,LowKick,WildCharge||||||50|,,,,,Water\n|\n|t:|1746018141\n|start\n|switch|p1a: Rillaboom|Rillaboom, L50, M|100/100\n|switch|p1b: Calyrex|Calyrex-Shadow, L50|100/100\n|switch|p2a: Farigiraf|Farigiraf, L50, F|100/100\n|switch|p2b: Urshifu|Urshifu-Rapid-Strike, L50, F|100/100\n|-ability|p1b: Calyrex|As One\n|-ability|p1b: Calyrex|Unnerve\n|-fieldstart|move: Grassy Terrain|[from] ability: Grassy Surge|[of] p1a: Rillaboom\n|turn|1\n|\n|t:|1746018161\n|switch|p1b: Zamazenta|Zamazenta-Crowned, L50|100/100\n|-ability|p1b: Zamazenta|Dauntless Shield|boost\n|-boost|p1b: Zamazenta|def|1\n|move|p2b: Urshifu|U-turn|p1b: Zamazenta\n|-resisted|p1b: Zamazenta\n|-damage|p1b: Zamazenta|98/100\n|\n|t:|1746018163\n|switch|p2b: Miraidon|Miraidon, L50|100/100|[from] U-turn\n|-fieldstart|move: Electric Terrain|[from] ability: Hadron Engine|[of] p2b: Miraidon\n|-enditem|p2a: Farigiraf|Electric Seed\n|-boost|p2a: Farigiraf|def|1|[from] item: Electric Seed\n|move|p1a: Rillaboom|U-turn|p2a: Farigiraf\n|-supereffective|p2a: Farigiraf\n|-damage|p2a: Farigiraf|77/100\n|\n|t:|1746018178\n|switch|p1a: Calyrex|Calyrex-Shadow, L50|100/100|[from] U-turn\n|-ability|p1a: Calyrex|As One\n|-ability|p1a: Calyrex|Unnerve\n|move|p2a: Farigiraf|Foul Play|p1b: Zamazenta\n|-resisted|p1b: Zamazenta\n|-damage|p1b: Zamazenta|93/100\n|\n|upkeep\n|turn|2\n|\n|t:|1746018194\n|switch|p1a: Rillaboom|Rillaboom, L50, M|100/100\n|-fieldstart|move: Grassy Terrain|[from] ability: Grassy Surge|[of] p1a: Rillaboom\n|move|p2b: Miraidon|Volt Switch|p1b: Zamazenta\n|-damage|p1b: Zamazenta|52/100\n|\n|t:|1746018198\n|switch|p2b: Calyrex|Calyrex-Ice, L50|100/100|[from] Volt Switch\n|-ability|p2b: Calyrex|As One\n|-ability|p2b: Calyrex|Unnerve\n|move|p1b: Zamazenta|Body Press|p2b: Calyrex\n|-damage|p2b: Calyrex|58/100\n|move|p2a: Farigiraf|Trick Room|p2a: Farigiraf\n|-fieldstart|move: Trick Room|[of] p2a: Farigiraf\n|\n|-heal|p2b: Calyrex|64/100|[from] Grassy Terrain\n|-heal|p2a: Farigiraf|83/100|[from] Grassy Terrain\n|-heal|p1b: Zamazenta|58/100|[from] Grassy Terrain\n|upkeep\n|turn|3\n|\n|t:|1746018224\n|switch|p1a: Incineroar|Incineroar, L50, F|100/100\n|-ability|p1a: Incineroar|Intimidate|boost\n|-unboost|p2a: Farigiraf|atk|1\n|-fail|p2b: Calyrex|unboost|[from] item: Clear Amulet|[of] p2b: Calyrex\n|move|p2b: Calyrex|Protect|p2b: Calyrex\n|-singleturn|p2b: Calyrex|Protect\n|move|p1b: Zamazenta|Protect|p1b: Zamazenta\n|-singleturn|p1b: Zamazenta|Protect\n|move|p2a: Farigiraf|Psychic Noise|p1b: Zamazenta\n|-activate|p1b: Zamazenta|move: Protect\n|\n|-heal|p2b: Calyrex|70/100|[from] Grassy Terrain\n|-heal|p2a: Farigiraf|89/100|[from] Grassy Terrain\n|-heal|p1b: Zamazenta|64/100|[from] Grassy Terrain\n|upkeep\n|turn|4\n|\n|t:|1746018254\n|move|p2b: Calyrex|High Horsepower|p1b: Zamazenta\n|-supereffective|p1b: Zamazenta\n|-damage|p1b: Zamazenta|29/100\n|move|p1a: Incineroar|Knock Off|p2b: Calyrex\n|-supereffective|p2b: Calyrex\n|-damage|p2b: Calyrex|26/100\n|-enditem|p2b: Calyrex|Clear Amulet|[from] move: Knock Off|[of] p1a: Incineroar\n|move|p2a: Farigiraf|Psychic Noise|p1b: Zamazenta\n|-damage|p1b: Zamazenta|8/100\n|-start|p1b: Zamazenta|move: Heal Block\n|move|p1b: Zamazenta|Behemoth Bash|p2b: Calyrex\n|-supereffective|p2b: Calyrex\n|-damage|p2b: Calyrex|0 fnt\n|faint|p2b: Calyrex\n|\n|-heal|p2a: Farigiraf|95/100|[from] Grassy Terrain\n|upkeep\n|\n|t:|1746018258\n|switch|p2b: Miraidon|Miraidon, L50|100/100\n|-fieldstart|move: Electric Terrain|[from] ability: Hadron Engine|[of] p2b: Miraidon\n|turn|5\n|\n|t:|1746018280\n|switch|p1b: Rillaboom|Rillaboom, L50, M|100/100\n|-fieldstart|move: Grassy Terrain|[from] ability: Grassy Surge|[of] p1b: Rillaboom\n|move|p1a: Incineroar|Knock Off|p2b: Miraidon\n|-damage|p2b: Miraidon|65/100\n|-enditem|p2b: Miraidon|Choice Specs|[from] move: Knock Off|[of] p1a: Incineroar\n|move|p2a: Farigiraf|Psychic Noise|p1b: Rillaboom\n|-damage|p1b: Rillaboom|81/100\n|-start|p1b: Rillaboom|move: Heal Block\n|move|p2b: Miraidon|Volt Switch|p1a: Incineroar\n|-damage|p1a: Incineroar|64/100\n|\n|t:|1746018286\n|switch|p2b: Urshifu|Urshifu-Rapid-Strike, L50, F|100/100|[from] Volt Switch\n|\n|-heal|p1a: Incineroar|70/100|[from] Grassy Terrain\n|-heal|p2a: Farigiraf|100/100|[from] Grassy Terrain\n|upkeep\n|turn|6\n|\n|t:|1746018319\n|switch|p2b: Miraidon|Miraidon, L50|65/100\n|-fieldstart|move: Electric Terrain|[from] ability: Hadron Engine|[of] p2b: Miraidon\n|move|p1a: Incineroar|Parting Shot|p2b: Miraidon\n|-unboost|p2b: Miraidon|atk|1\n|-unboost|p2b: Miraidon|spa|1\n|\n|t:|1746018325\n|switch|p1a: Calyrex|Calyrex-Shadow, L50|100/100|[from] Parting Shot\n|-ability|p1a: Calyrex|As One\n|-ability|p1a: Calyrex|Unnerve\n|move|p2a: Farigiraf|Foul Play|p1b: Rillaboom\n|-damage|p1b: Rillaboom|51/100\n|move|p1b: Rillaboom|Wood Hammer|p2b: Miraidon\n|-resisted|p2b: Miraidon\n|-damage|p2b: Miraidon|38/100\n|-damage|p1b: Rillaboom|42/100|[from] Recoil\n|\n|-end|p1b: Rillaboom|move: Heal Block\n|-fieldend|move: Trick Room\n|upkeep\n|turn|7\n|\n|t:|1746018345\n|-terastallize|p1a: Calyrex|Dark\n|move|p1a: Calyrex|Psychic|p2b: Miraidon\n|-damage|p2b: Miraidon|0 fnt\n|faint|p2b: Miraidon\n|-ability|p1a: Calyrex|Grim Neigh|boost\n|-boost|p1a: Calyrex|spa|1\n|-damage|p1a: Calyrex|91/100|[from] item: Life Orb\n|move|p1b: Rillaboom|U-turn|p2a: Farigiraf\n|-supereffective|p2a: Farigiraf\n|-damage|p2a: Farigiraf|78/100\n|\n|t:|1746018357\n|switch|p1b: Incineroar|Incineroar, L50, F|70/100|[from] U-turn\n|-ability|p1b: Incineroar|Intimidate|boost\n|-unboost|p2a: Farigiraf|atk|1\n|move|p2a: Farigiraf|Foul Play|p1a: Calyrex\n|-resisted|p1a: Calyrex\n|-damage|p1a: Calyrex|81/100\n|\n|upkeep\n|\n|t:|1746018363\n|switch|p2b: Urshifu|Urshifu-Rapid-Strike, L50, F|100/100\n|turn|8\n|\n|t:|1746018389\n|switch|p1a: Zamazenta|Zamazenta-Crowned, L50|8/100\n|-terastallize|p2b: Urshifu|Water\n|move|p2b: Urshifu|Surging Strikes|p1a: Zamazenta\n|-crit|p1a: Zamazenta\n|-damage|p1a: Zamazenta|0 fnt\n|faint|p1a: Zamazenta\n|-hitcount|p1: Zamazenta|1\n|move|p1b: Incineroar|Knock Off|p2b: Urshifu\n|-damage|p2b: Urshifu|61/100\n|-enditem|p2b: Urshifu|Choice Scarf|[from] move: Knock Off|[of] p1b: Incineroar\n|move|p2a: Farigiraf|Trick Room|p2a: Farigiraf\n|-fieldstart|move: Trick Room|[of] p2a: Farigiraf\n|\n|upkeep\n|\n|t:|1746018403\n|switch|p1a: Rillaboom|Rillaboom, L50, M|42/100\n|-fieldstart|move: Grassy Terrain|[from] ability: Grassy Surge|[of] p1a: Rillaboom\n|turn|9\n|\n|t:|1746018413\n|move|p2b: Urshifu|Aqua Jet|p1a: Rillaboom\n|-resisted|p1a: Rillaboom\n|-damage|p1a: Rillaboom|27/100\n|move|p1b: Incineroar|Knock Off|p2a: Farigiraf\n|-supereffective|p2a: Farigiraf\n|-damage|p2a: Farigiraf|53/100\n|move|p2a: Farigiraf|Foul Play|p1a: Rillaboom\n|-damage|p1a: Rillaboom|0 fnt\n|faint|p1a: Rillaboom\n|\n|-heal|p1b: Incineroar|76/100|[from] Grassy Terrain\n|-heal|p2a: Farigiraf|59/100|[from] Grassy Terrain\n|-heal|p2b: Urshifu|68/100|[from] Grassy Terrain\n|upkeep\n|\n|t:|1746018425\n|switch|p1a: Calyrex|Calyrex-Shadow, L50, tera:Dark|81/100\n|-ability|p1a: Calyrex|As One\n|-ability|p1a: Calyrex|Unnerve\n|turn|10\n|\n|t:|1746018434\n|move|p1b: Incineroar|Knock Off|p2b: Urshifu\n|-damage|p2b: Urshifu|42/100\n|move|p2a: Farigiraf|Foul Play|p1a: Calyrex\n|-resisted|p1a: Calyrex\n|-damage|p1a: Calyrex|71/100\n|move|p2b: Urshifu|Surging Strikes|p1a: Calyrex\n|-crit|p1a: Calyrex\n|-damage|p1a: Calyrex|41/100\n|-crit|p1a: Calyrex\n|-damage|p1a: Calyrex|7/100\n|-crit|p1a: Calyrex\n|-damage|p1a: Calyrex|0 fnt\n|faint|p1a: Calyrex\n|-hitcount|p1: Calyrex|3\n|\n|-heal|p1b: Incineroar|82/100|[from] Grassy Terrain\n|-heal|p2a: Farigiraf|65/100|[from] Grassy Terrain\n|-heal|p2b: Urshifu|48/100|[from] Grassy Terrain\n|upkeep\n|turn|11\n|-message|FinalFentanylVII forfeited.\n|\n|win|Rkmada\n|l|\u2606FinalFentanylVII\n|player|p1|\n||FinalFentanylVII is ready for game 2.\n||Rkmada is ready for game 2.\n|uhtml|next|Next: <a href=\"/battle-gen9vgc2025regibo3-2353915539\"><strong>Game 2 of 3</strong></a>\n|l|\u2606Rkmada\n|player|p2|\n|j|\u2606Rkmada\n|player|p2|Rkmada|wattson|\n", "uploadtime": 1746018476, "views": 15, "formatid": "gen9vgc2025regibo3", "rating": null, "private": 0, "password": null}