{"id": "gen9vgc2025regibo3-2353890792", "format": "[Gen 9] VGC 2025 Reg I (Bo3)", "players": ["WithoutHands", "tornadoboy1234"], "log": "|j|\u2606WithoutHands\n|j|\u2606tornadoboy1234\n|html|<table width=\"100%\"><tr><td align=\"left\">WithoutHands</td><td align=\"right\">tornadoboy1234</tr><tr><td align=\"left\"><i class=\"fa fa-circle-o\"></i> <i class=\"fa fa-circle-o\"></i> </td><td align=\"right\"><i class=\"fa fa-circle-o\"></i> <i class=\"fa fa-circle-o\"></i> </tr></table>\n|uhtml|bestof|<h2><strong>Game 1</strong> of <a href=\"/game-bestof3-gen9vgc2025regibo3-2353890791\">a best-of-3</a></h2>\n|t:|1746015569\n|gametype|doubles\n|player|p1|WithoutHands|1|1406\n|player|p2|tornadoboy1234|sabrina|1334\n|teamsize|p1|6\n|teamsize|p2|6\n|gen|9\n|tier|[Gen 9] VGC 2025 Reg I (Bo3)\n|rated|\n|rule|Species Clause: Limit one of each Pok\u00e9mon\n|rule|Item Clause: Limit 1 of each item\n|clearpoke\n|poke|p1|Calyrex-Shadow, L50|\n|poke|p1|Zamazenta-*, L50|\n|poke|p1|Amoonguss, L50, F|\n|poke|p1|Chien-Pao, L50|\n|poke|p1|Urshifu-*, L50, M|\n|poke|p1|Pelipper, L50, M|\n|poke|p2|Kyogre, L50|\n|poke|p2|Lunala, L50|\n|poke|p2|Incineroar, L50, F|\n|poke|p2|Rillaboom, L50, F|\n|poke|p2|Urshifu-*, L50, F|\n|poke|p2|Amoonguss, L50, M|\n|teampreview|4\n|showteam|p1|Calyrex-Shadow||LifeOrb|AsOneSpectrier|Protect,Imprison,Psychic,AstralBarrage||||||50|,,,,,Water]Zamazenta-Crowned||RustedShield|DauntlessShield|BodyPress,behemothbash,WideGuard,Protect||||||50|,,,,,Dragon]Amoonguss||RockyHelmet|Regenerator|Spore,SludgeBomb,RagePowder,Protect|||F|||50|,,,,,Water]Chien-Pao||FocusSash|SwordofRuin|IceSpinner,SuckerPunch,ThroatChop,Protect||||||50|,,,,,Stellar]Urshifu-Rapid-Strike||MysticWater|UnseenFist|SurgingStrikes,CloseCombat,AquaJet,Detect|||M|||50|,,,,,Grass]Pelipper||CovertCloak|Drizzle|WeatherBall,Hurricane,WideGuard,Tailwind|||M|||50|,,,,,Grass\n|showteam|p2|Kyogre||ChoiceScarf|Drizzle|WaterSpout,OriginPulse,IceBeam,Thunder||||||50|,,,,,Water]Lunala||Leftovers|ShadowShield|MoongeistBeam,Moonblast,CalmMind,Protect||||||50|,,,,,Fairy]Incineroar||ChopleBerry|Intimidate|FakeOut,KnockOff,WillOWisp,PartingShot|||F|||50|,,,,,Grass]Rillaboom||AssaultVest|GrassySurge|FakeOut,DrumBeating,Uturn,GrassyGlide|||F|||50|,,,,,Fire]Urshifu-Rapid-Strike||FocusSash|UnseenFist|SurgingStrikes,CloseCombat,AquaJet,Detect|||F|||50|,,,,,Stellar]Amoonguss||RockyHelmet|Regenerator|PollenPuff,Spore,RagePowder,Protect|||M|||50|,,,,,Steel\n|inactive|Battle timer is ON: inactive players will automatically lose when time's up. (requested by WithoutHands)\n|l|\u2606WithoutHands\n|inactive|WithoutHands disconnected and has a minute to reconnect!\n|player|p1|\n|j|\u2606WithoutHands\n|inactive|WithoutHands reconnected and has 70 seconds left.\n|player|p1|WithoutHands|1|\n|inactive|WithoutHands has 60 seconds left.\n|inactive|tornadoboy1234 has 60 seconds left.\n|inactive|WithoutHands has 30 seconds left.\n|inactive|WithoutHands has 20 seconds left.\n|\n|t:|1746015647\n|start\n|switch|p1a: Zamazenta|Zamazenta-Crowned, L50|100/100\n|switch|p1b: Amoonguss|Amoonguss, L50, F|100/100\n|switch|p2a: Lunala|Lunala, L50|100/100\n|switch|p2b: Incineroar|Incineroar, L50, F|100/100\n|-ability|p1a: Zamazenta|Dauntless Shield|boost\n|-boost|p1a: Zamazenta|def|1\n|-ability|p2b: Incineroar|Intimidate|boost\n|-unboost|p1a: Zamazenta|atk|1\n|-unboost|p1b: Amoonguss|atk|1\n|turn|1\n|inactive|tornadoboy1234 has 30 seconds left.\n|inactive|tornadoboy1234 has 20 seconds left.\n|inactive|tornadoboy1234 has 15 seconds left.\n|inactive|tornadoboy1234 has 10 seconds left.\n|\n|t:|1746015694\n|move|p1a: Zamazenta|Protect|p1a: Zamazenta\n|-singleturn|p1a: Zamazenta|Protect\n|move|p2a: Lunala|Calm Mind|p2a: Lunala\n|-boost|p2a: Lunala|spa|1\n|-boost|p2a: Lunala|spd|1\n|move|p2b: Incineroar|Will-O-Wisp|p2a: Lunala\n|-status|p2a: Lunala|brn\n|move|p1b: Amoonguss|Spore|p2b: Incineroar\n|-status|p2b: Incineroar|slp|[from] move: Spore\n|\n|-damage|p2a: Lunala|94/100 brn|[from] brn\n|upkeep\n|turn|2\n|inactive|WithoutHands has 30 seconds left.\n|inactive|tornadoboy1234 has 30 seconds left.\n|\n|t:|1746015731\n|switch|p2b: Rillaboom|Rillaboom, L50, F|100/100\n|-fieldstart|move: Grassy Terrain|[from] ability: Grassy Surge|[of] p2b: Rillaboom\n|switch|p1b: Urshifu|Urshifu-Rapid-Strike, L50, M|100/100\n|move|p1a: Zamazenta|Behemoth Bash|p2a: Lunala\n|-damage|p2a: Lunala|78/100 brn\n|move|p2a: Lunala|Calm Mind|p2a: Lunala\n|-boost|p2a: Lunala|spa|1\n|-boost|p2a: Lunala|spd|1\n|\n|-heal|p2a: Lunala|84/100 brn|[from] Grassy Terrain\n|-heal|p2a: Lunala|90/100 brn|[from] item: Leftovers\n|-damage|p2a: Lunala|84/100 brn|[from] brn\n|upkeep\n|turn|3\n|inactive|tornadoboy1234 has 30 seconds left.\n|inactive|tornadoboy1234 has 20 seconds left.\n|inactive|tornadoboy1234 has 15 seconds left.\n|\n|t:|1746015775\n|move|p1a: Zamazenta|Protect|p1a: Zamazenta\n|-singleturn|p1a: Zamazenta|Protect\n|move|p1b: Urshifu|Detect|p1b: Urshifu\n|-singleturn|p1b: Urshifu|Protect\n|move|p2b: Rillaboom|Fake Out|p1b: Urshifu\n|-activate|p1b: Urshifu|move: Protect\n|move|p2a: Lunala|Moongeist Beam|p1a: Zamazenta\n|-activate|p1a: Zamazenta|move: Protect\n|\n|-heal|p2a: Lunala|90/100 brn|[from] Grassy Terrain\n|-heal|p2a: Lunala|96/100 brn|[from] item: Leftovers\n|-damage|p2a: Lunala|90/100 brn|[from] brn\n|upkeep\n|turn|4\n|inactive|WithoutHands has 30 seconds left.\n|\n|t:|1746015810\n|move|p1a: Zamazenta|Body Press|p2b: Rillaboom\n|-damage|p2b: Rillaboom|32/100\n|move|p2b: Rillaboom|Drum Beating|p1b: Urshifu\n|-supereffective|p1b: Urshifu\n|-damage|p1b: Urshifu|17/100\n|-unboost|p1b: Urshifu|spe|1\n|move|p2a: Lunala|Moongeist Beam|p1b: Urshifu\n|-damage|p1b: Urshifu|0 fnt\n|faint|p1b: Urshifu\n|\n|-heal|p2b: Rillaboom|38/100|[from] Grassy Terrain\n|-heal|p2a: Lunala|96/100 brn|[from] Grassy Terrain\n|-heal|p2a: Lunala|100/100 brn|[from] item: Leftovers\n|-damage|p2a: Lunala|94/100 brn|[from] brn\n|upkeep\n|\n|t:|1746015817\n|switch|p1b: Calyrex|Calyrex-Shadow, L50|100/100\n|-ability|p1b: Calyrex|As One\n|-ability|p1b: Calyrex|Unnerve\n|turn|5\n|inactive|tornadoboy1234 has 30 seconds left.\n|\n|t:|1746015848\n|switch|p2b: Incineroar|Incineroar, L50, F|100/100 slp\n|-ability|p2b: Incineroar|Intimidate|boost\n|-unboost|p1a: Zamazenta|atk|1\n|-unboost|p1b: Calyrex|atk|1\n|-terastallize|p2a: Lunala|Fairy\n|move|p1b: Calyrex|Protect|p1b: Calyrex\n|-singleturn|p1b: Calyrex|Protect\n|move|p1a: Zamazenta|Behemoth Bash|p2a: Lunala\n|-supereffective|p2a: Lunala\n|-damage|p2a: Lunala|68/100 brn\n|move|p2a: Lunala|Moongeist Beam|p1a: Zamazenta\n|-damage|p1a: Zamazenta|26/100\n|\n|-heal|p1a: Zamazenta|32/100|[from] Grassy Terrain\n|-heal|p2a: Lunala|75/100 brn|[from] Grassy Terrain\n|-heal|p2a: Lunala|81/100 brn|[from] item: Leftovers\n|-damage|p2a: Lunala|75/100 brn|[from] brn\n|upkeep\n|turn|6\n|inactive|tornadoboy1234 has 30 seconds left.\n|inactive|tornadoboy1234 has 20 seconds left.\n|inactive|tornadoboy1234 has 15 seconds left.\n|inactive|tornadoboy1234 has 10 seconds left.\n|\n|t:|1746015897\n|switch|p2b: Amoonguss|Amoonguss, L50, M|100/100\n|move|p1b: Calyrex|Astral Barrage|p2b: Amoonguss|[spread] p2a,p2b\n|-damage|p2a: Lunala|51/100 brn\n|-damage|p2b: Amoonguss|43/100\n|-damage|p1b: Calyrex|91/100|[from] item: Life Orb\n|move|p1a: Zamazenta|Behemoth Bash|p2a: Lunala\n|-supereffective|p2a: Lunala\n|-damage|p2a: Lunala|26/100 brn\n|move|p2a: Lunala|Moongeist Beam|p1b: Calyrex\n|-supereffective|p1b: Calyrex\n|-damage|p1b: Calyrex|0 fnt\n|faint|p1b: Calyrex\n|\n|-heal|p1a: Zamazenta|38/100|[from] Grassy Terrain\n|-heal|p2a: Lunala|33/100 brn|[from] Grassy Terrain\n|-heal|p2a: Lunala|39/100 brn|[from] item: Leftovers\n|-heal|p2b: Amoonguss|49/100|[from] Grassy Terrain\n|-damage|p2a: Lunala|33/100 brn|[from] brn\n|-fieldend|move: Grassy Terrain\n|upkeep\n|\n|t:|1746015905\n|switch|p1b: Amoonguss|Amoonguss, L50, F|100/100\n|turn|7\n|\n|t:|1746015927\n|move|p1a: Zamazenta|Protect|p1a: Zamazenta\n|-singleturn|p1a: Zamazenta|Protect\n|move|p2a: Lunala|Protect|p2a: Lunala\n|-singleturn|p2a: Lunala|Protect\n|move|p2b: Amoonguss|Spore|p1a: Zamazenta\n|-activate|p1a: Zamazenta|move: Protect\n|move|p1b: Amoonguss|Sludge Bomb|p2a: Lunala\n|-activate|p2a: Lunala|move: Protect\n|\n|-heal|p2a: Lunala|39/100 brn|[from] item: Leftovers\n|-damage|p2a: Lunala|33/100 brn|[from] brn\n|upkeep\n|turn|8\n|\n|t:|1746015950\n|move|p1a: Zamazenta|Protect||[still]\n|-fail|p1a: Zamazenta\n|move|p2b: Amoonguss|Rage Powder|p2b: Amoonguss\n|-singleturn|p2b: Amoonguss|move: Rage Powder\n|move|p2a: Lunala|Moongeist Beam|p1a: Zamazenta\n|-damage|p1a: Zamazenta|0 fnt\n|faint|p1a: Zamazenta\n|move|p1b: Amoonguss|Sludge Bomb|p2a: Lunala\n|-supereffective|p2a: Lunala\n|-damage|p2a: Lunala|13/100 brn\n|\n|-heal|p2a: Lunala|19/100 brn|[from] item: Leftovers\n|-damage|p2a: Lunala|13/100 brn|[from] brn\n|upkeep\n|turn|9\n|-message|WithoutHands forfeited.\n|\n|win|tornadoboy1234\n||WithoutHands is ready for game 2.\n||tornadoboy1234 is ready for game 2.\n|uhtml|next|Next: <a href=\"/battle-gen9vgc2025regibo3-2353893989\"><strong>Game 2 of 3</strong></a>\n", "uploadtime": 1746016940, "views": 11, "formatid": "gen9vgc2025regibo3", "rating": null, "private": 0, "password": null}