{"id": "gen9vgc2025regibo3-2354403051", "format": "[Gen 9] VGC 2025 Reg I (Bo3)", "players": ["helio list", "idkloldude"], "log": "|j|\u2606helio list\n|j|\u2606idkloldude\n|html|<table width=\"100%\"><tr><td align=\"left\">helio list</td><td align=\"right\">idkloldude</tr><tr><td align=\"left\"><i class=\"fa fa-circle\"></i> <i class=\"fa fa-circle-o\"></i> </td><td align=\"right\"><i class=\"fa fa-circle-o\"></i> <i class=\"fa fa-circle-o\"></i> </tr></table>\n|uhtml|bestof|<h2><strong>Game 2</strong> of <a href=\"/game-bestof3-gen9vgc2025regibo3-2354400584\">a best-of-3</a></h2>\n|t:|1746067064\n|gametype|doubles\n|player|p1|helio list|pokemonbreederf|\n|player|p2|idkloldude|elesa|\n|teamsize|p1|6\n|teamsize|p2|6\n|gen|9\n|tier|[Gen 9] VGC 2025 Reg I (Bo3)\n|rule|Species Clause: Limit one of each Pok\u00e9mon\n|rule|Item Clause: Limit 1 of each item\n|clearpoke\n|poke|p1|Calyrex-Shadow, L50|\n|poke|p1|Miraidon, L50|\n|poke|p1|Clefairy, L50, F|\n|poke|p1|Chi-Yu, L50|\n|poke|p1|Iron Hands, L50|\n|poke|p1|Whimsicott, L50, F|\n|poke|p2|Calyrex-Shadow, L50|\n|poke|p2|Terapagos, L50, M|\n|poke|p2|Rillaboom, L50, F|\n|poke|p2|Incineroar, L50, F|\n|poke|p2|Urshifu-*, L50, M|\n|poke|p2|Ogerpon-Cornerstone, L50, F|\n|teampreview|4\n|showteam|p1|Calyrex-Shadow||LifeOrb|AsOneSpectrier|AstralBarrage,Psychic,NastyPlot,Protect||||||50|,,,,,Dark]Miraidon||ChoiceSpecs|HadronEngine|DracoMeteor,VoltSwitch,DazzlingGleam,ElectroDrift||||||50|,,,,,Fairy]Clefairy||Eviolite|FriendGuard|FollowMe,HelpingHand,AfterYou,Protect|||F|||50|,,,,,Water]Chi-Yu||FocusSash|BeadsofRuin|HeatWave,Snarl,DarkPulse,Protect||||||50|,,,,,Ghost]Iron Hands||AssaultVest|QuarkDrive|FakeOut,DrainPunch,LowKick,HeavySlam||||||50|,,,,,Bug]Whimsicott||CovertCloak|Prankster|Tailwind,Encore,Moonblast,LightScreen|||F|||50|,,,,,Dark\n|showteam|p2|Calyrex-Shadow||FocusSash|AsOneSpectrier|AstralBarrage,WillOWisp,Disable,Protect||||||50|,,,,,Ghost]Terapagos||Leftovers|TeraShift|TeraStarstorm,CalmMind,EarthPower,Protect|||M|||50|,,,,,Stellar]Rillaboom||AssaultVest|GrassySurge|WoodHammer,GrassyGlide,Uturn,FakeOut|||F|||50|,,,,,Grass]Incineroar||SafetyGoggles|Intimidate|KnockOff,FakeOut,PartingShot,WillOWisp|||F|||50|,,,,,Ghost]Urshifu-Rapid-Strike||ChoiceScarf|UnseenFist|SurgingStrikes,CloseCombat,AquaJet,Uturn|||M|||50|,,,,,Water]Ogerpon-Cornerstone||CornerstoneMask|Sturdy|IvyCudgel,SpikyShield,FollowMe,PowerWhip|||F|||50|,,,,,Rock\n|inactive|Battle timer is ON: inactive players will automatically lose when time's up. (requested by idkloldude)\n|inactive|helio list also wants the timer to be on.\n|c|\u2606helio list|glhf\n|inactive|idkloldude has 60 seconds left.\n|c|\u2606idkloldude|glhf\n|inactive|idkloldude has 30 seconds left.\n|inactive|idkloldude has 20 seconds left.\n|inactive|idkloldude has 15 seconds left.\n|\n|t:|1746067140\n|start\n|switch|p1a: Glamour Bard|Whimsicott, L50, F|100/100\n|switch|p1b: Storm Sorcerer|Miraidon, L50|100/100\n|switch|p2a: Terapagos|Terapagos, L50, M|100/100\n|switch|p2b: Urshifu|Urshifu-Rapid-Strike, L50, M|100/100\n|-activate|p2a: Terapagos|ability: Tera Shift\n|detailschange|p2a: Terapagos|Terapagos-Terastal, L50, M\n|-heal|p2a: Terapagos|100/100|[silent]\n|-fieldstart|move: Electric Terrain|[from] ability: Hadron Engine|[of] p1b: Storm Sorcerer\n|turn|1\n|\n|t:|1746067154\n|switch|p2b: Rillaboom|Rillaboom, L50, F|100/100\n|-fieldstart|move: Grassy Terrain|[from] ability: Grassy Surge|[of] p2b: Rillaboom\n|move|p1a: Glamour Bard|Moonblast|p2a: Terapagos\n|-activate|p2a: Terapagos|ability: Tera Shell\n|-resisted|p2a: Terapagos\n|-damage|p2a: Terapagos|88/100\n|move|p1b: Storm Sorcerer|Volt Switch|p2b: Rillaboom\n|-resisted|p2b: Rillaboom\n|-damage|p2b: Rillaboom|83/100\n|\n|t:|1746067164\n|switch|p1b: Wildfire Druid|Chi-Yu, L50|100/100|[from] Volt Switch\n|-ability|p1b: Wildfire Druid|Beads of Ruin\n|move|p2a: Terapagos|Tera Starstorm|p1a: Glamour Bard\n|-damage|p1a: Glamour Bard|9/100\n|\n|-heal|p1a: Glamour Bard|15/100|[from] Grassy Terrain\n|-heal|p2a: Terapagos|94/100|[from] Grassy Terrain\n|-heal|p2a: Terapagos|100/100|[from] item: Leftovers\n|-heal|p2b: Rillaboom|89/100|[from] Grassy Terrain\n|upkeep\n|turn|2\n|\n|t:|1746067186\n|move|p1a: Glamour Bard|Tailwind|p1a: Glamour Bard\n|-sidestart|p1: helio list|move: Tailwind\n|move|p1b: Wildfire Druid|Heat Wave|p2b: Rillaboom|[spread] p2a,p2b\n|-activate|p2a: Terapagos|ability: Tera Shell\n|-resisted|p2a: Terapagos\n|-supereffective|p2b: Rillaboom\n|-damage|p2a: Terapagos|78/100\n|-damage|p2b: Rillaboom|24/100\n|move|p2a: Terapagos|Tera Starstorm|p1a: Glamour Bard\n|-damage|p1a: Glamour Bard|0 fnt\n|faint|p1a: Glamour Bard\n|move|p2b: Rillaboom|U-turn|p1b: Wildfire Druid\n|-damage|p1b: Wildfire Druid|64/100\n|\n|t:|1746067199\n|switch|p2b: Urshifu|Urshifu-Rapid-Strike, L50, M|100/100|[from] U-turn\n|\n|-heal|p1b: Wildfire Druid|70/100|[from] Grassy Terrain\n|-heal|p2a: Terapagos|84/100|[from] Grassy Terrain\n|-heal|p2a: Terapagos|91/100|[from] item: Leftovers\n|upkeep\n|\n|t:|1746067206\n|switch|p1a: Storm Sorcerer|Miraidon, L50|100/100\n|-fieldstart|move: Electric Terrain|[from] ability: Hadron Engine|[of] p1a: Storm Sorcerer\n|turn|3\n|\n|t:|1746067231\n|move|p2b: Urshifu|Aqua Jet|p1b: Wildfire Druid\n|-supereffective|p1b: Wildfire Druid\n|-damage|p1b: Wildfire Druid|0 fnt\n|faint|p1b: Wildfire Druid\n|move|p1a: Storm Sorcerer|Volt Switch|p2a: Terapagos\n|-damage|p2a: Terapagos|3/100\n|\n|t:|1746067237\n|switch|p1a: Necromancy Wizard|Calyrex-Shadow, L50|100/100|[from] Volt Switch\n|-ability|p1a: Necromancy Wizard|As One\n|-ability|p1a: Necromancy Wizard|Unnerve\n|move|p2a: Terapagos|Calm Mind|p2a: Terapagos\n|-boost|p2a: Terapagos|spa|1\n|-boost|p2a: Terapagos|spd|1\n|\n|-heal|p2a: Terapagos|9/100|[from] item: Leftovers\n|upkeep\n|\n|t:|1746067239\n|switch|p1b: Storm Sorcerer|Miraidon, L50|100/100\n|-activate|p1b: Storm Sorcerer|ability: Hadron Engine\n|turn|4\n|\n|t:|1746067252\n|switch|p2a: Rillaboom|Rillaboom, L50, F|24/100\n|-fieldstart|move: Grassy Terrain|[from] ability: Grassy Surge|[of] p2a: Rillaboom\n|move|p2b: Urshifu|Aqua Jet|p1a: Necromancy Wizard\n|-damage|p1a: Necromancy Wizard|73/100\n|move|p1a: Necromancy Wizard|Astral Barrage|p2a: Rillaboom|[spread] p2a,p2b\n|-damage|p2a: Rillaboom|0 fnt\n|-damage|p2b: Urshifu|0 fnt\n|faint|p2a: Rillaboom\n|faint|p2b: Urshifu\n|-ability|p1a: Necromancy Wizard|Grim Neigh|boost\n|-boost|p1a: Necromancy Wizard|spa|2\n|-damage|p1a: Necromancy Wizard|64/100|[from] item: Life Orb\n|move|p1b: Storm Sorcerer|Dazzling Gleam|p2: Rillaboom|[notarget]\n|-fail|p1b: Storm Sorcerer\n|\n|-heal|p1a: Necromancy Wizard|70/100|[from] Grassy Terrain\n|upkeep\n|\n|t:|1746067261\n|switch|p2b: Terapagos|Terapagos-Terastal, L50, M|9/100\n|switch|p2a: Calyrex|Calyrex-Shadow, L50|100/100\n|-ability|p2a: Calyrex|As One\n|-ability|p2a: Calyrex|Unnerve\n|turn|5\n|\n|t:|1746067269\n|-terastallize|p1a: Necromancy Wizard|Dark\n|move|p2a: Calyrex|Protect|p2a: Calyrex\n|-singleturn|p2a: Calyrex|Protect\n|move|p2b: Terapagos|Protect|p2b: Terapagos\n|-singleturn|p2b: Terapagos|Protect\n|move|p1a: Necromancy Wizard|Astral Barrage|p2a: Calyrex|[spread] \n|-activate|p2a: Calyrex|move: Protect\n|-activate|p2b: Terapagos|move: Protect\n|move|p1b: Storm Sorcerer|Dazzling Gleam|p2a: Calyrex|[spread] \n|-activate|p2a: Calyrex|move: Protect\n|-activate|p2b: Terapagos|move: Protect\n|\n|-heal|p1a: Necromancy Wizard|76/100|[from] Grassy Terrain\n|-heal|p2b: Terapagos|15/100|[from] Grassy Terrain\n|-heal|p2b: Terapagos|21/100|[from] item: Leftovers\n|-sideend|p1: helio list|move: Tailwind\n|upkeep\n|turn|6\n|\n|t:|1746067281\n|-terastallize|p2b: Terapagos|Stellar\n|detailschange|p2b: Terapagos|Terapagos-Stellar, L50, M, tera:Stellar\n|-heal|p2b: Terapagos|41/100|[silent]\n|-ability|p2b: Terapagos|Teraform Zero\n|-fieldend|move: Grassy Terrain\n|move|p1a: Necromancy Wizard|Astral Barrage|p2a: Calyrex|[spread] p2a\n|-immune|p2b: Terapagos\n|-supereffective|p2a: Calyrex\n|-enditem|p2a: Calyrex|Focus Sash\n|-damage|p2a: Calyrex|1/100\n|-damage|p1a: Necromancy Wizard|66/100|[from] item: Life Orb\n|move|p2a: Calyrex|Disable|p1b: Storm Sorcerer\n|-start|p1b: Storm Sorcerer|Disable|Dazzling Gleam\n|cant|p1b: Storm Sorcerer|Disable|Dazzling Gleam\n|move|p2b: Terapagos|Tera Starstorm|p1a: Necromancy Wizard|[spread] p1a,p1b\n|-supereffective|p1a: Necromancy Wizard\n|-damage|p1a: Necromancy Wizard|0 fnt\n|-damage|p1b: Storm Sorcerer|73/100\n|faint|p1a: Necromancy Wizard\n|\n|-heal|p2b: Terapagos|48/100|[from] item: Leftovers\n|upkeep\n|turn|7\n|\n|t:|1746067298\n|move|p2a: Calyrex|Astral Barrage|p1b: Storm Sorcerer\n|-damage|p1b: Storm Sorcerer|3/100\n|-activate|p1b: Storm Sorcerer|move: Struggle\n|move|p1b: Storm Sorcerer|Struggle|p2b: Terapagos\n|-damage|p2b: Terapagos|43/100\n|-damage|p1b: Storm Sorcerer|0 fnt|[from] recoil\n|faint|p1b: Storm Sorcerer\n|\n|win|idkloldude\n||idkloldude is ready for game 3.\n||helio list is ready for game 3.\n|uhtml|next|Next: <a href=\"/battle-gen9vgc2025regibo3-2354404965\"><strong>Game 3 of 3</strong></a>\n", "uploadtime": 1746067554, "views": 7, "formatid": "gen9vgc2025regibo3", "rating": null, "private": 0, "password": null}