{"id": "gen9vgc2025regibo3-2354994633", "format": "[Gen 9] VGC 2025 Reg I (Bo3)", "players": ["Solunex", "silverserpentine"], "log": "|j|\u203dSolunex\n|j|\u2606silverserpentine\n|html|<table width=\"100%\"><tr><td align=\"left\">Solunex</td><td align=\"right\">silverserpentine</tr><tr><td align=\"left\"><i class=\"fa fa-circle-o\"></i> <i class=\"fa fa-circle-o\"></i> </td><td align=\"right\"><i class=\"fa fa-circle-o\"></i> <i class=\"fa fa-circle-o\"></i> </tr></table>\n|uhtml|bestof|<h2><strong>Game 1</strong> of <a href=\"/game-bestof3-gen9vgc2025regibo3-2354994632\">a best-of-3</a></h2>\n|t:|1746139831\n|gametype|doubles\n|player|p1|Solunex|101|1162\n|player|p2|silverserpentine|sabrina|1158\n|teamsize|p1|6\n|teamsize|p2|6\n|gen|9\n|tier|[Gen 9] VGC 2025 Reg I (Bo3)\n|rated|\n|rule|Species Clause: Limit one of each Pok\u00e9mon\n|rule|Item Clause: Limit 1 of each item\n|clearpoke\n|poke|p1|Ogerpon-Hearthflame, L50, F|\n|poke|p1|Miraidon, L50|\n|poke|p1|Calyrex-Ice, L50|\n|poke|p1|Whimsicott, L50, M|\n|poke|p1|Moltres-Galar, L50|\n|poke|p1|Iron Hands, L50|\n|poke|p2|Zacian-*, L50|\n|poke|p2|Miraidon, L50|\n|poke|p2|Iron Valiant, L50|\n|poke|p2|Iron Hands, L50|\n|poke|p2|Ogerpon-Hearthflame, L50, F|\n|poke|p2|Farigiraf, L50, F|\n|teampreview|4\n|showteam|p1|Ogerpon-Hearthflame||HearthflameMask|MoldBreaker|IvyCudgel,WoodHammer,FollowMe,SpikyShield|||F|||50|,,,,,Fire]Miraidon||ChoiceSpecs|HadronEngine|ElectroDrift,DracoMeteor,DazzlingGleam,VoltSwitch||||||50|,,,,,Fairy]Calyrex-Ice||ClearAmulet|AsOneGlastrier|GlacialLance,HighHorsepower,TrickRoom,Protect||||||50|,,,,,Poison]Whimsicott||CovertCloak|Prankster|Moonblast,Tailwind,LightScreen,Taunt|||M|||50|,,,,,Dark]Moltres-Galar||Leftovers|Berserk|FieryWrath,AirSlash,NastyPlot,Protect||||||50|,,,,,Poison]Iron Hands||AssaultVest|QuarkDrive|WildCharge,DrainPunch,FakeOut,LowKick||||||50|,,,,,Poison\n|showteam|p2|Zacian-Crowned||RustedSword|IntrepidSword|PlayRough,behemothblade,TeraBlast,Protect||||||50|,,,,,Ground]Miraidon||ChoiceSpecs|HadronEngine|ElectroDrift,VoltSwitch,DazzlingGleam,DracoMeteor||||||50|,,,,,Fairy]Iron Valiant||FocusSash|QuarkDrive|Coaching,WideGuard,SpiritBreak,CloseCombat||||||50|,,,,,Ghost]Iron Hands||AssaultVest|QuarkDrive|DrainPunch,WildCharge,FakeOut,LowKick||||||50|,,,,,Bug]Ogerpon-Hearthflame||HearthflameMask|MoldBreaker|IvyCudgel,WoodHammer,FollowMe,SpikyShield|||F|||50|,,,,,Fire]Farigiraf||ElectricSeed|ArmorTail|HelpingHand,FoulPlay,TrickRoom,Psychic|||F|||50|,,,,,Water\n|inactive|Battle timer is ON: inactive players will automatically lose when time's up. (requested by silverserpentine)\n|inactive|silverserpentine has 60 seconds left.\n|\n|t:|1746139882\n|start\n|switch|p1a: Ogerpon|Ogerpon-Hearthflame, L50, F|100/100\n|switch|p1b: Miraidon|Miraidon, L50|100/100\n|switch|p2a: Miraidon|Miraidon, L50|100/100\n|switch|p2b: Iron Hands|Iron Hands, L50|100/100\n|-fieldstart|move: Electric Terrain|[from] ability: Hadron Engine|[of] p1b: Miraidon\n|-activate|p2b: Iron Hands|ability: Quark Drive\n|-start|p2b: Iron Hands|quarkdriveatk\n|-activate|p2a: Miraidon|ability: Hadron Engine\n|-ability|p1a: Ogerpon|Mold Breaker\n|turn|1\n|\n|t:|1746139902\n|switch|p1b: Iron Hands|Iron Hands, L50|100/100\n|-activate|p1b: Iron Hands|ability: Quark Drive\n|-start|p1b: Iron Hands|quarkdriveatk\n|-terastallize|p2a: Miraidon|Fairy\n|move|p2b: Iron Hands|Fake Out|p1a: Ogerpon\n|-damage|p1a: Ogerpon|78/100\n|move|p2a: Miraidon|Volt Switch|p1b: Iron Hands\n|-resisted|p1b: Iron Hands\n|-damage|p1b: Iron Hands|72/100\n|\n|t:|1746139916\n|switch|p2a: Zacian|Zacian-Crowned, L50|100/100|[from] Volt Switch\n|-ability|p2a: Zacian|Intrepid Sword|boost\n|-boost|p2a: Zacian|atk|1\n|cant|p1a: Ogerpon|flinch\n|\n|upkeep\n|turn|2\n|\n|t:|1746139931\n|move|p1b: Iron Hands|Fake Out|p2a: Zacian\n|-resisted|p2a: Zacian\n|-damage|p2a: Zacian|92/100\n|cant|p2a: Zacian|flinch\n|move|p1a: Ogerpon|Ivy Cudgel|p2a: Zacian|[anim] Ivy Cudgel Fire\n|-supereffective|p2a: Zacian\n|-damage|p2a: Zacian|0 fnt\n|faint|p2a: Zacian\n|move|p2b: Iron Hands|Low Kick|p1b: Iron Hands\n|-crit|p1b: Iron Hands\n|-damage|p1b: Iron Hands|0 fnt\n|faint|p1b: Iron Hands\n|-end|p1b: Iron Hands|Quark Drive|[silent]\n|\n|upkeep\n|\n|t:|1746139954\n|switch|p2a: Amethyst|Iron Valiant, L50, shiny|100/100\n|switch|p1b: Calyrex|Calyrex-Ice, L50|100/100\n|-ability|p1b: Calyrex|As One\n|-ability|p1b: Calyrex|Unnerve\n|-activate|p2a: Amethyst|ability: Quark Drive\n|-start|p2a: Amethyst|quarkdrivespe\n|turn|3\n|\n|t:|1746139969\n|-terastallize|p1b: Calyrex|Poison\n|move|p2a: Amethyst|Close Combat|p1b: Calyrex\n|-resisted|p1b: Calyrex\n|-damage|p1b: Calyrex|83/100\n|-unboost|p2a: Amethyst|def|1\n|-unboost|p2a: Amethyst|spd|1\n|move|p1a: Ogerpon|Ivy Cudgel|p2a: Amethyst|[anim] Ivy Cudgel Fire\n|-enditem|p2a: Amethyst|Focus Sash\n|-damage|p2a: Amethyst|1/100\n|move|p1b: Calyrex|High Horsepower|p2b: Iron Hands\n|-supereffective|p2b: Iron Hands\n|-damage|p2b: Iron Hands|44/100\n|move|p2b: Iron Hands|Low Kick|p1b: Calyrex\n|-resisted|p1b: Calyrex\n|-damage|p1b: Calyrex|54/100\n|\n|upkeep\n|turn|4\n|inactive|Solunex has 30 seconds left.\n|\n|t:|1746140001\n|move|p1a: Ogerpon|Follow Me|p1a: Ogerpon\n|-singleturn|p1a: Ogerpon|move: Follow Me\n|move|p2a: Amethyst|Close Combat|p1a: Ogerpon\n|-crit|p1a: Ogerpon\n|-damage|p1a: Ogerpon|0 fnt\n|-unboost|p2a: Amethyst|def|1\n|-unboost|p2a: Amethyst|spd|1\n|faint|p1a: Ogerpon\n|move|p1b: Calyrex|Glacial Lance|p2b: Iron Hands|[spread] p2a,p2b\n|-damage|p2a: Amethyst|0 fnt\n|-damage|p2b: Iron Hands|6/100\n|faint|p2a: Amethyst\n|-end|p2a: Amethyst|Quark Drive|[silent]\n|-ability|p1b: Calyrex|Chilling Neigh|boost\n|-boost|p1b: Calyrex|atk|1\n|move|p2b: Iron Hands|Wild Charge|p1b: Calyrex\n|-damage|p1b: Calyrex|4/100\n|-damage|p2b: Iron Hands|0 fnt|[from] Recoil\n|faint|p2b: Iron Hands\n|-end|p2b: Iron Hands|Quark Drive|[silent]\n|\n|upkeep\n|\n|t:|1746140018\n|switch|p1a: Miraidon|Miraidon, L50|100/100\n|switch|p2b: Miraidon|Miraidon, L50, tera:Fairy|100/100\n|-activate|p1a: Miraidon|ability: Hadron Engine\n|-activate|p2b: Miraidon|ability: Hadron Engine\n|turn|5\n|\n|t:|1746140034\n|move|p1a: Miraidon|Electro Drift|p2b: Miraidon\n|-damage|p2b: Miraidon|0 fnt\n|faint|p2b: Miraidon\n|\n|win|Solunex\n||silverserpentine is ready for game 2.\n||Solunex is ready for game 2.\n|uhtml|next|Next: <a href=\"/battle-gen9vgc2025regibo3-2354996437\"><strong>Game 2 of 3</strong></a>\n", "uploadtime": 1746140377, "views": 4, "formatid": "gen9vgc2025regibo3", "rating": null, "private": 0, "password": null}