{"id": "gen9vgc2025regibo3-2354417219", "format": "[Gen 9] VGC 2025 Reg I (Bo3)", "players": ["Ashleemaster", "onya nurve"], "log": "|j|\u2606Ashleemaster\n|j|\u2606onya nurve\n|html|<table width=\"100%\"><tr><td align=\"left\">Ashleemaster</td><td align=\"right\">onya nurve</tr><tr><td align=\"left\"><i class=\"fa fa-circle\"></i> <i class=\"fa fa-circle-o\"></i> </td><td align=\"right\"><i class=\"fa fa-circle-o\"></i> <i class=\"fa fa-circle\"></i> </tr></table>\n|uhtml|bestof|<h2><strong>Game 3</strong> of <a href=\"/game-bestof3-gen9vgc2025regibo3-2354412114\">a best-of-3</a></h2>\n|t:|1746068837\n|gametype|doubles\n|player|p1|Ashleemaster|oleana|1271\n|player|p2|onya nurve|winona|1284\n|teamsize|p1|6\n|teamsize|p2|6\n|gen|9\n|tier|[Gen 9] VGC 2025 Reg I (Bo3)\n|rated|\n|rule|Species Clause: Limit one of each Pok\u00e9mon\n|rule|Item Clause: Limit 1 of each item\n|clearpoke\n|poke|p1|Zacian-*, L50|\n|poke|p1|Lunala, L50|\n|poke|p1|Tornadus, L50, M|\n|poke|p1|Ogerpon-Cornerstone, L50, F|\n|poke|p1|Urshifu-*, L50, F|\n|poke|p1|Chi-Yu, L50|\n|poke|p2|Koraidon, L50|\n|poke|p2|Lunala, L50|\n|poke|p2|Incineroar, L50, M|\n|poke|p2|Amoonguss, L50, M|\n|poke|p2|Flutter Mane, L50|\n|poke|p2|Ursaluna, L50, M|\n|teampreview|4\n|showteam|p1|Zacian-Crowned||RustedSword|IntrepidSword|behemothblade,PlayRough,SacredSword,Protect||||||50|,,,,,Fairy]Lunala||SafetyGoggles|ShadowShield|WideGuard,Moonblast,MoongeistBeam,TrickRoom||||||50|,,,,,Fairy]Tornadus||CovertCloak|Prankster|BleakwindStorm,Taunt,Tailwind,RainDance|||M|||50|,,,,,Dark]Ogerpon-Cornerstone||CornerstoneMask|Sturdy|PowerWhip,IvyCudgel,SpikyShield,FollowMe|||F|||50|,,,,,Rock]Urshifu-Rapid-Strike||MysticWater|UnseenFist|SurgingStrikes,CloseCombat,AquaJet,Detect|||F|||50|,,,,,Water]Chi-Yu||ChoiceScarf|BeadsofRuin|HeatWave,DarkPulse,Overheat,Snarl||||||50|,,,,,Ghost\n|showteam|p2|Koraidon||LifeOrb|OrichalcumPulse|FlareBlitz,CloseCombat,FlameCharge,Protect||||||50|,,,,,Fire]Lunala||Leftovers|ShadowShield|Moonblast,MoongeistBeam,TrickRoom,WideGuard||||||50|,,,,,Fairy]Incineroar||SafetyGoggles|Intimidate|FakeOut,FlareBlitz,KnockOff,PartingShot|||M|||50|,,,,,Bug]Amoonguss||CovertCloak|Regenerator|Spore,RagePowder,PollenPuff,Protect|||M|||50|,,,,,Dark]Flutter Mane||FocusSash|Protosynthesis|Moonblast,ShadowBall,IcyWind,Protect||||||50|,,,,,Normal]Ursaluna||FlameOrb|Guts|HeadlongRush,Facade,Earthquake,Protect|||M|||50|,,,,,Ghost\n|inactive|Battle timer is ON: inactive players will automatically lose when time's up. (requested by Ashleemaster)\n|\n|t:|1746068860\n|start\n|switch|p1a: Urshifu|Urshifu-Rapid-Strike, L50, F|100/100\n|switch|p1b: Chi-Yu|Chi-Yu, L50|100/100\n|switch|p2a: Lunala|Lunala, L50|100/100\n|switch|p2b: Incineroar|Incineroar, L50, M|100/100\n|-ability|p1b: Chi-Yu|Beads of Ruin\n|-ability|p2b: Incineroar|Intimidate|boost\n|-unboost|p1a: Urshifu|atk|1\n|-unboost|p1b: Chi-Yu|atk|1\n|turn|1\n|inactive|Ashleemaster has 30 seconds left.\n|\n|t:|1746068886\n|-terastallize|p2a: Lunala|Fairy\n|move|p1a: Urshifu|Detect|p1a: Urshifu\n|-singleturn|p1a: Urshifu|Protect\n|move|p2b: Incineroar|Fake Out|p1a: Urshifu\n|-activate|p1a: Urshifu|move: Protect\n|move|p1b: Chi-Yu|Heat Wave|p2b: Incineroar|[spread] p2a,p2b\n|-crit|p2a: Lunala\n|-resisted|p2b: Incineroar\n|-damage|p2a: Lunala|73/100\n|-damage|p2b: Incineroar|77/100\n|move|p2a: Lunala|Trick Room|p2a: Lunala\n|-fieldstart|move: Trick Room|[of] p2a: Lunala\n|\n|-heal|p2a: Lunala|79/100|[from] item: Leftovers\n|upkeep\n|turn|2\n|inactive|onya nurve has 30 seconds left.\n|\n|t:|1746068914\n|-terastallize|p1a: Urshifu|Water\n|move|p2b: Incineroar|Knock Off|p1a: Urshifu\n|-damage|p1a: Urshifu|62/100\n|-enditem|p1a: Urshifu|Mystic Water|[from] move: Knock Off|[of] p2b: Incineroar\n|move|p2a: Lunala|Moonblast|p1a: Urshifu\n|-damage|p1a: Urshifu|0 fnt\n|faint|p1a: Urshifu\n|move|p1b: Chi-Yu|Heat Wave|p2b: Incineroar|[spread] p2a\n|-miss|p1b: Chi-Yu|p2b: Incineroar\n|-damage|p2a: Lunala|41/100\n|\n|-heal|p2a: Lunala|47/100|[from] item: Leftovers\n|upkeep\n|\n|t:|1746068926\n|switch|p1a: Lunala|Lunala, L50|100/100\n|turn|3\n|\n|t:|1746068947\n|move|p2a: Lunala|Wide Guard|p2a: Lunala\n|-singleturn|p2a: Lunala|Wide Guard\n|move|p2b: Incineroar|Knock Off|p1a: Lunala\n|-supereffective|p1a: Lunala\n|-damage|p1a: Lunala|39/100\n|-enditem|p1a: Lunala|Safety Goggles|[from] move: Knock Off|[of] p2b: Incineroar\n|move|p1a: Lunala|Moonblast|p2b: Incineroar\n|-damage|p2b: Incineroar|33/100\n|move|p1b: Chi-Yu|Heat Wave|p2b: Incineroar|[spread] \n|-activate|p2a: Lunala|move: Wide Guard\n|-activate|p2b: Incineroar|move: Wide Guard\n|\n|-heal|p2a: Lunala|53/100|[from] item: Leftovers\n|upkeep\n|turn|4\n|inactive|onya nurve has 30 seconds left.\n|\n|t:|1746068974\n|move|p2a: Lunala|Wide Guard|p2a: Lunala\n|-singleturn|p2a: Lunala|Wide Guard\n|move|p2b: Incineroar|Knock Off|p1a: Lunala\n|-supereffective|p1a: Lunala\n|-damage|p1a: Lunala|0 fnt\n|faint|p1a: Lunala\n|move|p1b: Chi-Yu|Heat Wave|p2a: Lunala|[spread] \n|-activate|p2a: Lunala|move: Wide Guard\n|-activate|p2b: Incineroar|move: Wide Guard\n|\n|-heal|p2a: Lunala|59/100|[from] item: Leftovers\n|upkeep\n|\n|t:|1746068980\n|switch|p1a: Zacian|Zacian-Crowned, L50|100/100\n|-ability|p1a: Zacian|Intrepid Sword|boost\n|-boost|p1a: Zacian|atk|1\n|turn|5\n|\n|t:|1746068999\n|switch|p2b: Amoonguss|Amoonguss, L50, M|100/100\n|move|p1a: Zacian|Protect|p1a: Zacian\n|-singleturn|p1a: Zacian|Protect\n|move|p2a: Lunala|Wide Guard|p2a: Lunala\n|-singleturn|p2a: Lunala|Wide Guard\n|move|p1b: Chi-Yu|Heat Wave|p2a: Lunala|[spread] \n|-activate|p2a: Lunala|move: Wide Guard\n|-activate|p2b: Amoonguss|move: Wide Guard\n|\n|-heal|p2a: Lunala|65/100|[from] item: Leftovers\n|-fieldend|move: Trick Room\n|upkeep\n|turn|6\n|\n|t:|1746069018\n|move|p2a: Lunala|Wide Guard|p2a: Lunala\n|-singleturn|p2a: Lunala|Wide Guard\n|move|p1b: Chi-Yu|Heat Wave|p2a: Lunala|[spread] \n|-activate|p2a: Lunala|move: Wide Guard\n|-activate|p2b: Amoonguss|move: Wide Guard\n|move|p1a: Zacian|Behemoth Blade|p2a: Lunala\n|-supereffective|p2a: Lunala\n|-damage|p2a: Lunala|0 fnt\n|faint|p2a: Lunala\n|move|p2b: Amoonguss|Spore|p1a: Zacian\n|-status|p1a: Zacian|slp|[from] move: Spore\n|\n|upkeep\n|\n|t:|1746069032\n|switch|p2a: Ursaluna|Ursaluna, L50, M|100/100\n|turn|7\n|\n|t:|1746069042\n|switch|p2b: Incineroar|Incineroar, L50, M|33/100\n|-ability|p2b: Incineroar|Intimidate|boost\n|-unboost|p1a: Zacian|atk|1\n|-unboost|p1b: Chi-Yu|atk|1\n|move|p1b: Chi-Yu|Heat Wave|p2a: Ursaluna|[spread] p2a,p2b\n|-resisted|p2b: Incineroar\n|-damage|p2a: Ursaluna|49/100\n|-damage|p2b: Incineroar|10/100\n|cant|p1a: Zacian|slp\n|move|p2a: Ursaluna|Headlong Rush|p1b: Chi-Yu\n|-supereffective|p1b: Chi-Yu\n|-damage|p1b: Chi-Yu|0 fnt\n|-unboost|p2a: Ursaluna|def|1\n|-unboost|p2a: Ursaluna|spd|1\n|faint|p1b: Chi-Yu\n|\n|-status|p2a: Ursaluna|brn|[from] item: Flame Orb\n|upkeep\n|turn|8\n|\n|t:|1746069064\n|switch|p2b: Amoonguss|Amoonguss, L50, M|100/100\n|cant|p1a: Zacian|slp\n|move|p2a: Ursaluna|Protect||[still]\n|-fail|p2a: Ursaluna\n|\n|-damage|p2a: Ursaluna|43/100 brn|[from] brn\n|upkeep\n|turn|9\n|\n|t:|1746069074\n|move|p2b: Amoonguss|Rage Powder|p2b: Amoonguss\n|-singleturn|p2b: Amoonguss|move: Rage Powder\n|-curestatus|p1a: Zacian|slp|[msg]\n|move|p1a: Zacian|Behemoth Blade|p2b: Amoonguss\n|-damage|p2b: Amoonguss|49/100\n|move|p2a: Ursaluna|Headlong Rush|p1a: Zacian\n|-supereffective|p1a: Zacian\n|-damage|p1a: Zacian|0 fnt\n|-unboost|p2a: Ursaluna|def|1\n|-unboost|p2a: Ursaluna|spd|1\n|faint|p1a: Zacian\n|\n|win|onya nurve\n|raw|Ashleemaster's rating: 1271 &rarr; <strong>1247</strong><br />(-24 for losing)\n|raw|onya nurve's rating: 1284 &rarr; <strong>1308</strong><br />(+24 for winning)\n|c|\u2606Ashleemaster|ggs\n|c|\u2606onya nurve|ggs\n|l|\u2606Ashleemaster\n|player|p1|\n", "uploadtime": 1746069117, "views": 53, "formatid": "gen9vgc2025regibo3", "rating": 1247, "private": 0, "password": null}