{"id": "gen9vgc2025regibo3-2353779079", "format": "[Gen 9] VGC 2025 Reg I (Bo3)", "players": ["magikarp2002", "corndog7"], "log": "|j|\u2606magikarp2002\n|j|\u2606corndog7\n|html|<table width=\"100%\"><tr><td align=\"left\">magikarp2002</td><td align=\"right\">corndog7</tr><tr><td align=\"left\"><i class=\"fa fa-circle-o\"></i> <i class=\"fa fa-circle-o\"></i> </td><td align=\"right\"><i class=\"fa fa-circle-o\"></i> <i class=\"fa fa-circle\"></i> </tr></table>\n|uhtml|bestof|<h2><strong>Game 2</strong> of <a href=\"/game-bestof3-gen9vgc2025regibo3-2353777617\">a best-of-3</a></h2>\n|t:|1745998527\n|gametype|doubles\n|player|p1|magikarp2002|cyrus|1100\n|player|p2|corndog7|linebacker|1191\n|teamsize|p1|6\n|teamsize|p2|6\n|gen|9\n|tier|[Gen 9] VGC 2025 Reg I (Bo3)\n|rated|\n|rule|Species Clause: Limit one of each Pok\u00e9mon\n|rule|Item Clause: Limit 1 of each item\n|clearpoke\n|poke|p1|Calyrex-Ice, L50|\n|poke|p1|Miraidon, L50|\n|poke|p1|Whimsicott, L50, F|\n|poke|p1|Incineroar, L50, M|\n|poke|p1|Ogerpon-Cornerstone, L50, F|\n|poke|p1|Urshifu-*, L50, F|\n|poke|p2|Miraidon, L50|\n|poke|p2|Farigiraf, L50, M|\n|poke|p2|Iron Hands, L50|\n|poke|p2|Iron Bundle, L50|\n|poke|p2|Ho-Oh, L50|\n|poke|p2|Iron Treads, L50|\n|teampreview|4\n|showteam|p1|Calyrex-Ice||ClearAmulet|AsOneGlastrier|GlacialLance,HighHorsepower,CloseCombat,Protect||||||50|,,,,,Steel]Miraidon||ChoiceSpecs|HadronEngine|DazzlingGleam,VoltSwitch,ElectroDrift,DracoMeteor||||||50|,,,,,Fairy]Whimsicott||CovertCloak|Prankster|Tailwind,Encore,Moonblast,LightScreen|||F|||50|,,,,,Ghost]Incineroar||SitrusBerry|Intimidate|WillOWisp,FakeOut,FlareBlitz,KnockOff|||M|||50|,,,,,Ghost]Ogerpon-Cornerstone||CornerstoneMask|Sturdy|FollowMe,PowerWhip,IvyCudgel,SpikyShield|||F|||50|,,,,,Rock]Urshifu-Rapid-Strike||FocusSash|UnseenFist|CloseCombat,SurgingStrikes,Taunt,AquaJet|||F|||50|,,,,,Water\n|showteam|p2|Miraidon||ChoiceSpecs|HadronEngine|ElectroDrift,DracoMeteor,DazzlingGleam,VoltSwitch||||||50|,,,,,Fairy]Farigiraf||ThroatSpray|ArmorTail|HyperVoice,PsychicNoise,TrickRoom,Protect|||M|||50|,,,,,Fairy]Iron Hands||AssaultVest|QuarkDrive|FakeOut,DrainPunch,LowKick,HeavySlam||||||50|,,,,,Water]Iron Bundle||FocusSash|QuarkDrive|IcyWind,FreezeDry,Encore,Protect||||||50|,,,,,Ghost]Ho-Oh||ClearAmulet|Regenerator|SacredFire,BraveBird,Tailwind,Protect||||||50|,,,,,Grass]Iron Treads||ElectricSeed|QuarkDrive|IronHead,HighHorsepower,BodyPress,Protect||||||50|,,,,,Fighting\n|inactive|Battle timer is ON: inactive players will automatically lose when time's up. (requested by corndog7)\n|\n|t:|1745998542\n|start\n|switch|p1a: Miraidon|Miraidon, L50|100/100\n|switch|p1b: Incineroar|Incineroar, L50, M, shiny|100/100\n|switch|p2a: Ho-Oh|Ho-Oh, L50|100/100\n|switch|p2b: Iron Treads|Iron Treads, L50|100/100\n|-fieldstart|move: Electric Terrain|[from] ability: Hadron Engine|[of] p1a: Miraidon\n|-activate|p2b: Iron Treads|ability: Quark Drive\n|-start|p2b: Iron Treads|quarkdrivespe\n|-enditem|p2b: Iron Treads|Electric Seed\n|-boost|p2b: Iron Treads|def|1|[from] item: Electric Seed\n|-ability|p1b: Incineroar|Intimidate|boost\n|-fail|p2a: Ho-Oh|unboost|[from] item: Clear Amulet|[of] p2a: Ho-Oh\n|-unboost|p2b: Iron Treads|atk|1\n|turn|1\n|inactive|magikarp2002 has 30 seconds left.\n|\n|t:|1745998570\n|move|p2b: Iron Treads|Protect|p2b: Iron Treads\n|-singleturn|p2b: Iron Treads|Protect\n|move|p2a: Ho-Oh|Protect|p2a: Ho-Oh\n|-singleturn|p2a: Ho-Oh|Protect\n|move|p1a: Miraidon|Volt Switch|p2a: Ho-Oh\n|-activate|p2a: Ho-Oh|move: Protect\n|move|p1b: Incineroar|Will-O-Wisp|p2b: Iron Treads\n|-activate|p2b: Iron Treads|move: Protect\n|\n|upkeep\n|turn|2\n|\n|t:|1745998585\n|switch|p2a: Miraidon|Miraidon, L50|100/100\n|-activate|p2a: Miraidon|ability: Hadron Engine\n|-terastallize|p1b: Incineroar|Ghost\n|move|p2b: Iron Treads|Body Press|p1b: Incineroar\n|-immune|p1b: Incineroar\n|move|p1a: Miraidon|Volt Switch|p2a: Miraidon\n|-resisted|p2a: Miraidon\n|-damage|p2a: Miraidon|80/100\n|\n|t:|1745998600\n|switch|p1a: Whimsicott|Whimsicott, L50, F|100/100|[from] Volt Switch\n|move|p1b: Incineroar|Will-O-Wisp|p2b: Iron Treads\n|-status|p2b: Iron Treads|brn\n|\n|-damage|p2b: Iron Treads|94/100 brn|[from] brn\n|upkeep\n|turn|3\n|\n|t:|1745998613\n|-terastallize|p2a: Miraidon|Fairy\n|move|p1a: Whimsicott|Light Screen|p1a: Whimsicott\n|-sidestart|p1: magikarp2002|move: Light Screen\n|move|p2b: Iron Treads|Iron Head|p1a: Whimsicott\n|-supereffective|p1a: Whimsicott\n|-damage|p1a: Whimsicott|73/100\n|move|p2a: Miraidon|Dazzling Gleam|p1a: Whimsicott|[spread] p1a,p1b\n|-crit|p1a: Whimsicott\n|-damage|p1a: Whimsicott|0 fnt\n|-damage|p1b: Incineroar|67/100\n|faint|p1a: Whimsicott\n|move|p1b: Incineroar|Knock Off|p2a: Miraidon\n|-resisted|p2a: Miraidon\n|-damage|p2a: Miraidon|61/100\n|-enditem|p2a: Miraidon|Choice Specs|[from] move: Knock Off|[of] p1b: Incineroar\n|\n|-damage|p2b: Iron Treads|88/100 brn|[from] brn\n|upkeep\n|\n|t:|1745998628\n|switch|p1a: Calyrex|Calyrex-Ice, L50|100/100\n|-ability|p1a: Calyrex|As One\n|-ability|p1a: Calyrex|Unnerve\n|turn|4\n|\n|t:|1745998640\n|move|p2b: Iron Treads|Body Press|p1a: Calyrex\n|-damage|p1a: Calyrex|88/100\n|move|p2a: Miraidon|Draco Meteor|p1b: Incineroar\n|-damage|p1b: Incineroar|20/100\n|-unboost|p2a: Miraidon|spa|2\n|-enditem|p1b: Incineroar|Sitrus Berry|[eat]\n|-heal|p1b: Incineroar|45/100|[from] item: Sitrus Berry\n|move|p1a: Calyrex|Glacial Lance|p2b: Iron Treads|[spread] p2a,p2b\n|-damage|p2a: Miraidon|0 fnt\n|-damage|p2b: Iron Treads|50/100 brn\n|faint|p2a: Miraidon\n|-ability|p1a: Calyrex|Chilling Neigh|boost\n|-boost|p1a: Calyrex|atk|1\n|move|p1b: Incineroar|Flare Blitz|p2b: Iron Treads\n|-supereffective|p2b: Iron Treads\n|-damage|p2b: Iron Treads|0 fnt\n|faint|p2b: Iron Treads\n|-end|p2b: Iron Treads|Quark Drive|[silent]\n|-damage|p1b: Incineroar|31/100|[from] Recoil\n|\n|upkeep\n|\n|t:|1745998647\n|switch|p2a: Ho-Oh|Ho-Oh, L50|100/100\n|switch|p2b: Iron Bundle|Iron Bundle, L50|100/100\n|-activate|p2b: Iron Bundle|ability: Quark Drive\n|-start|p2b: Iron Bundle|quarkdrivespe\n|turn|5\n|\n|t:|1745998669\n|move|p2b: Iron Bundle|Icy Wind|p1a: Calyrex|[spread] p1a,p1b\n|-resisted|p1a: Calyrex\n|-damage|p1a: Calyrex|82/100\n|-damage|p1b: Incineroar|19/100\n|-unboost|p1b: Incineroar|spe|1\n|move|p2a: Ho-Oh|Sacred Fire|p1a: Calyrex\n|-supereffective|p1a: Calyrex\n|-damage|p1a: Calyrex|0 fnt\n|faint|p1a: Calyrex\n|move|p1b: Incineroar|Knock Off|p2b: Iron Bundle\n|-damage|p2b: Iron Bundle|52/100\n|-enditem|p2b: Iron Bundle|Focus Sash|[from] move: Knock Off|[of] p1b: Incineroar\n|\n|-fieldend|move: Electric Terrain\n|-end|p2b: Iron Bundle|Quark Drive\n|upkeep\n|\n|t:|1745998672\n|switch|p1a: Miraidon|Miraidon, L50|100/100\n|-fieldstart|move: Electric Terrain|[from] ability: Hadron Engine|[of] p1a: Miraidon\n|-activate|p2b: Iron Bundle|ability: Quark Drive\n|-start|p2b: Iron Bundle|quarkdrivespe\n|turn|6\n|\n|t:|1745998688\n|move|p2a: Ho-Oh|Protect|p2a: Ho-Oh\n|-singleturn|p2a: Ho-Oh|Protect\n|move|p2b: Iron Bundle|Icy Wind|p1a: Miraidon|[spread] p1a,p1b\n|-supereffective|p1a: Miraidon\n|-damage|p1a: Miraidon|73/100\n|-damage|p1b: Incineroar|7/100\n|-unboost|p1a: Miraidon|spe|1\n|-unboost|p1b: Incineroar|spe|1\n|move|p1a: Miraidon|Electro Drift|p2a: Ho-Oh\n|-activate|p2a: Ho-Oh|move: Protect\n|move|p1b: Incineroar|Flare Blitz|p2b: Iron Bundle\n|-damage|p2b: Iron Bundle|0 fnt\n|faint|p2b: Iron Bundle\n|-end|p2b: Iron Bundle|Quark Drive|[silent]\n|-damage|p1b: Incineroar|0 fnt|[from] Recoil\n|faint|p1b: Incineroar\n|\n|upkeep\n|turn|7\n|\n|t:|1745998695\n|move|p1a: Miraidon|Electro Drift|p2a: Ho-Oh\n|-supereffective|p2a: Ho-Oh\n|-damage|p2a: Ho-Oh|0 fnt\n|faint|p2a: Ho-Oh\n|\n|win|magikarp2002\n", "uploadtime": 1745998695, "views": 8, "formatid": "gen9vgc2025regibo3", "rating": null, "private": 0, "password": null}