{"id": "gen9vgc2025regibo3-2354051071", "format": "[Gen 9] VGC 2025 Reg I (Bo3)", "players": ["mavvyvgc", "Dylax"], "log": "|j|\u2606mavvyvgc\n|j|\u2606Dylax\n|html|<table width=\"100%\"><tr><td align=\"left\">mavvyvgc</td><td align=\"right\">Dylax</tr><tr><td align=\"left\"><i class=\"fa fa-circle-o\"></i> <i class=\"fa fa-circle-o\"></i> </td><td align=\"right\"><i class=\"fa fa-circle-o\"></i> <i class=\"fa fa-circle-o\"></i> </tr></table>\n|uhtml|bestof|<h2><strong>Game 1</strong> of <a href=\"/game-bestof3-gen9vgc2025regibo3-2354051070\">a best-of-3</a></h2>\n|t:|1746030667\n|gametype|doubles\n|player|p1|mavvyvgc|riley|1045\n|player|p2|Dylax|giovanni-masters|1000\n|teamsize|p1|6\n|teamsize|p2|6\n|gen|9\n|tier|[Gen 9] VGC 2025 Reg I (Bo3)\n|rated|\n|rule|Species Clause: Limit one of each Pok\u00e9mon\n|rule|Item Clause: Limit 1 of each item\n|clearpoke\n|poke|p1|Calyrex-Shadow, L50|\n|poke|p1|Kyurem, L50|\n|poke|p1|Slowking, L50, F|\n|poke|p1|Ninetales-Alola, L50, M|\n|poke|p1|Tornadus, L50, M|\n|poke|p1|Incineroar, L50, M|\n|poke|p2|Kyogre, L50|\n|poke|p2|Zacian-*, L50|\n|poke|p2|Tornadus, L50, M|\n|poke|p2|Urshifu-*, L50, F|\n|poke|p2|Chien-Pao, L50|\n|poke|p2|Tsareena, L50, F|\n|teampreview|4\n|showteam|p1|Calyrex-Shadow||FocusSash|AsOneSpectrier|DarkPulse,AstralBarrage,NastyPlot,Protect||||||50|,,,,,Dark]Kyurem||NeverMeltIce|Pressure|DracoMeteor,Protect,Glaciate,Blizzard||||||50|,,,,,Fire]Slowking||RockyHelmet|Oblivious|Psychic,TrickRoom,ChillyReception,HydroPump|||F|||50|,,,,,Water]Ninetales-Alola||LifeOrb|SnowWarning|Moonblast,FreezeDry,Blizzard,Protect|||M|||50|,,,,,Electric]Tornadus||CovertCloak|Prankster|Tailwind,WeatherBall,Protect,Taunt|||M|||50|,,,,,Dark]Incineroar||AssaultVest|Intimidate|FakeOut,KnockOff,FlareBlitz,Uturn|||M|||50|,,,,,Fire\n|showteam|p2|Kyogre||MysticWater|Drizzle|WaterSpout,OriginPulse,IceBeam,Protect||||||50|,,,,,Grass]Zacian-Crowned||RustedSword|IntrepidSword|behemothblade,PlayRough,Substitute,Protect||||||50|,,,,,Fairy]Tornadus||CovertCloak|Prankster|BleakwindStorm,Tailwind,RainDance,Taunt|||M|||50|,,,,,Dark]Urshifu-Rapid-Strike||ChoiceScarf|UnseenFist|SurgingStrikes,CloseCombat,Uturn,Coaching|||F|||50|,,,,,Water]Chien-Pao||FocusSash|SwordofRuin|IceSpinner,SuckerPunch,SacredSword,Protect||||||50|,,,,,Ghost]Tsareena||WideLens|QueenlyMajesty|PowerWhip,TripleAxel,HelpingHand,Taunt|||F|||50|,,,,,Ice\n|\n|t:|1746030731\n|start\n|switch|p1a: Ninetales|Ninetales-Alola, L50, M|100/100\n|switch|p1b: Tornadus|Tornadus, L50, M|100/100\n|switch|p2a: Zacian|Zacian-Crowned, L50|100/100\n|switch|p2b: Urshifu|Urshifu-Rapid-Strike, L50, F|100/100\n|-ability|p2a: Zacian|Intrepid Sword|boost\n|-boost|p2a: Zacian|atk|1\n|-weather|Snowscape|[from] ability: Snow Warning|[of] p1a: Ninetales\n|turn|1\n|\n|t:|1746030761\n|-terastallize|p1a: Ninetales|Electric\n|move|p1b: Tornadus|Tailwind|p1b: Tornadus\n|-sidestart|p1: mavvyvgc|move: Tailwind\n|move|p1a: Ninetales|Freeze-Dry|p2b: Urshifu\n|-supereffective|p2b: Urshifu\n|-damage|p2b: Urshifu|0 fnt\n|faint|p2b: Urshifu\n|-damage|p1a: Ninetales|91/100|[from] item: Life Orb\n|move|p2a: Zacian|Play Rough|p1b: Tornadus\n|-damage|p1b: Tornadus|4/100\n|\n|-weather|Snowscape|[upkeep]\n|upkeep\n|\n|t:|1746030776\n|switch|p2b: Tornadus|Tornadus, L50, M|100/100\n|turn|2\n|\n|t:|1746030800\n|-terastallize|p2b: Tornadus|Dark\n|move|p1b: Tornadus|Taunt|p2b: Tornadus\n|-hint|Since gen 7, Dark is immune to Prankster moves.\n|-immune|p2b: Tornadus\n|move|p2b: Tornadus|Tailwind|p2b: Tornadus\n|-sidestart|p2: Dylax|move: Tailwind\n|move|p2a: Zacian|Play Rough|p1a: Ninetales\n|-damage|p1a: Ninetales|0 fnt\n|faint|p1a: Ninetales\n|\n|-weather|Snowscape|[upkeep]\n|upkeep\n|\n|t:|1746030818\n|switch|p1a: Kyurem|Kyurem, L50|100/100\n|-ability|p1a: Kyurem|Pressure\n|turn|3\n|\n|t:|1746030841\n|move|p2b: Tornadus|Taunt|p1b: Tornadus\n|-start|p1b: Tornadus|move: Taunt\n|move|p2a: Zacian|Behemoth Blade|p1a: Kyurem\n|-supereffective|p1a: Kyurem\n|-damage|p1a: Kyurem|1/100\n|move|p1b: Tornadus|Weather Ball|p2a: Zacian\n|-resisted|p2a: Zacian\n|-damage|p2a: Zacian|88/100\n|move|p1a: Kyurem|Blizzard|p2a: Zacian|[spread] p2a,p2b\n|-resisted|p2a: Zacian\n|-crit|p2b: Tornadus\n|-damage|p2a: Zacian|65/100\n|-damage|p2b: Tornadus|12/100\n|\n|-weather|Snowscape|[upkeep]\n|upkeep\n|turn|4\n|\n|t:|1746030873\n|switch|p2a: Kyogre|Kyogre, L50|100/100\n|-weather|RainDance|[from] ability: Drizzle|[of] p2a: Kyogre\n|move|p1a: Kyurem|Protect|p1a: Kyurem\n|-singleturn|p1a: Kyurem|Protect\n|move|p2b: Tornadus|Bleakwind Storm|p1a: Kyurem|[spread] p1b\n|-activate|p1a: Kyurem|move: Protect\n|-damage|p1b: Tornadus|0 fnt\n|faint|p1b: Tornadus\n|\n|-weather|RainDance|[upkeep]\n|-sideend|p1: mavvyvgc|move: Tailwind\n|upkeep\n|\n|t:|1746030885\n|switch|p1b: Calyrex|Calyrex-Shadow, L50|100/100\n|-ability|p1b: Calyrex|As One\n|-ability|p1b: Calyrex|Unnerve\n|turn|5\n|\n|t:|1746030903\n|move|p2a: Kyogre|Protect|p2a: Kyogre\n|-singleturn|p2a: Kyogre|Protect\n|move|p1b: Calyrex|Protect|p1b: Calyrex\n|-singleturn|p1b: Calyrex|Protect\n|move|p2b: Tornadus|Bleakwind Storm|p1b: Calyrex|[spread] p1a\n|-activate|p1b: Calyrex|move: Protect\n|-damage|p1a: Kyurem|0 fnt\n|faint|p1a: Kyurem\n|\n|-weather|RainDance|[upkeep]\n|-sideend|p2: Dylax|move: Tailwind\n|upkeep\n|turn|6\n|\n|t:|1746030927\n|move|p2b: Tornadus|Tailwind|p2b: Tornadus\n|-sidestart|p2: Dylax|move: Tailwind\n|move|p2a: Kyogre|Water Spout|p1b: Calyrex\n|-enditem|p1b: Calyrex|Focus Sash\n|-damage|p1b: Calyrex|1/100\n|move|p1b: Calyrex|Astral Barrage|p2a: Kyogre|[spread] p2a,p2b\n|-resisted|p2b: Tornadus\n|-damage|p2a: Kyogre|55/100\n|-damage|p2b: Tornadus|0 fnt\n|faint|p2b: Tornadus\n|-ability|p1b: Calyrex|Grim Neigh|boost\n|-boost|p1b: Calyrex|spa|1\n|\n|-weather|RainDance|[upkeep]\n|upkeep\n|\n|t:|1746030937\n|switch|p2b: Zacian|Zacian-Crowned, L50|65/100\n|turn|7\n|-message|mavvyvgc forfeited.\n|\n|win|Dylax\n|l|\u2606mavvyvgc\n|player|p1|\n||Dylax is ready for game 2.\n||mavvyvgc is ready for game 2.\n|uhtml|next|Next: <a href=\"/battle-gen9vgc2025regibo3-2354054336\"><strong>Game 2 of 3</strong></a>\n|l|\u2606Dylax\n|player|p2|\n|j|\u2606mavvyvgc\n|player|p1|mavvyvgc|riley|\n", "uploadtime": 1746031634, "views": 13, "formatid": "gen9vgc2025regibo3", "rating": null, "private": 0, "password": null}