{"id": "gen9vgc2025regibo3-2353633327", "format": "[Gen 9] VGC 2025 Reg I (Bo3)", "players": ["Dball_Games", "YantoVGC"], "log": "|j|\u2606Dball_Games\n|j|\u2606YantoVGC\n|html|<table width=\"100%\"><tr><td align=\"left\">Dball_Games</td><td align=\"right\">YantoVGC</tr><tr><td align=\"left\"><i class=\"fa fa-circle\"></i> <i class=\"fa fa-circle-o\"></i> </td><td align=\"right\"><i class=\"fa fa-circle-o\"></i> <i class=\"fa fa-circle\"></i> </tr></table>\n|uhtml|bestof|<h2><strong>Game 3</strong> of <a href=\"/game-bestof3-gen9vgc2025regibo3-2353629424\">a best-of-3</a></h2>\n|t:|1745976999\n|gametype|doubles\n|player|p1|Dball_Games|101|1230\n|player|p2|YantoVGC|wallace|1135\n|teamsize|p1|6\n|teamsize|p2|6\n|gen|9\n|tier|[Gen 9] VGC 2025 Reg I (Bo3)\n|rated|\n|rule|Species Clause: Limit one of each Pok\u00e9mon\n|rule|Item Clause: Limit 1 of each item\n|clearpoke\n|poke|p1|Calyrex-Ice, L50|\n|poke|p1|Ursaluna, L50, F|\n|poke|p1|Miraidon, L50|\n|poke|p1|Farigiraf, L50, M|\n|poke|p1|Whimsicott, L50, F|\n|poke|p1|Incineroar, L50, M|\n|poke|p2|Zamazenta-*, L50|\n|poke|p2|Calyrex-Shadow, L50|\n|poke|p2|Tornadus, L50, M|\n|poke|p2|Urshifu-*, L50, M|\n|poke|p2|Rillaboom, L50, M|\n|poke|p2|Chien-Pao, L50|\n|teampreview|4\n|showteam|p1|Calyrex-Ice||ClearAmulet|AsOneGlastrier|GlacialLance,TrickRoom,HighHorsepower,Protect||||||50|,,,,,Fire]Ursaluna||FlameOrb|Guts|Facade,HeadlongRush,Protect,BrickBreak|||F|||50|,,,,,Ghost]Miraidon||ChoiceSpecs|HadronEngine|VoltSwitch,DazzlingGleam,ElectroDrift,DracoMeteor||||||50|,,,,,Fairy]Farigiraf||ElectricSeed|ArmorTail|TrickRoom,FoulPlay,HelpingHand,Protect|||M|||50|,,,,,Fairy]Whimsicott||CovertCloak|Prankster|Tailwind,Moonblast,Encore,LightScreen|||F|||50|,,,,,Dark]Incineroar||RockyHelmet|Intimidate|KnockOff,WillOWisp,PartingShot,FakeOut|||M|||50|,,,,,Grass\n|showteam|p2|Zamazenta-Crowned||RustedShield|DauntlessShield|BodyPress,HeavySlam,WideGuard,Protect||||||50|,,,,,Ghost]Calyrex-Shadow||FocusSash|AsOneSpectrier|AstralBarrage,Psychic,Encore,Protect||||||50|,,,,,Ghost]Tornadus||RockyHelmet|Prankster|BleakwindStorm,Tailwind,RainDance,Protect|||M|||50|,,,,,Dark]Urshifu-Rapid-Strike||MysticWater|UnseenFist|SurgingStrikes,CloseCombat,AquaJet,Detect|||M|||50|,,,,,Water]Rillaboom||AssaultVest|GrassySurge|WoodHammer,GrassyGlide,Uturn,FakeOut|||M|||50|,,,,,Fire]Chien-Pao||LifeOrb|SwordofRuin|SuckerPunch,IcicleCrash,IceShard,Protect||||||50|,,,,,Stellar\n|inactive|Battle timer is ON: inactive players will automatically lose when time's up. (requested by YantoVGC)\n|inactive|YantoVGC has 60 seconds left.\n|l|\u2606Dball_Games\n|inactive|Dball_Games disconnected and has a minute to reconnect!\n|player|p1|\n|j|\u2606Dball_Games\n|inactive|Dball_Games reconnected.\n|player|p1|Dball_Games|101|\n|inactive|YantoVGC has 30 seconds left.\n|\n|t:|1745977158\n|start\n|switch|p1a: Miraidon|Miraidon, L50|100/100\n|switch|p1b: Farigiraf|Farigiraf, L50, M|100/100\n|switch|p2a: Zamazenta|Zamazenta-Crowned, L50|100/100\n|switch|p2b: Chien-Pao|Chien-Pao, L50|100/100\n|-fieldstart|move: Electric Terrain|[from] ability: Hadron Engine|[of] p1a: Miraidon\n|-enditem|p1b: Farigiraf|Electric Seed\n|-boost|p1b: Farigiraf|def|1|[from] item: Electric Seed\n|-ability|p2b: Chien-Pao|Sword of Ruin\n|-ability|p2a: Zamazenta|Dauntless Shield|boost\n|-boost|p2a: Zamazenta|def|1\n|turn|1\n|inactive|YantoVGC has 30 seconds left.\n|\n|t:|1745977190\n|-terastallize|p1b: Farigiraf|Fairy\n|move|p1a: Miraidon|Volt Switch|p2a: Zamazenta\n|-crit|p2a: Zamazenta\n|-damage|p2a: Zamazenta|0 fnt\n|faint|p2a: Zamazenta\n|\n|t:|1745977197\n|switch|p1a: Calyrex|Calyrex-Ice, L50|100/100|[from] Volt Switch\n|-ability|p1a: Calyrex|As One\n|-ability|p1a: Calyrex|Unnerve\n|move|p2b: Chien-Pao|Icicle Crash|p1a: Calyrex\n|-resisted|p1a: Calyrex\n|-damage|p1a: Calyrex|79/100\n|-damage|p2b: Chien-Pao|91/100|[from] item: Life Orb\n|move|p1b: Farigiraf|Trick Room|p1b: Farigiraf\n|-fieldstart|move: Trick Room|[of] p1b: Farigiraf\n|\n|upkeep\n|\n|t:|1745977204\n|switch|p2a: Urshifu|Urshifu-Rapid-Strike, L50, M|100/100\n|turn|2\n|inactive|YantoVGC has 30 seconds left.\n|inactive|YantoVGC has 20 seconds left.\n|\n|t:|1745977242\n|switch|p1b: Ursaluna|Ursaluna, L50, F|100/100\n|-terastallize|p2a: Urshifu|Water\n|move|p1a: Calyrex|Glacial Lance|p2b: Chien-Pao|[spread] p2a,p2b\n|-resisted|p2a: Urshifu\n|-resisted|p2b: Chien-Pao\n|-damage|p2a: Urshifu|66/100\n|-damage|p2b: Chien-Pao|46/100\n|move|p2a: Urshifu|Surging Strikes|p1a: Calyrex\n|-crit|p1a: Calyrex\n|-damage|p1a: Calyrex|53/100\n|-crit|p1a: Calyrex\n|-damage|p1a: Calyrex|25/100\n|-crit|p1a: Calyrex\n|-damage|p1a: Calyrex|0 fnt\n|faint|p1a: Calyrex\n|-hitcount|p1: Calyrex|3\n|move|p2b: Chien-Pao|Icicle Crash|p1b: Ursaluna\n|-supereffective|p1b: Ursaluna\n|-damage|p1b: Ursaluna|0 fnt\n|faint|p1b: Ursaluna\n|-damage|p2b: Chien-Pao|36/100|[from] item: Life Orb\n|\n|upkeep\n|\n|t:|1745977261\n|switch|p1a: Miraidon|Miraidon, L50|100/100\n|switch|p1b: Farigiraf|Farigiraf, L50, M, tera:Fairy|100/100\n|-activate|p1a: Miraidon|ability: Hadron Engine\n|turn|3\n|inactive|YantoVGC has 30 seconds left.\n|inactive|YantoVGC has 20 seconds left.\n|\n|t:|1745977298\n|move|p2a: Urshifu|Detect|p2a: Urshifu\n|-singleturn|p2a: Urshifu|Protect\n|move|p2b: Chien-Pao|Protect|p2b: Chien-Pao\n|-singleturn|p2b: Chien-Pao|Protect\n|move|p1b: Farigiraf|Foul Play|p2a: Urshifu\n|-activate|p2a: Urshifu|move: Protect\n|move|p1a: Miraidon|Dazzling Gleam|p2a: Urshifu|[spread] \n|-activate|p2a: Urshifu|move: Protect\n|-activate|p2b: Chien-Pao|move: Protect\n|\n|upkeep\n|turn|4\n|inactive|YantoVGC has 30 seconds left.\n|inactive|YantoVGC has 20 seconds left.\n|\n|t:|1745977336\n|switch|p2b: Calyrex|Calyrex-Shadow, L50|100/100\n|-ability|p2b: Calyrex|As One\n|-ability|p2b: Calyrex|Unnerve\n|move|p1b: Farigiraf|Foul Play|p2a: Urshifu\n|-damage|p2a: Urshifu|31/100\n|move|p2a: Urshifu|Surging Strikes|p1b: Farigiraf\n|-crit|p1b: Farigiraf\n|-damage|p1b: Farigiraf|71/100\n|-crit|p1b: Farigiraf\n|-damage|p1b: Farigiraf|39/100\n|-crit|p1b: Farigiraf\n|-damage|p1b: Farigiraf|7/100\n|-hitcount|p1b: Farigiraf|3\n|move|p1a: Miraidon|Dazzling Gleam|p2a: Urshifu|[spread] p2a,p2b\n|-damage|p2a: Urshifu|0 fnt\n|-damage|p2b: Calyrex|58/100\n|faint|p2a: Urshifu\n|\n|upkeep\n|\n|t:|1745977352\n|switch|p2a: Chien-Pao|Chien-Pao, L50|36/100\n|-ability|p2a: Chien-Pao|Sword of Ruin\n|turn|5\n|\n|t:|1745977371\n|move|p2a: Chien-Pao|Protect|p2a: Chien-Pao\n|-singleturn|p2a: Chien-Pao|Protect\n|move|p2b: Calyrex|Protect|p2b: Calyrex\n|-singleturn|p2b: Calyrex|Protect\n|move|p1b: Farigiraf|Foul Play|p2b: Calyrex\n|-activate|p2b: Calyrex|move: Protect\n|move|p1a: Miraidon|Dazzling Gleam|p2b: Calyrex|[spread] \n|-activate|p2a: Chien-Pao|move: Protect\n|-activate|p2b: Calyrex|move: Protect\n|\n|-fieldend|move: Trick Room\n|-fieldend|move: Electric Terrain\n|upkeep\n|turn|6\n|\n|t:|1745977387\n|move|p1b: Farigiraf|Helping Hand|p1a: Miraidon\n|-singleturn|p1a: Miraidon|Helping Hand|[of] p1b: Farigiraf\n|move|p2b: Calyrex|Astral Barrage|p1a: Miraidon|[spread] p1a,p1b\n|-damage|p1a: Miraidon|52/100\n|-damage|p1b: Farigiraf|0 fnt\n|faint|p1b: Farigiraf\n|-ability|p2b: Calyrex|Grim Neigh|boost\n|-boost|p2b: Calyrex|spa|1\n|move|p1a: Miraidon|Dazzling Gleam|p2a: Chien-Pao|[spread] p2a,p2b\n|-supereffective|p2a: Chien-Pao\n|-crit|p2b: Calyrex\n|-damage|p2a: Chien-Pao|0 fnt\n|-damage|p2b: Calyrex|0 fnt\n|faint|p2a: Chien-Pao\n|faint|p2b: Calyrex\n|\n|win|Dball_Games\n|raw|Dball_Games's rating: 1230 &rarr; <strong>1248</strong><br />(+18 for winning)\n|raw|YantoVGC's rating: 1135 &rarr; <strong>1117</strong><br />(-18 for losing)\n|l|\u2606Dball_Games\n|player|p1|\n", "uploadtime": 1745977575, "views": 13, "formatid": "gen9vgc2025regibo3", "rating": 1117, "private": 0, "password": null}