{"id": "gen9vgc2025regibo3-2354939061", "format": "[Gen 9] VGC 2025 Reg I (Bo3)", "players": ["toenibbler34", "Paldeawaiter"], "log": "|j|\u2606toenibbler34\n|j|\u2606Paldeawaiter\n|html|<table width=\"100%\"><tr><td align=\"left\">toenibbler34</td><td align=\"right\">Paldeawaiter</tr><tr><td align=\"left\"><i class=\"fa fa-circle-o\"></i> <i class=\"fa fa-circle-o\"></i> </td><td align=\"right\"><i class=\"fa fa-circle-o\"></i> <i class=\"fa fa-circle-o\"></i> </tr></table>\n|uhtml|bestof|<h2><strong>Game 1</strong> of <a href=\"/game-bestof3-gen9vgc2025regibo3-2354939060\">a best-of-3</a></h2>\n|t:|1746133735\n|gametype|doubles\n|player|p1|toenibbler34|1|1135\n|player|p2|Paldeawaiter|colress|1159\n|teamsize|p1|6\n|teamsize|p2|6\n|gen|9\n|tier|[Gen 9] VGC 2025 Reg I (Bo3)\n|rated|\n|rule|Species Clause: Limit one of each Pok\u00e9mon\n|rule|Item Clause: Limit 1 of each item\n|clearpoke\n|poke|p1|Koraidon, L50|\n|poke|p1|Eternatus, L50|\n|poke|p1|Tinkaton, L50, F|\n|poke|p1|Landorus, L50, M|\n|poke|p1|Tornadus, L50, M|\n|poke|p1|Sneasler, L50, F|\n|poke|p2|Calyrex-Ice, L50|\n|poke|p2|Miraidon, L50|\n|poke|p2|Grimmsnarl, L50, M|\n|poke|p2|Torkoal, L50, F|\n|poke|p2|Lilligant-Hisui, L50, F|\n|poke|p2|Ursaluna-Bloodmoon, L50, M|\n|teampreview|4\n|showteam|p1|Koraidon||ClearAmulet|OrichalcumPulse|FlareBlitz,CollisionCourse,DragonClaw,Protect||||||50|,,,,,Fire]Eternatus||ChoiceSpecs|Pressure|SludgeWave,Flamethrower,DynamaxCannon,SludgeBomb||||||50|,,,,,Fire]Tinkaton||AssaultVest|MoldBreaker|FakeOut,GigatonHammer,Feint,PlayRough|||F|||50|,,,,,Water]Landorus||LifeOrb|SheerForce|SandsearStorm,EarthPower,SludgeBomb,Protect|||M|||50|,,,,,Poison]Tornadus||CovertCloak|Prankster|Tailwind,BleakwindStorm,SunnyDay,IcyWind|||M|||50|,,,,,Dark]Sneasler||FocusSash|Unburden|FakeOut,DireClaw,CloseCombat,Protect|||F|||50|,,,,,Dark\n|showteam|p2|Calyrex-Ice||ClearAmulet|AsOneGlastrier|GlacialLance,HighHorsepower,Protect,TrickRoom||||||50|,,,,,Water]Miraidon||ChoiceSpecs|HadronEngine|ElectroDrift,DracoMeteor,DazzlingGleam,VoltSwitch||||||50|,,,,,Electric]Grimmsnarl||LightClay|Prankster|LightScreen,Reflect,SpiritBreak,Taunt|||M|||50|,,,,,Ghost]Torkoal||Charcoal|Drought|Eruption,Flamethrower,Protect,HelpingHand|||F|||50|,,,,,Fire]Lilligant-Hisui||FocusSash|Chlorophyll|LeafBlade,AfterYou,SleepPowder,CloseCombat|||F|||50|,,,,,Ghost]Ursaluna-Bloodmoon||LifeOrb|MindsEye|HyperVoice,BloodMoon,EarthPower,Protect|||M|||50|,,,,,Normal\n|inactive|Battle timer is ON: inactive players will automatically lose when time's up. (requested by toenibbler34)\n|inactive|toenibbler34 has 60 seconds left.\n|\n|t:|1746133784\n|start\n|switch|p1a: genie 2|Landorus, L50, M|100/100\n|switch|p1b: fairy+hamme|Tinkaton, L50, F|100/100\n|switch|p2a: Torkoal|Torkoal, L50, F, shiny|100/100\n|switch|p2b: Lilligant|Lilligant-Hisui, L50, F, shiny|100/100\n|-ability|p1b: fairy+hamme|Mold Breaker\n|-weather|SunnyDay|[from] ability: Drought|[of] p2a: Torkoal\n|turn|1\n|inactive|toenibbler34 has 30 seconds left.\n|inactive|Paldeawaiter has 30 seconds left.\n|\n|t:|1746133814\n|-terastallize|p2b: Lilligant|Ghost\n|move|p2a: Torkoal|Protect|p2a: Torkoal\n|-singleturn|p2a: Torkoal|Protect\n|move|p1b: fairy+hamme|Fake Out|p2b: Lilligant\n|-immune|p2b: Lilligant\n|move|p2b: Lilligant|Sleep Powder|p1a: genie 2\n|-status|p1a: genie 2|slp|[from] move: Sleep Powder\n|cant|p1a: genie 2|slp\n|\n|-weather|SunnyDay|[upkeep]\n|upkeep\n|turn|2\n|\n|t:|1746133834\n|-curestatus|p1a: genie 2|slp|[msg]\n|move|p1a: genie 2|Protect|p1a: genie 2\n|-singleturn|p1a: genie 2|Protect\n|move|p2b: Lilligant|After You|p2a: Torkoal\n|-activate|p2a: Torkoal|move: After You\n|move|p2a: Torkoal|Eruption|p1a: genie 2|[spread] p1b\n|-activate|p1a: genie 2|move: Protect\n|-supereffective|p1b: fairy+hamme\n|-damage|p1b: fairy+hamme|0 fnt\n|faint|p1b: fairy+hamme\n|\n|-weather|SunnyDay|[upkeep]\n|upkeep\n|\n|t:|1746133850\n|switch|p1b: old bike|Koraidon, L50|100/100\n|-activate|p1b: old bike|ability: Orichalcum Pulse\n|turn|3\n|\n|t:|1746133864\n|move|p1b: old bike|Protect|p1b: old bike\n|-singleturn|p1b: old bike|Protect\n|move|p2b: Lilligant|After You|p2a: Torkoal\n|-activate|p2a: Torkoal|move: After You\n|move|p2a: Torkoal|Eruption|p1b: old bike|[spread] p1a\n|-activate|p1b: old bike|move: Protect\n|-damage|p1a: genie 2|0 fnt\n|faint|p1a: genie 2\n|\n|-weather|SunnyDay|[upkeep]\n|upkeep\n|\n|t:|1746133873\n|switch|p1a: WORLD DESTROYER|Eternatus, L50|100/100\n|-ability|p1a: WORLD DESTROYER|Pressure\n|turn|4\n|inactive|Paldeawaiter has 30 seconds left.\n|inactive|Paldeawaiter has 20 seconds left.\n|inactive|Paldeawaiter has 15 seconds left.\n|inactive|Paldeawaiter has 10 seconds left.\n|\n|t:|1746133920\n|move|p2b: Lilligant|Sleep Powder|p1b: old bike|[miss]\n|-miss|p2b: Lilligant|p1b: old bike\n|move|p1a: WORLD DESTROYER|Sludge Bomb|p2b: Lilligant\n|-resisted|p2b: Lilligant\n|-damage|p2b: Lilligant|45/100\n|-status|p2b: Lilligant|psn\n|move|p1b: old bike|Collision Course|p2a: Torkoal\n|-damage|p2a: Torkoal|45/100\n|move|p2a: Torkoal|Eruption|p1a: WORLD DESTROYER|[spread] p1a,p1b\n|-resisted|p1a: WORLD DESTROYER\n|-resisted|p1b: old bike\n|-damage|p1a: WORLD DESTROYER|84/100\n|-damage|p1b: old bike|80/100\n|\n|-weather|SunnyDay|[upkeep]\n|-damage|p2b: Lilligant|33/100 psn|[from] psn\n|upkeep\n|turn|5\n|\n|t:|1746133943\n|move|p1b: old bike|Protect|p1b: old bike\n|-singleturn|p1b: old bike|Protect\n|move|p2b: Lilligant|Sleep Powder|p1a: WORLD DESTROYER|[miss]\n|-miss|p2b: Lilligant|p1a: WORLD DESTROYER\n|move|p1a: WORLD DESTROYER|Sludge Bomb|p2b: Lilligant\n|-resisted|p2b: Lilligant\n|-damage|p2b: Lilligant|0 fnt\n|faint|p2b: Lilligant\n|move|p2a: Torkoal|Flamethrower|p1a: WORLD DESTROYER\n|-resisted|p1a: WORLD DESTROYER\n|-damage|p1a: WORLD DESTROYER|52/100\n|\n|-weather|none\n|upkeep\n|\n|t:|1746133956\n|switch|p2b: Miraidon|Miraidon, L50|100/100\n|-fieldstart|move: Electric Terrain|[from] ability: Hadron Engine|[of] p2b: Miraidon\n|turn|6\n|\n|t:|1746133970\n|-terastallize|p1b: old bike|Fire\n|move|p2a: Torkoal|Helping Hand|p2b: Miraidon\n|-singleturn|p2b: Miraidon|Helping Hand|[of] p2a: Torkoal\n|move|p2b: Miraidon|Dazzling Gleam|p1b: old bike|[spread] p1a,p1b\n|-resisted|p1b: old bike\n|-damage|p1a: WORLD DESTROYER|0 fnt\n|-damage|p1b: old bike|48/100\n|faint|p1a: WORLD DESTROYER\n|move|p1b: old bike|Dragon Claw|p2b: Miraidon\n|-supereffective|p2b: Miraidon\n|-damage|p2b: Miraidon|13/100\n|\n|upkeep\n|turn|7\n|\n|t:|1746133989\n|switch|p2b: Calyrex|Calyrex-Ice, L50|100/100\n|-ability|p2b: Calyrex|As One\n|-ability|p2b: Calyrex|Unnerve\n|move|p1b: old bike|Dragon Claw|p2b: Calyrex\n|-damage|p2b: Calyrex|71/100\n|move|p2a: Torkoal|Flamethrower|p1b: old bike\n|-resisted|p1b: old bike\n|-damage|p1b: old bike|26/100\n|\n|upkeep\n|turn|8\n|\n|t:|1746134004\n|move|p1b: old bike|Collision Course|p2b: Calyrex\n|-damage|p2b: Calyrex|35/100\n|move|p2b: Calyrex|High Horsepower|p1b: old bike\n|-supereffective|p1b: old bike\n|-damage|p1b: old bike|0 fnt\n|faint|p1b: old bike\n|\n|win|Paldeawaiter\n||toenibbler34 is ready for game 2.\n||Paldeawaiter is ready for game 2.\n|uhtml|next|Next: <a href=\"/battle-gen9vgc2025regibo3-2354941802\"><strong>Game 2 of 3</strong></a>\n|l|\u2606toenibbler34\n|player|p1|\n", "uploadtime": 1746134394, "views": 6, "formatid": "gen9vgc2025regibo3", "rating": null, "private": 0, "password": null}