{"id": "gen9vgc2025regibo3-2353628163", "format": "[Gen 9] VGC 2025 Reg I (Bo3)", "players": ["TViewierVGC", "AquamarineVGC"], "log": "|j|\u2606TViewierVGC\n|j|\u2606AquamarineVGC\n|html|<table width=\"100%\"><tr><td align=\"left\">TViewierVGC</td><td align=\"right\">AquamarineVGC</tr><tr><td align=\"left\"><i class=\"fa fa-circle-o\"></i> <i class=\"fa fa-circle-o\"></i> </td><td align=\"right\"><i class=\"fa fa-circle-o\"></i> <i class=\"fa fa-circle-o\"></i> </tr></table>\n|uhtml|bestof|<h2><strong>Game 1</strong> of <a href=\"/game-bestof3-gen9vgc2025regibo3-2353628162\">a best-of-3</a></h2>\n|t:|1745976401\n|gametype|doubles\n|player|p1|TViewierVGC|colress|\n|player|p2|AquamarineVGC|lucas-gen4pt|\n|teamsize|p1|6\n|teamsize|p2|6\n|gen|9\n|tier|[Gen 9] VGC 2025 Reg I (Bo3)\n|rule|Species Clause: Limit one of each Pok\u00e9mon\n|rule|Item Clause: Limit 1 of each item\n|clearpoke\n|poke|p1|Lunala, L50|\n|poke|p1|Koraidon, L50|\n|poke|p1|Chi-Yu, L50|\n|poke|p1|Flutter Mane, L50|\n|poke|p1|Ogerpon-Cornerstone, L50, F|\n|poke|p1|Iron Hands, L50|\n|poke|p2|Miraidon, L50|\n|poke|p2|Calyrex-Ice, L50|\n|poke|p2|Farigiraf, L50, F|\n|poke|p2|Ninetales-Alola, L50, M|\n|poke|p2|Urshifu-*, L50, F|\n|poke|p2|Ogerpon-Hearthflame, L50, F|\n|teampreview|4\n|showteam|p1|Lunala||PowerHerb|ShadowShield|MoongeistBeam,MeteorBeam,WideGuard,TrickRoom||||||50|,,,,,Fairy]Koraidon||LifeOrb|OrichalcumPulse|CloseCombat,FlareBlitz,FlameCharge,Protect||||||50|,,,,,Fire]Chi-Yu||ChoiceScarf|BeadsofRuin|HeatWave,DarkPulse,Overheat,Snarl||||||50|,,,,,Ghost]Flutter Mane||FocusSash|Protosynthesis|Moonblast,ShadowBall,IcyWind,Protect||||||50|,,,,,Fairy]Ogerpon-Cornerstone||CornerstoneMask|Sturdy|IvyCudgel,WoodHammer,FollowMe,SpikyShield|||F|||50|,,,,,Rock]Iron Hands||AssaultVest|QuarkDrive|WildCharge,DrainPunch,LowKick,FakeOut||||||50|,,,,,Water\n|showteam|p2|Miraidon||ChoiceSpecs|HadronEngine|ElectroDrift,DracoMeteor,Discharge,VoltSwitch||||||50|,,,,,Electric]Calyrex-Ice||NeverMeltIce|AsOneGlastrier|GlacialLance,HighHorsepower,TrickRoom,Protect||||||50|,,,,,Water]Farigiraf||ThroatSpray|ArmorTail|HyperVoice,Psychic,HelpingHand,TrickRoom|||F|||50|,,,,,Ground]Ninetales-Alola||CovertCloak|SnowWarning|Moonblast,IcyWind,AuroraVeil,Encore|||M|||50|,,,,,Water]Urshifu-Rapid-Strike||FocusSash|UnseenFist|SurgingStrikes,CloseCombat,AquaJet,Detect|||F|||50|,,,,,Stellar]Ogerpon-Hearthflame||HearthflameMask|MoldBreaker|IvyCudgel,HornLeech,FollowMe,SpikyShield|||F|||50|,,,,,Fire\n|inactive|Battle timer is ON: inactive players will automatically lose when time's up. (requested by TViewierVGC)\n|c|\u2606AquamarineVGC|GLHF\n|c|\u2606TViewierVGC|Gl hf\n|inactive|TViewierVGC has 60 seconds left.\n|inactive|AquamarineVGC has 60 seconds left.\n|inactive|TViewierVGC has 30 seconds left.\n|inactive|TViewierVGC has 20 seconds left.\n|\n|t:|1745976474\n|start\n|switch|p1a: Koraidon|Koraidon, L50|100/100\n|switch|p1b: Flutter Mane|Flutter Mane, L50|100/100\n|switch|p2a: Miraidon|Miraidon, L50|100/100\n|switch|p2b: Ninetales|Ninetales-Alola, L50, M|100/100\n|-weather|SunnyDay|[from] ability: Orichalcum Pulse|[of] p1a: Koraidon\n|-activate|p1b: Flutter Mane|ability: Protosynthesis\n|-start|p1b: Flutter Mane|protosynthesisspe\n|-activate|p1a: Koraidon|Orichalcum Pulse|[source]\n|-fieldstart|move: Electric Terrain|[from] ability: Hadron Engine|[of] p2a: Miraidon\n|-weather|Snowscape|[from] ability: Snow Warning|[of] p2b: Ninetales\n|-end|p1b: Flutter Mane|Protosynthesis\n|turn|1\n|inactive|AquamarineVGC has 30 seconds left.\n|inactive|AquamarineVGC has 20 seconds left.\n|inactive|AquamarineVGC has 15 seconds left.\n|inactive|AquamarineVGC has 10 seconds left.\n|inactive|AquamarineVGC has 5 seconds left.\n|\n|t:|1745976527\n|-terastallize|p1a: Koraidon|Fire\n|-terastallize|p2a: Miraidon|Electric\n|move|p1a: Koraidon|Flare Blitz|p2a: Miraidon\n|-damage|p2a: Miraidon|16/100\n|-damage|p1a: Koraidon|72/100|[from] Recoil\n|-damage|p1a: Koraidon|63/100|[from] item: Life Orb\n|move|p1b: Flutter Mane|Moonblast|p2a: Miraidon\n|-damage|p2a: Miraidon|0 fnt\n|faint|p2a: Miraidon\n|move|p2b: Ninetales|Aurora Veil|p2b: Ninetales\n|-sidestart|p2: AquamarineVGC|move: Aurora Veil\n|\n|-weather|Snowscape|[upkeep]\n|upkeep\n|\n|t:|1745976546\n|switch|p2a: Urshifu|Urshifu-Rapid-Strike, L50, F|100/100\n|turn|2\n|\n|t:|1745976560\n|move|p1a: Koraidon|Flare Blitz|p2b: Ninetales\n|-supereffective|p2b: Ninetales\n|-damage|p2b: Ninetales|10/100\n|-damage|p1a: Koraidon|37/100|[from] Recoil\n|-damage|p1a: Koraidon|27/100|[from] item: Life Orb\n|move|p1b: Flutter Mane|Moonblast|p2a: Urshifu\n|-supereffective|p2a: Urshifu\n|-enditem|p2a: Urshifu|Focus Sash\n|-damage|p2a: Urshifu|1/100\n|move|p2b: Ninetales|Icy Wind|p1b: Flutter Mane|[spread] p1a,p1b\n|-resisted|p1a: Koraidon\n|-damage|p1a: Koraidon|20/100\n|-damage|p1b: Flutter Mane|87/100\n|-unboost|p1a: Koraidon|spe|1\n|-unboost|p1b: Flutter Mane|spe|1\n|move|p2a: Urshifu|Surging Strikes|p1b: Flutter Mane\n|-crit|p1b: Flutter Mane\n|-damage|p1b: Flutter Mane|42/100\n|-crit|p1b: Flutter Mane\n|-damage|p1b: Flutter Mane|0 fnt\n|faint|p1b: Flutter Mane\n|-end|p1b: Flutter Mane|Protosynthesis|[silent]\n|-hitcount|p1: Flutter Mane|2\n|\n|-weather|Snowscape|[upkeep]\n|upkeep\n|\n|t:|1745976581\n|switch|p1b: AlienDreamEmulater|Iron Hands, L50|100/100\n|-activate|p1b: AlienDreamEmulater|ability: Quark Drive\n|-start|p1b: AlienDreamEmulater|quarkdriveatk\n|turn|3\n|inactive|AquamarineVGC has 30 seconds left.\n|inactive|AquamarineVGC has 20 seconds left.\n|inactive|AquamarineVGC has 15 seconds left.\n|\n|t:|1745976622\n|switch|p1a: Lunala|Lunala, L50, shiny|100/100\n|move|p1b: AlienDreamEmulater|Fake Out|p2b: Ninetales\n|-damage|p2b: Ninetales|0 fnt\n|faint|p2b: Ninetales\n|move|p2a: Urshifu|Surging Strikes|p1b: AlienDreamEmulater\n|-crit|p1b: AlienDreamEmulater\n|-damage|p1b: AlienDreamEmulater|85/100\n|-crit|p1b: AlienDreamEmulater\n|-damage|p1b: AlienDreamEmulater|68/100\n|-crit|p1b: AlienDreamEmulater\n|-damage|p1b: AlienDreamEmulater|53/100\n|-hitcount|p1b: AlienDreamEmulater|3\n|\n|-weather|Snowscape|[upkeep]\n|upkeep\n|\n|t:|1745976634\n|switch|p2b: Farigiraf|Farigiraf, L50, F|100/100\n|turn|4\n|\n|t:|1745976655\n|move|p2a: Urshifu|Surging Strikes|p1b: AlienDreamEmulater\n|-crit|p1b: AlienDreamEmulater\n|-damage|p1b: AlienDreamEmulater|36/100\n|-crit|p1b: AlienDreamEmulater\n|-damage|p1b: AlienDreamEmulater|22/100\n|-crit|p1b: AlienDreamEmulater\n|-damage|p1b: AlienDreamEmulater|5/100\n|-hitcount|p1b: AlienDreamEmulater|3\n|move|p1a: Lunala|Meteor Beam||[still]\n|-prepare|p1a: Lunala|Meteor Beam\n|-boost|p1a: Lunala|spa|1\n|-enditem|p1a: Lunala|Power Herb\n|-anim|p1a: Lunala|Meteor Beam|p2b: Farigiraf\n|-damage|p2b: Farigiraf|54/100\n|move|p2b: Farigiraf|Hyper Voice|p1a: Lunala|[spread] p1b\n|-immune|p1a: Lunala\n|-damage|p1b: AlienDreamEmulater|0 fnt\n|faint|p1b: AlienDreamEmulater\n|-end|p1b: AlienDreamEmulater|Quark Drive|[silent]\n|-enditem|p2b: Farigiraf|Throat Spray\n|-boost|p2b: Farigiraf|spa|1|[from] item: Throat Spray\n|\n|-weather|Snowscape|[upkeep]\n|upkeep\n|\n|t:|1745976668\n|switch|p1b: Koraidon|Koraidon, L50, tera:Fire|20/100\n|-weather|SunnyDay|[from] ability: Orichalcum Pulse|[of] p1b: Koraidon\n|-activate|p1b: Koraidon|Orichalcum Pulse|[source]\n|turn|5\n|\n|t:|1745976682\n|move|p2a: Urshifu|Aqua Jet|p1b: Koraidon\n|-supereffective|p1b: Koraidon\n|-damage|p1b: Koraidon|0 fnt\n|faint|p1b: Koraidon\n|move|p1a: Lunala|Moongeist Beam|p2a: Urshifu\n|-damage|p2a: Urshifu|0 fnt\n|faint|p2a: Urshifu\n|move|p2b: Farigiraf|Trick Room|p2b: Farigiraf\n|-fieldstart|move: Trick Room|[of] p2b: Farigiraf\n|\n|-weather|SunnyDay|[upkeep]\n|-sideend|p2: AquamarineVGC|move: Aurora Veil\n|-fieldend|move: Electric Terrain\n|upkeep\n|turn|6\n|\n|t:|1745976693\n|move|p2b: Farigiraf|Psychic|p1a: Lunala\n|-resisted|p1a: Lunala\n|-damage|p1a: Lunala|90/100\n|move|p1a: Lunala|Meteor Beam||[still]\n|-prepare|p1a: Lunala|Meteor Beam\n|-boost|p1a: Lunala|spa|1\n|\n|-weather|SunnyDay|[upkeep]\n|upkeep\n|turn|7\n|\n|t:|1745976701\n|move|p2b: Farigiraf|Psychic|p1a: Lunala\n|-resisted|p1a: Lunala\n|-damage|p1a: Lunala|70/100\n|move|p1a: Lunala|Meteor Beam|p2b: Farigiraf|[from] lockedmove\n|-damage|p2b: Farigiraf|0 fnt\n|faint|p2b: Farigiraf\n|\n|win|TViewierVGC\n|inactive|TViewierVGC has 30 seconds to confirm battle start!\n|inactive|AquamarineVGC has 30 seconds to confirm battle start!\n||AquamarineVGC is ready for game 2.\n|inactive|TViewierVGC has 20 seconds to confirm battle start!\n||TViewierVGC is ready for game 2.\n|uhtml|next|Next: <a href=\"/battle-gen9vgc2025regibo3-2353630874\"><strong>Game 2 of 3</strong></a>\n", "uploadtime": 1745976701, "views": 6, "formatid": "gen9vgc2025regibo3", "rating": null, "private": 0, "password": null}