{"id": "gen9vgc2025regibo3-2353863375", "format": "[Gen 9] VGC 2025 Reg I (Bo3)", "players": ["Edozeg", "ErPrietinho"], "log": "|j|\u2606Edozeg\n|j|\u2606ErPrietinho\n|html|<table width=\"100%\"><tr><td align=\"left\">Edozeg</td><td align=\"right\">ErPrietinho</tr><tr><td align=\"left\"><i class=\"fa fa-circle-o\"></i> <i class=\"fa fa-circle-o\"></i> </td><td align=\"right\"><i class=\"fa fa-circle-o\"></i> <i class=\"fa fa-circle-o\"></i> </tr></table>\n|uhtml|bestof|<h2><strong>Game 1</strong> of <a href=\"/game-bestof3-gen9vgc2025regibo3-2353863374\">a best-of-3</a></h2>\n|t:|1746012003\n|gametype|doubles\n|player|p1|Edozeg|grimsley|1090\n|player|p2|ErPrietinho|lucas-gen4pt|1000\n|teamsize|p1|6\n|teamsize|p2|6\n|gen|9\n|tier|[Gen 9] VGC 2025 Reg I (Bo3)\n|rated|\n|rule|Species Clause: Limit one of each Pok\u00e9mon\n|rule|Item Clause: Limit 1 of each item\n|clearpoke\n|poke|p1|Kyogre, L50|\n|poke|p1|Zamazenta-*, L50|\n|poke|p1|Indeedee-F, L50, F|\n|poke|p1|Dragapult, L50, M|\n|poke|p1|Chien-Pao, L50|\n|poke|p1|Incineroar, L50, F|\n|poke|p2|Calyrex-Ice, L50|\n|poke|p2|Urshifu-*, L50, M|\n|poke|p2|Amoonguss, L50, M|\n|poke|p2|Landorus, L50, M|\n|poke|p2|Raging Bolt, L50|\n|poke|p2|Indeedee-F, L50, F|\n|teampreview|4\n|showteam|p1|Kyogre||ChoiceScarf|Drizzle|WaterSpout,IceBeam,OriginPulse,HydroPump||||||50|,,,,,Grass]Zamazenta-Crowned||RustedShield|DauntlessShield|BodyPress,HeavySlam,WideGuard,Protect||||||50|,,,,,Dragon]Indeedee-F||PsychicSeed|PsychicSurge|TrickRoom,FollowMe,HelpingHand,Imprison|||F|||50|,,,,,Fairy]Dragapult||FocusSash|ClearBody|PhantomForce,DragonDarts,DragonDance,Protect|||M|||50|,,,,,Normal]Chien-Pao||ClearAmulet|SwordofRuin|SuckerPunch,ThroatChop,SacredSword,Protect||||||50|,,,,,Stellar]Incineroar||RockyHelmet|Intimidate|Taunt,FakeOut,PartingShot,KnockOff|||F|||50|,,,,,Grass\n|showteam|p2|Calyrex-Ice||ClearAmulet|AsOneGlastrier|GlacialLance,TrickRoom,Protect,HighHorsepower||||||50|,,,,,Water]Urshifu-Rapid-Strike||ChoiceScarf|UnseenFist|SurgingStrikes,CloseCombat,AquaJet,Uturn|||M|||50|,,,,,Water]Amoonguss||RockyHelmet|Regenerator|Spore,RagePowder,Protect,PollenPuff|||M|||50|,,,,,Water]Landorus||LifeOrb|SheerForce|SludgeBomb,EarthPower,Protect,SandsearStorm|||M|||50|,,,,,Poison]Raging Bolt||AssaultVest|Protosynthesis|Thunderclap,Thunderbolt,DracoMeteor,Protect||||||50|,,,,,Electric]Indeedee-F||PsychicSeed|PsychicSurge|FollowMe,TrickRoom,HelpingHand,Psychic|||F|||50|,,,,,Fairy\n|inactive|Battle timer is ON: inactive players will automatically lose when time's up. (requested by Edozeg)\n|inactive|Edozeg has 60 seconds left.\n|inactive|ErPrietinho has 60 seconds left.\n|\n|t:|1746012051\n|start\n|switch|p1a: Dragapult|Dragapult, L50, M|100/100\n|switch|p1b: Incineroar|Incineroar, L50, F|100/100\n|switch|p2a: Calyrex|Calyrex-Ice, L50|100/100\n|switch|p2b: Amoonguss|Amoonguss, L50, M, shiny|100/100\n|-ability|p2a: Calyrex|As One\n|-ability|p2a: Calyrex|Unnerve\n|-ability|p1b: Incineroar|Intimidate|boost\n|-fail|p2a: Calyrex|unboost|[from] item: Clear Amulet|[of] p2a: Calyrex\n|-unboost|p2b: Amoonguss|atk|1\n|turn|1\n|\n|t:|1746012072\n|-terastallize|p2b: Amoonguss|Water\n|move|p2b: Amoonguss|Rage Powder|p2b: Amoonguss\n|-singleturn|p2b: Amoonguss|move: Rage Powder\n|move|p1a: Dragapult|Phantom Force||[still]\n|-prepare|p1a: Dragapult|Phantom Force\n|move|p1b: Incineroar|Taunt|p2b: Amoonguss\n|-start|p2b: Amoonguss|move: Taunt\n|move|p2a: Calyrex|Trick Room|p2a: Calyrex\n|-fieldstart|move: Trick Room|[of] p2a: Calyrex\n|\n|upkeep\n|turn|2\n|\n|t:|1746012095\n|move|p2b: Amoonguss|Pollen Puff|p2a: Calyrex\n|move|p2a: Calyrex|Glacial Lance|p1b: Incineroar|[spread] p1b\n|-miss|p2a: Calyrex|p1a: Dragapult\n|-resisted|p1b: Incineroar\n|-crit|p1b: Incineroar\n|-damage|p1b: Incineroar|64/100\n|move|p1b: Incineroar|Knock Off|p2a: Calyrex\n|-supereffective|p2a: Calyrex\n|-damage|p2a: Calyrex|56/100\n|-enditem|p2a: Calyrex|Clear Amulet|[from] move: Knock Off|[of] p1b: Incineroar\n|move|p1a: Dragapult|Phantom Force|p2a: Calyrex|[from] lockedmove\n|-supereffective|p2a: Calyrex\n|-damage|p2a: Calyrex|0 fnt\n|faint|p2a: Calyrex\n|\n|upkeep\n|\n|t:|1746012115\n|switch|p2a: Raging Bolt|Raging Bolt, L50|100/100\n|turn|3\n|\n|t:|1746012133\n|switch|p1b: Indeedee|Indeedee-F, L50, F|100/100\n|-fieldstart|move: Psychic Terrain|[from] ability: Psychic Surge|[of] p1b: Indeedee\n|-enditem|p1b: Indeedee|Psychic Seed\n|-boost|p1b: Indeedee|spd|1|[from] item: Psychic Seed\n|move|p1a: Dragapult|Protect|p1a: Dragapult\n|-singleturn|p1a: Dragapult|Protect\n|move|p2b: Amoonguss|Pollen Puff|p1b: Indeedee\n|-supereffective|p1b: Indeedee\n|-damage|p1b: Indeedee|75/100\n|move|p2a: Raging Bolt|Draco Meteor|p1a: Dragapult\n|-activate|p1a: Dragapult|move: Protect\n|\n|upkeep\n|turn|4\n|inactive|Edozeg has 30 seconds left.\n|\n|t:|1746012163\n|-terastallize|p1b: Indeedee|Fairy\n|move|p1b: Indeedee|Follow Me|p1b: Indeedee\n|-singleturn|p1b: Indeedee|move: Follow Me\n|move|p2b: Amoonguss|Pollen Puff|p1b: Indeedee\n|-resisted|p1b: Indeedee\n|-damage|p1b: Indeedee|68/100\n|move|p2a: Raging Bolt|Draco Meteor|p1b: Indeedee\n|-immune|p1b: Indeedee\n|move|p1a: Dragapult|Dragon Dance|p1a: Dragapult\n|-boost|p1a: Dragapult|atk|1\n|-boost|p1a: Dragapult|spe|1\n|\n|-end|p2b: Amoonguss|move: Taunt\n|upkeep\n|turn|5\n|inactive|Edozeg has 30 seconds left.\n|\n|t:|1746012197\n|switch|p1b: Incineroar|Incineroar, L50, F|64/100\n|-ability|p1b: Incineroar|Intimidate|boost\n|-unboost|p2a: Raging Bolt|atk|1\n|-unboost|p2b: Amoonguss|atk|1\n|move|p2b: Amoonguss|Protect|p2b: Amoonguss\n|-singleturn|p2b: Amoonguss|Protect\n|move|p1a: Dragapult|Protect|p1a: Dragapult\n|-singleturn|p1a: Dragapult|Protect\n|move|p2a: Raging Bolt|Draco Meteor|p1a: Dragapult\n|-activate|p1a: Dragapult|move: Protect\n|\n|-fieldend|move: Trick Room\n|upkeep\n|turn|6\n|inactive|Edozeg has 30 seconds left.\n|inactive|ErPrietinho has 30 seconds left.\n|inactive|Edozeg has 20 seconds left.\n|inactive|Edozeg has 15 seconds left.\n|inactive|Edozeg has 10 seconds left.\n|\n|t:|1746012245\n|move|p2b: Amoonguss|Rage Powder|p2b: Amoonguss\n|-singleturn|p2b: Amoonguss|move: Rage Powder\n|move|p1a: Dragapult|Phantom Force||[still]\n|-prepare|p1a: Dragapult|Phantom Force\n|move|p2a: Raging Bolt|Draco Meteor|p1a: Dragapult|[miss]\n|-miss|p2a: Raging Bolt|p1a: Dragapult\n|move|p1b: Incineroar|Taunt|p2b: Amoonguss\n|-start|p2b: Amoonguss|move: Taunt\n|\n|upkeep\n|turn|7\n|inactive|ErPrietinho has 30 seconds left.\n|\n|t:|1746012280\n|-end|p2a: Raging Bolt|Protosynthesis|[silent]\n|switch|p2a: Landorus|Landorus, L50, M, shiny|100/100\n|switch|p1b: Indeedee|Indeedee-F, L50, F, tera:Fairy|68/100\n|move|p1a: Dragapult|Phantom Force|p2a: Landorus|[from] lockedmove\n|-damage|p2a: Landorus|24/100\n|move|p2b: Amoonguss|Pollen Puff|p1b: Indeedee\n|-resisted|p1b: Indeedee\n|-damage|p1b: Indeedee|60/100\n|\n|-fieldend|move: Psychic Terrain\n|upkeep\n|turn|8\n|inactive|Edozeg has 30 seconds left.\n|inactive|Edozeg has 20 seconds left.\n|\n|t:|1746012320\n|switch|p1b: Incineroar|Incineroar, L50, F|64/100\n|-ability|p1b: Incineroar|Intimidate|boost\n|-unboost|p2a: Landorus|atk|1\n|-unboost|p2b: Amoonguss|atk|1\n|move|p2a: Landorus|Protect|p2a: Landorus\n|-singleturn|p2a: Landorus|Protect\n|move|p1a: Dragapult|Dragon Darts|p2b: Amoonguss\n|-damage|p2b: Amoonguss|73/100\n|-anim|p1a: Dragapult|Dragon Darts|p2b: Amoonguss\n|-damage|p2b: Amoonguss|45/100\n|move|p2b: Amoonguss|Pollen Puff|p2a: Landorus\n|-activate|p2a: Landorus|move: Protect\n|\n|upkeep\n|turn|9\n|\n|t:|1746012341\n|move|p1a: Dragapult|Dragon Darts|p2a: Landorus\n|-damage|p2a: Landorus|0 fnt\n|-anim|p1a: Dragapult|Dragon Darts|p2b: Amoonguss\n|-damage|p2b: Amoonguss|18/100\n|faint|p2a: Landorus\n|move|p1b: Incineroar|Knock Off|p2b: Amoonguss\n|-damage|p2b: Amoonguss|0 fnt\n|-damage|p1b: Incineroar|48/100|[from] item: Rocky Helmet|[of] p2b: Amoonguss\n|-enditem|p2b: Amoonguss|Rocky Helmet|[from] move: Knock Off|[of] p1b: Incineroar\n|faint|p2b: Amoonguss\n|\n|upkeep\n|\n|t:|1746012348\n|switch|p2b: Raging Bolt|Raging Bolt, L50|100/100\n|turn|10\n|-message|ErPrietinho forfeited.\n|\n|win|Edozeg\n|l|\u2606ErPrietinho\n|player|p2|\n|j|\u2606ErPrietinho\n|player|p2|ErPrietinho|lucas-gen4pt|\n|inactive|Edozeg has 30 seconds to confirm battle start!\n|inactive|ErPrietinho has 30 seconds to confirm battle start!\n", "uploadtime": 1746012360, "views": 7, "formatid": "gen9vgc2025regibo3", "rating": null, "private": 0, "password": null}