{"id": "gen9vgc2025regibo3-2353725104", "format": "[Gen 9] VGC 2025 Reg I (Bo3)", "players": ["luceliok223", "CityPopThatThang"], "log": "|j|\u2606luceliok223\n|j|\u2606CityPopThatThang\n|html|<table width=\"100%\"><tr><td align=\"left\">luceliok223</td><td align=\"right\">CityPopThatThang</tr><tr><td align=\"left\"><i class=\"fa fa-circle-o\"></i> <i class=\"fa fa-circle-o\"></i> </td><td align=\"right\"><i class=\"fa fa-circle-o\"></i> <i class=\"fa fa-circle-o\"></i> </tr></table>\n|uhtml|bestof|<h2><strong>Game 1</strong> of <a href=\"/game-bestof3-gen9vgc2025regibo3-2353725103\">a best-of-3</a></h2>\n|t:|1745989226\n|gametype|doubles\n|player|p1|luceliok223|cyrus|1000\n|player|p2|CityPopThatThang|guzma|1095\n|teamsize|p1|6\n|teamsize|p2|6\n|gen|9\n|tier|[Gen 9] VGC 2025 Reg I (Bo3)\n|rated|\n|rule|Species Clause: Limit one of each Pok\u00e9mon\n|rule|Item Clause: Limit 1 of each item\n|clearpoke\n|poke|p1|Farigiraf, L50, M|\n|poke|p1|Miraidon, L50|\n|poke|p1|Iron Hands, L50|\n|poke|p1|Whimsicott, L50, M|\n|poke|p1|Ogerpon-Hearthflame, L50, F|\n|poke|p1|Terapagos, L50, M|\n|poke|p2|Kyogre, L50|\n|poke|p2|Zamazenta-*, L50|\n|poke|p2|Ursaluna, L50, M|\n|poke|p2|Sinistcha, L50|\n|poke|p2|Tornadus, L50, M|\n|poke|p2|Chi-Yu, L50|\n|teampreview|4\n|showteam|p1|Farigiraf||ElectricSeed|ArmorTail|FoulPlay,TrickRoom,HelpingHand,Roar|||M|||50|,,,,,Normal]Miraidon||ChoiceSpecs|HadronEngine|ElectroDrift,DracoMeteor,DazzlingGleam,Protect||||||50|,,,,,Fairy]Iron Hands||AssaultVest|QuarkDrive|DrainPunch,HeavySlam,FakeOut,IcePunch||||||50|,,,,,Fighting]Whimsicott||FocusSash|Prankster|Tailwind,EnergyBall,Encore,Taunt|||M|||50|,,,,,Grass]Ogerpon-Hearthflame||HearthflameMask|MoldBreaker|IvyCudgel,HornLeech,FollowMe,SpikyShield|||F|||50|,,,,,Fire]Terapagos||SitrusBerry|TeraShift|TeraStarstorm,CalmMind,Substitute,Protect|||M|||50|,,,,,Stellar\n|showteam|p2|Kyogre||LifeOrb|Drizzle|WaterSpout,IceBeam,Thunder,Protect||||||50|,,,,,Electric]Zamazenta-Crowned||RustedShield|DauntlessShield|BodyPress,HeavySlam,WideGuard,IronDefense||||||50|,,,,,Grass]Ursaluna||FlameOrb|Guts|Facade,HeadlongRush,Substitute,Protect|||M|||50|,,,,,Bug]Sinistcha||RockyHelmet|Hospitality|MatchaGotcha,Scald,RagePowder,TrickRoom||||||50|,,,,,Water]Tornadus||CovertCloak|Prankster|Hurricane,Tailwind,RainDance,Taunt|||M|||50|,,,,,Steel]Chi-Yu||ChoiceScarf|BeadsofRuin|HeatWave,DarkPulse,Snarl,Ruination||||||50|,,,,,Ghost\n|\n|t:|1745989269\n|start\n|switch|p1a: Miraidon|Miraidon, L50|100/100\n|switch|p1b: Farigiraf|Farigiraf, L50, M|100/100\n|switch|p2a: Zamazenta|Zamazenta-Crowned, L50, shiny|100/100\n|switch|p2b: Chi-Yu|Chi-Yu, L50|100/100\n|-ability|p2b: Chi-Yu|Beads of Ruin\n|-fieldstart|move: Electric Terrain|[from] ability: Hadron Engine|[of] p1a: Miraidon\n|-enditem|p1b: Farigiraf|Electric Seed\n|-boost|p1b: Farigiraf|def|1|[from] item: Electric Seed\n|-ability|p2a: Zamazenta|Dauntless Shield|boost\n|-boost|p2a: Zamazenta|def|1\n|turn|1\n|\n|t:|1745989322\n|-terastallize|p1a: Miraidon|Fairy\n|-terastallize|p2a: Zamazenta|Grass\n|move|p1b: Farigiraf|Helping Hand|p1a: Miraidon\n|-singleturn|p1a: Miraidon|Helping Hand|[of] p1b: Farigiraf\n|move|p2b: Chi-Yu|Snarl|p1b: Farigiraf|[spread] p1a,p1b\n|-resisted|p1a: Miraidon\n|-supereffective|p1b: Farigiraf\n|-damage|p1a: Miraidon|88/100\n|-damage|p1b: Farigiraf|57/100\n|-unboost|p1a: Miraidon|spa|1\n|-unboost|p1b: Farigiraf|spa|1\n|move|p1a: Miraidon|Dazzling Gleam|p2a: Zamazenta|[spread] p2a,p2b\n|-damage|p2a: Zamazenta|47/100\n|-damage|p2b: Chi-Yu|30/100\n|move|p2a: Zamazenta|Body Press|p1b: Farigiraf\n|-damage|p1b: Farigiraf|12/100\n|\n|upkeep\n|turn|2\n|\n|t:|1745989343\n|move|p1b: Farigiraf|Helping Hand|p1a: Miraidon\n|-singleturn|p1a: Miraidon|Helping Hand|[of] p1b: Farigiraf\n|move|p2a: Zamazenta|Wide Guard|p2a: Zamazenta\n|-singleturn|p2a: Zamazenta|Wide Guard\n|move|p2b: Chi-Yu|Snarl|p1b: Farigiraf|[spread] p1a,p1b\n|-resisted|p1a: Miraidon\n|-supereffective|p1b: Farigiraf\n|-damage|p1a: Miraidon|76/100\n|-damage|p1b: Farigiraf|0 fnt\n|-unboost|p1a: Miraidon|spa|1\n|faint|p1b: Farigiraf\n|move|p1a: Miraidon|Dazzling Gleam|p2a: Zamazenta|[spread] \n|-activate|p2a: Zamazenta|move: Wide Guard\n|-activate|p2b: Chi-Yu|move: Wide Guard\n|\n|upkeep\n|l|\u2606luceliok223\n|player|p1|\n|inactive|Battle timer is ON: inactive players will automatically lose when time's up. (requested by CityPopThatThang)\n|j|\u2606luceliok223\n|inactive|luceliok223 reconnected and has 85 seconds left.\n|player|p1|luceliok223|cyrus|\n|\n|t:|1745989377\n|switch|p1b: Ogerpon|Ogerpon-Hearthflame, L50, F|100/100\n|-ability|p1b: Ogerpon|Mold Breaker\n|turn|3\n|inactive|luceliok223 has 30 seconds left.\n|\n|t:|1745989404\n|switch|p2b: Sinistcha|Sinistcha, L50|100/100\n|-heal|p2a: Zamazenta|72/100|[from] ability: Hospitality|[of] p2b: Sinistcha\n|switch|p1a: Whimsicott|Whimsicott, L50, M|100/100\n|move|p2a: Zamazenta|Body Press|p1b: Ogerpon\n|-damage|p1b: Ogerpon|13/100\n|move|p1b: Ogerpon|Ivy Cudgel|p2a: Zamazenta|[anim] Ivy Cudgel Fire\n|-supereffective|p2a: Zamazenta\n|-damage|p2a: Zamazenta|21/100\n|\n|upkeep\n|turn|4\n|inactive|CityPopThatThang has 30 seconds left.\n|inactive|CityPopThatThang has 20 seconds left.\n|\n|t:|1745989439\n|move|p1a: Whimsicott|Tailwind|p1a: Whimsicott\n|-sidestart|p1: luceliok223|move: Tailwind\n|move|p1b: Ogerpon|Ivy Cudgel|p2a: Zamazenta|[anim] Ivy Cudgel Fire\n|-supereffective|p2a: Zamazenta\n|-damage|p2a: Zamazenta|0 fnt\n|faint|p2a: Zamazenta\n|move|p2b: Sinistcha|Trick Room|p2b: Sinistcha\n|-fieldstart|move: Trick Room|[of] p2b: Sinistcha\n|\n|upkeep\n|\n|t:|1745989446\n|switch|p2a: Ursaluna|Ursaluna, L50, M|100/100\n|turn|5\n|\n|t:|1745989463\n|switch|p2b: Chi-Yu|Chi-Yu, L50|30/100\n|-ability|p2b: Chi-Yu|Beads of Ruin\n|move|p1b: Ogerpon|Spiky Shield|p1b: Ogerpon\n|-singleturn|p1b: Ogerpon|move: Protect\n|move|p1a: Whimsicott|Encore|p2b: Chi-Yu\n|-hint|Since gen 7, Dark is immune to Prankster moves.\n|-immune|p2b: Chi-Yu\n|move|p2a: Ursaluna|Facade|p1b: Ogerpon\n|-activate|p1b: Ogerpon|move: Protect\n|-damage|p2a: Ursaluna|88/100|[from] Spiky Shield|[of] p1b: Ogerpon\n|\n|-fieldend|move: Electric Terrain\n|-status|p2a: Ursaluna|brn|[from] item: Flame Orb\n|upkeep\n|turn|6\n|\n|t:|1745989480\n|move|p1b: Ogerpon|Spiky Shield||[still]\n|-fail|p1b: Ogerpon\n|move|p2a: Ursaluna|Facade|p1b: Ogerpon\n|-damage|p1b: Ogerpon|0 fnt\n|faint|p1b: Ogerpon\n|move|p2b: Chi-Yu|Heat Wave|p1a: Whimsicott\n|-supereffective|p1a: Whimsicott\n|-enditem|p1a: Whimsicott|Focus Sash\n|-damage|p1a: Whimsicott|1/100\n|move|p1a: Whimsicott|Energy Ball|p2a: Ursaluna\n|-supereffective|p2a: Ursaluna\n|-damage|p2a: Ursaluna|26/100 brn\n|\n|-damage|p2a: Ursaluna|20/100 brn|[from] brn\n|upkeep\n|\n|t:|1745989496\n|switch|p1b: Miraidon|Miraidon, L50, tera:Fairy|76/100\n|-fieldstart|move: Electric Terrain|[from] ability: Hadron Engine|[of] p1b: Miraidon\n|turn|7\n|\n|t:|1745989517\n|switch|p2b: Sinistcha|Sinistcha, L50|100/100\n|-heal|p2a: Ursaluna|44/100 brn|[from] ability: Hospitality|[of] p2b: Sinistcha\n|move|p1a: Whimsicott|Tailwind||[still]\n|-fail|p1a: Whimsicott\n|move|p2a: Ursaluna|Facade|p1b: Miraidon\n|-damage|p1b: Miraidon|0 fnt\n|faint|p1b: Miraidon\n|\n|-damage|p2a: Ursaluna|39/100 brn|[from] brn\n|-sideend|p1: luceliok223|move: Tailwind\n|upkeep\n|turn|8\n|\n|t:|1745989529\n|switch|p2b: Chi-Yu|Chi-Yu, L50|30/100\n|-ability|p2b: Chi-Yu|Beads of Ruin\n|move|p2a: Ursaluna|Substitute|p2a: Ursaluna\n|-start|p2a: Ursaluna|Substitute\n|-damage|p2a: Ursaluna|14/100 brn\n|move|p1a: Whimsicott|Energy Ball|p2a: Ursaluna\n|-supereffective|p2a: Ursaluna\n|-end|p2a: Ursaluna|Substitute\n|\n|-damage|p2a: Ursaluna|8/100 brn|[from] brn\n|-fieldend|move: Trick Room\n|upkeep\n|turn|9\n|c|\u2606CityPopThatThang|lol\n|\n|t:|1745989544\n|move|p1a: Whimsicott|Encore|p2a: Ursaluna\n|-start|p2a: Ursaluna|Encore\n|move|p2b: Chi-Yu|Dark Pulse|p1a: Whimsicott\n|-resisted|p1a: Whimsicott\n|-damage|p1a: Whimsicott|0 fnt\n|faint|p1a: Whimsicott\n|\n|win|CityPopThatThang\n", "uploadtime": 1745989549, "views": 11, "formatid": "gen9vgc2025regibo3", "rating": null, "private": 0, "password": null}