{"id": "gen9vgc2025regibo3-2354742601", "format": "[Gen 9] VGC 2025 Reg I (Bo3)", "players": ["Samueljacksonheehe", "amarin93"], "log": "|j|\u2606Samueljacksonheehe\n|j|\u2606amarin93\n|html|<table width=\"100%\"><tr><td align=\"left\">Samueljacksonheehe</td><td align=\"right\">amarin93</tr><tr><td align=\"left\"><i class=\"fa fa-circle\"></i> <i class=\"fa fa-circle-o\"></i> </td><td align=\"right\"><i class=\"fa fa-circle-o\"></i> <i class=\"fa fa-circle-o\"></i> </tr></table>\n|uhtml|bestof|<h2><strong>Game 2</strong> of <a href=\"/game-bestof3-gen9vgc2025regibo3-2354740666\">a best-of-3</a></h2>\n|t:|1746115794\n|gametype|doubles\n|player|p1|Samueljacksonheehe|266|1369\n|player|p2|amarin93|lucas-gen4pt|1307\n|teamsize|p1|6\n|teamsize|p2|6\n|gen|9\n|tier|[Gen 9] VGC 2025 Reg I (Bo3)\n|rated|\n|rule|Species Clause: Limit one of each Pok\u00e9mon\n|rule|Item Clause: Limit 1 of each item\n|clearpoke\n|poke|p1|Miraidon, L50|\n|poke|p1|Groudon, L50|\n|poke|p1|Iron Hands, L50|\n|poke|p1|Incineroar, L50, M|\n|poke|p1|Urshifu-*, L50, F|\n|poke|p1|Farigiraf, L50, M|\n|poke|p2|Koraidon, L50|\n|poke|p2|Lunala, L50|\n|poke|p2|Charizard, L50, M|\n|poke|p2|Indeedee-F, L50, F|\n|poke|p2|Ursaluna, L50, M|\n|poke|p2|Raging Bolt, L50|\n|teampreview|4\n|showteam|p1|Miraidon||ChoiceSpecs|HadronEngine|ElectroDrift,DracoMeteor,VoltSwitch,DazzlingGleam||||||50|,,,,,Fairy]Groudon||LifeOrb|Drought|PrecipiceBlades,HeatCrash,ThunderPunch,Protect||||||50|,,,,,Fire]Iron Hands||AssaultVest|QuarkDrive|FakeOut,LowKick,DrainPunch,HeavySlam||||||50|,,,,,Water]Incineroar||RockyHelmet|Intimidate|FakeOut,FlareBlitz,KnockOff,Uturn|||M|||50|,,,,,Ghost]Urshifu||FocusSash|UnseenFist|WickedBlow,CloseCombat,SuckerPunch,Detect|||F|||50|,,,,,Dark]Farigiraf||ElectricSeed|ArmorTail|Psychic,HelpingHand,Gravity,TrickRoom|||M|||50|,,,,,Water\n|showteam|p2|Koraidon||LifeOrb|OrichalcumPulse|CloseCombat,FlareBlitz,FlameCharge,Protect||||||50|,,,,,Fire]Lunala||PowerHerb|ShadowShield|MoongeistBeam,ExpandingForce,MeteorBeam,WideGuard||||||50|,,,,,Water]Charizard||ChoiceScarf|SolarPower|HeatWave,Overheat,AirSlash,Flamethrower|||M|||50|,,,,,Fire]Indeedee-F||PsychicSeed|PsychicSurge|AlluringVoice,FollowMe,TrickRoom,Imprison|||F|||50|,,,,,Fairy]Ursaluna||FlameOrb|Guts|HeadlongRush,Earthquake,Facade,Protect|||M|||50|,,,,,Poison]Raging Bolt||AssaultVest|Protosynthesis|Snarl,Thunderbolt,Thunderclap,DragonPulse||||||50|,,,,,Electric\n|\n|t:|1746115814\n|start\n|switch|p1a: Urshifu|Urshifu, L50, F|100/100\n|switch|p1b: Farigiraf|Farigiraf, L50, M|100/100\n|switch|p2a: Lunala|Lunala, L50|100/100\n|switch|p2b: Indeedee|Indeedee-F, L50, F|100/100\n|-fieldstart|move: Psychic Terrain|[from] ability: Psychic Surge|[of] p2b: Indeedee\n|-enditem|p2b: Indeedee|Psychic Seed\n|-boost|p2b: Indeedee|spd|1|[from] item: Psychic Seed\n|turn|1\n|inactive|Battle timer is ON: inactive players will automatically lose when time's up. (requested by Samueljacksonheehe)\n|\n|t:|1746115878\n|switch|p2a: Koraidon|Koraidon, L50|100/100\n|-weather|SunnyDay|[from] ability: Orichalcum Pulse|[of] p2a: Koraidon\n|-activate|p2a: Koraidon|Orichalcum Pulse|[source]\n|-terastallize|p2b: Indeedee|Fairy\n|move|p1a: Urshifu|Wicked Blow|p2b: Indeedee\n|-resisted|p2b: Indeedee\n|-crit|p2b: Indeedee\n|-damage|p2b: Indeedee|68/100\n|move|p2b: Indeedee|Imprison|p2b: Indeedee\n|-start|p2b: Indeedee|move: Imprison\n|cant|p1b: Farigiraf|move: Imprison|Trick Room\n|\n|-weather|SunnyDay|[upkeep]\n|upkeep\n|turn|2\n|inactive|Samueljacksonheehe has 30 seconds left.\n|inactive|amarin93 has 30 seconds left.\n|inactive|Samueljacksonheehe has 20 seconds left.\n|inactive|Samueljacksonheehe has 15 seconds left.\n|\n|t:|1746115919\n|move|p2a: Koraidon|Close Combat|p1b: Farigiraf\n|-damage|p1b: Farigiraf|0 fnt\n|-unboost|p2a: Koraidon|def|1\n|-unboost|p2a: Koraidon|spd|1\n|faint|p1b: Farigiraf\n|-damage|p2a: Koraidon|91/100|[from] item: Life Orb\n|move|p1a: Urshifu|Wicked Blow|p2b: Indeedee\n|-resisted|p2b: Indeedee\n|-crit|p2b: Indeedee\n|-damage|p2b: Indeedee|37/100\n|move|p2b: Indeedee|Alluring Voice|p1a: Urshifu\n|-supereffective|p1a: Urshifu\n|-enditem|p1a: Urshifu|Focus Sash\n|-damage|p1a: Urshifu|1/100\n|\n|-weather|SunnyDay|[upkeep]\n|upkeep\n|\n|t:|1746115928\n|switch|p1b: Groudon|Groudon, L50|100/100\n|turn|3\n|\n|t:|1746115947\n|-terastallize|p1b: Groudon|Fire\n|move|p1a: Urshifu|Detect|p1a: Urshifu\n|-singleturn|p1a: Urshifu|Protect\n|move|p2a: Koraidon|Close Combat|p1b: Groudon\n|-damage|p1b: Groudon|27/100\n|-unboost|p2a: Koraidon|def|1\n|-unboost|p2a: Koraidon|spd|1\n|-damage|p2a: Koraidon|81/100|[from] item: Life Orb\n|move|p1b: Groudon|Precipice Blades|p2b: Indeedee|[spread] p2a\n|-miss|p1b: Groudon|p2b: Indeedee\n|-damage|p2a: Koraidon|0 fnt\n|faint|p2a: Koraidon\n|-damage|p1b: Groudon|18/100|[from] item: Life Orb\n|move|p2b: Indeedee|Alluring Voice|p1a: Urshifu\n|-activate|p1a: Urshifu|move: Protect\n|\n|-weather|SunnyDay|[upkeep]\n|upkeep\n|\n|t:|1746115967\n|switch|p2a: Charizard|Charizard, L50, M, shiny|100/100\n|turn|4\n|\n|t:|1746115990\n|move|p1b: Groudon|Protect|p1b: Groudon\n|-singleturn|p1b: Groudon|Protect\n|move|p2b: Indeedee|Follow Me|p2b: Indeedee\n|-singleturn|p2b: Indeedee|move: Follow Me\n|move|p1a: Urshifu|Sucker Punch||[still]\n|-fail|p1a: Urshifu\n|move|p2a: Charizard|Heat Wave|p1b: Groudon|[spread] p1a\n|-activate|p1b: Groudon|move: Protect\n|-damage|p1a: Urshifu|0 fnt\n|faint|p1a: Urshifu\n|\n|-weather|SunnyDay|[upkeep]\n|-damage|p2a: Charizard|88/100|[from] ability: Solar Power|[of] p2a: Charizard\n|upkeep\n|\n|t:|1746115994\n|switch|p1a: Miraidon|Miraidon, L50|100/100\n|-fieldstart|move: Electric Terrain|[from] ability: Hadron Engine|[of] p1a: Miraidon\n|turn|5\n|\n|t:|1746116014\n|move|p2b: Indeedee|Follow Me|p2b: Indeedee\n|-singleturn|p2b: Indeedee|move: Follow Me\n|move|p2a: Charizard|Heat Wave|p1a: Miraidon|[spread] p1a,p1b\n|-resisted|p1a: Miraidon\n|-resisted|p1b: Groudon\n|-damage|p1a: Miraidon|68/100\n|-damage|p1b: Groudon|0 fnt\n|-status|p1a: Miraidon|brn\n|faint|p1b: Groudon\n|move|p1a: Miraidon|Electro Drift|p2b: Indeedee\n|-damage|p2b: Indeedee|0 fnt\n|faint|p2b: Indeedee\n|\n|-weather|none\n|-damage|p1a: Miraidon|62/100 brn|[from] brn\n|upkeep\n|\n|t:|1746116029\n|switch|p2b: Lunala|Lunala, L50|100/100\n|turn|6\n|\n|t:|1746116039\n|move|p2a: Charizard|Heat Wave|p1a: Miraidon\n|-resisted|p1a: Miraidon\n|-damage|p1a: Miraidon|42/100 brn\n|move|p1a: Miraidon|Electro Drift|p2b: Lunala\n|-damage|p2b: Lunala|46/100\n|move|p2b: Lunala|Moongeist Beam|p1a: Miraidon\n|-damage|p1a: Miraidon|0 fnt\n|faint|p1a: Miraidon\n|\n|win|amarin93\n||Samueljacksonheehe is ready for game 3.\n|inactive|amarin93 has 30 seconds to confirm battle start!\n|l|\u2606amarin93\n|player|p2|\n||amarin93 is ready for game 3.\n|uhtml|next|Next: <a href=\"/battle-gen9vgc2025regibo3-2354745573\"><strong>Game 3 of 3</strong></a>\n|l|\u2606Samueljacksonheehe\n|player|p1|\n", "uploadtime": 1746116327, "views": 21, "formatid": "gen9vgc2025regibo3", "rating": null, "private": 0, "password": null}