{"id": "gen9vgc2025regibo3-2354885288", "format": "[Gen 9] VGC 2025 Reg I (Bo3)", "players": ["gundi8", "Snickers23"], "log": "|j|\u2606gundi8\n|j|\u2606Snickers23\n|html|<table width=\"100%\"><tr><td align=\"left\">gundi8</td><td align=\"right\">Snickers23</tr><tr><td align=\"left\"><i class=\"fa fa-circle\"></i> <i class=\"fa fa-circle-o\"></i> </td><td align=\"right\"><i class=\"fa fa-circle-o\"></i> <i class=\"fa fa-circle\"></i> </tr></table>\n|uhtml|bestof|<h2><strong>Game 3</strong> of <a href=\"/game-bestof3-gen9vgc2025regibo3-2354880471\">a best-of-3</a></h2>\n|t:|1746128444\n|gametype|doubles\n|player|p1|gundi8|ethan-gen2|1283\n|player|p2|Snickers23|rosa|1336\n|teamsize|p1|6\n|teamsize|p2|6\n|gen|9\n|tier|[Gen 9] VGC 2025 Reg I (Bo3)\n|rated|\n|rule|Species Clause: Limit one of each Pok\u00e9mon\n|rule|Item Clause: Limit 1 of each item\n|clearpoke\n|poke|p1|Calyrex-Shadow, L50|\n|poke|p1|Koraidon, L50|\n|poke|p1|Ditto, L50|\n|poke|p1|Brute Bonnet, L50|\n|poke|p1|Whimsicott, L50, M|\n|poke|p1|Chi-Yu, L50|\n|poke|p2|Calyrex-Shadow, L50|\n|poke|p2|Zamazenta-*, L50|\n|poke|p2|Incineroar, L50, F|\n|poke|p2|Rillaboom, L50, M|\n|poke|p2|Clefairy, L50, M|\n|poke|p2|Urshifu-*, L50, M|\n|teampreview|4\n|showteam|p1|Calyrex-Shadow||LifeOrb|AsOneSpectrier|AstralBarrage,Psychic,Substitute,Protect||||||50|,,,,,Ghost]Koraidon||ClearAmulet|OrichalcumPulse|CollisionCourse,FlameCharge,FlareBlitz,Protect||||||50|,,,,,Fire]Ditto||FocusSash|Imposter|Transform||||||50|,,,,,Normal]Brute Bonnet||RockyHelmet|Protosynthesis|SeedBomb,SuckerPunch,Spore,RagePowder||||||50|,,,,,Water]Whimsicott||CovertCloak|Prankster|Moonblast,LightScreen,Tailwind,Encore|||M|||50|,,,,,Dark]Chi-Yu||ChoiceScarf|BeadsofRuin|HeatWave,Snarl,Overheat,DarkPulse||||||50|,,,,,Ghost\n|showteam|p2|Calyrex-Shadow||SpellTag|AsOneSpectrier|AstralBarrage,Psychic,NastyPlot,Protect||||||50|,,,,,Dark]Zamazenta-Crowned||RustedShield|DauntlessShield|BodyPress,WideGuard,Protect,HeavySlam||||||50|,,,,,Dragon]Incineroar||SafetyGoggles|Intimidate|FlareBlitz,KnockOff,PartingShot,FakeOut|||F|||50|,,,,,Bug]Rillaboom||AssaultVest|GrassySurge|WoodHammer,GrassyGlide,Uturn,FakeOut|||M|||50|,,,,,Fire]Clefairy||Eviolite|FriendGuard|FollowMe,IcyWind,HelpingHand,Protect|||M|||50|,,,,,Water]Urshifu-Rapid-Strike||ChoiceScarf|UnseenFist|SurgingStrikes,CloseCombat,Uturn,RainDance|||M|||50|,,,,,Ghost\n|inactive|Battle timer is ON: inactive players will automatically lose when time's up. (requested by gundi8)\n|inactive|Snickers23 has 60 seconds left.\n|\n|t:|1746128475\n|start\n|switch|p1a: Calyrex|Calyrex-Shadow, L50|100/100\n|switch|p1b: Whimsicott|Whimsicott, L50, M|100/100\n|switch|p2a: Calyrex|Calyrex-Shadow, L50|100/100\n|switch|p2b: Clefairy|Clefairy, L50, M|100/100\n|-ability|p2a: Calyrex|As One\n|-ability|p2a: Calyrex|Unnerve\n|-ability|p1a: Calyrex|As One\n|-ability|p1a: Calyrex|Unnerve\n|turn|1\n|inactive|Snickers23 has 30 seconds left.\n|inactive|Snickers23 has 20 seconds left.\n|inactive|Snickers23 has 15 seconds left.\n|\n|t:|1746128518\n|move|p1a: Calyrex|Protect|p1a: Calyrex\n|-singleturn|p1a: Calyrex|Protect\n|move|p2a: Calyrex|Protect|p2a: Calyrex\n|-singleturn|p2a: Calyrex|Protect\n|move|p1b: Whimsicott|Light Screen|p1b: Whimsicott\n|-sidestart|p1: gundi8|move: Light Screen\n|move|p2b: Clefairy|Icy Wind|p1b: Whimsicott|[spread] p1b\n|-activate|p1a: Calyrex|move: Protect\n|-supereffective|p1b: Whimsicott\n|-damage|p1b: Whimsicott|90/100\n|\n|upkeep\n|turn|2\n|inactive|gundi8 has 30 seconds left.\n|inactive|Snickers23 has 30 seconds left.\n|inactive|gundi8 has 20 seconds left.\n|inactive|Snickers23 has 20 seconds left.\n|inactive|gundi8 has 15 seconds left.\n|inactive|Snickers23 has 15 seconds left.\n|\n|t:|1746128558\n|-terastallize|p2a: Calyrex|Dark\n|move|p2b: Clefairy|Helping Hand|p2a: Calyrex\n|-singleturn|p2a: Calyrex|Helping Hand|[of] p2b: Clefairy\n|move|p1b: Whimsicott|Encore|p2b: Clefairy\n|-start|p2b: Clefairy|Encore\n|move|p2a: Calyrex|Astral Barrage|p1b: Whimsicott|[spread] p1a,p1b\n|-supereffective|p1a: Calyrex\n|-damage|p1a: Calyrex|0 fnt\n|-damage|p1b: Whimsicott|30/100\n|faint|p1a: Calyrex\n|-ability|p2a: Calyrex|Grim Neigh|boost\n|-boost|p2a: Calyrex|spa|1\n|\n|upkeep\n|\n|t:|1746128571\n|switch|p1a: Koraidon|Koraidon, L50|100/100\n|-weather|SunnyDay|[from] ability: Orichalcum Pulse|[of] p1a: Koraidon\n|-activate|p1a: Koraidon|Orichalcum Pulse|[source]\n|turn|3\n|\n|t:|1746128582\n|switch|p2b: Urshifu|Urshifu-Rapid-Strike, L50, M|100/100\n|move|p2a: Calyrex|Protect|p2a: Calyrex\n|-singleturn|p2a: Calyrex|Protect\n|move|p1b: Whimsicott|Tailwind|p1b: Whimsicott\n|-sidestart|p1: gundi8|move: Tailwind\n|move|p1a: Koraidon|Collision Course|p2a: Calyrex\n|-activate|p2a: Calyrex|move: Protect\n|\n|-weather|SunnyDay|[upkeep]\n|upkeep\n|turn|4\n|\n|t:|1746128601\n|switch|p2a: Clefairy|Clefairy, L50, M|100/100\n|move|p1a: Koraidon|Collision Course|p2a: Clefairy\n|-resisted|p2a: Clefairy\n|-damage|p2a: Clefairy|72/100\n|move|p1b: Whimsicott|Moonblast|p2b: Urshifu\n|-supereffective|p2b: Urshifu\n|-damage|p2b: Urshifu|51/100\n|-unboost|p2b: Urshifu|spa|1\n|move|p2b: Urshifu|U-turn|p1b: Whimsicott\n|-damage|p1b: Whimsicott|0 fnt\n|faint|p1b: Whimsicott\n|\n|t:|1746128619\n|switch|p2b: Zamazenta|Zamazenta-Crowned, L50|100/100|[from] U-turn\n|-ability|p2b: Zamazenta|Dauntless Shield|boost\n|-boost|p2b: Zamazenta|def|1\n|\n|-weather|SunnyDay|[upkeep]\n|upkeep\n|\n|t:|1746128640\n|switch|p1b: Brute Bonnet|Brute Bonnet, L50|100/100\n|-activate|p1b: Brute Bonnet|ability: Protosynthesis\n|-start|p1b: Brute Bonnet|protosynthesisdef\n|turn|5\n|inactive|Snickers23 has 30 seconds left.\n|\n|t:|1746128674\n|-terastallize|p1b: Brute Bonnet|Water\n|move|p2a: Clefairy|Follow Me|p2a: Clefairy\n|-singleturn|p2a: Clefairy|move: Follow Me\n|move|p1a: Koraidon|Flare Blitz|p2a: Clefairy\n|-damage|p2a: Clefairy|0 fnt\n|faint|p2a: Clefairy\n|-damage|p1a: Koraidon|79/100|[from] Recoil\n|move|p2b: Zamazenta|Body Press|p1b: Brute Bonnet\n|-damage|p1b: Brute Bonnet|66/100\n|-damage|p2b: Zamazenta|84/100|[from] item: Rocky Helmet|[of] p1b: Brute Bonnet\n|move|p1b: Brute Bonnet|Spore|p2b: Zamazenta\n|-status|p2b: Zamazenta|slp|[from] move: Spore\n|\n|-weather|SunnyDay|[upkeep]\n|-sideend|p1: gundi8|move: Light Screen\n|upkeep\n|\n|t:|1746128691\n|switch|p2a: Calyrex|Calyrex-Shadow, L50, tera:Dark|100/100\n|-ability|p2a: Calyrex|As One\n|-ability|p2a: Calyrex|Unnerve\n|turn|6\n|\n|t:|1746128715\n|move|p1a: Koraidon|Flame Charge|p2b: Zamazenta\n|-supereffective|p2b: Zamazenta\n|-crit|p2b: Zamazenta\n|-damage|p2b: Zamazenta|20/100 slp\n|-boost|p1a: Koraidon|spe|1\n|move|p2a: Calyrex|Astral Barrage|p1a: Koraidon|[spread] p1a,p1b\n|-crit|p1a: Koraidon\n|-damage|p1a: Koraidon|0 fnt\n|-damage|p1b: Brute Bonnet|25/100\n|faint|p1a: Koraidon\n|-ability|p2a: Calyrex|Grim Neigh|boost\n|-boost|p2a: Calyrex|spa|1\n|cant|p2b: Zamazenta|slp\n|move|p1b: Brute Bonnet|Spore|p2a: Calyrex\n|-status|p2a: Calyrex|slp|[from] move: Spore\n|\n|-weather|SunnyDay|[upkeep]\n|-sideend|p1: gundi8|move: Tailwind\n|upkeep\n|turn|7\n|\n|t:|1746128728\n|cant|p2a: Calyrex|slp\n|cant|p2b: Zamazenta|slp\n|move|p1b: Brute Bonnet|Seed Bomb|p2b: Zamazenta\n|-resisted|p2b: Zamazenta\n|-damage|p2b: Zamazenta|13/100 slp\n|\n|-weather|none\n|-end|p1b: Brute Bonnet|Protosynthesis\n|upkeep\n|turn|8\n|-message|gundi8 forfeited.\n|\n|win|Snickers23\n|raw|gundi8's rating: 1283 &rarr; <strong>1262</strong><br />(-21 for losing)\n|raw|Snickers23's rating: 1336 &rarr; <strong>1353</strong><br />(+17 for winning)\n|l|\u2606Snickers23\n|player|p2|\n", "uploadtime": 1746128738, "views": 5, "formatid": "gen9vgc2025regibo3", "rating": 1262, "private": 0, "password": null}