{"id": "gen9vgc2025regibo3-2353614584", "format": "[Gen 9] VGC 2025 Reg I (Bo3)", "players": ["CreepySheeps", "QBkiller55"], "log": "|j|\u203dCreepySheeps\n|j|\u2606QBkiller55\n|html|<table width=\"100%\"><tr><td align=\"left\">CreepySheeps</td><td align=\"right\">QBkiller55</tr><tr><td align=\"left\"><i class=\"fa fa-circle-o\"></i> <i class=\"fa fa-circle-o\"></i> </td><td align=\"right\"><i class=\"fa fa-circle-o\"></i> <i class=\"fa fa-circle-o\"></i> </tr></table>\n|uhtml|bestof|<h2><strong>Game 1</strong> of <a href=\"/game-bestof3-gen9vgc2025regibo3-2353614583\">a best-of-3</a></h2>\n|t:|1745974762\n|gametype|doubles\n|player|p1|CreepySheeps|janitor|1079\n|player|p2|QBkiller55|acetrainer-gen4dp|1179\n|teamsize|p1|6\n|teamsize|p2|6\n|gen|9\n|tier|[Gen 9] VGC 2025 Reg I (Bo3)\n|rated|\n|rule|Species Clause: Limit one of each Pok\u00e9mon\n|rule|Item Clause: Limit 1 of each item\n|clearpoke\n|poke|p1|Solgaleo, L50|\n|poke|p1|Koraidon, L50|\n|poke|p1|Rillaboom, L50, M|\n|poke|p1|Urshifu-*, L50, M|\n|poke|p1|Farigiraf, L50, M|\n|poke|p1|Ariados, L50, F|\n|poke|p2|Whimsicott, L50, M|\n|poke|p2|Incineroar, L50, M|\n|poke|p2|Calyrex-Shadow, L50|\n|poke|p2|Koraidon, L50|\n|poke|p2|Roaring Moon, L50|\n|poke|p2|Amoonguss, L50, M|\n|teampreview|4\n|showteam|p1|Solgaleo||WeaknessPolicy|FullMetalBody|Protect,PsychicFangs,SunsteelStrike,FlameCharge||||||50|,,,,,Fire]Koraidon||LifeOrb|OrichalcumPulse|CollisionCourse,FlareBlitz,Protect,FlameCharge||||||50|,,,,,Fire]Rillaboom||AssaultVest|GrassySurge|WoodHammer,GrassyGlide,Uturn,FakeOut|||M|||50|,,,,,Fire]Urshifu||ChoiceScarf|UnseenFist|WickedBlow,SuckerPunch,Uturn,CloseCombat|||M|||50|,,,,,Dark]Farigiraf||SitrusBerry|ArmorTail|Bulldoze,Protect,FoulPlay,HelpingHand|||M|||50|,,,,,Fairy]Ariados||FocusSash|Insomnia|ShadowSneak,StickyWeb,KnockOff,RagePowder|||F|||50|,,,,,Ghost\n|showteam|p2|Whimsicott||CovertCloak|Prankster|Moonblast,Encore,Taunt,Tailwind|||M|||50|,,,,,Ghost]Incineroar||SafetyGoggles|Intimidate|KnockOff,WillOWisp,PartingShot,FakeOut|||M|||50|,,,,,Fairy]Calyrex-Shadow||FocusSash|AsOneSpectrier|AstralBarrage,TeraBlast,ExpandingForce,Protect||||||50|,,,,,Ground]Koraidon||ClearAmulet|OrichalcumPulse|CollisionCourse,FlareBlitz,FlameCharge,Protect||||||50|,,,,,Fire]Roaring Moon||BoosterEnergy|Protosynthesis|KnockOff,Acrobatics,Tailwind,Protect||||||50|,,,,,Flying]Amoonguss||RockyHelmet|Regenerator|PollenPuff,RagePowder,Spore,Protect|||M|||50|,,,,,Water\n|inactive|Battle timer is ON: inactive players will automatically lose when time's up. (requested by CreepySheeps)\n|inactive|CreepySheeps has 60 seconds left.\n|\n|t:|1745974798\n|start\n|switch|p1a: Urshifu|Urshifu, L50, M|100/100\n|switch|p1b: Farigiraf|Farigiraf, L50, M|100/100\n|switch|p2a: Incineroar|Incineroar, L50, M|100/100\n|switch|p2b: Roaring Moon|Roaring Moon, L50|100/100\n|-ability|p2a: Incineroar|Intimidate|boost\n|-unboost|p1a: Urshifu|atk|1\n|-unboost|p1b: Farigiraf|atk|1\n|-enditem|p2b: Roaring Moon|Booster Energy\n|-activate|p2b: Roaring Moon|ability: Protosynthesis|[fromitem]\n|-start|p2b: Roaring Moon|protosynthesisspe\n|turn|1\n|inactive|CreepySheeps has 30 seconds left.\n|inactive|CreepySheeps has 20 seconds left.\n|inactive|CreepySheeps has 15 seconds left.\n|inactive|CreepySheeps has 10 seconds left.\n|inactive|CreepySheeps has 5 seconds left.\n|\n|t:|1745974851\n|-terastallize|p2b: Roaring Moon|Flying\n|-terastallize|p1a: Urshifu|Dark\n|move|p1b: Farigiraf|Protect|p1b: Farigiraf\n|-singleturn|p1b: Farigiraf|Protect\n|move|p2b: Roaring Moon|Acrobatics|p1a: Urshifu\n|-damage|p1a: Urshifu|47/100\n|move|p1a: Urshifu|Wicked Blow|p2b: Roaring Moon\n|-crit|p2b: Roaring Moon\n|-damage|p2b: Roaring Moon|1/100\n|move|p2a: Incineroar|Knock Off|p1b: Farigiraf\n|-activate|p1b: Farigiraf|move: Protect\n|\n|upkeep\n|turn|2\n|\n|t:|1745974870\n|switch|p1a: Solgaleo|Solgaleo, L50|100/100\n|move|p2b: Roaring Moon|Knock Off|p1b: Farigiraf\n|-supereffective|p1b: Farigiraf\n|-damage|p1b: Farigiraf|13/100\n|-enditem|p1b: Farigiraf|Sitrus Berry|[from] move: Knock Off|[of] p2b: Roaring Moon\n|move|p2a: Incineroar|Knock Off|p1b: Farigiraf\n|-supereffective|p1b: Farigiraf\n|-damage|p1b: Farigiraf|0 fnt\n|faint|p1b: Farigiraf\n|\n|upkeep\n|\n|t:|1745974880\n|switch|p1b: Urshifu|Urshifu, L50, M, tera:Dark|47/100\n|turn|3\n|inactive|CreepySheeps has 30 seconds left.\n|\n|t:|1745974913\n|move|p1b: Urshifu|Sucker Punch||[still]\n|-fail|p1b: Urshifu\n|move|p2b: Roaring Moon|Tailwind|p2b: Roaring Moon\n|-sidestart|p2: QBkiller55|move: Tailwind\n|move|p2a: Incineroar|Parting Shot|p1a: Solgaleo\n|-fail|p1a: Solgaleo|unboost|[from] ability: Full Metal Body|[of] p1a: Solgaleo\n|move|p1a: Solgaleo|Flame Charge|p2a: Incineroar\n|-resisted|p2a: Incineroar\n|-damage|p2a: Incineroar|93/100\n|-boost|p1a: Solgaleo|spe|1\n|\n|upkeep\n|turn|4\n|\n|t:|1745974930\n|move|p1b: Urshifu|Sucker Punch|p2b: Roaring Moon\n|-damage|p2b: Roaring Moon|0 fnt\n|faint|p2b: Roaring Moon\n|-end|p2b: Roaring Moon|Protosynthesis|[silent]\n|move|p1a: Solgaleo|Flame Charge|p2a: Incineroar\n|-resisted|p2a: Incineroar\n|-damage|p2a: Incineroar|85/100\n|-boost|p1a: Solgaleo|spe|1\n|move|p2a: Incineroar|Will-O-Wisp|p1b: Urshifu\n|-status|p1b: Urshifu|brn\n|\n|-damage|p1b: Urshifu|42/100 brn|[from] brn\n|upkeep\n|\n|t:|1745974934\n|switch|p2b: Calyrex|Calyrex-Shadow, L50|100/100\n|-ability|p2b: Calyrex|As One\n|-ability|p2b: Calyrex|Unnerve\n|turn|5\n|\n|t:|1745974959\n|move|p1b: Urshifu|Sucker Punch|p2b: Calyrex\n|-supereffective|p2b: Calyrex\n|-enditem|p2b: Calyrex|Focus Sash\n|-damage|p2b: Calyrex|1/100\n|move|p2b: Calyrex|Astral Barrage|p1a: Solgaleo|[spread] p1a,p1b\n|-supereffective|p1a: Solgaleo\n|-resisted|p1b: Urshifu\n|-damage|p1a: Solgaleo|19/100\n|-damage|p1b: Urshifu|0 fnt\n|-enditem|p1a: Solgaleo|Weakness Policy\n|-boost|p1a: Solgaleo|atk|2|[from] item: Weakness Policy\n|-boost|p1a: Solgaleo|spa|2|[from] item: Weakness Policy\n|faint|p1b: Urshifu\n|-ability|p2b: Calyrex|Grim Neigh|boost\n|-boost|p2b: Calyrex|spa|1\n|move|p1a: Solgaleo|Sunsteel Strike|p2b: Calyrex\n|-damage|p2b: Calyrex|0 fnt\n|faint|p2b: Calyrex\n|move|p2a: Incineroar|Knock Off|p1a: Solgaleo\n|-supereffective|p1a: Solgaleo\n|-damage|p1a: Solgaleo|0 fnt\n|faint|p1a: Solgaleo\n|\n|upkeep\n|\n|t:|1745974981\n|switch|p2b: Koraidon|Koraidon, L50|100/100\n|switch|p1b: Koraidon|Koraidon, L50|100/100\n|-weather|SunnyDay|[from] ability: Orichalcum Pulse|[of] p2b: Koraidon\n|-activate|p2b: Koraidon|Orichalcum Pulse|[source]\n|-activate|p1b: Koraidon|ability: Orichalcum Pulse\n|turn|6\n|\n|t:|1745974995\n|move|p2b: Koraidon|Flare Blitz|p1b: Koraidon\n|-resisted|p1b: Koraidon\n|-damage|p1b: Koraidon|62/100\n|-damage|p2b: Koraidon|90/100|[from] Recoil\n|move|p1b: Koraidon|Collision Course|p2b: Koraidon\n|-damage|p2b: Koraidon|12/100\n|-damage|p1b: Koraidon|52/100|[from] item: Life Orb\n|move|p2a: Incineroar|Will-O-Wisp|p1b: Koraidon\n|-status|p1b: Koraidon|brn\n|\n|-weather|SunnyDay|[upkeep]\n|-damage|p1b: Koraidon|46/100 brn|[from] brn\n|-sideend|p2: QBkiller55|move: Tailwind\n|upkeep\n|turn|7\n|\n|t:|1745975010\n|move|p1b: Koraidon|Collision Course|p2b: Koraidon\n|-damage|p2b: Koraidon|0 fnt\n|faint|p2b: Koraidon\n|-damage|p1b: Koraidon|36/100 brn|[from] item: Life Orb\n|move|p2a: Incineroar|Knock Off|p1b: Koraidon\n|-resisted|p1b: Koraidon\n|-damage|p1b: Koraidon|19/100 brn\n|-enditem|p1b: Koraidon|Life Orb|[from] move: Knock Off|[of] p2a: Incineroar\n|\n|-weather|SunnyDay|[upkeep]\n|-damage|p1b: Koraidon|13/100 brn|[from] brn\n|upkeep\n|turn|8\n|\n|t:|1745975022\n|move|p1b: Koraidon|Collision Course|p2a: Incineroar\n|-supereffective|p2a: Incineroar\n|-damage|p2a: Incineroar|0 fnt\n|faint|p2a: Incineroar\n|\n|win|CreepySheeps\n||CreepySheeps is ready for game 2.\n||QBkiller55 is ready for game 2.\n|uhtml|next|Next: <a href=\"/battle-gen9vgc2025regibo3-2353616782\"><strong>Game 2 of 3</strong></a>\n", "uploadtime": 1745975392, "views": 6, "formatid": "gen9vgc2025regibo3", "rating": null, "private": 0, "password": null}