{"id": "gen9vgc2025regibo3-2353607798", "format": "[Gen 9] VGC 2025 Reg I (Bo3)", "players": ["Dozo XX", "DrMadri"], "log": "|j|\u2606Dozo XX\n|j|\u2606DrMadri\n|html|<table width=\"100%\"><tr><td align=\"left\">Dozo XX</td><td align=\"right\">DrMadri</tr><tr><td align=\"left\"><i class=\"fa fa-circle\"></i> <i class=\"fa fa-circle-o\"></i> </td><td align=\"right\"><i class=\"fa fa-circle-o\"></i> <i class=\"fa fa-circle-o\"></i> </tr></table>\n|uhtml|bestof|<h2><strong>Game 2</strong> of <a href=\"/game-bestof3-gen9vgc2025regibo3-2353604610\">a best-of-3</a></h2>\n|t:|1745973940\n|gametype|doubles\n|player|p1|Dozo XX|ballguy|1065\n|player|p2|DrMadri|hilbert|1005\n|teamsize|p1|6\n|teamsize|p2|6\n|gen|9\n|tier|[Gen 9] VGC 2025 Reg I (Bo3)\n|rated|\n|rule|Species Clause: Limit one of each Pok\u00e9mon\n|rule|Item Clause: Limit 1 of each item\n|clearpoke\n|poke|p1|Kyogre, L50|\n|poke|p1|Miraidon, L50|\n|poke|p1|Tornadus, L50, M|\n|poke|p1|Iron Hands, L50|\n|poke|p1|Farigiraf, L50, F|\n|poke|p1|Iron Treads, L50|\n|poke|p2|Incineroar, L50, M|\n|poke|p2|Rillaboom, L50, M|\n|poke|p2|Landorus, L50, M|\n|poke|p2|Ogerpon-Hearthflame, L50, F|\n|poke|p2|Raging Bolt, L50|\n|poke|p2|Bronzong, L50|\n|teampreview|4\n|showteam|p1|Kyogre||MysticWater|Drizzle|WaterSpout,OriginPulse,IceBeam,Protect||||||50|,,,,,Grass]Miraidon||ChoiceSpecs|HadronEngine|ElectroDrift,DracoMeteor,DazzlingGleam,VoltSwitch||||||50|,,,,,Fairy]Tornadus||FocusSash|Prankster|BleakwindStorm,Tailwind,RainDance,Protect|||M|||50|,,,,,Ghost]Iron Hands||AssaultVest|QuarkDrive|WildCharge,DrainPunch,LowKick,FakeOut||||||50|,,,,,Water]Farigiraf||ElectricSeed|ArmorTail|FoulPlay,PsychicNoise,TrickRoom,HelpingHand|||F|||50|,,,,,Fairy]Iron Treads||LifeOrb|QuarkDrive|HighHorsepower,SteelRoller,KnockOff,Protect||||||50|,,,,,Ghost\n|showteam|p2|Incineroar||AguavBerry|Intimidate|KnockOff,PartingShot,FlareBlitz,FakeOut|||M|||50|,,,,,Ghost]Rillaboom||AssaultVest|GrassySurge|FakeOut,Uturn,WoodHammer,GrassyGlide|||M|||50|,,,,,Fire]Landorus||LifeOrb|SheerForce|Protect,Substitute,EarthPower,SludgeBomb|||M|||50|,,,,,Ghost]Ogerpon-Hearthflame||HearthflameMask|MoldBreaker|SpikyShield,SwordsDance,IvyCudgel,GrassyGlide|||F|||50|,,,,,Fire]Raging Bolt||SafetyGoggles|Protosynthesis|Protect,Thunderbolt,DracoMeteor,Thunderclap||||||50|,,,,,Fairy]Bronzong||Leftovers|Levitate|BodyPress,GyroBall,IronDefense,SkillSwap||||||50|,,,,,Fire\n|inactive|Battle timer is ON: inactive players will automatically lose when time's up. (requested by DrMadri)\n|inactive|Dozo XX has 60 seconds left.\n|\n|t:|1745973983\n|start\n|switch|p1a: Kyogre|Kyogre, L50|100/100\n|switch|p1b: Farigiraf|Farigiraf, L50, F|100/100\n|switch|p2a: Ogerpon|Ogerpon-Hearthflame, L50, F|100/100\n|switch|p2b: Landorus|Landorus, L50, M|100/100\n|-ability|p2a: Ogerpon|Mold Breaker\n|-weather|RainDance|[from] ability: Drizzle|[of] p1a: Kyogre\n|turn|1\n|inactive|DrMadri has 30 seconds left.\n|\n|t:|1745974014\n|move|p2a: Ogerpon|Spiky Shield|p2a: Ogerpon\n|-singleturn|p2a: Ogerpon|move: Protect\n|move|p1a: Kyogre|Protect|p1a: Kyogre\n|-singleturn|p1a: Kyogre|Protect\n|move|p2b: Landorus|Substitute|p2b: Landorus\n|-start|p2b: Landorus|Substitute\n|-damage|p2b: Landorus|76/100\n|move|p1b: Farigiraf|Trick Room|p1b: Farigiraf\n|-fieldstart|move: Trick Room|[of] p1b: Farigiraf\n|\n|-weather|RainDance|[upkeep]\n|upkeep\n|turn|2\n|inactive|Dozo XX has 30 seconds left.\n|inactive|Dozo XX has 20 seconds left.\n|\n|t:|1745974056\n|switch|p2a: Rillaboom|Rillaboom, L50, M|100/100\n|-fieldstart|move: Grassy Terrain|[from] ability: Grassy Surge|[of] p2a: Rillaboom\n|-terastallize|p1a: Kyogre|Grass\n|move|p1b: Farigiraf|Psychic Noise|p2b: Landorus\n|-damage|p2b: Landorus|41/100\n|-start|p2b: Landorus|move: Heal Block\n|move|p1a: Kyogre|Water Spout|p2a: Rillaboom|[spread] p2a,p2b\n|-supereffective|p2b: Landorus\n|-end|p2b: Landorus|Substitute\n|-resisted|p2a: Rillaboom\n|-damage|p2a: Rillaboom|44/100\n|move|p2b: Landorus|Sludge Bomb|p1a: Kyogre\n|-supereffective|p1a: Kyogre\n|-damage|p1a: Kyogre|34/100\n|\n|-weather|RainDance|[upkeep]\n|-heal|p1a: Kyogre|40/100|[from] Grassy Terrain\n|-heal|p2a: Rillaboom|50/100|[from] Grassy Terrain\n|upkeep\n|turn|3\n|inactive|Dozo XX has 30 seconds left.\n|inactive|DrMadri has 30 seconds left.\n|\n|t:|1745974090\n|move|p2b: Landorus|Protect|p2b: Landorus\n|-singleturn|p2b: Landorus|Protect\n|move|p1b: Farigiraf|Foul Play|p2a: Rillaboom\n|-damage|p2a: Rillaboom|15/100\n|move|p1a: Kyogre|Origin Pulse|p2b: Landorus|[spread] \n|-activate|p2b: Landorus|move: Protect\n|-miss|p1a: Kyogre|p2a: Rillaboom\n|move|p2a: Rillaboom|U-turn|p1a: Kyogre\n|-supereffective|p1a: Kyogre\n|-damage|p1a: Kyogre|0 fnt\n|faint|p1a: Kyogre\n|\n|t:|1745974111\n|switch|p2a: Incineroar|Incineroar, L50, M|100/100|[from] U-turn\n|-ability|p2a: Incineroar|Intimidate|boost\n|-unboost|p1b: Farigiraf|atk|1\n|\n|-weather|RainDance|[upkeep]\n|-end|p2b: Landorus|move: Heal Block\n|upkeep\n|\n|t:|1745974116\n|switch|p1a: Iron Hands|Iron Hands, L50|100/100\n|turn|4\n|\n|t:|1745974138\n|-terastallize|p2a: Incineroar|Ghost\n|move|p1a: Iron Hands|Fake Out|p2b: Landorus\n|-damage|p2b: Landorus|24/100\n|move|p2a: Incineroar|Fake Out||[still]\n|cant|p1b: Farigiraf|ability: Armor Tail|Fake Out|[of] p2a: Incineroar\n|move|p1b: Farigiraf|Psychic Noise|p2b: Landorus\n|-damage|p2b: Landorus|0 fnt\n|faint|p2b: Landorus\n|\n|-weather|RainDance|[upkeep]\n|upkeep\n|\n|t:|1745974150\n|switch|p2b: Ogerpon|Ogerpon-Hearthflame, L50, F|100/100\n|-ability|p2b: Ogerpon|Mold Breaker\n|turn|5\n|\n|t:|1745974163\n|move|p1a: Iron Hands|Wild Charge|p2a: Incineroar\n|-damage|p2a: Incineroar|51/100\n|-damage|p1a: Iron Hands|90/100|[from] Recoil\n|move|p2a: Incineroar|Parting Shot|p1a: Iron Hands\n|-unboost|p1a: Iron Hands|atk|1\n|-unboost|p1a: Iron Hands|spa|1\n|inactive|DrMadri has 30 seconds left.\n|inactive|DrMadri has 20 seconds left.\n|inactive|DrMadri has 15 seconds left.\n|inactive|DrMadri has 10 seconds left.\n|inactive|DrMadri has 5 seconds left.\n|\n|t:|1745974218\n|switch|p2a: Rillaboom|Rillaboom, L50, M|15/100|[from] Parting Shot\n|move|p1b: Farigiraf|Foul Play|p2a: Rillaboom\n|-damage|p2a: Rillaboom|0 fnt\n|faint|p2a: Rillaboom\n|move|p2b: Ogerpon|Swords Dance|p2b: Ogerpon\n|-boost|p2b: Ogerpon|atk|2\n|\n|-weather|none\n|-heal|p1a: Iron Hands|96/100|[from] Grassy Terrain\n|-fieldend|move: Trick Room\n|upkeep\n|inactive|DrMadri has 30 seconds left.\n|inactive|DrMadri has 20 seconds left.\n|inactive|DrMadri has 15 seconds left.\n|inactive|DrMadri has 10 seconds left.\n|inactive|DrMadri has 5 seconds left.\n|\n|t:|1745974272\n|switch|p2a: Incineroar|Incineroar, L50, M, tera:Ghost|51/100\n|-ability|p2a: Incineroar|Intimidate|boost\n|-unboost|p1a: Iron Hands|atk|1\n|-unboost|p1b: Farigiraf|atk|1\n|turn|6\n|\n|t:|1745974294\n|-end|p1a: Iron Hands|Quark Drive|[silent]\n|switch|p1a: Miraidon|Miraidon, L50|100/100\n|-fieldstart|move: Electric Terrain|[from] ability: Hadron Engine|[of] p1a: Miraidon\n|-enditem|p1b: Farigiraf|Electric Seed\n|-boost|p1b: Farigiraf|def|1|[from] item: Electric Seed\n|move|p2b: Ogerpon|Spiky Shield|p2b: Ogerpon\n|-singleturn|p2b: Ogerpon|move: Protect\n|move|p1b: Farigiraf|Foul Play|p2b: Ogerpon\n|-activate|p2b: Ogerpon|move: Protect\n|-damage|p1b: Farigiraf|88/100|[from] Spiky Shield|[of] p2b: Ogerpon\n|move|p2a: Incineroar|Knock Off|p1b: Farigiraf\n|-supereffective|p1b: Farigiraf\n|-damage|p1b: Farigiraf|51/100\n|\n|upkeep\n|turn|7\n|inactive|DrMadri has 30 seconds left.\n|inactive|DrMadri has 20 seconds left.\n|inactive|DrMadri has 15 seconds left.\n|\n|t:|1745974337\n|move|p2b: Ogerpon|Ivy Cudgel|p1a: Miraidon|[anim] Ivy Cudgel Fire\n|-resisted|p1a: Miraidon\n|-damage|p1a: Miraidon|53/100\n|move|p1a: Miraidon|Draco Meteor|p2b: Ogerpon\n|-damage|p2b: Ogerpon|0 fnt\n|-unboost|p1a: Miraidon|spa|2\n|faint|p2b: Ogerpon\n|move|p1b: Farigiraf|Foul Play|p2a: Incineroar\n|-supereffective|p2a: Incineroar\n|-damage|p2a: Incineroar|0 fnt\n|faint|p2a: Incineroar\n|\n|win|Dozo XX\n|raw|Dozo XX's rating: 1065 &rarr; <strong>1090</strong><br />(+25 for winning)\n|raw|DrMadri's rating: 1005 &rarr; <strong>1000</strong><br />(-5 for losing)\n", "uploadtime": 1745974337, "views": 7, "formatid": "gen9vgc2025regibo3", "rating": 1000, "private": 0, "password": null}