{"id": "gen9vgc2025regibo3-2355050837", "format": "[Gen 9] VGC 2025 Reg I (Bo3)", "players": ["RobbyRabs", "Wee woo wow"], "log": "|j|\u2606RobbyRabs\n|j|\u2606Wee woo wow\n|html|<table width=\"100%\"><tr><td align=\"left\">RobbyRabs</td><td align=\"right\">Wee woo wow</tr><tr><td align=\"left\"><i class=\"fa fa-circle-o\"></i> <i class=\"fa fa-circle-o\"></i> </td><td align=\"right\"><i class=\"fa fa-circle-o\"></i> <i class=\"fa fa-circle-o\"></i> </tr></table>\n|uhtml|bestof|<h2><strong>Game 1</strong> of <a href=\"/game-bestof3-gen9vgc2025regibo3-2355050836\">a best-of-3</a></h2>\n|t:|1746146434\n|gametype|doubles\n|player|p1|RobbyRabs|265|1128\n|player|p2|Wee woo wow|102|1108\n|teamsize|p1|6\n|teamsize|p2|6\n|gen|9\n|tier|[Gen 9] VGC 2025 Reg I (Bo3)\n|rated|\n|rule|Species Clause: Limit one of each Pok\u00e9mon\n|rule|Item Clause: Limit 1 of each item\n|clearpoke\n|poke|p1|Calyrex-Ice, L50|\n|poke|p1|Kyurem-White, L50|\n|poke|p1|Ninetales-Alola, L50, F|\n|poke|p1|Indeedee-F, L50, F|\n|poke|p1|Urshifu-*, L50, M|\n|poke|p1|Ursaluna-Bloodmoon, L50, M|\n|poke|p2|Mimikyu, L50, M|\n|poke|p2|Indeedee-F, L50, F|\n|poke|p2|Terapagos, L50, M|\n|poke|p2|Clefairy, L50, M|\n|poke|p2|Solgaleo, L50|\n|poke|p2|Spectrier, L50|\n|teampreview|4\n|showteam|p1|Calyrex-Ice||ClearAmulet|AsOneGlastrier|GlacialLance,CloseCombat,TrickRoom,Protect||||||50|,,,,,Fire]Kyurem-White||AssaultVest|Turboblaze|Blizzard,FreezeDry,EarthPower,DracoMeteor||||||50|,,,,,Poison]Ninetales-Alola||FocusSash|SnowWarning|IcyWind,Moonblast,AuroraVeil,Protect|||F|||50|,,,,,Water]Indeedee-F||SafetyGoggles|PsychicSurge|FollowMe,TrickRoom,Imprison,ShadowBall|||F|||50|,,,,,Fairy]Urshifu||ChoiceBand|UnseenFist|WickedBlow,CloseCombat,SuckerPunch,PoisonJab|||M|||50|,,,,,Grass]Ursaluna-Bloodmoon||LifeOrb|MindsEye|BloodMoon,HyperVoice,EarthPower,Protect|||M|||50|,,,,,Normal\n|showteam|p2|Mimikyu||SafetyGoggles|Disguise|ShadowSneak,TrickRoom,Taunt,PlayRough|||M|||50|,,,,,Water]Indeedee-F||PsychicSeed|PsychicSurge|Psychic,FollowMe,HealPulse,TrickRoom|||F|||50|,,,,,Grass]Terapagos||Leftovers|TeraShift|TeraStarstorm,Flamethrower,CalmMind,Protect|||M|||50|,,,,,Stellar]Clefairy||Eviolite|FriendGuard|DrainPunch,FollowMe,HealPulse,HelpingHand|||M|||50|,,,,,Ground]Solgaleo||WeaknessPolicy|FullMetalBody|Protect,SunsteelStrike,KnockOff,PsychicFangs||||||50|,,,,,Steel]Spectrier||FocusSash|GrimNeigh|ShadowBall,Snarl,Protect,Bulldoze||||||50|,,,,,Ghost\n|\n|t:|1746146473\n|start\n|switch|p1a: Indeedee|Indeedee-F, L50, F|100/100\n|switch|p1b: Ninetales|Ninetales-Alola, L50, F|100/100\n|switch|p2a: Clefairy|Clefairy, L50, M|100/100\n|switch|p2b: Terapagos|Terapagos, L50, M|100/100\n|-activate|p2b: Terapagos|ability: Tera Shift\n|detailschange|p2b: Terapagos|Terapagos-Terastal, L50, M\n|-heal|p2b: Terapagos|100/100|[silent]\n|-weather|Snowscape|[from] ability: Snow Warning|[of] p1b: Ninetales\n|-fieldstart|move: Psychic Terrain|[from] ability: Psychic Surge|[of] p1a: Indeedee\n|turn|1\n|\n|t:|1746146498\n|switch|p1a: Kyurem|Kyurem-White, L50|100/100\n|-ability|p1a: Kyurem|Turboblaze\n|move|p2a: Clefairy|Follow Me|p2a: Clefairy\n|-singleturn|p2a: Clefairy|move: Follow Me\n|move|p1b: Ninetales|Icy Wind|p2b: Terapagos|[spread] p2b\n|-miss|p1b: Ninetales|p2a: Clefairy\n|-activate|p2b: Terapagos|ability: Tera Shell\n|-resisted|p2b: Terapagos\n|-damage|p2b: Terapagos|96/100\n|-unboost|p2b: Terapagos|spe|1\n|move|p2b: Terapagos|Calm Mind|p2b: Terapagos\n|-boost|p2b: Terapagos|spa|1\n|-boost|p2b: Terapagos|spd|1\n|\n|-weather|Snowscape|[upkeep]\n|-heal|p2b: Terapagos|100/100|[from] item: Leftovers\n|upkeep\n|turn|2\n|\n|t:|1746146515\n|move|p2a: Clefairy|Follow Me|p2a: Clefairy\n|-singleturn|p2a: Clefairy|move: Follow Me\n|move|p1b: Ninetales|Aurora Veil|p1b: Ninetales\n|-sidestart|p1: RobbyRabs|move: Aurora Veil\n|move|p1a: Kyurem|Blizzard|p2a: Clefairy|[spread] p2a,p2b\n|-damage|p2a: Clefairy|48/100\n|-damage|p2b: Terapagos|70/100\n|move|p2b: Terapagos|Calm Mind|p2b: Terapagos\n|-boost|p2b: Terapagos|spa|1\n|-boost|p2b: Terapagos|spd|1\n|\n|-weather|Snowscape|[upkeep]\n|-heal|p2b: Terapagos|76/100|[from] item: Leftovers\n|upkeep\n|turn|3\n|\n|t:|1746146542\n|-terastallize|p2b: Terapagos|Stellar\n|detailschange|p2b: Terapagos|Terapagos-Stellar, L50, M, tera:Stellar\n|-heal|p2b: Terapagos|82/100|[silent]\n|-ability|p2b: Terapagos|Teraform Zero\n|-weather|none\n|-fieldend|move: Psychic Terrain\n|move|p2a: Clefairy|Helping Hand|p2b: Terapagos\n|-singleturn|p2b: Terapagos|Helping Hand|[of] p2a: Clefairy\n|move|p1b: Ninetales|Icy Wind|p2a: Clefairy|[spread] p2a,p2b\n|-damage|p2a: Clefairy|34/100\n|-damage|p2b: Terapagos|79/100\n|-unboost|p2a: Clefairy|spe|1\n|-unboost|p2b: Terapagos|spe|1\n|move|p1a: Kyurem|Blizzard|p2a: Clefairy|[spread] \n|-miss|p1a: Kyurem|p2a: Clefairy\n|-miss|p1a: Kyurem|p2b: Terapagos\n|move|p2b: Terapagos|Tera Starstorm|p1a: Kyurem|[spread] p1a,p1b\n|-damage|p1a: Kyurem|60/100\n|-damage|p1b: Ninetales|12/100\n|\n|-heal|p2b: Terapagos|85/100|[from] item: Leftovers\n|upkeep\n|turn|4\n|\n|t:|1746146570\n|move|p2a: Clefairy|Helping Hand|p2b: Terapagos\n|-singleturn|p2b: Terapagos|Helping Hand|[of] p2a: Clefairy\n|move|p1b: Ninetales|Moonblast|p2b: Terapagos\n|-damage|p2b: Terapagos|75/100\n|move|p1a: Kyurem|Draco Meteor|p2b: Terapagos\n|-damage|p2b: Terapagos|47/100\n|-unboost|p1a: Kyurem|spa|2\n|move|p2b: Terapagos|Tera Starstorm|p1b: Ninetales|[spread] p1a,p1b\n|-damage|p1a: Kyurem|17/100\n|-damage|p1b: Ninetales|0 fnt\n|faint|p1b: Ninetales\n|\n|-heal|p2b: Terapagos|53/100|[from] item: Leftovers\n|upkeep\n|\n|t:|1746146584\n|switch|p1b: Ursaluna|Ursaluna-Bloodmoon, L50, M|100/100\n|turn|5\n|\n|t:|1746146595\n|move|p2a: Clefairy|Follow Me|p2a: Clefairy\n|-singleturn|p2a: Clefairy|move: Follow Me\n|move|p1a: Kyurem|Blizzard|p2a: Clefairy|[spread] p2a,p2b\n|-damage|p2a: Clefairy|10/100\n|-damage|p2b: Terapagos|44/100\n|-status|p2a: Clefairy|frz\n|move|p1b: Ursaluna|Blood Moon|p2a: Clefairy\n|-damage|p2a: Clefairy|0 fnt\n|faint|p2a: Clefairy\n|-damage|p1b: Ursaluna|90/100|[from] item: Life Orb\n|move|p2b: Terapagos|Tera Starstorm|p1b: Ursaluna|[spread] p1a,p1b\n|-damage|p1a: Kyurem|0 fnt\n|-damage|p1b: Ursaluna|35/100\n|faint|p1a: Kyurem\n|\n|-heal|p2b: Terapagos|50/100|[from] item: Leftovers\n|upkeep\n|\n|t:|1746146616\n|switch|p1a: Indeedee|Indeedee-F, L50, F|100/100\n|switch|p2a: Spectrier|Spectrier, L50|100/100\n|-fieldstart|move: Psychic Terrain|[from] ability: Psychic Surge|[of] p1a: Indeedee\n|turn|6\n|\n|t:|1746146623\n|move|p1a: Indeedee|Follow Me|p1a: Indeedee\n|-singleturn|p1a: Indeedee|move: Follow Me\n|move|p2a: Spectrier|Snarl|p1b: Ursaluna|[spread] p1a,p1b\n|-supereffective|p1a: Indeedee\n|-damage|p1a: Indeedee|82/100\n|-damage|p1b: Ursaluna|24/100\n|-unboost|p1a: Indeedee|spa|1\n|-unboost|p1b: Ursaluna|spa|1\n|move|p1b: Ursaluna|Hyper Voice|p2a: Spectrier|[spread] p2a,p2b\n|-damage|p2a: Spectrier|58/100\n|-damage|p2b: Terapagos|40/100\n|-damage|p1b: Ursaluna|14/100|[from] item: Life Orb\n|move|p2b: Terapagos|Tera Starstorm|p1b: Ursaluna|[spread] p1a,p1b\n|-damage|p1a: Indeedee|34/100\n|-damage|p1b: Ursaluna|0 fnt\n|faint|p1b: Ursaluna\n|\n|-heal|p2b: Terapagos|46/100|[from] item: Leftovers\n|-sideend|p1: RobbyRabs|move: Aurora Veil\n|upkeep\n|turn|7\n|\n|t:|1746146628\n|move|p2a: Spectrier|Snarl|p1a: Indeedee\n|-supereffective|p1a: Indeedee\n|-damage|p1a: Indeedee|0 fnt\n|faint|p1a: Indeedee\n|\n|win|Wee woo wow\n||Wee woo wow is ready for game 2.\n|inactive|RobbyRabs has 30 seconds to confirm battle start!\n||RobbyRabs is ready for game 2.\n|uhtml|next|Next: <a href=\"/battle-gen9vgc2025regibo3-2355052693\"><strong>Game 2 of 3</strong></a>\n|l|\u2606Wee woo wow\n|player|p2|\n", "uploadtime": 1746146919, "views": 3, "formatid": "gen9vgc2025regibo3", "rating": null, "private": 0, "password": null}