{"id": "gen9vgc2025regibo3-2354599643", "format": "[Gen 9] VGC 2025 Reg I (Bo3)", "players": ["Carlitos Alcazar", "aviles0036"], "log": "|j|\u2606Carlitos Alcazar\n|j|\u2606aviles0036\n|html|<table width=\"100%\"><tr><td align=\"left\">Carlitos Alcazar</td><td align=\"right\">aviles0036</tr><tr><td align=\"left\"><i class=\"fa fa-circle-o\"></i> <i class=\"fa fa-circle-o\"></i> </td><td align=\"right\"><i class=\"fa fa-circle-o\"></i> <i class=\"fa fa-circle-o\"></i> </tr></table>\n|uhtml|bestof|<h2><strong>Game 1</strong> of <a href=\"/game-bestof3-gen9vgc2025regibo3-2354599642\">a best-of-3</a></h2>\n|t:|1746101018\n|gametype|doubles\n|player|p1|Carlitos Alcazar|roughneck|1215\n|player|p2|aviles0036|noland-gen3|1129\n|teamsize|p1|6\n|teamsize|p2|6\n|gen|9\n|tier|[Gen 9] VGC 2025 Reg I (Bo3)\n|rated|\n|rule|Species Clause: Limit one of each Pok\u00e9mon\n|rule|Item Clause: Limit 1 of each item\n|clearpoke\n|poke|p1|Miraidon, L50|\n|poke|p1|Calyrex-Ice, L50|\n|poke|p1|Whimsicott, L50, F|\n|poke|p1|Ogerpon-Hearthflame, L50, F|\n|poke|p1|Farigiraf, L50, F|\n|poke|p1|Iron Hands, L50|\n|poke|p2|Terapagos, L50, M|\n|poke|p2|Incineroar, L50, M|\n|poke|p2|Ogerpon-Cornerstone, L50, F|\n|poke|p2|Urshifu-*, L50, F|\n|poke|p2|Calyrex-Shadow, L50|\n|poke|p2|Rillaboom, L50, M|\n|teampreview|4\n|showteam|p1|Miraidon||ChoiceSpecs|HadronEngine|ElectroDrift,DracoMeteor,VoltSwitch,DazzlingGleam||||||50|,,,,,Fairy]Calyrex-Ice||ClearAmulet|AsOneGlastrier|GlacialLance,HighHorsepower,TrickRoom,Protect||||||50|,,,,,Water]Whimsicott||CovertCloak|Prankster|Moonblast,Tailwind,LightScreen,Encore|||F|||50|,,,,,Dark]Ogerpon-Hearthflame||HearthflameMask|MoldBreaker|IvyCudgel,WoodHammer,FollowMe,SpikyShield|||F|||50|,,,,,Fire]Farigiraf||ElectricSeed|ArmorTail|FoulPlay,PsychicNoise,TrickRoom,HelpingHand|||F|||50|,,,,,Water]Iron Hands||AssaultVest|QuarkDrive|DrainPunch,WildCharge,HeavySlam,FakeOut||||||50|,,,,,Water\n|showteam|p2|Terapagos||Leftovers|TeraShift|TeraStarstorm,Protect,EarthPower,CalmMind|||M|||50|,,,,,Stellar]Incineroar||RockyHelmet|Intimidate|KnockOff,FakeOut,WillOWisp,PartingShot|||M|||50|,,,,,Ghost]Ogerpon-Cornerstone||CornerstoneMask|Sturdy|IvyCudgel,PowerWhip,SpikyShield,FollowMe|||F|||50|,,,,,Rock]Urshifu-Rapid-Strike||MysticWater|UnseenFist|SurgingStrikes,CloseCombat,Taunt,Protect|||F|||50|,,,,,Stellar]Calyrex-Shadow||FocusSash|AsOneSpectrier|AstralBarrage,Encore,PollenPuff,Protect||||||50|,,,,,Dark]Rillaboom||AssaultVest|GrassySurge|FakeOut,WoodHammer,Uturn,GrassyGlide|||M|||50|,,,,,Water\n|inactive|Battle timer is ON: inactive players will automatically lose when time's up. (requested by aviles0036)\n|\n|t:|1746101048\n|start\n|switch|p1a: Miraidon|Miraidon, L50|100/100\n|switch|p1b: Whimsicott|Whimsicott, L50, F|100/100\n|switch|p2a: Terapagos|Terapagos, L50, M|100/100\n|switch|p2b: Incineroar|Incineroar, L50, M|100/100\n|-activate|p2a: Terapagos|ability: Tera Shift\n|detailschange|p2a: Terapagos|Terapagos-Terastal, L50, M\n|-heal|p2a: Terapagos|100/100|[silent]\n|-fieldstart|move: Electric Terrain|[from] ability: Hadron Engine|[of] p1a: Miraidon\n|-ability|p2b: Incineroar|Intimidate|boost\n|-unboost|p1a: Miraidon|atk|1\n|-unboost|p1b: Whimsicott|atk|1\n|turn|1\n|inactive|Carlitos Alcazar has 30 seconds left.\n|inactive|Carlitos Alcazar has 20 seconds left.\n|inactive|Carlitos Alcazar has 15 seconds left.\n|inactive|Carlitos Alcazar has 10 seconds left.\n|\n|t:|1746101095\n|move|p2b: Incineroar|Fake Out|p1a: Miraidon\n|-damage|p1a: Miraidon|91/100\n|move|p1b: Whimsicott|Light Screen|p1b: Whimsicott\n|-sidestart|p1: Carlitos Alcazar|move: Light Screen\n|cant|p1a: Miraidon|flinch\n|move|p2a: Terapagos|Calm Mind|p2a: Terapagos\n|-boost|p2a: Terapagos|spa|1\n|-boost|p2a: Terapagos|spd|1\n|\n|upkeep\n|turn|2\n|\n|t:|1746101119\n|-terastallize|p2a: Terapagos|Stellar\n|detailschange|p2a: Terapagos|Terapagos-Stellar, L50, M, tera:Stellar\n|-heal|p2a: Terapagos|100/100|[silent]\n|-ability|p2a: Terapagos|Teraform Zero\n|-fieldend|move: Electric Terrain\n|move|p1b: Whimsicott|Encore|p2a: Terapagos\n|-start|p2a: Terapagos|Encore\n|move|p1a: Miraidon|Electro Drift|p2b: Incineroar\n|-damage|p2b: Incineroar|23/100\n|-damage|p1a: Miraidon|75/100|[from] item: Rocky Helmet|[of] p2b: Incineroar\n|move|p2a: Terapagos|Calm Mind|p2a: Terapagos\n|-boost|p2a: Terapagos|spa|1\n|-boost|p2a: Terapagos|spd|1\n|move|p2b: Incineroar|Will-O-Wisp|p1a: Miraidon\n|-status|p1a: Miraidon|brn\n|\n|-damage|p1a: Miraidon|68/100 brn|[from] brn\n|upkeep\n|turn|3\n|inactive|Carlitos Alcazar has 30 seconds left.\n|\n|t:|1746101151\n|switch|p2b: Rillaboom|Rillaboom, L50, M|100/100\n|-fieldstart|move: Grassy Terrain|[from] ability: Grassy Surge|[of] p2b: Rillaboom\n|move|p1a: Miraidon|Electro Drift|p2a: Terapagos\n|-damage|p2a: Terapagos|74/100\n|move|p1b: Whimsicott|Moonblast|p2b: Rillaboom\n|-damage|p2b: Rillaboom|82/100\n|move|p2a: Terapagos|Calm Mind|p2a: Terapagos\n|-boost|p2a: Terapagos|spa|1\n|-boost|p2a: Terapagos|spd|1\n|\n|-heal|p1a: Miraidon|75/100 brn|[from] Grassy Terrain\n|-heal|p2a: Terapagos|81/100|[from] Grassy Terrain\n|-heal|p2a: Terapagos|87/100|[from] item: Leftovers\n|-heal|p2b: Rillaboom|87/100|[from] Grassy Terrain\n|-damage|p1a: Miraidon|68/100 brn|[from] brn\n|upkeep\n|turn|4\n|inactive|Carlitos Alcazar has 30 seconds left.\n|\n|t:|1746101186\n|switch|p1a: Ogerpon|Ogerpon-Hearthflame, L50, F|100/100\n|-ability|p1a: Ogerpon|Mold Breaker\n|move|p1b: Whimsicott|Moonblast|p2a: Terapagos\n|-damage|p2a: Terapagos|79/100\n|-unboost|p2a: Terapagos|spa|1\n|move|p2a: Terapagos|Calm Mind|p2a: Terapagos\n|-boost|p2a: Terapagos|spa|1\n|-boost|p2a: Terapagos|spd|1\n|move|p2b: Rillaboom|U-turn|p1b: Whimsicott\n|-damage|p1b: Whimsicott|72/100\n|\n|t:|1746101195\n|switch|p2b: Calyrex|Calyrex-Shadow, L50|100/100|[from] U-turn\n|-ability|p2b: Calyrex|As One\n|-ability|p2b: Calyrex|Unnerve\n|\n|-heal|p1b: Whimsicott|78/100|[from] Grassy Terrain\n|-heal|p2a: Terapagos|86/100|[from] Grassy Terrain\n|-heal|p2a: Terapagos|92/100|[from] item: Leftovers\n|-end|p2a: Terapagos|Encore\n|upkeep\n|turn|5\n|inactive|Carlitos Alcazar has 30 seconds left.\n|inactive|Carlitos Alcazar has 20 seconds left.\n|inactive|Carlitos Alcazar has 15 seconds left.\n|\n|t:|1746101239\n|move|p1a: Ogerpon|Spiky Shield|p1a: Ogerpon\n|-singleturn|p1a: Ogerpon|move: Protect\n|move|p1b: Whimsicott|Encore|p2a: Terapagos\n|-start|p2a: Terapagos|Encore\n|move|p2b: Calyrex|Astral Barrage|p1a: Ogerpon|[spread] p1b\n|-activate|p1a: Ogerpon|move: Protect\n|-damage|p1b: Whimsicott|40/100\n|move|p2a: Terapagos|Calm Mind|p2a: Terapagos\n|-boost|p2a: Terapagos|spa|1\n|-boost|p2a: Terapagos|spd|1\n|\n|-heal|p1b: Whimsicott|47/100|[from] Grassy Terrain\n|-heal|p2a: Terapagos|98/100|[from] Grassy Terrain\n|-heal|p2a: Terapagos|100/100|[from] item: Leftovers\n|-sideend|p1: Carlitos Alcazar|move: Light Screen\n|upkeep\n|turn|6\n|inactive|Carlitos Alcazar has 30 seconds left.\n|inactive|Carlitos Alcazar has 20 seconds left.\n|inactive|Carlitos Alcazar has 15 seconds left.\n|\n|t:|1746101280\n|-terastallize|p1a: Ogerpon|Fire\n|detailschange|p1a: Ogerpon|Ogerpon-Hearthflame-Tera, L50, F, tera:Fire\n|-ability|p1a: Ogerpon|Embody Aspect (Hearthflame)|boost\n|-boost|p1a: Ogerpon|atk|1\n|move|p1b: Whimsicott|Tailwind|p1b: Whimsicott\n|-sidestart|p1: Carlitos Alcazar|move: Tailwind\n|move|p1a: Ogerpon|Ivy Cudgel|p2b: Calyrex|[anim] Ivy Cudgel Fire\n|-crit|p2b: Calyrex\n|-enditem|p2b: Calyrex|Focus Sash\n|-damage|p2b: Calyrex|1/100\n|move|p2b: Calyrex|Encore|p1a: Ogerpon\n|-start|p1a: Ogerpon|Encore\n|move|p2a: Terapagos|Calm Mind|p2a: Terapagos\n|-boost|p2a: Terapagos|spa|1\n|-boost|p2a: Terapagos|spd|1\n|\n|-heal|p1b: Whimsicott|53/100|[from] Grassy Terrain\n|-heal|p2b: Calyrex|7/100|[from] Grassy Terrain\n|upkeep\n|turn|7\n|\n|t:|1746101300\n|move|p1b: Whimsicott|Moonblast|p2b: Calyrex\n|-damage|p2b: Calyrex|0 fnt\n|faint|p2b: Calyrex\n|move|p1a: Ogerpon|Ivy Cudgel|p2a: Terapagos|[anim] Ivy Cudgel Fire\n|-crit|p2a: Terapagos\n|-damage|p2a: Terapagos|13/100\n|move|p2a: Terapagos|Calm Mind|p2a: Terapagos\n|-boost|p2a: Terapagos|spa|1\n|-boost|p2a: Terapagos|spd|0\n|\n|-heal|p1b: Whimsicott|59/100|[from] Grassy Terrain\n|-heal|p2a: Terapagos|20/100|[from] Grassy Terrain\n|-heal|p2a: Terapagos|26/100|[from] item: Leftovers\n|-end|p2a: Terapagos|Encore\n|-fieldend|move: Grassy Terrain\n|upkeep\n|\n|t:|1746101304\n|switch|p2b: Incineroar|Incineroar, L50, M|23/100\n|-ability|p2b: Incineroar|Intimidate|boost\n|-unboost|p1a: Ogerpon|atk|1\n|-unboost|p1b: Whimsicott|atk|1\n|turn|8\n|\n|t:|1746101324\n|move|p2a: Terapagos|Protect|p2a: Terapagos\n|-singleturn|p2a: Terapagos|Protect\n|move|p1b: Whimsicott|Encore|p2a: Terapagos\n|-activate|p2a: Terapagos|move: Protect\n|move|p1a: Ogerpon|Ivy Cudgel|p2b: Incineroar|[anim] Ivy Cudgel Fire\n|-resisted|p2b: Incineroar\n|-damage|p2b: Incineroar|0 fnt\n|faint|p2b: Incineroar\n|\n|-heal|p2a: Terapagos|32/100|[from] item: Leftovers\n|upkeep\n|-message|aviles0036 forfeited.\n|\n|win|Carlitos Alcazar\n|l|\u2606aviles0036\n|player|p2|\n||aviles0036 is ready for game 2.\n||Carlitos Alcazar is ready for game 2.\n|uhtml|next|Next: <a href=\"/battle-gen9vgc2025regibo3-2354601873\"><strong>Game 2 of 3</strong></a>\n", "uploadtime": 1746102181, "views": 11, "formatid": "gen9vgc2025regibo3", "rating": null, "private": 0, "password": null}