{"id": "gen9vgc2025regibo3-2353915492", "format": "[Gen 9] VGC 2025 Reg I (Bo3)", "players": ["Loris41086", "YantoVGC"], "log": "|j|\u203dLoris41086\n|j|\u2606YantoVGC\n|html|<table width=\"100%\"><tr><td align=\"left\">Loris41086</td><td align=\"right\">YantoVGC</tr><tr><td align=\"left\"><i class=\"fa fa-circle-o\"></i> <i class=\"fa fa-circle-o\"></i> </td><td align=\"right\"><i class=\"fa fa-circle-o\"></i> <i class=\"fa fa-circle-o\"></i> </tr></table>\n|uhtml|bestof|<h2><strong>Game 1</strong> of <a href=\"/game-bestof3-gen9vgc2025regibo3-2353915491\">a best-of-3</a></h2>\n|t:|1746018444\n|gametype|doubles\n|player|p1|Loris41086|101|1139\n|player|p2|YantoVGC|wallace|1095\n|teamsize|p1|6\n|teamsize|p2|6\n|gen|9\n|tier|[Gen 9] VGC 2025 Reg I (Bo3)\n|rated|\n|rule|Species Clause: Limit one of each Pok\u00e9mon\n|rule|Item Clause: Limit 1 of each item\n|clearpoke\n|poke|p1|Eternatus, L50|\n|poke|p1|Rillaboom, L50, M|\n|poke|p1|Grimmsnarl, L50, M|\n|poke|p1|Urshifu-*, L50, M|\n|poke|p1|Volcarona, L50, F|\n|poke|p1|Terapagos, L50, M|\n|poke|p2|Zamazenta-*, L50|\n|poke|p2|Calyrex-Shadow, L50|\n|poke|p2|Tornadus, L50, M|\n|poke|p2|Urshifu-*, L50, M|\n|poke|p2|Rillaboom, L50, M|\n|poke|p2|Chien-Pao, L50|\n|teampreview|4\n|showteam|p1|Eternatus||LifeOrb|Pressure|SludgeBomb,DynamaxCannon,Flamethrower,Protect||||||50|,,,,,Fairy]Rillaboom||AssaultVest|GrassySurge|FakeOut,GrassyGlide,DrumBeating,Uturn|||M|||50|,,,,,Water]Grimmsnarl||LightClay|Prankster|Reflect,LightScreen,ThunderWave,FoulPlay|||M|||50|,,,,,Poison]Urshifu-Rapid-Strike||FocusSash|UnseenFist|SurgingStrikes,CloseCombat,Taunt,Detect|||M|||50|,,,,,Stellar]Volcarona||CovertCloak|FlameBody|StruggleBug,Overheat,RagePowder,WillOWisp|||F|||50|,,,,,Water]Terapagos||Leftovers|TeraShift|TeraStarstorm,EarthPower,CalmMind,Protect|||M|||50|,,,,,Stellar\n|showteam|p2|Zamazenta-Crowned||RustedShield|DauntlessShield|BodyPress,HeavySlam,WideGuard,Protect||||||50|,,,,,Ghost]Calyrex-Shadow||FocusSash|AsOneSpectrier|AstralBarrage,Psychic,Encore,Protect||||||50|,,,,,Ghost]Tornadus||RockyHelmet|Prankster|BleakwindStorm,Tailwind,RainDance,Protect|||M|||50|,,,,,Dark]Urshifu-Rapid-Strike||MysticWater|UnseenFist|SurgingStrikes,CloseCombat,AquaJet,Detect|||M|||50|,,,,,Water]Rillaboom||AssaultVest|GrassySurge|WoodHammer,GrassyGlide,Uturn,FakeOut|||M|||50|,,,,,Fire]Chien-Pao||LifeOrb|SwordofRuin|SuckerPunch,IcicleCrash,IceShard,Protect||||||50|,,,,,Stellar\n|inactive|Battle timer is ON: inactive players will automatically lose when time's up. (requested by YantoVGC)\n|\n|t:|1746018516\n|start\n|switch|p1a: Grimmsnarl|Grimmsnarl, L50, M|100/100\n|switch|p1b: Eternatus|Eternatus, L50|100/100\n|switch|p2a: Zamazenta|Zamazenta-Crowned, L50|100/100\n|switch|p2b: Calyrex|Calyrex-Shadow, L50|100/100\n|-ability|p2b: Calyrex|As One\n|-ability|p2b: Calyrex|Unnerve\n|-ability|p1b: Eternatus|Pressure\n|-ability|p2a: Zamazenta|Dauntless Shield|boost\n|-boost|p2a: Zamazenta|def|1\n|turn|1\n|inactive|YantoVGC has 30 seconds left.\n|inactive|YantoVGC has 20 seconds left.\n|inactive|YantoVGC has 15 seconds left.\n|\n|t:|1746018557\n|switch|p2b: Rillaboom|Rillaboom, L50, M|100/100\n|-fieldstart|move: Grassy Terrain|[from] ability: Grassy Surge|[of] p2b: Rillaboom\n|move|p1b: Eternatus|Protect|p1b: Eternatus\n|-singleturn|p1b: Eternatus|Protect\n|move|p2a: Zamazenta|Heavy Slam|p1a: Grimmsnarl\n|-supereffective|p1a: Grimmsnarl\n|-damage|p1a: Grimmsnarl|0 fnt\n|faint|p1a: Grimmsnarl\n|\n|upkeep\n|\n|t:|1746018576\n|switch|p1a: Rillaboom|Rillaboom, L50, M, shiny|100/100\n|turn|2\n|inactive|YantoVGC has 30 seconds left.\n|\n|t:|1746018604\n|-terastallize|p2a: Zamazenta|Ghost\n|move|p1a: Rillaboom|Fake Out|p2a: Zamazenta\n|-immune|p2a: Zamazenta\n|move|p2b: Rillaboom|Fake Out|p1b: Eternatus\n|-damage|p1b: Eternatus|90/100\n|cant|p1b: Eternatus|flinch\n|move|p2a: Zamazenta|Heavy Slam|p1a: Rillaboom\n|-damage|p1a: Rillaboom|57/100\n|\n|-heal|p1b: Eternatus|96/100|[from] Grassy Terrain\n|-heal|p1a: Rillaboom|63/100|[from] Grassy Terrain\n|upkeep\n|turn|3\n|inactive|YantoVGC has 30 seconds left.\n|inactive|YantoVGC has 20 seconds left.\n|inactive|YantoVGC has 15 seconds left.\n|inactive|YantoVGC has 10 seconds left.\n|\n|t:|1746018653\n|move|p1b: Eternatus|Dynamax Cannon|p2a: Zamazenta\n|-damage|p2a: Zamazenta|35/100\n|-damage|p1b: Eternatus|86/100|[from] item: Life Orb\n|move|p2a: Zamazenta|Body Press|p1b: Eternatus\n|-resisted|p1b: Eternatus\n|-damage|p1b: Eternatus|57/100\n|move|p1a: Rillaboom|U-turn|p2b: Rillaboom\n|-supereffective|p2b: Rillaboom\n|-damage|p2b: Rillaboom|58/100\n|\n|t:|1746018662\n|switch|p1a: Terapagos|Terapagos, L50, M|100/100|[from] U-turn\n|-activate|p1a: Terapagos|ability: Tera Shift\n|detailschange|p1a: Terapagos|Terapagos-Terastal, L50, M\n|-heal|p1a: Terapagos|100/100|[silent]\n|move|p2b: Rillaboom|U-turn|p1a: Terapagos\n|-activate|p1a: Terapagos|ability: Tera Shell\n|-resisted|p1a: Terapagos\n|-damage|p1a: Terapagos|93/100\n|\n|t:|1746018673\n|switch|p2b: Chien-Pao|Chien-Pao, L50|100/100|[from] U-turn\n|-ability|p2b: Chien-Pao|Sword of Ruin\n|\n|-heal|p1b: Eternatus|63/100|[from] Grassy Terrain\n|-heal|p2a: Zamazenta|41/100|[from] Grassy Terrain\n|-heal|p1a: Terapagos|99/100|[from] Grassy Terrain\n|-heal|p1a: Terapagos|100/100|[from] item: Leftovers\n|upkeep\n|turn|4\n|inactive|Loris41086 has 30 seconds left.\n|inactive|YantoVGC has 30 seconds left.\n|\n|t:|1746018707\n|-terastallize|p1b: Eternatus|Fairy\n|move|p2b: Chien-Pao|Icicle Crash|p1b: Eternatus\n|-damage|p1b: Eternatus|3/100\n|-damage|p2b: Chien-Pao|91/100|[from] item: Life Orb\n|move|p1b: Eternatus|Flamethrower|p2b: Chien-Pao\n|-supereffective|p2b: Chien-Pao\n|-damage|p2b: Chien-Pao|0 fnt\n|faint|p2b: Chien-Pao\n|-damage|p1b: Eternatus|0 fnt|[from] item: Life Orb\n|faint|p1b: Eternatus\n|move|p2a: Zamazenta|Body Press|p1a: Terapagos\n|-activate|p1a: Terapagos|ability: Tera Shell\n|-resisted|p1a: Terapagos\n|-damage|p1a: Terapagos|72/100\n|move|p1a: Terapagos|Calm Mind|p1a: Terapagos\n|-boost|p1a: Terapagos|spa|1\n|-boost|p1a: Terapagos|spd|1\n|\n|-heal|p2a: Zamazenta|47/100|[from] Grassy Terrain\n|-heal|p1a: Terapagos|79/100|[from] Grassy Terrain\n|-heal|p1a: Terapagos|85/100|[from] item: Leftovers\n|upkeep\n|\n|t:|1746018731\n|switch|p2b: Calyrex|Calyrex-Shadow, L50|100/100\n|switch|p1b: Rillaboom|Rillaboom, L50, M, shiny|63/100\n|-ability|p2b: Calyrex|As One\n|-ability|p2b: Calyrex|Unnerve\n|turn|5\n|\n|t:|1746018754\n|move|p1b: Rillaboom|Grassy Glide|p2a: Zamazenta\n|-damage|p2a: Zamazenta|32/100\n|move|p2b: Calyrex|Encore|p1a: Terapagos\n|-start|p1a: Terapagos|Encore\n|move|p2a: Zamazenta|Body Press|p1b: Rillaboom\n|-damage|p1b: Rillaboom|2/100\n|move|p1a: Terapagos|Calm Mind|p1a: Terapagos\n|-boost|p1a: Terapagos|spa|1\n|-boost|p1a: Terapagos|spd|1\n|\n|-heal|p2a: Zamazenta|38/100|[from] Grassy Terrain\n|-heal|p1a: Terapagos|91/100|[from] Grassy Terrain\n|-heal|p1a: Terapagos|97/100|[from] item: Leftovers\n|-heal|p1b: Rillaboom|8/100|[from] Grassy Terrain\n|-fieldend|move: Grassy Terrain\n|upkeep\n|turn|6\n|-message|Loris41086 forfeited.\n|\n|win|YantoVGC\n|l|\u203dLoris41086\n|player|p1|\n||Loris41086 is ready for game 2.\n||YantoVGC is ready for game 2.\n|uhtml|next|Next: <a href=\"/battle-gen9vgc2025regibo3-2353918546\"><strong>Game 2 of 3</strong></a>\n", "uploadtime": 1746019716, "views": 11, "formatid": "gen9vgc2025regibo3", "rating": null, "private": 0, "password": null}