{"id": "gen9vgc2025regibo3-2354447250", "format": "[Gen 9] VGC 2025 Reg I (Bo3)", "players": ["JeffEnveneom", "supersaac"], "log": "|j|\u2606JeffEnveneom\n|j|\u2606supersaac\n|html|<table width=\"100%\"><tr><td align=\"left\">JeffEnveneom</td><td align=\"right\">supersaac</tr><tr><td align=\"left\"><i class=\"fa fa-circle-o\"></i> <i class=\"fa fa-circle-o\"></i> </td><td align=\"right\"><i class=\"fa fa-circle-o\"></i> <i class=\"fa fa-circle\"></i> </tr></table>\n|uhtml|bestof|<h2><strong>Game 2</strong> of <a href=\"/game-bestof3-gen9vgc2025regibo3-2354444619\">a best-of-3</a></h2>\n|t:|1746072975\n|gametype|doubles\n|player|p1|JeffEnveneom|psychic-gen4|\n|player|p2|supersaac|101|\n|teamsize|p1|6\n|teamsize|p2|6\n|gen|9\n|tier|[Gen 9] VGC 2025 Reg I (Bo3)\n|rule|Species Clause: Limit one of each Pok\u00e9mon\n|rule|Item Clause: Limit 1 of each item\n|clearpoke\n|poke|p1|Calyrex-Shadow, L50|\n|poke|p1|Clefairy, L50, M|\n|poke|p1|Chi-Yu, L50|\n|poke|p1|Whimsicott, L50, F|\n|poke|p1|Rillaboom, L50, M|\n|poke|p1|Zamazenta-*, L50|\n|poke|p2|Zamazenta-*, L50|\n|poke|p2|Kyogre, L50|\n|poke|p2|Farigiraf, L50, F|\n|poke|p2|Incineroar, L50, M|\n|poke|p2|Rillaboom, L50, M|\n|poke|p2|Flutter Mane, L50|\n|teampreview|4\n|showteam|p1|Calyrex-Shadow||LifeOrb|AsOneSpectrier|Protect,Substitute,AstralBarrage,Psychic||||||50|,,,,,Ghost]Clefairy||Eviolite|FriendGuard|FollowMe,HelpingHand,AfterYou,Moonblast|||M|||50|,,,,,Grass]Chi-Yu||ChoiceSpecs|BeadsofRuin|Overheat,DarkPulse,Snarl,HeatWave||||||50|,,,,,Ghost]Whimsicott||CovertCloak|Prankster|LightScreen,Encore,Tailwind,Moonblast|||F|||50|,,,,,Dark]Rillaboom||AssaultVest|GrassySurge|FakeOut,GrassyGlide,WoodHammer,Uturn|||M|||50|,,,,,Fire]Zamazenta-Crowned||RustedShield|DauntlessShield|Protect,WideGuard,BodyPress,behemothbash||||||50|,,,,,Ghost\n|showteam|p2|Zamazenta-Crowned||RustedShield|DauntlessShield|HeavySlam,IronDefense,WideGuard,BodyPress||||||50|,,,,,Dragon]Kyogre||Leftovers|Drizzle|OriginPulse,IceBeam,CalmMind,Protect||||||50|,,,,,Grass]Farigiraf||ThroatSpray|ArmorTail|HyperVoice,Protect,FoulPlay,HelpingHand|||F|||50|,,,,,Dark]Incineroar||RockyHelmet|Intimidate|KnockOff,FakeOut,FlareBlitz,PartingShot|||M|||50|,,,,,Ghost]Rillaboom||AssaultVest|GrassySurge|HighHorsepower,GrassyGlide,Uturn,FakeOut|||M|||50|,,,,,Fire]Flutter Mane||BoosterEnergy|Protosynthesis|ShadowBall,Moonblast,IcyWind,Protect||||||50|,,,,,Fairy\n|inactive|Battle timer is ON: inactive players will automatically lose when time's up. (requested by supersaac)\n|inactive|JeffEnveneom has 60 seconds left.\n|inactive|supersaac has 60 seconds left.\n|\n|t:|1746073027\n|start\n|switch|p1a: Chi-Yu|Chi-Yu, L50|100/100\n|switch|p1b: Whimsicott|Whimsicott, L50, F|100/100\n|switch|p2a: Kyosanagi|Kyogre, L50|100/100\n|switch|p2b: Santiroar|Incineroar, L50, M, shiny|100/100\n|-ability|p1a: Chi-Yu|Beads of Ruin\n|-weather|RainDance|[from] ability: Drizzle|[of] p2a: Kyosanagi\n|-ability|p2b: Santiroar|Intimidate|boost\n|-unboost|p1a: Chi-Yu|atk|1\n|-unboost|p1b: Whimsicott|atk|1\n|turn|1\n|inactive|JeffEnveneom has 30 seconds left.\n|inactive|supersaac has 30 seconds left.\n|inactive|supersaac has 20 seconds left.\n|\n|t:|1746073063\n|-terastallize|p1a: Chi-Yu|Ghost\n|move|p1b: Whimsicott|Tailwind|p1b: Whimsicott\n|-sidestart|p1: JeffEnveneom|move: Tailwind\n|move|p1a: Chi-Yu|Dark Pulse|p2a: Kyosanagi\n|-damage|p2a: Kyosanagi|40/100\n|cant|p2a: Kyosanagi|flinch\n|move|p2b: Santiroar|Knock Off|p1a: Chi-Yu\n|-supereffective|p1a: Chi-Yu\n|-damage|p1a: Chi-Yu|0 fnt\n|-enditem|p1a: Chi-Yu|Choice Specs|[from] move: Knock Off|[of] p2b: Santiroar\n|faint|p1a: Chi-Yu\n|\n|-weather|RainDance|[upkeep]\n|-heal|p2a: Kyosanagi|46/100|[from] item: Leftovers\n|upkeep\n|\n|t:|1746073073\n|switch|p1a: Rillaboom|Rillaboom, L50, M|100/100\n|-fieldstart|move: Grassy Terrain|[from] ability: Grassy Surge|[of] p1a: Rillaboom\n|turn|2\n|inactive|JeffEnveneom has 30 seconds left.\n|\n|t:|1746073098\n|move|p2a: Kyosanagi|Protect|p2a: Kyosanagi\n|-singleturn|p2a: Kyosanagi|Protect\n|move|p1b: Whimsicott|Moonblast|p2b: Santiroar\n|-damage|p2b: Santiroar|78/100\n|-unboost|p2b: Santiroar|spa|1\n|move|p1a: Rillaboom|Wood Hammer|p2b: Santiroar\n|-resisted|p2b: Santiroar\n|-damage|p2b: Santiroar|41/100\n|-damage|p1a: Rillaboom|84/100|[from] item: Rocky Helmet|[of] p2b: Santiroar\n|-damage|p1a: Rillaboom|71/100|[from] Recoil\n|move|p2b: Santiroar|Parting Shot|p1a: Rillaboom\n|-unboost|p1a: Rillaboom|atk|1\n|-unboost|p1a: Rillaboom|spa|1\n|\n|t:|1746073119\n|switch|p2b: Zamazenta|Zamazenta-Crowned, L50|100/100|[from] Parting Shot\n|-ability|p2b: Zamazenta|Dauntless Shield|boost\n|-boost|p2b: Zamazenta|def|1\n|\n|-weather|RainDance|[upkeep]\n|-heal|p1a: Rillaboom|77/100|[from] Grassy Terrain\n|-heal|p2a: Kyosanagi|52/100|[from] Grassy Terrain\n|-heal|p2a: Kyosanagi|58/100|[from] item: Leftovers\n|upkeep\n|turn|3\n|\n|t:|1746073140\n|switch|p2a: Santiroar|Incineroar, L50, M, shiny|41/100\n|-ability|p2a: Santiroar|Intimidate|boost\n|-unboost|p1a: Rillaboom|atk|1\n|-unboost|p1b: Whimsicott|atk|1\n|move|p1b: Whimsicott|Encore|p2a: Santiroar\n|-hint|Since gen 7, Dark is immune to Prankster moves.\n|-immune|p2a: Santiroar\n|move|p1a: Rillaboom|U-turn|p2b: Zamazenta\n|-resisted|p2b: Zamazenta\n|-damage|p2b: Zamazenta|99/100\n|\n|t:|1746073143\n|switch|p1a: Calyrex|Calyrex-Shadow, L50|100/100|[from] U-turn\n|-ability|p1a: Calyrex|As One\n|-ability|p1a: Calyrex|Unnerve\n|move|p2b: Zamazenta|Heavy Slam|p1b: Whimsicott\n|-supereffective|p1b: Whimsicott\n|-damage|p1b: Whimsicott|0 fnt\n|faint|p1b: Whimsicott\n|\n|-weather|RainDance|[upkeep]\n|-heal|p2b: Zamazenta|100/100|[from] Grassy Terrain\n|-heal|p2a: Santiroar|47/100|[from] Grassy Terrain\n|upkeep\n|\n|t:|1746073145\n|switch|p1b: Rillaboom|Rillaboom, L50, M|77/100\n|turn|4\n|inactive|JeffEnveneom has 30 seconds left.\n|inactive|supersaac has 30 seconds left.\n|inactive|supersaac has 20 seconds left.\n|inactive|supersaac has 15 seconds left.\n|inactive|supersaac has 10 seconds left.\n|\n|t:|1746073194\n|move|p1b: Rillaboom|Fake Out|p2a: Santiroar\n|-damage|p2a: Santiroar|32/100\n|-damage|p1b: Rillaboom|60/100|[from] item: Rocky Helmet|[of] p2a: Santiroar\n|move|p2b: Zamazenta|Wide Guard|p2b: Zamazenta\n|-singleturn|p2b: Zamazenta|Wide Guard\n|move|p1a: Calyrex|Psychic|p2b: Zamazenta\n|-damage|p2b: Zamazenta|42/100\n|-damage|p1a: Calyrex|91/100|[from] item: Life Orb\n|cant|p2a: Santiroar|flinch\n|\n|-weather|RainDance|[upkeep]\n|-heal|p1a: Calyrex|97/100|[from] Grassy Terrain\n|-heal|p1b: Rillaboom|67/100|[from] Grassy Terrain\n|-heal|p2b: Zamazenta|48/100|[from] Grassy Terrain\n|-heal|p2a: Santiroar|38/100|[from] Grassy Terrain\n|-sideend|p1: JeffEnveneom|move: Tailwind\n|upkeep\n|turn|5\n|\n|t:|1746073215\n|move|p2b: Zamazenta|Wide Guard|p2b: Zamazenta\n|-singleturn|p2b: Zamazenta|Wide Guard\n|move|p1a: Calyrex|Substitute|p1a: Calyrex\n|-start|p1a: Calyrex|Substitute\n|-damage|p1a: Calyrex|73/100\n|move|p1b: Rillaboom|Wood Hammer|p2a: Santiroar\n|-resisted|p2a: Santiroar\n|-crit|p2a: Santiroar\n|-damage|p2a: Santiroar|0 fnt\n|-damage|p1b: Rillaboom|50/100|[from] item: Rocky Helmet|[of] p2a: Santiroar\n|faint|p2a: Santiroar\n|-damage|p1b: Rillaboom|37/100|[from] Recoil\n|\n|-weather|none\n|-heal|p1a: Calyrex|79/100|[from] Grassy Terrain\n|-heal|p2b: Zamazenta|54/100|[from] Grassy Terrain\n|-heal|p1b: Rillaboom|43/100|[from] Grassy Terrain\n|upkeep\n|inactive|supersaac has 30 seconds left.\n|inactive|supersaac has 20 seconds left.\n|inactive|supersaac has 15 seconds left.\n|\n|t:|1746073258\n|switch|p2a: Kyosanagi|Kyogre, L50|58/100\n|-weather|RainDance|[from] ability: Drizzle|[of] p2a: Kyosanagi\n|turn|6\n|\n|t:|1746073278\n|move|p1b: Rillaboom|Grassy Glide|p2a: Kyosanagi\n|-supereffective|p2a: Kyosanagi\n|-damage|p2a: Kyosanagi|0 fnt\n|faint|p2a: Kyosanagi\n|move|p1a: Calyrex|Psychic|p2b: Zamazenta\n|-damage|p2b: Zamazenta|0 fnt\n|faint|p2b: Zamazenta\n|-ability|p1a: Calyrex|Grim Neigh|boost\n|-boost|p1a: Calyrex|spa|1\n|-damage|p1a: Calyrex|69/100|[from] item: Life Orb\n|\n|-weather|RainDance|[upkeep]\n|-heal|p1a: Calyrex|75/100|[from] Grassy Terrain\n|-heal|p1b: Rillaboom|49/100|[from] Grassy Terrain\n|-fieldend|move: Grassy Terrain\n|upkeep\n|\n|t:|1746073292\n|switch|p2b: Flutter Mane|Flutter Mane, L50|100/100\n|-enditem|p2b: Flutter Mane|Booster Energy\n|-activate|p2b: Flutter Mane|ability: Protosynthesis|[fromitem]\n|-start|p2b: Flutter Mane|protosynthesisspe\n|turn|7\n|-message|supersaac forfeited.\n|\n|win|JeffEnveneom\n|l|\u2606supersaac\n|player|p2|\n||JeffEnveneom is ready for game 3.\n||supersaac is ready for game 3.\n|uhtml|next|Next: <a href=\"/battle-gen9vgc2025regibo3-2354449582\"><strong>Game 3 of 3</strong></a>\n", "uploadtime": 1746073688, "views": 7, "formatid": "gen9vgc2025regibo3", "rating": null, "private": 0, "password": null}