{"id": "gen9vgc2025regibo3-2354220282", "format": "[Gen 9] VGC 2025 Reg I (Bo3)", "players": ["plas301", "shellslayer"], "log": "|j|\u2606plas301\n|j|\u2606shellslayer\n|html|<table width=\"100%\"><tr><td align=\"left\">plas301</td><td align=\"right\">shellslayer</tr><tr><td align=\"left\"><i class=\"fa fa-circle\"></i> <i class=\"fa fa-circle-o\"></i> </td><td align=\"right\"><i class=\"fa fa-circle-o\"></i> <i class=\"fa fa-circle-o\"></i> </tr></table>\n|uhtml|bestof|<h2><strong>Game 2</strong> of <a href=\"/game-bestof3-gen9vgc2025regibo3-2354218945\">a best-of-3</a></h2>\n|t:|1746045992\n|gametype|doubles\n|player|p1|plas301|265|1212\n|player|p2|shellslayer|brawly|1152\n|teamsize|p1|6\n|teamsize|p2|6\n|gen|9\n|tier|[Gen 9] VGC 2025 Reg I (Bo3)\n|rated|\n|rule|Species Clause: Limit one of each Pok\u00e9mon\n|rule|Item Clause: Limit 1 of each item\n|clearpoke\n|poke|p1|Indeedee-F, L50, F|\n|poke|p1|Calyrex-Ice, L50|\n|poke|p1|Ursaluna-Bloodmoon, L50, M|\n|poke|p1|Smeargle, L50, M|\n|poke|p1|Urshifu-*, L50, M|\n|poke|p1|Lunala, L50|\n|poke|p2|Rillaboom, L50, F|\n|poke|p2|Wo-Chien, L50|\n|poke|p2|Dondozo, L50, M|\n|poke|p2|Tatsugiri-Droopy, L50, F|\n|poke|p2|Eternatus, L50|\n|poke|p2|Zacian-*, L50|\n|teampreview|4\n|showteam|p1|Indeedee-F||RockyHelmet|PsychicSurge|Psychic,TrickRoom,FollowMe,HelpingHand|||F|||50|,,,,,Fairy]Calyrex-Ice||ClearAmulet|AsOneGlastrier|GlacialLance,HighHorsepower,TrickRoom,Protect||||||50|,,,,,Fire]Ursaluna-Bloodmoon||LifeOrb|MindsEye|EarthPower,HyperVoice,BloodMoon,Protect|||M|||50|,,,,,Normal]Smeargle||FocusSash|OwnTempo|FollowMe,FakeOut,Decorate,Spore|||M|||50|,,,,,Grass]Urshifu||ChoiceBand|UnseenFist|WickedBlow,SuckerPunch,CloseCombat,IronHead|||M|||50|,,,,,Grass]Lunala||PowerHerb|ShadowShield|ExpandingForce,TrickRoom,MoongeistBeam,MeteorBeam||||||50|,,,,,Grass\n|showteam|p2|Rillaboom||AssaultVest|GrassySurge|WoodHammer,GrassyGlide,Uturn,FakeOut|||F|||50|,,,,,Fire]Wo-Chien||RockyHelmet|TabletsofRuin|FoulPlay,LeechSeed,Protect,PollenPuff||||||50|,,,,,Water]Dondozo||Leftovers|Unaware|WaveCrash,OrderUp,BodyPress,Protect|||M|||50|,,,,,Grass]Tatsugiri-Droopy||SafetyGoggles|Commander|MuddyWater,DracoMeteor,HelpingHand,Protect|||F|||50|,,,,,Ghost]Eternatus||CovertCloak|Pressure|SludgeBomb,DynamaxCannon,RainDance,ToxicSpikes||||||50|,,,,,Fairy]Zacian-Crowned||RustedSword|IntrepidSword|behemothblade,PlayRough,TeraBlast,Protect||||||50|,,,,,Ground\n|inactive|Battle timer is ON: inactive players will automatically lose when time's up. (requested by shellslayer)\n|\n|t:|1746046024\n|start\n|switch|p1a: Smeargle|Smeargle, L50, M, shiny|100/100\n|switch|p1b: Lunala|Lunala, L50|100/100\n|switch|p2a: Eternatus|Eternatus, L50|100/100\n|switch|p2b: Zacian|Zacian-Crowned, L50|100/100\n|-ability|p2b: Zacian|Intrepid Sword|boost\n|-boost|p2b: Zacian|atk|1\n|-ability|p2a: Eternatus|Pressure\n|turn|1\n|\n|t:|1746046047\n|move|p1a: Smeargle|Fake Out|p2b: Zacian\n|-resisted|p2b: Zacian\n|-crit|p2b: Zacian\n|-damage|p2b: Zacian|97/100\n|cant|p2b: Zacian|flinch\n|move|p2a: Eternatus|Toxic Spikes|p1b: Lunala\n|-sidestart|p1: plas301|move: Toxic Spikes\n|move|p1b: Lunala|Trick Room|p1b: Lunala\n|-fieldstart|move: Trick Room|[of] p1b: Lunala\n|\n|upkeep\n|turn|2\n|\n|t:|1746046072\n|move|p1a: Smeargle|Spore|p2b: Zacian\n|-status|p2b: Zacian|slp|[from] move: Spore\n|move|p1b: Lunala|Meteor Beam||[still]\n|-prepare|p1b: Lunala|Meteor Beam\n|-boost|p1b: Lunala|spa|1\n|-enditem|p1b: Lunala|Power Herb\n|-anim|p1b: Lunala|Meteor Beam|p2a: Eternatus\n|-crit|p2a: Eternatus\n|-damage|p2a: Eternatus|19/100\n|move|p2a: Eternatus|Toxic Spikes|p1a: Smeargle\n|-sidestart|p1: plas301|move: Toxic Spikes\n|cant|p2b: Zacian|slp\n|\n|upkeep\n|turn|3\n|\n|t:|1746046091\n|move|p1a: Smeargle|Decorate|p1b: Lunala\n|-boost|p1b: Lunala|atk|2\n|-boost|p1b: Lunala|spa|2\n|move|p1b: Lunala|Moongeist Beam|p2b: Zacian\n|-damage|p2b: Zacian|0 fnt\n|faint|p2b: Zacian\n|move|p2a: Eternatus|Dynamax Cannon|p1a: Smeargle\n|-damage|p1a: Smeargle|23/100\n|\n|upkeep\n|\n|t:|1746046102\n|switch|p2b: Dondozo|Dondozo, L50, M|100/100\n|turn|4\n|\n|t:|1746046112\n|move|p2b: Dondozo|Protect|p2b: Dondozo\n|-singleturn|p2b: Dondozo|Protect\n|move|p1a: Smeargle|Spore|p2b: Dondozo\n|-activate|p2b: Dondozo|move: Protect\n|move|p1b: Lunala|Moongeist Beam|p2b: Dondozo\n|-activate|p2b: Dondozo|move: Protect\n|move|p2a: Eternatus|Dynamax Cannon|p1a: Smeargle\n|-damage|p1a: Smeargle|0 fnt\n|faint|p1a: Smeargle\n|\n|upkeep\n|\n|t:|1746046125\n|switch|p1a: Calyrex|Calyrex-Ice, L50|100/100\n|-ability|p1a: Calyrex|As One\n|-ability|p1a: Calyrex|Unnerve\n|-status|p1a: Calyrex|tox\n|turn|5\n|\n|t:|1746046139\n|switch|p2a: Tatsugiri|Tatsugiri-Droopy, L50, F, shiny|100/100\n|-activate|p2a: Tatsugiri|ability: Commander|[of] p2b: Dondozo\n|-boost|p2b: Dondozo|atk|2\n|-boost|p2b: Dondozo|spa|2\n|-boost|p2b: Dondozo|spe|2\n|-boost|p2b: Dondozo|def|2\n|-boost|p2b: Dondozo|spd|2\n|move|p1a: Calyrex|Glacial Lance|p2a: Tatsugiri|[spread] p2b\n|-miss|p1a: Calyrex|p2a: Tatsugiri\n|-resisted|p2b: Dondozo\n|-damage|p2b: Dondozo|92/100\n|move|p1b: Lunala|Moongeist Beam|p2b: Dondozo\n|-damage|p2b: Dondozo|35/100\n|move|p2b: Dondozo|Order Up|p1b: Lunala\n|-crit|p1b: Lunala\n|-damage|p1b: Lunala|79/100\n|-boost|p2b: Dondozo|def|1\n|\n|-heal|p2b: Dondozo|42/100|[from] item: Leftovers\n|-damage|p1a: Calyrex|95/100 tox|[from] psn\n|-fieldend|move: Trick Room\n|upkeep\n|turn|6\n|\n|t:|1746046163\n|move|p2b: Dondozo|Protect|p2b: Dondozo\n|-singleturn|p2b: Dondozo|Protect\n|move|p1b: Lunala|Moongeist Beam|p2b: Dondozo\n|-activate|p2b: Dondozo|move: Protect\n|move|p1a: Calyrex|Trick Room|p1a: Calyrex\n|-fieldstart|move: Trick Room|[of] p1a: Calyrex\n|\n|-heal|p2b: Dondozo|48/100|[from] item: Leftovers\n|-damage|p1a: Calyrex|83/100 tox|[from] psn\n|upkeep\n|turn|7\n|\n|t:|1746046184\n|-terastallize|p2b: Dondozo|Grass\n|move|p1a: Calyrex|Glacial Lance|p2b: Dondozo|[spread] p2b\n|-miss|p1a: Calyrex|p2a: Tatsugiri\n|-supereffective|p2b: Dondozo\n|-damage|p2b: Dondozo|19/100\n|move|p1b: Lunala|Moongeist Beam|p2b: Dondozo\n|-damage|p2b: Dondozo|0 fnt\n|faint|p2b: Dondozo\n|\n|-damage|p1a: Calyrex|66/100 tox|[from] psn\n|upkeep\n|-message|shellslayer forfeited.\n|\n|win|plas301\n|raw|plas301's rating: 1212 &rarr; <strong>1233</strong><br />(+21 for winning)\n|raw|shellslayer's rating: 1152 &rarr; <strong>1131</strong><br />(-21 for losing)\n|c|\u2606shellslayer|hey\n|c|\u2606shellslayer|tell me how to fix my team\n|c|\u2606shellslayer|please\n", "uploadtime": 1746046209, "views": 8, "formatid": "gen9vgc2025regibo3", "rating": 1131, "private": 0, "password": null}