{"id": "gen9vgc2025regibo3-2354998091", "format": "[Gen 9] VGC 2025 Reg I (Bo3)", "players": ["subinator", "anastarawneh"], "log": "|j|\u2606subinator\n|j|\u2606anastarawneh\n|html|<table width=\"100%\"><tr><td align=\"left\">subinator</td><td align=\"right\">anastarawneh</tr><tr><td align=\"left\"><i class=\"fa fa-circle-o\"></i> <i class=\"fa fa-circle-o\"></i> </td><td align=\"right\"><i class=\"fa fa-circle-o\"></i> <i class=\"fa fa-circle-o\"></i> </tr></table>\n|uhtml|bestof|<h2><strong>Game 1</strong> of <a href=\"/game-bestof3-gen9vgc2025regibo3-2354998090\">a best-of-3</a></h2>\n|t:|1746140234\n|gametype|doubles\n|player|p1|subinator|2|1161\n|player|p2|anastarawneh|n|1096\n|teamsize|p1|6\n|teamsize|p2|6\n|gen|9\n|tier|[Gen 9] VGC 2025 Reg I (Bo3)\n|rated|\n|rule|Species Clause: Limit one of each Pok\u00e9mon\n|rule|Item Clause: Limit 1 of each item\n|clearpoke\n|poke|p1|Ting-Lu, L50|\n|poke|p1|Iron Hands, L50|\n|poke|p1|Miraidon, L50|\n|poke|p1|Weezing-Galar, L50, F|\n|poke|p1|Calyrex-Ice, L50|\n|poke|p1|Iron Bundle, L50|\n|poke|p2|Miraidon, L50|\n|poke|p2|Iron Hands, L50|\n|poke|p2|Farigiraf, L50, F|\n|poke|p2|Calyrex-Ice, L50|\n|poke|p2|Whimsicott, L50, F|\n|poke|p2|Ogerpon-Hearthflame, L50, F|\n|teampreview|4\n|showteam|p1|Ting-Lu||AssaultVest|VesselofRuin|Ruination,HeavySlam,StompingTantrum,ThroatChop||||||50|,,,,,Poison]Iron Hands||PunchingGlove|QuarkDrive|FakeOut,DrainPunch,ThunderPunch,Detect||||||50|,,,,,Steel]Miraidon||EjectPack|HadronEngine|Protect,Overheat,VoltSwitch,DracoMeteor||||||50|,,,,,Fire]Weezing-Galar||AirBalloon|NeutralizingGas|DazzlingGleam,WillOWisp,SludgeBomb,Protect|||F|||50|,,,,,Steel]Calyrex-Ice||ClearAmulet|AsOneGlastrier|GlacialLance,HighHorsepower,TrickRoom,Protect||||||50|,,,,,Fire]Iron Bundle||FocusSash|QuarkDrive|IcyWind,FreezeDry,HydroPump,Protect||||||50|,,,,,Ghost\n|showteam|p2|Miraidon||ChoiceSpecs|HadronEngine|ElectroDrift,DracoMeteor,VoltSwitch,DazzlingGleam||||||50|,,,,,Fairy]Iron Hands||AssaultVest|QuarkDrive|DrainPunch,WildCharge,FakeOut,LowKick||||||50|,,,,,Bug]Farigiraf||ElectricSeed|ArmorTail|FoulPlay,PsychicNoise,HelpingHand,TrickRoom|||F|||50|,,,,,Water]Calyrex-Ice||ClearAmulet|AsOneGlastrier|Protect,GlacialLance,HighHorsepower,TrickRoom||||||50|,,,,,Fire]Whimsicott||CovertCloak|Prankster|Moonblast,LightScreen,Tailwind,Encore|||F|||50|,,,,,Dark]Ogerpon-Hearthflame||HearthflameMask|MoldBreaker|IvyCudgel,WoodHammer,FollowMe,SpikyShield|||F|||50|,,,,,Fire\n|c|\u2606anastarawneh|oh boy I haven't fought a weezing before\n|c|\u2606anastarawneh|gl hf\n|c|\u2606subinator|gl hf\n|\n|t:|1746140295\n|start\n|switch|p1a: Miraidon|Miraidon, L50|100/100\n|switch|p1b: Iron Bundle|Iron Bundle, L50|100/100\n|switch|p2a: Iron Hands|Iron Hands, L50|100/100\n|switch|p2b: Ogerpon|Ogerpon-Hearthflame, L50, F|100/100\n|-fieldstart|move: Electric Terrain|[from] ability: Hadron Engine|[of] p1a: Miraidon\n|-activate|p1b: Iron Bundle|ability: Quark Drive\n|-start|p1b: Iron Bundle|quarkdrivespe\n|-activate|p2a: Iron Hands|ability: Quark Drive\n|-start|p2a: Iron Hands|quarkdriveatk\n|-ability|p2b: Ogerpon|Mold Breaker\n|turn|1\n|\n|t:|1746140329\n|move|p1b: Iron Bundle|Protect|p1b: Iron Bundle\n|-singleturn|p1b: Iron Bundle|Protect\n|move|p1a: Miraidon|Protect|p1a: Miraidon\n|-singleturn|p1a: Miraidon|Protect\n|move|p2a: Iron Hands|Fake Out|p1a: Miraidon\n|-activate|p1a: Miraidon|move: Protect\n|move|p2b: Ogerpon|Ivy Cudgel|p1a: Miraidon|[anim] Ivy Cudgel Fire\n|-activate|p1a: Miraidon|move: Protect\n|\n|upkeep\n|turn|2\n|\n|t:|1746140382\n|-end|p1b: Iron Bundle|Quark Drive|[silent]\n|switch|p1b: Weezing|Weezing-Galar, L50, F|100/100\n|-ability|p1b: Weezing|Neutralizing Gas\n|-item|p1b: Weezing|Air Balloon\n|move|p1a: Miraidon|Draco Meteor|p2a: Iron Hands\n|-damage|p2a: Iron Hands|58/100\n|-unboost|p1a: Miraidon|spa|2\n|-enditem|p1a: Miraidon|Eject Pack\n|\n|t:|1746140396\n|switch|p1a: Calyrex|Calyrex-Ice, L50|100/100\n|-ability|p1a: Calyrex|As One\n|-ability|p1a: Calyrex|Unnerve\n|move|p2b: Ogerpon|Ivy Cudgel|p1b: Weezing|[anim] Ivy Cudgel Fire\n|-damage|p1b: Weezing|55/100\n|-enditem|p1b: Weezing|Air Balloon\n|move|p2a: Iron Hands|Low Kick|p1a: Calyrex\n|-damage|p1a: Calyrex|58/100\n|\n|upkeep\n|turn|3\n|\n|t:|1746140442\n|move|p1a: Calyrex|Protect|p1a: Calyrex\n|-singleturn|p1a: Calyrex|Protect\n|move|p2b: Ogerpon|Ivy Cudgel|p1a: Calyrex|[anim] Ivy Cudgel Fire\n|-activate|p1a: Calyrex|move: Protect\n|move|p1b: Weezing|Sludge Bomb|p2b: Ogerpon\n|-supereffective|p2b: Ogerpon\n|-damage|p2b: Ogerpon|47/100\n|move|p2a: Iron Hands|Low Kick|p1a: Calyrex\n|-activate|p1a: Calyrex|move: Protect\n|\n|upkeep\n|turn|4\n|\n|t:|1746140484\n|-terastallize|p1a: Calyrex|Fire\n|move|p2b: Ogerpon|Spiky Shield|p2b: Ogerpon\n|-singleturn|p2b: Ogerpon|move: Protect\n|move|p1b: Weezing|Dazzling Gleam|p2b: Ogerpon|[spread] p2a\n|-activate|p2b: Ogerpon|move: Protect\n|-supereffective|p2a: Iron Hands\n|-damage|p2a: Iron Hands|39/100\n|move|p1a: Calyrex|Glacial Lance|p2b: Ogerpon|[spread] p2a\n|-activate|p2b: Ogerpon|move: Protect\n|-damage|p2a: Iron Hands|0 fnt\n|faint|p2a: Iron Hands\n|-end|p2a: Iron Hands|Quark Drive|[silent]\n|-ability|p1a: Calyrex|Chilling Neigh|boost\n|-boost|p1a: Calyrex|atk|1\n|\n|upkeep\n|\n|t:|1746140497\n|switch|p2a: Miraidon|Miraidon, L50|100/100\n|turn|5\n|\n|t:|1746140539\n|move|p1b: Weezing|Protect|p1b: Weezing\n|-singleturn|p1b: Weezing|Protect\n|move|p1a: Calyrex|Protect|p1a: Calyrex\n|-singleturn|p1a: Calyrex|Protect\n|move|p2a: Miraidon|Volt Switch|p1a: Calyrex\n|-activate|p1a: Calyrex|move: Protect\n|move|p2b: Ogerpon|Ivy Cudgel|p1b: Weezing|[anim] Ivy Cudgel Fire\n|-activate|p1b: Weezing|move: Protect\n|\n|-fieldend|move: Electric Terrain\n|upkeep\n|turn|6\n|\n|t:|1746140585\n|-terastallize|p2b: Ogerpon|Fire\n|detailschange|p2b: Ogerpon|Ogerpon-Hearthflame-Tera, L50, F, tera:Fire\n|move|p2a: Miraidon|Volt Switch|p1a: Calyrex\n|-damage|p1a: Calyrex|16/100\n|\n|t:|1746140591\n|switch|p2a: Calyrex|Calyrex-Ice, L50|100/100|[from] Volt Switch\n|-ability|p2a: Calyrex|As One\n|-ability|p2a: Calyrex|Unnerve\n|move|p2b: Ogerpon|Ivy Cudgel|p1a: Calyrex|[anim] Ivy Cudgel Fire\n|-resisted|p1a: Calyrex\n|-crit|p1a: Calyrex\n|-damage|p1a: Calyrex|0 fnt\n|faint|p1a: Calyrex\n|move|p1b: Weezing|Sludge Bomb|p2b: Ogerpon\n|-damage|p2b: Ogerpon|18/100\n|\n|upkeep\n|\n|t:|1746140598\n|switch|p1a: Miraidon|Miraidon, L50|100/100\n|turn|7\n|\n|t:|1746140614\n|move|p2b: Ogerpon|Spiky Shield|p2b: Ogerpon\n|-singleturn|p2b: Ogerpon|move: Protect\n|move|p2a: Calyrex|Protect|p2a: Calyrex\n|-singleturn|p2a: Calyrex|Protect\n|move|p1a: Miraidon|Overheat|p2a: Calyrex\n|-activate|p2a: Calyrex|move: Protect\n|move|p1b: Weezing|Will-O-Wisp|p2a: Calyrex\n|-activate|p2a: Calyrex|move: Protect\n|\n|upkeep\n|turn|8\n|\n|t:|1746140627\n|move|p2b: Ogerpon|Follow Me|p2b: Ogerpon\n|-singleturn|p2b: Ogerpon|move: Follow Me\n|move|p1a: Miraidon|Overheat|p2b: Ogerpon\n|-resisted|p2b: Ogerpon\n|-damage|p2b: Ogerpon|0 fnt\n|-unboost|p1a: Miraidon|spa|2\n|faint|p2b: Ogerpon\n|move|p1b: Weezing|Will-O-Wisp|p2a: Calyrex\n|-status|p2a: Calyrex|brn\n|move|p2a: Calyrex|Glacial Lance|p1a: Miraidon|[spread] p1a,p1b\n|-supereffective|p1a: Miraidon\n|-crit|p1b: Weezing\n|-damage|p1a: Miraidon|47/100\n|-damage|p1b: Weezing|17/100\n|\n|-damage|p2a: Calyrex|95/100 brn|[from] brn\n|upkeep\n|\n|t:|1746140632\n|switch|p2b: Miraidon|Miraidon, L50|100/100\n|turn|9\n|\n|t:|1746140659\n|move|p1a: Miraidon|Protect|p1a: Miraidon\n|-singleturn|p1a: Miraidon|Protect\n|move|p2b: Miraidon|Dazzling Gleam|p1a: Miraidon|[spread] p1b\n|-activate|p1a: Miraidon|move: Protect\n|-resisted|p1b: Weezing\n|-damage|p1b: Weezing|0 fnt\n|faint|p1b: Weezing\n|-end|p1b: Weezing|ability: Neutralizing Gas\n|-fieldstart|move: Electric Terrain|[from] ability: Hadron Engine|[of] p1a: Miraidon\n|-activate|p2b: Miraidon|ability: Hadron Engine\n|move|p2a: Calyrex|Glacial Lance|p1a: Miraidon\n|-activate|p1a: Miraidon|move: Protect\n|\n|-damage|p2a: Calyrex|89/100 brn|[from] brn\n|upkeep\n|\n|t:|1746140663\n|switch|p1b: Iron Bundle|Iron Bundle, L50|100/100\n|-activate|p1b: Iron Bundle|ability: Quark Drive\n|-start|p1b: Iron Bundle|quarkdrivespe\n|turn|10\n|\n|t:|1746140680\n|move|p1b: Iron Bundle|Icy Wind|p2b: Miraidon|[spread] p2a,p2b\n|-resisted|p2a: Calyrex\n|-supereffective|p2b: Miraidon\n|-damage|p2a: Calyrex|82/100 brn\n|-damage|p2b: Miraidon|60/100\n|-unboost|p2b: Miraidon|spe|1\n|move|p1a: Miraidon|Draco Meteor|p2b: Miraidon|[miss]\n|-miss|p1a: Miraidon|p2b: Miraidon\n|move|p2b: Miraidon|Dazzling Gleam|p1a: Miraidon|[spread] p1a,p1b\n|-supereffective|p1a: Miraidon\n|-damage|p1a: Miraidon|0 fnt\n|-damage|p1b: Iron Bundle|10/100\n|faint|p1a: Miraidon\n|move|p2a: Calyrex|Glacial Lance|p1b: Iron Bundle\n|-resisted|p1b: Iron Bundle\n|-damage|p1b: Iron Bundle|0 fnt\n|faint|p1b: Iron Bundle\n|-end|p1b: Iron Bundle|Quark Drive|[silent]\n|\n|win|anastarawneh\n|c|\u2606anastarawneh|gg\n|c|\u2606anastarawneh|OH\n|inactive|subinator has 30 seconds to confirm battle start!\n|inactive|anastarawneh has 30 seconds to confirm battle start!\n|c|\u2606anastarawneh|it's me\n|c|\u2606anastarawneh|gg\n|c|\u2606subinator|dang whiff\n|c|\u2606anastarawneh|I thought I lost lol\n|inactive|subinator has 20 seconds to confirm battle start!\n|inactive|anastarawneh has 20 seconds to confirm battle start!\n||subinator is ready for game 2.\n", "uploadtime": 1746140702, "views": 3, "formatid": "gen9vgc2025regibo3", "rating": null, "private": 0, "password": null}