{"id": "gen9vgc2025regibo3-2355139739", "format": "[Gen 9] VGC 2025 Reg I (Bo3)", "players": ["Bionicsonic", "InTheBrain"], "log": "|j|\u2606Bionicsonic\n|j|\u2606InTheBrain\n|html|<table width=\"100%\"><tr><td align=\"left\">Bionicsonic</td><td align=\"right\">InTheBrain</tr><tr><td align=\"left\"><i class=\"fa fa-circle\"></i> <i class=\"fa fa-circle-o\"></i> </td><td align=\"right\"><i class=\"fa fa-circle-o\"></i> <i class=\"fa fa-circle-o\"></i> </tr></table>\n|uhtml|bestof|<h2><strong>Game 2</strong> of <a href=\"/game-bestof3-gen9vgc2025regibo3-2355137935\">a best-of-3</a></h2>\n|t:|1746157617\n|gametype|doubles\n|player|p1|Bionicsonic|riley|\n|player|p2|InTheBrain|rika|\n|teamsize|p1|6\n|teamsize|p2|6\n|gen|9\n|tier|[Gen 9] VGC 2025 Reg I (Bo3)\n|rule|Species Clause: Limit one of each Pok\u00e9mon\n|rule|Item Clause: Limit 1 of each item\n|clearpoke\n|poke|p1|Pelipper, L50, M|\n|poke|p1|Palafin, L50, F|\n|poke|p1|Archaludon, L50, F|\n|poke|p1|Rillaboom, L50, F|\n|poke|p1|Baxcalibur, L50, M|\n|poke|p1|Clefairy, L50, F|\n|poke|p2|Sinistcha, L50|\n|poke|p2|Incineroar, L50, F|\n|poke|p2|Primarina, L50, F|\n|poke|p2|Dragonite, L50, F|\n|poke|p2|Sneasler, L50, M|\n|poke|p2|Corviknight, L50, M|\n|teampreview|4\n|showteam|p1|Pelipper||FocusSash|Drizzle|WideGuard,Protect,Tailwind,Hurricane|||M|||50|,,,,,Ghost]Palafin||ChoiceBand|ZerotoHero|JetPunch,CloseCombat,FlipTurn,WaveCrash|||F|||50|,,,,,Fire]Archaludon||AssaultVest|Stamina|DracoMeteor,FlashCannon,ElectroShot,BodyPress|||F|||50|,,,,,Grass]Rillaboom||MiracleSeed|GrassySurge|WoodHammer,Uturn,FakeOut,Protect|||F|||50|,,,,,Fire]Baxcalibur||ClearAmulet|ThermalExchange|IceShard,GlaiveRush,Protect,SwordsDance|||M|||50|,,,,,Poison]Clefairy||Eviolite|FriendGuard|FollowMe,Protect,Imprison,Sing|||F|||50|,,,,,Grass\n|showteam|p2|Sinistcha||RockyHelmet|Hospitality|MatchaGotcha,LifeDew,RagePowder,Protect||||||50|,,,,,Dark]Incineroar||SafetyGoggles|Intimidate|PartingShot,FakeOut,FlareBlitz,KnockOff|||F|||50|,,,,,Grass]Primarina||ThroatSpray|LiquidVoice|Moonblast,HyperVoice,Haze,Protect|||F|||50|,,,,,Grass]Dragonite||ChoiceBand|InnerFocus|Outrage,ExtremeSpeed,ThunderPunch,AerialAce|||F|||50|,,,,,Normal]Sneasler||WhiteHerb|Unburden|DireClaw,CloseCombat,FakeOut,Protect|||M|||50|,,,,,Stellar]Corviknight||Leftovers|MirrorArmor|BraveBird,IronHead,Tailwind,Protect|||M|||50|,,,,,Water\n|inactive|Battle timer is ON: inactive players will automatically lose when time's up. (requested by InTheBrain)\n|\n|t:|1746157642\n|start\n|switch|p1a: Plipper|Pelipper, L50, M, shiny|100/100\n|switch|p1b: Dundundoodididi|Archaludon, L50, F|100/100\n|switch|p2a: Click E Speed|Dragonite, L50, F, shiny|100/100\n|switch|p2b: Hate|Incineroar, L50, F, shiny|100/100\n|-weather|RainDance|[from] ability: Drizzle|[of] p1a: Plipper\n|-ability|p2b: Hate|Intimidate|boost\n|-unboost|p1a: Plipper|atk|1\n|-unboost|p1b: Dundundoodididi|atk|1\n|turn|1\n|\n|t:|1746157666\n|-terastallize|p1a: Plipper|Ghost\n|move|p2a: Click E Speed|Thunder Punch|p1a: Plipper\n|-damage|p1a: Plipper|49/100\n|move|p1a: Plipper|Tailwind|p1a: Plipper\n|-sidestart|p1: Bionicsonic|move: Tailwind\n|move|p1b: Dundundoodididi|Draco Meteor|p2a: Click E Speed\n|-supereffective|p2a: Click E Speed\n|-damage|p2a: Click E Speed|0 fnt\n|-unboost|p1b: Dundundoodididi|spa|2\n|faint|p2a: Click E Speed\n|move|p2b: Hate|Knock Off|p1a: Plipper\n|-supereffective|p1a: Plipper\n|-damage|p1a: Plipper|0 fnt\n|-enditem|p1a: Plipper|Focus Sash|[from] move: Knock Off|[of] p2b: Hate\n|faint|p1a: Plipper\n|\n|-weather|RainDance|[upkeep]\n|upkeep\n|\n|t:|1746157687\n|switch|p2a: Achoo|Sneasler, L50, M|100/100\n|switch|p1a: BurrBurrBurr|Baxcalibur, L50, M|100/100\n|turn|2\n|\n|t:|1746157709\n|switch|p1b: 5RillaBooms|Rillaboom, L50, F|100/100\n|-fieldstart|move: Grassy Terrain|[from] ability: Grassy Surge|[of] p1b: 5RillaBooms\n|-terastallize|p2a: Achoo|Stellar\n|move|p1a: BurrBurrBurr|Protect|p1a: BurrBurrBurr\n|-singleturn|p1a: BurrBurrBurr|Protect\n|move|p2a: Achoo|Close Combat|p1a: BurrBurrBurr\n|-activate|p1a: BurrBurrBurr|move: Protect\n|move|p2b: Hate|Parting Shot|p1b: 5RillaBooms\n|-unboost|p1b: 5RillaBooms|atk|1\n|-unboost|p1b: 5RillaBooms|spa|1\n|j| Sourdough7\n|\n|t:|1746157717\n|switch|p2b: AHHHHHHHHHHHHH|Primarina, L50, F|100/100|[from] Parting Shot\n|\n|-weather|RainDance|[upkeep]\n|upkeep\n|turn|3\n|inactive|Bionicsonic has 30 seconds left.\n|\n|t:|1746157746\n|move|p2a: Achoo|Protect|p2a: Achoo\n|-singleturn|p2a: Achoo|Protect\n|move|p2b: AHHHHHHHHHHHHH|Protect|p2b: AHHHHHHHHHHHHH\n|-singleturn|p2b: AHHHHHHHHHHHHH|Protect\n|move|p1a: BurrBurrBurr|Swords Dance|p1a: BurrBurrBurr\n|-boost|p1a: BurrBurrBurr|atk|2\n|move|p1b: 5RillaBooms|Wood Hammer|p2b: AHHHHHHHHHHHHH\n|-activate|p2b: AHHHHHHHHHHHHH|move: Protect\n|\n|-weather|RainDance|[upkeep]\n|upkeep\n|turn|4\n|inactive|InTheBrain has 30 seconds left.\n|inactive|Bionicsonic has 30 seconds left.\n|\n|t:|1746157781\n|switch|p2a: Hate|Incineroar, L50, F, shiny|100/100\n|-ability|p2a: Hate|Intimidate|boost\n|-fail|p1a: BurrBurrBurr|unboost|[from] item: Clear Amulet|[of] p1a: BurrBurrBurr\n|-unboost|p1b: 5RillaBooms|atk|1\n|move|p1a: BurrBurrBurr|Glaive Rush|p2a: Hate\n|-damage|p2a: Hate|0 fnt\n|-singlemove|p1a: BurrBurrBurr|Glaive Rush|[silent]\n|faint|p2a: Hate\n|move|p1b: 5RillaBooms|Wood Hammer|p2b: AHHHHHHHHHHHHH\n|-supereffective|p2b: AHHHHHHHHHHHHH\n|-damage|p2b: AHHHHHHHHHHHHH|0 fnt\n|faint|p2b: AHHHHHHHHHHHHH\n|-damage|p1b: 5RillaBooms|76/100|[from] Recoil\n|\n|-weather|RainDance|[upkeep]\n|-heal|p1b: 5RillaBooms|82/100|[from] Grassy Terrain\n|-sideend|p1: Bionicsonic|move: Tailwind\n|upkeep\n|\n|t:|1746157797\n|switch|p2a: Achoo|Sneasler, L50, M, tera:Stellar|100/100\n|turn|5\n|\n|t:|1746157818\n|move|p2a: Achoo|Close Combat|p1b: 5RillaBooms\n|-damage|p1b: 5RillaBooms|2/100\n|-unboost|p2a: Achoo|def|1\n|-unboost|p2a: Achoo|spd|1\n|-enditem|p2a: Achoo|White Herb\n|-clearnegativeboost|p2a: Achoo|[silent]\n|move|p1a: BurrBurrBurr|Glaive Rush|p2a: Achoo\n|-damage|p2a: Achoo|0 fnt\n|-singlemove|p1a: BurrBurrBurr|Glaive Rush|[silent]\n|faint|p2a: Achoo\n|\n|win|Bionicsonic\n|l|\u2606InTheBrain\n|player|p2|\n|l| Sourdough7\n", "uploadtime": 1746158041, "views": 2, "formatid": "gen9vgc2025regibo3", "rating": null, "private": 0, "password": null}