{"id": "gen9vgc2025regibo3-2353597305", "format": "[Gen 9] VGC 2025 Reg I (Bo3)", "players": ["ManuButtowski", "PeePooBum"], "log": "|j|\u2606ManuButtowski\n|j|\u2606PeePooBum\n|html|<table width=\"100%\"><tr><td align=\"left\">ManuButtowski</td><td align=\"right\">PeePooBum</tr><tr><td align=\"left\"><i class=\"fa fa-circle\"></i> <i class=\"fa fa-circle-o\"></i> </td><td align=\"right\"><i class=\"fa fa-circle-o\"></i> <i class=\"fa fa-circle-o\"></i> </tr></table>\n|uhtml|bestof|<h2><strong>Game 2</strong> of <a href=\"/game-bestof3-gen9vgc2025regibo3-2353593994\">a best-of-3</a></h2>\n|t:|1745972694\n|gametype|doubles\n|player|p1|ManuButtowski|marshal|1132\n|player|p2|PeePooBum|101|1145\n|teamsize|p1|6\n|teamsize|p2|6\n|gen|9\n|tier|[Gen 9] VGC 2025 Reg I (Bo3)\n|rated|\n|rule|Species Clause: Limit one of each Pok\u00e9mon\n|rule|Item Clause: Limit 1 of each item\n|clearpoke\n|poke|p1|Koraidon, L50|\n|poke|p1|Ho-Oh, L50|\n|poke|p1|Flutter Mane, L50|\n|poke|p1|Raging Bolt, L50|\n|poke|p1|Chien-Pao, L50|\n|poke|p1|Amoonguss, L50, F|\n|poke|p2|Koraidon, L50|\n|poke|p2|Solgaleo, L50|\n|poke|p2|Flutter Mane, L50|\n|poke|p2|Ogerpon-Cornerstone, L50, F|\n|poke|p2|Brute Bonnet, L50|\n|poke|p2|Gastrodon-East, L50, M|\n|teampreview|4\n|showteam|p1|Koraidon||ClearAmulet|OrichalcumPulse|FlareBlitz,CollisionCourse,Uturn,Protect||||||50|,,,,,Fire]Ho-Oh||RockyHelmet|Regenerator|SacredFire,LifeDew,Tailwind,Protect||||||50|,,,,,Grass]Flutter Mane||ChoiceSpecs|Protosynthesis|Moonblast,DazzlingGleam,ShadowBall,IcyWind||||||50|,,,,,Fairy]Raging Bolt||AssaultVest|Protosynthesis|Thunderclap,DracoMeteor,Thunderbolt,Snarl||||||50|,,,,,Electric]Chien-Pao||FocusSash|SwordofRuin|IceSpinner,ThroatChop,SuckerPunch,Protect||||||50|,,,,,Stellar]Amoonguss||MentalHerb|Regenerator|Spore,RagePowder,PollenPuff,ClearSmog|||F|||50|,,,,,Fire\n|showteam|p2|Koraidon||ClearAmulet|OrichalcumPulse|FlareBlitz,FlameCharge,CollisionCourse,Protect||||||50|,,,,,Fire]Solgaleo||WeaknessPolicy|FullMetalBody|SunsteelStrike,PsychicFangs,WideGuard,Protect||||||50|,,,,,Flying]Flutter Mane||FocusSash|Protosynthesis|Moonblast,ShadowBall,IcyWind,Protect||||||50|,,,,,Normal]Ogerpon-Cornerstone||CornerstoneMask|Sturdy|PowerWhip,IvyCudgel,FollowMe,SpikyShield|||F|||50|,,,,,Rock]Brute Bonnet||RockyHelmet|Protosynthesis|Spore,RagePowder,SeedBomb,SuckerPunch||||||50|,,,,,Water]Gastrodon-East||SafetyGoggles|StormDrain|ClearSmog,EarthPower,Yawn,Recover|||M|||50|,,,,,Fire\n|inactive|Battle timer is ON: inactive players will automatically lose when time's up. (requested by ManuButtowski)\n|inactive|PeePooBum has 60 seconds left.\n|\n|t:|1745972741\n|start\n|switch|p1a: Koraidon|Koraidon, L50|100/100\n|switch|p1b: Flutter Mane|Flutter Mane, L50|100/100\n|switch|p2a: Flutter Mane|Flutter Mane, L50|100/100\n|switch|p2b: Gastrodon|Gastrodon-East, L50, M|100/100\n|-weather|SunnyDay|[from] ability: Orichalcum Pulse|[of] p1a: Koraidon\n|-activate|p2a: Flutter Mane|ability: Protosynthesis\n|-start|p2a: Flutter Mane|protosynthesisspe\n|-activate|p1b: Flutter Mane|ability: Protosynthesis\n|-start|p1b: Flutter Mane|protosynthesisspe\n|-activate|p1a: Koraidon|Orichalcum Pulse|[source]\n|turn|1\n|inactive|ManuButtowski has 30 seconds left.\n|inactive|PeePooBum has 30 seconds left.\n|inactive|ManuButtowski has 20 seconds left.\n|inactive|PeePooBum has 20 seconds left.\n|inactive|ManuButtowski has 15 seconds left.\n|inactive|PeePooBum has 15 seconds left.\n|inactive|ManuButtowski has 10 seconds left.\n|inactive|PeePooBum has 10 seconds left.\n|inactive|ManuButtowski has 5 seconds left.\n|\n|t:|1745972792\n|-terastallize|p1b: Flutter Mane|Fairy\n|move|p2a: Flutter Mane|Protect|p2a: Flutter Mane\n|-singleturn|p2a: Flutter Mane|Protect\n|move|p1a: Koraidon|Protect|p1a: Koraidon\n|-singleturn|p1a: Koraidon|Protect\n|move|p1b: Flutter Mane|Moonblast|p2a: Flutter Mane\n|-activate|p2a: Flutter Mane|move: Protect\n|move|p2b: Gastrodon|Earth Power|p1b: Flutter Mane\n|-damage|p1b: Flutter Mane|73/100\n|\n|-weather|SunnyDay|[upkeep]\n|upkeep\n|turn|2\n|inactive|ManuButtowski has 30 seconds left.\n|inactive|PeePooBum has 30 seconds left.\n|inactive|PeePooBum has 20 seconds left.\n|inactive|PeePooBum has 15 seconds left.\n|inactive|PeePooBum has 10 seconds left.\n|\n|t:|1745972838\n|switch|p1a: Ho-Oh|Ho-Oh, L50|100/100\n|move|p2a: Flutter Mane|Shadow Ball|p1a: Ho-Oh\n|-damage|p1a: Ho-Oh|74/100\n|move|p1b: Flutter Mane|Moonblast|p2a: Flutter Mane\n|-enditem|p2a: Flutter Mane|Focus Sash\n|-damage|p2a: Flutter Mane|1/100\n|-unboost|p2a: Flutter Mane|spa|1\n|move|p2b: Gastrodon|Clear Smog|p1b: Flutter Mane\n|-supereffective|p1b: Flutter Mane\n|-crit|p1b: Flutter Mane\n|-damage|p1b: Flutter Mane|41/100\n|-clearboost|p1b: Flutter Mane\n|\n|-weather|SunnyDay|[upkeep]\n|upkeep\n|turn|3\n|inactive|ManuButtowski has 30 seconds left.\n|inactive|PeePooBum has 30 seconds left.\n|inactive|ManuButtowski has 20 seconds left.\n|inactive|PeePooBum has 20 seconds left.\n|inactive|PeePooBum has 15 seconds left.\n|\n|t:|1745972879\n|-end|p1b: Flutter Mane|Protosynthesis|[silent]\n|switch|p1b: Raging Bolt|Raging Bolt, L50|100/100\n|-activate|p1b: Raging Bolt|ability: Protosynthesis\n|-start|p1b: Raging Bolt|protosynthesisspa\n|move|p2a: Flutter Mane|Protect|p2a: Flutter Mane\n|-singleturn|p2a: Flutter Mane|Protect\n|move|p1a: Ho-Oh|Sacred Fire|p2a: Flutter Mane\n|-activate|p2a: Flutter Mane|move: Protect\n|move|p2b: Gastrodon|Clear Smog|p1b: Raging Bolt\n|-damage|p1b: Raging Bolt|94/100\n|-clearboost|p1b: Raging Bolt\n|\n|-weather|SunnyDay|[upkeep]\n|upkeep\n|turn|4\n|\n|t:|1745972901\n|-end|p2a: Flutter Mane|Protosynthesis|[silent]\n|switch|p2a: Ogerpon|Ogerpon-Cornerstone, L50, F|100/100\n|move|p1b: Raging Bolt|Thunderclap||[still]\n|-fail|p1b: Raging Bolt\n|move|p1a: Ho-Oh|Life Dew|p1a: Ho-Oh|[spread] p1a,p1b\n|-heal|p1a: Ho-Oh|99/100\n|-heal|p1b: Raging Bolt|100/100\n|move|p2b: Gastrodon|Yawn|p1b: Raging Bolt\n|-start|p1b: Raging Bolt|move: Yawn|[of] p2b: Gastrodon\n|\n|-weather|SunnyDay|[upkeep]\n|upkeep\n|turn|5\n|inactive|PeePooBum has 30 seconds left.\n|\n|t:|1745972928\n|-end|p1b: Raging Bolt|Protosynthesis|[silent]\n|switch|p1b: Koraidon|Koraidon, L50|100/100\n|-activate|p1b: Koraidon|ability: Orichalcum Pulse\n|move|p1a: Ho-Oh|Protect|p1a: Ho-Oh\n|-singleturn|p1a: Ho-Oh|Protect\n|move|p2a: Ogerpon|Ivy Cudgel|p1a: Ho-Oh|[anim] Ivy Cudgel Rock\n|-activate|p1a: Ho-Oh|move: Protect\n|move|p2b: Gastrodon|Yawn|p1a: Ho-Oh\n|-activate|p1a: Ho-Oh|move: Protect\n|\n|-weather|none\n|upkeep\n|turn|6\n|\n|t:|1745972949\n|switch|p1a: Raging Bolt|Raging Bolt, L50|100/100\n|move|p2a: Ogerpon|Spiky Shield|p2a: Ogerpon\n|-singleturn|p2a: Ogerpon|move: Protect\n|move|p1b: Koraidon|Collision Course|p2a: Ogerpon\n|-activate|p2a: Ogerpon|move: Protect\n|-damage|p1b: Koraidon|88/100|[from] Spiky Shield|[of] p2a: Ogerpon\n|move|p2b: Gastrodon|Yawn|p1b: Koraidon\n|-start|p1b: Koraidon|move: Yawn|[of] p2b: Gastrodon\n|\n|upkeep\n|turn|7\n|inactive|ManuButtowski has 30 seconds left.\n|inactive|ManuButtowski has 20 seconds left.\n|\n|t:|1745972984\n|switch|p2a: Koraidon|Koraidon, L50|100/100\n|-weather|SunnyDay|[from] ability: Orichalcum Pulse|[of] p2a: Koraidon\n|-activate|p1a: Raging Bolt|ability: Protosynthesis\n|-start|p1a: Raging Bolt|protosynthesisspa\n|-activate|p2a: Koraidon|Orichalcum Pulse|[source]\n|move|p1b: Koraidon|Collision Course|p2b: Gastrodon\n|-damage|p2b: Gastrodon|25/100\n|move|p1a: Raging Bolt|Draco Meteor|p2b: Gastrodon\n|-damage|p2b: Gastrodon|0 fnt\n|-unboost|p1a: Raging Bolt|spa|2\n|faint|p2b: Gastrodon\n|\n|-weather|SunnyDay|[upkeep]\n|-end|p1b: Koraidon|move: Yawn|[silent]\n|-status|p1b: Koraidon|slp\n|upkeep\n|\n|t:|1745973002\n|switch|p2b: Flutter Mane|Flutter Mane, L50|1/100\n|-activate|p2b: Flutter Mane|ability: Protosynthesis\n|-start|p2b: Flutter Mane|protosynthesisspe\n|turn|8\n|inactive|PeePooBum has 30 seconds left.\n|\n|t:|1745973028\n|switch|p1b: Flutter Mane|Flutter Mane, L50, tera:Fairy|41/100\n|-activate|p1b: Flutter Mane|ability: Protosynthesis\n|-start|p1b: Flutter Mane|protosynthesisspe\n|move|p1a: Raging Bolt|Thunderclap|p2b: Flutter Mane\n|-damage|p2b: Flutter Mane|0 fnt\n|faint|p2b: Flutter Mane\n|-end|p2b: Flutter Mane|Protosynthesis|[silent]\n|move|p2a: Koraidon|Collision Course|p1a: Raging Bolt\n|-damage|p1a: Raging Bolt|40/100\n|\n|-weather|SunnyDay|[upkeep]\n|upkeep\n|\n|t:|1745973042\n|switch|p2b: Ogerpon|Ogerpon-Cornerstone, L50, F|100/100\n|turn|9\n|inactive|ManuButtowski has 30 seconds left.\n|inactive|ManuButtowski has 20 seconds left.\n|\n|t:|1745973077\n|-terastallize|p2a: Koraidon|Fire\n|move|p1a: Raging Bolt|Thunderclap|p2b: Ogerpon\n|-resisted|p2b: Ogerpon\n|-damage|p2b: Ogerpon|88/100\n|move|p1b: Flutter Mane|Dazzling Gleam|p2a: Koraidon|[spread] p2a,p2b\n|-resisted|p2a: Koraidon\n|-damage|p2a: Koraidon|67/100\n|-damage|p2b: Ogerpon|10/100\n|move|p2a: Koraidon|Collision Course|p1a: Raging Bolt\n|-damage|p1a: Raging Bolt|0 fnt\n|faint|p1a: Raging Bolt\n|-end|p1a: Raging Bolt|Protosynthesis|[silent]\n|move|p2b: Ogerpon|Ivy Cudgel|p1b: Flutter Mane|[anim] Ivy Cudgel Rock\n|-damage|p1b: Flutter Mane|0 fnt\n|faint|p1b: Flutter Mane\n|-end|p1b: Flutter Mane|Protosynthesis|[silent]\n|\n|-weather|SunnyDay|[upkeep]\n|upkeep\n|\n|t:|1745973093\n|switch|p1b: Koraidon|Koraidon, L50|88/100 slp\n|switch|p1a: Ho-Oh|Ho-Oh, L50|100/100\n|-activate|p1b: Koraidon|ability: Orichalcum Pulse\n|turn|10\n|\n|t:|1745973119\n|move|p1a: Ho-Oh|Protect|p1a: Ho-Oh\n|-singleturn|p1a: Ho-Oh|Protect\n|move|p2a: Koraidon|Flare Blitz|p1b: Koraidon\n|-resisted|p1b: Koraidon\n|-damage|p1b: Koraidon|34/100 slp\n|-damage|p2a: Koraidon|48/100|[from] Recoil\n|cant|p1b: Koraidon|slp\n|move|p2b: Ogerpon|Ivy Cudgel|p1a: Ho-Oh|[anim] Ivy Cudgel Rock\n|-activate|p1a: Ho-Oh|move: Protect\n|\n|-weather|SunnyDay|[upkeep]\n|upkeep\n|turn|11\n|\n|t:|1745973143\n|cant|p1b: Koraidon|slp\n|move|p2a: Koraidon|Flare Blitz|p1b: Koraidon\n|-resisted|p1b: Koraidon\n|-damage|p1b: Koraidon|0 fnt\n|faint|p1b: Koraidon\n|-damage|p2a: Koraidon|36/100|[from] Recoil\n|move|p2b: Ogerpon|Ivy Cudgel|p1a: Ho-Oh|[anim] Ivy Cudgel Rock\n|-supereffective|p1a: Ho-Oh\n|-damage|p1a: Ho-Oh|0 fnt\n|faint|p1a: Ho-Oh\n|\n|win|PeePooBum\n|inactive|ManuButtowski has 30 seconds to confirm battle start!\n|inactive|PeePooBum has 30 seconds to confirm battle start!\n||ManuButtowski is ready for game 3.\n|l|\u2606PeePooBum\n|player|p2|\n|inactive|PeePooBum has 20 seconds to confirm battle start!\n|inactive|PeePooBum has 10 seconds to confirm battle start!\n|uhtml|next|Next: <a href=\"/battle-gen9vgc2025regibo3-2353601461\"><strong>Game 3 of 3</strong></a>\n|l|\u2606ManuButtowski\n|player|p1|\n", "uploadtime": 1745973453, "views": 6, "formatid": "gen9vgc2025regibo3", "rating": null, "private": 0, "password": null}