{"id": "gen9vgc2025regibo3-2354981176", "format": "[Gen 9] VGC 2025 Reg I (Bo3)", "players": ["AUBrigade", "laron13"], "log": "|j|\u2606AUBrigade\n|j|\u2606laron13\n|html|<table width=\"100%\"><tr><td align=\"left\">AUBrigade</td><td align=\"right\">laron13</tr><tr><td align=\"left\"><i class=\"fa fa-circle-o\"></i> <i class=\"fa fa-circle-o\"></i> </td><td align=\"right\"><i class=\"fa fa-circle-o\"></i> <i class=\"fa fa-circle-o\"></i> </tr></table>\n|uhtml|bestof|<h2><strong>Game 1</strong> of <a href=\"/game-bestof3-gen9vgc2025regibo3-2354981175\">a best-of-3</a></h2>\n|t:|1746138292\n|gametype|doubles\n|player|p1|AUBrigade|morty|1201\n|player|p2|laron13|102|1088\n|teamsize|p1|6\n|teamsize|p2|6\n|gen|9\n|tier|[Gen 9] VGC 2025 Reg I (Bo3)\n|rated|\n|rule|Species Clause: Limit one of each Pok\u00e9mon\n|rule|Item Clause: Limit 1 of each item\n|clearpoke\n|poke|p1|Miraidon, L50|\n|poke|p1|Ho-Oh, L50|\n|poke|p1|Farigiraf, L50, M|\n|poke|p1|Iron Hands, L50|\n|poke|p1|Iron Valiant, L50|\n|poke|p1|Iron Treads, L50|\n|poke|p2|Giratina-Origin, L50|\n|poke|p2|Zamazenta-*, L50|\n|poke|p2|Iron Moth, L50|\n|poke|p2|Brute Bonnet, L50|\n|poke|p2|Suicune, L50|\n|poke|p2|Farigiraf, L50, M|\n|teampreview|4\n|showteam|p1|Miraidon||ChoiceSpecs|HadronEngine|VoltSwitch,ElectroDrift,DracoMeteor,DazzlingGleam||||||50|,,,,,Fairy]Ho-Oh||ClearAmulet|Regenerator|SacredFire,BraveBird,Tailwind,Protect||||||50|,,,,,Grass]Farigiraf||ElectricSeed|ArmorTail|Protect,PsychicNoise,TrickRoom,HelpingHand|||M|||50|,,,,,Water]Iron Hands||AssaultVest|QuarkDrive|LowKick,WildCharge,FakeOut,DrainPunch||||||50|,,,,,Bug]Iron Valiant||FocusSash|QuarkDrive|WideGuard,Coaching,SpiritBreak,ThunderWave||||||50|,,,,,Ghost]Iron Treads||LifeOrb|QuarkDrive|HighHorsepower,Earthquake,Protect,IronHead||||||50|,,,,,Ground\n|showteam|p2|Giratina-Origin||GriseousCore|Levitate|Poltergeist,DragonClaw,ShadowSneak,Protect||||||50|,,,,,Fire]Zamazenta-Crowned||RustedShield|DauntlessShield|behemothbash,BodyPress,WideGuard,Protect||||||50|,,,,,Dragon]Iron Moth||BoosterEnergy|QuarkDrive|FieryDance,SludgeWave,EnergyBall,Protect||||||50|,,,,,Grass]Brute Bonnet||SitrusBerry|Protosynthesis|SeedBomb,SuckerPunch,Spore,Protect||||||50|,,,,,Poison]Suicune||SafetyGoggles|InnerFocus|IcyWind,Scald,Tailwind,Protect||||||50|,,,,,Dragon]Farigiraf||RockyHelmet|ArmorTail|FoulPlay,HelpingHand,TrickRoom,Imprison|||M|||50|,,,,,Fairy\n|inactive|Battle timer is ON: inactive players will automatically lose when time's up. (requested by laron13)\n|\n|t:|1746138376\n|start\n|switch|p1a: Iron Valiant|Iron Valiant, L50|100/100\n|switch|p1b: Ho-Oh|Ho-Oh, L50|100/100\n|switch|p2a: Giratina|Giratina-Origin, L50|100/100\n|switch|p2b: Suicune|Suicune, L50|100/100\n|turn|1\n|inactive|AUBrigade has 30 seconds left.\n|\n|t:|1746138405\n|switch|p1b: Miraidon|Miraidon, L50|100/100\n|-fieldstart|move: Electric Terrain|[from] ability: Hadron Engine|[of] p1b: Miraidon\n|-activate|p1a: Iron Valiant|ability: Quark Drive\n|-start|p1a: Iron Valiant|quarkdrivespe\n|move|p2a: Giratina|Protect|p2a: Giratina\n|-singleturn|p2a: Giratina|Protect\n|move|p1a: Iron Valiant|Coaching|p1b: Miraidon\n|-boost|p1b: Miraidon|atk|1\n|-boost|p1b: Miraidon|def|1\n|move|p2b: Suicune|Icy Wind|p1b: Miraidon|[spread] p1b\n|-miss|p2b: Suicune|p1a: Iron Valiant\n|-supereffective|p1b: Miraidon\n|-crit|p1b: Miraidon\n|-damage|p1b: Miraidon|74/100\n|-unboost|p1b: Miraidon|spe|1\n|\n|upkeep\n|turn|2\n|inactive|AUBrigade has 30 seconds left.\n|inactive|laron13 has 30 seconds left.\n|inactive|AUBrigade has 20 seconds left.\n|inactive|laron13 has 20 seconds left.\n|inactive|AUBrigade has 15 seconds left.\n|inactive|laron13 has 15 seconds left.\n|inactive|AUBrigade has 10 seconds left.\n|inactive|laron13 has 10 seconds left.\n|inactive|laron13 has 5 seconds left.\n|\n|t:|1746138460\n|-terastallize|p1b: Miraidon|Fairy\n|move|p1a: Iron Valiant|Thunder Wave|p2a: Giratina\n|-status|p2a: Giratina|par\n|move|p1b: Miraidon|Dazzling Gleam|p2a: Giratina|[spread] p2a,p2b\n|-supereffective|p2a: Giratina\n|-damage|p2a: Giratina|9/100 par\n|-damage|p2b: Suicune|60/100\n|move|p2b: Suicune|Icy Wind|p1a: Iron Valiant|[spread] p1a\n|-miss|p2b: Suicune|p1b: Miraidon\n|-damage|p1a: Iron Valiant|86/100\n|-unboost|p1a: Iron Valiant|spe|1\n|move|p2a: Giratina|Poltergeist|p1b: Miraidon|[miss]\n|-miss|p2a: Giratina|p1b: Miraidon\n|\n|upkeep\n|turn|3\n|\n|t:|1746138481\n|move|p2a: Giratina|Shadow Sneak|p1b: Miraidon\n|-damage|p1b: Miraidon|55/100\n|move|p1a: Iron Valiant|Spirit Break|p2b: Suicune\n|-damage|p2b: Suicune|36/100\n|-unboost|p2b: Suicune|spa|1\n|move|p1b: Miraidon|Dazzling Gleam|p2a: Giratina|[spread] p2a,p2b\n|-supereffective|p2a: Giratina\n|-damage|p2a: Giratina|0 fnt\n|-damage|p2b: Suicune|0 fnt\n|faint|p2a: Giratina\n|faint|p2b: Suicune\n|\n|upkeep\n|\n|t:|1746138489\n|switch|p2a: Iron Moth|Iron Moth, L50|100/100\n|switch|p2b: Zamazenta|Zamazenta-Crowned, L50|100/100\n|-ability|p2b: Zamazenta|Dauntless Shield|boost\n|-boost|p2b: Zamazenta|def|1\n|-activate|p2a: Iron Moth|ability: Quark Drive\n|-start|p2a: Iron Moth|quarkdrivespa\n|turn|4\n|inactive|AUBrigade has 30 seconds left.\n|inactive|laron13 has 30 seconds left.\n|\n|t:|1746138523\n|switch|p1b: Ho-Oh|Ho-Oh, L50|100/100\n|move|p2b: Zamazenta|Behemoth Bash|p1a: Iron Valiant\n|-supereffective|p1a: Iron Valiant\n|-damage|p1a: Iron Valiant|15/100\n|move|p2a: Iron Moth|Fiery Dance|p1b: Ho-Oh\n|-resisted|p1b: Ho-Oh\n|-damage|p1b: Ho-Oh|83/100\n|move|p1a: Iron Valiant|Thunder Wave|p2a: Iron Moth\n|-status|p2a: Iron Moth|par\n|\n|upkeep\n|turn|5\n|\n|t:|1746138545\n|move|p2b: Zamazenta|Protect|p2b: Zamazenta\n|-singleturn|p2b: Zamazenta|Protect\n|move|p1a: Iron Valiant|Coaching|p1b: Ho-Oh\n|-boost|p1b: Ho-Oh|atk|1\n|-boost|p1b: Ho-Oh|def|1\n|move|p1b: Ho-Oh|Tailwind|p1b: Ho-Oh\n|-sidestart|p1: AUBrigade|move: Tailwind\n|move|p2a: Iron Moth|Sludge Wave|p1a: Iron Valiant|[spread] p1a,p1b\n|-activate|p2b: Zamazenta|move: Protect\n|-supereffective|p1a: Iron Valiant\n|-damage|p1a: Iron Valiant|0 fnt\n|-damage|p1b: Ho-Oh|51/100\n|faint|p1a: Iron Valiant\n|-end|p1a: Iron Valiant|Quark Drive|[silent]\n|\n|-fieldend|move: Electric Terrain\n|-end|p2a: Iron Moth|Quark Drive\n|upkeep\n|-enditem|p2a: Iron Moth|Booster Energy\n|-activate|p2a: Iron Moth|ability: Quark Drive|[fromitem]\n|-start|p2a: Iron Moth|quarkdrivespa\n|\n|t:|1746138560\n|switch|p1a: Miraidon|Miraidon, L50, tera:Fairy|55/100\n|-fieldstart|move: Electric Terrain|[from] ability: Hadron Engine|[of] p1a: Miraidon\n|turn|6\n|\n|t:|1746138578\n|-terastallize|p2a: Iron Moth|Grass\n|move|p1a: Miraidon|Electro Drift|p2a: Iron Moth\n|-resisted|p2a: Iron Moth\n|-damage|p2a: Iron Moth|27/100 par\n|move|p1b: Ho-Oh|Sacred Fire|p2b: Zamazenta\n|-supereffective|p2b: Zamazenta\n|-damage|p2b: Zamazenta|38/100\n|move|p2b: Zamazenta|Body Press|p1b: Ho-Oh\n|-resisted|p1b: Ho-Oh\n|-damage|p1b: Ho-Oh|36/100\n|move|p2a: Iron Moth|Sludge Wave|p1b: Ho-Oh|[spread] p1a,p1b\n|-immune|p2b: Zamazenta\n|-supereffective|p1a: Miraidon\n|-damage|p1a: Miraidon|0 fnt\n|-damage|p1b: Ho-Oh|8/100\n|faint|p1a: Miraidon\n|\n|upkeep\n|\n|t:|1746138594\n|switch|p1a: Iron Hands|Iron Hands, L50|100/100\n|-activate|p1a: Iron Hands|ability: Quark Drive\n|-start|p1a: Iron Hands|quarkdriveatk\n|turn|7\n|\n|t:|1746138611\n|move|p2b: Zamazenta|Protect|p2b: Zamazenta\n|-singleturn|p2b: Zamazenta|Protect\n|move|p2a: Iron Moth|Protect|p2a: Iron Moth\n|-singleturn|p2a: Iron Moth|Protect\n|move|p1b: Ho-Oh|Brave Bird|p2a: Iron Moth\n|-activate|p2a: Iron Moth|move: Protect\n|move|p1a: Iron Hands|Low Kick|p2b: Zamazenta\n|-activate|p2b: Zamazenta|move: Protect\n|\n|upkeep\n|turn|8\n|\n|t:|1746138626\n|move|p1b: Ho-Oh|Brave Bird|p2a: Iron Moth\n|-supereffective|p2a: Iron Moth\n|-damage|p2a: Iron Moth|0 fnt\n|faint|p2a: Iron Moth\n|-end|p2a: Iron Moth|Quark Drive|[silent]\n|-damage|p1b: Ho-Oh|1/100|[from] Recoil\n|move|p2b: Zamazenta|Body Press|p1a: Iron Hands\n|-damage|p1a: Iron Hands|63/100\n|move|p1a: Iron Hands|Low Kick|p2b: Zamazenta\n|-supereffective|p2b: Zamazenta\n|-damage|p2b: Zamazenta|0 fnt\n|faint|p2b: Zamazenta\n|\n|win|AUBrigade\n||laron13 is ready for game 2.\n||AUBrigade is ready for game 2.\n|uhtml|next|Next: <a href=\"/battle-gen9vgc2025regibo3-2354984222\"><strong>Game 2 of 3</strong></a>\n", "uploadtime": 1746139016, "views": 4, "formatid": "gen9vgc2025regibo3", "rating": null, "private": 0, "password": null}