{"id": "gen9vgc2025regibo3-2354405478", "format": "[Gen 9] VGC 2025 Reg I (Bo3)", "players": ["gingerv", "pwendolyn"], "log": "|j|\u2606gingerv\n|j|\u2606pwendolyn\n|html|<table width=\"100%\"><tr><td align=\"left\">gingerv</td><td align=\"right\">pwendolyn</tr><tr><td align=\"left\"><i class=\"fa fa-circle\"></i> <i class=\"fa fa-circle-o\"></i> </td><td align=\"right\"><i class=\"fa fa-circle-o\"></i> <i class=\"fa fa-circle\"></i> </tr></table>\n|uhtml|bestof|<h2><strong>Game 3</strong> of <a href=\"/game-bestof3-gen9vgc2025regibo3-2354400998\">a best-of-3</a></h2>\n|t:|1746067370\n|gametype|doubles\n|player|p1|gingerv|102|\n|player|p2|pwendolyn|acetrainersnowf|\n|teamsize|p1|6\n|teamsize|p2|6\n|gen|9\n|tier|[Gen 9] VGC 2025 Reg I (Bo3)\n|rule|Species Clause: Limit one of each Pok\u00e9mon\n|rule|Item Clause: Limit 1 of each item\n|clearpoke\n|poke|p1|Calyrex-Shadow, L50|\n|poke|p1|Terapagos, L50, M|\n|poke|p1|Rillaboom, L50, M|\n|poke|p1|Incineroar, L50, F|\n|poke|p1|Urshifu-*, L50, F|\n|poke|p1|Amoonguss, L50, F|\n|poke|p2|Miraidon, L50|\n|poke|p2|Farigiraf, L50, M|\n|poke|p2|Kyogre, L50|\n|poke|p2|Overqwil, L50, M|\n|poke|p2|Tornadus, L50, M|\n|poke|p2|Landorus, L50, M|\n|teampreview|4\n|showteam|p1|Calyrex-Shadow||FocusSash|AsOneSpectrier|AstralBarrage,Encore,Disable,Protect||||||50|,,,,,Ghost]Terapagos||Leftovers|TeraShift|TeraStarstorm,EarthPower,CalmMind,Protect|||M|||50|,,,,,Stellar]Rillaboom||AssaultVest|GrassySurge|WoodHammer,GrassyGlide,FakeOut,Uturn|||M|||50|,,,,,Fire]Incineroar||SafetyGoggles|Intimidate|KnockOff,WillOWisp,FakeOut,PartingShot|||F|||50|,,,,,Water]Urshifu-Rapid-Strike||ChoiceScarf|UnseenFist|CloseCombat,SurgingStrikes,Uturn,AquaJet|||F|||50|,,,,,Water]Amoonguss||RockyHelmet|Regenerator|SludgeBomb,RagePowder,Spore,Protect|||F|||50|,,,,,Water\n|showteam|p2|Miraidon||ChoiceSpecs|HadronEngine|ElectroDrift,DracoMeteor,VoltSwitch,DazzlingGleam||||||50|,,,,,Fairy]Farigiraf||ElectricSeed|ArmorTail|FoulPlay,Psychic,TrickRoom,Protect|||M|||50|,,,,,Grass]Kyogre||MysticWater|Drizzle|WaterSpout,OriginPulse,Thunder,Protect||||||50|,,,,,Ghost]Overqwil||FocusSash|SwiftSwim|GunkShot,ThroatChop,AcidSpray,Protect|||M|||50|,,,,,Stellar]Tornadus||CovertCloak|Prankster|Tailwind,BleakwindStorm,Taunt,RainDance|||M|||50|,,,,,Dark]Landorus||LifeOrb|SheerForce|SandsearStorm,SludgeBomb,EarthPower,Protect|||M|||50|,,,,,Steel\n|\n|t:|1746067403\n|start\n|switch|p1a: Calyrex|Calyrex-Shadow, L50|100/100\n|switch|p1b: Rillaboom|Rillaboom, L50, M|100/100\n|switch|p2a: Kyogre|Kyogre, L50|100/100\n|switch|p2b: Tornadus|Tornadus, L50, M|100/100\n|-ability|p1a: Calyrex|As One\n|-ability|p1a: Calyrex|Unnerve\n|-weather|RainDance|[from] ability: Drizzle|[of] p2a: Kyogre\n|-fieldstart|move: Grassy Terrain|[from] ability: Grassy Surge|[of] p1b: Rillaboom\n|turn|1\n|\n|t:|1746067428\n|-terastallize|p2a: Kyogre|Ghost\n|move|p2b: Tornadus|Tailwind|p2b: Tornadus\n|-sidestart|p2: pwendolyn|move: Tailwind\n|move|p2a: Kyogre|Water Spout|p1b: Rillaboom|[spread] p1a,p1b\n|-resisted|p1b: Rillaboom\n|-enditem|p1a: Calyrex|Focus Sash\n|-damage|p1a: Calyrex|1/100\n|-damage|p1b: Rillaboom|67/100\n|move|p1a: Calyrex|Encore|p2b: Tornadus\n|-start|p2b: Tornadus|Encore\n|move|p1b: Rillaboom|U-turn|p2b: Tornadus\n|-resisted|p2b: Tornadus\n|-damage|p2b: Tornadus|87/100\n|j| saltgamble\n|\n|t:|1746067439\n|switch|p1b: Terapagos|Terapagos, L50, M|100/100|[from] U-turn\n|-activate|p1b: Terapagos|ability: Tera Shift\n|detailschange|p1b: Terapagos|Terapagos-Terastal, L50, M\n|-heal|p1b: Terapagos|100/100|[silent]\n|\n|-weather|RainDance|[upkeep]\n|-heal|p1a: Calyrex|7/100|[from] Grassy Terrain\n|upkeep\n|turn|2\n|\n|t:|1746067457\n|switch|p2b: Landorus|Landorus, L50, M|100/100\n|move|p1a: Calyrex|Protect|p1a: Calyrex\n|-singleturn|p1a: Calyrex|Protect\n|move|p2a: Kyogre|Water Spout|p1b: Terapagos|[spread] p1b\n|-activate|p1a: Calyrex|move: Protect\n|-activate|p1b: Terapagos|ability: Tera Shell\n|-resisted|p1b: Terapagos\n|-damage|p1b: Terapagos|52/100\n|move|p1b: Terapagos|Calm Mind|p1b: Terapagos\n|-boost|p1b: Terapagos|spa|1\n|-boost|p1b: Terapagos|spd|1\n|\n|-weather|RainDance|[upkeep]\n|-heal|p1a: Calyrex|12/100|[from] Grassy Terrain\n|-heal|p1b: Terapagos|58/100|[from] Grassy Terrain\n|-heal|p1b: Terapagos|64/100|[from] item: Leftovers\n|upkeep\n|turn|3\n|\n|t:|1746067467\n|switch|p1a: Amoonguss|Amoonguss, L50, F|100/100\n|move|p1b: Terapagos|Protect|p1b: Terapagos\n|-singleturn|p1b: Terapagos|Protect\n|move|p2b: Landorus|Earth Power|p1b: Terapagos\n|-activate|p1b: Terapagos|move: Protect\n|move|p2a: Kyogre|Water Spout|p1a: Amoonguss|[spread] p1a\n|-activate|p1b: Terapagos|move: Protect\n|-resisted|p1a: Amoonguss\n|-damage|p1a: Amoonguss|44/100\n|\n|-weather|RainDance|[upkeep]\n|-heal|p1b: Terapagos|70/100|[from] Grassy Terrain\n|-heal|p1b: Terapagos|77/100|[from] item: Leftovers\n|-heal|p1a: Amoonguss|50/100|[from] Grassy Terrain\n|upkeep\n|turn|4\n|\n|t:|1746067478\n|-terastallize|p1b: Terapagos|Stellar\n|detailschange|p1b: Terapagos|Terapagos-Stellar, L50, M, tera:Stellar\n|-heal|p1b: Terapagos|83/100|[silent]\n|-ability|p1b: Terapagos|Teraform Zero\n|-weather|none\n|-fieldend|move: Grassy Terrain\n|move|p1a: Amoonguss|Rage Powder|p1a: Amoonguss\n|-singleturn|p1a: Amoonguss|move: Rage Powder\n|move|p2b: Landorus|Sandsear Storm|p1a: Amoonguss|[spread] p1a,p1b\n|-damage|p1a: Amoonguss|0 fnt\n|-damage|p1b: Terapagos|55/100\n|faint|p1a: Amoonguss\n|move|p2a: Kyogre|Water Spout|p1b: Terapagos\n|-damage|p1b: Terapagos|9/100\n|move|p1b: Terapagos|Tera Starstorm|p2a: Kyogre|[spread] p2a,p2b\n|-supereffective|p2a: Kyogre\n|-damage|p2a: Kyogre|40/100\n|-damage|p2b: Landorus|38/100\n|\n|-heal|p1b: Terapagos|16/100|[from] item: Leftovers\n|-sideend|p2: pwendolyn|move: Tailwind\n|upkeep\n|\n|t:|1746067491\n|switch|p1a: Calyrex|Calyrex-Shadow, L50|12/100\n|-ability|p1a: Calyrex|As One\n|-ability|p1a: Calyrex|Unnerve\n|turn|5\n|\n|t:|1746067502\n|move|p1a: Calyrex|Protect|p1a: Calyrex\n|-singleturn|p1a: Calyrex|Protect\n|move|p2a: Kyogre|Protect|p2a: Kyogre\n|-singleturn|p2a: Kyogre|Protect\n|move|p1b: Terapagos|Protect|p1b: Terapagos\n|-singleturn|p1b: Terapagos|Protect\n|move|p2b: Landorus|Sandsear Storm|p1a: Calyrex|[spread] \n|-activate|p1a: Calyrex|move: Protect\n|-activate|p1b: Terapagos|move: Protect\n|\n|-heal|p1b: Terapagos|22/100|[from] item: Leftovers\n|upkeep\n|turn|6\n|\n|t:|1746067508\n|move|p2b: Landorus|Protect|p2b: Landorus\n|-singleturn|p2b: Landorus|Protect\n|move|p1a: Calyrex|Astral Barrage|p2a: Kyogre|[spread] p2a\n|-activate|p2b: Landorus|move: Protect\n|-supereffective|p2a: Kyogre\n|-damage|p2a: Kyogre|0 fnt\n|faint|p2a: Kyogre\n|-ability|p1a: Calyrex|Grim Neigh|boost\n|-boost|p1a: Calyrex|spa|1\n|move|p1b: Terapagos|Calm Mind|p1b: Terapagos\n|-boost|p1b: Terapagos|spa|1\n|-boost|p1b: Terapagos|spd|1\n|\n|-heal|p1b: Terapagos|28/100|[from] item: Leftovers\n|upkeep\n|\n|t:|1746067514\n|switch|p2a: Tornadus|Tornadus, L50, M|87/100\n|turn|7\n|\n|t:|1746067538\n|move|p2a: Tornadus|Tailwind|p2a: Tornadus\n|-sidestart|p2: pwendolyn|move: Tailwind\n|move|p2b: Landorus|Sandsear Storm|p1a: Calyrex|[spread] p1a,p1b\n|-damage|p1a: Calyrex|0 fnt\n|-damage|p1b: Terapagos|8/100\n|faint|p1a: Calyrex\n|move|p1b: Terapagos|Tera Starstorm|p2b: Landorus|[spread] p2a,p2b\n|-damage|p2a: Tornadus|14/100\n|-damage|p2b: Landorus|0 fnt\n|faint|p2b: Landorus\n|\n|-heal|p1b: Terapagos|14/100|[from] item: Leftovers\n|upkeep\n|\n|t:|1746067546\n|switch|p1a: Rillaboom|Rillaboom, L50, M|67/100\n|switch|p2b: Miraidon|Miraidon, L50|100/100\n|-fieldstart|move: Electric Terrain|[from] ability: Hadron Engine|[of] p2b: Miraidon\n|-fieldstart|move: Grassy Terrain|[from] ability: Grassy Surge|[of] p1a: Rillaboom\n|turn|8\n|\n|t:|1746067560\n|move|p1a: Rillaboom|Fake Out|p2b: Miraidon\n|-damage|p2b: Miraidon|88/100\n|cant|p2b: Miraidon|flinch\n|move|p2a: Tornadus|Bleakwind Storm|p1a: Rillaboom|[spread] p1a,p1b\n|-supereffective|p1a: Rillaboom\n|-damage|p1a: Rillaboom|31/100\n|-damage|p1b: Terapagos|2/100\n|move|p1b: Terapagos|Tera Starstorm|p2b: Miraidon|[spread] p2a,p2b\n|-damage|p2a: Tornadus|0 fnt\n|-damage|p2b: Miraidon|29/100\n|faint|p2a: Tornadus\n|\n|-heal|p2b: Miraidon|35/100|[from] Grassy Terrain\n|-heal|p1b: Terapagos|9/100|[from] Grassy Terrain\n|-heal|p1b: Terapagos|15/100|[from] item: Leftovers\n|-heal|p1a: Rillaboom|37/100|[from] Grassy Terrain\n|upkeep\n|turn|9\n|\n|t:|1746067571\n|move|p1b: Terapagos|Protect|p1b: Terapagos\n|-singleturn|p1b: Terapagos|Protect\n|move|p1a: Rillaboom|Grassy Glide|p2b: Miraidon\n|-resisted|p2b: Miraidon\n|-damage|p2b: Miraidon|18/100\n|move|p2b: Miraidon|Draco Meteor|p1b: Terapagos\n|-activate|p1b: Terapagos|move: Protect\n|\n|-heal|p2b: Miraidon|24/100|[from] Grassy Terrain\n|-heal|p1b: Terapagos|21/100|[from] Grassy Terrain\n|-heal|p1b: Terapagos|27/100|[from] item: Leftovers\n|-heal|p1a: Rillaboom|43/100|[from] Grassy Terrain\n|upkeep\n|turn|10\n|\n|t:|1746067579\n|move|p2b: Miraidon|Draco Meteor|p1b: Terapagos\n|-damage|p1b: Terapagos|0 fnt\n|-unboost|p2b: Miraidon|spa|2\n|faint|p1b: Terapagos\n|move|p1a: Rillaboom|Wood Hammer|p2b: Miraidon\n|-resisted|p2b: Miraidon\n|-damage|p2b: Miraidon|0 fnt\n|faint|p2b: Miraidon\n|-damage|p1a: Rillaboom|36/100|[from] Recoil\n|\n|win|gingerv\n|c|\u2606gingerv|gg\n|l| saltgamble\n|l|\u2606gingerv\n|player|p1|\n", "uploadtime": 1746067649, "views": 13, "formatid": "gen9vgc2025regibo3", "rating": null, "private": 0, "password": null}