{"id": "gen9vgc2025regibo3-2353849525", "format": "[Gen 9] VGC 2025 Reg I (Bo3)", "players": ["astral sun", "Myshirtisdirty"], "log": "|j|\u2606astral sun\n|j|\u2606Myshirtisdirty\n|html|<table width=\"100%\"><tr><td align=\"left\">astral sun</td><td align=\"right\">Myshirtisdirty</tr><tr><td align=\"left\"><i class=\"fa fa-circle\"></i> <i class=\"fa fa-circle-o\"></i> </td><td align=\"right\"><i class=\"fa fa-circle-o\"></i> <i class=\"fa fa-circle\"></i> </tr></table>\n|uhtml|bestof|<h2><strong>Game 3</strong> of <a href=\"/game-bestof3-gen9vgc2025regibo3-2353845929\">a best-of-3</a></h2>\n|t:|1746010008\n|gametype|doubles\n|player|p1|astral sun|blaine|1237\n|player|p2|Myshirtisdirty|169|1170\n|teamsize|p1|6\n|teamsize|p2|6\n|gen|9\n|tier|[Gen 9] VGC 2025 Reg I (Bo3)\n|rated|\n|rule|Species Clause: Limit one of each Pok\u00e9mon\n|rule|Item Clause: Limit 1 of each item\n|clearpoke\n|poke|p1|Koraidon, L50|\n|poke|p1|Calyrex-Shadow, L50|\n|poke|p1|Clefairy, L50, F|\n|poke|p1|Tornadus, L50, M|\n|poke|p1|Rillaboom, L50, F|\n|poke|p1|Ogerpon-Hearthflame, L50, F|\n|poke|p2|Koraidon, L50|\n|poke|p2|Lunala, L50|\n|poke|p2|Chi-Yu, L50|\n|poke|p2|Ursaluna, L50, F|\n|poke|p2|Brute Bonnet, L50|\n|poke|p2|Flutter Mane, L50|\n|teampreview|4\n|showteam|p1|Koraidon||LifeOrb|OrichalcumPulse|FlareBlitz,CloseCombat,Uturn,Protect||||||50|,,,,,Fire]Calyrex-Shadow||SpookyPlate|AsOneSpectrier|AstralBarrage,Psychic,NastyPlot,Protect||||||50|,,,,,Dark]Clefairy||Eviolite|FriendGuard|FollowMe,Protect,HealPulse,HelpingHand|||F|||50|,,,,,Grass]Tornadus||CovertCloak|Prankster|BleakwindStorm,Tailwind,Taunt,SunnyDay|||M|||50|,,,,,Dark]Rillaboom||AssaultVest|GrassySurge|FakeOut,WoodHammer,Uturn,GrassyGlide|||F|||50|,,,,,Water]Ogerpon-Hearthflame||HearthflameMask|MoldBreaker|IvyCudgel,FocusEnergy,FollowMe,SpikyShield|||F|||50|,,,,,Fire\n|showteam|p2|Koraidon||LifeOrb|OrichalcumPulse|FlareBlitz,FlameCharge,CloseCombat,Protect||||||50|,,,,,Fire]Lunala||PowerHerb|ShadowShield|MoongeistBeam,MeteorBeam,WideGuard,TrickRoom||||||50|,,,,,Water]Chi-Yu||ChoiceScarf|BeadsofRuin|Overheat,HeatWave,DarkPulse,Snarl||||||50|,,,,,Ghost]Ursaluna||FlameOrb|Guts|Facade,Earthquake,HeadlongRush,Protect|||F|||50|,,,,,Water]Brute Bonnet||CovertCloak|Protosynthesis|SeedBomb,SuckerPunch,Spore,RagePowder||||||50|,,,,,Water]Flutter Mane||FocusSash|Protosynthesis|Moonblast,IcyWind,ShadowBall,Protect||||||50|,,,,,Normal\n|\n|t:|1746010045\n|start\n|switch|p1a: Calyrex|Calyrex-Shadow, L50|100/100\n|switch|p1b: Ogerpon|Ogerpon-Hearthflame, L50, F|100/100\n|switch|p2a: Lunala|Lunala, L50|100/100\n|switch|p2b: Chi-Yu|Chi-Yu, L50|100/100\n|-ability|p1a: Calyrex|As One\n|-ability|p1a: Calyrex|Unnerve\n|-ability|p2b: Chi-Yu|Beads of Ruin\n|-ability|p1b: Ogerpon|Mold Breaker\n|turn|1\n|l|\u2606astral sun\n|player|p1|\n|j|\u2606astral sun\n|player|p1|astral sun|blaine|\n|\n|t:|1746010087\n|-terastallize|p1a: Calyrex|Dark\n|move|p2b: Chi-Yu|Snarl|p1a: Calyrex|[spread] p1a,p1b\n|-resisted|p1a: Calyrex\n|-damage|p1a: Calyrex|86/100\n|-damage|p1b: Ogerpon|70/100\n|-unboost|p1a: Calyrex|spa|1\n|-unboost|p1b: Ogerpon|spa|1\n|move|p1a: Calyrex|Nasty Plot|p1a: Calyrex\n|-boost|p1a: Calyrex|spa|2\n|move|p1b: Ogerpon|Ivy Cudgel|p2a: Lunala|[anim] Ivy Cudgel Fire\n|-damage|p2a: Lunala|77/100\n|move|p2a: Lunala|Trick Room|p2a: Lunala\n|-fieldstart|move: Trick Room|[of] p2a: Lunala\n|\n|upkeep\n|turn|2\n|\n|t:|1746010103\n|move|p1b: Ogerpon|Follow Me|p1b: Ogerpon\n|-singleturn|p1b: Ogerpon|move: Follow Me\n|move|p2a: Lunala|Meteor Beam||[still]\n|-prepare|p2a: Lunala|Meteor Beam\n|-boost|p2a: Lunala|spa|1\n|-enditem|p2a: Lunala|Power Herb\n|-anim|p2a: Lunala|Meteor Beam|p1b: Ogerpon\n|-supereffective|p1b: Ogerpon\n|-damage|p1b: Ogerpon|0 fnt\n|faint|p1b: Ogerpon\n|move|p1a: Calyrex|Nasty Plot|p1a: Calyrex\n|-boost|p1a: Calyrex|spa|2\n|move|p2b: Chi-Yu|Snarl|p1a: Calyrex\n|-resisted|p1a: Calyrex\n|-damage|p1a: Calyrex|70/100\n|-unboost|p1a: Calyrex|spa|1\n|\n|upkeep\n|\n|t:|1746010108\n|switch|p1b: Clefairy|Clefairy, L50, F|100/100\n|turn|3\n|\n|t:|1746010121\n|move|p2a: Lunala|Wide Guard|p2a: Lunala\n|-singleturn|p2a: Lunala|Wide Guard\n|move|p1b: Clefairy|Heal Pulse|p1a: Calyrex\n|-heal|p1a: Calyrex|100/100\n|move|p1a: Calyrex|Nasty Plot|p1a: Calyrex\n|-boost|p1a: Calyrex|spa|2\n|move|p2b: Chi-Yu|Snarl|p1a: Calyrex|[spread] p1a,p1b\n|-resisted|p1a: Calyrex\n|-resisted|p1b: Clefairy\n|-damage|p1a: Calyrex|91/100\n|-damage|p1b: Clefairy|88/100\n|-unboost|p1a: Calyrex|spa|1\n|-unboost|p1b: Clefairy|spa|1\n|\n|upkeep\n|turn|4\n|\n|t:|1746010162\n|switch|p2b: Ursaluna|Ursaluna, L50, F|100/100\n|move|p2a: Lunala|Wide Guard|p2a: Lunala\n|-singleturn|p2a: Lunala|Wide Guard\n|move|p1b: Clefairy|Heal Pulse|p1a: Calyrex\n|-heal|p1a: Calyrex|100/100\n|move|p1a: Calyrex|Astral Barrage|p2a: Lunala|[spread] \n|-activate|p2a: Lunala|move: Wide Guard\n|-activate|p2b: Ursaluna|move: Wide Guard\n|\n|-status|p2b: Ursaluna|brn|[from] item: Flame Orb\n|upkeep\n|turn|5\n|\n|t:|1746010206\n|move|p1b: Clefairy|Protect|p1b: Clefairy\n|-singleturn|p1b: Clefairy|Protect\n|move|p1a: Calyrex|Protect|p1a: Calyrex\n|-singleturn|p1a: Calyrex|Protect\n|move|p2a: Lunala|Wide Guard|p2a: Lunala\n|-singleturn|p2a: Lunala|Wide Guard\n|move|p2b: Ursaluna|Earthquake|p1b: Clefairy|[spread] \n|-activate|p2a: Lunala|move: Wide Guard\n|-activate|p1a: Calyrex|move: Protect\n|-activate|p1b: Clefairy|move: Protect\n|\n|-damage|p2b: Ursaluna|95/100 brn|[from] brn\n|-fieldend|move: Trick Room\n|upkeep\n|turn|6\n|\n|t:|1746010272\n|switch|p2b: Chi-Yu|Chi-Yu, L50|100/100\n|-ability|p2b: Chi-Yu|Beads of Ruin\n|move|p1b: Clefairy|Helping Hand|p1a: Calyrex\n|-singleturn|p1a: Calyrex|Helping Hand|[of] p1b: Clefairy\n|move|p2a: Lunala|Wide Guard|p2a: Lunala\n|-singleturn|p2a: Lunala|Wide Guard\n|move|p1a: Calyrex|Psychic|p2a: Lunala\n|-resisted|p2a: Lunala\n|-damage|p2a: Lunala|0 fnt\n|faint|p2a: Lunala\n|-ability|p1a: Calyrex|Grim Neigh|boost\n|-boost|p1a: Calyrex|spa|1\n|\n|upkeep\n|\n|t:|1746010295\n|switch|p2a: Koraidon|Koraidon, L50|100/100\n|-weather|SunnyDay|[from] ability: Orichalcum Pulse|[of] p2a: Koraidon\n|-activate|p2a: Koraidon|Orichalcum Pulse|[source]\n|turn|7\n|\n|t:|1746010317\n|move|p1b: Clefairy|Follow Me|p1b: Clefairy\n|-singleturn|p1b: Clefairy|move: Follow Me\n|move|p2b: Chi-Yu|Heat Wave|p1b: Clefairy|[spread] p1a,p1b\n|-damage|p1a: Calyrex|50/100\n|-damage|p1b: Clefairy|16/100\n|move|p1a: Calyrex|Astral Barrage|p2b: Chi-Yu|[spread] p2a,p2b\n|-resisted|p2b: Chi-Yu\n|-damage|p2a: Koraidon|0 fnt\n|-damage|p2b: Chi-Yu|11/100\n|faint|p2a: Koraidon\n|-ability|p1a: Calyrex|Grim Neigh|boost\n|-boost|p1a: Calyrex|spa|1\n|\n|-weather|SunnyDay|[upkeep]\n|upkeep\n|\n|t:|1746010364\n|switch|p2a: Ursaluna|Ursaluna, L50, F|95/100 brn\n|turn|8\n|inactive|Battle timer is ON: inactive players will automatically lose when time's up. (requested by Myshirtisdirty)\n|\n|t:|1746010401\n|switch|p1b: Tornadus|Tornadus, L50, M|100/100\n|move|p1a: Calyrex|Protect|p1a: Calyrex\n|-singleturn|p1a: Calyrex|Protect\n|move|p2b: Chi-Yu|Heat Wave|p1b: Tornadus|[spread] p1b\n|-activate|p1a: Calyrex|move: Protect\n|-damage|p1b: Tornadus|21/100\n|move|p2a: Ursaluna|Facade|p1b: Tornadus\n|-damage|p1b: Tornadus|0 fnt\n|faint|p1b: Tornadus\n|\n|-weather|SunnyDay|[upkeep]\n|-damage|p2a: Ursaluna|89/100 brn|[from] brn\n|upkeep\n|\n|t:|1746010405\n|switch|p1b: Clefairy|Clefairy, L50, F|16/100\n|turn|9\n|\n|t:|1746010420\n|move|p1b: Clefairy|Follow Me|p1b: Clefairy\n|-singleturn|p1b: Clefairy|move: Follow Me\n|move|p2b: Chi-Yu|Heat Wave|p1b: Clefairy|[spread] p1a,p1b\n|-damage|p1a: Calyrex|0 fnt\n|-damage|p1b: Clefairy|0 fnt\n|faint|p1a: Calyrex\n|faint|p1b: Clefairy\n|\n|win|Myshirtisdirty\n|raw|astral sun's rating: 1237 &rarr; <strong>1207</strong><br />(-30 for losing)\n|raw|Myshirtisdirty's rating: 1170 &rarr; <strong>1200</strong><br />(+30 for winning)\n|c|\u2606astral sun|GG Crazy play last turno\n|l|\u2606astral sun\n|player|p1|\n|l|\u2606Myshirtisdirty\n|player|p2|\n|j|\u2606Myshirtisdirty\n|player|p2|Myshirtisdirty|169|\n", "uploadtime": 1746010562, "views": 10, "formatid": "gen9vgc2025regibo3", "rating": 1200, "private": 0, "password": null}