{"id": "gen9vgc2025regibo3-2353527745", "format": "[Gen 9] VGC 2025 Reg I (Bo3)", "players": ["aroswing", "HunterOnShowdown"], "log": "|j|\u2606aroswing\n|j|\u2606HunterOnShowdown\n|html|<table width=\"100%\"><tr><td align=\"left\">aroswing</td><td align=\"right\">HunterOnShowdown</tr><tr><td align=\"left\"><i class=\"fa fa-circle\"></i> <i class=\"fa fa-circle-o\"></i> </td><td align=\"right\"><i class=\"fa fa-circle-o\"></i> <i class=\"fa fa-circle-o\"></i> </tr></table>\n|uhtml|bestof|<h2><strong>Game 2</strong> of <a href=\"/game-bestof3-gen9vgc2025regibo3-2353524692\">a best-of-3</a></h2>\n|t:|1745964733\n|gametype|doubles\n|player|p1|aroswing|marnie|1161\n|player|p2|HunterOnShowdown|hilbert-masters2|1167\n|teamsize|p1|6\n|teamsize|p2|6\n|gen|9\n|tier|[Gen 9] VGC 2025 Reg I (Bo3)\n|rated|\n|rule|Species Clause: Limit one of each Pok\u00e9mon\n|rule|Item Clause: Limit 1 of each item\n|clearpoke\n|poke|p1|Whimsicott, L50, F|\n|poke|p1|Rhydon, L50, M|\n|poke|p1|Flutter Mane, L50|\n|poke|p1|Ho-Oh, L50|\n|poke|p1|Walking Wake, L50|\n|poke|p1|Koraidon, L50|\n|poke|p2|Reshiram, L50|\n|poke|p2|Terapagos, L50, M|\n|poke|p2|Whimsicott, L50, F|\n|poke|p2|Ogerpon-Wellspring, L50, F|\n|poke|p2|Farigiraf, L50, F|\n|poke|p2|Urshifu-*, L50, F|\n|teampreview|4\n|showteam|p1|Whimsicott||CovertCloak|Prankster|Tailwind,Moonblast,LightScreen,SunnyDay|||F|||50|,,,,,Dark]Rhydon||Eviolite|LightningRod|RockSlide,HighHorsepower,TeraBlast,Protect|||M|||50|,,,,,Fairy]Flutter Mane||FocusSash|Protosynthesis|DazzlingGleam,ShadowBall,IcyWind,Protect||||||50|,,,,,Fairy]Ho-Oh||AssaultVest|Regenerator|SacredFire,BraveBird,FlameCharge,TeraBlast||||||50|,,,,,Grass]Walking Wake||BoosterEnergy|Protosynthesis|HydroSteam,DragonPulse,Snarl,Protect||||||50|,,,,,Ground]Koraidon||ClearAmulet|OrichalcumPulse|CloseCombat,FlareBlitz,FlameCharge,Protect||||||50|,,,,,Fire\n|showteam|p2|Reshiram||FlamePlate|Turboblaze|BlueFlare,DracoMeteor,EarthPower,Protect||||||50|,,,,,Fairy]Terapagos||Leftovers|TeraShift|Protect,TeraStarstorm,DarkPulse,CalmMind|||M|||50|,,,,,Stellar]Whimsicott||CovertCloak|Prankster|Tailwind,Moonblast,LightScreen,Encore|||F|||50|,,,,,Dark]Ogerpon-Wellspring||WellspringMask|WaterAbsorb|IvyCudgel,SpikyShield,HornLeech,FollowMe|||F|||50|,,,,,Water]Farigiraf||RockyHelmet|ArmorTail|FoulPlay,TrickRoom,PsychicNoise,HelpingHand|||F|||50|,,,,,Water]Urshifu-Rapid-Strike||MysticWater|UnseenFist|Detect,CloseCombat,SurgingStrikes,Taunt|||F|||50|,,,,,Water\n|inactive|Battle timer is ON: inactive players will automatically lose when time's up. (requested by HunterOnShowdown)\n|inactive|aroswing also wants the timer to be on.\n|inactive|HunterOnShowdown has 60 seconds left.\n|\n|t:|1745964789\n|start\n|switch|p1a: Koraidon|Koraidon, L50|100/100\n|switch|p1b: Ho-Oh|Ho-Oh, L50|100/100\n|switch|p2a: Reshiram|Reshiram, L50|100/100\n|switch|p2b: Whimsicott|Whimsicott, L50, F|100/100\n|-weather|SunnyDay|[from] ability: Orichalcum Pulse|[of] p1a: Koraidon\n|-activate|p1a: Koraidon|Orichalcum Pulse|[source]\n|-ability|p2a: Reshiram|Turboblaze\n|turn|1\n|inactive|aroswing has 30 seconds left.\n|inactive|aroswing has 20 seconds left.\n|inactive|aroswing has 15 seconds left.\n|inactive|aroswing has 10 seconds left.\n|inactive|aroswing has 5 seconds left.\n|\n|t:|1745964839\n|switch|p1b: Whimsicott|Whimsicott, L50, F|100/100\n|-terastallize|p1a: Koraidon|Fire\n|move|p2b: Whimsicott|Tailwind|p2b: Whimsicott\n|-sidestart|p2: HunterOnShowdown|move: Tailwind\n|move|p2a: Reshiram|Draco Meteor|p1a: Koraidon\n|-damage|p1a: Koraidon|30/100\n|-unboost|p2a: Reshiram|spa|2\n|move|p1a: Koraidon|Flame Charge|p2b: Whimsicott\n|-supereffective|p2b: Whimsicott\n|-damage|p2b: Whimsicott|0 fnt\n|-boost|p1a: Koraidon|spe|1\n|faint|p2b: Whimsicott\n|\n|-weather|SunnyDay|[upkeep]\n|upkeep\n|\n|t:|1745964849\n|switch|p2b: Ogerpon|Ogerpon-Wellspring, L50, F|100/100\n|turn|2\n|\n|t:|1745964858\n|move|p1b: Whimsicott|Tailwind|p1b: Whimsicott\n|-sidestart|p1: aroswing|move: Tailwind\n|move|p1a: Koraidon|Flare Blitz|p2b: Ogerpon\n|-damage|p2b: Ogerpon|0 fnt\n|faint|p2b: Ogerpon\n|-damage|p1a: Koraidon|0 fnt|[from] Recoil\n|faint|p1a: Koraidon\n|move|p2a: Reshiram|Blue Flare|p1b: Whimsicott\n|-supereffective|p1b: Whimsicott\n|-damage|p1b: Whimsicott|0 fnt\n|faint|p1b: Whimsicott\n|\n|-weather|SunnyDay|[upkeep]\n|upkeep\n|\n|t:|1745964865\n|switch|p1a: Walking Wake|Walking Wake, L50|100/100\n|switch|p1b: Ho-Oh|Ho-Oh, L50|100/100\n|switch|p2b: Terapagos|Terapagos, L50, M|100/100\n|-activate|p2b: Terapagos|ability: Tera Shift\n|detailschange|p2b: Terapagos|Terapagos-Terastal, L50, M\n|-heal|p2b: Terapagos|100/100|[silent]\n|-activate|p1a: Walking Wake|ability: Protosynthesis\n|-start|p1a: Walking Wake|protosynthesisspe\n|turn|3\n|\n|t:|1745964875\n|move|p1a: Walking Wake|Snarl|p2b: Terapagos|[spread] p2a,p2b\n|-activate|p2b: Terapagos|ability: Tera Shell\n|-resisted|p2b: Terapagos\n|-damage|p2a: Reshiram|88/100\n|-damage|p2b: Terapagos|96/100\n|-unboost|p2a: Reshiram|spa|1\n|-unboost|p2b: Terapagos|spa|1\n|move|p2a: Reshiram|Draco Meteor|p1a: Walking Wake\n|-supereffective|p1a: Walking Wake\n|-damage|p1a: Walking Wake|41/100\n|-unboost|p2a: Reshiram|spa|2\n|move|p2b: Terapagos|Calm Mind|p2b: Terapagos\n|-boost|p2b: Terapagos|spa|1\n|-boost|p2b: Terapagos|spd|1\n|move|p1b: Ho-Oh|Sacred Fire|p2b: Terapagos\n|-damage|p2b: Terapagos|27/100\n|-status|p2b: Terapagos|brn\n|\n|-weather|SunnyDay|[upkeep]\n|-heal|p2b: Terapagos|33/100 brn|[from] item: Leftovers\n|-damage|p2b: Terapagos|27/100 brn|[from] brn\n|upkeep\n|turn|4\n|\n|t:|1745964897\n|move|p1a: Walking Wake|Protect|p1a: Walking Wake\n|-singleturn|p1a: Walking Wake|Protect\n|move|p2b: Terapagos|Protect|p2b: Terapagos\n|-singleturn|p2b: Terapagos|Protect\n|move|p2a: Reshiram|Draco Meteor|p1a: Walking Wake\n|-activate|p1a: Walking Wake|move: Protect\n|move|p1b: Ho-Oh|Brave Bird|p2b: Terapagos\n|-activate|p2b: Terapagos|move: Protect\n|\n|-weather|SunnyDay|[upkeep]\n|-heal|p2b: Terapagos|33/100 brn|[from] item: Leftovers\n|-damage|p2b: Terapagos|27/100 brn|[from] brn\n|-sideend|p2: HunterOnShowdown|move: Tailwind\n|upkeep\n|turn|5\n|\n|t:|1745964907\n|move|p1a: Walking Wake|Snarl|p2b: Terapagos|[spread] p2a,p2b\n|-crit|p2b: Terapagos\n|-damage|p2a: Reshiram|77/100\n|-damage|p2b: Terapagos|12/100 brn\n|-unboost|p2a: Reshiram|spa|1\n|-unboost|p2b: Terapagos|spa|1\n|move|p1b: Ho-Oh|Brave Bird|p2b: Terapagos\n|-damage|p2b: Terapagos|0 fnt\n|faint|p2b: Terapagos\n|-damage|p1b: Ho-Oh|97/100|[from] Recoil\n|move|p2a: Reshiram|Draco Meteor|p1a: Walking Wake\n|-supereffective|p1a: Walking Wake\n|-damage|p1a: Walking Wake|2/100\n|\n|-weather|none\n|-end|p1a: Walking Wake|Protosynthesis\n|-sideend|p1: aroswing|move: Tailwind\n|upkeep\n|-enditem|p1a: Walking Wake|Booster Energy\n|-activate|p1a: Walking Wake|ability: Protosynthesis|[fromitem]\n|-start|p1a: Walking Wake|protosynthesisspe\n|turn|6\n|-message|HunterOnShowdown forfeited.\n|\n|win|aroswing\n|raw|aroswing's rating: 1161 &rarr; <strong>1186</strong><br />(+25 for winning)\n|raw|HunterOnShowdown's rating: 1167 &rarr; <strong>1142</strong><br />(-25 for losing)\n|l|\u2606HunterOnShowdown\n|player|p2|\n", "uploadtime": 1745964932, "views": 6, "formatid": "gen9vgc2025regibo3", "rating": 1142, "private": 0, "password": null}