{"id": "gen9vgc2025regibo3-2354473029", "format": "[Gen 9] VGC 2025 Reg I (Bo3)", "players": ["sadfkl", "redpandavgclol"], "log": "|j|\u2606sadfkl\n|j|\u2606redpandavgclol\n|html|<table width=\"100%\"><tr><td align=\"left\">sadfkl</td><td align=\"right\">redpandavgclol</tr><tr><td align=\"left\"><i class=\"fa fa-circle-o\"></i> <i class=\"fa fa-circle-o\"></i> </td><td align=\"right\"><i class=\"fa fa-circle-o\"></i> <i class=\"fa fa-circle\"></i> </tr></table>\n|uhtml|bestof|<h2><strong>Game 2</strong> of <a href=\"/game-bestof3-gen9vgc2025regibo3-2354471393\">a best-of-3</a></h2>\n|t:|1746077243\n|gametype|doubles\n|player|p1|sadfkl|ethan|1127\n|player|p2|redpandavgclol|pokemonranger-gen4|1121\n|teamsize|p1|6\n|teamsize|p2|6\n|gen|9\n|tier|[Gen 9] VGC 2025 Reg I (Bo3)\n|rated|\n|rule|Species Clause: Limit one of each Pok\u00e9mon\n|rule|Item Clause: Limit 1 of each item\n|clearpoke\n|poke|p1|Koraidon, L50|\n|poke|p1|Calyrex-Shadow, L50|\n|poke|p1|Indeedee-F, L50, F|\n|poke|p1|Iron Bundle, L50|\n|poke|p1|Chi-Yu, L50|\n|poke|p1|Brute Bonnet, L50|\n|poke|p2|Calyrex-Shadow, L50|\n|poke|p2|Koraidon, L50|\n|poke|p2|Tornadus, L50, M|\n|poke|p2|Incineroar, L50, F|\n|poke|p2|Rillaboom, L50, M|\n|poke|p2|Ogerpon-Hearthflame, L50, F|\n|teampreview|4\n|showteam|p1|Koraidon||LifeOrb|OrichalcumPulse|CollisionCourse,FlareBlitz,Protect,LowKick||||||50|,,,,,Fire]Calyrex-Shadow||FocusSash|AsOneSpectrier|AstralBarrage,ExpandingForce,Protect,PollenPuff||||||50|,,,,,Dark]Indeedee-F||PsychicSeed|PsychicSurge|AlluringVoice,FollowMe,HelpingHand,TrickRoom|||F|||50|,,,,,Water]Iron Bundle||BoosterEnergy|QuarkDrive|IcyWind,Taunt,Encore,FreezeDry||||||50|,,,,,Ghost]Chi-Yu||ChoiceScarf|BeadsofRuin|HeatWave,DarkPulse,Snarl,Overheat||||||50|,,,,,Fire]Brute Bonnet||CovertCloak|Protosynthesis|SeedBomb,SuckerPunch,Spore,RagePowder||||||50|,,,,,Water\n|showteam|p2|Calyrex-Shadow||LifeOrb|AsOneSpectrier|AstralBarrage,DrainingKiss,NastyPlot,Protect||||||50|,,,,,Fairy]Koraidon||ClearAmulet|OrichalcumPulse|CollisionCourse,Uturn,FlameCharge,Protect||||||50|,,,,,Fire]Tornadus||CovertCloak|Prankster|Tailwind,SunnyDay,Taunt,BleakwindStorm|||M|||50|,,,,,Dark]Incineroar||FigyBerry|Intimidate|FlareBlitz,KnockOff,FakeOut,PartingShot|||F|||50|,,,,,Grass]Rillaboom||AssaultVest|GrassySurge|GrassyGlide,Uturn,FakeOut,WoodHammer|||M|||50|,,,,,Fire]Ogerpon-Hearthflame||HearthflameMask|MoldBreaker|IvyCudgel,GrassyGlide,SpikyShield,SwordsDance|||F|||50|,,,,,Fire\n|\n|t:|1746077276\n|start\n|switch|p1a: Iron Bundle|Iron Bundle, L50|100/100\n|switch|p1b: Calyrex|Calyrex-Shadow, L50|100/100\n|switch|p2a: Ventus|Tornadus, L50, M|100/100\n|switch|p2b: Anguish|Incineroar, L50, F|100/100\n|-ability|p1b: Calyrex|As One\n|-ability|p1b: Calyrex|Unnerve\n|-ability|p2b: Anguish|Intimidate|boost\n|-unboost|p1a: Iron Bundle|atk|1\n|-unboost|p1b: Calyrex|atk|1\n|-enditem|p1a: Iron Bundle|Booster Energy\n|-activate|p1a: Iron Bundle|ability: Quark Drive|[fromitem]\n|-start|p1a: Iron Bundle|quarkdrivespe\n|turn|1\n|\n|t:|1746077302\n|-terastallize|p2b: Anguish|Grass\n|move|p2a: Ventus|Tailwind|p2a: Ventus\n|-sidestart|p2: redpandavgclol|move: Tailwind\n|move|p1a: Iron Bundle|Freeze-Dry|p2a: Ventus\n|-supereffective|p2a: Ventus\n|-damage|p2a: Ventus|45/100\n|move|p1b: Calyrex|Astral Barrage|p2b: Anguish|[spread] p2a,p2b\n|-crit|p2a: Ventus\n|-damage|p2a: Ventus|0 fnt\n|-damage|p2b: Anguish|54/100\n|faint|p2a: Ventus\n|-ability|p1b: Calyrex|Grim Neigh|boost\n|-boost|p1b: Calyrex|spa|1\n|move|p2b: Anguish|Knock Off|p1b: Calyrex\n|-supereffective|p1b: Calyrex\n|-enditem|p1b: Calyrex|Focus Sash\n|-damage|p1b: Calyrex|1/100\n|\n|upkeep\n|\n|t:|1746077326\n|switch|p2a: Calyrex|Calyrex-Shadow, L50|100/100\n|-ability|p2a: Calyrex|As One\n|-ability|p2a: Calyrex|Unnerve\n|turn|2\n|\n|t:|1746077346\n|move|p1b: Calyrex|Protect|p1b: Calyrex\n|-singleturn|p1b: Calyrex|Protect\n|move|p2a: Calyrex|Astral Barrage|p1b: Calyrex|[spread] p1a\n|-activate|p1b: Calyrex|move: Protect\n|-damage|p1a: Iron Bundle|0 fnt\n|faint|p1a: Iron Bundle\n|-end|p1a: Iron Bundle|Quark Drive|[silent]\n|-ability|p2a: Calyrex|Grim Neigh|boost\n|-boost|p2a: Calyrex|spa|1\n|-damage|p2a: Calyrex|91/100|[from] item: Life Orb\n|move|p2b: Anguish|Parting Shot|p1b: Calyrex\n|-activate|p1b: Calyrex|move: Protect\n|\n|upkeep\n|\n|t:|1746077352\n|switch|p1a: Indeedee|Indeedee-F, L50, F|100/100\n|-fieldstart|move: Psychic Terrain|[from] ability: Psychic Surge|[of] p1a: Indeedee\n|-enditem|p1a: Indeedee|Psychic Seed\n|-boost|p1a: Indeedee|spd|1|[from] item: Psychic Seed\n|turn|3\n|\n|t:|1746077369\n|move|p1b: Calyrex|Protect||[still]\n|-fail|p1b: Calyrex\n|move|p2a: Calyrex|Astral Barrage|p1a: Indeedee|[spread] p1b\n|-immune|p1a: Indeedee\n|-supereffective|p1b: Calyrex\n|-damage|p1b: Calyrex|0 fnt\n|faint|p1b: Calyrex\n|-ability|p2a: Calyrex|Grim Neigh|boost\n|-boost|p2a: Calyrex|spa|1\n|-damage|p2a: Calyrex|81/100|[from] item: Life Orb\n|move|p2b: Anguish|Knock Off|p1a: Indeedee\n|-supereffective|p1a: Indeedee\n|-damage|p1a: Indeedee|46/100\n|move|p1a: Indeedee|Trick Room|p1a: Indeedee\n|-fieldstart|move: Trick Room|[of] p1a: Indeedee\n|\n|upkeep\n|\n|t:|1746077377\n|switch|p1b: Koraidon|Koraidon, L50|100/100\n|-weather|SunnyDay|[from] ability: Orichalcum Pulse|[of] p1b: Koraidon\n|-activate|p1b: Koraidon|Orichalcum Pulse|[source]\n|turn|4\n|\n|t:|1746077405\n|-terastallize|p1b: Koraidon|Fire\n|move|p2a: Calyrex|Protect|p2a: Calyrex\n|-singleturn|p2a: Calyrex|Protect\n|move|p2b: Anguish|Parting Shot|p1b: Koraidon\n|-unboost|p1b: Koraidon|atk|1\n|-unboost|p1b: Koraidon|spa|1\n|\n|t:|1746077412\n|switch|p2b: Koraidon|Koraidon, L50|100/100|[from] Parting Shot\n|-activate|p2b: Koraidon|ability: Orichalcum Pulse\n|move|p1b: Koraidon|Flare Blitz|p2b: Koraidon\n|-resisted|p2b: Koraidon\n|-damage|p2b: Koraidon|49/100\n|-status|p2b: Koraidon|brn\n|-damage|p1b: Koraidon|83/100|[from] Recoil\n|-damage|p1b: Koraidon|74/100|[from] item: Life Orb\n|move|p1a: Indeedee|Trick Room|p1a: Indeedee\n|-fieldend|move: Trick Room\n|\n|-weather|SunnyDay|[upkeep]\n|-damage|p2b: Koraidon|43/100 brn|[from] brn\n|-sideend|p2: redpandavgclol|move: Tailwind\n|upkeep\n|turn|5\n|\n|t:|1746077439\n|move|p1b: Koraidon|Protect|p1b: Koraidon\n|-singleturn|p1b: Koraidon|Protect\n|move|p2a: Calyrex|Astral Barrage|p1b: Koraidon|[spread] \n|-activate|p1b: Koraidon|move: Protect\n|-immune|p1a: Indeedee\n|move|p2b: Koraidon|U-turn|p1a: Indeedee\n|-supereffective|p1a: Indeedee\n|-damage|p1a: Indeedee|15/100\n|\n|t:|1746077448\n|switch|p2b: Anguish|Incineroar, L50, F, tera:Grass|54/100|[from] U-turn\n|-ability|p2b: Anguish|Intimidate|boost\n|-unboost|p1a: Indeedee|atk|1\n|-unboost|p1b: Koraidon|atk|1\n|move|p1a: Indeedee|Trick Room|p1a: Indeedee\n|-fieldstart|move: Trick Room|[of] p1a: Indeedee\n|\n|-weather|SunnyDay|[upkeep]\n|upkeep\n|turn|6\n|\n|t:|1746077467\n|move|p1a: Indeedee|Helping Hand|p1b: Koraidon\n|-singleturn|p1b: Koraidon|Helping Hand|[of] p1a: Indeedee\n|move|p2a: Calyrex|Protect|p2a: Calyrex\n|-singleturn|p2a: Calyrex|Protect\n|move|p2b: Anguish|Parting Shot|p1b: Koraidon\n|-unboost|p1b: Koraidon|atk|1\n|-unboost|p1b: Koraidon|spa|1\n|\n|t:|1746077474\n|switch|p2b: Koraidon|Koraidon, L50|43/100 brn|[from] Parting Shot\n|-activate|p2b: Koraidon|ability: Orichalcum Pulse\n|move|p1b: Koraidon|Flare Blitz|p2a: Calyrex\n|-activate|p2a: Calyrex|move: Protect\n|\n|-weather|SunnyDay|[upkeep]\n|-damage|p2b: Koraidon|37/100 brn|[from] brn\n|upkeep\n|turn|7\n|\n|t:|1746077511\n|switch|p2a: Anguish|Incineroar, L50, F, tera:Grass|54/100\n|-ability|p2a: Anguish|Intimidate|boost\n|-unboost|p1a: Indeedee|atk|1\n|-unboost|p1b: Koraidon|atk|1\n|move|p2b: Koraidon|Protect|p2b: Koraidon\n|-singleturn|p2b: Koraidon|Protect\n|move|p1a: Indeedee|Alluring Voice|p2b: Koraidon\n|-activate|p2b: Koraidon|move: Protect\n|move|p1b: Koraidon|Flare Blitz|p2a: Anguish\n|-supereffective|p2a: Anguish\n|-damage|p2a: Anguish|0 fnt\n|faint|p2a: Anguish\n|-damage|p1b: Koraidon|53/100|[from] Recoil\n|-damage|p1b: Koraidon|44/100|[from] item: Life Orb\n|\n|-weather|SunnyDay|[upkeep]\n|-damage|p2b: Koraidon|31/100 brn|[from] brn\n|-fieldend|move: Psychic Terrain\n|upkeep\n|\n|t:|1746077527\n|switch|p2a: Calyrex|Calyrex-Shadow, L50|81/100\n|-ability|p2a: Calyrex|As One\n|-ability|p2a: Calyrex|Unnerve\n|turn|8\n|\n|t:|1746077548\n|move|p1a: Indeedee|Alluring Voice|p2b: Koraidon\n|-supereffective|p2b: Koraidon\n|-damage|p2b: Koraidon|0 fnt\n|faint|p2b: Koraidon\n|move|p1b: Koraidon|Flare Blitz|p2a: Calyrex\n|-damage|p2a: Calyrex|10/100\n|-damage|p1b: Koraidon|20/100|[from] Recoil\n|-damage|p1b: Koraidon|11/100|[from] item: Life Orb\n|move|p2a: Calyrex|Astral Barrage|p1a: Indeedee|[spread] p1b\n|-immune|p1a: Indeedee\n|-damage|p1b: Koraidon|0 fnt\n|faint|p1b: Koraidon\n|-ability|p2a: Calyrex|Grim Neigh|boost\n|-boost|p2a: Calyrex|spa|1\n|-damage|p2a: Calyrex|0 fnt|[from] item: Life Orb\n|faint|p2a: Calyrex\n|\n|win|sadfkl\n|inactive|sadfkl has 30 seconds to confirm battle start!\n|inactive|redpandavgclol has 30 seconds to confirm battle start!\n||redpandavgclol is ready for game 3.\n|inactive|sadfkl has 20 seconds to confirm battle start!\n||sadfkl is ready for game 3.\n|uhtml|next|Next: <a href=\"/battle-gen9vgc2025regibo3-2354474853\"><strong>Game 3 of 3</strong></a>\n", "uploadtime": 1746077584, "views": 14, "formatid": "gen9vgc2025regibo3", "rating": null, "private": 0, "password": null}