{"id": "gen9vgc2025regibo3-2354386418", "format": "[Gen 9] VGC 2025 Reg I (Bo3)", "players": ["YantoVGC", "deadinsideusually"], "log": "|j|\u2606YantoVGC\n|j|\u2606deadinsideusually\n|html|<table width=\"100%\"><tr><td align=\"left\">YantoVGC</td><td align=\"right\">deadinsideusually</tr><tr><td align=\"left\"><i class=\"fa fa-circle-o\"></i> <i class=\"fa fa-circle-o\"></i> </td><td align=\"right\"><i class=\"fa fa-circle-o\"></i> <i class=\"fa fa-circle-o\"></i> </tr></table>\n|uhtml|bestof|<h2><strong>Game 1</strong> of <a href=\"/game-bestof3-gen9vgc2025regibo3-2354386415\">a best-of-3</a></h2>\n|t:|1746064995\n|gametype|doubles\n|player|p1|YantoVGC|wallace|1074\n|player|p2|deadinsideusually|101|1000\n|teamsize|p1|6\n|teamsize|p2|6\n|gen|9\n|tier|[Gen 9] VGC 2025 Reg I (Bo3)\n|rated|\n|rule|Species Clause: Limit one of each Pok\u00e9mon\n|rule|Item Clause: Limit 1 of each item\n|clearpoke\n|poke|p1|Zamazenta-*, L50|\n|poke|p1|Calyrex-Shadow, L50|\n|poke|p1|Tornadus, L50, M|\n|poke|p1|Urshifu-*, L50, F|\n|poke|p1|Rillaboom, L50, M|\n|poke|p1|Chien-Pao, L50|\n|poke|p2|Miraidon, L50|\n|poke|p2|Zamazenta-*, L50|\n|poke|p2|Grimmsnarl, L50, M|\n|poke|p2|Volcarona, L50, F|\n|poke|p2|Ditto, L50|\n|poke|p2|Iron Hands, L50|\n|teampreview|4\n|showteam|p1|Zamazenta-Crowned||RustedShield|DauntlessShield|BodyPress,HeavySlam,WideGuard,Protect||||||50|,,,,,Ghost]Calyrex-Shadow||FocusSash|AsOneSpectrier|AstralBarrage,Psychic,Encore,Protect||||||50|,,,,,Ghost]Tornadus||RockyHelmet|Prankster|BleakwindStorm,Tailwind,RainDance,Protect|||M|||50|,,,,,Dark]Urshifu-Rapid-Strike||MysticWater|UnseenFist|SurgingStrikes,CloseCombat,AquaJet,Detect|||F|||50|,,,,,Water]Rillaboom||AssaultVest|GrassySurge|WoodHammer,GrassyGlide,Uturn,FakeOut|||M|||50|,,,,,Fire]Chien-Pao||LifeOrb|SwordofRuin|SuckerPunch,IcicleCrash,IceShard,Protect||||||50|,,,,,Stellar\n|showteam|p2|Miraidon||ChoiceSpecs|HadronEngine|ElectroDrift,DracoMeteor,VoltSwitch,DazzlingGleam||||||50|,,,,,Fairy]Zamazenta-Crowned||RustedShield|DauntlessShield|HeavySlam,BodyPress,WideGuard,Protect||||||50|,,,,,Dragon]Grimmsnarl||LightClay|Prankster|FoulPlay,ThunderWave,Reflect,LightScreen|||M|||50|,,,,,Water]Volcarona||Leftovers|FlameBody|FieryDance,GigaDrain,QuiverDance,Protect|||F|||50|,,,,,Grass]Ditto||FocusSash|Imposter|Transform||||||50|,,,,,Ghost]Iron Hands||AssaultVest|QuarkDrive|DrainPunch,HeavySlam,LowKick,FakeOut||||||50|,,,,,Bug\n|inactive|Battle timer is ON: inactive players will automatically lose when time's up. (requested by deadinsideusually)\n|inactive|YantoVGC has 60 seconds left.\n|inactive|YantoVGC has 30 seconds left.\n|inactive|YantoVGC has 20 seconds left.\n|inactive|YantoVGC has 15 seconds left.\n|inactive|YantoVGC has 10 seconds left.\n|\n|t:|1746065149\n|start\n|switch|p1a: Zamazenta|Zamazenta-Crowned, L50|100/100\n|switch|p1b: Calyrex|Calyrex-Shadow, L50|100/100\n|switch|p2a: Grimmsnarl|Grimmsnarl, L50, M|100/100\n|switch|p2b: Iron Hands|Iron Hands, L50|100/100\n|-ability|p1b: Calyrex|As One\n|-ability|p1b: Calyrex|Unnerve\n|-ability|p1a: Zamazenta|Dauntless Shield|boost\n|-boost|p1a: Zamazenta|def|1\n|turn|1\n|inactive|YantoVGC has 30 seconds left.\n|\n|t:|1746065177\n|-terastallize|p1a: Zamazenta|Ghost\n|move|p2a: Grimmsnarl|Reflect|p2a: Grimmsnarl\n|-sidestart|p2: deadinsideusually|Reflect\n|move|p1b: Calyrex|Astral Barrage|p2a: Grimmsnarl|[spread] p2a,p2b\n|-resisted|p2a: Grimmsnarl\n|-damage|p2a: Grimmsnarl|74/100\n|-damage|p2b: Iron Hands|73/100\n|move|p1a: Zamazenta|Heavy Slam|p2a: Grimmsnarl\n|-supereffective|p2a: Grimmsnarl\n|-damage|p2a: Grimmsnarl|10/100\n|move|p2b: Iron Hands|Heavy Slam|p1b: Calyrex\n|-damage|p1b: Calyrex|45/100\n|\n|upkeep\n|turn|2\n|inactive|YantoVGC has 30 seconds left.\n|inactive|YantoVGC has 20 seconds left.\n|inactive|YantoVGC has 15 seconds left.\n|\n|t:|1746065221\n|move|p1b: Calyrex|Protect|p1b: Calyrex\n|-singleturn|p1b: Calyrex|Protect\n|move|p2a: Grimmsnarl|Light Screen|p2a: Grimmsnarl\n|-sidestart|p2: deadinsideusually|move: Light Screen\n|move|p1a: Zamazenta|Body Press|p2b: Iron Hands\n|-damage|p2b: Iron Hands|40/100\n|move|p2b: Iron Hands|Heavy Slam|p1b: Calyrex\n|-activate|p1b: Calyrex|move: Protect\n|\n|upkeep\n|turn|3\n|\n|t:|1746065241\n|move|p2a: Grimmsnarl|Thunder Wave|p1a: Zamazenta\n|-status|p1a: Zamazenta|par\n|move|p1b: Calyrex|Astral Barrage|p2a: Grimmsnarl|[spread] p2a,p2b\n|-resisted|p2a: Grimmsnarl\n|-damage|p2a: Grimmsnarl|0 fnt\n|-damage|p2b: Iron Hands|23/100\n|faint|p2a: Grimmsnarl\n|-ability|p1b: Calyrex|Grim Neigh|boost\n|-boost|p1b: Calyrex|spa|1\n|cant|p1a: Zamazenta|par\n|move|p2b: Iron Hands|Heavy Slam|p1b: Calyrex\n|-damage|p1b: Calyrex|0 fnt\n|faint|p1b: Calyrex\n|\n|upkeep\n|\n|t:|1746065259\n|switch|p1b: Chien-Pao|Chien-Pao, L50|100/100\n|switch|p2a: Miraidon|Miraidon, L50|100/100\n|-ability|p1b: Chien-Pao|Sword of Ruin\n|-fieldstart|move: Electric Terrain|[from] ability: Hadron Engine|[of] p2a: Miraidon\n|-activate|p2b: Iron Hands|ability: Quark Drive\n|-start|p2b: Iron Hands|quarkdriveatk\n|turn|4\n|inactive|YantoVGC has 30 seconds left.\n|\n|t:|1746065288\n|switch|p1a: Rillaboom|Rillaboom, L50, M|100/100\n|-fieldstart|move: Grassy Terrain|[from] ability: Grassy Surge|[of] p1a: Rillaboom\n|-end|p2b: Iron Hands|Quark Drive\n|-end|p2b: Iron Hands|Quark Drive|[silent]\n|switch|p2b: Ditto|Ditto, L50|100/100\n|-transform|p2b: Ditto|p1a: Rillaboom|[from] ability: Imposter\n|-terastallize|p2a: Miraidon|Fairy\n|move|p1b: Chien-Pao|Protect|p1b: Chien-Pao\n|-singleturn|p1b: Chien-Pao|Protect\n|move|p2a: Miraidon|Dazzling Gleam|p1b: Chien-Pao|[spread] p1a\n|-activate|p1b: Chien-Pao|move: Protect\n|-damage|p1a: Rillaboom|73/100\n|\n|-heal|p1a: Rillaboom|79/100|[from] Grassy Terrain\n|upkeep\n|turn|5\n|inactive|YantoVGC has 30 seconds left.\n|inactive|YantoVGC has 20 seconds left.\n|inactive|YantoVGC has 15 seconds left.\n|\n|t:|1746065329\n|switch|p1b: Zamazenta|Zamazenta-Crowned, L50, tera:Ghost|100/100 par\n|move|p2b: Ditto|Fake Out|p1b: Zamazenta\n|-immune|p1b: Zamazenta\n|move|p2a: Miraidon|Dazzling Gleam|p1b: Zamazenta|[spread] p1a,p1b\n|-damage|p1a: Rillaboom|50/100\n|-damage|p1b: Zamazenta|61/100 par\n|move|p1a: Rillaboom|U-turn|p2a: Miraidon\n|-resisted|p2a: Miraidon\n|-crit|p2a: Miraidon\n|-damage|p2a: Miraidon|86/100\n|\n|t:|1746065338\n|switch|p1a: Chien-Pao|Chien-Pao, L50|100/100|[from] U-turn\n|-ability|p1a: Chien-Pao|Sword of Ruin\n|\n|-heal|p2a: Miraidon|92/100|[from] Grassy Terrain\n|-heal|p1b: Zamazenta|67/100 par|[from] Grassy Terrain\n|upkeep\n|turn|6\n|\n|t:|1746065359\n|switch|p1a: Rillaboom|Rillaboom, L50, M|50/100\n|move|p1b: Zamazenta|Protect|p1b: Zamazenta\n|-singleturn|p1b: Zamazenta|Protect\n|move|p2a: Miraidon|Dazzling Gleam|p1a: Rillaboom|[spread] p1a\n|-activate|p1b: Zamazenta|move: Protect\n|-damage|p1a: Rillaboom|23/100\n|move|p2b: Ditto|U-turn|p1a: Rillaboom\n|-supereffective|p1a: Rillaboom\n|-damage|p1a: Rillaboom|0 fnt\n|faint|p1a: Rillaboom\n|\n|t:|1746065370\n|switch|p2b: Iron Hands|Iron Hands, L50|23/100|[from] U-turn\n|\n|-heal|p2a: Miraidon|98/100|[from] Grassy Terrain\n|-heal|p1b: Zamazenta|73/100 par|[from] Grassy Terrain\n|-heal|p2b: Iron Hands|29/100|[from] Grassy Terrain\n|upkeep\n|-message|YantoVGC forfeited.\n|\n|win|deadinsideusually\n||deadinsideusually is ready for game 2.\n||YantoVGC is ready for game 2.\n|uhtml|next|Next: <a href=\"/battle-gen9vgc2025regibo3-2354389581\"><strong>Game 2 of 3</strong></a>\n|l|\u2606deadinsideusually\n|player|p2|\n", "uploadtime": 1746066068, "views": 12, "formatid": "gen9vgc2025regibo3", "rating": null, "private": 0, "password": null}