{"id": "gen9vgc2025regibo3-2354352446", "format": "[Gen 9] VGC 2025 Reg I (Bo3)", "players": ["Hello12345654321", "Dozo XX"], "log": "|j|\u2606Hello12345654321\n|j|\u2606Dozo XX\n|html|<table width=\"100%\"><tr><td align=\"left\">Hello12345654321</td><td align=\"right\">Dozo XX</tr><tr><td align=\"left\"><i class=\"fa fa-circle-o\"></i> <i class=\"fa fa-circle-o\"></i> </td><td align=\"right\"><i class=\"fa fa-circle-o\"></i> <i class=\"fa fa-circle\"></i> </tr></table>\n|uhtml|bestof|<h2><strong>Game 2</strong> of <a href=\"/game-bestof3-gen9vgc2025regibo3-2354350197\">a best-of-3</a></h2>\n|t:|1746060835\n|gametype|doubles\n|player|p1|Hello12345654321|101|1086\n|player|p2|Dozo XX|ballguy|1137\n|teamsize|p1|6\n|teamsize|p2|6\n|gen|9\n|tier|[Gen 9] VGC 2025 Reg I (Bo3)\n|rated|\n|rule|Species Clause: Limit one of each Pok\u00e9mon\n|rule|Item Clause: Limit 1 of each item\n|clearpoke\n|poke|p1|Miraidon, L50|\n|poke|p1|Calyrex-Ice, L50|\n|poke|p1|Farigiraf, L50, M|\n|poke|p1|Ogerpon-Hearthflame, L50, F|\n|poke|p1|Whimsicott, L50, F|\n|poke|p1|Incineroar, L50, F|\n|poke|p2|Kyogre, L50|\n|poke|p2|Miraidon, L50|\n|poke|p2|Tornadus, L50, M|\n|poke|p2|Iron Hands, L50|\n|poke|p2|Farigiraf, L50, M|\n|poke|p2|Iron Treads, L50|\n|teampreview|4\n|showteam|p1|Miraidon||ChoiceSpecs|HadronEngine|ElectroDrift,DracoMeteor,VoltSwitch,DazzlingGleam||||||50|,,,,,Fairy]Calyrex-Ice||ClearAmulet|AsOneGlastrier|GlacialLance,HighHorsepower,TrickRoom,Protect||||||50|,,,,,Fire]Farigiraf||ElectricSeed|ArmorTail|Psychic,HelpingHand,TrickRoom,Protect|||M|||50|,,,,,Fighting]Ogerpon-Hearthflame||HearthflameMask|MoldBreaker|IvyCudgel,WoodHammer,FollowMe,SpikyShield|||F|||50|,,,,,Fire]Whimsicott||FocusSash|Prankster|Moonblast,Encore,Tailwind,Protect|||F|||50|,,,,,Ghost]Incineroar||SafetyGoggles|Intimidate|FlareBlitz,KnockOff,PartingShot,FakeOut|||F|||50|,,,,,Grass\n|showteam|p2|Kyogre||MysticWater|Drizzle|WaterSpout,OriginPulse,IceBeam,Protect||||||50|,,,,,Grass]Miraidon||ChoiceSpecs|HadronEngine|ElectroDrift,DracoMeteor,DazzlingGleam,VoltSwitch||||||50|,,,,,Fairy]Tornadus||FocusSash|Prankster|BleakwindStorm,Tailwind,RainDance,Protect|||M|||50|,,,,,Ghost]Iron Hands||AssaultVest|QuarkDrive|WildCharge,DrainPunch,LowKick,FakeOut||||||50|,,,,,Water]Farigiraf||ElectricSeed|ArmorTail|FoulPlay,PsychicNoise,TrickRoom,HelpingHand|||M|||50|,,,,,Water]Iron Treads||LifeOrb|QuarkDrive|HighHorsepower,SteelRoller,KnockOff,Protect||||||50|,,,,,Ghost\n|inactive|Battle timer is ON: inactive players will automatically lose when time's up. (requested by Hello12345654321)\n|inactive|Hello12345654321 has 60 seconds left.\n|inactive|Dozo XX has 60 seconds left.\n|inactive|Hello12345654321 has 30 seconds left.\n|inactive|Hello12345654321 has 20 seconds left.\n|\n|t:|1746060914\n|start\n|switch|p1a: Calyrex|Calyrex-Ice, L50|100/100\n|switch|p1b: Incineroar|Incineroar, L50, F|100/100\n|switch|p2a: Miraidon|Miraidon, L50|100/100\n|switch|p2b: Iron Treads|Iron Treads, L50|100/100\n|-ability|p1a: Calyrex|As One\n|-ability|p1a: Calyrex|Unnerve\n|-fieldstart|move: Electric Terrain|[from] ability: Hadron Engine|[of] p2a: Miraidon\n|-activate|p2b: Iron Treads|ability: Quark Drive\n|-start|p2b: Iron Treads|quarkdrivespe\n|-ability|p1b: Incineroar|Intimidate|boost\n|-unboost|p2a: Miraidon|atk|1\n|-unboost|p2b: Iron Treads|atk|1\n|turn|1\n|inactive|Dozo XX has 30 seconds left.\n|\n|t:|1746060946\n|switch|p2a: Iron Hands|Iron Hands, L50|100/100\n|-activate|p2a: Iron Hands|ability: Quark Drive\n|-start|p2a: Iron Hands|quarkdriveatk\n|-terastallize|p2b: Iron Treads|Ghost\n|move|p1b: Incineroar|Fake Out|p2a: Iron Hands\n|-damage|p2a: Iron Hands|92/100\n|move|p2b: Iron Treads|Steel Roller|p1a: Calyrex\n|-supereffective|p1a: Calyrex\n|-damage|p1a: Calyrex|40/100\n|-fieldend|move: Electric Terrain\n|-end|p2b: Iron Treads|Quark Drive\n|-end|p2a: Iron Hands|Quark Drive\n|-damage|p2b: Iron Treads|91/100|[from] item: Life Orb\n|move|p1a: Calyrex|Trick Room|p1a: Calyrex\n|-fieldstart|move: Trick Room|[of] p1a: Calyrex\n|\n|upkeep\n|turn|2\n|inactive|Dozo XX has 30 seconds left.\n|inactive|Hello12345654321 has 30 seconds left.\n|inactive|Dozo XX has 20 seconds left.\n|inactive|Hello12345654321 has 20 seconds left.\n|inactive|Dozo XX has 15 seconds left.\n|\n|t:|1746060990\n|switch|p1a: Ogerpon|Ogerpon-Hearthflame, L50, F|100/100\n|-ability|p1a: Ogerpon|Mold Breaker\n|-terastallize|p1b: Incineroar|Grass\n|move|p2b: Iron Treads|Protect|p2b: Iron Treads\n|-singleturn|p2b: Iron Treads|Protect\n|move|p2a: Iron Hands|Low Kick|p1a: Ogerpon\n|-damage|p1a: Ogerpon|60/100\n|move|p1b: Incineroar|Knock Off|p2a: Iron Hands\n|-resisted|p2a: Iron Hands\n|-damage|p2a: Iron Hands|78/100\n|-enditem|p2a: Iron Hands|Assault Vest|[from] move: Knock Off|[of] p1b: Incineroar\n|\n|upkeep\n|turn|3\n|inactive|Hello12345654321 has 30 seconds left.\n|inactive|Dozo XX has 30 seconds left.\n|\n|t:|1746061018\n|move|p1a: Ogerpon|Follow Me|p1a: Ogerpon\n|-singleturn|p1a: Ogerpon|move: Follow Me\n|move|p2a: Iron Hands|Drain Punch|p1a: Ogerpon\n|-damage|p1a: Ogerpon|9/100\n|-heal|p2a: Iron Hands|95/100|[from] drain|[of] p1a: Ogerpon\n|move|p1b: Incineroar|Knock Off|p2b: Iron Treads\n|-supereffective|p2b: Iron Treads\n|-damage|p2b: Iron Treads|12/100\n|-enditem|p2b: Iron Treads|Life Orb|[from] move: Knock Off|[of] p1b: Incineroar\n|move|p2b: Iron Treads|High Horsepower|p1a: Ogerpon\n|-damage|p1a: Ogerpon|0 fnt\n|faint|p1a: Ogerpon\n|\n|upkeep\n|\n|t:|1746061034\n|switch|p1a: Calyrex|Calyrex-Ice, L50|40/100\n|-ability|p1a: Calyrex|As One\n|-ability|p1a: Calyrex|Unnerve\n|turn|4\n|\n|t:|1746061041\n|move|p2b: Iron Treads|Protect|p2b: Iron Treads\n|-singleturn|p2b: Iron Treads|Protect\n|move|p1a: Calyrex|Glacial Lance|p2b: Iron Treads|[spread] p2a\n|-activate|p2b: Iron Treads|move: Protect\n|-damage|p2a: Iron Hands|60/100\n|move|p2a: Iron Hands|Low Kick|p1a: Calyrex\n|-damage|p1a: Calyrex|2/100\n|move|p1b: Incineroar|Flare Blitz|p2a: Iron Hands\n|-damage|p2a: Iron Hands|26/100\n|-damage|p1b: Incineroar|86/100|[from] Recoil\n|\n|upkeep\n|turn|5\n|inactive|Dozo XX has 30 seconds left.\n|inactive|Dozo XX has 20 seconds left.\n|\n|t:|1746061077\n|switch|p1b: Miraidon|Miraidon, L50|100/100\n|-fieldstart|move: Electric Terrain|[from] ability: Hadron Engine|[of] p1b: Miraidon\n|-activate|p2a: Iron Hands|ability: Quark Drive\n|-start|p2a: Iron Hands|quarkdriveatk\n|-activate|p2b: Iron Treads|ability: Quark Drive\n|-start|p2b: Iron Treads|quarkdrivespe\n|-end|p2b: Iron Treads|Quark Drive|[silent]\n|switch|p2b: Kyogre|Kyogre, L50|100/100\n|-weather|RainDance|[from] ability: Drizzle|[of] p2b: Kyogre\n|move|p1a: Calyrex|Glacial Lance|p2b: Kyogre|[spread] p2a,p2b\n|-resisted|p2b: Kyogre\n|-damage|p2a: Iron Hands|0 fnt\n|-damage|p2b: Kyogre|77/100\n|faint|p2a: Iron Hands\n|-end|p2a: Iron Hands|Quark Drive|[silent]\n|-ability|p1a: Calyrex|Chilling Neigh|boost\n|-boost|p1a: Calyrex|atk|1\n|\n|-weather|RainDance|[upkeep]\n|-fieldend|move: Trick Room\n|upkeep\n|\n|t:|1746061090\n|switch|p2a: Miraidon|Miraidon, L50|100/100\n|-activate|p2a: Miraidon|ability: Hadron Engine\n|turn|6\n|inactive|Hello12345654321 has 30 seconds left.\n|inactive|Dozo XX has 30 seconds left.\n|inactive|Dozo XX has 20 seconds left.\n|inactive|Dozo XX has 15 seconds left.\n|inactive|Dozo XX has 10 seconds left.\n|inactive|Dozo XX has 5 seconds left.\n|\n|t:|1746061141\n|move|p1b: Miraidon|Electro Drift|p2a: Miraidon\n|-resisted|p2a: Miraidon\n|-damage|p2a: Miraidon|73/100\n|move|p2a: Miraidon|Dazzling Gleam|p1b: Miraidon|[spread] p1a,p1b\n|-supereffective|p1b: Miraidon\n|-damage|p1a: Calyrex|0 fnt\n|-damage|p1b: Miraidon|25/100\n|faint|p1a: Calyrex\n|move|p2b: Kyogre|Origin Pulse|p1b: Miraidon\n|-resisted|p1b: Miraidon\n|-damage|p1b: Miraidon|0 fnt\n|faint|p1b: Miraidon\n|\n|-weather|RainDance|[upkeep]\n|upkeep\n|\n|t:|1746061156\n|switch|p1b: Incineroar|Incineroar, L50, F, tera:Grass|86/100\n|-ability|p1b: Incineroar|Intimidate|boost\n|-unboost|p2a: Miraidon|atk|1\n|-unboost|p2b: Kyogre|atk|1\n|turn|7\n|\n|t:|1746061170\n|move|p2a: Miraidon|Dazzling Gleam|p1b: Incineroar\n|-damage|p1b: Incineroar|35/100\n|move|p2b: Kyogre|Ice Beam|p1b: Incineroar\n|-supereffective|p1b: Incineroar\n|-damage|p1b: Incineroar|0 fnt\n|faint|p1b: Incineroar\n|\n|win|Dozo XX\n|raw|Hello12345654321's rating: 1086 &rarr; <strong>1066</strong><br />(-20 for losing)\n|raw|Dozo XX's rating: 1137 &rarr; <strong>1158</strong><br />(+21 for winning)\n", "uploadtime": 1746061171, "views": 8, "formatid": "gen9vgc2025regibo3", "rating": 1066, "private": 0, "password": null}