{"id": "gen9vgc2025regibo3-2354840392", "format": "[Gen 9] VGC 2025 Reg I (Bo3)", "players": ["kevsux", "Tandrako"], "log": "|j|\u2606kevsux\n|j|\u2606Tandrako\n|html|<table width=\"100%\"><tr><td align=\"left\">kevsux</td><td align=\"right\">Tandrako</tr><tr><td align=\"left\"><i class=\"fa fa-circle\"></i> <i class=\"fa fa-circle-o\"></i> </td><td align=\"right\"><i class=\"fa fa-circle-o\"></i> <i class=\"fa fa-circle\"></i> </tr></table>\n|uhtml|bestof|<h2><strong>Game 3</strong> of <a href=\"/game-bestof3-gen9vgc2025regibo3-2354835248\">a best-of-3</a></h2>\n|t:|1746124320\n|gametype|doubles\n|player|p1|kevsux|brendan-gen3|1030\n|player|p2|Tandrako|169|1011\n|teamsize|p1|6\n|teamsize|p2|6\n|gen|9\n|tier|[Gen 9] VGC 2025 Reg I (Bo3)\n|rated|\n|rule|Species Clause: Limit one of each Pok\u00e9mon\n|rule|Item Clause: Limit 1 of each item\n|clearpoke\n|poke|p1|Calyrex-Shadow, L50|\n|poke|p1|Terapagos, L50, M|\n|poke|p1|Incineroar, L50, F|\n|poke|p1|Ogerpon-Cornerstone, L50, F|\n|poke|p1|Urshifu-*, L50, M|\n|poke|p1|Rillaboom, L50, M|\n|poke|p2|Miraidon, L50|\n|poke|p2|Koraidon, L50|\n|poke|p2|Walking Wake, L50|\n|poke|p2|Iron Leaves, L50|\n|poke|p2|Roaring Moon, L50|\n|poke|p2|Brute Bonnet, L50|\n|teampreview|4\n|showteam|p1|Calyrex-Shadow||FocusSash|AsOneSpectrier|AstralBarrage,WillOWisp,Disable,Protect||||||50|,,,,,Ghost]Terapagos||Leftovers|TeraShift|TeraStarstorm,EarthPower,CalmMind,Protect|||M|||50|,,,,,Stellar]Incineroar||SitrusBerry|Intimidate|FakeOut,KnockOff,WillOWisp,PartingShot|||F|||50|,,,,,Water]Ogerpon-Cornerstone||CornerstoneMask|Sturdy|IvyCudgel,PowerWhip,FollowMe,SpikyShield|||F|||50|,,,,,Rock]Urshifu-Rapid-Strike||SplashPlate|UnseenFist|SurgingStrikes,CloseCombat,AquaJet,Detect|||M|||50|,,,,,Water]Rillaboom||AssaultVest|GrassySurge|FakeOut,WoodHammer,GrassyGlide,Uturn|||M|||50|,,,,,Fire\n|showteam|p2|Miraidon||ChoiceSpecs|HadronEngine|ElectroDrift,VoltSwitch,DracoMeteor,DazzlingGleam||||||50|,,,,,Fairy]Koraidon||ClearAmulet|OrichalcumPulse|FlareBlitz,CloseCombat,Uturn,Protect||||||50|,,,,,Fire]Walking Wake||LifeOrb|Protosynthesis|HydroSteam,DracoMeteor,Protect,WeatherBall||||||50|,,,,,Dragon]Iron Leaves||ChoiceBand|QuarkDrive|Psyblade,LeafBlade,Megahorn,CloseCombat||||||50|,,,,,Grass]Roaring Moon||CovertCloak|Protosynthesis|KnockOff,Tailwind,Protect,Taunt||||||50|,,,,,Dark]Brute Bonnet||Leftovers|Protosynthesis|RagePowder,SuckerPunch,Synthesis,SeedBomb||||||50|,,,,,Dark\n|inactive|Battle timer is ON: inactive players will automatically lose when time's up. (requested by kevsux)\n|\n|t:|1746124343\n|start\n|switch|p1a: Urshifu|Urshifu-Rapid-Strike, L50, M|100/100\n|switch|p1b: Terapagos|Terapagos, L50, M|100/100\n|switch|p2a: Koraidon|Koraidon, L50|100/100\n|switch|p2b: Roaring Moon|Roaring Moon, L50|100/100\n|-activate|p1b: Terapagos|ability: Tera Shift\n|detailschange|p1b: Terapagos|Terapagos-Terastal, L50, M\n|-heal|p1b: Terapagos|100/100|[silent]\n|-weather|SunnyDay|[from] ability: Orichalcum Pulse|[of] p2a: Koraidon\n|-activate|p2b: Roaring Moon|ability: Protosynthesis\n|-start|p2b: Roaring Moon|protosynthesisspe\n|-activate|p2a: Koraidon|Orichalcum Pulse|[source]\n|turn|1\n|inactive|Tandrako has 30 seconds left.\n|\n|t:|1746124373\n|move|p2b: Roaring Moon|Tailwind|p2b: Roaring Moon\n|-sidestart|p2: Tandrako|move: Tailwind\n|move|p2a: Koraidon|U-turn|p1b: Terapagos\n|-activate|p1b: Terapagos|ability: Tera Shell\n|-resisted|p1b: Terapagos\n|-damage|p1b: Terapagos|90/100\n|\n|t:|1746124381\n|switch|p2a: Miraidon|Miraidon, L50|100/100|[from] U-turn\n|-fieldstart|move: Electric Terrain|[from] ability: Hadron Engine|[of] p2a: Miraidon\n|move|p1a: Urshifu|Close Combat|p2b: Roaring Moon\n|-supereffective|p2b: Roaring Moon\n|-damage|p2b: Roaring Moon|0 fnt\n|-unboost|p1a: Urshifu|def|1\n|-unboost|p1a: Urshifu|spd|1\n|faint|p2b: Roaring Moon\n|-end|p2b: Roaring Moon|Protosynthesis|[silent]\n|move|p1b: Terapagos|Calm Mind|p1b: Terapagos\n|-boost|p1b: Terapagos|spa|1\n|-boost|p1b: Terapagos|spd|1\n|\n|-weather|SunnyDay|[upkeep]\n|-heal|p1b: Terapagos|96/100|[from] item: Leftovers\n|upkeep\n|\n|t:|1746124394\n|switch|p2b: Iron Leaves|Iron Leaves, L50|100/100\n|-activate|p2b: Iron Leaves|ability: Quark Drive\n|-start|p2b: Iron Leaves|quarkdrivespe\n|turn|2\n|inactive|kevsux has 30 seconds left.\n|\n|t:|1746124420\n|switch|p1a: Rillaboom|Rillaboom, L50, M|100/100\n|-fieldstart|move: Grassy Terrain|[from] ability: Grassy Surge|[of] p1a: Rillaboom\n|-end|p2b: Iron Leaves|Quark Drive\n|move|p1b: Terapagos|Protect|p1b: Terapagos\n|-singleturn|p1b: Terapagos|Protect\n|move|p2a: Miraidon|Electro Drift|p1b: Terapagos\n|-activate|p1b: Terapagos|move: Protect\n|move|p2b: Iron Leaves|Close Combat|p1b: Terapagos\n|-activate|p1b: Terapagos|move: Protect\n|\n|-weather|SunnyDay|[upkeep]\n|-heal|p1b: Terapagos|100/100|[from] Grassy Terrain\n|upkeep\n|turn|3\n|inactive|kevsux has 30 seconds left.\n|inactive|Tandrako has 30 seconds left.\n|\n|t:|1746124447\n|-end|p2b: Iron Leaves|Quark Drive|[silent]\n|switch|p2b: Koraidon|Koraidon, L50|100/100\n|-activate|p2b: Koraidon|ability: Orichalcum Pulse\n|move|p1a: Rillaboom|Fake Out|p2b: Koraidon\n|-damage|p2b: Koraidon|87/100\n|move|p2a: Miraidon|Electro Drift|p1b: Terapagos\n|-activate|p1b: Terapagos|ability: Tera Shell\n|-resisted|p1b: Terapagos\n|-damage|p1b: Terapagos|81/100\n|move|p1b: Terapagos|Calm Mind|p1b: Terapagos\n|-boost|p1b: Terapagos|spa|1\n|-boost|p1b: Terapagos|spd|1\n|\n|-weather|SunnyDay|[upkeep]\n|-heal|p2b: Koraidon|93/100|[from] Grassy Terrain\n|-heal|p1b: Terapagos|87/100|[from] Grassy Terrain\n|-heal|p1b: Terapagos|93/100|[from] item: Leftovers\n|upkeep\n|turn|4\n|inactive|Tandrako has 30 seconds left.\n|\n|t:|1746124481\n|switch|p2a: Iron Leaves|Iron Leaves, L50|100/100\n|switch|p1a: Incineroar|Incineroar, L50, F|100/100\n|-ability|p1a: Incineroar|Intimidate|boost\n|-unboost|p2a: Iron Leaves|atk|1\n|-fail|p2b: Koraidon|unboost|[from] item: Clear Amulet|[of] p2b: Koraidon\n|move|p1b: Terapagos|Protect|p1b: Terapagos\n|-singleturn|p1b: Terapagos|Protect\n|move|p2b: Koraidon|U-turn|p1a: Incineroar\n|-damage|p1a: Incineroar|78/100\n|\n|t:|1746124492\n|switch|p2b: Miraidon|Miraidon, L50|100/100|[from] U-turn\n|-fieldstart|move: Electric Terrain|[from] ability: Hadron Engine|[of] p2b: Miraidon\n|-activate|p2a: Iron Leaves|ability: Quark Drive\n|-start|p2a: Iron Leaves|quarkdrivespe\n|\n|-weather|SunnyDay|[upkeep]\n|-heal|p1b: Terapagos|99/100|[from] item: Leftovers\n|-sideend|p2: Tandrako|move: Tailwind\n|upkeep\n|turn|5\n|inactive|kevsux has 30 seconds left.\n|inactive|kevsux has 20 seconds left.\n|inactive|kevsux has 15 seconds left.\n|\n|t:|1746124533\n|move|p1a: Incineroar|Fake Out|p2a: Iron Leaves\n|-damage|p2a: Iron Leaves|89/100\n|cant|p2a: Iron Leaves|flinch\n|move|p2b: Miraidon|Electro Drift|p1b: Terapagos\n|-damage|p1b: Terapagos|48/100\n|move|p1b: Terapagos|Tera Starstorm|p2a: Iron Leaves\n|-damage|p2a: Iron Leaves|9/100\n|\n|-weather|none\n|-heal|p1b: Terapagos|54/100|[from] item: Leftovers\n|upkeep\n|turn|6\n|\n|t:|1746124557\n|switch|p1a: Rillaboom|Rillaboom, L50, M|100/100\n|-fieldstart|move: Grassy Terrain|[from] ability: Grassy Surge|[of] p1a: Rillaboom\n|-end|p2a: Iron Leaves|Quark Drive\n|move|p1b: Terapagos|Protect|p1b: Terapagos\n|-singleturn|p1b: Terapagos|Protect\n|move|p2b: Miraidon|Electro Drift|p1b: Terapagos\n|-activate|p1b: Terapagos|move: Protect\n|move|p2a: Iron Leaves|Close Combat|p1b: Terapagos\n|-activate|p1b: Terapagos|move: Protect\n|\n|-heal|p2a: Iron Leaves|15/100|[from] Grassy Terrain\n|-heal|p1b: Terapagos|60/100|[from] Grassy Terrain\n|-heal|p1b: Terapagos|66/100|[from] item: Leftovers\n|upkeep\n|turn|7\n|\n|t:|1746124576\n|-end|p2a: Iron Leaves|Quark Drive|[silent]\n|switch|p2a: Koraidon|Koraidon, L50|93/100\n|-weather|SunnyDay|[from] ability: Orichalcum Pulse|[of] p2a: Koraidon\n|-activate|p2a: Koraidon|Orichalcum Pulse|[source]\n|move|p2b: Miraidon|Electro Drift|p1b: Terapagos\n|-damage|p1b: Terapagos|34/100\n|move|p1a: Rillaboom|U-turn|p2a: Koraidon\n|-resisted|p2a: Koraidon\n|-damage|p2a: Koraidon|83/100\n|\n|t:|1746124588\n|switch|p1a: Incineroar|Incineroar, L50, F|78/100|[from] U-turn\n|-ability|p1a: Incineroar|Intimidate|boost\n|-fail|p2a: Koraidon|unboost|[from] item: Clear Amulet|[of] p2a: Koraidon\n|-unboost|p2b: Miraidon|atk|1\n|move|p1b: Terapagos|Tera Starstorm|p2b: Miraidon\n|-damage|p2b: Miraidon|25/100\n|\n|-weather|SunnyDay|[upkeep]\n|-heal|p2b: Miraidon|31/100|[from] Grassy Terrain\n|-heal|p2a: Koraidon|89/100|[from] Grassy Terrain\n|-heal|p1b: Terapagos|40/100|[from] Grassy Terrain\n|-heal|p1b: Terapagos|46/100|[from] item: Leftovers\n|-heal|p1a: Incineroar|84/100|[from] Grassy Terrain\n|upkeep\n|turn|8\n|\n|t:|1746124604\n|-terastallize|p1b: Terapagos|Stellar\n|detailschange|p1b: Terapagos|Terapagos-Stellar, L50, M, tera:Stellar\n|-heal|p1b: Terapagos|60/100|[silent]\n|-ability|p1b: Terapagos|Teraform Zero\n|-weather|none\n|-fieldend|move: Grassy Terrain\n|move|p1a: Incineroar|Fake Out|p2a: Koraidon\n|-damage|p2a: Koraidon|79/100\n|cant|p2a: Koraidon|flinch\n|move|p2b: Miraidon|Electro Drift|p1a: Incineroar\n|-damage|p1a: Incineroar|2/100\n|-enditem|p1a: Incineroar|Sitrus Berry|[eat]\n|-heal|p1a: Incineroar|27/100|[from] item: Sitrus Berry\n|move|p1b: Terapagos|Tera Starstorm|p2a: Koraidon|[spread] p2a,p2b\n|-damage|p2a: Koraidon|20/100\n|-damage|p2b: Miraidon|0 fnt\n|faint|p2b: Miraidon\n|\n|-heal|p1b: Terapagos|66/100|[from] item: Leftovers\n|upkeep\n|\n|t:|1746124607\n|switch|p2b: Iron Leaves|Iron Leaves, L50|15/100\n|turn|9\n|\n|t:|1746124631\n|switch|p1a: Rillaboom|Rillaboom, L50, M|100/100\n|-fieldstart|move: Grassy Terrain|[from] ability: Grassy Surge|[of] p1a: Rillaboom\n|-terastallize|p2a: Koraidon|Fire\n|move|p1b: Terapagos|Protect|p1b: Terapagos\n|-singleturn|p1b: Terapagos|Protect\n|move|p2a: Koraidon|Flare Blitz|p1b: Terapagos\n|-activate|p1b: Terapagos|move: Protect\n|move|p2b: Iron Leaves|Close Combat|p1a: Rillaboom\n|-damage|p1a: Rillaboom|41/100\n|-unboost|p2b: Iron Leaves|def|1\n|-unboost|p2b: Iron Leaves|spd|1\n|\n|-heal|p2a: Koraidon|27/100|[from] Grassy Terrain\n|-heal|p2b: Iron Leaves|21/100|[from] Grassy Terrain\n|-heal|p1a: Rillaboom|47/100|[from] Grassy Terrain\n|-heal|p1b: Terapagos|72/100|[from] Grassy Terrain\n|-heal|p1b: Terapagos|78/100|[from] item: Leftovers\n|upkeep\n|turn|10\n|\n|t:|1746124650\n|move|p1a: Rillaboom|Grassy Glide|p2b: Iron Leaves\n|-resisted|p2b: Iron Leaves\n|-damage|p2b: Iron Leaves|0 fnt\n|faint|p2b: Iron Leaves\n|-end|p2b: Iron Leaves|Quark Drive|[silent]\n|move|p2a: Koraidon|Flare Blitz|p1b: Terapagos\n|-damage|p1b: Terapagos|44/100\n|-damage|p2a: Koraidon|10/100|[from] Recoil\n|move|p1b: Terapagos|Tera Starstorm|p2a: Koraidon\n|-supereffective|p2a: Koraidon\n|-damage|p2a: Koraidon|0 fnt\n|faint|p2a: Koraidon\n|\n|win|kevsux\n|raw|kevsux's rating: 1030 &rarr; <strong>1064</strong><br />(+34 for winning)\n|raw|Tandrako's rating: 1011 &rarr; <strong>1000</strong><br />(-11 for losing)\n|l|\u2606Tandrako\n|player|p2|\n", "uploadtime": 1746124676, "views": 10, "formatid": "gen9vgc2025regibo3", "rating": 1000, "private": 0, "password": null}