{"id": "gen9vgc2025regibo3-2354682898", "format": "[Gen 9] VGC 2025 Reg I (Bo3)", "players": ["RalleB314", "Vgcgen"], "log": "|j|\u2606RalleB314\n|j|\u2606Vgcgen\n|html|<table width=\"100%\"><tr><td align=\"left\">RalleB314</td><td align=\"right\">Vgcgen</tr><tr><td align=\"left\"><i class=\"fa fa-circle-o\"></i> <i class=\"fa fa-circle-o\"></i> </td><td align=\"right\"><i class=\"fa fa-circle-o\"></i> <i class=\"fa fa-circle-o\"></i> </tr></table>\n|uhtml|bestof|<h2><strong>Game 1</strong> of <a href=\"/game-bestof3-gen9vgc2025regibo3-2354682897\">a best-of-3</a></h2>\n|t:|1746110352\n|gametype|doubles\n|player|p1|RalleB314|collector|1098\n|player|p2|Vgcgen|1|1169\n|teamsize|p1|6\n|teamsize|p2|6\n|gen|9\n|tier|[Gen 9] VGC 2025 Reg I (Bo3)\n|rated|\n|rule|Species Clause: Limit one of each Pok\u00e9mon\n|rule|Item Clause: Limit 1 of each item\n|clearpoke\n|poke|p1|Slowbro, L50, M|\n|poke|p1|Porygon2, L50|\n|poke|p1|Heatran, L50, M|\n|poke|p1|Sableye, L50, F|\n|poke|p1|Groudon, L50|\n|poke|p1|Incineroar, L50, M|\n|poke|p2|Calyrex-Ice, L50|\n|poke|p2|Lunala, L50|\n|poke|p2|Indeedee-F, L50, F|\n|poke|p2|Ursaluna, L50, M|\n|poke|p2|Torkoal, L50, M|\n|poke|p2|Amoonguss, L50, M|\n|teampreview|4\n|showteam|p1|Slowbro||SafetyGoggles|Regenerator|FutureSight,Flamethrower,SlackOff,CalmMind|||M|||50|,,,,,Fire]Porygon2||Eviolite|Download|TrickRoom,TriAttack,ShadowBall,Recover||||||50|,,,,,Ghost]Heatran||AssaultVest|FlashFire|HeatWave,MagmaStorm,EarthPower,Flamethrower|||M|||50|,,,,,Flying]Sableye||LightClay|Prankster|WillOWisp,Encore,Reflect,LightScreen|||F|||50|,,,,,Grass]Groudon||ChoiceBand|Drought|PrecipiceBlades,HammerArm,Earthquake,RockSlide||||||50|,,,,,Ghost]Incineroar||SitrusBerry|Intimidate|FakeOut,FlareBlitz,PartingShot,KnockOff|||M|||50|,,,,,Grass\n|showteam|p2|Calyrex-Ice||ClearAmulet|AsOneGlastrier|GlacialLance,HighHorsepower,Protect,TrickRoom||||||50|,,,,,Fire]Lunala||PowerHerb|ShadowShield|MoongeistBeam,ExpandingForce,MeteorBeam,TrickRoom||||||50|,,,,,Grass]Indeedee-F||FocusSash|PsychicSurge|HelpingHand,TrickRoom,Psychic,FollowMe|||F|||50|,,,,,Grass]Ursaluna||FlameOrb|Guts|Earthquake,Facade,HeadlongRush,Protect|||M|||50|,,,,,Ghost]Torkoal||ChoiceSpecs|Drought|Eruption,HeatWave,WeatherBall,EarthPower|||M|||50|,,,,,Fire]Amoonguss||RockyHelmet|Regenerator|Spore,PollenPuff,RagePowder,SludgeBomb|||M|||50|,,,,,Water\n|\n|t:|1746110373\n|start\n|switch|p1a: Slowbro|Slowbro, L50, M|100/100\n|switch|p1b: Porygon2|Porygon2, L50|100/100\n|switch|p2a: Indeedee|Indeedee-F, L50, F|100/100\n|switch|p2b: Calyrex|Calyrex-Ice, L50|100/100\n|-ability|p2b: Calyrex|As One\n|-ability|p2b: Calyrex|Unnerve\n|-fieldstart|move: Psychic Terrain|[from] ability: Psychic Surge|[of] p2a: Indeedee\n|-ability|p1b: Porygon2|Download|boost\n|-boost|p1b: Porygon2|spa|1\n|turn|1\n|inactive|Battle timer is ON: inactive players will automatically lose when time's up. (requested by Vgcgen)\n|\n|t:|1746110398\n|-terastallize|p1a: Slowbro|Fire\n|move|p2a: Indeedee|Helping Hand|p2b: Calyrex\n|-singleturn|p2b: Calyrex|Helping Hand|[of] p2a: Indeedee\n|move|p1b: Porygon2|Shadow Ball|p2b: Calyrex\n|-supereffective|p2b: Calyrex\n|-damage|p2b: Calyrex|62/100\n|move|p2b: Calyrex|Glacial Lance|p1a: Slowbro|[spread] p1a,p1b\n|-resisted|p1a: Slowbro\n|-damage|p1a: Slowbro|73/100\n|-damage|p1b: Porygon2|59/100\n|move|p1a: Slowbro|Flamethrower|p2b: Calyrex\n|-supereffective|p2b: Calyrex\n|-damage|p2b: Calyrex|20/100\n|\n|upkeep\n|turn|2\n|inactive|RalleB314 has 30 seconds left.\n|inactive|Vgcgen has 30 seconds left.\n|\n|t:|1746110429\n|move|p2b: Calyrex|Protect|p2b: Calyrex\n|-singleturn|p2b: Calyrex|Protect\n|move|p1b: Porygon2|Shadow Ball|p2b: Calyrex\n|-activate|p2b: Calyrex|move: Protect\n|move|p1a: Slowbro|Flamethrower|p2b: Calyrex\n|-activate|p2b: Calyrex|move: Protect\n|move|p2a: Indeedee|Trick Room|p2a: Indeedee\n|-fieldstart|move: Trick Room|[of] p2a: Indeedee\n|\n|upkeep\n|turn|3\n|\n|t:|1746110445\n|move|p2a: Indeedee|Follow Me|p2a: Indeedee\n|-singleturn|p2a: Indeedee|move: Follow Me\n|move|p1a: Slowbro|Flamethrower|p2a: Indeedee\n|-damage|p2a: Indeedee|71/100\n|move|p2b: Calyrex|Glacial Lance|p1a: Slowbro|[spread] p1a,p1b\n|-resisted|p1a: Slowbro\n|-damage|p1a: Slowbro|54/100\n|-damage|p1b: Porygon2|30/100\n|move|p1b: Porygon2|Tri Attack|p2a: Indeedee\n|-damage|p2a: Indeedee|30/100\n|-status|p2a: Indeedee|brn\n|\n|-damage|p2a: Indeedee|24/100 brn|[from] brn\n|upkeep\n|turn|4\n|\n|t:|1746110464\n|move|p2a: Indeedee|Follow Me|p2a: Indeedee\n|-singleturn|p2a: Indeedee|move: Follow Me\n|move|p1a: Slowbro|Slack Off|p1a: Slowbro\n|-heal|p1a: Slowbro|100/100\n|move|p2b: Calyrex|Glacial Lance|p1a: Slowbro|[spread] p1a,p1b\n|-resisted|p1a: Slowbro\n|-damage|p1a: Slowbro|82/100\n|-damage|p1b: Porygon2|0 fnt\n|faint|p1b: Porygon2\n|-ability|p2b: Calyrex|Chilling Neigh|boost\n|-boost|p2b: Calyrex|atk|1\n|\n|-damage|p2a: Indeedee|17/100 brn|[from] brn\n|upkeep\n|\n|t:|1746110472\n|switch|p1b: Heatran|Heatran, L50, M|100/100\n|turn|5\n|\n|t:|1746110489\n|move|p2a: Indeedee|Follow Me|p2a: Indeedee\n|-singleturn|p2a: Indeedee|move: Follow Me\n|move|p1a: Slowbro|Calm Mind|p1a: Slowbro\n|-boost|p1a: Slowbro|spa|1\n|-boost|p1a: Slowbro|spd|1\n|move|p2b: Calyrex|High Horsepower|p1b: Heatran\n|-supereffective|p1b: Heatran\n|-damage|p1b: Heatran|0 fnt\n|faint|p1b: Heatran\n|-ability|p2b: Calyrex|Chilling Neigh|boost\n|-boost|p2b: Calyrex|atk|1\n|\n|-damage|p2a: Indeedee|11/100 brn|[from] brn\n|-fieldend|move: Psychic Terrain\n|upkeep\n|\n|t:|1746110502\n|switch|p1b: Groudon|Groudon, L50|100/100\n|-weather|SunnyDay|[from] ability: Drought|[of] p1b: Groudon\n|turn|6\n|\n|t:|1746110513\n|move|p2a: Indeedee|Follow Me|p2a: Indeedee\n|-singleturn|p2a: Indeedee|move: Follow Me\n|move|p1a: Slowbro|Future Sight|p2a: Indeedee\n|-start|p1a: Slowbro|move: Future Sight\n|move|p2b: Calyrex|Glacial Lance|p1b: Groudon|[spread] p1a,p1b\n|-resisted|p1a: Slowbro\n|-supereffective|p1b: Groudon\n|-damage|p1a: Slowbro|41/100\n|-damage|p1b: Groudon|0 fnt\n|faint|p1b: Groudon\n|-ability|p2b: Calyrex|Chilling Neigh|boost\n|-boost|p2b: Calyrex|atk|1\n|\n|-weather|SunnyDay|[upkeep]\n|-damage|p2a: Indeedee|5/100 brn|[from] brn\n|-fieldend|move: Trick Room\n|upkeep\n|turn|7\n|\n|t:|1746110528\n|move|p2a: Indeedee|Helping Hand|p2b: Calyrex\n|-singleturn|p2b: Calyrex|Helping Hand|[of] p2a: Indeedee\n|move|p2b: Calyrex|High Horsepower|p1a: Slowbro\n|-supereffective|p1a: Slowbro\n|-damage|p1a: Slowbro|0 fnt\n|faint|p1a: Slowbro\n|\n|win|Vgcgen\n||Vgcgen is ready for game 2.\n|l|\u2606RalleB314\n|player|p1|\n|inactive|RalleB314 has 30 seconds to confirm battle start!\n||RalleB314 is ready for game 2.\n|uhtml|next|Next: <a href=\"/battle-gen9vgc2025regibo3-2354684901\"><strong>Game 2 of 3</strong></a>\n|l|\u2606Vgcgen\n|player|p2|\n", "uploadtime": 1746110876, "views": 5, "formatid": "gen9vgc2025regibo3", "rating": null, "private": 0, "password": null}