{"id": "gen9vgc2025regibo3-2354494403", "format": "[Gen 9] VGC 2025 Reg I (Bo3)", "players": ["endless 1300", "rajat1809"], "log": "|j|\u2606endless 1300\n|j|\u2606rajat1809\n|html|<table width=\"100%\"><tr><td align=\"left\">endless 1300</td><td align=\"right\">rajat1809</tr><tr><td align=\"left\"><i class=\"fa fa-circle\"></i> <i class=\"fa fa-circle-o\"></i> </td><td align=\"right\"><i class=\"fa fa-circle-o\"></i> <i class=\"fa fa-circle-o\"></i> </tr></table>\n|uhtml|bestof|<h2><strong>Game 2</strong> of <a href=\"/game-bestof3-gen9vgc2025regibo3-2354492040\">a best-of-3</a></h2>\n|t:|1746081375\n|gametype|doubles\n|player|p1|endless 1300|scientist-gen4|1056\n|player|p2|rajat1809|266|1123\n|teamsize|p1|6\n|teamsize|p2|6\n|gen|9\n|tier|[Gen 9] VGC 2025 Reg I (Bo3)\n|rated|\n|rule|Species Clause: Limit one of each Pok\u00e9mon\n|rule|Item Clause: Limit 1 of each item\n|clearpoke\n|poke|p1|Zamazenta-*, L50|\n|poke|p1|Volcarona, L50, F|\n|poke|p1|Comfey, L50, M|\n|poke|p1|Rillaboom, L50, F|\n|poke|p1|Incineroar, L50, F|\n|poke|p1|Calyrex-Shadow, L50|\n|poke|p2|Miraidon, L50|\n|poke|p2|Calyrex-Ice, L50|\n|poke|p2|Iron Hands, L50|\n|poke|p2|Farigiraf, L50, M|\n|poke|p2|Whimsicott, L50, M|\n|poke|p2|Ursaluna-Bloodmoon, L50, M|\n|teampreview|4\n|showteam|p1|Zamazenta-Crowned||RustedShield|DauntlessShield|WideGuard,IronDefense,BodyPress,Snarl||||||50|,,,,,Dragon]Volcarona||Leftovers|FlameBody|QuiverDance,FieryDance,GigaDrain,Protect|||F|||50|,,,,,Grass]Comfey||MentalHerb|Triage|Taunt,FloralHealing,DrainingKiss,Protect|||M|||50|,,,,,Steel]Rillaboom||AssaultVest|GrassySurge|WoodHammer,FakeOut,Uturn,GrassyGlide|||F|||50|,,,,,Grass]Incineroar||SitrusBerry|Intimidate|KnockOff,FlareBlitz,FakeOut,PartingShot|||F|||50|,,,,,Ghost]Calyrex-Shadow||FocusSash|AsOneSpectrier|AstralBarrage,Psyshock,Encore,Protect||||||50|,,,,,Ghost\n|showteam|p2|Miraidon||ChoiceSpecs|HadronEngine|ElectroDrift,DracoMeteor,VoltSwitch,DazzlingGleam||||||50|,,,,,Fairy]Calyrex-Ice||ClearAmulet|AsOneGlastrier|GlacialLance,HighHorsepower,TrickRoom,Protect||||||50|,,,,,Fire]Iron Hands||AssaultVest|QuarkDrive|DrainPunch,WildCharge,FakeOut,LowKick||||||50|,,,,,Water]Farigiraf||ElectricSeed|ArmorTail|Psychic,FoulPlay,HelpingHand,TrickRoom|||M|||50|,,,,,Ground]Whimsicott||CovertCloak|Prankster|Moonblast,Tailwind,Encore,FakeTears|||M|||50|,,,,,Dark]Ursaluna-Bloodmoon||LifeOrb|MindsEye|BloodMoon,HyperVoice,EarthPower,Protect|||M|||50|,,,,,Normal\n|inactive|Battle timer is ON: inactive players will automatically lose when time's up. (requested by endless 1300)\n|inactive|endless 1300 has 60 seconds left.\n|\n|t:|1746081417\n|start\n|switch|p1a: Zamazenta|Zamazenta-Crowned, L50|100/100\n|switch|p1b: Rillaboom|Rillaboom, L50, F|100/100\n|switch|p2a: Whimsicott|Whimsicott, L50, M|100/100\n|switch|p2b: Ursaluna|Ursaluna-Bloodmoon, L50, M|100/100\n|-ability|p1a: Zamazenta|Dauntless Shield|boost\n|-boost|p1a: Zamazenta|def|1\n|-fieldstart|move: Grassy Terrain|[from] ability: Grassy Surge|[of] p1b: Rillaboom\n|turn|1\n|inactive|rajat1809 has 30 seconds left.\n|inactive|rajat1809 has 20 seconds left.\n|inactive|rajat1809 has 15 seconds left.\n|inactive|rajat1809 has 10 seconds left.\n|\n|t:|1746081462\n|move|p2b: Ursaluna|Protect|p2b: Ursaluna\n|-singleturn|p2b: Ursaluna|Protect\n|move|p2a: Whimsicott|Tailwind|p2a: Whimsicott\n|-sidestart|p2: rajat1809|move: Tailwind\n|move|p1a: Zamazenta|Body Press|p2b: Ursaluna\n|-activate|p2b: Ursaluna|move: Protect\n|move|p1b: Rillaboom|U-turn|p2a: Whimsicott\n|-damage|p2a: Whimsicott|70/100\n|\n|t:|1746081472\n|switch|p1b: Volcarona|Volcarona, L50, F|100/100|[from] U-turn\n|\n|-heal|p2a: Whimsicott|76/100|[from] Grassy Terrain\n|upkeep\n|turn|2\n|inactive|rajat1809 has 30 seconds left.\n|\n|t:|1746081501\n|switch|p1a: Rillaboom|Rillaboom, L50, F|100/100\n|move|p2a: Whimsicott|Fake Tears|p1a: Rillaboom\n|-unboost|p1a: Rillaboom|spd|2\n|move|p2b: Ursaluna|Earth Power|p1a: Rillaboom\n|-resisted|p1a: Rillaboom\n|-damage|p1a: Rillaboom|54/100\n|-damage|p2b: Ursaluna|91/100|[from] item: Life Orb\n|move|p1b: Volcarona|Fiery Dance|p2a: Whimsicott\n|-supereffective|p2a: Whimsicott\n|-damage|p2a: Whimsicott|0 fnt\n|-boost|p1b: Volcarona|spa|1\n|faint|p2a: Whimsicott\n|\n|-heal|p2b: Ursaluna|97/100|[from] Grassy Terrain\n|-heal|p1a: Rillaboom|60/100|[from] Grassy Terrain\n|upkeep\n|\n|t:|1746081516\n|switch|p2a: Miraidon|Miraidon, L50|100/100\n|-fieldstart|move: Electric Terrain|[from] ability: Hadron Engine|[of] p2a: Miraidon\n|turn|3\n|inactive|rajat1809 has 30 seconds left.\n|\n|t:|1746081551\n|switch|p1a: Incineroar|Incineroar, L50, F|100/100\n|-ability|p1a: Incineroar|Intimidate|boost\n|-unboost|p2a: Miraidon|atk|1\n|-unboost|p2b: Ursaluna|atk|1\n|-terastallize|p2b: Ursaluna|Normal\n|move|p1b: Volcarona|Protect|p1b: Volcarona\n|-singleturn|p1b: Volcarona|Protect\n|move|p2a: Miraidon|Electro Drift|p1b: Volcarona\n|-activate|p1b: Volcarona|move: Protect\n|move|p2b: Ursaluna|Hyper Voice|p1b: Volcarona|[spread] p1a\n|-activate|p1b: Volcarona|move: Protect\n|-damage|p1a: Incineroar|54/100\n|-damage|p2b: Ursaluna|87/100|[from] item: Life Orb\n|\n|upkeep\n|turn|4\n|\n|t:|1746081575\n|move|p1a: Incineroar|Fake Out|p2a: Miraidon\n|-crit|p2a: Miraidon\n|-damage|p2a: Miraidon|82/100\n|cant|p2a: Miraidon|flinch\n|move|p2b: Ursaluna|Blood Moon|p1b: Volcarona\n|-crit|p1b: Volcarona\n|-damage|p1b: Volcarona|0 fnt\n|faint|p1b: Volcarona\n|-damage|p2b: Ursaluna|78/100|[from] item: Life Orb\n|\n|-sideend|p2: rajat1809|move: Tailwind\n|upkeep\n|\n|t:|1746081586\n|switch|p1b: Zamazenta|Zamazenta-Crowned, L50|100/100\n|turn|5\n|\n|t:|1746081599\n|switch|p1a: Rillaboom|Rillaboom, L50, F|60/100\n|-fieldstart|move: Grassy Terrain|[from] ability: Grassy Surge|[of] p1a: Rillaboom\n|move|p2a: Miraidon|Electro Drift|p1b: Zamazenta\n|-damage|p1b: Zamazenta|35/100\n|move|p1b: Zamazenta|Body Press|p2b: Ursaluna\n|-supereffective|p2b: Ursaluna\n|-damage|p2b: Ursaluna|0 fnt\n|faint|p2b: Ursaluna\n|\n|-heal|p2a: Miraidon|87/100|[from] Grassy Terrain\n|-heal|p1b: Zamazenta|41/100|[from] Grassy Terrain\n|-heal|p1a: Rillaboom|66/100|[from] Grassy Terrain\n|upkeep\n|\n|t:|1746081611\n|switch|p2b: Calyrex|Calyrex-Ice, L50|100/100\n|-ability|p2b: Calyrex|As One\n|-ability|p2b: Calyrex|Unnerve\n|turn|6\n|inactive|rajat1809 has 30 seconds left.\n|\n|t:|1746081638\n|-terastallize|p1b: Zamazenta|Dragon\n|move|p2a: Miraidon|Electro Drift|p1b: Zamazenta\n|-resisted|p1b: Zamazenta\n|-damage|p1b: Zamazenta|12/100\n|move|p1b: Zamazenta|Body Press|p2b: Calyrex\n|-damage|p2b: Calyrex|68/100\n|move|p1a: Rillaboom|Wood Hammer|p2b: Calyrex\n|-damage|p2b: Calyrex|16/100\n|-damage|p1a: Rillaboom|48/100|[from] Recoil\n|move|p2b: Calyrex|Glacial Lance|p1b: Zamazenta|[spread] p1a,p1b\n|-supereffective|p1a: Rillaboom\n|-supereffective|p1b: Zamazenta\n|-damage|p1a: Rillaboom|0 fnt\n|-damage|p1b: Zamazenta|0 fnt\n|faint|p1a: Rillaboom\n|faint|p1b: Zamazenta\n|-ability|p2b: Calyrex|Chilling Neigh|boost\n|-boost|p2b: Calyrex|atk|2\n|\n|-heal|p2a: Miraidon|93/100|[from] Grassy Terrain\n|-heal|p2b: Calyrex|22/100|[from] Grassy Terrain\n|upkeep\n|-message|endless 1300 forfeited.\n|\n|win|rajat1809\n||endless 1300 is ready for game 3.\n||rajat1809 is ready for game 3.\n|uhtml|next|Next: <a href=\"/battle-gen9vgc2025regibo3-2354495833\"><strong>Game 3 of 3</strong></a>\n|l|\u2606rajat1809\n|player|p2|\n|l|\u2606endless 1300\n|player|p1|\n", "uploadtime": 1746082050, "views": 23, "formatid": "gen9vgc2025regibo3", "rating": null, "private": 0, "password": null}