{"id": "gen9vgc2025regibo3-2354609241", "format": "[Gen 9] VGC 2025 Reg I (Bo3)", "players": ["RudanSulad", "getsigilyph"], "log": "|j|\u2606RudanSulad\n|j|\u2606getsigilyph\n|html|<table width=\"100%\"><tr><td align=\"left\">RudanSulad</td><td align=\"right\">getsigilyph</tr><tr><td align=\"left\"><i class=\"fa fa-circle\"></i> <i class=\"fa fa-circle-o\"></i> </td><td align=\"right\"><i class=\"fa fa-circle-o\"></i> <i class=\"fa fa-circle-o\"></i> </tr></table>\n|uhtml|bestof|<h2><strong>Game 2</strong> of <a href=\"/game-bestof3-gen9vgc2025regibo3-2354607078\">a best-of-3</a></h2>\n|t:|1746102347\n|gametype|doubles\n|player|p1|RudanSulad|clay|1000\n|player|p2|getsigilyph|102|1046\n|teamsize|p1|6\n|teamsize|p2|6\n|gen|9\n|tier|[Gen 9] VGC 2025 Reg I (Bo3)\n|rated|\n|rule|Species Clause: Limit one of each Pok\u00e9mon\n|rule|Item Clause: Limit 1 of each item\n|clearpoke\n|poke|p1|Calyrex-Shadow, L50|\n|poke|p1|Zamazenta-*, L50|\n|poke|p1|Chien-Pao, L50|\n|poke|p1|Urshifu-*, L50, M|\n|poke|p1|Ogerpon-Hearthflame, L50, F|\n|poke|p1|Raging Bolt, L50|\n|poke|p2|Groudon, L50|\n|poke|p2|Incineroar, L50, F|\n|poke|p2|Jumpluff, L50, M|\n|poke|p2|Raging Bolt, L50|\n|poke|p2|Lunala, L50|\n|poke|p2|Ogerpon-Hearthflame, L50, F|\n|teampreview|4\n|showteam|p1|Calyrex-Shadow||SpellTag|AsOneSpectrier|Protect,AstralBarrage,Psychic,NastyPlot||||||50|,,,,,Normal]Zamazenta-Crowned||RustedShield|DauntlessShield|Protect,BodyPress,behemothbash,WideGuard||||||50|,,,,,Dragon]Chien-Pao||FocusSash|SwordofRuin|Protect,IceSpinner,ThroatChop,SuckerPunch||||||50|,,,,,Stellar]Urshifu-Rapid-Strike||ChoiceScarf|UnseenFist|SurgingStrikes,CloseCombat,Coaching,Uturn|||M|||50|,,,,,Water]Ogerpon-Hearthflame||HearthflameMask|MoldBreaker|SpikyShield,IvyCudgel,FollowMe,WoodHammer|||F|||50|,,,,,Fire]Raging Bolt||AssaultVest|Protosynthesis|Electroweb,Thunderclap,Thunderbolt,DracoMeteor||||||50|,,,,,Fairy\n|showteam|p2|Groudon||ClearAmulet|Drought|PrecipiceBlades,SwordsDance,Protect,HeatCrash||||||50|,,,,,Fire]Incineroar||RockyHelmet|Intimidate|FakeOut,KnockOff,FlareBlitz,PartingShot|||F|||50|,,,,,Bug]Jumpluff||CovertCloak|Chlorophyll|Tailwind,Encore,SleepPowder,RagePowder|||M|||50|,,,,,Dark]Raging Bolt||AssaultVest|Protosynthesis|Thunderclap,DracoMeteor,Electroweb,Thunderbolt||||||50|,,,,,Fairy]Lunala||Leftovers|ShadowShield|MoongeistBeam,Moonblast,CalmMind,Protect||||||50|,,,,,Fairy]Ogerpon-Hearthflame||HearthflameMask|MoldBreaker|IvyCudgel,SpikyShield,FollowMe,HornLeech|||F|||50|,,,,,Fire\n|inactive|Battle timer is ON: inactive players will automatically lose when time's up. (requested by RudanSulad)\n|\n|t:|1746102375\n|start\n|switch|p1a: Ogerpon|Ogerpon-Hearthflame, L50, F|100/100\n|switch|p1b: Calyrex|Calyrex-Shadow, L50|100/100\n|switch|p2a: Gillete|Groudon, L50|100/100\n|switch|p2b: Jumpluff|Jumpluff, L50, M, shiny|100/100\n|-ability|p1b: Calyrex|As One\n|-ability|p1b: Calyrex|Unnerve\n|-ability|p1a: Ogerpon|Mold Breaker\n|-weather|SunnyDay|[from] ability: Drought|[of] p2a: Gillete\n|turn|1\n|inactive|RudanSulad has 30 seconds left.\n|inactive|RudanSulad has 20 seconds left.\n|inactive|RudanSulad has 15 seconds left.\n|inactive|RudanSulad has 10 seconds left.\n|inactive|RudanSulad has 5 seconds left.\n|\n|t:|1746102426\n|move|p2a: Gillete|Protect|p2a: Gillete\n|-singleturn|p2a: Gillete|Protect\n|move|p2b: Jumpluff|Tailwind|p2b: Jumpluff\n|-sidestart|p2: getsigilyph|move: Tailwind\n|move|p1b: Calyrex|Astral Barrage|p2a: Gillete|[spread] p2b\n|-activate|p2a: Gillete|move: Protect\n|-damage|p2b: Jumpluff|46/100\n|move|p1a: Ogerpon|Ivy Cudgel|p2b: Jumpluff|[anim] Ivy Cudgel Fire\n|-supereffective|p2b: Jumpluff\n|-damage|p2b: Jumpluff|0 fnt\n|faint|p2b: Jumpluff\n|\n|-weather|SunnyDay|[upkeep]\n|upkeep\n|inactive|getsigilyph has 30 seconds left.\n|c|\u2606getsigilyph|U readed me\n|\n|t:|1746102457\n|switch|p2b: Sogeking|Ogerpon-Hearthflame, L50, F|100/100\n|-ability|p2b: Sogeking|Mold Breaker\n|turn|2\n|\n|t:|1746102473\n|move|p1b: Calyrex|Protect|p1b: Calyrex\n|-singleturn|p1b: Calyrex|Protect\n|move|p1a: Ogerpon|Spiky Shield|p1a: Ogerpon\n|-singleturn|p1a: Ogerpon|move: Protect\n|move|p2b: Sogeking|Ivy Cudgel|p1b: Calyrex|[anim] Ivy Cudgel Fire\n|-activate|p1b: Calyrex|move: Protect\n|move|p2a: Gillete|Precipice Blades|p1b: Calyrex|[spread] \n|-activate|p1a: Ogerpon|move: Protect\n|-activate|p1b: Calyrex|move: Protect\n|\n|-weather|SunnyDay|[upkeep]\n|upkeep\n|turn|3\n|\n|t:|1746102489\n|move|p2b: Sogeking|Follow Me|p2b: Sogeking\n|-singleturn|p2b: Sogeking|move: Follow Me\n|move|p1a: Ogerpon|Follow Me|p1a: Ogerpon\n|-singleturn|p1a: Ogerpon|move: Follow Me\n|move|p2a: Gillete|Swords Dance|p2a: Gillete\n|-boost|p2a: Gillete|atk|2\n|move|p1b: Calyrex|Nasty Plot|p1b: Calyrex\n|-boost|p1b: Calyrex|spa|2\n|\n|-weather|SunnyDay|[upkeep]\n|upkeep\n|turn|4\n|\n|t:|1746102503\n|switch|p2b: Lunala|Lunala, L50|100/100\n|move|p1b: Calyrex|Protect|p1b: Calyrex\n|-singleturn|p1b: Calyrex|Protect\n|move|p1a: Ogerpon|Spiky Shield|p1a: Ogerpon\n|-singleturn|p1a: Ogerpon|move: Protect\n|move|p2a: Gillete|Swords Dance|p2a: Gillete\n|-boost|p2a: Gillete|atk|2\n|\n|-weather|SunnyDay|[upkeep]\n|-sideend|p2: getsigilyph|move: Tailwind\n|upkeep\n|turn|5\n|\n|t:|1746102515\n|-terastallize|p2b: Lunala|Fairy\n|move|p1b: Calyrex|Astral Barrage|p2a: Gillete|[spread] p2a,p2b\n|-damage|p2a: Gillete|1/100\n|-damage|p2b: Lunala|60/100\n|move|p1a: Ogerpon|Ivy Cudgel|p2b: Lunala|[anim] Ivy Cudgel Fire\n|-damage|p2b: Lunala|0 fnt\n|faint|p2b: Lunala\n|move|p2a: Gillete|Precipice Blades|p1b: Calyrex|[spread] p1a,p1b\n|-damage|p1a: Ogerpon|0 fnt\n|-damage|p1b: Calyrex|0 fnt\n|faint|p1a: Ogerpon\n|faint|p1b: Calyrex\n|\n|-weather|none\n|upkeep\n|\n|t:|1746102527\n|switch|p1b: Zamazenta|Zamazenta-Crowned, L50|100/100\n|switch|p1a: Chien-Pao|Chien-Pao, L50|100/100\n|switch|p2b: Sogeking|Ogerpon-Hearthflame, L50, F|100/100\n|-ability|p1a: Chien-Pao|Sword of Ruin\n|-ability|p1b: Zamazenta|Dauntless Shield|boost\n|-boost|p1b: Zamazenta|def|1\n|-ability|p2b: Sogeking|Mold Breaker\n|turn|6\n|\n|t:|1746102549\n|-terastallize|p1b: Zamazenta|Dragon\n|move|p2a: Gillete|Protect|p2a: Gillete\n|-singleturn|p2a: Gillete|Protect\n|move|p1a: Chien-Pao|Ice Spinner|p2a: Gillete\n|-activate|p2a: Gillete|move: Protect\n|move|p1b: Zamazenta|Body Press|p2b: Sogeking\n|-damage|p2b: Sogeking|12/100\n|move|p2b: Sogeking|Ivy Cudgel|p1b: Zamazenta|[anim] Ivy Cudgel Fire\n|-resisted|p1b: Zamazenta\n|-damage|p1b: Zamazenta|85/100\n|\n|upkeep\n|turn|7\n|\n|t:|1746102564\n|move|p2b: Sogeking|Follow Me|p2b: Sogeking\n|-singleturn|p2b: Sogeking|move: Follow Me\n|move|p1a: Chien-Pao|Ice Spinner|p2b: Sogeking\n|-damage|p2b: Sogeking|0 fnt\n|faint|p2b: Sogeking\n|move|p1b: Zamazenta|Body Press|p2a: Gillete\n|-damage|p2a: Gillete|0 fnt\n|faint|p2a: Gillete\n|\n|win|RudanSulad\n|raw|RudanSulad's rating: 1000 &rarr; <strong>1045</strong><br />(+45 for winning)\n|raw|getsigilyph's rating: 1046 &rarr; <strong>1027</strong><br />(-19 for losing)\n|l|\u2606RudanSulad\n|player|p1|\n|l|\u2606getsigilyph\n|player|p2|\n|j|\u2606getsigilyph\n|player|p2|getsigilyph|102|\n", "uploadtime": 1746102592, "views": 15, "formatid": "gen9vgc2025regibo3", "rating": 1027, "private": 0, "password": null}