{"id": "gen9vgc2025regibo3-2353689107", "format": "[Gen 9] VGC 2025 Reg I (Bo3)", "players": ["showdowntest1991", "theanamoly"], "log": "|j|\u2606showdowntest1991\n|j|\u2606theanamoly\n|html|<table width=\"100%\"><tr><td align=\"left\">showdowntest1991</td><td align=\"right\">theanamoly</tr><tr><td align=\"left\"><i class=\"fa fa-circle\"></i> <i class=\"fa fa-circle-o\"></i> </td><td align=\"right\"><i class=\"fa fa-circle-o\"></i> <i class=\"fa fa-circle-o\"></i> </tr></table>\n|uhtml|bestof|<h2><strong>Game 2</strong> of <a href=\"/game-bestof3-gen9vgc2025regibo3-2353686915\">a best-of-3</a></h2>\n|t:|1745983905\n|gametype|doubles\n|player|p1|showdowntest1991|red|1085\n|player|p2|theanamoly|102|1007\n|teamsize|p1|6\n|teamsize|p2|6\n|gen|9\n|tier|[Gen 9] VGC 2025 Reg I (Bo3)\n|rated|\n|rule|Species Clause: Limit one of each Pok\u00e9mon\n|rule|Item Clause: Limit 1 of each item\n|clearpoke\n|poke|p1|Terapagos, L50, M|\n|poke|p1|Calyrex-Shadow, L50|\n|poke|p1|Rillaboom, L50, F|\n|poke|p1|Volcarona, L50, F|\n|poke|p1|Landorus, L50, M|\n|poke|p1|Glimmora, L50, M|\n|poke|p2|Sneasler, L50, M|\n|poke|p2|Calyrex-Shadow, L50|\n|poke|p2|Dondozo, L50, F|\n|poke|p2|Tatsugiri-Droopy, L50, F|\n|poke|p2|Chi-Yu, L50|\n|poke|p2|Miraidon, L50|\n|teampreview|4\n|showteam|p1|Terapagos||RockyHelmet|TeraShift|TeraStarstorm,StealthRock,DarkPulse,Protect|||M|||50|,,,,,Stellar]Calyrex-Shadow||FocusSash|AsOneSpectrier|AstralBarrage,Encore,Disable,Protect||||||50|,,,,,Dark]Rillaboom||CovertCloak|GrassySurge|DrumBeating,FakeOut,GrassyGlide,Protect|||F|||50|,,,,,Fire]Volcarona||Leftovers|FlameBody|FieryDance,QuiverDance,Protect,RagePowder|||F|||50|,,,,,Grass]Landorus||ChoiceScarf|SheerForce|EarthPower,SludgeBomb,SandsearStorm,Uturn|||M|||50|,,,,,Poison]Glimmora||AssaultVest|ToxicDebris|MortalSpin,PowerGem,SludgeBomb,MudShot|||M|||50|,,,,,Rock\n|showteam|p2|Sneasler||ElectricSeed|Unburden|CloseCombat,DireClaw,ToxicSpikes,FakeOut|||M|||50|,,,,,Dark]Calyrex-Shadow||LifeOrb|AsOneSpectrier|AstralBarrage,Psychic,Encore,Protect||||||50|,,,,,Dark]Dondozo||Leftovers|Unaware|Earthquake,BodyPress,OrderUp,Protect|||F|||50|,,,,,Grass]Tatsugiri-Droopy||FocusSash|Commander|DracoMeteor,MuddyWater,HelpingHand,Protect|||F|||50|,,,,,Stellar]Chi-Yu||ChoiceScarf|BeadsofRuin|Overheat,HeatWave,ScaryFace,Snarl||||||50|,,,,,Ghost]Miraidon||AssaultVest|HadronEngine|ElectroDrift,DracoMeteor,DazzlingGleam,VoltSwitch||||||50|,,,,,Fairy\n|j| PokemonLordGabriel\n|l| PokemonLordGabriel\n|\n|t:|1745983961\n|start\n|switch|p1a: Calyrex|Calyrex-Shadow, L50|100/100\n|switch|p1b: Landorus|Landorus, L50, M|100/100\n|switch|p2a: Sneasler|Sneasler, L50, M|100/100\n|switch|p2b: Miraidon|Miraidon, L50|100/100\n|-ability|p1a: Calyrex|As One\n|-ability|p1a: Calyrex|Unnerve\n|-fieldstart|move: Electric Terrain|[from] ability: Hadron Engine|[of] p2b: Miraidon\n|-enditem|p2a: Sneasler|Electric Seed\n|-boost|p2a: Sneasler|def|1|[from] item: Electric Seed\n|turn|1\n|inactive|Battle timer is ON: inactive players will automatically lose when time's up. (requested by theanamoly)\n|j| entei enthusiast\n|l| entei enthusiast\n|inactive|theanamoly has 60 seconds left.\n|\n|t:|1745984005\n|switch|p1b: Rillaboom|Rillaboom, L50, F|100/100\n|-fieldstart|move: Grassy Terrain|[from] ability: Grassy Surge|[of] p1b: Rillaboom\n|-terastallize|p2a: Sneasler|Dark\n|move|p1a: Calyrex|Protect|p1a: Calyrex\n|-singleturn|p1a: Calyrex|Protect\n|move|p2a: Sneasler|Fake Out|p1b: Rillaboom\n|-damage|p1b: Rillaboom|86/100\n|move|p2b: Miraidon|Electro Drift|p1a: Calyrex\n|-activate|p1a: Calyrex|move: Protect\n|\n|-heal|p1b: Rillaboom|92/100|[from] Grassy Terrain\n|upkeep\n|turn|2\n|inactive|showdowntest1991 has 30 seconds left.\n|inactive|theanamoly has 30 seconds left.\n|\n|t:|1745984037\n|switch|p2b: Chi-Yu|Chi-Yu, L50|100/100\n|-ability|p2b: Chi-Yu|Beads of Ruin\n|move|p1b: Rillaboom|Fake Out|p2b: Chi-Yu\n|-damage|p2b: Chi-Yu|77/100\n|move|p2a: Sneasler|Toxic Spikes|p1b: Rillaboom\n|-sidestart|p1: showdowntest1991|move: Toxic Spikes\n|move|p1a: Calyrex|Encore|p2a: Sneasler\n|-start|p2a: Sneasler|Encore\n|\n|-heal|p2b: Chi-Yu|83/100|[from] Grassy Terrain\n|-heal|p1b: Rillaboom|98/100|[from] Grassy Terrain\n|upkeep\n|turn|3\n|inactive|showdowntest1991 has 30 seconds left.\n|inactive|theanamoly has 30 seconds left.\n|inactive|theanamoly has 20 seconds left.\n|\n|t:|1745984073\n|move|p2a: Sneasler|Toxic Spikes|p1b: Rillaboom\n|-sidestart|p1: showdowntest1991|move: Toxic Spikes\n|move|p2b: Chi-Yu|Snarl|p1b: Rillaboom|[spread] p1a,p1b\n|-supereffective|p1a: Calyrex\n|-enditem|p1a: Calyrex|Focus Sash\n|-damage|p1a: Calyrex|1/100\n|-damage|p1b: Rillaboom|61/100\n|-unboost|p1a: Calyrex|spa|1\n|move|p1a: Calyrex|Astral Barrage|p2b: Chi-Yu|[spread] p2a,p2b\n|-resisted|p2a: Sneasler\n|-resisted|p2b: Chi-Yu\n|-damage|p2a: Sneasler|68/100\n|-damage|p2b: Chi-Yu|62/100\n|move|p1b: Rillaboom|Drum Beating|p2b: Chi-Yu\n|-resisted|p2b: Chi-Yu\n|-damage|p2b: Chi-Yu|17/100\n|-unboost|p2b: Chi-Yu|spe|1\n|\n|-heal|p2a: Sneasler|73/100|[from] Grassy Terrain\n|-heal|p1a: Calyrex|7/100|[from] Grassy Terrain\n|-heal|p2b: Chi-Yu|23/100|[from] Grassy Terrain\n|-heal|p1b: Rillaboom|68/100|[from] Grassy Terrain\n|upkeep\n|turn|4\n|inactive|theanamoly has 30 seconds left.\n|inactive|theanamoly has 20 seconds left.\n|inactive|theanamoly has 15 seconds left.\n|inactive|theanamoly has 10 seconds left.\n|\n|t:|1745984123\n|switch|p2a: Calyrex|Calyrex-Shadow, L50|100/100\n|-ability|p2a: Calyrex|As One\n|-ability|p2a: Calyrex|Unnerve\n|move|p1a: Calyrex|Astral Barrage|p2a: Calyrex|[spread] p2a,p2b\n|-supereffective|p2a: Calyrex\n|-resisted|p2b: Chi-Yu\n|-damage|p2a: Calyrex|0 fnt\n|-damage|p2b: Chi-Yu|0 fnt\n|faint|p2a: Calyrex\n|faint|p2b: Chi-Yu\n|-ability|p1a: Calyrex|Grim Neigh|boost\n|-boost|p1a: Calyrex|spa|2\n|move|p1b: Rillaboom|Drum Beating|p2: Calyrex|[notarget]\n|-fail|p1b: Rillaboom\n|\n|-heal|p1a: Calyrex|12/100|[from] Grassy Terrain\n|-heal|p1b: Rillaboom|74/100|[from] Grassy Terrain\n|upkeep\n|\n|t:|1745984139\n|switch|p2a: Miraidon|Miraidon, L50|100/100\n|switch|p2b: Sneasler|Sneasler, L50, M, tera:Dark|73/100\n|-fieldstart|move: Electric Terrain|[from] ability: Hadron Engine|[of] p2a: Miraidon\n|turn|5\n|inactive|theanamoly has 30 seconds left.\n|\n|t:|1745984164\n|switch|p1b: Volcarona|Volcarona, L50, F|100/100\n|-status|p1b: Volcarona|tox\n|move|p1a: Calyrex|Protect|p1a: Calyrex\n|-singleturn|p1a: Calyrex|Protect\n|move|p2b: Sneasler|Dire Claw|p1b: Volcarona\n|-damage|p1b: Volcarona|61/100 tox\n|move|p2a: Miraidon|Dazzling Gleam|p1a: Calyrex|[spread] p1b\n|-activate|p1a: Calyrex|move: Protect\n|-resisted|p1b: Volcarona\n|-damage|p1b: Volcarona|48/100 tox\n|\n|-heal|p1b: Volcarona|54/100 tox|[from] item: Leftovers\n|-damage|p1b: Volcarona|48/100 tox|[from] psn\n|upkeep\n|turn|6\n|inactive|showdowntest1991 has 30 seconds left.\n|inactive|theanamoly has 30 seconds left.\n|\n|t:|1745984197\n|move|p1b: Volcarona|Rage Powder|p1b: Volcarona\n|-singleturn|p1b: Volcarona|move: Rage Powder\n|move|p1a: Calyrex|Astral Barrage|p2b: Sneasler|[spread] p2a,p2b\n|-resisted|p2b: Sneasler\n|-damage|p2a: Miraidon|56/100\n|-damage|p2b: Sneasler|12/100\n|move|p2b: Sneasler|Dire Claw|p1b: Volcarona\n|-damage|p1b: Volcarona|7/100 tox\n|move|p2a: Miraidon|Electro Drift|p1b: Volcarona\n|-damage|p1b: Volcarona|0 fnt\n|faint|p1b: Volcarona\n|\n|upkeep\n|\n|t:|1745984214\n|switch|p1b: Landorus|Landorus, L50, M|100/100\n|turn|7\n|\n|t:|1745984232\n|move|p1b: Landorus|Earth Power|p2a: Miraidon\n|-supereffective|p2a: Miraidon\n|-damage|p2a: Miraidon|0 fnt\n|faint|p2a: Miraidon\n|move|p1a: Calyrex|Astral Barrage|p2b: Sneasler\n|-resisted|p2b: Sneasler\n|-damage|p2b: Sneasler|0 fnt\n|faint|p2b: Sneasler\n|\n|win|showdowntest1991\n|raw|showdowntest1991's rating: 1085 &rarr; <strong>1106</strong><br />(+21 for winning)\n|raw|theanamoly's rating: 1007 &rarr; <strong>1000</strong><br />(-7 for losing)\n|l|\u2606showdowntest1991\n|player|p1|\n|c|\u2606theanamoly|gg\n", "uploadtime": 1745984288, "views": 13, "formatid": "gen9vgc2025regibo3", "rating": 1000, "private": 0, "password": null}