{"id": "gen9vgc2025regibo3-2353596831", "format": "[Gen 9] VGC 2025 Reg I (Bo3)", "players": ["krypton100", "rsmjkgv"], "log": "|j|\u2606krypton100\n|j|\u2606rsmjkgv\n|html|<table width=\"100%\"><tr><td align=\"left\">krypton100</td><td align=\"right\">rsmjkgv</tr><tr><td align=\"left\"><i class=\"fa fa-circle-o\"></i> <i class=\"fa fa-circle-o\"></i> </td><td align=\"right\"><i class=\"fa fa-circle-o\"></i> <i class=\"fa fa-circle\"></i> </tr></table>\n|uhtml|bestof|<h2><strong>Game 2</strong> of <a href=\"/game-bestof3-gen9vgc2025regibo3-2353595050\">a best-of-3</a></h2>\n|t:|1745972639\n|gametype|doubles\n|player|p1|krypton100|170|1104\n|player|p2|rsmjkgv|juan|1054\n|teamsize|p1|6\n|teamsize|p2|6\n|gen|9\n|tier|[Gen 9] VGC 2025 Reg I (Bo3)\n|rated|\n|rule|Species Clause: Limit one of each Pok\u00e9mon\n|rule|Item Clause: Limit 1 of each item\n|clearpoke\n|poke|p1|Ogerpon-Cornerstone, L50, F|\n|poke|p1|Zamazenta-*, L50|\n|poke|p1|Kyogre, L50|\n|poke|p1|Amoonguss, L50, M|\n|poke|p1|Urshifu-*, L50, F|\n|poke|p1|Tornadus, L50, M|\n|poke|p2|Groudon, L50|\n|poke|p2|Oranguru, L50, M|\n|poke|p2|Jumpluff, L50, F|\n|poke|p2|Palkia-Origin, L50|\n|poke|p2|Ogerpon-Wellspring, L50, F|\n|poke|p2|Salamence, L50, M|\n|teampreview|4\n|showteam|p1|Ogerpon-Cornerstone||CornerstoneMask|Sturdy|IvyCudgel,FollowMe,SpikyShield,HelpingHand|||F|||50|,,,,,Rock]Zamazenta-Crowned||RustedShield|DauntlessShield|BodyPress,HeavySlam,WideGuard,Protect||||||50|,,,,,Dragon]Kyogre||MysticWater|Drizzle|OriginPulse,IceBeam,WaterSpout,Protect||||||50|,,,,,Grass]Amoonguss||RockyHelmet|Regenerator|Spore,RagePowder,PollenPuff,Protect|||M|||50|,,,,,Water]Urshifu-Rapid-Strike||ChoiceScarf|UnseenFist|SurgingStrikes,CloseCombat,Uturn,RainDance|||F|||50|,,,,,Water]Tornadus||CovertCloak|Prankster|BleakwindStorm,Tailwind,Taunt,RainDance|||M|||50|,,,,,Steel\n|showteam|p2|Groudon||ChoiceBand|Drought|Earthquake,FirePunch,RockSlide,DoubleEdge||||||50|,,,,,Fire]Oranguru||SafetyGoggles|Telepathy|Instruct,TrickRoom,Taunt,FoulPlay|||M|||50|,,,,,Dark]Jumpluff||FocusSash|Chlorophyll|Tailwind,SleepPowder,Encore,PollenPuff|||F|||50|,,,,,Dark]Palkia-Origin||LustrousGlobe|Telepathy|DracoMeteor,Flamethrower,PowerGem,Surf||||||50|,,,,,Water]Ogerpon-Wellspring||WellspringMask|WaterAbsorb|FollowMe,SpikyShield,IvyCudgel,HornLeech|||F|||50|,,,,,Water]Salamence||LifeOrb|Intimidate|HeatWave,AirSlash,DracoMeteor,Protect|||M|||50|,,,,,Dragon\n|inactive|Battle timer is ON: inactive players will automatically lose when time's up. (requested by rsmjkgv)\n|inactive|rsmjkgv has 60 seconds left.\n|inactive|krypton100 has 60 seconds left.\n|\n|t:|1745972677\n|start\n|switch|p1a: Pececillo|Kyogre, L50|100/100\n|switch|p1b: Vientin|Tornadus, L50, M|100/100\n|switch|p2a: Salamence|Salamence, L50, M|100/100\n|switch|p2b: Groudon|Groudon, L50|100/100\n|-ability|p2a: Salamence|Intimidate|boost\n|-unboost|p1a: Pececillo|atk|1\n|-unboost|p1b: Vientin|atk|1\n|-weather|RainDance|[from] ability: Drizzle|[of] p1a: Pececillo\n|-weather|SunnyDay|[from] ability: Drought|[of] p2b: Groudon\n|turn|1\n|inactive|rsmjkgv has 30 seconds left.\n|inactive|krypton100 has 30 seconds left.\n|\n|t:|1745972717\n|move|p1b: Vientin|Rain Dance|p1b: Vientin\n|-weather|RainDance\n|move|p2a: Salamence|Draco Meteor|p1a: Pececillo\n|-damage|p1a: Pececillo|51/100\n|-unboost|p2a: Salamence|spa|2\n|-damage|p2a: Salamence|90/100|[from] item: Life Orb\n|move|p1a: Pececillo|Origin Pulse|p2b: Groudon|[spread] p2a\n|-miss|p1a: Pececillo|p2b: Groudon\n|-resisted|p2a: Salamence\n|-damage|p2a: Salamence|29/100\n|move|p2b: Groudon|Rock Slide|p1b: Vientin|[spread] \n|-miss|p2b: Groudon|p1a: Pececillo\n|-miss|p2b: Groudon|p1b: Vientin\n|\n|-weather|RainDance|[upkeep]\n|upkeep\n|turn|2\n|\n|t:|1745972737\n|switch|p2b: Ogerpon|Ogerpon-Wellspring, L50, F|100/100\n|move|p2a: Salamence|Protect|p2a: Salamence\n|-singleturn|p2a: Salamence|Protect\n|move|p1b: Vientin|Tailwind|p1b: Vientin\n|-sidestart|p1: krypton100|move: Tailwind\n|move|p1a: Pececillo|Origin Pulse|p2b: Ogerpon|[spread] \n|-activate|p2a: Salamence|move: Protect\n|-immune|p2b: Ogerpon|[from] ability: Water Absorb\n|\n|-weather|RainDance|[upkeep]\n|upkeep\n|turn|3\n|\n|t:|1745972760\n|switch|p1a: Escudos|Zamazenta-Crowned, L50|100/100\n|-ability|p1a: Escudos|Dauntless Shield|boost\n|-boost|p1a: Escudos|def|1\n|switch|p2a: Palkia|Palkia-Origin, L50|100/100\n|move|p1b: Vientin|Taunt|p2b: Ogerpon\n|-start|p2b: Ogerpon|move: Taunt\n|move|p2b: Ogerpon|Ivy Cudgel|p1b: Vientin|[anim] Ivy Cudgel Water\n|-damage|p1b: Vientin|8/100\n|\n|-weather|RainDance|[upkeep]\n|upkeep\n|turn|4\n|inactive|krypton100 has 30 seconds left.\n|\n|t:|1745972787\n|move|p1a: Escudos|Heavy Slam|p2b: Ogerpon\n|-resisted|p2b: Ogerpon\n|-damage|p2b: Ogerpon|75/100\n|move|p1b: Vientin|Bleakwind Storm|p2a: Palkia|[spread] p2a,p2b\n|-supereffective|p2b: Ogerpon\n|-damage|p2a: Palkia|73/100\n|-damage|p2b: Ogerpon|17/100\n|move|p2a: Palkia|Surf|p1b: Vientin|[spread] p1a,p1b\n|-heal|p2b: Ogerpon|42/100|[from] ability: Water Absorb|[of] p2a: Palkia\n|-damage|p1a: Escudos|40/100\n|-damage|p1b: Vientin|0 fnt\n|faint|p1b: Vientin\n|move|p2b: Ogerpon|Ivy Cudgel|p1a: Escudos|[anim] Ivy Cudgel Water\n|-damage|p1a: Escudos|2/100\n|\n|-weather|RainDance|[upkeep]\n|upkeep\n|\n|t:|1745972805\n|switch|p1b: 1000caras|Ogerpon-Cornerstone, L50, F|100/100\n|turn|5\n|\n|t:|1745972828\n|move|p1b: 1000caras|Helping Hand|p1a: Escudos\n|-singleturn|p1a: Escudos|Helping Hand|[of] p1b: 1000caras\n|move|p1a: Escudos|Heavy Slam|p2b: Ogerpon\n|-resisted|p2b: Ogerpon\n|-damage|p2b: Ogerpon|0 fnt\n|faint|p2b: Ogerpon\n|move|p2a: Palkia|Surf|p1a: Escudos|[spread] p1a,p1b\n|-damage|p1a: Escudos|0 fnt\n|-damage|p1b: 1000caras|31/100\n|faint|p1a: Escudos\n|\n|-weather|none\n|-sideend|p1: krypton100|move: Tailwind\n|upkeep\n|\n|t:|1745972849\n|switch|p1a: Pececillo|Kyogre, L50|51/100\n|switch|p2b: Salamence|Salamence, L50, M|29/100\n|-ability|p2b: Salamence|Intimidate|boost\n|-unboost|p1a: Pececillo|atk|1\n|-unboost|p1b: 1000caras|atk|1\n|-weather|RainDance|[from] ability: Drizzle|[of] p1a: Pececillo\n|turn|6\n|\n|t:|1745972864\n|move|p1b: 1000caras|Spiky Shield|p1b: 1000caras\n|-singleturn|p1b: 1000caras|move: Protect\n|move|p2a: Palkia|Draco Meteor|p1a: Pececillo\n|-damage|p1a: Pececillo|0 fnt\n|-unboost|p2a: Palkia|spa|2\n|faint|p1a: Pececillo\n|move|p2b: Salamence|Air Slash|p1b: 1000caras\n|-activate|p1b: 1000caras|move: Protect\n|\n|-weather|RainDance|[upkeep]\n|upkeep\n|turn|7\n|\n|t:|1745972878\n|move|p2a: Palkia|Surf|p1b: 1000caras|[spread] p2b,p1b\n|-resisted|p2b: Salamence\n|-damage|p2b: Salamence|6/100\n|-damage|p1b: 1000caras|0 fnt\n|faint|p1b: 1000caras\n|\n|win|rsmjkgv\n|raw|krypton100's rating: 1104 &rarr; <strong>1075</strong><br />(-29 for losing)\n|raw|rsmjkgv's rating: 1054 &rarr; <strong>1090</strong><br />(+36 for winning)\n|l|\u2606rsmjkgv\n|player|p2|\n|l|\u2606krypton100\n|player|p1|\n", "uploadtime": 1745973176, "views": 7, "formatid": "gen9vgc2025regibo3", "rating": 1075, "private": 0, "password": null}