{"id": "gen9vgc2025regibo3-2353796038", "format": "[Gen 9] VGC 2025 Reg I (Bo3)", "players": ["Loreb70", "TrCJags"], "log": "|j|\u2606Loreb70\n|j|\u2606TrCJags\n|html|<table width=\"100%\"><tr><td align=\"left\">Loreb70</td><td align=\"right\">TrCJags</tr><tr><td align=\"left\"><i class=\"fa fa-circle-o\"></i> <i class=\"fa fa-circle-o\"></i> </td><td align=\"right\"><i class=\"fa fa-circle-o\"></i> <i class=\"fa fa-circle\"></i> </tr></table>\n|uhtml|bestof|<h2><strong>Game 2</strong> of <a href=\"/game-bestof3-gen9vgc2025regibo3-2353794497\">a best-of-3</a></h2>\n|t:|1746001371\n|gametype|doubles\n|player|p1|Loreb70|colress|1200\n|player|p2|TrCJags|scientist-gen4dp|1156\n|teamsize|p1|6\n|teamsize|p2|6\n|gen|9\n|tier|[Gen 9] VGC 2025 Reg I (Bo3)\n|rated|\n|rule|Species Clause: Limit one of each Pok\u00e9mon\n|rule|Item Clause: Limit 1 of each item\n|clearpoke\n|poke|p1|Calyrex-Shadow, L50|\n|poke|p1|Chi-Yu, L50|\n|poke|p1|Ogerpon-Cornerstone, L50, F|\n|poke|p1|Koraidon, L50|\n|poke|p1|Raging Bolt, L50|\n|poke|p1|Indeedee-F, L50, F|\n|poke|p2|Calyrex-Shadow, L50|\n|poke|p2|Koraidon, L50|\n|poke|p2|Ogerpon-Cornerstone, L50, F|\n|poke|p2|Chi-Yu, L50|\n|poke|p2|Raging Bolt, L50|\n|poke|p2|Jumpluff, L50, F|\n|teampreview|4\n|showteam|p1|Calyrex-Shadow||LifeOrb|AsOneSpectrier|AstralBarrage,ExpandingForce,Imprison,Protect||||||50|,,,,,Grass]Chi-Yu||ChoiceScarf|BeadsofRuin|HeatWave,DarkPulse,Overheat,Snarl||||||50|,,,,,Ghost]Ogerpon-Cornerstone||CornerstoneMask|Sturdy|IvyCudgel,PowerWhip,FollowMe,SpikyShield|||F|||50|,,,,,Rock]Koraidon||ClearAmulet|OrichalcumPulse|CollisionCourse,BreakingSwipe,FlareBlitz,Protect||||||50|,,,,,Fire]Raging Bolt||AssaultVest|Protosynthesis|Thunderbolt,DracoMeteor,Thunderclap,Electroweb||||||50|,,,,,Electric]Indeedee-F||RockyHelmet|PsychicSurge|Psychic,FollowMe,Imprison,TrickRoom|||F|||50|,,,,,Fairy\n|showteam|p2|Calyrex-Shadow||FocusSash|AsOneSpectrier|AstralBarrage,DrainingKiss,Protect,Encore||||||50|,,,,,Fairy]Koraidon||LifeOrb|OrichalcumPulse|FlareBlitz,FlameCharge,CloseCombat,Protect||||||50|,,,,,Fire]Ogerpon-Cornerstone||CornerstoneMask|Sturdy|IvyCudgel,Taunt,SpikyShield,FollowMe|||F|||50|,,,,,Rock]Chi-Yu||ChoiceScarf|BeadsofRuin|HeatWave,DarkPulse,Snarl,Overheat||||||50|,,,,,Ghost]Raging Bolt||SafetyGoggles|Protosynthesis|Thunderclap,DracoMeteor,VoltSwitch,Protect||||||50|,,,,,Electric]Jumpluff||CovertCloak|Chlorophyll|RagePowder,SleepPowder,Tailwind,PollenPuff|||F|||50|,,,,,Dark\n|inactive|Battle timer is ON: inactive players will automatically lose when time's up. (requested by Loreb70)\n|\n|t:|1746001396\n|start\n|switch|p1a: Calyrex|Calyrex-Shadow, L50|100/100\n|switch|p1b: Indeedee|Indeedee-F, L50, F|100/100\n|switch|p2a: Chi-Yu|Chi-Yu, L50|100/100\n|switch|p2b: Calyrex|Calyrex-Shadow, L50|100/100\n|-ability|p2b: Calyrex|As One\n|-ability|p2b: Calyrex|Unnerve\n|-ability|p1a: Calyrex|As One\n|-ability|p1a: Calyrex|Unnerve\n|-ability|p2a: Chi-Yu|Beads of Ruin\n|-fieldstart|move: Psychic Terrain|[from] ability: Psychic Surge|[of] p1b: Indeedee\n|turn|1\n|inactive|Loreb70 has 30 seconds left.\n|inactive|TrCJags has 30 seconds left.\n|inactive|Loreb70 has 20 seconds left.\n|inactive|TrCJags has 20 seconds left.\n|inactive|TrCJags has 15 seconds left.\n|inactive|TrCJags has 10 seconds left.\n|\n|t:|1746001444\n|switch|p1b: Chi-Yu|Chi-Yu, L50|100/100\n|-ability|p1b: Chi-Yu|Beads of Ruin\n|move|p1a: Calyrex|Protect|p1a: Calyrex\n|-singleturn|p1a: Calyrex|Protect\n|move|p2b: Calyrex|Protect|p2b: Calyrex\n|-singleturn|p2b: Calyrex|Protect\n|move|p2a: Chi-Yu|Heat Wave|p1a: Calyrex|[spread] p1b\n|-activate|p1a: Calyrex|move: Protect\n|-resisted|p1b: Chi-Yu\n|-damage|p1b: Chi-Yu|78/100\n|\n|upkeep\n|turn|2\n|inactive|TrCJags has 30 seconds left.\n|\n|t:|1746001477\n|move|p1b: Chi-Yu|Snarl|p2a: Chi-Yu|[spread] p2a,p2b\n|-resisted|p2a: Chi-Yu\n|-supereffective|p2b: Calyrex\n|-damage|p2a: Chi-Yu|87/100\n|-enditem|p2b: Calyrex|Focus Sash\n|-damage|p2b: Calyrex|1/100\n|-unboost|p2a: Chi-Yu|spa|1\n|-unboost|p2b: Calyrex|spa|1\n|move|p2a: Chi-Yu|Heat Wave|p1b: Chi-Yu|[spread] p1a,p1b\n|-resisted|p1b: Chi-Yu\n|-damage|p1a: Calyrex|65/100\n|-damage|p1b: Chi-Yu|65/100\n|move|p2b: Calyrex|Encore|p1a: Calyrex\n|-start|p1a: Calyrex|Encore\n|move|p1a: Calyrex|Protect||[still]\n|-fail|p1a: Calyrex\n|\n|upkeep\n|turn|3\n|inactive|TrCJags has 30 seconds left.\n|\n|t:|1746001505\n|switch|p1a: Koraidon|Koraidon, L50|100/100\n|-weather|SunnyDay|[from] ability: Orichalcum Pulse|[of] p1a: Koraidon\n|-activate|p1a: Koraidon|Orichalcum Pulse|[source]\n|switch|p2b: Koraidon|Koraidon, L50|100/100\n|-activate|p2b: Koraidon|ability: Orichalcum Pulse\n|move|p1b: Chi-Yu|Snarl|p2a: Chi-Yu|[spread] p2a,p2b\n|-resisted|p2a: Chi-Yu\n|-resisted|p2b: Koraidon\n|-damage|p2a: Chi-Yu|73/100\n|-damage|p2b: Koraidon|84/100\n|-unboost|p2a: Chi-Yu|spa|1\n|-unboost|p2b: Koraidon|spa|1\n|move|p2a: Chi-Yu|Heat Wave|p1b: Chi-Yu|[spread] p1a,p1b\n|-resisted|p1a: Koraidon\n|-resisted|p1b: Chi-Yu\n|-damage|p1a: Koraidon|81/100\n|-damage|p1b: Chi-Yu|48/100\n|\n|-weather|SunnyDay|[upkeep]\n|upkeep\n|turn|4\n|inactive|TrCJags has 30 seconds left.\n|inactive|TrCJags has 20 seconds left.\n|inactive|TrCJags has 15 seconds left.\n|\n|t:|1746001550\n|switch|p1b: Indeedee|Indeedee-F, L50, F|100/100\n|move|p2a: Chi-Yu|Heat Wave|p1a: Koraidon|[spread] p1a,p1b\n|-resisted|p1a: Koraidon\n|-damage|p1a: Koraidon|60/100\n|-damage|p1b: Indeedee|63/100\n|move|p2b: Koraidon|Close Combat|p1a: Koraidon\n|-damage|p1a: Koraidon|0 fnt\n|-unboost|p2b: Koraidon|def|1\n|-unboost|p2b: Koraidon|spd|1\n|faint|p1a: Koraidon\n|-damage|p2b: Koraidon|75/100|[from] item: Life Orb\n|\n|-weather|SunnyDay|[upkeep]\n|upkeep\n|\n|t:|1746001567\n|switch|p1a: Calyrex|Calyrex-Shadow, L50|65/100\n|-ability|p1a: Calyrex|As One\n|-ability|p1a: Calyrex|Unnerve\n|turn|5\n|\n|t:|1746001584\n|switch|p2a: Calyrex|Calyrex-Shadow, L50|1/100\n|-ability|p2a: Calyrex|As One\n|-ability|p2a: Calyrex|Unnerve\n|switch|p2b: Ogerpon|Ogerpon-Cornerstone, L50, F|100/100\n|move|p1b: Indeedee|Follow Me|p1b: Indeedee\n|-singleturn|p1b: Indeedee|move: Follow Me\n|move|p1a: Calyrex|Astral Barrage|p2b: Ogerpon|[spread] p2a,p2b\n|-supereffective|p2a: Calyrex\n|-damage|p2a: Calyrex|0 fnt\n|-damage|p2b: Ogerpon|35/100\n|faint|p2a: Calyrex\n|-ability|p1a: Calyrex|Grim Neigh|boost\n|-boost|p1a: Calyrex|spa|1\n|-damage|p1a: Calyrex|56/100|[from] item: Life Orb\n|\n|-weather|SunnyDay|[upkeep]\n|-fieldend|move: Psychic Terrain\n|upkeep\n|\n|t:|1746001602\n|switch|p2a: Chi-Yu|Chi-Yu, L50|73/100\n|-ability|p2a: Chi-Yu|Beads of Ruin\n|turn|6\n|inactive|TrCJags has 30 seconds left.\n|\n|t:|1746001630\n|move|p1a: Calyrex|Protect|p1a: Calyrex\n|-singleturn|p1a: Calyrex|Protect\n|move|p2b: Ogerpon|Spiky Shield|p2b: Ogerpon\n|-singleturn|p2b: Ogerpon|move: Protect\n|move|p2a: Chi-Yu|Snarl|p1b: Indeedee|[spread] p1b\n|-activate|p1a: Calyrex|move: Protect\n|-supereffective|p1b: Indeedee\n|-damage|p1b: Indeedee|4/100\n|-unboost|p1b: Indeedee|spa|1\n|move|p1b: Indeedee|Psychic|p2b: Ogerpon\n|-activate|p2b: Ogerpon|move: Protect\n|\n|-weather|SunnyDay|[upkeep]\n|upkeep\n|turn|7\n|\n|t:|1746001651\n|-terastallize|p1a: Calyrex|Grass\n|move|p1b: Indeedee|Follow Me|p1b: Indeedee\n|-singleturn|p1b: Indeedee|move: Follow Me\n|move|p2a: Chi-Yu|Snarl|p1a: Calyrex|[spread] p1a,p1b\n|-supereffective|p1b: Indeedee\n|-damage|p1a: Calyrex|22/100\n|-damage|p1b: Indeedee|0 fnt\n|-unboost|p1a: Calyrex|spa|1\n|faint|p1b: Indeedee\n|move|p1a: Calyrex|Astral Barrage|p2a: Chi-Yu|[spread] p2a,p2b\n|-resisted|p2a: Chi-Yu\n|-damage|p2a: Chi-Yu|30/100\n|-damage|p2b: Ogerpon|0 fnt\n|faint|p2b: Ogerpon\n|-ability|p1a: Calyrex|Grim Neigh|boost\n|-boost|p1a: Calyrex|spa|1\n|-damage|p1a: Calyrex|12/100|[from] item: Life Orb\n|\n|-weather|none\n|upkeep\n|inactive|Loreb70 has 30 seconds left.\n|\n|t:|1746001679\n|switch|p2b: Koraidon|Koraidon, L50|75/100\n|switch|p1b: Chi-Yu|Chi-Yu, L50|48/100\n|-ability|p1b: Chi-Yu|Beads of Ruin\n|-weather|SunnyDay|[from] ability: Orichalcum Pulse|[of] p2b: Koraidon\n|-activate|p2b: Koraidon|Orichalcum Pulse|[source]\n|turn|8\n|inactive|TrCJags has 30 seconds left.\n|inactive|TrCJags has 20 seconds left.\n|inactive|TrCJags has 15 seconds left.\n|\n|t:|1746001724\n|-terastallize|p2b: Koraidon|Fire\n|move|p2a: Chi-Yu|Snarl|p1a: Calyrex|[spread] p1a,p1b\n|-resisted|p1b: Chi-Yu\n|-damage|p1a: Calyrex|0 fnt\n|-damage|p1b: Chi-Yu|36/100\n|-unboost|p1b: Chi-Yu|spa|1\n|faint|p1a: Calyrex\n|move|p1b: Chi-Yu|Dark Pulse|p2a: Chi-Yu\n|-resisted|p2a: Chi-Yu\n|-damage|p2a: Chi-Yu|13/100\n|move|p2b: Koraidon|Close Combat|p1b: Chi-Yu\n|-supereffective|p1b: Chi-Yu\n|-damage|p1b: Chi-Yu|0 fnt\n|-unboost|p2b: Koraidon|def|1\n|-unboost|p2b: Koraidon|spd|1\n|faint|p1b: Chi-Yu\n|-damage|p2b: Koraidon|65/100|[from] item: Life Orb\n|\n|win|TrCJags\n|raw|Loreb70's rating: 1200 &rarr; <strong>1172</strong><br />(-28 for losing)\n|raw|TrCJags's rating: 1156 &rarr; <strong>1184</strong><br />(+28 for winning)\n", "uploadtime": 1746001753, "views": 10, "formatid": "gen9vgc2025regibo3", "rating": 1172, "private": 0, "password": null}