{"id": "gen9vgc2025regibo3-2354591966", "format": "[Gen 9] VGC 2025 Reg I (Bo3)", "players": ["Black urshifu stan", "Monsteralover"], "log": "|j|\u2606Black urshifu stan\n|j|\u2606Monsteralover\n|html|<table width=\"100%\"><tr><td align=\"left\">Black urshifu stan</td><td align=\"right\">Monsteralover</tr><tr><td align=\"left\"><i class=\"fa fa-circle-o\"></i> <i class=\"fa fa-circle-o\"></i> </td><td align=\"right\"><i class=\"fa fa-circle-o\"></i> <i class=\"fa fa-circle\"></i> </tr></table>\n|uhtml|bestof|<h2><strong>Game 2</strong> of <a href=\"/game-bestof3-gen9vgc2025regibo3-2354589522\">a best-of-3</a></h2>\n|t:|1746099903\n|gametype|doubles\n|player|p1|Black urshifu stan|266|1386\n|player|p2|Monsteralover|2|1383\n|teamsize|p1|6\n|teamsize|p2|6\n|gen|9\n|tier|[Gen 9] VGC 2025 Reg I (Bo3)\n|rated|\n|rule|Species Clause: Limit one of each Pok\u00e9mon\n|rule|Item Clause: Limit 1 of each item\n|clearpoke\n|poke|p1|Calyrex-Shadow, L50|\n|poke|p1|Miraidon, L50|\n|poke|p1|Iron Hands, L50|\n|poke|p1|Iron Treads, L50|\n|poke|p1|Grimmsnarl, L50, M|\n|poke|p1|Volcarona, L50, M|\n|poke|p2|Terapagos, L50, M|\n|poke|p2|Incineroar, L50, F|\n|poke|p2|Rillaboom, L50, M|\n|poke|p2|Ogerpon-Cornerstone, L50, F|\n|poke|p2|Grimmsnarl, L50, M|\n|poke|p2|Calyrex-Shadow, L50|\n|teampreview|4\n|showteam|p1|Calyrex-Shadow||FocusSash|AsOneSpectrier|AstralBarrage,Psychic,Encore,Protect||||||50|,,,,,Ghost]Miraidon||ChoiceSpecs|HadronEngine|ElectroDrift,DracoMeteor,VoltSwitch,DazzlingGleam||||||50|,,,,,Fairy]Iron Hands||AssaultVest|QuarkDrive|FakeOut,DrainPunch,LowKick,WildCharge||||||50|,,,,,Water]Iron Treads||ChoiceBand|QuarkDrive|IronHead,SteelRoller,HighHorsepower,KnockOff||||||50|,,,,,Ghost]Grimmsnarl||LightClay|Prankster|FoulPlay,ThunderWave,LightScreen,Reflect|||M|||50|,,,,,Ghost]Volcarona||ElectricSeed|FlameBody|FieryDance,GigaDrain,QuiverDance,Protect|||M|||50|,,,,,Grass\n|showteam|p2|Terapagos||Leftovers|TeraShift|TeraStarstorm,EarthPower,Protect,CalmMind|||M|||50|,,,,,Stellar]Incineroar||RockyHelmet|Intimidate|KnockOff,FakeOut,WillOWisp,PartingShot|||F|||50|,,,,,Water]Rillaboom||AssaultVest|GrassySurge|FakeOut,DrumBeating,Uturn,GrassyGlide|||M|||50|,,,,,Fire]Ogerpon-Cornerstone||CornerstoneMask|Sturdy|IvyCudgel,SpikyShield,FollowMe,Encore|||F|||50|,,,,,Rock]Grimmsnarl||LightClay|Prankster|SpiritBreak,Reflect,ThunderWave,LightScreen|||M|||50|,,,,,Ghost]Calyrex-Shadow||FocusSash|AsOneSpectrier|AstralBarrage,Psychic,NastyPlot,Protect||||||50|,,,,,Ghost\n|inactive|Battle timer is ON: inactive players will automatically lose when time's up. (requested by Black urshifu stan)\n|\n|t:|1746099918\n|start\n|switch|p1a: Grimmsnarl|Grimmsnarl, L50, M, shiny|100/100\n|switch|p1b: Calyrex|Calyrex-Shadow, L50|100/100\n|switch|p2a: Calyrex|Calyrex-Shadow, L50|100/100\n|switch|p2b: Incineroar|Incineroar, L50, F|100/100\n|-ability|p2a: Calyrex|As One\n|-ability|p2a: Calyrex|Unnerve\n|-ability|p1b: Calyrex|As One\n|-ability|p1b: Calyrex|Unnerve\n|-ability|p2b: Incineroar|Intimidate|boost\n|-unboost|p1a: Grimmsnarl|atk|1\n|-unboost|p1b: Calyrex|atk|1\n|turn|1\n|\n|t:|1746099938\n|move|p2b: Incineroar|Fake Out|p1a: Grimmsnarl\n|-damage|p1a: Grimmsnarl|92/100\n|cant|p1a: Grimmsnarl|flinch\n|move|p1b: Calyrex|Astral Barrage|p2a: Calyrex|[spread] p2a,p2b\n|-supereffective|p2a: Calyrex\n|-resisted|p2b: Incineroar\n|-enditem|p2a: Calyrex|Focus Sash\n|-damage|p2a: Calyrex|1/100\n|-damage|p2b: Incineroar|76/100\n|move|p2a: Calyrex|Astral Barrage|p1b: Calyrex|[spread] p1a,p1b\n|-resisted|p1a: Grimmsnarl\n|-supereffective|p1b: Calyrex\n|-damage|p1a: Grimmsnarl|65/100\n|-enditem|p1b: Calyrex|Focus Sash\n|-damage|p1b: Calyrex|1/100\n|\n|upkeep\n|turn|2\n|\n|t:|1746099960\n|switch|p2b: Terapagos|Terapagos, L50, M|100/100\n|-activate|p2b: Terapagos|ability: Tera Shift\n|detailschange|p2b: Terapagos|Terapagos-Terastal, L50, M\n|-heal|p2b: Terapagos|100/100|[silent]\n|move|p2a: Calyrex|Protect|p2a: Calyrex\n|-singleturn|p2a: Calyrex|Protect\n|move|p1b: Calyrex|Protect|p1b: Calyrex\n|-singleturn|p1b: Calyrex|Protect\n|move|p1a: Grimmsnarl|Thunder Wave|p2a: Calyrex\n|-activate|p2a: Calyrex|move: Protect\n|\n|upkeep\n|turn|3\n|\n|t:|1746099988\n|switch|p2a: Incineroar|Incineroar, L50, F|76/100\n|-ability|p2a: Incineroar|Intimidate|boost\n|-unboost|p1a: Grimmsnarl|atk|1\n|-unboost|p1b: Calyrex|atk|1\n|move|p1a: Grimmsnarl|Thunder Wave|p2a: Incineroar\n|-hint|Since gen 7, Dark is immune to Prankster moves.\n|-immune|p2a: Incineroar\n|move|p1b: Calyrex|Astral Barrage|p2b: Terapagos|[spread] p2a\n|-immune|p2b: Terapagos\n|-resisted|p2a: Incineroar\n|-damage|p2a: Incineroar|50/100\n|move|p2b: Terapagos|Earth Power|p1b: Calyrex\n|-damage|p1b: Calyrex|0 fnt\n|faint|p1b: Calyrex\n|\n|upkeep\n|\n|t:|1746099993\n|switch|p1b: Volcarona|Volcarona, L50, M|100/100\n|turn|4\n|\n|t:|1746100000\n|move|p2a: Incineroar|Fake Out|p1b: Volcarona\n|-damage|p1b: Volcarona|86/100\n|move|p1a: Grimmsnarl|Light Screen|p1a: Grimmsnarl\n|-sidestart|p1: Black urshifu stan|move: Light Screen\n|cant|p1b: Volcarona|flinch\n|move|p2b: Terapagos|Calm Mind|p2b: Terapagos\n|-boost|p2b: Terapagos|spa|1\n|-boost|p2b: Terapagos|spd|1\n|\n|upkeep\n|turn|5\n|\n|t:|1746100020\n|move|p1a: Grimmsnarl|Thunder Wave|p2b: Terapagos\n|-status|p2b: Terapagos|par\n|move|p1b: Volcarona|Quiver Dance|p1b: Volcarona\n|-boost|p1b: Volcarona|spa|1\n|-boost|p1b: Volcarona|spd|1\n|-boost|p1b: Volcarona|spe|1\n|move|p2a: Incineroar|Knock Off|p1b: Volcarona\n|-damage|p1b: Volcarona|38/100\n|-enditem|p1b: Volcarona|Electric Seed|[from] move: Knock Off|[of] p2a: Incineroar\n|move|p2b: Terapagos|Calm Mind|p2b: Terapagos\n|-boost|p2b: Terapagos|spa|1\n|-boost|p2b: Terapagos|spd|1\n|\n|upkeep\n|turn|6\n|inactive|Monsteralover has 30 seconds left.\n|\n|t:|1746100050\n|move|p1b: Volcarona|Protect|p1b: Volcarona\n|-singleturn|p1b: Volcarona|Protect\n|move|p2a: Incineroar|Parting Shot|p1a: Grimmsnarl\n|-unboost|p1a: Grimmsnarl|atk|1\n|-unboost|p1a: Grimmsnarl|spa|1\n|\n|t:|1746100059\n|switch|p2a: Rillaboom|Rillaboom, L50, M|100/100|[from] Parting Shot\n|-fieldstart|move: Grassy Terrain|[from] ability: Grassy Surge|[of] p2a: Rillaboom\n|move|p1a: Grimmsnarl|Foul Play|p2a: Rillaboom\n|-damage|p2a: Rillaboom|55/100\n|move|p2b: Terapagos|Tera Starstorm|p1b: Volcarona\n|-activate|p1b: Volcarona|move: Protect\n|\n|-heal|p1b: Volcarona|45/100|[from] Grassy Terrain\n|-heal|p2a: Rillaboom|61/100|[from] Grassy Terrain\n|-heal|p1a: Grimmsnarl|71/100|[from] Grassy Terrain\n|upkeep\n|turn|7\n|\n|t:|1746100078\n|switch|p2a: Incineroar|Incineroar, L50, F|50/100\n|-ability|p2a: Incineroar|Intimidate|boost\n|-unboost|p1a: Grimmsnarl|atk|1\n|-unboost|p1b: Volcarona|atk|1\n|-terastallize|p2b: Terapagos|Stellar\n|detailschange|p2b: Terapagos|Terapagos-Stellar, L50, M, tera:Stellar\n|-heal|p2b: Terapagos|100/100 par|[silent]\n|-ability|p2b: Terapagos|Teraform Zero\n|-fieldend|move: Grassy Terrain\n|move|p1b: Volcarona|Fiery Dance|p2a: Incineroar\n|-resisted|p2a: Incineroar\n|-damage|p2a: Incineroar|20/100\n|-boost|p1b: Volcarona|spa|1\n|move|p1a: Grimmsnarl|Foul Play|p2b: Terapagos\n|-damage|p2b: Terapagos|87/100 par\n|cant|p2b: Terapagos|par\n|\n|-heal|p2b: Terapagos|93/100 par|[from] item: Leftovers\n|upkeep\n|turn|8\n|inactive|Monsteralover has 30 seconds left.\n|\n|t:|1746100104\n|move|p1b: Volcarona|Protect|p1b: Volcarona\n|-singleturn|p1b: Volcarona|Protect\n|move|p1a: Grimmsnarl|Reflect|p1a: Grimmsnarl\n|-sidestart|p1: Black urshifu stan|Reflect\n|move|p2a: Incineroar|Will-O-Wisp|p1a: Grimmsnarl\n|-status|p1a: Grimmsnarl|brn\n|move|p2b: Terapagos|Tera Starstorm|p1a: Grimmsnarl|[spread] p1a\n|-activate|p1b: Volcarona|move: Protect\n|-damage|p1a: Grimmsnarl|28/100 brn\n|\n|-heal|p2b: Terapagos|99/100 par|[from] item: Leftovers\n|-damage|p1a: Grimmsnarl|22/100 brn|[from] brn\n|upkeep\n|turn|9\n|\n|t:|1746100120\n|switch|p1a: Iron Hands|Iron Hands, L50|100/100\n|move|p1b: Volcarona|Giga Drain|p2a: Incineroar\n|-resisted|p2a: Incineroar\n|-damage|p2a: Incineroar|0 fnt\n|-heal|p1b: Volcarona|56/100|[from] drain|[of] p2a: Incineroar\n|faint|p2a: Incineroar\n|cant|p2b: Terapagos|par\n|\n|-heal|p2b: Terapagos|100/100 par|[from] item: Leftovers\n|upkeep\n|\n|t:|1746100129\n|switch|p2a: Rillaboom|Rillaboom, L50, M|61/100\n|-fieldstart|move: Grassy Terrain|[from] ability: Grassy Surge|[of] p2a: Rillaboom\n|turn|10\n|inactive|Monsteralover has 30 seconds left.\n|\n|t:|1746100155\n|-end|p1a: Iron Hands|Quark Drive|[silent]\n|switch|p1a: Grimmsnarl|Grimmsnarl, L50, M, shiny|22/100 brn\n|move|p1b: Volcarona|Protect|p1b: Volcarona\n|-singleturn|p1b: Volcarona|Protect\n|move|p2a: Rillaboom|Fake Out|p1a: Grimmsnarl\n|-crit|p1a: Grimmsnarl\n|-damage|p1a: Grimmsnarl|4/100 brn\n|move|p2b: Terapagos|Tera Starstorm|p1a: Grimmsnarl|[spread] p1a\n|-activate|p1b: Volcarona|move: Protect\n|-damage|p1a: Grimmsnarl|0 fnt\n|faint|p1a: Grimmsnarl\n|\n|-heal|p1b: Volcarona|62/100|[from] Grassy Terrain\n|-heal|p2a: Rillaboom|67/100|[from] Grassy Terrain\n|upkeep\n|\n|t:|1746100162\n|switch|p1a: Iron Hands|Iron Hands, L50|100/100\n|turn|11\n|\n|t:|1746100181\n|move|p1a: Iron Hands|Fake Out|p2b: Terapagos\n|-crit|p2b: Terapagos\n|-damage|p2b: Terapagos|90/100 par\n|move|p2a: Rillaboom|Grassy Glide|p1a: Iron Hands\n|-damage|p1a: Iron Hands|85/100\n|move|p1b: Volcarona|Fiery Dance|p2a: Rillaboom\n|-supereffective|p2a: Rillaboom\n|-damage|p2a: Rillaboom|0 fnt\n|faint|p2a: Rillaboom\n|cant|p2b: Terapagos|flinch\n|\n|-heal|p1b: Volcarona|68/100|[from] Grassy Terrain\n|-heal|p2b: Terapagos|96/100 par|[from] Grassy Terrain\n|-heal|p2b: Terapagos|100/100 par|[from] item: Leftovers\n|-heal|p1a: Iron Hands|91/100|[from] Grassy Terrain\n|-sideend|p1: Black urshifu stan|move: Light Screen\n|upkeep\n|\n|t:|1746100187\n|switch|p2a: Calyrex|Calyrex-Shadow, L50|1/100\n|-ability|p2a: Calyrex|As One\n|-ability|p2a: Calyrex|Unnerve\n|turn|12\n|\n|t:|1746100200\n|move|p2a: Calyrex|Protect|p2a: Calyrex\n|-singleturn|p2a: Calyrex|Protect\n|move|p1b: Volcarona|Giga Drain|p2a: Calyrex\n|-activate|p2a: Calyrex|move: Protect\n|move|p2b: Terapagos|Tera Starstorm|p1b: Volcarona|[spread] p1a,p1b\n|-damage|p1a: Iron Hands|60/100\n|-damage|p1b: Volcarona|30/100\n|move|p1a: Iron Hands|Drain Punch|p2b: Terapagos\n|-supereffective|p2b: Terapagos\n|-damage|p2b: Terapagos|59/100 par\n|-heal|p1a: Iron Hands|83/100|[from] drain|[of] p2b: Terapagos\n|\n|-heal|p1b: Volcarona|36/100|[from] Grassy Terrain\n|-heal|p2a: Calyrex|7/100|[from] Grassy Terrain\n|-heal|p2b: Terapagos|65/100 par|[from] Grassy Terrain\n|-heal|p2b: Terapagos|71/100 par|[from] item: Leftovers\n|-heal|p1a: Iron Hands|89/100|[from] Grassy Terrain\n|upkeep\n|turn|13\n|\n|t:|1746100218\n|move|p1b: Volcarona|Giga Drain|p2a: Calyrex\n|-damage|p2a: Calyrex|0 fnt\n|-heal|p1b: Volcarona|39/100|[from] drain|[of] p2a: Calyrex\n|faint|p2a: Calyrex\n|move|p2b: Terapagos|Tera Starstorm|p1a: Iron Hands|[spread] p1a,p1b\n|-damage|p1a: Iron Hands|57/100\n|-damage|p1b: Volcarona|0 fnt\n|faint|p1b: Volcarona\n|move|p1a: Iron Hands|Drain Punch|p2b: Terapagos\n|-supereffective|p2b: Terapagos\n|-damage|p2b: Terapagos|33/100 par\n|-heal|p1a: Iron Hands|78/100|[from] drain|[of] p2b: Terapagos\n|\n|-heal|p2b: Terapagos|39/100 par|[from] Grassy Terrain\n|-heal|p2b: Terapagos|45/100 par|[from] item: Leftovers\n|-heal|p1a: Iron Hands|84/100|[from] Grassy Terrain\n|upkeep\n|turn|14\n|\n|t:|1746100239\n|cant|p2b: Terapagos|par\n|move|p1a: Iron Hands|Drain Punch|p2b: Terapagos\n|-supereffective|p2b: Terapagos\n|-damage|p2b: Terapagos|5/100 par\n|-heal|p1a: Iron Hands|100/100|[from] drain|[of] p2b: Terapagos\n|\n|-heal|p2b: Terapagos|11/100 par|[from] Grassy Terrain\n|-heal|p2b: Terapagos|17/100 par|[from] item: Leftovers\n|-fieldend|move: Grassy Terrain\n|upkeep\n|turn|15\n|\n|t:|1746100255\n|move|p2b: Terapagos|Earth Power|p1a: Iron Hands\n|-supereffective|p1a: Iron Hands\n|-damage|p1a: Iron Hands|31/100\n|move|p1a: Iron Hands|Drain Punch|p2b: Terapagos\n|-supereffective|p2b: Terapagos\n|-damage|p2b: Terapagos|0 fnt\n|-heal|p1a: Iron Hands|40/100|[from] drain|[of] p2b: Terapagos\n|faint|p2b: Terapagos\n|\n|win|Black urshifu stan\n", "uploadtime": 1746100256, "views": 12, "formatid": "gen9vgc2025regibo3", "rating": null, "private": 0, "password": null}