{"id": "gen9vgc2025regibo3-2353858414", "format": "[Gen 9] VGC 2025 Reg I (Bo3)", "players": ["hlamidamonada", "oporrinovgc"], "log": "|j|\u2606hlamidamonada\n|j|\u2606oporrinovgc\n|html|<table width=\"100%\"><tr><td align=\"left\">hlamidamonada</td><td align=\"right\">oporrinovgc</tr><tr><td align=\"left\"><i class=\"fa fa-circle-o\"></i> <i class=\"fa fa-circle-o\"></i> </td><td align=\"right\"><i class=\"fa fa-circle-o\"></i> <i class=\"fa fa-circle-o\"></i> </tr></table>\n|uhtml|bestof|<h2><strong>Game 1</strong> of <a href=\"/game-bestof3-gen9vgc2025regibo3-2353858412\">a best-of-3</a></h2>\n|t:|1746011306\n|gametype|doubles\n|player|p1|hlamidamonada|265|1171\n|player|p2|oporrinovgc|169|1285\n|teamsize|p1|6\n|teamsize|p2|6\n|gen|9\n|tier|[Gen 9] VGC 2025 Reg I (Bo3)\n|rated|\n|rule|Species Clause: Limit one of each Pok\u00e9mon\n|rule|Item Clause: Limit 1 of each item\n|clearpoke\n|poke|p1|Kyogre, L50|\n|poke|p1|Whimsicott, L50, F|\n|poke|p1|Chien-Pao, L50|\n|poke|p1|Zacian-*, L50|\n|poke|p1|Incineroar, L50, M|\n|poke|p1|Urshifu-*, L50, M|\n|poke|p2|Miraidon, L50|\n|poke|p2|Whimsicott, L50, M|\n|poke|p2|Farigiraf, L50, F|\n|poke|p2|Iron Hands, L50|\n|poke|p2|Chi-Yu, L50|\n|poke|p2|Koraidon, L50|\n|teampreview|4\n|showteam|p1|Kyogre||MysticWater|Drizzle|WaterSpout,OriginPulse,Thunder,Protect||||||50|,,,,,Water]Whimsicott||CovertCloak|Prankster|Tailwind,Moonblast,Encore,Taunt|||F|||50|,,,,,Dark]Chien-Pao||FocusSash|SwordofRuin|IceSpinner,SuckerPunch,PsychicFangs,SacredSword||||||50|,,,,,Stellar]Zacian-Crowned||RustedSword|IntrepidSword|behemothblade,SacredSword,PlayRough,Protect||||||50|,,,,,Fairy]Incineroar||SafetyGoggles|Intimidate|KnockOff,PartingShot,WillOWisp,FakeOut|||M|||50|,,,,,Ghost]Urshifu-Rapid-Strike||ChoiceBand|UnseenFist|AquaJet,SurgingStrikes,Detect,CloseCombat|||M|||50|,,,,,Water\n|showteam|p2|Miraidon||ChoiceSpecs|HadronEngine|ElectroDrift,DracoMeteor,VoltSwitch,DazzlingGleam||||||50|,,,,,Fairy]Whimsicott||CovertCloak|Prankster|Tailwind,Encore,LightScreen,Moonblast|||M|||50|,,,,,Dark]Farigiraf||ElectricSeed|ArmorTail|Psychic,FoulPlay,HelpingHand,TrickRoom|||F|||50|,,,,,Dark]Iron Hands||AssaultVest|QuarkDrive|LowKick,DrainPunch,WildCharge,FakeOut||||||50|,,,,,Water]Chi-Yu||ChoiceScarf|BeadsofRuin|Snarl,Overheat,DarkPulse,HeatWave||||||50|,,,,,Ghost]Koraidon||LifeOrb|OrichalcumPulse|CloseCombat,FlareBlitz,FlameCharge,Protect||||||50|,,,,,Fire\n|inactive|Battle timer is ON: inactive players will automatically lose when time's up. (requested by oporrinovgc)\n|inactive|oporrinovgc has 60 seconds left.\n|\n|t:|1746011347\n|start\n|switch|p1a: Whimsicott|Whimsicott, L50, F|100/100\n|switch|p1b: Chien-Pao|Chien-Pao, L50|100/100\n|switch|p2a: Miraidon|Miraidon, L50|100/100\n|switch|p2b: Whimsicott|Whimsicott, L50, M|100/100\n|-fieldstart|move: Electric Terrain|[from] ability: Hadron Engine|[of] p2a: Miraidon\n|-ability|p1b: Chien-Pao|Sword of Ruin\n|turn|1\n|\n|t:|1746011366\n|-terastallize|p2a: Miraidon|Fairy\n|-terastallize|p1b: Chien-Pao|Stellar\n|move|p1a: Whimsicott|Tailwind|p1a: Whimsicott\n|-sidestart|p1: hlamidamonada|move: Tailwind\n|move|p1b: Chien-Pao|Ice Spinner|p2a: Miraidon\n|-damage|p2a: Miraidon|28/100\n|-fieldend|move: Electric Terrain\n|move|p2a: Miraidon|Dazzling Gleam|p1b: Chien-Pao|[spread] p1a,p1b\n|-supereffective|p1b: Chien-Pao\n|-damage|p1a: Whimsicott|32/100\n|-enditem|p1b: Chien-Pao|Focus Sash\n|-damage|p1b: Chien-Pao|1/100\n|move|p2b: Whimsicott|Moonblast|p1b: Chien-Pao\n|-supereffective|p1b: Chien-Pao\n|-damage|p1b: Chien-Pao|0 fnt\n|faint|p1b: Chien-Pao\n|\n|upkeep\n|\n|t:|1746011380\n|switch|p1b: Kyogre|Kyogre, L50, shiny|100/100\n|-weather|RainDance|[from] ability: Drizzle|[of] p1b: Kyogre\n|turn|2\n|\n|t:|1746011391\n|switch|p2a: Koraidon|Koraidon, L50|100/100\n|-weather|SunnyDay|[from] ability: Orichalcum Pulse|[of] p2a: Koraidon\n|-activate|p2a: Koraidon|Orichalcum Pulse|[source]\n|move|p1a: Whimsicott|Taunt|p2b: Whimsicott\n|-start|p2b: Whimsicott|move: Taunt\n|cant|p2b: Whimsicott|move: Taunt|Light Screen\n|move|p1b: Kyogre|Water Spout|p2b: Whimsicott|[spread] p2a,p2b\n|-resisted|p2a: Koraidon\n|-resisted|p2b: Whimsicott\n|-damage|p2a: Koraidon|79/100\n|-damage|p2b: Whimsicott|75/100\n|\n|-weather|SunnyDay|[upkeep]\n|upkeep\n|turn|3\n|\n|t:|1746011413\n|switch|p1b: Zacian|Zacian-Crowned, L50, shiny|100/100\n|-ability|p1b: Zacian|Intrepid Sword|boost\n|-boost|p1b: Zacian|atk|1\n|switch|p2b: Miraidon|Miraidon, L50, tera:Fairy|28/100\n|-fieldstart|move: Electric Terrain|[from] ability: Hadron Engine|[of] p2b: Miraidon\n|move|p1a: Whimsicott|Moonblast|p2a: Koraidon\n|-supereffective|p2a: Koraidon\n|-damage|p2a: Koraidon|0 fnt\n|faint|p2a: Koraidon\n|\n|-weather|SunnyDay|[upkeep]\n|upkeep\n|\n|t:|1746011436\n|switch|p2a: Whimsicott|Whimsicott, L50, M|75/100\n|turn|4\n|\n|t:|1746011449\n|switch|p2b: Farigiraf|Farigiraf, L50, F|100/100\n|-enditem|p2b: Farigiraf|Electric Seed\n|-boost|p2b: Farigiraf|def|1|[from] item: Electric Seed\n|move|p1a: Whimsicott|Taunt||[still]\n|cant|p2b: Farigiraf|ability: Armor Tail|Taunt|[of] p1a: Whimsicott\n|move|p1b: Zacian|Behemoth Blade|p2b: Farigiraf\n|-damage|p2b: Farigiraf|52/100\n|move|p2a: Whimsicott|Moonblast|p1a: Whimsicott\n|-damage|p1a: Whimsicott|0 fnt\n|faint|p1a: Whimsicott\n|\n|-weather|SunnyDay|[upkeep]\n|-sideend|p1: hlamidamonada|move: Tailwind\n|upkeep\n|\n|t:|1746011454\n|switch|p1a: Kyogre|Kyogre, L50, shiny|100/100\n|-weather|RainDance|[from] ability: Drizzle|[of] p1a: Kyogre\n|turn|5\n|\n|t:|1746011465\n|move|p2a: Whimsicott|Tailwind|p2a: Whimsicott\n|-sidestart|p2: oporrinovgc|move: Tailwind\n|move|p1b: Zacian|Behemoth Blade|p2a: Whimsicott\n|-supereffective|p2a: Whimsicott\n|-damage|p2a: Whimsicott|0 fnt\n|faint|p2a: Whimsicott\n|move|p2b: Farigiraf|Foul Play|p1b: Zacian\n|-resisted|p1b: Zacian\n|-damage|p1b: Zacian|73/100\n|move|p1a: Kyogre|Water Spout|p2b: Farigiraf\n|-crit|p2b: Farigiraf\n|-damage|p2b: Farigiraf|0 fnt\n|faint|p2b: Farigiraf\n|\n|-weather|RainDance|[upkeep]\n|upkeep\n|\n|t:|1746011476\n|switch|p2a: Miraidon|Miraidon, L50, tera:Fairy|28/100\n|-activate|p2a: Miraidon|ability: Hadron Engine\n|turn|6\n|\n|t:|1746011482\n|move|p2a: Miraidon|Dazzling Gleam|p1a: Kyogre|[spread] p1a,p1b\n|-resisted|p1b: Zacian\n|-damage|p1a: Kyogre|54/100\n|-damage|p1b: Zacian|44/100\n|move|p1b: Zacian|Behemoth Blade|p2a: Miraidon\n|-supereffective|p2a: Miraidon\n|-damage|p2a: Miraidon|0 fnt\n|faint|p2a: Miraidon\n|\n|win|hlamidamonada\n||oporrinovgc is ready for game 2.\n", "uploadtime": 1746011485, "views": 8, "formatid": "gen9vgc2025regibo3", "rating": null, "private": 0, "password": null}