{"id": "gen9vgc2025regibo3-2354494672", "format": "[Gen 9] VGC 2025 Reg I (Bo3)", "players": ["johnny0007", "phmAPAS"], "log": "|j|\u2606johnny0007\n|j|\u2606phmAPAS\n|html|<table width=\"100%\"><tr><td align=\"left\">johnny0007</td><td align=\"right\">phmAPAS</tr><tr><td align=\"left\"><i class=\"fa fa-circle-o\"></i> <i class=\"fa fa-circle-o\"></i> </td><td align=\"right\"><i class=\"fa fa-circle-o\"></i> <i class=\"fa fa-circle-o\"></i> </tr></table>\n|uhtml|bestof|<h2><strong>Game 1</strong> of <a href=\"/game-bestof3-gen9vgc2025regibo3-2354494671\">a best-of-3</a></h2>\n|t:|1746081429\n|gametype|doubles\n|player|p1|johnny0007|roxanne|1035\n|player|p2|phmAPAS|birdkeeper-gen4dp|1003\n|teamsize|p1|6\n|teamsize|p2|6\n|gen|9\n|tier|[Gen 9] VGC 2025 Reg I (Bo3)\n|rated|\n|rule|Species Clause: Limit one of each Pok\u00e9mon\n|rule|Item Clause: Limit 1 of each item\n|clearpoke\n|poke|p1|Vivillon-Icy Snow, L50, F|\n|poke|p1|Incineroar, L50, F|\n|poke|p1|Calyrex-Shadow, L50|\n|poke|p1|Rillaboom, L50, F|\n|poke|p1|Terapagos, L50, M|\n|poke|p1|Flutter Mane, L50|\n|poke|p2|Miraidon, L50|\n|poke|p2|Lunala, L50|\n|poke|p2|Whimsicott, L50, M|\n|poke|p2|Chi-Yu, L50|\n|poke|p2|Urshifu-*, L50, F|\n|poke|p2|Iron Hands, L50|\n|teampreview|4\n|showteam|p1|Vivillon-Icy Snow||FocusSash|CompoundEyes|SleepPowder,QuiverDance,RagePowder,PollenPuff|||F|||50|,,,,,Rock]Incineroar||CovertCloak|Intimidate|FakeOut,WillOWisp,PartingShot,KnockOff|||F|||50|,,,,,Ghost]Calyrex-Shadow||ClearAmulet|AsOneSpectrier|AstralBarrage,NastyPlot,Protect,ExpandingForce||||||50|,,,,,Ghost]Rillaboom||AssaultVest|GrassySurge|FakeOut,WoodHammer,GrassyGlide,Uturn|||F|||50|,,,,,Fire]Terapagos||Leftovers|TeraShift|TeraStarstorm,CalmMind,DarkPulse,Protect|||M|||50|,,,,,Stellar]Flutter Mane||BoosterEnergy|Protosynthesis|IcyWind,Moonblast,Protect,ShadowBall||||||50|,,,,,Fairy\n|showteam|p2|Miraidon||ChoiceSpecs|HadronEngine|ElectroDrift,VoltSwitch,DracoMeteor,DazzlingGleam||||||50|,,,,,Fairy]Lunala||ElectricSeed|ShadowShield|MoongeistBeam,Psyshock,TrickRoom,WideGuard||||||50|,,,,,Water]Whimsicott||CovertCloak|Prankster|Moonblast,Tailwind,Encore,LightScreen|||M|||50|,,,,,Dark]Chi-Yu||ChoiceScarf|BeadsofRuin|HeatWave,DarkPulse,Overheat,Snarl||||||50|,,,,,Ghost]Urshifu-Rapid-Strike||FocusSash|UnseenFist|SurgingStrikes,CloseCombat,AquaJet,Detect|||F|||50|,,,,,Stellar]Iron Hands||AssaultVest|QuarkDrive|DrainPunch,LowKick,HeavySlam,FakeOut||||||50|,,,,,Water\n|\n|t:|1746081495\n|start\n|switch|p1a: Vivillon|Vivillon-Icy Snow, L50, F, shiny|100/100\n|switch|p1b: Rillaboom|Rillaboom, L50, F|100/100\n|switch|p2a: Whimsicott|Whimsicott, L50, M|100/100\n|switch|p2b: Miraidon|Miraidon, L50|100/100\n|-fieldstart|move: Electric Terrain|[from] ability: Hadron Engine|[of] p2b: Miraidon\n|-fieldstart|move: Grassy Terrain|[from] ability: Grassy Surge|[of] p1b: Rillaboom\n|turn|1\n|\n|t:|1746081525\n|-terastallize|p1a: Vivillon|Rock\n|move|p2a: Whimsicott|Tailwind|p2a: Whimsicott\n|-sidestart|p2: phmAPAS|move: Tailwind\n|move|p2b: Miraidon|Volt Switch|p1a: Vivillon\n|-damage|p1a: Vivillon|12/100\n|\n|t:|1746081544\n|switch|p2b: Iron Hands|Iron Hands, L50|100/100|[from] Volt Switch\n|move|p1a: Vivillon|Quiver Dance|p1a: Vivillon\n|-boost|p1a: Vivillon|spa|1\n|-boost|p1a: Vivillon|spd|1\n|-boost|p1a: Vivillon|spe|1\n|move|p1b: Rillaboom|U-turn|p2a: Whimsicott\n|-damage|p2a: Whimsicott|74/100\n|\n|t:|1746081562\n|switch|p1b: Calyrex|Calyrex-Shadow, L50|100/100|[from] U-turn\n|-ability|p1b: Calyrex|As One\n|-ability|p1b: Calyrex|Unnerve\n|\n|-heal|p2a: Whimsicott|80/100|[from] Grassy Terrain\n|-heal|p1a: Vivillon|18/100|[from] Grassy Terrain\n|upkeep\n|turn|2\n|\n|t:|1746081598\n|move|p2a: Whimsicott|Moonblast|p1a: Vivillon\n|-damage|p1a: Vivillon|0 fnt\n|faint|p1a: Vivillon\n|move|p1b: Calyrex|Nasty Plot|p1b: Calyrex\n|-boost|p1b: Calyrex|spa|2\n|move|p2b: Iron Hands|Heavy Slam|p1b: Calyrex\n|-damage|p1b: Calyrex|43/100\n|\n|-heal|p2a: Whimsicott|86/100|[from] Grassy Terrain\n|-heal|p1b: Calyrex|48/100|[from] Grassy Terrain\n|upkeep\n|\n|t:|1746081613\n|switch|p1a: Rillaboom|Rillaboom, L50, F|100/100\n|turn|3\n|\n|t:|1746081643\n|-end|p2b: Iron Hands|Quark Drive|[silent]\n|switch|p2b: Lunala|Lunala, L50|100/100\n|move|p1a: Rillaboom|Fake Out|p2b: Lunala\n|-immune|p2b: Lunala\n|move|p2a: Whimsicott|Moonblast|p1b: Calyrex\n|-damage|p1b: Calyrex|23/100\n|move|p1b: Calyrex|Astral Barrage|p2a: Whimsicott|[spread] p2a,p2b\n|-supereffective|p2b: Lunala\n|-damage|p2a: Whimsicott|0 fnt\n|-damage|p2b: Lunala|0 fnt\n|faint|p2a: Whimsicott\n|faint|p2b: Lunala\n|-ability|p1b: Calyrex|Grim Neigh|boost\n|-boost|p1b: Calyrex|spa|2\n|\n|-heal|p1b: Calyrex|29/100|[from] Grassy Terrain\n|upkeep\n|\n|t:|1746081658\n|switch|p2a: Iron Hands|Iron Hands, L50|100/100\n|switch|p2b: Miraidon|Miraidon, L50|100/100\n|-fieldstart|move: Electric Terrain|[from] ability: Hadron Engine|[of] p2b: Miraidon\n|-activate|p2a: Iron Hands|ability: Quark Drive\n|-start|p2a: Iron Hands|quarkdriveatk\n|turn|4\n|\n|t:|1746081680\n|switch|p1a: Terapagos|Terapagos, L50, M|100/100\n|-activate|p1a: Terapagos|ability: Tera Shift\n|detailschange|p1a: Terapagos|Terapagos-Terastal, L50, M\n|-heal|p1a: Terapagos|100/100|[silent]\n|move|p1b: Calyrex|Protect|p1b: Calyrex\n|-singleturn|p1b: Calyrex|Protect\n|move|p2a: Iron Hands|Fake Out|p1a: Terapagos\n|-activate|p1a: Terapagos|ability: Tera Shell\n|-resisted|p1a: Terapagos\n|-damage|p1a: Terapagos|93/100\n|move|p2b: Miraidon|Electro Drift|p1b: Calyrex\n|-activate|p1b: Calyrex|move: Protect\n|\n|-heal|p1a: Terapagos|99/100|[from] item: Leftovers\n|-sideend|p2: phmAPAS|move: Tailwind\n|upkeep\n|turn|5\n|\n|t:|1746081704\n|switch|p1a: Rillaboom|Rillaboom, L50, F|100/100\n|-fieldstart|move: Grassy Terrain|[from] ability: Grassy Surge|[of] p1a: Rillaboom\n|-end|p2a: Iron Hands|Quark Drive\n|move|p1b: Calyrex|Astral Barrage|p2b: Miraidon|[spread] p2a,p2b\n|-damage|p2a: Iron Hands|23/100\n|-damage|p2b: Miraidon|0 fnt\n|faint|p2b: Miraidon\n|-ability|p1b: Calyrex|Grim Neigh|boost\n|-boost|p1b: Calyrex|spa|1\n|move|p2a: Iron Hands|Drain Punch|p1a: Rillaboom\n|-damage|p1a: Rillaboom|70/100\n|-heal|p2a: Iron Hands|36/100|[from] drain|[of] p1a: Rillaboom\n|\n|-heal|p1b: Calyrex|34/100|[from] Grassy Terrain\n|-heal|p1a: Rillaboom|76/100|[from] Grassy Terrain\n|-heal|p2a: Iron Hands|41/100|[from] Grassy Terrain\n|upkeep\n|turn|6\n|\n|t:|1746081724\n|move|p1a: Rillaboom|Fake Out|p2a: Iron Hands\n|-damage|p2a: Iron Hands|33/100\n|move|p1b: Calyrex|Astral Barrage|p2a: Iron Hands\n|-damage|p2a: Iron Hands|0 fnt\n|faint|p2a: Iron Hands\n|-end|p2a: Iron Hands|Quark Drive|[silent]\n|\n|win|johnny0007\n||phmAPAS is ready for game 2.\n|inactive|johnny0007 has 30 seconds to confirm battle start!\n|l|\u2606phmAPAS\n|player|p2|\n|l|\u2606johnny0007\n|player|p1|\n|inactive|johnny0007 has 20 seconds to confirm battle start!\n|inactive|johnny0007 has 10 seconds to confirm battle start!\n|uhtml|next|Next: <a href=\"/battle-gen9vgc2025regibo3-2354496351\"><strong>Game 2 of 3</strong></a>\n", "uploadtime": 1746082050, "views": 23, "formatid": "gen9vgc2025regibo3", "rating": null, "private": 0, "password": null}