{"id": "gen9vgc2025regibo3-2354081904", "format": "[Gen 9] VGC 2025 Reg I (Bo3)", "players": ["EVIOLITESWEEP", "Scytherium"], "log": "|j|\u2606EVIOLITESWEEP\n|j|\u2606Scytherium\n|html|<table width=\"100%\"><tr><td align=\"left\">EVIOLITESWEEP</td><td align=\"right\">Scytherium</tr><tr><td align=\"left\"><i class=\"fa fa-circle-o\"></i> <i class=\"fa fa-circle-o\"></i> </td><td align=\"right\"><i class=\"fa fa-circle-o\"></i> <i class=\"fa fa-circle-o\"></i> </tr></table>\n|uhtml|bestof|<h2><strong>Game 1</strong> of <a href=\"/game-bestof3-gen9vgc2025regibo3-2354081903\">a best-of-3</a></h2>\n|t:|1746033287\n|gametype|doubles\n|player|p1|EVIOLITESWEEP|169|1004\n|player|p2|Scytherium|265|1052\n|teamsize|p1|6\n|teamsize|p2|6\n|gen|9\n|tier|[Gen 9] VGC 2025 Reg I (Bo3)\n|rated|\n|rule|Species Clause: Limit one of each Pok\u00e9mon\n|rule|Item Clause: Limit 1 of each item\n|clearpoke\n|poke|p1|Groudon, L50|\n|poke|p1|Ho-Oh, L50|\n|poke|p1|Regice, L50|\n|poke|p1|Lilligant-Hisui, L50, F|\n|poke|p1|Farigiraf, L50, M|\n|poke|p1|Whimsicott, L50, F|\n|poke|p2|Calyrex-Shadow, L50|\n|poke|p2|Miraidon, L50|\n|poke|p2|Tatsugiri, L50, F|\n|poke|p2|Dondozo, L50, F|\n|poke|p2|Weezing, L50, F|\n|poke|p2|Landorus, L50, M|\n|teampreview|4\n|showteam|p1|Groudon||ClearAmulet|Drought|Earthquake,HeatCrash,ShadowClaw,Protect||||||50|,,,,,Fire]Ho-Oh||WeaknessPolicy|Regenerator|SacredFire,BraveBird,Tailwind,Protect||||||50|,,,,,Flying]Regice||ChoiceSpecs|ClearBody|IceBeam,AncientPower,Thunderbolt,TeraBlast||||||50|,,,,,Water]Lilligant-Hisui||ChoiceBand|Chlorophyll|CloseCombat,SolarBlade,TripleAxel,UpperHand|||F|||50|,,,,,Grass]Farigiraf||MentalHerb|ArmorTail|Imprison,TrickRoom,AllySwitch,FoulPlay|||M|||50|,,,,,Dark]Whimsicott||CovertCloak|Prankster|Tailwind,Encore,SunnyDay,Moonblast|||F|||50|,,,,,Dark\n|showteam|p2|Calyrex-Shadow||LifeOrb|AsOneSpectrier|Protect,AstralBarrage,TeraBlast,ExpandingForce||||||50|,,,,,Fighting]Miraidon||ChoiceSpecs|HadronEngine|VoltSwitch,DazzlingGleam,ElectroDrift,DragonPulse||||||50|,,,,,Fairy]Tatsugiri||ChoiceScarf|Commander|DracoMeteor,MuddyWater,TeraBlast,IcyWind|||F|||50|,,,,,Steel]Dondozo||Leftovers|Unaware|Protect,WaveCrash,Earthquake,Yawn|||F|||50|,,,,,Grass]Weezing||FocusSash|NeutralizingGas|Protect,WillOWisp,ToxicSpikes,DarkPulse|||F|||50|,,,,,Dark]Landorus||AssaultVest|SheerForce|SandsearStorm,EarthPower,SludgeBomb,WeatherBall|||M|||50|,,,,,Ground\n|\n|t:|1746033309\n|start\n|switch|p1a: Farigiraf|Farigiraf, L50, M|100/100\n|switch|p1b: Groudon|Groudon, L50|100/100\n|switch|p2a: Weezing|Weezing, L50, F|100/100\n|switch|p2b: Calyrex|Calyrex-Shadow, L50|100/100\n|-ability|p2a: Weezing|Neutralizing Gas\n|-ability|p2b: Calyrex|As One\n|-ability|p2b: Calyrex|Unnerve\n|turn|1\n|inactive|Battle timer is ON: inactive players will automatically lose when time's up. (requested by Scytherium)\n|\n|t:|1746033335\n|-terastallize|p1b: Groudon|Fire\n|move|p2b: Calyrex|Protect|p2b: Calyrex\n|-singleturn|p2b: Calyrex|Protect\n|move|p1b: Groudon|Earthquake|p2b: Calyrex|[spread] p1a,p2a\n|-activate|p2b: Calyrex|move: Protect\n|-supereffective|p2a: Weezing\n|-damage|p1a: Farigiraf|62/100\n|-damage|p2a: Weezing|37/100\n|move|p2a: Weezing|Will-O-Wisp|p1b: Groudon\n|-immune|p1b: Groudon\n|move|p1a: Farigiraf|Trick Room|p1a: Farigiraf\n|-fieldstart|move: Trick Room|[of] p1a: Farigiraf\n|\n|upkeep\n|turn|2\n|\n|t:|1746033354\n|switch|p2b: Landorus|Landorus, L50, M|100/100\n|move|p1a: Farigiraf|Ally Switch|p1a: Farigiraf\n|swap|p1a: Farigiraf|1|[from] move: Ally Switch\n|move|p2a: Weezing|Toxic Spikes|p1a: Groudon\n|-sidestart|p1: EVIOLITESWEEP|move: Toxic Spikes\n|move|p1a: Groudon|Earthquake|p2a: Weezing|[spread] p1b,p2a\n|-immune|p2b: Landorus\n|-supereffective|p2a: Weezing\n|-damage|p1b: Farigiraf|23/100\n|-damage|p2a: Weezing|0 fnt\n|faint|p2a: Weezing\n|-end|p2a: Weezing|ability: Neutralizing Gas\n|-weather|SunnyDay|[from] ability: Drought|[of] p1a: Groudon\n|\n|-weather|SunnyDay|[upkeep]\n|upkeep\n|\n|t:|1746033369\n|switch|p2a: Calyrex|Calyrex-Shadow, L50|100/100\n|-ability|p2a: Calyrex|As One\n|-ability|p2a: Calyrex|Unnerve\n|turn|3\n|\n|t:|1746033380\n|move|p1a: Groudon|Protect|p1a: Groudon\n|-singleturn|p1a: Groudon|Protect\n|move|p2a: Calyrex|Protect|p2a: Calyrex\n|-singleturn|p2a: Calyrex|Protect\n|move|p1b: Farigiraf|Foul Play|p2a: Calyrex\n|-activate|p2a: Calyrex|move: Protect\n|move|p2b: Landorus|Sandsear Storm|p1a: Groudon|[spread] p1b\n|-activate|p1a: Groudon|move: Protect\n|-damage|p1b: Farigiraf|0 fnt\n|faint|p1b: Farigiraf\n|\n|-weather|SunnyDay|[upkeep]\n|upkeep\n|\n|t:|1746033389\n|switch|p1b: Lilligant|Lilligant-Hisui, L50, F|100/100\n|-status|p1b: Lilligant|psn\n|turn|4\n|\n|t:|1746033400\n|move|p1a: Groudon|Shadow Claw|p2a: Calyrex\n|-supereffective|p2a: Calyrex\n|-damage|p2a: Calyrex|0 fnt\n|faint|p2a: Calyrex\n|move|p2b: Landorus|Weather Ball|p1b: Lilligant\n|-supereffective|p1b: Lilligant\n|-damage|p1b: Lilligant|0 fnt\n|faint|p1b: Lilligant\n|\n|-weather|SunnyDay|[upkeep]\n|upkeep\n|\n|t:|1746033411\n|switch|p1b: Whimsicott|Whimsicott, L50, F|100/100\n|switch|p2a: Miraidon|Miraidon, L50|100/100\n|-status|p1b: Whimsicott|psn\n|-fieldstart|move: Electric Terrain|[from] ability: Hadron Engine|[of] p2a: Miraidon\n|turn|5\n|inactive|EVIOLITESWEEP has 30 seconds left.\n|\n|t:|1746033443\n|move|p1a: Groudon|Heat Crash|p2b: Landorus\n|-damage|p2b: Landorus|0 fnt\n|faint|p2b: Landorus\n|move|p1b: Whimsicott|Moonblast|p2a: Miraidon\n|-supereffective|p2a: Miraidon\n|-damage|p2a: Miraidon|52/100\n|move|p2a: Miraidon|Electro Drift|p1a: Groudon\n|-damage|p1a: Groudon|0 fnt\n|faint|p1a: Groudon\n|\n|-weather|SunnyDay|[upkeep]\n|-damage|p1b: Whimsicott|89/100 psn|[from] psn\n|-fieldend|move: Trick Room\n|upkeep\n|turn|6\n|\n|t:|1746033461\n|-terastallize|p2a: Miraidon|Fairy\n|move|p2a: Miraidon|Electro Drift|p1b: Whimsicott\n|-resisted|p1b: Whimsicott\n|-crit|p1b: Whimsicott\n|-damage|p1b: Whimsicott|0 fnt\n|faint|p1b: Whimsicott\n|\n|win|Scytherium\n|raw|EVIOLITESWEEP's rating: 1004 &rarr; <strong>1000</strong><br />(-4 for losing)\n|raw|Scytherium's rating: 1052 &rarr; <strong>1080</strong><br />(+28 for winning)\n|l|\u2606EVIOLITESWEEP\n|player|p1|\n", "uploadtime": 1746033824, "views": 9, "formatid": "gen9vgc2025regibo3", "rating": 1000, "private": 0, "password": null}