{"id": "gen9vgc2025regibo3-2354471824", "format": "[Gen 9] VGC 2025 Reg I (Bo3)", "players": ["M0Rl", "IamMoiBoi"], "log": "|j|\u2606M0Rl\n|j|\u2606IamMoiBoi\n|html|<table width=\"100%\"><tr><td align=\"left\">M0Rl</td><td align=\"right\">IamMoiBoi</tr><tr><td align=\"left\"><i class=\"fa fa-circle-o\"></i> <i class=\"fa fa-circle-o\"></i> </td><td align=\"right\"><i class=\"fa fa-circle-o\"></i> <i class=\"fa fa-circle-o\"></i> </tr></table>\n|uhtml|bestof|<h2><strong>Game 1</strong> of <a href=\"/game-bestof3-gen9vgc2025regibo3-2354471823\">a best-of-3</a></h2>\n|t:|1746077027\n|gametype|doubles\n|player|p1|M0Rl|pokemonrangerf|\n|player|p2|IamMoiBoi|red|\n|teamsize|p1|6\n|teamsize|p2|6\n|gen|9\n|tier|[Gen 9] VGC 2025 Reg I (Bo3)\n|rule|Species Clause: Limit one of each Pok\u00e9mon\n|rule|Item Clause: Limit 1 of each item\n|clearpoke\n|poke|p1|Lucario, L50, F|\n|poke|p1|Chi-Yu, L50|\n|poke|p1|Iron Hands, L50|\n|poke|p1|Arcanine-Hisui, L50, F|\n|poke|p1|Volcarona, L50, M|\n|poke|p1|Flareon, L50, M|\n|poke|p2|Umbreon, L50, M|\n|poke|p2|Sylveon, L50, F|\n|poke|p2|Vaporeon, L50, M|\n|poke|p2|Espeon, L50, F|\n|poke|p2|Flareon, L50, F|\n|poke|p2|Jolteon, L50, F|\n|teampreview|4\n|showteam|p1|Lucario||ChoiceScarf|InnerFocus|AuraSphere,BulletPunch,CloseCombat,Earthquake|||F|||50|,,,,,Fire]Chi-Yu||LifeOrb|BeadsofRuin|DarkPulse,LavaPlume,Overheat,Protect||||||50|,,,,,Fire]Iron Hands||BoosterEnergy|QuarkDrive|FakeOut,CloseCombat,DrainPunch,IcePunch||||||50|,,,,,Grass]Arcanine-Hisui||ChoiceBand|Intimidate|ExtremeSpeed,FlameCharge,CloseCombat,PsychicFangs|||F|||50|,,,,,Steel]Volcarona||AbsorbBulb|FlameBody|Tailwind,Flamethrower,QuiverDance,Hurricane|||M|||50|,,,,,Bug]Flareon||FlameOrb|Guts|SunnyDay,FireFang,FlareBlitz,Facade|||M|||50|,,,,,Water\n|showteam|p2|Umbreon||Leftovers|InnerFocus|Moonlight,HelpingHand,Taunt,Yawn|||M|||50|,,,,,Steel]Sylveon||ThroatSpray|Pixilate|HyperVoice,DrainingKiss,Protect,ShadowBall|||F|||50|,,,,,Steel]Vaporeon||RockyHelmet|WaterAbsorb|Scald,RainDance,Wish,Substitute|||M|||50|,,,,,Grass]Espeon||FocusSash|MagicBounce|PsychicTerrain,ExpandingForce,DrainingKiss,ShadowBall|||F|||50|,,,,,Psychic]Flareon||FlameOrb|Guts|Bite,FireFang,FlareBlitz,Protect|||F|||50|,,,,,Water]Jolteon||AirBalloon|VoltAbsorb|Discharge,Thunder,Protect,VoltSwitch|||F|||50|,,,,,Electric\n|\n|t:|1746077042\n|start\n|switch|p1a: Lucario|Lucario, L50, F|100/100\n|switch|p1b: Chi-Yu|Chi-Yu, L50|100/100\n|switch|p2a: Vaporeon|Vaporeon, L50, M|100/100\n|switch|p2b: Jolteon|Jolteon, L50, F|100/100\n|-item|p2b: Jolteon|Air Balloon\n|-ability|p1b: Chi-Yu|Beads of Ruin\n|turn|1\n|\n|t:|1746077089\n|switch|p1a: Iron Hands|Iron Hands, L50|100/100\n|-enditem|p1a: Iron Hands|Booster Energy\n|-activate|p1a: Iron Hands|ability: Quark Drive|[fromitem]\n|-start|p1a: Iron Hands|quarkdriveatk\n|move|p2b: Jolteon|Protect|p2b: Jolteon\n|-singleturn|p2b: Jolteon|Protect\n|move|p1b: Chi-Yu|Overheat|p2b: Jolteon\n|-activate|p2b: Jolteon|move: Protect\n|move|p2a: Vaporeon|Rain Dance|p2a: Vaporeon\n|-weather|RainDance\n|\n|-weather|RainDance|[upkeep]\n|upkeep\n|turn|2\n|\n|t:|1746077123\n|move|p2b: Jolteon|Thunder|p1b: Chi-Yu\n|-damage|p1b: Chi-Yu|42/100\n|move|p1b: Chi-Yu|Overheat|p2b: Jolteon\n|-damage|p2b: Jolteon|16/100\n|-unboost|p1b: Chi-Yu|spa|2\n|-enditem|p2b: Jolteon|Air Balloon\n|-damage|p1b: Chi-Yu|32/100|[from] item: Life Orb\n|move|p2a: Vaporeon|Substitute|p2a: Vaporeon\n|-start|p2a: Vaporeon|Substitute\n|-damage|p2a: Vaporeon|75/100\n|move|p1a: Iron Hands|Ice Punch|p2a: Vaporeon\n|-resisted|p2a: Vaporeon\n|-activate|p2a: Vaporeon|move: Substitute|[damage]\n|\n|-weather|RainDance|[upkeep]\n|upkeep\n|turn|3\n|\n|t:|1746077148\n|move|p1b: Chi-Yu|Protect|p1b: Chi-Yu\n|-singleturn|p1b: Chi-Yu|Protect\n|move|p2b: Jolteon|Volt Switch|p1a: Iron Hands\n|-resisted|p1a: Iron Hands\n|-damage|p1a: Iron Hands|83/100\n|\n|t:|1746077157\n|switch|p2b: Sylveon|Sylveon, L50, F, shiny|100/100|[from] Volt Switch\n|move|p2a: Vaporeon|Scald|p1b: Chi-Yu\n|-activate|p1b: Chi-Yu|move: Protect\n|move|p1a: Iron Hands|Drain Punch|p2a: Vaporeon\n|-end|p2a: Vaporeon|Substitute\n|-heal|p1a: Iron Hands|89/100|[from] drain|[of] p2a: Vaporeon\n|\n|-weather|RainDance|[upkeep]\n|upkeep\n|turn|4\n|\n|t:|1746077182\n|switch|p1b: Lucario|Lucario, L50, F|100/100\n|move|p2a: Vaporeon|Substitute|p2a: Vaporeon\n|-start|p2a: Vaporeon|Substitute\n|-damage|p2a: Vaporeon|50/100\n|move|p2b: Sylveon|Hyper Voice|p1b: Lucario|[spread] p1a,p1b\n|-supereffective|p1a: Iron Hands\n|-damage|p1a: Iron Hands|23/100\n|-damage|p1b: Lucario|36/100\n|-enditem|p2b: Sylveon|Throat Spray\n|-boost|p2b: Sylveon|spa|1|[from] item: Throat Spray\n|move|p1a: Iron Hands|Drain Punch|p2a: Vaporeon\n|-end|p2a: Vaporeon|Substitute\n|-heal|p1a: Iron Hands|36/100|[from] drain|[of] p2a: Vaporeon\n|\n|-weather|RainDance|[upkeep]\n|upkeep\n|turn|5\n|\n|t:|1746077206\n|move|p2b: Sylveon|Protect|p2b: Sylveon\n|-singleturn|p2b: Sylveon|Protect\n|move|p1b: Lucario|Bullet Punch|p2b: Sylveon\n|-activate|p2b: Sylveon|move: Protect\n|move|p2a: Vaporeon|Wish|p2a: Vaporeon\n|move|p1a: Iron Hands|Drain Punch|p2a: Vaporeon\n|-damage|p2a: Vaporeon|6/100\n|-heal|p1a: Iron Hands|59/100|[from] drain|[of] p2a: Vaporeon\n|-damage|p1a: Iron Hands|43/100|[from] item: Rocky Helmet|[of] p2a: Vaporeon\n|\n|-weather|none\n|upkeep\n|turn|6\n|\n|t:|1746077231\n|-terastallize|p2b: Sylveon|Steel\n|move|p1b: Lucario|Bullet Punch|p2b: Sylveon\n|-resisted|p2b: Sylveon\n|-damage|p2b: Sylveon|91/100\n|move|p2a: Vaporeon|Substitute|p2a: Vaporeon\n|-fail|p2a: Vaporeon|move: Substitute|[weak]\n|move|p2b: Sylveon|Hyper Voice|p1a: Iron Hands|[spread] p1a,p1b\n|-supereffective|p1a: Iron Hands\n|-damage|p1a: Iron Hands|0 fnt\n|-damage|p1b: Lucario|0 fnt\n|faint|p1a: Iron Hands\n|-end|p1a: Iron Hands|Quark Drive|[silent]\n|faint|p1b: Lucario\n|\n|-heal|p2a: Vaporeon|56/100|[from] move: Wish|[wisher] Vaporeon\n|upkeep\n|\n|t:|1746077244\n|switch|p1b: Volcarona|Volcarona, L50, M|100/100\n|switch|p1a: Chi-Yu|Chi-Yu, L50|32/100\n|-ability|p1a: Chi-Yu|Beads of Ruin\n|turn|7\n|\n|t:|1746077269\n|-terastallize|p1b: Volcarona|Bug\n|move|p1a: Chi-Yu|Overheat|p2b: Sylveon\n|-supereffective|p2b: Sylveon\n|-damage|p2b: Sylveon|0 fnt\n|-unboost|p1a: Chi-Yu|spa|2\n|faint|p2b: Sylveon\n|-damage|p1a: Chi-Yu|22/100|[from] item: Life Orb\n|move|p1b: Volcarona|Tailwind|p1b: Volcarona\n|-sidestart|p1: M0Rl|move: Tailwind\n|move|p2a: Vaporeon|Scald|p1b: Volcarona\n|-damage|p1b: Volcarona|61/100\n|-status|p1b: Volcarona|brn\n|-enditem|p1b: Volcarona|Absorb Bulb\n|-boost|p1b: Volcarona|spa|1|[from] item: Absorb Bulb\n|\n|-damage|p1b: Volcarona|55/100 brn|[from] brn\n|upkeep\n|\n|t:|1746077289\n|switch|p2b: Jolteon|Jolteon, L50, F|16/100\n|turn|8\n|\n|t:|1746077303\n|move|p1a: Chi-Yu|Protect|p1a: Chi-Yu\n|-singleturn|p1a: Chi-Yu|Protect\n|move|p2b: Jolteon|Protect|p2b: Jolteon\n|-singleturn|p2b: Jolteon|Protect\n|move|p1b: Volcarona|Hurricane|p2a: Vaporeon|[miss]\n|-miss|p1b: Volcarona|p2a: Vaporeon\n|move|p2a: Vaporeon|Substitute|p2a: Vaporeon\n|-start|p2a: Vaporeon|Substitute\n|-damage|p2a: Vaporeon|31/100\n|\n|-damage|p1b: Volcarona|49/100 brn|[from] brn\n|upkeep\n|turn|9\n|\n|t:|1746077330\n|switch|p2b: Umbreon|Umbreon, L50, M, shiny|100/100\n|move|p1a: Chi-Yu|Overheat|p2b: Umbreon\n|-damage|p2b: Umbreon|67/100\n|-unboost|p1a: Chi-Yu|spa|2\n|-damage|p1a: Chi-Yu|12/100|[from] item: Life Orb\n|move|p1b: Volcarona|Flamethrower|p2a: Vaporeon\n|-resisted|p2a: Vaporeon\n|-end|p2a: Vaporeon|Substitute\n|move|p2a: Vaporeon|Wish|p2a: Vaporeon\n|\n|-heal|p2b: Umbreon|73/100|[from] item: Leftovers\n|-damage|p1b: Volcarona|42/100 brn|[from] brn\n|upkeep\n|turn|10\n|\n|t:|1746077375\n|move|p1a: Chi-Yu|Protect|p1a: Chi-Yu\n|-singleturn|p1a: Chi-Yu|Protect\n|move|p1b: Volcarona|Flamethrower|p2b: Umbreon\n|-damage|p2b: Umbreon|31/100\n|move|p2b: Umbreon|Yawn|p1a: Chi-Yu\n|-activate|p1a: Chi-Yu|move: Protect\n|move|p2a: Vaporeon|Substitute|p2a: Vaporeon\n|-start|p2a: Vaporeon|Substitute\n|-damage|p2a: Vaporeon|6/100\n|\n|-heal|p2a: Vaporeon|56/100|[from] move: Wish|[wisher] Vaporeon\n|-heal|p2b: Umbreon|37/100|[from] item: Leftovers\n|-damage|p1b: Volcarona|36/100 brn|[from] brn\n|-sideend|p1: M0Rl|move: Tailwind\n|upkeep\n|turn|11\n|\n|t:|1746077413\n|move|p1a: Chi-Yu|Protect|p1a: Chi-Yu\n|-singleturn|p1a: Chi-Yu|Protect\n|move|p1b: Volcarona|Hurricane|p2b: Umbreon|[miss]\n|-miss|p1b: Volcarona|p2b: Umbreon\n|move|p2a: Vaporeon|Rain Dance|p2a: Vaporeon\n|-weather|RainDance\n|move|p2b: Umbreon|Moonlight|p2b: Umbreon\n|-heal|p2b: Umbreon|61/100\n|\n|-weather|RainDance|[upkeep]\n|-heal|p2b: Umbreon|67/100|[from] item: Leftovers\n|-damage|p1b: Volcarona|30/100 brn|[from] brn\n|upkeep\n|turn|12\n|\n|t:|1746077435\n|move|p2b: Umbreon|Helping Hand|p2a: Vaporeon\n|-singleturn|p2a: Vaporeon|Helping Hand|[of] p2b: Umbreon\n|move|p1a: Chi-Yu|Protect||[still]\n|-fail|p1a: Chi-Yu\n|move|p1b: Volcarona|Hurricane|p2b: Umbreon\n|-damage|p2b: Umbreon|32/100\n|move|p2a: Vaporeon|Scald|p1b: Volcarona\n|-damage|p1b: Volcarona|0 fnt\n|faint|p1b: Volcarona\n|\n|-weather|RainDance|[upkeep]\n|-heal|p2b: Umbreon|38/100|[from] item: Leftovers\n|upkeep\n|turn|13\n|\n|t:|1746077451\n|move|p1a: Chi-Yu|Lava Plume|p2b: Umbreon|[spread] p2a,p2b\n|-resisted|p2a: Vaporeon\n|-activate|p2a: Vaporeon|move: Substitute|[damage]\n|-damage|p2b: Umbreon|34/100\n|-status|p2b: Umbreon|brn\n|-damage|p1a: Chi-Yu|2/100|[from] item: Life Orb\n|move|p2b: Umbreon|Moonlight|p2b: Umbreon\n|-heal|p2b: Umbreon|58/100 brn\n|move|p2a: Vaporeon|Scald|p1a: Chi-Yu\n|-supereffective|p1a: Chi-Yu\n|-damage|p1a: Chi-Yu|0 fnt\n|faint|p1a: Chi-Yu\n|\n|win|IamMoiBoi\n|inactive|M0Rl has 30 seconds to confirm battle start!\n|inactive|IamMoiBoi has 30 seconds to confirm battle start!\n|inactive|M0Rl has 20 seconds to confirm battle start!\n|inactive|IamMoiBoi has 20 seconds to confirm battle start!\n|l|\u2606M0Rl\n|player|p1|\n|l|\u2606IamMoiBoi\n|player|p2|\n", "uploadtime": 1746077730, "views": 7, "formatid": "gen9vgc2025regibo3", "rating": null, "private": 0, "password": null}