{"id": "gen9vgc2025regibo3-2353736038", "format": "[Gen 9] VGC 2025 Reg I (Bo3)", "players": ["VeganCannibal", "Lollipopyay"], "log": "|j|\u2606VeganCannibal\n|j|\u2606Lollipopyay\n|html|<table width=\"100%\"><tr><td align=\"left\">VeganCannibal</td><td align=\"right\">Lollipopyay</tr><tr><td align=\"left\"><i class=\"fa fa-circle-o\"></i> <i class=\"fa fa-circle-o\"></i> </td><td align=\"right\"><i class=\"fa fa-circle-o\"></i> <i class=\"fa fa-circle\"></i> </tr></table>\n|uhtml|bestof|<h2><strong>Game 2</strong> of <a href=\"/game-bestof3-gen9vgc2025regibo3-2353734707\">a best-of-3</a></h2>\n|t:|1745991057\n|gametype|doubles\n|player|p1|VeganCannibal|169|1270\n|player|p2|Lollipopyay|1|1124\n|teamsize|p1|6\n|teamsize|p2|6\n|gen|9\n|tier|[Gen 9] VGC 2025 Reg I (Bo3)\n|rated|\n|rule|Species Clause: Limit one of each Pok\u00e9mon\n|rule|Item Clause: Limit 1 of each item\n|clearpoke\n|poke|p1|Calyrex-Shadow, L50|\n|poke|p1|Zamazenta-*, L50|\n|poke|p1|Incineroar, L50, F|\n|poke|p1|Weezing-Galar, L50, F|\n|poke|p1|Dondozo, L50, F|\n|poke|p1|Tatsugiri-Droopy, L50, F|\n|poke|p2|Necrozma-Dawn-Wings, L50|\n|poke|p2|Calyrex-Ice, L50|\n|poke|p2|Ursaluna-Bloodmoon, L50, M|\n|poke|p2|Indeedee-F, L50, F|\n|poke|p2|Hatterene, L50, F|\n|poke|p2|Amoonguss, L50, M|\n|teampreview|4\n|showteam|p1|Calyrex-Shadow||FocusSash|AsOneSpectrier|AstralBarrage,Psychic,Encore,Protect||||||50|,,,,,Ghost]Zamazenta-Crowned||RustedShield|DauntlessShield|BodyPress,behemothbash,WideGuard,Imprison||||||50|,,,,,Dragon]Incineroar||AssaultVest|Intimidate|Uturn,KnockOff,FlareBlitz,FakeOut|||F|||50|,,,,,Bug]Weezing-Galar||CovertCloak|NeutralizingGas|Protect,DazzlingGleam,ToxicSpikes,Taunt|||F|||50|,,,,,Dark]Dondozo||Leftovers|Unaware|Protect,WaveCrash,OrderUp,BodyPress|||F|||50|,,,,,Grass]Tatsugiri-Droopy||SafetyGoggles|Commander|Protect,DragonPulse,Taunt,HelpingHand|||F|||50|,,,,,Poison\n|showteam|p2|Necrozma-Dawn-Wings||LifeOrb|PrismArmor|CalmMind,MoongeistBeam,TeraBlast,ExpandingForce||||||50|,,,,,Fighting]Calyrex-Ice||ChoiceBand|AsOneGlastrier|GlacialLance,HighHorsepower,CloseCombat,ZenHeadbutt||||||50|,,,,,Ground]Ursaluna-Bloodmoon||SilkScarf|MindsEye|CalmMind,BloodMoon,EarthPower,Protect|||M|||50|,,,,,Normal]Indeedee-F||SafetyGoggles|PsychicSurge|FollowMe,TrickRoom,HelpingHand,Protect|||F|||50|,,,,,Fairy]Hatterene||FocusSash|MagicBounce|TrickRoom,ExpandingForce,HealingWish,Nuzzle|||F|||50|,,,,,Ghost]Amoonguss||SitrusBerry|EffectSpore|Spore,ClearSmog,Protect,PollenPuff|||M|||50|,,,,,Water\n|inactive|Battle timer is ON: inactive players will automatically lose when time's up. (requested by VeganCannibal)\n|\n|t:|1745991083\n|start\n|switch|p1a: Incineroar|Incineroar, L50, F, shiny|100/100\n|switch|p1b: Weezing|Weezing-Galar, L50, F|100/100\n|switch|p2a: Indeedee|Indeedee-F, L50, F|100/100\n|switch|p2b: Amoonguss|Amoonguss, L50, M|100/100\n|-ability|p1b: Weezing|Neutralizing Gas\n|turn|1\n|\n|t:|1745991100\n|-terastallize|p2a: Indeedee|Fairy\n|move|p1a: Incineroar|Fake Out|p2b: Amoonguss\n|-damage|p2b: Amoonguss|89/100\n|move|p1b: Weezing|Toxic Spikes|p2b: Amoonguss\n|-sidestart|p2: Lollipopyay|move: Toxic Spikes\n|cant|p2b: Amoonguss|flinch\n|move|p2a: Indeedee|Trick Room|p2a: Indeedee\n|-fieldstart|move: Trick Room|[of] p2a: Indeedee\n|\n|upkeep\n|turn|2\n|inactive|VeganCannibal has 30 seconds left.\n|inactive|Lollipopyay has 30 seconds left.\n|\n|t:|1745991126\n|switch|p2a: Calyrex|Calyrex-Ice, L50|100/100\n|-ability|p2a: Calyrex|As One\n|-ability|p2a: Calyrex|Unnerve\n|-status|p2a: Calyrex|psn\n|move|p2b: Amoonguss|Spore|p1a: Incineroar\n|-status|p1a: Incineroar|slp|[from] move: Spore\n|cant|p1a: Incineroar|slp\n|move|p1b: Weezing|Toxic Spikes|p2a: Calyrex\n|-sidestart|p2: Lollipopyay|move: Toxic Spikes\n|\n|-damage|p2a: Calyrex|88/100 psn|[from] psn\n|upkeep\n|turn|3\n|\n|t:|1745991140\n|switch|p2b: Indeedee|Indeedee-F, L50, F, tera:Fairy|100/100\n|-status|p2b: Indeedee|tox\n|switch|p1a: Zamazenta|Zamazenta-Crowned, L50|100/100\n|move|p1b: Weezing|Protect|p1b: Weezing\n|-singleturn|p1b: Weezing|Protect\n|move|p2a: Calyrex|Glacial Lance|p1b: Weezing|[spread] p1a\n|-activate|p1b: Weezing|move: Protect\n|-resisted|p1a: Zamazenta\n|-damage|p1a: Zamazenta|69/100\n|\n|-damage|p2a: Calyrex|76/100 psn|[from] psn\n|-damage|p2b: Indeedee|94/100 tox|[from] psn\n|upkeep\n|turn|4\n|\n|t:|1745991161\n|switch|p2a: Necrozma|Necrozma-Dawn-Wings, L50|100/100\n|-status|p2a: Necrozma|tox\n|move|p2b: Indeedee|Protect|p2b: Indeedee\n|-singleturn|p2b: Indeedee|Protect\n|move|p1a: Zamazenta|Wide Guard|p1a: Zamazenta\n|-singleturn|p1a: Zamazenta|Wide Guard\n|move|p1b: Weezing|Taunt|p2b: Indeedee\n|-activate|p2b: Indeedee|move: Protect\n|\n|-damage|p2a: Necrozma|95/100 tox|[from] psn\n|-damage|p2b: Indeedee|82/100 tox|[from] psn\n|upkeep\n|turn|5\n|inactive|VeganCannibal has 30 seconds left.\n|\n|t:|1745991190\n|move|p2b: Indeedee|Helping Hand|p2a: Necrozma\n|-singleturn|p2a: Necrozma|Helping Hand|[of] p2b: Indeedee\n|move|p1a: Zamazenta|Wide Guard|p1a: Zamazenta\n|-singleturn|p1a: Zamazenta|Wide Guard\n|move|p2a: Necrozma|Moongeist Beam|p1a: Zamazenta\n|-damage|p1a: Zamazenta|0 fnt\n|faint|p1a: Zamazenta\n|-damage|p2a: Necrozma|85/100 tox|[from] item: Life Orb\n|move|p1b: Weezing|Taunt|p2b: Indeedee\n|-start|p2b: Indeedee|move: Taunt\n|\n|-damage|p2a: Necrozma|73/100 tox|[from] psn\n|-damage|p2b: Indeedee|63/100 tox|[from] psn\n|-fieldend|move: Trick Room\n|upkeep\n|\n|t:|1745991202\n|switch|p1a: Calyrex|Calyrex-Shadow, L50|100/100\n|-ability|p1a: Calyrex|As One\n|-ability|p1a: Calyrex|Unnerve\n|turn|6\n|\n|t:|1745991226\n|switch|p2b: Amoonguss|Amoonguss, L50, M|89/100\n|-sideend|p2: Lollipopyay|move: Toxic Spikes|[of] p2b: Amoonguss\n|switch|p2a: Calyrex|Calyrex-Ice, L50|76/100 psn\n|-ability|p2a: Calyrex|As One\n|-ability|p2a: Calyrex|Unnerve\n|-terastallize|p1a: Calyrex|Ghost\n|move|p1a: Calyrex|Astral Barrage|p2a: Calyrex|[spread] p2a,p2b\n|-supereffective|p2a: Calyrex\n|-damage|p2a: Calyrex|0 fnt\n|-damage|p2b: Amoonguss|37/100\n|faint|p2a: Calyrex\n|-ability|p1a: Calyrex|Grim Neigh|boost\n|-boost|p1a: Calyrex|spa|1\n|move|p1b: Weezing|Dazzling Gleam|p2b: Amoonguss\n|-resisted|p2b: Amoonguss\n|-damage|p2b: Amoonguss|29/100\n|\n|upkeep\n|\n|t:|1745991233\n|switch|p2a: Indeedee|Indeedee-F, L50, F, tera:Fairy|63/100 tox\n|turn|7\n|\n|t:|1745991241\n|move|p1a: Calyrex|Astral Barrage|p2a: Indeedee|[spread] p2a,p2b\n|-damage|p2a: Indeedee|0 fnt\n|-damage|p2b: Amoonguss|0 fnt\n|faint|p2a: Indeedee\n|faint|p2b: Amoonguss\n|-ability|p1a: Calyrex|Grim Neigh|boost\n|-boost|p1a: Calyrex|spa|2\n|move|p1b: Weezing|Dazzling Gleam|p2: Indeedee|[notarget]\n|-fail|p1b: Weezing\n|\n|upkeep\n|\n|t:|1745991246\n|switch|p2a: Necrozma|Necrozma-Dawn-Wings, L50|73/100 tox\n|turn|8\n|-message|Lollipopyay forfeited.\n|\n|win|VeganCannibal\n|l|\u2606Lollipopyay\n|player|p2|\n||Lollipopyay is ready for game 3.\n||VeganCannibal is ready for game 3.\n|uhtml|next|Next: <a href=\"/battle-gen9vgc2025regibo3-2353737187\"><strong>Game 3 of 3</strong></a>\n", "uploadtime": 1745991587, "views": 22, "formatid": "gen9vgc2025regibo3", "rating": null, "private": 0, "password": null}