{"id": "gen9vgc2025regibo3-2354676020", "format": "[Gen 9] VGC 2025 Reg I (Bo3)", "players": ["TheLordNebiros", "lexerthanatauros"], "log": "|j|\u2606TheLordNebiros\n|j|\u2606lexerthanatauros\n|html|<table width=\"100%\"><tr><td align=\"left\">TheLordNebiros</td><td align=\"right\">lexerthanatauros</tr><tr><td align=\"left\"><i class=\"fa fa-circle-o\"></i> <i class=\"fa fa-circle-o\"></i> </td><td align=\"right\"><i class=\"fa fa-circle-o\"></i> <i class=\"fa fa-circle-o\"></i> </tr></table>\n|uhtml|bestof|<h2><strong>Game 1</strong> of <a href=\"/game-bestof3-gen9vgc2025regibo3-2354676019\">a best-of-3</a></h2>\n|t:|1746109682\n|gametype|doubles\n|player|p1|TheLordNebiros|blue|1174\n|player|p2|lexerthanatauros|lucas|1092\n|teamsize|p1|6\n|teamsize|p2|6\n|gen|9\n|tier|[Gen 9] VGC 2025 Reg I (Bo3)\n|rated|\n|rule|Species Clause: Limit one of each Pok\u00e9mon\n|rule|Item Clause: Limit 1 of each item\n|clearpoke\n|poke|p1|Kyogre, L50|\n|poke|p1|Tornadus, L50, M|\n|poke|p1|Archaludon, L50, F|\n|poke|p1|Urshifu-*, L50, M|\n|poke|p1|Landorus, L50, M|\n|poke|p1|Miraidon, L50|\n|poke|p2|Terapagos, L50, M|\n|poke|p2|Zamazenta-*, L50|\n|poke|p2|Mimikyu, L50, F|\n|poke|p2|Tyranitar, L50, M|\n|poke|p2|Urshifu-*, L50, M|\n|poke|p2|Dugtrio, L50, M|\n|teampreview|4\n|showteam|p1|Kyogre||Leftovers|Drizzle|WaterSpout,Thunder,IceBeam,Protect||||||50|,,,,,Grass]Tornadus||CovertCloak|Prankster|BleakwindStorm,Tailwind,Taunt,RainDance|||M|||50|,,,,,Ground]Archaludon||PowerHerb|Stamina|ElectroShot,BodyPress,FlashCannon,Protect|||F|||50|,,,,,Bug]Urshifu||ClearAmulet|UnseenFist|WickedBlow,CloseCombat,Detect,SuckerPunch|||M|||50|,,,,,Steel]Landorus||LifeOrb|SheerForce|SandsearStorm,WeatherBall,SludgeBomb,Protect|||M|||50|,,,,,Dark]Miraidon||AssaultVest|HadronEngine|VoltSwitch,ElectroDrift,DracoMeteor,DazzlingGleam||||||50|,,,,,Fairy\n|showteam|p2|Terapagos||ChoiceSpecs|TeraShift|TeraStarstorm,DazzlingGleam,EarthPower,IceBeam|||M|||50|,,,,,Stellar]Zamazenta-Crowned||RustedShield|DauntlessShield|BodyPress,HeavySlam,WideGuard,Protect||||||50|,,,,,Dragon]Mimikyu||SitrusBerry|Disguise|PlayRough,WillOWisp,TrickRoom,DestinyBond|||F|||50|,,,,,Fairy]Tyranitar||LifeOrb|SandStream|KnockOff,StoneEdge,Earthquake,Protect|||M|||50|,,,,,Fairy]Urshifu||ChoiceScarf|UnseenFist|WickedBlow,PoisonJab,SuckerPunch,CloseCombat|||M|||50|,,,,,Dark]Dugtrio||FocusSash|ArenaTrap|Endeavor,SuckerPunch,StompingTantrum,Protect|||M|||50|,,,,,Ghost\n|inactive|Battle timer is ON: inactive players will automatically lose when time's up. (requested by TheLordNebiros)\n|\n|t:|1746109709\n|start\n|switch|p1a: Tornadus|Tornadus, L50, M|100/100\n|switch|p1b: Landorus|Landorus, L50, M|100/100\n|switch|p2a: Og flutter mane|Mimikyu, L50, F|100/100\n|switch|p2b: Terapagos|Terapagos, L50, M|100/100\n|-activate|p2b: Terapagos|ability: Tera Shift\n|detailschange|p2b: Terapagos|Terapagos-Terastal, L50, M\n|-heal|p2b: Terapagos|100/100|[silent]\n|turn|1\n|inactive|TheLordNebiros has 30 seconds left.\n|inactive|lexerthanatauros has 30 seconds left.\n|\n|t:|1746109738\n|move|p1a: Tornadus|Taunt|p2a: Og flutter mane\n|-start|p2a: Og flutter mane|move: Taunt\n|move|p1b: Landorus|Sludge Bomb|p2a: Og flutter mane\n|-activate|p2a: Og flutter mane|ability: Disguise\n|-damage|p2a: Og flutter mane|100/100\n|detailschange|p2a: Og flutter mane|Mimikyu-Busted, L50, F\n|-damage|p2a: Og flutter mane|88/100|[from] pokemon: Mimikyu-Busted\n|move|p2a: Og flutter mane|Play Rough|p1a: Tornadus|[miss]\n|-miss|p2a: Og flutter mane|p1a: Tornadus\n|move|p2b: Terapagos|Tera Starstorm|p1b: Landorus\n|-damage|p1b: Landorus|0 fnt\n|faint|p1b: Landorus\n|\n|upkeep\n|inactive|TheLordNebiros has 30 seconds left.\n|\n|t:|1746109764\n|switch|p1b: Kyogre|Kyogre, L50|100/100\n|-weather|RainDance|[from] ability: Drizzle|[of] p1b: Kyogre\n|turn|2\n|\n|t:|1746109784\n|-terastallize|p2b: Terapagos|Stellar\n|detailschange|p2b: Terapagos|Terapagos-Stellar, L50, M, tera:Stellar\n|-heal|p2b: Terapagos|100/100|[silent]\n|-ability|p2b: Terapagos|Teraform Zero\n|-weather|none\n|move|p1b: Kyogre|Protect|p1b: Kyogre\n|-singleturn|p1b: Kyogre|Protect\n|move|p1a: Tornadus|Bleakwind Storm|p2a: Og flutter mane|[spread] p2a\n|-miss|p1a: Tornadus|p2b: Terapagos\n|-damage|p2a: Og flutter mane|55/100\n|move|p2a: Og flutter mane|Play Rough|p1a: Tornadus\n|-damage|p1a: Tornadus|61/100\n|move|p2b: Terapagos|Tera Starstorm|p1b: Kyogre|[spread] p1a\n|-activate|p1b: Kyogre|move: Protect\n|-damage|p1a: Tornadus|0 fnt\n|faint|p1a: Tornadus\n|\n|upkeep\n|\n|t:|1746109796\n|switch|p1a: Miraidon|Miraidon, L50|100/100\n|-fieldstart|move: Electric Terrain|[from] ability: Hadron Engine|[of] p1a: Miraidon\n|turn|3\n|\n|t:|1746109810\n|move|p1a: Miraidon|Electro Drift|p2b: Terapagos\n|-damage|p2b: Terapagos|42/100\n|move|p1b: Kyogre|Water Spout|p2b: Terapagos|[spread] p2a,p2b\n|-damage|p2a: Og flutter mane|0 fnt\n|-damage|p2b: Terapagos|5/100\n|faint|p2a: Og flutter mane\n|move|p2b: Terapagos|Tera Starstorm|p1a: Miraidon|[spread] p1a,p1b\n|-damage|p1a: Miraidon|62/100\n|-damage|p1b: Kyogre|51/100\n|\n|-heal|p1b: Kyogre|57/100|[from] item: Leftovers\n|upkeep\n|\n|t:|1746109823\n|switch|p2a: Tyranitar|Tyranitar, L50, M|100/100\n|-weather|Sandstorm|[from] ability: Sand Stream|[of] p2a: Tyranitar\n|turn|4\n|\n|t:|1746109841\n|move|p1a: Miraidon|Dazzling Gleam|p2a: Tyranitar|[spread] p2a,p2b\n|-supereffective|p2a: Tyranitar\n|-damage|p2a: Tyranitar|63/100\n|-damage|p2b: Terapagos|0 fnt\n|faint|p2b: Terapagos\n|move|p1b: Kyogre|Water Spout|p2a: Tyranitar\n|-supereffective|p2a: Tyranitar\n|-damage|p2a: Tyranitar|7/100\n|move|p2a: Tyranitar|Earthquake|p1a: Miraidon|[spread] p1a,p1b\n|-supereffective|p1a: Miraidon\n|-damage|p1a: Miraidon|0 fnt\n|-damage|p1b: Kyogre|18/100\n|faint|p1a: Miraidon\n|-damage|p2a: Tyranitar|0 fnt|[from] item: Life Orb\n|faint|p2a: Tyranitar\n|\n|-weather|Sandstorm|[upkeep]\n|-damage|p1b: Kyogre|12/100|[from] Sandstorm\n|-heal|p1b: Kyogre|18/100|[from] item: Leftovers\n|upkeep\n|\n|t:|1746109863\n|switch|p2a: Zamazenta|Zamazenta-Crowned, L50|100/100\n|-ability|p2a: Zamazenta|Dauntless Shield|boost\n|-boost|p2a: Zamazenta|def|1\n|turn|5\n|\n|t:|1746109870\n|move|p1b: Kyogre|Protect|p1b: Kyogre\n|-singleturn|p1b: Kyogre|Protect\n|move|p2a: Zamazenta|Body Press|p1b: Kyogre\n|-activate|p1b: Kyogre|move: Protect\n|\n|-weather|Sandstorm|[upkeep]\n|-damage|p1b: Kyogre|12/100|[from] Sandstorm\n|-heal|p1b: Kyogre|18/100|[from] item: Leftovers\n|upkeep\n|turn|6\n|\n|t:|1746109882\n|move|p2a: Zamazenta|Body Press|p1b: Kyogre\n|-damage|p1b: Kyogre|0 fnt\n|faint|p1b: Kyogre\n|\n|win|lexerthanatauros\n||TheLordNebiros is ready for game 2.\n|inactive|lexerthanatauros has 30 seconds to confirm battle start!\n|inactive|lexerthanatauros has 20 seconds to confirm battle start!\n|inactive|lexerthanatauros has 10 seconds to confirm battle start!\n|uhtml|next|Next: <a href=\"/battle-gen9vgc2025regibo3-2354678470\"><strong>Game 2 of 3</strong></a>\n|l|\u2606lexerthanatauros\n|player|p2|\n|l|\u2606TheLordNebiros\n|player|p1|\n", "uploadtime": 1746110194, "views": 5, "formatid": "gen9vgc2025regibo3", "rating": null, "private": 0, "password": null}