{"id": "gen9vgc2025regibo3-2354813340", "format": "[Gen 9] VGC 2025 Reg I (Bo3)", "players": ["Holixs", "catcatscats"], "log": "|j|\u2606Holixs\n|j|\u2606catcatscats\n|html|<table width=\"100%\"><tr><td align=\"left\">Holixs</td><td align=\"right\">catcatscats</tr><tr><td align=\"left\"><i class=\"fa fa-circle-o\"></i> <i class=\"fa fa-circle-o\"></i> </td><td align=\"right\"><i class=\"fa fa-circle-o\"></i> <i class=\"fa fa-circle\"></i> </tr></table>\n|uhtml|bestof|<h2><strong>Game 2</strong> of <a href=\"/game-bestof3-gen9vgc2025regibo3-2354810954\">a best-of-3</a></h2>\n|t:|1746121975\n|gametype|doubles\n|player|p1|Holixs|roxie|1137\n|player|p2|catcatscats|pokekid|1225\n|teamsize|p1|6\n|teamsize|p2|6\n|gen|9\n|tier|[Gen 9] VGC 2025 Reg I (Bo3)\n|rated|\n|rule|Species Clause: Limit one of each Pok\u00e9mon\n|rule|Item Clause: Limit 1 of each item\n|clearpoke\n|poke|p1|Necrozma-Dawn-Wings, L50|\n|poke|p1|Indeedee-F, L50, F|\n|poke|p1|Zamazenta-*, L50|\n|poke|p1|Roaring Moon, L50|\n|poke|p1|Flutter Mane, L50|\n|poke|p1|Ursaluna, L50, M|\n|poke|p2|Miraidon, L50|\n|poke|p2|Calyrex-Ice, L50|\n|poke|p2|Landorus, L50, M|\n|poke|p2|Ogerpon-Hearthflame, L50, F|\n|poke|p2|Iron Jugulis, L50|\n|poke|p2|Urshifu-*, L50, F|\n|teampreview|4\n|showteam|p1|Necrozma-Dawn-Wings||PowerHerb|PrismArmor|MoongeistBeam,TrickRoom,ExpandingForce,MeteorBeam||||||50|,,,,,Normal]Indeedee-F||PsychicSeed|PsychicSurge|AlluringVoice,HelpingHand,FollowMe,TrickRoom|||F|||50|,,,,,Grass]Zamazenta-Crowned||RustedShield|DauntlessShield|BodyPress,HeavySlam,WideGuard,Protect||||||50|,,,,,Dragon]Roaring Moon||BoosterEnergy|Protosynthesis|KnockOff,Acrobatics,Tailwind,Protect||||||50|,,,,,Flying]Flutter Mane||FocusSash|Protosynthesis|Moonblast,ShadowBall,DazzlingGleam,Protect||||||50|,,,,,Fairy]Ursaluna||FlameOrb|Guts|Facade,HeadlongRush,Earthquake,Protect|||M|||50|,,,,,Ghost\n|showteam|p2|Miraidon||ChoiceSpecs|HadronEngine|VoltSwitch,DracoMeteor,ElectroDrift,DazzlingGleam||||||50|,,,,,Fairy]Calyrex-Ice||ClearAmulet|AsOneGlastrier|GlacialLance,HighHorsepower,Protect,TrickRoom||||||50|,,,,,Water]Landorus||LifeOrb|SheerForce|SandsearStorm,SludgeBomb,EarthPower,Protect|||M|||50|,,,,,Water]Ogerpon-Hearthflame||HearthflameMask|MoldBreaker|IvyCudgel,HornLeech,FollowMe,SpikyShield|||F|||50|,,,,,Fire]Iron Jugulis||BoosterEnergy|QuarkDrive|Tailwind,AirSlash,Snarl,Protect||||||50|,,,,,Poison]Urshifu-Rapid-Strike||MysticWater|UnseenFist|SurgingStrikes,CloseCombat,AquaJet,Detect|||F|||50|,,,,,Water\n|\n|t:|1746121996\n|start\n|switch|p1a: Roaring Moon|Roaring Moon, L50|100/100\n|switch|p1b: Flutter Mango|Flutter Mane, L50|100/100\n|switch|p2a: Calyrex|Calyrex-Ice, L50|100/100\n|switch|p2b: Iron Jugulis|Iron Jugulis, L50|100/100\n|-ability|p2a: Calyrex|As One\n|-ability|p2a: Calyrex|Unnerve\n|-enditem|p1a: Roaring Moon|Booster Energy\n|-activate|p1a: Roaring Moon|ability: Protosynthesis|[fromitem]\n|-start|p1a: Roaring Moon|protosynthesisspe\n|-enditem|p2b: Iron Jugulis|Booster Energy\n|-activate|p2b: Iron Jugulis|ability: Quark Drive|[fromitem]\n|-start|p2b: Iron Jugulis|quarkdrivespe\n|turn|1\n|\n|t:|1746122015\n|-terastallize|p1b: Flutter Mango|Fairy\n|-terastallize|p2a: Calyrex|Water\n|move|p1a: Roaring Moon|Tailwind|p1a: Roaring Moon\n|-sidestart|p1: Holixs|move: Tailwind\n|move|p1b: Flutter Mango|Dazzling Gleam|p2b: Iron Jugulis|[spread] p2a,p2b\n|-supereffective|p2b: Iron Jugulis\n|-damage|p2a: Calyrex|71/100\n|-damage|p2b: Iron Jugulis|0 fnt\n|faint|p2b: Iron Jugulis\n|-end|p2b: Iron Jugulis|Quark Drive|[silent]\n|move|p2a: Calyrex|Glacial Lance|p1b: Flutter Mango|[spread] p1a,p1b\n|-supereffective|p1a: Roaring Moon\n|-damage|p1a: Roaring Moon|0 fnt\n|-enditem|p1b: Flutter Mango|Focus Sash\n|-damage|p1b: Flutter Mango|1/100\n|faint|p1a: Roaring Moon\n|-end|p1a: Roaring Moon|Protosynthesis|[silent]\n|-ability|p2a: Calyrex|Chilling Neigh|boost\n|-boost|p2a: Calyrex|atk|1\n|\n|upkeep\n|\n|t:|1746122030\n|switch|p1a: Zamazenta|Zamazenta-Crowned, L50|100/100\n|switch|p2b: Urshifu|Urshifu-Rapid-Strike, L50, F|100/100\n|-ability|p1a: Zamazenta|Dauntless Shield|boost\n|-boost|p1a: Zamazenta|def|1\n|turn|2\n|\n|t:|1746122059\n|-end|p1b: Flutter Mango|Protosynthesis|[silent]\n|switch|p1b: Spam helper 1|Indeedee-F, L50, F|100/100\n|-fieldstart|move: Psychic Terrain|[from] ability: Psychic Surge|[of] p1b: Spam helper 1\n|-enditem|p1b: Spam helper 1|Psychic Seed\n|-boost|p1b: Spam helper 1|spd|1|[from] item: Psychic Seed\n|move|p2b: Urshifu|Aqua Jet|p1b: Spam helper 1\n|-activate|p1b: Spam helper 1|move: Psychic Terrain\n|move|p1a: Zamazenta|Body Press|p2a: Calyrex\n|-crit|p2a: Calyrex\n|-damage|p2a: Calyrex|5/100\n|move|p2a: Calyrex|Trick Room|p2a: Calyrex\n|-fieldstart|move: Trick Room|[of] p2a: Calyrex\n|\n|upkeep\n|turn|3\n|\n|t:|1746122080\n|move|p1a: Zamazenta|Wide Guard|p1a: Zamazenta\n|-singleturn|p1a: Zamazenta|Wide Guard\n|move|p2a: Calyrex|High Horsepower|p1a: Zamazenta\n|-supereffective|p1a: Zamazenta\n|-damage|p1a: Zamazenta|53/100\n|move|p2b: Urshifu|Surging Strikes|p1a: Zamazenta\n|-crit|p1a: Zamazenta\n|-damage|p1a: Zamazenta|36/100\n|-crit|p1a: Zamazenta\n|-damage|p1a: Zamazenta|21/100\n|-crit|p1a: Zamazenta\n|-damage|p1a: Zamazenta|6/100\n|-hitcount|p1a: Zamazenta|3\n|move|p1b: Spam helper 1|Trick Room|p1b: Spam helper 1\n|-fieldend|move: Trick Room\n|\n|upkeep\n|turn|4\n|\n|t:|1746122095\n|move|p1a: Zamazenta|Body Press|p2b: Urshifu\n|-damage|p2b: Urshifu|33/100\n|move|p1b: Spam helper 1|Alluring Voice|p2a: Calyrex\n|-damage|p2a: Calyrex|0 fnt\n|faint|p2a: Calyrex\n|move|p2b: Urshifu|Surging Strikes|p1b: Spam helper 1\n|-crit|p1b: Spam helper 1\n|-damage|p1b: Spam helper 1|71/100\n|-crit|p1b: Spam helper 1\n|-damage|p1b: Spam helper 1|43/100\n|-crit|p1b: Spam helper 1\n|-damage|p1b: Spam helper 1|15/100\n|-hitcount|p1b: Spam helper 1|3\n|\n|-sideend|p1: Holixs|move: Tailwind\n|upkeep\n|\n|t:|1746122129\n|switch|p2a: Miraidon|Miraidon, L50|100/100\n|-fieldstart|move: Electric Terrain|[from] ability: Hadron Engine|[of] p2a: Miraidon\n|turn|5\n|\n|t:|1746122147\n|move|p1a: Zamazenta|Wide Guard|p1a: Zamazenta\n|-singleturn|p1a: Zamazenta|Wide Guard\n|move|p2b: Urshifu|Aqua Jet|p1a: Zamazenta\n|-damage|p1a: Zamazenta|0 fnt\n|faint|p1a: Zamazenta\n|move|p2a: Miraidon|Electro Drift|p1b: Spam helper 1\n|-damage|p1b: Spam helper 1|0 fnt\n|faint|p1b: Spam helper 1\n|\n|upkeep\n|\n|t:|1746122159\n|switch|p1b: Flutter Mango|Flutter Mane, L50, tera:Fairy|1/100\n|turn|6\n|\n|t:|1746122163\n|move|p2b: Urshifu|Aqua Jet|p1b: Flutter Mango\n|-damage|p1b: Flutter Mango|0 fnt\n|faint|p1b: Flutter Mango\n|-end|p1b: Flutter Mango|Protosynthesis|[silent]\n|\n|win|catcatscats\n|raw|Holixs's rating: 1137 &rarr; <strong>1118</strong><br />(-19 for losing)\n|raw|catcatscats's rating: 1225 &rarr; <strong>1244</strong><br />(+19 for winning)\n|l|\u2606Holixs\n|player|p1|\n", "uploadtime": 1746122211, "views": 5, "formatid": "gen9vgc2025regibo3", "rating": 1118, "private": 0, "password": null}