{"id": "gen9vgc2025regibo3-2353702755", "format": "[Gen 9] VGC 2025 Reg I (Bo3)", "players": ["tjddjddd", "STL Donductor"], "log": "|j|\u2606tjddjddd\n|j|\u2606STL Donductor\n|html|<table width=\"100%\"><tr><td align=\"left\">tjddjddd</td><td align=\"right\">STL Donductor</tr><tr><td align=\"left\"><i class=\"fa fa-circle-o\"></i> <i class=\"fa fa-circle-o\"></i> </td><td align=\"right\"><i class=\"fa fa-circle-o\"></i> <i class=\"fa fa-circle-o\"></i> </tr></table>\n|uhtml|bestof|<h2><strong>Game 1</strong> of <a href=\"/game-bestof3-gen9vgc2025regibo3-2353702754\">a best-of-3</a></h2>\n|t:|1745985779\n|gametype|doubles\n|player|p1|tjddjddd|beauty-gen5bw2|1309\n|player|p2|STL Donductor|fisherman|1249\n|teamsize|p1|6\n|teamsize|p2|6\n|gen|9\n|tier|[Gen 9] VGC 2025 Reg I (Bo3)\n|rated|\n|rule|Species Clause: Limit one of each Pok\u00e9mon\n|rule|Item Clause: Limit 1 of each item\n|clearpoke\n|poke|p1|Calyrex-Shadow, L50|\n|poke|p1|Zamazenta-*, L50|\n|poke|p1|Incineroar, L50, F|\n|poke|p1|Rillaboom, L50, M|\n|poke|p1|Ogerpon-Cornerstone, L50, F|\n|poke|p1|Pelipper, L50, M|\n|poke|p2|Calyrex-Shadow, L50|\n|poke|p2|Miraidon, L50|\n|poke|p2|Dondozo, L50, M|\n|poke|p2|Tatsugiri-Droopy, L50, F|\n|poke|p2|Sneasler, L50, M|\n|poke|p2|Chi-Yu, L50|\n|teampreview|4\n|showteam|p1|Calyrex-Shadow||LifeOrb|AsOneSpectrier|AstralBarrage,Psychic,NastyPlot,Protect||||||50|,,,,,Normal]Zamazenta-Crowned||RustedShield|DauntlessShield|BodyPress,behemothbash,WideGuard,Protect||||||50|,,,,,Water]Incineroar||RockyHelmet|Intimidate|KnockOff,FlareBlitz,PartingShot,FakeOut|||F|||50|,,,,,Water]Rillaboom||AssaultVest|GrassySurge|WoodHammer,GrassyGlide,Uturn,FakeOut|||M|||50|,,,,,Fire]Ogerpon-Cornerstone||CornerstoneMask|Sturdy|IvyCudgel,GrassyGlide,FollowMe,SpikyShield|||F|||50|,,,,,Rock]Pelipper||FocusSash|Drizzle|WeatherBall,Hurricane,Tailwind,WideGuard|||M|||50|,,,,,Ghost\n|showteam|p2|Calyrex-Shadow||LifeOrb|AsOneSpectrier|AstralBarrage,Psychic,Encore,Protect||||||50|,,,,,Dark]Miraidon||AssaultVest|HadronEngine|ElectroDrift,DracoMeteor,DazzlingGleam,VoltSwitch||||||50|,,,,,Fairy]Dondozo||Leftovers|Unaware|BodyPress,OrderUp,Earthquake,Protect|||M|||50|,,,,,Grass]Tatsugiri-Droopy||FocusSash|Commander|DracoMeteor,MuddyWater,HelpingHand,Protect|||F|||50|,,,,,Stellar]Sneasler||ElectricSeed|Unburden|FakeOut,DireClaw,CloseCombat,ToxicSpikes|||M|||50|,,,,,Dark]Chi-Yu||ChoiceScarf|BeadsofRuin|HeatWave,Overheat,Snarl,ScaryFace||||||50|,,,,,Ghost\n|inactive|Battle timer is ON: inactive players will automatically lose when time's up. (requested by STL Donductor)\n|inactive|tjddjddd also wants the timer to be on.\n|inactive|STL Donductor has 60 seconds left.\n|inactive|STL Donductor has 30 seconds left.\n|inactive|STL Donductor has 20 seconds left.\n|inactive|STL Donductor has 15 seconds left.\n|\n|t:|1745985858\n|start\n|switch|p1a: Rillaboom|Rillaboom, L50, M|100/100\n|switch|p1b: Calyrex|Calyrex-Shadow, L50|100/100\n|switch|p2a: Calyrex|Calyrex-Shadow, L50|100/100\n|switch|p2b: Chi-Yu|Chi-Yu, L50|100/100\n|-ability|p1b: Calyrex|As One\n|-ability|p1b: Calyrex|Unnerve\n|-ability|p2a: Calyrex|As One\n|-ability|p2a: Calyrex|Unnerve\n|-ability|p2b: Chi-Yu|Beads of Ruin\n|-fieldstart|move: Grassy Terrain|[from] ability: Grassy Surge|[of] p1a: Rillaboom\n|turn|1\n|inactive|STL Donductor has 30 seconds left.\n|inactive|STL Donductor has 20 seconds left.\n|inactive|STL Donductor has 15 seconds left.\n|inactive|STL Donductor has 10 seconds left.\n|\n|t:|1745985904\n|switch|p1b: Incineroar|Incineroar, L50, F|100/100\n|-ability|p1b: Incineroar|Intimidate|boost\n|-unboost|p2a: Calyrex|atk|1\n|-unboost|p2b: Chi-Yu|atk|1\n|move|p2a: Calyrex|Protect|p2a: Calyrex\n|-singleturn|p2a: Calyrex|Protect\n|move|p1a: Rillaboom|Fake Out|p2b: Chi-Yu\n|-damage|p2b: Chi-Yu|79/100\n|cant|p2b: Chi-Yu|flinch\n|\n|-heal|p2b: Chi-Yu|85/100|[from] Grassy Terrain\n|upkeep\n|turn|2\n|\n|t:|1745985929\n|-terastallize|p2a: Calyrex|Dark\n|-terastallize|p1a: Rillaboom|Fire\n|move|p2b: Chi-Yu|Overheat|p1a: Rillaboom|[miss]\n|-miss|p2b: Chi-Yu|p1a: Rillaboom\n|move|p2a: Calyrex|Encore|p1a: Rillaboom\n|-start|p1a: Rillaboom|Encore\n|move|p1a: Rillaboom|Fake Out||[still]\n|-hint|Fake Out only works on your first turn out.\n|-fail|p1a: Rillaboom\n|move|p1b: Incineroar|Knock Off|p2b: Chi-Yu\n|-resisted|p2b: Chi-Yu\n|-damage|p2b: Chi-Yu|54/100\n|-enditem|p2b: Chi-Yu|Choice Scarf|[from] move: Knock Off|[of] p1b: Incineroar\n|\n|-heal|p2b: Chi-Yu|60/100|[from] Grassy Terrain\n|upkeep\n|turn|3\n|inactive|tjddjddd has 30 seconds left.\n|inactive|STL Donductor has 30 seconds left.\n|inactive|STL Donductor has 20 seconds left.\n|inactive|STL Donductor has 15 seconds left.\n|\n|t:|1745985969\n|switch|p1a: Ogerpon|Ogerpon-Cornerstone, L50, F|100/100\n|move|p2a: Calyrex|Astral Barrage|p1b: Incineroar|[spread] p1a,p1b\n|-resisted|p1b: Incineroar\n|-ability|p1a: Ogerpon|Sturdy\n|-damage|p1a: Ogerpon|1/100\n|-damage|p1b: Incineroar|62/100\n|-damage|p2a: Calyrex|91/100|[from] item: Life Orb\n|move|p2b: Chi-Yu|Overheat|p1a: Ogerpon\n|-crit|p1a: Ogerpon\n|-damage|p1a: Ogerpon|0 fnt\n|-unboost|p2b: Chi-Yu|spa|2\n|faint|p1a: Ogerpon\n|move|p1b: Incineroar|Flare Blitz|p2a: Calyrex\n|-damage|p2a: Calyrex|43/100\n|-damage|p1b: Incineroar|48/100|[from] Recoil\n|\n|-heal|p2a: Calyrex|49/100|[from] Grassy Terrain\n|-heal|p2b: Chi-Yu|66/100|[from] Grassy Terrain\n|-heal|p1b: Incineroar|54/100|[from] Grassy Terrain\n|upkeep\n|\n|t:|1745985985\n|switch|p1a: Rillaboom|Rillaboom, L50, M, tera:Fire|100/100\n|turn|4\n|\n|t:|1745985994\n|switch|p2b: Dondozo|Dondozo, L50, M, shiny|100/100\n|move|p2a: Calyrex|Protect|p2a: Calyrex\n|-singleturn|p2a: Calyrex|Protect\n|move|p1a: Rillaboom|U-turn|p2a: Calyrex\n|-activate|p2a: Calyrex|move: Protect\n|move|p1b: Incineroar|Parting Shot|p2b: Dondozo\n|-unboost|p2b: Dondozo|atk|1\n|-unboost|p2b: Dondozo|spa|1\n|\n|t:|1745986003\n|switch|p1b: Calyrex|Calyrex-Shadow, L50|100/100|[from] Parting Shot\n|-ability|p1b: Calyrex|As One\n|-ability|p1b: Calyrex|Unnerve\n|\n|-heal|p2a: Calyrex|56/100|[from] Grassy Terrain\n|upkeep\n|turn|5\n|inactive|STL Donductor has 30 seconds left.\n|inactive|STL Donductor has 20 seconds left.\n|inactive|STL Donductor has 15 seconds left.\n|\n|t:|1745986046\n|switch|p2a: Tatsugiri|Tatsugiri-Droopy, L50, F, shiny|100/100\n|-activate|p2a: Tatsugiri|ability: Commander|[of] p2b: Dondozo\n|-boost|p2b: Dondozo|atk|2\n|-boost|p2b: Dondozo|spa|2\n|-boost|p2b: Dondozo|spe|2\n|-boost|p2b: Dondozo|def|2\n|-boost|p2b: Dondozo|spd|2\n|switch|p1a: Incineroar|Incineroar, L50, F|54/100\n|-ability|p1a: Incineroar|Intimidate|boost\n|-unboost|p2a: Tatsugiri|atk|1\n|-unboost|p2b: Dondozo|atk|1\n|move|p1b: Calyrex|Protect|p1b: Calyrex\n|-singleturn|p1b: Calyrex|Protect\n|move|p2b: Dondozo|Order Up|p1b: Calyrex\n|-activate|p1b: Calyrex|move: Protect\n|\n|-heal|p1a: Incineroar|60/100|[from] Grassy Terrain\n|-fieldend|move: Grassy Terrain\n|upkeep\n|turn|6\n|\n|t:|1745986065\n|switch|p1b: Rillaboom|Rillaboom, L50, M, tera:Fire|100/100\n|-fieldstart|move: Grassy Terrain|[from] ability: Grassy Surge|[of] p1b: Rillaboom\n|move|p2b: Dondozo|Protect|p2b: Dondozo\n|-singleturn|p2b: Dondozo|Protect\n|move|p1a: Incineroar|Fake Out|p2b: Dondozo\n|-activate|p2b: Dondozo|move: Protect\n|\n|-heal|p1a: Incineroar|66/100|[from] Grassy Terrain\n|upkeep\n|turn|7\n|\n|t:|1745986076\n|move|p1b: Rillaboom|Fake Out|p2b: Dondozo\n|-damage|p2b: Dondozo|97/100\n|cant|p2b: Dondozo|flinch\n|move|p1a: Incineroar|Knock Off|p2b: Dondozo\n|-damage|p2b: Dondozo|87/100\n|-enditem|p2b: Dondozo|Leftovers|[from] move: Knock Off|[of] p1a: Incineroar\n|\n|-heal|p2b: Dondozo|93/100|[from] Grassy Terrain\n|-heal|p1a: Incineroar|72/100|[from] Grassy Terrain\n|upkeep\n|turn|8\n|\n|t:|1745986093\n|move|p2b: Dondozo|Order Up|p1b: Rillaboom\n|-damage|p1b: Rillaboom|83/100\n|-boost|p2b: Dondozo|def|1\n|move|p1b: Rillaboom|Wood Hammer|p2b: Dondozo\n|-supereffective|p2b: Dondozo\n|-damage|p2b: Dondozo|58/100\n|-damage|p1b: Rillaboom|71/100|[from] Recoil\n|move|p1a: Incineroar|Parting Shot|p2b: Dondozo\n|-unboost|p2b: Dondozo|atk|1\n|-unboost|p2b: Dondozo|spa|1\n|\n|t:|1745986102\n|switch|p1a: Calyrex|Calyrex-Shadow, L50|100/100|[from] Parting Shot\n|-ability|p1a: Calyrex|As One\n|-ability|p1a: Calyrex|Unnerve\n|\n|-heal|p2b: Dondozo|64/100|[from] Grassy Terrain\n|-heal|p1b: Rillaboom|76/100|[from] Grassy Terrain\n|upkeep\n|turn|9\n|\n|t:|1745986113\n|move|p1a: Calyrex|Psychic|p2b: Dondozo\n|-damage|p2b: Dondozo|29/100\n|-damage|p1a: Calyrex|91/100|[from] item: Life Orb\n|move|p2b: Dondozo|Body Press|p1b: Rillaboom\n|-damage|p1b: Rillaboom|8/100\n|move|p1b: Rillaboom|U-turn|p2b: Dondozo\n|-damage|p2b: Dondozo|24/100\n|\n|t:|1745986120\n|switch|p1b: Incineroar|Incineroar, L50, F|72/100|[from] U-turn\n|-ability|p1b: Incineroar|Intimidate|boost\n|-unboost|p2a: Tatsugiri|atk|1\n|-unboost|p2b: Dondozo|atk|1\n|\n|-heal|p1a: Calyrex|97/100|[from] Grassy Terrain\n|-heal|p2b: Dondozo|30/100|[from] Grassy Terrain\n|-heal|p1b: Incineroar|78/100|[from] Grassy Terrain\n|upkeep\n|turn|10\n|\n|t:|1745986135\n|move|p1b: Incineroar|Fake Out|p2b: Dondozo\n|-damage|p2b: Dondozo|27/100\n|move|p1a: Calyrex|Nasty Plot|p1a: Calyrex\n|-boost|p1a: Calyrex|spa|2\n|cant|p2b: Dondozo|flinch\n|\n|-heal|p1a: Calyrex|100/100|[from] Grassy Terrain\n|-heal|p2b: Dondozo|33/100|[from] Grassy Terrain\n|-heal|p1b: Incineroar|84/100|[from] Grassy Terrain\n|-fieldend|move: Grassy Terrain\n|upkeep\n|turn|11\n|\n|t:|1745986157\n|move|p1a: Calyrex|Psychic|p2b: Dondozo\n|-damage|p2b: Dondozo|0 fnt\n|faint|p2b: Dondozo\n|-ability|p1a: Calyrex|Grim Neigh|boost\n|-boost|p1a: Calyrex|spa|1\n|-damage|p1a: Calyrex|91/100|[from] item: Life Orb\n|move|p1b: Incineroar|Knock Off|p2a: Tatsugiri\n|-damage|p2a: Tatsugiri|31/100\n|-enditem|p2a: Tatsugiri|Focus Sash|[from] move: Knock Off|[of] p1b: Incineroar\n|\n|upkeep\n|\n|t:|1745986169\n|switch|p2b: Calyrex|Calyrex-Shadow, L50, tera:Dark|56/100\n|-ability|p2b: Calyrex|As One\n|-ability|p2b: Calyrex|Unnerve\n|turn|12\n|\n|t:|1745986181\n|move|p2a: Tatsugiri|Helping Hand|p2b: Calyrex\n|-singleturn|p2b: Calyrex|Helping Hand|[of] p2a: Tatsugiri\n|move|p1a: Calyrex|Astral Barrage|p2a: Tatsugiri|[spread] p2a,p2b\n|-resisted|p2b: Calyrex\n|-damage|p2a: Tatsugiri|0 fnt\n|-damage|p2b: Calyrex|0 fnt\n|faint|p2a: Tatsugiri\n|faint|p2b: Calyrex\n|-ability|p1a: Calyrex|Grim Neigh|boost\n|-boost|p1a: Calyrex|spa|2\n|-damage|p1a: Calyrex|82/100|[from] item: Life Orb\n|move|p1b: Incineroar|Flare Blitz|p2: Tatsugiri|[notarget]\n|-fail|p1b: Incineroar\n|\n|upkeep\n|-message|STL Donductor forfeited.\n|\n|win|tjddjddd\n||tjddjddd is ready for game 2.\n", "uploadtime": 1745986194, "views": 9, "formatid": "gen9vgc2025regibo3", "rating": null, "private": 0, "password": null}