{"id": "gen9vgc2025regibo3-2353757959", "format": "[Gen 9] VGC 2025 Reg I (Bo3)", "players": ["sharkym02", "RagCheese"], "log": "|j|\u2606sharkym02\n|j|\u2606RagCheese\n|html|<table width=\"100%\"><tr><td align=\"left\">sharkym02</td><td align=\"right\">RagCheese</tr><tr><td align=\"left\"><i class=\"fa fa-circle\"></i> <i class=\"fa fa-circle-o\"></i> </td><td align=\"right\"><i class=\"fa fa-circle-o\"></i> <i class=\"fa fa-circle-o\"></i> </tr></table>\n|uhtml|bestof|<h2><strong>Game 2</strong> of <a href=\"/game-bestof3-gen9vgc2025regibo3-2353756656\">a best-of-3</a></h2>\n|t:|1745994960\n|gametype|doubles\n|player|p1|sharkym02|266|1078\n|player|p2|RagCheese|bellelba|1035\n|teamsize|p1|6\n|teamsize|p2|6\n|gen|9\n|tier|[Gen 9] VGC 2025 Reg I (Bo3)\n|rated|\n|rule|Species Clause: Limit one of each Pok\u00e9mon\n|rule|Item Clause: Limit 1 of each item\n|clearpoke\n|poke|p1|Zamazenta-*, L50|\n|poke|p1|Tornadus, L50, M|\n|poke|p1|Calyrex-Shadow, L50|\n|poke|p1|Rillaboom, L50, M|\n|poke|p1|Urshifu-*, L50, M|\n|poke|p1|Raging Bolt, L50|\n|poke|p2|Miraidon, L50|\n|poke|p2|Zekrom, L50|\n|poke|p2|Urshifu-*, L50, M|\n|poke|p2|Magmar, L50, M|\n|poke|p2|Farigiraf, L50, M|\n|poke|p2|Whimsicott, L50, F|\n|teampreview|4\n|showteam|p1|Zamazenta-Crowned||RustedShield|DauntlessShield|BodyPress,HeavySlam,WideGuard,Protect||||||50|,,,,,Dragon]Tornadus||CovertCloak|Prankster|BleakwindStorm,Tailwind,Taunt,RainDance|||M|||50|,,,,,Dark]Calyrex-Shadow||FocusSash|AsOneSpectrier|AstralBarrage,Psychic,NastyPlot,Protect||||||50|,,,,,Dark]Rillaboom||AssaultVest|GrassySurge|GrassyGlide,WoodHammer,KnockOff,FakeOut|||M|||50|,,,,,Fire]Urshifu-Rapid-Strike||ChoiceScarf|UnseenFist|SurgingStrikes,CloseCombat,Uturn,PoisonJab|||M|||50|,,,,,Water]Raging Bolt||BoosterEnergy|Protosynthesis|Thunderclap,Thunderbolt,DracoMeteor,Protect||||||50|,,,,,Electric\n|showteam|p2|Miraidon||LifeOrb|HadronEngine|Protect,CalmMind,ElectroDrift,DazzlingGleam||||||50|,,,,,Fairy]Zekrom||WideLens|Teravolt|Protect,BoltStrike,ScaleShot,RockSlide||||||50|,,,,,Electric]Urshifu-Rapid-Strike||ChoiceScarf|UnseenFist|CloseCombat,SurgingStrikes,RockSlide,Coaching|||M|||50|,,,,,Water]Magmar||Eviolite|FlameBody|HelpingHand,Overheat,FollowMe,WillOWisp|||M|||50|,,,,,Ghost]Farigiraf||RockyHelmet|ArmorTail|TrickRoom,Imprison,ThunderWave,FoulPlay|||M|||50|,,,,,Normal]Whimsicott||CovertCloak|Prankster|Tailwind,Encore,Moonblast,Protect|||F|||50|,,,,,Fairy\n|\n|t:|1745994979\n|start\n|switch|p1a: Raging Bolt|Raging Bolt, L50|100/100\n|switch|p1b: Tornadus|Tornadus, L50, M|100/100\n|switch|p2a: dat boi|Miraidon, L50|100/100\n|switch|p2b: Trollmar|Magmar, L50, M|100/100\n|-fieldstart|move: Electric Terrain|[from] ability: Hadron Engine|[of] p2a: dat boi\n|-enditem|p1a: Raging Bolt|Booster Energy\n|-activate|p1a: Raging Bolt|ability: Protosynthesis|[fromitem]\n|-start|p1a: Raging Bolt|protosynthesisspa\n|turn|1\n|\n|t:|1745995014\n|-terastallize|p2a: dat boi|Fairy\n|move|p1a: Raging Bolt|Protect|p1a: Raging Bolt\n|-singleturn|p1a: Raging Bolt|Protect\n|move|p1b: Tornadus|Rain Dance|p1b: Tornadus\n|-weather|RainDance\n|move|p2a: dat boi|Calm Mind|p2a: dat boi\n|-boost|p2a: dat boi|spa|1\n|-boost|p2a: dat boi|spd|1\n|move|p2b: Trollmar|Will-O-Wisp|p1a: Raging Bolt\n|-activate|p1a: Raging Bolt|move: Protect\n|\n|-weather|RainDance|[upkeep]\n|upkeep\n|turn|2\n|\n|t:|1745995044\n|-terastallize|p1a: Raging Bolt|Electric\n|move|p2b: Trollmar|Follow Me|p2b: Trollmar\n|-singleturn|p2b: Trollmar|move: Follow Me\n|move|p1b: Tornadus|Tailwind|p1b: Tornadus\n|-sidestart|p1: sharkym02|move: Tailwind\n|move|p1a: Raging Bolt|Thunderbolt|p2b: Trollmar\n|-damage|p2b: Trollmar|7/100\n|move|p2a: dat boi|Calm Mind|p2a: dat boi\n|-boost|p2a: dat boi|spa|1\n|-boost|p2a: dat boi|spd|1\n|\n|-weather|RainDance|[upkeep]\n|upkeep\n|turn|3\n|\n|t:|1745995079\n|switch|p2b: Thunder Claws|Zekrom, L50, shiny|100/100\n|-ability|p2b: Thunder Claws|Teravolt\n|move|p1b: Tornadus|Bleakwind Storm|p2b: Thunder Claws|[spread] p2a,p2b\n|-resisted|p2b: Thunder Claws\n|-damage|p2a: dat boi|85/100\n|-damage|p2b: Thunder Claws|85/100\n|-unboost|p2b: Thunder Claws|spe|1\n|move|p1a: Raging Bolt|Thunderbolt|p2b: Thunder Claws\n|-resisted|p2b: Thunder Claws\n|-damage|p2b: Thunder Claws|55/100\n|move|p2a: dat boi|Dazzling Gleam|p1b: Tornadus|[spread] p1a,p1b\n|-crit|p1a: Raging Bolt\n|-damage|p1a: Raging Bolt|0 fnt\n|-damage|p1b: Tornadus|0 fnt\n|faint|p1a: Raging Bolt\n|-end|p1a: Raging Bolt|Protosynthesis|[silent]\n|faint|p1b: Tornadus\n|-damage|p2a: dat boi|75/100|[from] item: Life Orb\n|\n|-weather|RainDance|[upkeep]\n|upkeep\n|\n|t:|1745995088\n|switch|p1b: Urshifu|Urshifu-Rapid-Strike, L50, M|100/100\n|switch|p1a: Calyrex|Calyrex-Shadow, L50|100/100\n|-ability|p1a: Calyrex|As One\n|-ability|p1a: Calyrex|Unnerve\n|turn|4\n|\n|t:|1745995132\n|switch|p2b: Foul Hooves|Farigiraf, L50, M|100/100\n|move|p2a: dat boi|Protect|p2a: dat boi\n|-singleturn|p2a: dat boi|Protect\n|move|p1b: Urshifu|Poison Jab|p2a: dat boi\n|-supereffective|p2a: dat boi\n|-damage|p2a: dat boi|10/100\n|move|p1a: Calyrex|Astral Barrage|p2b: Foul Hooves|[spread] \n|-activate|p2a: dat boi|move: Protect\n|-immune|p2b: Foul Hooves\n|\n|-weather|RainDance|[upkeep]\n|upkeep\n|turn|5\n|\n|t:|1745995147\n|move|p2a: dat boi|Protect||[still]\n|-fail|p2a: dat boi\n|move|p1b: Urshifu|Poison Jab|p2a: dat boi\n|-supereffective|p2a: dat boi\n|-damage|p2a: dat boi|0 fnt\n|faint|p2a: dat boi\n|move|p1a: Calyrex|Nasty Plot|p1a: Calyrex\n|-boost|p1a: Calyrex|spa|2\n|move|p2b: Foul Hooves|Foul Play|p1a: Calyrex\n|-supereffective|p1a: Calyrex\n|-damage|p1a: Calyrex|38/100\n|\n|-weather|none\n|-sideend|p1: sharkym02|move: Tailwind\n|-fieldend|move: Electric Terrain\n|upkeep\n|\n|t:|1745995164\n|switch|p2a: Trollmar|Magmar, L50, M|7/100\n|turn|6\n|\n|t:|1745995174\n|move|p1a: Calyrex|Protect|p1a: Calyrex\n|-singleturn|p1a: Calyrex|Protect\n|move|p2a: Trollmar|Follow Me|p2a: Trollmar\n|-singleturn|p2a: Trollmar|move: Follow Me\n|move|p1b: Urshifu|Poison Jab|p2a: Trollmar\n|-damage|p2a: Trollmar|0 fnt\n|faint|p2a: Trollmar\n|move|p2b: Foul Hooves|Trick Room|p2b: Foul Hooves\n|-fieldstart|move: Trick Room|[of] p2b: Foul Hooves\n|\n|upkeep\n|\n|t:|1745995184\n|switch|p2a: Thunder Claws|Zekrom, L50, shiny|55/100\n|-ability|p2a: Thunder Claws|Teravolt\n|turn|7\n|\n|t:|1745995203\n|move|p2b: Foul Hooves|Foul Play|p1a: Calyrex\n|-supereffective|p1a: Calyrex\n|-damage|p1a: Calyrex|0 fnt\n|faint|p1a: Calyrex\n|move|p2a: Thunder Claws|Bolt Strike|p1b: Urshifu\n|-supereffective|p1b: Urshifu\n|-damage|p1b: Urshifu|0 fnt\n|faint|p1b: Urshifu\n|\n|win|RagCheese\n||sharkym02 is ready for game 3.\n||RagCheese is ready for game 3.\n|uhtml|next|Next: <a href=\"/battle-gen9vgc2025regibo3-2353759463\"><strong>Game 3 of 3</strong></a>\n|l|\u2606RagCheese\n|player|p2|\n", "uploadtime": 1745995479, "views": 6, "formatid": "gen9vgc2025regibo3", "rating": null, "private": 0, "password": null}