{"id": "gen9vgc2025regibo3-2353776152", "format": "[Gen 9] VGC 2025 Reg I (Bo3)", "players": ["Arkoos2011!", "21Kieran"], "log": "|j|\u2606Arkoos2011!\n|j|\u260621Kieran\n|html|<table width=\"100%\"><tr><td align=\"left\">Arkoos2011!</td><td align=\"right\">21Kieran</tr><tr><td align=\"left\"><i class=\"fa fa-circle-o\"></i> <i class=\"fa fa-circle-o\"></i> </td><td align=\"right\"><i class=\"fa fa-circle-o\"></i> <i class=\"fa fa-circle-o\"></i> </tr></table>\n|uhtml|bestof|<h2><strong>Game 1</strong> of <a href=\"/game-bestof3-gen9vgc2025regibo3-2353776151\">a best-of-3</a></h2>\n|t:|1745998034\n|gametype|doubles\n|player|p1|Arkoos2011!|2|\n|player|p2|21Kieran|crispin|\n|teamsize|p1|6\n|teamsize|p2|6\n|gen|9\n|tier|[Gen 9] VGC 2025 Reg I (Bo3)\n|rule|Species Clause: Limit one of each Pok\u00e9mon\n|rule|Item Clause: Limit 1 of each item\n|clearpoke\n|poke|p1|Miraidon, L50|\n|poke|p1|Koraidon, L50|\n|poke|p1|Grimmsnarl, L50, M|\n|poke|p1|Iron Hands, L50|\n|poke|p1|Gholdengo, L50|\n|poke|p1|Farigiraf, L50, M|\n|poke|p2|Terapagos, L50, M|\n|poke|p2|Calyrex-Shadow, L50|\n|poke|p2|Urshifu-*, L50, M|\n|poke|p2|Rillaboom, L50, M|\n|poke|p2|Ogerpon-Hearthflame, L50, F|\n|poke|p2|Scream Tail, L50|\n|teampreview|4\n|showteam|p1|Miraidon||ChoiceSpecs|HadronEngine|ElectroDrift,DracoMeteor,VoltSwitch,DazzlingGleam||||||50|,,,,,Fairy]Koraidon||LifeOrb|OrichalcumPulse|CloseCombat,FlareBlitz,Protect,ScaleShot||||||50|,,,,,Fire]Grimmsnarl||LightClay|Prankster|Reflect,LightScreen,Swagger,ThunderWave|||M|||50|,,,,,Dark]Iron Hands||AssaultVest|QuarkDrive|DrainPunch,LowKick,WildCharge,FakeOut||||||50|,,,,,Bug]Gholdengo||FocusSash|GoodasGold|MakeItRain,NastyPlot,Protect,ShadowBall||||||50|,,,,,Normal]Farigiraf||ElectricSeed|ArmorTail|FoulPlay,Psychic,TrickRoom,HelpingHand|||M|||50|,,,,,Water\n|showteam|p2|Terapagos||Leftovers|TeraShift|TeraStarstorm,EarthPower,CalmMind,Protect|||M|||50|,,,,,Stellar]Calyrex-Shadow||FocusSash|AsOneSpectrier|AstralBarrage,Psychic,NastyPlot,Protect||||||50|,,,,,Dark]Urshifu-Rapid-Strike||ChoiceScarf|UnseenFist|SurgingStrikes,CloseCombat,Uturn,AquaJet|||M|||50|,,,,,Water]Rillaboom||AssaultVest|GrassySurge|FakeOut,GrassyGlide,Uturn,WoodHammer|||M|||50|,,,,,Fire]Ogerpon-Hearthflame||HearthflameMask|MoldBreaker|IvyCudgel,WoodHammer,FollowMe,SpikyShield|||F|||50|,,,,,Fire]Scream Tail||BoosterEnergy|Protosynthesis|Disable,Encore,Protect,DazzlingGleam||||||50|,,,,,Dark\n|inactive|Battle timer is ON: inactive players will automatically lose when time's up. (requested by 21Kieran)\n|\n|t:|1745998055\n|start\n|switch|p1a: Farigiraf|Farigiraf, L50, M|100/100\n|switch|p1b: Grimmsnarl|Grimmsnarl, L50, M|100/100\n|switch|p2a: Terapagos|Terapagos, L50, M|100/100\n|switch|p2b: Rillaboom|Rillaboom, L50, M|100/100\n|-activate|p2a: Terapagos|ability: Tera Shift\n|detailschange|p2a: Terapagos|Terapagos-Terastal, L50, M\n|-heal|p2a: Terapagos|100/100|[silent]\n|-fieldstart|move: Grassy Terrain|[from] ability: Grassy Surge|[of] p2b: Rillaboom\n|turn|1\n|\n|t:|1745998071\n|move|p1b: Grimmsnarl|Swagger|p2a: Terapagos\n|-boost|p2a: Terapagos|atk|2\n|-start|p2a: Terapagos|confusion\n|move|p2b: Rillaboom|U-turn|p1a: Farigiraf\n|-supereffective|p1a: Farigiraf\n|-damage|p1a: Farigiraf|57/100\n|\n|t:|1745998077\n|switch|p2b: Scream Tail|Scream Tail, L50|100/100|[from] U-turn\n|-enditem|p2b: Scream Tail|Booster Energy\n|-activate|p2b: Scream Tail|ability: Protosynthesis|[fromitem]\n|-start|p2b: Scream Tail|protosynthesisspe\n|-activate|p2a: Terapagos|confusion\n|move|p2a: Terapagos|Calm Mind|p2a: Terapagos\n|-boost|p2a: Terapagos|spa|1\n|-boost|p2a: Terapagos|spd|1\n|move|p1a: Farigiraf|Trick Room|p1a: Farigiraf\n|-fieldstart|move: Trick Room|[of] p1a: Farigiraf\n|\n|-heal|p1a: Farigiraf|63/100|[from] Grassy Terrain\n|upkeep\n|turn|2\n|\n|t:|1745998092\n|move|p1b: Grimmsnarl|Thunder Wave|p2a: Terapagos\n|-status|p2a: Terapagos|par\n|-activate|p2a: Terapagos|confusion\n|cant|p2a: Terapagos|par\n|move|p1a: Farigiraf|Foul Play|p2b: Scream Tail\n|-damage|p2b: Scream Tail|91/100\n|move|p2b: Scream Tail|Encore|p1a: Farigiraf\n|-start|p1a: Farigiraf|Encore\n|\n|-heal|p1a: Farigiraf|69/100|[from] Grassy Terrain\n|-heal|p2b: Scream Tail|97/100|[from] Grassy Terrain\n|upkeep\n|turn|3\n|\n|t:|1745998113\n|move|p1b: Grimmsnarl|Light Screen|p1b: Grimmsnarl\n|-sidestart|p1: Arkoos2011!|move: Light Screen\n|-activate|p2a: Terapagos|confusion\n|move|p2a: Terapagos|Calm Mind|p2a: Terapagos\n|-boost|p2a: Terapagos|spa|1\n|-boost|p2a: Terapagos|spd|1\n|move|p1a: Farigiraf|Foul Play|p2a: Terapagos\n|-activate|p2a: Terapagos|ability: Tera Shell\n|-resisted|p2a: Terapagos\n|-damage|p2a: Terapagos|88/100 par\n|move|p2b: Scream Tail|Disable|p1a: Farigiraf\n|-start|p1a: Farigiraf|Disable|Foul Play\n|\n|-heal|p2a: Terapagos|94/100 par|[from] Grassy Terrain\n|-heal|p2a: Terapagos|100/100 par|[from] item: Leftovers\n|-heal|p1a: Farigiraf|75/100|[from] Grassy Terrain\n|-heal|p2b: Scream Tail|100/100|[from] Grassy Terrain\n|upkeep\n|turn|4\n|\n|t:|1745998135\n|switch|p1a: Koraidon|Koraidon, L50|100/100\n|-weather|SunnyDay|[from] ability: Orichalcum Pulse|[of] p1a: Koraidon\n|-activate|p1a: Koraidon|Orichalcum Pulse|[source]\n|move|p1b: Grimmsnarl|Thunder Wave|p2b: Scream Tail\n|-status|p2b: Scream Tail|par\n|-activate|p2a: Terapagos|confusion\n|move|p2a: Terapagos|Calm Mind|p2a: Terapagos\n|-boost|p2a: Terapagos|spa|1\n|-boost|p2a: Terapagos|spd|1\n|move|p2b: Scream Tail|Encore|p1b: Grimmsnarl\n|-start|p1b: Grimmsnarl|Encore\n|\n|-weather|SunnyDay|[upkeep]\n|upkeep\n|turn|5\n|\n|t:|1745998156\n|switch|p1b: Farigiraf|Farigiraf, L50, M|75/100\n|-end|p2b: Scream Tail|Protosynthesis|[silent]\n|switch|p2b: Calyrex|Calyrex-Shadow, L50|100/100\n|-ability|p2b: Calyrex|As One\n|-ability|p2b: Calyrex|Unnerve\n|-end|p2a: Terapagos|confusion\n|cant|p2a: Terapagos|par\n|move|p1a: Koraidon|Protect||[still]\n|-fail|p1a: Koraidon\n|\n|-weather|SunnyDay|[upkeep]\n|-heal|p1b: Farigiraf|81/100|[from] Grassy Terrain\n|-fieldend|move: Trick Room\n|-fieldend|move: Grassy Terrain\n|upkeep\n|turn|6\n|\n|t:|1745998179\n|-terastallize|p2a: Terapagos|Stellar\n|detailschange|p2a: Terapagos|Terapagos-Stellar, L50, M, tera:Stellar\n|-heal|p2a: Terapagos|100/100 par|[silent]\n|-ability|p2a: Terapagos|Teraform Zero\n|-weather|none\n|move|p1a: Koraidon|Protect|p1a: Koraidon\n|-singleturn|p1a: Koraidon|Protect\n|move|p2b: Calyrex|Psychic|p1a: Koraidon\n|-activate|p1a: Koraidon|move: Protect\n|move|p1b: Farigiraf|Foul Play|p2b: Calyrex\n|-supereffective|p2b: Calyrex\n|-damage|p2b: Calyrex|25/100\n|move|p2a: Terapagos|Tera Starstorm|p1a: Koraidon|[spread] p1b\n|-activate|p1a: Koraidon|move: Protect\n|-damage|p1b: Farigiraf|30/100\n|\n|upkeep\n|turn|7\n|c|\u260621Kieran|ggs ur cooked buddy\n|inactive|Arkoos2011! has 30 seconds left.\n|\n|t:|1745998204\n|switch|p1a: Grimmsnarl|Grimmsnarl, L50, M|100/100\n|move|p2b: Calyrex|Astral Barrage|p1a: Grimmsnarl|[spread] p1a\n|-immune|p1b: Farigiraf\n|-resisted|p1a: Grimmsnarl\n|-damage|p1a: Grimmsnarl|87/100\n|move|p1b: Farigiraf|Psychic|p2a: Terapagos\n|-crit|p2a: Terapagos\n|-damage|p2a: Terapagos|73/100 par\n|move|p2a: Terapagos|Tera Starstorm|p1a: Grimmsnarl|[spread] p1a,p1b\n|-damage|p1a: Grimmsnarl|43/100\n|-damage|p1b: Farigiraf|0 fnt\n|faint|p1b: Farigiraf\n|\n|-heal|p2a: Terapagos|79/100 par|[from] item: Leftovers\n|upkeep\n|\n|t:|1745998218\n|switch|p1b: Koraidon|Koraidon, L50|100/100\n|-weather|SunnyDay|[from] ability: Orichalcum Pulse|[of] p1b: Koraidon\n|-activate|p1b: Koraidon|Orichalcum Pulse|[source]\n|turn|8\n|\n|t:|1745998227\n|move|p2b: Calyrex|Protect|p2b: Calyrex\n|-singleturn|p2b: Calyrex|Protect\n|move|p1b: Koraidon|Protect|p1b: Koraidon\n|-singleturn|p1b: Koraidon|Protect\n|move|p1a: Grimmsnarl|Swagger|p2a: Terapagos\n|-boost|p2a: Terapagos|atk|2\n|-start|p2a: Terapagos|confusion\n|-activate|p2a: Terapagos|confusion\n|-damage|p2a: Terapagos|66/100 par|[from] confusion\n|\n|-weather|SunnyDay|[upkeep]\n|-heal|p2a: Terapagos|72/100 par|[from] item: Leftovers\n|upkeep\n|turn|9\n|\n|t:|1745998252\n|switch|p2b: Rillaboom|Rillaboom, L50, M|100/100\n|-fieldstart|move: Grassy Terrain|[from] ability: Grassy Surge|[of] p2b: Rillaboom\n|move|p1a: Grimmsnarl|Thunder Wave|p2b: Rillaboom\n|-status|p2b: Rillaboom|par\n|move|p1b: Koraidon|Scale Shot|p2b: Rillaboom\n|-damage|p2b: Rillaboom|79/100 par\n|-damage|p2b: Rillaboom|55/100 par\n|-damage|p2b: Rillaboom|33/100 par\n|-damage|p2b: Rillaboom|12/100 par\n|-hitcount|p2b: Rillaboom|4\n|-unboost|p1b: Koraidon|def|1\n|-boost|p1b: Koraidon|spe|1\n|-damage|p1b: Koraidon|91/100|[from] item: Life Orb\n|-activate|p2a: Terapagos|confusion\n|-damage|p2a: Terapagos|58/100 par|[from] confusion\n|\n|-weather|SunnyDay|[upkeep]\n|-heal|p1b: Koraidon|96/100|[from] Grassy Terrain\n|-heal|p1a: Grimmsnarl|49/100|[from] Grassy Terrain\n|-heal|p2b: Rillaboom|18/100 par|[from] Grassy Terrain\n|-heal|p2a: Terapagos|64/100 par|[from] Grassy Terrain\n|-heal|p2a: Terapagos|71/100 par|[from] item: Leftovers\n|upkeep\n|turn|10\n|inactive|Arkoos2011! has 30 seconds left.\n|c|\u260621Kieran|swagger grimm pmo\n|\n|t:|1745998281\n|move|p1b: Koraidon|Protect|p1b: Koraidon\n|-singleturn|p1b: Koraidon|Protect\n|move|p2b: Rillaboom|Fake Out|p1b: Koraidon\n|-activate|p1b: Koraidon|move: Protect\n|move|p1a: Grimmsnarl|Reflect|p1a: Grimmsnarl\n|-sidestart|p1: Arkoos2011!|Reflect\n|-end|p2a: Terapagos|confusion\n|move|p2a: Terapagos|Tera Starstorm|p1a: Grimmsnarl|[spread] p1a\n|-activate|p1b: Koraidon|move: Protect\n|-damage|p1a: Grimmsnarl|9/100\n|\n|-weather|SunnyDay|[upkeep]\n|-heal|p1b: Koraidon|100/100|[from] Grassy Terrain\n|-heal|p1a: Grimmsnarl|15/100|[from] Grassy Terrain\n|-heal|p2b: Rillaboom|24/100 par|[from] Grassy Terrain\n|-heal|p2a: Terapagos|77/100 par|[from] Grassy Terrain\n|-heal|p2a: Terapagos|83/100 par|[from] item: Leftovers\n|-sideend|p1: Arkoos2011!|move: Light Screen\n|upkeep\n|turn|11\n|\n|t:|1745998302\n|move|p1a: Grimmsnarl|Swagger|p2a: Terapagos\n|-boost|p2a: Terapagos|atk|2\n|-start|p2a: Terapagos|confusion\n|move|p1b: Koraidon|Close Combat|p2a: Terapagos\n|-supereffective|p2a: Terapagos\n|-damage|p2a: Terapagos|0 fnt\n|-unboost|p1b: Koraidon|def|1\n|-unboost|p1b: Koraidon|spd|1\n|faint|p2a: Terapagos\n|-damage|p1b: Koraidon|91/100|[from] item: Life Orb\n|move|p2b: Rillaboom|U-turn|p1a: Grimmsnarl\n|-damage|p1a: Grimmsnarl|0 fnt\n|faint|p1a: Grimmsnarl\n|\n|t:|1745998314\n|switch|p2b: Calyrex|Calyrex-Shadow, L50|25/100|[from] U-turn\n|-ability|p2b: Calyrex|As One\n|-ability|p2b: Calyrex|Unnerve\n|\n|-weather|SunnyDay|[upkeep]\n|-heal|p1b: Koraidon|96/100|[from] Grassy Terrain\n|-heal|p2b: Calyrex|32/100|[from] Grassy Terrain\n|upkeep\n|\n|t:|1745998319\n|switch|p2a: Rillaboom|Rillaboom, L50, M|24/100 par\n|switch|p1a: Miraidon|Miraidon, L50|100/100\n|-fieldstart|move: Electric Terrain|[from] ability: Hadron Engine|[of] p1a: Miraidon\n|-fieldstart|move: Grassy Terrain|[from] ability: Grassy Surge|[of] p2a: Rillaboom\n|turn|12\n|\n|t:|1745998338\n|-terastallize|p1a: Miraidon|Fairy\n|move|p1b: Koraidon|Protect|p1b: Koraidon\n|-singleturn|p1b: Koraidon|Protect\n|move|p2a: Rillaboom|Fake Out|p1a: Miraidon\n|-damage|p1a: Miraidon|91/100\n|move|p2b: Calyrex|Astral Barrage|p1a: Miraidon|[spread] p1a\n|-activate|p1b: Koraidon|move: Protect\n|-crit|p1a: Miraidon\n|-damage|p1a: Miraidon|19/100\n|cant|p1a: Miraidon|flinch\n|\n|-weather|none\n|-heal|p1b: Koraidon|100/100|[from] Grassy Terrain\n|-heal|p2b: Calyrex|38/100|[from] Grassy Terrain\n|-heal|p1a: Miraidon|24/100|[from] Grassy Terrain\n|-heal|p2a: Rillaboom|30/100 par|[from] Grassy Terrain\n|upkeep\n|turn|13\n|\n|t:|1745998356\n|switch|p2a: Scream Tail|Scream Tail, L50|100/100 par\n|move|p2b: Calyrex|Protect|p2b: Calyrex\n|-singleturn|p2b: Calyrex|Protect\n|move|p1b: Koraidon|Scale Shot|p2b: Calyrex\n|-activate|p2b: Calyrex|move: Protect\n|move|p1a: Miraidon|Dazzling Gleam|p2b: Calyrex|[spread] p2a\n|-activate|p2b: Calyrex|move: Protect\n|-damage|p2a: Scream Tail|69/100 par\n|\n|-heal|p2b: Calyrex|44/100|[from] Grassy Terrain\n|-heal|p1a: Miraidon|30/100|[from] Grassy Terrain\n|-heal|p2a: Scream Tail|75/100 par|[from] Grassy Terrain\n|upkeep\n|turn|14\n|\n|t:|1745998375\n|switch|p2b: Rillaboom|Rillaboom, L50, M|30/100 par\n|move|p1b: Koraidon|Flare Blitz|p2b: Rillaboom\n|-supereffective|p2b: Rillaboom\n|-damage|p2b: Rillaboom|0 fnt\n|faint|p2b: Rillaboom\n|-damage|p1b: Koraidon|90/100|[from] Recoil\n|-damage|p1b: Koraidon|80/100|[from] item: Life Orb\n|move|p1a: Miraidon|Dazzling Gleam|p2a: Scream Tail\n|-damage|p2a: Scream Tail|29/100 par\n|move|p2a: Scream Tail|Disable|p1a: Miraidon\n|-start|p1a: Miraidon|Disable|Dazzling Gleam\n|\n|-heal|p1b: Koraidon|86/100|[from] Grassy Terrain\n|-heal|p1a: Miraidon|36/100|[from] Grassy Terrain\n|-heal|p2a: Scream Tail|34/100 par|[from] Grassy Terrain\n|upkeep\n|\n|t:|1745998386\n|switch|p2b: Calyrex|Calyrex-Shadow, L50|44/100\n|-ability|p2b: Calyrex|As One\n|-ability|p2b: Calyrex|Unnerve\n|turn|15\n|\n|t:|1745998396\n|move|p1b: Koraidon|Protect|p1b: Koraidon\n|-singleturn|p1b: Koraidon|Protect\n|move|p2b: Calyrex|Protect|p2b: Calyrex\n|-singleturn|p2b: Calyrex|Protect\n|-activate|p1a: Miraidon|move: Struggle\n|move|p1a: Miraidon|Struggle|p2a: Scream Tail\n|-damage|p2a: Scream Tail|27/100 par\n|-damage|p1a: Miraidon|11/100|[from] recoil\n|move|p2a: Scream Tail|Disable|p1b: Koraidon\n|-activate|p1b: Koraidon|move: Protect\n|\n|-heal|p1b: Koraidon|91/100|[from] Grassy Terrain\n|-heal|p2b: Calyrex|50/100|[from] Grassy Terrain\n|-heal|p1a: Miraidon|16/100|[from] Grassy Terrain\n|-heal|p2a: Scream Tail|33/100 par|[from] Grassy Terrain\n|upkeep\n|turn|16\n|\n|t:|1745998415\n|move|p1b: Koraidon|Flare Blitz|p2b: Calyrex\n|-damage|p2b: Calyrex|0 fnt\n|faint|p2b: Calyrex\n|-damage|p1b: Koraidon|75/100|[from] Recoil\n|-damage|p1b: Koraidon|65/100|[from] item: Life Orb\n|-activate|p1a: Miraidon|move: Struggle\n|move|p1a: Miraidon|Struggle|p2a: Scream Tail\n|-damage|p2a: Scream Tail|26/100 par\n|-damage|p1a: Miraidon|0 fnt|[from] recoil\n|faint|p1a: Miraidon\n|move|p2a: Scream Tail|Encore|p1b: Koraidon\n|-start|p1b: Koraidon|Encore\n|\n|-heal|p1b: Koraidon|71/100|[from] Grassy Terrain\n|-heal|p2a: Scream Tail|32/100 par|[from] Grassy Terrain\n|-fieldend|move: Grassy Terrain\n|upkeep\n|turn|17\n|c|\u2606Arkoos2011!|Ggs\n|c|\u260621Kieran|ggs\n|\n|t:|1745998428\n|move|p1b: Koraidon|Flare Blitz|p2a: Scream Tail\n|-damage|p2a: Scream Tail|0 fnt\n|faint|p2a: Scream Tail\n|-end|p2a: Scream Tail|Protosynthesis|[silent]\n|-damage|p1b: Koraidon|58/100|[from] Recoil\n|-damage|p1b: Koraidon|48/100|[from] item: Life Orb\n|\n|win|Arkoos2011!\n||21Kieran is ready for game 2.\n||Arkoos2011! is ready for game 2.\n|uhtml|next|Next: <a href=\"/battle-gen9vgc2025regibo3-2353778507\"><strong>Game 2 of 3</strong></a>\n|j| sheepie_sheep\n|l| sheepie_sheep\n|l|\u260621Kieran\n|player|p2|\n", "uploadtime": 1745998814, "views": 8, "formatid": "gen9vgc2025regibo3", "rating": null, "private": 0, "password": null}