{"id": "gen9vgc2025regibo3-2354952859", "format": "[Gen 9] VGC 2025 Reg I (Bo3)", "players": ["shikyokuu", "Salamencetv"], "log": "|j|\u2606shikyokuu\n|j|\u2606Salamencetv\n|html|<table width=\"100%\"><tr><td align=\"left\">shikyokuu</td><td align=\"right\">Salamencetv</tr><tr><td align=\"left\"><i class=\"fa fa-circle-o\"></i> <i class=\"fa fa-circle-o\"></i> </td><td align=\"right\"><i class=\"fa fa-circle-o\"></i> <i class=\"fa fa-circle-o\"></i> </tr></table>\n|uhtml|bestof|<h2><strong>Game 1</strong> of <a href=\"/game-bestof3-gen9vgc2025regibo3-2354952858\">a best-of-3</a></h2>\n|t:|1746135179\n|gametype|doubles\n|player|p1|shikyokuu|red|1040\n|player|p2|Salamencetv|pryce|1121\n|teamsize|p1|6\n|teamsize|p2|6\n|gen|9\n|tier|[Gen 9] VGC 2025 Reg I (Bo3)\n|rated|\n|rule|Species Clause: Limit one of each Pok\u00e9mon\n|rule|Item Clause: Limit 1 of each item\n|clearpoke\n|poke|p1|Lugia, L50|\n|poke|p1|Kyogre, L50|\n|poke|p1|Raging Bolt, L50|\n|poke|p1|Krookodile, L50, M|\n|poke|p1|Amoonguss, L50, M|\n|poke|p1|Arcanine, L50, M|\n|poke|p2|Calyrex-Ice, L50|\n|poke|p2|Incineroar, L50, F|\n|poke|p2|Gholdengo, L50|\n|poke|p2|Terapagos, L50, M|\n|poke|p2|Rillaboom, L50, M|\n|poke|p2|Raging Bolt, L50|\n|teampreview|4\n|showteam|p1|Lugia||WeaknessPolicy|Multiscale|Protect,Psychic,Hurricane,ShadowBall||||||50|,,,,,Water]Kyogre||MysticWater|Drizzle|Protect,IceBeam,OriginPulse,WaterSpout||||||50|,,,,,Water]Raging Bolt||BoosterEnergy|Protosynthesis|Thunderclap,Discharge,Electroweb,DracoMeteor||||||50|,,,,,Electric]Krookodile||AssaultVest|Intimidate|GunkShot,Crunch,Earthquake,CloseCombat|||M|||50|,,,,,Poison]Amoonguss||RockyHelmet|Regenerator|Protect,Spore,PollenPuff,RagePowder|||M|||50|,,,,,Fairy]Arcanine||SitrusBerry|Intimidate|ExtremeSpeed,Snarl,FlareBlitz,WillOWisp|||M|||50|,,,,,Grass\n|showteam|p2|Calyrex-Ice||ClearAmulet|AsOneGlastrier|GlacialLance,HighHorsepower,TrickRoom,Protect||||||50|,,,,,Fire]Incineroar||SafetyGoggles|Intimidate|FakeOut,KnockOff,PartingShot,FlareBlitz|||F|||50|,,,,,Water]Gholdengo||LifeOrb|GoodasGold|Protect,MakeItRain,ShadowBall,DazzlingGleam||||||50|,,,,,Fairy]Terapagos||Leftovers|TeraShift|EarthPower,CalmMind,TeraStarstorm,Protect|||M|||50|,,,,,Stellar]Rillaboom||AssaultVest|GrassySurge|FakeOut,Uturn,GrassyGlide,WoodHammer|||M|||50|,,,,,Fire]Raging Bolt||Magnet|Protosynthesis|Protect,Thunderclap,Thunderbolt,DracoMeteor||||||50|,,,,,Electric\n|\n|t:|1746135208\n|start\n|switch|p1a: Arcanine|Arcanine, L50, M|100/100\n|switch|p1b: Raging Bolt|Raging Bolt, L50|100/100\n|switch|p2a: Rillaboom|Rillaboom, L50, M|100/100\n|switch|p2b: Raging Bolt|Raging Bolt, L50|100/100\n|-ability|p1a: Arcanine|Intimidate|boost\n|-unboost|p2a: Rillaboom|atk|1\n|-unboost|p2b: Raging Bolt|atk|1\n|-fieldstart|move: Grassy Terrain|[from] ability: Grassy Surge|[of] p2a: Rillaboom\n|-enditem|p1b: Raging Bolt|Booster Energy\n|-activate|p1b: Raging Bolt|ability: Protosynthesis|[fromitem]\n|-start|p1b: Raging Bolt|protosynthesisspa\n|turn|1\n|\n|t:|1746135235\n|-terastallize|p1b: Raging Bolt|Electric\n|move|p2a: Rillaboom|Fake Out|p1b: Raging Bolt\n|-damage|p1b: Raging Bolt|92/100\n|cant|p1b: Raging Bolt|flinch\n|move|p1a: Arcanine|Snarl|p2a: Rillaboom|[spread] p2a,p2b\n|-damage|p2a: Rillaboom|94/100\n|-damage|p2b: Raging Bolt|92/100\n|-unboost|p2a: Rillaboom|spa|1\n|-unboost|p2b: Raging Bolt|spa|1\n|move|p2b: Raging Bolt|Draco Meteor|p1b: Raging Bolt\n|-damage|p1b: Raging Bolt|47/100\n|-unboost|p2b: Raging Bolt|spa|2\n|\n|-heal|p1b: Raging Bolt|53/100|[from] Grassy Terrain\n|-heal|p2a: Rillaboom|99/100|[from] Grassy Terrain\n|-heal|p2b: Raging Bolt|98/100|[from] Grassy Terrain\n|upkeep\n|turn|2\n|\n|t:|1746135255\n|-end|p2b: Raging Bolt|Protosynthesis|[silent]\n|switch|p2b: Incineroar|Incineroar, L50, F|100/100\n|-ability|p2b: Incineroar|Intimidate|boost\n|-unboost|p1a: Arcanine|atk|1\n|-unboost|p1b: Raging Bolt|atk|1\n|move|p1b: Raging Bolt|Draco Meteor|p2b: Incineroar\n|-damage|p2b: Incineroar|46/100\n|-unboost|p1b: Raging Bolt|spa|2\n|move|p1a: Arcanine|Flare Blitz|p2a: Rillaboom\n|-supereffective|p2a: Rillaboom\n|-damage|p2a: Rillaboom|35/100\n|-damage|p1a: Arcanine|77/100|[from] Recoil\n|move|p2a: Rillaboom|Wood Hammer|p1b: Raging Bolt\n|-damage|p1b: Raging Bolt|1/100\n|-damage|p2a: Rillaboom|17/100|[from] Recoil\n|\n|-heal|p1b: Raging Bolt|8/100|[from] Grassy Terrain\n|-heal|p1a: Arcanine|83/100|[from] Grassy Terrain\n|-heal|p2a: Rillaboom|23/100|[from] Grassy Terrain\n|-heal|p2b: Incineroar|51/100|[from] Grassy Terrain\n|upkeep\n|turn|3\n|\n|t:|1746135279\n|move|p1a: Arcanine|Extreme Speed|p2a: Rillaboom\n|-damage|p2a: Rillaboom|9/100\n|move|p1b: Raging Bolt|Thunderclap||[still]\n|-fail|p1b: Raging Bolt\n|move|p2a: Rillaboom|Grassy Glide|p1b: Raging Bolt\n|-crit|p1b: Raging Bolt\n|-damage|p1b: Raging Bolt|0 fnt\n|faint|p1b: Raging Bolt\n|-end|p1b: Raging Bolt|Protosynthesis|[silent]\n|move|p2b: Incineroar|Parting Shot|p1a: Arcanine\n|-unboost|p1a: Arcanine|atk|1\n|-unboost|p1a: Arcanine|spa|1\n|\n|t:|1746135297\n|switch|p2b: Raging Bolt|Raging Bolt, L50|98/100|[from] Parting Shot\n|\n|-heal|p1a: Arcanine|89/100|[from] Grassy Terrain\n|-heal|p2a: Rillaboom|15/100|[from] Grassy Terrain\n|-heal|p2b: Raging Bolt|100/100|[from] Grassy Terrain\n|upkeep\n|\n|t:|1746135307\n|switch|p1b: Krookodile|Krookodile, L50, M|100/100\n|-ability|p1b: Krookodile|Intimidate|boost\n|-unboost|p2a: Rillaboom|atk|1\n|-unboost|p2b: Raging Bolt|atk|1\n|turn|4\n|\n|t:|1746135324\n|switch|p1a: Kyogre|Kyogre, L50, shiny|100/100\n|-weather|RainDance|[from] ability: Drizzle|[of] p1a: Kyogre\n|switch|p2a: Incineroar|Incineroar, L50, F|51/100\n|-ability|p2a: Incineroar|Intimidate|boost\n|-unboost|p1a: Kyogre|atk|1\n|-unboost|p1b: Krookodile|atk|1\n|move|p1b: Krookodile|Earthquake|p2b: Raging Bolt|[spread] p1a,p2a,p2b\n|-supereffective|p2a: Incineroar\n|-supereffective|p2b: Raging Bolt\n|-damage|p1a: Kyogre|87/100\n|-damage|p2a: Incineroar|31/100\n|-damage|p2b: Raging Bolt|79/100\n|move|p2b: Raging Bolt|Thunderbolt|p1a: Kyogre\n|-supereffective|p1a: Kyogre\n|-damage|p1a: Kyogre|6/100\n|\n|-weather|RainDance|[upkeep]\n|-heal|p1a: Kyogre|12/100|[from] Grassy Terrain\n|-heal|p2b: Raging Bolt|85/100|[from] Grassy Terrain\n|-heal|p2a: Incineroar|37/100|[from] Grassy Terrain\n|upkeep\n|turn|5\n|\n|t:|1746135355\n|move|p2a: Incineroar|Fake Out|p1b: Krookodile\n|-crit|p1b: Krookodile\n|-damage|p1b: Krookodile|81/100\n|move|p2b: Raging Bolt|Thunderclap|p1a: Kyogre\n|-supereffective|p1a: Kyogre\n|-damage|p1a: Kyogre|0 fnt\n|faint|p1a: Kyogre\n|cant|p1b: Krookodile|flinch\n|\n|-weather|RainDance|[upkeep]\n|-heal|p1b: Krookodile|86/100|[from] Grassy Terrain\n|-heal|p2b: Raging Bolt|91/100|[from] Grassy Terrain\n|-heal|p2a: Incineroar|43/100|[from] Grassy Terrain\n|-fieldend|move: Grassy Terrain\n|upkeep\n|\n|t:|1746135364\n|switch|p1a: Arcanine|Arcanine, L50, M|89/100\n|-ability|p1a: Arcanine|Intimidate|boost\n|-unboost|p2a: Incineroar|atk|1\n|-unboost|p2b: Raging Bolt|atk|1\n|turn|6\n|\n|t:|1746135382\n|move|p1a: Arcanine|Extreme Speed|p2a: Incineroar\n|-damage|p2a: Incineroar|25/100\n|move|p1b: Krookodile|Close Combat|p2a: Incineroar\n|-supereffective|p2a: Incineroar\n|-damage|p2a: Incineroar|0 fnt\n|-unboost|p1b: Krookodile|def|1\n|-unboost|p1b: Krookodile|spd|1\n|faint|p2a: Incineroar\n|move|p2b: Raging Bolt|Draco Meteor|p1a: Arcanine\n|-damage|p1a: Arcanine|2/100\n|-unboost|p2b: Raging Bolt|spa|2\n|-enditem|p1a: Arcanine|Sitrus Berry|[eat]\n|-heal|p1a: Arcanine|27/100|[from] item: Sitrus Berry\n|\n|-weather|RainDance|[upkeep]\n|upkeep\n|\n|t:|1746135390\n|switch|p2a: Calyrex|Calyrex-Ice, L50|100/100\n|-ability|p2a: Calyrex|As One\n|-ability|p2a: Calyrex|Unnerve\n|turn|7\n|\n|t:|1746135404\n|-terastallize|p2a: Calyrex|Fire\n|move|p1a: Arcanine|Flare Blitz|p2a: Calyrex\n|-resisted|p2a: Calyrex\n|-damage|p2a: Calyrex|93/100\n|-damage|p1a: Arcanine|24/100|[from] Recoil\n|move|p1b: Krookodile|Crunch|p2a: Calyrex\n|-damage|p2a: Calyrex|76/100\n|move|p2b: Raging Bolt|Thunderbolt|p1a: Arcanine\n|-damage|p1a: Arcanine|0 fnt\n|faint|p1a: Arcanine\n|move|p2a: Calyrex|Glacial Lance|p1b: Krookodile\n|-supereffective|p1b: Krookodile\n|-damage|p1b: Krookodile|0 fnt\n|faint|p1b: Krookodile\n|\n|win|Salamencetv\n||Salamencetv is ready for game 2.\n|l|\u2606shikyokuu\n|player|p1|\n|inactive|shikyokuu has 30 seconds to confirm battle start!\n|inactive|shikyokuu has 20 seconds to confirm battle start!\n|inactive|shikyokuu has 10 seconds to confirm battle start!\n|uhtml|next|Next: <a href=\"/battle-gen9vgc2025regibo3-2354955390\"><strong>Game 2 of 3</strong></a>\n|l|\u2606Salamencetv\n|player|p2|\n", "uploadtime": 1746135754, "views": 6, "formatid": "gen9vgc2025regibo3", "rating": null, "private": 0, "password": null}