{"id": "gen9vgc2025regibo3-2354533594", "format": "[Gen 9] VGC 2025 Reg I (Bo3)", "players": ["PEKORA999", "Diabolical Intent"], "log": "|j|\u2606PEKORA999\n|j|\u2606Diabolical Intent\n|html|<table width=\"100%\"><tr><td align=\"left\">PEKORA999</td><td align=\"right\">Diabolical Intent</tr><tr><td align=\"left\"><i class=\"fa fa-circle\"></i> <i class=\"fa fa-circle-o\"></i> </td><td align=\"right\"><i class=\"fa fa-circle-o\"></i> <i class=\"fa fa-circle\"></i> </tr></table>\n|uhtml|bestof|<h2><strong>Game 3</strong> of <a href=\"/game-bestof3-gen9vgc2025regibo3-2354531299\">a best-of-3</a></h2>\n|t:|1746089430\n|gametype|doubles\n|player|p1|PEKORA999|265|1425\n|player|p2|Diabolical Intent|grimsley|1349\n|teamsize|p1|6\n|teamsize|p2|6\n|gen|9\n|tier|[Gen 9] VGC 2025 Reg I (Bo3)\n|rated|\n|rule|Species Clause: Limit one of each Pok\u00e9mon\n|rule|Item Clause: Limit 1 of each item\n|clearpoke\n|poke|p1|Zamazenta-*, L50|\n|poke|p1|Calyrex-Shadow, L50|\n|poke|p1|Chi-Yu, L50|\n|poke|p1|Raging Bolt, L50|\n|poke|p1|Amoonguss, L50, M|\n|poke|p1|Tornadus, L50, M|\n|poke|p2|Koraidon, L50|\n|poke|p2|Walking Wake, L50|\n|poke|p2|Brute Bonnet, L50|\n|poke|p2|Chi-Yu, L50|\n|poke|p2|Whimsicott, L50, M|\n|poke|p2|Calyrex-Shadow, L50|\n|teampreview|4\n|showteam|p1|Zamazenta-Crowned||RustedShield|DauntlessShield|behemothbash,IronDefense,BodyPress,WideGuard||||||50|,,,,,Water]Calyrex-Shadow||FocusSash|AsOneSpectrier|AstralBarrage,Psychic,Encore,Protect||||||50|,,,,,Fairy]Chi-Yu||ChoiceScarf|BeadsofRuin|Overheat,HeatWave,DarkPulse,Snarl||||||50|,,,,,Ghost]Raging Bolt||AssaultVest|Protosynthesis|Electroweb,VoltSwitch,DracoMeteor,Thunderclap||||||50|,,,,,Electric]Amoonguss||RockyHelmet|Regenerator|Spore,RagePowder,PollenPuff,Protect|||M|||50|,,,,,Water]Tornadus||CovertCloak|Prankster|BleakwindStorm,Tailwind,SunnyDay,RainDance|||M|||50|,,,,,Dark\n|showteam|p2|Koraidon||ClearAmulet|OrichalcumPulse|FlareBlitz,FlameCharge,CollisionCourse,Protect||||||50|,,,,,Fire]Walking Wake||LifeOrb|Protosynthesis|HydroSteam,WeatherBall,DracoMeteor,Protect||||||50|,,,,,Fire]Brute Bonnet||RockyHelmet|Protosynthesis|SuckerPunch,Taunt,Spore,RagePowder||||||50|,,,,,Water]Chi-Yu||ChoiceScarf|BeadsofRuin|FireBlast,HeatWave,DarkPulse,Snarl||||||50|,,,,,Ghost]Whimsicott||CovertCloak|Prankster|Moonblast,Tailwind,Encore,SunnyDay|||M|||50|,,,,,Ghost]Calyrex-Shadow||FocusSash|AsOneSpectrier|AstralBarrage,Psychic,Disable,Protect||||||50|,,,,,Ghost\n|inactive|Battle timer is ON: inactive players will automatically lose when time's up. (requested by Diabolical Intent)\n|inactive|PEKORA999 has 60 seconds left.\n|\n|t:|1746089461\n|start\n|switch|p1a: Chi-Yu|Chi-Yu, L50|100/100\n|switch|p1b: Calyrex|Calyrex-Shadow, L50|100/100\n|switch|p2a: Whimsicott|Whimsicott, L50, M|100/100\n|switch|p2b: Koraidon|Koraidon, L50|100/100\n|-ability|p1b: Calyrex|As One\n|-ability|p1b: Calyrex|Unnerve\n|-ability|p1a: Chi-Yu|Beads of Ruin\n|-weather|SunnyDay|[from] ability: Orichalcum Pulse|[of] p2b: Koraidon\n|-activate|p2b: Koraidon|Orichalcum Pulse|[source]\n|turn|1\n|\n|t:|1746089479\n|switch|p1a: Tornadus|Tornadus, L50, M|100/100\n|move|p2b: Koraidon|Protect|p2b: Koraidon\n|-singleturn|p2b: Koraidon|Protect\n|move|p2a: Whimsicott|Tailwind|p2a: Whimsicott\n|-sidestart|p2: Diabolical Intent|move: Tailwind\n|move|p1b: Calyrex|Astral Barrage|p2b: Koraidon|[spread] p2a\n|-activate|p2b: Koraidon|move: Protect\n|-damage|p2a: Whimsicott|6/100\n|\n|-weather|SunnyDay|[upkeep]\n|upkeep\n|turn|2\n|inactive|PEKORA999 has 30 seconds left.\n|inactive|PEKORA999 has 20 seconds left.\n|inactive|PEKORA999 has 15 seconds left.\n|inactive|PEKORA999 has 10 seconds left.\n|\n|t:|1746089525\n|-terastallize|p2b: Koraidon|Fire\n|move|p1a: Tornadus|Tailwind|p1a: Tornadus\n|-sidestart|p1: PEKORA999|move: Tailwind\n|move|p1b: Calyrex|Encore|p2b: Koraidon\n|-start|p2b: Koraidon|Encore\n|move|p2a: Whimsicott|Moonblast|p1a: Tornadus\n|-damage|p1a: Tornadus|64/100\n|move|p2b: Koraidon|Protect||[still]\n|-fail|p2b: Koraidon\n|\n|-weather|SunnyDay|[upkeep]\n|upkeep\n|turn|3\n|c|\u2606Diabolical Intent|the fact you cant encore encore\n|c|\u2606Diabolical Intent|is stupid\n|inactive|Diabolical Intent has 30 seconds left.\n|\n|t:|1746089557\n|switch|p1b: Chi-Yu|Chi-Yu, L50|100/100\n|-ability|p1b: Chi-Yu|Beads of Ruin\n|switch|p2b: Walking Wake|Walking Wake, L50|100/100\n|-activate|p2b: Walking Wake|ability: Protosynthesis\n|-start|p2b: Walking Wake|protosynthesisspe\n|move|p2a: Whimsicott|Encore|p1a: Tornadus\n|-start|p1a: Tornadus|Encore\n|move|p1a: Tornadus|Tailwind||[still]\n|-fail|p1a: Tornadus\n|\n|-weather|SunnyDay|[upkeep]\n|upkeep\n|turn|4\n|\n|t:|1746089582\n|switch|p1a: Zamazenta|Zamazenta-Crowned, L50|100/100\n|-ability|p1a: Zamazenta|Dauntless Shield|boost\n|-boost|p1a: Zamazenta|def|1\n|move|p2b: Walking Wake|Hydro Steam|p1b: Chi-Yu\n|-supereffective|p1b: Chi-Yu\n|-damage|p1b: Chi-Yu|0 fnt\n|faint|p1b: Chi-Yu\n|-damage|p2b: Walking Wake|91/100|[from] item: Life Orb\n|move|p2a: Whimsicott|Moonblast|p1a: Zamazenta\n|-damage|p1a: Zamazenta|75/100\n|-unboost|p1a: Zamazenta|spa|1\n|\n|-weather|SunnyDay|[upkeep]\n|-sideend|p2: Diabolical Intent|move: Tailwind\n|upkeep\n|\n|t:|1746089595\n|switch|p1b: Calyrex|Calyrex-Shadow, L50|100/100\n|-ability|p1b: Calyrex|As One\n|-ability|p1b: Calyrex|Unnerve\n|turn|5\n|\n|t:|1746089611\n|switch|p1a: Tornadus|Tornadus, L50, M|64/100\n|move|p2b: Walking Wake|Protect|p2b: Walking Wake\n|-singleturn|p2b: Walking Wake|Protect\n|move|p2a: Whimsicott|Tailwind|p2a: Whimsicott\n|-sidestart|p2: Diabolical Intent|move: Tailwind\n|move|p1b: Calyrex|Astral Barrage|p2b: Walking Wake|[spread] p2a\n|-activate|p2b: Walking Wake|move: Protect\n|-damage|p2a: Whimsicott|0 fnt\n|faint|p2a: Whimsicott\n|-ability|p1b: Calyrex|Grim Neigh|boost\n|-boost|p1b: Calyrex|spa|1\n|\n|-weather|none\n|-end|p2b: Walking Wake|Protosynthesis\n|-sideend|p1: PEKORA999|move: Tailwind\n|upkeep\n|\n|t:|1746089616\n|switch|p2a: Calyrex|Calyrex-Shadow, L50|100/100\n|-ability|p2a: Calyrex|As One\n|-ability|p2a: Calyrex|Unnerve\n|turn|6\n|\n|t:|1746089636\n|-end|p2b: Walking Wake|Protosynthesis|[silent]\n|switch|p2b: Koraidon|Koraidon, L50, tera:Fire|100/100\n|-weather|SunnyDay|[from] ability: Orichalcum Pulse|[of] p2b: Koraidon\n|-activate|p2b: Koraidon|Orichalcum Pulse|[source]\n|-terastallize|p1a: Tornadus|Dark\n|move|p1a: Tornadus|Tailwind|p1a: Tornadus\n|-sidestart|p1: PEKORA999|move: Tailwind\n|move|p2a: Calyrex|Astral Barrage|p1b: Calyrex|[spread] p1a,p1b\n|-resisted|p1a: Tornadus\n|-supereffective|p1b: Calyrex\n|-damage|p1a: Tornadus|32/100\n|-enditem|p1b: Calyrex|Focus Sash\n|-damage|p1b: Calyrex|1/100\n|move|p1b: Calyrex|Astral Barrage|p2b: Koraidon|[spread] p2a,p2b\n|-supereffective|p2a: Calyrex\n|-crit|p2a: Calyrex\n|-enditem|p2a: Calyrex|Focus Sash\n|-damage|p2a: Calyrex|1/100\n|-damage|p2b: Koraidon|30/100\n|\n|-weather|SunnyDay|[upkeep]\n|upkeep\n|turn|7\n|c|\u2606Diabolical Intent|I feel like\n|c|\u2606Diabolical Intent|I've seen this spot before\n|inactive|PEKORA999 has 30 seconds left.\n|inactive|Diabolical Intent has 30 seconds left.\n|inactive|PEKORA999 has 20 seconds left.\n|\n|t:|1746089672\n|move|p1a: Tornadus|Rain Dance|p1a: Tornadus\n|-weather|RainDance\n|move|p1b: Calyrex|Astral Barrage|p2a: Calyrex|[spread] p2a,p2b\n|-supereffective|p2a: Calyrex\n|-damage|p2a: Calyrex|0 fnt\n|-damage|p2b: Koraidon|0 fnt\n|faint|p2a: Calyrex\n|faint|p2b: Koraidon\n|-ability|p1b: Calyrex|Grim Neigh|boost\n|-boost|p1b: Calyrex|spa|2\n|\n|-weather|RainDance|[upkeep]\n|upkeep\n|c|\u2606Diabolical Intent|Oh my fault!\n|c|\u2606Diabolical Intent|Fucking terrible regulation\n|c|\u2606Diabolical Intent|holy shit\n|-message|Diabolical Intent forfeited.\n|raw|PEKORA999's rating: 1425 &rarr; <strong>1441</strong><br />(+16 for winning)\n|raw|Diabolical Intent's rating: 1349 &rarr; <strong>1333</strong><br />(-16 for losing)\n|\n|win|PEKORA999\n|l|\u2606Diabolical Intent\n|player|p2|\n", "uploadtime": 1746089707, "views": 17, "formatid": "gen9vgc2025regibo3", "rating": 1333, "private": 0, "password": null}