{"id": "gen9vgc2025regibo3-2355009767", "format": "[Gen 9] VGC 2025 Reg I (Bo3)", "players": ["Schmixed_007", "natcentre"], "log": "|j|\u2606Schmixed_007\n|j|\u2606natcentre\n|html|<table width=\"100%\"><tr><td align=\"left\">Schmixed_007</td><td align=\"right\">natcentre</tr><tr><td align=\"left\"><i class=\"fa fa-circle-o\"></i> <i class=\"fa fa-circle-o\"></i> </td><td align=\"right\"><i class=\"fa fa-circle-o\"></i> <i class=\"fa fa-circle-o\"></i> </tr></table>\n|uhtml|bestof|<h2><strong>Game 1</strong> of <a href=\"/game-bestof3-gen9vgc2025regibo3-2355009766\">a best-of-3</a></h2>\n|t:|1746141627\n|gametype|doubles\n|player|p1|Schmixed_007|265|1172\n|player|p2|natcentre|265|1325\n|teamsize|p1|6\n|teamsize|p2|6\n|gen|9\n|tier|[Gen 9] VGC 2025 Reg I (Bo3)\n|rated|\n|rule|Species Clause: Limit one of each Pok\u00e9mon\n|rule|Item Clause: Limit 1 of each item\n|clearpoke\n|poke|p1|Kyogre, L50|\n|poke|p1|Tornadus, L50, M|\n|poke|p1|Indeedee-F, L50, F|\n|poke|p1|Necrozma-Dusk-Mane, L50|\n|poke|p1|Urshifu-*, L50, M|\n|poke|p1|Amoonguss, L50, F|\n|poke|p2|Calyrex-Ice, L50|\n|poke|p2|Lunala, L50|\n|poke|p2|Incineroar, L50, M|\n|poke|p2|Amoonguss, L50, F|\n|poke|p2|Ting-Lu, L50|\n|poke|p2|Urshifu-*, L50, F|\n|teampreview|4\n|showteam|p1|Kyogre||MysticWater|Drizzle|WaterSpout,OriginPulse,IceBeam,Protect||||||50|,,,,,Grass]Tornadus||CovertCloak|Prankster|Tailwind,RainDance,BleakwindStorm,Protect|||M|||50|,,,,,Dark]Indeedee-F||PsychicSeed|PsychicSurge|FollowMe,Imprison,AlluringVoice,TrickRoom|||F|||50|,,,,,Psychic]Necrozma-Dusk-Mane||ClearAmulet|PrismArmor|SunsteelStrike,PhotonGeyser,TrickRoom,Protect||||||50|,,,,,Dark]Urshifu-Rapid-Strike||ChoiceScarf|UnseenFist|SurgingStrikes,CloseCombat,Coaching,Uturn|||M|||50|,,,,,Water]Amoonguss||RockyHelmet|Regenerator|PollenPuff,Spore,RagePowder,Protect|||F|||50|,,,,,Dark\n|showteam|p2|Calyrex-Ice||Leftovers|AsOneGlastrier|Protect,BodyPress,GlacialLance,IronDefense||||||50|,,,,,Grass]Lunala||PowerHerb|ShadowShield|MoongeistBeam,MeteorBeam,WideGuard,TrickRoom||||||50|,,,,,Water]Incineroar||SafetyGoggles|Intimidate|FakeOut,KnockOff,PartingShot,Taunt|||M|||50|,,,,,Bug]Amoonguss||RockyHelmet|Regenerator|Protect,Spore,RagePowder,PollenPuff|||F|||50|,,,,,Water]Ting-Lu||AssaultVest|VesselofRuin|StompingTantrum,HeavySlam,Ruination,Snarl||||||50|,,,,,Fairy]Urshifu-Rapid-Strike||ChoiceScarf|UnseenFist|SurgingStrikes,CloseCombat,Uturn,Coaching|||F|||50|,,,,,Water\n|\n|t:|1746141676\n|start\n|switch|p1a: Indeedee|Indeedee-F, L50, F|100/100\n|switch|p1b: Kyogre|Kyogre, L50|100/100\n|switch|p2a: Lunala|Lunala, L50|100/100\n|switch|p2b: Calyrex|Calyrex-Ice, L50|100/100\n|-ability|p2b: Calyrex|As One\n|-ability|p2b: Calyrex|Unnerve\n|-weather|RainDance|[from] ability: Drizzle|[of] p1b: Kyogre\n|-fieldstart|move: Psychic Terrain|[from] ability: Psychic Surge|[of] p1a: Indeedee\n|-enditem|p1a: Indeedee|Psychic Seed\n|-boost|p1a: Indeedee|spd|1|[from] item: Psychic Seed\n|turn|1\n|\n|t:|1746141692\n|move|p2a: Lunala|Wide Guard|p2a: Lunala\n|-singleturn|p2a: Lunala|Wide Guard\n|move|p1b: Kyogre|Water Spout|p2b: Calyrex|[spread] \n|-activate|p2a: Lunala|move: Wide Guard\n|-activate|p2b: Calyrex|move: Wide Guard\n|move|p1a: Indeedee|Imprison|p1a: Indeedee\n|-start|p1a: Indeedee|move: Imprison\n|move|p2b: Calyrex|Iron Defense|p2b: Calyrex\n|-boost|p2b: Calyrex|def|2\n|\n|-weather|RainDance|[upkeep]\n|upkeep\n|turn|2\n|\n|t:|1746141708\n|switch|p1b: Necrozma|Necrozma-Dusk-Mane, L50|100/100\n|move|p2a: Lunala|Wide Guard|p2a: Lunala\n|-singleturn|p2a: Lunala|Wide Guard\n|move|p1a: Indeedee|Alluring Voice|p2b: Calyrex\n|-damage|p2b: Calyrex|88/100\n|move|p2b: Calyrex|Glacial Lance|p1a: Indeedee|[spread] p1a,p1b\n|-resisted|p1b: Necrozma\n|-damage|p1a: Indeedee|53/100\n|-damage|p1b: Necrozma|80/100\n|\n|-weather|RainDance|[upkeep]\n|-heal|p2b: Calyrex|94/100|[from] item: Leftovers\n|upkeep\n|turn|3\n|\n|t:|1746141725\n|-terastallize|p1b: Necrozma|Dark\n|-terastallize|p2b: Calyrex|Grass\n|move|p2a: Lunala|Moongeist Beam|p1b: Necrozma\n|-resisted|p1b: Necrozma\n|-damage|p1b: Necrozma|59/100\n|move|p1b: Necrozma|Sunsteel Strike|p2b: Calyrex\n|-damage|p2b: Calyrex|75/100\n|move|p1a: Indeedee|Alluring Voice|p2a: Lunala\n|-damage|p2a: Lunala|95/100\n|move|p2b: Calyrex|Iron Defense|p2b: Calyrex\n|-boost|p2b: Calyrex|def|2\n|\n|-weather|RainDance|[upkeep]\n|-heal|p2b: Calyrex|81/100|[from] item: Leftovers\n|upkeep\n|turn|4\n|\n|t:|1746141740\n|move|p2a: Lunala|Meteor Beam||[still]\n|-prepare|p2a: Lunala|Meteor Beam\n|-boost|p2a: Lunala|spa|1\n|-enditem|p2a: Lunala|Power Herb\n|-anim|p2a: Lunala|Meteor Beam|p1a: Indeedee\n|-damage|p1a: Indeedee|14/100\n|move|p1b: Necrozma|Sunsteel Strike|p2a: Lunala\n|-damage|p2a: Lunala|46/100\n|move|p1a: Indeedee|Alluring Voice|p2a: Lunala\n|-damage|p2a: Lunala|34/100\n|-start|p2a: Lunala|confusion\n|move|p2b: Calyrex|Body Press|p1b: Necrozma\n|-supereffective|p1b: Necrozma\n|-damage|p1b: Necrozma|0 fnt\n|faint|p1b: Necrozma\n|-ability|p2b: Calyrex|Chilling Neigh|boost\n|-boost|p2b: Calyrex|atk|1\n|\n|-weather|RainDance|[upkeep]\n|-heal|p2b: Calyrex|86/100|[from] item: Leftovers\n|upkeep\n|\n|t:|1746141752\n|switch|p1b: Kyogre|Kyogre, L50|100/100\n|turn|5\n|\n|t:|1746141758\n|-activate|p2a: Lunala|confusion\n|-damage|p2a: Lunala|27/100|[from] confusion\n|move|p1b: Kyogre|Water Spout|p2b: Calyrex|[spread] p2a,p2b\n|-resisted|p2b: Calyrex\n|-damage|p2a: Lunala|0 fnt\n|-damage|p2b: Calyrex|54/100\n|faint|p2a: Lunala\n|move|p1a: Indeedee|Alluring Voice|p2b: Calyrex\n|-damage|p2b: Calyrex|42/100\n|move|p2b: Calyrex|Glacial Lance|p1a: Indeedee|[spread] p1a,p1b\n|-resisted|p1b: Kyogre\n|-damage|p1a: Indeedee|0 fnt\n|-damage|p1b: Kyogre|66/100\n|faint|p1a: Indeedee\n|-ability|p2b: Calyrex|Chilling Neigh|boost\n|-boost|p2b: Calyrex|atk|1\n|\n|-weather|none\n|-heal|p2b: Calyrex|48/100|[from] item: Leftovers\n|-fieldend|move: Psychic Terrain\n|upkeep\n|\n|t:|1746141765\n|switch|p2a: Urshifu|Urshifu-Rapid-Strike, L50, F|100/100\n|switch|p1a: Amoonguss|Amoonguss, L50, F|100/100\n|turn|6\n|\n|t:|1746141774\n|move|p1a: Amoonguss|Rage Powder|p1a: Amoonguss\n|-singleturn|p1a: Amoonguss|move: Rage Powder\n|move|p2a: Urshifu|Close Combat|p1a: Amoonguss\n|-resisted|p1a: Amoonguss\n|-damage|p1a: Amoonguss|76/100\n|-unboost|p2a: Urshifu|def|1\n|-unboost|p2a: Urshifu|spd|1\n|-damage|p2a: Urshifu|84/100|[from] item: Rocky Helmet|[of] p1a: Amoonguss\n|move|p1b: Kyogre|Ice Beam|p2b: Calyrex\n|-supereffective|p2b: Calyrex\n|-damage|p2b: Calyrex|5/100\n|move|p2b: Calyrex|Glacial Lance|p1a: Amoonguss|[spread] p1a,p1b\n|-supereffective|p1a: Amoonguss\n|-resisted|p1b: Kyogre\n|-damage|p1a: Amoonguss|0 fnt\n|-damage|p1b: Kyogre|23/100\n|faint|p1a: Amoonguss\n|-ability|p2b: Calyrex|Chilling Neigh|boost\n|-boost|p2b: Calyrex|atk|1\n|\n|-heal|p2b: Calyrex|11/100|[from] item: Leftovers\n|upkeep\n|turn|7\n|-message|Schmixed_007 forfeited.\n|\n|win|natcentre\n|l|\u2606Schmixed_007\n|player|p1|\n|l|\u2606natcentre\n|player|p2|\n||natcentre is ready for game 2.\n|inactive|Schmixed_007 has 30 seconds to confirm battle start!\n|inactive|Schmixed_007 has 20 seconds to confirm battle start!\n|inactive|Schmixed_007 has 10 seconds to confirm battle start!\n|uhtml|next|Next: <a href=\"/battle-gen9vgc2025regibo3-2355011491\"><strong>Game 2 of 3</strong></a>\n", "uploadtime": 1746142144, "views": 3, "formatid": "gen9vgc2025regibo3", "rating": null, "private": 0, "password": null}