{"id": "gen9vgc2025regibo3-2354458408", "format": "[Gen 9] VGC 2025 Reg I (Bo3)", "players": ["practicesemijrlman", "chuybreton8"], "log": "|j|\u2606practicesemijrlman\n|j|\u2606chuybreton8\n|html|<table width=\"100%\"><tr><td align=\"left\">practicesemijrlman</td><td align=\"right\">chuybreton8</tr><tr><td align=\"left\"><i class=\"fa fa-circle-o\"></i> <i class=\"fa fa-circle-o\"></i> </td><td align=\"right\"><i class=\"fa fa-circle-o\"></i> <i class=\"fa fa-circle-o\"></i> </tr></table>\n|uhtml|bestof|<h2><strong>Game 1</strong> of <a href=\"/game-bestof3-gen9vgc2025regibo3-2354458407\">a best-of-3</a></h2>\n|t:|1746074696\n|gametype|doubles\n|player|p1|practicesemijrlman|lucas|1306\n|player|p2|chuybreton8|1|1357\n|teamsize|p1|6\n|teamsize|p2|6\n|gen|9\n|tier|[Gen 9] VGC 2025 Reg I (Bo3)\n|rated|\n|rule|Species Clause: Limit one of each Pok\u00e9mon\n|rule|Item Clause: Limit 1 of each item\n|clearpoke\n|poke|p1|Zacian-*, L50|\n|poke|p1|Chien-Pao, L50|\n|poke|p1|Kyogre, L50|\n|poke|p1|Tornadus, L50, M|\n|poke|p1|Iron Bundle, L50|\n|poke|p1|Raichu, L50, F|\n|poke|p2|Koraidon, L50|\n|poke|p2|Lunala, L50|\n|poke|p2|Raging Bolt, L50|\n|poke|p2|Chi-Yu, L50|\n|poke|p2|Brute Bonnet, L50|\n|poke|p2|Ursaluna, L50, M|\n|teampreview|4\n|showteam|p1|Zacian-Crowned||RustedSword|IntrepidSword|behemothblade,PlayRough,SacredSword,Protect||||||50|,,,,,Fire]Chien-Pao||FocusSash|SwordofRuin|SuckerPunch,IceSpinner,SacredSword,Protect||||||50|,,,,,Ghost]Kyogre||ChoiceSpecs|Drizzle|WaterSpout,HydroPump,OriginPulse,IceBeam||||||50|,,,,,Water]Tornadus||CovertCloak|Prankster|BleakwindStorm,Taunt,RainDance,Tailwind|||M|||50|,,,,,Steel]Iron Bundle||BoosterEnergy|QuarkDrive|Encore,IcyWind,FreezeDry,Protect||||||50|,,,,,Ghost]Raichu||AssaultVest|LightningRod|Electroweb,FakeOut,Nuzzle,Feint|||F|||50|,,,,,Water\n|showteam|p2|Koraidon||ClearAmulet|OrichalcumPulse|CollisionCourse,FlareBlitz,FlameCharge,Protect||||||50|,,,,,Fire]Lunala||PowerHerb|ShadowShield|TrickRoom,MoongeistBeam,MeteorBeam,WideGuard||||||50|,,,,,Water]Raging Bolt||AssaultVest|Protosynthesis|Electroweb,DracoMeteor,Thunderclap,Thunderbolt||||||50|,,,,,Fairy]Chi-Yu||FocusSash|BeadsofRuin|HeatWave,Protect,Taunt,Snarl||||||50|,,,,,Ghost]Brute Bonnet||CovertCloak|Protosynthesis|SuckerPunch,Spore,SeedBomb,RagePowder||||||50|,,,,,Water]Ursaluna||FlameOrb|Guts|Facade,HeadlongRush,Protect,Earthquake|||M|||50|,,,,,Water\n|inactive|Battle timer is ON: inactive players will automatically lose when time's up. (requested by practicesemijrlman)\n|inactive|practicesemijrlman has 60 seconds left.\n|inactive|practicesemijrlman has 30 seconds left.\n|inactive|practicesemijrlman has 20 seconds left.\n|inactive|practicesemijrlman has 15 seconds left.\n|inactive|practicesemijrlman has 10 seconds left.\n|\n|t:|1746074782\n|start\n|switch|p1a: Zacian|Zacian-Crowned, L50|100/100\n|switch|p1b: Iron Bundle|Iron Bundle, L50|100/100\n|switch|p2a: Brute Bonnet|Brute Bonnet, L50, shiny|100/100\n|switch|p2b: Lunala|Lunala, L50|100/100\n|-ability|p1a: Zacian|Intrepid Sword|boost\n|-boost|p1a: Zacian|atk|1\n|-enditem|p1b: Iron Bundle|Booster Energy\n|-activate|p1b: Iron Bundle|ability: Quark Drive|[fromitem]\n|-start|p1b: Iron Bundle|quarkdrivespe\n|turn|1\n|\n|t:|1746074799\n|move|p2a: Brute Bonnet|Rage Powder|p2a: Brute Bonnet\n|-singleturn|p2a: Brute Bonnet|move: Rage Powder\n|move|p1b: Iron Bundle|Freeze-Dry|p2a: Brute Bonnet\n|-supereffective|p2a: Brute Bonnet\n|-damage|p2a: Brute Bonnet|53/100\n|move|p1a: Zacian|Play Rough|p2a: Brute Bonnet\n|-supereffective|p2a: Brute Bonnet\n|-damage|p2a: Brute Bonnet|0 fnt\n|faint|p2a: Brute Bonnet\n|-end|p2a: Brute Bonnet|Protosynthesis|[silent]\n|move|p2b: Lunala|Trick Room|p2b: Lunala\n|-fieldstart|move: Trick Room|[of] p2b: Lunala\n|\n|upkeep\n|\n|t:|1746074807\n|switch|p2a: Ursaluna|Ursaluna, L50, M|100/100\n|turn|2\n|inactive|practicesemijrlman has 30 seconds left.\n|\n|t:|1746074838\n|move|p2a: Ursaluna|Protect|p2a: Ursaluna\n|-singleturn|p2a: Ursaluna|Protect\n|move|p1b: Iron Bundle|Protect|p1b: Iron Bundle\n|-singleturn|p1b: Iron Bundle|Protect\n|move|p2b: Lunala|Meteor Beam||[still]\n|-prepare|p2b: Lunala|Meteor Beam\n|-boost|p2b: Lunala|spa|1\n|-enditem|p2b: Lunala|Power Herb\n|-anim|p2b: Lunala|Meteor Beam|p1b: Iron Bundle\n|-activate|p1b: Iron Bundle|move: Protect\n|move|p1a: Zacian|Behemoth Blade|p2b: Lunala\n|-damage|p2b: Lunala|70/100\n|\n|-status|p2a: Ursaluna|brn|[from] item: Flame Orb\n|upkeep\n|turn|3\n|\n|t:|1746074862\n|move|p1a: Zacian|Protect|p1a: Zacian\n|-singleturn|p1a: Zacian|Protect\n|move|p2a: Ursaluna|Headlong Rush|p1a: Zacian\n|-activate|p1a: Zacian|move: Protect\n|move|p2b: Lunala|Moongeist Beam|p1b: Iron Bundle\n|-damage|p1b: Iron Bundle|0 fnt\n|faint|p1b: Iron Bundle\n|-end|p1b: Iron Bundle|Quark Drive|[silent]\n|\n|-damage|p2a: Ursaluna|95/100 brn|[from] brn\n|upkeep\n|inactive|practicesemijrlman has 30 seconds left.\n|inactive|practicesemijrlman has 20 seconds left.\n|inactive|practicesemijrlman has 15 seconds left.\n|inactive|practicesemijrlman has 10 seconds left.\n|\n|t:|1746074908\n|switch|p1b: Raichu|Raichu, L50, F, shiny|100/100\n|turn|4\n|\n|t:|1746074929\n|move|p2a: Ursaluna|Protect|p2a: Ursaluna\n|-singleturn|p2a: Ursaluna|Protect\n|move|p2b: Lunala|Moongeist Beam|p1b: Raichu\n|-damage|p1b: Raichu|25/100\n|move|p1b: Raichu|Nuzzle|p2b: Lunala\n|-damage|p2b: Lunala|64/100\n|-status|p2b: Lunala|par\n|move|p1a: Zacian|Behemoth Blade|p2b: Lunala\n|-damage|p2b: Lunala|0 fnt\n|faint|p2b: Lunala\n|\n|-damage|p2a: Ursaluna|89/100 brn|[from] brn\n|upkeep\n|\n|t:|1746074938\n|switch|p2b: Raging Bolt|Raging Bolt, L50|100/100\n|turn|5\n|\n|t:|1746074953\n|switch|p1b: Chien-Pao|Chien-Pao, L50|100/100\n|-ability|p1b: Chien-Pao|Sword of Ruin\n|move|p1a: Zacian|Protect|p1a: Zacian\n|-singleturn|p1a: Zacian|Protect\n|move|p2a: Ursaluna|Facade|p1b: Chien-Pao\n|-enditem|p1b: Chien-Pao|Focus Sash\n|-damage|p1b: Chien-Pao|1/100\n|move|p2b: Raging Bolt|Thunderbolt|p1a: Zacian\n|-activate|p1a: Zacian|move: Protect\n|\n|-damage|p2a: Ursaluna|83/100 brn|[from] brn\n|-fieldend|move: Trick Room\n|upkeep\n|turn|6\n|\n|t:|1746074969\n|-terastallize|p2a: Ursaluna|Water\n|move|p1b: Chien-Pao|Sucker Punch|p2b: Raging Bolt\n|-damage|p2b: Raging Bolt|65/100\n|move|p2b: Raging Bolt|Thunderclap|p1a: Zacian\n|-damage|p1a: Zacian|61/100\n|move|p1a: Zacian|Play Rough|p2b: Raging Bolt|[miss]\n|-miss|p1a: Zacian|p2b: Raging Bolt\n|move|p2a: Ursaluna|Earthquake|p1a: Zacian|[spread] p2b,p1a,p1b\n|-supereffective|p2b: Raging Bolt\n|-supereffective|p1a: Zacian\n|-damage|p2b: Raging Bolt|0 fnt\n|-damage|p1a: Zacian|0 fnt\n|-damage|p1b: Chien-Pao|0 fnt\n|faint|p2b: Raging Bolt\n|-end|p2b: Raging Bolt|Protosynthesis|[silent]\n|faint|p1a: Zacian\n|faint|p1b: Chien-Pao\n|\n|-damage|p2a: Ursaluna|77/100 brn|[from] brn\n|upkeep\n|\n|t:|1746074973\n|switch|p1b: Raichu|Raichu, L50, F, shiny|25/100\n|turn|7\n|\n|t:|1746074987\n|move|p1b: Raichu|Fake Out|p2a: Ursaluna\n|-damage|p2a: Ursaluna|71/100 brn\n|cant|p2a: Ursaluna|flinch\n|\n|-damage|p2a: Ursaluna|65/100 brn|[from] brn\n|upkeep\n|turn|8\n|\n|t:|1746074994\n|-terastallize|p1b: Raichu|Water\n|move|p1b: Raichu|Nuzzle|p2a: Ursaluna\n|-supereffective|p2a: Ursaluna\n|-damage|p2a: Ursaluna|57/100 brn\n|move|p2a: Ursaluna|Facade|p1b: Raichu\n|-damage|p1b: Raichu|0 fnt\n|faint|p1b: Raichu\n|\n|win|chuybreton8\n||practicesemijrlman is ready for game 2.\n||chuybreton8 is ready for game 2.\n|uhtml|next|Next: <a href=\"/battle-gen9vgc2025regibo3-2354460195\"><strong>Game 2 of 3</strong></a>\n|l|\u2606practicesemijrlman\n|player|p1|\n", "uploadtime": 1746075237, "views": 10, "formatid": "gen9vgc2025regibo3", "rating": null, "private": 0, "password": null}