{"id": "gen9vgc2025regibo3-2354923725", "format": "[Gen 9] VGC 2025 Reg I (Bo3)", "players": ["Snickers23", "LunaSunChris"], "log": "|j|\u2606Snickers23\n|j|\u2606LunaSunChris\n|html|<table width=\"100%\"><tr><td align=\"left\">Snickers23</td><td align=\"right\">LunaSunChris</tr><tr><td align=\"left\"><i class=\"fa fa-circle-o\"></i> <i class=\"fa fa-circle-o\"></i> </td><td align=\"right\"><i class=\"fa fa-circle-o\"></i> <i class=\"fa fa-circle-o\"></i> </tr></table>\n|uhtml|bestof|<h2><strong>Game 1</strong> of <a href=\"/game-bestof3-gen9vgc2025regibo3-2354923724\">a best-of-3</a></h2>\n|t:|1746132186\n|gametype|doubles\n|player|p1|Snickers23|rosa|1274\n|player|p2|LunaSunChris|rood|1228\n|teamsize|p1|6\n|teamsize|p2|6\n|gen|9\n|tier|[Gen 9] VGC 2025 Reg I (Bo3)\n|rated|\n|rule|Species Clause: Limit one of each Pok\u00e9mon\n|rule|Item Clause: Limit 1 of each item\n|clearpoke\n|poke|p1|Calyrex-Shadow, L50|\n|poke|p1|Zamazenta-*, L50|\n|poke|p1|Incineroar, L50, M|\n|poke|p1|Rillaboom, L50, M|\n|poke|p1|Clefairy, L50, F|\n|poke|p1|Urshifu-*, L50, F|\n|poke|p2|Groudon, L50|\n|poke|p2|Lunala, L50|\n|poke|p2|Incineroar, L50, M|\n|poke|p2|Alcremie-Matcha-Cream, L50, F|\n|poke|p2|Walking Wake, L50|\n|poke|p2|Rillaboom, L50, M|\n|teampreview|4\n|showteam|p1|Calyrex-Shadow||SpellTag|AsOneSpectrier|AstralBarrage,Psychic,NastyPlot,Protect||||||50|,,,,,Dark]Zamazenta-Crowned||RustedShield|DauntlessShield|BodyPress,WideGuard,Protect,HeavySlam||||||50|,,,,,Dragon]Incineroar||SafetyGoggles|Intimidate|FlareBlitz,KnockOff,PartingShot,FakeOut|||M|||50|,,,,,Bug]Rillaboom||AssaultVest|GrassySurge|WoodHammer,GrassyGlide,Uturn,FakeOut|||M|||50|,,,,,Fire]Clefairy||Eviolite|FriendGuard|FollowMe,IcyWind,HelpingHand,Protect|||F|||50|,,,,,Water]Urshifu-Rapid-Strike||ChoiceScarf|UnseenFist|SurgingStrikes,CloseCombat,Uturn,RainDance|||F|||50|,,,,,Ghost\n|showteam|p2|Groudon||ClearAmulet|Drought|PrecipiceBlades,HeatCrash,StompingTantrum,Protect||||||50|,,,,,Fire]Lunala||PowerHerb|ShadowShield|MoongeistBeam,MeteorBeam,WideGuard,TrickRoom||||||50|,,,,,Fairy]Incineroar||SafetyGoggles|Intimidate|KnockOff,FakeOut,FlareBlitz,PartingShot|||M|||50|,,,,,Ghost]Alcremie-Matcha-Cream||CovertCloak|SweetVeil|DazzlingGleam,Decorate,LightScreen,Encore|||F|||50|,,,,,Water]Walking Wake||LifeOrb|Protosynthesis|WeatherBall,HydroSteam,DracoMeteor,Protect||||||50|,,,,,Fire]Rillaboom||AssaultVest|GrassySurge|FakeOut,GrassyGlide,Uturn,WoodHammer|||M|||50|,,,,,Fire\n|inactive|Battle timer is ON: inactive players will automatically lose when time's up. (requested by Snickers23)\n|\n|t:|1746132231\n|start\n|switch|p1a: Calyrex|Calyrex-Shadow, L50|100/100\n|switch|p1b: Rillaboom|Rillaboom, L50, M|100/100\n|switch|p2a: Lunala|Lunala, L50|100/100\n|switch|p2b: Incineroar|Incineroar, L50, M|100/100\n|-ability|p1a: Calyrex|As One\n|-ability|p1a: Calyrex|Unnerve\n|-fieldstart|move: Grassy Terrain|[from] ability: Grassy Surge|[of] p1b: Rillaboom\n|-ability|p2b: Incineroar|Intimidate|boost\n|-unboost|p1a: Calyrex|atk|1\n|-unboost|p1b: Rillaboom|atk|1\n|turn|1\n|inactive|LunaSunChris has 30 seconds left.\n|\n|t:|1746132266\n|-terastallize|p1a: Calyrex|Dark\n|-terastallize|p2a: Lunala|Fairy\n|move|p1a: Calyrex|Nasty Plot|p1a: Calyrex\n|-boost|p1a: Calyrex|spa|2\n|move|p1b: Rillaboom|U-turn|p2a: Lunala\n|-resisted|p2a: Lunala\n|-damage|p2a: Lunala|98/100\n|\n|t:|1746132276\n|switch|p1b: Clefairy|Clefairy, L50, F|100/100|[from] U-turn\n|move|p2b: Incineroar|Flare Blitz|p1a: Calyrex\n|-damage|p1a: Calyrex|60/100\n|-damage|p2b: Incineroar|87/100|[from] Recoil\n|move|p2a: Lunala|Trick Room|p2a: Lunala\n|-fieldstart|move: Trick Room|[of] p2a: Lunala\n|\n|-heal|p2b: Incineroar|93/100|[from] Grassy Terrain\n|-heal|p2a: Lunala|100/100|[from] Grassy Terrain\n|-heal|p1a: Calyrex|66/100|[from] Grassy Terrain\n|upkeep\n|turn|2\n|inactive|LunaSunChris has 30 seconds left.\n|inactive|Snickers23 has 30 seconds left.\n|\n|t:|1746132308\n|move|p1b: Clefairy|Follow Me|p1b: Clefairy\n|-singleturn|p1b: Clefairy|move: Follow Me\n|move|p2b: Incineroar|Knock Off|p1b: Clefairy\n|-resisted|p1b: Clefairy\n|-damage|p1b: Clefairy|83/100\n|-enditem|p1b: Clefairy|Eviolite|[from] move: Knock Off|[of] p2b: Incineroar\n|move|p2a: Lunala|Meteor Beam||[still]\n|-prepare|p2a: Lunala|Meteor Beam\n|-boost|p2a: Lunala|spa|1\n|-enditem|p2a: Lunala|Power Herb\n|-anim|p2a: Lunala|Meteor Beam|p1b: Clefairy\n|-damage|p1b: Clefairy|0 fnt\n|faint|p1b: Clefairy\n|move|p1a: Calyrex|Psychic|p2a: Lunala\n|-crit|p2a: Lunala\n|-damage|p2a: Lunala|49/100\n|-unboost|p2a: Lunala|spd|1\n|\n|-heal|p2b: Incineroar|99/100|[from] Grassy Terrain\n|-heal|p2a: Lunala|55/100|[from] Grassy Terrain\n|-heal|p1a: Calyrex|72/100|[from] Grassy Terrain\n|upkeep\n|\n|t:|1746132325\n|switch|p1b: Rillaboom|Rillaboom, L50, M|100/100\n|turn|3\n|\n|t:|1746132349\n|switch|p2a: Groudon|Groudon, L50|100/100\n|-weather|SunnyDay|[from] ability: Drought|[of] p2a: Groudon\n|move|p2b: Incineroar|Flare Blitz|p1a: Calyrex\n|-damage|p1a: Calyrex|0 fnt\n|faint|p1a: Calyrex\n|-damage|p2b: Incineroar|76/100|[from] Recoil\n|move|p1b: Rillaboom|Wood Hammer|p2a: Groudon\n|-supereffective|p2a: Groudon\n|-damage|p2a: Groudon|0 fnt\n|faint|p2a: Groudon\n|-damage|p1b: Rillaboom|71/100|[from] Recoil\n|\n|-weather|SunnyDay|[upkeep]\n|-heal|p2b: Incineroar|82/100|[from] Grassy Terrain\n|-heal|p1b: Rillaboom|77/100|[from] Grassy Terrain\n|upkeep\n|\n|t:|1746132368\n|switch|p2a: Lunala|Lunala, L50, tera:Fairy|55/100\n|switch|p1a: Zamazenta|Zamazenta-Crowned, L50|100/100\n|-ability|p1a: Zamazenta|Dauntless Shield|boost\n|-boost|p1a: Zamazenta|def|1\n|turn|4\n|\n|t:|1746132384\n|move|p1b: Rillaboom|Grassy Glide|p2a: Lunala\n|-damage|p2a: Lunala|29/100\n|move|p2b: Incineroar|Flare Blitz|p1b: Rillaboom\n|-supereffective|p1b: Rillaboom\n|-damage|p1b: Rillaboom|0 fnt\n|faint|p1b: Rillaboom\n|-damage|p2b: Incineroar|57/100|[from] Recoil\n|move|p2a: Lunala|Moongeist Beam|p1a: Zamazenta\n|-damage|p1a: Zamazenta|65/100\n|move|p1a: Zamazenta|Body Press|p2b: Incineroar\n|-supereffective|p2b: Incineroar\n|-damage|p2b: Incineroar|0 fnt\n|faint|p2b: Incineroar\n|\n|-weather|SunnyDay|[upkeep]\n|-heal|p2a: Lunala|35/100|[from] Grassy Terrain\n|-heal|p1a: Zamazenta|71/100|[from] Grassy Terrain\n|upkeep\n|\n|t:|1746132397\n|switch|p2b: Walking Wake|Walking Wake, L50|100/100\n|-activate|p2b: Walking Wake|ability: Protosynthesis\n|-start|p2b: Walking Wake|protosynthesisspe\n|turn|5\n|\n|t:|1746132404\n|move|p1a: Zamazenta|Protect|p1a: Zamazenta\n|-singleturn|p1a: Zamazenta|Protect\n|move|p2b: Walking Wake|Protect|p2b: Walking Wake\n|-singleturn|p2b: Walking Wake|Protect\n|move|p2a: Lunala|Moongeist Beam|p1a: Zamazenta\n|-activate|p1a: Zamazenta|move: Protect\n|\n|-weather|SunnyDay|[upkeep]\n|-heal|p2a: Lunala|41/100|[from] Grassy Terrain\n|-heal|p1a: Zamazenta|77/100|[from] Grassy Terrain\n|-fieldend|move: Trick Room\n|-fieldend|move: Grassy Terrain\n|upkeep\n|turn|6\n|-message|Snickers23 forfeited.\n|\n|win|LunaSunChris\n||Snickers23 is ready for game 2.\n||LunaSunChris is ready for game 2.\n|uhtml|next|Next: <a href=\"/battle-gen9vgc2025regibo3-2354926077\"><strong>Game 2 of 3</strong></a>\n", "uploadtime": 1746132425, "views": 8, "formatid": "gen9vgc2025regibo3", "rating": null, "private": 0, "password": null}