{"id": "gen9vgc2025regibo3-2353334897", "format": "[Gen 9] VGC 2025 Reg I (Bo3)", "players": ["Qicide", "caZISA"], "log": "|j|\u2606Qicide\n|j|\u2606caZISA\n|html|<table width=\"100%\"><tr><td align=\"left\">Qicide</td><td align=\"right\">caZISA</tr><tr><td align=\"left\"><i class=\"fa fa-circle\"></i> <i class=\"fa fa-circle-o\"></i> </td><td align=\"right\"><i class=\"fa fa-circle-o\"></i> <i class=\"fa fa-circle\"></i> </tr></table>\n|uhtml|bestof|<h2><strong>Game 3</strong> of <a href=\"/game-bestof3-gen9vgc2025regibo3-2353331001\">a best-of-3</a></h2>\n|t:|1745947308\n|gametype|doubles\n|player|p1|Qicide|red|1320\n|player|p2|caZISA|red|1307\n|teamsize|p1|6\n|teamsize|p2|6\n|gen|9\n|tier|[Gen 9] VGC 2025 Reg I (Bo3)\n|rated|\n|rule|Species Clause: Limit one of each Pok\u00e9mon\n|rule|Item Clause: Limit 1 of each item\n|clearpoke\n|poke|p1|Chi-Yu, L50|\n|poke|p1|Calyrex-Shadow, L50|\n|poke|p1|Tornadus, L50, M|\n|poke|p1|Groudon, L50|\n|poke|p1|Raging Bolt, L50|\n|poke|p1|Urshifu-*, L50, F|\n|poke|p2|Calyrex-Ice, L50|\n|poke|p2|Kyogre, L50|\n|poke|p2|Landorus, L50, M|\n|poke|p2|Raging Bolt, L50|\n|poke|p2|Incineroar, L50, M|\n|poke|p2|Smeargle, L50, F|\n|teampreview|4\n|showteam|p1|Chi-Yu||ChoiceScarf|BeadsofRuin|HeatWave,Overheat,DarkPulse,Snarl||||||50|,,,,,Ghost]Calyrex-Shadow||LifeOrb|AsOneSpectrier|AstralBarrage,Psychic,Encore,Protect||||||50|,,,,,Normal]Tornadus||RockyHelmet|Prankster|BleakwindStorm,Tailwind,Protect,SunnyDay|||M|||50|,,,,,Dark]Groudon||ClearAmulet|Drought|HeatCrash,PrecipiceBlades,HighHorsepower,Protect||||||50|,,,,,Fire]Raging Bolt||AssaultVest|Protosynthesis|Thunderbolt,Electroweb,Thunderclap,DracoMeteor||||||50|,,,,,Electric]Urshifu||FocusSash|UnseenFist|WickedBlow,SuckerPunch,CloseCombat,Protect|||F|||50|,,,,,Dark\n|showteam|p2|Calyrex-Ice||ClearAmulet|AsOneGlastrier|GlacialLance,HighHorsepower,TrickRoom,Protect||||||50|,,,,,Grass]Kyogre||MysticWater|Drizzle|WaterSpout,OriginPulse,IceBeam,Protect||||||50|,,,,,Water]Landorus||ChoiceScarf|SheerForce|SandsearStorm,EarthPower,SludgeBomb,Uturn|||M|||50|,,,,,Ghost]Raging Bolt||AssaultVest|Protosynthesis|Thunderbolt,DracoMeteor,Thunderclap,Snarl||||||50|,,,,,Fairy]Incineroar||SafetyGoggles|Intimidate|FakeOut,WillOWisp,KnockOff,PartingShot|||M|||50|,,,,,Ghost]Smeargle||FocusSash|Moody|FakeOut,Spore,FollowMe,WideGuard|||F|||50|,,,,,Grass\n|inactive|Battle timer is ON: inactive players will automatically lose when time's up. (requested by Qicide)\n|\n|t:|1745947338\n|start\n|switch|p1a: Calyrex|Calyrex-Shadow, L50|100/100\n|switch|p1b: Chi-Yu|Chi-Yu, L50|100/100\n|switch|p2a: ChrisBum|Landorus, L50, M|100/100\n|switch|p2b: Gaspar|Calyrex-Ice, L50|100/100\n|-ability|p1a: Calyrex|As One\n|-ability|p1a: Calyrex|Unnerve\n|-ability|p2b: Gaspar|As One\n|-ability|p2b: Gaspar|Unnerve\n|-ability|p1b: Chi-Yu|Beads of Ruin\n|turn|1\n|\n|t:|1745947357\n|-terastallize|p1b: Chi-Yu|Ghost\n|move|p2b: Gaspar|Protect|p2b: Gaspar\n|-singleturn|p2b: Gaspar|Protect\n|move|p2a: ChrisBum|Earth Power|p1b: Chi-Yu\n|-damage|p1b: Chi-Yu|24/100\n|move|p1b: Chi-Yu|Dark Pulse|p2a: ChrisBum\n|-damage|p2a: ChrisBum|16/100\n|move|p1a: Calyrex|Astral Barrage|p2a: ChrisBum|[spread] p2a\n|-activate|p2b: Gaspar|move: Protect\n|-damage|p2a: ChrisBum|0 fnt\n|faint|p2a: ChrisBum\n|-ability|p1a: Calyrex|Grim Neigh|boost\n|-boost|p1a: Calyrex|spa|1\n|-damage|p1a: Calyrex|91/100|[from] item: Life Orb\n|\n|upkeep\n|\n|t:|1745947362\n|switch|p2a: Picasso|Smeargle, L50, F|100/100\n|turn|2\n|\n|t:|1745947381\n|-terastallize|p2b: Gaspar|Grass\n|move|p2a: Picasso|Follow Me|p2a: Picasso\n|-singleturn|p2a: Picasso|move: Follow Me\n|move|p1b: Chi-Yu|Dark Pulse|p2a: Picasso\n|-enditem|p2a: Picasso|Focus Sash\n|-damage|p2a: Picasso|1/100\n|move|p1a: Calyrex|Astral Barrage|p2a: Picasso|[spread] p2b\n|-immune|p2a: Picasso\n|-damage|p2b: Gaspar|3/100\n|-damage|p1a: Calyrex|82/100|[from] item: Life Orb\n|move|p2b: Gaspar|Trick Room|p2b: Gaspar\n|-fieldstart|move: Trick Room|[of] p2b: Gaspar\n|\n|-ability|p2a: Picasso|Moody|boost\n|-boost|p2a: Picasso|spa|2\n|-unboost|p2a: Picasso|spd|1\n|upkeep\n|turn|3\n|inactive|Qicide has 30 seconds left.\n|\n|t:|1745947407\n|move|p2b: Gaspar|Glacial Lance|p1a: Calyrex|[spread] p1a,p1b\n|-crit|p1b: Chi-Yu\n|-damage|p1a: Calyrex|11/100\n|-damage|p1b: Chi-Yu|0 fnt\n|faint|p1b: Chi-Yu\n|-ability|p2b: Gaspar|Chilling Neigh|boost\n|-boost|p2b: Gaspar|atk|1\n|move|p2a: Picasso|Spore|p1a: Calyrex\n|-status|p1a: Calyrex|slp|[from] move: Spore\n|cant|p1a: Calyrex|slp\n|\n|-ability|p2a: Picasso|Moody|boost\n|-boost|p2a: Picasso|spd|2\n|-unboost|p2a: Picasso|spa|1\n|upkeep\n|\n|t:|1745947418\n|switch|p1b: Raging Bolt|Raging Bolt, L50|100/100\n|turn|4\n|\n|t:|1745947431\n|cant|p1a: Calyrex|slp\n|move|p2a: Picasso|Follow Me|p2a: Picasso\n|-singleturn|p2a: Picasso|move: Follow Me\n|move|p2b: Gaspar|Glacial Lance|p1a: Calyrex|[spread] p1a,p1b\n|-supereffective|p1b: Raging Bolt\n|-damage|p1a: Calyrex|0 fnt\n|-damage|p1b: Raging Bolt|0 fnt\n|faint|p1a: Calyrex\n|faint|p1b: Raging Bolt\n|-end|p1b: Raging Bolt|Protosynthesis|[silent]\n|-ability|p2b: Gaspar|Chilling Neigh|boost\n|-boost|p2b: Gaspar|atk|2\n|\n|-ability|p2a: Picasso|Moody|boost\n|-boost|p2a: Picasso|spe|2\n|-unboost|p2a: Picasso|spd|1\n|upkeep\n|\n|t:|1745947439\n|switch|p1b: Groudon|Groudon, L50|100/100\n|-weather|SunnyDay|[from] ability: Drought|[of] p1b: Groudon\n|turn|5\n|\n|t:|1745947446\n|switch|p2a: Dory|Kyogre, L50|100/100\n|-weather|RainDance|[from] ability: Drizzle|[of] p2a: Dory\n|move|p1b: Groudon|Protect|p1b: Groudon\n|-singleturn|p1b: Groudon|Protect\n|move|p2b: Gaspar|Glacial Lance|p1b: Groudon\n|-activate|p1b: Groudon|move: Protect\n|\n|-weather|RainDance|[upkeep]\n|upkeep\n|turn|6\n|\n|t:|1745947451\n|move|p1b: Groudon|Protect|p1b: Groudon\n|-singleturn|p1b: Groudon|Protect\n|move|p2b: Gaspar|Glacial Lance|p1b: Groudon\n|-activate|p1b: Groudon|move: Protect\n|move|p2a: Dory|Water Spout|p1b: Groudon\n|-activate|p1b: Groudon|move: Protect\n|\n|-weather|RainDance|[upkeep]\n|-fieldend|move: Trick Room\n|upkeep\n|turn|7\n|\n|t:|1745947458\n|move|p1b: Groudon|Precipice Blades|p2a: Dory|[spread] p2a,p2b\n|-resisted|p2b: Gaspar\n|-damage|p2a: Dory|55/100\n|-damage|p2b: Gaspar|0 fnt\n|faint|p2b: Gaspar\n|move|p2a: Dory|Water Spout|p1b: Groudon\n|-supereffective|p1b: Groudon\n|-damage|p1b: Groudon|0 fnt\n|faint|p1b: Groudon\n|\n|win|caZISA\n|raw|Qicide's rating: 1320 &rarr; <strong>1299</strong><br />(-21 for losing)\n|raw|caZISA's rating: 1307 &rarr; <strong>1328</strong><br />(+21 for winning)\n|c|\u2606Qicide|gg\n", "uploadtime": 1745947465, "views": 16, "formatid": "gen9vgc2025regibo3", "rating": 1299, "private": 0, "password": null}