{"id": "gen9vgc2025regibo3-2353707091", "format": "[Gen 9] VGC 2025 Reg I (Bo3)", "players": ["zacian run back", "ramennoodsz"], "log": "|j|\u2606zacian run back\n|j|\u2606ramennoodsz\n|html|<table width=\"100%\"><tr><td align=\"left\">zacian run back</td><td align=\"right\">ramennoodsz</tr><tr><td align=\"left\"><i class=\"fa fa-circle-o\"></i> <i class=\"fa fa-circle-o\"></i> </td><td align=\"right\"><i class=\"fa fa-circle-o\"></i> <i class=\"fa fa-circle\"></i> </tr></table>\n|uhtml|bestof|<h2><strong>Game 2</strong> of <a href=\"/game-bestof3-gen9vgc2025regibo3-2353705600\">a best-of-3</a></h2>\n|t:|1745986411\n|gametype|doubles\n|player|p1|zacian run back|acetrainerf-gen4dp|1149\n|player|p2|ramennoodsz|102|1135\n|teamsize|p1|6\n|teamsize|p2|6\n|gen|9\n|tier|[Gen 9] VGC 2025 Reg I (Bo3)\n|rated|\n|rule|Species Clause: Limit one of each Pok\u00e9mon\n|rule|Item Clause: Limit 1 of each item\n|clearpoke\n|poke|p1|Zacian-*, L50|\n|poke|p1|Miraidon, L50|\n|poke|p1|Ditto, L50|\n|poke|p1|Tornadus, L50, M|\n|poke|p1|Urshifu-*, L50, M|\n|poke|p1|Ogerpon-Hearthflame, L50, F|\n|poke|p2|Indeedee-F, L50, F|\n|poke|p2|Calyrex-Ice, L50|\n|poke|p2|Ursaluna, L50, M|\n|poke|p2|Kyogre, L50|\n|poke|p2|Torkoal, L50, F|\n|poke|p2|Ogerpon, L50, F|\n|teampreview|4\n|showteam|p1|Zacian-Crowned||RustedSword|IntrepidSword|behemothblade,PlayRough,TeraBlast,Protect||||||50|,,,,,Ground]Miraidon||ChoiceSpecs|HadronEngine|ElectroDrift,VoltSwitch,DazzlingGleam,DracoMeteor||||||50|,,,,,Fairy]Ditto||FocusSash|Imposter|Transform||||||50|,,,,,Ghost]Tornadus||CovertCloak|Prankster|BleakwindStorm,RainDance,Tailwind,Taunt|||M|||50|,,,,,Dark]Urshifu-Rapid-Strike||ChoiceScarf|UnseenFist|SurgingStrikes,CloseCombat,Uturn,Coaching|||M|||50|,,,,,Water]Ogerpon-Hearthflame||HearthflameMask|MoldBreaker|IvyCudgel,HornLeech,FollowMe,SpikyShield|||F|||50|,,,,,Fire\n|showteam|p2|Indeedee-F||SafetyGoggles|PsychicSurge|Psychic,HelpingHand,FollowMe,TrickRoom|||F|||50|,,,,,Water]Calyrex-Ice||ClearAmulet|AsOneGlastrier|GlacialLance,HighHorsepower,TrickRoom,Imprison||||||50|,,,,,Dragon]Ursaluna||FlameOrb|Guts|Facade,HeadlongRush,Substitute,Protect|||M|||50|,,,,,Fairy]Kyogre||MysticWater|Drizzle|WaterSpout,OriginPulse,Thunder,IceBeam||||||50|,,,,,Water]Torkoal||FlamePlate|Drought|Eruption,Flamethrower,SolarBeam,ClearSmog|||F|||50|,,,,,Fire]Ogerpon||FocusSash|Defiant|WoodHammer,FollowMe,Taunt,SpikyShield|||F|||50|,,,,,Grass\n|inactive|Battle timer is ON: inactive players will automatically lose when time's up. (requested by ramennoodsz)\n|inactive|zacian run back also wants the timer to be on.\n|\n|t:|1745986428\n|start\n|switch|p1a: I am You :D|Ditto, L50|100/100\n|switch|p1b: >:3|Ogerpon-Hearthflame, L50, F|100/100\n|switch|p2a: Yung Lean|Indeedee-F, L50, F|100/100\n|switch|p2b: Bladee|Calyrex-Ice, L50|100/100\n|-ability|p2b: Bladee|As One\n|-ability|p2b: Bladee|Unnerve\n|-ability|p1b: >:3|Mold Breaker\n|-transform|p1a: I am You :D|p2b: Bladee|[from] ability: Imposter\n|-ability|p1a: I am You :D|As One\n|-ability|p1a: I am You :D|Unnerve\n|-fieldstart|move: Psychic Terrain|[from] ability: Psychic Surge|[of] p2a: Yung Lean\n|turn|1\n|inactive|ramennoodsz has 30 seconds left.\n|inactive|ramennoodsz has 20 seconds left.\n|inactive|ramennoodsz has 15 seconds left.\n|inactive|ramennoodsz has 10 seconds left.\n|\n|t:|1745986476\n|-terastallize|p1b: >:3|Fire\n|detailschange|p1b: >:3|Ogerpon-Hearthflame-Tera, L50, F, tera:Fire\n|-ability|p1b: >:3|Embody Aspect (Hearthflame)|boost\n|-boost|p1b: >:3|atk|1\n|-terastallize|p2b: Bladee|Dragon\n|move|p1b: >:3|Ivy Cudgel|p2a: Yung Lean|[anim] Ivy Cudgel Fire\n|-damage|p2a: Yung Lean|0 fnt\n|faint|p2a: Yung Lean\n|move|p2b: Bladee|Imprison|p2b: Bladee\n|-start|p2b: Bladee|move: Imprison\n|cant|p1a: I am You :D|move: Imprison|Imprison\n|\n|upkeep\n|\n|t:|1745986490\n|switch|p2a: Ursaluna|Ursaluna, L50, M|100/100\n|turn|2\n|\n|t:|1745986510\n|switch|p1a: Dust|Zacian-Crowned, L50, shiny|100/100\n|-ability|p1a: Dust|Intrepid Sword|boost\n|-boost|p1a: Dust|atk|1\n|move|p2a: Ursaluna|Protect|p2a: Ursaluna\n|-singleturn|p2a: Ursaluna|Protect\n|move|p1b: >:3|Ivy Cudgel|p2b: Bladee|[anim] Ivy Cudgel Fire\n|-resisted|p2b: Bladee\n|-crit|p2b: Bladee\n|-damage|p2b: Bladee|50/100\n|move|p2b: Bladee|Trick Room|p2b: Bladee\n|-fieldstart|move: Trick Room|[of] p2b: Bladee\n|\n|-status|p2a: Ursaluna|brn|[from] item: Flame Orb\n|upkeep\n|turn|3\n|inactive|ramennoodsz has 30 seconds left.\n|\n|t:|1745986539\n|switch|p2b: Torkoal|Torkoal, L50, F|100/100\n|-weather|SunnyDay|[from] ability: Drought|[of] p2b: Torkoal\n|move|p1b: >:3|Follow Me|p1b: >:3\n|-singleturn|p1b: >:3|move: Follow Me\n|move|p2a: Ursaluna|Headlong Rush|p1b: >:3\n|-supereffective|p1b: >:3\n|-damage|p1b: >:3|0 fnt\n|-unboost|p2a: Ursaluna|def|1\n|-unboost|p2a: Ursaluna|spd|1\n|faint|p1b: >:3\n|move|p1a: Dust|Behemoth Blade|p2a: Ursaluna\n|-damage|p2a: Ursaluna|16/100 brn\n|\n|-weather|SunnyDay|[upkeep]\n|-damage|p2a: Ursaluna|10/100 brn|[from] brn\n|upkeep\n|\n|t:|1745986557\n|switch|p1b: I am You :D|Ditto, L50|100/100\n|-transform|p1b: I am You :D|p2a: Ursaluna|[from] ability: Imposter\n|turn|4\n|\n|t:|1745986582\n|switch|p1b: Rin|Miraidon, L50|100/100\n|-fieldstart|move: Electric Terrain|[from] ability: Hadron Engine|[of] p1b: Rin\n|move|p2b: Torkoal|Eruption|p1b: Rin|[spread] p1a,p1b\n|-supereffective|p1a: Dust\n|-resisted|p1b: Rin\n|-damage|p1a: Dust|0 fnt\n|-damage|p1b: Rin|60/100\n|faint|p1a: Dust\n|move|p2a: Ursaluna|Headlong Rush|p1b: Rin\n|-supereffective|p1b: Rin\n|-damage|p1b: Rin|0 fnt\n|-unboost|p2a: Ursaluna|def|1\n|-unboost|p2a: Ursaluna|spd|1\n|faint|p1b: Rin\n|\n|-weather|SunnyDay|[upkeep]\n|-damage|p2a: Ursaluna|4/100 brn|[from] brn\n|upkeep\n|\n|t:|1745986587\n|switch|p1a: I am You :D|Ditto, L50|100/100\n|-transform|p1a: I am You :D|p2b: Torkoal|[from] ability: Imposter\n|turn|5\n|\n|t:|1745986599\n|move|p2a: Ursaluna|Protect|p2a: Ursaluna\n|-singleturn|p2a: Ursaluna|Protect\n|move|p1a: I am You :D|Eruption|p2a: Ursaluna|[spread] p2b\n|-activate|p2a: Ursaluna|move: Protect\n|-resisted|p2b: Torkoal\n|-damage|p2b: Torkoal|56/100\n|move|p2b: Torkoal|Eruption|p1a: I am You :D\n|-resisted|p1a: I am You :D\n|-damage|p1a: I am You :D|50/100\n|\n|-weather|SunnyDay|[upkeep]\n|-damage|p2a: Ursaluna|0 fnt|[from] brn\n|faint|p2a: Ursaluna\n|upkeep\n|\n|t:|1745986609\n|switch|p2a: Bladee|Calyrex-Ice, L50, tera:Dragon|50/100\n|-ability|p2a: Bladee|As One\n|-ability|p2a: Bladee|Unnerve\n|turn|6\n|-message|zacian run back forfeited.\n|\n|win|ramennoodsz\n|raw|zacian run back's rating: 1149 &rarr; <strong>1123</strong><br />(-26 for losing)\n|raw|ramennoodsz's rating: 1135 &rarr; <strong>1161</strong><br />(+26 for winning)\n|l|\u2606zacian run back\n|player|p1|\n", "uploadtime": 1745986620, "views": 13, "formatid": "gen9vgc2025regibo3", "rating": 1123, "private": 0, "password": null}