{"id": "gen9vgc2025regibo3-2354678705", "format": "[Gen 9] VGC 2025 Reg I (Bo3)", "players": ["owvjnwojdn", "rubentino"], "log": "|j|\u2606owvjnwojdn\n|j|\u2606rubentino\n|html|<table width=\"100%\"><tr><td align=\"left\">owvjnwojdn</td><td align=\"right\">rubentino</tr><tr><td align=\"left\"><i class=\"fa fa-circle-o\"></i> <i class=\"fa fa-circle-o\"></i> </td><td align=\"right\"><i class=\"fa fa-circle-o\"></i> <i class=\"fa fa-circle-o\"></i> </tr></table>\n|uhtml|bestof|<h2><strong>Game 1</strong> of <a href=\"/game-bestof3-gen9vgc2025regibo3-2354678704\">a best-of-3</a></h2>\n|t:|1746109945\n|gametype|doubles\n|player|p1|owvjnwojdn|hilda|1081\n|player|p2|rubentino|1|1069\n|teamsize|p1|6\n|teamsize|p2|6\n|gen|9\n|tier|[Gen 9] VGC 2025 Reg I (Bo3)\n|rated|\n|rule|Species Clause: Limit one of each Pok\u00e9mon\n|rule|Item Clause: Limit 1 of each item\n|clearpoke\n|poke|p1|Lunala, L50|\n|poke|p1|Koraidon, L50|\n|poke|p1|Flutter Mane, L50|\n|poke|p1|Indeedee-F, L50, F|\n|poke|p1|Ogerpon-Cornerstone, L50, F|\n|poke|p1|Chi-Yu, L50|\n|poke|p2|Terapagos, L50, M|\n|poke|p2|Calyrex-Shadow, L50|\n|poke|p2|Incineroar, L50, F|\n|poke|p2|Rillaboom, L50, F|\n|poke|p2|Urshifu-*, L50, F|\n|poke|p2|Amoonguss, L50, F|\n|teampreview|4\n|showteam|p1|Lunala||PowerHerb|ShadowShield|Protect,ExpandingForce,MoongeistBeam,MeteorBeam||||||50|,,,,,Water]Koraidon||LifeOrb|OrichalcumPulse|Protect,FlareBlitz,FlameCharge,CloseCombat||||||50|,,,,,Fire]Flutter Mane||FocusSash|Protosynthesis|Protect,Moonblast,ShadowBall,IcyWind||||||50|,,,,,Normal]Indeedee-F||RockyHelmet|PsychicSurge|FollowMe,HelpingHand,ShadowBall,TrickRoom|||F|||50|,,,,,Water]Ogerpon-Cornerstone||CornerstoneMask|Sturdy|SpikyShield,IvyCudgel,PowerWhip,FollowMe|||F|||50|,,,,,Rock]Chi-Yu||ChoiceScarf|BeadsofRuin|HeatWave,Snarl,DarkPulse,Overheat||||||50|,,,,,Ghost\n|showteam|p2|Terapagos||Leftovers|TeraShift|TeraStarstorm,EarthPower,CalmMind,Protect|||M|||50|,,,,,Stellar]Calyrex-Shadow||FocusSash|AsOneSpectrier|AstralBarrage,Encore,Disable,Protect||||||50|,,,,,Ghost]Incineroar||SafetyGoggles|Intimidate|FakeOut,KnockOff,WillOWisp,PartingShot|||F|||50|,,,,,Bug]Rillaboom||AssaultVest|GrassySurge|FakeOut,WoodHammer,GrassyGlide,Uturn|||F|||50|,,,,,Water]Urshifu-Rapid-Strike||ChoiceScarf|UnseenFist|SurgingStrikes,CloseCombat,AquaJet,Uturn|||F|||50|,,,,,Water]Amoonguss||RockyHelmet|Regenerator|SludgeBomb,Spore,RagePowder,Protect|||F|||50|,,,,,Water\n|inactive|Battle timer is ON: inactive players will automatically lose when time's up. (requested by rubentino)\n|\n|t:|1746109993\n|start\n|switch|p1a: Koraidon|Koraidon, L50|100/100\n|switch|p1b: Flutter Mane|Flutter Mane, L50|100/100\n|switch|p2a: Calyrex|Calyrex-Shadow, L50|100/100\n|switch|p2b: Incineroar|Incineroar, L50, F|100/100\n|-ability|p2a: Calyrex|As One\n|-ability|p2a: Calyrex|Unnerve\n|-weather|SunnyDay|[from] ability: Orichalcum Pulse|[of] p1a: Koraidon\n|-activate|p1b: Flutter Mane|ability: Protosynthesis\n|-start|p1b: Flutter Mane|protosynthesisspe\n|-activate|p1a: Koraidon|Orichalcum Pulse|[source]\n|-ability|p2b: Incineroar|Intimidate|boost\n|-unboost|p1a: Koraidon|atk|1\n|-unboost|p1b: Flutter Mane|atk|1\n|turn|1\n|inactive|owvjnwojdn has 30 seconds left.\n|\n|t:|1746110021\n|-end|p1b: Flutter Mane|Protosynthesis|[silent]\n|switch|p1b: Indeedee|Indeedee-F, L50, F|100/100\n|-fieldstart|move: Psychic Terrain|[from] ability: Psychic Surge|[of] p1b: Indeedee\n|move|p2a: Calyrex|Protect|p2a: Calyrex\n|-singleturn|p2a: Calyrex|Protect\n|move|p1a: Koraidon|Close Combat|p2b: Incineroar\n|-supereffective|p2b: Incineroar\n|-damage|p2b: Incineroar|0 fnt\n|-unboost|p1a: Koraidon|def|1\n|-unboost|p1a: Koraidon|spd|1\n|faint|p2b: Incineroar\n|-damage|p1a: Koraidon|91/100|[from] item: Life Orb\n|\n|-weather|SunnyDay|[upkeep]\n|upkeep\n|\n|t:|1746110036\n|switch|p2b: Terapagos|Terapagos, L50, M|100/100\n|-activate|p2b: Terapagos|ability: Tera Shift\n|detailschange|p2b: Terapagos|Terapagos-Terastal, L50, M\n|-heal|p2b: Terapagos|100/100|[silent]\n|turn|2\n|inactive|owvjnwojdn has 30 seconds left.\n|\n|t:|1746110071\n|move|p1a: Koraidon|Protect|p1a: Koraidon\n|-singleturn|p1a: Koraidon|Protect\n|move|p2a: Calyrex|Astral Barrage|p1a: Koraidon|[spread] \n|-activate|p1a: Koraidon|move: Protect\n|-immune|p1b: Indeedee\n|move|p2b: Terapagos|Calm Mind|p2b: Terapagos\n|-boost|p2b: Terapagos|spa|1\n|-boost|p2b: Terapagos|spd|1\n|move|p1b: Indeedee|Shadow Ball|p2a: Calyrex\n|-supereffective|p2a: Calyrex\n|-damage|p2a: Calyrex|28/100\n|\n|-weather|SunnyDay|[upkeep]\n|upkeep\n|turn|3\n|inactive|rubentino has 30 seconds left.\n|\n|t:|1746110098\n|switch|p1a: Flutter Mane|Flutter Mane, L50|100/100\n|-activate|p1a: Flutter Mane|ability: Protosynthesis\n|-start|p1a: Flutter Mane|protosynthesisspe\n|move|p2a: Calyrex|Protect|p2a: Calyrex\n|-singleturn|p2a: Calyrex|Protect\n|move|p2b: Terapagos|Calm Mind|p2b: Terapagos\n|-boost|p2b: Terapagos|spa|1\n|-boost|p2b: Terapagos|spd|1\n|move|p1b: Indeedee|Shadow Ball|p2a: Calyrex\n|-activate|p2a: Calyrex|move: Protect\n|\n|-weather|SunnyDay|[upkeep]\n|upkeep\n|turn|4\n|inactive|owvjnwojdn has 30 seconds left.\n|inactive|owvjnwojdn has 20 seconds left.\n|\n|t:|1746110138\n|switch|p2a: Urshifu|Urshifu-Rapid-Strike, L50, F|100/100\n|-terastallize|p2b: Terapagos|Stellar\n|detailschange|p2b: Terapagos|Terapagos-Stellar, L50, M, tera:Stellar\n|-heal|p2b: Terapagos|100/100|[silent]\n|-ability|p2b: Terapagos|Teraform Zero\n|-weather|none\n|-end|p1a: Flutter Mane|Protosynthesis\n|-fieldend|move: Psychic Terrain\n|move|p1b: Indeedee|Follow Me|p1b: Indeedee\n|-singleturn|p1b: Indeedee|move: Follow Me\n|move|p1a: Flutter Mane|Shadow Ball|p2a: Urshifu\n|-damage|p2a: Urshifu|39/100\n|move|p2b: Terapagos|Tera Starstorm|p1b: Indeedee|[spread] p1a,p1b\n|-damage|p1a: Flutter Mane|29/100\n|-damage|p1b: Indeedee|42/100\n|\n|upkeep\n|turn|5\n|inactive|owvjnwojdn has 30 seconds left.\n|inactive|rubentino has 30 seconds left.\n|inactive|rubentino has 20 seconds left.\n|inactive|rubentino has 15 seconds left.\n|\n|t:|1746110178\n|move|p1b: Indeedee|Follow Me|p1b: Indeedee\n|-singleturn|p1b: Indeedee|move: Follow Me\n|move|p2a: Urshifu|Surging Strikes|p1b: Indeedee\n|-crit|p1b: Indeedee\n|-damage|p1b: Indeedee|20/100\n|-damage|p2a: Urshifu|23/100|[from] item: Rocky Helmet|[of] p1b: Indeedee\n|-crit|p1b: Indeedee\n|-damage|p1b: Indeedee|0 fnt\n|-damage|p2a: Urshifu|6/100|[from] item: Rocky Helmet|[of] p1b: Indeedee\n|faint|p1b: Indeedee\n|-hitcount|p1: Indeedee|2\n|move|p1a: Flutter Mane|Moonblast|p2a: Urshifu\n|-supereffective|p2a: Urshifu\n|-damage|p2a: Urshifu|0 fnt\n|faint|p2a: Urshifu\n|move|p2b: Terapagos|Tera Starstorm|p1a: Flutter Mane\n|-damage|p1a: Flutter Mane|0 fnt\n|faint|p1a: Flutter Mane\n|-end|p1a: Flutter Mane|Protosynthesis|[silent]\n|\n|upkeep\n|\n|t:|1746110188\n|switch|p1a: Lunala|Lunala, L50|100/100\n|switch|p2a: Calyrex|Calyrex-Shadow, L50|28/100\n|switch|p1b: Koraidon|Koraidon, L50|91/100\n|-ability|p2a: Calyrex|As One\n|-ability|p2a: Calyrex|Unnerve\n|-weather|SunnyDay|[from] ability: Orichalcum Pulse|[of] p1b: Koraidon\n|-activate|p1b: Koraidon|Orichalcum Pulse|[source]\n|turn|6\n|inactive|owvjnwojdn has 30 seconds left.\n|inactive|rubentino has 30 seconds left.\n|inactive|owvjnwojdn has 20 seconds left.\n|inactive|owvjnwojdn has 15 seconds left.\n|inactive|owvjnwojdn has 10 seconds left.\n|inactive|owvjnwojdn has 5 seconds left.\n|\n|t:|1746110239\n|-terastallize|p1a: Lunala|Water\n|move|p2a: Calyrex|Protect|p2a: Calyrex\n|-singleturn|p2a: Calyrex|Protect\n|move|p2b: Terapagos|Protect|p2b: Terapagos\n|-singleturn|p2b: Terapagos|Protect\n|move|p1b: Koraidon|Flame Charge|p2b: Terapagos\n|-activate|p2b: Terapagos|move: Protect\n|move|p1a: Lunala|Meteor Beam||[still]\n|-prepare|p1a: Lunala|Meteor Beam\n|-boost|p1a: Lunala|spa|1\n|-enditem|p1a: Lunala|Power Herb\n|-anim|p1a: Lunala|Meteor Beam|p2a: Calyrex\n|-activate|p2a: Calyrex|move: Protect\n|\n|-weather|SunnyDay|[upkeep]\n|upkeep\n|turn|7\n|inactive|owvjnwojdn has 30 seconds left.\n|inactive|rubentino has 30 seconds left.\n|inactive|owvjnwojdn has 20 seconds left.\n|inactive|owvjnwojdn has 15 seconds left.\n|inactive|rubentino has 20 seconds left.\n|\n|t:|1746110282\n|move|p2a: Calyrex|Encore|p1b: Koraidon\n|-start|p1b: Koraidon|Encore\n|move|p1b: Koraidon|Flame Charge|p2b: Terapagos\n|-damage|p2b: Terapagos|73/100\n|-boost|p1b: Koraidon|spe|1\n|-damage|p1b: Koraidon|82/100|[from] item: Life Orb\n|move|p1a: Lunala|Moongeist Beam|p2a: Calyrex\n|-supereffective|p2a: Calyrex\n|-damage|p2a: Calyrex|0 fnt\n|faint|p2a: Calyrex\n|move|p2b: Terapagos|Tera Starstorm|p1b: Koraidon|[spread] p1a,p1b\n|-supereffective|p1a: Lunala\n|-damage|p1a: Lunala|53/100\n|-damage|p1b: Koraidon|21/100\n|\n|-weather|SunnyDay|[upkeep]\n|-heal|p2b: Terapagos|79/100|[from] item: Leftovers\n|upkeep\n|turn|8\n|inactive|owvjnwojdn has 30 seconds left.\n|inactive|owvjnwojdn has 20 seconds left.\n|inactive|owvjnwojdn has 15 seconds left.\n|\n|t:|1746110326\n|move|p1b: Koraidon|Flame Charge|p2b: Terapagos\n|-damage|p2b: Terapagos|56/100\n|-boost|p1b: Koraidon|spe|1\n|-damage|p1b: Koraidon|11/100|[from] item: Life Orb\n|move|p1a: Lunala|Expanding Force|p2b: Terapagos\n|-damage|p2b: Terapagos|35/100\n|move|p2b: Terapagos|Tera Starstorm|p1b: Koraidon|[spread] p1a,p1b\n|-supereffective|p1a: Lunala\n|-damage|p1a: Lunala|0 fnt\n|-damage|p1b: Koraidon|0 fnt\n|faint|p1a: Lunala\n|faint|p1b: Koraidon\n|\n|win|rubentino\n|inactive|owvjnwojdn has 30 seconds to confirm battle start!\n|inactive|rubentino has 30 seconds to confirm battle start!\n", "uploadtime": 1746110337, "views": 9, "formatid": "gen9vgc2025regibo3", "rating": null, "private": 0, "password": null}