{"id": "gen9vgc2025regibo3-2354109255", "format": "[Gen 9] VGC 2025 Reg I (Bo3)", "players": ["Mona Aster", "Taijem"], "log": "|j|\u2606Mona Aster\n|j|\u2606Taijem\n|html|<table width=\"100%\"><tr><td align=\"left\">Mona Aster</td><td align=\"right\">Taijem</tr><tr><td align=\"left\"><i class=\"fa fa-circle-o\"></i> <i class=\"fa fa-circle-o\"></i> </td><td align=\"right\"><i class=\"fa fa-circle-o\"></i> <i class=\"fa fa-circle-o\"></i> </tr></table>\n|uhtml|bestof|<h2><strong>Game 1</strong> of <a href=\"/game-bestof3-gen9vgc2025regibo3-2354109254\">a best-of-3</a></h2>\n|t:|1746035632\n|gametype|doubles\n|player|p1|Mona Aster|101|1148\n|player|p2|Taijem|1|1086\n|teamsize|p1|6\n|teamsize|p2|6\n|gen|9\n|tier|[Gen 9] VGC 2025 Reg I (Bo3)\n|rated|\n|rule|Species Clause: Limit one of each Pok\u00e9mon\n|rule|Item Clause: Limit 1 of each item\n|clearpoke\n|poke|p1|Lunala, L50|\n|poke|p1|Groudon, L50|\n|poke|p1|Incineroar, L50, F|\n|poke|p1|Flutter Mane, L50|\n|poke|p1|Urshifu-*, L50, F|\n|poke|p1|Raging Bolt, L50|\n|poke|p2|Kyogre, L50|\n|poke|p2|Zacian-*, L50|\n|poke|p2|Tornadus, L50, M|\n|poke|p2|Urshifu-*, L50, F|\n|poke|p2|Chien-Pao, L50|\n|poke|p2|Amoonguss, L50, F|\n|teampreview|4\n|showteam|p1|Lunala||PowerHerb|ShadowShield|TrickRoom,MeteorBeam,WideGuard,MoongeistBeam||||||50|,,,,,Water]Groudon||ClearAmulet|Drought|Protect,PrecipiceBlades,HeatCrash,Substitute||||||50|,,,,,Fire]Incineroar||SafetyGoggles|Intimidate|FlareBlitz,KnockOff,FakeOut,PartingShot|||F|||50|,,,,,Ghost]Flutter Mane||FocusSash|Protosynthesis|Moonblast,ShadowBall,IcyWind,Protect||||||50|,,,,,Grass]Urshifu||ChoiceScarf|UnseenFist|WickedBlow,CloseCombat,Uturn,IronHead|||F|||50|,,,,,Stellar]Raging Bolt||AssaultVest|Protosynthesis|Electroweb,Thunderclap,WeatherBall,DracoMeteor||||||50|,,,,,Electric\n|showteam|p2|Kyogre||MysticWater|Drizzle|WaterSpout,OriginPulse,IceBeam,Protect||||||50|,,,,,Grass]Zacian-Crowned||RustedSword|IntrepidSword|behemothblade,PlayRough,SacredSword,Protect||||||50|,,,,,Fairy]Tornadus||CovertCloak|Prankster|Tailwind,BleakwindStorm,RainDance,Taunt|||M|||50|,,,,,Dark]Urshifu-Rapid-Strike||ChoiceScarf|UnseenFist|SurgingStrikes,CloseCombat,AquaJet,Uturn|||F|||50|,,,,,Ghost]Chien-Pao||FocusSash|SwordofRuin|IceSpinner,SuckerPunch,SacredSword,Protect||||||50|,,,,,Ghost]Amoonguss||RockyHelmet|Regenerator|RagePowder,Spore,PollenPuff,Protect|||F|||50|,,,,,Water\n|inactive|Battle timer is ON: inactive players will automatically lose when time's up. (requested by Mona Aster)\n|inactive|Taijem has 60 seconds left.\n|\n|t:|1746035735\n|start\n|switch|p1a: Groudon|Groudon, L50|100/100\n|switch|p1b: Raging Bolt|Raging Bolt, L50|100/100\n|switch|p2a: Zacian|Zacian-Crowned, L50|100/100\n|switch|p2b: Tornadus|Tornadus, L50, M|100/100\n|-ability|p2a: Zacian|Intrepid Sword|boost\n|-boost|p2a: Zacian|atk|1\n|-weather|SunnyDay|[from] ability: Drought|[of] p1a: Groudon\n|-activate|p1b: Raging Bolt|ability: Protosynthesis\n|-start|p1b: Raging Bolt|protosynthesisspa\n|turn|1\n|inactive|Mona Aster has 30 seconds left.\n|inactive|Taijem has 30 seconds left.\n|inactive|Taijem has 20 seconds left.\n|\n|t:|1746035775\n|-terastallize|p2b: Tornadus|Dark\n|move|p2a: Zacian|Protect|p2a: Zacian\n|-singleturn|p2a: Zacian|Protect\n|move|p2b: Tornadus|Rain Dance|p2b: Tornadus\n|-weather|RainDance\n|-end|p1b: Raging Bolt|Protosynthesis\n|move|p1a: Groudon|Precipice Blades|p2a: Zacian|[spread] p2b\n|-activate|p2a: Zacian|move: Protect\n|-damage|p2b: Tornadus|45/100\n|move|p1b: Raging Bolt|Electroweb|p2a: Zacian|[spread] p2b\n|-activate|p2a: Zacian|move: Protect\n|-damage|p2b: Tornadus|20/100\n|\n|-weather|RainDance|[upkeep]\n|upkeep\n|turn|2\n|inactive|Mona Aster has 30 seconds left.\n|inactive|Mona Aster has 20 seconds left.\n|inactive|Mona Aster has 15 seconds left.\n|\n|t:|1746035819\n|move|p2b: Tornadus|Tailwind|p2b: Tornadus\n|-sidestart|p2: Taijem|move: Tailwind\n|move|p1b: Raging Bolt|Thunderclap|p2a: Zacian\n|-damage|p2a: Zacian|64/100\n|move|p2a: Zacian|Play Rough|p1b: Raging Bolt\n|-supereffective|p1b: Raging Bolt\n|-damage|p1b: Raging Bolt|0 fnt\n|faint|p1b: Raging Bolt\n|-end|p1b: Raging Bolt|Protosynthesis|[silent]\n|move|p1a: Groudon|Substitute|p1a: Groudon\n|-start|p1a: Groudon|Substitute\n|-damage|p1a: Groudon|76/100\n|\n|-weather|RainDance|[upkeep]\n|upkeep\n|\n|t:|1746035833\n|switch|p1b: Lunala|Lunala, L50|100/100\n|turn|3\n|\n|t:|1746035860\n|move|p2a: Zacian|Protect|p2a: Zacian\n|-singleturn|p2a: Zacian|Protect\n|move|p2b: Tornadus|Bleakwind Storm|p1a: Groudon|[spread] p1a,p1b\n|-end|p1a: Groudon|Substitute\n|-damage|p1b: Lunala|89/100\n|move|p1b: Lunala|Moongeist Beam|p2a: Zacian\n|-activate|p2a: Zacian|move: Protect\n|move|p1a: Groudon|Precipice Blades|p2b: Tornadus|[spread] p2b\n|-activate|p2a: Zacian|move: Protect\n|-damage|p2b: Tornadus|0 fnt\n|faint|p2b: Tornadus\n|\n|-weather|RainDance|[upkeep]\n|upkeep\n|\n|t:|1746035872\n|switch|p2b: Chien-Pao|Chien-Pao, L50|100/100\n|-ability|p2b: Chien-Pao|Sword of Ruin\n|turn|4\n|\n|t:|1746035890\n|-terastallize|p1b: Lunala|Water\n|move|p2a: Zacian|Behemoth Blade|p1a: Groudon\n|-damage|p1a: Groudon|0 fnt\n|faint|p1a: Groudon\n|move|p2b: Chien-Pao|Ice Spinner|p1b: Lunala\n|-resisted|p1b: Lunala\n|-damage|p1b: Lunala|68/100\n|move|p1b: Lunala|Trick Room|p1b: Lunala\n|-fieldstart|move: Trick Room|[of] p1b: Lunala\n|\n|-weather|RainDance|[upkeep]\n|upkeep\n|\n|t:|1746035904\n|switch|p1a: Flutter Mane|Flutter Mane, L50|100/100\n|turn|5\n|\n|t:|1746035918\n|move|p2a: Zacian|Protect|p2a: Zacian\n|-singleturn|p2a: Zacian|Protect\n|move|p2b: Chien-Pao|Sucker Punch|p1a: Flutter Mane\n|-damage|p1a: Flutter Mane|13/100\n|move|p1b: Lunala|Meteor Beam||[still]\n|-prepare|p1b: Lunala|Meteor Beam\n|-boost|p1b: Lunala|spa|1\n|-enditem|p1b: Lunala|Power Herb\n|-anim|p1b: Lunala|Meteor Beam|p2b: Chien-Pao\n|-supereffective|p2b: Chien-Pao\n|-enditem|p2b: Chien-Pao|Focus Sash\n|-damage|p2b: Chien-Pao|1/100\n|move|p1a: Flutter Mane|Shadow Ball|p2a: Zacian\n|-activate|p2a: Zacian|move: Protect\n|\n|-weather|none\n|-sideend|p2: Taijem|move: Tailwind\n|upkeep\n|turn|6\n|\n|t:|1746035940\n|move|p2b: Chien-Pao|Sucker Punch|p1b: Lunala\n|-damage|p1b: Lunala|36/100\n|move|p1b: Lunala|Moongeist Beam|p2a: Zacian\n|-damage|p2a: Zacian|0 fnt\n|faint|p2a: Zacian\n|move|p1a: Flutter Mane|Icy Wind|p2b: Chien-Pao\n|-resisted|p2b: Chien-Pao\n|-damage|p2b: Chien-Pao|0 fnt\n|faint|p2b: Chien-Pao\n|\n|upkeep\n|\n|t:|1746035948\n|switch|p2b: Kyogre|Kyogre, L50|100/100\n|-weather|RainDance|[from] ability: Drizzle|[of] p2b: Kyogre\n|turn|7\n|\n|t:|1746035965\n|move|p1a: Flutter Mane|Protect|p1a: Flutter Mane\n|-singleturn|p1a: Flutter Mane|Protect\n|move|p1b: Lunala|Moongeist Beam|p2b: Kyogre\n|-damage|p2b: Kyogre|41/100\n|move|p2b: Kyogre|Origin Pulse|p1a: Flutter Mane|[spread] p1b\n|-activate|p1a: Flutter Mane|move: Protect\n|-resisted|p1b: Lunala\n|-damage|p1b: Lunala|5/100\n|\n|-weather|RainDance|[upkeep]\n|upkeep\n|turn|8\n|inactive|Mona Aster has 30 seconds left.\n|inactive|Mona Aster has 20 seconds left.\n|\n|t:|1746036001\n|move|p2b: Kyogre|Protect|p2b: Kyogre\n|-singleturn|p2b: Kyogre|Protect\n|move|p1b: Lunala|Moongeist Beam|p2b: Kyogre\n|-activate|p2b: Kyogre|move: Protect\n|move|p1a: Flutter Mane|Moonblast|p2b: Kyogre\n|-activate|p2b: Kyogre|move: Protect\n|\n|-weather|RainDance|[upkeep]\n|-fieldend|move: Trick Room\n|upkeep\n|turn|9\n|\n|t:|1746036020\n|move|p1b: Lunala|Wide Guard|p1b: Lunala\n|-singleturn|p1b: Lunala|Wide Guard\n|move|p1a: Flutter Mane|Moonblast|p2b: Kyogre\n|-damage|p2b: Kyogre|6/100\n|move|p2b: Kyogre|Origin Pulse|p1b: Lunala|[spread] \n|-activate|p1a: Flutter Mane|move: Wide Guard\n|-activate|p1b: Lunala|move: Wide Guard\n|\n|-weather|RainDance|[upkeep]\n|upkeep\n|turn|10\n|-message|Taijem forfeited.\n|\n|win|Mona Aster\n||Taijem is ready for game 2.\n|inactive|Mona Aster has 30 seconds to confirm battle start!\n|j| angelicangel12\n||Mona Aster is ready for game 2.\n|uhtml|next|Next: <a href=\"/battle-gen9vgc2025regibo3-2354114057\"><strong>Game 2 of 3</strong></a>\n|l| angelicangel12\n", "uploadtime": 1746036032, "views": 13, "formatid": "gen9vgc2025regibo3", "rating": null, "private": 0, "password": null}