{"id": "gen9vgc2025regibo3-2354584872", "format": "[Gen 9] VGC 2025 Reg I (Bo3)", "players": ["DrXJ13", "El-Entrenos"], "log": "|j|\u2606DrXJ13\n|j|\u2606El-Entrenos\n|html|<table width=\"100%\"><tr><td align=\"left\">DrXJ13</td><td align=\"right\">El-Entrenos</tr><tr><td align=\"left\"><i class=\"fa fa-circle-o\"></i> <i class=\"fa fa-circle-o\"></i> </td><td align=\"right\"><i class=\"fa fa-circle-o\"></i> <i class=\"fa fa-circle-o\"></i> </tr></table>\n|uhtml|bestof|<h2><strong>Game 1</strong> of <a href=\"/game-bestof3-gen9vgc2025regibo3-2354584871\">a best-of-3</a></h2>\n|t:|1746098795\n|gametype|doubles\n|player|p1|DrXJ13|clair|1066\n|player|p2|El-Entrenos|2|1000\n|teamsize|p1|6\n|teamsize|p2|6\n|gen|9\n|tier|[Gen 9] VGC 2025 Reg I (Bo3)\n|rated|\n|rule|Species Clause: Limit one of each Pok\u00e9mon\n|rule|Item Clause: Limit 1 of each item\n|clearpoke\n|poke|p1|Calyrex-Shadow, L50|\n|poke|p1|Terapagos, L50, M|\n|poke|p1|Tornadus, L50, M|\n|poke|p1|Urshifu-*, L50, F|\n|poke|p1|Incineroar, L50, F|\n|poke|p1|Ogerpon-Cornerstone, L50, F|\n|poke|p2|Calyrex-Shadow, L50|\n|poke|p2|Incineroar, L50, M|\n|poke|p2|Urshifu-*, L50, M|\n|poke|p2|Rillaboom, L50, F|\n|poke|p2|Farigiraf, L50, F|\n|poke|p2|Raging Bolt, L50|\n|teampreview|4\n|showteam|p1|Calyrex-Shadow||LifeOrb|AsOneSpectrier|AstralBarrage,DrainingKiss,NastyPlot,Protect||||||50|,,,,,Fairy]Terapagos||ChoiceSpecs|TeraShift|TeraStarstorm,HyperBeam,EarthPower,IceBeam|||M|||50|,,,,,Stellar]Tornadus||CovertCloak|Prankster|Tailwind,BleakwindStorm,Taunt,RainDance|||M|||50|,,,,,Dark]Urshifu-Rapid-Strike||MysticWater|UnseenFist|SurgingStrikes,CloseCombat,AquaJet,Detect|||F|||50|,,,,,Grass]Incineroar||RockyHelmet|Intimidate|FakeOut,FlareBlitz,KnockOff,PartingShot|||F|||50|,,,,,Ghost]Ogerpon-Cornerstone||CornerstoneMask|Sturdy|IvyCudgel,WoodHammer,FollowMe,SpikyShield|||F|||50|,,,,,Rock\n|showteam|p2|Calyrex-Shadow||CovertCloak|AsOneSpectrier|NastyPlot,Protect,Psyshock,AstralBarrage||||||50|,,,,,Water]Incineroar||SafetyGoggles|Intimidate|KnockOff,FakeOut,PartingShot,HelpingHand|||M|||50|,,,,,Ghost]Urshifu-Rapid-Strike||FocusSash|UnseenFist|SurgingStrikes,AquaJet,Detect,CloseCombat|||M|||50|,,,,,Stellar]Rillaboom||AssaultVest|GrassySurge|FakeOut,Uturn,WoodHammer,GrassyGlide|||F|||50|,,,,,Fire]Farigiraf||ThroatSpray|ArmorTail|HyperVoice,TrickRoom,Protect,Psychic|||F|||50|,,,,,Grass]Raging Bolt||BoosterEnergy|Protosynthesis|Thunderclap,Thunderbolt,Protect,DragonPulse||||||50|,,,,,Fairy\n|inactive|Battle timer is ON: inactive players will automatically lose when time's up. (requested by DrXJ13)\n|\n|t:|1746098826\n|start\n|switch|p1a: LuixenNoSkills|Terapagos, L50, M|100/100\n|switch|p1b: Napolitana|Incineroar, L50, F|100/100\n|switch|p2a: Urshifu|Urshifu-Rapid-Strike, L50, M|100/100\n|switch|p2b: Incineroar|Incineroar, L50, M|100/100\n|-activate|p1a: LuixenNoSkills|ability: Tera Shift\n|detailschange|p1a: LuixenNoSkills|Terapagos-Terastal, L50, M\n|-heal|p1a: LuixenNoSkills|100/100|[silent]\n|-ability|p1b: Napolitana|Intimidate|boost\n|-unboost|p2a: Urshifu|atk|1\n|-unboost|p2b: Incineroar|atk|1\n|-ability|p2b: Incineroar|Intimidate|boost\n|-unboost|p1a: LuixenNoSkills|atk|1\n|-unboost|p1b: Napolitana|atk|1\n|turn|1\n|\n|t:|1746098841\n|move|p1b: Napolitana|Fake Out|p2a: Urshifu\n|-damage|p2a: Urshifu|93/100\n|move|p2b: Incineroar|Fake Out|p1a: LuixenNoSkills\n|-activate|p1a: LuixenNoSkills|ability: Tera Shell\n|-resisted|p1a: LuixenNoSkills\n|-crit|p1a: LuixenNoSkills\n|-damage|p1a: LuixenNoSkills|94/100\n|cant|p2a: Urshifu|flinch\n|cant|p1a: LuixenNoSkills|flinch\n|\n|upkeep\n|turn|2\n|\n|t:|1746098853\n|-terastallize|p1a: LuixenNoSkills|Stellar\n|detailschange|p1a: LuixenNoSkills|Terapagos-Stellar, L50, M, tera:Stellar\n|-heal|p1a: LuixenNoSkills|96/100|[silent]\n|move|p2a: Urshifu|Close Combat|p1a: LuixenNoSkills\n|-supereffective|p1a: LuixenNoSkills\n|-damage|p1a: LuixenNoSkills|41/100\n|-unboost|p2a: Urshifu|def|1\n|-unboost|p2a: Urshifu|spd|1\n|move|p1a: LuixenNoSkills|Tera Starstorm|p2a: Urshifu|[spread] p2a,p2b\n|-damage|p2a: Urshifu|0 fnt\n|-damage|p2b: Incineroar|59/100\n|faint|p2a: Urshifu\n|move|p1b: Napolitana|Parting Shot|p2b: Incineroar\n|-unboost|p2b: Incineroar|atk|1\n|-unboost|p2b: Incineroar|spa|1\n|\n|t:|1746098859\n|switch|p1b: Bragulat|Calyrex-Shadow, L50|100/100|[from] Parting Shot\n|-ability|p1b: Bragulat|As One\n|-ability|p1b: Bragulat|Unnerve\n|move|p2b: Incineroar|Knock Off|p1a: LuixenNoSkills\n|-damage|p1a: LuixenNoSkills|30/100\n|-enditem|p1a: LuixenNoSkills|Choice Specs|[from] move: Knock Off|[of] p2b: Incineroar\n|\n|upkeep\n|\n|t:|1746098880\n|switch|p2a: Calyrex|Calyrex-Shadow, L50|100/100\n|-ability|p2a: Calyrex|As One\n|-ability|p2a: Calyrex|Unnerve\n|turn|3\n|\n|t:|1746098892\n|switch|p1b: Napolitana|Incineroar, L50, F|100/100\n|-ability|p1b: Napolitana|Intimidate|boost\n|-unboost|p2a: Calyrex|atk|1\n|-unboost|p2b: Incineroar|atk|1\n|move|p2b: Incineroar|Helping Hand|p2a: Calyrex\n|-singleturn|p2a: Calyrex|Helping Hand|[of] p2b: Incineroar\n|move|p2a: Calyrex|Astral Barrage|p1b: Napolitana|[spread] p1b\n|-immune|p1a: LuixenNoSkills\n|-resisted|p1b: Napolitana\n|-damage|p1b: Napolitana|71/100\n|move|p1a: LuixenNoSkills|Tera Starstorm|p2a: Calyrex|[spread] p2a,p2b\n|-damage|p2a: Calyrex|65/100\n|-damage|p2b: Incineroar|31/100\n|\n|upkeep\n|turn|4\n|\n|t:|1746098911\n|move|p2a: Calyrex|Psyshock|p1a: LuixenNoSkills\n|-damage|p1a: LuixenNoSkills|4/100\n|move|p1a: LuixenNoSkills|Tera Starstorm|p2b: Incineroar|[spread] p2a,p2b\n|-crit|p2a: Calyrex\n|-damage|p2a: Calyrex|16/100\n|-damage|p2b: Incineroar|0 fnt\n|faint|p2b: Incineroar\n|move|p1b: Napolitana|Knock Off|p2a: Calyrex\n|-supereffective|p2a: Calyrex\n|-damage|p2a: Calyrex|0 fnt\n|-enditem|p2a: Calyrex|Covert Cloak|[from] move: Knock Off|[of] p1b: Napolitana\n|faint|p2a: Calyrex\n|\n|upkeep\n|\n|t:|1746098918\n|switch|p2a: Farigiraf|Farigiraf, L50, F|100/100\n|turn|5\n|\n|t:|1746098923\n|move|p1a: LuixenNoSkills|Tera Starstorm|p2a: Farigiraf\n|-damage|p2a: Farigiraf|55/100\n|move|p2a: Farigiraf|Hyper Voice|p1b: Napolitana|[spread] p1a,p1b\n|-damage|p1a: LuixenNoSkills|0 fnt\n|-damage|p1b: Napolitana|47/100\n|faint|p1a: LuixenNoSkills\n|-enditem|p2a: Farigiraf|Throat Spray\n|-boost|p2a: Farigiraf|spa|1|[from] item: Throat Spray\n|move|p1b: Napolitana|Knock Off|p2a: Farigiraf\n|-supereffective|p2a: Farigiraf\n|-damage|p2a: Farigiraf|0 fnt\n|faint|p2a: Farigiraf\n|\n|win|DrXJ13\n||DrXJ13 is ready for game 2.\n||El-Entrenos is ready for game 2.\n|uhtml|next|Next: <a href=\"/battle-gen9vgc2025regibo3-2354585711\"><strong>Game 2 of 3</strong></a>\n|l|\u2606El-Entrenos\n|player|p2|\n", "uploadtime": 1746099070, "views": 9, "formatid": "gen9vgc2025regibo3", "rating": null, "private": 0, "password": null}