{"id": "gen9vgc2025regibo3-2353404073", "format": "[Gen 9] VGC 2025 Reg I (Bo3)", "players": ["Fenozi", "Samueljacksonheehe"], "log": "|j|\u2606Fenozi\n|j|\u2606Samueljacksonheehe\n|html|<table width=\"100%\"><tr><td align=\"left\">Fenozi</td><td align=\"right\">Samueljacksonheehe</tr><tr><td align=\"left\"><i class=\"fa fa-circle-o\"></i> <i class=\"fa fa-circle-o\"></i> </td><td align=\"right\"><i class=\"fa fa-circle-o\"></i> <i class=\"fa fa-circle-o\"></i> </tr></table>\n|uhtml|bestof|<h2><strong>Game 1</strong> of <a href=\"/game-bestof3-gen9vgc2025regibo3-2353404072\">a best-of-3</a></h2>\n|t:|1745952951\n|gametype|doubles\n|player|p1|Fenozi|veteran|1295\n|player|p2|Samueljacksonheehe|101|1268\n|teamsize|p1|6\n|teamsize|p2|6\n|gen|9\n|tier|[Gen 9] VGC 2025 Reg I (Bo3)\n|rated|\n|rule|Species Clause: Limit one of each Pok\u00e9mon\n|rule|Item Clause: Limit 1 of each item\n|clearpoke\n|poke|p1|Koraidon, L50|\n|poke|p1|Lunala, L50|\n|poke|p1|Chi-Yu, L50|\n|poke|p1|Ursaluna, L50, F|\n|poke|p1|Brute Bonnet, L50|\n|poke|p1|Flutter Mane, L50|\n|poke|p2|Koraidon, L50|\n|poke|p2|Lunala, L50|\n|poke|p2|Chi-Yu, L50|\n|poke|p2|Flutter Mane, L50|\n|poke|p2|Brute Bonnet, L50|\n|poke|p2|Ursaluna, L50, F|\n|teampreview|4\n|showteam|p1|Koraidon||LifeOrb|OrichalcumPulse|FlareBlitz,FlameCharge,CloseCombat,Protect||||||50|,,,,,Fire]Lunala||PowerHerb|ShadowShield|MoongeistBeam,MeteorBeam,WideGuard,TrickRoom||||||50|,,,,,Water]Chi-Yu||ChoiceScarf|BeadsofRuin|Overheat,HeatWave,DarkPulse,Snarl||||||50|,,,,,Ghost]Ursaluna||FlameOrb|Guts|Facade,Earthquake,HeadlongRush,Protect|||F|||50|,,,,,Water]Brute Bonnet||CovertCloak|Protosynthesis|SeedBomb,SuckerPunch,Spore,RagePowder||||||50|,,,,,Water]Flutter Mane||FocusSash|Protosynthesis|Moonblast,IcyWind,ShadowBall,Protect||||||50|,,,,,Normal\n|showteam|p2|Koraidon||LifeOrb|OrichalcumPulse|CloseCombat,FlareBlitz,FlameCharge,Protect||||||50|,,,,,Fire]Lunala||PowerHerb|ShadowShield|MeteorBeam,MoongeistBeam,WideGuard,TrickRoom||||||50|,,,,,Fairy]Chi-Yu||ChoiceScarf|BeadsofRuin|HeatWave,DarkPulse,Snarl,Overheat||||||50|,,,,,Fire]Flutter Mane||FocusSash|Protosynthesis|Moonblast,ShadowBall,IcyWind,Protect||||||50|,,,,,Stellar]Brute Bonnet||CovertCloak|Protosynthesis|RagePowder,Spore,SeedBomb,SuckerPunch||||||50|,,,,,Water]Ursaluna||FlameOrb|Guts|Facade,HeadlongRush,Earthquake,Protect|||F|||50|,,,,,Water\n|inactive|Battle timer is ON: inactive players will automatically lose when time's up. (requested by Fenozi)\n|inactive|Fenozi has 60 seconds left.\n|inactive|Fenozi has 30 seconds left.\n|\n|t:|1745953016\n|start\n|switch|p1a: Lunala|Lunala, L50|100/100\n|switch|p1b: Ursaluna|Ursaluna, L50, F|100/100\n|switch|p2a: Brute Bonnet|Brute Bonnet, L50|100/100\n|switch|p2b: Lunala|Lunala, L50|100/100\n|turn|1\n|\n|t:|1745953037\n|switch|p1a: Brute Bonnet|Brute Bonnet, L50|100/100\n|move|p1b: Ursaluna|Protect|p1b: Ursaluna\n|-singleturn|p1b: Ursaluna|Protect\n|move|p2b: Lunala|Meteor Beam||[still]\n|-prepare|p2b: Lunala|Meteor Beam\n|-boost|p2b: Lunala|spa|1\n|-enditem|p2b: Lunala|Power Herb\n|-anim|p2b: Lunala|Meteor Beam|p1a: Brute Bonnet\n|-crit|p1a: Brute Bonnet\n|-damage|p1a: Brute Bonnet|30/100\n|move|p2a: Brute Bonnet|Spore|p1a: Brute Bonnet\n|-immune|p1a: Brute Bonnet\n|\n|-status|p1b: Ursaluna|brn|[from] item: Flame Orb\n|upkeep\n|turn|2\n|inactive|Fenozi has 30 seconds left.\n|inactive|Samueljacksonheehe has 30 seconds left.\n|inactive|Samueljacksonheehe has 20 seconds left.\n|\n|t:|1745953073\n|-end|p2a: Brute Bonnet|Protosynthesis|[silent]\n|switch|p2a: Koraidon|Koraidon, L50|100/100\n|-weather|SunnyDay|[from] ability: Orichalcum Pulse|[of] p2a: Koraidon\n|-activate|p1a: Brute Bonnet|ability: Protosynthesis\n|-start|p1a: Brute Bonnet|protosynthesisdef\n|-activate|p2a: Koraidon|Orichalcum Pulse|[source]\n|move|p1a: Brute Bonnet|Sucker Punch|p2b: Lunala\n|-supereffective|p2b: Lunala\n|-damage|p2b: Lunala|58/100\n|move|p2b: Lunala|Moongeist Beam|p1a: Brute Bonnet\n|-resisted|p1a: Brute Bonnet\n|-damage|p1a: Brute Bonnet|0 fnt\n|faint|p1a: Brute Bonnet\n|-end|p1a: Brute Bonnet|Protosynthesis|[silent]\n|move|p1b: Ursaluna|Facade|p2a: Koraidon\n|-damage|p2a: Koraidon|0 fnt\n|faint|p2a: Koraidon\n|\n|-weather|SunnyDay|[upkeep]\n|-damage|p1b: Ursaluna|95/100 brn|[from] brn\n|upkeep\n|\n|t:|1745953092\n|switch|p2a: Ursaluna|Ursaluna, L50, F|100/100\n|switch|p1a: Koraidon|Koraidon, L50|100/100\n|-activate|p1a: Koraidon|ability: Orichalcum Pulse\n|turn|3\n|\n|t:|1745953112\n|move|p2a: Ursaluna|Protect|p2a: Ursaluna\n|-singleturn|p2a: Ursaluna|Protect\n|move|p1a: Koraidon|Flare Blitz|p2b: Lunala\n|-damage|p2b: Lunala|0 fnt\n|faint|p2b: Lunala\n|-damage|p1a: Koraidon|75/100|[from] Recoil\n|-damage|p1a: Koraidon|66/100|[from] item: Life Orb\n|move|p1b: Ursaluna|Facade|p2a: Ursaluna\n|-activate|p2a: Ursaluna|move: Protect\n|\n|-weather|SunnyDay|[upkeep]\n|-damage|p1b: Ursaluna|89/100 brn|[from] brn\n|-status|p2a: Ursaluna|brn|[from] item: Flame Orb\n|upkeep\n|\n|t:|1745953116\n|switch|p2b: Brute Bonnet|Brute Bonnet, L50|100/100\n|-activate|p2b: Brute Bonnet|ability: Protosynthesis\n|-start|p2b: Brute Bonnet|protosynthesisdef\n|turn|4\n|\n|t:|1745953134\n|-terastallize|p1a: Koraidon|Fire\n|-terastallize|p2b: Brute Bonnet|Water\n|move|p2b: Brute Bonnet|Rage Powder|p2b: Brute Bonnet\n|-singleturn|p2b: Brute Bonnet|move: Rage Powder\n|move|p1a: Koraidon|Flare Blitz|p2b: Brute Bonnet\n|-resisted|p2b: Brute Bonnet\n|-damage|p2b: Brute Bonnet|61/100\n|-damage|p1a: Koraidon|49/100|[from] Recoil\n|-damage|p1a: Koraidon|40/100|[from] item: Life Orb\n|move|p2a: Ursaluna|Earthquake|p1b: Ursaluna|[spread] p2b,p1a,p1b\n|-supereffective|p1a: Koraidon\n|-damage|p2b: Brute Bonnet|27/100\n|-damage|p1a: Koraidon|0 fnt\n|-damage|p1b: Ursaluna|43/100 brn\n|faint|p1a: Koraidon\n|move|p1b: Ursaluna|Facade|p2b: Brute Bonnet\n|-damage|p2b: Brute Bonnet|0 fnt\n|faint|p2b: Brute Bonnet\n|-end|p2b: Brute Bonnet|Protosynthesis|[silent]\n|\n|-weather|SunnyDay|[upkeep]\n|-damage|p1b: Ursaluna|37/100 brn|[from] brn\n|-damage|p2a: Ursaluna|95/100 brn|[from] brn\n|upkeep\n|\n|t:|1745953147\n|switch|p1a: Lunala|Lunala, L50|100/100\n|turn|5\n|\n|t:|1745953163\n|move|p1b: Ursaluna|Protect|p1b: Ursaluna\n|-singleturn|p1b: Ursaluna|Protect\n|move|p1a: Lunala|Meteor Beam||[still]\n|-prepare|p1a: Lunala|Meteor Beam\n|-boost|p1a: Lunala|spa|1\n|-enditem|p1a: Lunala|Power Herb\n|-anim|p1a: Lunala|Meteor Beam|p2a: Ursaluna\n|-resisted|p2a: Ursaluna\n|-damage|p2a: Ursaluna|66/100 brn\n|move|p2a: Ursaluna|Earthquake|p1b: Ursaluna|[spread] p1a\n|-activate|p1b: Ursaluna|move: Protect\n|-damage|p1a: Lunala|73/100\n|\n|-weather|SunnyDay|[upkeep]\n|-damage|p2a: Ursaluna|60/100 brn|[from] brn\n|-damage|p1b: Ursaluna|31/100 brn|[from] brn\n|upkeep\n|turn|6\n|\n|t:|1745953183\n|move|p1a: Lunala|Meteor Beam||[still]\n|-prepare|p1a: Lunala|Meteor Beam\n|-boost|p1a: Lunala|spa|1\n|move|p1b: Ursaluna|Facade|p2a: Ursaluna\n|-damage|p2a: Ursaluna|0 fnt\n|faint|p2a: Ursaluna\n|\n|win|Fenozi\n||Fenozi is ready for game 2.\n||Samueljacksonheehe is ready for game 2.\n|uhtml|next|Next: <a href=\"/battle-gen9vgc2025regibo3-2353406804\"><strong>Game 2 of 3</strong></a>\n", "uploadtime": 1745953426, "views": 10, "formatid": "gen9vgc2025regibo3", "rating": null, "private": 0, "password": null}