{"id": "gen9vgc2025regibo3-2353530143", "format": "[Gen 9] VGC 2025 Reg I (Bo3)", "players": ["JvmRdDCmp", "Hunterhexin"], "log": "|j|\u2606JvmRdDCmp\n|j|\u2606Hunterhexin\n|html|<table width=\"100%\"><tr><td align=\"left\">JvmRdDCmp</td><td align=\"right\">Hunterhexin</tr><tr><td align=\"left\"><i class=\"fa fa-circle-o\"></i> <i class=\"fa fa-circle-o\"></i> </td><td align=\"right\"><i class=\"fa fa-circle-o\"></i> <i class=\"fa fa-circle-o\"></i> </tr></table>\n|uhtml|bestof|<h2><strong>Game 1</strong> of <a href=\"/game-bestof3-gen9vgc2025regibo3-2353530142\">a best-of-3</a></h2>\n|t:|1745964989\n|gametype|doubles\n|player|p1|JvmRdDCmp|101|1098\n|player|p2|Hunterhexin|102|1103\n|teamsize|p1|6\n|teamsize|p2|6\n|gen|9\n|tier|[Gen 9] VGC 2025 Reg I (Bo3)\n|rated|\n|rule|Species Clause: Limit one of each Pok\u00e9mon\n|rule|Item Clause: Limit 1 of each item\n|clearpoke\n|poke|p1|Koraidon, L50|\n|poke|p1|Ogerpon-Cornerstone, L50, F|\n|poke|p1|Flutter Mane, L50|\n|poke|p1|Groudon, L50|\n|poke|p1|Tinkaton, L50, F|\n|poke|p1|Chien-Pao, L50|\n|poke|p2|Koraidon, L50|\n|poke|p2|Weezing-Galar, L50, M|\n|poke|p2|Electrode-Hisui, L50|\n|poke|p2|Miraidon, L50|\n|poke|p2|Iron Boulder, L50|\n|poke|p2|Incineroar, L50, M|\n|teampreview|4\n|showteam|p1|Koraidon||LoadedDice|OrichalcumPulse|FlareBlitz,Protect,ScaleShot,CloseCombat||||||50|,,,,,Fire]Ogerpon-Cornerstone||CornerstoneMask|Sturdy|IvyCudgel,FollowMe,WoodHammer,SpikyShield|||F|||50|,,,,,Rock]Flutter Mane||ChoiceSpecs|Protosynthesis|DazzlingGleam,Moonblast,ShadowBall,IcyWind||||||50|,,,,,Fairy]Groudon||ClearAmulet|Drought|PrecipiceBlades,FirePunch,Roar,Protect||||||50|,,,,,Fire]Tinkaton||AssaultVest|MoldBreaker|Feint,GigatonHammer,FakeOut,KnockOff|||F|||50|,,,,,Water]Chien-Pao||FocusSash|SwordofRuin|IceSpinner,LashOut,Protect,SuckerPunch||||||50|,,,,,Stellar\n|showteam|p2|Koraidon||Leftovers|OrichalcumPulse|FlareBlitz,Uturn,CollisionCourse,Protect||||||50|,,,,,Steel]Weezing-Galar||ChoiceSpecs|NeutralizingGas|Overheat,StrangeSteam,SludgeBomb,DarkPulse|||M|||50|,,,,,Fire]Electrode-Hisui||CovertCloak|Aftermath|Reflect,Electroweb,ThunderWave,Taunt||||||50|,,,,,Normal]Miraidon||ElectricSeed|HadronEngine|ElectroDrift,DragonPulse,Protect,ThunderWave||||||50|,,,,,Bug]Iron Boulder||ChoiceBand|QuarkDrive|MightyCleave,SolarBlade,ThroatChop,ZenHeadbutt||||||50|,,,,,Dark]Incineroar||AguavBerry|Intimidate|KnockOff,FakeOut,FlareBlitz,PartingShot|||M|||50|,,,,,Ghost\n|inactive|Battle timer is ON: inactive players will automatically lose when time's up. (requested by JvmRdDCmp)\n|inactive|JvmRdDCmp has 60 seconds left.\n|inactive|Hunterhexin has 60 seconds left.\n|\n|t:|1745965046\n|start\n|switch|p1a: Groudon|Groudon, L50|100/100\n|switch|p1b: Tinkaton|Tinkaton, L50, F|100/100\n|switch|p2a: Electrode|Electrode-Hisui, L50|100/100\n|switch|p2b: Iron Boulder|Iron Boulder, L50|100/100\n|-ability|p1b: Tinkaton|Mold Breaker\n|-weather|SunnyDay|[from] ability: Drought|[of] p1a: Groudon\n|turn|1\n|inactive|Hunterhexin has 30 seconds left.\n|inactive|Hunterhexin has 20 seconds left.\n|inactive|Hunterhexin has 15 seconds left.\n|\n|t:|1745965086\n|move|p1b: Tinkaton|Fake Out|p2b: Iron Boulder\n|-resisted|p2b: Iron Boulder\n|-damage|p2b: Iron Boulder|96/100\n|move|p2a: Electrode|Reflect|p2a: Electrode\n|-sidestart|p2: Hunterhexin|Reflect\n|cant|p2b: Iron Boulder|flinch\n|move|p1a: Groudon|Precipice Blades|p2b: Iron Boulder|[spread] p2a,p2b\n|-supereffective|p2b: Iron Boulder\n|-damage|p2a: Electrode|40/100\n|-damage|p2b: Iron Boulder|0 fnt\n|faint|p2b: Iron Boulder\n|-end|p2b: Iron Boulder|Quark Drive|[silent]\n|\n|-weather|SunnyDay|[upkeep]\n|upkeep\n|\n|t:|1745965106\n|switch|p2b: Koraidon|Koraidon, L50|100/100\n|-activate|p2b: Koraidon|ability: Orichalcum Pulse\n|turn|2\n|inactive|JvmRdDCmp has 30 seconds left.\n|inactive|JvmRdDCmp has 20 seconds left.\n|inactive|JvmRdDCmp has 15 seconds left.\n|\n|t:|1745965150\n|-terastallize|p1b: Tinkaton|Water\n|move|p1b: Tinkaton|Feint|p2b: Koraidon\n|-damage|p2b: Koraidon|98/100\n|move|p2a: Electrode|Thunder Wave|p1b: Tinkaton\n|-status|p1b: Tinkaton|par\n|move|p2b: Koraidon|Collision Course|p1b: Tinkaton\n|-damage|p1b: Tinkaton|15/100 par\n|move|p1a: Groudon|Precipice Blades|p2b: Koraidon|[spread] p2b\n|-miss|p1a: Groudon|p2a: Electrode\n|-crit|p2b: Koraidon\n|-damage|p2b: Koraidon|34/100\n|\n|-weather|SunnyDay|[upkeep]\n|-heal|p2b: Koraidon|40/100|[from] item: Leftovers\n|upkeep\n|turn|3\n|inactive|Hunterhexin has 30 seconds left.\n|\n|t:|1745965176\n|move|p2b: Koraidon|Protect|p2b: Koraidon\n|-singleturn|p2b: Koraidon|Protect\n|cant|p1b: Tinkaton|par\n|move|p2a: Electrode|Electroweb|p1a: Groudon|[spread] \n|-immune|p1a: Groudon\n|-miss|p2a: Electrode|p1b: Tinkaton\n|move|p1a: Groudon|Precipice Blades|p2b: Koraidon|[spread] p2a\n|-activate|p2b: Koraidon|move: Protect\n|-damage|p2a: Electrode|0 fnt\n|faint|p2a: Electrode\n|\n|-weather|SunnyDay|[upkeep]\n|-heal|p2b: Koraidon|46/100|[from] item: Leftovers\n|upkeep\n|\n|t:|1745965187\n|switch|p2a: Miraidon|Miraidon, L50|100/100\n|-fieldstart|move: Electric Terrain|[from] ability: Hadron Engine|[of] p2a: Miraidon\n|-enditem|p2a: Miraidon|Electric Seed\n|-boost|p2a: Miraidon|def|1|[from] item: Electric Seed\n|turn|4\n|\n|t:|1745965206\n|-terastallize|p2a: Miraidon|Bug\n|move|p1b: Tinkaton|Feint|p2a: Miraidon\n|-damage|p2a: Miraidon|98/100\n|move|p2b: Koraidon|Collision Course|p1a: Groudon\n|-damage|p1a: Groudon|47/100\n|move|p2a: Miraidon|Dragon Pulse|p1a: Groudon\n|-damage|p1a: Groudon|0 fnt\n|faint|p1a: Groudon\n|\n|-weather|SunnyDay|[upkeep]\n|-heal|p2b: Koraidon|51/100|[from] item: Leftovers\n|upkeep\n|\n|t:|1745965221\n|switch|p1a: Flutter Mane|Flutter Mane, L50|100/100\n|-activate|p1a: Flutter Mane|ability: Protosynthesis\n|-start|p1a: Flutter Mane|protosynthesisspe\n|turn|5\n|\n|t:|1745965233\n|move|p2b: Koraidon|Protect|p2b: Koraidon\n|-singleturn|p2b: Koraidon|Protect\n|cant|p1b: Tinkaton|par\n|move|p1a: Flutter Mane|Dazzling Gleam|p2b: Koraidon|[spread] p2a\n|-activate|p2b: Koraidon|move: Protect\n|-damage|p2a: Miraidon|62/100\n|move|p2a: Miraidon|Electro Drift|p1a: Flutter Mane\n|-damage|p1a: Flutter Mane|9/100\n|\n|-weather|none\n|-end|p1a: Flutter Mane|Protosynthesis\n|-heal|p2b: Koraidon|57/100|[from] item: Leftovers\n|-sideend|p2: Hunterhexin|Reflect\n|upkeep\n|turn|6\n|\n|t:|1745965255\n|switch|p1b: Koraidon|Koraidon, L50|100/100\n|-weather|SunnyDay|[from] ability: Orichalcum Pulse|[of] p1b: Koraidon\n|-activate|p1a: Flutter Mane|ability: Protosynthesis\n|-start|p1a: Flutter Mane|protosynthesisspe\n|-activate|p1b: Koraidon|Orichalcum Pulse|[source]\n|move|p2b: Koraidon|Protect||[still]\n|-fail|p2b: Koraidon\n|move|p1a: Flutter Mane|Dazzling Gleam|p2a: Miraidon|[spread] p2a,p2b\n|-supereffective|p2b: Koraidon\n|-damage|p2a: Miraidon|27/100\n|-damage|p2b: Koraidon|0 fnt\n|faint|p2b: Koraidon\n|move|p2a: Miraidon|Electro Drift|p1a: Flutter Mane\n|-damage|p1a: Flutter Mane|0 fnt\n|faint|p1a: Flutter Mane\n|-end|p1a: Flutter Mane|Protosynthesis|[silent]\n|\n|-weather|SunnyDay|[upkeep]\n|upkeep\n|\n|t:|1745965270\n|switch|p1a: Tinkaton|Tinkaton, L50, F, tera:Water|15/100 par\n|-ability|p1a: Tinkaton|Mold Breaker\n|turn|7\n|\n|t:|1745965274\n|move|p2a: Miraidon|Protect|p2a: Miraidon\n|-singleturn|p2a: Miraidon|Protect\n|move|p1a: Tinkaton|Fake Out|p2a: Miraidon\n|-activate|p2a: Miraidon|move: Protect\n|move|p1b: Koraidon|Flare Blitz|p2a: Miraidon\n|-activate|p2a: Miraidon|move: Protect\n|\n|-weather|SunnyDay|[upkeep]\n|upkeep\n|turn|8\n|\n|t:|1745965283\n|move|p1a: Tinkaton|Feint|p2a: Miraidon\n|-damage|p2a: Miraidon|24/100\n|move|p1b: Koraidon|Flare Blitz|p2a: Miraidon\n|-supereffective|p2a: Miraidon\n|-damage|p2a: Miraidon|0 fnt\n|faint|p2a: Miraidon\n|-damage|p1b: Koraidon|92/100|[from] Recoil\n|\n|win|JvmRdDCmp\n||Hunterhexin is ready for game 2.\n||JvmRdDCmp is ready for game 2.\n|uhtml|next|Next: <a href=\"/battle-gen9vgc2025regibo3-2353532961\"><strong>Game 2 of 3</strong></a>\n|l|\u2606JvmRdDCmp\n|player|p1|\n|l|\u2606Hunterhexin\n|player|p2|\n", "uploadtime": 1745965599, "views": 6, "formatid": "gen9vgc2025regibo3", "rating": null, "private": 0, "password": null}