{"id": "gen9vgc2025regibo3-2353623590", "format": "[Gen 9] VGC 2025 Reg I (Bo3)", "players": ["Lemmie551", "bruinbroker01"], "log": "|j|\u2606Lemmie551\n|j|\u2606bruinbroker01\n|html|<table width=\"100%\"><tr><td align=\"left\">Lemmie551</td><td align=\"right\">bruinbroker01</tr><tr><td align=\"left\"><i class=\"fa fa-circle-o\"></i> <i class=\"fa fa-circle-o\"></i> </td><td align=\"right\"><i class=\"fa fa-circle-o\"></i> <i class=\"fa fa-circle-o\"></i> </tr></table>\n|uhtml|bestof|<h2><strong>Game 1</strong> of <a href=\"/game-bestof3-gen9vgc2025regibo3-2353623589\">a best-of-3</a></h2>\n|t:|1745975860\n|gametype|doubles\n|player|p1|Lemmie551|170|1078\n|player|p2|bruinbroker01|169|1200\n|teamsize|p1|6\n|teamsize|p2|6\n|gen|9\n|tier|[Gen 9] VGC 2025 Reg I (Bo3)\n|rated|\n|rule|Species Clause: Limit one of each Pok\u00e9mon\n|rule|Item Clause: Limit 1 of each item\n|clearpoke\n|poke|p1|Zacian-*, L50|\n|poke|p1|Kyogre, L50|\n|poke|p1|Urshifu-*, L50, M|\n|poke|p1|Tornadus, L50, M|\n|poke|p1|Indeedee-F, L50, F|\n|poke|p1|Incineroar, L50, M|\n|poke|p2|Indeedee-F, L50, F|\n|poke|p2|Calyrex-Ice, L50|\n|poke|p2|Ursaluna-Bloodmoon, L50, M|\n|poke|p2|Smeargle, L50, M|\n|poke|p2|Urshifu-*, L50, M|\n|poke|p2|Lunala, L50|\n|teampreview|4\n|showteam|p1|Zacian-Crowned||RustedSword|IntrepidSword|behemothblade,PlayRough,Protect,Substitute||||||50|,,,,,Dragon]Kyogre||AssaultVest|Drizzle|WaterSpout,OriginPulse,Thunder,IceBeam||||||50|,,,,,Grass]Urshifu-Rapid-Strike||ChoiceScarf|UnseenFist|SurgingStrikes,Uturn,CloseCombat,RockSlide|||M|||50|,,,,,Water]Tornadus||CovertCloak|Prankster|BleakwindStorm,Tailwind,Protect,RainDance|||M|||50|,,,,,Flying]Indeedee-F||PsychicSeed|PsychicSurge|FollowMe,Protect,TrickRoom,HelpingHand|||F|||50|,,,,,Grass]Incineroar||AguavBerry|Intimidate|PartingShot,Taunt,FakeOut,KnockOff|||M|||50|,,,,,Ghost\n|showteam|p2|Indeedee-F||RockyHelmet|PsychicSurge|Psychic,TrickRoom,FollowMe,HelpingHand|||F|||50|,,,,,Fairy]Calyrex-Ice||ClearAmulet|AsOneGlastrier|GlacialLance,HighHorsepower,TrickRoom,Protect||||||50|,,,,,Fire]Ursaluna-Bloodmoon||LifeOrb|MindsEye|EarthPower,HyperVoice,BloodMoon,Protect|||M|||50|,,,,,Normal]Smeargle||FocusSash|OwnTempo|FollowMe,FakeOut,Decorate,Spore|||M|||50|,,,,,Grass]Urshifu||ChoiceBand|UnseenFist|WickedBlow,SuckerPunch,CloseCombat,IronHead|||M|||50|,,,,,Grass]Lunala||PowerHerb|ShadowShield|ExpandingForce,TrickRoom,MoongeistBeam,MeteorBeam||||||50|,,,,,Grass\n|\n|t:|1745975886\n|start\n|switch|p1a: Kyogre|Kyogre, L50|100/100\n|switch|p1b: Urshifu|Urshifu-Rapid-Strike, L50, M|100/100\n|switch|p2a: Indeedee|Indeedee-F, L50, F, shiny|100/100\n|switch|p2b: Lunala|Lunala, L50|100/100\n|-weather|RainDance|[from] ability: Drizzle|[of] p1a: Kyogre\n|-fieldstart|move: Psychic Terrain|[from] ability: Psychic Surge|[of] p2a: Indeedee\n|turn|1\n|inactive|Battle timer is ON: inactive players will automatically lose when time's up. (requested by bruinbroker01)\n|\n|t:|1745975910\n|-terastallize|p1b: Urshifu|Water\n|-terastallize|p2b: Lunala|Grass\n|move|p2a: Indeedee|Follow Me|p2a: Indeedee\n|-singleturn|p2a: Indeedee|move: Follow Me\n|move|p1b: Urshifu|Surging Strikes|p2a: Indeedee\n|-crit|p2a: Indeedee\n|-damage|p2a: Indeedee|54/100\n|-damage|p1b: Urshifu|84/100|[from] item: Rocky Helmet|[of] p2a: Indeedee\n|-crit|p2a: Indeedee\n|-damage|p2a: Indeedee|10/100\n|-damage|p1b: Urshifu|67/100|[from] item: Rocky Helmet|[of] p2a: Indeedee\n|-crit|p2a: Indeedee\n|-damage|p2a: Indeedee|0 fnt\n|-damage|p1b: Urshifu|51/100|[from] item: Rocky Helmet|[of] p2a: Indeedee\n|faint|p2a: Indeedee\n|-hitcount|p2: Indeedee|3\n|move|p1a: Kyogre|Water Spout|p2b: Lunala\n|-resisted|p2b: Lunala\n|-damage|p2b: Lunala|77/100\n|move|p2b: Lunala|Trick Room|p2b: Lunala\n|-fieldstart|move: Trick Room|[of] p2b: Lunala\n|\n|-weather|RainDance|[upkeep]\n|upkeep\n|\n|t:|1745975932\n|switch|p2a: Smeargle|Smeargle, L50, M, shiny|100/100\n|turn|2\n|\n|t:|1745975949\n|switch|p1a: Indeedee|Indeedee-F, L50, F|100/100\n|-enditem|p1a: Indeedee|Psychic Seed\n|-boost|p1a: Indeedee|spd|1|[from] item: Psychic Seed\n|move|p2a: Smeargle|Spore|p1a: Indeedee\n|-status|p1a: Indeedee|slp|[from] move: Spore\n|move|p2b: Lunala|Expanding Force|p1a: Indeedee|[spread] p1a,p1b\n|-resisted|p1a: Indeedee\n|-damage|p1a: Indeedee|77/100 slp\n|-damage|p1b: Urshifu|0 fnt\n|faint|p1b: Urshifu\n|\n|-weather|RainDance|[upkeep]\n|upkeep\n|\n|t:|1745975961\n|switch|p1b: Zacian|Zacian-Crowned, L50|100/100\n|-ability|p1b: Zacian|Intrepid Sword|boost\n|-boost|p1b: Zacian|atk|1\n|turn|3\n|\n|t:|1745975973\n|move|p1b: Zacian|Protect|p1b: Zacian\n|-singleturn|p1b: Zacian|Protect\n|move|p2a: Smeargle|Decorate|p2b: Lunala\n|-boost|p2b: Lunala|atk|2\n|-boost|p2b: Lunala|spa|2\n|move|p2b: Lunala|Expanding Force|p1b: Zacian|[spread] p1a\n|-activate|p1b: Zacian|move: Protect\n|-resisted|p1a: Indeedee\n|-damage|p1a: Indeedee|33/100 slp\n|cant|p1a: Indeedee|slp\n|\n|-weather|RainDance|[upkeep]\n|upkeep\n|turn|4\n|\n|t:|1745975990\n|cant|p1a: Indeedee|slp\n|move|p2a: Smeargle|Spore|p1b: Zacian\n|-status|p1b: Zacian|slp|[from] move: Spore\n|move|p2b: Lunala|Expanding Force|p1a: Indeedee|[spread] p1a,p1b\n|-resisted|p1a: Indeedee\n|-resisted|p1b: Zacian\n|-damage|p1a: Indeedee|0 fnt\n|-damage|p1b: Zacian|50/100 slp\n|faint|p1a: Indeedee\n|cant|p1b: Zacian|slp\n|\n|-weather|RainDance|[upkeep]\n|upkeep\n|\n|t:|1745976000\n|switch|p1a: Kyogre|Kyogre, L50|100/100\n|turn|5\n|\n|t:|1745976009\n|move|p2a: Smeargle|Spore|p1a: Kyogre\n|-status|p1a: Kyogre|slp|[from] move: Spore\n|move|p2b: Lunala|Expanding Force|p1b: Zacian|[spread] p1a,p1b\n|-resisted|p1b: Zacian\n|-damage|p1a: Kyogre|40/100 slp\n|-damage|p1b: Zacian|0 fnt\n|faint|p1b: Zacian\n|cant|p1a: Kyogre|slp\n|\n|-weather|none\n|-fieldend|move: Trick Room\n|-fieldend|move: Psychic Terrain\n|upkeep\n|turn|6\n|\n|t:|1745976021\n|cant|p1a: Kyogre|slp\n|move|p2b: Lunala|Expanding Force|p1a: Kyogre\n|-damage|p1a: Kyogre|0 fnt\n|faint|p1a: Kyogre\n|\n|win|bruinbroker01\n||Lemmie551 is ready for game 2.\n||bruinbroker01 is ready for game 2.\n|uhtml|next|Next: <a href=\"/battle-gen9vgc2025regibo3-2353624969\"><strong>Game 2 of 3</strong></a>\n|l|\u2606Lemmie551\n|player|p1|\n", "uploadtime": 1745976192, "views": 7, "formatid": "gen9vgc2025regibo3", "rating": null, "private": 0, "password": null}