{"id": "gen9vgc2025regibo3-2355090583", "format": "[Gen 9] VGC 2025 Reg I (Bo3)", "players": ["carrotbeafsteak", "LumiShen"], "log": "|j|\u2606carrotbeafsteak\n|j|\u2606LumiShen\n|html|<table width=\"100%\"><tr><td align=\"left\">carrotbeafsteak</td><td align=\"right\">LumiShen</tr><tr><td align=\"left\"><i class=\"fa fa-circle\"></i> <i class=\"fa fa-circle-o\"></i> </td><td align=\"right\"><i class=\"fa fa-circle-o\"></i> <i class=\"fa fa-circle-o\"></i> </tr></table>\n|uhtml|bestof|<h2><strong>Game 2</strong> of <a href=\"/game-bestof3-gen9vgc2025regibo3-2355087689\">a best-of-3</a></h2>\n|t:|1746151251\n|gametype|doubles\n|player|p1|carrotbeafsteak|266|1269\n|player|p2|LumiShen|wallace|1193\n|teamsize|p1|6\n|teamsize|p2|6\n|gen|9\n|tier|[Gen 9] VGC 2025 Reg I (Bo3)\n|rated|\n|rule|Species Clause: Limit one of each Pok\u00e9mon\n|rule|Item Clause: Limit 1 of each item\n|clearpoke\n|poke|p1|Zamazenta-*, L50|\n|poke|p1|Miraidon, L50|\n|poke|p1|Murkrow, L50, M|\n|poke|p1|Bruxish, L50, F|\n|poke|p1|Avalugg-Hisui, L50, M|\n|poke|p1|Maushold, L50|\n|poke|p2|Calyrex-Ice, L50|\n|poke|p2|Kyogre, L50|\n|poke|p2|Tornadus, L50, M|\n|poke|p2|Indeedee-F, L50, F|\n|poke|p2|Urshifu-*, L50, F|\n|poke|p2|Incineroar, L50, M|\n|teampreview|4\n|showteam|p1|Zamazenta-Crowned||RustedShield|DauntlessShield|Protect,HeavySlam,BodyPress,WideGuard||||||50|,,,,,Ghost]Miraidon||LifeOrb|HadronEngine|Protect,ElectroDrift,DracoMeteor,DazzlingGleam||||||50|,,,,,Stellar]Murkrow||FocusSash|Prankster|Tailwind,Haze,Torment,DarkPulse|||M|||50|,,,,,Ghost]Bruxish||ChoiceScarf|Dazzling|WaveCrash,PsychicFangs,IcyWind,FlipTurn|||F|||50|,,,,,Normal]Avalugg-Hisui||LoadedDice|Sturdy|RockBlast,IcicleSpear,BodyPress,WideGuard|||M|||50|,,,,,Ice]Maushold||WideLens|Technician|Protect,FollowMe,Bite,PopulationBomb||||||50|,,,,,Ghost\n|showteam|p2|Calyrex-Ice||LifeOrb|AsOneGlastrier|GlacialLance,HighHorsepower,TrickRoom,Protect||||||50|,,,,,Water]Kyogre||AssaultVest|Drizzle|OriginPulse,IceBeam,Thunder,WaterSpout||||||50|,,,,,Electric]Tornadus||CovertCloak|Prankster|Hurricane,Tailwind,RainDance,Protect|||M|||50|,,,,,Dark]Indeedee-F||PsychicSeed|PsychicSurge|AlluringVoice,FollowMe,TrickRoom,Protect|||F|||50|,,,,,Fairy]Urshifu-Rapid-Strike||ChoiceScarf|UnseenFist|SurgingStrikes,CloseCombat,RockSlide,Uturn|||F|||50|,,,,,Stellar]Incineroar||RockyHelmet|Intimidate|WillOWisp,KnockOff,FakeOut,PartingShot|||M|||50|,,,,,Bug\n|\n|t:|1746151287\n|start\n|switch|p1a: Murkrow|Murkrow, L50, M|100/100\n|switch|p1b: Miraidon|Miraidon, L50|100/100\n|switch|p2a: Urshifu|Urshifu-Rapid-Strike, L50, F|100/100\n|switch|p2b: Kyogre|Kyogre, L50|100/100\n|-fieldstart|move: Electric Terrain|[from] ability: Hadron Engine|[of] p1b: Miraidon\n|-weather|RainDance|[from] ability: Drizzle|[of] p2b: Kyogre\n|turn|1\n|\n|t:|1746151370\n|-terastallize|p1b: Miraidon|Stellar\n|-terastallize|p2b: Kyogre|Electric\n|move|p1a: Murkrow|Tailwind|p1a: Murkrow\n|-sidestart|p1: carrotbeafsteak|move: Tailwind\n|move|p1b: Miraidon|Dazzling Gleam|p2b: Kyogre|[spread] p2a,p2b\n|-supereffective|p2a: Urshifu\n|-crit|p2b: Kyogre\n|-damage|p2a: Urshifu|0 fnt\n|-damage|p2b: Kyogre|67/100\n|faint|p2a: Urshifu\n|-damage|p1b: Miraidon|91/100|[from] item: Life Orb\n|move|p2b: Kyogre|Water Spout|p1a: Murkrow|[spread] p1a,p1b\n|-resisted|p1b: Miraidon\n|-enditem|p1a: Murkrow|Focus Sash\n|-damage|p1a: Murkrow|1/100\n|-damage|p1b: Miraidon|60/100\n|\n|-weather|RainDance|[upkeep]\n|upkeep\n|\n|t:|1746151391\n|switch|p2a: Calyrex|Calyrex-Ice, L50|100/100\n|-ability|p2a: Calyrex|As One\n|-ability|p2a: Calyrex|Unnerve\n|turn|2\n|\n|t:|1746151412\n|switch|p1a: Avalugg|Avalugg-Hisui, L50, M|100/100\n|move|p2a: Calyrex|Protect|p2a: Calyrex\n|-singleturn|p2a: Calyrex|Protect\n|move|p1b: Miraidon|Draco Meteor|p2b: Kyogre\n|-damage|p2b: Kyogre|0 fnt\n|-unboost|p1b: Miraidon|spa|2\n|faint|p2b: Kyogre\n|-damage|p1b: Miraidon|50/100|[from] item: Life Orb\n|\n|-weather|RainDance|[upkeep]\n|upkeep\n|\n|t:|1746151419\n|switch|p2b: Tornadus|Tornadus, L50, M|100/100\n|turn|3\n|\n|t:|1746151432\n|switch|p1b: Zamazenta|Zamazenta-Crowned, L50|100/100\n|-ability|p1b: Zamazenta|Dauntless Shield|boost\n|-boost|p1b: Zamazenta|def|1\n|move|p2b: Tornadus|Hurricane|p1b: Zamazenta\n|-damage|p1b: Zamazenta|73/100\n|move|p1a: Avalugg|Rock Blast|p2a: Calyrex\n|-supereffective|p2a: Calyrex\n|-damage|p2a: Calyrex|85/100\n|-supereffective|p2a: Calyrex\n|-damage|p2a: Calyrex|68/100\n|-supereffective|p2a: Calyrex\n|-damage|p2a: Calyrex|50/100\n|-supereffective|p2a: Calyrex\n|-damage|p2a: Calyrex|35/100\n|-hitcount|p2a: Calyrex|4\n|move|p2a: Calyrex|Glacial Lance|p1b: Zamazenta|[spread] p1a,p1b\n|-resisted|p1a: Avalugg\n|-resisted|p1b: Zamazenta\n|-damage|p1a: Avalugg|83/100\n|-damage|p1b: Zamazenta|57/100\n|-damage|p2a: Calyrex|25/100|[from] item: Life Orb\n|\n|-weather|RainDance|[upkeep]\n|upkeep\n|turn|4\n|\n|t:|1746151458\n|move|p2a: Calyrex|Protect|p2a: Calyrex\n|-singleturn|p2a: Calyrex|Protect\n|move|p1b: Zamazenta|Body Press|p2a: Calyrex\n|-activate|p2a: Calyrex|move: Protect\n|move|p2b: Tornadus|Hurricane|p1b: Zamazenta\n|-damage|p1b: Zamazenta|26/100\n|-start|p1b: Zamazenta|confusion\n|move|p1a: Avalugg|Icicle Spear|p2b: Tornadus\n|-supereffective|p2b: Tornadus\n|-damage|p2b: Tornadus|68/100\n|-supereffective|p2b: Tornadus\n|-damage|p2b: Tornadus|38/100\n|-supereffective|p2b: Tornadus\n|-damage|p2b: Tornadus|4/100\n|-supereffective|p2b: Tornadus\n|-damage|p2b: Tornadus|0 fnt\n|faint|p2b: Tornadus\n|-hitcount|p2: Tornadus|4\n|\n|-weather|RainDance|[upkeep]\n|-sideend|p1: carrotbeafsteak|move: Tailwind\n|upkeep\n|turn|5\n|\n|t:|1746151469\n|-activate|p1b: Zamazenta|confusion\n|move|p1b: Zamazenta|Body Press|p2a: Calyrex\n|-damage|p2a: Calyrex|0 fnt\n|faint|p2a: Calyrex\n|\n|win|carrotbeafsteak\n|raw|carrotbeafsteak's rating: 1269 &rarr; <strong>1289</strong><br />(+20 for winning)\n|raw|LumiShen's rating: 1193 &rarr; <strong>1173</strong><br />(-20 for losing)\n", "uploadtime": 1746151471, "views": 3, "formatid": "gen9vgc2025regibo3", "rating": 1173, "private": 0, "password": null}