{"id": "gen9vgc2025regibo3-2354859771", "format": "[Gen 9] VGC 2025 Reg I (Bo3)", "players": ["baggead", "messi-05"], "log": "|j|\u2606baggead\n|j|\u2606messi-05\n|html|<table width=\"100%\"><tr><td align=\"left\">baggead</td><td align=\"right\">messi-05</tr><tr><td align=\"left\"><i class=\"fa fa-circle-o\"></i> <i class=\"fa fa-circle-o\"></i> </td><td align=\"right\"><i class=\"fa fa-circle-o\"></i> <i class=\"fa fa-circle-o\"></i> </tr></table>\n|uhtml|bestof|<h2><strong>Game 1</strong> of <a href=\"/game-bestof3-gen9vgc2025regibo3-2354859770\">a best-of-3</a></h2>\n|t:|1746126043\n|gametype|doubles\n|player|p1|baggead|crasherwake|1151\n|player|p2|messi-05|1|1217\n|teamsize|p1|6\n|teamsize|p2|6\n|gen|9\n|tier|[Gen 9] VGC 2025 Reg I (Bo3)\n|rated|\n|rule|Species Clause: Limit one of each Pok\u00e9mon\n|rule|Item Clause: Limit 1 of each item\n|clearpoke\n|poke|p1|Calyrex-Shadow, L50|\n|poke|p1|Zamazenta-*, L50|\n|poke|p1|Whimsicott, L50, F|\n|poke|p1|Farigiraf, L50, M|\n|poke|p1|Iron Hands, L50|\n|poke|p1|Chi-Yu, L50|\n|poke|p2|Terapagos, L50, M|\n|poke|p2|Koraidon, L50|\n|poke|p2|Incineroar, L50, M|\n|poke|p2|Rillaboom, L50, M|\n|poke|p2|Ogerpon-Cornerstone, L50, F|\n|poke|p2|Flutter Mane, L50|\n|teampreview|4\n|showteam|p1|Calyrex-Shadow||LifeOrb|AsOneSpectrier|AstralBarrage,Psychic,TeraBlast,Protect||||||50|,,,,,Water]Zamazenta-Crowned||RustedShield|DauntlessShield|behemothbash,BodyPress,WideGuard,Protect||||||50|,,,,,Dragon]Whimsicott||CovertCloak|Prankster|Tailwind,Moonblast,Encore,LightScreen|||F|||50|,,,,,Dark]Farigiraf||RockyHelmet|ArmorTail|PsychicNoise,FoulPlay,HelpingHand,TrickRoom|||M|||50|,,,,,Water]Iron Hands||AssaultVest|QuarkDrive|FakeOut,LowKick,WildCharge,HeavySlam||||||50|,,,,,Grass]Chi-Yu||ChoiceScarf|BeadsofRuin|HeatWave,DarkPulse,Overheat,TeraBlast||||||50|,,,,,Ground\n|showteam|p2|Terapagos||Leftovers|TeraShift|TeraStarstorm,CalmMind,Substitute,Protect|||M|||50|,,,,,Stellar]Koraidon||LifeOrb|OrichalcumPulse|FlareBlitz,CloseCombat,FlameCharge,Protect||||||50|,,,,,Fire]Incineroar||RockyHelmet|Intimidate|KnockOff,PartingShot,WillOWisp,FakeOut|||M|||50|,,,,,Water]Rillaboom||AssaultVest|GrassySurge|WoodHammer,GrassyGlide,Uturn,FakeOut|||M|||50|,,,,,Water]Ogerpon-Cornerstone||CornerstoneMask|Sturdy|IvyCudgel,GrassyGlide,FollowMe,SpikyShield|||F|||50|,,,,,Rock]Flutter Mane||FocusSash|Protosynthesis|Moonblast,DazzlingGleam,ShadowBall,IcyWind||||||50|,,,,,Fairy\n|inactive|Battle timer is ON: inactive players will automatically lose when time's up. (requested by messi-05)\n|inactive|baggead also wants the timer to be on.\n|\n|t:|1746126071\n|start\n|switch|p1a: Zamazenta|Zamazenta-Crowned, L50|100/100\n|switch|p1b: Whimsicott|Whimsicott, L50, F|100/100\n|switch|p2a: Koraidon|Koraidon, L50|100/100\n|switch|p2b: Incineroar|Incineroar, L50, M|100/100\n|-weather|SunnyDay|[from] ability: Orichalcum Pulse|[of] p2a: Koraidon\n|-activate|p2a: Koraidon|Orichalcum Pulse|[source]\n|-ability|p1a: Zamazenta|Dauntless Shield|boost\n|-boost|p1a: Zamazenta|def|1\n|-ability|p2b: Incineroar|Intimidate|boost\n|-unboost|p1a: Zamazenta|atk|1\n|-unboost|p1b: Whimsicott|atk|1\n|turn|1\n|inactive|baggead has 30 seconds left.\n|inactive|messi-05 has 30 seconds left.\n|\n|t:|1746126105\n|move|p1a: Zamazenta|Protect|p1a: Zamazenta\n|-singleturn|p1a: Zamazenta|Protect\n|move|p2b: Incineroar|Fake Out|p1a: Zamazenta\n|-activate|p1a: Zamazenta|move: Protect\n|move|p1b: Whimsicott|Tailwind|p1b: Whimsicott\n|-sidestart|p1: baggead|move: Tailwind\n|move|p2a: Koraidon|Flare Blitz|p1b: Whimsicott\n|-supereffective|p1b: Whimsicott\n|-damage|p1b: Whimsicott|0 fnt\n|faint|p1b: Whimsicott\n|-damage|p2a: Koraidon|70/100|[from] Recoil\n|-damage|p2a: Koraidon|60/100|[from] item: Life Orb\n|\n|-weather|SunnyDay|[upkeep]\n|upkeep\n|\n|t:|1746126119\n|switch|p1b: Farigiraf|Farigiraf, L50, M|100/100\n|turn|2\n|inactive|messi-05 has 30 seconds left.\n|\n|t:|1746126146\n|-terastallize|p1a: Zamazenta|Dragon\n|move|p1b: Farigiraf|Helping Hand|p1a: Zamazenta\n|-singleturn|p1a: Zamazenta|Helping Hand|[of] p1b: Farigiraf\n|move|p1a: Zamazenta|Body Press|p2b: Incineroar\n|-supereffective|p2b: Incineroar\n|-damage|p2b: Incineroar|0 fnt\n|-damage|p1a: Zamazenta|84/100|[from] item: Rocky Helmet|[of] p2b: Incineroar\n|faint|p2b: Incineroar\n|move|p2a: Koraidon|Flare Blitz|p1a: Zamazenta\n|-resisted|p1a: Zamazenta\n|-damage|p1a: Zamazenta|61/100\n|-damage|p2a: Koraidon|53/100|[from] Recoil\n|-damage|p2a: Koraidon|43/100|[from] item: Life Orb\n|\n|-weather|SunnyDay|[upkeep]\n|upkeep\n|\n|t:|1746126169\n|switch|p2b: Terapagos|Terapagos, L50, M|100/100\n|-activate|p2b: Terapagos|ability: Tera Shift\n|detailschange|p2b: Terapagos|Terapagos-Terastal, L50, M\n|-heal|p2b: Terapagos|100/100|[silent]\n|turn|3\n|\n|t:|1746126188\n|switch|p2a: Flutter Mane|Flutter Mane, L50|100/100\n|-activate|p2a: Flutter Mane|ability: Protosynthesis\n|-start|p2a: Flutter Mane|protosynthesisspe\n|move|p1a: Zamazenta|Body Press|p2a: Flutter Mane\n|-immune|p2a: Flutter Mane\n|move|p1b: Farigiraf|Psychic Noise|p2b: Terapagos\n|-activate|p2b: Terapagos|ability: Tera Shell\n|-resisted|p2b: Terapagos\n|-damage|p2b: Terapagos|88/100\n|-start|p2b: Terapagos|move: Heal Block\n|move|p2b: Terapagos|Tera Starstorm|p1a: Zamazenta\n|-damage|p1a: Zamazenta|16/100\n|\n|-weather|SunnyDay|[upkeep]\n|upkeep\n|turn|4\n|inactive|baggead has 30 seconds left.\n|inactive|messi-05 has 30 seconds left.\n|inactive|baggead has 20 seconds left.\n|inactive|messi-05 has 20 seconds left.\n|inactive|messi-05 has 15 seconds left.\n|inactive|messi-05 has 10 seconds left.\n|inactive|messi-05 has 5 seconds left.\n|\n|t:|1746126240\n|move|p2b: Terapagos|Protect|p2b: Terapagos\n|-singleturn|p2b: Terapagos|Protect\n|move|p1a: Zamazenta|Wide Guard|p1a: Zamazenta\n|-singleturn|p1a: Zamazenta|Wide Guard\n|move|p2a: Flutter Mane|Dazzling Gleam|p1a: Zamazenta|[spread] \n|-activate|p1a: Zamazenta|move: Wide Guard\n|-activate|p1b: Farigiraf|move: Wide Guard\n|move|p1b: Farigiraf|Psychic Noise|p2a: Flutter Mane\n|-damage|p2a: Flutter Mane|72/100\n|-start|p2a: Flutter Mane|move: Heal Block\n|\n|-weather|SunnyDay|[upkeep]\n|-end|p2b: Terapagos|move: Heal Block\n|-sideend|p1: baggead|move: Tailwind\n|upkeep\n|turn|5\n|\n|t:|1746126261\n|move|p1a: Zamazenta|Wide Guard|p1a: Zamazenta\n|-singleturn|p1a: Zamazenta|Wide Guard\n|move|p2a: Flutter Mane|Moonblast|p1a: Zamazenta\n|-supereffective|p1a: Zamazenta\n|-damage|p1a: Zamazenta|0 fnt\n|faint|p1a: Zamazenta\n|move|p2b: Terapagos|Calm Mind|p2b: Terapagos\n|-boost|p2b: Terapagos|spa|1\n|-boost|p2b: Terapagos|spd|1\n|move|p1b: Farigiraf|Psychic Noise|p2b: Terapagos\n|-damage|p2b: Terapagos|72/100\n|-start|p2b: Terapagos|move: Heal Block\n|\n|-weather|none\n|-end|p2a: Flutter Mane|Protosynthesis\n|-end|p2a: Flutter Mane|move: Heal Block\n|upkeep\n|\n|t:|1746126268\n|switch|p1a: Calyrex|Calyrex-Shadow, L50|100/100\n|-ability|p1a: Calyrex|As One\n|-ability|p1a: Calyrex|Unnerve\n|turn|6\n|inactive|messi-05 has 30 seconds left.\n|inactive|messi-05 has 20 seconds left.\n|inactive|messi-05 has 15 seconds left.\n|inactive|messi-05 has 10 seconds left.\n|inactive|messi-05 has 5 seconds left.\n|\n|t:|1746126321\n|-terastallize|p2b: Terapagos|Stellar\n|detailschange|p2b: Terapagos|Terapagos-Stellar, L50, M, tera:Stellar\n|-heal|p2b: Terapagos|79/100|[silent]\n|move|p1a: Calyrex|Astral Barrage|p2b: Terapagos|[spread] p2a\n|-immune|p2b: Terapagos\n|-supereffective|p2a: Flutter Mane\n|-damage|p2a: Flutter Mane|0 fnt\n|faint|p2a: Flutter Mane\n|-end|p2a: Flutter Mane|Protosynthesis|[silent]\n|-ability|p1a: Calyrex|Grim Neigh|boost\n|-boost|p1a: Calyrex|spa|1\n|-damage|p1a: Calyrex|91/100|[from] item: Life Orb\n|move|p2b: Terapagos|Tera Starstorm|p1b: Farigiraf|[spread] p1a,p1b\n|-damage|p1a: Calyrex|35/100\n|-damage|p1b: Farigiraf|46/100\n|move|p1b: Farigiraf|Foul Play|p2b: Terapagos\n|-damage|p2b: Terapagos|67/100\n|\n|-end|p2b: Terapagos|move: Heal Block\n|upkeep\n|\n|t:|1746126338\n|switch|p2a: Koraidon|Koraidon, L50|43/100\n|-weather|SunnyDay|[from] ability: Orichalcum Pulse|[of] p2a: Koraidon\n|-activate|p2a: Koraidon|Orichalcum Pulse|[source]\n|turn|7\n|\n|t:|1746126351\n|move|p2a: Koraidon|Protect|p2a: Koraidon\n|-singleturn|p2a: Koraidon|Protect\n|move|p1a: Calyrex|Psychic|p2b: Terapagos\n|-crit|p2b: Terapagos\n|-damage|p2b: Terapagos|0 fnt\n|faint|p2b: Terapagos\n|-ability|p1a: Calyrex|Grim Neigh|boost\n|-boost|p1a: Calyrex|spa|1\n|-damage|p1a: Calyrex|25/100|[from] item: Life Orb\n|move|p1b: Farigiraf|Psychic Noise|p2a: Koraidon\n|-activate|p2a: Koraidon|move: Protect\n|\n|-weather|SunnyDay|[upkeep]\n|upkeep\n|turn|8\n|\n|t:|1746126369\n|move|p1a: Calyrex|Psychic|p2a: Koraidon\n|-supereffective|p2a: Koraidon\n|-damage|p2a: Koraidon|0 fnt\n|faint|p2a: Koraidon\n|-damage|p1a: Calyrex|16/100|[from] item: Life Orb\n|\n|win|baggead\n||baggead is ready for game 2.\n", "uploadtime": 1746126374, "views": 5, "formatid": "gen9vgc2025regibo3", "rating": null, "private": 0, "password": null}