{"id": "gen9vgc2025regibo3-2354329337", "format": "[Gen 9] VGC 2025 Reg I (Bo3)", "players": ["Dylax", "jalo3705"], "log": "|j|\u2606Dylax\n|j|\u2606jalo3705\n|html|<table width=\"100%\"><tr><td align=\"left\">Dylax</td><td align=\"right\">jalo3705</tr><tr><td align=\"left\"><i class=\"fa fa-circle-o\"></i> <i class=\"fa fa-circle-o\"></i> </td><td align=\"right\"><i class=\"fa fa-circle-o\"></i> <i class=\"fa fa-circle\"></i> </tr></table>\n|uhtml|bestof|<h2><strong>Game 2</strong> of <a href=\"/game-bestof3-gen9vgc2025regibo3-2354327016\">a best-of-3</a></h2>\n|t:|1746058040\n|gametype|doubles\n|player|p1|Dylax|giovanni-masters|1082\n|player|p2|jalo3705|265|1139\n|teamsize|p1|6\n|teamsize|p2|6\n|gen|9\n|tier|[Gen 9] VGC 2025 Reg I (Bo3)\n|rated|\n|rule|Species Clause: Limit one of each Pok\u00e9mon\n|rule|Item Clause: Limit 1 of each item\n|clearpoke\n|poke|p1|Kyogre, L50|\n|poke|p1|Zacian-*, L50|\n|poke|p1|Tornadus, L50, M|\n|poke|p1|Urshifu-*, L50, M|\n|poke|p1|Chien-Pao, L50|\n|poke|p1|Tsareena, L50, F|\n|poke|p2|Zekrom, L50|\n|poke|p2|Reshiram, L50|\n|poke|p2|Rillaboom, L50, F|\n|poke|p2|Incineroar, L50, F|\n|poke|p2|Tornadus, L50, M|\n|poke|p2|Weezing-Galar, L50, F|\n|teampreview|4\n|showteam|p1|Kyogre||MysticWater|Drizzle|WaterSpout,OriginPulse,IceBeam,Protect||||||50|,,,,,Grass]Zacian-Crowned||RustedSword|IntrepidSword|behemothblade,PlayRough,Substitute,Protect||||||50|,,,,,Fairy]Tornadus||CovertCloak|Prankster|BleakwindStorm,Tailwind,RainDance,Taunt|||M|||50|,,,,,Dark]Urshifu-Rapid-Strike||ChoiceScarf|UnseenFist|SurgingStrikes,CloseCombat,Uturn,Coaching|||M|||50|,,,,,Water]Chien-Pao||FocusSash|SwordofRuin|IceSpinner,SuckerPunch,SacredSword,Protect||||||50|,,,,,Ghost]Tsareena||WideLens|QueenlyMajesty|PowerWhip,TripleAxel,HelpingHand,Taunt|||F|||50|,,,,,Ice\n|showteam|p2|Zekrom||ClearAmulet|Teravolt|FusionBolt,DragonClaw,DragonDance,Protect||||||50|,,,,,Fairy]Reshiram||ChoiceScarf|Turboblaze|FusionFlare,EarthPower,DracoMeteor,ShadowBall||||||50|,,,,,Fairy]Rillaboom||AssaultVest|GrassySurge|WoodHammer,FakeOut,HighHorsepower,GrassyGlide|||F|||50|,,,,,Fire]Incineroar||SitrusBerry|Intimidate|FlareBlitz,KnockOff,FakeOut,PartingShot|||F|||50|,,,,,Grass]Tornadus||CovertCloak|Prankster|BleakwindStorm,RainDance,Tailwind,Taunt|||M|||50|,,,,,Flying]Weezing-Galar||Leftovers|NeutralizingGas|SludgeBomb,StrangeSteam,ClearSmog,Protect|||F|||50|,,,,,Grass\n|\n|t:|1746058064\n|start\n|switch|p1a: Tornadus|Tornadus, L50, M|100/100\n|switch|p1b: Urshifu|Urshifu-Rapid-Strike, L50, M|100/100\n|switch|p2a: Zekrom|Zekrom, L50|100/100\n|switch|p2b: Rillaboom|Rillaboom, L50, F|100/100\n|-ability|p2a: Zekrom|Teravolt\n|-fieldstart|move: Grassy Terrain|[from] ability: Grassy Surge|[of] p2b: Rillaboom\n|turn|1\n|inactive|Battle timer is ON: inactive players will automatically lose when time's up. (requested by jalo3705)\n|inactive|Dylax has 60 seconds left.\n|\n|t:|1746058098\n|move|p2b: Rillaboom|Fake Out|p1b: Urshifu\n|-damage|p1b: Urshifu|88/100\n|move|p1a: Tornadus|Tailwind|p1a: Tornadus\n|-sidestart|p1: Dylax|move: Tailwind\n|cant|p1b: Urshifu|flinch\n|move|p2a: Zekrom|Fusion Bolt|p1a: Tornadus\n|-supereffective|p1a: Tornadus\n|-damage|p1a: Tornadus|0 fnt\n|faint|p1a: Tornadus\n|\n|-heal|p1b: Urshifu|94/100|[from] Grassy Terrain\n|upkeep\n|\n|t:|1746058108\n|switch|p1a: Chien-Pao|Chien-Pao, L50|100/100\n|-ability|p1a: Chien-Pao|Sword of Ruin\n|turn|2\n|\n|t:|1746058125\n|switch|p2b: Incineroar|Incineroar, L50, F|100/100\n|-ability|p2b: Incineroar|Intimidate|boost\n|-unboost|p1a: Chien-Pao|atk|1\n|-unboost|p1b: Urshifu|atk|1\n|move|p2a: Zekrom|Protect|p2a: Zekrom\n|-singleturn|p2a: Zekrom|Protect\n|move|p1b: Urshifu|Close Combat|p2a: Zekrom\n|-damage|p2a: Zekrom|50/100\n|-unboost|p1b: Urshifu|def|1\n|-unboost|p1b: Urshifu|spd|1\n|move|p1a: Chien-Pao|Ice Spinner|p2a: Zekrom\n|-activate|p2a: Zekrom|move: Protect\n|\n|-heal|p1b: Urshifu|100/100|[from] Grassy Terrain\n|-heal|p2a: Zekrom|57/100|[from] Grassy Terrain\n|upkeep\n|turn|3\n|inactive|Dylax has 30 seconds left.\n|inactive|jalo3705 has 30 seconds left.\n|\n|t:|1746058158\n|move|p2b: Incineroar|Fake Out|p1b: Urshifu\n|-damage|p1b: Urshifu|78/100\n|move|p1a: Chien-Pao|Sucker Punch|p2a: Zekrom\n|-damage|p2a: Zekrom|30/100\n|cant|p1b: Urshifu|flinch\n|move|p2a: Zekrom|Fusion Bolt|p1a: Chien-Pao\n|-damage|p1a: Chien-Pao|23/100\n|\n|-heal|p1b: Urshifu|85/100|[from] Grassy Terrain\n|-heal|p1a: Chien-Pao|29/100|[from] Grassy Terrain\n|-heal|p2a: Zekrom|36/100|[from] Grassy Terrain\n|upkeep\n|turn|4\n|\n|t:|1746058184\n|switch|p1a: Kyogre|Kyogre, L50|100/100\n|-weather|RainDance|[from] ability: Drizzle|[of] p1a: Kyogre\n|switch|p2b: Rillaboom|Rillaboom, L50, F|100/100\n|move|p1b: Urshifu|Close Combat|p2a: Zekrom\n|-damage|p2a: Zekrom|0 fnt\n|-unboost|p1b: Urshifu|def|1\n|-unboost|p1b: Urshifu|spd|1\n|faint|p2a: Zekrom\n|\n|-weather|RainDance|[upkeep]\n|-heal|p1b: Urshifu|91/100|[from] Grassy Terrain\n|-sideend|p1: Dylax|move: Tailwind\n|upkeep\n|\n|t:|1746058196\n|switch|p2a: Reshiram|Reshiram, L50|100/100\n|-ability|p2a: Reshiram|Turboblaze\n|turn|5\n|\n|t:|1746058211\n|switch|p1b: Chien-Pao|Chien-Pao, L50|29/100\n|-ability|p1b: Chien-Pao|Sword of Ruin\n|move|p1a: Kyogre|Protect|p1a: Kyogre\n|-singleturn|p1a: Kyogre|Protect\n|move|p2a: Reshiram|Draco Meteor|p1b: Chien-Pao\n|-damage|p1b: Chien-Pao|0 fnt\n|-unboost|p2a: Reshiram|spa|2\n|faint|p1b: Chien-Pao\n|move|p2b: Rillaboom|Wood Hammer|p1a: Kyogre\n|-activate|p1a: Kyogre|move: Protect\n|\n|-weather|RainDance|[upkeep]\n|-fieldend|move: Grassy Terrain\n|upkeep\n|\n|t:|1746058224\n|switch|p1b: Urshifu|Urshifu-Rapid-Strike, L50, M|91/100\n|turn|6\n|\n|t:|1746058240\n|switch|p2a: Incineroar|Incineroar, L50, F|100/100\n|-ability|p2a: Incineroar|Intimidate|boost\n|-unboost|p1a: Kyogre|atk|1\n|-unboost|p1b: Urshifu|atk|1\n|-terastallize|p1a: Kyogre|Grass\n|move|p1b: Urshifu|Surging Strikes|p2a: Incineroar\n|-supereffective|p2a: Incineroar\n|-crit|p2a: Incineroar\n|-damage|p2a: Incineroar|46/100\n|-enditem|p2a: Incineroar|Sitrus Berry|[eat]\n|-heal|p2a: Incineroar|71/100|[from] item: Sitrus Berry\n|-supereffective|p2a: Incineroar\n|-crit|p2a: Incineroar\n|-damage|p2a: Incineroar|17/100\n|-supereffective|p2a: Incineroar\n|-crit|p2a: Incineroar\n|-damage|p2a: Incineroar|0 fnt\n|faint|p2a: Incineroar\n|-hitcount|p2: Incineroar|3\n|move|p1a: Kyogre|Origin Pulse|p2b: Rillaboom\n|-resisted|p2b: Rillaboom\n|-damage|p2b: Rillaboom|58/100\n|move|p2b: Rillaboom|Wood Hammer|p1a: Kyogre\n|-resisted|p1a: Kyogre\n|-damage|p1a: Kyogre|78/100\n|-damage|p2b: Rillaboom|50/100|[from] Recoil\n|\n|-weather|RainDance|[upkeep]\n|upkeep\n|\n|t:|1746058249\n|switch|p2a: Reshiram|Reshiram, L50|100/100\n|-ability|p2a: Reshiram|Turboblaze\n|turn|7\n|inactive|Dylax has 30 seconds left.\n|\n|t:|1746058284\n|move|p1b: Urshifu|Surging Strikes|p2a: Reshiram\n|-crit|p2a: Reshiram\n|-damage|p2a: Reshiram|69/100\n|-crit|p2a: Reshiram\n|-damage|p2a: Reshiram|36/100\n|-crit|p2a: Reshiram\n|-damage|p2a: Reshiram|4/100\n|-hitcount|p2a: Reshiram|3\n|move|p2a: Reshiram|Draco Meteor|p1a: Kyogre\n|-damage|p1a: Kyogre|32/100\n|-unboost|p2a: Reshiram|spa|2\n|move|p1a: Kyogre|Ice Beam|p2b: Rillaboom\n|-supereffective|p2b: Rillaboom\n|-damage|p2b: Rillaboom|2/100\n|move|p2b: Rillaboom|Wood Hammer|p1b: Urshifu\n|-supereffective|p1b: Urshifu\n|-crit|p1b: Urshifu\n|-damage|p1b: Urshifu|0 fnt\n|faint|p1b: Urshifu\n|-damage|p2b: Rillaboom|0 fnt|[from] Recoil\n|faint|p2b: Rillaboom\n|\n|-weather|RainDance|[upkeep]\n|upkeep\n|turn|8\n|\n|t:|1746058302\n|move|p1a: Kyogre|Protect|p1a: Kyogre\n|-singleturn|p1a: Kyogre|Protect\n|move|p2a: Reshiram|Draco Meteor|p1a: Kyogre\n|-activate|p1a: Kyogre|move: Protect\n|\n|-weather|none\n|upkeep\n|turn|9\n|\n|t:|1746058308\n|move|p2a: Reshiram|Draco Meteor|p1a: Kyogre\n|-damage|p1a: Kyogre|7/100\n|-unboost|p2a: Reshiram|spa|2\n|move|p1a: Kyogre|Ice Beam|p2a: Reshiram\n|-damage|p2a: Reshiram|0 fnt\n|faint|p2a: Reshiram\n|\n|win|Dylax\n||jalo3705 is ready for game 3.\n||Dylax is ready for game 3.\n|uhtml|next|Next: <a href=\"/battle-gen9vgc2025regibo3-2354331656\"><strong>Game 3 of 3</strong></a>\n|l|\u2606Dylax\n|player|p1|\n", "uploadtime": 1746058621, "views": 7, "formatid": "gen9vgc2025regibo3", "rating": null, "private": 0, "password": null}