{"id": "gen9vgc2025regibo3-2353984128", "format": "[Gen 9] VGC 2025 Reg I (Bo3)", "players": ["DrJargo", "danicruz.music"], "log": "|j|\u2606DrJargo\n|j|\u2606danicruz.music\n|html|<table width=\"100%\"><tr><td align=\"left\">DrJargo</td><td align=\"right\">danicruz.music</tr><tr><td align=\"left\"><i class=\"fa fa-circle-o\"></i> <i class=\"fa fa-circle-o\"></i> </td><td align=\"right\"><i class=\"fa fa-circle-o\"></i> <i class=\"fa fa-circle\"></i> </tr></table>\n|uhtml|bestof|<h2><strong>Game 2</strong> of <a href=\"/game-bestof3-gen9vgc2025regibo3-2353982224\">a best-of-3</a></h2>\n|t:|1746024927\n|gametype|doubles\n|player|p1|DrJargo|265|1183\n|player|p2|danicruz.music|whitney|1093\n|teamsize|p1|6\n|teamsize|p2|6\n|gen|9\n|tier|[Gen 9] VGC 2025 Reg I (Bo3)\n|rated|\n|rule|Species Clause: Limit one of each Pok\u00e9mon\n|rule|Item Clause: Limit 1 of each item\n|clearpoke\n|poke|p1|Miraidon, L50|\n|poke|p1|Chi-Yu, L50|\n|poke|p1|Koraidon, L50|\n|poke|p1|Whimsicott, L50, M|\n|poke|p1|Flutter Mane, L50|\n|poke|p1|Farigiraf, L50, F|\n|poke|p2|Ursaluna, L50, M|\n|poke|p2|Calyrex-Ice, L50|\n|poke|p2|Urshifu-*, L50, M|\n|poke|p2|Torkoal, L50, M|\n|poke|p2|Dialga-Origin, L50|\n|poke|p2|Indeedee, L50, M|\n|teampreview|4\n|showteam|p1|Miraidon||ChoiceSpecs|HadronEngine|DazzlingGleam,VoltSwitch,DracoMeteor,ElectroDrift||||||50|,,,,,Fairy]Chi-Yu||ChoiceScarf|BeadsofRuin|HeatWave,Snarl,FireBlast,Psychic||||||50|,,,,,Ghost]Koraidon||ClearAmulet|OrichalcumPulse|CollisionCourse,SwordsDance,FlareBlitz,Protect||||||50|,,,,,Fire]Whimsicott||CovertCloak|Prankster|Moonblast,Tailwind,Encore,FakeTears|||M|||50|,,,,,Fire]Flutter Mane||FocusSash|Protosynthesis|Moonblast,DazzlingGleam,ShadowBall,Protect||||||50|,,,,,Water]Farigiraf||MentalHerb|ArmorTail|Imprison,TrickRoom,Protect,ExpandingForce|||F|||50|,,,,,Water\n|showteam|p2|Ursaluna||FlameOrb|Guts|Earthquake,PlayRough,Facade,Protect|||M|||50|,,,,,Fairy]Calyrex-Ice||ClearAmulet|AsOneGlastrier|GlacialLance,TrickRoom,HighHorsepower,Protect||||||50|,,,,,Fire]Urshifu||IronBall|UnseenFist|WickedBlow,CloseCombat,Detect,SuckerPunch|||M|||50|,,,,,Fighting]Torkoal||LifeOrb|Drought|Eruption,WeatherBall,HelpingHand,Yawn|||M|||50|,,,,,Ground]Dialga-Origin||AdamantCrystal|Telepathy|FlashCannon,DragonPulse,TeraBlast,TrickRoom||||||50|,,,,,Ghost]Indeedee||PsychicSeed|PsychicSurge|TrickRoom,ExpandingForce,HelpingHand,HealingWish|||M|||50|,,,,,Psychic\n|inactive|Battle timer is ON: inactive players will automatically lose when time's up. (requested by danicruz.music)\n|c|\u2606DrJargo|me when imprison is next to trick room\n|c|\u2606DrJargo|xd\n|inactive|danicruz.music has 60 seconds left.\n|\n|t:|1746024978\n|start\n|switch|p1a: Farigiraf|Farigiraf, L50, F|100/100\n|switch|p1b: Koraidon|Koraidon, L50|100/100\n|switch|p2a: Dialga|Dialga-Origin, L50|100/100\n|switch|p2b: Ursaluna|Ursaluna, L50, M|100/100\n|-weather|SunnyDay|[from] ability: Orichalcum Pulse|[of] p1b: Koraidon\n|-activate|p1b: Koraidon|Orichalcum Pulse|[source]\n|turn|1\n|\n|t:|1746024999\n|-terastallize|p2b: Ursaluna|Fairy\n|move|p1b: Koraidon|Collision Course|p2a: Dialga\n|-supereffective|p2a: Dialga\n|-damage|p2a: Dialga|0 fnt\n|faint|p2a: Dialga\n|move|p1a: Farigiraf|Imprison|p1a: Farigiraf\n|-start|p1a: Farigiraf|move: Imprison\n|move|p2b: Ursaluna|Play Rough|p1b: Koraidon\n|-supereffective|p1b: Koraidon\n|-damage|p1b: Koraidon|0 fnt\n|faint|p1b: Koraidon\n|\n|-weather|SunnyDay|[upkeep]\n|-status|p2b: Ursaluna|brn|[from] item: Flame Orb\n|upkeep\n|\n|t:|1746025019\n|switch|p1b: Flutter Mane|Flutter Mane, L50|100/100\n|switch|p2a: Urshifu|Urshifu, L50, M|100/100\n|-activate|p1b: Flutter Mane|ability: Protosynthesis\n|-start|p1b: Flutter Mane|protosynthesisspe\n|turn|2\n|\n|t:|1746025037\n|move|p1a: Farigiraf|Protect|p1a: Farigiraf\n|-singleturn|p1a: Farigiraf|Protect\n|move|p2a: Urshifu|Detect|p2a: Urshifu\n|-singleturn|p2a: Urshifu|Protect\n|move|p1b: Flutter Mane|Dazzling Gleam|p2b: Ursaluna|[spread] p2b\n|-activate|p2a: Urshifu|move: Protect\n|-damage|p2b: Ursaluna|71/100 brn\n|move|p2b: Ursaluna|Earthquake|p1a: Farigiraf|[spread] p1b\n|-activate|p2a: Urshifu|move: Protect\n|-activate|p1a: Farigiraf|move: Protect\n|-enditem|p1b: Flutter Mane|Focus Sash\n|-damage|p1b: Flutter Mane|1/100\n|\n|-weather|SunnyDay|[upkeep]\n|-damage|p2b: Ursaluna|65/100 brn|[from] brn\n|upkeep\n|turn|3\n|\n|t:|1746025062\n|move|p1b: Flutter Mane|Protect|p1b: Flutter Mane\n|-singleturn|p1b: Flutter Mane|Protect\n|move|p1a: Farigiraf|Expanding Force|p2b: Ursaluna\n|-damage|p2b: Ursaluna|38/100 brn\n|move|p2b: Ursaluna|Earthquake|p1a: Farigiraf|[spread] p2a,p1a\n|-activate|p1b: Flutter Mane|move: Protect\n|-damage|p2a: Urshifu|39/100\n|-damage|p1a: Farigiraf|50/100\n|move|p2a: Urshifu|Close Combat|p1a: Farigiraf\n|-damage|p1a: Farigiraf|0 fnt\n|-unboost|p2a: Urshifu|def|1\n|-unboost|p2a: Urshifu|spd|1\n|faint|p1a: Farigiraf\n|\n|-weather|SunnyDay|[upkeep]\n|-damage|p2b: Ursaluna|32/100 brn|[from] brn\n|upkeep\n|\n|t:|1746025069\n|switch|p1a: Miraidon|Miraidon, L50|100/100\n|-fieldstart|move: Electric Terrain|[from] ability: Hadron Engine|[of] p1a: Miraidon\n|turn|4\n|\n|t:|1746025081\n|-terastallize|p1a: Miraidon|Fairy\n|move|p1b: Flutter Mane|Protect|p1b: Flutter Mane\n|-singleturn|p1b: Flutter Mane|Protect\n|move|p2b: Ursaluna|Protect|p2b: Ursaluna\n|-singleturn|p2b: Ursaluna|Protect\n|move|p2a: Urshifu|Sucker Punch||[still]\n|-fail|p2a: Urshifu\n|move|p1a: Miraidon|Dazzling Gleam|p2b: Ursaluna|[spread] p2a\n|-activate|p2b: Ursaluna|move: Protect\n|-supereffective|p2a: Urshifu\n|-damage|p2a: Urshifu|0 fnt\n|faint|p2a: Urshifu\n|\n|-weather|SunnyDay|[upkeep]\n|-damage|p2b: Ursaluna|26/100 brn|[from] brn\n|upkeep\n|\n|t:|1746025086\n|switch|p2a: Calyrex|Calyrex-Ice, L50|100/100\n|-ability|p2a: Calyrex|As One\n|-ability|p2a: Calyrex|Unnerve\n|turn|5\n|\n|t:|1746025097\n|move|p1b: Flutter Mane|Shadow Ball|p2a: Calyrex\n|-supereffective|p2a: Calyrex\n|-damage|p2a: Calyrex|43/100\n|move|p1a: Miraidon|Dazzling Gleam|p2b: Ursaluna|[spread] p2a,p2b\n|-damage|p2a: Calyrex|0 fnt\n|-damage|p2b: Ursaluna|0 fnt\n|faint|p2a: Calyrex\n|faint|p2b: Ursaluna\n|\n|win|DrJargo\n|l|\u2606danicruz.music\n|player|p2|\n||DrJargo is ready for game 3.\n||danicruz.music is ready for game 3.\n|uhtml|next|Next: <a href=\"/battle-gen9vgc2025regibo3-2353986089\"><strong>Game 3 of 3</strong></a>\n|l|\u2606DrJargo\n|player|p1|\n", "uploadtime": 1746025442, "views": 6, "formatid": "gen9vgc2025regibo3", "rating": null, "private": 0, "password": null}