{"id": "gen9vgc2025regibo3-2354110030", "format": "[Gen 9] VGC 2025 Reg I (Bo3)", "players": ["Priest3", "sushirocket"], "log": "|j|\u2606Priest3\n|j|\u2606sushirocket\n|html|<table width=\"100%\"><tr><td align=\"left\">Priest3</td><td align=\"right\">sushirocket</tr><tr><td align=\"left\"><i class=\"fa fa-circle-o\"></i> <i class=\"fa fa-circle-o\"></i> </td><td align=\"right\"><i class=\"fa fa-circle-o\"></i> <i class=\"fa fa-circle-o\"></i> </tr></table>\n|uhtml|bestof|<h2><strong>Game 1</strong> of <a href=\"/game-bestof3-gen9vgc2025regibo3-2354110029\">a best-of-3</a></h2>\n|t:|1746035699\n|gametype|doubles\n|player|p1|Priest3|palmer|1134\n|player|p2|sushirocket|volkner|1242\n|teamsize|p1|6\n|teamsize|p2|6\n|gen|9\n|tier|[Gen 9] VGC 2025 Reg I (Bo3)\n|rated|\n|rule|Species Clause: Limit one of each Pok\u00e9mon\n|rule|Item Clause: Limit 1 of each item\n|clearpoke\n|poke|p1|Rillaboom, L50, F|\n|poke|p1|Incineroar, L50, M|\n|poke|p1|Grimmsnarl, L50, M|\n|poke|p1|Zacian-*, L50|\n|poke|p1|Urshifu-*, L50, F|\n|poke|p1|Reshiram, L50|\n|poke|p2|Giratina-Origin, L50|\n|poke|p2|Dondozo, L50, F|\n|poke|p2|Ting-Lu, L50|\n|poke|p2|Raging Bolt, L50|\n|poke|p2|Zamazenta-*, L50|\n|poke|p2|Volcarona, L50, F|\n|teampreview|4\n|showteam|p1|Rillaboom||AssaultVest|GrassySurge|FakeOut,GrassyGlide,WoodHammer,Uturn|||F|||50|,,,,,Fire]Incineroar||SafetyGoggles|Intimidate|FakeOut,KnockOff,PartingShot,FlareBlitz|||M|||50|,,,,,Dark]Grimmsnarl||LightClay|Prankster|FoulPlay,LightScreen,Reflect,FakeOut|||M|||50|,,,,,Ghost]Zacian-Crowned||RustedSword|IntrepidSword|behemothblade,PlayRough,Protect,SwordsDance||||||50|,,,,,Fairy]Urshifu-Rapid-Strike||ChoiceScarf|UnseenFist|CloseCombat,SurgingStrikes,AquaJet,Uturn|||F|||50|,,,,,Fighting]Reshiram||CovertCloak|Turboblaze|FusionFlare,Protect,DracoMeteor,HelpingHand||||||50|,,,,,Fire\n|showteam|p2|Giratina-Origin||GriseousCore|Levitate|Poltergeist,DragonClaw,ShadowSneak,Protect||||||50|,,,,,Fire]Dondozo||Leftovers|Unaware|WaveCrash,Fissure,Yawn,Protect|||F|||50|,,,,,Grass]Ting-Lu||RockyHelmet|VesselofRuin|SandTomb,Ruination,Taunt,Protect||||||50|,,,,,Poison]Raging Bolt||AssaultVest|Protosynthesis|Electroweb,DragonPulse,Thunderclap,VoltSwitch||||||50|,,,,,Electric]Zamazenta-Crowned||RustedShield|DauntlessShield|BodyPress,behemothbash,WideGuard,Protect||||||50|,,,,,Dragon]Volcarona||SitrusBerry|FlameBody|FieryDance,QuiverDance,GigaDrain,Protect|||F|||50|,,,,,Grass\n|inactive|Battle timer is ON: inactive players will automatically lose when time's up. (requested by sushirocket)\n|inactive|Priest3 has 60 seconds left.\n|\n|t:|1746035731\n|start\n|switch|p1a: Zacian|Zacian-Crowned, L50, shiny|100/100\n|switch|p1b: Grimmsnarl|Grimmsnarl, L50, M|100/100\n|switch|p2a: Dondozo|Dondozo, L50, F|100/100\n|switch|p2b: Ting-Lu|Ting-Lu, L50|100/100\n|-ability|p1a: Zacian|Intrepid Sword|boost\n|-boost|p1a: Zacian|atk|1\n|-ability|p2b: Ting-Lu|Vessel of Ruin\n|turn|1\n|\n|t:|1746035751\n|-terastallize|p1a: Zacian|Fairy\n|move|p2b: Ting-Lu|Protect|p2b: Ting-Lu\n|-singleturn|p2b: Ting-Lu|Protect\n|move|p1b: Grimmsnarl|Fake Out|p2a: Dondozo\n|-damage|p2a: Dondozo|95/100\n|move|p1a: Zacian|Play Rough|p2b: Ting-Lu\n|-activate|p2b: Ting-Lu|move: Protect\n|cant|p2a: Dondozo|flinch\n|\n|-heal|p2a: Dondozo|100/100|[from] item: Leftovers\n|upkeep\n|turn|2\n|inactive|Priest3 has 30 seconds left.\n|inactive|sushirocket has 30 seconds left.\n|\n|t:|1746035779\n|-terastallize|p2b: Ting-Lu|Poison\n|move|p1a: Zacian|Protect|p1a: Zacian\n|-singleturn|p1a: Zacian|Protect\n|move|p1b: Grimmsnarl|Light Screen|p1b: Grimmsnarl\n|-sidestart|p1: Priest3|move: Light Screen\n|move|p2b: Ting-Lu|Sand Tomb|p1a: Zacian\n|-activate|p1a: Zacian|move: Protect\n|move|p2a: Dondozo|Yawn|p1a: Zacian\n|-activate|p1a: Zacian|move: Protect\n|\n|upkeep\n|turn|3\n|\n|t:|1746035800\n|move|p1b: Grimmsnarl|Reflect|p1b: Grimmsnarl\n|-sidestart|p1: Priest3|Reflect\n|move|p1a: Zacian|Play Rough|p2a: Dondozo\n|-damage|p2a: Dondozo|63/100\n|move|p2b: Ting-Lu|Sand Tomb|p1a: Zacian\n|-damage|p1a: Zacian|92/100\n|-activate|p1a: Zacian|move: Sand Tomb|[of] p2b: Ting-Lu\n|move|p2a: Dondozo|Yawn|p1a: Zacian\n|-start|p1a: Zacian|move: Yawn|[of] p2a: Dondozo\n|\n|-heal|p2a: Dondozo|69/100|[from] item: Leftovers\n|-damage|p1a: Zacian|79/100|[from] move: Sand Tomb|[partiallytrapped]\n|upkeep\n|turn|4\n|inactive|Priest3 has 30 seconds left.\n|\n|t:|1746035835\n|move|p2a: Dondozo|Protect|p2a: Dondozo\n|-singleturn|p2a: Dondozo|Protect\n|move|p1a: Zacian|Behemoth Blade|p2b: Ting-Lu\n|-damage|p2b: Ting-Lu|60/100\n|-damage|p1a: Zacian|63/100|[from] item: Rocky Helmet|[of] p2b: Ting-Lu\n|move|p1b: Grimmsnarl|Foul Play|p2b: Ting-Lu\n|-damage|p2b: Ting-Lu|42/100\n|-damage|p1b: Grimmsnarl|84/100|[from] item: Rocky Helmet|[of] p2b: Ting-Lu\n|move|p2b: Ting-Lu|Sand Tomb|p1b: Grimmsnarl\n|-damage|p1b: Grimmsnarl|74/100\n|-activate|p1b: Grimmsnarl|move: Sand Tomb|[of] p2b: Ting-Lu\n|\n|-heal|p2a: Dondozo|75/100|[from] item: Leftovers\n|-damage|p1a: Zacian|50/100|[from] move: Sand Tomb|[partiallytrapped]\n|-damage|p1b: Grimmsnarl|62/100|[from] move: Sand Tomb|[partiallytrapped]\n|-end|p1a: Zacian|move: Yawn|[silent]\n|-status|p1a: Zacian|slp\n|upkeep\n|turn|5\n|inactive|Priest3 has 30 seconds left.\n|inactive|sushirocket has 30 seconds left.\n|\n|t:|1746035866\n|cant|p1a: Zacian|slp\n|move|p1b: Grimmsnarl|Foul Play|p2a: Dondozo\n|-damage|p2a: Dondozo|58/100\n|move|p2b: Ting-Lu|Ruination|p1a: Zacian\n|-damage|p1a: Zacian|26/100 slp\n|move|p2a: Dondozo|Yawn|p1b: Grimmsnarl\n|-start|p1b: Grimmsnarl|move: Yawn|[of] p2a: Dondozo\n|\n|-heal|p2a: Dondozo|64/100|[from] item: Leftovers\n|-damage|p1a: Zacian|13/100 slp|[from] move: Sand Tomb|[partiallytrapped]\n|-damage|p1b: Grimmsnarl|49/100|[from] move: Sand Tomb|[partiallytrapped]\n|upkeep\n|turn|6\n|\n|t:|1746035883\n|cant|p1a: Zacian|slp\n|move|p1b: Grimmsnarl|Foul Play|p2b: Ting-Lu\n|-damage|p2b: Ting-Lu|26/100\n|-damage|p1b: Grimmsnarl|33/100|[from] item: Rocky Helmet|[of] p2b: Ting-Lu\n|move|p2b: Ting-Lu|Ruination|p1b: Grimmsnarl\n|-damage|p1b: Grimmsnarl|17/100\n|move|p2a: Dondozo|Wave Crash|p1b: Grimmsnarl\n|-damage|p1b: Grimmsnarl|0 fnt\n|faint|p1b: Grimmsnarl\n|-damage|p2a: Dondozo|59/100|[from] Recoil\n|\n|-heal|p2a: Dondozo|66/100|[from] item: Leftovers\n|-damage|p1a: Zacian|1/100 slp|[from] move: Sand Tomb|[partiallytrapped]\n|upkeep\n|\n|t:|1746035904\n|switch|p1b: Reshiram|Reshiram, L50|100/100\n|-ability|p1b: Reshiram|Turboblaze\n|turn|7\n|\n|t:|1746035923\n|move|p2b: Ting-Lu|Protect|p2b: Ting-Lu\n|-singleturn|p2b: Ting-Lu|Protect\n|cant|p1a: Zacian|slp\n|move|p1b: Reshiram|Draco Meteor|p2a: Dondozo\n|-damage|p2a: Dondozo|20/100\n|-unboost|p1b: Reshiram|spa|2\n|move|p2a: Dondozo|Yawn|p1b: Reshiram\n|-start|p1b: Reshiram|move: Yawn|[of] p2a: Dondozo\n|\n|-heal|p2a: Dondozo|26/100|[from] item: Leftovers\n|-damage|p1a: Zacian|0 fnt|[from] move: Sand Tomb|[partiallytrapped]\n|faint|p1a: Zacian\n|upkeep\n|\n|t:|1746035935\n|switch|p1a: Rillaboom|Rillaboom, L50, F|100/100\n|-fieldstart|move: Grassy Terrain|[from] ability: Grassy Surge|[of] p1a: Rillaboom\n|turn|8\n|\n|t:|1746035945\n|move|p2a: Dondozo|Protect|p2a: Dondozo\n|-singleturn|p2a: Dondozo|Protect\n|move|p1b: Reshiram|Fusion Flare|p2b: Ting-Lu\n|-damage|p2b: Ting-Lu|10/100\n|move|p1a: Rillaboom|Wood Hammer|p2a: Dondozo\n|-activate|p2a: Dondozo|move: Protect\n|move|p2b: Ting-Lu|Sand Tomb|p1b: Reshiram\n|-supereffective|p1b: Reshiram\n|-damage|p1b: Reshiram|88/100\n|-activate|p1b: Reshiram|move: Sand Tomb|[of] p2b: Ting-Lu\n|\n|-heal|p1b: Reshiram|94/100|[from] Grassy Terrain\n|-heal|p2b: Ting-Lu|16/100|[from] Grassy Terrain\n|-heal|p2a: Dondozo|32/100|[from] Grassy Terrain\n|-heal|p2a: Dondozo|38/100|[from] item: Leftovers\n|-damage|p1b: Reshiram|82/100|[from] move: Sand Tomb|[partiallytrapped]\n|-end|p1b: Reshiram|move: Yawn|[silent]\n|-status|p1b: Reshiram|slp\n|upkeep\n|turn|9\n|\n|t:|1746035970\n|cant|p1b: Reshiram|slp\n|move|p1a: Rillaboom|Wood Hammer|p2a: Dondozo\n|-supereffective|p2a: Dondozo\n|-damage|p2a: Dondozo|0 fnt\n|faint|p2a: Dondozo\n|-damage|p1a: Rillaboom|85/100|[from] Recoil\n|move|p2b: Ting-Lu|Sand Tomb|p1a: Rillaboom\n|-resisted|p1a: Rillaboom\n|-damage|p1a: Rillaboom|81/100\n|-activate|p1a: Rillaboom|move: Sand Tomb|[of] p2b: Ting-Lu\n|\n|-heal|p1b: Reshiram|88/100 slp|[from] Grassy Terrain\n|-heal|p1a: Rillaboom|87/100|[from] Grassy Terrain\n|-heal|p2b: Ting-Lu|22/100|[from] Grassy Terrain\n|-damage|p1b: Reshiram|76/100 slp|[from] move: Sand Tomb|[partiallytrapped]\n|-damage|p1a: Rillaboom|75/100|[from] move: Sand Tomb|[partiallytrapped]\n|-sideend|p1: Priest3|move: Light Screen\n|upkeep\n|\n|t:|1746035974\n|switch|p2a: Volcarona|Volcarona, L50, F|100/100\n|turn|10\n|\n|t:|1746035992\n|move|p2a: Volcarona|Quiver Dance|p2a: Volcarona\n|-boost|p2a: Volcarona|spa|1\n|-boost|p2a: Volcarona|spd|1\n|-boost|p2a: Volcarona|spe|1\n|cant|p1b: Reshiram|slp\n|move|p1a: Rillaboom|Wood Hammer|p2b: Ting-Lu\n|-resisted|p2b: Ting-Lu\n|-damage|p2b: Ting-Lu|3/100\n|-damage|p1a: Rillaboom|58/100|[from] item: Rocky Helmet|[of] p2b: Ting-Lu\n|-damage|p1a: Rillaboom|50/100|[from] Recoil\n|move|p2b: Ting-Lu|Ruination|p1b: Reshiram\n|-damage|p1b: Reshiram|38/100 slp\n|\n|-heal|p1b: Reshiram|44/100 slp|[from] Grassy Terrain\n|-heal|p1a: Rillaboom|56/100|[from] Grassy Terrain\n|-heal|p2b: Ting-Lu|9/100|[from] Grassy Terrain\n|-damage|p1b: Reshiram|32/100 slp|[from] move: Sand Tomb|[partiallytrapped]\n|-damage|p1a: Rillaboom|44/100|[from] move: Sand Tomb|[partiallytrapped]\n|-sideend|p1: Priest3|Reflect\n|upkeep\n|turn|11\n|\n|t:|1746036014\n|move|p1a: Rillaboom|Grassy Glide|p2b: Ting-Lu\n|-resisted|p2b: Ting-Lu\n|-damage|p2b: Ting-Lu|0 fnt\n|-damage|p1a: Rillaboom|28/100|[from] item: Rocky Helmet|[of] p2b: Ting-Lu\n|faint|p2b: Ting-Lu\n|move|p2a: Volcarona|Fiery Dance|p1a: Rillaboom\n|-supereffective|p1a: Rillaboom\n|-damage|p1a: Rillaboom|0 fnt\n|-boost|p2a: Volcarona|spa|1\n|faint|p1a: Rillaboom\n|-curestatus|p1b: Reshiram|slp|[msg]\n|move|p1b: Reshiram|Fusion Flare|p2a: Volcarona\n|-damage|p2a: Volcarona|81/100\n|\n|-heal|p2a: Volcarona|88/100|[from] Grassy Terrain\n|-heal|p1b: Reshiram|38/100|[from] Grassy Terrain\n|-end|p1b: Reshiram|Sand Tomb|[partiallytrapped]|[silent]\n|upkeep\n|\n|t:|1746036018\n|switch|p2b: Zamazenta|Zamazenta-Crowned, L50|100/100\n|-ability|p2b: Zamazenta|Dauntless Shield|boost\n|-boost|p2b: Zamazenta|def|1\n|turn|12\n|\n|t:|1746036033\n|move|p2a: Volcarona|Fiery Dance|p1b: Reshiram\n|-resisted|p1b: Reshiram\n|-damage|p1b: Reshiram|22/100\n|-boost|p2a: Volcarona|spa|1\n|move|p2b: Zamazenta|Body Press|p1b: Reshiram\n|-damage|p1b: Reshiram|0 fnt\n|faint|p1b: Reshiram\n|\n|win|sushirocket\n||Priest3 is ready for game 2.\n||sushirocket is ready for game 2.\n|uhtml|next|Next: <a href=\"/battle-gen9vgc2025regibo3-2354114003\"><strong>Game 2 of 3</strong></a>\n", "uploadtime": 1746036321, "views": 6, "formatid": "gen9vgc2025regibo3", "rating": null, "private": 0, "password": null}