{"id": "gen9vgc2025regibo3-2354791469", "format": "[Gen 9] VGC 2025 Reg I (Bo3)", "players": ["pepe1994uchia", "HunterOnShowdown"], "log": "|j|\u2606pepe1994uchia\n|j|\u2606HunterOnShowdown\n|html|<table width=\"100%\"><tr><td align=\"left\">pepe1994uchia</td><td align=\"right\">HunterOnShowdown</tr><tr><td align=\"left\"><i class=\"fa fa-circle-o\"></i> <i class=\"fa fa-circle-o\"></i> </td><td align=\"right\"><i class=\"fa fa-circle-o\"></i> <i class=\"fa fa-circle\"></i> </tr></table>\n|uhtml|bestof|<h2><strong>Game 2</strong> of <a href=\"/game-bestof3-gen9vgc2025regibo3-2354788113\">a best-of-3</a></h2>\n|t:|1746120101\n|gametype|doubles\n|player|p1|pepe1994uchia|n|1153\n|player|p2|HunterOnShowdown|hilbert-masters2|1162\n|teamsize|p1|6\n|teamsize|p2|6\n|gen|9\n|tier|[Gen 9] VGC 2025 Reg I (Bo3)\n|rated|\n|rule|Species Clause: Limit one of each Pok\u00e9mon\n|rule|Item Clause: Limit 1 of each item\n|clearpoke\n|poke|p1|Koraidon, L50|\n|poke|p1|Ho-Oh, L50|\n|poke|p1|Iron Crown, L50|\n|poke|p1|Whimsicott, L50, M|\n|poke|p1|Indeedee-F, L50, F|\n|poke|p1|Raging Bolt, L50|\n|poke|p2|Reshiram, L50|\n|poke|p2|Terapagos, L50, M|\n|poke|p2|Whimsicott, L50, F|\n|poke|p2|Ogerpon-Wellspring, L50, F|\n|poke|p2|Incineroar, L50, F|\n|poke|p2|Urshifu-*, L50, M|\n|teampreview|4\n|showteam|p1|Koraidon||ClearAmulet|OrichalcumPulse|FlareBlitz,CollisionCourse,BreakingSwipe,Protect||||||50|,,,,,Fire]Ho-Oh||RockyHelmet|Regenerator|SacredFire,BraveBird,LifeDew,Protect||||||50|,,,,,Dragon]Iron Crown||BoosterEnergy|QuarkDrive|ExpandingForce,TachyonCutter,TeraBlast,Protect||||||50|,,,,,Ground]Whimsicott||CovertCloak|Prankster|Moonblast,SunnyDay,Tailwind,Encore|||M|||50|,,,,,Dark]Indeedee-F||PsychicSeed|PsychicSurge|Psychic,Imprison,FollowMe,TrickRoom|||F|||50|,,,,,Fairy]Raging Bolt||AssaultVest|Protosynthesis|DracoMeteor,Thunderbolt,Thunderclap,Electroweb||||||50|,,,,,Bug\n|showteam|p2|Reshiram||FlamePlate|Turboblaze|BlueFlare,DracoMeteor,EarthPower,Protect||||||50|,,,,,Fairy]Terapagos||Leftovers|TeraShift|Protect,TeraStarstorm,DarkPulse,CalmMind|||M|||50|,,,,,Stellar]Whimsicott||CovertCloak|Prankster|Tailwind,Moonblast,LightScreen,Encore|||F|||50|,,,,,Dark]Ogerpon-Wellspring||WellspringMask|WaterAbsorb|IvyCudgel,SpikyShield,HornLeech,FollowMe|||F|||50|,,,,,Water]Incineroar||AssaultVest|Intimidate|Uturn,FlareBlitz,KnockOff,FakeOut|||F|||50|,,,,,Bug]Urshifu-Rapid-Strike||MysticWater|UnseenFist|Detect,CloseCombat,SurgingStrikes,Taunt|||M|||50|,,,,,Water\n|inactive|Battle timer is ON: inactive players will automatically lose when time's up. (requested by HunterOnShowdown)\n|inactive|pepe1994uchia has 60 seconds left.\n|inactive|HunterOnShowdown has 60 seconds left.\n|inactive|pepe1994uchia has 30 seconds left.\n|\n|t:|1746120165\n|start\n|switch|p1a: Indeedee|Indeedee-F, L50, F|100/100\n|switch|p1b: Iron Crown|Iron Crown, L50|100/100\n|switch|p2a: Reshiram|Reshiram, L50|100/100\n|switch|p2b: Whimsicott|Whimsicott, L50, F|100/100\n|-ability|p2a: Reshiram|Turboblaze\n|-fieldstart|move: Psychic Terrain|[from] ability: Psychic Surge|[of] p1a: Indeedee\n|-enditem|p1a: Indeedee|Psychic Seed\n|-boost|p1a: Indeedee|spd|1|[from] item: Psychic Seed\n|-enditem|p1b: Iron Crown|Booster Energy\n|-activate|p1b: Iron Crown|ability: Quark Drive|[fromitem]\n|-start|p1b: Iron Crown|quarkdrivespa\n|turn|1\n|\n|t:|1746120188\n|switch|p2a: Terapagos|Terapagos, L50, M|100/100\n|-activate|p2a: Terapagos|ability: Tera Shift\n|detailschange|p2a: Terapagos|Terapagos-Terastal, L50, M\n|-heal|p2a: Terapagos|100/100|[silent]\n|move|p1b: Iron Crown|Protect|p1b: Iron Crown\n|-singleturn|p1b: Iron Crown|Protect\n|move|p2b: Whimsicott|Light Screen|p2b: Whimsicott\n|-sidestart|p2: HunterOnShowdown|move: Light Screen\n|move|p1a: Indeedee|Trick Room|p1a: Indeedee\n|-fieldstart|move: Trick Room|[of] p1a: Indeedee\n|\n|upkeep\n|turn|2\n|\n|t:|1746120205\n|switch|p2b: Ogerpon|Ogerpon-Wellspring, L50, F|100/100\n|move|p1a: Indeedee|Psychic|p2a: Terapagos\n|-activate|p2a: Terapagos|ability: Tera Shell\n|-resisted|p2a: Terapagos\n|-damage|p2a: Terapagos|90/100\n|move|p2a: Terapagos|Calm Mind|p2a: Terapagos\n|-boost|p2a: Terapagos|spa|1\n|-boost|p2a: Terapagos|spd|1\n|move|p1b: Iron Crown|Expanding Force|p2a: Terapagos|[spread] p2a,p2b\n|-damage|p2a: Terapagos|56/100\n|-damage|p2b: Ogerpon|45/100\n|\n|-heal|p2a: Terapagos|62/100|[from] item: Leftovers\n|upkeep\n|turn|3\n|\n|t:|1746120220\n|-terastallize|p2a: Terapagos|Stellar\n|detailschange|p2a: Terapagos|Terapagos-Stellar, L50, M, tera:Stellar\n|-heal|p2a: Terapagos|72/100|[silent]\n|-ability|p2a: Terapagos|Teraform Zero\n|-fieldend|move: Psychic Terrain\n|move|p2b: Ogerpon|Spiky Shield|p2b: Ogerpon\n|-singleturn|p2b: Ogerpon|move: Protect\n|move|p1a: Indeedee|Psychic|p2a: Terapagos\n|-crit|p2a: Terapagos\n|-damage|p2a: Terapagos|42/100\n|move|p2a: Terapagos|Calm Mind|p2a: Terapagos\n|-boost|p2a: Terapagos|spa|1\n|-boost|p2a: Terapagos|spd|1\n|move|p1b: Iron Crown|Expanding Force|p2a: Terapagos\n|-damage|p2a: Terapagos|30/100\n|\n|-heal|p2a: Terapagos|36/100|[from] item: Leftovers\n|upkeep\n|turn|4\n|\n|t:|1746120235\n|move|p1a: Indeedee|Psychic|p2a: Terapagos\n|-damage|p2a: Terapagos|29/100\n|-unboost|p2a: Terapagos|spd|1\n|move|p2a: Terapagos|Dark Pulse|p1a: Indeedee\n|-supereffective|p1a: Indeedee\n|-damage|p1a: Indeedee|0 fnt\n|faint|p1a: Indeedee\n|move|p1b: Iron Crown|Expanding Force|p2a: Terapagos\n|-damage|p2a: Terapagos|12/100\n|move|p2b: Ogerpon|Horn Leech|p1b: Iron Crown\n|-resisted|p1b: Iron Crown\n|-damage|p1b: Iron Crown|82/100\n|-heal|p2b: Ogerpon|55/100|[from] drain|[of] p1b: Iron Crown\n|\n|-heal|p2a: Terapagos|18/100|[from] item: Leftovers\n|upkeep\n|\n|t:|1746120248\n|switch|p1a: Koraidon|Koraidon, L50|100/100\n|-weather|SunnyDay|[from] ability: Orichalcum Pulse|[of] p1a: Koraidon\n|-activate|p1a: Koraidon|Orichalcum Pulse|[source]\n|turn|5\n|\n|t:|1746120268\n|switch|p2b: Whimsicott|Whimsicott, L50, F|100/100\n|move|p1a: Koraidon|Protect|p1a: Koraidon\n|-singleturn|p1a: Koraidon|Protect\n|move|p2a: Terapagos|Tera Starstorm|p1a: Koraidon|[spread] p1b\n|-activate|p1a: Koraidon|move: Protect\n|-crit|p1b: Iron Crown\n|-damage|p1b: Iron Crown|0 fnt\n|faint|p1b: Iron Crown\n|-end|p1b: Iron Crown|Quark Drive|[silent]\n|\n|-weather|SunnyDay|[upkeep]\n|-heal|p2a: Terapagos|25/100|[from] item: Leftovers\n|-sideend|p2: HunterOnShowdown|move: Light Screen\n|-fieldend|move: Trick Room\n|upkeep\n|\n|t:|1746120276\n|switch|p1b: Ho-Oh|Ho-Oh, L50|100/100\n|turn|6\n|\n|t:|1746120281\n|move|p2b: Whimsicott|Tailwind|p2b: Whimsicott\n|-sidestart|p2: HunterOnShowdown|move: Tailwind\n|move|p2a: Terapagos|Tera Starstorm|p1a: Koraidon|[spread] p1a,p1b\n|-crit|p1a: Koraidon\n|-damage|p1a: Koraidon|0 fnt\n|-damage|p1b: Ho-Oh|49/100\n|faint|p1a: Koraidon\n|move|p1b: Ho-Oh|Sacred Fire|p2b: Whimsicott\n|-supereffective|p2b: Whimsicott\n|-damage|p2b: Whimsicott|0 fnt\n|faint|p2b: Whimsicott\n|\n|-weather|SunnyDay|[upkeep]\n|-heal|p2a: Terapagos|31/100|[from] item: Leftovers\n|upkeep\n|\n|t:|1746120286\n|switch|p2b: Ogerpon|Ogerpon-Wellspring, L50, F|55/100\n|turn|7\n|\n|t:|1746120293\n|move|p2b: Ogerpon|Ivy Cudgel|p1b: Ho-Oh|[anim] Ivy Cudgel Water\n|-supereffective|p1b: Ho-Oh\n|-damage|p1b: Ho-Oh|0 fnt\n|faint|p1b: Ho-Oh\n|\n|win|HunterOnShowdown\n|raw|pepe1994uchia's rating: 1153 &rarr; <strong>1129</strong><br />(-24 for losing)\n|raw|HunterOnShowdown's rating: 1162 &rarr; <strong>1186</strong><br />(+24 for winning)\n|l|\u2606pepe1994uchia\n|player|p1|\n|l|\u2606HunterOnShowdown\n|player|p2|\n", "uploadtime": 1746120433, "views": 11, "formatid": "gen9vgc2025regibo3", "rating": 1129, "private": 0, "password": null}