{"id": "gen9vgc2025regibo3-2354068729", "format": "[Gen 9] VGC 2025 Reg I (Bo3)", "players": ["JahalaBoy", "Elgranaino"], "log": "|j|\u2606JahalaBoy\n|j|\u2606Elgranaino\n|html|<table width=\"100%\"><tr><td align=\"left\">JahalaBoy</td><td align=\"right\">Elgranaino</tr><tr><td align=\"left\"><i class=\"fa fa-circle-o\"></i> <i class=\"fa fa-circle-o\"></i> </td><td align=\"right\"><i class=\"fa fa-circle-o\"></i> <i class=\"fa fa-circle-o\"></i> </tr></table>\n|uhtml|bestof|<h2><strong>Game 1</strong> of <a href=\"/game-bestof3-gen9vgc2025regibo3-2354068728\">a best-of-3</a></h2>\n|t:|1746032162\n|gametype|doubles\n|player|p1|JahalaBoy|266|1096\n|player|p2|Elgranaino|ghetsis-gen5bw|1112\n|teamsize|p1|6\n|teamsize|p2|6\n|gen|9\n|tier|[Gen 9] VGC 2025 Reg I (Bo3)\n|rated|\n|rule|Species Clause: Limit one of each Pok\u00e9mon\n|rule|Item Clause: Limit 1 of each item\n|clearpoke\n|poke|p1|Amoonguss, L50, F|\n|poke|p1|Incineroar, L50, F|\n|poke|p1|Kyogre, L50|\n|poke|p1|Kingdra, L50, M|\n|poke|p1|Archaludon, L50, M|\n|poke|p1|Solgaleo, L50|\n|poke|p2|Calyrex-Shadow, L50|\n|poke|p2|Terapagos, L50, M|\n|poke|p2|Incineroar, L50, M|\n|poke|p2|Rillaboom, L50, F|\n|poke|p2|Amoonguss, L50, M|\n|poke|p2|Urshifu-*, L50, M|\n|teampreview|4\n|showteam|p1|Amoonguss||SitrusBerry|Regenerator|PollenPuff,Protect,RagePowder,Spore|||F|||50|,,,,,Fairy]Incineroar||SafetyGoggles|Intimidate|FakeOut,KnockOff,PartingShot,WillOWisp|||F|||50|,,,,,Grass]Kyogre||Leftovers|Drizzle|OriginPulse,CalmMind,IceBeam,Protect||||||50|,,,,,Grass]Kingdra||LifeOrb|SwiftSwim|Hurricane,MuddyWater,DracoMeteor,Protect|||M|||50|,,,,,Stellar]Archaludon||AssaultVest|Stamina|ElectroShot,BodyPress,FlashCannon,DracoMeteor|||M|||50|,,,,,Ghost]Solgaleo||ChestoBerry|FullMetalBody|SunsteelStrike,Rest,FlameCharge,CosmicPower||||||50|,,,,,Fire\n|showteam|p2|Calyrex-Shadow||FocusSash|AsOneSpectrier|AstralBarrage,WillOWisp,Disable,Protect||||||50|,,,,,Ghost]Terapagos||Leftovers|TeraShift|TeraStarstorm,EarthPower,CalmMind,Protect|||M|||50|,,,,,Stellar]Incineroar||SafetyGoggles|Intimidate|WillOWisp,KnockOff,FakeOut,PartingShot|||M|||50|,,,,,Bug]Rillaboom||AssaultVest|GrassySurge|FakeOut,WoodHammer,Uturn,GrassyGlide|||F|||50|,,,,,Grass]Amoonguss||RockyHelmet|Regenerator|Protect,Spore,RagePowder,SludgeBomb|||M|||50|,,,,,Water]Urshifu-Rapid-Strike||ChoiceScarf|UnseenFist|RockTomb,SurgingStrikes,Uturn,CloseCombat|||M|||50|,,,,,Water\n|inactive|Battle timer is ON: inactive players will automatically lose when time's up. (requested by JahalaBoy)\n|inactive|Elgranaino has 60 seconds left.\n|\n|t:|1746032240\n|start\n|switch|p1a: Incineroar|Incineroar, L50, F|100/100\n|switch|p1b: Solgaleo|Solgaleo, L50|100/100\n|switch|p2a: Amoonguss|Amoonguss, L50, M|100/100\n|switch|p2b: Terapagos|Terapagos, L50, M|100/100\n|-activate|p2b: Terapagos|ability: Tera Shift\n|detailschange|p2b: Terapagos|Terapagos-Terastal, L50, M\n|-heal|p2b: Terapagos|100/100|[silent]\n|-ability|p1a: Incineroar|Intimidate|boost\n|-unboost|p2a: Amoonguss|atk|1\n|-unboost|p2b: Terapagos|atk|1\n|turn|1\n|\n|t:|1746032263\n|move|p2b: Terapagos|Protect|p2b: Terapagos\n|-singleturn|p2b: Terapagos|Protect\n|move|p2a: Amoonguss|Protect|p2a: Amoonguss\n|-singleturn|p2a: Amoonguss|Protect\n|move|p1a: Incineroar|Fake Out|p2a: Amoonguss\n|-activate|p2a: Amoonguss|move: Protect\n|move|p1b: Solgaleo|Flame Charge|p2a: Amoonguss\n|-activate|p2a: Amoonguss|move: Protect\n|\n|upkeep\n|turn|2\n|inactive|JahalaBoy has 30 seconds left.\n|inactive|JahalaBoy has 20 seconds left.\n|inactive|JahalaBoy has 15 seconds left.\n|\n|t:|1746032304\n|move|p1b: Solgaleo|Flame Charge|p2a: Amoonguss\n|-supereffective|p2a: Amoonguss\n|-damage|p2a: Amoonguss|68/100\n|-boost|p1b: Solgaleo|spe|1\n|-damage|p1b: Solgaleo|84/100|[from] item: Rocky Helmet|[of] p2a: Amoonguss\n|move|p2b: Terapagos|Calm Mind|p2b: Terapagos\n|-boost|p2b: Terapagos|spa|1\n|-boost|p2b: Terapagos|spd|1\n|move|p1a: Incineroar|Parting Shot|p2b: Terapagos\n|-unboost|p2b: Terapagos|atk|1\n|-unboost|p2b: Terapagos|spa|1\n|\n|t:|1746032312\n|switch|p1a: Kyogre|Kyogre, L50|100/100|[from] Parting Shot\n|-weather|RainDance|[from] ability: Drizzle|[of] p1a: Kyogre\n|move|p2a: Amoonguss|Spore|p1b: Solgaleo\n|-status|p1b: Solgaleo|slp|[from] move: Spore\n|-enditem|p1b: Solgaleo|Chesto Berry|[eat]\n|-curestatus|p1b: Solgaleo|slp|[msg]\n|\n|-weather|RainDance|[upkeep]\n|upkeep\n|turn|3\n|\n|t:|1746032336\n|-terastallize|p2b: Terapagos|Stellar\n|detailschange|p2b: Terapagos|Terapagos-Stellar, L50, M, tera:Stellar\n|-heal|p2b: Terapagos|100/100|[silent]\n|-ability|p2b: Terapagos|Teraform Zero\n|-weather|none\n|move|p1b: Solgaleo|Flame Charge|p2b: Terapagos\n|-damage|p2b: Terapagos|90/100\n|-boost|p1b: Solgaleo|spe|1\n|move|p1a: Kyogre|Ice Beam|p2a: Amoonguss\n|-supereffective|p2a: Amoonguss\n|-damage|p2a: Amoonguss|7/100\n|move|p2b: Terapagos|Tera Starstorm|p1b: Solgaleo|[spread] p1a,p1b\n|-damage|p1a: Kyogre|78/100\n|-damage|p1b: Solgaleo|55/100\n|move|p2a: Amoonguss|Spore|p1a: Kyogre\n|-status|p1a: Kyogre|slp|[from] move: Spore\n|\n|-heal|p1a: Kyogre|84/100 slp|[from] item: Leftovers\n|-heal|p2b: Terapagos|97/100|[from] item: Leftovers\n|upkeep\n|turn|4\n|\n|t:|1746032357\n|move|p1b: Solgaleo|Cosmic Power|p1b: Solgaleo\n|-boost|p1b: Solgaleo|def|1\n|-boost|p1b: Solgaleo|spd|1\n|cant|p1a: Kyogre|slp\n|move|p2b: Terapagos|Calm Mind|p2b: Terapagos\n|-boost|p2b: Terapagos|spa|1\n|-boost|p2b: Terapagos|spd|1\n|move|p2a: Amoonguss|Spore|p1b: Solgaleo\n|-status|p1b: Solgaleo|slp|[from] move: Spore\n|\n|-heal|p1a: Kyogre|91/100 slp|[from] item: Leftovers\n|-heal|p2b: Terapagos|100/100|[from] item: Leftovers\n|upkeep\n|turn|5\n|\n|t:|1746032375\n|switch|p2a: Rillaboom|Rillaboom, L50, F|100/100\n|-fieldstart|move: Grassy Terrain|[from] ability: Grassy Surge|[of] p2a: Rillaboom\n|cant|p1b: Solgaleo|slp\n|cant|p1a: Kyogre|slp\n|move|p2b: Terapagos|Tera Starstorm|p1a: Kyogre|[spread] p1a,p1b\n|-damage|p1a: Kyogre|52/100 slp\n|-damage|p1b: Solgaleo|26/100 slp\n|\n|-heal|p1b: Solgaleo|32/100 slp|[from] Grassy Terrain\n|-heal|p1a: Kyogre|58/100 slp|[from] Grassy Terrain\n|-heal|p1a: Kyogre|65/100 slp|[from] item: Leftovers\n|upkeep\n|turn|6\n|\n|t:|1746032390\n|-terastallize|p1a: Kyogre|Grass\n|move|p2a: Rillaboom|Grassy Glide|p1a: Kyogre\n|-resisted|p1a: Kyogre\n|-damage|p1a: Kyogre|50/100 slp\n|cant|p1b: Solgaleo|slp\n|cant|p1a: Kyogre|slp\n|move|p2b: Terapagos|Earth Power|p1b: Solgaleo\n|-supereffective|p1b: Solgaleo\n|-damage|p1b: Solgaleo|0 fnt\n|faint|p1b: Solgaleo\n|\n|-heal|p1a: Kyogre|57/100 slp|[from] Grassy Terrain\n|-heal|p1a: Kyogre|63/100 slp|[from] item: Leftovers\n|upkeep\n|\n|t:|1746032401\n|switch|p1b: Incineroar|Incineroar, L50, F|100/100\n|-ability|p1b: Incineroar|Intimidate|boost\n|-unboost|p2a: Rillaboom|atk|1\n|-unboost|p2b: Terapagos|atk|1\n|turn|7\n|\n|t:|1746032414\n|move|p1b: Incineroar|Fake Out|p2b: Terapagos\n|-damage|p2b: Terapagos|95/100\n|-curestatus|p1a: Kyogre|slp|[msg]\n|move|p1a: Kyogre|Ice Beam|p2a: Rillaboom\n|-supereffective|p2a: Rillaboom\n|-damage|p2a: Rillaboom|57/100\n|cant|p2b: Terapagos|flinch\n|move|p2a: Rillaboom|U-turn|p1a: Kyogre\n|-supereffective|p1a: Kyogre\n|-crit|p1a: Kyogre\n|-damage|p1a: Kyogre|12/100\n|-message|JahalaBoy forfeited.\n|\n|win|Elgranaino\n|l|\u2606JahalaBoy\n|player|p1|\n||Elgranaino is ready for game 2.\n|inactive|JahalaBoy has 30 seconds to confirm battle start!\n|inactive|JahalaBoy has 20 seconds to confirm battle start!\n|inactive|JahalaBoy has 10 seconds to confirm battle start!\n|uhtml|next|Next: <a href=\"/battle-gen9vgc2025regibo3-2354072137\"><strong>Game 2 of 3</strong></a>\n", "uploadtime": 1746032488, "views": 16, "formatid": "gen9vgc2025regibo3", "rating": null, "private": 0, "password": null}