{"id": "gen9vgc2025regibo3-2354107934", "format": "[Gen 9] VGC 2025 Reg I (Bo3)", "players": ["Paris gurll", "Adrianeto123"], "log": "|j|\u2606Paris gurll\n|j|\u2606Adrianeto123\n|html|<table width=\"100%\"><tr><td align=\"left\">Paris gurll</td><td align=\"right\">Adrianeto123</tr><tr><td align=\"left\"><i class=\"fa fa-circle-o\"></i> <i class=\"fa fa-circle-o\"></i> </td><td align=\"right\"><i class=\"fa fa-circle-o\"></i> <i class=\"fa fa-circle-o\"></i> </tr></table>\n|uhtml|bestof|<h2><strong>Game 1</strong> of <a href=\"/game-bestof3-gen9vgc2025regibo3-2354107933\">a best-of-3</a></h2>\n|t:|1746035516\n|gametype|doubles\n|player|p1|Paris gurll|101|1063\n|player|p2|Adrianeto123|alder|1040\n|teamsize|p1|6\n|teamsize|p2|6\n|gen|9\n|tier|[Gen 9] VGC 2025 Reg I (Bo3)\n|rated|\n|rule|Species Clause: Limit one of each Pok\u00e9mon\n|rule|Item Clause: Limit 1 of each item\n|clearpoke\n|poke|p1|Ceruledge, L50, F|\n|poke|p1|Tornadus, L50, M|\n|poke|p1|Miraidon, L50|\n|poke|p1|Urshifu-*, L50, F|\n|poke|p1|Incineroar, L50, F|\n|poke|p1|Calyrex-Shadow, L50|\n|poke|p2|Rayquaza, L50|\n|poke|p2|Kyogre, L50|\n|poke|p2|Raichu, L50, F|\n|poke|p2|Flutter Mane, L50|\n|poke|p2|Urshifu-*, L50, M|\n|poke|p2|Scizor, L50, M|\n|teampreview|4\n|showteam|p1|Ceruledge||LifeOrb|FlashFire|BitterBlade,ShadowSneak,CloseCombat,Protect|||F|||50|,,,,,Grass]Tornadus||CovertCloak|Prankster|Tailwind,BleakwindStorm,RainDance,Protect|||M|||50|,,,,,Steel]Miraidon||ChoiceSpecs|HadronEngine|ElectroDrift,VoltSwitch,DazzlingGleam,DracoMeteor||||||50|,,,,,Fairy]Urshifu||FocusSash|UnseenFist|SuckerPunch,WickedBlow,CloseCombat,Detect|||F|||50|,,,,,Stellar]Incineroar||SafetyGoggles|Intimidate|KnockOff,HelpingHand,FakeOut,PartingShot|||F|||50|,,,,,Water]Calyrex-Shadow||SpellTag|AsOneSpectrier|AstralBarrage,GigaDrain,NastyPlot,Protect||||||50|,,,,,Normal\n|showteam|p2|Rayquaza||ClearAmulet|AirLock|DragonAscent,SwordsDance,ExtremeSpeed,Protect||||||50|,,,,,Normal]Kyogre||MysticWater|Drizzle|WaterSpout,OriginPulse,IceBeam,Protect||||||50|,,,,,Water]Raichu||AssaultVest|LightningRod|FakeOut,Electroweb,VoltSwitch,UpperHand|||F|||50|,,,,,Flying]Flutter Mane||BoosterEnergy|Protosynthesis|Moonblast,ShadowBall,IcyWind,Protect||||||50|,,,,,Fairy]Urshifu-Rapid-Strike||FocusSash|UnseenFist|SurgingStrikes,CloseCombat,Taunt,Detect|||M|||50|,,,,,Stellar]Scizor||ChoiceBand|Technician|BugBite,BulletPunch,DualWingbeat,CloseCombat|||M|||50|,,,,,Flying\n|inactive|Battle timer is ON: inactive players will automatically lose when time's up. (requested by Adrianeto123)\n|\n|t:|1746035554\n|start\n|switch|p1a: Shrek 2|Incineroar, L50, F, shiny|100/100\n|switch|p1b: Panic at the disco|Calyrex-Shadow, L50|100/100\n|switch|p2a: Kyogre|Kyogre, L50, shiny|100/100\n|switch|p2b: Raichu|Raichu, L50, F, shiny|100/100\n|-ability|p1b: Panic at the disco|As One\n|-ability|p1b: Panic at the disco|Unnerve\n|-weather|RainDance|[from] ability: Drizzle|[of] p2a: Kyogre\n|-ability|p1a: Shrek 2|Intimidate|boost\n|-unboost|p2a: Kyogre|atk|1\n|-unboost|p2b: Raichu|atk|1\n|turn|1\n|l|\u2606Paris gurll\n|inactive|Paris gurll disconnected and has a minute to reconnect!\n|player|p1|\n|inactive|Paris gurll has 30 seconds left.\n|j|\u2606Paris gurll\n|inactive|Paris gurll reconnected and has 25 seconds left.\n|player|p1|Paris gurll|101|\n|inactive|Paris gurll has 20 seconds left.\n|\n|t:|1746035592\n|move|p2b: Raichu|Fake Out|p1a: Shrek 2\n|-damage|p1a: Shrek 2|96/100\n|cant|p1a: Shrek 2|flinch\n|move|p1b: Panic at the disco|Astral Barrage|p2b: Raichu|[spread] p2a,p2b\n|-damage|p2a: Kyogre|47/100\n|-damage|p2b: Raichu|35/100\n|move|p2a: Kyogre|Water Spout|p1b: Panic at the disco|[spread] p1a,p1b\n|-supereffective|p1a: Shrek 2\n|-damage|p1a: Shrek 2|13/100\n|-damage|p1b: Panic at the disco|43/100\n|\n|-weather|RainDance|[upkeep]\n|upkeep\n|turn|2\n|\n|t:|1746035608\n|move|p1a: Shrek 2|Helping Hand|p1b: Panic at the disco\n|-singleturn|p1b: Panic at the disco|Helping Hand|[of] p1a: Shrek 2\n|move|p2a: Kyogre|Protect|p2a: Kyogre\n|-singleturn|p2a: Kyogre|Protect\n|move|p1b: Panic at the disco|Astral Barrage|p2b: Raichu|[spread] p2b\n|-activate|p2a: Kyogre|move: Protect\n|-damage|p2b: Raichu|0 fnt\n|faint|p2b: Raichu\n|-ability|p1b: Panic at the disco|Grim Neigh|boost\n|-boost|p1b: Panic at the disco|spa|1\n|\n|-weather|RainDance|[upkeep]\n|upkeep\n|\n|t:|1746035621\n|switch|p2b: Scizor|Scizor, L50, M, shiny|100/100\n|turn|3\n|\n|t:|1746035636\n|move|p1b: Panic at the disco|Protect|p1b: Panic at the disco\n|-singleturn|p1b: Panic at the disco|Protect\n|move|p2b: Scizor|Bullet Punch|p1b: Panic at the disco\n|-activate|p1b: Panic at the disco|move: Protect\n|move|p2a: Kyogre|Origin Pulse|p1b: Panic at the disco|[spread] p1a\n|-activate|p1b: Panic at the disco|move: Protect\n|-supereffective|p1a: Shrek 2\n|-damage|p1a: Shrek 2|0 fnt\n|faint|p1a: Shrek 2\n|\n|-weather|RainDance|[upkeep]\n|upkeep\n|\n|t:|1746035650\n|switch|p1a: Miraidon|Miraidon, L50|100/100\n|-fieldstart|move: Electric Terrain|[from] ability: Hadron Engine|[of] p1a: Miraidon\n|turn|4\n|\n|t:|1746035663\n|move|p2b: Scizor|Bullet Punch|p1b: Panic at the disco\n|-damage|p1b: Panic at the disco|0 fnt\n|faint|p1b: Panic at the disco\n|move|p1a: Miraidon|Electro Drift|p2b: Scizor\n|-damage|p2b: Scizor|0 fnt\n|faint|p2b: Scizor\n|move|p2a: Kyogre|Ice Beam|p1a: Miraidon\n|-supereffective|p1a: Miraidon\n|-damage|p1a: Miraidon|39/100\n|\n|-weather|RainDance|[upkeep]\n|upkeep\n|\n|t:|1746035674\n|switch|p1b: A lesson on STAB|Ceruledge, L50, F, shiny|100/100\n|switch|p2b: Rayquaza|Rayquaza, L50, shiny|100/100\n|-ability|p2b: Rayquaza|Air Lock\n|turn|5\n|\n|t:|1746035693\n|-terastallize|p1b: A lesson on STAB|Grass\n|-terastallize|p2b: Rayquaza|Normal\n|move|p2a: Kyogre|Protect|p2a: Kyogre\n|-singleturn|p2a: Kyogre|Protect\n|move|p2b: Rayquaza|Extreme Speed|p1a: Miraidon\n|-damage|p1a: Miraidon|0 fnt\n|faint|p1a: Miraidon\n|move|p1b: A lesson on STAB|Shadow Sneak|p2a: Kyogre\n|-activate|p2a: Kyogre|move: Protect\n|\n|-weather|none\n|upkeep\n|turn|6\n|\n|t:|1746035707\n|move|p2a: Kyogre|Ice Beam|p1b: A lesson on STAB\n|-supereffective|p1b: A lesson on STAB\n|-damage|p1b: A lesson on STAB|12/100\n|move|p1b: A lesson on STAB|Close Combat|p2b: Rayquaza\n|-supereffective|p2b: Rayquaza\n|-damage|p2b: Rayquaza|0 fnt\n|-unboost|p1b: A lesson on STAB|def|1\n|-unboost|p1b: A lesson on STAB|spd|1\n|faint|p2b: Rayquaza\n|-damage|p1b: A lesson on STAB|2/100|[from] item: Life Orb\n|\n|upkeep\n|turn|7\n|\n|t:|1746035724\n|move|p1b: A lesson on STAB|Protect|p1b: A lesson on STAB\n|-singleturn|p1b: A lesson on STAB|Protect\n|move|p2a: Kyogre|Ice Beam|p1b: A lesson on STAB\n|-activate|p1b: A lesson on STAB|move: Protect\n|\n|upkeep\n|turn|8\n|\n|t:|1746035732\n|move|p1b: A lesson on STAB|Shadow Sneak|p2a: Kyogre\n|-damage|p2a: Kyogre|19/100\n|-damage|p1b: A lesson on STAB|0 fnt|[from] item: Life Orb\n|faint|p1b: A lesson on STAB\n|\n|win|Adrianeto123\n||Adrianeto123 is ready for game 2.\n||Paris gurll is ready for game 2.\n|uhtml|next|Next: <a href=\"/battle-gen9vgc2025regibo3-2354110479\"><strong>Game 2 of 3</strong></a>\n|l|\u2606Paris gurll\n|player|p1|\n|l|\u2606Adrianeto123\n|player|p2|\n", "uploadtime": 1746036044, "views": 7, "formatid": "gen9vgc2025regibo3", "rating": null, "private": 0, "password": null}