{"id": "gen9vgc2025regibo3-2354711219", "format": "[Gen 9] VGC 2025 Reg I (Bo3)", "players": ["mesias707", "AJ34"], "log": "|j|\u2606mesias707\n|j|\u2606AJ34\n|html|<table width=\"100%\"><tr><td align=\"left\">mesias707</td><td align=\"right\">AJ34</tr><tr><td align=\"left\"><i class=\"fa fa-circle-o\"></i> <i class=\"fa fa-circle-o\"></i> </td><td align=\"right\"><i class=\"fa fa-circle-o\"></i> <i class=\"fa fa-circle\"></i> </tr></table>\n|uhtml|bestof|<h2><strong>Game 2</strong> of <a href=\"/game-bestof3-gen9vgc2025regibo3-2354708282\">a best-of-3</a></h2>\n|t:|1746112983\n|gametype|doubles\n|player|p1|mesias707|harlequin|1312\n|player|p2|AJ34|101|1375\n|teamsize|p1|6\n|teamsize|p2|6\n|gen|9\n|tier|[Gen 9] VGC 2025 Reg I (Bo3)\n|rated|\n|rule|Species Clause: Limit one of each Pok\u00e9mon\n|rule|Item Clause: Limit 1 of each item\n|clearpoke\n|poke|p1|Raging Bolt, L50|\n|poke|p1|Incineroar, L50, M|\n|poke|p1|Rillaboom, L50, M|\n|poke|p1|Calyrex-Ice, L50|\n|poke|p1|Landorus, L50, M|\n|poke|p1|Zacian-*, L50|\n|poke|p2|Terapagos, L50, M|\n|poke|p2|Incineroar, L50, F|\n|poke|p2|Rillaboom, L50, M|\n|poke|p2|Ogerpon-Cornerstone, L50, F|\n|poke|p2|Flutter Mane, L50|\n|poke|p2|Calyrex-Shadow, L50|\n|teampreview|4\n|showteam|p1|Raging Bolt||BoosterEnergy|Protosynthesis|Thunderbolt,Thunderclap,DracoMeteor,Protect||||||50|,,,,,Fairy]Incineroar||SitrusBerry|Intimidate|FlareBlitz,KnockOff,PartingShot,FakeOut|||M|||50|,,,,,Ghost]Rillaboom||AssaultVest|GrassySurge|GrassyGlide,WoodHammer,Uturn,FakeOut|||M|||50|,,,,,Water]Calyrex-Ice||ClearAmulet|AsOneGlastrier|GlacialLance,HighHorsepower,TrickRoom,Protect||||||50|,,,,,Water]Landorus||LifeOrb|SheerForce|EarthPower,SludgeBomb,SandsearStorm,Protect|||M|||50|,,,,,Poison]Zacian-Crowned||RustedSword|IntrepidSword|behemothblade,PlayRough,SacredSword,Protect||||||50|,,,,,Dragon\n|showteam|p2|Terapagos||Leftovers|TeraShift|TeraStarstorm,Protect,CalmMind,EarthPower|||M|||50|,,,,,Stellar]Incineroar||RockyHelmet|Intimidate|KnockOff,FakeOut,PartingShot,WillOWisp|||F|||50|,,,,,Bug]Rillaboom||AssaultVest|GrassySurge|GrassyGlide,WoodHammer,FakeOut,Uturn|||M|||50|,,,,,Grass]Ogerpon-Cornerstone||CornerstoneMask|Sturdy|IvyCudgel,SpikyShield,FollowMe,PowerWhip|||F|||50|,,,,,Rock]Flutter Mane||BoosterEnergy|Protosynthesis|Moonblast,IcyWind,ThunderWave,Taunt||||||50|,,,,,Fairy]Calyrex-Shadow||FocusSash|AsOneSpectrier|AstralBarrage,Protect,Disable,PollenPuff||||||50|,,,,,Ghost\n|inactive|Battle timer is ON: inactive players will automatically lose when time's up. (requested by mesias707)\n|\n|t:|1746113023\n|start\n|switch|p1a: Rillaboom|Rillaboom, L50, M, shiny|100/100\n|switch|p1b: Calyrex|Calyrex-Ice, L50|100/100\n|switch|p2a: Terapagos|Terapagos, L50, M|100/100\n|switch|p2b: Incineroar|Incineroar, L50, F, shiny|100/100\n|-activate|p2a: Terapagos|ability: Tera Shift\n|detailschange|p2a: Terapagos|Terapagos-Terastal, L50, M\n|-heal|p2a: Terapagos|100/100|[silent]\n|-ability|p1b: Calyrex|As One\n|-ability|p1b: Calyrex|Unnerve\n|-fieldstart|move: Grassy Terrain|[from] ability: Grassy Surge|[of] p1a: Rillaboom\n|-ability|p2b: Incineroar|Intimidate|boost\n|-unboost|p1a: Rillaboom|atk|1\n|-fail|p1b: Calyrex|unboost|[from] item: Clear Amulet|[of] p1b: Calyrex\n|turn|1\n|\n|t:|1746113041\n|move|p1a: Rillaboom|Fake Out|p2b: Incineroar\n|-damage|p2b: Incineroar|92/100\n|-damage|p1a: Rillaboom|84/100|[from] item: Rocky Helmet|[of] p2b: Incineroar\n|cant|p2b: Incineroar|flinch\n|move|p2a: Terapagos|Calm Mind|p2a: Terapagos\n|-boost|p2a: Terapagos|spa|1\n|-boost|p2a: Terapagos|spd|1\n|move|p1b: Calyrex|High Horsepower|p2b: Incineroar\n|-supereffective|p2b: Incineroar\n|-damage|p2b: Incineroar|15/100\n|-damage|p1b: Calyrex|84/100|[from] item: Rocky Helmet|[of] p2b: Incineroar\n|\n|-heal|p1a: Rillaboom|90/100|[from] Grassy Terrain\n|-heal|p1b: Calyrex|90/100|[from] Grassy Terrain\n|-heal|p2b: Incineroar|21/100|[from] Grassy Terrain\n|upkeep\n|turn|2\n|inactive|AJ34 has 30 seconds left.\n|\n|t:|1746113072\n|move|p2a: Terapagos|Calm Mind|p2a: Terapagos\n|-boost|p2a: Terapagos|spa|1\n|-boost|p2a: Terapagos|spd|1\n|move|p1a: Rillaboom|U-turn|p2a: Terapagos\n|-activate|p2a: Terapagos|ability: Tera Shell\n|-resisted|p2a: Terapagos\n|-damage|p2a: Terapagos|94/100\n|\n|t:|1746113080\n|switch|p1a: Zacian|Zacian-Crowned, L50, shiny|100/100|[from] U-turn\n|-ability|p1a: Zacian|Intrepid Sword|boost\n|-boost|p1a: Zacian|atk|1\n|move|p1b: Calyrex|Glacial Lance|p2a: Terapagos|[spread] p2a,p2b\n|-resisted|p2b: Incineroar\n|-damage|p2a: Terapagos|50/100\n|-damage|p2b: Incineroar|0 fnt\n|faint|p2b: Incineroar\n|-ability|p1b: Calyrex|Chilling Neigh|boost\n|-boost|p1b: Calyrex|atk|1\n|\n|-heal|p2a: Terapagos|55/100|[from] Grassy Terrain\n|-heal|p2a: Terapagos|61/100|[from] item: Leftovers\n|-heal|p1b: Calyrex|96/100|[from] Grassy Terrain\n|upkeep\n|\n|t:|1746113085\n|switch|p2b: Calyrex|Calyrex-Shadow, L50|100/100\n|-ability|p2b: Calyrex|As One\n|-ability|p2b: Calyrex|Unnerve\n|turn|3\n|\n|t:|1746113102\n|-terastallize|p2a: Terapagos|Stellar\n|detailschange|p2a: Terapagos|Terapagos-Stellar, L50, M, tera:Stellar\n|-heal|p2a: Terapagos|71/100|[silent]\n|-ability|p2a: Terapagos|Teraform Zero\n|-fieldend|move: Grassy Terrain\n|move|p1a: Zacian|Protect|p1a: Zacian\n|-singleturn|p1a: Zacian|Protect\n|move|p2b: Calyrex|Astral Barrage|p1a: Zacian|[spread] p1b\n|-activate|p1a: Zacian|move: Protect\n|-supereffective|p1b: Calyrex\n|-crit|p1b: Calyrex\n|-damage|p1b: Calyrex|0 fnt\n|faint|p1b: Calyrex\n|-ability|p2b: Calyrex|Grim Neigh|boost\n|-boost|p2b: Calyrex|spa|1\n|move|p2a: Terapagos|Tera Starstorm|p1a: Zacian\n|-activate|p1a: Zacian|move: Protect\n|\n|-heal|p2a: Terapagos|77/100|[from] item: Leftovers\n|upkeep\n|\n|t:|1746113116\n|switch|p1b: Incineroar|Incineroar, L50, M, shiny|100/100\n|-ability|p1b: Incineroar|Intimidate|boost\n|-unboost|p2a: Terapagos|atk|1\n|-unboost|p2b: Calyrex|atk|1\n|turn|4\n|\n|t:|1746113129\n|move|p2b: Calyrex|Protect|p2b: Calyrex\n|-singleturn|p2b: Calyrex|Protect\n|move|p2a: Terapagos|Protect|p2a: Terapagos\n|-singleturn|p2a: Terapagos|Protect\n|move|p1a: Zacian|Behemoth Blade|p2b: Calyrex\n|-activate|p2b: Calyrex|move: Protect\n|move|p1b: Incineroar|Knock Off|p2b: Calyrex\n|-activate|p2b: Calyrex|move: Protect\n|\n|-heal|p2a: Terapagos|83/100|[from] item: Leftovers\n|upkeep\n|turn|5\n|inactive|AJ34 has 30 seconds left.\n|\n|t:|1746113163\n|move|p2b: Calyrex|Astral Barrage|p1a: Zacian|[spread] p1a,p1b\n|-resisted|p1b: Incineroar\n|-damage|p1a: Zacian|34/100\n|-damage|p1b: Incineroar|62/100\n|move|p1a: Zacian|Behemoth Blade|p2a: Terapagos\n|-damage|p2a: Terapagos|25/100\n|move|p2a: Terapagos|Tera Starstorm|p1a: Zacian|[spread] p1a,p1b\n|-damage|p1a: Zacian|0 fnt\n|-damage|p1b: Incineroar|0 fnt\n|faint|p1a: Zacian\n|faint|p1b: Incineroar\n|\n|-heal|p2a: Terapagos|31/100|[from] item: Leftovers\n|upkeep\n|-message|mesias707 forfeited.\n|\n|win|AJ34\n|raw|mesias707's rating: 1312 &rarr; <strong>1296</strong><br />(-16 for losing)\n|raw|AJ34's rating: 1375 &rarr; <strong>1391</strong><br />(+16 for winning)\n|l|\u2606mesias707\n|player|p1|\n|l|\u2606AJ34\n|player|p2|\n|j|\u2606AJ34\n|player|p2|AJ34|101|\n|l|\u2606AJ34\n|player|p2|\n|j|\u2606AJ34\n|player|p2|AJ34|101|\n|l|\u2606AJ34\n|player|p2|\n|j|\u2606AJ34\n|player|p2|AJ34|101|\n", "uploadtime": 1746113517, "views": 10, "formatid": "gen9vgc2025regibo3", "rating": 1296, "private": 0, "password": null}