{"id": "gen9vgc2025regibo3-2353764273", "format": "[Gen 9] VGC 2025 Reg I (Bo3)", "players": ["BigBoiFromOutkast", "tzarii"], "log": "|j|\u2606BigBoiFromOutkast\n|j|\u2606tzarii\n|html|<table width=\"100%\"><tr><td align=\"left\">BigBoiFromOutkast</td><td align=\"right\">tzarii</tr><tr><td align=\"left\"><i class=\"fa fa-circle-o\"></i> <i class=\"fa fa-circle-o\"></i> </td><td align=\"right\"><i class=\"fa fa-circle-o\"></i> <i class=\"fa fa-circle-o\"></i> </tr></table>\n|uhtml|bestof|<h2><strong>Game 1</strong> of <a href=\"/game-bestof3-gen9vgc2025regibo3-2353764271\">a best-of-3</a></h2>\n|t:|1745996026\n|gametype|doubles\n|player|p1|BigBoiFromOutkast|red|1168\n|player|p2|tzarii|lady-gen4|1214\n|teamsize|p1|6\n|teamsize|p2|6\n|gen|9\n|tier|[Gen 9] VGC 2025 Reg I (Bo3)\n|rated|\n|rule|Species Clause: Limit one of each Pok\u00e9mon\n|rule|Item Clause: Limit 1 of each item\n|clearpoke\n|poke|p1|Miraidon, L50|\n|poke|p1|Lunala, L50|\n|poke|p1|Whimsicott, L50, M|\n|poke|p1|Urshifu-*, L50, M|\n|poke|p1|Incineroar, L50, M|\n|poke|p1|Chi-Yu, L50|\n|poke|p2|Koraidon, L50|\n|poke|p2|Groudon, L50|\n|poke|p2|Flutter Mane, L50|\n|poke|p2|Scovillain, L50, F|\n|poke|p2|Rillaboom, L50, F|\n|poke|p2|Urshifu-*, L50, M|\n|teampreview|4\n|showteam|p1|Miraidon||ChoiceSpecs|HadronEngine|ElectroDrift,DracoMeteor,DazzlingGleam,VoltSwitch||||||50|,,,,,Fairy]Lunala||Leftovers|ShadowShield|MoongeistBeam,Psyshock,CalmMind,Protect||||||50|,,,,,Normal]Whimsicott||CovertCloak|Prankster|Moonblast,Tailwind,Taunt,SunnyDay|||M|||50|,,,,,Dark]Urshifu-Rapid-Strike||ChoiceScarf|UnseenFist|SurgingStrikes,CloseCombat,Uturn,Taunt|||M|||50|,,,,,Water]Incineroar||SafetyGoggles|Intimidate|FakeOut,KnockOff,WillOWisp,PartingShot|||M|||50|,,,,,Ghost]Chi-Yu||FocusSash|BeadsofRuin|DarkPulse,HeatWave,Snarl,Protect||||||50|,,,,,Ghost\n|showteam|p2|Koraidon||ClearAmulet|OrichalcumPulse|FlameCharge,CloseCombat,FlareBlitz,Protect||||||50|,,,,,Fire]Groudon||AssaultVest|Drought|PrecipiceBlades,HeatCrash,RockSlide,HighHorsepower||||||50|,,,,,Water]Flutter Mane||FocusSash|Protosynthesis|Moonblast,IcyWind,ShadowBall,Protect||||||50|,,,,,Fairy]Scovillain||CovertCloak|Chlorophyll|Overheat,SpicyExtract,WillOWisp,ScaryFace|||F|||50|,,,,,Fire]Rillaboom||MiracleSeed|GrassySurge|FakeOut,GrassyGlide,WoodHammer,Protect|||F|||50|,,,,,Water]Urshifu||ChoiceBand|UnseenFist|WickedBlow,CloseCombat,Uturn,SuckerPunch|||M|||50|,,,,,Dark\n|\n|t:|1745996099\n|start\n|switch|p1a: Incineroar|Incineroar, L50, M|100/100\n|switch|p1b: Chi-Yu|Chi-Yu, L50|100/100\n|switch|p2a: Rillaboom|Rillaboom, L50, F|100/100\n|switch|p2b: Groudon|Groudon, L50|100/100\n|-ability|p1b: Chi-Yu|Beads of Ruin\n|-weather|SunnyDay|[from] ability: Drought|[of] p2b: Groudon\n|-ability|p1a: Incineroar|Intimidate|boost\n|-unboost|p2a: Rillaboom|atk|1\n|-unboost|p2b: Groudon|atk|1\n|-fieldstart|move: Grassy Terrain|[from] ability: Grassy Surge|[of] p2a: Rillaboom\n|turn|1\n|inactive|Battle timer is ON: inactive players will automatically lose when time's up. (requested by tzarii)\n|inactive|BigBoiFromOutkast has 60 seconds left.\n|\n|t:|1745996148\n|move|p1b: Chi-Yu|Protect|p1b: Chi-Yu\n|-singleturn|p1b: Chi-Yu|Protect\n|move|p2a: Rillaboom|Protect|p2a: Rillaboom\n|-singleturn|p2a: Rillaboom|Protect\n|move|p2b: Groudon|Precipice Blades|p1a: Incineroar|[spread] p1a\n|-activate|p1b: Chi-Yu|move: Protect\n|-supereffective|p1a: Incineroar\n|-damage|p1a: Incineroar|41/100\n|move|p1a: Incineroar|Will-O-Wisp|p2b: Groudon\n|-status|p2b: Groudon|brn\n|\n|-weather|SunnyDay|[upkeep]\n|-heal|p1a: Incineroar|47/100|[from] Grassy Terrain\n|-damage|p2b: Groudon|94/100 brn|[from] brn\n|upkeep\n|turn|2\n|inactive|tzarii has 30 seconds left.\n|inactive|tzarii has 20 seconds left.\n|inactive|tzarii has 15 seconds left.\n|\n|t:|1745996188\n|switch|p2a: Flutter Mane|Flutter Mane, L50|100/100\n|-activate|p2a: Flutter Mane|ability: Protosynthesis\n|-start|p2a: Flutter Mane|protosynthesisspe\n|move|p1b: Chi-Yu|Heat Wave|p2b: Groudon|[spread] p2a\n|-miss|p1b: Chi-Yu|p2b: Groudon\n|-damage|p2a: Flutter Mane|14/100\n|move|p2b: Groudon|Precipice Blades|p1a: Incineroar|[spread] p1b\n|-miss|p2b: Groudon|p1a: Incineroar\n|-supereffective|p1b: Chi-Yu\n|-damage|p1b: Chi-Yu|48/100\n|move|p1a: Incineroar|Knock Off|p2b: Groudon\n|-damage|p2b: Groudon|68/100 brn\n|-enditem|p2b: Groudon|Assault Vest|[from] move: Knock Off|[of] p1a: Incineroar\n|\n|-weather|SunnyDay|[upkeep]\n|-heal|p2a: Flutter Mane|20/100|[from] Grassy Terrain\n|-heal|p1b: Chi-Yu|54/100|[from] Grassy Terrain\n|-heal|p2b: Groudon|74/100 brn|[from] Grassy Terrain\n|-heal|p1a: Incineroar|53/100|[from] Grassy Terrain\n|-damage|p2b: Groudon|68/100 brn|[from] brn\n|upkeep\n|turn|3\n|inactive|BigBoiFromOutkast has 30 seconds left.\n|inactive|tzarii has 30 seconds left.\n|\n|t:|1745996222\n|move|p1b: Chi-Yu|Protect|p1b: Chi-Yu\n|-singleturn|p1b: Chi-Yu|Protect\n|move|p2a: Flutter Mane|Moonblast|p1b: Chi-Yu\n|-activate|p1b: Chi-Yu|move: Protect\n|move|p2b: Groudon|Rock Slide|p1a: Incineroar|[spread] \n|-activate|p1b: Chi-Yu|move: Protect\n|-miss|p2b: Groudon|p1a: Incineroar\n|move|p1a: Incineroar|Knock Off|p2a: Flutter Mane\n|-damage|p2a: Flutter Mane|0 fnt\n|-enditem|p2a: Flutter Mane|Focus Sash|[from] move: Knock Off|[of] p1a: Incineroar\n|faint|p2a: Flutter Mane\n|-end|p2a: Flutter Mane|Protosynthesis|[silent]\n|\n|-weather|SunnyDay|[upkeep]\n|-heal|p1b: Chi-Yu|60/100|[from] Grassy Terrain\n|-heal|p2b: Groudon|74/100 brn|[from] Grassy Terrain\n|-heal|p1a: Incineroar|59/100|[from] Grassy Terrain\n|-damage|p2b: Groudon|68/100 brn|[from] brn\n|upkeep\n|\n|t:|1745996231\n|switch|p2a: Koraidon|Koraidon, L50|100/100\n|-activate|p2a: Koraidon|ability: Orichalcum Pulse\n|turn|4\n|\n|t:|1745996244\n|-terastallize|p2a: Koraidon|Fire\n|-terastallize|p1a: Incineroar|Ghost\n|move|p2a: Koraidon|Flame Charge|p1b: Chi-Yu\n|-resisted|p1b: Chi-Yu\n|-damage|p1b: Chi-Yu|10/100\n|-boost|p2a: Koraidon|spe|1\n|move|p1b: Chi-Yu|Dark Pulse|p2b: Groudon\n|-damage|p2b: Groudon|23/100 brn\n|move|p2b: Groudon|Precipice Blades|p1a: Incineroar|[spread] p1b\n|-miss|p2b: Groudon|p1a: Incineroar\n|-supereffective|p1b: Chi-Yu\n|-damage|p1b: Chi-Yu|0 fnt\n|faint|p1b: Chi-Yu\n|move|p1a: Incineroar|Knock Off|p2a: Koraidon\n|-damage|p2a: Koraidon|69/100\n|-enditem|p2a: Koraidon|Clear Amulet|[from] move: Knock Off|[of] p1a: Incineroar\n|\n|-weather|SunnyDay|[upkeep]\n|-heal|p2a: Koraidon|75/100|[from] Grassy Terrain\n|-heal|p2b: Groudon|30/100 brn|[from] Grassy Terrain\n|-heal|p1a: Incineroar|65/100|[from] Grassy Terrain\n|-damage|p2b: Groudon|23/100 brn|[from] brn\n|upkeep\n|\n|t:|1745996266\n|switch|p1b: Lunala|Lunala, L50|100/100\n|turn|5\n|inactive|tzarii has 30 seconds left.\n|inactive|tzarii has 20 seconds left.\n|inactive|tzarii has 15 seconds left.\n|inactive|tzarii has 10 seconds left.\n|inactive|tzarii has 5 seconds left.\n|\n|t:|1745996316\n|switch|p1a: Miraidon|Miraidon, L50|100/100\n|-fieldstart|move: Electric Terrain|[from] ability: Hadron Engine|[of] p1a: Miraidon\n|move|p2a: Koraidon|Flare Blitz|p1a: Miraidon\n|-resisted|p1a: Miraidon\n|-damage|p1a: Miraidon|39/100\n|-damage|p2a: Koraidon|55/100|[from] Recoil\n|move|p1b: Lunala|Psyshock|p2b: Groudon\n|-damage|p2b: Groudon|0 fnt\n|faint|p2b: Groudon\n|\n|-weather|none\n|upkeep\n|\n|t:|1745996319\n|switch|p2b: Rillaboom|Rillaboom, L50, F|100/100\n|-fieldstart|move: Grassy Terrain|[from] ability: Grassy Surge|[of] p2b: Rillaboom\n|turn|6\n|inactive|tzarii has 30 seconds left.\n|inactive|tzarii has 20 seconds left.\n|inactive|tzarii has 15 seconds left.\n|inactive|tzarii has 10 seconds left.\n|\n|t:|1745996367\n|switch|p1a: Incineroar|Incineroar, L50, M, tera:Ghost|65/100\n|-ability|p1a: Incineroar|Intimidate|boost\n|-unboost|p2a: Koraidon|atk|1\n|-unboost|p2b: Rillaboom|atk|1\n|move|p2a: Koraidon|Flare Blitz|p1a: Incineroar\n|-damage|p1a: Incineroar|25/100\n|-damage|p2a: Koraidon|40/100|[from] Recoil\n|move|p1b: Lunala|Calm Mind|p1b: Lunala\n|-boost|p1b: Lunala|spa|1\n|-boost|p1b: Lunala|spd|1\n|move|p2b: Rillaboom|Wood Hammer|p1b: Lunala\n|-damage|p1b: Lunala|76/100\n|-damage|p2b: Rillaboom|92/100|[from] Recoil\n|\n|-heal|p2a: Koraidon|47/100|[from] Grassy Terrain\n|-heal|p1b: Lunala|83/100|[from] Grassy Terrain\n|-heal|p1b: Lunala|89/100|[from] item: Leftovers\n|-heal|p1a: Incineroar|31/100|[from] Grassy Terrain\n|-heal|p2b: Rillaboom|98/100|[from] Grassy Terrain\n|upkeep\n|turn|7\n|inactive|BigBoiFromOutkast has 30 seconds left.\n|inactive|tzarii has 30 seconds left.\n|inactive|BigBoiFromOutkast has 20 seconds left.\n|inactive|BigBoiFromOutkast has 15 seconds left.\n|inactive|tzarii has 20 seconds left.\n|\n|t:|1745996409\n|move|p2a: Koraidon|Flare Blitz|p1b: Lunala\n|-damage|p1b: Lunala|56/100\n|-damage|p2a: Koraidon|32/100|[from] Recoil\n|move|p1b: Lunala|Calm Mind|p1b: Lunala\n|-boost|p1b: Lunala|spa|1\n|-boost|p1b: Lunala|spd|1\n|move|p1a: Incineroar|Parting Shot|p1b: Lunala\n|-unboost|p1b: Lunala|atk|1\n|-unboost|p1b: Lunala|spa|1\n|\n|t:|1745996418\n|switch|p1a: Miraidon|Miraidon, L50|39/100|[from] Parting Shot\n|-fieldstart|move: Electric Terrain|[from] ability: Hadron Engine|[of] p1a: Miraidon\n|move|p2b: Rillaboom|Wood Hammer|p1b: Lunala\n|-crit|p1b: Lunala\n|-damage|p1b: Lunala|0 fnt\n|faint|p1b: Lunala\n|-damage|p2b: Rillaboom|78/100|[from] Recoil\n|\n|upkeep\n|\n|t:|1745996427\n|switch|p1b: Incineroar|Incineroar, L50, M, tera:Ghost|31/100\n|-ability|p1b: Incineroar|Intimidate|boost\n|-unboost|p2a: Koraidon|atk|1\n|-unboost|p2b: Rillaboom|atk|1\n|turn|8\n|\n|t:|1745996445\n|move|p2a: Koraidon|Protect|p2a: Koraidon\n|-singleturn|p2a: Koraidon|Protect\n|move|p2b: Rillaboom|Protect|p2b: Rillaboom\n|-singleturn|p2b: Rillaboom|Protect\n|move|p1b: Incineroar|Fake Out|p2a: Koraidon\n|-activate|p2a: Koraidon|move: Protect\n|move|p1a: Miraidon|Electro Drift|p2b: Rillaboom\n|-activate|p2b: Rillaboom|move: Protect\n|\n|upkeep\n|turn|9\n|\n|t:|1745996457\n|move|p2a: Koraidon|Close Combat|p1a: Miraidon\n|-damage|p1a: Miraidon|10/100\n|-unboost|p2a: Koraidon|def|1\n|-unboost|p2a: Koraidon|spd|1\n|move|p1a: Miraidon|Electro Drift|p2b: Rillaboom\n|-resisted|p2b: Rillaboom\n|-damage|p2b: Rillaboom|0 fnt\n|faint|p2b: Rillaboom\n|move|p1b: Incineroar|Knock Off|p2a: Koraidon\n|-damage|p2a: Koraidon|0 fnt\n|faint|p2a: Koraidon\n|\n|win|BigBoiFromOutkast\n||tzarii is ready for game 2.\n||BigBoiFromOutkast is ready for game 2.\n|uhtml|next|Next: <a href=\"/battle-gen9vgc2025regibo3-2353766981\"><strong>Game 2 of 3</strong></a>\n", "uploadtime": 1745996729, "views": 13, "formatid": "gen9vgc2025regibo3", "rating": null, "private": 0, "password": null}