{"id": "gen9vgc2025regibo3-2353496955", "format": "[Gen 9] VGC 2025 Reg I (Bo3)", "players": ["Priest3", "lokkont"], "log": "|j|\u2606Priest3\n|j|\u2606lokkont\n|html|<table width=\"100%\"><tr><td align=\"left\">Priest3</td><td align=\"right\">lokkont</tr><tr><td align=\"left\"><i class=\"fa fa-circle-o\"></i> <i class=\"fa fa-circle-o\"></i> </td><td align=\"right\"><i class=\"fa fa-circle-o\"></i> <i class=\"fa fa-circle-o\"></i> </tr></table>\n|uhtml|bestof|<h2><strong>Game 1</strong> of <a href=\"/game-bestof3-gen9vgc2025regibo3-2353496954\">a best-of-3</a></h2>\n|t:|1745961509\n|gametype|doubles\n|player|p1|Priest3|swimmer|1106\n|player|p2|lokkont|1|1198\n|teamsize|p1|6\n|teamsize|p2|6\n|gen|9\n|tier|[Gen 9] VGC 2025 Reg I (Bo3)\n|rated|\n|rule|Species Clause: Limit one of each Pok\u00e9mon\n|rule|Item Clause: Limit 1 of each item\n|clearpoke\n|poke|p1|Miraidon, L50|\n|poke|p1|Farigiraf, L50, F|\n|poke|p1|Tornadus, L50, M|\n|poke|p1|Iron Treads, L50|\n|poke|p1|Zacian-*, L50|\n|poke|p1|Incineroar, L50, F|\n|poke|p2|Calyrex-Shadow, L50|\n|poke|p2|Zamazenta-*, L50|\n|poke|p2|Urshifu-*, L50, M|\n|poke|p2|Rillaboom, L50, M|\n|poke|p2|Incineroar, L50, M|\n|poke|p2|Pelipper, L50, F|\n|teampreview|4\n|showteam|p1|Miraidon||ChoiceSpecs|HadronEngine|ElectroDrift,DazzlingGleam,VoltSwitch,DracoMeteor||||||50|,,,,,Fairy]Farigiraf||AbilityShield|ArmorTail|HelpingHand,TrickRoom,Psychic,Protect|||F|||50|,,,,,Dark]Tornadus||CovertCloak|Prankster|Taunt,Tailwind,BleakwindStorm,Protect|||M|||50|,,,,,Dark]Iron Treads||ClearAmulet|QuarkDrive|HighHorsepower,SteelRoller,KnockOff,Protect||||||50|,,,,,Fire]Zacian-Crowned||RustedSword|IntrepidSword|PlayRough,behemothblade,SwordsDance,Protect||||||50|,,,,,Fire]Incineroar||ShucaBerry|Intimidate|PartingShot,KnockOff,FakeOut,Taunt|||F|||50|,,,,,Water\n|showteam|p2|Calyrex-Shadow||LifeOrb|AsOneSpectrier|Protect,AstralBarrage,Substitute,Psychic||||||50|,,,,,Dark]Zamazenta-Crowned||RustedShield|DauntlessShield|HeavySlam,BodyPress,Protect,WideGuard||||||50|,,,,,Dragon]Urshifu-Rapid-Strike||ChoiceScarf|UnseenFist|SurgingStrikes,CloseCombat,AquaJet,Uturn|||M|||50|,,,,,Ghost]Rillaboom||AssaultVest|GrassySurge|FakeOut,GrassyGlide,WoodHammer,Uturn|||M|||50|,,,,,Fire]Incineroar||SafetyGoggles|Intimidate|FakeOut,WillOWisp,KnockOff,PartingShot|||M|||50|,,,,,Bug]Pelipper||FocusSash|Drizzle|WeatherBall,Hurricane,Tailwind,Protect|||F|||50|,,,,,Ghost\n|inactive|Battle timer is ON: inactive players will automatically lose when time's up. (requested by lokkont)\n|inactive|Priest3 has 60 seconds left.\n|inactive|Priest3 has 30 seconds left.\n|inactive|Priest3 has 20 seconds left.\n|inactive|Priest3 has 15 seconds left.\n|inactive|Priest3 has 10 seconds left.\n|inactive|Priest3 has 5 seconds left.\n|\n|t:|1745961610\n|start\n|switch|p1a: Incineroar|Incineroar, L50, F, shiny|100/100\n|switch|p1b: Iron Treads|Iron Treads, L50|100/100\n|switch|p2a: Calyrex|Calyrex-Shadow, L50|100/100\n|switch|p2b: Incineroar|Incineroar, L50, M|100/100\n|-ability|p2a: Calyrex|As One\n|-ability|p2a: Calyrex|Unnerve\n|-ability|p2b: Incineroar|Intimidate|boost\n|-unboost|p1a: Incineroar|atk|1\n|-fail|p1b: Iron Treads|unboost|[from] item: Clear Amulet|[of] p1b: Iron Treads\n|-ability|p1a: Incineroar|Intimidate|boost\n|-unboost|p2a: Calyrex|atk|1\n|-unboost|p2b: Incineroar|atk|1\n|turn|1\n|inactive|Priest3 has 30 seconds left.\n|inactive|lokkont has 30 seconds left.\n|inactive|Priest3 has 20 seconds left.\n|\n|t:|1745961647\n|-terastallize|p2a: Calyrex|Dark\n|move|p1b: Iron Treads|Protect|p1b: Iron Treads\n|-singleturn|p1b: Iron Treads|Protect\n|move|p2b: Incineroar|Fake Out|p1a: Incineroar\n|-damage|p1a: Incineroar|94/100\n|move|p2a: Calyrex|Astral Barrage|p1a: Incineroar|[spread] p1a\n|-activate|p1b: Iron Treads|move: Protect\n|-resisted|p1a: Incineroar\n|-damage|p1a: Incineroar|67/100\n|-damage|p2a: Calyrex|91/100|[from] item: Life Orb\n|cant|p1a: Incineroar|flinch\n|\n|upkeep\n|turn|2\n|inactive|Priest3 has 30 seconds left.\n|\n|t:|1745961680\n|switch|p1a: Miraidon|Miraidon, L50|100/100\n|-fieldstart|move: Electric Terrain|[from] ability: Hadron Engine|[of] p1a: Miraidon\n|-activate|p1b: Iron Treads|ability: Quark Drive\n|-start|p1b: Iron Treads|quarkdrivespe\n|move|p1b: Iron Treads|Steel Roller|p2a: Calyrex\n|-crit|p2a: Calyrex\n|-damage|p2a: Calyrex|0 fnt\n|-fieldend|move: Electric Terrain\n|-end|p1b: Iron Treads|Quark Drive\n|faint|p2a: Calyrex\n|move|p2b: Incineroar|Parting Shot|p1a: Miraidon\n|-unboost|p1a: Miraidon|atk|1\n|-unboost|p1a: Miraidon|spa|1\n|\n|t:|1745961702\n|switch|p2b: Zamazenta|Zamazenta-Crowned, L50|100/100|[from] Parting Shot\n|-ability|p2b: Zamazenta|Dauntless Shield|boost\n|-boost|p2b: Zamazenta|def|1\n|\n|upkeep\n|\n|t:|1745961704\n|switch|p2a: Incineroar|Incineroar, L50, M|100/100\n|-ability|p2a: Incineroar|Intimidate|boost\n|-unboost|p1a: Miraidon|atk|1\n|-fail|p1b: Iron Treads|unboost|[from] item: Clear Amulet|[of] p1b: Iron Treads\n|turn|3\n|\n|t:|1745961718\n|switch|p1a: Incineroar|Incineroar, L50, F, shiny|67/100\n|-ability|p1a: Incineroar|Intimidate|boost\n|-unboost|p2a: Incineroar|atk|1\n|-unboost|p2b: Zamazenta|atk|1\n|move|p1b: Iron Treads|Protect|p1b: Iron Treads\n|-singleturn|p1b: Iron Treads|Protect\n|move|p2a: Incineroar|Fake Out|p1b: Iron Treads\n|-activate|p1b: Iron Treads|move: Protect\n|move|p2b: Zamazenta|Body Press|p1b: Iron Treads\n|-activate|p1b: Iron Treads|move: Protect\n|\n|upkeep\n|turn|4\n|inactive|Priest3 has 30 seconds left.\n|inactive|Priest3 has 20 seconds left.\n|inactive|Priest3 has 15 seconds left.\n|inactive|Priest3 has 10 seconds left.\n|\n|t:|1745961766\n|move|p2b: Zamazenta|Protect|p2b: Zamazenta\n|-singleturn|p2b: Zamazenta|Protect\n|move|p1b: Iron Treads|High Horsepower|p2b: Zamazenta\n|-activate|p2b: Zamazenta|move: Protect\n|move|p2a: Incineroar|Will-O-Wisp|p1b: Iron Treads\n|-status|p1b: Iron Treads|brn\n|move|p1a: Incineroar|Knock Off|p2b: Zamazenta\n|-activate|p2b: Zamazenta|move: Protect\n|\n|-damage|p1b: Iron Treads|94/100 brn|[from] brn\n|upkeep\n|turn|5\n|inactive|lokkont has 30 seconds left.\n|inactive|lokkont has 20 seconds left.\n|inactive|lokkont has 15 seconds left.\n|\n|t:|1745961809\n|move|p2b: Zamazenta|Body Press|p1a: Incineroar\n|-supereffective|p1a: Incineroar\n|-damage|p1a: Incineroar|0 fnt\n|faint|p1a: Incineroar\n|move|p1b: Iron Treads|High Horsepower|p2a: Incineroar\n|-supereffective|p2a: Incineroar\n|-damage|p2a: Incineroar|66/100\n|move|p2a: Incineroar|Parting Shot|p1b: Iron Treads\n|-fail|p1b: Iron Treads|unboost|[from] item: Clear Amulet|[of] p1b: Iron Treads\n|\n|-damage|p1b: Iron Treads|88/100 brn|[from] brn\n|upkeep\n|\n|t:|1745961827\n|switch|p1a: Zacian|Zacian-Crowned, L50, shiny|100/100\n|-ability|p1a: Zacian|Intrepid Sword|boost\n|-boost|p1a: Zacian|atk|1\n|turn|6\n|\n|t:|1745961847\n|switch|p2a: Urshifu|Urshifu-Rapid-Strike, L50, M|100/100\n|-terastallize|p1a: Zacian|Fire\n|move|p1a: Zacian|Play Rough|p2a: Urshifu\n|-supereffective|p2a: Urshifu\n|-damage|p2a: Urshifu|0 fnt\n|faint|p2a: Urshifu\n|move|p2b: Zamazenta|Body Press|p1a: Zacian\n|-damage|p1a: Zacian|30/100\n|move|p1b: Iron Treads|Knock Off|p2b: Zamazenta\n|-resisted|p2b: Zamazenta\n|-damage|p2b: Zamazenta|99/100\n|\n|-damage|p1b: Iron Treads|82/100 brn|[from] brn\n|upkeep\n|\n|t:|1745961853\n|switch|p2a: Incineroar|Incineroar, L50, M|66/100\n|-ability|p2a: Incineroar|Intimidate|boost\n|-unboost|p1a: Zacian|atk|1\n|-fail|p1b: Iron Treads|unboost|[from] item: Clear Amulet|[of] p1b: Iron Treads\n|turn|7\n|\n|t:|1745961869\n|move|p1a: Zacian|Protect|p1a: Zacian\n|-singleturn|p1a: Zacian|Protect\n|move|p2a: Incineroar|Fake Out|p1a: Zacian\n|-activate|p1a: Zacian|move: Protect\n|move|p2b: Zamazenta|Body Press|p1a: Zacian\n|-activate|p1a: Zacian|move: Protect\n|move|p1b: Iron Treads|High Horsepower|p2a: Incineroar\n|-supereffective|p2a: Incineroar\n|-damage|p2a: Incineroar|35/100\n|\n|-damage|p1b: Iron Treads|76/100 brn|[from] brn\n|upkeep\n|turn|8\n|-message|lokkont forfeited.\n|\n|win|Priest3\n||lokkont is ready for game 2.\n|inactive|Priest3 has 30 seconds to confirm battle start!\n||Priest3 is ready for game 2.\n|uhtml|next|Next: <a href=\"/battle-gen9vgc2025regibo3-2353500802\"><strong>Game 2 of 3</strong></a>\n|l|\u2606Priest3\n|player|p1|\n", "uploadtime": 1745962504, "views": 34, "formatid": "gen9vgc2025regibo3", "rating": null, "private": 0, "password": null}