{"id": "gen9vgc2025regibo3-2353872787", "format": "[Gen 9] VGC 2025 Reg I (Bo3)", "players": ["PatmonVGC", "7enzc7"], "log": "|j|\u203dPatmonVGC\n|j|\u26067enzc7\n|html|<table width=\"100%\"><tr><td align=\"left\">PatmonVGC</td><td align=\"right\">7enzc7</tr><tr><td align=\"left\"><i class=\"fa fa-circle-o\"></i> <i class=\"fa fa-circle-o\"></i> </td><td align=\"right\"><i class=\"fa fa-circle-o\"></i> <i class=\"fa fa-circle-o\"></i> </tr></table>\n|uhtml|bestof|<h2><strong>Game 1</strong> of <a href=\"/game-bestof3-gen9vgc2025regibo3-2353872786\">a best-of-3</a></h2>\n|t:|1746013271\n|gametype|doubles\n|player|p1|PatmonVGC|grusha|1114\n|player|p2|7enzc7|265|1066\n|teamsize|p1|6\n|teamsize|p2|6\n|gen|9\n|tier|[Gen 9] VGC 2025 Reg I (Bo3)\n|rated|\n|rule|Species Clause: Limit one of each Pok\u00e9mon\n|rule|Item Clause: Limit 1 of each item\n|clearpoke\n|poke|p1|Koraidon, L50|\n|poke|p1|Dondozo, L50, M|\n|poke|p1|Tatsugiri-Droopy, L50, M|\n|poke|p1|Weezing-Galar, L50, F|\n|poke|p1|Chi-Yu, L50|\n|poke|p1|Calyrex-Shadow, L50|\n|poke|p2|Calyrex-Shadow, L50|\n|poke|p2|Koraidon, L50|\n|poke|p2|Brute Bonnet, L50|\n|poke|p2|Raging Bolt, L50|\n|poke|p2|Incineroar, L50, M|\n|poke|p2|Ogerpon-Cornerstone, L50, F|\n|teampreview|4\n|showteam|p1|Koraidon||AbilityShield|OrichalcumPulse|Protect,CollisionCourse,FlareBlitz,BreakingSwipe||||||50|,,,,,Fire]Dondozo||Leftovers|Unaware|Liquidation,OrderUp,BodyPress,Protect|||M|||50|,,,,,Grass]Tatsugiri-Droopy||FocusSash|Commander|MuddyWater,DracoMeteor,Protect,HelpingHand|||M|||50|,,,,,Stellar]Weezing-Galar||CovertCloak|NeutralizingGas|DazzlingGleam,PoisonGas,ToxicSpikes,Protect|||F|||50|,,,,,Dark]Chi-Yu||ChoiceScarf|BeadsofRuin|HeatWave,Overheat,Snarl,DarkPulse||||||50|,,,,,Ghost]Calyrex-Shadow||LifeOrb|AsOneSpectrier|AstralBarrage,Psychic,NastyPlot,Protect||||||50|,,,,,Ghost\n|showteam|p2|Calyrex-Shadow||FocusSash|AsOneSpectrier|AstralBarrage,Psychic,Encore,Protect||||||50|,,,,,Ghost]Koraidon||LifeOrb|OrichalcumPulse|CloseCombat,FlareBlitz,FlameCharge,Protect||||||50|,,,,,Fire]Brute Bonnet||CovertCloak|Protosynthesis|Spore,RagePowder,SuckerPunch,Protect||||||50|,,,,,Water]Raging Bolt||AssaultVest|Protosynthesis|Thunderbolt,Thunderclap,DracoMeteor,Electroweb||||||50|,,,,,Fairy]Incineroar||SafetyGoggles|Intimidate|KnockOff,Taunt,PartingShot,FakeOut|||M|||50|,,,,,Ghost]Ogerpon-Cornerstone||CornerstoneMask|Sturdy|IvyCudgel,FollowMe,SpikyShield,PowerWhip|||F|||50|,,,,,Rock\n|inactive|Battle timer is ON: inactive players will automatically lose when time's up. (requested by PatmonVGC)\n|\n|t:|1746013305\n|start\n|switch|p1a: Calyrex|Calyrex-Shadow, L50|100/100\n|switch|p1b: Weezing|Weezing-Galar, L50, F|100/100\n|switch|p2a: Raging Bolt|Raging Bolt, L50|100/100\n|switch|p2b: Brute Bonnet|Brute Bonnet, L50|100/100\n|-ability|p1b: Weezing|Neutralizing Gas\n|-ability|p1a: Calyrex|As One\n|-ability|p1a: Calyrex|Unnerve\n|turn|1\n|inactive|PatmonVGC has 30 seconds left.\n|inactive|PatmonVGC has 20 seconds left.\n|inactive|PatmonVGC has 15 seconds left.\n|inactive|PatmonVGC has 10 seconds left.\n|\n|t:|1746013352\n|move|p1a: Calyrex|Astral Barrage|p2b: Brute Bonnet|[spread] p2a,p2b\n|-resisted|p2b: Brute Bonnet\n|-damage|p2a: Raging Bolt|66/100\n|-damage|p2b: Brute Bonnet|74/100\n|-damage|p1a: Calyrex|91/100|[from] item: Life Orb\n|move|p2a: Raging Bolt|Electroweb|p1a: Calyrex|[spread] p1a,p1b\n|-damage|p1a: Calyrex|67/100\n|-damage|p1b: Weezing|78/100\n|-unboost|p1a: Calyrex|spe|1\n|move|p2b: Brute Bonnet|Spore|p1b: Weezing\n|-status|p1b: Weezing|slp|[from] move: Spore\n|cant|p1b: Weezing|slp\n|\n|upkeep\n|turn|2\n|inactive|7enzc7 has 30 seconds left.\n|\n|t:|1746013380\n|move|p1a: Calyrex|Protect|p1a: Calyrex\n|-singleturn|p1a: Calyrex|Protect\n|move|p2b: Brute Bonnet|Sucker Punch||[still]\n|-fail|p2b: Brute Bonnet\n|move|p2a: Raging Bolt|Thunderbolt|p1b: Weezing\n|-damage|p1b: Weezing|34/100 slp\n|cant|p1b: Weezing|slp\n|\n|upkeep\n|turn|3\n|\n|t:|1746013399\n|switch|p1a: Dondozo|Dondozo, L50, M|100/100\n|-end|p1b: Weezing|ability: Neutralizing Gas\n|switch|p1b: Tatsugiri|Tatsugiri-Droopy, L50, M|100/100\n|-activate|p1b: Tatsugiri|ability: Commander|[of] p1a: Dondozo\n|-boost|p1a: Dondozo|atk|2\n|-boost|p1a: Dondozo|spa|2\n|-boost|p1a: Dondozo|spe|2\n|-boost|p1a: Dondozo|def|2\n|-boost|p1a: Dondozo|spd|2\n|move|p2b: Brute Bonnet|Sucker Punch||[still]\n|-fail|p2b: Brute Bonnet\n|move|p2a: Raging Bolt|Thunderbolt|p1b: Tatsugiri|[miss]\n|-miss|p2a: Raging Bolt|p1b: Tatsugiri\n|\n|upkeep\n|turn|4\n|inactive|7enzc7 has 30 seconds left.\n|inactive|7enzc7 has 20 seconds left.\n|inactive|7enzc7 has 15 seconds left.\n|\n|t:|1746013440\n|-terastallize|p1a: Dondozo|Grass\n|move|p2b: Brute Bonnet|Sucker Punch|p1a: Dondozo\n|-damage|p1a: Dondozo|92/100\n|move|p1a: Dondozo|Order Up|p2a: Raging Bolt\n|-supereffective|p2a: Raging Bolt\n|-damage|p2a: Raging Bolt|0 fnt\n|faint|p2a: Raging Bolt\n|-end|p2a: Raging Bolt|Protosynthesis|[silent]\n|-boost|p1a: Dondozo|def|1\n|\n|-heal|p1a: Dondozo|98/100|[from] item: Leftovers\n|upkeep\n|\n|t:|1746013453\n|switch|p2a: Koraidon|Koraidon, L50|100/100\n|-weather|SunnyDay|[from] ability: Orichalcum Pulse|[of] p2a: Koraidon\n|-activate|p2b: Brute Bonnet|ability: Protosynthesis\n|-start|p2b: Brute Bonnet|protosynthesisdef\n|-activate|p2a: Koraidon|Orichalcum Pulse|[source]\n|turn|5\n|\n|t:|1746013472\n|-terastallize|p2a: Koraidon|Fire\n|move|p2b: Brute Bonnet|Rage Powder|p2b: Brute Bonnet\n|-singleturn|p2b: Brute Bonnet|move: Rage Powder\n|move|p2a: Koraidon|Flare Blitz|p1a: Dondozo\n|-supereffective|p1a: Dondozo\n|-damage|p1a: Dondozo|28/100\n|-status|p1a: Dondozo|brn\n|-damage|p2a: Koraidon|71/100|[from] Recoil\n|-damage|p2a: Koraidon|61/100|[from] item: Life Orb\n|move|p1a: Dondozo|Order Up|p2a: Koraidon\n|-damage|p2a: Koraidon|44/100\n|-boost|p1a: Dondozo|def|1\n|\n|-weather|SunnyDay|[upkeep]\n|-heal|p1a: Dondozo|34/100 brn|[from] item: Leftovers\n|-damage|p1a: Dondozo|28/100 brn|[from] brn\n|upkeep\n|turn|6\n|inactive|7enzc7 has 30 seconds left.\n|\n|t:|1746013497\n|move|p2b: Brute Bonnet|Sucker Punch|p1a: Dondozo\n|-damage|p1a: Dondozo|23/100 brn\n|move|p2a: Koraidon|Flame Charge|p1a: Dondozo\n|-supereffective|p1a: Dondozo\n|-damage|p1a: Dondozo|0 fnt\n|-boost|p2a: Koraidon|spe|1\n|faint|p1a: Dondozo\n|-damage|p2a: Koraidon|34/100|[from] item: Life Orb\n|\n|-weather|SunnyDay|[upkeep]\n|upkeep\n|\n|t:|1746013504\n|switch|p1a: Calyrex|Calyrex-Shadow, L50|67/100\n|-ability|p1a: Calyrex|As One\n|-ability|p1a: Calyrex|Unnerve\n|turn|7\n|\n|t:|1746013517\n|move|p2a: Koraidon|Protect|p2a: Koraidon\n|-singleturn|p2a: Koraidon|Protect\n|move|p1b: Tatsugiri|Protect|p1b: Tatsugiri\n|-singleturn|p1b: Tatsugiri|Protect\n|move|p1a: Calyrex|Nasty Plot|p1a: Calyrex\n|-boost|p1a: Calyrex|spa|2\n|move|p2b: Brute Bonnet|Spore|p1a: Calyrex\n|-status|p1a: Calyrex|slp|[from] move: Spore\n|\n|-weather|SunnyDay|[upkeep]\n|upkeep\n|turn|8\n|\n|t:|1746013535\n|switch|p1a: Weezing|Weezing-Galar, L50, F|34/100 slp\n|-ability|p1a: Weezing|Neutralizing Gas\n|move|p2a: Koraidon|Flare Blitz|p1a: Weezing\n|-damage|p1a: Weezing|0 fnt\n|faint|p1a: Weezing\n|-end|p1a: Weezing|ability: Neutralizing Gas\n|-activate|p2a: Koraidon|ability: Orichalcum Pulse\n|-damage|p2a: Koraidon|23/100|[from] Recoil\n|-damage|p2a: Koraidon|14/100|[from] item: Life Orb\n|move|p1b: Tatsugiri|Muddy Water|p2a: Koraidon|[spread] p2a\n|-miss|p1b: Tatsugiri|p2b: Brute Bonnet\n|-supereffective|p2a: Koraidon\n|-damage|p2a: Koraidon|0 fnt\n|faint|p2a: Koraidon\n|move|p2b: Brute Bonnet|Spore|p1b: Tatsugiri\n|-status|p1b: Tatsugiri|slp|[from] move: Spore\n|\n|-weather|SunnyDay|[upkeep]\n|upkeep\n|\n|t:|1746013555\n|switch|p2a: Calyrex|Calyrex-Shadow, L50|100/100\n|switch|p1a: Calyrex|Calyrex-Shadow, L50|67/100 slp\n|-ability|p1a: Calyrex|As One\n|-ability|p1a: Calyrex|Unnerve\n|-ability|p2a: Calyrex|As One\n|-ability|p2a: Calyrex|Unnerve\n|turn|9\n|-message|PatmonVGC forfeited.\n|\n|win|7enzc7\n|l|\u203dPatmonVGC\n|player|p1|\n||PatmonVGC is ready for game 2.\n", "uploadtime": 1746013571, "views": 21, "formatid": "gen9vgc2025regibo3", "rating": null, "private": 0, "password": null}