{"id": "gen9vgc2025regibo3-2354809494", "format": "[Gen 9] VGC 2025 Reg I (Bo3)", "players": ["agn9", "mad skwovet"], "log": "|j|\u2606agn9\n|j|\u2606mad skwovet\n|html|<table width=\"100%\"><tr><td align=\"left\">agn9</td><td align=\"right\">mad skwovet</tr><tr><td align=\"left\"><i class=\"fa fa-circle-o\"></i> <i class=\"fa fa-circle-o\"></i> </td><td align=\"right\"><i class=\"fa fa-circle-o\"></i> <i class=\"fa fa-circle-o\"></i> </tr></table>\n|uhtml|bestof|<h2><strong>Game 1</strong> of <a href=\"/game-bestof3-gen9vgc2025regibo3-2354809493\">a best-of-3</a></h2>\n|t:|1746121651\n|gametype|doubles\n|player|p1|agn9|ghetsis-gen5bw|1064\n|player|p2|mad skwovet|pokemaniac|1170\n|teamsize|p1|6\n|teamsize|p2|6\n|gen|9\n|tier|[Gen 9] VGC 2025 Reg I (Bo3)\n|rated|\n|rule|Species Clause: Limit one of each Pok\u00e9mon\n|rule|Item Clause: Limit 1 of each item\n|clearpoke\n|poke|p1|Zacian-*, L50|\n|poke|p1|Lunala, L50|\n|poke|p1|Chi-Yu, L50|\n|poke|p1|Indeedee-F, L50, F|\n|poke|p1|Okidogi, L50, M|\n|poke|p1|Tornadus, L50, M|\n|poke|p2|Miraidon, L50|\n|poke|p2|Ho-Oh, L50|\n|poke|p2|Ditto, L50|\n|poke|p2|Iron Hands, L50|\n|poke|p2|Farigiraf, L50, M|\n|poke|p2|Ogerpon-Cornerstone, L50, F|\n|teampreview|4\n|showteam|p1|Zacian-Crowned||RustedSword|IntrepidSword|Protect,PlayRough,behemothblade,SacredSword||||||50|,,,,,Water]Lunala||PowerHerb|ShadowShield|MoongeistBeam,WideGuard,MeteorBeam,ExpandingForce||||||50|,,,,,Water]Chi-Yu||ChoiceScarf|BeadsofRuin|Overheat,HeatWave,DarkPulse,Snarl||||||50|,,,,,Fire]Indeedee-F||RockyHelmet|PsychicSurge|FollowMe,HelpingHand,TrickRoom,DazzlingGleam|||F|||50|,,,,,Grass]Okidogi||AssaultVest|GuardDog|UpperHand,KnockOff,PoisonJab,DrainPunch|||M|||50|,,,,,Dark]Tornadus||FocusSash|Prankster|Taunt,IcyWind,Tailwind,BleakwindStorm|||M|||50|,,,,,Ghost\n|showteam|p2|Miraidon||ChoiceSpecs|HadronEngine|VoltSwitch,ElectroDrift,DracoMeteor,DazzlingGleam||||||50|,,,,,Fairy]Ho-Oh||ClearAmulet|Regenerator|BraveBird,SacredFire,Tailwind,Protect||||||50|,,,,,Grass]Ditto||FocusSash|Imposter|Transform||||||50|,,,,,Normal]Iron Hands||AssaultVest|QuarkDrive|FakeOut,LowKick,DrainPunch,WildCharge||||||50|,,,,,Bug]Farigiraf||ElectricSeed|ArmorTail|FoulPlay,HelpingHand,TrickRoom,PsychicNoise|||M|||50|,,,,,Water]Ogerpon-Cornerstone||CornerstoneMask|Sturdy|IvyCudgel,WoodHammer,FollowMe,SpikyShield|||F|||50|,,,,,Rock\n|inactive|Battle timer is ON: inactive players will automatically lose when time's up. (requested by agn9)\n|inactive|agn9 has 60 seconds left.\n|inactive|mad skwovet has 60 seconds left.\n|inactive|mad skwovet has 30 seconds left.\n|\n|t:|1746121716\n|start\n|switch|p1a: paul heyman|Tornadus, L50, M|100/100\n|switch|p1b: Clementino|Zacian-Crowned, L50, shiny|100/100\n|switch|p2a: Miraidon|Miraidon, L50|100/100\n|switch|p2b: Farigiraf|Farigiraf, L50, M|100/100\n|-ability|p1b: Clementino|Intrepid Sword|boost\n|-boost|p1b: Clementino|atk|1\n|-fieldstart|move: Electric Terrain|[from] ability: Hadron Engine|[of] p2a: Miraidon\n|-enditem|p2b: Farigiraf|Electric Seed\n|-boost|p2b: Farigiraf|def|1|[from] item: Electric Seed\n|turn|1\n|inactive|agn9 has 30 seconds left.\n|\n|t:|1746121747\n|switch|p2a: Ho-Oh|Ho-Oh, L50|100/100\n|switch|p1a: Liv Morgan|Indeedee-F, L50, F|100/100\n|-fieldstart|move: Psychic Terrain|[from] ability: Psychic Surge|[of] p1a: Liv Morgan\n|move|p1b: Clementino|Behemoth Blade|p2b: Farigiraf\n|-damage|p2b: Farigiraf|39/100\n|move|p2b: Farigiraf|Trick Room|p2b: Farigiraf\n|-fieldstart|move: Trick Room|[of] p2b: Farigiraf\n|\n|upkeep\n|turn|2\n|inactive|agn9 has 30 seconds left.\n|inactive|mad skwovet has 30 seconds left.\n|\n|t:|1746121776\n|move|p2b: Farigiraf|Helping Hand|p2a: Ho-Oh\n|-singleturn|p2a: Ho-Oh|Helping Hand|[of] p2b: Farigiraf\n|move|p1a: Liv Morgan|Follow Me|p1a: Liv Morgan\n|-singleturn|p1a: Liv Morgan|move: Follow Me\n|move|p2a: Ho-Oh|Brave Bird|p1a: Liv Morgan\n|-damage|p1a: Liv Morgan|9/100\n|-damage|p2a: Ho-Oh|84/100|[from] item: Rocky Helmet|[of] p1a: Liv Morgan\n|-damage|p2a: Ho-Oh|58/100|[from] Recoil\n|move|p1b: Clementino|Behemoth Blade|p2a: Ho-Oh\n|-resisted|p2a: Ho-Oh\n|-damage|p2a: Ho-Oh|16/100\n|\n|upkeep\n|turn|3\n|\n|t:|1746121794\n|move|p1b: Clementino|Protect|p1b: Clementino\n|-singleturn|p1b: Clementino|Protect\n|move|p2b: Farigiraf|Foul Play|p1a: Liv Morgan\n|-supereffective|p1a: Liv Morgan\n|-damage|p1a: Liv Morgan|0 fnt\n|-damage|p2b: Farigiraf|23/100|[from] item: Rocky Helmet|[of] p1a: Liv Morgan\n|faint|p1a: Liv Morgan\n|move|p2a: Ho-Oh|Sacred Fire|p1b: Clementino\n|-activate|p1b: Clementino|move: Protect\n|\n|upkeep\n|\n|t:|1746121802\n|switch|p1a: Alessia|Lunala, L50|100/100\n|turn|4\n|\n|t:|1746121821\n|switch|p2a: Iron Hands|Iron Hands, L50|100/100\n|-terastallize|p1b: Clementino|Water\n|move|p2b: Farigiraf|Foul Play|p1a: Alessia\n|-supereffective|p1a: Alessia\n|-damage|p1a: Alessia|69/100\n|move|p1a: Alessia|Meteor Beam||[still]\n|-prepare|p1a: Alessia|Meteor Beam\n|-boost|p1a: Alessia|spa|1\n|-enditem|p1a: Alessia|Power Herb\n|-anim|p1a: Alessia|Meteor Beam|p2a: Iron Hands\n|-resisted|p2a: Iron Hands\n|-damage|p2a: Iron Hands|79/100\n|move|p1b: Clementino|Sacred Sword|p2b: Farigiraf\n|-damage|p2b: Farigiraf|0 fnt\n|faint|p2b: Farigiraf\n|\n|upkeep\n|inactive|mad skwovet has 30 seconds left.\n|\n|t:|1746121847\n|switch|p2b: Miraidon|Miraidon, L50|100/100\n|-fieldstart|move: Electric Terrain|[from] ability: Hadron Engine|[of] p2b: Miraidon\n|-activate|p2a: Iron Hands|ability: Quark Drive\n|-start|p2a: Iron Hands|quarkdriveatk\n|turn|5\n|\n|t:|1746121865\n|move|p1b: Clementino|Protect|p1b: Clementino\n|-singleturn|p1b: Clementino|Protect\n|move|p2a: Iron Hands|Wild Charge|p1a: Alessia\n|-crit|p1a: Alessia\n|-damage|p1a: Alessia|0 fnt\n|faint|p1a: Alessia\n|-damage|p2a: Iron Hands|64/100|[from] Recoil\n|move|p2b: Miraidon|Volt Switch|p1b: Clementino\n|-activate|p1b: Clementino|move: Protect\n|\n|-fieldend|move: Trick Room\n|upkeep\n|\n|t:|1746121871\n|switch|p1a: paul heyman|Tornadus, L50, M|100/100\n|turn|6\n|\n|t:|1746121891\n|switch|p2b: Ho-Oh|Ho-Oh, L50|50/100\n|move|p1a: paul heyman|Tailwind|p1a: paul heyman\n|-sidestart|p1: agn9|move: Tailwind\n|move|p1b: Clementino|Play Rough|p2b: Ho-Oh\n|-resisted|p2b: Ho-Oh\n|-crit|p2b: Ho-Oh\n|-damage|p2b: Ho-Oh|0 fnt\n|faint|p2b: Ho-Oh\n|move|p2a: Iron Hands|Wild Charge|p1b: Clementino\n|-supereffective|p1b: Clementino\n|-damage|p1b: Clementino|0 fnt\n|faint|p1b: Clementino\n|-damage|p2a: Iron Hands|46/100|[from] Recoil\n|\n|upkeep\n|\n|t:|1746121902\n|switch|p2b: Miraidon|Miraidon, L50|100/100\n|-activate|p2b: Miraidon|ability: Hadron Engine\n|turn|7\n|\n|t:|1746121909\n|move|p1a: paul heyman|Bleakwind Storm|p2a: Iron Hands|[spread] p2a,p2b\n|-resisted|p2b: Miraidon\n|-damage|p2a: Iron Hands|22/100\n|-damage|p2b: Miraidon|84/100\n|move|p2b: Miraidon|Electro Drift|p1a: paul heyman\n|-supereffective|p1a: paul heyman\n|-crit|p1a: paul heyman\n|-enditem|p1a: paul heyman|Focus Sash\n|-damage|p1a: paul heyman|1/100\n|move|p2a: Iron Hands|Wild Charge|p1a: paul heyman\n|-supereffective|p1a: paul heyman\n|-damage|p1a: paul heyman|0 fnt\n|faint|p1a: paul heyman\n|-damage|p2a: Iron Hands|21/100|[from] Recoil\n|\n|win|mad skwovet\n||agn9 is ready for game 2.\n|inactive|mad skwovet has 30 seconds to confirm battle start!\n||mad skwovet is ready for game 2.\n|uhtml|next|Next: <a href=\"/battle-gen9vgc2025regibo3-2354812708\"><strong>Game 2 of 3</strong></a>\n|l|\u2606agn9\n|player|p1|\n", "uploadtime": 1746122390, "views": 7, "formatid": "gen9vgc2025regibo3", "rating": null, "private": 0, "password": null}