{"id": "gen9vgc2025regibo3-2354352101", "format": "[Gen 9] VGC 2025 Reg I (Bo3)", "players": ["4herbcor", "marcosmh19"], "log": "|j|\u26064herbcor\n|j|\u2606marcosmh19\n|html|<table width=\"100%\"><tr><td align=\"left\">4herbcor</td><td align=\"right\">marcosmh19</tr><tr><td align=\"left\"><i class=\"fa fa-circle-o\"></i> <i class=\"fa fa-circle-o\"></i> </td><td align=\"right\"><i class=\"fa fa-circle-o\"></i> <i class=\"fa fa-circle-o\"></i> </tr></table>\n|uhtml|bestof|<h2><strong>Game 1</strong> of <a href=\"/game-bestof3-gen9vgc2025regibo3-2354352099\">a best-of-3</a></h2>\n|t:|1746060794\n|gametype|doubles\n|player|p1|4herbcor|linebacker|1073\n|player|p2|marcosmh19|102|1031\n|teamsize|p1|6\n|teamsize|p2|6\n|gen|9\n|tier|[Gen 9] VGC 2025 Reg I (Bo3)\n|rated|\n|rule|Species Clause: Limit one of each Pok\u00e9mon\n|rule|Item Clause: Limit 1 of each item\n|clearpoke\n|poke|p1|Terapagos, L50, M|\n|poke|p1|Ho-Oh, L50|\n|poke|p1|Rillaboom, L50, F|\n|poke|p1|Incineroar, L50, M|\n|poke|p1|Scream Tail, L50|\n|poke|p1|Ogerpon-Wellspring, L50, F|\n|poke|p2|Iron Valiant, L50|\n|poke|p2|Miraidon, L50|\n|poke|p2|Araquanid, L50, M|\n|poke|p2|Articuno, L50|\n|poke|p2|Hitmontop, L50, M|\n|poke|p2|Clodsire, L50, M|\n|teampreview|4\n|showteam|p1|Terapagos||Leftovers|TeraShift|TeraStarstorm,EarthPower,CalmMind,Protect|||M|||50|,,,,,Stellar]Ho-Oh||ClearAmulet|Regenerator|SacredFire,BraveBird,Recover,Protect||||||50|,,,,,Grass]Rillaboom||AssaultVest|GrassySurge|GrassyGlide,WoodHammer,FakeOut,Uturn|||F|||50|,,,,,Fire]Incineroar||SafetyGoggles|Intimidate|FakeOut,KnockOff,WillOWisp,PartingShot|||M|||50|,,,,,Bug]Scream Tail||BoosterEnergy|Protosynthesis|DazzlingGleam,Disable,Encore,Protect||||||50|,,,,,Water]Ogerpon-Wellspring||WellspringMask|WaterAbsorb|IvyCudgel,HornLeech,FollowMe,SpikyShield|||F|||50|,,,,,Water\n|showteam|p2|Iron Valiant||MuscleBand|QuarkDrive|CloseCombat,SpiritBreak,IcePunch,Protect||||||50|,,,,,Fairy]Miraidon||ChoiceScarf|HadronEngine|ElectroDrift,DragonPulse,ParabolicCharge,PowerGem||||||50|,,,,,Electric]Araquanid||Leftovers|WaterBubble|Liquidation,IcyWind,Lunge,WideGuard|||M|||50|,,,,,Water]Articuno||WeaknessPolicy|Pressure|FreezeDry,AirSlash,Roost,Tailwind||||||50|,,,,,Ice]Hitmontop||EjectButton|Intimidate|FakeOut,BrickBreak,WideGuard,Coaching|||M|||50|,,,,,Fighting]Clodsire||SitrusBerry|WaterAbsorb|HighHorsepower,RockSlide,Earthquake,Recover|||M|||50|,,,,,Ground\n|inactive|Battle timer is ON: inactive players will automatically lose when time's up. (requested by 4herbcor)\n|inactive|4herbcor has 60 seconds left.\n|\n|t:|1746060828\n|start\n|switch|p1a: Scream Tail|Scream Tail, L50|100/100\n|switch|p1b: Rillaboom|Rillaboom, L50, F|100/100\n|switch|p2a: Iron Valiant|Iron Valiant, L50|100/100\n|switch|p2b: Miraidon|Miraidon, L50|100/100\n|-fieldstart|move: Electric Terrain|[from] ability: Hadron Engine|[of] p2b: Miraidon\n|-activate|p2a: Iron Valiant|ability: Quark Drive\n|-start|p2a: Iron Valiant|quarkdrivespe\n|-fieldstart|move: Grassy Terrain|[from] ability: Grassy Surge|[of] p1b: Rillaboom\n|-end|p2a: Iron Valiant|Quark Drive\n|-enditem|p1a: Scream Tail|Booster Energy\n|-activate|p1a: Scream Tail|ability: Protosynthesis|[fromitem]\n|-start|p1a: Scream Tail|protosynthesisspe\n|turn|1\n|inactive|4herbcor has 30 seconds left.\n|inactive|marcosmh19 has 30 seconds left.\n|inactive|marcosmh19 has 20 seconds left.\n|inactive|4herbcor has 20 seconds left.\n|inactive|4herbcor has 15 seconds left.\n|inactive|4herbcor has 10 seconds left.\n|\n|t:|1746060879\n|move|p1b: Rillaboom|Fake Out|p2a: Iron Valiant\n|-damage|p2a: Iron Valiant|84/100\n|move|p2b: Miraidon|Electro Drift|p1a: Scream Tail\n|-damage|p1a: Scream Tail|63/100\n|move|p1a: Scream Tail|Dazzling Gleam|p2b: Miraidon|[spread] p2a,p2b\n|-supereffective|p2a: Iron Valiant\n|-supereffective|p2b: Miraidon\n|-damage|p2a: Iron Valiant|29/100\n|-damage|p2b: Miraidon|73/100\n|cant|p2a: Iron Valiant|flinch\n|\n|-heal|p2b: Miraidon|79/100|[from] Grassy Terrain\n|-heal|p1a: Scream Tail|69/100|[from] Grassy Terrain\n|-heal|p2a: Iron Valiant|34/100|[from] Grassy Terrain\n|upkeep\n|turn|2\n|inactive|marcosmh19 has 30 seconds left.\n|\n|t:|1746060908\n|-end|p2a: Iron Valiant|Quark Drive|[silent]\n|switch|p2a: Hitmontop|Hitmontop, L50, M|100/100\n|-ability|p2a: Hitmontop|Intimidate|boost\n|-unboost|p1a: Scream Tail|atk|1\n|-unboost|p1b: Rillaboom|atk|1\n|move|p2b: Miraidon|Electro Drift|p1a: Scream Tail\n|-damage|p1a: Scream Tail|30/100\n|move|p1a: Scream Tail|Disable|p2b: Miraidon\n|-start|p2b: Miraidon|Disable|Electro Drift\n|move|p1b: Rillaboom|U-turn|p2a: Hitmontop\n|-resisted|p2a: Hitmontop\n|-damage|p2a: Hitmontop|92/100\n|-enditem|p2a: Hitmontop|Eject Button\n|\n|t:|1746060929\n|switch|p2a: Iron Valiant|Iron Valiant, L50|34/100\n|\n|-heal|p2b: Miraidon|84/100|[from] Grassy Terrain\n|-heal|p1a: Scream Tail|36/100|[from] Grassy Terrain\n|-heal|p2a: Iron Valiant|40/100|[from] Grassy Terrain\n|upkeep\n|turn|3\n|\n|t:|1746060945\n|switch|p2b: Hitmontop|Hitmontop, L50, M|92/100\n|-ability|p2b: Hitmontop|Intimidate|boost\n|-unboost|p1a: Scream Tail|atk|1\n|-unboost|p1b: Rillaboom|atk|1\n|move|p1a: Scream Tail|Dazzling Gleam|p2a: Iron Valiant|[spread] p2a,p2b\n|-supereffective|p2a: Iron Valiant\n|-supereffective|p2b: Hitmontop\n|-damage|p2a: Iron Valiant|0 fnt\n|-damage|p2b: Hitmontop|67/100\n|faint|p2a: Iron Valiant\n|-end|p2a: Iron Valiant|Quark Drive|[silent]\n|move|p1b: Rillaboom|Wood Hammer|p2b: Hitmontop\n|-damage|p2b: Hitmontop|27/100\n|-damage|p1b: Rillaboom|90/100|[from] Recoil\n|\n|-heal|p1a: Scream Tail|42/100|[from] Grassy Terrain\n|-heal|p1b: Rillaboom|96/100|[from] Grassy Terrain\n|-heal|p2b: Hitmontop|33/100|[from] Grassy Terrain\n|upkeep\n|\n|t:|1746060962\n|switch|p2a: Miraidon|Miraidon, L50|84/100\n|-fieldstart|move: Electric Terrain|[from] ability: Hadron Engine|[of] p2a: Miraidon\n|turn|4\n|\n|t:|1746060973\n|switch|p1b: Terapagos|Terapagos, L50, M|100/100\n|-activate|p1b: Terapagos|ability: Tera Shift\n|detailschange|p1b: Terapagos|Terapagos-Terastal, L50, M\n|-heal|p1b: Terapagos|100/100|[silent]\n|move|p1a: Scream Tail|Protect|p1a: Scream Tail\n|-singleturn|p1a: Scream Tail|Protect\n|move|p2b: Hitmontop|Wide Guard|p2b: Hitmontop\n|-singleturn|p2b: Hitmontop|Wide Guard\n|move|p2a: Miraidon|Parabolic Charge|p1b: Terapagos|[spread] p1b\n|-activate|p2b: Hitmontop|move: Wide Guard\n|-activate|p1a: Scream Tail|move: Protect\n|-activate|p1b: Terapagos|ability: Tera Shell\n|-resisted|p1b: Terapagos\n|-damage|p1b: Terapagos|81/100\n|-heal|p2a: Miraidon|95/100|[from] drain|[of] p1b: Terapagos\n|\n|-heal|p1b: Terapagos|87/100|[from] item: Leftovers\n|upkeep\n|turn|5\n|inactive|4herbcor has 30 seconds left.\n|inactive|marcosmh19 has 30 seconds left.\n|\n|t:|1746061004\n|switch|p2a: Articuno|Articuno, L50|100/100\n|-ability|p2a: Articuno|Pressure\n|-terastallize|p1b: Terapagos|Stellar\n|detailschange|p1b: Terapagos|Terapagos-Stellar, L50, M, tera:Stellar\n|-heal|p1b: Terapagos|90/100|[silent]\n|-ability|p1b: Terapagos|Teraform Zero\n|-fieldend|move: Electric Terrain\n|move|p1a: Scream Tail|Disable||[still]\n|-fail|p1a: Scream Tail\n|move|p1b: Terapagos|Earth Power|p2b: Hitmontop\n|-damage|p2b: Hitmontop|4/100\n|move|p2b: Hitmontop|Brick Break|p1b: Terapagos\n|-supereffective|p1b: Terapagos\n|-damage|p1b: Terapagos|62/100\n|\n|-heal|p1b: Terapagos|69/100|[from] item: Leftovers\n|upkeep\n|turn|6\n|inactive|marcosmh19 has 30 seconds left.\n|\n|t:|1746061029\n|-end|p1a: Scream Tail|Protosynthesis|[silent]\n|switch|p1a: Ho-Oh|Ho-Oh, L50|100/100\n|move|p2b: Hitmontop|Wide Guard|p2b: Hitmontop\n|-singleturn|p2b: Hitmontop|Wide Guard\n|move|p1b: Terapagos|Calm Mind|p1b: Terapagos\n|-boost|p1b: Terapagos|spa|1\n|-boost|p1b: Terapagos|spd|1\n|move|p2a: Articuno|Freeze-Dry|p1b: Terapagos\n|-damage|p1b: Terapagos|58/100\n|\n|-heal|p1b: Terapagos|64/100|[from] item: Leftovers\n|upkeep\n|turn|7\n|\n|t:|1746061047\n|move|p1b: Terapagos|Calm Mind|p1b: Terapagos\n|-boost|p1b: Terapagos|spa|1\n|-boost|p1b: Terapagos|spd|1\n|move|p1a: Ho-Oh|Sacred Fire|p2a: Articuno\n|-supereffective|p2a: Articuno\n|-damage|p2a: Articuno|27/100\n|-enditem|p2a: Articuno|Weakness Policy\n|-boost|p2a: Articuno|atk|2|[from] item: Weakness Policy\n|-boost|p2a: Articuno|spa|2|[from] item: Weakness Policy\n|move|p2a: Articuno|Freeze-Dry|p1a: Ho-Oh\n|-damage|p1a: Ho-Oh|71/100\n|move|p2b: Hitmontop|Brick Break|p1b: Terapagos\n|-supereffective|p1b: Terapagos\n|-damage|p1b: Terapagos|36/100\n|\n|-heal|p1b: Terapagos|42/100|[from] item: Leftovers\n|upkeep\n|turn|8\n|inactive|4herbcor has 30 seconds left.\n|inactive|4herbcor has 20 seconds left.\n|\n|t:|1746061084\n|move|p1b: Terapagos|Protect|p1b: Terapagos\n|-singleturn|p1b: Terapagos|Protect\n|move|p1a: Ho-Oh|Sacred Fire|p2b: Hitmontop\n|-damage|p2b: Hitmontop|0 fnt\n|faint|p2b: Hitmontop\n|move|p2a: Articuno|Tailwind|p2a: Articuno\n|-sidestart|p2: marcosmh19|move: Tailwind\n|\n|-heal|p1b: Terapagos|48/100|[from] item: Leftovers\n|upkeep\n|\n|t:|1746061093\n|switch|p2b: Miraidon|Miraidon, L50|95/100\n|-fieldstart|move: Electric Terrain|[from] ability: Hadron Engine|[of] p2b: Miraidon\n|turn|9\n|\n|t:|1746061113\n|switch|p1a: Rillaboom|Rillaboom, L50, F|96/100\n|-fieldstart|move: Grassy Terrain|[from] ability: Grassy Surge|[of] p1a: Rillaboom\n|move|p2b: Miraidon|Electro Drift|p1b: Terapagos\n|-damage|p1b: Terapagos|31/100\n|move|p2a: Articuno|Air Slash|p1b: Terapagos\n|-damage|p1b: Terapagos|13/100\n|cant|p1b: Terapagos|flinch\n|\n|-heal|p2b: Miraidon|100/100|[from] Grassy Terrain\n|-heal|p1b: Terapagos|19/100|[from] Grassy Terrain\n|-heal|p1b: Terapagos|25/100|[from] item: Leftovers\n|-heal|p1a: Rillaboom|100/100|[from] Grassy Terrain\n|upkeep\n|turn|10\n|\n|t:|1746061131\n|move|p1a: Rillaboom|Fake Out|p2b: Miraidon\n|-damage|p2b: Miraidon|86/100\n|cant|p2b: Miraidon|flinch\n|move|p2a: Articuno|Air Slash|p1b: Terapagos\n|-crit|p1b: Terapagos\n|-damage|p1b: Terapagos|0 fnt\n|faint|p1b: Terapagos\n|\n|-heal|p2b: Miraidon|91/100|[from] Grassy Terrain\n|upkeep\n|\n|t:|1746061143\n|switch|p1b: Scream Tail|Scream Tail, L50|42/100\n|turn|11\n|\n|t:|1746061159\n|move|p1b: Scream Tail|Protect|p1b: Scream Tail\n|-singleturn|p1b: Scream Tail|Protect\n|move|p2b: Miraidon|Electro Drift|p1b: Scream Tail\n|-activate|p1b: Scream Tail|move: Protect\n|move|p2a: Articuno|Freeze-Dry|p1a: Rillaboom\n|-supereffective|p1a: Rillaboom\n|-damage|p1a: Rillaboom|33/100\n|move|p1a: Rillaboom|Wood Hammer|p2a: Articuno\n|-resisted|p2a: Articuno\n|-damage|p2a: Articuno|0 fnt\n|faint|p2a: Articuno\n|-damage|p1a: Rillaboom|24/100|[from] Recoil\n|\n|-heal|p2b: Miraidon|97/100|[from] Grassy Terrain\n|-heal|p1b: Scream Tail|48/100|[from] Grassy Terrain\n|-heal|p1a: Rillaboom|30/100|[from] Grassy Terrain\n|-sideend|p2: marcosmh19|move: Tailwind\n|upkeep\n|turn|12\n|\n|t:|1746061180\n|move|p2b: Miraidon|Electro Drift|p1b: Scream Tail\n|-damage|p1b: Scream Tail|8/100\n|move|p1b: Scream Tail|Disable|p2b: Miraidon\n|-start|p2b: Miraidon|Disable|Electro Drift\n|move|p1a: Rillaboom|U-turn|p2b: Miraidon\n|-damage|p2b: Miraidon|71/100\n|\n|t:|1746061188\n|switch|p1a: Ho-Oh|Ho-Oh, L50|100/100|[from] U-turn\n|\n|-heal|p2b: Miraidon|76/100|[from] Grassy Terrain\n|-heal|p1b: Scream Tail|14/100|[from] Grassy Terrain\n|upkeep\n|turn|13\n|\n|t:|1746061194\n|-activate|p2b: Miraidon|move: Struggle\n|move|p2b: Miraidon|Struggle|p1a: Ho-Oh\n|-damage|p1a: Ho-Oh|93/100\n|-damage|p2b: Miraidon|51/100|[from] recoil\n|move|p1b: Scream Tail|Dazzling Gleam|p2b: Miraidon\n|-supereffective|p2b: Miraidon\n|-damage|p2b: Miraidon|12/100\n|move|p1a: Ho-Oh|Brave Bird|p2b: Miraidon\n|-resisted|p2b: Miraidon\n|-damage|p2b: Miraidon|0 fnt\n|faint|p2b: Miraidon\n|-damage|p1a: Ho-Oh|89/100|[from] Recoil\n|\n|win|4herbcor\n||4herbcor is ready for game 2.\n|inactive|marcosmh19 has 30 seconds to confirm battle start!\n|l|\u2606marcosmh19\n|player|p2|\n|l|\u26064herbcor\n|player|p1|\n|raw|4herbcor's rating: 1073 &rarr; <strong>1099</strong><br />(+26 for winning)\n|raw|marcosmh19's rating: 1031 &rarr; <strong>1018</strong><br />(-13 for losing)\n", "uploadtime": 1746061466, "views": 8, "formatid": "gen9vgc2025regibo3", "rating": 1018, "private": 0, "password": null}