{"id": "gen9vgc2025regibo3-2354571705", "format": "[Gen 9] VGC 2025 Reg I (Bo3)", "players": ["blackkobraVGC", "thepartysneverover"], "log": "|j|\u2606blackkobraVGC\n|j|\u2606thepartysneverover\n|html|<table width=\"100%\"><tr><td align=\"left\">blackkobraVGC</td><td align=\"right\">thepartysneverover</tr><tr><td align=\"left\"><i class=\"fa fa-circle-o\"></i> <i class=\"fa fa-circle-o\"></i> </td><td align=\"right\"><i class=\"fa fa-circle-o\"></i> <i class=\"fa fa-circle\"></i> </tr></table>\n|uhtml|bestof|<h2><strong>Game 2</strong> of <a href=\"/game-bestof3-gen9vgc2025regibo3-2354569894\">a best-of-3</a></h2>\n|t:|1746096552\n|gametype|doubles\n|player|p1|blackkobraVGC|alder|1161\n|player|p2|thepartysneverover|ethan|1048\n|teamsize|p1|6\n|teamsize|p2|6\n|gen|9\n|tier|[Gen 9] VGC 2025 Reg I (Bo3)\n|rated|\n|rule|Species Clause: Limit one of each Pok\u00e9mon\n|rule|Item Clause: Limit 1 of each item\n|clearpoke\n|poke|p1|Ho-Oh, L50|\n|poke|p1|Miraidon, L50|\n|poke|p1|Farigiraf, L50, M|\n|poke|p1|Iron Hands, L50|\n|poke|p1|Urshifu-*, L50, M|\n|poke|p1|Iron Treads, L50|\n|poke|p2|Eternatus, L50|\n|poke|p2|Ogerpon-Cornerstone, L50, F|\n|poke|p2|Ho-Oh, L50|\n|poke|p2|Chien-Pao, L50|\n|poke|p2|Iron Valiant, L50|\n|poke|p2|Urshifu-*, L50, F|\n|teampreview|4\n|showteam|p1|Ho-Oh||ClearAmulet|Regenerator|BraveBird,SacredFire,Tailwind,Protect||||||50|,,,,,Grass]Miraidon||ChoiceSpecs|HadronEngine|ElectroDrift,VoltSwitch,DazzlingGleam,DracoMeteor||||||50|,,,,,Fairy]Farigiraf||ElectricSeed|ArmorTail|Psychic,FoulPlay,TrickRoom,HelpingHand|||M|||50|,,,,,Water]Iron Hands||AssaultVest|QuarkDrive|FakeOut,DrainPunch,WildCharge,LowKick||||||50|,,,,,Water]Urshifu||FocusSash|UnseenFist|WickedBlow,CloseCombat,SuckerPunch,Protect|||M|||50|,,,,,Dark]Iron Treads||ChoiceBand|QuarkDrive|HighHorsepower,IronHead,RockSlide,Earthquake||||||50|,,,,,Ghost\n|showteam|p2|Eternatus||PowerHerb|Pressure|SludgeBomb,DynamaxCannon,MeteorBeam,Protect||||||50|,,,,,Water]Ogerpon-Cornerstone||CornerstoneMask|Sturdy|SpikyShield,IvyCudgel,PowerWhip,FollowMe|||F|||50|,,,,,Rock]Ho-Oh||ClearAmulet|Regenerator|Protect,SacredFire,BraveBird,Tailwind||||||50|,,,,,Grass]Chien-Pao||FocusSash|SwordofRuin|IceSpinner,SuckerPunch,ThroatChop,Protect||||||50|,,,,,Stellar]Iron Valiant||BoosterEnergy|QuarkDrive|Moonblast,WideGuard,Encore,Protect||||||50|,,,,,Ghost]Urshifu-Rapid-Strike||MysticWater|UnseenFist|SurgingStrikes,CloseCombat,Taunt,Detect|||F|||50|,,,,,Water\n|inactive|Battle timer is ON: inactive players will automatically lose when time's up. (requested by blackkobraVGC)\n|inactive|thepartysneverover has 60 seconds left.\n|\n|t:|1746096587\n|start\n|switch|p1a: Ho-Oh|Ho-Oh, L50|100/100\n|switch|p1b: Miraidon|Miraidon, L50|100/100\n|switch|p2a: Ogerpon|Ogerpon-Cornerstone, L50, F|100/100\n|switch|p2b: Chien-Pao|Chien-Pao, L50|100/100\n|-ability|p2b: Chien-Pao|Sword of Ruin\n|-fieldstart|move: Electric Terrain|[from] ability: Hadron Engine|[of] p1b: Miraidon\n|turn|1\n|inactive|blackkobraVGC has 30 seconds left.\n|inactive|blackkobraVGC has 20 seconds left.\n|inactive|blackkobraVGC has 15 seconds left.\n|\n|t:|1746096629\n|-terastallize|p1b: Miraidon|Fairy\n|move|p1a: Ho-Oh|Protect|p1a: Ho-Oh\n|-singleturn|p1a: Ho-Oh|Protect\n|move|p2b: Chien-Pao|Ice Spinner|p1b: Miraidon\n|-damage|p1b: Miraidon|49/100\n|-fieldend|move: Electric Terrain\n|move|p1b: Miraidon|Dazzling Gleam|p2a: Ogerpon|[spread] p2a,p2b\n|-supereffective|p2b: Chien-Pao\n|-damage|p2a: Ogerpon|48/100\n|-enditem|p2b: Chien-Pao|Focus Sash\n|-damage|p2b: Chien-Pao|1/100\n|move|p2a: Ogerpon|Ivy Cudgel|p1b: Miraidon|[anim] Ivy Cudgel Rock\n|-damage|p1b: Miraidon|0 fnt\n|faint|p1b: Miraidon\n|\n|upkeep\n|\n|t:|1746096643\n|switch|p1b: Iron Hands|Iron Hands, L50|100/100\n|turn|2\n|\n|t:|1746096654\n|move|p1b: Iron Hands|Fake Out|p2a: Ogerpon\n|-resisted|p2a: Ogerpon\n|-damage|p2a: Ogerpon|35/100\n|move|p2b: Chien-Pao|Ice Spinner|p1a: Ho-Oh\n|-damage|p1a: Ho-Oh|46/100\n|cant|p2a: Ogerpon|flinch\n|move|p1a: Ho-Oh|Tailwind|p1a: Ho-Oh\n|-sidestart|p1: blackkobraVGC|move: Tailwind\n|\n|upkeep\n|turn|3\n|\n|t:|1746096673\n|switch|p1a: Urshifu|Urshifu, L50, M|100/100\n|move|p2a: Ogerpon|Follow Me|p2a: Ogerpon\n|-singleturn|p2a: Ogerpon|move: Follow Me\n|move|p2b: Chien-Pao|Ice Spinner|p1a: Urshifu\n|-damage|p1a: Urshifu|41/100\n|move|p1b: Iron Hands|Drain Punch|p2a: Ogerpon\n|-supereffective|p2a: Ogerpon\n|-damage|p2a: Ogerpon|0 fnt\n|faint|p2a: Ogerpon\n|\n|upkeep\n|\n|t:|1746096687\n|switch|p2a: Eternatus|Eternatus, L50|100/100\n|-ability|p2a: Eternatus|Pressure\n|turn|4\n|\n|t:|1746096706\n|switch|p2b: Ho-Oh|Ho-Oh, L50|100/100\n|move|p1a: Urshifu|Wicked Blow|p2a: Eternatus\n|-crit|p2a: Eternatus\n|-damage|p2a: Eternatus|42/100\n|move|p2a: Eternatus|Dynamax Cannon|p1a: Urshifu\n|-damage|p1a: Urshifu|0 fnt\n|faint|p1a: Urshifu\n|move|p1b: Iron Hands|Wild Charge|p2a: Eternatus\n|-resisted|p2a: Eternatus\n|-damage|p2a: Eternatus|21/100\n|-damage|p1b: Iron Hands|96/100|[from] Recoil\n|\n|upkeep\n|\n|t:|1746096715\n|switch|p1a: Ho-Oh|Ho-Oh, L50|79/100\n|turn|5\n|\n|t:|1746096727\n|move|p2a: Eternatus|Protect|p2a: Eternatus\n|-singleturn|p2a: Eternatus|Protect\n|move|p2b: Ho-Oh|Protect|p2b: Ho-Oh\n|-singleturn|p2b: Ho-Oh|Protect\n|move|p1a: Ho-Oh|Brave Bird|p2a: Eternatus\n|-activate|p2a: Eternatus|move: Protect\n|move|p1b: Iron Hands|Wild Charge|p2b: Ho-Oh\n|-activate|p2b: Ho-Oh|move: Protect\n|\n|-sideend|p1: blackkobraVGC|move: Tailwind\n|upkeep\n|turn|6\n|\n|t:|1746096749\n|move|p1a: Ho-Oh|Protect|p1a: Ho-Oh\n|-singleturn|p1a: Ho-Oh|Protect\n|move|p2a: Eternatus|Meteor Beam||[still]\n|-prepare|p2a: Eternatus|Meteor Beam\n|-boost|p2a: Eternatus|spa|1\n|-enditem|p2a: Eternatus|Power Herb\n|-anim|p2a: Eternatus|Meteor Beam|p1a: Ho-Oh\n|-activate|p1a: Ho-Oh|move: Protect\n|move|p2b: Ho-Oh|Tailwind|p2b: Ho-Oh\n|-sidestart|p2: thepartysneverover|move: Tailwind\n|move|p1b: Iron Hands|Wild Charge|p2b: Ho-Oh\n|-supereffective|p2b: Ho-Oh\n|-damage|p2b: Ho-Oh|3/100\n|-damage|p1b: Iron Hands|76/100|[from] Recoil\n|\n|upkeep\n|turn|7\n|\n|t:|1746096766\n|move|p2a: Eternatus|Dynamax Cannon|p1b: Iron Hands\n|-damage|p1b: Iron Hands|29/100\n|move|p2b: Ho-Oh|Sacred Fire|p1b: Iron Hands\n|-damage|p1b: Iron Hands|0 fnt\n|faint|p1b: Iron Hands\n|-end|p1b: Iron Hands|Quark Drive|[silent]\n|move|p1a: Ho-Oh|Brave Bird|p2a: Eternatus\n|-damage|p2a: Eternatus|0 fnt\n|faint|p2a: Eternatus\n|-damage|p1a: Ho-Oh|72/100|[from] Recoil\n|\n|upkeep\n|\n|t:|1746096774\n|switch|p2a: Chien-Pao|Chien-Pao, L50|1/100\n|-ability|p2a: Chien-Pao|Sword of Ruin\n|turn|8\n|\n|t:|1746096778\n|move|p1a: Ho-Oh|Protect|p1a: Ho-Oh\n|-singleturn|p1a: Ho-Oh|Protect\n|move|p2a: Chien-Pao|Ice Spinner|p1a: Ho-Oh\n|-activate|p1a: Ho-Oh|move: Protect\n|move|p2b: Ho-Oh|Brave Bird|p1a: Ho-Oh\n|-activate|p1a: Ho-Oh|move: Protect\n|\n|upkeep\n|turn|9\n|\n|t:|1746096799\n|-terastallize|p2a: Chien-Pao|Stellar\n|move|p2a: Chien-Pao|Ice Spinner|p1a: Ho-Oh\n|-damage|p1a: Ho-Oh|0 fnt\n|faint|p1a: Ho-Oh\n|\n|win|thepartysneverover\n|raw|blackkobraVGC's rating: 1161 &rarr; <strong>1128</strong><br />(-33 for losing)\n|raw|thepartysneverover's rating: 1048 &rarr; <strong>1091</strong><br />(+43 for winning)\n", "uploadtime": 1746096800, "views": 7, "formatid": "gen9vgc2025regibo3", "rating": 1091, "private": 0, "password": null}