{"id": "gen9vgc2025regibo3-2354620397", "format": "[Gen 9] VGC 2025 Reg I (Bo3)", "players": ["I saw Carcosa", "lokkont"], "log": "|j|\u2606I saw Carcosa\n|j|\u2606lokkont\n|html|<table width=\"100%\"><tr><td align=\"left\">I saw Carcosa</td><td align=\"right\">lokkont</tr><tr><td align=\"left\"><i class=\"fa fa-circle\"></i> <i class=\"fa fa-circle-o\"></i> </td><td align=\"right\"><i class=\"fa fa-circle-o\"></i> <i class=\"fa fa-circle\"></i> </tr></table>\n|uhtml|bestof|<h2><strong>Game 3</strong> of <a href=\"/game-bestof3-gen9vgc2025regibo3-2354615718\">a best-of-3</a></h2>\n|t:|1746103766\n|gametype|doubles\n|player|p1|I saw Carcosa|pokemonbreederf|1292\n|player|p2|lokkont|169|1213\n|teamsize|p1|6\n|teamsize|p2|6\n|gen|9\n|tier|[Gen 9] VGC 2025 Reg I (Bo3)\n|rated|\n|rule|Species Clause: Limit one of each Pok\u00e9mon\n|rule|Item Clause: Limit 1 of each item\n|clearpoke\n|poke|p1|Zacian-*, L50|\n|poke|p1|Kyogre, L50|\n|poke|p1|Tornadus, L50, M|\n|poke|p1|Urshifu-*, L50, M|\n|poke|p1|Incineroar, L50, M|\n|poke|p1|Amoonguss, L50, M|\n|poke|p2|Calyrex-Shadow, L50|\n|poke|p2|Zamazenta-*, L50|\n|poke|p2|Urshifu-*, L50, M|\n|poke|p2|Rillaboom, L50, M|\n|poke|p2|Incineroar, L50, M|\n|poke|p2|Pelipper, L50, M|\n|teampreview|4\n|showteam|p1|Zacian-Crowned||RustedSword|IntrepidSword|behemothblade,PlayRough,SacredSword,Protect||||||50|,,,,,Fairy]Kyogre||MysticWater|Drizzle|WaterSpout,OriginPulse,IceBeam,Protect||||||50|,,,,,Water]Tornadus||CovertCloak|Prankster|BleakwindStorm,Taunt,RainDance,Tailwind|||M|||50|,,,,,Dark]Urshifu-Rapid-Strike||ChoiceScarf|UnseenFist|SurgingStrikes,CloseCombat,AquaJet,Coaching|||M|||50|,,,,,Water]Incineroar||AssaultVest|Intimidate|FlareBlitz,KnockOff,Uturn,FakeOut|||M|||50|,,,,,Grass]Amoonguss||RockyHelmet|Regenerator|SludgeBomb,RagePowder,Spore,Protect|||M|||50|,,,,,Dark\n|showteam|p2|Calyrex-Shadow||LifeOrb|AsOneSpectrier|Protect,AstralBarrage,Substitute,Psychic||||||50|,,,,,Dark]Zamazenta-Crowned||RustedShield|DauntlessShield|HeavySlam,BodyPress,Protect,WideGuard||||||50|,,,,,Dragon]Urshifu-Rapid-Strike||ChoiceScarf|UnseenFist|SurgingStrikes,CloseCombat,AquaJet,Uturn|||M|||50|,,,,,Ghost]Rillaboom||AssaultVest|GrassySurge|FakeOut,GrassyGlide,WoodHammer,Uturn|||M|||50|,,,,,Fire]Incineroar||SafetyGoggles|Intimidate|FakeOut,WillOWisp,KnockOff,PartingShot|||M|||50|,,,,,Bug]Pelipper||FocusSash|Drizzle|WeatherBall,Hurricane,Tailwind,Protect|||M|||50|,,,,,Ghost\n|\n|t:|1746103793\n|start\n|switch|p1a: The Dark Spires|Tornadus, L50, M, shiny|100/100\n|switch|p1b: The Pallid King|Zacian-Crowned, L50|100/100\n|switch|p2a: Calyrex|Calyrex-Shadow, L50|100/100\n|switch|p2b: Rillaboom|Rillaboom, L50, M|100/100\n|-ability|p2a: Calyrex|As One\n|-ability|p2a: Calyrex|Unnerve\n|-ability|p1b: The Pallid King|Intrepid Sword|boost\n|-boost|p1b: The Pallid King|atk|1\n|-fieldstart|move: Grassy Terrain|[from] ability: Grassy Surge|[of] p2b: Rillaboom\n|turn|1\n|\n|t:|1746103829\n|switch|p2b: Incineroar|Incineroar, L50, M|100/100\n|-ability|p2b: Incineroar|Intimidate|boost\n|-unboost|p1a: The Dark Spires|atk|1\n|-unboost|p1b: The Pallid King|atk|1\n|move|p2a: Calyrex|Protect|p2a: Calyrex\n|-singleturn|p2a: Calyrex|Protect\n|move|p1b: The Pallid King|Protect|p1b: The Pallid King\n|-singleturn|p1b: The Pallid King|Protect\n|move|p1a: The Dark Spires|Bleakwind Storm|p2b: Incineroar|[spread] \n|-activate|p2a: Calyrex|move: Protect\n|-miss|p1a: The Dark Spires|p2b: Incineroar\n|\n|upkeep\n|turn|2\n|\n|t:|1746103842\n|switch|p1b: Beneath Hali|Kyogre, L50, shiny|100/100\n|-weather|RainDance|[from] ability: Drizzle|[of] p1b: Beneath Hali\n|move|p2b: Incineroar|Fake Out|p1b: Beneath Hali\n|-damage|p1b: Beneath Hali|91/100\n|move|p1a: The Dark Spires|Taunt|p2a: Calyrex\n|-start|p2a: Calyrex|move: Taunt\n|move|p2a: Calyrex|Astral Barrage|p1a: The Dark Spires|[spread] p1a,p1b\n|-damage|p1a: The Dark Spires|20/100\n|-damage|p1b: Beneath Hali|47/100\n|-damage|p2a: Calyrex|91/100|[from] item: Life Orb\n|\n|-weather|RainDance|[upkeep]\n|-heal|p2a: Calyrex|97/100|[from] Grassy Terrain\n|-heal|p1b: Beneath Hali|53/100|[from] Grassy Terrain\n|upkeep\n|turn|3\n|\n|t:|1746103884\n|switch|p2a: Rillaboom|Rillaboom, L50, M|100/100\n|-terastallize|p1b: Beneath Hali|Water\n|move|p1a: The Dark Spires|Tailwind|p1a: The Dark Spires\n|-sidestart|p1: I saw Carcosa|move: Tailwind\n|move|p1b: Beneath Hali|Origin Pulse|p2a: Rillaboom|[spread] p2b\n|-miss|p1b: Beneath Hali|p2a: Rillaboom\n|-supereffective|p2b: Incineroar\n|-damage|p2b: Incineroar|0 fnt\n|faint|p2b: Incineroar\n|\n|-weather|RainDance|[upkeep]\n|-heal|p1b: Beneath Hali|59/100|[from] Grassy Terrain\n|upkeep\n|inactive|Battle timer is ON: inactive players will automatically lose when time's up. (requested by lokkont)\n|\n|t:|1746103919\n|switch|p2b: Zamazenta|Zamazenta-Crowned, L50|100/100\n|-ability|p2b: Zamazenta|Dauntless Shield|boost\n|-boost|p2b: Zamazenta|def|1\n|turn|4\n|inactive|lokkont has 30 seconds left.\n|inactive|lokkont has 20 seconds left.\n|\n|t:|1746103957\n|switch|p1b: He Takes Hold|Amoonguss, L50, M, shiny|100/100\n|-terastallize|p2b: Zamazenta|Dragon\n|move|p1a: The Dark Spires|Taunt|p2b: Zamazenta\n|-start|p2b: Zamazenta|move: Taunt\n|move|p2a: Rillaboom|Grassy Glide|p1b: He Takes Hold\n|-resisted|p1b: He Takes Hold\n|-damage|p1b: He Takes Hold|91/100\n|-damage|p2a: Rillaboom|84/100|[from] item: Rocky Helmet|[of] p1b: He Takes Hold\n|move|p2b: Zamazenta|Body Press|p1a: The Dark Spires\n|-resisted|p1a: The Dark Spires\n|-damage|p1a: The Dark Spires|0 fnt\n|faint|p1a: The Dark Spires\n|\n|-weather|RainDance|[upkeep]\n|-heal|p2a: Rillaboom|90/100|[from] Grassy Terrain\n|-heal|p1b: He Takes Hold|96/100|[from] Grassy Terrain\n|upkeep\n|\n|t:|1746103968\n|switch|p1a: The Pallid King|Zacian-Crowned, L50|100/100\n|turn|5\n|\n|t:|1746103992\n|move|p1a: The Pallid King|Play Rough|p2b: Zamazenta\n|-supereffective|p2b: Zamazenta\n|-damage|p2b: Zamazenta|53/100\n|move|p2b: Zamazenta|Body Press|p1a: The Pallid King\n|-damage|p1a: The Pallid King|31/100\n|move|p2a: Rillaboom|U-turn|p1a: The Pallid King\n|-resisted|p1a: The Pallid King\n|-damage|p1a: The Pallid King|25/100\n|\n|t:|1746104003\n|switch|p2a: Calyrex|Calyrex-Shadow, L50|97/100|[from] U-turn\n|-ability|p2a: Calyrex|As One\n|-ability|p2a: Calyrex|Unnerve\n|move|p1b: He Takes Hold|Spore|p2b: Zamazenta\n|-status|p2b: Zamazenta|slp|[from] move: Spore\n|\n|-weather|RainDance|[upkeep]\n|-heal|p1a: The Pallid King|31/100|[from] Grassy Terrain\n|-heal|p2a: Calyrex|100/100|[from] Grassy Terrain\n|-heal|p2b: Zamazenta|59/100 slp|[from] Grassy Terrain\n|-heal|p1b: He Takes Hold|100/100|[from] Grassy Terrain\n|-fieldend|move: Grassy Terrain\n|upkeep\n|turn|6\n|inactive|I saw Carcosa has 30 seconds left.\n|\n|t:|1746104035\n|move|p2a: Calyrex|Protect|p2a: Calyrex\n|-singleturn|p2a: Calyrex|Protect\n|move|p1a: The Pallid King|Play Rough|p2b: Zamazenta\n|-supereffective|p2b: Zamazenta\n|-damage|p2b: Zamazenta|16/100 slp\n|cant|p2b: Zamazenta|slp\n|move|p1b: He Takes Hold|Sludge Bomb|p2b: Zamazenta\n|-damage|p2b: Zamazenta|0 fnt\n|faint|p2b: Zamazenta\n|\n|-weather|none\n|-sideend|p1: I saw Carcosa|move: Tailwind\n|upkeep\n|\n|t:|1746104047\n|switch|p2b: Rillaboom|Rillaboom, L50, M|90/100\n|-fieldstart|move: Grassy Terrain|[from] ability: Grassy Surge|[of] p2b: Rillaboom\n|turn|7\n|inactive|lokkont has 30 seconds left.\n|c|\u2606I saw Carcosa|i like your squad\n|\n|t:|1746104075\n|switch|p1a: Beneath Hali|Kyogre, L50, shiny, tera:Water|59/100\n|-weather|RainDance|[from] ability: Drizzle|[of] p1a: Beneath Hali\n|move|p2b: Rillaboom|Fake Out|p1a: Beneath Hali\n|-damage|p1a: Beneath Hali|46/100\n|move|p2a: Calyrex|Substitute|p2a: Calyrex\n|-start|p2a: Calyrex|Substitute\n|-damage|p2a: Calyrex|76/100\n|move|p1b: He Takes Hold|Sludge Bomb|p2b: Rillaboom\n|-supereffective|p2b: Rillaboom\n|-damage|p2b: Rillaboom|56/100\n|\n|-weather|RainDance|[upkeep]\n|-heal|p2a: Calyrex|81/100|[from] Grassy Terrain\n|-heal|p1a: Beneath Hali|52/100|[from] Grassy Terrain\n|-heal|p2b: Rillaboom|62/100|[from] Grassy Terrain\n|upkeep\n|turn|8\n|c|\u2606lokkont|thx, im testing for bologna\n|inactive|lokkont has 30 seconds left.\n|\n|t:|1746104105\n|move|p2b: Rillaboom|Grassy Glide|p1a: Beneath Hali\n|-supereffective|p1a: Beneath Hali\n|-damage|p1a: Beneath Hali|0 fnt\n|faint|p1a: Beneath Hali\n|move|p2a: Calyrex|Psychic|p1b: He Takes Hold\n|-supereffective|p1b: He Takes Hold\n|-damage|p1b: He Takes Hold|8/100\n|-damage|p2a: Calyrex|72/100|[from] item: Life Orb\n|move|p1b: He Takes Hold|Spore||[still]\n|-fail|p1b: He Takes Hold\n|\n|-weather|RainDance|[upkeep]\n|-heal|p2a: Calyrex|78/100|[from] Grassy Terrain\n|-heal|p2b: Rillaboom|68/100|[from] Grassy Terrain\n|-heal|p1b: He Takes Hold|14/100|[from] Grassy Terrain\n|upkeep\n|c|\u2606I saw Carcosa|ah man i was hoping to live that hahahahaha\n|\n|t:|1746104121\n|switch|p1a: The Pallid King|Zacian-Crowned, L50|31/100\n|turn|9\n|c|\u2606I saw Carcosa|ggs\n|-message|I saw Carcosa forfeited.\n|\n|win|lokkont\n|raw|I saw Carcosa's rating: 1292 &rarr; <strong>1261</strong><br />(-31 for losing)\n|raw|lokkont's rating: 1213 &rarr; <strong>1244</strong><br />(+31 for winning)\n|l|\u2606I saw Carcosa\n|player|p1|\n", "uploadtime": 1746104161, "views": 12, "formatid": "gen9vgc2025regibo3", "rating": 1244, "private": 0, "password": null}