{"id": "gen9vgc2025regibo3-2354650530", "format": "[Gen 9] VGC 2025 Reg I (Bo3)", "players": ["AthenaStrive9", "Alexx_vr"], "log": "|j|\u2606AthenaStrive9\n|j|\u2606Alexx_vr\n|html|<table width=\"100%\"><tr><td align=\"left\">AthenaStrive9</td><td align=\"right\">Alexx_vr</tr><tr><td align=\"left\"><i class=\"fa fa-circle-o\"></i> <i class=\"fa fa-circle-o\"></i> </td><td align=\"right\"><i class=\"fa fa-circle-o\"></i> <i class=\"fa fa-circle\"></i> </tr></table>\n|uhtml|bestof|<h2><strong>Game 2</strong> of <a href=\"/game-bestof3-gen9vgc2025regibo3-2354648479\">a best-of-3</a></h2>\n|t:|1746107136\n|gametype|doubles\n|player|p1|AthenaStrive9|nancy|1251\n|player|p2|Alexx_vr|morty|1204\n|teamsize|p1|6\n|teamsize|p2|6\n|gen|9\n|tier|[Gen 9] VGC 2025 Reg I (Bo3)\n|rated|\n|rule|Species Clause: Limit one of each Pok\u00e9mon\n|rule|Item Clause: Limit 1 of each item\n|clearpoke\n|poke|p1|Miraidon, L50|\n|poke|p1|Lunala, L50|\n|poke|p1|Iron Hands, L50|\n|poke|p1|Whimsicott, L50, M|\n|poke|p1|Tsareena, L50, F|\n|poke|p1|Incineroar, L50, M|\n|poke|p2|Terapagos, L50, M|\n|poke|p2|Calyrex-Shadow, L50|\n|poke|p2|Incineroar, L50, M|\n|poke|p2|Rillaboom, L50, F|\n|poke|p2|Amoonguss, L50, M|\n|poke|p2|Urshifu-*, L50, F|\n|teampreview|4\n|showteam|p1|Miraidon||ChoiceSpecs|HadronEngine|ElectroDrift,DracoMeteor,DazzlingGleam,VoltSwitch||||||50|,,,,,Fairy]Lunala||ElectricSeed|ShadowShield|MoongeistBeam,Moonblast,CalmMind,WideGuard||||||50|,,,,,Fairy]Iron Hands||AssaultVest|QuarkDrive|LowKick,WildCharge,DrainPunch,FakeOut||||||50|,,,,,Water]Whimsicott||CovertCloak|Prankster|Moonblast,Encore,Tailwind,LightScreen|||M|||50|,,,,,Dark]Tsareena||WideLens|QueenlyMajesty|Protect,PowerWhip,TripleAxel,Taunt|||F|||50|,,,,,Dark]Incineroar||Charcoal|Intimidate|FlareBlitz,KnockOff,FakeOut,PartingShot|||M|||50|,,,,,Bug\n|showteam|p2|Terapagos||Leftovers|TeraShift|Protect,TeraStarstorm,EarthPower,CalmMind|||M|||50|,,,,,Stellar]Calyrex-Shadow||FocusSash|AsOneSpectrier|Protect,AstralBarrage,Psychic,Encore||||||50|,,,,,Ghost]Incineroar||SafetyGoggles|Intimidate|KnockOff,PartingShot,WillOWisp,FakeOut|||M|||50|,,,,,Bug]Rillaboom||AssaultVest|GrassySurge|WoodHammer,GrassyGlide,Uturn,FakeOut|||F|||50|,,,,,Fire]Amoonguss||RockyHelmet|Regenerator|Protect,Spore,RagePowder,PollenPuff|||M|||50|,,,,,Water]Urshifu-Rapid-Strike||ChoiceScarf|UnseenFist|SurgingStrikes,CloseCombat,Coaching,Uturn|||F|||50|,,,,,Water\n|inactive|Battle timer is ON: inactive players will automatically lose when time's up. (requested by Alexx_vr)\n|inactive|AthenaStrive9 has 60 seconds left.\n|\n|t:|1746107179\n|start\n|switch|p1a: Whimsicott|Whimsicott, L50, M|100/100\n|switch|p1b: Lunala|Lunala, L50|100/100\n|switch|p2a: Rillaboom|Rillaboom, L50, F|100/100\n|switch|p2b: Terapagos|Terapagos, L50, M|100/100\n|-activate|p2b: Terapagos|ability: Tera Shift\n|detailschange|p2b: Terapagos|Terapagos-Terastal, L50, M\n|-heal|p2b: Terapagos|100/100|[silent]\n|-fieldstart|move: Grassy Terrain|[from] ability: Grassy Surge|[of] p2a: Rillaboom\n|turn|1\n|inactive|Alexx_vr has 30 seconds left.\n|inactive|Alexx_vr has 20 seconds left.\n|inactive|Alexx_vr has 15 seconds left.\n|\n|t:|1746107224\n|move|p1a: Whimsicott|Light Screen|p1a: Whimsicott\n|-sidestart|p1: AthenaStrive9|move: Light Screen\n|move|p1b: Lunala|Calm Mind|p1b: Lunala\n|-boost|p1b: Lunala|spa|1\n|-boost|p1b: Lunala|spd|1\n|move|p2b: Terapagos|Tera Starstorm|p1a: Whimsicott\n|-damage|p1a: Whimsicott|65/100\n|move|p2a: Rillaboom|U-turn|p1b: Lunala\n|-damage|p1b: Lunala|91/100\n|\n|t:|1746107233\n|switch|p2a: Calyrex|Calyrex-Shadow, L50|100/100|[from] U-turn\n|-ability|p2a: Calyrex|As One\n|-ability|p2a: Calyrex|Unnerve\n|\n|-heal|p1a: Whimsicott|71/100|[from] Grassy Terrain\n|-heal|p1b: Lunala|97/100|[from] Grassy Terrain\n|upkeep\n|turn|2\n|\n|t:|1746107245\n|-terastallize|p1b: Lunala|Fairy\n|move|p1a: Whimsicott|Tailwind|p1a: Whimsicott\n|-sidestart|p1: AthenaStrive9|move: Tailwind\n|move|p1b: Lunala|Moongeist Beam|p2a: Calyrex\n|-supereffective|p2a: Calyrex\n|-enditem|p2a: Calyrex|Focus Sash\n|-damage|p2a: Calyrex|1/100\n|move|p2a: Calyrex|Astral Barrage|p1b: Lunala|[spread] p1a,p1b\n|-damage|p1a: Whimsicott|28/100\n|-damage|p1b: Lunala|80/100\n|move|p2b: Terapagos|Tera Starstorm|p1a: Whimsicott\n|-damage|p1a: Whimsicott|0 fnt\n|faint|p1a: Whimsicott\n|\n|-heal|p1b: Lunala|86/100|[from] Grassy Terrain\n|-heal|p2a: Calyrex|7/100|[from] Grassy Terrain\n|upkeep\n|\n|t:|1746107256\n|switch|p1a: Miraidon|Miraidon, L50|100/100\n|-fieldstart|move: Electric Terrain|[from] ability: Hadron Engine|[of] p1a: Miraidon\n|-enditem|p1b: Lunala|Electric Seed\n|-boost|p1b: Lunala|def|1|[from] item: Electric Seed\n|turn|3\n|\n|t:|1746107265\n|switch|p2a: Rillaboom|Rillaboom, L50, F|100/100\n|-fieldstart|move: Grassy Terrain|[from] ability: Grassy Surge|[of] p2a: Rillaboom\n|move|p1a: Miraidon|Volt Switch|p2a: Rillaboom\n|-resisted|p2a: Rillaboom\n|-damage|p2a: Rillaboom|82/100\n|\n|t:|1746107269\n|switch|p1a: Iron Hands|Iron Hands, L50, shiny|100/100|[from] Volt Switch\n|move|p1b: Lunala|Moonblast|p2b: Terapagos\n|-activate|p2b: Terapagos|ability: Tera Shell\n|-resisted|p2b: Terapagos\n|-damage|p2b: Terapagos|63/100\n|move|p2b: Terapagos|Calm Mind|p2b: Terapagos\n|-boost|p2b: Terapagos|spa|1\n|-boost|p2b: Terapagos|spd|1\n|\n|-heal|p1b: Lunala|92/100|[from] Grassy Terrain\n|-heal|p2b: Terapagos|69/100|[from] Grassy Terrain\n|-heal|p2b: Terapagos|75/100|[from] item: Leftovers\n|-heal|p2a: Rillaboom|87/100|[from] Grassy Terrain\n|upkeep\n|turn|4\n|\n|t:|1746107289\n|switch|p2a: Incineroar|Incineroar, L50, M|100/100\n|-ability|p2a: Incineroar|Intimidate|boost\n|-unboost|p1a: Iron Hands|atk|1\n|-unboost|p1b: Lunala|atk|1\n|move|p2b: Terapagos|Protect|p2b: Terapagos\n|-singleturn|p2b: Terapagos|Protect\n|move|p1b: Lunala|Moonblast|p2b: Terapagos\n|-activate|p2b: Terapagos|move: Protect\n|move|p1a: Iron Hands|Drain Punch|p2b: Terapagos\n|-activate|p2b: Terapagos|move: Protect\n|\n|-heal|p1b: Lunala|98/100|[from] Grassy Terrain\n|-heal|p2b: Terapagos|82/100|[from] Grassy Terrain\n|-heal|p2b: Terapagos|88/100|[from] item: Leftovers\n|upkeep\n|turn|5\n|inactive|Alexx_vr has 30 seconds left.\n|\n|t:|1746107323\n|-end|p1a: Iron Hands|Quark Drive|[silent]\n|switch|p1a: Miraidon|Miraidon, L50|100/100\n|-fieldstart|move: Electric Terrain|[from] ability: Hadron Engine|[of] p1a: Miraidon\n|move|p2a: Incineroar|Fake Out|p1a: Miraidon\n|-damage|p1a: Miraidon|90/100\n|move|p1b: Lunala|Calm Mind|p1b: Lunala\n|-boost|p1b: Lunala|spa|1\n|-boost|p1b: Lunala|spd|1\n|move|p2b: Terapagos|Calm Mind|p2b: Terapagos\n|-boost|p2b: Terapagos|spa|1\n|-boost|p2b: Terapagos|spd|1\n|\n|-heal|p2b: Terapagos|94/100|[from] item: Leftovers\n|-sideend|p1: AthenaStrive9|move: Light Screen\n|-sideend|p1: AthenaStrive9|move: Tailwind\n|upkeep\n|turn|6\n|\n|t:|1746107346\n|switch|p2a: Rillaboom|Rillaboom, L50, F|87/100\n|-fieldstart|move: Grassy Terrain|[from] ability: Grassy Surge|[of] p2a: Rillaboom\n|move|p1a: Miraidon|Volt Switch|p2b: Terapagos\n|-damage|p2b: Terapagos|72/100\n|\n|t:|1746107352\n|switch|p1a: Iron Hands|Iron Hands, L50, shiny|100/100|[from] Volt Switch\n|move|p1b: Lunala|Moonblast|p2a: Rillaboom\n|-damage|p2a: Rillaboom|12/100\n|move|p2b: Terapagos|Tera Starstorm|p1a: Iron Hands\n|-damage|p1a: Iron Hands|49/100\n|\n|-heal|p1b: Lunala|100/100|[from] Grassy Terrain\n|-heal|p2b: Terapagos|78/100|[from] Grassy Terrain\n|-heal|p2b: Terapagos|84/100|[from] item: Leftovers\n|-heal|p2a: Rillaboom|17/100|[from] Grassy Terrain\n|-heal|p1a: Iron Hands|56/100|[from] Grassy Terrain\n|upkeep\n|turn|7\n|\n|t:|1746107368\n|-end|p1a: Iron Hands|Quark Drive|[silent]\n|switch|p1a: Miraidon|Miraidon, L50|90/100\n|-fieldstart|move: Electric Terrain|[from] ability: Hadron Engine|[of] p1a: Miraidon\n|-terastallize|p2b: Terapagos|Stellar\n|detailschange|p2b: Terapagos|Terapagos-Stellar, L50, M, tera:Stellar\n|-heal|p2b: Terapagos|88/100|[silent]\n|-ability|p2b: Terapagos|Teraform Zero\n|-fieldend|move: Electric Terrain\n|move|p2a: Rillaboom|Fake Out|p1a: Miraidon\n|-damage|p1a: Miraidon|76/100\n|move|p1b: Lunala|Moonblast|p2b: Terapagos\n|-damage|p2b: Terapagos|51/100\n|move|p2b: Terapagos|Tera Starstorm|p1b: Lunala|[spread] p1a,p1b\n|-supereffective|p1b: Lunala\n|-damage|p1a: Miraidon|7/100\n|-damage|p1b: Lunala|73/100\n|\n|-heal|p2b: Terapagos|57/100|[from] item: Leftovers\n|upkeep\n|turn|8\n|inactive|Alexx_vr has 30 seconds left.\n|\n|t:|1746107395\n|switch|p2a: Incineroar|Incineroar, L50, M|100/100\n|-ability|p2a: Incineroar|Intimidate|boost\n|-unboost|p1a: Miraidon|atk|1\n|-unboost|p1b: Lunala|atk|1\n|move|p1a: Miraidon|Dazzling Gleam|p2a: Incineroar|[spread] p2a,p2b\n|-damage|p2a: Incineroar|72/100\n|-damage|p2b: Terapagos|48/100\n|move|p1b: Lunala|Moonblast|p2b: Terapagos\n|-damage|p2b: Terapagos|9/100\n|-unboost|p2b: Terapagos|spa|1\n|move|p2b: Terapagos|Earth Power|p1a: Miraidon\n|-supereffective|p1a: Miraidon\n|-damage|p1a: Miraidon|0 fnt\n|faint|p1a: Miraidon\n|\n|-heal|p2b: Terapagos|15/100|[from] item: Leftovers\n|upkeep\n|\n|t:|1746107412\n|switch|p1a: Iron Hands|Iron Hands, L50, shiny|56/100\n|turn|9\n|\n|t:|1746107415\n|move|p2b: Terapagos|Protect|p2b: Terapagos\n|-singleturn|p2b: Terapagos|Protect\n|move|p1a: Iron Hands|Fake Out|p2b: Terapagos\n|-activate|p2b: Terapagos|move: Protect\n|move|p1b: Lunala|Moonblast|p2b: Terapagos\n|-activate|p2b: Terapagos|move: Protect\n|move|p2a: Incineroar|Parting Shot|p1b: Lunala\n|-unboost|p1b: Lunala|atk|1\n|-unboost|p1b: Lunala|spa|1\n|\n|t:|1746107424\n|switch|p2a: Rillaboom|Rillaboom, L50, F|17/100|[from] Parting Shot\n|-fieldstart|move: Grassy Terrain|[from] ability: Grassy Surge|[of] p2a: Rillaboom\n|\n|-heal|p1b: Lunala|79/100|[from] Grassy Terrain\n|-heal|p2b: Terapagos|21/100|[from] Grassy Terrain\n|-heal|p2b: Terapagos|27/100|[from] item: Leftovers\n|-heal|p2a: Rillaboom|23/100|[from] Grassy Terrain\n|-heal|p1a: Iron Hands|62/100|[from] Grassy Terrain\n|upkeep\n|turn|10\n|\n|t:|1746107434\n|move|p2a: Rillaboom|Fake Out|p1b: Lunala\n|-damage|p1b: Lunala|71/100\n|cant|p1b: Lunala|flinch\n|move|p2b: Terapagos|Earth Power|p1a: Iron Hands\n|-supereffective|p1a: Iron Hands\n|-damage|p1a: Iron Hands|7/100\n|move|p1a: Iron Hands|Drain Punch|p2b: Terapagos\n|-supereffective|p2b: Terapagos\n|-damage|p2b: Terapagos|0 fnt\n|-heal|p1a: Iron Hands|21/100|[from] drain|[of] p2b: Terapagos\n|faint|p2b: Terapagos\n|\n|-heal|p1b: Lunala|77/100|[from] Grassy Terrain\n|-heal|p2a: Rillaboom|29/100|[from] Grassy Terrain\n|-heal|p1a: Iron Hands|28/100|[from] Grassy Terrain\n|upkeep\n|\n|t:|1746107444\n|switch|p2b: Calyrex|Calyrex-Shadow, L50|7/100\n|-ability|p2b: Calyrex|As One\n|-ability|p2b: Calyrex|Unnerve\n|turn|11\n|\n|t:|1746107457\n|move|p2b: Calyrex|Psychic|p1a: Iron Hands\n|-supereffective|p1a: Iron Hands\n|-damage|p1a: Iron Hands|0 fnt\n|faint|p1a: Iron Hands\n|-end|p1a: Iron Hands|Quark Drive|[silent]\n|-ability|p2b: Calyrex|Grim Neigh|boost\n|-boost|p2b: Calyrex|spa|1\n|move|p1b: Lunala|Moonblast|p2a: Rillaboom\n|-damage|p2a: Rillaboom|0 fnt\n|faint|p2a: Rillaboom\n|\n|-heal|p2b: Calyrex|14/100|[from] Grassy Terrain\n|-heal|p1b: Lunala|83/100|[from] Grassy Terrain\n|upkeep\n|\n|t:|1746107465\n|switch|p2a: Incineroar|Incineroar, L50, M|72/100\n|-ability|p2a: Incineroar|Intimidate|boost\n|-unboost|p1b: Lunala|atk|1\n|turn|12\n|\n|t:|1746107473\n|move|p2a: Incineroar|Fake Out|p1b: Lunala\n|-damage|p1b: Lunala|77/100\n|move|p2b: Calyrex|Astral Barrage|p1b: Lunala\n|-damage|p1b: Lunala|33/100\n|cant|p1b: Lunala|flinch\n|\n|-heal|p2b: Calyrex|20/100|[from] Grassy Terrain\n|-heal|p1b: Lunala|39/100|[from] Grassy Terrain\n|-heal|p2a: Incineroar|78/100|[from] Grassy Terrain\n|upkeep\n|turn|13\n|\n|t:|1746107484\n|move|p2b: Calyrex|Psychic|p1b: Lunala\n|-crit|p1b: Lunala\n|-damage|p1b: Lunala|0 fnt\n|faint|p1b: Lunala\n|\n|win|Alexx_vr\n|raw|AthenaStrive9's rating: 1251 &rarr; <strong>1223</strong><br />(-28 for losing)\n|raw|Alexx_vr's rating: 1204 &rarr; <strong>1232</strong><br />(+28 for winning)\n|l|\u2606AthenaStrive9\n|player|p1|\n|l|\u2606Alexx_vr\n|player|p2|\n", "uploadtime": 1746107843, "views": 5, "formatid": "gen9vgc2025regibo3", "rating": 1223, "private": 0, "password": null}