{"id": "gen9vgc2025regibo3-2354185710", "format": "[Gen 9] VGC 2025 Reg I (Bo3)", "players": ["entei enthusiast", "Maximilian sheldon"], "log": "|j|\u2606entei enthusiast\n|j|\u2606Maximilian sheldon\n|html|<table width=\"100%\"><tr><td align=\"left\">entei enthusiast</td><td align=\"right\">Maximilian sheldon</tr><tr><td align=\"left\"><i class=\"fa fa-circle-o\"></i> <i class=\"fa fa-circle-o\"></i> </td><td align=\"right\"><i class=\"fa fa-circle-o\"></i> <i class=\"fa fa-circle-o\"></i> </tr></table>\n|uhtml|bestof|<h2><strong>Game 1</strong> of <a href=\"/game-bestof3-gen9vgc2025regibo3-2354185709\">a best-of-3</a></h2>\n|t:|1746042567\n|gametype|doubles\n|player|p1|entei enthusiast|nate-masters|1348\n|player|p2|Maximilian sheldon|morty|1511\n|teamsize|p1|6\n|teamsize|p2|6\n|gen|9\n|tier|[Gen 9] VGC 2025 Reg I (Bo3)\n|rated|\n|rule|Species Clause: Limit one of each Pok\u00e9mon\n|rule|Item Clause: Limit 1 of each item\n|clearpoke\n|poke|p1|Koraidon, L50|\n|poke|p1|Lunala, L50|\n|poke|p1|Flutter Mane, L50|\n|poke|p1|Chi-Yu, L50|\n|poke|p1|Ursaluna, L50, M|\n|poke|p1|Brute Bonnet, L50|\n|poke|p2|Kyogre, L50|\n|poke|p2|Amoonguss, L50, M|\n|poke|p2|Rillaboom, L50, F|\n|poke|p2|Calyrex-Ice, L50|\n|poke|p2|Urshifu-*, L50, M|\n|poke|p2|Roaring Moon, L50|\n|teampreview|4\n|showteam|p1|Koraidon||LifeOrb|OrichalcumPulse|FlareBlitz,FlameCharge,CloseCombat,Protect||||||50|,,,,,Fire]Lunala||PowerHerb|ShadowShield|WideGuard,MeteorBeam,MoongeistBeam,TrickRoom||||||50|,,,,,Water]Flutter Mane||FocusSash|Protosynthesis|Moonblast,IcyWind,ShadowBall,Protect||||||50|,,,,,Normal]Chi-Yu||ChoiceScarf|BeadsofRuin|Flamethrower,HeatWave,DarkPulse,Snarl||||||50|,,,,,Ghost]Ursaluna||FlameOrb|Guts|Facade,Earthquake,HeadlongRush,Protect|||M|||50|,,,,,Ghost]Brute Bonnet||CovertCloak|Protosynthesis|SeedBomb,SuckerPunch,Spore,RagePowder||||||50|,,,,,Water\n|showteam|p2|Kyogre||MysticWater|Drizzle|WaterSpout,OriginPulse,IceBeam,Protect||||||50|,,,,,Grass]Amoonguss||RockyHelmet|Regenerator|RagePowder,Spore,SludgeBomb,Protect|||M|||50|,,,,,Fairy]Rillaboom||AssaultVest|GrassySurge|WoodHammer,GrassyGlide,Uturn,FakeOut|||F|||50|,,,,,Normal]Calyrex-Ice||ClearAmulet|AsOneGlastrier|GlacialLance,HighHorsepower,TrickRoom,Protect||||||50|,,,,,Fairy]Urshifu-Rapid-Strike||ChoiceScarf|UnseenFist|SurgingStrikes,CloseCombat,AquaJet,Uturn|||M|||50|,,,,,Ghost]Roaring Moon||BoosterEnergy|Protosynthesis|KnockOff,BreakingSwipe,Tailwind,Protect||||||50|,,,,,Poison\n|inactive|Battle timer is ON: inactive players will automatically lose when time's up. (requested by Maximilian sheldon)\n|\n|t:|1746042610\n|start\n|switch|p1a: Rhapthorne|Lunala, L50|100/100\n|switch|p1b: Catachan|Brute Bonnet, L50|100/100\n|switch|p2a: Roaring Moon|Roaring Moon, L50|100/100\n|switch|p2b: Urshifu|Urshifu-Rapid-Strike, L50, M|100/100\n|-enditem|p2a: Roaring Moon|Booster Energy\n|-activate|p2a: Roaring Moon|ability: Protosynthesis|[fromitem]\n|-start|p2a: Roaring Moon|protosynthesisspe\n|turn|1\n|\n|t:|1746042631\n|-terastallize|p1b: Catachan|Water\n|move|p1b: Catachan|Rage Powder|p1b: Catachan\n|-singleturn|p1b: Catachan|move: Rage Powder\n|move|p2a: Roaring Moon|Knock Off|p1b: Catachan\n|-damage|p1b: Catachan|70/100\n|-enditem|p1b: Catachan|Covert Cloak|[from] move: Knock Off|[of] p2a: Roaring Moon\n|move|p2b: Urshifu|U-turn|p1b: Catachan\n|-damage|p1b: Catachan|52/100\n|\n|t:|1746042641\n|switch|p2b: Amoonguss|Amoonguss, L50, M|100/100|[from] U-turn\n|move|p1a: Rhapthorne|Trick Room|p1a: Rhapthorne\n|-fieldstart|move: Trick Room|[of] p1a: Rhapthorne\n|\n|upkeep\n|turn|2\n|\n|t:|1746042664\n|move|p2b: Amoonguss|Spore|p1b: Catachan\n|-status|p1b: Catachan|slp|[from] move: Spore\n|cant|p1b: Catachan|slp\n|move|p1a: Rhapthorne|Meteor Beam||[still]\n|-prepare|p1a: Rhapthorne|Meteor Beam\n|-boost|p1a: Rhapthorne|spa|1\n|-enditem|p1a: Rhapthorne|Power Herb\n|-anim|p1a: Rhapthorne|Meteor Beam|p2b: Amoonguss\n|-damage|p2b: Amoonguss|38/100\n|move|p2a: Roaring Moon|Knock Off|p1a: Rhapthorne\n|-supereffective|p1a: Rhapthorne\n|-damage|p1a: Rhapthorne|50/100\n|\n|upkeep\n|turn|3\n|\n|t:|1746042680\n|-end|p1b: Catachan|Protosynthesis|[silent]\n|switch|p1b: Yao Guai|Ursaluna, L50, M|100/100\n|move|p2b: Amoonguss|Spore|p1a: Rhapthorne\n|-status|p1a: Rhapthorne|slp|[from] move: Spore\n|cant|p1a: Rhapthorne|slp\n|move|p2a: Roaring Moon|Knock Off|p1a: Rhapthorne\n|-supereffective|p1a: Rhapthorne\n|-damage|p1a: Rhapthorne|0 fnt\n|faint|p1a: Rhapthorne\n|\n|-status|p1b: Yao Guai|brn|[from] item: Flame Orb\n|upkeep\n|\n|t:|1746042691\n|switch|p1a: Kardas|Koraidon, L50|100/100\n|-weather|SunnyDay|[from] ability: Orichalcum Pulse|[of] p1a: Kardas\n|-activate|p1a: Kardas|Orichalcum Pulse|[source]\n|turn|4\n|\n|t:|1746042699\n|move|p2b: Amoonguss|Protect|p2b: Amoonguss\n|-singleturn|p2b: Amoonguss|Protect\n|move|p1a: Kardas|Protect|p1a: Kardas\n|-singleturn|p1a: Kardas|Protect\n|move|p2a: Roaring Moon|Protect|p2a: Roaring Moon\n|-singleturn|p2a: Roaring Moon|Protect\n|move|p1b: Yao Guai|Facade|p2a: Roaring Moon\n|-activate|p2a: Roaring Moon|move: Protect\n|\n|-weather|SunnyDay|[upkeep]\n|-damage|p1b: Yao Guai|95/100 brn|[from] brn\n|upkeep\n|turn|5\n|\n|t:|1746042716\n|switch|p1a: Catachan|Brute Bonnet, L50, tera:Water|52/100 slp\n|-activate|p1a: Catachan|ability: Protosynthesis\n|-start|p1a: Catachan|protosynthesisdef\n|move|p1b: Yao Guai|Facade|p2a: Roaring Moon\n|-damage|p2a: Roaring Moon|0 fnt\n|faint|p2a: Roaring Moon\n|-end|p2a: Roaring Moon|Protosynthesis|[silent]\n|move|p2b: Amoonguss|Spore|p1a: Catachan\n|-fail|p1a: Catachan|slp\n|\n|-weather|SunnyDay|[upkeep]\n|-damage|p1b: Yao Guai|89/100 brn|[from] brn\n|-fieldend|move: Trick Room\n|upkeep\n|\n|t:|1746042725\n|switch|p2a: Kyogre|Kyogre, L50|100/100\n|-weather|RainDance|[from] ability: Drizzle|[of] p2a: Kyogre\n|-end|p1a: Catachan|Protosynthesis\n|turn|6\n|\n|t:|1746042744\n|move|p1b: Yao Guai|Protect|p1b: Yao Guai\n|-singleturn|p1b: Yao Guai|Protect\n|move|p2b: Amoonguss|Rage Powder|p2b: Amoonguss\n|-singleturn|p2b: Amoonguss|move: Rage Powder\n|-curestatus|p1a: Catachan|slp|[msg]\n|move|p1a: Catachan|Sucker Punch||[still]\n|-fail|p1a: Catachan\n|move|p2a: Kyogre|Water Spout|p1b: Yao Guai|[spread] p1a\n|-activate|p1b: Yao Guai|move: Protect\n|-resisted|p1a: Catachan\n|-damage|p1a: Catachan|7/100\n|\n|-weather|RainDance|[upkeep]\n|-damage|p1b: Yao Guai|83/100 brn|[from] brn\n|upkeep\n|turn|7\n|\n|t:|1746042768\n|-end|p1a: Catachan|Protosynthesis|[silent]\n|switch|p1a: Kardas|Koraidon, L50|100/100\n|-weather|SunnyDay|[from] ability: Orichalcum Pulse|[of] p1a: Kardas\n|-activate|p1a: Kardas|Orichalcum Pulse|[source]\n|move|p2b: Amoonguss|Rage Powder|p2b: Amoonguss\n|-singleturn|p2b: Amoonguss|move: Rage Powder\n|move|p2a: Kyogre|Water Spout|p1a: Kardas|[spread] p1a,p1b\n|-resisted|p1a: Kardas\n|-supereffective|p1b: Yao Guai\n|-damage|p1a: Kardas|80/100\n|-damage|p1b: Yao Guai|19/100 brn\n|move|p1b: Yao Guai|Facade|p2b: Amoonguss\n|-damage|p2b: Amoonguss|0 fnt\n|-damage|p1b: Yao Guai|2/100 brn|[from] item: Rocky Helmet|[of] p2b: Amoonguss\n|faint|p2b: Amoonguss\n|\n|-weather|SunnyDay|[upkeep]\n|-damage|p1b: Yao Guai|0 fnt|[from] brn\n|faint|p1b: Yao Guai\n|upkeep\n|\n|t:|1746042776\n|switch|p2b: Urshifu|Urshifu-Rapid-Strike, L50, M|100/100\n|switch|p1b: Catachan|Brute Bonnet, L50, tera:Water|7/100\n|-activate|p1b: Catachan|ability: Protosynthesis\n|-start|p1b: Catachan|protosynthesisdef\n|turn|8\n|inactive|entei enthusiast has 30 seconds left.\n|\n|t:|1746042805\n|-terastallize|p2b: Urshifu|Ghost\n|move|p1b: Catachan|Sucker Punch|p2a: Kyogre\n|-damage|p2a: Kyogre|74/100\n|move|p2b: Urshifu|Close Combat|p1b: Catachan\n|-damage|p1b: Catachan|0 fnt\n|-unboost|p2b: Urshifu|def|1\n|-unboost|p2b: Urshifu|spd|1\n|faint|p1b: Catachan\n|-end|p1b: Catachan|Protosynthesis|[silent]\n|move|p1a: Kardas|Flame Charge|p2b: Urshifu\n|-damage|p2b: Urshifu|28/100\n|-boost|p1a: Kardas|spe|1\n|-damage|p1a: Kardas|70/100|[from] item: Life Orb\n|move|p2a: Kyogre|Ice Beam|p1a: Kardas\n|-supereffective|p1a: Kardas\n|-damage|p1a: Kardas|6/100\n|\n|-weather|SunnyDay|[upkeep]\n|upkeep\n|turn|9\n|\n|t:|1746042824\n|move|p1a: Kardas|Close Combat|p2a: Kyogre\n|-damage|p2a: Kyogre|0 fnt\n|-unboost|p1a: Kardas|def|1\n|-unboost|p1a: Kardas|spd|1\n|faint|p2a: Kyogre\n|-damage|p1a: Kardas|0 fnt|[from] item: Life Orb\n|faint|p1a: Kardas\n|\n|win|Maximilian sheldon\n||entei enthusiast is ready for game 2.\n||Maximilian sheldon is ready for game 2.\n|uhtml|next|Next: <a href=\"/battle-gen9vgc2025regibo3-2354188493\"><strong>Game 2 of 3</strong></a>\n", "uploadtime": 1746043170, "views": 10, "formatid": "gen9vgc2025regibo3", "rating": null, "private": 0, "password": null}