{"id": "gen9vgc2025regibo3-2353760489", "format": "[Gen 9] VGC 2025 Reg I (Bo3)", "players": ["bertcamem", "Oreo_Stars"], "log": "|j|\u2606bertcamem\n|j|\u2606Oreo_Stars\n|html|<table width=\"100%\"><tr><td align=\"left\">bertcamem</td><td align=\"right\">Oreo_Stars</tr><tr><td align=\"left\"><i class=\"fa fa-circle-o\"></i> <i class=\"fa fa-circle-o\"></i> </td><td align=\"right\"><i class=\"fa fa-circle-o\"></i> <i class=\"fa fa-circle\"></i> </tr></table>\n|uhtml|bestof|<h2><strong>Game 2</strong> of <a href=\"/game-bestof3-gen9vgc2025regibo3-2353759444\">a best-of-3</a></h2>\n|t:|1745995386\n|gametype|doubles\n|player|p1|bertcamem|169|1305\n|player|p2|Oreo_Stars|266|1181\n|teamsize|p1|6\n|teamsize|p2|6\n|gen|9\n|tier|[Gen 9] VGC 2025 Reg I (Bo3)\n|rated|\n|rule|Species Clause: Limit one of each Pok\u00e9mon\n|rule|Item Clause: Limit 1 of each item\n|clearpoke\n|poke|p1|Koraidon, L50|\n|poke|p1|Ho-Oh, L50|\n|poke|p1|Gurdurr, L50, M|\n|poke|p1|Flutter Mane, L50|\n|poke|p1|Rillaboom, L50, F|\n|poke|p1|Raging Bolt, L50|\n|poke|p2|Incineroar, L50, M|\n|poke|p2|Rillaboom, L50, M|\n|poke|p2|Koraidon, L50|\n|poke|p2|Raging Bolt, L50|\n|poke|p2|Calyrex-Shadow, L50|\n|poke|p2|Ogerpon-Hearthflame, L50, F|\n|teampreview|4\n|showteam|p1|Koraidon||LifeOrb|OrichalcumPulse|FlareBlitz,CloseCombat,Protect,Uturn||||||50|,,,,,Fire]Ho-Oh||ClearAmulet|Regenerator|SacredFire,BraveBird,Protect,Tailwind||||||50|,,,,,Grass]Gurdurr||Eviolite|IronFist|DrainPunch,Coaching,WideGuard,HelpingHand|||M|||50|,,,,,Water]Flutter Mane||FocusSash|Protosynthesis|Moonblast,ShadowBall,Taunt,IcyWind||||||50|,,,,,Normal]Rillaboom||AssaultVest|GrassySurge|FakeOut,GrassyGlide,HighHorsepower,Uturn|||F|||50|,,,,,Fire]Raging Bolt||BoosterEnergy|Protosynthesis|Protect,Thunderclap,Thunderbolt,DracoMeteor||||||50|,,,,,Fairy\n|showteam|p2|Incineroar||RockyHelmet|Intimidate|FakeOut,PartingShot,FlareBlitz,KnockOff|||M|||50|,,,,,Bug]Rillaboom||AssaultVest|GrassySurge|FakeOut,GrassyGlide,WoodHammer,Uturn|||M|||50|,,,,,Fire]Koraidon||LifeOrb|OrichalcumPulse|Protect,FlareBlitz,CloseCombat,FlameCharge||||||50|,,,,,Fire]Raging Bolt||BoosterEnergy|Protosynthesis|Protect,Thunderclap,Thunderbolt,DracoMeteor||||||50|,,,,,Electric]Calyrex-Shadow||FocusSash|AsOneSpectrier|Protect,AstralBarrage,Psychic,NastyPlot||||||50|,,,,,Dark]Ogerpon-Hearthflame||HearthflameMask|MoldBreaker|IvyCudgel,ThroatChop,FollowMe,SpikyShield|||F|||50|,,,,,Fire\n|inactive|Battle timer is ON: inactive players will automatically lose when time's up. (requested by bertcamem)\n|inactive|Oreo_Stars also wants the timer to be on.\n|\n|t:|1745995401\n|start\n|switch|p1a: Emperor|Ho-Oh, L50|100/100\n|switch|p1b: Chariot|Rillaboom, L50, F|100/100\n|switch|p2a: Koraidon|Koraidon, L50|100/100\n|switch|p2b: Incineroar|Incineroar, L50, M|100/100\n|-weather|SunnyDay|[from] ability: Orichalcum Pulse|[of] p2a: Koraidon\n|-activate|p2a: Koraidon|Orichalcum Pulse|[source]\n|-fieldstart|move: Grassy Terrain|[from] ability: Grassy Surge|[of] p1b: Chariot\n|-ability|p2b: Incineroar|Intimidate|boost\n|-fail|p1a: Emperor|unboost|[from] item: Clear Amulet|[of] p1a: Emperor\n|-unboost|p1b: Chariot|atk|1\n|turn|1\n|\n|t:|1745995412\n|move|p1b: Chariot|Fake Out|p2a: Koraidon\n|-damage|p2a: Koraidon|93/100\n|move|p2b: Incineroar|Fake Out|p1a: Emperor\n|-damage|p1a: Emperor|92/100\n|cant|p2a: Koraidon|flinch\n|cant|p1a: Emperor|flinch\n|\n|-weather|SunnyDay|[upkeep]\n|-heal|p2a: Koraidon|98/100|[from] Grassy Terrain\n|upkeep\n|turn|2\n|\n|t:|1745995425\n|-terastallize|p2a: Koraidon|Fire\n|-terastallize|p1b: Chariot|Fire\n|move|p2a: Koraidon|Flare Blitz|p1a: Emperor\n|-resisted|p1a: Emperor\n|-damage|p1a: Emperor|27/100\n|-damage|p2a: Koraidon|74/100|[from] Recoil\n|-damage|p2a: Koraidon|65/100|[from] item: Life Orb\n|move|p1b: Chariot|U-turn|p2b: Incineroar\n|-damage|p2b: Incineroar|89/100\n|-damage|p1b: Chariot|84/100|[from] item: Rocky Helmet|[of] p2b: Incineroar\n|\n|t:|1745995432\n|switch|p1b: Sun|Koraidon, L50|100/100|[from] U-turn\n|-activate|p1b: Sun|ability: Orichalcum Pulse\n|move|p1a: Emperor|Tailwind|p1a: Emperor\n|-sidestart|p1: bertcamem|move: Tailwind\n|move|p2b: Incineroar|Flare Blitz|p1a: Emperor\n|-resisted|p1a: Emperor\n|-damage|p1a: Emperor|0 fnt\n|faint|p1a: Emperor\n|-damage|p2b: Incineroar|80/100|[from] Recoil\n|\n|-weather|SunnyDay|[upkeep]\n|-heal|p2a: Koraidon|70/100|[from] Grassy Terrain\n|-heal|p2b: Incineroar|86/100|[from] Grassy Terrain\n|upkeep\n|\n|t:|1745995443\n|switch|p1a: Magician|Flutter Mane, L50|100/100\n|-activate|p1a: Magician|ability: Protosynthesis\n|-start|p1a: Magician|protosynthesisspe\n|turn|3\n|\n|t:|1745995449\n|switch|p2b: Ogerpon|Ogerpon-Hearthflame, L50, F|100/100\n|-ability|p2b: Ogerpon|Mold Breaker\n|move|p2a: Koraidon|Protect|p2a: Koraidon\n|-singleturn|p2a: Koraidon|Protect\n|move|p1a: Magician|Taunt|p2b: Ogerpon\n|-start|p2b: Ogerpon|move: Taunt\n|move|p1b: Sun|Close Combat|p2a: Koraidon\n|-activate|p2a: Koraidon|move: Protect\n|\n|-weather|SunnyDay|[upkeep]\n|-heal|p2a: Koraidon|76/100|[from] Grassy Terrain\n|upkeep\n|turn|4\n|\n|t:|1745995463\n|-end|p1a: Magician|Protosynthesis|[silent]\n|switch|p1a: Chariot|Rillaboom, L50, F, tera:Fire|84/100\n|switch|p2a: Incineroar|Incineroar, L50, M|86/100\n|-ability|p2a: Incineroar|Intimidate|boost\n|-unboost|p1a: Chariot|atk|1\n|-unboost|p1b: Sun|atk|1\n|move|p1b: Sun|Flare Blitz|p2a: Incineroar\n|-resisted|p2a: Incineroar\n|-damage|p2a: Incineroar|59/100\n|-damage|p1b: Sun|84/100|[from] item: Rocky Helmet|[of] p2a: Incineroar\n|-damage|p1b: Sun|74/100|[from] Recoil\n|-damage|p1b: Sun|64/100|[from] item: Life Orb\n|move|p2b: Ogerpon|Ivy Cudgel|p1a: Chariot|[anim] Ivy Cudgel Fire\n|-resisted|p1a: Chariot\n|-damage|p1a: Chariot|34/100\n|\n|-weather|SunnyDay|[upkeep]\n|-heal|p1b: Sun|70/100|[from] Grassy Terrain\n|-heal|p1a: Chariot|40/100|[from] Grassy Terrain\n|-heal|p2a: Incineroar|65/100|[from] Grassy Terrain\n|upkeep\n|turn|5\n|\n|t:|1745995475\n|switch|p2a: Calyrex|Calyrex-Shadow, L50|100/100\n|-ability|p2a: Calyrex|As One\n|-ability|p2a: Calyrex|Unnerve\n|move|p1a: Chariot|Fake Out|p2a: Calyrex\n|-immune|p2a: Calyrex\n|move|p1b: Sun|U-turn|p2b: Ogerpon\n|-damage|p2b: Ogerpon|72/100\n|-damage|p1b: Sun|61/100|[from] item: Life Orb\n|\n|t:|1745995477\n|switch|p1b: Magician|Flutter Mane, L50|100/100|[from] U-turn\n|-activate|p1b: Magician|ability: Protosynthesis\n|-start|p1b: Magician|protosynthesisspe\n|move|p2b: Ogerpon|Ivy Cudgel|p1b: Magician|[anim] Ivy Cudgel Fire\n|-enditem|p1b: Magician|Focus Sash\n|-damage|p1b: Magician|1/100\n|\n|-weather|none\n|-end|p1b: Magician|Protosynthesis\n|-heal|p1b: Magician|7/100|[from] Grassy Terrain\n|-heal|p1a: Chariot|46/100|[from] Grassy Terrain\n|-heal|p2b: Ogerpon|78/100|[from] Grassy Terrain\n|-end|p2b: Ogerpon|move: Taunt\n|-sideend|p1: bertcamem|move: Tailwind\n|-fieldend|move: Grassy Terrain\n|upkeep\n|turn|6\n|\n|t:|1745995487\n|switch|p1a: Sun|Koraidon, L50|61/100\n|-weather|SunnyDay|[from] ability: Orichalcum Pulse|[of] p1a: Sun\n|-activate|p1b: Magician|ability: Protosynthesis\n|-start|p1b: Magician|protosynthesisspe\n|-activate|p1a: Sun|Orichalcum Pulse|[source]\n|move|p1b: Magician|Icy Wind|p2a: Calyrex|[spread] p2a,p2b\n|-crit|p2b: Ogerpon\n|-damage|p2a: Calyrex|87/100\n|-damage|p2b: Ogerpon|56/100\n|-unboost|p2a: Calyrex|spe|1\n|-unboost|p2b: Ogerpon|spe|1\n|move|p2a: Calyrex|Astral Barrage|p1b: Magician|[spread] p1a,p1b\n|-supereffective|p1b: Magician\n|-damage|p1a: Sun|12/100\n|-damage|p1b: Magician|0 fnt\n|faint|p1b: Magician\n|-end|p1b: Magician|Protosynthesis|[silent]\n|-ability|p2a: Calyrex|Grim Neigh|boost\n|-boost|p2a: Calyrex|spa|1\n|move|p2b: Ogerpon|Ivy Cudgel|p1a: Sun|[anim] Ivy Cudgel Fire\n|-resisted|p1a: Sun\n|-damage|p1a: Sun|0 fnt\n|faint|p1a: Sun\n|\n|-weather|SunnyDay|[upkeep]\n|upkeep\n|-message|bertcamem forfeited.\n|\n|win|Oreo_Stars\n|raw|bertcamem's rating: 1305 &rarr; <strong>1278</strong><br />(-27 for losing)\n|raw|Oreo_Stars's rating: 1181 &rarr; <strong>1215</strong><br />(+34 for winning)\n|l|\u2606bertcamem\n|player|p1|\n", "uploadtime": 1745995516, "views": 7, "formatid": "gen9vgc2025regibo3", "rating": 1215, "private": 0, "password": null}