{"id": "gen9vgc2025regibo3-2353908411", "format": "[Gen 9] VGC 2025 Reg I (Bo3)", "players": ["aveorni", "gundi8"], "log": "|j|\u2606aveorni\n|j|\u2606gundi8\n|html|<table width=\"100%\"><tr><td align=\"left\">aveorni</td><td align=\"right\">gundi8</tr><tr><td align=\"left\"><i class=\"fa fa-circle-o\"></i> <i class=\"fa fa-circle-o\"></i> </td><td align=\"right\"><i class=\"fa fa-circle-o\"></i> <i class=\"fa fa-circle-o\"></i> </tr></table>\n|uhtml|bestof|<h2><strong>Game 1</strong> of <a href=\"/game-bestof3-gen9vgc2025regibo3-2353908408\">a best-of-3</a></h2>\n|t:|1746017663\n|gametype|doubles\n|player|p1|aveorni|n|1217\n|player|p2|gundi8|ethan-gen2|1204\n|teamsize|p1|6\n|teamsize|p2|6\n|gen|9\n|tier|[Gen 9] VGC 2025 Reg I (Bo3)\n|rated|\n|rule|Species Clause: Limit one of each Pok\u00e9mon\n|rule|Item Clause: Limit 1 of each item\n|clearpoke\n|poke|p1|Lunala, L50|\n|poke|p1|Koraidon, L50|\n|poke|p1|Scream Tail, L50|\n|poke|p1|Brute Bonnet, L50|\n|poke|p1|Incineroar, L50, M|\n|poke|p1|Grimmsnarl, L50, M|\n|poke|p2|Calyrex-Shadow, L50|\n|poke|p2|Koraidon, L50|\n|poke|p2|Ditto, L50|\n|poke|p2|Brute Bonnet, L50|\n|poke|p2|Whimsicott, L50, F|\n|poke|p2|Chi-Yu, L50|\n|teampreview|4\n|showteam|p1|Lunala||PowerHerb|ShadowShield|MoongeistBeam,MeteorBeam,WideGuard,Protect||||||50|,,,,,Grass]Koraidon||LifeOrb|OrichalcumPulse|FlareBlitz,CloseCombat,FlameCharge,Protect||||||50|,,,,,Fire]Scream Tail||BoosterEnergy|Protosynthesis|PsychicNoise,Encore,Disable,Protect||||||50|,,,,,Dark]Brute Bonnet||CovertCloak|Protosynthesis|Spore,Trailblaze,SuckerPunch,RagePowder||||||50|,,,,,Water]Incineroar||SafetyGoggles|Intimidate|FakeOut,FlareBlitz,PartingShot,Taunt|||M|||50|,,,,,Ghost]Grimmsnarl||LightClay|Prankster|FoulPlay,LightScreen,Reflect,ThunderWave|||M|||50|,,,,,Ghost\n|showteam|p2|Calyrex-Shadow||LifeOrb|AsOneSpectrier|AstralBarrage,Psychic,Substitute,Protect||||||50|,,,,,Ghost]Koraidon||ClearAmulet|OrichalcumPulse|CollisionCourse,FlameCharge,FlareBlitz,Protect||||||50|,,,,,Fire]Ditto||FocusSash|Imposter|Transform||||||50|,,,,,Normal]Brute Bonnet||RockyHelmet|Protosynthesis|SeedBomb,SuckerPunch,Spore,RagePowder||||||50|,,,,,Water]Whimsicott||CovertCloak|Prankster|Moonblast,LightScreen,Tailwind,Encore|||F|||50|,,,,,Dark]Chi-Yu||ChoiceScarf|BeadsofRuin|HeatWave,Snarl,Overheat,DarkPulse||||||50|,,,,,Ghost\n|inactive|Battle timer is ON: inactive players will automatically lose when time's up. (requested by gundi8)\n|inactive|aveorni also wants the timer to be on.\n|c|\u2606aveorni|glhf\n|inactive|aveorni has 60 seconds left.\n|inactive|gundi8 has 60 seconds left.\n|inactive|gundi8 has 30 seconds left.\n|inactive|gundi8 has 20 seconds left.\n|inactive|gundi8 has 15 seconds left.\n|inactive|gundi8 has 10 seconds left.\n|inactive|gundi8 has 5 seconds left.\n|\n|t:|1746017752\n|start\n|switch|p1a: Brute Bonnet|Brute Bonnet, L50|100/100\n|switch|p1b: Grimmsnarl|Grimmsnarl, L50, M|100/100\n|switch|p2a: Calyrex|Calyrex-Shadow, L50|100/100\n|switch|p2b: Chi-Yu|Chi-Yu, L50|100/100\n|-ability|p2a: Calyrex|As One\n|-ability|p2a: Calyrex|Unnerve\n|-ability|p2b: Chi-Yu|Beads of Ruin\n|turn|1\n|inactive|aveorni has 30 seconds left.\n|\n|t:|1746017783\n|switch|p2a: Whimsicott|Whimsicott, L50, F|100/100\n|move|p1b: Grimmsnarl|Light Screen|p1b: Grimmsnarl\n|-sidestart|p1: aveorni|move: Light Screen\n|move|p2b: Chi-Yu|Heat Wave|p1b: Grimmsnarl|[spread] p1a,p1b\n|-supereffective|p1a: Brute Bonnet\n|-damage|p1a: Brute Bonnet|38/100\n|-damage|p1b: Grimmsnarl|70/100\n|move|p1a: Brute Bonnet|Trailblaze|p2b: Chi-Yu\n|-resisted|p2b: Chi-Yu\n|-crit|p2b: Chi-Yu\n|-damage|p2b: Chi-Yu|74/100\n|-boost|p1a: Brute Bonnet|spe|1\n|\n|upkeep\n|turn|2\n|\n|t:|1746017808\n|-terastallize|p1a: Brute Bonnet|Water\n|move|p1b: Grimmsnarl|Thunder Wave|p2a: Whimsicott\n|-status|p2a: Whimsicott|par\n|move|p2b: Chi-Yu|Heat Wave|p1b: Grimmsnarl|[spread] p1a,p1b\n|-resisted|p1a: Brute Bonnet\n|-damage|p1a: Brute Bonnet|21/100\n|-damage|p1b: Grimmsnarl|40/100\n|move|p1a: Brute Bonnet|Spore|p2b: Chi-Yu\n|-status|p2b: Chi-Yu|slp|[from] move: Spore\n|cant|p2a: Whimsicott|par\n|\n|upkeep\n|turn|3\n|inactive|aveorni has 30 seconds left.\n|inactive|aveorni has 20 seconds left.\n|\n|t:|1746017845\n|-end|p1a: Brute Bonnet|Protosynthesis|[silent]\n|switch|p1a: Koraidon|Koraidon, L50|100/100\n|-weather|SunnyDay|[from] ability: Orichalcum Pulse|[of] p1a: Koraidon\n|-activate|p1a: Koraidon|Orichalcum Pulse|[source]\n|move|p2a: Whimsicott|Encore||[still]\n|-fail|p2a: Whimsicott\n|move|p1b: Grimmsnarl|Reflect|p1b: Grimmsnarl\n|-sidestart|p1: aveorni|Reflect\n|cant|p2b: Chi-Yu|slp\n|\n|-weather|SunnyDay|[upkeep]\n|upkeep\n|turn|4\n|\n|t:|1746017864\n|move|p2a: Whimsicott|Tailwind|p2a: Whimsicott\n|-sidestart|p2: gundi8|move: Tailwind\n|cant|p2b: Chi-Yu|slp\n|move|p1a: Koraidon|Flame Charge|p2a: Whimsicott\n|-supereffective|p2a: Whimsicott\n|-damage|p2a: Whimsicott|0 fnt\n|-boost|p1a: Koraidon|spe|1\n|faint|p2a: Whimsicott\n|-damage|p1a: Koraidon|91/100|[from] item: Life Orb\n|move|p1b: Grimmsnarl|Foul Play|p2b: Chi-Yu\n|-resisted|p2b: Chi-Yu\n|-damage|p2b: Chi-Yu|53/100 slp\n|\n|-weather|SunnyDay|[upkeep]\n|upkeep\n|\n|t:|1746017873\n|switch|p2a: Calyrex|Calyrex-Shadow, L50|100/100\n|-ability|p2a: Calyrex|As One\n|-ability|p2a: Calyrex|Unnerve\n|turn|5\n|\n|t:|1746017888\n|-terastallize|p2a: Calyrex|Ghost\n|-curestatus|p2b: Chi-Yu|slp|[msg]\n|move|p2b: Chi-Yu|Heat Wave|p1b: Grimmsnarl|[spread] p1a,p1b\n|-resisted|p1a: Koraidon\n|-damage|p1a: Koraidon|64/100\n|-damage|p1b: Grimmsnarl|0 fnt\n|faint|p1b: Grimmsnarl\n|move|p2a: Calyrex|Astral Barrage|p1a: Koraidon\n|-damage|p1a: Koraidon|0 fnt\n|faint|p1a: Koraidon\n|-ability|p2a: Calyrex|Grim Neigh|boost\n|-boost|p2a: Calyrex|spa|1\n|-damage|p2a: Calyrex|91/100|[from] item: Life Orb\n|\n|-weather|SunnyDay|[upkeep]\n|upkeep\n|\n|t:|1746017894\n|switch|p1a: Brute Bonnet|Brute Bonnet, L50, tera:Water|21/100\n|switch|p1b: Lunala|Lunala, L50|100/100\n|-activate|p1a: Brute Bonnet|ability: Protosynthesis\n|-start|p1a: Brute Bonnet|protosynthesisdef\n|turn|6\n|\n|t:|1746017911\n|switch|p2b: Ditto|Ditto, L50|100/100\n|-transform|p2b: Ditto|p1a: Brute Bonnet|[from] ability: Imposter\n|move|p2a: Calyrex|Substitute|p2a: Calyrex\n|-start|p2a: Calyrex|Substitute\n|-damage|p2a: Calyrex|66/100\n|move|p1b: Lunala|Moongeist Beam|p2a: Calyrex\n|-supereffective|p2a: Calyrex\n|-end|p2a: Calyrex|Substitute\n|move|p1a: Brute Bonnet|Spore|p2b: Ditto\n|-immune|p2b: Ditto\n|\n|-weather|SunnyDay|[upkeep]\n|upkeep\n|turn|7\n|-message|aveorni forfeited.\n|\n|win|gundi8\n|l|\u2606aveorni\n|player|p1|\n||aveorni is ready for game 2.\n|inactive|gundi8 has 30 seconds to confirm battle start!\n", "uploadtime": 1746017932, "views": 10, "formatid": "gen9vgc2025regibo3", "rating": null, "private": 0, "password": null}