{"id": "gen9vgc2025regibo3-2353705286", "format": "[Gen 9] VGC 2025 Reg I (Bo3)", "players": ["catsharknado", "PokemonmasterN2009"], "log": "|j|\u2606catsharknado\n|j|\u2606PokemonmasterN2009\n|html|<table width=\"100%\"><tr><td align=\"left\">catsharknado</td><td align=\"right\">PokemonmasterN2009</tr><tr><td align=\"left\"><i class=\"fa fa-circle\"></i> <i class=\"fa fa-circle-o\"></i> </td><td align=\"right\"><i class=\"fa fa-circle-o\"></i> <i class=\"fa fa-circle-o\"></i> </tr></table>\n|uhtml|bestof|<h2><strong>Game 2</strong> of <a href=\"/game-bestof3-gen9vgc2025regibo3-2353702619\">a best-of-3</a></h2>\n|t:|1745986146\n|gametype|doubles\n|player|p1|catsharknado|170|1392\n|player|p2|PokemonmasterN2009|steven|1485\n|teamsize|p1|6\n|teamsize|p2|6\n|gen|9\n|tier|[Gen 9] VGC 2025 Reg I (Bo3)\n|rated|\n|rule|Species Clause: Limit one of each Pok\u00e9mon\n|rule|Item Clause: Limit 1 of each item\n|clearpoke\n|poke|p1|Terapagos, L50, M|\n|poke|p1|Incineroar, L50, F|\n|poke|p1|Rillaboom, L50, F|\n|poke|p1|Ogerpon-Cornerstone, L50, F|\n|poke|p1|Flutter Mane, L50|\n|poke|p1|Calyrex-Shadow, L50|\n|poke|p2|Calyrex-Ice, L50|\n|poke|p2|Smeargle, L50, M|\n|poke|p2|Kyogre, L50|\n|poke|p2|Farigiraf, L50, M|\n|poke|p2|Amoonguss, L50, M|\n|poke|p2|Rillaboom, L50, F|\n|teampreview|4\n|showteam|p1|Terapagos||Leftovers|TeraShift|CalmMind,Protect,TeraStarstorm,EarthPower|||M|||50|,,,,,Stellar]Incineroar||SafetyGoggles|Intimidate|KnockOff,FakeOut,PartingShot,WillOWisp|||F|||50|,,,,,Ghost]Rillaboom||AssaultVest|GrassySurge|GrassyGlide,WoodHammer,FakeOut,Uturn|||F|||50|,,,,,Grass]Ogerpon-Cornerstone||CornerstoneMask|Sturdy|IvyCudgel,SpikyShield,FollowMe,PowerWhip|||F|||50|,,,,,Rock]Flutter Mane||BoosterEnergy|Protosynthesis|Moonblast,Protect,ThunderWave,Taunt||||||50|,,,,,Fairy]Calyrex-Shadow||FocusSash|AsOneSpectrier|AstralBarrage,Protect,WillOWisp,PollenPuff||||||50|,,,,,Ghost\n|showteam|p2|Calyrex-Ice||ClearAmulet|AsOneGlastrier|TrickRoom,GlacialLance,HighHorsepower,Protect||||||50|,,,,,Water]Smeargle||FocusSash|OwnTempo|Spore,FollowMe,WideGuard,Decorate|||M|||50|,,,,,Grass]Kyogre||IronBall|Drizzle|WaterSpout,HydroPump,Thunder,IceBeam||||||50|,,,,,Grass]Farigiraf||ThroatSpray|ArmorTail|TrickRoom,HyperVoice,Roar,PsychicNoise|||M|||50|,,,,,Water]Amoonguss||MentalHerb|Regenerator|RagePowder,ClearSmog,Spore,PollenPuff|||M|||50|,,,,,Water]Rillaboom||MiracleSeed|GrassySurge|GrassyGlide,WoodHammer,Taunt,FakeOut|||F|||50|,,,,,Grass\n|inactive|Battle timer is ON: inactive players will automatically lose when time's up. (requested by PokemonmasterN2009)\n|inactive|catsharknado also wants the timer to be on.\n|\n|t:|1745986164\n|start\n|switch|p1a: Flutter Mane|Flutter Mane, L50|100/100\n|switch|p1b: Ogerpon|Ogerpon-Cornerstone, L50, F|100/100\n|switch|p2a: Mr. Snoopy|Smeargle, L50, M, shiny|100/100\n|switch|p2b: Mr. Rider|Calyrex-Ice, L50|100/100\n|-ability|p2b: Mr. Rider|As One\n|-ability|p2b: Mr. Rider|Unnerve\n|-enditem|p1a: Flutter Mane|Booster Energy\n|-activate|p1a: Flutter Mane|ability: Protosynthesis|[fromitem]\n|-start|p1a: Flutter Mane|protosynthesisspe\n|turn|1\n|\n|t:|1745986182\n|move|p2a: Mr. Snoopy|Follow Me|p2a: Mr. Snoopy\n|-singleturn|p2a: Mr. Snoopy|move: Follow Me\n|move|p1a: Flutter Mane|Taunt|p2a: Mr. Snoopy\n|-start|p2a: Mr. Snoopy|move: Taunt\n|move|p1b: Ogerpon|Ivy Cudgel|p2a: Mr. Snoopy|[anim] Ivy Cudgel Rock\n|-damage|p2a: Mr. Snoopy|20/100\n|move|p2b: Mr. Rider|Trick Room|p2b: Mr. Rider\n|-fieldstart|move: Trick Room|[of] p2b: Mr. Rider\n|\n|upkeep\n|turn|2\n|\n|t:|1745986196\n|switch|p2a: Mr. Not-Effarig|Farigiraf, L50, M|100/100\n|-end|p1a: Flutter Mane|Protosynthesis|[silent]\n|switch|p1a: Terapagos|Terapagos, L50, M|100/100\n|-activate|p1a: Terapagos|ability: Tera Shift\n|detailschange|p1a: Terapagos|Terapagos-Terastal, L50, M\n|-heal|p1a: Terapagos|100/100|[silent]\n|move|p2b: Mr. Rider|Protect|p2b: Mr. Rider\n|-singleturn|p2b: Mr. Rider|Protect\n|move|p1b: Ogerpon|Ivy Cudgel|p2b: Mr. Rider|[anim] Ivy Cudgel Rock\n|-activate|p2b: Mr. Rider|move: Protect\n|\n|upkeep\n|turn|3\n|\n|t:|1745986212\n|move|p1b: Ogerpon|Spiky Shield|p1b: Ogerpon\n|-singleturn|p1b: Ogerpon|move: Protect\n|move|p2a: Mr. Not-Effarig|Hyper Voice|p1a: Terapagos|[spread] p1a\n|-activate|p1b: Ogerpon|move: Protect\n|-activate|p1a: Terapagos|ability: Tera Shell\n|-resisted|p1a: Terapagos\n|-damage|p1a: Terapagos|88/100\n|-enditem|p2a: Mr. Not-Effarig|Throat Spray\n|-boost|p2a: Mr. Not-Effarig|spa|1|[from] item: Throat Spray\n|move|p2b: Mr. Rider|Glacial Lance|p1a: Terapagos|[spread] p1a\n|-activate|p1b: Ogerpon|move: Protect\n|-damage|p1a: Terapagos|47/100\n|move|p1a: Terapagos|Tera Starstorm|p2a: Mr. Not-Effarig\n|-damage|p2a: Mr. Not-Effarig|54/100\n|\n|-heal|p1a: Terapagos|53/100|[from] item: Leftovers\n|upkeep\n|turn|4\n|\n|t:|1745986236\n|-terastallize|p1b: Ogerpon|Rock\n|detailschange|p1b: Ogerpon|Ogerpon-Cornerstone-Tera, L50, F, tera:Rock\n|-ability|p1b: Ogerpon|Embody Aspect (Cornerstone)|boost\n|-boost|p1b: Ogerpon|def|1\n|move|p1a: Terapagos|Protect|p1a: Terapagos\n|-singleturn|p1a: Terapagos|Protect\n|move|p2b: Mr. Rider|Glacial Lance|p1b: Ogerpon|[spread] p1b\n|-activate|p1a: Terapagos|move: Protect\n|-damage|p1b: Ogerpon|42/100\n|move|p2a: Mr. Not-Effarig|Hyper Voice|p1a: Terapagos|[spread] p1b\n|-activate|p1a: Terapagos|move: Protect\n|-resisted|p1b: Ogerpon\n|-damage|p1b: Ogerpon|13/100\n|move|p1b: Ogerpon|Ivy Cudgel|p2b: Mr. Rider|[anim] Ivy Cudgel Rock\n|-supereffective|p2b: Mr. Rider\n|-crit|p2b: Mr. Rider\n|-damage|p2b: Mr. Rider|0 fnt\n|faint|p2b: Mr. Rider\n|\n|-heal|p1a: Terapagos|59/100|[from] item: Leftovers\n|upkeep\n|\n|t:|1745986247\n|switch|p2b: Mr. Snoopy|Smeargle, L50, M, shiny|20/100\n|turn|5\n|\n|t:|1745986257\n|move|p1b: Ogerpon|Spiky Shield|p1b: Ogerpon\n|-singleturn|p1b: Ogerpon|move: Protect\n|move|p2b: Mr. Snoopy|Spore|p1a: Terapagos\n|-status|p1a: Terapagos|slp|[from] move: Spore\n|move|p2a: Mr. Not-Effarig|Hyper Voice|p1a: Terapagos|[spread] p1a\n|-activate|p1b: Ogerpon|move: Protect\n|-damage|p1a: Terapagos|20/100 slp\n|cant|p1a: Terapagos|slp\n|\n|-heal|p1a: Terapagos|26/100 slp|[from] item: Leftovers\n|-fieldend|move: Trick Room\n|upkeep\n|turn|6\n|\n|t:|1745986277\n|move|p2b: Mr. Snoopy|Follow Me|p2b: Mr. Snoopy\n|-singleturn|p2b: Mr. Snoopy|move: Follow Me\n|move|p1b: Ogerpon|Ivy Cudgel|p2b: Mr. Snoopy|[anim] Ivy Cudgel Rock\n|-damage|p2b: Mr. Snoopy|0 fnt\n|faint|p2b: Mr. Snoopy\n|-curestatus|p1a: Terapagos|slp|[msg]\n|move|p1a: Terapagos|Tera Starstorm|p2a: Mr. Not-Effarig\n|-damage|p2a: Mr. Not-Effarig|7/100\n|move|p2a: Mr. Not-Effarig|Trick Room|p2a: Mr. Not-Effarig\n|-fieldstart|move: Trick Room|[of] p2a: Mr. Not-Effarig\n|\n|-heal|p1a: Terapagos|32/100|[from] item: Leftovers\n|upkeep\n|\n|t:|1745986286\n|switch|p2b: Mr. Whalelord|Kyogre, L50, shiny|100/100\n|-weather|RainDance|[from] ability: Drizzle|[of] p2b: Mr. Whalelord\n|turn|7\n|inactive|catsharknado has 30 seconds left.\n|\n|t:|1745986313\n|switch|p1b: Flutter Mane|Flutter Mane, L50|100/100\n|move|p1a: Terapagos|Protect|p1a: Terapagos\n|-singleturn|p1a: Terapagos|Protect\n|move|p2b: Mr. Whalelord|Water Spout|p1b: Flutter Mane|[spread] p1b\n|-activate|p1a: Terapagos|move: Protect\n|-damage|p1b: Flutter Mane|4/100\n|move|p2a: Mr. Not-Effarig|Hyper Voice|p1a: Terapagos|[spread] \n|-activate|p1a: Terapagos|move: Protect\n|-immune|p1b: Flutter Mane\n|\n|-weather|RainDance|[upkeep]\n|-heal|p1a: Terapagos|39/100|[from] item: Leftovers\n|upkeep\n|turn|8\n|inactive|catsharknado has 30 seconds left.\n|inactive|catsharknado has 20 seconds left.\n|\n|t:|1745986350\n|move|p1a: Terapagos|Protect||[still]\n|-fail|p1a: Terapagos\n|move|p1b: Flutter Mane|Protect|p1b: Flutter Mane\n|-singleturn|p1b: Flutter Mane|Protect\n|move|p2b: Mr. Whalelord|Water Spout|p1b: Flutter Mane|[spread] p1a\n|-activate|p1b: Flutter Mane|move: Protect\n|-damage|p1a: Terapagos|0 fnt\n|faint|p1a: Terapagos\n|move|p2a: Mr. Not-Effarig|Hyper Voice|p1b: Flutter Mane\n|-activate|p1b: Flutter Mane|move: Protect\n|\n|-weather|RainDance|[upkeep]\n|upkeep\n|\n|t:|1745986358\n|switch|p1a: Calyrex|Calyrex-Shadow, L50|100/100\n|-ability|p1a: Calyrex|As One\n|-ability|p1a: Calyrex|Unnerve\n|turn|9\n|\n|t:|1745986366\n|move|p1b: Flutter Mane|Protect|p1b: Flutter Mane\n|-singleturn|p1b: Flutter Mane|Protect\n|move|p1a: Calyrex|Protect|p1a: Calyrex\n|-singleturn|p1a: Calyrex|Protect\n|move|p2b: Mr. Whalelord|Water Spout|p1a: Calyrex|[spread] \n|-activate|p1a: Calyrex|move: Protect\n|-activate|p1b: Flutter Mane|move: Protect\n|move|p2a: Mr. Not-Effarig|Psychic Noise|p1a: Calyrex\n|-activate|p1a: Calyrex|move: Protect\n|\n|-weather|RainDance|[upkeep]\n|upkeep\n|turn|10\n|\n|t:|1745986378\n|switch|p1a: Ogerpon|Ogerpon-Cornerstone-Tera, L50, F, tera:Rock|13/100\n|-ability|p1a: Ogerpon|Embody Aspect (Cornerstone)|boost\n|-boost|p1a: Ogerpon|def|1\n|move|p1b: Flutter Mane|Protect|p1b: Flutter Mane\n|-singleturn|p1b: Flutter Mane|Protect\n|move|p2b: Mr. Whalelord|Water Spout|p1b: Flutter Mane|[spread] p1a\n|-activate|p1b: Flutter Mane|move: Protect\n|-supereffective|p1a: Ogerpon\n|-damage|p1a: Ogerpon|0 fnt\n|faint|p1a: Ogerpon\n|move|p2a: Mr. Not-Effarig|Psychic Noise|p1b: Flutter Mane\n|-activate|p1b: Flutter Mane|move: Protect\n|\n|-weather|RainDance|[upkeep]\n|-fieldend|move: Trick Room\n|upkeep\n|\n|t:|1745986379\n|switch|p1a: Calyrex|Calyrex-Shadow, L50|100/100\n|-ability|p1a: Calyrex|As One\n|-ability|p1a: Calyrex|Unnerve\n|turn|11\n|\n|t:|1745986391\n|move|p1a: Calyrex|Astral Barrage|p2a: Mr. Not-Effarig|[spread] p2b\n|-immune|p2a: Mr. Not-Effarig\n|-damage|p2b: Mr. Whalelord|64/100\n|move|p1b: Flutter Mane|Moonblast|p2a: Mr. Not-Effarig\n|-damage|p2a: Mr. Not-Effarig|0 fnt\n|faint|p2a: Mr. Not-Effarig\n|move|p2b: Mr. Whalelord|Water Spout|p1b: Flutter Mane|[spread] p1a,p1b\n|-damage|p1a: Calyrex|37/100\n|-damage|p1b: Flutter Mane|0 fnt\n|faint|p1b: Flutter Mane\n|-end|p1b: Flutter Mane|Protosynthesis|[silent]\n|\n|-weather|none\n|upkeep\n|turn|12\n|\n|t:|1745986403\n|move|p1a: Calyrex|Protect|p1a: Calyrex\n|-singleturn|p1a: Calyrex|Protect\n|move|p2b: Mr. Whalelord|Hydro Pump|p1a: Calyrex\n|-activate|p1a: Calyrex|move: Protect\n|\n|upkeep\n|turn|13\n|\n|t:|1745986425\n|move|p1a: Calyrex|Astral Barrage|p2b: Mr. Whalelord\n|-damage|p2b: Mr. Whalelord|19/100\n|move|p2b: Mr. Whalelord|Hydro Pump|p1a: Calyrex\n|-damage|p1a: Calyrex|0 fnt\n|faint|p1a: Calyrex\n|\n|win|PokemonmasterN2009\n||catsharknado is ready for game 3.\n||PokemonmasterN2009 is ready for game 3.\n|uhtml|next|Next: <a href=\"/battle-gen9vgc2025regibo3-2353707228\"><strong>Game 3 of 3</strong></a>\n|l|\u2606PokemonmasterN2009\n|player|p2|\n", "uploadtime": 1745986722, "views": 6, "formatid": "gen9vgc2025regibo3", "rating": null, "private": 0, "password": null}