{"id": "gen9vgc2025regibo3-2354558861", "format": "[Gen 9] VGC 2025 Reg I (Bo3)", "players": ["Cotcha", "Urshi Dark"], "log": "|j|\u2606Cotcha\n|j|\u2606Urshi Dark\n|html|<table width=\"100%\"><tr><td align=\"left\">Cotcha</td><td align=\"right\">Urshi Dark</tr><tr><td align=\"left\"><i class=\"fa fa-circle-o\"></i> <i class=\"fa fa-circle-o\"></i> </td><td align=\"right\"><i class=\"fa fa-circle-o\"></i> <i class=\"fa fa-circle-o\"></i> </tr></table>\n|uhtml|bestof|<h2><strong>Game 1</strong> of <a href=\"/game-bestof3-gen9vgc2025regibo3-2354558860\">a best-of-3</a></h2>\n|t:|1746094265\n|gametype|doubles\n|player|p1|Cotcha|pokekid|1282\n|player|p2|Urshi Dark|sailor|1277\n|teamsize|p1|6\n|teamsize|p2|6\n|gen|9\n|tier|[Gen 9] VGC 2025 Reg I (Bo3)\n|rated|\n|rule|Species Clause: Limit one of each Pok\u00e9mon\n|rule|Item Clause: Limit 1 of each item\n|clearpoke\n|poke|p1|Kyogre, L50|\n|poke|p1|Calyrex-Ice, L50|\n|poke|p1|Roaring Moon, L50|\n|poke|p1|Amoonguss, L50, M|\n|poke|p1|Landorus, L50, M|\n|poke|p1|Smeargle, L50, M|\n|poke|p2|Dondozo, L50, F|\n|poke|p2|Tatsugiri, L50, F|\n|poke|p2|Miraidon, L50|\n|poke|p2|Urshifu-*, L50, F|\n|poke|p2|Calyrex-Ice, L50|\n|poke|p2|Farigiraf, L50, M|\n|teampreview|4\n|showteam|p1|Kyogre||MysticWater|Drizzle|WaterSpout,HydroPump,Protect,Thunder||||||50|,,,,,Grass]Calyrex-Ice||ClearAmulet|AsOneGlastrier|GlacialLance,HighHorsepower,TrickRoom,Protect||||||50|,,,,,Fire]Roaring Moon||BoosterEnergy|Protosynthesis|KnockOff,Acrobatics,Tailwind,Protect||||||50|,,,,,Flying]Amoonguss||CovertCloak|Regenerator|RagePowder,Spore,SludgeBomb,Protect|||M|||50|,,,,,Water]Landorus||LifeOrb|SheerForce|EarthPower,SludgeBomb,SandsearStorm,Protect|||M|||50|,,,,,Water]Smeargle||FocusSash|Technician|FollowMe,FakeOut,WideGuard,Spore|||M|||50|,,,,,Grass\n|showteam|p2|Dondozo||Leftovers|Unaware|OrderUp,Earthquake,WaveCrash,Protect|||F|||50|,,,,,Grass]Tatsugiri||AbilityShield|Commander|MuddyWater,DracoMeteor,HelpingHand,Protect|||F|||50|,,,,,Steel]Miraidon||ChoiceSpecs|HadronEngine|VoltSwitch,DracoMeteor,ElectroDrift,DazzlingGleam||||||50|,,,,,Fairy]Urshifu||FocusSash|UnseenFist|WickedBlow,SuckerPunch,Protect,CloseCombat|||F|||50|,,,,,Dark]Calyrex-Ice||ClearAmulet|AsOneGlastrier|GlacialLance,HighHorsepower,Protect,TrickRoom||||||50|,,,,,Fire]Farigiraf||ElectricSeed|ArmorTail|Psychic,HelpingHand,FoulPlay,TrickRoom|||M|||50|,,,,,Ground\n|inactive|Battle timer is ON: inactive players will automatically lose when time's up. (requested by Urshi Dark)\n|inactive|Cotcha has 60 seconds left.\n|\n|t:|1746094321\n|start\n|switch|p1a: Kyogre|Kyogre, L50|100/100\n|switch|p1b: Landorus|Landorus, L50, M|100/100\n|switch|p2a: Miraidon|Miraidon, L50|100/100\n|switch|p2b: Dondozo|Dondozo, L50, F, shiny|100/100\n|-fieldstart|move: Electric Terrain|[from] ability: Hadron Engine|[of] p2a: Miraidon\n|-weather|RainDance|[from] ability: Drizzle|[of] p1a: Kyogre\n|turn|1\n|inactive|Cotcha has 30 seconds left.\n|inactive|Cotcha has 20 seconds left.\n|inactive|Cotcha has 15 seconds left.\n|inactive|Cotcha has 10 seconds left.\n|inactive|Cotcha has 5 seconds left.\n|\n|t:|1746094375\n|switch|p2a: Tatsugiri|Tatsugiri, L50, F|100/100\n|-activate|p2a: Tatsugiri|ability: Commander|[of] p2b: Dondozo\n|-boost|p2b: Dondozo|atk|2\n|-boost|p2b: Dondozo|spa|2\n|-boost|p2b: Dondozo|spe|2\n|-boost|p2b: Dondozo|def|2\n|-boost|p2b: Dondozo|spd|2\n|-terastallize|p1a: Kyogre|Grass\n|move|p2b: Dondozo|Wave Crash|p1b: Landorus\n|-supereffective|p1b: Landorus\n|-damage|p1b: Landorus|0 fnt\n|faint|p1b: Landorus\n|-damage|p2b: Dondozo|75/100|[from] Recoil\n|move|p1a: Kyogre|Thunder|p2b: Dondozo\n|-supereffective|p2b: Dondozo\n|-damage|p2b: Dondozo|25/100\n|\n|-weather|RainDance|[upkeep]\n|-heal|p2b: Dondozo|32/100|[from] item: Leftovers\n|upkeep\n|\n|t:|1746094392\n|switch|p1b: Amoonguss|Amoonguss, L50, M|100/100\n|turn|2\n|\n|t:|1746094403\n|move|p2b: Dondozo|Protect|p2b: Dondozo\n|-singleturn|p2b: Dondozo|Protect\n|move|p1a: Kyogre|Water Spout|p2a: Tatsugiri|[spread] \n|-miss|p1a: Kyogre|p2a: Tatsugiri\n|-activate|p2b: Dondozo|move: Protect\n|move|p1b: Amoonguss|Sludge Bomb|p2b: Dondozo\n|-activate|p2b: Dondozo|move: Protect\n|\n|-weather|RainDance|[upkeep]\n|-heal|p2b: Dondozo|38/100|[from] item: Leftovers\n|upkeep\n|turn|3\n|\n|t:|1746094420\n|move|p2b: Dondozo|Order Up|p1b: Amoonguss\n|-damage|p1b: Amoonguss|67/100\n|-boost|p2b: Dondozo|atk|1\n|move|p1a: Kyogre|Water Spout|p2b: Dondozo|[spread] p2b\n|-miss|p1a: Kyogre|p2a: Tatsugiri\n|-resisted|p2b: Dondozo\n|-damage|p2b: Dondozo|9/100\n|move|p1b: Amoonguss|Spore|p2b: Dondozo\n|-activate|p2b: Dondozo|move: Electric Terrain\n|\n|-weather|RainDance|[upkeep]\n|-heal|p2b: Dondozo|15/100|[from] item: Leftovers\n|upkeep\n|turn|4\n|\n|t:|1746094440\n|switch|p1b: Calyrex|Calyrex-Ice, L50|100/100\n|-ability|p1b: Calyrex|As One\n|-ability|p1b: Calyrex|Unnerve\n|move|p1a: Kyogre|Protect|p1a: Kyogre\n|-singleturn|p1a: Kyogre|Protect\n|move|p2b: Dondozo|Order Up|p1a: Kyogre\n|-activate|p1a: Kyogre|move: Protect\n|\n|-weather|RainDance|[upkeep]\n|-heal|p2b: Dondozo|21/100|[from] item: Leftovers\n|upkeep\n|turn|5\n|\n|t:|1746094450\n|move|p2b: Dondozo|Wave Crash|p1b: Calyrex\n|-damage|p1b: Calyrex|0 fnt\n|faint|p1b: Calyrex\n|-damage|p2b: Dondozo|0 fnt|[from] Recoil\n|faint|p2b: Dondozo\n|move|p1a: Kyogre|Water Spout|p2a: Tatsugiri\n|-resisted|p2a: Tatsugiri\n|-damage|p2a: Tatsugiri|50/100\n|\n|-weather|none\n|-fieldend|move: Electric Terrain\n|upkeep\n|\n|t:|1746094459\n|switch|p2b: Urshifu|Urshifu, L50, F|100/100\n|switch|p1b: Amoonguss|Amoonguss, L50, M|100/100\n|turn|6\n|\n|t:|1746094476\n|switch|p2a: Miraidon|Miraidon, L50|100/100\n|-fieldstart|move: Electric Terrain|[from] ability: Hadron Engine|[of] p2a: Miraidon\n|-terastallize|p2b: Urshifu|Dark\n|move|p1b: Amoonguss|Rage Powder|p1b: Amoonguss\n|-singleturn|p1b: Amoonguss|move: Rage Powder\n|move|p2b: Urshifu|Wicked Blow|p1b: Amoonguss\n|-crit|p1b: Amoonguss\n|-damage|p1b: Amoonguss|34/100\n|move|p1a: Kyogre|Water Spout|p2a: Miraidon|[spread] p2a,p2b\n|-resisted|p2a: Miraidon\n|-damage|p2a: Miraidon|60/100\n|-enditem|p2b: Urshifu|Focus Sash\n|-damage|p2b: Urshifu|1/100\n|\n|upkeep\n|turn|7\n|inactive|Cotcha has 30 seconds left.\n|inactive|Cotcha has 20 seconds left.\n|inactive|Cotcha has 15 seconds left.\n|inactive|Cotcha has 10 seconds left.\n|inactive|Cotcha has 5 seconds left.\n|\n|t:|1746094528\n|move|p1b: Amoonguss|Protect|p1b: Amoonguss\n|-singleturn|p1b: Amoonguss|Protect\n|move|p2a: Miraidon|Electro Drift|p1b: Amoonguss\n|-activate|p1b: Amoonguss|move: Protect\n|move|p2b: Urshifu|Wicked Blow|p1a: Kyogre\n|-crit|p1a: Kyogre\n|-damage|p1a: Kyogre|20/100\n|move|p1a: Kyogre|Water Spout|p2b: Urshifu|[spread] p2a,p2b\n|-resisted|p2a: Miraidon\n|-damage|p2a: Miraidon|52/100\n|-damage|p2b: Urshifu|0 fnt\n|faint|p2b: Urshifu\n|\n|upkeep\n|\n|t:|1746094539\n|switch|p2b: Tatsugiri|Tatsugiri, L50, F|50/100\n|turn|8\n|\n|t:|1746094550\n|move|p2a: Miraidon|Electro Drift|p1a: Kyogre\n|-resisted|p1a: Kyogre\n|-damage|p1a: Kyogre|0 fnt\n|faint|p1a: Kyogre\n|move|p2b: Tatsugiri|Draco Meteor|p1b: Amoonguss\n|-damage|p1b: Amoonguss|0 fnt\n|-unboost|p2b: Tatsugiri|spa|2\n|faint|p1b: Amoonguss\n|\n|win|Urshi Dark\n||Cotcha is ready for game 2.\n||Urshi Dark is ready for game 2.\n|uhtml|next|Next: <a href=\"/battle-gen9vgc2025regibo3-2354560438\"><strong>Game 2 of 3</strong></a>\n", "uploadtime": 1746094787, "views": 18, "formatid": "gen9vgc2025regibo3", "rating": null, "private": 0, "password": null}