{"id": "gen9vgc2025regibo3-2353441408", "format": "[Gen 9] VGC 2025 Reg I (Bo3)", "players": ["VoiSimp", "MMcookiegamer"], "log": "|j|\u2606VoiSimp\n|j|\u2606MMcookiegamer\n|html|<table width=\"100%\"><tr><td align=\"left\">VoiSimp</td><td align=\"right\">MMcookiegamer</tr><tr><td align=\"left\"><i class=\"fa fa-circle\"></i> <i class=\"fa fa-circle-o\"></i> </td><td align=\"right\"><i class=\"fa fa-circle-o\"></i> <i class=\"fa fa-circle-o\"></i> </tr></table>\n|uhtml|bestof|<h2><strong>Game 2</strong> of <a href=\"/game-bestof3-gen9vgc2025regibo3-2353437368\">a best-of-3</a></h2>\n|t:|1745956257\n|gametype|doubles\n|player|p1|VoiSimp|pokemaniac|1078\n|player|p2|MMcookiegamer|yellow|1071\n|teamsize|p1|6\n|teamsize|p2|6\n|gen|9\n|tier|[Gen 9] VGC 2025 Reg I (Bo3)\n|rated|\n|rule|Species Clause: Limit one of each Pok\u00e9mon\n|rule|Item Clause: Limit 1 of each item\n|clearpoke\n|poke|p1|Calyrex-Shadow, L50|\n|poke|p1|Incineroar, L50, M|\n|poke|p1|Koraidon, L50|\n|poke|p1|Farigiraf, L50, F|\n|poke|p1|Amoonguss, L50, F|\n|poke|p1|Scream Tail, L50|\n|poke|p2|Calyrex-Shadow, L50|\n|poke|p2|Chi-Yu, L50|\n|poke|p2|Miraidon, L50|\n|poke|p2|Whimsicott, L50, F|\n|poke|p2|Urshifu-*, L50, M|\n|poke|p2|Iron Hands, L50|\n|teampreview|4\n|showteam|p1|Calyrex-Shadow||FocusSash|AsOneSpectrier|AstralBarrage,PollenPuff,NastyPlot,Protect||||||50|,,,,,Normal]Incineroar||SafetyGoggles|Intimidate|KnockOff,Taunt,FakeOut,PartingShot|||M|||50|,,,,,Bug]Koraidon||LifeOrb|OrichalcumPulse|CloseCombat,FlareBlitz,FlameCharge,Protect||||||50|,,,,,Fire]Farigiraf||Leftovers|ArmorTail|Psychic,TrickRoom,Imprison,Protect|||F|||50|,,,,,Fairy]Amoonguss||MentalHerb|Regenerator|SludgeBomb,Spore,RagePowder,Protect|||F|||50|,,,,,Dark]Scream Tail||BoosterEnergy|Protosynthesis|ThunderWave,Disable,Encore,Protect||||||50|,,,,,Dark\n|showteam|p2|Calyrex-Shadow||FocusSash|AsOneSpectrier|AstralBarrage,Psychic,Protect,NastyPlot||||||50|,,,,,Water]Chi-Yu||ChoiceScarf|BeadsofRuin|Overheat,HeatWave,DarkPulse,Snarl||||||50|,,,,,Ghost]Miraidon||ChoiceSpecs|HadronEngine|DracoMeteor,ElectroDrift,DazzlingGleam,VoltSwitch||||||50|,,,,,Fairy]Whimsicott||CovertCloak|Prankster|Moonblast,Tailwind,Encore,LightScreen|||F|||50|,,,,,Dark]Urshifu-Rapid-Strike||MysticWater|UnseenFist|CloseCombat,AquaJet,SurgingStrikes,Detect|||M|||50|,,,,,Water]Iron Hands||AssaultVest|QuarkDrive|DrainPunch,LowKick,HeavySlam,FakeOut||||||50|,,,,,Water\n|\n|t:|1745956283\n|start\n|switch|p1a: Incineroar|Incineroar, L50, M|100/100\n|switch|p1b: Koraidon|Koraidon, L50|100/100\n|switch|p2a: Pluisbal|Whimsicott, L50, F|100/100\n|switch|p2b: Calyrex|Calyrex-Shadow, L50|100/100\n|-ability|p2b: Calyrex|As One\n|-ability|p2b: Calyrex|Unnerve\n|-weather|SunnyDay|[from] ability: Orichalcum Pulse|[of] p1b: Koraidon\n|-activate|p1b: Koraidon|Orichalcum Pulse|[source]\n|-ability|p1a: Incineroar|Intimidate|boost\n|-unboost|p2a: Pluisbal|atk|1\n|-unboost|p2b: Calyrex|atk|1\n|turn|1\n|\n|t:|1745956339\n|-terastallize|p2b: Calyrex|Water\n|-terastallize|p1b: Koraidon|Fire\n|move|p2a: Pluisbal|Tailwind|p2a: Pluisbal\n|-sidestart|p2: MMcookiegamer|move: Tailwind\n|move|p2b: Calyrex|Nasty Plot|p2b: Calyrex\n|-boost|p2b: Calyrex|spa|2\n|move|p1b: Koraidon|Flame Charge|p2a: Pluisbal\n|-supereffective|p2a: Pluisbal\n|-crit|p2a: Pluisbal\n|-damage|p2a: Pluisbal|0 fnt\n|-boost|p1b: Koraidon|spe|1\n|faint|p2a: Pluisbal\n|-damage|p1b: Koraidon|91/100|[from] item: Life Orb\n|move|p1a: Incineroar|Knock Off|p2b: Calyrex\n|-damage|p2b: Calyrex|51/100\n|-enditem|p2b: Calyrex|Focus Sash|[from] move: Knock Off|[of] p1a: Incineroar\n|\n|-weather|SunnyDay|[upkeep]\n|upkeep\n|\n|t:|1745956349\n|switch|p2a: Vissie|Chi-Yu, L50|100/100\n|-ability|p2a: Vissie|Beads of Ruin\n|turn|2\n|\n|t:|1745956382\n|move|p1b: Koraidon|Protect|p1b: Koraidon\n|-singleturn|p1b: Koraidon|Protect\n|move|p2a: Vissie|Snarl|p1a: Incineroar|[spread] p1a\n|-activate|p1b: Koraidon|move: Protect\n|-resisted|p1a: Incineroar\n|-damage|p1a: Incineroar|90/100\n|-unboost|p1a: Incineroar|spa|1\n|move|p2b: Calyrex|Astral Barrage|p1a: Incineroar|[spread] p1a\n|-activate|p1b: Koraidon|move: Protect\n|-resisted|p1a: Incineroar\n|-damage|p1a: Incineroar|34/100\n|move|p1a: Incineroar|Parting Shot|p2b: Calyrex\n|-unboost|p2b: Calyrex|atk|1\n|-unboost|p2b: Calyrex|spa|1\n|\n|t:|1745956397\n|switch|p1a: Scream Tail|Scream Tail, L50|100/100|[from] Parting Shot\n|-activate|p1a: Scream Tail|ability: Protosynthesis\n|-start|p1a: Scream Tail|protosynthesisspe\n|\n|-weather|SunnyDay|[upkeep]\n|upkeep\n|turn|3\n|\n|t:|1745956416\n|switch|p1b: Incineroar|Incineroar, L50, M|34/100\n|-ability|p1b: Incineroar|Intimidate|boost\n|-unboost|p2a: Vissie|atk|1\n|-unboost|p2b: Calyrex|atk|1\n|move|p1a: Scream Tail|Protect|p1a: Scream Tail\n|-singleturn|p1a: Scream Tail|Protect\n|move|p2a: Vissie|Snarl|p1a: Scream Tail|[spread] p1b\n|-activate|p1a: Scream Tail|move: Protect\n|-resisted|p1b: Incineroar\n|-damage|p1b: Incineroar|22/100\n|-unboost|p1b: Incineroar|spa|1\n|move|p2b: Calyrex|Astral Barrage|p1b: Incineroar|[spread] p1b\n|-activate|p1a: Scream Tail|move: Protect\n|-resisted|p1b: Incineroar\n|-damage|p1b: Incineroar|0 fnt\n|faint|p1b: Incineroar\n|-ability|p2b: Calyrex|Grim Neigh|boost\n|-boost|p2b: Calyrex|spa|1\n|\n|-weather|SunnyDay|[upkeep]\n|upkeep\n|\n|t:|1745956435\n|switch|p1b: Koraidon|Koraidon, L50, tera:Fire|91/100\n|-activate|p1b: Koraidon|ability: Orichalcum Pulse\n|turn|4\n|\n|t:|1745956448\n|move|p1a: Scream Tail|Protect||[still]\n|-fail|p1a: Scream Tail\n|move|p1b: Koraidon|Protect|p1b: Koraidon\n|-singleturn|p1b: Koraidon|Protect\n|move|p2a: Vissie|Snarl|p1a: Scream Tail|[spread] p1a\n|-activate|p1b: Koraidon|move: Protect\n|-damage|p1a: Scream Tail|78/100\n|-unboost|p1a: Scream Tail|spa|1\n|move|p2b: Calyrex|Astral Barrage|p1b: Koraidon|[spread] p1a\n|-activate|p1b: Koraidon|move: Protect\n|-supereffective|p1a: Scream Tail\n|-damage|p1a: Scream Tail|0 fnt\n|faint|p1a: Scream Tail\n|-end|p1a: Scream Tail|Protosynthesis|[silent]\n|-ability|p2b: Calyrex|Grim Neigh|boost\n|-boost|p2b: Calyrex|spa|1\n|\n|-weather|SunnyDay|[upkeep]\n|-sideend|p2: MMcookiegamer|move: Tailwind\n|upkeep\n|\n|t:|1745956449\n|switch|p1a: Calyrex|Calyrex-Shadow, L50|100/100\n|-ability|p1a: Calyrex|As One\n|-ability|p1a: Calyrex|Unnerve\n|turn|5\n|\n|t:|1745956466\n|move|p2a: Vissie|Snarl|p1b: Koraidon|[spread] p1b\n|-miss|p2a: Vissie|p1a: Calyrex\n|-damage|p1b: Koraidon|58/100\n|-unboost|p1b: Koraidon|spa|1\n|move|p2b: Calyrex|Astral Barrage|p1a: Calyrex|[spread] p1a,p1b\n|-supereffective|p1a: Calyrex\n|-enditem|p1a: Calyrex|Focus Sash\n|-damage|p1a: Calyrex|1/100\n|-damage|p1b: Koraidon|0 fnt\n|faint|p1b: Koraidon\n|-ability|p2b: Calyrex|Grim Neigh|boost\n|-boost|p2b: Calyrex|spa|1\n|move|p1a: Calyrex|Astral Barrage|p2b: Calyrex|[spread] p2a,p2b\n|-resisted|p2a: Vissie\n|-damage|p2a: Vissie|68/100\n|-damage|p2b: Calyrex|0 fnt\n|faint|p2b: Calyrex\n|-ability|p1a: Calyrex|Grim Neigh|boost\n|-boost|p1a: Calyrex|spa|1\n|\n|-weather|none\n|upkeep\n|\n|t:|1745956479\n|switch|p2b: Vroem Vroem|Miraidon, L50|100/100\n|-fieldstart|move: Electric Terrain|[from] ability: Hadron Engine|[of] p2b: Vroem Vroem\n|turn|6\n|\n|t:|1745956482\n|move|p2a: Vissie|Snarl|p1a: Calyrex\n|-supereffective|p1a: Calyrex\n|-damage|p1a: Calyrex|0 fnt\n|faint|p1a: Calyrex\n|\n|win|MMcookiegamer\n||VoiSimp is ready for game 3.\n|inactive|MMcookiegamer has 30 seconds to confirm battle start!\n", "uploadtime": 1745956495, "views": 13, "formatid": "gen9vgc2025regibo3", "rating": null, "private": 0, "password": null}