{"id": "gen9vgc2025regibo3-2354838997", "format": "[Gen 9] VGC 2025 Reg I (Bo3)", "players": ["TeamInferno Ted", "ugiiiiii"], "log": "|j|\u2606TeamInferno Ted\n|j|\u2606ugiiiiii\n|html|<table width=\"100%\"><tr><td align=\"left\">TeamInferno Ted</td><td align=\"right\">ugiiiiii</tr><tr><td align=\"left\"><i class=\"fa fa-circle-o\"></i> <i class=\"fa fa-circle-o\"></i> </td><td align=\"right\"><i class=\"fa fa-circle-o\"></i> <i class=\"fa fa-circle-o\"></i> </tr></table>\n|uhtml|bestof|<h2><strong>Game 1</strong> of <a href=\"/game-bestof3-gen9vgc2025regibo3-2354838996\">a best-of-3</a></h2>\n|t:|1746124202\n|gametype|doubles\n|player|p1|TeamInferno Ted|pokemaniac|1069\n|player|p2|ugiiiiii|winona|1000\n|teamsize|p1|6\n|teamsize|p2|6\n|gen|9\n|tier|[Gen 9] VGC 2025 Reg I (Bo3)\n|rated|\n|rule|Species Clause: Limit one of each Pok\u00e9mon\n|rule|Item Clause: Limit 1 of each item\n|clearpoke\n|poke|p1|Eternatus, L50|\n|poke|p1|Zacian-*, L50|\n|poke|p1|Tornadus, L50, M|\n|poke|p1|Urshifu-*, L50, M|\n|poke|p1|Incineroar, L50, F|\n|poke|p1|Rillaboom, L50, M|\n|poke|p2|Kyogre, L50|\n|poke|p2|Zamazenta-*, L50|\n|poke|p2|Annihilape, L50, M|\n|poke|p2|Rillaboom, L50, F|\n|poke|p2|Indeedee-F, L50, F|\n|poke|p2|Regieleki, L50|\n|teampreview|4\n|showteam|p1|Eternatus||PowerHerb|Pressure|DynamaxCannon,SludgeBomb,MeteorBeam,Protect||||||50|,,,,,Dark]Zacian-Crowned||RustedSword|IntrepidSword|Protect,PlayRough,TeraBlast,behemothblade||||||50|,,,,,Ground]Tornadus||CovertCloak|Prankster|BleakwindStorm,Tailwind,Taunt,RainDance|||M|||50|,,,,,Dark]Urshifu-Rapid-Strike||ChoiceScarf|UnseenFist|SurgingStrikes,CloseCombat,Uturn,AquaJet|||M|||50|,,,,,Water]Incineroar||SafetyGoggles|Intimidate|KnockOff,FakeOut,WillOWisp,PartingShot|||F|||50|,,,,,Ghost]Rillaboom||AssaultVest|GrassySurge|WoodHammer,GrassyGlide,Uturn,FakeOut|||M|||50|,,,,,Fire\n|showteam|p2|Kyogre||Leftovers|Drizzle|OriginPulse,CalmMind,Protect,Thunder||||||50|,,,,,Grass]Zamazenta-Crowned||RustedShield|DauntlessShield|HeavySlam,WideGuard,BodyPress,Protect||||||50|,,,,,Grass]Annihilape||ChoiceScarf|Defiant|FinalGambit,ShadowClaw,CloseCombat,Coaching|||M|||50|,,,,,Grass]Rillaboom||AssaultVest|GrassySurge|GrassyGlide,WoodHammer,FakeOut,Uturn|||F|||50|,,,,,Water]Indeedee-F||PsychicSeed|PsychicSurge|TrickRoom,HelpingHand,FollowMe,Protect|||F|||50|,,,,,Fairy]Regieleki||FocusSash|Transistor|Protect,VoltSwitch,Electroweb,ThunderWave||||||50|,,,,,Electric\n|inactive|Battle timer is ON: inactive players will automatically lose when time's up. (requested by ugiiiiii)\n|\n|t:|1746124260\n|start\n|switch|p1a: Eternatus|Eternatus, L50, shiny|100/100\n|switch|p1b: Rillaboom|Rillaboom, L50, M, shiny|100/100\n|switch|p2a: Regieleki|Regieleki, L50|100/100\n|switch|p2b: Zamazenta|Zamazenta-Crowned, L50|100/100\n|-ability|p1a: Eternatus|Pressure\n|-ability|p2b: Zamazenta|Dauntless Shield|boost\n|-boost|p2b: Zamazenta|def|1\n|-fieldstart|move: Grassy Terrain|[from] ability: Grassy Surge|[of] p1b: Rillaboom\n|turn|1\n|inactive|TeamInferno Ted has 30 seconds left.\n|inactive|ugiiiiii has 30 seconds left.\n|\n|t:|1746124295\n|move|p2b: Zamazenta|Protect|p2b: Zamazenta\n|-singleturn|p2b: Zamazenta|Protect\n|move|p1b: Rillaboom|Fake Out|p2b: Zamazenta\n|-activate|p2b: Zamazenta|move: Protect\n|move|p2a: Regieleki|Thunder Wave|p1a: Eternatus\n|-status|p1a: Eternatus|par\n|move|p1a: Eternatus|Meteor Beam||[still]\n|-prepare|p1a: Eternatus|Meteor Beam\n|-boost|p1a: Eternatus|spa|1\n|-enditem|p1a: Eternatus|Power Herb\n|-anim|p1a: Eternatus|Meteor Beam|p2a: Regieleki\n|-enditem|p2a: Regieleki|Focus Sash\n|-damage|p2a: Regieleki|1/100\n|\n|-heal|p2a: Regieleki|7/100|[from] Grassy Terrain\n|upkeep\n|turn|2\n|inactive|TeamInferno Ted has 30 seconds left.\n|inactive|ugiiiiii has 30 seconds left.\n|inactive|ugiiiiii has 20 seconds left.\n|inactive|ugiiiiii has 15 seconds left.\n|inactive|ugiiiiii has 10 seconds left.\n|inactive|ugiiiiii has 5 seconds left.\n|\n|t:|1746124347\n|move|p2a: Regieleki|Protect|p2a: Regieleki\n|-singleturn|p2a: Regieleki|Protect\n|move|p1b: Rillaboom|Grassy Glide|p2a: Regieleki\n|-activate|p2a: Regieleki|move: Protect\n|move|p2b: Zamazenta|Body Press|p1b: Rillaboom\n|-damage|p1b: Rillaboom|31/100\n|move|p1a: Eternatus|Meteor Beam||[still]\n|-prepare|p1a: Eternatus|Meteor Beam\n|-boost|p1a: Eternatus|spa|1\n|\n|-heal|p2a: Regieleki|13/100|[from] Grassy Terrain\n|-heal|p1b: Rillaboom|36/100|[from] Grassy Terrain\n|upkeep\n|turn|3\n|inactive|TeamInferno Ted has 30 seconds left.\n|inactive|ugiiiiii has 30 seconds left.\n|inactive|ugiiiiii has 20 seconds left.\n|inactive|ugiiiiii has 15 seconds left.\n|\n|t:|1746124387\n|switch|p2a: Kyogre|Kyogre, L50|100/100\n|-weather|RainDance|[from] ability: Drizzle|[of] p2a: Kyogre\n|move|p1b: Rillaboom|Grassy Glide|p2a: Kyogre\n|-supereffective|p2a: Kyogre\n|-damage|p2a: Kyogre|32/100\n|move|p2b: Zamazenta|Body Press|p1a: Eternatus\n|-resisted|p1a: Eternatus\n|-damage|p1a: Eternatus|74/100 par\n|move|p1a: Eternatus|Meteor Beam|p2b: Zamazenta|[from] lockedmove\n|-resisted|p2b: Zamazenta\n|-damage|p2b: Zamazenta|85/100\n|\n|-weather|RainDance|[upkeep]\n|-heal|p2b: Zamazenta|91/100|[from] Grassy Terrain\n|-heal|p2a: Kyogre|38/100|[from] Grassy Terrain\n|-heal|p2a: Kyogre|44/100|[from] item: Leftovers\n|-heal|p1b: Rillaboom|42/100|[from] Grassy Terrain\n|-heal|p1a: Eternatus|80/100 par|[from] Grassy Terrain\n|upkeep\n|turn|4\n|inactive|TeamInferno Ted has 30 seconds left.\n|\n|t:|1746124421\n|switch|p1b: Urshifu|Urshifu-Rapid-Strike, L50, M|100/100\n|move|p2a: Kyogre|Protect|p2a: Kyogre\n|-singleturn|p2a: Kyogre|Protect\n|move|p2b: Zamazenta|Body Press|p1b: Urshifu\n|-damage|p1b: Urshifu|33/100\n|cant|p1a: Eternatus|par\n|\n|-weather|RainDance|[upkeep]\n|-heal|p1b: Urshifu|40/100|[from] Grassy Terrain\n|-heal|p2b: Zamazenta|97/100|[from] Grassy Terrain\n|-heal|p2a: Kyogre|50/100|[from] Grassy Terrain\n|-heal|p2a: Kyogre|57/100|[from] item: Leftovers\n|-heal|p1a: Eternatus|86/100 par|[from] Grassy Terrain\n|upkeep\n|turn|5\n|inactive|ugiiiiii has 30 seconds left.\n|\n|t:|1746124448\n|move|p1b: Urshifu|U-turn|p2a: Kyogre\n|-damage|p2a: Kyogre|31/100\n|\n|t:|1746124456\n|switch|p1b: Rillaboom|Rillaboom, L50, M, shiny|42/100|[from] U-turn\n|move|p2b: Zamazenta|Body Press|p1a: Eternatus\n|-resisted|p1a: Eternatus\n|-damage|p1a: Eternatus|58/100 par\n|move|p2a: Kyogre|Thunder|p1b: Rillaboom\n|-resisted|p1b: Rillaboom\n|-damage|p1b: Rillaboom|28/100\n|move|p1a: Eternatus|Sludge Bomb|p2a: Kyogre\n|-damage|p2a: Kyogre|0 fnt\n|faint|p2a: Kyogre\n|\n|-weather|RainDance|[upkeep]\n|-heal|p2b: Zamazenta|100/100|[from] Grassy Terrain\n|-heal|p1b: Rillaboom|34/100|[from] Grassy Terrain\n|-heal|p1a: Eternatus|64/100 par|[from] Grassy Terrain\n|-fieldend|move: Grassy Terrain\n|upkeep\n|\n|t:|1746124477\n|switch|p2a: Annihilape|Annihilape, L50, M|100/100\n|turn|6\n|inactive|ugiiiiii has 30 seconds left.\n|\n|t:|1746124507\n|move|p1a: Eternatus|Protect|p1a: Eternatus\n|-singleturn|p1a: Eternatus|Protect\n|move|p2a: Annihilape|Final Gambit|p1a: Eternatus\n|-activate|p1a: Eternatus|move: Protect\n|move|p2b: Zamazenta|Body Press|p1b: Rillaboom\n|-damage|p1b: Rillaboom|0 fnt\n|faint|p1b: Rillaboom\n|\n|-weather|RainDance|[upkeep]\n|upkeep\n|\n|t:|1746124519\n|switch|p1b: Urshifu|Urshifu-Rapid-Strike, L50, M|40/100\n|turn|7\n|\n|t:|1746124538\n|switch|p2a: Regieleki|Regieleki, L50|13/100\n|-terastallize|p1b: Urshifu|Water\n|move|p1b: Urshifu|Surging Strikes|p2a: Regieleki\n|-crit|p2a: Regieleki\n|-damage|p2a: Regieleki|0 fnt\n|faint|p2a: Regieleki\n|-hitcount|p2: Regieleki|1\n|move|p2b: Zamazenta|Body Press|p1b: Urshifu\n|-damage|p1b: Urshifu|0 fnt\n|faint|p1b: Urshifu\n|cant|p1a: Eternatus|par\n|\n|-weather|none\n|upkeep\n|\n|t:|1746124554\n|switch|p2a: Annihilape|Annihilape, L50, M|100/100\n|switch|p1b: Tornadus|Tornadus, L50, M|100/100\n|turn|8\n|\n|t:|1746124570\n|move|p1a: Eternatus|Protect|p1a: Eternatus\n|-singleturn|p1a: Eternatus|Protect\n|move|p1b: Tornadus|Tailwind|p1b: Tornadus\n|-sidestart|p1: TeamInferno Ted|move: Tailwind\n|move|p2a: Annihilape|Final Gambit|p1a: Eternatus\n|-activate|p1a: Eternatus|move: Protect\n|move|p2b: Zamazenta|Heavy Slam|p1b: Tornadus\n|-damage|p1b: Tornadus|44/100\n|\n|upkeep\n|turn|9\n|inactive|TeamInferno Ted has 30 seconds left.\n|\n|t:|1746124602\n|move|p1b: Tornadus|Bleakwind Storm|p2b: Zamazenta|[spread] p2a,p2b\n|-supereffective|p2a: Annihilape\n|-damage|p2a: Annihilape|38/100\n|-damage|p2b: Zamazenta|77/100\n|-unboost|p2b: Zamazenta|spe|1\n|move|p2a: Annihilape|Final Gambit|p1a: Eternatus\n|-damage|p1a: Eternatus|30/100 par\n|faint|p2a: Annihilape\n|move|p1a: Eternatus|Dynamax Cannon|p2b: Zamazenta\n|-resisted|p2b: Zamazenta\n|-damage|p2b: Zamazenta|34/100\n|move|p2b: Zamazenta|Heavy Slam|p1b: Tornadus\n|-damage|p1b: Tornadus|0 fnt\n|faint|p1b: Tornadus\n|\n|upkeep\n|turn|10\n|\n|t:|1746124622\n|move|p2b: Zamazenta|Protect|p2b: Zamazenta\n|-singleturn|p2b: Zamazenta|Protect\n|move|p1a: Eternatus|Dynamax Cannon|p2b: Zamazenta\n|-activate|p2b: Zamazenta|move: Protect\n|\n|upkeep\n|turn|11\n|\n|t:|1746124634\n|move|p1a: Eternatus|Dynamax Cannon|p2b: Zamazenta\n|-resisted|p2b: Zamazenta\n|-damage|p2b: Zamazenta|0 fnt\n|faint|p2b: Zamazenta\n|\n|win|TeamInferno Ted\n||ugiiiiii is ready for game 2.\n||TeamInferno Ted is ready for game 2.\n|uhtml|next|Next: <a href=\"/battle-gen9vgc2025regibo3-2354843935\"><strong>Game 2 of 3</strong></a>\n", "uploadtime": 1746125055, "views": 5, "formatid": "gen9vgc2025regibo3", "rating": null, "private": 0, "password": null}