{"id": "gen9vgc2025regibo3-2354485212", "format": "[Gen 9] VGC 2025 Reg I (Bo3)", "players": ["pasko2004", "Whoisnikoooo._"], "log": "|j|\u2606pasko2004\n|j|\u2606Whoisnikoooo._\n|html|<table width=\"100%\"><tr><td align=\"left\">pasko2004</td><td align=\"right\">Whoisnikoooo._</tr><tr><td align=\"left\"><i class=\"fa fa-circle-o\"></i> <i class=\"fa fa-circle-o\"></i> </td><td align=\"right\"><i class=\"fa fa-circle-o\"></i> <i class=\"fa fa-circle-o\"></i> </tr></table>\n|uhtml|bestof|<h2><strong>Game 1</strong> of <a href=\"/game-bestof3-gen9vgc2025regibo3-2354485211\">a best-of-3</a></h2>\n|t:|1746079529\n|gametype|doubles\n|player|p1|pasko2004|petrel|\n|player|p2|Whoisnikoooo._|pokemaniac|\n|teamsize|p1|6\n|teamsize|p2|6\n|gen|9\n|tier|[Gen 9] VGC 2025 Reg I (Bo3)\n|rule|Species Clause: Limit one of each Pok\u00e9mon\n|rule|Item Clause: Limit 1 of each item\n|clearpoke\n|poke|p1|Kyogre, L50|\n|poke|p1|Calyrex-Ice, L50|\n|poke|p1|Regieleki, L50|\n|poke|p1|Landorus, L50, M|\n|poke|p1|Ogerpon-Cornerstone, L50, F|\n|poke|p1|Farigiraf, L50, M|\n|poke|p2|Kyogre, L50|\n|poke|p2|Maushold, L50|\n|poke|p2|Urshifu-*, L50, F|\n|poke|p2|Brute Bonnet, L50|\n|poke|p2|Miraidon, L50|\n|poke|p2|Archaludon, L50, M|\n|teampreview|4\n|showteam|p1|Kyogre||MysticWater|Drizzle|WaterSpout,OriginPulse,HydroPump,Protect||||||50|,,,,,Water]Calyrex-Ice||ClearAmulet|AsOneGlastrier|GlacialLance,HighHorsepower,TrickRoom,Protect||||||50|,,,,,Grass]Regieleki||FocusSash|Transistor|Thunderbolt,Electroweb,VoltSwitch,Protect||||||50|,,,,,Electric]Landorus||LifeOrb|SheerForce|EarthPower,SandsearStorm,SludgeBomb,Protect|||M|||50|,,,,,Poison]Ogerpon-Cornerstone||CornerstoneMask|Sturdy|IvyCudgel,PowerWhip,FollowMe,SpikyShield|||F|||50|,,,,,Rock]Farigiraf||SafetyGoggles|ArmorTail|FoulPlay,HelpingHand,TrickRoom,Psychic|||M|||50|,,,,,Steel\n|showteam|p2|Kyogre||MysticWater|Drizzle|WaterSpout,IceBeam,OriginPulse,Protect||||||50|,,,,,Grass]Maushold||CovertCloak|FriendGuard|Protect,FollowMe,SuperFang,BeatUp||||||50|,,,,,Ghost]Urshifu-Rapid-Strike||PunchingGlove|UnseenFist|SurgingStrikes,CloseCombat,AquaJet,Detect|||F|||50|,,,,,Water]Brute Bonnet||RockyHelmet|Protosynthesis|PollenPuff,RagePowder,SuckerPunch,Spore||||||50|,,,,,Fire]Miraidon||ChoiceSpecs|HadronEngine|DazzlingGleam,DracoMeteor,ElectroDrift,VoltSwitch||||||50|,,,,,Fairy]Archaludon||AssaultVest|Stamina|BodyPress,Protect,ElectroShot,DracoMeteor|||M|||50|,,,,,Steel\n|inactive|Battle timer is ON: inactive players will automatically lose when time's up. (requested by pasko2004)\n|\n|t:|1746079648\n|start\n|switch|p1a: Calyrex|Calyrex-Ice, L50|100/100\n|switch|p1b: Farigiraf|Farigiraf, L50, M|100/100\n|switch|p2a: Miraidon|Miraidon, L50|100/100\n|switch|p2b: Brute Bonnet|Brute Bonnet, L50|100/100\n|-ability|p1a: Calyrex|As One\n|-ability|p1a: Calyrex|Unnerve\n|-fieldstart|move: Electric Terrain|[from] ability: Hadron Engine|[of] p2a: Miraidon\n|turn|1\n|inactive|pasko2004 has 30 seconds left.\n|inactive|Whoisnikoooo._ has 30 seconds left.\n|\n|t:|1746079679\n|move|p1b: Farigiraf|Helping Hand|p1a: Calyrex\n|-singleturn|p1a: Calyrex|Helping Hand|[of] p1b: Farigiraf\n|move|p2b: Brute Bonnet|Sucker Punch||[still]\n|cant|p1b: Farigiraf|ability: Armor Tail|Sucker Punch|[of] p2b: Brute Bonnet\n|move|p2a: Miraidon|Electro Drift|p1a: Calyrex\n|-damage|p1a: Calyrex|3/100\n|move|p1a: Calyrex|Glacial Lance|p2b: Brute Bonnet|[spread] p2a,p2b\n|-supereffective|p2a: Miraidon\n|-supereffective|p2b: Brute Bonnet\n|-damage|p2a: Miraidon|0 fnt\n|-damage|p2b: Brute Bonnet|0 fnt\n|faint|p2a: Miraidon\n|faint|p2b: Brute Bonnet\n|-end|p2b: Brute Bonnet|Protosynthesis|[silent]\n|-ability|p1a: Calyrex|Chilling Neigh|boost\n|-boost|p1a: Calyrex|atk|2\n|\n|upkeep\n|inactiveoff|Battle timer is now OFF.\n|inactive|Battle timer is ON: inactive players will automatically lose when time's up. (requested by pasko2004)\n|\n|t:|1746079746\n|switch|p2a: Kyogre|Kyogre, L50|100/100\n|switch|p2b: Maushold|Maushold, L50, shiny|100/100\n|-weather|RainDance|[from] ability: Drizzle|[of] p2a: Kyogre\n|turn|2\n|inactive|Whoisnikoooo._ has 30 seconds left.\n|\n|t:|1746079774\n|switch|p1b: Ogerpon|Ogerpon-Cornerstone, L50, F|100/100\n|move|p2a: Kyogre|Protect|p2a: Kyogre\n|-singleturn|p2a: Kyogre|Protect\n|move|p1a: Calyrex|Protect|p1a: Calyrex\n|-singleturn|p1a: Calyrex|Protect\n|move|p2b: Maushold|Super Fang|p1b: Ogerpon\n|-damage|p1b: Ogerpon|51/100\n|\n|-weather|RainDance|[upkeep]\n|upkeep\n|turn|3\n|inactive|pasko2004 has 30 seconds left.\n|inactive|pasko2004 has 20 seconds left.\n|inactive|pasko2004 has 15 seconds left.\n|\n|t:|1746079818\n|switch|p1a: Farigiraf|Farigiraf, L50, M|100/100\n|move|p2b: Maushold|Protect|p2b: Maushold\n|-singleturn|p2b: Maushold|Protect\n|move|p1b: Ogerpon|Spiky Shield|p1b: Ogerpon\n|-singleturn|p1b: Ogerpon|move: Protect\n|move|p2a: Kyogre|Water Spout|p1a: Farigiraf|[spread] p1a\n|-activate|p1b: Ogerpon|move: Protect\n|-damage|p1a: Farigiraf|17/100\n|\n|-weather|RainDance|[upkeep]\n|upkeep\n|turn|4\n|inactive|pasko2004 has 30 seconds left.\n|\n|t:|1746079844\n|move|p2a: Kyogre|Protect|p2a: Kyogre\n|-singleturn|p2a: Kyogre|Protect\n|move|p2b: Maushold|Beat Up|p1a: Farigiraf\n|-supereffective|p1a: Farigiraf\n|-damage|p1a: Farigiraf|10/100\n|-supereffective|p1a: Farigiraf\n|-damage|p1a: Farigiraf|4/100\n|-hitcount|p1a: Farigiraf|2\n|move|p1b: Ogerpon|Power Whip|p2a: Kyogre\n|-activate|p2a: Kyogre|move: Protect\n|move|p1a: Farigiraf|Trick Room|p1a: Farigiraf\n|-fieldstart|move: Trick Room|[of] p1a: Farigiraf\n|\n|-weather|RainDance|[upkeep]\n|upkeep\n|turn|5\n|inactive|pasko2004 has 30 seconds left.\n|inactive|Whoisnikoooo._ has 30 seconds left.\n|inactive|pasko2004 has 20 seconds left.\n|inactive|Whoisnikoooo._ has 20 seconds left.\n|inactive|pasko2004 has 15 seconds left.\n|\n|t:|1746079886\n|switch|p1a: Calyrex|Calyrex-Ice, L50|3/100\n|-ability|p1a: Calyrex|As One\n|-ability|p1a: Calyrex|Unnerve\n|move|p2b: Maushold|Follow Me|p2b: Maushold\n|-singleturn|p2b: Maushold|move: Follow Me\n|move|p2a: Kyogre|Water Spout|p1b: Ogerpon|[spread] p1a,p1b\n|-damage|p1a: Calyrex|0 fnt\n|-damage|p1b: Ogerpon|0 fnt\n|faint|p1a: Calyrex\n|faint|p1b: Ogerpon\n|\n|-weather|RainDance|[upkeep]\n|-fieldend|move: Electric Terrain\n|upkeep\n|\n|t:|1746079895\n|switch|p1a: Landorus|Landorus, L50, M|100/100\n|switch|p1b: Farigiraf|Farigiraf, L50, M|4/100\n|turn|6\n|\n|t:|1746079913\n|-terastallize|p1a: Landorus|Poison\n|move|p1b: Farigiraf|Helping Hand|p1a: Landorus\n|-singleturn|p1a: Landorus|Helping Hand|[of] p1b: Farigiraf\n|move|p2a: Kyogre|Protect|p2a: Kyogre\n|-singleturn|p2a: Kyogre|Protect\n|move|p2b: Maushold|Protect|p2b: Maushold\n|-singleturn|p2b: Maushold|Protect\n|move|p1a: Landorus|Sandsear Storm|p2a: Kyogre|[spread] \n|-activate|p2a: Kyogre|move: Protect\n|-activate|p2b: Maushold|move: Protect\n|\n|-weather|none\n|upkeep\n|turn|7\n|\n|t:|1746079934\n|move|p1b: Farigiraf|Helping Hand|p1a: Landorus\n|-singleturn|p1a: Landorus|Helping Hand|[of] p1b: Farigiraf\n|move|p2b: Maushold|Follow Me|p2b: Maushold\n|-singleturn|p2b: Maushold|move: Follow Me\n|move|p2a: Kyogre|Water Spout|p1b: Farigiraf|[spread] p1a,p1b\n|-damage|p1a: Landorus|2/100\n|-damage|p1b: Farigiraf|0 fnt\n|faint|p1b: Farigiraf\n|move|p1a: Landorus|Sandsear Storm|p2b: Maushold|[spread] p2a,p2b\n|-damage|p2a: Kyogre|45/100\n|-damage|p2b: Maushold|0 fnt\n|faint|p2b: Maushold\n|\n|upkeep\n|turn|8\n|\n|t:|1746079948\n|move|p2a: Kyogre|Protect|p2a: Kyogre\n|-singleturn|p2a: Kyogre|Protect\n|move|p1a: Landorus|Protect||[still]\n|-fail|p1a: Landorus\n|\n|-fieldend|move: Trick Room\n|upkeep\n|turn|9\n|\n|t:|1746079959\n|-terastallize|p2a: Kyogre|Grass\n|move|p1a: Landorus|Sludge Bomb|p2a: Kyogre\n|-supereffective|p2a: Kyogre\n|-damage|p2a: Kyogre|0 fnt\n|faint|p2a: Kyogre\n|\n|win|pasko2004\n|inactive|pasko2004 has 30 seconds to confirm battle start!\n|inactive|Whoisnikoooo._ has 30 seconds to confirm battle start!\n||Whoisnikoooo._ is ready for game 2.\n|inactive|pasko2004 has 20 seconds to confirm battle start!\n|inactive|pasko2004 has 10 seconds to confirm battle start!\n||pasko2004 is ready for game 2.\n|uhtml|next|Next: <a href=\"/battle-gen9vgc2025regibo3-2354487516\"><strong>Game 2 of 3</strong></a>\n", "uploadtime": 1746080238, "views": 8, "formatid": "gen9vgc2025regibo3", "rating": null, "private": 0, "password": null}