{"id": "gen9vgc2025regibo3-2355124008", "format": "[Gen 9] VGC 2025 Reg I (Bo3)", "players": ["mikewwm8", "girasolia"], "log": "|j|\u2606mikewwm8\n|j|\u2606girasolia\n|html|<table width=\"100%\"><tr><td align=\"left\">mikewwm8</td><td align=\"right\">girasolia</tr><tr><td align=\"left\"><i class=\"fa fa-circle-o\"></i> <i class=\"fa fa-circle-o\"></i> </td><td align=\"right\"><i class=\"fa fa-circle-o\"></i> <i class=\"fa fa-circle\"></i> </tr></table>\n|uhtml|bestof|<h2><strong>Game 2</strong> of <a href=\"/game-bestof3-gen9vgc2025regibo3-2355121734\">a best-of-3</a></h2>\n|t:|1746155506\n|gametype|doubles\n|player|p1|mikewwm8|265|1251\n|player|p2|girasolia|dawn-gen4pt|1350\n|teamsize|p1|6\n|teamsize|p2|6\n|gen|9\n|tier|[Gen 9] VGC 2025 Reg I (Bo3)\n|rated|\n|rule|Species Clause: Limit one of each Pok\u00e9mon\n|rule|Item Clause: Limit 1 of each item\n|clearpoke\n|poke|p1|Groudon, L50|\n|poke|p1|Miraidon, L50|\n|poke|p1|Ogerpon-Hearthflame, L50, F|\n|poke|p1|Whimsicott, L50, M|\n|poke|p1|Urshifu-*, L50, M|\n|poke|p1|Incineroar, L50, M|\n|poke|p2|Zamazenta-*, L50|\n|poke|p2|Kyogre, L50|\n|poke|p2|Chien-Pao, L50|\n|poke|p2|Urshifu-*, L50, F|\n|poke|p2|Tornadus, L50, M|\n|poke|p2|Amoonguss, L50, M|\n|teampreview|4\n|showteam|p1|Groudon||ClearAmulet|Drought|HeatCrash,PrecipiceBlades,StompingTantrum,Protect||||||50|,,,,,Fire]Miraidon||ChoiceSpecs|HadronEngine|DracoMeteor,ElectroDrift,VoltSwitch,DazzlingGleam||||||50|,,,,,Fairy]Ogerpon-Hearthflame||HearthflameMask|MoldBreaker|IvyCudgel,WoodHammer,FollowMe,SpikyShield|||F|||50|,,,,,Fire]Whimsicott||CovertCloak|Prankster|Moonblast,Tailwind,LightScreen,Encore|||M|||50|,,,,,Dark]Urshifu||FocusSash|UnseenFist|WickedBlow,CloseCombat,SuckerPunch,Protect|||M|||50|,,,,,Dark]Incineroar||RockyHelmet|Intimidate|KnockOff,FakeOut,WillOWisp,PartingShot|||M|||50|,,,,,Water\n|showteam|p2|Zamazenta-Crowned||RustedShield|DauntlessShield|BodyPress,behemothbash,WideGuard,Protect||||||50|,,,,,Dragon]Kyogre||MysticWater|Drizzle|WaterSpout,HydroPump,IceBeam,Protect||||||50|,,,,,Grass]Chien-Pao||FocusSash|SwordofRuin|IceSpinner,ThroatChop,SuckerPunch,Protect||||||50|,,,,,Stellar]Urshifu-Rapid-Strike||ChoiceScarf|UnseenFist|SurgingStrikes,CloseCombat,AquaJet,Uturn|||F|||50|,,,,,Water]Tornadus||CovertCloak|Prankster|BleakwindStorm,Tailwind,RainDance,Protect|||M|||50|,,,,,Dark]Amoonguss||RockyHelmet|Regenerator|PollenPuff,Spore,RagePowder,Protect|||M|||50|,,,,,Water\n|inactive|Battle timer is ON: inactive players will automatically lose when time's up. (requested by girasolia)\n|inactive|mikewwm8 has 60 seconds left.\n|inactive|girasolia has 60 seconds left.\n|inactive|girasolia has 30 seconds left.\n|inactive|girasolia has 20 seconds left.\n|\n|t:|1746155577\n|start\n|switch|p1a: D:|Miraidon, L50|100/100\n|switch|p1b: >:)|Incineroar, L50, M|100/100\n|switch|p2a: Kyogre|Kyogre, L50, shiny|100/100\n|switch|p2b: Tornadus|Tornadus, L50, M|100/100\n|-fieldstart|move: Electric Terrain|[from] ability: Hadron Engine|[of] p1a: D:\n|-weather|RainDance|[from] ability: Drizzle|[of] p2a: Kyogre\n|-ability|p1b: >:)|Intimidate|boost\n|-unboost|p2a: Kyogre|atk|1\n|-unboost|p2b: Tornadus|atk|1\n|turn|1\n|\n|t:|1746155592\n|switch|p1a: :3|Whimsicott, L50, M|100/100\n|move|p2b: Tornadus|Protect|p2b: Tornadus\n|-singleturn|p2b: Tornadus|Protect\n|move|p2a: Kyogre|Protect|p2a: Kyogre\n|-singleturn|p2a: Kyogre|Protect\n|move|p1b: >:)|Fake Out|p2a: Kyogre\n|-activate|p2a: Kyogre|move: Protect\n|\n|-weather|RainDance|[upkeep]\n|upkeep\n|turn|2\n|inactive|girasolia has 30 seconds left.\n|\n|t:|1746155622\n|-terastallize|p1b: >:)|Water\n|move|p1a: :3|Encore|p2b: Tornadus\n|-start|p2b: Tornadus|Encore\n|move|p2b: Tornadus|Protect||[still]\n|-fail|p2b: Tornadus\n|move|p2a: Kyogre|Water Spout|p1a: :3|[spread] p1a,p1b\n|-resisted|p1a: :3\n|-resisted|p1b: >:)\n|-damage|p1a: :3|22/100\n|-damage|p1b: >:)|43/100\n|move|p1b: >:)|Parting Shot|p2a: Kyogre\n|-unboost|p2a: Kyogre|atk|1\n|-unboost|p2a: Kyogre|spa|1\n|\n|t:|1746155636\n|switch|p1b: D:|Miraidon, L50|100/100|[from] Parting Shot\n|-activate|p1b: D:|ability: Hadron Engine\n|\n|-weather|RainDance|[upkeep]\n|upkeep\n|turn|3\n|inactive|girasolia has 30 seconds left.\n|\n|t:|1746155664\n|move|p2b: Tornadus|Protect|p2b: Tornadus\n|-singleturn|p2b: Tornadus|Protect\n|move|p1a: :3|Tailwind|p1a: :3\n|-sidestart|p1: mikewwm8|move: Tailwind\n|move|p1b: D:|Volt Switch|p2a: Kyogre\n|-supereffective|p2a: Kyogre\n|-damage|p2a: Kyogre|0 fnt\n|faint|p2a: Kyogre\n|\n|t:|1746155674\n|switch|p1b: Reignition|Groudon, L50|100/100|[from] Volt Switch\n|-weather|SunnyDay|[from] ability: Drought|[of] p1b: Reignition\n|\n|-weather|SunnyDay|[upkeep]\n|upkeep\n|\n|t:|1746155698\n|switch|p2a: Chien-Pao|Chien-Pao, L50|100/100\n|-ability|p2a: Chien-Pao|Sword of Ruin\n|turn|4\n|\n|t:|1746155712\n|switch|p2b: Zamazenta|Zamazenta-Crowned, L50, shiny|100/100\n|-ability|p2b: Zamazenta|Dauntless Shield|boost\n|-boost|p2b: Zamazenta|def|1\n|move|p2a: Chien-Pao|Sucker Punch|p1a: :3\n|-resisted|p1a: :3\n|-damage|p1a: :3|0 fnt\n|faint|p1a: :3\n|move|p1b: Reignition|Heat Crash|p2b: Zamazenta\n|-supereffective|p2b: Zamazenta\n|-damage|p2b: Zamazenta|76/100\n|\n|-weather|SunnyDay|[upkeep]\n|upkeep\n|\n|t:|1746155723\n|switch|p1a: >:)|Incineroar, L50, M, tera:Water|43/100\n|-ability|p1a: >:)|Intimidate|boost\n|-unboost|p2a: Chien-Pao|atk|1\n|-unboost|p2b: Zamazenta|atk|1\n|turn|5\n|\n|t:|1746155738\n|move|p2a: Chien-Pao|Protect|p2a: Chien-Pao\n|-singleturn|p2a: Chien-Pao|Protect\n|move|p2b: Zamazenta|Protect|p2b: Zamazenta\n|-singleturn|p2b: Zamazenta|Protect\n|move|p1b: Reignition|Heat Crash|p2a: Chien-Pao\n|-activate|p2a: Chien-Pao|move: Protect\n|move|p1a: >:)|Will-O-Wisp|p2b: Zamazenta\n|-activate|p2b: Zamazenta|move: Protect\n|\n|-weather|SunnyDay|[upkeep]\n|-fieldend|move: Electric Terrain\n|upkeep\n|turn|6\n|inactive|girasolia has 30 seconds left.\n|\n|t:|1746155768\n|-terastallize|p2b: Zamazenta|Dragon\n|move|p1b: Reignition|Stomping Tantrum|p2b: Zamazenta\n|-damage|p2b: Zamazenta|53/100\n|move|p2a: Chien-Pao|Ice Spinner|p1a: >:)\n|-resisted|p1a: >:)\n|-damage|p1a: >:)|31/100\n|-damage|p2a: Chien-Pao|84/100|[from] item: Rocky Helmet|[of] p1a: >:)\n|move|p1a: >:)|Will-O-Wisp|p2a: Chien-Pao|[miss]\n|-miss|p1a: >:)|p2a: Chien-Pao\n|move|p2b: Zamazenta|Body Press|p1a: >:)\n|-damage|p1a: >:)|0 fnt\n|-damage|p2b: Zamazenta|37/100|[from] item: Rocky Helmet|[of] p1a: >:)\n|faint|p1a: >:)\n|\n|-weather|SunnyDay|[upkeep]\n|-sideend|p1: mikewwm8|move: Tailwind\n|upkeep\n|\n|t:|1746155780\n|switch|p1a: D:|Miraidon, L50|100/100\n|-fieldstart|move: Electric Terrain|[from] ability: Hadron Engine|[of] p1a: D:\n|turn|7\n|inactive|girasolia has 30 seconds left.\n|inactive|girasolia has 20 seconds left.\n|\n|t:|1746155817\n|move|p2a: Chien-Pao|Protect|p2a: Chien-Pao\n|-singleturn|p2a: Chien-Pao|Protect\n|move|p1a: D:|Electro Drift|p2a: Chien-Pao\n|-activate|p2a: Chien-Pao|move: Protect\n|move|p2b: Zamazenta|Body Press|p1b: Reignition\n|-damage|p1b: Reignition|33/100\n|move|p1b: Reignition|Precipice Blades|p2b: Zamazenta|[spread] p2b\n|-activate|p2a: Chien-Pao|move: Protect\n|-crit|p2b: Zamazenta\n|-damage|p2b: Zamazenta|0 fnt\n|faint|p2b: Zamazenta\n|\n|-weather|none\n|upkeep\n|\n|t:|1746155834\n|switch|p2b: Tornadus|Tornadus, L50, M|100/100\n|turn|8\n|inactive|girasolia has 30 seconds left.\n|\n|t:|1746155867\n|move|p2b: Tornadus|Rain Dance|p2b: Tornadus\n|-weather|RainDance\n|move|p2a: Chien-Pao|Ice Spinner|p1a: D:\n|-supereffective|p1a: D:\n|-damage|p1a: D:|26/100\n|-fieldend|move: Electric Terrain\n|move|p1a: D:|Electro Drift|p2a: Chien-Pao\n|-damage|p2a: Chien-Pao|0 fnt\n|faint|p2a: Chien-Pao\n|move|p1b: Reignition|Heat Crash|p2b: Tornadus\n|-damage|p2b: Tornadus|74/100\n|\n|-weather|RainDance|[upkeep]\n|upkeep\n|turn|9\n|\n|t:|1746155884\n|move|p2b: Tornadus|Protect|p2b: Tornadus\n|-singleturn|p2b: Tornadus|Protect\n|move|p1a: D:|Electro Drift|p2b: Tornadus\n|-activate|p2b: Tornadus|move: Protect\n|move|p1b: Reignition|Heat Crash|p2b: Tornadus\n|-activate|p2b: Tornadus|move: Protect\n|\n|-weather|RainDance|[upkeep]\n|upkeep\n|turn|10\n|\n|t:|1746155894\n|move|p1a: D:|Electro Drift|p2b: Tornadus\n|-supereffective|p2b: Tornadus\n|-damage|p2b: Tornadus|0 fnt\n|faint|p2b: Tornadus\n|\n|win|mikewwm8\n||mikewwm8 is ready for game 3.\n", "uploadtime": 1746155899, "views": 5, "formatid": "gen9vgc2025regibo3", "rating": null, "private": 0, "password": null}