{"id": "gen9vgc2025regibo3-2354380180", "format": "[Gen 9] VGC 2025 Reg I (Bo3)", "players": ["pokeplaygg", "idanisaurio"], "log": "|j|\u2606pokeplaygg\n|j|\u2606idanisaurio\n|html|<table width=\"100%\"><tr><td align=\"left\">pokeplaygg</td><td align=\"right\">idanisaurio</tr><tr><td align=\"left\"><i class=\"fa fa-circle-o\"></i> <i class=\"fa fa-circle-o\"></i> </td><td align=\"right\"><i class=\"fa fa-circle-o\"></i> <i class=\"fa fa-circle\"></i> </tr></table>\n|uhtml|bestof|<h2><strong>Game 2</strong> of <a href=\"/game-bestof3-gen9vgc2025regibo3-2354378259\">a best-of-3</a></h2>\n|t:|1746064233\n|gametype|doubles\n|player|p1|pokeplaygg|2|1347\n|player|p2|idanisaurio|marnie|1484\n|teamsize|p1|6\n|teamsize|p2|6\n|gen|9\n|tier|[Gen 9] VGC 2025 Reg I (Bo3)\n|rated|\n|rule|Species Clause: Limit one of each Pok\u00e9mon\n|rule|Item Clause: Limit 1 of each item\n|clearpoke\n|poke|p1|Amoonguss, L50, M|\n|poke|p1|Calyrex-Ice, L50|\n|poke|p1|Rillaboom, L50, M|\n|poke|p1|Incineroar, L50, M|\n|poke|p1|Kyogre, L50|\n|poke|p1|Archaludon, L50, M|\n|poke|p2|Calyrex-Shadow, L50|\n|poke|p2|Terapagos, L50, M|\n|poke|p2|Incineroar, L50, F|\n|poke|p2|Rillaboom, L50, F|\n|poke|p2|Amoonguss, L50, F|\n|poke|p2|Urshifu-*, L50, F|\n|teampreview|4\n|showteam|p1|Amoonguss||RockyHelmet|Regenerator|PollenPuff,Spore,ClearSmog,RagePowder|||M|||50|,,,,,Water]Calyrex-Ice||ClearAmulet|AsOneGlastrier|Protect,TrickRoom,GlacialLance,HighHorsepower||||||50|,,,,,Grass]Rillaboom||AssaultVest|GrassySurge|FakeOut,Uturn,GrassyGlide,WoodHammer|||M|||50|,,,,,Fire]Incineroar||SitrusBerry|Intimidate|FlareBlitz,FakeOut,WillOWisp,KnockOff|||M|||50|,,,,,Ghost]Kyogre||LifeOrb|Drizzle|OriginPulse,Protect,Thunder,IceBeam||||||50|,,,,,Water]Archaludon||Leftovers|Stamina|DracoMeteor,BodyPress,ElectroShot,Snarl|||M|||50|,,,,,Fairy\n|showteam|p2|Calyrex-Shadow||FocusSash|AsOneSpectrier|AstralBarrage,WillOWisp,Disable,Protect||||||50|,,,,,Ghost]Terapagos||Leftovers|TeraShift|TeraStarstorm,EarthPower,CalmMind,Protect|||M|||50|,,,,,Stellar]Incineroar||SafetyGoggles|Intimidate|WillOWisp,KnockOff,FakeOut,PartingShot|||F|||50|,,,,,Bug]Rillaboom||AssaultVest|GrassySurge|FakeOut,WoodHammer,Uturn,GrassyGlide|||F|||50|,,,,,Grass]Amoonguss||RockyHelmet|Regenerator|Protect,Spore,RagePowder,SludgeBomb|||F|||50|,,,,,Water]Urshifu-Rapid-Strike||ChoiceScarf|UnseenFist|RockTomb,SurgingStrikes,Uturn,CloseCombat|||F|||50|,,,,,Water\n|inactive|Battle timer is ON: inactive players will automatically lose when time's up. (requested by idanisaurio)\n|\n|t:|1746064249\n|start\n|switch|p1a: Calyrex|Calyrex-Ice, L50|100/100\n|switch|p1b: Incineroar|Incineroar, L50, M|100/100\n|switch|p2a: Incineroar|Incineroar, L50, F|100/100\n|switch|p2b: Terapagos|Terapagos, L50, M|100/100\n|-activate|p2b: Terapagos|ability: Tera Shift\n|detailschange|p2b: Terapagos|Terapagos-Terastal, L50, M\n|-heal|p2b: Terapagos|100/100|[silent]\n|-ability|p1a: Calyrex|As One\n|-ability|p1a: Calyrex|Unnerve\n|-ability|p1b: Incineroar|Intimidate|boost\n|-unboost|p2a: Incineroar|atk|1\n|-unboost|p2b: Terapagos|atk|1\n|-ability|p2a: Incineroar|Intimidate|boost\n|-fail|p1a: Calyrex|unboost|[from] item: Clear Amulet|[of] p1a: Calyrex\n|-unboost|p1b: Incineroar|atk|1\n|turn|1\n|\n|t:|1746064259\n|move|p1b: Incineroar|Fake Out|p2b: Terapagos\n|-activate|p2b: Terapagos|ability: Tera Shell\n|-resisted|p2b: Terapagos\n|-damage|p2b: Terapagos|97/100\n|cant|p2b: Terapagos|flinch\n|move|p2a: Incineroar|Will-O-Wisp|p1a: Calyrex\n|-status|p1a: Calyrex|brn\n|move|p1a: Calyrex|Trick Room|p1a: Calyrex\n|-fieldstart|move: Trick Room|[of] p1a: Calyrex\n|\n|-heal|p2b: Terapagos|100/100|[from] item: Leftovers\n|-damage|p1a: Calyrex|95/100 brn|[from] brn\n|upkeep\n|turn|2\n|\n|t:|1746064275\n|switch|p1a: Archaludon|Archaludon, L50, M|100/100\n|switch|p1b: Amoonguss|Amoonguss, L50, M|100/100\n|move|p2a: Incineroar|Will-O-Wisp|p2b: Terapagos\n|-status|p2b: Terapagos|brn\n|move|p2b: Terapagos|Calm Mind|p2b: Terapagos\n|-boost|p2b: Terapagos|spa|1\n|-boost|p2b: Terapagos|spd|1\n|\n|-damage|p2b: Terapagos|94/100 brn|[from] brn\n|upkeep\n|turn|3\n|\n|t:|1746064294\n|move|p2b: Terapagos|Protect|p2b: Terapagos\n|-singleturn|p2b: Terapagos|Protect\n|move|p1b: Amoonguss|Clear Smog|p2b: Terapagos\n|-activate|p2b: Terapagos|move: Protect\n|move|p2a: Incineroar|Will-O-Wisp|p1a: Archaludon|[miss]\n|-miss|p2a: Incineroar|p1a: Archaludon\n|move|p1a: Archaludon|Snarl|p2b: Terapagos|[spread] p2a\n|-activate|p2b: Terapagos|move: Protect\n|-resisted|p2a: Incineroar\n|-damage|p2a: Incineroar|96/100\n|-unboost|p2a: Incineroar|spa|1\n|\n|-heal|p2b: Terapagos|100/100 brn|[from] item: Leftovers\n|-damage|p2b: Terapagos|94/100 brn|[from] brn\n|upkeep\n|turn|4\n|\n|t:|1746064304\n|switch|p2b: Amoonguss|Amoonguss, L50, F|100/100\n|move|p1b: Amoonguss|Clear Smog|p2b: Amoonguss\n|-damage|p2b: Amoonguss|88/100\n|-clearboost|p2b: Amoonguss\n|move|p2a: Incineroar|Will-O-Wisp|p1a: Archaludon\n|-status|p1a: Archaludon|brn\n|move|p1a: Archaludon|Snarl|p2b: Amoonguss|[spread] p2a,p2b\n|-resisted|p2a: Incineroar\n|-damage|p2a: Incineroar|90/100\n|-damage|p2b: Amoonguss|79/100\n|-unboost|p2a: Incineroar|spa|1\n|-unboost|p2b: Amoonguss|spa|1\n|\n|-damage|p1a: Archaludon|94/100 brn|[from] brn\n|upkeep\n|turn|5\n|inactive|pokeplaygg has 30 seconds left.\n|inactive|pokeplaygg has 20 seconds left.\n|inactive|pokeplaygg has 15 seconds left.\n|\n|t:|1746064345\n|switch|p1b: Calyrex|Calyrex-Ice, L50|95/100 brn\n|-ability|p1b: Calyrex|As One\n|-ability|p1b: Calyrex|Unnerve\n|move|p2b: Amoonguss|Sludge Bomb|p1b: Calyrex\n|-damage|p1b: Calyrex|83/100 brn\n|move|p2a: Incineroar|Parting Shot|p1a: Archaludon\n|-unboost|p1a: Archaludon|atk|1\n|-unboost|p1a: Archaludon|spa|1\n|\n|t:|1746064356\n|switch|p2a: Terapagos|Terapagos-Terastal, L50, M|94/100 brn|[from] Parting Shot\n|move|p1a: Archaludon|Electro Shot||[still]\n|-prepare|p1a: Archaludon|Electro Shot\n|-boost|p1a: Archaludon|spa|1\n|\n|-heal|p1a: Archaludon|100/100 brn|[from] item: Leftovers\n|-heal|p2a: Terapagos|100/100 brn|[from] item: Leftovers\n|-damage|p1b: Calyrex|77/100 brn|[from] brn\n|-damage|p1a: Archaludon|94/100 brn|[from] brn\n|-damage|p2a: Terapagos|94/100 brn|[from] brn\n|-fieldend|move: Trick Room\n|upkeep\n|turn|6\n|\n|t:|1746064376\n|switch|p2b: Incineroar|Incineroar, L50, F|90/100\n|-ability|p2b: Incineroar|Intimidate|boost\n|-unboost|p1a: Archaludon|atk|1\n|-fail|p1b: Calyrex|unboost|[from] item: Clear Amulet|[of] p1b: Calyrex\n|move|p2a: Terapagos|Calm Mind|p2a: Terapagos\n|-boost|p2a: Terapagos|spa|1\n|-boost|p2a: Terapagos|spd|1\n|move|p1a: Archaludon|Electro Shot|p2a: Terapagos|[from] lockedmove\n|-damage|p2a: Terapagos|75/100 brn\n|move|p1b: Calyrex|Glacial Lance|p2a: Terapagos|[spread] p2a,p2b\n|-resisted|p2b: Incineroar\n|-damage|p2a: Terapagos|56/100 brn\n|-damage|p2b: Incineroar|80/100\n|\n|-heal|p2a: Terapagos|62/100 brn|[from] item: Leftovers\n|-heal|p1a: Archaludon|100/100 brn|[from] item: Leftovers\n|-damage|p2a: Terapagos|56/100 brn|[from] brn\n|-damage|p1a: Archaludon|94/100 brn|[from] brn\n|-damage|p1b: Calyrex|71/100 brn|[from] brn\n|upkeep\n|turn|7\n|\n|t:|1746064399\n|-terastallize|p2a: Terapagos|Stellar\n|detailschange|p2a: Terapagos|Terapagos-Stellar, L50, M, tera:Stellar\n|-heal|p2a: Terapagos|67/100 brn|[silent]\n|move|p2b: Incineroar|Fake Out|p1b: Calyrex\n|-crit|p1b: Calyrex\n|-damage|p1b: Calyrex|62/100 brn\n|move|p2a: Terapagos|Tera Starstorm|p1b: Calyrex|[spread] p1a,p1b\n|-damage|p1a: Archaludon|37/100 brn\n|-damage|p1b: Calyrex|26/100 brn\n|-ability|p1a: Archaludon|Stamina|boost\n|-boost|p1a: Archaludon|def|1\n|move|p1a: Archaludon|Snarl|p2b: Incineroar|[spread] p2a,p2b\n|-resisted|p2b: Incineroar\n|-damage|p2a: Terapagos|62/100 brn\n|-damage|p2b: Incineroar|75/100\n|-unboost|p2a: Terapagos|spa|1\n|-unboost|p2b: Incineroar|spa|1\n|cant|p1b: Calyrex|flinch\n|\n|-heal|p2a: Terapagos|69/100 brn|[from] item: Leftovers\n|-heal|p1a: Archaludon|43/100 brn|[from] item: Leftovers\n|-damage|p2a: Terapagos|62/100 brn|[from] brn\n|-damage|p1a: Archaludon|37/100 brn|[from] brn\n|-damage|p1b: Calyrex|20/100 brn|[from] brn\n|upkeep\n|turn|8\n|inactive|pokeplaygg has 30 seconds left.\n|\n|t:|1746064430\n|move|p2a: Terapagos|Tera Starstorm|p1a: Archaludon|[spread] p1a,p1b\n|-damage|p1a: Archaludon|0 fnt\n|-damage|p1b: Calyrex|0 fnt\n|faint|p1a: Archaludon\n|faint|p1b: Calyrex\n|move|p2b: Incineroar|Knock Off|p1: Archaludon|[notarget]\n|-fail|p2b: Incineroar\n|\n|-heal|p2a: Terapagos|69/100 brn|[from] item: Leftovers\n|-damage|p2a: Terapagos|62/100 brn|[from] brn\n|upkeep\n|\n|t:|1746064434\n|switch|p1a: Incineroar|Incineroar, L50, M|100/100\n|switch|p1b: Amoonguss|Amoonguss, L50, M|100/100\n|-ability|p1a: Incineroar|Intimidate|boost\n|-unboost|p2a: Terapagos|atk|1\n|-unboost|p2b: Incineroar|atk|1\n|turn|9\n|\n|t:|1746064445\n|switch|p2a: Amoonguss|Amoonguss, L50, F|100/100\n|move|p2b: Incineroar|Knock Off|p1b: Amoonguss\n|-damage|p1b: Amoonguss|76/100\n|-damage|p2b: Incineroar|58/100|[from] item: Rocky Helmet|[of] p1b: Amoonguss\n|-enditem|p1b: Amoonguss|Rocky Helmet|[from] move: Knock Off|[of] p2b: Incineroar\n|move|p1a: Incineroar|Knock Off|p2a: Amoonguss\n|-damage|p2a: Amoonguss|61/100\n|-damage|p1a: Incineroar|84/100|[from] item: Rocky Helmet|[of] p2a: Amoonguss\n|-enditem|p2a: Amoonguss|Rocky Helmet|[from] move: Knock Off|[of] p1a: Incineroar\n|move|p1b: Amoonguss|Spore|p2a: Amoonguss\n|-immune|p2a: Amoonguss\n|\n|upkeep\n|turn|10\n|\n|t:|1746064455\n|move|p2b: Incineroar|Knock Off|p1a: Incineroar\n|-resisted|p1a: Incineroar\n|-damage|p1a: Incineroar|72/100\n|-enditem|p1a: Incineroar|Sitrus Berry|[from] move: Knock Off|[of] p2b: Incineroar\n|move|p1a: Incineroar|Flare Blitz|p2a: Amoonguss\n|-supereffective|p2a: Amoonguss\n|-damage|p2a: Amoonguss|0 fnt\n|faint|p2a: Amoonguss\n|-damage|p1a: Incineroar|50/100|[from] Recoil\n|move|p1b: Amoonguss|Pollen Puff|p1a: Incineroar\n|-heal|p1a: Incineroar|100/100\n|\n|upkeep\n|\n|t:|1746064465\n|switch|p2a: Calyrex|Calyrex-Shadow, L50|100/100\n|-ability|p2a: Calyrex|As One\n|-ability|p2a: Calyrex|Unnerve\n|turn|11\n|inactive|pokeplaygg has 30 seconds left.\n|\n|t:|1746064490\n|-terastallize|p1b: Amoonguss|Water\n|move|p2a: Calyrex|Protect|p2a: Calyrex\n|-singleturn|p2a: Calyrex|Protect\n|move|p1a: Incineroar|Knock Off|p2b: Incineroar\n|-resisted|p2b: Incineroar\n|-damage|p2b: Incineroar|41/100\n|-enditem|p2b: Incineroar|Safety Goggles|[from] move: Knock Off|[of] p1a: Incineroar\n|move|p2b: Incineroar|Parting Shot|p1a: Incineroar\n|-unboost|p1a: Incineroar|atk|1\n|-unboost|p1a: Incineroar|spa|1\n|\n|t:|1746064501\n|switch|p2b: Terapagos|Terapagos-Stellar, L50, M, tera:Stellar|62/100 brn|[from] Parting Shot\n|move|p1b: Amoonguss|Spore||[still]\n|-fail|p1b: Amoonguss\n|\n|-heal|p2b: Terapagos|69/100 brn|[from] item: Leftovers\n|-damage|p2b: Terapagos|62/100 brn|[from] brn\n|upkeep\n|turn|12\n|\n|t:|1746064519\n|move|p2a: Calyrex|Astral Barrage|p1a: Incineroar|[spread] p1a,p1b\n|-resisted|p1a: Incineroar\n|-damage|p1a: Incineroar|76/100\n|-damage|p1b: Amoonguss|36/100\n|move|p2b: Terapagos|Tera Starstorm|p1a: Incineroar|[spread] p1a,p1b\n|-supereffective|p1b: Amoonguss\n|-crit|p1b: Amoonguss\n|-damage|p1a: Incineroar|42/100\n|-damage|p1b: Amoonguss|0 fnt\n|faint|p1b: Amoonguss\n|move|p1a: Incineroar|Knock Off|p2a: Calyrex\n|-supereffective|p2a: Calyrex\n|-enditem|p2a: Calyrex|Focus Sash\n|-damage|p2a: Calyrex|1/100\n|\n|-heal|p2b: Terapagos|69/100 brn|[from] item: Leftovers\n|-damage|p2b: Terapagos|62/100 brn|[from] brn\n|upkeep\n|turn|13\n|-message|pokeplaygg forfeited.\n|\n|win|idanisaurio\n|raw|pokeplaygg's rating: 1347 &rarr; <strong>1335</strong><br />(-12 for losing)\n|raw|idanisaurio's rating: 1484 &rarr; <strong>1496</strong><br />(+12 for winning)\n|l|\u2606pokeplaygg\n|player|p1|\n|l|\u2606idanisaurio\n|player|p2|\n", "uploadtime": 1746064881, "views": 7, "formatid": "gen9vgc2025regibo3", "rating": 1335, "private": 0, "password": null}