{"id": "gen9vgc2025regibo3-2354527293", "format": "[Gen 9] VGC 2025 Reg I (Bo3)", "players": ["B00th", "Noa18348"], "log": "|j|\u2606B00th\n|j|\u2606Noa18348\n|html|<table width=\"100%\"><tr><td align=\"left\">B00th</td><td align=\"right\">Noa18348</tr><tr><td align=\"left\"><i class=\"fa fa-circle-o\"></i> <i class=\"fa fa-circle-o\"></i> </td><td align=\"right\"><i class=\"fa fa-circle-o\"></i> <i class=\"fa fa-circle-o\"></i> </tr></table>\n|uhtml|bestof|<h2><strong>Game 1</strong> of <a href=\"/game-bestof3-gen9vgc2025regibo3-2354527292\">a best-of-3</a></h2>\n|t:|1746088171\n|gametype|doubles\n|player|p1|B00th|266|1281\n|player|p2|Noa18348|2|1123\n|teamsize|p1|6\n|teamsize|p2|6\n|gen|9\n|tier|[Gen 9] VGC 2025 Reg I (Bo3)\n|rated|\n|rule|Species Clause: Limit one of each Pok\u00e9mon\n|rule|Item Clause: Limit 1 of each item\n|clearpoke\n|poke|p1|Kyogre, L50|\n|poke|p1|Zacian-*, L50|\n|poke|p1|Landorus, L50, M|\n|poke|p1|Tornadus, L50, M|\n|poke|p1|Amoonguss, L50, M|\n|poke|p1|Urshifu-*, L50, F|\n|poke|p2|Miraidon, L50|\n|poke|p2|Groudon, L50|\n|poke|p2|Heatran, L50, F|\n|poke|p2|Cresselia, L50, F|\n|poke|p2|Ogerpon-Cornerstone, L50, F|\n|poke|p2|Dragapult, L50, M|\n|teampreview|4\n|showteam|p1|Kyogre||ChoiceScarf|Drizzle|WaterSpout,Thunder,IceBeam,OriginPulse||||||50|,,,,,Grass]Zacian-Crowned||RustedSword|IntrepidSword|Protect,behemothblade,PlayRough,SacredSword||||||50|,,,,,Fairy]Landorus||LifeOrb|SheerForce|SandsearStorm,EarthPower,Protect,SludgeBomb|||M|||50|,,,,,Poison]Tornadus||CovertCloak|Prankster|BleakwindStorm,Taunt,RainDance,Tailwind|||M|||50|,,,,,Grass]Amoonguss||RockyHelmet|Regenerator|Spore,RagePowder,PollenPuff,Protect|||M|||50|,,,,,Fairy]Urshifu-Rapid-Strike||FocusSash|UnseenFist|SurgingStrikes,Detect,CloseCombat,Taunt|||F|||50|,,,,,Water\n|showteam|p2|Miraidon||ChoiceSpecs|HadronEngine|DracoMeteor,ElectroDrift,Discharge,VoltSwitch||||||50|,,,,,Electric]Groudon||ClearAmulet|Drought|SwordsDance,Protect,PrecipiceBlades,RockSlide||||||50|,,,,,Grass]Heatran||Leftovers|FlashFire|Flamethrower,Protect,FlashCannon,EarthPower|||F|||50|,,,,,Ice]Cresselia||RockyHelmet|Levitate|TrickRoom,IcyWind,SkillSwap,LunarBlessing|||F|||50|,,,,,Dark]Ogerpon-Cornerstone||CornerstoneMask|Sturdy|HornLeech,SpikyShield,FollowMe,IvyCudgel|||F|||50|,,,,,Rock]Dragapult||ChoiceScarf|ClearBody|DragonDarts,PhantomForce,PsychicFangs,Thunderbolt|||M|||50|,,,,,Normal\n|\n|t:|1746088205\n|start\n|switch|p1a: Tornadus|Tornadus, L50, M|100/100\n|switch|p1b: Urshifu|Urshifu-Rapid-Strike, L50, F|100/100\n|switch|p2a: Cresselia|Cresselia, L50, F, shiny|100/100\n|switch|p2b: Dragapult|Dragapult, L50, M|100/100\n|turn|1\n|\n|t:|1746088242\n|move|p1b: Urshifu|Detect|p1b: Urshifu\n|-singleturn|p1b: Urshifu|Protect\n|move|p1a: Tornadus|Taunt|p2a: Cresselia\n|-start|p2a: Cresselia|move: Taunt\n|move|p2b: Dragapult|Thunderbolt|p1b: Urshifu\n|-activate|p1b: Urshifu|move: Protect\n|move|p2a: Cresselia|Icy Wind|p1b: Urshifu|[spread] p1a\n|-activate|p1b: Urshifu|move: Protect\n|-supereffective|p1a: Tornadus\n|-damage|p1a: Tornadus|81/100\n|\n|upkeep\n|turn|2\n|\n|t:|1746088265\n|switch|p1b: Zacian|Zacian-Crowned, L50|100/100\n|-ability|p1b: Zacian|Intrepid Sword|boost\n|-boost|p1b: Zacian|atk|1\n|switch|p2a: Miraidon|Miraidon, L50|100/100\n|-fieldstart|move: Electric Terrain|[from] ability: Hadron Engine|[of] p2a: Miraidon\n|move|p1a: Tornadus|Tailwind|p1a: Tornadus\n|-sidestart|p1: B00th|move: Tailwind\n|move|p2b: Dragapult|Thunderbolt|p1b: Zacian\n|-damage|p1b: Zacian|80/100\n|\n|upkeep\n|turn|3\n|inactive|Battle timer is ON: inactive players will automatically lose when time's up. (requested by Noa18348)\n|\n|t:|1746088310\n|-terastallize|p2a: Miraidon|Electric\n|move|p1a: Tornadus|Rain Dance|p1a: Tornadus\n|-weather|RainDance\n|move|p1b: Zacian|Play Rough|p2a: Miraidon\n|-damage|p2a: Miraidon|14/100\n|move|p2b: Dragapult|Thunderbolt|p1a: Tornadus\n|-supereffective|p1a: Tornadus\n|-damage|p1a: Tornadus|24/100\n|move|p2a: Miraidon|Electro Drift|p1b: Zacian\n|-damage|p1b: Zacian|0 fnt\n|faint|p1b: Zacian\n|\n|-weather|RainDance|[upkeep]\n|upkeep\n|\n|t:|1746088323\n|switch|p1b: Kyogre|Kyogre, L50|100/100\n|turn|4\n|\n|t:|1746088339\n|switch|p2a: Cresselia|Cresselia, L50, F, shiny|100/100\n|-terastallize|p1b: Kyogre|Grass\n|move|p1b: Kyogre|Water Spout|p2a: Cresselia|[spread] p2a,p2b\n|-resisted|p2b: Dragapult\n|-damage|p2a: Cresselia|45/100\n|-damage|p2b: Dragapult|51/100\n|move|p1a: Tornadus|Bleakwind Storm|p2b: Dragapult|[spread] p2a,p2b\n|-damage|p2a: Cresselia|25/100\n|-damage|p2b: Dragapult|13/100\n|move|p2b: Dragapult|Thunderbolt|p1b: Kyogre\n|-resisted|p1b: Kyogre\n|-damage|p1b: Kyogre|91/100\n|\n|-weather|RainDance|[upkeep]\n|upkeep\n|turn|5\n|inactive|Noa18348 has 30 seconds left.\n|\n|t:|1746088370\n|switch|p2b: Groudon|Groudon, L50|100/100\n|-weather|SunnyDay|[from] ability: Drought|[of] p2b: Groudon\n|move|p1b: Kyogre|Water Spout|p2b: Groudon|[spread] p2a,p2b\n|-supereffective|p2b: Groudon\n|-damage|p2a: Cresselia|8/100\n|-damage|p2b: Groudon|49/100\n|move|p1a: Tornadus|Bleakwind Storm|p2a: Cresselia|[spread] p2a,p2b\n|-damage|p2a: Cresselia|0 fnt\n|-damage|p2b: Groudon|19/100\n|faint|p2a: Cresselia\n|\n|-weather|SunnyDay|[upkeep]\n|-sideend|p1: B00th|move: Tailwind\n|upkeep\n|\n|t:|1746088387\n|switch|p2a: Miraidon|Miraidon, L50, tera:Electric|14/100\n|-activate|p2a: Miraidon|ability: Hadron Engine\n|turn|6\n|\n|t:|1746088402\n|move|p1a: Tornadus|Rain Dance|p1a: Tornadus\n|-weather|RainDance\n|move|p1b: Kyogre|Water Spout|p2a: Miraidon|[spread] p2a,p2b\n|-supereffective|p2b: Groudon\n|-damage|p2a: Miraidon|0 fnt\n|-damage|p2b: Groudon|0 fnt\n|faint|p2a: Miraidon\n|faint|p2b: Groudon\n|\n|-weather|RainDance|[upkeep]\n|-fieldend|move: Electric Terrain\n|upkeep\n|c|\u2606Noa18348|gg\n|c|\u2606B00th|gg\n|\n|t:|1746088419\n|switch|p2b: Dragapult|Dragapult, L50, M|13/100\n|turn|7\n|c|\u2606Noa18348|game 2 will be better haha\n|c|\u2606Noa18348|good strat\n|\n|t:|1746088436\n|move|p2b: Dragapult|Thunderbolt|p1a: Tornadus\n|-supereffective|p1a: Tornadus\n|-damage|p1a: Tornadus|0 fnt\n|faint|p1a: Tornadus\n|move|p1b: Kyogre|Water Spout|p2b: Dragapult\n|-resisted|p2b: Dragapult\n|-damage|p2b: Dragapult|0 fnt\n|faint|p2b: Dragapult\n|\n|win|B00th\n||Noa18348 is ready for game 2.\n|inactive|B00th has 30 seconds to confirm battle start!\n||B00th is ready for game 2.\n|uhtml|next|Next: <a href=\"/battle-gen9vgc2025regibo3-2354528648\"><strong>Game 2 of 3</strong></a>\n|l|\u2606B00th\n|player|p1|\n", "uploadtime": 1746088783, "views": 12, "formatid": "gen9vgc2025regibo3", "rating": null, "private": 0, "password": null}