{"id": "gen9vgc2025regibo3-2354234248", "format": "[Gen 9] VGC 2025 Reg I (Bo3)", "players": ["pokeplaygg", "Aresice"], "log": "|j|\u2606pokeplaygg\n|j|\u2606Aresice\n|html|<table width=\"100%\"><tr><td align=\"left\">pokeplaygg</td><td align=\"right\">Aresice</tr><tr><td align=\"left\"><i class=\"fa fa-circle\"></i> <i class=\"fa fa-circle-o\"></i> </td><td align=\"right\"><i class=\"fa fa-circle-o\"></i> <i class=\"fa fa-circle\"></i> </tr></table>\n|uhtml|bestof|<h2><strong>Game 3</strong> of <a href=\"/game-bestof3-gen9vgc2025regibo3-2354227050\">a best-of-3</a></h2>\n|t:|1746047427\n|gametype|doubles\n|player|p1|pokeplaygg|169|1320\n|player|p2|Aresice|pryce|1400\n|teamsize|p1|6\n|teamsize|p2|6\n|gen|9\n|tier|[Gen 9] VGC 2025 Reg I (Bo3)\n|rated|\n|rule|Species Clause: Limit one of each Pok\u00e9mon\n|rule|Item Clause: Limit 1 of each item\n|clearpoke\n|poke|p1|Amoonguss, L50, M|\n|poke|p1|Calyrex-Ice, L50|\n|poke|p1|Rillaboom, L50, F|\n|poke|p1|Incineroar, L50, F|\n|poke|p1|Kyogre, L50|\n|poke|p1|Archaludon, L50, F|\n|poke|p2|Incineroar, L50, F|\n|poke|p2|Rillaboom, L50, F|\n|poke|p2|Zacian-*, L50|\n|poke|p2|Kyogre, L50|\n|poke|p2|Whimsicott, L50, F|\n|poke|p2|Ogerpon-Cornerstone, L50, F|\n|teampreview|4\n|showteam|p1|Amoonguss||RockyHelmet|Regenerator|PollenPuff,Spore,ClearSmog,RagePowder|||M|||50|,,,,,Water]Calyrex-Ice||ClearAmulet|AsOneGlastrier|Protect,TrickRoom,GlacialLance,HighHorsepower||||||50|,,,,,Grass]Rillaboom||AssaultVest|GrassySurge|FakeOut,Uturn,GrassyGlide,WoodHammer|||F|||50|,,,,,Fire]Incineroar||SitrusBerry|Intimidate|FlareBlitz,FakeOut,WillOWisp,KnockOff|||F|||50|,,,,,Ghost]Kyogre||LifeOrb|Drizzle|OriginPulse,Protect,Thunder,IceBeam||||||50|,,,,,Water]Archaludon||Leftovers|Stamina|DracoMeteor,BodyPress,ElectroShot,Snarl|||F|||50|,,,,,Fairy\n|showteam|p2|Incineroar||SafetyGoggles|Intimidate|FakeOut,PartingShot,KnockOff,Taunt|||F|||50|,,,,,Ghost]Rillaboom||AssaultVest|GrassySurge|FakeOut,GrassyGlide,WoodHammer,Uturn|||F|||50|,,,,,Grass]Zacian-Crowned||RustedSword|IntrepidSword|SacredSword,Protect,behemothblade,PlayRough||||||50|,,,,,Ground]Kyogre||ChoiceScarf|Drizzle|WaterSpout,OriginPulse,Thunder,IceBeam||||||50|,,,,,Water]Whimsicott||FocusSash|Prankster|Tailwind,Encore,Moonblast,HelpingHand|||F|||50|,,,,,Ghost]Ogerpon-Cornerstone||CornerstoneMask|Sturdy|KnockOff,FollowMe,IvyCudgel,SpikyShield|||F|||50|,,,,,Rock\n|inactive|Battle timer is ON: inactive players will automatically lose when time's up. (requested by pokeplaygg)\n|inactive|Aresice has 60 seconds left.\n|\n|t:|1746047478\n|start\n|switch|p1a: Calyrex|Calyrex-Ice, L50|100/100\n|switch|p1b: Rillaboom|Rillaboom, L50, F|100/100\n|switch|p2a: Evil cat|Incineroar, L50, F|100/100\n|switch|p2b: Doggo|Zacian-Crowned, L50|100/100\n|-ability|p1a: Calyrex|As One\n|-ability|p1a: Calyrex|Unnerve\n|-ability|p2b: Doggo|Intrepid Sword|boost\n|-boost|p2b: Doggo|atk|1\n|-fieldstart|move: Grassy Terrain|[from] ability: Grassy Surge|[of] p1b: Rillaboom\n|-ability|p2a: Evil cat|Intimidate|boost\n|-fail|p1a: Calyrex|unboost|[from] item: Clear Amulet|[of] p1a: Calyrex\n|-unboost|p1b: Rillaboom|atk|1\n|turn|1\n|inactive|pokeplaygg has 30 seconds left.\n|inactive|Aresice has 30 seconds left.\n|\n|t:|1746047512\n|switch|p1b: Incineroar|Incineroar, L50, F|100/100\n|-ability|p1b: Incineroar|Intimidate|boost\n|-unboost|p2a: Evil cat|atk|1\n|-unboost|p2b: Doggo|atk|1\n|-terastallize|p2a: Evil cat|Ghost\n|move|p2b: Doggo|Protect|p2b: Doggo\n|-singleturn|p2b: Doggo|Protect\n|move|p1a: Calyrex|Protect|p1a: Calyrex\n|-singleturn|p1a: Calyrex|Protect\n|move|p2a: Evil cat|Fake Out|p1a: Calyrex\n|-activate|p1a: Calyrex|move: Protect\n|\n|upkeep\n|turn|2\n|inactive|pokeplaygg has 30 seconds left.\n|inactive|Aresice has 30 seconds left.\n|\n|t:|1746047541\n|switch|p2b: Batuffolo|Whimsicott, L50, F|100/100\n|-terastallize|p1a: Calyrex|Grass\n|move|p2a: Evil cat|Taunt|p1a: Calyrex\n|-start|p1a: Calyrex|move: Taunt\n|move|p1b: Incineroar|Knock Off|p2b: Batuffolo\n|-resisted|p2b: Batuffolo\n|-damage|p2b: Batuffolo|61/100\n|-enditem|p2b: Batuffolo|Focus Sash|[from] move: Knock Off|[of] p1b: Incineroar\n|cant|p1a: Calyrex|move: Taunt|Trick Room\n|\n|-heal|p2b: Batuffolo|67/100|[from] Grassy Terrain\n|upkeep\n|turn|3\n|\n|t:|1746047558\n|move|p2b: Batuffolo|Encore|p1a: Calyrex\n|-start|p1a: Calyrex|Encore\n|move|p2a: Evil cat|Knock Off|p1a: Calyrex\n|-damage|p1a: Calyrex|85/100\n|-enditem|p1a: Calyrex|Clear Amulet|[from] move: Knock Off|[of] p2a: Evil cat\n|move|p1b: Incineroar|Knock Off|p2a: Evil cat\n|-supereffective|p2a: Evil cat\n|-damage|p2a: Evil cat|13/100\n|-enditem|p2a: Evil cat|Safety Goggles|[from] move: Knock Off|[of] p1b: Incineroar\n|cant|p1a: Calyrex|move: Taunt|Protect\n|\n|-heal|p2b: Batuffolo|73/100|[from] Grassy Terrain\n|-heal|p2a: Evil cat|19/100|[from] Grassy Terrain\n|-heal|p1a: Calyrex|90/100|[from] Grassy Terrain\n|upkeep\n|turn|4\n|inactive|pokeplaygg has 30 seconds left.\n|\n|t:|1746047592\n|switch|p1a: Rillaboom|Rillaboom, L50, F|100/100\n|move|p2b: Batuffolo|Moonblast|p1a: Rillaboom\n|-damage|p1a: Rillaboom|73/100\n|-unboost|p1a: Rillaboom|spa|1\n|move|p2a: Evil cat|Parting Shot|p1a: Rillaboom\n|-unboost|p1a: Rillaboom|atk|1\n|-unboost|p1a: Rillaboom|spa|1\n|\n|t:|1746047605\n|switch|p2a: Doggo|Zacian-Crowned, L50|100/100|[from] Parting Shot\n|move|p1b: Incineroar|Flare Blitz|p2a: Doggo\n|-supereffective|p2a: Doggo\n|-damage|p2a: Doggo|0 fnt\n|faint|p2a: Doggo\n|-damage|p1b: Incineroar|71/100|[from] Recoil\n|\n|-heal|p2b: Batuffolo|78/100|[from] Grassy Terrain\n|-heal|p1a: Rillaboom|79/100|[from] Grassy Terrain\n|-heal|p1b: Incineroar|77/100|[from] Grassy Terrain\n|upkeep\n|\n|t:|1746047610\n|switch|p2a: Mr. Fish|Kyogre, L50|100/100\n|-weather|RainDance|[from] ability: Drizzle|[of] p2a: Mr. Fish\n|turn|5\n|c|\u2606Aresice|GGWP\n|inactive|pokeplaygg has 30 seconds left.\n|inactive|pokeplaygg has 20 seconds left.\n|\n|t:|1746047648\n|move|p2b: Batuffolo|Helping Hand|p2a: Mr. Fish\n|-singleturn|p2a: Mr. Fish|Helping Hand|[of] p2b: Batuffolo\n|move|p1a: Rillaboom|Fake Out|p2a: Mr. Fish\n|-damage|p2a: Mr. Fish|90/100\n|cant|p2a: Mr. Fish|flinch\n|move|p1b: Incineroar|Flare Blitz|p2b: Batuffolo\n|-supereffective|p2b: Batuffolo\n|-damage|p2b: Batuffolo|0 fnt\n|faint|p2b: Batuffolo\n|-damage|p1b: Incineroar|60/100|[from] Recoil\n|\n|-weather|RainDance|[upkeep]\n|-heal|p2a: Mr. Fish|96/100|[from] Grassy Terrain\n|-heal|p1a: Rillaboom|85/100|[from] Grassy Terrain\n|-heal|p1b: Incineroar|66/100|[from] Grassy Terrain\n|-fieldend|move: Grassy Terrain\n|upkeep\n|\n|t:|1746047653\n|switch|p2b: Evil cat|Incineroar, L50, F, tera:Ghost|19/100\n|-ability|p2b: Evil cat|Intimidate|boost\n|-unboost|p1a: Rillaboom|atk|1\n|-unboost|p1b: Incineroar|atk|1\n|turn|6\n|inactive|pokeplaygg has 30 seconds left.\n|\n|t:|1746047682\n|switch|p1a: Kyogre|Kyogre, L50|100/100\n|move|p2a: Mr. Fish|Origin Pulse|p1b: Incineroar|[spread] p1a\n|-miss|p2a: Mr. Fish|p1b: Incineroar\n|-resisted|p1a: Kyogre\n|-damage|p1a: Kyogre|77/100\n|move|p2b: Evil cat|Knock Off|p1a: Kyogre\n|-damage|p1a: Kyogre|38/100\n|-enditem|p1a: Kyogre|Life Orb|[from] move: Knock Off|[of] p2b: Evil cat\n|move|p1b: Incineroar|Knock Off|p2b: Evil cat\n|-supereffective|p2b: Evil cat\n|-crit|p2b: Evil cat\n|-damage|p2b: Evil cat|0 fnt\n|faint|p2b: Evil cat\n|\n|-weather|RainDance|[upkeep]\n|upkeep\n|turn|7\n|-message|Aresice forfeited.\n|\n|win|pokeplaygg\n|raw|pokeplaygg's rating: 1320 &rarr; <strong>1345</strong><br />(+25 for winning)\n|raw|Aresice's rating: 1400 &rarr; <strong>1375</strong><br />(-25 for losing)\n|l|\u2606Aresice\n|player|p2|\n|l|\u2606pokeplaygg\n|player|p1|\n", "uploadtime": 1746047977, "views": 6, "formatid": "gen9vgc2025regibo3", "rating": 1345, "private": 0, "password": null}