{"id": "gen9vgc2025regibo3-2354900648", "format": "[Gen 9] VGC 2025 Reg I (Bo3)", "players": ["toothey", "Rosarino"], "log": "|j|\u2606toothey\n|j|\u2606Rosarino\n|html|<table width=\"100%\"><tr><td align=\"left\">toothey</td><td align=\"right\">Rosarino</tr><tr><td align=\"left\"><i class=\"fa fa-circle-o\"></i> <i class=\"fa fa-circle-o\"></i> </td><td align=\"right\"><i class=\"fa fa-circle-o\"></i> <i class=\"fa fa-circle-o\"></i> </tr></table>\n|uhtml|bestof|<h2><strong>Game 1</strong> of <a href=\"/game-bestof3-gen9vgc2025regibo3-2354900647\">a best-of-3</a></h2>\n|t:|1746129914\n|gametype|doubles\n|player|p1|toothey|2|1028\n|player|p2|Rosarino|drayden|1096\n|teamsize|p1|4\n|teamsize|p2|6\n|gen|9\n|tier|[Gen 9] VGC 2025 Reg I (Bo3)\n|rated|\n|rule|Species Clause: Limit one of each Pok\u00e9mon\n|rule|Item Clause: Limit 1 of each item\n|clearpoke\n|poke|p1|Zamazenta-*, L50|\n|poke|p1|Ogerpon-Hearthflame, L50, F|\n|poke|p1|Lugia, L50|\n|poke|p1|Fezandipiti, L50, M|\n|poke|p2|Kyogre, L50|\n|poke|p2|Lunala, L50|\n|poke|p2|Urshifu-*, L50, M|\n|poke|p2|Incineroar, L50, M|\n|poke|p2|Rillaboom, L50, M|\n|poke|p2|Raging Bolt, L50|\n|teampreview|4\n|showteam|p1|Zamazenta-Crowned||RustedShield|DauntlessShield|IronDefense,WideGuard,BodyPress,behemothbash||||||50|,,,,,Dragon]Ogerpon-Hearthflame||HearthflameMask|MoldBreaker|IvyCudgel,SpikyShield,FollowMe,HornLeech|||F|||50|,,,,,Fire]Lugia||Leftovers|Multiscale|IcyWind,Aeroblast,Protect,Extrasensory||||||50|,,,,,Dark]Fezandipiti||SafetyGoggles|ToxicChain|DazzlingGleam,Roost,Protect,SludgeBomb|||M|||50|,,,,,Steel\n|showteam|p2|Kyogre||AssaultVest|Drizzle|OriginPulse,WaterSpout,Thunder,IceBeam||||||50|,,,,,Grass]Lunala||PowerHerb|ShadowShield|MeteorBeam,MoongeistBeam,WideGuard,Tailwind||||||50|,,,,,Fairy]Urshifu-Rapid-Strike||FocusSash|UnseenFist|AquaJet,SurgingStrikes,Detect,CloseCombat|||M|||50|,,,,,Stellar]Incineroar||RockyHelmet|Intimidate|FakeOut,PartingShot,KnockOff,WillOWisp|||M|||50|,,,,,Grass]Rillaboom||SitrusBerry|GrassySurge|FakeOut,GrassyGlide,WoodHammer,Protect|||M|||50|,,,,,Fire]Raging Bolt||BoosterEnergy|Protosynthesis|Thunderclap,Thunder,DracoMeteor,Snarl||||||50|,,,,,Fairy\n|\n|t:|1746129947\n|start\n|switch|p1a: Lugia|Lugia, L50|100/100\n|switch|p1b: Fezandipiti|Fezandipiti, L50, M|100/100\n|switch|p2a: Lunala|Lunala, L50|100/100\n|switch|p2b: Rillaboom|Rillaboom, L50, M|100/100\n|-fieldstart|move: Grassy Terrain|[from] ability: Grassy Surge|[of] p2b: Rillaboom\n|turn|1\n|\n|t:|1746129975\n|move|p2b: Rillaboom|Fake Out|p1b: Fezandipiti\n|-damage|p1b: Fezandipiti|84/100\n|move|p1a: Lugia|Icy Wind|p2a: Lunala|[spread] p2a,p2b\n|-supereffective|p2b: Rillaboom\n|-damage|p2a: Lunala|98/100\n|-damage|p2b: Rillaboom|82/100\n|-unboost|p2a: Lunala|spe|1\n|-unboost|p2b: Rillaboom|spe|1\n|cant|p1b: Fezandipiti|flinch\n|move|p2a: Lunala|Tailwind|p2a: Lunala\n|-sidestart|p2: Rosarino|move: Tailwind\n|\n|-heal|p2a: Lunala|100/100|[from] Grassy Terrain\n|-heal|p2b: Rillaboom|88/100|[from] Grassy Terrain\n|-heal|p1b: Fezandipiti|90/100|[from] Grassy Terrain\n|upkeep\n|turn|2\n|\n|t:|1746130015\n|move|p2b: Rillaboom|Grassy Glide|p1a: Lugia\n|-resisted|p1a: Lugia\n|-damage|p1a: Lugia|94/100\n|move|p1a: Lugia|Aeroblast|p2b: Rillaboom\n|-supereffective|p2b: Rillaboom\n|-damage|p2b: Rillaboom|26/100\n|-enditem|p2b: Rillaboom|Sitrus Berry|[eat]\n|-heal|p2b: Rillaboom|51/100|[from] item: Sitrus Berry\n|move|p2a: Lunala|Meteor Beam||[still]\n|-prepare|p2a: Lunala|Meteor Beam\n|-boost|p2a: Lunala|spa|1\n|-enditem|p2a: Lunala|Power Herb\n|-anim|p2a: Lunala|Meteor Beam|p1a: Lugia\n|-supereffective|p1a: Lugia\n|-damage|p1a: Lugia|16/100\n|move|p1b: Fezandipiti|Sludge Bomb|p2a: Lunala\n|-resisted|p2a: Lunala\n|-damage|p2a: Lunala|95/100\n|\n|-heal|p1a: Lugia|23/100|[from] item: Leftovers\n|-heal|p2a: Lunala|100/100|[from] Grassy Terrain\n|-heal|p2b: Rillaboom|57/100|[from] Grassy Terrain\n|-heal|p1b: Fezandipiti|96/100|[from] Grassy Terrain\n|upkeep\n|turn|3\n|\n|t:|1746130052\n|move|p1a: Lugia|Protect|p1a: Lugia\n|-singleturn|p1a: Lugia|Protect\n|move|p2b: Rillaboom|Grassy Glide|p1b: Fezandipiti\n|-resisted|p1b: Fezandipiti\n|-damage|p1b: Fezandipiti|76/100\n|move|p2a: Lunala|Moongeist Beam|p1a: Lugia\n|-activate|p1a: Lugia|move: Protect\n|move|p1b: Fezandipiti|Dazzling Gleam|p2a: Lunala|[spread] p2a,p2b\n|-damage|p2a: Lunala|93/100\n|-damage|p2b: Rillaboom|34/100\n|\n|-heal|p1a: Lugia|29/100|[from] item: Leftovers\n|-heal|p2a: Lunala|99/100|[from] Grassy Terrain\n|-heal|p2b: Rillaboom|40/100|[from] Grassy Terrain\n|-heal|p1b: Fezandipiti|83/100|[from] Grassy Terrain\n|upkeep\n|turn|4\n|\n|t:|1746130074\n|-terastallize|p1a: Lugia|Dark\n|move|p1a: Lugia|Icy Wind|p2a: Lunala|[spread] p2a,p2b\n|-supereffective|p2b: Rillaboom\n|-damage|p2a: Lunala|93/100\n|-damage|p2b: Rillaboom|22/100\n|-unboost|p2a: Lunala|spe|1\n|-unboost|p2b: Rillaboom|spe|1\n|move|p1b: Fezandipiti|Sludge Bomb|p2b: Rillaboom\n|-supereffective|p2b: Rillaboom\n|-damage|p2b: Rillaboom|0 fnt\n|faint|p2b: Rillaboom\n|move|p2a: Lunala|Moongeist Beam|p1a: Lugia\n|-resisted|p1a: Lugia\n|-damage|p1a: Lugia|3/100\n|\n|-heal|p1a: Lugia|9/100|[from] Grassy Terrain\n|-heal|p1a: Lugia|16/100|[from] item: Leftovers\n|-heal|p1b: Fezandipiti|89/100|[from] Grassy Terrain\n|-heal|p2a: Lunala|99/100|[from] Grassy Terrain\n|-sideend|p2: Rosarino|move: Tailwind\n|upkeep\n|\n|t:|1746130095\n|switch|p2b: Kyogre|Kyogre, L50|100/100\n|-weather|RainDance|[from] ability: Drizzle|[of] p2b: Kyogre\n|turn|5\n|\n|t:|1746130111\n|move|p1a: Lugia|Protect|p1a: Lugia\n|-singleturn|p1a: Lugia|Protect\n|move|p1b: Fezandipiti|Sludge Bomb|p2b: Kyogre\n|-damage|p2b: Kyogre|81/100\n|move|p2b: Kyogre|Water Spout|p1b: Fezandipiti|[spread] p1b\n|-activate|p1a: Lugia|move: Protect\n|-damage|p1b: Fezandipiti|26/100\n|move|p2a: Lunala|Tailwind|p2a: Lunala\n|-sidestart|p2: Rosarino|move: Tailwind\n|\n|-weather|RainDance|[upkeep]\n|-heal|p2b: Kyogre|87/100|[from] Grassy Terrain\n|-heal|p1a: Lugia|22/100|[from] Grassy Terrain\n|-heal|p1a: Lugia|28/100|[from] item: Leftovers\n|-heal|p1b: Fezandipiti|32/100|[from] Grassy Terrain\n|-heal|p2a: Lunala|100/100|[from] Grassy Terrain\n|-fieldend|move: Grassy Terrain\n|upkeep\n|turn|6\n|\n|t:|1746130135\n|move|p1b: Fezandipiti|Protect|p1b: Fezandipiti\n|-singleturn|p1b: Fezandipiti|Protect\n|move|p2b: Kyogre|Water Spout|p1b: Fezandipiti|[spread] p1a\n|-activate|p1b: Fezandipiti|move: Protect\n|-damage|p1a: Lugia|0 fnt\n|faint|p1a: Lugia\n|move|p2a: Lunala|Moongeist Beam|p1b: Fezandipiti\n|-activate|p1b: Fezandipiti|move: Protect\n|\n|-weather|RainDance|[upkeep]\n|upkeep\n|\n|t:|1746130146\n|switch|p1a: Zamazenta|Zamazenta-Crowned, L50|100/100\n|-ability|p1a: Zamazenta|Dauntless Shield|boost\n|-boost|p1a: Zamazenta|def|1\n|turn|7\n|\n|t:|1746130158\n|move|p1a: Zamazenta|Wide Guard|p1a: Zamazenta\n|-singleturn|p1a: Zamazenta|Wide Guard\n|move|p2b: Kyogre|Thunder|p1a: Zamazenta\n|-damage|p1a: Zamazenta|68/100\n|move|p1b: Fezandipiti|Roost|p1b: Fezandipiti\n|-heal|p1b: Fezandipiti|82/100\n|-singleturn|p1b: Fezandipiti|move: Roost\n|move|p2a: Lunala|Moongeist Beam|p1a: Zamazenta\n|-damage|p1a: Zamazenta|0 fnt\n|faint|p1a: Zamazenta\n|\n|-weather|RainDance|[upkeep]\n|upkeep\n|\n|t:|1746130170\n|switch|p1a: Ogerpon|Ogerpon-Hearthflame, L50, F|100/100\n|-ability|p1a: Ogerpon|Mold Breaker\n|turn|8\n|\n|t:|1746130180\n|move|p1a: Ogerpon|Spiky Shield|p1a: Ogerpon\n|-singleturn|p1a: Ogerpon|move: Protect\n|move|p2b: Kyogre|Water Spout|p1a: Ogerpon|[spread] p1b\n|-activate|p1a: Ogerpon|move: Protect\n|-damage|p1b: Fezandipiti|16/100\n|move|p1b: Fezandipiti|Sludge Bomb|p2b: Kyogre\n|-damage|p2b: Kyogre|66/100\n|move|p2a: Lunala|Moongeist Beam|p1a: Ogerpon\n|-activate|p1a: Ogerpon|move: Protect\n|\n|-weather|RainDance|[upkeep]\n|-sideend|p2: Rosarino|move: Tailwind\n|upkeep\n|turn|9\n|\n|t:|1746130202\n|-terastallize|p2b: Kyogre|Grass\n|move|p1a: Ogerpon|Horn Leech|p2b: Kyogre\n|-resisted|p2b: Kyogre\n|-damage|p2b: Kyogre|46/100\n|move|p1b: Fezandipiti|Roost|p1b: Fezandipiti\n|-heal|p1b: Fezandipiti|66/100\n|-singleturn|p1b: Fezandipiti|move: Roost\n|move|p2b: Kyogre|Origin Pulse|p1a: Ogerpon|[spread] p1a,p1b\n|-damage|p1a: Ogerpon|2/100\n|-damage|p1b: Fezandipiti|6/100\n|move|p2a: Lunala|Tailwind|p2a: Lunala\n|-sidestart|p2: Rosarino|move: Tailwind\n|\n|-weather|none\n|upkeep\n|turn|10\n|\n|t:|1746130222\n|move|p2b: Kyogre|Ice Beam|p1b: Fezandipiti\n|-damage|p1b: Fezandipiti|0 fnt\n|faint|p1b: Fezandipiti\n|move|p1a: Ogerpon|Ivy Cudgel|p2b: Kyogre|[anim] Ivy Cudgel Fire\n|-supereffective|p2b: Kyogre\n|-damage|p2b: Kyogre|0 fnt\n|faint|p2b: Kyogre\n|move|p2a: Lunala|Moongeist Beam|p1a: Ogerpon\n|-damage|p1a: Ogerpon|0 fnt\n|faint|p1a: Ogerpon\n|\n|win|Rosarino\n|inactive|toothey has 30 seconds to confirm battle start!\n|inactive|Rosarino has 30 seconds to confirm battle start!\n||toothey is ready for game 2.\n||Rosarino is ready for game 2.\n|uhtml|next|Next: <a href=\"/battle-gen9vgc2025regibo3-2354903988\"><strong>Game 2 of 3</strong></a>\n", "uploadtime": 1746130585, "views": 5, "formatid": "gen9vgc2025regibo3", "rating": null, "private": 0, "password": null}