{"id": "gen9vgc2025regibo3-2353451481", "format": "[Gen 9] VGC 2025 Reg I (Bo3)", "players": ["Tinged", "teschio_vgc"], "log": "|j|\u2606Tinged\n|j|\u2606teschio_vgc\n|html|<table width=\"100%\"><tr><td align=\"left\">Tinged</td><td align=\"right\">teschio_vgc</tr><tr><td align=\"left\"><i class=\"fa fa-circle\"></i> <i class=\"fa fa-circle-o\"></i> </td><td align=\"right\"><i class=\"fa fa-circle-o\"></i> <i class=\"fa fa-circle\"></i> </tr></table>\n|uhtml|bestof|<h2><strong>Game 3</strong> of <a href=\"/game-bestof3-gen9vgc2025regibo3-2353444629\">a best-of-3</a></h2>\n|t:|1745957146\n|gametype|doubles\n|player|p1|Tinged|1|1046\n|player|p2|teschio_vgc|dawn|1101\n|teamsize|p1|6\n|teamsize|p2|6\n|gen|9\n|tier|[Gen 9] VGC 2025 Reg I (Bo3)\n|rated|\n|rule|Species Clause: Limit one of each Pok\u00e9mon\n|rule|Item Clause: Limit 1 of each item\n|clearpoke\n|poke|p1|Tyranitar, L50, F|\n|poke|p1|Zacian-*, L50|\n|poke|p1|Zamazenta-*, L50|\n|poke|p1|Landorus, L50, M|\n|poke|p1|Sneasler, L50, F|\n|poke|p1|Tornadus, L50, M|\n|poke|p2|Calyrex-Shadow, L50|\n|poke|p2|Zamazenta-*, L50|\n|poke|p2|Tornadus, L50, M|\n|poke|p2|Urshifu-*, L50, F|\n|poke|p2|Rillaboom, L50, F|\n|poke|p2|Chien-Pao, L50|\n|teampreview|4\n|showteam|p1|Tyranitar||AssaultVest|SandStream|RockSlide,KnockOff,TeraBlast,LowKick|||F|||50|,,,,,Flying]Zacian-Crowned||RustedSword|IntrepidSword|behemothblade,Protect,PlayRough,Facade||||||50|,,,,,Fairy]Zamazenta-Crowned||RustedShield|DauntlessShield|WideGuard,IronDefense,BodyPress,HeavySlam||||||50|,,,,,Fighting]Landorus||LifeOrb|SheerForce|EarthPower,SandsearStorm,SludgeBomb,Protect|||M|||50|,,,,,Poison]Sneasler||ChoiceScarf|PoisonTouch|Switcheroo,DireClaw,CloseCombat,ThroatChop|||F|||50|,,,,,Ghost]Tornadus||CovertCloak|Prankster|Tailwind,Taunt,BleakwindStorm,IcyWind|||M|||50|,,,,,Dark\n|showteam|p2|Calyrex-Shadow||FocusSash|AsOneSpectrier|AstralBarrage,Psychic,Protect,Encore||||||50|,,,,,Ghost]Zamazenta-Crowned||RustedShield|DauntlessShield|BodyPress,HeavySlam,WideGuard,Protect||||||50|,,,,,Ghost]Tornadus||RockyHelmet|Prankster|BleakwindStorm,Tailwind,RainDance,Protect|||M|||50|,,,,,Dark]Urshifu-Rapid-Strike||MysticWater|UnseenFist|SurgingStrikes,CloseCombat,AquaJet,Detect|||F|||50|,,,,,Water]Rillaboom||AssaultVest|GrassySurge|WoodHammer,GrassyGlide,Uturn,FakeOut|||F|||50|,,,,,Fire]Chien-Pao||LifeOrb|SwordofRuin|SuckerPunch,IcicleCrash,IceShard,Protect||||||50|,,,,,Stellar\n|\n|t:|1745957158\n|start\n|switch|p1a: Sneasler|Sneasler, L50, F|100/100\n|switch|p1b: Zamazenta|Zamazenta-Crowned, L50|100/100\n|switch|p2a: Chien-Pao|Chien-Pao, L50|100/100\n|switch|p2b: Tornadus|Tornadus, L50, M|100/100\n|-ability|p2a: Chien-Pao|Sword of Ruin\n|-ability|p1b: Zamazenta|Dauntless Shield|boost\n|-boost|p1b: Zamazenta|def|1\n|turn|1\n|\n|t:|1745957193\n|move|p2a: Chien-Pao|Sucker Punch||[still]\n|-fail|p2a: Chien-Pao\n|move|p1a: Sneasler|Switcheroo|p2b: Tornadus\n|-activate|p1a: Sneasler|move: Trick|[of] p2b: Tornadus\n|-item|p2b: Tornadus|Choice Scarf|[from] move: Switcheroo\n|-item|p1a: Sneasler|Rocky Helmet|[from] move: Switcheroo\n|move|p2b: Tornadus|Bleakwind Storm|p1a: Sneasler|[spread] p1a\n|-miss|p2b: Tornadus|p1b: Zamazenta\n|-supereffective|p1a: Sneasler\n|-damage|p1a: Sneasler|0 fnt\n|faint|p1a: Sneasler\n|move|p1b: Zamazenta|Iron Defense|p1b: Zamazenta\n|-boost|p1b: Zamazenta|def|2\n|\n|upkeep\n|\n|t:|1745957209\n|switch|p1a: Tyranitar|Tyranitar, L50, F|100/100\n|-weather|Sandstorm|[from] ability: Sand Stream|[of] p1a: Tyranitar\n|turn|2\n|\n|t:|1745957223\n|switch|p2a: Zamazenta|Zamazenta-Crowned, L50|100/100\n|-ability|p2a: Zamazenta|Dauntless Shield|boost\n|-boost|p2a: Zamazenta|def|1\n|move|p1b: Zamazenta|Wide Guard|p1b: Zamazenta\n|-singleturn|p1b: Zamazenta|Wide Guard\n|move|p2b: Tornadus|Bleakwind Storm|p1b: Zamazenta|[spread] \n|-activate|p1a: Tyranitar|move: Wide Guard\n|-activate|p1b: Zamazenta|move: Wide Guard\n|move|p1a: Tyranitar|Rock Slide|p2a: Zamazenta|[spread] p2a\n|-miss|p1a: Tyranitar|p2b: Tornadus\n|-resisted|p2a: Zamazenta\n|-damage|p2a: Zamazenta|98/100\n|\n|-weather|Sandstorm|[upkeep]\n|-damage|p2b: Tornadus|95/100|[from] Sandstorm\n|upkeep\n|turn|3\n|\n|t:|1745957254\n|move|p2b: Tornadus|Bleakwind Storm|p1b: Zamazenta|[spread] p1b\n|-miss|p2b: Tornadus|p1a: Tyranitar\n|-damage|p1b: Zamazenta|80/100\n|move|p2a: Zamazenta|Body Press|p1a: Tyranitar\n|-supereffective|p1a: Tyranitar\n|-damage|p1a: Tyranitar|0 fnt\n|faint|p1a: Tyranitar\n|move|p1b: Zamazenta|Body Press|p2a: Zamazenta\n|-supereffective|p2a: Zamazenta\n|-damage|p2a: Zamazenta|18/100\n|\n|-weather|Sandstorm|[upkeep]\n|-damage|p2b: Tornadus|89/100|[from] Sandstorm\n|upkeep\n|\n|t:|1745957265\n|switch|p1a: Zacian|Zacian-Crowned, L50|100/100\n|-ability|p1a: Zacian|Intrepid Sword|boost\n|-boost|p1a: Zacian|atk|1\n|turn|4\n|\n|t:|1745957289\n|move|p1b: Zamazenta|Wide Guard|p1b: Zamazenta\n|-singleturn|p1b: Zamazenta|Wide Guard\n|move|p2b: Tornadus|Bleakwind Storm|p1b: Zamazenta|[spread] \n|-activate|p1a: Zacian|move: Wide Guard\n|-activate|p1b: Zamazenta|move: Wide Guard\n|move|p1a: Zacian|Play Rough|p2a: Zamazenta\n|-damage|p2a: Zamazenta|0 fnt\n|faint|p2a: Zamazenta\n|\n|-weather|Sandstorm|[upkeep]\n|-damage|p2b: Tornadus|83/100|[from] Sandstorm\n|upkeep\n|\n|t:|1745957309\n|switch|p2a: Calyrex|Calyrex-Shadow, L50|100/100\n|-ability|p2a: Calyrex|As One\n|-ability|p2a: Calyrex|Unnerve\n|turn|5\n|\n|t:|1745957336\n|switch|p2b: Chien-Pao|Chien-Pao, L50|100/100\n|-ability|p2b: Chien-Pao|Sword of Ruin\n|move|p1b: Zamazenta|Wide Guard|p1b: Zamazenta\n|-singleturn|p1b: Zamazenta|Wide Guard\n|move|p2a: Calyrex|Astral Barrage|p1a: Zacian|[spread] \n|-activate|p1a: Zacian|move: Wide Guard\n|-activate|p1b: Zamazenta|move: Wide Guard\n|move|p1a: Zacian|Behemoth Blade|p2a: Calyrex\n|-enditem|p2a: Calyrex|Focus Sash\n|-damage|p2a: Calyrex|1/100\n|\n|-weather|Sandstorm|[upkeep]\n|-damage|p2a: Calyrex|0 fnt|[from] Sandstorm\n|-damage|p2b: Chien-Pao|95/100|[from] Sandstorm\n|faint|p2a: Calyrex\n|upkeep\n|\n|t:|1745957355\n|switch|p2a: Tornadus|Tornadus, L50, M|83/100\n|turn|6\n|\n|t:|1745957370\n|-terastallize|p2b: Chien-Pao|Stellar\n|move|p2a: Tornadus|Tailwind|p2a: Tornadus\n|-sidestart|p2: teschio_vgc|move: Tailwind\n|move|p2b: Chien-Pao|Ice Shard|p1b: Zamazenta\n|-resisted|p1b: Zamazenta\n|-damage|p1b: Zamazenta|74/100\n|-damage|p2b: Chien-Pao|85/100|[from] item: Life Orb\n|move|p1a: Zacian|Behemoth Blade|p2a: Tornadus\n|-damage|p2a: Tornadus|0 fnt\n|faint|p2a: Tornadus\n|move|p1b: Zamazenta|Body Press|p2b: Chien-Pao\n|-supereffective|p2b: Chien-Pao\n|-damage|p2b: Chien-Pao|0 fnt\n|faint|p2b: Chien-Pao\n|\n|win|Tinged\n|raw|Tinged's rating: 1046 &rarr; <strong>1084</strong><br />(+38 for winning)\n|raw|teschio_vgc's rating: 1101 &rarr; <strong>1072</strong><br />(-29 for losing)\n|l|\u2606teschio_vgc\n|player|p2|\n", "uploadtime": 1745957492, "views": 12, "formatid": "gen9vgc2025regibo3", "rating": 1072, "private": 0, "password": null}