{"id": "gen9vgc2025regibo3-2354446333", "format": "[Gen 9] VGC 2025 Reg I (Bo3)", "players": ["Ismaaelh_", "Centiskorch18"], "log": "|j|\u2606Ismaaelh_\n|j|\u2606Centiskorch18\n|html|<table width=\"100%\"><tr><td align=\"left\">Ismaaelh_</td><td align=\"right\">Centiskorch18</tr><tr><td align=\"left\"><i class=\"fa fa-circle-o\"></i> <i class=\"fa fa-circle-o\"></i> </td><td align=\"right\"><i class=\"fa fa-circle-o\"></i> <i class=\"fa fa-circle-o\"></i> </tr></table>\n|uhtml|bestof|<h2><strong>Game 1</strong> of <a href=\"/game-bestof3-gen9vgc2025regibo3-2354446332\">a best-of-3</a></h2>\n|t:|1746072843\n|gametype|doubles\n|player|p1|Ismaaelh_|170|1168\n|player|p2|Centiskorch18|2|1181\n|teamsize|p1|6\n|teamsize|p2|6\n|gen|9\n|tier|[Gen 9] VGC 2025 Reg I (Bo3)\n|rated|\n|rule|Species Clause: Limit one of each Pok\u00e9mon\n|rule|Item Clause: Limit 1 of each item\n|clearpoke\n|poke|p1|Grimmsnarl, L50, M|\n|poke|p1|Miraidon, L50|\n|poke|p1|Incineroar, L50, F|\n|poke|p1|Landorus, L50, M|\n|poke|p1|Groudon, L50|\n|poke|p1|Raging Bolt, L50|\n|poke|p2|Calyrex-Ice, L50|\n|poke|p2|Smeargle, L50, F|\n|poke|p2|Lunala, L50|\n|poke|p2|Indeedee-F, L50, F|\n|poke|p2|Urshifu-*, L50, M|\n|poke|p2|Ogerpon-Cornerstone, L50, F|\n|teampreview|4\n|showteam|p1|Grimmsnarl||CovertCloak|Prankster|SpiritBreak,Reflect,LightScreen,ThunderWave|||M|||50|,,,,,Steel]Miraidon||ChoiceSpecs|HadronEngine|ElectroDrift,Overheat,DracoMeteor,DazzlingGleam||||||50|,,,,,Fairy]Incineroar||RockyHelmet|Intimidate|FakeOut,ScaryFace,FlareBlitz,KnockOff|||F|||50|,,,,,Ghost]Landorus||ChoiceScarf|SheerForce|EarthPower,SludgeBomb,SandsearStorm,Crunch|||M|||50|,,,,,Water]Groudon||AssaultVest|Drought|PrecipiceBlades,HeatCrash,HighHorsepower,ThunderPunch||||||50|,,,,,Fire]Raging Bolt||LifeOrb|Protosynthesis|Electroweb,Thunderclap,DracoMeteor,RisingVoltage||||||50|,,,,,Electric\n|showteam|p2|Calyrex-Ice||ClearAmulet|AsOneGlastrier|GlacialLance,HighHorsepower,TrickRoom,Imprison||||||50|,,,,,Water]Smeargle||FocusSash|OwnTempo|FollowMe,FakeOut,Spore,Decorate|||F|||50|,,,,,Grass]Lunala||PowerHerb|ShadowShield|MoongeistBeam,ExpandingForce,MeteorBeam,TrickRoom||||||50|,,,,,Water]Indeedee-F||PsychicSeed|PsychicSurge|AlluringVoice,FollowMe,HelpingHand,TrickRoom|||F|||50|,,,,,Fairy]Urshifu||LifeOrb|UnseenFist|WickedBlow,CloseCombat,PoisonJab,Uturn|||M|||50|,,,,,Poison]Ogerpon-Cornerstone||CornerstoneMask|Sturdy|IvyCudgel,PowerWhip,FollowMe,Taunt|||F|||50|,,,,,Rock\n|inactive|Battle timer is ON: inactive players will automatically lose when time's up. (requested by Centiskorch18)\n|c|\u2606Centiskorch18|glhf\n|c|\u2606Ismaaelh_|?\n|c|\u2606Ismaaelh_|luck\n|inactive|Ismaaelh_ has 60 seconds left.\n|\n|t:|1746072889\n|start\n|switch|p1a: Grimmsnarl|Grimmsnarl, L50, M, shiny|100/100\n|switch|p1b: Incineroar|Incineroar, L50, F|100/100\n|switch|p2a: Smeargle|Smeargle, L50, F|100/100\n|switch|p2b: Calyrex|Calyrex-Ice, L50|100/100\n|-ability|p2b: Calyrex|As One\n|-ability|p2b: Calyrex|Unnerve\n|-ability|p1b: Incineroar|Intimidate|boost\n|-fail|p2a: Smeargle|unboost|Attack|[from] ability: Own Tempo|[of] p2a: Smeargle\n|-fail|p2b: Calyrex|unboost|[from] item: Clear Amulet|[of] p2b: Calyrex\n|turn|1\n|inactive|Centiskorch18 has 30 seconds left.\n|\n|t:|1746072916\n|switch|p2a: Indeedee|Indeedee-F, L50, F|100/100\n|-fieldstart|move: Psychic Terrain|[from] ability: Psychic Surge|[of] p2a: Indeedee\n|-enditem|p2a: Indeedee|Psychic Seed\n|-boost|p2a: Indeedee|spd|1|[from] item: Psychic Seed\n|move|p1b: Incineroar|Fake Out|p2a: Indeedee\n|-activate|p2a: Indeedee|move: Psychic Terrain\n|move|p1a: Grimmsnarl|Spirit Break|p2a: Indeedee\n|-damage|p2a: Indeedee|67/100\n|-unboost|p2a: Indeedee|spa|1\n|move|p2b: Calyrex|Trick Room|p2b: Calyrex\n|-fieldstart|move: Trick Room|[of] p2b: Calyrex\n|\n|upkeep\n|turn|2\n|\n|t:|1746072937\n|move|p2a: Indeedee|Helping Hand|p2b: Calyrex\n|-singleturn|p2b: Calyrex|Helping Hand|[of] p2a: Indeedee\n|move|p1a: Grimmsnarl|Reflect|p1a: Grimmsnarl\n|-sidestart|p1: Ismaaelh_|Reflect\n|move|p2b: Calyrex|High Horsepower|p1b: Incineroar\n|-supereffective|p1b: Incineroar\n|-damage|p1b: Incineroar|30/100\n|-damage|p2b: Calyrex|84/100|[from] item: Rocky Helmet|[of] p1b: Incineroar\n|move|p1b: Incineroar|Knock Off|p2a: Indeedee\n|-supereffective|p2a: Indeedee\n|-damage|p2a: Indeedee|8/100\n|\n|upkeep\n|turn|3\n|inactive|Ismaaelh_ has 30 seconds left.\n|inactive|Centiskorch18 has 30 seconds left.\n|\n|t:|1746072973\n|switch|p1b: Groudon|Groudon, L50|100/100\n|-weather|SunnyDay|[from] ability: Drought|[of] p1b: Groudon\n|switch|p2a: Smeargle|Smeargle, L50, F|100/100\n|move|p2b: Calyrex|High Horsepower|p1b: Groudon\n|-damage|p1b: Groudon|80/100\n|move|p1a: Grimmsnarl|Spirit Break|p2a: Smeargle\n|-damage|p2a: Smeargle|50/100\n|-unboost|p2a: Smeargle|spa|1\n|\n|-weather|SunnyDay|[upkeep]\n|upkeep\n|turn|4\n|inactive|Ismaaelh_ has 30 seconds left.\n|inactive|Centiskorch18 has 30 seconds left.\n|inactive|Ismaaelh_ has 20 seconds left.\n|inactive|Ismaaelh_ has 15 seconds left.\n|\n|t:|1746073014\n|switch|p1a: Miraidon|Miraidon, L50|100/100\n|-fieldstart|move: Electric Terrain|[from] ability: Hadron Engine|[of] p1a: Miraidon\n|-terastallize|p1b: Groudon|Fire\n|move|p2a: Smeargle|Decorate|p2b: Calyrex\n|-boost|p2b: Calyrex|atk|2\n|-boost|p2b: Calyrex|spa|2\n|move|p2b: Calyrex|High Horsepower|p1b: Groudon\n|-supereffective|p1b: Groudon\n|-damage|p1b: Groudon|6/100\n|move|p1b: Groudon|Precipice Blades|p2a: Smeargle|[spread] p2b\n|-miss|p1b: Groudon|p2a: Smeargle\n|-damage|p2b: Calyrex|53/100\n|\n|-weather|SunnyDay|[upkeep]\n|upkeep\n|turn|5\n|inactive|Ismaaelh_ has 30 seconds left.\n|\n|t:|1746073048\n|switch|p1a: Grimmsnarl|Grimmsnarl, L50, M, shiny|100/100\n|move|p2a: Smeargle|Decorate|p2b: Calyrex\n|-boost|p2b: Calyrex|atk|2\n|-boost|p2b: Calyrex|spa|2\n|move|p2b: Calyrex|Glacial Lance|p1a: Grimmsnarl|[spread] p1a,p1b\n|-resisted|p1b: Groudon\n|-damage|p1a: Grimmsnarl|0 fnt\n|-damage|p1b: Groudon|0 fnt\n|faint|p1a: Grimmsnarl\n|faint|p1b: Groudon\n|-ability|p2b: Calyrex|Chilling Neigh|boost\n|-boost|p2b: Calyrex|atk|2\n|\n|-weather|SunnyDay|[upkeep]\n|-fieldend|move: Trick Room\n|upkeep\n|\n|t:|1746073063\n|switch|p1b: Miraidon|Miraidon, L50|100/100\n|switch|p1a: Incineroar|Incineroar, L50, F|30/100\n|-activate|p1b: Miraidon|ability: Hadron Engine\n|-ability|p1a: Incineroar|Intimidate|boost\n|-fail|p2a: Smeargle|unboost|Attack|[from] ability: Own Tempo|[of] p2a: Smeargle\n|-fail|p2b: Calyrex|unboost|[from] item: Clear Amulet|[of] p2b: Calyrex\n|turn|6\n|\n|t:|1746073079\n|switch|p2a: Indeedee|Indeedee-F, L50, F|8/100\n|-fieldstart|move: Psychic Terrain|[from] ability: Psychic Surge|[of] p2a: Indeedee\n|move|p1b: Miraidon|Dazzling Gleam|p2b: Calyrex|[spread] p2a,p2b\n|-crit|p2b: Calyrex\n|-damage|p2a: Indeedee|0 fnt\n|-damage|p2b: Calyrex|21/100\n|faint|p2a: Indeedee\n|move|p1a: Incineroar|Knock Off|p2b: Calyrex\n|-supereffective|p2b: Calyrex\n|-damage|p2b: Calyrex|0 fnt\n|-enditem|p2b: Calyrex|Clear Amulet|[from] move: Knock Off|[of] p1a: Incineroar\n|faint|p2b: Calyrex\n|\n|-weather|SunnyDay|[upkeep]\n|-sideend|p1: Ismaaelh_|Reflect\n|upkeep\n|\n|t:|1746073089\n|switch|p2a: Smeargle|Smeargle, L50, F|50/100\n|switch|p2b: Lunala|Lunala, L50|100/100\n|turn|7\n|\n|t:|1746073106\n|move|p2a: Smeargle|Follow Me|p2a: Smeargle\n|-singleturn|p2a: Smeargle|move: Follow Me\n|move|p1b: Miraidon|Dazzling Gleam|p2a: Smeargle|[spread] p2a,p2b\n|-damage|p2a: Smeargle|0 fnt\n|-damage|p2b: Lunala|88/100\n|faint|p2a: Smeargle\n|move|p1a: Incineroar|Knock Off|p2b: Lunala\n|-supereffective|p2b: Lunala\n|-damage|p2b: Lunala|0 fnt\n|-enditem|p2b: Lunala|Power Herb|[from] move: Knock Off|[of] p1a: Incineroar\n|faint|p2b: Lunala\n|\n|win|Ismaaelh_\n||Centiskorch18 is ready for game 2.\n|inactive|Ismaaelh_ has 30 seconds to confirm battle start!\n||Ismaaelh_ is ready for game 2.\n|uhtml|next|Next: <a href=\"/battle-gen9vgc2025regibo3-2354448281\"><strong>Game 2 of 3</strong></a>\n|l|\u2606Centiskorch18\n|player|p2|\n", "uploadtime": 1746073409, "views": 6, "formatid": "gen9vgc2025regibo3", "rating": null, "private": 0, "password": null}