{"id": "gen9vgc2025regibo3-2354416740", "format": "[Gen 9] VGC 2025 Reg I (Bo3)", "players": ["aefrmm", "bucketxhat"], "log": "|j|\u2606aefrmm\n|j|\u2606bucketxhat\n|html|<table width=\"100%\"><tr><td align=\"left\">aefrmm</td><td align=\"right\">bucketxhat</tr><tr><td align=\"left\"><i class=\"fa fa-circle-o\"></i> <i class=\"fa fa-circle-o\"></i> </td><td align=\"right\"><i class=\"fa fa-circle-o\"></i> <i class=\"fa fa-circle-o\"></i> </tr></table>\n|uhtml|bestof|<h2><strong>Game 1</strong> of <a href=\"/game-bestof3-gen9vgc2025regibo3-2354416739\">a best-of-3</a></h2>\n|t:|1746068774\n|gametype|doubles\n|player|p1|aefrmm|pokemonrangerf-gen4|1096\n|player|p2|bucketxhat|ingo|1046\n|teamsize|p1|6\n|teamsize|p2|6\n|gen|9\n|tier|[Gen 9] VGC 2025 Reg I (Bo3)\n|rated|\n|rule|Species Clause: Limit one of each Pok\u00e9mon\n|rule|Item Clause: Limit 1 of each item\n|clearpoke\n|poke|p1|Indeedee-F, L50, F|\n|poke|p1|Calyrex-Ice, L50|\n|poke|p1|Ursaluna-Bloodmoon, L50, M|\n|poke|p1|Smeargle, L50, F|\n|poke|p1|Lunala, L50|\n|poke|p1|Urshifu-*, L50, M|\n|poke|p2|Lunala, L50|\n|poke|p2|Zacian-*, L50|\n|poke|p2|Grimmsnarl, L50, M|\n|poke|p2|Rillaboom, L50, M|\n|poke|p2|Pelipper, L50, F|\n|poke|p2|Urshifu-*, L50, M|\n|teampreview|4\n|showteam|p1|Indeedee-F||RockyHelmet|PsychicSurge|Psychic,TrickRoom,FollowMe,HelpingHand|||F|||50|,,,,,Fairy]Calyrex-Ice||ClearAmulet|AsOneGlastrier|GlacialLance,HighHorsepower,Protect,TrickRoom||||||50|,,,,,Fire]Ursaluna-Bloodmoon||LifeOrb|MindsEye|EarthPower,HyperVoice,BloodMoon,Protect|||M|||50|,,,,,Normal]Smeargle||FocusSash|OwnTempo|FollowMe,FakeOut,Decorate,Spore|||F|||50|,,,,,Grass]Lunala||PowerHerb|ShadowShield|ExpandingForce,TrickRoom,MoongeistBeam,MeteorBeam||||||50|,,,,,Grass]Urshifu||ChoiceBand|UnseenFist|WickedBlow,SuckerPunch,CloseCombat,IronHead|||M|||50|,,,,,Grass\n|showteam|p2|Lunala||PowerHerb|ShadowShield|MoongeistBeam,MeteorBeam,WideGuard,Protect||||||50|,,,,,Normal]Zacian-Crowned||RustedSword|IntrepidSword|behemothblade,PlayRough,SacredSword,Protect||||||50|,,,,,Fairy]Grimmsnarl||LightClay|Prankster|ThunderWave,LightScreen,Reflect,ThroatChop|||M|||50|,,,,,Ghost]Rillaboom||AssaultVest|GrassySurge|FakeOut,DrumBeating,KnockOff,Uturn|||M|||50|,,,,,Water]Pelipper||CovertCloak|Drizzle|Tailwind,WideGuard,WeatherBall,Hurricane|||F|||50|,,,,,Electric]Urshifu||FocusSash|UnseenFist|SuckerPunch,WickedBlow,CloseCombat,Protect|||M|||50|,,,,,Dark\n|inactive|Battle timer is ON: inactive players will automatically lose when time's up. (requested by bucketxhat)\n|\n|t:|1746068824\n|start\n|switch|p1a: Indeedee|Indeedee-F, L50, F|100/100\n|switch|p1b: Lunala|Lunala, L50, shiny|100/100\n|switch|p2a: Grimmsnarl|Grimmsnarl, L50, M|100/100\n|switch|p2b: Lunala|Lunala, L50|100/100\n|-fieldstart|move: Psychic Terrain|[from] ability: Psychic Surge|[of] p1a: Indeedee\n|turn|1\n|inactive|aefrmm has 30 seconds left.\n|\n|t:|1746068851\n|move|p1a: Indeedee|Follow Me|p1a: Indeedee\n|-singleturn|p1a: Indeedee|move: Follow Me\n|move|p2a: Grimmsnarl|Light Screen|p2a: Grimmsnarl\n|-sidestart|p2: bucketxhat|move: Light Screen\n|move|p2b: Lunala|Meteor Beam||[still]\n|-prepare|p2b: Lunala|Meteor Beam\n|-boost|p2b: Lunala|spa|1\n|-enditem|p2b: Lunala|Power Herb\n|-anim|p2b: Lunala|Meteor Beam|p1a: Indeedee\n|-crit|p1a: Indeedee\n|-damage|p1a: Indeedee|20/100\n|move|p1b: Lunala|Expanding Force|p2b: Lunala|[spread] p2b\n|-immune|p2a: Grimmsnarl\n|-resisted|p2b: Lunala\n|-damage|p2b: Lunala|93/100\n|\n|upkeep\n|turn|2\n|inactive|aefrmm has 30 seconds left.\n|\n|t:|1746068883\n|switch|p1b: Ursaluna|Ursaluna-Bloodmoon, L50, M|100/100\n|move|p2b: Lunala|Protect|p2b: Lunala\n|-singleturn|p2b: Lunala|Protect\n|move|p2a: Grimmsnarl|Throat Chop|p1b: Ursaluna\n|-damage|p1b: Ursaluna|77/100\n|-start|p1b: Ursaluna|Throat Chop|[silent]\n|move|p1a: Indeedee|Trick Room|p1a: Indeedee\n|-fieldstart|move: Trick Room|[of] p1a: Indeedee\n|\n|upkeep\n|turn|3\n|\n|t:|1746068907\n|switch|p2b: Urshifu|Urshifu, L50, M|100/100\n|-terastallize|p1b: Ursaluna|Normal\n|move|p1a: Indeedee|Follow Me|p1a: Indeedee\n|-singleturn|p1a: Indeedee|move: Follow Me\n|move|p1b: Ursaluna|Blood Moon|p2b: Urshifu\n|-enditem|p2b: Urshifu|Focus Sash\n|-damage|p2b: Urshifu|1/100\n|-damage|p1b: Ursaluna|68/100|[from] item: Life Orb\n|move|p2a: Grimmsnarl|Throat Chop|p1a: Indeedee\n|-supereffective|p1a: Indeedee\n|-damage|p1a: Indeedee|0 fnt\n|-damage|p2a: Grimmsnarl|84/100|[from] item: Rocky Helmet|[of] p1a: Indeedee\n|faint|p1a: Indeedee\n|\n|-end|p1b: Ursaluna|Throat Chop|[silent]\n|upkeep\n|\n|t:|1746068923\n|switch|p1a: Smeargle|Smeargle, L50, F, shiny|100/100\n|turn|4\n|\n|t:|1746068945\n|move|p1a: Smeargle|Spore|p2a: Grimmsnarl\n|-status|p2a: Grimmsnarl|slp|[from] move: Spore\n|move|p1b: Ursaluna|Earth Power|p2b: Urshifu\n|-damage|p2b: Urshifu|0 fnt\n|faint|p2b: Urshifu\n|-damage|p1b: Ursaluna|58/100|[from] item: Life Orb\n|cant|p2a: Grimmsnarl|slp\n|\n|upkeep\n|\n|t:|1746068957\n|switch|p2b: Lunala|Lunala, L50|93/100\n|turn|5\n|inactive|aefrmm has 30 seconds left.\n|\n|t:|1746068986\n|move|p1a: Smeargle|Spore|p2b: Lunala\n|-status|p2b: Lunala|slp|[from] move: Spore\n|move|p1b: Ursaluna|Blood Moon|p2a: Grimmsnarl\n|-damage|p2a: Grimmsnarl|0 fnt\n|faint|p2a: Grimmsnarl\n|-damage|p1b: Ursaluna|48/100|[from] item: Life Orb\n|cant|p2b: Lunala|slp\n|\n|-fieldend|move: Psychic Terrain\n|upkeep\n|\n|t:|1746069001\n|switch|p2a: Zacian|Zacian-Crowned, L50|100/100\n|-ability|p2a: Zacian|Intrepid Sword|boost\n|-boost|p2a: Zacian|atk|1\n|turn|6\n|\n|t:|1746069017\n|move|p2a: Zacian|Protect|p2a: Zacian\n|-singleturn|p2a: Zacian|Protect\n|move|p1a: Smeargle|Spore|p2a: Zacian\n|-activate|p2a: Zacian|move: Protect\n|move|p1b: Ursaluna|Hyper Voice|p2b: Lunala|[spread] p2b\n|-activate|p2a: Zacian|move: Protect\n|-damage|p2b: Lunala|61/100 slp\n|-damage|p1b: Ursaluna|39/100|[from] item: Life Orb\n|cant|p2b: Lunala|slp\n|\n|-fieldend|move: Trick Room\n|upkeep\n|turn|7\n|inactive|bucketxhat has 30 seconds left.\n|\n|t:|1746069045\n|move|p1a: Smeargle|Follow Me|p1a: Smeargle\n|-singleturn|p1a: Smeargle|move: Follow Me\n|move|p2a: Zacian|Sacred Sword|p1a: Smeargle\n|-supereffective|p1a: Smeargle\n|-enditem|p1a: Smeargle|Focus Sash\n|-damage|p1a: Smeargle|1/100\n|cant|p2b: Lunala|slp\n|move|p1b: Ursaluna|Blood Moon|p2a: Zacian\n|-resisted|p2a: Zacian\n|-damage|p2a: Zacian|65/100\n|-damage|p1b: Ursaluna|29/100|[from] item: Life Orb\n|\n|upkeep\n|turn|8\n|\n|t:|1746069066\n|move|p1b: Ursaluna|Protect|p1b: Ursaluna\n|-singleturn|p1b: Ursaluna|Protect\n|move|p2a: Zacian|Sacred Sword|p1b: Ursaluna\n|-activate|p1b: Ursaluna|move: Protect\n|-curestatus|p2b: Lunala|slp|[msg]\n|move|p2b: Lunala|Meteor Beam||[still]\n|-prepare|p2b: Lunala|Meteor Beam\n|-boost|p2b: Lunala|spa|1\n|move|p1a: Smeargle|Spore|p2a: Zacian\n|-status|p2a: Zacian|slp|[from] move: Spore\n|\n|-sideend|p2: bucketxhat|move: Light Screen\n|upkeep\n|turn|9\n|\n|t:|1746069086\n|move|p1a: Smeargle|Follow Me|p1a: Smeargle\n|-singleturn|p1a: Smeargle|move: Follow Me\n|cant|p2a: Zacian|slp\n|move|p2b: Lunala|Meteor Beam|p1a: Smeargle|[from] lockedmove\n|-damage|p1a: Smeargle|0 fnt\n|faint|p1a: Smeargle\n|move|p1b: Ursaluna|Blood Moon|p2b: Lunala\n|-damage|p2b: Lunala|0 fnt\n|faint|p2b: Lunala\n|-damage|p1b: Ursaluna|20/100|[from] item: Life Orb\n|\n|upkeep\n|\n|t:|1746069099\n|switch|p1a: Lunala|Lunala, L50, shiny|100/100\n|turn|10\n|\n|t:|1746069114\n|-terastallize|p2a: Zacian|Fairy\n|cant|p2a: Zacian|slp\n|move|p1a: Lunala|Expanding Force|p2a: Zacian\n|-damage|p2a: Zacian|25/100 slp\n|move|p1b: Ursaluna|Earth Power|p2a: Zacian\n|-damage|p2a: Zacian|0 fnt\n|faint|p2a: Zacian\n|-damage|p1b: Ursaluna|10/100|[from] item: Life Orb\n|\n|win|aefrmm\n|l|\u2606bucketxhat\n|player|p2|\n||aefrmm is ready for game 2.\n||bucketxhat is ready for game 2.\n|uhtml|next|Next: <a href=\"/battle-gen9vgc2025regibo3-2354419379\"><strong>Game 2 of 3</strong></a>\n", "uploadtime": 1746069123, "views": 16, "formatid": "gen9vgc2025regibo3", "rating": null, "private": 0, "password": null}