{"id": "gen9vgc2025regibo3-2354912085", "format": "[Gen 9] VGC 2025 Reg I (Bo3)", "players": ["Scrunks", "OrionSeas"], "log": "|j|\u2606Scrunks\n|j|\u2606OrionSeas\n|html|<table width=\"100%\"><tr><td align=\"left\">Scrunks</td><td align=\"right\">OrionSeas</tr><tr><td align=\"left\"><i class=\"fa fa-circle-o\"></i> <i class=\"fa fa-circle-o\"></i> </td><td align=\"right\"><i class=\"fa fa-circle-o\"></i> <i class=\"fa fa-circle-o\"></i> </tr></table>\n|uhtml|bestof|<h2><strong>Game 1</strong> of <a href=\"/game-bestof3-gen9vgc2025regibo3-2354912082\">a best-of-3</a></h2>\n|t:|1746131027\n|gametype|doubles\n|player|p1|Scrunks|169|1163\n|player|p2|OrionSeas|266|1253\n|teamsize|p1|6\n|teamsize|p2|6\n|gen|9\n|tier|[Gen 9] VGC 2025 Reg I (Bo3)\n|rated|\n|rule|Species Clause: Limit one of each Pok\u00e9mon\n|rule|Item Clause: Limit 1 of each item\n|clearpoke\n|poke|p1|Zekrom, L50|\n|poke|p1|Miraidon, L50|\n|poke|p1|Farigiraf, L50, F|\n|poke|p1|Incineroar, L50, M|\n|poke|p1|Iron Hands, L50|\n|poke|p1|Grimmsnarl, L50, M|\n|poke|p2|Miraidon, L50|\n|poke|p2|Kyogre, L50|\n|poke|p2|Iron Hands, L50|\n|poke|p2|Whimsicott, L50, F|\n|poke|p2|Iron Valiant, L50|\n|poke|p2|Farigiraf, L50, M|\n|teampreview|4\n|showteam|p1|Zekrom||ClearAmulet|Teravolt|BoltStrike,DragonClaw,DragonDance,DualWingbeat||||||50|,,,,,Electric]Miraidon||ChoiceScarf|HadronEngine|ElectroDrift,DracoMeteor,VoltSwitch,DazzlingGleam||||||50|,,,,,Fairy]Farigiraf||ElectricSeed|ArmorTail|BatonPass,FoulPlay,TrickRoom,HelpingHand|||F|||50|,,,,,Grass]Incineroar||SafetyGoggles|Intimidate|KnockOff,FlareBlitz,PartingShot,FakeOut|||M|||50|,,,,,Ghost]Iron Hands||AssaultVest|QuarkDrive|LowKick,DrainPunch,WildCharge,FakeOut||||||50|,,,,,Water]Grimmsnarl||LightClay|Prankster|SpiritBreak,LightScreen,Reflect,ThunderWave|||M|||50|,,,,,Ghost\n|showteam|p2|Miraidon||ChoiceSpecs|HadronEngine|VoltSwitch,ElectroDrift,DazzlingGleam,DracoMeteor||||||50|,,,,,Fairy]Kyogre||ChoiceScarf|Drizzle|HydroPump,WaterSpout,IceBeam,OriginPulse||||||50|,,,,,Ghost]Iron Hands||AssaultVest|QuarkDrive|LowKick,FakeOut,DrainPunch,WildCharge||||||50|,,,,,Water]Whimsicott||CovertCloak|Prankster|Moonblast,Tailwind,FakeTears,Encore|||F|||50|,,,,,Dark]Iron Valiant||FocusSash|QuarkDrive|SpiritBreak,TrickRoom,KnockOff,WideGuard||||||50|,,,,,Ghost]Farigiraf||ElectricSeed|ArmorTail|HelpingHand,TrickRoom,FoulPlay,DazzlingGleam|||M|||50|,,,,,Fairy\n|inactive|Battle timer is ON: inactive players will automatically lose when time's up. (requested by OrionSeas)\n|inactive|Scrunks has 60 seconds left.\n|inactive|OrionSeas has 60 seconds left.\n|\n|t:|1746131074\n|start\n|switch|p1a: Zekrom|Zekrom, L50|100/100\n|switch|p1b: Miraidon|Miraidon, L50|100/100\n|switch|p2a: Miraidon|Miraidon, L50|100/100\n|switch|p2b: Iron Hands|Iron Hands, L50|100/100\n|-fieldstart|move: Electric Terrain|[from] ability: Hadron Engine|[of] p1b: Miraidon\n|-activate|p2b: Iron Hands|ability: Quark Drive\n|-start|p2b: Iron Hands|quarkdriveatk\n|-activate|p2a: Miraidon|ability: Hadron Engine\n|-ability|p1a: Zekrom|Teravolt\n|turn|1\n|inactive|Scrunks has 30 seconds left.\n|inactive|OrionSeas has 30 seconds left.\n|inactive|OrionSeas has 20 seconds left.\n|\n|t:|1746131109\n|switch|p1a: Farigiraf|Farigiraf, L50, F|100/100\n|-enditem|p1a: Farigiraf|Electric Seed\n|-boost|p1a: Farigiraf|def|1|[from] item: Electric Seed\n|-terastallize|p1b: Miraidon|Fairy\n|-terastallize|p2a: Miraidon|Fairy\n|move|p1b: Miraidon|Dazzling Gleam|p2b: Iron Hands|[spread] p2a,p2b\n|-supereffective|p2b: Iron Hands\n|-damage|p2a: Miraidon|61/100\n|-damage|p2b: Iron Hands|54/100\n|move|p2a: Miraidon|Draco Meteor|p1a: Farigiraf|[miss]\n|-miss|p2a: Miraidon|p1a: Farigiraf\n|move|p2b: Iron Hands|Low Kick|p1b: Miraidon\n|-resisted|p1b: Miraidon\n|-damage|p1b: Miraidon|54/100\n|\n|upkeep\n|turn|2\n|\n|t:|1746131130\n|move|p1a: Farigiraf|Helping Hand|p1b: Miraidon\n|-singleturn|p1b: Miraidon|Helping Hand|[of] p1a: Farigiraf\n|move|p1b: Miraidon|Dazzling Gleam|p2a: Miraidon|[spread] p2a,p2b\n|-supereffective|p2b: Iron Hands\n|-damage|p2a: Miraidon|4/100\n|-damage|p2b: Iron Hands|0 fnt\n|faint|p2b: Iron Hands\n|-end|p2b: Iron Hands|Quark Drive|[silent]\n|move|p2a: Miraidon|Draco Meteor|p1a: Farigiraf\n|-damage|p1a: Farigiraf|0 fnt\n|-unboost|p2a: Miraidon|spa|2\n|faint|p1a: Farigiraf\n|\n|upkeep\n|inactive|Scrunks has 30 seconds left.\n|inactive|Scrunks has 20 seconds left.\n|\n|t:|1746131166\n|switch|p1a: Zekrom|Zekrom, L50|100/100\n|switch|p2b: Iron Valiant|Iron Valiant, L50|100/100\n|-ability|p1a: Zekrom|Teravolt\n|-activate|p2b: Iron Valiant|ability: Quark Drive\n|-start|p2b: Iron Valiant|quarkdrivespe\n|turn|3\n|\n|t:|1746131189\n|switch|p2a: Farigiraf|Farigiraf, L50, M|100/100\n|-enditem|p2a: Farigiraf|Electric Seed\n|-boost|p2a: Farigiraf|def|1|[from] item: Electric Seed\n|switch|p1a: Grimmsnarl|Grimmsnarl, L50, M|100/100\n|move|p1b: Miraidon|Dazzling Gleam|p2a: Farigiraf|[spread] p2a,p2b\n|-supereffective|p2b: Iron Valiant\n|-damage|p2a: Farigiraf|65/100\n|-enditem|p2b: Iron Valiant|Focus Sash\n|-damage|p2b: Iron Valiant|1/100\n|move|p2b: Iron Valiant|Spirit Break|p1a: Grimmsnarl\n|-supereffective|p1a: Grimmsnarl\n|-damage|p1a: Grimmsnarl|34/100\n|-unboost|p1a: Grimmsnarl|spa|1\n|\n|upkeep\n|turn|4\n|inactive|OrionSeas has 30 seconds left.\n|\n|t:|1746131216\n|move|p2b: Iron Valiant|Wide Guard|p2b: Iron Valiant\n|-singleturn|p2b: Iron Valiant|Wide Guard\n|move|p1b: Miraidon|Dazzling Gleam|p2b: Iron Valiant|[spread] \n|-activate|p2a: Farigiraf|move: Wide Guard\n|-activate|p2b: Iron Valiant|move: Wide Guard\n|move|p1a: Grimmsnarl|Spirit Break|p2b: Iron Valiant\n|-supereffective|p2b: Iron Valiant\n|-damage|p2b: Iron Valiant|0 fnt\n|faint|p2b: Iron Valiant\n|-end|p2b: Iron Valiant|Quark Drive|[silent]\n|move|p2a: Farigiraf|Trick Room|p2a: Farigiraf\n|-fieldstart|move: Trick Room|[of] p2a: Farigiraf\n|\n|upkeep\n|\n|t:|1746131224\n|switch|p2b: Miraidon|Miraidon, L50, tera:Fairy|4/100\n|-activate|p2b: Miraidon|ability: Hadron Engine\n|turn|5\n|\n|t:|1746131237\n|switch|p1b: Zekrom|Zekrom, L50|100/100\n|-ability|p1b: Zekrom|Teravolt\n|move|p2a: Farigiraf|Dazzling Gleam|p1a: Grimmsnarl|[spread] p1a,p1b\n|-supereffective|p1a: Grimmsnarl\n|-supereffective|p1b: Zekrom\n|-damage|p1a: Grimmsnarl|0 fnt\n|-damage|p1b: Zekrom|68/100\n|faint|p1a: Grimmsnarl\n|move|p2b: Miraidon|Dazzling Gleam|p1b: Zekrom\n|-supereffective|p1b: Zekrom\n|-damage|p1b: Zekrom|0 fnt\n|faint|p1b: Zekrom\n|\n|-fieldend|move: Electric Terrain\n|upkeep\n|\n|t:|1746131244\n|switch|p1b: Miraidon|Miraidon, L50, tera:Fairy|54/100\n|-fieldstart|move: Electric Terrain|[from] ability: Hadron Engine|[of] p1b: Miraidon\n|turn|6\n|\n|t:|1746131255\n|move|p2a: Farigiraf|Helping Hand|p2b: Miraidon\n|-singleturn|p2b: Miraidon|Helping Hand|[of] p2a: Farigiraf\n|move|p2b: Miraidon|Dazzling Gleam|p1b: Miraidon\n|-damage|p1b: Miraidon|0 fnt\n|faint|p1b: Miraidon\n|\n|win|OrionSeas\n||Scrunks is ready for game 2.\n|inactive|OrionSeas has 30 seconds to confirm battle start!\n|inactive|OrionSeas has 20 seconds to confirm battle start!\n|inactive|OrionSeas has 10 seconds to confirm battle start!\n||OrionSeas is ready for game 2.\n|uhtml|next|Next: <a href=\"/battle-gen9vgc2025regibo3-2354914775\"><strong>Game 2 of 3</strong></a>\n", "uploadtime": 1746131263, "views": 10, "formatid": "gen9vgc2025regibo3", "rating": null, "private": 0, "password": null}