{"id": "gen9vgc2025regibo3-2355115047", "format": "[Gen 9] VGC 2025 Reg I (Bo3)", "players": ["yami1251", "Mirkovi"], "log": "|j|\u2606yami1251\n|j|\u2606Mirkovi\n|html|<table width=\"100%\"><tr><td align=\"left\">yami1251</td><td align=\"right\">Mirkovi</tr><tr><td align=\"left\"><i class=\"fa fa-circle\"></i> <i class=\"fa fa-circle-o\"></i> </td><td align=\"right\"><i class=\"fa fa-circle-o\"></i> <i class=\"fa fa-circle\"></i> </tr></table>\n|uhtml|bestof|<h2><strong>Game 3</strong> of <a href=\"/game-bestof3-gen9vgc2025regibo3-2355110108\">a best-of-3</a></h2>\n|t:|1746154360\n|gametype|doubles\n|player|p1|yami1251|lucas|1025\n|player|p2|Mirkovi|lucas|1105\n|teamsize|p1|6\n|teamsize|p2|6\n|gen|9\n|tier|[Gen 9] VGC 2025 Reg I (Bo3)\n|rated|\n|rule|Species Clause: Limit one of each Pok\u00e9mon\n|rule|Item Clause: Limit 1 of each item\n|clearpoke\n|poke|p1|Miraidon, L50|\n|poke|p1|Urshifu-*, L50, M|\n|poke|p1|Incineroar, L50, M|\n|poke|p1|Ursaluna-Bloodmoon, L50, M|\n|poke|p1|Farigiraf, L50, F|\n|poke|p1|Whimsicott, L50, M|\n|poke|p2|Zamazenta-*, L50|\n|poke|p2|Amoonguss, L50, M|\n|poke|p2|Chien-Pao, L50|\n|poke|p2|Urshifu-*, L50, F|\n|poke|p2|Tornadus, L50, M|\n|poke|p2|Kyogre, L50|\n|teampreview|4\n|showteam|p1|Miraidon||ChoiceSpecs|HadronEngine|ElectroDrift,DazzlingGleam,DracoMeteor,VoltSwitch||||||50|,,,,,Electric]Urshifu-Rapid-Strike||ChoiceScarf|UnseenFist|SurgingStrikes,AquaJet,CloseCombat,Uturn|||M|||50|,,,,,Water]Incineroar||AssaultVest|Intimidate|FlareBlitz,KnockOff,Uturn,FakeOut|||M|||50|,,,,,Grass]Ursaluna-Bloodmoon||LifeOrb|MindsEye|BloodMoon,EarthPower,HyperVoice,Protect|||M|||50|,,,,,Normal]Farigiraf||ElectricSeed|ArmorTail|HyperVoice,Protect,TrickRoom,HelpingHand|||F|||50|,,,,,Water]Whimsicott||FocusSash|Prankster|Tailwind,Moonblast,Encore,Protect|||M|||50|,,,,,Grass\n|showteam|p2|Zamazenta-Crowned||RustedShield|DauntlessShield|BodyPress,HeavySlam,WideGuard,Protect||||||50|,,,,,Dragon]Amoonguss||RockyHelmet|Regenerator|Spore,RagePowder,PollenPuff,Protect|||M|||50|,,,,,Water]Chien-Pao||FocusSash|SwordofRuin|IceSpinner,SuckerPunch,ThroatChop,Protect||||||50|,,,,,Ghost]Urshifu-Rapid-Strike||ChoiceScarf|UnseenFist|SurgingStrikes,CloseCombat,Uturn,RainDance|||F|||50|,,,,,Water]Tornadus||CovertCloak|Prankster|BleakwindStorm,Tailwind,Taunt,RainDance|||M|||50|,,,,,Steel]Kyogre||MysticWater|Drizzle|OriginPulse,IceBeam,WaterSpout,Protect||||||50|,,,,,Grass\n|\n|t:|1746154391\n|start\n|switch|p1a: Farigiraf|Farigiraf, L50, F|100/100\n|switch|p1b: Incineroar|Incineroar, L50, M|100/100\n|switch|p2a: Tree Among Shrubs|Amoonguss, L50, M|100/100\n|switch|p2b: I Come With Mud|Tornadus, L50, M|100/100\n|-ability|p1b: Incineroar|Intimidate|boost\n|-unboost|p2a: Tree Among Shrubs|atk|1\n|-unboost|p2b: I Come With Mud|atk|1\n|turn|1\n|\n|t:|1746154413\n|-terastallize|p2b: I Come With Mud|Steel\n|move|p2a: Tree Among Shrubs|Protect|p2a: Tree Among Shrubs\n|-singleturn|p2a: Tree Among Shrubs|Protect\n|move|p1b: Incineroar|Fake Out|p2a: Tree Among Shrubs\n|-activate|p2a: Tree Among Shrubs|move: Protect\n|move|p2b: I Come With Mud|Taunt||[still]\n|cant|p1a: Farigiraf|ability: Armor Tail|Taunt|[of] p2b: I Come With Mud\n|move|p1a: Farigiraf|Trick Room|p1a: Farigiraf\n|-fieldstart|move: Trick Room|[of] p1a: Farigiraf\n|\n|upkeep\n|turn|2\n|\n|t:|1746154430\n|move|p2a: Tree Among Shrubs|Spore|p1a: Farigiraf\n|-status|p1a: Farigiraf|slp|[from] move: Spore\n|move|p1b: Incineroar|U-turn|p2a: Tree Among Shrubs\n|-crit|p2a: Tree Among Shrubs\n|-damage|p2a: Tree Among Shrubs|77/100\n|-damage|p1b: Incineroar|84/100|[from] item: Rocky Helmet|[of] p2a: Tree Among Shrubs\n|\n|t:|1746154454\n|switch|p1b: funni number|Miraidon, L50|100/100|[from] U-turn\n|-fieldstart|move: Electric Terrain|[from] ability: Hadron Engine|[of] p1b: funni number\n|-enditem|p1a: Farigiraf|Electric Seed\n|-boost|p1a: Farigiraf|def|1|[from] item: Electric Seed\n|cant|p1a: Farigiraf|slp\n|move|p2b: I Come With Mud|Bleakwind Storm|p1a: Farigiraf|[spread] p1a,p1b\n|-resisted|p1b: funni number\n|-damage|p1a: Farigiraf|71/100 slp\n|-damage|p1b: funni number|87/100\n|-unboost|p1a: Farigiraf|spe|1\n|\n|upkeep\n|turn|3\n|\n|t:|1746154475\n|-terastallize|p1b: funni number|Electric\n|move|p2a: Tree Among Shrubs|Spore|p1b: funni number\n|-activate|p1b: funni number|move: Electric Terrain\n|move|p2b: I Come With Mud|Bleakwind Storm|p1b: funni number|[spread] p1a\n|-miss|p2b: I Come With Mud|p1b: funni number\n|-damage|p1a: Farigiraf|44/100 slp\n|-unboost|p1a: Farigiraf|spe|1\n|move|p1b: funni number|Volt Switch|p2b: I Come With Mud\n|-damage|p2b: I Come With Mud|0 fnt\n|faint|p2b: I Come With Mud\n|\n|t:|1746154490\n|switch|p1b: Incineroar|Incineroar, L50, M|84/100|[from] Volt Switch\n|-ability|p1b: Incineroar|Intimidate|boost\n|-unboost|p2a: Tree Among Shrubs|atk|1\n|cant|p1a: Farigiraf|slp\n|\n|upkeep\n|\n|t:|1746154497\n|switch|p2b: Kyogre|Kyogre, L50|100/100\n|-weather|RainDance|[from] ability: Drizzle|[of] p2b: Kyogre\n|turn|4\n|\n|t:|1746154510\n|move|p1b: Incineroar|Fake Out|p2b: Kyogre\n|-damage|p2b: Kyogre|90/100\n|move|p2a: Tree Among Shrubs|Pollen Puff|p2b: Kyogre\n|-heal|p2b: Kyogre|100/100\n|cant|p2b: Kyogre|flinch\n|cant|p1a: Farigiraf|slp\n|\n|-weather|RainDance|[upkeep]\n|upkeep\n|turn|5\n|\n|t:|1746154524\n|move|p2a: Tree Among Shrubs|Pollen Puff|p2b: Kyogre\n|move|p1b: Incineroar|Knock Off|p2b: Kyogre\n|-damage|p2b: Kyogre|62/100\n|-enditem|p2b: Kyogre|Mystic Water|[from] move: Knock Off|[of] p1b: Incineroar\n|move|p2b: Kyogre|Water Spout|p1b: Incineroar|[spread] p1a,p1b\n|-supereffective|p1b: Incineroar\n|-damage|p1a: Farigiraf|0 fnt\n|-damage|p1b: Incineroar|15/100\n|faint|p1a: Farigiraf\n|\n|-weather|RainDance|[upkeep]\n|-fieldend|move: Trick Room\n|upkeep\n|\n|t:|1746154539\n|switch|p1a: funni number|Miraidon, L50, tera:Electric|87/100\n|-activate|p1a: funni number|ability: Hadron Engine\n|turn|6\n|\n|t:|1746154571\n|move|p2b: Kyogre|Protect|p2b: Kyogre\n|-singleturn|p2b: Kyogre|Protect\n|move|p1a: funni number|Volt Switch|p2b: Kyogre\n|-activate|p2b: Kyogre|move: Protect\n|move|p1b: Incineroar|Flare Blitz|p2a: Tree Among Shrubs\n|-supereffective|p2a: Tree Among Shrubs\n|-damage|p2a: Tree Among Shrubs|39/100\n|-damage|p1b: Incineroar|0 fnt|[from] item: Rocky Helmet|[of] p2a: Tree Among Shrubs\n|faint|p1b: Incineroar\n|move|p2a: Tree Among Shrubs|Pollen Puff|p2b: Kyogre\n|-activate|p2b: Kyogre|move: Protect\n|\n|-weather|RainDance|[upkeep]\n|-fieldend|move: Electric Terrain\n|upkeep\n|\n|t:|1746154586\n|switch|p1b: dawg|Urshifu-Rapid-Strike, L50, M|100/100\n|turn|7\n|\n|t:|1746154615\n|switch|p2a: Show Me How|Zamazenta-Crowned, L50|100/100\n|-ability|p2a: Show Me How|Dauntless Shield|boost\n|-boost|p2a: Show Me How|def|1\n|move|p2b: Kyogre|Protect||[still]\n|-fail|p2b: Kyogre\n|move|p1b: dawg|Close Combat|p2b: Kyogre\n|-damage|p2b: Kyogre|4/100\n|-unboost|p1b: dawg|def|1\n|-unboost|p1b: dawg|spd|1\n|move|p1a: funni number|Volt Switch|p2a: Show Me How\n|-damage|p2a: Show Me How|45/100\n|\n|-weather|RainDance|[upkeep]\n|upkeep\n|turn|8\n|\n|t:|1746154636\n|move|p1b: dawg|Close Combat|p2a: Show Me How\n|-supereffective|p2a: Show Me How\n|-damage|p2a: Show Me How|0 fnt\n|-unboost|p1b: dawg|def|1\n|-unboost|p1b: dawg|spd|1\n|faint|p2a: Show Me How\n|move|p1a: funni number|Volt Switch|p2b: Kyogre\n|-supereffective|p2b: Kyogre\n|-damage|p2b: Kyogre|0 fnt\n|faint|p2b: Kyogre\n|\n|-weather|none\n|upkeep\n|c|\u2606Mirkovi|ggwl\n|c|\u2606yami1251|gg\n|\n|t:|1746154658\n|switch|p2b: Tree Among Shrubs|Amoonguss, L50, M|72/100\n|turn|9\n|\n|t:|1746154665\n|move|p1b: dawg|Close Combat|p2b: Tree Among Shrubs\n|-resisted|p2b: Tree Among Shrubs\n|-damage|p2b: Tree Among Shrubs|43/100\n|-unboost|p1b: dawg|def|1\n|-unboost|p1b: dawg|spd|1\n|-damage|p1b: dawg|84/100|[from] item: Rocky Helmet|[of] p2b: Tree Among Shrubs\n|move|p1a: funni number|Volt Switch|p2b: Tree Among Shrubs\n|-resisted|p2b: Tree Among Shrubs\n|-damage|p2b: Tree Among Shrubs|14/100\n|move|p2b: Tree Among Shrubs|Pollen Puff|p1a: funni number\n|-damage|p1a: funni number|72/100\n|\n|upkeep\n|turn|10\n|inactive|Battle timer is ON: inactive players will automatically lose when time's up. (requested by Mirkovi)\n|inactive|yami1251 has 60 seconds left.\n|\n|t:|1746154806\n|move|p2b: Tree Among Shrubs|Protect|p2b: Tree Among Shrubs\n|-singleturn|p2b: Tree Among Shrubs|Protect\n|move|p1b: dawg|Close Combat|p2b: Tree Among Shrubs\n|-resisted|p2b: Tree Among Shrubs\n|-damage|p2b: Tree Among Shrubs|0 fnt\n|-unboost|p1b: dawg|def|1\n|-unboost|p1b: dawg|spd|1\n|-damage|p1b: dawg|68/100|[from] item: Rocky Helmet|[of] p2b: Tree Among Shrubs\n|faint|p2b: Tree Among Shrubs\n|\n|win|yami1251\n|raw|yami1251's rating: 1025 &rarr; <strong>1069</strong><br />(+44 for winning)\n|raw|Mirkovi's rating: 1105 &rarr; <strong>1074</strong><br />(-31 for losing)\n|l|\u2606yami1251\n|player|p1|\n", "uploadtime": 1746154927, "views": 4, "formatid": "gen9vgc2025regibo3", "rating": 1069, "private": 0, "password": null}