{"id": "gen9vgc2025regibo3-2354379205", "format": "[Gen 9] VGC 2025 Reg I (Bo3)", "players": ["Volanvgc", "clearmomdotcom"], "log": "|j|\u2606Volanvgc\n|j|\u2606clearmomdotcom\n|html|<table width=\"100%\"><tr><td align=\"left\">Volanvgc</td><td align=\"right\">clearmomdotcom</tr><tr><td align=\"left\"><i class=\"fa fa-circle-o\"></i> <i class=\"fa fa-circle-o\"></i> </td><td align=\"right\"><i class=\"fa fa-circle-o\"></i> <i class=\"fa fa-circle-o\"></i> </tr></table>\n|uhtml|bestof|<h2><strong>Game 1</strong> of <a href=\"/game-bestof3-gen9vgc2025regibo3-2354379204\">a best-of-3</a></h2>\n|t:|1746064110\n|gametype|doubles\n|player|p1|Volanvgc|veteranf|1357\n|player|p2|clearmomdotcom|waitress|1435\n|teamsize|p1|6\n|teamsize|p2|6\n|gen|9\n|tier|[Gen 9] VGC 2025 Reg I (Bo3)\n|rated|\n|rule|Species Clause: Limit one of each Pok\u00e9mon\n|rule|Item Clause: Limit 1 of each item\n|clearpoke\n|poke|p1|Lunala, L50|\n|poke|p1|Koraidon, L50|\n|poke|p1|Flutter Mane, L50|\n|poke|p1|Brute Bonnet, L50|\n|poke|p1|Incineroar, L50, M|\n|poke|p1|Raging Bolt, L50|\n|poke|p2|Zamazenta-*, L50|\n|poke|p2|Urshifu-*, L50, F|\n|poke|p2|Chien-Pao, L50|\n|poke|p2|Dragonite, L50, F|\n|poke|p2|Rillaboom, L50, M|\n|poke|p2|Giratina-Origin, L50|\n|teampreview|4\n|showteam|p1|Lunala||Leftovers|ShadowShield|MoongeistBeam,Moonblast,CalmMind,Protect||||||50|,,,,,Fairy]Koraidon||LifeOrb|OrichalcumPulse|CloseCombat,FlareBlitz,FlameCharge,Protect||||||50|,,,,,Fire]Flutter Mane||FocusSash|Protosynthesis|Moonblast,IcyWind,ShadowBall,Protect||||||50|,,,,,Normal]Brute Bonnet||CovertCloak|Protosynthesis|Spore,SeedBomb,SuckerPunch,RagePowder||||||50|,,,,,Water]Incineroar||SafetyGoggles|Intimidate|FlareBlitz,FakeOut,PartingShot,KnockOff|||M|||50|,,,,,Water]Raging Bolt||AssaultVest|Protosynthesis|Thunderbolt,Thunderclap,DracoMeteor,VoltSwitch||||||50|,,,,,Electric\n|showteam|p2|Zamazenta-Crowned||RustedShield|DauntlessShield|BodyPress,HeavySlam,WideGuard,Protect||||||50|,,,,,Ghost]Urshifu-Rapid-Strike||ChoiceScarf|UnseenFist|SurgingStrikes,CloseCombat,Uturn,AquaJet|||F|||50|,,,,,Water]Chien-Pao||FocusSash|SwordofRuin|IcicleCrash,Crunch,SuckerPunch,Protect||||||50|,,,,,Ghost]Dragonite||ChoiceBand|InnerFocus|ExtremeSpeed,Outrage,AerialAce,StompingTantrum|||F|||50|,,,,,Normal]Rillaboom||AssaultVest|GrassySurge|FakeOut,GrassyGlide,WoodHammer,Uturn|||M|||50|,,,,,Water]Giratina-Origin||GriseousCore|Levitate|ShadowSneak,DracoMeteor,Poltergeist,Protect||||||50|,,,,,Steel\n|\n|t:|1746064158\n|start\n|switch|p1a: Incineroar|Incineroar, L50, M|100/100\n|switch|p1b: Lunala|Lunala, L50|100/100\n|switch|p2a: Chien-Pao|Chien-Pao, L50|100/100\n|switch|p2b: Zamazenta|Zamazenta-Crowned, L50|100/100\n|-ability|p2a: Chien-Pao|Sword of Ruin\n|-ability|p2b: Zamazenta|Dauntless Shield|boost\n|-boost|p2b: Zamazenta|def|1\n|-ability|p1a: Incineroar|Intimidate|boost\n|-unboost|p2a: Chien-Pao|atk|1\n|-unboost|p2b: Zamazenta|atk|1\n|turn|1\n|\n|t:|1746064193\n|switch|p1a: Flutter Mane|Flutter Mane, L50|100/100\n|-terastallize|p1b: Lunala|Fairy\n|move|p2a: Chien-Pao|Crunch|p1b: Lunala\n|-resisted|p1b: Lunala\n|-damage|p1b: Lunala|95/100\n|move|p2b: Zamazenta|Body Press|p1a: Flutter Mane\n|-immune|p1a: Flutter Mane\n|move|p1b: Lunala|Moonblast|p2a: Chien-Pao\n|-supereffective|p2a: Chien-Pao\n|-enditem|p2a: Chien-Pao|Focus Sash\n|-damage|p2a: Chien-Pao|1/100\n|\n|-heal|p1b: Lunala|100/100|[from] item: Leftovers\n|upkeep\n|turn|2\n|\n|t:|1746064225\n|-end|p1a: Flutter Mane|Protosynthesis|[silent]\n|switch|p1a: Incineroar|Incineroar, L50, M|100/100\n|-ability|p1a: Incineroar|Intimidate|boost\n|-unboost|p2a: Chien-Pao|atk|1\n|-unboost|p2b: Zamazenta|atk|1\n|move|p2a: Chien-Pao|Sucker Punch||[still]\n|-fail|p2a: Chien-Pao\n|move|p2b: Zamazenta|Heavy Slam|p1a: Incineroar\n|-resisted|p1a: Incineroar\n|-damage|p1a: Incineroar|89/100\n|move|p1b: Lunala|Calm Mind|p1b: Lunala\n|-boost|p1b: Lunala|spa|1\n|-boost|p1b: Lunala|spd|1\n|\n|upkeep\n|turn|3\n|\n|t:|1746064246\n|switch|p2a: Giratina|Giratina-Origin, L50|100/100\n|move|p1a: Incineroar|Fake Out|p2a: Giratina\n|-immune|p2a: Giratina\n|move|p2b: Zamazenta|Body Press|p1a: Incineroar\n|-supereffective|p1a: Incineroar\n|-damage|p1a: Incineroar|0 fnt\n|faint|p1a: Incineroar\n|move|p1b: Lunala|Moongeist Beam|p2b: Zamazenta\n|-damage|p2b: Zamazenta|38/100\n|\n|upkeep\n|\n|t:|1746064259\n|switch|p1a: Flutter Mane|Flutter Mane, L50|100/100\n|turn|4\n|\n|t:|1746064282\n|switch|p2b: Rillaboom|Rillaboom, L50, M|100/100\n|-fieldstart|move: Grassy Terrain|[from] ability: Grassy Surge|[of] p2b: Rillaboom\n|-terastallize|p2a: Giratina|Steel\n|move|p1a: Flutter Mane|Protect|p1a: Flutter Mane\n|-singleturn|p1a: Flutter Mane|Protect\n|move|p2a: Giratina|Shadow Sneak|p1a: Flutter Mane\n|-activate|p1a: Flutter Mane|move: Protect\n|move|p1b: Lunala|Moongeist Beam|p2b: Rillaboom\n|-damage|p2b: Rillaboom|46/100\n|\n|-heal|p2b: Rillaboom|52/100|[from] Grassy Terrain\n|upkeep\n|turn|5\n|\n|t:|1746064304\n|move|p2b: Rillaboom|Fake Out|p1b: Lunala\n|-damage|p1b: Lunala|95/100\n|move|p1a: Flutter Mane|Icy Wind|p2a: Giratina|[spread] p2a,p2b\n|-resisted|p2a: Giratina\n|-crit|p2a: Giratina\n|-supereffective|p2b: Rillaboom\n|-damage|p2a: Giratina|94/100\n|-damage|p2b: Rillaboom|33/100\n|-unboost|p2a: Giratina|spe|1\n|-unboost|p2b: Rillaboom|spe|1\n|cant|p1b: Lunala|flinch\n|move|p2a: Giratina|Poltergeist|p1a: Flutter Mane|[miss]\n|-miss|p2a: Giratina|p1a: Flutter Mane\n|\n|-heal|p1b: Lunala|100/100|[from] Grassy Terrain\n|-heal|p2b: Rillaboom|39/100|[from] Grassy Terrain\n|upkeep\n|turn|6\n|\n|t:|1746064322\n|move|p1a: Flutter Mane|Protect|p1a: Flutter Mane\n|-singleturn|p1a: Flutter Mane|Protect\n|move|p2b: Rillaboom|Grassy Glide|p1b: Lunala\n|-damage|p1b: Lunala|87/100\n|move|p1b: Lunala|Moongeist Beam|p2b: Rillaboom\n|-damage|p2b: Rillaboom|0 fnt\n|faint|p2b: Rillaboom\n|move|p2a: Giratina|Poltergeist|p1b: Lunala\n|-activate|p1b: Lunala|move: Poltergeist|Leftovers\n|-damage|p1b: Lunala|37/100\n|\n|-heal|p1b: Lunala|43/100|[from] Grassy Terrain\n|-heal|p1b: Lunala|49/100|[from] item: Leftovers\n|upkeep\n|\n|t:|1746064347\n|switch|p2b: Zamazenta|Zamazenta-Crowned, L50|38/100\n|turn|7\n|\n|t:|1746064361\n|move|p2a: Giratina|Shadow Sneak|p1a: Flutter Mane\n|-supereffective|p1a: Flutter Mane\n|-enditem|p1a: Flutter Mane|Focus Sash\n|-damage|p1a: Flutter Mane|1/100\n|move|p1a: Flutter Mane|Moonblast|p2b: Zamazenta\n|-damage|p2b: Zamazenta|0 fnt\n|faint|p2b: Zamazenta\n|move|p1b: Lunala|Moongeist Beam|p2a: Giratina\n|-damage|p2a: Giratina|46/100\n|\n|-heal|p1a: Flutter Mane|7/100|[from] Grassy Terrain\n|-heal|p1b: Lunala|56/100|[from] Grassy Terrain\n|-heal|p1b: Lunala|62/100|[from] item: Leftovers\n|upkeep\n|\n|t:|1746064370\n|switch|p2b: Chien-Pao|Chien-Pao, L50|1/100\n|-ability|p2b: Chien-Pao|Sword of Ruin\n|turn|8\n|\n|t:|1746064384\n|move|p2b: Chien-Pao|Sucker Punch|p1a: Flutter Mane\n|-crit|p1a: Flutter Mane\n|-damage|p1a: Flutter Mane|0 fnt\n|faint|p1a: Flutter Mane\n|-end|p1a: Flutter Mane|Protosynthesis|[silent]\n|move|p1b: Lunala|Moonblast|p2b: Chien-Pao\n|-supereffective|p2b: Chien-Pao\n|-damage|p2b: Chien-Pao|0 fnt\n|faint|p2b: Chien-Pao\n|move|p2a: Giratina|Poltergeist|p1b: Lunala\n|-activate|p1b: Lunala|move: Poltergeist|Leftovers\n|-damage|p1b: Lunala|9/100\n|\n|-heal|p1b: Lunala|15/100|[from] Grassy Terrain\n|-heal|p1b: Lunala|22/100|[from] item: Leftovers\n|-fieldend|move: Grassy Terrain\n|upkeep\n|\n|t:|1746064386\n|switch|p1a: Koraidon|Koraidon, L50|100/100\n|-weather|SunnyDay|[from] ability: Orichalcum Pulse|[of] p1a: Koraidon\n|-activate|p1a: Koraidon|Orichalcum Pulse|[source]\n|turn|9\n|-message|clearmomdotcom forfeited.\n|\n|win|Volanvgc\n|l|\u2606clearmomdotcom\n|player|p2|\n||clearmomdotcom is ready for game 2.\n||Volanvgc is ready for game 2.\n|uhtml|next|Next: <a href=\"/battle-gen9vgc2025regibo3-2354381473\"><strong>Game 2 of 3</strong></a>\n|l|\u2606Volanvgc\n|player|p1|\n|j|\u2606Volanvgc\n|player|p1|Volanvgc|veteranf|\n|l|\u2606Volanvgc\n|player|p1|\n", "uploadtime": 1746064594, "views": 28, "formatid": "gen9vgc2025regibo3", "rating": null, "private": 0, "password": null}