{"id": "gen9vgc2025regibo3-2353659134", "format": "[Gen 9] VGC 2025 Reg I (Bo3)", "players": ["blaisenova1", "lucaguy"], "log": "|j|\u2606blaisenova1\n|j|\u2606lucaguy\n|html|<table width=\"100%\"><tr><td align=\"left\">blaisenova1</td><td align=\"right\">lucaguy</tr><tr><td align=\"left\"><i class=\"fa fa-circle-o\"></i> <i class=\"fa fa-circle-o\"></i> </td><td align=\"right\"><i class=\"fa fa-circle-o\"></i> <i class=\"fa fa-circle-o\"></i> </tr></table>\n|uhtml|bestof|<h2><strong>Game 1</strong> of <a href=\"/game-bestof3-gen9vgc2025regibo3-2353659133\">a best-of-3</a></h2>\n|t:|1745980111\n|gametype|doubles\n|player|p1|blaisenova1|2|1242\n|player|p2|lucaguy|170|1309\n|teamsize|p1|6\n|teamsize|p2|6\n|gen|9\n|tier|[Gen 9] VGC 2025 Reg I (Bo3)\n|rated|\n|rule|Species Clause: Limit one of each Pok\u00e9mon\n|rule|Item Clause: Limit 1 of each item\n|clearpoke\n|poke|p1|Lunala, L50|\n|poke|p1|Kyogre, L50|\n|poke|p1|Indeedee-F, L50, F|\n|poke|p1|Crabominable, L50, F|\n|poke|p1|Landorus, L50, M|\n|poke|p1|Regieleki, L50|\n|poke|p2|Lunala, L50|\n|poke|p2|Zamazenta-*, L50|\n|poke|p2|Tornadus, L50, M|\n|poke|p2|Rillaboom, L50, M|\n|poke|p2|Raging Bolt, L50|\n|poke|p2|Urshifu-*, L50, M|\n|teampreview|4\n|showteam|p1|Lunala||Leftovers|ShadowShield|MoongeistBeam,ExpandingForce,WideGuard,TrickRoom||||||50|,,,,,Water]Kyogre||MysticWater|Drizzle|WaterSpout,OriginPulse,IceBeam,Protect||||||50|,,,,,Grass]Indeedee-F||PsychicSeed|PsychicSurge|FollowMe,DazzlingGleam,HealPulse,TrickRoom|||F|||50|,,,,,Grass]Crabominable||SafetyGoggles|HyperCutter|IceSpinner,CloseCombat,Crabhammer,Protect|||F|||50|,,,,,Ground]Landorus||LifeOrb|SheerForce|EarthPower,SludgeBomb,SandsearStorm,Protect|||M|||50|,,,,,Steel]Regieleki||FocusSash|Transistor|VoltSwitch,Electroweb,ThunderWave,Protect||||||50|,,,,,Electric\n|showteam|p2|Lunala||PowerHerb|ShadowShield|Protect,MoongeistBeam,WideGuard,MeteorBeam||||||50|,,,,,Fairy]Zamazenta-Crowned||RustedShield|DauntlessShield|IronDefense,Protect,HeavySlam,BodyPress||||||50|,,,,,Ghost]Tornadus||RockyHelmet|Prankster|Protect,BleakwindStorm,Tailwind,RainDance|||M|||50|,,,,,Dark]Rillaboom||AssaultVest|GrassySurge|Uturn,GrassyGlide,WoodHammer,FakeOut|||M|||50|,,,,,Fire]Raging Bolt||BoosterEnergy|Protosynthesis|Thunderclap,DragonPulse,Thunderbolt,Protect||||||50|,,,,,Fairy]Urshifu-Rapid-Strike||FocusSash|UnseenFist|SurgingStrikes,AquaJet,CloseCombat,Protect|||M|||50|,,,,,Stellar\n|\n|t:|1745980140\n|start\n|switch|p1a: Crabominable|Crabominable, L50, F|100/100\n|switch|p1b: Laluna|Lunala, L50|100/100\n|switch|p2a: Tornadus|Tornadus, L50, M|100/100\n|switch|p2b: Urshifu|Urshifu-Rapid-Strike, L50, M|100/100\n|turn|1\n|\n|t:|1745980183\n|-terastallize|p2a: Tornadus|Dark\n|move|p2b: Urshifu|Surging Strikes|p1b: Laluna\n|-crit|p1b: Laluna\n|-damage|p1b: Laluna|92/100\n|-crit|p1b: Laluna\n|-damage|p1b: Laluna|76/100\n|-crit|p1b: Laluna\n|-damage|p1b: Laluna|60/100\n|-hitcount|p1b: Laluna|3\n|move|p2a: Tornadus|Bleakwind Storm|p1a: Crabominable|[spread] p1a\n|-miss|p2a: Tornadus|p1b: Laluna\n|-supereffective|p1a: Crabominable\n|-damage|p1a: Crabominable|33/100\n|move|p1a: Crabominable|Ice Spinner|p2a: Tornadus\n|-damage|p2a: Tornadus|53/100\n|-damage|p1a: Crabominable|16/100|[from] item: Rocky Helmet|[of] p2a: Tornadus\n|move|p1b: Laluna|Trick Room|p1b: Laluna\n|-fieldstart|move: Trick Room|[of] p1b: Laluna\n|\n|-heal|p1b: Laluna|67/100|[from] item: Leftovers\n|upkeep\n|turn|2\n|\n|t:|1745980220\n|-terastallize|p1b: Laluna|Water\n|move|p1a: Crabominable|Crabhammer|p2a: Tornadus\n|-damage|p2a: Tornadus|13/100\n|-damage|p1a: Crabominable|0 fnt|[from] item: Rocky Helmet|[of] p2a: Tornadus\n|faint|p1a: Crabominable\n|move|p1b: Laluna|Moongeist Beam|p2a: Tornadus\n|-resisted|p2a: Tornadus\n|-damage|p2a: Tornadus|0 fnt\n|faint|p2a: Tornadus\n|move|p2b: Urshifu|Surging Strikes|p1b: Laluna\n|-resisted|p1b: Laluna\n|-crit|p1b: Laluna\n|-damage|p1b: Laluna|59/100\n|-resisted|p1b: Laluna\n|-crit|p1b: Laluna\n|-damage|p1b: Laluna|50/100\n|-resisted|p1b: Laluna\n|-crit|p1b: Laluna\n|-damage|p1b: Laluna|41/100\n|-hitcount|p1b: Laluna|3\n|\n|-heal|p1b: Laluna|47/100|[from] item: Leftovers\n|upkeep\n|\n|t:|1745980239\n|switch|p1a: Lightning Rod|Landorus, L50, M|100/100\n|switch|p2a: Raging Bolt|Raging Bolt, L50|100/100\n|-enditem|p2a: Raging Bolt|Booster Energy\n|-activate|p2a: Raging Bolt|ability: Protosynthesis|[fromitem]\n|-start|p2a: Raging Bolt|protosynthesisspa\n|turn|3\n|\n|t:|1745980248\n|switch|p1a: Indeed.com|Indeedee-F, L50, F|100/100\n|-fieldstart|move: Psychic Terrain|[from] ability: Psychic Surge|[of] p1a: Indeed.com\n|-enditem|p1a: Indeed.com|Psychic Seed\n|-boost|p1a: Indeed.com|spd|1|[from] item: Psychic Seed\n|move|p2b: Urshifu|Aqua Jet|p1a: Indeed.com\n|-activate|p1a: Indeed.com|move: Psychic Terrain\n|move|p2a: Raging Bolt|Dragon Pulse|p1a: Indeed.com\n|-damage|p1a: Indeed.com|61/100\n|move|p1b: Laluna|Expanding Force|p2b: Urshifu|[spread] p2a,p2b\n|-supereffective|p2b: Urshifu\n|-damage|p2a: Raging Bolt|41/100\n|-enditem|p2b: Urshifu|Focus Sash\n|-damage|p2b: Urshifu|1/100\n|\n|-heal|p1b: Laluna|53/100|[from] item: Leftovers\n|upkeep\n|turn|4\n|\n|t:|1745980265\n|switch|p2b: Rillaboom|Rillaboom, L50, M|100/100\n|-fieldstart|move: Grassy Terrain|[from] ability: Grassy Surge|[of] p2b: Rillaboom\n|move|p2a: Raging Bolt|Protect|p2a: Raging Bolt\n|-singleturn|p2a: Raging Bolt|Protect\n|move|p1a: Indeed.com|Dazzling Gleam|p2a: Raging Bolt|[spread] p2b\n|-activate|p2a: Raging Bolt|move: Protect\n|-crit|p2b: Rillaboom\n|-damage|p2b: Rillaboom|88/100\n|move|p1b: Laluna|Expanding Force|p2a: Raging Bolt\n|-activate|p2a: Raging Bolt|move: Protect\n|\n|-heal|p2a: Raging Bolt|47/100|[from] Grassy Terrain\n|-heal|p1a: Indeed.com|67/100|[from] Grassy Terrain\n|-heal|p2b: Rillaboom|94/100|[from] Grassy Terrain\n|-heal|p1b: Laluna|59/100|[from] Grassy Terrain\n|-heal|p1b: Laluna|66/100|[from] item: Leftovers\n|upkeep\n|turn|5\n|\n|t:|1745980287\n|move|p2b: Rillaboom|Fake Out|p1b: Laluna\n|-damage|p1b: Laluna|55/100\n|move|p1a: Indeed.com|Follow Me|p1a: Indeed.com\n|-singleturn|p1a: Indeed.com|move: Follow Me\n|move|p2a: Raging Bolt|Thunderbolt|p1a: Indeed.com\n|-damage|p1a: Indeed.com|26/100\n|-status|p1a: Indeed.com|par\n|cant|p1b: Laluna|flinch\n|\n|-heal|p1a: Indeed.com|32/100 par|[from] Grassy Terrain\n|-heal|p2a: Raging Bolt|54/100|[from] Grassy Terrain\n|-heal|p2b: Rillaboom|99/100|[from] Grassy Terrain\n|-heal|p1b: Laluna|61/100|[from] Grassy Terrain\n|-heal|p1b: Laluna|67/100|[from] item: Leftovers\n|-fieldend|move: Trick Room\n|upkeep\n|turn|6\n|\n|t:|1745980305\n|move|p1a: Indeed.com|Follow Me|p1a: Indeed.com\n|-singleturn|p1a: Indeed.com|move: Follow Me\n|move|p1b: Laluna|Moongeist Beam|p2b: Rillaboom\n|-damage|p2b: Rillaboom|64/100\n|move|p2b: Rillaboom|Wood Hammer|p1a: Indeed.com\n|-damage|p1a: Indeed.com|0 fnt\n|faint|p1a: Indeed.com\n|-damage|p2b: Rillaboom|55/100|[from] Recoil\n|move|p2a: Raging Bolt|Dragon Pulse|p1b: Laluna\n|-damage|p1b: Laluna|19/100\n|\n|-heal|p1b: Laluna|25/100|[from] Grassy Terrain\n|-heal|p1b: Laluna|31/100|[from] item: Leftovers\n|-heal|p2b: Rillaboom|61/100|[from] Grassy Terrain\n|-heal|p2a: Raging Bolt|60/100|[from] Grassy Terrain\n|upkeep\n|\n|t:|1745980342\n|switch|p1a: Lightning Rod|Landorus, L50, M|100/100\n|turn|7\n|\n|t:|1745980361\n|move|p2b: Rillaboom|Grassy Glide|p1b: Laluna\n|-supereffective|p1b: Laluna\n|-damage|p1b: Laluna|0 fnt\n|faint|p1b: Laluna\n|move|p1a: Lightning Rod|Sludge Bomb|p2b: Rillaboom\n|-supereffective|p2b: Rillaboom\n|-damage|p2b: Rillaboom|0 fnt\n|faint|p2b: Rillaboom\n|move|p2a: Raging Bolt|Dragon Pulse|p1a: Lightning Rod\n|-damage|p1a: Lightning Rod|19/100\n|\n|-heal|p2a: Raging Bolt|66/100|[from] Grassy Terrain\n|upkeep\n|\n|t:|1745980373\n|switch|p2b: Urshifu|Urshifu-Rapid-Strike, L50, M|1/100\n|turn|8\n|\n|t:|1745980379\n|move|p2b: Urshifu|Aqua Jet|p1a: Lightning Rod\n|-supereffective|p1a: Lightning Rod\n|-damage|p1a: Lightning Rod|0 fnt\n|faint|p1a: Lightning Rod\n|\n|win|lucaguy\n||lucaguy is ready for game 2.\n|inactive|blaisenova1 has 30 seconds to confirm battle start!\n|inactive|blaisenova1 has 20 seconds to confirm battle start!\n|inactive|blaisenova1 has 10 seconds to confirm battle start!\n||blaisenova1 is ready for game 2.\n|uhtml|next|Next: <a href=\"/battle-gen9vgc2025regibo3-2353661620\"><strong>Game 2 of 3</strong></a>\n", "uploadtime": 1745980647, "views": 6, "formatid": "gen9vgc2025regibo3", "rating": null, "private": 0, "password": null}