{"id": "gen9vgc2025regibo3-2354936691", "format": "[Gen 9] VGC 2025 Reg I (Bo3)", "players": ["dengonumber1fan", "Pengu"], "log": "|j|\u2606dengonumber1fan\n|j|\u2606Pengu\n|html|<table width=\"100%\"><tr><td align=\"left\">dengonumber1fan</td><td align=\"right\">Pengu</tr><tr><td align=\"left\"><i class=\"fa fa-circle\"></i> <i class=\"fa fa-circle-o\"></i> </td><td align=\"right\"><i class=\"fa fa-circle-o\"></i> <i class=\"fa fa-circle-o\"></i> </tr></table>\n|uhtml|bestof|<h2><strong>Game 2</strong> of <a href=\"/game-bestof3-gen9vgc2025regibo3-2354933786\">a best-of-3</a></h2>\n|t:|1746133494\n|gametype|doubles\n|player|p1|dengonumber1fan|benga|\n|player|p2|Pengu|rosa-masters|\n|teamsize|p1|6\n|teamsize|p2|6\n|gen|9\n|tier|[Gen 9] VGC 2025 Reg I (Bo3)\n|rule|Species Clause: Limit one of each Pok\u00e9mon\n|rule|Item Clause: Limit 1 of each item\n|clearpoke\n|poke|p1|Terapagos, L50, M|\n|poke|p1|Calyrex-Shadow, L50|\n|poke|p1|Flutter Mane, L50|\n|poke|p1|Ogerpon-Cornerstone, L50, F|\n|poke|p1|Incineroar, L50, M|\n|poke|p1|Rillaboom, L50, M|\n|poke|p2|Koraidon, L50|\n|poke|p2|Ho-Oh, L50|\n|poke|p2|Iron Treads, L50|\n|poke|p2|Raging Bolt, L50|\n|poke|p2|Flutter Mane, L50|\n|poke|p2|Incineroar, L50, F|\n|teampreview|4\n|showteam|p1|Terapagos||Leftovers|TeraShift|TeraStarstorm,EarthPower,CalmMind,Protect|||M|||50|,,,,,Stellar]Calyrex-Shadow||FocusSash|AsOneSpectrier|AstralBarrage,Encore,Disable,Protect||||||50|,,,,,Ghost]Flutter Mane||BoosterEnergy|Protosynthesis|Moonblast,ThunderWave,Taunt,Protect||||||50|,,,,,Normal]Ogerpon-Cornerstone||CornerstoneMask|Sturdy|IvyCudgel,PowerWhip,FollowMe,SpikyShield|||F|||50|,,,,,Rock]Incineroar||RockyHelmet|Intimidate|KnockOff,FakeOut,WillOWisp,PartingShot|||M|||50|,,,,,Poison]Rillaboom||AssaultVest|GrassySurge|WoodHammer,GrassyGlide,Uturn,FakeOut|||M|||50|,,,,,Fire\n|showteam|p2|Koraidon||LoadedDice|OrichalcumPulse|FlareBlitz,ScaleShot,CollisionCourse,Protect||||||50|,,,,,Fire]Ho-Oh||ClearAmulet|Regenerator|SacredFire,BraveBird,Tailwind,Protect||||||50|,,,,,Grass]Iron Treads||LifeOrb|QuarkDrive|Protect,HighHorsepower,IronHead,KnockOff||||||50|,,,,,Ghost]Raging Bolt||AssaultVest|Protosynthesis|Thunderclap,DracoMeteor,Snarl,Thunderbolt||||||50|,,,,,Steel]Flutter Mane||FocusSash|Protosynthesis|Moonblast,ShadowBall,IcyWind,Protect||||||50|,,,,,Stellar]Incineroar||SafetyGoggles|Intimidate|FakeOut,KnockOff,FlareBlitz,PartingShot|||F|||50|,,,,,Fairy\n|inactive|Battle timer is ON: inactive players will automatically lose when time's up. (requested by dengonumber1fan)\n|inactive|Pengu also wants the timer to be on.\n|inactive|Pengu has 60 seconds left.\n|\n|t:|1746133536\n|start\n|switch|p1a: Incineroar|Incineroar, L50, M|100/100\n|switch|p1b: Terapagos|Terapagos, L50, M|100/100\n|switch|p2a: Ho-Oh|Ho-Oh, L50|100/100\n|switch|p2b: Raging Bolt|Raging Bolt, L50|100/100\n|-activate|p1b: Terapagos|ability: Tera Shift\n|detailschange|p1b: Terapagos|Terapagos-Terastal, L50, M\n|-heal|p1b: Terapagos|100/100|[silent]\n|-ability|p1a: Incineroar|Intimidate|boost\n|-fail|p2a: Ho-Oh|unboost|[from] item: Clear Amulet|[of] p2a: Ho-Oh\n|-unboost|p2b: Raging Bolt|atk|1\n|turn|1\n|\n|t:|1746133561\n|move|p1a: Incineroar|Fake Out|p2b: Raging Bolt\n|-damage|p2b: Raging Bolt|92/100\n|move|p2a: Ho-Oh|Tailwind|p2a: Ho-Oh\n|-sidestart|p2: Pengu|move: Tailwind\n|cant|p2b: Raging Bolt|flinch\n|move|p1b: Terapagos|Calm Mind|p1b: Terapagos\n|-boost|p1b: Terapagos|spa|1\n|-boost|p1b: Terapagos|spd|1\n|\n|upkeep\n|turn|2\n|\n|t:|1746133578\n|move|p1b: Terapagos|Protect|p1b: Terapagos\n|-singleturn|p1b: Terapagos|Protect\n|move|p2a: Ho-Oh|Sacred Fire|p1b: Terapagos\n|-activate|p1b: Terapagos|move: Protect\n|move|p2b: Raging Bolt|Snarl|p1b: Terapagos|[spread] p1a\n|-activate|p1b: Terapagos|move: Protect\n|-resisted|p1a: Incineroar\n|-damage|p1a: Incineroar|94/100\n|-unboost|p1a: Incineroar|spa|1\n|move|p1a: Incineroar|Knock Off|p2a: Ho-Oh\n|-damage|p2a: Ho-Oh|70/100\n|-enditem|p2a: Ho-Oh|Clear Amulet|[from] move: Knock Off|[of] p1a: Incineroar\n|\n|upkeep\n|turn|3\n|\n|t:|1746133595\n|move|p2a: Ho-Oh|Sacred Fire|p1b: Terapagos\n|-activate|p1b: Terapagos|ability: Tera Shell\n|-resisted|p1b: Terapagos\n|-damage|p1b: Terapagos|85/100\n|move|p2b: Raging Bolt|Snarl|p1b: Terapagos|[spread] p1a,p1b\n|-resisted|p1a: Incineroar\n|-damage|p1a: Incineroar|87/100\n|-damage|p1b: Terapagos|76/100\n|-unboost|p1a: Incineroar|spa|1\n|-unboost|p1b: Terapagos|spa|1\n|move|p1b: Terapagos|Calm Mind|p1b: Terapagos\n|-boost|p1b: Terapagos|spa|1\n|-boost|p1b: Terapagos|spd|1\n|move|p1a: Incineroar|Parting Shot|p2a: Ho-Oh\n|-unboost|p2a: Ho-Oh|atk|1\n|-unboost|p2a: Ho-Oh|spa|1\n|\n|t:|1746133609\n|switch|p1a: Flutter Mane|Flutter Mane, L50|100/100|[from] Parting Shot\n|-enditem|p1a: Flutter Mane|Booster Energy\n|-activate|p1a: Flutter Mane|ability: Protosynthesis|[fromitem]\n|-start|p1a: Flutter Mane|protosynthesisspe\n|\n|-heal|p1b: Terapagos|82/100|[from] item: Leftovers\n|upkeep\n|turn|4\n|\n|t:|1746133624\n|move|p2a: Ho-Oh|Protect|p2a: Ho-Oh\n|-singleturn|p2a: Ho-Oh|Protect\n|move|p1a: Flutter Mane|Moonblast|p2b: Raging Bolt\n|-supereffective|p2b: Raging Bolt\n|-damage|p2b: Raging Bolt|48/100\n|move|p2b: Raging Bolt|Snarl|p1b: Terapagos|[spread] p1a,p1b\n|-damage|p1a: Flutter Mane|87/100\n|-damage|p1b: Terapagos|75/100\n|-unboost|p1a: Flutter Mane|spa|1\n|-unboost|p1b: Terapagos|spa|1\n|move|p1b: Terapagos|Calm Mind|p1b: Terapagos\n|-boost|p1b: Terapagos|spa|1\n|-boost|p1b: Terapagos|spd|1\n|\n|-heal|p1b: Terapagos|82/100|[from] item: Leftovers\n|-sideend|p2: Pengu|move: Tailwind\n|upkeep\n|turn|5\n|\n|t:|1746133641\n|move|p1a: Flutter Mane|Thunder Wave|p2a: Ho-Oh\n|-status|p2a: Ho-Oh|par\n|move|p1b: Terapagos|Calm Mind|p1b: Terapagos\n|-boost|p1b: Terapagos|spa|1\n|-boost|p1b: Terapagos|spd|1\n|move|p2b: Raging Bolt|Snarl|p1b: Terapagos|[spread] p1a,p1b\n|-damage|p1a: Flutter Mane|75/100\n|-damage|p1b: Terapagos|77/100\n|-unboost|p1a: Flutter Mane|spa|1\n|-unboost|p1b: Terapagos|spa|1\n|move|p2a: Ho-Oh|Tailwind|p2a: Ho-Oh\n|-sidestart|p2: Pengu|move: Tailwind\n|\n|-heal|p1b: Terapagos|83/100|[from] item: Leftovers\n|upkeep\n|turn|6\n|\n|t:|1746133657\n|move|p1a: Flutter Mane|Moonblast|p2b: Raging Bolt\n|-supereffective|p2b: Raging Bolt\n|-damage|p2b: Raging Bolt|24/100\n|-unboost|p2b: Raging Bolt|spa|1\n|move|p2b: Raging Bolt|Snarl|p1a: Flutter Mane|[spread] p1a,p1b\n|-damage|p1a: Flutter Mane|65/100\n|-damage|p1b: Terapagos|80/100\n|-unboost|p1a: Flutter Mane|spa|1\n|-unboost|p1b: Terapagos|spa|1\n|move|p2a: Ho-Oh|Brave Bird|p1b: Terapagos\n|-damage|p1b: Terapagos|56/100\n|-damage|p2a: Ho-Oh|62/100 par|[from] Recoil\n|move|p1b: Terapagos|Calm Mind|p1b: Terapagos\n|-boost|p1b: Terapagos|spa|1\n|-boost|p1b: Terapagos|spd|1\n|\n|-heal|p1b: Terapagos|62/100|[from] item: Leftovers\n|upkeep\n|turn|7\n|\n|t:|1746133679\n|move|p1b: Terapagos|Protect|p1b: Terapagos\n|-singleturn|p1b: Terapagos|Protect\n|move|p1a: Flutter Mane|Moonblast|p2b: Raging Bolt\n|-supereffective|p2b: Raging Bolt\n|-damage|p2b: Raging Bolt|5/100\n|move|p2b: Raging Bolt|Snarl|p1b: Terapagos|[spread] p1a\n|-activate|p1b: Terapagos|move: Protect\n|-damage|p1a: Flutter Mane|57/100\n|-unboost|p1a: Flutter Mane|spa|1\n|move|p2a: Ho-Oh|Brave Bird|p1a: Flutter Mane\n|-damage|p1a: Flutter Mane|0 fnt\n|faint|p1a: Flutter Mane\n|-end|p1a: Flutter Mane|Protosynthesis|[silent]\n|-damage|p2a: Ho-Oh|48/100 par|[from] Recoil\n|\n|-heal|p1b: Terapagos|69/100|[from] item: Leftovers\n|upkeep\n|\n|t:|1746133688\n|switch|p1a: Incineroar|Incineroar, L50, M|87/100\n|-ability|p1a: Incineroar|Intimidate|boost\n|-unboost|p2a: Ho-Oh|atk|1\n|-unboost|p2b: Raging Bolt|atk|1\n|turn|8\n|\n|t:|1746133703\n|switch|p2a: Incineroar|Incineroar, L50, F|100/100\n|-ability|p2a: Incineroar|Intimidate|boost\n|-unboost|p1a: Incineroar|atk|1\n|-unboost|p1b: Terapagos|atk|1\n|move|p2b: Raging Bolt|Snarl|p1b: Terapagos|[spread] p1a,p1b\n|-resisted|p1a: Incineroar\n|-damage|p1a: Incineroar|82/100\n|-damage|p1b: Terapagos|66/100\n|-unboost|p1a: Incineroar|spa|1\n|-unboost|p1b: Terapagos|spa|1\n|move|p1b: Terapagos|Calm Mind|p1b: Terapagos\n|-boost|p1b: Terapagos|spa|1\n|-boost|p1b: Terapagos|spd|1\n|move|p1a: Incineroar|Parting Shot|p2a: Incineroar\n|-unboost|p2a: Incineroar|atk|1\n|-unboost|p2a: Incineroar|spa|1\n|\n|t:|1746133715\n|switch|p1a: Calyrex|Calyrex-Shadow, L50|100/100|[from] Parting Shot\n|-ability|p1a: Calyrex|As One\n|-ability|p1a: Calyrex|Unnerve\n|\n|-heal|p1b: Terapagos|72/100|[from] item: Leftovers\n|-sideend|p2: Pengu|move: Tailwind\n|upkeep\n|turn|9\n|inactive|dengonumber1fan has 30 seconds left.\n|\n|t:|1746133747\n|switch|p1a: Incineroar|Incineroar, L50, M|82/100\n|-ability|p1a: Incineroar|Intimidate|boost\n|-unboost|p2a: Incineroar|atk|1\n|-unboost|p2b: Raging Bolt|atk|1\n|move|p1b: Terapagos|Protect|p1b: Terapagos\n|-singleturn|p1b: Terapagos|Protect\n|move|p2b: Raging Bolt|Thunderclap||[still]\n|-fail|p2b: Raging Bolt\n|move|p2a: Incineroar|Knock Off|p1a: Incineroar\n|-resisted|p1a: Incineroar\n|-damage|p1a: Incineroar|74/100\n|-damage|p2a: Incineroar|84/100|[from] item: Rocky Helmet|[of] p1a: Incineroar\n|-enditem|p1a: Incineroar|Rocky Helmet|[from] move: Knock Off|[of] p2a: Incineroar\n|\n|-heal|p1b: Terapagos|79/100|[from] item: Leftovers\n|upkeep\n|turn|10\n|\n|t:|1746133769\n|move|p1a: Incineroar|Fake Out|p2b: Raging Bolt\n|-damage|p2b: Raging Bolt|0 fnt\n|faint|p2b: Raging Bolt\n|-end|p2b: Raging Bolt|Protosynthesis|[silent]\n|move|p1b: Terapagos|Tera Starstorm|p2a: Incineroar\n|-damage|p2a: Incineroar|28/100\n|move|p2a: Incineroar|Parting Shot|p1b: Terapagos\n|-unboost|p1b: Terapagos|atk|1\n|-unboost|p1b: Terapagos|spa|1\n|\n|t:|1746133773\n|switch|p2a: Koraidon|Koraidon, L50|100/100|[from] Parting Shot\n|-weather|SunnyDay|[from] ability: Orichalcum Pulse|[of] p2a: Koraidon\n|-activate|p2a: Koraidon|Orichalcum Pulse|[source]\n|\n|-weather|SunnyDay|[upkeep]\n|-heal|p1b: Terapagos|85/100|[from] item: Leftovers\n|upkeep\n|\n|t:|1746133776\n|switch|p2b: Incineroar|Incineroar, L50, F|28/100\n|-ability|p2b: Incineroar|Intimidate|boost\n|-unboost|p1a: Incineroar|atk|1\n|-unboost|p1b: Terapagos|atk|1\n|turn|11\n|inactive|dengonumber1fan has 30 seconds left.\n|\n|t:|1746133808\n|-terastallize|p1a: Incineroar|Poison\n|move|p2b: Incineroar|Fake Out|p1b: Terapagos\n|-damage|p1b: Terapagos|78/100\n|move|p2a: Koraidon|Scale Shot|p1a: Incineroar|[miss]\n|-miss|p2a: Koraidon|p1a: Incineroar\n|cant|p1b: Terapagos|flinch\n|move|p1a: Incineroar|Parting Shot|p2a: Koraidon\n|-unboost|p2a: Koraidon|atk|1\n|-unboost|p2a: Koraidon|spa|1\n|\n|t:|1746133818\n|switch|p1a: Calyrex|Calyrex-Shadow, L50|100/100|[from] Parting Shot\n|-ability|p1a: Calyrex|As One\n|-ability|p1a: Calyrex|Unnerve\n|\n|-weather|SunnyDay|[upkeep]\n|-heal|p1b: Terapagos|84/100|[from] item: Leftovers\n|upkeep\n|turn|12\n|\n|t:|1746133838\n|move|p1a: Calyrex|Astral Barrage|p2b: Incineroar|[spread] p2a,p2b\n|-resisted|p2b: Incineroar\n|-damage|p2a: Koraidon|47/100\n|-damage|p2b: Incineroar|5/100\n|move|p2a: Koraidon|Collision Course|p1b: Terapagos\n|-supereffective|p1b: Terapagos\n|-damage|p1b: Terapagos|0 fnt\n|faint|p1b: Terapagos\n|move|p2b: Incineroar|Flare Blitz|p1a: Calyrex\n|-crit|p1a: Calyrex\n|-enditem|p1a: Calyrex|Focus Sash\n|-damage|p1a: Calyrex|1/100\n|-damage|p2b: Incineroar|0 fnt|[from] Recoil\n|faint|p2b: Incineroar\n|\n|-weather|SunnyDay|[upkeep]\n|upkeep\n|\n|t:|1746133847\n|switch|p1b: Incineroar|Incineroar, L50, M, tera:Poison|74/100\n|switch|p2b: Ho-Oh|Ho-Oh, L50|81/100 par\n|-ability|p1b: Incineroar|Intimidate|boost\n|-unboost|p2a: Koraidon|atk|1\n|-unboost|p2b: Ho-Oh|atk|1\n|turn|13\n|\n|t:|1746133860\n|move|p2a: Koraidon|Protect|p2a: Koraidon\n|-singleturn|p2a: Koraidon|Protect\n|cant|p2b: Ho-Oh|par\n|move|p1b: Incineroar|Fake Out|p2b: Ho-Oh\n|-damage|p2b: Ho-Oh|71/100 par\n|move|p1a: Calyrex|Astral Barrage|p2a: Koraidon|[spread] p2b\n|-activate|p2a: Koraidon|move: Protect\n|-damage|p2b: Ho-Oh|39/100 par\n|\n|-weather|SunnyDay|[upkeep]\n|upkeep\n|turn|14\n|c|\u2606Pengu|ggs\n|\n|t:|1746133880\n|move|p2a: Koraidon|Protect|p2a: Koraidon\n|-singleturn|p2a: Koraidon|Protect\n|move|p1a: Calyrex|Astral Barrage|p2a: Koraidon|[spread] p2b\n|-activate|p2a: Koraidon|move: Protect\n|-damage|p2b: Ho-Oh|5/100 par\n|move|p1b: Incineroar|Knock Off|p2b: Ho-Oh\n|-damage|p2b: Ho-Oh|0 fnt\n|faint|p2b: Ho-Oh\n|\n|-weather|none\n|upkeep\n|turn|15\n|-message|Pengu forfeited.\n|\n|win|dengonumber1fan\n|l|\u2606Pengu\n|player|p2|\n|c|\u2606dengonumber1fan|ggs\n", "uploadtime": 1746133929, "views": 35, "formatid": "gen9vgc2025regibo3", "rating": null, "private": 0, "password": null}