{"id": "gen9vgc2025regibo3-2353421222", "format": "[Gen 9] VGC 2025 Reg I (Bo3)", "players": ["dancerladyaqua", "PENTAZeroPendejos"], "log": "|j|\u2606dancerladyaqua\n|j|\u2606PENTAZeroPendejos\n|html|<table width=\"100%\"><tr><td align=\"left\">dancerladyaqua</td><td align=\"right\">PENTAZeroPendejos</tr><tr><td align=\"left\"><i class=\"fa fa-circle-o\"></i> <i class=\"fa fa-circle-o\"></i> </td><td align=\"right\"><i class=\"fa fa-circle-o\"></i> <i class=\"fa fa-circle-o\"></i> </tr></table>\n|uhtml|bestof|<h2><strong>Game 1</strong> of <a href=\"/game-bestof3-gen9vgc2025regibo3-2353421221\">a best-of-3</a></h2>\n|t:|1745954470\n|gametype|doubles\n|player|p1|dancerladyaqua|dawn|1057\n|player|p2|PENTAZeroPendejos|iris-gen5bw2|1000\n|teamsize|p1|6\n|teamsize|p2|5\n|gen|9\n|tier|[Gen 9] VGC 2025 Reg I (Bo3)\n|rated|\n|rule|Species Clause: Limit one of each Pok\u00e9mon\n|rule|Item Clause: Limit 1 of each item\n|clearpoke\n|poke|p1|Eternatus, L50|\n|poke|p1|Tyranitar, L50, F|\n|poke|p1|Excadrill, L50, F|\n|poke|p1|Zamazenta-*, L50|\n|poke|p1|Whimsicott, L50, F|\n|poke|p1|Indeedee-F, L50, F|\n|poke|p2|Rillaboom, L50, M|\n|poke|p2|Meowscarada, L50, F|\n|poke|p2|Zekrom, L50|\n|poke|p2|Venusaur, L50, F|\n|poke|p2|Ceruledge, L50, M|\n|teampreview|4\n|showteam|p1|Eternatus||LifeOrb|Pressure|SludgeBomb,Protect,DynamaxCannon,Flamethrower||||||50|,,,,,Dark]Tyranitar||AirBalloon|SandStream|ThunderPunch,RockSlide,KnockOff,Protect|||F|||50|,,,,,Grass]Excadrill||ChoiceBand|SandRush|Earthquake,HighHorsepower,IronHead,TeraBlast|||F|||50|,,,,,Water]Zamazenta-Crowned||RustedShield|DauntlessShield|behemothbash,WideGuard,Protect,BodyPress||||||50|,,,,,Ghost]Whimsicott||CovertCloak|Prankster|LightScreen,Moonblast,Tailwind,Tickle|||F|||50|,,,,,Steel]Indeedee-F||SafetyGoggles|PsychicSurge|HelpingHand,FollowMe,Psychic,TrickRoom|||F|||50|,,,,,Fairy\n|showteam|p2|Rillaboom||ChoiceBand|GrassySurge|GrassyGlide,WoodHammer,Uturn,HighHorsepower|||M|||50|,,,,,Grass]Meowscarada||RockyHelmet|Protean|FlowerTrick,Uturn,PlayRough,LowSweep|||F|||50|,,,,,Grass]Zekrom||AirBalloon|Teravolt|DragonDance,ShadowBall,FusionBolt,EarthPower||||||50|,,,,,Ground]Venusaur||CovertCloak|Overgrow|PetalDance,SunnyDay,AcidSpray,SolarBeam|||F|||50|,,,,,Flying]Ceruledge||Leftovers|FlashFire|BitterBlade,SwordsDance,ShadowSneak,Protect|||M|||50|,,,,,Grass\n|\n|t:|1745954534\n|start\n|switch|p1a: Whimsicott|Whimsicott, L50, F|100/100\n|switch|p1b: Zamazenta|Zamazenta-Crowned, L50|100/100\n|switch|p2a: Rillaboom|Rillaboom, L50, M, shiny|100/100\n|switch|p2b: Meowscarada|Meowscarada, L50, F, shiny|100/100\n|-ability|p1b: Zamazenta|Dauntless Shield|boost\n|-boost|p1b: Zamazenta|def|1\n|-fieldstart|move: Grassy Terrain|[from] ability: Grassy Surge|[of] p2a: Rillaboom\n|turn|1\n|inactive|Battle timer is ON: inactive players will automatically lose when time's up. (requested by dancerladyaqua)\n|\n|t:|1745954562\n|move|p1b: Zamazenta|Protect|p1b: Zamazenta\n|-singleturn|p1b: Zamazenta|Protect\n|move|p1a: Whimsicott|Moonblast|p2b: Meowscarada\n|-supereffective|p2b: Meowscarada\n|-damage|p2b: Meowscarada|0 fnt\n|faint|p2b: Meowscarada\n|move|p2a: Rillaboom|U-turn|p1a: Whimsicott\n|-crit|p1a: Whimsicott\n|-damage|p1a: Whimsicott|12/100\n|\n|t:|1745954576\n|switch|p2a: Zekrom|Zekrom, L50, shiny|100/100|[from] U-turn\n|-ability|p2a: Zekrom|Teravolt\n|-item|p2a: Zekrom|Air Balloon\n|\n|-heal|p1a: Whimsicott|18/100|[from] Grassy Terrain\n|upkeep\n|\n|t:|1745954586\n|switch|p2b: Venusaur|Venusaur, L50, F, shiny|100/100\n|turn|2\n|\n|t:|1745954606\n|move|p1a: Whimsicott|Tailwind|p1a: Whimsicott\n|-sidestart|p1: dancerladyaqua|move: Tailwind\n|move|p1b: Zamazenta|Body Press|p2a: Zekrom\n|-damage|p2a: Zekrom|34/100\n|-enditem|p2a: Zekrom|Air Balloon\n|move|p2a: Zekrom|Fusion Bolt|p1b: Zamazenta\n|-damage|p1b: Zamazenta|79/100\n|move|p2b: Venusaur|Sunny Day|p2b: Venusaur\n|-weather|SunnyDay\n|\n|-weather|SunnyDay|[upkeep]\n|-heal|p1a: Whimsicott|24/100|[from] Grassy Terrain\n|-heal|p1b: Zamazenta|86/100|[from] Grassy Terrain\n|-heal|p2a: Zekrom|40/100|[from] Grassy Terrain\n|upkeep\n|turn|3\n|\n|t:|1745954623\n|move|p1a: Whimsicott|Light Screen|p1a: Whimsicott\n|-sidestart|p1: dancerladyaqua|move: Light Screen\n|move|p1b: Zamazenta|Body Press|p2a: Zekrom\n|-damage|p2a: Zekrom|0 fnt\n|faint|p2a: Zekrom\n|move|p2b: Venusaur|Solar Beam||[still]\n|-prepare|p2b: Venusaur|Solar Beam\n|-anim|p2b: Venusaur|Solar Beam|p1a: Whimsicott\n|-resisted|p1a: Whimsicott\n|-damage|p1a: Whimsicott|0 fnt\n|faint|p1a: Whimsicott\n|\n|-weather|SunnyDay|[upkeep]\n|-heal|p1b: Zamazenta|92/100|[from] Grassy Terrain\n|upkeep\n|\n|t:|1745954636\n|switch|p1a: Tyranitar|Tyranitar, L50, F|100/100\n|switch|p2a: Rillaboom|Rillaboom, L50, M, shiny|100/100\n|-weather|Sandstorm|[from] ability: Sand Stream|[of] p1a: Tyranitar\n|-item|p1a: Tyranitar|Air Balloon\n|turn|4\n|\n|t:|1745954649\n|switch|p1a: Eternatus|Eternatus, L50|100/100\n|-ability|p1a: Eternatus|Pressure\n|move|p2a: Rillaboom|Grassy Glide|p1a: Eternatus\n|-resisted|p1a: Eternatus\n|-damage|p1a: Eternatus|90/100\n|move|p1b: Zamazenta|Body Press|p2a: Rillaboom\n|-damage|p2a: Rillaboom|29/100\n|move|p2b: Venusaur|Solar Beam||[still]\n|-prepare|p2b: Venusaur|Solar Beam\n|\n|-weather|Sandstorm|[upkeep]\n|-damage|p1a: Eternatus|83/100|[from] Sandstorm\n|-damage|p2a: Rillaboom|23/100|[from] Sandstorm\n|-damage|p2b: Venusaur|95/100|[from] Sandstorm\n|-heal|p1a: Eternatus|90/100|[from] Grassy Terrain\n|-heal|p1b: Zamazenta|98/100|[from] Grassy Terrain\n|-heal|p2a: Rillaboom|29/100|[from] Grassy Terrain\n|-heal|p2b: Venusaur|100/100|[from] Grassy Terrain\n|upkeep\n|turn|5\n|\n|t:|1745954670\n|move|p2a: Rillaboom|Grassy Glide|p1b: Zamazenta\n|-resisted|p1b: Zamazenta\n|-damage|p1b: Zamazenta|85/100\n|move|p1a: Eternatus|Flamethrower|p2b: Venusaur\n|-supereffective|p2b: Venusaur\n|-damage|p2b: Venusaur|0 fnt\n|faint|p2b: Venusaur\n|-damage|p1a: Eternatus|80/100|[from] item: Life Orb\n|move|p1b: Zamazenta|Body Press|p2a: Rillaboom\n|-damage|p2a: Rillaboom|0 fnt\n|faint|p2a: Rillaboom\n|\n|win|dancerladyaqua\n|inactive|dancerladyaqua has 30 seconds to confirm battle start!\n|inactive|PENTAZeroPendejos has 30 seconds to confirm battle start!\n||dancerladyaqua is ready for game 2.\n|inactive|PENTAZeroPendejos has 20 seconds to confirm battle start!\n|l|\u2606PENTAZeroPendejos\n|player|p2|\n|inactive|PENTAZeroPendejos has 10 seconds to confirm battle start!\n", "uploadtime": 1745954702, "views": 14, "formatid": "gen9vgc2025regibo3", "rating": null, "private": 0, "password": null}