{"id": "gen9vgc2025regibo3-2355128398", "format": "[Gen 9] VGC 2025 Reg I (Bo3)", "players": ["HeatVW", "Secret Raikou"], "log": "|j|\u2606HeatVW\n|j|\u2606Secret Raikou\n|html|<table width=\"100%\"><tr><td align=\"left\">HeatVW</td><td align=\"right\">Secret Raikou</tr><tr><td align=\"left\"><i class=\"fa fa-circle-o\"></i> <i class=\"fa fa-circle-o\"></i> </td><td align=\"right\"><i class=\"fa fa-circle-o\"></i> <i class=\"fa fa-circle-o\"></i> </tr></table>\n|uhtml|bestof|<h2><strong>Game 1</strong> of <a href=\"/game-bestof3-gen9vgc2025regibo3-2355128397\">a best-of-3</a></h2>\n|t:|1746156078\n|gametype|doubles\n|player|p1|HeatVW|169|1157\n|player|p2|Secret Raikou|102|1137\n|teamsize|p1|6\n|teamsize|p2|4\n|gen|9\n|tier|[Gen 9] VGC 2025 Reg I (Bo3)\n|rated|\n|rule|Species Clause: Limit one of each Pok\u00e9mon\n|rule|Item Clause: Limit 1 of each item\n|clearpoke\n|poke|p1|Koraidon, L50|\n|poke|p1|Chi-Yu, L50|\n|poke|p1|Flutter Mane, L50|\n|poke|p1|Calyrex-Shadow, L50|\n|poke|p1|Tornadus, L50, M|\n|poke|p1|Raging Bolt, L50|\n|poke|p2|Hippowdon, L50, F|\n|poke|p2|Dialga-Origin, L50|\n|poke|p2|Ogerpon-Cornerstone, L50, F|\n|poke|p2|Houndstone, L50, M|\n|teampreview|4\n|showteam|p1|Koraidon||LifeOrb|OrichalcumPulse|FlareBlitz,FlameCharge,Protect,CollisionCourse||||||50|,,,,,Fire]Chi-Yu||ChoiceScarf|BeadsofRuin|HeatWave,Snarl,DarkPulse,Overheat||||||50|,,,,,Ghost]Flutter Mane||BoosterEnergy|Protosynthesis|Moonblast,IcyWind,Protect,Taunt||||||50|,,,,,Fairy]Calyrex-Shadow||FocusSash|AsOneSpectrier|AstralBarrage,Psychic,Encore,Protect||||||50|,,,,,Dark]Tornadus||CovertCloak|Prankster|Tailwind,BleakwindStorm,SunnyDay,Protect|||M|||50|,,,,,Dark]Raging Bolt||AssaultVest|Protosynthesis|Thunderbolt,Thunderclap,DragonPulse,Snarl||||||50|,,,,,Electric\n|showteam|p2|Hippowdon||RockyHelmet|SandStream|Protect,Yawn,Earthquake,Crunch|||F|||50|,,,,,Fairy]Dialga-Origin||AdamantCrystal|Pressure|Protect,TrickRoom,SteelBeam,RoarofTime||||||50|,,,,,Stellar]Ogerpon-Cornerstone||CornerstoneMask|Sturdy|SpikyShield,FollowMe,IvyCudgel,HornLeech|||F|||50|,,,,,Rock]Houndstone||FocusSash|SandRush|Protect,ShadowSneak,PlayRough,LastRespects|||M|||50|,,,,,Ghost\n|inactive|Battle timer is ON: inactive players will automatically lose when time's up. (requested by HeatVW)\n|\n|t:|1746156098\n|start\n|switch|p1a: Flutter Mane|Flutter Mane, L50|100/100\n|switch|p1b: Chi-Yu|Chi-Yu, L50|100/100\n|switch|p2a: Houndstone|Houndstone, L50, M|100/100\n|switch|p2b: Hippowdon|Hippowdon, L50, F|100/100\n|-ability|p1b: Chi-Yu|Beads of Ruin\n|-weather|Sandstorm|[from] ability: Sand Stream|[of] p2b: Hippowdon\n|-enditem|p1a: Flutter Mane|Booster Energy\n|-activate|p1a: Flutter Mane|ability: Protosynthesis|[fromitem]\n|-start|p1a: Flutter Mane|protosynthesisspe\n|turn|1\n|inactive|HeatVW has 30 seconds left.\n|inactive|Secret Raikou has 30 seconds left.\n|\n|t:|1746156140\n|move|p1a: Flutter Mane|Protect|p1a: Flutter Mane\n|-singleturn|p1a: Flutter Mane|Protect\n|move|p2a: Houndstone|Protect|p2a: Houndstone\n|-singleturn|p2a: Houndstone|Protect\n|move|p1b: Chi-Yu|Heat Wave|p2b: Hippowdon|[spread] \n|-activate|p2a: Houndstone|move: Protect\n|-miss|p1b: Chi-Yu|p2b: Hippowdon\n|move|p2b: Hippowdon|Yawn|p1a: Flutter Mane\n|-activate|p1a: Flutter Mane|move: Protect\n|\n|-weather|Sandstorm|[upkeep]\n|-damage|p1a: Flutter Mane|95/100|[from] Sandstorm\n|-damage|p1b: Chi-Yu|94/100|[from] Sandstorm\n|upkeep\n|turn|2\n|\n|t:|1746156164\n|-terastallize|p1a: Flutter Mane|Fairy\n|move|p2a: Houndstone|Shadow Sneak|p1a: Flutter Mane\n|-damage|p1a: Flutter Mane|61/100\n|move|p1a: Flutter Mane|Moonblast|p2a: Houndstone\n|-damage|p2a: Houndstone|7/100\n|move|p1b: Chi-Yu|Heat Wave|p2a: Houndstone|[spread] p2a,p2b\n|-damage|p2a: Houndstone|0 fnt\n|-damage|p2b: Hippowdon|60/100\n|faint|p2a: Houndstone\n|move|p2b: Hippowdon|Yawn|p1b: Chi-Yu\n|-start|p1b: Chi-Yu|move: Yawn|[of] p2b: Hippowdon\n|\n|-weather|Sandstorm|[upkeep]\n|-damage|p1a: Flutter Mane|55/100|[from] Sandstorm\n|-damage|p1b: Chi-Yu|88/100|[from] Sandstorm\n|upkeep\n|\n|t:|1746156177\n|switch|p2a: Dialga|Dialga-Origin, L50|100/100\n|-ability|p2a: Dialga|Pressure\n|turn|3\n|\n|t:|1746156189\n|switch|p1b: Koraidon|Koraidon, L50|100/100\n|-weather|SunnyDay|[from] ability: Orichalcum Pulse|[of] p1b: Koraidon\n|-activate|p1b: Koraidon|Orichalcum Pulse|[source]\n|move|p2a: Dialga|Protect|p2a: Dialga\n|-singleturn|p2a: Dialga|Protect\n|move|p1a: Flutter Mane|Taunt|p2a: Dialga\n|-activate|p2a: Dialga|move: Protect\n|move|p2b: Hippowdon|Yawn|p1a: Flutter Mane\n|-start|p1a: Flutter Mane|move: Yawn|[of] p2b: Hippowdon\n|\n|-weather|SunnyDay|[upkeep]\n|upkeep\n|turn|4\n|inactive|HeatVW has 30 seconds left.\n|\n|t:|1746156216\n|-end|p1a: Flutter Mane|Protosynthesis|[silent]\n|switch|p1a: Chi-Yu|Chi-Yu, L50|88/100\n|-ability|p1a: Chi-Yu|Beads of Ruin\n|switch|p2a: Ogerpon|Ogerpon-Cornerstone, L50, F|100/100\n|move|p1b: Koraidon|Collision Course|p2a: Ogerpon\n|-supereffective|p2a: Ogerpon\n|-ability|p2a: Ogerpon|Sturdy\n|-damage|p2a: Ogerpon|1/100\n|-damage|p1b: Koraidon|91/100|[from] item: Life Orb\n|move|p2b: Hippowdon|Yawn|p1b: Koraidon\n|-start|p1b: Koraidon|move: Yawn|[of] p2b: Hippowdon\n|\n|-weather|SunnyDay|[upkeep]\n|upkeep\n|turn|5\n|\n|t:|1746156228\n|switch|p1b: Flutter Mane|Flutter Mane, L50, tera:Fairy|55/100\n|-activate|p1b: Flutter Mane|ability: Protosynthesis\n|-start|p1b: Flutter Mane|protosynthesisspe\n|move|p2a: Ogerpon|Spiky Shield|p2a: Ogerpon\n|-singleturn|p2a: Ogerpon|move: Protect\n|move|p1a: Chi-Yu|Heat Wave|p2a: Ogerpon|[spread] p2b\n|-activate|p2a: Ogerpon|move: Protect\n|-damage|p2b: Hippowdon|0 fnt\n|faint|p2b: Hippowdon\n|\n|-weather|SunnyDay|[upkeep]\n|upkeep\n|\n|t:|1746156238\n|switch|p2b: Dialga|Dialga-Origin, L50|100/100\n|-ability|p2b: Dialga|Pressure\n|turn|6\n|-message|Secret Raikou forfeited.\n|\n|win|HeatVW\n|l|\u2606Secret Raikou\n|player|p2|\n||HeatVW is ready for game 2.\n||Secret Raikou is ready for game 2.\n|uhtml|next|Next: <a href=\"/battle-gen9vgc2025regibo3-2355129698\"><strong>Game 2 of 3</strong></a>\n|l|\u2606HeatVW\n|player|p1|\n", "uploadtime": 1746156621, "views": 3, "formatid": "gen9vgc2025regibo3", "rating": null, "private": 0, "password": null}