{"id": "gen9vgc2025regibo3-2353726774", "format": "[Gen 9] VGC 2025 Reg I (Bo3)", "players": ["johnbanned", "lycheesnail"], "log": "|j|\u2606johnbanned\n|j|\u2606lycheesnail\n|html|<table width=\"100%\"><tr><td align=\"left\">johnbanned</td><td align=\"right\">lycheesnail</tr><tr><td align=\"left\"><i class=\"fa fa-circle-o\"></i> <i class=\"fa fa-circle-o\"></i> </td><td align=\"right\"><i class=\"fa fa-circle-o\"></i> <i class=\"fa fa-circle-o\"></i> </tr></table>\n|uhtml|bestof|<h2><strong>Game 1</strong> of <a href=\"/game-bestof3-gen9vgc2025regibo3-2353726773\">a best-of-3</a></h2>\n|t:|1745989499\n|gametype|doubles\n|player|p1|johnbanned|baker|\n|player|p2|lycheesnail|preschoolerf|\n|teamsize|p1|6\n|teamsize|p2|6\n|gen|9\n|tier|[Gen 9] VGC 2025 Reg I (Bo3)\n|rule|Species Clause: Limit one of each Pok\u00e9mon\n|rule|Item Clause: Limit 1 of each item\n|clearpoke\n|poke|p1|Giratina, L50|\n|poke|p1|Amoonguss, L50, M|\n|poke|p1|Grimmsnarl, L50, M|\n|poke|p1|Urshifu-*, L50, F|\n|poke|p1|Rillaboom, L50, M|\n|poke|p1|Zacian-*, L50|\n|poke|p2|Volcarona, L50, F|\n|poke|p2|Groudon, L50|\n|poke|p2|Reshiram, L50|\n|poke|p2|Sableye, L50, M|\n|poke|p2|Dipplin, L50, M|\n|poke|p2|Oricorio-Pom-Pom, L50, F|\n|teampreview|4\n|showteam|p1|Giratina||Leftovers|Pressure|CalmMind,Hex,Protect,DragonPulse||||||50|,,,,,Water]Amoonguss||RockyHelmet|Regenerator|ClearSmog,RagePowder,Protect,Spore|||M|||50|,,,,,Dark]Grimmsnarl||LightClay|Prankster|SpiritBreak,ThunderWave,LightScreen,Reflect|||M|||50|,,,,,Ghost]Urshifu||FocusSash|UnseenFist|CloseCombat,WickedBlow,Detect,PoisonJab|||F|||50|,,,,,Poison]Rillaboom||AssaultVest|GrassySurge|Uturn,WoodHammer,FakeOut,GrassyGlide|||M|||50|,,,,,Fire]Zacian-Crowned||RustedSword|IntrepidSword|behemothblade,SacredSword,PlayRough,Protect||||||50|,,,,,Fighting\n|showteam|p2|Volcarona||Leftovers|FlameBody|QuiverDance,FieryDance,RagePowder,GigaDrain|||F|||50|,,,,,Water]Groudon||ClearAmulet|Drought|PrecipiceBlades,HeatCrash,Protect,StompingTantrum||||||50|,,,,,Fire]Reshiram||AssaultVest|Turboblaze|BlueFlare,EarthPower,DracoMeteor,HeatWave||||||50|,,,,,Ghost]Sableye||SafetyGoggles|Prankster|Gravity,WillOWisp,FoulPlay,FakeOut|||M|||50|,,,,,Steel]Dipplin||Eviolite|SupersweetSyrup|PollenPuff,Protect,DracoMeteor,SyrupBomb|||M|||50|,,,,,Fairy]Oricorio-Pom-Pom||FocusSash|Dancer|RevelationDance,Tailwind,Protect,AirSlash|||F|||50|,,,,,Ground\n|\n|t:|1745989559\n|start\n|switch|p1a: zange eraser|Grimmsnarl, L50, M, shiny|100/100\n|switch|p1b: shinigami|Giratina, L50, shiny|100/100\n|switch|p2a: Oricorio|Oricorio-Pom-Pom, L50, F|100/100\n|switch|p2b: Volcarona|Volcarona, L50, F, shiny|100/100\n|-ability|p1b: shinigami|Pressure\n|turn|1\n|\n|t:|1745989602\n|move|p1a: zange eraser|Thunder Wave|p2b: Volcarona\n|-status|p2b: Volcarona|par\n|move|p2a: Oricorio|Tailwind|p2a: Oricorio\n|-sidestart|p2: lycheesnail|move: Tailwind\n|move|p2b: Volcarona|Quiver Dance|p2b: Volcarona\n|-boost|p2b: Volcarona|spa|1\n|-boost|p2b: Volcarona|spd|1\n|-boost|p2b: Volcarona|spe|1\n|-activate|p2a: Oricorio|ability: Dancer\n|move|p2a: Oricorio|Quiver Dance|p2a: Oricorio|[from] ability: Dancer\n|-boost|p2a: Oricorio|spa|1\n|-boost|p2a: Oricorio|spd|1\n|-boost|p2a: Oricorio|spe|1\n|move|p1b: shinigami|Calm Mind|p1b: shinigami\n|-boost|p1b: shinigami|spa|1\n|-boost|p1b: shinigami|spd|1\n|\n|upkeep\n|turn|2\n|\n|t:|1745989630\n|move|p1a: zange eraser|Thunder Wave|p2a: Oricorio\n|-immune|p2a: Oricorio\n|move|p2a: Oricorio|Air Slash|p1b: shinigami\n|-damage|p1b: shinigami|83/100\n|move|p2b: Volcarona|Quiver Dance|p2b: Volcarona\n|-boost|p2b: Volcarona|spa|1\n|-boost|p2b: Volcarona|spd|1\n|-boost|p2b: Volcarona|spe|1\n|-activate|p2a: Oricorio|ability: Dancer\n|move|p2a: Oricorio|Quiver Dance|p2a: Oricorio|[from] ability: Dancer\n|-boost|p2a: Oricorio|spa|1\n|-boost|p2a: Oricorio|spd|1\n|-boost|p2a: Oricorio|spe|1\n|move|p1b: shinigami|Calm Mind|p1b: shinigami\n|-boost|p1b: shinigami|spa|1\n|-boost|p1b: shinigami|spd|1\n|\n|-heal|p1b: shinigami|89/100|[from] item: Leftovers\n|upkeep\n|turn|3\n|\n|t:|1745989668\n|move|p1a: zange eraser|Light Screen|p1a: zange eraser\n|-sidestart|p1: johnbanned|move: Light Screen\n|move|p2a: Oricorio|Air Slash|p1b: shinigami\n|-damage|p1b: shinigami|76/100\n|move|p2b: Volcarona|Quiver Dance|p2b: Volcarona\n|-boost|p2b: Volcarona|spa|1\n|-boost|p2b: Volcarona|spd|1\n|-boost|p2b: Volcarona|spe|1\n|-activate|p2a: Oricorio|ability: Dancer\n|move|p2a: Oricorio|Quiver Dance|p2a: Oricorio|[from] ability: Dancer\n|-boost|p2a: Oricorio|spa|1\n|-boost|p2a: Oricorio|spd|1\n|-boost|p2a: Oricorio|spe|1\n|cant|p1b: shinigami|flinch\n|\n|-heal|p1b: shinigami|83/100|[from] item: Leftovers\n|upkeep\n|turn|4\n|\n|t:|1745989706\n|switch|p1a: zilch alexander|Zacian-Crowned, L50|100/100\n|-ability|p1a: zilch alexander|Intrepid Sword|boost\n|-boost|p1a: zilch alexander|atk|1\n|move|p2a: Oricorio|Air Slash|p1b: shinigami\n|-damage|p1b: shinigami|67/100\n|move|p2b: Volcarona|Quiver Dance|p2b: Volcarona\n|-boost|p2b: Volcarona|spa|1\n|-boost|p2b: Volcarona|spd|1\n|-boost|p2b: Volcarona|spe|1\n|-activate|p2a: Oricorio|ability: Dancer\n|move|p2a: Oricorio|Quiver Dance|p2a: Oricorio|[from] ability: Dancer\n|-boost|p2a: Oricorio|spa|1\n|-boost|p2a: Oricorio|spd|1\n|-boost|p2a: Oricorio|spe|1\n|move|p1b: shinigami|Calm Mind|p1b: shinigami\n|-boost|p1b: shinigami|spa|1\n|-boost|p1b: shinigami|spd|1\n|\n|-heal|p1b: shinigami|74/100|[from] item: Leftovers\n|-sideend|p2: lycheesnail|move: Tailwind\n|upkeep\n|turn|5\n|\n|t:|1745989749\n|move|p2a: Oricorio|Tailwind|p2a: Oricorio\n|-sidestart|p2: lycheesnail|move: Tailwind\n|move|p2b: Volcarona|Fiery Dance|p1a: zilch alexander\n|-supereffective|p1a: zilch alexander\n|-damage|p1a: zilch alexander|0 fnt\n|-boost|p2b: Volcarona|spa|1\n|faint|p1a: zilch alexander\n|-activate|p2a: Oricorio|ability: Dancer\n|move|p2a: Oricorio|Fiery Dance|p1b: shinigami|[from] ability: Dancer\n|-resisted|p1b: shinigami\n|-damage|p1b: shinigami|69/100\n|-boost|p2a: Oricorio|spa|1\n|move|p1b: shinigami|Calm Mind|p1b: shinigami\n|-boost|p1b: shinigami|spa|1\n|-boost|p1b: shinigami|spd|1\n|\n|-heal|p1b: shinigami|75/100|[from] item: Leftovers\n|upkeep\n|\n|t:|1745989768\n|switch|p1a: zange eraser|Grimmsnarl, L50, M, shiny|100/100\n|turn|6\n|\n|t:|1745989783\n|move|p2a: Oricorio|Air Slash|p1b: shinigami\n|-damage|p1b: shinigami|60/100\n|cant|p2b: Volcarona|par\n|move|p1b: shinigami|Calm Mind|p1b: shinigami\n|-boost|p1b: shinigami|spa|1\n|-boost|p1b: shinigami|spd|1\n|move|p1a: zange eraser|Spirit Break|p2a: Oricorio\n|-damage|p2a: Oricorio|50/100\n|-unboost|p2a: Oricorio|spa|1\n|\n|-heal|p1b: shinigami|67/100|[from] item: Leftovers\n|upkeep\n|turn|7\n|\n|t:|1745989818\n|move|p2a: Oricorio|Air Slash|p1b: shinigami\n|-damage|p1b: shinigami|54/100\n|move|p2b: Volcarona|Quiver Dance|p2b: Volcarona\n|-boost|p2b: Volcarona|spa|1\n|-boost|p2b: Volcarona|spd|1\n|-boost|p2b: Volcarona|spe|1\n|-activate|p2a: Oricorio|ability: Dancer\n|move|p2a: Oricorio|Quiver Dance|p2a: Oricorio|[from] ability: Dancer\n|-boost|p2a: Oricorio|spa|1\n|-boost|p2a: Oricorio|spd|1\n|-boost|p2a: Oricorio|spe|1\n|move|p1b: shinigami|Calm Mind|p1b: shinigami\n|-boost|p1b: shinigami|spa|1\n|-boost|p1b: shinigami|spd|1\n|move|p1a: zange eraser|Spirit Break|p2a: Oricorio\n|-damage|p2a: Oricorio|2/100\n|-unboost|p2a: Oricorio|spa|1\n|\n|-heal|p1b: shinigami|60/100|[from] item: Leftovers\n|upkeep\n|turn|8\n|\n|t:|1745989858\n|move|p2a: Oricorio|Revelation Dance|p1a: zange eraser\n|-damage|p1a: zange eraser|44/100\n|move|p2b: Volcarona|Fiery Dance|p1b: shinigami\n|-resisted|p1b: shinigami\n|-damage|p1b: shinigami|53/100\n|-activate|p2a: Oricorio|ability: Dancer\n|move|p2a: Oricorio|Fiery Dance|p1b: shinigami|[from] ability: Dancer\n|-resisted|p1b: shinigami\n|-damage|p1b: shinigami|50/100\n|-boost|p2a: Oricorio|spa|1\n|move|p1b: shinigami|Hex|p2a: Oricorio\n|-damage|p2a: Oricorio|0 fnt\n|faint|p2a: Oricorio\n|move|p1a: zange eraser|Spirit Break|p2b: Volcarona\n|-resisted|p2b: Volcarona\n|-damage|p2b: Volcarona|86/100 par\n|-unboost|p2b: Volcarona|spa|1\n|\n|-heal|p2b: Volcarona|93/100 par|[from] item: Leftovers\n|-heal|p1b: shinigami|56/100|[from] item: Leftovers\n|-sideend|p2: lycheesnail|move: Tailwind\n|upkeep\n|\n|t:|1745989886\n|switch|p2a: Dipplin|Dipplin, L50, M, shiny|100/100\n|-ability|p2a: Dipplin|Supersweet Syrup\n|-unboost|p1a: zange eraser|evasion|1\n|-unboost|p1b: shinigami|evasion|1\n|turn|9\n|\n|t:|1745989917\n|move|p1a: zange eraser|Thunder Wave|p2a: Dipplin\n|-status|p2a: Dipplin|par\n|move|p2b: Volcarona|Fiery Dance|p1b: shinigami\n|-resisted|p1b: shinigami\n|-damage|p1b: shinigami|50/100\n|-boost|p2b: Volcarona|spa|1\n|move|p1b: shinigami|Hex|p2b: Volcarona\n|-crit|p2b: Volcarona\n|-damage|p2b: Volcarona|0 fnt\n|faint|p2b: Volcarona\n|move|p2a: Dipplin|Pollen Puff|p1a: zange eraser\n|-damage|p1a: zange eraser|34/100\n|\n|-heal|p1b: shinigami|56/100|[from] item: Leftovers\n|upkeep\n|\n|t:|1745989931\n|switch|p2b: Reshiram|Reshiram, L50, shiny|100/100\n|-ability|p2b: Reshiram|Turboblaze\n|turn|10\n|\n|t:|1745989962\n|move|p1a: zange eraser|Thunder Wave|p2b: Reshiram\n|-status|p2b: Reshiram|par\n|move|p1b: shinigami|Hex|p2a: Dipplin\n|-damage|p2a: Dipplin|0 fnt\n|faint|p2a: Dipplin\n|move|p2b: Reshiram|Blue Flare|p1a: zange eraser\n|-damage|p1a: zange eraser|0 fnt\n|faint|p1a: zange eraser\n|\n|-heal|p1b: shinigami|62/100|[from] item: Leftovers\n|-sideend|p1: johnbanned|move: Light Screen\n|upkeep\n|\n|t:|1745989972\n|switch|p1a: eep|Amoonguss, L50, M, shiny|100/100\n|turn|11\n|\n|t:|1745989988\n|move|p1b: shinigami|Dragon Pulse|p2b: Reshiram\n|-supereffective|p2b: Reshiram\n|-damage|p2b: Reshiram|0 fnt\n|faint|p2b: Reshiram\n|\n|win|johnbanned\n||lycheesnail is ready for game 2.\n|inactive|johnbanned has 30 seconds to confirm battle start!\n||johnbanned is ready for game 2.\n|uhtml|next|Next: <a href=\"/battle-gen9vgc2025regibo3-2353729814\"><strong>Game 2 of 3</strong></a>\n", "uploadtime": 1745990336, "views": 6, "formatid": "gen9vgc2025regibo3", "rating": null, "private": 0, "password": null}