{"id": "gen9vgc2025regibo3-2353326175", "format": "[Gen 9] VGC 2025 Reg I (Bo3)", "players": ["electrictopi", "ilprofessorpoketyt"], "log": "|j|\u2606electrictopi\n|j|\u2606ilprofessorpoketyt\n|html|<table width=\"100%\"><tr><td align=\"left\">electrictopi</td><td align=\"right\">ilprofessorpoketyt</tr><tr><td align=\"left\"><i class=\"fa fa-circle-o\"></i> <i class=\"fa fa-circle-o\"></i> </td><td align=\"right\"><i class=\"fa fa-circle-o\"></i> <i class=\"fa fa-circle-o\"></i> </tr></table>\n|uhtml|bestof|<h2><strong>Game 1</strong> of <a href=\"/game-bestof3-gen9vgc2025regibo3-2353326174\">a best-of-3</a></h2>\n|t:|1745946604\n|gametype|doubles\n|player|p1|electrictopi|265|1192\n|player|p2|ilprofessorpoketyt|colress-gen7|1253\n|teamsize|p1|6\n|teamsize|p2|6\n|gen|9\n|tier|[Gen 9] VGC 2025 Reg I (Bo3)\n|rated|\n|rule|Species Clause: Limit one of each Pok\u00e9mon\n|rule|Item Clause: Limit 1 of each item\n|clearpoke\n|poke|p1|Calyrex-Shadow, L50|\n|poke|p1|Zamazenta-*, L50|\n|poke|p1|Tornadus, L50, M|\n|poke|p1|Chien-Pao, L50|\n|poke|p1|Urshifu-*, L50, M|\n|poke|p1|Rillaboom, L50, M|\n|poke|p2|Calyrex-Ice, L50|\n|poke|p2|Miraidon, L50|\n|poke|p2|Farigiraf, L50, F|\n|poke|p2|Iron Hands, L50|\n|poke|p2|Whimsicott, L50, M|\n|poke|p2|Urshifu-*, L50, F|\n|teampreview|4\n|showteam|p1|Calyrex-Shadow||FocusSash|AsOneSpectrier|AstralBarrage,Encore,Psychic,Protect||||||50|,,,,,Ghost]Zamazenta-Crowned||RustedShield|DauntlessShield|BodyPress,WideGuard,HeavySlam,Protect||||||50|,,,,,Ghost]Tornadus||CovertCloak|Prankster|RainDance,BleakwindStorm,Tailwind,Taunt|||M|||50|,,,,,Dark]Chien-Pao||LifeOrb|SwordofRuin|IceSpinner,ThroatChop,SuckerPunch,Protect||||||50|,,,,,Stellar]Urshifu-Rapid-Strike||MysticWater|UnseenFist|SurgingStrikes,Detect,CloseCombat,AquaJet|||M|||50|,,,,,Water]Rillaboom||AssaultVest|GrassySurge|GrassyGlide,WoodHammer,FakeOut,Uturn|||M|||50|,,,,,Fire\n|showteam|p2|Calyrex-Ice||ClearAmulet|AsOneGlastrier|GlacialLance,HighHorsepower,TrickRoom,Protect||||||50|,,,,,Fire]Miraidon||ChoiceSpecs|HadronEngine|ElectroDrift,VoltSwitch,DracoMeteor,DazzlingGleam||||||50|,,,,,Fairy]Farigiraf||ElectricSeed|ArmorTail|FoulPlay,PsychicNoise,TrickRoom,HelpingHand|||F|||50|,,,,,Water]Iron Hands||AssaultVest|QuarkDrive|WildCharge,DrainPunch,LowKick,FakeOut||||||50|,,,,,Bug]Whimsicott||CovertCloak|Prankster|Moonblast,LightScreen,Tailwind,Encore|||M|||50|,,,,,Poison]Urshifu||FocusSash|UnseenFist|WickedBlow,SuckerPunch,CloseCombat,Detect|||F|||50|,,,,,Stellar\n|inactive|Battle timer is ON: inactive players will automatically lose when time's up. (requested by ilprofessorpoketyt)\n|j| Marmotto\n|inactive|electrictopi has 60 seconds left.\n|\n|t:|1745946651\n|start\n|switch|p1a: Calyrex|Calyrex-Shadow, L50|100/100\n|switch|p1b: Chien-Pao|Chien-Pao, L50|100/100\n|switch|p2a: Miraidon|Miraidon, L50|100/100\n|switch|p2b: Farigiraf|Farigiraf, L50, F|100/100\n|-ability|p1a: Calyrex|As One\n|-ability|p1a: Calyrex|Unnerve\n|-ability|p1b: Chien-Pao|Sword of Ruin\n|-fieldstart|move: Electric Terrain|[from] ability: Hadron Engine|[of] p2a: Miraidon\n|-enditem|p2b: Farigiraf|Electric Seed\n|-boost|p2b: Farigiraf|def|1|[from] item: Electric Seed\n|turn|1\n|\n|t:|1745946674\n|move|p1a: Calyrex|Astral Barrage|p2a: Miraidon|[spread] p2a\n|-immune|p2b: Farigiraf\n|-damage|p2a: Miraidon|61/100\n|move|p1b: Chien-Pao|Throat Chop|p2a: Miraidon\n|-damage|p2a: Miraidon|6/100\n|-start|p2a: Miraidon|Throat Chop|[silent]\n|-damage|p1b: Chien-Pao|91/100|[from] item: Life Orb\n|move|p2a: Miraidon|Volt Switch|p1b: Chien-Pao\n|-damage|p1b: Chien-Pao|0 fnt\n|faint|p1b: Chien-Pao\n|\n|t:|1745946684\n|switch|p2a: Calyrex|Calyrex-Ice, L50|100/100|[from] Volt Switch\n|-ability|p2a: Calyrex|As One\n|-ability|p2a: Calyrex|Unnerve\n|move|p2b: Farigiraf|Trick Room|p2b: Farigiraf\n|-fieldstart|move: Trick Room|[of] p2b: Farigiraf\n|\n|upkeep\n|\n|t:|1745946689\n|switch|p1b: Zamazenta|Zamazenta-Crowned, L50|100/100\n|-ability|p1b: Zamazenta|Dauntless Shield|boost\n|-boost|p1b: Zamazenta|def|1\n|turn|2\n|\n|t:|1745946696\n|move|p1a: Calyrex|Protect|p1a: Calyrex\n|-singleturn|p1a: Calyrex|Protect\n|move|p2a: Calyrex|High Horsepower|p1a: Calyrex\n|-activate|p1a: Calyrex|move: Protect\n|move|p2b: Farigiraf|Foul Play|p1a: Calyrex\n|-activate|p1a: Calyrex|move: Protect\n|move|p1b: Zamazenta|Body Press|p2a: Calyrex\n|-damage|p2a: Calyrex|57/100\n|\n|upkeep\n|turn|3\n|\n|t:|1745946720\n|move|p2a: Calyrex|Glacial Lance|p1b: Zamazenta|[spread] p1a,p1b\n|-resisted|p1b: Zamazenta\n|-damage|p1a: Calyrex|33/100\n|-damage|p1b: Zamazenta|89/100\n|move|p2b: Farigiraf|Foul Play|p1a: Calyrex\n|-supereffective|p1a: Calyrex\n|-damage|p1a: Calyrex|0 fnt\n|faint|p1a: Calyrex\n|move|p1b: Zamazenta|Body Press|p2a: Calyrex\n|-damage|p2a: Calyrex|11/100\n|\n|upkeep\n|\n|t:|1745946726\n|switch|p1a: Urshifu|Urshifu-Rapid-Strike, L50, M|100/100\n|turn|4\n|\n|t:|1745946740\n|-terastallize|p1a: Urshifu|Water\n|move|p2a: Calyrex|High Horsepower|p1b: Zamazenta|[miss]\n|-miss|p2a: Calyrex|p1b: Zamazenta\n|move|p2b: Farigiraf|Psychic Noise|p1b: Zamazenta\n|-damage|p1b: Zamazenta|67/100\n|-start|p1b: Zamazenta|move: Heal Block\n|move|p1a: Urshifu|Surging Strikes|p2b: Farigiraf\n|-crit|p2b: Farigiraf\n|-damage|p2b: Farigiraf|76/100\n|-crit|p2b: Farigiraf\n|-damage|p2b: Farigiraf|50/100\n|-crit|p2b: Farigiraf\n|-damage|p2b: Farigiraf|26/100\n|-hitcount|p2b: Farigiraf|3\n|move|p1b: Zamazenta|Body Press|p2a: Calyrex\n|-damage|p2a: Calyrex|0 fnt\n|faint|p2a: Calyrex\n|\n|upkeep\n|\n|t:|1745946751\n|switch|p2a: Iron Hands|Iron Hands, L50|100/100\n|-activate|p2a: Iron Hands|ability: Quark Drive\n|-start|p2a: Iron Hands|quarkdriveatk\n|turn|5\n|\n|t:|1745946760\n|move|p1a: Urshifu|Detect|p1a: Urshifu\n|-singleturn|p1a: Urshifu|Protect\n|move|p1b: Zamazenta|Protect|p1b: Zamazenta\n|-singleturn|p1b: Zamazenta|Protect\n|move|p2b: Farigiraf|Psychic Noise|p1b: Zamazenta\n|-activate|p1b: Zamazenta|move: Protect\n|move|p2a: Iron Hands|Wild Charge|p1a: Urshifu\n|-activate|p1a: Urshifu|move: Protect\n|\n|-end|p1b: Zamazenta|move: Heal Block\n|-fieldend|move: Trick Room\n|-fieldend|move: Electric Terrain\n|-end|p2a: Iron Hands|Quark Drive\n|upkeep\n|turn|6\n|\n|t:|1745946769\n|move|p1b: Zamazenta|Body Press|p2a: Iron Hands\n|-damage|p2a: Iron Hands|51/100\n|move|p1a: Urshifu|Close Combat|p2a: Iron Hands\n|-damage|p2a: Iron Hands|6/100\n|-unboost|p1a: Urshifu|def|1\n|-unboost|p1a: Urshifu|spd|1\n|move|p2a: Iron Hands|Wild Charge|p1a: Urshifu\n|-supereffective|p1a: Urshifu\n|-damage|p1a: Urshifu|0 fnt\n|faint|p1a: Urshifu\n|-damage|p2a: Iron Hands|0 fnt|[from] Recoil\n|faint|p2a: Iron Hands\n|-end|p2a: Iron Hands|Quark Drive|[silent]\n|move|p2b: Farigiraf|Trick Room|p2b: Farigiraf\n|-fieldstart|move: Trick Room|[of] p2b: Farigiraf\n|\n|upkeep\n|\n|t:|1745946775\n|switch|p2a: Miraidon|Miraidon, L50|6/100\n|-fieldstart|move: Electric Terrain|[from] ability: Hadron Engine|[of] p2a: Miraidon\n|turn|7\n|\n|t:|1745946787\n|move|p2b: Farigiraf|Psychic Noise|p1b: Zamazenta\n|-damage|p1b: Zamazenta|45/100\n|-start|p1b: Zamazenta|move: Heal Block\n|move|p2a: Miraidon|Electro Drift|p1b: Zamazenta\n|-damage|p1b: Zamazenta|0 fnt\n|faint|p1b: Zamazenta\n|\n|win|ilprofessorpoketyt\n||electrictopi is ready for game 2.\n||ilprofessorpoketyt is ready for game 2.\n|uhtml|next|Next: <a href=\"/battle-gen9vgc2025regibo3-2353328488\"><strong>Game 2 of 3</strong></a>\n|l|\u2606ilprofessorpoketyt\n|player|p2|\n|l| Marmotto\n|j|\u2606ilprofessorpoketyt\n|player|p2|ilprofessorpoketyt|colress-gen7|\n", "uploadtime": 1745946950, "views": 13, "formatid": "gen9vgc2025regibo3", "rating": null, "private": 0, "password": null}