{"id": "gen9vgc2025regibo3-2354758500", "format": "[Gen 9] VGC 2025 Reg I (Bo3)", "players": ["rubentino", "HushWasHere"], "log": "|j|\u2606rubentino\n|j|\u2606HushWasHere\n|html|<table width=\"100%\"><tr><td align=\"left\">rubentino</td><td align=\"right\">HushWasHere</tr><tr><td align=\"left\"><i class=\"fa fa-circle-o\"></i> <i class=\"fa fa-circle-o\"></i> </td><td align=\"right\"><i class=\"fa fa-circle-o\"></i> <i class=\"fa fa-circle-o\"></i> </tr></table>\n|uhtml|bestof|<h2><strong>Game 1</strong> of <a href=\"/game-bestof3-gen9vgc2025regibo3-2354758499\">a best-of-3</a></h2>\n|t:|1746117211\n|gametype|doubles\n|player|p1|rubentino|1|1119\n|player|p2|HushWasHere|supernerd|1136\n|teamsize|p1|6\n|teamsize|p2|6\n|gen|9\n|tier|[Gen 9] VGC 2025 Reg I (Bo3)\n|rated|\n|rule|Species Clause: Limit one of each Pok\u00e9mon\n|rule|Item Clause: Limit 1 of each item\n|clearpoke\n|poke|p1|Terapagos, L50, M|\n|poke|p1|Calyrex-Shadow, L50|\n|poke|p1|Incineroar, L50, M|\n|poke|p1|Rillaboom, L50, M|\n|poke|p1|Urshifu-*, L50, M|\n|poke|p1|Amoonguss, L50, F|\n|poke|p2|Miraidon, L50|\n|poke|p2|Farigiraf, L50, F|\n|poke|p2|Calyrex-Ice, L50|\n|poke|p2|Iron Hands, L50|\n|poke|p2|Ogerpon-Cornerstone, L50, F|\n|poke|p2|Volcarona, L50, F|\n|teampreview|4\n|showteam|p1|Terapagos||Leftovers|TeraShift|TeraStarstorm,EarthPower,CalmMind,Protect|||M|||50|,,,,,Stellar]Calyrex-Shadow||FocusSash|AsOneSpectrier|AstralBarrage,Encore,Disable,Protect||||||50|,,,,,Ghost]Incineroar||SafetyGoggles|Intimidate|FakeOut,KnockOff,WillOWisp,PartingShot|||M|||50|,,,,,Bug]Rillaboom||AssaultVest|GrassySurge|FakeOut,WoodHammer,GrassyGlide,Uturn|||M|||50|,,,,,Water]Urshifu-Rapid-Strike||ChoiceScarf|UnseenFist|SurgingStrikes,CloseCombat,AquaJet,Uturn|||M|||50|,,,,,Water]Amoonguss||RockyHelmet|Regenerator|SludgeBomb,Spore,RagePowder,Protect|||F|||50|,,,,,Water\n|showteam|p2|Miraidon||ChoiceScarf|HadronEngine|VoltSwitch,ElectroDrift,DracoMeteor,Snarl||||||50|,,,,,Electric]Farigiraf||ElectricSeed|ArmorTail|FoulPlay,PsychicNoise,TrickRoom,HelpingHand|||F|||50|,,,,,Water]Calyrex-Ice||ClearAmulet|AsOneGlastrier|GlacialLance,HighHorsepower,TrickRoom,Protect||||||50|,,,,,Fire]Iron Hands||AssaultVest|QuarkDrive|DrainPunch,LowKick,WildCharge,FakeOut||||||50|,,,,,Water]Ogerpon-Cornerstone||CornerstoneMask|Sturdy|IvyCudgel,FollowMe,SpikyShield,PowerWhip|||F|||50|,,,,,Rock]Volcarona||RockyHelmet|FlameBody|FieryDance,WillOWisp,RagePowder,StruggleBug|||F|||50|,,,,,Dragon\n|inactive|Battle timer is ON: inactive players will automatically lose when time's up. (requested by HushWasHere)\n|inactive|rubentino has 60 seconds left.\n|inactive|HushWasHere has 60 seconds left.\n|inactive|rubentino has 30 seconds left.\n|inactive|rubentino has 20 seconds left.\n|\n|t:|1746117282\n|start\n|switch|p1a: Rillaboom|Rillaboom, L50, M|100/100\n|switch|p1b: Terapagos|Terapagos, L50, M|100/100\n|switch|p2a: Miraidon|Miraidon, L50|100/100\n|switch|p2b: Farigiraf|Farigiraf, L50, F|100/100\n|-activate|p1b: Terapagos|ability: Tera Shift\n|detailschange|p1b: Terapagos|Terapagos-Terastal, L50, M\n|-heal|p1b: Terapagos|100/100|[silent]\n|-fieldstart|move: Electric Terrain|[from] ability: Hadron Engine|[of] p2a: Miraidon\n|-enditem|p2b: Farigiraf|Electric Seed\n|-boost|p2b: Farigiraf|def|1|[from] item: Electric Seed\n|-fieldstart|move: Grassy Terrain|[from] ability: Grassy Surge|[of] p1a: Rillaboom\n|turn|1\n|inactive|rubentino has 30 seconds left.\n|\n|t:|1746117312\n|move|p2a: Miraidon|Volt Switch|p1a: Rillaboom\n|-resisted|p1a: Rillaboom\n|-damage|p1a: Rillaboom|88/100\n|\n|t:|1746117316\n|switch|p2a: Iron Hands|Iron Hands, L50, shiny|100/100|[from] Volt Switch\n|move|p1b: Terapagos|Calm Mind|p1b: Terapagos\n|-boost|p1b: Terapagos|spa|1\n|-boost|p1b: Terapagos|spd|1\n|move|p1a: Rillaboom|U-turn|p2b: Farigiraf\n|-supereffective|p2b: Farigiraf\n|-damage|p2b: Farigiraf|76/100\n|\n|t:|1746117328\n|switch|p1a: Amoonguss|Amoonguss, L50, F|100/100|[from] U-turn\n|move|p2b: Farigiraf|Trick Room|p2b: Farigiraf\n|-fieldstart|move: Trick Room|[of] p2b: Farigiraf\n|\n|-heal|p2b: Farigiraf|83/100|[from] Grassy Terrain\n|upkeep\n|turn|2\n|\n|t:|1746117340\n|-end|p2a: Iron Hands|Quark Drive|[silent]\n|switch|p2a: Miraidon|Miraidon, L50|100/100\n|-fieldstart|move: Electric Terrain|[from] ability: Hadron Engine|[of] p2a: Miraidon\n|move|p1a: Amoonguss|Spore|p2a: Miraidon\n|-activate|p2a: Miraidon|move: Electric Terrain\n|move|p2b: Farigiraf|Psychic Noise|p1a: Amoonguss\n|-supereffective|p1a: Amoonguss\n|-damage|p1a: Amoonguss|46/100\n|-start|p1a: Amoonguss|move: Heal Block\n|move|p1b: Terapagos|Calm Mind|p1b: Terapagos\n|-boost|p1b: Terapagos|spa|1\n|-boost|p1b: Terapagos|spd|1\n|\n|upkeep\n|turn|3\n|\n|t:|1746117352\n|switch|p1a: Rillaboom|Rillaboom, L50, M|88/100\n|-fieldstart|move: Grassy Terrain|[from] ability: Grassy Surge|[of] p1a: Rillaboom\n|move|p2b: Farigiraf|Psychic Noise|p1a: Rillaboom\n|-damage|p1a: Rillaboom|71/100\n|-start|p1a: Rillaboom|move: Heal Block\n|move|p1b: Terapagos|Calm Mind|p1b: Terapagos\n|-boost|p1b: Terapagos|spa|1\n|-boost|p1b: Terapagos|spd|1\n|move|p2a: Miraidon|Snarl|p1b: Terapagos|[spread] p1a,p1b\n|-activate|p1b: Terapagos|ability: Tera Shell\n|-resisted|p1b: Terapagos\n|-damage|p1a: Rillaboom|62/100\n|-damage|p1b: Terapagos|97/100\n|-unboost|p1a: Rillaboom|spa|1\n|-unboost|p1b: Terapagos|spa|1\n|\n|-heal|p2b: Farigiraf|89/100|[from] Grassy Terrain\n|-heal|p1b: Terapagos|100/100|[from] Grassy Terrain\n|upkeep\n|turn|4\n|inactive|rubentino has 30 seconds left.\n|inactive|rubentino has 20 seconds left.\n|inactive|rubentino has 15 seconds left.\n|\n|t:|1746117393\n|switch|p2a: Iron Hands|Iron Hands, L50, shiny|100/100\n|-terastallize|p1b: Terapagos|Stellar\n|detailschange|p1b: Terapagos|Terapagos-Stellar, L50, M, tera:Stellar\n|-heal|p1b: Terapagos|100/100|[silent]\n|-ability|p1b: Terapagos|Teraform Zero\n|-fieldend|move: Grassy Terrain\n|move|p2b: Farigiraf|Psychic Noise|p1b: Terapagos\n|-damage|p1b: Terapagos|93/100\n|-start|p1b: Terapagos|move: Heal Block\n|move|p1a: Rillaboom|U-turn|p2b: Farigiraf\n|-supereffective|p2b: Farigiraf\n|-damage|p2b: Farigiraf|66/100\n|\n|t:|1746117409\n|switch|p1a: Amoonguss|Amoonguss, L50, F|79/100|[from] U-turn\n|move|p1b: Terapagos|Earth Power|p2a: Iron Hands\n|-supereffective|p2a: Iron Hands\n|-damage|p2a: Iron Hands|21/100\n|\n|upkeep\n|turn|5\n|inactive|rubentino has 30 seconds left.\n|\n|t:|1746117435\n|switch|p2b: Miraidon|Miraidon, L50|100/100\n|-fieldstart|move: Electric Terrain|[from] ability: Hadron Engine|[of] p2b: Miraidon\n|-activate|p2a: Iron Hands|ability: Quark Drive\n|-start|p2a: Iron Hands|quarkdriveatk\n|move|p1b: Terapagos|Protect|p1b: Terapagos\n|-singleturn|p1b: Terapagos|Protect\n|move|p1a: Amoonguss|Sludge Bomb|p2a: Iron Hands\n|-damage|p2a: Iron Hands|5/100\n|move|p2a: Iron Hands|Drain Punch|p1b: Terapagos\n|-activate|p1b: Terapagos|move: Protect\n|\n|-end|p1b: Terapagos|move: Heal Block\n|-fieldend|move: Trick Room\n|upkeep\n|turn|6\n|\n|t:|1746117456\n|switch|p1a: Rillaboom|Rillaboom, L50, M|62/100\n|-fieldstart|move: Grassy Terrain|[from] ability: Grassy Surge|[of] p1a: Rillaboom\n|-end|p2a: Iron Hands|Quark Drive\n|move|p2b: Miraidon|Draco Meteor|p1a: Rillaboom\n|-damage|p1a: Rillaboom|17/100\n|-unboost|p2b: Miraidon|spa|2\n|move|p1b: Terapagos|Tera Starstorm|p2a: Iron Hands|[spread] p2a,p2b\n|-damage|p2a: Iron Hands|0 fnt\n|-damage|p2b: Miraidon|37/100\n|faint|p2a: Iron Hands\n|-end|p2a: Iron Hands|Quark Drive|[silent]\n|\n|-heal|p2b: Miraidon|43/100|[from] Grassy Terrain\n|-heal|p1b: Terapagos|99/100|[from] Grassy Terrain\n|-heal|p1b: Terapagos|100/100|[from] item: Leftovers\n|-heal|p1a: Rillaboom|23/100|[from] Grassy Terrain\n|upkeep\n|\n|t:|1746117465\n|switch|p2a: Calyrex|Calyrex-Ice, L50|100/100\n|-ability|p2a: Calyrex|As One\n|-ability|p2a: Calyrex|Unnerve\n|turn|7\n|\n|t:|1746117486\n|switch|p2b: Farigiraf|Farigiraf, L50, F|66/100\n|move|p1b: Terapagos|Tera Starstorm|p2b: Farigiraf|[spread] p2a,p2b\n|-damage|p2a: Calyrex|58/100\n|-damage|p2b: Farigiraf|1/100\n|move|p1a: Rillaboom|U-turn|p2a: Calyrex\n|-supereffective|p2a: Calyrex\n|-damage|p2a: Calyrex|34/100\n|\n|t:|1746117500\n|switch|p1a: Calyrex|Calyrex-Shadow, L50|100/100|[from] U-turn\n|-ability|p1a: Calyrex|As One\n|-ability|p1a: Calyrex|Unnerve\n|move|p2a: Calyrex|Glacial Lance|p1a: Calyrex|[spread] p1a,p1b\n|-damage|p1a: Calyrex|36/100\n|-damage|p1b: Terapagos|70/100\n|\n|-heal|p1a: Calyrex|42/100|[from] Grassy Terrain\n|-heal|p1b: Terapagos|76/100|[from] Grassy Terrain\n|-heal|p1b: Terapagos|82/100|[from] item: Leftovers\n|-heal|p2b: Farigiraf|7/100|[from] Grassy Terrain\n|-heal|p2a: Calyrex|39/100|[from] Grassy Terrain\n|upkeep\n|turn|8\n|inactive|HushWasHere has 30 seconds left.\n|\n|t:|1746117531\n|move|p1a: Calyrex|Astral Barrage|p2a: Calyrex|[spread] p2a\n|-immune|p2b: Farigiraf\n|-supereffective|p2a: Calyrex\n|-crit|p2a: Calyrex\n|-damage|p2a: Calyrex|0 fnt\n|faint|p2a: Calyrex\n|-ability|p1a: Calyrex|Grim Neigh|boost\n|-boost|p1a: Calyrex|spa|1\n|move|p1b: Terapagos|Tera Starstorm|p2b: Farigiraf\n|-damage|p2b: Farigiraf|0 fnt\n|faint|p2b: Farigiraf\n|\n|-heal|p1a: Calyrex|48/100|[from] Grassy Terrain\n|-heal|p1b: Terapagos|88/100|[from] Grassy Terrain\n|-heal|p1b: Terapagos|95/100|[from] item: Leftovers\n|upkeep\n|\n|t:|1746117533\n|switch|p2b: Miraidon|Miraidon, L50|43/100\n|-fieldstart|move: Electric Terrain|[from] ability: Hadron Engine|[of] p2b: Miraidon\n|turn|9\n|\n|t:|1746117556\n|-terastallize|p2b: Miraidon|Electric\n|move|p2b: Miraidon|Snarl|p1a: Calyrex|[spread] p1a,p1b\n|-supereffective|p1a: Calyrex\n|-damage|p1a: Calyrex|0 fnt\n|-damage|p1b: Terapagos|89/100\n|-unboost|p1b: Terapagos|spa|1\n|faint|p1a: Calyrex\n|move|p1b: Terapagos|Earth Power|p2b: Miraidon\n|-supereffective|p2b: Miraidon\n|-damage|p2b: Miraidon|0 fnt\n|faint|p2b: Miraidon\n|\n|win|rubentino\n|inactive|rubentino has 30 seconds to confirm battle start!\n|inactive|HushWasHere has 30 seconds to confirm battle start!\n|inactive|rubentino has 20 seconds to confirm battle start!\n|inactive|HushWasHere has 20 seconds to confirm battle start!\n||rubentino is ready for game 2.\n|inactive|HushWasHere has 10 seconds to confirm battle start!\n||HushWasHere is ready for game 2.\n|uhtml|next|Next: <a href=\"/battle-gen9vgc2025regibo3-2354762767\"><strong>Game 2 of 3</strong></a>\n", "uploadtime": 1746117566, "views": 16, "formatid": "gen9vgc2025regibo3", "rating": null, "private": 0, "password": null}