{"id": "gen9vgc2025regibo3-2353665935", "format": "[Gen 9] VGC 2025 Reg I (Bo3)", "players": ["BtheMan", "LadderCrawlerCarl"], "log": "|j|\u2606BtheMan\n|j|\u2606LadderCrawlerCarl\n|html|<table width=\"100%\"><tr><td align=\"left\">BtheMan</td><td align=\"right\">LadderCrawlerCarl</tr><tr><td align=\"left\"><i class=\"fa fa-circle-o\"></i> <i class=\"fa fa-circle-o\"></i> </td><td align=\"right\"><i class=\"fa fa-circle-o\"></i> <i class=\"fa fa-circle-o\"></i> </tr></table>\n|uhtml|bestof|<h2><strong>Game 1</strong> of <a href=\"/game-bestof3-gen9vgc2025regibo3-2353665934\">a best-of-3</a></h2>\n|t:|1745980935\n|gametype|doubles\n|player|p1|BtheMan|fisherman|1100\n|player|p2|LadderCrawlerCarl|2|1085\n|teamsize|p1|6\n|teamsize|p2|6\n|gen|9\n|tier|[Gen 9] VGC 2025 Reg I (Bo3)\n|rated|\n|rule|Species Clause: Limit one of each Pok\u00e9mon\n|rule|Item Clause: Limit 1 of each item\n|clearpoke\n|poke|p1|Miraidon, L50|\n|poke|p1|Calyrex-Ice, L50|\n|poke|p1|Grimmsnarl, L50, M|\n|poke|p1|Iron Hands, L50|\n|poke|p1|Urshifu-*, L50, M|\n|poke|p1|Pelipper, L50, M|\n|poke|p2|Koraidon, L50|\n|poke|p2|Lunala, L50|\n|poke|p2|Flutter Mane, L50|\n|poke|p2|Raging Bolt, L50|\n|poke|p2|Incineroar, L50, M|\n|poke|p2|Amoonguss, L50, F|\n|teampreview|4\n|showteam|p1|Miraidon||ChoiceSpecs|HadronEngine|ElectroDrift,DracoMeteor,VoltSwitch,DazzlingGleam||||||50|,,,,,Fairy]Calyrex-Ice||ClearAmulet|AsOneGlastrier|GlacialLance,HighHorsepower,TrickRoom,Protect||||||50|,,,,,Water]Grimmsnarl||LightClay|Prankster|SpiritBreak,Reflect,LightScreen,ThunderWave|||M|||50|,,,,,Ghost]Iron Hands||AssaultVest|QuarkDrive|DrainPunch,FakeOut,HeavySlam,LowKick||||||50|,,,,,Water]Urshifu-Rapid-Strike||ChoiceScarf|UnseenFist|SurgingStrikes,CloseCombat,Uturn,AquaJet|||M|||50|,,,,,Water]Pelipper||FocusSash|Drizzle|WeatherBall,Hurricane,WideGuard,Protect|||M|||50|,,,,,Ghost\n|showteam|p2|Koraidon||LifeOrb|OrichalcumPulse|FlareBlitz,CloseCombat,FlameCharge,Protect||||||50|,,,,,Fire]Lunala||Leftovers|ShadowShield|MoongeistBeam,DazzlingGleam,CalmMind,Protect||||||50|,,,,,Water]Flutter Mane||FocusSash|Protosynthesis|Moonblast,ShadowBall,IcyWind,Protect||||||50|,,,,,Normal]Raging Bolt||AssaultVest|Protosynthesis|Thunderbolt,Thunderclap,DracoMeteor,Snarl||||||50|,,,,,Electric]Incineroar||SafetyGoggles|Intimidate|KnockOff,FakeOut,PartingShot,FlareBlitz|||M|||50|,,,,,Ghost]Amoonguss||RockyHelmet|Regenerator|Spore,RagePowder,PollenPuff,Protect|||F|||50|,,,,,Water\n|inactive|Battle timer is ON: inactive players will automatically lose when time's up. (requested by BtheMan)\n|inactive|BtheMan has 60 seconds left.\n|inactive|LadderCrawlerCarl has 60 seconds left.\n|inactive|LadderCrawlerCarl has 30 seconds left.\n|\n|t:|1745981000\n|start\n|switch|p1a: Pelipper|Pelipper, L50, M|100/100\n|switch|p1b: Urshifu|Urshifu-Rapid-Strike, L50, M|100/100\n|switch|p2a: Raging Bolt|Raging Bolt, L50|100/100\n|switch|p2b: Flutter Mane|Flutter Mane, L50|100/100\n|-weather|RainDance|[from] ability: Drizzle|[of] p1a: Pelipper\n|turn|1\n|inactive|BtheMan has 30 seconds left.\n|inactive|LadderCrawlerCarl has 30 seconds left.\n|\n|t:|1745981027\n|-end|p2b: Flutter Mane|Protosynthesis|[silent]\n|switch|p2b: Koraidon|Koraidon, L50|100/100\n|-weather|SunnyDay|[from] ability: Orichalcum Pulse|[of] p2b: Koraidon\n|-activate|p2a: Raging Bolt|ability: Protosynthesis\n|-start|p2a: Raging Bolt|protosynthesisspa\n|-activate|p2b: Koraidon|Orichalcum Pulse|[source]\n|switch|p1a: Iron Hands|Iron Hands, L50|100/100\n|move|p2a: Raging Bolt|Thunderclap|p1b: Urshifu\n|-supereffective|p1b: Urshifu\n|-damage|p1b: Urshifu|0 fnt\n|faint|p1b: Urshifu\n|\n|-weather|SunnyDay|[upkeep]\n|upkeep\n|\n|t:|1745981039\n|switch|p1b: Pelipper|Pelipper, L50, M|100/100\n|-weather|RainDance|[from] ability: Drizzle|[of] p1b: Pelipper\n|-end|p2a: Raging Bolt|Protosynthesis\n|turn|2\n|\n|t:|1745981062\n|-end|p2a: Raging Bolt|Protosynthesis|[silent]\n|switch|p2a: Flutter Mane|Flutter Mane, L50|100/100\n|move|p2b: Koraidon|Protect|p2b: Koraidon\n|-singleturn|p2b: Koraidon|Protect\n|move|p1a: Iron Hands|Fake Out|p2a: Flutter Mane\n|-immune|p2a: Flutter Mane\n|move|p1b: Pelipper|Hurricane|p2b: Koraidon\n|-activate|p2b: Koraidon|move: Protect\n|\n|-weather|RainDance|[upkeep]\n|upkeep\n|turn|3\n|inactive|LadderCrawlerCarl has 30 seconds left.\n|inactive|LadderCrawlerCarl has 20 seconds left.\n|inactive|LadderCrawlerCarl has 15 seconds left.\n|inactive|LadderCrawlerCarl has 10 seconds left.\n|\n|t:|1745981108\n|switch|p2b: Raging Bolt|Raging Bolt, L50|100/100\n|move|p2a: Flutter Mane|Moonblast|p1a: Iron Hands\n|-supereffective|p1a: Iron Hands\n|-damage|p1a: Iron Hands|46/100\n|-unboost|p1a: Iron Hands|spa|1\n|move|p1b: Pelipper|Weather Ball|p2b: Raging Bolt\n|-resisted|p2b: Raging Bolt\n|-damage|p2b: Raging Bolt|82/100\n|move|p1a: Iron Hands|Heavy Slam|p2a: Flutter Mane\n|-supereffective|p2a: Flutter Mane\n|-enditem|p2a: Flutter Mane|Focus Sash\n|-damage|p2a: Flutter Mane|1/100\n|\n|-weather|RainDance|[upkeep]\n|upkeep\n|turn|4\n|inactive|BtheMan has 30 seconds left.\n|inactive|LadderCrawlerCarl has 30 seconds left.\n|inactive|BtheMan has 20 seconds left.\n|inactive|BtheMan has 15 seconds left.\n|inactive|BtheMan has 10 seconds left.\n|inactive|BtheMan has 5 seconds left.\n|\n|t:|1745981161\n|-end|p2a: Flutter Mane|Protosynthesis|[silent]\n|switch|p2a: Lunala|Lunala, L50|100/100\n|move|p1b: Pelipper|Weather Ball|p2a: Lunala\n|-damage|p2a: Lunala|77/100\n|move|p2b: Raging Bolt|Thunderbolt|p1b: Pelipper\n|-supereffective|p1b: Pelipper\n|-enditem|p1b: Pelipper|Focus Sash\n|-damage|p1b: Pelipper|1/100\n|move|p1a: Iron Hands|Low Kick|p2b: Raging Bolt\n|-damage|p2b: Raging Bolt|33/100\n|\n|-weather|RainDance|[upkeep]\n|-heal|p2a: Lunala|83/100|[from] item: Leftovers\n|upkeep\n|turn|5\n|inactive|BtheMan has 30 seconds left.\n|\n|t:|1745981188\n|move|p1b: Pelipper|Protect|p1b: Pelipper\n|-singleturn|p1b: Pelipper|Protect\n|move|p2a: Lunala|Dazzling Gleam|p1a: Iron Hands|[spread] p1a\n|-activate|p1b: Pelipper|move: Protect\n|-supereffective|p1a: Iron Hands\n|-damage|p1a: Iron Hands|24/100\n|move|p2b: Raging Bolt|Snarl|p1a: Iron Hands|[spread] p1a\n|-activate|p1b: Pelipper|move: Protect\n|-resisted|p1a: Iron Hands\n|-damage|p1a: Iron Hands|20/100\n|-unboost|p1a: Iron Hands|spa|1\n|move|p1a: Iron Hands|Low Kick|p2b: Raging Bolt\n|-damage|p2b: Raging Bolt|0 fnt\n|faint|p2b: Raging Bolt\n|-end|p2b: Raging Bolt|Protosynthesis|[silent]\n|\n|-weather|RainDance|[upkeep]\n|-heal|p2a: Lunala|90/100|[from] item: Leftovers\n|upkeep\n|\n|t:|1745981206\n|switch|p2b: Flutter Mane|Flutter Mane, L50|1/100\n|turn|6\n|\n|t:|1745981221\n|move|p2b: Flutter Mane|Icy Wind|p1b: Pelipper|[spread] p1a,p1b\n|-damage|p1a: Iron Hands|13/100\n|-damage|p1b: Pelipper|0 fnt\n|-unboost|p1a: Iron Hands|spe|1\n|faint|p1b: Pelipper\n|move|p2a: Lunala|Dazzling Gleam|p1a: Iron Hands\n|-supereffective|p1a: Iron Hands\n|-crit|p1a: Iron Hands\n|-damage|p1a: Iron Hands|0 fnt\n|faint|p1a: Iron Hands\n|-end|p1a: Iron Hands|Quark Drive|[silent]\n|\n|-weather|none\n|-heal|p2a: Lunala|96/100|[from] item: Leftovers\n|upkeep\n|\n|t:|1745981233\n|switch|p1b: Miraidon|Miraidon, L50|100/100\n|-fieldstart|move: Electric Terrain|[from] ability: Hadron Engine|[of] p1b: Miraidon\n|turn|7\n|\n|t:|1745981254\n|-terastallize|p1b: Miraidon|Fairy\n|move|p2b: Flutter Mane|Protect|p2b: Flutter Mane\n|-singleturn|p2b: Flutter Mane|Protect\n|move|p2a: Lunala|Protect|p2a: Lunala\n|-singleturn|p2a: Lunala|Protect\n|move|p1b: Miraidon|Electro Drift|p2b: Flutter Mane\n|-activate|p2b: Flutter Mane|move: Protect\n|\n|-heal|p2a: Lunala|100/100|[from] item: Leftovers\n|upkeep\n|turn|8\n|inactive|LadderCrawlerCarl has 30 seconds left.\n|inactive|BtheMan has 30 seconds left.\n|inactive|LadderCrawlerCarl has 20 seconds left.\n|inactive|LadderCrawlerCarl has 15 seconds left.\n|\n|t:|1745981295\n|move|p2b: Flutter Mane|Moonblast|p1b: Miraidon\n|-damage|p1b: Miraidon|60/100\n|move|p1b: Miraidon|Electro Drift|p2b: Flutter Mane\n|-damage|p2b: Flutter Mane|0 fnt\n|faint|p2b: Flutter Mane\n|-end|p2b: Flutter Mane|Protosynthesis|[silent]\n|move|p2a: Lunala|Dazzling Gleam|p1b: Miraidon\n|-damage|p1b: Miraidon|38/100\n|\n|upkeep\n|\n|t:|1745981306\n|switch|p2b: Koraidon|Koraidon, L50|100/100\n|-weather|SunnyDay|[from] ability: Orichalcum Pulse|[of] p2b: Koraidon\n|-activate|p2b: Koraidon|Orichalcum Pulse|[source]\n|turn|9\n|\n|t:|1745981318\n|-terastallize|p2b: Koraidon|Fire\n|move|p2b: Koraidon|Flame Charge|p1b: Miraidon\n|-damage|p1b: Miraidon|0 fnt\n|-boost|p2b: Koraidon|spe|1\n|faint|p1b: Miraidon\n|-damage|p2b: Koraidon|91/100|[from] item: Life Orb\n|\n|win|LadderCrawlerCarl\n||BtheMan is ready for game 2.\n|inactive|LadderCrawlerCarl has 30 seconds to confirm battle start!\n|inactive|LadderCrawlerCarl has 20 seconds to confirm battle start!\n||LadderCrawlerCarl is ready for game 2.\n|uhtml|next|Next: <a href=\"/battle-gen9vgc2025regibo3-2353669254\"><strong>Game 2 of 3</strong></a>\n", "uploadtime": 1745981575, "views": 9, "formatid": "gen9vgc2025regibo3", "rating": null, "private": 0, "password": null}