{"id": "gen9vgc2025regibo3-2353586867", "format": "[Gen 9] VGC 2025 Reg I (Bo3)", "players": ["Mona Aster", "Blackout6868"], "log": "|j|\u2606Mona Aster\n|j|\u2606Blackout6868\n|html|<table width=\"100%\"><tr><td align=\"left\">Mona Aster</td><td align=\"right\">Blackout6868</tr><tr><td align=\"left\"><i class=\"fa fa-circle\"></i> <i class=\"fa fa-circle-o\"></i> </td><td align=\"right\"><i class=\"fa fa-circle-o\"></i> <i class=\"fa fa-circle-o\"></i> </tr></table>\n|uhtml|bestof|<h2><strong>Game 2</strong> of <a href=\"/game-bestof3-gen9vgc2025regibo3-2353583565\">a best-of-3</a></h2>\n|t:|1745971480\n|gametype|doubles\n|player|p1|Mona Aster|102|1132\n|player|p2|Blackout6868|169|1245\n|teamsize|p1|6\n|teamsize|p2|6\n|gen|9\n|tier|[Gen 9] VGC 2025 Reg I (Bo3)\n|rated|\n|rule|Species Clause: Limit one of each Pok\u00e9mon\n|rule|Item Clause: Limit 1 of each item\n|clearpoke\n|poke|p1|Lunala, L50|\n|poke|p1|Groudon, L50|\n|poke|p1|Incineroar, L50, F|\n|poke|p1|Flutter Mane, L50|\n|poke|p1|Urshifu-*, L50, M|\n|poke|p1|Raging Bolt, L50|\n|poke|p2|Calyrex-Shadow, L50|\n|poke|p2|Miraidon, L50|\n|poke|p2|Tornadus, L50, M|\n|poke|p2|Urshifu-*, L50, F|\n|poke|p2|Clefairy, L50, F|\n|poke|p2|Iron Hands, L50|\n|teampreview|4\n|showteam|p1|Lunala||PowerHerb|ShadowShield|TrickRoom,MeteorBeam,WideGuard,MoongeistBeam||||||50|,,,,,Water]Groudon||ClearAmulet|Drought|Protect,PrecipiceBlades,HeatCrash,Substitute||||||50|,,,,,Fire]Incineroar||SafetyGoggles|Intimidate|FlareBlitz,KnockOff,FakeOut,PartingShot|||F|||50|,,,,,Ghost]Flutter Mane||FocusSash|Protosynthesis|Moonblast,Taunt,IcyWind,Protect||||||50|,,,,,Grass]Urshifu||ChoiceScarf|UnseenFist|WickedBlow,CloseCombat,Uturn,SuckerPunch|||M|||50|,,,,,Stellar]Raging Bolt||AssaultVest|Protosynthesis|Electroweb,Thunderclap,Snarl,DracoMeteor||||||50|,,,,,Electric\n|showteam|p2|Calyrex-Shadow||FocusSash|AsOneSpectrier|AstralBarrage,Psychic,NastyPlot,Protect||||||50|,,,,,Ghost]Miraidon||ChoiceSpecs|HadronEngine|ElectroDrift,VoltSwitch,DracoMeteor,DazzlingGleam||||||50|,,,,,Fairy]Tornadus||CovertCloak|Prankster|Tailwind,RainDance,BleakwindStorm,ScaryFace|||M|||50|,,,,,Dark]Urshifu-Rapid-Strike||ChoiceScarf|UnseenFist|AquaJet,SurgingStrikes,CloseCombat,Uturn|||F|||50|,,,,,Water]Clefairy||Eviolite|FriendGuard|AfterYou,HelpingHand,FollowMe,Moonblast|||F|||50|,,,,,Dark]Iron Hands||AssaultVest|QuarkDrive|FakeOut,DrainPunch,LowKick,WildCharge||||||50|,,,,,Water\n|inactive|Battle timer is ON: inactive players will automatically lose when time's up. (requested by Blackout6868)\n|\n|t:|1745971499\n|start\n|switch|p1a: Incineroar|Incineroar, L50, F|100/100\n|switch|p1b: Raging Bolt|Raging Bolt, L50|100/100\n|switch|p2a: Tornadus|Tornadus, L50, M|100/100\n|switch|p2b: Urshifu|Urshifu-Rapid-Strike, L50, F|100/100\n|-ability|p1a: Incineroar|Intimidate|boost\n|-unboost|p2a: Tornadus|atk|1\n|-unboost|p2b: Urshifu|atk|1\n|turn|1\n|\n|t:|1745971515\n|switch|p2b: Miraidon|Miraidon, L50|100/100\n|-fieldstart|move: Electric Terrain|[from] ability: Hadron Engine|[of] p2b: Miraidon\n|move|p1a: Incineroar|Fake Out|p2b: Miraidon\n|-damage|p2b: Miraidon|89/100\n|move|p2a: Tornadus|Tailwind|p2a: Tornadus\n|-sidestart|p2: Blackout6868|move: Tailwind\n|move|p1b: Raging Bolt|Electroweb|p2b: Miraidon|[spread] p2a,p2b\n|-supereffective|p2a: Tornadus\n|-resisted|p2b: Miraidon\n|-damage|p2a: Tornadus|23/100\n|-damage|p2b: Miraidon|82/100\n|-unboost|p2b: Miraidon|spe|1\n|\n|upkeep\n|turn|2\n|inactive|Mona Aster has 30 seconds left.\n|\n|t:|1745971541\n|-terastallize|p1b: Raging Bolt|Electric\n|move|p2a: Tornadus|Bleakwind Storm|p1a: Incineroar|[spread] p1a,p1b\n|-resisted|p1b: Raging Bolt\n|-damage|p1a: Incineroar|68/100\n|-damage|p1b: Raging Bolt|92/100\n|-unboost|p1a: Incineroar|spe|1\n|move|p2b: Miraidon|Draco Meteor|p1b: Raging Bolt|[miss]\n|-miss|p2b: Miraidon|p1b: Raging Bolt\n|move|p1b: Raging Bolt|Draco Meteor|p2b: Miraidon\n|-supereffective|p2b: Miraidon\n|-damage|p2b: Miraidon|0 fnt\n|-unboost|p1b: Raging Bolt|spa|2\n|faint|p2b: Miraidon\n|move|p1a: Incineroar|Parting Shot|p2a: Tornadus\n|-unboost|p2a: Tornadus|atk|1\n|-unboost|p2a: Tornadus|spa|1\n|inactive|Mona Aster has 30 seconds left.\n|\n|t:|1745971567\n|switch|p1a: Lunala|Lunala, L50|100/100|[from] Parting Shot\n|\n|upkeep\n|\n|t:|1745971571\n|switch|p2b: Calyrex|Calyrex-Shadow, L50|100/100\n|-ability|p2b: Calyrex|As One\n|-ability|p2b: Calyrex|Unnerve\n|turn|3\n|\n|t:|1745971579\n|-terastallize|p2b: Calyrex|Ghost\n|move|p1a: Lunala|Wide Guard|p1a: Lunala\n|-singleturn|p1a: Lunala|Wide Guard\n|move|p2b: Calyrex|Astral Barrage|p1b: Raging Bolt|[spread] \n|-activate|p1a: Lunala|move: Wide Guard\n|-activate|p1b: Raging Bolt|move: Wide Guard\n|move|p2a: Tornadus|Bleakwind Storm|p1b: Raging Bolt|[spread] \n|-activate|p1a: Lunala|move: Wide Guard\n|-activate|p1b: Raging Bolt|move: Wide Guard\n|move|p1b: Raging Bolt|Snarl|p2b: Calyrex|[spread] p2a,p2b\n|-supereffective|p2b: Calyrex\n|-damage|p2a: Tornadus|13/100\n|-damage|p2b: Calyrex|85/100\n|-unboost|p2b: Calyrex|spa|1\n|\n|upkeep\n|turn|4\n|\n|t:|1745971602\n|move|p2b: Calyrex|Astral Barrage|p1a: Lunala|[spread] p1a,p1b\n|-supereffective|p1a: Lunala\n|-damage|p1a: Lunala|29/100\n|-damage|p1b: Raging Bolt|66/100\n|move|p2a: Tornadus|Bleakwind Storm|p1a: Lunala|[spread] p1a,p1b\n|-resisted|p1b: Raging Bolt\n|-crit|p1b: Raging Bolt\n|-damage|p1a: Lunala|13/100\n|-damage|p1b: Raging Bolt|52/100\n|move|p1a: Lunala|Meteor Beam||[still]\n|-prepare|p1a: Lunala|Meteor Beam\n|-boost|p1a: Lunala|spa|1\n|-enditem|p1a: Lunala|Power Herb\n|-anim|p1a: Lunala|Meteor Beam|p2b: Calyrex\n|-damage|p2b: Calyrex|20/100\n|move|p1b: Raging Bolt|Electroweb|p2b: Calyrex|[spread] p2a,p2b\n|-supereffective|p2a: Tornadus\n|-damage|p2a: Tornadus|0 fnt\n|-damage|p2b: Calyrex|0 fnt\n|faint|p2a: Tornadus\n|faint|p2b: Calyrex\n|\n|-sideend|p2: Blackout6868|move: Tailwind\n|upkeep\n|\n|t:|1745971612\n|switch|p2b: Urshifu|Urshifu-Rapid-Strike, L50, F|100/100\n|turn|5\n|\n|t:|1745971631\n|move|p1b: Raging Bolt|Thunderclap|p2b: Urshifu\n|-supereffective|p2b: Urshifu\n|-damage|p2b: Urshifu|0 fnt\n|faint|p2b: Urshifu\n|\n|win|Mona Aster\n|raw|Mona Aster's rating: 1132 &rarr; <strong>1165</strong><br />(+33 for winning)\n|raw|Blackout6868's rating: 1245 &rarr; <strong>1212</strong><br />(-33 for losing)\n|l|\u2606Blackout6868\n|player|p2|\n", "uploadtime": 1745971640, "views": 13, "formatid": "gen9vgc2025regibo3", "rating": 1165, "private": 0, "password": null}