{"id": "gen9vgc2025regibo3-2353950948", "format": "[Gen 9] VGC 2025 Reg I (Bo3)", "players": ["txirulas", "Doofusburger666"], "log": "|j|\u2606txirulas\n|j|\u2606Doofusburger666\n|html|<table width=\"100%\"><tr><td align=\"left\">txirulas</td><td align=\"right\">Doofusburger666</tr><tr><td align=\"left\"><i class=\"fa fa-circle-o\"></i> <i class=\"fa fa-circle-o\"></i> </td><td align=\"right\"><i class=\"fa fa-circle-o\"></i> <i class=\"fa fa-circle-o\"></i> </tr></table>\n|uhtml|bestof|<h2><strong>Game 1</strong> of <a href=\"/game-bestof3-gen9vgc2025regibo3-2353950946\">a best-of-3</a></h2>\n|t:|1746021961\n|gametype|doubles\n|player|p1|txirulas|pokemaniac|1052\n|player|p2|Doofusburger666|roxie|1069\n|teamsize|p1|6\n|teamsize|p2|6\n|gen|9\n|tier|[Gen 9] VGC 2025 Reg I (Bo3)\n|rated|\n|rule|Species Clause: Limit one of each Pok\u00e9mon\n|rule|Item Clause: Limit 1 of each item\n|clearpoke\n|poke|p1|Calyrex-Shadow, L50|\n|poke|p1|Terapagos, L50, M|\n|poke|p1|Incineroar, L50, F|\n|poke|p1|Rillaboom, L50, F|\n|poke|p1|Ogerpon-Cornerstone, L50, F|\n|poke|p1|Urshifu-*, L50, M|\n|poke|p2|Miraidon, L50|\n|poke|p2|Calyrex-Ice, L50|\n|poke|p2|Urshifu-*, L50, M|\n|poke|p2|Ogerpon-Cornerstone, L50, F|\n|poke|p2|Frosmoth, L50, M|\n|poke|p2|Iron Hands, L50|\n|teampreview|4\n|showteam|p1|Calyrex-Shadow||FocusSash|AsOneSpectrier|AstralBarrage,WillOWisp,Disable,Protect||||||50|,,,,,Ghost]Terapagos||Leftovers|TeraShift|TeraStarstorm,CalmMind,Substitute,Protect|||M|||50|,,,,,Stellar]Incineroar||SitrusBerry|Intimidate|KnockOff,FakeOut,WillOWisp,PartingShot|||F|||50|,,,,,Water]Rillaboom||AssaultVest|GrassySurge|FakeOut,GrassyGlide,WoodHammer,Uturn|||F|||50|,,,,,Fire]Ogerpon-Cornerstone||CornerstoneMask|Sturdy|IvyCudgel,PowerWhip,FollowMe,SpikyShield|||F|||50|,,,,,Rock]Urshifu-Rapid-Strike||SplashPlate|UnseenFist|SurgingStrikes,CloseCombat,AquaJet,Detect|||M|||50|,,,,,Fighting\n|showteam|p2|Miraidon||AssaultVest|HadronEngine|ElectroDrift,DracoMeteor,DazzlingGleam,VoltSwitch||||||50|,,,,,Fairy]Calyrex-Ice||NeverMeltIce|AsOneGlastrier|GlacialLance,HighHorsepower,TrickRoom,Protect||||||50|,,,,,Water]Urshifu||FocusSash|UnseenFist|WickedBlow,CloseCombat,SuckerPunch,Detect|||M|||50|,,,,,Stellar]Ogerpon-Cornerstone||CornerstoneMask|Sturdy|IvyCudgel,Encore,FollowMe,SpikyShield|||F|||50|,,,,,Rock]Frosmoth||Leftovers|IceScales|IceBeam,BugBuzz,QuiverDance,WideGuard|||M|||50|,,,,,Dark]Iron Hands||ClearAmulet|QuarkDrive|WildCharge,LowKick,Detect,FakeOut||||||50|,,,,,Bug\n|\n|t:|1746022003\n|start\n|switch|p1a: Incineroar|Incineroar, L50, F|100/100\n|switch|p1b: Calyrex|Calyrex-Shadow, L50|100/100\n|switch|p2a: Frosmoth|Frosmoth, L50, M|100/100\n|switch|p2b: Miraidon|Miraidon, L50|100/100\n|-ability|p1b: Calyrex|As One\n|-ability|p1b: Calyrex|Unnerve\n|-fieldstart|move: Electric Terrain|[from] ability: Hadron Engine|[of] p2b: Miraidon\n|-ability|p1a: Incineroar|Intimidate|boost\n|-unboost|p2a: Frosmoth|atk|1\n|-unboost|p2b: Miraidon|atk|1\n|turn|1\n|inactive|Battle timer is ON: inactive players will automatically lose when time's up. (requested by txirulas)\n|\n|t:|1746022031\n|-terastallize|p2b: Miraidon|Fairy\n|move|p1a: Incineroar|Fake Out|p2b: Miraidon\n|-damage|p2b: Miraidon|88/100\n|move|p2a: Frosmoth|Wide Guard|p2a: Frosmoth\n|-singleturn|p2a: Frosmoth|Wide Guard\n|move|p1b: Calyrex|Will-O-Wisp|p2a: Frosmoth\n|-status|p2a: Frosmoth|brn\n|cant|p2b: Miraidon|flinch\n|\n|-damage|p2a: Frosmoth|94/100 brn|[from] brn\n|upkeep\n|turn|2\n|inactive|txirulas has 30 seconds left.\n|inactive|Doofusburger666 has 30 seconds left.\n|\n|t:|1746022065\n|move|p1b: Calyrex|Protect|p1b: Calyrex\n|-singleturn|p1b: Calyrex|Protect\n|move|p2a: Frosmoth|Wide Guard|p2a: Frosmoth\n|-singleturn|p2a: Frosmoth|Wide Guard\n|move|p2b: Miraidon|Dazzling Gleam|p1a: Incineroar|[spread] p1a\n|-activate|p1b: Calyrex|move: Protect\n|-damage|p1a: Incineroar|60/100\n|move|p1a: Incineroar|Parting Shot|p2b: Miraidon\n|-unboost|p2b: Miraidon|atk|1\n|-unboost|p2b: Miraidon|spa|1\n|\n|t:|1746022076\n|switch|p1a: Terapagos|Terapagos, L50, M|100/100|[from] Parting Shot\n|-activate|p1a: Terapagos|ability: Tera Shift\n|detailschange|p1a: Terapagos|Terapagos-Terastal, L50, M\n|-heal|p1a: Terapagos|100/100|[silent]\n|\n|-heal|p2a: Frosmoth|100/100 brn|[from] item: Leftovers\n|-damage|p2a: Frosmoth|94/100 brn|[from] brn\n|upkeep\n|turn|3\n|\n|t:|1746022098\n|-terastallize|p1a: Terapagos|Stellar\n|detailschange|p1a: Terapagos|Terapagos-Stellar, L50, M, tera:Stellar\n|-heal|p1a: Terapagos|100/100|[silent]\n|-ability|p1a: Terapagos|Teraform Zero\n|-fieldend|move: Electric Terrain\n|move|p1b: Calyrex|Disable|p2a: Frosmoth\n|-start|p2a: Frosmoth|Disable|Wide Guard\n|move|p2b: Miraidon|Volt Switch|p1a: Terapagos\n|-damage|p1a: Terapagos|85/100\n|\n|t:|1746022115\n|switch|p2b: Iron Hands|Iron Hands, L50|100/100|[from] Volt Switch\n|move|p1a: Terapagos|Calm Mind|p1a: Terapagos\n|-boost|p1a: Terapagos|spa|1\n|-boost|p1a: Terapagos|spd|1\n|move|p2a: Frosmoth|Bug Buzz|p1b: Calyrex\n|-damage|p1b: Calyrex|53/100\n|\n|-heal|p1a: Terapagos|91/100|[from] item: Leftovers\n|-heal|p2a: Frosmoth|100/100 brn|[from] item: Leftovers\n|-damage|p2a: Frosmoth|94/100 brn|[from] brn\n|upkeep\n|turn|4\n|\n|t:|1746022138\n|move|p2b: Iron Hands|Fake Out|p1a: Terapagos\n|-damage|p1a: Terapagos|84/100\n|move|p1b: Calyrex|Astral Barrage|p2b: Iron Hands|[spread] p2a,p2b\n|-damage|p2a: Frosmoth|67/100 brn\n|-damage|p2b: Iron Hands|49/100\n|cant|p1a: Terapagos|flinch\n|move|p2a: Frosmoth|Quiver Dance|p2a: Frosmoth\n|-boost|p2a: Frosmoth|spa|1\n|-boost|p2a: Frosmoth|spd|1\n|-boost|p2a: Frosmoth|spe|1\n|\n|-heal|p2a: Frosmoth|73/100 brn|[from] item: Leftovers\n|-heal|p1a: Terapagos|90/100|[from] item: Leftovers\n|-damage|p2a: Frosmoth|67/100 brn|[from] brn\n|upkeep\n|turn|5\n|\n|t:|1746022160\n|move|p1b: Calyrex|Astral Barrage|p2b: Iron Hands|[spread] p2a,p2b\n|-damage|p2a: Frosmoth|50/100 brn\n|-damage|p2b: Iron Hands|5/100\n|move|p2a: Frosmoth|Bug Buzz|p1b: Calyrex\n|-damage|p1b: Calyrex|0 fnt\n|faint|p1b: Calyrex\n|move|p1a: Terapagos|Tera Starstorm|p2b: Iron Hands|[spread] p2a,p2b\n|-damage|p2a: Frosmoth|35/100 brn\n|-damage|p2b: Iron Hands|0 fnt\n|faint|p2b: Iron Hands\n|-end|p2b: Iron Hands|Quark Drive|[silent]\n|\n|-heal|p2a: Frosmoth|42/100 brn|[from] item: Leftovers\n|-heal|p1a: Terapagos|96/100|[from] item: Leftovers\n|-damage|p2a: Frosmoth|35/100 brn|[from] brn\n|upkeep\n|\n|t:|1746022176\n|switch|p1b: Rillaboom|Rillaboom, L50, F|100/100\n|switch|p2b: Miraidon|Miraidon, L50, tera:Fairy|88/100\n|-fieldstart|move: Electric Terrain|[from] ability: Hadron Engine|[of] p2b: Miraidon\n|-fieldstart|move: Grassy Terrain|[from] ability: Grassy Surge|[of] p1b: Rillaboom\n|turn|6\n|\n|t:|1746022196\n|move|p1b: Rillaboom|Fake Out|p2a: Frosmoth\n|-damage|p2a: Frosmoth|15/100 brn\n|move|p2b: Miraidon|Dazzling Gleam|p1a: Terapagos|[spread] p1a,p1b\n|-damage|p1a: Terapagos|84/100\n|-damage|p1b: Rillaboom|78/100\n|cant|p2a: Frosmoth|flinch\n|move|p1a: Terapagos|Calm Mind|p1a: Terapagos\n|-boost|p1a: Terapagos|spa|1\n|-boost|p1a: Terapagos|spd|1\n|\n|-heal|p2b: Miraidon|94/100|[from] Grassy Terrain\n|-heal|p2a: Frosmoth|21/100 brn|[from] Grassy Terrain\n|-heal|p2a: Frosmoth|27/100 brn|[from] item: Leftovers\n|-heal|p1b: Rillaboom|84/100|[from] Grassy Terrain\n|-heal|p1a: Terapagos|90/100|[from] Grassy Terrain\n|-heal|p1a: Terapagos|96/100|[from] item: Leftovers\n|-damage|p2a: Frosmoth|21/100 brn|[from] brn\n|-end|p2a: Frosmoth|Disable\n|upkeep\n|turn|7\n|inactive|txirulas has 30 seconds left.\n|inactive|Doofusburger666 has 30 seconds left.\n|\n|t:|1746022228\n|move|p2a: Frosmoth|Wide Guard|p2a: Frosmoth\n|-singleturn|p2a: Frosmoth|Wide Guard\n|move|p1b: Rillaboom|Grassy Glide|p2a: Frosmoth\n|-resisted|p2a: Frosmoth\n|-damage|p2a: Frosmoth|0 fnt\n|faint|p2a: Frosmoth\n|move|p2b: Miraidon|Volt Switch|p1a: Terapagos\n|-damage|p1a: Terapagos|86/100\n|\n|t:|1746022237\n|switch|p2b: Calyrex|Calyrex-Ice, L50|100/100|[from] Volt Switch\n|-ability|p2b: Calyrex|As One\n|-ability|p2b: Calyrex|Unnerve\n|move|p1a: Terapagos|Tera Starstorm|p2b: Calyrex\n|-activate|p2b: Calyrex|move: Wide Guard\n|\n|-heal|p1b: Rillaboom|90/100|[from] Grassy Terrain\n|-heal|p1a: Terapagos|92/100|[from] Grassy Terrain\n|-heal|p1a: Terapagos|98/100|[from] item: Leftovers\n|upkeep\n|\n|t:|1746022248\n|switch|p2a: Miraidon|Miraidon, L50, tera:Fairy|94/100\n|-fieldstart|move: Electric Terrain|[from] ability: Hadron Engine|[of] p2a: Miraidon\n|turn|8\n|\n|t:|1746022269\n|move|p2a: Miraidon|Dazzling Gleam|p1b: Rillaboom|[spread] p1a,p1b\n|-damage|p1a: Terapagos|85/100\n|-damage|p1b: Rillaboom|62/100\n|move|p1b: Rillaboom|U-turn|p2a: Miraidon\n|-resisted|p2a: Miraidon\n|-damage|p2a: Miraidon|83/100\n|\n|t:|1746022274\n|switch|p1b: Incineroar|Incineroar, L50, F|60/100|[from] U-turn\n|-ability|p1b: Incineroar|Intimidate|boost\n|-unboost|p2a: Miraidon|atk|1\n|-unboost|p2b: Calyrex|atk|1\n|move|p1a: Terapagos|Tera Starstorm|p2b: Calyrex|[spread] p2a,p2b\n|-supereffective|p2a: Miraidon\n|-damage|p2a: Miraidon|10/100\n|-damage|p2b: Calyrex|58/100\n|move|p2b: Calyrex|Glacial Lance|p1a: Terapagos|[spread] p1a,p1b\n|-resisted|p1b: Incineroar\n|-damage|p1a: Terapagos|61/100\n|-damage|p1b: Incineroar|42/100\n|\n|-heal|p1a: Terapagos|67/100|[from] item: Leftovers\n|upkeep\n|turn|9\n|inactive|Doofusburger666 has 30 seconds left.\n|\n|t:|1746022301\n|move|p1b: Incineroar|Fake Out|p2a: Miraidon\n|-damage|p2a: Miraidon|0 fnt\n|faint|p2a: Miraidon\n|move|p1a: Terapagos|Tera Starstorm|p2b: Calyrex\n|-damage|p2b: Calyrex|0 fnt\n|-enditem|p1b: Incineroar|Sitrus Berry|[eat]\n|-heal|p1b: Incineroar|66/100|[from] item: Sitrus Berry\n|faint|p2b: Calyrex\n|\n|win|txirulas\n||Doofusburger666 is ready for game 2.\n|inactive|txirulas has 30 seconds to confirm battle start!\n|l|\u2606txirulas\n|player|p1|\n||txirulas is ready for game 2.\n|uhtml|next|Next: <a href=\"/battle-gen9vgc2025regibo3-2353954887\"><strong>Game 2 of 3</strong></a>\n|l|\u2606Doofusburger666\n|player|p2|\n", "uploadtime": 1746022541, "views": 6, "formatid": "gen9vgc2025regibo3", "rating": null, "private": 0, "password": null}