{"id": "gen9vgc2025regibo3-2354389581", "format": "[Gen 9] VGC 2025 Reg I (Bo3)", "players": ["YantoVGC", "deadinsideusually"], "log": "|j|\u2606YantoVGC\n|j|\u2606deadinsideusually\n|html|<table width=\"100%\"><tr><td align=\"left\">YantoVGC</td><td align=\"right\">deadinsideusually</tr><tr><td align=\"left\"><i class=\"fa fa-circle-o\"></i> <i class=\"fa fa-circle-o\"></i> </td><td align=\"right\"><i class=\"fa fa-circle-o\"></i> <i class=\"fa fa-circle\"></i> </tr></table>\n|uhtml|bestof|<h2><strong>Game 2</strong> of <a href=\"/game-bestof3-gen9vgc2025regibo3-2354386415\">a best-of-3</a></h2>\n|t:|1746065382\n|gametype|doubles\n|player|p1|YantoVGC|wallace|1074\n|player|p2|deadinsideusually|101|1000\n|teamsize|p1|6\n|teamsize|p2|6\n|gen|9\n|tier|[Gen 9] VGC 2025 Reg I (Bo3)\n|rated|\n|rule|Species Clause: Limit one of each Pok\u00e9mon\n|rule|Item Clause: Limit 1 of each item\n|clearpoke\n|poke|p1|Zamazenta-*, L50|\n|poke|p1|Calyrex-Shadow, L50|\n|poke|p1|Tornadus, L50, M|\n|poke|p1|Urshifu-*, L50, F|\n|poke|p1|Rillaboom, L50, M|\n|poke|p1|Chien-Pao, L50|\n|poke|p2|Miraidon, L50|\n|poke|p2|Zamazenta-*, L50|\n|poke|p2|Grimmsnarl, L50, M|\n|poke|p2|Volcarona, L50, F|\n|poke|p2|Ditto, L50|\n|poke|p2|Iron Hands, L50|\n|teampreview|4\n|showteam|p1|Zamazenta-Crowned||RustedShield|DauntlessShield|BodyPress,HeavySlam,WideGuard,Protect||||||50|,,,,,Ghost]Calyrex-Shadow||FocusSash|AsOneSpectrier|AstralBarrage,Psychic,Encore,Protect||||||50|,,,,,Ghost]Tornadus||RockyHelmet|Prankster|BleakwindStorm,Tailwind,RainDance,Protect|||M|||50|,,,,,Dark]Urshifu-Rapid-Strike||MysticWater|UnseenFist|SurgingStrikes,CloseCombat,AquaJet,Detect|||F|||50|,,,,,Water]Rillaboom||AssaultVest|GrassySurge|WoodHammer,GrassyGlide,Uturn,FakeOut|||M|||50|,,,,,Fire]Chien-Pao||LifeOrb|SwordofRuin|SuckerPunch,IcicleCrash,IceShard,Protect||||||50|,,,,,Stellar\n|showteam|p2|Miraidon||ChoiceSpecs|HadronEngine|ElectroDrift,DracoMeteor,VoltSwitch,DazzlingGleam||||||50|,,,,,Fairy]Zamazenta-Crowned||RustedShield|DauntlessShield|HeavySlam,BodyPress,WideGuard,Protect||||||50|,,,,,Dragon]Grimmsnarl||LightClay|Prankster|FoulPlay,ThunderWave,Reflect,LightScreen|||M|||50|,,,,,Water]Volcarona||Leftovers|FlameBody|FieryDance,GigaDrain,QuiverDance,Protect|||F|||50|,,,,,Grass]Ditto||FocusSash|Imposter|Transform||||||50|,,,,,Ghost]Iron Hands||AssaultVest|QuarkDrive|DrainPunch,HeavySlam,LowKick,FakeOut||||||50|,,,,,Bug\n|inactive|Battle timer is ON: inactive players will automatically lose when time's up. (requested by deadinsideusually)\n|\n|t:|1746065405\n|start\n|switch|p1a: Zamazenta|Zamazenta-Crowned, L50|100/100\n|switch|p1b: Calyrex|Calyrex-Shadow, L50|100/100\n|switch|p2a: Volcarona|Volcarona, L50, F|100/100\n|switch|p2b: Grimmsnarl|Grimmsnarl, L50, M|100/100\n|-ability|p1b: Calyrex|As One\n|-ability|p1b: Calyrex|Unnerve\n|-ability|p1a: Zamazenta|Dauntless Shield|boost\n|-boost|p1a: Zamazenta|def|1\n|turn|1\n|inactive|YantoVGC has 30 seconds left.\n|inactive|YantoVGC has 20 seconds left.\n|\n|t:|1746065445\n|-terastallize|p1a: Zamazenta|Ghost\n|move|p2b: Grimmsnarl|Light Screen|p2b: Grimmsnarl\n|-sidestart|p2: deadinsideusually|move: Light Screen\n|move|p1b: Calyrex|Encore|p2b: Grimmsnarl\n|-start|p2b: Grimmsnarl|Encore\n|move|p1a: Zamazenta|Heavy Slam|p2b: Grimmsnarl\n|-supereffective|p2b: Grimmsnarl\n|-damage|p2b: Grimmsnarl|10/100\n|move|p2a: Volcarona|Quiver Dance|p2a: Volcarona\n|-boost|p2a: Volcarona|spa|1\n|-boost|p2a: Volcarona|spd|1\n|-boost|p2a: Volcarona|spe|1\n|\n|upkeep\n|turn|2\n|inactive|YantoVGC has 30 seconds left.\n|inactive|deadinsideusually has 30 seconds left.\n|inactive|YantoVGC has 20 seconds left.\n|inactive|deadinsideusually has 20 seconds left.\n|inactive|YantoVGC has 15 seconds left.\n|inactive|deadinsideusually has 15 seconds left.\n|inactive|YantoVGC has 10 seconds left.\n|\n|t:|1746065490\n|switch|p1a: Chien-Pao|Chien-Pao, L50|100/100\n|-ability|p1a: Chien-Pao|Sword of Ruin\n|switch|p2b: Ditto|Ditto, L50|100/100\n|-transform|p2b: Ditto|p1a: Chien-Pao|[from] ability: Imposter\n|-ability|p2b: Ditto|Sword of Ruin\n|move|p2a: Volcarona|Fiery Dance|p1b: Calyrex\n|-damage|p1b: Calyrex|36/100\n|-boost|p2a: Volcarona|spa|1\n|move|p1b: Calyrex|Astral Barrage|p2a: Volcarona|[spread] p2a,p2b\n|-resisted|p2b: Ditto\n|-damage|p2a: Volcarona|75/100\n|-damage|p2b: Ditto|71/100\n|\n|-heal|p2a: Volcarona|81/100|[from] item: Leftovers\n|upkeep\n|turn|3\n|inactive|YantoVGC has 30 seconds left.\n|inactive|YantoVGC has 20 seconds left.\n|inactive|YantoVGC has 15 seconds left.\n|inactive|YantoVGC has 10 seconds left.\n|inactive|deadinsideusually has 30 seconds left.\n|\n|t:|1746065543\n|move|p1b: Calyrex|Protect|p1b: Calyrex\n|-singleturn|p1b: Calyrex|Protect\n|move|p2b: Ditto|Sucker Punch||[still]\n|-fail|p2b: Ditto\n|move|p1a: Chien-Pao|Sucker Punch|p2a: Volcarona\n|-damage|p2a: Volcarona|0 fnt\n|faint|p2a: Volcarona\n|-damage|p1a: Chien-Pao|91/100|[from] item: Life Orb\n|\n|upkeep\n|\n|t:|1746065554\n|switch|p2a: Grimmsnarl|Grimmsnarl, L50, M|10/100\n|turn|4\n|inactive|YantoVGC has 30 seconds left.\n|\n|t:|1746065595\n|move|p2a: Grimmsnarl|Reflect|p2a: Grimmsnarl\n|-sidestart|p2: deadinsideusually|Reflect\n|move|p1b: Calyrex|Encore|p2b: Ditto\n|-start|p2b: Ditto|Encore\n|move|p1a: Chien-Pao|Icicle Crash|p2a: Grimmsnarl\n|-damage|p2a: Grimmsnarl|0 fnt\n|faint|p2a: Grimmsnarl\n|-damage|p1a: Chien-Pao|81/100|[from] item: Life Orb\n|move|p2b: Ditto|Sucker Punch||[still]\n|-fail|p2b: Ditto\n|\n|upkeep\n|\n|t:|1746065609\n|switch|p2a: Miraidon|Miraidon, L50|100/100\n|-fieldstart|move: Electric Terrain|[from] ability: Hadron Engine|[of] p2a: Miraidon\n|turn|5\n|\n|t:|1746065626\n|switch|p1b: Rillaboom|Rillaboom, L50, M|100/100\n|-fieldstart|move: Grassy Terrain|[from] ability: Grassy Surge|[of] p1b: Rillaboom\n|-terastallize|p2a: Miraidon|Fairy\n|move|p1a: Chien-Pao|Ice Shard|p2a: Miraidon\n|-damage|p2a: Miraidon|80/100\n|-damage|p1a: Chien-Pao|71/100|[from] item: Life Orb\n|move|p2b: Ditto|Sucker Punch||[still]\n|-fail|p2b: Ditto\n|move|p2a: Miraidon|Dazzling Gleam|p1a: Chien-Pao|[spread] p1a,p1b\n|-supereffective|p1a: Chien-Pao\n|-crit|p1b: Rillaboom\n|-damage|p1a: Chien-Pao|0 fnt\n|-damage|p1b: Rillaboom|58/100\n|faint|p1a: Chien-Pao\n|\n|-heal|p2b: Ditto|77/100|[from] Grassy Terrain\n|-heal|p2a: Miraidon|86/100|[from] Grassy Terrain\n|-heal|p1b: Rillaboom|64/100|[from] Grassy Terrain\n|upkeep\n|\n|t:|1746065639\n|switch|p1a: Zamazenta|Zamazenta-Crowned, L50, tera:Ghost|100/100\n|turn|6\n|\n|t:|1746065651\n|move|p1b: Rillaboom|Fake Out|p2b: Ditto\n|-damage|p2b: Ditto|64/100\n|cant|p2b: Ditto|flinch\n|move|p2a: Miraidon|Dazzling Gleam|p1a: Zamazenta|[spread] p1a,p1b\n|-damage|p1a: Zamazenta|65/100\n|-damage|p1b: Rillaboom|37/100\n|move|p1a: Zamazenta|Heavy Slam|p2a: Miraidon\n|-supereffective|p2a: Miraidon\n|-damage|p2a: Miraidon|36/100\n|\n|-heal|p2b: Ditto|70/100|[from] Grassy Terrain\n|-heal|p2a: Miraidon|42/100|[from] Grassy Terrain\n|-heal|p1a: Zamazenta|71/100|[from] Grassy Terrain\n|-heal|p1b: Rillaboom|43/100|[from] Grassy Terrain\n|-end|p2b: Ditto|Encore\n|upkeep\n|turn|7\n|inactive|YantoVGC has 30 seconds left.\n|inactive|YantoVGC has 20 seconds left.\n|\n|t:|1746065686\n|move|p1a: Zamazenta|Protect|p1a: Zamazenta\n|-singleturn|p1a: Zamazenta|Protect\n|move|p2b: Ditto|Ice Shard|p1b: Rillaboom\n|-supereffective|p1b: Rillaboom\n|-damage|p1b: Rillaboom|0 fnt\n|faint|p1b: Rillaboom\n|move|p2a: Miraidon|Dazzling Gleam|p1a: Zamazenta\n|-activate|p1a: Zamazenta|move: Protect\n|\n|-heal|p2b: Ditto|76/100|[from] Grassy Terrain\n|-heal|p2a: Miraidon|48/100|[from] Grassy Terrain\n|-heal|p1a: Zamazenta|77/100|[from] Grassy Terrain\n|upkeep\n|\n|t:|1746065691\n|switch|p1b: Calyrex|Calyrex-Shadow, L50|36/100\n|-ability|p1b: Calyrex|As One\n|-ability|p1b: Calyrex|Unnerve\n|turn|8\n|\n|t:|1746065713\n|move|p1b: Calyrex|Protect|p1b: Calyrex\n|-singleturn|p1b: Calyrex|Protect\n|move|p2b: Ditto|Sucker Punch||[still]\n|-fail|p2b: Ditto\n|move|p2a: Miraidon|Dazzling Gleam|p1a: Zamazenta|[spread] p1a\n|-activate|p1b: Calyrex|move: Protect\n|-damage|p1a: Zamazenta|36/100\n|move|p1a: Zamazenta|Body Press|p2b: Ditto\n|-supereffective|p2b: Ditto\n|-damage|p2b: Ditto|0 fnt\n|faint|p2b: Ditto\n|\n|-heal|p1b: Calyrex|42/100|[from] Grassy Terrain\n|-heal|p2a: Miraidon|55/100|[from] Grassy Terrain\n|-heal|p1a: Zamazenta|42/100|[from] Grassy Terrain\n|-sideend|p2: deadinsideusually|move: Light Screen\n|upkeep\n|turn|9\n|\n|t:|1746065736\n|move|p1a: Zamazenta|Wide Guard|p1a: Zamazenta\n|-singleturn|p1a: Zamazenta|Wide Guard\n|move|p1b: Calyrex|Astral Barrage|p2a: Miraidon\n|-damage|p2a: Miraidon|0 fnt\n|faint|p2a: Miraidon\n|\n|win|YantoVGC\n||deadinsideusually is ready for game 3.\n||YantoVGC is ready for game 3.\n|uhtml|next|Next: <a href=\"/battle-gen9vgc2025regibo3-2354392536\"><strong>Game 3 of 3</strong></a>\n|l|\u2606deadinsideusually\n|player|p2|\n", "uploadtime": 1746066082, "views": 12, "formatid": "gen9vgc2025regibo3", "rating": null, "private": 0, "password": null}