{"id": "gen9vgc2025regibo3-2353750848", "format": "[Gen 9] VGC 2025 Reg I (Bo3)", "players": ["Carter.Dev", "eebgm1"], "log": "|j|\u2606Carter.Dev\n|j|\u2606eebgm1\n|html|<table width=\"100%\"><tr><td align=\"left\">Carter.Dev</td><td align=\"right\">eebgm1</tr><tr><td align=\"left\"><i class=\"fa fa-circle-o\"></i> <i class=\"fa fa-circle-o\"></i> </td><td align=\"right\"><i class=\"fa fa-circle-o\"></i> <i class=\"fa fa-circle-o\"></i> </tr></table>\n|uhtml|bestof|<h2><strong>Game 1</strong> of <a href=\"/game-bestof3-gen9vgc2025regibo3-2353750847\">a best-of-3</a></h2>\n|t:|1745993716\n|gametype|doubles\n|player|p1|Carter.Dev|102|1368\n|player|p2|eebgm1|lady|1370\n|teamsize|p1|6\n|teamsize|p2|6\n|gen|9\n|tier|[Gen 9] VGC 2025 Reg I (Bo3)\n|rated|\n|rule|Species Clause: Limit one of each Pok\u00e9mon\n|rule|Item Clause: Limit 1 of each item\n|clearpoke\n|poke|p1|Dondozo, L50, F|\n|poke|p1|Tatsugiri, L50, F|\n|poke|p1|Koraidon, L50|\n|poke|p1|Calyrex-Shadow, L50|\n|poke|p1|Chi-Yu, L50|\n|poke|p1|Weezing-Galar, L50, F|\n|poke|p2|Calyrex-Shadow, L50|\n|poke|p2|Zamazenta-*, L50|\n|poke|p2|Incineroar, L50, M|\n|poke|p2|Rillaboom, L50, F|\n|poke|p2|Urshifu-*, L50, M|\n|poke|p2|Ogerpon-Hearthflame, L50, F|\n|teampreview|4\n|showteam|p1|Dondozo||Leftovers|Unaware|WaveCrash,OrderUp,Earthquake,Protect|||F|||50|,,,,,Grass]Tatsugiri||FocusSash|Commander|MuddyWater,DracoMeteor,Taunt,Protect|||F|||50|,,,,,Stellar]Koraidon||AbilityShield|OrichalcumPulse|CollisionCourse,DragonClaw,FlareBlitz,Protect||||||50|,,,,,Fire]Calyrex-Shadow||LifeOrb|AsOneSpectrier|AstralBarrage,Psychic,PollenPuff,Protect||||||50|,,,,,Dark]Chi-Yu||ChoiceScarf|BeadsofRuin|DarkPulse,Snarl,HeatWave,Overheat||||||50|,,,,,Ghost]Weezing-Galar||CovertCloak|NeutralizingGas|ToxicSpikes,StrangeSteam,PoisonGas,Protect|||F|||50|,,,,,Dark\n|showteam|p2|Calyrex-Shadow||LifeOrb|AsOneSpectrier|AstralBarrage,Psychic,NastyPlot,Protect||||||50|,,,,,Dark]Zamazenta-Crowned||RustedShield|DauntlessShield|BodyPress,behemothbash,WideGuard,Protect||||||50|,,,,,Dragon]Incineroar||RockyHelmet|Intimidate|KnockOff,PartingShot,FakeOut,HelpingHand|||M|||50|,,,,,Bug]Rillaboom||AssaultVest|GrassySurge|WoodHammer,GrassyGlide,Uturn,FakeOut|||F|||50|,,,,,Water]Urshifu-Rapid-Strike||ChoiceScarf|UnseenFist|SurgingStrikes,CloseCombat,AquaJet,Uturn|||M|||50|,,,,,Water]Ogerpon-Hearthflame||HearthflameMask|MoldBreaker|IvyCudgel,GrassyGlide,FollowMe,SpikyShield|||F|||50|,,,,,Fire\n|inactive|Battle timer is ON: inactive players will automatically lose when time's up. (requested by eebgm1)\n|inactive|eebgm1 has 60 seconds left.\n|\n|t:|1745993772\n|start\n|switch|p1a: Calyrex|Calyrex-Shadow, L50|100/100\n|switch|p1b: Koraidon|Koraidon, L50|100/100\n|switch|p2a: Calyrex|Calyrex-Shadow, L50|100/100\n|switch|p2b: Incineroar|Incineroar, L50, M|100/100\n|-ability|p2a: Calyrex|As One\n|-ability|p2a: Calyrex|Unnerve\n|-ability|p1a: Calyrex|As One\n|-ability|p1a: Calyrex|Unnerve\n|-weather|SunnyDay|[from] ability: Orichalcum Pulse|[of] p1b: Koraidon\n|-activate|p1b: Koraidon|Orichalcum Pulse|[source]\n|-ability|p2b: Incineroar|Intimidate|boost\n|-unboost|p1a: Calyrex|atk|1\n|-unboost|p1b: Koraidon|atk|1\n|turn|1\n|inactive|eebgm1 has 30 seconds left.\n|\n|t:|1745993797\n|switch|p1b: Chi-Yu|Chi-Yu, L50|100/100\n|-ability|p1b: Chi-Yu|Beads of Ruin\n|-terastallize|p1a: Calyrex|Dark\n|-terastallize|p2a: Calyrex|Dark\n|move|p2a: Calyrex|Nasty Plot|p2a: Calyrex\n|-boost|p2a: Calyrex|spa|2\n|move|p1a: Calyrex|Pollen Puff|p2a: Calyrex\n|-supereffective|p2a: Calyrex\n|-damage|p2a: Calyrex|0 fnt\n|faint|p2a: Calyrex\n|-ability|p1a: Calyrex|Grim Neigh|boost\n|-boost|p1a: Calyrex|spa|1\n|-damage|p1a: Calyrex|91/100|[from] item: Life Orb\n|move|p2b: Incineroar|Knock Off|p1a: Calyrex\n|-resisted|p1a: Calyrex\n|-damage|p1a: Calyrex|70/100\n|-enditem|p1a: Calyrex|Life Orb|[from] move: Knock Off|[of] p2b: Incineroar\n|\n|-weather|SunnyDay|[upkeep]\n|upkeep\n|\n|t:|1745993812\n|switch|p2a: Zamazenta|Zamazenta-Crowned, L50|100/100\n|-ability|p2a: Zamazenta|Dauntless Shield|boost\n|-boost|p2a: Zamazenta|def|1\n|turn|2\n|\n|t:|1745993832\n|move|p2a: Zamazenta|Protect|p2a: Zamazenta\n|-singleturn|p2a: Zamazenta|Protect\n|move|p1b: Chi-Yu|Heat Wave|p2b: Incineroar|[spread] p2b\n|-activate|p2a: Zamazenta|move: Protect\n|-resisted|p2b: Incineroar\n|-damage|p2b: Incineroar|69/100\n|move|p1a: Calyrex|Psychic|p2a: Zamazenta\n|-activate|p2a: Zamazenta|move: Protect\n|move|p2b: Incineroar|Parting Shot|p1b: Chi-Yu\n|-unboost|p1b: Chi-Yu|atk|1\n|-unboost|p1b: Chi-Yu|spa|1\n|\n|t:|1745993840\n|switch|p2b: Rillaboom|Rillaboom, L50, F|100/100|[from] Parting Shot\n|-fieldstart|move: Grassy Terrain|[from] ability: Grassy Surge|[of] p2b: Rillaboom\n|\n|-weather|SunnyDay|[upkeep]\n|-heal|p1a: Calyrex|76/100|[from] Grassy Terrain\n|upkeep\n|turn|3\n|\n|t:|1745993857\n|move|p2b: Rillaboom|Fake Out|p1b: Chi-Yu\n|-crit|p1b: Chi-Yu\n|-damage|p1b: Chi-Yu|66/100\n|cant|p1b: Chi-Yu|flinch\n|move|p1a: Calyrex|Pollen Puff|p2b: Rillaboom\n|-supereffective|p2b: Rillaboom\n|-crit|p2b: Rillaboom\n|-damage|p2b: Rillaboom|0 fnt\n|faint|p2b: Rillaboom\n|-ability|p1a: Calyrex|Grim Neigh|boost\n|-boost|p1a: Calyrex|spa|1\n|move|p2a: Zamazenta|Body Press|p1b: Chi-Yu\n|-supereffective|p1b: Chi-Yu\n|-damage|p1b: Chi-Yu|0 fnt\n|faint|p1b: Chi-Yu\n|\n|-weather|SunnyDay|[upkeep]\n|-heal|p1a: Calyrex|83/100|[from] Grassy Terrain\n|upkeep\n|\n|t:|1745993874\n|switch|p1b: Weezing|Weezing-Galar, L50, F|100/100\n|switch|p2b: Incineroar|Incineroar, L50, M|69/100\n|-ability|p1b: Weezing|Neutralizing Gas\n|turn|4\n|\n|t:|1745993884\n|move|p1a: Calyrex|Protect|p1a: Calyrex\n|-singleturn|p1a: Calyrex|Protect\n|move|p2b: Incineroar|Fake Out|p1b: Weezing\n|-damage|p1b: Weezing|91/100\n|move|p2a: Zamazenta|Behemoth Bash|p1b: Weezing\n|-supereffective|p1b: Weezing\n|-damage|p1b: Weezing|14/100\n|move|p1b: Weezing|Poison Gas|p2a: Zamazenta|[spread] p2a,p2b\n|-immune|p2a: Zamazenta\n|-status|p2b: Incineroar|psn\n|\n|-weather|SunnyDay|[upkeep]\n|-heal|p1a: Calyrex|89/100|[from] Grassy Terrain\n|-heal|p1b: Weezing|20/100|[from] Grassy Terrain\n|-heal|p2b: Incineroar|75/100 psn|[from] Grassy Terrain\n|-damage|p2b: Incineroar|62/100 psn|[from] psn\n|upkeep\n|turn|5\n|inactive|eebgm1 has 30 seconds left.\n|inactive|eebgm1 has 20 seconds left.\n|inactive|eebgm1 has 15 seconds left.\n|\n|t:|1745993925\n|move|p2a: Zamazenta|Protect|p2a: Zamazenta\n|-singleturn|p2a: Zamazenta|Protect\n|move|p1a: Calyrex|Psychic|p2a: Zamazenta\n|-activate|p2a: Zamazenta|move: Protect\n|move|p1b: Weezing|Strange Steam|p2b: Incineroar\n|-damage|p2b: Incineroar|41/100 psn\n|move|p2b: Incineroar|Parting Shot|p1a: Calyrex\n|-unboost|p1a: Calyrex|atk|1\n|-unboost|p1a: Calyrex|spa|1\n|\n|-weather|none\n|-heal|p1a: Calyrex|95/100|[from] Grassy Terrain\n|-heal|p1b: Weezing|26/100|[from] Grassy Terrain\n|-heal|p2b: Incineroar|47/100 psn|[from] Grassy Terrain\n|-damage|p2b: Incineroar|35/100 psn|[from] psn\n|upkeep\n|turn|6\n|inactive|eebgm1 has 30 seconds left.\n|\n|t:|1745993950\n|move|p1a: Calyrex|Psychic|p2a: Zamazenta\n|-damage|p2a: Zamazenta|40/100\n|move|p2a: Zamazenta|Behemoth Bash|p1a: Calyrex\n|-damage|p1a: Calyrex|32/100\n|move|p1b: Weezing|Strange Steam|p2b: Incineroar\n|-damage|p2b: Incineroar|13/100 psn\n|-start|p2b: Incineroar|confusion\n|-activate|p2b: Incineroar|confusion\n|move|p2b: Incineroar|Knock Off|p1b: Weezing\n|-resisted|p1b: Weezing\n|-damage|p1b: Weezing|10/100\n|-enditem|p1b: Weezing|Covert Cloak|[from] move: Knock Off|[of] p2b: Incineroar\n|\n|-heal|p1a: Calyrex|38/100|[from] Grassy Terrain\n|-heal|p2a: Zamazenta|47/100|[from] Grassy Terrain\n|-heal|p1b: Weezing|16/100|[from] Grassy Terrain\n|-heal|p2b: Incineroar|19/100 psn|[from] Grassy Terrain\n|-damage|p2b: Incineroar|7/100 psn|[from] psn\n|-fieldend|move: Grassy Terrain\n|upkeep\n|turn|7\n|-message|eebgm1 forfeited.\n|\n|win|Carter.Dev\n|l|\u2606eebgm1\n|player|p2|\n||eebgm1 is ready for game 2.\n||Carter.Dev is ready for game 2.\n|uhtml|next|Next: <a href=\"/battle-gen9vgc2025regibo3-2353752257\"><strong>Game 2 of 3</strong></a>\n|l|\u2606Carter.Dev\n|player|p1|\n", "uploadtime": 1745994227, "views": 6, "formatid": "gen9vgc2025regibo3", "rating": null, "private": 0, "password": null}