{"id": "gen9vgc2025regibo3-2354312723", "format": "[Gen 9] VGC 2025 Reg I (Bo3)", "players": ["cflobel", "nintendoswitch200"], "log": "|j|\u2606cflobel\n|j|\u2606nintendoswitch200\n|html|<table width=\"100%\"><tr><td align=\"left\">cflobel</td><td align=\"right\">nintendoswitch200</tr><tr><td align=\"left\"><i class=\"fa fa-circle\"></i> <i class=\"fa fa-circle-o\"></i> </td><td align=\"right\"><i class=\"fa fa-circle-o\"></i> <i class=\"fa fa-circle\"></i> </tr></table>\n|uhtml|bestof|<h2><strong>Game 3</strong> of <a href=\"/game-bestof3-gen9vgc2025regibo3-2354307075\">a best-of-3</a></h2>\n|t:|1746056076\n|gametype|doubles\n|player|p1|cflobel|266|1133\n|player|p2|nintendoswitch200|turo|1067\n|teamsize|p1|6\n|teamsize|p2|6\n|gen|9\n|tier|[Gen 9] VGC 2025 Reg I (Bo3)\n|rated|\n|rule|Species Clause: Limit one of each Pok\u00e9mon\n|rule|Item Clause: Limit 1 of each item\n|clearpoke\n|poke|p1|Calyrex-Shadow, L50|\n|poke|p1|Zamazenta-*, L50|\n|poke|p1|Smeargle, L50, F|\n|poke|p1|Incineroar, L50, M|\n|poke|p1|Rillaboom, L50, F|\n|poke|p1|Ogerpon-Hearthflame, L50, F|\n|poke|p2|Urshifu-*, L50, F|\n|poke|p2|Incineroar, L50, F|\n|poke|p2|Calyrex-Shadow, L50|\n|poke|p2|Farigiraf, L50, F|\n|poke|p2|Rillaboom, L50, F|\n|poke|p2|Zamazenta-*, L50|\n|teampreview|4\n|showteam|p1|Calyrex-Shadow||LifeOrb|AsOneSpectrier|AstralBarrage,GigaDrain,NastyPlot,Protect||||||50|,,,,,Grass]Zamazenta-Crowned||RustedShield|DauntlessShield|BodyPress,behemothbash,WideGuard,Protect||||||50|,,,,,Water]Smeargle||FocusSash|Moody|FakeOut,Spore,FollowMe,WideGuard|||F|||50|,,,,,Ghost]Incineroar||RockyHelmet|Intimidate|KnockOff,Taunt,PartingShot,FakeOut|||M|||50|,,,,,Water]Rillaboom||AssaultVest|GrassySurge|WoodHammer,GrassyGlide,Uturn,FakeOut|||F|||50|,,,,,Fire]Ogerpon-Hearthflame||HearthflameMask|MoldBreaker|IvyCudgel,GrassyGlide,FollowMe,SpikyShield|||F|||50|,,,,,Fire\n|showteam|p2|Urshifu-Rapid-Strike||FocusSash|UnseenFist|Detect,SurgingStrikes,CloseCombat,AquaJet|||F|||50|,,,,,Stellar]Incineroar||SafetyGoggles|Intimidate|FakeOut,PartingShot,FlareBlitz,KnockOff|||F|||50|,,,,,Ghost]Calyrex-Shadow||CovertCloak|AsOneSpectrier|Protect,NastyPlot,AstralBarrage,Psyshock||||||50|,,,,,Water]Farigiraf||ThroatSpray|ArmorTail|Protect,TrickRoom,HyperVoice,Psychic|||F|||50|,,,,,Grass]Rillaboom||AssaultVest|GrassySurge|FakeOut,GrassyGlide,WoodHammer,Uturn|||F|||50|,,,,,Fire]Zamazenta-Crowned||RustedShield|DauntlessShield|Protect,BodyPress,WideGuard,HeavySlam||||||50|,,,,,Fairy\n|inactive|Battle timer is ON: inactive players will automatically lose when time's up. (requested by cflobel)\n|inactive|nintendoswitch200 also wants the timer to be on.\n|inactive|nintendoswitch200 has 60 seconds left.\n|\n|t:|1746056115\n|start\n|switch|p1a: Incineroar|Incineroar, L50, M|100/100\n|switch|p1b: Zamazenta|Zamazenta-Crowned, L50|100/100\n|switch|p2a: Incineroar|Incineroar, L50, F|100/100\n|switch|p2b: Calyrex|Calyrex-Shadow, L50|100/100\n|-ability|p2b: Calyrex|As One\n|-ability|p2b: Calyrex|Unnerve\n|-ability|p1b: Zamazenta|Dauntless Shield|boost\n|-boost|p1b: Zamazenta|def|1\n|-ability|p1a: Incineroar|Intimidate|boost\n|-unboost|p2a: Incineroar|atk|1\n|-unboost|p2b: Calyrex|atk|1\n|-ability|p2a: Incineroar|Intimidate|boost\n|-unboost|p1a: Incineroar|atk|1\n|-unboost|p1b: Zamazenta|atk|1\n|turn|1\n|inactive|nintendoswitch200 has 30 seconds left.\n|inactive|nintendoswitch200 has 20 seconds left.\n|inactive|nintendoswitch200 has 15 seconds left.\n|inactive|nintendoswitch200 has 10 seconds left.\n|inactive|nintendoswitch200 has 5 seconds left.\n|\n|t:|1746056168\n|move|p2a: Incineroar|Fake Out|p1a: Incineroar\n|-damage|p1a: Incineroar|93/100\n|-damage|p2a: Incineroar|84/100|[from] item: Rocky Helmet|[of] p1a: Incineroar\n|move|p2b: Calyrex|Nasty Plot|p2b: Calyrex\n|-boost|p2b: Calyrex|spa|2\n|move|p1b: Zamazenta|Body Press|p2a: Incineroar\n|-supereffective|p2a: Incineroar\n|-damage|p2a: Incineroar|0 fnt\n|faint|p2a: Incineroar\n|cant|p1a: Incineroar|flinch\n|\n|upkeep\n|\n|t:|1746056175\n|switch|p2a: Urshifu|Urshifu-Rapid-Strike, L50, F|100/100\n|turn|2\n|\n|t:|1746056192\n|-terastallize|p2b: Calyrex|Water\n|-terastallize|p1a: Incineroar|Water\n|move|p2a: Urshifu|Detect|p2a: Urshifu\n|-singleturn|p2a: Urshifu|Protect\n|move|p1b: Zamazenta|Wide Guard|p1b: Zamazenta\n|-singleturn|p1b: Zamazenta|Wide Guard\n|move|p2b: Calyrex|Nasty Plot|p2b: Calyrex\n|-boost|p2b: Calyrex|spa|2\n|move|p1a: Incineroar|Knock Off|p2b: Calyrex\n|-crit|p2b: Calyrex\n|-damage|p2b: Calyrex|32/100\n|-enditem|p2b: Calyrex|Covert Cloak|[from] move: Knock Off|[of] p1a: Incineroar\n|\n|upkeep\n|turn|3\n|\n|t:|1746056206\n|move|p1b: Zamazenta|Wide Guard|p1b: Zamazenta\n|-singleturn|p1b: Zamazenta|Wide Guard\n|move|p2b: Calyrex|Astral Barrage|p1b: Zamazenta|[spread] \n|-activate|p1a: Incineroar|move: Wide Guard\n|-activate|p1b: Zamazenta|move: Wide Guard\n|move|p2a: Urshifu|Close Combat|p1a: Incineroar\n|-damage|p1a: Incineroar|27/100\n|-unboost|p2a: Urshifu|def|1\n|-unboost|p2a: Urshifu|spd|1\n|-damage|p2a: Urshifu|84/100|[from] item: Rocky Helmet|[of] p1a: Incineroar\n|move|p1a: Incineroar|Knock Off|p2b: Calyrex\n|-damage|p2b: Calyrex|11/100\n|\n|upkeep\n|turn|4\n|inactive|cflobel has 30 seconds left.\n|inactive|cflobel has 20 seconds left.\n|\n|t:|1746056244\n|switch|p1a: Rillaboom|Rillaboom, L50, F|100/100\n|-fieldstart|move: Grassy Terrain|[from] ability: Grassy Surge|[of] p1a: Rillaboom\n|move|p1b: Zamazenta|Wide Guard|p1b: Zamazenta\n|-singleturn|p1b: Zamazenta|Wide Guard\n|move|p2b: Calyrex|Astral Barrage|p1b: Zamazenta|[spread] \n|-activate|p1a: Rillaboom|move: Wide Guard\n|-activate|p1b: Zamazenta|move: Wide Guard\n|move|p2a: Urshifu|Close Combat|p1a: Rillaboom\n|-damage|p1a: Rillaboom|38/100\n|-unboost|p2a: Urshifu|def|1\n|-unboost|p2a: Urshifu|spd|1\n|\n|-heal|p2b: Calyrex|17/100|[from] Grassy Terrain\n|-heal|p2a: Urshifu|90/100|[from] Grassy Terrain\n|-heal|p1a: Rillaboom|43/100|[from] Grassy Terrain\n|upkeep\n|turn|5\n|inactive|cflobel has 30 seconds left.\n|inactive|nintendoswitch200 has 30 seconds left.\n|inactive|nintendoswitch200 has 20 seconds left.\n|inactive|cflobel has 20 seconds left.\n|inactive|nintendoswitch200 has 15 seconds left.\n|inactive|cflobel has 15 seconds left.\n|inactive|nintendoswitch200 has 10 seconds left.\n|inactive|cflobel has 10 seconds left.\n|\n|t:|1746056294\n|switch|p2a: Farigiraf|Farigiraf, L50, F|100/100\n|move|p1a: Rillaboom|Grassy Glide||[still]\n|cant|p2a: Farigiraf|ability: Armor Tail|Grassy Glide|[of] p1a: Rillaboom\n|move|p2b: Calyrex|Astral Barrage|p1b: Zamazenta|[spread] p1a,p1b\n|-damage|p1a: Rillaboom|0 fnt\n|-damage|p1b: Zamazenta|0 fnt\n|faint|p1a: Rillaboom\n|faint|p1b: Zamazenta\n|-ability|p2b: Calyrex|Grim Neigh|boost\n|-boost|p2b: Calyrex|spa|2\n|\n|-heal|p2b: Calyrex|23/100|[from] Grassy Terrain\n|upkeep\n|\n|t:|1746056298\n|switch|p1b: Incineroar|Incineroar, L50, M, tera:Water|27/100\n|switch|p1a: Calyrex|Calyrex-Shadow, L50|100/100\n|-ability|p1a: Calyrex|As One\n|-ability|p1a: Calyrex|Unnerve\n|-ability|p1b: Incineroar|Intimidate|boost\n|-unboost|p2a: Farigiraf|atk|1\n|-unboost|p2b: Calyrex|atk|1\n|turn|6\n|inactive|nintendoswitch200 has 30 seconds left.\n|inactive|nintendoswitch200 has 20 seconds left.\n|inactive|nintendoswitch200 has 15 seconds left.\n|inactive|nintendoswitch200 has 10 seconds left.\n|\n|t:|1746056346\n|move|p1a: Calyrex|Astral Barrage|p2a: Farigiraf|[spread] p2b\n|-immune|p2a: Farigiraf\n|-damage|p2b: Calyrex|0 fnt\n|faint|p2b: Calyrex\n|-ability|p1a: Calyrex|Grim Neigh|boost\n|-boost|p1a: Calyrex|spa|1\n|-damage|p1a: Calyrex|91/100|[from] item: Life Orb\n|move|p1b: Incineroar|Knock Off|p2a: Farigiraf\n|-supereffective|p2a: Farigiraf\n|-damage|p2a: Farigiraf|8/100\n|-enditem|p2a: Farigiraf|Throat Spray|[from] move: Knock Off|[of] p1b: Incineroar\n|move|p2a: Farigiraf|Trick Room|p2a: Farigiraf\n|-fieldstart|move: Trick Room|[of] p2a: Farigiraf\n|\n|-heal|p2a: Farigiraf|14/100|[from] Grassy Terrain\n|-heal|p1b: Incineroar|33/100|[from] Grassy Terrain\n|-heal|p1a: Calyrex|97/100|[from] Grassy Terrain\n|upkeep\n|\n|t:|1746056350\n|switch|p2b: Urshifu|Urshifu-Rapid-Strike, L50, F|90/100\n|turn|7\n|\n|t:|1746056368\n|move|p2a: Farigiraf|Psychic|p1a: Calyrex\n|-resisted|p1a: Calyrex\n|-damage|p1a: Calyrex|75/100\n|move|p1b: Incineroar|Knock Off|p2a: Farigiraf\n|-supereffective|p2a: Farigiraf\n|-damage|p2a: Farigiraf|0 fnt\n|faint|p2a: Farigiraf\n|move|p2b: Urshifu|Surging Strikes|p1a: Calyrex\n|-crit|p1a: Calyrex\n|-damage|p1a: Calyrex|48/100\n|-crit|p1a: Calyrex\n|-damage|p1a: Calyrex|18/100\n|-crit|p1a: Calyrex\n|-damage|p1a: Calyrex|0 fnt\n|faint|p1a: Calyrex\n|-hitcount|p1: Calyrex|3\n|\n|-heal|p1b: Incineroar|39/100|[from] Grassy Terrain\n|-heal|p2b: Urshifu|97/100|[from] Grassy Terrain\n|upkeep\n|turn|8\n|\n|t:|1746056390\n|move|p1b: Incineroar|Knock Off|p2b: Urshifu\n|-resisted|p2b: Urshifu\n|-crit|p2b: Urshifu\n|-damage|p2b: Urshifu|67/100\n|-enditem|p2b: Urshifu|Focus Sash|[from] move: Knock Off|[of] p1b: Incineroar\n|move|p2b: Urshifu|Close Combat|p1b: Incineroar\n|-damage|p1b: Incineroar|0 fnt\n|-unboost|p2b: Urshifu|def|1\n|-unboost|p2b: Urshifu|spd|1\n|-damage|p2b: Urshifu|50/100|[from] item: Rocky Helmet|[of] p1b: Incineroar\n|faint|p1b: Incineroar\n|\n|win|nintendoswitch200\n|raw|cflobel's rating: 1133 &rarr; <strong>1103</strong><br />(-30 for losing)\n|raw|nintendoswitch200's rating: 1067 &rarr; <strong>1103</strong><br />(+36 for winning)\n|l|\u2606cflobel\n|player|p1|\n", "uploadtime": 1746056435, "views": 6, "formatid": "gen9vgc2025regibo3", "rating": 1103, "private": 0, "password": null}