{"id": "gen9vgc2025regibo3-2355129698", "format": "[Gen 9] VGC 2025 Reg I (Bo3)", "players": ["HeatVW", "Secret Raikou"], "log": "|j|\u2606HeatVW\n|j|\u2606Secret Raikou\n|html|<table width=\"100%\"><tr><td align=\"left\">HeatVW</td><td align=\"right\">Secret Raikou</tr><tr><td align=\"left\"><i class=\"fa fa-circle\"></i> <i class=\"fa fa-circle-o\"></i> </td><td align=\"right\"><i class=\"fa fa-circle-o\"></i> <i class=\"fa fa-circle-o\"></i> </tr></table>\n|uhtml|bestof|<h2><strong>Game 2</strong> of <a href=\"/game-bestof3-gen9vgc2025regibo3-2355128397\">a best-of-3</a></h2>\n|t:|1746156246\n|gametype|doubles\n|player|p1|HeatVW|169|1157\n|player|p2|Secret Raikou|102|1137\n|teamsize|p1|6\n|teamsize|p2|4\n|gen|9\n|tier|[Gen 9] VGC 2025 Reg I (Bo3)\n|rated|\n|rule|Species Clause: Limit one of each Pok\u00e9mon\n|rule|Item Clause: Limit 1 of each item\n|clearpoke\n|poke|p1|Koraidon, L50|\n|poke|p1|Chi-Yu, L50|\n|poke|p1|Flutter Mane, L50|\n|poke|p1|Calyrex-Shadow, L50|\n|poke|p1|Tornadus, L50, M|\n|poke|p1|Raging Bolt, L50|\n|poke|p2|Hippowdon, L50, F|\n|poke|p2|Dialga-Origin, L50|\n|poke|p2|Ogerpon-Cornerstone, L50, F|\n|poke|p2|Houndstone, L50, M|\n|teampreview|4\n|showteam|p1|Koraidon||LifeOrb|OrichalcumPulse|FlareBlitz,FlameCharge,Protect,CollisionCourse||||||50|,,,,,Fire]Chi-Yu||ChoiceScarf|BeadsofRuin|HeatWave,Snarl,DarkPulse,Overheat||||||50|,,,,,Ghost]Flutter Mane||BoosterEnergy|Protosynthesis|Moonblast,IcyWind,Protect,Taunt||||||50|,,,,,Fairy]Calyrex-Shadow||FocusSash|AsOneSpectrier|AstralBarrage,Psychic,Encore,Protect||||||50|,,,,,Dark]Tornadus||CovertCloak|Prankster|Tailwind,BleakwindStorm,SunnyDay,Protect|||M|||50|,,,,,Dark]Raging Bolt||AssaultVest|Protosynthesis|Thunderbolt,Thunderclap,DragonPulse,Snarl||||||50|,,,,,Electric\n|showteam|p2|Hippowdon||RockyHelmet|SandStream|Protect,Yawn,Earthquake,Crunch|||F|||50|,,,,,Fairy]Dialga-Origin||AdamantCrystal|Pressure|Protect,TrickRoom,SteelBeam,RoarofTime||||||50|,,,,,Stellar]Ogerpon-Cornerstone||CornerstoneMask|Sturdy|SpikyShield,FollowMe,IvyCudgel,HornLeech|||F|||50|,,,,,Rock]Houndstone||FocusSash|SandRush|Protect,ShadowSneak,PlayRough,LastRespects|||M|||50|,,,,,Ghost\n|inactive|Battle timer is ON: inactive players will automatically lose when time's up. (requested by HeatVW)\n|\n|t:|1746156265\n|start\n|switch|p1a: Tornadus|Tornadus, L50, M|100/100\n|switch|p1b: Koraidon|Koraidon, L50|100/100\n|switch|p2a: Dialga|Dialga-Origin, L50|100/100\n|switch|p2b: Ogerpon|Ogerpon-Cornerstone, L50, F|100/100\n|-weather|SunnyDay|[from] ability: Orichalcum Pulse|[of] p1b: Koraidon\n|-activate|p1b: Koraidon|Orichalcum Pulse|[source]\n|-ability|p2a: Dialga|Pressure\n|turn|1\n|\n|t:|1746156279\n|-terastallize|p1b: Koraidon|Fire\n|move|p2b: Ogerpon|Follow Me|p2b: Ogerpon\n|-singleturn|p2b: Ogerpon|move: Follow Me\n|move|p1b: Koraidon|Flame Charge|p2b: Ogerpon\n|-ability|p2b: Ogerpon|Sturdy\n|-damage|p2b: Ogerpon|1/100\n|-boost|p1b: Koraidon|spe|1\n|-damage|p1b: Koraidon|91/100|[from] item: Life Orb\n|move|p1a: Tornadus|Bleakwind Storm|p2a: Dialga|[spread] p2a,p2b\n|-resisted|p2a: Dialga\n|-damage|p2a: Dialga|89/100\n|-damage|p2b: Ogerpon|0 fnt\n|-unboost|p2a: Dialga|spe|1\n|faint|p2b: Ogerpon\n|move|p2a: Dialga|Trick Room|p2a: Dialga\n|-fieldstart|move: Trick Room|[of] p2a: Dialga\n|\n|-weather|SunnyDay|[upkeep]\n|upkeep\n|\n|t:|1746156298\n|switch|p2b: Hippowdon|Hippowdon, L50, F|100/100\n|-weather|Sandstorm|[from] ability: Sand Stream|[of] p2b: Hippowdon\n|turn|2\n|\n|t:|1746156311\n|move|p2b: Hippowdon|Yawn|p1a: Tornadus\n|-start|p1a: Tornadus|move: Yawn|[of] p2b: Hippowdon\n|move|p2a: Dialga|Roar of Time|p1b: Koraidon\n|-damage|p1b: Koraidon|0 fnt\n|-mustrecharge|p2a: Dialga\n|faint|p1b: Koraidon\n|move|p1a: Tornadus|Bleakwind Storm|p2b: Hippowdon|[spread] p2a,p2b\n|-resisted|p2a: Dialga\n|-damage|p2a: Dialga|76/100\n|-damage|p2b: Hippowdon|71/100\n|-unboost|p2b: Hippowdon|spe|1\n|\n|-weather|Sandstorm|[upkeep]\n|-damage|p1a: Tornadus|95/100|[from] Sandstorm\n|upkeep\n|\n|t:|1746156320\n|switch|p1b: Flutter Mane|Flutter Mane, L50|100/100\n|-enditem|p1b: Flutter Mane|Booster Energy\n|-activate|p1b: Flutter Mane|ability: Protosynthesis|[fromitem]\n|-start|p1b: Flutter Mane|protosynthesisspe\n|turn|3\n|\n|t:|1746156330\n|switch|p1a: Chi-Yu|Chi-Yu, L50|100/100\n|-ability|p1a: Chi-Yu|Beads of Ruin\n|move|p2b: Hippowdon|Earthquake|p1a: Chi-Yu|[spread] p2a,p1a,p1b\n|-supereffective|p2a: Dialga\n|-supereffective|p1a: Chi-Yu\n|-damage|p2a: Dialga|33/100\n|-damage|p1a: Chi-Yu|7/100\n|-damage|p1b: Flutter Mane|48/100\n|cant|p2a: Dialga|recharge\n|move|p1b: Flutter Mane|Moonblast|p2a: Dialga\n|-damage|p2a: Dialga|0 fnt\n|faint|p2a: Dialga\n|\n|-weather|Sandstorm|[upkeep]\n|-damage|p1a: Chi-Yu|0 fnt|[from] Sandstorm\n|-damage|p1b: Flutter Mane|42/100|[from] Sandstorm\n|faint|p1a: Chi-Yu\n|upkeep\n|\n|t:|1746156337\n|switch|p2a: Houndstone|Houndstone, L50, M|100/100\n|switch|p1a: Tornadus|Tornadus, L50, M|95/100\n|turn|4\n|\n|t:|1746156361\n|-terastallize|p2a: Houndstone|Ghost\n|move|p1b: Flutter Mane|Protect|p1b: Flutter Mane\n|-singleturn|p1b: Flutter Mane|Protect\n|move|p2b: Hippowdon|Yawn|p1a: Tornadus\n|-start|p1a: Tornadus|move: Yawn|[of] p2b: Hippowdon\n|move|p1a: Tornadus|Bleakwind Storm|p2a: Houndstone|[spread] p2b\n|-miss|p1a: Tornadus|p2a: Houndstone\n|-damage|p2b: Hippowdon|42/100\n|move|p2a: Houndstone|Last Respects|p1b: Flutter Mane\n|-activate|p1b: Flutter Mane|move: Protect\n|\n|-weather|Sandstorm|[upkeep]\n|-damage|p1a: Tornadus|89/100|[from] Sandstorm\n|-damage|p1b: Flutter Mane|37/100|[from] Sandstorm\n|upkeep\n|turn|5\n|inactive|HeatVW has 30 seconds left.\n|\n|t:|1746156387\n|move|p2a: Houndstone|Shadow Sneak|p1b: Flutter Mane\n|-supereffective|p1b: Flutter Mane\n|-damage|p1b: Flutter Mane|0 fnt\n|faint|p1b: Flutter Mane\n|-end|p1b: Flutter Mane|Protosynthesis|[silent]\n|move|p2b: Hippowdon|Crunch|p1a: Tornadus\n|-damage|p1a: Tornadus|62/100\n|move|p1a: Tornadus|Bleakwind Storm|p2a: Houndstone|[spread] p2a,p2b\n|-damage|p2a: Houndstone|60/100\n|-damage|p2b: Hippowdon|16/100\n|-unboost|p2b: Hippowdon|spe|1\n|\n|-weather|Sandstorm|[upkeep]\n|-damage|p1a: Tornadus|56/100|[from] Sandstorm\n|-end|p1a: Tornadus|move: Yawn|[silent]\n|-status|p1a: Tornadus|slp\n|-fieldend|move: Trick Room\n|upkeep\n|turn|6\n|\n|t:|1746156396\n|cant|p1a: Tornadus|slp\n|move|p2a: Houndstone|Last Respects|p1a: Tornadus\n|-damage|p1a: Tornadus|0 fnt\n|faint|p1a: Tornadus\n|\n|win|Secret Raikou\n||HeatVW is ready for game 3.\n||Secret Raikou is ready for game 3.\n|uhtml|next|Next: <a href=\"/battle-gen9vgc2025regibo3-2355130845\"><strong>Game 3 of 3</strong></a>\n|l|\u2606Secret Raikou\n|player|p2|\n|l|\u2606HeatVW\n|player|p1|\n", "uploadtime": 1746156758, "views": 3, "formatid": "gen9vgc2025regibo3", "rating": null, "private": 0, "password": null}