{"id": "gen9vgc2025regibo3-2354101148", "format": "[Gen 9] VGC 2025 Reg I (Bo3)", "players": ["beonum2", "NuclearNutz321"], "log": "|j|\u2606beonum2\n|j|\u2606NuclearNutz321\n|html|<table width=\"100%\"><tr><td align=\"left\">beonum2</td><td align=\"right\">NuclearNutz321</tr><tr><td align=\"left\"><i class=\"fa fa-circle-o\"></i> <i class=\"fa fa-circle-o\"></i> </td><td align=\"right\"><i class=\"fa fa-circle-o\"></i> <i class=\"fa fa-circle-o\"></i> </tr></table>\n|uhtml|bestof|<h2><strong>Game 1</strong> of <a href=\"/game-bestof3-gen9vgc2025regibo3-2354101145\">a best-of-3</a></h2>\n|t:|1746034927\n|gametype|doubles\n|player|p1|beonum2|266|1159\n|player|p2|NuclearNutz321|bellelba|1231\n|teamsize|p1|6\n|teamsize|p2|6\n|gen|9\n|tier|[Gen 9] VGC 2025 Reg I (Bo3)\n|rated|\n|rule|Species Clause: Limit one of each Pok\u00e9mon\n|rule|Item Clause: Limit 1 of each item\n|clearpoke\n|poke|p1|Groudon, L50|\n|poke|p1|Miraidon, L50|\n|poke|p1|Chi-Yu, L50|\n|poke|p1|Whimsicott, L50, F|\n|poke|p1|Gothitelle, L50, M|\n|poke|p1|Flutter Mane, L50|\n|poke|p2|Koraidon, L50|\n|poke|p2|Lunala, L50|\n|poke|p2|Ursaluna, L50, M|\n|poke|p2|Brute Bonnet, L50|\n|poke|p2|Iron Crown, L50|\n|poke|p2|Indeedee-F, L50, F|\n|teampreview|4\n|showteam|p1|Groudon||ClearAmulet|Drought|PrecipiceBlades,HeatCrash,Protect,HighHorsepower||||||50|,,,,,Fairy]Miraidon||ChoiceSpecs|HadronEngine|DazzlingGleam,ElectroDrift,VoltSwitch,DracoMeteor||||||50|,,,,,Fairy]Chi-Yu||ChoiceScarf|BeadsofRuin|HeatWave,DarkPulse,Overheat,Snarl||||||50|,,,,,Ghost]Whimsicott||CovertCloak|Prankster|Moonblast,Encore,Taunt,Tailwind|||F|||50|,,,,,Dark]Gothitelle||ElectricSeed|ShadowTag|FakeOut,TrickRoom,Protect,FoulPlay|||M|||50|,,,,,Dark]Flutter Mane||FocusSash|Protosynthesis|IcyWind,Moonblast,Protect,PerishSong||||||50|,,,,,Fire\n|showteam|p2|Koraidon||LifeOrb|OrichalcumPulse|FlareBlitz,CloseCombat,FlameCharge,Protect||||||50|,,,,,Fire]Lunala||PowerHerb|ShadowShield|MeteorBeam,WideGuard,TrickRoom,MoongeistBeam||||||50|,,,,,Water]Ursaluna||FlameOrb|Guts|Facade,Earthquake,HeadlongRush,Protect|||M|||50|,,,,,Ghost]Brute Bonnet||CovertCloak|Protosynthesis|Spore,SeedBomb,SuckerPunch,RagePowder||||||50|,,,,,Water]Iron Crown||BoosterEnergy|QuarkDrive|ExpandingForce,TachyonCutter,CalmMind,Protect||||||50|,,,,,Normal]Indeedee-F||SafetyGoggles|PsychicSurge|HelpingHand,TrickRoom,Psychic,FollowMe|||F|||50|,,,,,Fairy\n|\n|t:|1746034982\n|start\n|switch|p1a: Prometto Prometeo|Chi-Yu, L50|100/100\n|switch|p1b: Gorerra Lucerterra|Groudon, L50|100/100\n|switch|p2a: DISAPPEAR|Indeedee-F, L50, F|100/100\n|switch|p2b: HAUNTS YOU|Lunala, L50|100/100\n|-ability|p1a: Prometto Prometeo|Beads of Ruin\n|-weather|SunnyDay|[from] ability: Drought|[of] p1b: Gorerra Lucerterra\n|-fieldstart|move: Psychic Terrain|[from] ability: Psychic Surge|[of] p2a: DISAPPEAR\n|turn|1\n|\n|t:|1746034996\n|-terastallize|p2b: HAUNTS YOU|Water\n|move|p2a: DISAPPEAR|Follow Me|p2a: DISAPPEAR\n|-singleturn|p2a: DISAPPEAR|move: Follow Me\n|move|p1a: Prometto Prometeo|Overheat|p2a: DISAPPEAR\n|-damage|p2a: DISAPPEAR|0 fnt\n|-unboost|p1a: Prometto Prometeo|spa|2\n|faint|p2a: DISAPPEAR\n|move|p1b: Gorerra Lucerterra|Precipice Blades|p2b: HAUNTS YOU\n|-damage|p2b: HAUNTS YOU|71/100\n|move|p2b: HAUNTS YOU|Trick Room|p2b: HAUNTS YOU\n|-fieldstart|move: Trick Room|[of] p2b: HAUNTS YOU\n|\n|-weather|SunnyDay|[upkeep]\n|upkeep\n|\n|t:|1746035001\n|switch|p2a: THE MOON|Ursaluna, L50, M|100/100\n|turn|2\n|\n|t:|1746035016\n|switch|p1a: Fallollolololo|Whimsicott, L50, F|100/100\n|move|p2a: THE MOON|Protect|p2a: THE MOON\n|-singleturn|p2a: THE MOON|Protect\n|move|p2b: HAUNTS YOU|Meteor Beam||[still]\n|-prepare|p2b: HAUNTS YOU|Meteor Beam\n|-boost|p2b: HAUNTS YOU|spa|1\n|-enditem|p2b: HAUNTS YOU|Power Herb\n|-anim|p2b: HAUNTS YOU|Meteor Beam|p1a: Fallollolololo\n|-damage|p1a: Fallollolololo|15/100\n|move|p1b: Gorerra Lucerterra|Precipice Blades|p2b: HAUNTS YOU|[spread] p2b\n|-activate|p2a: THE MOON|move: Protect\n|-damage|p2b: HAUNTS YOU|34/100\n|\n|-weather|SunnyDay|[upkeep]\n|-status|p2a: THE MOON|brn|[from] item: Flame Orb\n|upkeep\n|turn|3\n|\n|t:|1746035076\n|move|p2b: HAUNTS YOU|Wide Guard|p2b: HAUNTS YOU\n|-singleturn|p2b: HAUNTS YOU|Wide Guard\n|move|p1a: Fallollolololo|Encore|p2b: HAUNTS YOU\n|-activate|p2b: HAUNTS YOU|move: Psychic Terrain\n|move|p2a: THE MOON|Earthquake|p1a: Fallollolololo|[spread] p1a,p1b\n|-activate|p2b: HAUNTS YOU|move: Wide Guard\n|-resisted|p1a: Fallollolololo\n|-damage|p1a: Fallollolololo|0 fnt\n|-damage|p1b: Gorerra Lucerterra|53/100\n|faint|p1a: Fallollolololo\n|move|p1b: Gorerra Lucerterra|High Horsepower|p2b: HAUNTS YOU\n|-damage|p2b: HAUNTS YOU|0 fnt\n|faint|p2b: HAUNTS YOU\n|\n|-weather|SunnyDay|[upkeep]\n|-damage|p2a: THE MOON|94/100 brn|[from] brn\n|upkeep\n|\n|t:|1746035092\n|switch|p2b: MAXIMUMPULSE|Iron Crown, L50|100/100\n|switch|p1a: Prometto Prometeo|Chi-Yu, L50|100/100\n|-ability|p1a: Prometto Prometeo|Beads of Ruin\n|-enditem|p2b: MAXIMUMPULSE|Booster Energy\n|-activate|p2b: MAXIMUMPULSE|ability: Quark Drive|[fromitem]\n|-start|p2b: MAXIMUMPULSE|quarkdrivespe\n|turn|4\n|\n|t:|1746035108\n|move|p2b: MAXIMUMPULSE|Protect|p2b: MAXIMUMPULSE\n|-singleturn|p2b: MAXIMUMPULSE|Protect\n|move|p2a: THE MOON|Earthquake|p1b: Gorerra Lucerterra|[spread] p1a,p1b\n|-activate|p2b: MAXIMUMPULSE|move: Protect\n|-supereffective|p1a: Prometto Prometeo\n|-damage|p1a: Prometto Prometeo|0 fnt\n|-damage|p1b: Gorerra Lucerterra|2/100\n|faint|p1a: Prometto Prometeo\n|move|p1b: Gorerra Lucerterra|Precipice Blades|p2a: THE MOON|[spread] \n|-activate|p2b: MAXIMUMPULSE|move: Protect\n|-miss|p1b: Gorerra Lucerterra|p2a: THE MOON\n|\n|-weather|SunnyDay|[upkeep]\n|-damage|p2a: THE MOON|88/100 brn|[from] brn\n|upkeep\n|\n|t:|1746035117\n|switch|p1a: Bicicletta Elettra|Miraidon, L50|100/100\n|-fieldstart|move: Electric Terrain|[from] ability: Hadron Engine|[of] p1a: Bicicletta Elettra\n|turn|5\n|\n|t:|1746035135\n|-terastallize|p1a: Bicicletta Elettra|Fairy\n|move|p1b: Gorerra Lucerterra|Protect|p1b: Gorerra Lucerterra\n|-singleturn|p1b: Gorerra Lucerterra|Protect\n|move|p2a: THE MOON|Facade|p1a: Bicicletta Elettra\n|-damage|p1a: Bicicletta Elettra|0 fnt\n|faint|p1a: Bicicletta Elettra\n|move|p2b: MAXIMUMPULSE|Tachyon Cutter|p1b: Gorerra Lucerterra\n|-activate|p1b: Gorerra Lucerterra|move: Protect\n|\n|-weather|none\n|-damage|p2a: THE MOON|82/100 brn|[from] brn\n|-fieldend|move: Trick Room\n|upkeep\n|turn|6\n|\n|t:|1746035145\n|move|p2b: MAXIMUMPULSE|Tachyon Cutter|p1b: Gorerra Lucerterra\n|-damage|p1b: Gorerra Lucerterra|0 fnt\n|faint|p1b: Gorerra Lucerterra\n|-hitcount|p1: Gorerra Lucerterra|1\n|\n|win|NuclearNutz321\n||NuclearNutz321 is ready for game 2.\n||beonum2 is ready for game 2.\n|uhtml|next|Next: <a href=\"/battle-gen9vgc2025regibo3-2354103748\"><strong>Game 2 of 3</strong></a>\n", "uploadtime": 1746035350, "views": 9, "formatid": "gen9vgc2025regibo3", "rating": null, "private": 0, "password": null}