{"id": "gen9vgc2025regibo3-2354163318", "format": "[Gen 9] VGC 2025 Reg I (Bo3)", "players": ["poeyeyeyeye", "Kyooby"], "log": "|j|\u2606poeyeyeyeye\n|j|\u2606Kyooby\n|html|<table width=\"100%\"><tr><td align=\"left\">poeyeyeyeye</td><td align=\"right\">Kyooby</tr><tr><td align=\"left\"><i class=\"fa fa-circle-o\"></i> <i class=\"fa fa-circle-o\"></i> </td><td align=\"right\"><i class=\"fa fa-circle-o\"></i> <i class=\"fa fa-circle-o\"></i> </tr></table>\n|uhtml|bestof|<h2><strong>Game 1</strong> of <a href=\"/game-bestof3-gen9vgc2025regibo3-2354163317\">a best-of-3</a></h2>\n|t:|1746040407\n|gametype|doubles\n|player|p1|poeyeyeyeye|169|1076\n|player|p2|Kyooby|volkner|1083\n|teamsize|p1|6\n|teamsize|p2|6\n|gen|9\n|tier|[Gen 9] VGC 2025 Reg I (Bo3)\n|rated|\n|rule|Species Clause: Limit one of each Pok\u00e9mon\n|rule|Item Clause: Limit 1 of each item\n|clearpoke\n|poke|p1|Calyrex-Shadow, L50|\n|poke|p1|Salamence, L50, M|\n|poke|p1|Talonflame, L50, F|\n|poke|p1|Cresselia, L50, F|\n|poke|p1|Zamazenta-*, L50|\n|poke|p1|Indeedee-F, L50, F|\n|poke|p2|Groudon, L50|\n|poke|p2|Miraidon, L50|\n|poke|p2|Tropius, L50, M|\n|poke|p2|Chi-Yu, L50|\n|poke|p2|Iron Hands, L50|\n|poke|p2|Farigiraf, L50, M|\n|teampreview|4\n|showteam|p1|Calyrex-Shadow||LifeOrb|AsOneSpectrier|AstralBarrage,Protect,ExpandingForce,PollenPuff||||||50|,,,,,Normal]Salamence||ChoiceScarf|Moxie|Earthquake,IronHead,Crunch,Outrage|||M|||50|,,,,,Ground]Talonflame||FocusSash|GaleWings|Tailwind,Uturn,UpperHand,BraveBird|||F|||50|,,,,,Flying]Cresselia||Leftovers|Levitate|HelpingHand,LunarBlessing,TrickRoom,DazzlingGleam|||F|||50|,,,,,Fairy]Zamazenta-Crowned||RustedShield|DauntlessShield|WideGuard,behemothbash,BodyPress,IronDefense||||||50|,,,,,Fighting]Indeedee-F||RockyHelmet|PsychicSurge|HelpingHand,FollowMe,TrickRoom,Imprison|||F|||50|,,,,,Fairy\n|showteam|p2|Groudon||ClearAmulet|Drought|PrecipiceBlades,FirePunch,BulkUp,Protect||||||50|,,,,,Fire]Miraidon||ChoiceSpecs|HadronEngine|VoltSwitch,ElectroDrift,DracoMeteor,DazzlingGleam||||||50|,,,,,Fairy]Tropius||CovertCloak|Chlorophyll|Tailwind,HelpingHand,SweetScent,WideGuard|||M|||50|,,,,,Dark]Chi-Yu||ChoiceScarf|BeadsofRuin|Flamethrower,DarkPulse,Snarl,Overheat||||||50|,,,,,Ghost]Iron Hands||AssaultVest|QuarkDrive|DrainPunch,LowKick,FakeOut,HeavySlam||||||50|,,,,,Grass]Farigiraf||SitrusBerry|ArmorTail|Psychic,FoulPlay,HelpingHand,TrickRoom|||M|||50|,,,,,Grass\n|inactive|Battle timer is ON: inactive players will automatically lose when time's up. (requested by Kyooby)\n|inactive|poeyeyeyeye has 60 seconds left.\n|inactive|Kyooby has 60 seconds left.\n|inactive|Kyooby has 30 seconds left.\n|\n|t:|1746040471\n|start\n|switch|p1a: Talonflame|Talonflame, L50, F|100/100\n|switch|p1b: Zamazenta|Zamazenta-Crowned, L50|100/100\n|switch|p2a: Chi-Yu|Chi-Yu, L50|100/100\n|switch|p2b: Miraidon|Miraidon, L50|100/100\n|-ability|p2a: Chi-Yu|Beads of Ruin\n|-fieldstart|move: Electric Terrain|[from] ability: Hadron Engine|[of] p2b: Miraidon\n|-ability|p1b: Zamazenta|Dauntless Shield|boost\n|-boost|p1b: Zamazenta|def|1\n|turn|1\n|\n|t:|1746040490\n|-terastallize|p2a: Chi-Yu|Ghost\n|move|p1a: Talonflame|Tailwind|p1a: Talonflame\n|-sidestart|p1: poeyeyeyeye|move: Tailwind\n|move|p1b: Zamazenta|Body Press|p2a: Chi-Yu\n|-immune|p2a: Chi-Yu\n|move|p2a: Chi-Yu|Flamethrower|p1b: Zamazenta\n|-supereffective|p1b: Zamazenta\n|-damage|p1b: Zamazenta|0 fnt\n|faint|p1b: Zamazenta\n|move|p2b: Miraidon|Volt Switch|p1a: Talonflame\n|-supereffective|p1a: Talonflame\n|-enditem|p1a: Talonflame|Focus Sash\n|-damage|p1a: Talonflame|1/100\n|\n|t:|1746040503\n|switch|p2b: Farigiraf|Farigiraf, L50, M, shiny|100/100|[from] Volt Switch\n|\n|upkeep\n|\n|t:|1746040508\n|switch|p1b: Calyrex|Calyrex-Shadow, L50|100/100\n|-ability|p1b: Calyrex|As One\n|-ability|p1b: Calyrex|Unnerve\n|turn|2\n|\n|t:|1746040531\n|switch|p2a: Iron Hands|Iron Hands, L50|100/100\n|-activate|p2a: Iron Hands|ability: Quark Drive\n|-start|p2a: Iron Hands|quarkdriveatk\n|move|p1b: Calyrex|Astral Barrage|p2b: Farigiraf|[spread] p2a\n|-immune|p2b: Farigiraf\n|-damage|p2a: Iron Hands|58/100\n|-damage|p1b: Calyrex|91/100|[from] item: Life Orb\n|move|p1a: Talonflame|U-turn|p2b: Farigiraf\n|-supereffective|p2b: Farigiraf\n|-damage|p2b: Farigiraf|71/100\n|\n|t:|1746040543\n|switch|p1a: Salamence|Salamence, L50, M|100/100|[from] U-turn\n|move|p2b: Farigiraf|Trick Room|p2b: Farigiraf\n|-fieldstart|move: Trick Room|[of] p2b: Farigiraf\n|\n|upkeep\n|turn|3\n|\n|t:|1746040560\n|-terastallize|p1a: Salamence|Ground\n|move|p1b: Calyrex|Protect|p1b: Calyrex\n|-singleturn|p1b: Calyrex|Protect\n|move|p2a: Iron Hands|Fake Out|p1a: Salamence\n|-damage|p1a: Salamence|76/100\n|move|p2b: Farigiraf|Foul Play|p1b: Calyrex\n|-activate|p1b: Calyrex|move: Protect\n|cant|p1a: Salamence|flinch\n|\n|upkeep\n|turn|4\n|\n|t:|1746040583\n|move|p1b: Calyrex|Protect|p1b: Calyrex\n|-singleturn|p1b: Calyrex|Protect\n|move|p2a: Iron Hands|Heavy Slam|p1b: Calyrex\n|-activate|p1b: Calyrex|move: Protect\n|move|p2b: Farigiraf|Foul Play|p1b: Calyrex\n|-activate|p1b: Calyrex|move: Protect\n|move|p1a: Salamence|Earthquake|p2b: Farigiraf|[spread] p2a,p2b\n|-activate|p1b: Calyrex|move: Protect\n|-supereffective|p2a: Iron Hands\n|-damage|p2a: Iron Hands|0 fnt\n|-damage|p2b: Farigiraf|38/100\n|faint|p2a: Iron Hands\n|-end|p2a: Iron Hands|Quark Drive|[silent]\n|-ability|p1a: Salamence|Moxie|boost\n|-boost|p1a: Salamence|atk|1\n|\n|-sideend|p1: poeyeyeyeye|move: Tailwind\n|upkeep\n|\n|t:|1746040591\n|switch|p2a: Chi-Yu|Chi-Yu, L50, tera:Ghost|100/100\n|-ability|p2a: Chi-Yu|Beads of Ruin\n|turn|5\n|inactive|Kyooby has 30 seconds left.\n|\n|t:|1746040617\n|move|p2b: Farigiraf|Foul Play|p1b: Calyrex\n|-supereffective|p1b: Calyrex\n|-damage|p1b: Calyrex|23/100\n|move|p1b: Calyrex|Astral Barrage|p2b: Farigiraf|[spread] p2a\n|-immune|p2b: Farigiraf\n|-supereffective|p2a: Chi-Yu\n|-damage|p2a: Chi-Yu|0 fnt\n|faint|p2a: Chi-Yu\n|-ability|p1b: Calyrex|Grim Neigh|boost\n|-boost|p1b: Calyrex|spa|1\n|-damage|p1b: Calyrex|13/100|[from] item: Life Orb\n|move|p1a: Salamence|Earthquake|p2b: Farigiraf|[spread] p1b,p2b\n|-damage|p1b: Calyrex|0 fnt\n|-damage|p2b: Farigiraf|0 fnt\n|faint|p1b: Calyrex\n|faint|p2b: Farigiraf\n|-ability|p1a: Salamence|Moxie|boost\n|-boost|p1a: Salamence|atk|2\n|\n|-fieldend|move: Electric Terrain\n|upkeep\n|\n|t:|1746040635\n|switch|p2b: Miraidon|Miraidon, L50|100/100\n|switch|p1b: Talonflame|Talonflame, L50, F|1/100\n|-fieldstart|move: Electric Terrain|[from] ability: Hadron Engine|[of] p2b: Miraidon\n|turn|6\n|\n|t:|1746040649\n|move|p1b: Talonflame|Tailwind|p1b: Talonflame\n|-sidestart|p1: poeyeyeyeye|move: Tailwind\n|move|p2b: Miraidon|Dazzling Gleam|p1b: Talonflame|[spread] p1a,p1b\n|-resisted|p1b: Talonflame\n|-damage|p1a: Salamence|17/100\n|-damage|p1b: Talonflame|0 fnt\n|faint|p1b: Talonflame\n|move|p1a: Salamence|Earthquake|p2b: Miraidon\n|-supereffective|p2b: Miraidon\n|-damage|p2b: Miraidon|0 fnt\n|faint|p2b: Miraidon\n|\n|win|poeyeyeyeye\n||Kyooby is ready for game 2.\n||poeyeyeyeye is ready for game 2.\n|uhtml|next|Next: <a href=\"/battle-gen9vgc2025regibo3-2354165961\"><strong>Game 2 of 3</strong></a>\n", "uploadtime": 1746041039, "views": 6, "formatid": "gen9vgc2025regibo3", "rating": null, "private": 0, "password": null}