{"id": "gen9vgc2025regibo3-2353845931", "format": "[Gen 9] VGC 2025 Reg I (Bo3)", "players": ["astral sun", "Myshirtisdirty"], "log": "|j|\u2606astral sun\n|j|\u2606Myshirtisdirty\n|html|<table width=\"100%\"><tr><td align=\"left\">astral sun</td><td align=\"right\">Myshirtisdirty</tr><tr><td align=\"left\"><i class=\"fa fa-circle-o\"></i> <i class=\"fa fa-circle-o\"></i> </td><td align=\"right\"><i class=\"fa fa-circle-o\"></i> <i class=\"fa fa-circle-o\"></i> </tr></table>\n|uhtml|bestof|<h2><strong>Game 1</strong> of <a href=\"/game-bestof3-gen9vgc2025regibo3-2353845929\">a best-of-3</a></h2>\n|t:|1746009466\n|gametype|doubles\n|player|p1|astral sun|blaine|1237\n|player|p2|Myshirtisdirty|169|1170\n|teamsize|p1|6\n|teamsize|p2|6\n|gen|9\n|tier|[Gen 9] VGC 2025 Reg I (Bo3)\n|rated|\n|rule|Species Clause: Limit one of each Pok\u00e9mon\n|rule|Item Clause: Limit 1 of each item\n|clearpoke\n|poke|p1|Koraidon, L50|\n|poke|p1|Calyrex-Shadow, L50|\n|poke|p1|Clefairy, L50, F|\n|poke|p1|Tornadus, L50, M|\n|poke|p1|Rillaboom, L50, F|\n|poke|p1|Ogerpon-Hearthflame, L50, F|\n|poke|p2|Koraidon, L50|\n|poke|p2|Lunala, L50|\n|poke|p2|Chi-Yu, L50|\n|poke|p2|Ursaluna, L50, F|\n|poke|p2|Brute Bonnet, L50|\n|poke|p2|Flutter Mane, L50|\n|teampreview|4\n|showteam|p1|Koraidon||LifeOrb|OrichalcumPulse|FlareBlitz,CloseCombat,Uturn,Protect||||||50|,,,,,Fire]Calyrex-Shadow||SpookyPlate|AsOneSpectrier|AstralBarrage,Psychic,NastyPlot,Protect||||||50|,,,,,Dark]Clefairy||Eviolite|FriendGuard|FollowMe,Protect,HealPulse,HelpingHand|||F|||50|,,,,,Grass]Tornadus||CovertCloak|Prankster|BleakwindStorm,Tailwind,Taunt,SunnyDay|||M|||50|,,,,,Dark]Rillaboom||AssaultVest|GrassySurge|FakeOut,WoodHammer,Uturn,GrassyGlide|||F|||50|,,,,,Water]Ogerpon-Hearthflame||HearthflameMask|MoldBreaker|IvyCudgel,FocusEnergy,FollowMe,SpikyShield|||F|||50|,,,,,Fire\n|showteam|p2|Koraidon||LifeOrb|OrichalcumPulse|FlareBlitz,FlameCharge,CloseCombat,Protect||||||50|,,,,,Fire]Lunala||PowerHerb|ShadowShield|MoongeistBeam,MeteorBeam,WideGuard,TrickRoom||||||50|,,,,,Water]Chi-Yu||ChoiceScarf|BeadsofRuin|Overheat,HeatWave,DarkPulse,Snarl||||||50|,,,,,Ghost]Ursaluna||FlameOrb|Guts|Facade,Earthquake,HeadlongRush,Protect|||F|||50|,,,,,Water]Brute Bonnet||CovertCloak|Protosynthesis|SeedBomb,SuckerPunch,Spore,RagePowder||||||50|,,,,,Water]Flutter Mane||FocusSash|Protosynthesis|Moonblast,IcyWind,ShadowBall,Protect||||||50|,,,,,Normal\n|\n|t:|1746009513\n|start\n|switch|p1a: Calyrex|Calyrex-Shadow, L50|100/100\n|switch|p1b: Clefairy|Clefairy, L50, F|100/100\n|switch|p2a: Flutter Mane|Flutter Mane, L50|100/100\n|switch|p2b: Chi-Yu|Chi-Yu, L50|100/100\n|-ability|p1a: Calyrex|As One\n|-ability|p1a: Calyrex|Unnerve\n|-ability|p2b: Chi-Yu|Beads of Ruin\n|turn|1\n|\n|t:|1746009542\n|-terastallize|p1a: Calyrex|Dark\n|move|p1b: Clefairy|Protect|p1b: Clefairy\n|-singleturn|p1b: Clefairy|Protect\n|move|p2b: Chi-Yu|Snarl|p1b: Clefairy|[spread] p1a\n|-activate|p1b: Clefairy|move: Protect\n|-resisted|p1a: Calyrex\n|-damage|p1a: Calyrex|91/100\n|-unboost|p1a: Calyrex|spa|1\n|move|p1a: Calyrex|Nasty Plot|p1a: Calyrex\n|-boost|p1a: Calyrex|spa|2\n|move|p2a: Flutter Mane|Moonblast|p1b: Clefairy\n|-activate|p1b: Clefairy|move: Protect\n|\n|upkeep\n|turn|2\n|\n|t:|1746009558\n|-terastallize|p2a: Flutter Mane|Normal\n|move|p1b: Clefairy|Follow Me|p1b: Clefairy\n|-singleturn|p1b: Clefairy|move: Follow Me\n|move|p2b: Chi-Yu|Snarl|p1b: Clefairy|[spread] p1a,p1b\n|-resisted|p1a: Calyrex\n|-resisted|p1b: Clefairy\n|-damage|p1a: Calyrex|81/100\n|-damage|p1b: Clefairy|88/100\n|-unboost|p1a: Calyrex|spa|1\n|-unboost|p1b: Clefairy|spa|1\n|move|p1a: Calyrex|Astral Barrage|p2b: Chi-Yu|[spread] p2b\n|-immune|p2a: Flutter Mane\n|-resisted|p2b: Chi-Yu\n|-damage|p2b: Chi-Yu|70/100\n|move|p2a: Flutter Mane|Moonblast|p1b: Clefairy\n|-damage|p1b: Clefairy|31/100\n|-unboost|p1b: Clefairy|spa|1\n|\n|upkeep\n|turn|3\n|\n|t:|1746009580\n|move|p1b: Clefairy|Follow Me|p1b: Clefairy\n|-singleturn|p1b: Clefairy|move: Follow Me\n|move|p2b: Chi-Yu|Snarl|p1a: Calyrex|[spread] p1a,p1b\n|-resisted|p1a: Calyrex\n|-resisted|p1b: Clefairy\n|-damage|p1a: Calyrex|71/100\n|-damage|p1b: Clefairy|19/100\n|-unboost|p1a: Calyrex|spa|1\n|-unboost|p1b: Clefairy|spa|1\n|move|p1a: Calyrex|Psychic|p2a: Flutter Mane\n|-crit|p2a: Flutter Mane\n|-enditem|p2a: Flutter Mane|Focus Sash\n|-damage|p2a: Flutter Mane|1/100\n|move|p2a: Flutter Mane|Moonblast|p1b: Clefairy\n|-damage|p1b: Clefairy|0 fnt\n|faint|p1b: Clefairy\n|\n|upkeep\n|\n|t:|1746009588\n|switch|p1b: Tornadus|Tornadus, L50, M|100/100\n|turn|4\n|\n|t:|1746009610\n|switch|p2b: Lunala|Lunala, L50|100/100\n|move|p2a: Flutter Mane|Protect|p2a: Flutter Mane\n|-singleturn|p2a: Flutter Mane|Protect\n|move|p1b: Tornadus|Tailwind|p1b: Tornadus\n|-sidestart|p1: astral sun|move: Tailwind\n|move|p1a: Calyrex|Nasty Plot|p1a: Calyrex\n|-boost|p1a: Calyrex|spa|2\n|\n|upkeep\n|turn|5\n|\n|t:|1746009648\n|move|p2b: Lunala|Wide Guard|p2b: Lunala\n|-singleturn|p2b: Lunala|Wide Guard\n|move|p1b: Tornadus|Taunt|p2b: Lunala\n|-start|p2b: Lunala|move: Taunt\n|move|p1a: Calyrex|Psychic|p2a: Flutter Mane\n|-damage|p2a: Flutter Mane|0 fnt\n|faint|p2a: Flutter Mane\n|-end|p2a: Flutter Mane|Protosynthesis|[silent]\n|-ability|p1a: Calyrex|Grim Neigh|boost\n|-boost|p1a: Calyrex|spa|1\n|\n|upkeep\n|\n|t:|1746009661\n|switch|p2a: Chi-Yu|Chi-Yu, L50|70/100\n|-ability|p2a: Chi-Yu|Beads of Ruin\n|turn|6\n|\n|t:|1746009683\n|move|p1a: Calyrex|Protect|p1a: Calyrex\n|-singleturn|p1a: Calyrex|Protect\n|move|p1b: Tornadus|Bleakwind Storm|p2a: Chi-Yu|[spread] p2a,p2b\n|-damage|p2a: Chi-Yu|35/100\n|-damage|p2b: Lunala|85/100\n|-unboost|p2a: Chi-Yu|spe|1\n|-unboost|p2b: Lunala|spe|1\n|move|p2a: Chi-Yu|Heat Wave|p1b: Tornadus|[spread] p1b\n|-activate|p1a: Calyrex|move: Protect\n|-damage|p1b: Tornadus|49/100\n|move|p2b: Lunala|Meteor Beam||[still]\n|-prepare|p2b: Lunala|Meteor Beam\n|-boost|p2b: Lunala|spa|1\n|-enditem|p2b: Lunala|Power Herb\n|-anim|p2b: Lunala|Meteor Beam|p1b: Tornadus\n|-supereffective|p1b: Tornadus\n|-damage|p1b: Tornadus|0 fnt\n|faint|p1b: Tornadus\n|\n|upkeep\n|\n|t:|1746009688\n|switch|p1b: Koraidon|Koraidon, L50|100/100\n|-weather|SunnyDay|[from] ability: Orichalcum Pulse|[of] p1b: Koraidon\n|-activate|p1b: Koraidon|Orichalcum Pulse|[source]\n|turn|7\n|\n|t:|1746009722\n|switch|p2a: Koraidon|Koraidon, L50|100/100\n|-activate|p2a: Koraidon|ability: Orichalcum Pulse\n|move|p1a: Calyrex|Astral Barrage|p2b: Lunala|[spread] p2a,p2b\n|-supereffective|p2b: Lunala\n|-damage|p2a: Koraidon|0 fnt\n|-damage|p2b: Lunala|0 fnt\n|faint|p2a: Koraidon\n|faint|p2b: Lunala\n|-ability|p1a: Calyrex|Grim Neigh|boost\n|-boost|p1a: Calyrex|spa|2\n|move|p1b: Koraidon|Close Combat|p2: Koraidon|[notarget]\n|-fail|p1b: Koraidon\n|\n|-weather|SunnyDay|[upkeep]\n|-sideend|p1: astral sun|move: Tailwind\n|upkeep\n|\n|t:|1746009730\n|switch|p2b: Chi-Yu|Chi-Yu, L50|35/100\n|-ability|p2b: Chi-Yu|Beads of Ruin\n|turn|8\n|\n|t:|1746009737\n|move|p2b: Chi-Yu|Heat Wave|p1a: Calyrex|[spread] p1a,p1b\n|-resisted|p1b: Koraidon\n|-damage|p1a: Calyrex|3/100\n|-damage|p1b: Koraidon|62/100\n|move|p1a: Calyrex|Astral Barrage|p2b: Chi-Yu\n|-resisted|p2b: Chi-Yu\n|-damage|p2b: Chi-Yu|0 fnt\n|faint|p2b: Chi-Yu\n|\n|win|astral sun\n|l|\u2606Myshirtisdirty\n|player|p2|\n||astral sun is ready for game 2.\n||Myshirtisdirty is ready for game 2.\n|uhtml|next|Next: <a href=\"/battle-gen9vgc2025regibo3-2353847759\"><strong>Game 2 of 3</strong></a>\n|l|\u2606astral sun\n|player|p1|\n|j|\u2606Myshirtisdirty\n|player|p2|Myshirtisdirty|169|\n", "uploadtime": 1746010495, "views": 6, "formatid": "gen9vgc2025regibo3", "rating": null, "private": 0, "password": null}