{"id": "gen9vgc2025regibo3-2355110834", "format": "[Gen 9] VGC 2025 Reg I (Bo3)", "players": ["girasolia", "elunex"], "log": "|j|\u2606girasolia\n|j|\u2606elunex\n|html|<table width=\"100%\"><tr><td align=\"left\">girasolia</td><td align=\"right\">elunex</tr><tr><td align=\"left\"><i class=\"fa fa-circle-o\"></i> <i class=\"fa fa-circle-o\"></i> </td><td align=\"right\"><i class=\"fa fa-circle-o\"></i> <i class=\"fa fa-circle-o\"></i> </tr></table>\n|uhtml|bestof|<h2><strong>Game 1</strong> of <a href=\"/game-bestof3-gen9vgc2025regibo3-2355110832\">a best-of-3</a></h2>\n|t:|1746153824\n|gametype|doubles\n|player|p1|girasolia|dawn-gen4pt|1353\n|player|p2|elunex|266|1233\n|teamsize|p1|6\n|teamsize|p2|6\n|gen|9\n|tier|[Gen 9] VGC 2025 Reg I (Bo3)\n|rated|\n|rule|Species Clause: Limit one of each Pok\u00e9mon\n|rule|Item Clause: Limit 1 of each item\n|clearpoke\n|poke|p1|Zamazenta-*, L50|\n|poke|p1|Kyogre, L50|\n|poke|p1|Chien-Pao, L50|\n|poke|p1|Urshifu-*, L50, F|\n|poke|p1|Tornadus, L50, M|\n|poke|p1|Amoonguss, L50, M|\n|poke|p2|Zacian-*, L50|\n|poke|p2|Kyogre, L50|\n|poke|p2|Tornadus, L50, M|\n|poke|p2|Farigiraf, L50, M|\n|poke|p2|Weezing, L50, M|\n|poke|p2|Rillaboom, L50, F|\n|teampreview|4\n|showteam|p1|Zamazenta-Crowned||RustedShield|DauntlessShield|BodyPress,behemothbash,WideGuard,Protect||||||50|,,,,,Dragon]Kyogre||MysticWater|Drizzle|WaterSpout,HydroPump,IceBeam,Protect||||||50|,,,,,Grass]Chien-Pao||FocusSash|SwordofRuin|IceSpinner,ThroatChop,SuckerPunch,Protect||||||50|,,,,,Stellar]Urshifu-Rapid-Strike||ChoiceScarf|UnseenFist|SurgingStrikes,CloseCombat,AquaJet,Uturn|||F|||50|,,,,,Water]Tornadus||CovertCloak|Prankster|BleakwindStorm,Tailwind,RainDance,Protect|||M|||50|,,,,,Dark]Amoonguss||RockyHelmet|Regenerator|PollenPuff,Spore,RagePowder,Protect|||M|||50|,,,,,Water\n|showteam|p2|Zacian-Crowned||RustedSword|IntrepidSword|behemothblade,PlayRough,SacredSword,Protect||||||50|,,,,,Grass]Kyogre||ChoiceScarf|Drizzle|TeraBlast,WaterSpout,OriginPulse,IceBeam||||||50|,,,,,Water]Tornadus||CovertCloak|Prankster|BleakwindStorm,Taunt,RainDance,Tailwind|||M|||50|,,,,,Dark]Farigiraf||AguavBerry|ArmorTail|FoulPlay,HelpingHand,Imprison,TrickRoom|||M|||50|,,,,,Ground]Weezing||SitrusBerry|NeutralizingGas|GunkShot,Taunt,WillOWisp,Protect|||M|||50|,,,,,Dark]Rillaboom||AssaultVest|GrassySurge|WoodHammer,GrassyGlide,HighHorsepower,FakeOut|||F|||50|,,,,,Steel\n|inactive|Battle timer is ON: inactive players will automatically lose when time's up. (requested by elunex)\n|inactive|girasolia also wants the timer to be on.\n|inactive|girasolia has 60 seconds left.\n|\n|t:|1746153877\n|start\n|switch|p1a: Zamazenta|Zamazenta-Crowned, L50, shiny|100/100\n|switch|p1b: Chien-Pao|Chien-Pao, L50|100/100\n|switch|p2a: Kyogre|Kyogre, L50|100/100\n|switch|p2b: Tornadus|Tornadus, L50, M|100/100\n|-weather|RainDance|[from] ability: Drizzle|[of] p2a: Kyogre\n|-ability|p1b: Chien-Pao|Sword of Ruin\n|-ability|p1a: Zamazenta|Dauntless Shield|boost\n|-boost|p1a: Zamazenta|def|1\n|turn|1\n|\n|t:|1746153901\n|-terastallize|p2a: Kyogre|Water\n|move|p1a: Zamazenta|Protect|p1a: Zamazenta\n|-singleturn|p1a: Zamazenta|Protect\n|move|p2b: Tornadus|Tailwind|p2b: Tornadus\n|-sidestart|p2: elunex|move: Tailwind\n|move|p2a: Kyogre|Tera Blast|p1a: Zamazenta|[anim] Tera Blast Water\n|-activate|p1a: Zamazenta|move: Protect\n|move|p1b: Chien-Pao|Ice Spinner|p2b: Tornadus\n|-supereffective|p2b: Tornadus\n|-damage|p2b: Tornadus|0 fnt\n|faint|p2b: Tornadus\n|\n|-weather|RainDance|[upkeep]\n|upkeep\n|\n|t:|1746153911\n|switch|p2b: Zacian|Zacian-Crowned, L50|100/100\n|-ability|p2b: Zacian|Intrepid Sword|boost\n|-boost|p2b: Zacian|atk|1\n|turn|2\n|inactive|girasolia has 30 seconds left.\n|inactive|girasolia has 20 seconds left.\n|\n|t:|1746153947\n|move|p1b: Chien-Pao|Sucker Punch|p2a: Kyogre\n|-damage|p2a: Kyogre|49/100\n|move|p2a: Kyogre|Tera Blast|p1a: Zamazenta|[anim] Tera Blast Water\n|-damage|p1a: Zamazenta|38/100\n|move|p2b: Zacian|Play Rough|p1a: Zamazenta\n|-damage|p1a: Zamazenta|0 fnt\n|faint|p1a: Zamazenta\n|\n|-weather|RainDance|[upkeep]\n|upkeep\n|\n|t:|1746153968\n|switch|p1a: Tornadus|Tornadus, L50, M|100/100\n|turn|3\n|\n|t:|1746153986\n|switch|p2a: Weezing|Weezing, L50, M|100/100\n|-ability|p2a: Weezing|Neutralizing Gas\n|move|p1b: Chien-Pao|Sucker Punch||[still]\n|-fail|p1b: Chien-Pao\n|move|p2b: Zacian|Behemoth Blade|p1a: Tornadus\n|-damage|p1a: Tornadus|8/100\n|move|p1a: Tornadus|Tailwind|p1a: Tornadus\n|-sidestart|p1: girasolia|move: Tailwind\n|\n|-weather|RainDance|[upkeep]\n|upkeep\n|turn|4\n|inactive|girasolia has 30 seconds left.\n|inactive|elunex has 30 seconds left.\n|\n|t:|1746154016\n|move|p1a: Tornadus|Protect|p1a: Tornadus\n|-singleturn|p1a: Tornadus|Protect\n|move|p2b: Zacian|Behemoth Blade|p1b: Chien-Pao\n|-supereffective|p1b: Chien-Pao\n|-enditem|p1b: Chien-Pao|Focus Sash\n|-damage|p1b: Chien-Pao|1/100\n|move|p1b: Chien-Pao|Ice Spinner|p2a: Weezing\n|-damage|p2a: Weezing|68/100\n|move|p2a: Weezing|Gunk Shot|p1a: Tornadus\n|-activate|p1a: Tornadus|move: Protect\n|\n|-weather|RainDance|[upkeep]\n|-sideend|p2: elunex|move: Tailwind\n|upkeep\n|turn|5\n|inactive|girasolia has 30 seconds left.\n|inactive|elunex has 30 seconds left.\n|\n|t:|1746154050\n|move|p2b: Zacian|Protect|p2b: Zacian\n|-singleturn|p2b: Zacian|Protect\n|move|p1b: Chien-Pao|Throat Chop|p2a: Weezing\n|-damage|p2a: Weezing|29/100\n|-start|p2a: Weezing|Throat Chop|[silent]\n|-enditem|p2a: Weezing|Sitrus Berry|[eat]\n|-heal|p2a: Weezing|54/100|[from] item: Sitrus Berry\n|move|p1a: Tornadus|Bleakwind Storm|p2a: Weezing|[spread] p2a\n|-activate|p2b: Zacian|move: Protect\n|-damage|p2a: Weezing|21/100\n|move|p2a: Weezing|Gunk Shot|p1a: Tornadus|[miss]\n|-miss|p2a: Weezing|p1a: Tornadus\n|\n|-weather|none\n|upkeep\n|turn|6\n|inactive|girasolia has 30 seconds left.\n|inactive|girasolia has 20 seconds left.\n|inactive|elunex has 30 seconds left.\n|\n|t:|1746154089\n|move|p2a: Weezing|Protect|p2a: Weezing\n|-singleturn|p2a: Weezing|Protect\n|move|p1b: Chien-Pao|Throat Chop|p2a: Weezing\n|-activate|p2a: Weezing|move: Protect\n|move|p1a: Tornadus|Bleakwind Storm|p2a: Weezing|[spread] p2b\n|-activate|p2a: Weezing|move: Protect\n|-resisted|p2b: Zacian\n|-damage|p2b: Zacian|86/100\n|move|p2b: Zacian|Behemoth Blade|p1a: Tornadus\n|-damage|p1a: Tornadus|0 fnt\n|faint|p1a: Tornadus\n|\n|-end|p2a: Weezing|Throat Chop|[silent]\n|-sideend|p1: girasolia|move: Tailwind\n|upkeep\n|\n|t:|1746154098\n|switch|p1a: Kyogre|Kyogre, L50, shiny|100/100\n|turn|7\n|inactive|girasolia has 30 seconds left.\n|\n|t:|1746154132\n|move|p2b: Zacian|Play Rough|p1a: Kyogre|[miss]\n|-miss|p2b: Zacian|p1a: Kyogre\n|move|p1b: Chien-Pao|Throat Chop|p2a: Weezing\n|-damage|p2a: Weezing|0 fnt\n|faint|p2a: Weezing\n|-end|p2a: Weezing|ability: Neutralizing Gas\n|-ability|p1b: Chien-Pao|Sword of Ruin\n|-weather|RainDance|[from] ability: Drizzle|[of] p1a: Kyogre\n|move|p1a: Kyogre|Hydro Pump|p2b: Zacian\n|-crit|p2b: Zacian\n|-damage|p2b: Zacian|0 fnt\n|faint|p2b: Zacian\n|\n|-weather|RainDance|[upkeep]\n|upkeep\n|\n|t:|1746154138\n|switch|p2b: Kyogre|Kyogre, L50, tera:Water|49/100\n|turn|8\n|\n|t:|1746154154\n|move|p1b: Chien-Pao|Sucker Punch|p2b: Kyogre\n|-damage|p2b: Kyogre|0 fnt\n|faint|p2b: Kyogre\n|\n|win|girasolia\n||elunex is ready for game 2.\n||girasolia is ready for game 2.\n|uhtml|next|Next: <a href=\"/battle-gen9vgc2025regibo3-2355113475\"><strong>Game 2 of 3</strong></a>\n|l|\u2606elunex\n|player|p2|\n|l|\u2606girasolia\n|player|p1|\n", "uploadtime": 1746154300, "views": 5, "formatid": "gen9vgc2025regibo3", "rating": null, "private": 0, "password": null}