{"id": "gen9vgc2025regibo3-2353738687", "format": "[Gen 9] VGC 2025 Reg I (Bo3)", "players": ["relooo", "Stellar Peformance"], "log": "|j|\u2606relooo\n|j|\u2606Stellar Peformance\n|html|<table width=\"100%\"><tr><td align=\"left\">relooo</td><td align=\"right\">Stellar Peformance</tr><tr><td align=\"left\"><i class=\"fa fa-circle-o\"></i> <i class=\"fa fa-circle-o\"></i> </td><td align=\"right\"><i class=\"fa fa-circle-o\"></i> <i class=\"fa fa-circle-o\"></i> </tr></table>\n|uhtml|bestof|<h2><strong>Game 1</strong> of <a href=\"/game-bestof3-gen9vgc2025regibo3-2353738686\">a best-of-3</a></h2>\n|t:|1745991516\n|gametype|doubles\n|player|p1|relooo|170|1074\n|player|p2|Stellar Peformance|iris|1150\n|teamsize|p1|6\n|teamsize|p2|6\n|gen|9\n|tier|[Gen 9] VGC 2025 Reg I (Bo3)\n|rated|\n|rule|Species Clause: Limit one of each Pok\u00e9mon\n|rule|Item Clause: Limit 1 of each item\n|clearpoke\n|poke|p1|Miraidon, L50|\n|poke|p1|Koraidon, L50|\n|poke|p1|Farigiraf, L50, F|\n|poke|p1|Incineroar, L50, M|\n|poke|p1|Flutter Mane, L50|\n|poke|p1|Iron Boulder, L50|\n|poke|p2|Miraidon, L50|\n|poke|p2|Incineroar, L50, F|\n|poke|p2|Landorus-Therian, L50, M|\n|poke|p2|Sinistcha-Masterpiece, L50|\n|poke|p2|Kyogre, L50|\n|poke|p2|Kingambit, L50, F|\n|teampreview|4\n|showteam|p1|Miraidon||ChoiceSpecs|HadronEngine|ElectroDrift,VoltSwitch,DazzlingGleam,DracoMeteor||||||50|,,,,,Fairy]Koraidon||LifeOrb|OrichalcumPulse|FlareBlitz,FlameCharge,CloseCombat,Protect||||||50|,,,,,Fire]Farigiraf||ElectricSeed|ArmorTail|TrickRoom,HelpingHand,GrassKnot,ThunderWave|||F|||50|,,,,,Grass]Incineroar||RockyHelmet|Intimidate|FakeOut,PartingShot,WillOWisp,KnockOff|||M|||50|,,,,,Ghost]Flutter Mane||FocusSash|Protosynthesis|Moonblast,ShadowBall,IcyWind,Protect||||||50|,,,,,Stellar]Iron Boulder||ChoiceBand|QuarkDrive|MightyCleave,PsychoCut,SacredSword,ThroatChop||||||50|,,,,,Dark\n|showteam|p2|Miraidon||CovertCloak|HadronEngine|ParabolicCharge,DragonPulse,CalmMind,Protect||||||50|,,,,,Electric]Incineroar||EjectPack|Intimidate|FakeOut,KnockOff,WillOWisp,PartingShot|||F|||50|,,,,,Grass]Landorus-Therian||ChoiceScarf|Intimidate|SandsearStorm,GrassKnot,Uturn,EarthPower|||M|||50|,,,,,Grass]Sinistcha-Masterpiece||EjectButton|Hospitality|MatchaGotcha,TrickRoom,ShadowBall,Protect||||||50|,,,,,Dark]Kyogre||Leftovers|Drizzle|WaterSpout,ThunderWave,IceBeam,Protect||||||50|,,,,,Grass]Kingambit||LifeOrb|Defiant|KowtowCleave,SuckerPunch,SwordsDance,Protect|||F|||50|,,,,,Dark\n|inactive|Battle timer is ON: inactive players will automatically lose when time's up. (requested by relooo)\n|\n|t:|1745991613\n|start\n|switch|p1a: Flutter Mane|Flutter Mane, L50|100/100\n|switch|p1b: Miraidon|Miraidon, L50|100/100\n|switch|p2a: Kingambit|Kingambit, L50, F|100/100\n|switch|p2b: Landorus|Landorus-Therian, L50, M|100/100\n|-ability|p2b: Landorus|Intimidate|boost\n|-unboost|p1a: Flutter Mane|atk|1\n|-unboost|p1b: Miraidon|atk|1\n|-fieldstart|move: Electric Terrain|[from] ability: Hadron Engine|[of] p1b: Miraidon\n|turn|1\n|inactive|Stellar Peformance has 30 seconds left.\n|inactive|relooo has 30 seconds left.\n|inactive|Stellar Peformance has 20 seconds left.\n|\n|t:|1745991653\n|switch|p1b: Koraidon|Koraidon, L50|100/100\n|-weather|SunnyDay|[from] ability: Orichalcum Pulse|[of] p1b: Koraidon\n|-activate|p1a: Flutter Mane|ability: Protosynthesis\n|-start|p1a: Flutter Mane|protosynthesisspe\n|-activate|p1b: Koraidon|Orichalcum Pulse|[source]\n|move|p1a: Flutter Mane|Protect|p1a: Flutter Mane\n|-singleturn|p1a: Flutter Mane|Protect\n|move|p2a: Kingambit|Sucker Punch||[still]\n|-fail|p2a: Kingambit\n|move|p2b: Landorus|Sandsear Storm|p1b: Koraidon|[spread] p1b\n|-activate|p1a: Flutter Mane|move: Protect\n|-damage|p1b: Koraidon|66/100\n|\n|-weather|SunnyDay|[upkeep]\n|upkeep\n|turn|2\n|\n|t:|1745991669\n|switch|p2a: Kyogre|Kyogre, L50|100/100\n|-weather|RainDance|[from] ability: Drizzle|[of] p2a: Kyogre\n|-end|p1a: Flutter Mane|Protosynthesis\n|move|p2b: Landorus|Sandsear Storm|p1b: Koraidon|[spread] p1a,p1b\n|-damage|p1a: Flutter Mane|68/100\n|-damage|p1b: Koraidon|33/100\n|move|p1a: Flutter Mane|Icy Wind|p2b: Landorus|[spread] p2a,p2b\n|-resisted|p2a: Kyogre\n|-supereffective|p2b: Landorus\n|-damage|p2a: Kyogre|96/100\n|-damage|p2b: Landorus|25/100\n|-unboost|p2a: Kyogre|spe|1\n|-unboost|p2b: Landorus|spe|1\n|move|p1b: Koraidon|Close Combat|p2a: Kyogre\n|-damage|p2a: Kyogre|41/100\n|-unboost|p1b: Koraidon|def|1\n|-unboost|p1b: Koraidon|spd|1\n|-damage|p1b: Koraidon|23/100|[from] item: Life Orb\n|\n|-weather|RainDance|[upkeep]\n|-heal|p2a: Kyogre|47/100|[from] item: Leftovers\n|upkeep\n|turn|3\n|inactive|Stellar Peformance has 30 seconds left.\n|\n|t:|1745991701\n|switch|p2b: Incineroar|Incineroar, L50, F|100/100\n|-ability|p2b: Incineroar|Intimidate|boost\n|-unboost|p1a: Flutter Mane|atk|1\n|-unboost|p1b: Koraidon|atk|1\n|move|p2a: Kyogre|Protect|p2a: Kyogre\n|-singleturn|p2a: Kyogre|Protect\n|move|p1b: Koraidon|Close Combat|p2a: Kyogre\n|-activate|p2a: Kyogre|move: Protect\n|move|p1a: Flutter Mane|Icy Wind|p2b: Incineroar|[spread] p2b\n|-activate|p2a: Kyogre|move: Protect\n|-resisted|p2b: Incineroar\n|-damage|p2b: Incineroar|94/100\n|-unboost|p2b: Incineroar|spe|1\n|-enditem|p2b: Incineroar|Eject Pack\n|\n|t:|1745991719\n|switch|p2b: Landorus|Landorus-Therian, L50, M|25/100\n|-ability|p2b: Landorus|Intimidate|boost\n|-unboost|p1a: Flutter Mane|atk|1\n|-unboost|p1b: Koraidon|atk|1\n|\n|-weather|RainDance|[upkeep]\n|-heal|p2a: Kyogre|53/100|[from] item: Leftovers\n|upkeep\n|turn|4\n|\n|t:|1745991737\n|switch|p1b: Farigiraf|Farigiraf, L50, F|100/100\n|-enditem|p1b: Farigiraf|Electric Seed\n|-boost|p1b: Farigiraf|def|1|[from] item: Electric Seed\n|move|p1a: Flutter Mane|Protect|p1a: Flutter Mane\n|-singleturn|p1a: Flutter Mane|Protect\n|move|p2b: Landorus|U-turn|p1b: Farigiraf\n|-supereffective|p1b: Farigiraf\n|-damage|p1b: Farigiraf|77/100\n|\n|t:|1745991753\n|switch|p2b: Kingambit|Kingambit, L50, F|100/100|[from] U-turn\n|move|p2a: Kyogre|Thunder Wave|p1a: Flutter Mane\n|-activate|p1a: Flutter Mane|move: Protect\n|\n|-weather|RainDance|[upkeep]\n|-heal|p2a: Kyogre|58/100|[from] item: Leftovers\n|upkeep\n|turn|5\n|\n|t:|1745991775\n|-end|p1a: Flutter Mane|Protosynthesis|[silent]\n|switch|p1a: Koraidon|Koraidon, L50|23/100\n|-weather|SunnyDay|[from] ability: Orichalcum Pulse|[of] p1a: Koraidon\n|-activate|p1a: Koraidon|Orichalcum Pulse|[source]\n|move|p2a: Kyogre|Protect|p2a: Kyogre\n|-singleturn|p2a: Kyogre|Protect\n|move|p1b: Farigiraf|Grass Knot|p2a: Kyogre\n|-activate|p2a: Kyogre|move: Protect\n|move|p2b: Kingambit|Kowtow Cleave|p1b: Farigiraf\n|-supereffective|p1b: Farigiraf\n|-damage|p1b: Farigiraf|4/100\n|-damage|p2b: Kingambit|91/100|[from] item: Life Orb\n|\n|-weather|SunnyDay|[upkeep]\n|-heal|p2a: Kyogre|64/100|[from] item: Leftovers\n|-fieldend|move: Electric Terrain\n|upkeep\n|turn|6\n|inactive|Stellar Peformance has 30 seconds left.\n|\n|t:|1745991807\n|switch|p2b: Incineroar|Incineroar, L50, F|94/100\n|-ability|p2b: Incineroar|Intimidate|boost\n|-unboost|p1a: Koraidon|atk|1\n|-unboost|p1b: Farigiraf|atk|1\n|switch|p2a: Landorus|Landorus-Therian, L50, M|25/100\n|-ability|p2a: Landorus|Intimidate|boost\n|-unboost|p1a: Koraidon|atk|1\n|-unboost|p1b: Farigiraf|atk|1\n|move|p1a: Koraidon|Close Combat|p2b: Incineroar\n|-supereffective|p2b: Incineroar\n|-damage|p2b: Incineroar|13/100\n|-unboost|p1a: Koraidon|def|1\n|-unboost|p1a: Koraidon|spd|1\n|-damage|p1a: Koraidon|14/100|[from] item: Life Orb\n|move|p1b: Farigiraf|Grass Knot|p2a: Landorus\n|-damage|p2a: Landorus|0 fnt\n|faint|p2a: Landorus\n|\n|-weather|SunnyDay|[upkeep]\n|upkeep\n|\n|t:|1745991829\n|switch|p2a: Kyogre|Kyogre, L50|64/100\n|-weather|RainDance|[from] ability: Drizzle|[of] p2a: Kyogre\n|turn|7\n|\n|t:|1745991847\n|move|p2a: Kyogre|Protect|p2a: Kyogre\n|-singleturn|p2a: Kyogre|Protect\n|move|p1a: Koraidon|Close Combat|p2b: Incineroar\n|-supereffective|p2b: Incineroar\n|-damage|p2b: Incineroar|0 fnt\n|-unboost|p1a: Koraidon|def|1\n|-unboost|p1a: Koraidon|spd|1\n|faint|p2b: Incineroar\n|-damage|p1a: Koraidon|4/100|[from] item: Life Orb\n|move|p1b: Farigiraf|Grass Knot|p2a: Kyogre\n|-activate|p2a: Kyogre|move: Protect\n|\n|-weather|RainDance|[upkeep]\n|-heal|p2a: Kyogre|70/100|[from] item: Leftovers\n|upkeep\n|\n|t:|1745991859\n|switch|p2b: Kingambit|Kingambit, L50, F|91/100\n|turn|8\n|\n|t:|1745991870\n|switch|p1a: Miraidon|Miraidon, L50|100/100\n|-fieldstart|move: Electric Terrain|[from] ability: Hadron Engine|[of] p1a: Miraidon\n|move|p2b: Kingambit|Protect|p2b: Kingambit\n|-singleturn|p2b: Kingambit|Protect\n|move|p2a: Kyogre|Water Spout|p1b: Farigiraf|[spread] p1a,p1b\n|-resisted|p1a: Miraidon\n|-damage|p1a: Miraidon|75/100\n|-damage|p1b: Farigiraf|0 fnt\n|faint|p1b: Farigiraf\n|\n|-weather|RainDance|[upkeep]\n|-heal|p2a: Kyogre|76/100|[from] item: Leftovers\n|upkeep\n|\n|t:|1745991882\n|switch|p1b: Koraidon|Koraidon, L50|4/100\n|-weather|SunnyDay|[from] ability: Orichalcum Pulse|[of] p1b: Koraidon\n|-activate|p1b: Koraidon|Orichalcum Pulse|[source]\n|turn|9\n|\n|t:|1745991905\n|switch|p1b: Flutter Mane|Flutter Mane, L50|68/100\n|-activate|p1b: Flutter Mane|ability: Protosynthesis\n|-start|p1b: Flutter Mane|protosynthesisspe\n|-terastallize|p1a: Miraidon|Fairy\n|-terastallize|p2a: Kyogre|Grass\n|move|p2b: Kingambit|Sucker Punch||[still]\n|-fail|p2b: Kingambit\n|move|p1a: Miraidon|Electro Drift|p2b: Kingambit\n|-damage|p2b: Kingambit|0 fnt\n|faint|p2b: Kingambit\n|move|p2a: Kyogre|Ice Beam|p1a: Miraidon\n|-damage|p1a: Miraidon|47/100\n|\n|-weather|SunnyDay|[upkeep]\n|-heal|p2a: Kyogre|82/100|[from] item: Leftovers\n|upkeep\n|turn|10\n|\n|t:|1745991921\n|move|p2a: Kyogre|Protect|p2a: Kyogre\n|-singleturn|p2a: Kyogre|Protect\n|move|p1b: Flutter Mane|Moonblast|p2a: Kyogre\n|-activate|p2a: Kyogre|move: Protect\n|move|p1a: Miraidon|Electro Drift|p2a: Kyogre\n|-activate|p2a: Kyogre|move: Protect\n|\n|-weather|SunnyDay|[upkeep]\n|-heal|p2a: Kyogre|87/100|[from] item: Leftovers\n|upkeep\n|turn|11\n|\n|t:|1745991930\n|move|p1b: Flutter Mane|Moonblast|p2a: Kyogre\n|-crit|p2a: Kyogre\n|-damage|p2a: Kyogre|38/100\n|move|p1a: Miraidon|Electro Drift|p2a: Kyogre\n|-resisted|p2a: Kyogre\n|-damage|p2a: Kyogre|0 fnt\n|faint|p2a: Kyogre\n|\n|win|relooo\n||relooo is ready for game 2.\n||Stellar Peformance is ready for game 2.\n|uhtml|next|Next: <a href=\"/battle-gen9vgc2025regibo3-2353741135\"><strong>Game 2 of 3</strong></a>\n", "uploadtime": 1745992282, "views": 22, "formatid": "gen9vgc2025regibo3", "rating": null, "private": 0, "password": null}