{"id": "gen9vgc2025regibo3-2353812221", "format": "[Gen 9] VGC 2025 Reg I (Bo3)", "players": ["nikolasnaiz", "arkjsmith"], "log": "|j|\u2606nikolasnaiz\n|j|\u2606arkjsmith\n|html|<table width=\"100%\"><tr><td align=\"left\">nikolasnaiz</td><td align=\"right\">arkjsmith</tr><tr><td align=\"left\"><i class=\"fa fa-circle-o\"></i> <i class=\"fa fa-circle-o\"></i> </td><td align=\"right\"><i class=\"fa fa-circle-o\"></i> <i class=\"fa fa-circle-o\"></i> </tr></table>\n|uhtml|bestof|<h2><strong>Game 1</strong> of <a href=\"/game-bestof3-gen9vgc2025regibo3-2353812220\">a best-of-3</a></h2>\n|t:|1746004095\n|gametype|doubles\n|player|p1|nikolasnaiz|blue|1154\n|player|p2|arkjsmith|roxie|1262\n|teamsize|p1|6\n|teamsize|p2|6\n|gen|9\n|tier|[Gen 9] VGC 2025 Reg I (Bo3)\n|rated|\n|rule|Species Clause: Limit one of each Pok\u00e9mon\n|rule|Item Clause: Limit 1 of each item\n|clearpoke\n|poke|p1|Terapagos, L50, M|\n|poke|p1|Incineroar, L50, F|\n|poke|p1|Rillaboom, L50, M|\n|poke|p1|Ogerpon-Cornerstone, L50, F|\n|poke|p1|Flutter Mane, L50|\n|poke|p1|Calyrex-Shadow, L50|\n|poke|p2|Koraidon, L50|\n|poke|p2|Flutter Mane, L50|\n|poke|p2|Zacian-*, L50|\n|poke|p2|Indeedee-F, L50, F|\n|poke|p2|Chi-Yu, L50|\n|poke|p2|Brute Bonnet, L50|\n|teampreview|4\n|showteam|p1|Terapagos||Leftovers|TeraShift|TeraStarstorm,Protect,CalmMind,EarthPower|||M|||50|,,,,,Stellar]Incineroar||RockyHelmet|Intimidate|KnockOff,FakeOut,PartingShot,WillOWisp|||F|||50|,,,,,Bug]Rillaboom||AssaultVest|GrassySurge|GrassyGlide,WoodHammer,FakeOut,Uturn|||M|||50|,,,,,Grass]Ogerpon-Cornerstone||CornerstoneMask|Sturdy|IvyCudgel,SpikyShield,FollowMe,PowerWhip|||F|||50|,,,,,Rock]Flutter Mane||BoosterEnergy|Protosynthesis|Moonblast,IcyWind,ThunderWave,Taunt||||||50|,,,,,Fairy]Calyrex-Shadow||FocusSash|AsOneSpectrier|AstralBarrage,Protect,WillOWisp,PollenPuff||||||50|,,,,,Ghost\n|showteam|p2|Koraidon||LifeOrb|OrichalcumPulse|CloseCombat,FlareBlitz,FlameCharge,Protect||||||50|,,,,,Fire]Flutter Mane||FocusSash|Protosynthesis|Moonblast,ShadowBall,IcyWind,Protect||||||50|,,,,,Normal]Zacian-Crowned||RustedSword|IntrepidSword|behemothblade,PlayRough,Substitute,Protect||||||50|,,,,,Water]Indeedee-F||PsychicSeed|PsychicSurge|Psychic,FollowMe,HelpingHand,TrickRoom|||F|||50|,,,,,Water]Chi-Yu||ChoiceScarf|BeadsofRuin|Overheat,HeatWave,Flamethrower,Snarl||||||50|,,,,,Fire]Brute Bonnet||CovertCloak|Protosynthesis|SeedBomb,SuckerPunch,Spore,RagePowder||||||50|,,,,,Water\n|inactive|Battle timer is ON: inactive players will automatically lose when time's up. (requested by arkjsmith)\n|inactive|nikolasnaiz also wants the timer to be on.\n|inactive|nikolasnaiz has 60 seconds left.\n|inactive|nikolasnaiz has 30 seconds left.\n|inactive|nikolasnaiz has 20 seconds left.\n|\n|t:|1746004168\n|start\n|switch|p1a: Flutter Mane|Flutter Mane, L50|100/100\n|switch|p1b: Calyrex|Calyrex-Shadow, L50|100/100\n|switch|p2a: Dirk|Koraidon, L50|100/100\n|switch|p2b: Rusty|Chi-Yu, L50|100/100\n|-ability|p1b: Calyrex|As One\n|-ability|p1b: Calyrex|Unnerve\n|-ability|p2b: Rusty|Beads of Ruin\n|-weather|SunnyDay|[from] ability: Orichalcum Pulse|[of] p2a: Dirk\n|-activate|p1a: Flutter Mane|ability: Protosynthesis\n|-start|p1a: Flutter Mane|protosynthesisspe\n|-activate|p2a: Dirk|Orichalcum Pulse|[source]\n|turn|1\n|\n|t:|1746004183\n|move|p1b: Calyrex|Protect|p1b: Calyrex\n|-singleturn|p1b: Calyrex|Protect\n|move|p2a: Dirk|Protect|p2a: Dirk\n|-singleturn|p2a: Dirk|Protect\n|move|p1a: Flutter Mane|Thunder Wave|p2b: Rusty\n|-status|p2b: Rusty|par\n|move|p2b: Rusty|Snarl|p1b: Calyrex|[spread] p1a\n|-activate|p1b: Calyrex|move: Protect\n|-damage|p1a: Flutter Mane|71/100\n|-unboost|p1a: Flutter Mane|spa|1\n|\n|-weather|SunnyDay|[upkeep]\n|upkeep\n|turn|2\n|\n|t:|1746004206\n|switch|p1b: Incineroar|Incineroar, L50, F, shiny|100/100\n|-ability|p1b: Incineroar|Intimidate|boost\n|-unboost|p2a: Dirk|atk|1\n|-unboost|p2b: Rusty|atk|1\n|switch|p2a: Treble|Indeedee-F, L50, F, shiny|100/100\n|-fieldstart|move: Psychic Terrain|[from] ability: Psychic Surge|[of] p2a: Treble\n|-enditem|p2a: Treble|Psychic Seed\n|-boost|p2a: Treble|spd|1|[from] item: Psychic Seed\n|move|p1a: Flutter Mane|Thunder Wave|p2a: Treble\n|-status|p2a: Treble|par\n|move|p2b: Rusty|Snarl|p1b: Incineroar|[spread] p1b\n|-miss|p2b: Rusty|p1a: Flutter Mane\n|-resisted|p1b: Incineroar\n|-crit|p1b: Incineroar\n|-damage|p1b: Incineroar|80/100\n|-unboost|p1b: Incineroar|spa|1\n|\n|-weather|SunnyDay|[upkeep]\n|upkeep\n|turn|3\n|\n|t:|1746004228\n|move|p1a: Flutter Mane|Taunt|p2a: Treble\n|-start|p2a: Treble|move: Taunt\n|move|p2b: Rusty|Snarl|p1a: Flutter Mane|[spread] p1a,p1b\n|-resisted|p1b: Incineroar\n|-damage|p1a: Flutter Mane|41/100\n|-damage|p1b: Incineroar|65/100\n|-unboost|p1a: Flutter Mane|spa|1\n|-unboost|p1b: Incineroar|spa|1\n|move|p1b: Incineroar|Knock Off|p2b: Rusty\n|-resisted|p2b: Rusty\n|-damage|p2b: Rusty|70/100 par\n|-enditem|p2b: Rusty|Choice Scarf|[from] move: Knock Off|[of] p1b: Incineroar\n|cant|p2a: Treble|par\n|\n|-weather|SunnyDay|[upkeep]\n|upkeep\n|turn|4\n|inactive|arkjsmith has 30 seconds left.\n|\n|t:|1746004258\n|move|p1a: Flutter Mane|Moonblast|p2b: Rusty\n|-damage|p2b: Rusty|42/100 par\n|move|p1b: Incineroar|Knock Off|p2a: Treble\n|-supereffective|p2a: Treble\n|-damage|p2a: Treble|50/100 par\n|cant|p2b: Rusty|par\n|move|p2a: Treble|Psychic|p1a: Flutter Mane\n|-damage|p1a: Flutter Mane|0 fnt\n|faint|p1a: Flutter Mane\n|-end|p1a: Flutter Mane|Protosynthesis|[silent]\n|\n|-weather|SunnyDay|[upkeep]\n|upkeep\n|\n|t:|1746004276\n|switch|p1a: Terapagos|Terapagos, L50, M|100/100\n|-activate|p1a: Terapagos|ability: Tera Shift\n|detailschange|p1a: Terapagos|Terapagos-Terastal, L50, M\n|-heal|p1a: Terapagos|100/100|[silent]\n|turn|5\n|\n|t:|1746004292\n|move|p1a: Terapagos|Calm Mind|p1a: Terapagos\n|-boost|p1a: Terapagos|spa|1\n|-boost|p1a: Terapagos|spd|1\n|move|p1b: Incineroar|Parting Shot|p2b: Rusty\n|-unboost|p2b: Rusty|atk|1\n|-unboost|p2b: Rusty|spa|1\n|\n|t:|1746004294\n|switch|p1b: Calyrex|Calyrex-Shadow, L50|100/100|[from] Parting Shot\n|-ability|p1b: Calyrex|As One\n|-ability|p1b: Calyrex|Unnerve\n|move|p2b: Rusty|Overheat|p1b: Calyrex\n|-enditem|p1b: Calyrex|Focus Sash\n|-damage|p1b: Calyrex|1/100\n|-unboost|p2b: Rusty|spa|2\n|move|p2a: Treble|Psychic|p1a: Terapagos\n|-activate|p1a: Terapagos|ability: Tera Shell\n|-resisted|p1a: Terapagos\n|-damage|p1a: Terapagos|85/100\n|\n|-weather|none\n|-heal|p1a: Terapagos|92/100|[from] item: Leftovers\n|-end|p2a: Treble|move: Taunt\n|upkeep\n|turn|6\n|\n|t:|1746004315\n|move|p1b: Calyrex|Pollen Puff|p2a: Treble\n|-supereffective|p2a: Treble\n|-damage|p2a: Treble|0 fnt\n|faint|p2a: Treble\n|-ability|p1b: Calyrex|Grim Neigh|boost\n|-boost|p1b: Calyrex|spa|1\n|move|p1a: Terapagos|Tera Starstorm|p2b: Rusty\n|-damage|p2b: Rusty|0 fnt\n|faint|p2b: Rusty\n|\n|-heal|p1a: Terapagos|98/100|[from] item: Leftovers\n|-fieldend|move: Psychic Terrain\n|upkeep\n|\n|t:|1746004319\n|switch|p2b: Boopsey|Flutter Mane, L50, shiny|100/100\n|switch|p2a: Dirk|Koraidon, L50|100/100\n|-weather|SunnyDay|[from] ability: Orichalcum Pulse|[of] p2a: Dirk\n|-activate|p2b: Boopsey|ability: Protosynthesis\n|-start|p2b: Boopsey|protosynthesisspe\n|-activate|p2a: Dirk|Orichalcum Pulse|[source]\n|turn|7\n|\n|t:|1746004340\n|-terastallize|p2b: Boopsey|Normal\n|move|p1b: Calyrex|Protect|p1b: Calyrex\n|-singleturn|p1b: Calyrex|Protect\n|move|p1a: Terapagos|Protect|p1a: Terapagos\n|-singleturn|p1a: Terapagos|Protect\n|move|p2b: Boopsey|Icy Wind|p1a: Terapagos|[spread] \n|-activate|p1a: Terapagos|move: Protect\n|-activate|p1b: Calyrex|move: Protect\n|move|p2a: Dirk|Close Combat|p1a: Terapagos\n|-activate|p1a: Terapagos|move: Protect\n|\n|-weather|SunnyDay|[upkeep]\n|-heal|p1a: Terapagos|100/100|[from] item: Leftovers\n|upkeep\n|turn|8\n|\n|t:|1746004364\n|-terastallize|p1a: Terapagos|Stellar\n|detailschange|p1a: Terapagos|Terapagos-Stellar, L50, M, tera:Stellar\n|-heal|p1a: Terapagos|100/100|[silent]\n|-ability|p1a: Terapagos|Teraform Zero\n|-weather|none\n|-end|p2b: Boopsey|Protosynthesis\n|move|p1b: Calyrex|Will-O-Wisp|p2a: Dirk\n|-status|p2a: Dirk|brn\n|move|p2b: Boopsey|Icy Wind|p1a: Terapagos|[spread] p1a,p1b\n|-damage|p1a: Terapagos|95/100\n|-damage|p1b: Calyrex|0 fnt\n|-unboost|p1a: Terapagos|spe|1\n|faint|p1b: Calyrex\n|move|p2a: Dirk|Close Combat|p1a: Terapagos\n|-supereffective|p1a: Terapagos\n|-damage|p1a: Terapagos|52/100\n|-unboost|p2a: Dirk|def|1\n|-unboost|p2a: Dirk|spd|1\n|-damage|p2a: Dirk|91/100 brn|[from] item: Life Orb\n|move|p1a: Terapagos|Tera Starstorm|p2a: Dirk|[spread] p2a,p2b\n|-supereffective|p2b: Boopsey\n|-damage|p2a: Dirk|16/100 brn\n|-enditem|p2b: Boopsey|Focus Sash\n|-damage|p2b: Boopsey|1/100\n|\n|-heal|p1a: Terapagos|58/100|[from] item: Leftovers\n|-damage|p2a: Dirk|10/100 brn|[from] brn\n|upkeep\n|\n|t:|1746004375\n|switch|p1b: Incineroar|Incineroar, L50, F, shiny|65/100\n|-ability|p1b: Incineroar|Intimidate|boost\n|-unboost|p2a: Dirk|atk|1\n|-unboost|p2b: Boopsey|atk|1\n|turn|9\n|inactive|arkjsmith has 30 seconds left.\n|inactive|arkjsmith has 20 seconds left.\n|inactive|arkjsmith has 15 seconds left.\n|\n|t:|1746004415\n|move|p2b: Boopsey|Protect|p2b: Boopsey\n|-singleturn|p2b: Boopsey|Protect\n|move|p2a: Dirk|Protect|p2a: Dirk\n|-singleturn|p2a: Dirk|Protect\n|move|p1b: Incineroar|Fake Out|p2a: Dirk\n|-activate|p2a: Dirk|move: Protect\n|move|p1a: Terapagos|Calm Mind|p1a: Terapagos\n|-boost|p1a: Terapagos|spa|1\n|-boost|p1a: Terapagos|spd|1\n|\n|-heal|p1a: Terapagos|64/100|[from] item: Leftovers\n|-damage|p2a: Dirk|4/100 brn|[from] brn\n|upkeep\n|turn|10\n|\n|t:|1746004427\n|move|p2b: Boopsey|Moonblast|p1b: Incineroar\n|-damage|p1b: Incineroar|19/100\n|move|p2a: Dirk|Close Combat|p1a: Terapagos\n|-supereffective|p1a: Terapagos\n|-damage|p1a: Terapagos|34/100\n|-unboost|p2a: Dirk|def|1\n|-unboost|p2a: Dirk|spd|1\n|-damage|p2a: Dirk|0 fnt|[from] item: Life Orb\n|faint|p2a: Dirk\n|move|p1b: Incineroar|Knock Off|p2b: Boopsey\n|-damage|p2b: Boopsey|0 fnt\n|faint|p2b: Boopsey\n|-end|p2b: Boopsey|Protosynthesis|[silent]\n|\n|win|nikolasnaiz\n||arkjsmith is ready for game 2.\n||nikolasnaiz is ready for game 2.\n|uhtml|next|Next: <a href=\"/battle-gen9vgc2025regibo3-2353814258\"><strong>Game 2 of 3</strong></a>\n", "uploadtime": 1746004437, "views": 8, "formatid": "gen9vgc2025regibo3", "rating": null, "private": 0, "password": null}