{"id": "gen9vgc2025regibo3-2353724182", "format": "[Gen 9] VGC 2025 Reg I (Bo3)", "players": ["Glinteighty", "DiamondNate"], "log": "|j|\u2606Glinteighty\n|j|\u2606DiamondNate\n|html|<table width=\"100%\"><tr><td align=\"left\">Glinteighty</td><td align=\"right\">DiamondNate</tr><tr><td align=\"left\"><i class=\"fa fa-circle-o\"></i> <i class=\"fa fa-circle-o\"></i> </td><td align=\"right\"><i class=\"fa fa-circle-o\"></i> <i class=\"fa fa-circle-o\"></i> </tr></table>\n|uhtml|bestof|<h2><strong>Game 1</strong> of <a href=\"/game-bestof3-gen9vgc2025regibo3-2353724181\">a best-of-3</a></h2>\n|t:|1745989072\n|gametype|doubles\n|player|p1|Glinteighty|265|1126\n|player|p2|DiamondNate|acetrainerf-gen4dp|1159\n|teamsize|p1|6\n|teamsize|p2|5\n|gen|9\n|tier|[Gen 9] VGC 2025 Reg I (Bo3)\n|rated|\n|rule|Species Clause: Limit one of each Pok\u00e9mon\n|rule|Item Clause: Limit 1 of each item\n|clearpoke\n|poke|p1|Groudon, L50|\n|poke|p1|Lunala, L50|\n|poke|p1|Amoonguss, L50, M|\n|poke|p1|Incineroar, L50, F|\n|poke|p1|Rillaboom, L50, M|\n|poke|p1|Klefki, L50, M|\n|poke|p2|Miraidon, L50|\n|poke|p2|Zamazenta-*, L50|\n|poke|p2|Whimsicott, L50, F|\n|poke|p2|Incineroar, L50, F|\n|poke|p2|Farigiraf, L50, F|\n|teampreview|4\n|showteam|p1|Groudon||SitrusBerry|Drought|PrecipiceBlades,HeatCrash,SwordsDance,Protect||||||50|,,,,,Fire]Lunala||Leftovers|ShadowShield|MoongeistBeam,WillOWisp,WideGuard,TrickRoom||||||50|,,,,,Fairy]Amoonguss||MentalHerb|Regenerator|Spore,RagePowder,PollenPuff,Protect|||M|||50|,,,,,Water]Incineroar||SafetyGoggles|Intimidate|FakeOut,KnockOff,Snarl,PartingShot|||F|||50|,,,,,Ghost]Rillaboom||AssaultVest|GrassySurge|FakeOut,GrassyGlide,WoodHammer,Uturn|||M|||50|,,,,,Fire]Klefki||LightClay|Prankster|LightScreen,Reflect,MistyTerrain,FoulPlay|||M|||50|,,,,,Ghost\n|showteam|p2|Miraidon||ChoiceSpecs|HadronEngine|ElectroDrift,DragonPulse,VoltSwitch,DazzlingGleam||||||50|,,,,,Fairy]Zamazenta-Crowned||RustedShield|DauntlessShield|BodyPress,HeavySlam,WideGuard,Protect||||||50|,,,,,Dragon]Whimsicott||CovertCloak|Prankster|Moonblast,Tailwind,Encore,LightScreen|||F|||50|,,,,,Fire]Incineroar||SitrusBerry|Intimidate|KnockOff,HelpingHand,PartingShot,FakeOut|||F|||50|,,,,,Grass]Farigiraf||ThroatSpray|ArmorTail|HyperVoice,Imprison,TrickRoom,Protect|||F|||50|,,,,,Dark\n|inactive|Battle timer is ON: inactive players will automatically lose when time's up. (requested by DiamondNate)\n|\n|t:|1745989099\n|start\n|switch|p1a: Klefki|Klefki, L50, M|100/100\n|switch|p1b: Lunala|Lunala, L50|100/100\n|switch|p2a: Whimsicott|Whimsicott, L50, F|100/100\n|switch|p2b: Miraidon|Miraidon, L50|100/100\n|-fieldstart|move: Electric Terrain|[from] ability: Hadron Engine|[of] p2b: Miraidon\n|turn|1\n|inactive|Glinteighty has 30 seconds left.\n|inactive|Glinteighty has 20 seconds left.\n|inactive|Glinteighty has 15 seconds left.\n|\n|t:|1745989139\n|move|p2a: Whimsicott|Light Screen|p2a: Whimsicott\n|-sidestart|p2: DiamondNate|move: Light Screen\n|move|p1a: Klefki|Light Screen|p1a: Klefki\n|-sidestart|p1: Glinteighty|move: Light Screen\n|move|p2b: Miraidon|Electro Drift|p1b: Lunala\n|-damage|p1b: Lunala|73/100\n|move|p1b: Lunala|Trick Room|p1b: Lunala\n|-fieldstart|move: Trick Room|[of] p1b: Lunala\n|\n|-heal|p1b: Lunala|79/100|[from] item: Leftovers\n|upkeep\n|turn|2\n|\n|t:|1745989156\n|switch|p1b: Groudon|Groudon, L50|100/100\n|-weather|SunnyDay|[from] ability: Drought|[of] p1b: Groudon\n|move|p1a: Klefki|Reflect|p1a: Klefki\n|-sidestart|p1: Glinteighty|Reflect\n|move|p2a: Whimsicott|Encore||[still]\n|-fail|p2a: Whimsicott\n|move|p2b: Miraidon|Electro Drift|p1a: Klefki\n|-damage|p1a: Klefki|11/100\n|\n|-weather|SunnyDay|[upkeep]\n|upkeep\n|turn|3\n|inactive|Glinteighty has 30 seconds left.\n|\n|t:|1745989188\n|switch|p1a: Amoonguss|Amoonguss, L50, M|100/100\n|switch|p2b: Farigiraf|Farigiraf, L50, F|100/100\n|move|p1b: Groudon|Heat Crash|p2a: Whimsicott\n|-supereffective|p2a: Whimsicott\n|-damage|p2a: Whimsicott|0 fnt\n|faint|p2a: Whimsicott\n|\n|-weather|SunnyDay|[upkeep]\n|upkeep\n|\n|t:|1745989205\n|switch|p2a: Miraidon|Miraidon, L50|100/100\n|-activate|p2a: Miraidon|ability: Hadron Engine\n|turn|4\n|\n|t:|1745989222\n|switch|p1a: Lunala|Lunala, L50|79/100\n|-terastallize|p2a: Miraidon|Fairy\n|move|p2b: Farigiraf|Hyper Voice|p1b: Groudon|[spread] p1b\n|-immune|p1a: Lunala\n|-damage|p1b: Groudon|87/100\n|-enditem|p2b: Farigiraf|Throat Spray\n|-boost|p2b: Farigiraf|spa|1|[from] item: Throat Spray\n|move|p1b: Groudon|Precipice Blades|p2b: Farigiraf|[spread] p2a,p2b\n|-damage|p2a: Miraidon|44/100\n|-damage|p2b: Farigiraf|39/100\n|move|p2a: Miraidon|Dazzling Gleam|p1b: Groudon|[spread] p1a,p1b\n|-damage|p1a: Lunala|56/100\n|-damage|p1b: Groudon|53/100\n|\n|-weather|SunnyDay|[upkeep]\n|-heal|p1a: Lunala|62/100|[from] item: Leftovers\n|upkeep\n|turn|5\n|inactive|DiamondNate has 30 seconds left.\n|\n|t:|1745989249\n|switch|p2a: Zamazenta|Zamazenta-Crowned, L50|100/100\n|-ability|p2a: Zamazenta|Dauntless Shield|boost\n|-boost|p2a: Zamazenta|def|1\n|move|p2b: Farigiraf|Hyper Voice|p1b: Groudon|[spread] p1b\n|-immune|p1a: Lunala\n|-damage|p1b: Groudon|32/100\n|-enditem|p1b: Groudon|Sitrus Berry|[eat]\n|-heal|p1b: Groudon|57/100|[from] item: Sitrus Berry\n|move|p1b: Groudon|Heat Crash|p2b: Farigiraf\n|-damage|p2b: Farigiraf|0 fnt\n|faint|p2b: Farigiraf\n|move|p1a: Lunala|Moongeist Beam|p2a: Zamazenta\n|-damage|p2a: Zamazenta|78/100\n|\n|-weather|SunnyDay|[upkeep]\n|-heal|p1a: Lunala|68/100|[from] item: Leftovers\n|-sideend|p2: DiamondNate|move: Light Screen\n|-fieldend|move: Trick Room\n|-fieldend|move: Electric Terrain\n|upkeep\n|\n|t:|1745989269\n|switch|p2b: Miraidon|Miraidon, L50, tera:Fairy|44/100\n|-fieldstart|move: Electric Terrain|[from] ability: Hadron Engine|[of] p2b: Miraidon\n|turn|6\n|\n|t:|1745989291\n|switch|p1a: Amoonguss|Amoonguss, L50, M|100/100\n|move|p1b: Groudon|Protect|p1b: Groudon\n|-singleturn|p1b: Groudon|Protect\n|move|p2b: Miraidon|Electro Drift|p1a: Amoonguss\n|-resisted|p1a: Amoonguss\n|-damage|p1a: Amoonguss|68/100\n|move|p2a: Zamazenta|Body Press|p1b: Groudon\n|-activate|p1b: Groudon|move: Protect\n|\n|-weather|none\n|upkeep\n|turn|7\n|inactive|Glinteighty has 30 seconds left.\n|\n|t:|1745989322\n|-terastallize|p1b: Groudon|Fire\n|move|p2a: Zamazenta|Wide Guard|p2a: Zamazenta\n|-singleturn|p2a: Zamazenta|Wide Guard\n|move|p1a: Amoonguss|Rage Powder|p1a: Amoonguss\n|-singleturn|p1a: Amoonguss|move: Rage Powder\n|move|p2b: Miraidon|Electro Drift|p1a: Amoonguss\n|-resisted|p1a: Amoonguss\n|-damage|p1a: Amoonguss|32/100\n|move|p1b: Groudon|Heat Crash|p2b: Miraidon\n|-damage|p2b: Miraidon|0 fnt\n|faint|p2b: Miraidon\n|\n|upkeep\n|turn|8\n|-message|DiamondNate forfeited.\n|\n|win|Glinteighty\n|l|\u2606DiamondNate\n|player|p2|\n||Glinteighty is ready for game 2.\n||DiamondNate is ready for game 2.\n|uhtml|next|Next: <a href=\"/battle-gen9vgc2025regibo3-2353725821\"><strong>Game 2 of 3</strong></a>\n", "uploadtime": 1745989641, "views": 6, "formatid": "gen9vgc2025regibo3", "rating": null, "private": 0, "password": null}