{"id": "gen9vgc2025regibo3-2354154204", "format": "[Gen 9] VGC 2025 Reg I (Bo3)", "players": ["camp03", "payapingas"], "log": "|j|\u2606camp03\n|j|\u2606payapingas\n|html|<table width=\"100%\"><tr><td align=\"left\">camp03</td><td align=\"right\">payapingas</tr><tr><td align=\"left\"><i class=\"fa fa-circle\"></i> <i class=\"fa fa-circle-o\"></i> </td><td align=\"right\"><i class=\"fa fa-circle-o\"></i> <i class=\"fa fa-circle-o\"></i> </tr></table>\n|uhtml|bestof|<h2><strong>Game 2</strong> of <a href=\"/game-bestof3-gen9vgc2025regibo3-2354150525\">a best-of-3</a></h2>\n|t:|1746039547\n|gametype|doubles\n|player|p1|camp03|170|1156\n|player|p2|payapingas|cynthia-gen4|1156\n|teamsize|p1|6\n|teamsize|p2|6\n|gen|9\n|tier|[Gen 9] VGC 2025 Reg I (Bo3)\n|rated|\n|rule|Species Clause: Limit one of each Pok\u00e9mon\n|rule|Item Clause: Limit 1 of each item\n|clearpoke\n|poke|p1|Zamazenta-*, L50|\n|poke|p1|Calyrex-Shadow, L50|\n|poke|p1|Chien-Pao, L50|\n|poke|p1|Chi-Yu, L50|\n|poke|p1|Rillaboom, L50, M|\n|poke|p1|Pelipper, L50, M|\n|poke|p2|Calyrex-Ice, L50|\n|poke|p2|Palkia, L50|\n|poke|p2|Ursaluna, L50, M|\n|poke|p2|Incineroar, L50, F|\n|poke|p2|Indeedee-F, L50, F|\n|poke|p2|Iron Hands, L50|\n|teampreview|4\n|showteam|p1|Zamazenta-Crowned||RustedShield|DauntlessShield|BodyPress,WideGuard,behemothbash,Protect||||||50|,,,,,Water]Calyrex-Shadow||SpellTag|AsOneSpectrier|AstralBarrage,Psychic,NastyPlot,Protect||||||50|,,,,,Normal]Chien-Pao||FocusSash|SwordofRuin|SuckerPunch,IceSpinner,Crunch,Protect||||||50|,,,,,Dark]Chi-Yu||ChoiceScarf|BeadsofRuin|HeatWave,Snarl,DarkPulse,Overheat||||||50|,,,,,Ghost]Rillaboom||AssaultVest|GrassySurge|FakeOut,GrassyGlide,WoodHammer,KnockOff|||M|||50|,,,,,Fire]Pelipper||LifeOrb|Drizzle|WideGuard,Hurricane,WeatherBall,Tailwind|||M|||50|,,,,,Grass\n|showteam|p2|Calyrex-Ice||ClearAmulet|AsOneGlastrier|GlacialLance,HighHorsepower,Protect,TrickRoom||||||50|,,,,,Psychic]Palkia||LustrousOrb|Telepathy|TrickRoom,Protect,SpacialRend,HydroPump||||||50|,,,,,Water]Ursaluna||FlameOrb|Guts|Facade,Earthquake,Protect,SupercellSlam|||M|||50|,,,,,Ground]Incineroar||SafetyGoggles|Intimidate|FakeOut,KnockOff,FlareBlitz,PartingShot|||F|||50|,,,,,Fire]Indeedee-F||PsychicSeed|PsychicSurge|BatonPass,FollowMe,DazzlingGleam,TrickRoom|||F|||50|,,,,,Psychic]Iron Hands||AssaultVest|QuarkDrive|FakeOut,SupercellSlam,DrainPunch,VoltSwitch||||||50|,,,,,Fighting\n|\n|t:|1746039590\n|start\n|switch|p1a: Calyrex|Calyrex-Shadow, L50|100/100\n|switch|p1b: Chien-Pao|Chien-Pao, L50|100/100\n|switch|p2a: Indeedee|Indeedee-F, L50, F|100/100\n|switch|p2b: Calyrex|Calyrex-Ice, L50|100/100\n|-ability|p1a: Calyrex|As One\n|-ability|p1a: Calyrex|Unnerve\n|-ability|p2b: Calyrex|As One\n|-ability|p2b: Calyrex|Unnerve\n|-ability|p1b: Chien-Pao|Sword of Ruin\n|-fieldstart|move: Psychic Terrain|[from] ability: Psychic Surge|[of] p2a: Indeedee\n|-enditem|p2a: Indeedee|Psychic Seed\n|-boost|p2a: Indeedee|spd|1|[from] item: Psychic Seed\n|turn|1\n|inactive|Battle timer is ON: inactive players will automatically lose when time's up. (requested by camp03)\n|inactive|payapingas has 60 seconds left.\n|\n|t:|1746039623\n|switch|p2b: Palkia|Palkia, L50|100/100\n|move|p1a: Calyrex|Astral Barrage|p2b: Palkia|[spread] p2b\n|-immune|p2a: Indeedee\n|-damage|p2b: Palkia|61/100\n|move|p1b: Chien-Pao|Crunch|p2b: Palkia\n|-damage|p2b: Palkia|16/100\n|move|p2a: Indeedee|Baton Pass|p2a: Indeedee\n|\n|t:|1746039637\n|switch|p2a: Ursaluna|Ursaluna, L50, M|100/100|[from] Baton Pass\n|\n|-status|p2a: Ursaluna|brn|[from] item: Flame Orb\n|upkeep\n|turn|2\n|inactive|camp03 has 30 seconds left.\n|inactive|camp03 has 20 seconds left.\n|inactive|camp03 has 15 seconds left.\n|\n|t:|1746039678\n|move|p1a: Calyrex|Psychic|p2b: Palkia\n|-damage|p2b: Palkia|0 fnt\n|faint|p2b: Palkia\n|-ability|p1a: Calyrex|Grim Neigh|boost\n|-boost|p1a: Calyrex|spa|1\n|move|p1b: Chien-Pao|Ice Spinner|p2a: Ursaluna\n|-supereffective|p2a: Ursaluna\n|-damage|p2a: Ursaluna|25/100 brn\n|-fieldend|move: Psychic Terrain\n|move|p2a: Ursaluna|Earthquake|p1b: Chien-Pao|[spread] p1a,p1b\n|-damage|p1a: Calyrex|0 fnt\n|-damage|p1b: Chien-Pao|2/100\n|faint|p1a: Calyrex\n|\n|-damage|p2a: Ursaluna|19/100 brn|[from] brn\n|upkeep\n|\n|t:|1746039694\n|switch|p1a: Zamazenta|Zamazenta-Crowned, L50|100/100\n|switch|p2b: Indeedee|Indeedee-F, L50, F|100/100\n|-ability|p1a: Zamazenta|Dauntless Shield|boost\n|-boost|p1a: Zamazenta|def|1\n|-fieldstart|move: Psychic Terrain|[from] ability: Psychic Surge|[of] p2b: Indeedee\n|turn|3\n|\n|t:|1746039706\n|move|p2b: Indeedee|Follow Me|p2b: Indeedee\n|-singleturn|p2b: Indeedee|move: Follow Me\n|move|p1b: Chien-Pao|Ice Spinner|p2b: Indeedee\n|-damage|p2b: Indeedee|32/100\n|-fieldend|move: Psychic Terrain\n|move|p1a: Zamazenta|Body Press|p2b: Indeedee\n|-damage|p2b: Indeedee|0 fnt\n|faint|p2b: Indeedee\n|move|p2a: Ursaluna|Earthquake|p1b: Chien-Pao|[spread] p1a,p1b\n|-supereffective|p1a: Zamazenta\n|-damage|p1a: Zamazenta|21/100\n|-damage|p1b: Chien-Pao|0 fnt\n|faint|p1b: Chien-Pao\n|\n|-damage|p2a: Ursaluna|13/100 brn|[from] brn\n|upkeep\n|\n|t:|1746039718\n|switch|p1b: Rillaboom|Rillaboom, L50, M|100/100\n|switch|p2b: Calyrex|Calyrex-Ice, L50|100/100\n|-ability|p2b: Calyrex|As One\n|-ability|p2b: Calyrex|Unnerve\n|-fieldstart|move: Grassy Terrain|[from] ability: Grassy Surge|[of] p1b: Rillaboom\n|turn|4\n|\n|t:|1746039741\n|move|p2b: Calyrex|Protect|p2b: Calyrex\n|-singleturn|p2b: Calyrex|Protect\n|move|p1b: Rillaboom|Fake Out|p2b: Calyrex\n|-activate|p2b: Calyrex|move: Protect\n|move|p1a: Zamazenta|Body Press|p2a: Ursaluna\n|-supereffective|p2a: Ursaluna\n|-damage|p2a: Ursaluna|0 fnt\n|faint|p2a: Ursaluna\n|\n|-heal|p1a: Zamazenta|27/100|[from] Grassy Terrain\n|upkeep\n|turn|5\n|inactive|camp03 has 30 seconds left.\n|inactive|camp03 has 20 seconds left.\n|\n|t:|1746039776\n|-terastallize|p1b: Rillaboom|Fire\n|-terastallize|p2b: Calyrex|Psychic\n|move|p1a: Zamazenta|Behemoth Bash|p2b: Calyrex\n|-damage|p2b: Calyrex|74/100\n|move|p1b: Rillaboom|Knock Off|p2b: Calyrex\n|-supereffective|p2b: Calyrex\n|-damage|p2b: Calyrex|39/100\n|-enditem|p2b: Calyrex|Clear Amulet|[from] move: Knock Off|[of] p1b: Rillaboom\n|move|p2b: Calyrex|High Horsepower|p1a: Zamazenta\n|-supereffective|p1a: Zamazenta\n|-damage|p1a: Zamazenta|0 fnt\n|faint|p1a: Zamazenta\n|-ability|p2b: Calyrex|Chilling Neigh|boost\n|-boost|p2b: Calyrex|atk|1\n|\n|-heal|p2b: Calyrex|44/100|[from] Grassy Terrain\n|upkeep\n|turn|6\n|inactive|camp03 has 30 seconds left.\n|inactive|payapingas has 30 seconds left.\n|\n|t:|1746039803\n|move|p2b: Calyrex|Protect|p2b: Calyrex\n|-singleturn|p2b: Calyrex|Protect\n|move|p1b: Rillaboom|Wood Hammer|p2b: Calyrex\n|-activate|p2b: Calyrex|move: Protect\n|\n|-heal|p2b: Calyrex|50/100|[from] Grassy Terrain\n|upkeep\n|turn|7\n|\n|t:|1746039814\n|move|p1b: Rillaboom|Wood Hammer|p2b: Calyrex\n|-damage|p2b: Calyrex|5/100\n|-damage|p1b: Rillaboom|86/100|[from] Recoil\n|move|p2b: Calyrex|High Horsepower|p1b: Rillaboom\n|-supereffective|p1b: Rillaboom\n|-damage|p1b: Rillaboom|0 fnt\n|faint|p1b: Rillaboom\n|\n|win|payapingas\n||camp03 is ready for game 3.\n||payapingas is ready for game 3.\n|uhtml|next|Next: <a href=\"/battle-gen9vgc2025regibo3-2354157111\"><strong>Game 3 of 3</strong></a>\n|l|\u2606payapingas\n|player|p2|\n", "uploadtime": 1746040206, "views": 7, "formatid": "gen9vgc2025regibo3", "rating": null, "private": 0, "password": null}