{"id": "gen9vgc2025regibo3-2354567924", "format": "[Gen 9] VGC 2025 Reg I (Bo3)", "players": ["Markusvgc", "Iniflow"], "log": "|j|\u2606Markusvgc\n|j|\u2606Iniflow\n|html|<table width=\"100%\"><tr><td align=\"left\">Markusvgc</td><td align=\"right\">Iniflow</tr><tr><td align=\"left\"><i class=\"fa fa-circle-o\"></i> <i class=\"fa fa-circle-o\"></i> </td><td align=\"right\"><i class=\"fa fa-circle-o\"></i> <i class=\"fa fa-circle\"></i> </tr></table>\n|uhtml|bestof|<h2><strong>Game 2</strong> of <a href=\"/game-bestof3-gen9vgc2025regibo3-2354566293\">a best-of-3</a></h2>\n|t:|1746095893\n|gametype|doubles\n|player|p1|Markusvgc|101|1110\n|player|p2|Iniflow|2|1144\n|teamsize|p1|6\n|teamsize|p2|6\n|gen|9\n|tier|[Gen 9] VGC 2025 Reg I (Bo3)\n|rated|\n|rule|Species Clause: Limit one of each Pok\u00e9mon\n|rule|Item Clause: Limit 1 of each item\n|clearpoke\n|poke|p1|Kyogre, L50|\n|poke|p1|Zacian-*, L50|\n|poke|p1|Urshifu-*, L50, M|\n|poke|p1|Tornadus, L50, M|\n|poke|p1|Chien-Pao, L50|\n|poke|p1|Ogerpon, L50, F|\n|poke|p2|Zamazenta-*, L50|\n|poke|p2|Miraidon, L50|\n|poke|p2|Landorus-Therian, L50, M|\n|poke|p2|Grimmsnarl, L50, M|\n|poke|p2|Ogerpon-Hearthflame, L50, F|\n|poke|p2|Urshifu-*, L50, F|\n|teampreview|4\n|showteam|p1|Kyogre||ChoiceScarf|Drizzle|WaterSpout,HydroPump,Thunder,IceBeam||||||50|,,,,,Grass]Zacian-Crowned||RustedSword|IntrepidSword|PlayRough,behemothblade,SacredSword,Protect||||||50|,,,,,Stellar]Urshifu-Rapid-Strike||FocusSash|UnseenFist|CloseCombat,AquaJet,SurgingStrikes,Protect|||M|||50|,,,,,Water]Tornadus||CovertCloak|Prankster|BleakwindStorm,Tailwind,RainDance,Taunt|||M|||50|,,,,,Dark]Chien-Pao||LifeOrb|SwordofRuin|SuckerPunch,IceShard,IceSpinner,Protect||||||50|,,,,,Fire]Ogerpon||ScopeLens|Defiant|IvyCudgel,KnockOff,FollowMe,SpikyShield|||F|||50|,,,,,Grass\n|showteam|p2|Zamazenta-Crowned||RustedShield|DauntlessShield|behemothbash,BodyPress,IronDefense,WideGuard||||||50|,,,,,Grass]Miraidon||CovertCloak|HadronEngine|ElectroDrift,DazzlingGleam,VoltSwitch,Protect||||||50|,,,,,Fairy]Landorus-Therian||ChoiceScarf|Intimidate|StompingTantrum,Earthquake,RockSlide,Uturn|||M|||50|,,,,,Poison]Grimmsnarl||LightClay|Prankster|Reflect,LightScreen,SpiritBreak,Assurance|||M|||50|,,,,,Dark]Ogerpon-Hearthflame||HearthflameMask|MoldBreaker|IvyCudgel,WoodHammer,FollowMe,SpikyShield|||F|||50|,,,,,Fire]Urshifu-Rapid-Strike||MysticWater|UnseenFist|SurgingStrikes,CloseCombat,AquaJet,Detect|||F|||50|,,,,,Water\n|inactive|Battle timer is ON: inactive players will automatically lose when time's up. (requested by Iniflow)\n|inactive|Markusvgc has 60 seconds left.\n|inactive|Iniflow has 60 seconds left.\n|inactive|Iniflow has 30 seconds left.\n|\n|t:|1746095955\n|start\n|switch|p1a: Kyogre|Kyogre, L50|100/100\n|switch|p1b: Ogerpon|Ogerpon, L50, F|100/100\n|switch|p2a: Grimmsnarl|Grimmsnarl, L50, M|100/100\n|switch|p2b: Urshifu|Urshifu-Rapid-Strike, L50, F|100/100\n|-weather|RainDance|[from] ability: Drizzle|[of] p1a: Kyogre\n|turn|1\n|inactive|Markusvgc has 30 seconds left.\n|inactive|Iniflow has 30 seconds left.\n|inactive|Markusvgc has 20 seconds left.\n|\n|t:|1746095993\n|move|p2b: Urshifu|Detect|p2b: Urshifu\n|-singleturn|p2b: Urshifu|Protect\n|move|p2a: Grimmsnarl|Light Screen|p2a: Grimmsnarl\n|-sidestart|p2: Iniflow|move: Light Screen\n|move|p1a: Kyogre|Water Spout|p2a: Grimmsnarl|[spread] p2a\n|-activate|p2b: Urshifu|move: Protect\n|-damage|p2a: Grimmsnarl|38/100\n|move|p1b: Ogerpon|Knock Off|p2a: Grimmsnarl\n|-resisted|p2a: Grimmsnarl\n|-damage|p2a: Grimmsnarl|30/100\n|-enditem|p2a: Grimmsnarl|Light Clay|[from] move: Knock Off|[of] p1b: Ogerpon\n|\n|-weather|RainDance|[upkeep]\n|upkeep\n|turn|2\n|inactive|Markusvgc has 30 seconds left.\n|inactive|Markusvgc has 20 seconds left.\n|inactive|Markusvgc has 15 seconds left.\n|inactive|Markusvgc has 10 seconds left.\n|inactive|Markusvgc has 5 seconds left.\n|\n|t:|1746096045\n|move|p2a: Grimmsnarl|Reflect|p2a: Grimmsnarl\n|-sidestart|p2: Iniflow|Reflect\n|move|p1a: Kyogre|Water Spout|p2b: Urshifu|[spread] p2a,p2b\n|-resisted|p2b: Urshifu\n|-damage|p2a: Grimmsnarl|0 fnt\n|-damage|p2b: Urshifu|55/100\n|faint|p2a: Grimmsnarl\n|move|p1b: Ogerpon|Ivy Cudgel|p2b: Urshifu\n|-supereffective|p2b: Urshifu\n|-damage|p2b: Urshifu|0 fnt\n|faint|p2b: Urshifu\n|\n|-weather|RainDance|[upkeep]\n|upkeep\n|\n|t:|1746096057\n|switch|p2b: Miraidon|Miraidon, L50|100/100\n|switch|p2a: Zamazenta|Zamazenta-Crowned, L50|100/100\n|-fieldstart|move: Electric Terrain|[from] ability: Hadron Engine|[of] p2b: Miraidon\n|-ability|p2a: Zamazenta|Dauntless Shield|boost\n|-boost|p2a: Zamazenta|def|1\n|turn|3\n|inactive|Markusvgc has 30 seconds left.\n|inactive|Iniflow has 30 seconds left.\n|inactive|Markusvgc has 20 seconds left.\n|inactive|Iniflow has 20 seconds left.\n|inactive|Markusvgc has 15 seconds left.\n|inactive|Iniflow has 15 seconds left.\n|inactive|Markusvgc has 10 seconds left.\n|\n|t:|1746096104\n|switch|p1a: Urshifu|Urshifu-Rapid-Strike, L50, M|100/100\n|switch|p1b: Zacian|Zacian-Crowned, L50, shiny|100/100\n|-ability|p1b: Zacian|Intrepid Sword|boost\n|-boost|p1b: Zacian|atk|1\n|move|p2a: Zamazenta|Wide Guard|p2a: Zamazenta\n|-singleturn|p2a: Zamazenta|Wide Guard\n|move|p2b: Miraidon|Electro Drift|p1a: Urshifu\n|-supereffective|p1a: Urshifu\n|-enditem|p1a: Urshifu|Focus Sash\n|-damage|p1a: Urshifu|1/100\n|\n|-weather|RainDance|[upkeep]\n|upkeep\n|turn|4\n|inactive|Markusvgc has 30 seconds left.\n|inactive|Iniflow has 30 seconds left.\n|\n|t:|1746096139\n|-terastallize|p2a: Zamazenta|Grass\n|move|p1a: Urshifu|Protect|p1a: Urshifu\n|-singleturn|p1a: Urshifu|Protect\n|move|p1b: Zacian|Behemoth Blade|p2b: Miraidon\n|-resisted|p2b: Miraidon\n|-damage|p2b: Miraidon|74/100\n|move|p2b: Miraidon|Dazzling Gleam|p1b: Zacian|[spread] p1b\n|-activate|p1a: Urshifu|move: Protect\n|-resisted|p1b: Zacian\n|-damage|p1b: Zacian|88/100\n|move|p2a: Zamazenta|Body Press|p1b: Zacian\n|-damage|p1b: Zacian|35/100\n|\n|-weather|RainDance|[upkeep]\n|upkeep\n|turn|5\n|inactive|Markusvgc has 30 seconds left.\n|inactive|Iniflow has 30 seconds left.\n|inactive|Iniflow has 20 seconds left.\n|inactive|Iniflow has 15 seconds left.\n|\n|t:|1746096188\n|move|p2b: Miraidon|Protect|p2b: Miraidon\n|-singleturn|p2b: Miraidon|Protect\n|move|p1b: Zacian|Play Rough|p2b: Miraidon\n|-activate|p2b: Miraidon|move: Protect\n|move|p2a: Zamazenta|Body Press|p1b: Zacian\n|-damage|p1b: Zacian|0 fnt\n|faint|p1b: Zacian\n|move|p1a: Urshifu|Close Combat|p2a: Zamazenta\n|-damage|p2a: Zamazenta|82/100\n|-unboost|p1a: Urshifu|def|1\n|-unboost|p1a: Urshifu|spd|1\n|\n|-weather|none\n|upkeep\n|\n|t:|1746096207\n|switch|p1b: Kyogre|Kyogre, L50|100/100\n|-weather|RainDance|[from] ability: Drizzle|[of] p1b: Kyogre\n|turn|6\n|\n|t:|1746096225\n|-terastallize|p1b: Kyogre|Grass\n|move|p1b: Kyogre|Ice Beam|p2a: Zamazenta\n|-supereffective|p2a: Zamazenta\n|-damage|p2a: Zamazenta|48/100\n|move|p2b: Miraidon|Dazzling Gleam|p1b: Kyogre|[spread] p1a,p1b\n|-supereffective|p1a: Urshifu\n|-damage|p1a: Urshifu|0 fnt\n|-damage|p1b: Kyogre|80/100\n|faint|p1a: Urshifu\n|move|p2a: Zamazenta|Body Press|p1b: Kyogre\n|-damage|p1b: Kyogre|17/100\n|\n|-weather|RainDance|[upkeep]\n|-sideend|p2: Iniflow|Reflect\n|upkeep\n|\n|t:|1746096239\n|switch|p1a: Ogerpon|Ogerpon, L50, F|100/100\n|turn|7\n|\n|t:|1746096247\n|move|p1b: Kyogre|Ice Beam|p2a: Zamazenta\n|-supereffective|p2a: Zamazenta\n|-damage|p2a: Zamazenta|18/100\n|-status|p2a: Zamazenta|frz\n|move|p2b: Miraidon|Dazzling Gleam|p1a: Ogerpon|[spread] p1a,p1b\n|-damage|p1a: Ogerpon|70/100\n|-damage|p1b: Kyogre|0 fnt\n|faint|p1b: Kyogre\n|cant|p2a: Zamazenta|frz\n|move|p1a: Ogerpon|Knock Off|p2b: Miraidon\n|-crit|p2b: Miraidon\n|-damage|p2b: Miraidon|32/100\n|-enditem|p2b: Miraidon|Covert Cloak|[from] move: Knock Off|[of] p1a: Ogerpon\n|\n|-weather|RainDance|[upkeep]\n|-fieldend|move: Electric Terrain\n|upkeep\n|turn|8\n|\n|t:|1746096272\n|move|p2b: Miraidon|Electro Drift|p1a: Ogerpon\n|-resisted|p1a: Ogerpon\n|-damage|p1a: Ogerpon|40/100\n|cant|p2a: Zamazenta|frz\n|move|p1a: Ogerpon|Ivy Cudgel|p2b: Miraidon\n|-resisted|p2b: Miraidon\n|-crit|p2b: Miraidon\n|-damage|p2b: Miraidon|0 fnt\n|faint|p2b: Miraidon\n|\n|-weather|RainDance|[upkeep]\n|-sideend|p2: Iniflow|move: Light Screen\n|upkeep\n|turn|9\n|\n|t:|1746096287\n|cant|p2a: Zamazenta|frz\n|move|p1a: Ogerpon|Ivy Cudgel|p2a: Zamazenta\n|-resisted|p2a: Zamazenta\n|-damage|p2a: Zamazenta|9/100 frz\n|\n|-weather|RainDance|[upkeep]\n|upkeep\n|turn|10\n|\n|t:|1746096297\n|cant|p2a: Zamazenta|frz\n|move|p1a: Ogerpon|Knock Off|p2a: Zamazenta\n|-damage|p2a: Zamazenta|2/100 frz\n|\n|-weather|none\n|upkeep\n|turn|11\n|\n|t:|1746096309\n|cant|p2a: Zamazenta|frz\n|move|p1a: Ogerpon|Knock Off|p2a: Zamazenta\n|-damage|p2a: Zamazenta|0 fnt\n|faint|p2a: Zamazenta\n|\n|win|Markusvgc\n||Iniflow is ready for game 3.\n||Markusvgc is ready for game 3.\n|uhtml|next|Next: <a href=\"/battle-gen9vgc2025regibo3-2354570323\"><strong>Game 3 of 3</strong></a>\n|l|\u2606Markusvgc\n|player|p1|\n", "uploadtime": 1746096644, "views": 13, "formatid": "gen9vgc2025regibo3", "rating": null, "private": 0, "password": null}