{"id": "gen9vgc2025regibo3-2355055933", "format": "[Gen 9] VGC 2025 Reg I (Bo3)", "players": ["Chaotic Raos", "true csr moment"], "log": "|j|\u2606Chaotic Raos\n|j|\u2606true csr moment\n|html|<table width=\"100%\"><tr><td align=\"left\">Chaotic Raos</td><td align=\"right\">true csr moment</tr><tr><td align=\"left\"><i class=\"fa fa-circle\"></i> <i class=\"fa fa-circle-o\"></i> </td><td align=\"right\"><i class=\"fa fa-circle-o\"></i> <i class=\"fa fa-circle-o\"></i> </tr></table>\n|uhtml|bestof|<h2><strong>Game 2</strong> of <a href=\"/game-bestof3-gen9vgc2025regibo3-2355053792\">a best-of-3</a></h2>\n|t:|1746147032\n|gametype|doubles\n|player|p1|Chaotic Raos|bellelba|1383\n|player|p2|true csr moment|miku-ground|1376\n|teamsize|p1|6\n|teamsize|p2|6\n|gen|9\n|tier|[Gen 9] VGC 2025 Reg I (Bo3)\n|rated|\n|rule|Species Clause: Limit one of each Pok\u00e9mon\n|rule|Item Clause: Limit 1 of each item\n|clearpoke\n|poke|p1|Kyogre, L50|\n|poke|p1|Tornadus, L50, M|\n|poke|p1|Zacian-*, L50|\n|poke|p1|Amoonguss, L50, M|\n|poke|p1|Iron Hands, L50|\n|poke|p1|Flutter Mane, L50|\n|poke|p2|Koraidon, L50|\n|poke|p2|Raging Bolt, L50|\n|poke|p2|Incineroar, L50, F|\n|poke|p2|Calyrex-Shadow, L50|\n|poke|p2|Ogerpon-Cornerstone, L50, F|\n|poke|p2|Flutter Mane, L50|\n|teampreview|4\n|showteam|p1|Kyogre||MysticWater|Drizzle|WaterSpout,OriginPulse,Protect,IceBeam||||||50|,,,,,Grass]Tornadus||CovertCloak|Prankster|Tailwind,BleakwindStorm,Taunt,RainDance|||M|||50|,,,,,Dark]Zacian-Crowned||RustedSword|IntrepidSword|behemothblade,PlayRough,SacredSword,Protect||||||50|,,,,,Water]Amoonguss||RockyHelmet|Regenerator|Spore,RagePowder,PollenPuff,Protect|||M|||50|,,,,,Dark]Iron Hands||AssaultVest|QuarkDrive|FakeOut,WildCharge,DrainPunch,LowKick||||||50|,,,,,Grass]Flutter Mane||BoosterEnergy|Protosynthesis|ShadowBall,DazzlingGleam,IcyWind,Protect||||||50|,,,,,Fairy\n|showteam|p2|Koraidon||ClearAmulet|OrichalcumPulse|FlareBlitz,CollisionCourse,FlameCharge,Protect||||||50|,,,,,Fire]Raging Bolt||AssaultVest|Protosynthesis|Thunderbolt,DracoMeteor,Thunderclap,VoltSwitch||||||50|,,,,,Electric]Incineroar||RockyHelmet|Intimidate|KnockOff,FakeOut,PartingShot,WillOWisp|||F|||50|,,,,,Bug]Calyrex-Shadow||LifeOrb|AsOneSpectrier|AstralBarrage,Psychic,NastyPlot,Protect||||||50|,,,,,Dark]Ogerpon-Cornerstone||CornerstoneMask|Sturdy|IvyCudgel,PowerWhip,FollowMe,SpikyShield|||F|||50|,,,,,Rock]Flutter Mane||FocusSash|Protosynthesis|Moonblast,ShadowBall,IcyWind,Protect||||||50|,,,,,Fairy\n|inactive|Battle timer is ON: inactive players will automatically lose when time's up. (requested by true csr moment)\n|\n|t:|1746147055\n|start\n|switch|p1a: Kyogre|Kyogre, L50|100/100\n|switch|p1b: Tornadus|Tornadus, L50, M|100/100\n|switch|p2a: Raging Bolt|Raging Bolt, L50|100/100\n|switch|p2b: Incineroar|Incineroar, L50, F, shiny|100/100\n|-weather|RainDance|[from] ability: Drizzle|[of] p1a: Kyogre\n|-ability|p2b: Incineroar|Intimidate|boost\n|-unboost|p1a: Kyogre|atk|1\n|-unboost|p1b: Tornadus|atk|1\n|turn|1\n|inactive|Chaotic Raos has 30 seconds left.\n|\n|t:|1746147089\n|switch|p1b: Flutter Mane|Flutter Mane, L50|100/100\n|-enditem|p1b: Flutter Mane|Booster Energy\n|-activate|p1b: Flutter Mane|ability: Protosynthesis|[fromitem]\n|-start|p1b: Flutter Mane|protosynthesisspe\n|switch|p1a: Zacian|Zacian-Crowned, L50|100/100\n|-ability|p1a: Zacian|Intrepid Sword|boost\n|-boost|p1a: Zacian|atk|1\n|move|p2b: Incineroar|Fake Out|p1a: Zacian\n|-resisted|p1a: Zacian\n|-damage|p1a: Zacian|96/100\n|move|p2a: Raging Bolt|Thunderbolt|p1b: Flutter Mane\n|-damage|p1b: Flutter Mane|50/100\n|-status|p1b: Flutter Mane|par\n|\n|-weather|RainDance|[upkeep]\n|upkeep\n|turn|2\n|inactive|Chaotic Raos has 30 seconds left.\n|inactive|true csr moment has 30 seconds left.\n|\n|t:|1746147116\n|-terastallize|p2a: Raging Bolt|Electric\n|move|p1a: Zacian|Play Rough|p2a: Raging Bolt\n|-damage|p2a: Raging Bolt|38/100\n|move|p1b: Flutter Mane|Dazzling Gleam|p2a: Raging Bolt|[spread] p2a,p2b\n|-damage|p2a: Raging Bolt|21/100\n|-damage|p2b: Incineroar|74/100\n|move|p2a: Raging Bolt|Volt Switch|p1b: Flutter Mane\n|-damage|p1b: Flutter Mane|0 fnt\n|faint|p1b: Flutter Mane\n|-end|p1b: Flutter Mane|Protosynthesis|[silent]\n|\n|t:|1746147127\n|-end|p2a: Raging Bolt|Protosynthesis|[silent]\n|switch|p2a: Flutter Mane|Flutter Mane, L50, shiny|100/100|[from] Volt Switch\n|move|p2b: Incineroar|Will-O-Wisp|p1a: Zacian\n|-status|p1a: Zacian|brn\n|\n|-weather|RainDance|[upkeep]\n|-damage|p1a: Zacian|90/100 brn|[from] brn\n|upkeep\n|\n|t:|1746147134\n|switch|p1b: Kyogre|Kyogre, L50|100/100\n|turn|3\n|\n|t:|1746147153\n|move|p1a: Zacian|Play Rough|p2b: Incineroar\n|-damage|p2b: Incineroar|45/100\n|-damage|p1a: Zacian|73/100 brn|[from] item: Rocky Helmet|[of] p2b: Incineroar\n|move|p2a: Flutter Mane|Icy Wind|p1b: Kyogre|[spread] p1a,p1b\n|-resisted|p1a: Zacian\n|-resisted|p1b: Kyogre\n|-damage|p1a: Zacian|67/100 brn\n|-damage|p1b: Kyogre|95/100\n|-unboost|p1a: Zacian|spe|1\n|-unboost|p1b: Kyogre|spe|1\n|move|p1b: Kyogre|Water Spout|p2b: Incineroar|[spread] p2a,p2b\n|-supereffective|p2b: Incineroar\n|-enditem|p2a: Flutter Mane|Focus Sash\n|-damage|p2a: Flutter Mane|1/100\n|-damage|p2b: Incineroar|0 fnt\n|faint|p2b: Incineroar\n|\n|-weather|RainDance|[upkeep]\n|-damage|p1a: Zacian|60/100 brn|[from] brn\n|upkeep\n|\n|t:|1746147167\n|switch|p2b: Koraidon|Koraidon, L50|100/100\n|-weather|SunnyDay|[from] ability: Orichalcum Pulse|[of] p2b: Koraidon\n|-activate|p2a: Flutter Mane|ability: Protosynthesis\n|-start|p2a: Flutter Mane|protosynthesisspe\n|-activate|p2b: Koraidon|Orichalcum Pulse|[source]\n|turn|4\n|inactive|Chaotic Raos has 30 seconds left.\n|inactive|Chaotic Raos has 20 seconds left.\n|inactive|Chaotic Raos has 15 seconds left.\n|inactive|Chaotic Raos has 10 seconds left.\n|\n|t:|1746147213\n|switch|p1a: Tornadus|Tornadus, L50, M|100/100\n|move|p2a: Flutter Mane|Moonblast|p1b: Kyogre\n|-damage|p1b: Kyogre|58/100\n|-unboost|p1b: Kyogre|spa|1\n|move|p2b: Koraidon|Collision Course|p1a: Tornadus\n|-resisted|p1a: Tornadus\n|-damage|p1a: Tornadus|47/100\n|move|p1b: Kyogre|Ice Beam|p2b: Koraidon\n|-supereffective|p2b: Koraidon\n|-damage|p2b: Koraidon|61/100\n|\n|-weather|SunnyDay|[upkeep]\n|upkeep\n|turn|5\n|\n|t:|1746147236\n|move|p1a: Tornadus|Rain Dance|p1a: Tornadus\n|-weather|RainDance\n|-end|p2a: Flutter Mane|Protosynthesis\n|move|p2a: Flutter Mane|Icy Wind|p1a: Tornadus|[spread] p1a,p1b\n|-supereffective|p1a: Tornadus\n|-resisted|p1b: Kyogre\n|-damage|p1a: Tornadus|12/100\n|-damage|p1b: Kyogre|52/100\n|-unboost|p1b: Kyogre|spe|1\n|move|p2b: Koraidon|Collision Course|p1b: Kyogre\n|-damage|p1b: Kyogre|0 fnt\n|faint|p1b: Kyogre\n|\n|-weather|RainDance|[upkeep]\n|upkeep\n|\n|t:|1746147246\n|switch|p1b: Zacian|Zacian-Crowned, L50|60/100 brn\n|turn|6\n|\n|t:|1746147257\n|move|p1a: Tornadus|Tailwind|p1a: Tornadus\n|-sidestart|p1: Chaotic Raos|move: Tailwind\n|move|p1b: Zacian|Behemoth Blade|p2a: Flutter Mane\n|-supereffective|p2a: Flutter Mane\n|-damage|p2a: Flutter Mane|0 fnt\n|faint|p2a: Flutter Mane\n|-end|p2a: Flutter Mane|Protosynthesis|[silent]\n|move|p2b: Koraidon|Flame Charge|p1a: Tornadus\n|-damage|p1a: Tornadus|0 fnt\n|-boost|p2b: Koraidon|spe|1\n|faint|p1a: Tornadus\n|\n|-weather|RainDance|[upkeep]\n|-damage|p1b: Zacian|54/100 brn|[from] brn\n|upkeep\n|\n|t:|1746147260\n|switch|p2a: Raging Bolt|Raging Bolt, L50, tera:Electric|21/100\n|turn|7\n|\n|t:|1746147269\n|move|p2a: Raging Bolt|Thunderclap|p1b: Zacian\n|-damage|p1b: Zacian|7/100 brn\n|move|p1b: Zacian|Sacred Sword|p2a: Raging Bolt\n|-damage|p2a: Raging Bolt|7/100\n|move|p2b: Koraidon|Collision Course|p1b: Zacian\n|-damage|p1b: Zacian|0 fnt\n|faint|p1b: Zacian\n|\n|win|true csr moment\n||Chaotic Raos is ready for game 3.\n||true csr moment is ready for game 3.\n|uhtml|next|Next: <a href=\"/battle-gen9vgc2025regibo3-2355058042\"><strong>Game 3 of 3</strong></a>\n|l|\u2606true csr moment\n|player|p2|\n", "uploadtime": 1746147820, "views": 5, "formatid": "gen9vgc2025regibo3", "rating": null, "private": 0, "password": null}