{"id": "gen9vgc2025regibo3-2353490912", "format": "[Gen 9] VGC 2025 Reg I (Bo3)", "players": ["Prof Walnut", "nowaythisistaken"], "log": "|j|\u2606Prof Walnut\n|j|\u2606nowaythisistaken\n|html|<table width=\"100%\"><tr><td align=\"left\">Prof Walnut</td><td align=\"right\">nowaythisistaken</tr><tr><td align=\"left\"><i class=\"fa fa-circle\"></i> <i class=\"fa fa-circle-o\"></i> </td><td align=\"right\"><i class=\"fa fa-circle-o\"></i> <i class=\"fa fa-circle\"></i> </tr></table>\n|uhtml|bestof|<h2><strong>Game 3</strong> of <a href=\"/game-bestof3-gen9vgc2025regibo3-2353486622\">a best-of-3</a></h2>\n|t:|1745960908\n|gametype|doubles\n|player|p1|Prof Walnut|101|\n|player|p2|nowaythisistaken|ninjaboy|\n|teamsize|p1|6\n|teamsize|p2|6\n|gen|9\n|tier|[Gen 9] VGC 2025 Reg I (Bo3)\n|rule|Species Clause: Limit one of each Pok\u00e9mon\n|rule|Item Clause: Limit 1 of each item\n|clearpoke\n|poke|p1|Tornadus, L50, M|\n|poke|p1|Zacian-*, L50|\n|poke|p1|Ditto, L50|\n|poke|p1|Calyrex-Shadow, L50|\n|poke|p1|Urshifu-*, L50, F|\n|poke|p1|Indeedee-F, L50, F|\n|poke|p2|Miraidon, L50|\n|poke|p2|Iron Hands, L50|\n|poke|p2|Farigiraf, L50, F|\n|poke|p2|Calyrex-Ice, L50|\n|poke|p2|Whimsicott, L50, M|\n|poke|p2|Ogerpon-Hearthflame, L50, F|\n|teampreview|4\n|showteam|p1|Tornadus||CovertCloak|Prankster|BleakwindStorm,Tailwind,Taunt,RainDance|||M|||50|,,,,,Dark]Zacian-Crowned||RustedSword|IntrepidSword|Protect,behemothblade,PlayRough,SwordsDance||||||50|,,,,,Dragon]Ditto||QuickClaw|Imposter|Transform||||||50|,,,,,Stellar]Calyrex-Shadow||FocusSash|AsOneSpectrier|Protect,AstralBarrage,ShadowBall,ExpandingForce||||||50|,,,,,Stellar]Urshifu-Rapid-Strike||ChoiceScarf|UnseenFist|SurgingStrikes,CloseCombat,Coaching,Uturn|||F|||50|,,,,,Water]Indeedee-F||RockyHelmet|PsychicSurge|FollowMe,AlluringVoice,HelpingHand,TrickRoom|||F|||50|,,,,,Dragon\n|showteam|p2|Miraidon||ChoiceSpecs|HadronEngine|ElectroDrift,DracoMeteor,VoltSwitch,DazzlingGleam||||||50|,,,,,Fairy]Iron Hands||AssaultVest|QuarkDrive|DrainPunch,WildCharge,FakeOut,LowKick||||||50|,,,,,Bug]Farigiraf||ElectricSeed|ArmorTail|FoulPlay,PsychicNoise,HelpingHand,TrickRoom|||F|||50|,,,,,Water]Calyrex-Ice||ClearAmulet|AsOneGlastrier|Protect,GlacialLance,HighHorsepower,TrickRoom||||||50|,,,,,Fire]Whimsicott||CovertCloak|Prankster|Moonblast,LightScreen,Tailwind,Encore|||M|||50|,,,,,Dark]Ogerpon-Hearthflame||HearthflameMask|MoldBreaker|IvyCudgel,WoodHammer,FollowMe,SpikyShield|||F|||50|,,,,,Fire\n|inactive|Battle timer is ON: inactive players will automatically lose when time's up. (requested by nowaythisistaken)\n|inactive|nowaythisistaken has 60 seconds left.\n|\n|t:|1745960946\n|start\n|switch|p1a: Indeedee|Indeedee-F, L50, F|100/100\n|switch|p1b: Calyrex|Calyrex-Shadow, L50|100/100\n|switch|p2a: Miraidon|Miraidon, L50|100/100\n|switch|p2b: Whimsicott|Whimsicott, L50, M|100/100\n|-ability|p1b: Calyrex|As One\n|-ability|p1b: Calyrex|Unnerve\n|-fieldstart|move: Electric Terrain|[from] ability: Hadron Engine|[of] p2a: Miraidon\n|-fieldstart|move: Psychic Terrain|[from] ability: Psychic Surge|[of] p1a: Indeedee\n|turn|1\n|\n|t:|1745960968\n|-terastallize|p1b: Calyrex|Stellar\n|move|p1a: Indeedee|Helping Hand|p1b: Calyrex\n|-singleturn|p1b: Calyrex|Helping Hand|[of] p1a: Indeedee\n|move|p2b: Whimsicott|Light Screen|p2b: Whimsicott\n|-sidestart|p2: nowaythisistaken|move: Light Screen\n|move|p1b: Calyrex|Astral Barrage|p2a: Miraidon|[spread] p2a,p2b\n|-damage|p2a: Miraidon|37/100\n|-damage|p2b: Whimsicott|13/100\n|move|p2a: Miraidon|Volt Switch|p1b: Calyrex\n|-damage|p1b: Calyrex|36/100\n|\n|t:|1745960979\n|switch|p2a: Iron Hands|Iron Hands, L50, shiny|100/100|[from] Volt Switch\n|\n|upkeep\n|turn|2\n|inactive|nowaythisistaken has 30 seconds left.\n|inactive|Prof Walnut has 30 seconds left.\n|inactive|nowaythisistaken has 20 seconds left.\n|inactive|nowaythisistaken has 15 seconds left.\n|inactive|nowaythisistaken has 10 seconds left.\n|\n|t:|1745961027\n|switch|p1a: Tornadus|Tornadus, L50, M|100/100\n|move|p1b: Calyrex|Protect|p1b: Calyrex\n|-singleturn|p1b: Calyrex|Protect\n|move|p2b: Whimsicott|Tailwind|p2b: Whimsicott\n|-sidestart|p2: nowaythisistaken|move: Tailwind\n|move|p2a: Iron Hands|Wild Charge|p1b: Calyrex\n|-activate|p1b: Calyrex|move: Protect\n|\n|upkeep\n|turn|3\n|inactive|Prof Walnut has 30 seconds left.\n|\n|t:|1745961057\n|switch|p1b: Zacian|Zacian-Crowned, L50|100/100\n|-ability|p1b: Zacian|Intrepid Sword|boost\n|-boost|p1b: Zacian|atk|1\n|-end|p2a: Iron Hands|Quark Drive|[silent]\n|switch|p2a: Miraidon|Miraidon, L50|37/100\n|-fieldstart|move: Electric Terrain|[from] ability: Hadron Engine|[of] p2a: Miraidon\n|move|p2b: Whimsicott|Encore||[still]\n|-fail|p2b: Whimsicott\n|move|p1a: Tornadus|Tailwind|p1a: Tornadus\n|-sidestart|p1: Prof Walnut|move: Tailwind\n|\n|upkeep\n|turn|4\n|inactive|nowaythisistaken has 30 seconds left.\n|\n|t:|1745961087\n|switch|p2a: Iron Hands|Iron Hands, L50, shiny|100/100\n|-activate|p2a: Iron Hands|ability: Quark Drive\n|-start|p2a: Iron Hands|quarkdriveatk\n|switch|p1a: Indeedee|Indeedee-F, L50, F|100/100\n|-fieldstart|move: Psychic Terrain|[from] ability: Psychic Surge|[of] p1a: Indeedee\n|-end|p2a: Iron Hands|Quark Drive\n|move|p2b: Whimsicott|Encore|p1a: Indeedee\n|-activate|p1a: Indeedee|move: Psychic Terrain\n|move|p1b: Zacian|Play Rough|p2a: Iron Hands\n|-supereffective|p2a: Iron Hands\n|-damage|p2a: Iron Hands|0 fnt\n|faint|p2a: Iron Hands\n|-end|p2a: Iron Hands|Quark Drive|[silent]\n|\n|upkeep\n|\n|t:|1745961096\n|switch|p2a: Calyrex|Calyrex-Ice, L50|100/100\n|-ability|p2a: Calyrex|As One\n|-ability|p2a: Calyrex|Unnerve\n|turn|5\n|inactive|nowaythisistaken has 30 seconds left.\n|inactive|Prof Walnut has 30 seconds left.\n|\n|t:|1745961130\n|-terastallize|p2a: Calyrex|Fire\n|move|p1b: Zacian|Behemoth Blade|p2a: Calyrex\n|-resisted|p2a: Calyrex\n|-damage|p2a: Calyrex|73/100\n|move|p2b: Whimsicott|Moonblast|p1a: Indeedee\n|-damage|p1a: Indeedee|78/100\n|move|p2a: Calyrex|Glacial Lance|p1a: Indeedee|[spread] p1a,p1b\n|-resisted|p1b: Zacian\n|-damage|p1a: Indeedee|17/100\n|-damage|p1b: Zacian|77/100\n|move|p1a: Indeedee|Trick Room|p1a: Indeedee\n|-fieldstart|move: Trick Room|[of] p1a: Indeedee\n|\n|-sideend|p2: nowaythisistaken|move: Light Screen\n|-sideend|p2: nowaythisistaken|move: Tailwind\n|upkeep\n|turn|6\n|inactive|Prof Walnut has 30 seconds left.\n|inactive|nowaythisistaken has 30 seconds left.\n|\n|t:|1745961165\n|move|p1a: Indeedee|Helping Hand|p1b: Zacian\n|-singleturn|p1b: Zacian|Helping Hand|[of] p1a: Indeedee\n|move|p2a: Calyrex|High Horsepower|p1b: Zacian\n|-supereffective|p1b: Zacian\n|-damage|p1b: Zacian|4/100\n|move|p2b: Whimsicott|Moonblast|p1a: Indeedee\n|-damage|p1a: Indeedee|0 fnt\n|faint|p1a: Indeedee\n|move|p1b: Zacian|Behemoth Blade|p2a: Calyrex\n|-resisted|p2a: Calyrex\n|-damage|p2a: Calyrex|35/100\n|\n|-sideend|p1: Prof Walnut|move: Tailwind\n|upkeep\n|\n|t:|1745961178\n|switch|p1a: Tornadus|Tornadus, L50, M|100/100\n|turn|7\n|\n|t:|1745961201\n|move|p1b: Zacian|Protect|p1b: Zacian\n|-singleturn|p1b: Zacian|Protect\n|move|p1a: Tornadus|Tailwind|p1a: Tornadus\n|-sidestart|p1: Prof Walnut|move: Tailwind\n|move|p2b: Whimsicott|Light Screen|p2b: Whimsicott\n|-sidestart|p2: nowaythisistaken|move: Light Screen\n|move|p2a: Calyrex|Glacial Lance|p1a: Tornadus|[spread] p1a\n|-activate|p1b: Zacian|move: Protect\n|-supereffective|p1a: Tornadus\n|-damage|p1a: Tornadus|0 fnt\n|faint|p1a: Tornadus\n|-ability|p2a: Calyrex|Chilling Neigh|boost\n|-boost|p2a: Calyrex|atk|1\n|\n|upkeep\n|\n|t:|1745961212\n|switch|p1a: Calyrex|Calyrex-Shadow, L50, tera:Stellar|36/100\n|-ability|p1a: Calyrex|As One\n|-ability|p1a: Calyrex|Unnerve\n|turn|8\n|\n|t:|1745961221\n|move|p1a: Calyrex|Protect|p1a: Calyrex\n|-singleturn|p1a: Calyrex|Protect\n|move|p2a: Calyrex|Glacial Lance|p1a: Calyrex|[spread] p1b\n|-activate|p1a: Calyrex|move: Protect\n|-resisted|p1b: Zacian\n|-damage|p1b: Zacian|0 fnt\n|faint|p1b: Zacian\n|-ability|p2a: Calyrex|Chilling Neigh|boost\n|-boost|p2a: Calyrex|atk|1\n|move|p2b: Whimsicott|Moonblast|p1a: Calyrex\n|-activate|p1a: Calyrex|move: Protect\n|\n|-fieldend|move: Psychic Terrain\n|upkeep\n|turn|9\n|\n|t:|1745961233\n|move|p1a: Calyrex|Protect|p1a: Calyrex\n|-singleturn|p1a: Calyrex|Protect\n|move|p2b: Whimsicott|Encore|p1a: Calyrex\n|-activate|p1a: Calyrex|move: Protect\n|move|p2a: Calyrex|Glacial Lance|p1a: Calyrex\n|-activate|p1a: Calyrex|move: Protect\n|\n|-fieldend|move: Trick Room\n|upkeep\n|turn|10\n|\n|t:|1745961245\n|move|p2b: Whimsicott|Tailwind|p2b: Whimsicott\n|-sidestart|p2: nowaythisistaken|move: Tailwind\n|move|p1a: Calyrex|Astral Barrage|p2a: Calyrex|[spread] p2a,p2b\n|-damage|p2a: Calyrex|10/100\n|-damage|p2b: Whimsicott|0 fnt\n|faint|p2b: Whimsicott\n|-ability|p1a: Calyrex|Grim Neigh|boost\n|-boost|p1a: Calyrex|spa|1\n|move|p2a: Calyrex|Glacial Lance|p1a: Calyrex\n|-damage|p1a: Calyrex|0 fnt\n|faint|p1a: Calyrex\n|\n|win|nowaythisistaken\n|c|\u2606Prof Walnut|ggs!\n|c|\u2606nowaythisistaken|ggs!\n|l|\u2606Prof Walnut\n|player|p1|\n", "uploadtime": 1745961340, "views": 25, "formatid": "gen9vgc2025regibo3", "rating": null, "private": 0, "password": null}