{"id": "gen9vgc2025regibo3-2353918546", "format": "[Gen 9] VGC 2025 Reg I (Bo3)", "players": ["Loris41086", "YantoVGC"], "log": "|j|\u203dLoris41086\n|j|\u2606YantoVGC\n|html|<table width=\"100%\"><tr><td align=\"left\">Loris41086</td><td align=\"right\">YantoVGC</tr><tr><td align=\"left\"><i class=\"fa fa-circle-o\"></i> <i class=\"fa fa-circle-o\"></i> </td><td align=\"right\"><i class=\"fa fa-circle-o\"></i> <i class=\"fa fa-circle\"></i> </tr></table>\n|uhtml|bestof|<h2><strong>Game 2</strong> of <a href=\"/game-bestof3-gen9vgc2025regibo3-2353915491\">a best-of-3</a></h2>\n|t:|1746018770\n|gametype|doubles\n|player|p1|Loris41086|101|1139\n|player|p2|YantoVGC|wallace|1095\n|teamsize|p1|6\n|teamsize|p2|6\n|gen|9\n|tier|[Gen 9] VGC 2025 Reg I (Bo3)\n|rated|\n|rule|Species Clause: Limit one of each Pok\u00e9mon\n|rule|Item Clause: Limit 1 of each item\n|clearpoke\n|poke|p1|Eternatus, L50|\n|poke|p1|Rillaboom, L50, M|\n|poke|p1|Grimmsnarl, L50, M|\n|poke|p1|Urshifu-*, L50, M|\n|poke|p1|Volcarona, L50, F|\n|poke|p1|Terapagos, L50, M|\n|poke|p2|Zamazenta-*, L50|\n|poke|p2|Calyrex-Shadow, L50|\n|poke|p2|Tornadus, L50, M|\n|poke|p2|Urshifu-*, L50, M|\n|poke|p2|Rillaboom, L50, M|\n|poke|p2|Chien-Pao, L50|\n|teampreview|4\n|showteam|p1|Eternatus||LifeOrb|Pressure|SludgeBomb,DynamaxCannon,Flamethrower,Protect||||||50|,,,,,Fairy]Rillaboom||AssaultVest|GrassySurge|FakeOut,GrassyGlide,DrumBeating,Uturn|||M|||50|,,,,,Water]Grimmsnarl||LightClay|Prankster|Reflect,LightScreen,ThunderWave,FoulPlay|||M|||50|,,,,,Poison]Urshifu-Rapid-Strike||FocusSash|UnseenFist|SurgingStrikes,CloseCombat,Taunt,Detect|||M|||50|,,,,,Stellar]Volcarona||CovertCloak|FlameBody|StruggleBug,Overheat,RagePowder,WillOWisp|||F|||50|,,,,,Water]Terapagos||Leftovers|TeraShift|TeraStarstorm,EarthPower,CalmMind,Protect|||M|||50|,,,,,Stellar\n|showteam|p2|Zamazenta-Crowned||RustedShield|DauntlessShield|BodyPress,HeavySlam,WideGuard,Protect||||||50|,,,,,Ghost]Calyrex-Shadow||FocusSash|AsOneSpectrier|AstralBarrage,Psychic,Encore,Protect||||||50|,,,,,Ghost]Tornadus||RockyHelmet|Prankster|BleakwindStorm,Tailwind,RainDance,Protect|||M|||50|,,,,,Dark]Urshifu-Rapid-Strike||MysticWater|UnseenFist|SurgingStrikes,CloseCombat,AquaJet,Detect|||M|||50|,,,,,Water]Rillaboom||AssaultVest|GrassySurge|WoodHammer,GrassyGlide,Uturn,FakeOut|||M|||50|,,,,,Fire]Chien-Pao||LifeOrb|SwordofRuin|SuckerPunch,IcicleCrash,IceShard,Protect||||||50|,,,,,Stellar\n|inactive|Battle timer is ON: inactive players will automatically lose when time's up. (requested by YantoVGC)\n|\n|t:|1746018789\n|start\n|switch|p1a: Grimmsnarl|Grimmsnarl, L50, M|100/100\n|switch|p1b: Eternatus|Eternatus, L50|100/100\n|switch|p2a: Zamazenta|Zamazenta-Crowned, L50|100/100\n|switch|p2b: Calyrex|Calyrex-Shadow, L50|100/100\n|-ability|p2b: Calyrex|As One\n|-ability|p2b: Calyrex|Unnerve\n|-ability|p1b: Eternatus|Pressure\n|-ability|p2a: Zamazenta|Dauntless Shield|boost\n|-boost|p2a: Zamazenta|def|1\n|turn|1\n|inactive|YantoVGC has 30 seconds left.\n|inactive|YantoVGC has 20 seconds left.\n|inactive|YantoVGC has 15 seconds left.\n|inactive|YantoVGC has 10 seconds left.\n|\n|t:|1746018837\n|switch|p1a: Volcarona|Volcarona, L50, F|100/100\n|-terastallize|p2b: Calyrex|Ghost\n|move|p2b: Calyrex|Psychic|p1b: Eternatus\n|-supereffective|p1b: Eternatus\n|-damage|p1b: Eternatus|11/100\n|move|p1b: Eternatus|Flamethrower|p2a: Zamazenta\n|-supereffective|p2a: Zamazenta\n|-damage|p2a: Zamazenta|22/100\n|-damage|p1b: Eternatus|1/100|[from] item: Life Orb\n|move|p2a: Zamazenta|Heavy Slam|p1a: Volcarona\n|-resisted|p1a: Volcarona\n|-damage|p1a: Volcarona|80/100\n|\n|upkeep\n|turn|2\n|inactive|Loris41086 has 30 seconds left.\n|inactive|YantoVGC has 30 seconds left.\n|inactive|YantoVGC has 20 seconds left.\n|inactive|YantoVGC has 15 seconds left.\n|inactive|YantoVGC has 10 seconds left.\n|\n|t:|1746018884\n|switch|p1b: Grimmsnarl|Grimmsnarl, L50, M|100/100\n|move|p2b: Calyrex|Astral Barrage|p1b: Grimmsnarl|[spread] p1a,p1b\n|-resisted|p1b: Grimmsnarl\n|-damage|p1a: Volcarona|14/100\n|-damage|p1b: Grimmsnarl|65/100\n|move|p2a: Zamazenta|Body Press|p1a: Volcarona\n|-resisted|p1a: Volcarona\n|-damage|p1a: Volcarona|0 fnt\n|-status|p2a: Zamazenta|brn|[from] ability: Flame Body|[of] p1a: Volcarona\n|faint|p1a: Volcarona\n|\n|-damage|p2a: Zamazenta|16/100 brn|[from] brn\n|upkeep\n|\n|t:|1746018902\n|switch|p1a: Eternatus|Eternatus, L50|1/100\n|-ability|p1a: Eternatus|Pressure\n|turn|3\n|\n|t:|1746018914\n|move|p1a: Eternatus|Protect|p1a: Eternatus\n|-singleturn|p1a: Eternatus|Protect\n|move|p1b: Grimmsnarl|Thunder Wave|p2b: Calyrex\n|-status|p2b: Calyrex|par\n|move|p2a: Zamazenta|Heavy Slam|p1b: Grimmsnarl\n|-supereffective|p1b: Grimmsnarl\n|-damage|p1b: Grimmsnarl|19/100\n|cant|p2b: Calyrex|par\n|\n|-damage|p2a: Zamazenta|10/100 brn|[from] brn\n|upkeep\n|turn|4\n|inactive|Loris41086 has 30 seconds left.\n|inactive|YantoVGC has 30 seconds left.\n|inactive|YantoVGC has 20 seconds left.\n|\n|t:|1746018950\n|switch|p2a: Chien-Pao|Chien-Pao, L50|100/100\n|-ability|p2a: Chien-Pao|Sword of Ruin\n|cant|p2b: Calyrex|par\n|move|p1b: Grimmsnarl|Reflect|p1b: Grimmsnarl\n|-sidestart|p1: Loris41086|Reflect\n|move|p1a: Eternatus|Flamethrower|p2b: Calyrex\n|-damage|p2b: Calyrex|48/100 par\n|-damage|p1a: Eternatus|0 fnt|[from] item: Life Orb\n|faint|p1a: Eternatus\n|\n|upkeep\n|\n|t:|1746018963\n|switch|p1a: Terapagos|Terapagos, L50, M|100/100\n|-activate|p1a: Terapagos|ability: Tera Shift\n|detailschange|p1a: Terapagos|Terapagos-Terastal, L50, M\n|-heal|p1a: Terapagos|100/100|[silent]\n|turn|5\n|inactive|YantoVGC has 30 seconds left.\n|inactive|YantoVGC has 20 seconds left.\n|inactive|YantoVGC has 15 seconds left.\n|\n|t:|1746019003\n|switch|p2b: Rillaboom|Rillaboom, L50, M|100/100\n|-fieldstart|move: Grassy Terrain|[from] ability: Grassy Surge|[of] p2b: Rillaboom\n|move|p2a: Chien-Pao|Ice Shard|p1b: Grimmsnarl\n|-damage|p1b: Grimmsnarl|0 fnt\n|faint|p1b: Grimmsnarl\n|-damage|p2a: Chien-Pao|91/100|[from] item: Life Orb\n|move|p1a: Terapagos|Calm Mind|p1a: Terapagos\n|-boost|p1a: Terapagos|spa|1\n|-boost|p1a: Terapagos|spd|1\n|\n|-heal|p2a: Chien-Pao|97/100|[from] Grassy Terrain\n|upkeep\n|turn|6\n|inactive|Loris41086 has 30 seconds left.\n|inactive|YantoVGC has 30 seconds left.\n|inactive|YantoVGC has 20 seconds left.\n|inactive|YantoVGC has 15 seconds left.\n|\n|t:|1746019046\n|switch|p2a: Zamazenta|Zamazenta-Crowned, L50|10/100 brn\n|move|p2b: Rillaboom|Fake Out|p1a: Terapagos\n|-activate|p1a: Terapagos|ability: Tera Shell\n|-resisted|p1a: Terapagos\n|-damage|p1a: Terapagos|97/100\n|cant|p1a: Terapagos|flinch\n|\n|-heal|p2a: Zamazenta|16/100 brn|[from] Grassy Terrain\n|-heal|p1a: Terapagos|100/100|[from] Grassy Terrain\n|-damage|p2a: Zamazenta|10/100 brn|[from] brn\n|upkeep\n|turn|7\n|inactive|YantoVGC has 30 seconds left.\n|\n|t:|1746019075\n|move|p2a: Zamazenta|Wide Guard|p2a: Zamazenta\n|-singleturn|p2a: Zamazenta|Wide Guard\n|move|p1a: Terapagos|Calm Mind|p1a: Terapagos\n|-boost|p1a: Terapagos|spa|1\n|-boost|p1a: Terapagos|spd|1\n|move|p2b: Rillaboom|U-turn|p1a: Terapagos\n|-activate|p1a: Terapagos|ability: Tera Shell\n|-resisted|p1a: Terapagos\n|-damage|p1a: Terapagos|95/100\n|\n|t:|1746019093\n|switch|p2b: Chien-Pao|Chien-Pao, L50|97/100|[from] U-turn\n|-ability|p2b: Chien-Pao|Sword of Ruin\n|\n|-heal|p2b: Chien-Pao|100/100|[from] Grassy Terrain\n|-heal|p2a: Zamazenta|16/100 brn|[from] Grassy Terrain\n|-heal|p1a: Terapagos|100/100|[from] Grassy Terrain\n|-damage|p2a: Zamazenta|10/100 brn|[from] brn\n|upkeep\n|turn|8\n|\n|t:|1746019098\n|move|p2b: Chien-Pao|Sucker Punch|p1a: Terapagos\n|-activate|p1a: Terapagos|ability: Tera Shell\n|-resisted|p1a: Terapagos\n|-damage|p1a: Terapagos|85/100\n|-damage|p2b: Chien-Pao|91/100|[from] item: Life Orb\n|move|p2a: Zamazenta|Body Press|p1a: Terapagos\n|-supereffective|p1a: Terapagos\n|-damage|p1a: Terapagos|50/100\n|move|p1a: Terapagos|Tera Starstorm|p2b: Chien-Pao\n|-damage|p2b: Chien-Pao|0 fnt\n|faint|p2b: Chien-Pao\n|\n|-heal|p2a: Zamazenta|16/100 brn|[from] Grassy Terrain\n|-heal|p1a: Terapagos|57/100|[from] Grassy Terrain\n|-heal|p1a: Terapagos|63/100|[from] item: Leftovers\n|-damage|p2a: Zamazenta|10/100 brn|[from] brn\n|upkeep\n|\n|t:|1746019121\n|switch|p2b: Rillaboom|Rillaboom, L50, M|100/100\n|turn|9\n|\n|t:|1746019139\n|move|p1a: Terapagos|Protect|p1a: Terapagos\n|-singleturn|p1a: Terapagos|Protect\n|move|p2b: Rillaboom|Fake Out|p1a: Terapagos\n|-activate|p1a: Terapagos|move: Protect\n|move|p2a: Zamazenta|Body Press|p1a: Terapagos\n|-activate|p1a: Terapagos|move: Protect\n|\n|-heal|p2a: Zamazenta|16/100 brn|[from] Grassy Terrain\n|-heal|p1a: Terapagos|69/100|[from] Grassy Terrain\n|-heal|p1a: Terapagos|75/100|[from] item: Leftovers\n|-damage|p2a: Zamazenta|10/100 brn|[from] brn\n|-fieldend|move: Grassy Terrain\n|upkeep\n|turn|10\n|inactive|Loris41086 has 30 seconds left.\n|inactive|Loris41086 has 20 seconds left.\n|inactive|YantoVGC has 30 seconds left.\n|inactive|Loris41086 has 15 seconds left.\n|inactive|YantoVGC has 20 seconds left.\n|\n|t:|1746019186\n|move|p2a: Zamazenta|Body Press|p1a: Terapagos\n|-supereffective|p1a: Terapagos\n|-damage|p1a: Terapagos|49/100\n|move|p1a: Terapagos|Earth Power|p2a: Zamazenta\n|-supereffective|p2a: Zamazenta\n|-damage|p2a: Zamazenta|0 fnt\n|faint|p2a: Zamazenta\n|move|p2b: Rillaboom|Wood Hammer|p1a: Terapagos\n|-damage|p1a: Terapagos|21/100\n|-damage|p2b: Rillaboom|92/100|[from] Recoil\n|\n|-heal|p1a: Terapagos|28/100|[from] item: Leftovers\n|upkeep\n|\n|t:|1746019204\n|switch|p2a: Calyrex|Calyrex-Shadow, L50, tera:Ghost|48/100 par\n|-ability|p2a: Calyrex|As One\n|-ability|p2a: Calyrex|Unnerve\n|turn|11\n|\n|t:|1746019221\n|-terastallize|p1a: Terapagos|Stellar\n|detailschange|p1a: Terapagos|Terapagos-Stellar, L50, M, tera:Stellar\n|-heal|p1a: Terapagos|46/100|[silent]\n|move|p2a: Calyrex|Protect|p2a: Calyrex\n|-singleturn|p2a: Calyrex|Protect\n|move|p1a: Terapagos|Tera Starstorm|p2b: Rillaboom|[spread] p2b\n|-activate|p2a: Calyrex|move: Protect\n|-damage|p2b: Rillaboom|48/100\n|move|p2b: Rillaboom|Wood Hammer|p1a: Terapagos\n|-damage|p1a: Terapagos|24/100\n|-damage|p2b: Rillaboom|39/100|[from] Recoil\n|\n|-heal|p1a: Terapagos|30/100|[from] item: Leftovers\n|-sideend|p1: Loris41086|Reflect\n|upkeep\n|turn|12\n|inactive|YantoVGC has 30 seconds left.\n|\n|t:|1746019251\n|move|p1a: Terapagos|Protect|p1a: Terapagos\n|-singleturn|p1a: Terapagos|Protect\n|move|p2a: Calyrex|Psychic|p1a: Terapagos\n|-activate|p1a: Terapagos|move: Protect\n|move|p2b: Rillaboom|Grassy Glide|p1a: Terapagos\n|-activate|p1a: Terapagos|move: Protect\n|\n|-heal|p1a: Terapagos|37/100|[from] item: Leftovers\n|upkeep\n|turn|13\n|inactive|YantoVGC has 30 seconds left.\n|inactive|YantoVGC has 20 seconds left.\n|inactive|YantoVGC has 15 seconds left.\n|\n|t:|1746019272\n|move|p1a: Terapagos|Tera Starstorm|p2b: Rillaboom|[spread] p2a,p2b\n|-supereffective|p2a: Calyrex\n|-damage|p2a: Calyrex|0 fnt\n|-damage|p2b: Rillaboom|0 fnt\n|faint|p2a: Calyrex\n|faint|p2b: Rillaboom\n|\n|win|Loris41086\n|inactive|YantoVGC has 15 seconds left this turn.\n||YantoVGC is ready for game 3.\n||Loris41086 is ready for game 3.\n|uhtml|next|Next: <a href=\"/battle-gen9vgc2025regibo3-2353923458\"><strong>Game 3 of 3</strong></a>\n|l|\u203dLoris41086\n|player|p1|\n", "uploadtime": 1746019725, "views": 11, "formatid": "gen9vgc2025regibo3", "rating": null, "private": 0, "password": null}