{"id": "gen9vgc2025regibo3-2354568701", "format": "[Gen 9] VGC 2025 Reg I (Bo3)", "players": ["Bellsproutfanwill", "DgC1605"], "log": "|j|\u2606Bellsproutfanwill\n|j|\u2606DgC1605\n|html|<table width=\"100%\"><tr><td align=\"left\">Bellsproutfanwill</td><td align=\"right\">DgC1605</tr><tr><td align=\"left\"><i class=\"fa fa-circle-o\"></i> <i class=\"fa fa-circle-o\"></i> </td><td align=\"right\"><i class=\"fa fa-circle-o\"></i> <i class=\"fa fa-circle-o\"></i> </tr></table>\n|uhtml|bestof|<h2><strong>Game 1</strong> of <a href=\"/game-bestof3-gen9vgc2025regibo3-2354568698\">a best-of-3</a></h2>\n|t:|1746096030\n|gametype|doubles\n|player|p1|Bellsproutfanwill|169|1236\n|player|p2|DgC1605|n|1315\n|teamsize|p1|6\n|teamsize|p2|6\n|gen|9\n|tier|[Gen 9] VGC 2025 Reg I (Bo3)\n|rated|\n|rule|Species Clause: Limit one of each Pok\u00e9mon\n|rule|Item Clause: Limit 1 of each item\n|clearpoke\n|poke|p1|Calyrex-Ice, L50|\n|poke|p1|Oranguru, L50, F|\n|poke|p1|Iron Hands, L50|\n|poke|p1|Sinistcha-Masterpiece, L50|\n|poke|p1|Annihilape, L50, F|\n|poke|p1|Miraidon, L50|\n|poke|p2|Calyrex-Shadow, L50|\n|poke|p2|Zamazenta-*, L50|\n|poke|p2|Rillaboom, L50, M|\n|poke|p2|Incineroar, L50, M|\n|poke|p2|Urshifu-*, L50, F|\n|poke|p2|Tornadus, L50, M|\n|teampreview|4\n|showteam|p1|Calyrex-Ice||ClearAmulet|AsOneGlastrier|GlacialLance,HighHorsepower,Protect,TrickRoom||||||50|,,,,,Water]Oranguru||MentalHerb|InnerFocus|Instruct,TrickRoom,Encore,TeraBlast|||F|||50|,,,,,Fairy]Iron Hands||SitrusBerry|QuarkDrive|DrainPunch,ThunderPunch,SwordsDance,FakeOut||||||50|,,,,,Grass]Sinistcha-Masterpiece||FocusSash|Hospitality|MatchaGotcha,ShadowBall,RagePowder,TrickRoom||||||50|,,,,,Normal]Annihilape||ChoiceScarf|Defiant|ShadowClaw,FinalGambit,Uturn,Coaching|||F|||50|,,,,,Grass]Miraidon||LifeOrb|HadronEngine|ElectroDrift,DracoMeteor,VoltSwitch,Protect||||||50|,,,,,Electric\n|showteam|p2|Calyrex-Shadow||LifeOrb|AsOneSpectrier|AstralBarrage,Psychic,NastyPlot,Protect||||||50|,,,,,Ghost]Zamazenta-Crowned||RustedShield|DauntlessShield|BodyPress,HeavySlam,WideGuard,Protect||||||50|,,,,,Dragon]Rillaboom||AssaultVest|GrassySurge|FakeOut,GrassyGlide,WoodHammer,Uturn|||M|||50|,,,,,Water]Incineroar||RockyHelmet|Intimidate|FakeOut,KnockOff,PartingShot,HelpingHand|||M|||50|,,,,,Bug]Urshifu-Rapid-Strike||ChoiceScarf|UnseenFist|AquaJet,SurgingStrikes,CloseCombat,Uturn|||F|||50|,,,,,Water]Tornadus||CovertCloak|Prankster|BleakwindStorm,Tailwind,RainDance,Taunt|||M|||50|,,,,,Dark\n|inactive|Battle timer is ON: inactive players will automatically lose when time's up. (requested by DgC1605)\n|inactive|DgC1605 has 60 seconds left.\n|\n|t:|1746096089\n|start\n|switch|p1a: Annihilape|Annihilape, L50, F|100/100\n|switch|p1b: Oranguru|Oranguru, L50, F|100/100\n|switch|p2a: Rillaboom|Rillaboom, L50, M, shiny|100/100\n|switch|p2b: Calyrex|Calyrex-Shadow, L50|100/100\n|-ability|p2b: Calyrex|As One\n|-ability|p2b: Calyrex|Unnerve\n|-fieldstart|move: Grassy Terrain|[from] ability: Grassy Surge|[of] p2a: Rillaboom\n|turn|1\n|inactive|DgC1605 has 30 seconds left.\n|inactive|DgC1605 has 20 seconds left.\n|inactive|DgC1605 has 15 seconds left.\n|inactive|DgC1605 has 10 seconds left.\n|inactive|DgC1605 has 5 seconds left.\n|\n|t:|1746096141\n|-terastallize|p2b: Calyrex|Ghost\n|move|p2a: Rillaboom|Grassy Glide|p1a: Annihilape\n|-damage|p1a: Annihilape|62/100\n|move|p1a: Annihilape|Shadow Claw|p2b: Calyrex\n|-supereffective|p2b: Calyrex\n|-crit|p2b: Calyrex\n|-damage|p2b: Calyrex|7/100\n|move|p2b: Calyrex|Nasty Plot|p2b: Calyrex\n|-boost|p2b: Calyrex|spa|2\n|move|p1b: Oranguru|Trick Room|p1b: Oranguru\n|-fieldstart|move: Trick Room|[of] p1b: Oranguru\n|\n|-heal|p2b: Calyrex|14/100|[from] Grassy Terrain\n|-heal|p1a: Annihilape|68/100|[from] Grassy Terrain\n|upkeep\n|turn|2\n|\n|t:|1746096161\n|switch|p1a: Calyrex|Calyrex-Ice, L50|100/100\n|-ability|p1a: Calyrex|As One\n|-ability|p1a: Calyrex|Unnerve\n|move|p2b: Calyrex|Protect|p2b: Calyrex\n|-singleturn|p2b: Calyrex|Protect\n|move|p1b: Oranguru|Encore|p2b: Calyrex\n|-activate|p2b: Calyrex|move: Protect\n|move|p2a: Rillaboom|U-turn|p1b: Oranguru\n|-supereffective|p1b: Oranguru\n|-damage|p1b: Oranguru|59/100\n|\n|t:|1746096175\n|switch|p2a: Incineroar|Incineroar, L50, M, shiny|100/100|[from] U-turn\n|-ability|p2a: Incineroar|Intimidate|boost\n|-fail|p1a: Calyrex|unboost|[from] item: Clear Amulet|[of] p1a: Calyrex\n|-fail|p1b: Oranguru|unboost|Attack|[from] ability: Inner Focus|[of] p1b: Oranguru\n|\n|-heal|p1b: Oranguru|65/100|[from] Grassy Terrain\n|-heal|p2b: Calyrex|20/100|[from] Grassy Terrain\n|upkeep\n|turn|3\n|\n|t:|1746096190\n|switch|p2b: Rillaboom|Rillaboom, L50, M, shiny|100/100\n|move|p2a: Incineroar|Fake Out|p1a: Calyrex\n|-damage|p1a: Calyrex|93/100\n|cant|p1a: Calyrex|flinch\n|move|p1b: Oranguru|Encore||[still]\n|-fail|p1b: Oranguru\n|\n|-heal|p1a: Calyrex|99/100|[from] Grassy Terrain\n|-heal|p1b: Oranguru|71/100|[from] Grassy Terrain\n|upkeep\n|turn|4\n|inactive|DgC1605 has 30 seconds left.\n|inactive|DgC1605 has 20 seconds left.\n|\n|t:|1746096229\n|switch|p2a: Zamazenta|Zamazenta-Crowned, L50|100/100\n|-ability|p2a: Zamazenta|Dauntless Shield|boost\n|-boost|p2a: Zamazenta|def|1\n|move|p2b: Rillaboom|Fake Out|p1a: Calyrex\n|-damage|p1a: Calyrex|90/100\n|cant|p1a: Calyrex|flinch\n|move|p1b: Oranguru|Encore|p2b: Rillaboom\n|-start|p2b: Rillaboom|Encore\n|\n|-heal|p1a: Calyrex|96/100|[from] Grassy Terrain\n|-heal|p1b: Oranguru|77/100|[from] Grassy Terrain\n|upkeep\n|turn|5\n|\n|t:|1746096253\n|switch|p2b: Incineroar|Incineroar, L50, M, shiny|100/100\n|-ability|p2b: Incineroar|Intimidate|boost\n|-fail|p1a: Calyrex|unboost|[from] item: Clear Amulet|[of] p1a: Calyrex\n|-fail|p1b: Oranguru|unboost|Attack|[from] ability: Inner Focus|[of] p1b: Oranguru\n|-terastallize|p1a: Calyrex|Water\n|move|p2a: Zamazenta|Protect|p2a: Zamazenta\n|-singleturn|p2a: Zamazenta|Protect\n|move|p1a: Calyrex|Trick Room|p1a: Calyrex\n|-fieldend|move: Trick Room\n|move|p1b: Oranguru|Trick Room|p1b: Oranguru\n|-fieldstart|move: Trick Room|[of] p1b: Oranguru\n|\n|-heal|p1a: Calyrex|100/100|[from] Grassy Terrain\n|-heal|p1b: Oranguru|83/100|[from] Grassy Terrain\n|-fieldend|move: Grassy Terrain\n|upkeep\n|turn|6\n|inactive|DgC1605 has 30 seconds left.\n|\n|t:|1746096284\n|switch|p1a: Iron Hands|Iron Hands, L50|100/100\n|switch|p2a: Rillaboom|Rillaboom, L50, M, shiny|100/100\n|-fieldstart|move: Grassy Terrain|[from] ability: Grassy Surge|[of] p2a: Rillaboom\n|move|p2b: Incineroar|Fake Out|p1a: Iron Hands\n|-damage|p1a: Iron Hands|94/100\n|move|p1b: Oranguru|Encore|p2b: Incineroar\n|-start|p2b: Incineroar|Encore\n|\n|-heal|p1a: Iron Hands|99/100|[from] Grassy Terrain\n|-heal|p1b: Oranguru|89/100|[from] Grassy Terrain\n|upkeep\n|turn|7\n|inactive|DgC1605 has 30 seconds left.\n|\n|t:|1746096310\n|-end|p1a: Iron Hands|Quark Drive|[silent]\n|switch|p1a: Calyrex|Calyrex-Ice, L50, tera:Water|100/100\n|-ability|p1a: Calyrex|As One\n|-ability|p1a: Calyrex|Unnerve\n|switch|p2b: Calyrex|Calyrex-Shadow, L50, tera:Ghost|20/100\n|-ability|p2b: Calyrex|As One\n|-ability|p2b: Calyrex|Unnerve\n|move|p1b: Oranguru|Encore||[still]\n|-fail|p1b: Oranguru\n|move|p2a: Rillaboom|Wood Hammer|p1b: Oranguru\n|-damage|p1b: Oranguru|19/100\n|-damage|p2a: Rillaboom|78/100|[from] Recoil\n|\n|-heal|p1b: Oranguru|25/100|[from] Grassy Terrain\n|-heal|p2a: Rillaboom|84/100|[from] Grassy Terrain\n|-heal|p2b: Calyrex|26/100|[from] Grassy Terrain\n|upkeep\n|turn|8\n|inactive|DgC1605 has 30 seconds left.\n|inactive|DgC1605 has 20 seconds left.\n|inactive|DgC1605 has 15 seconds left.\n|inactive|DgC1605 has 10 seconds left.\n|\n|t:|1746096359\n|switch|p2a: Incineroar|Incineroar, L50, M, shiny|100/100\n|-ability|p2a: Incineroar|Intimidate|boost\n|-fail|p1a: Calyrex|unboost|[from] item: Clear Amulet|[of] p1a: Calyrex\n|-fail|p1b: Oranguru|unboost|Attack|[from] ability: Inner Focus|[of] p1b: Oranguru\n|move|p2b: Calyrex|Protect|p2b: Calyrex\n|-singleturn|p2b: Calyrex|Protect\n|move|p1a: Calyrex|Glacial Lance|p2a: Incineroar|[spread] p2a\n|-activate|p2b: Calyrex|move: Protect\n|-resisted|p2a: Incineroar\n|-damage|p2a: Incineroar|76/100\n|move|p1b: Oranguru|Instruct|p1a: Calyrex\n|-singleturn|p1a: Calyrex|move: Instruct|[of] p1b: Oranguru\n|move|p1a: Calyrex|Glacial Lance|p2b: Calyrex|[spread] p2a\n|-activate|p2b: Calyrex|move: Protect\n|-resisted|p2a: Incineroar\n|-damage|p2a: Incineroar|51/100\n|\n|-heal|p1b: Oranguru|31/100|[from] Grassy Terrain\n|-heal|p2a: Incineroar|57/100|[from] Grassy Terrain\n|-heal|p2b: Calyrex|32/100|[from] Grassy Terrain\n|upkeep\n|turn|9\n|inactive|Bellsproutfanwill has 30 seconds left.\n|\n|t:|1746096391\n|switch|p1a: Annihilape|Annihilape, L50, F|68/100\n|switch|p2b: Rillaboom|Rillaboom, L50, M, shiny|84/100\n|move|p2a: Incineroar|Fake Out|p1a: Annihilape\n|-immune|p1a: Annihilape\n|move|p1b: Oranguru|Tera Blast|p2a: Incineroar\n|-damage|p2a: Incineroar|36/100\n|\n|-heal|p1b: Oranguru|38/100|[from] Grassy Terrain\n|-heal|p2a: Incineroar|42/100|[from] Grassy Terrain\n|-heal|p2b: Rillaboom|90/100|[from] Grassy Terrain\n|-heal|p1a: Annihilape|74/100|[from] Grassy Terrain\n|-fieldend|move: Trick Room\n|upkeep\n|turn|10\n|inactive|Bellsproutfanwill has 30 seconds left.\n|inactive|DgC1605 has 30 seconds left.\n|inactive|DgC1605 has 20 seconds left.\n|\n|t:|1746096429\n|switch|p2a: Calyrex|Calyrex-Shadow, L50, tera:Ghost|32/100\n|-ability|p2a: Calyrex|As One\n|-ability|p2a: Calyrex|Unnerve\n|move|p1a: Annihilape|Final Gambit|p2a: Calyrex\n|-immune|p2a: Calyrex\n|move|p2b: Rillaboom|U-turn|p1b: Oranguru\n|-supereffective|p1b: Oranguru\n|-damage|p1b: Oranguru|0 fnt\n|faint|p1b: Oranguru\n|inactive|DgC1605 has 30 seconds left.\n|inactive|DgC1605 has 20 seconds left.\n|inactive|DgC1605 has 15 seconds left.\n|\n|t:|1746096471\n|switch|p2b: Incineroar|Incineroar, L50, M, shiny|42/100|[from] U-turn\n|-ability|p2b: Incineroar|Intimidate|boost\n|-unboost|p1a: Annihilape|atk|1\n|-ability|p1a: Annihilape|Defiant|boost\n|-boost|p1a: Annihilape|atk|2\n|\n|-heal|p1a: Annihilape|80/100|[from] Grassy Terrain\n|-heal|p2a: Calyrex|39/100|[from] Grassy Terrain\n|-heal|p2b: Incineroar|48/100|[from] Grassy Terrain\n|-fieldend|move: Grassy Terrain\n|upkeep\n|\n|t:|1746096481\n|switch|p1b: Calyrex|Calyrex-Ice, L50, tera:Water|100/100\n|-ability|p1b: Calyrex|As One\n|-ability|p1b: Calyrex|Unnerve\n|turn|11\n|\n|t:|1746096493\n|move|p2b: Incineroar|Helping Hand|p2a: Calyrex\n|-singleturn|p2a: Calyrex|Helping Hand|[of] p2b: Incineroar\n|move|p1b: Calyrex|Protect|p1b: Calyrex\n|-singleturn|p1b: Calyrex|Protect\n|move|p1a: Annihilape|Final Gambit|p2b: Incineroar\n|-damage|p2b: Incineroar|0 fnt\n|faint|p1a: Annihilape\n|faint|p2b: Incineroar\n|move|p2a: Calyrex|Astral Barrage|p1b: Calyrex\n|-activate|p1b: Calyrex|move: Protect\n|\n|upkeep\n|\n|t:|1746096507\n|switch|p1a: Iron Hands|Iron Hands, L50|99/100\n|switch|p2b: Rillaboom|Rillaboom, L50, M, shiny|90/100\n|-fieldstart|move: Grassy Terrain|[from] ability: Grassy Surge|[of] p2b: Rillaboom\n|turn|12\n|inactive|Bellsproutfanwill has 30 seconds left.\n|inactive|Bellsproutfanwill has 20 seconds left.\n|\n|t:|1746096546\n|move|p2a: Calyrex|Protect|p2a: Calyrex\n|-singleturn|p2a: Calyrex|Protect\n|move|p2b: Rillaboom|Fake Out|p1b: Calyrex\n|-damage|p1b: Calyrex|91/100\n|move|p1a: Iron Hands|Thunder Punch|p2a: Calyrex\n|-activate|p2a: Calyrex|move: Protect\n|cant|p1b: Calyrex|flinch\n|\n|-heal|p2a: Calyrex|45/100|[from] Grassy Terrain\n|-heal|p2b: Rillaboom|96/100|[from] Grassy Terrain\n|-heal|p1a: Iron Hands|100/100|[from] Grassy Terrain\n|-heal|p1b: Calyrex|97/100|[from] Grassy Terrain\n|upkeep\n|turn|13\n|inactive|DgC1605 has 30 seconds left.\n|\n|t:|1746096576\n|move|p1b: Calyrex|Protect|p1b: Calyrex\n|-singleturn|p1b: Calyrex|Protect\n|move|p2a: Calyrex|Astral Barrage|p1b: Calyrex|[spread] p1a\n|-activate|p1b: Calyrex|move: Protect\n|-damage|p1a: Iron Hands|32/100\n|-damage|p2a: Calyrex|35/100|[from] item: Life Orb\n|move|p2b: Rillaboom|Wood Hammer|p1b: Calyrex\n|-activate|p1b: Calyrex|move: Protect\n|move|p1a: Iron Hands|Thunder Punch|p2a: Calyrex\n|-damage|p2a: Calyrex|0 fnt\n|-enditem|p1a: Iron Hands|Sitrus Berry|[eat]\n|-heal|p1a: Iron Hands|57/100|[from] item: Sitrus Berry\n|faint|p2a: Calyrex\n|\n|-heal|p2b: Rillaboom|100/100|[from] Grassy Terrain\n|-heal|p1a: Iron Hands|63/100|[from] Grassy Terrain\n|-heal|p1b: Calyrex|100/100|[from] Grassy Terrain\n|upkeep\n|\n|t:|1746096578\n|switch|p2a: Zamazenta|Zamazenta-Crowned, L50|100/100\n|turn|14\n|inactive|Bellsproutfanwill has 30 seconds left.\n|\n|t:|1746096607\n|move|p2a: Zamazenta|Body Press|p1b: Calyrex\n|-damage|p1b: Calyrex|71/100\n|move|p2b: Rillaboom|Wood Hammer|p1b: Calyrex\n|-supereffective|p1b: Calyrex\n|-damage|p1b: Calyrex|0 fnt\n|faint|p1b: Calyrex\n|-damage|p2b: Rillaboom|77/100|[from] Recoil\n|move|p1a: Iron Hands|Drain Punch|p2b: Rillaboom\n|-damage|p2b: Rillaboom|41/100\n|-heal|p1a: Iron Hands|77/100|[from] drain|[of] p2b: Rillaboom\n|\n|-heal|p2b: Rillaboom|47/100|[from] Grassy Terrain\n|-heal|p1a: Iron Hands|83/100|[from] Grassy Terrain\n|upkeep\n|turn|15\n|\n|t:|1746096630\n|move|p2a: Zamazenta|Body Press|p1a: Iron Hands\n|-damage|p1a: Iron Hands|52/100\n|move|p2b: Rillaboom|Wood Hammer|p1a: Iron Hands\n|-damage|p1a: Iron Hands|0 fnt\n|faint|p1a: Iron Hands\n|-end|p1a: Iron Hands|Quark Drive|[silent]\n|-damage|p2b: Rillaboom|26/100|[from] Recoil\n|\n|win|DgC1605\n||DgC1605 is ready for game 2.\n||Bellsproutfanwill is ready for game 2.\n|uhtml|next|Next: <a href=\"/battle-gen9vgc2025regibo3-2354572187\"><strong>Game 2 of 3</strong></a>\n|l|\u2606DgC1605\n|player|p2|\n|l|\u2606Bellsproutfanwill\n|player|p1|\n", "uploadtime": 1746096920, "views": 7, "formatid": "gen9vgc2025regibo3", "rating": null, "private": 0, "password": null}