{"id": "gen9vgc2025regibo3-2353967516", "format": "[Gen 9] VGC 2025 Reg I (Bo3)", "players": ["clvdds", "popeye114"], "log": "|j|\u2606clvdds\n|j|\u2606popeye114\n|html|<table width=\"100%\"><tr><td align=\"left\">clvdds</td><td align=\"right\">popeye114</tr><tr><td align=\"left\"><i class=\"fa fa-circle-o\"></i> <i class=\"fa fa-circle-o\"></i> </td><td align=\"right\"><i class=\"fa fa-circle-o\"></i> <i class=\"fa fa-circle-o\"></i> </tr></table>\n|uhtml|bestof|<h2><strong>Game 1</strong> of <a href=\"/game-bestof3-gen9vgc2025regibo3-2353967515\">a best-of-3</a></h2>\n|t:|1746023453\n|gametype|doubles\n|player|p1|clvdds|clay|1040\n|player|p2|popeye114|265|1139\n|teamsize|p1|6\n|teamsize|p2|6\n|gen|9\n|tier|[Gen 9] VGC 2025 Reg I (Bo3)\n|rated|\n|rule|Species Clause: Limit one of each Pok\u00e9mon\n|rule|Item Clause: Limit 1 of each item\n|clearpoke\n|poke|p1|Calyrex-Shadow, L50|\n|poke|p1|Incineroar, L50, F|\n|poke|p1|Urshifu-*, L50, F|\n|poke|p1|Rillaboom, L50, F|\n|poke|p1|Ogerpon-Hearthflame, L50, F|\n|poke|p1|Terapagos, L50, M|\n|poke|p2|Calyrex-Shadow, L50|\n|poke|p2|Salamence, L50, M|\n|poke|p2|Talonflame, L50, M|\n|poke|p2|Cresselia, L50, F|\n|poke|p2|Zamazenta-*, L50|\n|poke|p2|Indeedee-F, L50, F|\n|teampreview|4\n|showteam|p1|Calyrex-Shadow||FocusSash|AsOneSpectrier|AstralBarrage,NastyPlot,Protect,Psychic||||||50|,,,,,Ghost]Incineroar||RockyHelmet|Intimidate|WillOWisp,KnockOff,FakeOut,PartingShot|||F|||50|,,,,,Ghost]Urshifu-Rapid-Strike||ChoiceScarf|UnseenFist|SurgingStrikes,CloseCombat,Uturn,AquaJet|||F|||50|,,,,,Water]Rillaboom||AssaultVest|GrassySurge|FakeOut,WoodHammer,GrassyGlide,Uturn|||F|||50|,,,,,Water]Ogerpon-Hearthflame||HearthflameMask|MoldBreaker|IvyCudgel,GrassyGlide,FollowMe,SpikyShield|||F|||50|,,,,,Fire]Terapagos||Leftovers|TeraShift|TeraStarstorm,CalmMind,EarthPower,Protect|||M|||50|,,,,,Stellar\n|showteam|p2|Calyrex-Shadow||LifeOrb|AsOneSpectrier|AstralBarrage,Protect,ExpandingForce,PollenPuff||||||50|,,,,,Normal]Salamence||ChoiceScarf|Moxie|Earthquake,IronHead,Crunch,Outrage|||M|||50|,,,,,Ground]Talonflame||FocusSash|GaleWings|Tailwind,Uturn,UpperHand,BraveBird|||M|||50|,,,,,Flying]Cresselia||Leftovers|Levitate|HelpingHand,LunarBlessing,TrickRoom,DazzlingGleam|||F|||50|,,,,,Fairy]Zamazenta-Crowned||RustedShield|DauntlessShield|WideGuard,behemothbash,BodyPress,IronDefense||||||50|,,,,,Fighting]Indeedee-F||RockyHelmet|PsychicSurge|HelpingHand,FollowMe,TrickRoom,Imprison|||F|||50|,,,,,Fairy\n|inactive|Battle timer is ON: inactive players will automatically lose when time's up. (requested by clvdds)\n|inactive|clvdds has 60 seconds left.\n|inactive|popeye114 has 60 seconds left.\n|\n|t:|1746023489\n|start\n|switch|p1a: Calyrex|Calyrex-Shadow, L50|100/100\n|switch|p1b: Incineroar|Incineroar, L50, F|100/100\n|switch|p2a: Zamazenta|Zamazenta-Crowned, L50|100/100\n|switch|p2b: Indeedee|Indeedee-F, L50, F|100/100\n|-ability|p1a: Calyrex|As One\n|-ability|p1a: Calyrex|Unnerve\n|-ability|p2a: Zamazenta|Dauntless Shield|boost\n|-boost|p2a: Zamazenta|def|1\n|-fieldstart|move: Psychic Terrain|[from] ability: Psychic Surge|[of] p2b: Indeedee\n|-ability|p1b: Incineroar|Intimidate|boost\n|-unboost|p2a: Zamazenta|atk|1\n|-unboost|p2b: Indeedee|atk|1\n|turn|1\n|inactive|clvdds has 30 seconds left.\n|inactive|popeye114 has 30 seconds left.\n|\n|t:|1746023515\n|move|p2b: Indeedee|Follow Me|p2b: Indeedee\n|-singleturn|p2b: Indeedee|move: Follow Me\n|move|p1a: Calyrex|Nasty Plot|p1a: Calyrex\n|-boost|p1a: Calyrex|spa|2\n|move|p2a: Zamazenta|Body Press|p1b: Incineroar\n|-supereffective|p1b: Incineroar\n|-damage|p1b: Incineroar|0 fnt\n|-damage|p2a: Zamazenta|84/100|[from] item: Rocky Helmet|[of] p1b: Incineroar\n|faint|p1b: Incineroar\n|\n|upkeep\n|\n|t:|1746023528\n|switch|p1b: Urshifu|Urshifu-Rapid-Strike, L50, F|100/100\n|turn|2\n|\n|t:|1746023551\n|-terastallize|p1a: Calyrex|Ghost\n|move|p2a: Zamazenta|Wide Guard|p2a: Zamazenta\n|-singleturn|p2a: Zamazenta|Wide Guard\n|move|p2b: Indeedee|Follow Me|p2b: Indeedee\n|-singleturn|p2b: Indeedee|move: Follow Me\n|move|p1b: Urshifu|U-turn|p2b: Indeedee\n|-supereffective|p2b: Indeedee\n|-damage|p2b: Indeedee|30/100\n|-damage|p1b: Urshifu|84/100|[from] item: Rocky Helmet|[of] p2b: Indeedee\n|\n|t:|1746023565\n|switch|p1b: Ogerpon|Ogerpon-Hearthflame, L50, F|100/100|[from] U-turn\n|-ability|p1b: Ogerpon|Mold Breaker\n|move|p1a: Calyrex|Astral Barrage|p2a: Zamazenta|[spread] \n|-activate|p2a: Zamazenta|move: Wide Guard\n|-activate|p2b: Indeedee|move: Wide Guard\n|\n|upkeep\n|turn|3\n|inactive|popeye114 has 30 seconds left.\n|\n|t:|1746023596\n|move|p2a: Zamazenta|Wide Guard|p2a: Zamazenta\n|-singleturn|p2a: Zamazenta|Wide Guard\n|move|p2b: Indeedee|Follow Me|p2b: Indeedee\n|-singleturn|p2b: Indeedee|move: Follow Me\n|move|p1a: Calyrex|Psychic|p2b: Indeedee\n|-resisted|p2b: Indeedee\n|-damage|p2b: Indeedee|0 fnt\n|faint|p2b: Indeedee\n|-ability|p1a: Calyrex|Grim Neigh|boost\n|-boost|p1a: Calyrex|spa|1\n|move|p1b: Ogerpon|Ivy Cudgel|p2a: Zamazenta|[anim] Ivy Cudgel Fire\n|-supereffective|p2a: Zamazenta\n|-crit|p2a: Zamazenta\n|-damage|p2a: Zamazenta|0 fnt\n|faint|p2a: Zamazenta\n|\n|upkeep\n|\n|t:|1746023609\n|switch|p2a: Calyrex|Calyrex-Shadow, L50|100/100\n|switch|p2b: Salamence|Salamence, L50, M|100/100\n|-ability|p2a: Calyrex|As One\n|-ability|p2a: Calyrex|Unnerve\n|turn|4\n|\n|t:|1746023631\n|-terastallize|p2b: Salamence|Ground\n|move|p2a: Calyrex|Protect|p2a: Calyrex\n|-singleturn|p2a: Calyrex|Protect\n|move|p1a: Calyrex|Protect|p1a: Calyrex\n|-singleturn|p1a: Calyrex|Protect\n|move|p1b: Ogerpon|Spiky Shield|p1b: Ogerpon\n|-singleturn|p1b: Ogerpon|move: Protect\n|move|p2b: Salamence|Earthquake|p1a: Calyrex|[spread] \n|-activate|p2a: Calyrex|move: Protect\n|-activate|p1a: Calyrex|move: Protect\n|-activate|p1b: Ogerpon|move: Protect\n|\n|upkeep\n|turn|5\n|inactive|clvdds has 30 seconds left.\n|inactive|clvdds has 20 seconds left.\n|\n|t:|1746023670\n|move|p2b: Salamence|Earthquake|p1b: Ogerpon|[spread] p2a,p1a,p1b\n|-damage|p2a: Calyrex|44/100\n|-damage|p1a: Calyrex|51/100\n|-damage|p1b: Ogerpon|56/100\n|move|p2a: Calyrex|Astral Barrage|p1a: Calyrex|[spread] p1a,p1b\n|-supereffective|p1a: Calyrex\n|-damage|p1a: Calyrex|0 fnt\n|-damage|p1b: Ogerpon|0 fnt\n|faint|p1a: Calyrex\n|faint|p1b: Ogerpon\n|-ability|p2a: Calyrex|Grim Neigh|boost\n|-boost|p2a: Calyrex|spa|2\n|-damage|p2a: Calyrex|35/100|[from] item: Life Orb\n|\n|-fieldend|move: Psychic Terrain\n|upkeep\n|\n|t:|1746023681\n|switch|p1b: Urshifu|Urshifu-Rapid-Strike, L50, F|84/100\n|turn|6\n|\n|t:|1746023685\n|move|p2a: Calyrex|Protect|p2a: Calyrex\n|-singleturn|p2a: Calyrex|Protect\n|move|p2b: Salamence|Earthquake|p1b: Urshifu|[spread] p1b\n|-activate|p2a: Calyrex|move: Protect\n|-damage|p1b: Urshifu|41/100\n|move|p1b: Urshifu|Surging Strikes|p2b: Salamence\n|-supereffective|p2b: Salamence\n|-crit|p2b: Salamence\n|-damage|p2b: Salamence|40/100\n|-supereffective|p2b: Salamence\n|-crit|p2b: Salamence\n|-damage|p2b: Salamence|0 fnt\n|faint|p2b: Salamence\n|-hitcount|p2: Salamence|2\n|\n|upkeep\n|turn|7\n|\n|t:|1746023698\n|move|p1b: Urshifu|Surging Strikes|p2a: Calyrex\n|-crit|p2a: Calyrex\n|-damage|p2a: Calyrex|8/100\n|-crit|p2a: Calyrex\n|-damage|p2a: Calyrex|0 fnt\n|faint|p2a: Calyrex\n|-hitcount|p2: Calyrex|2\n|\n|win|clvdds\n||clvdds is ready for game 2.\n||popeye114 is ready for game 2.\n|uhtml|next|Next: <a href=\"/battle-gen9vgc2025regibo3-2353970382\"><strong>Game 2 of 3</strong></a>\n|l|\u2606clvdds\n|player|p1|\n", "uploadtime": 1746024061, "views": 22, "formatid": "gen9vgc2025regibo3", "rating": null, "private": 0, "password": null}