{"id": "gen9vgc2025regibo3-2354938568", "format": "[Gen 9] VGC 2025 Reg I (Bo3)", "players": ["PesceSega", "Urric"], "log": "|j|\u2606PesceSega\n|j|\u2606Urric\n|html|<table width=\"100%\"><tr><td align=\"left\">PesceSega</td><td align=\"right\">Urric</tr><tr><td align=\"left\"><i class=\"fa fa-circle-o\"></i> <i class=\"fa fa-circle-o\"></i> </td><td align=\"right\"><i class=\"fa fa-circle-o\"></i> <i class=\"fa fa-circle-o\"></i> </tr></table>\n|uhtml|bestof|<h2><strong>Game 1</strong> of <a href=\"/game-bestof3-gen9vgc2025regibo3-2354938566\">a best-of-3</a></h2>\n|t:|1746133685\n|gametype|doubles\n|player|p1|PesceSega|baker|1000\n|player|p2|Urric|wattson|1081\n|teamsize|p1|6\n|teamsize|p2|6\n|gen|9\n|tier|[Gen 9] VGC 2025 Reg I (Bo3)\n|rated|\n|rule|Species Clause: Limit one of each Pok\u00e9mon\n|rule|Item Clause: Limit 1 of each item\n|clearpoke\n|poke|p1|Incineroar, L50, M|\n|poke|p1|Urshifu-*, L50, M|\n|poke|p1|Farigiraf, L50, M|\n|poke|p1|Rillaboom, L50, F|\n|poke|p1|Landorus, L50, M|\n|poke|p1|Iron Bundle, L50|\n|poke|p2|Koraidon, L50|\n|poke|p2|Chi-Yu, L50|\n|poke|p2|Rillaboom, L50, F|\n|poke|p2|Zacian-*, L50|\n|poke|p2|Flutter Mane, L50|\n|poke|p2|Great Tusk, L50|\n|teampreview|4\n|showteam|p1|Incineroar||MirrorHerb|Intimidate|FakeOut,FlareBlitz,PartingShot,HelpingHand|||M|||50|,,,,,Ghost]Urshifu-Rapid-Strike||FocusSash|UnseenFist|AquaJet,Detect,CloseCombat,SurgingStrikes|||M|||50|,,,,,Fighting]Farigiraf||ThroatSpray|ArmorTail|TrickRoom,Psychic,Protect,HyperVoice|||M|||50|,,,,,Fairy]Rillaboom||AssaultVest|GrassySurge|GrassyGlide,WoodHammer,KnockOff,Uturn|||F|||50|,,,,,Grass]Landorus||LifeOrb|SheerForce|Protect,EarthPower,Substitute,SludgeBomb|||M|||50|,,,,,Ground]Iron Bundle||BoosterEnergy|QuarkDrive|IceBeam,TeraBlast,Uturn,Encore||||||50|,,,,,Fairy\n|showteam|p2|Koraidon||ClearAmulet|OrichalcumPulse|CollisionCourse,FlareBlitz,Protect,DragonClaw||||||50|,,,,,Fire]Chi-Yu||LifeOrb|BeadsofRuin|HeatWave,DarkPulse,Protect,Snarl||||||50|,,,,,Fire]Rillaboom||AssaultVest|GrassySurge|GrassyGlide,FakeOut,WoodHammer,Uturn|||F|||50|,,,,,Water]Zacian-Crowned||RustedSword|IntrepidSword|behemothblade,PlayRough,SacredSword,Protect||||||50|,,,,,Fire]Flutter Mane||FocusSash|Protosynthesis|IcyWind,Moonblast,ShadowBall,Protect||||||50|,,,,,Normal]Great Tusk||ChoiceBand|Protosynthesis|CloseCombat,HeadlongRush,KnockOff,RockSlide||||||50|,,,,,Ground\n|inactive|Battle timer is ON: inactive players will automatically lose when time's up. (requested by PesceSega)\n|inactive|PesceSega has 60 seconds left.\n|inactive|Urric has 60 seconds left.\n|\n|t:|1746133722\n|start\n|switch|p1a: Incineroar|Incineroar, L50, M|100/100\n|switch|p1b: Urshifu|Urshifu-Rapid-Strike, L50, M|100/100\n|switch|p2a: Koraidon|Koraidon, L50|100/100\n|switch|p2b: Flutter Mane|Flutter Mane, L50|100/100\n|-weather|SunnyDay|[from] ability: Orichalcum Pulse|[of] p2a: Koraidon\n|-activate|p2b: Flutter Mane|ability: Protosynthesis\n|-start|p2b: Flutter Mane|protosynthesisspe\n|-activate|p2a: Koraidon|Orichalcum Pulse|[source]\n|-ability|p1a: Incineroar|Intimidate|boost\n|-fail|p2a: Koraidon|unboost|[from] item: Clear Amulet|[of] p2a: Koraidon\n|-unboost|p2b: Flutter Mane|atk|1\n|turn|1\n|inactive|PesceSega has 30 seconds left.\n|inactive|PesceSega has 20 seconds left.\n|\n|t:|1746133761\n|-terastallize|p1b: Urshifu|Fighting\n|move|p1a: Incineroar|Fake Out|p2a: Koraidon\n|-damage|p2a: Koraidon|88/100\n|move|p2b: Flutter Mane|Moonblast|p1b: Urshifu\n|-supereffective|p1b: Urshifu\n|-enditem|p1b: Urshifu|Focus Sash\n|-damage|p1b: Urshifu|1/100\n|cant|p2a: Koraidon|flinch\n|move|p1b: Urshifu|Close Combat|p2a: Koraidon\n|-damage|p2a: Koraidon|12/100\n|-unboost|p1b: Urshifu|def|1\n|-unboost|p1b: Urshifu|spd|1\n|\n|-weather|SunnyDay|[upkeep]\n|upkeep\n|turn|2\n|inactive|PesceSega has 30 seconds left.\n|\n|t:|1746133790\n|move|p1b: Urshifu|Aqua Jet|p2a: Koraidon\n|-resisted|p2a: Koraidon\n|-damage|p2a: Koraidon|8/100\n|move|p2b: Flutter Mane|Icy Wind|p1b: Urshifu|[spread] p1a,p1b\n|-resisted|p1a: Incineroar\n|-damage|p1a: Incineroar|94/100\n|-damage|p1b: Urshifu|0 fnt\n|-unboost|p1a: Incineroar|spe|1\n|faint|p1b: Urshifu\n|move|p2a: Koraidon|Collision Course|p1a: Incineroar\n|-supereffective|p1a: Incineroar\n|-damage|p1a: Incineroar|0 fnt\n|faint|p1a: Incineroar\n|\n|-weather|SunnyDay|[upkeep]\n|upkeep\n|\n|t:|1746133803\n|switch|p1b: Iron Bundle|Iron Bundle, L50|100/100\n|switch|p1a: Rillaboom|Rillaboom, L50, F|100/100\n|-fieldstart|move: Grassy Terrain|[from] ability: Grassy Surge|[of] p1a: Rillaboom\n|-enditem|p1b: Iron Bundle|Booster Energy\n|-activate|p1b: Iron Bundle|ability: Quark Drive|[fromitem]\n|-start|p1b: Iron Bundle|quarkdrivespe\n|turn|3\n|inactive|PesceSega has 30 seconds left.\n|inactive|PesceSega has 20 seconds left.\n|inactive|PesceSega has 15 seconds left.\n|inactive|PesceSega has 10 seconds left.\n|\n|t:|1746133851\n|move|p2a: Koraidon|Protect|p2a: Koraidon\n|-singleturn|p2a: Koraidon|Protect\n|move|p1b: Iron Bundle|Ice Beam|p2a: Koraidon\n|-activate|p2a: Koraidon|move: Protect\n|move|p2b: Flutter Mane|Icy Wind|p1a: Rillaboom|[spread] p1a,p1b\n|-supereffective|p1a: Rillaboom\n|-resisted|p1b: Iron Bundle\n|-damage|p1a: Rillaboom|78/100\n|-damage|p1b: Iron Bundle|92/100\n|-unboost|p1a: Rillaboom|spe|1\n|-unboost|p1b: Iron Bundle|spe|1\n|move|p1a: Rillaboom|Wood Hammer|p2b: Flutter Mane\n|-enditem|p2b: Flutter Mane|Focus Sash\n|-damage|p2b: Flutter Mane|1/100\n|-damage|p1a: Rillaboom|53/100|[from] Recoil\n|\n|-weather|SunnyDay|[upkeep]\n|-heal|p2b: Flutter Mane|7/100|[from] Grassy Terrain\n|-heal|p2a: Koraidon|14/100|[from] Grassy Terrain\n|-heal|p1b: Iron Bundle|98/100|[from] Grassy Terrain\n|-heal|p1a: Rillaboom|59/100|[from] Grassy Terrain\n|upkeep\n|turn|4\n|inactive|Urric has 30 seconds left.\n|\n|t:|1746133883\n|move|p2b: Flutter Mane|Protect|p2b: Flutter Mane\n|-singleturn|p2b: Flutter Mane|Protect\n|move|p1a: Rillaboom|Grassy Glide|p2a: Koraidon\n|-resisted|p2a: Koraidon\n|-damage|p2a: Koraidon|0 fnt\n|faint|p2a: Koraidon\n|move|p1b: Iron Bundle|Ice Beam|p2b: Flutter Mane\n|-activate|p2b: Flutter Mane|move: Protect\n|\n|-weather|SunnyDay|[upkeep]\n|-heal|p2b: Flutter Mane|13/100|[from] Grassy Terrain\n|-heal|p1b: Iron Bundle|100/100|[from] Grassy Terrain\n|-heal|p1a: Rillaboom|64/100|[from] Grassy Terrain\n|upkeep\n|\n|t:|1746133898\n|switch|p2a: Zacian|Zacian-Crowned, L50|100/100\n|-ability|p2a: Zacian|Intrepid Sword|boost\n|-boost|p2a: Zacian|atk|1\n|turn|5\n|\n|t:|1746133918\n|move|p1a: Rillaboom|Grassy Glide|p2b: Flutter Mane\n|-damage|p2b: Flutter Mane|0 fnt\n|faint|p2b: Flutter Mane\n|-end|p2b: Flutter Mane|Protosynthesis|[silent]\n|move|p2a: Zacian|Sacred Sword|p1b: Iron Bundle\n|-supereffective|p1b: Iron Bundle\n|-damage|p1b: Iron Bundle|0 fnt\n|faint|p1b: Iron Bundle\n|-end|p1b: Iron Bundle|Quark Drive|[silent]\n|\n|-weather|none\n|-heal|p1a: Rillaboom|70/100|[from] Grassy Terrain\n|upkeep\n|\n|t:|1746133928\n|switch|p2b: Chi-Yu|Chi-Yu, L50|100/100\n|-ability|p2b: Chi-Yu|Beads of Ruin\n|turn|6\n|-message|PesceSega forfeited.\n|\n|win|Urric\n|l|\u2606PesceSega\n|player|p1|\n", "uploadtime": 1746133935, "views": 6, "formatid": "gen9vgc2025regibo3", "rating": null, "private": 0, "password": null}