{"id": "gen9vgc2025regibo3-2353605916", "format": "[Gen 9] VGC 2025 Reg I (Bo3)", "players": ["Bmcqueen", "Jayson_Ubo"], "log": "|j|\u2606Bmcqueen\n|j|\u2606Jayson_Ubo\n|html|<table width=\"100%\"><tr><td align=\"left\">Bmcqueen</td><td align=\"right\">Jayson_Ubo</tr><tr><td align=\"left\"><i class=\"fa fa-circle\"></i> <i class=\"fa fa-circle-o\"></i> </td><td align=\"right\"><i class=\"fa fa-circle-o\"></i> <i class=\"fa fa-circle-o\"></i> </tr></table>\n|uhtml|bestof|<h2><strong>Game 2</strong> of <a href=\"/game-bestof3-gen9vgc2025regibo3-2353604254\">a best-of-3</a></h2>\n|t:|1745973715\n|gametype|doubles\n|player|p1|Bmcqueen|rood|1194\n|player|p2|Jayson_Ubo|hilbert|1218\n|teamsize|p1|6\n|teamsize|p2|6\n|gen|9\n|tier|[Gen 9] VGC 2025 Reg I (Bo3)\n|rated|\n|rule|Species Clause: Limit one of each Pok\u00e9mon\n|rule|Item Clause: Limit 1 of each item\n|clearpoke\n|poke|p1|Tyranitar, L50, F|\n|poke|p1|Excadrill, L50, F|\n|poke|p1|Farigiraf, L50, M|\n|poke|p1|Miraidon, L50|\n|poke|p1|Ho-Oh, L50|\n|poke|p1|Iron Bundle, L50|\n|poke|p2|Calyrex-Shadow, L50|\n|poke|p2|Koraidon, L50|\n|poke|p2|Landorus, L50, M|\n|poke|p2|Weezing-Galar, L50, M|\n|poke|p2|Dondozo, L50, M|\n|poke|p2|Tatsugiri-Droopy, L50, M|\n|teampreview|4\n|showteam|p1|Tyranitar||AssaultVest|SandStream|RockSlide,KnockOff,LowKick,TeraBlast|||F|||50|,,,,,Flying]Excadrill||LifeOrb|SandRush|HighHorsepower,Earthquake,IronHead,Protect|||F|||50|,,,,,Ground]Farigiraf||ElectricSeed|ArmorTail|Psychic,FoulPlay,TrickRoom,Imprison|||M|||50|,,,,,Steel]Miraidon||ChoiceSpecs|HadronEngine|ElectroDrift,DracoMeteor,VoltSwitch,DazzlingGleam||||||50|,,,,,Fairy]Ho-Oh||ClearAmulet|Regenerator|BraveBird,SacredFire,Tailwind,Protect||||||50|,,,,,Grass]Iron Bundle||FocusSash|QuarkDrive|FreezeDry,IcyWind,Encore,Protect||||||50|,,,,,Ghost\n|showteam|p2|Calyrex-Shadow||LifeOrb|AsOneSpectrier|AstralBarrage,Disable,Protect,Psychic||||||50|,,,,,Dark]Koraidon||AbilityShield|OrichalcumPulse|FlareBlitz,FlameCharge,Protect,CollisionCourse||||||50|,,,,,Fire]Landorus||ChoiceScarf|SandForce|EarthPower,SandsearStorm,Uturn,SludgeBomb|||M|||50|,,,,,Ghost]Weezing-Galar||MentalHerb|NeutralizingGas|StrangeSteam,ToxicSpikes,Protect,PoisonGas|||M|||50|,,,,,Dragon]Dondozo||Leftovers|Unaware|WaveCrash,OrderUp,Protect,BodyPress|||M|||50|,,,,,Grass]Tatsugiri-Droopy||FocusSash|Commander|DracoMeteor,IcyWind,Protect,MuddyWater|||M|||50|,,,,,Ghost\n|inactive|Battle timer is ON: inactive players will automatically lose when time's up. (requested by Jayson_Ubo)\n|inactive|Bmcqueen also wants the timer to be on.\n|\n|t:|1745973739\n|start\n|switch|p1a: Iron Bundle|Iron Bundle, L50|100/100\n|switch|p1b: Miraidon|Miraidon, L50|100/100\n|switch|p2a: Landorus|Landorus, L50, M|100/100\n|switch|p2b: Weezing|Weezing-Galar, L50, M|100/100\n|-ability|p2b: Weezing|Neutralizing Gas\n|turn|1\n|inactive|Bmcqueen has 30 seconds left.\n|\n|t:|1745973768\n|-terastallize|p2a: Landorus|Ghost\n|move|p2a: Landorus|Sandsear Storm|p1b: Miraidon|[spread] p1a,p1b\n|-supereffective|p1b: Miraidon\n|-damage|p1a: Iron Bundle|19/100\n|-damage|p1b: Miraidon|28/100\n|-status|p1a: Iron Bundle|brn\n|move|p1a: Iron Bundle|Icy Wind|p2a: Landorus|[spread] p2a,p2b\n|-damage|p2a: Landorus|73/100\n|-damage|p2b: Weezing|81/100\n|-unboost|p2a: Landorus|spe|1\n|-unboost|p2b: Weezing|spe|1\n|move|p1b: Miraidon|Volt Switch|p2a: Landorus\n|-damage|p2a: Landorus|0 fnt\n|faint|p2a: Landorus\n|\n|t:|1745973789\n|switch|p1b: Ho-Oh|Ho-Oh, L50|100/100|[from] Volt Switch\n|move|p2b: Weezing|Toxic Spikes|p1b: Ho-Oh\n|-sidestart|p1: Bmcqueen|move: Toxic Spikes\n|\n|-damage|p1a: Iron Bundle|13/100 brn|[from] brn\n|upkeep\n|\n|t:|1745973793\n|switch|p2a: Dondozo|Dondozo, L50, M|100/100\n|turn|2\n|inactive|Bmcqueen has 30 seconds left.\n|\n|t:|1745973819\n|move|p2a: Dondozo|Protect|p2a: Dondozo\n|-singleturn|p2a: Dondozo|Protect\n|move|p1a: Iron Bundle|Freeze-Dry|p2a: Dondozo\n|-activate|p2a: Dondozo|move: Protect\n|move|p1b: Ho-Oh|Tailwind|p1b: Ho-Oh\n|-sidestart|p1: Bmcqueen|move: Tailwind\n|move|p2b: Weezing|Poison Gas||[still]|[spread] p1a,p1b\n|-fail|p2b: Weezing\n|-status|p1b: Ho-Oh|psn\n|\n|-damage|p1b: Ho-Oh|88/100 psn|[from] psn\n|-damage|p1a: Iron Bundle|7/100 brn|[from] brn\n|upkeep\n|turn|3\n|\n|t:|1745973838\n|switch|p2a: Tatsugiri|Tatsugiri-Droopy, L50, M|100/100\n|move|p1a: Iron Bundle|Encore||[still]\n|-fail|p1a: Iron Bundle\n|move|p1b: Ho-Oh|Brave Bird|p2b: Weezing\n|-damage|p2b: Weezing|26/100\n|-damage|p1b: Ho-Oh|73/100 psn|[from] Recoil\n|move|p2b: Weezing|Strange Steam|p1a: Iron Bundle\n|-damage|p1a: Iron Bundle|0 fnt\n|faint|p1a: Iron Bundle\n|-end|p1a: Iron Bundle|Quark Drive|[silent]\n|\n|-damage|p1b: Ho-Oh|61/100 psn|[from] psn\n|upkeep\n|\n|t:|1745973858\n|switch|p1a: Tyranitar|Tyranitar, L50, F|100/100\n|-status|p1a: Tyranitar|psn\n|turn|4\n|\n|t:|1745973870\n|switch|p1b: Miraidon|Miraidon, L50|28/100\n|-status|p1b: Miraidon|psn\n|switch|p2a: Dondozo|Dondozo, L50, M|100/100\n|move|p1a: Tyranitar|Rock Slide|p2b: Weezing|[spread] p2a\n|-miss|p1a: Tyranitar|p2b: Weezing\n|-damage|p2a: Dondozo|79/100\n|move|p2b: Weezing|Strange Steam|p1a: Tyranitar\n|-supereffective|p1a: Tyranitar\n|-damage|p1a: Tyranitar|71/100 psn\n|\n|-heal|p2a: Dondozo|85/100|[from] item: Leftovers\n|-damage|p1b: Miraidon|15/100 psn|[from] psn\n|-damage|p1a: Tyranitar|58/100 psn|[from] psn\n|upkeep\n|turn|5\n|\n|t:|1745973893\n|switch|p1b: Ho-Oh|Ho-Oh, L50|61/100 psn\n|switch|p2a: Tatsugiri|Tatsugiri-Droopy, L50, M|100/100\n|move|p1a: Tyranitar|Knock Off|p2a: Tatsugiri\n|-enditem|p2a: Tatsugiri|Focus Sash\n|-damage|p2a: Tatsugiri|1/100\n|move|p2b: Weezing|Strange Steam|p1b: Ho-Oh\n|-resisted|p1b: Ho-Oh\n|-damage|p1b: Ho-Oh|52/100 psn\n|\n|-damage|p1b: Ho-Oh|40/100 psn|[from] psn\n|-damage|p1a: Tyranitar|46/100 psn|[from] psn\n|-sideend|p1: Bmcqueen|move: Tailwind\n|upkeep\n|turn|6\n|\n|t:|1745973913\n|switch|p2a: Dondozo|Dondozo, L50, M|85/100\n|move|p1b: Ho-Oh|Tailwind|p1b: Ho-Oh\n|-sidestart|p1: Bmcqueen|move: Tailwind\n|move|p1a: Tyranitar|Rock Slide|p2a: Dondozo|[spread] p2a,p2b\n|-damage|p2a: Dondozo|66/100\n|-damage|p2b: Weezing|0 fnt\n|faint|p2b: Weezing\n|-end|p2b: Weezing|ability: Neutralizing Gas\n|-weather|Sandstorm|[from] ability: Sand Stream|[of] p1a: Tyranitar\n|\n|-weather|Sandstorm|[upkeep]\n|-damage|p1b: Ho-Oh|34/100 psn|[from] Sandstorm\n|-damage|p2a: Dondozo|59/100|[from] Sandstorm\n|-heal|p2a: Dondozo|66/100|[from] item: Leftovers\n|-damage|p1b: Ho-Oh|22/100 psn|[from] psn\n|-damage|p1a: Tyranitar|34/100 psn|[from] psn\n|upkeep\n|\n|t:|1745973924\n|switch|p2b: Tatsugiri|Tatsugiri-Droopy, L50, M|1/100\n|-activate|p2b: Tatsugiri|ability: Commander|[of] p2a: Dondozo\n|-boost|p2a: Dondozo|atk|2\n|-boost|p2a: Dondozo|spa|2\n|-boost|p2a: Dondozo|spe|2\n|-boost|p2a: Dondozo|def|2\n|-boost|p2a: Dondozo|spd|2\n|turn|7\n|\n|t:|1745973949\n|switch|p1b: Miraidon|Miraidon, L50|15/100 psn\n|-fieldstart|move: Electric Terrain|[from] ability: Hadron Engine|[of] p1b: Miraidon\n|move|p2a: Dondozo|Order Up|p1b: Miraidon\n|-supereffective|p1b: Miraidon\n|-damage|p1b: Miraidon|0 fnt\n|faint|p1b: Miraidon\n|-boost|p2a: Dondozo|def|1\n|move|p1a: Tyranitar|Knock Off|p2a: Dondozo\n|-damage|p2a: Dondozo|50/100\n|-enditem|p2a: Dondozo|Leftovers|[from] move: Knock Off|[of] p1a: Tyranitar\n|\n|-weather|Sandstorm|[upkeep]\n|-damage|p2a: Dondozo|44/100|[from] Sandstorm\n|-damage|p2b: Tatsugiri|0 fnt|[from] Sandstorm\n|faint|p2b: Tatsugiri\n|-damage|p1a: Tyranitar|22/100 psn|[from] psn\n|upkeep\n|\n|t:|1745973970\n|switch|p1b: Ho-Oh|Ho-Oh, L50|55/100 psn\n|turn|8\n|\n|t:|1745973988\n|-terastallize|p1b: Ho-Oh|Grass\n|move|p1b: Ho-Oh|Sacred Fire|p2a: Dondozo\n|-resisted|p2a: Dondozo\n|-damage|p2a: Dondozo|37/100\n|move|p2a: Dondozo|Order Up|p1a: Tyranitar\n|-damage|p1a: Tyranitar|0 fnt\n|faint|p1a: Tyranitar\n|-boost|p2a: Dondozo|def|1\n|\n|-weather|Sandstorm|[upkeep]\n|-damage|p1b: Ho-Oh|50/100 psn|[from] Sandstorm\n|-damage|p2a: Dondozo|31/100|[from] Sandstorm\n|-damage|p1b: Ho-Oh|37/100 psn|[from] psn\n|upkeep\n|turn|9\n|\n|t:|1745974005\n|move|p2a: Dondozo|Protect|p2a: Dondozo\n|-singleturn|p2a: Dondozo|Protect\n|move|p1b: Ho-Oh|Brave Bird|p2a: Dondozo\n|-activate|p2a: Dondozo|move: Protect\n|\n|-weather|Sandstorm|[upkeep]\n|-damage|p1b: Ho-Oh|31/100 psn|[from] Sandstorm\n|-damage|p2a: Dondozo|24/100|[from] Sandstorm\n|-damage|p1b: Ho-Oh|19/100 psn|[from] psn\n|-sideend|p1: Bmcqueen|move: Tailwind\n|upkeep\n|turn|10\n|\n|t:|1745974024\n|move|p2a: Dondozo|Body Press|p1b: Ho-Oh\n|-damage|p1b: Ho-Oh|0 fnt\n|faint|p1b: Ho-Oh\n|\n|win|Jayson_Ubo\n|inactive|Bmcqueen has 30 seconds to confirm battle start!\n|inactive|Jayson_Ubo has 30 seconds to confirm battle start!\n|inactive|Bmcqueen has 20 seconds to confirm battle start!\n|inactive|Jayson_Ubo has 20 seconds to confirm battle start!\n||Jayson_Ubo is ready for game 3.\n|inactive|Bmcqueen has 10 seconds to confirm battle start!\n|inactive|Bmcqueen has 0 seconds to confirm battle start!\n|uhtml|next|Next: <a href=\"/battle-gen9vgc2025regibo3-2353608940\"><strong>Game 3 of 3</strong></a>\n|l|\u2606Jayson_Ubo\n|player|p2|\n", "uploadtime": 1745974425, "views": 6, "formatid": "gen9vgc2025regibo3", "rating": null, "private": 0, "password": null}