{"id": "gen9vgc2025regibo3-2354398789", "format": "[Gen 9] VGC 2025 Reg I (Bo3)", "players": ["onya nurve", "chappell murkroan"], "log": "|j|\u2606onya nurve\n|j|\u2606chappell murkroan\n|html|<table width=\"100%\"><tr><td align=\"left\">onya nurve</td><td align=\"right\">chappell murkroan</tr><tr><td align=\"left\"><i class=\"fa fa-circle\"></i> <i class=\"fa fa-circle-o\"></i> </td><td align=\"right\"><i class=\"fa fa-circle-o\"></i> <i class=\"fa fa-circle-o\"></i> </tr></table>\n|uhtml|bestof|<h2><strong>Game 2</strong> of <a href=\"/game-bestof3-gen9vgc2025regibo3-2354396585\">a best-of-3</a></h2>\n|t:|1746066531\n|gametype|doubles\n|player|p1|onya nurve|winona|1339\n|player|p2|chappell murkroan|caitlin|1322\n|teamsize|p1|6\n|teamsize|p2|6\n|gen|9\n|tier|[Gen 9] VGC 2025 Reg I (Bo3)\n|rated|\n|rule|Species Clause: Limit one of each Pok\u00e9mon\n|rule|Item Clause: Limit 1 of each item\n|clearpoke\n|poke|p1|Koraidon, L50|\n|poke|p1|Lunala, L50|\n|poke|p1|Incineroar, L50, F|\n|poke|p1|Amoonguss, L50, F|\n|poke|p1|Flutter Mane, L50|\n|poke|p1|Ursaluna, L50, F|\n|poke|p2|Ho-Oh, L50|\n|poke|p2|Miraidon, L50|\n|poke|p2|Urshifu-*, L50, F|\n|poke|p2|Chien-Pao, L50|\n|poke|p2|Farigiraf, L50, F|\n|poke|p2|Iron Hands, L50|\n|teampreview|4\n|showteam|p1|Koraidon||LifeOrb|OrichalcumPulse|FlareBlitz,CloseCombat,FlameCharge,Protect||||||50|,,,,,Fire]Lunala||Leftovers|ShadowShield|Moonblast,MoongeistBeam,TrickRoom,WideGuard||||||50|,,,,,Fairy]Incineroar||SafetyGoggles|Intimidate|FakeOut,FlareBlitz,KnockOff,PartingShot|||F|||50|,,,,,Bug]Amoonguss||CovertCloak|Regenerator|Spore,RagePowder,PollenPuff,Protect|||F|||50|,,,,,Dark]Flutter Mane||FocusSash|Protosynthesis|Moonblast,ShadowBall,IcyWind,Protect||||||50|,,,,,Normal]Ursaluna||FlameOrb|Guts|HeadlongRush,Facade,Earthquake,Protect|||F|||50|,,,,,Ghost\n|showteam|p2|Ho-Oh||ClearAmulet|Regenerator|SacredFire,Tailwind,BraveBird,Protect||||||50|,,,,,Grass]Miraidon||ChoiceSpecs|HadronEngine|ElectroDrift,VoltSwitch,DracoMeteor,DazzlingGleam||||||50|,,,,,Fairy]Urshifu-Rapid-Strike||MysticWater|UnseenFist|SurgingStrikes,AquaJet,Taunt,Detect|||F|||50|,,,,,Water]Chien-Pao||FocusSash|SwordofRuin|IcicleCrash,Crunch,SuckerPunch,Protect||||||50|,,,,,Stellar]Farigiraf||ElectricSeed|ArmorTail|FoulPlay,Psychic,TrickRoom,HelpingHand|||F|||50|,,,,,Water]Iron Hands||AssaultVest|QuarkDrive|LowKick,DrainPunch,HeavySlam,FakeOut||||||50|,,,,,Water\n|inactive|Battle timer is ON: inactive players will automatically lose when time's up. (requested by chappell murkroan)\n|inactive|onya nurve has 60 seconds left.\n|inactive|chappell murkroan has 60 seconds left.\n|\n|t:|1746066579\n|start\n|switch|p1a: Amoonguss|Amoonguss, L50, F|100/100\n|switch|p1b: Lunala|Lunala, L50|100/100\n|switch|p2a: Ho-Oh|Ho-Oh, L50|100/100\n|switch|p2b: Miraidon|Miraidon, L50|100/100\n|-fieldstart|move: Electric Terrain|[from] ability: Hadron Engine|[of] p2b: Miraidon\n|turn|1\n|inactive|chappell murkroan has 30 seconds left.\n|\n|t:|1746066608\n|move|p1a: Amoonguss|Rage Powder|p1a: Amoonguss\n|-singleturn|p1a: Amoonguss|move: Rage Powder\n|move|p2b: Miraidon|Volt Switch|p1a: Amoonguss\n|-resisted|p1a: Amoonguss\n|-damage|p1a: Amoonguss|57/100\n|\n|t:|1746066613\n|switch|p2b: Farigiraf|Farigiraf, L50, F|100/100|[from] Volt Switch\n|-enditem|p2b: Farigiraf|Electric Seed\n|-boost|p2b: Farigiraf|def|1|[from] item: Electric Seed\n|move|p2a: Ho-Oh|Brave Bird|p1a: Amoonguss\n|-supereffective|p1a: Amoonguss\n|-damage|p1a: Amoonguss|0 fnt\n|faint|p1a: Amoonguss\n|-damage|p2a: Ho-Oh|81/100|[from] Recoil\n|move|p1b: Lunala|Trick Room|p1b: Lunala\n|-fieldstart|move: Trick Room|[of] p1b: Lunala\n|\n|upkeep\n|\n|t:|1746066630\n|switch|p1a: Ursaluna|Ursaluna, L50, F|100/100\n|turn|2\n|inactive|onya nurve has 30 seconds left.\n|inactive|onya nurve has 20 seconds left.\n|\n|t:|1746066667\n|-terastallize|p1b: Lunala|Fairy\n|move|p1a: Ursaluna|Facade|p2b: Farigiraf\n|-damage|p2b: Farigiraf|79/100\n|move|p2b: Farigiraf|Foul Play|p1b: Lunala\n|-resisted|p1b: Lunala\n|-damage|p1b: Lunala|96/100\n|move|p2a: Ho-Oh|Brave Bird|p1b: Lunala\n|-damage|p1b: Lunala|52/100\n|-damage|p2a: Ho-Oh|66/100|[from] Recoil\n|move|p1b: Lunala|Moongeist Beam|p2b: Farigiraf\n|-immune|p2b: Farigiraf\n|\n|-heal|p1b: Lunala|58/100|[from] item: Leftovers\n|-status|p1a: Ursaluna|brn|[from] item: Flame Orb\n|upkeep\n|turn|3\n|\n|t:|1746066691\n|move|p1a: Ursaluna|Facade|p2b: Farigiraf\n|-damage|p2b: Farigiraf|22/100\n|move|p2a: Ho-Oh|Brave Bird|p1a: Ursaluna\n|-damage|p1a: Ursaluna|60/100 brn\n|-damage|p2a: Ho-Oh|51/100|[from] Recoil\n|move|p1b: Lunala|Moonblast|p2b: Farigiraf\n|-damage|p2b: Farigiraf|0 fnt\n|faint|p2b: Farigiraf\n|\n|-heal|p1b: Lunala|64/100|[from] item: Leftovers\n|-damage|p1a: Ursaluna|54/100 brn|[from] brn\n|upkeep\n|\n|t:|1746066706\n|switch|p2b: Chien-Pao|Chien-Pao, L50|100/100\n|-ability|p2b: Chien-Pao|Sword of Ruin\n|turn|4\n|inactive|onya nurve has 30 seconds left.\n|\n|t:|1746066732\n|switch|p1b: Incineroar|Incineroar, L50, F|100/100\n|-ability|p1b: Incineroar|Intimidate|boost\n|-fail|p2a: Ho-Oh|unboost|[from] item: Clear Amulet|[of] p2a: Ho-Oh\n|-unboost|p2b: Chien-Pao|atk|1\n|move|p1a: Ursaluna|Protect|p1a: Ursaluna\n|-singleturn|p1a: Ursaluna|Protect\n|move|p2a: Ho-Oh|Protect|p2a: Ho-Oh\n|-singleturn|p2a: Ho-Oh|Protect\n|move|p2b: Chien-Pao|Protect||[still]\n|-fail|p2b: Chien-Pao\n|\n|-damage|p1a: Ursaluna|48/100 brn|[from] brn\n|upkeep\n|turn|5\n|\n|t:|1746066753\n|switch|p1b: Lunala|Lunala, L50, tera:Fairy|64/100\n|move|p1a: Ursaluna|Facade|p2a: Ho-Oh\n|-damage|p2a: Ho-Oh|0 fnt\n|faint|p2a: Ho-Oh\n|move|p2b: Chien-Pao|Icicle Crash|p1a: Ursaluna\n|-supereffective|p1a: Ursaluna\n|-damage|p1a: Ursaluna|0 fnt\n|faint|p1a: Ursaluna\n|\n|-heal|p1b: Lunala|70/100|[from] item: Leftovers\n|-fieldend|move: Trick Room\n|-fieldend|move: Electric Terrain\n|upkeep\n|\n|t:|1746066762\n|switch|p2a: Miraidon|Miraidon, L50|100/100\n|switch|p1a: Incineroar|Incineroar, L50, F|100/100\n|-fieldstart|move: Electric Terrain|[from] ability: Hadron Engine|[of] p2a: Miraidon\n|-ability|p1a: Incineroar|Intimidate|boost\n|-unboost|p2a: Miraidon|atk|1\n|-unboost|p2b: Chien-Pao|atk|1\n|turn|6\n|\n|t:|1746066772\n|-terastallize|p2a: Miraidon|Fairy\n|move|p1a: Incineroar|Fake Out|p2a: Miraidon\n|-damage|p2a: Miraidon|87/100\n|move|p2b: Chien-Pao|Icicle Crash|p1b: Lunala\n|-damage|p1b: Lunala|44/100\n|cant|p2a: Miraidon|flinch\n|move|p1b: Lunala|Moonblast|p2a: Miraidon\n|-damage|p2a: Miraidon|37/100\n|\n|-heal|p1b: Lunala|50/100|[from] item: Leftovers\n|upkeep\n|turn|7\n|\n|t:|1746066787\n|move|p2b: Chien-Pao|Icicle Crash|p1a: Incineroar\n|-resisted|p1a: Incineroar\n|-damage|p1a: Incineroar|91/100\n|move|p2a: Miraidon|Electro Drift|p1b: Lunala\n|-damage|p1b: Lunala|0 fnt\n|faint|p1b: Lunala\n|cant|p1a: Incineroar|flinch\n|\n|upkeep\n|turn|8\n|\n|t:|1746066803\n|move|p2b: Chien-Pao|Icicle Crash|p1a: Incineroar\n|-resisted|p1a: Incineroar\n|-damage|p1a: Incineroar|80/100\n|move|p2a: Miraidon|Electro Drift|p1a: Incineroar\n|-damage|p1a: Incineroar|0 fnt\n|faint|p1a: Incineroar\n|\n|win|chappell murkroan\n|inactive|onya nurve has 30 seconds to confirm battle start!\n|inactive|chappell murkroan has 30 seconds to confirm battle start!\n||onya nurve is ready for game 3.\n||chappell murkroan is ready for game 3.\n|uhtml|next|Next: <a href=\"/battle-gen9vgc2025regibo3-2354401110\"><strong>Game 3 of 3</strong></a>\n", "uploadtime": 1746066824, "views": 53, "formatid": "gen9vgc2025regibo3", "rating": null, "private": 0, "password": null}