{"id": "gen9vgc2025regibo3-2354260298", "format": "[Gen 9] VGC 2025 Reg I (Bo3)", "players": ["pfedd", "Jesucrit0"], "log": "|j|\u2606pfedd\n|j|\u2606Jesucrit0\n|html|<table width=\"100%\"><tr><td align=\"left\">pfedd</td><td align=\"right\">Jesucrit0</tr><tr><td align=\"left\"><i class=\"fa fa-circle-o\"></i> <i class=\"fa fa-circle-o\"></i> </td><td align=\"right\"><i class=\"fa fa-circle-o\"></i> <i class=\"fa fa-circle\"></i> </tr></table>\n|uhtml|bestof|<h2><strong>Game 2</strong> of <a href=\"/game-bestof3-gen9vgc2025regibo3-2354257695\">a best-of-3</a></h2>\n|t:|1746050135\n|gametype|doubles\n|player|p1|pfedd|benga|1109\n|player|p2|Jesucrit0|buck|1105\n|teamsize|p1|6\n|teamsize|p2|6\n|gen|9\n|tier|[Gen 9] VGC 2025 Reg I (Bo3)\n|rated|\n|rule|Species Clause: Limit one of each Pok\u00e9mon\n|rule|Item Clause: Limit 1 of each item\n|clearpoke\n|poke|p1|Calyrex-Shadow, L50|\n|poke|p1|Koraidon, L50|\n|poke|p1|Raging Bolt, L50|\n|poke|p1|Walking Wake, L50|\n|poke|p1|Incineroar, L50, M|\n|poke|p1|Rillaboom, L50, F|\n|poke|p2|Palkia-Origin, L50|\n|poke|p2|Farigiraf, L50, M|\n|poke|p2|Calyrex-Ice, L50|\n|poke|p2|Rillaboom, L50, F|\n|poke|p2|Urshifu-*, L50, F|\n|poke|p2|Chi-Yu, L50|\n|teampreview|4\n|showteam|p1|Calyrex-Shadow||SpellTag|AsOneSpectrier|AstralBarrage,Psychic,DrainingKiss,Protect||||||50|,,,,,Fairy]Koraidon||ClearAmulet|OrichalcumPulse|CloseCombat,FlareBlitz,FlameCharge,Protect||||||50|,,,,,Fire]Raging Bolt||AssaultVest|Protosynthesis|Thunderclap,DracoMeteor,VoltSwitch,Electroweb||||||50|,,,,,Fairy]Walking Wake||LifeOrb|Protosynthesis|HydroSteam,DracoMeteor,Flamethrower,Protect||||||50|,,,,,Fire]Incineroar||SafetyGoggles|Intimidate|FakeOut,FlareBlitz,KnockOff,Protect|||M|||50|,,,,,Ghost]Rillaboom||SitrusBerry|GrassySurge|GrassyGlide,WoodHammer,FakeOut,Uturn|||F|||50|,,,,,Ghost\n|showteam|p2|Palkia-Origin||LustrousGlobe|Pressure|SpacialRend,Protect,HydroPump,DracoMeteor||||||50|,,,,,Fairy]Farigiraf||SafetyGoggles|ArmorTail|FoulPlay,Psychic,HelpingHand,TrickRoom|||M|||50|,,,,,Water]Calyrex-Ice||ClearAmulet|AsOneGlastrier|GlacialLance,HighHorsepower,Protect,TrickRoom||||||50|,,,,,Fairy]Rillaboom||AssaultVest|GrassySurge|GrassyGlide,WoodHammer,FakeOut,Uturn|||F|||50|,,,,,Fire]Urshifu-Rapid-Strike||MysticWater|UnseenFist|SurgingStrikes,CloseCombat,Protect,AquaJet|||F|||50|,,,,,Water]Chi-Yu||ChoiceScarf|BeadsofRuin|HeatWave,Overheat,DarkPulse,Snarl||||||50|,,,,,Fire\n|inactive|Battle timer is ON: inactive players will automatically lose when time's up. (requested by pfedd)\n|\n|t:|1746050181\n|start\n|switch|p1a: Koraidon|Koraidon, L50|100/100\n|switch|p1b: Daniel|Rillaboom, L50, F|100/100\n|switch|p2a: Wolfeyvgc|Farigiraf, L50, M|100/100\n|switch|p2b: Sing about me|Palkia-Origin, L50, shiny|100/100\n|-weather|SunnyDay|[from] ability: Orichalcum Pulse|[of] p1a: Koraidon\n|-activate|p1a: Koraidon|Orichalcum Pulse|[source]\n|-ability|p2b: Sing about me|Pressure\n|-fieldstart|move: Grassy Terrain|[from] ability: Grassy Surge|[of] p1b: Daniel\n|turn|1\n|inactive|pfedd has 30 seconds left.\n|inactive|Jesucrit0 has 30 seconds left.\n|inactive|pfedd has 20 seconds left.\n|inactive|Jesucrit0 has 20 seconds left.\n|inactive|Jesucrit0 has 15 seconds left.\n|\n|t:|1746050226\n|move|p1a: Koraidon|Protect|p1a: Koraidon\n|-singleturn|p1a: Koraidon|Protect\n|move|p2b: Sing about me|Protect|p2b: Sing about me\n|-singleturn|p2b: Sing about me|Protect\n|move|p1b: Daniel|Wood Hammer|p2b: Sing about me\n|-activate|p2b: Sing about me|move: Protect\n|move|p2a: Wolfeyvgc|Trick Room|p2a: Wolfeyvgc\n|-fieldstart|move: Trick Room|[of] p2a: Wolfeyvgc\n|\n|-weather|SunnyDay|[upkeep]\n|upkeep\n|turn|2\n|inactive|Jesucrit0 has 30 seconds left.\n|inactive|Jesucrit0 has 20 seconds left.\n|inactive|Jesucrit0 has 15 seconds left.\n|\n|t:|1746050268\n|switch|p1a: Reeses Puffs|Incineroar, L50, M|100/100\n|-ability|p1a: Reeses Puffs|Intimidate|boost\n|-unboost|p2a: Wolfeyvgc|atk|1\n|-unboost|p2b: Sing about me|atk|1\n|move|p2a: Wolfeyvgc|Helping Hand|p2b: Sing about me\n|-singleturn|p2b: Sing about me|Helping Hand|[of] p2a: Wolfeyvgc\n|move|p1b: Daniel|Wood Hammer|p2b: Sing about me\n|-damage|p2b: Sing about me|26/100\n|-damage|p1b: Daniel|79/100|[from] Recoil\n|move|p2b: Sing about me|Draco Meteor|p1a: Reeses Puffs\n|-damage|p1a: Reeses Puffs|0 fnt\n|-unboost|p2b: Sing about me|spa|2\n|faint|p1a: Reeses Puffs\n|\n|-weather|SunnyDay|[upkeep]\n|-heal|p1b: Daniel|85/100|[from] Grassy Terrain\n|-heal|p2b: Sing about me|32/100|[from] Grassy Terrain\n|upkeep\n|\n|t:|1746050286\n|switch|p1a: Koraidon|Koraidon, L50|100/100\n|-activate|p1a: Koraidon|ability: Orichalcum Pulse\n|turn|3\n|inactive|Jesucrit0 has 30 seconds left.\n|\n|t:|1746050311\n|switch|p2a: iShowSpeed|Calyrex-Ice, L50|100/100\n|-ability|p2a: iShowSpeed|As One\n|-ability|p2a: iShowSpeed|Unnerve\n|move|p2b: Sing about me|Protect|p2b: Sing about me\n|-singleturn|p2b: Sing about me|Protect\n|move|p1a: Koraidon|Protect|p1a: Koraidon\n|-singleturn|p1a: Koraidon|Protect\n|move|p1b: Daniel|Wood Hammer|p2b: Sing about me\n|-activate|p2b: Sing about me|move: Protect\n|\n|-weather|SunnyDay|[upkeep]\n|-heal|p1b: Daniel|91/100|[from] Grassy Terrain\n|-heal|p2b: Sing about me|38/100|[from] Grassy Terrain\n|upkeep\n|turn|4\n|inactive|pfedd has 30 seconds left.\n|inactive|Jesucrit0 has 30 seconds left.\n|\n|t:|1746050345\n|switch|p2b: Wolfeyvgc|Farigiraf, L50, M|100/100\n|switch|p1a: Walking Wake|Walking Wake, L50|100/100\n|-activate|p1a: Walking Wake|ability: Protosynthesis\n|-start|p1a: Walking Wake|protosynthesisspa\n|-terastallize|p2a: iShowSpeed|Fairy\n|move|p2a: iShowSpeed|High Horsepower|p1a: Walking Wake\n|-damage|p1a: Walking Wake|58/100\n|move|p1b: Daniel|Wood Hammer|p2b: Wolfeyvgc\n|-damage|p2b: Wolfeyvgc|38/100\n|-damage|p1b: Daniel|69/100|[from] Recoil\n|\n|-weather|SunnyDay|[upkeep]\n|-heal|p2b: Wolfeyvgc|44/100|[from] Grassy Terrain\n|-heal|p1b: Daniel|74/100|[from] Grassy Terrain\n|-heal|p1a: Walking Wake|64/100|[from] Grassy Terrain\n|upkeep\n|turn|5\n|inactive|pfedd has 30 seconds left.\n|inactive|Jesucrit0 has 30 seconds left.\n|inactive|Jesucrit0 has 20 seconds left.\n|inactive|Jesucrit0 has 15 seconds left.\n|\n|t:|1746050391\n|move|p2b: Wolfeyvgc|Helping Hand|p2a: iShowSpeed\n|-singleturn|p2a: iShowSpeed|Helping Hand|[of] p2b: Wolfeyvgc\n|move|p1a: Walking Wake|Protect|p1a: Walking Wake\n|-singleturn|p1a: Walking Wake|Protect\n|move|p2a: iShowSpeed|Glacial Lance|p1a: Walking Wake|[spread] p1b\n|-activate|p1a: Walking Wake|move: Protect\n|-supereffective|p1b: Daniel\n|-damage|p1b: Daniel|0 fnt\n|faint|p1b: Daniel\n|-ability|p2a: iShowSpeed|Chilling Neigh|boost\n|-boost|p2a: iShowSpeed|atk|1\n|\n|-weather|none\n|-end|p1a: Walking Wake|Protosynthesis\n|-heal|p2b: Wolfeyvgc|50/100|[from] Grassy Terrain\n|-heal|p1a: Walking Wake|69/100|[from] Grassy Terrain\n|-fieldend|move: Trick Room\n|-fieldend|move: Grassy Terrain\n|upkeep\n|\n|t:|1746050400\n|switch|p1b: Koraidon|Koraidon, L50|100/100\n|-weather|SunnyDay|[from] ability: Orichalcum Pulse|[of] p1b: Koraidon\n|-activate|p1a: Walking Wake|ability: Protosynthesis\n|-start|p1a: Walking Wake|protosynthesisspa\n|-activate|p1b: Koraidon|Orichalcum Pulse|[source]\n|turn|6\n|inactive|Jesucrit0 has 30 seconds left.\n|inactive|Jesucrit0 has 20 seconds left.\n|\n|t:|1746050438\n|-terastallize|p1b: Koraidon|Fire\n|move|p2a: iShowSpeed|Protect|p2a: iShowSpeed\n|-singleturn|p2a: iShowSpeed|Protect\n|move|p1b: Koraidon|Flare Blitz|p2a: iShowSpeed\n|-activate|p2a: iShowSpeed|move: Protect\n|move|p1a: Walking Wake|Hydro Steam|p2b: Wolfeyvgc\n|-damage|p2b: Wolfeyvgc|0 fnt\n|faint|p2b: Wolfeyvgc\n|-damage|p1a: Walking Wake|60/100|[from] item: Life Orb\n|\n|-weather|SunnyDay|[upkeep]\n|upkeep\n|inactive|Jesucrit0 has 30 seconds left.\n|\n|t:|1746050473\n|switch|p2b: 200mph|Urshifu-Rapid-Strike, L50, F|100/100\n|turn|7\n|\n|t:|1746050489\n|move|p1b: Koraidon|Flare Blitz|p2a: iShowSpeed\n|-damage|p2a: iShowSpeed|15/100\n|-damage|p1b: Koraidon|67/100|[from] Recoil\n|move|p1a: Walking Wake|Draco Meteor|p2b: 200mph\n|-damage|p2b: 200mph|0 fnt\n|-unboost|p1a: Walking Wake|spa|2\n|faint|p2b: 200mph\n|-damage|p1a: Walking Wake|50/100|[from] item: Life Orb\n|move|p2a: iShowSpeed|High Horsepower|p1b: Koraidon\n|-supereffective|p1b: Koraidon\n|-damage|p1b: Koraidon|0 fnt\n|faint|p1b: Koraidon\n|-ability|p2a: iShowSpeed|Chilling Neigh|boost\n|-boost|p2a: iShowSpeed|atk|1\n|\n|-weather|SunnyDay|[upkeep]\n|upkeep\n|\n|t:|1746050505\n|switch|p2b: Sing about me|Palkia-Origin, L50, shiny|38/100\n|-ability|p2b: Sing about me|Pressure\n|turn|8\n|-message|pfedd forfeited.\n|\n|win|Jesucrit0\n|raw|pfedd's rating: 1109 &rarr; <strong>1084</strong><br />(-25 for losing)\n|raw|Jesucrit0's rating: 1105 &rarr; <strong>1130</strong><br />(+25 for winning)\n|l|\u2606pfedd\n|player|p1|\n", "uploadtime": 1746050538, "views": 6, "formatid": "gen9vgc2025regibo3", "rating": 1084, "private": 0, "password": null}