{"id": "gen9vgc2025regibo3-2353992570", "format": "[Gen 9] VGC 2025 Reg I (Bo3)", "players": ["DrXJ13", "sergio23perez"], "log": "|j|\u2606DrXJ13\n|j|\u2606sergio23perez\n|html|<table width=\"100%\"><tr><td align=\"left\">DrXJ13</td><td align=\"right\">sergio23perez</tr><tr><td align=\"left\"><i class=\"fa fa-circle-o\"></i> <i class=\"fa fa-circle-o\"></i> </td><td align=\"right\"><i class=\"fa fa-circle-o\"></i> <i class=\"fa fa-circle\"></i> </tr></table>\n|uhtml|bestof|<h2><strong>Game 2</strong> of <a href=\"/game-bestof3-gen9vgc2025regibo3-2353990976\">a best-of-3</a></h2>\n|t:|1746025676\n|gametype|doubles\n|player|p1|DrXJ13|clair|1073\n|player|p2|sergio23perez|1|1145\n|teamsize|p1|6\n|teamsize|p2|6\n|gen|9\n|tier|[Gen 9] VGC 2025 Reg I (Bo3)\n|rated|\n|rule|Species Clause: Limit one of each Pok\u00e9mon\n|rule|Item Clause: Limit 1 of each item\n|clearpoke\n|poke|p1|Koraidon, L50|\n|poke|p1|Jumpluff, L50, M|\n|poke|p1|Porygon2, L50|\n|poke|p1|Ursaluna, L50, M|\n|poke|p1|Palkia, L50|\n|poke|p1|Incineroar, L50, F|\n|poke|p2|Miraidon, L50|\n|poke|p2|Ho-Oh, L50|\n|poke|p2|Urshifu-*, L50, F|\n|poke|p2|Iron Hands, L50|\n|poke|p2|Iron Treads, L50|\n|poke|p2|Farigiraf, L50, M|\n|teampreview|4\n|showteam|p1|Koraidon||LifeOrb|OrichalcumPulse|FlameCharge,FlareBlitz,CloseCombat,Protect||||||50|,,,,,Fire]Jumpluff||CovertCloak|Chlorophyll|Tailwind,SleepPowder,SunnyDay,RagePowder|||M|||50|,,,,,Dark]Porygon2||Eviolite|Download|IceBeam,TeraBlast,TrickRoom,Recover||||||50|,,,,,Poison]Ursaluna||FlameOrb|Guts|Facade,HeadlongRush,Earthquake,Protect|||M|||50|,,,,,Ghost]Palkia||LustrousOrb|Telepathy|SpacialRend,Flamethrower,TrickRoom,Protect||||||50|,,,,,Fire]Incineroar||SafetyGoggles|Intimidate|FakeOut,FlareBlitz,KnockOff,PartingShot|||F|||50|,,,,,Ghost\n|showteam|p2|Miraidon||ChoiceSpecs|HadronEngine|DazzlingGleam,ElectroDrift,DracoMeteor,VoltSwitch||||||50|,,,,,Fairy]Ho-Oh||ClearAmulet|Regenerator|Tailwind,Protect,SacredFire,BraveBird||||||50|,,,,,Grass]Urshifu||FocusSash|UnseenFist|WickedBlow,SuckerPunch,CloseCombat,Detect|||F|||50|,,,,,Dark]Iron Hands||AssaultVest|QuarkDrive|DrainPunch,LowKick,HeavySlam,FakeOut||||||50|,,,,,Poison]Iron Treads||ChoiceBand|QuarkDrive|HighHorsepower,IronHead,SteelRoller,RockSlide||||||50|,,,,,Ghost]Farigiraf||ElectricSeed|ArmorTail|Psychic,Roar,TrickRoom,HelpingHand|||M|||50|,,,,,Water\n|inactive|Battle timer is ON: inactive players will automatically lose when time's up. (requested by DrXJ13)\n|inactive|sergio23perez has 60 seconds left.\n|\n|t:|1746025708\n|start\n|switch|p1a: Chorizo|Incineroar, L50, F|100/100\n|switch|p1b: Koraidon|Koraidon, L50|100/100\n|switch|p2a: radicalqueen|Urshifu, L50, F|100/100\n|switch|p2b: Miraidon|Miraidon, L50|100/100\n|-weather|SunnyDay|[from] ability: Orichalcum Pulse|[of] p1b: Koraidon\n|-activate|p1b: Koraidon|Orichalcum Pulse|[source]\n|-fieldstart|move: Electric Terrain|[from] ability: Hadron Engine|[of] p2b: Miraidon\n|-ability|p1a: Chorizo|Intimidate|boost\n|-unboost|p2a: radicalqueen|atk|1\n|-unboost|p2b: Miraidon|atk|1\n|turn|1\n|inactive|DrXJ13 has 30 seconds left.\n|\n|t:|1746025738\n|switch|p2b: Ho-Oh|Ho-Oh, L50|100/100\n|-terastallize|p1b: Koraidon|Fire\n|move|p2a: radicalqueen|Detect|p2a: radicalqueen\n|-singleturn|p2a: radicalqueen|Protect\n|move|p1a: Chorizo|Fake Out|p2b: Ho-Oh\n|-damage|p2b: Ho-Oh|90/100\n|move|p1b: Koraidon|Flame Charge|p2b: Ho-Oh\n|-resisted|p2b: Ho-Oh\n|-damage|p2b: Ho-Oh|51/100\n|-boost|p1b: Koraidon|spe|1\n|-damage|p1b: Koraidon|91/100|[from] item: Life Orb\n|\n|-weather|SunnyDay|[upkeep]\n|upkeep\n|turn|2\n|inactive|DrXJ13 has 30 seconds left.\n|\n|t:|1746025765\n|move|p1b: Koraidon|Close Combat|p2a: radicalqueen\n|-supereffective|p2a: radicalqueen\n|-enditem|p2a: radicalqueen|Focus Sash\n|-damage|p2a: radicalqueen|1/100\n|-unboost|p1b: Koraidon|def|1\n|-unboost|p1b: Koraidon|spd|1\n|-damage|p1b: Koraidon|81/100|[from] item: Life Orb\n|move|p2a: radicalqueen|Close Combat|p1a: Chorizo\n|-supereffective|p1a: Chorizo\n|-damage|p1a: Chorizo|23/100\n|-unboost|p2a: radicalqueen|def|1\n|-unboost|p2a: radicalqueen|spd|1\n|move|p2b: Ho-Oh|Brave Bird|p1a: Chorizo\n|-damage|p1a: Chorizo|0 fnt\n|faint|p1a: Chorizo\n|-damage|p2b: Ho-Oh|44/100|[from] Recoil\n|\n|-weather|SunnyDay|[upkeep]\n|upkeep\n|\n|t:|1746025780\n|switch|p1a: Jalape\u00f1o|Jumpluff, L50, M|100/100\n|turn|3\n|\n|t:|1746025788\n|move|p2b: Ho-Oh|Protect|p2b: Ho-Oh\n|-singleturn|p2b: Ho-Oh|Protect\n|move|p2a: radicalqueen|Sucker Punch|p1b: Koraidon\n|-damage|p1b: Koraidon|45/100\n|move|p1a: Jalape\u00f1o|Sleep Powder|p2b: Ho-Oh\n|-activate|p2b: Ho-Oh|move: Protect\n|move|p1b: Koraidon|Flame Charge|p2a: radicalqueen\n|-damage|p2a: radicalqueen|0 fnt\n|-boost|p1b: Koraidon|spe|1\n|faint|p2a: radicalqueen\n|-damage|p1b: Koraidon|35/100|[from] item: Life Orb\n|\n|-weather|SunnyDay|[upkeep]\n|upkeep\n|\n|t:|1746025802\n|switch|p2a: Miraidon|Miraidon, L50|100/100\n|-activate|p2a: Miraidon|ability: Hadron Engine\n|turn|4\n|\n|t:|1746025816\n|switch|p2b: crimsonracer|Iron Treads, L50, shiny|100/100\n|-activate|p2b: crimsonracer|ability: Quark Drive\n|-start|p2b: crimsonracer|quarkdrivespe\n|move|p1a: Jalape\u00f1o|Rage Powder|p1a: Jalape\u00f1o\n|-singleturn|p1a: Jalape\u00f1o|move: Rage Powder\n|move|p1b: Koraidon|Close Combat|p2a: Miraidon\n|-damage|p2a: Miraidon|0 fnt\n|-unboost|p1b: Koraidon|def|1\n|-unboost|p1b: Koraidon|spd|1\n|faint|p2a: Miraidon\n|-damage|p1b: Koraidon|26/100|[from] item: Life Orb\n|\n|-weather|SunnyDay|[upkeep]\n|upkeep\n|\n|t:|1746025825\n|switch|p2a: Ho-Oh|Ho-Oh, L50|77/100\n|turn|5\n|\n|t:|1746025834\n|move|p1b: Koraidon|Protect|p1b: Koraidon\n|-singleturn|p1b: Koraidon|Protect\n|move|p1a: Jalape\u00f1o|Tailwind|p1a: Jalape\u00f1o\n|-sidestart|p1: DrXJ13|move: Tailwind\n|move|p2b: crimsonracer|Rock Slide|p1a: Jalape\u00f1o|[spread] p1a\n|-activate|p1b: Koraidon|move: Protect\n|-supereffective|p1a: Jalape\u00f1o\n|-damage|p1a: Jalape\u00f1o|33/100\n|move|p2a: Ho-Oh|Brave Bird|p1a: Jalape\u00f1o\n|-supereffective|p1a: Jalape\u00f1o\n|-damage|p1a: Jalape\u00f1o|0 fnt\n|faint|p1a: Jalape\u00f1o\n|-damage|p2a: Ho-Oh|68/100|[from] Recoil\n|\n|-weather|none\n|-fieldend|move: Electric Terrain\n|-end|p2b: crimsonracer|Quark Drive\n|upkeep\n|\n|t:|1746025837\n|switch|p1a: Palkia|Palkia, L50|100/100\n|turn|6\n|\n|t:|1746025850\n|-terastallize|p2b: crimsonracer|Ghost\n|move|p1b: Koraidon|Flare Blitz|p2b: crimsonracer\n|-damage|p2b: crimsonracer|17/100\n|-damage|p1b: Koraidon|0 fnt|[from] Recoil\n|faint|p1b: Koraidon\n|move|p1a: Palkia|Flamethrower|p2b: crimsonracer\n|-damage|p2b: crimsonracer|0 fnt\n|faint|p2b: crimsonracer\n|-end|p2b: crimsonracer|Quark Drive|[silent]\n|move|p2a: Ho-Oh|Brave Bird|p1a: Palkia\n|-damage|p1a: Palkia|44/100\n|-damage|p2a: Ho-Oh|51/100|[from] Recoil\n|\n|upkeep\n|turn|7\n|inactive|sergio23perez has 30 seconds left.\n|\n|t:|1746025876\n|move|p1a: Palkia|Spacial Rend|p2a: Ho-Oh\n|-damage|p2a: Ho-Oh|9/100\n|move|p2a: Ho-Oh|Brave Bird|p1a: Palkia\n|-damage|p1a: Palkia|0 fnt\n|faint|p1a: Palkia\n|-damage|p2a: Ho-Oh|0 fnt|[from] Recoil\n|faint|p2a: Ho-Oh\n|\n|win|sergio23perez\n|raw|DrXJ13's rating: 1073 &rarr; <strong>1056</strong><br />(-17 for losing)\n|raw|sergio23perez's rating: 1145 &rarr; <strong>1165</strong><br />(+20 for winning)\n|l|\u2606sergio23perez\n|player|p2|\n", "uploadtime": 1746025891, "views": 6, "formatid": "gen9vgc2025regibo3", "rating": 1056, "private": 0, "password": null}