{"id": "gen9vgc2025regibo3-2354691945", "format": "[Gen 9] VGC 2025 Reg I (Bo3)", "players": ["Vgcgen", "phoenix burner"], "log": "|j|\u2606Vgcgen\n|j|\u2606phoenix burner\n|html|<table width=\"100%\"><tr><td align=\"left\">Vgcgen</td><td align=\"right\">phoenix burner</tr><tr><td align=\"left\"><i class=\"fa fa-circle\"></i> <i class=\"fa fa-circle-o\"></i> </td><td align=\"right\"><i class=\"fa fa-circle-o\"></i> <i class=\"fa fa-circle-o\"></i> </tr></table>\n|uhtml|bestof|<h2><strong>Game 2</strong> of <a href=\"/game-bestof3-gen9vgc2025regibo3-2354690055\">a best-of-3</a></h2>\n|t:|1746111213\n|gametype|doubles\n|player|p1|Vgcgen|1|1189\n|player|p2|phoenix burner|266|1203\n|teamsize|p1|6\n|teamsize|p2|6\n|gen|9\n|tier|[Gen 9] VGC 2025 Reg I (Bo3)\n|rated|\n|rule|Species Clause: Limit one of each Pok\u00e9mon\n|rule|Item Clause: Limit 1 of each item\n|clearpoke\n|poke|p1|Calyrex-Ice, L50|\n|poke|p1|Lunala, L50|\n|poke|p1|Indeedee-F, L50, F|\n|poke|p1|Ursaluna, L50, M|\n|poke|p1|Torkoal, L50, F|\n|poke|p1|Amoonguss, L50, M|\n|poke|p2|Calyrex-Ice, L50|\n|poke|p2|Lunala, L50|\n|poke|p2|Ogerpon-Cornerstone, L50, F|\n|poke|p2|Iron Hands, L50|\n|poke|p2|Torkoal, L50, M|\n|poke|p2|Oranguru, L50, M|\n|teampreview|4\n|showteam|p1|Calyrex-Ice||ClearAmulet|AsOneGlastrier|GlacialLance,HighHorsepower,Protect,TrickRoom||||||50|,,,,,Fire]Lunala||PowerHerb|ShadowShield|MoongeistBeam,ExpandingForce,MeteorBeam,TrickRoom||||||50|,,,,,Grass]Indeedee-F||FocusSash|PsychicSurge|HelpingHand,TrickRoom,Psychic,FollowMe|||F|||50|,,,,,Grass]Ursaluna||FlameOrb|Guts|Earthquake,Facade,HeadlongRush,Protect|||M|||50|,,,,,Ghost]Torkoal||ChoiceSpecs|Drought|Eruption,HeatWave,WeatherBall,EarthPower|||F|||50|,,,,,Fire]Amoonguss||RockyHelmet|Regenerator|Spore,PollenPuff,RagePowder,SludgeBomb|||M|||50|,,,,,Water\n|showteam|p2|Calyrex-Ice||ClearAmulet|AsOneGlastrier|GlacialLance,HighHorsepower,Protect,TrickRoom||||||50|,,,,,Normal]Lunala||PowerHerb|ShadowShield|MoongeistBeam,MeteorBeam,WideGuard,TrickRoom||||||50|,,,,,Fairy]Ogerpon-Cornerstone||CornerstoneMask|Sturdy|IvyCudgel,SpikyShield,Taunt,FollowMe|||F|||50|,,,,,Rock]Iron Hands||AssaultVest|QuarkDrive|LowKick,WildCharge,CloseCombat,FakeOut||||||50|,,,,,Water]Torkoal||Charcoal|Drought|Eruption,HeatWave,Protect,WeatherBall|||M|||50|,,,,,Fire]Oranguru||MentalHerb|InnerFocus|Instruct,TrickRoom,FoulPlay,Taunt|||M|||50|,,,,,Fire\n|j| testingformyself\n|inactive|Battle timer is ON: inactive players will automatically lose when time's up. (requested by Vgcgen)\n|\n|t:|1746111232\n|start\n|switch|p1a: Indeedee|Indeedee-F, L50, F|100/100\n|switch|p1b: Lunala|Lunala, L50|100/100\n|switch|p2a: Calyrex|Calyrex-Ice, L50|100/100\n|switch|p2b: Ogerpon|Ogerpon-Cornerstone, L50, F|100/100\n|-ability|p2a: Calyrex|As One\n|-ability|p2a: Calyrex|Unnerve\n|-fieldstart|move: Psychic Terrain|[from] ability: Psychic Surge|[of] p1a: Indeedee\n|turn|1\n|\n|t:|1746111248\n|move|p2b: Ogerpon|Taunt|p1a: Indeedee\n|-start|p1a: Indeedee|move: Taunt\n|move|p1b: Lunala|Meteor Beam||[still]\n|-prepare|p1b: Lunala|Meteor Beam\n|-boost|p1b: Lunala|spa|1\n|-enditem|p1b: Lunala|Power Herb\n|-anim|p1b: Lunala|Meteor Beam|p2a: Calyrex\n|-supereffective|p2a: Calyrex\n|-damage|p2a: Calyrex|10/100\n|move|p1a: Indeedee|Psychic|p2a: Calyrex\n|-resisted|p2a: Calyrex\n|-damage|p2a: Calyrex|0 fnt\n|faint|p2a: Calyrex\n|\n|upkeep\n|\n|t:|1746111260\n|switch|p2a: Oranguru|Oranguru, L50, M|100/100\n|turn|2\n|\n|t:|1746111273\n|move|p2b: Ogerpon|Ivy Cudgel|p1b: Lunala|[anim] Ivy Cudgel Rock\n|-damage|p1b: Lunala|76/100\n|move|p1b: Lunala|Expanding Force|p2a: Oranguru|[spread] p2a,p2b\n|-resisted|p2a: Oranguru\n|-damage|p2a: Oranguru|69/100\n|-ability|p2b: Ogerpon|Sturdy\n|-damage|p2b: Ogerpon|1/100\n|move|p1a: Indeedee|Psychic|p2b: Ogerpon\n|-damage|p2b: Ogerpon|0 fnt\n|faint|p2b: Ogerpon\n|move|p2a: Oranguru|Trick Room|p2a: Oranguru\n|-fieldstart|move: Trick Room|[of] p2a: Oranguru\n|\n|upkeep\n|\n|t:|1746111285\n|switch|p2b: Torkoal|Torkoal, L50, M|100/100\n|-weather|SunnyDay|[from] ability: Drought|[of] p2b: Torkoal\n|turn|3\n|\n|t:|1746111303\n|-terastallize|p2b: Torkoal|Fire\n|move|p2b: Torkoal|Eruption|p1b: Lunala|[spread] p1a,p1b\n|-enditem|p1a: Indeedee|Focus Sash\n|-damage|p1a: Indeedee|1/100\n|-damage|p1b: Lunala|0 fnt\n|faint|p1b: Lunala\n|move|p2a: Oranguru|Instruct|p2b: Torkoal\n|-singleturn|p2b: Torkoal|move: Instruct|[of] p2a: Oranguru\n|move|p2b: Torkoal|Eruption|p1a: Indeedee\n|-damage|p1a: Indeedee|0 fnt\n|faint|p1a: Indeedee\n|\n|-weather|SunnyDay|[upkeep]\n|upkeep\n|\n|t:|1746111321\n|switch|p1a: Calyrex|Calyrex-Ice, L50|100/100\n|switch|p1b: Amoonguss|Amoonguss, L50, M|100/100\n|-ability|p1a: Calyrex|As One\n|-ability|p1a: Calyrex|Unnerve\n|turn|4\n|\n|t:|1746111331\n|move|p1a: Calyrex|Protect|p1a: Calyrex\n|-singleturn|p1a: Calyrex|Protect\n|move|p2b: Torkoal|Eruption|p1a: Calyrex|[spread] p1b\n|-activate|p1a: Calyrex|move: Protect\n|-supereffective|p1b: Amoonguss\n|-damage|p1b: Amoonguss|0 fnt\n|faint|p1b: Amoonguss\n|move|p2a: Oranguru|Instruct|p2b: Torkoal\n|-singleturn|p2b: Torkoal|move: Instruct|[of] p2a: Oranguru\n|move|p2b: Torkoal|Eruption|p1a: Calyrex\n|-activate|p1a: Calyrex|move: Protect\n|\n|-weather|SunnyDay|[upkeep]\n|upkeep\n|turn|5\n|inactive|phoenix burner has 30 seconds left.\n|\n|t:|1746111359\n|-terastallize|p1a: Calyrex|Fire\n|move|p2b: Torkoal|Protect|p2b: Torkoal\n|-singleturn|p2b: Torkoal|Protect\n|move|p1a: Calyrex|High Horsepower|p2b: Torkoal\n|-activate|p2b: Torkoal|move: Protect\n|move|p2a: Oranguru|Taunt|p1a: Calyrex\n|-start|p1a: Calyrex|move: Taunt\n|\n|-weather|SunnyDay|[upkeep]\n|-fieldend|move: Psychic Terrain\n|upkeep\n|turn|6\n|\n|t:|1746111372\n|move|p2b: Torkoal|Eruption|p1a: Calyrex\n|-resisted|p1a: Calyrex\n|-damage|p1a: Calyrex|50/100\n|move|p1a: Calyrex|High Horsepower|p2b: Torkoal\n|-supereffective|p2b: Torkoal\n|-damage|p2b: Torkoal|37/100\n|move|p2a: Oranguru|Instruct|p2b: Torkoal\n|-singleturn|p2b: Torkoal|move: Instruct|[of] p2a: Oranguru\n|move|p2b: Torkoal|Eruption|p1a: Calyrex\n|-resisted|p1a: Calyrex\n|-damage|p1a: Calyrex|28/100\n|\n|-weather|SunnyDay|[upkeep]\n|-fieldend|move: Trick Room\n|upkeep\n|turn|7\n|\n|t:|1746111390\n|move|p2b: Torkoal|Protect|p2b: Torkoal\n|-singleturn|p2b: Torkoal|Protect\n|move|p1a: Calyrex|Glacial Lance|p2a: Oranguru|[spread] p2a\n|-activate|p2b: Torkoal|move: Protect\n|-damage|p2a: Oranguru|8/100\n|move|p2a: Oranguru|Trick Room|p2a: Oranguru\n|-fieldstart|move: Trick Room|[of] p2a: Oranguru\n|\n|-weather|none\n|upkeep\n|turn|8\n|\n|t:|1746111407\n|move|p2b: Torkoal|Heat Wave|p1a: Calyrex|[miss]\n|-miss|p2b: Torkoal|p1a: Calyrex\n|move|p1a: Calyrex|Glacial Lance|p2b: Torkoal|[spread] p2a,p2b\n|-resisted|p2b: Torkoal\n|-damage|p2a: Oranguru|0 fnt\n|-damage|p2b: Torkoal|15/100\n|faint|p2a: Oranguru\n|-ability|p1a: Calyrex|Chilling Neigh|boost\n|-boost|p1a: Calyrex|atk|1\n|\n|-end|p1a: Calyrex|move: Taunt\n|upkeep\n|turn|9\n|\n|t:|1746111419\n|move|p2b: Torkoal|Heat Wave|p1a: Calyrex\n|-resisted|p1a: Calyrex\n|-crit|p1a: Calyrex\n|-damage|p1a: Calyrex|0 fnt\n|faint|p1a: Calyrex\n|\n|win|phoenix burner\n||phoenix burner is ready for game 3.\n||Vgcgen is ready for game 3.\n|uhtml|next|Next: <a href=\"/battle-gen9vgc2025regibo3-2354694258\"><strong>Game 3 of 3</strong></a>\n", "uploadtime": 1746111703, "views": 5, "formatid": "gen9vgc2025regibo3", "rating": null, "private": 0, "password": null}