{"id": "gen9vgc2025regibo3-2353965805", "format": "[Gen 9] VGC 2025 Reg I (Bo3)", "players": ["NobbyRS", "zinger9707"], "log": "|j|\u2606NobbyRS\n|j|\u2606zinger9707\n|html|<table width=\"100%\"><tr><td align=\"left\">NobbyRS</td><td align=\"right\">zinger9707</tr><tr><td align=\"left\"><i class=\"fa fa-circle-o\"></i> <i class=\"fa fa-circle-o\"></i> </td><td align=\"right\"><i class=\"fa fa-circle-o\"></i> <i class=\"fa fa-circle-o\"></i> </tr></table>\n|uhtml|bestof|<h2><strong>Game 1</strong> of <a href=\"/game-bestof3-gen9vgc2025regibo3-2353965804\">a best-of-3</a></h2>\n|t:|1746023295\n|gametype|doubles\n|player|p1|NobbyRS|hiker-gen4|1046\n|player|p2|zinger9707|102|1086\n|teamsize|p1|6\n|teamsize|p2|6\n|gen|9\n|tier|[Gen 9] VGC 2025 Reg I (Bo3)\n|rated|\n|rule|Species Clause: Limit one of each Pok\u00e9mon\n|rule|Item Clause: Limit 1 of each item\n|clearpoke\n|poke|p1|Calyrex-Shadow, L50|\n|poke|p1|Chi-Yu, L50|\n|poke|p1|Koraidon, L50|\n|poke|p1|Brute Bonnet, L50|\n|poke|p1|Regieleki, L50|\n|poke|p1|Whimsicott, L50, F|\n|poke|p2|Terapagos, L50, M|\n|poke|p2|Lugia, L50|\n|poke|p2|Comfey, L50, F|\n|poke|p2|Rillaboom, L50, F|\n|poke|p2|Amoonguss, L50, M|\n|poke|p2|Incineroar, L50, M|\n|teampreview|4\n|showteam|p1|Calyrex-Shadow||FocusSash|AsOneSpectrier|AstralBarrage,Psyshock,Encore,Protect||||||50|,,,,,Dark]Chi-Yu||ChoiceScarf|BeadsofRuin|HeatWave,Flamethrower,DarkPulse,TeraBlast||||||50|,,,,,Fairy]Koraidon||ClearAmulet|OrichalcumPulse|FlameCharge,CollisionCourse,TemperFlare,Protect||||||50|,,,,,Fire]Brute Bonnet||SitrusBerry|Protosynthesis|SuckerPunch,RagePowder,Spore,Protect||||||50|,,,,,Ghost]Regieleki||Magnet|Transistor|Electroweb,Thunderbolt,Protect,EerieImpulse||||||50|,,,,,Electric]Whimsicott||CovertCloak|Prankster|Moonblast,Taunt,Tailwind,Encore|||F|||50|,,,,,Grass\n|showteam|p2|Terapagos||Leftovers|TeraShift|TeraStarstorm,EarthPower,CalmMind,Protect|||M|||50|,,,,,Stellar]Lugia||CovertCloak|Multiscale|Aeroblast,EarthPower,PsychUp,Protect||||||50|,,,,,Fairy]Comfey||SitrusBerry|Triage|FloralHealing,TrickRoom,DrainingKiss,Protect|||F|||50|,,,,,Water]Rillaboom||AssaultVest|GrassySurge|WoodHammer,GrassyGlide,FakeOut,Uturn|||F|||50|,,,,,Fire]Amoonguss||RockyHelmet|Regenerator|PollenPuff,Spore,RagePowder,Toxic|||M|||50|,,,,,Water]Incineroar||SafetyGoggles|Intimidate|KnockOff,PartingShot,WillOWisp,FakeOut|||M|||50|,,,,,Bug\n|inactive|Battle timer is ON: inactive players will automatically lose when time's up. (requested by NobbyRS)\n|inactive|NobbyRS has 60 seconds left.\n|inactive|zinger9707 has 60 seconds left.\n|inactive|NobbyRS has 30 seconds left.\n|inactive|zinger9707 has 30 seconds left.\n|inactive|NobbyRS has 20 seconds left.\n|inactive|zinger9707 has 20 seconds left.\n|inactive|zinger9707 has 15 seconds left.\n|inactive|zinger9707 has 10 seconds left.\n|inactive|zinger9707 has 5 seconds left.\n|\n|t:|1746023386\n|start\n|switch|p1a: Whimsicott|Whimsicott, L50, F|100/100\n|switch|p1b: Calyrex|Calyrex-Shadow, L50|100/100\n|switch|p2a: Terapagos|Terapagos, L50, M|100/100\n|switch|p2b: Incineroar|Incineroar, L50, M|100/100\n|-activate|p2a: Terapagos|ability: Tera Shift\n|detailschange|p2a: Terapagos|Terapagos-Terastal, L50, M\n|-heal|p2a: Terapagos|100/100|[silent]\n|-ability|p1b: Calyrex|As One\n|-ability|p1b: Calyrex|Unnerve\n|-ability|p2b: Incineroar|Intimidate|boost\n|-unboost|p1a: Whimsicott|atk|1\n|-unboost|p1b: Calyrex|atk|1\n|turn|1\n|inactive|zinger9707 has 30 seconds left.\n|inactive|zinger9707 has 20 seconds left.\n|\n|t:|1746023422\n|move|p1a: Whimsicott|Taunt|p2a: Terapagos\n|-start|p2a: Terapagos|move: Taunt\n|move|p1b: Calyrex|Psyshock|p2a: Terapagos\n|-activate|p2a: Terapagos|ability: Tera Shell\n|-resisted|p2a: Terapagos\n|-damage|p2a: Terapagos|82/100\n|move|p2a: Terapagos|Tera Starstorm|p1a: Whimsicott\n|-damage|p1a: Whimsicott|41/100\n|move|p2b: Incineroar|Knock Off|p1b: Calyrex\n|-supereffective|p1b: Calyrex\n|-enditem|p1b: Calyrex|Focus Sash\n|-damage|p1b: Calyrex|1/100\n|\n|-heal|p2a: Terapagos|89/100|[from] item: Leftovers\n|upkeep\n|turn|2\n|inactive|NobbyRS has 30 seconds left.\n|inactive|zinger9707 has 30 seconds left.\n|inactive|NobbyRS has 20 seconds left.\n|\n|t:|1746023460\n|switch|p1b: Koraidon|Koraidon, L50|100/100\n|-weather|SunnyDay|[from] ability: Orichalcum Pulse|[of] p1b: Koraidon\n|-activate|p1b: Koraidon|Orichalcum Pulse|[source]\n|move|p1a: Whimsicott|Encore|p2b: Incineroar\n|-hint|Since gen 7, Dark is immune to Prankster moves.\n|-immune|p2b: Incineroar\n|move|p2a: Terapagos|Tera Starstorm|p1a: Whimsicott\n|-crit|p1a: Whimsicott\n|-damage|p1a: Whimsicott|0 fnt\n|faint|p1a: Whimsicott\n|move|p2b: Incineroar|Will-O-Wisp|p1b: Koraidon\n|-status|p1b: Koraidon|brn\n|\n|-weather|SunnyDay|[upkeep]\n|-heal|p2a: Terapagos|95/100|[from] item: Leftovers\n|-damage|p1b: Koraidon|94/100 brn|[from] brn\n|upkeep\n|\n|t:|1746023467\n|switch|p1a: Brute Bonnet|Brute Bonnet, L50|100/100\n|-activate|p1a: Brute Bonnet|ability: Protosynthesis\n|-start|p1a: Brute Bonnet|protosynthesisdef\n|turn|3\n|inactive|zinger9707 has 30 seconds left.\n|inactive|zinger9707 has 20 seconds left.\n|inactive|zinger9707 has 15 seconds left.\n|inactive|zinger9707 has 10 seconds left.\n|\n|t:|1746023513\n|switch|p2a: Lugia|Lugia, L50|100/100\n|move|p1b: Koraidon|Collision Course|p2a: Lugia\n|-resisted|p2a: Lugia\n|-damage|p2a: Lugia|98/100\n|move|p2b: Incineroar|Parting Shot|p1a: Brute Bonnet\n|-unboost|p1a: Brute Bonnet|atk|1\n|-unboost|p1a: Brute Bonnet|spa|1\n|\n|t:|1746023527\n|switch|p2b: Terapagos|Terapagos-Terastal, L50, M|95/100|[from] Parting Shot\n|move|p1a: Brute Bonnet|Spore|p2a: Lugia\n|-status|p2a: Lugia|slp|[from] move: Spore\n|\n|-weather|SunnyDay|[upkeep]\n|-heal|p2b: Terapagos|100/100|[from] item: Leftovers\n|-damage|p1b: Koraidon|88/100 brn|[from] brn\n|upkeep\n|turn|4\n|inactive|zinger9707 has 30 seconds left.\n|inactive|zinger9707 has 20 seconds left.\n|\n|t:|1746023563\n|move|p2b: Terapagos|Protect|p2b: Terapagos\n|-singleturn|p2b: Terapagos|Protect\n|move|p1b: Koraidon|Collision Course|p2b: Terapagos\n|-activate|p2b: Terapagos|move: Protect\n|cant|p2a: Lugia|slp\n|move|p1a: Brute Bonnet|Spore|p2b: Terapagos\n|-activate|p2b: Terapagos|move: Protect\n|\n|-weather|SunnyDay|[upkeep]\n|-damage|p1b: Koraidon|82/100 brn|[from] brn\n|upkeep\n|turn|5\n|inactive|zinger9707 has 30 seconds left.\n|inactive|zinger9707 has 20 seconds left.\n|inactive|zinger9707 has 15 seconds left.\n|inactive|zinger9707 has 10 seconds left.\n|inactive|zinger9707 has 5 seconds left.\n|\n|t:|1746023614\n|switch|p1b: Calyrex|Calyrex-Shadow, L50|1/100\n|-ability|p1b: Calyrex|As One\n|-ability|p1b: Calyrex|Unnerve\n|switch|p2b: Incineroar|Incineroar, L50, M|100/100\n|-ability|p2b: Incineroar|Intimidate|boost\n|-unboost|p1a: Brute Bonnet|atk|1\n|-unboost|p1b: Calyrex|atk|1\n|cant|p2a: Lugia|slp\n|move|p1a: Brute Bonnet|Spore|p2b: Incineroar\n|-activate|p2b: Incineroar|item: Safety Goggles|Spore\n|\n|-weather|SunnyDay|[upkeep]\n|upkeep\n|turn|6\n|inactive|zinger9707 has 30 seconds left.\n|inactive|zinger9707 has 20 seconds left.\n|inactive|NobbyRS has 30 seconds left.\n|inactive|zinger9707 has 15 seconds left.\n|\n|t:|1746023657\n|-curestatus|p2a: Lugia|slp|[msg]\n|move|p2a: Lugia|Protect|p2a: Lugia\n|-singleturn|p2a: Lugia|Protect\n|move|p1a: Brute Bonnet|Sucker Punch||[still]\n|-fail|p1a: Brute Bonnet\n|move|p1b: Calyrex|Astral Barrage|p2a: Lugia|[spread] p2b\n|-activate|p2a: Lugia|move: Protect\n|-resisted|p2b: Incineroar\n|-damage|p2b: Incineroar|80/100\n|move|p2b: Incineroar|Knock Off|p1b: Calyrex\n|-supereffective|p1b: Calyrex\n|-damage|p1b: Calyrex|0 fnt\n|faint|p1b: Calyrex\n|\n|-weather|none\n|-end|p1a: Brute Bonnet|Protosynthesis\n|upkeep\n|\n|t:|1746023671\n|switch|p1b: Koraidon|Koraidon, L50|82/100 brn\n|-weather|SunnyDay|[from] ability: Orichalcum Pulse|[of] p1b: Koraidon\n|-activate|p1a: Brute Bonnet|ability: Protosynthesis\n|-start|p1a: Brute Bonnet|protosynthesisdef\n|-activate|p1b: Koraidon|Orichalcum Pulse|[source]\n|turn|7\n|inactive|zinger9707 has 30 seconds left.\n|\n|t:|1746023700\n|-terastallize|p1b: Koraidon|Fire\n|move|p1b: Koraidon|Collision Course|p2b: Incineroar\n|-supereffective|p2b: Incineroar\n|-damage|p2b: Incineroar|2/100\n|move|p2a: Lugia|Aeroblast|p1a: Brute Bonnet\n|-supereffective|p1a: Brute Bonnet\n|-damage|p1a: Brute Bonnet|45/100\n|-enditem|p1a: Brute Bonnet|Sitrus Berry|[eat]\n|-heal|p1a: Brute Bonnet|70/100|[from] item: Sitrus Berry\n|move|p2b: Incineroar|Parting Shot|p1a: Brute Bonnet\n|-unboost|p1a: Brute Bonnet|atk|1\n|-unboost|p1a: Brute Bonnet|spa|1\n|\n|t:|1746023714\n|switch|p2b: Terapagos|Terapagos-Terastal, L50, M|100/100|[from] Parting Shot\n|move|p1a: Brute Bonnet|Spore|p2a: Lugia\n|-status|p2a: Lugia|slp|[from] move: Spore\n|\n|-weather|SunnyDay|[upkeep]\n|-damage|p1b: Koraidon|76/100 brn|[from] brn\n|upkeep\n|turn|8\n|\n|t:|1746023733\n|-terastallize|p2b: Terapagos|Stellar\n|detailschange|p2b: Terapagos|Terapagos-Stellar, L50, M, tera:Stellar\n|-heal|p2b: Terapagos|100/100|[silent]\n|-ability|p2b: Terapagos|Teraform Zero\n|-weather|none\n|-end|p1a: Brute Bonnet|Protosynthesis\n|move|p1a: Brute Bonnet|Sucker Punch|p2b: Terapagos\n|-damage|p2b: Terapagos|95/100\n|move|p1b: Koraidon|Collision Course|p2b: Terapagos\n|-supereffective|p2b: Terapagos\n|-damage|p2b: Terapagos|60/100\n|cant|p2a: Lugia|slp\n|move|p2b: Terapagos|Tera Starstorm|p1a: Brute Bonnet|[spread] p1a,p1b\n|-supereffective|p1b: Koraidon\n|-damage|p1a: Brute Bonnet|46/100\n|-damage|p1b: Koraidon|20/100 brn\n|\n|-heal|p2b: Terapagos|66/100|[from] item: Leftovers\n|-damage|p1b: Koraidon|14/100 brn|[from] brn\n|upkeep\n|turn|9\n|inactive|zinger9707 has 30 seconds left.\n|\n|t:|1746023763\n|move|p2b: Terapagos|Protect|p2b: Terapagos\n|-singleturn|p2b: Terapagos|Protect\n|move|p1a: Brute Bonnet|Sucker Punch|p2a: Lugia\n|-supereffective|p2a: Lugia\n|-damage|p2a: Lugia|83/100 slp\n|move|p1b: Koraidon|Collision Course|p2b: Terapagos\n|-activate|p2b: Terapagos|move: Protect\n|cant|p2a: Lugia|slp\n|\n|-heal|p2b: Terapagos|72/100|[from] item: Leftovers\n|-damage|p1b: Koraidon|8/100 brn|[from] brn\n|upkeep\n|turn|10\n|\n|t:|1746023788\n|switch|p2b: Incineroar|Incineroar, L50, M|2/100\n|-ability|p2b: Incineroar|Intimidate|boost\n|-unboost|p1a: Brute Bonnet|atk|1\n|-fail|p1b: Koraidon|unboost|[from] item: Clear Amulet|[of] p1b: Koraidon\n|move|p1a: Brute Bonnet|Sucker Punch||[still]\n|-fail|p1a: Brute Bonnet\n|move|p1b: Koraidon|Collision Course|p2b: Incineroar\n|-supereffective|p2b: Incineroar\n|-damage|p2b: Incineroar|0 fnt\n|faint|p2b: Incineroar\n|cant|p2a: Lugia|slp\n|\n|-damage|p1b: Koraidon|2/100 brn|[from] brn\n|upkeep\n|\n|t:|1746023805\n|switch|p2b: Terapagos|Terapagos-Stellar, L50, M, tera:Stellar|72/100\n|turn|11\n|\n|t:|1746023813\n|move|p2b: Terapagos|Protect|p2b: Terapagos\n|-singleturn|p2b: Terapagos|Protect\n|move|p1a: Brute Bonnet|Sucker Punch|p2a: Lugia\n|-supereffective|p2a: Lugia\n|-damage|p2a: Lugia|71/100 slp\n|move|p1b: Koraidon|Collision Course|p2b: Terapagos\n|-activate|p2b: Terapagos|move: Protect\n|-curestatus|p2a: Lugia|slp|[msg]\n|move|p2a: Lugia|Aeroblast|p1a: Brute Bonnet\n|-supereffective|p1a: Brute Bonnet\n|-damage|p1a: Brute Bonnet|0 fnt\n|faint|p1a: Brute Bonnet\n|-end|p1a: Brute Bonnet|Protosynthesis|[silent]\n|\n|-heal|p2b: Terapagos|78/100|[from] item: Leftovers\n|-damage|p1b: Koraidon|0 fnt|[from] brn\n|faint|p1b: Koraidon\n|\n|win|zinger9707\n||NobbyRS is ready for game 2.\n|inactive|zinger9707 has 30 seconds to confirm battle start!\n||zinger9707 is ready for game 2.\n|uhtml|next|Next: <a href=\"/battle-gen9vgc2025regibo3-2353971724\"><strong>Game 2 of 3</strong></a>\n", "uploadtime": 1746024303, "views": 27, "formatid": "gen9vgc2025regibo3", "rating": null, "private": 0, "password": null}