{"id": "gen9vgc2025regibo3-2353925219", "format": "[Gen 9] VGC 2025 Reg I (Bo3)", "players": ["fwiefisch", "Speedtiee"], "log": "|j|\u2606fwiefisch\n|j|\u2606Speedtiee\n|html|<table width=\"100%\"><tr><td align=\"left\">fwiefisch</td><td align=\"right\">Speedtiee</tr><tr><td align=\"left\"><i class=\"fa fa-circle-o\"></i> <i class=\"fa fa-circle-o\"></i> </td><td align=\"right\"><i class=\"fa fa-circle-o\"></i> <i class=\"fa fa-circle-o\"></i> </tr></table>\n|uhtml|bestof|<h2><strong>Game 1</strong> of <a href=\"/game-bestof3-gen9vgc2025regibo3-2353925218\">a best-of-3</a></h2>\n|t:|1746019453\n|gametype|doubles\n|player|p1|fwiefisch|2|1250\n|player|p2|Speedtiee|iono|1335\n|teamsize|p1|6\n|teamsize|p2|6\n|gen|9\n|tier|[Gen 9] VGC 2025 Reg I (Bo3)\n|rated|\n|rule|Species Clause: Limit one of each Pok\u00e9mon\n|rule|Item Clause: Limit 1 of each item\n|clearpoke\n|poke|p1|Koraidon, L50|\n|poke|p1|Lunala, L50|\n|poke|p1|Chi-Yu, L50|\n|poke|p1|Ting-Lu, L50|\n|poke|p1|Brute Bonnet, L50|\n|poke|p1|Flutter Mane, L50|\n|poke|p2|Miraidon, L50|\n|poke|p2|Koraidon, L50|\n|poke|p2|Raging Bolt, L50|\n|poke|p2|Incineroar, L50, M|\n|poke|p2|Flutter Mane, L50|\n|poke|p2|Iron Valiant, L50|\n|teampreview|4\n|showteam|p1|Koraidon||LifeOrb|OrichalcumPulse|FlareBlitz,FlameCharge,CloseCombat,Protect||||||50|,,,,,Fire]Lunala||PowerHerb|ShadowShield|MoongeistBeam,MeteorBeam,WideGuard,TrickRoom||||||50|,,,,,Water]Chi-Yu||ChoiceScarf|BeadsofRuin|Overheat,HeatWave,DarkPulse,Snarl||||||50|,,,,,Ghost]Ting-Lu||AssaultVest|VesselofRuin|StompingTantrum,Ruination,ThroatChop,HeavySlam||||||50|,,,,,Poison]Brute Bonnet||CovertCloak|Protosynthesis|SuckerPunch,SeedBomb,Spore,RagePowder||||||50|,,,,,Water]Flutter Mane||FocusSash|Protosynthesis|Moonblast,IcyWind,ShadowBall,Protect||||||50|,,,,,Normal\n|showteam|p2|Miraidon||ChoiceSpecs|HadronEngine|ElectroDrift,VoltSwitch,DazzlingGleam,DracoMeteor||||||50|,,,,,Fairy]Koraidon||LifeOrb|OrichalcumPulse|CloseCombat,FlareBlitz,FlameCharge,Protect||||||50|,,,,,Fire]Raging Bolt||AssaultVest|Protosynthesis|RisingVoltage,Thunderclap,DracoMeteor,Electroweb||||||50|,,,,,Electric]Incineroar||RockyHelmet|Intimidate|FakeOut,FlareBlitz,Uturn,KnockOff|||M|||50|,,,,,Ghost]Flutter Mane||FocusSash|Protosynthesis|Moonblast,IcyWind,ShadowBall,Protect||||||50|,,,,,Stellar]Iron Valiant||BoosterEnergy|QuarkDrive|SpiritBreak,Encore,Disable,WideGuard||||||50|,,,,,Fairy\n|inactive|Battle timer is ON: inactive players will automatically lose when time's up. (requested by Speedtiee)\n|inactive|fwiefisch has 60 seconds left.\n|inactive|Speedtiee has 60 seconds left.\n|\n|t:|1746019510\n|start\n|switch|p1a: Flutter Mane|Flutter Mane, L50|100/100\n|switch|p1b: Koraidon|Koraidon, L50|100/100\n|switch|p2a: Koraidon|Koraidon, L50|100/100\n|switch|p2b: Flutter Mane|Flutter Mane, L50, shiny|100/100\n|-weather|SunnyDay|[from] ability: Orichalcum Pulse|[of] p1b: Koraidon\n|-activate|p2b: Flutter Mane|ability: Protosynthesis\n|-start|p2b: Flutter Mane|protosynthesisspe\n|-activate|p1a: Flutter Mane|ability: Protosynthesis\n|-start|p1a: Flutter Mane|protosynthesisspe\n|-activate|p1b: Koraidon|Orichalcum Pulse|[source]\n|-activate|p2a: Koraidon|ability: Orichalcum Pulse\n|turn|1\n|\n|t:|1746019529\n|-terastallize|p2a: Koraidon|Fire\n|move|p1a: Flutter Mane|Icy Wind|p2a: Koraidon|[spread] p2a,p2b\n|-resisted|p2a: Koraidon\n|-damage|p2a: Koraidon|93/100\n|-damage|p2b: Flutter Mane|85/100\n|-unboost|p2a: Koraidon|spe|1\n|-unboost|p2b: Flutter Mane|spe|1\n|move|p1b: Koraidon|Flame Charge|p2b: Flutter Mane\n|-damage|p2b: Flutter Mane|4/100\n|-boost|p1b: Koraidon|spe|1\n|-damage|p1b: Koraidon|91/100|[from] item: Life Orb\n|move|p2b: Flutter Mane|Icy Wind|p1b: Koraidon|[spread] p1a,p1b\n|-supereffective|p1b: Koraidon\n|-damage|p1a: Flutter Mane|84/100\n|-damage|p1b: Koraidon|62/100\n|-unboost|p1a: Flutter Mane|spe|1\n|-unboost|p1b: Koraidon|spe|1\n|move|p2a: Koraidon|Flame Charge|p1a: Flutter Mane\n|-damage|p1a: Flutter Mane|0 fnt\n|-boost|p2a: Koraidon|spe|1\n|faint|p1a: Flutter Mane\n|-end|p1a: Flutter Mane|Protosynthesis|[silent]\n|-damage|p2a: Koraidon|83/100|[from] item: Life Orb\n|\n|-weather|SunnyDay|[upkeep]\n|upkeep\n|\n|t:|1746019552\n|switch|p1a: Lunala|Lunala, L50|100/100\n|turn|2\n|\n|t:|1746019573\n|move|p1b: Koraidon|Flare Blitz|p2b: Flutter Mane\n|-damage|p2b: Flutter Mane|0 fnt\n|faint|p2b: Flutter Mane\n|-end|p2b: Flutter Mane|Protosynthesis|[silent]\n|-damage|p1b: Koraidon|62/100|[from] Recoil\n|-damage|p1b: Koraidon|52/100|[from] item: Life Orb\n|move|p2a: Koraidon|Close Combat|p1a: Lunala\n|-immune|p1a: Lunala\n|move|p1a: Lunala|Trick Room|p1a: Lunala\n|-fieldstart|move: Trick Room|[of] p1a: Lunala\n|\n|-weather|SunnyDay|[upkeep]\n|upkeep\n|\n|t:|1746019577\n|switch|p2b: Incineroar|Incineroar, L50, M, shiny|100/100\n|-ability|p2b: Incineroar|Intimidate|boost\n|-unboost|p1a: Lunala|atk|1\n|-unboost|p1b: Koraidon|atk|1\n|turn|3\n|\n|t:|1746019595\n|switch|p1a: Ting-Lu|Ting-Lu, L50|100/100\n|-ability|p1a: Ting-Lu|Vessel of Ruin\n|move|p2b: Incineroar|Knock Off|p1a: Ting-Lu\n|-resisted|p1a: Ting-Lu\n|-damage|p1a: Ting-Lu|90/100\n|-enditem|p1a: Ting-Lu|Assault Vest|[from] move: Knock Off|[of] p2b: Incineroar\n|move|p2a: Koraidon|Close Combat|p1b: Koraidon\n|-damage|p1b: Koraidon|0 fnt\n|-unboost|p2a: Koraidon|def|1\n|-unboost|p2a: Koraidon|spd|1\n|faint|p1b: Koraidon\n|-damage|p2a: Koraidon|74/100|[from] item: Life Orb\n|\n|-weather|SunnyDay|[upkeep]\n|upkeep\n|\n|t:|1746019609\n|switch|p1b: Lunala|Lunala, L50|100/100\n|turn|4\n|\n|t:|1746019629\n|switch|p2a: Miraidon|Miraidon, L50|100/100\n|-fieldstart|move: Electric Terrain|[from] ability: Hadron Engine|[of] p2a: Miraidon\n|-terastallize|p1b: Lunala|Water\n|move|p1a: Ting-Lu|Stomping Tantrum|p2b: Incineroar\n|-supereffective|p2b: Incineroar\n|-damage|p2b: Incineroar|55/100\n|-damage|p1a: Ting-Lu|73/100|[from] item: Rocky Helmet|[of] p2b: Incineroar\n|move|p2b: Incineroar|Knock Off|p1b: Lunala\n|-damage|p1b: Lunala|85/100\n|-enditem|p1b: Lunala|Power Herb|[from] move: Knock Off|[of] p2b: Incineroar\n|move|p1b: Lunala|Moongeist Beam|p2a: Miraidon\n|-damage|p2a: Miraidon|68/100\n|\n|-weather|SunnyDay|[upkeep]\n|upkeep\n|turn|5\n|inactive|Speedtiee has 30 seconds left.\n|\n|t:|1746019664\n|move|p1a: Ting-Lu|Stomping Tantrum|p2a: Miraidon\n|-supereffective|p2a: Miraidon\n|-damage|p2a: Miraidon|10/100\n|move|p2b: Incineroar|Flare Blitz|p1a: Ting-Lu\n|-damage|p1a: Ting-Lu|37/100\n|-damage|p2b: Incineroar|39/100|[from] Recoil\n|move|p1b: Lunala|Moongeist Beam|p2a: Miraidon\n|-damage|p2a: Miraidon|0 fnt\n|faint|p2a: Miraidon\n|\n|-weather|none\n|upkeep\n|\n|t:|1746019675\n|switch|p2a: Koraidon|Koraidon, L50, tera:Fire|74/100\n|-weather|SunnyDay|[from] ability: Orichalcum Pulse|[of] p2a: Koraidon\n|-activate|p2a: Koraidon|Orichalcum Pulse|[source]\n|turn|6\n|\n|t:|1746019686\n|move|p2a: Koraidon|Protect|p2a: Koraidon\n|-singleturn|p2a: Koraidon|Protect\n|move|p1a: Ting-Lu|Stomping Tantrum|p2b: Incineroar\n|-supereffective|p2b: Incineroar\n|-damage|p2b: Incineroar|0 fnt\n|-damage|p1a: Ting-Lu|20/100|[from] item: Rocky Helmet|[of] p2b: Incineroar\n|faint|p2b: Incineroar\n|move|p1b: Lunala|Moongeist Beam|p2a: Koraidon\n|-activate|p2a: Koraidon|move: Protect\n|\n|-weather|SunnyDay|[upkeep]\n|-fieldend|move: Trick Room\n|upkeep\n|turn|7\n|\n|t:|1746019704\n|move|p2a: Koraidon|Flare Blitz|p1a: Ting-Lu\n|-damage|p1a: Ting-Lu|0 fnt\n|faint|p1a: Ting-Lu\n|-damage|p2a: Koraidon|64/100|[from] Recoil\n|-damage|p2a: Koraidon|54/100|[from] item: Life Orb\n|move|p1b: Lunala|Moongeist Beam|p2a: Koraidon\n|-damage|p2a: Koraidon|0 fnt\n|faint|p2a: Koraidon\n|\n|win|fwiefisch\n||fwiefisch is ready for game 2.\n|c|\u2606fwiefisch|gg\n||Speedtiee is ready for game 2.\n|uhtml|next|Next: <a href=\"/battle-gen9vgc2025regibo3-2353927785\"><strong>Game 2 of 3</strong></a>\n", "uploadtime": 1746020055, "views": 6, "formatid": "gen9vgc2025regibo3", "rating": null, "private": 0, "password": null}