{"id": "gen9vgc2025regibo3-2354203886", "format": "[Gen 9] VGC 2025 Reg I (Bo3)", "players": ["Slaymien66", "Pachi 100"], "log": "|j|\u2606Slaymien66\n|j|\u2606Pachi 100\n|html|<table width=\"100%\"><tr><td align=\"left\">Slaymien66</td><td align=\"right\">Pachi 100</tr><tr><td align=\"left\"><i class=\"fa fa-circle-o\"></i> <i class=\"fa fa-circle-o\"></i> </td><td align=\"right\"><i class=\"fa fa-circle-o\"></i> <i class=\"fa fa-circle\"></i> </tr></table>\n|uhtml|bestof|<h2><strong>Game 2</strong> of <a href=\"/game-bestof3-gen9vgc2025regibo3-2354199933\">a best-of-3</a></h2>\n|t:|1746044331\n|gametype|doubles\n|player|p1|Slaymien66|bruno|1172\n|player|p2|Pachi 100|170|1132\n|teamsize|p1|6\n|teamsize|p2|6\n|gen|9\n|tier|[Gen 9] VGC 2025 Reg I (Bo3)\n|rated|\n|rule|Species Clause: Limit one of each Pok\u00e9mon\n|rule|Item Clause: Limit 1 of each item\n|clearpoke\n|poke|p1|Koraidon, L50|\n|poke|p1|Raging Bolt, L50|\n|poke|p1|Calyrex-Shadow, L50|\n|poke|p1|Chi-Yu, L50|\n|poke|p1|Rillaboom, L50, F|\n|poke|p1|Amoonguss, L50, M|\n|poke|p2|Groudon, L50|\n|poke|p2|Archaludon, L50, M|\n|poke|p2|Lunala, L50|\n|poke|p2|Raging Bolt, L50|\n|poke|p2|Whimsicott, L50, F|\n|poke|p2|Roaring Moon, L50|\n|teampreview|4\n|showteam|p1|Koraidon||ClearAmulet|OrichalcumPulse|CollisionCourse,FlareBlitz,FlameCharge,Protect||||||50|,,,,,Fire]Raging Bolt||Magnet|Protosynthesis|Protect,Thunderclap,Thunderbolt,DracoMeteor||||||50|,,,,,Electric]Calyrex-Shadow||FocusSash|AsOneSpectrier|AstralBarrage,NastyPlot,Protect,DrainingKiss||||||50|,,,,,Ghost]Chi-Yu||ChoiceScarf|BeadsofRuin|DarkPulse,HeatWave,Overheat,Snarl||||||50|,,,,,Ghost]Rillaboom||AssaultVest|GrassySurge|FakeOut,GrassyGlide,Uturn,WoodHammer|||F|||50|,,,,,Grass]Amoonguss||SitrusBerry|Regenerator|Spore,RagePowder,SludgeBomb,PollenPuff|||M|||50|,,,,,Water\n|showteam|p2|Groudon||ClearAmulet|Drought|PrecipiceBlades,HeatCrash,Protect,RockBlast||||||50|,,,,,Poison]Archaludon||AssaultVest|Stamina|BodyPress,DragonTail,FoulPlay,BreakingSwipe|||M|||50|,,,,,Fighting]Lunala||PowerHerb|ShadowShield|Protect,MeteorBeam,MoongeistBeam,Moonblast||||||50|,,,,,Fairy]Raging Bolt||SafetyGoggles|Protosynthesis|Thunderclap,DracoMeteor,WeatherBall,Protect||||||50|,,,,,Fairy]Whimsicott||FocusSash|Prankster|Encore,Tailwind,LightScreen,FakeTears|||F|||50|,,,,,Poison]Roaring Moon||BoosterEnergy|Protosynthesis|DragonClaw,ThroatChop,Protect,Acrobatics||||||50|,,,,,Flying\n|\n|t:|1746044343\n|start\n|switch|p1a: Calyrex|Calyrex-Shadow, L50|100/100\n|switch|p1b: Fern|Rillaboom, L50, F|100/100\n|switch|p2a: Lunala|Lunala, L50|100/100\n|switch|p2b: Whimsicott|Whimsicott, L50, F|100/100\n|-ability|p1a: Calyrex|As One\n|-ability|p1a: Calyrex|Unnerve\n|-fieldstart|move: Grassy Terrain|[from] ability: Grassy Surge|[of] p1b: Fern\n|turn|1\n|\n|t:|1746044366\n|switch|p2b: Archaludon|Archaludon, L50, M, shiny|100/100\n|switch|p1b: Amoonguss|Amoonguss, L50, M|100/100\n|move|p2a: Lunala|Protect|p2a: Lunala\n|-singleturn|p2a: Lunala|Protect\n|move|p1a: Calyrex|Astral Barrage|p2a: Lunala|[spread] p2b\n|-activate|p2a: Lunala|move: Protect\n|-damage|p2b: Archaludon|68/100\n|-ability|p2b: Archaludon|Stamina|boost\n|-boost|p2b: Archaludon|def|1\n|\n|-heal|p2b: Archaludon|74/100|[from] Grassy Terrain\n|upkeep\n|turn|2\n|\n|t:|1746044401\n|move|p1a: Calyrex|Protect|p1a: Calyrex\n|-singleturn|p1a: Calyrex|Protect\n|move|p2a: Lunala|Moongeist Beam|p1a: Calyrex\n|-activate|p1a: Calyrex|move: Protect\n|move|p2b: Archaludon|Foul Play|p1a: Calyrex\n|-activate|p1a: Calyrex|move: Protect\n|move|p1b: Amoonguss|Spore|p2a: Lunala\n|-status|p2a: Lunala|slp|[from] move: Spore\n|\n|-heal|p2b: Archaludon|80/100|[from] Grassy Terrain\n|upkeep\n|turn|3\n|\n|t:|1746044419\n|switch|p2a: Roaring Moon|Roaring Moon, L50|100/100\n|-enditem|p2a: Roaring Moon|Booster Energy\n|-activate|p2a: Roaring Moon|ability: Protosynthesis|[fromitem]\n|-start|p2a: Roaring Moon|protosynthesisspe\n|move|p1a: Calyrex|Nasty Plot|p1a: Calyrex\n|-boost|p1a: Calyrex|spa|2\n|move|p2b: Archaludon|Foul Play|p1a: Calyrex\n|-supereffective|p1a: Calyrex\n|-damage|p1a: Calyrex|23/100\n|move|p1b: Amoonguss|Sludge Bomb|p2b: Archaludon\n|-immune|p2b: Archaludon\n|\n|-heal|p1a: Calyrex|29/100|[from] Grassy Terrain\n|-heal|p2b: Archaludon|86/100|[from] Grassy Terrain\n|upkeep\n|turn|4\n|\n|t:|1746044459\n|-terastallize|p1b: Amoonguss|Water\n|move|p1b: Amoonguss|Rage Powder|p1b: Amoonguss\n|-singleturn|p1b: Amoonguss|move: Rage Powder\n|move|p2a: Roaring Moon|Acrobatics|p1b: Amoonguss\n|-damage|p1b: Amoonguss|67/100\n|move|p1a: Calyrex|Astral Barrage|p2a: Roaring Moon|[spread] p2a,p2b\n|-resisted|p2a: Roaring Moon\n|-damage|p2a: Roaring Moon|41/100\n|-damage|p2b: Archaludon|11/100\n|-ability|p2b: Archaludon|Stamina|boost\n|-boost|p2b: Archaludon|def|1\n|move|p2b: Archaludon|Foul Play|p1b: Amoonguss\n|-damage|p1b: Amoonguss|54/100\n|\n|-heal|p2a: Roaring Moon|47/100|[from] Grassy Terrain\n|-heal|p1a: Calyrex|36/100|[from] Grassy Terrain\n|-heal|p2b: Archaludon|17/100|[from] Grassy Terrain\n|-heal|p1b: Amoonguss|60/100|[from] Grassy Terrain\n|upkeep\n|turn|5\n|\n|t:|1746044481\n|move|p2a: Roaring Moon|Protect|p2a: Roaring Moon\n|-singleturn|p2a: Roaring Moon|Protect\n|move|p1a: Calyrex|Protect|p1a: Calyrex\n|-singleturn|p1a: Calyrex|Protect\n|move|p2b: Archaludon|Body Press|p1b: Amoonguss\n|-damage|p1b: Amoonguss|20/100\n|-enditem|p1b: Amoonguss|Sitrus Berry|[eat]\n|-heal|p1b: Amoonguss|45/100|[from] item: Sitrus Berry\n|move|p1b: Amoonguss|Spore|p2a: Roaring Moon\n|-activate|p2a: Roaring Moon|move: Protect\n|\n|-heal|p2a: Roaring Moon|53/100|[from] Grassy Terrain\n|-heal|p1a: Calyrex|42/100|[from] Grassy Terrain\n|-heal|p2b: Archaludon|23/100|[from] Grassy Terrain\n|-heal|p1b: Amoonguss|51/100|[from] Grassy Terrain\n|-fieldend|move: Grassy Terrain\n|upkeep\n|turn|6\n|\n|t:|1746044506\n|move|p1b: Amoonguss|Rage Powder|p1b: Amoonguss\n|-singleturn|p1b: Amoonguss|move: Rage Powder\n|move|p2a: Roaring Moon|Throat Chop|p1b: Amoonguss\n|-damage|p1b: Amoonguss|15/100\n|-start|p1b: Amoonguss|Throat Chop|[silent]\n|move|p1a: Calyrex|Astral Barrage|p2a: Roaring Moon|[spread] p2a,p2b\n|-resisted|p2a: Roaring Moon\n|-damage|p2a: Roaring Moon|0 fnt\n|-damage|p2b: Archaludon|0 fnt\n|faint|p2a: Roaring Moon\n|-end|p2a: Roaring Moon|Protosynthesis|[silent]\n|faint|p2b: Archaludon\n|-ability|p1a: Calyrex|Grim Neigh|boost\n|-boost|p1a: Calyrex|spa|2\n|\n|upkeep\n|\n|t:|1746044515\n|switch|p2a: Lunala|Lunala, L50|100/100 slp\n|switch|p2b: Whimsicott|Whimsicott, L50, F|100/100\n|turn|7\n|\n|t:|1746044525\n|move|p2b: Whimsicott|Light Screen|p2b: Whimsicott\n|-sidestart|p2: Pachi 100|move: Light Screen\n|move|p1a: Calyrex|Astral Barrage|p2a: Lunala|[spread] p2a,p2b\n|-supereffective|p2a: Lunala\n|-damage|p2a: Lunala|0 fnt\n|-enditem|p2b: Whimsicott|Focus Sash\n|-damage|p2b: Whimsicott|1/100\n|faint|p2a: Lunala\n|-ability|p1a: Calyrex|Grim Neigh|boost\n|-boost|p1a: Calyrex|spa|1\n|move|p1b: Amoonguss|Pollen Puff|p1a: Calyrex\n|-heal|p1a: Calyrex|92/100\n|\n|-end|p1b: Amoonguss|Throat Chop|[silent]\n|upkeep\n|turn|8\n|-message|Pachi 100 forfeited.\n|\n|win|Slaymien66\n|l|\u2606Pachi 100\n|player|p2|\n||Pachi 100 is ready for game 3.\n|j|\u2606Pachi 100\n|player|p2|Pachi 100|170|\n", "uploadtime": 1746044545, "views": 16, "formatid": "gen9vgc2025regibo3", "rating": null, "private": 0, "password": null}