{"id": "gen9vgc2025regibo3-2354369678", "format": "[Gen 9] VGC 2025 Reg I (Bo3)", "players": ["Just a Minus", "4herbcor"], "log": "|j|\u2606Just a Minus\n|j|\u26064herbcor\n|html|<table width=\"100%\"><tr><td align=\"left\">Just a Minus</td><td align=\"right\">4herbcor</tr><tr><td align=\"left\"><i class=\"fa fa-circle\"></i> <i class=\"fa fa-circle-o\"></i> </td><td align=\"right\"><i class=\"fa fa-circle-o\"></i> <i class=\"fa fa-circle\"></i> </tr></table>\n|uhtml|bestof|<h2><strong>Game 3</strong> of <a href=\"/game-bestof3-gen9vgc2025regibo3-2354364932\">a best-of-3</a></h2>\n|t:|1746062940\n|gametype|doubles\n|player|p1|Just a Minus|cynthia-masters3|1128\n|player|p2|4herbcor|linebacker|1052\n|teamsize|p1|6\n|teamsize|p2|6\n|gen|9\n|tier|[Gen 9] VGC 2025 Reg I (Bo3)\n|rated|\n|rule|Species Clause: Limit one of each Pok\u00e9mon\n|rule|Item Clause: Limit 1 of each item\n|clearpoke\n|poke|p1|Zacian-*, L50|\n|poke|p1|Flutter Mane, L50|\n|poke|p1|Smeargle, L50, M|\n|poke|p1|Miraidon, L50|\n|poke|p1|Iron Valiant, L50|\n|poke|p1|Ditto, L50|\n|poke|p2|Terapagos, L50, M|\n|poke|p2|Ho-Oh, L50|\n|poke|p2|Rillaboom, L50, F|\n|poke|p2|Incineroar, L50, F|\n|poke|p2|Scream Tail, L50|\n|poke|p2|Ogerpon-Wellspring, L50, F|\n|teampreview|4\n|showteam|p1|Zacian-Crowned||RustedSword|IntrepidSword|behemothblade,SacredSword,PlayRough,Protect||||||50|,,,,,Ground]Flutter Mane||BoosterEnergy|Protosynthesis|IcyWind,Protect,Moonblast,ShadowBall||||||50|,,,,,Water]Smeargle||FocusSash|Moody|Transform,Imprison,BanefulBunker,FakeOut|||M|||50|,,,,,Ghost]Miraidon||ChoiceSpecs|HadronEngine|VoltSwitch,ElectroDrift,DazzlingGleam,DracoMeteor||||||50|,,,,,Fairy]Iron Valiant||CovertCloak|QuarkDrive|WideGuard,Coaching,CloseCombat,SpiritBreak||||||50|,,,,,Steel]Ditto||ChoiceScarf|Imposter|Transform||||||50|,,,,,Ghost\n|showteam|p2|Terapagos||Leftovers|TeraShift|TeraStarstorm,EarthPower,CalmMind,Protect|||M|||50|,,,,,Stellar]Ho-Oh||ClearAmulet|Regenerator|SacredFire,BraveBird,Tailwind,Protect||||||50|,,,,,Grass]Rillaboom||AssaultVest|GrassySurge|GrassyGlide,WoodHammer,FakeOut,Uturn|||F|||50|,,,,,Fire]Incineroar||SafetyGoggles|Intimidate|FakeOut,KnockOff,WillOWisp,PartingShot|||F|||50|,,,,,Bug]Scream Tail||BoosterEnergy|Protosynthesis|DazzlingGleam,Disable,Encore,Protect||||||50|,,,,,Water]Ogerpon-Wellspring||WellspringMask|WaterAbsorb|IvyCudgel,HornLeech,FollowMe,SpikyShield|||F|||50|,,,,,Water\n|inactive|Battle timer is ON: inactive players will automatically lose when time's up. (requested by 4herbcor)\n|inactive|Just a Minus also wants the timer to be on.\n|\n|t:|1746062957\n|start\n|switch|p1a: Smeargle|Smeargle, L50, M|100/100\n|switch|p1b: Zacian|Zacian-Crowned, L50|100/100\n|switch|p2a: Rillaboom|Rillaboom, L50, F|100/100\n|switch|p2b: Ho-Oh|Ho-Oh, L50|100/100\n|-ability|p1b: Zacian|Intrepid Sword|boost\n|-boost|p1b: Zacian|atk|1\n|-fieldstart|move: Grassy Terrain|[from] ability: Grassy Surge|[of] p2a: Rillaboom\n|turn|1\n|\n|t:|1746062977\n|move|p1b: Zacian|Protect|p1b: Zacian\n|-singleturn|p1b: Zacian|Protect\n|move|p2a: Rillaboom|Fake Out|p1a: Smeargle\n|-damage|p1a: Smeargle|68/100\n|cant|p1a: Smeargle|flinch\n|move|p2b: Ho-Oh|Sacred Fire|p1b: Zacian\n|-activate|p1b: Zacian|move: Protect\n|\n|-heal|p1a: Smeargle|75/100|[from] Grassy Terrain\n|-ability|p1a: Smeargle|Moody|boost\n|-boost|p1a: Smeargle|spd|2\n|-unboost|p1a: Smeargle|spa|1\n|upkeep\n|turn|2\n|\n|t:|1746062992\n|switch|p1b: Miraidon|Miraidon, L50|100/100\n|-fieldstart|move: Electric Terrain|[from] ability: Hadron Engine|[of] p1b: Miraidon\n|switch|p2a: Incineroar|Incineroar, L50, F|100/100\n|-ability|p2a: Incineroar|Intimidate|boost\n|-unboost|p1a: Smeargle|atk|1\n|-unboost|p1b: Miraidon|atk|1\n|move|p1a: Smeargle|Imprison|p1a: Smeargle\n|-start|p1a: Smeargle|move: Imprison\n|move|p2b: Ho-Oh|Sacred Fire|p1b: Miraidon\n|-resisted|p1b: Miraidon\n|-damage|p1b: Miraidon|75/100\n|\n|-ability|p1a: Smeargle|Moody|boost\n|-boost|p1a: Smeargle|spe|2\n|-unboost|p1a: Smeargle|spd|1\n|upkeep\n|turn|3\n|\n|t:|1746063017\n|switch|p2b: Rillaboom|Rillaboom, L50, F|100/100\n|-fieldstart|move: Grassy Terrain|[from] ability: Grassy Surge|[of] p2b: Rillaboom\n|move|p1a: Smeargle|Baneful Bunker|p1a: Smeargle\n|-singleturn|p1a: Smeargle|move: Protect\n|move|p1b: Miraidon|Volt Switch|p2a: Incineroar\n|-damage|p2a: Incineroar|49/100\n|\n|t:|1746063028\n|switch|p1b: Iron Valiant|Iron Valiant, L50|100/100|[from] Volt Switch\n|move|p2a: Incineroar|Knock Off|p1a: Smeargle\n|-activate|p1a: Smeargle|move: Protect\n|-status|p2a: Incineroar|psn\n|\n|-heal|p1a: Smeargle|81/100|[from] Grassy Terrain\n|-heal|p2a: Incineroar|55/100 psn|[from] Grassy Terrain\n|-damage|p2a: Incineroar|43/100 psn|[from] psn\n|-ability|p1a: Smeargle|Moody|boost\n|-boost|p1a: Smeargle|spa|2\n|-unboost|p1a: Smeargle|atk|1\n|upkeep\n|turn|4\n|inactive|Just a Minus has 30 seconds left.\n|\n|t:|1746063056\n|move|p1a: Smeargle|Transform|p2a: Incineroar\n|-transform|p1a: Smeargle|p2a: Incineroar\n|-ability|p1a: Smeargle|Intimidate|boost\n|-unboost|p2a: Incineroar|atk|1\n|-unboost|p2b: Rillaboom|atk|1\n|move|p1b: Iron Valiant|Coaching|p1a: Smeargle\n|-boost|p1a: Smeargle|atk|1\n|-boost|p1a: Smeargle|def|1\n|move|p2b: Rillaboom|Wood Hammer|p1a: Smeargle\n|-resisted|p1a: Smeargle\n|-damage|p1a: Smeargle|64/100\n|-damage|p2b: Rillaboom|96/100|[from] Recoil\n|cant|p2a: Incineroar|move: Imprison|Will-O-Wisp\n|\n|-heal|p2b: Rillaboom|100/100|[from] Grassy Terrain\n|-heal|p2a: Incineroar|49/100 psn|[from] Grassy Terrain\n|-heal|p1a: Smeargle|70/100|[from] Grassy Terrain\n|-damage|p2a: Incineroar|36/100 psn|[from] psn\n|upkeep\n|turn|5\n|\n|t:|1746063076\n|switch|p2b: Ho-Oh|Ho-Oh, L50|100/100\n|switch|p2a: Terapagos|Terapagos, L50, M|100/100\n|-activate|p2a: Terapagos|ability: Tera Shift\n|detailschange|p2a: Terapagos|Terapagos-Terastal, L50, M\n|-heal|p2a: Terapagos|100/100|[silent]\n|move|p1b: Iron Valiant|Coaching|p1a: Smeargle\n|-boost|p1a: Smeargle|atk|1\n|-boost|p1a: Smeargle|def|1\n|move|p1a: Smeargle|Knock Off|p2b: Ho-Oh\n|-damage|p2b: Ho-Oh|43/100\n|-enditem|p2b: Ho-Oh|Clear Amulet|[from] move: Knock Off|[of] p1a: Smeargle\n|\n|-heal|p1a: Smeargle|76/100|[from] Grassy Terrain\n|upkeep\n|turn|6\n|inactive|4herbcor has 30 seconds left.\n|\n|t:|1746063102\n|move|p1b: Iron Valiant|Coaching|p1a: Smeargle\n|-boost|p1a: Smeargle|atk|1\n|-boost|p1a: Smeargle|def|1\n|move|p2a: Terapagos|Calm Mind|p2a: Terapagos\n|-boost|p2a: Terapagos|spa|1\n|-boost|p2a: Terapagos|spd|1\n|move|p2b: Ho-Oh|Brave Bird|p1a: Smeargle\n|-damage|p1a: Smeargle|54/100\n|-damage|p2b: Ho-Oh|37/100|[from] Recoil\n|move|p1a: Smeargle|Knock Off|p2b: Ho-Oh\n|-damage|p2b: Ho-Oh|0 fnt\n|faint|p2b: Ho-Oh\n|\n|-heal|p1a: Smeargle|60/100|[from] Grassy Terrain\n|upkeep\n|\n|t:|1746063110\n|switch|p2b: Incineroar|Incineroar, L50, F|36/100 psn\n|-ability|p2b: Incineroar|Intimidate|boost\n|-unboost|p1a: Smeargle|atk|1\n|-unboost|p1b: Iron Valiant|atk|1\n|turn|7\n|-message|4herbcor forfeited.\n|\n|win|Just a Minus\n|raw|Just a Minus's rating: 1128 &rarr; <strong>1148</strong><br />(+20 for winning)\n|raw|4herbcor's rating: 1052 &rarr; <strong>1038</strong><br />(-14 for losing)\n|l|\u26064herbcor\n|player|p2|\n", "uploadtime": 1746063124, "views": 8, "formatid": "gen9vgc2025regibo3", "rating": 1038, "private": 0, "password": null}