{"id": "gen9vgc2025regibo3-2354372356", "format": "[Gen 9] VGC 2025 Reg I (Bo3)", "players": ["KLOEEE", "Lord_of_Ewoks"], "log": "|j|\u2606KLOEEE\n|j|\u2606Lord_of_Ewoks\n|html|<table width=\"100%\"><tr><td align=\"left\">KLOEEE</td><td align=\"right\">Lord_of_Ewoks</tr><tr><td align=\"left\"><i class=\"fa fa-circle\"></i> <i class=\"fa fa-circle-o\"></i> </td><td align=\"right\"><i class=\"fa fa-circle-o\"></i> <i class=\"fa fa-circle\"></i> </tr></table>\n|uhtml|bestof|<h2><strong>Game 3</strong> of <a href=\"/game-bestof3-gen9vgc2025regibo3-2354368557\">a best-of-3</a></h2>\n|t:|1746063262\n|gametype|doubles\n|player|p1|KLOEEE|caitlin-masters|1150\n|player|p2|Lord_of_Ewoks|101|1156\n|teamsize|p1|6\n|teamsize|p2|6\n|gen|9\n|tier|[Gen 9] VGC 2025 Reg I (Bo3)\n|rated|\n|rule|Species Clause: Limit one of each Pok\u00e9mon\n|rule|Item Clause: Limit 1 of each item\n|clearpoke\n|poke|p1|Miraidon, L50|\n|poke|p1|Zamazenta-*, L50|\n|poke|p1|Grimmsnarl, L50, M|\n|poke|p1|Smeargle, L50, F|\n|poke|p1|Iron Hands, L50|\n|poke|p1|Ditto, L50|\n|poke|p2|Chien-Pao, L50|\n|poke|p2|Kyogre, L50|\n|poke|p2|Zamazenta-*, L50|\n|poke|p2|Tornadus, L50, M|\n|poke|p2|Incineroar, L50, F|\n|poke|p2|Rillaboom, L50, F|\n|teampreview|4\n|showteam|p1|Miraidon||ChoiceSpecs|HadronEngine|ElectroDrift,DracoMeteor,VoltSwitch,DazzlingGleam||||||50|,,,,,Fairy]Zamazenta-Crowned||RustedShield|DauntlessShield|BodyPress,HeavySlam,WideGuard,Protect||||||50|,,,,,Dragon]Grimmsnarl||LightClay|Prankster|Reflect,LightScreen,FoulPlay,ThunderWave|||M|||50|,,,,,Ghost]Smeargle||ChoiceScarf|OwnTempo|Decorate,Transform,DestinyBond,Spore|||F|||50|,,,,,Ghost]Iron Hands||AssaultVest|QuarkDrive|DrainPunch,VoltSwitch,WildCharge,FakeOut||||||50|,,,,,Water]Ditto||FocusSash|Imposter|Transform||||||50|,,,,,Dark\n|showteam|p2|Chien-Pao||FocusSash|SwordofRuin|IcicleCrash,SuckerPunch,ThroatChop,Protect||||||50|,,,,,Ghost]Kyogre||MysticWater|Drizzle|WaterSpout,OriginPulse,IceBeam,Protect||||||50|,,,,,Grass]Zamazenta-Crowned||RustedShield|DauntlessShield|BodyPress,HeavySlam,WideGuard,Protect||||||50|,,,,,Dragon]Tornadus||CovertCloak|Prankster|BleakwindStorm,Taunt,RainDance,Tailwind|||M|||50|,,,,,Dark]Incineroar||SafetyGoggles|Intimidate|FakeOut,WillOWisp,KnockOff,PartingShot|||F|||50|,,,,,Water]Rillaboom||AssaultVest|GrassySurge|GrassyGlide,WoodHammer,Uturn,FakeOut|||F|||50|,,,,,Fire\n|inactive|Battle timer is ON: inactive players will automatically lose when time's up. (requested by Lord_of_Ewoks)\n|\n|t:|1746063291\n|start\n|switch|p1a: Zamazenta|Zamazenta-Crowned, L50|100/100\n|switch|p1b: Smeargle|Smeargle, L50, F, shiny|100/100\n|switch|p2a: Kyogre|Kyogre, L50|100/100\n|switch|p2b: Rillaboom|Rillaboom, L50, F|100/100\n|-ability|p1a: Zamazenta|Dauntless Shield|boost\n|-boost|p1a: Zamazenta|def|1\n|-weather|RainDance|[from] ability: Drizzle|[of] p2a: Kyogre\n|-fieldstart|move: Grassy Terrain|[from] ability: Grassy Surge|[of] p2b: Rillaboom\n|turn|1\n|inactive|KLOEEE has 30 seconds left.\n|inactive|Lord_of_Ewoks has 30 seconds left.\n|inactive|KLOEEE has 20 seconds left.\n|inactive|KLOEEE has 15 seconds left.\n|inactive|KLOEEE has 10 seconds left.\n|inactive|KLOEEE has 5 seconds left.\n|\n|t:|1746063344\n|switch|p2a: Incineroar|Incineroar, L50, F|100/100\n|-ability|p2a: Incineroar|Intimidate|boost\n|-unboost|p1a: Zamazenta|atk|1\n|-fail|p1b: Smeargle|unboost|Attack|[from] ability: Own Tempo|[of] p1b: Smeargle\n|move|p2b: Rillaboom|Grassy Glide|p1b: Smeargle\n|-damage|p1b: Smeargle|25/100\n|move|p1b: Smeargle|Destiny Bond|p1b: Smeargle\n|-singlemove|p1b: Smeargle|Destiny Bond\n|move|p1a: Zamazenta|Body Press|p2b: Rillaboom\n|-damage|p2b: Rillaboom|38/100\n|\n|-weather|RainDance|[upkeep]\n|-heal|p1b: Smeargle|31/100|[from] Grassy Terrain\n|-heal|p2b: Rillaboom|44/100|[from] Grassy Terrain\n|upkeep\n|turn|2\n|\n|t:|1746063368\n|move|p2a: Incineroar|Fake Out|p1a: Zamazenta\n|-resisted|p1a: Zamazenta\n|-damage|p1a: Zamazenta|98/100\n|move|p1b: Smeargle|Destiny Bond||[still]\n|-fail|p1b: Smeargle\n|cant|p1a: Zamazenta|flinch\n|move|p2b: Rillaboom|U-turn|p1a: Zamazenta\n|-resisted|p1a: Zamazenta\n|-damage|p1a: Zamazenta|97/100\n|\n|t:|1746063385\n|switch|p2b: Kyogre|Kyogre, L50|100/100|[from] U-turn\n|\n|-weather|RainDance|[upkeep]\n|-heal|p1b: Smeargle|37/100|[from] Grassy Terrain\n|-heal|p1a: Zamazenta|100/100|[from] Grassy Terrain\n|upkeep\n|turn|3\n|\n|t:|1746063402\n|move|p2b: Kyogre|Protect|p2b: Kyogre\n|-singleturn|p2b: Kyogre|Protect\n|move|p1b: Smeargle|Destiny Bond|p1b: Smeargle\n|-singlemove|p1b: Smeargle|Destiny Bond\n|move|p1a: Zamazenta|Body Press|p2a: Incineroar\n|-supereffective|p2a: Incineroar\n|-damage|p2a: Incineroar|0 fnt\n|faint|p2a: Incineroar\n|\n|-weather|RainDance|[upkeep]\n|-heal|p1b: Smeargle|43/100|[from] Grassy Terrain\n|upkeep\n|\n|t:|1746063409\n|switch|p2a: Rillaboom|Rillaboom, L50, F|44/100\n|turn|4\n|\n|t:|1746063417\n|move|p2a: Rillaboom|Fake Out|p1a: Zamazenta\n|-resisted|p1a: Zamazenta\n|-damage|p1a: Zamazenta|98/100\n|move|p1b: Smeargle|Destiny Bond||[still]\n|-fail|p1b: Smeargle\n|cant|p1a: Zamazenta|flinch\n|move|p2b: Kyogre|Water Spout|p1a: Zamazenta|[spread] p1a,p1b\n|-damage|p1a: Zamazenta|10/100\n|-damage|p1b: Smeargle|0 fnt\n|faint|p1b: Smeargle\n|\n|-weather|RainDance|[upkeep]\n|-heal|p1a: Zamazenta|16/100|[from] Grassy Terrain\n|-heal|p2a: Rillaboom|50/100|[from] Grassy Terrain\n|upkeep\n|\n|t:|1746063434\n|switch|p1b: Iron Hands|Iron Hands, L50|100/100\n|turn|5\n|\n|t:|1746063459\n|switch|p2b: Zamazenta|Zamazenta-Crowned, L50|100/100\n|-ability|p2b: Zamazenta|Dauntless Shield|boost\n|-boost|p2b: Zamazenta|def|1\n|move|p1b: Iron Hands|Fake Out|p2b: Zamazenta\n|-resisted|p2b: Zamazenta\n|-damage|p2b: Zamazenta|97/100\n|move|p1a: Zamazenta|Body Press|p2b: Zamazenta\n|-supereffective|p2b: Zamazenta\n|-damage|p2b: Zamazenta|39/100\n|move|p2a: Rillaboom|U-turn|p1b: Iron Hands\n|-resisted|p1b: Iron Hands\n|-damage|p1b: Iron Hands|94/100\n|\n|t:|1746063471\n|switch|p2a: Kyogre|Kyogre, L50|100/100|[from] U-turn\n|\n|-weather|none\n|-heal|p2b: Zamazenta|45/100|[from] Grassy Terrain\n|-heal|p1a: Zamazenta|22/100|[from] Grassy Terrain\n|-heal|p1b: Iron Hands|99/100|[from] Grassy Terrain\n|-fieldend|move: Grassy Terrain\n|upkeep\n|turn|6\n|\n|t:|1746063482\n|switch|p2a: Rillaboom|Rillaboom, L50, F|50/100\n|-fieldstart|move: Grassy Terrain|[from] ability: Grassy Surge|[of] p2a: Rillaboom\n|move|p2b: Zamazenta|Protect|p2b: Zamazenta\n|-singleturn|p2b: Zamazenta|Protect\n|move|p1a: Zamazenta|Body Press|p2a: Rillaboom\n|-damage|p2a: Rillaboom|0 fnt\n|faint|p2a: Rillaboom\n|move|p1b: Iron Hands|Wild Charge|p2b: Zamazenta\n|-activate|p2b: Zamazenta|move: Protect\n|\n|-heal|p2b: Zamazenta|52/100|[from] Grassy Terrain\n|-heal|p1a: Zamazenta|28/100|[from] Grassy Terrain\n|-heal|p1b: Iron Hands|100/100|[from] Grassy Terrain\n|upkeep\n|\n|t:|1746063492\n|switch|p2a: Kyogre|Kyogre, L50|100/100\n|-weather|RainDance|[from] ability: Drizzle|[of] p2a: Kyogre\n|turn|7\n|\n|t:|1746063509\n|-terastallize|p2a: Kyogre|Grass\n|move|p2b: Zamazenta|Body Press|p1a: Zamazenta\n|-supereffective|p1a: Zamazenta\n|-damage|p1a: Zamazenta|0 fnt\n|faint|p1a: Zamazenta\n|move|p2a: Kyogre|Water Spout|p1b: Iron Hands\n|-damage|p1b: Iron Hands|14/100\n|move|p1b: Iron Hands|Wild Charge|p2a: Kyogre\n|-resisted|p2a: Kyogre\n|-damage|p2a: Kyogre|77/100\n|-damage|p1b: Iron Hands|9/100|[from] Recoil\n|\n|-weather|RainDance|[upkeep]\n|-heal|p2b: Zamazenta|58/100|[from] Grassy Terrain\n|-heal|p2a: Kyogre|83/100|[from] Grassy Terrain\n|-heal|p1b: Iron Hands|15/100|[from] Grassy Terrain\n|upkeep\n|\n|t:|1746063513\n|switch|p1a: Ditto|Ditto, L50, shiny|100/100\n|-transform|p1a: Ditto|p2b: Zamazenta|[from] ability: Imposter\n|-ability|p1a: Ditto|Dauntless Shield|boost\n|-boost|p1a: Ditto|def|1\n|turn|8\n|inactive|Lord_of_Ewoks has 30 seconds left.\n|\n|t:|1746063542\n|move|p1a: Ditto|Body Press|p2a: Kyogre\n|-damage|p2a: Kyogre|0 fnt\n|faint|p2a: Kyogre\n|move|p2b: Zamazenta|Body Press|p1a: Ditto\n|-supereffective|p1a: Ditto\n|-damage|p1a: Ditto|50/100\n|move|p1b: Iron Hands|Drain Punch|p2b: Zamazenta\n|-supereffective|p2b: Zamazenta\n|-damage|p2b: Zamazenta|23/100\n|-heal|p1b: Iron Hands|28/100|[from] drain|[of] p2b: Zamazenta\n|\n|-weather|RainDance|[upkeep]\n|-heal|p1a: Ditto|56/100|[from] Grassy Terrain\n|-heal|p2b: Zamazenta|29/100|[from] Grassy Terrain\n|-heal|p1b: Iron Hands|34/100|[from] Grassy Terrain\n|upkeep\n|turn|9\n|\n|t:|1746063557\n|move|p2b: Zamazenta|Body Press|p1a: Ditto\n|-supereffective|p1a: Ditto\n|-damage|p1a: Ditto|4/100\n|move|p1a: Ditto|Body Press|p2b: Zamazenta\n|-supereffective|p2b: Zamazenta\n|-damage|p2b: Zamazenta|0 fnt\n|faint|p2b: Zamazenta\n|\n|win|KLOEEE\n|raw|KLOEEE's rating: 1150 &rarr; <strong>1175</strong><br />(+25 for winning)\n|raw|Lord_of_Ewoks's rating: 1156 &rarr; <strong>1131</strong><br />(-25 for losing)\n|l|\u2606Lord_of_Ewoks\n|player|p2|\n", "uploadtime": 1746063566, "views": 7, "formatid": "gen9vgc2025regibo3", "rating": 1131, "private": 0, "password": null}