{"id": "gen9vgc2025regibo3-2354026416", "format": "[Gen 9] VGC 2025 Reg I (Bo3)", "players": ["Purp93", "Applepi_5_10"], "log": "|j|\u2606Purp93\n|j|\u2606Applepi_5_10\n|html|<table width=\"100%\"><tr><td align=\"left\">Purp93</td><td align=\"right\">Applepi_5_10</tr><tr><td align=\"left\"><i class=\"fa fa-circle-o\"></i> <i class=\"fa fa-circle-o\"></i> </td><td align=\"right\"><i class=\"fa fa-circle-o\"></i> <i class=\"fa fa-circle\"></i> </tr></table>\n|uhtml|bestof|<h2><strong>Game 2</strong> of <a href=\"/game-bestof3-gen9vgc2025regibo3-2354023570\">a best-of-3</a></h2>\n|t:|1746028573\n|gametype|doubles\n|player|p1|Purp93|101|1133\n|player|p2|Applepi_5_10|2|1105\n|teamsize|p1|6\n|teamsize|p2|6\n|gen|9\n|tier|[Gen 9] VGC 2025 Reg I (Bo3)\n|rated|\n|rule|Species Clause: Limit one of each Pok\u00e9mon\n|rule|Item Clause: Limit 1 of each item\n|clearpoke\n|poke|p1|Ho-Oh, L50|\n|poke|p1|Calyrex-Ice, L50|\n|poke|p1|Ursaluna-Bloodmoon, L50, M|\n|poke|p1|Farigiraf, L50, F|\n|poke|p1|Rillaboom, L50, F|\n|poke|p1|Incineroar, L50, F|\n|poke|p2|Flutter Mane, L50|\n|poke|p2|Ogerpon-Cornerstone, L50, F|\n|poke|p2|Chi-Yu, L50|\n|poke|p2|Koraidon, L50|\n|poke|p2|Lunala, L50|\n|poke|p2|Indeedee-F, L50, F|\n|teampreview|4\n|showteam|p1|Ho-Oh||Leftovers|Regenerator|Tailwind,BraveBird,SacredFire,Recover||||||50|,,,,,Grass]Calyrex-Ice||ClearAmulet|AsOneGlastrier|GlacialLance,HighHorsepower,SwordsDance,Protect||||||50|,,,,,Water]Ursaluna-Bloodmoon||LifeOrb|MindsEye|BloodMoon,HyperVoice,EarthPower,Protect|||M|||50|,,,,,Ghost]Farigiraf||RockyHelmet|ArmorTail|FoulPlay,TrickRoom,Imprison,Protect|||F|||50|,,,,,Dark]Rillaboom||AssaultVest|GrassySurge|FakeOut,GrassyGlide,WoodHammer,Uturn|||F|||50|,,,,,Fire]Incineroar||SafetyGoggles|Intimidate|FakeOut,KnockOff,WillOWisp,PartingShot|||F|||50|,,,,,Ghost\n|showteam|p2|Flutter Mane||FocusSash|Protosynthesis|Protect,Moonblast,ShadowBall,IcyWind||||||50|,,,,,Normal]Ogerpon-Cornerstone||CornerstoneMask|Sturdy|IvyCudgel,PowerWhip,SpikyShield,FollowMe|||F|||50|,,,,,Rock]Chi-Yu||ChoiceScarf|BeadsofRuin|HeatWave,DarkPulse,Snarl,Overheat||||||50|,,,,,Fire]Koraidon||LifeOrb|OrichalcumPulse|CloseCombat,FlareBlitz,Protect,FlameCharge||||||50|,,,,,Fire]Lunala||PowerHerb|ShadowShield|Protect,MeteorBeam,ExpandingForce,MoongeistBeam||||||50|,,,,,Water]Indeedee-F||RockyHelmet|PsychicSurge|FollowMe,HelpingHand,ShadowBall,TrickRoom|||F|||50|,,,,,Water\n|inactive|Battle timer is ON: inactive players will automatically lose when time's up. (requested by Applepi_5_10)\n|\n|t:|1746028583\n|start\n|switch|p1a: Farigiraf|Farigiraf, L50, F|100/100\n|switch|p1b: Incineroar|Incineroar, L50, F|100/100\n|switch|p2a: Chi-Yu|Chi-Yu, L50|100/100\n|switch|p2b: Spongebob|Ogerpon-Cornerstone, L50, F|100/100\n|-ability|p2a: Chi-Yu|Beads of Ruin\n|-ability|p1b: Incineroar|Intimidate|boost\n|-unboost|p2a: Chi-Yu|atk|1\n|-unboost|p2b: Spongebob|atk|1\n|turn|1\n|\n|t:|1746028603\n|switch|p2a: Indeedee|Indeedee-F, L50, F|100/100\n|-fieldstart|move: Psychic Terrain|[from] ability: Psychic Surge|[of] p2a: Indeedee\n|-terastallize|p1b: Incineroar|Ghost\n|move|p1b: Incineroar|Fake Out|p2a: Indeedee\n|-activate|p2a: Indeedee|move: Psychic Terrain\n|move|p2b: Spongebob|Ivy Cudgel|p1b: Incineroar|[anim] Ivy Cudgel Rock\n|-damage|p1b: Incineroar|62/100\n|move|p1a: Farigiraf|Trick Room|p1a: Farigiraf\n|-fieldstart|move: Trick Room|[of] p1a: Farigiraf\n|\n|upkeep\n|turn|2\n|inactive|Applepi_5_10 has 30 seconds left.\n|inactive|Applepi_5_10 has 20 seconds left.\n|inactive|Applepi_5_10 has 15 seconds left.\n|\n|t:|1746028646\n|move|p1a: Farigiraf|Imprison|p1a: Farigiraf\n|-start|p1a: Farigiraf|move: Imprison\n|move|p1b: Incineroar|Will-O-Wisp|p2b: Spongebob|[miss]\n|-miss|p1b: Incineroar|p2b: Spongebob\n|move|p2a: Indeedee|Shadow Ball|p1b: Incineroar\n|-supereffective|p1b: Incineroar\n|-damage|p1b: Incineroar|29/100\n|move|p2b: Spongebob|Ivy Cudgel|p1a: Farigiraf|[anim] Ivy Cudgel Rock\n|-damage|p1a: Farigiraf|59/100\n|\n|upkeep\n|turn|3\n|\n|t:|1746028661\n|move|p2b: Spongebob|Spiky Shield|p2b: Spongebob\n|-singleturn|p2b: Spongebob|move: Protect\n|move|p1a: Farigiraf|Foul Play|p2b: Spongebob\n|-activate|p2b: Spongebob|move: Protect\n|-damage|p1a: Farigiraf|47/100|[from] Spiky Shield|[of] p2b: Spongebob\n|move|p1b: Incineroar|Knock Off|p2a: Indeedee\n|-supereffective|p2a: Indeedee\n|-damage|p2a: Indeedee|11/100\n|-damage|p1b: Incineroar|13/100|[from] item: Rocky Helmet|[of] p2a: Indeedee\n|-enditem|p2a: Indeedee|Rocky Helmet|[from] move: Knock Off|[of] p1b: Incineroar\n|move|p2a: Indeedee|Shadow Ball|p1b: Incineroar\n|-supereffective|p1b: Incineroar\n|-damage|p1b: Incineroar|0 fnt\n|faint|p1b: Incineroar\n|\n|upkeep\n|\n|t:|1746028676\n|switch|p1b: Calyrex|Calyrex-Ice, L50|100/100\n|-ability|p1b: Calyrex|As One\n|-ability|p1b: Calyrex|Unnerve\n|turn|4\n|\n|t:|1746028696\n|move|p2a: Indeedee|Helping Hand|p2b: Spongebob\n|-singleturn|p2b: Spongebob|Helping Hand|[of] p2a: Indeedee\n|move|p1a: Farigiraf|Foul Play|p2b: Spongebob\n|-damage|p2b: Spongebob|75/100\n|move|p1b: Calyrex|Glacial Lance|p2b: Spongebob|[spread] p2a,p2b\n|-supereffective|p2b: Spongebob\n|-damage|p2a: Indeedee|0 fnt\n|-damage|p2b: Spongebob|0 fnt\n|faint|p2a: Indeedee\n|faint|p2b: Spongebob\n|-ability|p1b: Calyrex|Chilling Neigh|boost\n|-boost|p1b: Calyrex|atk|2\n|\n|upkeep\n|\n|t:|1746028708\n|switch|p2a: Chi-Yu|Chi-Yu, L50|100/100\n|switch|p2b: Gladys|Lunala, L50|100/100\n|-ability|p2a: Chi-Yu|Beads of Ruin\n|turn|5\n|\n|t:|1746028719\n|-terastallize|p2b: Gladys|Water\n|move|p1a: Farigiraf|Foul Play|p2b: Gladys\n|-damage|p2b: Gladys|92/100\n|move|p1b: Calyrex|High Horsepower|p2a: Chi-Yu\n|-supereffective|p2a: Chi-Yu\n|-damage|p2a: Chi-Yu|0 fnt\n|faint|p2a: Chi-Yu\n|-ability|p1b: Calyrex|Chilling Neigh|boost\n|-boost|p1b: Calyrex|atk|1\n|move|p2b: Gladys|Meteor Beam||[still]\n|-prepare|p2b: Gladys|Meteor Beam\n|-boost|p2b: Gladys|spa|1\n|-enditem|p2b: Gladys|Power Herb\n|-anim|p2b: Gladys|Meteor Beam|p1b: Calyrex|[miss]\n|-miss|p2b: Gladys|p1b: Calyrex\n|\n|-fieldend|move: Trick Room\n|-fieldend|move: Psychic Terrain\n|upkeep\n|turn|6\n|\n|t:|1746028740\n|move|p2b: Gladys|Moongeist Beam|p1b: Calyrex\n|-supereffective|p1b: Calyrex\n|-damage|p1b: Calyrex|0 fnt\n|faint|p1b: Calyrex\n|move|p1a: Farigiraf|Trick Room|p1a: Farigiraf\n|-fieldstart|move: Trick Room|[of] p1a: Farigiraf\n|\n|upkeep\n|\n|t:|1746028747\n|switch|p1b: Ursaluna|Ursaluna-Bloodmoon, L50, M|100/100\n|turn|7\n|\n|t:|1746028765\n|move|p1b: Ursaluna|Earth Power|p2b: Gladys\n|-damage|p2b: Gladys|42/100\n|-unboost|p2b: Gladys|spd|1\n|-damage|p1b: Ursaluna|90/100|[from] item: Life Orb\n|move|p1a: Farigiraf|Foul Play|p2b: Gladys\n|-damage|p2b: Gladys|24/100\n|move|p2b: Gladys|Expanding Force|p1b: Ursaluna\n|-damage|p1b: Ursaluna|20/100\n|\n|upkeep\n|turn|8\n|\n|t:|1746028779\n|move|p1a: Farigiraf|Foul Play|p2b: Gladys\n|-damage|p2b: Gladys|6/100\n|move|p1b: Ursaluna|Hyper Voice|p2b: Gladys\n|-damage|p2b: Gladys|0 fnt\n|faint|p2b: Gladys\n|-damage|p1b: Ursaluna|10/100|[from] item: Life Orb\n|\n|win|Purp93\n||Applepi_5_10 is ready for game 3.\n||Purp93 is ready for game 3.\n|uhtml|next|Next: <a href=\"/battle-gen9vgc2025regibo3-2354028865\"><strong>Game 3 of 3</strong></a>\n|l|\u2606Purp93\n|player|p1|\n", "uploadtime": 1746029074, "views": 6, "formatid": "gen9vgc2025regibo3", "rating": null, "private": 0, "password": null}