{"id": "gen9vgc2025regibo3-2353741392", "format": "[Gen 9] VGC 2025 Reg I (Bo3)", "players": ["just_another_ace", "Myoto8"], "log": "|j|\u2606just_another_ace\n|j|\u2606Myoto8\n|html|<table width=\"100%\"><tr><td align=\"left\">just_another_ace</td><td align=\"right\">Myoto8</tr><tr><td align=\"left\"><i class=\"fa fa-circle-o\"></i> <i class=\"fa fa-circle-o\"></i> </td><td align=\"right\"><i class=\"fa fa-circle-o\"></i> <i class=\"fa fa-circle-o\"></i> </tr></table>\n|uhtml|bestof|<h2><strong>Game 1</strong> of <a href=\"/game-bestof3-gen9vgc2025regibo3-2353741391\">a best-of-3</a></h2>\n|t:|1745991985\n|gametype|doubles\n|player|p1|just_another_ace|morty|1188\n|player|p2|Myoto8|marlon|1216\n|teamsize|p1|6\n|teamsize|p2|6\n|gen|9\n|tier|[Gen 9] VGC 2025 Reg I (Bo3)\n|rated|\n|rule|Species Clause: Limit one of each Pok\u00e9mon\n|rule|Item Clause: Limit 1 of each item\n|clearpoke\n|poke|p1|Zacian-*, L50|\n|poke|p1|Koraidon, L50|\n|poke|p1|Brute Bonnet, L50|\n|poke|p1|Indeedee-F, L50, F|\n|poke|p1|Flutter Mane, L50|\n|poke|p1|Chi-Yu, L50|\n|poke|p2|Koraidon, L50|\n|poke|p2|Flutter Mane, L50|\n|poke|p2|Indeedee-F, L50, F|\n|poke|p2|Calyrex-Shadow, L50|\n|poke|p2|Brute Bonnet, L50|\n|poke|p2|Whimsicott, L50, M|\n|teampreview|4\n|showteam|p1|Zacian-Crowned||RustedSword|IntrepidSword|Protect,PlayRough,behemothblade,SacredSword||||||50|,,,,,Dragon]Koraidon||LifeOrb|OrichalcumPulse|FlameCharge,Protect,CloseCombat,FlareBlitz||||||50|,,,,,Fire]Brute Bonnet||CovertCloak|Protosynthesis|Spore,RagePowder,SuckerPunch,SeedBomb||||||50|,,,,,Water]Indeedee-F||SafetyGoggles|PsychicSurge|Imprison,TrickRoom,FollowMe,Psychic|||F|||50|,,,,,Fairy]Flutter Mane||FocusSash|Protosynthesis|ShadowBall,Moonblast,IcyWind,Protect||||||50|,,,,,Normal]Chi-Yu||ChoiceScarf|BeadsofRuin|Snarl,HeatWave,DarkPulse,Overheat||||||50|,,,,,Ghost\n|showteam|p2|Koraidon||LoadedDice|OrichalcumPulse|ScaleShot,FlareBlitz,CloseCombat,Protect||||||50|,,,,,Fire]Flutter Mane||FocusSash|Protosynthesis|Taunt,Moonblast,Protect,IcyWind||||||50|,,,,,Normal]Indeedee-F||PsychicSeed|PsychicSurge|FollowMe,HelpingHand,TrickRoom,DazzlingGleam|||F|||50|,,,,,Fairy]Calyrex-Shadow||LifeOrb|AsOneSpectrier|AstralBarrage,ExpandingForce,Protect,NastyPlot||||||50|,,,,,Water]Brute Bonnet||RockyHelmet|Protosynthesis|Spore,RagePowder,Protect,Crunch||||||50|,,,,,Water]Whimsicott||CovertCloak|Prankster|Tailwind,Moonblast,LightScreen,Taunt|||M|||50|,,,,,Dark\n|inactive|Battle timer is ON: inactive players will automatically lose when time's up. (requested by just_another_ace)\n|inactive|Myoto8 has 60 seconds left.\n|\n|t:|1745992029\n|start\n|switch|p1a: Koraidon|Koraidon, L50|100/100\n|switch|p1b: Indeedee|Indeedee-F, L50, F|100/100\n|switch|p2a: Whimsicott|Whimsicott, L50, M|100/100\n|switch|p2b: Koraidon|Koraidon, L50|100/100\n|-weather|SunnyDay|[from] ability: Orichalcum Pulse|[of] p2b: Koraidon\n|-activate|p2b: Koraidon|Orichalcum Pulse|[source]\n|-activate|p1a: Koraidon|ability: Orichalcum Pulse\n|-fieldstart|move: Psychic Terrain|[from] ability: Psychic Surge|[of] p1b: Indeedee\n|turn|1\n|\n|t:|1745992050\n|-terastallize|p2b: Koraidon|Fire\n|move|p1a: Koraidon|Protect|p1a: Koraidon\n|-singleturn|p1a: Koraidon|Protect\n|move|p2a: Whimsicott|Tailwind|p2a: Whimsicott\n|-sidestart|p2: Myoto8|move: Tailwind\n|move|p2b: Koraidon|Flare Blitz|p1b: Indeedee\n|-crit|p1b: Indeedee\n|-damage|p1b: Indeedee|0 fnt\n|faint|p1b: Indeedee\n|-damage|p2b: Koraidon|67/100|[from] Recoil\n|\n|-weather|SunnyDay|[upkeep]\n|upkeep\n|\n|t:|1745992059\n|switch|p1b: Brute Bonnet|Brute Bonnet, L50|100/100\n|-activate|p1b: Brute Bonnet|ability: Protosynthesis\n|-start|p1b: Brute Bonnet|protosynthesisdef\n|turn|2\n|inactive|Myoto8 has 30 seconds left.\n|inactive|Myoto8 has 20 seconds left.\n|inactive|Myoto8 has 15 seconds left.\n|\n|t:|1745992101\n|-terastallize|p1b: Brute Bonnet|Water\n|move|p1b: Brute Bonnet|Rage Powder|p1b: Brute Bonnet\n|-singleturn|p1b: Brute Bonnet|move: Rage Powder\n|move|p2b: Koraidon|Flare Blitz|p1b: Brute Bonnet\n|-resisted|p1b: Brute Bonnet\n|-damage|p1b: Brute Bonnet|70/100\n|-damage|p2b: Koraidon|55/100|[from] Recoil\n|move|p2a: Whimsicott|Moonblast|p1b: Brute Bonnet\n|-damage|p1b: Brute Bonnet|46/100\n|move|p1a: Koraidon|Flame Charge|p2a: Whimsicott\n|-supereffective|p2a: Whimsicott\n|-damage|p2a: Whimsicott|18/100\n|-boost|p1a: Koraidon|spe|1\n|-damage|p1a: Koraidon|91/100|[from] item: Life Orb\n|\n|-weather|SunnyDay|[upkeep]\n|upkeep\n|turn|3\n|\n|t:|1745992118\n|move|p1b: Brute Bonnet|Rage Powder|p1b: Brute Bonnet\n|-singleturn|p1b: Brute Bonnet|move: Rage Powder\n|move|p2b: Koraidon|Scale Shot|p1b: Brute Bonnet\n|-damage|p1b: Brute Bonnet|37/100\n|-damage|p1b: Brute Bonnet|28/100\n|-damage|p1b: Brute Bonnet|18/100\n|-damage|p1b: Brute Bonnet|9/100\n|-hitcount|p1b: Brute Bonnet|4\n|-unboost|p2b: Koraidon|def|1\n|-boost|p2b: Koraidon|spe|1\n|move|p1a: Koraidon|Flame Charge|p2a: Whimsicott\n|-supereffective|p2a: Whimsicott\n|-damage|p2a: Whimsicott|0 fnt\n|-boost|p1a: Koraidon|spe|1\n|faint|p2a: Whimsicott\n|-damage|p1a: Koraidon|81/100|[from] item: Life Orb\n|\n|-weather|SunnyDay|[upkeep]\n|upkeep\n|\n|t:|1745992131\n|switch|p2a: Calyrex|Calyrex-Shadow, L50|100/100\n|-ability|p2a: Calyrex|As One\n|-ability|p2a: Calyrex|Unnerve\n|turn|4\n|\n|t:|1745992142\n|move|p1a: Koraidon|Protect|p1a: Koraidon\n|-singleturn|p1a: Koraidon|Protect\n|move|p2b: Koraidon|Scale Shot|p1b: Brute Bonnet\n|-damage|p1b: Brute Bonnet|0 fnt\n|faint|p1b: Brute Bonnet\n|-end|p1b: Brute Bonnet|Protosynthesis|[silent]\n|-hitcount|p1: Brute Bonnet|1\n|-unboost|p2b: Koraidon|def|1\n|-boost|p2b: Koraidon|spe|1\n|move|p2a: Calyrex|Astral Barrage|p1a: Koraidon\n|-activate|p1a: Koraidon|move: Protect\n|\n|-weather|SunnyDay|[upkeep]\n|-sideend|p2: Myoto8|move: Tailwind\n|upkeep\n|\n|t:|1745992146\n|switch|p1b: Zacian|Zacian-Crowned, L50|100/100\n|-ability|p1b: Zacian|Intrepid Sword|boost\n|-boost|p1b: Zacian|atk|1\n|turn|5\n|\n|t:|1745992161\n|move|p2b: Koraidon|Scale Shot|p1a: Koraidon\n|-supereffective|p1a: Koraidon\n|-damage|p1a: Koraidon|47/100\n|-supereffective|p1a: Koraidon\n|-damage|p1a: Koraidon|16/100\n|-supereffective|p1a: Koraidon\n|-damage|p1a: Koraidon|0 fnt\n|faint|p1a: Koraidon\n|-hitcount|p1: Koraidon|3\n|-unboost|p2b: Koraidon|def|1\n|-boost|p2b: Koraidon|spe|1\n|move|p2a: Calyrex|Astral Barrage|p1b: Zacian\n|-damage|p1b: Zacian|16/100\n|-damage|p2a: Calyrex|91/100|[from] item: Life Orb\n|move|p1b: Zacian|Behemoth Blade|p2a: Calyrex\n|-damage|p2a: Calyrex|0 fnt\n|faint|p2a: Calyrex\n|\n|-weather|none\n|-fieldend|move: Psychic Terrain\n|upkeep\n|-message|just_another_ace forfeited.\n|\n|win|Myoto8\n|l|\u2606just_another_ace\n|player|p1|\n||just_another_ace is ready for game 2.\n||Myoto8 is ready for game 2.\n|uhtml|next|Next: <a href=\"/battle-gen9vgc2025regibo3-2353742461\"><strong>Game 2 of 3</strong></a>\n", "uploadtime": 1745992560, "views": 6, "formatid": "gen9vgc2025regibo3", "rating": null, "private": 0, "password": null}