{"id": "gen9vgc2025regibo3-2354617908", "format": "[Gen 9] VGC 2025 Reg I (Bo3)", "players": ["aloneamongamongus", "MarceloCe13"], "log": "|j|\u2606aloneamongamongus\n|j|\u2606MarceloCe13\n|html|<table width=\"100%\"><tr><td align=\"left\">aloneamongamongus</td><td align=\"right\">MarceloCe13</tr><tr><td align=\"left\"><i class=\"fa fa-circle-o\"></i> <i class=\"fa fa-circle-o\"></i> </td><td align=\"right\"><i class=\"fa fa-circle-o\"></i> <i class=\"fa fa-circle-o\"></i> </tr></table>\n|uhtml|bestof|<h2><strong>Game 1</strong> of <a href=\"/game-bestof3-gen9vgc2025regibo3-2354617907\">a best-of-3</a></h2>\n|t:|1746103458\n|gametype|doubles\n|player|p1|aloneamongamongus|ghetsis|1155\n|player|p2|MarceloCe13|169|1179\n|teamsize|p1|6\n|teamsize|p2|6\n|gen|9\n|tier|[Gen 9] VGC 2025 Reg I (Bo3)\n|rated|\n|rule|Species Clause: Limit one of each Pok\u00e9mon\n|rule|Item Clause: Limit 1 of each item\n|clearpoke\n|poke|p1|Terapagos, L50, M|\n|poke|p1|Calyrex-Shadow, L50|\n|poke|p1|Incineroar, L50, M|\n|poke|p1|Rillaboom, L50, F|\n|poke|p1|Amoonguss, L50, F|\n|poke|p1|Urshifu-*, L50, F|\n|poke|p2|Miraidon, L50|\n|poke|p2|Calyrex-Ice, L50|\n|poke|p2|Iron Hands, L50|\n|poke|p2|Farigiraf, L50, M|\n|poke|p2|Ogerpon-Cornerstone, L50, F|\n|poke|p2|Incineroar, L50, F|\n|teampreview|4\n|showteam|p1|Terapagos||Leftovers|TeraShift|TeraStarstorm,EarthPower,CalmMind,Protect|||M|||50|,,,,,Stellar]Calyrex-Shadow||FocusSash|AsOneSpectrier|AstralBarrage,WillOWisp,Disable,Protect||||||50|,,,,,Dark]Incineroar||SafetyGoggles|Intimidate|FakeOut,KnockOff,PartingShot,WillOWisp|||M|||50|,,,,,Ghost]Rillaboom||AssaultVest|GrassySurge|FakeOut,GrassyGlide,WoodHammer,Uturn|||F|||50|,,,,,Fire]Amoonguss||RockyHelmet|Regenerator|Spore,RagePowder,SludgeBomb,Protect|||F|||50|,,,,,Water]Urshifu-Rapid-Strike||ChoiceScarf|UnseenFist|SurgingStrikes,AquaJet,CloseCombat,Uturn|||F|||50|,,,,,Water\n|showteam|p2|Miraidon||ChoiceSpecs|HadronEngine|ElectroDrift,DracoMeteor,VoltSwitch,DazzlingGleam||||||50|,,,,,Fairy]Calyrex-Ice||ClearAmulet|AsOneGlastrier|GlacialLance,HighHorsepower,TrickRoom,Protect||||||50|,,,,,Water]Iron Hands||AssaultVest|QuarkDrive|DrainPunch,LowKick,WildCharge,FakeOut||||||50|,,,,,Bug]Farigiraf||ElectricSeed|ArmorTail|FoulPlay,PsychicNoise,TrickRoom,HelpingHand|||M|||50|,,,,,Water]Ogerpon-Cornerstone||CornerstoneMask|Sturdy|IvyCudgel,Encore,FollowMe,SpikyShield|||F|||50|,,,,,Rock]Incineroar||RockyHelmet|Intimidate|KnockOff,FakeOut,WillOWisp,PartingShot|||F|||50|,,,,,Bug\n|j| lol lol lol blue\n|inactive|Battle timer is ON: inactive players will automatically lose when time's up. (requested by MarceloCe13)\n|inactive|aloneamongamongus has 60 seconds left.\n|inactive|aloneamongamongus has 30 seconds left.\n|inactive|aloneamongamongus has 20 seconds left.\n|\n|t:|1746103559\n|start\n|switch|p1a: Terapagos|Terapagos, L50, M|100/100\n|switch|p1b: Rillaboom|Rillaboom, L50, F|100/100\n|switch|p2a: Calyrex|Calyrex-Ice, L50|100/100\n|switch|p2b: Incineroar|Incineroar, L50, F|100/100\n|-activate|p1a: Terapagos|ability: Tera Shift\n|detailschange|p1a: Terapagos|Terapagos-Terastal, L50, M\n|-heal|p1a: Terapagos|100/100|[silent]\n|-ability|p2a: Calyrex|As One\n|-ability|p2a: Calyrex|Unnerve\n|-fieldstart|move: Grassy Terrain|[from] ability: Grassy Surge|[of] p1b: Rillaboom\n|-ability|p2b: Incineroar|Intimidate|boost\n|-unboost|p1a: Terapagos|atk|1\n|-unboost|p1b: Rillaboom|atk|1\n|turn|1\n|inactive|MarceloCe13 has 30 seconds left.\n|inactive|aloneamongamongus has 30 seconds left.\n|inactive|MarceloCe13 has 20 seconds left.\n|inactive|MarceloCe13 has 15 seconds left.\n|\n|t:|1746103599\n|move|p1b: Rillaboom|Fake Out|p2a: Calyrex\n|-damage|p2a: Calyrex|95/100\n|move|p1a: Terapagos|Calm Mind|p1a: Terapagos\n|-boost|p1a: Terapagos|spa|1\n|-boost|p1a: Terapagos|spd|1\n|move|p2b: Incineroar|Knock Off|p1a: Terapagos\n|-activate|p1a: Terapagos|ability: Tera Shell\n|-resisted|p1a: Terapagos\n|-damage|p1a: Terapagos|88/100\n|-enditem|p1a: Terapagos|Leftovers|[from] move: Knock Off|[of] p2b: Incineroar\n|cant|p2a: Calyrex|flinch\n|\n|-heal|p1a: Terapagos|94/100|[from] Grassy Terrain\n|-heal|p2a: Calyrex|100/100|[from] Grassy Terrain\n|upkeep\n|turn|2\n|inactive|MarceloCe13 has 30 seconds left.\n|\n|t:|1746103633\n|move|p1a: Terapagos|Protect|p1a: Terapagos\n|-singleturn|p1a: Terapagos|Protect\n|move|p1b: Rillaboom|U-turn|p2a: Calyrex\n|-supereffective|p2a: Calyrex\n|-damage|p2a: Calyrex|82/100\n|\n|t:|1746103645\n|switch|p1b: Incineroar|Incineroar, L50, M|100/100|[from] U-turn\n|-ability|p1b: Incineroar|Intimidate|boost\n|-fail|p2a: Calyrex|unboost|[from] item: Clear Amulet|[of] p2a: Calyrex\n|-unboost|p2b: Incineroar|atk|1\n|move|p2b: Incineroar|Parting Shot|p1a: Terapagos\n|-activate|p1a: Terapagos|move: Protect\n|move|p2a: Calyrex|Trick Room|p2a: Calyrex\n|-fieldstart|move: Trick Room|[of] p2a: Calyrex\n|\n|-heal|p2a: Calyrex|88/100|[from] Grassy Terrain\n|-heal|p1a: Terapagos|100/100|[from] Grassy Terrain\n|upkeep\n|turn|3\n|inactive|aloneamongamongus has 30 seconds left.\n|inactive|aloneamongamongus has 20 seconds left.\n|inactive|aloneamongamongus has 15 seconds left.\n|inactive|aloneamongamongus has 10 seconds left.\n|\n|t:|1746103693\n|move|p2a: Calyrex|Protect|p2a: Calyrex\n|-singleturn|p2a: Calyrex|Protect\n|move|p1b: Incineroar|Will-O-Wisp|p2a: Calyrex\n|-activate|p2a: Calyrex|move: Protect\n|move|p2b: Incineroar|Parting Shot|p1a: Terapagos\n|-unboost|p1a: Terapagos|atk|1\n|-unboost|p1a: Terapagos|spa|1\n|\n|t:|1746103701\n|switch|p2b: Iron Hands|Iron Hands, L50|100/100|[from] Parting Shot\n|move|p1a: Terapagos|Earth Power|p2b: Iron Hands\n|-supereffective|p2b: Iron Hands\n|-damage|p2b: Iron Hands|74/100\n|\n|-heal|p2b: Iron Hands|80/100|[from] Grassy Terrain\n|-heal|p2a: Calyrex|94/100|[from] Grassy Terrain\n|upkeep\n|turn|4\n|inactive|aloneamongamongus has 30 seconds left.\n|inactive|MarceloCe13 has 30 seconds left.\n|inactive|aloneamongamongus has 20 seconds left.\n|inactive|MarceloCe13 has 20 seconds left.\n|inactive|aloneamongamongus has 15 seconds left.\n|inactive|MarceloCe13 has 15 seconds left.\n|inactive|aloneamongamongus has 10 seconds left.\n|\n|t:|1746103747\n|-terastallize|p1b: Incineroar|Ghost\n|move|p2b: Iron Hands|Wild Charge|p1b: Incineroar\n|-damage|p1b: Incineroar|57/100\n|-damage|p2b: Iron Hands|70/100|[from] Recoil\n|move|p2a: Calyrex|Glacial Lance|p1b: Incineroar|[spread] p1a,p1b\n|-activate|p1a: Terapagos|ability: Tera Shell\n|-resisted|p1a: Terapagos\n|-damage|p1a: Terapagos|79/100\n|-damage|p1b: Incineroar|10/100\n|move|p1b: Incineroar|Will-O-Wisp|p2a: Calyrex\n|-status|p2a: Calyrex|brn\n|move|p1a: Terapagos|Calm Mind|p1a: Terapagos\n|-boost|p1a: Terapagos|spa|1\n|-boost|p1a: Terapagos|spd|1\n|\n|-heal|p2a: Calyrex|99/100 brn|[from] Grassy Terrain\n|-heal|p2b: Iron Hands|76/100|[from] Grassy Terrain\n|-heal|p1b: Incineroar|16/100|[from] Grassy Terrain\n|-heal|p1a: Terapagos|85/100|[from] Grassy Terrain\n|-damage|p2a: Calyrex|94/100 brn|[from] brn\n|upkeep\n|turn|5\n|inactive|aloneamongamongus has 30 seconds left.\n|inactive|MarceloCe13 has 30 seconds left.\n|inactive|aloneamongamongus has 20 seconds left.\n|inactive|aloneamongamongus has 15 seconds left.\n|\n|t:|1746103790\n|move|p1a: Terapagos|Protect|p1a: Terapagos\n|-singleturn|p1a: Terapagos|Protect\n|move|p2a: Calyrex|Glacial Lance|p1b: Incineroar|[spread] p1b\n|-activate|p1a: Terapagos|move: Protect\n|-damage|p1b: Incineroar|0 fnt\n|faint|p1b: Incineroar\n|-ability|p2a: Calyrex|Chilling Neigh|boost\n|-boost|p2a: Calyrex|atk|1\n|move|p2b: Iron Hands|Drain Punch|p1a: Terapagos\n|-activate|p1a: Terapagos|move: Protect\n|\n|-heal|p2b: Iron Hands|82/100|[from] Grassy Terrain\n|-heal|p2a: Calyrex|99/100 brn|[from] Grassy Terrain\n|-heal|p1a: Terapagos|91/100|[from] Grassy Terrain\n|-damage|p2a: Calyrex|94/100 brn|[from] brn\n|-fieldend|move: Grassy Terrain\n|upkeep\n|\n|t:|1746103803\n|switch|p1b: Rillaboom|Rillaboom, L50, F|100/100\n|-fieldstart|move: Grassy Terrain|[from] ability: Grassy Surge|[of] p1b: Rillaboom\n|turn|6\n|inactive|aloneamongamongus has 30 seconds left.\n|\n|t:|1746103835\n|move|p1b: Rillaboom|Fake Out|p2b: Iron Hands\n|-damage|p2b: Iron Hands|73/100\n|move|p2a: Calyrex|Glacial Lance|p1b: Rillaboom|[spread] p1a,p1b\n|-supereffective|p1b: Rillaboom\n|-damage|p1a: Terapagos|57/100\n|-damage|p1b: Rillaboom|13/100\n|cant|p2b: Iron Hands|flinch\n|move|p1a: Terapagos|Tera Starstorm|p2a: Calyrex\n|-damage|p2a: Calyrex|48/100 brn\n|\n|-heal|p2b: Iron Hands|79/100|[from] Grassy Terrain\n|-heal|p2a: Calyrex|54/100 brn|[from] Grassy Terrain\n|-heal|p1b: Rillaboom|19/100|[from] Grassy Terrain\n|-heal|p1a: Terapagos|64/100|[from] Grassy Terrain\n|-damage|p2a: Calyrex|48/100 brn|[from] brn\n|-fieldend|move: Trick Room\n|upkeep\n|turn|7\n|inactive|aloneamongamongus has 30 seconds left.\n|inactive|MarceloCe13 has 30 seconds left.\n|inactive|aloneamongamongus has 20 seconds left.\n|inactive|MarceloCe13 has 20 seconds left.\n|inactive|aloneamongamongus has 15 seconds left.\n|inactive|MarceloCe13 has 15 seconds left.\n|inactive|aloneamongamongus has 10 seconds left.\n|inactive|MarceloCe13 has 10 seconds left.\n|\n|t:|1746103883\n|switch|p2a: Miraidon|Miraidon, L50|100/100\n|-fieldstart|move: Electric Terrain|[from] ability: Hadron Engine|[of] p2a: Miraidon\n|-activate|p2b: Iron Hands|ability: Quark Drive\n|-start|p2b: Iron Hands|quarkdriveatk\n|move|p1a: Terapagos|Tera Starstorm|p2a: Miraidon\n|-damage|p2a: Miraidon|35/100\n|move|p1b: Rillaboom|Wood Hammer|p2b: Iron Hands\n|-damage|p2b: Iron Hands|38/100\n|-damage|p1b: Rillaboom|4/100|[from] Recoil\n|move|p2b: Iron Hands|Drain Punch|p1a: Terapagos\n|-supereffective|p1a: Terapagos\n|-damage|p1a: Terapagos|0 fnt\n|-heal|p2b: Iron Hands|65/100|[from] drain|[of] p1a: Terapagos\n|faint|p1a: Terapagos\n|\n|upkeep\n|\n|t:|1746103894\n|switch|p1a: Calyrex|Calyrex-Shadow, L50|100/100\n|-ability|p1a: Calyrex|As One\n|-ability|p1a: Calyrex|Unnerve\n|turn|8\n|inactive|aloneamongamongus has 30 seconds left.\n|inactive|MarceloCe13 has 30 seconds left.\n|\n|t:|1746103931\n|switch|p2a: Incineroar|Incineroar, L50, F|100/100\n|-ability|p2a: Incineroar|Intimidate|boost\n|-unboost|p1a: Calyrex|atk|1\n|-unboost|p1b: Rillaboom|atk|1\n|move|p1a: Calyrex|Astral Barrage|p2a: Incineroar|[spread] p2a,p2b\n|-resisted|p2a: Incineroar\n|-damage|p2a: Incineroar|76/100\n|-damage|p2b: Iron Hands|36/100\n|move|p1b: Rillaboom|Wood Hammer|p2b: Iron Hands\n|-damage|p2b: Iron Hands|7/100\n|-damage|p1b: Rillaboom|0 fnt|[from] Recoil\n|faint|p1b: Rillaboom\n|move|p2b: Iron Hands|Wild Charge|p1a: Calyrex\n|-enditem|p1a: Calyrex|Focus Sash\n|-damage|p1a: Calyrex|1/100\n|-damage|p2b: Iron Hands|0 fnt|[from] Recoil\n|faint|p2b: Iron Hands\n|-end|p2b: Iron Hands|Quark Drive|[silent]\n|\n|upkeep\n|\n|t:|1746103951\n|switch|p2b: Calyrex|Calyrex-Ice, L50|48/100 brn\n|-ability|p2b: Calyrex|As One\n|-ability|p2b: Calyrex|Unnerve\n|turn|9\n|inactive|aloneamongamongus has 30 seconds left.\n|inactive|MarceloCe13 has 30 seconds left.\n|\n|t:|1746103982\n|move|p1a: Calyrex|Astral Barrage|p2a: Incineroar|[spread] p2a,p2b\n|-resisted|p2a: Incineroar\n|-supereffective|p2b: Calyrex\n|-damage|p2a: Incineroar|54/100\n|-damage|p2b: Calyrex|0 fnt\n|faint|p2b: Calyrex\n|-ability|p1a: Calyrex|Grim Neigh|boost\n|-boost|p1a: Calyrex|spa|1\n|move|p2a: Incineroar|Knock Off|p1a: Calyrex\n|-supereffective|p1a: Calyrex\n|-damage|p1a: Calyrex|0 fnt\n|faint|p1a: Calyrex\n|\n|win|MarceloCe13\n||aloneamongamongus is ready for game 2.\n|inactive|MarceloCe13 has 30 seconds to confirm battle start!\n", "uploadtime": 1746103993, "views": 9, "formatid": "gen9vgc2025regibo3", "rating": null, "private": 0, "password": null}