{"id": "gen9vgc2025regibo3-2354146091", "format": "[Gen 9] VGC 2025 Reg I (Bo3)", "players": ["SakiVGC", "Samm3"], "log": "|j|\u2606SakiVGC\n|j|\u2606Samm3\n|html|<table width=\"100%\"><tr><td align=\"left\">SakiVGC</td><td align=\"right\">Samm3</tr><tr><td align=\"left\"><i class=\"fa fa-circle\"></i> <i class=\"fa fa-circle-o\"></i> </td><td align=\"right\"><i class=\"fa fa-circle-o\"></i> <i class=\"fa fa-circle-o\"></i> </tr></table>\n|uhtml|bestof|<h2><strong>Game 2</strong> of <a href=\"/game-bestof3-gen9vgc2025regibo3-2354143942\">a best-of-3</a></h2>\n|t:|1746038829\n|gametype|doubles\n|player|p1|SakiVGC|1|1181\n|player|p2|Samm3|swimmerf-gen4|1099\n|teamsize|p1|6\n|teamsize|p2|6\n|gen|9\n|tier|[Gen 9] VGC 2025 Reg I (Bo3)\n|rated|\n|rule|Species Clause: Limit one of each Pok\u00e9mon\n|rule|Item Clause: Limit 1 of each item\n|clearpoke\n|poke|p1|Zacian-*, L50|\n|poke|p1|Kyogre, L50|\n|poke|p1|Amoonguss, L50, M|\n|poke|p1|Rillaboom, L50, M|\n|poke|p1|Tornadus, L50, M|\n|poke|p1|Incineroar, L50, M|\n|poke|p2|Zacian-*, L50|\n|poke|p2|Kyogre, L50|\n|poke|p2|Rillaboom, L50, M|\n|poke|p2|Incineroar, L50, M|\n|poke|p2|Golduck, L50, M|\n|poke|p2|Tornadus, L50, M|\n|teampreview|4\n|showteam|p1|Zacian-Crowned||RustedSword|IntrepidSword|behemothblade,PlayRough,SacredSword,Protect||||||50|,,,,,Fairy]Kyogre||ChoiceScarf|Drizzle|WaterSpout,OriginPulse,HydroPump,Thunder||||||50|,,,,,Water]Amoonguss||RockyHelmet|Regenerator|Spore,RagePowder,Protect,PollenPuff|||M|||50|,,,,,Water]Rillaboom||AssaultVest|GrassySurge|FakeOut,Uturn,WoodHammer,GrassyGlide|||M|||50|,,,,,Fire]Tornadus||CovertCloak|Prankster|Tailwind,RainDance,BleakwindStorm,Taunt|||M|||50|,,,,,Dark]Incineroar||SafetyGoggles|Intimidate|FakeOut,PartingShot,KnockOff,Taunt|||M|||50|,,,,,Ghost\n|showteam|p2|Zacian-Crowned||RustedSword|IntrepidSword|behemothblade,PlayRough,SacredSword,Protect||||||50|,,,,,Stellar]Kyogre||ChoiceScarf|Drizzle|WaterSpout,Thunder,IceBeam,OriginPulse||||||50|,,,,,Grass]Rillaboom||AssaultVest|GrassySurge|GrassyGlide,HighHorsepower,Uturn,FakeOut|||M|||50|,,,,,Fire]Incineroar||RockyHelmet|Intimidate|KnockOff,WillOWisp,PartingShot,FakeOut|||M|||50|,,,,,Bug]Golduck||FocusSash|SwiftSwim|IcyWind,Encore,Disable,SkillSwap|||M|||50|,,,,,Ghost]Tornadus||CovertCloak|Prankster|BleakwindStorm,RainDance,Taunt,Tailwind|||M|||50|,,,,,Dark\n|inactive|Battle timer is ON: inactive players will automatically lose when time's up. (requested by SakiVGC)\n|\n|t:|1746038841\n|start\n|switch|p1a: Incineroar|Incineroar, L50, M|100/100\n|switch|p1b: Rillaboom|Rillaboom, L50, M|100/100\n|switch|p2a: Willy|Kyogre, L50|100/100\n|switch|p2b: Golduck|Golduck, L50, M|100/100\n|-weather|RainDance|[from] ability: Drizzle|[of] p2a: Willy\n|-fieldstart|move: Grassy Terrain|[from] ability: Grassy Surge|[of] p1b: Rillaboom\n|-ability|p1a: Incineroar|Intimidate|boost\n|-unboost|p2a: Willy|atk|1\n|-unboost|p2b: Golduck|atk|1\n|turn|1\n|inactive|Samm3 has 30 seconds left.\n|inactive|Samm3 has 20 seconds left.\n|inactive|Samm3 has 15 seconds left.\n|\n|t:|1746038885\n|switch|p2a: Marshall|Rillaboom, L50, M, shiny|100/100\n|move|p1b: Rillaboom|Fake Out|p2a: Marshall\n|-damage|p2a: Marshall|86/100\n|move|p2b: Golduck|Icy Wind|p1b: Rillaboom|[spread] p1a,p1b\n|-resisted|p1a: Incineroar\n|-supereffective|p1b: Rillaboom\n|-damage|p1a: Incineroar|97/100\n|-damage|p1b: Rillaboom|90/100\n|-unboost|p1a: Incineroar|spe|1\n|-unboost|p1b: Rillaboom|spe|1\n|move|p1a: Incineroar|Knock Off|p2a: Marshall\n|-damage|p2a: Marshall|41/100\n|-enditem|p2a: Marshall|Assault Vest|[from] move: Knock Off|[of] p1a: Incineroar\n|\n|-weather|RainDance|[upkeep]\n|-heal|p2a: Marshall|47/100|[from] Grassy Terrain\n|-heal|p1b: Rillaboom|96/100|[from] Grassy Terrain\n|-heal|p1a: Incineroar|100/100|[from] Grassy Terrain\n|upkeep\n|turn|2\n|\n|t:|1746038906\n|move|p2a: Marshall|Fake Out|p1a: Incineroar\n|-damage|p1a: Incineroar|89/100\n|move|p1b: Rillaboom|Grassy Glide|p2b: Golduck\n|-supereffective|p2b: Golduck\n|-damage|p2b: Golduck|14/100\n|move|p2b: Golduck|Encore|p1b: Rillaboom\n|-start|p1b: Rillaboom|Encore\n|cant|p1a: Incineroar|flinch\n|\n|-weather|RainDance|[upkeep]\n|-heal|p2b: Golduck|20/100|[from] Grassy Terrain\n|-heal|p2a: Marshall|52/100|[from] Grassy Terrain\n|-heal|p1b: Rillaboom|100/100|[from] Grassy Terrain\n|-heal|p1a: Incineroar|95/100|[from] Grassy Terrain\n|upkeep\n|turn|3\n|\n|t:|1746038931\n|switch|p2b: Blue|Zacian-Crowned, L50, shiny|100/100\n|-ability|p2b: Blue|Intrepid Sword|boost\n|-boost|p2b: Blue|atk|1\n|move|p1b: Rillaboom|Grassy Glide|p2b: Blue\n|-resisted|p2b: Blue\n|-damage|p2b: Blue|86/100\n|move|p2a: Marshall|High Horsepower|p1a: Incineroar\n|-supereffective|p1a: Incineroar\n|-damage|p1a: Incineroar|39/100\n|move|p1a: Incineroar|Parting Shot|p2a: Marshall\n|-unboost|p2a: Marshall|atk|1\n|-unboost|p2a: Marshall|spa|1\n|\n|t:|1746038941\n|switch|p1a: Kyogre|Kyogre, L50|100/100|[from] Parting Shot\n|\n|-weather|RainDance|[upkeep]\n|-heal|p2b: Blue|92/100|[from] Grassy Terrain\n|-heal|p2a: Marshall|58/100|[from] Grassy Terrain\n|upkeep\n|turn|4\n|\n|t:|1746038962\n|switch|p1b: Incineroar|Incineroar, L50, M|39/100\n|-ability|p1b: Incineroar|Intimidate|boost\n|-unboost|p2a: Marshall|atk|1\n|-unboost|p2b: Blue|atk|1\n|-terastallize|p1a: Kyogre|Water\n|move|p2b: Blue|Protect|p2b: Blue\n|-singleturn|p2b: Blue|Protect\n|move|p2a: Marshall|Grassy Glide|p1a: Kyogre\n|-supereffective|p1a: Kyogre\n|-damage|p1a: Kyogre|55/100\n|move|p1a: Kyogre|Origin Pulse|p2b: Blue|[spread] \n|-activate|p2b: Blue|move: Protect\n|-miss|p1a: Kyogre|p2a: Marshall\n|\n|-weather|RainDance|[upkeep]\n|-heal|p1a: Kyogre|60/100|[from] Grassy Terrain\n|-heal|p2b: Blue|98/100|[from] Grassy Terrain\n|-heal|p2a: Marshall|64/100|[from] Grassy Terrain\n|-heal|p1b: Incineroar|45/100|[from] Grassy Terrain\n|upkeep\n|turn|5\n|inactive|Samm3 has 30 seconds left.\n|\n|t:|1746038989\n|switch|p1a: Rillaboom|Rillaboom, L50, M|100/100\n|move|p2a: Marshall|Grassy Glide|p1a: Rillaboom\n|-resisted|p1a: Rillaboom\n|-damage|p1a: Rillaboom|91/100\n|move|p2b: Blue|Sacred Sword|p1b: Incineroar\n|-supereffective|p1b: Incineroar\n|-damage|p1b: Incineroar|0 fnt\n|faint|p1b: Incineroar\n|\n|-weather|none\n|-heal|p2b: Blue|100/100|[from] Grassy Terrain\n|-heal|p2a: Marshall|70/100|[from] Grassy Terrain\n|-heal|p1a: Rillaboom|97/100|[from] Grassy Terrain\n|-fieldend|move: Grassy Terrain\n|upkeep\n|\n|t:|1746039000\n|switch|p1b: Kyogre|Kyogre, L50, tera:Water|60/100\n|-weather|RainDance|[from] ability: Drizzle|[of] p1b: Kyogre\n|turn|6\n|\n|t:|1746039009\n|switch|p2a: Willy|Kyogre, L50|100/100\n|move|p2b: Blue|Protect|p2b: Blue\n|-singleturn|p2b: Blue|Protect\n|move|p1b: Kyogre|Origin Pulse|p2a: Willy|[spread] p2a\n|-activate|p2b: Blue|move: Protect\n|-resisted|p2a: Willy\n|-damage|p2a: Willy|64/100\n|move|p1a: Rillaboom|U-turn|p2a: Willy\n|-damage|p2a: Willy|38/100\n|\n|t:|1746039015\n|switch|p1a: Zacian|Zacian-Crowned, L50|100/100|[from] U-turn\n|-ability|p1a: Zacian|Intrepid Sword|boost\n|-boost|p1a: Zacian|atk|1\n|\n|-weather|RainDance|[upkeep]\n|upkeep\n|turn|7\n|inactive|Samm3 has 30 seconds left.\n|\n|t:|1746039047\n|switch|p2b: Marshall|Rillaboom, L50, M, shiny|70/100\n|-fieldstart|move: Grassy Terrain|[from] ability: Grassy Surge|[of] p2b: Marshall\n|move|p1a: Zacian|Protect|p1a: Zacian\n|-singleturn|p1a: Zacian|Protect\n|move|p1b: Kyogre|Origin Pulse|p2b: Marshall|[spread] p2a,p2b\n|-resisted|p2a: Willy\n|-crit|p2a: Willy\n|-resisted|p2b: Marshall\n|-damage|p2a: Willy|0 fnt\n|-damage|p2b: Marshall|15/100\n|faint|p2a: Willy\n|\n|-weather|RainDance|[upkeep]\n|-heal|p1b: Kyogre|66/100|[from] Grassy Terrain\n|-heal|p2b: Marshall|20/100|[from] Grassy Terrain\n|upkeep\n|\n|t:|1746039065\n|switch|p2a: Golduck|Golduck, L50, M|20/100\n|turn|8\n|\n|t:|1746039080\n|move|p2b: Marshall|Grassy Glide|p1b: Kyogre\n|-supereffective|p1b: Kyogre\n|-damage|p1b: Kyogre|0 fnt\n|faint|p1b: Kyogre\n|move|p2a: Golduck|Encore|p1a: Zacian\n|-start|p1a: Zacian|Encore\n|move|p1a: Zacian|Protect|p1a: Zacian\n|-singleturn|p1a: Zacian|Protect\n|\n|-weather|RainDance|[upkeep]\n|-heal|p2a: Golduck|26/100|[from] Grassy Terrain\n|-heal|p2b: Marshall|26/100|[from] Grassy Terrain\n|upkeep\n|\n|t:|1746039083\n|switch|p1b: Rillaboom|Rillaboom, L50, M|97/100\n|turn|9\n|\n|t:|1746039103\n|switch|p2a: Blue|Zacian-Crowned, L50, shiny|100/100\n|move|p1a: Zacian|Protect||[still]\n|-fail|p1a: Zacian\n|move|p1b: Rillaboom|Grassy Glide|p2a: Blue\n|-resisted|p2a: Blue\n|-damage|p2a: Blue|85/100\n|move|p2b: Marshall|U-turn|p1b: Rillaboom\n|-supereffective|p1b: Rillaboom\n|-damage|p1b: Rillaboom|46/100\n|\n|t:|1746039115\n|switch|p2b: Golduck|Golduck, L50, M|26/100|[from] U-turn\n|\n|-weather|RainDance|[upkeep]\n|-heal|p2b: Golduck|32/100|[from] Grassy Terrain\n|-heal|p2a: Blue|92/100|[from] Grassy Terrain\n|-heal|p1b: Rillaboom|52/100|[from] Grassy Terrain\n|upkeep\n|turn|10\n|\n|t:|1746039139\n|switch|p2b: Marshall|Rillaboom, L50, M, shiny|26/100\n|-terastallize|p2a: Blue|Stellar\n|move|p1a: Zacian|Protect|p1a: Zacian\n|-singleturn|p1a: Zacian|Protect\n|move|p1b: Rillaboom|Grassy Glide|p2b: Marshall\n|-resisted|p2b: Marshall\n|-damage|p2b: Marshall|8/100\n|move|p2a: Blue|Play Rough|p1b: Rillaboom\n|-damage|p1b: Rillaboom|0 fnt\n|faint|p1b: Rillaboom\n|\n|-weather|none\n|-heal|p2a: Blue|98/100|[from] Grassy Terrain\n|-heal|p2b: Marshall|14/100|[from] Grassy Terrain\n|-end|p1a: Zacian|Encore\n|upkeep\n|turn|11\n|\n|t:|1746039162\n|move|p1a: Zacian|Protect||[still]\n|-fail|p1a: Zacian\n|move|p2b: Marshall|Fake Out|p1a: Zacian\n|-resisted|p1a: Zacian\n|-damage|p1a: Zacian|93/100\n|move|p2a: Blue|Behemoth Blade|p1a: Zacian\n|-damage|p1a: Zacian|21/100\n|\n|-heal|p1a: Zacian|27/100|[from] Grassy Terrain\n|-heal|p2a: Blue|100/100|[from] Grassy Terrain\n|-heal|p2b: Marshall|20/100|[from] Grassy Terrain\n|-fieldend|move: Grassy Terrain\n|upkeep\n|turn|12\n|inactive|SakiVGC has 30 seconds left.\n|\n|t:|1746039192\n|move|p1a: Zacian|Behemoth Blade|p2a: Blue\n|-damage|p2a: Blue|17/100\n|move|p2a: Blue|Behemoth Blade|p1a: Zacian\n|-damage|p1a: Zacian|0 fnt\n|faint|p1a: Zacian\n|\n|win|Samm3\n||SakiVGC is ready for game 3.\n|inactive|Samm3 has 30 seconds to confirm battle start!\n||Samm3 is ready for game 3.\n|uhtml|next|Next: <a href=\"/battle-gen9vgc2025regibo3-2354150350\"><strong>Game 3 of 3</strong></a>\n", "uploadtime": 1746039374, "views": 6, "formatid": "gen9vgc2025regibo3", "rating": null, "private": 0, "password": null}