{"id": "gen9vgc2025regibo3-2354425685", "format": "[Gen 9] VGC 2025 Reg I (Bo3)", "players": ["Xeris33", "Mona Aster"], "log": "|j|\u2606Xeris33\n|j|\u2606Mona Aster\n|html|<table width=\"100%\"><tr><td align=\"left\">Xeris33</td><td align=\"right\">Mona Aster</tr><tr><td align=\"left\"><i class=\"fa fa-circle-o\"></i> <i class=\"fa fa-circle-o\"></i> </td><td align=\"right\"><i class=\"fa fa-circle-o\"></i> <i class=\"fa fa-circle\"></i> </tr></table>\n|uhtml|bestof|<h2><strong>Game 2</strong> of <a href=\"/game-bestof3-gen9vgc2025regibo3-2354422894\">a best-of-3</a></h2>\n|t:|1746069964\n|gametype|doubles\n|player|p1|Xeris33|alec-anime|1033\n|player|p2|Mona Aster|265|1137\n|teamsize|p1|6\n|teamsize|p2|6\n|gen|9\n|tier|[Gen 9] VGC 2025 Reg I (Bo3)\n|rated|\n|rule|Species Clause: Limit one of each Pok\u00e9mon\n|rule|Item Clause: Limit 1 of each item\n|clearpoke\n|poke|p1|Zamazenta-*, L50|\n|poke|p1|Calyrex-Shadow, L50|\n|poke|p1|Incineroar, L50, F|\n|poke|p1|Tornadus, L50, M|\n|poke|p1|Urshifu-*, L50, F|\n|poke|p1|Rillaboom, L50, F|\n|poke|p2|Lunala, L50|\n|poke|p2|Groudon, L50|\n|poke|p2|Incineroar, L50, M|\n|poke|p2|Flutter Mane, L50|\n|poke|p2|Urshifu-*, L50, F|\n|poke|p2|Raging Bolt, L50|\n|teampreview|4\n|showteam|p1|Zamazenta-Crowned||RustedShield|DauntlessShield|BodyPress,behemothbash,WideGuard,Protect||||||50|,,,,,Dragon]Calyrex-Shadow||FocusSash|AsOneSpectrier|AstralBarrage,Psychic,NastyPlot,Protect||||||50|,,,,,Dark]Incineroar||SafetyGoggles|Intimidate|KnockOff,PartingShot,FakeOut,Taunt|||F|||50|,,,,,Ghost]Tornadus||CovertCloak|Prankster|BleakwindStorm,RainDance,Tailwind,Taunt|||M|||50|,,,,,Dark]Urshifu-Rapid-Strike||ChoiceScarf|UnseenFist|SurgingStrikes,CloseCombat,IceSpinner,Uturn|||F|||50|,,,,,Water]Rillaboom||AssaultVest|GrassySurge|WoodHammer,GrassyGlide,FakeOut,Uturn|||F|||50|,,,,,Fire\n|showteam|p2|Lunala||PowerHerb|ShadowShield|TrickRoom,MeteorBeam,WideGuard,MoongeistBeam||||||50|,,,,,Water]Groudon||ClearAmulet|Drought|Protect,PrecipiceBlades,HeatCrash,Substitute||||||50|,,,,,Fire]Incineroar||SafetyGoggles|Intimidate|FlareBlitz,KnockOff,FakeOut,PartingShot|||M|||50|,,,,,Ghost]Flutter Mane||FocusSash|Protosynthesis|Moonblast,Taunt,IcyWind,Protect||||||50|,,,,,Grass]Urshifu||ChoiceScarf|UnseenFist|WickedBlow,CloseCombat,Uturn,IronHead|||F|||50|,,,,,Stellar]Raging Bolt||AssaultVest|Protosynthesis|Electroweb,Thunderclap,WeatherBall,DracoMeteor||||||50|,,,,,Electric\n|\n|t:|1746070012\n|start\n|switch|p1a: Calyrex|Calyrex-Shadow, L50|100/100\n|switch|p1b: Incineroar|Incineroar, L50, F|100/100\n|switch|p2a: Incineroar|Incineroar, L50, M|100/100\n|switch|p2b: Raging Bolt|Raging Bolt, L50|100/100\n|-ability|p1a: Calyrex|As One\n|-ability|p1a: Calyrex|Unnerve\n|-ability|p2a: Incineroar|Intimidate|boost\n|-unboost|p1a: Calyrex|atk|1\n|-unboost|p1b: Incineroar|atk|1\n|-ability|p1b: Incineroar|Intimidate|boost\n|-unboost|p2a: Incineroar|atk|1\n|-unboost|p2b: Raging Bolt|atk|1\n|turn|1\n|\n|t:|1746070030\n|move|p1a: Calyrex|Protect|p1a: Calyrex\n|-singleturn|p1a: Calyrex|Protect\n|move|p2a: Incineroar|Fake Out|p1b: Incineroar\n|-damage|p1b: Incineroar|95/100\n|cant|p1b: Incineroar|flinch\n|move|p2b: Raging Bolt|Electroweb|p1b: Incineroar|[spread] p1b\n|-activate|p1a: Calyrex|move: Protect\n|-crit|p1b: Incineroar\n|-damage|p1b: Incineroar|60/100\n|-unboost|p1b: Incineroar|spe|1\n|\n|upkeep\n|turn|2\n|\n|t:|1746070064\n|switch|p1a: Zamazenta|Zamazenta-Crowned, L50|100/100\n|-ability|p1a: Zamazenta|Dauntless Shield|boost\n|-boost|p1a: Zamazenta|def|1\n|move|p2b: Raging Bolt|Thunderclap||[still]\n|-fail|p2b: Raging Bolt\n|move|p2a: Incineroar|Knock Off|p1a: Zamazenta\n|-resisted|p1a: Zamazenta\n|-damage|p1a: Zamazenta|97/100\n|move|p1b: Incineroar|Parting Shot|p2b: Raging Bolt\n|-unboost|p2b: Raging Bolt|atk|1\n|-unboost|p2b: Raging Bolt|spa|1\n|\n|t:|1746070075\n|switch|p1b: Calyrex|Calyrex-Shadow, L50|100/100|[from] Parting Shot\n|-ability|p1b: Calyrex|As One\n|-ability|p1b: Calyrex|Unnerve\n|\n|upkeep\n|turn|3\n|\n|t:|1746070096\n|-end|p2b: Raging Bolt|Protosynthesis|[silent]\n|switch|p2b: Groudon|Groudon, L50|100/100\n|-weather|SunnyDay|[from] ability: Drought|[of] p2b: Groudon\n|move|p1b: Calyrex|Astral Barrage|p2b: Groudon|[spread] p2a,p2b\n|-resisted|p2a: Incineroar\n|-damage|p2a: Incineroar|77/100\n|-damage|p2b: Groudon|58/100\n|move|p1a: Zamazenta|Body Press|p2a: Incineroar\n|-supereffective|p2a: Incineroar\n|-damage|p2a: Incineroar|0 fnt\n|faint|p2a: Incineroar\n|\n|-weather|SunnyDay|[upkeep]\n|upkeep\n|\n|t:|1746070109\n|switch|p2a: Raging Bolt|Raging Bolt, L50|100/100\n|-activate|p2a: Raging Bolt|ability: Protosynthesis\n|-start|p2a: Raging Bolt|protosynthesisspa\n|turn|4\n|\n|t:|1746070121\n|-terastallize|p1a: Zamazenta|Dragon\n|move|p2b: Groudon|Protect|p2b: Groudon\n|-singleturn|p2b: Groudon|Protect\n|move|p1b: Calyrex|Astral Barrage|p2a: Raging Bolt|[spread] p2a\n|-activate|p2b: Groudon|move: Protect\n|-damage|p2a: Raging Bolt|73/100\n|move|p1a: Zamazenta|Body Press|p2a: Raging Bolt\n|-damage|p2a: Raging Bolt|18/100\n|move|p2a: Raging Bolt|Weather Ball|p1a: Zamazenta\n|-resisted|p1a: Zamazenta\n|-damage|p1a: Zamazenta|72/100\n|\n|-weather|SunnyDay|[upkeep]\n|upkeep\n|turn|5\n|\n|t:|1746070141\n|move|p2a: Raging Bolt|Thunderclap|p1b: Calyrex\n|-damage|p1b: Calyrex|52/100\n|move|p1b: Calyrex|Astral Barrage|p2b: Groudon|[spread] p2a,p2b\n|-damage|p2a: Raging Bolt|0 fnt\n|-damage|p2b: Groudon|15/100\n|faint|p2a: Raging Bolt\n|-end|p2a: Raging Bolt|Protosynthesis|[silent]\n|-ability|p1b: Calyrex|Grim Neigh|boost\n|-boost|p1b: Calyrex|spa|1\n|move|p1a: Zamazenta|Body Press|p2b: Groudon\n|-damage|p2b: Groudon|0 fnt\n|faint|p2b: Groudon\n|\n|-weather|SunnyDay|[upkeep]\n|upkeep\n|-message|Mona Aster forfeited.\n|raw|Xeris33's rating: 1033 &rarr; <strong>1078</strong><br />(+45 for winning)\n|raw|Mona Aster's rating: 1137 &rarr; <strong>1105</strong><br />(-32 for losing)\n|\n|win|Xeris33\n", "uploadtime": 1746070171, "views": 14, "formatid": "gen9vgc2025regibo3", "rating": 1078, "private": 0, "password": null}