{"id": "gen9vgc2025regibo3-2354548333", "format": "[Gen 9] VGC 2025 Reg I (Bo3)", "players": ["Darkgorim", "ushira"], "log": "|j|\u2606Darkgorim\n|j|\u2606ushira\n|html|<table width=\"100%\"><tr><td align=\"left\">Darkgorim</td><td align=\"right\">ushira</tr><tr><td align=\"left\"><i class=\"fa fa-circle-o\"></i> <i class=\"fa fa-circle-o\"></i> </td><td align=\"right\"><i class=\"fa fa-circle-o\"></i> <i class=\"fa fa-circle-o\"></i> </tr></table>\n|uhtml|bestof|<h2><strong>Game 1</strong> of <a href=\"/game-bestof3-gen9vgc2025regibo3-2354548332\">a best-of-3</a></h2>\n|t:|1746092295\n|gametype|doubles\n|player|p1|Darkgorim|2|1002\n|player|p2|ushira|flannery|1056\n|teamsize|p1|6\n|teamsize|p2|6\n|gen|9\n|tier|[Gen 9] VGC 2025 Reg I (Bo3)\n|rated|\n|rule|Species Clause: Limit one of each Pok\u00e9mon\n|rule|Item Clause: Limit 1 of each item\n|clearpoke\n|poke|p1|Kyurem-Black, L50|\n|poke|p1|Gouging Fire, L50|\n|poke|p1|Mienshao, L50, M|\n|poke|p1|Rillaboom, L50, M|\n|poke|p1|Gholdengo, L50|\n|poke|p1|Ogerpon-Wellspring, L50, F|\n|poke|p2|Reshiram, L50|\n|poke|p2|Rillaboom, L50, F|\n|poke|p2|Urshifu-*, L50, M|\n|poke|p2|Tornadus, L50, M|\n|poke|p2|Flutter Mane, L50|\n|poke|p2|Zacian-*, L50|\n|teampreview|4\n|showteam|p1|Kyurem-Black||LoadedDice|Teravolt|IcicleSpear,ScaleShot,FusionBolt,Protect||||||50|,,,,,Fairy]Gouging Fire||BoosterEnergy|Protosynthesis|Howl,BreakingSwipe,HeatCrash,BurningBulwark||||||50|,,,,,Fairy]Mienshao||EjectPack|InnerFocus|FakeOut,CloseCombat,WideGuard,KnockOff|||M|||50|,,,,,Normal]Rillaboom||AssaultVest|GrassySurge|FakeOut,WoodHammer,GrassyGlide,Uturn|||M|||50|,,,,,Fire]Gholdengo||MetalCoat|GoodasGold|MakeItRain,ShadowBall,NastyPlot,Protect||||||50|,,,,,Fairy]Ogerpon-Wellspring||WellspringMask|WaterAbsorb|IvyCudgel,HornLeech,FollowMe,SpikyShield|||F|||50|,,,,,Water\n|showteam|p2|Reshiram||AssaultVest|Turboblaze|BlueFlare,HeatWave,EarthPower,DragonPulse||||||50|,,,,,Ghost]Rillaboom||ClearAmulet|GrassySurge|FakeOut,GrassyGlide,KnockOff,Uturn|||F|||50|,,,,,Fire]Urshifu-Rapid-Strike||FocusSash|UnseenFist|SurgingStrikes,CloseCombat,Detect,Taunt|||M|||50|,,,,,Grass]Tornadus||CovertCloak|Prankster|BleakwindStorm,Tailwind,SunnyDay,Taunt|||M|||50|,,,,,Dark]Flutter Mane||BoosterEnergy|Protosynthesis|ShadowBall,Protect,DazzlingGleam,IcyWind||||||50|,,,,,Normal]Zacian-Crowned||RustedSword|IntrepidSword|Protect,behemothblade,PlayRough,TeraBlast||||||50|,,,,,Stellar\n|\n|t:|1746092343\n|start\n|switch|p1a: Kyurem|Kyurem-Black, L50|100/100\n|switch|p1b: Rillaboom|Rillaboom, L50, M|100/100\n|switch|p2a: Tornadus|Tornadus, L50, M|100/100\n|switch|p2b: Flutter Mane|Flutter Mane, L50|100/100\n|-ability|p1a: Kyurem|Teravolt\n|-fieldstart|move: Grassy Terrain|[from] ability: Grassy Surge|[of] p1b: Rillaboom\n|-enditem|p2b: Flutter Mane|Booster Energy\n|-activate|p2b: Flutter Mane|ability: Protosynthesis|[fromitem]\n|-start|p2b: Flutter Mane|protosynthesisspe\n|turn|1\n|\n|t:|1746092398\n|-terastallize|p1a: Kyurem|Fairy\n|move|p2b: Flutter Mane|Dazzling Gleam|p1a: Kyurem|[spread] p1a,p1b\n|-damage|p1a: Kyurem|73/100\n|-damage|p1b: Rillaboom|80/100\n|move|p2a: Tornadus|Bleakwind Storm|p1a: Kyurem|[spread] p1a,p1b\n|-supereffective|p1b: Rillaboom\n|-damage|p1a: Kyurem|43/100\n|-damage|p1b: Rillaboom|35/100\n|-unboost|p1a: Kyurem|spe|1\n|-unboost|p1b: Rillaboom|spe|1\n|move|p1a: Kyurem|Icicle Spear|p2a: Tornadus\n|-supereffective|p2a: Tornadus\n|-damage|p2a: Tornadus|50/100\n|-supereffective|p2a: Tornadus\n|-crit|p2a: Tornadus\n|-damage|p2a: Tornadus|0 fnt\n|faint|p2a: Tornadus\n|-hitcount|p2: Tornadus|2\n|move|p1b: Rillaboom|Wood Hammer|p2b: Flutter Mane\n|-damage|p2b: Flutter Mane|0 fnt\n|faint|p2b: Flutter Mane\n|-end|p2b: Flutter Mane|Protosynthesis|[silent]\n|-damage|p1b: Rillaboom|12/100|[from] Recoil\n|\n|-heal|p1a: Kyurem|50/100|[from] Grassy Terrain\n|-heal|p1b: Rillaboom|17/100|[from] Grassy Terrain\n|upkeep\n|\n|t:|1746092421\n|switch|p2b: Urshifu|Urshifu-Rapid-Strike, L50, M|100/100\n|switch|p2a: Reshiram|Reshiram, L50|100/100\n|-ability|p2a: Reshiram|Turboblaze\n|turn|2\n|\n|t:|1746092440\n|-terastallize|p2b: Urshifu|Grass\n|move|p1b: Rillaboom|Grassy Glide|p2b: Urshifu\n|-resisted|p2b: Urshifu\n|-damage|p2b: Urshifu|82/100\n|move|p2b: Urshifu|Surging Strikes|p1a: Kyurem\n|-crit|p1a: Kyurem\n|-damage|p1a: Kyurem|32/100\n|-crit|p1a: Kyurem\n|-damage|p1a: Kyurem|15/100\n|-crit|p1a: Kyurem\n|-damage|p1a: Kyurem|0 fnt\n|faint|p1a: Kyurem\n|-hitcount|p1: Kyurem|3\n|move|p2a: Reshiram|Heat Wave|p1b: Rillaboom\n|-supereffective|p1b: Rillaboom\n|-damage|p1b: Rillaboom|0 fnt\n|faint|p1b: Rillaboom\n|\n|-heal|p2b: Urshifu|87/100|[from] Grassy Terrain\n|upkeep\n|\n|t:|1746092461\n|switch|p1a: Gouging Fire|Gouging Fire, L50|100/100\n|switch|p1b: Gholdengo|Gholdengo, L50|100/100\n|-enditem|p1a: Gouging Fire|Booster Energy\n|-activate|p1a: Gouging Fire|ability: Protosynthesis|[fromitem]\n|-start|p1a: Gouging Fire|protosynthesisspe\n|turn|3\n|\n|t:|1746092486\n|move|p1a: Gouging Fire|Heat Crash|p2b: Urshifu\n|-supereffective|p2b: Urshifu\n|-damage|p2b: Urshifu|0 fnt\n|faint|p2b: Urshifu\n|move|p2a: Reshiram|Blue Flare|p1b: Gholdengo\n|-supereffective|p1b: Gholdengo\n|-damage|p1b: Gholdengo|0 fnt\n|faint|p1b: Gholdengo\n|\n|upkeep\n|turn|4\n|\n|t:|1746092496\n|move|p1a: Gouging Fire|Breaking Swipe|p2a: Reshiram\n|-supereffective|p2a: Reshiram\n|-damage|p2a: Reshiram|50/100\n|-unboost|p2a: Reshiram|atk|1\n|move|p2a: Reshiram|Dragon Pulse|p1a: Gouging Fire\n|-supereffective|p1a: Gouging Fire\n|-damage|p1a: Gouging Fire|6/100\n|\n|-heal|p1a: Gouging Fire|12/100|[from] Grassy Terrain\n|-heal|p2a: Reshiram|56/100|[from] Grassy Terrain\n|upkeep\n|turn|5\n|\n|t:|1746092518\n|move|p1a: Gouging Fire|Breaking Swipe|p2a: Reshiram\n|-supereffective|p2a: Reshiram\n|-damage|p2a: Reshiram|6/100\n|-unboost|p2a: Reshiram|atk|1\n|move|p2a: Reshiram|Dragon Pulse|p1a: Gouging Fire\n|-supereffective|p1a: Gouging Fire\n|-damage|p1a: Gouging Fire|0 fnt\n|faint|p1a: Gouging Fire\n|-end|p1a: Gouging Fire|Protosynthesis|[silent]\n|\n|win|ushira\n||Darkgorim is ready for game 2.\n||ushira is ready for game 2.\n|uhtml|next|Next: <a href=\"/battle-gen9vgc2025regibo3-2354549601\"><strong>Game 2 of 3</strong></a>\n", "uploadtime": 1746092783, "views": 12, "formatid": "gen9vgc2025regibo3", "rating": null, "private": 0, "password": null}