{"id": "gen9vgc2025regibo3-2353800346", "format": "[Gen 9] VGC 2025 Reg I (Bo3)", "players": ["joshuajohnf", "1Manuel1410"], "log": "|j|\u2606joshuajohnf\n|j|\u26061Manuel1410\n|html|<table width=\"100%\"><tr><td align=\"left\">joshuajohnf</td><td align=\"right\">1Manuel1410</tr><tr><td align=\"left\"><i class=\"fa fa-circle-o\"></i> <i class=\"fa fa-circle-o\"></i> </td><td align=\"right\"><i class=\"fa fa-circle-o\"></i> <i class=\"fa fa-circle-o\"></i> </tr></table>\n|uhtml|bestof|<h2><strong>Game 1</strong> of <a href=\"/game-bestof3-gen9vgc2025regibo3-2353800345\">a best-of-3</a></h2>\n|t:|1746002105\n|gametype|doubles\n|player|p1|joshuajohnf|2|1096\n|player|p2|1Manuel1410|265|1208\n|teamsize|p1|6\n|teamsize|p2|6\n|gen|9\n|tier|[Gen 9] VGC 2025 Reg I (Bo3)\n|rated|\n|rule|Species Clause: Limit one of each Pok\u00e9mon\n|rule|Item Clause: Limit 1 of each item\n|clearpoke\n|poke|p1|Ogerpon-Hearthflame, L50, F|\n|poke|p1|Calyrex-Shadow, L50|\n|poke|p1|Rillaboom, L50, M|\n|poke|p1|Landorus, L50, M|\n|poke|p1|Roaring Moon, L50|\n|poke|p1|Zamazenta-*, L50|\n|poke|p2|Calyrex-Shadow, L50|\n|poke|p2|Zamazenta-*, L50|\n|poke|p2|Rillaboom, L50, F|\n|poke|p2|Grimmsnarl, L50, M|\n|poke|p2|Gouging Fire, L50|\n|poke|p2|Politoed, L50, M|\n|teampreview|4\n|showteam|p1|Ogerpon-Hearthflame||HearthflameMask|MoldBreaker|IvyCudgel,WoodHammer,FollowMe,SpikyShield|||F|||50|,,,,,Fire]Calyrex-Shadow||FocusSash|AsOneSpectrier|AstralBarrage,Psychic,DrainingKiss,Protect||||||50|,,,,,Fairy]Rillaboom||AssaultVest|GrassySurge|WoodHammer,GrassyGlide,FakeOut,Uturn|||M|||50|,,,,,Fire]Landorus||LifeOrb|SheerForce|EarthPower,SludgeBomb,Substitute,Protect|||M|||50|,,,,,Water]Roaring Moon||BoosterEnergy|Protosynthesis|Acrobatics,KnockOff,Tailwind,Protect||||||50|,,,,,Flying]Zamazenta-Crowned||RustedShield|DauntlessShield|BodyPress,HeavySlam,WideGuard,Protect||||||50|,,,,,Dragon\n|showteam|p2|Calyrex-Shadow||FocusSash|AsOneSpectrier|ShadowBall,AstralBarrage,Protect,Psychic||||||50|,,,,,Water]Zamazenta-Crowned||RustedShield|DauntlessShield|WideGuard,BodyPress,Protect,behemothbash||||||50|,,,,,Dragon]Rillaboom||AssaultVest|GrassySurge|FakeOut,GrassyGlide,WoodHammer,Uturn|||F|||50|,,,,,Fire]Grimmsnarl||LightClay|Prankster|FoulPlay,Reflect,LightScreen,ThunderWave|||M|||50|,,,,,Steel]Gouging Fire||BoosterEnergy|Protosynthesis|BurningBulwark,FlareBlitz,BreakingSwipe,PsychicFangs||||||50|,,,,,Fairy]Politoed||Leftovers|Drizzle|Encore,Protect,PerishSong,WeatherBall|||M|||50|,,,,,Grass\n|\n|t:|1746002140\n|start\n|switch|p1a: Rillaboom|Rillaboom, L50, M|100/100\n|switch|p1b: Roaring Moon|Roaring Moon, L50|100/100\n|switch|p2a: Grimmsnarl|Grimmsnarl, L50, M|100/100\n|switch|p2b: Gouging Fire|Gouging Fire, L50|100/100\n|-fieldstart|move: Grassy Terrain|[from] ability: Grassy Surge|[of] p1a: Rillaboom\n|-enditem|p1b: Roaring Moon|Booster Energy\n|-activate|p1b: Roaring Moon|ability: Protosynthesis|[fromitem]\n|-start|p1b: Roaring Moon|protosynthesisspe\n|-enditem|p2b: Gouging Fire|Booster Energy\n|-activate|p2b: Gouging Fire|ability: Protosynthesis|[fromitem]\n|-start|p2b: Gouging Fire|protosynthesisspe\n|turn|1\n|\n|t:|1746002159\n|move|p1a: Rillaboom|Fake Out|p2b: Gouging Fire\n|-damage|p2b: Gouging Fire|89/100\n|move|p2a: Grimmsnarl|Reflect|p2a: Grimmsnarl\n|-sidestart|p2: 1Manuel1410|Reflect\n|move|p1b: Roaring Moon|Tailwind|p1b: Roaring Moon\n|-sidestart|p1: joshuajohnf|move: Tailwind\n|cant|p2b: Gouging Fire|flinch\n|\n|-heal|p2b: Gouging Fire|95/100|[from] Grassy Terrain\n|upkeep\n|turn|2\n|\n|t:|1746002179\n|move|p2a: Grimmsnarl|Thunder Wave|p1a: Rillaboom\n|-status|p1a: Rillaboom|par\n|move|p1b: Roaring Moon|Knock Off|p2a: Grimmsnarl\n|-resisted|p2a: Grimmsnarl\n|-damage|p2a: Grimmsnarl|92/100\n|-enditem|p2a: Grimmsnarl|Light Clay|[from] move: Knock Off|[of] p1b: Roaring Moon\n|move|p2b: Gouging Fire|Breaking Swipe|p1a: Rillaboom|[spread] p1a,p1b\n|-supereffective|p1b: Roaring Moon\n|-damage|p1a: Rillaboom|80/100 par\n|-damage|p1b: Roaring Moon|49/100\n|-unboost|p1a: Rillaboom|atk|1\n|-unboost|p1b: Roaring Moon|atk|1\n|cant|p1a: Rillaboom|par\n|\n|-heal|p1b: Roaring Moon|55/100|[from] Grassy Terrain\n|-heal|p2b: Gouging Fire|100/100|[from] Grassy Terrain\n|-heal|p1a: Rillaboom|86/100 par|[from] Grassy Terrain\n|-heal|p2a: Grimmsnarl|98/100|[from] Grassy Terrain\n|upkeep\n|turn|3\n|\n|t:|1746002201\n|move|p1b: Roaring Moon|Protect|p1b: Roaring Moon\n|-singleturn|p1b: Roaring Moon|Protect\n|move|p2b: Gouging Fire|Breaking Swipe|p1a: Rillaboom|[spread] p1a\n|-activate|p1b: Roaring Moon|move: Protect\n|-damage|p1a: Rillaboom|65/100 par\n|-unboost|p1a: Rillaboom|atk|1\n|cant|p1a: Rillaboom|par\n|move|p2a: Grimmsnarl|Foul Play|p1b: Roaring Moon\n|-activate|p1b: Roaring Moon|move: Protect\n|\n|-heal|p1b: Roaring Moon|60/100|[from] Grassy Terrain\n|-heal|p1a: Rillaboom|71/100 par|[from] Grassy Terrain\n|-heal|p2a: Grimmsnarl|100/100|[from] Grassy Terrain\n|upkeep\n|turn|4\n|\n|t:|1746002223\n|move|p1b: Roaring Moon|Acrobatics|p2a: Grimmsnarl\n|-damage|p2a: Grimmsnarl|83/100\n|move|p2b: Gouging Fire|Breaking Swipe|p1a: Rillaboom|[spread] p1a,p1b\n|-supereffective|p1b: Roaring Moon\n|-damage|p1a: Rillaboom|50/100 par\n|-damage|p1b: Roaring Moon|8/100\n|-unboost|p1a: Rillaboom|atk|1\n|-unboost|p1b: Roaring Moon|atk|1\n|cant|p1a: Rillaboom|par\n|move|p2a: Grimmsnarl|Foul Play|p1b: Roaring Moon\n|-resisted|p1b: Roaring Moon\n|-damage|p1b: Roaring Moon|0 fnt\n|faint|p1b: Roaring Moon\n|-end|p1b: Roaring Moon|Protosynthesis|[silent]\n|\n|-heal|p1a: Rillaboom|56/100 par|[from] Grassy Terrain\n|-heal|p2a: Grimmsnarl|89/100|[from] Grassy Terrain\n|-sideend|p1: joshuajohnf|move: Tailwind\n|upkeep\n|\n|t:|1746002234\n|switch|p1b: Zamazenta|Zamazenta-Crowned, L50|100/100\n|-ability|p1b: Zamazenta|Dauntless Shield|boost\n|-boost|p1b: Zamazenta|def|1\n|turn|5\n|\n|t:|1746002250\n|move|p2a: Grimmsnarl|Thunder Wave|p1b: Zamazenta\n|-status|p1b: Zamazenta|par\n|move|p2b: Gouging Fire|Flare Blitz|p1b: Zamazenta\n|-supereffective|p1b: Zamazenta\n|-damage|p1b: Zamazenta|57/100 par\n|-damage|p2b: Gouging Fire|85/100|[from] Recoil\n|cant|p1b: Zamazenta|par\n|move|p1a: Rillaboom|U-turn|p2b: Gouging Fire\n|-resisted|p2b: Gouging Fire\n|-damage|p2b: Gouging Fire|82/100\n|\n|t:|1746002261\n|switch|p1a: Calyrex|Calyrex-Shadow, L50|100/100|[from] U-turn\n|-ability|p1a: Calyrex|As One\n|-ability|p1a: Calyrex|Unnerve\n|\n|-heal|p2b: Gouging Fire|88/100|[from] Grassy Terrain\n|-heal|p1b: Zamazenta|63/100 par|[from] Grassy Terrain\n|-heal|p2a: Grimmsnarl|95/100|[from] Grassy Terrain\n|-fieldend|move: Grassy Terrain\n|upkeep\n|turn|6\n|\n|t:|1746002278\n|-terastallize|p1a: Calyrex|Fairy\n|move|p2a: Grimmsnarl|Thunder Wave|p1a: Calyrex\n|-status|p1a: Calyrex|par\n|move|p2b: Gouging Fire|Flare Blitz|p1b: Zamazenta\n|-supereffective|p1b: Zamazenta\n|-crit|p1b: Zamazenta\n|-damage|p1b: Zamazenta|0 fnt\n|faint|p1b: Zamazenta\n|-damage|p2b: Gouging Fire|66/100|[from] Recoil\n|move|p1a: Calyrex|Draining Kiss|p2a: Grimmsnarl\n|-supereffective|p2a: Grimmsnarl\n|-crit|p2a: Grimmsnarl\n|-damage|p2a: Grimmsnarl|0 fnt\n|faint|p2a: Grimmsnarl\n|-ability|p1a: Calyrex|Grim Neigh|boost\n|-boost|p1a: Calyrex|spa|1\n|\n|upkeep\n|\n|t:|1746002298\n|switch|p1b: Rillaboom|Rillaboom, L50, M|56/100 par\n|switch|p2a: Calyrex|Calyrex-Shadow, L50|100/100\n|-ability|p2a: Calyrex|As One\n|-ability|p2a: Calyrex|Unnerve\n|-fieldstart|move: Grassy Terrain|[from] ability: Grassy Surge|[of] p1b: Rillaboom\n|turn|7\n|\n|t:|1746002310\n|move|p2b: Gouging Fire|Burning Bulwark|p2b: Gouging Fire\n|-singleturn|p2b: Gouging Fire|move: Protect\n|move|p2a: Calyrex|Protect|p2a: Calyrex\n|-singleturn|p2a: Calyrex|Protect\n|move|p1b: Rillaboom|Fake Out|p2b: Gouging Fire\n|-activate|p2b: Gouging Fire|move: Protect\n|move|p1a: Calyrex|Astral Barrage|p2b: Gouging Fire|[spread] \n|-activate|p2a: Calyrex|move: Protect\n|-activate|p2b: Gouging Fire|move: Protect\n|\n|-heal|p2b: Gouging Fire|72/100|[from] Grassy Terrain\n|-heal|p1b: Rillaboom|62/100 par|[from] Grassy Terrain\n|upkeep\n|turn|8\n|\n|t:|1746002330\n|move|p1b: Rillaboom|Grassy Glide|p2a: Calyrex\n|-damage|p2a: Calyrex|68/100\n|move|p2b: Gouging Fire|Flare Blitz|p1a: Calyrex\n|-crit|p1a: Calyrex\n|-damage|p1a: Calyrex|8/100 par\n|-damage|p2b: Gouging Fire|42/100|[from] Recoil\n|move|p2a: Calyrex|Astral Barrage|p1b: Rillaboom|[spread] p1a,p1b\n|-damage|p1a: Calyrex|0 fnt\n|-damage|p1b: Rillaboom|19/100 par\n|faint|p1a: Calyrex\n|-ability|p2a: Calyrex|Grim Neigh|boost\n|-boost|p2a: Calyrex|spa|1\n|\n|-heal|p2b: Gouging Fire|49/100|[from] Grassy Terrain\n|-heal|p2a: Calyrex|74/100|[from] Grassy Terrain\n|-heal|p1b: Rillaboom|25/100 par|[from] Grassy Terrain\n|-sideend|p2: 1Manuel1410|Reflect\n|upkeep\n|turn|9\n|\n|t:|1746002346\n|move|p1b: Rillaboom|Grassy Glide|p2a: Calyrex\n|-crit|p2a: Calyrex\n|-damage|p2a: Calyrex|2/100\n|move|p2b: Gouging Fire|Flare Blitz|p1b: Rillaboom\n|-supereffective|p1b: Rillaboom\n|-damage|p1b: Rillaboom|0 fnt\n|faint|p1b: Rillaboom\n|-damage|p2b: Gouging Fire|40/100|[from] Recoil\n|\n|win|1Manuel1410\n||1Manuel1410 is ready for game 2.\n||joshuajohnf is ready for game 2.\n|uhtml|next|Next: <a href=\"/battle-gen9vgc2025regibo3-2353801847\"><strong>Game 2 of 3</strong></a>\n", "uploadtime": 1746002684, "views": 9, "formatid": "gen9vgc2025regibo3", "rating": null, "private": 0, "password": null}