{"id": "gen9vgc2025regibo3-2355115267", "format": "[Gen 9] VGC 2025 Reg I (Bo3)", "players": ["lexerthanatauros", "chamoy-pt2"], "log": "|j|\u2606lexerthanatauros\n|j|\u2606chamoy-pt2\n|html|<table width=\"100%\"><tr><td align=\"left\">lexerthanatauros</td><td align=\"right\">chamoy-pt2</tr><tr><td align=\"left\"><i class=\"fa fa-circle-o\"></i> <i class=\"fa fa-circle-o\"></i> </td><td align=\"right\"><i class=\"fa fa-circle-o\"></i> <i class=\"fa fa-circle-o\"></i> </tr></table>\n|uhtml|bestof|<h2><strong>Game 1</strong> of <a href=\"/game-bestof3-gen9vgc2025regibo3-2355115266\">a best-of-3</a></h2>\n|t:|1746154387\n|gametype|doubles\n|player|p1|lexerthanatauros|lucas|1141\n|player|p2|chamoy-pt2|265|1148\n|teamsize|p1|6\n|teamsize|p2|6\n|gen|9\n|tier|[Gen 9] VGC 2025 Reg I (Bo3)\n|rated|\n|rule|Species Clause: Limit one of each Pok\u00e9mon\n|rule|Item Clause: Limit 1 of each item\n|clearpoke\n|poke|p1|Terapagos, L50, M|\n|poke|p1|Zamazenta-*, L50|\n|poke|p1|Mimikyu, L50, F|\n|poke|p1|Tyranitar, L50, M|\n|poke|p1|Urshifu-*, L50, F|\n|poke|p1|Dugtrio, L50, M|\n|poke|p2|Lunala, L50|\n|poke|p2|Miraidon, L50|\n|poke|p2|Iron Hands, L50|\n|poke|p2|Urshifu-*, L50, M|\n|poke|p2|Ogerpon-Hearthflame, L50, F|\n|poke|p2|Grimmsnarl, L50, M|\n|teampreview|4\n|showteam|p1|Terapagos||ChoiceSpecs|TeraShift|TeraStarstorm,DazzlingGleam,EarthPower,IceBeam|||M|||50|,,,,,Stellar]Zamazenta-Crowned||RustedShield|DauntlessShield|BodyPress,HeavySlam,WideGuard,Protect||||||50|,,,,,Dragon]Mimikyu||SitrusBerry|Disguise|PlayRough,WillOWisp,TrickRoom,DestinyBond|||F|||50|,,,,,Fairy]Tyranitar||LifeOrb|SandStream|KnockOff,StoneEdge,Earthquake,Protect|||M|||50|,,,,,Fairy]Urshifu||ChoiceScarf|UnseenFist|WickedBlow,PoisonJab,SuckerPunch,CloseCombat|||F|||50|,,,,,Dark]Dugtrio||FocusSash|ArenaTrap|Endeavor,SuckerPunch,StompingTantrum,Protect|||M|||50|,,,,,Ghost\n|showteam|p2|Lunala||PowerHerb|ShadowShield|MeteorBeam,MoongeistBeam,TrickRoom,WideGuard||||||50|,,,,,Normal]Miraidon||ChoiceSpecs|HadronEngine|ElectroDrift,DracoMeteor,VoltSwitch,DazzlingGleam||||||50|,,,,,Ghost]Iron Hands||AssaultVest|QuarkDrive|FakeOut,DrainPunch,WildCharge,CloseCombat||||||50|,,,,,Grass]Urshifu-Rapid-Strike||ChoiceScarf|UnseenFist|SurgingStrikes,CloseCombat,AquaJet,Uturn|||M|||50|,,,,,Stellar]Ogerpon-Hearthflame||HearthflameMask|MoldBreaker|IvyCudgel,WoodHammer,FollowMe,SpikyShield|||F|||50|,,,,,Fire]Grimmsnarl||SitrusBerry|Prankster|SpiritBreak,PartingShot,FakeTears,Taunt|||M|||50|,,,,,Water\n|inactive|Battle timer is ON: inactive players will automatically lose when time's up. (requested by lexerthanatauros)\n|\n|t:|1746154416\n|start\n|switch|p1a: Dugtrio|Dugtrio, L50, M|100/100\n|switch|p1b: Urshifu|Urshifu, L50, F|100/100\n|switch|p2a: Lunala|Lunala, L50|100/100\n|switch|p2b: Miraidon|Miraidon, L50|100/100\n|-fieldstart|move: Electric Terrain|[from] ability: Hadron Engine|[of] p2b: Miraidon\n|turn|1\n|inactive|chamoy-pt2 has 30 seconds left.\n|\n|t:|1746154447\n|-terastallize|p1b: Urshifu|Dark\n|-terastallize|p2a: Lunala|Normal\n|move|p1b: Urshifu|Wicked Blow|p2b: Miraidon\n|-crit|p2b: Miraidon\n|-damage|p2b: Miraidon|21/100\n|move|p2b: Miraidon|Volt Switch|p1b: Urshifu\n|-damage|p1b: Urshifu|0 fnt\n|faint|p1b: Urshifu\n|\n|t:|1746154456\n|switch|p2b: Grimmsnarl|Grimmsnarl, L50, M|100/100|[from] Volt Switch\n|move|p1a: Dugtrio|Stomping Tantrum|p2b: Grimmsnarl\n|-damage|p2b: Grimmsnarl|67/100\n|move|p2a: Lunala|Trick Room|p2a: Lunala\n|-fieldstart|move: Trick Room|[of] p2a: Lunala\n|\n|upkeep\n|\n|t:|1746154465\n|switch|p1b: Terapagos|Terapagos, L50, M|100/100\n|-activate|p1b: Terapagos|ability: Tera Shift\n|detailschange|p1b: Terapagos|Terapagos-Terastal, L50, M\n|-heal|p1b: Terapagos|100/100|[silent]\n|turn|2\n|\n|t:|1746154472\n|move|p2b: Grimmsnarl|Parting Shot|p1b: Terapagos\n|-unboost|p1b: Terapagos|atk|1\n|-unboost|p1b: Terapagos|spa|1\n|\n|t:|1746154480\n|switch|p2b: Iron Hands|Iron Hands, L50|100/100|[from] Parting Shot\n|-activate|p2b: Iron Hands|ability: Quark Drive\n|-start|p2b: Iron Hands|quarkdriveatk\n|move|p1b: Terapagos|Tera Starstorm|p2b: Iron Hands\n|-damage|p2b: Iron Hands|69/100\n|move|p2a: Lunala|Meteor Beam||[still]\n|-prepare|p2a: Lunala|Meteor Beam\n|-boost|p2a: Lunala|spa|1\n|-enditem|p2a: Lunala|Power Herb\n|-anim|p2a: Lunala|Meteor Beam|p1a: Dugtrio\n|-resisted|p1a: Dugtrio\n|-damage|p1a: Dugtrio|22/100\n|move|p1a: Dugtrio|Endeavor|p2a: Lunala\n|-damage|p2a: Lunala|9/100\n|\n|upkeep\n|turn|3\n|\n|t:|1746154499\n|move|p1a: Dugtrio|Sucker Punch|p2a: Lunala\n|-damage|p2a: Lunala|0 fnt\n|faint|p2a: Lunala\n|move|p2b: Iron Hands|Drain Punch|p1b: Terapagos\n|-activate|p1b: Terapagos|ability: Tera Shell\n|-resisted|p1b: Terapagos\n|-damage|p1b: Terapagos|74/100\n|-heal|p2b: Iron Hands|79/100|[from] drain|[of] p1b: Terapagos\n|move|p1b: Terapagos|Tera Starstorm|p2b: Iron Hands\n|-damage|p2b: Iron Hands|47/100\n|\n|upkeep\n|\n|t:|1746154507\n|switch|p2a: Grimmsnarl|Grimmsnarl, L50, M|67/100\n|turn|4\n|\n|t:|1746154515\n|switch|p1b: Zamazenta|Zamazenta-Crowned, L50|100/100\n|-ability|p1b: Zamazenta|Dauntless Shield|boost\n|-boost|p1b: Zamazenta|def|1\n|move|p1a: Dugtrio|Protect|p1a: Dugtrio\n|-singleturn|p1a: Dugtrio|Protect\n|move|p2b: Iron Hands|Drain Punch|p1b: Zamazenta\n|-supereffective|p1b: Zamazenta\n|-damage|p1b: Zamazenta|59/100\n|-heal|p2b: Iron Hands|62/100|[from] drain|[of] p1b: Zamazenta\n|move|p2a: Grimmsnarl|Spirit Break|p1a: Dugtrio\n|-activate|p1a: Dugtrio|move: Protect\n|\n|upkeep\n|turn|5\n|\n|t:|1746154529\n|switch|p1a: Terapagos|Terapagos-Terastal, L50, M|74/100\n|move|p1b: Zamazenta|Protect|p1b: Zamazenta\n|-singleturn|p1b: Zamazenta|Protect\n|move|p2b: Iron Hands|Drain Punch|p1b: Zamazenta\n|-activate|p1b: Zamazenta|move: Protect\n|move|p2a: Grimmsnarl|Spirit Break|p1a: Terapagos\n|-damage|p1a: Terapagos|45/100\n|-unboost|p1a: Terapagos|spa|1\n|\n|-fieldend|move: Trick Room\n|-fieldend|move: Electric Terrain\n|-end|p2b: Iron Hands|Quark Drive\n|upkeep\n|turn|6\n|inactive|chamoy-pt2 has 30 seconds left.\n|\n|t:|1746154555\n|move|p2a: Grimmsnarl|Fake Tears|p1b: Zamazenta\n|-unboost|p1b: Zamazenta|spd|2\n|move|p1b: Zamazenta|Body Press|p2b: Iron Hands\n|-damage|p2b: Iron Hands|10/100\n|move|p1a: Terapagos|Dazzling Gleam|p2b: Iron Hands|[spread] p2a,p2b\n|-supereffective|p2a: Grimmsnarl\n|-supereffective|p2b: Iron Hands\n|-damage|p2a: Grimmsnarl|28/100\n|-damage|p2b: Iron Hands|0 fnt\n|-enditem|p2a: Grimmsnarl|Sitrus Berry|[eat]\n|-heal|p2a: Grimmsnarl|52/100|[from] item: Sitrus Berry\n|faint|p2b: Iron Hands\n|-end|p2b: Iron Hands|Quark Drive|[silent]\n|\n|upkeep\n|\n|t:|1746154562\n|switch|p2b: Miraidon|Miraidon, L50|21/100\n|-fieldstart|move: Electric Terrain|[from] ability: Hadron Engine|[of] p2b: Miraidon\n|turn|7\n|inactive|chamoy-pt2 has 30 seconds left.\n|inactive|chamoy-pt2 has 20 seconds left.\n|\n|t:|1746154598\n|move|p1b: Zamazenta|Wide Guard|p1b: Zamazenta\n|-singleturn|p1b: Zamazenta|Wide Guard\n|move|p2b: Miraidon|Electro Drift|p1a: Terapagos\n|-damage|p1a: Terapagos|0 fnt\n|faint|p1a: Terapagos\n|move|p2a: Grimmsnarl|Spirit Break|p1b: Zamazenta\n|-damage|p1b: Zamazenta|48/100\n|-unboost|p1b: Zamazenta|spa|1\n|\n|upkeep\n|\n|t:|1746154619\n|switch|p1a: Dugtrio|Dugtrio, L50, M|22/100\n|turn|8\n|\n|t:|1746154625\n|move|p1a: Dugtrio|Sucker Punch|p2b: Miraidon\n|-crit|p2b: Miraidon\n|-damage|p2b: Miraidon|0 fnt\n|faint|p2b: Miraidon\n|move|p1b: Zamazenta|Heavy Slam|p2a: Grimmsnarl\n|-supereffective|p2a: Grimmsnarl\n|-damage|p2a: Grimmsnarl|0 fnt\n|faint|p2a: Grimmsnarl\n|\n|win|lexerthanatauros\n||chamoy-pt2 is ready for game 2.\n|l|\u2606lexerthanatauros\n|player|p1|\n|inactive|lexerthanatauros has 30 seconds to confirm battle start!\n||lexerthanatauros is ready for game 2.\n|uhtml|next|Next: <a href=\"/battle-gen9vgc2025regibo3-2355117185\"><strong>Game 2 of 3</strong></a>\n|l|\u2606chamoy-pt2\n|player|p2|\n", "uploadtime": 1746154981, "views": 4, "formatid": "gen9vgc2025regibo3", "rating": null, "private": 0, "password": null}