{"id": "gen9vgc2025regibo3-2354035860", "format": "[Gen 9] VGC 2025 Reg I (Bo3)", "players": ["oporrinovgc", "PEKORA999"], "log": "|j|\u2606oporrinovgc\n|j|\u2606PEKORA999\n|html|<table width=\"100%\"><tr><td align=\"left\">oporrinovgc</td><td align=\"right\">PEKORA999</tr><tr><td align=\"left\"><i class=\"fa fa-circle-o\"></i> <i class=\"fa fa-circle-o\"></i> </td><td align=\"right\"><i class=\"fa fa-circle-o\"></i> <i class=\"fa fa-circle\"></i> </tr></table>\n|uhtml|bestof|<h2><strong>Game 2</strong> of <a href=\"/game-bestof3-gen9vgc2025regibo3-2354031944\">a best-of-3</a></h2>\n|t:|1746029390\n|gametype|doubles\n|player|p1|oporrinovgc|2|1293\n|player|p2|PEKORA999|265|1367\n|teamsize|p1|6\n|teamsize|p2|6\n|gen|9\n|tier|[Gen 9] VGC 2025 Reg I (Bo3)\n|rated|\n|rule|Species Clause: Limit one of each Pok\u00e9mon\n|rule|Item Clause: Limit 1 of each item\n|clearpoke\n|poke|p1|Terapagos, L50, M|\n|poke|p1|Calyrex-Shadow, L50|\n|poke|p1|Rillaboom, L50, M|\n|poke|p1|Incineroar, L50, M|\n|poke|p1|Amoonguss, L50, M|\n|poke|p1|Heatran, L50, M|\n|poke|p2|Groudon, L50|\n|poke|p2|Miraidon, L50|\n|poke|p2|Grimmsnarl, L50, M|\n|poke|p2|Iron Hands, L50|\n|poke|p2|Farigiraf, L50, F|\n|poke|p2|Volcarona, L50, F|\n|teampreview|4\n|showteam|p1|Terapagos||Leftovers|TeraShift|TeraStarstorm,CalmMind,EarthPower,Protect|||M|||50|,,,,,Stellar]Calyrex-Shadow||FocusSash|AsOneSpectrier|AstralBarrage,WillOWisp,Disable,Protect||||||50|,,,,,Ghost]Rillaboom||AssaultVest|GrassySurge|FakeOut,WoodHammer,GrassyGlide,Uturn|||M|||50|,,,,,Grass]Incineroar||SafetyGoggles|Intimidate|FakeOut,KnockOff,Taunt,PartingShot|||M|||50|,,,,,Bug]Amoonguss||RockyHelmet|Regenerator|Protect,Spore,RagePowder,SludgeBomb|||M|||50|,,,,,Water]Heatran||ZoomLens|FlashFire|MagmaStorm,HeavySlam,TeraBlast,Protect|||M|||50|,,,,,Fairy\n|showteam|p2|Groudon||AssaultVest|Drought|PrecipiceBlades,HeatCrash,ThunderPunch,HighHorsepower||||||50|,,,,,Fire]Miraidon||ChoiceSpecs|HadronEngine|ElectroDrift,DazzlingGleam,VoltSwitch,DracoMeteor||||||50|,,,,,Fairy]Grimmsnarl||LightClay|Prankster|FoulPlay,ThunderWave,LightScreen,Reflect|||M|||50|,,,,,Ghost]Iron Hands||ClearAmulet|QuarkDrive|LowKick,HeavySlam,DrainPunch,FakeOut||||||50|,,,,,Grass]Farigiraf||ElectricSeed|ArmorTail|FoulPlay,Psychic,TrickRoom,HelpingHand|||F|||50|,,,,,Water]Volcarona||Leftovers|FlameBody|Protect,FieryDance,GigaDrain,QuiverDance|||F|||50|,,,,,Grass\n|inactive|Battle timer is ON: inactive players will automatically lose when time's up. (requested by oporrinovgc)\n|inactive|PEKORA999 has 60 seconds left.\n|inactive|oporrinovgc has 60 seconds left.\n|\n|t:|1746029433\n|start\n|switch|p1a: Terapagos|Terapagos, L50, M|100/100\n|switch|p1b: Incineroar|Incineroar, L50, M|100/100\n|switch|p2a: Volcarona|Volcarona, L50, F|100/100\n|switch|p2b: Grimmsnarl|Grimmsnarl, L50, M|100/100\n|-activate|p1a: Terapagos|ability: Tera Shift\n|detailschange|p1a: Terapagos|Terapagos-Terastal, L50, M\n|-heal|p1a: Terapagos|100/100|[silent]\n|-ability|p1b: Incineroar|Intimidate|boost\n|-unboost|p2a: Volcarona|atk|1\n|-unboost|p2b: Grimmsnarl|atk|1\n|turn|1\n|\n|t:|1746029442\n|move|p1b: Incineroar|Fake Out|p2b: Grimmsnarl\n|-damage|p2b: Grimmsnarl|91/100\n|cant|p2b: Grimmsnarl|flinch\n|move|p2a: Volcarona|Quiver Dance|p2a: Volcarona\n|-boost|p2a: Volcarona|spa|1\n|-boost|p2a: Volcarona|spd|1\n|-boost|p2a: Volcarona|spe|1\n|move|p1a: Terapagos|Calm Mind|p1a: Terapagos\n|-boost|p1a: Terapagos|spa|1\n|-boost|p1a: Terapagos|spd|1\n|\n|upkeep\n|turn|2\n|\n|t:|1746029451\n|move|p2b: Grimmsnarl|Thunder Wave|p1a: Terapagos\n|-status|p1a: Terapagos|par\n|move|p2a: Volcarona|Quiver Dance|p2a: Volcarona\n|-boost|p2a: Volcarona|spa|1\n|-boost|p2a: Volcarona|spd|1\n|-boost|p2a: Volcarona|spe|1\n|move|p1b: Incineroar|Taunt|p2a: Volcarona\n|-start|p2a: Volcarona|move: Taunt\n|cant|p1a: Terapagos|par\n|\n|upkeep\n|turn|3\n|\n|t:|1746029471\n|move|p2b: Grimmsnarl|Light Screen|p2b: Grimmsnarl\n|-sidestart|p2: PEKORA999|move: Light Screen\n|move|p2a: Volcarona|Fiery Dance|p1a: Terapagos\n|-activate|p1a: Terapagos|ability: Tera Shell\n|-resisted|p1a: Terapagos\n|-damage|p1a: Terapagos|79/100 par\n|-boost|p2a: Volcarona|spa|1\n|move|p1b: Incineroar|Knock Off|p2a: Volcarona\n|-damage|p2a: Volcarona|59/100\n|-enditem|p2a: Volcarona|Leftovers|[from] move: Knock Off|[of] p1b: Incineroar\n|move|p1a: Terapagos|Calm Mind|p1a: Terapagos\n|-boost|p1a: Terapagos|spa|1\n|-boost|p1a: Terapagos|spd|1\n|\n|-heal|p1a: Terapagos|85/100 par|[from] item: Leftovers\n|upkeep\n|turn|4\n|inactive|PEKORA999 has 30 seconds left.\n|\n|t:|1746029500\n|move|p2b: Grimmsnarl|Reflect|p2b: Grimmsnarl\n|-sidestart|p2: PEKORA999|Reflect\n|move|p2a: Volcarona|Giga Drain|p1a: Terapagos\n|-damage|p1a: Terapagos|57/100 par\n|-heal|p2a: Volcarona|73/100|[from] drain|[of] p1a: Terapagos\n|move|p1b: Incineroar|Parting Shot|p2a: Volcarona\n|-unboost|p2a: Volcarona|atk|1\n|-unboost|p2a: Volcarona|spa|1\n|\n|t:|1746029511\n|switch|p1b: Heatran|Heatran, L50, M|100/100|[from] Parting Shot\n|move|p1a: Terapagos|Calm Mind|p1a: Terapagos\n|-boost|p1a: Terapagos|spa|1\n|-boost|p1a: Terapagos|spd|1\n|\n|-heal|p1a: Terapagos|63/100 par|[from] item: Leftovers\n|upkeep\n|turn|5\n|\n|t:|1746029533\n|switch|p2b: Miraidon|Miraidon, L50|100/100\n|-fieldstart|move: Electric Terrain|[from] ability: Hadron Engine|[of] p2b: Miraidon\n|move|p1a: Terapagos|Protect|p1a: Terapagos\n|-singleturn|p1a: Terapagos|Protect\n|move|p2a: Volcarona|Fiery Dance|p1a: Terapagos\n|-activate|p1a: Terapagos|move: Protect\n|move|p1b: Heatran|Magma Storm|p2a: Volcarona\n|-damage|p2a: Volcarona|60/100\n|-activate|p2a: Volcarona|move: Magma Storm|[of] p1b: Heatran\n|\n|-heal|p1a: Terapagos|69/100 par|[from] item: Leftovers\n|-damage|p2a: Volcarona|48/100|[from] move: Magma Storm|[partiallytrapped]\n|-end|p2a: Volcarona|move: Taunt\n|upkeep\n|turn|6\n|inactive|oporrinovgc has 30 seconds left.\n|inactive|oporrinovgc has 20 seconds left.\n|\n|t:|1746029569\n|-terastallize|p1a: Terapagos|Stellar\n|detailschange|p1a: Terapagos|Terapagos-Stellar, L50, M, tera:Stellar\n|-heal|p1a: Terapagos|77/100 par|[silent]\n|-ability|p1a: Terapagos|Teraform Zero\n|-fieldend|move: Electric Terrain\n|move|p2a: Volcarona|Fiery Dance|p1a: Terapagos\n|-damage|p1a: Terapagos|56/100 par\n|move|p2b: Miraidon|Electro Drift|p1a: Terapagos\n|-damage|p1a: Terapagos|32/100 par\n|move|p1b: Heatran|Magma Storm|p2a: Volcarona\n|-damage|p2a: Volcarona|33/100\n|cant|p1a: Terapagos|par\n|\n|-heal|p1a: Terapagos|39/100 par|[from] item: Leftovers\n|-damage|p2a: Volcarona|21/100|[from] move: Magma Storm|[partiallytrapped]\n|upkeep\n|turn|7\n|\n|t:|1746029591\n|cant|p1a: Terapagos|par\n|move|p2a: Volcarona|Giga Drain|p1a: Terapagos\n|-damage|p1a: Terapagos|25/100 par\n|-heal|p2a: Volcarona|30/100|[from] drain|[of] p1a: Terapagos\n|move|p2b: Miraidon|Electro Drift|p1b: Heatran\n|-damage|p1b: Heatran|25/100\n|move|p1b: Heatran|Magma Storm|p2b: Miraidon\n|-resisted|p2b: Miraidon\n|-damage|p2b: Miraidon|87/100\n|-activate|p2b: Miraidon|move: Magma Storm|[of] p1b: Heatran\n|\n|-heal|p1a: Terapagos|32/100 par|[from] item: Leftovers\n|-damage|p2a: Volcarona|17/100|[from] move: Magma Storm|[partiallytrapped]\n|-damage|p2b: Miraidon|75/100|[from] move: Magma Storm|[partiallytrapped]\n|upkeep\n|turn|8\n|\n|t:|1746029607\n|move|p1a: Terapagos|Protect|p1a: Terapagos\n|-singleturn|p1a: Terapagos|Protect\n|move|p2a: Volcarona|Fiery Dance|p1a: Terapagos\n|-activate|p1a: Terapagos|move: Protect\n|move|p2b: Miraidon|Electro Drift|p1a: Terapagos\n|-activate|p1a: Terapagos|move: Protect\n|move|p1b: Heatran|Heavy Slam|p2a: Volcarona\n|-resisted|p2a: Volcarona\n|-damage|p2a: Volcarona|5/100\n|\n|-heal|p1a: Terapagos|38/100 par|[from] item: Leftovers\n|-damage|p2a: Volcarona|0 fnt|[from] move: Magma Storm|[partiallytrapped]\n|faint|p2a: Volcarona\n|-damage|p2b: Miraidon|63/100|[from] move: Magma Storm|[partiallytrapped]\n|upkeep\n|\n|t:|1746029610\n|switch|p2a: Groudon|Groudon, L50|100/100\n|-weather|SunnyDay|[from] ability: Drought|[of] p2a: Groudon\n|turn|9\n|\n|t:|1746029623\n|move|p2b: Miraidon|Electro Drift|p1a: Terapagos\n|-damage|p1a: Terapagos|17/100 par\n|move|p2a: Groudon|Precipice Blades|p1b: Heatran|[spread] p1a\n|-miss|p2a: Groudon|p1b: Heatran\n|-damage|p1a: Terapagos|0 fnt\n|faint|p1a: Terapagos\n|move|p1b: Heatran|Magma Storm|p2a: Groudon\n|-damage|p2a: Groudon|73/100\n|-activate|p2a: Groudon|move: Magma Storm|[of] p1b: Heatran\n|\n|-weather|SunnyDay|[upkeep]\n|-damage|p2b: Miraidon|51/100|[from] move: Magma Storm|[partiallytrapped]\n|-damage|p2a: Groudon|61/100|[from] move: Magma Storm|[partiallytrapped]\n|upkeep\n|\n|t:|1746029632\n|switch|p1a: Calyrex|Calyrex-Shadow, L50|100/100\n|-ability|p1a: Calyrex|As One\n|-ability|p1a: Calyrex|Unnerve\n|turn|10\n|\n|t:|1746029645\n|switch|p1b: Incineroar|Incineroar, L50, M|100/100\n|-ability|p1b: Incineroar|Intimidate|boost\n|-unboost|p2a: Groudon|atk|1\n|-unboost|p2b: Miraidon|atk|1\n|-terastallize|p2a: Groudon|Fire\n|move|p1a: Calyrex|Astral Barrage|p2a: Groudon|[spread] p2a,p2b\n|-damage|p2a: Groudon|43/100\n|-damage|p2b: Miraidon|26/100\n|move|p2b: Miraidon|Electro Drift|p1a: Calyrex\n|-damage|p1a: Calyrex|10/100\n|move|p2a: Groudon|Precipice Blades|p1a: Calyrex|[spread] p1a\n|-miss|p2a: Groudon|p1b: Incineroar\n|-damage|p1a: Calyrex|0 fnt\n|faint|p1a: Calyrex\n|\n|-weather|SunnyDay|[upkeep]\n|-end|p2b: Miraidon|Magma Storm|[partiallytrapped]|[silent]\n|-end|p2a: Groudon|Magma Storm|[partiallytrapped]|[silent]\n|-sideend|p2: PEKORA999|move: Light Screen\n|upkeep\n|\n|t:|1746029659\n|switch|p1a: Heatran|Heatran, L50, M|25/100\n|turn|11\n|\n|t:|1746029672\n|move|p1b: Incineroar|Fake Out|p2a: Groudon\n|-damage|p2a: Groudon|39/100\n|move|p2b: Miraidon|Electro Drift|p1a: Heatran\n|-damage|p1a: Heatran|0 fnt\n|faint|p1a: Heatran\n|cant|p2a: Groudon|flinch\n|\n|-weather|SunnyDay|[upkeep]\n|-sideend|p2: PEKORA999|Reflect\n|upkeep\n|turn|12\n|\n|t:|1746029681\n|move|p2b: Miraidon|Electro Drift|p1b: Incineroar\n|-damage|p1b: Incineroar|33/100\n|move|p2a: Groudon|High Horsepower|p1b: Incineroar|[miss]\n|-miss|p2a: Groudon|p1b: Incineroar\n|move|p1b: Incineroar|Knock Off|p2a: Groudon\n|-damage|p2a: Groudon|17/100\n|-enditem|p2a: Groudon|Assault Vest|[from] move: Knock Off|[of] p1b: Incineroar\n|\n|-weather|SunnyDay|[upkeep]\n|upkeep\n|turn|13\n|l|\u2606oporrinovgc\n|inactive|oporrinovgc disconnected and has a minute to reconnect!\n|player|p1|\n|inactive|oporrinovgc has 30 seconds left.\n|inactive|oporrinovgc has 20 seconds left.\n|inactive|oporrinovgc has 15 seconds left.\n|inactive|oporrinovgc has 10 seconds left.\n|inactive|oporrinovgc has 5 seconds left.\n|-message|oporrinovgc lost due to inactivity.\n|\n|win|PEKORA999\n|raw|oporrinovgc's rating: 1293 &rarr; <strong>1273</strong><br />(-20 for losing)\n|raw|PEKORA999's rating: 1367 &rarr; <strong>1383</strong><br />(+16 for winning)\n", "uploadtime": 1746030078, "views": 25, "formatid": "gen9vgc2025regibo3", "rating": 1273, "private": 0, "password": null}