{"id": "gen9vgc2025regibo3-2354619434", "format": "[Gen 9] VGC 2025 Reg I (Bo3)", "players": ["ZPanNucC1", "PresentBlue"], "log": "|j|\u2606ZPanNucC1\n|j|\u2606PresentBlue\n|html|<table width=\"100%\"><tr><td align=\"left\">ZPanNucC1</td><td align=\"right\">PresentBlue</tr><tr><td align=\"left\"><i class=\"fa fa-circle-o\"></i> <i class=\"fa fa-circle-o\"></i> </td><td align=\"right\"><i class=\"fa fa-circle-o\"></i> <i class=\"fa fa-circle-o\"></i> </tr></table>\n|uhtml|bestof|<h2><strong>Game 1</strong> of <a href=\"/game-bestof3-gen9vgc2025regibo3-2354619433\">a best-of-3</a></h2>\n|t:|1746103651\n|gametype|doubles\n|player|p1|ZPanNucC1|pokemaniac|1170\n|player|p2|PresentBlue|102|1044\n|teamsize|p1|6\n|teamsize|p2|4\n|gen|9\n|tier|[Gen 9] VGC 2025 Reg I (Bo3)\n|rated|\n|rule|Species Clause: Limit one of each Pok\u00e9mon\n|rule|Item Clause: Limit 1 of each item\n|clearpoke\n|poke|p1|Lunala, L50|\n|poke|p1|Incineroar, L50, F|\n|poke|p1|Ogerpon-Cornerstone, L50, F|\n|poke|p1|Rillaboom, L50, M|\n|poke|p1|Scream Tail, L50|\n|poke|p1|Koraidon, L50|\n|poke|p2|Clodsire, L50, F|\n|poke|p2|Primarina, L50, F|\n|poke|p2|Kyogre, L50|\n|poke|p2|Salamence, L50, M|\n|teampreview|4\n|showteam|p1|Lunala||Leftovers|ShadowShield|Protect,CalmMind,Moonblast,MoongeistBeam||||||50|,,,,,Fairy]Incineroar||RockyHelmet|Intimidate|FakeOut,FlareBlitz,Taunt,PartingShot|||F|||50|,,,,,Water]Ogerpon-Cornerstone||CornerstoneMask|Sturdy|SpikyShield,IvyCudgel,FollowMe,PowerWhip|||F|||50|,,,,,Rock]Rillaboom||AssaultVest|GrassySurge|FakeOut,WoodHammer,GrassyGlide,Uturn|||M|||50|,,,,,Fire]Scream Tail||BoosterEnergy|Protosynthesis|Protect,Encore,Disable,DazzlingGleam||||||50|,,,,,Grass]Koraidon||LifeOrb|OrichalcumPulse|Protect,FlameCharge,FlareBlitz,CloseCombat||||||50|,,,,,Fire\n|showteam|p2|Clodsire||RockyHelmet|WaterAbsorb|Toxic,Protect,EarthPower,Recover|||F|||50|,,,,,Stellar]Primarina||ThroatSpray|LiquidVoice|Surf,Moonblast,Protect,LifeDew|||F|||50|,,,,,Fire]Kyogre||SitrusBerry|Drizzle|Surf,WaterSpout,Thunder,CalmMind||||||50|,,,,,Electric]Salamence||Leftovers|Intimidate|Protect,BreakingSwipe,DragonDance,IronHead|||M|||50|,,,,,Dragon\n|inactive|Battle timer is ON: inactive players will automatically lose when time's up. (requested by ZPanNucC1)\n|inactive|PresentBlue has 60 seconds left.\n|\n|t:|1746103691\n|start\n|switch|p1a: Rillaboom|Rillaboom, L50, M|100/100\n|switch|p1b: Lunala|Lunala, L50|100/100\n|switch|p2a: Kyogre|Kyogre, L50|100/100\n|switch|p2b: Clodsire|Clodsire, L50, F|100/100\n|-weather|RainDance|[from] ability: Drizzle|[of] p2a: Kyogre\n|-fieldstart|move: Grassy Terrain|[from] ability: Grassy Surge|[of] p1a: Rillaboom\n|turn|1\n|inactive|PresentBlue has 30 seconds left.\n|\n|t:|1746103717\n|switch|p2a: Salamence|Salamence, L50, M|100/100\n|-ability|p2a: Salamence|Intimidate|boost\n|-unboost|p1a: Rillaboom|atk|1\n|-unboost|p1b: Lunala|atk|1\n|move|p1a: Rillaboom|Fake Out|p2a: Salamence\n|-damage|p2a: Salamence|94/100\n|move|p1b: Lunala|Calm Mind|p1b: Lunala\n|-boost|p1b: Lunala|spa|1\n|-boost|p1b: Lunala|spd|1\n|move|p2b: Clodsire|Toxic|p1b: Lunala\n|-status|p1b: Lunala|tox\n|\n|-weather|RainDance|[upkeep]\n|-heal|p2a: Salamence|99/100|[from] item: Leftovers\n|-damage|p1b: Lunala|94/100 tox|[from] psn\n|upkeep\n|turn|2\n|inactive|PresentBlue has 30 seconds left.\n|inactive|PresentBlue has 20 seconds left.\n|\n|t:|1746103756\n|switch|p2a: Primarina|Primarina, L50, F|100/100\n|move|p2b: Clodsire|Protect|p2b: Clodsire\n|-singleturn|p2b: Clodsire|Protect\n|move|p1b: Lunala|Moonblast|p2a: Primarina\n|-damage|p2a: Primarina|64/100\n|move|p1a: Rillaboom|U-turn|p2a: Primarina\n|-resisted|p2a: Primarina\n|-damage|p2a: Primarina|57/100\n|\n|t:|1746103769\n|switch|p1a: Ogerpon|Ogerpon-Cornerstone, L50, F|100/100|[from] U-turn\n|\n|-weather|RainDance|[upkeep]\n|-heal|p1b: Lunala|100/100 tox|[from] Grassy Terrain\n|-heal|p2a: Primarina|63/100|[from] Grassy Terrain\n|-damage|p1b: Lunala|88/100 tox|[from] psn\n|upkeep\n|turn|3\n|\n|t:|1746103798\n|switch|p2b: Salamence|Salamence, L50, M|99/100\n|-ability|p2b: Salamence|Intimidate|boost\n|-unboost|p1a: Ogerpon|atk|1\n|-unboost|p1b: Lunala|atk|1\n|move|p2a: Primarina|Protect|p2a: Primarina\n|-singleturn|p2a: Primarina|Protect\n|move|p1a: Ogerpon|Power Whip|p2a: Primarina\n|-activate|p2a: Primarina|move: Protect\n|move|p1b: Lunala|Moongeist Beam|p2a: Primarina\n|-activate|p2a: Primarina|move: Protect\n|\n|-weather|RainDance|[upkeep]\n|-heal|p1b: Lunala|94/100 tox|[from] Grassy Terrain\n|-heal|p1b: Lunala|100/100 tox|[from] item: Leftovers\n|-heal|p2b: Salamence|100/100|[from] item: Leftovers\n|-heal|p2a: Primarina|70/100|[from] Grassy Terrain\n|-damage|p1b: Lunala|82/100 tox|[from] psn\n|upkeep\n|turn|4\n|inactive|PresentBlue has 30 seconds left.\n|inactive|PresentBlue has 20 seconds left.\n|\n|t:|1746103833\n|switch|p2b: Clodsire|Clodsire, L50, F|100/100\n|move|p1a: Ogerpon|Ivy Cudgel|p2b: Clodsire|[anim] Ivy Cudgel Rock\n|-resisted|p2b: Clodsire\n|-crit|p2b: Clodsire\n|-damage|p2b: Clodsire|65/100\n|move|p1b: Lunala|Moongeist Beam|p2a: Primarina\n|-damage|p2a: Primarina|16/100\n|move|p2a: Primarina|Surf|p1b: Lunala|[spread] p1a,p1b\n|-heal|p2b: Clodsire|89/100|[from] ability: Water Absorb|[of] p2a: Primarina\n|-damage|p1a: Ogerpon|58/100\n|-damage|p1b: Lunala|66/100 tox\n|\n|-weather|RainDance|[upkeep]\n|-heal|p1a: Ogerpon|64/100|[from] Grassy Terrain\n|-heal|p1b: Lunala|72/100 tox|[from] Grassy Terrain\n|-heal|p1b: Lunala|78/100 tox|[from] item: Leftovers\n|-heal|p2a: Primarina|22/100|[from] Grassy Terrain\n|-heal|p2b: Clodsire|95/100|[from] Grassy Terrain\n|-damage|p1b: Lunala|53/100 tox|[from] psn\n|upkeep\n|turn|5\n|\n|t:|1746103858\n|move|p2a: Primarina|Protect|p2a: Primarina\n|-singleturn|p2a: Primarina|Protect\n|move|p1a: Ogerpon|Power Whip|p2a: Primarina\n|-activate|p2a: Primarina|move: Protect\n|move|p1b: Lunala|Moongeist Beam|p2b: Clodsire\n|-damage|p2b: Clodsire|40/100\n|move|p2b: Clodsire|Toxic|p1a: Ogerpon\n|-status|p1a: Ogerpon|tox\n|\n|-weather|none\n|-heal|p1a: Ogerpon|70/100 tox|[from] Grassy Terrain\n|-heal|p1b: Lunala|59/100 tox|[from] Grassy Terrain\n|-heal|p1b: Lunala|66/100 tox|[from] item: Leftovers\n|-heal|p2a: Primarina|28/100|[from] Grassy Terrain\n|-heal|p2b: Clodsire|46/100|[from] Grassy Terrain\n|-damage|p1a: Ogerpon|64/100 tox|[from] psn\n|-damage|p1b: Lunala|35/100 tox|[from] psn\n|-fieldend|move: Grassy Terrain\n|upkeep\n|turn|6\n|inactive|PresentBlue has 30 seconds left.\n|\n|t:|1746103889\n|switch|p2a: Salamence|Salamence, L50, M|100/100\n|-ability|p2a: Salamence|Intimidate|boost\n|-unboost|p1a: Ogerpon|atk|1\n|-unboost|p1b: Lunala|atk|1\n|move|p2b: Clodsire|Protect|p2b: Clodsire\n|-singleturn|p2b: Clodsire|Protect\n|move|p1a: Ogerpon|Power Whip|p2a: Salamence\n|-resisted|p2a: Salamence\n|-damage|p2a: Salamence|94/100\n|move|p1b: Lunala|Moonblast|p2a: Salamence\n|-supereffective|p2a: Salamence\n|-damage|p2a: Salamence|0 fnt\n|faint|p2a: Salamence\n|\n|-heal|p1b: Lunala|41/100 tox|[from] item: Leftovers\n|-damage|p1a: Ogerpon|52/100 tox|[from] psn\n|-damage|p1b: Lunala|3/100 tox|[from] psn\n|upkeep\n|inactive|PresentBlue has 30 seconds left.\n|inactive|PresentBlue has 20 seconds left.\n|c|\u2606ZPanNucC1|dude come on+\n|\n|t:|1746103928\n|switch|p2a: Primarina|Primarina, L50, F|28/100\n|turn|7\n|c|\u2606ZPanNucC1|can you please lose faster\n|\n|t:|1746103947\n|move|p2a: Primarina|Protect|p2a: Primarina\n|-singleturn|p2a: Primarina|Protect\n|move|p1a: Ogerpon|Power Whip|p2a: Primarina\n|-activate|p2a: Primarina|move: Protect\n|move|p1b: Lunala|Moongeist Beam|p2b: Clodsire\n|-damage|p2b: Clodsire|0 fnt\n|faint|p2b: Clodsire\n|\n|-heal|p1b: Lunala|10/100 tox|[from] item: Leftovers\n|-damage|p1a: Ogerpon|35/100 tox|[from] psn\n|-damage|p1b: Lunala|0 fnt|[from] psn\n|faint|p1b: Lunala\n|upkeep\n|\n|t:|1746103962\n|switch|p1b: Rillaboom|Rillaboom, L50, M|100/100\n|switch|p2b: Kyogre|Kyogre, L50|100/100\n|-weather|RainDance|[from] ability: Drizzle|[of] p2b: Kyogre\n|-fieldstart|move: Grassy Terrain|[from] ability: Grassy Surge|[of] p1b: Rillaboom\n|turn|8\n|inactive|PresentBlue has 30 seconds left.\n|\n|t:|1746103988\n|-terastallize|p2b: Kyogre|Electric\n|move|p1b: Rillaboom|Fake Out|p2b: Kyogre\n|-damage|p2b: Kyogre|90/100\n|move|p1a: Ogerpon|Power Whip|p2a: Primarina\n|-supereffective|p2a: Primarina\n|-damage|p2a: Primarina|0 fnt\n|faint|p2a: Primarina\n|cant|p2b: Kyogre|flinch\n|\n|-weather|RainDance|[upkeep]\n|-heal|p1a: Ogerpon|40/100 tox|[from] Grassy Terrain\n|-heal|p2b: Kyogre|96/100|[from] Grassy Terrain\n|-damage|p1a: Ogerpon|17/100 tox|[from] psn\n|upkeep\n|turn|9\n|\n|t:|1746104012\n|move|p1a: Ogerpon|Ivy Cudgel|p2b: Kyogre|[anim] Ivy Cudgel Rock\n|-damage|p2b: Kyogre|71/100\n|move|p2b: Kyogre|Water Spout|p1b: Rillaboom|[spread] p1a,p1b\n|-resisted|p1b: Rillaboom\n|-damage|p1a: Ogerpon|0 fnt\n|-damage|p1b: Rillaboom|78/100\n|faint|p1a: Ogerpon\n|move|p1b: Rillaboom|U-turn|p2b: Kyogre\n|-damage|p2b: Kyogre|54/100\n|\n|t:|1746104018\n|switch|p1b: Koraidon|Koraidon, L50|100/100|[from] U-turn\n|-weather|SunnyDay|[from] ability: Orichalcum Pulse|[of] p1b: Koraidon\n|-activate|p1b: Koraidon|Orichalcum Pulse|[source]\n|\n|-weather|SunnyDay|[upkeep]\n|-heal|p2b: Kyogre|60/100|[from] Grassy Terrain\n|upkeep\n|\n|t:|1746104019\n|switch|p1a: Rillaboom|Rillaboom, L50, M|78/100\n|turn|10\n|\n|t:|1746104031\n|-terastallize|p1b: Koraidon|Fire\n|move|p1a: Rillaboom|Fake Out|p2b: Kyogre\n|-damage|p2b: Kyogre|49/100\n|-enditem|p2b: Kyogre|Sitrus Berry|[eat]\n|-heal|p2b: Kyogre|74/100|[from] item: Sitrus Berry\n|move|p1b: Koraidon|Flare Blitz|p2b: Kyogre\n|-damage|p2b: Kyogre|0 fnt\n|faint|p2b: Kyogre\n|-damage|p1b: Koraidon|73/100|[from] Recoil\n|-damage|p1b: Koraidon|63/100|[from] item: Life Orb\n|\n|win|ZPanNucC1\n||ZPanNucC1 is ready for game 2.\n|inactive|PresentBlue has 30 seconds to confirm battle start!\n|l|\u2606PresentBlue\n|player|p2|\n|inactive|PresentBlue has 20 seconds to confirm battle start!\n|inactive|PresentBlue has 10 seconds to confirm battle start!\n|uhtml|next|Next: <a href=\"/battle-gen9vgc2025regibo3-2354622968\"><strong>Game 2 of 3</strong></a>\n|l|\u2606ZPanNucC1\n|player|p1|\n", "uploadtime": 1746104389, "views": 7, "formatid": "gen9vgc2025regibo3", "rating": null, "private": 0, "password": null}