{"id": "gen9vgc2025regibo3-2354005604", "format": "[Gen 9] VGC 2025 Reg I (Bo3)", "players": ["EgonSSb", "DrXJ13"], "log": "|j|\u2606EgonSSb\n|j|\u2606DrXJ13\n|html|<table width=\"100%\"><tr><td align=\"left\">EgonSSb</td><td align=\"right\">DrXJ13</tr><tr><td align=\"left\"><i class=\"fa fa-circle-o\"></i> <i class=\"fa fa-circle-o\"></i> </td><td align=\"right\"><i class=\"fa fa-circle-o\"></i> <i class=\"fa fa-circle-o\"></i> </tr></table>\n|uhtml|bestof|<h2><strong>Game 1</strong> of <a href=\"/game-bestof3-gen9vgc2025regibo3-2354005599\">a best-of-3</a></h2>\n|t:|1746026814\n|gametype|doubles\n|player|p1|EgonSSb|2|1080\n|player|p2|DrXJ13|clair|1064\n|teamsize|p1|6\n|teamsize|p2|6\n|gen|9\n|tier|[Gen 9] VGC 2025 Reg I (Bo3)\n|rated|\n|rule|Species Clause: Limit one of each Pok\u00e9mon\n|rule|Item Clause: Limit 1 of each item\n|clearpoke\n|poke|p1|Miraidon, L50|\n|poke|p1|Lunala, L50|\n|poke|p1|Whimsicott, L50, F|\n|poke|p1|Chi-Yu, L50|\n|poke|p1|Urshifu-*, L50, F|\n|poke|p1|Iron Hands, L50|\n|poke|p2|Koraidon, L50|\n|poke|p2|Jumpluff, L50, M|\n|poke|p2|Porygon2, L50|\n|poke|p2|Ursaluna, L50, M|\n|poke|p2|Palkia, L50|\n|poke|p2|Incineroar, L50, M|\n|teampreview|4\n|showteam|p1|Miraidon||ChoiceSpecs|HadronEngine|ElectroDrift,VoltSwitch,DracoMeteor,DazzlingGleam||||||50|,,,,,Fairy]Lunala||ElectricSeed|ShadowShield|MoongeistBeam,Psyshock,TrickRoom,WideGuard||||||50|,,,,,Water]Whimsicott||CovertCloak|Prankster|Moonblast,Tailwind,Encore,LightScreen|||F|||50|,,,,,Dark]Chi-Yu||ChoiceScarf|BeadsofRuin|HeatWave,DarkPulse,Overheat,Snarl||||||50|,,,,,Ghost]Urshifu-Rapid-Strike||FocusSash|UnseenFist|SurgingStrikes,CloseCombat,AquaJet,Detect|||F|||50|,,,,,Stellar]Iron Hands||AssaultVest|QuarkDrive|DrainPunch,LowKick,HeavySlam,FakeOut||||||50|,,,,,Water\n|showteam|p2|Koraidon||LifeOrb|OrichalcumPulse|FlameCharge,FlareBlitz,CloseCombat,Protect||||||50|,,,,,Fire]Jumpluff||CovertCloak|Chlorophyll|Tailwind,SleepPowder,SunnyDay,RagePowder|||M|||50|,,,,,Dark]Porygon2||Eviolite|Download|IceBeam,TeraBlast,TrickRoom,Recover||||||50|,,,,,Poison]Ursaluna||FlameOrb|Guts|Facade,HeadlongRush,Earthquake,Protect|||M|||50|,,,,,Ghost]Palkia||LustrousOrb|Telepathy|SpacialRend,Flamethrower,TrickRoom,Protect||||||50|,,,,,Fire]Incineroar||SafetyGoggles|Intimidate|FakeOut,FlareBlitz,KnockOff,PartingShot|||M|||50|,,,,,Ghost\n|inactive|Battle timer is ON: inactive players will automatically lose when time's up. (requested by DrXJ13)\n|inactive|EgonSSb also wants the timer to be on.\n|inactive|EgonSSb has 60 seconds left.\n|inactive|DrXJ13 has 60 seconds left.\n|inactive|DrXJ13 has 30 seconds left.\n|inactive|DrXJ13 has 20 seconds left.\n|inactive|DrXJ13 has 15 seconds left.\n|\n|t:|1746026889\n|start\n|switch|p1a: Whimsicott|Whimsicott, L50, F|100/100\n|switch|p1b: Urshifu|Urshifu-Rapid-Strike, L50, F|100/100\n|switch|p2a: Koraidon|Koraidon, L50|100/100\n|switch|p2b: Chorizo|Incineroar, L50, M|100/100\n|-weather|SunnyDay|[from] ability: Orichalcum Pulse|[of] p2a: Koraidon\n|-activate|p2a: Koraidon|Orichalcum Pulse|[source]\n|-ability|p2b: Chorizo|Intimidate|boost\n|-unboost|p1a: Whimsicott|atk|1\n|-unboost|p1b: Urshifu|atk|1\n|turn|1\n|\n|t:|1746026912\n|move|p1b: Urshifu|Detect|p1b: Urshifu\n|-singleturn|p1b: Urshifu|Protect\n|move|p1a: Whimsicott|Tailwind|p1a: Whimsicott\n|-sidestart|p1: EgonSSb|move: Tailwind\n|move|p2a: Koraidon|Flame Charge|p1b: Urshifu\n|-activate|p1b: Urshifu|move: Protect\n|move|p2b: Chorizo|Flare Blitz|p1a: Whimsicott\n|-supereffective|p1a: Whimsicott\n|-damage|p1a: Whimsicott|0 fnt\n|faint|p1a: Whimsicott\n|-damage|p2b: Chorizo|73/100|[from] Recoil\n|\n|-weather|SunnyDay|[upkeep]\n|upkeep\n|\n|t:|1746026928\n|switch|p1a: Miraidon|Miraidon, L50|100/100\n|-fieldstart|move: Electric Terrain|[from] ability: Hadron Engine|[of] p1a: Miraidon\n|turn|2\n|inactive|EgonSSb has 30 seconds left.\n|inactive|DrXJ13 has 30 seconds left.\n|inactive|EgonSSb has 20 seconds left.\n|inactive|EgonSSb has 15 seconds left.\n|\n|t:|1746026971\n|-terastallize|p1a: Miraidon|Fairy\n|move|p2a: Koraidon|Protect|p2a: Koraidon\n|-singleturn|p2a: Koraidon|Protect\n|move|p1a: Miraidon|Dazzling Gleam|p2a: Koraidon|[spread] p2b\n|-activate|p2a: Koraidon|move: Protect\n|-damage|p2b: Chorizo|13/100\n|move|p1b: Urshifu|Surging Strikes|p2a: Koraidon\n|-resisted|p2a: Koraidon\n|-crit|p2a: Koraidon\n|-damage|p2a: Koraidon|96/100\n|-resisted|p2a: Koraidon\n|-crit|p2a: Koraidon\n|-damage|p2a: Koraidon|91/100\n|-resisted|p2a: Koraidon\n|-crit|p2a: Koraidon\n|-damage|p2a: Koraidon|86/100\n|-hitcount|p2a: Koraidon|3\n|move|p2b: Chorizo|Parting Shot|p1a: Miraidon\n|-unboost|p1a: Miraidon|atk|1\n|-unboost|p1a: Miraidon|spa|1\n|\n|t:|1746026988\n|switch|p2b: Jalape\u00f1o|Jumpluff, L50, M|100/100|[from] Parting Shot\n|\n|-weather|SunnyDay|[upkeep]\n|upkeep\n|turn|3\n|\n|t:|1746027004\n|switch|p1b: Lunala|Lunala, L50|100/100\n|-enditem|p1b: Lunala|Electric Seed\n|-boost|p1b: Lunala|def|1|[from] item: Electric Seed\n|-terastallize|p2a: Koraidon|Fire\n|move|p1a: Miraidon|Dazzling Gleam|p2b: Jalape\u00f1o|[spread] p2a,p2b\n|-resisted|p2a: Koraidon\n|-damage|p2a: Koraidon|62/100\n|-damage|p2b: Jalape\u00f1o|56/100\n|move|p2b: Jalape\u00f1o|Tailwind|p2b: Jalape\u00f1o\n|-sidestart|p2: DrXJ13|move: Tailwind\n|move|p2a: Koraidon|Flare Blitz|p1a: Miraidon\n|-damage|p1a: Miraidon|0 fnt\n|faint|p1a: Miraidon\n|-damage|p2a: Koraidon|27/100|[from] Recoil\n|-damage|p2a: Koraidon|18/100|[from] item: Life Orb\n|\n|-weather|SunnyDay|[upkeep]\n|upkeep\n|\n|t:|1746027021\n|switch|p1a: Urshifu|Urshifu-Rapid-Strike, L50, F|100/100\n|turn|4\n|\n|t:|1746027039\n|move|p1a: Urshifu|Detect|p1a: Urshifu\n|-singleturn|p1a: Urshifu|Protect\n|move|p2b: Jalape\u00f1o|Sleep Powder|p1b: Lunala\n|-activate|p1b: Lunala|move: Electric Terrain\n|move|p2a: Koraidon|Flare Blitz|p1a: Urshifu\n|-activate|p1a: Urshifu|move: Protect\n|move|p1b: Lunala|Moongeist Beam|p2a: Koraidon\n|-damage|p2a: Koraidon|0 fnt\n|faint|p2a: Koraidon\n|\n|-weather|SunnyDay|[upkeep]\n|-sideend|p1: EgonSSb|move: Tailwind\n|upkeep\n|\n|t:|1746027044\n|switch|p2a: Butifarra|Ursaluna, L50, M|100/100\n|turn|5\n|inactive|EgonSSb has 30 seconds left.\n|inactive|EgonSSb has 20 seconds left.\n|\n|t:|1746027079\n|move|p2b: Jalape\u00f1o|Sleep Powder|p1a: Urshifu|[miss]\n|-miss|p2b: Jalape\u00f1o|p1a: Urshifu\n|move|p2a: Butifarra|Headlong Rush|p1b: Lunala\n|-damage|p1b: Lunala|81/100\n|-unboost|p2a: Butifarra|def|1\n|-unboost|p2a: Butifarra|spd|1\n|move|p1a: Urshifu|Close Combat|p2a: Butifarra\n|-supereffective|p2a: Butifarra\n|-damage|p2a: Butifarra|0 fnt\n|-unboost|p1a: Urshifu|def|1\n|-unboost|p1a: Urshifu|spd|1\n|faint|p2a: Butifarra\n|move|p1b: Lunala|Moongeist Beam|p2b: Jalape\u00f1o\n|-damage|p2b: Jalape\u00f1o|0 fnt\n|faint|p2b: Jalape\u00f1o\n|\n|-weather|none\n|upkeep\n|\n|t:|1746027086\n|switch|p2b: Chorizo|Incineroar, L50, M|13/100\n|-ability|p2b: Chorizo|Intimidate|boost\n|-unboost|p1a: Urshifu|atk|1\n|-unboost|p1b: Lunala|atk|1\n|turn|6\n|-message|DrXJ13 forfeited.\n|\n|win|EgonSSb\n|l|\u2606DrXJ13\n|player|p2|\n||EgonSSb is ready for game 2.\n|j|\u2606DrXJ13\n|player|p2|DrXJ13|clair|\n||DrXJ13 is ready for game 2.\n|uhtml|next|Next: <a href=\"/battle-gen9vgc2025regibo3-2354008868\"><strong>Game 2 of 3</strong></a>\n", "uploadtime": 1746027278, "views": 7, "formatid": "gen9vgc2025regibo3", "rating": null, "private": 0, "password": null}