{"id": "gen9vgc2025regibo3-2354581250", "format": "[Gen 9] VGC 2025 Reg I (Bo3)", "players": ["TacoBurger", "ooni boe"], "log": "|j|\u2606TacoBurger\n|j|\u2606ooni boe\n|html|<table width=\"100%\"><tr><td align=\"left\">TacoBurger</td><td align=\"right\">ooni boe</tr><tr><td align=\"left\"><i class=\"fa fa-circle-o\"></i> <i class=\"fa fa-circle-o\"></i> </td><td align=\"right\"><i class=\"fa fa-circle-o\"></i> <i class=\"fa fa-circle\"></i> </tr></table>\n|uhtml|bestof|<h2><strong>Game 2</strong> of <a href=\"/game-bestof3-gen9vgc2025regibo3-2354579092\">a best-of-3</a></h2>\n|t:|1746098187\n|gametype|doubles\n|player|p1|TacoBurger|266|1081\n|player|p2|ooni boe|ninjaboy|1042\n|teamsize|p1|6\n|teamsize|p2|6\n|gen|9\n|tier|[Gen 9] VGC 2025 Reg I (Bo3)\n|rated|\n|rule|Species Clause: Limit one of each Pok\u00e9mon\n|rule|Item Clause: Limit 1 of each item\n|clearpoke\n|poke|p1|Zamazenta-*, L50|\n|poke|p1|Kyogre, L50|\n|poke|p1|Tornadus, L50, M|\n|poke|p1|Rillaboom, L50, M|\n|poke|p1|Urshifu-*, L50, F|\n|poke|p1|Chien-Pao, L50|\n|poke|p2|Lunala, L50|\n|poke|p2|Kyogre, L50|\n|poke|p2|Urshifu-*, L50, F|\n|poke|p2|Indeedee-F, L50, F|\n|poke|p2|Tornadus, L50, M|\n|poke|p2|Landorus, L50, M|\n|teampreview|4\n|showteam|p1|Zamazenta-Crowned||RustedShield|DauntlessShield|BodyPress,HeavySlam,WideGuard,Protect||||||50|,,,,,Dragon]Kyogre||MysticWater|Drizzle|WaterSpout,OriginPulse,IceBeam,Protect||||||50|,,,,,Water]Tornadus||CovertCloak|Prankster|BleakwindStorm,Tailwind,RainDance,Taunt|||M|||50|,,,,,Dark]Rillaboom||AssaultVest|GrassySurge|FakeOut,GrassyGlide,WoodHammer,Uturn|||M|||50|,,,,,Fire]Urshifu-Rapid-Strike||SplashPlate|UnseenFist|SurgingStrikes,AquaJet,CloseCombat,Detect|||F|||50|,,,,,Water]Chien-Pao||FocusSash|SwordofRuin|IcicleCrash,Crunch,SuckerPunch,Protect||||||50|,,,,,Ghost\n|showteam|p2|Lunala||PowerHerb|ShadowShield|WideGuard,MeteorBeam,ExpandingForce,MoongeistBeam||||||50|,,,,,Fairy]Kyogre||ChoiceSpecs|Drizzle|WaterSpout,OriginPulse,Thunder,IceBeam||||||50|,,,,,Water]Urshifu-Rapid-Strike||MysticWater|UnseenFist|SurgingStrikes,AquaJet,CloseCombat,Detect|||F|||50|,,,,,Water]Indeedee-F||PsychicSeed|PsychicSurge|FollowMe,TrickRoom,Imprison,Psychic|||F|||50|,,,,,Fairy]Tornadus||FocusSash|Prankster|BleakwindStorm,Tailwind,Protect,ScaryFace|||M|||50|,,,,,Steel]Landorus||LifeOrb|SheerForce|SludgeBomb,EarthPower,SandsearStorm,Protect|||M|||50|,,,,,Poison\n|\n|t:|1746098232\n|start\n|switch|p1a: Tornadus|Tornadus, L50, M|100/100\n|switch|p1b: Rillaboom|Rillaboom, L50, M|100/100\n|switch|p2a: Lunala|Lunala, L50|100/100\n|switch|p2b: Urshifu|Urshifu-Rapid-Strike, L50, F|100/100\n|-fieldstart|move: Grassy Terrain|[from] ability: Grassy Surge|[of] p1b: Rillaboom\n|turn|1\n|\n|t:|1746098276\n|move|p2b: Urshifu|Detect|p2b: Urshifu\n|-singleturn|p2b: Urshifu|Protect\n|move|p1a: Tornadus|Tailwind|p1a: Tornadus\n|-sidestart|p1: TacoBurger|move: Tailwind\n|move|p1b: Rillaboom|Wood Hammer|p2b: Urshifu\n|-activate|p2b: Urshifu|move: Protect\n|move|p2a: Lunala|Meteor Beam||[still]\n|-prepare|p2a: Lunala|Meteor Beam\n|-boost|p2a: Lunala|spa|1\n|-enditem|p2a: Lunala|Power Herb\n|-anim|p2a: Lunala|Meteor Beam|p1a: Tornadus\n|-supereffective|p1a: Tornadus\n|-damage|p1a: Tornadus|0 fnt\n|faint|p1a: Tornadus\n|\n|upkeep\n|\n|t:|1746098291\n|switch|p1a: Kyogre|Kyogre, L50|100/100\n|-weather|RainDance|[from] ability: Drizzle|[of] p1a: Kyogre\n|turn|2\n|\n|t:|1746098310\n|switch|p2b: Indeedee|Indeedee-F, L50, F|100/100\n|-fieldstart|move: Psychic Terrain|[from] ability: Psychic Surge|[of] p2b: Indeedee\n|-enditem|p2b: Indeedee|Psychic Seed\n|-boost|p2b: Indeedee|spd|1|[from] item: Psychic Seed\n|-terastallize|p1a: Kyogre|Water\n|move|p1a: Kyogre|Water Spout|p2b: Indeedee|[spread] p2a,p2b\n|-crit|p2b: Indeedee\n|-damage|p2a: Lunala|43/100\n|-damage|p2b: Indeedee|0 fnt\n|faint|p2b: Indeedee\n|move|p1b: Rillaboom|Grassy Glide|p2a: Lunala\n|-damage|p2a: Lunala|21/100\n|move|p2a: Lunala|Expanding Force|p1b: Rillaboom|[spread] p1a,p1b\n|-damage|p1a: Kyogre|31/100\n|-damage|p1b: Rillaboom|25/100\n|\n|-weather|RainDance|[upkeep]\n|upkeep\n|\n|t:|1746098340\n|switch|p2b: Urshifu|Urshifu-Rapid-Strike, L50, F|100/100\n|turn|3\n|\n|t:|1746098354\n|switch|p1b: Urshifu|Urshifu-Rapid-Strike, L50, F|100/100\n|-terastallize|p2b: Urshifu|Water\n|move|p2a: Lunala|Wide Guard|p2a: Lunala\n|-singleturn|p2a: Lunala|Wide Guard\n|move|p2b: Urshifu|Aqua Jet|p1b: Urshifu\n|-activate|p1b: Urshifu|move: Psychic Terrain\n|move|p1a: Kyogre|Origin Pulse|p2b: Urshifu|[spread] \n|-activate|p2a: Lunala|move: Wide Guard\n|-activate|p2b: Urshifu|move: Wide Guard\n|\n|-weather|RainDance|[upkeep]\n|upkeep\n|turn|4\n|\n|t:|1746098390\n|switch|p2a: Kyogre|Kyogre, L50|100/100\n|move|p1b: Urshifu|Close Combat|p2b: Urshifu\n|-damage|p2b: Urshifu|36/100\n|-unboost|p1b: Urshifu|def|1\n|-unboost|p1b: Urshifu|spd|1\n|move|p1a: Kyogre|Ice Beam|p2a: Kyogre\n|-resisted|p2a: Kyogre\n|-damage|p2a: Kyogre|85/100\n|move|p2b: Urshifu|Surging Strikes|p1a: Kyogre\n|-resisted|p1a: Kyogre\n|-crit|p1a: Kyogre\n|-damage|p1a: Kyogre|3/100\n|-resisted|p1a: Kyogre\n|-crit|p1a: Kyogre\n|-damage|p1a: Kyogre|0 fnt\n|faint|p1a: Kyogre\n|-hitcount|p1: Kyogre|2\n|\n|-weather|RainDance|[upkeep]\n|-sideend|p1: TacoBurger|move: Tailwind\n|upkeep\n|\n|t:|1746098407\n|switch|p1a: Rillaboom|Rillaboom, L50, M|25/100\n|-fieldstart|move: Grassy Terrain|[from] ability: Grassy Surge|[of] p1a: Rillaboom\n|turn|5\n|\n|t:|1746098439\n|switch|p2b: Lunala|Lunala, L50|21/100\n|move|p1a: Rillaboom|Grassy Glide|p2a: Kyogre\n|-supereffective|p2a: Kyogre\n|-damage|p2a: Kyogre|3/100\n|move|p1b: Urshifu|Close Combat|p2a: Kyogre\n|-damage|p2a: Kyogre|0 fnt\n|-unboost|p1b: Urshifu|def|1\n|-unboost|p1b: Urshifu|spd|1\n|faint|p2a: Kyogre\n|\n|-weather|RainDance|[upkeep]\n|-heal|p1a: Rillaboom|32/100|[from] Grassy Terrain\n|-heal|p2b: Lunala|27/100|[from] Grassy Terrain\n|upkeep\n|\n|t:|1746098454\n|switch|p2a: Urshifu|Urshifu-Rapid-Strike, L50, F, tera:Water|36/100\n|turn|6\n|\n|t:|1746098463\n|move|p1a: Rillaboom|Grassy Glide|p2a: Urshifu\n|-supereffective|p2a: Urshifu\n|-damage|p2a: Urshifu|0 fnt\n|faint|p2a: Urshifu\n|move|p1b: Urshifu|Surging Strikes|p2b: Lunala\n|-crit|p2b: Lunala\n|-damage|p2b: Lunala|0 fnt\n|faint|p2b: Lunala\n|-hitcount|p2: Lunala|1\n|\n|win|TacoBurger\n", "uploadtime": 1746098473, "views": 11, "formatid": "gen9vgc2025regibo3", "rating": null, "private": 0, "password": null}