{"id": "gen9vgc2025regibo3-2354377720", "format": "[Gen 9] VGC 2025 Reg I (Bo3)", "players": ["Fireball'n777", "Master of Capture"], "log": "|j|\u2606Fireball'n777\n|j|\u203dMaster of Capture\n|html|<table width=\"100%\"><tr><td align=\"left\">Fireball&apos;n777</td><td align=\"right\">Master of Capture</tr><tr><td align=\"left\"><i class=\"fa fa-circle\"></i> <i class=\"fa fa-circle-o\"></i> </td><td align=\"right\"><i class=\"fa fa-circle-o\"></i> <i class=\"fa fa-circle-o\"></i> </tr></table>\n|uhtml|bestof|<h2><strong>Game 2</strong> of <a href=\"/game-bestof3-gen9vgc2025regibo3-2354376630\">a best-of-3</a></h2>\n|t:|1746063923\n|gametype|doubles\n|player|p1|Fireball'n777|gentleman-gen4dp|1149\n|player|p2|Master of Capture|265|1127\n|teamsize|p1|6\n|teamsize|p2|6\n|gen|9\n|tier|[Gen 9] VGC 2025 Reg I (Bo3)\n|rated|\n|rule|Species Clause: Limit one of each Pok\u00e9mon\n|rule|Item Clause: Limit 1 of each item\n|clearpoke\n|poke|p1|Calyrex-Ice, L50|\n|poke|p1|Koraidon, L50|\n|poke|p1|Flutter Mane, L50|\n|poke|p1|Raging Bolt, L50|\n|poke|p1|Rillaboom, L50, M|\n|poke|p1|Incineroar, L50, F|\n|poke|p2|Incineroar, L50, M|\n|poke|p2|Zamazenta-*, L50|\n|poke|p2|Cresselia, L50, F|\n|poke|p2|Urshifu-*, L50, F|\n|poke|p2|Amoonguss, L50, F|\n|poke|p2|Lunala, L50|\n|teampreview|4\n|showteam|p1|Calyrex-Ice||ClearAmulet|AsOneGlastrier|GlacialLance,HighHorsepower,TrickRoom,Protect||||||50|,,,,,Water]Koraidon||LifeOrb|OrichalcumPulse|FlareBlitz,ScaleShot,CollisionCourse,Protect||||||50|,,,,,Fire]Flutter Mane||FocusSash|Protosynthesis|Moonblast,IcyWind,Taunt,Protect||||||50|,,,,,Normal]Raging Bolt||AssaultVest|Protosynthesis|Thunder,DracoMeteor,Thunderclap,Snarl||||||50|,,,,,Fairy]Rillaboom||MiracleSeed|GrassySurge|GrassyGlide,WoodHammer,FakeOut,Uturn|||M|||50|,,,,,Grass]Incineroar||SafetyGoggles|Intimidate|FlareBlitz,KnockOff,PartingShot,FakeOut|||F|||50|,,,,,Fairy\n|showteam|p2|Incineroar||SitrusBerry|Intimidate|Taunt,FlareBlitz,KnockOff,FakeOut|||M|||50|,,,,,Ghost]Zamazenta-Crowned||RustedShield|DauntlessShield|IronDefense,WideGuard,HeavySlam,BodyPress||||||50|,,,,,Grass]Cresselia||LightClay|Levitate|Reflect,LightScreen,LunarBlessing,Psychic|||F|||50|,,,,,Dark]Urshifu-Rapid-Strike||ChoiceScarf|UnseenFist|CloseCombat,SurgingStrikes,AquaJet,Coaching|||F|||50|,,,,,Water]Amoonguss||RockyHelmet|Regenerator|Protect,RagePowder,PollenPuff,Spore|||F|||50|,,,,,Water]Lunala||PowerHerb|ShadowShield|Tailwind,MeteorBeam,MoongeistBeam,WideGuard||||||50|,,,,,Dark\n|inactive|Battle timer is ON: inactive players will automatically lose when time's up. (requested by Master of Capture)\n|\n|t:|1746063944\n|start\n|switch|p1a: Koraidon|Koraidon, L50|100/100\n|switch|p1b: Flutter Mane|Flutter Mane, L50|100/100\n|switch|p2a: Lunala|Lunala, L50|100/100\n|switch|p2b: Incineroar|Incineroar, L50, M|100/100\n|-weather|SunnyDay|[from] ability: Orichalcum Pulse|[of] p1a: Koraidon\n|-activate|p1b: Flutter Mane|ability: Protosynthesis\n|-start|p1b: Flutter Mane|protosynthesisspe\n|-activate|p1a: Koraidon|Orichalcum Pulse|[source]\n|-ability|p2b: Incineroar|Intimidate|boost\n|-unboost|p1a: Koraidon|atk|1\n|-unboost|p1b: Flutter Mane|atk|1\n|turn|1\n|inactive|Master of Capture has 30 seconds left.\n|\n|t:|1746063970\n|switch|p2a: Cresselia|Cresselia, L50, F|100/100\n|-terastallize|p2b: Incineroar|Ghost\n|move|p1a: Koraidon|Protect|p1a: Koraidon\n|-singleturn|p1a: Koraidon|Protect\n|move|p1b: Flutter Mane|Taunt|p2a: Cresselia\n|-start|p2a: Cresselia|move: Taunt\n|move|p2b: Incineroar|Taunt|p1b: Flutter Mane\n|-start|p1b: Flutter Mane|move: Taunt\n|\n|-weather|SunnyDay|[upkeep]\n|upkeep\n|turn|2\n|inactive|Fireball'n777 has 30 seconds left.\n|\n|t:|1746063997\n|-terastallize|p1a: Koraidon|Fire\n|move|p1b: Flutter Mane|Moonblast|p2b: Incineroar\n|-damage|p2b: Incineroar|63/100\n|move|p1a: Koraidon|Flare Blitz|p2b: Incineroar\n|-damage|p2b: Incineroar|0 fnt\n|faint|p2b: Incineroar\n|-damage|p1a: Koraidon|76/100|[from] Recoil\n|-damage|p1a: Koraidon|67/100|[from] item: Life Orb\n|move|p2a: Cresselia|Psychic|p1a: Koraidon\n|-damage|p1a: Koraidon|41/100\n|\n|-weather|SunnyDay|[upkeep]\n|upkeep\n|\n|t:|1746064014\n|switch|p2b: Lunala|Lunala, L50|100/100\n|turn|3\n|\n|t:|1746064026\n|switch|p2a: Zamazenta|Zamazenta-Crowned, L50|100/100\n|-ability|p2a: Zamazenta|Dauntless Shield|boost\n|-boost|p2a: Zamazenta|def|1\n|move|p1b: Flutter Mane|Moonblast|p2b: Lunala\n|-damage|p2b: Lunala|86/100\n|move|p1a: Koraidon|Flare Blitz|p2b: Lunala\n|-damage|p2b: Lunala|2/100\n|-damage|p1a: Koraidon|3/100|[from] Recoil\n|-damage|p1a: Koraidon|0 fnt|[from] item: Life Orb\n|faint|p1a: Koraidon\n|move|p2b: Lunala|Moongeist Beam|p1b: Flutter Mane\n|-supereffective|p1b: Flutter Mane\n|-enditem|p1b: Flutter Mane|Focus Sash\n|-damage|p1b: Flutter Mane|1/100\n|\n|-weather|SunnyDay|[upkeep]\n|upkeep\n|\n|t:|1746064038\n|switch|p1a: Incineroar|Incineroar, L50, F|100/100\n|-ability|p1a: Incineroar|Intimidate|boost\n|-unboost|p2a: Zamazenta|atk|1\n|-unboost|p2b: Lunala|atk|1\n|turn|4\n|\n|t:|1746064055\n|move|p1a: Incineroar|Fake Out|p2a: Zamazenta\n|-resisted|p2a: Zamazenta\n|-damage|p2a: Zamazenta|98/100\n|move|p1b: Flutter Mane|Icy Wind|p2a: Zamazenta|[spread] p2a,p2b\n|-resisted|p2a: Zamazenta\n|-crit|p2b: Lunala\n|-damage|p2a: Zamazenta|95/100\n|-damage|p2b: Lunala|0 fnt\n|-unboost|p2a: Zamazenta|spe|1\n|faint|p2b: Lunala\n|cant|p2a: Zamazenta|flinch\n|\n|-weather|SunnyDay|[upkeep]\n|-end|p1b: Flutter Mane|move: Taunt\n|upkeep\n|\n|t:|1746064058\n|switch|p2b: Cresselia|Cresselia, L50, F|100/100\n|turn|5\n|\n|t:|1746064075\n|move|p1b: Flutter Mane|Taunt|p2b: Cresselia\n|-start|p2b: Cresselia|move: Taunt\n|move|p2b: Cresselia|Psychic|p1b: Flutter Mane\n|-damage|p1b: Flutter Mane|0 fnt\n|faint|p1b: Flutter Mane\n|-end|p1b: Flutter Mane|Protosynthesis|[silent]\n|move|p2a: Zamazenta|Iron Defense|p2a: Zamazenta\n|-boost|p2a: Zamazenta|def|2\n|move|p1a: Incineroar|Flare Blitz|p2a: Zamazenta\n|-supereffective|p2a: Zamazenta\n|-damage|p2a: Zamazenta|61/100\n|-damage|p1a: Incineroar|90/100|[from] Recoil\n|\n|-weather|none\n|upkeep\n|\n|t:|1746064082\n|switch|p1b: Calyrex|Calyrex-Ice, L50|100/100\n|-ability|p1b: Calyrex|As One\n|-ability|p1b: Calyrex|Unnerve\n|turn|6\n|\n|t:|1746064103\n|move|p2b: Cresselia|Psychic|p1b: Calyrex\n|-resisted|p1b: Calyrex\n|-damage|p1b: Calyrex|91/100\n|move|p2a: Zamazenta|Body Press|p1a: Incineroar\n|-supereffective|p1a: Incineroar\n|-damage|p1a: Incineroar|0 fnt\n|faint|p1a: Incineroar\n|move|p1b: Calyrex|High Horsepower|p2a: Zamazenta\n|-supereffective|p2a: Zamazenta\n|-damage|p2a: Zamazenta|41/100\n|\n|upkeep\n|turn|7\n|\n|t:|1746064117\n|move|p2b: Cresselia|Psychic|p1b: Calyrex\n|-resisted|p1b: Calyrex\n|-damage|p1b: Calyrex|82/100\n|move|p2a: Zamazenta|Iron Defense|p2a: Zamazenta\n|-boost|p2a: Zamazenta|def|2\n|move|p1b: Calyrex|High Horsepower|p2a: Zamazenta\n|-supereffective|p2a: Zamazenta\n|-damage|p2a: Zamazenta|24/100\n|\n|-end|p2b: Cresselia|move: Taunt\n|upkeep\n|turn|8\n|\n|t:|1746064129\n|move|p2b: Cresselia|Reflect|p2b: Cresselia\n|-sidestart|p2: Master of Capture|Reflect\n|move|p2a: Zamazenta|Body Press|p1b: Calyrex\n|-damage|p1b: Calyrex|0 fnt\n|faint|p1b: Calyrex\n|\n|win|Master of Capture\n", "uploadtime": 1746064132, "views": 9, "formatid": "gen9vgc2025regibo3", "rating": null, "private": 0, "password": null}