{"id": "gen9vgc2025regibo3-2353975401", "format": "[Gen 9] VGC 2025 Reg I (Bo3)", "players": ["Squ1dge_", "Mongoos19"], "log": "|j|\u2606Squ1dge_\n|j|\u2606Mongoos19\n|html|<table width=\"100%\"><tr><td align=\"left\">Squ1dge_</td><td align=\"right\">Mongoos19</tr><tr><td align=\"left\"><i class=\"fa fa-circle\"></i> <i class=\"fa fa-circle-o\"></i> </td><td align=\"right\"><i class=\"fa fa-circle-o\"></i> <i class=\"fa fa-circle-o\"></i> </tr></table>\n|uhtml|bestof|<h2><strong>Game 2</strong> of <a href=\"/game-bestof3-gen9vgc2025regibo3-2353973149\">a best-of-3</a></h2>\n|t:|1746024160\n|gametype|doubles\n|player|p1|Squ1dge_|1|1379\n|player|p2|Mongoos19|265|1290\n|teamsize|p1|6\n|teamsize|p2|6\n|gen|9\n|tier|[Gen 9] VGC 2025 Reg I (Bo3)\n|rated|\n|rule|Species Clause: Limit one of each Pok\u00e9mon\n|rule|Item Clause: Limit 1 of each item\n|clearpoke\n|poke|p1|Zamazenta-*, L50|\n|poke|p1|Calyrex-Shadow, L50|\n|poke|p1|Tornadus, L50, M|\n|poke|p1|Urshifu-*, L50, F|\n|poke|p1|Amoonguss, L50, F|\n|poke|p1|Chien-Pao, L50|\n|poke|p2|Tornadus, L50, M|\n|poke|p2|Calyrex-Shadow, L50|\n|poke|p2|Rillaboom, L50, M|\n|poke|p2|Incineroar, L50, M|\n|poke|p2|Kyogre, L50|\n|poke|p2|Frosmoth, L50, F|\n|teampreview|4\n|showteam|p1|Zamazenta-Crowned||RustedShield|DauntlessShield|BodyPress,HeavySlam,WideGuard,Protect||||||50|,,,,,Dragon]Calyrex-Shadow||LifeOrb|AsOneSpectrier|AstralBarrage,Psychic,NastyPlot,Protect||||||50|,,,,,Dark]Tornadus||CovertCloak|Prankster|BleakwindStorm,Tailwind,RainDance,Taunt|||M|||50|,,,,,Dark]Urshifu-Rapid-Strike||MysticWater|UnseenFist|SurgingStrikes,CloseCombat,AquaJet,Detect|||F|||50|,,,,,Water]Amoonguss||RockyHelmet|Regenerator|SludgeBomb,Spore,RagePowder,Protect|||F|||50|,,,,,Water]Chien-Pao||FocusSash|SwordofRuin|SuckerPunch,Crunch,IceSpinner,Protect||||||50|,,,,,Stellar\n|showteam|p2|Tornadus||CovertCloak|Prankster|BleakwindStorm,RainDance,Tailwind,Protect|||M|||50|,,,,,Dark]Calyrex-Shadow||LifeOrb|AsOneSpectrier|AstralBarrage,Psychic,Encore,Protect||||||50|,,,,,Fairy]Rillaboom||AssaultVest|GrassySurge|FakeOut,WoodHammer,GrassyGlide,Uturn|||M|||50|,,,,,Fire]Incineroar||RockyHelmet|Intimidate|FakeOut,WillOWisp,KnockOff,PartingShot|||M|||50|,,,,,Ghost]Kyogre||MysticWater|Drizzle|WaterSpout,OriginPulse,IceBeam,Protect||||||50|,,,,,Grass]Frosmoth||SafetyGoggles|IceScales|BugBuzz,IcyWind,WideGuard,Protect|||F|||50|,,,,,Dragon\n|inactive|Battle timer is ON: inactive players will automatically lose when time's up. (requested by Mongoos19)\n|\n|t:|1746024194\n|start\n|switch|p1a: Zamazenta|Zamazenta-Crowned, L50|100/100\n|switch|p1b: Chien-Pao|Chien-Pao, L50|100/100\n|switch|p2a: Kyogre|Kyogre, L50, shiny|100/100\n|switch|p2b: Rillaboom|Rillaboom, L50, M|100/100\n|-ability|p1b: Chien-Pao|Sword of Ruin\n|-ability|p1a: Zamazenta|Dauntless Shield|boost\n|-boost|p1a: Zamazenta|def|1\n|-weather|RainDance|[from] ability: Drizzle|[of] p2a: Kyogre\n|-fieldstart|move: Grassy Terrain|[from] ability: Grassy Surge|[of] p2b: Rillaboom\n|turn|1\n|\n|t:|1746024215\n|move|p2a: Kyogre|Protect|p2a: Kyogre\n|-singleturn|p2a: Kyogre|Protect\n|move|p1a: Zamazenta|Wide Guard|p1a: Zamazenta\n|-singleturn|p1a: Zamazenta|Wide Guard\n|move|p1b: Chien-Pao|Crunch|p2a: Kyogre\n|-activate|p2a: Kyogre|move: Protect\n|move|p2b: Rillaboom|U-turn|p1b: Chien-Pao\n|-supereffective|p1b: Chien-Pao\n|-damage|p1b: Chien-Pao|39/100\n|\n|t:|1746024225\n|switch|p2b: Tornadus|Tornadus, L50, M, shiny|100/100|[from] U-turn\n|\n|-weather|RainDance|[upkeep]\n|-heal|p1b: Chien-Pao|44/100|[from] Grassy Terrain\n|upkeep\n|turn|2\n|inactive|Squ1dge_ has 30 seconds left.\n|\n|t:|1746024257\n|move|p1a: Zamazenta|Wide Guard|p1a: Zamazenta\n|-singleturn|p1a: Zamazenta|Wide Guard\n|move|p2b: Tornadus|Tailwind|p2b: Tornadus\n|-sidestart|p2: Mongoos19|move: Tailwind\n|move|p2a: Kyogre|Ice Beam|p1b: Chien-Pao\n|-resisted|p1b: Chien-Pao\n|-damage|p1b: Chien-Pao|19/100\n|move|p1b: Chien-Pao|Crunch|p2a: Kyogre\n|-damage|p2a: Kyogre|45/100\n|\n|-weather|RainDance|[upkeep]\n|-heal|p2a: Kyogre|51/100|[from] Grassy Terrain\n|-heal|p1b: Chien-Pao|24/100|[from] Grassy Terrain\n|upkeep\n|turn|3\n|inactive|Squ1dge_ has 30 seconds left.\n|\n|t:|1746024282\n|switch|p2b: Calyrex|Calyrex-Shadow, L50|100/100\n|-ability|p2b: Calyrex|As One\n|-ability|p2b: Calyrex|Unnerve\n|move|p1b: Chien-Pao|Protect|p1b: Chien-Pao\n|-singleturn|p1b: Chien-Pao|Protect\n|move|p2a: Kyogre|Origin Pulse|p1a: Zamazenta|[spread] p1a\n|-activate|p1b: Chien-Pao|move: Protect\n|-damage|p1a: Zamazenta|44/100\n|move|p1a: Zamazenta|Body Press|p2a: Kyogre\n|-damage|p2a: Kyogre|0 fnt\n|faint|p2a: Kyogre\n|\n|-weather|RainDance|[upkeep]\n|-heal|p1b: Chien-Pao|30/100|[from] Grassy Terrain\n|-heal|p1a: Zamazenta|50/100|[from] Grassy Terrain\n|upkeep\n|\n|t:|1746024296\n|switch|p2a: Rillaboom|Rillaboom, L50, M|100/100\n|turn|4\n|\n|t:|1746024310\n|move|p1a: Zamazenta|Protect|p1a: Zamazenta\n|-singleturn|p1a: Zamazenta|Protect\n|move|p2a: Rillaboom|Grassy Glide|p1b: Chien-Pao\n|-damage|p1b: Chien-Pao|0 fnt\n|faint|p1b: Chien-Pao\n|move|p2b: Calyrex|Psychic|p1a: Zamazenta\n|-activate|p1a: Zamazenta|move: Protect\n|\n|-weather|RainDance|[upkeep]\n|-heal|p1a: Zamazenta|56/100|[from] Grassy Terrain\n|upkeep\n|\n|t:|1746024323\n|switch|p1b: Calyrex|Calyrex-Shadow, L50|100/100\n|-ability|p1b: Calyrex|As One\n|-ability|p1b: Calyrex|Unnerve\n|turn|5\n|\n|t:|1746024338\n|-terastallize|p2b: Calyrex|Fairy\n|move|p1b: Calyrex|Protect|p1b: Calyrex\n|-singleturn|p1b: Calyrex|Protect\n|move|p2b: Calyrex|Encore|p1a: Zamazenta\n|-start|p1a: Zamazenta|Encore\n|move|p2a: Rillaboom|Wood Hammer|p1b: Calyrex\n|-activate|p1b: Calyrex|move: Protect\n|move|p1a: Zamazenta|Protect||[still]\n|-fail|p1a: Zamazenta\n|\n|-weather|none\n|-heal|p1a: Zamazenta|62/100|[from] Grassy Terrain\n|-sideend|p2: Mongoos19|move: Tailwind\n|-fieldend|move: Grassy Terrain\n|upkeep\n|turn|6\n|\n|t:|1746024352\n|switch|p1a: Tornadus|Tornadus, L50, M|100/100\n|-terastallize|p1b: Calyrex|Dark\n|move|p1b: Calyrex|Astral Barrage|p2b: Calyrex|[spread] p2a,p2b\n|-damage|p2a: Rillaboom|56/100\n|-damage|p2b: Calyrex|38/100\n|-damage|p1b: Calyrex|91/100|[from] item: Life Orb\n|move|p2b: Calyrex|Astral Barrage|p1b: Calyrex|[spread] p1a,p1b\n|-resisted|p1b: Calyrex\n|-damage|p1a: Tornadus|13/100\n|-damage|p1b: Calyrex|56/100\n|-damage|p2b: Calyrex|29/100|[from] item: Life Orb\n|move|p2a: Rillaboom|U-turn|p1b: Calyrex\n|-supereffective|p1b: Calyrex\n|-damage|p1b: Calyrex|11/100\n|\n|t:|1746024369\n|switch|p2a: Tornadus|Tornadus, L50, M, shiny|100/100|[from] U-turn\n|\n|upkeep\n|turn|7\n|\n|t:|1746024382\n|move|p2a: Tornadus|Tailwind|p2a: Tornadus\n|-sidestart|p2: Mongoos19|move: Tailwind\n|move|p1a: Tornadus|Tailwind|p1a: Tornadus\n|-sidestart|p1: Squ1dge_|move: Tailwind\n|move|p2b: Calyrex|Astral Barrage|p1b: Calyrex|[spread] p1a,p1b\n|-resisted|p1b: Calyrex\n|-damage|p1a: Tornadus|0 fnt\n|-damage|p1b: Calyrex|0 fnt\n|faint|p1a: Tornadus\n|faint|p1b: Calyrex\n|-ability|p2b: Calyrex|Grim Neigh|boost\n|-boost|p2b: Calyrex|spa|2\n|-damage|p2b: Calyrex|19/100|[from] item: Life Orb\n|\n|upkeep\n|\n|t:|1746024389\n|switch|p1b: Zamazenta|Zamazenta-Crowned, L50|62/100\n|turn|8\n|\n|t:|1746024394\n|move|p2a: Tornadus|Rain Dance|p2a: Tornadus\n|-weather|RainDance\n|move|p2b: Calyrex|Psychic|p1b: Zamazenta\n|-damage|p1b: Zamazenta|0 fnt\n|faint|p1b: Zamazenta\n|-damage|p2b: Calyrex|9/100|[from] item: Life Orb\n|\n|win|Mongoos19\n||Squ1dge_ is ready for game 3.\n||Mongoos19 is ready for game 3.\n|uhtml|next|Next: <a href=\"/battle-gen9vgc2025regibo3-2353978089\"><strong>Game 3 of 3</strong></a>\n|l|\u2606Squ1dge_\n|player|p1|\n|l|\u2606Mongoos19\n|player|p2|\n", "uploadtime": 1746024613, "views": 22, "formatid": "gen9vgc2025regibo3", "rating": null, "private": 0, "password": null}