{"id": "gen9vgc2025regibo3-2353447069", "format": "[Gen 9] VGC 2025 Reg I (Bo3)", "players": ["LunaSunChris", "Stinson"], "log": "|j|\u2606LunaSunChris\n|j|\u2606Stinson\n|html|<table width=\"100%\"><tr><td align=\"left\">LunaSunChris</td><td align=\"right\">Stinson</tr><tr><td align=\"left\"><i class=\"fa fa-circle-o\"></i> <i class=\"fa fa-circle-o\"></i> </td><td align=\"right\"><i class=\"fa fa-circle-o\"></i> <i class=\"fa fa-circle-o\"></i> </tr></table>\n|uhtml|bestof|<h2><strong>Game 1</strong> of <a href=\"/game-bestof3-gen9vgc2025regibo3-2353447068\">a best-of-3</a></h2>\n|t:|1745956751\n|gametype|doubles\n|player|p1|LunaSunChris|rood|1205\n|player|p2|Stinson|#stinson|1125\n|teamsize|p1|6\n|teamsize|p2|6\n|gen|9\n|tier|[Gen 9] VGC 2025 Reg I (Bo3)\n|rated|\n|rule|Species Clause: Limit one of each Pok\u00e9mon\n|rule|Item Clause: Limit 1 of each item\n|clearpoke\n|poke|p1|Groudon, L50|\n|poke|p1|Lunala, L50|\n|poke|p1|Incineroar, L50, F|\n|poke|p1|Ogerpon-Hearthflame, L50, F|\n|poke|p1|Walking Wake, L50|\n|poke|p1|Rillaboom, L50, F|\n|poke|p2|Zacian-*, L50|\n|poke|p2|Incineroar, L50, F|\n|poke|p2|Calyrex-Shadow, L50|\n|poke|p2|Scream Tail, L50|\n|poke|p2|Tornadus, L50, M|\n|poke|p2|Ogerpon-Wellspring, L50, F|\n|teampreview|4\n|showteam|p1|Groudon||ClearAmulet|Drought|PrecipiceBlades,HeatCrash,StompingTantrum,Protect||||||50|,,,,,Fire]Lunala||PowerHerb|ShadowShield|MoongeistBeam,MeteorBeam,WideGuard,TrickRoom||||||50|,,,,,Fairy]Incineroar||SafetyGoggles|Intimidate|KnockOff,FakeOut,FlareBlitz,PartingShot|||F|||50|,,,,,Ghost]Ogerpon-Hearthflame||HearthflameMask|MoldBreaker|IvyCudgel,WoodHammer,FollowMe,SpikyShield|||F|||50|,,,,,Fire]Walking Wake||LifeOrb|Protosynthesis|WeatherBall,HydroSteam,DracoMeteor,Protect||||||50|,,,,,Fire]Rillaboom||AssaultVest|GrassySurge|FakeOut,GrassyGlide,Uturn,WoodHammer|||F|||50|,,,,,Fire\n|showteam|p2|Zacian-Crowned||RustedSword|IntrepidSword|behemothblade,PlayRough,SacredSword,Protect||||||50|,,,,,Water]Incineroar||SafetyGoggles|Intimidate|FakeOut,KnockOff,PartingShot,WillOWisp|||F|||50|,,,,,Grass]Calyrex-Shadow||FocusSash|AsOneSpectrier|AstralBarrage,PollenPuff,Protect,NastyPlot||||||50|,,,,,Dark]Scream Tail||BoosterEnergy|Protosynthesis|Protect,Encore,Disable,PlayRough||||||50|,,,,,Steel]Tornadus||CovertCloak|Prankster|Tailwind,BleakwindStorm,Protect,RainDance|||M|||50|,,,,,Ground]Ogerpon-Wellspring||WellspringMask|WaterAbsorb|IvyCudgel,WoodHammer,SpikyShield,FollowMe|||F|||50|,,,,,Water\n|\n|t:|1745956809\n|start\n|switch|p1a: Lunala|Lunala, L50|100/100\n|switch|p1b: Incineroar|Incineroar, L50, F|100/100\n|switch|p2a: Tornadus|Tornadus, L50, M|100/100\n|switch|p2b: Calyrex|Calyrex-Shadow, L50|100/100\n|-ability|p2b: Calyrex|As One\n|-ability|p2b: Calyrex|Unnerve\n|-ability|p1b: Incineroar|Intimidate|boost\n|-unboost|p2a: Tornadus|atk|1\n|-unboost|p2b: Calyrex|atk|1\n|turn|1\n|inactive|Battle timer is ON: inactive players will automatically lose when time's up. (requested by LunaSunChris)\n|\n|t:|1745956860\n|-terastallize|p2b: Calyrex|Dark\n|-terastallize|p1a: Lunala|Fairy\n|move|p2a: Tornadus|Tailwind|p2a: Tornadus\n|-sidestart|p2: Stinson|move: Tailwind\n|move|p2b: Calyrex|Astral Barrage|p1b: Incineroar|[spread] p1a,p1b\n|-resisted|p1b: Incineroar\n|-damage|p1a: Lunala|82/100\n|-damage|p1b: Incineroar|79/100\n|move|p1b: Incineroar|Flare Blitz|p2b: Calyrex\n|-damage|p2b: Calyrex|38/100\n|-damage|p1b: Incineroar|59/100|[from] Recoil\n|move|p1a: Lunala|Trick Room|p1a: Lunala\n|-fieldstart|move: Trick Room|[of] p1a: Lunala\n|\n|upkeep\n|turn|2\n|inactive|Stinson has 30 seconds left.\n|inactive|Stinson has 20 seconds left.\n|\n|t:|1745956898\n|switch|p2a: Zacian|Zacian-Crowned, L50|100/100\n|-ability|p2a: Zacian|Intrepid Sword|boost\n|-boost|p2a: Zacian|atk|1\n|move|p2b: Calyrex|Protect|p2b: Calyrex\n|-singleturn|p2b: Calyrex|Protect\n|move|p1b: Incineroar|Flare Blitz|p2b: Calyrex\n|-activate|p2b: Calyrex|move: Protect\n|move|p1a: Lunala|Meteor Beam||[still]\n|-prepare|p1a: Lunala|Meteor Beam\n|-boost|p1a: Lunala|spa|1\n|-enditem|p1a: Lunala|Power Herb\n|-anim|p1a: Lunala|Meteor Beam|p2a: Zacian\n|-resisted|p2a: Zacian\n|-damage|p2a: Zacian|69/100\n|\n|upkeep\n|turn|3\n|inactive|Stinson has 30 seconds left.\n|\n|t:|1745956926\n|switch|p2b: Tornadus|Tornadus, L50, M|100/100\n|move|p2a: Zacian|Protect|p2a: Zacian\n|-singleturn|p2a: Zacian|Protect\n|move|p1b: Incineroar|Flare Blitz|p2b: Tornadus\n|-damage|p2b: Tornadus|16/100\n|-damage|p1b: Incineroar|38/100|[from] Recoil\n|move|p1a: Lunala|Moongeist Beam|p2a: Zacian\n|-activate|p2a: Zacian|move: Protect\n|\n|upkeep\n|turn|4\n|inactive|LunaSunChris has 30 seconds left.\n|\n|t:|1745956954\n|move|p2b: Tornadus|Rain Dance|p2b: Tornadus\n|-weather|RainDance\n|move|p1b: Incineroar|Flare Blitz|p2a: Zacian\n|-supereffective|p2a: Zacian\n|-damage|p2a: Zacian|14/100\n|-damage|p1b: Incineroar|23/100|[from] Recoil\n|move|p1a: Lunala|Moongeist Beam|p2a: Zacian\n|-damage|p2a: Zacian|0 fnt\n|faint|p2a: Zacian\n|\n|-weather|RainDance|[upkeep]\n|-sideend|p2: Stinson|move: Tailwind\n|upkeep\n|\n|t:|1745956965\n|switch|p2a: Ogerpon|Ogerpon-Wellspring, L50, F|100/100\n|turn|5\n|inactive|Stinson has 30 seconds left.\n|\n|t:|1745956996\n|move|p2b: Tornadus|Protect|p2b: Tornadus\n|-singleturn|p2b: Tornadus|Protect\n|move|p1b: Incineroar|Parting Shot|p2a: Ogerpon\n|-unboost|p2a: Ogerpon|atk|1\n|-unboost|p2a: Ogerpon|spa|1\n|\n|t:|1745957014\n|switch|p1b: Walking Wake|Walking Wake, L50|100/100|[from] Parting Shot\n|move|p1a: Lunala|Moongeist Beam|p2b: Tornadus\n|-activate|p2b: Tornadus|move: Protect\n|move|p2a: Ogerpon|Ivy Cudgel|p1a: Lunala|[anim] Ivy Cudgel Water\n|-damage|p1a: Lunala|35/100\n|\n|-weather|RainDance|[upkeep]\n|-fieldend|move: Trick Room\n|upkeep\n|turn|6\n|inactive|LunaSunChris has 30 seconds left.\n|inactive|Stinson has 30 seconds left.\n|inactive|LunaSunChris has 20 seconds left.\n|\n|t:|1745957052\n|-end|p1b: Walking Wake|Protosynthesis|[silent]\n|switch|p1b: Incineroar|Incineroar, L50, F|23/100\n|-ability|p1b: Incineroar|Intimidate|boost\n|-unboost|p2a: Ogerpon|atk|1\n|-unboost|p2b: Tornadus|atk|1\n|move|p2b: Tornadus|Tailwind|p2b: Tornadus\n|-sidestart|p2: Stinson|move: Tailwind\n|move|p2a: Ogerpon|Ivy Cudgel|p1a: Lunala|[anim] Ivy Cudgel Water\n|-damage|p1a: Lunala|0 fnt\n|faint|p1a: Lunala\n|\n|-weather|RainDance|[upkeep]\n|upkeep\n|\n|t:|1745957072\n|switch|p1a: Walking Wake|Walking Wake, L50|100/100\n|turn|7\n|\n|t:|1745957088\n|move|p2b: Tornadus|Protect|p2b: Tornadus\n|-singleturn|p2b: Tornadus|Protect\n|move|p1b: Incineroar|Fake Out|p2a: Ogerpon\n|-damage|p2a: Ogerpon|88/100\n|cant|p2a: Ogerpon|flinch\n|move|p1a: Walking Wake|Weather Ball|p2b: Tornadus\n|-activate|p2b: Tornadus|move: Protect\n|\n|-weather|RainDance|[upkeep]\n|upkeep\n|turn|8\n|inactive|Stinson has 30 seconds left.\n|\n|t:|1745957122\n|switch|p2b: Calyrex|Calyrex-Shadow, L50, tera:Dark|38/100\n|-ability|p2b: Calyrex|As One\n|-ability|p2b: Calyrex|Unnerve\n|switch|p1b: Groudon|Groudon, L50|100/100\n|-weather|SunnyDay|[from] ability: Drought|[of] p1b: Groudon\n|-activate|p1a: Walking Wake|ability: Protosynthesis\n|-start|p1a: Walking Wake|protosynthesisspe\n|move|p2a: Ogerpon|Ivy Cudgel|p1b: Groudon|[anim] Ivy Cudgel Water\n|-supereffective|p1b: Groudon\n|-damage|p1b: Groudon|81/100\n|move|p1a: Walking Wake|Weather Ball|p2b: Calyrex\n|-damage|p2b: Calyrex|0 fnt\n|faint|p2b: Calyrex\n|-damage|p1a: Walking Wake|91/100|[from] item: Life Orb\n|\n|-weather|SunnyDay|[upkeep]\n|upkeep\n|\n|t:|1745957140\n|switch|p2b: Tornadus|Tornadus, L50, M|16/100\n|turn|9\n|\n|t:|1745957159\n|move|p1b: Groudon|Protect|p1b: Groudon\n|-singleturn|p1b: Groudon|Protect\n|move|p2b: Tornadus|Rain Dance|p2b: Tornadus\n|-weather|RainDance\n|-end|p1a: Walking Wake|Protosynthesis\n|move|p2a: Ogerpon|Wood Hammer|p1a: Walking Wake\n|-damage|p1a: Walking Wake|51/100\n|-damage|p2a: Ogerpon|75/100|[from] Recoil\n|move|p1a: Walking Wake|Draco Meteor|p2b: Tornadus\n|-damage|p2b: Tornadus|0 fnt\n|-unboost|p1a: Walking Wake|spa|2\n|faint|p2b: Tornadus\n|-damage|p1a: Walking Wake|41/100|[from] item: Life Orb\n|\n|-weather|RainDance|[upkeep]\n|-sideend|p2: Stinson|move: Tailwind\n|upkeep\n|turn|10\n|\n|t:|1745957178\n|switch|p1b: Incineroar|Incineroar, L50, F|23/100\n|-ability|p1b: Incineroar|Intimidate|boost\n|-unboost|p2a: Ogerpon|atk|1\n|move|p1a: Walking Wake|Draco Meteor|p2a: Ogerpon\n|-damage|p2a: Ogerpon|30/100\n|-unboost|p1a: Walking Wake|spa|2\n|-damage|p1a: Walking Wake|31/100|[from] item: Life Orb\n|move|p2a: Ogerpon|Ivy Cudgel|p1b: Incineroar|[anim] Ivy Cudgel Water\n|-supereffective|p1b: Incineroar\n|-damage|p1b: Incineroar|0 fnt\n|faint|p1b: Incineroar\n|\n|-weather|RainDance|[upkeep]\n|upkeep\n|\n|t:|1745957184\n|switch|p1b: Groudon|Groudon, L50|81/100\n|-weather|SunnyDay|[from] ability: Drought|[of] p1b: Groudon\n|-activate|p1a: Walking Wake|ability: Protosynthesis\n|-start|p1a: Walking Wake|protosynthesisspe\n|turn|11\n|\n|t:|1745957198\n|move|p2a: Ogerpon|Spiky Shield|p2a: Ogerpon\n|-singleturn|p2a: Ogerpon|move: Protect\n|move|p1a: Walking Wake|Weather Ball|p2a: Ogerpon\n|-activate|p2a: Ogerpon|move: Protect\n|move|p1b: Groudon|Heat Crash|p2a: Ogerpon\n|-activate|p2a: Ogerpon|move: Protect\n|-damage|p1b: Groudon|69/100|[from] Spiky Shield|[of] p2a: Ogerpon\n|\n|-weather|SunnyDay|[upkeep]\n|upkeep\n|turn|12\n|\n|t:|1745957212\n|move|p1a: Walking Wake|Draco Meteor|p2a: Ogerpon\n|-damage|p2a: Ogerpon|1/100\n|-unboost|p1a: Walking Wake|spa|2\n|-damage|p1a: Walking Wake|22/100|[from] item: Life Orb\n|move|p2a: Ogerpon|Ivy Cudgel|p1b: Groudon|[anim] Ivy Cudgel Water\n|-supereffective|p1b: Groudon\n|-damage|p1b: Groudon|53/100\n|move|p1b: Groudon|Heat Crash|p2a: Ogerpon\n|-damage|p2a: Ogerpon|0 fnt\n|faint|p2a: Ogerpon\n|\n|win|LunaSunChris\n", "uploadtime": 1745957218, "views": 18, "formatid": "gen9vgc2025regibo3", "rating": null, "private": 0, "password": null}