{"id": "gen9vgc2025regibo3-2354554611", "format": "[Gen 9] VGC 2025 Reg I (Bo3)", "players": ["Edmondantes97", "Citrus12340"], "log": "|j|\u2606Edmondantes97\n|j|\u2606Citrus12340\n|html|<table width=\"100%\"><tr><td align=\"left\">Edmondantes97</td><td align=\"right\">Citrus12340</tr><tr><td align=\"left\"><i class=\"fa fa-circle-o\"></i> <i class=\"fa fa-circle-o\"></i> </td><td align=\"right\"><i class=\"fa fa-circle-o\"></i> <i class=\"fa fa-circle\"></i> </tr></table>\n|uhtml|bestof|<h2><strong>Game 2</strong> of <a href=\"/game-bestof3-gen9vgc2025regibo3-2354553111\">a best-of-3</a></h2>\n|t:|1746093464\n|gametype|doubles\n|player|p1|Edmondantes97|lucas|1082\n|player|p2|Citrus12340|fisherman|1102\n|teamsize|p1|6\n|teamsize|p2|6\n|gen|9\n|tier|[Gen 9] VGC 2025 Reg I (Bo3)\n|rated|\n|rule|Species Clause: Limit one of each Pok\u00e9mon\n|rule|Item Clause: Limit 1 of each item\n|clearpoke\n|poke|p1|Reshiram, L50|\n|poke|p1|Sableye, L50, F|\n|poke|p1|Groudon, L50|\n|poke|p1|Walking Wake, L50|\n|poke|p1|Venusaur, L50, F|\n|poke|p1|Flutter Mane, L50|\n|poke|p2|Dialga-Origin, L50|\n|poke|p2|Incineroar, L50, M|\n|poke|p2|Koraidon, L50|\n|poke|p2|Ursaluna, L50, F|\n|poke|p2|Tornadus, L50, M|\n|poke|p2|Grimmsnarl, L50, M|\n|teampreview|4\n|showteam|p1|Reshiram||CovertCloak|Turboblaze|Tailwind,Protect,BlueFlare,DracoMeteor||||||50|,,,,,Fairy]Sableye||SitrusBerry|Prankster|ThunderWave,SunnyDay,Encore,Gravity|||F|||50|,,,,,Dark]Groudon||ClearAmulet|Drought|PrecipiceBlades,SwordsDance,Protect,FirePunch||||||50|,,,,,Fire]Walking Wake||LifeOrb|Protosynthesis|HydroSteam,Snarl,Protect,DracoMeteor||||||50|,,,,,Water]Venusaur||FocusSash|Chlorophyll|SludgeBomb,EnergyBall,Protect,SleepPowder|||F|||50|,,,,,Fire]Flutter Mane||BoosterEnergy|Protosynthesis|ThunderWave,ShadowBall,Taunt,Moonblast||||||50|,,,,,Water\n|showteam|p2|Dialga-Origin||AdamantCrystal|Telepathy|TrickRoom,DragonPulse,FlashCannon,Protect||||||50|,,,,,Grass]Incineroar||SafetyGoggles|Intimidate|FakeOut,KnockOff,WillOWisp,PartingShot|||M|||50|,,,,,Ghost]Koraidon||ClearAmulet|OrichalcumPulse|CollisionCourse,FlameCharge,FlareBlitz,Protect||||||50|,,,,,Fire]Ursaluna||FlameOrb|Guts|Facade,Earthquake,Protect,HeadlongRush|||F|||50|,,,,,Ghost]Tornadus||CovertCloak|Prankster|Tailwind,SunnyDay,BleakwindStorm,Taunt|||M|||50|,,,,,Dark]Grimmsnarl||LightClay|Prankster|LightScreen,Reflect,FoulPlay,Protect|||M|||50|,,,,,Grass\n|inactive|Battle timer is ON: inactive players will automatically lose when time's up. (requested by Citrus12340)\n|inactive|Citrus12340 has 60 seconds left.\n|\n|t:|1746093495\n|start\n|switch|p1a: Venusaur|Venusaur, L50, F|100/100\n|switch|p1b: Sableye|Sableye, L50, F|100/100\n|switch|p2a: Dialga|Dialga-Origin, L50|100/100\n|switch|p2b: Grimmsnarl|Grimmsnarl, L50, M|100/100\n|turn|1\n|\n|t:|1746093518\n|-terastallize|p2a: Dialga|Grass\n|move|p2b: Grimmsnarl|Light Screen|p2b: Grimmsnarl\n|-sidestart|p2: Citrus12340|move: Light Screen\n|move|p1b: Sableye|Gravity|p1b: Sableye\n|-fieldstart|move: Gravity\n|move|p1a: Venusaur|Sleep Powder|p2a: Dialga\n|-immune|p2a: Dialga\n|move|p2a: Dialga|Trick Room|p2a: Dialga\n|-fieldstart|move: Trick Room|[of] p2a: Dialga\n|\n|upkeep\n|turn|2\n|inactive|Citrus12340 has 30 seconds left.\n|\n|t:|1746093552\n|switch|p2b: Ursaluna|Ursaluna, L50, F|100/100\n|move|p1a: Venusaur|Protect|p1a: Venusaur\n|-singleturn|p1a: Venusaur|Protect\n|move|p1b: Sableye|Encore|p2a: Dialga\n|-start|p2a: Dialga|Encore\n|move|p2a: Dialga|Trick Room|p2a: Dialga\n|-fieldend|move: Trick Room\n|\n|-status|p2b: Ursaluna|brn|[from] item: Flame Orb\n|upkeep\n|turn|3\n|inactive|Edmondantes97 has 30 seconds left.\n|inactive|Edmondantes97 has 20 seconds left.\n|inactive|Edmondantes97 has 15 seconds left.\n|\n|t:|1746093596\n|move|p2b: Ursaluna|Protect|p2b: Ursaluna\n|-singleturn|p2b: Ursaluna|Protect\n|move|p1b: Sableye|Thunder Wave|p2a: Dialga\n|-status|p2a: Dialga|par\n|move|p1a: Venusaur|Sludge Bomb|p2a: Dialga\n|-supereffective|p2a: Dialga\n|-damage|p2a: Dialga|63/100 par\n|move|p2a: Dialga|Trick Room|p2a: Dialga\n|-fieldstart|move: Trick Room|[of] p2a: Dialga\n|\n|-damage|p2b: Ursaluna|94/100 brn|[from] brn\n|upkeep\n|turn|4\n|inactive|Citrus12340 has 30 seconds left.\n|\n|t:|1746093629\n|switch|p2a: Koraidon|Koraidon, L50|100/100\n|-weather|SunnyDay|[from] ability: Orichalcum Pulse|[of] p2a: Koraidon\n|-activate|p2a: Koraidon|Orichalcum Pulse|[source]\n|move|p1b: Sableye|Encore|p2b: Ursaluna\n|-start|p2b: Ursaluna|Encore\n|move|p2b: Ursaluna|Protect||[still]\n|-fail|p2b: Ursaluna\n|move|p1a: Venusaur|Sludge Bomb|p2a: Koraidon\n|-damage|p2a: Koraidon|78/100\n|\n|-weather|SunnyDay|[upkeep]\n|-damage|p2b: Ursaluna|88/100 brn|[from] brn\n|upkeep\n|turn|5\n|inactive|Edmondantes97 has 30 seconds left.\n|inactive|Edmondantes97 has 20 seconds left.\n|inactive|Edmondantes97 has 15 seconds left.\n|\n|t:|1746093671\n|switch|p1b: Groudon|Groudon, L50|100/100\n|switch|p2b: Grimmsnarl|Grimmsnarl, L50, M|100/100\n|move|p2a: Koraidon|Flare Blitz|p1b: Groudon\n|-damage|p1b: Groudon|33/100\n|-damage|p2a: Koraidon|59/100|[from] Recoil\n|move|p1a: Venusaur|Sleep Powder|p2a: Koraidon\n|-status|p2a: Koraidon|slp|[from] move: Sleep Powder\n|\n|-weather|SunnyDay|[upkeep]\n|-fieldend|move: Gravity\n|upkeep\n|turn|6\n|inactive|Edmondantes97 has 30 seconds left.\n|\n|t:|1746093703\n|switch|p1b: Reshiram|Reshiram, L50|100/100\n|-ability|p1b: Reshiram|Turboblaze\n|move|p2b: Grimmsnarl|Foul Play|p1b: Reshiram\n|-damage|p1b: Reshiram|66/100\n|cant|p2a: Koraidon|slp\n|move|p1a: Venusaur|Sleep Powder|p2b: Grimmsnarl\n|-status|p2b: Grimmsnarl|slp|[from] move: Sleep Powder\n|\n|-weather|SunnyDay|[upkeep]\n|upkeep\n|turn|7\n|inactive|Edmondantes97 has 30 seconds left.\n|\n|t:|1746093732\n|cant|p2b: Grimmsnarl|slp\n|-curestatus|p2a: Koraidon|slp|[msg]\n|move|p2a: Koraidon|Flame Charge|p1a: Venusaur\n|-supereffective|p1a: Venusaur\n|-damage|p1a: Venusaur|3/100\n|-boost|p2a: Koraidon|spe|1\n|move|p1b: Reshiram|Draco Meteor|p2a: Koraidon\n|-supereffective|p2a: Koraidon\n|-damage|p2a: Koraidon|0 fnt\n|-unboost|p1b: Reshiram|spa|2\n|faint|p2a: Koraidon\n|move|p1a: Venusaur|Sludge Bomb|p2b: Grimmsnarl\n|-supereffective|p2b: Grimmsnarl\n|-damage|p2b: Grimmsnarl|57/100 slp\n|\n|-weather|SunnyDay|[upkeep]\n|-fieldend|move: Trick Room\n|upkeep\n|\n|t:|1746093750\n|switch|p2a: Ursaluna|Ursaluna, L50, F|88/100 brn\n|turn|8\n|\n|t:|1746093763\n|switch|p1b: Sableye|Sableye, L50, F|100/100\n|move|p1a: Venusaur|Energy Ball|p2a: Ursaluna\n|-supereffective|p2a: Ursaluna\n|-damage|p2a: Ursaluna|34/100 brn\n|move|p2a: Ursaluna|Earthquake|p1b: Sableye|[spread] p2b,p1a,p1b\n|-crit|p1a: Venusaur\n|-damage|p2b: Grimmsnarl|0 fnt\n|-damage|p1a: Venusaur|0 fnt\n|-damage|p1b: Sableye|11/100\n|-enditem|p1b: Sableye|Sitrus Berry|[eat]\n|-heal|p1b: Sableye|36/100|[from] item: Sitrus Berry\n|faint|p2b: Grimmsnarl\n|faint|p1a: Venusaur\n|\n|-weather|none\n|-damage|p2a: Ursaluna|28/100 brn|[from] brn\n|-sideend|p2: Citrus12340|move: Light Screen\n|upkeep\n|\n|t:|1746093780\n|switch|p1a: Groudon|Groudon, L50|33/100\n|switch|p2b: Dialga|Dialga-Origin, L50, tera:Grass|63/100 par\n|-weather|SunnyDay|[from] ability: Drought|[of] p1a: Groudon\n|turn|9\n|inactive|Edmondantes97 has 30 seconds left.\n|\n|t:|1746093805\n|move|p1b: Sableye|Gravity|p1b: Sableye\n|-fieldstart|move: Gravity\n|move|p1a: Groudon|Precipice Blades|p2a: Ursaluna|[spread] p2a,p2b\n|-crit|p2a: Ursaluna\n|-resisted|p2b: Dialga\n|-damage|p2a: Ursaluna|0 fnt\n|-damage|p2b: Dialga|40/100 par\n|faint|p2a: Ursaluna\n|cant|p2b: Dialga|par\n|\n|-weather|SunnyDay|[upkeep]\n|upkeep\n|turn|10\n|-message|Citrus12340 forfeited.\n|\n|win|Edmondantes97\n|l|\u2606Citrus12340\n|player|p2|\n||Citrus12340 is ready for game 3.\n||Edmondantes97 is ready for game 3.\n|uhtml|next|Next: <a href=\"/battle-gen9vgc2025regibo3-2354556451\"><strong>Game 3 of 3</strong></a>\n|l|\u2606Edmondantes97\n|player|p1|\n", "uploadtime": 1746094162, "views": 12, "formatid": "gen9vgc2025regibo3", "rating": null, "private": 0, "password": null}