{"id": "gen9vgc2025regibo3-2354801937", "format": "[Gen 9] VGC 2025 Reg I (Bo3)", "players": ["carlone456", "dyslexikcitten"], "log": "|j|\u2606carlone456\n|j|\u2606dyslexikcitten\n|html|<table width=\"100%\"><tr><td align=\"left\">carlone456</td><td align=\"right\">dyslexikcitten</tr><tr><td align=\"left\"><i class=\"fa fa-circle-o\"></i> <i class=\"fa fa-circle-o\"></i> </td><td align=\"right\"><i class=\"fa fa-circle-o\"></i> <i class=\"fa fa-circle-o\"></i> </tr></table>\n|uhtml|bestof|<h2><strong>Game 1</strong> of <a href=\"/game-bestof3-gen9vgc2025regibo3-2354801935\">a best-of-3</a></h2>\n|t:|1746121002\n|gametype|doubles\n|player|p1|carlone456|102|1131\n|player|p2|dyslexikcitten|265|1086\n|teamsize|p1|6\n|teamsize|p2|6\n|gen|9\n|tier|[Gen 9] VGC 2025 Reg I (Bo3)\n|rated|\n|rule|Species Clause: Limit one of each Pok\u00e9mon\n|rule|Item Clause: Limit 1 of each item\n|clearpoke\n|poke|p1|Calyrex-Shadow, L50|\n|poke|p1|Terapagos, L50, M|\n|poke|p1|Amoonguss, L50, M|\n|poke|p1|Urshifu-*, L50, M|\n|poke|p1|Incineroar, L50, M|\n|poke|p1|Raging Bolt, L50|\n|poke|p2|Scream Tail, L50|\n|poke|p2|Koraidon, L50|\n|poke|p2|Indeedee-F, L50, F|\n|poke|p2|Lunala, L50|\n|poke|p2|Thundurus-Therian, L50, M|\n|poke|p2|Urshifu-*, L50, F|\n|teampreview|4\n|showteam|p1|Calyrex-Shadow||FocusSash|AsOneSpectrier|Encore,Disable,Protect,AstralBarrage||||||50|,,,,,Grass]Terapagos||Leftovers|TeraShift|CalmMind,TeraStarstorm,Protect,Substitute|||M|||50|,,,,,Stellar]Amoonguss||RockyHelmet|Regenerator|PollenPuff,Protect,Spore,RagePowder|||M|||50|,,,,,Water]Urshifu-Rapid-Strike||ChoiceScarf|UnseenFist|CloseCombat,SurgingStrikes,Uturn,IceSpinner|||M|||50|,,,,,Water]Incineroar||SitrusBerry|Intimidate|FakeOut,PartingShot,KnockOff,FlareBlitz|||M|||50|,,,,,Ghost]Raging Bolt||AssaultVest|Protosynthesis|DracoMeteor,Thunderbolt,Thunderclap,Snarl||||||50|,,,,,Electric\n|showteam|p2|Scream Tail||BoosterEnergy|Protosynthesis|Disable,Encore,Protect,DazzlingGleam||||||50|,,,,,Dark]Koraidon||ChoiceBand|OrichalcumPulse|CloseCombat,BreakingSwipe,FlareBlitz,Uturn||||||50|,,,,,Fire]Indeedee-F||SafetyGoggles|PsychicSurge|FollowMe,AlluringVoice,TrickRoom,HelpingHand|||F|||50|,,,,,Fairy]Lunala||PowerHerb|ShadowShield|WideGuard,MoongeistBeam,ExpandingForce,MeteorBeam||||||50|,,,,,Water]Thundurus-Therian||AssaultVest|VoltAbsorb|WildboltStorm,TeraBlast,VoltSwitch,Snarl|||M|||50|,,,,,Fairy]Urshifu||FocusSash|UnseenFist|CloseCombat,WickedBlow,Detect,Taunt|||F|||50|,,,,,Stellar\n|inactive|Battle timer is ON: inactive players will automatically lose when time's up. (requested by dyslexikcitten)\n|\n|t:|1746121026\n|start\n|switch|p1a: Calyrex|Calyrex-Shadow, L50|100/100\n|switch|p1b: Incineroar|Incineroar, L50, M|100/100\n|switch|p2a: Koraidon|Koraidon, L50|100/100\n|switch|p2b: Urshifu|Urshifu, L50, F|100/100\n|-ability|p1a: Calyrex|As One\n|-ability|p1a: Calyrex|Unnerve\n|-weather|SunnyDay|[from] ability: Orichalcum Pulse|[of] p2a: Koraidon\n|-activate|p2a: Koraidon|Orichalcum Pulse|[source]\n|-ability|p1b: Incineroar|Intimidate|boost\n|-unboost|p2a: Koraidon|atk|1\n|-unboost|p2b: Urshifu|atk|1\n|turn|1\n|inactive|carlone456 has 30 seconds left.\n|\n|t:|1746121060\n|switch|p2a: Indeedee|Indeedee-F, L50, F|100/100\n|-fieldstart|move: Psychic Terrain|[from] ability: Psychic Surge|[of] p2a: Indeedee\n|move|p1a: Calyrex|Protect|p1a: Calyrex\n|-singleturn|p1a: Calyrex|Protect\n|move|p1b: Incineroar|Fake Out|p2b: Urshifu\n|-activate|p2b: Urshifu|move: Psychic Terrain\n|move|p2b: Urshifu|Wicked Blow|p1a: Calyrex\n|-supereffective|p1a: Calyrex\n|-crit|p1a: Calyrex\n|-enditem|p1a: Calyrex|Focus Sash\n|-damage|p1a: Calyrex|1/100\n|\n|-weather|SunnyDay|[upkeep]\n|upkeep\n|turn|2\n|inactive|carlone456 has 30 seconds left.\n|inactive|carlone456 has 20 seconds left.\n|inactive|carlone456 has 15 seconds left.\n|\n|t:|1746121102\n|switch|p1a: Terapagos|Terapagos, L50, M|100/100\n|-activate|p1a: Terapagos|ability: Tera Shift\n|detailschange|p1a: Terapagos|Terapagos-Terastal, L50, M\n|-heal|p1a: Terapagos|100/100|[silent]\n|move|p2b: Urshifu|Close Combat|p1b: Incineroar\n|-supereffective|p1b: Incineroar\n|-damage|p1b: Incineroar|22/100\n|-unboost|p2b: Urshifu|def|1\n|-unboost|p2b: Urshifu|spd|1\n|-enditem|p1b: Incineroar|Sitrus Berry|[eat]\n|-heal|p1b: Incineroar|47/100|[from] item: Sitrus Berry\n|move|p2a: Indeedee|Alluring Voice|p1a: Terapagos\n|-activate|p1a: Terapagos|ability: Tera Shell\n|-resisted|p1a: Terapagos\n|-damage|p1a: Terapagos|93/100\n|move|p1b: Incineroar|Parting Shot|p2b: Urshifu\n|-unboost|p2b: Urshifu|atk|1\n|-unboost|p2b: Urshifu|spa|1\n|inactive|carlone456 has 30 seconds left.\n|\n|t:|1746121129\n|switch|p1b: Calyrex|Calyrex-Shadow, L50|1/100|[from] Parting Shot\n|-ability|p1b: Calyrex|As One\n|-ability|p1b: Calyrex|Unnerve\n|\n|-weather|SunnyDay|[upkeep]\n|-heal|p1a: Terapagos|99/100|[from] item: Leftovers\n|upkeep\n|turn|3\n|\n|t:|1746121146\n|move|p1b: Calyrex|Disable|p2b: Urshifu\n|-start|p2b: Urshifu|Disable|Close Combat\n|move|p2b: Urshifu|Wicked Blow|p1b: Calyrex\n|-supereffective|p1b: Calyrex\n|-crit|p1b: Calyrex\n|-damage|p1b: Calyrex|0 fnt\n|faint|p1b: Calyrex\n|move|p1a: Terapagos|Calm Mind|p1a: Terapagos\n|-boost|p1a: Terapagos|spa|1\n|-boost|p1a: Terapagos|spd|1\n|move|p2a: Indeedee|Alluring Voice|p1a: Terapagos\n|-damage|p1a: Terapagos|89/100\n|-start|p1a: Terapagos|confusion\n|\n|-weather|SunnyDay|[upkeep]\n|-heal|p1a: Terapagos|95/100|[from] item: Leftovers\n|upkeep\n|\n|t:|1746121162\n|switch|p1b: Raging Bolt|Raging Bolt, L50|100/100\n|-activate|p1b: Raging Bolt|ability: Protosynthesis\n|-start|p1b: Raging Bolt|protosynthesisspa\n|turn|4\n|\n|t:|1746121172\n|move|p2b: Urshifu|Wicked Blow|p1b: Raging Bolt\n|-crit|p1b: Raging Bolt\n|-damage|p1b: Raging Bolt|43/100\n|-activate|p1a: Terapagos|confusion\n|move|p1a: Terapagos|Substitute|p1a: Terapagos\n|-start|p1a: Terapagos|Substitute\n|-damage|p1a: Terapagos|70/100\n|move|p2a: Indeedee|Alluring Voice|p1b: Raging Bolt\n|-supereffective|p1b: Raging Bolt\n|-damage|p1b: Raging Bolt|23/100\n|move|p1b: Raging Bolt|Draco Meteor|p2a: Indeedee|[miss]\n|-miss|p1b: Raging Bolt|p2a: Indeedee\n|\n|-weather|SunnyDay|[upkeep]\n|-heal|p1a: Terapagos|76/100|[from] item: Leftovers\n|upkeep\n|turn|5\n|inactive|carlone456 has 30 seconds left.\n|\n|t:|1746121207\n|-end|p1b: Raging Bolt|Protosynthesis|[silent]\n|switch|p1b: Incineroar|Incineroar, L50, M|47/100\n|-ability|p1b: Incineroar|Intimidate|boost\n|-unboost|p2a: Indeedee|atk|1\n|-unboost|p2b: Urshifu|atk|1\n|-activate|p1a: Terapagos|confusion\n|move|p1a: Terapagos|Protect|p1a: Terapagos\n|-singleturn|p1a: Terapagos|Protect\n|move|p2b: Urshifu|Wicked Blow|p1b: Incineroar\n|-resisted|p1b: Incineroar\n|-crit|p1b: Incineroar\n|-damage|p1b: Incineroar|17/100\n|move|p2a: Indeedee|Alluring Voice|p1b: Incineroar\n|-damage|p1b: Incineroar|3/100\n|\n|-weather|none\n|-heal|p1a: Terapagos|82/100|[from] item: Leftovers\n|-fieldend|move: Psychic Terrain\n|upkeep\n|turn|6\n|inactive|carlone456 has 30 seconds left.\n|inactive|dyslexikcitten has 30 seconds left.\n|\n|t:|1746121240\n|switch|p2a: Koraidon|Koraidon, L50|100/100\n|-weather|SunnyDay|[from] ability: Orichalcum Pulse|[of] p2a: Koraidon\n|-activate|p2a: Koraidon|Orichalcum Pulse|[source]\n|move|p2b: Urshifu|Detect|p2b: Urshifu\n|-singleturn|p2b: Urshifu|Protect\n|-activate|p1a: Terapagos|confusion\n|move|p1a: Terapagos|Tera Starstorm|p2b: Urshifu\n|-activate|p2b: Urshifu|move: Protect\n|move|p1b: Incineroar|Parting Shot|p2a: Koraidon\n|-unboost|p2a: Koraidon|atk|1\n|-unboost|p2a: Koraidon|spa|1\n|\n|t:|1746121253\n|switch|p1b: Raging Bolt|Raging Bolt, L50|23/100|[from] Parting Shot\n|-activate|p1b: Raging Bolt|ability: Protosynthesis\n|-start|p1b: Raging Bolt|protosynthesisspa\n|\n|-weather|SunnyDay|[upkeep]\n|-heal|p1a: Terapagos|88/100|[from] item: Leftovers\n|-end|p2b: Urshifu|Disable\n|upkeep\n|turn|7\n|\n|t:|1746121267\n|switch|p2b: Indeedee|Indeedee-F, L50, F|100/100\n|-fieldstart|move: Psychic Terrain|[from] ability: Psychic Surge|[of] p2b: Indeedee\n|move|p2a: Koraidon|U-turn|p1b: Raging Bolt\n|-damage|p1b: Raging Bolt|0 fnt\n|faint|p1b: Raging Bolt\n|-end|p1b: Raging Bolt|Protosynthesis|[silent]\n|\n|t:|1746121271\n|switch|p2a: Urshifu|Urshifu, L50, F|100/100|[from] U-turn\n|-activate|p1a: Terapagos|confusion\n|-damage|p1a: Terapagos|82/100|[from] confusion\n|\n|-weather|SunnyDay|[upkeep]\n|-heal|p1a: Terapagos|88/100|[from] item: Leftovers\n|upkeep\n|\n|t:|1746121280\n|switch|p1b: Incineroar|Incineroar, L50, M|3/100\n|-ability|p1b: Incineroar|Intimidate|boost\n|-unboost|p2a: Urshifu|atk|1\n|-unboost|p2b: Indeedee|atk|1\n|turn|8\n|\n|t:|1746121294\n|-end|p1a: Terapagos|confusion\n|move|p1a: Terapagos|Protect|p1a: Terapagos\n|-singleturn|p1a: Terapagos|Protect\n|move|p2a: Urshifu|Wicked Blow|p1b: Incineroar\n|-resisted|p1b: Incineroar\n|-crit|p1b: Incineroar\n|-damage|p1b: Incineroar|0 fnt\n|faint|p1b: Incineroar\n|move|p2b: Indeedee|Alluring Voice|p1a: Terapagos\n|-activate|p1a: Terapagos|move: Protect\n|\n|-weather|SunnyDay|[upkeep]\n|-heal|p1a: Terapagos|94/100|[from] item: Leftovers\n|upkeep\n|turn|9\n|\n|t:|1746121306\n|move|p2a: Urshifu|Wicked Blow|p1a: Terapagos\n|-crit|p1a: Terapagos\n|-end|p1a: Terapagos|Substitute\n|move|p2b: Indeedee|Alluring Voice|p1a: Terapagos\n|-damage|p1a: Terapagos|83/100\n|move|p1a: Terapagos|Tera Starstorm|p2a: Urshifu\n|-enditem|p2a: Urshifu|Focus Sash\n|-damage|p2a: Urshifu|1/100\n|\n|-weather|SunnyDay|[upkeep]\n|-heal|p1a: Terapagos|89/100|[from] item: Leftovers\n|upkeep\n|turn|10\n|\n|t:|1746121330\n|-terastallize|p1a: Terapagos|Stellar\n|detailschange|p1a: Terapagos|Terapagos-Stellar, L50, M, tera:Stellar\n|-heal|p1a: Terapagos|92/100|[silent]\n|-ability|p1a: Terapagos|Teraform Zero\n|-weather|none\n|-fieldend|move: Psychic Terrain\n|move|p2b: Indeedee|Helping Hand|p2a: Urshifu\n|-singleturn|p2a: Urshifu|Helping Hand|[of] p2b: Indeedee\n|move|p2a: Urshifu|Close Combat|p1a: Terapagos\n|-supereffective|p1a: Terapagos\n|-damage|p1a: Terapagos|13/100\n|-unboost|p2a: Urshifu|def|1\n|-unboost|p2a: Urshifu|spd|1\n|move|p1a: Terapagos|Tera Starstorm|p2a: Urshifu|[spread] p2a,p2b\n|-damage|p2a: Urshifu|0 fnt\n|-damage|p2b: Indeedee|47/100\n|faint|p2a: Urshifu\n|\n|-heal|p1a: Terapagos|19/100|[from] item: Leftovers\n|upkeep\n|\n|t:|1746121336\n|switch|p2a: Lunala|Lunala, L50|100/100\n|turn|11\n|\n|t:|1746121347\n|switch|p2b: Koraidon|Koraidon, L50|100/100\n|-weather|SunnyDay|[from] ability: Orichalcum Pulse|[of] p2b: Koraidon\n|-activate|p2b: Koraidon|Orichalcum Pulse|[source]\n|move|p2a: Lunala|Wide Guard|p2a: Lunala\n|-singleturn|p2a: Lunala|Wide Guard\n|move|p1a: Terapagos|Tera Starstorm|p2a: Lunala|[spread] \n|-activate|p2a: Lunala|move: Wide Guard\n|-activate|p2b: Koraidon|move: Wide Guard\n|\n|-weather|SunnyDay|[upkeep]\n|-heal|p1a: Terapagos|25/100|[from] item: Leftovers\n|upkeep\n|turn|12\n|-message|carlone456 forfeited.\n|\n|win|dyslexikcitten\n|l|\u2606carlone456\n|player|p1|\n", "uploadtime": 1746121356, "views": 5, "formatid": "gen9vgc2025regibo3", "rating": null, "private": 0, "password": null}