{"id": "gen9vgc2025regibo3-2355139887", "format": "[Gen 9] VGC 2025 Reg I (Bo3)", "players": ["samarazenta", "ComfyTurty"], "log": "|j|\u2606samarazenta\n|j|\u2606ComfyTurty\n|html|<table width=\"100%\"><tr><td align=\"left\">samarazenta</td><td align=\"right\">ComfyTurty</tr><tr><td align=\"left\"><i class=\"fa fa-circle\"></i> <i class=\"fa fa-circle-o\"></i> </td><td align=\"right\"><i class=\"fa fa-circle-o\"></i> <i class=\"fa fa-circle-o\"></i> </tr></table>\n|uhtml|bestof|<h2><strong>Game 2</strong> of <a href=\"/game-bestof3-gen9vgc2025regibo3-2355136809\">a best-of-3</a></h2>\n|t:|1746157636\n|gametype|doubles\n|player|p1|samarazenta|102|1115\n|player|p2|ComfyTurty|pokemonbreeder-gen4|1000\n|teamsize|p1|6\n|teamsize|p2|6\n|gen|9\n|tier|[Gen 9] VGC 2025 Reg I (Bo3)\n|rated|\n|rule|Species Clause: Limit one of each Pok\u00e9mon\n|rule|Item Clause: Limit 1 of each item\n|clearpoke\n|poke|p1|Calyrex-Shadow, L50|\n|poke|p1|Raging Bolt, L50|\n|poke|p1|Incineroar, L50, F|\n|poke|p1|Rillaboom, L50, F|\n|poke|p1|Tornadus, L50, M|\n|poke|p1|Koraidon, L50|\n|poke|p2|Koraidon, L50|\n|poke|p2|Terapagos, L50, M|\n|poke|p2|Incineroar, L50, F|\n|poke|p2|Rillaboom, L50, F|\n|poke|p2|Ogerpon-Cornerstone, L50, F|\n|poke|p2|Flutter Mane, L50|\n|teampreview|4\n|showteam|p1|Calyrex-Shadow||FocusSash|AsOneSpectrier|AstralBarrage,Psychic,NastyPlot,Protect||||||50|,,,,,Ghost]Raging Bolt||BoosterEnergy|Protosynthesis|Thunderbolt,Thunderclap,DragonPulse,Protect||||||50|,,,,,Fairy]Incineroar||SafetyGoggles|Intimidate|FakeOut,PartingShot,KnockOff,Taunt|||F|||50|,,,,,Water]Rillaboom||AssaultVest|GrassySurge|FakeOut,Uturn,WoodHammer,GrassyGlide|||F|||50|,,,,,Water]Tornadus||CovertCloak|Prankster|Tailwind,SunnyDay,BleakwindStorm,Protect|||M|||50|,,,,,Dark]Koraidon||LifeOrb|OrichalcumPulse|FlameCharge,FlareBlitz,CloseCombat,Protect||||||50|,,,,,Fire\n|showteam|p2|Koraidon||LifeOrb|OrichalcumPulse|CloseCombat,FlareBlitz,FlameCharge,Protect||||||50|,,,,,Fire]Terapagos||Leftovers|TeraShift|TeraStarstorm,EarthPower,CalmMind,Protect|||M|||50|,,,,,Stellar]Incineroar||RockyHelmet|Intimidate|FakeOut,KnockOff,WillOWisp,PartingShot|||F|||50|,,,,,Bug]Rillaboom||AssaultVest|GrassySurge|WoodHammer,GrassyGlide,Uturn,FakeOut|||F|||50|,,,,,Water]Ogerpon-Cornerstone||CornerstoneMask|Sturdy|IvyCudgel,PowerWhip,FollowMe,SpikyShield|||F|||50|,,,,,Rock]Flutter Mane||FocusSash|Protosynthesis|Moonblast,ShadowBall,IcyWind,Protect||||||50|,,,,,Normal\n|inactive|Battle timer is ON: inactive players will automatically lose when time's up. (requested by ComfyTurty)\n|inactive|samarazenta has 60 seconds left.\n|inactive|ComfyTurty has 60 seconds left.\n|inactive|ComfyTurty has 30 seconds left.\n|inactive|ComfyTurty has 20 seconds left.\n|inactive|ComfyTurty has 15 seconds left.\n|\n|t:|1746157712\n|start\n|switch|p1a: Koraidon|Koraidon, L50|100/100\n|switch|p1b: Raging Bolt|Raging Bolt, L50|100/100\n|switch|p2a: Koraidon|Koraidon, L50|100/100\n|switch|p2b: Incineroar|Incineroar, L50, F|100/100\n|-weather|SunnyDay|[from] ability: Orichalcum Pulse|[of] p2a: Koraidon\n|-activate|p1b: Raging Bolt|ability: Protosynthesis\n|-start|p1b: Raging Bolt|protosynthesisspa\n|-activate|p2a: Koraidon|Orichalcum Pulse|[source]\n|-activate|p1a: Koraidon|ability: Orichalcum Pulse\n|-ability|p2b: Incineroar|Intimidate|boost\n|-unboost|p1a: Koraidon|atk|1\n|-unboost|p1b: Raging Bolt|atk|1\n|turn|1\n|inactive|ComfyTurty has 30 seconds left.\n|inactive|ComfyTurty has 20 seconds left.\n|inactive|ComfyTurty has 15 seconds left.\n|inactive|ComfyTurty has 10 seconds left.\n|inactive|ComfyTurty has 5 seconds left.\n|\n|t:|1746157763\n|move|p1a: Koraidon|Protect|p1a: Koraidon\n|-singleturn|p1a: Koraidon|Protect\n|move|p1b: Raging Bolt|Protect|p1b: Raging Bolt\n|-singleturn|p1b: Raging Bolt|Protect\n|move|p2b: Incineroar|Fake Out|p1b: Raging Bolt\n|-activate|p1b: Raging Bolt|move: Protect\n|move|p2a: Koraidon|Close Combat|p1b: Raging Bolt\n|-activate|p1b: Raging Bolt|move: Protect\n|\n|-weather|SunnyDay|[upkeep]\n|upkeep\n|turn|2\n|inactive|samarazenta has 30 seconds left.\n|inactive|samarazenta has 20 seconds left.\n|inactive|samarazenta has 15 seconds left.\n|\n|t:|1746157804\n|move|p2a: Koraidon|Protect|p2a: Koraidon\n|-singleturn|p2a: Koraidon|Protect\n|move|p1b: Raging Bolt|Thunderclap||[still]\n|-fail|p1b: Raging Bolt\n|move|p1a: Koraidon|Close Combat|p2b: Incineroar\n|-supereffective|p2b: Incineroar\n|-damage|p2b: Incineroar|0 fnt\n|-unboost|p1a: Koraidon|def|1\n|-unboost|p1a: Koraidon|spd|1\n|-damage|p1a: Koraidon|84/100|[from] item: Rocky Helmet|[of] p2b: Incineroar\n|faint|p2b: Incineroar\n|-damage|p1a: Koraidon|75/100|[from] item: Life Orb\n|\n|-weather|SunnyDay|[upkeep]\n|upkeep\n|\n|t:|1746157815\n|switch|p2b: Ogerpon|Ogerpon-Cornerstone, L50, F|100/100\n|turn|3\n|inactive|ComfyTurty has 30 seconds left.\n|\n|t:|1746157847\n|switch|p1a: Tornadus|Tornadus, L50, M|100/100\n|move|p2b: Ogerpon|Follow Me|p2b: Ogerpon\n|-singleturn|p2b: Ogerpon|move: Follow Me\n|move|p2a: Koraidon|Close Combat|p1a: Tornadus\n|-resisted|p1a: Tornadus\n|-damage|p1a: Tornadus|44/100\n|-unboost|p2a: Koraidon|def|1\n|-unboost|p2a: Koraidon|spd|1\n|-damage|p2a: Koraidon|91/100|[from] item: Life Orb\n|move|p1b: Raging Bolt|Dragon Pulse|p2b: Ogerpon\n|-damage|p2b: Ogerpon|24/100\n|\n|-weather|SunnyDay|[upkeep]\n|upkeep\n|turn|4\n|inactive|ComfyTurty has 30 seconds left.\n|inactive|ComfyTurty has 20 seconds left.\n|\n|t:|1746157883\n|-terastallize|p2a: Koraidon|Fire\n|move|p1a: Tornadus|Tailwind|p1a: Tornadus\n|-sidestart|p1: samarazenta|move: Tailwind\n|move|p2a: Koraidon|Close Combat|p1b: Raging Bolt\n|-crit|p1b: Raging Bolt\n|-damage|p1b: Raging Bolt|0 fnt\n|-unboost|p2a: Koraidon|def|1\n|-unboost|p2a: Koraidon|spd|1\n|faint|p1b: Raging Bolt\n|-end|p1b: Raging Bolt|Protosynthesis|[silent]\n|-damage|p2a: Koraidon|81/100|[from] item: Life Orb\n|move|p2b: Ogerpon|Ivy Cudgel|p1a: Tornadus|[anim] Ivy Cudgel Rock\n|-supereffective|p1a: Tornadus\n|-damage|p1a: Tornadus|0 fnt\n|faint|p1a: Tornadus\n|\n|-weather|SunnyDay|[upkeep]\n|upkeep\n|\n|t:|1746157893\n|switch|p1a: Koraidon|Koraidon, L50|75/100\n|switch|p1b: Calyrex|Calyrex-Shadow, L50|100/100\n|-ability|p1b: Calyrex|As One\n|-ability|p1b: Calyrex|Unnerve\n|-activate|p1a: Koraidon|ability: Orichalcum Pulse\n|turn|5\n|inactive|ComfyTurty has 30 seconds left.\n|inactive|ComfyTurty has 20 seconds left.\n|inactive|ComfyTurty has 15 seconds left.\n|\n|t:|1746157934\n|switch|p2a: Terapagos|Terapagos, L50, M|100/100\n|-activate|p2a: Terapagos|ability: Tera Shift\n|detailschange|p2a: Terapagos|Terapagos-Terastal, L50, M\n|-heal|p2a: Terapagos|100/100|[silent]\n|move|p2b: Ogerpon|Spiky Shield|p2b: Ogerpon\n|-singleturn|p2b: Ogerpon|move: Protect\n|move|p1b: Calyrex|Astral Barrage|p2a: Terapagos|[spread] \n|-activate|p2b: Ogerpon|move: Protect\n|-immune|p2a: Terapagos\n|move|p1a: Koraidon|Flame Charge|p2a: Terapagos\n|-activate|p2a: Terapagos|ability: Tera Shell\n|-resisted|p2a: Terapagos\n|-damage|p2a: Terapagos|86/100\n|-boost|p1a: Koraidon|spe|1\n|-damage|p1a: Koraidon|65/100|[from] item: Life Orb\n|\n|-weather|none\n|-heal|p2a: Terapagos|93/100|[from] item: Leftovers\n|upkeep\n|turn|6\n|inactive|ComfyTurty has 30 seconds left.\n|inactive|samarazenta has 30 seconds left.\n|inactive|ComfyTurty has 20 seconds left.\n|\n|t:|1746157971\n|move|p1a: Koraidon|Protect|p1a: Koraidon\n|-singleturn|p1a: Koraidon|Protect\n|move|p2a: Terapagos|Protect|p2a: Terapagos\n|-singleturn|p2a: Terapagos|Protect\n|move|p1b: Calyrex|Astral Barrage|p2a: Terapagos|[spread] p2b\n|-activate|p2a: Terapagos|move: Protect\n|-damage|p2b: Ogerpon|0 fnt\n|faint|p2b: Ogerpon\n|-ability|p1b: Calyrex|Grim Neigh|boost\n|-boost|p1b: Calyrex|spa|1\n|\n|-heal|p2a: Terapagos|99/100|[from] item: Leftovers\n|upkeep\n|\n|t:|1746157977\n|switch|p2b: Koraidon|Koraidon, L50, tera:Fire|81/100\n|-weather|SunnyDay|[from] ability: Orichalcum Pulse|[of] p2b: Koraidon\n|-activate|p2b: Koraidon|Orichalcum Pulse|[source]\n|turn|7\n|-message|ComfyTurty forfeited.\n|\n|win|samarazenta\n|raw|samarazenta's rating: 1115 &rarr; <strong>1132</strong><br />(+17 for winning)\n|raw|ComfyTurty's rating: 1000 &rarr; <strong>1000</strong><br />(+0 for losing)\n", "uploadtime": 1746157984, "views": 3, "formatid": "gen9vgc2025regibo3", "rating": 1000, "private": 0, "password": null}