{"id": "gen9vgc2025regibo3-2353745743", "format": "[Gen 9] VGC 2025 Reg I (Bo3)", "players": ["furretusedpunch", "Speedtiee"], "log": "|j|\u2606furretusedpunch\n|j|\u2606Speedtiee\n|html|<table width=\"100%\"><tr><td align=\"left\">furretusedpunch</td><td align=\"right\">Speedtiee</tr><tr><td align=\"left\"><i class=\"fa fa-circle-o\"></i> <i class=\"fa fa-circle-o\"></i> </td><td align=\"right\"><i class=\"fa fa-circle-o\"></i> <i class=\"fa fa-circle-o\"></i> </tr></table>\n|uhtml|bestof|<h2><strong>Game 1</strong> of <a href=\"/game-bestof3-gen9vgc2025regibo3-2353745742\">a best-of-3</a></h2>\n|t:|1745992763\n|gametype|doubles\n|player|p1|furretusedpunch|lacey|1380\n|player|p2|Speedtiee|iono|1417\n|teamsize|p1|6\n|teamsize|p2|6\n|gen|9\n|tier|[Gen 9] VGC 2025 Reg I (Bo3)\n|rated|\n|rule|Species Clause: Limit one of each Pok\u00e9mon\n|rule|Item Clause: Limit 1 of each item\n|clearpoke\n|poke|p1|Kyogre, L50|\n|poke|p1|Zamazenta-*, L50|\n|poke|p1|Amoonguss, L50, M|\n|poke|p1|Chien-Pao, L50|\n|poke|p1|Urshifu-*, L50, F|\n|poke|p1|Roaring Moon, L50|\n|poke|p2|Miraidon, L50|\n|poke|p2|Koraidon, L50|\n|poke|p2|Raging Bolt, L50|\n|poke|p2|Incineroar, L50, M|\n|poke|p2|Flutter Mane, L50|\n|poke|p2|Ogerpon-Cornerstone, L50, F|\n|teampreview|4\n|showteam|p1|Kyogre||MysticWater|Drizzle|WaterSpout,HydroPump,IceBeam,Protect||||||50|,,,,,Grass]Zamazenta-Crowned||RustedShield|DauntlessShield|behemothbash,BodyPress,WideGuard,Protect||||||50|,,,,,Grass]Amoonguss||RockyHelmet|Regenerator|RagePowder,Spore,SludgeBomb,Protect|||M|||50|,,,,,Fairy]Chien-Pao||FocusSash|SwordofRuin|IceSpinner,SuckerPunch,ThroatChop,Protect||||||50|,,,,,Ghost]Urshifu-Rapid-Strike||ChoiceScarf|UnseenFist|SurgingStrikes,CloseCombat,Uturn,Coaching|||F|||50|,,,,,Ghost]Roaring Moon||BoosterEnergy|Protosynthesis|KnockOff,Acrobatics,Tailwind,Protect||||||50|,,,,,Flying\n|showteam|p2|Miraidon||ChoiceSpecs|HadronEngine|ElectroDrift,VoltSwitch,DazzlingGleam,DracoMeteor||||||50|,,,,,Fairy]Koraidon||LifeOrb|OrichalcumPulse|CloseCombat,FlareBlitz,FlameCharge,Protect||||||50|,,,,,Fire]Raging Bolt||AssaultVest|Protosynthesis|RisingVoltage,Thunderclap,DracoMeteor,Electroweb||||||50|,,,,,Electric]Incineroar||RockyHelmet|Intimidate|FakeOut,FlareBlitz,Uturn,KnockOff|||M|||50|,,,,,Ghost]Flutter Mane||FocusSash|Protosynthesis|Moonblast,IcyWind,ShadowBall,Protect||||||50|,,,,,Stellar]Ogerpon-Cornerstone||CornerstoneMask|Sturdy|IvyCudgel,PowerWhip,FollowMe,SpikyShield|||F|||50|,,,,,Rock\n|inactive|Battle timer is ON: inactive players will automatically lose when time's up. (requested by Speedtiee)\n|inactive|furretusedpunch has 60 seconds left.\n|inactive|Speedtiee has 60 seconds left.\n|\n|t:|1745992828\n|start\n|switch|p1a: Kyogre|Kyogre, L50|100/100\n|switch|p1b: Roaring Moon|Roaring Moon, L50|100/100\n|switch|p2a: Miraidon|Miraidon, L50|100/100\n|switch|p2b: Raging Bolt|Raging Bolt, L50|100/100\n|-fieldstart|move: Electric Terrain|[from] ability: Hadron Engine|[of] p2a: Miraidon\n|-weather|RainDance|[from] ability: Drizzle|[of] p1a: Kyogre\n|-enditem|p1b: Roaring Moon|Booster Energy\n|-activate|p1b: Roaring Moon|ability: Protosynthesis|[fromitem]\n|-start|p1b: Roaring Moon|protosynthesisspe\n|turn|1\n|inactive|furretusedpunch has 30 seconds left.\n|inactive|Speedtiee has 30 seconds left.\n|inactive|furretusedpunch has 20 seconds left.\n|inactive|Speedtiee has 20 seconds left.\n|inactive|furretusedpunch has 15 seconds left.\n|inactive|Speedtiee has 15 seconds left.\n|inactive|Speedtiee has 10 seconds left.\n|\n|t:|1745992874\n|switch|p2a: Koraidon|Koraidon, L50|100/100\n|-weather|SunnyDay|[from] ability: Orichalcum Pulse|[of] p2a: Koraidon\n|-activate|p2b: Raging Bolt|ability: Protosynthesis\n|-start|p2b: Raging Bolt|protosynthesisspa\n|-activate|p2a: Koraidon|Orichalcum Pulse|[source]\n|switch|p1a: Zamazenta|Zamazenta-Crowned, L50|100/100\n|-ability|p1a: Zamazenta|Dauntless Shield|boost\n|-boost|p1a: Zamazenta|def|1\n|move|p1b: Roaring Moon|Protect|p1b: Roaring Moon\n|-singleturn|p1b: Roaring Moon|Protect\n|move|p2b: Raging Bolt|Electroweb|p1b: Roaring Moon|[spread] p1a\n|-activate|p1b: Roaring Moon|move: Protect\n|-damage|p1a: Zamazenta|69/100\n|-unboost|p1a: Zamazenta|spe|1\n|\n|-weather|SunnyDay|[upkeep]\n|upkeep\n|turn|2\n|inactive|furretusedpunch has 30 seconds left.\n|inactive|Speedtiee has 30 seconds left.\n|inactive|Speedtiee has 20 seconds left.\n|inactive|Speedtiee has 15 seconds left.\n|inactive|Speedtiee has 10 seconds left.\n|inactive|Speedtiee has 5 seconds left.\n|\n|t:|1745992926\n|switch|p2a: Flutter Mane|Flutter Mane, L50, shiny|100/100\n|-activate|p2a: Flutter Mane|ability: Protosynthesis\n|-start|p2a: Flutter Mane|protosynthesisspe\n|move|p1b: Roaring Moon|Tailwind|p1b: Roaring Moon\n|-sidestart|p1: furretusedpunch|move: Tailwind\n|move|p1a: Zamazenta|Body Press|p2b: Raging Bolt\n|-damage|p2b: Raging Bolt|47/100\n|move|p2b: Raging Bolt|Electroweb|p1a: Zamazenta|[spread] p1b\n|-miss|p2b: Raging Bolt|p1a: Zamazenta\n|-resisted|p1b: Roaring Moon\n|-damage|p1b: Roaring Moon|83/100\n|-unboost|p1b: Roaring Moon|spe|1\n|\n|-weather|SunnyDay|[upkeep]\n|upkeep\n|turn|3\n|inactive|furretusedpunch has 30 seconds left.\n|inactive|Speedtiee has 30 seconds left.\n|inactive|furretusedpunch has 20 seconds left.\n|inactive|furretusedpunch has 15 seconds left.\n|inactive|furretusedpunch has 10 seconds left.\n|\n|t:|1745992973\n|move|p1b: Roaring Moon|Knock Off|p2a: Flutter Mane\n|-enditem|p2a: Flutter Mane|Focus Sash\n|-damage|p2a: Flutter Mane|1/100\n|move|p2a: Flutter Mane|Moonblast|p1b: Roaring Moon\n|-supereffective|p1b: Roaring Moon\n|-damage|p1b: Roaring Moon|0 fnt\n|faint|p1b: Roaring Moon\n|-end|p1b: Roaring Moon|Protosynthesis|[silent]\n|move|p1a: Zamazenta|Body Press|p2b: Raging Bolt\n|-damage|p2b: Raging Bolt|0 fnt\n|faint|p2b: Raging Bolt\n|-end|p2b: Raging Bolt|Protosynthesis|[silent]\n|\n|-weather|SunnyDay|[upkeep]\n|upkeep\n|\n|t:|1745992988\n|switch|p1b: Kyogre|Kyogre, L50|100/100\n|switch|p2b: Miraidon|Miraidon, L50|100/100\n|-weather|RainDance|[from] ability: Drizzle|[of] p1b: Kyogre\n|-end|p2a: Flutter Mane|Protosynthesis\n|-activate|p2b: Miraidon|ability: Hadron Engine\n|turn|4\n|inactive|furretusedpunch has 30 seconds left.\n|inactive|furretusedpunch has 20 seconds left.\n|inactive|furretusedpunch has 15 seconds left.\n|\n|t:|1745993032\n|-end|p2a: Flutter Mane|Protosynthesis|[silent]\n|switch|p2a: Koraidon|Koraidon, L50|100/100\n|-weather|SunnyDay|[from] ability: Orichalcum Pulse|[of] p2a: Koraidon\n|-activate|p2a: Koraidon|Orichalcum Pulse|[source]\n|-terastallize|p1b: Kyogre|Grass\n|-terastallize|p2b: Miraidon|Fairy\n|move|p1b: Kyogre|Ice Beam|p2a: Koraidon\n|-supereffective|p2a: Koraidon\n|-damage|p2a: Koraidon|16/100\n|move|p1a: Zamazenta|Body Press|p2b: Miraidon\n|-resisted|p2b: Miraidon\n|-crit|p2b: Miraidon\n|-damage|p2b: Miraidon|57/100\n|move|p2b: Miraidon|Volt Switch|p1a: Zamazenta\n|-damage|p1a: Zamazenta|0 fnt\n|faint|p1a: Zamazenta\n|\n|t:|1745993047\n|switch|p2b: Flutter Mane|Flutter Mane, L50, shiny|1/100|[from] Volt Switch\n|-activate|p2b: Flutter Mane|ability: Protosynthesis\n|-start|p2b: Flutter Mane|protosynthesisspe\n|\n|-weather|SunnyDay|[upkeep]\n|upkeep\n|\n|t:|1745993050\n|switch|p1a: Chien-Pao|Chien-Pao, L50|100/100\n|-ability|p1a: Chien-Pao|Sword of Ruin\n|turn|5\n|\n|t:|1745993068\n|move|p2b: Flutter Mane|Protect|p2b: Flutter Mane\n|-singleturn|p2b: Flutter Mane|Protect\n|move|p2a: Koraidon|Protect|p2a: Koraidon\n|-singleturn|p2a: Koraidon|Protect\n|move|p1a: Chien-Pao|Sucker Punch||[still]\n|-fail|p1a: Chien-Pao\n|move|p1b: Kyogre|Ice Beam|p2a: Koraidon\n|-activate|p2a: Koraidon|move: Protect\n|\n|-weather|SunnyDay|[upkeep]\n|-sideend|p1: furretusedpunch|move: Tailwind\n|-fieldend|move: Electric Terrain\n|upkeep\n|turn|6\n|inactive|furretusedpunch has 30 seconds left.\n|inactive|Speedtiee has 30 seconds left.\n|inactive|furretusedpunch has 20 seconds left.\n|inactive|Speedtiee has 20 seconds left.\n|inactive|furretusedpunch has 15 seconds left.\n|inactive|Speedtiee has 15 seconds left.\n|inactive|Speedtiee has 10 seconds left.\n|\n|t:|1745993113\n|move|p1a: Chien-Pao|Sucker Punch|p2a: Koraidon\n|-resisted|p2a: Koraidon\n|-damage|p2a: Koraidon|0 fnt\n|faint|p2a: Koraidon\n|move|p2b: Flutter Mane|Icy Wind|p1a: Chien-Pao|[spread] p1a,p1b\n|-resisted|p1a: Chien-Pao\n|-supereffective|p1b: Kyogre\n|-damage|p1a: Chien-Pao|88/100\n|-damage|p1b: Kyogre|77/100\n|-unboost|p1a: Chien-Pao|spe|1\n|-unboost|p1b: Kyogre|spe|1\n|move|p1b: Kyogre|Water Spout|p2b: Flutter Mane\n|-damage|p2b: Flutter Mane|0 fnt\n|faint|p2b: Flutter Mane\n|-end|p2b: Flutter Mane|Protosynthesis|[silent]\n|\n|-weather|SunnyDay|[upkeep]\n|upkeep\n|\n|t:|1745993124\n|switch|p2b: Miraidon|Miraidon, L50, tera:Fairy|57/100\n|-fieldstart|move: Electric Terrain|[from] ability: Hadron Engine|[of] p2b: Miraidon\n|turn|7\n|\n|t:|1745993131\n|move|p1a: Chien-Pao|Protect|p1a: Chien-Pao\n|-singleturn|p1a: Chien-Pao|Protect\n|move|p1b: Kyogre|Protect|p1b: Kyogre\n|-singleturn|p1b: Kyogre|Protect\n|move|p2b: Miraidon|Dazzling Gleam|p1a: Chien-Pao|[spread] \n|-activate|p1a: Chien-Pao|move: Protect\n|-activate|p1b: Kyogre|move: Protect\n|\n|-weather|SunnyDay|[upkeep]\n|upkeep\n|turn|8\n|\n|t:|1745993144\n|move|p1a: Chien-Pao|Sucker Punch|p2b: Miraidon\n|-resisted|p2b: Miraidon\n|-damage|p2b: Miraidon|37/100\n|move|p2b: Miraidon|Dazzling Gleam|p1b: Kyogre|[spread] p1a,p1b\n|-supereffective|p1a: Chien-Pao\n|-damage|p1a: Chien-Pao|0 fnt\n|-damage|p1b: Kyogre|29/100\n|faint|p1a: Chien-Pao\n|move|p1b: Kyogre|Ice Beam|p2b: Miraidon\n|-damage|p2b: Miraidon|9/100\n|\n|-weather|none\n|upkeep\n|turn|9\n|\n|t:|1745993155\n|move|p1b: Kyogre|Protect|p1b: Kyogre\n|-singleturn|p1b: Kyogre|Protect\n|move|p2b: Miraidon|Dazzling Gleam|p1b: Kyogre\n|-activate|p1b: Kyogre|move: Protect\n|\n|upkeep\n|turn|10\n|\n|t:|1745993158\n|move|p2b: Miraidon|Dazzling Gleam|p1b: Kyogre\n|-damage|p1b: Kyogre|0 fnt\n|faint|p1b: Kyogre\n|\n|win|Speedtiee\n||furretusedpunch is ready for game 2.\n||Speedtiee is ready for game 2.\n|uhtml|next|Next: <a href=\"/battle-gen9vgc2025regibo3-2353747824\"><strong>Game 2 of 3</strong></a>\n|l|\u2606Speedtiee\n|player|p2|\n|l|\u2606furretusedpunch\n|player|p1|\n", "uploadtime": 1745993159, "views": 6, "formatid": "gen9vgc2025regibo3", "rating": null, "private": 0, "password": null}