{"id": "gen9vgc2025regibo3-2353729294", "format": "[Gen 9] VGC 2025 Reg I (Bo3)", "players": ["dghdkgd", "lettitripppp"], "log": "|j|\u2606dghdkgd\n|j|\u2606lettitripppp\n|html|<table width=\"100%\"><tr><td align=\"left\">dghdkgd</td><td align=\"right\">lettitripppp</tr><tr><td align=\"left\"><i class=\"fa fa-circle-o\"></i> <i class=\"fa fa-circle-o\"></i> </td><td align=\"right\"><i class=\"fa fa-circle-o\"></i> <i class=\"fa fa-circle-o\"></i> </tr></table>\n|uhtml|bestof|<h2><strong>Game 1</strong> of <a href=\"/game-bestof3-gen9vgc2025regibo3-2353729293\">a best-of-3</a></h2>\n|t:|1745989916\n|gametype|doubles\n|player|p1|dghdkgd|265|1076\n|player|p2|lettitripppp|lucas|1094\n|teamsize|p1|6\n|teamsize|p2|6\n|gen|9\n|tier|[Gen 9] VGC 2025 Reg I (Bo3)\n|rated|\n|rule|Species Clause: Limit one of each Pok\u00e9mon\n|rule|Item Clause: Limit 1 of each item\n|clearpoke\n|poke|p1|Rayquaza, L50|\n|poke|p1|Solgaleo, L50|\n|poke|p1|Incineroar, L50, F|\n|poke|p1|Rillaboom, L50, F|\n|poke|p1|Flutter Mane, L50|\n|poke|p1|Gliscor, L50, M|\n|poke|p2|Calyrex-Ice, L50|\n|poke|p2|Miraidon, L50|\n|poke|p2|Grimmsnarl, L50, M|\n|poke|p2|Iron Treads, L50|\n|poke|p2|Ogerpon-Hearthflame, L50, F|\n|poke|p2|Urshifu-*, L50, M|\n|teampreview|4\n|showteam|p1|Rayquaza||ClearAmulet|AirLock|DragonAscent,ExtremeSpeed,Protect,SwordsDance||||||50|,,,,,Normal]Solgaleo||WeaknessPolicy|FullMetalBody|CloseCombat,KnockOff,SunsteelStrike,Protect||||||50|,,,,,Dark]Incineroar||SitrusBerry|Intimidate|PartingShot,KnockOff,FakeOut,FlareBlitz|||F|||50|,,,,,Grass]Rillaboom||AssaultVest|GrassySurge|HighHorsepower,Uturn,FakeOut,GrassyGlide|||F|||50|,,,,,Ground]Flutter Mane||BoosterEnergy|Protosynthesis|IcyWind,ShadowBall,Moonblast,Protect||||||50|,,,,,Fairy]Gliscor||RockyHelmet|HyperCutter|Tailwind,Earthquake,Protect,Feint|||M|||50|,,,,,Water\n|showteam|p2|Calyrex-Ice||ClearAmulet|AsOneGlastrier|HighHorsepower,GlacialLance,TrickRoom,Protect||||||50|,,,,,Fire]Miraidon||ChoiceSpecs|HadronEngine|DazzlingGleam,DracoMeteor,ElectroDrift,VoltSwitch||||||50|,,,,,Fairy]Grimmsnarl||LightClay|Prankster|ThunderWave,LightScreen,SpiritBreak,Reflect|||M|||50|,,,,,Ghost]Iron Treads||ChoiceBand|QuarkDrive|HighHorsepower,SteelRoller,RockSlide,IronHead||||||50|,,,,,Ghost]Ogerpon-Hearthflame||HearthflameMask|MoldBreaker|HornLeech,IvyCudgel,FollowMe,SpikyShield|||F|||50|,,,,,Fire]Urshifu||FocusSash|UnseenFist|CloseCombat,SuckerPunch,WickedBlow,Detect|||M|||50|,,,,,Stellar\n|inactive|Battle timer is ON: inactive players will automatically lose when time's up. (requested by dghdkgd)\n|inactive|lettitripppp has 60 seconds left.\n|\n|t:|1745989965\n|start\n|switch|p1a: Solgaleo|Solgaleo, L50, shiny|100/100\n|switch|p1b: Incineroar|Incineroar, L50, F, shiny|100/100\n|switch|p2a: Calyrex|Calyrex-Ice, L50|100/100\n|switch|p2b: Ogerpon|Ogerpon-Hearthflame, L50, F|100/100\n|-ability|p2a: Calyrex|As One\n|-ability|p2a: Calyrex|Unnerve\n|-ability|p2b: Ogerpon|Mold Breaker\n|-ability|p1b: Incineroar|Intimidate|boost\n|-fail|p2a: Calyrex|unboost|[from] item: Clear Amulet|[of] p2a: Calyrex\n|-unboost|p2b: Ogerpon|atk|1\n|turn|1\n|\n|t:|1745989981\n|move|p2b: Ogerpon|Follow Me|p2b: Ogerpon\n|-singleturn|p2b: Ogerpon|move: Follow Me\n|move|p1a: Solgaleo|Knock Off|p2b: Ogerpon\n|-damage|p2b: Ogerpon|71/100\n|move|p1b: Incineroar|Parting Shot|p2b: Ogerpon\n|-unboost|p2b: Ogerpon|atk|1\n|-unboost|p2b: Ogerpon|spa|1\n|\n|t:|1745989989\n|switch|p1b: Gliscor|Gliscor, L50, M, shiny|100/100|[from] Parting Shot\n|move|p2a: Calyrex|Trick Room|p2a: Calyrex\n|-fieldstart|move: Trick Room|[of] p2a: Calyrex\n|\n|upkeep\n|turn|2\n|inactive|dghdkgd has 30 seconds left.\n|\n|t:|1745990021\n|-terastallize|p2a: Calyrex|Fire\n|-terastallize|p1b: Gliscor|Water\n|move|p1b: Gliscor|Feint|p2a: Calyrex\n|-damage|p2a: Calyrex|95/100\n|move|p2a: Calyrex|Glacial Lance|p1a: Solgaleo|[spread] p1a,p1b\n|-resisted|p1a: Solgaleo\n|-resisted|p1b: Gliscor\n|-damage|p1a: Solgaleo|78/100\n|-damage|p1b: Gliscor|72/100\n|move|p1a: Solgaleo|Sunsteel Strike|p2a: Calyrex\n|-resisted|p2a: Calyrex\n|-damage|p2a: Calyrex|76/100\n|move|p2b: Ogerpon|Ivy Cudgel|p1a: Solgaleo|[anim] Ivy Cudgel Fire\n|-supereffective|p1a: Solgaleo\n|-damage|p1a: Solgaleo|34/100\n|-enditem|p1a: Solgaleo|Weakness Policy\n|-boost|p1a: Solgaleo|atk|2|[from] item: Weakness Policy\n|-boost|p1a: Solgaleo|spa|2|[from] item: Weakness Policy\n|\n|upkeep\n|turn|3\n|inactive|dghdkgd has 30 seconds left.\n|inactive|dghdkgd has 20 seconds left.\n|\n|t:|1745990058\n|move|p1a: Solgaleo|Protect|p1a: Solgaleo\n|-singleturn|p1a: Solgaleo|Protect\n|move|p2a: Calyrex|Glacial Lance|p1b: Gliscor|[spread] p1b\n|-activate|p1a: Solgaleo|move: Protect\n|-resisted|p1b: Gliscor\n|-damage|p1b: Gliscor|47/100\n|move|p2b: Ogerpon|Ivy Cudgel|p1a: Solgaleo|[anim] Ivy Cudgel Fire\n|-activate|p1a: Solgaleo|move: Protect\n|move|p1b: Gliscor|Earthquake|p2b: Ogerpon|[spread] p2a,p2b\n|-activate|p1a: Solgaleo|move: Protect\n|-supereffective|p2a: Calyrex\n|-damage|p2a: Calyrex|40/100\n|-damage|p2b: Ogerpon|36/100\n|\n|upkeep\n|turn|4\n|inactive|dghdkgd has 30 seconds left.\n|\n|t:|1745990086\n|switch|p1b: Incineroar|Incineroar, L50, F, shiny|100/100\n|-ability|p1b: Incineroar|Intimidate|boost\n|-fail|p2a: Calyrex|unboost|[from] item: Clear Amulet|[of] p2a: Calyrex\n|-unboost|p2b: Ogerpon|atk|1\n|move|p2a: Calyrex|Glacial Lance|p1a: Solgaleo|[spread] p1a,p1b\n|-resisted|p1a: Solgaleo\n|-crit|p1a: Solgaleo\n|-resisted|p1b: Incineroar\n|-damage|p1a: Solgaleo|0 fnt\n|-damage|p1b: Incineroar|76/100\n|faint|p1a: Solgaleo\n|-ability|p2a: Calyrex|Chilling Neigh|boost\n|-boost|p2a: Calyrex|atk|1\n|move|p2b: Ogerpon|Ivy Cudgel|p1b: Incineroar|[anim] Ivy Cudgel Fire\n|-resisted|p1b: Incineroar\n|-damage|p1b: Incineroar|66/100\n|\n|upkeep\n|\n|t:|1745990098\n|switch|p1a: Flutter Mane|Flutter Mane, L50, shiny|100/100\n|-enditem|p1a: Flutter Mane|Booster Energy\n|-activate|p1a: Flutter Mane|ability: Protosynthesis|[fromitem]\n|-start|p1a: Flutter Mane|protosynthesisspe\n|turn|5\n|\n|t:|1745990107\n|move|p1a: Flutter Mane|Protect|p1a: Flutter Mane\n|-singleturn|p1a: Flutter Mane|Protect\n|move|p2a: Calyrex|Glacial Lance|p1a: Flutter Mane|[spread] p1b\n|-activate|p1a: Flutter Mane|move: Protect\n|-resisted|p1b: Incineroar\n|-damage|p1b: Incineroar|32/100\n|move|p1b: Incineroar|Knock Off|p2a: Calyrex\n|-damage|p2a: Calyrex|15/100\n|-enditem|p2a: Calyrex|Clear Amulet|[from] move: Knock Off|[of] p1b: Incineroar\n|move|p2b: Ogerpon|Ivy Cudgel|p1a: Flutter Mane|[anim] Ivy Cudgel Fire\n|-activate|p1a: Flutter Mane|move: Protect\n|\n|-fieldend|move: Trick Room\n|upkeep\n|turn|6\n|\n|t:|1745990129\n|move|p2b: Ogerpon|Follow Me|p2b: Ogerpon\n|-singleturn|p2b: Ogerpon|move: Follow Me\n|move|p1a: Flutter Mane|Shadow Ball|p2b: Ogerpon\n|-damage|p2b: Ogerpon|0 fnt\n|faint|p2b: Ogerpon\n|move|p1b: Incineroar|Knock Off|p2a: Calyrex\n|-damage|p2a: Calyrex|0 fnt\n|-enditem|p1b: Incineroar|Sitrus Berry|[eat]\n|-heal|p1b: Incineroar|56/100|[from] item: Sitrus Berry\n|faint|p2a: Calyrex\n|\n|upkeep\n|\n|t:|1745990139\n|switch|p2b: Urshifu|Urshifu, L50, M|100/100\n|switch|p2a: Miraidon|Miraidon, L50|100/100\n|-fieldstart|move: Electric Terrain|[from] ability: Hadron Engine|[of] p2a: Miraidon\n|turn|7\n|\n|t:|1745990160\n|switch|p1b: Gliscor|Gliscor, L50, M, shiny, tera:Water|47/100\n|move|p1a: Flutter Mane|Protect|p1a: Flutter Mane\n|-singleturn|p1a: Flutter Mane|Protect\n|move|p2a: Miraidon|Electro Drift|p1a: Flutter Mane\n|-activate|p1a: Flutter Mane|move: Protect\n|move|p2b: Urshifu|Close Combat|p1b: Gliscor\n|-damage|p1b: Gliscor|0 fnt\n|-unboost|p2b: Urshifu|def|1\n|-unboost|p2b: Urshifu|spd|1\n|-damage|p2b: Urshifu|84/100|[from] item: Rocky Helmet|[of] p1b: Gliscor\n|faint|p1b: Gliscor\n|\n|upkeep\n|\n|t:|1745990171\n|switch|p1b: Incineroar|Incineroar, L50, F, shiny|56/100\n|-ability|p1b: Incineroar|Intimidate|boost\n|-unboost|p2a: Miraidon|atk|1\n|-unboost|p2b: Urshifu|atk|1\n|turn|8\n|\n|t:|1745990191\n|move|p2b: Urshifu|Detect|p2b: Urshifu\n|-singleturn|p2b: Urshifu|Protect\n|move|p1b: Incineroar|Fake Out|p2a: Miraidon\n|-damage|p2a: Miraidon|91/100\n|move|p1a: Flutter Mane|Moonblast|p2b: Urshifu\n|-activate|p2b: Urshifu|move: Protect\n|cant|p2a: Miraidon|flinch\n|\n|upkeep\n|turn|9\n|inactive|dghdkgd has 30 seconds left.\n|\n|t:|1745990218\n|move|p1a: Flutter Mane|Moonblast|p2a: Miraidon\n|-supereffective|p2a: Miraidon\n|-damage|p2a: Miraidon|8/100\n|move|p2a: Miraidon|Electro Drift|p1a: Flutter Mane\n|-damage|p1a: Flutter Mane|0 fnt\n|faint|p1a: Flutter Mane\n|-end|p1a: Flutter Mane|Protosynthesis|[silent]\n|move|p2b: Urshifu|Close Combat|p1b: Incineroar\n|-supereffective|p1b: Incineroar\n|-damage|p1b: Incineroar|0 fnt\n|-unboost|p2b: Urshifu|def|1\n|-unboost|p2b: Urshifu|spd|1\n|faint|p1b: Incineroar\n|\n|win|lettitripppp\n||dghdkgd is ready for game 2.\n|inactive|lettitripppp has 30 seconds to confirm battle start!\n||lettitripppp is ready for game 2.\n|uhtml|next|Next: <a href=\"/battle-gen9vgc2025regibo3-2353731156\"><strong>Game 2 of 3</strong></a>\n|l|\u2606lettitripppp\n|player|p2|\n|l|\u2606dghdkgd\n|player|p1|\n", "uploadtime": 1745990614, "views": 22, "formatid": "gen9vgc2025regibo3", "rating": null, "private": 0, "password": null}