{"id": "gen9vgc2025regibo3-2354381094", "format": "[Gen 9] VGC 2025 Reg I (Bo3)", "players": ["ControlGeek", "Todra507"], "log": "|j|\u2606ControlGeek\n|j|\u2606Todra507\n|html|<table width=\"100%\"><tr><td align=\"left\">ControlGeek</td><td align=\"right\">Todra507</tr><tr><td align=\"left\"><i class=\"fa fa-circle-o\"></i> <i class=\"fa fa-circle-o\"></i> </td><td align=\"right\"><i class=\"fa fa-circle-o\"></i> <i class=\"fa fa-circle\"></i> </tr></table>\n|uhtml|bestof|<h2><strong>Game 2</strong> of <a href=\"/game-bestof3-gen9vgc2025regibo3-2354379342\">a best-of-3</a></h2>\n|t:|1746064348\n|gametype|doubles\n|player|p1|ControlGeek|102|\n|player|p2|Todra507|101|\n|teamsize|p1|6\n|teamsize|p2|6\n|gen|9\n|tier|[Gen 9] VGC 2025 Reg I (Bo3)\n|rule|Species Clause: Limit one of each Pok\u00e9mon\n|rule|Item Clause: Limit 1 of each item\n|clearpoke\n|poke|p1|Koraidon, L50|\n|poke|p1|Lunala, L50|\n|poke|p1|Whimsicott, L50, F|\n|poke|p1|Entei, L50|\n|poke|p1|Scream Tail, L50|\n|poke|p1|Volcarona, L50, F|\n|poke|p2|Zamazenta-*, L50|\n|poke|p2|Calyrex-Shadow, L50|\n|poke|p2|Tornadus, L50, M|\n|poke|p2|Urshifu-*, L50, M|\n|poke|p2|Rillaboom, L50, F|\n|poke|p2|Chien-Pao, L50|\n|teampreview|4\n|showteam|p1|Koraidon||LifeOrb|OrichalcumPulse|CloseCombat,FlareBlitz,FlameCharge,Protect||||||50|,,,,,Fire]Lunala||PowerHerb|ShadowShield|MoongeistBeam,MeteorBeam,TrickRoom,WideGuard||||||50|,,,,,Fairy]Whimsicott||FocusSash|Prankster|Moonblast,Tailwind,SunnyDay,MistyTerrain|||F|||50|,,,,,Ghost]Entei||ChoiceBand|InnerFocus|SacredFire,ExtremeSpeed,StompingTantrum,Crunch||||||50|,,,,,Normal]Scream Tail||BoosterEnergy|Protosynthesis|Encore,Disable,DazzlingGleam,Protect||||||50|,,,,,Fairy]Volcarona||RockyHelmet|FlameBody|Overheat,RagePowder,StruggleBug,Protect|||F|||50|,,,,,Grass\n|showteam|p2|Zamazenta-Crowned||RustedShield|DauntlessShield|BodyPress,HeavySlam,WideGuard,Protect||||||50|,,,,,Ghost]Calyrex-Shadow||FocusSash|AsOneSpectrier|AstralBarrage,Psychic,Encore,Protect||||||50|,,,,,Ghost]Tornadus||RockyHelmet|Prankster|BleakwindStorm,Tailwind,RainDance,Protect|||M|||50|,,,,,Dark]Urshifu-Rapid-Strike||MysticWater|UnseenFist|SurgingStrikes,CloseCombat,AquaJet,Detect|||M|||50|,,,,,Water]Rillaboom||AssaultVest|GrassySurge|WoodHammer,GrassyGlide,Uturn,FakeOut|||F|||50|,,,,,Fire]Chien-Pao||LifeOrb|SwordofRuin|SuckerPunch,IcicleCrash,IceShard,Protect||||||50|,,,,,Stellar\n|l|\u2606Todra507\n|player|p2|\n|j|\u2606Todra507\n|player|p2|Todra507|101|\n|inactive|Battle timer is ON: inactive players will automatically lose when time's up. (requested by Todra507)\n|\n|t:|1746064380\n|start\n|switch|p1a: Joyboy|Koraidon, L50|100/100\n|switch|p1b: Khonshu|Lunala, L50|100/100\n|switch|p2a: Calyrex|Calyrex-Shadow, L50|100/100\n|switch|p2b: Tornadus|Tornadus, L50, M|100/100\n|-ability|p2a: Calyrex|As One\n|-ability|p2a: Calyrex|Unnerve\n|-weather|SunnyDay|[from] ability: Orichalcum Pulse|[of] p1a: Joyboy\n|-activate|p1a: Joyboy|Orichalcum Pulse|[source]\n|turn|1\n|\n|t:|1746064398\n|switch|p1a: Flame Emperor|Entei, L50|100/100\n|-terastallize|p1b: Khonshu|Fairy\n|move|p2b: Tornadus|Rain Dance|p2b: Tornadus\n|-weather|RainDance\n|move|p2a: Calyrex|Astral Barrage|p1a: Flame Emperor|[spread] p1a,p1b\n|-damage|p1a: Flame Emperor|35/100\n|-damage|p1b: Khonshu|83/100\n|move|p1b: Khonshu|Trick Room|p1b: Khonshu\n|-fieldstart|move: Trick Room|[of] p1b: Khonshu\n|\n|-weather|RainDance|[upkeep]\n|upkeep\n|turn|2\n|\n|t:|1746064422\n|switch|p2b: Urshifu|Urshifu-Rapid-Strike, L50, M|100/100\n|-terastallize|p2a: Calyrex|Ghost\n|move|p1b: Khonshu|Meteor Beam||[still]\n|-prepare|p1b: Khonshu|Meteor Beam\n|-boost|p1b: Khonshu|spa|1\n|-enditem|p1b: Khonshu|Power Herb\n|-anim|p1b: Khonshu|Meteor Beam|p2b: Urshifu\n|-resisted|p2b: Urshifu\n|-damage|p2b: Urshifu|47/100\n|move|p1a: Flame Emperor|Crunch|p2a: Calyrex\n|-supereffective|p2a: Calyrex\n|-enditem|p2a: Calyrex|Focus Sash\n|-damage|p2a: Calyrex|1/100\n|move|p2a: Calyrex|Astral Barrage|p1b: Khonshu|[spread] p1a,p1b\n|-damage|p1a: Flame Emperor|0 fnt\n|-damage|p1b: Khonshu|37/100\n|faint|p1a: Flame Emperor\n|-ability|p2a: Calyrex|Grim Neigh|boost\n|-boost|p2a: Calyrex|spa|1\n|\n|-weather|RainDance|[upkeep]\n|upkeep\n|\n|t:|1746064441\n|switch|p1a: Joyboy|Koraidon, L50|100/100\n|-weather|SunnyDay|[from] ability: Orichalcum Pulse|[of] p1a: Joyboy\n|-activate|p1a: Joyboy|Orichalcum Pulse|[source]\n|turn|3\n|\n|t:|1746064458\n|move|p2a: Calyrex|Protect|p2a: Calyrex\n|-singleturn|p2a: Calyrex|Protect\n|move|p1b: Khonshu|Moongeist Beam|p2a: Calyrex\n|-activate|p2a: Calyrex|move: Protect\n|move|p2b: Urshifu|Close Combat|p1b: Khonshu\n|-resisted|p1b: Khonshu\n|-damage|p1b: Khonshu|10/100\n|-unboost|p2b: Urshifu|def|1\n|-unboost|p2b: Urshifu|spd|1\n|move|p1a: Joyboy|Close Combat|p2b: Urshifu\n|-damage|p2b: Urshifu|0 fnt\n|-unboost|p1a: Joyboy|def|1\n|-unboost|p1a: Joyboy|spd|1\n|faint|p2b: Urshifu\n|-damage|p1a: Joyboy|91/100|[from] item: Life Orb\n|\n|-weather|SunnyDay|[upkeep]\n|upkeep\n|\n|t:|1746064464\n|switch|p2b: Chien-Pao|Chien-Pao, L50|100/100\n|-ability|p2b: Chien-Pao|Sword of Ruin\n|turn|4\n|\n|t:|1746064488\n|move|p1b: Khonshu|Wide Guard|p1b: Khonshu\n|-singleturn|p1b: Khonshu|Wide Guard\n|move|p2b: Chien-Pao|Ice Shard|p1b: Khonshu\n|-damage|p1b: Khonshu|0 fnt\n|faint|p1b: Khonshu\n|-damage|p2b: Chien-Pao|91/100|[from] item: Life Orb\n|move|p1a: Joyboy|Flame Charge|p2a: Calyrex\n|-damage|p2a: Calyrex|0 fnt\n|-boost|p1a: Joyboy|spe|1\n|faint|p2a: Calyrex\n|-damage|p1a: Joyboy|81/100|[from] item: Life Orb\n|\n|-weather|SunnyDay|[upkeep]\n|upkeep\n|\n|t:|1746064503\n|switch|p1b: Puffle|Whimsicott, L50, F|100/100\n|switch|p2a: Tornadus|Tornadus, L50, M|100/100\n|turn|5\n|\n|t:|1746064519\n|move|p1a: Joyboy|Protect|p1a: Joyboy\n|-singleturn|p1a: Joyboy|Protect\n|move|p2a: Tornadus|Rain Dance|p2a: Tornadus\n|-weather|RainDance\n|move|p1b: Puffle|Moonblast|p2b: Chien-Pao\n|-supereffective|p2b: Chien-Pao\n|-damage|p2b: Chien-Pao|0 fnt\n|faint|p2b: Chien-Pao\n|\n|-weather|RainDance|[upkeep]\n|-fieldend|move: Trick Room\n|upkeep\n|turn|6\n|\n|t:|1746064535\n|move|p1b: Puffle|Sunny Day|p1b: Puffle\n|-weather|SunnyDay\n|move|p1a: Joyboy|Flare Blitz|p2a: Tornadus\n|-damage|p2a: Tornadus|3/100\n|-damage|p1a: Joyboy|65/100|[from] item: Rocky Helmet|[of] p2a: Tornadus\n|-damage|p1a: Joyboy|31/100|[from] Recoil\n|-damage|p1a: Joyboy|21/100|[from] item: Life Orb\n|move|p2a: Tornadus|Bleakwind Storm|p1b: Puffle|[spread] p1a,p1b\n|-supereffective|p1a: Joyboy\n|-supereffective|p1b: Puffle\n|-damage|p1a: Joyboy|0 fnt\n|-damage|p1b: Puffle|3/100\n|-unboost|p1b: Puffle|spe|1\n|faint|p1a: Joyboy\n|\n|-weather|SunnyDay|[upkeep]\n|upkeep\n|turn|7\n|\n|t:|1746064550\n|move|p2a: Tornadus|Bleakwind Storm|p1b: Puffle\n|-supereffective|p1b: Puffle\n|-damage|p1b: Puffle|0 fnt\n|faint|p1b: Puffle\n|\n|win|Todra507\n|l|\u2606ControlGeek\n|player|p1|\n|j| Just Sherp\n", "uploadtime": 1746064555, "views": 25, "formatid": "gen9vgc2025regibo3", "rating": null, "private": 0, "password": null}