{"id": "gen9vgc2025regibo3-2354741519", "format": "[Gen 9] VGC 2025 Reg I (Bo3)", "players": ["Big Willy J", "lokkont"], "log": "|j|\u2606Big Willy J\n|j|\u2606lokkont\n|html|<table width=\"100%\"><tr><td align=\"left\">Big Willy J</td><td align=\"right\">lokkont</tr><tr><td align=\"left\"><i class=\"fa fa-circle\"></i> <i class=\"fa fa-circle-o\"></i> </td><td align=\"right\"><i class=\"fa fa-circle-o\"></i> <i class=\"fa fa-circle-o\"></i> </tr></table>\n|uhtml|bestof|<h2><strong>Game 2</strong> of <a href=\"/game-bestof3-gen9vgc2025regibo3-2354736936\">a best-of-3</a></h2>\n|t:|1746115700\n|gametype|doubles\n|player|p1|Big Willy J|169|1323\n|player|p2|lokkont|101|1226\n|teamsize|p1|6\n|teamsize|p2|6\n|gen|9\n|tier|[Gen 9] VGC 2025 Reg I (Bo3)\n|rated|\n|rule|Species Clause: Limit one of each Pok\u00e9mon\n|rule|Item Clause: Limit 1 of each item\n|clearpoke\n|poke|p1|Miraidon, L50|\n|poke|p1|Calyrex-Ice, L50|\n|poke|p1|Iron Hands, L50|\n|poke|p1|Farigiraf, L50, F|\n|poke|p1|Ursaluna-Bloodmoon, L50, M|\n|poke|p1|Ogerpon, L50, F|\n|poke|p2|Calyrex-Shadow, L50|\n|poke|p2|Zamazenta-*, L50|\n|poke|p2|Urshifu-*, L50, M|\n|poke|p2|Rillaboom, L50, M|\n|poke|p2|Incineroar, L50, M|\n|poke|p2|Pelipper, L50, F|\n|teampreview|4\n|showteam|p1|Miraidon||ChoiceScarf|HadronEngine|ElectroDrift,VoltSwitch,DracoMeteor,Snarl||||||50|,,,,,Electric]Calyrex-Ice||ClearAmulet|AsOneGlastrier|GlacialLance,HighHorsepower,TrickRoom,Protect||||||50|,,,,,Fire]Iron Hands||AssaultVest|QuarkDrive|DrainPunch,LowKick,WildCharge,FakeOut||||||50|,,,,,Water]Farigiraf||ElectricSeed|ArmorTail|TrickRoom,Psychic,FoulPlay,HelpingHand|||F|||50|,,,,,Water]Ursaluna-Bloodmoon||LifeOrb|MindsEye|Protect,HyperVoice,EarthPower,BloodMoon|||M|||50|,,,,,Normal]Ogerpon||FocusSash|Defiant|SpikyShield,IvyCudgel,FollowMe,Taunt|||F|||50|,,,,,Grass\n|showteam|p2|Calyrex-Shadow||LifeOrb|AsOneSpectrier|Protect,AstralBarrage,Substitute,Psychic||||||50|,,,,,Dark]Zamazenta-Crowned||RustedShield|DauntlessShield|HeavySlam,BodyPress,Protect,WideGuard||||||50|,,,,,Dragon]Urshifu-Rapid-Strike||ChoiceScarf|UnseenFist|SurgingStrikes,CloseCombat,AquaJet,Uturn|||M|||50|,,,,,Ghost]Rillaboom||AssaultVest|GrassySurge|FakeOut,GrassyGlide,WoodHammer,Uturn|||M|||50|,,,,,Fire]Incineroar||SafetyGoggles|Intimidate|FakeOut,WillOWisp,KnockOff,PartingShot|||M|||50|,,,,,Bug]Pelipper||FocusSash|Drizzle|WeatherBall,Hurricane,Tailwind,Protect|||F|||50|,,,,,Ghost\n|inactive|Battle timer is ON: inactive players will automatically lose when time's up. (requested by Big Willy J)\n|inactive|lokkont has 60 seconds left.\n|\n|t:|1746115732\n|start\n|switch|p1a: Miraidon|Miraidon, L50|100/100\n|switch|p1b: Farigiraf|Farigiraf, L50, F|100/100\n|switch|p2a: Rillaboom|Rillaboom, L50, M|100/100\n|switch|p2b: Zamazenta|Zamazenta-Crowned, L50|100/100\n|-fieldstart|move: Electric Terrain|[from] ability: Hadron Engine|[of] p1a: Miraidon\n|-enditem|p1b: Farigiraf|Electric Seed\n|-boost|p1b: Farigiraf|def|1|[from] item: Electric Seed\n|-ability|p2b: Zamazenta|Dauntless Shield|boost\n|-boost|p2b: Zamazenta|def|1\n|-fieldstart|move: Grassy Terrain|[from] ability: Grassy Surge|[of] p2a: Rillaboom\n|turn|1\n|inactive|Big Willy J has 30 seconds left.\n|inactive|Big Willy J has 20 seconds left.\n|inactive|Big Willy J has 15 seconds left.\n|inactive|Big Willy J has 10 seconds left.\n|inactive|Big Willy J has 5 seconds left.\n|\n|t:|1746115787\n|-terastallize|p2b: Zamazenta|Dragon\n|move|p1a: Miraidon|Electro Drift|p2a: Rillaboom\n|-resisted|p2a: Rillaboom\n|-damage|p2a: Rillaboom|81/100\n|move|p2b: Zamazenta|Body Press|p1b: Farigiraf\n|-damage|p1b: Farigiraf|63/100\n|move|p2a: Rillaboom|U-turn|p1b: Farigiraf\n|-supereffective|p1b: Farigiraf\n|-damage|p1b: Farigiraf|37/100\n|\n|t:|1746115798\n|switch|p2a: Incineroar|Incineroar, L50, M|100/100|[from] U-turn\n|-ability|p2a: Incineroar|Intimidate|boost\n|-unboost|p1a: Miraidon|atk|1\n|-unboost|p1b: Farigiraf|atk|1\n|move|p1b: Farigiraf|Trick Room|p1b: Farigiraf\n|-fieldstart|move: Trick Room|[of] p1b: Farigiraf\n|\n|-heal|p1b: Farigiraf|43/100|[from] Grassy Terrain\n|upkeep\n|turn|2\n|\n|t:|1746115821\n|switch|p1a: Ogerpon|Ogerpon, L50, F|100/100\n|move|p1b: Farigiraf|Psychic|p2b: Zamazenta\n|-crit|p2b: Zamazenta\n|-damage|p2b: Zamazenta|61/100\n|move|p2a: Incineroar|Knock Off|p1b: Farigiraf\n|-supereffective|p1b: Farigiraf\n|-damage|p1b: Farigiraf|15/100\n|move|p2b: Zamazenta|Body Press|p1a: Ogerpon\n|-enditem|p1a: Ogerpon|Focus Sash\n|-damage|p1a: Ogerpon|1/100\n|\n|-heal|p1b: Farigiraf|22/100|[from] Grassy Terrain\n|-heal|p1a: Ogerpon|7/100|[from] Grassy Terrain\n|-heal|p2b: Zamazenta|67/100|[from] Grassy Terrain\n|upkeep\n|turn|3\n|\n|t:|1746115840\n|move|p1a: Ogerpon|Spiky Shield|p1a: Ogerpon\n|-singleturn|p1a: Ogerpon|move: Protect\n|move|p1b: Farigiraf|Psychic|p2b: Zamazenta\n|-damage|p2b: Zamazenta|39/100\n|move|p2a: Incineroar|Knock Off|p1a: Ogerpon\n|-activate|p1a: Ogerpon|move: Protect\n|-damage|p2a: Incineroar|88/100|[from] Spiky Shield|[of] p1a: Ogerpon\n|move|p2b: Zamazenta|Body Press|p1b: Farigiraf\n|-damage|p1b: Farigiraf|0 fnt\n|faint|p1b: Farigiraf\n|\n|-heal|p2a: Incineroar|94/100|[from] Grassy Terrain\n|-heal|p1a: Ogerpon|13/100|[from] Grassy Terrain\n|-heal|p2b: Zamazenta|45/100|[from] Grassy Terrain\n|upkeep\n|\n|t:|1746115844\n|switch|p1b: Ursaluna|Ursaluna-Bloodmoon, L50, M|100/100\n|turn|4\n|\n|t:|1746115869\n|switch|p2a: Rillaboom|Rillaboom, L50, M|81/100\n|switch|p1a: Miraidon|Miraidon, L50|100/100\n|-fieldstart|move: Electric Terrain|[from] ability: Hadron Engine|[of] p1a: Miraidon\n|-terastallize|p1b: Ursaluna|Normal\n|move|p2b: Zamazenta|Protect|p2b: Zamazenta\n|-singleturn|p2b: Zamazenta|Protect\n|move|p1b: Ursaluna|Hyper Voice|p2a: Rillaboom|[spread] p2a\n|-activate|p2b: Zamazenta|move: Protect\n|-damage|p2a: Rillaboom|31/100\n|-damage|p1b: Ursaluna|91/100|[from] item: Life Orb\n|\n|upkeep\n|turn|5\n|inactive|lokkont has 30 seconds left.\n|inactive|lokkont has 20 seconds left.\n|\n|t:|1746115907\n|move|p1b: Ursaluna|Protect|p1b: Ursaluna\n|-singleturn|p1b: Ursaluna|Protect\n|move|p2a: Rillaboom|Fake Out|p1b: Ursaluna\n|-activate|p1b: Ursaluna|move: Protect\n|move|p2b: Zamazenta|Body Press|p1b: Ursaluna\n|-activate|p1b: Ursaluna|move: Protect\n|move|p1a: Miraidon|Electro Drift|p2b: Zamazenta\n|-resisted|p2b: Zamazenta\n|-damage|p2b: Zamazenta|2/100\n|\n|-fieldend|move: Trick Room\n|upkeep\n|turn|6\n|\n|t:|1746115921\n|switch|p2a: Incineroar|Incineroar, L50, M|94/100\n|-ability|p2a: Incineroar|Intimidate|boost\n|-unboost|p1a: Miraidon|atk|1\n|-unboost|p1b: Ursaluna|atk|1\n|move|p2b: Zamazenta|Protect|p2b: Zamazenta\n|-singleturn|p2b: Zamazenta|Protect\n|move|p1a: Miraidon|Electro Drift|p2a: Incineroar\n|-damage|p2a: Incineroar|0 fnt\n|faint|p2a: Incineroar\n|move|p1b: Ursaluna|Hyper Voice|p2b: Zamazenta\n|-activate|p2b: Zamazenta|move: Protect\n|\n|upkeep\n|\n|t:|1746115930\n|switch|p2a: Rillaboom|Rillaboom, L50, M|31/100\n|-fieldstart|move: Grassy Terrain|[from] ability: Grassy Surge|[of] p2a: Rillaboom\n|turn|7\n|\n|t:|1746115943\n|switch|p1a: Ogerpon|Ogerpon, L50, F|13/100\n|move|p2a: Rillaboom|Fake Out|p1a: Ogerpon\n|-damage|p1a: Ogerpon|0 fnt\n|faint|p1a: Ogerpon\n|move|p2b: Zamazenta|Body Press|p1b: Ursaluna\n|-supereffective|p1b: Ursaluna\n|-damage|p1b: Ursaluna|0 fnt\n|faint|p1b: Ursaluna\n|\n|-heal|p2b: Zamazenta|8/100|[from] Grassy Terrain\n|-heal|p2a: Rillaboom|37/100|[from] Grassy Terrain\n|upkeep\n|\n|t:|1746115951\n|switch|p1b: Miraidon|Miraidon, L50|100/100\n|-fieldstart|move: Electric Terrain|[from] ability: Hadron Engine|[of] p1b: Miraidon\n|turn|8\n|\n|t:|1746115958\n|move|p1b: Miraidon|Electro Drift|p2b: Zamazenta\n|-resisted|p2b: Zamazenta\n|-damage|p2b: Zamazenta|0 fnt\n|faint|p2b: Zamazenta\n|move|p2a: Rillaboom|U-turn|p1b: Miraidon\n|-damage|p1b: Miraidon|76/100\n|\n|t:|1746115962\n|switch|p2a: Calyrex|Calyrex-Shadow, L50|100/100|[from] U-turn\n|-ability|p2a: Calyrex|As One\n|-ability|p2a: Calyrex|Unnerve\n|\n|upkeep\n|\n|t:|1746115964\n|switch|p2b: Rillaboom|Rillaboom, L50, M|37/100\n|-fieldstart|move: Grassy Terrain|[from] ability: Grassy Surge|[of] p2b: Rillaboom\n|turn|9\n|-message|Big Willy J forfeited.\n|\n|win|lokkont\n||Big Willy J is ready for game 3.\n||lokkont is ready for game 3.\n|uhtml|next|Next: <a href=\"/battle-gen9vgc2025regibo3-2354744601\"><strong>Game 3 of 3</strong></a>\n|l|\u2606Big Willy J\n|player|p1|\n", "uploadtime": 1746116200, "views": 23, "formatid": "gen9vgc2025regibo3", "rating": null, "private": 0, "password": null}