{"id": "gen9vgc2025regibo3-2353709669", "format": "[Gen 9] VGC 2025 Reg I (Bo3)", "players": ["susurider", "Regei"], "log": "|j|\u2606susurider\n|j|\u2606Regei\n|html|<table width=\"100%\"><tr><td align=\"left\">susurider</td><td align=\"right\">Regei</tr><tr><td align=\"left\"><i class=\"fa fa-circle-o\"></i> <i class=\"fa fa-circle-o\"></i> </td><td align=\"right\"><i class=\"fa fa-circle-o\"></i> <i class=\"fa fa-circle-o\"></i> </tr></table>\n|uhtml|bestof|<h2><strong>Game 1</strong> of <a href=\"/game-bestof3-gen9vgc2025regibo3-2353709666\">a best-of-3</a></h2>\n|t:|1745986803\n|gametype|doubles\n|player|p1|susurider|265|1091\n|player|p2|Regei|ghetsis|1093\n|teamsize|p1|6\n|teamsize|p2|6\n|gen|9\n|tier|[Gen 9] VGC 2025 Reg I (Bo3)\n|rated|\n|rule|Species Clause: Limit one of each Pok\u00e9mon\n|rule|Item Clause: Limit 1 of each item\n|clearpoke\n|poke|p1|Chi-Yu, L50|\n|poke|p1|Calyrex-Shadow, L50|\n|poke|p1|Zacian-*, L50|\n|poke|p1|Indeedee-F, L50, F|\n|poke|p1|Incineroar, L50, F|\n|poke|p1|Amoonguss, L50, M|\n|poke|p2|Miraidon, L50|\n|poke|p2|Ho-Oh, L50|\n|poke|p2|Iron Hands, L50|\n|poke|p2|Iron Treads, L50|\n|poke|p2|Urshifu-*, L50, M|\n|poke|p2|Farigiraf, L50, M|\n|teampreview|4\n|showteam|p1|Chi-Yu||ChoiceScarf|BeadsofRuin|Snarl,HeatWave,DarkPulse,Overheat||||||50|,,,,,Ghost]Calyrex-Shadow||CovertCloak|AsOneSpectrier|AstralBarrage,ExpandingForce,Protect,NastyPlot||||||50|,,,,,Water]Zacian-Crowned||RustedSword|IntrepidSword|PlayRough,behemothblade,SacredSword,Protect||||||50|,,,,,Fairy]Indeedee-F||SafetyGoggles|PsychicSurge|FollowMe,SkillSwap,Psychic,TrickRoom|||F|||50|,,,,,Dark]Incineroar||SitrusBerry|Intimidate|FakeOut,KnockOff,PartingShot,FlareBlitz|||F|||50|,,,,,Ghost]Amoonguss||RockyHelmet|Regenerator|SludgeBomb,Spore,RagePowder,Protect|||M|||50|,,,,,Water\n|showteam|p2|Miraidon||ChoiceSpecs|HadronEngine|VoltSwitch,DazzlingGleam,DracoMeteor,ElectroDrift||||||50|,,,,,Fairy]Ho-Oh||ClearAmulet|Regenerator|SacredFire,BraveBird,Tailwind,Protect||||||50|,,,,,Grass]Iron Hands||AssaultVest|QuarkDrive|DrainPunch,WildCharge,FakeOut,VoltSwitch||||||50|,,,,,Water]Iron Treads||LifeOrb|QuarkDrive|HighHorsepower,Protect,SteelRoller,KnockOff||||||50|,,,,,Ghost]Urshifu-Rapid-Strike||FocusSash|UnseenFist|SurgingStrikes,CloseCombat,AquaJet,Protect|||M|||50|,,,,,Stellar]Farigiraf||ElectricSeed|ArmorTail|FoulPlay,TwinBeam,HelpingHand,TrickRoom|||M|||50|,,,,,Water\n|inactive|Battle timer is ON: inactive players will automatically lose when time's up. (requested by susurider)\n|inactive|susurider has 60 seconds left.\n|inactive|Regei has 60 seconds left.\n|inactive|Regei has 30 seconds left.\n|\n|t:|1745986872\n|start\n|switch|p1a: Calyrex|Calyrex-Shadow, L50|100/100\n|switch|p1b: Chi-Yu|Chi-Yu, L50|100/100\n|switch|p2a: Ho-Oh|Ho-Oh, L50|100/100\n|switch|p2b: Iron Treads|Iron Treads, L50|100/100\n|-ability|p1a: Calyrex|As One\n|-ability|p1a: Calyrex|Unnerve\n|-ability|p1b: Chi-Yu|Beads of Ruin\n|turn|1\n|\n|t:|1745986894\n|switch|p1b: Amoonguss|Amoonguss, L50, M|100/100\n|move|p1a: Calyrex|Protect|p1a: Calyrex\n|-singleturn|p1a: Calyrex|Protect\n|move|p2b: Iron Treads|Protect|p2b: Iron Treads\n|-singleturn|p2b: Iron Treads|Protect\n|move|p2a: Ho-Oh|Tailwind|p2a: Ho-Oh\n|-sidestart|p2: Regei|move: Tailwind\n|\n|upkeep\n|turn|2\n|inactive|Regei has 30 seconds left.\n|\n|t:|1745986928\n|switch|p2a: Miraidon|Miraidon, L50|100/100\n|-fieldstart|move: Electric Terrain|[from] ability: Hadron Engine|[of] p2a: Miraidon\n|-activate|p2b: Iron Treads|ability: Quark Drive\n|-start|p2b: Iron Treads|quarkdrivespe\n|-terastallize|p1b: Amoonguss|Water\n|move|p1b: Amoonguss|Rage Powder|p1b: Amoonguss\n|-singleturn|p1b: Amoonguss|move: Rage Powder\n|move|p2b: Iron Treads|Knock Off|p1b: Amoonguss\n|-damage|p1b: Amoonguss|65/100\n|-damage|p2b: Iron Treads|84/100|[from] item: Rocky Helmet|[of] p1b: Amoonguss\n|-enditem|p1b: Amoonguss|Rocky Helmet|[from] move: Knock Off|[of] p2b: Iron Treads\n|-damage|p2b: Iron Treads|75/100|[from] item: Life Orb\n|move|p1a: Calyrex|Astral Barrage|p2a: Miraidon|[spread] p2a,p2b\n|-damage|p2a: Miraidon|59/100\n|-damage|p2b: Iron Treads|2/100\n|\n|upkeep\n|turn|3\n|inactive|Regei has 30 seconds left.\n|inactive|Regei has 20 seconds left.\n|\n|t:|1745986967\n|move|p2b: Iron Treads|Protect|p2b: Iron Treads\n|-singleturn|p2b: Iron Treads|Protect\n|move|p1a: Calyrex|Protect|p1a: Calyrex\n|-singleturn|p1a: Calyrex|Protect\n|move|p1b: Amoonguss|Protect|p1b: Amoonguss\n|-singleturn|p1b: Amoonguss|Protect\n|move|p2a: Miraidon|Volt Switch|p1a: Calyrex\n|-activate|p1a: Calyrex|move: Protect\n|\n|upkeep\n|turn|4\n|\n|t:|1745986985\n|-end|p2b: Iron Treads|Quark Drive|[silent]\n|switch|p2b: Iron Hands|Iron Hands, L50|100/100\n|-activate|p2b: Iron Hands|ability: Quark Drive\n|-start|p2b: Iron Hands|quarkdriveatk\n|move|p1b: Amoonguss|Rage Powder|p1b: Amoonguss\n|-singleturn|p1b: Amoonguss|move: Rage Powder\n|move|p2a: Miraidon|Volt Switch|p1b: Amoonguss\n|-supereffective|p1b: Amoonguss\n|-damage|p1b: Amoonguss|0 fnt\n|faint|p1b: Amoonguss\n|\n|t:|1745986993\n|switch|p2a: Ho-Oh|Ho-Oh, L50|100/100|[from] Volt Switch\n|move|p1a: Calyrex|Astral Barrage|p2b: Iron Hands|[spread] p2a,p2b\n|-damage|p2a: Ho-Oh|70/100\n|-damage|p2b: Iron Hands|74/100\n|\n|-sideend|p2: Regei|move: Tailwind\n|upkeep\n|\n|t:|1745986998\n|switch|p1b: Chi-Yu|Chi-Yu, L50|100/100\n|-ability|p1b: Chi-Yu|Beads of Ruin\n|turn|5\n|\n|t:|1745987007\n|switch|p1b: Indeedee|Indeedee-F, L50, F|100/100\n|-fieldstart|move: Psychic Terrain|[from] ability: Psychic Surge|[of] p1b: Indeedee\n|-end|p2b: Iron Hands|Quark Drive\n|move|p2b: Iron Hands|Fake Out|p1b: Indeedee\n|-activate|p1b: Indeedee|move: Psychic Terrain\n|move|p1a: Calyrex|Expanding Force|p2b: Iron Hands|[spread] p2a,p2b\n|-supereffective|p2b: Iron Hands\n|-damage|p2a: Ho-Oh|29/100\n|-damage|p2b: Iron Hands|11/100\n|move|p2a: Ho-Oh|Tailwind|p2a: Ho-Oh\n|-sidestart|p2: Regei|move: Tailwind\n|\n|upkeep\n|turn|6\n|inactive|susurider has 30 seconds left.\n|inactive|Regei has 30 seconds left.\n|\n|t:|1745987038\n|-end|p2b: Iron Hands|Quark Drive|[silent]\n|switch|p2b: Miraidon|Miraidon, L50|59/100\n|-fieldstart|move: Electric Terrain|[from] ability: Hadron Engine|[of] p2b: Miraidon\n|move|p1b: Indeedee|Follow Me|p1b: Indeedee\n|-singleturn|p1b: Indeedee|move: Follow Me\n|move|p2a: Ho-Oh|Sacred Fire|p1b: Indeedee\n|-damage|p1b: Indeedee|39/100\n|-status|p1b: Indeedee|brn\n|move|p1a: Calyrex|Expanding Force|p2a: Ho-Oh\n|-damage|p2a: Ho-Oh|3/100\n|\n|-damage|p1b: Indeedee|33/100 brn|[from] brn\n|upkeep\n|turn|7\n|\n|t:|1745987060\n|switch|p1b: Chi-Yu|Chi-Yu, L50|100/100\n|-ability|p1b: Chi-Yu|Beads of Ruin\n|-terastallize|p2b: Miraidon|Fairy\n|move|p1a: Calyrex|Protect|p1a: Calyrex\n|-singleturn|p1a: Calyrex|Protect\n|move|p2b: Miraidon|Dazzling Gleam|p1a: Calyrex|[spread] p1b\n|-activate|p1a: Calyrex|move: Protect\n|-damage|p1b: Chi-Yu|14/100\n|move|p2a: Ho-Oh|Brave Bird|p1a: Calyrex\n|-activate|p1a: Calyrex|move: Protect\n|\n|upkeep\n|turn|8\n|\n|t:|1745987085\n|switch|p1a: Indeedee|Indeedee-F, L50, F|33/100 brn\n|-fieldstart|move: Psychic Terrain|[from] ability: Psychic Surge|[of] p1a: Indeedee\n|move|p2b: Miraidon|Dazzling Gleam|p1a: Indeedee|[spread] p1a,p1b\n|-damage|p1a: Indeedee|0 fnt\n|-damage|p1b: Chi-Yu|0 fnt\n|faint|p1a: Indeedee\n|faint|p1b: Chi-Yu\n|move|p2a: Ho-Oh|Brave Bird|p1: Indeedee|[notarget]\n|-fail|p2a: Ho-Oh\n|\n|-sideend|p2: Regei|move: Tailwind\n|upkeep\n|\n|t:|1745987101\n|switch|p1a: Calyrex|Calyrex-Shadow, L50|100/100\n|-ability|p1a: Calyrex|As One\n|-ability|p1a: Calyrex|Unnerve\n|turn|9\n|\n|t:|1745987118\n|switch|p2b: Iron Hands|Iron Hands, L50|11/100\n|move|p1a: Calyrex|Expanding Force|p2a: Ho-Oh|[spread] p2a,p2b\n|-supereffective|p2b: Iron Hands\n|-damage|p2a: Ho-Oh|0 fnt\n|-damage|p2b: Iron Hands|0 fnt\n|faint|p2a: Ho-Oh\n|faint|p2b: Iron Hands\n|-end|p2b: Iron Hands|Quark Drive|[silent]\n|-ability|p1a: Calyrex|Grim Neigh|boost\n|-boost|p1a: Calyrex|spa|2\n|\n|upkeep\n|\n|t:|1745987120\n|switch|p2a: Miraidon|Miraidon, L50, tera:Fairy|59/100\n|switch|p2b: Iron Treads|Iron Treads, L50|2/100\n|-fieldstart|move: Electric Terrain|[from] ability: Hadron Engine|[of] p2a: Miraidon\n|-activate|p2b: Iron Treads|ability: Quark Drive\n|-start|p2b: Iron Treads|quarkdrivespe\n|turn|10\n|inactive|susurider has 30 seconds left.\n|\n|t:|1745987150\n|move|p2b: Iron Treads|Knock Off|p1a: Calyrex\n|-supereffective|p1a: Calyrex\n|-damage|p1a: Calyrex|0 fnt\n|-enditem|p1a: Calyrex|Covert Cloak|[from] move: Knock Off|[of] p2b: Iron Treads\n|faint|p1a: Calyrex\n|-damage|p2b: Iron Treads|0 fnt|[from] item: Life Orb\n|faint|p2b: Iron Treads\n|-end|p2b: Iron Treads|Quark Drive|[silent]\n|\n|win|Regei\n|l|\u2606susurider\n|player|p1|\n||Regei is ready for game 2.\n||susurider is ready for game 2.\n|uhtml|next|Next: <a href=\"/battle-gen9vgc2025regibo3-2353712043\"><strong>Game 2 of 3</strong></a>\n|l|\u2606Regei\n|player|p2|\n", "uploadtime": 1745987418, "views": 6, "formatid": "gen9vgc2025regibo3", "rating": null, "private": 0, "password": null}