{"id": "gen9vgc2025regibo3-2353758961", "format": "[Gen 9] VGC 2025 Reg I (Bo3)", "players": ["plyingfress", "Cyclondo3"], "log": "|j|\u2606plyingfress\n|j|\u2606Cyclondo3\n|html|<table width=\"100%\"><tr><td align=\"left\">plyingfress</td><td align=\"right\">Cyclondo3</tr><tr><td align=\"left\"><i class=\"fa fa-circle-o\"></i> <i class=\"fa fa-circle-o\"></i> </td><td align=\"right\"><i class=\"fa fa-circle-o\"></i> <i class=\"fa fa-circle-o\"></i> </tr></table>\n|uhtml|bestof|<h2><strong>Game 1</strong> of <a href=\"/game-bestof3-gen9vgc2025regibo3-2353758960\">a best-of-3</a></h2>\n|t:|1745995130\n|gametype|doubles\n|player|p1|plyingfress|101|1040\n|player|p2|Cyclondo3|hilbert|1009\n|teamsize|p1|6\n|teamsize|p2|6\n|gen|9\n|tier|[Gen 9] VGC 2025 Reg I (Bo3)\n|rated|\n|rule|Species Clause: Limit one of each Pok\u00e9mon\n|rule|Item Clause: Limit 1 of each item\n|clearpoke\n|poke|p1|Miraidon, L50|\n|poke|p1|Ho-Oh, L50|\n|poke|p1|Whimsicott, L50, M|\n|poke|p1|Farigiraf, L50, M|\n|poke|p1|Iron Hands, L50|\n|poke|p1|Urshifu-*, L50, M|\n|poke|p2|Vulpix-Alola, L50, M|\n|poke|p2|Calyrex-Ice, L50|\n|poke|p2|Whimsicott, L50, M|\n|poke|p2|Eternatus, L50|\n|poke|p2|Meowscarada, L50, F|\n|poke|p2|Samurott-Hisui, L50, F|\n|teampreview|4\n|showteam|p1|Miraidon||ChoiceSpecs|HadronEngine|ElectroDrift,VoltSwitch,DracoMeteor,DazzlingGleam||||||50|,,,,,Fairy]Ho-Oh||ClearAmulet|Regenerator|BraveBird,SacredFire,Substitute,Protect||||||50|,,,,,Grass]Whimsicott||CovertCloak|Prankster|Moonblast,Tailwind,LightScreen,Encore|||M|||50|,,,,,Dark]Farigiraf||ElectricSeed|ArmorTail|Psychic,FoulPlay,TrickRoom,HelpingHand|||M|||50|,,,,,Dragon]Iron Hands||AssaultVest|QuarkDrive|DrainPunch,LowKick,FakeOut,HeavySlam||||||50|,,,,,Bug]Urshifu||FocusSash|UnseenFist|WickedBlow,SuckerPunch,Detect,CloseCombat|||M|||50|,,,,,Dark\n|showteam|p2|Vulpix-Alola||Eviolite|SnowWarning|AuroraVeil,Snowscape,IceBeam,Protect|||M|||50|,,,,,Steel]Calyrex-Ice||ClearAmulet|AsOneGlastrier|Protect,HighHorsepower,GlacialLance,LifeDew||||||50|,,,,,Water]Whimsicott||FocusSash|Prankster|Tailwind,TrickRoom,HelpingHand,MistyTerrain|||M|||50|,,,,,Ghost]Eternatus||BlackSludge|Pressure|Protect,DynamaxCannon,SludgeWave,ToxicSpikes||||||50|,,,,,Normal]Meowscarada||ChoiceScarf|Overgrow|Protect,GrassPledge,FlowerTrick,Uturn|||F|||50|,,,,,Ghost]Samurott-Hisui||MuscleBand|Sharpness|Protect,CeaselessEdge,AquaCutter,WaterPledge|||F|||50|,,,,,Water\n|inactive|Battle timer is ON: inactive players will automatically lose when time's up. (requested by Cyclondo3)\n|inactive|plyingfress has 60 seconds left.\n|inactive|plyingfress has 30 seconds left.\n|c|\u2606Cyclondo3|glhf\n|\n|t:|1745995215\n|start\n|switch|p1a: Ho-Oh|Ho-Oh, L50|100/100\n|switch|p1b: Iron Hands|Iron Hands, L50|100/100\n|switch|p2a: Vulpix|Vulpix-Alola, L50, M|100/100\n|switch|p2b: Meowscarada|Meowscarada, L50, F|100/100\n|-weather|Snowscape|[from] ability: Snow Warning|[of] p2a: Vulpix\n|turn|1\n|inactive|plyingfress has 30 seconds left.\n|\n|t:|1745995245\n|move|p2b: Meowscarada|U-turn|p1a: Ho-Oh\n|-resisted|p1a: Ho-Oh\n|-damage|p1a: Ho-Oh|96/100\n|\n|t:|1745995251\n|switch|p2b: Eternatus|Eternatus, L50|100/100|[from] U-turn\n|-ability|p2b: Eternatus|Pressure\n|move|p1a: Ho-Oh|Substitute|p1a: Ho-Oh\n|-start|p1a: Ho-Oh|Substitute\n|-damage|p1a: Ho-Oh|72/100\n|move|p1b: Iron Hands|Heavy Slam|p2a: Vulpix\n|-supereffective|p2a: Vulpix\n|-damage|p2a: Vulpix|27/100\n|move|p2a: Vulpix|Aurora Veil|p2a: Vulpix\n|-sidestart|p2: Cyclondo3|move: Aurora Veil\n|\n|-weather|Snowscape|[upkeep]\n|upkeep\n|turn|2\n|inactive|plyingfress has 30 seconds left.\n|\n|t:|1745995283\n|-end|p1b: Iron Hands|Quark Drive|[silent]\n|switch|p1b: Miraidon|Miraidon, L50|100/100\n|-fieldstart|move: Electric Terrain|[from] ability: Hadron Engine|[of] p1b: Miraidon\n|move|p2a: Vulpix|Protect|p2a: Vulpix\n|-singleturn|p2a: Vulpix|Protect\n|move|p2b: Eternatus|Toxic Spikes|p1a: Ho-Oh\n|-sidestart|p1: plyingfress|move: Toxic Spikes\n|move|p1a: Ho-Oh|Sacred Fire|p2b: Eternatus\n|-resisted|p2b: Eternatus\n|-damage|p2b: Eternatus|85/100\n|\n|-weather|Snowscape|[upkeep]\n|-heal|p2b: Eternatus|91/100|[from] item: Black Sludge\n|upkeep\n|turn|3\n|inactive|plyingfress has 30 seconds left.\n|inactive|Cyclondo3 has 30 seconds left.\n|inactive|plyingfress has 20 seconds left.\n|inactive|plyingfress has 15 seconds left.\n|inactive|plyingfress has 10 seconds left.\n|inactive|plyingfress has 5 seconds left.\n|\n|t:|1745995337\n|switch|p2a: Calyrex|Calyrex-Ice, L50|100/100\n|-ability|p2a: Calyrex|As One\n|-ability|p2a: Calyrex|Unnerve\n|move|p2b: Eternatus|Dynamax Cannon|p1b: Miraidon\n|-supereffective|p1b: Miraidon\n|-damage|p1b: Miraidon|3/100\n|move|p1b: Miraidon|Draco Meteor|p2b: Eternatus\n|-supereffective|p2b: Eternatus\n|-damage|p2b: Eternatus|0 fnt\n|-unboost|p1b: Miraidon|spa|2\n|faint|p2b: Eternatus\n|move|p1a: Ho-Oh|Sacred Fire|p2a: Calyrex\n|-supereffective|p2a: Calyrex\n|-damage|p2a: Calyrex|68/100\n|-status|p2a: Calyrex|brn\n|\n|-weather|Snowscape|[upkeep]\n|-damage|p2a: Calyrex|63/100 brn|[from] brn\n|upkeep\n|\n|t:|1745995351\n|switch|p2b: Meowscarada|Meowscarada, L50, F|100/100\n|turn|4\n|\n|t:|1745995374\n|move|p2b: Meowscarada|Flower Trick|p1b: Miraidon\n|-resisted|p1b: Miraidon\n|-crit|p1b: Miraidon\n|-damage|p1b: Miraidon|0 fnt\n|faint|p1b: Miraidon\n|move|p1a: Ho-Oh|Sacred Fire|p2a: Calyrex\n|-supereffective|p2a: Calyrex\n|-damage|p2a: Calyrex|33/100 brn\n|move|p2a: Calyrex|Life Dew||[still]|[spread] p2a,p2b\n|-heal|p2a: Calyrex|58/100 brn\n|-fail|p2b: Meowscarada|heal\n|\n|-weather|Snowscape|[upkeep]\n|-damage|p2a: Calyrex|52/100 brn|[from] brn\n|upkeep\n|inactive|plyingfress has 30 seconds left.\n|\n|t:|1745995407\n|switch|p1b: Iron Hands|Iron Hands, L50|100/100\n|-status|p1b: Iron Hands|psn\n|-activate|p1b: Iron Hands|ability: Quark Drive\n|-start|p1b: Iron Hands|quarkdriveatk\n|turn|5\n|inactive|plyingfress has 30 seconds left.\n|inactive|Cyclondo3 has 30 seconds left.\n|\n|t:|1745995433\n|-terastallize|p1b: Iron Hands|Bug\n|move|p2a: Calyrex|Protect|p2a: Calyrex\n|-singleturn|p2a: Calyrex|Protect\n|move|p1b: Iron Hands|Fake Out|p2a: Calyrex\n|-activate|p2a: Calyrex|move: Protect\n|move|p2b: Meowscarada|Flower Trick|p1b: Iron Hands\n|-resisted|p1b: Iron Hands\n|-crit|p1b: Iron Hands\n|-damage|p1b: Iron Hands|87/100 psn\n|move|p1a: Ho-Oh|Brave Bird|p2b: Meowscarada\n|-supereffective|p2b: Meowscarada\n|-damage|p2b: Meowscarada|0 fnt\n|faint|p2b: Meowscarada\n|-damage|p1a: Ho-Oh|48/100|[from] Recoil\n|\n|-weather|none\n|-damage|p1b: Iron Hands|75/100 psn|[from] psn\n|-damage|p2a: Calyrex|47/100 brn|[from] brn\n|-sideend|p2: Cyclondo3|move: Aurora Veil\n|upkeep\n|\n|t:|1745995446\n|switch|p2b: Vulpix|Vulpix-Alola, L50, M|27/100\n|-weather|Snowscape|[from] ability: Snow Warning|[of] p2b: Vulpix\n|turn|6\n|\n|t:|1745995456\n|move|p1a: Ho-Oh|Sacred Fire|p2b: Vulpix\n|-supereffective|p2b: Vulpix\n|-damage|p2b: Vulpix|0 fnt\n|faint|p2b: Vulpix\n|move|p1b: Iron Hands|Low Kick|p2a: Calyrex\n|-damage|p2a: Calyrex|12/100 brn\n|move|p2a: Calyrex|Life Dew|p2a: Calyrex\n|-heal|p2a: Calyrex|38/100 brn\n|\n|-weather|Snowscape|[upkeep]\n|-damage|p1b: Iron Hands|62/100 psn|[from] psn\n|-damage|p2a: Calyrex|32/100 brn|[from] brn\n|-fieldend|move: Electric Terrain\n|-end|p1b: Iron Hands|Quark Drive\n|upkeep\n|turn|7\n|\n|t:|1745995472\n|move|p1a: Ho-Oh|Sacred Fire|p2a: Calyrex\n|-supereffective|p2a: Calyrex\n|-damage|p2a: Calyrex|0 fnt\n|faint|p2a: Calyrex\n|\n|win|plyingfress\n||Cyclondo3 is ready for game 2.\n||plyingfress is ready for game 2.\n|uhtml|next|Next: <a href=\"/battle-gen9vgc2025regibo3-2353761005\"><strong>Game 2 of 3</strong></a>\n|l|\u2606Cyclondo3\n|player|p2|\n", "uploadtime": 1745995757, "views": 6, "formatid": "gen9vgc2025regibo3", "rating": null, "private": 0, "password": null}