{"id": "gen9vgc2025regibo3-2354614799", "format": "[Gen 9] VGC 2025 Reg I (Bo3)", "players": ["MidoMidori", "Shuji Ishido"], "log": "|j|\u2606MidoMidori\n|j|\u2606Shuji Ishido\n|html|<table width=\"100%\"><tr><td align=\"left\">MidoMidori</td><td align=\"right\">Shuji Ishido</tr><tr><td align=\"left\"><i class=\"fa fa-circle-o\"></i> <i class=\"fa fa-circle-o\"></i> </td><td align=\"right\"><i class=\"fa fa-circle-o\"></i> <i class=\"fa fa-circle-o\"></i> </tr></table>\n|uhtml|bestof|<h2><strong>Game 1</strong> of <a href=\"/game-bestof3-gen9vgc2025regibo3-2354614798\">a best-of-3</a></h2>\n|t:|1746103070\n|gametype|doubles\n|player|p1|MidoMidori|roxanne-gen6|1161\n|player|p2|Shuji Ishido|falkner-gen2|1204\n|teamsize|p1|6\n|teamsize|p2|6\n|gen|9\n|tier|[Gen 9] VGC 2025 Reg I (Bo3)\n|rated|\n|rule|Species Clause: Limit one of each Pok\u00e9mon\n|rule|Item Clause: Limit 1 of each item\n|clearpoke\n|poke|p1|Koraidon, L50|\n|poke|p1|Ho-Oh, L50|\n|poke|p1|Flutter Mane, L50|\n|poke|p1|Incineroar, L50, F|\n|poke|p1|Raging Bolt, L50|\n|poke|p1|Iron Treads, L50|\n|poke|p2|Koraidon, L50|\n|poke|p2|Lunala, L50|\n|poke|p2|Chi-Yu, L50|\n|poke|p2|Ursaluna, L50, M|\n|poke|p2|Brute Bonnet, L50|\n|poke|p2|Flutter Mane, L50|\n|teampreview|4\n|showteam|p1|Koraidon||LoadedDice|OrichalcumPulse|ScaleShot,FlareBlitz,CollisionCourse,Protect||||||50|,,,,,Fire]Ho-Oh||ClearAmulet|Regenerator|SacredFire,BraveBird,Tailwind,Protect||||||50|,,,,,Grass]Flutter Mane||FocusSash|Protosynthesis|Moonblast,IcyWind,ShadowBall,Protect||||||50|,,,,,Normal]Incineroar||SafetyGoggles|Intimidate|FakeOut,FlareBlitz,KnockOff,PartingShot|||F|||50|,,,,,Water]Raging Bolt||AssaultVest|Protosynthesis|Thunderclap,VoltSwitch,DracoMeteor,Thunderbolt||||||50|,,,,,Electric]Iron Treads||LifeOrb|QuarkDrive|HighHorsepower,IronHead,SteelRoller,Protect||||||50|,,,,,Stellar\n|showteam|p2|Koraidon||LifeOrb|OrichalcumPulse|FlareBlitz,FlameCharge,CloseCombat,Protect||||||50|,,,,,Fire]Lunala||PowerHerb|ShadowShield|MoongeistBeam,MeteorBeam,WideGuard,TrickRoom||||||50|,,,,,Water]Chi-Yu||ChoiceScarf|BeadsofRuin|Overheat,HeatWave,DarkPulse,Snarl||||||50|,,,,,Ghost]Ursaluna||FlameOrb|Guts|Facade,Earthquake,HeadlongRush,Protect|||M|||50|,,,,,Water]Brute Bonnet||CovertCloak|Protosynthesis|SeedBomb,SuckerPunch,Spore,RagePowder||||||50|,,,,,Water]Flutter Mane||FocusSash|Protosynthesis|Moonblast,IcyWind,ShadowBall,Protect||||||50|,,,,,Normal\n|inactive|Battle timer is ON: inactive players will automatically lose when time's up. (requested by Shuji Ishido)\n|inactive|MidoMidori has 60 seconds left.\n|inactive|MidoMidori has 30 seconds left.\n|inactive|MidoMidori has 20 seconds left.\n|\n|t:|1746103153\n|start\n|switch|p1a: Incineroar|Incineroar, L50, F|100/100\n|switch|p1b: Koraidon|Koraidon, L50|100/100\n|switch|p2a: Lunala|Lunala, L50|100/100\n|switch|p2b: Brute Bonnet|Brute Bonnet, L50|100/100\n|-weather|SunnyDay|[from] ability: Orichalcum Pulse|[of] p1b: Koraidon\n|-activate|p2b: Brute Bonnet|ability: Protosynthesis\n|-start|p2b: Brute Bonnet|protosynthesisdef\n|-activate|p1b: Koraidon|Orichalcum Pulse|[source]\n|-ability|p1a: Incineroar|Intimidate|boost\n|-unboost|p2a: Lunala|atk|1\n|-unboost|p2b: Brute Bonnet|atk|1\n|turn|1\n|inactive|MidoMidori has 30 seconds left.\n|inactive|Shuji Ishido has 30 seconds left.\n|\n|t:|1746103182\n|-terastallize|p2b: Brute Bonnet|Water\n|move|p2b: Brute Bonnet|Rage Powder|p2b: Brute Bonnet\n|-singleturn|p2b: Brute Bonnet|move: Rage Powder\n|move|p1b: Koraidon|Collision Course|p2b: Brute Bonnet\n|-damage|p2b: Brute Bonnet|63/100\n|move|p1a: Incineroar|Knock Off|p2a: Lunala\n|-supereffective|p2a: Lunala\n|-damage|p2a: Lunala|38/100\n|-enditem|p2a: Lunala|Power Herb|[from] move: Knock Off|[of] p1a: Incineroar\n|move|p2a: Lunala|Trick Room|p2a: Lunala\n|-fieldstart|move: Trick Room|[of] p2a: Lunala\n|\n|-weather|SunnyDay|[upkeep]\n|upkeep\n|turn|2\n|inactive|MidoMidori has 30 seconds left.\n|inactive|Shuji Ishido has 30 seconds left.\n|inactive|MidoMidori has 20 seconds left.\n|inactive|MidoMidori has 15 seconds left.\n|\n|t:|1746103224\n|move|p1b: Koraidon|Protect|p1b: Koraidon\n|-singleturn|p1b: Koraidon|Protect\n|move|p1a: Incineroar|Parting Shot|p2a: Lunala\n|-unboost|p2a: Lunala|atk|1\n|-unboost|p2a: Lunala|spa|1\n|\n|t:|1746103232\n|switch|p1a: Ho-Oh|Ho-Oh, L50|100/100|[from] Parting Shot\n|move|p2b: Brute Bonnet|Spore|p1b: Koraidon\n|-activate|p1b: Koraidon|move: Protect\n|move|p2a: Lunala|Moongeist Beam|p1a: Ho-Oh\n|-damage|p1a: Ho-Oh|78/100\n|\n|-weather|SunnyDay|[upkeep]\n|upkeep\n|turn|3\n|\n|t:|1746103247\n|switch|p1b: Incineroar|Incineroar, L50, F|100/100\n|-ability|p1b: Incineroar|Intimidate|boost\n|-unboost|p2a: Lunala|atk|1\n|-unboost|p2b: Brute Bonnet|atk|1\n|move|p1a: Ho-Oh|Protect|p1a: Ho-Oh\n|-singleturn|p1a: Ho-Oh|Protect\n|move|p2b: Brute Bonnet|Spore|p1a: Ho-Oh\n|-activate|p1a: Ho-Oh|move: Protect\n|move|p2a: Lunala|Moongeist Beam|p1b: Incineroar\n|-resisted|p1b: Incineroar\n|-damage|p1b: Incineroar|83/100\n|\n|-weather|SunnyDay|[upkeep]\n|upkeep\n|turn|4\n|inactive|MidoMidori has 30 seconds left.\n|inactive|Shuji Ishido has 30 seconds left.\n|inactive|MidoMidori has 20 seconds left.\n|inactive|MidoMidori has 15 seconds left.\n|inactive|MidoMidori has 10 seconds left.\n|inactive|MidoMidori has 5 seconds left.\n|\n|t:|1746103298\n|switch|p2a: Koraidon|Koraidon, L50|100/100\n|-activate|p2a: Koraidon|ability: Orichalcum Pulse\n|-terastallize|p1a: Ho-Oh|Grass\n|move|p1b: Incineroar|Knock Off|p2a: Koraidon\n|-resisted|p2a: Koraidon\n|-damage|p2a: Koraidon|83/100\n|-enditem|p2a: Koraidon|Life Orb|[from] move: Knock Off|[of] p1b: Incineroar\n|move|p2b: Brute Bonnet|Spore|p1a: Ho-Oh\n|-immune|p1a: Ho-Oh\n|move|p1a: Ho-Oh|Sacred Fire|p2b: Brute Bonnet\n|-resisted|p2b: Brute Bonnet\n|-damage|p2b: Brute Bonnet|43/100\n|\n|-weather|SunnyDay|[upkeep]\n|upkeep\n|turn|5\n|inactive|MidoMidori has 30 seconds left.\n|\n|t:|1746103328\n|-end|p2b: Brute Bonnet|Protosynthesis|[silent]\n|switch|p2b: Lunala|Lunala, L50|38/100\n|move|p2a: Koraidon|Protect|p2a: Koraidon\n|-singleturn|p2a: Koraidon|Protect\n|move|p1b: Incineroar|Parting Shot|p2a: Koraidon\n|-activate|p2a: Koraidon|move: Protect\n|move|p1a: Ho-Oh|Tailwind|p1a: Ho-Oh\n|-sidestart|p1: MidoMidori|move: Tailwind\n|\n|-weather|none\n|-fieldend|move: Trick Room\n|upkeep\n|turn|6\n|\n|t:|1746103351\n|switch|p2a: Ursaluna|Ursaluna, L50, M|100/100\n|switch|p2b: Brute Bonnet|Brute Bonnet, L50, tera:Water|43/100\n|move|p1a: Ho-Oh|Brave Bird|p2a: Ursaluna\n|-damage|p2a: Ursaluna|57/100\n|-damage|p1a: Ho-Oh|61/100|[from] Recoil\n|move|p1b: Incineroar|Knock Off|p2b: Brute Bonnet\n|-damage|p2b: Brute Bonnet|19/100\n|-enditem|p2b: Brute Bonnet|Covert Cloak|[from] move: Knock Off|[of] p1b: Incineroar\n|\n|-status|p2a: Ursaluna|brn|[from] item: Flame Orb\n|upkeep\n|turn|7\n|inactive|Shuji Ishido has 30 seconds left.\n|\n|t:|1746103380\n|switch|p1b: Koraidon|Koraidon, L50|100/100\n|-weather|SunnyDay|[from] ability: Orichalcum Pulse|[of] p1b: Koraidon\n|-activate|p2b: Brute Bonnet|ability: Protosynthesis\n|-start|p2b: Brute Bonnet|protosynthesisdef\n|-activate|p1b: Koraidon|Orichalcum Pulse|[source]\n|-end|p2b: Brute Bonnet|Protosynthesis|[silent]\n|switch|p2b: Koraidon|Koraidon, L50|83/100\n|-activate|p2b: Koraidon|ability: Orichalcum Pulse\n|move|p1a: Ho-Oh|Sacred Fire|p2a: Ursaluna\n|-damage|p2a: Ursaluna|0 fnt\n|faint|p2a: Ursaluna\n|\n|-weather|SunnyDay|[upkeep]\n|upkeep\n|\n|t:|1746103394\n|switch|p2a: Brute Bonnet|Brute Bonnet, L50, tera:Water|19/100\n|-activate|p2a: Brute Bonnet|ability: Protosynthesis\n|-start|p2a: Brute Bonnet|protosynthesisdef\n|turn|8\n|\n|t:|1746103408\n|-end|p2a: Brute Bonnet|Protosynthesis|[silent]\n|switch|p2a: Lunala|Lunala, L50|38/100\n|move|p2b: Koraidon|Protect|p2b: Koraidon\n|-singleturn|p2b: Koraidon|Protect\n|move|p1b: Koraidon|Scale Shot|p2a: Lunala\n|-damage|p2a: Lunala|21/100\n|-damage|p2a: Lunala|4/100\n|-damage|p2a: Lunala|0 fnt\n|faint|p2a: Lunala\n|-hitcount|p2: Lunala|3\n|-unboost|p1b: Koraidon|def|1\n|-boost|p1b: Koraidon|spe|1\n|move|p1a: Ho-Oh|Brave Bird|p2b: Koraidon\n|-activate|p2b: Koraidon|move: Protect\n|\n|-weather|SunnyDay|[upkeep]\n|-sideend|p1: MidoMidori|move: Tailwind\n|upkeep\n|\n|t:|1746103410\n|switch|p2a: Brute Bonnet|Brute Bonnet, L50, tera:Water|19/100\n|-activate|p2a: Brute Bonnet|ability: Protosynthesis\n|-start|p2a: Brute Bonnet|protosynthesisdef\n|turn|9\n|\n|t:|1746103418\n|move|p2a: Brute Bonnet|Rage Powder|p2a: Brute Bonnet\n|-singleturn|p2a: Brute Bonnet|move: Rage Powder\n|move|p1b: Koraidon|Collision Course|p2a: Brute Bonnet\n|-damage|p2a: Brute Bonnet|0 fnt\n|faint|p2a: Brute Bonnet\n|-end|p2a: Brute Bonnet|Protosynthesis|[silent]\n|move|p2b: Koraidon|Flame Charge|p1a: Ho-Oh\n|-supereffective|p1a: Ho-Oh\n|-damage|p1a: Ho-Oh|0 fnt\n|-boost|p2b: Koraidon|spe|1\n|faint|p1a: Ho-Oh\n|\n|-weather|SunnyDay|[upkeep]\n|upkeep\n|\n|t:|1746103422\n|switch|p1a: Flutter Mane|Flutter Mane, L50|100/100\n|-activate|p1a: Flutter Mane|ability: Protosynthesis\n|-start|p1a: Flutter Mane|protosynthesisspe\n|turn|10\n|-message|Shuji Ishido forfeited.\n|\n|win|MidoMidori\n||MidoMidori is ready for game 2.\n|l|\u2606Shuji Ishido\n|player|p2|\n|inactive|Shuji Ishido has 30 seconds to confirm battle start!\n||Shuji Ishido is ready for game 2.\n|uhtml|next|Next: <a href=\"/battle-gen9vgc2025regibo3-2354617760\"><strong>Game 2 of 3</strong></a>\n", "uploadtime": 1746104016, "views": 8, "formatid": "gen9vgc2025regibo3", "rating": null, "private": 0, "password": null}