{"id": "gen9vgc2025regibo3-2354150526", "format": "[Gen 9] VGC 2025 Reg I (Bo3)", "players": ["camp03", "payapingas"], "log": "|j|\u2606camp03\n|j|\u2606payapingas\n|html|<table width=\"100%\"><tr><td align=\"left\">camp03</td><td align=\"right\">payapingas</tr><tr><td align=\"left\"><i class=\"fa fa-circle-o\"></i> <i class=\"fa fa-circle-o\"></i> </td><td align=\"right\"><i class=\"fa fa-circle-o\"></i> <i class=\"fa fa-circle-o\"></i> </tr></table>\n|uhtml|bestof|<h2><strong>Game 1</strong> of <a href=\"/game-bestof3-gen9vgc2025regibo3-2354150525\">a best-of-3</a></h2>\n|t:|1746039219\n|gametype|doubles\n|player|p1|camp03|170|1156\n|player|p2|payapingas|cynthia-gen4|1156\n|teamsize|p1|6\n|teamsize|p2|6\n|gen|9\n|tier|[Gen 9] VGC 2025 Reg I (Bo3)\n|rated|\n|rule|Species Clause: Limit one of each Pok\u00e9mon\n|rule|Item Clause: Limit 1 of each item\n|clearpoke\n|poke|p1|Zamazenta-*, L50|\n|poke|p1|Calyrex-Shadow, L50|\n|poke|p1|Chien-Pao, L50|\n|poke|p1|Chi-Yu, L50|\n|poke|p1|Rillaboom, L50, M|\n|poke|p1|Pelipper, L50, M|\n|poke|p2|Calyrex-Ice, L50|\n|poke|p2|Palkia, L50|\n|poke|p2|Ursaluna, L50, M|\n|poke|p2|Incineroar, L50, F|\n|poke|p2|Indeedee-F, L50, F|\n|poke|p2|Iron Hands, L50|\n|teampreview|4\n|showteam|p1|Zamazenta-Crowned||RustedShield|DauntlessShield|BodyPress,WideGuard,behemothbash,Protect||||||50|,,,,,Water]Calyrex-Shadow||SpellTag|AsOneSpectrier|AstralBarrage,Psychic,NastyPlot,Protect||||||50|,,,,,Normal]Chien-Pao||FocusSash|SwordofRuin|SuckerPunch,IceSpinner,Crunch,Protect||||||50|,,,,,Dark]Chi-Yu||ChoiceScarf|BeadsofRuin|HeatWave,Snarl,DarkPulse,Overheat||||||50|,,,,,Ghost]Rillaboom||AssaultVest|GrassySurge|FakeOut,GrassyGlide,WoodHammer,KnockOff|||M|||50|,,,,,Fire]Pelipper||LifeOrb|Drizzle|WideGuard,Hurricane,WeatherBall,Tailwind|||M|||50|,,,,,Grass\n|showteam|p2|Calyrex-Ice||ClearAmulet|AsOneGlastrier|GlacialLance,HighHorsepower,Protect,TrickRoom||||||50|,,,,,Psychic]Palkia||LustrousOrb|Telepathy|TrickRoom,Protect,SpacialRend,HydroPump||||||50|,,,,,Water]Ursaluna||FlameOrb|Guts|Facade,Earthquake,Protect,SupercellSlam|||M|||50|,,,,,Ground]Incineroar||SafetyGoggles|Intimidate|FakeOut,KnockOff,FlareBlitz,PartingShot|||F|||50|,,,,,Fire]Indeedee-F||PsychicSeed|PsychicSurge|BatonPass,FollowMe,DazzlingGleam,TrickRoom|||F|||50|,,,,,Psychic]Iron Hands||AssaultVest|QuarkDrive|FakeOut,SupercellSlam,DrainPunch,VoltSwitch||||||50|,,,,,Fighting\n|\n|t:|1746039278\n|start\n|switch|p1a: Calyrex|Calyrex-Shadow, L50|100/100\n|switch|p1b: Chi-Yu|Chi-Yu, L50|100/100\n|switch|p2a: Indeedee|Indeedee-F, L50, F|100/100\n|switch|p2b: Palkia|Palkia, L50|100/100\n|-ability|p1a: Calyrex|As One\n|-ability|p1a: Calyrex|Unnerve\n|-ability|p1b: Chi-Yu|Beads of Ruin\n|-fieldstart|move: Psychic Terrain|[from] ability: Psychic Surge|[of] p2a: Indeedee\n|-enditem|p2a: Indeedee|Psychic Seed\n|-boost|p2a: Indeedee|spd|1|[from] item: Psychic Seed\n|turn|1\n|inactive|Battle timer is ON: inactive players will automatically lose when time's up. (requested by camp03)\n|inactive|camp03 has 60 seconds left.\n|\n|t:|1746039312\n|move|p1b: Chi-Yu|Snarl|p2a: Indeedee|[spread] p2a,p2b\n|-supereffective|p2a: Indeedee\n|-crit|p2b: Palkia\n|-damage|p2a: Indeedee|70/100\n|-damage|p2b: Palkia|74/100\n|-unboost|p2a: Indeedee|spa|1\n|-unboost|p2b: Palkia|spa|1\n|move|p1a: Calyrex|Astral Barrage|p2a: Indeedee|[spread] p2b\n|-immune|p2a: Indeedee\n|-damage|p2b: Palkia|19/100\n|move|p2a: Indeedee|Baton Pass|p2a: Indeedee\n|\n|t:|1746039325\n|switch|p2a: Ursaluna|Ursaluna, L50, M|100/100|[from] Baton Pass\n|move|p2b: Palkia|Trick Room|p2b: Palkia\n|-fieldstart|move: Trick Room|[of] p2b: Palkia\n|\n|-status|p2a: Ursaluna|brn|[from] item: Flame Orb\n|upkeep\n|turn|2\n|\n|t:|1746039342\n|move|p1a: Calyrex|Protect|p1a: Calyrex\n|-singleturn|p1a: Calyrex|Protect\n|move|p2a: Ursaluna|Earthquake|p1a: Calyrex|[spread] p1b\n|-activate|p1a: Calyrex|move: Protect\n|-activate|p2b: Palkia|ability: Telepathy\n|-supereffective|p1b: Chi-Yu\n|-damage|p1b: Chi-Yu|0 fnt\n|faint|p1b: Chi-Yu\n|move|p2b: Palkia|Spacial Rend|p1a: Calyrex\n|-activate|p1a: Calyrex|move: Protect\n|\n|-damage|p2a: Ursaluna|95/100 brn|[from] brn\n|upkeep\n|\n|t:|1746039350\n|switch|p1b: Zamazenta|Zamazenta-Crowned, L50|100/100\n|-ability|p1b: Zamazenta|Dauntless Shield|boost\n|-boost|p1b: Zamazenta|def|1\n|turn|3\n|inactive|payapingas has 30 seconds left.\n|\n|t:|1746039382\n|move|p1b: Zamazenta|Wide Guard|p1b: Zamazenta\n|-singleturn|p1b: Zamazenta|Wide Guard\n|move|p2a: Ursaluna|Supercell Slam|p1a: Calyrex\n|-damage|p1a: Calyrex|28/100\n|move|p2b: Palkia|Spacial Rend|p1a: Calyrex\n|-damage|p1a: Calyrex|0 fnt\n|faint|p1a: Calyrex\n|\n|-damage|p2a: Ursaluna|89/100 brn|[from] brn\n|upkeep\n|\n|t:|1746039389\n|switch|p1a: Chien-Pao|Chien-Pao, L50|100/100\n|-ability|p1a: Chien-Pao|Sword of Ruin\n|turn|4\n|inactive|payapingas has 30 seconds left.\n|inactive|payapingas has 20 seconds left.\n|inactive|payapingas has 15 seconds left.\n|\n|t:|1746039431\n|move|p1b: Zamazenta|Protect||[still]\n|-fail|p1b: Zamazenta\n|move|p1a: Chien-Pao|Protect|p1a: Chien-Pao\n|-singleturn|p1a: Chien-Pao|Protect\n|move|p2a: Ursaluna|Facade|p1a: Chien-Pao\n|-activate|p1a: Chien-Pao|move: Protect\n|move|p2b: Palkia|Hydro Pump|p1b: Zamazenta\n|-damage|p1b: Zamazenta|64/100\n|\n|-damage|p2a: Ursaluna|83/100 brn|[from] brn\n|upkeep\n|turn|5\n|inactive|camp03 has 30 seconds left.\n|\n|t:|1746039460\n|-terastallize|p1b: Zamazenta|Water\n|move|p2a: Ursaluna|Facade|p1a: Chien-Pao\n|-enditem|p1a: Chien-Pao|Focus Sash\n|-damage|p1a: Chien-Pao|1/100\n|move|p2b: Palkia|Spacial Rend|p1a: Chien-Pao|[miss]\n|-miss|p2b: Palkia|p1a: Chien-Pao\n|move|p1b: Zamazenta|Body Press|p2a: Ursaluna\n|-supereffective|p2a: Ursaluna\n|-damage|p2a: Ursaluna|0 fnt\n|faint|p2a: Ursaluna\n|move|p1a: Chien-Pao|Crunch|p2b: Palkia\n|-damage|p2b: Palkia|0 fnt\n|faint|p2b: Palkia\n|\n|-fieldend|move: Trick Room\n|-fieldend|move: Psychic Terrain\n|upkeep\n|\n|t:|1746039475\n|switch|p2b: Indeedee|Indeedee-F, L50, F|70/100\n|switch|p2a: Calyrex|Calyrex-Ice, L50|100/100\n|-ability|p2a: Calyrex|As One\n|-ability|p2a: Calyrex|Unnerve\n|-fieldstart|move: Psychic Terrain|[from] ability: Psychic Surge|[of] p2b: Indeedee\n|turn|6\n|\n|t:|1746039499\n|move|p2b: Indeedee|Follow Me|p2b: Indeedee\n|-singleturn|p2b: Indeedee|move: Follow Me\n|move|p1a: Chien-Pao|Crunch|p2b: Indeedee\n|-supereffective|p2b: Indeedee\n|-damage|p2b: Indeedee|0 fnt\n|faint|p2b: Indeedee\n|move|p1b: Zamazenta|Body Press|p2a: Calyrex\n|-damage|p2a: Calyrex|43/100\n|move|p2a: Calyrex|Glacial Lance|p1b: Zamazenta|[spread] p1a,p1b\n|-resisted|p1a: Chien-Pao\n|-resisted|p1b: Zamazenta\n|-damage|p1a: Chien-Pao|0 fnt\n|-damage|p1b: Zamazenta|46/100\n|faint|p1a: Chien-Pao\n|-ability|p2a: Calyrex|Chilling Neigh|boost\n|-boost|p2a: Calyrex|atk|1\n|\n|upkeep\n|turn|7\n|\n|t:|1746039517\n|-terastallize|p2a: Calyrex|Psychic\n|move|p1b: Zamazenta|Body Press|p2a: Calyrex\n|-resisted|p2a: Calyrex\n|-damage|p2a: Calyrex|23/100\n|move|p2a: Calyrex|High Horsepower|p1b: Zamazenta\n|-damage|p1b: Zamazenta|15/100\n|\n|upkeep\n|turn|8\n|\n|t:|1746039538\n|move|p1b: Zamazenta|Behemoth Bash|p2a: Calyrex\n|-damage|p2a: Calyrex|0 fnt\n|faint|p2a: Calyrex\n|\n|win|camp03\n||payapingas is ready for game 2.\n|c|\u2606camp03|gg\n||camp03 is ready for game 2.\n|uhtml|next|Next: <a href=\"/battle-gen9vgc2025regibo3-2354154204\"><strong>Game 2 of 3</strong></a>\n", "uploadtime": 1746039929, "views": 6, "formatid": "gen9vgc2025regibo3", "rating": null, "private": 0, "password": null}