{"id": "gen9vgc2025regibo3-2353770776", "format": "[Gen 9] VGC 2025 Reg I (Bo3)", "players": ["PokemonmasterN2009", "lover heart"], "log": "|j|\u2606PokemonmasterN2009\n|j|\u2606lover heart\n|html|<table width=\"100%\"><tr><td align=\"left\">PokemonmasterN2009</td><td align=\"right\">lover heart</tr><tr><td align=\"left\"><i class=\"fa fa-circle-o\"></i> <i class=\"fa fa-circle-o\"></i> </td><td align=\"right\"><i class=\"fa fa-circle-o\"></i> <i class=\"fa fa-circle-o\"></i> </tr></table>\n|uhtml|bestof|<h2><strong>Game 1</strong> of <a href=\"/game-bestof3-gen9vgc2025regibo3-2353770775\">a best-of-3</a></h2>\n|t:|1745997114\n|gametype|doubles\n|player|p1|PokemonmasterN2009|steven|1437\n|player|p2|lover heart|ninjaboy|1383\n|teamsize|p1|6\n|teamsize|p2|6\n|gen|9\n|tier|[Gen 9] VGC 2025 Reg I (Bo3)\n|rated|\n|rule|Species Clause: Limit one of each Pok\u00e9mon\n|rule|Item Clause: Limit 1 of each item\n|clearpoke\n|poke|p1|Calyrex-Ice, L50|\n|poke|p1|Smeargle, L50, M|\n|poke|p1|Kyogre, L50|\n|poke|p1|Farigiraf, L50, M|\n|poke|p1|Rillaboom, L50, F|\n|poke|p1|Amoonguss, L50, M|\n|poke|p2|Ho-Oh, L50|\n|poke|p2|Ting-Lu, L50|\n|poke|p2|Eternatus, L50|\n|poke|p2|Dondozo, L50, M|\n|poke|p2|Tatsugiri-Droopy, L50, M|\n|poke|p2|Ogerpon-Hearthflame, L50, F|\n|teampreview|4\n|showteam|p1|Calyrex-Ice||ClearAmulet|AsOneGlastrier|TrickRoom,GlacialLance,HighHorsepower,Protect||||||50|,,,,,Fire]Smeargle||FocusSash|OwnTempo|Spore,FollowMe,WideGuard,Decorate|||M|||50|,,,,,Grass]Kyogre||IronBall|Drizzle|WaterSpout,HydroPump,Thunder,IceBeam||||||50|,,,,,Grass]Farigiraf||ThroatSpray|ArmorTail|TrickRoom,HyperVoice,Roar,PsychicNoise|||M|||50|,,,,,Water]Rillaboom||AssaultVest|GrassySurge|FakeOut,WoodHammer,GrassyGlide,Uturn|||F|||50|,,,,,Fire]Amoonguss||MentalHerb|Regenerator|RagePowder,ClearSmog,Spore,PollenPuff|||M|||50|,,,,,Water\n|showteam|p2|Ho-Oh||BindingBand|Regenerator|FireSpin,Recover,Whirlwind,Protect||||||50|,,,,,Grass]Ting-Lu||AssaultVest|VesselofRuin|Ruination,BodyPress,ThroatChop,StompingTantrum||||||50|,,,,,Fairy]Eternatus||Leftovers|Pressure|DynamaxCannon,Recover,ToxicSpikes,Protect||||||50|,,,,,Fairy]Dondozo||RockyHelmet|Unaware|Rest,SleepTalk,BodyPress,Earthquake|||M|||50|,,,,,Grass]Tatsugiri-Droopy||SafetyGoggles|Commander|DracoMeteor,MuddyWater,Taunt,Protect|||M|||50|,,,,,Steel]Ogerpon-Hearthflame||HearthflameMask|MoldBreaker|IvyCudgel,WoodHammer,FollowMe,SpikyShield|||F|||50|,,,,,Fire\n|inactive|Battle timer is ON: inactive players will automatically lose when time's up. (requested by PokemonmasterN2009)\n|inactive|lover heart has 60 seconds left.\n|\n|t:|1745997163\n|start\n|switch|p1a: Smeargle|Smeargle, L50, M, shiny|100/100\n|switch|p1b: Calyrex|Calyrex-Ice, L50|100/100\n|switch|p2a: Eternatus|Eternatus, L50|100/100\n|switch|p2b: Dondozo|Dondozo, L50, M|100/100\n|-ability|p1b: Calyrex|As One\n|-ability|p1b: Calyrex|Unnerve\n|-ability|p2a: Eternatus|Pressure\n|turn|1\n|inactive|PokemonmasterN2009 has 30 seconds left.\n|inactive|PokemonmasterN2009 has 20 seconds left.\n|\n|t:|1745997203\n|move|p2a: Eternatus|Toxic Spikes|p1a: Smeargle\n|-sidestart|p1: PokemonmasterN2009|move: Toxic Spikes\n|move|p1a: Smeargle|Decorate|p1b: Calyrex\n|-boost|p1b: Calyrex|atk|2\n|-boost|p1b: Calyrex|spa|2\n|move|p2b: Dondozo|Body Press|p1a: Smeargle\n|-supereffective|p1a: Smeargle\n|-damage|p1a: Smeargle|29/100\n|move|p1b: Calyrex|Trick Room|p1b: Calyrex\n|-fieldstart|move: Trick Room|[of] p1b: Calyrex\n|\n|upkeep\n|turn|2\n|\n|t:|1745997220\n|switch|p2a: Tatsugiri|Tatsugiri-Droopy, L50, M|100/100\n|-activate|p2a: Tatsugiri|ability: Commander|[of] p2b: Dondozo\n|-boost|p2b: Dondozo|atk|2\n|-boost|p2b: Dondozo|spa|2\n|-boost|p2b: Dondozo|spe|2\n|-boost|p2b: Dondozo|def|2\n|-boost|p2b: Dondozo|spd|2\n|move|p1a: Smeargle|Decorate|p1b: Calyrex\n|-boost|p1b: Calyrex|atk|2\n|-boost|p1b: Calyrex|spa|2\n|move|p1b: Calyrex|Glacial Lance|p2a: Tatsugiri|[spread] p2b\n|-miss|p1b: Calyrex|p2a: Tatsugiri\n|-resisted|p2b: Dondozo\n|-damage|p2b: Dondozo|93/100\n|move|p2b: Dondozo|Earthquake|p1a: Smeargle|[spread] p1a,p1b\n|-miss|p2b: Dondozo|p2a: Tatsugiri\n|-damage|p1a: Smeargle|0 fnt\n|-damage|p1b: Calyrex|78/100\n|faint|p1a: Smeargle\n|\n|upkeep\n|\n|t:|1745997226\n|switch|p1a: Amoonguss|Amoonguss, L50, M|100/100\n|-sideend|p1: PokemonmasterN2009|move: Toxic Spikes|[of] p1a: Amoonguss\n|turn|3\n|\n|t:|1745997244\n|move|p1a: Amoonguss|Clear Smog|p2b: Dondozo\n|-damage|p2b: Dondozo|87/100\n|-clearboost|p2b: Dondozo\n|move|p2b: Dondozo|Body Press|p1b: Calyrex\n|-damage|p1b: Calyrex|60/100\n|move|p1b: Calyrex|High Horsepower|p2b: Dondozo\n|-damage|p2b: Dondozo|64/100\n|-damage|p1b: Calyrex|44/100|[from] item: Rocky Helmet|[of] p2b: Dondozo\n|\n|upkeep\n|turn|4\n|\n|t:|1745997250\n|move|p1a: Amoonguss|Pollen Puff|p1b: Calyrex\n|-heal|p1b: Calyrex|94/100\n|move|p2b: Dondozo|Body Press|p1b: Calyrex\n|-damage|p1b: Calyrex|76/100\n|move|p1b: Calyrex|High Horsepower|p2b: Dondozo\n|-damage|p2b: Dondozo|40/100\n|-damage|p1b: Calyrex|60/100|[from] item: Rocky Helmet|[of] p2b: Dondozo\n|\n|upkeep\n|turn|5\n|\n|t:|1745997256\n|move|p1a: Amoonguss|Pollen Puff|p1b: Calyrex\n|-heal|p1b: Calyrex|100/100\n|move|p2b: Dondozo|Earthquake|p1a: Amoonguss|[spread] p1a,p1b\n|-miss|p2b: Dondozo|p2a: Tatsugiri\n|-damage|p1a: Amoonguss|89/100\n|-damage|p1b: Calyrex|90/100\n|move|p1b: Calyrex|High Horsepower|p2b: Dondozo\n|-damage|p2b: Dondozo|17/100\n|-damage|p1b: Calyrex|73/100|[from] item: Rocky Helmet|[of] p2b: Dondozo\n|\n|-fieldend|move: Trick Room\n|upkeep\n|turn|6\n|\n|t:|1745997261\n|move|p2b: Dondozo|Earthquake|p1a: Amoonguss|[spread] p1a,p1b\n|-miss|p2b: Dondozo|p2a: Tatsugiri\n|-damage|p1a: Amoonguss|74/100\n|-damage|p1b: Calyrex|62/100\n|move|p1a: Amoonguss|Pollen Puff|p2b: Dondozo\n|-damage|p2b: Dondozo|1/100\n|move|p1b: Calyrex|Trick Room|p1b: Calyrex\n|-fieldstart|move: Trick Room|[of] p1b: Calyrex\n|\n|upkeep\n|turn|7\n|\n|t:|1745997270\n|move|p1a: Amoonguss|Pollen Puff|p1b: Calyrex\n|-heal|p1b: Calyrex|100/100\n|move|p2b: Dondozo|Earthquake|p1a: Amoonguss|[spread] p1a,p1b\n|-miss|p2b: Dondozo|p2a: Tatsugiri\n|-damage|p1a: Amoonguss|62/100\n|-damage|p1b: Calyrex|88/100\n|move|p1b: Calyrex|Trick Room|p1b: Calyrex\n|-fieldend|move: Trick Room\n|\n|upkeep\n|turn|8\n|\n|t:|1745997274\n|move|p2b: Dondozo|Earthquake|p1b: Calyrex|[spread] p1a,p1b\n|-miss|p2b: Dondozo|p2a: Tatsugiri\n|-damage|p1a: Amoonguss|48/100\n|-damage|p1b: Calyrex|76/100\n|move|p1a: Amoonguss|Pollen Puff|p2b: Dondozo\n|-damage|p2b: Dondozo|0 fnt\n|faint|p2b: Dondozo\n|move|p1b: Calyrex|Trick Room|p1b: Calyrex\n|-fieldstart|move: Trick Room|[of] p1b: Calyrex\n|\n|upkeep\n|-message|lover heart forfeited.\n|\n|win|PokemonmasterN2009\n|l|\u2606lover heart\n|player|p2|\n||lover heart is ready for game 2.\n||PokemonmasterN2009 is ready for game 2.\n|uhtml|next|Next: <a href=\"/battle-gen9vgc2025regibo3-2353771773\"><strong>Game 2 of 3</strong></a>\n|l|\u2606PokemonmasterN2009\n|player|p1|\n", "uploadtime": 1745997563, "views": 7, "formatid": "gen9vgc2025regibo3", "rating": null, "private": 0, "password": null}