{"id": "gen9vgc2025regibo3-2354900520", "format": "[Gen 9] VGC 2025 Reg I (Bo3)", "players": ["Rege1", "IgkyuSleepyTrainer"], "log": "|j|\u2606Rege1\n|j|\u2606IgkyuSleepyTrainer\n|html|<table width=\"100%\"><tr><td align=\"left\">Rege1</td><td align=\"right\">IgkyuSleepyTrainer</tr><tr><td align=\"left\"><i class=\"fa fa-circle-o\"></i> <i class=\"fa fa-circle-o\"></i> </td><td align=\"right\"><i class=\"fa fa-circle-o\"></i> <i class=\"fa fa-circle-o\"></i> </tr></table>\n|uhtml|bestof|<h2><strong>Game 1</strong> of <a href=\"/game-bestof3-gen9vgc2025regibo3-2354900519\">a best-of-3</a></h2>\n|t:|1746129902\n|gametype|doubles\n|player|p1|Rege1|psychic-gen4|1010\n|player|p2|IgkyuSleepyTrainer|shadowtriad|1065\n|teamsize|p1|6\n|teamsize|p2|6\n|gen|9\n|tier|[Gen 9] VGC 2025 Reg I (Bo3)\n|rated|\n|rule|Species Clause: Limit one of each Pok\u00e9mon\n|rule|Item Clause: Limit 1 of each item\n|clearpoke\n|poke|p1|Ho-Oh, L50|\n|poke|p1|Amoonguss, L50, F|\n|poke|p1|Kyurem-White, L50|\n|poke|p1|Scyther, L50, M|\n|poke|p1|Dondozo, L50, F|\n|poke|p1|Tatsugiri-Stretchy, L50, F|\n|poke|p2|Dialga-Origin, L50|\n|poke|p2|Kyogre, L50|\n|poke|p2|Indeedee-F, L50, F|\n|poke|p2|Incineroar, L50, M|\n|poke|p2|Ursaluna, L50, F|\n|poke|p2|Sinistcha, L50|\n|teampreview|4\n|showteam|p1|Ho-Oh||CovertCloak|Regenerator|Tailwind,SacredFire,BraveBird,Recover||||||50|,,,,,Grass]Amoonguss||RockyHelmet|EffectSpore|PollenPuff,RagePowder,Protect,Spore|||F|||50|,,,,,Water]Kyurem-White||LifeOrb|Turboblaze|FusionFlare,FreezeDry,DracoMeteor,Protect||||||50|,,,,,Fire]Scyther||Eviolite|Technician|DualWingbeat,Tailwind,Uturn,HelpingHand|||M|||50|,,,,,Ground]Dondozo||AssaultVest|Unaware|OrderUp,Fissure,AquaTail,HeavySlam|||F|||50|,,,,,Steel]Tatsugiri-Stretchy||ChoiceScarf|Commander|DragonPulse,MuddyWater,SleepTalk,Surf|||F|||50|,,,,,Dragon\n|showteam|p2|Dialga-Origin||AdamantCrystal|Telepathy|FlashCannon,DracoMeteor,TrickRoom,Protect||||||50|,,,,,Fairy]Kyogre||AssaultVest|Drizzle|WaterSpout,IceBeam,Thunder,OriginPulse||||||50|,,,,,Grass]Indeedee-F||PsychicSeed|PsychicSurge|Psychic,HealPulse,FollowMe,TrickRoom|||F|||50|,,,,,Fairy]Incineroar||SafetyGoggles|Intimidate|KnockOff,WillOWisp,FakeOut,PartingShot|||M|||50|,,,,,Bug]Ursaluna||FlameOrb|Guts|Facade,HeadlongRush,Earthquake,Protect|||F|||50|,,,,,Ghost]Sinistcha||RockyHelmet|Hospitality|MatchaGotcha,RagePowder,LifeDew,TrickRoom||||||50|,,,,,Water\n|inactive|Battle timer is ON: inactive players will automatically lose when time's up. (requested by IgkyuSleepyTrainer)\n|\n|t:|1746129913\n|start\n|switch|p1a: Dondozo|Dondozo, L50, F|100/100\n|switch|p1b: Tatsugiri|Tatsugiri-Stretchy, L50, F, shiny|100/100\n|switch|p2a: Indeedee|Indeedee-F, L50, F|100/100\n|switch|p2b: Kyogre|Kyogre, L50|100/100\n|-weather|RainDance|[from] ability: Drizzle|[of] p2b: Kyogre\n|-fieldstart|move: Psychic Terrain|[from] ability: Psychic Surge|[of] p2a: Indeedee\n|-enditem|p2a: Indeedee|Psychic Seed\n|-boost|p2a: Indeedee|spd|1|[from] item: Psychic Seed\n|-activate|p1b: Tatsugiri|ability: Commander|[of] p1a: Dondozo\n|-boost|p1a: Dondozo|atk|2\n|-boost|p1a: Dondozo|spa|2\n|-boost|p1a: Dondozo|spe|2\n|-boost|p1a: Dondozo|def|2\n|-boost|p1a: Dondozo|spd|2\n|turn|1\n|\n|t:|1746129937\n|move|p2b: Kyogre|Thunder|p1b: Tatsugiri|[miss]\n|-miss|p2b: Kyogre|p1b: Tatsugiri\n|move|p1a: Dondozo|Heavy Slam|p2a: Indeedee\n|-damage|p2a: Indeedee|42/100\n|move|p2a: Indeedee|Psychic|p1b: Tatsugiri|[miss]\n|-miss|p2a: Indeedee|p1b: Tatsugiri\n|\n|-weather|RainDance|[upkeep]\n|upkeep\n|turn|2\n|\n|t:|1746129961\n|move|p2a: Indeedee|Follow Me|p2a: Indeedee\n|-singleturn|p2a: Indeedee|move: Follow Me\n|move|p2b: Kyogre|Thunder|p1b: Tatsugiri|[miss]\n|-miss|p2b: Kyogre|p1b: Tatsugiri\n|move|p1a: Dondozo|Heavy Slam|p2a: Indeedee\n|-damage|p2a: Indeedee|0 fnt\n|faint|p2a: Indeedee\n|\n|-weather|RainDance|[upkeep]\n|upkeep\n|\n|t:|1746129968\n|switch|p2a: Dialga|Dialga-Origin, L50|100/100\n|turn|3\n|\n|t:|1746129976\n|-terastallize|p1a: Dondozo|Steel\n|move|p2b: Kyogre|Thunder|p1a: Dondozo\n|-damage|p1a: Dondozo|89/100\n|-status|p1a: Dondozo|par\n|move|p1a: Dondozo|Fissure|p2a: Dialga|[miss]\n|-miss|p1a: Dondozo|p2a: Dialga\n|move|p2a: Dialga|Trick Room|p2a: Dialga\n|-fieldstart|move: Trick Room|[of] p2a: Dialga\n|\n|-weather|RainDance|[upkeep]\n|upkeep\n|turn|4\n|\n|t:|1746129991\n|switch|p2b: Ursaluna|Ursaluna, L50, F|100/100\n|move|p1a: Dondozo|Fissure|p2a: Dialga|[miss]\n|-miss|p1a: Dondozo|p2a: Dialga\n|move|p2a: Dialga|Draco Meteor|p1a: Dondozo\n|-resisted|p1a: Dondozo\n|-damage|p1a: Dondozo|77/100 par\n|-unboost|p2a: Dialga|spa|2\n|\n|-weather|RainDance|[upkeep]\n|-status|p2b: Ursaluna|brn|[from] item: Flame Orb\n|upkeep\n|turn|5\n|\n|t:|1746130003\n|switch|p2a: Kyogre|Kyogre, L50|100/100\n|-terastallize|p2b: Ursaluna|Ghost\n|move|p1a: Dondozo|Fissure|p2a: Kyogre|[miss]\n|-miss|p1a: Dondozo|p2a: Kyogre\n|move|p2b: Ursaluna|Headlong Rush|p1a: Dondozo\n|-supereffective|p1a: Dondozo\n|-damage|p1a: Dondozo|16/100 par\n|-unboost|p2b: Ursaluna|def|1\n|-unboost|p2b: Ursaluna|spd|1\n|\n|-weather|none\n|-damage|p2b: Ursaluna|95/100 brn|[from] brn\n|-fieldend|move: Psychic Terrain\n|upkeep\n|turn|6\n|inactive|IgkyuSleepyTrainer has 30 seconds left.\n|inactive|IgkyuSleepyTrainer has 20 seconds left.\n|inactive|IgkyuSleepyTrainer has 15 seconds left.\n|inactive|Rege1 has 30 seconds left.\n|\n|t:|1746130056\n|switch|p2a: Dialga|Dialga-Origin, L50|100/100\n|move|p2b: Ursaluna|Protect|p2b: Ursaluna\n|-singleturn|p2b: Ursaluna|Protect\n|move|p1a: Dondozo|Fissure|p2b: Ursaluna\n|-activate|p2b: Ursaluna|move: Protect\n|\n|-damage|p2b: Ursaluna|89/100 brn|[from] brn\n|upkeep\n|turn|7\n|inactive|Rege1 has 30 seconds left.\n|inactive|IgkyuSleepyTrainer has 30 seconds left.\n|inactive|IgkyuSleepyTrainer has 20 seconds left.\n|inactive|IgkyuSleepyTrainer has 15 seconds left.\n|\n|t:|1746130097\n|move|p2a: Dialga|Protect|p2a: Dialga\n|-singleturn|p2a: Dialga|Protect\n|move|p1a: Dondozo|Fissure|p2b: Ursaluna|[miss]\n|-miss|p1a: Dondozo|p2b: Ursaluna\n|move|p2b: Ursaluna|Earthquake|p1b: Tatsugiri|[spread] p1a\n|-miss|p2b: Ursaluna|p1b: Tatsugiri\n|-activate|p2a: Dialga|move: Protect\n|-supereffective|p1a: Dondozo\n|-damage|p1a: Dondozo|0 fnt\n|faint|p1a: Dondozo\n|\n|-damage|p2b: Ursaluna|83/100 brn|[from] brn\n|-fieldend|move: Trick Room\n|upkeep\n|\n|t:|1746130111\n|switch|p1a: Ho-Oh|Ho-Oh, L50|100/100\n|turn|8\n|\n|t:|1746130130\n|switch|p2a: Kyogre|Kyogre, L50|100/100\n|-weather|RainDance|[from] ability: Drizzle|[of] p2a: Kyogre\n|move|p2b: Ursaluna|Protect|p2b: Ursaluna\n|-singleturn|p2b: Ursaluna|Protect\n|move|p1b: Tatsugiri|Dragon Pulse|p2b: Ursaluna\n|-activate|p2b: Ursaluna|move: Protect\n|move|p1a: Ho-Oh|Tailwind|p1a: Ho-Oh\n|-sidestart|p1: Rege1|move: Tailwind\n|\n|-weather|RainDance|[upkeep]\n|-damage|p2b: Ursaluna|77/100 brn|[from] brn\n|upkeep\n|turn|9\n|\n|t:|1746130149\n|move|p1b: Tatsugiri|Dragon Pulse|p2a: Kyogre\n|-damage|p2a: Kyogre|85/100\n|move|p1a: Ho-Oh|Brave Bird|p2b: Ursaluna\n|-damage|p2b: Ursaluna|10/100 brn\n|-damage|p1a: Ho-Oh|75/100|[from] Recoil\n|move|p2a: Kyogre|Origin Pulse|p1b: Tatsugiri|[spread] p1a,p1b\n|-supereffective|p1a: Ho-Oh\n|-resisted|p1b: Tatsugiri\n|-damage|p1a: Ho-Oh|0 fnt\n|-damage|p1b: Tatsugiri|81/100\n|faint|p1a: Ho-Oh\n|move|p2b: Ursaluna|Facade|p1b: Tatsugiri\n|-damage|p1b: Tatsugiri|0 fnt\n|faint|p1b: Tatsugiri\n|\n|-weather|RainDance|[upkeep]\n|-damage|p2b: Ursaluna|4/100 brn|[from] brn\n|upkeep\n|\n|t:|1746130165\n|switch|p1a: Amoonguss|Amoonguss, L50, F|100/100\n|turn|10\n|\n|t:|1746130174\n|move|p2a: Kyogre|Ice Beam|p1a: Amoonguss\n|-supereffective|p1a: Amoonguss\n|-crit|p1a: Amoonguss\n|-damage|p1a: Amoonguss|15/100\n|move|p1a: Amoonguss|Spore|p2a: Kyogre\n|-status|p2a: Kyogre|slp|[from] move: Spore\n|move|p2b: Ursaluna|Facade|p1a: Amoonguss\n|-damage|p1a: Amoonguss|0 fnt\n|-damage|p2b: Ursaluna|0 fnt|[from] item: Rocky Helmet|[of] p1a: Amoonguss\n|faint|p1a: Amoonguss\n|faint|p2b: Ursaluna\n|\n|win|IgkyuSleepyTrainer\n|inactive|Rege1 has 30 seconds to confirm battle start!\n|inactive|IgkyuSleepyTrainer has 30 seconds to confirm battle start!\n|l|\u2606Rege1\n|player|p1|\n||IgkyuSleepyTrainer is ready for game 2.\n|raw|Rege1's rating: 1010 &rarr; <strong>1000</strong><br />(-10 for losing)\n|raw|IgkyuSleepyTrainer's rating: 1065 &rarr; <strong>1091</strong><br />(+26 for winning)\n|l|\u2606IgkyuSleepyTrainer\n|player|p2|\n", "uploadtime": 1746130448, "views": 5, "formatid": "gen9vgc2025regibo3", "rating": 1000, "private": 0, "password": null}