{"id": "gen9vgc2025regibo3-2355088314", "format": "[Gen 9] VGC 2025 Reg I (Bo3)", "players": ["6151651465n", "zamazentamygoat"], "log": "|j|\u26066151651465n\n|j|\u2606zamazentamygoat\n|html|<table width=\"100%\"><tr><td align=\"left\">6151651465n</td><td align=\"right\">zamazentamygoat</tr><tr><td align=\"left\"><i class=\"fa fa-circle-o\"></i> <i class=\"fa fa-circle-o\"></i> </td><td align=\"right\"><i class=\"fa fa-circle-o\"></i> <i class=\"fa fa-circle\"></i> </tr></table>\n|uhtml|bestof|<h2><strong>Game 2</strong> of <a href=\"/game-bestof3-gen9vgc2025regibo3-2355085451\">a best-of-3</a></h2>\n|t:|1746150966\n|gametype|doubles\n|player|p1|6151651465n|pokekid|1379\n|player|p2|zamazentamygoat|scientist-gen4|1372\n|teamsize|p1|6\n|teamsize|p2|6\n|gen|9\n|tier|[Gen 9] VGC 2025 Reg I (Bo3)\n|rated|\n|rule|Species Clause: Limit one of each Pok\u00e9mon\n|rule|Item Clause: Limit 1 of each item\n|clearpoke\n|poke|p1|Dialga, L50|\n|poke|p1|Ursaluna, L50, F|\n|poke|p1|Indeedee-F, L50, F|\n|poke|p1|Miraidon, L50|\n|poke|p1|Grimmsnarl, L50, M|\n|poke|p1|Incineroar, L50, M|\n|poke|p2|Zamazenta-*, L50|\n|poke|p2|Volcarona, L50, F|\n|poke|p2|Comfey, L50, M|\n|poke|p2|Rillaboom, L50, F|\n|poke|p2|Incineroar, L50, M|\n|poke|p2|Calyrex-Shadow, L50|\n|teampreview|4\n|showteam|p1|Dialga||AdamantOrb|Telepathy|DracoMeteor,PsychUp,TrickRoom,FlashCannon||||||50|,,,,,Grass]Ursaluna||FlameOrb|Guts|Earthquake,Facade,HeadlongRush,Protect|||F|||50|,,,,,Ghost]Indeedee-F||PsychicSeed|PsychicSurge|FollowMe,Trick,HealPulse,HelpingHand|||F|||50|,,,,,Fairy]Miraidon||Leftovers|HadronEngine|CalmMind,ElectroDrift,DazzlingGleam,Protect||||||50|,,,,,Fairy]Grimmsnarl||LightClay|Prankster|FakeOut,LightScreen,Reflect,SpiritBreak|||M|||50|,,,,,Fairy]Incineroar||SafetyGoggles|Intimidate|PartingShot,FakeOut,FlareBlitz,KnockOff|||M|||50|,,,,,Ghost\n|showteam|p2|Zamazenta-Crowned||RustedShield|DauntlessShield|WideGuard,IronDefense,BodyPress,Snarl||||||50|,,,,,Dragon]Volcarona||Leftovers|FlameBody|QuiverDance,FieryDance,GigaDrain,Protect|||F|||50|,,,,,Grass]Comfey||MentalHerb|Triage|Taunt,FloralHealing,DrainingKiss,Protect|||M|||50|,,,,,Steel]Rillaboom||AssaultVest|GrassySurge|WoodHammer,FakeOut,Uturn,GrassyGlide|||F|||50|,,,,,Grass]Incineroar||SitrusBerry|Intimidate|KnockOff,FlareBlitz,FakeOut,PartingShot|||M|||50|,,,,,Ghost]Calyrex-Shadow||FocusSash|AsOneSpectrier|AstralBarrage,Psyshock,Encore,Protect||||||50|,,,,,Ghost\n|inactive|Battle timer is ON: inactive players will automatically lose when time's up. (requested by zamazentamygoat)\n|\n|t:|1746150988\n|start\n|switch|p1a: Grimmsnarl|Grimmsnarl, L50, M|100/100\n|switch|p1b: Miraidon|Miraidon, L50|100/100\n|switch|p2a: Zamazenta|Zamazenta-Crowned, L50|100/100\n|switch|p2b: Comfey|Comfey, L50, M|100/100\n|-ability|p2a: Zamazenta|Dauntless Shield|boost\n|-boost|p2a: Zamazenta|def|1\n|-fieldstart|move: Electric Terrain|[from] ability: Hadron Engine|[of] p1b: Miraidon\n|turn|1\n|\n|t:|1746151004\n|move|p1a: Grimmsnarl|Fake Out|p2a: Zamazenta\n|-resisted|p2a: Zamazenta\n|-damage|p2a: Zamazenta|98/100\n|cant|p2a: Zamazenta|flinch\n|move|p1b: Miraidon|Calm Mind|p1b: Miraidon\n|-boost|p1b: Miraidon|spa|1\n|-boost|p1b: Miraidon|spd|1\n|move|p2b: Comfey|Taunt|p1a: Grimmsnarl\n|-start|p1a: Grimmsnarl|move: Taunt\n|\n|upkeep\n|turn|2\n|inactive|6151651465n has 30 seconds left.\n|\n|t:|1746151030\n|-terastallize|p1b: Miraidon|Fairy\n|move|p2a: Zamazenta|Body Press|p1b: Miraidon\n|-resisted|p1b: Miraidon\n|-damage|p1b: Miraidon|69/100\n|move|p1b: Miraidon|Electro Drift|p2a: Zamazenta\n|-damage|p2a: Zamazenta|0 fnt\n|faint|p2a: Zamazenta\n|move|p2b: Comfey|Taunt|p1b: Miraidon\n|-start|p1b: Miraidon|move: Taunt\n|move|p1a: Grimmsnarl|Spirit Break|p2b: Comfey\n|-crit|p2b: Comfey\n|-damage|p2b: Comfey|55/100\n|-unboost|p2b: Comfey|spa|1\n|\n|-heal|p1b: Miraidon|75/100|[from] item: Leftovers\n|upkeep\n|\n|t:|1746151040\n|switch|p2a: Calyrex|Calyrex-Shadow, L50|100/100\n|-ability|p2a: Calyrex|As One\n|-ability|p2a: Calyrex|Unnerve\n|turn|3\n|\n|t:|1746151060\n|move|p2b: Comfey|Draining Kiss|p1a: Grimmsnarl\n|-supereffective|p1a: Grimmsnarl\n|-damage|p1a: Grimmsnarl|82/100\n|-heal|p2b: Comfey|73/100|[from] drain|[of] p1a: Grimmsnarl\n|move|p2a: Calyrex|Psyshock|p1b: Miraidon\n|-crit|p1b: Miraidon\n|-damage|p1b: Miraidon|4/100\n|move|p1b: Miraidon|Electro Drift|p2a: Calyrex\n|-enditem|p2a: Calyrex|Focus Sash\n|-damage|p2a: Calyrex|1/100\n|move|p1a: Grimmsnarl|Spirit Break|p2a: Calyrex\n|-damage|p2a: Calyrex|0 fnt\n|faint|p2a: Calyrex\n|\n|-heal|p1b: Miraidon|10/100|[from] item: Leftovers\n|upkeep\n|\n|t:|1746151068\n|switch|p2a: Volcarona|Volcarona, L50, F|100/100\n|turn|4\n|inactive|6151651465n has 30 seconds left.\n|inactive|6151651465n has 20 seconds left.\n|inactive|6151651465n has 15 seconds left.\n|\n|t:|1746151111\n|switch|p1a: Indeedee|Indeedee-F, L50, F|100/100\n|-fieldstart|move: Psychic Terrain|[from] ability: Psychic Surge|[of] p1a: Indeedee\n|-enditem|p1a: Indeedee|Psychic Seed\n|-boost|p1a: Indeedee|spd|1|[from] item: Psychic Seed\n|-terastallize|p2a: Volcarona|Grass\n|move|p2b: Comfey|Protect|p2b: Comfey\n|-singleturn|p2b: Comfey|Protect\n|move|p1b: Miraidon|Electro Drift|p2b: Comfey\n|-activate|p2b: Comfey|move: Protect\n|move|p2a: Volcarona|Fiery Dance|p1b: Miraidon\n|-damage|p1b: Miraidon|0 fnt\n|faint|p1b: Miraidon\n|\n|upkeep\n|\n|t:|1746151126\n|switch|p1b: Ursaluna|Ursaluna, L50, F|100/100\n|turn|5\n|\n|t:|1746151144\n|move|p1a: Indeedee|Follow Me|p1a: Indeedee\n|-singleturn|p1a: Indeedee|move: Follow Me\n|move|p2a: Volcarona|Quiver Dance|p2a: Volcarona\n|-boost|p2a: Volcarona|spa|1\n|-boost|p2a: Volcarona|spd|1\n|-boost|p2a: Volcarona|spe|1\n|move|p2b: Comfey|Taunt|p1a: Indeedee\n|-start|p1a: Indeedee|move: Taunt\n|move|p1b: Ursaluna|Facade|p2a: Volcarona\n|-damage|p2a: Volcarona|54/100\n|-status|p1b: Ursaluna|brn|[from] ability: Flame Body|[of] p2a: Volcarona\n|\n|-heal|p2a: Volcarona|60/100|[from] item: Leftovers\n|-damage|p1b: Ursaluna|95/100 brn|[from] brn\n|upkeep\n|turn|6\n|\n|t:|1746151168\n|switch|p1a: Grimmsnarl|Grimmsnarl, L50, M|82/100\n|move|p1b: Ursaluna|Protect|p1b: Ursaluna\n|-singleturn|p1b: Ursaluna|Protect\n|move|p2a: Volcarona|Giga Drain|p1b: Ursaluna\n|-activate|p1b: Ursaluna|move: Protect\n|move|p2b: Comfey|Taunt|p1a: Grimmsnarl\n|-start|p1a: Grimmsnarl|move: Taunt\n|\n|-heal|p2a: Volcarona|66/100|[from] item: Leftovers\n|-damage|p1b: Ursaluna|89/100 brn|[from] brn\n|upkeep\n|turn|7\n|\n|t:|1746151184\n|switch|p1b: Indeedee|Indeedee-F, L50, F|100/100\n|move|p2a: Volcarona|Protect|p2a: Volcarona\n|-singleturn|p2a: Volcarona|Protect\n|move|p2b: Comfey|Taunt||[still]\n|-fail|p2b: Comfey\n|move|p1a: Grimmsnarl|Spirit Break|p2a: Volcarona\n|-activate|p2a: Volcarona|move: Protect\n|\n|-heal|p2a: Volcarona|72/100|[from] item: Leftovers\n|upkeep\n|turn|8\n|\n|t:|1746151201\n|move|p1b: Indeedee|Helping Hand|p1a: Grimmsnarl\n|-singleturn|p1a: Grimmsnarl|Helping Hand|[of] p1b: Indeedee\n|move|p2a: Volcarona|Quiver Dance|p2a: Volcarona\n|-boost|p2a: Volcarona|spa|1\n|-boost|p2a: Volcarona|spd|1\n|-boost|p2a: Volcarona|spe|1\n|move|p2b: Comfey|Taunt|p1b: Indeedee\n|-start|p1b: Indeedee|move: Taunt\n|move|p1a: Grimmsnarl|Spirit Break|p2a: Volcarona\n|-damage|p2a: Volcarona|17/100\n|-unboost|p2a: Volcarona|spa|1\n|\n|-heal|p2a: Volcarona|23/100|[from] item: Leftovers\n|-end|p1a: Grimmsnarl|move: Taunt\n|-fieldend|move: Psychic Terrain\n|upkeep\n|turn|9\n|inactive|6151651465n has 30 seconds left.\n|\n|t:|1746151227\n|switch|p1b: Ursaluna|Ursaluna, L50, F|89/100 brn\n|move|p2b: Comfey|Floral Healing|p2a: Volcarona\n|-heal|p2a: Volcarona|73/100\n|move|p1a: Grimmsnarl|Light Screen|p1a: Grimmsnarl\n|-sidestart|p1: 6151651465n|move: Light Screen\n|move|p2a: Volcarona|Fiery Dance|p1a: Grimmsnarl\n|-damage|p1a: Grimmsnarl|48/100\n|\n|-heal|p2a: Volcarona|80/100|[from] item: Leftovers\n|-damage|p1b: Ursaluna|83/100 brn|[from] brn\n|upkeep\n|turn|10\n|inactive|6151651465n has 30 seconds left.\n|\n|t:|1746151262\n|switch|p1a: Indeedee|Indeedee-F, L50, F|100/100\n|-fieldstart|move: Psychic Terrain|[from] ability: Psychic Surge|[of] p1a: Indeedee\n|move|p2a: Volcarona|Protect|p2a: Volcarona\n|-singleturn|p2a: Volcarona|Protect\n|move|p1b: Ursaluna|Protect|p1b: Ursaluna\n|-singleturn|p1b: Ursaluna|Protect\n|move|p2b: Comfey|Taunt|p1a: Indeedee\n|-start|p1a: Indeedee|move: Taunt\n|\n|-heal|p2a: Volcarona|86/100|[from] item: Leftovers\n|-damage|p1b: Ursaluna|77/100 brn|[from] brn\n|upkeep\n|turn|11\n|\n|t:|1746151283\n|switch|p1a: Grimmsnarl|Grimmsnarl, L50, M|48/100\n|move|p2a: Volcarona|Giga Drain|p1b: Ursaluna\n|-supereffective|p1b: Ursaluna\n|-damage|p1b: Ursaluna|14/100 brn\n|-heal|p2a: Volcarona|100/100|[from] drain|[of] p1b: Ursaluna\n|move|p2b: Comfey|Taunt|p1a: Grimmsnarl\n|-start|p1a: Grimmsnarl|move: Taunt\n|move|p1b: Ursaluna|Facade|p2a: Volcarona\n|-damage|p2a: Volcarona|0 fnt\n|faint|p2a: Volcarona\n|\n|-damage|p1b: Ursaluna|8/100 brn|[from] brn\n|upkeep\n|turn|12\n|-message|zamazentamygoat forfeited.\n|\n|win|6151651465n\n||zamazentamygoat is ready for game 3.\n|raw|6151651465n's rating: 1379 &rarr; <strong>1359</strong><br />(-20 for losing)\n|raw|zamazentamygoat's rating: 1372 &rarr; <strong>1392</strong><br />(+20 for winning)\n|l|\u26066151651465n\n|player|p1|\n|l|\u2606zamazentamygoat\n|player|p2|\n", "uploadtime": 1746151565, "views": 3, "formatid": "gen9vgc2025regibo3", "rating": 1359, "private": 0, "password": null}