{"id": "gen9vgc2025regibo3-2353985819", "format": "[Gen 9] VGC 2025 Reg I (Bo3)", "players": ["fireb7798", "Richiskz"], "log": "|j|\u2606fireb7798\n|j|\u2606Richiskz\n|html|<table width=\"100%\"><tr><td align=\"left\">fireb7798</td><td align=\"right\">Richiskz</tr><tr><td align=\"left\"><i class=\"fa fa-circle-o\"></i> <i class=\"fa fa-circle-o\"></i> </td><td align=\"right\"><i class=\"fa fa-circle-o\"></i> <i class=\"fa fa-circle\"></i> </tr></table>\n|uhtml|bestof|<h2><strong>Game 2</strong> of <a href=\"/game-bestof3-gen9vgc2025regibo3-2353982616\">a best-of-3</a></h2>\n|t:|1746025076\n|gametype|doubles\n|player|p1|fireb7798|shauntal|1073\n|player|p2|Richiskz|marshal|1059\n|teamsize|p1|6\n|teamsize|p2|6\n|gen|9\n|tier|[Gen 9] VGC 2025 Reg I (Bo3)\n|rated|\n|rule|Species Clause: Limit one of each Pok\u00e9mon\n|rule|Item Clause: Limit 1 of each item\n|clearpoke\n|poke|p1|Groudon, L50|\n|poke|p1|Lunala, L50|\n|poke|p1|Meowstic, L50, M|\n|poke|p1|Chi-Yu, L50|\n|poke|p1|Roaring Moon, L50|\n|poke|p1|Flutter Mane, L50|\n|poke|p2|Glimmora, L50, M|\n|poke|p2|Garganacl, L50, M|\n|poke|p2|Calyrex-Shadow, L50|\n|poke|p2|Zamazenta-*, L50|\n|poke|p2|Urshifu-*, L50, F|\n|poke|p2|Tornadus, L50, M|\n|teampreview|4\n|showteam|p1|Groudon||ClearAmulet|Drought|PrecipiceBlades,FirePunch,ThunderWave,Protect||||||50|,,,,,Ground]Lunala||Leftovers|ShadowShield|TrickRoom,ExpandingForce,MoongeistBeam,WideGuard||||||50|,,,,,Dark]Meowstic||LightClay|KeenEye|Reflect,Gravity,PsychicTerrain,LightScreen|||M|||50|,,,,,Dark]Chi-Yu||ChoiceScarf|BeadsofRuin|HeatWave,Overheat,Snarl,DarkPulse||||||50|,,,,,Ghost]Roaring Moon||BoosterEnergy|Protosynthesis|KnockOff,Tailwind,Protect,Acrobatics||||||50|,,,,,Flying]Flutter Mane||FocusSash|Protosynthesis|TrickRoom,Protect,Moonblast,ThunderWave||||||50|,,,,,Dark\n|showteam|p2|Glimmora||FocusSash|ToxicDebris|Spikes,SpikyShield,MortalSpin,Explosion|||M|||50|,,,,,Ghost]Garganacl||Leftovers|Sturdy|SaltCure,StealthRock,WideGuard,Protect|||M|||50|,,,,,Water]Calyrex-Shadow||LifeOrb|AsOneSpectrier|AstralBarrage,GigaDrain,NastyPlot,Protect||||||50|,,,,,Normal]Zamazenta-Crowned||RustedShield|DauntlessShield|BodyPress,behemothbash,WideGuard,Protect||||||50|,,,,,Fairy]Urshifu-Rapid-Strike||MysticWater|UnseenFist|SurgingStrikes,CloseCombat,AquaJet,Detect|||F|||50|,,,,,Fighting]Tornadus||CovertCloak|Prankster|Tailwind,BleakwindStorm,RainDance,Protect|||M|||50|,,,,,Flying\n|inactive|Battle timer is ON: inactive players will automatically lose when time's up. (requested by Richiskz)\n|inactive|fireb7798 has 60 seconds left.\n|\n|t:|1746025122\n|start\n|switch|p1a: Meowstic|Meowstic, L50, M|100/100\n|switch|p1b: Groudon|Groudon, L50|100/100\n|switch|p2a: Glimmora|Glimmora, L50, M|100/100\n|switch|p2b: Garganacl|Garganacl, L50, M|100/100\n|-weather|SunnyDay|[from] ability: Drought|[of] p1b: Groudon\n|turn|1\n|inactive|Richiskz has 30 seconds left.\n|\n|t:|1746025147\n|-terastallize|p2a: Glimmora|Ghost\n|move|p2a: Glimmora|Mortal Spin|p1a: Meowstic|[spread] p1a,p1b\n|-resisted|p1b: Groudon\n|-damage|p1a: Meowstic|95/100\n|-damage|p1b: Groudon|99/100\n|-status|p1a: Meowstic|psn\n|-status|p1b: Groudon|psn\n|move|p1a: Meowstic|Gravity|p1a: Meowstic\n|-fieldstart|move: Gravity\n|move|p1b: Groudon|Precipice Blades|p2a: Glimmora|[spread] p2a,p2b\n|-crit|p2a: Glimmora\n|-supereffective|p2b: Garganacl\n|-damage|p2a: Glimmora|9/100\n|-damage|p2b: Garganacl|39/100\n|-activate|p2a: Glimmora|ability: Toxic Debris\n|-sidestart|p1: fireb7798|move: Toxic Spikes\n|move|p2b: Garganacl|Salt Cure|p1b: Groudon\n|-resisted|p1b: Groudon\n|-damage|p1b: Groudon|94/100 psn\n|-start|p1b: Groudon|Salt Cure\n|\n|-weather|SunnyDay|[upkeep]\n|-heal|p2b: Garganacl|44/100|[from] item: Leftovers\n|-damage|p1a: Meowstic|83/100 psn|[from] psn\n|-damage|p1b: Groudon|82/100 psn|[from] psn\n|-damage|p1b: Groudon|70/100 psn|[from] Salt Cure\n|upkeep\n|turn|2\n|inactive|Richiskz has 30 seconds left.\n|\n|t:|1746025176\n|move|p2a: Glimmora|Spiky Shield|p2a: Glimmora\n|-singleturn|p2a: Glimmora|move: Protect\n|move|p2b: Garganacl|Protect|p2b: Garganacl\n|-singleturn|p2b: Garganacl|Protect\n|move|p1a: Meowstic|Light Screen|p1a: Meowstic\n|-sidestart|p1: fireb7798|move: Light Screen\n|move|p1b: Groudon|Precipice Blades|p2b: Garganacl|[spread] \n|-activate|p2a: Glimmora|move: Protect\n|-activate|p2b: Garganacl|move: Protect\n|\n|-weather|SunnyDay|[upkeep]\n|-heal|p2b: Garganacl|50/100|[from] item: Leftovers\n|-damage|p1a: Meowstic|71/100 psn|[from] psn\n|-damage|p1b: Groudon|58/100 psn|[from] psn\n|-damage|p1b: Groudon|46/100 psn|[from] Salt Cure\n|upkeep\n|turn|3\n|\n|t:|1746025195\n|move|p2a: Glimmora|Spikes|p1b: Groudon\n|-sidestart|p1: fireb7798|Spikes\n|move|p1a: Meowstic|Reflect|p1a: Meowstic\n|-sidestart|p1: fireb7798|Reflect\n|move|p1b: Groudon|Precipice Blades|p2b: Garganacl|[spread] p2a,p2b\n|-supereffective|p2b: Garganacl\n|-damage|p2a: Glimmora|0 fnt\n|-damage|p2b: Garganacl|0 fnt\n|-activate|p2a: Glimmora|ability: Toxic Debris\n|-sidestart|p1: fireb7798|move: Toxic Spikes\n|faint|p2a: Glimmora\n|faint|p2b: Garganacl\n|\n|-weather|SunnyDay|[upkeep]\n|-damage|p1a: Meowstic|59/100 psn|[from] psn\n|-damage|p1b: Groudon|34/100 psn|[from] psn\n|-damage|p1b: Groudon|21/100 psn|[from] Salt Cure\n|upkeep\n|\n|t:|1746025209\n|switch|p2a: Calyrex|Calyrex-Shadow, L50|100/100\n|switch|p2b: Urshifu|Urshifu-Rapid-Strike, L50, F|100/100\n|-ability|p2a: Calyrex|As One\n|-ability|p2a: Calyrex|Unnerve\n|turn|4\n|inactive|fireb7798 has 30 seconds left.\n|\n|t:|1746025241\n|move|p1b: Groudon|Protect|p1b: Groudon\n|-singleturn|p1b: Groudon|Protect\n|move|p2a: Calyrex|Astral Barrage|p1a: Meowstic|[spread] p1a\n|-activate|p1b: Groudon|move: Protect\n|-supereffective|p1a: Meowstic\n|-damage|p1a: Meowstic|0 fnt\n|faint|p1a: Meowstic\n|-ability|p2a: Calyrex|Grim Neigh|boost\n|-boost|p2a: Calyrex|spa|1\n|-damage|p2a: Calyrex|91/100|[from] item: Life Orb\n|move|p2b: Urshifu|Surging Strikes|p1b: Groudon\n|-supereffective|p1b: Groudon\n|-crit|p1b: Groudon\n|-damage|p1b: Groudon|6/100 psn\n|-supereffective|p1b: Groudon\n|-crit|p1b: Groudon\n|-damage|p1b: Groudon|0 fnt\n|faint|p1b: Groudon\n|-hitcount|p1: Groudon|2\n|\n|-weather|SunnyDay|[upkeep]\n|upkeep\n|\n|t:|1746025252\n|switch|p1a: Chi-Yu|Chi-Yu, L50|100/100\n|switch|p1b: Lunala|Lunala, L50|100/100\n|-status|p1a: Chi-Yu|tox\n|-damage|p1a: Chi-Yu|88/100 tox|[from] Spikes\n|-ability|p1a: Chi-Yu|Beads of Ruin\n|-status|p1b: Lunala|tox\n|-damage|p1b: Lunala|88/100 tox|[from] Spikes\n|turn|5\n|\n|t:|1746025276\n|-terastallize|p1a: Chi-Yu|Ghost\n|move|p2a: Calyrex|Protect|p2a: Calyrex\n|-singleturn|p2a: Calyrex|Protect\n|move|p1a: Chi-Yu|Dark Pulse|p2b: Urshifu\n|-resisted|p2b: Urshifu\n|-damage|p2b: Urshifu|50/100\n|move|p2b: Urshifu|Surging Strikes|p1b: Lunala\n|-crit|p1b: Lunala\n|-damage|p1b: Lunala|78/100 tox\n|-crit|p1b: Lunala\n|-damage|p1b: Lunala|68/100 tox\n|-crit|p1b: Lunala\n|-damage|p1b: Lunala|58/100 tox\n|-hitcount|p1b: Lunala|3\n|move|p1b: Lunala|Moongeist Beam|p2b: Urshifu\n|-damage|p2b: Urshifu|0 fnt\n|faint|p2b: Urshifu\n|\n|-weather|none\n|-heal|p1b: Lunala|64/100 tox|[from] item: Leftovers\n|-damage|p1a: Chi-Yu|82/100 tox|[from] psn\n|-damage|p1b: Lunala|58/100 tox|[from] psn\n|-fieldend|move: Gravity\n|upkeep\n|turn|6\n|\n|t:|1746025301\n|move|p1b: Lunala|Wide Guard|p1b: Lunala\n|-singleturn|p1b: Lunala|Wide Guard\n|move|p1a: Chi-Yu|Dark Pulse|p2a: Calyrex\n|-supereffective|p2a: Calyrex\n|-damage|p2a: Calyrex|0 fnt\n|faint|p2a: Calyrex\n|\n|win|fireb7798\n||fireb7798 is ready for game 3.\n||Richiskz is ready for game 3.\n|uhtml|next|Next: <a href=\"/battle-gen9vgc2025regibo3-2353988424\"><strong>Game 3 of 3</strong></a>\n|l|\u2606Richiskz\n|player|p2|\n", "uploadtime": 1746025580, "views": 5, "formatid": "gen9vgc2025regibo3", "rating": null, "private": 0, "password": null}