{"id": "gen9vgc2025regibo3-2354220281", "format": "[Gen 9] VGC 2025 Reg I (Bo3)", "players": ["lokkont", "Pacca100"], "log": "|j|\u2606lokkont\n|j|\u2606Pacca100\n|html|<table width=\"100%\"><tr><td align=\"left\">lokkont</td><td align=\"right\">Pacca100</tr><tr><td align=\"left\"><i class=\"fa fa-circle-o\"></i> <i class=\"fa fa-circle-o\"></i> </td><td align=\"right\"><i class=\"fa fa-circle-o\"></i> <i class=\"fa fa-circle\"></i> </tr></table>\n|uhtml|bestof|<h2><strong>Game 2</strong> of <a href=\"/game-bestof3-gen9vgc2025regibo3-2354216473\">a best-of-3</a></h2>\n|t:|1746045992\n|gametype|doubles\n|player|p1|lokkont|2|1223\n|player|p2|Pacca100|169|1188\n|teamsize|p1|6\n|teamsize|p2|6\n|gen|9\n|tier|[Gen 9] VGC 2025 Reg I (Bo3)\n|rated|\n|rule|Species Clause: Limit one of each Pok\u00e9mon\n|rule|Item Clause: Limit 1 of each item\n|clearpoke\n|poke|p1|Calyrex-Shadow, L50|\n|poke|p1|Zamazenta-*, L50|\n|poke|p1|Urshifu-*, L50, M|\n|poke|p1|Rillaboom, L50, M|\n|poke|p1|Incineroar, L50, M|\n|poke|p1|Pelipper, L50, F|\n|poke|p2|Miraidon, L50|\n|poke|p2|Lunala, L50|\n|poke|p2|Ogerpon-Hearthflame, L50, F|\n|poke|p2|Iron Hands, L50|\n|poke|p2|Iron Bundle, L50|\n|poke|p2|Urshifu-*, L50, F|\n|teampreview|4\n|showteam|p1|Calyrex-Shadow||LifeOrb|AsOneSpectrier|Protect,AstralBarrage,Substitute,Psychic||||||50|,,,,,Dark]Zamazenta-Crowned||RustedShield|DauntlessShield|HeavySlam,BodyPress,Protect,WideGuard||||||50|,,,,,Dragon]Urshifu-Rapid-Strike||ChoiceScarf|UnseenFist|SurgingStrikes,CloseCombat,AquaJet,Uturn|||M|||50|,,,,,Ghost]Rillaboom||AssaultVest|GrassySurge|FakeOut,GrassyGlide,WoodHammer,Uturn|||M|||50|,,,,,Fire]Incineroar||SafetyGoggles|Intimidate|FakeOut,WillOWisp,KnockOff,PartingShot|||M|||50|,,,,,Bug]Pelipper||FocusSash|Drizzle|WeatherBall,Hurricane,Tailwind,Protect|||F|||50|,,,,,Ghost\n|showteam|p2|Miraidon||ChoiceSpecs|HadronEngine|ElectroDrift,VoltSwitch,DazzlingGleam,DracoMeteor||||||50|,,,,,Fairy]Lunala||ElectricSeed|ShadowShield|MoongeistBeam,Moonblast,TrickRoom,WideGuard||||||50|,,,,,Fairy]Ogerpon-Hearthflame||HearthflameMask|MoldBreaker|FollowMe,IvyCudgel,WoodHammer,SpikyShield|||F|||50|,,,,,Fire]Iron Hands||AssaultVest|QuarkDrive|FakeOut,WildCharge,LowKick,HeavySlam||||||50|,,,,,Bug]Iron Bundle||FocusSash|QuarkDrive|FreezeDry,IcyWind,Encore,Protect||||||50|,,,,,Ghost]Urshifu||ChoiceBand|UnseenFist|WickedBlow,CloseCombat,SuckerPunch,PoisonJab|||F|||50|,,,,,Poison\n|inactive|Battle timer is ON: inactive players will automatically lose when time's up. (requested by Pacca100)\n|inactive|lokkont also wants the timer to be on.\n|\n|t:|1746046016\n|start\n|switch|p1a: Calyrex|Calyrex-Shadow, L50|100/100\n|switch|p1b: Zamazenta|Zamazenta-Crowned, L50|100/100\n|switch|p2a: Miraidon|Miraidon, L50|100/100\n|switch|p2b: Lunala|Lunala, L50|100/100\n|-ability|p1a: Calyrex|As One\n|-ability|p1a: Calyrex|Unnerve\n|-fieldstart|move: Electric Terrain|[from] ability: Hadron Engine|[of] p2a: Miraidon\n|-enditem|p2b: Lunala|Electric Seed\n|-boost|p2b: Lunala|def|1|[from] item: Electric Seed\n|-ability|p1b: Zamazenta|Dauntless Shield|boost\n|-boost|p1b: Zamazenta|def|1\n|turn|1\n|inactive|lokkont has 30 seconds left.\n|inactive|lokkont has 20 seconds left.\n|inactive|Pacca100 has 30 seconds left.\n|\n|t:|1746046055\n|switch|p1b: Rillaboom|Rillaboom, L50, M|100/100\n|-fieldstart|move: Grassy Terrain|[from] ability: Grassy Surge|[of] p1b: Rillaboom\n|-terastallize|p2b: Lunala|Fairy\n|move|p1a: Calyrex|Substitute|p1a: Calyrex\n|-start|p1a: Calyrex|Substitute\n|-damage|p1a: Calyrex|76/100\n|move|p2a: Miraidon|Volt Switch|p1b: Rillaboom\n|-resisted|p1b: Rillaboom\n|-damage|p1b: Rillaboom|82/100\n|\n|t:|1746046066\n|switch|p2a: Ogerpon|Ogerpon-Hearthflame, L50, F|100/100|[from] Volt Switch\n|-ability|p2a: Ogerpon|Mold Breaker\n|move|p2b: Lunala|Moonblast|p1a: Calyrex\n|-end|p1a: Calyrex|Substitute\n|\n|-heal|p1a: Calyrex|81/100|[from] Grassy Terrain\n|-heal|p1b: Rillaboom|88/100|[from] Grassy Terrain\n|upkeep\n|turn|2\n|inactive|lokkont has 30 seconds left.\n|\n|t:|1746046093\n|-terastallize|p1a: Calyrex|Dark\n|move|p1b: Rillaboom|Fake Out|p2a: Ogerpon\n|-damage|p2a: Ogerpon|84/100\n|move|p1a: Calyrex|Astral Barrage|p2a: Ogerpon|[spread] p2a,p2b\n|-damage|p2a: Ogerpon|6/100\n|-damage|p2b: Lunala|77/100\n|-damage|p1a: Calyrex|72/100|[from] item: Life Orb\n|cant|p2a: Ogerpon|flinch\n|move|p2b: Lunala|Moongeist Beam|p1a: Calyrex\n|-resisted|p1a: Calyrex\n|-damage|p1a: Calyrex|48/100\n|\n|-heal|p1a: Calyrex|53/100|[from] Grassy Terrain\n|-heal|p2a: Ogerpon|11/100|[from] Grassy Terrain\n|-heal|p1b: Rillaboom|94/100|[from] Grassy Terrain\n|-heal|p2b: Lunala|83/100|[from] Grassy Terrain\n|upkeep\n|turn|3\n|inactive|lokkont has 30 seconds left.\n|inactive|Pacca100 has 30 seconds left.\n|inactive|lokkont has 20 seconds left.\n|\n|t:|1746046131\n|move|p1a: Calyrex|Psychic|p2a: Ogerpon\n|-damage|p2a: Ogerpon|0 fnt\n|faint|p2a: Ogerpon\n|-ability|p1a: Calyrex|Grim Neigh|boost\n|-boost|p1a: Calyrex|spa|1\n|-damage|p1a: Calyrex|44/100|[from] item: Life Orb\n|move|p1b: Rillaboom|Wood Hammer|p2b: Lunala\n|-damage|p2b: Lunala|43/100\n|-damage|p1b: Rillaboom|78/100|[from] Recoil\n|move|p2b: Lunala|Moonblast|p1a: Calyrex\n|-supereffective|p1a: Calyrex\n|-damage|p1a: Calyrex|0 fnt\n|faint|p1a: Calyrex\n|\n|-heal|p1b: Rillaboom|84/100|[from] Grassy Terrain\n|-heal|p2b: Lunala|49/100|[from] Grassy Terrain\n|upkeep\n|\n|t:|1746046144\n|switch|p1a: Zamazenta|Zamazenta-Crowned, L50|100/100\n|switch|p2a: Miraidon|Miraidon, L50|100/100\n|-fieldstart|move: Electric Terrain|[from] ability: Hadron Engine|[of] p2a: Miraidon\n|turn|4\n|inactive|Pacca100 has 30 seconds left.\n|\n|t:|1746046171\n|move|p1a: Zamazenta|Protect|p1a: Zamazenta\n|-singleturn|p1a: Zamazenta|Protect\n|move|p2a: Miraidon|Volt Switch|p1a: Zamazenta\n|-activate|p1a: Zamazenta|move: Protect\n|move|p2b: Lunala|Moonblast|p1a: Zamazenta\n|-activate|p1a: Zamazenta|move: Protect\n|move|p1b: Rillaboom|U-turn|p2a: Miraidon\n|-damage|p2a: Miraidon|75/100\n|\n|t:|1746046182\n|switch|p1b: Incineroar|Incineroar, L50, M|100/100|[from] U-turn\n|-ability|p1b: Incineroar|Intimidate|boost\n|-unboost|p2a: Miraidon|atk|1\n|-unboost|p2b: Lunala|atk|1\n|\n|upkeep\n|turn|5\n|inactive|lokkont has 30 seconds left.\n|\n|t:|1746046208\n|move|p1b: Incineroar|Fake Out|p2b: Lunala\n|-damage|p2b: Lunala|43/100\n|move|p2a: Miraidon|Volt Switch|p1b: Incineroar\n|-damage|p1b: Incineroar|10/100\n|\n|t:|1746046212\n|switch|p2a: Iron Bundle|Iron Bundle, L50|100/100|[from] Volt Switch\n|-activate|p2a: Iron Bundle|ability: Quark Drive\n|-start|p2a: Iron Bundle|quarkdrivespe\n|move|p1a: Zamazenta|Heavy Slam|p2b: Lunala\n|-supereffective|p2b: Lunala\n|-damage|p2b: Lunala|0 fnt\n|faint|p2b: Lunala\n|\n|upkeep\n|\n|t:|1746046219\n|switch|p2b: Miraidon|Miraidon, L50|75/100\n|-activate|p2b: Miraidon|ability: Hadron Engine\n|turn|6\n|inactive|Pacca100 has 30 seconds left.\n|inactive|Pacca100 has 20 seconds left.\n|inactive|Pacca100 has 15 seconds left.\n|inactive|Pacca100 has 10 seconds left.\n|\n|t:|1746046268\n|switch|p1b: Rillaboom|Rillaboom, L50, M|84/100\n|-fieldstart|move: Grassy Terrain|[from] ability: Grassy Surge|[of] p1b: Rillaboom\n|-end|p2a: Iron Bundle|Quark Drive\n|move|p2a: Iron Bundle|Freeze-Dry|p1b: Rillaboom\n|-supereffective|p1b: Rillaboom\n|-damage|p1b: Rillaboom|39/100\n|move|p2b: Miraidon|Electro Drift|p1a: Zamazenta\n|-damage|p1a: Zamazenta|34/100\n|move|p1a: Zamazenta|Body Press|p2b: Miraidon\n|-crit|p2b: Miraidon\n|-damage|p2b: Miraidon|3/100\n|\n|-heal|p2b: Miraidon|9/100|[from] Grassy Terrain\n|-heal|p1a: Zamazenta|40/100|[from] Grassy Terrain\n|-heal|p1b: Rillaboom|45/100|[from] Grassy Terrain\n|upkeep\n|turn|7\n|inactive|Pacca100 has 30 seconds left.\n|\n|t:|1746046295\n|move|p1b: Rillaboom|Grassy Glide|p2b: Miraidon\n|-resisted|p2b: Miraidon\n|-damage|p2b: Miraidon|0 fnt\n|faint|p2b: Miraidon\n|move|p2a: Iron Bundle|Freeze-Dry|p1b: Rillaboom\n|-supereffective|p1b: Rillaboom\n|-damage|p1b: Rillaboom|0 fnt\n|faint|p1b: Rillaboom\n|move|p1a: Zamazenta|Body Press|p2a: Iron Bundle\n|-supereffective|p2a: Iron Bundle\n|-enditem|p2a: Iron Bundle|Focus Sash\n|-damage|p2a: Iron Bundle|1/100\n|\n|-heal|p2a: Iron Bundle|7/100|[from] Grassy Terrain\n|-heal|p1a: Zamazenta|46/100|[from] Grassy Terrain\n|upkeep\n|\n|t:|1746046301\n|switch|p1b: Incineroar|Incineroar, L50, M|10/100\n|-ability|p1b: Incineroar|Intimidate|boost\n|-unboost|p2a: Iron Bundle|atk|1\n|turn|8\n|-message|Pacca100 forfeited.\n|\n|win|lokkont\n|l|\u2606Pacca100\n|player|p2|\n||Pacca100 is ready for game 3.\n||lokkont is ready for game 3.\n|uhtml|next|Next: <a href=\"/battle-gen9vgc2025regibo3-2354223239\"><strong>Game 3 of 3</strong></a>\n", "uploadtime": 1746046674, "views": 22, "formatid": "gen9vgc2025regibo3", "rating": null, "private": 0, "password": null}