{"id": "gen9vgc2025regibo3-2353616446", "format": "[Gen 9] VGC 2025 Reg I (Bo3)", "players": ["Watanagashi_Mion", "We_Are_Toasted"], "log": "|j|\u2606Watanagashi_Mion\n|j|\u2606We_Are_Toasted\n|html|<table width=\"100%\"><tr><td align=\"left\">Watanagashi_Mion</td><td align=\"right\">We_Are_Toasted</tr><tr><td align=\"left\"><i class=\"fa fa-circle\"></i> <i class=\"fa fa-circle-o\"></i> </td><td align=\"right\"><i class=\"fa fa-circle-o\"></i> <i class=\"fa fa-circle-o\"></i> </tr></table>\n|uhtml|bestof|<h2><strong>Game 2</strong> of <a href=\"/game-bestof3-gen9vgc2025regibo3-2353613956\">a best-of-3</a></h2>\n|t:|1745974988\n|gametype|doubles\n|player|p1|Watanagashi_Mion|hugh|1168\n|player|p2|We_Are_Toasted|larry|1333\n|teamsize|p1|6\n|teamsize|p2|6\n|gen|9\n|tier|[Gen 9] VGC 2025 Reg I (Bo3)\n|rated|\n|rule|Species Clause: Limit one of each Pok\u00e9mon\n|rule|Item Clause: Limit 1 of each item\n|clearpoke\n|poke|p1|Zamazenta-*, L50|\n|poke|p1|Calyrex-Shadow, L50|\n|poke|p1|Tornadus, L50, M|\n|poke|p1|Urshifu-*, L50, M|\n|poke|p1|Rillaboom, L50, M|\n|poke|p1|Chien-Pao, L50|\n|poke|p2|Miraidon, L50|\n|poke|p2|Grimmsnarl, L50, M|\n|poke|p2|Iron Hands, L50|\n|poke|p2|Lunala, L50|\n|poke|p2|Chi-Yu, L50|\n|poke|p2|Ursaluna, L50, M|\n|teampreview|4\n|showteam|p1|Zamazenta-Crowned||RustedShield|DauntlessShield|BodyPress,HeavySlam,WideGuard,Protect||||||50|,,,,,Ghost]Calyrex-Shadow||FocusSash|AsOneSpectrier|AstralBarrage,Psychic,Encore,Protect||||||50|,,,,,Ghost]Tornadus||RockyHelmet|Prankster|BleakwindStorm,Tailwind,RainDance,Protect|||M|||50|,,,,,Dark]Urshifu-Rapid-Strike||MysticWater|UnseenFist|SurgingStrikes,CloseCombat,AquaJet,Protect|||M|||50|,,,,,Water]Rillaboom||AssaultVest|GrassySurge|WoodHammer,GrassyGlide,Uturn,FakeOut|||M|||50|,,,,,Fire]Chien-Pao||LifeOrb|SwordofRuin|IcicleCrash,SuckerPunch,IceShard,Protect||||||50|,,,,,Stellar\n|showteam|p2|Miraidon||ChoiceSpecs|HadronEngine|VoltSwitch,DracoMeteor,ElectroDrift,DazzlingGleam||||||50|,,,,,Fairy]Grimmsnarl||LightClay|Prankster|LightScreen,Reflect,ThunderWave,SpiritBreak|||M|||50|,,,,,Ghost]Iron Hands||AssaultVest|QuarkDrive|DrainPunch,FakeOut,WildCharge,LowKick||||||50|,,,,,Bug]Lunala||PowerHerb|ShadowShield|MoongeistBeam,MeteorBeam,WideGuard,TrickRoom||||||50|,,,,,Water]Chi-Yu||ChoiceScarf|BeadsofRuin|Snarl,HeatWave,DarkPulse,Overheat||||||50|,,,,,Ghost]Ursaluna||FlameOrb|Guts|Facade,HeadlongRush,Earthquake,Protect|||M|||50|,,,,,Ghost\n|inactive|Battle timer is ON: inactive players will automatically lose when time's up. (requested by Watanagashi_Mion)\n|\n|t:|1745975008\n|start\n|switch|p1a: Tornadus|Tornadus, L50, M|100/100\n|switch|p1b: Urshifu|Urshifu-Rapid-Strike, L50, M|100/100\n|switch|p2a: Lunala|Lunala, L50|100/100\n|switch|p2b: Chi-Yu|Chi-Yu, L50|100/100\n|-ability|p2b: Chi-Yu|Beads of Ruin\n|turn|1\n|inactive|Watanagashi_Mion has 30 seconds left.\n|inactive|Watanagashi_Mion has 20 seconds left.\n|inactive|Watanagashi_Mion has 15 seconds left.\n|inactive|Watanagashi_Mion has 10 seconds left.\n|\n|t:|1745975055\n|switch|p2b: Miraidon|Miraidon, L50|100/100\n|-fieldstart|move: Electric Terrain|[from] ability: Hadron Engine|[of] p2b: Miraidon\n|-terastallize|p1b: Urshifu|Water\n|move|p1a: Tornadus|Tailwind|p1a: Tornadus\n|-sidestart|p1: Watanagashi_Mion|move: Tailwind\n|move|p1b: Urshifu|Surging Strikes|p2b: Miraidon\n|-resisted|p2b: Miraidon\n|-crit|p2b: Miraidon\n|-damage|p2b: Miraidon|84/100\n|-resisted|p2b: Miraidon\n|-crit|p2b: Miraidon\n|-damage|p2b: Miraidon|68/100\n|-resisted|p2b: Miraidon\n|-crit|p2b: Miraidon\n|-damage|p2b: Miraidon|49/100\n|-hitcount|p2b: Miraidon|3\n|move|p2a: Lunala|Trick Room|p2a: Lunala\n|-fieldstart|move: Trick Room|[of] p2a: Lunala\n|\n|upkeep\n|turn|2\n|inactive|We_Are_Toasted has 30 seconds left.\n|\n|t:|1745975084\n|move|p1b: Urshifu|Aqua Jet|p2a: Lunala\n|-damage|p2a: Lunala|87/100\n|move|p2a: Lunala|Meteor Beam||[still]\n|-prepare|p2a: Lunala|Meteor Beam\n|-boost|p2a: Lunala|spa|1\n|-enditem|p2a: Lunala|Power Herb\n|-anim|p2a: Lunala|Meteor Beam|p1a: Tornadus\n|-supereffective|p1a: Tornadus\n|-damage|p1a: Tornadus|0 fnt\n|faint|p1a: Tornadus\n|move|p2b: Miraidon|Volt Switch|p1b: Urshifu\n|-supereffective|p1b: Urshifu\n|-damage|p1b: Urshifu|0 fnt\n|faint|p1b: Urshifu\n|\n|t:|1745975087\n|switch|p2b: Brian Hands|Iron Hands, L50|100/100|[from] Volt Switch\n|-activate|p2b: Brian Hands|ability: Quark Drive\n|-start|p2b: Brian Hands|quarkdriveatk\n|\n|upkeep\n|\n|t:|1745975090\n|switch|p1a: Zamazenta|Zamazenta-Crowned, L50|100/100\n|switch|p1b: Calyrex|Calyrex-Shadow, L50|100/100\n|-ability|p1b: Calyrex|As One\n|-ability|p1b: Calyrex|Unnerve\n|-ability|p1a: Zamazenta|Dauntless Shield|boost\n|-boost|p1a: Zamazenta|def|1\n|turn|3\n|inactive|We_Are_Toasted has 30 seconds left.\n|\n|t:|1745975123\n|-terastallize|p2a: Lunala|Water\n|move|p1b: Calyrex|Protect|p1b: Calyrex\n|-singleturn|p1b: Calyrex|Protect\n|move|p2b: Brian Hands|Wild Charge|p1b: Calyrex\n|-activate|p1b: Calyrex|move: Protect\n|move|p2a: Lunala|Moongeist Beam|p1b: Calyrex\n|-activate|p1b: Calyrex|move: Protect\n|move|p1a: Zamazenta|Body Press|p2b: Brian Hands\n|-damage|p2b: Brian Hands|55/100\n|\n|upkeep\n|turn|4\n|\n|t:|1745975140\n|move|p2b: Brian Hands|Wild Charge|p1b: Calyrex\n|-enditem|p1b: Calyrex|Focus Sash\n|-damage|p1b: Calyrex|1/100\n|-damage|p2b: Brian Hands|37/100|[from] Recoil\n|move|p2a: Lunala|Moongeist Beam|p1b: Calyrex\n|-supereffective|p1b: Calyrex\n|-damage|p1b: Calyrex|0 fnt\n|faint|p1b: Calyrex\n|move|p1a: Zamazenta|Body Press|p2b: Brian Hands\n|-damage|p2b: Brian Hands|0 fnt\n|faint|p2b: Brian Hands\n|-end|p2b: Brian Hands|Quark Drive|[silent]\n|\n|-sideend|p1: Watanagashi_Mion|move: Tailwind\n|upkeep\n|\n|t:|1745975144\n|switch|p2b: Miraidon|Miraidon, L50|49/100\n|-activate|p2b: Miraidon|ability: Hadron Engine\n|turn|5\n|\n|t:|1745975153\n|move|p2a: Lunala|Moongeist Beam|p1a: Zamazenta\n|-damage|p1a: Zamazenta|37/100\n|move|p1a: Zamazenta|Body Press|p2b: Miraidon\n|-damage|p2b: Miraidon|0 fnt\n|faint|p2b: Miraidon\n|\n|-fieldend|move: Trick Room\n|-fieldend|move: Electric Terrain\n|upkeep\n|\n|t:|1745975158\n|switch|p2b: Chi-Yu|Chi-Yu, L50|100/100\n|-ability|p2b: Chi-Yu|Beads of Ruin\n|turn|6\n|\n|t:|1745975161\n|move|p1a: Zamazenta|Protect|p1a: Zamazenta\n|-singleturn|p1a: Zamazenta|Protect\n|move|p2b: Chi-Yu|Overheat|p1a: Zamazenta\n|-activate|p1a: Zamazenta|move: Protect\n|move|p2a: Lunala|Moongeist Beam|p1a: Zamazenta\n|-activate|p1a: Zamazenta|move: Protect\n|\n|upkeep\n|turn|7\n|\n|t:|1745975166\n|move|p2b: Chi-Yu|Overheat|p1a: Zamazenta\n|-supereffective|p1a: Zamazenta\n|-damage|p1a: Zamazenta|0 fnt\n|-unboost|p2b: Chi-Yu|spa|2\n|faint|p1a: Zamazenta\n|\n|win|We_Are_Toasted\n||Watanagashi_Mion is ready for game 3.\n||We_Are_Toasted is ready for game 3.\n|uhtml|next|Next: <a href=\"/battle-gen9vgc2025regibo3-2353617936\"><strong>Game 3 of 3</strong></a>\n", "uploadtime": 1745975173, "views": 18, "formatid": "gen9vgc2025regibo3", "rating": null, "private": 0, "password": null}