{"id": "gen9vgc2025regibo3-2354588683", "format": "[Gen 9] VGC 2025 Reg I (Bo3)", "players": ["DrXJ13", "grefgpagahacienda"], "log": "|j|\u2606DrXJ13\n|j|\u2606grefgpagahacienda\n|html|<table width=\"100%\"><tr><td align=\"left\">DrXJ13</td><td align=\"right\">grefgpagahacienda</tr><tr><td align=\"left\"><i class=\"fa fa-circle\"></i> <i class=\"fa fa-circle-o\"></i> </td><td align=\"right\"><i class=\"fa fa-circle-o\"></i> <i class=\"fa fa-circle\"></i> </tr></table>\n|uhtml|bestof|<h2><strong>Game 3</strong> of <a href=\"/game-bestof3-gen9vgc2025regibo3-2354586753\">a best-of-3</a></h2>\n|t:|1746099401\n|gametype|doubles\n|player|p1|DrXJ13|clair|1090\n|player|p2|grefgpagahacienda|lance|1047\n|teamsize|p1|6\n|teamsize|p2|6\n|gen|9\n|tier|[Gen 9] VGC 2025 Reg I (Bo3)\n|rated|\n|rule|Species Clause: Limit one of each Pok\u00e9mon\n|rule|Item Clause: Limit 1 of each item\n|clearpoke\n|poke|p1|Calyrex-Shadow, L50|\n|poke|p1|Terapagos, L50, M|\n|poke|p1|Tornadus, L50, M|\n|poke|p1|Urshifu-*, L50, F|\n|poke|p1|Incineroar, L50, F|\n|poke|p1|Ogerpon-Cornerstone, L50, F|\n|poke|p2|Raging Bolt, L50|\n|poke|p2|Urshifu-*, L50, M|\n|poke|p2|Tornadus, L50, M|\n|poke|p2|Chien-Pao, L50|\n|poke|p2|Pelipper, L50, M|\n|poke|p2|Zamazenta-*, L50|\n|teampreview|4\n|showteam|p1|Calyrex-Shadow||LifeOrb|AsOneSpectrier|AstralBarrage,DrainingKiss,NastyPlot,Protect||||||50|,,,,,Fairy]Terapagos||ChoiceSpecs|TeraShift|TeraStarstorm,HyperBeam,EarthPower,IceBeam|||M|||50|,,,,,Stellar]Tornadus||CovertCloak|Prankster|Tailwind,BleakwindStorm,Taunt,RainDance|||M|||50|,,,,,Dark]Urshifu-Rapid-Strike||MysticWater|UnseenFist|SurgingStrikes,CloseCombat,AquaJet,Detect|||F|||50|,,,,,Grass]Incineroar||RockyHelmet|Intimidate|FakeOut,FlareBlitz,KnockOff,PartingShot|||F|||50|,,,,,Ghost]Ogerpon-Cornerstone||CornerstoneMask|Sturdy|IvyCudgel,WoodHammer,FollowMe,SpikyShield|||F|||50|,,,,,Rock\n|showteam|p2|Raging Bolt||BoosterEnergy|Protosynthesis|Protect,Thunderclap,DracoMeteor,Thunderbolt||||||50|,,,,,Fairy]Urshifu-Rapid-Strike||ChoiceScarf|UnseenFist|SurgingStrikes,AquaJet,CloseCombat,Uturn|||M|||50|,,,,,Water]Tornadus||MentalHerb|Prankster|Tailwind,Protect,BleakwindStorm,Taunt|||M|||50|,,,,,Ground]Chien-Pao||FocusSash|SwordofRuin|Protect,SuckerPunch,ThroatChop,IceSpinner||||||50|,,,,,Ghost]Pelipper||DampRock|Drizzle|WeatherBall,Hurricane,WideGuard,Tailwind|||M|||50|,,,,,Water]Zamazenta-Crowned||RustedShield|DauntlessShield|Protect,BodyPress,behemothbash,WideGuard||||||50|,,,,,Dragon\n|inactive|Battle timer is ON: inactive players will automatically lose when time's up. (requested by DrXJ13)\n|\n|t:|1746099428\n|start\n|switch|p1a: Bragulat|Calyrex-Shadow, L50|100/100\n|switch|p1b: Cocinas locas|Ogerpon-Cornerstone, L50, F|100/100\n|switch|p2a: Zamazenta|Zamazenta-Crowned, L50|100/100\n|switch|p2b: Chien-Pao|Chien-Pao, L50|100/100\n|-ability|p1a: Bragulat|As One\n|-ability|p1a: Bragulat|Unnerve\n|-ability|p2b: Chien-Pao|Sword of Ruin\n|-ability|p2a: Zamazenta|Dauntless Shield|boost\n|-boost|p2a: Zamazenta|def|1\n|turn|1\n|inactive|grefgpagahacienda has 30 seconds left.\n|inactive|DrXJ13 has 30 seconds left.\n|\n|t:|1746099466\n|move|p1b: Cocinas locas|Follow Me|p1b: Cocinas locas\n|-singleturn|p1b: Cocinas locas|move: Follow Me\n|move|p1a: Bragulat|Draining Kiss|p2b: Chien-Pao\n|-supereffective|p2b: Chien-Pao\n|-damage|p2b: Chien-Pao|23/100\n|-damage|p1a: Bragulat|91/100|[from] item: Life Orb\n|move|p2b: Chien-Pao|Ice Spinner|p1b: Cocinas locas\n|-supereffective|p1b: Cocinas locas\n|-ability|p1b: Cocinas locas|Sturdy\n|-damage|p1b: Cocinas locas|1/100\n|move|p2a: Zamazenta|Body Press|p1b: Cocinas locas\n|-supereffective|p1b: Cocinas locas\n|-damage|p1b: Cocinas locas|0 fnt\n|faint|p1b: Cocinas locas\n|\n|upkeep\n|\n|t:|1746099470\n|switch|p1b: Maximiliano|Tornadus, L50, M|100/100\n|turn|2\n|\n|t:|1746099485\n|-terastallize|p1a: Bragulat|Fairy\n|move|p2a: Zamazenta|Protect|p2a: Zamazenta\n|-singleturn|p2a: Zamazenta|Protect\n|move|p2b: Chien-Pao|Sucker Punch||[still]\n|-fail|p2b: Chien-Pao\n|move|p1b: Maximiliano|Tailwind|p1b: Maximiliano\n|-sidestart|p1: DrXJ13|move: Tailwind\n|move|p1a: Bragulat|Nasty Plot|p1a: Bragulat\n|-boost|p1a: Bragulat|spa|2\n|\n|upkeep\n|turn|3\n|\n|t:|1746099502\n|move|p2a: Zamazenta|Wide Guard|p2a: Zamazenta\n|-singleturn|p2a: Zamazenta|Wide Guard\n|move|p1b: Maximiliano|Taunt|p2a: Zamazenta\n|-start|p2a: Zamazenta|move: Taunt\n|move|p1a: Bragulat|Astral Barrage|p2b: Chien-Pao|[spread] \n|-activate|p2a: Zamazenta|move: Wide Guard\n|-activate|p2b: Chien-Pao|move: Wide Guard\n|move|p2b: Chien-Pao|Ice Spinner|p1a: Bragulat\n|-damage|p1a: Bragulat|41/100\n|\n|upkeep\n|turn|4\n|\n|t:|1746099522\n|-terastallize|p2a: Zamazenta|Dragon\n|move|p2b: Chien-Pao|Protect|p2b: Chien-Pao\n|-singleturn|p2b: Chien-Pao|Protect\n|move|p1a: Bragulat|Astral Barrage|p2a: Zamazenta|[spread] p2a\n|-activate|p2b: Chien-Pao|move: Protect\n|-damage|p2a: Zamazenta|0 fnt\n|faint|p2a: Zamazenta\n|-ability|p1a: Bragulat|Grim Neigh|boost\n|-boost|p1a: Bragulat|spa|1\n|-damage|p1a: Bragulat|32/100|[from] item: Life Orb\n|move|p1b: Maximiliano|Bleakwind Storm|p2b: Chien-Pao\n|-activate|p2b: Chien-Pao|move: Protect\n|\n|upkeep\n|\n|t:|1746099531\n|switch|p2a: Tornadus|Tornadus, L50, M|100/100\n|turn|5\n|\n|t:|1746099546\n|switch|p2b: Raging Bolt|Raging Bolt, L50|100/100\n|-enditem|p2b: Raging Bolt|Booster Energy\n|-activate|p2b: Raging Bolt|ability: Protosynthesis|[fromitem]\n|-start|p2b: Raging Bolt|protosynthesisspa\n|move|p2a: Tornadus|Protect|p2a: Tornadus\n|-singleturn|p2a: Tornadus|Protect\n|move|p1b: Maximiliano|Taunt|p2a: Tornadus\n|-activate|p2a: Tornadus|move: Protect\n|move|p1a: Bragulat|Astral Barrage|p2b: Raging Bolt|[spread] p2b\n|-activate|p2a: Tornadus|move: Protect\n|-damage|p2b: Raging Bolt|0 fnt\n|faint|p2b: Raging Bolt\n|-end|p2b: Raging Bolt|Protosynthesis|[silent]\n|-ability|p1a: Bragulat|Grim Neigh|boost\n|-boost|p1a: Bragulat|spa|1\n|-damage|p1a: Bragulat|22/100|[from] item: Life Orb\n|\n|-sideend|p1: DrXJ13|move: Tailwind\n|upkeep\n|\n|t:|1746099559\n|switch|p2b: Chien-Pao|Chien-Pao, L50|23/100\n|-ability|p2b: Chien-Pao|Sword of Ruin\n|turn|6\n|\n|t:|1746099568\n|move|p2a: Tornadus|Tailwind|p2a: Tornadus\n|-sidestart|p2: grefgpagahacienda|move: Tailwind\n|move|p1b: Maximiliano|Tailwind|p1b: Maximiliano\n|-sidestart|p1: DrXJ13|move: Tailwind\n|move|p1a: Bragulat|Astral Barrage|p2b: Chien-Pao|[spread] p2a,p2b\n|-resisted|p2b: Chien-Pao\n|-damage|p2a: Tornadus|0 fnt\n|-damage|p2b: Chien-Pao|0 fnt\n|faint|p2a: Tornadus\n|faint|p2b: Chien-Pao\n|-damage|p1a: Bragulat|13/100|[from] item: Life Orb\n|\n|win|DrXJ13\n|raw|DrXJ13's rating: 1090 &rarr; <strong>1113</strong><br />(+23 for winning)\n|raw|grefgpagahacienda's rating: 1047 &rarr; <strong>1032</strong><br />(-15 for losing)\n|l|\u2606grefgpagahacienda\n|player|p2|\n", "uploadtime": 1746099591, "views": 8, "formatid": "gen9vgc2025regibo3", "rating": 1032, "private": 0, "password": null}