{"id": "gen9vgc2025regibo3-2354531300", "format": "[Gen 9] VGC 2025 Reg I (Bo3)", "players": ["PEKORA999", "Diabolical Intent"], "log": "|j|\u2606PEKORA999\n|j|\u2606Diabolical Intent\n|html|<table width=\"100%\"><tr><td align=\"left\">PEKORA999</td><td align=\"right\">Diabolical Intent</tr><tr><td align=\"left\"><i class=\"fa fa-circle-o\"></i> <i class=\"fa fa-circle-o\"></i> </td><td align=\"right\"><i class=\"fa fa-circle-o\"></i> <i class=\"fa fa-circle-o\"></i> </tr></table>\n|uhtml|bestof|<h2><strong>Game 1</strong> of <a href=\"/game-bestof3-gen9vgc2025regibo3-2354531299\">a best-of-3</a></h2>\n|t:|1746088972\n|gametype|doubles\n|player|p1|PEKORA999|265|1425\n|player|p2|Diabolical Intent|grimsley|1349\n|teamsize|p1|6\n|teamsize|p2|6\n|gen|9\n|tier|[Gen 9] VGC 2025 Reg I (Bo3)\n|rated|\n|rule|Species Clause: Limit one of each Pok\u00e9mon\n|rule|Item Clause: Limit 1 of each item\n|clearpoke\n|poke|p1|Zamazenta-*, L50|\n|poke|p1|Calyrex-Shadow, L50|\n|poke|p1|Chi-Yu, L50|\n|poke|p1|Raging Bolt, L50|\n|poke|p1|Amoonguss, L50, M|\n|poke|p1|Tornadus, L50, M|\n|poke|p2|Koraidon, L50|\n|poke|p2|Walking Wake, L50|\n|poke|p2|Brute Bonnet, L50|\n|poke|p2|Chi-Yu, L50|\n|poke|p2|Whimsicott, L50, M|\n|poke|p2|Calyrex-Shadow, L50|\n|teampreview|4\n|showteam|p1|Zamazenta-Crowned||RustedShield|DauntlessShield|behemothbash,IronDefense,BodyPress,WideGuard||||||50|,,,,,Water]Calyrex-Shadow||FocusSash|AsOneSpectrier|AstralBarrage,Psychic,Encore,Protect||||||50|,,,,,Fairy]Chi-Yu||ChoiceScarf|BeadsofRuin|Overheat,HeatWave,DarkPulse,Snarl||||||50|,,,,,Ghost]Raging Bolt||AssaultVest|Protosynthesis|Electroweb,VoltSwitch,DracoMeteor,Thunderclap||||||50|,,,,,Electric]Amoonguss||RockyHelmet|Regenerator|Spore,RagePowder,PollenPuff,Protect|||M|||50|,,,,,Water]Tornadus||CovertCloak|Prankster|BleakwindStorm,Tailwind,SunnyDay,RainDance|||M|||50|,,,,,Dark\n|showteam|p2|Koraidon||ClearAmulet|OrichalcumPulse|FlareBlitz,FlameCharge,CollisionCourse,Protect||||||50|,,,,,Fire]Walking Wake||LifeOrb|Protosynthesis|HydroSteam,WeatherBall,DracoMeteor,Protect||||||50|,,,,,Fire]Brute Bonnet||RockyHelmet|Protosynthesis|SuckerPunch,Taunt,Spore,RagePowder||||||50|,,,,,Water]Chi-Yu||ChoiceScarf|BeadsofRuin|FireBlast,HeatWave,DarkPulse,Snarl||||||50|,,,,,Ghost]Whimsicott||CovertCloak|Prankster|Moonblast,Tailwind,Encore,SunnyDay|||M|||50|,,,,,Ghost]Calyrex-Shadow||FocusSash|AsOneSpectrier|AstralBarrage,Psychic,Disable,Protect||||||50|,,,,,Ghost\n|inactive|Battle timer is ON: inactive players will automatically lose when time's up. (requested by Diabolical Intent)\n|\n|t:|1746089001\n|start\n|switch|p1a: Zamazenta|Zamazenta-Crowned, L50|100/100\n|switch|p1b: Tornadus|Tornadus, L50, M|100/100\n|switch|p2a: Koraidon|Koraidon, L50|100/100\n|switch|p2b: Walking Wake|Walking Wake, L50|100/100\n|-weather|SunnyDay|[from] ability: Orichalcum Pulse|[of] p2a: Koraidon\n|-activate|p2b: Walking Wake|ability: Protosynthesis\n|-start|p2b: Walking Wake|protosynthesisspe\n|-activate|p2a: Koraidon|Orichalcum Pulse|[source]\n|-ability|p1a: Zamazenta|Dauntless Shield|boost\n|-boost|p1a: Zamazenta|def|1\n|turn|1\n|\n|t:|1746089018\n|-terastallize|p1a: Zamazenta|Water\n|move|p1b: Tornadus|Tailwind|p1b: Tornadus\n|-sidestart|p1: PEKORA999|move: Tailwind\n|move|p1a: Zamazenta|Iron Defense|p1a: Zamazenta\n|-boost|p1a: Zamazenta|def|2\n|move|p2b: Walking Wake|Hydro Steam|p1b: Tornadus\n|-damage|p1b: Tornadus|20/100\n|-damage|p2b: Walking Wake|91/100|[from] item: Life Orb\n|move|p2a: Koraidon|Flame Charge|p1b: Tornadus\n|-damage|p1b: Tornadus|0 fnt\n|-boost|p2a: Koraidon|spe|1\n|faint|p1b: Tornadus\n|\n|-weather|SunnyDay|[upkeep]\n|upkeep\n|\n|t:|1746089036\n|switch|p1b: Calyrex|Calyrex-Shadow, L50|100/100\n|-ability|p1b: Calyrex|As One\n|-ability|p1b: Calyrex|Unnerve\n|turn|2\n|\n|t:|1746089051\n|-terastallize|p2a: Koraidon|Fire\n|move|p1b: Calyrex|Protect|p1b: Calyrex\n|-singleturn|p1b: Calyrex|Protect\n|move|p1a: Zamazenta|Body Press|p2a: Koraidon\n|-damage|p2a: Koraidon|8/100\n|move|p2b: Walking Wake|Draco Meteor|p1a: Zamazenta\n|-damage|p1a: Zamazenta|44/100\n|-unboost|p2b: Walking Wake|spa|2\n|-damage|p2b: Walking Wake|81/100|[from] item: Life Orb\n|move|p2a: Koraidon|Flare Blitz|p1b: Calyrex\n|-activate|p1b: Calyrex|move: Protect\n|\n|-weather|SunnyDay|[upkeep]\n|upkeep\n|turn|3\n|\n|t:|1746089075\n|move|p2b: Walking Wake|Protect|p2b: Walking Wake\n|-singleturn|p2b: Walking Wake|Protect\n|move|p2a: Koraidon|Protect|p2a: Koraidon\n|-singleturn|p2a: Koraidon|Protect\n|move|p1b: Calyrex|Astral Barrage|p2b: Walking Wake|[spread] \n|-activate|p2a: Koraidon|move: Protect\n|-activate|p2b: Walking Wake|move: Protect\n|move|p1a: Zamazenta|Behemoth Bash|p2b: Walking Wake\n|-activate|p2b: Walking Wake|move: Protect\n|\n|-weather|SunnyDay|[upkeep]\n|upkeep\n|turn|4\n|\n|t:|1746089093\n|move|p2b: Walking Wake|Protect|p2b: Walking Wake\n|-singleturn|p2b: Walking Wake|Protect\n|move|p2a: Koraidon|Protect||[still]\n|-fail|p2a: Koraidon\n|move|p1b: Calyrex|Astral Barrage|p2b: Walking Wake|[spread] p2a\n|-activate|p2b: Walking Wake|move: Protect\n|-damage|p2a: Koraidon|0 fnt\n|faint|p2a: Koraidon\n|-ability|p1b: Calyrex|Grim Neigh|boost\n|-boost|p1b: Calyrex|spa|1\n|move|p1a: Zamazenta|Body Press|p2b: Walking Wake\n|-activate|p2b: Walking Wake|move: Protect\n|\n|-weather|SunnyDay|[upkeep]\n|-sideend|p1: PEKORA999|move: Tailwind\n|upkeep\n|\n|t:|1746089097\n|switch|p2a: Chi-Yu|Chi-Yu, L50|100/100\n|-ability|p2a: Chi-Yu|Beads of Ruin\n|turn|5\n|\n|t:|1746089115\n|move|p2b: Walking Wake|Hydro Steam|p1a: Zamazenta\n|-resisted|p1a: Zamazenta\n|-damage|p1a: Zamazenta|27/100\n|-damage|p2b: Walking Wake|71/100|[from] item: Life Orb\n|move|p2a: Chi-Yu|Dark Pulse|p1a: Zamazenta\n|-damage|p1a: Zamazenta|0 fnt\n|faint|p1a: Zamazenta\n|move|p1b: Calyrex|Astral Barrage|p2b: Walking Wake|[spread] p2a,p2b\n|-resisted|p2a: Chi-Yu\n|-damage|p2a: Chi-Yu|54/100\n|-damage|p2b: Walking Wake|0 fnt\n|faint|p2b: Walking Wake\n|-end|p2b: Walking Wake|Protosynthesis|[silent]\n|-ability|p1b: Calyrex|Grim Neigh|boost\n|-boost|p1b: Calyrex|spa|1\n|\n|-weather|none\n|upkeep\n|\n|t:|1746089127\n|switch|p2b: Calyrex|Calyrex-Shadow, L50|100/100\n|switch|p1a: Chi-Yu|Chi-Yu, L50|100/100\n|-ability|p2b: Calyrex|As One\n|-ability|p2b: Calyrex|Unnerve\n|-ability|p1a: Chi-Yu|Beads of Ruin\n|turn|6\n|c|\u2606Diabolical Intent|lmao\n|\n|t:|1746089150\n|move|p2a: Chi-Yu|Dark Pulse|p1b: Calyrex\n|-supereffective|p1b: Calyrex\n|-enditem|p1b: Calyrex|Focus Sash\n|-damage|p1b: Calyrex|1/100\n|move|p1a: Chi-Yu|Snarl|p2b: Calyrex|[spread] p2a,p2b\n|-resisted|p2a: Chi-Yu\n|-supereffective|p2b: Calyrex\n|-damage|p2a: Chi-Yu|40/100\n|-enditem|p2b: Calyrex|Focus Sash\n|-damage|p2b: Calyrex|1/100\n|-unboost|p2a: Chi-Yu|spa|1\n|-unboost|p2b: Calyrex|spa|1\n|move|p1b: Calyrex|Astral Barrage|p2b: Calyrex|[spread] p2a,p2b\n|-resisted|p2a: Chi-Yu\n|-supereffective|p2b: Calyrex\n|-damage|p2a: Chi-Yu|0 fnt\n|-damage|p2b: Calyrex|0 fnt\n|faint|p2a: Chi-Yu\n|faint|p2b: Calyrex\n|\n|win|PEKORA999\n|c|\u2606PEKORA999|:)\n||Diabolical Intent is ready for game 2.\n|inactive|PEKORA999 has 30 seconds to confirm battle start!\n||PEKORA999 is ready for game 2.\n|uhtml|next|Next: <a href=\"/battle-gen9vgc2025regibo3-2354532189\"><strong>Game 2 of 3</strong></a>\n", "uploadtime": 1746089473, "views": 13, "formatid": "gen9vgc2025regibo3", "rating": null, "private": 0, "password": null}