{"id": "gen9vgc2025regibo3-2354051811", "format": "[Gen 9] VGC 2025 Reg I (Bo3)", "players": ["Galarian Wolfey", "ted31625"], "log": "|j|\u2606Galarian Wolfey\n|j|\u2606ted31625\n|html|<table width=\"100%\"><tr><td align=\"left\">Galarian Wolfey</td><td align=\"right\">ted31625</tr><tr><td align=\"left\"><i class=\"fa fa-circle-o\"></i> <i class=\"fa fa-circle-o\"></i> </td><td align=\"right\"><i class=\"fa fa-circle-o\"></i> <i class=\"fa fa-circle-o\"></i> </tr></table>\n|uhtml|bestof|<h2><strong>Game 1</strong> of <a href=\"/game-bestof3-gen9vgc2025regibo3-2354051810\">a best-of-3</a></h2>\n|t:|1746030730\n|gametype|doubles\n|player|p1|Galarian Wolfey|harlequin|1302\n|player|p2|ted31625|170|1224\n|teamsize|p1|6\n|teamsize|p2|6\n|gen|9\n|tier|[Gen 9] VGC 2025 Reg I (Bo3)\n|rated|\n|rule|Species Clause: Limit one of each Pok\u00e9mon\n|rule|Item Clause: Limit 1 of each item\n|clearpoke\n|poke|p1|Calyrex-Shadow, L50|\n|poke|p1|Zamazenta-*, L50|\n|poke|p1|Urshifu-*, L50, M|\n|poke|p1|Rillaboom, L50, M|\n|poke|p1|Brute Bonnet, L50|\n|poke|p1|Chien-Pao, L50|\n|poke|p2|Zamazenta-*, L50|\n|poke|p2|Calyrex-Shadow, L50|\n|poke|p2|Tornadus, L50, M|\n|poke|p2|Urshifu-*, L50, M|\n|poke|p2|Rillaboom, L50, M|\n|poke|p2|Brute Bonnet, L50|\n|teampreview|4\n|showteam|p1|Calyrex-Shadow||FocusSash|AsOneSpectrier|AstralBarrage,Psychic,NastyPlot,Protect||||||50|,,,,,Dark]Zamazenta-Crowned||RustedShield|DauntlessShield|BodyPress,behemothbash,WideGuard,Protect||||||50|,,,,,Ghost]Urshifu-Rapid-Strike||ChoiceScarf|UnseenFist|SurgingStrikes,AquaJet,CloseCombat,Uturn|||M|||50|,,,,,Water]Rillaboom||AssaultVest|GrassySurge|GrassyGlide,FakeOut,WoodHammer,Uturn|||M|||50|,,,,,Fire]Brute Bonnet||BoosterEnergy|Protosynthesis|Spore,SuckerPunch,SeedBomb,RagePowder||||||50|,,,,,Water]Chien-Pao||LifeOrb|SwordofRuin|IcicleCrash,IceShard,Crunch,Protect||||||50|,,,,,Stellar\n|showteam|p2|Zamazenta-Crowned||RustedShield|DauntlessShield|BodyPress,behemothbash,WideGuard,Protect||||||50|,,,,,Dragon]Calyrex-Shadow||FocusSash|AsOneSpectrier|AstralBarrage,Psychic,Encore,Protect||||||50|,,,,,Ghost]Tornadus||RockyHelmet|Prankster|BleakwindStorm,Tailwind,RainDance,Protect|||M|||50|,,,,,Dark]Urshifu-Rapid-Strike||MysticWater|UnseenFist|SurgingStrikes,AquaJet,Taunt,Detect|||M|||50|,,,,,Water]Rillaboom||AssaultVest|GrassySurge|WoodHammer,GrassyGlide,KnockOff,FakeOut|||M|||50|,,,,,Fire]Brute Bonnet||CovertCloak|Protosynthesis|SeedBomb,SuckerPunch,Spore,RagePowder||||||50|,,,,,Water\n|inactive|Battle timer is ON: inactive players will automatically lose when time's up. (requested by ted31625)\n|\n|t:|1746030755\n|start\n|switch|p1a: Chien-Pao|Chien-Pao, L50|100/100\n|switch|p1b: Brute Bonnet|Brute Bonnet, L50|100/100\n|switch|p2a: Calyrex|Calyrex-Shadow, L50|100/100\n|switch|p2b: Zamazenta|Zamazenta-Crowned, L50|100/100\n|-ability|p2a: Calyrex|As One\n|-ability|p2a: Calyrex|Unnerve\n|-ability|p1a: Chien-Pao|Sword of Ruin\n|-ability|p2b: Zamazenta|Dauntless Shield|boost\n|-boost|p2b: Zamazenta|def|1\n|-enditem|p1b: Brute Bonnet|Booster Energy\n|-activate|p1b: Brute Bonnet|ability: Protosynthesis|[fromitem]\n|-start|p1b: Brute Bonnet|protosynthesisdef\n|turn|1\n|\n|t:|1746030776\n|-terastallize|p1b: Brute Bonnet|Water\n|move|p1a: Chien-Pao|Protect|p1a: Chien-Pao\n|-singleturn|p1a: Chien-Pao|Protect\n|move|p2a: Calyrex|Astral Barrage|p1b: Brute Bonnet|[spread] p1b\n|-activate|p1a: Chien-Pao|move: Protect\n|-damage|p1b: Brute Bonnet|57/100\n|move|p2b: Zamazenta|Body Press|p1b: Brute Bonnet\n|-damage|p1b: Brute Bonnet|13/100\n|move|p1b: Brute Bonnet|Spore|p2b: Zamazenta\n|-status|p2b: Zamazenta|slp|[from] move: Spore\n|\n|upkeep\n|turn|2\n|\n|t:|1746030798\n|move|p1a: Chien-Pao|Ice Shard|p2a: Calyrex\n|-damage|p2a: Calyrex|49/100\n|-damage|p1a: Chien-Pao|91/100|[from] item: Life Orb\n|move|p1b: Brute Bonnet|Sucker Punch|p2a: Calyrex\n|-supereffective|p2a: Calyrex\n|-damage|p2a: Calyrex|0 fnt\n|faint|p2a: Calyrex\n|cant|p2b: Zamazenta|slp\n|\n|upkeep\n|\n|t:|1746030810\n|switch|p2a: Urshifu|Urshifu-Rapid-Strike, L50, M|100/100\n|turn|3\n|\n|t:|1746030822\n|-terastallize|p2a: Urshifu|Water\n|move|p1a: Chien-Pao|Icicle Crash|p2a: Urshifu\n|-resisted|p2a: Urshifu\n|-damage|p2a: Urshifu|67/100\n|-damage|p1a: Chien-Pao|81/100|[from] item: Life Orb\n|-curestatus|p2b: Zamazenta|slp|[msg]\n|move|p2b: Zamazenta|Body Press|p1b: Brute Bonnet\n|-damage|p1b: Brute Bonnet|0 fnt\n|faint|p1b: Brute Bonnet\n|-end|p1b: Brute Bonnet|Protosynthesis|[silent]\n|move|p2a: Urshifu|Surging Strikes|p1a: Chien-Pao\n|-crit|p1a: Chien-Pao\n|-damage|p1a: Chien-Pao|33/100\n|-crit|p1a: Chien-Pao\n|-damage|p1a: Chien-Pao|0 fnt\n|faint|p1a: Chien-Pao\n|-hitcount|p1: Chien-Pao|2\n|\n|upkeep\n|\n|t:|1746030830\n|switch|p1a: Zamazenta|Zamazenta-Crowned, L50|100/100\n|switch|p1b: Calyrex|Calyrex-Shadow, L50|100/100\n|-ability|p1b: Calyrex|As One\n|-ability|p1b: Calyrex|Unnerve\n|-ability|p1a: Zamazenta|Dauntless Shield|boost\n|-boost|p1a: Zamazenta|def|1\n|turn|4\n|inactive|ted31625 has 30 seconds left.\n|\n|t:|1746030855\n|switch|p2a: Tornadus|Tornadus, L50, M|100/100\n|move|p1b: Calyrex|Astral Barrage|p2a: Tornadus|[spread] p2a,p2b\n|-damage|p2a: Tornadus|25/100\n|-damage|p2b: Zamazenta|54/100\n|move|p1a: Zamazenta|Body Press|p2a: Tornadus\n|-resisted|p2a: Tornadus\n|-damage|p2a: Tornadus|0 fnt\n|-damage|p1a: Zamazenta|84/100|[from] item: Rocky Helmet|[of] p2a: Tornadus\n|faint|p2a: Tornadus\n|move|p2b: Zamazenta|Behemoth Bash|p1b: Calyrex\n|-damage|p1b: Calyrex|51/100\n|\n|upkeep\n|\n|t:|1746030868\n|switch|p2a: Urshifu|Urshifu-Rapid-Strike, L50, M, tera:Water|67/100\n|turn|5\n|\n|t:|1746030883\n|move|p2a: Urshifu|Detect|p2a: Urshifu\n|-singleturn|p2a: Urshifu|Protect\n|move|p1b: Calyrex|Psychic|p2a: Urshifu\n|-activate|p2a: Urshifu|move: Protect\n|move|p2b: Zamazenta|Behemoth Bash|p1b: Calyrex\n|-damage|p1b: Calyrex|0 fnt\n|faint|p1b: Calyrex\n|move|p1a: Zamazenta|Body Press|p2b: Zamazenta\n|-supereffective|p2b: Zamazenta\n|-damage|p2b: Zamazenta|0 fnt\n|faint|p2b: Zamazenta\n|\n|upkeep\n|turn|6\n|\n|t:|1746030893\n|move|p1a: Zamazenta|Body Press|p2a: Urshifu\n|-damage|p2a: Urshifu|10/100\n|move|p2a: Urshifu|Surging Strikes|p1a: Zamazenta\n|-crit|p1a: Zamazenta\n|-damage|p1a: Zamazenta|64/100\n|-crit|p1a: Zamazenta\n|-damage|p1a: Zamazenta|44/100\n|-crit|p1a: Zamazenta\n|-damage|p1a: Zamazenta|23/100\n|-hitcount|p1a: Zamazenta|3\n|\n|upkeep\n|turn|7\n|\n|t:|1746030901\n|move|p2a: Urshifu|Detect|p2a: Urshifu\n|-singleturn|p2a: Urshifu|Protect\n|move|p1a: Zamazenta|Body Press|p2a: Urshifu\n|-activate|p2a: Urshifu|move: Protect\n|\n|upkeep\n|turn|8\n|\n|t:|1746030904\n|move|p2a: Urshifu|Aqua Jet|p1a: Zamazenta\n|-damage|p1a: Zamazenta|9/100\n|move|p1a: Zamazenta|Body Press|p2a: Urshifu\n|-damage|p2a: Urshifu|0 fnt\n|faint|p2a: Urshifu\n|\n|win|Galarian Wolfey\n||Galarian Wolfey is ready for game 2.\n||ted31625 is ready for game 2.\n|uhtml|next|Next: <a href=\"/battle-gen9vgc2025regibo3-2354053934\"><strong>Game 2 of 3</strong></a>\n|l|\u2606Galarian Wolfey\n|player|p1|\n", "uploadtime": 1746031301, "views": 16, "formatid": "gen9vgc2025regibo3", "rating": null, "private": 0, "password": null}