{"id": "gen9vgc2025regibo3-2354904546", "format": "[Gen 9] VGC 2025 Reg I (Bo3)", "players": ["angandi01", "Pokemax72"], "log": "|j|\u2606angandi01\n|j|\u2606Pokemax72\n|html|<table width=\"100%\"><tr><td align=\"left\">angandi01</td><td align=\"right\">Pokemax72</tr><tr><td align=\"left\"><i class=\"fa fa-circle-o\"></i> <i class=\"fa fa-circle-o\"></i> </td><td align=\"right\"><i class=\"fa fa-circle-o\"></i> <i class=\"fa fa-circle-o\"></i> </tr></table>\n|uhtml|bestof|<h2><strong>Game 1</strong> of <a href=\"/game-bestof3-gen9vgc2025regibo3-2354904545\">a best-of-3</a></h2>\n|t:|1746130293\n|gametype|doubles\n|player|p1|angandi01|265|1219\n|player|p2|Pokemax72|101|1215\n|teamsize|p1|6\n|teamsize|p2|6\n|gen|9\n|tier|[Gen 9] VGC 2025 Reg I (Bo3)\n|rated|\n|rule|Species Clause: Limit one of each Pok\u00e9mon\n|rule|Item Clause: Limit 1 of each item\n|clearpoke\n|poke|p1|Miraidon, L50|\n|poke|p1|Ho-Oh, L50|\n|poke|p1|Iron Hands, L50|\n|poke|p1|Urshifu-*, L50, F|\n|poke|p1|Ursaluna, L50, M|\n|poke|p1|Farigiraf, L50, F|\n|poke|p2|Kyogre, L50|\n|poke|p2|Urshifu-*, L50, F|\n|poke|p2|Zacian-*, L50|\n|poke|p2|Incineroar, L50, F|\n|poke|p2|Landorus, L50, M|\n|poke|p2|Roaring Moon, L50|\n|teampreview|4\n|showteam|p1|Miraidon||ChoiceSpecs|HadronEngine|ElectroDrift,DracoMeteor,DazzlingGleam,VoltSwitch||||||50|,,,,,Fairy]Ho-Oh||ClearAmulet|Regenerator|SacredFire,BraveBird,Tailwind,Protect||||||50|,,,,,Grass]Iron Hands||AssaultVest|QuarkDrive|FakeOut,WildCharge,DrainPunch,LowKick||||||50|,,,,,Fire]Urshifu||FocusSash|UnseenFist|WickedBlow,CloseCombat,SuckerPunch,Protect|||F|||50|,,,,,Stellar]Ursaluna||FlameOrb|Guts|Facade,Earthquake,HeadlongRush,Protect|||M|||50|,,,,,Fairy]Farigiraf||ElectricSeed|ArmorTail|HyperVoice,FoulPlay,TrickRoom,HelpingHand|||F|||50|,,,,,Water\n|showteam|p2|Kyogre||MysticWater|Drizzle|WaterSpout,OriginPulse,IceBeam,Protect||||||50|,,,,,Grass]Urshifu-Rapid-Strike||ChoiceScarf|UnseenFist|SurgingStrikes,CloseCombat,AquaJet,Uturn|||F|||50|,,,,,Water]Zacian-Crowned||RustedSword|IntrepidSword|PlayRough,behemothblade,Substitute,Protect||||||50|,,,,,Fairy]Incineroar||SafetyGoggles|Intimidate|KnockOff,WillOWisp,PartingShot,FakeOut|||F|||50|,,,,,Ghost]Landorus||LifeOrb|SheerForce|SandsearStorm,SludgeBomb,Earthquake,Protect|||M|||50|,,,,,Ghost]Roaring Moon||BoosterEnergy|Protosynthesis|Acrobatics,KnockOff,Tailwind,Protect||||||50|,,,,,Flying\n|inactive|Battle timer is ON: inactive players will automatically lose when time's up. (requested by Pokemax72)\n|\n|t:|1746130359\n|start\n|switch|p1a: Miraidon|Miraidon, L50|100/100\n|switch|p1b: Ho-Oh|Ho-Oh, L50|100/100\n|switch|p2a: Kyogre|Kyogre, L50|100/100\n|switch|p2b: Incineroar|Incineroar, L50, F, shiny|100/100\n|-fieldstart|move: Electric Terrain|[from] ability: Hadron Engine|[of] p1a: Miraidon\n|-weather|RainDance|[from] ability: Drizzle|[of] p2a: Kyogre\n|-ability|p2b: Incineroar|Intimidate|boost\n|-unboost|p1a: Miraidon|atk|1\n|-fail|p1b: Ho-Oh|unboost|[from] item: Clear Amulet|[of] p1b: Ho-Oh\n|turn|1\n|inactive|angandi01 has 30 seconds left.\n|inactive|Pokemax72 has 30 seconds left.\n|inactive|angandi01 has 20 seconds left.\n|inactive|Pokemax72 has 20 seconds left.\n|inactive|Pokemax72 has 15 seconds left.\n|\n|t:|1746130403\n|-terastallize|p2a: Kyogre|Grass\n|-terastallize|p1b: Ho-Oh|Grass\n|move|p1a: Miraidon|Volt Switch|p2a: Kyogre\n|-resisted|p2a: Kyogre\n|-damage|p2a: Kyogre|63/100\n|\n|t:|1746130414\n|switch|p1a: Iron Hands|Iron Hands, L50|100/100|[from] Volt Switch\n|-activate|p1a: Iron Hands|ability: Quark Drive\n|-start|p1a: Iron Hands|quarkdriveatk\n|move|p2a: Kyogre|Origin Pulse|p1a: Iron Hands|[spread] p1a,p1b\n|-resisted|p1b: Ho-Oh\n|-damage|p1a: Iron Hands|60/100\n|-damage|p1b: Ho-Oh|80/100\n|move|p1b: Ho-Oh|Tailwind|p1b: Ho-Oh\n|-sidestart|p1: angandi01|move: Tailwind\n|move|p2b: Incineroar|Parting Shot|p1a: Iron Hands\n|-unboost|p1a: Iron Hands|atk|1\n|-unboost|p1a: Iron Hands|spa|1\n|\n|t:|1746130433\n|switch|p2b: Landorus|Landorus, L50, M|100/100|[from] Parting Shot\n|\n|-weather|RainDance|[upkeep]\n|upkeep\n|turn|2\n|\n|t:|1746130456\n|switch|p2a: Incineroar|Incineroar, L50, F, shiny|100/100\n|-ability|p2a: Incineroar|Intimidate|boost\n|-unboost|p1a: Iron Hands|atk|1\n|-fail|p1b: Ho-Oh|unboost|[from] item: Clear Amulet|[of] p1b: Ho-Oh\n|move|p2b: Landorus|Protect|p2b: Landorus\n|-singleturn|p2b: Landorus|Protect\n|move|p1a: Iron Hands|Fake Out|p2b: Landorus\n|-activate|p2b: Landorus|move: Protect\n|move|p1b: Ho-Oh|Brave Bird|p2a: Incineroar\n|-damage|p2a: Incineroar|60/100\n|-damage|p1b: Ho-Oh|67/100|[from] Recoil\n|\n|-weather|RainDance|[upkeep]\n|upkeep\n|turn|3\n|inactive|angandi01 has 30 seconds left.\n|inactive|Pokemax72 has 30 seconds left.\n|inactive|angandi01 has 20 seconds left.\n|inactive|Pokemax72 has 20 seconds left.\n|inactive|angandi01 has 15 seconds left.\n|inactive|Pokemax72 has 15 seconds left.\n|inactive|Pokemax72 has 10 seconds left.\n|\n|t:|1746130501\n|move|p1b: Ho-Oh|Sacred Fire|p2b: Landorus\n|-damage|p2b: Landorus|69/100\n|move|p2b: Landorus|Sandsear Storm|p1a: Iron Hands|[spread] p1a,p1b\n|-supereffective|p1a: Iron Hands\n|-resisted|p1b: Ho-Oh\n|-damage|p1a: Iron Hands|0 fnt\n|-damage|p1b: Ho-Oh|51/100\n|faint|p1a: Iron Hands\n|-end|p1a: Iron Hands|Quark Drive|[silent]\n|move|p2a: Incineroar|Parting Shot|p1b: Ho-Oh\n|-fail|p1b: Ho-Oh|unboost|[from] item: Clear Amulet|[of] p1b: Ho-Oh\n|\n|-weather|RainDance|[upkeep]\n|upkeep\n|\n|t:|1746130515\n|switch|p1a: Miraidon|Miraidon, L50|100/100\n|-activate|p1a: Miraidon|ability: Hadron Engine\n|turn|4\n|\n|t:|1746130525\n|switch|p1b: Urshifu|Urshifu, L50, F|100/100\n|move|p2b: Landorus|Protect|p2b: Landorus\n|-singleturn|p2b: Landorus|Protect\n|move|p1a: Miraidon|Dazzling Gleam|p2b: Landorus|[spread] p2a\n|-activate|p2b: Landorus|move: Protect\n|-damage|p2a: Incineroar|23/100\n|move|p2a: Incineroar|Parting Shot|p1a: Miraidon\n|-unboost|p1a: Miraidon|atk|1\n|-unboost|p1a: Miraidon|spa|1\n|\n|t:|1746130539\n|switch|p2a: Zacian|Zacian-Crowned, L50|100/100|[from] Parting Shot\n|-ability|p2a: Zacian|Intrepid Sword|boost\n|-boost|p2a: Zacian|atk|1\n|\n|-weather|RainDance|[upkeep]\n|-sideend|p1: angandi01|move: Tailwind\n|upkeep\n|turn|5\n|\n|t:|1746130557\n|switch|p1a: Ho-Oh|Ho-Oh, L50, tera:Grass|84/100\n|move|p1b: Urshifu|Sucker Punch|p2b: Landorus\n|-damage|p2b: Landorus|23/100\n|move|p2a: Zacian|Play Rough|p1a: Ho-Oh\n|-damage|p1a: Ho-Oh|13/100\n|move|p2b: Landorus|Sandsear Storm|p1b: Urshifu|[spread] p1a,p1b\n|-resisted|p1a: Ho-Oh\n|-damage|p1a: Ho-Oh|0 fnt\n|-enditem|p1b: Urshifu|Focus Sash\n|-damage|p1b: Urshifu|1/100\n|faint|p1a: Ho-Oh\n|\n|-weather|none\n|-fieldend|move: Electric Terrain\n|upkeep\n|\n|t:|1746130579\n|switch|p1a: Miraidon|Miraidon, L50|100/100\n|-fieldstart|move: Electric Terrain|[from] ability: Hadron Engine|[of] p1a: Miraidon\n|turn|6\n|\n|t:|1746130600\n|move|p2a: Zacian|Protect|p2a: Zacian\n|-singleturn|p2a: Zacian|Protect\n|move|p1b: Urshifu|Sucker Punch|p2b: Landorus\n|-damage|p2b: Landorus|0 fnt\n|faint|p2b: Landorus\n|move|p1a: Miraidon|Electro Drift|p2a: Zacian\n|-activate|p2a: Zacian|move: Protect\n|\n|upkeep\n|\n|t:|1746130609\n|switch|p2b: Incineroar|Incineroar, L50, F, shiny|23/100\n|-ability|p2b: Incineroar|Intimidate|boost\n|-unboost|p1a: Miraidon|atk|1\n|-unboost|p1b: Urshifu|atk|1\n|turn|7\n|\n|t:|1746130624\n|move|p2b: Incineroar|Fake Out|p1a: Miraidon\n|-damage|p1a: Miraidon|89/100\n|move|p2a: Zacian|Play Rough|p1a: Miraidon\n|-supereffective|p1a: Miraidon\n|-damage|p1a: Miraidon|0 fnt\n|faint|p1a: Miraidon\n|move|p1b: Urshifu|Close Combat|p2a: Zacian\n|-damage|p2a: Zacian|56/100\n|-unboost|p1b: Urshifu|def|1\n|-unboost|p1b: Urshifu|spd|1\n|\n|upkeep\n|turn|8\n|-message|angandi01 forfeited.\n|\n|win|Pokemax72\n|l|\u2606Pokemax72\n|player|p2|\n||angandi01 is ready for game 2.\n||Pokemax72 is ready for game 2.\n|uhtml|next|Next: <a href=\"/battle-gen9vgc2025regibo3-2354908176\"><strong>Game 2 of 3</strong></a>\n", "uploadtime": 1746131004, "views": 7, "formatid": "gen9vgc2025regibo3", "rating": null, "private": 0, "password": null}