{"id": "gen9vgc2025regibo3-2353791210", "format": "[Gen 9] VGC 2025 Reg I (Bo3)", "players": ["Schroombert", "Jakobtc"], "log": "|j|\u2606Schroombert\n|j|\u2606Jakobtc\n|html|<table width=\"100%\"><tr><td align=\"left\">Schroombert</td><td align=\"right\">Jakobtc</tr><tr><td align=\"left\"><i class=\"fa fa-circle\"></i> <i class=\"fa fa-circle-o\"></i> </td><td align=\"right\"><i class=\"fa fa-circle-o\"></i> <i class=\"fa fa-circle\"></i> </tr></table>\n|uhtml|bestof|<h2><strong>Game 3</strong> of <a href=\"/game-bestof3-gen9vgc2025regibo3-2353788207\">a best-of-3</a></h2>\n|t:|1746000554\n|gametype|doubles\n|player|p1|Schroombert|rancher|1290\n|player|p2|Jakobtc|riley|1320\n|teamsize|p1|6\n|teamsize|p2|6\n|gen|9\n|tier|[Gen 9] VGC 2025 Reg I (Bo3)\n|rated|\n|rule|Species Clause: Limit one of each Pok\u00e9mon\n|rule|Item Clause: Limit 1 of each item\n|clearpoke\n|poke|p1|Calyrex-Shadow, L50|\n|poke|p1|Koraidon, L50|\n|poke|p1|Walking Wake, L50|\n|poke|p1|Brute Bonnet, L50|\n|poke|p1|Raging Bolt, L50|\n|poke|p1|Incineroar, L50, M|\n|poke|p2|Calyrex-Shadow, L50|\n|poke|p2|Zacian-*, L50|\n|poke|p2|Incineroar, L50, M|\n|poke|p2|Rillaboom, L50, M|\n|poke|p2|Urshifu-*, L50, M|\n|poke|p2|Tornadus, L50, M|\n|teampreview|4\n|showteam|p1|Calyrex-Shadow||FocusSash|AsOneSpectrier|AstralBarrage,Psyshock,NastyPlot,Protect||||||50|,,,,,Ghost]Koraidon||ClearAmulet|OrichalcumPulse|FlareBlitz,CollisionCourse,FlameCharge,Protect||||||50|,,,,,Fire]Walking Wake||LifeOrb|Protosynthesis|HydroSteam,DracoMeteor,Snarl,Protect||||||50|,,,,,Water]Brute Bonnet||CovertCloak|Protosynthesis|SuckerPunch,SeedBomb,RagePowder,Spore||||||50|,,,,,Water]Raging Bolt||AssaultVest|Protosynthesis|Snarl,DracoMeteor,Thunderclap,Electroweb||||||50|,,,,,Electric]Incineroar||RockyHelmet|Intimidate|FlareBlitz,KnockOff,Uturn,FakeOut|||M|||50|,,,,,Ghost\n|showteam|p2|Calyrex-Shadow||FocusSash|AsOneSpectrier|AstralBarrage,Psychic,NastyPlot,Protect||||||50|,,,,,Ghost]Zacian-Crowned||RustedSword|IntrepidSword|behemothblade,PlayRough,SacredSword,Protect||||||50|,,,,,Water]Incineroar||SafetyGoggles|Intimidate|FakeOut,KnockOff,HelpingHand,PartingShot|||M|||50|,,,,,Dragon]Rillaboom||AssaultVest|GrassySurge|FakeOut,GrassyGlide,WoodHammer,Uturn|||M|||50|,,,,,Fire]Urshifu-Rapid-Strike||ChoiceScarf|UnseenFist|SurgingStrikes,CloseCombat,AquaJet,Uturn|||M|||50|,,,,,Water]Tornadus||CovertCloak|Prankster|BleakwindStorm,Tailwind,RainDance,Protect|||M|||50|,,,,,Dark\n|inactive|Battle timer is ON: inactive players will automatically lose when time's up. (requested by Schroombert)\n|inactive|Jakobtc has 60 seconds left.\n|\n|t:|1746000602\n|start\n|switch|p1a: Raging Bolt|Raging Bolt, L50|100/100\n|switch|p1b: Incineroar|Incineroar, L50, M|100/100\n|switch|p2a: Calyrex|Calyrex-Shadow, L50|100/100\n|switch|p2b: Incineroar|Incineroar, L50, M|100/100\n|-ability|p2a: Calyrex|As One\n|-ability|p2a: Calyrex|Unnerve\n|-ability|p1b: Incineroar|Intimidate|boost\n|-unboost|p2a: Calyrex|atk|1\n|-unboost|p2b: Incineroar|atk|1\n|-ability|p2b: Incineroar|Intimidate|boost\n|-unboost|p1a: Raging Bolt|atk|1\n|-unboost|p1b: Incineroar|atk|1\n|turn|1\n|inactive|Jakobtc has 30 seconds left.\n|\n|t:|1746000627\n|move|p1b: Incineroar|Fake Out|p2b: Incineroar\n|-damage|p2b: Incineroar|96/100\n|cant|p2b: Incineroar|flinch\n|move|p2a: Calyrex|Nasty Plot|p2a: Calyrex\n|-boost|p2a: Calyrex|spa|2\n|move|p1a: Raging Bolt|Electroweb|p2a: Calyrex|[spread] p2a,p2b\n|-damage|p2a: Calyrex|78/100\n|-damage|p2b: Incineroar|73/100\n|-unboost|p2a: Calyrex|spe|1\n|-unboost|p2b: Incineroar|spe|1\n|\n|upkeep\n|turn|2\n|\n|t:|1746000645\n|move|p2a: Calyrex|Protect|p2a: Calyrex\n|-singleturn|p2a: Calyrex|Protect\n|move|p1a: Raging Bolt|Snarl|p2a: Calyrex|[spread] p2b\n|-activate|p2a: Calyrex|move: Protect\n|-resisted|p2b: Incineroar\n|-damage|p2b: Incineroar|66/100\n|-unboost|p2b: Incineroar|spa|1\n|move|p1b: Incineroar|Knock Off|p2a: Calyrex\n|-activate|p2a: Calyrex|move: Protect\n|move|p2b: Incineroar|Parting Shot|p1a: Raging Bolt\n|-unboost|p1a: Raging Bolt|atk|1\n|-unboost|p1a: Raging Bolt|spa|1\n|\n|t:|1746000656\n|switch|p2b: Zacian|Zacian-Crowned, L50|100/100|[from] Parting Shot\n|-ability|p2b: Zacian|Intrepid Sword|boost\n|-boost|p2b: Zacian|atk|1\n|\n|upkeep\n|turn|3\n|\n|t:|1746000673\n|-terastallize|p2a: Calyrex|Ghost\n|move|p1a: Raging Bolt|Thunderclap|p2b: Zacian\n|-damage|p2b: Zacian|76/100\n|move|p2b: Zacian|Sacred Sword|p1b: Incineroar\n|-supereffective|p1b: Incineroar\n|-damage|p1b: Incineroar|24/100\n|-damage|p2b: Zacian|60/100|[from] item: Rocky Helmet|[of] p1b: Incineroar\n|move|p2a: Calyrex|Astral Barrage|p1b: Incineroar|[spread] p1a,p1b\n|-resisted|p1b: Incineroar\n|-damage|p1a: Raging Bolt|11/100\n|-damage|p1b: Incineroar|0 fnt\n|faint|p1b: Incineroar\n|-ability|p2a: Calyrex|Grim Neigh|boost\n|-boost|p2a: Calyrex|spa|1\n|\n|upkeep\n|\n|t:|1746000682\n|switch|p1b: Calyrex|Calyrex-Shadow, L50|100/100\n|-ability|p1b: Calyrex|As One\n|-ability|p1b: Calyrex|Unnerve\n|turn|4\n|\n|t:|1746000696\n|-terastallize|p1b: Calyrex|Ghost\n|move|p2a: Calyrex|Protect|p2a: Calyrex\n|-singleturn|p2a: Calyrex|Protect\n|move|p1b: Calyrex|Astral Barrage|p2b: Zacian|[spread] p2b\n|-activate|p2a: Calyrex|move: Protect\n|-damage|p2b: Zacian|0 fnt\n|faint|p2b: Zacian\n|-ability|p1b: Calyrex|Grim Neigh|boost\n|-boost|p1b: Calyrex|spa|1\n|move|p1a: Raging Bolt|Draco Meteor|p2a: Calyrex\n|-activate|p2a: Calyrex|move: Protect\n|\n|upkeep\n|inactive|Jakobtc has 30 seconds left.\n|\n|t:|1746000726\n|switch|p2b: Tornadus|Tornadus, L50, M|100/100\n|turn|5\n|\n|t:|1746000744\n|move|p2b: Tornadus|Tailwind|p2b: Tornadus\n|-sidestart|p2: Jakobtc|move: Tailwind\n|move|p2a: Calyrex|Astral Barrage|p1a: Raging Bolt|[spread] p1a,p1b\n|-supereffective|p1b: Calyrex\n|-damage|p1a: Raging Bolt|0 fnt\n|-enditem|p1b: Calyrex|Focus Sash\n|-damage|p1b: Calyrex|1/100\n|faint|p1a: Raging Bolt\n|-end|p1a: Raging Bolt|Protosynthesis|[silent]\n|-ability|p2a: Calyrex|Grim Neigh|boost\n|-boost|p2a: Calyrex|spa|1\n|move|p1b: Calyrex|Astral Barrage|p2a: Calyrex|[spread] p2a,p2b\n|-supereffective|p2a: Calyrex\n|-damage|p2a: Calyrex|0 fnt\n|-damage|p2b: Tornadus|0 fnt\n|faint|p2a: Calyrex\n|faint|p2b: Tornadus\n|-ability|p1b: Calyrex|Grim Neigh|boost\n|-boost|p1b: Calyrex|spa|2\n|\n|upkeep\n|\n|t:|1746000763\n|switch|p2b: Incineroar|Incineroar, L50, M|66/100\n|switch|p1a: Koraidon|Koraidon, L50|100/100\n|-weather|SunnyDay|[from] ability: Orichalcum Pulse|[of] p1a: Koraidon\n|-activate|p1a: Koraidon|Orichalcum Pulse|[source]\n|-ability|p2b: Incineroar|Intimidate|boost\n|-fail|p1a: Koraidon|unboost|[from] item: Clear Amulet|[of] p1a: Koraidon\n|-unboost|p1b: Calyrex|atk|1\n|turn|6\n|-message|Jakobtc forfeited.\n|\n|win|Schroombert\n|raw|Schroombert's rating: 1290 &rarr; <strong>1317</strong><br />(+27 for winning)\n|raw|Jakobtc's rating: 1320 &rarr; <strong>1298</strong><br />(-22 for losing)\n|l|\u2606Jakobtc\n|player|p2|\n|j|\u2606Jakobtc\n|player|p2|Jakobtc|riley|\n|l|\u2606Schroombert\n|player|p1|\n", "uploadtime": 1746000775, "views": 17, "formatid": "gen9vgc2025regibo3", "rating": 1298, "private": 0, "password": null}