{"id": "gen9vgc2025regibo3-2353855001", "format": "[Gen 9] VGC 2025 Reg I (Bo3)", "players": ["calm and horny", "FerdiVGC"], "log": "|j|\u2606calm and horny\n|j|\u2606FerdiVGC\n|html|<table width=\"100%\"><tr><td align=\"left\">calm and horny</td><td align=\"right\">FerdiVGC</tr><tr><td align=\"left\"><i class=\"fa fa-circle-o\"></i> <i class=\"fa fa-circle-o\"></i> </td><td align=\"right\"><i class=\"fa fa-circle-o\"></i> <i class=\"fa fa-circle-o\"></i> </tr></table>\n|uhtml|bestof|<h2><strong>Game 1</strong> of <a href=\"/game-bestof3-gen9vgc2025regibo3-2353855000\">a best-of-3</a></h2>\n|t:|1746010809\n|gametype|doubles\n|player|p1|calm and horny|erika|1153\n|player|p2|FerdiVGC|169|1235\n|teamsize|p1|6\n|teamsize|p2|6\n|gen|9\n|tier|[Gen 9] VGC 2025 Reg I (Bo3)\n|rated|\n|rule|Species Clause: Limit one of each Pok\u00e9mon\n|rule|Item Clause: Limit 1 of each item\n|clearpoke\n|poke|p1|Necrozma-Dawn-Wings, L50|\n|poke|p1|Calyrex-Ice, L50|\n|poke|p1|Indeedee-F, L50, F|\n|poke|p1|Torkoal, L50, F|\n|poke|p1|Lilligant-Hisui, L50, F|\n|poke|p1|Urshifu-*, L50, M|\n|poke|p2|Dondozo, L50, F|\n|poke|p2|Tatsugiri, L50, M|\n|poke|p2|Miraidon, L50|\n|poke|p2|Chi-Yu, L50|\n|poke|p2|Iron Bundle, L50|\n|poke|p2|Koraidon, L50|\n|teampreview|4\n|showteam|p1|Necrozma-Dawn-Wings||PowerHerb|PrismArmor|ExpandingForce,MeteorBeam,MoongeistBeam,TrickRoom||||||50|,,,,,Fairy]Calyrex-Ice||ClearAmulet|AsOneGlastrier|GlacialLance,HighHorsepower,TrickRoom,Imprison||||||50|,,,,,Fire]Indeedee-F||SafetyGoggles|PsychicSurge|FollowMe,Psychic,TrickRoom,HelpingHand|||F|||50|,,,,,Fairy]Torkoal||ChoiceSpecs|Drought|Eruption,ClearSmog,WeatherBall,EarthPower|||F|||50|,,,,,Fire]Lilligant-Hisui||FocusSash|Chlorophyll|AfterYou,CloseCombat,SleepPowder,SolarBlade|||F|||50|,,,,,Ghost]Urshifu||ChoiceBand|UnseenFist|WickedBlow,SuckerPunch,CloseCombat,IronHead|||M|||50|,,,,,Ghost\n|showteam|p2|Dondozo||Leftovers|Unaware|WaveCrash,OrderUp,Earthquake,Protect|||F|||50|,,,,,Grass]Tatsugiri||WideLens|Commander|DracoMeteor,MuddyWater,Taunt,Protect|||M|||50|,,,,,Water]Miraidon||LifeOrb|HadronEngine|ElectroDrift,VoltSwitch,DracoMeteor,Protect||||||50|,,,,,Bug]Chi-Yu||ChoiceScarf|BeadsofRuin|Overheat,HeatWave,DarkPulse,Snarl||||||50|,,,,,Ghost]Iron Bundle||FocusSash|QuarkDrive|FreezeDry,IcyWind,Encore,Protect||||||50|,,,,,Ghost]Koraidon||ClearAmulet|OrichalcumPulse|CollisionCourse,FlareBlitz,FlameCharge,Protect||||||50|,,,,,Fire\n|inactive|Battle timer is ON: inactive players will automatically lose when time's up. (requested by calm and horny)\n|\n|t:|1746010845\n|start\n|switch|p1a: yyy891|Necrozma-Dawn-Wings, L50|100/100\n|switch|p1b: Indeedee|Indeedee-F, L50, F|100/100\n|switch|p2a: Miraidon|Miraidon, L50|100/100\n|switch|p2b: Iron Bundle|Iron Bundle, L50|100/100\n|-fieldstart|move: Electric Terrain|[from] ability: Hadron Engine|[of] p2a: Miraidon\n|-activate|p2b: Iron Bundle|ability: Quark Drive\n|-start|p2b: Iron Bundle|quarkdrivespe\n|-fieldstart|move: Psychic Terrain|[from] ability: Psychic Surge|[of] p1b: Indeedee\n|-end|p2b: Iron Bundle|Quark Drive\n|turn|1\n|inactive|FerdiVGC has 30 seconds left.\n|\n|t:|1746010872\n|move|p1b: Indeedee|Follow Me|p1b: Indeedee\n|-singleturn|p1b: Indeedee|move: Follow Me\n|move|p2b: Iron Bundle|Freeze-Dry|p1b: Indeedee\n|-damage|p1b: Indeedee|66/100\n|move|p2a: Miraidon|Electro Drift|p1b: Indeedee\n|-damage|p1b: Indeedee|2/100\n|-damage|p2a: Miraidon|91/100|[from] item: Life Orb\n|move|p1a: yyy891|Trick Room|p1a: yyy891\n|-fieldstart|move: Trick Room|[of] p1a: yyy891\n|\n|upkeep\n|turn|2\n|\n|t:|1746010891\n|switch|p2a: Tatsugiri|Tatsugiri, L50, M|100/100\n|-end|p2b: Iron Bundle|Quark Drive|[silent]\n|switch|p2b: Dondozo|Dondozo, L50, F|100/100\n|-activate|p2a: Tatsugiri|ability: Commander|[of] p2b: Dondozo\n|-boost|p2b: Dondozo|atk|2\n|-boost|p2b: Dondozo|spa|2\n|-boost|p2b: Dondozo|spe|2\n|-boost|p2b: Dondozo|def|2\n|-boost|p2b: Dondozo|spd|2\n|move|p1b: Indeedee|Follow Me|p1b: Indeedee\n|-singleturn|p1b: Indeedee|move: Follow Me\n|move|p1a: yyy891|Expanding Force|p2a: Tatsugiri|[spread] p2b\n|-miss|p1a: yyy891|p2a: Tatsugiri\n|-damage|p2b: Dondozo|63/100\n|\n|-heal|p2b: Dondozo|69/100|[from] item: Leftovers\n|upkeep\n|turn|3\n|\n|t:|1746010907\n|move|p1b: Indeedee|Helping Hand|p1a: yyy891\n|-singleturn|p1a: yyy891|Helping Hand|[of] p1b: Indeedee\n|move|p1a: yyy891|Moongeist Beam|p2b: Dondozo\n|-damage|p2b: Dondozo|25/100\n|move|p2b: Dondozo|Earthquake|p1b: Indeedee|[spread] p1a,p1b\n|-miss|p2b: Dondozo|p2a: Tatsugiri\n|-damage|p1a: yyy891|67/100\n|-damage|p1b: Indeedee|0 fnt\n|faint|p1b: Indeedee\n|\n|-heal|p2b: Dondozo|31/100|[from] item: Leftovers\n|upkeep\n|inactive|calm and horny has 30 seconds left.\n|inactive|calm and horny has 20 seconds left.\n|inactive|calm and horny has 15 seconds left.\n|inactive|calm and horny has 10 seconds left.\n|\n|t:|1746010956\n|switch|p1b: cybernene|Calyrex-Ice, L50|100/100\n|-ability|p1b: cybernene|As One\n|-ability|p1b: cybernene|Unnerve\n|turn|4\n|\n|t:|1746010967\n|move|p1b: cybernene|Glacial Lance|p2b: Dondozo|[spread] p2b\n|-miss|p1b: cybernene|p2a: Tatsugiri\n|-resisted|p2b: Dondozo\n|-damage|p2b: Dondozo|20/100\n|move|p1a: yyy891|Meteor Beam||[still]\n|-prepare|p1a: yyy891|Meteor Beam\n|-boost|p1a: yyy891|spa|1\n|-enditem|p1a: yyy891|Power Herb\n|-anim|p1a: yyy891|Meteor Beam|p2b: Dondozo\n|-damage|p2b: Dondozo|0 fnt\n|faint|p2b: Dondozo\n|\n|upkeep\n|\n|t:|1746010972\n|switch|p2b: Miraidon|Miraidon, L50|91/100\n|-fieldstart|move: Electric Terrain|[from] ability: Hadron Engine|[of] p2b: Miraidon\n|turn|5\n|\n|t:|1746010984\n|move|p2b: Miraidon|Protect|p2b: Miraidon\n|-singleturn|p2b: Miraidon|Protect\n|move|p1b: cybernene|Glacial Lance|p2b: Miraidon|[spread] p2a\n|-activate|p2b: Miraidon|move: Protect\n|-damage|p2a: Tatsugiri|42/100\n|move|p1a: yyy891|Moongeist Beam|p2a: Tatsugiri\n|-damage|p2a: Tatsugiri|0 fnt\n|faint|p2a: Tatsugiri\n|\n|-fieldend|move: Trick Room\n|upkeep\n|\n|t:|1746010994\n|switch|p2a: Iron Bundle|Iron Bundle, L50|100/100\n|-activate|p2a: Iron Bundle|ability: Quark Drive\n|-start|p2a: Iron Bundle|quarkdrivespe\n|turn|6\n|\n|t:|1746011003\n|switch|p1a: roomtrash6|Torkoal, L50, F|100/100\n|-weather|SunnyDay|[from] ability: Drought|[of] p1a: roomtrash6\n|-terastallize|p2b: Miraidon|Bug\n|move|p2a: Iron Bundle|Freeze-Dry|p1b: cybernene\n|-resisted|p1b: cybernene\n|-damage|p1b: cybernene|88/100\n|move|p2b: Miraidon|Electro Drift|p1a: roomtrash6\n|-damage|p1a: roomtrash6|0 fnt\n|faint|p1a: roomtrash6\n|-damage|p2b: Miraidon|81/100|[from] item: Life Orb\n|move|p1b: cybernene|Trick Room|p1b: cybernene\n|-fieldstart|move: Trick Room|[of] p1b: cybernene\n|\n|-weather|SunnyDay|[upkeep]\n|upkeep\n|\n|t:|1746011014\n|switch|p1a: yyy891|Necrozma-Dawn-Wings, L50|67/100\n|turn|7\n|\n|t:|1746011024\n|move|p1b: cybernene|Glacial Lance|p2b: Miraidon|[spread] p2a,p2b\n|-resisted|p2a: Iron Bundle\n|-damage|p2a: Iron Bundle|83/100\n|-damage|p2b: Miraidon|18/100\n|move|p1a: yyy891|Moongeist Beam|p2a: Iron Bundle\n|-damage|p2a: Iron Bundle|0 fnt\n|faint|p2a: Iron Bundle\n|-end|p2a: Iron Bundle|Quark Drive|[silent]\n|move|p2b: Miraidon|Electro Drift|p1b: cybernene\n|-damage|p1b: cybernene|14/100\n|-damage|p2b: Miraidon|8/100|[from] item: Life Orb\n|\n|-weather|SunnyDay|[upkeep]\n|upkeep\n|turn|8\n|\n|t:|1746011039\n|move|p1b: cybernene|Glacial Lance|p2b: Miraidon\n|-damage|p2b: Miraidon|0 fnt\n|faint|p2b: Miraidon\n|\n|win|calm and horny\n|l|\u2606calm and horny\n|player|p1|\n||calm and horny is ready for game 2.\n||FerdiVGC is ready for game 2.\n|uhtml|next|Next: <a href=\"/battle-gen9vgc2025regibo3-2353856601\"><strong>Game 2 of 3</strong></a>\n", "uploadtime": 1746011379, "views": 6, "formatid": "gen9vgc2025regibo3", "rating": null, "private": 0, "password": null}