{"id": "gen9vgc2025regibo3-2354579051", "format": "[Gen 9] VGC 2025 Reg I (Bo3)", "players": ["GryffindorAle", "AikonZ_Test"], "log": "|j|\u2606GryffindorAle\n|j|\u2606AikonZ_Test\n|html|<table width=\"100%\"><tr><td align=\"left\">GryffindorAle</td><td align=\"right\">AikonZ_Test</tr><tr><td align=\"left\"><i class=\"fa fa-circle-o\"></i> <i class=\"fa fa-circle-o\"></i> </td><td align=\"right\"><i class=\"fa fa-circle-o\"></i> <i class=\"fa fa-circle-o\"></i> </tr></table>\n|uhtml|bestof|<h2><strong>Game 1</strong> of <a href=\"/game-bestof3-gen9vgc2025regibo3-2354579050\">a best-of-3</a></h2>\n|t:|1746097821\n|gametype|doubles\n|player|p1|GryffindorAle|steven|1339\n|player|p2|AikonZ_Test|veteran|1394\n|teamsize|p1|6\n|teamsize|p2|6\n|gen|9\n|tier|[Gen 9] VGC 2025 Reg I (Bo3)\n|rated|\n|rule|Species Clause: Limit one of each Pok\u00e9mon\n|rule|Item Clause: Limit 1 of each item\n|clearpoke\n|poke|p1|Zacian-*, L50|\n|poke|p1|Kyogre, L50|\n|poke|p1|Tornadus, L50, M|\n|poke|p1|Rillaboom, L50, F|\n|poke|p1|Urshifu-*, L50, F|\n|poke|p1|Ditto, L50|\n|poke|p2|Urshifu-*, L50, M|\n|poke|p2|Ogerpon-Cornerstone, L50, F|\n|poke|p2|Calyrex-Ice, L50|\n|poke|p2|Grimmsnarl, L50, M|\n|poke|p2|Miraidon, L50|\n|poke|p2|Incineroar, L50, F|\n|teampreview|4\n|showteam|p1|Zacian-Crowned||RustedSword|IntrepidSword|behemothblade,PlayRough,SacredSword,Protect||||||50|,,,,,Water]Kyogre||MysticWater|Drizzle|WaterSpout,OriginPulse,IceBeam,Protect||||||50|,,,,,Grass]Tornadus||CovertCloak|Prankster|Tailwind,BleakwindStorm,Taunt,RainDance|||M|||50|,,,,,Dark]Rillaboom||AssaultVest|GrassySurge|GrassyGlide,FakeOut,WoodHammer,Uturn|||F|||50|,,,,,Fire]Urshifu-Rapid-Strike||ChoiceScarf|UnseenFist|SurgingStrikes,CloseCombat,AquaJet,Uturn|||F|||50|,,,,,Water]Ditto||FocusSash|Imposter|Transform||||||50|,,,,,Ghost\n|showteam|p2|Urshifu-Rapid-Strike||ChoiceScarf|UnseenFist|SurgingStrikes,CloseCombat,Coaching,Uturn|||M|||50|,,,,,Water]Ogerpon-Cornerstone||CornerstoneMask|Sturdy|IvyCudgel,SpikyShield,FollowMe,Taunt|||F|||50|,,,,,Rock]Calyrex-Ice||ClearAmulet|AsOneGlastrier|GlacialLance,TrickRoom,HighHorsepower,Protect||||||50|,,,,,Water]Grimmsnarl||LightClay|Prankster|LightScreen,ThunderWave,Reflect,SpiritBreak|||M|||50|,,,,,Ghost]Miraidon||ChoiceSpecs|HadronEngine|ElectroDrift,DazzlingGleam,DracoMeteor,VoltSwitch||||||50|,,,,,Fairy]Incineroar||AssaultVest|Intimidate|FakeOut,KnockOff,Uturn,FlareBlitz|||F|||50|,,,,,Bug\n|\n|t:|1746097879\n|start\n|switch|p1a: Rillaboom|Rillaboom, L50, F|100/100\n|switch|p1b: Urshifu|Urshifu-Rapid-Strike, L50, F|100/100\n|switch|p2a: Miraidon|Miraidon, L50|100/100\n|switch|p2b: Incineroar|Incineroar, L50, F|100/100\n|-fieldstart|move: Electric Terrain|[from] ability: Hadron Engine|[of] p2a: Miraidon\n|-fieldstart|move: Grassy Terrain|[from] ability: Grassy Surge|[of] p1a: Rillaboom\n|-ability|p2b: Incineroar|Intimidate|boost\n|-unboost|p1a: Rillaboom|atk|1\n|-unboost|p1b: Urshifu|atk|1\n|turn|1\n|\n|t:|1746097912\n|switch|p1b: Kyogre|Kyogre, L50|100/100\n|-weather|RainDance|[from] ability: Drizzle|[of] p1b: Kyogre\n|move|p1a: Rillaboom|Fake Out|p2a: Miraidon\n|-damage|p2a: Miraidon|90/100\n|move|p2b: Incineroar|Fake Out|p1b: Kyogre\n|-damage|p1b: Kyogre|91/100\n|cant|p2a: Miraidon|flinch\n|\n|-weather|RainDance|[upkeep]\n|-heal|p2a: Miraidon|96/100|[from] Grassy Terrain\n|-heal|p1b: Kyogre|97/100|[from] Grassy Terrain\n|upkeep\n|turn|2\n|\n|t:|1746097937\n|-terastallize|p1b: Kyogre|Grass\n|-terastallize|p2b: Incineroar|Bug\n|move|p2a: Miraidon|Volt Switch|p1b: Kyogre\n|-resisted|p1b: Kyogre\n|-damage|p1b: Kyogre|76/100\n|\n|t:|1746097944\n|switch|p2a: Grimmsnarl|Grimmsnarl, L50, M|100/100|[from] Volt Switch\n|move|p1b: Kyogre|Origin Pulse|p2a: Grimmsnarl|[spread] p2a,p2b\n|-damage|p2a: Grimmsnarl|24/100\n|-damage|p2b: Incineroar|50/100\n|move|p1a: Rillaboom|U-turn|p2b: Incineroar\n|-crit|p2b: Incineroar\n|-damage|p2b: Incineroar|18/100\n|\n|t:|1746097952\n|switch|p1a: Urshifu|Urshifu-Rapid-Strike, L50, F|100/100|[from] U-turn\n|move|p2b: Incineroar|U-turn|p1a: Urshifu\n|-resisted|p1a: Urshifu\n|-damage|p1a: Urshifu|88/100\n|\n|t:|1746097959\n|switch|p2b: Miraidon|Miraidon, L50|96/100|[from] U-turn\n|-fieldstart|move: Electric Terrain|[from] ability: Hadron Engine|[of] p2b: Miraidon\n|\n|-weather|RainDance|[upkeep]\n|upkeep\n|turn|3\n|\n|t:|1746097979\n|switch|p1b: Rillaboom|Rillaboom, L50, F|100/100\n|-fieldstart|move: Grassy Terrain|[from] ability: Grassy Surge|[of] p1b: Rillaboom\n|move|p1a: Urshifu|Aqua Jet|p2a: Grimmsnarl\n|-damage|p2a: Grimmsnarl|0 fnt\n|faint|p2a: Grimmsnarl\n|move|p2b: Miraidon|Draco Meteor|p1b: Rillaboom\n|-damage|p1b: Rillaboom|15/100\n|-unboost|p2b: Miraidon|spa|2\n|\n|-weather|RainDance|[upkeep]\n|-heal|p1a: Urshifu|94/100|[from] Grassy Terrain\n|-heal|p2b: Miraidon|100/100|[from] Grassy Terrain\n|-heal|p1b: Rillaboom|21/100|[from] Grassy Terrain\n|upkeep\n|\n|t:|1746097990\n|switch|p2a: Calyrex|Calyrex-Ice, L50|100/100\n|-ability|p2a: Calyrex|As One\n|-ability|p2a: Calyrex|Unnerve\n|turn|4\n|\n|t:|1746098012\n|switch|p1a: Zacian|Zacian-Crowned, L50|100/100\n|-ability|p1a: Zacian|Intrepid Sword|boost\n|-boost|p1a: Zacian|atk|1\n|switch|p2b: Incineroar|Incineroar, L50, F, tera:Bug|18/100\n|-ability|p2b: Incineroar|Intimidate|boost\n|-unboost|p1a: Zacian|atk|1\n|-unboost|p1b: Rillaboom|atk|1\n|move|p1b: Rillaboom|Fake Out|p2a: Calyrex\n|-damage|p2a: Calyrex|94/100\n|cant|p2a: Calyrex|flinch\n|\n|-weather|RainDance|[upkeep]\n|-heal|p1b: Rillaboom|27/100|[from] Grassy Terrain\n|-heal|p2b: Incineroar|24/100|[from] Grassy Terrain\n|-heal|p2a: Calyrex|99/100|[from] Grassy Terrain\n|upkeep\n|turn|5\n|\n|t:|1746098048\n|move|p2b: Incineroar|Fake Out|p1a: Zacian\n|-resisted|p1a: Zacian\n|-damage|p1a: Zacian|95/100\n|cant|p1a: Zacian|flinch\n|move|p1b: Rillaboom|U-turn|p2b: Incineroar\n|-damage|p2b: Incineroar|10/100\n|\n|t:|1746098054\n|switch|p1b: Kyogre|Kyogre, L50, tera:Grass|76/100|[from] U-turn\n|move|p2a: Calyrex|Trick Room|p2a: Calyrex\n|-fieldstart|move: Trick Room|[of] p2a: Calyrex\n|\n|-weather|none\n|-heal|p2a: Calyrex|100/100|[from] Grassy Terrain\n|-heal|p2b: Incineroar|16/100|[from] Grassy Terrain\n|-heal|p1b: Kyogre|82/100|[from] Grassy Terrain\n|-heal|p1a: Zacian|100/100|[from] Grassy Terrain\n|upkeep\n|turn|6\n|\n|t:|1746098083\n|switch|p1a: Urshifu|Urshifu-Rapid-Strike, L50, F|94/100\n|move|p1b: Kyogre|Protect|p1b: Kyogre\n|-singleturn|p1b: Kyogre|Protect\n|move|p2a: Calyrex|Glacial Lance|p1a: Urshifu|[spread] p1a\n|-activate|p1b: Kyogre|move: Protect\n|-resisted|p1a: Urshifu\n|-damage|p1a: Urshifu|68/100\n|move|p2b: Incineroar|Flare Blitz|p1a: Urshifu\n|-resisted|p1a: Urshifu\n|-damage|p1a: Urshifu|44/100\n|-damage|p2b: Incineroar|9/100|[from] Recoil\n|\n|-heal|p2b: Incineroar|15/100|[from] Grassy Terrain\n|-heal|p1b: Kyogre|88/100|[from] Grassy Terrain\n|-heal|p1a: Urshifu|50/100|[from] Grassy Terrain\n|upkeep\n|turn|7\n|\n|t:|1746098119\n|switch|p1b: Zacian|Zacian-Crowned, L50|100/100\n|move|p1a: Urshifu|Aqua Jet|p2b: Incineroar\n|-damage|p2b: Incineroar|0 fnt\n|faint|p2b: Incineroar\n|move|p2a: Calyrex|Glacial Lance|p1a: Urshifu|[spread] p1a,p1b\n|-resisted|p1a: Urshifu\n|-resisted|p1b: Zacian\n|-damage|p1a: Urshifu|21/100\n|-damage|p1b: Zacian|73/100\n|\n|-heal|p1b: Zacian|79/100|[from] Grassy Terrain\n|-heal|p1a: Urshifu|27/100|[from] Grassy Terrain\n|-fieldend|move: Grassy Terrain\n|upkeep\n|\n|t:|1746098127\n|switch|p2b: Miraidon|Miraidon, L50|100/100\n|-fieldstart|move: Electric Terrain|[from] ability: Hadron Engine|[of] p2b: Miraidon\n|turn|8\n|\n|t:|1746098173\n|move|p1b: Zacian|Protect|p1b: Zacian\n|-singleturn|p1b: Zacian|Protect\n|move|p1a: Urshifu|Aqua Jet|p2a: Calyrex\n|-damage|p2a: Calyrex|85/100\n|move|p2a: Calyrex|Glacial Lance|p1b: Zacian|[spread] p1a\n|-activate|p1b: Zacian|move: Protect\n|-resisted|p1a: Urshifu\n|-damage|p1a: Urshifu|0 fnt\n|faint|p1a: Urshifu\n|-ability|p2a: Calyrex|Chilling Neigh|boost\n|-boost|p2a: Calyrex|atk|1\n|move|p2b: Miraidon|Electro Drift|p1b: Zacian\n|-activate|p1b: Zacian|move: Protect\n|\n|upkeep\n|\n|t:|1746098187\n|switch|p1a: Kyogre|Kyogre, L50, tera:Grass|88/100\n|-weather|RainDance|[from] ability: Drizzle|[of] p1a: Kyogre\n|turn|9\n|\n|t:|1746098218\n|switch|p1b: Rillaboom|Rillaboom, L50, F|27/100\n|-fieldstart|move: Grassy Terrain|[from] ability: Grassy Surge|[of] p1b: Rillaboom\n|move|p2a: Calyrex|Protect|p2a: Calyrex\n|-singleturn|p2a: Calyrex|Protect\n|move|p1a: Kyogre|Protect|p1a: Kyogre\n|-singleturn|p1a: Kyogre|Protect\n|move|p2b: Miraidon|Electro Drift|p1a: Kyogre\n|-activate|p1a: Kyogre|move: Protect\n|\n|-weather|RainDance|[upkeep]\n|-heal|p2a: Calyrex|91/100|[from] Grassy Terrain\n|-heal|p1b: Rillaboom|33/100|[from] Grassy Terrain\n|-heal|p1a: Kyogre|94/100|[from] Grassy Terrain\n|-fieldend|move: Trick Room\n|upkeep\n|turn|10\n|\n|t:|1746098262\n|move|p1b: Rillaboom|Fake Out|p2a: Calyrex\n|-damage|p2a: Calyrex|82/100\n|move|p2b: Miraidon|Electro Drift|p1a: Kyogre\n|-resisted|p1a: Kyogre\n|-damage|p1a: Kyogre|67/100\n|move|p1a: Kyogre|Origin Pulse|p2b: Miraidon|[spread] p2a,p2b\n|-resisted|p2b: Miraidon\n|-damage|p2a: Calyrex|29/100\n|-damage|p2b: Miraidon|66/100\n|cant|p2a: Calyrex|flinch\n|\n|-weather|RainDance|[upkeep]\n|-heal|p2b: Miraidon|72/100|[from] Grassy Terrain\n|-heal|p1a: Kyogre|73/100|[from] Grassy Terrain\n|-heal|p1b: Rillaboom|39/100|[from] Grassy Terrain\n|-heal|p2a: Calyrex|35/100|[from] Grassy Terrain\n|upkeep\n|turn|11\n|\n|t:|1746098285\n|move|p2a: Calyrex|Protect|p2a: Calyrex\n|-singleturn|p2a: Calyrex|Protect\n|move|p2b: Miraidon|Electro Drift|p1b: Rillaboom\n|-resisted|p1b: Rillaboom\n|-damage|p1b: Rillaboom|3/100\n|move|p1a: Kyogre|Origin Pulse|p2b: Miraidon|[spread] p2b\n|-activate|p2a: Calyrex|move: Protect\n|-resisted|p2b: Miraidon\n|-damage|p2b: Miraidon|35/100\n|move|p1b: Rillaboom|Wood Hammer|p2a: Calyrex\n|-activate|p2a: Calyrex|move: Protect\n|\n|-weather|RainDance|[upkeep]\n|-heal|p2b: Miraidon|41/100|[from] Grassy Terrain\n|-heal|p1a: Kyogre|79/100|[from] Grassy Terrain\n|-heal|p1b: Rillaboom|9/100|[from] Grassy Terrain\n|-heal|p2a: Calyrex|41/100|[from] Grassy Terrain\n|upkeep\n|turn|12\n|\n|t:|1746098312\n|move|p1b: Rillaboom|Grassy Glide|p2a: Calyrex\n|-crit|p2a: Calyrex\n|-damage|p2a: Calyrex|7/100\n|move|p2b: Miraidon|Electro Drift|p1b: Rillaboom\n|-resisted|p1b: Rillaboom\n|-damage|p1b: Rillaboom|0 fnt\n|faint|p1b: Rillaboom\n|move|p1a: Kyogre|Water Spout|p2a: Calyrex|[spread] p2a,p2b\n|-resisted|p2b: Miraidon\n|-damage|p2a: Calyrex|0 fnt\n|-damage|p2b: Miraidon|3/100\n|faint|p2a: Calyrex\n|\n|-weather|RainDance|[upkeep]\n|-heal|p2b: Miraidon|9/100|[from] Grassy Terrain\n|-heal|p1a: Kyogre|85/100|[from] Grassy Terrain\n|upkeep\n|\n|t:|1746098322\n|switch|p1b: Zacian|Zacian-Crowned, L50|79/100\n|turn|13\n|-message|AikonZ_Test forfeited.\n|\n|win|GryffindorAle\n||AikonZ_Test is ready for game 2.\n||GryffindorAle is ready for game 2.\n|uhtml|next|Next: <a href=\"/battle-gen9vgc2025regibo3-2354582073\"><strong>Game 2 of 3</strong></a>\n|l|\u2606GryffindorAle\n|player|p1|\n", "uploadtime": 1746098713, "views": 7, "formatid": "gen9vgc2025regibo3", "rating": null, "private": 0, "password": null}