{"id": "gen9vgc2025regibo3-2353852412", "format": "[Gen 9] VGC 2025 Reg I (Bo3)", "players": ["calm and horny", "NerdConsultant"], "log": "|j|\u2606calm and horny\n|j|\u2606NerdConsultant\n|html|<table width=\"100%\"><tr><td align=\"left\">calm and horny</td><td align=\"right\">NerdConsultant</tr><tr><td align=\"left\"><i class=\"fa fa-circle-o\"></i> <i class=\"fa fa-circle-o\"></i> </td><td align=\"right\"><i class=\"fa fa-circle-o\"></i> <i class=\"fa fa-circle-o\"></i> </tr></table>\n|uhtml|bestof|<h2><strong>Game 1</strong> of <a href=\"/game-bestof3-gen9vgc2025regibo3-2353852411\">a best-of-3</a></h2>\n|t:|1746010435\n|gametype|doubles\n|player|p1|calm and horny|erika|1124\n|player|p2|NerdConsultant|roxie|1174\n|teamsize|p1|6\n|teamsize|p2|6\n|gen|9\n|tier|[Gen 9] VGC 2025 Reg I (Bo3)\n|rated|\n|rule|Species Clause: Limit one of each Pok\u00e9mon\n|rule|Item Clause: Limit 1 of each item\n|clearpoke\n|poke|p1|Necrozma-Dawn-Wings, L50|\n|poke|p1|Calyrex-Ice, L50|\n|poke|p1|Indeedee-F, L50, F|\n|poke|p1|Torkoal, L50, M|\n|poke|p1|Lilligant-Hisui, L50, F|\n|poke|p1|Urshifu-*, L50, F|\n|poke|p2|Miraidon, L50|\n|poke|p2|Calyrex-Ice, L50|\n|poke|p2|Iron Hands, L50|\n|poke|p2|Whimsicott, L50, M|\n|poke|p2|Grimmsnarl, L50, M|\n|poke|p2|Ogerpon-Hearthflame, L50, F|\n|teampreview|4\n|showteam|p1|Necrozma-Dawn-Wings||PowerHerb|PrismArmor|ExpandingForce,MeteorBeam,MoongeistBeam,TrickRoom||||||50|,,,,,Fairy]Calyrex-Ice||ClearAmulet|AsOneGlastrier|GlacialLance,HighHorsepower,TrickRoom,Imprison||||||50|,,,,,Fire]Indeedee-F||SafetyGoggles|PsychicSurge|FollowMe,Psychic,TrickRoom,HelpingHand|||F|||50|,,,,,Fairy]Torkoal||ChoiceSpecs|Drought|Eruption,ClearSmog,WeatherBall,EarthPower|||M|||50|,,,,,Fire]Lilligant-Hisui||FocusSash|Chlorophyll|AfterYou,CloseCombat,SleepPowder,SolarBlade|||F|||50|,,,,,Ghost]Urshifu||ChoiceBand|UnseenFist|WickedBlow,SuckerPunch,CloseCombat,IronHead|||F|||50|,,,,,Ghost\n|showteam|p2|Miraidon||ChoiceSpecs|HadronEngine|VoltSwitch,ElectroDrift,DazzlingGleam,DracoMeteor||||||50|,,,,,Fairy]Calyrex-Ice||ClearAmulet|AsOneGlastrier|GlacialLance,HighHorsepower,TrickRoom,Protect||||||50|,,,,,Fire]Iron Hands||AssaultVest|QuarkDrive|DrainPunch,LowKick,WildCharge,FakeOut||||||50|,,,,,Bug]Whimsicott||CovertCloak|Prankster|Moonblast,Encore,Tailwind,LightScreen|||M|||50|,,,,,Dark]Grimmsnarl||LightClay|Prankster|FoulPlay,Reflect,LightScreen,ThunderWave|||M|||50|,,,,,Ghost]Ogerpon-Hearthflame||HearthflameMask|MoldBreaker|IvyCudgel,WoodHammer,FollowMe,SpikyShield|||F|||50|,,,,,Fire\n|inactive|Battle timer is ON: inactive players will automatically lose when time's up. (requested by calm and horny)\n|\n|t:|1746010468\n|start\n|switch|p1a: yyy891|Necrozma-Dawn-Wings, L50|100/100\n|switch|p1b: Indeedee|Indeedee-F, L50, F|100/100\n|switch|p2a: Grimmsnarl|Grimmsnarl, L50, M|100/100\n|switch|p2b: Miraidon|Miraidon, L50|100/100\n|-fieldstart|move: Electric Terrain|[from] ability: Hadron Engine|[of] p2b: Miraidon\n|-fieldstart|move: Psychic Terrain|[from] ability: Psychic Surge|[of] p1b: Indeedee\n|turn|1\n|inactive|NerdConsultant has 30 seconds left.\n|\n|t:|1746010497\n|move|p2a: Grimmsnarl|Light Screen|p2a: Grimmsnarl\n|-sidestart|p2: NerdConsultant|move: Light Screen\n|move|p2b: Miraidon|Volt Switch|p1b: Indeedee\n|-damage|p1b: Indeedee|39/100\n|\n|t:|1746010502\n|switch|p2b: Calyrex|Calyrex-Ice, L50|100/100|[from] Volt Switch\n|-ability|p2b: Calyrex|As One\n|-ability|p2b: Calyrex|Unnerve\n|move|p1a: yyy891|Meteor Beam||[still]\n|-prepare|p1a: yyy891|Meteor Beam\n|-boost|p1a: yyy891|spa|1\n|-enditem|p1a: yyy891|Power Herb\n|-anim|p1a: yyy891|Meteor Beam|p2b: Calyrex\n|-supereffective|p2b: Calyrex\n|-damage|p2b: Calyrex|32/100\n|move|p1b: Indeedee|Trick Room|p1b: Indeedee\n|-fieldstart|move: Trick Room|[of] p1b: Indeedee\n|\n|upkeep\n|turn|2\n|\n|t:|1746010521\n|move|p1b: Indeedee|Follow Me|p1b: Indeedee\n|-singleturn|p1b: Indeedee|move: Follow Me\n|move|p2b: Calyrex|Glacial Lance|p1b: Indeedee|[spread] p1a,p1b\n|-damage|p1a: yyy891|55/100\n|-damage|p1b: Indeedee|0 fnt\n|faint|p1b: Indeedee\n|-ability|p2b: Calyrex|Chilling Neigh|boost\n|-boost|p2b: Calyrex|atk|1\n|move|p2a: Grimmsnarl|Foul Play|p1a: yyy891\n|-supereffective|p1a: yyy891\n|-damage|p1a: yyy891|0 fnt\n|faint|p1a: yyy891\n|\n|upkeep\n|\n|t:|1746010532\n|switch|p1b: roomtrash6|Torkoal, L50, M|100/100\n|switch|p1a: cybernene|Calyrex-Ice, L50|100/100\n|-ability|p1a: cybernene|As One\n|-ability|p1a: cybernene|Unnerve\n|-weather|SunnyDay|[from] ability: Drought|[of] p1b: roomtrash6\n|turn|3\n|\n|t:|1746010554\n|-terastallize|p1b: roomtrash6|Fire\n|move|p2b: Calyrex|Protect|p2b: Calyrex\n|-singleturn|p2b: Calyrex|Protect\n|move|p2a: Grimmsnarl|Reflect|p2a: Grimmsnarl\n|-sidestart|p2: NerdConsultant|Reflect\n|move|p1b: roomtrash6|Eruption|p2b: Calyrex|[spread] p2a\n|-activate|p2b: Calyrex|move: Protect\n|-damage|p2a: Grimmsnarl|10/100\n|move|p1a: cybernene|Glacial Lance|p2a: Grimmsnarl|[spread] p2a\n|-activate|p2b: Calyrex|move: Protect\n|-crit|p2a: Grimmsnarl\n|-damage|p2a: Grimmsnarl|0 fnt\n|faint|p2a: Grimmsnarl\n|-ability|p1a: cybernene|Chilling Neigh|boost\n|-boost|p1a: cybernene|atk|1\n|\n|-weather|SunnyDay|[upkeep]\n|upkeep\n|\n|t:|1746010573\n|switch|p2a: Iron Hands|Iron Hands, L50|100/100\n|turn|4\n|\n|t:|1746010578\n|move|p2a: Iron Hands|Fake Out|p1b: roomtrash6\n|-activate|p1b: roomtrash6|move: Psychic Terrain\n|move|p1b: roomtrash6|Eruption|p2b: Calyrex|[spread] p2a,p2b\n|-supereffective|p2b: Calyrex\n|-damage|p2a: Iron Hands|56/100\n|-damage|p2b: Calyrex|0 fnt\n|faint|p2b: Calyrex\n|move|p1a: cybernene|Glacial Lance|p2a: Iron Hands\n|-damage|p2a: Iron Hands|3/100\n|\n|-weather|SunnyDay|[upkeep]\n|upkeep\n|c|\u2606NerdConsultant|i forgot the terrain\n|\n|t:|1746010595\n|switch|p2b: Miraidon|Miraidon, L50|100/100\n|-fieldstart|move: Electric Terrain|[from] ability: Hadron Engine|[of] p2b: Miraidon\n|-activate|p2a: Iron Hands|ability: Quark Drive\n|-start|p2a: Iron Hands|quarkdriveatk\n|turn|5\n|\n|t:|1746010604\n|-terastallize|p2b: Miraidon|Fairy\n|move|p1b: roomtrash6|Eruption|p2b: Miraidon|[spread] p2a,p2b\n|-damage|p2a: Iron Hands|0 fnt\n|-damage|p2b: Miraidon|20/100\n|faint|p2a: Iron Hands\n|-end|p2a: Iron Hands|Quark Drive|[silent]\n|move|p1a: cybernene|Glacial Lance|p2b: Miraidon\n|-damage|p2b: Miraidon|0 fnt\n|faint|p2b: Miraidon\n|\n|win|calm and horny\n||NerdConsultant is ready for game 2.\n|l|\u2606calm and horny\n|player|p1|\n||calm and horny is ready for game 2.\n|uhtml|next|Next: <a href=\"/battle-gen9vgc2025regibo3-2353853645\"><strong>Game 2 of 3</strong></a>\n|l|\u2606NerdConsultant\n|player|p2|\n", "uploadtime": 1746010965, "views": 6, "formatid": "gen9vgc2025regibo3", "rating": null, "private": 0, "password": null}