{"id": "gen9vgc2025regibo3-2354487825", "format": "[Gen 9] VGC 2025 Reg I (Bo3)", "players": ["Thundrix", "burakkuVA"], "log": "|j|\u2606Thundrix\n|j|\u2606burakkuVA\n|html|<table width=\"100%\"><tr><td align=\"left\">Thundrix</td><td align=\"right\">burakkuVA</tr><tr><td align=\"left\"><i class=\"fa fa-circle\"></i> <i class=\"fa fa-circle-o\"></i> </td><td align=\"right\"><i class=\"fa fa-circle-o\"></i> <i class=\"fa fa-circle-o\"></i> </tr></table>\n|uhtml|bestof|<h2><strong>Game 2</strong> of <a href=\"/game-bestof3-gen9vgc2025regibo3-2354484815\">a best-of-3</a></h2>\n|t:|1746080055\n|gametype|doubles\n|player|p1|Thundrix|volkner|\n|player|p2|burakkuVA|clair|\n|teamsize|p1|6\n|teamsize|p2|6\n|gen|9\n|tier|[Gen 9] VGC 2025 Reg I (Bo3)\n|rule|Species Clause: Limit one of each Pok\u00e9mon\n|rule|Item Clause: Limit 1 of each item\n|clearpoke\n|poke|p1|Necrozma-Dusk-Mane, L50|\n|poke|p1|Porygon2, L50|\n|poke|p1|Giratina, L50|\n|poke|p1|Sceptile, L50, F|\n|poke|p1|Iron Hands, L50|\n|poke|p1|Klawf, L50, M|\n|poke|p2|Terapagos, L50, M|\n|poke|p2|Groudon, L50|\n|poke|p2|Grimmsnarl, L50, M|\n|poke|p2|Rillaboom, L50, M|\n|poke|p2|Raging Bolt, L50|\n|poke|p2|Flutter Mane, L50|\n|teampreview|4\n|showteam|p1|Necrozma-Dusk-Mane||ClearAmulet|PrismArmor|Protect,SwordsDance,Earthquake,KnockOff||||||50|,,,,,Dragon]Porygon2||Eviolite|Download|TrickRoom,Recover,TriAttack,IceBeam||||||50|,,,,,Ghost]Giratina||AssaultVest|Telepathy|Poltergeist,IronHead,SkitterSmack,BreakingSwipe||||||50|,,,,,Normal]Sceptile||FocusSash|Unburden|DragonCheer,Protect,FrenzyPlant,VacuumWave|||F|||50|,,,,,Grass]Iron Hands||CovertCloak|QuarkDrive|FakeOut,ElectricTerrain,DrainPunch,SwordsDance||||||50|,,,,,Bug]Klawf||SitrusBerry|AngerShell|Endure,RockSlide,Crabhammer,HighHorsepower|||M|||50|,,,,,Grass\n|showteam|p2|Terapagos||Leftovers|TeraShift|TeraStarstorm,EarthPower,Protect,CalmMind|||M|||50|,,,,,Stellar]Groudon||ClearAmulet|Drought|PrecipiceBlades,HeatCrash,SwordsDance,Protect||||||50|,,,,,Fire]Grimmsnarl||LightClay|Prankster|LightScreen,SuckerPunch,PartingShot,Reflect|||M|||50|,,,,,Steel]Rillaboom||GrassySeed|GrassySurge|GrassyGlide,WoodHammer,HighHorsepower,FakeOut|||M|||50|,,,,,Ground]Raging Bolt||AssaultVest|Protosynthesis|Thunderbolt,DracoMeteor,Snarl,Thunderclap||||||50|,,,,,Electric]Flutter Mane||BoosterEnergy|Protosynthesis|Taunt,Protect,Moonblast,IcyWind||||||50|,,,,,Fairy\n|inactive|Battle timer is ON: inactive players will automatically lose when time's up. (requested by burakkuVA)\n|inactive|burakkuVA has 60 seconds left.\n|\n|t:|1746080095\n|start\n|switch|p1a: Sceptile|Sceptile, L50, F|100/100\n|switch|p1b: Necrozma|Necrozma-Dusk-Mane, L50|100/100\n|switch|p2a: Kaido|Groudon, L50, shiny|100/100\n|switch|p2b: Agatha|Flutter Mane, L50, shiny|100/100\n|-weather|SunnyDay|[from] ability: Drought|[of] p2a: Kaido\n|-activate|p2b: Agatha|ability: Protosynthesis\n|-start|p2b: Agatha|protosynthesisspe\n|turn|1\n|inactive|Thundrix has 30 seconds left.\n|inactive|burakkuVA has 30 seconds left.\n|inactive|burakkuVA has 20 seconds left.\n|inactive|Thundrix has 20 seconds left.\n|inactive|burakkuVA has 15 seconds left.\n|inactive|Thundrix has 15 seconds left.\n|inactive|burakkuVA has 10 seconds left.\n|\n|t:|1746080149\n|-terastallize|p1b: Necrozma|Dragon\n|move|p2a: Kaido|Protect|p2a: Kaido\n|-singleturn|p2a: Kaido|Protect\n|move|p2b: Agatha|Icy Wind|p1b: Necrozma|[spread] p1a,p1b\n|-supereffective|p1a: Sceptile\n|-supereffective|p1b: Necrozma\n|-damage|p1a: Sceptile|58/100\n|-damage|p1b: Necrozma|81/100\n|-unboost|p1a: Sceptile|spe|1\n|move|p1a: Sceptile|Dragon Cheer|p1b: Necrozma\n|-start|p1b: Necrozma|move: Dragon Cheer\n|move|p1b: Necrozma|Knock Off|p2b: Agatha\n|-damage|p2b: Agatha|56/100\n|\n|-weather|SunnyDay|[upkeep]\n|upkeep\n|turn|2\n|inactive|burakkuVA has 30 seconds left.\n|\n|t:|1746080182\n|-terastallize|p2b: Agatha|Fairy\n|move|p2b: Agatha|Moonblast|p1b: Necrozma\n|-supereffective|p1b: Necrozma\n|-damage|p1b: Necrozma|0 fnt\n|faint|p1b: Necrozma\n|move|p2a: Kaido|Precipice Blades|p1a: Sceptile\n|-resisted|p1a: Sceptile\n|-damage|p1a: Sceptile|0 fnt\n|faint|p1a: Sceptile\n|\n|-weather|SunnyDay|[upkeep]\n|upkeep\n|\n|t:|1746080192\n|switch|p1a: Giratina|Giratina, L50, shiny|100/100\n|switch|p1b: Porygon2|Porygon2, L50|100/100\n|-ability|p1b: Porygon2|Download|boost\n|-boost|p1b: Porygon2|atk|1\n|turn|3\n|\n|t:|1746080216\n|move|p2b: Agatha|Taunt|p1b: Porygon2\n|-start|p1b: Porygon2|move: Taunt\n|move|p2a: Kaido|Swords Dance|p2a: Kaido\n|-boost|p2a: Kaido|atk|2\n|move|p1a: Giratina|Iron Head|p2b: Agatha\n|-supereffective|p2b: Agatha\n|-damage|p2b: Agatha|0 fnt\n|faint|p2b: Agatha\n|-end|p2b: Agatha|Protosynthesis|[silent]\n|cant|p1b: Porygon2|move: Taunt|Trick Room\n|\n|-weather|SunnyDay|[upkeep]\n|upkeep\n|\n|t:|1746080226\n|switch|p2b: Konkey Dong|Rillaboom, L50, M, shiny|100/100\n|-fieldstart|move: Grassy Terrain|[from] ability: Grassy Surge|[of] p2b: Konkey Dong\n|-enditem|p2b: Konkey Dong|Grassy Seed\n|-boost|p2b: Konkey Dong|def|1|[from] item: Grassy Seed\n|turn|4\n|\n|t:|1746080245\n|move|p2a: Kaido|Precipice Blades|p1a: Giratina|[spread] p1a\n|-miss|p2a: Kaido|p1b: Porygon2\n|-damage|p1a: Giratina|33/100\n|move|p1a: Giratina|Poltergeist|p2a: Kaido\n|-activate|p2a: Kaido|move: Poltergeist|Clear Amulet\n|-damage|p2a: Kaido|71/100\n|move|p2b: Konkey Dong|Wood Hammer|p1a: Giratina\n|-resisted|p1a: Giratina\n|-damage|p1a: Giratina|6/100\n|-damage|p2b: Konkey Dong|89/100|[from] Recoil\n|move|p1b: Porygon2|Ice Beam|p2a: Kaido\n|-supereffective|p2a: Kaido\n|-crit|p2a: Kaido\n|-damage|p2a: Kaido|14/100\n|\n|-weather|SunnyDay|[upkeep]\n|-heal|p2a: Kaido|20/100|[from] Grassy Terrain\n|-heal|p1a: Giratina|13/100|[from] Grassy Terrain\n|-heal|p2b: Konkey Dong|95/100|[from] Grassy Terrain\n|upkeep\n|turn|5\n|\n|t:|1746080265\n|move|p2b: Konkey Dong|Grassy Glide|p1b: Porygon2\n|-damage|p1b: Porygon2|77/100\n|move|p2a: Kaido|Precipice Blades|p1b: Porygon2|[spread] p1a\n|-miss|p2a: Kaido|p1b: Porygon2\n|-damage|p1a: Giratina|0 fnt\n|faint|p1a: Giratina\n|move|p1b: Porygon2|Ice Beam|p2a: Kaido\n|-supereffective|p2a: Kaido\n|-damage|p2a: Kaido|0 fnt\n|faint|p2a: Kaido\n|\n|-weather|none\n|-heal|p2b: Konkey Dong|100/100|[from] Grassy Terrain\n|-heal|p1b: Porygon2|83/100|[from] Grassy Terrain\n|-end|p1b: Porygon2|move: Taunt\n|upkeep\n|\n|t:|1746080273\n|switch|p2a: Steg-o-saurus|Raging Bolt, L50|100/100\n|turn|6\n|\n|t:|1746080288\n|move|p2b: Konkey Dong|Wood Hammer|p1b: Porygon2\n|-damage|p1b: Porygon2|28/100\n|-damage|p2b: Konkey Dong|82/100|[from] Recoil\n|move|p2a: Steg-o-saurus|Thunderbolt|p1b: Porygon2\n|-damage|p1b: Porygon2|4/100\n|move|p1b: Porygon2|Trick Room|p1b: Porygon2\n|-fieldstart|move: Trick Room|[of] p1b: Porygon2\n|\n|-heal|p1b: Porygon2|10/100|[from] Grassy Terrain\n|-heal|p2b: Konkey Dong|89/100|[from] Grassy Terrain\n|upkeep\n|turn|7\n|\n|t:|1746080300\n|move|p2a: Steg-o-saurus|Thunderclap|p1b: Porygon2\n|-damage|p1b: Porygon2|0 fnt\n|faint|p1b: Porygon2\n|\n|win|burakkuVA\n||Thundrix is ready for game 3.\n||burakkuVA is ready for game 3.\n|uhtml|next|Next: <a href=\"/battle-gen9vgc2025regibo3-2354489031\"><strong>Game 3 of 3</strong></a>\n|l|\u2606Thundrix\n|player|p1|\n", "uploadtime": 1746080656, "views": 8, "formatid": "gen9vgc2025regibo3", "rating": null, "private": 0, "password": null}