{"id": "gen9vgc2025regibo3-2353809271", "format": "[Gen 9] VGC 2025 Reg I (Bo3)", "players": ["spongebob601", "imapiglin"], "log": "|j|\u2606spongebob601\n|j|\u2606imapiglin\n|html|<table width=\"100%\"><tr><td align=\"left\">spongebob601</td><td align=\"right\">imapiglin</tr><tr><td align=\"left\"><i class=\"fa fa-circle-o\"></i> <i class=\"fa fa-circle-o\"></i> </td><td align=\"right\"><i class=\"fa fa-circle-o\"></i> <i class=\"fa fa-circle-o\"></i> </tr></table>\n|uhtml|bestof|<h2><strong>Game 1</strong> of <a href=\"/game-bestof3-gen9vgc2025regibo3-2353809270\">a best-of-3</a></h2>\n|t:|1746003585\n|gametype|doubles\n|player|p1|spongebob601|170|1079\n|player|p2|imapiglin|skierf|1043\n|teamsize|p1|6\n|teamsize|p2|6\n|gen|9\n|tier|[Gen 9] VGC 2025 Reg I (Bo3)\n|rated|\n|rule|Species Clause: Limit one of each Pok\u00e9mon\n|rule|Item Clause: Limit 1 of each item\n|clearpoke\n|poke|p1|Lunala, L50|\n|poke|p1|Zamazenta-*, L50|\n|poke|p1|Incineroar, L50, F|\n|poke|p1|Raging Bolt, L50|\n|poke|p1|Rillaboom, L50, M|\n|poke|p1|Grimmsnarl, L50, M|\n|poke|p2|Calyrex-Shadow, L50|\n|poke|p2|Koraidon, L50|\n|poke|p2|Cinderace, L50, F|\n|poke|p2|Revavroom, L50, M|\n|poke|p2|Roaring Moon, L50|\n|poke|p2|Urshifu-*, L50, M|\n|teampreview|4\n|showteam|p1|Lunala||Leftovers|ShadowShield|CalmMind,MoongeistBeam,Protect,WillOWisp||||||50|,,,,,Fairy]Zamazenta-Crowned||RustedShield|DauntlessShield|BodyPress,IronDefense,Snarl,WideGuard||||||50|,,,,,Dragon]Incineroar||AguavBerry|Intimidate|KnockOff,PartingShot,FakeOut,WillOWisp|||F|||50|,,,,,Dragon]Raging Bolt||SitrusBerry|Protosynthesis|Thunderclap,CalmMind,DragonPulse,Snarl||||||50|,,,,,Fairy]Rillaboom||AssaultVest|GrassySurge|Uturn,GrassyGlide,WoodHammer,FakeOut|||M|||50|,,,,,Fire]Grimmsnarl||LightClay|Prankster|LightScreen,Reflect,SpiritBreak,ThunderWave|||M|||50|,,,,,Ghost\n|showteam|p2|Calyrex-Shadow||FocusSash|AsOneSpectrier|AstralBarrage,PollenPuff,Psychic,DarkPulse||||||50|,,,,,Ghost]Koraidon||ChoiceScarf|OrichalcumPulse|CollisionCourse,FlareBlitz,CloseCombat,ScaleShot||||||50|,,,,,Fire]Cinderace||AssaultVest|Libero|PyroBall,ScorchingSands,GunkShot,LowSweep|||F|||50|,,,,,Fire]Revavroom||ClearAmulet|Overcoat|SpinOut,GunkShot,HighHorsepower,PoisonJab|||M|||50|,,,,,Grass]Roaring Moon||BoosterEnergy|Protosynthesis|Tailwind,KnockOff,DragonClaw,Acrobatics||||||50|,,,,,Poison]Urshifu-Rapid-Strike||CovertCloak|UnseenFist|CloseCombat,SurgingStrikes,BrickBreak,IceSpinner|||M|||50|,,,,,Water\n|inactive|Battle timer is ON: inactive players will automatically lose when time's up. (requested by imapiglin)\n|inactive|spongebob601 has 60 seconds left.\n|\n|t:|1746003633\n|start\n|switch|p1a: Grimmsnarl|Grimmsnarl, L50, M|100/100\n|switch|p1b: Incineroar|Incineroar, L50, F|100/100\n|switch|p2a: Wolfe|Koraidon, L50|100/100\n|switch|p2b: Glick|Calyrex-Shadow, L50|100/100\n|-ability|p2b: Glick|As One\n|-ability|p2b: Glick|Unnerve\n|-weather|SunnyDay|[from] ability: Orichalcum Pulse|[of] p2a: Wolfe\n|-activate|p2a: Wolfe|Orichalcum Pulse|[source]\n|-ability|p1b: Incineroar|Intimidate|boost\n|-unboost|p2a: Wolfe|atk|1\n|-unboost|p2b: Glick|atk|1\n|turn|1\n|inactive|spongebob601 has 30 seconds left.\n|inactive|imapiglin has 30 seconds left.\n|\n|t:|1746003665\n|switch|p2a: Hydroplane|Revavroom, L50, M, shiny|100/100\n|move|p1a: Grimmsnarl|Reflect|p1a: Grimmsnarl\n|-sidestart|p1: spongebob601|Reflect\n|move|p2b: Glick|Pollen Puff|p1b: Incineroar\n|-damage|p1b: Incineroar|68/100\n|move|p1b: Incineroar|Knock Off|p2b: Glick\n|-supereffective|p2b: Glick\n|-enditem|p2b: Glick|Focus Sash\n|-damage|p2b: Glick|1/100\n|\n|-weather|SunnyDay|[upkeep]\n|upkeep\n|turn|2\n|inactive|spongebob601 has 30 seconds left.\n|inactive|imapiglin has 30 seconds left.\n|\n|t:|1746003696\n|switch|p2b: Wolfe|Koraidon, L50|100/100\n|-activate|p2b: Wolfe|ability: Orichalcum Pulse\n|move|p1a: Grimmsnarl|Reflect||[still]\n|-fail|p1a: Grimmsnarl\n|move|p2a: Hydroplane|High Horsepower|p1b: Incineroar\n|-supereffective|p1b: Incineroar\n|-damage|p1b: Incineroar|31/100\n|move|p1b: Incineroar|Knock Off|p2a: Hydroplane\n|-damage|p2a: Hydroplane|55/100\n|-enditem|p2a: Hydroplane|Clear Amulet|[from] move: Knock Off|[of] p1b: Incineroar\n|\n|-weather|SunnyDay|[upkeep]\n|upkeep\n|turn|3\n|inactive|imapiglin has 30 seconds left.\n|\n|t:|1746003727\n|switch|p1b: Lunala|Lunala, L50|100/100\n|move|p2b: Wolfe|Collision Course|p1b: Lunala\n|-immune|p1b: Lunala\n|move|p2a: Hydroplane|Poison Jab|p1a: Grimmsnarl\n|-supereffective|p1a: Grimmsnarl\n|-damage|p1a: Grimmsnarl|45/100\n|-status|p1a: Grimmsnarl|psn\n|move|p1a: Grimmsnarl|Spirit Break|p2b: Wolfe\n|-supereffective|p2b: Wolfe\n|-damage|p2b: Wolfe|0 fnt\n|faint|p2b: Wolfe\n|\n|-weather|SunnyDay|[upkeep]\n|-damage|p1a: Grimmsnarl|32/100 psn|[from] psn\n|upkeep\n|\n|t:|1746003743\n|switch|p2b: Glick|Calyrex-Shadow, L50|1/100\n|-ability|p2b: Glick|As One\n|-ability|p2b: Glick|Unnerve\n|turn|4\n|\n|t:|1746003762\n|-terastallize|p2b: Glick|Ghost\n|-terastallize|p1b: Lunala|Fairy\n|move|p1a: Grimmsnarl|Thunder Wave|p2b: Glick\n|-status|p2b: Glick|par\n|move|p2a: Hydroplane|Poison Jab|p1a: Grimmsnarl\n|-supereffective|p1a: Grimmsnarl\n|-damage|p1a: Grimmsnarl|0 fnt\n|faint|p1a: Grimmsnarl\n|move|p1b: Lunala|Moongeist Beam|p2b: Glick\n|-supereffective|p2b: Glick\n|-damage|p2b: Glick|0 fnt\n|faint|p2b: Glick\n|\n|-weather|SunnyDay|[upkeep]\n|upkeep\n|\n|t:|1746003778\n|switch|p2b: Eclipse|Roaring Moon, L50|100/100\n|switch|p1a: Incineroar|Incineroar, L50, F|31/100\n|-ability|p1a: Incineroar|Intimidate|boost\n|-unboost|p2a: Hydroplane|atk|1\n|-unboost|p2b: Eclipse|atk|1\n|-activate|p2b: Eclipse|ability: Protosynthesis\n|-start|p2b: Eclipse|protosynthesisspe\n|turn|5\n|inactive|spongebob601 has 30 seconds left.\n|\n|t:|1746003804\n|switch|p1a: Zamazenta|Zamazenta-Crowned, L50|100/100\n|-ability|p1a: Zamazenta|Dauntless Shield|boost\n|-boost|p1a: Zamazenta|def|1\n|move|p2b: Eclipse|Tailwind|p2b: Eclipse\n|-sidestart|p2: imapiglin|move: Tailwind\n|move|p2a: Hydroplane|Spin Out|p1b: Lunala\n|-supereffective|p1b: Lunala\n|-damage|p1b: Lunala|86/100\n|-unboost|p2a: Hydroplane|spe|2\n|move|p1b: Lunala|Will-O-Wisp|p2b: Eclipse\n|-status|p2b: Eclipse|brn\n|\n|-weather|none\n|-end|p2b: Eclipse|Protosynthesis\n|-heal|p1b: Lunala|92/100|[from] item: Leftovers\n|-damage|p2b: Eclipse|94/100 brn|[from] brn\n|upkeep\n|-enditem|p2b: Eclipse|Booster Energy\n|-activate|p2b: Eclipse|ability: Protosynthesis|[fromitem]\n|-start|p2b: Eclipse|protosynthesisspe\n|turn|6\n|inactive|spongebob601 has 30 seconds left.\n|inactive|imapiglin has 30 seconds left.\n|\n|t:|1746003831\n|switch|p1b: Incineroar|Incineroar, L50, F|31/100\n|-ability|p1b: Incineroar|Intimidate|boost\n|-unboost|p2a: Hydroplane|atk|1\n|-unboost|p2b: Eclipse|atk|1\n|move|p2b: Eclipse|Acrobatics|p1a: Zamazenta\n|-damage|p1a: Zamazenta|98/100\n|move|p1a: Zamazenta|Iron Defense|p1a: Zamazenta\n|-boost|p1a: Zamazenta|def|2\n|move|p2a: Hydroplane|Poison Jab|p1b: Incineroar\n|-damage|p1b: Incineroar|19/100\n|-enditem|p1b: Incineroar|Aguav Berry|[eat]\n|-heal|p1b: Incineroar|52/100|[from] item: Aguav Berry\n|\n|-damage|p2b: Eclipse|88/100 brn|[from] brn\n|upkeep\n|turn|7\n|inactive|spongebob601 has 30 seconds left.\n|inactive|imapiglin has 30 seconds left.\n|inactive|spongebob601 has 20 seconds left.\n|\n|t:|1746003867\n|switch|p1b: Lunala|Lunala, L50, tera:Fairy|92/100\n|move|p2b: Eclipse|Acrobatics|p1a: Zamazenta\n|-damage|p1a: Zamazenta|96/100\n|move|p1a: Zamazenta|Body Press|p2b: Eclipse\n|-supereffective|p2b: Eclipse\n|-damage|p2b: Eclipse|0 fnt\n|faint|p2b: Eclipse\n|-end|p2b: Eclipse|Protosynthesis|[silent]\n|move|p2a: Hydroplane|High Horsepower|p1b: Lunala\n|-damage|p1b: Lunala|84/100\n|\n|-heal|p1b: Lunala|90/100|[from] item: Leftovers\n|upkeep\n|turn|8\n|-message|imapiglin forfeited.\n|\n|win|spongebob601\n|l|\u2606imapiglin\n|player|p2|\n||imapiglin is ready for game 2.\n||spongebob601 is ready for game 2.\n|uhtml|next|Next: <a href=\"/battle-gen9vgc2025regibo3-2353810976\"><strong>Game 2 of 3</strong></a>\n", "uploadtime": 1746004202, "views": 6, "formatid": "gen9vgc2025regibo3", "rating": null, "private": 0, "password": null}