{"id": "gen9vgc2025regibo3-2353715294", "format": "[Gen 9] VGC 2025 Reg I (Bo3)", "players": ["direclawexperience", "ShinyMoonBoi"], "log": "|j|\u2606direclawexperience\n|j|\u2606ShinyMoonBoi\n|html|<table width=\"100%\"><tr><td align=\"left\">direclawexperience</td><td align=\"right\">ShinyMoonBoi</tr><tr><td align=\"left\"><i class=\"fa fa-circle-o\"></i> <i class=\"fa fa-circle-o\"></i> </td><td align=\"right\"><i class=\"fa fa-circle-o\"></i> <i class=\"fa fa-circle-o\"></i> </tr></table>\n|uhtml|bestof|<h2><strong>Game 1</strong> of <a href=\"/game-bestof3-gen9vgc2025regibo3-2353715293\">a best-of-3</a></h2>\n|t:|1745987655\n|gametype|doubles\n|player|p1|direclawexperience|benga|1120\n|player|p2|ShinyMoonBoi|266|1130\n|teamsize|p1|6\n|teamsize|p2|6\n|gen|9\n|tier|[Gen 9] VGC 2025 Reg I (Bo3)\n|rated|\n|rule|Species Clause: Limit one of each Pok\u00e9mon\n|rule|Item Clause: Limit 1 of each item\n|clearpoke\n|poke|p1|Zamazenta-*, L50|\n|poke|p1|Raging Bolt, L50|\n|poke|p1|Flutter Mane, L50|\n|poke|p1|Volcarona, L50, M|\n|poke|p1|Urshifu-*, L50, M|\n|poke|p1|Terapagos, L50, M|\n|poke|p2|Lunala, L50|\n|poke|p2|Zamazenta-*, L50|\n|poke|p2|Chien-Pao, L50|\n|poke|p2|Rillaboom, L50, M|\n|poke|p2|Flutter Mane, L50|\n|poke|p2|Pelipper, L50, M|\n|teampreview|4\n|showteam|p1|Zamazenta-Crowned||RustedShield|DauntlessShield|BodyPress,IronDefense,HeavySlam,Protect||||||50|,,,,,Dragon]Raging Bolt||AssaultVest|Protosynthesis|Electroweb,Snarl,Thunderclap,DracoMeteor||||||50|,,,,,Fairy]Flutter Mane||BoosterEnergy|Protosynthesis|Moonblast,Hex,ThunderWave,Taunt||||||50|,,,,,Stellar]Volcarona||RockyHelmet|FlameBody|Overheat,RagePowder,WillOWisp,Tailwind|||M|||50|,,,,,Water]Urshifu||ChoiceBand|UnseenFist|WickedBlow,SuckerPunch,Uturn,CloseCombat|||M|||50|,,,,,Ghost]Terapagos||PowerHerb|TeraShift|TeraStarstorm,MeteorBeam,EarthPower,Protect|||M|||50|,,,,,Stellar\n|showteam|p2|Lunala||PowerHerb|ShadowShield|MeteorBeam,MoongeistBeam,TrickRoom,Protect||||||50|,,,,,Water]Zamazenta-Crowned||RustedShield|DauntlessShield|BodyPress,HeavySlam,Protect,WideGuard||||||50|,,,,,Grass]Chien-Pao||FocusSash|SwordofRuin|ThroatChop,SuckerPunch,IcicleCrash,Protect||||||50|,,,,,Ghost]Rillaboom||AssaultVest|GrassySurge|FakeOut,Uturn,GrassyGlide,WoodHammer|||M|||50|,,,,,Grass]Flutter Mane||BoosterEnergy|Protosynthesis|IcyWind,Taunt,Moonblast,Protect||||||50|,,,,,Water]Pelipper||LifeOrb|Drizzle|WeatherBall,Hurricane,WideGuard,Protect|||M|||50|,,,,,Grass\n|inactive|Battle timer is ON: inactive players will automatically lose when time's up. (requested by direclawexperience)\n|inactive|direclawexperience has 60 seconds left.\n|inactive|ShinyMoonBoi has 60 seconds left.\n|inactive|ShinyMoonBoi has 30 seconds left.\n|inactive|ShinyMoonBoi has 20 seconds left.\n|inactive|ShinyMoonBoi has 15 seconds left.\n|inactive|ShinyMoonBoi has 10 seconds left.\n|inactive|ShinyMoonBoi has 5 seconds left.\n|\n|t:|1745987745\n|start\n|switch|p1a: Zamazenta|Zamazenta-Crowned, L50|100/100\n|switch|p1b: Raging Bolt|Raging Bolt, L50|100/100\n|switch|p2a: Flutter Mane|Flutter Mane, L50|100/100\n|switch|p2b: Zamazenta|Zamazenta-Crowned, L50|100/100\n|-ability|p2b: Zamazenta|Dauntless Shield|boost\n|-boost|p2b: Zamazenta|def|1\n|-ability|p1a: Zamazenta|Dauntless Shield|boost\n|-boost|p1a: Zamazenta|def|1\n|-enditem|p2a: Flutter Mane|Booster Energy\n|-activate|p2a: Flutter Mane|ability: Protosynthesis|[fromitem]\n|-start|p2a: Flutter Mane|protosynthesisspe\n|turn|1\n|inactive|ShinyMoonBoi has 30 seconds left.\n|\n|t:|1745987773\n|move|p1a: Zamazenta|Protect|p1a: Zamazenta\n|-singleturn|p1a: Zamazenta|Protect\n|move|p2a: Flutter Mane|Icy Wind|p1b: Raging Bolt|[spread] p1b\n|-activate|p1a: Zamazenta|move: Protect\n|-supereffective|p1b: Raging Bolt\n|-damage|p1b: Raging Bolt|88/100\n|-unboost|p1b: Raging Bolt|spe|1\n|move|p2b: Zamazenta|Body Press|p1b: Raging Bolt\n|-damage|p1b: Raging Bolt|35/100\n|move|p1b: Raging Bolt|Electroweb|p2b: Zamazenta|[spread] p2a,p2b\n|-damage|p2a: Flutter Mane|79/100\n|-damage|p2b: Zamazenta|85/100\n|-unboost|p2a: Flutter Mane|spe|1\n|-unboost|p2b: Zamazenta|spe|1\n|\n|upkeep\n|turn|2\n|inactive|direclawexperience has 30 seconds left.\n|inactive|ShinyMoonBoi has 30 seconds left.\n|inactive|ShinyMoonBoi has 20 seconds left.\n|inactive|ShinyMoonBoi has 15 seconds left.\n|\n|t:|1745987816\n|move|p1b: Raging Bolt|Thunderclap|p2b: Zamazenta\n|-damage|p2b: Zamazenta|55/100\n|move|p2a: Flutter Mane|Icy Wind|p1a: Zamazenta|[spread] p1a,p1b\n|-resisted|p1a: Zamazenta\n|-supereffective|p1b: Raging Bolt\n|-damage|p1a: Zamazenta|96/100\n|-damage|p1b: Raging Bolt|21/100\n|-unboost|p1a: Zamazenta|spe|1\n|-unboost|p1b: Raging Bolt|spe|1\n|move|p2b: Zamazenta|Body Press|p1b: Raging Bolt\n|-damage|p1b: Raging Bolt|0 fnt\n|faint|p1b: Raging Bolt\n|-end|p1b: Raging Bolt|Protosynthesis|[silent]\n|move|p1a: Zamazenta|Heavy Slam|p2a: Flutter Mane\n|-supereffective|p2a: Flutter Mane\n|-damage|p2a: Flutter Mane|0 fnt\n|faint|p2a: Flutter Mane\n|-end|p2a: Flutter Mane|Protosynthesis|[silent]\n|\n|upkeep\n|\n|t:|1745987837\n|switch|p2a: Lunala|Lunala, L50|100/100\n|switch|p1b: Flutter Mane|Flutter Mane, L50|100/100\n|-enditem|p1b: Flutter Mane|Booster Energy\n|-activate|p1b: Flutter Mane|ability: Protosynthesis|[fromitem]\n|-start|p1b: Flutter Mane|protosynthesisspe\n|turn|3\n|inactive|direclawexperience has 30 seconds left.\n|inactive|ShinyMoonBoi has 30 seconds left.\n|inactive|direclawexperience has 20 seconds left.\n|inactive|direclawexperience has 15 seconds left.\n|\n|t:|1745987882\n|move|p2a: Lunala|Protect|p2a: Lunala\n|-singleturn|p2a: Lunala|Protect\n|move|p1b: Flutter Mane|Thunder Wave|p2b: Zamazenta\n|-status|p2b: Zamazenta|par\n|move|p1a: Zamazenta|Body Press|p2b: Zamazenta\n|-supereffective|p2b: Zamazenta\n|-damage|p2b: Zamazenta|0 fnt\n|faint|p2b: Zamazenta\n|\n|upkeep\n|\n|t:|1745987895\n|switch|p2b: Rillaboom|Rillaboom, L50, M|100/100\n|-fieldstart|move: Grassy Terrain|[from] ability: Grassy Surge|[of] p2b: Rillaboom\n|turn|4\n|inactive|direclawexperience has 30 seconds left.\n|inactive|ShinyMoonBoi has 30 seconds left.\n|\n|t:|1745987929\n|move|p1b: Flutter Mane|Hex|p2a: Lunala\n|-supereffective|p2a: Lunala\n|-damage|p2a: Lunala|55/100\n|move|p2a: Lunala|Moongeist Beam|p1a: Zamazenta\n|-damage|p1a: Zamazenta|60/100\n|move|p2b: Rillaboom|Wood Hammer|p1b: Flutter Mane\n|-damage|p1b: Flutter Mane|0 fnt\n|faint|p1b: Flutter Mane\n|-end|p1b: Flutter Mane|Protosynthesis|[silent]\n|-damage|p2b: Rillaboom|75/100|[from] Recoil\n|move|p1a: Zamazenta|Iron Defense|p1a: Zamazenta\n|-boost|p1a: Zamazenta|def|2\n|\n|-heal|p2a: Lunala|61/100|[from] Grassy Terrain\n|-heal|p2b: Rillaboom|81/100|[from] Grassy Terrain\n|-heal|p1a: Zamazenta|66/100|[from] Grassy Terrain\n|upkeep\n|\n|t:|1745987939\n|switch|p1b: Terapagos|Terapagos, L50, M|100/100\n|-activate|p1b: Terapagos|ability: Tera Shift\n|detailschange|p1b: Terapagos|Terapagos-Terastal, L50, M\n|-heal|p1b: Terapagos|100/100|[silent]\n|turn|5\n|\n|t:|1745987963\n|-terastallize|p1b: Terapagos|Stellar\n|detailschange|p1b: Terapagos|Terapagos-Stellar, L50, M, tera:Stellar\n|-heal|p1b: Terapagos|100/100|[silent]\n|-ability|p1b: Terapagos|Teraform Zero\n|-fieldend|move: Grassy Terrain\n|-terastallize|p2b: Rillaboom|Grass\n|move|p2a: Lunala|Moongeist Beam|p1a: Zamazenta\n|-damage|p1a: Zamazenta|31/100\n|move|p1b: Terapagos|Meteor Beam||[still]\n|-prepare|p1b: Terapagos|Meteor Beam\n|-boost|p1b: Terapagos|spa|1\n|-enditem|p1b: Terapagos|Power Herb\n|-anim|p1b: Terapagos|Meteor Beam|p2a: Lunala\n|-damage|p2a: Lunala|3/100\n|move|p2b: Rillaboom|Wood Hammer|p1b: Terapagos\n|-damage|p1b: Terapagos|51/100\n|-damage|p2b: Rillaboom|59/100|[from] Recoil\n|move|p1a: Zamazenta|Body Press|p2b: Rillaboom\n|-damage|p2b: Rillaboom|0 fnt\n|faint|p2b: Rillaboom\n|\n|upkeep\n|turn|6\n|inactive|ShinyMoonBoi has 30 seconds left.\n|\n|t:|1745987997\n|move|p2a: Lunala|Meteor Beam||[still]\n|-prepare|p2a: Lunala|Meteor Beam\n|-boost|p2a: Lunala|spa|1\n|-enditem|p2a: Lunala|Power Herb\n|-anim|p2a: Lunala|Meteor Beam|p1b: Terapagos\n|-damage|p1b: Terapagos|6/100\n|move|p1b: Terapagos|Tera Starstorm|p2a: Lunala\n|-damage|p2a: Lunala|0 fnt\n|faint|p2a: Lunala\n|\n|win|direclawexperience\n|inactive|direclawexperience has 30 seconds to confirm battle start!\n|inactive|ShinyMoonBoi has 30 seconds to confirm battle start!\n|l|\u2606direclawexperience\n|player|p1|\n||direclawexperience is ready for game 2.\n|inactive|ShinyMoonBoi has 20 seconds to confirm battle start!\n||ShinyMoonBoi is ready for game 2.\n|uhtml|next|Next: <a href=\"/battle-gen9vgc2025regibo3-2353717670\"><strong>Game 2 of 3</strong></a>\n", "uploadtime": 1745988390, "views": 7, "formatid": "gen9vgc2025regibo3", "rating": null, "private": 0, "password": null}