{"id": "gen9vgc2025regibo3-2353885508", "format": "[Gen 9] VGC 2025 Reg I (Bo3)", "players": ["RandomDuVGCFR", "pep_uni"], "log": "|j|\u2606RandomDuVGCFR\n|j|\u2606pep_uni\n|html|<table width=\"100%\"><tr><td align=\"left\">RandomDuVGCFR</td><td align=\"right\">pep_uni</tr><tr><td align=\"left\"><i class=\"fa fa-circle-o\"></i> <i class=\"fa fa-circle-o\"></i> </td><td align=\"right\"><i class=\"fa fa-circle-o\"></i> <i class=\"fa fa-circle\"></i> </tr></table>\n|uhtml|bestof|<h2><strong>Game 2</strong> of <a href=\"/game-bestof3-gen9vgc2025regibo3-2353883734\">a best-of-3</a></h2>\n|t:|1746014910\n|gametype|doubles\n|player|p1|RandomDuVGCFR|102|1220\n|player|p2|pep_uni|benga|1274\n|teamsize|p1|6\n|teamsize|p2|6\n|gen|9\n|tier|[Gen 9] VGC 2025 Reg I (Bo3)\n|rated|\n|rule|Species Clause: Limit one of each Pok\u00e9mon\n|rule|Item Clause: Limit 1 of each item\n|clearpoke\n|poke|p1|Zacian-*, L50|\n|poke|p1|Calyrex-Shadow, L50|\n|poke|p1|Thundurus, L50, M|\n|poke|p1|Incineroar, L50, F|\n|poke|p1|Urshifu-*, L50, M|\n|poke|p1|Rillaboom, L50, F|\n|poke|p2|Calyrex-Shadow, L50|\n|poke|p2|Zamazenta-*, L50|\n|poke|p2|Incineroar, L50, M|\n|poke|p2|Rillaboom, L50, M|\n|poke|p2|Urshifu-*, L50, M|\n|poke|p2|Ogerpon-Hearthflame, L50, F|\n|teampreview|4\n|showteam|p1|Zacian-Crowned||RustedSword|IntrepidSword|behemothblade,PlayRough,Substitute,Protect||||||50|,,,,,Fairy]Calyrex-Shadow||CovertCloak|AsOneSpectrier|AstralBarrage,Psychic,NastyPlot,Protect||||||50|,,,,,Dark]Thundurus||SafetyGoggles|Prankster|Thunderbolt,ThunderWave,EerieImpulse,RainDance|||M|||50|,,,,,Ghost]Incineroar||RockyHelmet|Intimidate|FakeOut,FlareBlitz,KnockOff,PartingShot|||F|||50|,,,,,Bug]Urshifu-Rapid-Strike||ChoiceScarf|UnseenFist|SurgingStrikes,CloseCombat,AquaJet,Uturn|||M|||50|,,,,,Ghost]Rillaboom||AssaultVest|GrassySurge|FakeOut,WoodHammer,GrassyGlide,Uturn|||F|||50|,,,,,Water\n|showteam|p2|Calyrex-Shadow||FocusSash|AsOneSpectrier|AstralBarrage,Psychic,Encore,Protect||||||50|,,,,,Ghost]Zamazenta-Crowned||RustedShield|DauntlessShield|BodyPress,behemothbash,WideGuard,Protect||||||50|,,,,,Dragon]Incineroar||RockyHelmet|Intimidate|KnockOff,PartingShot,FakeOut,HelpingHand|||M|||50|,,,,,Bug]Rillaboom||AssaultVest|GrassySurge|FakeOut,WoodHammer,GrassyGlide,Uturn|||M|||50|,,,,,Water]Urshifu-Rapid-Strike||ChoiceScarf|UnseenFist|SurgingStrikes,CloseCombat,AquaJet,Uturn|||M|||50|,,,,,Water]Ogerpon-Hearthflame||HearthflameMask|MoldBreaker|IvyCudgel,GrassyGlide,FollowMe,SpikyShield|||F|||50|,,,,,Fire\n|\n|t:|1746014947\n|start\n|switch|p1a: Thundurus|Thundurus, L50, M|100/100\n|switch|p1b: Urshifu|Urshifu-Rapid-Strike, L50, M|100/100\n|switch|p2a: Incineroar|Incineroar, L50, M|100/100\n|switch|p2b: Urshifu|Urshifu-Rapid-Strike, L50, M|100/100\n|-ability|p2a: Incineroar|Intimidate|boost\n|-unboost|p1a: Thundurus|atk|1\n|-unboost|p1b: Urshifu|atk|1\n|turn|1\n|\n|t:|1746014975\n|switch|p2b: Zamazenta|Zamazenta-Crowned, L50|100/100\n|-ability|p2b: Zamazenta|Dauntless Shield|boost\n|-boost|p2b: Zamazenta|def|1\n|move|p1a: Thundurus|Rain Dance|p1a: Thundurus\n|-weather|RainDance\n|move|p1b: Urshifu|U-turn|p2b: Zamazenta\n|-resisted|p2b: Zamazenta\n|-damage|p2b: Zamazenta|99/100\n|\n|t:|1746014982\n|switch|p1b: Zacian|Zacian-Crowned, L50|100/100|[from] U-turn\n|-ability|p1b: Zacian|Intrepid Sword|boost\n|-boost|p1b: Zacian|atk|1\n|move|p2a: Incineroar|Knock Off|p1a: Thundurus\n|-damage|p1a: Thundurus|68/100\n|-enditem|p1a: Thundurus|Safety Goggles|[from] move: Knock Off|[of] p2a: Incineroar\n|\n|-weather|RainDance|[upkeep]\n|upkeep\n|turn|2\n|\n|t:|1746014995\n|move|p1a: Thundurus|Thunder Wave|p2b: Zamazenta\n|-status|p2b: Zamazenta|par\n|move|p1b: Zacian|Substitute|p1b: Zacian\n|-start|p1b: Zacian|Substitute\n|-damage|p1b: Zacian|75/100\n|move|p2b: Zamazenta|Body Press|p1a: Thundurus\n|-resisted|p1a: Thundurus\n|-damage|p1a: Thundurus|37/100\n|move|p2a: Incineroar|Parting Shot|p1b: Zacian\n|-unboost|p1b: Zacian|atk|1\n|-unboost|p1b: Zacian|spa|1\n|\n|t:|1746015001\n|switch|p2a: Urshifu|Urshifu-Rapid-Strike, L50, M|100/100|[from] Parting Shot\n|\n|-weather|RainDance|[upkeep]\n|upkeep\n|turn|3\n|\n|t:|1746015008\n|switch|p2a: Incineroar|Incineroar, L50, M|100/100\n|-ability|p2a: Incineroar|Intimidate|boost\n|-unboost|p1a: Thundurus|atk|1\n|-immune|p1b: Zacian\n|move|p1a: Thundurus|Thunder Wave|p2a: Incineroar\n|-hint|Since gen 7, Dark is immune to Prankster moves.\n|-immune|p2a: Incineroar\n|move|p1b: Zacian|Play Rough|p2a: Incineroar\n|-damage|p2a: Incineroar|64/100\n|-damage|p1b: Zacian|59/100|[from] item: Rocky Helmet|[of] p2a: Incineroar\n|move|p2b: Zamazenta|Body Press|p1b: Zacian\n|-end|p1b: Zacian|Substitute\n|\n|-weather|RainDance|[upkeep]\n|upkeep\n|turn|4\n|\n|t:|1746015024\n|switch|p1a: Urshifu|Urshifu-Rapid-Strike, L50, M|100/100\n|move|p1b: Zacian|Protect|p1b: Zacian\n|-singleturn|p1b: Zacian|Protect\n|move|p2a: Incineroar|Fake Out|p1a: Urshifu\n|-damage|p1a: Urshifu|90/100\n|move|p2b: Zamazenta|Body Press|p1a: Urshifu\n|-damage|p1a: Urshifu|15/100\n|\n|-weather|RainDance|[upkeep]\n|upkeep\n|turn|5\n|\n|t:|1746015037\n|switch|p2a: Urshifu|Urshifu-Rapid-Strike, L50, M|100/100\n|-terastallize|p1b: Zacian|Fairy\n|-terastallize|p2b: Zamazenta|Dragon\n|move|p1a: Urshifu|Surging Strikes|p2b: Zamazenta\n|-resisted|p2b: Zamazenta\n|-crit|p2b: Zamazenta\n|-damage|p2b: Zamazenta|88/100 par\n|-resisted|p2b: Zamazenta\n|-crit|p2b: Zamazenta\n|-damage|p2b: Zamazenta|77/100 par\n|-resisted|p2b: Zamazenta\n|-crit|p2b: Zamazenta\n|-damage|p2b: Zamazenta|67/100 par\n|-hitcount|p2b: Zamazenta|3\n|move|p1b: Zacian|Play Rough|p2b: Zamazenta\n|-supereffective|p2b: Zamazenta\n|-damage|p2b: Zamazenta|10/100 par\n|move|p2b: Zamazenta|Body Press|p1b: Zacian\n|-resisted|p1b: Zacian\n|-crit|p1b: Zacian\n|-damage|p1b: Zacian|16/100\n|\n|-weather|none\n|upkeep\n|turn|6\n|\n|t:|1746015061\n|switch|p2b: Incineroar|Incineroar, L50, M|64/100\n|-ability|p2b: Incineroar|Intimidate|boost\n|-unboost|p1a: Urshifu|atk|1\n|-unboost|p1b: Zacian|atk|1\n|move|p1a: Urshifu|Surging Strikes|p2b: Incineroar\n|-supereffective|p2b: Incineroar\n|-crit|p2b: Incineroar\n|-damage|p2b: Incineroar|31/100\n|-damage|p1a: Urshifu|0 fnt|[from] item: Rocky Helmet|[of] p2b: Incineroar\n|faint|p1a: Urshifu\n|-hitcount|p2b: Incineroar|1\n|move|p2a: Urshifu|Surging Strikes|p1b: Zacian\n|-crit|p1b: Zacian\n|-damage|p1b: Zacian|0 fnt\n|faint|p1b: Zacian\n|-hitcount|p1: Zacian|1\n|\n|upkeep\n|\n|t:|1746015064\n|switch|p1b: Calyrex|Calyrex-Shadow, L50|100/100\n|switch|p1a: Thundurus|Thundurus, L50, M|37/100\n|-ability|p1b: Calyrex|As One\n|-ability|p1b: Calyrex|Unnerve\n|turn|7\n|\n|t:|1746015080\n|move|p2b: Incineroar|Fake Out|p1a: Thundurus\n|-damage|p1a: Thundurus|28/100\n|move|p2a: Urshifu|Surging Strikes|p1a: Thundurus\n|-crit|p1a: Thundurus\n|-damage|p1a: Thundurus|8/100\n|-crit|p1a: Thundurus\n|-damage|p1a: Thundurus|0 fnt\n|faint|p1a: Thundurus\n|-hitcount|p1: Thundurus|2\n|move|p1b: Calyrex|Astral Barrage|p2a: Urshifu|[spread] p2a,p2b\n|-resisted|p2b: Incineroar\n|-damage|p2a: Urshifu|24/100\n|-damage|p2b: Incineroar|6/100\n|\n|upkeep\n|turn|8\n|\n|t:|1746015085\n|move|p2b: Incineroar|Helping Hand|p2a: Urshifu\n|-singleturn|p2a: Urshifu|Helping Hand|[of] p2b: Incineroar\n|move|p2a: Urshifu|Surging Strikes|p1b: Calyrex\n|-crit|p1b: Calyrex\n|-damage|p1b: Calyrex|69/100\n|-crit|p1b: Calyrex\n|-damage|p1b: Calyrex|36/100\n|-crit|p1b: Calyrex\n|-damage|p1b: Calyrex|2/100\n|-hitcount|p1b: Calyrex|3\n|move|p1b: Calyrex|Astral Barrage|p2a: Urshifu|[spread] p2a,p2b\n|-resisted|p2b: Incineroar\n|-damage|p2a: Urshifu|0 fnt\n|-damage|p2b: Incineroar|0 fnt\n|faint|p2a: Urshifu\n|faint|p2b: Incineroar\n|-ability|p1b: Calyrex|Grim Neigh|boost\n|-boost|p1b: Calyrex|spa|2\n|\n|upkeep\n|\n|t:|1746015092\n|switch|p2a: Calyrex|Calyrex-Shadow, L50|100/100\n|switch|p2b: Zamazenta|Zamazenta-Crowned, L50, tera:Dragon|10/100 par\n|-ability|p2a: Calyrex|As One\n|-ability|p2a: Calyrex|Unnerve\n|turn|9\n|\n|t:|1746015096\n|cant|p2b: Zamazenta|par\n|move|p2a: Calyrex|Astral Barrage|p1b: Calyrex\n|-supereffective|p1b: Calyrex\n|-damage|p1b: Calyrex|0 fnt\n|faint|p1b: Calyrex\n|\n|win|pep_uni\n|raw|RandomDuVGCFR's rating: 1220 &rarr; <strong>1199</strong><br />(-21 for losing)\n|raw|pep_uni's rating: 1274 &rarr; <strong>1295</strong><br />(+21 for winning)\n", "uploadtime": 1746015360, "views": 7, "formatid": "gen9vgc2025regibo3", "rating": 1199, "private": 0, "password": null}