{"id": "gen9vgc2025regibo3-2354402292", "format": "[Gen 9] VGC 2025 Reg I (Bo3)", "players": ["woodswims", "AUBrigade"], "log": "|j|\u2606woodswims\n|j|\u2606AUBrigade\n|html|<table width=\"100%\"><tr><td align=\"left\">woodswims</td><td align=\"right\">AUBrigade</tr><tr><td align=\"left\"><i class=\"fa fa-circle\"></i> <i class=\"fa fa-circle-o\"></i> </td><td align=\"right\"><i class=\"fa fa-circle-o\"></i> <i class=\"fa fa-circle\"></i> </tr></table>\n|uhtml|bestof|<h2><strong>Game 3</strong> of <a href=\"/game-bestof3-gen9vgc2025regibo3-2354395822\">a best-of-3</a></h2>\n|t:|1746066970\n|gametype|doubles\n|player|p1|woodswims|101|1151\n|player|p2|AUBrigade|102|1184\n|teamsize|p1|6\n|teamsize|p2|6\n|gen|9\n|tier|[Gen 9] VGC 2025 Reg I (Bo3)\n|rated|\n|rule|Species Clause: Limit one of each Pok\u00e9mon\n|rule|Item Clause: Limit 1 of each item\n|clearpoke\n|poke|p1|Miraidon, L50|\n|poke|p1|Ho-Oh, L50|\n|poke|p1|Whimsicott, L50, F|\n|poke|p1|Iron Hands, L50|\n|poke|p1|Chien-Pao, L50|\n|poke|p1|Farigiraf, L50, M|\n|poke|p2|Koraidon, L50|\n|poke|p2|Ho-Oh, L50|\n|poke|p2|Flutter Mane, L50|\n|poke|p2|Incineroar, L50, F|\n|poke|p2|Rillaboom, L50, M|\n|poke|p2|Toxapex, L50, M|\n|teampreview|4\n|showteam|p1|Miraidon||ChoiceSpecs|HadronEngine|VoltSwitch,ElectroDrift,DazzlingGleam,DracoMeteor||||||50|,,,,,Fairy]Ho-Oh||ClearAmulet|Regenerator|SacredFire,BraveBird,Tailwind,Protect||||||50|,,,,,Steel]Whimsicott||CovertCloak|Prankster|Moonblast,SunnyDay,Tailwind,Encore|||F|||50|,,,,,Dark]Iron Hands||AssaultVest|QuarkDrive|DrainPunch,WildCharge,FakeOut,LowKick||||||50|,,,,,Water]Chien-Pao||FocusSash|SwordofRuin|IcicleCrash,SuckerPunch,LashOut,Protect||||||50|,,,,,Ghost]Farigiraf||ElectricSeed|ArmorTail|FoulPlay,HelpingHand,TrickRoom,PsychicNoise|||M|||50|,,,,,Fairy\n|showteam|p2|Koraidon||LoadedDice|OrichalcumPulse|ScaleShot,CollisionCourse,FlareBlitz,Protect||||||50|,,,,,Fire]Ho-Oh||ClearAmulet|Regenerator|SacredFire,BraveBird,Tailwind,Protect||||||50|,,,,,Grass]Flutter Mane||FocusSash|Protosynthesis|Moonblast,IcyWind,DazzlingGleam,Protect||||||50|,,,,,Fairy]Incineroar||SafetyGoggles|Intimidate|PartingShot,FakeOut,KnockOff,Taunt|||F|||50|,,,,,Bug]Rillaboom||AssaultVest|GrassySurge|Uturn,FakeOut,GrassyGlide,WoodHammer|||M|||50|,,,,,Fire]Toxapex||Leftovers|Regenerator|Infestation,BanefulBunker,ToxicSpikes,WideGuard|||M|||50|,,,,,Grass\n|inactive|Battle timer is ON: inactive players will automatically lose when time's up. (requested by AUBrigade)\n|inactive|woodswims has 60 seconds left.\n|\n|t:|1746067041\n|start\n|switch|p1a: Iron Hands|Iron Hands, L50|100/100\n|switch|p1b: Farigiraf|Farigiraf, L50, M|100/100\n|switch|p2a: Rillaboom|Rillaboom, L50, M|100/100\n|switch|p2b: Flutter Mane|Flutter Mane, L50, shiny|100/100\n|-fieldstart|move: Grassy Terrain|[from] ability: Grassy Surge|[of] p2a: Rillaboom\n|turn|1\n|inactive|woodswims has 30 seconds left.\n|inactive|AUBrigade has 30 seconds left.\n|inactive|woodswims has 20 seconds left.\n|inactive|woodswims has 15 seconds left.\n|inactive|AUBrigade has 20 seconds left.\n|inactive|woodswims has 10 seconds left.\n|\n|t:|1746067090\n|-end|p1a: Iron Hands|Quark Drive|[silent]\n|switch|p1a: Ho-Oh|Ho-Oh, L50|100/100\n|move|p2b: Flutter Mane|Moonblast|p1a: Ho-Oh\n|-resisted|p1a: Ho-Oh\n|-damage|p1a: Ho-Oh|85/100\n|move|p2a: Rillaboom|Wood Hammer|p1a: Ho-Oh\n|-resisted|p1a: Ho-Oh\n|-damage|p1a: Ho-Oh|72/100\n|-damage|p2a: Rillaboom|96/100|[from] Recoil\n|move|p1b: Farigiraf|Trick Room|p1b: Farigiraf\n|-fieldstart|move: Trick Room|[of] p1b: Farigiraf\n|\n|-heal|p2a: Rillaboom|100/100|[from] Grassy Terrain\n|upkeep\n|turn|2\n|inactive|woodswims has 30 seconds left.\n|inactive|woodswims has 20 seconds left.\n|inactive|woodswims has 15 seconds left.\n|\n|t:|1746067132\n|switch|p1b: Iron Hands|Iron Hands, L50|100/100\n|-end|p2b: Flutter Mane|Protosynthesis|[silent]\n|switch|p2b: Incineroar|Incineroar, L50, F|100/100\n|-ability|p2b: Incineroar|Intimidate|boost\n|-fail|p1a: Ho-Oh|unboost|[from] item: Clear Amulet|[of] p1a: Ho-Oh\n|-unboost|p1b: Iron Hands|atk|1\n|move|p2a: Rillaboom|U-turn|p1b: Iron Hands\n|-resisted|p1b: Iron Hands\n|-damage|p1b: Iron Hands|93/100\n|\n|t:|1746067148\n|switch|p2a: Koraidon|Koraidon, L50|100/100|[from] U-turn\n|-weather|SunnyDay|[from] ability: Orichalcum Pulse|[of] p2a: Koraidon\n|-activate|p2a: Koraidon|Orichalcum Pulse|[source]\n|move|p1a: Ho-Oh|Brave Bird|p2a: Koraidon\n|-supereffective|p2a: Koraidon\n|-damage|p2a: Koraidon|3/100\n|-damage|p1a: Ho-Oh|44/100|[from] Recoil\n|\n|-weather|SunnyDay|[upkeep]\n|-heal|p1b: Iron Hands|99/100|[from] Grassy Terrain\n|-heal|p2a: Koraidon|9/100|[from] Grassy Terrain\n|upkeep\n|turn|3\n|inactive|woodswims has 30 seconds left.\n|inactive|AUBrigade has 30 seconds left.\n|\n|t:|1746067175\n|move|p2a: Koraidon|Protect|p2a: Koraidon\n|-singleturn|p2a: Koraidon|Protect\n|move|p1b: Iron Hands|Fake Out|p2b: Incineroar\n|-damage|p2b: Incineroar|93/100\n|cant|p2b: Incineroar|flinch\n|move|p1a: Ho-Oh|Sacred Fire|p2a: Koraidon\n|-activate|p2a: Koraidon|move: Protect\n|\n|-weather|SunnyDay|[upkeep]\n|-heal|p1b: Iron Hands|100/100|[from] Grassy Terrain\n|-heal|p2b: Incineroar|99/100|[from] Grassy Terrain\n|-heal|p2a: Koraidon|15/100|[from] Grassy Terrain\n|upkeep\n|turn|4\n|inactive|woodswims has 30 seconds left.\n|inactive|AUBrigade has 30 seconds left.\n|\n|t:|1746067207\n|switch|p1a: Farigiraf|Farigiraf, L50, M|100/100\n|switch|p2a: Flutter Mane|Flutter Mane, L50, shiny|100/100\n|-activate|p2a: Flutter Mane|ability: Protosynthesis\n|-start|p2a: Flutter Mane|protosynthesisspe\n|-terastallize|p2b: Incineroar|Bug\n|move|p1b: Iron Hands|Wild Charge|p2a: Flutter Mane\n|-damage|p2a: Flutter Mane|29/100\n|-damage|p1b: Iron Hands|91/100|[from] Recoil\n|move|p2b: Incineroar|Knock Off|p1a: Farigiraf\n|-supereffective|p1a: Farigiraf\n|-damage|p1a: Farigiraf|47/100\n|-enditem|p1a: Farigiraf|Electric Seed|[from] move: Knock Off|[of] p2b: Incineroar\n|\n|-weather|SunnyDay|[upkeep]\n|-heal|p1b: Iron Hands|97/100|[from] Grassy Terrain\n|-heal|p2b: Incineroar|100/100|[from] Grassy Terrain\n|-heal|p1a: Farigiraf|53/100|[from] Grassy Terrain\n|-heal|p2a: Flutter Mane|35/100|[from] Grassy Terrain\n|upkeep\n|turn|5\n|inactive|woodswims has 30 seconds left.\n|inactive|AUBrigade has 30 seconds left.\n|inactive|woodswims has 20 seconds left.\n|inactive|woodswims has 15 seconds left.\n|inactive|woodswims has 10 seconds left.\n|\n|t:|1746067255\n|-end|p1b: Iron Hands|Quark Drive|[silent]\n|switch|p1b: Ho-Oh|Ho-Oh, L50|78/100\n|move|p2a: Flutter Mane|Protect|p2a: Flutter Mane\n|-singleturn|p2a: Flutter Mane|Protect\n|move|p2b: Incineroar|Parting Shot|p1b: Ho-Oh\n|-fail|p1b: Ho-Oh|unboost|[from] item: Clear Amulet|[of] p1b: Ho-Oh\n|move|p1a: Farigiraf|Psychic Noise|p2a: Flutter Mane\n|-activate|p2a: Flutter Mane|move: Protect\n|\n|-weather|SunnyDay|[upkeep]\n|-heal|p1a: Farigiraf|60/100|[from] Grassy Terrain\n|-heal|p2a: Flutter Mane|41/100|[from] Grassy Terrain\n|-fieldend|move: Trick Room\n|-fieldend|move: Grassy Terrain\n|upkeep\n|turn|6\n|\n|t:|1746067279\n|switch|p1a: Iron Hands|Iron Hands, L50|97/100\n|move|p2a: Flutter Mane|Moonblast|p1a: Iron Hands\n|-supereffective|p1a: Iron Hands\n|-damage|p1a: Iron Hands|44/100\n|move|p1b: Ho-Oh|Sacred Fire|p2a: Flutter Mane\n|-damage|p2a: Flutter Mane|0 fnt\n|faint|p2a: Flutter Mane\n|-end|p2a: Flutter Mane|Protosynthesis|[silent]\n|move|p2b: Incineroar|Knock Off|p1b: Ho-Oh\n|-damage|p1b: Ho-Oh|46/100\n|-enditem|p1b: Ho-Oh|Clear Amulet|[from] move: Knock Off|[of] p2b: Incineroar\n|\n|-weather|none\n|upkeep\n|\n|t:|1746067297\n|switch|p2a: Koraidon|Koraidon, L50|15/100\n|-weather|SunnyDay|[from] ability: Orichalcum Pulse|[of] p2a: Koraidon\n|-activate|p2a: Koraidon|Orichalcum Pulse|[source]\n|turn|7\n|\n|t:|1746067319\n|switch|p2a: Rillaboom|Rillaboom, L50, M|100/100\n|-fieldstart|move: Grassy Terrain|[from] ability: Grassy Surge|[of] p2a: Rillaboom\n|move|p1a: Iron Hands|Fake Out|p2a: Rillaboom\n|-crit|p2a: Rillaboom\n|-damage|p2a: Rillaboom|80/100\n|move|p1b: Ho-Oh|Tailwind|p1b: Ho-Oh\n|-sidestart|p1: woodswims|move: Tailwind\n|move|p2b: Incineroar|Parting Shot|p1b: Ho-Oh\n|-unboost|p1b: Ho-Oh|atk|1\n|-unboost|p1b: Ho-Oh|spa|1\n|\n|t:|1746067329\n|switch|p2b: Koraidon|Koraidon, L50|15/100|[from] Parting Shot\n|-activate|p2b: Koraidon|ability: Orichalcum Pulse\n|\n|-weather|SunnyDay|[upkeep]\n|-heal|p2b: Koraidon|21/100|[from] Grassy Terrain\n|-heal|p2a: Rillaboom|86/100|[from] Grassy Terrain\n|-heal|p1a: Iron Hands|49/100|[from] Grassy Terrain\n|upkeep\n|turn|8\n|\n|t:|1746067346\n|switch|p2b: Incineroar|Incineroar, L50, F, tera:Bug|100/100\n|-ability|p2b: Incineroar|Intimidate|boost\n|-unboost|p1a: Iron Hands|atk|1\n|-unboost|p1b: Ho-Oh|atk|1\n|-end|p1a: Iron Hands|Quark Drive|[silent]\n|switch|p1a: Farigiraf|Farigiraf, L50, M|60/100\n|move|p1b: Ho-Oh|Brave Bird|p2a: Rillaboom\n|-supereffective|p2a: Rillaboom\n|-crit|p2a: Rillaboom\n|-damage|p2a: Rillaboom|0 fnt\n|faint|p2a: Rillaboom\n|-damage|p1b: Ho-Oh|19/100|[from] Recoil\n|\n|-weather|SunnyDay|[upkeep]\n|-heal|p1a: Farigiraf|66/100|[from] Grassy Terrain\n|upkeep\n|\n|t:|1746067358\n|switch|p2a: Koraidon|Koraidon, L50|21/100\n|-activate|p2a: Koraidon|ability: Orichalcum Pulse\n|turn|9\n|inactive|woodswims has 30 seconds left.\n|\n|t:|1746067384\n|switch|p1b: Iron Hands|Iron Hands, L50|49/100\n|move|p2a: Koraidon|Scale Shot|p1a: Farigiraf\n|-damage|p1a: Farigiraf|51/100\n|-damage|p1a: Farigiraf|36/100\n|-damage|p1a: Farigiraf|20/100\n|-damage|p1a: Farigiraf|4/100\n|-hitcount|p1a: Farigiraf|4\n|-unboost|p2a: Koraidon|def|1\n|-boost|p2a: Koraidon|spe|1\n|move|p1a: Farigiraf|Psychic Noise|p2a: Koraidon\n|-supereffective|p2a: Koraidon\n|-damage|p2a: Koraidon|0 fnt\n|faint|p2a: Koraidon\n|move|p2b: Incineroar|Knock Off|p1b: Iron Hands\n|-resisted|p1b: Iron Hands\n|-damage|p1b: Iron Hands|37/100\n|-enditem|p1b: Iron Hands|Assault Vest|[from] move: Knock Off|[of] p2b: Incineroar\n|\n|-weather|SunnyDay|[upkeep]\n|-heal|p1a: Farigiraf|10/100|[from] Grassy Terrain\n|-heal|p1b: Iron Hands|43/100|[from] Grassy Terrain\n|upkeep\n|turn|10\n|-message|AUBrigade forfeited.\n|\n|win|woodswims\n|raw|woodswims's rating: 1151 &rarr; <strong>1178</strong><br />(+27 for winning)\n|raw|AUBrigade's rating: 1184 &rarr; <strong>1157</strong><br />(-27 for losing)\n|l|\u2606AUBrigade\n|player|p2|\n|c|\u2606woodswims|gg\n|l|\u2606woodswims\n|player|p1|\n|j|\u2606woodswims\n|player|p1|woodswims|101|\n", "uploadtime": 1746067638, "views": 12, "formatid": "gen9vgc2025regibo3", "rating": 1157, "private": 0, "password": null}