{"id": "gen9vgc2025regibo3-2353669284", "format": "[Gen 9] VGC 2025 Reg I (Bo3)", "players": ["bathilra", "CouchChris"], "log": "|j|\u2606bathilra\n|j|\u2606CouchChris\n|html|<table width=\"100%\"><tr><td align=\"left\">bathilra</td><td align=\"right\">CouchChris</tr><tr><td align=\"left\"><i class=\"fa fa-circle-o\"></i> <i class=\"fa fa-circle-o\"></i> </td><td align=\"right\"><i class=\"fa fa-circle-o\"></i> <i class=\"fa fa-circle-o\"></i> </tr></table>\n|uhtml|bestof|<h2><strong>Game 1</strong> of <a href=\"/game-bestof3-gen9vgc2025regibo3-2353669283\">a best-of-3</a></h2>\n|t:|1745981350\n|gametype|doubles\n|player|p1|bathilra|steven|\n|player|p2|CouchChris|wattson|\n|teamsize|p1|6\n|teamsize|p2|6\n|gen|9\n|tier|[Gen 9] VGC 2025 Reg I (Bo3)\n|rule|Species Clause: Limit one of each Pok\u00e9mon\n|rule|Item Clause: Limit 1 of each item\n|clearpoke\n|poke|p1|Calyrex-Shadow, L50|\n|poke|p1|Tornadus, L50, M|\n|poke|p1|Chien-Pao, L50|\n|poke|p1|Indeedee-F, L50, F|\n|poke|p1|Zamazenta-*, L50|\n|poke|p1|Ursaluna-Bloodmoon, L50, M|\n|poke|p2|Groudon, L50|\n|poke|p2|Lunala, L50|\n|poke|p2|Incineroar, L50, F|\n|poke|p2|Ogerpon-Hearthflame, L50, F|\n|poke|p2|Walking Wake, L50|\n|poke|p2|Rillaboom, L50, M|\n|teampreview|4\n|showteam|p1|Calyrex-Shadow||WiseGlasses|AsOneSpectrier|AstralBarrage,ExpandingForce,Protect,NastyPlot||||||50|,,,,,Dark]Tornadus||CovertCloak|Prankster|BleakwindStorm,Taunt,Tailwind,Protect|||M|||50|,,,,,Dark]Chien-Pao||FocusSash|SwordofRuin|IceSpinner,ThroatChop,SuckerPunch,Protect||||||50|,,,,,Ghost]Indeedee-F||SafetyGoggles|PsychicSurge|HelpingHand,TrickRoom,Psyshock,FollowMe|||F|||50|,,,,,Water]Zamazenta-Crowned||RustedShield|DauntlessShield|behemothbash,BodyPress,WideGuard,Imprison||||||50|,,,,,Grass]Ursaluna-Bloodmoon||LifeOrb|MindsEye|BloodMoon,EarthPower,HyperVoice,Moonblast|||M|||50|,,,,,Ground\n|showteam|p2|Groudon||ClearAmulet|Drought|PrecipiceBlades,HeatCrash,StompingTantrum,Protect||||||50|,,,,,Fire]Lunala||PowerHerb|ShadowShield|MoongeistBeam,MeteorBeam,WideGuard,TrickRoom||||||50|,,,,,Fairy]Incineroar||SafetyGoggles|Intimidate|KnockOff,FakeOut,FlareBlitz,PartingShot|||F|||50|,,,,,Ghost]Ogerpon-Hearthflame||HearthflameMask|MoldBreaker|IvyCudgel,WoodHammer,FollowMe,SpikyShield|||F|||50|,,,,,Fire]Walking Wake||LifeOrb|Protosynthesis|WeatherBall,HydroSteam,DracoMeteor,Protect||||||50|,,,,,Fire]Rillaboom||AssaultVest|GrassySurge|FakeOut,GrassyGlide,Uturn,WoodHammer|||M|||50|,,,,,Fire\n|inactive|Battle timer is ON: inactive players will automatically lose when time's up. (requested by bathilra)\n|c|\u2606CouchChris|glhf\n|inactive|bathilra has 60 seconds left.\n|inactive|CouchChris has 60 seconds left.\n|inactive|CouchChris has 30 seconds left.\n|inactive|CouchChris has 20 seconds left.\n|\n|t:|1745981427\n|start\n|switch|p1a: Gyro|Calyrex-Shadow, L50|100/100\n|switch|p1b: Uncle eli|Zamazenta-Crowned, L50|100/100\n|switch|p2a: Lunala|Lunala, L50|100/100\n|switch|p2b: Rillaboom|Rillaboom, L50, M|100/100\n|-ability|p1a: Gyro|As One\n|-ability|p1a: Gyro|Unnerve\n|-ability|p1b: Uncle eli|Dauntless Shield|boost\n|-boost|p1b: Uncle eli|def|1\n|-fieldstart|move: Grassy Terrain|[from] ability: Grassy Surge|[of] p2b: Rillaboom\n|turn|1\n|inactive|bathilra has 30 seconds left.\n|inactive|CouchChris has 30 seconds left.\n|\n|t:|1745981458\n|move|p1a: Gyro|Protect|p1a: Gyro\n|-singleturn|p1a: Gyro|Protect\n|move|p2a: Lunala|Wide Guard|p2a: Lunala\n|-singleturn|p2a: Lunala|Wide Guard\n|move|p1b: Uncle eli|Imprison|p1b: Uncle eli\n|-start|p1b: Uncle eli|move: Imprison\n|move|p2b: Rillaboom|Wood Hammer|p1a: Gyro\n|-activate|p1a: Gyro|move: Protect\n|\n|upkeep\n|turn|2\n|inactive|bathilra has 30 seconds left.\n|inactive|CouchChris has 30 seconds left.\n|inactive|CouchChris has 20 seconds left.\n|\n|t:|1745981497\n|switch|p2a: Walking Wake|Walking Wake, L50|100/100\n|move|p1a: Gyro|Astral Barrage|p2b: Rillaboom|[spread] p2a,p2b\n|-damage|p2a: Walking Wake|34/100\n|-damage|p2b: Rillaboom|61/100\n|move|p1b: Uncle eli|Behemoth Bash|p2a: Walking Wake\n|-resisted|p2a: Walking Wake\n|-damage|p2a: Walking Wake|12/100\n|move|p2b: Rillaboom|Wood Hammer|p1a: Gyro\n|-damage|p1a: Gyro|17/100\n|-damage|p2b: Rillaboom|36/100|[from] Recoil\n|\n|-heal|p1a: Gyro|23/100|[from] Grassy Terrain\n|-heal|p2a: Walking Wake|18/100|[from] Grassy Terrain\n|-heal|p2b: Rillaboom|42/100|[from] Grassy Terrain\n|upkeep\n|turn|3\n|inactive|CouchChris has 30 seconds left.\n|\n|t:|1745981529\n|switch|p2b: Groudon|Groudon, L50|100/100\n|-weather|SunnyDay|[from] ability: Drought|[of] p2b: Groudon\n|-activate|p2a: Walking Wake|ability: Protosynthesis\n|-start|p2a: Walking Wake|protosynthesisspe\n|move|p1a: Gyro|Protect|p1a: Gyro\n|-singleturn|p1a: Gyro|Protect\n|move|p2a: Walking Wake|Weather Ball|p1b: Uncle eli\n|-supereffective|p1b: Uncle eli\n|-damage|p1b: Uncle eli|11/100\n|-damage|p2a: Walking Wake|8/100|[from] item: Life Orb\n|move|p1b: Uncle eli|Body Press|p2b: Groudon\n|-damage|p2b: Groudon|49/100\n|\n|-weather|SunnyDay|[upkeep]\n|-heal|p2a: Walking Wake|14/100|[from] Grassy Terrain\n|-heal|p1a: Gyro|29/100|[from] Grassy Terrain\n|-heal|p1b: Uncle eli|17/100|[from] Grassy Terrain\n|-heal|p2b: Groudon|55/100|[from] Grassy Terrain\n|upkeep\n|turn|4\n|inactive|bathilra has 30 seconds left.\n|inactive|CouchChris has 30 seconds left.\n|inactive|CouchChris has 20 seconds left.\n|\n|t:|1745981566\n|switch|p1b: Zelda|Indeedee-F, L50, F|100/100\n|-fieldstart|move: Psychic Terrain|[from] ability: Psychic Surge|[of] p1b: Zelda\n|move|p2a: Walking Wake|Hydro Steam|p1a: Gyro\n|-damage|p1a: Gyro|0 fnt\n|faint|p1a: Gyro\n|-damage|p2a: Walking Wake|4/100|[from] item: Life Orb\n|move|p2b: Groudon|Heat Crash|p1b: Zelda\n|-damage|p1b: Zelda|21/100\n|\n|-weather|SunnyDay|[upkeep]\n|upkeep\n|\n|t:|1745981578\n|switch|p1a: Ursaluna|Ursaluna-Bloodmoon, L50, M|100/100\n|turn|5\n|\n|t:|1745981601\n|switch|p2b: Rillaboom|Rillaboom, L50, M|42/100\n|-fieldstart|move: Grassy Terrain|[from] ability: Grassy Surge|[of] p2b: Rillaboom\n|move|p2a: Walking Wake|Protect|p2a: Walking Wake\n|-singleturn|p2a: Walking Wake|Protect\n|move|p1b: Zelda|Follow Me|p1b: Zelda\n|-singleturn|p1b: Zelda|move: Follow Me\n|move|p1a: Ursaluna|Hyper Voice|p2b: Rillaboom|[spread] p2b\n|-activate|p2a: Walking Wake|move: Protect\n|-damage|p2b: Rillaboom|7/100\n|-damage|p1a: Ursaluna|90/100|[from] item: Life Orb\n|\n|-weather|SunnyDay|[upkeep]\n|-heal|p2a: Walking Wake|10/100|[from] Grassy Terrain\n|-heal|p2b: Rillaboom|13/100|[from] Grassy Terrain\n|-heal|p1b: Zelda|27/100|[from] Grassy Terrain\n|-heal|p1a: Ursaluna|96/100|[from] Grassy Terrain\n|upkeep\n|turn|6\n|inactive|CouchChris has 30 seconds left.\n|inactive|CouchChris has 20 seconds left.\n|inactive|CouchChris has 15 seconds left.\n|\n|t:|1745981642\n|move|p1b: Zelda|Follow Me|p1b: Zelda\n|-singleturn|p1b: Zelda|move: Follow Me\n|move|p2a: Walking Wake|Weather Ball|p1b: Zelda\n|-damage|p1b: Zelda|0 fnt\n|faint|p1b: Zelda\n|-damage|p2a: Walking Wake|0 fnt|[from] item: Life Orb\n|faint|p2a: Walking Wake\n|-end|p2a: Walking Wake|Protosynthesis|[silent]\n|move|p2b: Rillaboom|Wood Hammer|p1a: Ursaluna\n|-supereffective|p1a: Ursaluna\n|-damage|p1a: Ursaluna|3/100\n|-damage|p2b: Rillaboom|0 fnt|[from] Recoil\n|faint|p2b: Rillaboom\n|move|p1a: Ursaluna|Hyper Voice|p2: Walking Wake|[notarget]\n|-fail|p1a: Ursaluna\n|\n|-weather|SunnyDay|[upkeep]\n|-heal|p1a: Ursaluna|9/100|[from] Grassy Terrain\n|upkeep\n|\n|t:|1745981658\n|switch|p2a: Groudon|Groudon, L50|55/100\n|switch|p2b: Lunala|Lunala, L50|100/100\n|switch|p1b: Uncle eli|Zamazenta-Crowned, L50|17/100\n|turn|7\n|\n|t:|1745981680\n|move|p1b: Uncle eli|Body Press|p2a: Groudon\n|-damage|p2a: Groudon|21/100\n|move|p2b: Lunala|Moongeist Beam|p1b: Uncle eli\n|-damage|p1b: Uncle eli|0 fnt\n|faint|p1b: Uncle eli\n|move|p2a: Groudon|Heat Crash|p1a: Ursaluna\n|-damage|p1a: Ursaluna|0 fnt\n|faint|p1a: Ursaluna\n|\n|win|CouchChris\n||bathilra is ready for game 2.\n", "uploadtime": 1745981689, "views": 15, "formatid": "gen9vgc2025regibo3", "rating": null, "private": 0, "password": null}