{"id": "gen9vgc2025regibo3-2354195404", "format": "[Gen 9] VGC 2025 Reg I (Bo3)", "players": ["Casper427", "Pachi 100"], "log": "|j|\u2606Casper427\n|j|\u2606Pachi 100\n|html|<table width=\"100%\"><tr><td align=\"left\">Casper427</td><td align=\"right\">Pachi 100</tr><tr><td align=\"left\"><i class=\"fa fa-circle-o\"></i> <i class=\"fa fa-circle-o\"></i> </td><td align=\"right\"><i class=\"fa fa-circle-o\"></i> <i class=\"fa fa-circle\"></i> </tr></table>\n|uhtml|bestof|<h2><strong>Game 2</strong> of <a href=\"/game-bestof3-gen9vgc2025regibo3-2354192647\">a best-of-3</a></h2>\n|t:|1746043492\n|gametype|doubles\n|player|p1|Casper427|artist|1201\n|player|p2|Pachi 100|170|1100\n|teamsize|p1|6\n|teamsize|p2|6\n|gen|9\n|tier|[Gen 9] VGC 2025 Reg I (Bo3)\n|rated|\n|rule|Species Clause: Limit one of each Pok\u00e9mon\n|rule|Item Clause: Limit 1 of each item\n|clearpoke\n|poke|p1|Miraidon, L50|\n|poke|p1|Lunala, L50|\n|poke|p1|Urshifu-*, L50, M|\n|poke|p1|Iron Hands, L50|\n|poke|p1|Whimsicott, L50, M|\n|poke|p1|Chi-Yu, L50|\n|poke|p2|Groudon, L50|\n|poke|p2|Archaludon, L50, F|\n|poke|p2|Lunala, L50|\n|poke|p2|Raging Bolt, L50|\n|poke|p2|Whimsicott, L50, M|\n|poke|p2|Roaring Moon, L50|\n|teampreview|4\n|showteam|p1|Miraidon||LifeOrb|HadronEngine|DracoMeteor,VoltSwitch,Protect,ElectroDrift||||||50|,,,,,Electric]Lunala||ElectricSeed|ShadowShield|WideGuard,Moonblast,MoongeistBeam,TrickRoom||||||50|,,,,,Fairy]Urshifu-Rapid-Strike||FocusSash|UnseenFist|SurgingStrikes,CloseCombat,Detect,AquaJet|||M|||50|,,,,,Water]Iron Hands||AssaultVest|QuarkDrive|DrainPunch,LowKick,WildCharge,FakeOut||||||50|,,,,,Bug]Whimsicott||CovertCloak|Prankster|Moonblast,Tailwind,LightScreen,Encore|||M|||50|,,,,,Dark]Chi-Yu||ChoiceScarf|BeadsofRuin|Overheat,Snarl,DarkPulse,HeatWave||||||50|,,,,,Ghost\n|showteam|p2|Groudon||ClearAmulet|Drought|PrecipiceBlades,HeatCrash,Protect,RockBlast||||||50|,,,,,Poison]Archaludon||AssaultVest|Stamina|BodyPress,DragonTail,FoulPlay,BreakingSwipe|||F|||50|,,,,,Fighting]Lunala||PowerHerb|ShadowShield|Protect,MeteorBeam,MoongeistBeam,Moonblast||||||50|,,,,,Fairy]Raging Bolt||SafetyGoggles|Protosynthesis|Thunderclap,DracoMeteor,WeatherBall,Protect||||||50|,,,,,Fairy]Whimsicott||FocusSash|Prankster|Encore,Tailwind,LightScreen,FakeTears|||M|||50|,,,,,Poison]Roaring Moon||BoosterEnergy|Protosynthesis|DragonClaw,ThroatChop,Protect,Acrobatics||||||50|,,,,,Flying\n|\n|t:|1746043521\n|start\n|switch|p1a: Iron Hands|Iron Hands, L50|100/100\n|switch|p1b: Lunala|Lunala, L50|100/100\n|switch|p2a: Lunala|Lunala, L50|100/100\n|switch|p2b: Whimsicott|Whimsicott, L50, M|100/100\n|turn|1\n|\n|t:|1746043553\n|-terastallize|p1b: Lunala|Fairy\n|move|p2a: Lunala|Protect|p2a: Lunala\n|-singleturn|p2a: Lunala|Protect\n|move|p1a: Iron Hands|Fake Out|p2b: Whimsicott\n|-damage|p2b: Whimsicott|86/100\n|cant|p2b: Whimsicott|flinch\n|move|p1b: Lunala|Moongeist Beam|p2a: Lunala\n|-activate|p2a: Lunala|move: Protect\n|\n|upkeep\n|turn|2\n|\n|t:|1746043586\n|-terastallize|p2a: Lunala|Fairy\n|move|p2b: Whimsicott|Fake Tears|p1b: Lunala\n|-unboost|p1b: Lunala|spd|2\n|move|p2a: Lunala|Meteor Beam||[still]\n|-prepare|p2a: Lunala|Meteor Beam\n|-boost|p2a: Lunala|spa|1\n|-enditem|p2a: Lunala|Power Herb\n|-anim|p2a: Lunala|Meteor Beam|p1b: Lunala\n|-damage|p1b: Lunala|55/100\n|move|p1a: Iron Hands|Wild Charge|p2a: Lunala\n|-damage|p2a: Lunala|83/100\n|-damage|p1a: Iron Hands|96/100|[from] Recoil\n|move|p1b: Lunala|Trick Room|p1b: Lunala\n|-fieldstart|move: Trick Room|[of] p1b: Lunala\n|\n|upkeep\n|turn|3\n|\n|t:|1746043619\n|switch|p1b: Miraidon|Miraidon, L50|100/100\n|-fieldstart|move: Electric Terrain|[from] ability: Hadron Engine|[of] p1b: Miraidon\n|-activate|p1a: Iron Hands|ability: Quark Drive\n|-start|p1a: Iron Hands|quarkdriveatk\n|move|p2b: Whimsicott|Encore||[still]\n|-fail|p2b: Whimsicott\n|move|p1a: Iron Hands|Wild Charge|p2a: Lunala\n|-damage|p2a: Lunala|16/100\n|-damage|p1a: Iron Hands|82/100|[from] Recoil\n|move|p2a: Lunala|Moonblast|p1a: Iron Hands\n|-supereffective|p1a: Iron Hands\n|-damage|p1a: Iron Hands|9/100\n|-unboost|p1a: Iron Hands|spa|1\n|\n|upkeep\n|turn|4\n|\n|t:|1746043633\n|move|p2b: Whimsicott|Light Screen|p2b: Whimsicott\n|-sidestart|p2: Pachi 100|move: Light Screen\n|move|p1a: Iron Hands|Wild Charge|p2b: Whimsicott\n|-resisted|p2b: Whimsicott\n|-damage|p2b: Whimsicott|42/100\n|-damage|p1a: Iron Hands|1/100|[from] Recoil\n|move|p2a: Lunala|Moonblast|p1b: Miraidon\n|-supereffective|p1b: Miraidon\n|-damage|p1b: Miraidon|0 fnt\n|faint|p1b: Miraidon\n|\n|upkeep\n|\n|t:|1746043638\n|switch|p1b: Urshifu|Urshifu-Rapid-Strike, L50, M|100/100\n|turn|5\n|\n|t:|1746043677\n|move|p2b: Whimsicott|Tailwind|p2b: Whimsicott\n|-sidestart|p2: Pachi 100|move: Tailwind\n|move|p1a: Iron Hands|Wild Charge|p2a: Lunala\n|-damage|p2a: Lunala|0 fnt\n|faint|p2a: Lunala\n|-damage|p1a: Iron Hands|0 fnt|[from] Recoil\n|faint|p1a: Iron Hands\n|-end|p1a: Iron Hands|Quark Drive|[silent]\n|move|p1b: Urshifu|Surging Strikes|p2b: Whimsicott\n|-resisted|p2b: Whimsicott\n|-crit|p2b: Whimsicott\n|-damage|p2b: Whimsicott|32/100\n|-resisted|p2b: Whimsicott\n|-crit|p2b: Whimsicott\n|-damage|p2b: Whimsicott|21/100\n|-resisted|p2b: Whimsicott\n|-crit|p2b: Whimsicott\n|-damage|p2b: Whimsicott|10/100\n|-hitcount|p2b: Whimsicott|3\n|\n|upkeep\n|\n|t:|1746043690\n|switch|p1a: Lunala|Lunala, L50, tera:Fairy|55/100\n|switch|p2a: Archaludon|Archaludon, L50, F, shiny|100/100\n|-enditem|p1a: Lunala|Electric Seed\n|-boost|p1a: Lunala|def|1|[from] item: Electric Seed\n|turn|6\n|\n|t:|1746043717\n|move|p2b: Whimsicott|Encore|p1b: Urshifu\n|-start|p1b: Urshifu|Encore\n|move|p1a: Lunala|Moongeist Beam|p2a: Archaludon\n|-damage|p2a: Archaludon|78/100\n|-ability|p2a: Archaludon|Stamina|boost\n|-boost|p2a: Archaludon|def|1\n|move|p1b: Urshifu|Surging Strikes|p2b: Whimsicott\n|-resisted|p2b: Whimsicott\n|-crit|p2b: Whimsicott\n|-damage|p2b: Whimsicott|0 fnt\n|faint|p2b: Whimsicott\n|-hitcount|p2: Whimsicott|1\n|move|p2a: Archaludon|Foul Play|p1b: Urshifu\n|-resisted|p1b: Urshifu\n|-damage|p1b: Urshifu|81/100\n|\n|-fieldend|move: Trick Room\n|upkeep\n|\n|t:|1746043724\n|switch|p2b: Roaring Moon|Roaring Moon, L50|100/100\n|-enditem|p2b: Roaring Moon|Booster Energy\n|-activate|p2b: Roaring Moon|ability: Protosynthesis|[fromitem]\n|-start|p2b: Roaring Moon|protosynthesisspe\n|turn|7\n|\n|t:|1746043743\n|move|p2b: Roaring Moon|Protect|p2b: Roaring Moon\n|-singleturn|p2b: Roaring Moon|Protect\n|move|p2a: Archaludon|Body Press|p1b: Urshifu\n|-damage|p1b: Urshifu|40/100\n|move|p1b: Urshifu|Surging Strikes|p2a: Archaludon\n|-resisted|p2a: Archaludon\n|-crit|p2a: Archaludon\n|-damage|p2a: Archaludon|71/100\n|-ability|p2a: Archaludon|Stamina|boost\n|-boost|p2a: Archaludon|def|1\n|-resisted|p2a: Archaludon\n|-crit|p2a: Archaludon\n|-damage|p2a: Archaludon|63/100\n|-ability|p2a: Archaludon|Stamina|boost\n|-boost|p2a: Archaludon|def|1\n|-resisted|p2a: Archaludon\n|-crit|p2a: Archaludon\n|-damage|p2a: Archaludon|56/100\n|-ability|p2a: Archaludon|Stamina|boost\n|-boost|p2a: Archaludon|def|1\n|-hitcount|p2a: Archaludon|3\n|move|p1a: Lunala|Moongeist Beam|p2a: Archaludon\n|-damage|p2a: Archaludon|30/100\n|-ability|p2a: Archaludon|Stamina|boost\n|-boost|p2a: Archaludon|def|1\n|\n|-fieldend|move: Electric Terrain\n|upkeep\n|turn|8\n|\n|t:|1746043773\n|move|p2b: Roaring Moon|Acrobatics|p1a: Lunala\n|-damage|p1a: Lunala|33/100\n|move|p2a: Archaludon|Body Press|p1b: Urshifu\n|-damage|p1b: Urshifu|0 fnt\n|faint|p1b: Urshifu\n|move|p1a: Lunala|Moongeist Beam|p2a: Archaludon\n|-damage|p2a: Archaludon|7/100\n|-ability|p2a: Archaludon|Stamina|boost\n|-boost|p2a: Archaludon|def|1\n|\n|-sideend|p2: Pachi 100|move: Light Screen\n|-sideend|p2: Pachi 100|move: Tailwind\n|upkeep\n|turn|9\n|\n|t:|1746043791\n|move|p2b: Roaring Moon|Acrobatics|p1a: Lunala\n|-damage|p1a: Lunala|11/100\n|move|p1a: Lunala|Moonblast|p2b: Roaring Moon\n|-supereffective|p2b: Roaring Moon\n|-damage|p2b: Roaring Moon|0 fnt\n|faint|p2b: Roaring Moon\n|-end|p2b: Roaring Moon|Protosynthesis|[silent]\n|move|p2a: Archaludon|Body Press|p1a: Lunala\n|-resisted|p1a: Lunala\n|-damage|p1a: Lunala|0 fnt\n|faint|p1a: Lunala\n|\n|win|Pachi 100\n|raw|Casper427's rating: 1201 &rarr; <strong>1169</strong><br />(-32 for losing)\n|raw|Pachi 100's rating: 1100 &rarr; <strong>1132</strong><br />(+32 for winning)\n|c|\u2606Pachi 100|gg\n", "uploadtime": 1746043836, "views": 15, "formatid": "gen9vgc2025regibo3", "rating": 1132, "private": 0, "password": null}