{"id": "gen9vgc2025regibo3-2354820478", "format": "[Gen 9] VGC 2025 Reg I (Bo3)", "players": ["head0fthetable", "Solunex"], "log": "|j|\u2606head0fthetable\n|j|\u203dSolunex\n|html|<table width=\"100%\"><tr><td align=\"left\">head0fthetable</td><td align=\"right\">Solunex</tr><tr><td align=\"left\"><i class=\"fa fa-circle-o\"></i> <i class=\"fa fa-circle-o\"></i> </td><td align=\"right\"><i class=\"fa fa-circle-o\"></i> <i class=\"fa fa-circle-o\"></i> </tr></table>\n|uhtml|bestof|<h2><strong>Game 1</strong> of <a href=\"/game-bestof3-gen9vgc2025regibo3-2354820477\">a best-of-3</a></h2>\n|t:|1746122592\n|gametype|doubles\n|player|p1|head0fthetable|leon-masters|1208\n|player|p2|Solunex|101|1138\n|teamsize|p1|6\n|teamsize|p2|6\n|gen|9\n|tier|[Gen 9] VGC 2025 Reg I (Bo3)\n|rated|\n|rule|Species Clause: Limit one of each Pok\u00e9mon\n|rule|Item Clause: Limit 1 of each item\n|clearpoke\n|poke|p1|Calyrex-Ice, L50|\n|poke|p1|Miraidon, L50|\n|poke|p1|Farigiraf, L50, M|\n|poke|p1|Incineroar, L50, M|\n|poke|p1|Urshifu-*, L50, M|\n|poke|p1|Landorus, L50, M|\n|poke|p2|Rillaboom, L50, F|\n|poke|p2|Kyogre, L50|\n|poke|p2|Calyrex-Ice, L50|\n|poke|p2|Moltres-Galar, L50|\n|poke|p2|Tornadus, L50, M|\n|poke|p2|Landorus, L50, M|\n|teampreview|4\n|showteam|p1|Calyrex-Ice||ClearAmulet|AsOneGlastrier|GlacialLance,HighHorsepower,TrickRoom,Protect||||||50|,,,,,Water]Miraidon||ChoiceSpecs|HadronEngine|DazzlingGleam,VoltSwitch,ElectroDrift,DracoMeteor||||||50|,,,,,Fairy]Farigiraf||ElectricSeed|ArmorTail|Psychic,TrickRoom,FoulPlay,HelpingHand|||M|||50|,,,,,Water]Incineroar||AssaultVest|Intimidate|FlareBlitz,FakeOut,KnockOff,Uturn|||M|||50|,,,,,Water]Urshifu-Rapid-Strike||FocusSash|UnseenFist|CloseCombat,SurgingStrikes,AquaJet,Detect|||M|||50|,,,,,Stellar]Landorus||ChoiceScarf|SheerForce|EarthPower,SandsearStorm,SludgeBomb,Psychic|||M|||50|,,,,,Water\n|showteam|p2|Rillaboom||AssaultVest|GrassySurge|WoodHammer,GrassyGlide,FakeOut,Uturn|||F|||50|,,,,,Fire]Kyogre||MysticWater|Drizzle|WaterSpout,OriginPulse,IceBeam,Protect||||||50|,,,,,Water]Calyrex-Ice||ClearAmulet|AsOneGlastrier|GlacialLance,HighHorsepower,TrickRoom,Protect||||||50|,,,,,Grass]Moltres-Galar||Leftovers|Berserk|FieryWrath,Hurricane,HelpingHand,Protect||||||50|,,,,,Poison]Tornadus||CovertCloak|Prankster|BleakwindStorm,RainDance,Tailwind,Taunt|||M|||50|,,,,,Dark]Landorus||LifeOrb|SheerForce|SandsearStorm,EarthPower,SludgeBomb,Protect|||M|||50|,,,,,Ghost\n|inactive|Battle timer is ON: inactive players will automatically lose when time's up. (requested by head0fthetable)\n|\n|t:|1746122624\n|start\n|switch|p1a: Miraidon|Miraidon, L50|100/100\n|switch|p1b: Landorus|Landorus, L50, M|100/100\n|switch|p2a: Landorus|Landorus, L50, M|100/100\n|switch|p2b: Rillaboom|Rillaboom, L50, F|100/100\n|-fieldstart|move: Electric Terrain|[from] ability: Hadron Engine|[of] p1a: Miraidon\n|-fieldstart|move: Grassy Terrain|[from] ability: Grassy Surge|[of] p2b: Rillaboom\n|turn|1\n|\n|t:|1746122638\n|switch|p1b: Farigiraf|Farigiraf, L50, M|100/100\n|move|p2b: Rillaboom|Fake Out||[still]\n|cant|p1b: Farigiraf|ability: Armor Tail|Fake Out|[of] p2b: Rillaboom\n|move|p1a: Miraidon|Volt Switch|p2b: Rillaboom\n|-resisted|p2b: Rillaboom\n|-damage|p2b: Rillaboom|79/100\n|\n|t:|1746122646\n|switch|p1a: Landorus|Landorus, L50, M|100/100|[from] Volt Switch\n|move|p2a: Landorus|Earth Power|p1a: Landorus\n|-immune|p1a: Landorus\n|\n|-heal|p2b: Rillaboom|84/100|[from] Grassy Terrain\n|upkeep\n|turn|2\n|\n|t:|1746122663\n|move|p1b: Farigiraf|Helping Hand|p1a: Landorus\n|-singleturn|p1a: Landorus|Helping Hand|[of] p1b: Farigiraf\n|move|p1a: Landorus|Sludge Bomb|p2b: Rillaboom\n|-supereffective|p2b: Rillaboom\n|-damage|p2b: Rillaboom|0 fnt\n|faint|p2b: Rillaboom\n|move|p2a: Landorus|Earth Power|p1b: Farigiraf\n|-damage|p1b: Farigiraf|28/100\n|\n|-heal|p1b: Farigiraf|34/100|[from] Grassy Terrain\n|upkeep\n|\n|t:|1746122672\n|switch|p2b: Kyogre|Kyogre, L50|100/100\n|-weather|RainDance|[from] ability: Drizzle|[of] p2b: Kyogre\n|turn|3\n|\n|t:|1746122696\n|-terastallize|p1a: Landorus|Water\n|-terastallize|p2b: Kyogre|Water\n|move|p1b: Farigiraf|Helping Hand|p1a: Landorus\n|-singleturn|p1a: Landorus|Helping Hand|[of] p1b: Farigiraf\n|move|p1a: Landorus|Sludge Bomb|p2b: Kyogre\n|-damage|p2b: Kyogre|55/100\n|move|p2a: Landorus|Sandsear Storm|p1a: Landorus|[spread] p1a,p1b\n|-crit|p1b: Farigiraf\n|-damage|p1a: Landorus|13/100\n|-damage|p1b: Farigiraf|0 fnt\n|faint|p1b: Farigiraf\n|move|p2b: Kyogre|Water Spout|p1a: Landorus\n|-resisted|p1a: Landorus\n|-damage|p1a: Landorus|0 fnt\n|faint|p1a: Landorus\n|\n|-weather|RainDance|[upkeep]\n|-heal|p2b: Kyogre|61/100|[from] Grassy Terrain\n|upkeep\n|\n|t:|1746122709\n|switch|p1a: Miraidon|Miraidon, L50|100/100\n|switch|p1b: Urshifu|Urshifu-Rapid-Strike, L50, M|100/100\n|-fieldstart|move: Electric Terrain|[from] ability: Hadron Engine|[of] p1a: Miraidon\n|turn|4\n|\n|t:|1746122731\n|move|p1a: Miraidon|Draco Meteor|p2a: Landorus\n|-damage|p2a: Landorus|0 fnt\n|-unboost|p1a: Miraidon|spa|2\n|faint|p2a: Landorus\n|move|p1b: Urshifu|Close Combat|p2b: Kyogre\n|-damage|p2b: Kyogre|0 fnt\n|-unboost|p1b: Urshifu|def|1\n|-unboost|p1b: Urshifu|spd|1\n|faint|p2b: Kyogre\n|\n|-weather|RainDance|[upkeep]\n|upkeep\n|\n|t:|1746122740\n|switch|p2a: Calyrex|Calyrex-Ice, L50|100/100\n|-ability|p2a: Calyrex|As One\n|-ability|p2a: Calyrex|Unnerve\n|turn|5\n|\n|t:|1746122746\n|move|p1a: Miraidon|Draco Meteor|p2a: Calyrex|[miss]\n|-miss|p1a: Miraidon|p2a: Calyrex\n|move|p1b: Urshifu|Surging Strikes|p2a: Calyrex\n|-crit|p2a: Calyrex\n|-damage|p2a: Calyrex|77/100\n|-crit|p2a: Calyrex\n|-damage|p2a: Calyrex|56/100\n|-crit|p2a: Calyrex\n|-damage|p2a: Calyrex|36/100\n|-hitcount|p2a: Calyrex|3\n|move|p2a: Calyrex|Glacial Lance|p1b: Urshifu|[spread] p1a,p1b\n|-supereffective|p1a: Miraidon\n|-resisted|p1b: Urshifu\n|-damage|p1a: Miraidon|0 fnt\n|-damage|p1b: Urshifu|54/100\n|faint|p1a: Miraidon\n|-ability|p2a: Calyrex|Chilling Neigh|boost\n|-boost|p2a: Calyrex|atk|1\n|\n|-weather|RainDance|[upkeep]\n|upkeep\n|turn|6\n|\n|t:|1746122765\n|move|p1b: Urshifu|Surging Strikes|p2a: Calyrex\n|-crit|p2a: Calyrex\n|-damage|p2a: Calyrex|15/100\n|-crit|p2a: Calyrex\n|-damage|p2a: Calyrex|0 fnt\n|faint|p2a: Calyrex\n|-hitcount|p2: Calyrex|2\n|\n|win|head0fthetable\n||head0fthetable is ready for game 2.\n|inactive|Solunex has 30 seconds to confirm battle start!\n||Solunex is ready for game 2.\n|uhtml|next|Next: <a href=\"/battle-gen9vgc2025regibo3-2354822621\"><strong>Game 2 of 3</strong></a>\n|l|\u203dSolunex\n|player|p2|\n|l|\u2606head0fthetable\n|player|p1|\n", "uploadtime": 1746123033, "views": 5, "formatid": "gen9vgc2025regibo3", "rating": null, "private": 0, "password": null}