{"id": "gen9vgc2025regibo3-2354791715", "format": "[Gen 9] VGC 2025 Reg I (Bo3)", "players": ["mavvyvgc", "sarabiia"], "log": "|j|\u2606mavvyvgc\n|j|\u2606sarabiia\n|html|<table width=\"100%\"><tr><td align=\"left\">mavvyvgc</td><td align=\"right\">sarabiia</tr><tr><td align=\"left\"><i class=\"fa fa-circle-o\"></i> <i class=\"fa fa-circle-o\"></i> </td><td align=\"right\"><i class=\"fa fa-circle-o\"></i> <i class=\"fa fa-circle\"></i> </tr></table>\n|uhtml|bestof|<h2><strong>Game 2</strong> of <a href=\"/game-bestof3-gen9vgc2025regibo3-2354786679\">a best-of-3</a></h2>\n|t:|1746120120\n|gametype|doubles\n|player|p1|mavvyvgc|riley|1124\n|player|p2|sarabiia|lucas|1140\n|teamsize|p1|6\n|teamsize|p2|6\n|gen|9\n|tier|[Gen 9] VGC 2025 Reg I (Bo3)\n|rated|\n|rule|Species Clause: Limit one of each Pok\u00e9mon\n|rule|Item Clause: Limit 1 of each item\n|clearpoke\n|poke|p1|Calyrex-Shadow, L50|\n|poke|p1|Kyurem-White, L50|\n|poke|p1|Slowking, L50, F|\n|poke|p1|Tornadus, L50, M|\n|poke|p1|Rillaboom, L50, M|\n|poke|p1|Incineroar, L50, M|\n|poke|p2|Kyogre, L50|\n|poke|p2|Zacian-*, L50|\n|poke|p2|Rillaboom, L50, M|\n|poke|p2|Roaring Moon, L50|\n|poke|p2|Farigiraf, L50, M|\n|poke|p2|Raging Bolt, L50|\n|teampreview|4\n|showteam|p1|Calyrex-Shadow||FocusSash|AsOneSpectrier|DarkPulse,AstralBarrage,NastyPlot,Protect||||||50|,,,,,Dark]Kyurem-White||NeverMeltIce|Turboblaze|Protect,Blizzard,DragonPulse,FusionFlare||||||50|,,,,,Ground]Slowking||RockyHelmet|Oblivious|Psychic,TrickRoom,ChillyReception,HelpingHand|||F|||50|,,,,,Ground]Tornadus||CovertCloak|Prankster|Tailwind,BleakwindStorm,Protect,Snowscape|||M|||50|,,,,,Dark]Rillaboom||GrassySeed|GrassySurge|DrumBeating,Uturn,GrassyGlide,FakeOut|||M|||50|,,,,,Grass]Incineroar||AssaultVest|Intimidate|FakeOut,KnockOff,FlareBlitz,Uturn|||M|||50|,,,,,Fire\n|showteam|p2|Kyogre||Leftovers|Drizzle|OriginPulse,IceBeam,CalmMind,Protect||||||50|,,,,,Grass]Zacian-Crowned||RustedSword|IntrepidSword|behemothblade,PlayRough,TeraBlast,Protect||||||50|,,,,,Ground]Rillaboom||AssaultVest|GrassySurge|FakeOut,GrassyGlide,Uturn,WoodHammer|||M|||50|,,,,,Grass]Roaring Moon||BoosterEnergy|Protosynthesis|Acrobatics,Tailwind,KnockOff,Taunt||||||50|,,,,,Flying]Farigiraf||SitrusBerry|ArmorTail|FoulPlay,HelpingHand,PsychicNoise,TrickRoom|||M|||50|,,,,,Dark]Raging Bolt||LifeOrb|Protosynthesis|Thunderbolt,DracoMeteor,Thunderclap,Protect||||||50|,,,,,Electric\n|inactive|Battle timer is ON: inactive players will automatically lose when time's up. (requested by sarabiia)\n|\n|t:|1746120140\n|start\n|switch|p1a: Tornadus|Tornadus, L50, M|100/100\n|switch|p1b: Calyrex|Calyrex-Shadow, L50|100/100\n|switch|p2a: Roaring Moon|Roaring Moon, L50|100/100\n|switch|p2b: Kyogre|Kyogre, L50|100/100\n|-ability|p1b: Calyrex|As One\n|-ability|p1b: Calyrex|Unnerve\n|-weather|RainDance|[from] ability: Drizzle|[of] p2b: Kyogre\n|-enditem|p2a: Roaring Moon|Booster Energy\n|-activate|p2a: Roaring Moon|ability: Protosynthesis|[fromitem]\n|-start|p2a: Roaring Moon|protosynthesisspe\n|turn|1\n|inactive|sarabiia has 30 seconds left.\n|\n|t:|1746120169\n|move|p1a: Tornadus|Tailwind|p1a: Tornadus\n|-sidestart|p1: mavvyvgc|move: Tailwind\n|move|p1b: Calyrex|Astral Barrage|p2a: Roaring Moon|[spread] p2a,p2b\n|-resisted|p2a: Roaring Moon\n|-crit|p2a: Roaring Moon\n|-damage|p2a: Roaring Moon|61/100\n|-damage|p2b: Kyogre|58/100\n|move|p2a: Roaring Moon|Knock Off|p1b: Calyrex\n|-supereffective|p1b: Calyrex\n|-enditem|p1b: Calyrex|Focus Sash\n|-damage|p1b: Calyrex|1/100\n|move|p2b: Kyogre|Calm Mind|p2b: Kyogre\n|-boost|p2b: Kyogre|spa|1\n|-boost|p2b: Kyogre|spd|1\n|\n|-weather|RainDance|[upkeep]\n|-heal|p2b: Kyogre|65/100|[from] item: Leftovers\n|upkeep\n|turn|2\n|\n|t:|1746120192\n|move|p2b: Kyogre|Protect|p2b: Kyogre\n|-singleturn|p2b: Kyogre|Protect\n|move|p1a: Tornadus|Snowscape|p1a: Tornadus\n|-weather|Snowscape\n|move|p1b: Calyrex|Astral Barrage|p2b: Kyogre|[spread] p2a\n|-activate|p2b: Kyogre|move: Protect\n|-resisted|p2a: Roaring Moon\n|-damage|p2a: Roaring Moon|38/100\n|move|p2a: Roaring Moon|Knock Off|p1a: Tornadus\n|-damage|p1a: Tornadus|42/100\n|-enditem|p1a: Tornadus|Covert Cloak|[from] move: Knock Off|[of] p2a: Roaring Moon\n|\n|-weather|Snowscape|[upkeep]\n|-heal|p2b: Kyogre|71/100|[from] item: Leftovers\n|upkeep\n|turn|3\n|\n|t:|1746120211\n|move|p1b: Calyrex|Astral Barrage|p2b: Kyogre|[spread] p2a,p2b\n|-resisted|p2a: Roaring Moon\n|-damage|p2a: Roaring Moon|12/100\n|-damage|p2b: Kyogre|44/100\n|move|p2a: Roaring Moon|Knock Off|p1b: Calyrex\n|-supereffective|p1b: Calyrex\n|-damage|p1b: Calyrex|0 fnt\n|faint|p1b: Calyrex\n|move|p1a: Tornadus|Bleakwind Storm|p2b: Kyogre|[spread] p2a,p2b\n|-damage|p2a: Roaring Moon|0 fnt\n|-damage|p2b: Kyogre|28/100\n|faint|p2a: Roaring Moon\n|-end|p2a: Roaring Moon|Protosynthesis|[silent]\n|move|p2b: Kyogre|Ice Beam|p1a: Tornadus\n|-supereffective|p1a: Tornadus\n|-damage|p1a: Tornadus|0 fnt\n|faint|p1a: Tornadus\n|\n|-weather|Snowscape|[upkeep]\n|-heal|p2b: Kyogre|34/100|[from] item: Leftovers\n|upkeep\n|\n|t:|1746120229\n|switch|p1b: Rillaboom|Rillaboom, L50, M|100/100\n|switch|p2a: Rillaboom|Rillaboom, L50, M|100/100\n|switch|p1a: Kyurem|Kyurem-White, L50|100/100\n|-ability|p1a: Kyurem|Turboblaze\n|-fieldstart|move: Grassy Terrain|[from] ability: Grassy Surge|[of] p1b: Rillaboom\n|-enditem|p1b: Rillaboom|Grassy Seed\n|-boost|p1b: Rillaboom|def|1|[from] item: Grassy Seed\n|turn|4\n|inactive|mavvyvgc has 30 seconds left.\n|\n|t:|1746120255\n|move|p1a: Kyurem|Protect|p1a: Kyurem\n|-singleturn|p1a: Kyurem|Protect\n|move|p2b: Kyogre|Protect|p2b: Kyogre\n|-singleturn|p2b: Kyogre|Protect\n|move|p2a: Rillaboom|Fake Out|p1a: Kyurem\n|-activate|p1a: Kyurem|move: Protect\n|move|p1b: Rillaboom|Drum Beating|p2b: Kyogre\n|-activate|p2b: Kyogre|move: Protect\n|\n|-weather|Snowscape|[upkeep]\n|-heal|p2b: Kyogre|41/100|[from] Grassy Terrain\n|-heal|p2b: Kyogre|47/100|[from] item: Leftovers\n|-sideend|p1: mavvyvgc|move: Tailwind\n|upkeep\n|turn|5\n|inactive|mavvyvgc has 30 seconds left.\n|inactive|sarabiia has 30 seconds left.\n|\n|t:|1746120290\n|-terastallize|p2b: Kyogre|Grass\n|move|p2b: Kyogre|Ice Beam|p1b: Rillaboom\n|-supereffective|p1b: Rillaboom\n|-damage|p1b: Rillaboom|0 fnt\n|faint|p1b: Rillaboom\n|move|p1a: Kyurem|Fusion Flare|p2b: Kyogre\n|-supereffective|p2b: Kyogre\n|-damage|p2b: Kyogre|6/100\n|move|p2a: Rillaboom|U-turn|p1a: Kyurem\n|-damage|p1a: Kyurem|85/100\n|\n|t:|1746120301\n|switch|p2a: Zacian|Zacian-Crowned, L50|100/100|[from] U-turn\n|-ability|p2a: Zacian|Intrepid Sword|boost\n|-boost|p2a: Zacian|atk|1\n|\n|-weather|Snowscape|[upkeep]\n|-heal|p2b: Kyogre|12/100|[from] Grassy Terrain\n|-heal|p2b: Kyogre|19/100|[from] item: Leftovers\n|-heal|p1a: Kyurem|91/100|[from] Grassy Terrain\n|upkeep\n|turn|6\n|\n|t:|1746120314\n|move|p2a: Zacian|Behemoth Blade|p1a: Kyurem\n|-supereffective|p1a: Kyurem\n|-damage|p1a: Kyurem|0 fnt\n|faint|p1a: Kyurem\n|\n|win|sarabiia\n|raw|mavvyvgc's rating: 1124 &rarr; <strong>1100</strong><br />(-24 for losing)\n|raw|sarabiia's rating: 1140 &rarr; <strong>1164</strong><br />(+24 for winning)\n|l|\u2606sarabiia\n|player|p2|\n|c|\u2606mavvyvgc|gg\n|l|\u2606mavvyvgc\n|player|p1|\n", "uploadtime": 1746120357, "views": 9, "formatid": "gen9vgc2025regibo3", "rating": 1100, "private": 0, "password": null}