{"id": "gen9vgc2025regibo3-2354402427", "format": "[Gen 9] VGC 2025 Reg I (Bo3)", "players": ["gingerv", "pwendolyn"], "log": "|j|\u2606gingerv\n|j|\u2606pwendolyn\n|html|<table width=\"100%\"><tr><td align=\"left\">gingerv</td><td align=\"right\">pwendolyn</tr><tr><td align=\"left\"><i class=\"fa fa-circle-o\"></i> <i class=\"fa fa-circle-o\"></i> </td><td align=\"right\"><i class=\"fa fa-circle-o\"></i> <i class=\"fa fa-circle\"></i> </tr></table>\n|uhtml|bestof|<h2><strong>Game 2</strong> of <a href=\"/game-bestof3-gen9vgc2025regibo3-2354400998\">a best-of-3</a></h2>\n|t:|1746066987\n|gametype|doubles\n|player|p1|gingerv|102|\n|player|p2|pwendolyn|acetrainersnowf|\n|teamsize|p1|6\n|teamsize|p2|6\n|gen|9\n|tier|[Gen 9] VGC 2025 Reg I (Bo3)\n|rule|Species Clause: Limit one of each Pok\u00e9mon\n|rule|Item Clause: Limit 1 of each item\n|clearpoke\n|poke|p1|Calyrex-Shadow, L50|\n|poke|p1|Terapagos, L50, M|\n|poke|p1|Rillaboom, L50, M|\n|poke|p1|Incineroar, L50, F|\n|poke|p1|Urshifu-*, L50, F|\n|poke|p1|Amoonguss, L50, F|\n|poke|p2|Miraidon, L50|\n|poke|p2|Farigiraf, L50, M|\n|poke|p2|Kyogre, L50|\n|poke|p2|Overqwil, L50, M|\n|poke|p2|Tornadus, L50, M|\n|poke|p2|Landorus, L50, M|\n|teampreview|4\n|showteam|p1|Calyrex-Shadow||FocusSash|AsOneSpectrier|AstralBarrage,Encore,Disable,Protect||||||50|,,,,,Ghost]Terapagos||Leftovers|TeraShift|TeraStarstorm,EarthPower,CalmMind,Protect|||M|||50|,,,,,Stellar]Rillaboom||AssaultVest|GrassySurge|WoodHammer,GrassyGlide,FakeOut,Uturn|||M|||50|,,,,,Fire]Incineroar||SafetyGoggles|Intimidate|KnockOff,WillOWisp,FakeOut,PartingShot|||F|||50|,,,,,Water]Urshifu-Rapid-Strike||ChoiceScarf|UnseenFist|CloseCombat,SurgingStrikes,Uturn,AquaJet|||F|||50|,,,,,Water]Amoonguss||RockyHelmet|Regenerator|SludgeBomb,RagePowder,Spore,Protect|||F|||50|,,,,,Water\n|showteam|p2|Miraidon||ChoiceSpecs|HadronEngine|ElectroDrift,DracoMeteor,VoltSwitch,DazzlingGleam||||||50|,,,,,Fairy]Farigiraf||ElectricSeed|ArmorTail|FoulPlay,Psychic,TrickRoom,Protect|||M|||50|,,,,,Grass]Kyogre||MysticWater|Drizzle|WaterSpout,OriginPulse,Thunder,Protect||||||50|,,,,,Ghost]Overqwil||FocusSash|SwiftSwim|GunkShot,ThroatChop,AcidSpray,Protect|||M|||50|,,,,,Stellar]Tornadus||CovertCloak|Prankster|Tailwind,BleakwindStorm,Taunt,RainDance|||M|||50|,,,,,Dark]Landorus||LifeOrb|SheerForce|SandsearStorm,SludgeBomb,EarthPower,Protect|||M|||50|,,,,,Steel\n|inactive|Battle timer is ON: inactive players will automatically lose when time's up. (requested by pwendolyn)\n|inactive|gingerv has 60 seconds left.\n|j| saltgamble\n|inactive|gingerv has 30 seconds left.\n|inactive|gingerv has 20 seconds left.\n|inactive|gingerv has 15 seconds left.\n|\n|t:|1746067107\n|start\n|switch|p1a: Calyrex|Calyrex-Shadow, L50|100/100\n|switch|p1b: Rillaboom|Rillaboom, L50, M|100/100\n|switch|p2a: Kyogre|Kyogre, L50|100/100\n|switch|p2b: Tornadus|Tornadus, L50, M|100/100\n|-ability|p1a: Calyrex|As One\n|-ability|p1a: Calyrex|Unnerve\n|-weather|RainDance|[from] ability: Drizzle|[of] p2a: Kyogre\n|-fieldstart|move: Grassy Terrain|[from] ability: Grassy Surge|[of] p1b: Rillaboom\n|turn|1\n|inactive|gingerv has 30 seconds left.\n|inactive|gingerv has 20 seconds left.\n|inactive|gingerv has 15 seconds left.\n|\n|t:|1746067149\n|move|p1a: Calyrex|Protect|p1a: Calyrex\n|-singleturn|p1a: Calyrex|Protect\n|move|p2a: Kyogre|Protect|p2a: Kyogre\n|-singleturn|p2a: Kyogre|Protect\n|move|p2b: Tornadus|Tailwind|p2b: Tornadus\n|-sidestart|p2: pwendolyn|move: Tailwind\n|move|p1b: Rillaboom|Wood Hammer|p2b: Tornadus\n|-resisted|p2b: Tornadus\n|-damage|p2b: Tornadus|49/100\n|-damage|p1b: Rillaboom|86/100|[from] Recoil\n|\n|-weather|RainDance|[upkeep]\n|-heal|p1b: Rillaboom|91/100|[from] Grassy Terrain\n|upkeep\n|turn|2\n|inactive|gingerv has 30 seconds left.\n|inactive|gingerv has 20 seconds left.\n|\n|t:|1746067185\n|switch|p1a: Amoonguss|Amoonguss, L50, F|100/100\n|-terastallize|p2a: Kyogre|Ghost\n|move|p1b: Rillaboom|Grassy Glide|p2a: Kyogre\n|-crit|p2a: Kyogre\n|-damage|p2a: Kyogre|52/100\n|move|p2b: Tornadus|Bleakwind Storm|p1b: Rillaboom|[spread] p1a,p1b\n|-supereffective|p1a: Amoonguss\n|-supereffective|p1b: Rillaboom\n|-damage|p1a: Amoonguss|48/100\n|-damage|p1b: Rillaboom|54/100\n|move|p2a: Kyogre|Water Spout|p1b: Rillaboom|[spread] p1a,p1b\n|-resisted|p1a: Amoonguss\n|-resisted|p1b: Rillaboom\n|-damage|p1a: Amoonguss|21/100\n|-damage|p1b: Rillaboom|36/100\n|\n|-weather|RainDance|[upkeep]\n|-heal|p2a: Kyogre|58/100|[from] Grassy Terrain\n|-heal|p1b: Rillaboom|42/100|[from] Grassy Terrain\n|-heal|p1a: Amoonguss|27/100|[from] Grassy Terrain\n|upkeep\n|turn|3\n|inactive|gingerv has 30 seconds left.\n|inactive|gingerv has 20 seconds left.\n|inactive|gingerv has 15 seconds left.\n|inactive|gingerv has 10 seconds left.\n|\n|t:|1746067233\n|move|p1a: Amoonguss|Protect|p1a: Amoonguss\n|-singleturn|p1a: Amoonguss|Protect\n|move|p1b: Rillaboom|Grassy Glide|p2a: Kyogre\n|-damage|p2a: Kyogre|22/100\n|move|p2b: Tornadus|Bleakwind Storm|p1b: Rillaboom|[spread] p1b\n|-activate|p1a: Amoonguss|move: Protect\n|-supereffective|p1b: Rillaboom\n|-damage|p1b: Rillaboom|6/100\n|move|p2a: Kyogre|Origin Pulse|p1b: Rillaboom|[spread] p1b\n|-activate|p1a: Amoonguss|move: Protect\n|-resisted|p1b: Rillaboom\n|-damage|p1b: Rillaboom|0 fnt\n|faint|p1b: Rillaboom\n|\n|-weather|RainDance|[upkeep]\n|-heal|p2a: Kyogre|28/100|[from] Grassy Terrain\n|-heal|p1a: Amoonguss|33/100|[from] Grassy Terrain\n|upkeep\n|\n|t:|1746067239\n|switch|p1b: Calyrex|Calyrex-Shadow, L50|100/100\n|-ability|p1b: Calyrex|As One\n|-ability|p1b: Calyrex|Unnerve\n|turn|4\n|inactive|gingerv has 30 seconds left.\n|inactive|gingerv has 20 seconds left.\n|\n|t:|1746067277\n|switch|p2b: Miraidon|Miraidon, L50|100/100\n|-fieldstart|move: Electric Terrain|[from] ability: Hadron Engine|[of] p2b: Miraidon\n|move|p1b: Calyrex|Protect|p1b: Calyrex\n|-singleturn|p1b: Calyrex|Protect\n|move|p2a: Kyogre|Origin Pulse|p1a: Amoonguss|[spread] \n|-activate|p1b: Calyrex|move: Protect\n|-miss|p2a: Kyogre|p1a: Amoonguss\n|move|p1a: Amoonguss|Sludge Bomb|p2b: Miraidon\n|-damage|p2b: Miraidon|77/100\n|\n|-weather|RainDance|[upkeep]\n|-sideend|p2: pwendolyn|move: Tailwind\n|upkeep\n|turn|5\n|\n|t:|1746067304\n|move|p1a: Amoonguss|Rage Powder|p1a: Amoonguss\n|-singleturn|p1a: Amoonguss|move: Rage Powder\n|move|p1b: Calyrex|Astral Barrage|p2a: Kyogre|[spread] p2a,p2b\n|-supereffective|p2a: Kyogre\n|-damage|p2a: Kyogre|0 fnt\n|-damage|p2b: Miraidon|31/100\n|faint|p2a: Kyogre\n|-ability|p1b: Calyrex|Grim Neigh|boost\n|-boost|p1b: Calyrex|spa|1\n|move|p2b: Miraidon|Volt Switch|p1a: Amoonguss\n|-resisted|p1a: Amoonguss\n|-damage|p1a: Amoonguss|0 fnt\n|faint|p1a: Amoonguss\n|\n|t:|1746067310\n|switch|p2b: Tornadus|Tornadus, L50, M|49/100|[from] Volt Switch\n|\n|-weather|none\n|upkeep\n|\n|t:|1746067325\n|switch|p2a: Overqwil|Overqwil, L50, M|100/100\n|switch|p1a: Terapagos|Terapagos, L50, M|100/100\n|-activate|p1a: Terapagos|ability: Tera Shift\n|detailschange|p1a: Terapagos|Terapagos-Terastal, L50, M\n|-heal|p1a: Terapagos|100/100|[silent]\n|turn|6\n|\n|t:|1746067335\n|move|p2b: Tornadus|Tailwind|p2b: Tornadus\n|-sidestart|p2: pwendolyn|move: Tailwind\n|move|p2a: Overqwil|Acid Spray|p1a: Terapagos\n|-activate|p1a: Terapagos|ability: Tera Shell\n|-resisted|p1a: Terapagos\n|-damage|p1a: Terapagos|97/100\n|-unboost|p1a: Terapagos|spd|2\n|move|p1b: Calyrex|Astral Barrage|p2a: Overqwil|[spread] p2a,p2b\n|-resisted|p2a: Overqwil\n|-crit|p2a: Overqwil\n|-damage|p2a: Overqwil|7/100\n|-damage|p2b: Tornadus|0 fnt\n|faint|p2b: Tornadus\n|-ability|p1b: Calyrex|Grim Neigh|boost\n|-boost|p1b: Calyrex|spa|1\n|move|p1a: Terapagos|Earth Power|p2a: Overqwil\n|-supereffective|p2a: Overqwil\n|-crit|p2a: Overqwil\n|-damage|p2a: Overqwil|0 fnt\n|faint|p2a: Overqwil\n|\n|-heal|p1a: Terapagos|100/100|[from] item: Leftovers\n|upkeep\n|\n|t:|1746067340\n|switch|p2b: Miraidon|Miraidon, L50|31/100\n|-activate|p2b: Miraidon|ability: Hadron Engine\n|turn|7\n|\n|t:|1746067348\n|move|p1b: Calyrex|Protect|p1b: Calyrex\n|-singleturn|p1b: Calyrex|Protect\n|move|p1a: Terapagos|Protect|p1a: Terapagos\n|-singleturn|p1a: Terapagos|Protect\n|move|p2b: Miraidon|Dazzling Gleam|p1a: Terapagos|[spread] \n|-activate|p1a: Terapagos|move: Protect\n|-activate|p1b: Calyrex|move: Protect\n|\n|upkeep\n|turn|8\n|\n|t:|1746067362\n|-terastallize|p1a: Terapagos|Stellar\n|detailschange|p1a: Terapagos|Terapagos-Stellar, L50, M, tera:Stellar\n|-heal|p1a: Terapagos|100/100|[silent]\n|-ability|p1a: Terapagos|Teraform Zero\n|-fieldend|move: Electric Terrain\n|move|p2b: Miraidon|Dazzling Gleam|p1a: Terapagos|[spread] p1a,p1b\n|-crit|p1a: Terapagos\n|-damage|p1a: Terapagos|35/100\n|-damage|p1b: Calyrex|65/100\n|move|p1b: Calyrex|Disable|p2b: Miraidon\n|-start|p2b: Miraidon|Disable|Dazzling Gleam\n|move|p1a: Terapagos|Tera Starstorm|p2b: Miraidon\n|-damage|p2b: Miraidon|0 fnt\n|faint|p2b: Miraidon\n|\n|win|gingerv\n||gingerv is ready for game 3.\n||pwendolyn is ready for game 3.\n|uhtml|next|Next: <a href=\"/battle-gen9vgc2025regibo3-2354405478\"><strong>Game 3 of 3</strong></a>\n|l| saltgamble\n", "uploadtime": 1746067606, "views": 13, "formatid": "gen9vgc2025regibo3", "rating": null, "private": 0, "password": null}