{"id": "gen9vgc2025regibo3-2354216505", "format": "[Gen 9] VGC 2025 Reg I (Bo3)", "players": ["Sticky Glob", "choosenickname123"], "log": "|j|\u2606Sticky Glob\n|j|\u2606choosenickname123\n|html|<table width=\"100%\"><tr><td align=\"left\">Sticky Glob</td><td align=\"right\">choosenickname123</tr><tr><td align=\"left\"><i class=\"fa fa-circle-o\"></i> <i class=\"fa fa-circle-o\"></i> </td><td align=\"right\"><i class=\"fa fa-circle-o\"></i> <i class=\"fa fa-circle\"></i> </tr></table>\n|uhtml|bestof|<h2><strong>Game 2</strong> of <a href=\"/game-bestof3-gen9vgc2025regibo3-2354214600\">a best-of-3</a></h2>\n|t:|1746045603\n|gametype|doubles\n|player|p1|Sticky Glob|clown|1356\n|player|p2|choosenickname123|265|1291\n|teamsize|p1|6\n|teamsize|p2|6\n|gen|9\n|tier|[Gen 9] VGC 2025 Reg I (Bo3)\n|rated|\n|rule|Species Clause: Limit one of each Pok\u00e9mon\n|rule|Item Clause: Limit 1 of each item\n|clearpoke\n|poke|p1|Calyrex-Shadow, L50|\n|poke|p1|Tornadus, L50, M|\n|poke|p1|Urshifu-*, L50, F|\n|poke|p1|Zamazenta-*, L50|\n|poke|p1|Rillaboom, L50, M|\n|poke|p1|Chien-Pao, L50|\n|poke|p2|Calyrex-Shadow, L50|\n|poke|p2|Zamazenta-*, L50|\n|poke|p2|Chi-Yu, L50|\n|poke|p2|Indeedee-F, L50, F|\n|poke|p2|Tornadus, L50, M|\n|poke|p2|Urshifu-*, L50, M|\n|teampreview|4\n|showteam|p1|Calyrex-Shadow||FocusSash|AsOneSpectrier|AstralBarrage,Psychic,Encore,Protect||||||50|,,,,,Ghost]Tornadus||RockyHelmet|Prankster|Tailwind,RainDance,BleakwindStorm,Protect|||M|||50|,,,,,Dark]Urshifu-Rapid-Strike||MysticWater|UnseenFist|SurgingStrikes,CloseCombat,AquaJet,Detect|||F|||50|,,,,,Water]Zamazenta-Crowned||RustedShield|DauntlessShield|BodyPress,HeavySlam,WideGuard,Protect||||||50|,,,,,Ghost]Rillaboom||AssaultVest|GrassySurge|WoodHammer,Uturn,GrassyGlide,FakeOut|||M|||50|,,,,,Fire]Chien-Pao||LifeOrb|SwordofRuin|IcicleCrash,IceShard,SuckerPunch,Protect||||||50|,,,,,Stellar\n|showteam|p2|Calyrex-Shadow||LifeOrb|AsOneSpectrier|AstralBarrage,Psychic,NastyPlot,Protect||||||50|,,,,,Dark]Zamazenta-Crowned||RustedShield|DauntlessShield|BodyPress,behemothbash,WideGuard,Protect||||||50|,,,,,Water]Chi-Yu||ChoiceScarf|BeadsofRuin|HeatWave,Overheat,DarkPulse,Snarl||||||50|,,,,,Ghost]Indeedee-F||RockyHelmet|PsychicSurge|FollowMe,HelpingHand,Psychic,Protect|||F|||50|,,,,,Water]Tornadus||CovertCloak|Prankster|Tailwind,RainDance,BleakwindStorm,Protect|||M|||50|,,,,,Dark]Urshifu-Rapid-Strike||FocusSash|UnseenFist|SurgingStrikes,CloseCombat,AquaJet,Protect|||M|||50|,,,,,Stellar\n|inactive|Battle timer is ON: inactive players will automatically lose when time's up. (requested by choosenickname123)\n|inactive|Sticky Glob also wants the timer to be on.\n|\n|t:|1746045629\n|start\n|switch|p1a: Calyrex|Calyrex-Shadow, L50|100/100\n|switch|p1b: Tornadus|Tornadus, L50, M|100/100\n|switch|p2a: Tornadus|Tornadus, L50, M|100/100\n|switch|p2b: Urshifu|Urshifu-Rapid-Strike, L50, M|100/100\n|-ability|p1a: Calyrex|As One\n|-ability|p1a: Calyrex|Unnerve\n|turn|1\n|\n|t:|1746045648\n|switch|p1a: Rillaboom|Rillaboom, L50, M|100/100\n|-fieldstart|move: Grassy Terrain|[from] ability: Grassy Surge|[of] p1a: Rillaboom\n|move|p2a: Tornadus|Rain Dance|p2a: Tornadus\n|-weather|RainDance\n|move|p1b: Tornadus|Bleakwind Storm|p2a: Tornadus|[spread] p2a,p2b\n|-supereffective|p2b: Urshifu\n|-damage|p2a: Tornadus|68/100\n|-damage|p2b: Urshifu|4/100\n|move|p2b: Urshifu|Surging Strikes|p1a: Rillaboom\n|-resisted|p1a: Rillaboom\n|-crit|p1a: Rillaboom\n|-damage|p1a: Rillaboom|86/100\n|-resisted|p1a: Rillaboom\n|-crit|p1a: Rillaboom\n|-damage|p1a: Rillaboom|70/100\n|-resisted|p1a: Rillaboom\n|-crit|p1a: Rillaboom\n|-damage|p1a: Rillaboom|55/100\n|-hitcount|p1a: Rillaboom|3\n|\n|-weather|RainDance|[upkeep]\n|-heal|p2b: Urshifu|10/100|[from] Grassy Terrain\n|-heal|p1a: Rillaboom|61/100|[from] Grassy Terrain\n|upkeep\n|turn|2\n|inactive|Sticky Glob has 30 seconds left.\n|\n|t:|1746045676\n|switch|p2b: Zamazenta|Zamazenta-Crowned, L50|100/100\n|-ability|p2b: Zamazenta|Dauntless Shield|boost\n|-boost|p2b: Zamazenta|def|1\n|move|p1b: Tornadus|Bleakwind Storm|p2b: Zamazenta|[spread] p2a,p2b\n|-damage|p2a: Tornadus|37/100\n|-damage|p2b: Zamazenta|76/100\n|-unboost|p2b: Zamazenta|spe|1\n|move|p2a: Tornadus|Bleakwind Storm|p1a: Rillaboom|[spread] p1a,p1b\n|-supereffective|p1a: Rillaboom\n|-damage|p1a: Rillaboom|22/100\n|-damage|p1b: Tornadus|59/100\n|move|p1a: Rillaboom|U-turn|p2a: Tornadus\n|-resisted|p2a: Tornadus\n|-damage|p2a: Tornadus|24/100\n|\n|t:|1746045690\n|switch|p1a: Urshifu|Urshifu-Rapid-Strike, L50, F|100/100|[from] U-turn\n|\n|-weather|RainDance|[upkeep]\n|-heal|p2b: Zamazenta|83/100|[from] Grassy Terrain\n|upkeep\n|turn|3\n|\n|t:|1746045707\n|-terastallize|p1a: Urshifu|Water\n|-terastallize|p2b: Zamazenta|Water\n|move|p1b: Tornadus|Tailwind|p1b: Tornadus\n|-sidestart|p1: Sticky Glob|move: Tailwind\n|move|p2a: Tornadus|Tailwind|p2a: Tornadus\n|-sidestart|p2: choosenickname123|move: Tailwind\n|move|p1a: Urshifu|Surging Strikes|p2b: Zamazenta\n|-resisted|p2b: Zamazenta\n|-crit|p2b: Zamazenta\n|-damage|p2b: Zamazenta|66/100\n|-resisted|p2b: Zamazenta\n|-crit|p2b: Zamazenta\n|-damage|p2b: Zamazenta|51/100\n|-resisted|p2b: Zamazenta\n|-crit|p2b: Zamazenta\n|-damage|p2b: Zamazenta|35/100\n|-hitcount|p2b: Zamazenta|3\n|move|p2b: Zamazenta|Behemoth Bash|p1b: Tornadus\n|-damage|p1b: Tornadus|15/100\n|-damage|p2b: Zamazenta|18/100|[from] item: Rocky Helmet|[of] p1b: Tornadus\n|\n|-weather|RainDance|[upkeep]\n|-heal|p2b: Zamazenta|25/100|[from] Grassy Terrain\n|upkeep\n|turn|4\n|\n|t:|1746045732\n|move|p1b: Tornadus|Bleakwind Storm|p2b: Zamazenta|[spread] p2a,p2b\n|-damage|p2a: Tornadus|0 fnt\n|-damage|p2b: Zamazenta|0 fnt\n|faint|p2a: Tornadus\n|faint|p2b: Zamazenta\n|move|p1a: Urshifu|Surging Strikes|p2: Tornadus|[notarget]\n|-fail|p1a: Urshifu\n|\n|-weather|RainDance|[upkeep]\n|upkeep\n|\n|t:|1746045735\n|switch|p2b: Urshifu|Urshifu-Rapid-Strike, L50, M|10/100\n|switch|p2a: Calyrex|Calyrex-Shadow, L50|100/100\n|-ability|p2a: Calyrex|As One\n|-ability|p2a: Calyrex|Unnerve\n|turn|5\n|inactive|Sticky Glob has 30 seconds left.\n|\n|t:|1746045764\n|move|p2b: Urshifu|Aqua Jet|p1a: Urshifu\n|-resisted|p1a: Urshifu\n|-damage|p1a: Urshifu|83/100\n|move|p1a: Urshifu|Aqua Jet|p2a: Calyrex\n|-damage|p2a: Calyrex|32/100\n|move|p2a: Calyrex|Astral Barrage|p1a: Urshifu|[spread] p1a,p1b\n|-damage|p1a: Urshifu|0 fnt\n|-damage|p1b: Tornadus|0 fnt\n|faint|p1a: Urshifu\n|faint|p1b: Tornadus\n|-ability|p2a: Calyrex|Grim Neigh|boost\n|-boost|p2a: Calyrex|spa|2\n|-damage|p2a: Calyrex|23/100|[from] item: Life Orb\n|\n|-weather|none\n|-heal|p2a: Calyrex|29/100|[from] Grassy Terrain\n|-heal|p2b: Urshifu|16/100|[from] Grassy Terrain\n|-fieldend|move: Grassy Terrain\n|upkeep\n|\n|t:|1746045776\n|switch|p1b: Calyrex|Calyrex-Shadow, L50|100/100\n|switch|p1a: Rillaboom|Rillaboom, L50, M|22/100\n|-ability|p1b: Calyrex|As One\n|-ability|p1b: Calyrex|Unnerve\n|-fieldstart|move: Grassy Terrain|[from] ability: Grassy Surge|[of] p1a: Rillaboom\n|turn|6\n|\n|t:|1746045783\n|move|p2a: Calyrex|Protect|p2a: Calyrex\n|-singleturn|p2a: Calyrex|Protect\n|move|p2b: Urshifu|Protect|p2b: Urshifu\n|-singleturn|p2b: Urshifu|Protect\n|move|p1a: Rillaboom|Fake Out|p2b: Urshifu\n|-activate|p2b: Urshifu|move: Protect\n|move|p1b: Calyrex|Astral Barrage|p2a: Calyrex|[spread] \n|-activate|p2a: Calyrex|move: Protect\n|-activate|p2b: Urshifu|move: Protect\n|\n|-heal|p2a: Calyrex|35/100|[from] Grassy Terrain\n|-heal|p2b: Urshifu|23/100|[from] Grassy Terrain\n|-heal|p1a: Rillaboom|28/100|[from] Grassy Terrain\n|-sideend|p2: choosenickname123|move: Tailwind\n|-sideend|p1: Sticky Glob|move: Tailwind\n|upkeep\n|turn|7\n|\n|t:|1746045795\n|move|p2b: Urshifu|Aqua Jet|p1b: Calyrex\n|-damage|p1b: Calyrex|72/100\n|move|p1a: Rillaboom|Grassy Glide|p2a: Calyrex\n|-damage|p2a: Calyrex|0 fnt\n|faint|p2a: Calyrex\n|move|p1b: Calyrex|Astral Barrage|p2b: Urshifu\n|-damage|p2b: Urshifu|0 fnt\n|faint|p2b: Urshifu\n|\n|win|Sticky Glob\n||choosenickname123 is ready for game 3.\n|inactive|Sticky Glob has 30 seconds to confirm battle start!\n||Sticky Glob is ready for game 3.\n|uhtml|next|Next: <a href=\"/battle-gen9vgc2025regibo3-2354218460\"><strong>Game 3 of 3</strong></a>\n|l|\u2606Sticky Glob\n|player|p1|\n", "uploadtime": 1746045944, "views": 16, "formatid": "gen9vgc2025regibo3", "rating": null, "private": 0, "password": null}