{"id": "gen9vgc2025regibo3-2354226406", "format": "[Gen 9] VGC 2025 Reg I (Bo3)", "players": ["ignaciocomis", "zikizira"], "log": "|j|\u2606ignaciocomis\n|j|\u2606zikizira\n|html|<table width=\"100%\"><tr><td align=\"left\">ignaciocomis</td><td align=\"right\">zikizira</tr><tr><td align=\"left\"><i class=\"fa fa-circle-o\"></i> <i class=\"fa fa-circle-o\"></i> </td><td align=\"right\"><i class=\"fa fa-circle-o\"></i> <i class=\"fa fa-circle\"></i> </tr></table>\n|uhtml|bestof|<h2><strong>Game 2</strong> of <a href=\"/game-bestof3-gen9vgc2025regibo3-2354224715\">a best-of-3</a></h2>\n|t:|1746046628\n|gametype|doubles\n|player|p1|ignaciocomis|blackbelt-gen4dp|\n|player|p2|zikizira|1|\n|teamsize|p1|6\n|teamsize|p2|6\n|gen|9\n|tier|[Gen 9] VGC 2025 Reg I (Bo3)\n|rule|Species Clause: Limit one of each Pok\u00e9mon\n|rule|Item Clause: Limit 1 of each item\n|clearpoke\n|poke|p1|Lunala, L50|\n|poke|p1|Indeedee-F, L50, F|\n|poke|p1|Urshifu-*, L50, M|\n|poke|p1|Landorus, L50, M|\n|poke|p1|Ogerpon-Hearthflame, L50, F|\n|poke|p1|Roaring Moon, L50|\n|poke|p2|Calyrex-Ice, L50|\n|poke|p2|Torkoal, L50, F|\n|poke|p2|Indeedee-F, L50, F|\n|poke|p2|Ursaluna, L50, F|\n|poke|p2|Smeargle, L50, M|\n|poke|p2|Necrozma-Dawn-Wings, L50|\n|teampreview|4\n|showteam|p1|Lunala||PowerHerb|ShadowShield|MoongeistBeam,MeteorBeam,ExpandingForce,TrickRoom||||||50|,,,,,Water]Indeedee-F||RockyHelmet|PsychicSurge|FollowMe,TrickRoom,HelpingHand,AlluringVoice|||F|||50|,,,,,Fairy]Urshifu-Rapid-Strike||FocusSash|UnseenFist|SurgingStrikes,CloseCombat,AquaJet,Detect|||M|||50|,,,,,Water]Landorus||LifeOrb|SheerForce|SludgeBomb,EarthPower,SandsearStorm,Protect|||M|||50|,,,,,Poison]Ogerpon-Hearthflame||HearthflameMask|MoldBreaker|IvyCudgel,SpikyShield,FollowMe,WoodHammer|||F|||50|,,,,,Fire]Roaring Moon||BoosterEnergy|Protosynthesis|KnockOff,Tailwind,Protect,Acrobatics||||||50|,,,,,Flying\n|showteam|p2|Calyrex-Ice||ClearAmulet|AsOneGlastrier|GlacialLance,CloseCombat,TrickRoom,Protect||||||50|,,,,,Water]Torkoal||Charcoal|Drought|Eruption,WeatherBall,Protect,ClearSmog|||F|||50|,,,,,Grass]Indeedee-F||RockyHelmet|PsychicSurge|Psychic,FollowMe,HelpingHand,TrickRoom|||F|||50|,,,,,Grass]Ursaluna||FlameOrb|Guts|Facade,HeadlongRush,ShadowClaw,Protect|||F|||50|,,,,,Ghost]Smeargle||FocusSash|Moody|FakeOut,FollowMe,Spore,WideGuard|||M|||50|,,,,,Grass]Necrozma-Dawn-Wings||PowerHerb|PrismArmor|MoongeistBeam,MeteorBeam,ExpandingForce,TrickRoom||||||50|,,,,,Grass\n|\n|t:|1746046668\n|start\n|switch|p1a: Ogerpon|Ogerpon-Hearthflame, L50, F|100/100\n|switch|p1b: Roaring Moon|Roaring Moon, L50|100/100\n|switch|p2a: Smeargle|Smeargle, L50, M|100/100\n|switch|p2b: Calyrex|Calyrex-Ice, L50|100/100\n|-ability|p2b: Calyrex|As One\n|-ability|p2b: Calyrex|Unnerve\n|-ability|p1a: Ogerpon|Mold Breaker\n|-enditem|p1b: Roaring Moon|Booster Energy\n|-activate|p1b: Roaring Moon|ability: Protosynthesis|[fromitem]\n|-start|p1b: Roaring Moon|protosynthesisspe\n|turn|1\n|\n|t:|1746046686\n|-terastallize|p1a: Ogerpon|Fire\n|detailschange|p1a: Ogerpon|Ogerpon-Hearthflame-Tera, L50, F, tera:Fire\n|-ability|p1a: Ogerpon|Embody Aspect (Hearthflame)|boost\n|-boost|p1a: Ogerpon|atk|1\n|move|p2a: Smeargle|Follow Me|p2a: Smeargle\n|-singleturn|p2a: Smeargle|move: Follow Me\n|move|p1b: Roaring Moon|Tailwind|p1b: Roaring Moon\n|-sidestart|p1: ignaciocomis|move: Tailwind\n|move|p1a: Ogerpon|Ivy Cudgel|p2a: Smeargle|[anim] Ivy Cudgel Fire\n|-enditem|p2a: Smeargle|Focus Sash\n|-damage|p2a: Smeargle|1/100\n|move|p2b: Calyrex|Trick Room|p2b: Calyrex\n|-fieldstart|move: Trick Room|[of] p2b: Calyrex\n|\n|-ability|p2a: Smeargle|Moody|boost\n|-boost|p2a: Smeargle|def|2\n|-unboost|p2a: Smeargle|spd|1\n|upkeep\n|turn|2\n|\n|t:|1746046716\n|-terastallize|p2b: Calyrex|Water\n|move|p2b: Calyrex|Glacial Lance|p1b: Roaring Moon|[spread] p1a,p1b\n|-resisted|p1a: Ogerpon\n|-supereffective|p1b: Roaring Moon\n|-damage|p1a: Ogerpon|68/100\n|-damage|p1b: Roaring Moon|0 fnt\n|faint|p1b: Roaring Moon\n|-end|p1b: Roaring Moon|Protosynthesis|[silent]\n|-ability|p2b: Calyrex|Chilling Neigh|boost\n|-boost|p2b: Calyrex|atk|1\n|move|p2a: Smeargle|Spore|p1a: Ogerpon\n|-status|p1a: Ogerpon|slp|[from] move: Spore\n|cant|p1a: Ogerpon|slp\n|\n|-ability|p2a: Smeargle|Moody|boost\n|-boost|p2a: Smeargle|def|2\n|-unboost|p2a: Smeargle|spd|1\n|upkeep\n|inactive|Battle timer is ON: inactive players will automatically lose when time's up. (requested by zikizira)\n|\n|t:|1746046735\n|switch|p1b: Urshifu|Urshifu-Rapid-Strike, L50, M|100/100\n|turn|3\n|\n|t:|1746046759\n|cant|p1a: Ogerpon|slp\n|move|p1b: Urshifu|Aqua Jet|p2a: Smeargle\n|-damage|p2a: Smeargle|0 fnt\n|faint|p2a: Smeargle\n|move|p2b: Calyrex|Glacial Lance|p1a: Ogerpon|[spread] p1a,p1b\n|-resisted|p1a: Ogerpon\n|-resisted|p1b: Urshifu\n|-damage|p1a: Ogerpon|16/100 slp\n|-damage|p1b: Urshifu|59/100\n|\n|upkeep\n|\n|t:|1746046764\n|switch|p2a: Torkoal|Torkoal, L50, F|100/100\n|-weather|SunnyDay|[from] ability: Drought|[of] p2a: Torkoal\n|turn|4\n|\n|t:|1746046774\n|-curestatus|p1a: Ogerpon|slp|[msg]\n|move|p1a: Ogerpon|Spiky Shield|p1a: Ogerpon\n|-singleturn|p1a: Ogerpon|move: Protect\n|move|p2a: Torkoal|Eruption|p1a: Ogerpon|[spread] p1b\n|-activate|p1a: Ogerpon|move: Protect\n|-resisted|p1b: Urshifu\n|-damage|p1b: Urshifu|0 fnt\n|faint|p1b: Urshifu\n|move|p2b: Calyrex|Glacial Lance|p1a: Ogerpon\n|-activate|p1a: Ogerpon|move: Protect\n|\n|-weather|SunnyDay|[upkeep]\n|-sideend|p1: ignaciocomis|move: Tailwind\n|upkeep\n|\n|t:|1746046783\n|switch|p1b: Landorus|Landorus, L50, M|100/100\n|turn|5\n|\n|t:|1746046805\n|move|p2a: Torkoal|Eruption|p1b: Landorus|[spread] p1a,p1b\n|-resisted|p1a: Ogerpon\n|-damage|p1a: Ogerpon|0 fnt\n|-damage|p1b: Landorus|0 fnt\n|faint|p1a: Ogerpon\n|faint|p1b: Landorus\n|\n|win|zikizira\n", "uploadtime": 1746047051, "views": 7, "formatid": "gen9vgc2025regibo3", "rating": null, "private": 0, "password": null}