{"id": "gen9vgc2025regibo3-2354902299", "format": "[Gen 9] VGC 2025 Reg I (Bo3)", "players": ["viatles", "floatzelcrash"], "log": "|j|\u2606viatles\n|j|\u2606floatzelcrash\n|html|<table width=\"100%\"><tr><td align=\"left\">viatles</td><td align=\"right\">floatzelcrash</tr><tr><td align=\"left\"><i class=\"fa fa-circle-o\"></i> <i class=\"fa fa-circle-o\"></i> </td><td align=\"right\"><i class=\"fa fa-circle-o\"></i> <i class=\"fa fa-circle\"></i> </tr></table>\n|uhtml|bestof|<h2><strong>Game 2</strong> of <a href=\"/game-bestof3-gen9vgc2025regibo3-2354899586\">a best-of-3</a></h2>\n|t:|1746130070\n|gametype|doubles\n|player|p1|viatles|hiker|1047\n|player|p2|floatzelcrash|101|1028\n|teamsize|p1|6\n|teamsize|p2|6\n|gen|9\n|tier|[Gen 9] VGC 2025 Reg I (Bo3)\n|rated|\n|rule|Species Clause: Limit one of each Pok\u00e9mon\n|rule|Item Clause: Limit 1 of each item\n|clearpoke\n|poke|p1|Miraidon, L50|\n|poke|p1|Dragapult, L50, M|\n|poke|p1|Talonflame, L50, M|\n|poke|p1|Lunala, L50|\n|poke|p1|Grimmsnarl, L50, M|\n|poke|p1|Scizor, L50, M|\n|poke|p2|Calyrex-Shadow, L50|\n|poke|p2|Incineroar, L50, F|\n|poke|p2|Urshifu-*, L50, F|\n|poke|p2|Zamazenta-*, L50|\n|poke|p2|Rillaboom, L50, F|\n|poke|p2|Chien-Pao, L50|\n|teampreview|4\n|showteam|p1|Miraidon||ScopeLens|HadronEngine|ElectroDrift,DracoMeteor,DazzlingGleam,Protect||||||50|,,,,,Fairy]Dragapult||FocusSash|CursedBody|DragonCheer,Protect,PhantomForce,DragonDarts|||M|||50|,,,,,Dragon]Talonflame||MentalHerb|GaleWings|Tailwind,BraveBird,FlareBlitz,Taunt|||M|||50|,,,,,Ghost]Lunala||ElectricSeed|ShadowShield|WideGuard,MoongeistBeam,TrickRoom,ExpandingForce||||||50|,,,,,Fairy]Grimmsnarl||CovertCloak|Prankster|LightScreen,Reflect,FoulPlay,ScaryFace|||M|||50|,,,,,Steel]Scizor||AssaultVest|Technician|BulletPunch,Lunge,KnockOff,Trailblaze|||M|||50|,,,,,Stellar\n|showteam|p2|Calyrex-Shadow||CovertCloak|AsOneSpectrier|Protect,AstralBarrage,DrainingKiss,CalmMind||||||50|,,,,,Fairy]Incineroar||SafetyGoggles|Intimidate|KnockOff,WillOWisp,PartingShot,FakeOut|||F|||50|,,,,,Ghost]Urshifu-Rapid-Strike||MysticWater|UnseenFist|Detect,SurgingStrikes,CloseCombat,Taunt|||F|||50|,,,,,Stellar]Zamazenta-Crowned||RustedShield|DauntlessShield|BodyPress,WideGuard,Protect,HeavySlam||||||50|,,,,,Dragon]Rillaboom||AssaultVest|GrassySurge|GrassyGlide,WoodHammer,Uturn,FakeOut|||F|||50|,,,,,Fire]Chien-Pao||FocusSash|SwordofRuin|SuckerPunch,IcicleCrash,Protect,ThroatChop||||||50|,,,,,Ghost\n|inactive|Battle timer is ON: inactive players will automatically lose when time's up. (requested by viatles)\n|\n|t:|1746130111\n|start\n|switch|p1a: Dragapult|Dragapult, L50, M|100/100\n|switch|p1b: Talonflame|Talonflame, L50, M|100/100\n|switch|p2a: Calyrex|Calyrex-Shadow, L50|100/100\n|switch|p2b: Urshifu|Urshifu-Rapid-Strike, L50, F|100/100\n|-ability|p2a: Calyrex|As One\n|-ability|p2a: Calyrex|Unnerve\n|turn|1\n|inactive|viatles has 30 seconds left.\n|\n|t:|1746130138\n|switch|p1a: Scizor|Scizor, L50, M|100/100\n|switch|p2a: Zamazenta|Zamazenta-Crowned, L50|100/100\n|-ability|p2a: Zamazenta|Dauntless Shield|boost\n|-boost|p2a: Zamazenta|def|1\n|move|p1b: Talonflame|Tailwind|p1b: Talonflame\n|-sidestart|p1: viatles|move: Tailwind\n|move|p2b: Urshifu|Surging Strikes|p1b: Talonflame\n|-supereffective|p1b: Talonflame\n|-crit|p1b: Talonflame\n|-damage|p1b: Talonflame|22/100\n|-supereffective|p1b: Talonflame\n|-crit|p1b: Talonflame\n|-damage|p1b: Talonflame|0 fnt\n|faint|p1b: Talonflame\n|-hitcount|p1: Talonflame|2\n|\n|upkeep\n|\n|t:|1746130153\n|switch|p1b: Dragapult|Dragapult, L50, M|100/100\n|turn|2\n|\n|t:|1746130174\n|switch|p2a: Chien-Pao|Chien-Pao, L50|100/100\n|-ability|p2a: Chien-Pao|Sword of Ruin\n|move|p2b: Urshifu|Detect|p2b: Urshifu\n|-singleturn|p2b: Urshifu|Protect\n|move|p1a: Scizor|Bullet Punch|p2b: Urshifu\n|-activate|p2b: Urshifu|move: Protect\n|move|p1b: Dragapult|Phantom Force||[still]\n|-prepare|p1b: Dragapult|Phantom Force\n|\n|upkeep\n|turn|3\n|\n|t:|1746130190\n|move|p2a: Chien-Pao|Protect|p2a: Chien-Pao\n|-singleturn|p2a: Chien-Pao|Protect\n|move|p1a: Scizor|Bullet Punch|p2b: Urshifu\n|-resisted|p2b: Urshifu\n|-damage|p2b: Urshifu|79/100\n|move|p1b: Dragapult|Phantom Force|p2b: Urshifu|[from] lockedmove\n|-damage|p2b: Urshifu|22/100\n|move|p2b: Urshifu|Close Combat|p1a: Scizor\n|-damage|p1a: Scizor|19/100\n|-unboost|p2b: Urshifu|def|1\n|-unboost|p2b: Urshifu|spd|1\n|\n|upkeep\n|turn|4\n|\n|t:|1746130212\n|move|p2a: Chien-Pao|Sucker Punch|p1b: Dragapult\n|-supereffective|p1b: Dragapult\n|-enditem|p1b: Dragapult|Focus Sash\n|-damage|p1b: Dragapult|1/100\n|-start|p2a: Chien-Pao|Disable|Sucker Punch|[from] ability: Cursed Body|[of] p1b: Dragapult\n|move|p1a: Scizor|Bullet Punch|p2a: Chien-Pao\n|-supereffective|p2a: Chien-Pao\n|-damage|p2a: Chien-Pao|2/100\n|move|p1b: Dragapult|Dragon Darts|p2a: Chien-Pao\n|-crit|p2a: Chien-Pao\n|-damage|p2a: Chien-Pao|0 fnt\n|-anim|p1b: Dragapult|Dragon Darts|p2b: Urshifu\n|-damage|p2b: Urshifu|0 fnt\n|faint|p2a: Chien-Pao\n|faint|p2b: Urshifu\n|\n|-sideend|p1: viatles|move: Tailwind\n|upkeep\n|\n|t:|1746130228\n|switch|p2a: Zamazenta|Zamazenta-Crowned, L50|100/100\n|switch|p2b: Calyrex|Calyrex-Shadow, L50|100/100\n|-ability|p2b: Calyrex|As One\n|-ability|p2b: Calyrex|Unnerve\n|turn|5\n|inactive|floatzelcrash has 30 seconds left.\n|inactive|floatzelcrash has 20 seconds left.\n|\n|t:|1746130266\n|move|p1b: Dragapult|Protect|p1b: Dragapult\n|-singleturn|p1b: Dragapult|Protect\n|move|p2b: Calyrex|Astral Barrage|p1b: Dragapult|[spread] p1a\n|-activate|p1b: Dragapult|move: Protect\n|-damage|p1a: Scizor|0 fnt\n|faint|p1a: Scizor\n|-ability|p2b: Calyrex|Grim Neigh|boost\n|-boost|p2b: Calyrex|spa|1\n|move|p2a: Zamazenta|Body Press|p1b: Dragapult\n|-activate|p1b: Dragapult|move: Protect\n|\n|upkeep\n|\n|t:|1746130278\n|switch|p1a: Miraidon|Miraidon, L50|100/100\n|-fieldstart|move: Electric Terrain|[from] ability: Hadron Engine|[of] p1a: Miraidon\n|turn|6\n|\n|t:|1746130293\n|-terastallize|p2b: Calyrex|Fairy\n|move|p1b: Dragapult|Dragon Cheer|p1a: Miraidon\n|-start|p1a: Miraidon|move: Dragon Cheer\n|move|p1a: Miraidon|Electro Drift|p2b: Calyrex\n|-crit|p2b: Calyrex\n|-damage|p2b: Calyrex|0 fnt\n|faint|p2b: Calyrex\n|move|p2a: Zamazenta|Heavy Slam|p1a: Miraidon\n|-resisted|p1a: Miraidon\n|-damage|p1a: Miraidon|84/100\n|\n|upkeep\n|turn|7\n|\n|t:|1746130311\n|move|p1b: Dragapult|Phantom Force||[still]\n|-prepare|p1b: Dragapult|Phantom Force\n|move|p1a: Miraidon|Draco Meteor|p2a: Zamazenta\n|-resisted|p2a: Zamazenta\n|-crit|p2a: Zamazenta\n|-damage|p2a: Zamazenta|50/100\n|-unboost|p1a: Miraidon|spa|2\n|move|p2a: Zamazenta|Heavy Slam|p1b: Dragapult|[miss]\n|-miss|p2a: Zamazenta|p1b: Dragapult\n|\n|upkeep\n|turn|8\n|\n|t:|1746130326\n|move|p1b: Dragapult|Phantom Force|p2a: Zamazenta|[from] lockedmove\n|-damage|p2a: Zamazenta|22/100\n|move|p1a: Miraidon|Draco Meteor|p2a: Zamazenta\n|-resisted|p2a: Zamazenta\n|-crit|p2a: Zamazenta\n|-damage|p2a: Zamazenta|0 fnt\n|-unboost|p1a: Miraidon|spa|2\n|faint|p2a: Zamazenta\n|\n|win|viatles\n||floatzelcrash is ready for game 3.\n|inactive|viatles has 30 seconds to confirm battle start!\n||viatles is ready for game 3.\n|uhtml|next|Next: <a href=\"/battle-gen9vgc2025regibo3-2354905001\"><strong>Game 3 of 3</strong></a>\n|l|\u2606floatzelcrash\n|player|p2|\n", "uploadtime": 1746130720, "views": 5, "formatid": "gen9vgc2025regibo3", "rating": null, "private": 0, "password": null}