{"id": "gen9vgc2025regibo3-2354093196", "format": "[Gen 9] VGC 2025 Reg I (Bo3)", "players": ["Sticky Glob", "Monsteralover"], "log": "|j|\u2606Sticky Glob\n|j|\u2606Monsteralover\n|html|<table width=\"100%\"><tr><td align=\"left\">Sticky Glob</td><td align=\"right\">Monsteralover</tr><tr><td align=\"left\"><i class=\"fa fa-circle\"></i> <i class=\"fa fa-circle-o\"></i> </td><td align=\"right\"><i class=\"fa fa-circle-o\"></i> <i class=\"fa fa-circle-o\"></i> </tr></table>\n|uhtml|bestof|<h2><strong>Game 2</strong> of <a href=\"/game-bestof3-gen9vgc2025regibo3-2354088137\">a best-of-3</a></h2>\n|t:|1746034253\n|gametype|doubles\n|player|p1|Sticky Glob|clown|1297\n|player|p2|Monsteralover|101|1299\n|teamsize|p1|6\n|teamsize|p2|6\n|gen|9\n|tier|[Gen 9] VGC 2025 Reg I (Bo3)\n|rated|\n|rule|Species Clause: Limit one of each Pok\u00e9mon\n|rule|Item Clause: Limit 1 of each item\n|clearpoke\n|poke|p1|Calyrex-Shadow, L50|\n|poke|p1|Tornadus, L50, M|\n|poke|p1|Urshifu-*, L50, F|\n|poke|p1|Zamazenta-*, L50|\n|poke|p1|Rillaboom, L50, M|\n|poke|p1|Chien-Pao, L50|\n|poke|p2|Lunala, L50|\n|poke|p2|Rillaboom, L50, M|\n|poke|p2|Urshifu-*, L50, M|\n|poke|p2|Miraidon, L50|\n|poke|p2|Grimmsnarl, L50, M|\n|poke|p2|Ogerpon-Hearthflame, L50, F|\n|teampreview|4\n|showteam|p1|Calyrex-Shadow||FocusSash|AsOneSpectrier|AstralBarrage,Psychic,Encore,Protect||||||50|,,,,,Ghost]Tornadus||RockyHelmet|Prankster|Tailwind,RainDance,BleakwindStorm,Protect|||M|||50|,,,,,Dark]Urshifu-Rapid-Strike||MysticWater|UnseenFist|SurgingStrikes,CloseCombat,AquaJet,Detect|||F|||50|,,,,,Water]Zamazenta-Crowned||RustedShield|DauntlessShield|BodyPress,HeavySlam,WideGuard,Protect||||||50|,,,,,Ghost]Rillaboom||AssaultVest|GrassySurge|WoodHammer,Uturn,GrassyGlide,FakeOut|||M|||50|,,,,,Fire]Chien-Pao||LifeOrb|SwordofRuin|IcicleCrash,IceShard,SuckerPunch,Protect||||||50|,,,,,Stellar\n|showteam|p2|Lunala||Leftovers|ShadowShield|CalmMind,MoongeistBeam,DazzlingGleam,Protect||||||50|,,,,,Fairy]Rillaboom||AssaultVest|GrassySurge|WoodHammer,GrassyGlide,KnockOff,FakeOut|||M|||50|,,,,,Fire]Urshifu-Rapid-Strike||ChoiceScarf|UnseenFist|SurgingStrikes,CloseCombat,AquaJet,Uturn|||M|||50|,,,,,Water]Miraidon||ChoiceSpecs|HadronEngine|ElectroDrift,DracoMeteor,DazzlingGleam,VoltSwitch||||||50|,,,,,Fairy]Grimmsnarl||LightClay|Prankster|FoulPlay,Reflect,ThunderWave,LightScreen|||M|||50|,,,,,Ghost]Ogerpon-Hearthflame||HearthflameMask|MoldBreaker|IvyCudgel,GrassyGlide,FollowMe,SpikyShield|||F|||50|,,,,,Fire\n|inactive|Battle timer is ON: inactive players will automatically lose when time's up. (requested by Sticky Glob)\n|\n|t:|1746034274\n|start\n|switch|p1a: Calyrex|Calyrex-Shadow, L50|100/100\n|switch|p1b: Rillaboom|Rillaboom, L50, M|100/100\n|switch|p2a: Grimmsnarl|Grimmsnarl, L50, M|100/100\n|switch|p2b: Ogerpon|Ogerpon-Hearthflame, L50, F|100/100\n|-ability|p1a: Calyrex|As One\n|-ability|p1a: Calyrex|Unnerve\n|-ability|p2b: Ogerpon|Mold Breaker\n|-fieldstart|move: Grassy Terrain|[from] ability: Grassy Surge|[of] p1b: Rillaboom\n|turn|1\n|\n|t:|1746034295\n|-terastallize|p1b: Rillaboom|Fire\n|move|p1b: Rillaboom|Fake Out|p2a: Grimmsnarl\n|-damage|p2a: Grimmsnarl|88/100\n|cant|p2a: Grimmsnarl|flinch\n|move|p1a: Calyrex|Astral Barrage|p2a: Grimmsnarl|[spread] p2a,p2b\n|-resisted|p2a: Grimmsnarl\n|-damage|p2a: Grimmsnarl|62/100\n|-damage|p2b: Ogerpon|43/100\n|move|p2b: Ogerpon|Ivy Cudgel|p1a: Calyrex|[anim] Ivy Cudgel Fire\n|-damage|p1a: Calyrex|46/100\n|\n|-heal|p1a: Calyrex|52/100|[from] Grassy Terrain\n|-heal|p2b: Ogerpon|49/100|[from] Grassy Terrain\n|-heal|p2a: Grimmsnarl|68/100|[from] Grassy Terrain\n|upkeep\n|turn|2\n|\n|t:|1746034320\n|move|p2b: Ogerpon|Spiky Shield|p2b: Ogerpon\n|-singleturn|p2b: Ogerpon|move: Protect\n|move|p2a: Grimmsnarl|Light Screen|p2a: Grimmsnarl\n|-sidestart|p2: Monsteralover|move: Light Screen\n|move|p1a: Calyrex|Astral Barrage|p2b: Ogerpon|[spread] p2a\n|-activate|p2b: Ogerpon|move: Protect\n|-resisted|p2a: Grimmsnarl\n|-damage|p2a: Grimmsnarl|52/100\n|move|p1b: Rillaboom|U-turn|p2a: Grimmsnarl\n|-damage|p2a: Grimmsnarl|29/100\n|j| angelicangel12\n|l| angelicangel12\n|inactive|Sticky Glob has 30 seconds left.\n|\n|t:|1746034353\n|switch|p1b: Zamazenta|Zamazenta-Crowned, L50|100/100|[from] U-turn\n|-ability|p1b: Zamazenta|Dauntless Shield|boost\n|-boost|p1b: Zamazenta|def|1\n|\n|-heal|p1a: Calyrex|58/100|[from] Grassy Terrain\n|-heal|p2b: Ogerpon|55/100|[from] Grassy Terrain\n|-heal|p2a: Grimmsnarl|35/100|[from] Grassy Terrain\n|upkeep\n|turn|3\n|inactive|Sticky Glob has 30 seconds left.\n|inactive|Sticky Glob has 20 seconds left.\n|inactive|Sticky Glob has 15 seconds left.\n|inactive|Sticky Glob has 10 seconds left.\n|inactive|Sticky Glob has 5 seconds left.\n|\n|t:|1746034408\n|-terastallize|p2b: Ogerpon|Fire\n|detailschange|p2b: Ogerpon|Ogerpon-Hearthflame-Tera, L50, F, tera:Fire\n|-ability|p2b: Ogerpon|Embody Aspect (Hearthflame)|boost\n|-boost|p2b: Ogerpon|atk|1\n|move|p2a: Grimmsnarl|Thunder Wave|p1b: Zamazenta\n|-status|p1b: Zamazenta|par\n|move|p1a: Calyrex|Astral Barrage|p2a: Grimmsnarl|[spread] p2a,p2b\n|-resisted|p2a: Grimmsnarl\n|-damage|p2a: Grimmsnarl|20/100\n|-damage|p2b: Ogerpon|19/100\n|move|p2b: Ogerpon|Ivy Cudgel|p1b: Zamazenta|[anim] Ivy Cudgel Fire\n|-supereffective|p1b: Zamazenta\n|-damage|p1b: Zamazenta|27/100 par\n|cant|p1b: Zamazenta|par\n|\n|-heal|p1a: Calyrex|65/100|[from] Grassy Terrain\n|-heal|p2b: Ogerpon|25/100|[from] Grassy Terrain\n|-heal|p1b: Zamazenta|33/100 par|[from] Grassy Terrain\n|-heal|p2a: Grimmsnarl|26/100|[from] Grassy Terrain\n|upkeep\n|turn|4\n|inactive|Sticky Glob has 30 seconds left.\n|inactive|Monsteralover has 30 seconds left.\n|inactive|Sticky Glob has 20 seconds left.\n|inactive|Sticky Glob has 15 seconds left.\n|inactive|Sticky Glob has 10 seconds left.\n|inactive|Sticky Glob has 5 seconds left.\n|\n|t:|1746034463\n|move|p2b: Ogerpon|Spiky Shield|p2b: Ogerpon\n|-singleturn|p2b: Ogerpon|move: Protect\n|move|p2a: Grimmsnarl|Reflect|p2a: Grimmsnarl\n|-sidestart|p2: Monsteralover|Reflect\n|move|p1a: Calyrex|Astral Barrage|p2b: Ogerpon|[spread] p2a\n|-activate|p2b: Ogerpon|move: Protect\n|-resisted|p2a: Grimmsnarl\n|-damage|p2a: Grimmsnarl|8/100\n|move|p1b: Zamazenta|Body Press|p2b: Ogerpon\n|-activate|p2b: Ogerpon|move: Protect\n|-damage|p1b: Zamazenta|21/100 par|[from] Spiky Shield|[of] p2b: Ogerpon\n|\n|-heal|p1a: Calyrex|71/100|[from] Grassy Terrain\n|-heal|p2b: Ogerpon|31/100|[from] Grassy Terrain\n|-heal|p1b: Zamazenta|27/100 par|[from] Grassy Terrain\n|-heal|p2a: Grimmsnarl|14/100|[from] Grassy Terrain\n|upkeep\n|turn|5\n|inactive|Sticky Glob has 30 seconds left.\n|inactive|Monsteralover has 30 seconds left.\n|inactive|Sticky Glob has 20 seconds left.\n|inactive|Sticky Glob has 15 seconds left.\n|inactive|Sticky Glob has 10 seconds left.\n|inactive|Sticky Glob has 5 seconds left.\n|\n|t:|1746034518\n|move|p2a: Grimmsnarl|Thunder Wave|p1a: Calyrex\n|-status|p1a: Calyrex|par\n|move|p2b: Ogerpon|Ivy Cudgel|p1b: Zamazenta|[anim] Ivy Cudgel Fire\n|-supereffective|p1b: Zamazenta\n|-damage|p1b: Zamazenta|0 fnt\n|faint|p1b: Zamazenta\n|move|p1a: Calyrex|Astral Barrage|p2b: Ogerpon|[spread] p2a,p2b\n|-resisted|p2a: Grimmsnarl\n|-damage|p2a: Grimmsnarl|0 fnt\n|-damage|p2b: Ogerpon|0 fnt\n|faint|p2a: Grimmsnarl\n|faint|p2b: Ogerpon\n|-ability|p1a: Calyrex|Grim Neigh|boost\n|-boost|p1a: Calyrex|spa|2\n|\n|-heal|p1a: Calyrex|77/100 par|[from] Grassy Terrain\n|-fieldend|move: Grassy Terrain\n|upkeep\n|inactive|Sticky Glob has 30 seconds left.\n|inactive|Sticky Glob has 20 seconds left.\n|inactive|Sticky Glob has 15 seconds left.\n|inactive|Sticky Glob has 10 seconds left.\n|inactive|Sticky Glob has 5 seconds left.\n|\n|t:|1746034573\n|switch|p1b: Rillaboom|Rillaboom, L50, M, tera:Fire|100/100\n|switch|p2b: Urshifu|Urshifu-Rapid-Strike, L50, M|100/100\n|switch|p2a: Lunala|Lunala, L50|100/100\n|-fieldstart|move: Grassy Terrain|[from] ability: Grassy Surge|[of] p1b: Rillaboom\n|turn|6\n|inactive|Sticky Glob has 30 seconds left.\n|inactive|Sticky Glob has 20 seconds left.\n|inactive|Sticky Glob has 15 seconds left.\n|l|\u2606Sticky Glob\n|inactive|Sticky Glob disconnected and has a minute to reconnect!\n|player|p1|\n|j|\u2606Sticky Glob\n|inactive|Sticky Glob reconnected and has 15 seconds left.\n|player|p1|Sticky Glob|clown|\n|inactive|Sticky Glob has 10 seconds left.\n|inactive|Sticky Glob has 5 seconds left.\n|\n|t:|1746034625\n|move|p1b: Rillaboom|Grassy Glide|p2b: Urshifu\n|-supereffective|p2b: Urshifu\n|-damage|p2b: Urshifu|57/100\n|move|p2b: Urshifu|Surging Strikes|p1b: Rillaboom\n|-supereffective|p1b: Rillaboom\n|-crit|p1b: Rillaboom\n|-damage|p1b: Rillaboom|58/100\n|-supereffective|p1b: Rillaboom\n|-crit|p1b: Rillaboom\n|-damage|p1b: Rillaboom|19/100\n|-supereffective|p1b: Rillaboom\n|-crit|p1b: Rillaboom\n|-damage|p1b: Rillaboom|0 fnt\n|faint|p1b: Rillaboom\n|-hitcount|p1: Rillaboom|3\n|move|p2a: Lunala|Moongeist Beam|p1a: Calyrex\n|-supereffective|p1a: Calyrex\n|-damage|p1a: Calyrex|0 fnt\n|faint|p1a: Calyrex\n|\n|-heal|p2b: Urshifu|62/100|[from] Grassy Terrain\n|upkeep\n|-message|Sticky Glob forfeited.\n|\n|win|Monsteralover\n||Sticky Glob is ready for game 3.\n||Monsteralover is ready for game 3.\n|uhtml|next|Next: <a href=\"/battle-gen9vgc2025regibo3-2354097920\"><strong>Game 3 of 3</strong></a>\n|l|\u2606Sticky Glob\n|player|p1|\n", "uploadtime": 1746035114, "views": 28, "formatid": "gen9vgc2025regibo3", "rating": null, "private": 0, "password": null}