{"id": "gen9vgc2025regibo3-2353470149", "format": "[Gen 9] VGC 2025 Reg I (Bo3)", "players": ["DZSONNIIIIII", "Jun local"], "log": "|j|\u2606DZSONNIIIIII\n|j|\u2606Jun local\n|html|<table width=\"100%\"><tr><td align=\"left\">DZSONNIIIIII</td><td align=\"right\">Jun local</tr><tr><td align=\"left\"><i class=\"fa fa-circle-o\"></i> <i class=\"fa fa-circle-o\"></i> </td><td align=\"right\"><i class=\"fa fa-circle-o\"></i> <i class=\"fa fa-circle-o\"></i> </tr></table>\n|uhtml|bestof|<h2><strong>Game 1</strong> of <a href=\"/game-bestof3-gen9vgc2025regibo3-2353470148\">a best-of-3</a></h2>\n|t:|1745958884\n|gametype|doubles\n|player|p1|DZSONNIIIIII|102|1041\n|player|p2|Jun local|burglar|1000\n|teamsize|p1|6\n|teamsize|p2|6\n|gen|9\n|tier|[Gen 9] VGC 2025 Reg I (Bo3)\n|rated|\n|rule|Species Clause: Limit one of each Pok\u00e9mon\n|rule|Item Clause: Limit 1 of each item\n|clearpoke\n|poke|p1|Hippowdon, L50, F|\n|poke|p1|Houndstone, L50, F|\n|poke|p1|Tornadus, L50, M|\n|poke|p1|Chi-Yu, L50|\n|poke|p1|Flutter Mane, L50|\n|poke|p1|Incineroar, L50, F|\n|poke|p2|Kyogre, L50|\n|poke|p2|Calyrex-Ice, L50|\n|poke|p2|Regieleki, L50|\n|poke|p2|Landorus, L50, M|\n|poke|p2|Ogerpon-Cornerstone, L50, F|\n|poke|p2|Rillaboom, L50, F|\n|teampreview|4\n|showteam|p1|Hippowdon||AbilityShield|SandStream|Yawn,HelpingHand,BodyPress,Earthquake|||F|||50|,,,,,Grass]Houndstone||ClearAmulet|SandRush|LastRespects,PlayRough,Protect,WillOWisp|||F|||50|,,,,,Ghost]Tornadus||CovertCloak|Prankster|Sandstorm,BleakwindStorm,Taunt,Tailwind|||M|||50|,,,,,Dark]Chi-Yu||FocusSash|BeadsofRuin|DarkPulse,Flamethrower,Protect,TeraBlast||||||50|,,,,,Stellar]Flutter Mane||BoosterEnergy|Protosynthesis|DazzlingGleam,PowerGem,ShadowBall,Protect||||||50|,,,,,Fairy]Incineroar||SafetyGoggles|Intimidate|FakeOut,PartingShot,FlareBlitz,KnockOff|||F|||50|,,,,,Fire\n|showteam|p2|Kyogre||MysticWater|Drizzle|WaterSpout,OriginPulse,HydroPump,Protect||||||50|,,,,,Grass]Calyrex-Ice||ClearAmulet|AsOneGlastrier|GlacialLance,TrickRoom,Imprison,Protect||||||50|,,,,,Water]Regieleki||FocusSash|Transistor|Thunderbolt,Electroweb,VoltSwitch,Protect||||||50|,,,,,Electric]Landorus||LifeOrb|SheerForce|EarthPower,SandsearStorm,SludgeBomb,Protect|||M|||50|,,,,,Water]Ogerpon-Cornerstone||CornerstoneMask|Sturdy|IvyCudgel,FollowMe,SpikyShield,Encore|||F|||50|,,,,,Rock]Rillaboom||AssaultVest|GrassySurge|GrassyGlide,WoodHammer,FakeOut,Uturn|||F|||50|,,,,,Fire\n|inactive|Battle timer is ON: inactive players will automatically lose when time's up. (requested by DZSONNIIIIII)\n|inactive|Jun local has 60 seconds left.\n|inactive|DZSONNIIIIII has 60 seconds left.\n|inactive|Jun local has 30 seconds left.\n|\n|t:|1745958949\n|start\n|switch|p1a: Incineroar|Incineroar, L50, F|100/100\n|switch|p1b: Tornadus|Tornadus, L50, M|100/100\n|switch|p2a: Kyogre|Kyogre, L50|100/100\n|switch|p2b: Regieleki|Regieleki, L50|100/100\n|-weather|RainDance|[from] ability: Drizzle|[of] p2a: Kyogre\n|-ability|p1a: Incineroar|Intimidate|boost\n|-unboost|p2a: Kyogre|atk|1\n|-unboost|p2b: Regieleki|atk|1\n|turn|1\n|inactive|DZSONNIIIIII has 30 seconds left.\n|\n|t:|1745958984\n|move|p2a: Kyogre|Protect|p2a: Kyogre\n|-singleturn|p2a: Kyogre|Protect\n|move|p1a: Incineroar|Fake Out|p2b: Regieleki\n|-damage|p2b: Regieleki|75/100\n|move|p1b: Tornadus|Sandstorm|p1b: Tornadus\n|-weather|Sandstorm\n|cant|p2b: Regieleki|flinch\n|\n|-weather|Sandstorm|[upkeep]\n|-damage|p2b: Regieleki|70/100|[from] Sandstorm\n|-damage|p2a: Kyogre|95/100|[from] Sandstorm\n|-damage|p1b: Tornadus|94/100|[from] Sandstorm\n|upkeep\n|turn|2\n|inactive|Jun local has 30 seconds left.\n|\n|t:|1745959014\n|move|p1b: Tornadus|Tailwind|p1b: Tornadus\n|-sidestart|p1: DZSONNIIIIII|move: Tailwind\n|move|p2b: Regieleki|Electroweb|p1a: Incineroar|[spread] p1a,p1b\n|-supereffective|p1b: Tornadus\n|-damage|p1a: Incineroar|76/100\n|-damage|p1b: Tornadus|47/100\n|-unboost|p1a: Incineroar|spe|1\n|move|p2a: Kyogre|Origin Pulse|p1b: Tornadus|[spread] p1a\n|-miss|p2a: Kyogre|p1b: Tornadus\n|-supereffective|p1a: Incineroar\n|-damage|p1a: Incineroar|0 fnt\n|faint|p1a: Incineroar\n|\n|-weather|Sandstorm|[upkeep]\n|-damage|p1b: Tornadus|40/100|[from] Sandstorm\n|-damage|p2b: Regieleki|64/100|[from] Sandstorm\n|-damage|p2a: Kyogre|89/100|[from] Sandstorm\n|upkeep\n|\n|t:|1745959028\n|switch|p1a: Houndstone|Houndstone, L50, F|100/100\n|turn|3\n|\n|t:|1745959049\n|move|p1a: Houndstone|Last Respects|p2a: Kyogre\n|-damage|p2a: Kyogre|37/100\n|move|p1b: Tornadus|Bleakwind Storm|p2b: Regieleki|[spread] p2a,p2b\n|-resisted|p2b: Regieleki\n|-damage|p2a: Kyogre|11/100\n|-damage|p2b: Regieleki|29/100\n|move|p2b: Regieleki|Electroweb|p1a: Houndstone|[spread] p1a,p1b\n|-supereffective|p1b: Tornadus\n|-damage|p1a: Houndstone|72/100\n|-damage|p1b: Tornadus|0 fnt\n|faint|p1b: Tornadus\n|move|p2a: Kyogre|Water Spout|p1a: Houndstone\n|-damage|p1a: Houndstone|58/100\n|\n|-weather|Sandstorm|[upkeep]\n|-damage|p2b: Regieleki|24/100|[from] Sandstorm\n|-damage|p2a: Kyogre|6/100|[from] Sandstorm\n|upkeep\n|\n|t:|1745959064\n|switch|p1b: Chi-Yu|Chi-Yu, L50|100/100\n|-ability|p1b: Chi-Yu|Beads of Ruin\n|turn|4\n|inactive|Jun local has 30 seconds left.\n|\n|t:|1745959091\n|move|p2b: Regieleki|Protect|p2b: Regieleki\n|-singleturn|p2b: Regieleki|Protect\n|move|p1a: Houndstone|Last Respects|p2a: Kyogre\n|-damage|p2a: Kyogre|0 fnt\n|faint|p2a: Kyogre\n|move|p1b: Chi-Yu|Flamethrower|p2b: Regieleki\n|-activate|p2b: Regieleki|move: Protect\n|\n|-weather|Sandstorm|[upkeep]\n|-damage|p1b: Chi-Yu|94/100|[from] Sandstorm\n|-damage|p2b: Regieleki|18/100|[from] Sandstorm\n|upkeep\n|\n|t:|1745959106\n|switch|p2a: Calyrex|Calyrex-Ice, L50|100/100\n|-ability|p2a: Calyrex|As One\n|-ability|p2a: Calyrex|Unnerve\n|turn|5\n|\n|t:|1745959121\n|-terastallize|p2a: Calyrex|Water\n|move|p1a: Houndstone|Last Respects|p2b: Regieleki\n|-damage|p2b: Regieleki|0 fnt\n|faint|p2b: Regieleki\n|move|p1b: Chi-Yu|Flamethrower|p2a: Calyrex\n|-resisted|p2a: Calyrex\n|-damage|p2a: Calyrex|78/100\n|move|p2a: Calyrex|Glacial Lance|p1a: Houndstone|[spread] p1a,p1b\n|-resisted|p1b: Chi-Yu\n|-damage|p1a: Houndstone|0 fnt\n|-damage|p1b: Chi-Yu|50/100\n|faint|p1a: Houndstone\n|-ability|p2a: Calyrex|Chilling Neigh|boost\n|-boost|p2a: Calyrex|atk|1\n|\n|-weather|none\n|-sideend|p1: DZSONNIIIIII|move: Tailwind\n|upkeep\n|\n|t:|1745959138\n|switch|p2b: Landorus|Landorus, L50, M|100/100\n|turn|6\n|\n|t:|1745959144\n|move|p1b: Chi-Yu|Tera Blast|p2a: Calyrex\n|-damage|p2a: Calyrex|53/100\n|move|p2b: Landorus|Earth Power|p1b: Chi-Yu\n|-supereffective|p1b: Chi-Yu\n|-damage|p1b: Chi-Yu|0 fnt\n|faint|p1b: Chi-Yu\n|\n|win|Jun local\n|l|\u2606DZSONNIIIIII\n|player|p1|\n||DZSONNIIIIII is ready for game 2.\n", "uploadtime": 1745959153, "views": 6, "formatid": "gen9vgc2025regibo3", "rating": null, "private": 0, "password": null}