{"id": "gen9vgc2025regibo3-2354392586", "format": "[Gen 9] VGC 2025 Reg I (Bo3)", "players": ["MolluskVGC", "Hg125"], "log": "|j|\u2606MolluskVGC\n|j|\u2606Hg125\n|html|<table width=\"100%\"><tr><td align=\"left\">MolluskVGC</td><td align=\"right\">Hg125</tr><tr><td align=\"left\"><i class=\"fa fa-circle-o\"></i> <i class=\"fa fa-circle-o\"></i> </td><td align=\"right\"><i class=\"fa fa-circle-o\"></i> <i class=\"fa fa-circle\"></i> </tr></table>\n|uhtml|bestof|<h2><strong>Game 2</strong> of <a href=\"/game-bestof3-gen9vgc2025regibo3-2354389287\">a best-of-3</a></h2>\n|t:|1746065753\n|gametype|doubles\n|player|p1|MolluskVGC|hiker-gen4|\n|player|p2|Hg125|1|\n|teamsize|p1|6\n|teamsize|p2|6\n|gen|9\n|tier|[Gen 9] VGC 2025 Reg I (Bo3)\n|rule|Species Clause: Limit one of each Pok\u00e9mon\n|rule|Item Clause: Limit 1 of each item\n|clearpoke\n|poke|p1|Miraidon, L50|\n|poke|p1|Ho-Oh, L50|\n|poke|p1|Iron Hands, L50|\n|poke|p1|Farigiraf, L50, F|\n|poke|p1|Grimmsnarl, L50, M|\n|poke|p1|Urshifu-*, L50, M|\n|poke|p2|Calyrex-Ice, L50|\n|poke|p2|Landorus, L50, M|\n|poke|p2|Iron Hands, L50|\n|poke|p2|Urshifu-*, L50, F|\n|poke|p2|Grimmsnarl, L50, M|\n|poke|p2|Miraidon, L50|\n|teampreview|4\n|showteam|p1|Miraidon||ChoiceSpecs|HadronEngine|ElectroDrift,DracoMeteor,VoltSwitch,DazzlingGleam||||||50|,,,,,Fairy]Ho-Oh||ClearAmulet|Regenerator|Protect,BraveBird,SacredFire,Tailwind||||||50|,,,,,Grass]Iron Hands||AssaultVest|QuarkDrive|FakeOut,DrainPunch,WildCharge,LowKick||||||50|,,,,,Water]Farigiraf||ElectricSeed|ArmorTail|FoulPlay,PsychicNoise,HelpingHand,TrickRoom|||F|||50|,,,,,Water]Grimmsnarl||LightClay|Prankster|SpiritBreak,LightScreen,Reflect,SuckerPunch|||M|||50|,,,,,Ghost]Urshifu-Rapid-Strike||MysticWater|UnseenFist|Detect,SurgingStrikes,CloseCombat,AquaJet|||M|||50|,,,,,Water\n|showteam|p2|Calyrex-Ice||ClearAmulet|AsOneGlastrier|GlacialLance,HighHorsepower,TrickRoom,Protect||||||50|,,,,,Water]Landorus||LifeOrb|SheerForce|EarthPower,SandsearStorm,SludgeBomb,Protect|||M|||50|,,,,,Water]Iron Hands||AssaultVest|QuarkDrive|LowKick,DrainPunch,IronHead,FakeOut||||||50|,,,,,Bug]Urshifu||FocusSash|UnseenFist|WickedBlow,SuckerPunch,CloseCombat,Protect|||F|||50|,,,,,Stellar]Grimmsnarl||CovertCloak|Prankster|SpiritBreak,LightScreen,Reflect,ThunderWave|||M|||50|,,,,,Steel]Miraidon||ChoiceScarf|HadronEngine|DracoMeteor,DazzlingGleam,VoltSwitch,ElectroDrift||||||50|,,,,,Electric\n|inactive|Battle timer is ON: inactive players will automatically lose when time's up. (requested by Hg125)\n|inactive|Hg125 has 60 seconds left.\n|\n|t:|1746065822\n|start\n|switch|p1a: Grimmsnarl|Grimmsnarl, L50, M, shiny|100/100\n|switch|p1b: Miraidon|Miraidon, L50|100/100\n|switch|p2a: Iron Hands|Iron Hands, L50|100/100\n|switch|p2b: Calyrex|Calyrex-Ice, L50|100/100\n|-ability|p2b: Calyrex|As One\n|-ability|p2b: Calyrex|Unnerve\n|-fieldstart|move: Electric Terrain|[from] ability: Hadron Engine|[of] p1b: Miraidon\n|-activate|p2a: Iron Hands|ability: Quark Drive\n|-start|p2a: Iron Hands|quarkdriveatk\n|turn|1\n|\n|t:|1746065847\n|switch|p1b: Iron Hands|Iron Hands, L50|100/100\n|-activate|p1b: Iron Hands|ability: Quark Drive\n|-start|p1b: Iron Hands|quarkdriveatk\n|move|p2a: Iron Hands|Fake Out|p1b: Iron Hands\n|-damage|p1b: Iron Hands|89/100\n|move|p1a: Grimmsnarl|Reflect|p1a: Grimmsnarl\n|-sidestart|p1: MolluskVGC|Reflect\n|move|p2b: Calyrex|Trick Room|p2b: Calyrex\n|-fieldstart|move: Trick Room|[of] p2b: Calyrex\n|\n|upkeep\n|turn|2\n|\n|t:|1746065865\n|-terastallize|p1b: Iron Hands|Water\n|move|p2b: Calyrex|Protect|p2b: Calyrex\n|-singleturn|p2b: Calyrex|Protect\n|move|p2a: Iron Hands|Low Kick|p1b: Iron Hands\n|-damage|p1b: Iron Hands|48/100\n|move|p1b: Iron Hands|Low Kick|p2a: Iron Hands\n|-damage|p2a: Iron Hands|43/100\n|move|p1a: Grimmsnarl|Spirit Break|p2a: Iron Hands\n|-supereffective|p2a: Iron Hands\n|-damage|p2a: Iron Hands|3/100\n|-unboost|p2a: Iron Hands|spa|1\n|\n|upkeep\n|turn|3\n|inactive|Hg125 has 30 seconds left.\n|\n|t:|1746065896\n|move|p1a: Grimmsnarl|Sucker Punch|p2a: Iron Hands\n|-resisted|p2a: Iron Hands\n|-damage|p2a: Iron Hands|0 fnt\n|faint|p2a: Iron Hands\n|-end|p2a: Iron Hands|Quark Drive|[silent]\n|move|p2b: Calyrex|High Horsepower|p1b: Iron Hands\n|-damage|p1b: Iron Hands|30/100\n|move|p1b: Iron Hands|Low Kick|p2b: Calyrex\n|-damage|p2b: Calyrex|50/100\n|\n|upkeep\n|\n|t:|1746065907\n|switch|p2a: Grimmsnarl|Grimmsnarl, L50, M|100/100\n|turn|4\n|\n|t:|1746065926\n|-end|p1b: Iron Hands|Quark Drive|[silent]\n|switch|p1b: Ho-Oh|Ho-Oh, L50|100/100\n|move|p1a: Grimmsnarl|Sucker Punch|p2b: Calyrex\n|-supereffective|p2b: Calyrex\n|-damage|p2b: Calyrex|14/100\n|move|p2b: Calyrex|High Horsepower|p1b: Ho-Oh\n|-immune|p1b: Ho-Oh\n|move|p2a: Grimmsnarl|Spirit Break|p1b: Ho-Oh\n|-resisted|p1b: Ho-Oh\n|-damage|p1b: Ho-Oh|92/100\n|\n|upkeep\n|turn|5\n|inactive|Hg125 has 30 seconds left.\n|\n|t:|1746065955\n|switch|p2b: Miraidon|Miraidon, L50|100/100\n|-activate|p2b: Miraidon|ability: Hadron Engine\n|move|p2a: Grimmsnarl|Spirit Break|p1a: Grimmsnarl\n|-supereffective|p1a: Grimmsnarl\n|-damage|p1a: Grimmsnarl|58/100\n|-unboost|p1a: Grimmsnarl|spa|1\n|move|p1a: Grimmsnarl|Spirit Break|p2a: Grimmsnarl\n|-supereffective|p2a: Grimmsnarl\n|-damage|p2a: Grimmsnarl|44/100\n|move|p1b: Ho-Oh|Sacred Fire|p2a: Grimmsnarl\n|-damage|p2a: Grimmsnarl|0 fnt\n|faint|p2a: Grimmsnarl\n|\n|-fieldend|move: Trick Room\n|-fieldend|move: Electric Terrain\n|upkeep\n|\n|t:|1746065971\n|switch|p2a: Calyrex|Calyrex-Ice, L50|14/100\n|-ability|p2a: Calyrex|As One\n|-ability|p2a: Calyrex|Unnerve\n|turn|6\n|inactive|Hg125 has 30 seconds left.\n|inactive|Hg125 has 20 seconds left.\n|inactive|Hg125 has 15 seconds left.\n|inactive|Hg125 has 10 seconds left.\n|\n|t:|1746066019\n|-terastallize|p2b: Miraidon|Electric\n|move|p1a: Grimmsnarl|Light Screen|p1a: Grimmsnarl\n|-sidestart|p1: MolluskVGC|move: Light Screen\n|move|p2b: Miraidon|Electro Drift|p1a: Grimmsnarl\n|-damage|p1a: Grimmsnarl|9/100\n|move|p1b: Ho-Oh|Brave Bird|p2a: Calyrex\n|-damage|p2a: Calyrex|0 fnt\n|faint|p2a: Calyrex\n|-damage|p1b: Ho-Oh|88/100|[from] Recoil\n|\n|upkeep\n|turn|7\n|\n|t:|1746066033\n|move|p2b: Miraidon|Electro Drift|p1b: Ho-Oh\n|-supereffective|p1b: Ho-Oh\n|-damage|p1b: Ho-Oh|13/100\n|move|p1b: Ho-Oh|Tailwind|p1b: Ho-Oh\n|-sidestart|p1: MolluskVGC|move: Tailwind\n|move|p1a: Grimmsnarl|Spirit Break|p2b: Miraidon\n|-damage|p2b: Miraidon|77/100\n|-unboost|p2b: Miraidon|spa|1\n|\n|upkeep\n|turn|8\n|\n|t:|1746066048\n|move|p1a: Grimmsnarl|Sucker Punch|p2b: Miraidon\n|-damage|p2b: Miraidon|52/100\n|move|p2b: Miraidon|Electro Drift|p1a: Grimmsnarl\n|-damage|p1a: Grimmsnarl|0 fnt\n|faint|p1a: Grimmsnarl\n|move|p1b: Ho-Oh|Sacred Fire|p2b: Miraidon\n|-damage|p2b: Miraidon|11/100\n|\n|-sideend|p1: MolluskVGC|Reflect\n|upkeep\n|\n|t:|1746066058\n|switch|p1a: Iron Hands|Iron Hands, L50, tera:Water|30/100\n|turn|9\n|-message|Hg125 forfeited.\n|\n|win|MolluskVGC\n|l|\u2606Hg125\n|player|p2|\n||Hg125 is ready for game 3.\n|inactive|MolluskVGC has 30 seconds to confirm battle start!\n|j|\u2606Hg125\n|player|p2|Hg125|1|\n|inactive|MolluskVGC has 20 seconds to confirm battle start!\n", "uploadtime": 1746066080, "views": 10, "formatid": "gen9vgc2025regibo3", "rating": null, "private": 0, "password": null}