{"id": "gen9vgc2025regibo3-2353459823", "format": "[Gen 9] VGC 2025 Reg I (Bo3)", "players": ["Fenozi", "200dollarteam"], "log": "|j|\u2606Fenozi\n|j|\u2606200dollarteam\n|html|<table width=\"100%\"><tr><td align=\"left\">Fenozi</td><td align=\"right\">200dollarteam</tr><tr><td align=\"left\"><i class=\"fa fa-circle-o\"></i> <i class=\"fa fa-circle-o\"></i> </td><td align=\"right\"><i class=\"fa fa-circle-o\"></i> <i class=\"fa fa-circle-o\"></i> </tr></table>\n|uhtml|bestof|<h2><strong>Game 1</strong> of <a href=\"/game-bestof3-gen9vgc2025regibo3-2353459822\">a best-of-3</a></h2>\n|t:|1745957916\n|gametype|doubles\n|player|p1|Fenozi|veteran|1228\n|player|p2|200dollarteam|shauntal|1324\n|teamsize|p1|6\n|teamsize|p2|6\n|gen|9\n|tier|[Gen 9] VGC 2025 Reg I (Bo3)\n|rated|\n|rule|Species Clause: Limit one of each Pok\u00e9mon\n|rule|Item Clause: Limit 1 of each item\n|clearpoke\n|poke|p1|Koraidon, L50|\n|poke|p1|Lunala, L50|\n|poke|p1|Chi-Yu, L50|\n|poke|p1|Ursaluna, L50, M|\n|poke|p1|Brute Bonnet, L50|\n|poke|p1|Flutter Mane, L50|\n|poke|p2|Zacian-*, L50|\n|poke|p2|Miraidon, L50|\n|poke|p2|Farigiraf, L50, F|\n|poke|p2|Iron Bundle, L50|\n|poke|p2|Incineroar, L50, M|\n|poke|p2|Ursaluna, L50, F|\n|teampreview|4\n|showteam|p1|Koraidon||LifeOrb|OrichalcumPulse|FlareBlitz,FlameCharge,CloseCombat,Protect||||||50|,,,,,Fire]Lunala||PowerHerb|ShadowShield|MoongeistBeam,MeteorBeam,WideGuard,TrickRoom||||||50|,,,,,Water]Chi-Yu||ChoiceScarf|BeadsofRuin|Overheat,HeatWave,DarkPulse,Snarl||||||50|,,,,,Fire]Ursaluna||FlameOrb|Guts|Facade,Earthquake,HeadlongRush,Protect|||M|||50|,,,,,Ghost]Brute Bonnet||CovertCloak|Protosynthesis|SeedBomb,SuckerPunch,Spore,RagePowder||||||50|,,,,,Water]Flutter Mane||FocusSash|Protosynthesis|Moonblast,IcyWind,PowerGem,Protect||||||50|,,,,,Normal\n|showteam|p2|Zacian-Crowned||RustedSword|IntrepidSword|behemothblade,PlayRough,TeraBlast,Protect||||||50|,,,,,Ground]Miraidon||ChoiceSpecs|HadronEngine|ElectroDrift,DracoMeteor,VoltSwitch,DazzlingGleam||||||50|,,,,,Fairy]Farigiraf||ElectricSeed|ArmorTail|Psychic,FoulPlay,HelpingHand,TrickRoom|||F|||50|,,,,,Water]Iron Bundle||FocusSash|QuarkDrive|IcyWind,FreezeDry,Encore,Protect||||||50|,,,,,Ghost]Incineroar||AssaultVest|Intimidate|KnockOff,FlareBlitz,Uturn,FakeOut|||M|||50|,,,,,Bug]Ursaluna||FlameOrb|Guts|Facade,HeadlongRush,Substitute,Protect|||F|||50|,,,,,Poison\n|inactive|Battle timer is ON: inactive players will automatically lose when time's up. (requested by 200dollarteam)\n|inactive|Fenozi also wants the timer to be on.\n|inactive|Fenozi has 60 seconds left.\n|\n|t:|1745957956\n|start\n|switch|p1a: Chi-Yu|Chi-Yu, L50|100/100\n|switch|p1b: Flutter Mane|Flutter Mane, L50|100/100\n|switch|p2a: Iron Bundle|Iron Bundle, L50|100/100\n|switch|p2b: Miraidon|Miraidon, L50|100/100\n|-ability|p1a: Chi-Yu|Beads of Ruin\n|-fieldstart|move: Electric Terrain|[from] ability: Hadron Engine|[of] p2b: Miraidon\n|-activate|p2a: Iron Bundle|ability: Quark Drive\n|-start|p2a: Iron Bundle|quarkdrivespe\n|turn|1\n|inactive|Fenozi has 30 seconds left.\n|inactive|200dollarteam has 30 seconds left.\n|inactive|Fenozi has 20 seconds left.\n|inactive|Fenozi has 15 seconds left.\n|\n|t:|1745957998\n|-terastallize|p2b: Miraidon|Fairy\n|move|p2a: Iron Bundle|Icy Wind|p1a: Chi-Yu|[spread] p1a\n|-miss|p2a: Iron Bundle|p1b: Flutter Mane\n|-resisted|p1a: Chi-Yu\n|-damage|p1a: Chi-Yu|89/100\n|-unboost|p1a: Chi-Yu|spe|1\n|move|p2b: Miraidon|Dazzling Gleam|p1a: Chi-Yu|[spread] p1a,p1b\n|-damage|p1a: Chi-Yu|21/100\n|-damage|p1b: Flutter Mane|11/100\n|move|p1b: Flutter Mane|Moonblast|p2b: Miraidon\n|-damage|p2b: Miraidon|36/100\n|move|p1a: Chi-Yu|Overheat|p2b: Miraidon\n|-damage|p2b: Miraidon|0 fnt\n|-unboost|p1a: Chi-Yu|spa|2\n|faint|p2b: Miraidon\n|\n|upkeep\n|\n|t:|1745958019\n|switch|p2b: Incineroar|Incineroar, L50, M|100/100\n|-ability|p2b: Incineroar|Intimidate|boost\n|-unboost|p1a: Chi-Yu|atk|1\n|-unboost|p1b: Flutter Mane|atk|1\n|turn|2\n|inactive|Fenozi has 30 seconds left.\n|\n|t:|1745958050\n|switch|p1a: Koraidon|Koraidon, L50|100/100\n|-weather|SunnyDay|[from] ability: Orichalcum Pulse|[of] p1a: Koraidon\n|-activate|p1b: Flutter Mane|ability: Protosynthesis\n|-start|p1b: Flutter Mane|protosynthesisspe\n|-activate|p1a: Koraidon|Orichalcum Pulse|[source]\n|move|p2a: Iron Bundle|Freeze-Dry|p1b: Flutter Mane\n|-damage|p1b: Flutter Mane|0 fnt\n|faint|p1b: Flutter Mane\n|-end|p1b: Flutter Mane|Protosynthesis|[silent]\n|move|p2b: Incineroar|U-turn|p1a: Koraidon\n|-resisted|p1a: Koraidon\n|-damage|p1a: Koraidon|91/100\n|\n|t:|1745958060\n|switch|p2b: Ursaluna|Ursaluna, L50, F|100/100|[from] U-turn\n|\n|-weather|SunnyDay|[upkeep]\n|-status|p2b: Ursaluna|brn|[from] item: Flame Orb\n|upkeep\n|\n|t:|1745958068\n|switch|p1b: Lunala|Lunala, L50|100/100\n|turn|3\n|inactive|200dollarteam has 30 seconds left.\n|inactive|200dollarteam has 20 seconds left.\n|inactive|200dollarteam has 15 seconds left.\n|inactive|200dollarteam has 10 seconds left.\n|inactive|200dollarteam has 5 seconds left.\n|\n|t:|1745958120\n|-terastallize|p1a: Koraidon|Fire\n|move|p2b: Ursaluna|Protect|p2b: Ursaluna\n|-singleturn|p2b: Ursaluna|Protect\n|move|p2a: Iron Bundle|Freeze-Dry|p1b: Lunala\n|-damage|p1b: Lunala|89/100\n|move|p1a: Koraidon|Flare Blitz|p2b: Ursaluna\n|-activate|p2b: Ursaluna|move: Protect\n|move|p1b: Lunala|Meteor Beam||[still]\n|-prepare|p1b: Lunala|Meteor Beam\n|-boost|p1b: Lunala|spa|1\n|-enditem|p1b: Lunala|Power Herb\n|-anim|p1b: Lunala|Meteor Beam|p2a: Iron Bundle\n|-supereffective|p2a: Iron Bundle\n|-enditem|p2a: Iron Bundle|Focus Sash\n|-damage|p2a: Iron Bundle|1/100\n|\n|-weather|SunnyDay|[upkeep]\n|-damage|p2b: Ursaluna|95/100 brn|[from] brn\n|upkeep\n|turn|4\n|\n|t:|1745958141\n|switch|p2b: Incineroar|Incineroar, L50, M|100/100\n|-ability|p2b: Incineroar|Intimidate|boost\n|-unboost|p1a: Koraidon|atk|1\n|-unboost|p1b: Lunala|atk|1\n|move|p2a: Iron Bundle|Encore|p1a: Koraidon\n|-start|p1a: Koraidon|Encore\n|move|p1a: Koraidon|Flare Blitz|p2b: Incineroar\n|-resisted|p2b: Incineroar\n|-damage|p2b: Incineroar|52/100\n|-damage|p1a: Koraidon|73/100|[from] Recoil\n|-damage|p1a: Koraidon|63/100|[from] item: Life Orb\n|move|p1b: Lunala|Meteor Beam||[still]\n|-prepare|p1b: Lunala|Meteor Beam\n|-boost|p1b: Lunala|spa|1\n|\n|-weather|SunnyDay|[upkeep]\n|upkeep\n|turn|5\n|\n|t:|1745958165\n|switch|p1a: Chi-Yu|Chi-Yu, L50|21/100\n|-ability|p1a: Chi-Yu|Beads of Ruin\n|move|p2a: Iron Bundle|Icy Wind|p1b: Lunala|[spread] p1a,p1b\n|-resisted|p1a: Chi-Yu\n|-damage|p1a: Chi-Yu|11/100\n|-damage|p1b: Lunala|70/100\n|-unboost|p1a: Chi-Yu|spe|1\n|-unboost|p1b: Lunala|spe|1\n|move|p1b: Lunala|Meteor Beam|p2a: Iron Bundle|[from] lockedmove\n|-supereffective|p2a: Iron Bundle\n|-damage|p2a: Iron Bundle|0 fnt\n|faint|p2a: Iron Bundle\n|-end|p2a: Iron Bundle|Quark Drive|[silent]\n|move|p2b: Incineroar|Knock Off|p1b: Lunala\n|-supereffective|p1b: Lunala\n|-damage|p1b: Lunala|0 fnt\n|faint|p1b: Lunala\n|\n|-weather|SunnyDay|[upkeep]\n|-fieldend|move: Electric Terrain\n|upkeep\n|\n|t:|1745958182\n|switch|p2a: Ursaluna|Ursaluna, L50, F|95/100 brn\n|switch|p1b: Koraidon|Koraidon, L50, tera:Fire|63/100\n|-activate|p1b: Koraidon|ability: Orichalcum Pulse\n|turn|6\n|inactive|200dollarteam has 30 seconds left.\n|\n|t:|1745958208\n|move|p1b: Koraidon|Close Combat|p2b: Incineroar\n|-supereffective|p2b: Incineroar\n|-damage|p2b: Incineroar|0 fnt\n|-unboost|p1b: Koraidon|def|1\n|-unboost|p1b: Koraidon|spd|1\n|faint|p2b: Incineroar\n|-damage|p1b: Koraidon|53/100|[from] item: Life Orb\n|move|p1a: Chi-Yu|Overheat|p2a: Ursaluna|[miss]\n|-miss|p1a: Chi-Yu|p2a: Ursaluna\n|move|p2a: Ursaluna|Facade|p1b: Koraidon\n|-damage|p1b: Koraidon|0 fnt\n|faint|p1b: Koraidon\n|\n|-weather|none\n|-damage|p2a: Ursaluna|89/100 brn|[from] brn\n|upkeep\n|turn|7\n|\n|t:|1745958227\n|move|p1a: Chi-Yu|Overheat|p2a: Ursaluna\n|-damage|p2a: Ursaluna|9/100 brn\n|-unboost|p1a: Chi-Yu|spa|2\n|move|p2a: Ursaluna|Headlong Rush|p1a: Chi-Yu\n|-supereffective|p1a: Chi-Yu\n|-damage|p1a: Chi-Yu|0 fnt\n|-unboost|p2a: Ursaluna|def|1\n|-unboost|p2a: Ursaluna|spd|1\n|faint|p1a: Chi-Yu\n|\n|win|200dollarteam\n||200dollarteam is ready for game 2.\n||Fenozi is ready for game 2.\n|uhtml|next|Next: <a href=\"/battle-gen9vgc2025regibo3-2353463275\"><strong>Game 2 of 3</strong></a>\n|l|\u2606200dollarteam\n|player|p2|\n", "uploadtime": 1745958498, "views": 18, "formatid": "gen9vgc2025regibo3", "rating": null, "private": 0, "password": null}