{"id": "gen9vgc2025regibo3-2354566126", "format": "[Gen 9] VGC 2025 Reg I (Bo3)", "players": ["DrXJ13", "rostas_mark3"], "log": "|j|\u2606DrXJ13\n|j|\u2606rostas_mark3\n|html|<table width=\"100%\"><tr><td align=\"left\">DrXJ13</td><td align=\"right\">rostas_mark3</tr><tr><td align=\"left\"><i class=\"fa fa-circle-o\"></i> <i class=\"fa fa-circle-o\"></i> </td><td align=\"right\"><i class=\"fa fa-circle-o\"></i> <i class=\"fa fa-circle\"></i> </tr></table>\n|uhtml|bestof|<h2><strong>Game 2</strong> of <a href=\"/game-bestof3-gen9vgc2025regibo3-2354564546\">a best-of-3</a></h2>\n|t:|1746095574\n|gametype|doubles\n|player|p1|DrXJ13|clair|1112\n|player|p2|rostas_mark3|101|1186\n|teamsize|p1|6\n|teamsize|p2|6\n|gen|9\n|tier|[Gen 9] VGC 2025 Reg I (Bo3)\n|rated|\n|rule|Species Clause: Limit one of each Pok\u00e9mon\n|rule|Item Clause: Limit 1 of each item\n|clearpoke\n|poke|p1|Calyrex-Shadow, L50|\n|poke|p1|Terapagos, L50, M|\n|poke|p1|Tornadus, L50, M|\n|poke|p1|Urshifu-*, L50, F|\n|poke|p1|Incineroar, L50, F|\n|poke|p1|Ogerpon-Cornerstone, L50, F|\n|poke|p2|Calyrex-Shadow, L50|\n|poke|p2|Zamazenta-*, L50|\n|poke|p2|Tornadus, L50, M|\n|poke|p2|Chien-Pao, L50|\n|poke|p2|Urshifu-*, L50, F|\n|poke|p2|Rillaboom, L50, M|\n|teampreview|4\n|showteam|p1|Calyrex-Shadow||LifeOrb|AsOneSpectrier|AstralBarrage,DrainingKiss,NastyPlot,Protect||||||50|,,,,,Fairy]Terapagos||ChoiceSpecs|TeraShift|TeraStarstorm,HyperBeam,EarthPower,IceBeam|||M|||50|,,,,,Stellar]Tornadus||CovertCloak|Prankster|Tailwind,BleakwindStorm,Taunt,RainDance|||M|||50|,,,,,Dark]Urshifu-Rapid-Strike||MysticWater|UnseenFist|SurgingStrikes,CloseCombat,AquaJet,Detect|||F|||50|,,,,,Grass]Incineroar||RockyHelmet|Intimidate|FakeOut,FlareBlitz,KnockOff,PartingShot|||F|||50|,,,,,Ghost]Ogerpon-Cornerstone||CornerstoneMask|Sturdy|IvyCudgel,WoodHammer,FollowMe,SpikyShield|||F|||50|,,,,,Rock\n|showteam|p2|Calyrex-Shadow||FocusSash|AsOneSpectrier|AstralBarrage,Psychic,Encore,Protect||||||50|,,,,,Dark]Zamazenta-Crowned||RustedShield|DauntlessShield|BodyPress,HeavySlam,WideGuard,Protect||||||50|,,,,,Ghost]Tornadus||RockyHelmet|Prankster|Tailwind,BleakwindStorm,RainDance,Taunt|||M|||50|,,,,,Dark]Chien-Pao||LifeOrb|SwordofRuin|IceSpinner,SuckerPunch,Crunch,Protect||||||50|,,,,,Stellar]Urshifu-Rapid-Strike||MysticWater|UnseenFist|SurgingStrikes,AquaJet,CloseCombat,Detect|||F|||50|,,,,,Water]Rillaboom||AssaultVest|GrassySurge|WoodHammer,GrassyGlide,Uturn,FakeOut|||M|||50|,,,,,Fire\n|inactive|Battle timer is ON: inactive players will automatically lose when time's up. (requested by DrXJ13)\n|inactive|rostas_mark3 also wants the timer to be on.\n|inactive|DrXJ13 has 60 seconds left.\n|inactive|rostas_mark3 has 60 seconds left.\n|\n|t:|1746095616\n|start\n|switch|p1a: Bragulat|Calyrex-Shadow, L50|100/100\n|switch|p1b: Maximiliano|Tornadus, L50, M|100/100\n|switch|p2a: Chien-Pao|Chien-Pao, L50|100/100\n|switch|p2b: Urshifu|Urshifu-Rapid-Strike, L50, F|100/100\n|-ability|p1a: Bragulat|As One\n|-ability|p1a: Bragulat|Unnerve\n|-ability|p2a: Chien-Pao|Sword of Ruin\n|turn|1\n|inactive|rostas_mark3 has 30 seconds left.\n|inactive|rostas_mark3 has 20 seconds left.\n|\n|t:|1746095654\n|switch|p1b: Napolitana|Incineroar, L50, F|100/100\n|-ability|p1b: Napolitana|Intimidate|boost\n|-unboost|p2a: Chien-Pao|atk|1\n|-unboost|p2b: Urshifu|atk|1\n|-terastallize|p1a: Bragulat|Fairy\n|-terastallize|p2a: Chien-Pao|Stellar\n|move|p1a: Bragulat|Astral Barrage|p2b: Urshifu|[spread] p2a,p2b\n|-resisted|p2a: Chien-Pao\n|-damage|p2a: Chien-Pao|44/100\n|-damage|p2b: Urshifu|9/100\n|-damage|p1a: Bragulat|91/100|[from] item: Life Orb\n|move|p2a: Chien-Pao|Ice Spinner|p1a: Bragulat\n|-damage|p1a: Bragulat|30/100\n|-damage|p2a: Chien-Pao|35/100|[from] item: Life Orb\n|move|p2b: Urshifu|Surging Strikes|p1b: Napolitana\n|-supereffective|p1b: Napolitana\n|-crit|p1b: Napolitana\n|-damage|p1b: Napolitana|43/100\n|-damage|p2b: Urshifu|0 fnt|[from] item: Rocky Helmet|[of] p1b: Napolitana\n|faint|p2b: Urshifu\n|-hitcount|p1b: Napolitana|1\n|\n|upkeep\n|\n|t:|1746095675\n|switch|p2b: Calyrex|Calyrex-Shadow, L50|100/100\n|-ability|p2b: Calyrex|As One\n|-ability|p2b: Calyrex|Unnerve\n|turn|2\n|\n|t:|1746095689\n|move|p2b: Calyrex|Protect|p2b: Calyrex\n|-singleturn|p2b: Calyrex|Protect\n|move|p1a: Bragulat|Protect|p1a: Bragulat\n|-singleturn|p1a: Bragulat|Protect\n|move|p2a: Chien-Pao|Protect|p2a: Chien-Pao\n|-singleturn|p2a: Chien-Pao|Protect\n|move|p1b: Napolitana|Parting Shot|p2b: Calyrex\n|-activate|p2b: Calyrex|move: Protect\n|\n|upkeep\n|turn|3\n|\n|t:|1746095714\n|switch|p1a: Sigmashio|Urshifu-Rapid-Strike, L50, F|100/100\n|move|p2a: Chien-Pao|Sucker Punch||[still]\n|-fail|p2a: Chien-Pao\n|move|p2b: Calyrex|Astral Barrage|p1a: Sigmashio|[spread] p1a,p1b\n|-resisted|p1b: Napolitana\n|-damage|p1a: Sigmashio|39/100\n|-damage|p1b: Napolitana|22/100\n|move|p1b: Napolitana|Parting Shot|p2b: Calyrex\n|-unboost|p2b: Calyrex|atk|1\n|-unboost|p2b: Calyrex|spa|1\n|\n|t:|1746095717\n|switch|p1b: Maximiliano|Tornadus, L50, M|100/100|[from] Parting Shot\n|\n|upkeep\n|turn|4\n|\n|t:|1746095736\n|move|p1b: Maximiliano|Tailwind|p1b: Maximiliano\n|-sidestart|p1: DrXJ13|move: Tailwind\n|move|p1a: Sigmashio|Surging Strikes|p2b: Calyrex\n|-crit|p2b: Calyrex\n|-damage|p2b: Calyrex|65/100\n|-crit|p2b: Calyrex\n|-damage|p2b: Calyrex|32/100\n|-crit|p2b: Calyrex\n|-damage|p2b: Calyrex|0 fnt\n|faint|p2b: Calyrex\n|-hitcount|p2: Calyrex|3\n|move|p2a: Chien-Pao|Ice Spinner|p1b: Maximiliano\n|-supereffective|p1b: Maximiliano\n|-damage|p1b: Maximiliano|0 fnt\n|faint|p1b: Maximiliano\n|-damage|p2a: Chien-Pao|25/100|[from] item: Life Orb\n|\n|upkeep\n|\n|t:|1746095743\n|switch|p2b: Tornadus|Tornadus, L50, M|100/100\n|switch|p1b: Napolitana|Incineroar, L50, F|22/100\n|-ability|p1b: Napolitana|Intimidate|boost\n|-unboost|p2a: Chien-Pao|atk|1\n|-unboost|p2b: Tornadus|atk|1\n|turn|5\n|\n|t:|1746095765\n|move|p1b: Napolitana|Fake Out|p2a: Chien-Pao\n|-damage|p2a: Chien-Pao|11/100\n|move|p1a: Sigmashio|Surging Strikes|p2a: Chien-Pao\n|-crit|p2a: Chien-Pao\n|-damage|p2a: Chien-Pao|0 fnt\n|faint|p2a: Chien-Pao\n|-hitcount|p2: Chien-Pao|1\n|move|p2b: Tornadus|Bleakwind Storm|p1a: Sigmashio|[spread] p1a,p1b\n|-supereffective|p1a: Sigmashio\n|-damage|p1a: Sigmashio|0 fnt\n|-damage|p1b: Napolitana|0 fnt\n|faint|p1a: Sigmashio\n|faint|p1b: Napolitana\n|\n|upkeep\n|\n|t:|1746095771\n|switch|p1b: Bragulat|Calyrex-Shadow, L50, tera:Fairy|30/100\n|-ability|p1b: Bragulat|As One\n|-ability|p1b: Bragulat|Unnerve\n|turn|6\n|\n|t:|1746095777\n|move|p1b: Bragulat|Draining Kiss|p2b: Tornadus\n|-damage|p2b: Tornadus|51/100\n|-heal|p1b: Bragulat|62/100|[from] drain|[of] p2b: Tornadus\n|-damage|p1b: Bragulat|46/100|[from] item: Rocky Helmet|[of] p2b: Tornadus\n|-damage|p1b: Bragulat|36/100|[from] item: Life Orb\n|move|p2b: Tornadus|Bleakwind Storm|p1b: Bragulat\n|-damage|p1b: Bragulat|0 fnt\n|faint|p1b: Bragulat\n|\n|win|rostas_mark3\n|raw|DrXJ13's rating: 1112 &rarr; <strong>1092</strong><br />(-20 for losing)\n|raw|rostas_mark3's rating: 1186 &rarr; <strong>1206</strong><br />(+20 for winning)\n|l|\u2606DrXJ13\n|player|p1|\n", "uploadtime": 1746095803, "views": 12, "formatid": "gen9vgc2025regibo3", "rating": 1092, "private": 0, "password": null}