{"id": "gen9vgc2025regibo3-2353929201", "format": "[Gen 9] VGC 2025 Reg I (Bo3)", "players": ["clearmomdotcom", "We_Love_The_Gong"], "log": "|j|\u2606clearmomdotcom\n|j|\u2606We_Love_The_Gong\n|html|<table width=\"100%\"><tr><td align=\"left\">clearmomdotcom</td><td align=\"right\">We_Love_The_Gong</tr><tr><td align=\"left\"><i class=\"fa fa-circle-o\"></i> <i class=\"fa fa-circle-o\"></i> </td><td align=\"right\"><i class=\"fa fa-circle-o\"></i> <i class=\"fa fa-circle-o\"></i> </tr></table>\n|uhtml|bestof|<h2><strong>Game 1</strong> of <a href=\"/game-bestof3-gen9vgc2025regibo3-2353929200\">a best-of-3</a></h2>\n|t:|1746019851\n|gametype|doubles\n|player|p1|clearmomdotcom|waitress|1428\n|player|p2|We_Love_The_Gong|fantina|1311\n|teamsize|p1|6\n|teamsize|p2|6\n|gen|9\n|tier|[Gen 9] VGC 2025 Reg I (Bo3)\n|rated|\n|rule|Species Clause: Limit one of each Pok\u00e9mon\n|rule|Item Clause: Limit 1 of each item\n|clearpoke\n|poke|p1|Zamazenta-*, L50|\n|poke|p1|Urshifu-*, L50, F|\n|poke|p1|Chien-Pao, L50|\n|poke|p1|Dragonite, L50, F|\n|poke|p1|Rillaboom, L50, M|\n|poke|p1|Giratina-Origin, L50|\n|poke|p2|Miraidon, L50|\n|poke|p2|Ho-Oh, L50|\n|poke|p2|Farigiraf, L50, F|\n|poke|p2|Iron Hands, L50|\n|poke|p2|Iron Valiant, L50|\n|poke|p2|Ursaluna, L50, F|\n|teampreview|4\n|showteam|p1|Zamazenta-Crowned||RustedShield|DauntlessShield|BodyPress,HeavySlam,WideGuard,Protect||||||50|,,,,,Ghost]Urshifu-Rapid-Strike||ChoiceScarf|UnseenFist|SurgingStrikes,CloseCombat,Uturn,AquaJet|||F|||50|,,,,,Water]Chien-Pao||FocusSash|SwordofRuin|IcicleCrash,Crunch,SuckerPunch,Protect||||||50|,,,,,Ghost]Dragonite||ChoiceBand|InnerFocus|ExtremeSpeed,Outrage,AerialAce,StompingTantrum|||F|||50|,,,,,Normal]Rillaboom||AssaultVest|GrassySurge|FakeOut,GrassyGlide,WoodHammer,Uturn|||M|||50|,,,,,Water]Giratina-Origin||GriseousCore|Levitate|ShadowSneak,DracoMeteor,Poltergeist,Protect||||||50|,,,,,Steel\n|showteam|p2|Miraidon||LifeOrb|HadronEngine|ElectroDrift,VoltSwitch,DracoMeteor,Protect||||||50|,,,,,Electric]Ho-Oh||ClearAmulet|Regenerator|SacredFire,BraveBird,Tailwind,Protect||||||50|,,,,,Grass]Farigiraf||ElectricSeed|ArmorTail|Psychic,FoulPlay,HelpingHand,TrickRoom|||F|||50|,,,,,Water]Iron Hands||AssaultVest|QuarkDrive|FakeOut,WildCharge,VoltSwitch,DrainPunch||||||50|,,,,,Bug]Iron Valiant||FocusSash|QuarkDrive|Moonblast,WideGuard,Disable,Protect||||||50|,,,,,Steel]Ursaluna||FlameOrb|Guts|Facade,HeadlongRush,Earthquake,Protect|||F|||50|,,,,,Ghost\n|\n|t:|1746019892\n|start\n|switch|p1a: Chien-Pao|Chien-Pao, L50|100/100\n|switch|p1b: Zamazenta|Zamazenta-Crowned, L50|100/100\n|switch|p2a: Ho-Oh|Ho-Oh, L50|100/100\n|switch|p2b: Iron Hands|Iron Hands, L50|100/100\n|-ability|p1a: Chien-Pao|Sword of Ruin\n|-ability|p1b: Zamazenta|Dauntless Shield|boost\n|-boost|p1b: Zamazenta|def|1\n|turn|1\n|inactive|Battle timer is ON: inactive players will automatically lose when time's up. (requested by clearmomdotcom)\n|\n|t:|1746019919\n|switch|p1b: Giratina|Giratina-Origin, L50|100/100\n|move|p1a: Chien-Pao|Icicle Crash|p2a: Ho-Oh\n|-damage|p2a: Ho-Oh|56/100\n|cant|p2a: Ho-Oh|flinch\n|move|p2b: Iron Hands|Volt Switch|p1a: Chien-Pao\n|-damage|p1a: Chien-Pao|77/100\n|\n|t:|1746019942\n|-end|p2b: Iron Hands|Quark Drive|[silent]\n|switch|p2b: Miraidon|Miraidon, L50|100/100|[from] Volt Switch\n|-fieldstart|move: Electric Terrain|[from] ability: Hadron Engine|[of] p2b: Miraidon\n|\n|upkeep\n|turn|2\n|inactive|clearmomdotcom has 30 seconds left.\n|\n|t:|1746019968\n|switch|p1a: Rillaboom|Rillaboom, L50, M|100/100\n|-fieldstart|move: Grassy Terrain|[from] ability: Grassy Surge|[of] p1a: Rillaboom\n|move|p2b: Miraidon|Protect|p2b: Miraidon\n|-singleturn|p2b: Miraidon|Protect\n|move|p2a: Ho-Oh|Sacred Fire|p1a: Rillaboom\n|-supereffective|p1a: Rillaboom\n|-damage|p1a: Rillaboom|7/100\n|-status|p1a: Rillaboom|brn\n|move|p1b: Giratina|Poltergeist|p2a: Ho-Oh\n|-activate|p2a: Ho-Oh|move: Poltergeist|Clear Amulet\n|-damage|p2a: Ho-Oh|1/100\n|\n|-heal|p1a: Rillaboom|13/100 brn|[from] Grassy Terrain\n|-damage|p1a: Rillaboom|7/100 brn|[from] brn\n|upkeep\n|turn|3\n|inactive|clearmomdotcom has 30 seconds left.\n|inactive|We_Love_The_Gong has 30 seconds left.\n|inactive|clearmomdotcom has 20 seconds left.\n|inactive|clearmomdotcom has 15 seconds left.\n|\n|t:|1746020012\n|switch|p2a: Farigiraf|Farigiraf, L50, F|100/100\n|switch|p1a: Chien-Pao|Chien-Pao, L50|77/100\n|-ability|p1a: Chien-Pao|Sword of Ruin\n|-terastallize|p1b: Giratina|Steel\n|move|p2b: Miraidon|Volt Switch|p1b: Giratina\n|-damage|p1b: Giratina|69/100\n|-damage|p2b: Miraidon|91/100|[from] item: Life Orb\n|\n|t:|1746020027\n|switch|p2b: Iron Hands|Iron Hands, L50|100/100|[from] Volt Switch\n|move|p1b: Giratina|Poltergeist|p2b: Iron Hands\n|-activate|p2b: Iron Hands|move: Poltergeist|Assault Vest\n|-damage|p2b: Iron Hands|40/100\n|\n|-heal|p1a: Chien-Pao|83/100|[from] Grassy Terrain\n|-heal|p2b: Iron Hands|46/100|[from] Grassy Terrain\n|upkeep\n|turn|4\n|inactive|clearmomdotcom has 30 seconds left.\n|inactive|We_Love_The_Gong has 30 seconds left.\n|\n|t:|1746020062\n|switch|p1b: Zamazenta|Zamazenta-Crowned, L50|100/100\n|switch|p2a: Ho-Oh|Ho-Oh, L50|34/100\n|move|p2b: Iron Hands|Fake Out|p1a: Chien-Pao\n|-damage|p1a: Chien-Pao|61/100\n|cant|p1a: Chien-Pao|flinch\n|\n|-heal|p1a: Chien-Pao|67/100|[from] Grassy Terrain\n|-heal|p2b: Iron Hands|52/100|[from] Grassy Terrain\n|upkeep\n|turn|5\n|\n|t:|1746020079\n|move|p2a: Ho-Oh|Protect|p2a: Ho-Oh\n|-singleturn|p2a: Ho-Oh|Protect\n|move|p1a: Chien-Pao|Icicle Crash|p2a: Ho-Oh\n|-activate|p2a: Ho-Oh|move: Protect\n|move|p1b: Zamazenta|Body Press|p2b: Iron Hands\n|-damage|p2b: Iron Hands|6/100\n|move|p2b: Iron Hands|Drain Punch|p1a: Chien-Pao\n|-supereffective|p1a: Chien-Pao\n|-damage|p1a: Chien-Pao|0 fnt\n|-heal|p2b: Iron Hands|29/100|[from] drain|[of] p1a: Chien-Pao\n|faint|p1a: Chien-Pao\n|\n|-heal|p2b: Iron Hands|35/100|[from] Grassy Terrain\n|upkeep\n|\n|t:|1746020089\n|switch|p1a: Giratina|Giratina-Origin, L50, tera:Steel|69/100\n|turn|6\n|\n|t:|1746020110\n|switch|p2a: Farigiraf|Farigiraf, L50, F|100/100\n|-terastallize|p2b: Iron Hands|Bug\n|move|p1b: Zamazenta|Body Press|p2b: Iron Hands\n|-resisted|p2b: Iron Hands\n|-damage|p2b: Iron Hands|18/100\n|move|p1a: Giratina|Poltergeist|p2a: Farigiraf\n|-immune|p2a: Farigiraf\n|move|p2b: Iron Hands|Drain Punch|p1a: Giratina\n|-supereffective|p1a: Giratina\n|-damage|p1a: Giratina|11/100\n|-heal|p2b: Iron Hands|48/100|[from] drain|[of] p1a: Giratina\n|\n|-heal|p2b: Iron Hands|54/100|[from] Grassy Terrain\n|-fieldend|move: Grassy Terrain\n|upkeep\n|turn|7\n|inactive|We_Love_The_Gong has 30 seconds left.\n|inactive|We_Love_The_Gong has 20 seconds left.\n|inactive|We_Love_The_Gong has 15 seconds left.\n|\n|t:|1746020154\n|switch|p2a: Ho-Oh|Ho-Oh, L50|68/100\n|move|p1b: Zamazenta|Heavy Slam|p2b: Iron Hands\n|-damage|p2b: Iron Hands|37/100\n|move|p1a: Giratina|Draco Meteor|p2b: Iron Hands|[miss]\n|-miss|p1a: Giratina|p2b: Iron Hands\n|move|p2b: Iron Hands|Volt Switch|p1a: Giratina\n|-damage|p1a: Giratina|3/100\n|\n|t:|1746020165\n|-end|p2b: Iron Hands|Quark Drive|[silent]\n|switch|p2b: Miraidon|Miraidon, L50|91/100|[from] Volt Switch\n|-fieldstart|move: Electric Terrain|[from] ability: Hadron Engine|[of] p2b: Miraidon\n|\n|upkeep\n|turn|8\n|-message|clearmomdotcom forfeited.\n|\n|win|We_Love_The_Gong\n|l|\u2606clearmomdotcom\n|player|p1|\n||We_Love_The_Gong is ready for game 2.\n||clearmomdotcom is ready for game 2.\n|uhtml|next|Next: <a href=\"/battle-gen9vgc2025regibo3-2353932394\"><strong>Game 2 of 3</strong></a>\n", "uploadtime": 1746020469, "views": 6, "formatid": "gen9vgc2025regibo3", "rating": null, "private": 0, "password": null}