{"id": "gen9vgc2025regibo3-2355136810", "format": "[Gen 9] VGC 2025 Reg I (Bo3)", "players": ["samarazenta", "ComfyTurty"], "log": "|j|\u2606samarazenta\n|j|\u2606ComfyTurty\n|html|<table width=\"100%\"><tr><td align=\"left\">samarazenta</td><td align=\"right\">ComfyTurty</tr><tr><td align=\"left\"><i class=\"fa fa-circle-o\"></i> <i class=\"fa fa-circle-o\"></i> </td><td align=\"right\"><i class=\"fa fa-circle-o\"></i> <i class=\"fa fa-circle-o\"></i> </tr></table>\n|uhtml|bestof|<h2><strong>Game 1</strong> of <a href=\"/game-bestof3-gen9vgc2025regibo3-2355136809\">a best-of-3</a></h2>\n|t:|1746157204\n|gametype|doubles\n|player|p1|samarazenta|102|1115\n|player|p2|ComfyTurty|pokemonbreeder-gen4|1000\n|teamsize|p1|6\n|teamsize|p2|6\n|gen|9\n|tier|[Gen 9] VGC 2025 Reg I (Bo3)\n|rated|\n|rule|Species Clause: Limit one of each Pok\u00e9mon\n|rule|Item Clause: Limit 1 of each item\n|clearpoke\n|poke|p1|Calyrex-Shadow, L50|\n|poke|p1|Raging Bolt, L50|\n|poke|p1|Incineroar, L50, F|\n|poke|p1|Rillaboom, L50, F|\n|poke|p1|Tornadus, L50, M|\n|poke|p1|Koraidon, L50|\n|poke|p2|Koraidon, L50|\n|poke|p2|Terapagos, L50, M|\n|poke|p2|Incineroar, L50, F|\n|poke|p2|Rillaboom, L50, F|\n|poke|p2|Ogerpon-Cornerstone, L50, F|\n|poke|p2|Flutter Mane, L50|\n|teampreview|4\n|showteam|p1|Calyrex-Shadow||FocusSash|AsOneSpectrier|AstralBarrage,Psychic,NastyPlot,Protect||||||50|,,,,,Ghost]Raging Bolt||BoosterEnergy|Protosynthesis|Thunderbolt,Thunderclap,DragonPulse,Protect||||||50|,,,,,Fairy]Incineroar||SafetyGoggles|Intimidate|FakeOut,PartingShot,KnockOff,Taunt|||F|||50|,,,,,Water]Rillaboom||AssaultVest|GrassySurge|FakeOut,Uturn,WoodHammer,GrassyGlide|||F|||50|,,,,,Water]Tornadus||CovertCloak|Prankster|Tailwind,SunnyDay,BleakwindStorm,Protect|||M|||50|,,,,,Dark]Koraidon||LifeOrb|OrichalcumPulse|FlameCharge,FlareBlitz,CloseCombat,Protect||||||50|,,,,,Fire\n|showteam|p2|Koraidon||LifeOrb|OrichalcumPulse|CloseCombat,FlareBlitz,FlameCharge,Protect||||||50|,,,,,Fire]Terapagos||Leftovers|TeraShift|TeraStarstorm,EarthPower,CalmMind,Protect|||M|||50|,,,,,Stellar]Incineroar||RockyHelmet|Intimidate|FakeOut,KnockOff,WillOWisp,PartingShot|||F|||50|,,,,,Bug]Rillaboom||AssaultVest|GrassySurge|WoodHammer,GrassyGlide,Uturn,FakeOut|||F|||50|,,,,,Water]Ogerpon-Cornerstone||CornerstoneMask|Sturdy|IvyCudgel,PowerWhip,FollowMe,SpikyShield|||F|||50|,,,,,Rock]Flutter Mane||FocusSash|Protosynthesis|Moonblast,ShadowBall,IcyWind,Protect||||||50|,,,,,Normal\n|inactive|Battle timer is ON: inactive players will automatically lose when time's up. (requested by ComfyTurty)\n|inactive|samarazenta has 60 seconds left.\n|inactive|ComfyTurty has 60 seconds left.\n|inactive|ComfyTurty has 30 seconds left.\n|inactive|ComfyTurty has 20 seconds left.\n|\n|t:|1746157279\n|start\n|switch|p1a: Raging Bolt|Raging Bolt, L50|100/100\n|switch|p1b: Koraidon|Koraidon, L50|100/100\n|switch|p2a: Koraidon|Koraidon, L50|100/100\n|switch|p2b: Flutter Mane|Flutter Mane, L50|100/100\n|-weather|SunnyDay|[from] ability: Orichalcum Pulse|[of] p2a: Koraidon\n|-activate|p2b: Flutter Mane|ability: Protosynthesis\n|-start|p2b: Flutter Mane|protosynthesisspe\n|-activate|p1a: Raging Bolt|ability: Protosynthesis\n|-start|p1a: Raging Bolt|protosynthesisspa\n|-activate|p2a: Koraidon|Orichalcum Pulse|[source]\n|-activate|p1b: Koraidon|ability: Orichalcum Pulse\n|turn|1\n|inactive|ComfyTurty has 30 seconds left.\n|inactive|ComfyTurty has 20 seconds left.\n|inactive|ComfyTurty has 15 seconds left.\n|inactive|ComfyTurty has 10 seconds left.\n|inactive|ComfyTurty has 5 seconds left.\n|\n|t:|1746157330\n|-terastallize|p1b: Koraidon|Fire\n|move|p1a: Raging Bolt|Protect|p1a: Raging Bolt\n|-singleturn|p1a: Raging Bolt|Protect\n|move|p2b: Flutter Mane|Icy Wind|p1a: Raging Bolt|[spread] p1b\n|-activate|p1a: Raging Bolt|move: Protect\n|-resisted|p1b: Koraidon\n|-crit|p1b: Koraidon\n|-damage|p1b: Koraidon|91/100\n|-unboost|p1b: Koraidon|spe|1\n|move|p2a: Koraidon|Close Combat|p1b: Koraidon\n|-damage|p1b: Koraidon|0 fnt\n|-unboost|p2a: Koraidon|def|1\n|-unboost|p2a: Koraidon|spd|1\n|faint|p1b: Koraidon\n|-damage|p2a: Koraidon|91/100|[from] item: Life Orb\n|\n|-weather|SunnyDay|[upkeep]\n|upkeep\n|\n|t:|1746157342\n|switch|p1b: Tornadus|Tornadus, L50, M|100/100\n|turn|2\n|\n|t:|1746157362\n|move|p2a: Koraidon|Protect|p2a: Koraidon\n|-singleturn|p2a: Koraidon|Protect\n|move|p1b: Tornadus|Tailwind|p1b: Tornadus\n|-sidestart|p1: samarazenta|move: Tailwind\n|move|p2b: Flutter Mane|Moonblast|p1a: Raging Bolt\n|-supereffective|p1a: Raging Bolt\n|-damage|p1a: Raging Bolt|17/100\n|move|p1a: Raging Bolt|Thunderbolt|p2b: Flutter Mane\n|-damage|p2b: Flutter Mane|34/100\n|-status|p2b: Flutter Mane|par\n|\n|-weather|SunnyDay|[upkeep]\n|upkeep\n|turn|3\n|inactive|ComfyTurty has 30 seconds left.\n|inactive|ComfyTurty has 20 seconds left.\n|\n|t:|1746157400\n|switch|p2a: Terapagos|Terapagos, L50, M|100/100\n|-activate|p2a: Terapagos|ability: Tera Shift\n|detailschange|p2a: Terapagos|Terapagos-Terastal, L50, M\n|-heal|p2a: Terapagos|100/100|[silent]\n|move|p1b: Tornadus|Bleakwind Storm|p2a: Terapagos|[spread] p2a,p2b\n|-activate|p2a: Terapagos|ability: Tera Shell\n|-resisted|p2a: Terapagos\n|-damage|p2a: Terapagos|85/100\n|-damage|p2b: Flutter Mane|0 fnt\n|-unboost|p2a: Terapagos|spe|1\n|faint|p2b: Flutter Mane\n|-end|p2b: Flutter Mane|Protosynthesis|[silent]\n|move|p1a: Raging Bolt|Dragon Pulse|p2a: Terapagos\n|-damage|p2a: Terapagos|34/100\n|\n|-weather|SunnyDay|[upkeep]\n|-heal|p2a: Terapagos|41/100|[from] item: Leftovers\n|upkeep\n|\n|t:|1746157422\n|switch|p2b: Ogerpon|Ogerpon-Cornerstone, L50, F|100/100\n|turn|4\n|\n|t:|1746157439\n|move|p2a: Terapagos|Protect|p2a: Terapagos\n|-singleturn|p2a: Terapagos|Protect\n|move|p1b: Tornadus|Bleakwind Storm|p2b: Ogerpon|[spread] p2b\n|-activate|p2a: Terapagos|move: Protect\n|-damage|p2b: Ogerpon|58/100\n|move|p1a: Raging Bolt|Dragon Pulse|p2b: Ogerpon\n|-damage|p2b: Ogerpon|0 fnt\n|faint|p2b: Ogerpon\n|\n|-weather|SunnyDay|[upkeep]\n|-heal|p2a: Terapagos|47/100|[from] item: Leftovers\n|upkeep\n|\n|t:|1746157448\n|switch|p2b: Koraidon|Koraidon, L50|91/100\n|-activate|p2b: Koraidon|ability: Orichalcum Pulse\n|turn|5\n|inactive|ComfyTurty has 30 seconds left.\n|inactive|ComfyTurty has 20 seconds left.\n|\n|t:|1746157486\n|-terastallize|p2a: Terapagos|Stellar\n|detailschange|p2a: Terapagos|Terapagos-Stellar, L50, M, tera:Stellar\n|-heal|p2a: Terapagos|60/100|[silent]\n|-ability|p2a: Terapagos|Teraform Zero\n|-weather|none\n|-end|p1a: Raging Bolt|Protosynthesis\n|-enditem|p1a: Raging Bolt|Booster Energy\n|-activate|p1a: Raging Bolt|ability: Protosynthesis|[fromitem]\n|-start|p1a: Raging Bolt|protosynthesisspa\n|move|p1b: Tornadus|Protect|p1b: Tornadus\n|-singleturn|p1b: Tornadus|Protect\n|move|p2b: Koraidon|Protect|p2b: Koraidon\n|-singleturn|p2b: Koraidon|Protect\n|move|p1a: Raging Bolt|Protect|p1a: Raging Bolt\n|-singleturn|p1a: Raging Bolt|Protect\n|move|p2a: Terapagos|Tera Starstorm|p1b: Tornadus|[spread] \n|-activate|p1a: Raging Bolt|move: Protect\n|-activate|p1b: Tornadus|move: Protect\n|\n|-heal|p2a: Terapagos|67/100|[from] item: Leftovers\n|-sideend|p1: samarazenta|move: Tailwind\n|upkeep\n|turn|6\n|inactive|samarazenta has 30 seconds left.\n|inactive|ComfyTurty has 30 seconds left.\n|inactive|ComfyTurty has 20 seconds left.\n|inactive|ComfyTurty has 15 seconds left.\n|inactive|ComfyTurty has 10 seconds left.\n|\n|t:|1746157536\n|move|p1b: Tornadus|Tailwind|p1b: Tornadus\n|-sidestart|p1: samarazenta|move: Tailwind\n|move|p2b: Koraidon|Flare Blitz|p1b: Tornadus\n|-damage|p1b: Tornadus|42/100\n|-damage|p2b: Koraidon|72/100|[from] Recoil\n|-damage|p2b: Koraidon|62/100|[from] item: Life Orb\n|move|p1a: Raging Bolt|Dragon Pulse|p2b: Koraidon\n|-supereffective|p2b: Koraidon\n|-damage|p2b: Koraidon|0 fnt\n|faint|p2b: Koraidon\n|move|p2a: Terapagos|Tera Starstorm|p1a: Raging Bolt|[spread] p1a,p1b\n|-damage|p1a: Raging Bolt|0 fnt\n|-damage|p1b: Tornadus|3/100\n|faint|p1a: Raging Bolt\n|-end|p1a: Raging Bolt|Protosynthesis|[silent]\n|\n|-heal|p2a: Terapagos|73/100|[from] item: Leftovers\n|upkeep\n|\n|t:|1746157543\n|switch|p1a: Calyrex|Calyrex-Shadow, L50|100/100\n|-ability|p1a: Calyrex|As One\n|-ability|p1a: Calyrex|Unnerve\n|turn|7\n|inactive|ComfyTurty has 30 seconds left.\n|\n|t:|1746157571\n|move|p1a: Calyrex|Nasty Plot|p1a: Calyrex\n|-boost|p1a: Calyrex|spa|2\n|move|p1b: Tornadus|Bleakwind Storm|p2a: Terapagos\n|-damage|p2a: Terapagos|44/100\n|move|p2a: Terapagos|Calm Mind|p2a: Terapagos\n|-boost|p2a: Terapagos|spa|1\n|-boost|p2a: Terapagos|spd|1\n|\n|-heal|p2a: Terapagos|50/100|[from] item: Leftovers\n|upkeep\n|turn|8\n|\n|t:|1746157594\n|move|p1a: Calyrex|Nasty Plot|p1a: Calyrex\n|-boost|p1a: Calyrex|spa|2\n|move|p1b: Tornadus|Bleakwind Storm|p2a: Terapagos\n|-damage|p2a: Terapagos|29/100\n|move|p2a: Terapagos|Tera Starstorm|p1b: Tornadus|[spread] p1a,p1b\n|-damage|p1a: Calyrex|50/100\n|-damage|p1b: Tornadus|0 fnt\n|faint|p1b: Tornadus\n|\n|-heal|p2a: Terapagos|35/100|[from] item: Leftovers\n|upkeep\n|turn|9\n|\n|t:|1746157616\n|move|p2a: Terapagos|Protect|p2a: Terapagos\n|-singleturn|p2a: Terapagos|Protect\n|move|p1a: Calyrex|Psychic|p2a: Terapagos\n|-activate|p2a: Terapagos|move: Protect\n|\n|-heal|p2a: Terapagos|41/100|[from] item: Leftovers\n|-sideend|p1: samarazenta|move: Tailwind\n|upkeep\n|turn|10\n|\n|t:|1746157625\n|move|p1a: Calyrex|Psychic|p2a: Terapagos\n|-damage|p2a: Terapagos|0 fnt\n|faint|p2a: Terapagos\n|\n|win|samarazenta\n", "uploadtime": 1746157628, "views": 5, "formatid": "gen9vgc2025regibo3", "rating": null, "private": 0, "password": null}