{"id": "gen9vgc2025regibo3-2354424434", "format": "[Gen 9] VGC 2025 Reg I (Bo3)", "players": ["Hg125", "eMburst"], "log": "|j|\u2606Hg125\n|j|\u2606eMburst\n|html|<table width=\"100%\"><tr><td align=\"left\">Hg125</td><td align=\"right\">eMburst</tr><tr><td align=\"left\"><i class=\"fa fa-circle-o\"></i> <i class=\"fa fa-circle-o\"></i> </td><td align=\"right\"><i class=\"fa fa-circle-o\"></i> <i class=\"fa fa-circle-o\"></i> </tr></table>\n|uhtml|bestof|<h2><strong>Game 1</strong> of <a href=\"/game-bestof3-gen9vgc2025regibo3-2354424433\">a best-of-3</a></h2>\n|t:|1746069794\n|gametype|doubles\n|player|p1|Hg125|1|\n|player|p2|eMburst|170|\n|teamsize|p1|6\n|teamsize|p2|6\n|gen|9\n|tier|[Gen 9] VGC 2025 Reg I (Bo3)\n|rule|Species Clause: Limit one of each Pok\u00e9mon\n|rule|Item Clause: Limit 1 of each item\n|clearpoke\n|poke|p1|Calyrex-Ice, L50|\n|poke|p1|Landorus, L50, M|\n|poke|p1|Iron Hands, L50|\n|poke|p1|Urshifu-*, L50, F|\n|poke|p1|Grimmsnarl, L50, M|\n|poke|p1|Miraidon, L50|\n|poke|p2|Miraidon, L50|\n|poke|p2|Lunala, L50|\n|poke|p2|Whimsicott, L50, M|\n|poke|p2|Chi-Yu, L50|\n|poke|p2|Urshifu-*, L50, F|\n|poke|p2|Iron Hands, L50|\n|teampreview|4\n|showteam|p1|Calyrex-Ice||ClearAmulet|AsOneGlastrier|GlacialLance,HighHorsepower,TrickRoom,Protect||||||50|,,,,,Water]Landorus||LifeOrb|SheerForce|EarthPower,SandsearStorm,SludgeBomb,Protect|||M|||50|,,,,,Water]Iron Hands||AssaultVest|QuarkDrive|LowKick,DrainPunch,IronHead,FakeOut||||||50|,,,,,Bug]Urshifu||FocusSash|UnseenFist|WickedBlow,SuckerPunch,CloseCombat,Protect|||F|||50|,,,,,Stellar]Grimmsnarl||CovertCloak|Prankster|SpiritBreak,LightScreen,Reflect,ThunderWave|||M|||50|,,,,,Steel]Miraidon||ChoiceScarf|HadronEngine|DracoMeteor,DazzlingGleam,VoltSwitch,ElectroDrift||||||50|,,,,,Electric\n|showteam|p2|Miraidon||ChoiceSpecs|HadronEngine|ElectroDrift,VoltSwitch,DracoMeteor,DazzlingGleam||||||50|,,,,,Fairy]Lunala||ElectricSeed|ShadowShield|MoongeistBeam,TrickRoom,WideGuard,Psyshock||||||50|,,,,,Water]Whimsicott||CovertCloak|Prankster|Moonblast,Tailwind,Encore,LightScreen|||M|||50|,,,,,Dark]Chi-Yu||ChoiceScarf|BeadsofRuin|HeatWave,Snarl,Overheat,ScaryFace||||||50|,,,,,Ghost]Urshifu||FocusSash|UnseenFist|WickedBlow,CloseCombat,SuckerPunch,Detect|||F|||50|,,,,,Stellar]Iron Hands||AssaultVest|QuarkDrive|DrainPunch,LowKick,WildCharge,FakeOut||||||50|,,,,,Water\n|inactive|Battle timer is ON: inactive players will automatically lose when time's up. (requested by eMburst)\n|c|\u2606eMburst|glhf\n|c|\u2606Hg125|gl hf\n|inactive|Hg125 has 60 seconds left.\n|inactive|Hg125 has 30 seconds left.\n|inactive|Hg125 has 20 seconds left.\n|\n|t:|1746069870\n|start\n|switch|p1a: Grimmsnarl|Grimmsnarl, L50, M|100/100\n|switch|p1b: Landorus|Landorus, L50, M|100/100\n|switch|p2a: Whimsicott|Whimsicott, L50, M, shiny|100/100\n|switch|p2b: Urshifu|Urshifu, L50, F|100/100\n|turn|1\n|inactive|Hg125 has 30 seconds left.\n|inactive|Hg125 has 20 seconds left.\n|\n|t:|1746069909\n|move|p2a: Whimsicott|Light Screen|p2a: Whimsicott\n|-sidestart|p2: eMburst|move: Light Screen\n|move|p2b: Urshifu|Wicked Blow|p1b: Landorus\n|-crit|p1b: Landorus\n|-damage|p1b: Landorus|37/100\n|move|p1b: Landorus|Sludge Bomb|p2a: Whimsicott\n|-supereffective|p2a: Whimsicott\n|-damage|p2a: Whimsicott|0 fnt\n|faint|p2a: Whimsicott\n|move|p1a: Grimmsnarl|Spirit Break|p2b: Urshifu\n|-supereffective|p2b: Urshifu\n|-enditem|p2b: Urshifu|Focus Sash\n|-damage|p2b: Urshifu|1/100\n|-unboost|p2b: Urshifu|spa|1\n|\n|upkeep\n|\n|t:|1746069931\n|switch|p2a: Iron Hands|Iron Hands, L50|100/100\n|turn|2\n|\n|t:|1746069947\n|-terastallize|p2a: Iron Hands|Water\n|move|p2b: Urshifu|Detect|p2b: Urshifu\n|-singleturn|p2b: Urshifu|Protect\n|move|p1b: Landorus|Earth Power|p2a: Iron Hands\n|-damage|p2a: Iron Hands|73/100\n|move|p1a: Grimmsnarl|Spirit Break|p2b: Urshifu\n|-activate|p2b: Urshifu|move: Protect\n|move|p2a: Iron Hands|Wild Charge|p1a: Grimmsnarl\n|-damage|p1a: Grimmsnarl|42/100\n|-damage|p2a: Iron Hands|60/100|[from] Recoil\n|\n|upkeep\n|turn|3\n|inactive|Hg125 has 30 seconds left.\n|inactive|Hg125 has 20 seconds left.\n|inactive|eMburst has 30 seconds left.\n|inactive|Hg125 has 15 seconds left.\n|inactive|Hg125 has 10 seconds left.\n|inactive|Hg125 has 5 seconds left.\n|inactive|eMburst has 20 seconds left.\n|\n|t:|1746069998\n|move|p2b: Urshifu|Sucker Punch|p1b: Landorus\n|-damage|p1b: Landorus|0 fnt\n|faint|p1b: Landorus\n|move|p1a: Grimmsnarl|Reflect|p1a: Grimmsnarl\n|-sidestart|p1: Hg125|Reflect\n|move|p2a: Iron Hands|Wild Charge|p1a: Grimmsnarl\n|-damage|p1a: Grimmsnarl|7/100\n|-damage|p2a: Iron Hands|52/100|[from] Recoil\n|\n|upkeep\n|\n|t:|1746070018\n|switch|p1b: Miraidon|Miraidon, L50|100/100\n|-fieldstart|move: Electric Terrain|[from] ability: Hadron Engine|[of] p1b: Miraidon\n|-activate|p2a: Iron Hands|ability: Quark Drive\n|-start|p2a: Iron Hands|quarkdriveatk\n|turn|4\n|inactive|Hg125 has 30 seconds left.\n|\n|t:|1746070051\n|-end|p2a: Iron Hands|Quark Drive|[silent]\n|switch|p2a: Lunala|Lunala, L50|100/100\n|-enditem|p2a: Lunala|Electric Seed\n|-boost|p2a: Lunala|def|1|[from] item: Electric Seed\n|move|p2b: Urshifu|Sucker Punch|p1b: Miraidon\n|-damage|p1b: Miraidon|75/100\n|move|p1b: Miraidon|Volt Switch|p2a: Lunala\n|-damage|p2a: Lunala|83/100\n|\n|t:|1746070059\n|switch|p1b: Calyrex|Calyrex-Ice, L50|100/100|[from] Volt Switch\n|-ability|p1b: Calyrex|As One\n|-ability|p1b: Calyrex|Unnerve\n|move|p1a: Grimmsnarl|Spirit Break|p2a: Lunala\n|-damage|p2a: Lunala|65/100\n|-unboost|p2a: Lunala|spa|1\n|\n|upkeep\n|turn|5\n|inactive|Hg125 has 30 seconds left.\n|\n|t:|1746070087\n|-terastallize|p1b: Calyrex|Water\n|move|p1a: Grimmsnarl|Light Screen|p1a: Grimmsnarl\n|-sidestart|p1: Hg125|move: Light Screen\n|move|p2b: Urshifu|Wicked Blow|p1b: Calyrex\n|-crit|p1b: Calyrex\n|-damage|p1b: Calyrex|63/100\n|move|p2a: Lunala|Moongeist Beam|p1a: Grimmsnarl\n|-resisted|p1a: Grimmsnarl\n|-damage|p1a: Grimmsnarl|0 fnt\n|faint|p1a: Grimmsnarl\n|move|p1b: Calyrex|High Horsepower|p2b: Urshifu|[miss]\n|-miss|p1b: Calyrex|p2b: Urshifu\n|\n|-sideend|p2: eMburst|move: Light Screen\n|upkeep\n|\n|t:|1746070100\n|switch|p1a: Miraidon|Miraidon, L50|75/100\n|-activate|p1a: Miraidon|ability: Hadron Engine\n|turn|6\n|\n|t:|1746070125\n|move|p1a: Miraidon|Electro Drift|p2a: Lunala\n|-damage|p2a: Lunala|0 fnt\n|faint|p2a: Lunala\n|move|p2b: Urshifu|Wicked Blow|p1a: Miraidon\n|-crit|p1a: Miraidon\n|-damage|p1a: Miraidon|21/100\n|move|p1b: Calyrex|High Horsepower|p2b: Urshifu\n|-damage|p2b: Urshifu|0 fnt\n|faint|p2b: Urshifu\n|-ability|p1b: Calyrex|Chilling Neigh|boost\n|-boost|p1b: Calyrex|atk|1\n|\n|upkeep\n|\n|t:|1746070131\n|switch|p2b: Iron Hands|Iron Hands, L50, tera:Water|52/100\n|-activate|p2b: Iron Hands|ability: Quark Drive\n|-start|p2b: Iron Hands|quarkdriveatk\n|turn|7\n|\n|t:|1746070146\n|move|p2b: Iron Hands|Fake Out|p1a: Miraidon\n|-damage|p1a: Miraidon|10/100\n|cant|p1a: Miraidon|flinch\n|move|p1b: Calyrex|High Horsepower|p2b: Iron Hands\n|-damage|p2b: Iron Hands|9/100\n|\n|-sideend|p1: Hg125|Reflect\n|upkeep\n|turn|8\n|\n|t:|1746070157\n|move|p1a: Miraidon|Electro Drift|p2b: Iron Hands\n|-supereffective|p2b: Iron Hands\n|-damage|p2b: Iron Hands|0 fnt\n|faint|p2b: Iron Hands\n|-end|p2b: Iron Hands|Quark Drive|[silent]\n|\n|win|Hg125\n", "uploadtime": 1746070161, "views": 10, "formatid": "gen9vgc2025regibo3", "rating": null, "private": 0, "password": null}