{"id": "gen9vgc2025regibo3-2354859903", "format": "[Gen 9] VGC 2025 Reg I (Bo3)", "players": ["ZKShadows", "Pokedude122"], "log": "|j|\u2606ZKShadows\n|j|\u2606Pokedude122\n|html|<table width=\"100%\"><tr><td align=\"left\">ZKShadows</td><td align=\"right\">Pokedude122</tr><tr><td align=\"left\"><i class=\"fa fa-circle-o\"></i> <i class=\"fa fa-circle-o\"></i> </td><td align=\"right\"><i class=\"fa fa-circle-o\"></i> <i class=\"fa fa-circle-o\"></i> </tr></table>\n|uhtml|bestof|<h2><strong>Game 1</strong> of <a href=\"/game-bestof3-gen9vgc2025regibo3-2354859902\">a best-of-3</a></h2>\n|t:|1746126055\n|gametype|doubles\n|player|p1|ZKShadows|giovanni|\n|player|p2|Pokedude122|101|\n|teamsize|p1|6\n|teamsize|p2|6\n|gen|9\n|tier|[Gen 9] VGC 2025 Reg I (Bo3)\n|rule|Species Clause: Limit one of each Pok\u00e9mon\n|rule|Item Clause: Limit 1 of each item\n|clearpoke\n|poke|p1|Trevenant, L50, F|\n|poke|p1|Torkoal, L50, M|\n|poke|p1|Murkrow, L50, M|\n|poke|p1|Incineroar, L50, F|\n|poke|p1|Roaring Moon, L50|\n|poke|p1|Sandy Shocks, L50|\n|poke|p2|Garchomp, L50, F|\n|poke|p2|Volcarona, L50, F|\n|poke|p2|Milotic, L50, M|\n|poke|p2|Spiritomb, L50, M|\n|poke|p2|Corviknight, L50, M|\n|poke|p2|Gardevoir, L50, M|\n|teampreview|4\n|showteam|p1|Trevenant||SitrusBerry|Harvest|HornLeech,WillOWisp,ShadowClaw,TrickRoom|||F|||50|,,,,,Fire]Torkoal||EjectPack|Drought|Overheat,HelpingHand,Protect,BodyPress|||M|||50|,,,,,Fire]Murkrow||Eviolite|Prankster|Tailwind,FoulPlay,ThunderWave,Protect|||M|||50|,,,,,Dark]Incineroar||AssaultVest|Intimidate|Uturn,KnockOff,FlareBlitz,FakeOut|||F|||50|,,,,,Fire]Roaring Moon||ClearAmulet|Protosynthesis|DragonDance,KnockOff,BreakingSwipe,Protect||||||50|,,,,,Flying]Sandy Shocks||LifeOrb|Protosynthesis|VoltSwitch,EarthPower,PowerGem,Protect||||||50|,,,,,Electric\n|showteam|p2|Garchomp||LifeOrb|RoughSkin|Earthquake,Protect,DragonClaw,RockSlide|||F|||50|,,,,,Ground]Volcarona||CovertCloak|FlameBody|Flamethrower,RagePowder,BugBuzz,Protect|||F|||50|,,,,,Grass]Milotic||ZoomLens|Competitive|Coil,Hypnosis,MuddyWater,Recover|||M|||50|,,,,,Dragon]Spiritomb||SitrusBerry|Infiltrator|CalmMind,DarkPulse,WillOWisp,PainSplit|||M|||50|,,,,,Grass]Corviknight||RockyHelmet|Pressure|Tailwind,BodyPress,IronDefense,Roost|||M|||50|,,,,,Dragon]Gardevoir||FocusSash|Telepathy|MysticalFire,Moonblast,Imprison,TrickRoom|||M|||50|,,,,,Fire\n|\n|t:|1746126193\n|start\n|switch|p1a: Torkoal|Torkoal, L50, M|100/100\n|switch|p1b: Sotaka|Trevenant, L50, F, shiny|100/100\n|switch|p2a: Milotic|Milotic, L50, M|100/100\n|switch|p2b: Volcarona|Volcarona, L50, F|100/100\n|-weather|SunnyDay|[from] ability: Drought|[of] p1a: Torkoal\n|turn|1\n|\n|t:|1746126222\n|move|p2b: Volcarona|Rage Powder|p2b: Volcarona\n|-singleturn|p2b: Volcarona|move: Rage Powder\n|move|p2a: Milotic|Coil|p2a: Milotic\n|-boost|p2a: Milotic|atk|1\n|-boost|p2a: Milotic|def|1\n|-boost|p2a: Milotic|accuracy|1\n|move|p1a: Torkoal|Overheat|p2b: Volcarona\n|-damage|p2b: Volcarona|49/100\n|-unboost|p1a: Torkoal|spa|2\n|-enditem|p1a: Torkoal|Eject Pack\n|\n|t:|1746126231\n|switch|p1a: Incineroar|Incineroar, L50, F|100/100\n|-ability|p1a: Incineroar|Intimidate|boost\n|-unboost|p2a: Milotic|atk|1\n|-ability|p2a: Milotic|Competitive|boost\n|-boost|p2a: Milotic|spa|2\n|-unboost|p2b: Volcarona|atk|1\n|move|p1b: Sotaka|Trick Room|p1b: Sotaka\n|-fieldstart|move: Trick Room|[of] p1b: Sotaka\n|\n|-weather|SunnyDay|[upkeep]\n|upkeep\n|turn|2\n|\n|t:|1746126281\n|move|p1a: Incineroar|Fake Out|p2a: Milotic\n|-damage|p2a: Milotic|94/100\n|move|p2b: Volcarona|Rage Powder|p2b: Volcarona\n|-singleturn|p2b: Volcarona|move: Rage Powder\n|move|p1b: Sotaka|Shadow Claw|p2b: Volcarona\n|-crit|p2b: Volcarona\n|-damage|p2b: Volcarona|7/100\n|cant|p2a: Milotic|flinch\n|\n|-weather|SunnyDay|[upkeep]\n|upkeep\n|turn|3\n|\n|t:|1746126319\n|move|p2b: Volcarona|Protect|p2b: Volcarona\n|-singleturn|p2b: Volcarona|Protect\n|move|p1b: Sotaka|Horn Leech|p2a: Milotic\n|-supereffective|p2a: Milotic\n|-damage|p2a: Milotic|60/100\n|move|p1a: Incineroar|Knock Off|p2a: Milotic\n|-damage|p2a: Milotic|41/100\n|-enditem|p2a: Milotic|Zoom Lens|[from] move: Knock Off|[of] p1a: Incineroar\n|move|p2a: Milotic|Muddy Water|p1a: Incineroar|[spread] p1a,p1b\n|-supereffective|p1a: Incineroar\n|-resisted|p1b: Sotaka\n|-damage|p1a: Incineroar|76/100\n|-damage|p1b: Sotaka|88/100\n|-unboost|p1a: Incineroar|accuracy|1\n|\n|-weather|SunnyDay|[upkeep]\n|upkeep\n|turn|4\n|\n|t:|1746126346\n|move|p2b: Volcarona|Rage Powder|p2b: Volcarona\n|-singleturn|p2b: Volcarona|move: Rage Powder\n|move|p1b: Sotaka|Horn Leech|p2a: Milotic\n|-supereffective|p2a: Milotic\n|-damage|p2a: Milotic|8/100\n|-heal|p1b: Sotaka|100/100|[from] drain|[of] p2a: Milotic\n|move|p1a: Incineroar|U-turn|p2b: Volcarona\n|-resisted|p2b: Volcarona\n|-damage|p2b: Volcarona|0 fnt\n|faint|p2b: Volcarona\n|\n|t:|1746126358\n|switch|p1a: Torkoal|Torkoal, L50, M|100/100|[from] U-turn\n|move|p2a: Milotic|Recover|p2a: Milotic\n|-heal|p2a: Milotic|58/100\n|\n|-weather|SunnyDay|[upkeep]\n|upkeep\n|\n|t:|1746126368\n|switch|p2b: Spiritomb|Spiritomb, L50, M|100/100\n|turn|5\n|\n|t:|1746126406\n|-terastallize|p2a: Milotic|Dragon\n|move|p1a: Torkoal|Helping Hand|p1b: Sotaka\n|-singleturn|p1b: Sotaka|Helping Hand|[of] p1a: Torkoal\n|move|p2b: Spiritomb|Calm Mind|p2b: Spiritomb\n|-boost|p2b: Spiritomb|spa|1\n|-boost|p2b: Spiritomb|spd|1\n|move|p1b: Sotaka|Shadow Claw|p2a: Milotic\n|-damage|p2a: Milotic|34/100\n|move|p2a: Milotic|Coil|p2a: Milotic\n|-boost|p2a: Milotic|atk|1\n|-boost|p2a: Milotic|def|1\n|-boost|p2a: Milotic|accuracy|1\n|\n|-weather|none\n|-fieldend|move: Trick Room\n|upkeep\n|turn|6\n|\n|t:|1746126445\n|-terastallize|p1b: Sotaka|Fire\n|move|p1a: Torkoal|Protect|p1a: Torkoal\n|-singleturn|p1a: Torkoal|Protect\n|move|p2a: Milotic|Hypnosis|p1a: Torkoal\n|-activate|p1a: Torkoal|move: Protect\n|move|p2b: Spiritomb|Will-O-Wisp|p1b: Sotaka|[miss]\n|-miss|p2b: Spiritomb|p1b: Sotaka\n|move|p1b: Sotaka|Trick Room|p1b: Sotaka\n|-fieldstart|move: Trick Room|[of] p1b: Sotaka\n|\n|upkeep\n|turn|7\n|\n|t:|1746126476\n|move|p1a: Torkoal|Body Press|p2a: Milotic\n|-damage|p2a: Milotic|20/100\n|move|p2b: Spiritomb|Calm Mind|p2b: Spiritomb\n|-boost|p2b: Spiritomb|spa|1\n|-boost|p2b: Spiritomb|spd|1\n|move|p1b: Sotaka|Shadow Claw|p2a: Milotic\n|-damage|p2a: Milotic|9/100\n|move|p2a: Milotic|Hypnosis|p1a: Torkoal\n|-status|p1a: Torkoal|slp|[from] move: Hypnosis\n|\n|upkeep\n|turn|8\n|\n|t:|1746126505\n|switch|p1a: Incineroar|Incineroar, L50, F|76/100\n|-ability|p1a: Incineroar|Intimidate|boost\n|-unboost|p2a: Milotic|atk|1\n|-ability|p2a: Milotic|Competitive|boost\n|-boost|p2a: Milotic|spa|2\n|-unboost|p2b: Spiritomb|atk|1\n|move|p2b: Spiritomb|Dark Pulse|p1b: Sotaka\n|-damage|p1b: Sotaka|36/100\n|-enditem|p1b: Sotaka|Sitrus Berry|[eat]\n|-heal|p1b: Sotaka|61/100|[from] item: Sitrus Berry\n|move|p1b: Sotaka|Shadow Claw|p2a: Milotic\n|-damage|p2a: Milotic|0 fnt\n|faint|p2a: Milotic\n|\n|upkeep\n|\n|t:|1746126518\n|switch|p2a: Garchomp|Garchomp, L50, F|100/100\n|turn|9\n|\n|t:|1746126545\n|move|p2a: Garchomp|Protect|p2a: Garchomp\n|-singleturn|p2a: Garchomp|Protect\n|move|p2b: Spiritomb|Dark Pulse|p1b: Sotaka\n|-damage|p1b: Sotaka|0 fnt\n|faint|p1b: Sotaka\n|move|p1a: Incineroar|U-turn|p2b: Spiritomb\n|-damage|p2b: Spiritomb|82/100\n|\n|t:|1746126553\n|switch|p1a: Torkoal|Torkoal, L50, M|100/100 slp|[from] U-turn\n|-weather|SunnyDay|[from] ability: Drought|[of] p1a: Torkoal\n|\n|-weather|SunnyDay|[upkeep]\n|upkeep\n|\n|t:|1746126559\n|switch|p1b: Incineroar|Incineroar, L50, F|76/100\n|-ability|p1b: Incineroar|Intimidate|boost\n|-unboost|p2a: Garchomp|atk|1\n|-unboost|p2b: Spiritomb|atk|1\n|turn|10\n|\n|t:|1746126583\n|cant|p1a: Torkoal|slp\n|move|p2a: Garchomp|Protect||[still]\n|-fail|p2a: Garchomp\n|move|p2b: Spiritomb|Dark Pulse|p1b: Incineroar\n|-resisted|p1b: Incineroar\n|-damage|p1b: Incineroar|59/100\n|move|p1b: Incineroar|Flare Blitz|p2a: Garchomp\n|-resisted|p2a: Garchomp\n|-damage|p2a: Garchomp|66/100\n|-damage|p1b: Incineroar|47/100|[from] ability: Rough Skin|[of] p2a: Garchomp\n|-damage|p1b: Incineroar|36/100|[from] Recoil\n|\n|-weather|SunnyDay|[upkeep]\n|-fieldend|move: Trick Room\n|upkeep\n|turn|11\n|\n|t:|1746126607\n|cant|p1a: Torkoal|slp\n|move|p2a: Garchomp|Rock Slide|p1a: Torkoal|[spread] \n|-miss|p2a: Garchomp|p1a: Torkoal\n|-miss|p2a: Garchomp|p1b: Incineroar\n|move|p1b: Incineroar|Flare Blitz|p2b: Spiritomb\n|-damage|p2b: Spiritomb|15/100\n|-enditem|p2b: Spiritomb|Sitrus Berry|[eat]\n|-heal|p2b: Spiritomb|39/100|[from] item: Sitrus Berry\n|-damage|p1b: Incineroar|19/100|[from] Recoil\n|move|p2b: Spiritomb|Dark Pulse|p1b: Incineroar\n|-resisted|p1b: Incineroar\n|-damage|p1b: Incineroar|2/100\n|\n|-weather|SunnyDay|[upkeep]\n|upkeep\n|turn|12\n|\n|t:|1746126632\n|move|p2a: Garchomp|Protect|p2a: Garchomp\n|-singleturn|p2a: Garchomp|Protect\n|move|p1b: Incineroar|U-turn|p2b: Spiritomb\n|-damage|p2b: Spiritomb|22/100\n|\n|t:|1746126636\n|switch|p1b: Sandy Shocks|Sandy Shocks, L50|100/100|[from] U-turn\n|-activate|p1b: Sandy Shocks|ability: Protosynthesis\n|-start|p1b: Sandy Shocks|protosynthesisspa\n|move|p2b: Spiritomb|Pain Split|p1a: Torkoal\n|-sethp|p1a: Torkoal|60/100 slp|[from] move: Pain Split|[silent]\n|-sethp|p2b: Spiritomb|67/100|[from] move: Pain Split\n|-curestatus|p1a: Torkoal|slp|[msg]\n|move|p1a: Torkoal|Overheat|p2b: Spiritomb\n|-damage|p2b: Spiritomb|37/100\n|-unboost|p1a: Torkoal|spa|2\n|\n|-weather|SunnyDay|[upkeep]\n|upkeep\n|turn|13\n|\n|t:|1746126667\n|switch|p1a: Incineroar|Incineroar, L50, F|2/100\n|-ability|p1a: Incineroar|Intimidate|boost\n|-unboost|p2a: Garchomp|atk|1\n|-unboost|p2b: Spiritomb|atk|1\n|move|p2a: Garchomp|Dragon Claw|p1b: Sandy Shocks\n|-damage|p1b: Sandy Shocks|68/100\n|-damage|p2a: Garchomp|56/100|[from] item: Life Orb\n|move|p1b: Sandy Shocks|Volt Switch|p2b: Spiritomb\n|-damage|p2b: Spiritomb|4/100\n|-damage|p1b: Sandy Shocks|58/100|[from] item: Life Orb\n|\n|t:|1746126678\n|-end|p1b: Sandy Shocks|Protosynthesis|[silent]\n|switch|p1b: Torkoal|Torkoal, L50, M|60/100|[from] Volt Switch\n|move|p2b: Spiritomb|Pain Split|p1a: Incineroar\n|-sethp|p1a: Incineroar|2/100|[from] move: Pain Split|[silent]\n|-sethp|p2b: Spiritomb|3/100|[from] move: Pain Split\n|\n|-weather|none\n|upkeep\n|turn|14\n|\n|t:|1746126705\n|switch|p1a: Sandy Shocks|Sandy Shocks, L50|58/100\n|move|p1b: Torkoal|Protect|p1b: Torkoal\n|-singleturn|p1b: Torkoal|Protect\n|move|p2a: Garchomp|Earthquake|p1a: Sandy Shocks|[spread] p2b,p1a\n|-activate|p1b: Torkoal|move: Protect\n|-supereffective|p1a: Sandy Shocks\n|-damage|p2b: Spiritomb|0 fnt\n|-damage|p1a: Sandy Shocks|0 fnt\n|faint|p2b: Spiritomb\n|faint|p1a: Sandy Shocks\n|-end|p1a: Sandy Shocks|Protosynthesis|[silent]\n|-damage|p2a: Garchomp|46/100|[from] item: Life Orb\n|\n|upkeep\n|\n|t:|1746126716\n|switch|p1a: Incineroar|Incineroar, L50, F|2/100\n|-ability|p1a: Incineroar|Intimidate|boost\n|-unboost|p2a: Garchomp|atk|1\n|turn|15\n|\n|t:|1746126729\n|move|p1a: Incineroar|Fake Out|p2a: Garchomp\n|-damage|p2a: Garchomp|36/100\n|-damage|p1a: Incineroar|0 fnt|[from] ability: Rough Skin|[of] p2a: Garchomp\n|faint|p1a: Incineroar\n|cant|p2a: Garchomp|flinch\n|move|p1b: Torkoal|Body Press|p2a: Garchomp\n|-damage|p2a: Garchomp|3/100\n|-damage|p1b: Torkoal|47/100|[from] ability: Rough Skin|[of] p2a: Garchomp\n|\n|upkeep\n|turn|16\n|\n|t:|1746126749\n|move|p2a: Garchomp|Earthquake|p1b: Torkoal\n|-supereffective|p1b: Torkoal\n|-damage|p1b: Torkoal|15/100\n|-damage|p2a: Garchomp|0 fnt|[from] item: Life Orb\n|faint|p2a: Garchomp\n|\n|win|ZKShadows\n||ZKShadows is ready for game 2.\n|inactive|Pokedude122 has 30 seconds to confirm battle start!\n|l|\u2606Pokedude122\n|player|p2|\n|inactive|Pokedude122 has 20 seconds to confirm battle start!\n||Pokedude122 is ready for game 2.\n|uhtml|next|Next: <a href=\"/battle-gen9vgc2025regibo3-2354867619\"><strong>Game 2 of 3</strong></a>\n", "uploadtime": 1746126764, "views": 13, "formatid": "gen9vgc2025regibo3", "rating": null, "private": 0, "password": null}