{"id": "gen9vgc2025regibo3-2354532550", "format": "[Gen 9] VGC 2025 Reg I (Bo3)", "players": ["DanielMike", "LastChanceShot"], "log": "|j|\u2606DanielMike\n|j|\u2606LastChanceShot\n|html|<table width=\"100%\"><tr><td align=\"left\">DanielMike</td><td align=\"right\">LastChanceShot</tr><tr><td align=\"left\"><i class=\"fa fa-circle-o\"></i> <i class=\"fa fa-circle-o\"></i> </td><td align=\"right\"><i class=\"fa fa-circle-o\"></i> <i class=\"fa fa-circle\"></i> </tr></table>\n|uhtml|bestof|<h2><strong>Game 2</strong> of <a href=\"/game-bestof3-gen9vgc2025regibo3-2354530979\">a best-of-3</a></h2>\n|t:|1746089231\n|gametype|doubles\n|player|p1|DanielMike|169|1010\n|player|p2|LastChanceShot|1|1057\n|teamsize|p1|6\n|teamsize|p2|6\n|gen|9\n|tier|[Gen 9] VGC 2025 Reg I (Bo3)\n|rated|\n|rule|Species Clause: Limit one of each Pok\u00e9mon\n|rule|Item Clause: Limit 1 of each item\n|clearpoke\n|poke|p1|Sableye, L50, M|\n|poke|p1|Indeedee-F, L50, F|\n|poke|p1|Amoonguss, L50, F|\n|poke|p1|Kyogre, L50|\n|poke|p1|Urshifu-*, L50, F|\n|poke|p1|Lunala, L50|\n|poke|p2|Indeedee-F, L50, F|\n|poke|p2|Calyrex-Shadow, L50|\n|poke|p2|Koraidon, L50|\n|poke|p2|Chi-Yu, L50|\n|poke|p2|Whimsicott, L50, M|\n|poke|p2|Ogerpon-Hearthflame, L50, F|\n|teampreview|4\n|showteam|p1|Sableye||FocusSash|Prankster|FakeOut,SkillSwap,Encore,Detect|||M|||50|,,,,,Dark]Indeedee-F||SafetyGoggles|PsychicSurge|FollowMe,TrickRoom,Protect,AlluringVoice|||F|||50|,,,,,Psychic]Amoonguss||RockyHelmet|EffectSpore|Spore,RagePowder,SweetScent,Protect|||F|||50|,,,,,Dark]Kyogre||ChoiceSpecs|Drizzle|WaterSpout,OriginPulse,IceBeam,Thunder||||||50|,,,,,Grass]Urshifu-Rapid-Strike||MysticWater|UnseenFist|SurgingStrikes,CloseCombat,AquaJet,Detect|||F|||50|,,,,,Water]Lunala||Leftovers|ShadowShield|Tailwind,WideGuard,MoongeistBeam,Protect||||||50|,,,,,Steel\n|showteam|p2|Indeedee-F||PsychicSeed|PsychicSurge|ShadowBall,FollowMe,TrickRoom,HelpingHand|||F|||50|,,,,,Psychic]Calyrex-Shadow||LifeOrb|AsOneSpectrier|AstralBarrage,PollenPuff,Protect,Encore||||||50|,,,,,Dark]Koraidon||ClearAmulet|OrichalcumPulse|FlareBlitz,ScaleShot,CloseCombat,Protect||||||50|,,,,,Fire]Chi-Yu||ChoiceScarf|BeadsofRuin|HeatWave,Overheat,DarkPulse,Snarl||||||50|,,,,,Dark]Whimsicott||CovertCloak|Prankster|Encore,Tailwind,Moonblast,FakeTears|||M|||50|,,,,,Grass]Ogerpon-Hearthflame||HearthflameMask|MoldBreaker|WoodHammer,SpikyShield,IvyCudgel,FollowMe|||F|||50|,,,,,Fire\n|\n|t:|1746089282\n|start\n|switch|p1a: Sableye|Sableye, L50, M|100/100\n|switch|p1b: Indeedee|Indeedee-F, L50, F|100/100\n|switch|p2a: Indeedee|Indeedee-F, L50, F|100/100\n|switch|p2b: Chi-Yu|Chi-Yu, L50|100/100\n|-ability|p2b: Chi-Yu|Beads of Ruin\n|-fieldstart|move: Psychic Terrain|[from] ability: Psychic Surge|[of] p1b: Indeedee\n|-enditem|p2a: Indeedee|Psychic Seed\n|-boost|p2a: Indeedee|spd|1|[from] item: Psychic Seed\n|turn|1\n|\n|t:|1746089320\n|switch|p1a: Kyogre|Kyogre, L50|100/100\n|-weather|RainDance|[from] ability: Drizzle|[of] p1a: Kyogre\n|switch|p2a: Koraidon|Koraidon, L50|100/100\n|-weather|SunnyDay|[from] ability: Orichalcum Pulse|[of] p2a: Koraidon\n|-activate|p2a: Koraidon|Orichalcum Pulse|[source]\n|move|p2b: Chi-Yu|Heat Wave|p1b: Indeedee|[spread] p1a,p1b\n|-resisted|p1a: Kyogre\n|-damage|p1a: Kyogre|71/100\n|-damage|p1b: Indeedee|29/100\n|move|p1b: Indeedee|Trick Room|p1b: Indeedee\n|-fieldstart|move: Trick Room|[of] p1b: Indeedee\n|\n|-weather|SunnyDay|[upkeep]\n|upkeep\n|turn|2\n|\n|t:|1746089378\n|move|p1b: Indeedee|Follow Me|p1b: Indeedee\n|-singleturn|p1b: Indeedee|move: Follow Me\n|move|p1a: Kyogre|Water Spout|p2a: Koraidon|[spread] p2a,p2b\n|-resisted|p2a: Koraidon\n|-supereffective|p2b: Chi-Yu\n|-damage|p2a: Koraidon|74/100\n|-damage|p2b: Chi-Yu|23/100\n|move|p2a: Koraidon|Close Combat|p1b: Indeedee\n|-damage|p1b: Indeedee|0 fnt\n|-unboost|p2a: Koraidon|def|1\n|-unboost|p2a: Koraidon|spd|1\n|faint|p1b: Indeedee\n|move|p2b: Chi-Yu|Heat Wave|p1a: Kyogre\n|-resisted|p1a: Kyogre\n|-damage|p1a: Kyogre|33/100\n|\n|-weather|SunnyDay|[upkeep]\n|upkeep\n|\n|t:|1746089394\n|switch|p1b: Amoonguss|Amoonguss, L50, F, shiny|100/100\n|turn|3\n|\n|t:|1746089415\n|move|p2a: Koraidon|Protect|p2a: Koraidon\n|-singleturn|p2a: Koraidon|Protect\n|move|p1b: Amoonguss|Spore|p2a: Koraidon\n|-activate|p2a: Koraidon|move: Protect\n|move|p1a: Kyogre|Water Spout|p2a: Koraidon|[spread] p2b\n|-activate|p2a: Koraidon|move: Protect\n|-supereffective|p2b: Chi-Yu\n|-damage|p2b: Chi-Yu|0 fnt\n|faint|p2b: Chi-Yu\n|\n|-weather|SunnyDay|[upkeep]\n|upkeep\n|\n|t:|1746089434\n|switch|p2b: Calyrex|Calyrex-Shadow, L50|100/100\n|-ability|p2b: Calyrex|As One\n|-ability|p2b: Calyrex|Unnerve\n|turn|4\n|\n|t:|1746089495\n|switch|p1a: Sableye|Sableye, L50, M|100/100\n|move|p1b: Amoonguss|Spore|p2a: Koraidon\n|-status|p2a: Koraidon|slp|[from] move: Spore\n|cant|p2a: Koraidon|slp\n|move|p2b: Calyrex|Astral Barrage|p1a: Sableye|[spread] p1a,p1b\n|-enditem|p1a: Sableye|Focus Sash\n|-damage|p1a: Sableye|1/100\n|-damage|p1b: Amoonguss|36/100\n|-damage|p2b: Calyrex|91/100|[from] item: Life Orb\n|\n|-weather|SunnyDay|[upkeep]\n|upkeep\n|turn|5\n|\n|t:|1746089548\n|move|p1a: Sableye|Detect|p1a: Sableye\n|-singleturn|p1a: Sableye|Protect\n|cant|p2a: Koraidon|slp\n|move|p2b: Calyrex|Protect|p2b: Calyrex\n|-singleturn|p2b: Calyrex|Protect\n|move|p1b: Amoonguss|Spore|p2b: Calyrex\n|-activate|p2b: Calyrex|move: Protect\n|\n|-weather|none\n|-fieldend|move: Trick Room\n|-fieldend|move: Psychic Terrain\n|upkeep\n|turn|6\n|\n|t:|1746089579\n|move|p1a: Sableye|Skill Swap|p1b: Amoonguss\n|-activate|p1a: Sableye|move: Skill Swap|||[of] p1b: Amoonguss\n|move|p1b: Amoonguss|Spore|p2b: Calyrex\n|-status|p2b: Calyrex|slp|[from] move: Spore\n|cant|p2b: Calyrex|slp\n|cant|p2a: Koraidon|slp\n|\n|upkeep\n|turn|7\n|\n|t:|1746089604\n|move|p1b: Amoonguss|Sweet Scent|p2b: Calyrex|[spread] p2a,p2b\n|-fail|p2a: Koraidon|unboost|[from] item: Clear Amulet|[of] p2a: Koraidon\n|-unboost|p2b: Calyrex|evasion|2\n|cant|p2b: Calyrex|slp\n|-curestatus|p2a: Koraidon|slp|[msg]\n|move|p2a: Koraidon|Scale Shot|p1b: Amoonguss\n|-damage|p1b: Amoonguss|25/100\n|-damage|p1b: Amoonguss|15/100\n|-hitcount|p1b: Amoonguss|2\n|-unboost|p2a: Koraidon|def|1\n|-boost|p2a: Koraidon|spe|1\n|move|p1a: Sableye|Encore|p2b: Calyrex\n|-start|p2b: Calyrex|Encore\n|\n|upkeep\n|turn|8\n|\n|t:|1746089645\n|switch|p2a: Indeedee|Indeedee-F, L50, F|100/100\n|-fieldstart|move: Psychic Terrain|[from] ability: Psychic Surge|[of] p2a: Indeedee\n|switch|p1a: Kyogre|Kyogre, L50|33/100\n|-weather|RainDance|[from] ability: Drizzle|[of] p1a: Kyogre\n|-curestatus|p2b: Calyrex|slp|[msg]\n|move|p2b: Calyrex|Protect|p2b: Calyrex\n|-singleturn|p2b: Calyrex|Protect\n|move|p1b: Amoonguss|Spore|p2a: Indeedee\n|-activate|p2a: Indeedee|move: Psychic Terrain\n|\n|-weather|RainDance|[upkeep]\n|upkeep\n|turn|9\n|\n|t:|1746089679\n|move|p2b: Calyrex|Protect|p2b: Calyrex\n|-singleturn|p2b: Calyrex|Protect\n|move|p1b: Amoonguss|Rage Powder|p1b: Amoonguss\n|-singleturn|p1b: Amoonguss|move: Rage Powder\n|move|p1a: Kyogre|Origin Pulse|p2a: Indeedee|[spread] p2a\n|-activate|p2b: Calyrex|move: Protect\n|-damage|p2a: Indeedee|0 fnt\n|faint|p2a: Indeedee\n|\n|-weather|RainDance|[upkeep]\n|upkeep\n|\n|t:|1746089689\n|switch|p2a: Koraidon|Koraidon, L50|74/100\n|-weather|SunnyDay|[from] ability: Orichalcum Pulse|[of] p2a: Koraidon\n|-activate|p2a: Koraidon|Orichalcum Pulse|[source]\n|turn|10\n|\n|t:|1746089698\n|move|p2b: Calyrex|Protect||[still]\n|-fail|p2b: Calyrex\n|move|p2a: Koraidon|Protect|p2a: Koraidon\n|-singleturn|p2a: Koraidon|Protect\n|move|p1b: Amoonguss|Rage Powder|p1b: Amoonguss\n|-singleturn|p1b: Amoonguss|move: Rage Powder\n|move|p1a: Kyogre|Origin Pulse|p2b: Calyrex|[spread] p2b\n|-activate|p2a: Koraidon|move: Protect\n|-damage|p2b: Calyrex|55/100\n|\n|-weather|SunnyDay|[upkeep]\n|-end|p2b: Calyrex|Encore\n|upkeep\n|turn|11\n|\n|t:|1746089717\n|switch|p1a: Sableye|Sableye, L50, M|1/100\n|move|p1b: Amoonguss|Protect|p1b: Amoonguss\n|-singleturn|p1b: Amoonguss|Protect\n|move|p2b: Calyrex|Astral Barrage|p1b: Amoonguss|[spread] p1a\n|-activate|p1b: Amoonguss|move: Protect\n|-damage|p1a: Sableye|0 fnt\n|faint|p1a: Sableye\n|-ability|p2b: Calyrex|Grim Neigh|boost\n|-boost|p2b: Calyrex|spa|1\n|-damage|p2b: Calyrex|45/100|[from] item: Life Orb\n|move|p2a: Koraidon|Scale Shot|p1b: Amoonguss\n|-activate|p1b: Amoonguss|move: Protect\n|\n|-weather|SunnyDay|[upkeep]\n|upkeep\n|\n|t:|1746089720\n|switch|p1a: Kyogre|Kyogre, L50|33/100\n|-weather|RainDance|[from] ability: Drizzle|[of] p1a: Kyogre\n|turn|12\n|\n|t:|1746089792\n|move|p1b: Amoonguss|Protect|p1b: Amoonguss\n|-singleturn|p1b: Amoonguss|Protect\n|move|p2b: Calyrex|Protect|p2b: Calyrex\n|-singleturn|p2b: Calyrex|Protect\n|move|p2a: Koraidon|Flare Blitz|p1b: Amoonguss\n|-activate|p1b: Amoonguss|move: Protect\n|move|p1a: Kyogre|Ice Beam|p2a: Koraidon\n|-supereffective|p2a: Koraidon\n|-damage|p2a: Koraidon|0 fnt\n|faint|p2a: Koraidon\n|\n|-weather|RainDance|[upkeep]\n|-fieldend|move: Psychic Terrain\n|upkeep\n|turn|13\n|\n|t:|1746089808\n|move|p1b: Amoonguss|Spore|p2b: Calyrex\n|-status|p2b: Calyrex|slp|[from] move: Spore\n|cant|p2b: Calyrex|slp\n|move|p1a: Kyogre|Ice Beam|p2b: Calyrex\n|-damage|p2b: Calyrex|0 fnt\n|faint|p2b: Calyrex\n|\n|win|DanielMike\n||LastChanceShot is ready for game 3.\n|inactive|DanielMike has 30 seconds to confirm battle start!\n||DanielMike is ready for game 3.\n|uhtml|next|Next: <a href=\"/battle-gen9vgc2025regibo3-2354535586\"><strong>Game 3 of 3</strong></a>\n|l|\u2606LastChanceShot\n|player|p2|\n|l|\u2606DanielMike\n|player|p1|\n", "uploadtime": 1746090162, "views": 12, "formatid": "gen9vgc2025regibo3", "rating": null, "private": 0, "password": null}