{"id": "gen9vgc2025regibo3-2354236346", "format": "[Gen 9] VGC 2025 Reg I (Bo3)", "players": ["miguelowned", "toonami89"], "log": "|j|\u2606miguelowned\n|j|\u2606toonami89\n|html|<table width=\"100%\"><tr><td align=\"left\">miguelowned</td><td align=\"right\">toonami89</tr><tr><td align=\"left\"><i class=\"fa fa-circle\"></i> <i class=\"fa fa-circle-o\"></i> </td><td align=\"right\"><i class=\"fa fa-circle-o\"></i> <i class=\"fa fa-circle\"></i> </tr></table>\n|uhtml|bestof|<h2><strong>Game 3</strong> of <a href=\"/game-bestof3-gen9vgc2025regibo3-2354233112\">a best-of-3</a></h2>\n|t:|1746047635\n|gametype|doubles\n|player|p1|miguelowned|102|1198\n|player|p2|toonami89|101|1145\n|teamsize|p1|6\n|teamsize|p2|6\n|gen|9\n|tier|[Gen 9] VGC 2025 Reg I (Bo3)\n|rated|\n|rule|Species Clause: Limit one of each Pok\u00e9mon\n|rule|Item Clause: Limit 1 of each item\n|clearpoke\n|poke|p1|Urshifu-*, L50, F|\n|poke|p1|Iron Hands, L50|\n|poke|p1|Whimsicott, L50, F|\n|poke|p1|Miraidon, L50|\n|poke|p1|Chi-Yu, L50|\n|poke|p1|Lunala, L50|\n|poke|p2|Incineroar, L50, M|\n|poke|p2|Rillaboom, L50, F|\n|poke|p2|Ditto, L50|\n|poke|p2|Miraidon, L50|\n|poke|p2|Koraidon, L50|\n|poke|p2|Flutter Mane, L50|\n|teampreview|4\n|showteam|p1|Urshifu||FocusSash|UnseenFist|WickedBlow,CloseCombat,SuckerPunch,Detect|||F|||50|,,,,,Stellar]Iron Hands||AssaultVest|QuarkDrive|LowKick,DrainPunch,WildCharge,FakeOut||||||50|,,,,,Water]Whimsicott||CovertCloak|Prankster|Tailwind,LightScreen,Moonblast,Encore|||F|||50|,,,,,Dark]Miraidon||ChoiceSpecs|HadronEngine|DazzlingGleam,ElectroDrift,VoltSwitch,DracoMeteor||||||50|,,,,,Fairy]Chi-Yu||ChoiceScarf|BeadsofRuin|Overheat,Snarl,ScaryFace,HeatWave||||||50|,,,,,Ghost]Lunala||ElectricSeed|ShadowShield|Psyshock,MoongeistBeam,WideGuard,TrickRoom||||||50|,,,,,Water\n|showteam|p2|Incineroar||AssaultVest|Intimidate|KnockOff,FlareBlitz,FakeOut,Uturn|||M|||50|,,,,,Ghost]Rillaboom||ChoiceBand|GrassySurge|FakeOut,WoodHammer,Uturn,HighHorsepower|||F|||50|,,,,,Water]Ditto||SitrusBerry|Imposter|Transform||||||50|,,,,,Normal]Miraidon||ChoiceScarf|HadronEngine|DazzlingGleam,VoltSwitch,DracoMeteor,ElectroDrift||||||50|,,,,,Fairy]Koraidon||FocusSash|OrichalcumPulse|Protect,CollisionCourse,BreakingSwipe,FlareBlitz||||||50|,,,,,Fire]Flutter Mane||BoosterEnergy|Protosynthesis|IcyWind,Taunt,ShadowBall,Moonblast||||||50|,,,,,Dark\n|\n|t:|1746047664\n|start\n|switch|p1a: Whimsicott|Whimsicott, L50, F|100/100\n|switch|p1b: Miraidon|Miraidon, L50|100/100\n|switch|p2a: Miraidon|Miraidon, L50|100/100\n|switch|p2b: Incineroar|Incineroar, L50, M|100/100\n|-fieldstart|move: Electric Terrain|[from] ability: Hadron Engine|[of] p2a: Miraidon\n|-activate|p1b: Miraidon|ability: Hadron Engine\n|-ability|p2b: Incineroar|Intimidate|boost\n|-unboost|p1a: Whimsicott|atk|1\n|-unboost|p1b: Miraidon|atk|1\n|turn|1\n|\n|t:|1746047703\n|switch|p1b: Lunala|Lunala, L50|100/100\n|-enditem|p1b: Lunala|Electric Seed\n|-boost|p1b: Lunala|def|1|[from] item: Electric Seed\n|-terastallize|p2a: Miraidon|Fairy\n|move|p2a: Miraidon|Dazzling Gleam|p1a: Whimsicott|[spread] p1a,p1b\n|-damage|p1a: Whimsicott|49/100\n|-damage|p1b: Lunala|83/100\n|move|p1a: Whimsicott|Moonblast|p2a: Miraidon\n|-damage|p2a: Miraidon|75/100\n|move|p2b: Incineroar|Flare Blitz|p1a: Whimsicott\n|-supereffective|p1a: Whimsicott\n|-damage|p1a: Whimsicott|0 fnt\n|faint|p1a: Whimsicott\n|-damage|p2b: Incineroar|88/100|[from] Recoil\n|\n|upkeep\n|\n|t:|1746047718\n|switch|p1a: Miraidon|Miraidon, L50|100/100\n|-activate|p1a: Miraidon|ability: Hadron Engine\n|turn|2\n|\n|t:|1746047728\n|switch|p2a: Rillaboom|Rillaboom, L50, F|100/100\n|-fieldstart|move: Grassy Terrain|[from] ability: Grassy Surge|[of] p2a: Rillaboom\n|-terastallize|p1a: Miraidon|Fairy\n|move|p1a: Miraidon|Volt Switch|p2b: Incineroar\n|-damage|p2b: Incineroar|50/100\n|\n|t:|1746047737\n|switch|p1a: Chi-Yu|Chi-Yu, L50|100/100|[from] Volt Switch\n|-ability|p1a: Chi-Yu|Beads of Ruin\n|move|p2b: Incineroar|Knock Off|p1b: Lunala\n|-supereffective|p1b: Lunala\n|-damage|p1b: Lunala|15/100\n|move|p1b: Lunala|Trick Room|p1b: Lunala\n|-fieldstart|move: Trick Room|[of] p1b: Lunala\n|\n|-heal|p2b: Incineroar|56/100|[from] Grassy Terrain\n|-heal|p1b: Lunala|21/100|[from] Grassy Terrain\n|upkeep\n|turn|3\n|\n|t:|1746047763\n|move|p2a: Rillaboom|Fake Out|p1a: Chi-Yu\n|-damage|p1a: Chi-Yu|64/100\n|move|p2b: Incineroar|Knock Off|p1b: Lunala\n|-supereffective|p1b: Lunala\n|-damage|p1b: Lunala|0 fnt\n|faint|p1b: Lunala\n|cant|p1a: Chi-Yu|flinch\n|\n|-heal|p2b: Incineroar|62/100|[from] Grassy Terrain\n|-heal|p1a: Chi-Yu|70/100|[from] Grassy Terrain\n|upkeep\n|\n|t:|1746047768\n|switch|p1b: Miraidon|Miraidon, L50, tera:Fairy|100/100\n|-fieldstart|move: Electric Terrain|[from] ability: Hadron Engine|[of] p1b: Miraidon\n|turn|4\n|\n|t:|1746047780\n|switch|p2a: Koraidon|Koraidon, L50|100/100\n|-weather|SunnyDay|[from] ability: Orichalcum Pulse|[of] p2a: Koraidon\n|-activate|p2a: Koraidon|Orichalcum Pulse|[source]\n|move|p2b: Incineroar|Flare Blitz|p1b: Miraidon\n|-crit|p1b: Miraidon\n|-damage|p1b: Miraidon|0 fnt\n|faint|p1b: Miraidon\n|-damage|p2b: Incineroar|32/100|[from] Recoil\n|move|p1a: Chi-Yu|Heat Wave|p2b: Incineroar|[spread] p2a,p2b\n|-resisted|p2a: Koraidon\n|-resisted|p2b: Incineroar\n|-damage|p2a: Koraidon|57/100\n|-damage|p2b: Incineroar|6/100\n|\n|-weather|SunnyDay|[upkeep]\n|upkeep\n|turn|5\n|n|!miguelowned|miguelowned\n|l|!miguelowned\n|player|p1|\n|j|!miguelowned\n|player|p1|miguelowned|102|\n|inactive|Battle timer is ON: inactive players will automatically lose when time's up. (requested by toonami89)\n|\n|t:|1746047820\n|move|p2b: Incineroar|U-turn|p1a: Chi-Yu\n|-damage|p1a: Chi-Yu|27/100\n|\n|t:|1746047825\n|switch|p2b: Miraidon|Miraidon, L50, tera:Fairy|75/100|[from] U-turn\n|-activate|p2b: Miraidon|ability: Hadron Engine\n|move|p2a: Koraidon|Collision Course|p1a: Chi-Yu\n|-supereffective|p1a: Chi-Yu\n|-damage|p1a: Chi-Yu|0 fnt\n|faint|p1a: Chi-Yu\n|\n|win|toonami89\n", "uploadtime": 1746047789, "views": 6, "formatid": "gen9vgc2025regibo3", "rating": null, "private": 0, "password": null}