{"id": "gen9vgc2025regibo3-2355129778", "format": "[Gen 9] VGC 2025 Reg I (Bo3)", "players": ["Grimm neighh", "Squ1dge_"], "log": "|j|\u2606Grimm neighh\n|j|\u2606Squ1dge_\n|html|<table width=\"100%\"><tr><td align=\"left\">Grimm neighh</td><td align=\"right\">Squ1dge_</tr><tr><td align=\"left\"><i class=\"fa fa-circle-o\"></i> <i class=\"fa fa-circle-o\"></i> </td><td align=\"right\"><i class=\"fa fa-circle-o\"></i> <i class=\"fa fa-circle-o\"></i> </tr></table>\n|uhtml|bestof|<h2><strong>Game 1</strong> of <a href=\"/game-bestof3-gen9vgc2025regibo3-2355129777\">a best-of-3</a></h2>\n|t:|1746156257\n|gametype|doubles\n|player|p1|Grimm neighh|101|1361\n|player|p2|Squ1dge_|102|1458\n|teamsize|p1|6\n|teamsize|p2|6\n|gen|9\n|tier|[Gen 9] VGC 2025 Reg I (Bo3)\n|rated|\n|rule|Species Clause: Limit one of each Pok\u00e9mon\n|rule|Item Clause: Limit 1 of each item\n|clearpoke\n|poke|p1|Terapagos, L50, M|\n|poke|p1|Rillaboom, L50, M|\n|poke|p1|Incineroar, L50, F|\n|poke|p1|Urshifu-*, L50, F|\n|poke|p1|Flutter Mane, L50|\n|poke|p1|Calyrex-Shadow, L50|\n|poke|p2|Zamazenta-*, L50|\n|poke|p2|Calyrex-Shadow, L50|\n|poke|p2|Tornadus, L50, M|\n|poke|p2|Urshifu-*, L50, F|\n|poke|p2|Amoonguss, L50, F|\n|poke|p2|Chien-Pao, L50|\n|teampreview|4\n|showteam|p1|Terapagos||Leftovers|TeraShift|TeraStarstorm,Protect,Substitute,CalmMind|||M|||50|,,,,,Stellar]Rillaboom||AssaultVest|GrassySurge|FakeOut,WoodHammer,GrassyGlide,Uturn|||M|||50|,,,,,Grass]Incineroar||RockyHelmet|Intimidate|FakeOut,KnockOff,PartingShot,WillOWisp|||F|||50|,,,,,Ghost]Urshifu-Rapid-Strike||MysticWater|UnseenFist|SurgingStrikes,CloseCombat,AquaJet,Detect|||F|||50|,,,,,Water]Flutter Mane||BoosterEnergy|Protosynthesis|Moonblast,IcyWind,ThunderWave,Protect||||||50|,,,,,Fairy]Calyrex-Shadow||FocusSash|AsOneSpectrier|Protect,AstralBarrage,WillOWisp,Disable||||||50|,,,,,Ghost\n|showteam|p2|Zamazenta-Crowned||RustedShield|DauntlessShield|BodyPress,HeavySlam,WideGuard,Protect||||||50|,,,,,Dragon]Calyrex-Shadow||LifeOrb|AsOneSpectrier|AstralBarrage,Psychic,NastyPlot,Protect||||||50|,,,,,Dark]Tornadus||CovertCloak|Prankster|BleakwindStorm,Tailwind,RainDance,Taunt|||M|||50|,,,,,Dark]Urshifu-Rapid-Strike||MysticWater|UnseenFist|SurgingStrikes,CloseCombat,AquaJet,Detect|||F|||50|,,,,,Water]Amoonguss||RockyHelmet|Regenerator|SludgeBomb,Spore,RagePowder,Protect|||F|||50|,,,,,Water]Chien-Pao||FocusSash|SwordofRuin|SuckerPunch,Crunch,IceSpinner,Protect||||||50|,,,,,Stellar\n|\n|t:|1746156284\n|start\n|switch|p1a: Incineroar|Incineroar, L50, F|100/100\n|switch|p1b: Calyrex|Calyrex-Shadow, L50|100/100\n|switch|p2a: Calyrex|Calyrex-Shadow, L50|100/100\n|switch|p2b: Tornadus|Tornadus, L50, M|100/100\n|-ability|p1b: Calyrex|As One\n|-ability|p1b: Calyrex|Unnerve\n|-ability|p2a: Calyrex|As One\n|-ability|p2a: Calyrex|Unnerve\n|-ability|p1a: Incineroar|Intimidate|boost\n|-unboost|p2a: Calyrex|atk|1\n|-unboost|p2b: Tornadus|atk|1\n|turn|1\n|\n|t:|1746156336\n|move|p2a: Calyrex|Protect|p2a: Calyrex\n|-singleturn|p2a: Calyrex|Protect\n|move|p1b: Calyrex|Protect|p1b: Calyrex\n|-singleturn|p1b: Calyrex|Protect\n|move|p2b: Tornadus|Tailwind|p2b: Tornadus\n|-sidestart|p2: Squ1dge_|move: Tailwind\n|move|p1a: Incineroar|Will-O-Wisp|p2a: Calyrex\n|-activate|p2a: Calyrex|move: Protect\n|\n|upkeep\n|turn|2\n|\n|t:|1746156355\n|switch|p1b: Terapagos|Terapagos, L50, M|100/100\n|-activate|p1b: Terapagos|ability: Tera Shift\n|detailschange|p1b: Terapagos|Terapagos-Terastal, L50, M\n|-heal|p1b: Terapagos|100/100|[silent]\n|-terastallize|p2a: Calyrex|Dark\n|move|p2a: Calyrex|Astral Barrage|p1b: Terapagos|[spread] p1a\n|-immune|p1b: Terapagos\n|-resisted|p1a: Incineroar\n|-damage|p1a: Incineroar|72/100\n|-damage|p2a: Calyrex|91/100|[from] item: Life Orb\n|move|p2b: Tornadus|Bleakwind Storm|p1a: Incineroar|[spread] p1a,p1b\n|-activate|p1b: Terapagos|ability: Tera Shell\n|-resisted|p1b: Terapagos\n|-damage|p1a: Incineroar|41/100\n|-damage|p1b: Terapagos|86/100\n|-unboost|p1a: Incineroar|spe|1\n|move|p1a: Incineroar|Knock Off|p2a: Calyrex\n|-resisted|p2a: Calyrex\n|-damage|p2a: Calyrex|70/100\n|-enditem|p2a: Calyrex|Life Orb|[from] move: Knock Off|[of] p1a: Incineroar\n|\n|-heal|p1b: Terapagos|93/100|[from] item: Leftovers\n|upkeep\n|turn|3\n|\n|t:|1746156394\n|switch|p2a: Zamazenta|Zamazenta-Crowned, L50|100/100\n|-ability|p2a: Zamazenta|Dauntless Shield|boost\n|-boost|p2a: Zamazenta|def|1\n|-terastallize|p1b: Terapagos|Stellar\n|detailschange|p1b: Terapagos|Terapagos-Stellar, L50, M, tera:Stellar\n|-heal|p1b: Terapagos|95/100|[silent]\n|move|p2b: Tornadus|Taunt|p1b: Terapagos\n|-start|p1b: Terapagos|move: Taunt\n|move|p1b: Terapagos|Tera Starstorm|p2b: Tornadus|[spread] p2a,p2b\n|-damage|p2a: Zamazenta|70/100\n|-damage|p2b: Tornadus|47/100\n|move|p1a: Incineroar|Will-O-Wisp|p2a: Zamazenta\n|-status|p2a: Zamazenta|brn\n|\n|-heal|p1b: Terapagos|100/100|[from] item: Leftovers\n|-damage|p2a: Zamazenta|63/100 brn|[from] brn\n|upkeep\n|turn|4\n|\n|t:|1746156425\n|move|p2a: Zamazenta|Body Press|p1a: Incineroar\n|-supereffective|p1a: Incineroar\n|-damage|p1a: Incineroar|0 fnt\n|-damage|p2a: Zamazenta|47/100 brn|[from] item: Rocky Helmet|[of] p1a: Incineroar\n|faint|p1a: Incineroar\n|move|p2b: Tornadus|Bleakwind Storm|p1b: Terapagos\n|-damage|p1b: Terapagos|72/100\n|move|p1b: Terapagos|Tera Starstorm|p2b: Tornadus|[spread] p2a,p2b\n|-damage|p2a: Zamazenta|20/100 brn\n|-damage|p2b: Tornadus|0 fnt\n|faint|p2b: Tornadus\n|\n|-heal|p1b: Terapagos|79/100|[from] item: Leftovers\n|-damage|p2a: Zamazenta|14/100 brn|[from] brn\n|-sideend|p2: Squ1dge_|move: Tailwind\n|upkeep\n|\n|t:|1746156441\n|switch|p2b: Calyrex|Calyrex-Shadow, L50, tera:Dark|70/100\n|switch|p1a: Flutter Mane|Flutter Mane, L50|100/100\n|-ability|p2b: Calyrex|As One\n|-ability|p2b: Calyrex|Unnerve\n|-enditem|p1a: Flutter Mane|Booster Energy\n|-activate|p1a: Flutter Mane|ability: Protosynthesis|[fromitem]\n|-start|p1a: Flutter Mane|protosynthesisspe\n|turn|5\n|\n|t:|1746156457\n|move|p1a: Flutter Mane|Moonblast|p2b: Calyrex\n|-supereffective|p2b: Calyrex\n|-damage|p2b: Calyrex|0 fnt\n|faint|p2b: Calyrex\n|move|p2a: Zamazenta|Heavy Slam|p1a: Flutter Mane\n|-supereffective|p1a: Flutter Mane\n|-damage|p1a: Flutter Mane|24/100\n|move|p1b: Terapagos|Tera Starstorm|p2a: Zamazenta\n|-damage|p2a: Zamazenta|0 fnt\n|faint|p2a: Zamazenta\n|\n|-heal|p1b: Terapagos|85/100|[from] item: Leftovers\n|-end|p1b: Terapagos|move: Taunt\n|upkeep\n|\n|t:|1746156460\n|switch|p2b: Urshifu|Urshifu-Rapid-Strike, L50, F|100/100\n|turn|6\n|-message|Squ1dge_ forfeited.\n|\n|win|Grimm neighh\n||Squ1dge_ is ready for game 2.\n|inactive|Grimm neighh has 30 seconds to confirm battle start!\n|inactive|Grimm neighh has 20 seconds to confirm battle start!\n|inactive|Grimm neighh has 10 seconds to confirm battle start!\n|uhtml|next|Next: <a href=\"/battle-gen9vgc2025regibo3-2355131603\"><strong>Game 2 of 3</strong></a>\n|l|\u2606Squ1dge_\n|player|p2|\n", "uploadtime": 1746156474, "views": 6, "formatid": "gen9vgc2025regibo3", "rating": null, "private": 0, "password": null}