{"id": "gen9vgc2025regibo3-2354772815", "format": "[Gen 9] VGC 2025 Reg I (Bo3)", "players": ["eldesmayos", "rubentino"], "log": "|j|\u2606eldesmayos\n|j|\u2606rubentino\n|html|<table width=\"100%\"><tr><td align=\"left\">eldesmayos</td><td align=\"right\">rubentino</tr><tr><td align=\"left\"><i class=\"fa fa-circle-o\"></i> <i class=\"fa fa-circle-o\"></i> </td><td align=\"right\"><i class=\"fa fa-circle-o\"></i> <i class=\"fa fa-circle\"></i> </tr></table>\n|uhtml|bestof|<h2><strong>Game 2</strong> of <a href=\"/game-bestof3-gen9vgc2025regibo3-2354768648\">a best-of-3</a></h2>\n|t:|1746118476\n|gametype|doubles\n|player|p1|eldesmayos|102|1094\n|player|p2|rubentino|1|1095\n|teamsize|p1|6\n|teamsize|p2|6\n|gen|9\n|tier|[Gen 9] VGC 2025 Reg I (Bo3)\n|rated|\n|rule|Species Clause: Limit one of each Pok\u00e9mon\n|rule|Item Clause: Limit 1 of each item\n|clearpoke\n|poke|p1|Calyrex-Shadow, L50|\n|poke|p1|Urshifu-*, L50, M|\n|poke|p1|Amoonguss, L50, M|\n|poke|p1|Incineroar, L50, F|\n|poke|p1|Rillaboom, L50, F|\n|poke|p1|Terapagos, L50, M|\n|poke|p2|Terapagos, L50, M|\n|poke|p2|Calyrex-Shadow, L50|\n|poke|p2|Incineroar, L50, F|\n|poke|p2|Rillaboom, L50, F|\n|poke|p2|Urshifu-*, L50, F|\n|poke|p2|Amoonguss, L50, M|\n|teampreview|4\n|showteam|p1|Calyrex-Shadow||FocusSash|AsOneSpectrier|AstralBarrage,Protect,WillOWisp,Disable||||||50|,,,,,Dark]Urshifu-Rapid-Strike||ChoiceScarf|UnseenFist|SurgingStrikes,CloseCombat,IceSpinner,Uturn|||M|||50|,,,,,Water]Amoonguss||RockyHelmet|Regenerator|RagePowder,Spore,PollenPuff,Protect|||M|||50|,,,,,Water]Incineroar||SafetyGoggles|Intimidate|PartingShot,FakeOut,KnockOff,WillOWisp|||F|||50|,,,,,Dark]Rillaboom||AssaultVest|GrassySurge|FakeOut,WoodHammer,Uturn,GrassyGlide|||F|||50|,,,,,Grass]Terapagos||Leftovers|TeraShift|TeraStarstorm,CalmMind,Protect,EarthPower|||M|||50|,,,,,Stellar\n|showteam|p2|Terapagos||Leftovers|TeraShift|TeraStarstorm,EarthPower,CalmMind,Protect|||M|||50|,,,,,Stellar]Calyrex-Shadow||FocusSash|AsOneSpectrier|AstralBarrage,Encore,Disable,Protect||||||50|,,,,,Ghost]Incineroar||SafetyGoggles|Intimidate|FakeOut,KnockOff,WillOWisp,PartingShot|||F|||50|,,,,,Bug]Rillaboom||AssaultVest|GrassySurge|FakeOut,WoodHammer,GrassyGlide,Uturn|||F|||50|,,,,,Water]Urshifu-Rapid-Strike||ChoiceScarf|UnseenFist|SurgingStrikes,CloseCombat,AquaJet,Uturn|||F|||50|,,,,,Water]Amoonguss||RockyHelmet|Regenerator|SludgeBomb,Spore,RagePowder,Protect|||M|||50|,,,,,Water\n|inactive|Battle timer is ON: inactive players will automatically lose when time's up. (requested by rubentino)\n|\n|t:|1746118517\n|start\n|switch|p1a: Incineroar|Incineroar, L50, F|100/100\n|switch|p1b: Calyrex|Calyrex-Shadow, L50|100/100\n|switch|p2a: Terapagos|Terapagos, L50, M|100/100\n|switch|p2b: Amoonguss|Amoonguss, L50, M|100/100\n|-activate|p2a: Terapagos|ability: Tera Shift\n|detailschange|p2a: Terapagos|Terapagos-Terastal, L50, M\n|-heal|p2a: Terapagos|100/100|[silent]\n|-ability|p1b: Calyrex|As One\n|-ability|p1b: Calyrex|Unnerve\n|-ability|p1a: Incineroar|Intimidate|boost\n|-unboost|p2a: Terapagos|atk|1\n|-unboost|p2b: Amoonguss|atk|1\n|turn|1\n|inactive|rubentino has 30 seconds left.\n|inactive|rubentino has 20 seconds left.\n|inactive|rubentino has 15 seconds left.\n|inactive|rubentino has 10 seconds left.\n|\n|t:|1746118565\n|move|p1a: Incineroar|Fake Out|p2b: Amoonguss\n|-damage|p2b: Amoonguss|93/100\n|-damage|p1a: Incineroar|84/100|[from] item: Rocky Helmet|[of] p2b: Amoonguss\n|move|p1b: Calyrex|Astral Barrage|p2a: Terapagos|[spread] p2b\n|-immune|p2a: Terapagos\n|-damage|p2b: Amoonguss|39/100\n|move|p2a: Terapagos|Calm Mind|p2a: Terapagos\n|-boost|p2a: Terapagos|spa|1\n|-boost|p2a: Terapagos|spd|1\n|cant|p2b: Amoonguss|flinch\n|\n|upkeep\n|turn|2\n|\n|t:|1746118589\n|-terastallize|p2a: Terapagos|Stellar\n|detailschange|p2a: Terapagos|Terapagos-Stellar, L50, M, tera:Stellar\n|-heal|p2a: Terapagos|100/100|[silent]\n|move|p2b: Amoonguss|Protect|p2b: Amoonguss\n|-singleturn|p2b: Amoonguss|Protect\n|move|p1b: Calyrex|Astral Barrage|p2b: Amoonguss|[spread] \n|-activate|p2b: Amoonguss|move: Protect\n|-immune|p2a: Terapagos\n|move|p2a: Terapagos|Earth Power|p1a: Incineroar\n|-supereffective|p1a: Incineroar\n|-damage|p1a: Incineroar|1/100\n|move|p1a: Incineroar|Parting Shot|p2a: Terapagos\n|-unboost|p2a: Terapagos|atk|1\n|-unboost|p2a: Terapagos|spa|1\n|\n|t:|1746118606\n|switch|p1a: Terapagos|Terapagos, L50, M|100/100|[from] Parting Shot\n|-activate|p1a: Terapagos|ability: Tera Shift\n|detailschange|p1a: Terapagos|Terapagos-Terastal, L50, M\n|-heal|p1a: Terapagos|100/100|[silent]\n|\n|upkeep\n|turn|3\n|inactive|eldesmayos has 30 seconds left.\n|inactive|eldesmayos has 20 seconds left.\n|\n|t:|1746118644\n|switch|p2b: Incineroar|Incineroar, L50, F|100/100\n|-ability|p2b: Incineroar|Intimidate|boost\n|-unboost|p1a: Terapagos|atk|1\n|-unboost|p1b: Calyrex|atk|1\n|-terastallize|p1a: Terapagos|Stellar\n|detailschange|p1a: Terapagos|Terapagos-Stellar, L50, M, tera:Stellar\n|-heal|p1a: Terapagos|100/100|[silent]\n|move|p1b: Calyrex|Disable|p2a: Terapagos\n|-start|p2a: Terapagos|Disable|Earth Power\n|move|p1a: Terapagos|Tera Starstorm|p2b: Incineroar|[spread] p2a,p2b\n|-supereffective|p2a: Terapagos\n|-damage|p2a: Terapagos|69/100\n|-damage|p2b: Incineroar|70/100\n|move|p2a: Terapagos|Calm Mind|p2a: Terapagos\n|-boost|p2a: Terapagos|spa|1\n|-boost|p2a: Terapagos|spd|1\n|\n|-heal|p2a: Terapagos|76/100|[from] item: Leftovers\n|upkeep\n|turn|4\n|inactive|rubentino has 30 seconds left.\n|\n|t:|1746118672\n|move|p1a: Terapagos|Protect|p1a: Terapagos\n|-singleturn|p1a: Terapagos|Protect\n|move|p1b: Calyrex|Astral Barrage|p2a: Terapagos|[spread] p2b\n|-immune|p2a: Terapagos\n|-resisted|p2b: Incineroar\n|-damage|p2b: Incineroar|44/100\n|move|p2a: Terapagos|Tera Starstorm|p1a: Terapagos|[spread] p1b\n|-activate|p1a: Terapagos|move: Protect\n|-damage|p1b: Calyrex|52/100\n|move|p2b: Incineroar|Knock Off|p1b: Calyrex\n|-supereffective|p1b: Calyrex\n|-damage|p1b: Calyrex|0 fnt\n|-enditem|p1b: Calyrex|Focus Sash|[from] move: Knock Off|[of] p2b: Incineroar\n|faint|p1b: Calyrex\n|\n|-heal|p2a: Terapagos|82/100|[from] item: Leftovers\n|upkeep\n|\n|t:|1746118690\n|switch|p1b: Rillaboom|Rillaboom, L50, F|100/100\n|-fieldstart|move: Grassy Terrain|[from] ability: Grassy Surge|[of] p1b: Rillaboom\n|turn|5\n|\n|t:|1746118702\n|move|p2a: Terapagos|Protect|p2a: Terapagos\n|-singleturn|p2a: Terapagos|Protect\n|move|p1b: Rillaboom|Fake Out|p2a: Terapagos\n|-activate|p2a: Terapagos|move: Protect\n|move|p1a: Terapagos|Tera Starstorm|p2a: Terapagos|[spread] p2b\n|-activate|p2a: Terapagos|move: Protect\n|-damage|p2b: Incineroar|15/100\n|move|p2b: Incineroar|Parting Shot|p1a: Terapagos\n|-unboost|p1a: Terapagos|atk|1\n|-unboost|p1a: Terapagos|spa|1\n|\n|t:|1746118715\n|switch|p2b: Amoonguss|Amoonguss, L50, M|73/100|[from] Parting Shot\n|\n|-heal|p2a: Terapagos|88/100|[from] Grassy Terrain\n|-heal|p2a: Terapagos|94/100|[from] item: Leftovers\n|-heal|p2b: Amoonguss|79/100|[from] Grassy Terrain\n|upkeep\n|turn|6\n|inactive|eldesmayos has 30 seconds left.\n|inactive|eldesmayos has 20 seconds left.\n|inactive|eldesmayos has 15 seconds left.\n|\n|t:|1746118755\n|move|p1b: Rillaboom|U-turn|p2b: Amoonguss\n|-damage|p2b: Amoonguss|63/100\n|-damage|p1b: Rillaboom|84/100|[from] item: Rocky Helmet|[of] p2b: Amoonguss\n|\n|t:|1746118759\n|switch|p1b: Incineroar|Incineroar, L50, F|1/100|[from] U-turn\n|-ability|p1b: Incineroar|Intimidate|boost\n|-unboost|p2a: Terapagos|atk|1\n|-unboost|p2b: Amoonguss|atk|1\n|move|p1a: Terapagos|Calm Mind|p1a: Terapagos\n|-boost|p1a: Terapagos|spa|1\n|-boost|p1a: Terapagos|spd|1\n|move|p2a: Terapagos|Tera Starstorm|p1b: Incineroar|[spread] p1a,p1b\n|-supereffective|p1a: Terapagos\n|-damage|p1a: Terapagos|59/100\n|-damage|p1b: Incineroar|0 fnt\n|faint|p1b: Incineroar\n|move|p2b: Amoonguss|Spore|p1a: Terapagos\n|-status|p1a: Terapagos|slp|[from] move: Spore\n|\n|-heal|p1a: Terapagos|65/100 slp|[from] Grassy Terrain\n|-heal|p1a: Terapagos|72/100 slp|[from] item: Leftovers\n|-heal|p2a: Terapagos|100/100|[from] Grassy Terrain\n|-heal|p2b: Amoonguss|69/100|[from] Grassy Terrain\n|-end|p2a: Terapagos|Disable\n|upkeep\n|\n|t:|1746118779\n|switch|p1b: Rillaboom|Rillaboom, L50, F|84/100\n|turn|7\n|\n|t:|1746118786\n|move|p1b: Rillaboom|Fake Out|p2a: Terapagos\n|-damage|p2a: Terapagos|93/100\n|cant|p1a: Terapagos|slp\n|cant|p2a: Terapagos|flinch\n|move|p2b: Amoonguss|Sludge Bomb|p1b: Rillaboom\n|-supereffective|p1b: Rillaboom\n|-damage|p1b: Rillaboom|43/100\n|\n|-heal|p1b: Rillaboom|49/100|[from] Grassy Terrain\n|-heal|p1a: Terapagos|78/100 slp|[from] Grassy Terrain\n|-heal|p1a: Terapagos|84/100 slp|[from] item: Leftovers\n|-heal|p2a: Terapagos|99/100|[from] Grassy Terrain\n|-heal|p2a: Terapagos|100/100|[from] item: Leftovers\n|-heal|p2b: Amoonguss|74/100|[from] Grassy Terrain\n|upkeep\n|turn|8\n|\n|t:|1746118808\n|move|p1b: Rillaboom|Wood Hammer|p2a: Terapagos\n|-damage|p2a: Terapagos|66/100\n|-damage|p1b: Rillaboom|35/100|[from] Recoil\n|cant|p1a: Terapagos|slp\n|move|p2a: Terapagos|Tera Starstorm|p1a: Terapagos|[spread] p1a,p1b\n|-supereffective|p1a: Terapagos\n|-damage|p1a: Terapagos|43/100 slp\n|-damage|p1b: Rillaboom|0 fnt\n|faint|p1b: Rillaboom\n|move|p2b: Amoonguss|Spore|p1a: Terapagos\n|-fail|p1a: Terapagos|slp\n|\n|-heal|p1a: Terapagos|49/100 slp|[from] Grassy Terrain\n|-heal|p1a: Terapagos|55/100 slp|[from] item: Leftovers\n|-heal|p2a: Terapagos|72/100|[from] Grassy Terrain\n|-heal|p2a: Terapagos|79/100|[from] item: Leftovers\n|-heal|p2b: Amoonguss|80/100|[from] Grassy Terrain\n|upkeep\n|turn|9\n|\n|t:|1746118830\n|-curestatus|p1a: Terapagos|slp|[msg]\n|move|p1a: Terapagos|Tera Starstorm|p2a: Terapagos|[spread] p2a,p2b\n|-supereffective|p2a: Terapagos\n|-damage|p2a: Terapagos|59/100\n|-damage|p2b: Amoonguss|51/100\n|move|p2a: Terapagos|Tera Starstorm|p1a: Terapagos\n|-supereffective|p1a: Terapagos\n|-damage|p1a: Terapagos|2/100\n|move|p2b: Amoonguss|Spore|p1a: Terapagos\n|-status|p1a: Terapagos|slp|[from] move: Spore\n|\n|-heal|p1a: Terapagos|9/100 slp|[from] Grassy Terrain\n|-heal|p1a: Terapagos|15/100 slp|[from] item: Leftovers\n|-heal|p2a: Terapagos|65/100|[from] Grassy Terrain\n|-heal|p2a: Terapagos|72/100|[from] item: Leftovers\n|-heal|p2b: Amoonguss|57/100|[from] Grassy Terrain\n|-fieldend|move: Grassy Terrain\n|upkeep\n|turn|10\n|\n|t:|1746118849\n|cant|p1a: Terapagos|slp\n|move|p2a: Terapagos|Tera Starstorm|p1a: Terapagos\n|-supereffective|p1a: Terapagos\n|-damage|p1a: Terapagos|0 fnt\n|faint|p1a: Terapagos\n|\n|win|rubentino\n|raw|eldesmayos's rating: 1094 &rarr; <strong>1070</strong><br />(-24 for losing)\n|raw|rubentino's rating: 1095 &rarr; <strong>1121</strong><br />(+26 for winning)\n", "uploadtime": 1746118854, "views": 7, "formatid": "gen9vgc2025regibo3", "rating": 1070, "private": 0, "password": null}