{"id": "gen9vgc2025regibo3-2353700910", "format": "[Gen 9] VGC 2025 Reg I (Bo3)", "players": ["beonum2", "Markingdra"], "log": "|j|\u2606beonum2\n|j|\u2606Markingdra\n|html|<table width=\"100%\"><tr><td align=\"left\">beonum2</td><td align=\"right\">Markingdra</tr><tr><td align=\"left\"><i class=\"fa fa-circle-o\"></i> <i class=\"fa fa-circle-o\"></i> </td><td align=\"right\"><i class=\"fa fa-circle-o\"></i> <i class=\"fa fa-circle-o\"></i> </tr></table>\n|uhtml|bestof|<h2><strong>Game 1</strong> of <a href=\"/game-bestof3-gen9vgc2025regibo3-2353700909\">a best-of-3</a></h2>\n|t:|1745985517\n|gametype|doubles\n|player|p1|beonum2|2|1131\n|player|p2|Markingdra|rocketgrunt|1174\n|teamsize|p1|6\n|teamsize|p2|6\n|gen|9\n|tier|[Gen 9] VGC 2025 Reg I (Bo3)\n|rated|\n|rule|Species Clause: Limit one of each Pok\u00e9mon\n|rule|Item Clause: Limit 1 of each item\n|clearpoke\n|poke|p1|Groudon, L50|\n|poke|p1|Miraidon, L50|\n|poke|p1|Chi-Yu, L50|\n|poke|p1|Whimsicott, L50, M|\n|poke|p1|Gothitelle, L50, F|\n|poke|p1|Flutter Mane, L50|\n|poke|p2|Koraidon, L50|\n|poke|p2|Lunala, L50|\n|poke|p2|Indeedee-F, L50, F|\n|poke|p2|Ursaluna, L50, F|\n|poke|p2|Chi-Yu, L50|\n|poke|p2|Whimsicott, L50, M|\n|teampreview|4\n|showteam|p1|Groudon||ClearAmulet|Drought|PrecipiceBlades,HeatCrash,Protect,HighHorsepower||||||50|,,,,,Fairy]Miraidon||ChoiceSpecs|HadronEngine|DazzlingGleam,ElectroDrift,VoltSwitch,DracoMeteor||||||50|,,,,,Fairy]Chi-Yu||ChoiceScarf|BeadsofRuin|HeatWave,DarkPulse,Overheat,Snarl||||||50|,,,,,Ghost]Whimsicott||CovertCloak|Prankster|Moonblast,Encore,Taunt,Tailwind|||M|||50|,,,,,Dark]Gothitelle||ElectricSeed|ShadowTag|FakeOut,TrickRoom,Protect,FoulPlay|||F|||50|,,,,,Dark]Flutter Mane||FocusSash|Protosynthesis|IcyWind,Moonblast,Protect,PerishSong||||||50|,,,,,Fire\n|showteam|p2|Koraidon||LifeOrb|OrichalcumPulse|CloseCombat,FlareBlitz,BreakingSwipe,Protect||||||50|,,,,,Fire]Lunala||PowerHerb|ShadowShield|WideGuard,ExpandingForce,MoongeistBeam,MeteorBeam||||||50|,,,,,Water]Indeedee-F||RockyHelmet|PsychicSurge|FollowMe,HelpingHand,TrickRoom,Psychic|||F|||50|,,,,,Water]Ursaluna||FlameOrb|Guts|Facade,HeadlongRush,Earthquake,Protect|||F|||50|,,,,,Ground]Chi-Yu||ChoiceScarf|BeadsofRuin|HeatWave,Overheat,DarkPulse,Snarl||||||50|,,,,,Fire]Whimsicott||FocusSash|Prankster|SunnyDay,Tailwind,Moonblast,GrassKnot|||M|||50|,,,,,Water\n|\n|t:|1745985565\n|start\n|switch|p1a: Uber Futaber|Flutter Mane, L50|100/100\n|switch|p1b: Gotigo gran Figo|Gothitelle, L50, F|100/100\n|switch|p2a: Indeedee|Indeedee-F, L50, F|100/100\n|switch|p2b: Lunala|Lunala, L50|100/100\n|-fieldstart|move: Psychic Terrain|[from] ability: Psychic Surge|[of] p2a: Indeedee\n|turn|1\n|\n|t:|1745985586\n|-end|p1a: Uber Futaber|Protosynthesis|[silent]\n|switch|p1a: Bicicletta Elettra|Miraidon, L50|100/100\n|-fieldstart|move: Electric Terrain|[from] ability: Hadron Engine|[of] p1a: Bicicletta Elettra\n|-enditem|p1b: Gotigo gran Figo|Electric Seed\n|-boost|p1b: Gotigo gran Figo|def|1|[from] item: Electric Seed\n|move|p1b: Gotigo gran Figo|Fake Out|p2a: Indeedee\n|-damage|p2a: Indeedee|95/100\n|-damage|p1b: Gotigo gran Figo|84/100|[from] item: Rocky Helmet|[of] p2a: Indeedee\n|move|p2b: Lunala|Meteor Beam||[still]\n|-prepare|p2b: Lunala|Meteor Beam\n|-boost|p2b: Lunala|spa|1\n|-enditem|p2b: Lunala|Power Herb\n|-anim|p2b: Lunala|Meteor Beam|p1a: Bicicletta Elettra\n|-damage|p1a: Bicicletta Elettra|47/100\n|cant|p2a: Indeedee|flinch\n|\n|upkeep\n|turn|2\n|\n|t:|1745985618\n|move|p1a: Bicicletta Elettra|Volt Switch|p2b: Lunala\n|-crit|p2b: Lunala\n|-damage|p2b: Lunala|45/100\n|\n|t:|1745985623\n|switch|p1a: Uber Futaber|Flutter Mane, L50|100/100|[from] Volt Switch\n|move|p2b: Lunala|Moongeist Beam|p1b: Gotigo gran Figo\n|-supereffective|p1b: Gotigo gran Figo\n|-damage|p1b: Gotigo gran Figo|0 fnt\n|faint|p1b: Gotigo gran Figo\n|move|p2a: Indeedee|Trick Room|p2a: Indeedee\n|-fieldstart|move: Trick Room|[of] p2a: Indeedee\n|\n|upkeep\n|\n|t:|1745985636\n|switch|p1b: Gorerra Lucerterra|Groudon, L50|100/100\n|-weather|SunnyDay|[from] ability: Drought|[of] p1b: Gorerra Lucerterra\n|-activate|p1a: Uber Futaber|ability: Protosynthesis\n|-start|p1a: Uber Futaber|protosynthesisspe\n|turn|3\n|\n|t:|1745985662\n|move|p2a: Indeedee|Psychic|p1a: Uber Futaber\n|-damage|p1a: Uber Futaber|65/100\n|move|p1b: Gorerra Lucerterra|Precipice Blades|p2b: Lunala|[spread] p2a\n|-miss|p1b: Gorerra Lucerterra|p2b: Lunala\n|-damage|p2a: Indeedee|43/100\n|move|p2b: Lunala|Moongeist Beam|p1a: Uber Futaber\n|-supereffective|p1a: Uber Futaber\n|-crit|p1a: Uber Futaber\n|-damage|p1a: Uber Futaber|0 fnt\n|faint|p1a: Uber Futaber\n|-end|p1a: Uber Futaber|Protosynthesis|[silent]\n|\n|-weather|SunnyDay|[upkeep]\n|upkeep\n|\n|t:|1745985676\n|switch|p1a: Bicicletta Elettra|Miraidon, L50|47/100\n|-activate|p1a: Bicicletta Elettra|ability: Hadron Engine\n|turn|4\n|\n|t:|1745985730\n|move|p2a: Indeedee|Helping Hand|p2b: Lunala\n|-singleturn|p2b: Lunala|Helping Hand|[of] p2a: Indeedee\n|move|p1b: Gorerra Lucerterra|High Horsepower|p2b: Lunala\n|-damage|p2b: Lunala|0 fnt\n|faint|p2b: Lunala\n|move|p1a: Bicicletta Elettra|Electro Drift|p2a: Indeedee\n|-damage|p2a: Indeedee|0 fnt\n|-damage|p1a: Bicicletta Elettra|30/100|[from] item: Rocky Helmet|[of] p2a: Indeedee\n|faint|p2a: Indeedee\n|\n|-weather|SunnyDay|[upkeep]\n|upkeep\n|\n|t:|1745985739\n|switch|p2a: Ursaluna|Ursaluna, L50, F|100/100\n|switch|p2b: Chi-Yu|Chi-Yu, L50|100/100\n|-ability|p2b: Chi-Yu|Beads of Ruin\n|turn|5\n|\n|t:|1745985760\n|move|p2a: Ursaluna|Facade|p1a: Bicicletta Elettra\n|-damage|p1a: Bicicletta Elettra|0 fnt\n|faint|p1a: Bicicletta Elettra\n|move|p1b: Gorerra Lucerterra|Precipice Blades|p2b: Chi-Yu|[spread] p2a,p2b\n|-supereffective|p2b: Chi-Yu\n|-damage|p2a: Ursaluna|66/100\n|-damage|p2b: Chi-Yu|0 fnt\n|faint|p2b: Chi-Yu\n|\n|-weather|SunnyDay|[upkeep]\n|-fieldend|move: Electric Terrain\n|-status|p2a: Ursaluna|brn|[from] item: Flame Orb\n|upkeep\n|turn|6\n|\n|t:|1745985777\n|move|p2a: Ursaluna|Facade|p1b: Gorerra Lucerterra\n|-damage|p1b: Gorerra Lucerterra|5/100\n|move|p1b: Gorerra Lucerterra|High Horsepower|p2a: Ursaluna\n|-damage|p2a: Ursaluna|28/100 brn\n|\n|-weather|SunnyDay|[upkeep]\n|-damage|p2a: Ursaluna|22/100 brn|[from] brn\n|-fieldend|move: Trick Room\n|upkeep\n|turn|7\n|c|\u2606beonum2|why on gods green earth are you running max speed lunala in trick room\n|\n|t:|1745985798\n|move|p1b: Gorerra Lucerterra|High Horsepower|p2a: Ursaluna\n|-damage|p2a: Ursaluna|0 fnt\n|faint|p2a: Ursaluna\n|\n|win|beonum2\n||beonum2 is ready for game 2.\n|inactive|Markingdra has 30 seconds to confirm battle start!\n|inactive|Markingdra has 20 seconds to confirm battle start!\n|inactive|Markingdra has 10 seconds to confirm battle start!\n|uhtml|next|Next: <a href=\"/battle-gen9vgc2025regibo3-2353703192\"><strong>Game 2 of 3</strong></a>\n|l|\u2606Markingdra\n|player|p2|\n", "uploadtime": 1745986165, "views": 6, "formatid": "gen9vgc2025regibo3", "rating": null, "private": 0, "password": null}