{"id": "gen9vgc2025regibo3-2354007576", "format": "[Gen 9] VGC 2025 Reg I (Bo3)", "players": ["WestyLiam", "Doofusburger666"], "log": "|j|\u2606WestyLiam\n|j|\u2606Doofusburger666\n|html|<table width=\"100%\"><tr><td align=\"left\">WestyLiam</td><td align=\"right\">Doofusburger666</tr><tr><td align=\"left\"><i class=\"fa fa-circle-o\"></i> <i class=\"fa fa-circle-o\"></i> </td><td align=\"right\"><i class=\"fa fa-circle-o\"></i> <i class=\"fa fa-circle-o\"></i> </tr></table>\n|uhtml|bestof|<h2><strong>Game 1</strong> of <a href=\"/game-bestof3-gen9vgc2025regibo3-2354007575\">a best-of-3</a></h2>\n|t:|1746026981\n|gametype|doubles\n|player|p1|WestyLiam|ingo|1146\n|player|p2|Doofusburger666|roxie|1048\n|teamsize|p1|6\n|teamsize|p2|6\n|gen|9\n|tier|[Gen 9] VGC 2025 Reg I (Bo3)\n|rated|\n|rule|Species Clause: Limit one of each Pok\u00e9mon\n|rule|Item Clause: Limit 1 of each item\n|clearpoke\n|poke|p1|Calyrex-Ice, L50|\n|poke|p1|Iron Valiant, L50|\n|poke|p1|Farigiraf, L50, F|\n|poke|p1|Iron Hands, L50|\n|poke|p1|Miraidon, L50|\n|poke|p1|Ogerpon-Cornerstone, L50, F|\n|poke|p2|Rampardos, L50, M|\n|poke|p2|Calyrex-Ice, L50|\n|poke|p2|Lunala, L50|\n|poke|p2|Indeedee-F, L50, F|\n|poke|p2|Amoonguss, L50, M|\n|poke|p2|Skeledirge, L50, F|\n|teampreview|4\n|showteam|p1|Calyrex-Ice||ClearAmulet|AsOneGlastrier|GlacialLance,HighHorsepower,TrickRoom,Protect||||||50|,,,,,Fire]Iron Valiant||BoosterEnergy|QuarkDrive|IcyWind,Encore,Coaching,WideGuard||||||50|,,,,,Ghost]Farigiraf||ElectricSeed|ArmorTail|FoulPlay,Psychic,TrickRoom,HelpingHand|||F|||50|,,,,,Water]Iron Hands||AssaultVest|QuarkDrive|LowKick,DrainPunch,HeavySlam,FakeOut||||||50|,,,,,Bug]Miraidon||ChoiceSpecs|HadronEngine|ElectroDrift,DracoMeteor,DazzlingGleam,VoltSwitch||||||50|,,,,,Fairy]Ogerpon-Cornerstone||CornerstoneMask|Sturdy|IvyCudgel,PowerWhip,FollowMe,SpikyShield|||F|||50|,,,,,Rock\n|showteam|p2|Rampardos||LifeOrb|SheerForce|HammerArm,ThunderPunch,RockSlide,Protect|||M|||50|,,,,,Stellar]Calyrex-Ice||ClearAmulet|AsOneGlastrier|GlacialLance,HighHorsepower,TrickRoom,Protect||||||50|,,,,,Water]Lunala||PowerHerb|ShadowShield|MoongeistBeam,MeteorBeam,WideGuard,TrickRoom||||||50|,,,,,Normal]Indeedee-F||PsychicSeed|PsychicSurge|TrickRoom,FollowMe,HelpingHand,Psychic|||F|||50|,,,,,Dark]Amoonguss||Leftovers|Regenerator|Spore,RagePowder,PollenPuff,ClearSmog|||M|||50|,,,,,Water]Skeledirge||SitrusBerry|Unaware|WillOWisp,ShadowBall,TorchSong,Protect|||F|||50|,,,,,Grass\n|inactive|Battle timer is ON: inactive players will automatically lose when time's up. (requested by WestyLiam)\n|\n|t:|1746026999\n|start\n|switch|p1a: Calyrex|Calyrex-Ice, L50|100/100\n|switch|p1b: Iron Valiant|Iron Valiant, L50|100/100\n|switch|p2a: Skeledirge|Skeledirge, L50, F, shiny|100/100\n|switch|p2b: Longfaceclopyhove|Calyrex-Ice, L50|100/100\n|-ability|p1a: Calyrex|As One\n|-ability|p1a: Calyrex|Unnerve\n|-ability|p2b: Longfaceclopyhove|As One\n|-ability|p2b: Longfaceclopyhove|Unnerve\n|-enditem|p1b: Iron Valiant|Booster Energy\n|-activate|p1b: Iron Valiant|ability: Quark Drive|[fromitem]\n|-start|p1b: Iron Valiant|quarkdrivespe\n|turn|1\n|inactive|Doofusburger666 has 30 seconds left.\n|\n|t:|1746027028\n|-terastallize|p1a: Calyrex|Fire\n|move|p1b: Iron Valiant|Coaching|p1a: Calyrex\n|-boost|p1a: Calyrex|atk|1\n|-boost|p1a: Calyrex|def|1\n|move|p2a: Skeledirge|Will-O-Wisp|p1a: Calyrex\n|-immune|p1a: Calyrex\n|move|p1a: Calyrex|Glacial Lance|p2b: Longfaceclopyhove|[spread] p2a,p2b\n|-resisted|p2a: Skeledirge\n|-resisted|p2b: Longfaceclopyhove\n|-damage|p2a: Skeledirge|75/100\n|-damage|p2b: Longfaceclopyhove|72/100\n|move|p2b: Longfaceclopyhove|High Horsepower|p1b: Iron Valiant\n|-damage|p1b: Iron Valiant|55/100\n|\n|upkeep\n|turn|2\n|\n|t:|1746027047\n|move|p1b: Iron Valiant|Coaching|p1a: Calyrex\n|-boost|p1a: Calyrex|atk|1\n|-boost|p1a: Calyrex|def|1\n|move|p2a: Skeledirge|Shadow Ball|p1b: Iron Valiant\n|-damage|p1b: Iron Valiant|2/100\n|-unboost|p1b: Iron Valiant|spd|1\n|move|p1a: Calyrex|Glacial Lance|p2b: Longfaceclopyhove|[spread] p2a,p2b\n|-resisted|p2a: Skeledirge\n|-resisted|p2b: Longfaceclopyhove\n|-damage|p2a: Skeledirge|51/100\n|-damage|p2b: Longfaceclopyhove|40/100\n|move|p2b: Longfaceclopyhove|High Horsepower|p1a: Calyrex\n|-supereffective|p1a: Calyrex\n|-damage|p1a: Calyrex|71/100\n|\n|upkeep\n|turn|3\n|\n|t:|1746027072\n|move|p1b: Iron Valiant|Icy Wind|p2a: Skeledirge|[spread] p2a,p2b\n|-resisted|p2a: Skeledirge\n|-resisted|p2b: Longfaceclopyhove\n|-damage|p2a: Skeledirge|47/100\n|-damage|p2b: Longfaceclopyhove|37/100\n|-unboost|p2a: Skeledirge|spe|1\n|move|p1a: Calyrex|High Horsepower|p2a: Skeledirge|[miss]\n|-miss|p1a: Calyrex|p2a: Skeledirge\n|move|p2a: Skeledirge|Shadow Ball|p1a: Calyrex\n|-damage|p1a: Calyrex|49/100\n|move|p2b: Longfaceclopyhove|Glacial Lance|p1b: Iron Valiant|[spread] p1a,p1b\n|-resisted|p1a: Calyrex\n|-damage|p1a: Calyrex|40/100\n|-damage|p1b: Iron Valiant|0 fnt\n|faint|p1b: Iron Valiant\n|-end|p1b: Iron Valiant|Quark Drive|[silent]\n|-ability|p2b: Longfaceclopyhove|Chilling Neigh|boost\n|-boost|p2b: Longfaceclopyhove|atk|1\n|\n|upkeep\n|\n|t:|1746027076\n|switch|p1b: Miraidon|Miraidon, L50|100/100\n|-fieldstart|move: Electric Terrain|[from] ability: Hadron Engine|[of] p1b: Miraidon\n|turn|4\n|inactive|Doofusburger666 has 30 seconds left.\n|\n|t:|1746027104\n|move|p2b: Longfaceclopyhove|Protect|p2b: Longfaceclopyhove\n|-singleturn|p2b: Longfaceclopyhove|Protect\n|move|p1b: Miraidon|Volt Switch|p2b: Longfaceclopyhove\n|-activate|p2b: Longfaceclopyhove|move: Protect\n|move|p1a: Calyrex|High Horsepower|p2a: Skeledirge\n|-supereffective|p2a: Skeledirge\n|-damage|p2a: Skeledirge|0 fnt\n|faint|p2a: Skeledirge\n|-ability|p1a: Calyrex|Chilling Neigh|boost\n|-boost|p1a: Calyrex|atk|1\n|\n|upkeep\n|\n|t:|1746027118\n|switch|p2a: Dope mf|Lunala, L50, shiny|100/100\n|turn|5\n|\n|t:|1746027135\n|move|p1a: Calyrex|Protect|p1a: Calyrex\n|-singleturn|p1a: Calyrex|Protect\n|move|p1b: Miraidon|Volt Switch|p2b: Longfaceclopyhove\n|-damage|p2b: Longfaceclopyhove|0 fnt\n|faint|p2b: Longfaceclopyhove\n|\n|t:|1746027139\n|switch|p1b: Ogerpon|Ogerpon-Cornerstone, L50, F|100/100|[from] Volt Switch\n|move|p2a: Dope mf|Meteor Beam||[still]\n|-prepare|p2a: Dope mf|Meteor Beam\n|-boost|p2a: Dope mf|spa|1\n|-enditem|p2a: Dope mf|Power Herb\n|-anim|p2a: Dope mf|Meteor Beam|p1a: Calyrex\n|-activate|p1a: Calyrex|move: Protect\n|\n|upkeep\n|\n|t:|1746027148\n|switch|p2b: Scuttabug|Rampardos, L50, M, shiny|100/100\n|turn|6\n|\n|t:|1746027155\n|move|p2a: Dope mf|Wide Guard|p2a: Dope mf\n|-singleturn|p2a: Dope mf|Wide Guard\n|move|p1b: Ogerpon|Follow Me|p1b: Ogerpon\n|-singleturn|p1b: Ogerpon|move: Follow Me\n|move|p1a: Calyrex|Glacial Lance|p2b: Scuttabug|[spread] \n|-activate|p2a: Dope mf|move: Wide Guard\n|-activate|p2b: Scuttabug|move: Wide Guard\n|move|p2b: Scuttabug|Rock Slide|p1a: Calyrex|[spread] p1a\n|-miss|p2b: Scuttabug|p1b: Ogerpon\n|-supereffective|p1a: Calyrex\n|-damage|p1a: Calyrex|2/100\n|\n|upkeep\n|turn|7\n|inactive|Doofusburger666 has 30 seconds left.\n|\n|t:|1746027182\n|move|p1a: Calyrex|Protect|p1a: Calyrex\n|-singleturn|p1a: Calyrex|Protect\n|move|p1b: Ogerpon|Ivy Cudgel|p2a: Dope mf|[anim] Ivy Cudgel Rock\n|-damage|p2a: Dope mf|78/100\n|move|p2a: Dope mf|Moongeist Beam|p1b: Ogerpon\n|-damage|p1b: Ogerpon|0 fnt\n|faint|p1b: Ogerpon\n|move|p2b: Scuttabug|Rock Slide|p1a: Calyrex\n|-activate|p1a: Calyrex|move: Protect\n|\n|upkeep\n|\n|t:|1746027193\n|switch|p1b: Miraidon|Miraidon, L50|100/100\n|-activate|p1b: Miraidon|ability: Hadron Engine\n|turn|8\n|\n|t:|1746027207\n|move|p2a: Dope mf|Wide Guard|p2a: Dope mf\n|-singleturn|p2a: Dope mf|Wide Guard\n|move|p1b: Miraidon|Electro Drift|p2a: Dope mf\n|-damage|p2a: Dope mf|0 fnt\n|faint|p2a: Dope mf\n|move|p1a: Calyrex|Glacial Lance|p2b: Scuttabug\n|-activate|p2b: Scuttabug|move: Wide Guard\n|move|p2b: Scuttabug|Rock Slide|p1b: Miraidon|[spread] p1a,p1b\n|-supereffective|p1a: Calyrex\n|-crit|p1a: Calyrex\n|-damage|p1a: Calyrex|0 fnt\n|-damage|p1b: Miraidon|29/100\n|faint|p1a: Calyrex\n|\n|-fieldend|move: Electric Terrain\n|upkeep\n|turn|9\n|\n|t:|1746027227\n|move|p2b: Scuttabug|Protect|p2b: Scuttabug\n|-singleturn|p2b: Scuttabug|Protect\n|move|p1b: Miraidon|Electro Drift|p2b: Scuttabug\n|-activate|p2b: Scuttabug|move: Protect\n|\n|upkeep\n|turn|10\n|\n|t:|1746027238\n|move|p1b: Miraidon|Electro Drift|p2b: Scuttabug\n|-damage|p2b: Scuttabug|0 fnt\n|faint|p2b: Scuttabug\n|\n|win|WestyLiam\n||Doofusburger666 is ready for game 2.\n||WestyLiam is ready for game 2.\n|uhtml|next|Next: <a href=\"/battle-gen9vgc2025regibo3-2354010590\"><strong>Game 2 of 3</strong></a>\n|l|\u2606Doofusburger666\n|player|p2|\n|l|\u2606WestyLiam\n|player|p1|\n", "uploadtime": 1746027514, "views": 7, "formatid": "gen9vgc2025regibo3", "rating": null, "private": 0, "password": null}