{"id": "gen9vgc2025regibo3-2355128274", "format": "[Gen 9] VGC 2025 Reg I (Bo3)", "players": ["gsgsysnsns", "is_katabo"], "log": "|j|\u2606gsgsysnsns\n|j|\u2606is_katabo\n|html|<table width=\"100%\"><tr><td align=\"left\">gsgsysnsns</td><td align=\"right\">is_katabo</tr><tr><td align=\"left\"><i class=\"fa fa-circle\"></i> <i class=\"fa fa-circle-o\"></i> </td><td align=\"right\"><i class=\"fa fa-circle-o\"></i> <i class=\"fa fa-circle\"></i> </tr></table>\n|uhtml|bestof|<h2><strong>Game 3</strong> of <a href=\"/game-bestof3-gen9vgc2025regibo3-2355125053\">a best-of-3</a></h2>\n|t:|1746156064\n|gametype|doubles\n|player|p1|gsgsysnsns|beauty-gen5bw2|1081\n|player|p2|is_katabo|caitlin|1237\n|teamsize|p1|6\n|teamsize|p2|6\n|gen|9\n|tier|[Gen 9] VGC 2025 Reg I (Bo3)\n|rated|\n|rule|Species Clause: Limit one of each Pok\u00e9mon\n|rule|Item Clause: Limit 1 of each item\n|clearpoke\n|poke|p1|Calyrex-Shadow, L50|\n|poke|p1|Zamazenta-*, L50|\n|poke|p1|Incineroar, L50, F|\n|poke|p1|Rillaboom, L50, F|\n|poke|p1|Ogerpon-Cornerstone, L50, F|\n|poke|p1|Pelipper, L50, M|\n|poke|p2|Koraidon, L50|\n|poke|p2|Calyrex-Shadow, L50|\n|poke|p2|Chi-Yu, L50|\n|poke|p2|Indeedee-F, L50, F|\n|poke|p2|Brute Bonnet, L50|\n|poke|p2|Flutter Mane, L50|\n|teampreview|4\n|showteam|p1|Calyrex-Shadow||LifeOrb|AsOneSpectrier|AstralBarrage,Psychic,NastyPlot,Protect||||||50|,,,,,Normal]Zamazenta-Crowned||RustedShield|DauntlessShield|BodyPress,behemothbash,WideGuard,Protect||||||50|,,,,,Water]Incineroar||RockyHelmet|Intimidate|KnockOff,FlareBlitz,PartingShot,FakeOut|||F|||50|,,,,,Water]Rillaboom||AssaultVest|GrassySurge|WoodHammer,GrassyGlide,Uturn,FakeOut|||F|||50|,,,,,Fire]Ogerpon-Cornerstone||CornerstoneMask|Sturdy|IvyCudgel,GrassyGlide,FollowMe,SpikyShield|||F|||50|,,,,,Rock]Pelipper||FocusSash|Drizzle|WeatherBall,Hurricane,Tailwind,WideGuard|||M|||50|,,,,,Ghost\n|showteam|p2|Koraidon||LifeOrb|OrichalcumPulse|CloseCombat,FlareBlitz,FlameCharge,Protect||||||50|,,,,,Fire]Calyrex-Shadow||FocusSash|AsOneSpectrier|AstralBarrage,ExpandingForce,ShadowBall,Protect||||||50|,,,,,Ghost]Chi-Yu||ChoiceScarf|BeadsofRuin|DarkPulse,Snarl,HeatWave,Overheat||||||50|,,,,,Ghost]Indeedee-F||RockyHelmet|PsychicSurge|Psychic,FollowMe,HelpingHand,TrickRoom|||F|||50|,,,,,Water]Brute Bonnet||CovertCloak|Protosynthesis|SeedBomb,SuckerPunch,RagePowder,Spore||||||50|,,,,,Water]Flutter Mane||BoosterEnergy|Protosynthesis|Moonblast,IcyWind,Taunt,Protect||||||50|,,,,,Water\n|inactive|Battle timer is ON: inactive players will automatically lose when time's up. (requested by gsgsysnsns)\n|\n|t:|1746156087\n|start\n|switch|p1a: Rillaboom|Rillaboom, L50, F|100/100\n|switch|p1b: Incineroar|Incineroar, L50, F|100/100\n|switch|p2a: Chicken|Koraidon, L50|100/100\n|switch|p2b: Pufferfish|Chi-Yu, L50|100/100\n|-ability|p2b: Pufferfish|Beads of Ruin\n|-weather|SunnyDay|[from] ability: Orichalcum Pulse|[of] p2a: Chicken\n|-activate|p2a: Chicken|Orichalcum Pulse|[source]\n|-fieldstart|move: Grassy Terrain|[from] ability: Grassy Surge|[of] p1a: Rillaboom\n|-ability|p1b: Incineroar|Intimidate|boost\n|-unboost|p2a: Chicken|atk|1\n|-unboost|p2b: Pufferfish|atk|1\n|turn|1\n|inactive|gsgsysnsns has 30 seconds left.\n|inactive|is_katabo has 30 seconds left.\n|inactive|gsgsysnsns has 20 seconds left.\n|inactive|is_katabo has 20 seconds left.\n|\n|t:|1746156124\n|move|p2a: Chicken|Protect|p2a: Chicken\n|-singleturn|p2a: Chicken|Protect\n|move|p1a: Rillaboom|Fake Out|p2a: Chicken\n|-activate|p2a: Chicken|move: Protect\n|move|p2b: Pufferfish|Heat Wave|p1b: Incineroar|[spread] p1a,p1b\n|-supereffective|p1a: Rillaboom\n|-resisted|p1b: Incineroar\n|-damage|p1a: Rillaboom|3/100\n|-damage|p1b: Incineroar|61/100\n|move|p1b: Incineroar|Knock Off|p2b: Pufferfish\n|-resisted|p2b: Pufferfish\n|-damage|p2b: Pufferfish|68/100\n|-enditem|p2b: Pufferfish|Choice Scarf|[from] move: Knock Off|[of] p1b: Incineroar\n|\n|-weather|SunnyDay|[upkeep]\n|-heal|p2b: Pufferfish|74/100|[from] Grassy Terrain\n|-heal|p1a: Rillaboom|9/100|[from] Grassy Terrain\n|-heal|p1b: Incineroar|67/100|[from] Grassy Terrain\n|upkeep\n|turn|2\n|\n|t:|1746156145\n|-terastallize|p2a: Chicken|Fire\n|move|p2a: Chicken|Flame Charge|p1b: Incineroar\n|-resisted|p1b: Incineroar\n|-damage|p1b: Incineroar|47/100\n|-boost|p2a: Chicken|spe|1\n|-damage|p2a: Chicken|84/100|[from] item: Rocky Helmet|[of] p1b: Incineroar\n|-damage|p2a: Chicken|74/100|[from] item: Life Orb\n|move|p2b: Pufferfish|Heat Wave|p1a: Rillaboom|[spread] p1a,p1b\n|-supereffective|p1a: Rillaboom\n|-crit|p1a: Rillaboom\n|-resisted|p1b: Incineroar\n|-damage|p1a: Rillaboom|0 fnt\n|-damage|p1b: Incineroar|12/100\n|faint|p1a: Rillaboom\n|move|p1b: Incineroar|Knock Off|p2a: Chicken\n|-damage|p2a: Chicken|40/100\n|-enditem|p2a: Chicken|Life Orb|[from] move: Knock Off|[of] p1b: Incineroar\n|\n|-weather|SunnyDay|[upkeep]\n|-heal|p2a: Chicken|47/100|[from] Grassy Terrain\n|-heal|p2b: Pufferfish|80/100|[from] Grassy Terrain\n|-heal|p1b: Incineroar|18/100|[from] Grassy Terrain\n|upkeep\n|\n|t:|1746156163\n|switch|p1a: Zamazenta|Zamazenta-Crowned, L50|100/100\n|-ability|p1a: Zamazenta|Dauntless Shield|boost\n|-boost|p1a: Zamazenta|def|1\n|turn|3\n|\n|t:|1746156173\n|-terastallize|p1a: Zamazenta|Water\n|move|p2a: Chicken|Flame Charge|p1b: Incineroar\n|-resisted|p1b: Incineroar\n|-damage|p1b: Incineroar|2/100\n|-boost|p2a: Chicken|spe|1\n|-damage|p2a: Chicken|30/100|[from] item: Rocky Helmet|[of] p1b: Incineroar\n|move|p1a: Zamazenta|Body Press|p2a: Chicken\n|-damage|p2a: Chicken|0 fnt\n|faint|p2a: Chicken\n|move|p2b: Pufferfish|Overheat|p1a: Zamazenta|[miss]\n|-miss|p2b: Pufferfish|p1a: Zamazenta\n|move|p1b: Incineroar|Parting Shot|p2b: Pufferfish\n|-unboost|p2b: Pufferfish|atk|1\n|-unboost|p2b: Pufferfish|spa|1\n|\n|t:|1746156187\n|switch|p1b: Calyrex|Calyrex-Shadow, L50|100/100|[from] Parting Shot\n|-ability|p1b: Calyrex|As One\n|-ability|p1b: Calyrex|Unnerve\n|\n|-weather|SunnyDay|[upkeep]\n|-heal|p2b: Pufferfish|87/100|[from] Grassy Terrain\n|upkeep\n|\n|t:|1746156207\n|switch|p2a: Ghast|Flutter Mane, L50|100/100\n|-activate|p2a: Ghast|ability: Protosynthesis\n|-start|p2a: Ghast|protosynthesisspe\n|turn|4\n|\n|t:|1746156213\n|move|p1b: Calyrex|Protect|p1b: Calyrex\n|-singleturn|p1b: Calyrex|Protect\n|move|p2a: Ghast|Icy Wind|p1a: Zamazenta|[spread] p1a\n|-activate|p1b: Calyrex|move: Protect\n|-resisted|p1a: Zamazenta\n|-damage|p1a: Zamazenta|94/100\n|-unboost|p1a: Zamazenta|spe|1\n|move|p2b: Pufferfish|Dark Pulse|p1b: Calyrex\n|-activate|p1b: Calyrex|move: Protect\n|move|p1a: Zamazenta|Behemoth Bash|p2a: Ghast\n|-supereffective|p2a: Ghast\n|-damage|p2a: Ghast|0 fnt\n|faint|p2a: Ghast\n|-end|p2a: Ghast|Protosynthesis|[silent]\n|\n|-weather|SunnyDay|[upkeep]\n|-heal|p2b: Pufferfish|93/100|[from] Grassy Terrain\n|-heal|p1a: Zamazenta|99/100|[from] Grassy Terrain\n|upkeep\n|\n|t:|1746156228\n|switch|p2a: Goat|Indeedee-F, L50, F|100/100\n|-fieldstart|move: Psychic Terrain|[from] ability: Psychic Surge|[of] p2a: Goat\n|turn|5\n|\n|t:|1746156241\n|move|p2a: Goat|Follow Me|p2a: Goat\n|-singleturn|p2a: Goat|move: Follow Me\n|move|p1b: Calyrex|Astral Barrage|p2a: Goat|[spread] p2b\n|-immune|p2a: Goat\n|-resisted|p2b: Pufferfish\n|-damage|p2b: Pufferfish|54/100\n|-damage|p1b: Calyrex|91/100|[from] item: Life Orb\n|move|p2b: Pufferfish|Dark Pulse|p1a: Zamazenta\n|-damage|p1a: Zamazenta|71/100\n|move|p1a: Zamazenta|Body Press|p2a: Goat\n|-damage|p2a: Goat|36/100\n|-damage|p1a: Zamazenta|55/100|[from] item: Rocky Helmet|[of] p2a: Goat\n|\n|-weather|none\n|upkeep\n|turn|6\n|\n|t:|1746156258\n|move|p1b: Calyrex|Psychic|p2a: Goat\n|-resisted|p2a: Goat\n|-damage|p2a: Goat|0 fnt\n|faint|p2a: Goat\n|-ability|p1b: Calyrex|Grim Neigh|boost\n|-boost|p1b: Calyrex|spa|1\n|-damage|p1b: Calyrex|82/100|[from] item: Life Orb\n|move|p2b: Pufferfish|Dark Pulse|p1b: Calyrex\n|-supereffective|p1b: Calyrex\n|-damage|p1b: Calyrex|0 fnt\n|faint|p1b: Calyrex\n|move|p1a: Zamazenta|Body Press|p2b: Pufferfish\n|-supereffective|p2b: Pufferfish\n|-damage|p2b: Pufferfish|0 fnt\n|faint|p2b: Pufferfish\n|\n|win|gsgsysnsns\n|raw|gsgsysnsns's rating: 1081 &rarr; <strong>1121</strong><br />(+40 for winning)\n|raw|is_katabo's rating: 1237 &rarr; <strong>1201</strong><br />(-36 for losing)\n", "uploadtime": 1746156272, "views": 3, "formatid": "gen9vgc2025regibo3", "rating": 1121, "private": 0, "password": null}