{"id": "gen9vgc2025regibo3-2353930905", "format": "[Gen 9] VGC 2025 Reg I (Bo3)", "players": ["G00bermeister69420", "AwsoGlitch"], "log": "|j|\u2606G00bermeister69420\n|j|\u2606AwsoGlitch\n|html|<table width=\"100%\"><tr><td align=\"left\">G00bermeister69420</td><td align=\"right\">AwsoGlitch</tr><tr><td align=\"left\"><i class=\"fa fa-circle-o\"></i> <i class=\"fa fa-circle-o\"></i> </td><td align=\"right\"><i class=\"fa fa-circle-o\"></i> <i class=\"fa fa-circle-o\"></i> </tr></table>\n|uhtml|bestof|<h2><strong>Game 1</strong> of <a href=\"/game-bestof3-gen9vgc2025regibo3-2353930904\">a best-of-3</a></h2>\n|t:|1746020025\n|gametype|doubles\n|player|p1|G00bermeister69420|hiker-gen4|1091\n|player|p2|AwsoGlitch|riley|1067\n|teamsize|p1|6\n|teamsize|p2|6\n|gen|9\n|tier|[Gen 9] VGC 2025 Reg I (Bo3)\n|rated|\n|rule|Species Clause: Limit one of each Pok\u00e9mon\n|rule|Item Clause: Limit 1 of each item\n|clearpoke\n|poke|p1|Regidrago, L50|\n|poke|p1|Zacian-*, L50|\n|poke|p1|Calyrex-Ice, L50|\n|poke|p1|Ogerpon-Cornerstone, L50, F|\n|poke|p1|Chandelure, L50, M|\n|poke|p1|Ursaluna, L50, F|\n|poke|p2|Terapagos, L50, M|\n|poke|p2|Farigiraf, L50, F|\n|poke|p2|Incineroar, L50, F|\n|poke|p2|Calyrex-Ice, L50|\n|poke|p2|Ninetales-Alola, L50, M|\n|poke|p2|Landorus, L50, M|\n|teampreview|4\n|showteam|p1|Regidrago||IronBall|DragonsMaw|DragonEnergy,EarthPower,DragonPulse,Protect||||||50|,,,,,Dragon]Zacian-Crowned||RustedSword|IntrepidSword|behemothblade,PlayRough,SacredSword,Protect||||||50|,,,,,Fighting]Calyrex-Ice||PowerLens|AsOneGlastrier|GlacialLance,HealPulse,CloseCombat,TrickRoom||||||50|,,,,,Water]Ogerpon-Cornerstone||CornerstoneMask|Sturdy|SpikyShield,Taunt,FollowMe,IvyCudgel|||F|||50|,,,,,Rock]Chandelure||FocusSash|Infiltrator|TrickRoom,Flamethrower,ShadowBall,Haze|||M|||50|,,,,,Fire]Ursaluna||FlameOrb|Guts|Facade,BrickBreak,Protect,HeadlongRush|||F|||50|,,,,,Fighting\n|showteam|p2|Terapagos||Leftovers|TeraShift|Protect,TeraStarstorm,BugBuzz,DarkPulse|||M|||50|,,,,,Stellar]Farigiraf||MentalHerb|ArmorTail|TrickRoom,Endeavor,Psychic,Protect|||F|||50|,,,,,Steel]Incineroar||SafetyGoggles|Intimidate|FakeOut,PartingShot,FlareBlitz,KnockOff|||F|||50|,,,,,Ghost]Calyrex-Ice||CovertCloak|AsOneGlastrier|Protect,GlacialLance,HighHorsepower,Crunch||||||50|,,,,,Grass]Ninetales-Alola||LightClay|SnowWarning|Protect,AuroraVeil,Blizzard,MistyTerrain|||M|||50|,,,,,Grass]Landorus||LifeOrb|SheerForce|EarthPower,Psychic,SludgeWave,Protect|||M|||50|,,,,,Poison\n|inactive|Battle timer is ON: inactive players will automatically lose when time's up. (requested by AwsoGlitch)\n|\n|t:|1746020051\n|start\n|switch|p1a: Timmy|Ogerpon-Cornerstone, L50, F|100/100\n|switch|p1b: We are the pub|Calyrex-Ice, L50|100/100\n|switch|p2a: Incineroar|Incineroar, L50, F|100/100\n|switch|p2b: Farigiraf|Farigiraf, L50, F|100/100\n|-ability|p1b: We are the pub|As One\n|-ability|p1b: We are the pub|Unnerve\n|-ability|p2a: Incineroar|Intimidate|boost\n|-unboost|p1a: Timmy|atk|1\n|-unboost|p1b: We are the pub|atk|1\n|turn|1\n|\n|t:|1746020072\n|-terastallize|p2a: Incineroar|Ghost\n|move|p1a: Timmy|Follow Me|p1a: Timmy\n|-singleturn|p1a: Timmy|move: Follow Me\n|move|p2b: Farigiraf|Psychic|p1a: Timmy\n|-damage|p1a: Timmy|63/100\n|move|p2a: Incineroar|Knock Off|p1a: Timmy\n|-damage|p1a: Timmy|18/100\n|move|p1b: We are the pub|Trick Room|p1b: We are the pub\n|-fieldstart|move: Trick Room|[of] p1b: We are the pub\n|\n|upkeep\n|turn|2\n|\n|t:|1746020090\n|move|p1a: Timmy|Follow Me|p1a: Timmy\n|-singleturn|p1a: Timmy|move: Follow Me\n|move|p1b: We are the pub|Glacial Lance|p2a: Incineroar|[spread] p2a,p2b\n|-damage|p2a: Incineroar|67/100\n|-damage|p2b: Farigiraf|70/100\n|move|p2a: Incineroar|Parting Shot|p1a: Timmy\n|-unboost|p1a: Timmy|atk|1\n|-unboost|p1a: Timmy|spa|1\n|\n|t:|1746020101\n|switch|p2a: Calyrex|Calyrex-Ice, L50|100/100|[from] Parting Shot\n|-ability|p2a: Calyrex|As One\n|-ability|p2a: Calyrex|Unnerve\n|move|p2b: Farigiraf|Psychic|p1a: Timmy\n|-damage|p1a: Timmy|0 fnt\n|faint|p1a: Timmy\n|\n|upkeep\n|\n|t:|1746020110\n|switch|p1a: Ginshakaklook|Regidrago, L50|100/100\n|turn|3\n|\n|t:|1746020120\n|switch|p2b: Incineroar|Incineroar, L50, F, tera:Ghost|67/100\n|-ability|p2b: Incineroar|Intimidate|boost\n|-unboost|p1a: Ginshakaklook|atk|1\n|-unboost|p1b: We are the pub|atk|1\n|-terastallize|p1a: Ginshakaklook|Dragon\n|move|p1b: We are the pub|Close Combat|p2a: Calyrex\n|-damage|p2a: Calyrex|85/100\n|-unboost|p1b: We are the pub|def|1\n|-unboost|p1b: We are the pub|spd|1\n|move|p1a: Ginshakaklook|Dragon Energy|p2b: Incineroar|[spread] p2a,p2b\n|-damage|p2a: Calyrex|7/100\n|-damage|p2b: Incineroar|0 fnt\n|faint|p2b: Incineroar\n|move|p2a: Calyrex|Glacial Lance|p1b: We are the pub|[spread] p1a,p1b\n|-supereffective|p1a: Ginshakaklook\n|-resisted|p1b: We are the pub\n|-damage|p1a: Ginshakaklook|0 fnt\n|-damage|p1b: We are the pub|71/100\n|faint|p1a: Ginshakaklook\n|-ability|p2a: Calyrex|Chilling Neigh|boost\n|-boost|p2a: Calyrex|atk|1\n|\n|upkeep\n|\n|t:|1746020140\n|switch|p2b: Farigiraf|Farigiraf, L50, F|70/100\n|switch|p1a: Booger|Ursaluna, L50, F|100/100\n|turn|4\n|\n|t:|1746020149\n|switch|p2a: Ninetales|Ninetales-Alola, L50, M|100/100\n|-weather|Snowscape|[from] ability: Snow Warning|[of] p2a: Ninetales\n|move|p1b: We are the pub|Glacial Lance|p2b: Farigiraf|[spread] p2a,p2b\n|-resisted|p2a: Ninetales\n|-damage|p2a: Ninetales|84/100\n|-damage|p2b: Farigiraf|47/100\n|move|p1a: Booger|Headlong Rush|p2b: Farigiraf\n|-damage|p2b: Farigiraf|0 fnt\n|-unboost|p1a: Booger|def|1\n|-unboost|p1a: Booger|spd|1\n|faint|p2b: Farigiraf\n|\n|-weather|Snowscape|[upkeep]\n|-status|p1a: Booger|brn|[from] item: Flame Orb\n|upkeep\n|\n|t:|1746020156\n|switch|p2b: Calyrex|Calyrex-Ice, L50|7/100\n|-ability|p2b: Calyrex|As One\n|-ability|p2b: Calyrex|Unnerve\n|turn|5\n|\n|t:|1746020163\n|move|p2b: Calyrex|Protect|p2b: Calyrex\n|-singleturn|p2b: Calyrex|Protect\n|move|p2a: Ninetales|Protect|p2a: Ninetales\n|-singleturn|p2a: Ninetales|Protect\n|move|p1b: We are the pub|Glacial Lance|p2a: Ninetales|[spread] \n|-activate|p2a: Ninetales|move: Protect\n|-activate|p2b: Calyrex|move: Protect\n|move|p1a: Booger|Facade|p2a: Ninetales\n|-activate|p2a: Ninetales|move: Protect\n|\n|-weather|Snowscape|[upkeep]\n|-damage|p1a: Booger|95/100 brn|[from] brn\n|-fieldend|move: Trick Room\n|upkeep\n|turn|6\n|\n|t:|1746020167\n|move|p2a: Ninetales|Aurora Veil|p2a: Ninetales\n|-sidestart|p2: AwsoGlitch|move: Aurora Veil\n|move|p2b: Calyrex|Glacial Lance|p1b: We are the pub|[spread] p1a,p1b\n|-supereffective|p1a: Booger\n|-resisted|p1b: We are the pub\n|-crit|p1b: We are the pub\n|-damage|p1a: Booger|0 fnt\n|-damage|p1b: We are the pub|43/100\n|faint|p1a: Booger\n|-ability|p2b: Calyrex|Chilling Neigh|boost\n|-boost|p2b: Calyrex|atk|1\n|move|p1b: We are the pub|Glacial Lance|p2b: Calyrex|[spread] p2a,p2b\n|-resisted|p2a: Ninetales\n|-resisted|p2b: Calyrex\n|-damage|p2a: Ninetales|74/100\n|-damage|p2b: Calyrex|2/100\n|\n|-weather|Snowscape|[upkeep]\n|upkeep\n|turn|7\n|\n|t:|1746020177\n|move|p2a: Ninetales|Blizzard|p1b: We are the pub\n|-resisted|p1b: We are the pub\n|-damage|p1b: We are the pub|20/100\n|move|p2b: Calyrex|Crunch|p1b: We are the pub\n|-supereffective|p1b: We are the pub\n|-damage|p1b: We are the pub|0 fnt\n|faint|p1b: We are the pub\n|\n|win|AwsoGlitch\n||AwsoGlitch is ready for game 2.\n||G00bermeister69420 is ready for game 2.\n|uhtml|next|Next: <a href=\"/battle-gen9vgc2025regibo3-2353932474\"><strong>Game 2 of 3</strong></a>\n|l|\u2606G00bermeister69420\n|player|p1|\n|l|\u2606AwsoGlitch\n|player|p2|\n|j|\u2606G00bermeister69420\n|player|p1|G00bermeister69420|hiker-gen4|\n", "uploadtime": 1746020469, "views": 10, "formatid": "gen9vgc2025regibo3", "rating": null, "private": 0, "password": null}