{"id": "gen9vgc2025regibo3-2353987045", "format": "[Gen 9] VGC 2025 Reg I (Bo3)", "players": ["matrod", "lebobguy"], "log": "|j|\u2606matrod\n|j|\u2606lebobguy\n|html|<table width=\"100%\"><tr><td align=\"left\">matrod</td><td align=\"right\">lebobguy</tr><tr><td align=\"left\"><i class=\"fa fa-circle-o\"></i> <i class=\"fa fa-circle-o\"></i> </td><td align=\"right\"><i class=\"fa fa-circle-o\"></i> <i class=\"fa fa-circle-o\"></i> </tr></table>\n|uhtml|bestof|<h2><strong>Game 1</strong> of <a href=\"/game-bestof3-gen9vgc2025regibo3-2353987044\">a best-of-3</a></h2>\n|t:|1746025189\n|gametype|doubles\n|player|p1|matrod|steven|1291\n|player|p2|lebobguy|clown|1206\n|teamsize|p1|6\n|teamsize|p2|6\n|gen|9\n|tier|[Gen 9] VGC 2025 Reg I (Bo3)\n|rated|\n|rule|Species Clause: Limit one of each Pok\u00e9mon\n|rule|Item Clause: Limit 1 of each item\n|clearpoke\n|poke|p1|Koraidon, L50|\n|poke|p1|Calyrex-Shadow, L50|\n|poke|p1|Grimmsnarl, L50, M|\n|poke|p1|Brute Bonnet, L50|\n|poke|p1|Rillaboom, L50, M|\n|poke|p1|Weezing, L50, F|\n|poke|p2|Miraidon, L50|\n|poke|p2|Tornadus, L50, M|\n|poke|p2|Urshifu-*, L50, M|\n|poke|p2|Kyogre, L50|\n|poke|p2|Archaludon, L50, M|\n|poke|p2|Zoroark-Hisui, L50, F|\n|teampreview|4\n|showteam|p1|Koraidon||AbilityShield|OrichalcumPulse|CollisionCourse,FlareBlitz,FlameCharge,Protect||||||50|,,,,,Fire]Calyrex-Shadow||Leftovers|AsOneSpectrier|AstralBarrage,DrainingKiss,CalmMind,Protect||||||50|,,,,,Fairy]Grimmsnarl||LightClay|Prankster|Reflect,LightScreen,SpiritBreak,PartingShot|||M|||50|,,,,,Ghost]Brute Bonnet||CovertCloak|Protosynthesis|PollenPuff,SuckerPunch,Spore,RagePowder||||||50|,,,,,Fire]Rillaboom||AssaultVest|GrassySurge|FakeOut,WoodHammer,GrassyGlide,Uturn|||M|||50|,,,,,Fire]Weezing||FocusSash|NeutralizingGas|WillOWisp,ToxicSpikes,PoisonGas,Protect|||F|||50|,,,,,Normal\n|showteam|p2|Miraidon||ChoiceSpecs|HadronEngine|ElectroDrift,DazzlingGleam,VoltSwitch,DracoMeteor||||||50|,,,,,Fairy]Tornadus||CovertCloak|Prankster|Tailwind,Taunt,BleakwindStorm,Protect|||M|||50|,,,,,Dark]Urshifu-Rapid-Strike||MysticWater|UnseenFist|AquaJet,SurgingStrikes,LowKick,Detect|||M|||50|,,,,,Grass]Kyogre||LifeOrb|Drizzle|OriginPulse,IceBeam,MuddyWater,Protect||||||50|,,,,,Grass]Archaludon||AssaultVest|Stamina|ElectroShot,DracoMeteor,BodyPress,FlashCannon|||M|||50|,,,,,Ghost]Zoroark-Hisui||FocusSash|Illusion|BitterMalice,DarkPulse,Uturn,Detect|||F|||50|,,,,,Fairy\n|c|\u2606lebobguy|glhf :)\n|inactive|Battle timer is ON: inactive players will automatically lose when time's up. (requested by lebobguy)\n|c|\u2606matrod|U2\n|inactive|matrod has 60 seconds left.\n|\n|t:|1746025248\n|start\n|switch|p1a: Weezing|Weezing, L50, F, shiny|100/100\n|switch|p1b: Koraidon|Koraidon, L50|100/100\n|switch|p2a: Tornadus|Tornadus, L50, M|100/100\n|switch|p2b: Zoroark|Zoroark-Hisui, L50, F, shiny|100/100\n|-ability|p1a: Weezing|Neutralizing Gas\n|-block|p1b: Koraidon|item: Ability Shield\n|-weather|SunnyDay|[from] ability: Orichalcum Pulse|[of] p1b: Koraidon\n|-activate|p1b: Koraidon|Orichalcum Pulse|[source]\n|turn|1\n|inactive|matrod has 30 seconds left.\n|inactive|matrod has 20 seconds left.\n|\n|t:|1746025286\n|-terastallize|p1b: Koraidon|Fire\n|move|p1b: Koraidon|Flare Blitz|p2a: Tornadus\n|-crit|p2a: Tornadus\n|-damage|p2a: Tornadus|0 fnt\n|faint|p2a: Tornadus\n|-damage|p1b: Koraidon|66/100|[from] Recoil\n|move|p2b: Zoroark|Bitter Malice|p1b: Koraidon\n|-damage|p1b: Koraidon|25/100\n|-unboost|p1b: Koraidon|atk|1\n|move|p1a: Weezing|Poison Gas|p2b: Zoroark\n|-status|p2b: Zoroark|psn\n|\n|-weather|SunnyDay|[upkeep]\n|-damage|p2b: Zoroark|88/100 psn|[from] psn\n|upkeep\n|\n|t:|1746025292\n|switch|p2a: Miraidon|Miraidon, L50|100/100\n|turn|2\n|\n|t:|1746025310\n|move|p2a: Miraidon|Electro Drift|p1a: Weezing\n|-damage|p1a: Weezing|15/100\n|move|p1b: Koraidon|Collision Course|p2a: Miraidon\n|-damage|p2a: Miraidon|48/100\n|move|p2b: Zoroark|Bitter Malice|p1b: Koraidon\n|-damage|p1b: Koraidon|0 fnt\n|faint|p1b: Koraidon\n|move|p1a: Weezing|Toxic Spikes|p2a: Miraidon\n|-sidestart|p2: lebobguy|move: Toxic Spikes\n|\n|-weather|SunnyDay|[upkeep]\n|-damage|p2b: Zoroark|76/100 psn|[from] psn\n|upkeep\n|\n|t:|1746025331\n|switch|p1b: Brute Bonnet|Brute Bonnet, L50, shiny|100/100\n|turn|3\n|\n|t:|1746025342\n|move|p1a: Weezing|Protect|p1a: Weezing\n|-singleturn|p1a: Weezing|Protect\n|move|p2a: Miraidon|Electro Drift|p1a: Weezing\n|-activate|p1a: Weezing|move: Protect\n|move|p2b: Zoroark|U-turn|p1b: Brute Bonnet\n|-supereffective|p1b: Brute Bonnet\n|-damage|p1b: Brute Bonnet|60/100\n|\n|t:|1746025346\n|switch|p2b: Kyogre|Kyogre, L50|100/100|[from] U-turn\n|-status|p2b: Kyogre|psn\n|move|p1b: Brute Bonnet|Spore|p2a: Miraidon\n|-status|p2a: Miraidon|slp|[from] move: Spore\n|\n|-weather|SunnyDay|[upkeep]\n|-damage|p2b: Kyogre|88/100 psn|[from] psn\n|upkeep\n|turn|4\n|\n|t:|1746025366\n|-end|p1a: Weezing|ability: Neutralizing Gas\n|-fieldstart|move: Electric Terrain|[from] ability: Hadron Engine|[of] p2a: Miraidon\n|-weather|RainDance|[from] ability: Drizzle|[of] p2b: Kyogre\n|switch|p1a: Calyrex|Calyrex-Shadow, L50|100/100\n|-ability|p1a: Calyrex|As One\n|-ability|p1a: Calyrex|Unnerve\n|cant|p2a: Miraidon|slp\n|move|p2b: Kyogre|Ice Beam|p1b: Brute Bonnet\n|-supereffective|p1b: Brute Bonnet\n|-damage|p1b: Brute Bonnet|0 fnt\n|faint|p1b: Brute Bonnet\n|-end|p1b: Brute Bonnet|Protosynthesis|[silent]\n|-damage|p2b: Kyogre|79/100 psn|[from] item: Life Orb\n|\n|-weather|RainDance|[upkeep]\n|-damage|p2b: Kyogre|67/100 psn|[from] psn\n|upkeep\n|\n|t:|1746025376\n|switch|p1b: Weezing|Weezing, L50, F, shiny|15/100\n|-ability|p1b: Weezing|Neutralizing Gas\n|turn|5\n|inactive|matrod has 30 seconds left.\n|\n|t:|1746025404\n|switch|p2a: Zoroark|Zoroark-Hisui, L50, F, shiny|76/100 psn\n|move|p1a: Calyrex|Astral Barrage|p2a: Zoroark|[spread] p2b\n|-immune|p2a: Zoroark\n|-damage|p2b: Kyogre|25/100 psn\n|move|p2b: Kyogre|Origin Pulse|p1a: Calyrex|[spread] p1a\n|-miss|p2b: Kyogre|p1b: Weezing\n|-damage|p1a: Calyrex|25/100\n|-damage|p2b: Kyogre|15/100 psn|[from] item: Life Orb\n|move|p1b: Weezing|Poison Gas|p2b: Kyogre|[spread] \n|-fail|p2a: Zoroark|psn\n|-fail|p2b: Kyogre|psn\n|\n|-weather|RainDance|[upkeep]\n|-heal|p1a: Calyrex|31/100|[from] item: Leftovers\n|-damage|p2a: Zoroark|64/100 psn|[from] psn\n|-damage|p2b: Kyogre|3/100 psn|[from] psn\n|upkeep\n|turn|6\n|\n|t:|1746025414\n|move|p1a: Calyrex|Protect|p1a: Calyrex\n|-singleturn|p1a: Calyrex|Protect\n|move|p1b: Weezing|Protect|p1b: Weezing\n|-singleturn|p1b: Weezing|Protect\n|move|p2a: Zoroark|Bitter Malice|p1a: Calyrex\n|-activate|p1a: Calyrex|move: Protect\n|move|p2b: Kyogre|Origin Pulse|p1b: Weezing|[spread] \n|-activate|p1a: Calyrex|move: Protect\n|-activate|p1b: Weezing|move: Protect\n|\n|-weather|RainDance|[upkeep]\n|-heal|p1a: Calyrex|37/100|[from] item: Leftovers\n|-damage|p2a: Zoroark|51/100 psn|[from] psn\n|-damage|p2b: Kyogre|0 fnt|[from] psn\n|faint|p2b: Kyogre\n|upkeep\n|\n|t:|1746025416\n|switch|p2b: Miraidon|Miraidon, L50|48/100 slp\n|turn|7\n|\n|t:|1746025433\n|cant|p2b: Miraidon|slp\n|move|p1a: Calyrex|Draining Kiss|p2a: Zoroark\n|-damage|p2a: Zoroark|10/100 psn\n|-heal|p1a: Calyrex|58/100|[from] drain|[of] p2a: Zoroark\n|move|p2a: Zoroark|Bitter Malice|p1a: Calyrex\n|-supereffective|p1a: Calyrex\n|-damage|p1a: Calyrex|0 fnt\n|faint|p1a: Calyrex\n|move|p1b: Weezing|Poison Gas||[still]|[spread] \n|-fail|p2a: Zoroark|psn\n|-fail|p1b: Weezing\n|\n|-weather|RainDance|[upkeep]\n|-damage|p2a: Zoroark|0 fnt|[from] psn\n|faint|p2a: Zoroark\n|upkeep\n|turn|8\n|\n|t:|1746025442\n|-curestatus|p2b: Miraidon|slp|[msg]\n|move|p2b: Miraidon|Electro Drift|p1b: Weezing\n|-damage|p1b: Weezing|0 fnt\n|faint|p1b: Weezing\n|-end|p1b: Weezing|ability: Neutralizing Gas\n|-activate|p2b: Miraidon|ability: Hadron Engine\n|\n|win|lebobguy\n||matrod is ready for game 2.\n||lebobguy is ready for game 2.\n|uhtml|next|Next: <a href=\"/battle-gen9vgc2025regibo3-2353989934\"><strong>Game 2 of 3</strong></a>\n", "uploadtime": 1746025718, "views": 6, "formatid": "gen9vgc2025regibo3", "rating": null, "private": 0, "password": null}