{"id": "gen9vgc2025regibo3-2354590160", "format": "[Gen 9] VGC 2025 Reg I (Bo3)", "players": ["DrXJ13", "Rg67"], "log": "|j|\u2606DrXJ13\n|j|\u2606Rg67\n|html|<table width=\"100%\"><tr><td align=\"left\">DrXJ13</td><td align=\"right\">Rg67</tr><tr><td align=\"left\"><i class=\"fa fa-circle-o\"></i> <i class=\"fa fa-circle-o\"></i> </td><td align=\"right\"><i class=\"fa fa-circle-o\"></i> <i class=\"fa fa-circle-o\"></i> </tr></table>\n|uhtml|bestof|<h2><strong>Game 1</strong> of <a href=\"/game-bestof3-gen9vgc2025regibo3-2354590159\">a best-of-3</a></h2>\n|t:|1746099629\n|gametype|doubles\n|player|p1|DrXJ13|clair|1113\n|player|p2|Rg67|nate|1137\n|teamsize|p1|6\n|teamsize|p2|6\n|gen|9\n|tier|[Gen 9] VGC 2025 Reg I (Bo3)\n|rated|\n|rule|Species Clause: Limit one of each Pok\u00e9mon\n|rule|Item Clause: Limit 1 of each item\n|clearpoke\n|poke|p1|Calyrex-Shadow, L50|\n|poke|p1|Terapagos, L50, M|\n|poke|p1|Tornadus, L50, M|\n|poke|p1|Urshifu-*, L50, M|\n|poke|p1|Incineroar, L50, M|\n|poke|p1|Ogerpon-Cornerstone, L50, F|\n|poke|p2|Koraidon, L50|\n|poke|p2|Lunala, L50|\n|poke|p2|Chi-Yu, L50|\n|poke|p2|Flutter Mane, L50|\n|poke|p2|Indeedee-F, L50, F|\n|poke|p2|Whimsicott, L50, F|\n|teampreview|4\n|showteam|p1|Calyrex-Shadow||LifeOrb|AsOneSpectrier|AstralBarrage,DrainingKiss,NastyPlot,Protect||||||50|,,,,,Fairy]Terapagos||ChoiceSpecs|TeraShift|TeraStarstorm,HyperBeam,EarthPower,IceBeam|||M|||50|,,,,,Stellar]Tornadus||CovertCloak|Prankster|Tailwind,BleakwindStorm,Taunt,RainDance|||M|||50|,,,,,Dark]Urshifu-Rapid-Strike||MysticWater|UnseenFist|SurgingStrikes,CloseCombat,AquaJet,Detect|||M|||50|,,,,,Grass]Incineroar||RockyHelmet|Intimidate|FakeOut,FlareBlitz,KnockOff,PartingShot|||M|||50|,,,,,Ghost]Ogerpon-Cornerstone||CornerstoneMask|Sturdy|IvyCudgel,WoodHammer,FollowMe,SpikyShield|||F|||50|,,,,,Rock\n|showteam|p2|Koraidon||LifeOrb|OrichalcumPulse|FlameCharge,CloseCombat,FlareBlitz,Protect||||||50|,,,,,Fire]Lunala||PowerHerb|ShadowShield|MeteorBeam,MoongeistBeam,WideGuard,ExpandingForce||||||50|,,,,,Water]Chi-Yu||ChoiceScarf|BeadsofRuin|HeatWave,DarkPulse,Overheat,Snarl||||||50|,,,,,Ghost]Flutter Mane||FocusSash|Protosynthesis|Moonblast,ShadowBall,IcyWind,Protect||||||50|,,,,,Normal]Indeedee-F||RockyHelmet|PsychicSurge|AlluringVoice,TrickRoom,HelpingHand,FollowMe|||F|||50|,,,,,Fairy]Whimsicott||CovertCloak|Prankster|Moonblast,Tailwind,LightScreen,Encore|||F|||50|,,,,,Dark\n|inactive|Battle timer is ON: inactive players will automatically lose when time's up. (requested by DrXJ13)\n|j| Bushardo\n|inactive|Rg67 has 60 seconds left.\n|\n|t:|1746099678\n|start\n|switch|p1a: LuixenNoSkills|Terapagos, L50, M|100/100\n|switch|p1b: Maximiliano|Tornadus, L50, M|100/100\n|switch|p2a: Lunala|Lunala, L50|100/100\n|switch|p2b: Indeedee|Indeedee-F, L50, F|100/100\n|-activate|p1a: LuixenNoSkills|ability: Tera Shift\n|detailschange|p1a: LuixenNoSkills|Terapagos-Terastal, L50, M\n|-heal|p1a: LuixenNoSkills|100/100|[silent]\n|-fieldstart|move: Psychic Terrain|[from] ability: Psychic Surge|[of] p2b: Indeedee\n|turn|1\n|\n|t:|1746099698\n|switch|p1b: Cocinas locas|Ogerpon-Cornerstone, L50, F|100/100\n|move|p2a: Lunala|Meteor Beam||[still]\n|-prepare|p2a: Lunala|Meteor Beam\n|-boost|p2a: Lunala|spa|1\n|-enditem|p2a: Lunala|Power Herb\n|-anim|p2a: Lunala|Meteor Beam|p1b: Cocinas locas\n|-damage|p1b: Cocinas locas|24/100\n|move|p1a: LuixenNoSkills|Tera Starstorm|p2b: Indeedee\n|-damage|p2b: Indeedee|28/100\n|move|p2b: Indeedee|Trick Room|p2b: Indeedee\n|-fieldstart|move: Trick Room|[of] p2b: Indeedee\n|\n|upkeep\n|turn|2\n|\n|t:|1746099720\n|-terastallize|p1a: LuixenNoSkills|Stellar\n|detailschange|p1a: LuixenNoSkills|Terapagos-Stellar, L50, M, tera:Stellar\n|-heal|p1a: LuixenNoSkills|100/100|[silent]\n|-ability|p1a: LuixenNoSkills|Teraform Zero\n|-fieldend|move: Psychic Terrain\n|move|p2b: Indeedee|Alluring Voice|p1a: LuixenNoSkills\n|-damage|p1a: LuixenNoSkills|88/100\n|move|p1a: LuixenNoSkills|Tera Starstorm|p2a: Lunala|[spread] p2a,p2b\n|-damage|p2a: Lunala|82/100\n|-damage|p2b: Indeedee|0 fnt\n|faint|p2b: Indeedee\n|move|p2a: Lunala|Expanding Force|p1b: Cocinas locas\n|-damage|p1b: Cocinas locas|0 fnt\n|faint|p1b: Cocinas locas\n|\n|upkeep\n|\n|t:|1746099737\n|switch|p2b: Koraidon|Koraidon, L50|100/100\n|switch|p1b: Maximiliano|Tornadus, L50, M|100/100\n|-weather|SunnyDay|[from] ability: Orichalcum Pulse|[of] p2b: Koraidon\n|-activate|p2b: Koraidon|Orichalcum Pulse|[source]\n|turn|3\n|\n|t:|1746099747\n|switch|p1a: Bragulat|Calyrex-Shadow, L50|100/100\n|-ability|p1a: Bragulat|As One\n|-ability|p1a: Bragulat|Unnerve\n|move|p2a: Lunala|Wide Guard|p2a: Lunala\n|-singleturn|p2a: Lunala|Wide Guard\n|move|p1b: Maximiliano|Taunt|p2a: Lunala\n|-start|p2a: Lunala|move: Taunt\n|move|p2b: Koraidon|Close Combat|p1a: Bragulat\n|-immune|p1a: Bragulat\n|\n|-weather|SunnyDay|[upkeep]\n|upkeep\n|turn|4\n|inactive|Rg67 has 30 seconds left.\n|\n|t:|1746099772\n|-terastallize|p2b: Koraidon|Fire\n|move|p1a: Bragulat|Protect|p1a: Bragulat\n|-singleturn|p1a: Bragulat|Protect\n|move|p2a: Lunala|Moongeist Beam|p1a: Bragulat\n|-activate|p1a: Bragulat|move: Protect\n|move|p1b: Maximiliano|Bleakwind Storm|p2a: Lunala|[spread] p2a,p2b\n|-crit|p2a: Lunala\n|-damage|p2a: Lunala|50/100\n|-damage|p2b: Koraidon|70/100\n|-unboost|p2b: Koraidon|spe|1\n|move|p2b: Koraidon|Flame Charge|p1b: Maximiliano\n|-damage|p1b: Maximiliano|9/100\n|-boost|p2b: Koraidon|spe|1\n|-damage|p2b: Koraidon|60/100|[from] item: Life Orb\n|\n|-weather|SunnyDay|[upkeep]\n|upkeep\n|turn|5\n|inactive|Rg67 has 30 seconds left.\n|\n|t:|1746099798\n|switch|p1a: LuixenNoSkills|Terapagos-Stellar, L50, M, tera:Stellar|88/100\n|move|p1b: Maximiliano|Tailwind|p1b: Maximiliano\n|-sidestart|p1: DrXJ13|move: Tailwind\n|move|p2a: Lunala|Moongeist Beam|p1a: LuixenNoSkills\n|-immune|p1a: LuixenNoSkills\n|move|p2b: Koraidon|Flare Blitz|p1a: LuixenNoSkills\n|-damage|p1a: LuixenNoSkills|1/100\n|-damage|p2b: Koraidon|18/100|[from] Recoil\n|-damage|p2b: Koraidon|8/100|[from] item: Life Orb\n|\n|-weather|SunnyDay|[upkeep]\n|-fieldend|move: Trick Room\n|upkeep\n|turn|6\n|\n|t:|1746099820\n|move|p2b: Koraidon|Protect|p2b: Koraidon\n|-singleturn|p2b: Koraidon|Protect\n|move|p1b: Maximiliano|Bleakwind Storm|p2b: Koraidon|[spread] p2a\n|-activate|p2b: Koraidon|move: Protect\n|-damage|p2a: Lunala|28/100\n|move|p1a: LuixenNoSkills|Tera Starstorm|p2a: Lunala|[spread] p2a\n|-activate|p2b: Koraidon|move: Protect\n|-damage|p2a: Lunala|0 fnt\n|faint|p2a: Lunala\n|\n|-weather|SunnyDay|[upkeep]\n|upkeep\n|\n|t:|1746099838\n|switch|p2a: Flutter Mane|Flutter Mane, L50|100/100\n|-activate|p2a: Flutter Mane|ability: Protosynthesis\n|-start|p2a: Flutter Mane|protosynthesisspe\n|turn|7\n|\n|t:|1746099849\n|move|p1b: Maximiliano|Rain Dance|p1b: Maximiliano\n|-weather|RainDance\n|-end|p2a: Flutter Mane|Protosynthesis\n|move|p1a: LuixenNoSkills|Tera Starstorm|p2a: Flutter Mane|[spread] p2a,p2b\n|-supereffective|p2b: Koraidon\n|-damage|p2a: Flutter Mane|40/100\n|-damage|p2b: Koraidon|0 fnt\n|faint|p2b: Koraidon\n|move|p2a: Flutter Mane|Icy Wind|p1a: LuixenNoSkills|[spread] p1a,p1b\n|-supereffective|p1b: Maximiliano\n|-damage|p1a: LuixenNoSkills|0 fnt\n|-damage|p1b: Maximiliano|0 fnt\n|faint|p1a: LuixenNoSkills\n|faint|p1b: Maximiliano\n|\n|-weather|RainDance|[upkeep]\n|upkeep\n|\n|t:|1746099853\n|switch|p1b: Bragulat|Calyrex-Shadow, L50|100/100\n|-ability|p1b: Bragulat|As One\n|-ability|p1b: Bragulat|Unnerve\n|turn|8\n|\n|t:|1746099867\n|move|p2a: Flutter Mane|Protect|p2a: Flutter Mane\n|-singleturn|p2a: Flutter Mane|Protect\n|move|p1b: Bragulat|Astral Barrage|p2a: Flutter Mane\n|-activate|p2a: Flutter Mane|move: Protect\n|\n|-weather|RainDance|[upkeep]\n|-sideend|p1: DrXJ13|move: Tailwind\n|upkeep\n|turn|9\n|\n|t:|1746099878\n|move|p1b: Bragulat|Astral Barrage|p2a: Flutter Mane\n|-supereffective|p2a: Flutter Mane\n|-damage|p2a: Flutter Mane|0 fnt\n|faint|p2a: Flutter Mane\n|-end|p2a: Flutter Mane|Protosynthesis|[silent]\n|-damage|p1b: Bragulat|91/100|[from] item: Life Orb\n|\n|win|DrXJ13\n||DrXJ13 is ready for game 2.\n||Rg67 is ready for game 2.\n|uhtml|next|Next: <a href=\"/battle-gen9vgc2025regibo3-2354591832\"><strong>Game 2 of 3</strong></a>\n|l| Bushardo\n|l|\u2606Rg67\n|player|p2|\n", "uploadtime": 1746100184, "views": 9, "formatid": "gen9vgc2025regibo3", "rating": null, "private": 0, "password": null}