{"id": "gen9vgc2025regibo3-2353804309", "format": "[Gen 9] VGC 2025 Reg I (Bo3)", "players": ["corndog7", "AUBrigade"], "log": "|j|\u2606corndog7\n|j|\u2606AUBrigade\n|html|<table width=\"100%\"><tr><td align=\"left\">corndog7</td><td align=\"right\">AUBrigade</tr><tr><td align=\"left\"><i class=\"fa fa-circle-o\"></i> <i class=\"fa fa-circle-o\"></i> </td><td align=\"right\"><i class=\"fa fa-circle-o\"></i> <i class=\"fa fa-circle-o\"></i> </tr></table>\n|uhtml|bestof|<h2><strong>Game 1</strong> of <a href=\"/game-bestof3-gen9vgc2025regibo3-2353804308\">a best-of-3</a></h2>\n|t:|1746002766\n|gametype|doubles\n|player|p1|corndog7|linebacker|1262\n|player|p2|AUBrigade|morty|1324\n|teamsize|p1|6\n|teamsize|p2|6\n|gen|9\n|tier|[Gen 9] VGC 2025 Reg I (Bo3)\n|rated|\n|rule|Species Clause: Limit one of each Pok\u00e9mon\n|rule|Item Clause: Limit 1 of each item\n|clearpoke\n|poke|p1|Miraidon, L50|\n|poke|p1|Farigiraf, L50, M|\n|poke|p1|Iron Hands, L50|\n|poke|p1|Ho-Oh, L50|\n|poke|p1|Volcarona, L50, M|\n|poke|p1|Urshifu-*, L50, F|\n|poke|p2|Koraidon, L50|\n|poke|p2|Ho-Oh, L50|\n|poke|p2|Flutter Mane, L50|\n|poke|p2|Incineroar, L50, F|\n|poke|p2|Rillaboom, L50, F|\n|poke|p2|Cobalion, L50|\n|teampreview|4\n|showteam|p1|Miraidon||ChoiceSpecs|HadronEngine|ElectroDrift,DracoMeteor,DazzlingGleam,VoltSwitch||||||50|,,,,,Fairy]Farigiraf||ThroatSpray|ArmorTail|HyperVoice,PsychicNoise,TrickRoom,Protect|||M|||50|,,,,,Fairy]Iron Hands||AssaultVest|QuarkDrive|FakeOut,DrainPunch,LowKick,HeavySlam||||||50|,,,,,Water]Ho-Oh||ClearAmulet|Regenerator|SacredFire,BraveBird,Tailwind,Protect||||||50|,,,,,Grass]Volcarona||Leftovers|FlameBody|FieryDance,GigaDrain,QuiverDance,Protect|||M|||50|,,,,,Grass]Urshifu-Rapid-Strike||FocusSash|UnseenFist|AquaJet,SurgingStrikes,CloseCombat,Detect|||F|||50|,,,,,Water\n|showteam|p2|Koraidon||LoadedDice|OrichalcumPulse|ScaleShot,CollisionCourse,FlareBlitz,Protect||||||50|,,,,,Fire]Ho-Oh||ClearAmulet|Regenerator|SacredFire,BraveBird,Tailwind,Protect||||||50|,,,,,Grass]Flutter Mane||FocusSash|Protosynthesis|Moonblast,IcyWind,DazzlingGleam,Protect||||||50|,,,,,Fairy]Incineroar||SafetyGoggles|Intimidate|PartingShot,FakeOut,KnockOff,Taunt|||F|||50|,,,,,Bug]Rillaboom||AssaultVest|GrassySurge|Uturn,FakeOut,GrassyGlide,WoodHammer|||F|||50|,,,,,Fire]Cobalion||GrassySeed|Justified|BodyPress,IronDefense,Protect,QuickGuard||||||50|,,,,,Electric\n|inactive|Battle timer is ON: inactive players will automatically lose when time's up. (requested by corndog7)\n|inactive|corndog7 has 60 seconds left.\n|inactive|AUBrigade has 60 seconds left.\n|\n|t:|1746002818\n|start\n|switch|p1a: Miraidon|Miraidon, L50|100/100\n|switch|p1b: Volcarona|Volcarona, L50, M|100/100\n|switch|p2a: Koraidon|Koraidon, L50|100/100\n|switch|p2b: Flutter Mane|Flutter Mane, L50, shiny|100/100\n|-fieldstart|move: Electric Terrain|[from] ability: Hadron Engine|[of] p1a: Miraidon\n|-weather|SunnyDay|[from] ability: Orichalcum Pulse|[of] p2a: Koraidon\n|-activate|p2b: Flutter Mane|ability: Protosynthesis\n|-start|p2b: Flutter Mane|protosynthesisspe\n|-activate|p2a: Koraidon|Orichalcum Pulse|[source]\n|turn|1\n|inactive|AUBrigade has 30 seconds left.\n|inactive|AUBrigade has 20 seconds left.\n|\n|t:|1746002856\n|-terastallize|p2a: Koraidon|Fire\n|move|p2b: Flutter Mane|Icy Wind|p1a: Miraidon|[spread] p1a,p1b\n|-supereffective|p1a: Miraidon\n|-resisted|p1b: Volcarona\n|-damage|p1a: Miraidon|72/100\n|-damage|p1b: Volcarona|93/100\n|-unboost|p1a: Miraidon|spe|1\n|-unboost|p1b: Volcarona|spe|1\n|move|p2a: Koraidon|Flare Blitz|p1a: Miraidon\n|-resisted|p1a: Miraidon\n|-damage|p1a: Miraidon|8/100\n|-damage|p2a: Koraidon|80/100|[from] Recoil\n|move|p1a: Miraidon|Draco Meteor|p2a: Koraidon\n|-damage|p2a: Koraidon|0 fnt\n|-unboost|p1a: Miraidon|spa|2\n|faint|p2a: Koraidon\n|move|p1b: Volcarona|Quiver Dance|p1b: Volcarona\n|-boost|p1b: Volcarona|spa|1\n|-boost|p1b: Volcarona|spd|1\n|-boost|p1b: Volcarona|spe|1\n|\n|-weather|SunnyDay|[upkeep]\n|-heal|p1b: Volcarona|99/100|[from] item: Leftovers\n|upkeep\n|\n|t:|1746002877\n|switch|p2a: Incineroar|Incineroar, L50, F|100/100\n|-ability|p2a: Incineroar|Intimidate|boost\n|-unboost|p1a: Miraidon|atk|1\n|-unboost|p1b: Volcarona|atk|1\n|turn|2\n|\n|t:|1746002894\n|switch|p1a: Ho-Oh|Ho-Oh, L50|100/100\n|move|p2b: Flutter Mane|Dazzling Gleam|p1b: Volcarona|[spread] p1a,p1b\n|-resisted|p1a: Ho-Oh\n|-resisted|p1b: Volcarona\n|-damage|p1a: Ho-Oh|91/100\n|-damage|p1b: Volcarona|89/100\n|move|p1b: Volcarona|Fiery Dance|p2b: Flutter Mane\n|-damage|p2b: Flutter Mane|1/100\n|move|p2a: Incineroar|Parting Shot|p1a: Ho-Oh\n|-fail|p1a: Ho-Oh|unboost|[from] item: Clear Amulet|[of] p1a: Ho-Oh\n|\n|-weather|SunnyDay|[upkeep]\n|-heal|p1b: Volcarona|95/100|[from] item: Leftovers\n|upkeep\n|turn|3\n|\n|t:|1746002920\n|move|p2b: Flutter Mane|Icy Wind|p1a: Ho-Oh|[spread] p1a,p1b\n|-resisted|p1b: Volcarona\n|-damage|p1a: Ho-Oh|83/100\n|-damage|p1b: Volcarona|91/100\n|-unboost|p1b: Volcarona|spe|1\n|move|p1a: Ho-Oh|Brave Bird|p2a: Incineroar\n|-damage|p2a: Incineroar|52/100\n|-damage|p1a: Ho-Oh|66/100|[from] Recoil\n|move|p1b: Volcarona|Fiery Dance|p2a: Incineroar\n|-resisted|p2a: Incineroar\n|-damage|p2a: Incineroar|14/100\n|move|p2a: Incineroar|Knock Off|p1a: Ho-Oh\n|-damage|p1a: Ho-Oh|30/100\n|-enditem|p1a: Ho-Oh|Clear Amulet|[from] move: Knock Off|[of] p2a: Incineroar\n|\n|-weather|SunnyDay|[upkeep]\n|-heal|p1b: Volcarona|97/100|[from] item: Leftovers\n|upkeep\n|turn|4\n|inactive|AUBrigade has 30 seconds left.\n|inactive|corndog7 has 30 seconds left.\n|inactive|AUBrigade has 20 seconds left.\n|\n|t:|1746002960\n|switch|p1a: Iron Hands|Iron Hands, L50|100/100\n|-activate|p1a: Iron Hands|ability: Quark Drive\n|-start|p1a: Iron Hands|quarkdriveatk\n|move|p2b: Flutter Mane|Icy Wind|p1b: Volcarona|[spread] p1b\n|-miss|p2b: Flutter Mane|p1a: Iron Hands\n|-resisted|p1b: Volcarona\n|-damage|p1b: Volcarona|93/100\n|-unboost|p1b: Volcarona|spe|1\n|move|p1b: Volcarona|Fiery Dance|p2b: Flutter Mane\n|-damage|p2b: Flutter Mane|0 fnt\n|faint|p2b: Flutter Mane\n|-end|p2b: Flutter Mane|Protosynthesis|[silent]\n|move|p2a: Incineroar|Knock Off|p1b: Volcarona\n|-damage|p1b: Volcarona|47/100\n|-enditem|p1b: Volcarona|Leftovers|[from] move: Knock Off|[of] p2a: Incineroar\n|\n|-weather|SunnyDay|[upkeep]\n|upkeep\n|\n|t:|1746002976\n|switch|p2b: Rillaboom|Rillaboom, L50, F|100/100\n|-fieldstart|move: Grassy Terrain|[from] ability: Grassy Surge|[of] p2b: Rillaboom\n|-end|p1a: Iron Hands|Quark Drive\n|turn|5\n|-message|AUBrigade forfeited.\n|\n|win|corndog7\n", "uploadtime": 1746002996, "views": 11, "formatid": "gen9vgc2025regibo3", "rating": null, "private": 0, "password": null}