{"id": "gen9vgc2025regibo3-2354770338", "format": "[Gen 9] VGC 2025 Reg I (Bo3)", "players": ["LeonardPlayz", "Hossss"], "log": "|j|\u2606LeonardPlayz\n|j|\u2606Hossss\n|html|<table width=\"100%\"><tr><td align=\"left\">LeonardPlayz</td><td align=\"right\">Hossss</tr><tr><td align=\"left\"><i class=\"fa fa-circle-o\"></i> <i class=\"fa fa-circle-o\"></i> </td><td align=\"right\"><i class=\"fa fa-circle-o\"></i> <i class=\"fa fa-circle\"></i> </tr></table>\n|uhtml|bestof|<h2><strong>Game 2</strong> of <a href=\"/game-bestof3-gen9vgc2025regibo3-2354767924\">a best-of-3</a></h2>\n|t:|1746118261\n|gametype|doubles\n|player|p1|LeonardPlayz|hilbert-wonderlauncher|1104\n|player|p2|Hossss|n|1172\n|teamsize|p1|6\n|teamsize|p2|6\n|gen|9\n|tier|[Gen 9] VGC 2025 Reg I (Bo3)\n|rated|\n|rule|Species Clause: Limit one of each Pok\u00e9mon\n|rule|Item Clause: Limit 1 of each item\n|clearpoke\n|poke|p1|Kyurem-White, L50|\n|poke|p1|Koraidon, L50|\n|poke|p1|Incineroar, L50, F|\n|poke|p1|Flutter Mane, L50|\n|poke|p1|Indeedee-F, L50, F|\n|poke|p1|Ogerpon-Cornerstone, L50, F|\n|poke|p2|Calyrex-Shadow, L50|\n|poke|p2|Zamazenta-*, L50|\n|poke|p2|Urshifu-*, L50, M|\n|poke|p2|Volcarona, L50, M|\n|poke|p2|Grimmsnarl, L50, M|\n|poke|p2|Rillaboom, L50, F|\n|teampreview|4\n|showteam|p1|Kyurem-White||CovertCloak|Turboblaze|FusionFlare,EarthPower,FreezeDry,Protect||||||50|,,,,,Fire]Koraidon||LifeOrb|OrichalcumPulse|FlareBlitz,CloseCombat,FlameCharge,Protect||||||50|,,,,,Fire]Incineroar||AssaultVest|Intimidate|FakeOut,FlareBlitz,KnockOff,Uturn|||F|||50|,,,,,Grass]Flutter Mane||ChoiceSpecs|Protosynthesis|Moonblast,ShadowBall,Thunderbolt,IcyWind||||||50|,,,,,Fairy]Indeedee-F||RockyHelmet|PsychicSurge|FollowMe,HelpingHand,Imprison,TrickRoom|||F|||50|,,,,,Water]Ogerpon-Cornerstone||CornerstoneMask|Sturdy|FollowMe,IvyCudgel,HornLeech,SpikyShield|||F|||50|,,,,,Rock\n|showteam|p2|Calyrex-Shadow||LifeOrb|AsOneSpectrier|Protect,NastyPlot,AstralBarrage,DrainingKiss||||||50|,,,,,Fairy]Zamazenta-Crowned||RustedShield|DauntlessShield|Protect,WideGuard,behemothbash,BodyPress||||||50|,,,,,Dragon]Urshifu-Rapid-Strike||ChoiceScarf|UnseenFist|IceSpinner,SurgingStrikes,CloseCombat,Uturn|||M|||50|,,,,,Water]Volcarona||RockyHelmet|FlameBody|Protect,RagePowder,Tailwind,FieryDance|||M|||50|,,,,,Water]Grimmsnarl||CovertCloak|Prankster|Reflect,LightScreen,ThunderWave,SpiritBreak|||M|||50|,,,,,Grass]Rillaboom||AssaultVest|GrassySurge|WoodHammer,GrassyGlide,Uturn,FakeOut|||F|||50|,,,,,Water\n|inactive|Battle timer is ON: inactive players will automatically lose when time's up. (requested by LeonardPlayz)\n|\n|t:|1746118279\n|start\n|switch|p1a: Incineroar|Incineroar, L50, F|100/100\n|switch|p1b: Ogerpon|Ogerpon-Cornerstone, L50, F|100/100\n|switch|p2a: Volcarona|Volcarona, L50, M, shiny|100/100\n|switch|p2b: Grimmsnarl|Grimmsnarl, L50, M, shiny|100/100\n|-ability|p1a: Incineroar|Intimidate|boost\n|-unboost|p2a: Volcarona|atk|1\n|-unboost|p2b: Grimmsnarl|atk|1\n|turn|1\n|\n|t:|1746118298\n|move|p2a: Volcarona|Protect|p2a: Volcarona\n|-singleturn|p2a: Volcarona|Protect\n|move|p1a: Incineroar|Fake Out|p2b: Grimmsnarl\n|-damage|p2b: Grimmsnarl|89/100\n|move|p2b: Grimmsnarl|Reflect|p2b: Grimmsnarl\n|-sidestart|p2: Hossss|Reflect\n|move|p1b: Ogerpon|Ivy Cudgel|p2b: Grimmsnarl|[anim] Ivy Cudgel Rock\n|-damage|p2b: Grimmsnarl|44/100\n|\n|upkeep\n|turn|2\n|\n|t:|1746118320\n|move|p2b: Grimmsnarl|Thunder Wave|p1b: Ogerpon\n|-status|p1b: Ogerpon|par\n|move|p2a: Volcarona|Tailwind|p2a: Volcarona\n|-sidestart|p2: Hossss|move: Tailwind\n|move|p1a: Incineroar|Knock Off|p2a: Volcarona\n|-damage|p2a: Volcarona|78/100\n|-damage|p1a: Incineroar|84/100|[from] item: Rocky Helmet|[of] p2a: Volcarona\n|-enditem|p2a: Volcarona|Rocky Helmet|[from] move: Knock Off|[of] p1a: Incineroar\n|move|p1b: Ogerpon|Ivy Cudgel|p2b: Grimmsnarl|[anim] Ivy Cudgel Rock\n|-damage|p2b: Grimmsnarl|0 fnt\n|faint|p2b: Grimmsnarl\n|\n|upkeep\n|\n|t:|1746118336\n|switch|p2b: Calyrex|Calyrex-Shadow, L50|100/100\n|-ability|p2b: Calyrex|As One\n|-ability|p2b: Calyrex|Unnerve\n|turn|3\n|\n|t:|1746118352\n|-terastallize|p2b: Calyrex|Fairy\n|move|p2a: Volcarona|Rage Powder|p2a: Volcarona\n|-singleturn|p2a: Volcarona|move: Rage Powder\n|move|p2b: Calyrex|Nasty Plot|p2b: Calyrex\n|-boost|p2b: Calyrex|spa|2\n|move|p1a: Incineroar|U-turn|p2a: Volcarona\n|-resisted|p2a: Volcarona\n|-damage|p2a: Volcarona|72/100\n|\n|t:|1746118363\n|switch|p1a: Flutter Mane|Flutter Mane, L50|100/100|[from] U-turn\n|move|p1b: Ogerpon|Ivy Cudgel|p2a: Volcarona|[anim] Ivy Cudgel Rock\n|-supereffective|p2a: Volcarona\n|-damage|p2a: Volcarona|0 fnt\n|faint|p2a: Volcarona\n|\n|upkeep\n|\n|t:|1746118370\n|switch|p2a: Zamazenta|Zamazenta-Crowned, L50, shiny|100/100\n|-ability|p2a: Zamazenta|Dauntless Shield|boost\n|-boost|p2a: Zamazenta|def|1\n|turn|4\n|\n|t:|1746118390\n|-end|p1a: Flutter Mane|Protosynthesis|[silent]\n|switch|p1a: Incineroar|Incineroar, L50, F|84/100\n|-ability|p1a: Incineroar|Intimidate|boost\n|-unboost|p2a: Zamazenta|atk|1\n|-unboost|p2b: Calyrex|atk|1\n|move|p2b: Calyrex|Astral Barrage|p1a: Incineroar|[spread] p1a,p1b\n|-resisted|p1a: Incineroar\n|-damage|p1a: Incineroar|39/100\n|-ability|p1b: Ogerpon|Sturdy\n|-damage|p1b: Ogerpon|1/100 par\n|-damage|p2b: Calyrex|91/100|[from] item: Life Orb\n|move|p2a: Zamazenta|Body Press|p1b: Ogerpon\n|-supereffective|p1b: Ogerpon\n|-damage|p1b: Ogerpon|0 fnt\n|faint|p1b: Ogerpon\n|\n|upkeep\n|\n|t:|1746118407\n|switch|p1b: Koraidon|Koraidon, L50|100/100\n|-weather|SunnyDay|[from] ability: Orichalcum Pulse|[of] p1b: Koraidon\n|-activate|p1b: Koraidon|Orichalcum Pulse|[source]\n|turn|5\n|\n|t:|1746118420\n|switch|p1b: Flutter Mane|Flutter Mane, L50|100/100\n|-activate|p1b: Flutter Mane|ability: Protosynthesis\n|-start|p1b: Flutter Mane|protosynthesisspe\n|move|p2b: Calyrex|Protect|p2b: Calyrex\n|-singleturn|p2b: Calyrex|Protect\n|move|p2a: Zamazenta|Protect|p2a: Zamazenta\n|-singleturn|p2a: Zamazenta|Protect\n|move|p1a: Incineroar|Fake Out|p2b: Calyrex\n|-activate|p2b: Calyrex|move: Protect\n|\n|-weather|SunnyDay|[upkeep]\n|-sideend|p2: Hossss|Reflect\n|-sideend|p2: Hossss|move: Tailwind\n|upkeep\n|turn|6\n|\n|t:|1746118436\n|-terastallize|p1b: Flutter Mane|Fairy\n|move|p1b: Flutter Mane|Moonblast|p2b: Calyrex\n|-damage|p2b: Calyrex|4/100\n|move|p2b: Calyrex|Astral Barrage|p1a: Incineroar|[spread] p1a,p1b\n|-resisted|p1a: Incineroar\n|-damage|p1a: Incineroar|0 fnt\n|-damage|p1b: Flutter Mane|0 fnt\n|faint|p1a: Incineroar\n|faint|p1b: Flutter Mane\n|-end|p1b: Flutter Mane|Protosynthesis|[silent]\n|-ability|p2b: Calyrex|Grim Neigh|boost\n|-boost|p2b: Calyrex|spa|2\n|-damage|p2b: Calyrex|0 fnt|[from] item: Life Orb\n|faint|p2b: Calyrex\n|move|p2a: Zamazenta|Body Press|p1: Incineroar|[notarget]\n|-fail|p2a: Zamazenta\n|\n|-weather|SunnyDay|[upkeep]\n|upkeep\n|\n|t:|1746118445\n|switch|p1a: Koraidon|Koraidon, L50|100/100\n|-activate|p1a: Koraidon|ability: Orichalcum Pulse\n|turn|7\n|\n|t:|1746118452\n|move|p2a: Zamazenta|Protect|p2a: Zamazenta\n|-singleturn|p2a: Zamazenta|Protect\n|move|p1a: Koraidon|Flame Charge|p2a: Zamazenta\n|-activate|p2a: Zamazenta|move: Protect\n|\n|-weather|SunnyDay|[upkeep]\n|upkeep\n|turn|8\n|\n|t:|1746118459\n|move|p1a: Koraidon|Flare Blitz|p2a: Zamazenta\n|-supereffective|p2a: Zamazenta\n|-damage|p2a: Zamazenta|17/100\n|-damage|p1a: Koraidon|71/100|[from] Recoil\n|-damage|p1a: Koraidon|62/100|[from] item: Life Orb\n|move|p2a: Zamazenta|Body Press|p1a: Koraidon\n|-damage|p1a: Koraidon|2/100\n|\n|-weather|SunnyDay|[upkeep]\n|upkeep\n|turn|9\n|\n|t:|1746118467\n|move|p2a: Zamazenta|Protect|p2a: Zamazenta\n|-singleturn|p2a: Zamazenta|Protect\n|move|p1a: Koraidon|Close Combat|p2a: Zamazenta\n|-activate|p2a: Zamazenta|move: Protect\n|\n|-weather|none\n|upkeep\n|turn|10\n|\n|t:|1746118475\n|move|p1a: Koraidon|Close Combat|p2a: Zamazenta\n|-supereffective|p2a: Zamazenta\n|-damage|p2a: Zamazenta|0 fnt\n|-unboost|p1a: Koraidon|def|1\n|-unboost|p1a: Koraidon|spd|1\n|faint|p2a: Zamazenta\n|-damage|p1a: Koraidon|0 fnt|[from] item: Life Orb\n|faint|p1a: Koraidon\n|\n|win|LeonardPlayz\n||LeonardPlayz is ready for game 3.\n||Hossss is ready for game 3.\n|uhtml|next|Next: <a href=\"/battle-gen9vgc2025regibo3-2354772858\"><strong>Game 3 of 3</strong></a>\n|l|\u2606Hossss\n|player|p2|\n", "uploadtime": 1746118709, "views": 6, "formatid": "gen9vgc2025regibo3", "rating": null, "private": 0, "password": null}