{"id": "gen9vgc2025regibo3-2353318172", "format": "[Gen 9] VGC 2025 Reg I (Bo3)", "players": ["atlpreplup", "Schroombert"], "log": "|j|\u2606atlpreplup\n|j|\u2606Schroombert\n|html|<table width=\"100%\"><tr><td align=\"left\">atlpreplup</td><td align=\"right\">Schroombert</tr><tr><td align=\"left\"><i class=\"fa fa-circle-o\"></i> <i class=\"fa fa-circle-o\"></i> </td><td align=\"right\"><i class=\"fa fa-circle-o\"></i> <i class=\"fa fa-circle-o\"></i> </tr></table>\n|uhtml|bestof|<h2><strong>Game 1</strong> of <a href=\"/game-bestof3-gen9vgc2025regibo3-2353318169\">a best-of-3</a></h2>\n|t:|1745945955\n|gametype|doubles\n|player|p1|atlpreplup|266|1265\n|player|p2|Schroombert|rancher|1322\n|teamsize|p1|6\n|teamsize|p2|6\n|gen|9\n|tier|[Gen 9] VGC 2025 Reg I (Bo3)\n|rated|\n|rule|Species Clause: Limit one of each Pok\u00e9mon\n|rule|Item Clause: Limit 1 of each item\n|clearpoke\n|poke|p1|Calyrex-Shadow, L50|\n|poke|p1|Incineroar, L50, F|\n|poke|p1|Koraidon, L50|\n|poke|p1|Brute Bonnet, L50|\n|poke|p1|Indeedee-F, L50, F|\n|poke|p1|Whimsicott, L50, F|\n|poke|p2|Terapagos, L50, M|\n|poke|p2|Incineroar, L50, M|\n|poke|p2|Rillaboom, L50, F|\n|poke|p2|Calyrex-Shadow, L50|\n|poke|p2|Amoonguss, L50, M|\n|poke|p2|Urshifu-*, L50, F|\n|teampreview|4\n|showteam|p1|Calyrex-Shadow||FocusSash|AsOneSpectrier|AstralBarrage,ExpandingForce,Disable,Protect||||||50|,,,,,Dark]Incineroar||AssaultVest|Intimidate|FakeOut,FlareBlitz,KnockOff,Uturn|||F|||50|,,,,,Bug]Koraidon||ClearAmulet|OrichalcumPulse|CollisionCourse,FlareBlitz,FlameCharge,Protect||||||50|,,,,,Fire]Brute Bonnet||RockyHelmet|Protosynthesis|SeedBomb,SuckerPunch,Spore,RagePowder||||||50|,,,,,Water]Indeedee-F||PsychicSeed|PsychicSurge|Psychic,HelpingHand,FollowMe,TrickRoom|||F|||50|,,,,,Water]Whimsicott||CovertCloak|Prankster|Moonblast,Tailwind,Encore,LightScreen|||F|||50|,,,,,Dark\n|showteam|p2|Terapagos||Leftovers|TeraShift|TeraStarstorm,Protect,CalmMind,EarthPower|||M|||50|,,,,,Stellar]Incineroar||SafetyGoggles|Intimidate|KnockOff,FakeOut,PartingShot,Taunt|||M|||50|,,,,,Ghost]Rillaboom||AssaultVest|GrassySurge|GrassyGlide,WoodHammer,FakeOut,Uturn|||F|||50|,,,,,Fire]Calyrex-Shadow||FocusSash|AsOneSpectrier|AstralBarrage,Psyshock,NastyPlot,Protect||||||50|,,,,,Ghost]Amoonguss||RockyHelmet|Regenerator|Spore,RagePowder,PollenPuff,Protect|||M|||50|,,,,,Water]Urshifu-Rapid-Strike||ChoiceScarf|UnseenFist|SurgingStrikes,CloseCombat,Uturn,AquaJet|||F|||50|,,,,,Water\n|inactive|Battle timer is ON: inactive players will automatically lose when time's up. (requested by Schroombert)\n|inactive|atlpreplup has 60 seconds left.\n|inactive|Schroombert has 60 seconds left.\n|inactive|Schroombert has 30 seconds left.\n|\n|t:|1745946019\n|start\n|switch|p1a: Calyrex|Calyrex-Shadow, L50|100/100\n|switch|p1b: Incineroar|Incineroar, L50, F|100/100\n|switch|p2a: Calyrex|Calyrex-Shadow, L50|100/100\n|switch|p2b: Urshifu|Urshifu-Rapid-Strike, L50, F|100/100\n|-ability|p2a: Calyrex|As One\n|-ability|p2a: Calyrex|Unnerve\n|-ability|p1a: Calyrex|As One\n|-ability|p1a: Calyrex|Unnerve\n|-ability|p1b: Incineroar|Intimidate|boost\n|-unboost|p2a: Calyrex|atk|1\n|-unboost|p2b: Urshifu|atk|1\n|turn|1\n|\n|t:|1745946043\n|switch|p2b: Terapagos|Terapagos, L50, M|100/100\n|-activate|p2b: Terapagos|ability: Tera Shift\n|detailschange|p2b: Terapagos|Terapagos-Terastal, L50, M\n|-heal|p2b: Terapagos|100/100|[silent]\n|move|p1b: Incineroar|Fake Out|p2b: Terapagos\n|-activate|p2b: Terapagos|ability: Tera Shell\n|-resisted|p2b: Terapagos\n|-damage|p2b: Terapagos|97/100\n|move|p1a: Calyrex|Astral Barrage|p2b: Terapagos|[spread] p2a\n|-immune|p2b: Terapagos\n|-supereffective|p2a: Calyrex\n|-enditem|p2a: Calyrex|Focus Sash\n|-damage|p2a: Calyrex|1/100\n|move|p2a: Calyrex|Astral Barrage|p1b: Incineroar|[spread] p1a,p1b\n|-supereffective|p1a: Calyrex\n|-resisted|p1b: Incineroar\n|-crit|p1b: Incineroar\n|-enditem|p1a: Calyrex|Focus Sash\n|-damage|p1a: Calyrex|1/100\n|-damage|p1b: Incineroar|76/100\n|\n|-heal|p2b: Terapagos|100/100|[from] item: Leftovers\n|upkeep\n|turn|2\n|inactive|atlpreplup has 30 seconds left.\n|inactive|Schroombert has 30 seconds left.\n|\n|t:|1745946072\n|switch|p1a: Brute Bonnet|Brute Bonnet, L50|100/100\n|move|p2a: Calyrex|Protect|p2a: Calyrex\n|-singleturn|p2a: Calyrex|Protect\n|move|p2b: Terapagos|Earth Power|p1b: Incineroar\n|-supereffective|p1b: Incineroar\n|-crit|p1b: Incineroar\n|-damage|p1b: Incineroar|28/100\n|move|p1b: Incineroar|Knock Off|p2a: Calyrex\n|-activate|p2a: Calyrex|move: Protect\n|\n|upkeep\n|turn|3\n|inactive|Schroombert has 30 seconds left.\n|inactive|Schroombert has 20 seconds left.\n|inactive|Schroombert has 15 seconds left.\n|\n|t:|1745946114\n|switch|p2a: Urshifu|Urshifu-Rapid-Strike, L50, F|100/100\n|switch|p2b: Amoonguss|Amoonguss, L50, M, shiny|100/100\n|move|p1a: Brute Bonnet|Sucker Punch||[still]\n|-fail|p1a: Brute Bonnet\n|move|p1b: Incineroar|Knock Off|p2b: Amoonguss\n|-damage|p2b: Amoonguss|74/100\n|-damage|p1b: Incineroar|11/100|[from] item: Rocky Helmet|[of] p2b: Amoonguss\n|-enditem|p2b: Amoonguss|Rocky Helmet|[from] move: Knock Off|[of] p1b: Incineroar\n|\n|upkeep\n|turn|4\n|inactive|atlpreplup has 30 seconds left.\n|\n|t:|1745946143\n|move|p1a: Brute Bonnet|Rage Powder|p1a: Brute Bonnet\n|-singleturn|p1a: Brute Bonnet|move: Rage Powder\n|move|p2a: Urshifu|U-turn|p1a: Brute Bonnet\n|-supereffective|p1a: Brute Bonnet\n|-damage|p1a: Brute Bonnet|31/100\n|-damage|p2a: Urshifu|84/100|[from] item: Rocky Helmet|[of] p1a: Brute Bonnet\n|\n|t:|1745946150\n|switch|p2a: Terapagos|Terapagos-Terastal, L50, M|100/100|[from] U-turn\n|move|p1b: Incineroar|Flare Blitz|p2b: Amoonguss\n|-supereffective|p2b: Amoonguss\n|-damage|p2b: Amoonguss|3/100\n|-status|p2b: Amoonguss|brn\n|-damage|p1b: Incineroar|0 fnt|[from] Recoil\n|faint|p1b: Incineroar\n|move|p2b: Amoonguss|Spore|p1a: Brute Bonnet\n|-immune|p1a: Brute Bonnet\n|\n|-damage|p2b: Amoonguss|0 fnt|[from] brn\n|faint|p2b: Amoonguss\n|upkeep\n|\n|t:|1745946166\n|switch|p1b: Koraidon|Koraidon, L50|100/100\n|switch|p2b: Urshifu|Urshifu-Rapid-Strike, L50, F|84/100\n|-weather|SunnyDay|[from] ability: Orichalcum Pulse|[of] p1b: Koraidon\n|-activate|p1a: Brute Bonnet|ability: Protosynthesis\n|-start|p1a: Brute Bonnet|protosynthesisdef\n|-activate|p1b: Koraidon|Orichalcum Pulse|[source]\n|turn|5\n|\n|t:|1745946188\n|-end|p1a: Brute Bonnet|Protosynthesis|[silent]\n|switch|p1a: Calyrex|Calyrex-Shadow, L50|1/100\n|-ability|p1a: Calyrex|As One\n|-ability|p1a: Calyrex|Unnerve\n|move|p2a: Terapagos|Protect|p2a: Terapagos\n|-singleturn|p2a: Terapagos|Protect\n|move|p2b: Urshifu|U-turn|p1a: Calyrex\n|-damage|p1a: Calyrex|0 fnt\n|faint|p1a: Calyrex\n|\n|t:|1745946198\n|switch|p2b: Calyrex|Calyrex-Shadow, L50|1/100|[from] U-turn\n|-ability|p2b: Calyrex|As One\n|-ability|p2b: Calyrex|Unnerve\n|move|p1b: Koraidon|Flame Charge|p2b: Calyrex\n|-crit|p2b: Calyrex\n|-damage|p2b: Calyrex|0 fnt\n|-boost|p1b: Koraidon|spe|1\n|faint|p2b: Calyrex\n|\n|-weather|SunnyDay|[upkeep]\n|upkeep\n|\n|t:|1745946209\n|switch|p1a: Brute Bonnet|Brute Bonnet, L50|31/100\n|switch|p2b: Urshifu|Urshifu-Rapid-Strike, L50, F|84/100\n|-activate|p1a: Brute Bonnet|ability: Protosynthesis\n|-start|p1a: Brute Bonnet|protosynthesisdef\n|turn|6\n|\n|t:|1745946225\n|move|p1b: Koraidon|Collision Course|p2b: Urshifu\n|-damage|p2b: Urshifu|14/100\n|move|p2b: Urshifu|Close Combat|p1a: Brute Bonnet\n|-supereffective|p1a: Brute Bonnet\n|-damage|p1a: Brute Bonnet|0 fnt\n|-unboost|p2b: Urshifu|def|1\n|-unboost|p2b: Urshifu|spd|1\n|-damage|p2b: Urshifu|0 fnt|[from] item: Rocky Helmet|[of] p1a: Brute Bonnet\n|faint|p1a: Brute Bonnet\n|-end|p1a: Brute Bonnet|Protosynthesis|[silent]\n|faint|p2b: Urshifu\n|move|p2a: Terapagos|Calm Mind|p2a: Terapagos\n|-boost|p2a: Terapagos|spa|1\n|-boost|p2a: Terapagos|spd|1\n|\n|-weather|SunnyDay|[upkeep]\n|upkeep\n|turn|7\n|\n|t:|1745946241\n|-terastallize|p2a: Terapagos|Stellar\n|detailschange|p2a: Terapagos|Terapagos-Stellar, L50, M, tera:Stellar\n|-heal|p2a: Terapagos|100/100|[silent]\n|-ability|p2a: Terapagos|Teraform Zero\n|-weather|none\n|move|p1b: Koraidon|Collision Course|p2a: Terapagos\n|-supereffective|p2a: Terapagos\n|-damage|p2a: Terapagos|32/100\n|move|p2a: Terapagos|Tera Starstorm|p1b: Koraidon\n|-damage|p1b: Koraidon|38/100\n|\n|-heal|p2a: Terapagos|38/100|[from] item: Leftovers\n|upkeep\n|turn|8\n|\n|t:|1745946256\n|move|p1b: Koraidon|Collision Course|p2a: Terapagos\n|-supereffective|p2a: Terapagos\n|-damage|p2a: Terapagos|0 fnt\n|faint|p2a: Terapagos\n|\n|win|atlpreplup\n||atlpreplup is ready for game 2.\n|inactive|Schroombert has 30 seconds to confirm battle start!\n|inactive|Schroombert has 20 seconds to confirm battle start!\n||Schroombert is ready for game 2.\n|uhtml|next|Next: <a href=\"/battle-gen9vgc2025regibo3-2353322112\"><strong>Game 2 of 3</strong></a>\n|l|\u2606Schroombert\n|player|p2|\n", "uploadtime": 1745947124, "views": 46, "formatid": "gen9vgc2025regibo3", "rating": null, "private": 0, "password": null}