{"id": "gen9vgc2025regibo3-2353519347", "format": "[Gen 9] VGC 2025 Reg I (Bo3)", "players": ["aroswing", "ponylord777"], "log": "|j|\u2606aroswing\n|j|\u2606ponylord777\n|html|<table width=\"100%\"><tr><td align=\"left\">aroswing</td><td align=\"right\">ponylord777</tr><tr><td align=\"left\"><i class=\"fa fa-circle-o\"></i> <i class=\"fa fa-circle-o\"></i> </td><td align=\"right\"><i class=\"fa fa-circle-o\"></i> <i class=\"fa fa-circle-o\"></i> </tr></table>\n|uhtml|bestof|<h2><strong>Game 1</strong> of <a href=\"/game-bestof3-gen9vgc2025regibo3-2353519346\">a best-of-3</a></h2>\n|t:|1745963830\n|gametype|doubles\n|player|p1|aroswing|marnie|1143\n|player|p2|ponylord777|artist-gen4|1042\n|teamsize|p1|6\n|teamsize|p2|6\n|gen|9\n|tier|[Gen 9] VGC 2025 Reg I (Bo3)\n|rated|\n|rule|Species Clause: Limit one of each Pok\u00e9mon\n|rule|Item Clause: Limit 1 of each item\n|clearpoke\n|poke|p1|Whimsicott, L50, F|\n|poke|p1|Rhydon, L50, M|\n|poke|p1|Flutter Mane, L50|\n|poke|p1|Ho-Oh, L50|\n|poke|p1|Walking Wake, L50|\n|poke|p1|Koraidon, L50|\n|poke|p2|Zacian-*, L50|\n|poke|p2|Calyrex-Shadow, L50|\n|poke|p2|Incineroar, L50, F|\n|poke|p2|Urshifu-*, L50, M|\n|poke|p2|Whimsicott, L50, M|\n|poke|p2|Tornadus, L50, M|\n|teampreview|4\n|showteam|p1|Whimsicott||CovertCloak|Prankster|Tailwind,Moonblast,LightScreen,SunnyDay|||F|||50|,,,,,Dark]Rhydon||Eviolite|LightningRod|RockSlide,HighHorsepower,TeraBlast,Protect|||M|||50|,,,,,Fairy]Flutter Mane||FocusSash|Protosynthesis|DazzlingGleam,ShadowBall,IcyWind,Protect||||||50|,,,,,Fairy]Ho-Oh||AssaultVest|Regenerator|SacredFire,BraveBird,FlameCharge,TeraBlast||||||50|,,,,,Grass]Walking Wake||BoosterEnergy|Protosynthesis|HydroSteam,DragonPulse,Snarl,Protect||||||50|,,,,,Ground]Koraidon||ClearAmulet|OrichalcumPulse|CloseCombat,FlareBlitz,FlameCharge,Protect||||||50|,,,,,Fire\n|showteam|p2|Zacian-Crowned||RustedSword|IntrepidSword|Protect,PlayRough,SacredSword,behemothblade||||||50|,,,,,Fire]Calyrex-Shadow||LifeOrb|AsOneSpectrier|AstralBarrage,Protect,DrainingKiss,NastyPlot||||||50|,,,,,Normal]Incineroar||RockyHelmet|Intimidate|FakeOut,Taunt,WillOWisp,KnockOff|||F|||50|,,,,,Bug]Urshifu-Rapid-Strike||MysticWater|UnseenFist|Detect,SurgingStrikes,CloseCombat,AquaJet|||M|||50|,,,,,Grass]Whimsicott||FocusSash|Prankster|Tailwind,Moonblast,Encore,HelpingHand|||M|||50|,,,,,Dark]Tornadus||CovertCloak|Prankster|Tailwind,BleakwindStorm,IcyWind,Protect|||M|||50|,,,,,Bug\n|inactive|Battle timer is ON: inactive players will automatically lose when time's up. (requested by aroswing)\n|inactive|ponylord777 also wants the timer to be on.\n|inactive|aroswing has 60 seconds left.\n|\n|t:|1745963885\n|start\n|switch|p1a: Walking Wake|Walking Wake, L50|100/100\n|switch|p1b: Ho-Oh|Ho-Oh, L50|100/100\n|switch|p2a: Whimsicott|Whimsicott, L50, M|100/100\n|switch|p2b: Incineroar|Incineroar, L50, F|100/100\n|-ability|p2b: Incineroar|Intimidate|boost\n|-unboost|p1a: Walking Wake|atk|1\n|-unboost|p1b: Ho-Oh|atk|1\n|-enditem|p1a: Walking Wake|Booster Energy\n|-activate|p1a: Walking Wake|ability: Protosynthesis|[fromitem]\n|-start|p1a: Walking Wake|protosynthesisspe\n|turn|1\n|\n|t:|1745963903\n|move|p1a: Walking Wake|Protect|p1a: Walking Wake\n|-singleturn|p1a: Walking Wake|Protect\n|move|p2b: Incineroar|Fake Out|p1a: Walking Wake\n|-activate|p1a: Walking Wake|move: Protect\n|move|p2a: Whimsicott|Tailwind|p2a: Whimsicott\n|-sidestart|p2: ponylord777|move: Tailwind\n|move|p1b: Ho-Oh|Sacred Fire|p2a: Whimsicott\n|-supereffective|p2a: Whimsicott\n|-enditem|p2a: Whimsicott|Focus Sash\n|-damage|p2a: Whimsicott|1/100\n|\n|upkeep\n|turn|2\n|inactive|aroswing has 30 seconds left.\n|inactive|aroswing has 20 seconds left.\n|inactive|aroswing has 15 seconds left.\n|\n|t:|1745963946\n|-end|p1a: Walking Wake|Protosynthesis|[silent]\n|switch|p1a: Whimsicott|Whimsicott, L50, F|100/100\n|switch|p2b: Calyrex|Calyrex-Shadow, L50|100/100\n|-ability|p2b: Calyrex|As One\n|-ability|p2b: Calyrex|Unnerve\n|move|p2a: Whimsicott|Encore||[still]\n|-fail|p2a: Whimsicott\n|move|p1b: Ho-Oh|Flame Charge|p2a: Whimsicott\n|-supereffective|p2a: Whimsicott\n|-damage|p2a: Whimsicott|0 fnt\n|-boost|p1b: Ho-Oh|spe|1\n|faint|p2a: Whimsicott\n|\n|upkeep\n|\n|t:|1745963960\n|switch|p2a: Incineroar|Incineroar, L50, F|100/100\n|-ability|p2a: Incineroar|Intimidate|boost\n|-unboost|p1a: Whimsicott|atk|1\n|-unboost|p1b: Ho-Oh|atk|1\n|turn|3\n|\n|t:|1745963977\n|-terastallize|p1a: Whimsicott|Dark\n|move|p2a: Incineroar|Fake Out|p1b: Ho-Oh\n|-damage|p1b: Ho-Oh|92/100\n|move|p1a: Whimsicott|Light Screen|p1a: Whimsicott\n|-sidestart|p1: aroswing|move: Light Screen\n|move|p2b: Calyrex|Nasty Plot|p2b: Calyrex\n|-boost|p2b: Calyrex|spa|2\n|cant|p1b: Ho-Oh|flinch\n|\n|upkeep\n|turn|4\n|inactive|ponylord777 has 30 seconds left.\n|\n|t:|1745964007\n|-terastallize|p2b: Calyrex|Normal\n|move|p1a: Whimsicott|Tailwind|p1a: Whimsicott\n|-sidestart|p1: aroswing|move: Tailwind\n|move|p2b: Calyrex|Astral Barrage|p1a: Whimsicott|[spread] p1a,p1b\n|-resisted|p1a: Whimsicott\n|-damage|p1a: Whimsicott|38/100\n|-damage|p1b: Ho-Oh|53/100\n|-damage|p2b: Calyrex|91/100|[from] item: Life Orb\n|move|p1b: Ho-Oh|Sacred Fire|p2b: Calyrex\n|-damage|p2b: Calyrex|58/100\n|move|p2a: Incineroar|Taunt|p1a: Whimsicott\n|-start|p1a: Whimsicott|move: Taunt\n|\n|-sideend|p2: ponylord777|move: Tailwind\n|upkeep\n|turn|5\n|inactive|ponylord777 has 30 seconds left.\n|\n|t:|1745964035\n|switch|p1a: Koraidon|Koraidon, L50|100/100\n|-weather|SunnyDay|[from] ability: Orichalcum Pulse|[of] p1a: Koraidon\n|-activate|p1a: Koraidon|Orichalcum Pulse|[source]\n|switch|p2a: Zacian|Zacian-Crowned, L50|100/100\n|-ability|p2a: Zacian|Intrepid Sword|boost\n|-boost|p2a: Zacian|atk|1\n|move|p1b: Ho-Oh|Sacred Fire|p2b: Calyrex\n|-damage|p2b: Calyrex|10/100\n|move|p2b: Calyrex|Astral Barrage|p1a: Koraidon|[spread] p1a,p1b\n|-damage|p1a: Koraidon|2/100\n|-damage|p1b: Ho-Oh|16/100\n|-damage|p2b: Calyrex|0 fnt|[from] item: Life Orb\n|faint|p2b: Calyrex\n|\n|-weather|SunnyDay|[upkeep]\n|upkeep\n|\n|t:|1745964051\n|switch|p2b: Incineroar|Incineroar, L50, F|100/100\n|-ability|p2b: Incineroar|Intimidate|boost\n|-fail|p1a: Koraidon|unboost|[from] item: Clear Amulet|[of] p1a: Koraidon\n|-unboost|p1b: Ho-Oh|atk|1\n|turn|6\n|\n|t:|1745964068\n|switch|p1b: Walking Wake|Walking Wake, L50|100/100\n|-activate|p1b: Walking Wake|ability: Protosynthesis\n|-start|p1b: Walking Wake|protosynthesisspe\n|move|p1a: Koraidon|Protect|p1a: Koraidon\n|-singleturn|p1a: Koraidon|Protect\n|move|p2b: Incineroar|Fake Out|p1a: Koraidon\n|-activate|p1a: Koraidon|move: Protect\n|move|p2a: Zacian|Sacred Sword|p1b: Walking Wake\n|-damage|p1b: Walking Wake|47/100\n|\n|-weather|SunnyDay|[upkeep]\n|upkeep\n|turn|7\n|inactive|aroswing has 30 seconds left.\n|inactive|ponylord777 has 30 seconds left.\n|inactive|aroswing has 20 seconds left.\n|inactive|aroswing has 15 seconds left.\n|\n|t:|1745964109\n|move|p2a: Zacian|Protect|p2a: Zacian\n|-singleturn|p2a: Zacian|Protect\n|move|p1b: Walking Wake|Hydro Steam|p2b: Incineroar\n|-supereffective|p2b: Incineroar\n|-damage|p2b: Incineroar|11/100\n|move|p1a: Koraidon|Flame Charge|p2a: Zacian\n|-activate|p2a: Zacian|move: Protect\n|move|p2b: Incineroar|Knock Off|p1a: Koraidon\n|-resisted|p1a: Koraidon\n|-damage|p1a: Koraidon|0 fnt\n|-enditem|p1a: Koraidon|Clear Amulet|[from] move: Knock Off|[of] p2b: Incineroar\n|faint|p1a: Koraidon\n|\n|-weather|SunnyDay|[upkeep]\n|-sideend|p1: aroswing|move: Light Screen\n|-sideend|p1: aroswing|move: Tailwind\n|upkeep\n|\n|t:|1745964115\n|switch|p1a: Whimsicott|Whimsicott, L50, F, tera:Dark|38/100\n|turn|8\n|\n|t:|1745964137\n|move|p1a: Whimsicott|Tailwind|p1a: Whimsicott\n|-sidestart|p1: aroswing|move: Tailwind\n|move|p1b: Walking Wake|Hydro Steam|p2b: Incineroar\n|-supereffective|p2b: Incineroar\n|-damage|p2b: Incineroar|0 fnt\n|faint|p2b: Incineroar\n|move|p2a: Zacian|Play Rough|p1b: Walking Wake\n|-supereffective|p1b: Walking Wake\n|-damage|p1b: Walking Wake|0 fnt\n|faint|p1b: Walking Wake\n|-end|p1b: Walking Wake|Protosynthesis|[silent]\n|\n|-weather|SunnyDay|[upkeep]\n|upkeep\n|\n|t:|1745964140\n|switch|p1b: Ho-Oh|Ho-Oh, L50|49/100\n|turn|9\n|\n|t:|1745964152\n|move|p1a: Whimsicott|Moonblast|p2a: Zacian\n|-resisted|p2a: Zacian\n|-damage|p2a: Zacian|89/100\n|move|p1b: Ho-Oh|Sacred Fire|p2a: Zacian\n|-supereffective|p2a: Zacian\n|-damage|p2a: Zacian|0 fnt\n|faint|p2a: Zacian\n|\n|win|aroswing\n||ponylord777 is ready for game 2.\n||aroswing is ready for game 2.\n|uhtml|next|Next: <a href=\"/battle-gen9vgc2025regibo3-2353522412\"><strong>Game 2 of 3</strong></a>\n|l|\u2606ponylord777\n|player|p2|\n", "uploadtime": 1745964331, "views": 6, "formatid": "gen9vgc2025regibo3", "rating": null, "private": 0, "password": null}