{"id": "gen9vgc2025regibo3-2354241889", "format": "[Gen 9] VGC 2025 Reg I (Bo3)", "players": ["kemaho", "lokkont"], "log": "|j|\u2606kemaho\n|j|\u2606lokkont\n|html|<table width=\"100%\"><tr><td align=\"left\">kemaho</td><td align=\"right\">lokkont</tr><tr><td align=\"left\"><i class=\"fa fa-circle-o\"></i> <i class=\"fa fa-circle-o\"></i> </td><td align=\"right\"><i class=\"fa fa-circle-o\"></i> <i class=\"fa fa-circle-o\"></i> </tr></table>\n|uhtml|bestof|<h2><strong>Game 1</strong> of <a href=\"/game-bestof3-gen9vgc2025regibo3-2354241888\">a best-of-3</a></h2>\n|t:|1746048208\n|gametype|doubles\n|player|p1|kemaho|clerk|1216\n|player|p2|lokkont|2|1191\n|teamsize|p1|6\n|teamsize|p2|6\n|gen|9\n|tier|[Gen 9] VGC 2025 Reg I (Bo3)\n|rated|\n|rule|Species Clause: Limit one of each Pok\u00e9mon\n|rule|Item Clause: Limit 1 of each item\n|clearpoke\n|poke|p1|Miraidon, L50|\n|poke|p1|Calyrex-Ice, L50|\n|poke|p1|Ogerpon-Cornerstone, L50, F|\n|poke|p1|Urshifu-*, L50, F|\n|poke|p1|Incineroar, L50, F|\n|poke|p1|Pelipper, L50, M|\n|poke|p2|Calyrex-Shadow, L50|\n|poke|p2|Zamazenta-*, L50|\n|poke|p2|Urshifu-*, L50, M|\n|poke|p2|Rillaboom, L50, M|\n|poke|p2|Incineroar, L50, M|\n|poke|p2|Pelipper, L50, M|\n|teampreview|4\n|showteam|p1|Miraidon||ChoiceSpecs|HadronEngine|ElectroDrift,DazzlingGleam,VoltSwitch,DracoMeteor||||||50|,,,,,Fairy]Calyrex-Ice||NeverMeltIce|AsOneGlastrier|GlacialLance,HighHorsepower,TrickRoom,Protect||||||50|,,,,,Fire]Ogerpon-Cornerstone||CornerstoneMask|Sturdy|IvyCudgel,PowerWhip,FollowMe,SpikyShield|||F|||50|,,,,,Rock]Urshifu-Rapid-Strike||ChoiceScarf|UnseenFist|SurgingStrikes,CloseCombat,Uturn,Coaching|||F|||50|,,,,,Ghost]Incineroar||RockyHelmet|Intimidate|KnockOff,Taunt,PartingShot,FakeOut|||F|||50|,,,,,Water]Pelipper||FocusSash|Drizzle|Hurricane,WeatherBall,WideGuard,Protect|||M|||50|,,,,,Ghost\n|showteam|p2|Calyrex-Shadow||LifeOrb|AsOneSpectrier|Protect,AstralBarrage,Substitute,Psychic||||||50|,,,,,Dark]Zamazenta-Crowned||RustedShield|DauntlessShield|HeavySlam,BodyPress,Protect,WideGuard||||||50|,,,,,Dragon]Urshifu-Rapid-Strike||ChoiceScarf|UnseenFist|SurgingStrikes,CloseCombat,AquaJet,Uturn|||M|||50|,,,,,Ghost]Rillaboom||AssaultVest|GrassySurge|FakeOut,GrassyGlide,WoodHammer,Uturn|||M|||50|,,,,,Fire]Incineroar||SafetyGoggles|Intimidate|FakeOut,WillOWisp,KnockOff,PartingShot|||M|||50|,,,,,Bug]Pelipper||FocusSash|Drizzle|WeatherBall,Hurricane,Tailwind,Protect|||M|||50|,,,,,Ghost\n|inactive|Battle timer is ON: inactive players will automatically lose when time's up. (requested by lokkont)\n|inactive|lokkont has 60 seconds left.\n|\n|t:|1746048244\n|start\n|switch|p1a: Incineroar|Incineroar, L50, F|100/100\n|switch|p1b: Calyrex|Calyrex-Ice, L50|100/100\n|switch|p2a: Calyrex|Calyrex-Shadow, L50|100/100\n|switch|p2b: Rillaboom|Rillaboom, L50, M|100/100\n|-ability|p2a: Calyrex|As One\n|-ability|p2a: Calyrex|Unnerve\n|-ability|p1b: Calyrex|As One\n|-ability|p1b: Calyrex|Unnerve\n|-fieldstart|move: Grassy Terrain|[from] ability: Grassy Surge|[of] p2b: Rillaboom\n|-ability|p1a: Incineroar|Intimidate|boost\n|-unboost|p2a: Calyrex|atk|1\n|-unboost|p2b: Rillaboom|atk|1\n|turn|1\n|\n|t:|1746048263\n|switch|p2b: Incineroar|Incineroar, L50, M|100/100\n|-ability|p2b: Incineroar|Intimidate|boost\n|-unboost|p1a: Incineroar|atk|1\n|-unboost|p1b: Calyrex|atk|1\n|move|p2a: Calyrex|Protect|p2a: Calyrex\n|-singleturn|p2a: Calyrex|Protect\n|move|p1b: Calyrex|Protect|p1b: Calyrex\n|-singleturn|p1b: Calyrex|Protect\n|move|p1a: Incineroar|Knock Off|p2a: Calyrex\n|-activate|p2a: Calyrex|move: Protect\n|\n|upkeep\n|turn|2\n|\n|t:|1746048280\n|-terastallize|p2a: Calyrex|Dark\n|-terastallize|p1b: Calyrex|Fire\n|move|p2b: Incineroar|Fake Out|p1b: Calyrex\n|-damage|p1b: Calyrex|94/100\n|move|p2a: Calyrex|Astral Barrage|p1a: Incineroar|[spread] p1a,p1b\n|-resisted|p1a: Incineroar\n|-damage|p1a: Incineroar|75/100\n|-damage|p1b: Calyrex|54/100\n|-damage|p2a: Calyrex|91/100|[from] item: Life Orb\n|move|p1a: Incineroar|Taunt|p2b: Incineroar\n|-start|p2b: Incineroar|move: Taunt\n|cant|p1b: Calyrex|flinch\n|\n|-heal|p2a: Calyrex|97/100|[from] Grassy Terrain\n|-heal|p1a: Incineroar|81/100|[from] Grassy Terrain\n|-heal|p1b: Calyrex|60/100|[from] Grassy Terrain\n|upkeep\n|turn|3\n|inactive|lokkont has 30 seconds left.\n|\n|t:|1746048311\n|move|p1b: Calyrex|Protect|p1b: Calyrex\n|-singleturn|p1b: Calyrex|Protect\n|move|p2a: Calyrex|Astral Barrage|p1b: Calyrex|[spread] p1a\n|-activate|p1b: Calyrex|move: Protect\n|-resisted|p1a: Incineroar\n|-damage|p1a: Incineroar|56/100\n|-damage|p2a: Calyrex|87/100|[from] item: Life Orb\n|move|p1a: Incineroar|Parting Shot|p2a: Calyrex\n|-unboost|p2a: Calyrex|atk|1\n|-unboost|p2a: Calyrex|spa|1\n|\n|t:|1746048322\n|switch|p1a: Miraidon|Miraidon, L50|100/100|[from] Parting Shot\n|-fieldstart|move: Electric Terrain|[from] ability: Hadron Engine|[of] p1a: Miraidon\n|move|p2b: Incineroar|Knock Off|p1b: Calyrex\n|-activate|p1b: Calyrex|move: Protect\n|\n|upkeep\n|turn|4\n|inactive|lokkont has 30 seconds left.\n|\n|t:|1746048348\n|switch|p2b: Rillaboom|Rillaboom, L50, M|100/100\n|-fieldstart|move: Grassy Terrain|[from] ability: Grassy Surge|[of] p2b: Rillaboom\n|move|p2a: Calyrex|Protect|p2a: Calyrex\n|-singleturn|p2a: Calyrex|Protect\n|move|p1a: Miraidon|Electro Drift|p2b: Rillaboom\n|-resisted|p2b: Rillaboom\n|-crit|p2b: Rillaboom\n|-damage|p2b: Rillaboom|58/100\n|move|p1b: Calyrex|Trick Room|p1b: Calyrex\n|-fieldstart|move: Trick Room|[of] p1b: Calyrex\n|\n|-heal|p1b: Calyrex|66/100|[from] Grassy Terrain\n|-heal|p2b: Rillaboom|65/100|[from] Grassy Terrain\n|-heal|p2a: Calyrex|93/100|[from] Grassy Terrain\n|upkeep\n|turn|5\n|\n|t:|1746048365\n|switch|p1a: Incineroar|Incineroar, L50, F|56/100\n|-ability|p1a: Incineroar|Intimidate|boost\n|-unboost|p2a: Calyrex|atk|1\n|-unboost|p2b: Rillaboom|atk|1\n|switch|p2a: Incineroar|Incineroar, L50, M|100/100\n|-ability|p2a: Incineroar|Intimidate|boost\n|-unboost|p1a: Incineroar|atk|1\n|-unboost|p1b: Calyrex|atk|1\n|move|p1b: Calyrex|Protect|p1b: Calyrex\n|-singleturn|p1b: Calyrex|Protect\n|move|p2b: Rillaboom|U-turn|p1a: Incineroar\n|-damage|p1a: Incineroar|40/100\n|-damage|p2b: Rillaboom|48/100|[from] item: Rocky Helmet|[of] p1a: Incineroar\n|\n|t:|1746048376\n|switch|p2b: Zamazenta|Zamazenta-Crowned, L50|100/100|[from] U-turn\n|-ability|p2b: Zamazenta|Dauntless Shield|boost\n|-boost|p2b: Zamazenta|def|1\n|\n|-heal|p1b: Calyrex|71/100|[from] Grassy Terrain\n|-heal|p1a: Incineroar|46/100|[from] Grassy Terrain\n|upkeep\n|turn|6\n|inactive|kemaho has 30 seconds left.\n|\n|t:|1746048401\n|move|p2a: Incineroar|Fake Out|p1b: Calyrex\n|-damage|p1b: Calyrex|65/100\n|move|p1a: Incineroar|Parting Shot|p2b: Zamazenta\n|-unboost|p2b: Zamazenta|atk|1\n|-unboost|p2b: Zamazenta|spa|1\n|\n|t:|1746048404\n|switch|p1a: Miraidon|Miraidon, L50|100/100|[from] Parting Shot\n|-fieldstart|move: Electric Terrain|[from] ability: Hadron Engine|[of] p1a: Miraidon\n|move|p2b: Zamazenta|Body Press|p1a: Miraidon\n|-damage|p1a: Miraidon|33/100\n|cant|p1b: Calyrex|flinch\n|\n|upkeep\n|turn|7\n|\n|t:|1746048426\n|switch|p1b: Urshifu|Urshifu-Rapid-Strike, L50, F|100/100\n|move|p2a: Incineroar|Parting Shot|p1b: Urshifu\n|-unboost|p1b: Urshifu|atk|1\n|-unboost|p1b: Urshifu|spa|1\n|\n|t:|1746048436\n|switch|p2a: Calyrex|Calyrex-Shadow, L50, tera:Dark|93/100|[from] Parting Shot\n|-ability|p2a: Calyrex|As One\n|-ability|p2a: Calyrex|Unnerve\n|move|p2b: Zamazenta|Body Press|p1a: Miraidon\n|-damage|p1a: Miraidon|0 fnt\n|faint|p1a: Miraidon\n|\n|upkeep\n|\n|t:|1746048440\n|switch|p1a: Incineroar|Incineroar, L50, F|46/100\n|-ability|p1a: Incineroar|Intimidate|boost\n|-unboost|p2a: Calyrex|atk|1\n|-unboost|p2b: Zamazenta|atk|1\n|turn|8\n|inactive|lokkont has 30 seconds left.\n|inactive|lokkont has 20 seconds left.\n|inactive|lokkont has 15 seconds left.\n|\n|t:|1746048481\n|switch|p2a: Rillaboom|Rillaboom, L50, M|48/100\n|-fieldstart|move: Grassy Terrain|[from] ability: Grassy Surge|[of] p2a: Rillaboom\n|move|p1a: Incineroar|Parting Shot|p1b: Urshifu\n|-unboost|p1b: Urshifu|atk|1\n|-unboost|p1b: Urshifu|spa|1\n|\n|t:|1746048484\n|switch|p1a: Calyrex|Calyrex-Ice, L50, tera:Fire|65/100|[from] Parting Shot\n|-ability|p1a: Calyrex|As One\n|-ability|p1a: Calyrex|Unnerve\n|move|p2b: Zamazenta|Body Press|p1b: Urshifu\n|-damage|p1b: Urshifu|31/100\n|move|p1b: Urshifu|Surging Strikes|p2a: Rillaboom\n|-resisted|p2a: Rillaboom\n|-crit|p2a: Rillaboom\n|-damage|p2a: Rillaboom|37/100\n|-resisted|p2a: Rillaboom\n|-crit|p2a: Rillaboom\n|-damage|p2a: Rillaboom|27/100\n|-resisted|p2a: Rillaboom\n|-crit|p2a: Rillaboom\n|-damage|p2a: Rillaboom|15/100\n|-hitcount|p2a: Rillaboom|3\n|\n|-heal|p1a: Calyrex|71/100|[from] Grassy Terrain\n|-heal|p2a: Rillaboom|21/100|[from] Grassy Terrain\n|-heal|p1b: Urshifu|37/100|[from] Grassy Terrain\n|-fieldend|move: Trick Room\n|upkeep\n|turn|9\n|\n|t:|1746048503\n|switch|p1b: Incineroar|Incineroar, L50, F|46/100\n|-ability|p1b: Incineroar|Intimidate|boost\n|-unboost|p2a: Rillaboom|atk|1\n|-unboost|p2b: Zamazenta|atk|1\n|move|p1a: Calyrex|Protect|p1a: Calyrex\n|-singleturn|p1a: Calyrex|Protect\n|move|p2a: Rillaboom|Grassy Glide|p1b: Incineroar\n|-resisted|p1b: Incineroar\n|-damage|p1b: Incineroar|35/100\n|-damage|p2a: Rillaboom|5/100|[from] item: Rocky Helmet|[of] p1b: Incineroar\n|move|p2b: Zamazenta|Body Press|p1a: Calyrex\n|-activate|p1a: Calyrex|move: Protect\n|\n|-heal|p2a: Rillaboom|11/100|[from] Grassy Terrain\n|-heal|p1b: Incineroar|41/100|[from] Grassy Terrain\n|-heal|p1a: Calyrex|77/100|[from] Grassy Terrain\n|upkeep\n|turn|10\n|\n|t:|1746048523\n|switch|p2a: Incineroar|Incineroar, L50, M|100/100\n|-ability|p2a: Incineroar|Intimidate|boost\n|-unboost|p1a: Calyrex|atk|1\n|-unboost|p1b: Incineroar|atk|1\n|move|p2b: Zamazenta|Body Press|p1b: Incineroar\n|-supereffective|p1b: Incineroar\n|-damage|p1b: Incineroar|0 fnt\n|-damage|p2b: Zamazenta|84/100|[from] item: Rocky Helmet|[of] p1b: Incineroar\n|faint|p1b: Incineroar\n|move|p1a: Calyrex|Glacial Lance|p2a: Incineroar|[spread] p2a,p2b\n|-resisted|p2a: Incineroar\n|-resisted|p2b: Zamazenta\n|-damage|p2a: Incineroar|83/100\n|-damage|p2b: Zamazenta|74/100\n|\n|-heal|p2b: Zamazenta|80/100|[from] Grassy Terrain\n|-heal|p2a: Incineroar|89/100|[from] Grassy Terrain\n|-heal|p1a: Calyrex|83/100|[from] Grassy Terrain\n|upkeep\n|\n|t:|1746048530\n|switch|p1b: Urshifu|Urshifu-Rapid-Strike, L50, F|37/100\n|turn|11\n|\n|t:|1746048546\n|move|p2a: Incineroar|Fake Out|p1b: Urshifu\n|-damage|p1b: Urshifu|25/100\n|cant|p1b: Urshifu|flinch\n|move|p2b: Zamazenta|Body Press|p1b: Urshifu\n|-damage|p1b: Urshifu|0 fnt\n|faint|p1b: Urshifu\n|move|p1a: Calyrex|Glacial Lance|p2b: Zamazenta|[spread] p2a,p2b\n|-resisted|p2a: Incineroar\n|-resisted|p2b: Zamazenta\n|-damage|p2a: Incineroar|71/100\n|-damage|p2b: Zamazenta|72/100\n|\n|-heal|p2b: Zamazenta|78/100|[from] Grassy Terrain\n|-heal|p2a: Incineroar|77/100|[from] Grassy Terrain\n|-heal|p1a: Calyrex|88/100|[from] Grassy Terrain\n|upkeep\n|turn|12\n|\n|t:|1746048558\n|move|p2b: Zamazenta|Body Press|p1a: Calyrex\n|-damage|p1a: Calyrex|41/100\n|move|p2a: Incineroar|Knock Off|p1a: Calyrex\n|-damage|p1a: Calyrex|17/100\n|-enditem|p1a: Calyrex|Never-Melt Ice|[from] move: Knock Off|[of] p2a: Incineroar\n|move|p1a: Calyrex|Glacial Lance|p2b: Zamazenta|[spread] p2a,p2b\n|-resisted|p2a: Incineroar\n|-resisted|p2b: Zamazenta\n|-damage|p2a: Incineroar|63/100\n|-damage|p2b: Zamazenta|71/100\n|\n|-heal|p2b: Zamazenta|77/100|[from] Grassy Terrain\n|-heal|p2a: Incineroar|69/100|[from] Grassy Terrain\n|-heal|p1a: Calyrex|23/100|[from] Grassy Terrain\n|-fieldend|move: Grassy Terrain\n|upkeep\n|turn|13\n|\n|t:|1746048566\n|move|p2b: Zamazenta|Body Press|p1a: Calyrex\n|-damage|p1a: Calyrex|0 fnt\n|faint|p1a: Calyrex\n|\n|win|lokkont\n||lokkont is ready for game 2.\n||kemaho is ready for game 2.\n|uhtml|next|Next: <a href=\"/battle-gen9vgc2025regibo3-2354245396\"><strong>Game 2 of 3</strong></a>\n", "uploadtime": 1746048738, "views": 18, "formatid": "gen9vgc2025regibo3", "rating": null, "private": 0, "password": null}