{"id": "gen9vgc2025regibo3-2353875927", "format": "[Gen 9] VGC 2025 Reg I (Bo3)", "players": ["Loreb70", "oporrinovgc"], "log": "|j|\u2606Loreb70\n|j|\u2606oporrinovgc\n|html|<table width=\"100%\"><tr><td align=\"left\">Loreb70</td><td align=\"right\">oporrinovgc</tr><tr><td align=\"left\"><i class=\"fa fa-circle\"></i> <i class=\"fa fa-circle-o\"></i> </td><td align=\"right\"><i class=\"fa fa-circle-o\"></i> <i class=\"fa fa-circle\"></i> </tr></table>\n|uhtml|bestof|<h2><strong>Game 3</strong> of <a href=\"/game-bestof3-gen9vgc2025regibo3-2353872376\">a best-of-3</a></h2>\n|t:|1746013672\n|gametype|doubles\n|player|p1|Loreb70|colress|1192\n|player|p2|oporrinovgc|169|1316\n|teamsize|p1|6\n|teamsize|p2|6\n|gen|9\n|tier|[Gen 9] VGC 2025 Reg I (Bo3)\n|rated|\n|rule|Species Clause: Limit one of each Pok\u00e9mon\n|rule|Item Clause: Limit 1 of each item\n|clearpoke\n|poke|p1|Calyrex-Shadow, L50|\n|poke|p1|Chi-Yu, L50|\n|poke|p1|Ogerpon-Cornerstone, L50, F|\n|poke|p1|Koraidon, L50|\n|poke|p1|Raging Bolt, L50|\n|poke|p1|Indeedee-F, L50, F|\n|poke|p2|Miraidon, L50|\n|poke|p2|Whimsicott, L50, F|\n|poke|p2|Farigiraf, L50, F|\n|poke|p2|Iron Hands, L50|\n|poke|p2|Chi-Yu, L50|\n|poke|p2|Koraidon, L50|\n|teampreview|4\n|showteam|p1|Calyrex-Shadow||LifeOrb|AsOneSpectrier|AstralBarrage,ExpandingForce,Imprison,Protect||||||50|,,,,,Grass]Chi-Yu||ChoiceScarf|BeadsofRuin|HeatWave,DarkPulse,Overheat,Snarl||||||50|,,,,,Ghost]Ogerpon-Cornerstone||CornerstoneMask|Sturdy|IvyCudgel,PowerWhip,FollowMe,SpikyShield|||F|||50|,,,,,Rock]Koraidon||ClearAmulet|OrichalcumPulse|CollisionCourse,BreakingSwipe,FlareBlitz,Protect||||||50|,,,,,Fire]Raging Bolt||AssaultVest|Protosynthesis|Thunderbolt,DracoMeteor,Thunderclap,Electroweb||||||50|,,,,,Electric]Indeedee-F||RockyHelmet|PsychicSurge|Psychic,FollowMe,Imprison,TrickRoom|||F|||50|,,,,,Fairy\n|showteam|p2|Miraidon||ChoiceSpecs|HadronEngine|ElectroDrift,DracoMeteor,VoltSwitch,DazzlingGleam||||||50|,,,,,Fairy]Whimsicott||CovertCloak|Prankster|Tailwind,Encore,LightScreen,Moonblast|||F|||50|,,,,,Dark]Farigiraf||ElectricSeed|ArmorTail|Psychic,FoulPlay,HelpingHand,TrickRoom|||F|||50|,,,,,Dark]Iron Hands||AssaultVest|QuarkDrive|LowKick,DrainPunch,WildCharge,FakeOut||||||50|,,,,,Water]Chi-Yu||ChoiceScarf|BeadsofRuin|Snarl,Overheat,DarkPulse,HeatWave||||||50|,,,,,Ghost]Koraidon||LifeOrb|OrichalcumPulse|CloseCombat,FlareBlitz,FlameCharge,Protect||||||50|,,,,,Fire\n|inactive|Battle timer is ON: inactive players will automatically lose when time's up. (requested by oporrinovgc)\n|inactive|Loreb70 has 60 seconds left.\n|inactive|Loreb70 has 30 seconds left.\n|\n|t:|1746013736\n|start\n|switch|p1a: Calyrex|Calyrex-Shadow, L50|100/100\n|switch|p1b: Indeedee|Indeedee-F, L50, F|100/100\n|switch|p2a: Miraidon|Miraidon, L50|100/100\n|switch|p2b: Whimsicott|Whimsicott, L50, F|100/100\n|-ability|p1a: Calyrex|As One\n|-ability|p1a: Calyrex|Unnerve\n|-fieldstart|move: Electric Terrain|[from] ability: Hadron Engine|[of] p2a: Miraidon\n|-fieldstart|move: Psychic Terrain|[from] ability: Psychic Surge|[of] p1b: Indeedee\n|turn|1\n|\n|t:|1746013751\n|switch|p1b: Chi-Yu|Chi-Yu, L50|100/100\n|-ability|p1b: Chi-Yu|Beads of Ruin\n|move|p2b: Whimsicott|Light Screen|p2b: Whimsicott\n|-sidestart|p2: oporrinovgc|move: Light Screen\n|move|p1a: Calyrex|Expanding Force|p2a: Miraidon|[spread] p2a,p2b\n|-damage|p2a: Miraidon|19/100\n|-damage|p2b: Whimsicott|2/100\n|-damage|p1a: Calyrex|91/100|[from] item: Life Orb\n|move|p2a: Miraidon|Volt Switch|p1a: Calyrex\n|-damage|p1a: Calyrex|22/100\n|inactive|oporrinovgc has 30 seconds left.\n|\n|t:|1746013779\n|switch|p2a: botencio|Chi-Yu, L50|100/100|[from] Volt Switch\n|-ability|p2a: botencio|Beads of Ruin\n|\n|upkeep\n|turn|2\n|\n|t:|1746013791\n|switch|p1a: Indeedee|Indeedee-F, L50, F|100/100\n|move|p2b: Whimsicott|Tailwind|p2b: Whimsicott\n|-sidestart|p2: oporrinovgc|move: Tailwind\n|move|p2a: botencio|Heat Wave|p1a: Indeedee|[spread] p1a\n|-miss|p2a: botencio|p1b: Chi-Yu\n|-damage|p1a: Indeedee|51/100\n|move|p1b: Chi-Yu|Snarl|p2b: Whimsicott|[spread] p2a,p2b\n|-resisted|p2a: botencio\n|-resisted|p2b: Whimsicott\n|-damage|p2a: botencio|93/100\n|-damage|p2b: Whimsicott|0 fnt\n|-unboost|p2a: botencio|spa|1\n|faint|p2b: Whimsicott\n|\n|upkeep\n|\n|t:|1746013798\n|switch|p2b: Miraidon|Miraidon, L50|19/100\n|-fieldstart|move: Electric Terrain|[from] ability: Hadron Engine|[of] p2b: Miraidon\n|turn|3\n|\n|t:|1746013808\n|move|p2a: botencio|Heat Wave|p1a: Indeedee|[spread] p1a,p1b\n|-resisted|p1b: Chi-Yu\n|-damage|p1a: Indeedee|17/100\n|-damage|p1b: Chi-Yu|88/100\n|move|p2b: Miraidon|Volt Switch|p1b: Chi-Yu\n|-damage|p1b: Chi-Yu|0 fnt\n|faint|p1b: Chi-Yu\n|\n|t:|1746013811\n|switch|p2b: Koraidon|Koraidon, L50|100/100|[from] Volt Switch\n|-weather|SunnyDay|[from] ability: Orichalcum Pulse|[of] p2b: Koraidon\n|-activate|p2b: Koraidon|Orichalcum Pulse|[source]\n|move|p1a: Indeedee|Trick Room|p1a: Indeedee\n|-fieldstart|move: Trick Room|[of] p1a: Indeedee\n|\n|-weather|SunnyDay|[upkeep]\n|upkeep\n|\n|t:|1746013823\n|switch|p1b: Koraidon|Koraidon, L50|100/100\n|-activate|p1b: Koraidon|ability: Orichalcum Pulse\n|turn|4\n|\n|t:|1746013853\n|-terastallize|p2b: Koraidon|Fire\n|move|p1a: Indeedee|Psychic|p2b: Koraidon\n|-damage|p2b: Koraidon|75/100\n|move|p1b: Koraidon|Breaking Swipe|p2a: botencio|[spread] p2a,p2b\n|-damage|p2a: botencio|34/100\n|-damage|p2b: Koraidon|44/100\n|-unboost|p2a: botencio|atk|1\n|-unboost|p2b: Koraidon|atk|1\n|move|p2b: Koraidon|Close Combat|p1b: Koraidon\n|-damage|p1b: Koraidon|41/100\n|-unboost|p2b: Koraidon|def|1\n|-unboost|p2b: Koraidon|spd|1\n|-damage|p2b: Koraidon|34/100|[from] item: Life Orb\n|move|p2a: botencio|Heat Wave|p1b: Koraidon|[spread] p1a,p1b\n|-resisted|p1b: Koraidon\n|-damage|p1a: Indeedee|0 fnt\n|-damage|p1b: Koraidon|16/100\n|faint|p1a: Indeedee\n|\n|-weather|SunnyDay|[upkeep]\n|upkeep\n|\n|t:|1746013870\n|switch|p1a: Calyrex|Calyrex-Shadow, L50|22/100\n|-ability|p1a: Calyrex|As One\n|-ability|p1a: Calyrex|Unnerve\n|turn|5\n|\n|t:|1746013878\n|move|p1b: Koraidon|Breaking Swipe|p2a: botencio|[spread] p2a,p2b\n|-damage|p2a: botencio|0 fnt\n|-damage|p2b: Koraidon|0 fnt\n|faint|p2a: botencio\n|faint|p2b: Koraidon\n|move|p1a: Calyrex|Astral Barrage|p2: botencio|[notarget]\n|-fail|p1a: Calyrex\n|\n|-weather|SunnyDay|[upkeep]\n|-sideend|p2: oporrinovgc|move: Light Screen\n|-sideend|p2: oporrinovgc|move: Tailwind\n|upkeep\n|\n|t:|1746013881\n|switch|p2a: Miraidon|Miraidon, L50|19/100\n|-activate|p2a: Miraidon|ability: Hadron Engine\n|turn|6\n|\n|t:|1746013891\n|move|p1b: Koraidon|Protect|p1b: Koraidon\n|-singleturn|p1b: Koraidon|Protect\n|move|p1a: Calyrex|Protect|p1a: Calyrex\n|-singleturn|p1a: Calyrex|Protect\n|move|p2a: Miraidon|Dazzling Gleam|p1b: Koraidon|[spread] \n|-activate|p1a: Calyrex|move: Protect\n|-activate|p1b: Koraidon|move: Protect\n|\n|-weather|SunnyDay|[upkeep]\n|upkeep\n|turn|7\n|\n|t:|1746013908\n|-terastallize|p1b: Koraidon|Fire\n|move|p1b: Koraidon|Flare Blitz|p2a: Miraidon\n|-resisted|p2a: Miraidon\n|-damage|p2a: Miraidon|0 fnt\n|faint|p2a: Miraidon\n|-damage|p1b: Koraidon|10/100|[from] Recoil\n|\n|win|Loreb70\n|raw|Loreb70's rating: 1192 &rarr; <strong>1226</strong><br />(+34 for winning)\n|raw|oporrinovgc's rating: 1316 &rarr; <strong>1289</strong><br />(-27 for losing)\n", "uploadtime": 1746013913, "views": 15, "formatid": "gen9vgc2025regibo3", "rating": 1226, "private": 0, "password": null}