{"id": "gen9vgc2025regibo3-2354450246", "format": "[Gen 9] VGC 2025 Reg I (Bo3)", "players": ["redpandavgclol", "setheeswag"], "log": "|j|\u2606redpandavgclol\n|j|\u2606setheeswag\n|html|<table width=\"100%\"><tr><td align=\"left\">redpandavgclol</td><td align=\"right\">setheeswag</tr><tr><td align=\"left\"><i class=\"fa fa-circle-o\"></i> <i class=\"fa fa-circle-o\"></i> </td><td align=\"right\"><i class=\"fa fa-circle-o\"></i> <i class=\"fa fa-circle\"></i> </tr></table>\n|uhtml|bestof|<h2><strong>Game 2</strong> of <a href=\"/game-bestof3-gen9vgc2025regibo3-2354447747\">a best-of-3</a></h2>\n|t:|1746073417\n|gametype|doubles\n|player|p1|redpandavgclol|pokemonranger-gen4|1092\n|player|p2|setheeswag|1|1073\n|teamsize|p1|6\n|teamsize|p2|6\n|gen|9\n|tier|[Gen 9] VGC 2025 Reg I (Bo3)\n|rated|\n|rule|Species Clause: Limit one of each Pok\u00e9mon\n|rule|Item Clause: Limit 1 of each item\n|clearpoke\n|poke|p1|Calyrex-Shadow, L50|\n|poke|p1|Miraidon, L50|\n|poke|p1|Tornadus, L50, M|\n|poke|p1|Iron Hands, L50|\n|poke|p1|Grimmsnarl, L50, M|\n|poke|p1|Sneasler, L50, M|\n|poke|p2|Calyrex-Shadow, L50|\n|poke|p2|Rayquaza, L50|\n|poke|p2|Rillaboom, L50, M|\n|poke|p2|Volcarona, L50, F|\n|poke|p2|Urshifu-*, L50, M|\n|poke|p2|Chien-Pao, L50|\n|teampreview|4\n|showteam|p1|Calyrex-Shadow||LifeOrb|AsOneSpectrier|AstralBarrage,DrainingKiss,NastyPlot,Protect||||||50|,,,,,Fairy]Miraidon||ChoiceScarf|HadronEngine|ElectroDrift,ParabolicCharge,VoltSwitch,DracoMeteor||||||50|,,,,,Electric]Tornadus||CovertCloak|Prankster|BleakwindStorm,Tailwind,Taunt,Protect|||M|||50|,,,,,Dark]Iron Hands||AssaultVest|QuarkDrive|WildCharge,DrainPunch,HeavySlam,FakeOut||||||50|,,,,,Fire]Grimmsnarl||LightClay|Prankster|LightScreen,ThunderWave,PartingShot,Reflect|||M|||50|,,,,,Ground]Sneasler||ElectricSeed|Unburden|DireClaw,CloseCombat,Acrobatics,Protect|||M|||50|,,,,,Flying\n|showteam|p2|Calyrex-Shadow||FocusSash|AsOneSpectrier|AstralBarrage,Protect,Psychic,ExpandingForce||||||50|,,,,,Water]Rayquaza||ChoiceBand|AirLock|ExtremeSpeed,Uturn,GigaImpact,DragonAscent||||||50|,,,,,Normal]Rillaboom||AssaultVest|GrassySurge|GrassyGlide,WoodHammer,FakeOut,Uturn|||M|||50|,,,,,Fire]Volcarona||RockyHelmet|FlameBody|Protect,RagePowder,Tailwind,FieryDance|||F|||50|,,,,,Water]Urshifu-Rapid-Strike||ChoiceScarf|UnseenFist|SurgingStrikes,Protect,CloseCombat,Uturn|||M|||50|,,,,,Water]Chien-Pao||ClearAmulet|SwordofRuin|Protect,IceShard,IceSpinner,SuckerPunch||||||50|,,,,,Ice\n|\n|t:|1746073482\n|start\n|switch|p1a: Majin|Grimmsnarl, L50, M, shiny|100/100\n|switch|p1b: Calyrex|Calyrex-Shadow, L50|100/100\n|switch|p2a: Volcarona|Volcarona, L50, F|100/100\n|switch|p2b: Rillaboom|Rillaboom, L50, M|100/100\n|-ability|p1b: Calyrex|As One\n|-ability|p1b: Calyrex|Unnerve\n|-fieldstart|move: Grassy Terrain|[from] ability: Grassy Surge|[of] p2b: Rillaboom\n|turn|1\n|\n|t:|1746073510\n|move|p2b: Rillaboom|Fake Out|p1a: Majin\n|-damage|p1a: Majin|86/100\n|cant|p1a: Majin|flinch\n|move|p1b: Calyrex|Nasty Plot|p1b: Calyrex\n|-boost|p1b: Calyrex|spa|2\n|move|p2a: Volcarona|Tailwind|p2a: Volcarona\n|-sidestart|p2: setheeswag|move: Tailwind\n|\n|-heal|p1a: Majin|92/100|[from] Grassy Terrain\n|upkeep\n|turn|2\n|\n|t:|1746073547\n|move|p2a: Volcarona|Protect|p2a: Volcarona\n|-singleturn|p2a: Volcarona|Protect\n|move|p1b: Calyrex|Protect|p1b: Calyrex\n|-singleturn|p1b: Calyrex|Protect\n|move|p2b: Rillaboom|Grassy Glide|p1b: Calyrex\n|-activate|p1b: Calyrex|move: Protect\n|move|p1a: Majin|Thunder Wave|p2a: Volcarona\n|-activate|p2a: Volcarona|move: Protect\n|\n|-heal|p1a: Majin|98/100|[from] Grassy Terrain\n|upkeep\n|turn|3\n|\n|t:|1746073573\n|move|p2a: Volcarona|Rage Powder|p2a: Volcarona\n|-singleturn|p2a: Volcarona|move: Rage Powder\n|move|p1a: Majin|Thunder Wave|p2a: Volcarona|[miss]\n|-miss|p1a: Majin|p2a: Volcarona\n|move|p1b: Calyrex|Astral Barrage|p2a: Volcarona|[spread] p2a,p2b\n|-damage|p2a: Volcarona|0 fnt\n|-damage|p2b: Rillaboom|11/100\n|faint|p2a: Volcarona\n|-ability|p1b: Calyrex|Grim Neigh|boost\n|-boost|p1b: Calyrex|spa|1\n|-damage|p1b: Calyrex|91/100|[from] item: Life Orb\n|move|p2b: Rillaboom|Wood Hammer|p1b: Calyrex\n|-damage|p1b: Calyrex|0 fnt\n|faint|p1b: Calyrex\n|-damage|p2b: Rillaboom|0 fnt|[from] Recoil\n|faint|p2b: Rillaboom\n|\n|-heal|p1a: Majin|100/100|[from] Grassy Terrain\n|upkeep\n|\n|t:|1746073594\n|switch|p1b: Raiju|Miraidon, L50|100/100\n|switch|p2a: Rayquaza|Rayquaza, L50|100/100\n|switch|p2b: Calyrex|Calyrex-Shadow, L50|100/100\n|-ability|p2b: Calyrex|As One\n|-ability|p2b: Calyrex|Unnerve\n|-ability|p2a: Rayquaza|Air Lock\n|-fieldstart|move: Electric Terrain|[from] ability: Hadron Engine|[of] p1b: Raiju\n|turn|4\n|\n|t:|1746073621\n|-terastallize|p1b: Raiju|Electric\n|move|p2b: Calyrex|Protect|p2b: Calyrex\n|-singleturn|p2b: Calyrex|Protect\n|move|p1a: Majin|Parting Shot|p2a: Rayquaza\n|-unboost|p2a: Rayquaza|atk|1\n|-unboost|p2a: Rayquaza|spa|1\n|\n|t:|1746073631\n|switch|p1a: Iron Hands|Iron Hands, L50|100/100|[from] Parting Shot\n|-activate|p1a: Iron Hands|ability: Quark Drive\n|-start|p1a: Iron Hands|quarkdriveatk\n|move|p2a: Rayquaza|Giga Impact|p1b: Raiju\n|-damage|p1b: Raiju|33/100\n|-mustrecharge|p2a: Rayquaza\n|move|p1b: Raiju|Electro Drift|p2a: Rayquaza\n|-damage|p2a: Rayquaza|0 fnt\n|faint|p2a: Rayquaza\n|\n|-sideend|p2: setheeswag|move: Tailwind\n|upkeep\n|turn|5\n|\n|t:|1746073652\n|switch|p1b: Majin|Grimmsnarl, L50, M, shiny|100/100\n|move|p2b: Calyrex|Astral Barrage|p1b: Majin|[spread] p1a,p1b\n|-crit|p1a: Iron Hands\n|-resisted|p1b: Majin\n|-crit|p1b: Majin\n|-damage|p1a: Iron Hands|62/100\n|-damage|p1b: Majin|56/100\n|move|p1a: Iron Hands|Wild Charge|p2b: Calyrex\n|-damage|p2b: Calyrex|7/100\n|-damage|p1a: Iron Hands|45/100|[from] Recoil\n|\n|upkeep\n|turn|6\n|\n|t:|1746073668\n|move|p1b: Majin|Light Screen|p1b: Majin\n|-sidestart|p1: redpandavgclol|move: Light Screen\n|move|p2b: Calyrex|Astral Barrage|p1a: Iron Hands|[spread] p1a,p1b\n|-resisted|p1b: Majin\n|-damage|p1a: Iron Hands|27/100\n|-damage|p1b: Majin|36/100\n|move|p1a: Iron Hands|Wild Charge|p2b: Calyrex\n|-damage|p2b: Calyrex|0 fnt\n|faint|p2b: Calyrex\n|-damage|p1a: Iron Hands|26/100|[from] Recoil\n|\n|win|redpandavgclol\n||setheeswag is ready for game 3.\n||redpandavgclol is ready for game 3.\n|uhtml|next|Next: <a href=\"/battle-gen9vgc2025regibo3-2354451960\"><strong>Game 3 of 3</strong></a>\n", "uploadtime": 1746073967, "views": 7, "formatid": "gen9vgc2025regibo3", "rating": null, "private": 0, "password": null}