{"id": "gen9vgc2025regibo3-2353728432", "format": "[Gen 9] VGC 2025 Reg I (Bo3)", "players": ["Paris gurll", "sadfkl"], "log": "|j|\u2606Paris gurll\n|j|\u2606sadfkl\n|html|<table width=\"100%\"><tr><td align=\"left\">Paris gurll</td><td align=\"right\">sadfkl</tr><tr><td align=\"left\"><i class=\"fa fa-circle\"></i> <i class=\"fa fa-circle-o\"></i> </td><td align=\"right\"><i class=\"fa fa-circle-o\"></i> <i class=\"fa fa-circle-o\"></i> </tr></table>\n|uhtml|bestof|<h2><strong>Game 2</strong> of <a href=\"/game-bestof3-gen9vgc2025regibo3-2353727086\">a best-of-3</a></h2>\n|t:|1745989777\n|gametype|doubles\n|player|p1|Paris gurll|102|1033\n|player|p2|sadfkl|ethan|1111\n|teamsize|p1|6\n|teamsize|p2|6\n|gen|9\n|tier|[Gen 9] VGC 2025 Reg I (Bo3)\n|rated|\n|rule|Species Clause: Limit one of each Pok\u00e9mon\n|rule|Item Clause: Limit 1 of each item\n|clearpoke\n|poke|p1|Ceruledge, L50, F|\n|poke|p1|Tornadus, L50, M|\n|poke|p1|Miraidon, L50|\n|poke|p1|Urshifu-*, L50, F|\n|poke|p1|Incineroar, L50, F|\n|poke|p1|Calyrex-Shadow, L50|\n|poke|p2|Koraidon, L50|\n|poke|p2|Calyrex-Shadow, L50|\n|poke|p2|Indeedee-F, L50, F|\n|poke|p2|Iron Bundle, L50|\n|poke|p2|Chi-Yu, L50|\n|poke|p2|Brute Bonnet, L50|\n|teampreview|4\n|showteam|p1|Ceruledge||LifeOrb|FlashFire|BitterBlade,ShadowSneak,CloseCombat,Protect|||F|||50|,,,,,Grass]Tornadus||CovertCloak|Prankster|Tailwind,BleakwindStorm,RainDance,Protect|||M|||50|,,,,,Steel]Miraidon||ChoiceSpecs|HadronEngine|ElectroDrift,VoltSwitch,DazzlingGleam,DracoMeteor||||||50|,,,,,Fairy]Urshifu||FocusSash|UnseenFist|SuckerPunch,WickedBlow,CloseCombat,Detect|||F|||50|,,,,,Stellar]Incineroar||SafetyGoggles|Intimidate|KnockOff,HelpingHand,FakeOut,PartingShot|||F|||50|,,,,,Water]Calyrex-Shadow||SpellTag|AsOneSpectrier|AstralBarrage,GigaDrain,NastyPlot,Protect||||||50|,,,,,Normal\n|showteam|p2|Koraidon||LifeOrb|OrichalcumPulse|CollisionCourse,FlareBlitz,Protect,LowKick||||||50|,,,,,Fire]Calyrex-Shadow||FocusSash|AsOneSpectrier|AstralBarrage,ExpandingForce,Protect,PollenPuff||||||50|,,,,,Dark]Indeedee-F||PsychicSeed|PsychicSurge|AlluringVoice,FollowMe,HelpingHand,TrickRoom|||F|||50|,,,,,Water]Iron Bundle||BoosterEnergy|QuarkDrive|IcyWind,Taunt,Encore,FreezeDry||||||50|,,,,,Ghost]Chi-Yu||ChoiceScarf|BeadsofRuin|HeatWave,DarkPulse,Snarl,Overheat||||||50|,,,,,Fire]Brute Bonnet||CovertCloak|Protosynthesis|SeedBomb,SuckerPunch,Spore,RagePowder||||||50|,,,,,Water\n|inactive|Battle timer is ON: inactive players will automatically lose when time's up. (requested by Paris gurll)\n|\n|t:|1745989800\n|start\n|switch|p1a: Buff man|Tornadus, L50, M|100/100\n|switch|p1b: Miraidon|Miraidon, L50|100/100\n|switch|p2a: Indeedee|Indeedee-F, L50, F|100/100\n|switch|p2b: Iron Bundle|Iron Bundle, L50|100/100\n|-fieldstart|move: Electric Terrain|[from] ability: Hadron Engine|[of] p1b: Miraidon\n|-activate|p2b: Iron Bundle|ability: Quark Drive\n|-start|p2b: Iron Bundle|quarkdrivespe\n|-fieldstart|move: Psychic Terrain|[from] ability: Psychic Surge|[of] p2a: Indeedee\n|-end|p2b: Iron Bundle|Quark Drive\n|-enditem|p2a: Indeedee|Psychic Seed\n|-boost|p2a: Indeedee|spd|1|[from] item: Psychic Seed\n|-enditem|p2b: Iron Bundle|Booster Energy\n|-activate|p2b: Iron Bundle|ability: Quark Drive|[fromitem]\n|-start|p2b: Iron Bundle|quarkdrivespe\n|turn|1\n|\n|t:|1745989822\n|move|p2a: Indeedee|Follow Me|p2a: Indeedee\n|-singleturn|p2a: Indeedee|move: Follow Me\n|move|p1a: Buff man|Tailwind|p1a: Buff man\n|-sidestart|p1: Paris gurll|move: Tailwind\n|move|p1b: Miraidon|Volt Switch|p2a: Indeedee\n|-damage|p2a: Indeedee|61/100\n|\n|t:|1745989832\n|switch|p1b: Kung fu fighting|Urshifu, L50, F|100/100|[from] Volt Switch\n|move|p2b: Iron Bundle|Taunt|p1a: Buff man\n|-start|p1a: Buff man|move: Taunt\n|\n|upkeep\n|turn|2\n|\n|t:|1745989844\n|move|p1b: Kung fu fighting|Wicked Blow|p2a: Indeedee\n|-supereffective|p2a: Indeedee\n|-crit|p2a: Indeedee\n|-damage|p2a: Indeedee|0 fnt\n|faint|p2a: Indeedee\n|move|p2b: Iron Bundle|Icy Wind|p1b: Kung fu fighting|[spread] p1a,p1b\n|-supereffective|p1a: Buff man\n|-damage|p1a: Buff man|68/100\n|-damage|p1b: Kung fu fighting|75/100\n|-unboost|p1b: Kung fu fighting|spe|1\n|move|p1a: Buff man|Bleakwind Storm|p2b: Iron Bundle\n|-damage|p2b: Iron Bundle|33/100\n|\n|upkeep\n|\n|t:|1745989854\n|switch|p2a: Calyrex|Calyrex-Shadow, L50|100/100\n|-ability|p2a: Calyrex|As One\n|-ability|p2a: Calyrex|Unnerve\n|turn|3\n|\n|t:|1745989870\n|move|p1b: Kung fu fighting|Sucker Punch|p2a: Calyrex\n|-activate|p2a: Calyrex|move: Psychic Terrain\n|move|p2b: Iron Bundle|Freeze-Dry|p1a: Buff man\n|-supereffective|p1a: Buff man\n|-damage|p1a: Buff man|9/100\n|move|p1a: Buff man|Bleakwind Storm|p2b: Iron Bundle|[spread] p2a,p2b\n|-damage|p2a: Calyrex|69/100\n|-damage|p2b: Iron Bundle|0 fnt\n|faint|p2b: Iron Bundle\n|-end|p2b: Iron Bundle|Quark Drive|[silent]\n|move|p2a: Calyrex|Pollen Puff|p1b: Kung fu fighting\n|-damage|p1b: Kung fu fighting|19/100\n|\n|upkeep\n|\n|t:|1745989877\n|switch|p2b: Koraidon|Koraidon, L50|100/100\n|-weather|SunnyDay|[from] ability: Orichalcum Pulse|[of] p2b: Koraidon\n|-activate|p2b: Koraidon|Orichalcum Pulse|[source]\n|turn|4\n|\n|t:|1745989892\n|move|p1a: Buff man|Bleakwind Storm|p2a: Calyrex|[spread] p2a,p2b\n|-supereffective|p2b: Koraidon\n|-damage|p2a: Calyrex|36/100\n|-damage|p2b: Koraidon|31/100\n|-unboost|p2a: Calyrex|spe|1\n|move|p1b: Kung fu fighting|Wicked Blow|p2a: Calyrex\n|-supereffective|p2a: Calyrex\n|-crit|p2a: Calyrex\n|-damage|p2a: Calyrex|0 fnt\n|faint|p2a: Calyrex\n|move|p2b: Koraidon|Collision Course|p1a: Buff man\n|-resisted|p1a: Buff man\n|-damage|p1a: Buff man|0 fnt\n|faint|p1a: Buff man\n|-damage|p2b: Koraidon|22/100|[from] item: Life Orb\n|\n|-weather|SunnyDay|[upkeep]\n|-sideend|p1: Paris gurll|move: Tailwind\n|upkeep\n|\n|t:|1745989907\n|switch|p1a: Miraidon|Miraidon, L50|100/100\n|-fieldstart|move: Electric Terrain|[from] ability: Hadron Engine|[of] p1a: Miraidon\n|turn|5\n|-message|sadfkl forfeited.\n|\n|win|Paris gurll\n|raw|Paris gurll's rating: 1033 &rarr; <strong>1076</strong><br />(+43 for winning)\n|raw|sadfkl's rating: 1111 &rarr; <strong>1080</strong><br />(-31 for losing)\n", "uploadtime": 1745989917, "views": 17, "formatid": "gen9vgc2025regibo3", "rating": 1076, "private": 0, "password": null}