{"id": "gen9vgc2025regibo3-2354940270", "format": "[Gen 9] VGC 2025 Reg I (Bo3)", "players": ["firefalls", "nacleboi"], "log": "|j|\u2606firefalls\n|j|\u2606nacleboi\n|html|<table width=\"100%\"><tr><td align=\"left\">firefalls</td><td align=\"right\">nacleboi</tr><tr><td align=\"left\"><i class=\"fa fa-circle-o\"></i> <i class=\"fa fa-circle-o\"></i> </td><td align=\"right\"><i class=\"fa fa-circle-o\"></i> <i class=\"fa fa-circle-o\"></i> </tr></table>\n|uhtml|bestof|<h2><strong>Game 1</strong> of <a href=\"/game-bestof3-gen9vgc2025regibo3-2354940269\">a best-of-3</a></h2>\n|t:|1746133859\n|gametype|doubles\n|player|p1|firefalls|n|\n|player|p2|nacleboi|lance-lgpe|\n|teamsize|p1|6\n|teamsize|p2|6\n|gen|9\n|tier|[Gen 9] VGC 2025 Reg I (Bo3)\n|rule|Species Clause: Limit one of each Pok\u00e9mon\n|rule|Item Clause: Limit 1 of each item\n|clearpoke\n|poke|p1|Lunala, L50|\n|poke|p1|Koraidon, L50|\n|poke|p1|Flutter Mane, L50|\n|poke|p1|Indeedee-F, L50, F|\n|poke|p1|Ogerpon-Cornerstone, L50, F|\n|poke|p1|Chi-Yu, L50|\n|poke|p2|Koraidon, L50|\n|poke|p2|Ho-Oh, L50|\n|poke|p2|Flutter Mane, L50|\n|poke|p2|Raging Bolt, L50|\n|poke|p2|Chien-Pao, L50|\n|poke|p2|Amoonguss, L50, F|\n|teampreview|4\n|showteam|p1|Lunala||PowerHerb|ShadowShield|Protect,ExpandingForce,MoongeistBeam,MeteorBeam||||||50|,,,,,Water]Koraidon||LifeOrb|OrichalcumPulse|Protect,FlareBlitz,FlameCharge,CloseCombat||||||50|,,,,,Fire]Flutter Mane||FocusSash|Protosynthesis|Protect,Moonblast,ShadowBall,IcyWind||||||50|,,,,,Normal]Indeedee-F||RockyHelmet|PsychicSurge|FollowMe,HelpingHand,ShadowBall,TrickRoom|||F|||50|,,,,,Water]Ogerpon-Cornerstone||CornerstoneMask|Sturdy|Protect,IvyCudgel,PowerWhip,FollowMe|||F|||50|,,,,,Rock]Chi-Yu||ChoiceScarf|BeadsofRuin|HeatWave,Snarl,DarkPulse,Overheat||||||50|,,,,,Fire\n|showteam|p2|Koraidon||ClearAmulet|OrichalcumPulse|FlareBlitz,CollisionCourse,Uturn,Protect||||||50|,,,,,Fire]Ho-Oh||RockyHelmet|Regenerator|SacredFire,LifeDew,Tailwind,Protect||||||50|,,,,,Grass]Flutter Mane||ChoiceSpecs|Protosynthesis|Moonblast,DazzlingGleam,ShadowBall,IcyWind||||||50|,,,,,Fairy]Raging Bolt||AssaultVest|Protosynthesis|Thunderclap,DracoMeteor,VoltSwitch,Snarl||||||50|,,,,,Electric]Chien-Pao||FocusSash|SwordofRuin|IceSpinner,ThroatChop,SuckerPunch,Protect||||||50|,,,,,Stellar]Amoonguss||MentalHerb|Regenerator|Spore,RagePowder,PollenPuff,ClearSmog|||F|||50|,,,,,Fire\n|c|\u2606nacleboi|glhf!\n|c|\u2606firefalls|gl hf!\n|\n|t:|1746133992\n|start\n|switch|p1a: Nightmare|Lunala, L50|100/100\n|switch|p1b: Ribbon|Indeedee-F, L50, F|100/100\n|switch|p2a: Amoonguss|Amoonguss, L50, F|100/100\n|switch|p2b: Raging Bolt|Raging Bolt, L50|100/100\n|-fieldstart|move: Psychic Terrain|[from] ability: Psychic Surge|[of] p1b: Ribbon\n|turn|1\n|\n|t:|1746134148\n|move|p1b: Ribbon|Follow Me|p1b: Ribbon\n|-singleturn|p1b: Ribbon|move: Follow Me\n|move|p1a: Nightmare|Meteor Beam||[still]\n|-prepare|p1a: Nightmare|Meteor Beam\n|-boost|p1a: Nightmare|spa|1\n|-enditem|p1a: Nightmare|Power Herb\n|-anim|p1a: Nightmare|Meteor Beam|p2a: Amoonguss\n|-damage|p2a: Amoonguss|45/100\n|move|p2b: Raging Bolt|Snarl|p1a: Nightmare|[spread] p1a,p1b\n|-supereffective|p1a: Nightmare\n|-supereffective|p1b: Ribbon\n|-damage|p1a: Nightmare|79/100\n|-damage|p1b: Ribbon|71/100\n|-unboost|p1a: Nightmare|spa|1\n|-unboost|p1b: Ribbon|spa|1\n|move|p2a: Amoonguss|Spore|p1b: Ribbon\n|-status|p1b: Ribbon|slp|[from] move: Spore\n|\n|upkeep\n|turn|2\n|\n|t:|1746134210\n|switch|p1b: Bonkers|Koraidon, L50|100/100\n|-weather|SunnyDay|[from] ability: Orichalcum Pulse|[of] p1b: Bonkers\n|-activate|p2b: Raging Bolt|ability: Protosynthesis\n|-start|p2b: Raging Bolt|protosynthesisspa\n|-activate|p1b: Bonkers|Orichalcum Pulse|[source]\n|switch|p2a: Chien-Pao|Chien-Pao, L50|100/100\n|-ability|p2a: Chien-Pao|Sword of Ruin\n|move|p1a: Nightmare|Expanding Force|p2a: Chien-Pao|[spread] p2b\n|-immune|p2a: Chien-Pao\n|-damage|p2b: Raging Bolt|67/100\n|move|p2b: Raging Bolt|Snarl|p1a: Nightmare|[spread] p1a,p1b\n|-supereffective|p1a: Nightmare\n|-resisted|p1b: Bonkers\n|-damage|p1a: Nightmare|24/100\n|-damage|p1b: Bonkers|92/100\n|-unboost|p1a: Nightmare|spa|1\n|-unboost|p1b: Bonkers|spa|1\n|\n|-weather|SunnyDay|[upkeep]\n|upkeep\n|turn|3\n|\n|t:|1746134280\n|-end|p2b: Raging Bolt|Protosynthesis|[silent]\n|switch|p2b: Amoonguss|Amoonguss, L50, F|79/100\n|move|p1b: Bonkers|Flame Charge|p2a: Chien-Pao\n|-supereffective|p2a: Chien-Pao\n|-enditem|p2a: Chien-Pao|Focus Sash\n|-damage|p2a: Chien-Pao|1/100\n|-boost|p1b: Bonkers|spe|1\n|-damage|p1b: Bonkers|83/100|[from] item: Life Orb\n|move|p2a: Chien-Pao|Throat Chop|p1b: Bonkers\n|-resisted|p1b: Bonkers\n|-damage|p1b: Bonkers|59/100\n|-start|p1b: Bonkers|Throat Chop|[silent]\n|move|p1a: Nightmare|Moongeist Beam|p2a: Chien-Pao\n|-resisted|p2a: Chien-Pao\n|-damage|p2a: Chien-Pao|0 fnt\n|faint|p2a: Chien-Pao\n|\n|-weather|SunnyDay|[upkeep]\n|upkeep\n|\n|t:|1746134313\n|switch|p2a: Koraidon|Koraidon, L50|100/100\n|-activate|p2a: Koraidon|ability: Orichalcum Pulse\n|turn|4\n|\n|t:|1746134363\n|-terastallize|p2b: Amoonguss|Fire\n|move|p2b: Amoonguss|Rage Powder|p2b: Amoonguss\n|-singleturn|p2b: Amoonguss|move: Rage Powder\n|move|p1b: Bonkers|Flare Blitz|p2b: Amoonguss\n|-resisted|p2b: Amoonguss\n|-damage|p2b: Amoonguss|33/100\n|-damage|p1b: Bonkers|40/100|[from] Recoil\n|-damage|p1b: Bonkers|31/100|[from] item: Life Orb\n|move|p2a: Koraidon|Collision Course|p1b: Bonkers\n|-damage|p1b: Bonkers|0 fnt\n|faint|p1b: Bonkers\n|move|p1a: Nightmare|Expanding Force|p2a: Koraidon|[spread] p2a,p2b\n|-supereffective|p2a: Koraidon\n|-damage|p2a: Koraidon|19/100\n|-damage|p2b: Amoonguss|0 fnt\n|faint|p2b: Amoonguss\n|\n|-weather|SunnyDay|[upkeep]\n|upkeep\n|\n|t:|1746134380\n|switch|p1b: Drawcia|Flutter Mane, L50|100/100\n|switch|p2b: Raging Bolt|Raging Bolt, L50|67/100\n|-activate|p1b: Drawcia|ability: Protosynthesis\n|-start|p1b: Drawcia|protosynthesisspe\n|-activate|p2b: Raging Bolt|ability: Protosynthesis\n|-start|p2b: Raging Bolt|protosynthesisspa\n|turn|5\n|\n|t:|1746134442\n|-terastallize|p1a: Nightmare|Water\n|move|p2a: Koraidon|Protect|p2a: Koraidon\n|-singleturn|p2a: Koraidon|Protect\n|move|p1b: Drawcia|Moonblast|p2b: Raging Bolt\n|-supereffective|p2b: Raging Bolt\n|-damage|p2b: Raging Bolt|10/100\n|-unboost|p2b: Raging Bolt|spa|1\n|move|p1a: Nightmare|Expanding Force|p2b: Raging Bolt|[spread] p2b\n|-activate|p2a: Koraidon|move: Protect\n|-damage|p2b: Raging Bolt|0 fnt\n|faint|p2b: Raging Bolt\n|-end|p2b: Raging Bolt|Protosynthesis|[silent]\n|\n|-weather|SunnyDay|[upkeep]\n|-fieldend|move: Psychic Terrain\n|upkeep\n|turn|6\n|c|\u2606nacleboi|gg !\n|\n|t:|1746134457\n|move|p1b: Drawcia|Moonblast|p2a: Koraidon\n|-supereffective|p2a: Koraidon\n|-damage|p2a: Koraidon|0 fnt\n|faint|p2a: Koraidon\n|\n|win|firefalls\n|c|\u2606firefalls|gg!\n||nacleboi is ready for game 2.\n||firefalls is ready for game 2.\n|uhtml|next|Next: <a href=\"/battle-gen9vgc2025regibo3-2354946071\"><strong>Game 2 of 3</strong></a>\n", "uploadtime": 1746134461, "views": 7, "formatid": "gen9vgc2025regibo3", "rating": null, "private": 0, "password": null}