{"id": "gen9vgc2025regibo3-2353949178", "format": "[Gen 9] VGC 2025 Reg I (Bo3)", "players": ["KAOS 20", "Preciosa Papaya"], "log": "|j|\u2606KAOS 20\n|j|\u2606Preciosa Papaya\n|html|<table width=\"100%\"><tr><td align=\"left\">KAOS 20</td><td align=\"right\">Preciosa Papaya</tr><tr><td align=\"left\"><i class=\"fa fa-circle-o\"></i> <i class=\"fa fa-circle-o\"></i> </td><td align=\"right\"><i class=\"fa fa-circle-o\"></i> <i class=\"fa fa-circle-o\"></i> </tr></table>\n|uhtml|bestof|<h2><strong>Game 1</strong> of <a href=\"/game-bestof3-gen9vgc2025regibo3-2353949177\">a best-of-3</a></h2>\n|t:|1746021798\n|gametype|doubles\n|player|p1|KAOS 20|dawn|1181\n|player|p2|Preciosa Papaya|iono|1193\n|teamsize|p1|6\n|teamsize|p2|6\n|gen|9\n|tier|[Gen 9] VGC 2025 Reg I (Bo3)\n|rated|\n|rule|Species Clause: Limit one of each Pok\u00e9mon\n|rule|Item Clause: Limit 1 of each item\n|clearpoke\n|poke|p1|Terapagos, L50, M|\n|poke|p1|Iron Hands, L50|\n|poke|p1|Urshifu-*, L50, M|\n|poke|p1|Grimmsnarl, L50, M|\n|poke|p1|Calyrex-Shadow, L50|\n|poke|p1|Chi-Yu, L50|\n|poke|p2|Koraidon, L50|\n|poke|p2|Ho-Oh, L50|\n|poke|p2|Raging Bolt, L50|\n|poke|p2|Flutter Mane, L50|\n|poke|p2|Iron Treads, L50|\n|poke|p2|Brute Bonnet, L50|\n|teampreview|4\n|showteam|p1|Terapagos||ChoiceSpecs|TeraShift|TeraStarstorm,EarthPower,CalmMind,HyperBeam|||M|||50|,,,,,Stellar]Iron Hands||AssaultVest|QuarkDrive|DrainPunch,WildCharge,HeavySlam,FakeOut||||||50|,,,,,Water]Urshifu-Rapid-Strike||MysticWater|UnseenFist|SurgingStrikes,Taunt,AquaJet,Detect|||M|||50|,,,,,Water]Grimmsnarl||LightClay|Prankster|FoulPlay,Reflect,LightScreen,ThunderWave|||M|||50|,,,,,Ghost]Calyrex-Shadow||FocusSash|AsOneSpectrier|AstralBarrage,Psychic,WillOWisp,Protect||||||50|,,,,,Ghost]Chi-Yu||ChoiceScarf|BeadsofRuin|HeatWave,DarkPulse,Overheat,Snarl||||||50|,,,,,Ghost\n|showteam|p2|Koraidon||LoadedDice|OrichalcumPulse|CollisionCourse,FlareBlitz,ScaleShot,Protect||||||50|,,,,,Fire]Ho-Oh||ClearAmulet|Regenerator|BraveBird,SacredFire,Tailwind,Protect||||||50|,,,,,Grass]Raging Bolt||AssaultVest|Protosynthesis|Snarl,DracoMeteor,Thunderclap,Electroweb||||||50|,,,,,Electric]Flutter Mane||FocusSash|Protosynthesis|Moonblast,ShadowBall,IcyWind,Protect||||||50|,,,,,Stellar]Iron Treads||LifeOrb|QuarkDrive|IronHead,KnockOff,HighHorsepower,Protect||||||50|,,,,,Ghost]Brute Bonnet||CovertCloak|Protosynthesis|Spore,RagePowder,SeedBomb,SuckerPunch||||||50|,,,,,Water\n|\n|t:|1746021861\n|start\n|switch|p1a: Chi-Yu|Chi-Yu, L50|100/100\n|switch|p1b: Grimmsnarl|Grimmsnarl, L50, M|100/100\n|switch|p2a: Ho-Oh|Ho-Oh, L50, shiny|100/100\n|switch|p2b: Raging Bolt|Raging Bolt, L50|100/100\n|-ability|p1a: Chi-Yu|Beads of Ruin\n|turn|1\n|inactive|Battle timer is ON: inactive players will automatically lose when time's up. (requested by KAOS 20)\n|\n|t:|1746021885\n|move|p1b: Grimmsnarl|Reflect|p1b: Grimmsnarl\n|-sidestart|p1: KAOS 20|Reflect\n|move|p1a: Chi-Yu|Snarl|p2a: Ho-Oh|[spread] p2a,p2b\n|-damage|p2a: Ho-Oh|82/100\n|-damage|p2b: Raging Bolt|81/100\n|-unboost|p2b: Raging Bolt|spa|1\n|move|p2a: Ho-Oh|Tailwind|p2a: Ho-Oh\n|-sidestart|p2: Preciosa Papaya|move: Tailwind\n|move|p2b: Raging Bolt|Electroweb|p1b: Grimmsnarl|[spread] p1a,p1b\n|-damage|p1a: Chi-Yu|84/100\n|-damage|p1b: Grimmsnarl|83/100\n|-unboost|p1a: Chi-Yu|spe|1\n|-unboost|p1b: Grimmsnarl|spe|1\n|\n|upkeep\n|turn|2\n|\n|t:|1746021904\n|move|p1b: Grimmsnarl|Thunder Wave|p2a: Ho-Oh\n|-status|p2a: Ho-Oh|par\n|move|p2b: Raging Bolt|Electroweb|p1b: Grimmsnarl|[spread] p1a,p1b\n|-damage|p1a: Chi-Yu|68/100\n|-damage|p1b: Grimmsnarl|65/100\n|-unboost|p1a: Chi-Yu|spe|1\n|-unboost|p1b: Grimmsnarl|spe|1\n|move|p2a: Ho-Oh|Sacred Fire|p1b: Grimmsnarl\n|-damage|p1b: Grimmsnarl|34/100\n|-status|p1b: Grimmsnarl|brn\n|move|p1a: Chi-Yu|Snarl|p2a: Ho-Oh|[spread] p2a,p2b\n|-damage|p2a: Ho-Oh|63/100 par\n|-damage|p2b: Raging Bolt|64/100\n|-unboost|p2b: Raging Bolt|spa|1\n|\n|-damage|p1b: Grimmsnarl|28/100 brn|[from] brn\n|upkeep\n|turn|3\n|inactive|KAOS 20 has 30 seconds left.\n|\n|t:|1746021932\n|move|p1b: Grimmsnarl|Light Screen|p1b: Grimmsnarl\n|-sidestart|p1: KAOS 20|move: Light Screen\n|move|p2b: Raging Bolt|Draco Meteor|p1a: Chi-Yu\n|-damage|p1a: Chi-Yu|42/100\n|-unboost|p2b: Raging Bolt|spa|2\n|cant|p2a: Ho-Oh|par\n|move|p1a: Chi-Yu|Snarl|p2a: Ho-Oh|[spread] p2a,p2b\n|-damage|p2a: Ho-Oh|46/100 par\n|-damage|p2b: Raging Bolt|46/100\n|-unboost|p2b: Raging Bolt|spa|1\n|\n|-damage|p1b: Grimmsnarl|22/100 brn|[from] brn\n|upkeep\n|turn|4\n|inactive|KAOS 20 has 30 seconds left.\n|inactive|Preciosa Papaya has 30 seconds left.\n|inactive|KAOS 20 has 20 seconds left.\n|inactive|Preciosa Papaya has 20 seconds left.\n|inactive|KAOS 20 has 15 seconds left.\n|inactive|KAOS 20 has 10 seconds left.\n|inactive|KAOS 20 has 5 seconds left.\n|\n|t:|1746021985\n|switch|p1a: Iron Hands|Iron Hands, L50|100/100\n|move|p2b: Raging Bolt|Electroweb|p1b: Grimmsnarl|[spread] p1a,p1b\n|-resisted|p1a: Iron Hands\n|-damage|p1a: Iron Hands|99/100\n|-damage|p1b: Grimmsnarl|18/100 brn\n|-unboost|p1a: Iron Hands|spe|1\n|-unboost|p1b: Grimmsnarl|spe|1\n|move|p2a: Ho-Oh|Brave Bird|p1a: Iron Hands\n|-damage|p1a: Iron Hands|74/100\n|-damage|p2a: Ho-Oh|37/100 par|[from] Recoil\n|move|p1b: Grimmsnarl|Foul Play|p2a: Ho-Oh\n|-damage|p2a: Ho-Oh|18/100 par\n|\n|-damage|p1b: Grimmsnarl|12/100 brn|[from] brn\n|-sideend|p2: Preciosa Papaya|move: Tailwind\n|upkeep\n|turn|5\n|inactive|KAOS 20 has 30 seconds left.\n|inactive|KAOS 20 has 20 seconds left.\n|inactive|KAOS 20 has 15 seconds left.\n|inactive|KAOS 20 has 10 seconds left.\n|\n|t:|1746022035\n|move|p1a: Iron Hands|Fake Out|p2a: Ho-Oh\n|-damage|p2a: Ho-Oh|6/100 par\n|move|p2b: Raging Bolt|Electroweb|p1a: Iron Hands|[spread] p1a,p1b\n|-resisted|p1a: Iron Hands\n|-damage|p1a: Iron Hands|73/100\n|-damage|p1b: Grimmsnarl|8/100 brn\n|-unboost|p1a: Iron Hands|spe|1\n|-unboost|p1b: Grimmsnarl|spe|1\n|cant|p2a: Ho-Oh|flinch\n|move|p1b: Grimmsnarl|Foul Play|p2a: Ho-Oh\n|-damage|p2a: Ho-Oh|0 fnt\n|faint|p2a: Ho-Oh\n|\n|-damage|p1b: Grimmsnarl|2/100 brn|[from] brn\n|upkeep\n|\n|t:|1746022051\n|switch|p2a: Koraidon|Koraidon, L50|100/100\n|-weather|SunnyDay|[from] ability: Orichalcum Pulse|[of] p2a: Koraidon\n|-activate|p2b: Raging Bolt|ability: Protosynthesis\n|-start|p2b: Raging Bolt|protosynthesisdef\n|-activate|p2a: Koraidon|Orichalcum Pulse|[source]\n|turn|6\n|\n|t:|1746022073\n|-end|p2b: Raging Bolt|Protosynthesis|[silent]\n|switch|p2b: Flutter Mane|Flutter Mane, L50|100/100\n|-activate|p2b: Flutter Mane|ability: Protosynthesis\n|-start|p2b: Flutter Mane|protosynthesisspe\n|move|p2a: Koraidon|Protect|p2a: Koraidon\n|-singleturn|p2a: Koraidon|Protect\n|move|p1b: Grimmsnarl|Thunder Wave|p2a: Koraidon\n|-activate|p2a: Koraidon|move: Protect\n|move|p1a: Iron Hands|Drain Punch|p2b: Flutter Mane\n|-immune|p2b: Flutter Mane\n|\n|-weather|SunnyDay|[upkeep]\n|-damage|p1b: Grimmsnarl|0 fnt|[from] brn\n|faint|p1b: Grimmsnarl\n|upkeep\n|inactive|KAOS 20 has 30 seconds left.\n|inactive|KAOS 20 has 20 seconds left.\n|inactive|KAOS 20 has 15 seconds left.\n|\n|t:|1746022116\n|switch|p1b: Calyrex|Calyrex-Shadow, L50|100/100\n|-ability|p1b: Calyrex|As One\n|-ability|p1b: Calyrex|Unnerve\n|turn|7\n|inactive|KAOS 20 has 30 seconds left.\n|\n|t:|1746022142\n|-terastallize|p2a: Koraidon|Fire\n|-terastallize|p1a: Iron Hands|Water\n|move|p1b: Calyrex|Protect|p1b: Calyrex\n|-singleturn|p1b: Calyrex|Protect\n|move|p2b: Flutter Mane|Icy Wind|p1a: Iron Hands|[spread] p1a\n|-activate|p1b: Calyrex|move: Protect\n|-resisted|p1a: Iron Hands\n|-damage|p1a: Iron Hands|70/100\n|-unboost|p1a: Iron Hands|spe|1\n|move|p2a: Koraidon|Flare Blitz|p1b: Calyrex\n|-activate|p1b: Calyrex|move: Protect\n|move|p1a: Iron Hands|Heavy Slam|p2b: Flutter Mane\n|-supereffective|p2b: Flutter Mane\n|-enditem|p2b: Flutter Mane|Focus Sash\n|-damage|p2b: Flutter Mane|1/100\n|\n|-weather|SunnyDay|[upkeep]\n|upkeep\n|turn|8\n|inactive|KAOS 20 has 30 seconds left.\n|\n|t:|1746022177\n|switch|p1b: Chi-Yu|Chi-Yu, L50|42/100\n|-ability|p1b: Chi-Yu|Beads of Ruin\n|move|p2b: Flutter Mane|Icy Wind|p1a: Iron Hands|[spread] p1a,p1b\n|-resisted|p1a: Iron Hands\n|-resisted|p1b: Chi-Yu\n|-damage|p1a: Iron Hands|66/100\n|-damage|p1b: Chi-Yu|37/100\n|-unboost|p1a: Iron Hands|spe|1\n|-unboost|p1b: Chi-Yu|spe|1\n|move|p2a: Koraidon|Flare Blitz|p1b: Chi-Yu\n|-resisted|p1b: Chi-Yu\n|-damage|p1b: Chi-Yu|0 fnt\n|faint|p1b: Chi-Yu\n|-damage|p2a: Koraidon|92/100|[from] Recoil\n|move|p1a: Iron Hands|Wild Charge|p2b: Flutter Mane\n|-damage|p2b: Flutter Mane|0 fnt\n|faint|p2b: Flutter Mane\n|-end|p2b: Flutter Mane|Protosynthesis|[silent]\n|-damage|p1a: Iron Hands|66/100|[from] Recoil\n|\n|-weather|SunnyDay|[upkeep]\n|-sideend|p1: KAOS 20|Reflect\n|upkeep\n|\n|t:|1746022186\n|switch|p2b: Raging Bolt|Raging Bolt, L50|46/100\n|switch|p1b: Calyrex|Calyrex-Shadow, L50|100/100\n|-ability|p1b: Calyrex|As One\n|-ability|p1b: Calyrex|Unnerve\n|-activate|p2b: Raging Bolt|ability: Protosynthesis\n|-start|p2b: Raging Bolt|protosynthesisspa\n|turn|9\n|inactive|KAOS 20 has 30 seconds left.\n|inactive|KAOS 20 has 20 seconds left.\n|inactive|KAOS 20 has 15 seconds left.\n|inactive|KAOS 20 has 10 seconds left.\n|\n|t:|1746022233\n|move|p1b: Calyrex|Astral Barrage|p2a: Koraidon|[spread] p2a,p2b\n|-crit|p2a: Koraidon\n|-damage|p2a: Koraidon|17/100\n|-damage|p2b: Raging Bolt|13/100\n|move|p2a: Koraidon|Scale Shot|p1b: Calyrex\n|-damage|p1b: Calyrex|74/100\n|-damage|p1b: Calyrex|47/100\n|-damage|p1b: Calyrex|23/100\n|-damage|p1b: Calyrex|0 fnt\n|faint|p1b: Calyrex\n|-hitcount|p1: Calyrex|4\n|-unboost|p2a: Koraidon|def|1\n|-boost|p2a: Koraidon|spe|1\n|move|p2b: Raging Bolt|Electroweb|p1a: Iron Hands\n|-supereffective|p1a: Iron Hands\n|-damage|p1a: Iron Hands|39/100\n|-unboost|p1a: Iron Hands|spe|1\n|move|p1a: Iron Hands|Drain Punch|p2b: Raging Bolt\n|-damage|p2b: Raging Bolt|0 fnt\n|-heal|p1a: Iron Hands|45/100|[from] drain|[of] p2b: Raging Bolt\n|faint|p2b: Raging Bolt\n|-end|p2b: Raging Bolt|Protosynthesis|[silent]\n|\n|-weather|SunnyDay|[upkeep]\n|upkeep\n|turn|10\n|inactive|KAOS 20 has 30 seconds left.\n|\n|t:|1746022259\n|move|p2a: Koraidon|Collision Course|p1a: Iron Hands\n|-damage|p1a: Iron Hands|0 fnt\n|faint|p1a: Iron Hands\n|-end|p1a: Iron Hands|Quark Drive|[silent]\n|\n|win|Preciosa Papaya\n||KAOS 20 is ready for game 2.\n||Preciosa Papaya is ready for game 2.\n|uhtml|next|Next: <a href=\"/battle-gen9vgc2025regibo3-2353954304\"><strong>Game 2 of 3</strong></a>\n", "uploadtime": 1746022267, "views": 10, "formatid": "gen9vgc2025regibo3", "rating": null, "private": 0, "password": null}