{"id": "gen9vgc2025regibo3-2354983461", "format": "[Gen 9] VGC 2025 Reg I (Bo3)", "players": ["sharadaykilla98", "Dragoblaze12"], "log": "|j|\u2606sharadaykilla98\n|j|\u2606Dragoblaze12\n|html|<table width=\"100%\"><tr><td align=\"left\">sharadaykilla98</td><td align=\"right\">Dragoblaze12</tr><tr><td align=\"left\"><i class=\"fa fa-circle-o\"></i> <i class=\"fa fa-circle-o\"></i> </td><td align=\"right\"><i class=\"fa fa-circle-o\"></i> <i class=\"fa fa-circle-o\"></i> </tr></table>\n|uhtml|bestof|<h2><strong>Game 1</strong> of <a href=\"/game-bestof3-gen9vgc2025regibo3-2354983460\">a best-of-3</a></h2>\n|t:|1746138550\n|gametype|doubles\n|player|p1|sharadaykilla98|volkner|1237\n|player|p2|Dragoblaze12|265|1386\n|teamsize|p1|6\n|teamsize|p2|6\n|gen|9\n|tier|[Gen 9] VGC 2025 Reg I (Bo3)\n|rated|\n|rule|Species Clause: Limit one of each Pok\u00e9mon\n|rule|Item Clause: Limit 1 of each item\n|clearpoke\n|poke|p1|Eternatus, L50|\n|poke|p1|Grimmsnarl, L50, M|\n|poke|p1|Hitmontop, L50, M|\n|poke|p1|Ho-Oh, L50|\n|poke|p1|Toxapex, L50, M|\n|poke|p1|Raichu, L50, F|\n|poke|p2|Calyrex-Shadow, L50|\n|poke|p2|Zamazenta-*, L50|\n|poke|p2|Urshifu-*, L50, F|\n|poke|p2|Tornadus, L50, M|\n|poke|p2|Ogerpon-Hearthflame, L50, F|\n|poke|p2|Raging Bolt, L50|\n|teampreview|4\n|showteam|p1|Eternatus||Leftovers|Pressure|Toxic,FireSpin,CosmicPower,Protect||||||50|,,,,,Fairy]Grimmsnarl||LightClay|Prankster|LightScreen,Reflect,FakeOut,PartingShot|||M|||50|,,,,,Poison]Hitmontop||EjectButton|Intimidate|FakeOut,WideGuard,CloseCombat,BulletPunch|||M|||50|,,,,,Steel]Ho-Oh||SafetyGoggles|Regenerator|SacredFire,Tailwind,LifeDew,Protect||||||50|,,,,,Fairy]Toxapex||BlackSludge|Regenerator|ToxicSpikes,BanefulBunker,Infestation,WideGuard|||M|||50|,,,,,Poison]Raichu||ChoiceScarf|LightningRod|Nuzzle,VoltSwitch,Electroweb,EerieImpulse|||F|||50|,,,,,Ghost\n|showteam|p2|Calyrex-Shadow||FocusSash|AsOneSpectrier|AstralBarrage,Psychic,Encore,Protect||||||50|,,,,,Ghost]Zamazenta-Crowned||RustedShield|DauntlessShield|WideGuard,behemothbash,Protect,BodyPress||||||50|,,,,,Dragon]Urshifu-Rapid-Strike||MysticWater|UnseenFist|Detect,CloseCombat,AquaJet,SurgingStrikes|||F|||50|,,,,,Water]Tornadus||RockyHelmet|Prankster|Protect,RainDance,BleakwindStorm,Tailwind|||M|||50|,,,,,Dark]Ogerpon-Hearthflame||HearthflameMask|MoldBreaker|IvyCudgel,WoodHammer,FollowMe,SpikyShield|||F|||50|,,,,,Fire]Raging Bolt||AssaultVest|Protosynthesis|VoltSwitch,DracoMeteor,Thunderbolt,Thunderclap||||||50|,,,,,Electric\n|inactive|Battle timer is ON: inactive players will automatically lose when time's up. (requested by sharadaykilla98)\n|c|\u2606sharadaykilla98|gl hf\n|inactive|sharadaykilla98 has 60 seconds left.\n|inactive|Dragoblaze12 has 60 seconds left.\n|c|\u2606Dragoblaze12|wtf is this\n|inactive|Dragoblaze12 has 30 seconds left.\n|inactive|Dragoblaze12 has 20 seconds left.\n|inactive|Dragoblaze12 has 15 seconds left.\n|c|\u2606sharadaykilla98|Eternatus + Ho oh :)\n|inactive|Dragoblaze12 has 10 seconds left.\n|\n|t:|1746138634\n|start\n|switch|p1a: Raichu|Raichu, L50, F|100/100\n|switch|p1b: Eternatus|Eternatus, L50|100/100\n|switch|p2a: Zamazenta|Zamazenta-Crowned, L50|100/100\n|switch|p2b: Ogerpon|Ogerpon-Hearthflame, L50, F|100/100\n|-ability|p2a: Zamazenta|Dauntless Shield|boost\n|-boost|p2a: Zamazenta|def|1\n|-ability|p1b: Eternatus|Pressure\n|-ability|p2b: Ogerpon|Mold Breaker\n|turn|1\n|\n|t:|1746138656\n|move|p2b: Ogerpon|Follow Me|p2b: Ogerpon\n|-singleturn|p2b: Ogerpon|move: Follow Me\n|move|p1a: Raichu|Volt Switch|p2b: Ogerpon\n|-resisted|p2b: Ogerpon\n|-damage|p2b: Ogerpon|85/100\n|\n|t:|1746138665\n|switch|p1a: Ho-Oh|Ho-Oh, L50, shiny|100/100|[from] Volt Switch\n|move|p2a: Zamazenta|Body Press|p1a: Ho-Oh\n|-resisted|p1a: Ho-Oh\n|-damage|p1a: Ho-Oh|74/100\n|move|p1b: Eternatus|Cosmic Power|p1b: Eternatus\n|-boost|p1b: Eternatus|def|1\n|-boost|p1b: Eternatus|spd|1\n|\n|upkeep\n|turn|2\n|inactive|Dragoblaze12 has 30 seconds left.\n|\n|t:|1746138694\n|switch|p2b: Raging Bolt|Raging Bolt, L50|100/100\n|move|p2a: Zamazenta|Protect|p2a: Zamazenta\n|-singleturn|p2a: Zamazenta|Protect\n|move|p1b: Eternatus|Cosmic Power|p1b: Eternatus\n|-boost|p1b: Eternatus|def|1\n|-boost|p1b: Eternatus|spd|1\n|move|p1a: Ho-Oh|Tailwind|p1a: Ho-Oh\n|-sidestart|p1: sharadaykilla98|move: Tailwind\n|\n|upkeep\n|turn|3\n|inactive|Dragoblaze12 has 30 seconds left.\n|inactive|sharadaykilla98 has 30 seconds left.\n|\n|t:|1746138728\n|switch|p2a: Ogerpon|Ogerpon-Hearthflame, L50, F|85/100\n|-ability|p2a: Ogerpon|Mold Breaker\n|move|p1b: Eternatus|Toxic|p2b: Raging Bolt\n|-status|p2b: Raging Bolt|tox\n|move|p1a: Ho-Oh|Sacred Fire|p2a: Ogerpon\n|-damage|p2a: Ogerpon|51/100\n|move|p2b: Raging Bolt|Thunderbolt|p1a: Ho-Oh\n|-supereffective|p1a: Ho-Oh\n|-damage|p1a: Ho-Oh|27/100\n|\n|-damage|p2b: Raging Bolt|94/100 tox|[from] psn\n|upkeep\n|turn|4\n|inactive|Dragoblaze12 has 30 seconds left.\n|\n|t:|1746138753\n|switch|p1a: Raichu|Raichu, L50, F|100/100\n|move|p1b: Eternatus|Cosmic Power|p1b: Eternatus\n|-boost|p1b: Eternatus|def|1\n|-boost|p1b: Eternatus|spd|1\n|move|p2a: Ogerpon|Ivy Cudgel|p1a: Raichu|[anim] Ivy Cudgel Fire\n|-damage|p1a: Raichu|0 fnt\n|faint|p1a: Raichu\n|move|p2b: Raging Bolt|Volt Switch|p1b: Eternatus\n|-resisted|p1b: Eternatus\n|-damage|p1b: Eternatus|96/100\n|\n|t:|1746138768\n|-end|p2b: Raging Bolt|Protosynthesis|[silent]\n|switch|p2b: Calyrex|Calyrex-Shadow, L50|100/100|[from] Volt Switch\n|-ability|p2b: Calyrex|As One\n|-ability|p2b: Calyrex|Unnerve\n|\n|-heal|p1b: Eternatus|100/100|[from] item: Leftovers\n|upkeep\n|\n|t:|1746138777\n|switch|p1a: Ho-Oh|Ho-Oh, L50, shiny|60/100\n|turn|5\n|\n|t:|1746138784\n|move|p2a: Ogerpon|Follow Me|p2a: Ogerpon\n|-singleturn|p2a: Ogerpon|move: Follow Me\n|move|p1b: Eternatus|Toxic|p2a: Ogerpon\n|-status|p2a: Ogerpon|tox\n|move|p1a: Ho-Oh|Sacred Fire|p2a: Ogerpon\n|-damage|p2a: Ogerpon|17/100 tox\n|move|p2b: Calyrex|Astral Barrage|p1a: Ho-Oh|[spread] p1a,p1b\n|-damage|p1a: Ho-Oh|31/100\n|-damage|p1b: Eternatus|86/100\n|\n|-heal|p1b: Eternatus|92/100|[from] item: Leftovers\n|-damage|p2a: Ogerpon|11/100 tox|[from] psn\n|-sideend|p1: sharadaykilla98|move: Tailwind\n|upkeep\n|turn|6\n|\n|t:|1746138807\n|switch|p1a: Hitmontop|Hitmontop, L50, M|100/100\n|-ability|p1a: Hitmontop|Intimidate|boost\n|-unboost|p2a: Ogerpon|atk|1\n|-unboost|p2b: Calyrex|atk|1\n|-terastallize|p2b: Calyrex|Ghost\n|move|p2a: Ogerpon|Follow Me|p2a: Ogerpon\n|-singleturn|p2a: Ogerpon|move: Follow Me\n|move|p2b: Calyrex|Astral Barrage|p1a: Hitmontop|[spread] p1a,p1b\n|-damage|p1a: Hitmontop|30/100\n|-damage|p1b: Eternatus|74/100\n|-enditem|p1a: Hitmontop|Eject Button\n|\n|t:|1746138817\n|switch|p1a: Ho-Oh|Ho-Oh, L50, shiny|64/100\n|move|p1b: Eternatus|Cosmic Power|p1b: Eternatus\n|-boost|p1b: Eternatus|def|1\n|-boost|p1b: Eternatus|spd|1\n|\n|-heal|p1b: Eternatus|80/100|[from] item: Leftovers\n|-damage|p2a: Ogerpon|0 fnt|[from] psn\n|faint|p2a: Ogerpon\n|upkeep\n|\n|t:|1746138828\n|switch|p2a: Raging Bolt|Raging Bolt, L50|94/100 tox\n|turn|7\n|\n|t:|1746138843\n|move|p1b: Eternatus|Protect|p1b: Eternatus\n|-singleturn|p1b: Eternatus|Protect\n|move|p2b: Calyrex|Encore|p1b: Eternatus\n|-activate|p1b: Eternatus|move: Protect\n|move|p1a: Ho-Oh|Life Dew|p1a: Ho-Oh|[spread] p1a,p1b\n|-heal|p1a: Ho-Oh|89/100\n|-heal|p1b: Eternatus|100/100\n|move|p2a: Raging Bolt|Thunderbolt|p1a: Ho-Oh\n|-supereffective|p1a: Ho-Oh\n|-damage|p1a: Ho-Oh|42/100\n|-status|p1a: Ho-Oh|par\n|\n|-damage|p2a: Raging Bolt|88/100 tox|[from] psn\n|upkeep\n|turn|8\n|\n|t:|1746138859\n|switch|p1a: Hitmontop|Hitmontop, L50, M|30/100\n|-ability|p1a: Hitmontop|Intimidate|boost\n|-unboost|p2a: Raging Bolt|atk|1\n|-unboost|p2b: Calyrex|atk|1\n|move|p2b: Calyrex|Encore|p1b: Eternatus\n|-start|p1b: Eternatus|Encore\n|move|p1b: Eternatus|Protect|p1b: Eternatus\n|-singleturn|p1b: Eternatus|Protect\n|move|p2a: Raging Bolt|Thunderbolt|p1a: Hitmontop\n|-damage|p1a: Hitmontop|0 fnt\n|faint|p1a: Hitmontop\n|\n|-damage|p2a: Raging Bolt|76/100 tox|[from] psn\n|upkeep\n|\n|t:|1746138869\n|switch|p1a: Ho-Oh|Ho-Oh, L50, shiny|75/100 par\n|turn|9\n|\n|t:|1746138881\n|-terastallize|p1a: Ho-Oh|Fairy\n|move|p1b: Eternatus|Protect||[still]\n|-fail|p1b: Eternatus\n|move|p2b: Calyrex|Astral Barrage|p1a: Ho-Oh|[spread] p1a,p1b\n|-damage|p1a: Ho-Oh|36/100 par\n|-damage|p1b: Eternatus|85/100\n|move|p2a: Raging Bolt|Thunderbolt|p1a: Ho-Oh\n|-damage|p1a: Ho-Oh|13/100 par\n|cant|p1a: Ho-Oh|par\n|\n|-heal|p1b: Eternatus|91/100|[from] item: Leftovers\n|-damage|p2a: Raging Bolt|58/100 tox|[from] psn\n|upkeep\n|turn|10\n|inactive|Dragoblaze12 has 30 seconds left.\n|inactive|Dragoblaze12 has 20 seconds left.\n|\n|t:|1746138917\n|-end|p2a: Raging Bolt|Protosynthesis|[silent]\n|switch|p2a: Zamazenta|Zamazenta-Crowned, L50|100/100\n|move|p1b: Eternatus|Protect|p1b: Eternatus\n|-singleturn|p1b: Eternatus|Protect\n|move|p1a: Ho-Oh|Protect|p1a: Ho-Oh\n|-singleturn|p1a: Ho-Oh|Protect\n|move|p2b: Calyrex|Astral Barrage|p1a: Ho-Oh|[spread] \n|-activate|p1a: Ho-Oh|move: Protect\n|-activate|p1b: Eternatus|move: Protect\n|\n|-heal|p1b: Eternatus|97/100|[from] item: Leftovers\n|-end|p1b: Eternatus|Encore\n|upkeep\n|turn|11\n|\n|t:|1746138937\n|move|p2b: Calyrex|Encore|p1b: Eternatus\n|-start|p1b: Eternatus|Encore\n|move|p2a: Zamazenta|Behemoth Bash|p1a: Ho-Oh\n|-supereffective|p1a: Ho-Oh\n|-damage|p1a: Ho-Oh|0 fnt\n|faint|p1a: Ho-Oh\n|move|p1b: Eternatus|Protect||[still]\n|-fail|p1b: Eternatus\n|\n|-heal|p1b: Eternatus|100/100|[from] item: Leftovers\n|upkeep\n|turn|12\n|\n|t:|1746138944\n|move|p1b: Eternatus|Protect|p1b: Eternatus\n|-singleturn|p1b: Eternatus|Protect\n|move|p2b: Calyrex|Psychic|p1b: Eternatus\n|-activate|p1b: Eternatus|move: Protect\n|move|p2a: Zamazenta|Behemoth Bash|p1b: Eternatus\n|-activate|p1b: Eternatus|move: Protect\n|\n|upkeep\n|turn|13\n|\n|t:|1746138948\n|move|p1b: Eternatus|Protect||[still]\n|-fail|p1b: Eternatus\n|move|p2b: Calyrex|Psychic|p1b: Eternatus\n|-supereffective|p1b: Eternatus\n|-damage|p1b: Eternatus|78/100\n|move|p2a: Zamazenta|Behemoth Bash|p1b: Eternatus\n|-damage|p1b: Eternatus|67/100\n|\n|-heal|p1b: Eternatus|73/100|[from] item: Leftovers\n|-end|p1b: Eternatus|Encore\n|upkeep\n|turn|14\n|\n|t:|1746138961\n|move|p2b: Calyrex|Psychic|p1b: Eternatus\n|-supereffective|p1b: Eternatus\n|-damage|p1b: Eternatus|51/100\n|move|p2a: Zamazenta|Behemoth Bash|p1b: Eternatus\n|-damage|p1b: Eternatus|42/100\n|move|p1b: Eternatus|Toxic|p2b: Calyrex\n|-status|p2b: Calyrex|tox\n|\n|-heal|p1b: Eternatus|48/100|[from] item: Leftovers\n|-damage|p2b: Calyrex|95/100 tox|[from] psn\n|upkeep\n|turn|15\n|\n|t:|1746138978\n|move|p1b: Eternatus|Protect|p1b: Eternatus\n|-singleturn|p1b: Eternatus|Protect\n|move|p2b: Calyrex|Encore|p1b: Eternatus\n|-activate|p1b: Eternatus|move: Protect\n|move|p2a: Zamazenta|Behemoth Bash|p1b: Eternatus\n|-activate|p1b: Eternatus|move: Protect\n|\n|-heal|p1b: Eternatus|54/100|[from] item: Leftovers\n|-damage|p2b: Calyrex|83/100 tox|[from] psn\n|upkeep\n|turn|16\n|\n|t:|1746138993\n|move|p2b: Calyrex|Psychic|p1b: Eternatus\n|-supereffective|p1b: Eternatus\n|-damage|p1b: Eternatus|31/100\n|move|p2a: Zamazenta|Body Press|p1b: Eternatus\n|-resisted|p1b: Eternatus\n|-damage|p1b: Eternatus|25/100\n|move|p1b: Eternatus|Cosmic Power|p1b: Eternatus\n|-boost|p1b: Eternatus|def|1\n|-boost|p1b: Eternatus|spd|1\n|\n|-heal|p1b: Eternatus|32/100|[from] item: Leftovers\n|-damage|p2b: Calyrex|66/100 tox|[from] psn\n|upkeep\n|turn|17\n|\n|t:|1746139000\n|switch|p2a: Raging Bolt|Raging Bolt, L50|58/100 tox\n|move|p1b: Eternatus|Protect|p1b: Eternatus\n|-singleturn|p1b: Eternatus|Protect\n|move|p2b: Calyrex|Psychic|p1b: Eternatus\n|-activate|p1b: Eternatus|move: Protect\n|\n|-heal|p1b: Eternatus|38/100|[from] item: Leftovers\n|-damage|p2b: Calyrex|43/100 tox|[from] psn\n|-damage|p2a: Raging Bolt|52/100 tox|[from] psn\n|upkeep\n|turn|18\n|c|\u2606sharadaykilla98|gg\n|\n|t:|1746139010\n|move|p2b: Calyrex|Psychic|p1b: Eternatus\n|-supereffective|p1b: Eternatus\n|-damage|p1b: Eternatus|18/100\n|move|p1b: Eternatus|Cosmic Power|p1b: Eternatus\n|-boost|p1b: Eternatus|def|1\n|-boost|p1b: Eternatus|spd|1\n|move|p2a: Raging Bolt|Draco Meteor|p1b: Eternatus\n|-supereffective|p1b: Eternatus\n|-damage|p1b: Eternatus|0 fnt\n|-unboost|p2a: Raging Bolt|spa|2\n|faint|p1b: Eternatus\n|\n|win|Dragoblaze12\n||sharadaykilla98 is ready for game 2.\n||Dragoblaze12 is ready for game 2.\n|uhtml|next|Next: <a href=\"/battle-gen9vgc2025regibo3-2354987618\"><strong>Game 2 of 3</strong></a>\n", "uploadtime": 1746139288, "views": 5, "formatid": "gen9vgc2025regibo3", "rating": null, "private": 0, "password": null}