{"id": "gen9vgc2025regibo3-2354373814", "format": "[Gen 9] VGC 2025 Reg I (Bo3)", "players": ["Gimffy", "tzarii"], "log": "|j|\u2606Gimffy\n|j|\u2606tzarii\n|html|<table width=\"100%\"><tr><td align=\"left\">Gimffy</td><td align=\"right\">tzarii</tr><tr><td align=\"left\"><i class=\"fa fa-circle\"></i> <i class=\"fa fa-circle-o\"></i> </td><td align=\"right\"><i class=\"fa fa-circle-o\"></i> <i class=\"fa fa-circle-o\"></i> </tr></table>\n|uhtml|bestof|<h2><strong>Game 2</strong> of <a href=\"/game-bestof3-gen9vgc2025regibo3-2354371400\">a best-of-3</a></h2>\n|t:|1746063441\n|gametype|doubles\n|player|p1|Gimffy|ingo|1203\n|player|p2|tzarii|lady-gen4|1142\n|teamsize|p1|6\n|teamsize|p2|6\n|gen|9\n|tier|[Gen 9] VGC 2025 Reg I (Bo3)\n|rated|\n|rule|Species Clause: Limit one of each Pok\u00e9mon\n|rule|Item Clause: Limit 1 of each item\n|clearpoke\n|poke|p1|Koraidon, L50|\n|poke|p1|Lunala, L50|\n|poke|p1|Flutter Mane, L50|\n|poke|p1|Chi-Yu, L50|\n|poke|p1|Brute Bonnet, L50|\n|poke|p1|Ursaluna, L50, F|\n|poke|p2|Koraidon, L50|\n|poke|p2|Groudon, L50|\n|poke|p2|Flutter Mane, L50|\n|poke|p2|Scovillain, L50, M|\n|poke|p2|Rillaboom, L50, F|\n|poke|p2|Scream Tail, L50|\n|teampreview|4\n|showteam|p1|Koraidon||ClearAmulet|OrichalcumPulse|CollisionCourse,FlareBlitz,FlameCharge,Protect||||||50|,,,,,Fire]Lunala||PowerHerb|ShadowShield|MoongeistBeam,MeteorBeam,WideGuard,TrickRoom||||||50|,,,,,Water]Flutter Mane||FocusSash|Protosynthesis|Moonblast,ShadowBall,IcyWind,Protect||||||50|,,,,,Fairy]Chi-Yu||ChoiceScarf|BeadsofRuin|DarkPulse,HeatWave,Overheat,Snarl||||||50|,,,,,Ghost]Brute Bonnet||RockyHelmet|Protosynthesis|RagePowder,Spore,SeedBomb,SuckerPunch||||||50|,,,,,Water]Ursaluna||FlameOrb|Guts|Facade,HeadlongRush,Earthquake,Protect|||F|||50|,,,,,Water\n|showteam|p2|Koraidon||ClearAmulet|OrichalcumPulse|FlameCharge,CloseCombat,FlareBlitz,Protect||||||50|,,,,,Fire]Groudon||AssaultVest|Drought|PrecipiceBlades,HeatCrash,RockSlide,HighHorsepower||||||50|,,,,,Water]Flutter Mane||FocusSash|Protosynthesis|Moonblast,IcyWind,ShadowBall,Protect||||||50|,,,,,Fairy]Scovillain||CovertCloak|Chlorophyll|Overheat,SpicyExtract,WillOWisp,ScaryFace|||M|||50|,,,,,Fire]Rillaboom||MiracleSeed|GrassySurge|FakeOut,GrassyGlide,WoodHammer,Protect|||F|||50|,,,,,Water]Scream Tail||RedCard|Protosynthesis|ThunderWave,Encore,Disable,Protect||||||50|,,,,,Dark\n|inactive|Battle timer is ON: inactive players will automatically lose when time's up. (requested by Gimffy)\n|\n|t:|1746063463\n|start\n|switch|p1a: Bruce Wane|Lunala, L50|100/100\n|switch|p1b: Akira|Koraidon, L50|100/100\n|switch|p2a: Koraidon|Koraidon, L50|100/100\n|switch|p2b: Scovillain|Scovillain, L50, M|100/100\n|-weather|SunnyDay|[from] ability: Orichalcum Pulse|[of] p1b: Akira\n|-activate|p1b: Akira|Orichalcum Pulse|[source]\n|-activate|p2a: Koraidon|ability: Orichalcum Pulse\n|turn|1\n|inactive|tzarii has 30 seconds left.\n|\n|t:|1746063493\n|-terastallize|p1b: Akira|Fire\n|-terastallize|p2a: Koraidon|Fire\n|move|p2b: Scovillain|Spicy Extract|p2a: Koraidon\n|-fail|p2a: Koraidon|unboost|[from] item: Clear Amulet|[of] p2a: Koraidon\n|-boost|p2a: Koraidon|atk|2\n|move|p2a: Koraidon|Flare Blitz|p1a: Bruce Wane\n|-damage|p1a: Bruce Wane|0 fnt\n|faint|p1a: Bruce Wane\n|-damage|p2a: Koraidon|55/100|[from] Recoil\n|move|p1b: Akira|Flame Charge|p2b: Scovillain\n|-damage|p2b: Scovillain|0 fnt\n|-boost|p1b: Akira|spe|1\n|faint|p2b: Scovillain\n|\n|-weather|SunnyDay|[upkeep]\n|upkeep\n|\n|t:|1746063511\n|switch|p2b: Rillaboom|Rillaboom, L50, F|100/100\n|switch|p1a: Anakin|Flutter Mane, L50|100/100\n|-fieldstart|move: Grassy Terrain|[from] ability: Grassy Surge|[of] p2b: Rillaboom\n|-activate|p1a: Anakin|ability: Protosynthesis\n|-start|p1a: Anakin|protosynthesisspe\n|turn|2\n|inactive|tzarii has 30 seconds left.\n|inactive|tzarii has 20 seconds left.\n|\n|t:|1746063550\n|move|p1b: Akira|Protect|p1b: Akira\n|-singleturn|p1b: Akira|Protect\n|move|p1a: Anakin|Protect|p1a: Anakin\n|-singleturn|p1a: Anakin|Protect\n|move|p2b: Rillaboom|Fake Out|p1b: Akira\n|-activate|p1b: Akira|move: Protect\n|move|p2a: Koraidon|Flame Charge|p2b: Rillaboom\n|-supereffective|p2b: Rillaboom\n|-crit|p2b: Rillaboom\n|-damage|p2b: Rillaboom|0 fnt\n|-boost|p2a: Koraidon|spe|1\n|faint|p2b: Rillaboom\n|\n|-weather|SunnyDay|[upkeep]\n|-heal|p2a: Koraidon|61/100|[from] Grassy Terrain\n|upkeep\n|\n|t:|1746063555\n|switch|p2b: Groudon|Groudon, L50|100/100\n|turn|3\n|inactive|tzarii has 30 seconds left.\n|\n|t:|1746063582\n|move|p2a: Koraidon|Protect|p2a: Koraidon\n|-singleturn|p2a: Koraidon|Protect\n|move|p1b: Akira|Collision Course|p2a: Koraidon\n|-activate|p2a: Koraidon|move: Protect\n|move|p1a: Anakin|Shadow Ball|p2a: Koraidon\n|-activate|p2a: Koraidon|move: Protect\n|move|p2b: Groudon|Precipice Blades|p1a: Anakin|[spread] p1a,p1b\n|-supereffective|p1b: Akira\n|-enditem|p1a: Anakin|Focus Sash\n|-damage|p1a: Anakin|1/100\n|-damage|p1b: Akira|19/100\n|\n|-weather|SunnyDay|[upkeep]\n|-heal|p2a: Koraidon|68/100|[from] Grassy Terrain\n|-heal|p1a: Anakin|7/100|[from] Grassy Terrain\n|-heal|p1b: Akira|25/100|[from] Grassy Terrain\n|upkeep\n|turn|4\n|\n|t:|1746063602\n|move|p2a: Koraidon|Flare Blitz|p1b: Akira\n|-resisted|p1b: Akira\n|-damage|p1b: Akira|0 fnt\n|faint|p1b: Akira\n|-damage|p2a: Koraidon|59/100|[from] Recoil\n|move|p1a: Anakin|Shadow Ball|p2a: Koraidon\n|-damage|p2a: Koraidon|15/100\n|move|p2b: Groudon|Heat Crash|p1a: Anakin\n|-damage|p1a: Anakin|0 fnt\n|faint|p1a: Anakin\n|-end|p1a: Anakin|Protosynthesis|[silent]\n|\n|-weather|SunnyDay|[upkeep]\n|-heal|p2a: Koraidon|21/100|[from] Grassy Terrain\n|upkeep\n|\n|t:|1746063611\n|switch|p1b: Brute Bonnet|Brute Bonnet, L50|100/100\n|-activate|p1b: Brute Bonnet|ability: Protosynthesis\n|-start|p1b: Brute Bonnet|protosynthesisdef\n|turn|5\n|\n|t:|1746063626\n|move|p2a: Koraidon|Protect|p2a: Koraidon\n|-singleturn|p2a: Koraidon|Protect\n|move|p1b: Brute Bonnet|Sucker Punch||[still]\n|-fail|p1b: Brute Bonnet\n|move|p2b: Groudon|Heat Crash|p1b: Brute Bonnet\n|-supereffective|p1b: Brute Bonnet\n|-damage|p1b: Brute Bonnet|37/100\n|-damage|p2b: Groudon|84/100|[from] item: Rocky Helmet|[of] p1b: Brute Bonnet\n|\n|-weather|none\n|-end|p1b: Brute Bonnet|Protosynthesis\n|-heal|p2a: Koraidon|27/100|[from] Grassy Terrain\n|-heal|p2b: Groudon|90/100|[from] Grassy Terrain\n|-heal|p1b: Brute Bonnet|43/100|[from] Grassy Terrain\n|upkeep\n|turn|6\n|inactive|tzarii has 30 seconds left.\n|\n|t:|1746063652\n|move|p1b: Brute Bonnet|Sucker Punch|p2a: Koraidon\n|-damage|p2a: Koraidon|0 fnt\n|faint|p2a: Koraidon\n|move|p2b: Groudon|Heat Crash|p1b: Brute Bonnet\n|-supereffective|p1b: Brute Bonnet\n|-damage|p1b: Brute Bonnet|0 fnt\n|-damage|p2b: Groudon|74/100|[from] item: Rocky Helmet|[of] p1b: Brute Bonnet\n|faint|p1b: Brute Bonnet\n|-end|p1b: Brute Bonnet|Protosynthesis|[silent]\n|\n|win|tzarii\n||Gimffy is ready for game 3.\n||tzarii is ready for game 3.\n|uhtml|next|Next: <a href=\"/battle-gen9vgc2025regibo3-2354375590\"><strong>Game 3 of 3</strong></a>\n|l|\u2606tzarii\n|player|p2|\n", "uploadtime": 1746063655, "views": 18, "formatid": "gen9vgc2025regibo3", "rating": null, "private": 0, "password": null}