{"id": "gen9vgc2025regibo3-2354427305", "format": "[Gen 9] VGC 2025 Reg I (Bo3)", "players": ["Hg125", "eMburst"], "log": "|j|\u2606Hg125\n|j|\u2606eMburst\n|html|<table width=\"100%\"><tr><td align=\"left\">Hg125</td><td align=\"right\">eMburst</tr><tr><td align=\"left\"><i class=\"fa fa-circle\"></i> <i class=\"fa fa-circle-o\"></i> </td><td align=\"right\"><i class=\"fa fa-circle-o\"></i> <i class=\"fa fa-circle-o\"></i> </tr></table>\n|uhtml|bestof|<h2><strong>Game 2</strong> of <a href=\"/game-bestof3-gen9vgc2025regibo3-2354424433\">a best-of-3</a></h2>\n|t:|1746070176\n|gametype|doubles\n|player|p1|Hg125|1|\n|player|p2|eMburst|170|\n|teamsize|p1|6\n|teamsize|p2|6\n|gen|9\n|tier|[Gen 9] VGC 2025 Reg I (Bo3)\n|rule|Species Clause: Limit one of each Pok\u00e9mon\n|rule|Item Clause: Limit 1 of each item\n|clearpoke\n|poke|p1|Calyrex-Ice, L50|\n|poke|p1|Landorus, L50, M|\n|poke|p1|Iron Hands, L50|\n|poke|p1|Urshifu-*, L50, F|\n|poke|p1|Grimmsnarl, L50, M|\n|poke|p1|Miraidon, L50|\n|poke|p2|Miraidon, L50|\n|poke|p2|Lunala, L50|\n|poke|p2|Whimsicott, L50, M|\n|poke|p2|Chi-Yu, L50|\n|poke|p2|Urshifu-*, L50, F|\n|poke|p2|Iron Hands, L50|\n|teampreview|4\n|showteam|p1|Calyrex-Ice||ClearAmulet|AsOneGlastrier|GlacialLance,HighHorsepower,TrickRoom,Protect||||||50|,,,,,Water]Landorus||LifeOrb|SheerForce|EarthPower,SandsearStorm,SludgeBomb,Protect|||M|||50|,,,,,Water]Iron Hands||AssaultVest|QuarkDrive|LowKick,DrainPunch,IronHead,FakeOut||||||50|,,,,,Bug]Urshifu||FocusSash|UnseenFist|WickedBlow,SuckerPunch,CloseCombat,Protect|||F|||50|,,,,,Stellar]Grimmsnarl||CovertCloak|Prankster|SpiritBreak,LightScreen,Reflect,ThunderWave|||M|||50|,,,,,Steel]Miraidon||ChoiceScarf|HadronEngine|DracoMeteor,DazzlingGleam,VoltSwitch,ElectroDrift||||||50|,,,,,Electric\n|showteam|p2|Miraidon||ChoiceSpecs|HadronEngine|ElectroDrift,VoltSwitch,DracoMeteor,DazzlingGleam||||||50|,,,,,Fairy]Lunala||ElectricSeed|ShadowShield|MoongeistBeam,TrickRoom,WideGuard,Psyshock||||||50|,,,,,Water]Whimsicott||CovertCloak|Prankster|Moonblast,Tailwind,Encore,LightScreen|||M|||50|,,,,,Dark]Chi-Yu||ChoiceScarf|BeadsofRuin|HeatWave,Snarl,Overheat,ScaryFace||||||50|,,,,,Ghost]Urshifu||FocusSash|UnseenFist|WickedBlow,CloseCombat,SuckerPunch,Detect|||F|||50|,,,,,Stellar]Iron Hands||AssaultVest|QuarkDrive|DrainPunch,LowKick,WildCharge,FakeOut||||||50|,,,,,Water\n|inactive|Battle timer is ON: inactive players will automatically lose when time's up. (requested by eMburst)\n|inactive|Hg125 has 60 seconds left.\n|\n|t:|1746070242\n|start\n|switch|p1a: Grimmsnarl|Grimmsnarl, L50, M|100/100\n|switch|p1b: Miraidon|Miraidon, L50|100/100\n|switch|p2a: Iron Hands|Iron Hands, L50|100/100\n|switch|p2b: Miraidon|Miraidon, L50|100/100\n|-fieldstart|move: Electric Terrain|[from] ability: Hadron Engine|[of] p1b: Miraidon\n|-activate|p2a: Iron Hands|ability: Quark Drive\n|-start|p2a: Iron Hands|quarkdriveatk\n|-activate|p2b: Miraidon|ability: Hadron Engine\n|turn|1\n|inactive|eMburst has 30 seconds left.\n|\n|t:|1746070274\n|switch|p1b: Landorus|Landorus, L50, M|100/100\n|move|p2a: Iron Hands|Fake Out|p1b: Landorus\n|-damage|p1b: Landorus|78/100\n|move|p1a: Grimmsnarl|Light Screen|p1a: Grimmsnarl\n|-sidestart|p1: Hg125|move: Light Screen\n|move|p2b: Miraidon|Dazzling Gleam|p1a: Grimmsnarl|[spread] p1a,p1b\n|-supereffective|p1a: Grimmsnarl\n|-damage|p1a: Grimmsnarl|44/100\n|-damage|p1b: Landorus|44/100\n|\n|upkeep\n|turn|2\n|inactive|Hg125 has 30 seconds left.\n|inactive|eMburst has 30 seconds left.\n|inactive|Hg125 has 20 seconds left.\n|inactive|Hg125 has 15 seconds left.\n|inactive|Hg125 has 10 seconds left.\n|inactive|Hg125 has 5 seconds left.\n|\n|t:|1746070328\n|-end|p2a: Iron Hands|Quark Drive|[silent]\n|switch|p2a: Lunala|Lunala, L50|100/100\n|-enditem|p2a: Lunala|Electric Seed\n|-boost|p2a: Lunala|def|1|[from] item: Electric Seed\n|-terastallize|p2b: Miraidon|Fairy\n|move|p1b: Landorus|Protect|p1b: Landorus\n|-singleturn|p1b: Landorus|Protect\n|move|p1a: Grimmsnarl|Reflect|p1a: Grimmsnarl\n|-sidestart|p1: Hg125|Reflect\n|move|p2b: Miraidon|Dazzling Gleam|p1a: Grimmsnarl|[spread] p1a\n|-activate|p1b: Landorus|move: Protect\n|-supereffective|p1a: Grimmsnarl\n|-damage|p1a: Grimmsnarl|0 fnt\n|faint|p1a: Grimmsnarl\n|\n|upkeep\n|\n|t:|1746070341\n|switch|p1a: Miraidon|Miraidon, L50|100/100\n|-activate|p1a: Miraidon|ability: Hadron Engine\n|turn|3\n|inactive|Hg125 has 30 seconds left.\n|inactive|Hg125 has 20 seconds left.\n|inactive|Hg125 has 15 seconds left.\n|inactive|Hg125 has 10 seconds left.\n|\n|t:|1746070387\n|switch|p2b: Iron Hands|Iron Hands, L50|100/100\n|-activate|p2b: Iron Hands|ability: Quark Drive\n|-start|p2b: Iron Hands|quarkdriveatk\n|switch|p1b: Calyrex|Calyrex-Ice, L50|100/100\n|-ability|p1b: Calyrex|As One\n|-ability|p1b: Calyrex|Unnerve\n|-terastallize|p1a: Miraidon|Electric\n|move|p1a: Miraidon|Electro Drift|p2b: Iron Hands\n|-resisted|p2b: Iron Hands\n|-damage|p2b: Iron Hands|65/100\n|move|p2a: Lunala|Trick Room|p2a: Lunala\n|-fieldstart|move: Trick Room|[of] p2a: Lunala\n|\n|upkeep\n|turn|4\n|\n|t:|1746070410\n|switch|p1a: Landorus|Landorus, L50, M|44/100\n|move|p1b: Calyrex|Protect|p1b: Calyrex\n|-singleturn|p1b: Calyrex|Protect\n|move|p2b: Iron Hands|Low Kick|p1b: Calyrex\n|-activate|p1b: Calyrex|move: Protect\n|move|p2a: Lunala|Moongeist Beam|p1b: Calyrex\n|-activate|p1b: Calyrex|move: Protect\n|\n|upkeep\n|turn|5\n|inactive|Hg125 has 30 seconds left.\n|\n|t:|1746070440\n|move|p2b: Iron Hands|Low Kick|p1b: Calyrex\n|-damage|p1b: Calyrex|59/100\n|move|p1b: Calyrex|Glacial Lance|p2b: Iron Hands|[spread] p2a,p2b\n|-damage|p2a: Lunala|85/100\n|-damage|p2b: Iron Hands|26/100\n|move|p1a: Landorus|Sandsear Storm|p2b: Iron Hands|[spread] p2a\n|-miss|p1a: Landorus|p2b: Iron Hands\n|-damage|p2a: Lunala|41/100\n|move|p2a: Lunala|Moongeist Beam|p1b: Calyrex\n|-supereffective|p1b: Calyrex\n|-damage|p1b: Calyrex|1/100\n|\n|-sideend|p1: Hg125|move: Light Screen\n|-fieldend|move: Electric Terrain\n|-end|p2b: Iron Hands|Quark Drive\n|upkeep\n|turn|6\n|inactive|eMburst has 30 seconds left.\n|inactive|eMburst has 20 seconds left.\n|\n|t:|1746070479\n|move|p1b: Calyrex|Protect|p1b: Calyrex\n|-singleturn|p1b: Calyrex|Protect\n|move|p2b: Iron Hands|Low Kick|p1a: Landorus\n|-resisted|p1a: Landorus\n|-damage|p1a: Landorus|29/100\n|move|p1a: Landorus|Earth Power|p2a: Lunala\n|-damage|p2a: Lunala|0 fnt\n|faint|p2a: Lunala\n|\n|-sideend|p1: Hg125|Reflect\n|upkeep\n|\n|t:|1746070488\n|switch|p2a: Urshifu|Urshifu, L50, F|100/100\n|turn|7\n|\n|t:|1746070501\n|switch|p1b: Miraidon|Miraidon, L50, tera:Electric|100/100\n|-fieldstart|move: Electric Terrain|[from] ability: Hadron Engine|[of] p1b: Miraidon\n|-activate|p2b: Iron Hands|ability: Quark Drive\n|-start|p2b: Iron Hands|quarkdriveatk\n|move|p2a: Urshifu|Sucker Punch|p1a: Landorus\n|-damage|p1a: Landorus|0 fnt\n|faint|p1a: Landorus\n|move|p2b: Iron Hands|Drain Punch|p1b: Miraidon\n|-damage|p1b: Miraidon|49/100\n|-heal|p2b: Iron Hands|46/100|[from] drain|[of] p1b: Miraidon\n|\n|-fieldend|move: Trick Room\n|upkeep\n|\n|t:|1746070514\n|switch|p1a: Calyrex|Calyrex-Ice, L50|1/100\n|-ability|p1a: Calyrex|As One\n|-ability|p1a: Calyrex|Unnerve\n|turn|8\n|\n|t:|1746070541\n|move|p1b: Miraidon|Dazzling Gleam|p2b: Iron Hands|[spread] p2a,p2b\n|-supereffective|p2a: Urshifu\n|-supereffective|p2b: Iron Hands\n|-enditem|p2a: Urshifu|Focus Sash\n|-damage|p2a: Urshifu|1/100\n|-damage|p2b: Iron Hands|15/100\n|move|p2a: Urshifu|Wicked Blow|p1a: Calyrex\n|-supereffective|p1a: Calyrex\n|-crit|p1a: Calyrex\n|-damage|p1a: Calyrex|0 fnt\n|faint|p1a: Calyrex\n|move|p2b: Iron Hands|Low Kick|p1b: Miraidon\n|-damage|p1b: Miraidon|0 fnt\n|faint|p1b: Miraidon\n|\n|win|eMburst\n|inactive|Hg125 has 30 seconds to confirm battle start!\n|inactive|eMburst has 30 seconds to confirm battle start!\n", "uploadtime": 1746070552, "views": 9, "formatid": "gen9vgc2025regibo3", "rating": null, "private": 0, "password": null}