{"id": "gen9vgc2025regibo3-2354932716", "format": "[Gen 9] VGC 2025 Reg I (Bo3)", "players": ["thepostmanp", "Paldeawaiter"], "log": "|j|\u2606thepostmanp\n|j|\u2606Paldeawaiter\n|html|<table width=\"100%\"><tr><td align=\"left\">thepostmanp</td><td align=\"right\">Paldeawaiter</tr><tr><td align=\"left\"><i class=\"fa fa-circle\"></i> <i class=\"fa fa-circle-o\"></i> </td><td align=\"right\"><i class=\"fa fa-circle-o\"></i> <i class=\"fa fa-circle\"></i> </tr></table>\n|uhtml|bestof|<h2><strong>Game 3</strong> of <a href=\"/game-bestof3-gen9vgc2025regibo3-2354929956\">a best-of-3</a></h2>\n|t:|1746133090\n|gametype|doubles\n|player|p1|thepostmanp|101|1199\n|player|p2|Paldeawaiter|colress|1162\n|teamsize|p1|6\n|teamsize|p2|6\n|gen|9\n|tier|[Gen 9] VGC 2025 Reg I (Bo3)\n|rated|\n|rule|Species Clause: Limit one of each Pok\u00e9mon\n|rule|Item Clause: Limit 1 of each item\n|clearpoke\n|poke|p1|Kyogre, L50|\n|poke|p1|Miraidon, L50|\n|poke|p1|Farigiraf, L50, M|\n|poke|p1|Iron Hands, L50|\n|poke|p1|Urshifu-*, L50, F|\n|poke|p1|Iron Jugulis, L50|\n|poke|p2|Calyrex-Ice, L50|\n|poke|p2|Miraidon, L50|\n|poke|p2|Grimmsnarl, L50, M|\n|poke|p2|Torkoal, L50, F|\n|poke|p2|Lilligant-Hisui, L50, F|\n|poke|p2|Ursaluna-Bloodmoon, L50, M|\n|teampreview|4\n|showteam|p1|Kyogre||MysticWater|Drizzle|Protect,WaterSpout,OriginPulse,IceBeam||||||50|,,,,,Grass]Miraidon||ChoiceSpecs|HadronEngine|VoltSwitch,DracoMeteor,DazzlingGleam,ElectroDrift||||||50|,,,,,Fairy]Farigiraf||ElectricSeed|ArmorTail|TrickRoom,Roar,Psychic,HelpingHand|||M|||50|,,,,,Water]Iron Hands||AssaultVest|QuarkDrive|FakeOut,LowKick,DrainPunch,HeavySlam||||||50|,,,,,Bug]Urshifu-Rapid-Strike||FocusSash|UnseenFist|SurgingStrikes,CloseCombat,AquaJet,Detect|||F|||50|,,,,,Stellar]Iron Jugulis||CovertCloak|QuarkDrive|Snarl,Hurricane,Tailwind,Protect||||||50|,,,,,Water\n|showteam|p2|Calyrex-Ice||ClearAmulet|AsOneGlastrier|GlacialLance,HighHorsepower,Protect,TrickRoom||||||50|,,,,,Water]Miraidon||ChoiceSpecs|HadronEngine|ElectroDrift,DracoMeteor,DazzlingGleam,VoltSwitch||||||50|,,,,,Electric]Grimmsnarl||LightClay|Prankster|LightScreen,Reflect,SpiritBreak,Taunt|||M|||50|,,,,,Ghost]Torkoal||Charcoal|Drought|Eruption,Flamethrower,Protect,HelpingHand|||F|||50|,,,,,Fire]Lilligant-Hisui||FocusSash|Chlorophyll|LeafBlade,AfterYou,SleepPowder,CloseCombat|||F|||50|,,,,,Ghost]Ursaluna-Bloodmoon||LifeOrb|MindsEye|HyperVoice,BloodMoon,EarthPower,Protect|||M|||50|,,,,,Normal\n|inactive|Battle timer is ON: inactive players will automatically lose when time's up. (requested by thepostmanp)\n|\n|t:|1746133111\n|start\n|switch|p1a: Iron Jugulis|Iron Jugulis, L50|100/100\n|switch|p1b: Kyogre|Kyogre, L50|100/100\n|switch|p2a: Miraidon|Miraidon, L50|100/100\n|switch|p2b: Grimmsnarl|Grimmsnarl, L50, M|100/100\n|-fieldstart|move: Electric Terrain|[from] ability: Hadron Engine|[of] p2a: Miraidon\n|-activate|p1a: Iron Jugulis|ability: Quark Drive\n|-start|p1a: Iron Jugulis|quarkdrivespe\n|-weather|RainDance|[from] ability: Drizzle|[of] p1b: Kyogre\n|turn|1\n|\n|t:|1746133128\n|move|p2b: Grimmsnarl|Light Screen|p2b: Grimmsnarl\n|-sidestart|p2: Paldeawaiter|move: Light Screen\n|move|p1a: Iron Jugulis|Tailwind|p1a: Iron Jugulis\n|-sidestart|p1: thepostmanp|move: Tailwind\n|move|p1b: Kyogre|Water Spout|p2a: Miraidon|[spread] p2a,p2b\n|-resisted|p2a: Miraidon\n|-crit|p2a: Miraidon\n|-damage|p2a: Miraidon|11/100\n|-damage|p2b: Grimmsnarl|16/100\n|move|p2a: Miraidon|Electro Drift|p1b: Kyogre\n|-supereffective|p1b: Kyogre\n|-damage|p1b: Kyogre|0 fnt\n|faint|p1b: Kyogre\n|\n|-weather|RainDance|[upkeep]\n|upkeep\n|\n|t:|1746133137\n|switch|p1b: Miraidon|Miraidon, L50|100/100\n|-activate|p1b: Miraidon|ability: Hadron Engine\n|turn|2\n|\n|t:|1746133154\n|move|p1a: Iron Jugulis|Hurricane|p2b: Grimmsnarl\n|-damage|p2b: Grimmsnarl|0 fnt\n|faint|p2b: Grimmsnarl\n|move|p1b: Miraidon|Volt Switch|p2a: Miraidon\n|-resisted|p2a: Miraidon\n|-damage|p2a: Miraidon|0 fnt\n|faint|p2a: Miraidon\n|\n|t:|1746133161\n|switch|p1b: Iron Hands|Iron Hands, L50|100/100|[from] Volt Switch\n|-activate|p1b: Iron Hands|ability: Quark Drive\n|-start|p1b: Iron Hands|quarkdriveatk\n|\n|-weather|RainDance|[upkeep]\n|upkeep\n|\n|t:|1746133166\n|switch|p2a: Calyrex|Calyrex-Ice, L50|100/100\n|switch|p2b: Torkoal|Torkoal, L50, F, shiny|100/100\n|-ability|p2a: Calyrex|As One\n|-ability|p2a: Calyrex|Unnerve\n|-weather|SunnyDay|[from] ability: Drought|[of] p2b: Torkoal\n|turn|3\n|\n|t:|1746133180\n|-terastallize|p1a: Iron Jugulis|Water\n|-terastallize|p2b: Torkoal|Fire\n|move|p1b: Iron Hands|Fake Out|p2a: Calyrex\n|-damage|p2a: Calyrex|88/100\n|move|p1a: Iron Jugulis|Snarl|p2b: Torkoal|[spread] p2b\n|-miss|p1a: Iron Jugulis|p2a: Calyrex\n|-damage|p2b: Torkoal|85/100\n|-unboost|p2b: Torkoal|spa|1\n|move|p2b: Torkoal|Eruption|p1b: Iron Hands|[spread] p1a,p1b\n|-resisted|p1a: Iron Jugulis\n|-damage|p1a: Iron Jugulis|62/100\n|-damage|p1b: Iron Hands|68/100\n|cant|p2a: Calyrex|flinch\n|\n|-weather|SunnyDay|[upkeep]\n|upkeep\n|turn|4\n|\n|t:|1746133201\n|move|p1a: Iron Jugulis|Snarl|p2b: Torkoal|[spread] p2a,p2b\n|-supereffective|p2a: Calyrex\n|-damage|p2a: Calyrex|72/100\n|-damage|p2b: Torkoal|66/100\n|-unboost|p2b: Torkoal|spa|1\n|move|p1b: Iron Hands|Low Kick|p2a: Calyrex\n|-damage|p2a: Calyrex|23/100\n|move|p2b: Torkoal|Eruption|p1a: Iron Jugulis|[spread] p1a,p1b\n|-resisted|p1a: Iron Jugulis\n|-damage|p1a: Iron Jugulis|38/100\n|-damage|p1b: Iron Hands|48/100\n|move|p2a: Calyrex|Trick Room|p2a: Calyrex\n|-fieldstart|move: Trick Room|[of] p2a: Calyrex\n|\n|-weather|SunnyDay|[upkeep]\n|-sideend|p1: thepostmanp|move: Tailwind\n|upkeep\n|turn|5\n|\n|t:|1746133221\n|move|p2a: Calyrex|Protect|p2a: Calyrex\n|-singleturn|p2a: Calyrex|Protect\n|move|p2b: Torkoal|Flamethrower|p1b: Iron Hands\n|-damage|p1b: Iron Hands|24/100\n|move|p1b: Iron Hands|Low Kick|p2a: Calyrex\n|-activate|p2a: Calyrex|move: Protect\n|move|p1a: Iron Jugulis|Snarl|p2b: Torkoal|[spread] p2b\n|-activate|p2a: Calyrex|move: Protect\n|-damage|p2b: Torkoal|50/100\n|-unboost|p2b: Torkoal|spa|1\n|\n|-weather|SunnyDay|[upkeep]\n|-fieldend|move: Electric Terrain\n|-end|p1b: Iron Hands|Quark Drive\n|-end|p1a: Iron Jugulis|Quark Drive\n|upkeep\n|turn|6\n|\n|t:|1746133232\n|move|p2b: Torkoal|Flamethrower|p1b: Iron Hands\n|-damage|p1b: Iron Hands|4/100\n|move|p1b: Iron Hands|Low Kick|p2a: Calyrex\n|-damage|p2a: Calyrex|0 fnt\n|faint|p2a: Calyrex\n|move|p1a: Iron Jugulis|Snarl|p2b: Torkoal\n|-damage|p2b: Torkoal|28/100\n|-unboost|p2b: Torkoal|spa|1\n|\n|-weather|SunnyDay|[upkeep]\n|upkeep\n|turn|7\n|-message|Paldeawaiter forfeited.\n|\n|win|thepostmanp\n|raw|thepostmanp's rating: 1199 &rarr; <strong>1221</strong><br />(+22 for winning)\n|raw|Paldeawaiter's rating: 1162 &rarr; <strong>1140</strong><br />(-22 for losing)\n", "uploadtime": 1746133240, "views": 5, "formatid": "gen9vgc2025regibo3", "rating": 1140, "private": 0, "password": null}