{"id": "gen9vgc2025regibo3-2354578784", "format": "[Gen 9] VGC 2025 Reg I (Bo3)", "players": ["kakarotto_san6969", "DrXJ13"], "log": "|j|\u2606kakarotto_san6969\n|j|\u2606DrXJ13\n|html|<table width=\"100%\"><tr><td align=\"left\">kakarotto_san6969</td><td align=\"right\">DrXJ13</tr><tr><td align=\"left\"><i class=\"fa fa-circle\"></i> <i class=\"fa fa-circle-o\"></i> </td><td align=\"right\"><i class=\"fa fa-circle-o\"></i> <i class=\"fa fa-circle\"></i> </tr></table>\n|uhtml|bestof|<h2><strong>Game 3</strong> of <a href=\"/game-bestof3-gen9vgc2025regibo3-2354576028\">a best-of-3</a></h2>\n|t:|1746097782\n|gametype|doubles\n|player|p1|kakarotto_san6969|265|1036\n|player|p2|DrXJ13|clair|1093\n|teamsize|p1|6\n|teamsize|p2|6\n|gen|9\n|tier|[Gen 9] VGC 2025 Reg I (Bo3)\n|rated|\n|rule|Species Clause: Limit one of each Pok\u00e9mon\n|rule|Item Clause: Limit 1 of each item\n|clearpoke\n|poke|p1|Calyrex-Shadow, L50|\n|poke|p1|Smeargle, L50, M|\n|poke|p1|Ditto, L50|\n|poke|p1|Indeedee-F, L50, F|\n|poke|p1|Zamazenta-*, L50|\n|poke|p1|Walking Wake, L50|\n|poke|p2|Calyrex-Shadow, L50|\n|poke|p2|Terapagos, L50, M|\n|poke|p2|Tornadus, L50, M|\n|poke|p2|Urshifu-*, L50, M|\n|poke|p2|Incineroar, L50, F|\n|poke|p2|Ogerpon-Cornerstone, L50, F|\n|teampreview|4\n|showteam|p1|Calyrex-Shadow||SpellTag|AsOneSpectrier|AstralBarrage,GigaDrain,NastyPlot,Protect||||||50|,,,,,Grass]Smeargle||FocusSash|Moody|FakeOut,Spore,WideGuard,FollowMe|||M|||50|,,,,,Ghost]Ditto||ChoiceScarf|Imposter|Transform||||||50|,,,,,Stellar]Indeedee-F||PsychicSeed|PsychicSurge|FollowMe,HelpingHand,Psychic,Protect|||F|||50|,,,,,Dark]Zamazenta-Crowned||RustedShield|DauntlessShield|BodyPress,behemothbash,Protect,WideGuard||||||50|,,,,,Dragon]Walking Wake||ChoiceSpecs|Protosynthesis|HydroSteam,FlipTurn,DracoMeteor,Flamethrower||||||50|,,,,,Fire\n|showteam|p2|Calyrex-Shadow||LifeOrb|AsOneSpectrier|AstralBarrage,DrainingKiss,NastyPlot,Protect||||||50|,,,,,Fairy]Terapagos||ChoiceSpecs|TeraShift|TeraStarstorm,HyperBeam,EarthPower,IceBeam|||M|||50|,,,,,Stellar]Tornadus||CovertCloak|Prankster|Tailwind,BleakwindStorm,Taunt,RainDance|||M|||50|,,,,,Dark]Urshifu-Rapid-Strike||MysticWater|UnseenFist|SurgingStrikes,CloseCombat,AquaJet,Detect|||M|||50|,,,,,Grass]Incineroar||RockyHelmet|Intimidate|FakeOut,FlareBlitz,KnockOff,PartingShot|||F|||50|,,,,,Ghost]Ogerpon-Cornerstone||CornerstoneMask|Sturdy|IvyCudgel,WoodHammer,FollowMe,SpikyShield|||F|||50|,,,,,Rock\n|inactive|Battle timer is ON: inactive players will automatically lose when time's up. (requested by DrXJ13)\n|\n|t:|1746097796\n|start\n|switch|p1a: Ditto|Ditto, L50, shiny|100/100\n|switch|p1b: Indeedee|Indeedee-F, L50, F, shiny|100/100\n|switch|p2a: Napolitana|Incineroar, L50, F|100/100\n|switch|p2b: Bragulat|Calyrex-Shadow, L50|100/100\n|-ability|p2b: Bragulat|As One\n|-ability|p2b: Bragulat|Unnerve\n|-transform|p1a: Ditto|p2b: Bragulat|[from] ability: Imposter\n|-ability|p1a: Ditto|As One\n|-ability|p1a: Ditto|Unnerve\n|-fieldstart|move: Psychic Terrain|[from] ability: Psychic Surge|[of] p1b: Indeedee\n|-enditem|p1b: Indeedee|Psychic Seed\n|-boost|p1b: Indeedee|spd|1|[from] item: Psychic Seed\n|-ability|p2a: Napolitana|Intimidate|boost\n|-unboost|p1a: Ditto|atk|1\n|-unboost|p1b: Indeedee|atk|1\n|turn|1\n|inactive|kakarotto_san6969 has 30 seconds left.\n|inactive|kakarotto_san6969 has 20 seconds left.\n|inactive|DrXJ13 has 30 seconds left.\n|inactive|kakarotto_san6969 has 15 seconds left.\n|inactive|kakarotto_san6969 has 10 seconds left.\n|inactive|DrXJ13 has 20 seconds left.\n|\n|t:|1746097846\n|-terastallize|p2b: Bragulat|Fairy\n|move|p1b: Indeedee|Helping Hand|p1a: Ditto\n|-singleturn|p1a: Ditto|Helping Hand|[of] p1b: Indeedee\n|move|p1a: Ditto|Astral Barrage|p2a: Napolitana|[spread] p2a,p2b\n|-resisted|p2a: Napolitana\n|-damage|p2a: Napolitana|71/100\n|-damage|p2b: Bragulat|35/100\n|move|p2b: Bragulat|Astral Barrage|p1b: Indeedee|[spread] p1a\n|-immune|p1b: Indeedee\n|-supereffective|p1a: Ditto\n|-damage|p1a: Ditto|0 fnt\n|faint|p1a: Ditto\n|-ability|p2b: Bragulat|Grim Neigh|boost\n|-boost|p2b: Bragulat|spa|1\n|-damage|p2b: Bragulat|26/100|[from] item: Life Orb\n|move|p2a: Napolitana|Knock Off|p1b: Indeedee\n|-supereffective|p1b: Indeedee\n|-damage|p1b: Indeedee|27/100\n|\n|upkeep\n|\n|t:|1746097869\n|switch|p1a: Calyrex|Calyrex-Shadow, L50|100/100\n|-ability|p1a: Calyrex|As One\n|-ability|p1a: Calyrex|Unnerve\n|turn|2\n|\n|t:|1746097886\n|-terastallize|p1a: Calyrex|Grass\n|move|p2b: Bragulat|Protect|p2b: Bragulat\n|-singleturn|p2b: Bragulat|Protect\n|move|p1b: Indeedee|Follow Me|p1b: Indeedee\n|-singleturn|p1b: Indeedee|move: Follow Me\n|move|p1a: Calyrex|Giga Drain|p2b: Bragulat\n|-activate|p2b: Bragulat|move: Protect\n|move|p2a: Napolitana|Parting Shot|p1b: Indeedee\n|-unboost|p1b: Indeedee|atk|1\n|-unboost|p1b: Indeedee|spa|1\n|\n|t:|1746097891\n|switch|p2a: Maximiliano|Tornadus, L50, M|100/100|[from] Parting Shot\n|\n|upkeep\n|turn|3\n|\n|t:|1746097912\n|switch|p2b: Napolitana|Incineroar, L50, F|71/100\n|-ability|p2b: Napolitana|Intimidate|boost\n|-unboost|p1a: Calyrex|atk|1\n|-unboost|p1b: Indeedee|atk|1\n|move|p1b: Indeedee|Helping Hand|p1a: Calyrex\n|-singleturn|p1a: Calyrex|Helping Hand|[of] p1b: Indeedee\n|move|p2a: Maximiliano|Tailwind|p2a: Maximiliano\n|-sidestart|p2: DrXJ13|move: Tailwind\n|move|p1a: Calyrex|Astral Barrage|p2b: Napolitana|[spread] p2a,p2b\n|-resisted|p2b: Napolitana\n|-damage|p2a: Maximiliano|0 fnt\n|-damage|p2b: Napolitana|32/100\n|faint|p2a: Maximiliano\n|-ability|p1a: Calyrex|Grim Neigh|boost\n|-boost|p1a: Calyrex|spa|1\n|\n|upkeep\n|\n|t:|1746097915\n|switch|p2a: Bragulat|Calyrex-Shadow, L50, tera:Fairy|26/100\n|-ability|p2a: Bragulat|As One\n|-ability|p2a: Bragulat|Unnerve\n|turn|4\n|inactive|kakarotto_san6969 has 30 seconds left.\n|inactive|DrXJ13 has 30 seconds left.\n|inactive|kakarotto_san6969 has 20 seconds left.\n|\n|t:|1746097953\n|move|p2a: Bragulat|Protect|p2a: Bragulat\n|-singleturn|p2a: Bragulat|Protect\n|move|p1a: Calyrex|Protect|p1a: Calyrex\n|-singleturn|p1a: Calyrex|Protect\n|move|p1b: Indeedee|Follow Me|p1b: Indeedee\n|-singleturn|p1b: Indeedee|move: Follow Me\n|move|p2b: Napolitana|Flare Blitz|p1b: Indeedee\n|-damage|p1b: Indeedee|0 fnt\n|faint|p1b: Indeedee\n|-damage|p2b: Napolitana|25/100|[from] Recoil\n|\n|upkeep\n|\n|t:|1746097966\n|switch|p1b: Smeargle|Smeargle, L50, M, shiny|100/100\n|turn|5\n|inactive|DrXJ13 has 30 seconds left.\n|inactive|DrXJ13 has 20 seconds left.\n|inactive|DrXJ13 has 15 seconds left.\n|\n|t:|1746098007\n|move|p1b: Smeargle|Wide Guard|p1b: Smeargle\n|-singleturn|p1b: Smeargle|Wide Guard\n|move|p2a: Bragulat|Draining Kiss|p1b: Smeargle\n|-enditem|p1b: Smeargle|Focus Sash\n|-damage|p1b: Smeargle|1/100\n|-heal|p2a: Bragulat|75/100|[from] drain|[of] p1b: Smeargle\n|-damage|p2a: Bragulat|65/100|[from] item: Life Orb\n|move|p1a: Calyrex|Astral Barrage|p2b: Napolitana|[spread] p2a,p2b\n|-resisted|p2b: Napolitana\n|-damage|p2a: Bragulat|0 fnt\n|-damage|p2b: Napolitana|0 fnt\n|faint|p2a: Bragulat\n|faint|p2b: Napolitana\n|-ability|p1a: Calyrex|Grim Neigh|boost\n|-boost|p1a: Calyrex|spa|2\n|\n|-fieldend|move: Psychic Terrain\n|-ability|p1b: Smeargle|Moody|boost\n|-boost|p1b: Smeargle|def|2\n|-unboost|p1b: Smeargle|spe|1\n|upkeep\n|\n|t:|1746098011\n|switch|p2b: Sigmashio|Urshifu-Rapid-Strike, L50, M|100/100\n|turn|6\n|inactive|kakarotto_san6969 has 30 seconds left.\n|\n|t:|1746098036\n|move|p1b: Smeargle|Follow Me|p1b: Smeargle\n|-singleturn|p1b: Smeargle|move: Follow Me\n|move|p2b: Sigmashio|Close Combat|p1b: Smeargle\n|-supereffective|p1b: Smeargle\n|-damage|p1b: Smeargle|0 fnt\n|-unboost|p2b: Sigmashio|def|1\n|-unboost|p2b: Sigmashio|spd|1\n|faint|p1b: Smeargle\n|move|p1a: Calyrex|Giga Drain|p2b: Sigmashio\n|-supereffective|p2b: Sigmashio\n|-damage|p2b: Sigmashio|0 fnt\n|faint|p2b: Sigmashio\n|\n|win|kakarotto_san6969\n|raw|kakarotto_san6969's rating: 1036 &rarr; <strong>1076</strong><br />(+40 for winning)\n|raw|DrXJ13's rating: 1093 &rarr; <strong>1065</strong><br />(-28 for losing)\n|l|\u2606kakarotto_san6969\n|player|p1|\n", "uploadtime": 1746098076, "views": 9, "formatid": "gen9vgc2025regibo3", "rating": 1065, "private": 0, "password": null}