{"id": "gen9vgc2025regibo3-2353804882", "format": "[Gen 9] VGC 2025 Reg I (Bo3)", "players": ["Mathhews", "bertcamem"], "log": "|j|\u2606Mathhews\n|j|\u2606bertcamem\n|html|<table width=\"100%\"><tr><td align=\"left\">Mathhews</td><td align=\"right\">bertcamem</tr><tr><td align=\"left\"><i class=\"fa fa-circle\"></i> <i class=\"fa fa-circle-o\"></i> </td><td align=\"right\"><i class=\"fa fa-circle-o\"></i> <i class=\"fa fa-circle\"></i> </tr></table>\n|uhtml|bestof|<h2><strong>Game 3</strong> of <a href=\"/game-bestof3-gen9vgc2025regibo3-2353802116\">a best-of-3</a></h2>\n|t:|1746002861\n|gametype|doubles\n|player|p1|Mathhews|benga|1196\n|player|p2|bertcamem|169|1288\n|teamsize|p1|6\n|teamsize|p2|6\n|gen|9\n|tier|[Gen 9] VGC 2025 Reg I (Bo3)\n|rated|\n|rule|Species Clause: Limit one of each Pok\u00e9mon\n|rule|Item Clause: Limit 1 of each item\n|clearpoke\n|poke|p1|Kyogre, L50|\n|poke|p1|Urshifu-*, L50, M|\n|poke|p1|Zamazenta-*, L50|\n|poke|p1|Chien-Pao, L50|\n|poke|p1|Tornadus, L50, M|\n|poke|p1|Amoonguss, L50, M|\n|poke|p2|Koraidon, L50|\n|poke|p2|Ho-Oh, L50|\n|poke|p2|Gurdurr, L50, M|\n|poke|p2|Flutter Mane, L50|\n|poke|p2|Rillaboom, L50, F|\n|poke|p2|Raging Bolt, L50|\n|teampreview|4\n|showteam|p1|Kyogre||MysticWater|Drizzle|WaterSpout,HydroPump,IceBeam,Protect||||||50|,,,,,Grass]Urshifu-Rapid-Strike||ChoiceScarf|UnseenFist|SurgingStrikes,CloseCombat,Uturn,AquaJet|||M|||50|,,,,,Water]Zamazenta-Crowned||RustedShield|DauntlessShield|BodyPress,HeavySlam,WideGuard,Protect||||||50|,,,,,Dragon]Chien-Pao||FocusSash|SwordofRuin|IcicleCrash,SuckerPunch,Crunch,Protect||||||50|,,,,,Ghost]Tornadus||CovertCloak|Prankster|BleakwindStorm,Tailwind,RainDance,Taunt|||M|||50|,,,,,Dark]Amoonguss||RockyHelmet|Regenerator|SludgeBomb,Spore,RagePowder,Protect|||M|||50|,,,,,Dark\n|showteam|p2|Koraidon||LifeOrb|OrichalcumPulse|FlareBlitz,CloseCombat,Protect,Uturn||||||50|,,,,,Fire]Ho-Oh||ClearAmulet|Regenerator|SacredFire,BraveBird,Protect,Tailwind||||||50|,,,,,Grass]Gurdurr||Eviolite|IronFist|DrainPunch,Coaching,WideGuard,HelpingHand|||M|||50|,,,,,Water]Flutter Mane||FocusSash|Protosynthesis|Moonblast,ShadowBall,Taunt,IcyWind||||||50|,,,,,Normal]Rillaboom||AssaultVest|GrassySurge|FakeOut,GrassyGlide,HighHorsepower,Uturn|||F|||50|,,,,,Fire]Raging Bolt||BoosterEnergy|Protosynthesis|Protect,Thunderclap,Thunderbolt,DracoMeteor||||||50|,,,,,Fairy\n|inactive|Battle timer is ON: inactive players will automatically lose when time's up. (requested by bertcamem)\n|inactive|Mathhews also wants the timer to be on.\n|\n|t:|1746002887\n|start\n|switch|p1a: Amoonguss|Amoonguss, L50, M, shiny|100/100\n|switch|p1b: Zamazenta|Zamazenta-Crowned, L50, shiny|100/100\n|switch|p2a: Emperor|Ho-Oh, L50|100/100\n|switch|p2b: Tower|Raging Bolt, L50|100/100\n|-ability|p1b: Zamazenta|Dauntless Shield|boost\n|-boost|p1b: Zamazenta|def|1\n|-enditem|p2b: Tower|Booster Energy\n|-activate|p2b: Tower|ability: Protosynthesis|[fromitem]\n|-start|p2b: Tower|protosynthesisspa\n|turn|1\n|\n|t:|1746002903\n|move|p1a: Amoonguss|Protect|p1a: Amoonguss\n|-singleturn|p1a: Amoonguss|Protect\n|move|p1b: Zamazenta|Body Press|p2b: Tower\n|-damage|p2b: Tower|35/100\n|move|p2a: Emperor|Sacred Fire|p1a: Amoonguss\n|-activate|p1a: Amoonguss|move: Protect\n|move|p2b: Tower|Thunderbolt|p1a: Amoonguss\n|-activate|p1a: Amoonguss|move: Protect\n|\n|upkeep\n|turn|2\n|\n|t:|1746002921\n|-end|p2b: Tower|Protosynthesis|[silent]\n|switch|p2b: Sun|Koraidon, L50|100/100\n|-weather|SunnyDay|[from] ability: Orichalcum Pulse|[of] p2b: Sun\n|-activate|p2b: Sun|Orichalcum Pulse|[source]\n|switch|p1a: Kyogre|Kyogre, L50, shiny|100/100\n|-weather|RainDance|[from] ability: Drizzle|[of] p1a: Kyogre\n|move|p1b: Zamazenta|Heavy Slam|p2b: Sun\n|-damage|p2b: Sun|80/100\n|move|p2a: Emperor|Sacred Fire|p1a: Kyogre\n|-resisted|p1a: Kyogre\n|-damage|p1a: Kyogre|88/100\n|-status|p1a: Kyogre|brn\n|\n|-weather|RainDance|[upkeep]\n|-damage|p1a: Kyogre|83/100 brn|[from] brn\n|upkeep\n|turn|3\n|inactive|Mathhews has 30 seconds left.\n|\n|t:|1746002947\n|move|p2a: Emperor|Protect|p2a: Emperor\n|-singleturn|p2a: Emperor|Protect\n|move|p2b: Sun|U-turn|p1a: Kyogre\n|-damage|p1a: Kyogre|55/100 brn\n|-damage|p2b: Sun|70/100|[from] item: Life Orb\n|\n|t:|1746002951\n|switch|p2b: Tower|Raging Bolt, L50|35/100|[from] U-turn\n|move|p1b: Zamazenta|Body Press|p2b: Tower\n|-damage|p2b: Tower|0 fnt\n|faint|p2b: Tower\n|-end|p2b: Tower|Protosynthesis|[silent]\n|move|p1a: Kyogre|Ice Beam|p2a: Emperor\n|-activate|p2a: Emperor|move: Protect\n|\n|-weather|RainDance|[upkeep]\n|-damage|p1a: Kyogre|49/100 brn|[from] brn\n|upkeep\n|\n|t:|1746002953\n|switch|p2b: Sun|Koraidon, L50|70/100\n|-weather|SunnyDay|[from] ability: Orichalcum Pulse|[of] p2b: Sun\n|-activate|p2b: Sun|Orichalcum Pulse|[source]\n|turn|4\n|\n|t:|1746002972\n|switch|p1a: Chien-Pao|Chien-Pao, L50|100/100\n|-ability|p1a: Chien-Pao|Sword of Ruin\n|-terastallize|p1b: Zamazenta|Dragon\n|move|p2b: Sun|U-turn|p1a: Chien-Pao\n|-supereffective|p1a: Chien-Pao\n|-enditem|p1a: Chien-Pao|Focus Sash\n|-damage|p1a: Chien-Pao|1/100\n|-damage|p2b: Sun|61/100|[from] item: Life Orb\n|\n|t:|1746002974\n|switch|p2b: Magician|Flutter Mane, L50|100/100|[from] U-turn\n|-activate|p2b: Magician|ability: Protosynthesis\n|-start|p2b: Magician|protosynthesisspe\n|move|p1b: Zamazenta|Body Press|p2b: Magician\n|-immune|p2b: Magician\n|move|p2a: Emperor|Sacred Fire|p1b: Zamazenta\n|-resisted|p1b: Zamazenta\n|-damage|p1b: Zamazenta|80/100\n|\n|-weather|SunnyDay|[upkeep]\n|upkeep\n|turn|5\n|\n|t:|1746002995\n|move|p1a: Chien-Pao|Sucker Punch||[still]\n|-fail|p1a: Chien-Pao\n|move|p2b: Magician|Taunt|p1b: Zamazenta\n|-start|p1b: Zamazenta|move: Taunt\n|move|p1b: Zamazenta|Heavy Slam|p2b: Magician\n|-supereffective|p2b: Magician\n|-enditem|p2b: Magician|Focus Sash\n|-damage|p2b: Magician|1/100\n|move|p2a: Emperor|Brave Bird|p1a: Chien-Pao\n|-damage|p1a: Chien-Pao|0 fnt\n|faint|p1a: Chien-Pao\n|-damage|p2a: Emperor|99/100|[from] Recoil\n|\n|-weather|SunnyDay|[upkeep]\n|upkeep\n|\n|t:|1746003004\n|switch|p1a: Kyogre|Kyogre, L50, shiny|49/100 brn\n|-weather|RainDance|[from] ability: Drizzle|[of] p1a: Kyogre\n|-end|p2b: Magician|Protosynthesis\n|turn|6\n|\n|t:|1746003020\n|move|p2b: Magician|Moonblast|p1b: Zamazenta\n|-supereffective|p1b: Zamazenta\n|-damage|p1b: Zamazenta|0 fnt\n|faint|p1b: Zamazenta\n|move|p1a: Kyogre|Ice Beam|p2a: Emperor\n|-damage|p2a: Emperor|79/100\n|move|p2a: Emperor|Brave Bird|p1a: Kyogre\n|-damage|p1a: Kyogre|0 fnt\n|faint|p1a: Kyogre\n|-damage|p2a: Emperor|63/100|[from] Recoil\n|\n|-weather|RainDance|[upkeep]\n|upkeep\n|\n|t:|1746003023\n|switch|p1b: Amoonguss|Amoonguss, L50, M, shiny|100/100\n|turn|7\n|\n|t:|1746003028\n|move|p2b: Magician|Taunt|p1b: Amoonguss\n|-start|p1b: Amoonguss|move: Taunt\n|move|p2a: Emperor|Brave Bird|p1b: Amoonguss\n|-supereffective|p1b: Amoonguss\n|-damage|p1b: Amoonguss|0 fnt\n|-damage|p2a: Emperor|47/100|[from] item: Rocky Helmet|[of] p1b: Amoonguss\n|faint|p1b: Amoonguss\n|-damage|p2a: Emperor|13/100|[from] Recoil\n|\n|win|bertcamem\n|raw|Mathhews's rating: 1196 &rarr; <strong>1177</strong><br />(-19 for losing)\n|raw|bertcamem's rating: 1288 &rarr; <strong>1307</strong><br />(+19 for winning)\n|l|\u2606Mathhews\n|player|p1|\n", "uploadtime": 1746003164, "views": 19, "formatid": "gen9vgc2025regibo3", "rating": 1177, "private": 0, "password": null}