{"id": "gen9vgc2025regibo3-2353463799", "format": "[Gen 9] VGC 2025 Reg I (Bo3)", "players": ["sushirocket", "habeebomarali123"], "log": "|j|\u2606sushirocket\n|j|\u2606habeebomarali123\n|html|<table width=\"100%\"><tr><td align=\"left\">sushirocket</td><td align=\"right\">habeebomarali123</tr><tr><td align=\"left\"><i class=\"fa fa-circle\"></i> <i class=\"fa fa-circle-o\"></i> </td><td align=\"right\"><i class=\"fa fa-circle-o\"></i> <i class=\"fa fa-circle-o\"></i> </tr></table>\n|uhtml|bestof|<h2><strong>Game 2</strong> of <a href=\"/game-bestof3-gen9vgc2025regibo3-2353461458\">a best-of-3</a></h2>\n|t:|1745958279\n|gametype|doubles\n|player|p1|sushirocket|volkner|1209\n|player|p2|habeebomarali123|veteran|1143\n|teamsize|p1|6\n|teamsize|p2|6\n|gen|9\n|tier|[Gen 9] VGC 2025 Reg I (Bo3)\n|rated|\n|rule|Species Clause: Limit one of each Pok\u00e9mon\n|rule|Item Clause: Limit 1 of each item\n|clearpoke\n|poke|p1|Giratina-Origin, L50|\n|poke|p1|Dondozo, L50, F|\n|poke|p1|Ting-Lu, L50|\n|poke|p1|Raging Bolt, L50|\n|poke|p1|Zamazenta-*, L50|\n|poke|p1|Volcarona, L50, M|\n|poke|p2|Zekrom, L50|\n|poke|p2|Miraidon, L50|\n|poke|p2|Tornadus, L50, M|\n|poke|p2|Incineroar, L50, F|\n|poke|p2|Urshifu-*, L50, M|\n|poke|p2|Pelipper, L50, M|\n|teampreview|4\n|showteam|p1|Giratina-Origin||GriseousCore|Levitate|Poltergeist,DragonClaw,ShadowSneak,Protect||||||50|,,,,,Fire]Dondozo||Leftovers|Unaware|WaveCrash,Fissure,Yawn,Protect|||F|||50|,,,,,Poison]Ting-Lu||RockyHelmet|VesselofRuin|SandTomb,Ruination,Taunt,Protect||||||50|,,,,,Poison]Raging Bolt||AssaultVest|Protosynthesis|Electroweb,DracoMeteor,Thunderclap,Thunderbolt||||||50|,,,,,Electric]Zamazenta-Crowned||RustedShield|DauntlessShield|BodyPress,behemothbash,WideGuard,Protect||||||50|,,,,,Dragon]Volcarona||SitrusBerry|FlameBody|FieryDance,QuiverDance,GigaDrain,Protect|||M|||50|,,,,,Grass\n|showteam|p2|Zekrom||LifeOrb|Teravolt|DragonDance,DragonClaw,Protect,FusionBolt||||||50|,,,,,Electric]Miraidon||ChoiceSpecs|HadronEngine|DazzlingGleam,DracoMeteor,ElectroDrift,VoltSwitch||||||50|,,,,,Fairy]Tornadus||CovertCloak|Prankster|Tailwind,BleakwindStorm,ScaryFace,Protect|||M|||50|,,,,,Dark]Incineroar||AssaultVest|Intimidate|KnockOff,FlareBlitz,Uturn,FakeOut|||F|||50|,,,,,Bug]Urshifu||FocusSash|UnseenFist|WickedBlow,SuckerPunch,CloseCombat,Detect|||M|||50|,,,,,Stellar]Pelipper||AbilityShield|Drizzle|Protect,Hurricane,WeatherBall,WideGuard|||M|||50|,,,,,Ghost\n|inactive|Battle timer is ON: inactive players will automatically lose when time's up. (requested by sushirocket)\n|\n|t:|1745958305\n|start\n|switch|p1a: Ting-Lu|Ting-Lu, L50|100/100\n|switch|p1b: Zamazenta|Zamazenta-Crowned, L50|100/100\n|switch|p2a: Pelipper|Pelipper, L50, M|100/100\n|switch|p2b: Miraidon|Miraidon, L50|100/100\n|-fieldstart|move: Electric Terrain|[from] ability: Hadron Engine|[of] p2b: Miraidon\n|-ability|p1b: Zamazenta|Dauntless Shield|boost\n|-boost|p1b: Zamazenta|def|1\n|-weather|RainDance|[from] ability: Drizzle|[of] p2a: Pelipper\n|-ability|p1a: Ting-Lu|Vessel of Ruin\n|turn|1\n|\n|t:|1745958320\n|switch|p1b: Raging Bolt|Raging Bolt, L50|100/100\n|move|p2b: Miraidon|Volt Switch|p1b: Raging Bolt\n|-resisted|p1b: Raging Bolt\n|-damage|p1b: Raging Bolt|91/100\n|\n|t:|1745958328\n|switch|p2b: Urshifu|Urshifu, L50, M|100/100|[from] Volt Switch\n|move|p2a: Pelipper|Weather Ball|p1a: Ting-Lu\n|-supereffective|p1a: Ting-Lu\n|-damage|p1a: Ting-Lu|34/100\n|move|p1a: Ting-Lu|Sand Tomb|p2b: Urshifu\n|-damage|p2b: Urshifu|87/100\n|-activate|p2b: Urshifu|move: Sand Tomb|[of] p1a: Ting-Lu\n|\n|-weather|RainDance|[upkeep]\n|-damage|p2b: Urshifu|75/100|[from] move: Sand Tomb|[partiallytrapped]\n|upkeep\n|turn|2\n|\n|t:|1745958352\n|-terastallize|p2a: Pelipper|Ghost\n|move|p2b: Urshifu|Detect|p2b: Urshifu\n|-singleturn|p2b: Urshifu|Protect\n|move|p1b: Raging Bolt|Electroweb|p2b: Urshifu|[spread] p2a\n|-activate|p2b: Urshifu|move: Protect\n|-damage|p2a: Pelipper|70/100\n|-unboost|p2a: Pelipper|spe|1\n|move|p2a: Pelipper|Weather Ball|p1a: Ting-Lu\n|-supereffective|p1a: Ting-Lu\n|-damage|p1a: Ting-Lu|0 fnt\n|faint|p1a: Ting-Lu\n|\n|-weather|RainDance|[upkeep]\n|-end|p2b: Urshifu|Sand Tomb|[partiallytrapped]|[silent]\n|upkeep\n|\n|t:|1745958360\n|switch|p1a: Zamazenta|Zamazenta-Crowned, L50|100/100\n|turn|3\n|\n|t:|1745958372\n|move|p2a: Pelipper|Protect|p2a: Pelipper\n|-singleturn|p2a: Pelipper|Protect\n|move|p1a: Zamazenta|Body Press|p2b: Urshifu\n|-supereffective|p2b: Urshifu\n|-damage|p2b: Urshifu|0 fnt\n|faint|p2b: Urshifu\n|move|p1b: Raging Bolt|Thunderbolt|p2a: Pelipper\n|-activate|p2a: Pelipper|move: Protect\n|\n|-weather|RainDance|[upkeep]\n|upkeep\n|\n|t:|1745958382\n|switch|p2b: Miraidon|Miraidon, L50|100/100\n|-activate|p2b: Miraidon|ability: Hadron Engine\n|turn|4\n|\n|t:|1745958406\n|switch|p2a: Zekrom|Zekrom, L50|100/100\n|-ability|p2a: Zekrom|Teravolt\n|-terastallize|p1b: Raging Bolt|Electric\n|move|p1a: Zamazenta|Protect|p1a: Zamazenta\n|-singleturn|p1a: Zamazenta|Protect\n|move|p2b: Miraidon|Draco Meteor|p1b: Raging Bolt\n|-damage|p1b: Raging Bolt|20/100\n|-unboost|p2b: Miraidon|spa|2\n|move|p1b: Raging Bolt|Draco Meteor|p2b: Miraidon\n|-supereffective|p2b: Miraidon\n|-damage|p2b: Miraidon|0 fnt\n|-unboost|p1b: Raging Bolt|spa|2\n|faint|p2b: Miraidon\n|\n|-weather|RainDance|[upkeep]\n|upkeep\n|\n|t:|1745958416\n|switch|p2b: Pelipper|Pelipper, L50, M, tera:Ghost|70/100\n|turn|5\n|\n|t:|1745958437\n|move|p1a: Zamazenta|Protect||[still]\n|-fail|p1a: Zamazenta\n|move|p2b: Pelipper|Protect|p2b: Pelipper\n|-singleturn|p2b: Pelipper|Protect\n|move|p2a: Zekrom|Dragon Claw|p1b: Raging Bolt\n|-damage|p1b: Raging Bolt|0 fnt\n|faint|p1b: Raging Bolt\n|-end|p1b: Raging Bolt|Protosynthesis|[silent]\n|-damage|p2a: Zekrom|90/100|[from] item: Life Orb\n|\n|-weather|none\n|-fieldend|move: Electric Terrain\n|upkeep\n|\n|t:|1745958440\n|switch|p1b: Giratina|Giratina-Origin, L50|100/100\n|turn|6\n|\n|t:|1745958457\n|move|p1b: Giratina|Shadow Sneak|p2b: Pelipper\n|-supereffective|p2b: Pelipper\n|-damage|p2b: Pelipper|15/100\n|move|p1a: Zamazenta|Body Press|p2a: Zekrom\n|-damage|p2a: Zekrom|50/100\n|move|p2a: Zekrom|Dragon Claw|p1b: Giratina\n|-supereffective|p1b: Giratina\n|-damage|p1b: Giratina|0 fnt\n|faint|p1b: Giratina\n|-damage|p2a: Zekrom|40/100|[from] item: Life Orb\n|move|p2b: Pelipper|Hurricane|p1a: Zamazenta\n|-damage|p1a: Zamazenta|63/100\n|-start|p1a: Zamazenta|confusion\n|\n|upkeep\n|turn|7\n|\n|t:|1745958471\n|-activate|p1a: Zamazenta|confusion\n|move|p1a: Zamazenta|Body Press|p2a: Zekrom\n|-damage|p2a: Zekrom|5/100\n|move|p2a: Zekrom|Fusion Bolt|p1a: Zamazenta\n|-damage|p1a: Zamazenta|14/100\n|-damage|p2a: Zekrom|0 fnt|[from] item: Life Orb\n|faint|p2a: Zekrom\n|move|p2b: Pelipper|Hurricane|p1a: Zamazenta\n|-damage|p1a: Zamazenta|0 fnt\n|faint|p1a: Zamazenta\n|\n|win|habeebomarali123\n||sushirocket is ready for game 3.\n||habeebomarali123 is ready for game 3.\n|uhtml|next|Next: <a href=\"/battle-gen9vgc2025regibo3-2353465925\"><strong>Game 3 of 3</strong></a>\n", "uploadtime": 1745958681, "views": 7, "formatid": "gen9vgc2025regibo3", "rating": null, "private": 0, "password": null}