{"id": "gen9vgc2025regibo3-2353714712", "format": "[Gen 9] VGC 2025 Reg I (Bo3)", "players": ["wizzpoower", "grace_my_world"], "log": "|j|\u2606wizzpoower\n|j|\u2606grace_my_world\n|html|<table width=\"100%\"><tr><td align=\"left\">wizzpoower</td><td align=\"right\">grace_my_world</tr><tr><td align=\"left\"><i class=\"fa fa-circle-o\"></i> <i class=\"fa fa-circle-o\"></i> </td><td align=\"right\"><i class=\"fa fa-circle-o\"></i> <i class=\"fa fa-circle-o\"></i> </tr></table>\n|uhtml|bestof|<h2><strong>Game 1</strong> of <a href=\"/game-bestof3-gen9vgc2025regibo3-2353714711\">a best-of-3</a></h2>\n|t:|1745987566\n|gametype|doubles\n|player|p1|wizzpoower|cheren-masters|1153\n|player|p2|grace_my_world|170|1257\n|teamsize|p1|6\n|teamsize|p2|6\n|gen|9\n|tier|[Gen 9] VGC 2025 Reg I (Bo3)\n|rated|\n|rule|Species Clause: Limit one of each Pok\u00e9mon\n|rule|Item Clause: Limit 1 of each item\n|clearpoke\n|poke|p1|Miraidon, L50|\n|poke|p1|Urshifu-*, L50, F|\n|poke|p1|Iron Hands, L50|\n|poke|p1|Iron Treads, L50|\n|poke|p1|Farigiraf, L50, M|\n|poke|p1|Ho-Oh, L50|\n|poke|p2|Miraidon, L50|\n|poke|p2|Whimsicott, L50, F|\n|poke|p2|Calyrex-Shadow, L50|\n|poke|p2|Chien-Pao, L50|\n|poke|p2|Amoonguss, L50, M|\n|poke|p2|Urshifu-*, L50, F|\n|teampreview|4\n|showteam|p1|Miraidon||ChoiceSpecs|HadronEngine|ElectroDrift,VoltSwitch,DracoMeteor,DazzlingGleam||||||50|,,,,,Fairy]Urshifu||FocusSash|UnseenFist|WickedBlow,SuckerPunch,CloseCombat,Detect|||F|||50|,,,,,Dark]Iron Hands||AssaultVest|QuarkDrive|DrainPunch,LowKick,HeavySlam,FakeOut||||||50|,,,,,Poison]Iron Treads||ChoiceBand|QuarkDrive|HighHorsepower,IronHead,SteelRoller,RockSlide||||||50|,,,,,Ghost]Farigiraf||ElectricSeed|ArmorTail|Psychic,Roar,TrickRoom,HelpingHand|||M|||50|,,,,,Water]Ho-Oh||ClearAmulet|Regenerator|BraveBird,SacredFire,Protect,Tailwind||||||50|,,,,,Grass\n|showteam|p2|Miraidon||ChoiceSpecs|HadronEngine|ElectroDrift,DracoMeteor,DazzlingGleam,VoltSwitch||||||50|,,,,,Fairy]Whimsicott||CovertCloak|Prankster|Moonblast,Protect,Tailwind,Encore|||F|||50|,,,,,Water]Calyrex-Shadow||SpellTag|AsOneSpectrier|AstralBarrage,ExpandingForce,NastyPlot,Protect||||||50|,,,,,Dark]Chien-Pao||FocusSash|SwordofRuin|IcicleCrash,SuckerPunch,Protect,ThroatChop||||||50|,,,,,Stellar]Amoonguss||RockyHelmet|Regenerator|Spore,PollenPuff,Protect,RagePowder|||M|||50|,,,,,Water]Urshifu-Rapid-Strike||ChoiceScarf|UnseenFist|CloseCombat,AquaJet,SurgingStrikes,Uturn|||F|||50|,,,,,Ghost\n|\n|t:|1745987601\n|start\n|switch|p1a: goodbyefreak|Ho-Oh, L50|100/100\n|switch|p1b: partypirate|Iron Hands, L50|100/100\n|switch|p2a: Miraidon|Miraidon, L50|100/100\n|switch|p2b: Whimsicott|Whimsicott, L50, F|100/100\n|-fieldstart|move: Electric Terrain|[from] ability: Hadron Engine|[of] p2a: Miraidon\n|-activate|p1b: partypirate|ability: Quark Drive\n|-start|p1b: partypirate|quarkdriveatk\n|turn|1\n|\n|t:|1745987620\n|-terastallize|p1a: goodbyefreak|Grass\n|move|p2b: Whimsicott|Tailwind|p2b: Whimsicott\n|-sidestart|p2: grace_my_world|move: Tailwind\n|move|p2a: Miraidon|Electro Drift|p1a: goodbyefreak\n|-resisted|p1a: goodbyefreak\n|-damage|p1a: goodbyefreak|57/100\n|move|p1a: goodbyefreak|Tailwind|p1a: goodbyefreak\n|-sidestart|p1: wizzpoower|move: Tailwind\n|move|p1b: partypirate|Heavy Slam|p2b: Whimsicott\n|-supereffective|p2b: Whimsicott\n|-damage|p2b: Whimsicott|0 fnt\n|faint|p2b: Whimsicott\n|\n|upkeep\n|\n|t:|1745987633\n|switch|p2b: Calyrex|Calyrex-Shadow, L50|100/100\n|-ability|p2b: Calyrex|As One\n|-ability|p2b: Calyrex|Unnerve\n|turn|2\n|\n|t:|1745987667\n|move|p2b: Calyrex|Astral Barrage|p1b: partypirate|[spread] p1a,p1b\n|-damage|p1a: goodbyefreak|19/100\n|-damage|p1b: partypirate|68/100\n|move|p2a: Miraidon|Electro Drift|p1b: partypirate\n|-resisted|p1b: partypirate\n|-damage|p1b: partypirate|35/100\n|move|p1a: goodbyefreak|Sacred Fire|p2b: Calyrex\n|-damage|p2b: Calyrex|42/100\n|move|p1b: partypirate|Heavy Slam|p2b: Calyrex\n|-damage|p2b: Calyrex|0 fnt\n|faint|p2b: Calyrex\n|\n|upkeep\n|\n|t:|1745987681\n|switch|p2b: Chien-Pao|Chien-Pao, L50|100/100\n|-ability|p2b: Chien-Pao|Sword of Ruin\n|turn|3\n|\n|t:|1745987701\n|-end|p1b: partypirate|Quark Drive|[silent]\n|switch|p1b: radicalqueen|Urshifu, L50, F|100/100\n|move|p1a: goodbyefreak|Protect|p1a: goodbyefreak\n|-singleturn|p1a: goodbyefreak|Protect\n|move|p2b: Chien-Pao|Throat Chop|p1b: radicalqueen\n|-resisted|p1b: radicalqueen\n|-damage|p1b: radicalqueen|89/100\n|-start|p1b: radicalqueen|Throat Chop|[silent]\n|move|p2a: Miraidon|Electro Drift|p1b: radicalqueen\n|-damage|p1b: radicalqueen|0 fnt\n|faint|p1b: radicalqueen\n|\n|upkeep\n|\n|t:|1745987717\n|switch|p1b: partypirate|Iron Hands, L50|35/100\n|-activate|p1b: partypirate|ability: Quark Drive\n|-start|p1b: partypirate|quarkdriveatk\n|turn|4\n|\n|t:|1745987745\n|move|p2b: Chien-Pao|Protect|p2b: Chien-Pao\n|-singleturn|p2b: Chien-Pao|Protect\n|move|p1b: partypirate|Fake Out|p2b: Chien-Pao\n|-activate|p2b: Chien-Pao|move: Protect\n|move|p2a: Miraidon|Electro Drift|p1a: goodbyefreak\n|-resisted|p1a: goodbyefreak\n|-damage|p1a: goodbyefreak|0 fnt\n|faint|p1a: goodbyefreak\n|\n|-sideend|p1: wizzpoower|move: Tailwind\n|-sideend|p2: grace_my_world|move: Tailwind\n|upkeep\n|\n|t:|1745987747\n|switch|p1a: megabeast:3|Miraidon, L50|100/100\n|-activate|p1a: megabeast:3|ability: Hadron Engine\n|turn|5\n|\n|t:|1745987766\n|-terastallize|p2a: Miraidon|Fairy\n|move|p2b: Chien-Pao|Icicle Crash|p1a: megabeast:3\n|-supereffective|p1a: megabeast:3\n|-damage|p1a: megabeast:3|0 fnt\n|faint|p1a: megabeast:3\n|move|p2a: Miraidon|Electro Drift|p1b: partypirate\n|-resisted|p1b: partypirate\n|-damage|p1b: partypirate|0 fnt\n|faint|p1b: partypirate\n|-end|p1b: partypirate|Quark Drive|[silent]\n|\n|win|grace_my_world\n||wizzpoower is ready for game 2.\n||grace_my_world is ready for game 2.\n|uhtml|next|Next: <a href=\"/battle-gen9vgc2025regibo3-2353716067\"><strong>Game 2 of 3</strong></a>\n", "uploadtime": 1745988113, "views": 6, "formatid": "gen9vgc2025regibo3", "rating": null, "private": 0, "password": null}