{"id": "gen9vgc2025regibo3-2354411283", "format": "[Gen 9] VGC 2025 Reg I (Bo3)", "players": ["G00bermeister69420", "Cyclondo3"], "log": "|j|\u2606G00bermeister69420\n|j|\u2606Cyclondo3\n|html|<table width=\"100%\"><tr><td align=\"left\">G00bermeister69420</td><td align=\"right\">Cyclondo3</tr><tr><td align=\"left\"><i class=\"fa fa-circle-o\"></i> <i class=\"fa fa-circle-o\"></i> </td><td align=\"right\"><i class=\"fa fa-circle-o\"></i> <i class=\"fa fa-circle-o\"></i> </tr></table>\n|uhtml|bestof|<h2><strong>Game 1</strong> of <a href=\"/game-bestof3-gen9vgc2025regibo3-2354411282\">a best-of-3</a></h2>\n|t:|1746068087\n|gametype|doubles\n|player|p1|G00bermeister69420|hiker-gen4|1043\n|player|p2|Cyclondo3|brock|1019\n|teamsize|p1|6\n|teamsize|p2|6\n|gen|9\n|tier|[Gen 9] VGC 2025 Reg I (Bo3)\n|rated|\n|rule|Species Clause: Limit one of each Pok\u00e9mon\n|rule|Item Clause: Limit 1 of each item\n|clearpoke\n|poke|p1|Meowstic, L50, M|\n|poke|p1|Necrozma-Dusk-Mane, L50|\n|poke|p1|Lunala, L50|\n|poke|p1|Indeedee-F, L50, F|\n|poke|p1|Rampardos, L50, F|\n|poke|p1|Farigiraf, L50, M|\n|poke|p2|Tropius, L50, F|\n|poke|p2|Appletun, L50, F|\n|poke|p2|Flapple, L50, M|\n|poke|p2|Hydrapple, L50, M|\n|poke|p2|Dipplin, L50, F|\n|poke|p2|Applin, L50, M|\n|teampreview|4\n|showteam|p1|Meowstic||MentalHerb|Prankster|Gravity,HelpingHand,TrickRoom,Substitute|||M|||50|,,,,,Psychic]Necrozma-Dusk-Mane||IronBall|PrismArmor|SunsteelStrike,PhotonGeyser,TrickRoom,SwordsDance||||||50|,,,,,Psychic]Lunala||PowerHerb|ShadowShield|TrickRoom,MeteorBeam,MoongeistBeam,Hypnosis||||||50|,,,,,Fire]Indeedee-F|||PsychicSurge|TrickRoom,Psychic,HelpingHand,FollowMe|||F|||50|,,,,,Psychic]Rampardos||PowerLens|SheerForce|RockSlide,HeadSmash,Protect,HammerArm|||F|||50|,,,,,Rock]Farigiraf||ThroatSpray|ArmorTail|TrickRoom,Protect,Gravity,HyperVoice|||M|||50|,,,,,Normal\n|showteam|p2|Tropius||FocusSash|Chlorophyll|Protect,Tailwind,AirSlash,EnergyBall|||F|||50|,,,,,Steel]Appletun||SitrusBerry|Ripen|Recover,Recycle,Amnesia,IronDefense|||F|||50|,,,,,Steel]Flapple||ChoiceScarf|Hustle|Protect,AirSlash,DracoMeteor,TeraBlast|||M|||50|,,,,,Stellar]Hydrapple||ZoomLens|SupersweetSyrup|Protect,SunnyDay,SyrupBomb,FickleBeam|||M|||50|,,,,,Ghost]Dipplin||Eviolite|SupersweetSyrup|Protect,Infestation,SyrupBomb,Reflect|||F|||50|,,,,,Ghost]Applin||IapapaBerry|Gluttony|DefenseCurl,Recycle,Rollout,SuckerPunch|||M|||50|,,,,,Grass\n|c|\u2606Cyclondo3|I have a Tropius amount of Apples\n|inactive|Battle timer is ON: inactive players will automatically lose when time's up. (requested by Cyclondo3)\n|\n|t:|1746068184\n|start\n|switch|p1a: Indeedee|Indeedee-F, L50, F|100/100\n|switch|p1b: Necrozma|Necrozma-Dusk-Mane, L50|100/100\n|switch|p2a: Tropius|Tropius, L50, F|100/100\n|switch|p2b: Dipplin|Dipplin, L50, F|100/100\n|-fieldstart|move: Psychic Terrain|[from] ability: Psychic Surge|[of] p1a: Indeedee\n|-ability|p2b: Dipplin|Supersweet Syrup\n|-unboost|p1a: Indeedee|evasion|1\n|-unboost|p1b: Necrozma|evasion|1\n|turn|1\n|inactiveoff|Battle timer is now OFF.\n|\n|t:|1746068204\n|move|p1a: Indeedee|Follow Me|p1a: Indeedee\n|-singleturn|p1a: Indeedee|move: Follow Me\n|move|p2a: Tropius|Tailwind|p2a: Tropius\n|-sidestart|p2: Cyclondo3|move: Tailwind\n|move|p2b: Dipplin|Infestation|p1a: Indeedee\n|-supereffective|p1a: Indeedee\n|-damage|p1a: Indeedee|91/100\n|-activate|p1a: Indeedee|move: Infestation|[of] p2b: Dipplin\n|move|p1b: Necrozma|Trick Room|p1b: Necrozma\n|-fieldstart|move: Trick Room|[of] p1b: Necrozma\n|\n|-damage|p1a: Indeedee|79/100|[from] move: Infestation|[partiallytrapped]\n|upkeep\n|turn|2\n|\n|t:|1746068232\n|move|p1a: Indeedee|Helping Hand|p1b: Necrozma\n|-singleturn|p1b: Necrozma|Helping Hand|[of] p1a: Indeedee\n|move|p1b: Necrozma|Photon Geyser|p2b: Dipplin\n|-damage|p2b: Dipplin|28/100\n|move|p2b: Dipplin|Infestation|p1b: Necrozma\n|-damage|p1b: Necrozma|97/100\n|-activate|p1b: Necrozma|move: Infestation|[of] p2b: Dipplin\n|move|p2a: Tropius|Air Slash|p1a: Indeedee\n|-damage|p1a: Indeedee|55/100\n|\n|-damage|p1b: Necrozma|85/100|[from] move: Infestation|[partiallytrapped]\n|-damage|p1a: Indeedee|42/100|[from] move: Infestation|[partiallytrapped]\n|upkeep\n|turn|3\n|\n|t:|1746068256\n|switch|p2a: Hydrapple|Hydrapple, L50, M|100/100\n|-ability|p2a: Hydrapple|Supersweet Syrup\n|-unboost|p1a: Indeedee|evasion|1\n|-unboost|p1b: Necrozma|evasion|1\n|move|p2b: Dipplin|Protect|p2b: Dipplin\n|-singleturn|p2b: Dipplin|Protect\n|move|p1a: Indeedee|Follow Me|p1a: Indeedee\n|-singleturn|p1a: Indeedee|move: Follow Me\n|move|p1b: Necrozma|Swords Dance|p1b: Necrozma\n|-boost|p1b: Necrozma|atk|2\n|\n|-damage|p1b: Necrozma|73/100|[from] move: Infestation|[partiallytrapped]\n|-damage|p1a: Indeedee|30/100|[from] move: Infestation|[partiallytrapped]\n|upkeep\n|turn|4\n|inactive|Battle timer is ON: inactive players will automatically lose when time's up. (requested by G00bermeister69420)\n|\n|t:|1746068286\n|switch|p2b: Tropius|Tropius, L50, F|100/100\n|move|p1a: Indeedee|Helping Hand|p1b: Necrozma\n|-singleturn|p1b: Necrozma|Helping Hand|[of] p1a: Indeedee\n|move|p2a: Hydrapple|Protect|p2a: Hydrapple\n|-singleturn|p2a: Hydrapple|Protect\n|move|p1b: Necrozma|Photon Geyser|p2a: Hydrapple\n|-activate|p2a: Hydrapple|move: Protect\n|\n|-end|p1b: Necrozma|Infestation|[partiallytrapped]|[silent]\n|-end|p1a: Indeedee|Infestation|[partiallytrapped]|[silent]\n|-sideend|p2: Cyclondo3|move: Tailwind\n|upkeep\n|turn|5\n|inactive|Cyclondo3 has 30 seconds left.\n|inactive|Cyclondo3 has 20 seconds left.\n|inactive|Cyclondo3 has 15 seconds left.\n|inactive|Cyclondo3 has 10 seconds left.\n|\n|t:|1746068334\n|move|p1a: Indeedee|Helping Hand|p1b: Necrozma\n|-singleturn|p1b: Necrozma|Helping Hand|[of] p1a: Indeedee\n|move|p1b: Necrozma|Photon Geyser|p2a: Hydrapple\n|-damage|p2a: Hydrapple|0 fnt\n|faint|p2a: Hydrapple\n|move|p2b: Tropius|Air Slash|p1a: Indeedee\n|-damage|p1a: Indeedee|6/100\n|\n|-fieldend|move: Trick Room\n|-fieldend|move: Psychic Terrain\n|upkeep\n|\n|t:|1746068358\n|switch|p2a: Dipplin|Dipplin, L50, F|28/100\n|turn|6\n|\n|t:|1746068365\n|move|p2b: Tropius|Protect|p2b: Tropius\n|-singleturn|p2b: Tropius|Protect\n|move|p2a: Dipplin|Protect|p2a: Dipplin\n|-singleturn|p2a: Dipplin|Protect\n|move|p1a: Indeedee|Follow Me|p1a: Indeedee\n|-singleturn|p1a: Indeedee|move: Follow Me\n|move|p1b: Necrozma|Trick Room|p1b: Necrozma\n|-fieldstart|move: Trick Room|[of] p1b: Necrozma\n|\n|upkeep\n|turn|7\n|\n|t:|1746068380\n|move|p1a: Indeedee|Helping Hand|p1b: Necrozma\n|-singleturn|p1b: Necrozma|Helping Hand|[of] p1a: Indeedee\n|move|p1b: Necrozma|Photon Geyser|p2a: Dipplin\n|-damage|p2a: Dipplin|0 fnt\n|faint|p2a: Dipplin\n|move|p2b: Tropius|Energy Ball|p1a: Indeedee\n|-damage|p1a: Indeedee|0 fnt\n|faint|p1a: Indeedee\n|\n|upkeep\n|\n|t:|1746068394\n|switch|p2a: Appletun|Appletun, L50, F|100/100\n|switch|p1a: Meowstic|Meowstic, L50, M|100/100\n|turn|8\n|\n|t:|1746068412\n|move|p1a: Meowstic|Helping Hand|p1b: Necrozma\n|-singleturn|p1b: Necrozma|Helping Hand|[of] p1a: Meowstic\n|move|p2a: Appletun|Amnesia|p2a: Appletun\n|-boost|p2a: Appletun|spd|2\n|move|p1b: Necrozma|Photon Geyser|p2a: Appletun\n|-damage|p2a: Appletun|0 fnt\n|faint|p2a: Appletun\n|move|p2b: Tropius|Air Slash|p1b: Necrozma\n|-resisted|p1b: Necrozma\n|-damage|p1b: Necrozma|63/100\n|\n|upkeep\n|turn|9\n|\n|t:|1746068424\n|move|p1a: Meowstic|Helping Hand|p1b: Necrozma\n|-singleturn|p1b: Necrozma|Helping Hand|[of] p1a: Meowstic\n|move|p1b: Necrozma|Photon Geyser|p2b: Tropius\n|-enditem|p2b: Tropius|Focus Sash\n|-damage|p2b: Tropius|1/100\n|move|p2b: Tropius|Air Slash|p1b: Necrozma\n|-resisted|p1b: Necrozma\n|-damage|p1b: Necrozma|52/100\n|\n|upkeep\n|turn|10\n|\n|t:|1746068439\n|move|p1a: Meowstic|Helping Hand|p1b: Necrozma\n|-singleturn|p1b: Necrozma|Helping Hand|[of] p1a: Meowstic\n|move|p1b: Necrozma|Photon Geyser|p2b: Tropius\n|-damage|p2b: Tropius|0 fnt\n|faint|p2b: Tropius\n|\n|win|G00bermeister69420\n||Cyclondo3 is ready for game 2.\n||G00bermeister69420 is ready for game 2.\n|uhtml|next|Next: <a href=\"/battle-gen9vgc2025regibo3-2354414140\"><strong>Game 2 of 3</strong></a>\n|l|\u2606G00bermeister69420\n|player|p1|\n|l|\u2606Cyclondo3\n|player|p2|\n", "uploadtime": 1746068720, "views": 8, "formatid": "gen9vgc2025regibo3", "rating": null, "private": 0, "password": null}