{"id": "gen9vgc2025regibo3-2353462622", "format": "[Gen 9] VGC 2025 Reg I (Bo3)", "players": ["goldenchimchar", "justtestingforVGC"], "log": "|j|\u2606goldenchimchar\n|j|\u2606justtestingforVGC\n|html|<table width=\"100%\"><tr><td align=\"left\">goldenchimchar</td><td align=\"right\">justtestingforVGC</tr><tr><td align=\"left\"><i class=\"fa fa-circle-o\"></i> <i class=\"fa fa-circle-o\"></i> </td><td align=\"right\"><i class=\"fa fa-circle-o\"></i> <i class=\"fa fa-circle-o\"></i> </tr></table>\n|uhtml|bestof|<h2><strong>Game 1</strong> of <a href=\"/game-bestof3-gen9vgc2025regibo3-2353462621\">a best-of-3</a></h2>\n|t:|1745958171\n|gametype|doubles\n|player|p1|goldenchimchar|hilbert|1093\n|player|p2|justtestingforVGC|steven|1161\n|teamsize|p1|6\n|teamsize|p2|6\n|gen|9\n|tier|[Gen 9] VGC 2025 Reg I (Bo3)\n|rated|\n|rule|Species Clause: Limit one of each Pok\u00e9mon\n|rule|Item Clause: Limit 1 of each item\n|clearpoke\n|poke|p1|Koraidon, L50|\n|poke|p1|Incineroar, L50, M|\n|poke|p1|Terapagos, L50, M|\n|poke|p1|Raging Bolt, L50|\n|poke|p1|Flutter Mane, L50|\n|poke|p1|Ogerpon-Cornerstone, L50, F|\n|poke|p2|Ho-Oh, L50|\n|poke|p2|Torkoal, L50, F|\n|poke|p2|Calyrex-Ice, L50|\n|poke|p2|Great Tusk, L50|\n|poke|p2|Flutter Mane, L50|\n|poke|p2|Perrserker, L50, M|\n|teampreview|4\n|showteam|p1|Koraidon||ClearAmulet|OrichalcumPulse|CollisionCourse,FlameCharge,Protect,FlareBlitz||||||50|,,,,,Fire]Incineroar||SafetyGoggles|Intimidate|FakeOut,KnockOff,WillOWisp,PartingShot|||M|||50|,,,,,Ghost]Terapagos||Leftovers|TeraShift|CalmMind,TeraStarstorm,EarthPower,Protect|||M|||50|,,,,,Stellar]Raging Bolt||AssaultVest|Protosynthesis|Thunderbolt,Snarl,DracoMeteor,Thunderclap||||||50|,,,,,Electric]Flutter Mane||FocusSash|Protosynthesis|Moonblast,Protect,ShadowBall,IcyWind||||||50|,,,,,Fairy]Ogerpon-Cornerstone||CornerstoneMask|Sturdy|IvyCudgel,SpikyShield,FollowMe,HornLeech|||F|||50|,,,,,Rock\n|showteam|p2|Ho-Oh||WideLens|Regenerator|BraveBird,SacredFire,Protect,Tailwind||||||50|,,,,,Grass]Torkoal||EjectPack|Drought|Protect,HelpingHand,Eruption,Overheat|||F|||50|,,,,,Flying]Calyrex-Ice||ClearAmulet|AsOneGlastrier|GlacialLance,TrickRoom,Protect,HighHorsepower||||||50|,,,,,Fairy]Great Tusk||ChoiceScarf|Protosynthesis|HeadlongRush,CloseCombat,Earthquake,RockSlide||||||50|,,,,,Ground]Flutter Mane||FocusSash|Protosynthesis|Moonblast,ShadowBall,IcyWind,Protect||||||50|,,,,,Fairy]Perrserker||AssaultVest|ToughClaws|FakeOut,KnockOff,IronHead,CloseCombat|||M|||50|,,,,,Ghost\n|inactive|Battle timer is ON: inactive players will automatically lose when time's up. (requested by justtestingforVGC)\n|inactive|goldenchimchar has 60 seconds left.\n|inactive|justtestingforVGC has 60 seconds left.\n|inactive|justtestingforVGC has 30 seconds left.\n|inactive|justtestingforVGC has 20 seconds left.\n|inactive|justtestingforVGC has 15 seconds left.\n|inactive|justtestingforVGC has 10 seconds left.\n|inactive|justtestingforVGC has 5 seconds left.\n|\n|t:|1745958256\n|start\n|switch|p1a: Koraidon|Koraidon, L50|100/100\n|switch|p1b: Incineroar|Incineroar, L50, M|100/100\n|switch|p2a: Flutter Mane|Flutter Mane, L50|100/100\n|switch|p2b: Torkoal|Torkoal, L50, F|100/100\n|-weather|SunnyDay|[from] ability: Orichalcum Pulse|[of] p1a: Koraidon\n|-activate|p2a: Flutter Mane|ability: Protosynthesis\n|-start|p2a: Flutter Mane|protosynthesisspe\n|-activate|p1a: Koraidon|Orichalcum Pulse|[source]\n|-ability|p1b: Incineroar|Intimidate|boost\n|-unboost|p2a: Flutter Mane|atk|1\n|-unboost|p2b: Torkoal|atk|1\n|-enditem|p2b: Torkoal|Eject Pack\n|\n|t:|1745958263\n|switch|p2b: Ho-Oh|Ho-Oh, L50|100/100\n|turn|1\n|\n|t:|1745958284\n|-terastallize|p1a: Koraidon|Fire\n|move|p1b: Incineroar|Fake Out|p2b: Ho-Oh\n|-damage|p2b: Ho-Oh|92/100\n|move|p2a: Flutter Mane|Shadow Ball|p1a: Koraidon\n|-damage|p1a: Koraidon|59/100\n|move|p1a: Koraidon|Flame Charge|p2a: Flutter Mane\n|-enditem|p2a: Flutter Mane|Focus Sash\n|-damage|p2a: Flutter Mane|1/100\n|-boost|p1a: Koraidon|spe|1\n|cant|p2b: Ho-Oh|flinch\n|\n|-weather|SunnyDay|[upkeep]\n|upkeep\n|turn|2\n|\n|t:|1745958305\n|move|p1a: Koraidon|Protect|p1a: Koraidon\n|-singleturn|p1a: Koraidon|Protect\n|move|p2a: Flutter Mane|Moonblast|p1b: Incineroar\n|-damage|p1b: Incineroar|56/100\n|move|p2b: Ho-Oh|Tailwind|p2b: Ho-Oh\n|-sidestart|p2: justtestingforVGC|move: Tailwind\n|move|p1b: Incineroar|Knock Off|p2a: Flutter Mane\n|-damage|p2a: Flutter Mane|0 fnt\n|faint|p2a: Flutter Mane\n|-end|p2a: Flutter Mane|Protosynthesis|[silent]\n|\n|-weather|SunnyDay|[upkeep]\n|upkeep\n|\n|t:|1745958310\n|switch|p2a: Great Tusk|Great Tusk, L50|100/100\n|-activate|p2a: Great Tusk|ability: Protosynthesis\n|-start|p2a: Great Tusk|protosynthesisatk\n|turn|3\n|\n|t:|1745958335\n|switch|p1a: Terapagos|Terapagos, L50, M|100/100\n|-activate|p1a: Terapagos|ability: Tera Shift\n|detailschange|p1a: Terapagos|Terapagos-Terastal, L50, M\n|-heal|p1a: Terapagos|100/100|[silent]\n|-terastallize|p2a: Great Tusk|Ground\n|move|p2a: Great Tusk|Earthquake|p1a: Terapagos|[spread] p1a,p1b\n|-immune|p2b: Ho-Oh\n|-activate|p1a: Terapagos|ability: Tera Shell\n|-resisted|p1a: Terapagos\n|-supereffective|p1b: Incineroar\n|-damage|p1a: Terapagos|71/100\n|-damage|p1b: Incineroar|0 fnt\n|faint|p1b: Incineroar\n|move|p2b: Ho-Oh|Sacred Fire|p1a: Terapagos\n|-damage|p1a: Terapagos|13/100\n|\n|-weather|SunnyDay|[upkeep]\n|-heal|p1a: Terapagos|19/100|[from] item: Leftovers\n|upkeep\n|\n|t:|1745958352\n|switch|p1b: Flutter Mane|Flutter Mane, L50|100/100\n|-activate|p1b: Flutter Mane|ability: Protosynthesis\n|-start|p1b: Flutter Mane|protosynthesisspe\n|turn|4\n|\n|t:|1745958366\n|move|p1b: Flutter Mane|Protect|p1b: Flutter Mane\n|-singleturn|p1b: Flutter Mane|Protect\n|move|p1a: Terapagos|Protect|p1a: Terapagos\n|-singleturn|p1a: Terapagos|Protect\n|move|p2a: Great Tusk|Earthquake|p1b: Flutter Mane|[spread] \n|-activate|p1a: Terapagos|move: Protect\n|-activate|p1b: Flutter Mane|move: Protect\n|-immune|p2b: Ho-Oh\n|move|p2b: Ho-Oh|Sacred Fire|p1b: Flutter Mane\n|-activate|p1b: Flutter Mane|move: Protect\n|\n|-weather|SunnyDay|[upkeep]\n|-heal|p1a: Terapagos|25/100|[from] item: Leftovers\n|upkeep\n|turn|5\n|\n|t:|1745958382\n|-end|p1b: Flutter Mane|Protosynthesis|[silent]\n|switch|p1b: Koraidon|Koraidon, L50, tera:Fire|59/100\n|-activate|p1b: Koraidon|ability: Orichalcum Pulse\n|move|p2a: Great Tusk|Earthquake|p1b: Koraidon|[spread] p1a,p1b\n|-immune|p2b: Ho-Oh\n|-supereffective|p1b: Koraidon\n|-damage|p1a: Terapagos|0 fnt\n|-damage|p1b: Koraidon|0 fnt\n|faint|p1a: Terapagos\n|faint|p1b: Koraidon\n|move|p2b: Ho-Oh|Sacred Fire|p1: Terapagos|[notarget]\n|-fail|p2b: Ho-Oh\n|\n|-weather|none\n|-end|p2a: Great Tusk|Protosynthesis\n|-sideend|p2: justtestingforVGC|move: Tailwind\n|upkeep\n|\n|t:|1745958385\n|switch|p1b: Flutter Mane|Flutter Mane, L50|100/100\n|turn|6\n|-message|goldenchimchar forfeited.\n|\n|win|justtestingforVGC\n|l|\u2606goldenchimchar\n|player|p1|\n||goldenchimchar is ready for game 2.\n||justtestingforVGC is ready for game 2.\n|uhtml|next|Next: <a href=\"/battle-gen9vgc2025regibo3-2353465026\"><strong>Game 2 of 3</strong></a>\n|l|\u2606justtestingforVGC\n|player|p2|\n", "uploadtime": 1745958681, "views": 6, "formatid": "gen9vgc2025regibo3", "rating": null, "private": 0, "password": null}