{"id": "gen9vgc2025regibo3-2353773347", "format": "[Gen 9] VGC 2025 Reg I (Bo3)", "players": ["King_Jamy", "ClayPlayTV"], "log": "|j|\u2606King_Jamy\n|j|\u2606ClayPlayTV\n|html|<table width=\"100%\"><tr><td align=\"left\">King_Jamy</td><td align=\"right\">ClayPlayTV</tr><tr><td align=\"left\"><i class=\"fa fa-circle-o\"></i> <i class=\"fa fa-circle-o\"></i> </td><td align=\"right\"><i class=\"fa fa-circle-o\"></i> <i class=\"fa fa-circle\"></i> </tr></table>\n|uhtml|bestof|<h2><strong>Game 2</strong> of <a href=\"/game-bestof3-gen9vgc2025regibo3-2353772210\">a best-of-3</a></h2>\n|t:|1745997551\n|gametype|doubles\n|player|p1|King_Jamy|lillie|1104\n|player|p2|ClayPlayTV|169|1070\n|teamsize|p1|6\n|teamsize|p2|6\n|gen|9\n|tier|[Gen 9] VGC 2025 Reg I (Bo3)\n|rated|\n|rule|Species Clause: Limit one of each Pok\u00e9mon\n|rule|Item Clause: Limit 1 of each item\n|clearpoke\n|poke|p1|Eternatus, L50|\n|poke|p1|Zamazenta-*, L50|\n|poke|p1|Ogerpon-Hearthflame, L50, F|\n|poke|p1|Roaring Moon, L50|\n|poke|p1|Grimmsnarl, L50, M|\n|poke|p1|Ditto, L50|\n|poke|p2|Miraidon, L50|\n|poke|p2|Lunala, L50|\n|poke|p2|Whimsicott, L50, M|\n|poke|p2|Chi-Yu, L50|\n|poke|p2|Urshifu-*, L50, F|\n|poke|p2|Iron Hands, L50|\n|teampreview|4\n|showteam|p1|Eternatus||Leftovers|Pressure|DynamaxCannon,SludgeBomb,Flamethrower,Protect||||||50|,,,,,Dark]Zamazenta-Crowned||RustedShield|DauntlessShield|BodyPress,IronDefense,HeavySlam,WideGuard||||||50|,,,,,Fire]Ogerpon-Hearthflame||HearthflameMask|MoldBreaker|IvyCudgel,HornLeech,SpikyShield,FollowMe|||F|||50|,,,,,Fire]Roaring Moon||BoosterEnergy|Protosynthesis|Tailwind,KnockOff,Acrobatics,Taunt||||||50|,,,,,Ghost]Grimmsnarl||LightClay|Prankster|Reflect,LightScreen,ThunderWave,SpiritBreak|||M|||50|,,,,,Dark]Ditto||FocusSash|Imposter|Transform||||||50|,,,,,Normal\n|showteam|p2|Miraidon||ChoiceSpecs|HadronEngine|ElectroDrift,VoltSwitch,DracoMeteor,DazzlingGleam||||||50|,,,,,Fairy]Lunala||ElectricSeed|ShadowShield|MoongeistBeam,Psyshock,TrickRoom,WideGuard||||||50|,,,,,Water]Whimsicott||CovertCloak|Prankster|Moonblast,Tailwind,Encore,LightScreen|||M|||50|,,,,,Dark]Chi-Yu||ChoiceScarf|BeadsofRuin|HeatWave,DarkPulse,Overheat,Snarl||||||50|,,,,,Ghost]Urshifu-Rapid-Strike||FocusSash|UnseenFist|SurgingStrikes,CloseCombat,AquaJet,Detect|||F|||50|,,,,,Stellar]Iron Hands||AssaultVest|QuarkDrive|DrainPunch,LowKick,HeavySlam,FakeOut||||||50|,,,,,Water\n|inactive|Battle timer is ON: inactive players will automatically lose when time's up. (requested by King_Jamy)\n|\n|t:|1745997581\n|start\n|switch|p1a: Roaring Moon|Roaring Moon, L50|100/100\n|switch|p1b: Eternatus|Eternatus, L50|100/100\n|switch|p2a: Miraidon|Miraidon, L50|100/100\n|switch|p2b: Chi-Yu|Chi-Yu, L50|100/100\n|-ability|p2b: Chi-Yu|Beads of Ruin\n|-fieldstart|move: Electric Terrain|[from] ability: Hadron Engine|[of] p2a: Miraidon\n|-ability|p1b: Eternatus|Pressure\n|-enditem|p1a: Roaring Moon|Booster Energy\n|-activate|p1a: Roaring Moon|ability: Protosynthesis|[fromitem]\n|-start|p1a: Roaring Moon|protosynthesisspe\n|turn|1\n|inactive|ClayPlayTV has 30 seconds left.\n|\n|t:|1745997607\n|switch|p2a: Lunala|Lunala, L50|100/100\n|-enditem|p2a: Lunala|Electric Seed\n|-boost|p2a: Lunala|def|1|[from] item: Electric Seed\n|move|p1b: Eternatus|Protect|p1b: Eternatus\n|-singleturn|p1b: Eternatus|Protect\n|move|p1a: Roaring Moon|Tailwind|p1a: Roaring Moon\n|-sidestart|p1: King_Jamy|move: Tailwind\n|move|p2b: Chi-Yu|Heat Wave|p1a: Roaring Moon|[spread] p1a\n|-activate|p1b: Eternatus|move: Protect\n|-resisted|p1a: Roaring Moon\n|-damage|p1a: Roaring Moon|75/100\n|-status|p1a: Roaring Moon|brn\n|\n|-damage|p1a: Roaring Moon|69/100 brn|[from] brn\n|upkeep\n|turn|2\n|inactive|ClayPlayTV has 30 seconds left.\n|\n|t:|1745997640\n|move|p1a: Roaring Moon|Taunt|p2a: Lunala\n|-start|p2a: Lunala|move: Taunt\n|move|p1b: Eternatus|Dynamax Cannon|p2b: Chi-Yu\n|-damage|p2b: Chi-Yu|35/100\n|move|p2b: Chi-Yu|Heat Wave|p1a: Roaring Moon|[spread] p1a,p1b\n|-resisted|p1a: Roaring Moon\n|-resisted|p1b: Eternatus\n|-damage|p1a: Roaring Moon|41/100 brn\n|-damage|p1b: Eternatus|78/100\n|move|p2a: Lunala|Psyshock|p1b: Eternatus\n|-supereffective|p1b: Eternatus\n|-damage|p1b: Eternatus|8/100\n|\n|-heal|p1b: Eternatus|14/100|[from] item: Leftovers\n|-damage|p1a: Roaring Moon|35/100 brn|[from] brn\n|upkeep\n|turn|3\n|\n|t:|1745997658\n|switch|p2a: Whimsicott|Whimsicott, L50, M|100/100\n|move|p1a: Roaring Moon|Knock Off|p2a: Whimsicott\n|-resisted|p2a: Whimsicott\n|-damage|p2a: Whimsicott|86/100\n|-enditem|p2a: Whimsicott|Covert Cloak|[from] move: Knock Off|[of] p1a: Roaring Moon\n|move|p1b: Eternatus|Sludge Bomb|p2b: Chi-Yu\n|-damage|p2b: Chi-Yu|0 fnt\n|faint|p2b: Chi-Yu\n|\n|-heal|p1b: Eternatus|20/100|[from] item: Leftovers\n|-damage|p1a: Roaring Moon|29/100 brn|[from] brn\n|upkeep\n|\n|t:|1745997671\n|switch|p2b: Miraidon|Miraidon, L50|100/100\n|-activate|p2b: Miraidon|ability: Hadron Engine\n|turn|4\n|\n|t:|1745997679\n|-terastallize|p2b: Miraidon|Fairy\n|move|p2a: Whimsicott|Tailwind|p2a: Whimsicott\n|-sidestart|p2: ClayPlayTV|move: Tailwind\n|move|p1a: Roaring Moon|Knock Off|p2b: Miraidon\n|-resisted|p2b: Miraidon\n|-crit|p2b: Miraidon\n|-damage|p2b: Miraidon|82/100\n|-enditem|p2b: Miraidon|Choice Specs|[from] move: Knock Off|[of] p1a: Roaring Moon\n|move|p2b: Miraidon|Dazzling Gleam|p1a: Roaring Moon|[spread] p1a,p1b\n|-supereffective|p1a: Roaring Moon\n|-damage|p1a: Roaring Moon|0 fnt\n|-damage|p1b: Eternatus|0 fnt\n|faint|p1a: Roaring Moon\n|-end|p1a: Roaring Moon|Protosynthesis|[silent]\n|faint|p1b: Eternatus\n|\n|-sideend|p1: King_Jamy|move: Tailwind\n|upkeep\n|\n|t:|1745997690\n|switch|p1a: Zamazenta|Zamazenta-Crowned, L50|100/100\n|switch|p1b: Ogerpon|Ogerpon-Hearthflame, L50, F|100/100\n|-ability|p1a: Zamazenta|Dauntless Shield|boost\n|-boost|p1a: Zamazenta|def|1\n|-ability|p1b: Ogerpon|Mold Breaker\n|turn|5\n|inactive|ClayPlayTV has 30 seconds left.\n|\n|t:|1745997719\n|switch|p2a: Lunala|Lunala, L50|100/100\n|move|p1b: Ogerpon|Follow Me|p1b: Ogerpon\n|-singleturn|p1b: Ogerpon|move: Follow Me\n|move|p2b: Miraidon|Draco Meteor|p1b: Ogerpon\n|-damage|p1b: Ogerpon|0 fnt\n|-unboost|p2b: Miraidon|spa|2\n|faint|p1b: Ogerpon\n|move|p1a: Zamazenta|Heavy Slam|p2b: Miraidon\n|-supereffective|p2b: Miraidon\n|-damage|p2b: Miraidon|18/100\n|\n|-fieldend|move: Electric Terrain\n|upkeep\n|turn|6\n|-message|King_Jamy forfeited.\n|\n|win|ClayPlayTV\n|raw|King_Jamy's rating: 1104 &rarr; <strong>1077</strong><br />(-27 for losing)\n|raw|ClayPlayTV's rating: 1070 &rarr; <strong>1102</strong><br />(+32 for winning)\n|l|\u2606King_Jamy\n|player|p1|\n", "uploadtime": 1745997774, "views": 9, "formatid": "gen9vgc2025regibo3", "rating": 1077, "private": 0, "password": null}