{"id": "gen9vgc2025regibo3-2353746158", "format": "[Gen 9] VGC 2025 Reg I (Bo3)", "players": ["relooo", "Mean tweets"], "log": "|j|\u2606relooo\n|j|\u2606Mean tweets\n|html|<table width=\"100%\"><tr><td align=\"left\">relooo</td><td align=\"right\">Mean tweets</tr><tr><td align=\"left\"><i class=\"fa fa-circle-o\"></i> <i class=\"fa fa-circle-o\"></i> </td><td align=\"right\"><i class=\"fa fa-circle-o\"></i> <i class=\"fa fa-circle-o\"></i> </tr></table>\n|uhtml|bestof|<h2><strong>Game 1</strong> of <a href=\"/game-bestof3-gen9vgc2025regibo3-2353746157\">a best-of-3</a></h2>\n|t:|1745992845\n|gametype|doubles\n|player|p1|relooo|170|1109\n|player|p2|Mean tweets|265|1097\n|teamsize|p1|6\n|teamsize|p2|6\n|gen|9\n|tier|[Gen 9] VGC 2025 Reg I (Bo3)\n|rated|\n|rule|Species Clause: Limit one of each Pok\u00e9mon\n|rule|Item Clause: Limit 1 of each item\n|clearpoke\n|poke|p1|Miraidon, L50|\n|poke|p1|Koraidon, L50|\n|poke|p1|Farigiraf, L50, M|\n|poke|p1|Incineroar, L50, F|\n|poke|p1|Flutter Mane, L50|\n|poke|p1|Iron Boulder, L50|\n|poke|p2|Calyrex-Shadow, L50|\n|poke|p2|Tornadus, L50, M|\n|poke|p2|Rillaboom, L50, M|\n|poke|p2|Zamazenta-*, L50|\n|poke|p2|Chien-Pao, L50|\n|poke|p2|Urshifu-*, L50, F|\n|teampreview|4\n|showteam|p1|Miraidon||ChoiceSpecs|HadronEngine|ElectroDrift,VoltSwitch,DazzlingGleam,DracoMeteor||||||50|,,,,,Fairy]Koraidon||LifeOrb|OrichalcumPulse|FlareBlitz,FlameCharge,CloseCombat,Protect||||||50|,,,,,Fire]Farigiraf||ElectricSeed|ArmorTail|TrickRoom,HelpingHand,GrassKnot,ThunderWave|||M|||50|,,,,,Grass]Incineroar||RockyHelmet|Intimidate|FakeOut,PartingShot,WillOWisp,KnockOff|||F|||50|,,,,,Ghost]Flutter Mane||FocusSash|Protosynthesis|Moonblast,ShadowBall,IcyWind,Protect||||||50|,,,,,Stellar]Iron Boulder||ChoiceBand|QuarkDrive|MightyCleave,PsychoCut,SacredSword,ThroatChop||||||50|,,,,,Dark\n|showteam|p2|Calyrex-Shadow||FocusSash|AsOneSpectrier|AstralBarrage,GigaDrain,NastyPlot,Protect||||||50|,,,,,Grass]Tornadus||CovertCloak|Prankster|Tailwind,RainDance,BleakwindStorm,Taunt|||M|||50|,,,,,Dark]Rillaboom||AssaultVest|GrassySurge|FakeOut,GrassyGlide,WoodHammer,Uturn|||M|||50|,,,,,Fire]Zamazenta-Crowned||RustedShield|DauntlessShield|WideGuard,Protect,behemothbash,BodyPress||||||50|,,,,,Dragon]Chien-Pao||LifeOrb|SwordofRuin|SuckerPunch,IceShard,IcicleCrash,Protect||||||50|,,,,,Stellar]Urshifu-Rapid-Strike||MysticWater|UnseenFist|SurgingStrikes,CloseCombat,Protect,AquaJet|||F|||50|,,,,,Water\n|inactive|Battle timer is ON: inactive players will automatically lose when time's up. (requested by Mean tweets)\n|\n|t:|1745992897\n|start\n|switch|p1a: Koraidon|Koraidon, L50|100/100\n|switch|p1b: Flutter Mane|Flutter Mane, L50|100/100\n|switch|p2a: Calyrex|Calyrex-Shadow, L50|100/100\n|switch|p2b: Tornadus|Tornadus, L50, M|100/100\n|-ability|p2a: Calyrex|As One\n|-ability|p2a: Calyrex|Unnerve\n|-weather|SunnyDay|[from] ability: Orichalcum Pulse|[of] p1a: Koraidon\n|-activate|p1b: Flutter Mane|ability: Protosynthesis\n|-start|p1b: Flutter Mane|protosynthesisspe\n|-activate|p1a: Koraidon|Orichalcum Pulse|[source]\n|turn|1\n|inactive|relooo has 30 seconds left.\n|\n|t:|1745992923\n|move|p2b: Tornadus|Rain Dance|p2b: Tornadus\n|-weather|RainDance\n|-end|p1b: Flutter Mane|Protosynthesis\n|move|p2a: Calyrex|Astral Barrage|p1b: Flutter Mane|[spread] p1a,p1b\n|-supereffective|p1b: Flutter Mane\n|-damage|p1a: Koraidon|47/100\n|-enditem|p1b: Flutter Mane|Focus Sash\n|-damage|p1b: Flutter Mane|1/100\n|move|p1a: Koraidon|Flame Charge|p2b: Tornadus\n|-damage|p2b: Tornadus|86/100\n|-boost|p1a: Koraidon|spe|1\n|-damage|p1a: Koraidon|38/100|[from] item: Life Orb\n|move|p1b: Flutter Mane|Icy Wind|p2a: Calyrex|[spread] p2a,p2b\n|-supereffective|p2b: Tornadus\n|-damage|p2a: Calyrex|86/100\n|-damage|p2b: Tornadus|52/100\n|-unboost|p2a: Calyrex|spe|1\n|\n|-weather|RainDance|[upkeep]\n|upkeep\n|turn|2\n|\n|t:|1745992948\n|switch|p2a: Urshifu|Urshifu-Rapid-Strike, L50, F|100/100\n|move|p1a: Koraidon|Protect|p1a: Koraidon\n|-singleturn|p1a: Koraidon|Protect\n|move|p2b: Tornadus|Tailwind|p2b: Tornadus\n|-sidestart|p2: Mean tweets|move: Tailwind\n|move|p1b: Flutter Mane|Icy Wind|p2b: Tornadus|[spread] p2a,p2b\n|-resisted|p2a: Urshifu\n|-supereffective|p2b: Tornadus\n|-damage|p2a: Urshifu|91/100\n|-damage|p2b: Tornadus|15/100\n|-unboost|p2a: Urshifu|spe|1\n|\n|-weather|RainDance|[upkeep]\n|upkeep\n|turn|3\n|inactive|relooo has 30 seconds left.\n|\n|t:|1745992977\n|-terastallize|p1a: Koraidon|Fire\n|move|p2a: Urshifu|Aqua Jet|p1b: Flutter Mane\n|-damage|p1b: Flutter Mane|0 fnt\n|faint|p1b: Flutter Mane\n|-end|p1b: Flutter Mane|Protosynthesis|[silent]\n|move|p2b: Tornadus|Bleakwind Storm|p1a: Koraidon\n|-damage|p1a: Koraidon|0 fnt\n|faint|p1a: Koraidon\n|\n|-weather|RainDance|[upkeep]\n|upkeep\n|\n|t:|1745992988\n|switch|p1a: Miraidon|Miraidon, L50|100/100\n|switch|p1b: Iron Boulder|Iron Boulder, L50|100/100\n|-fieldstart|move: Electric Terrain|[from] ability: Hadron Engine|[of] p1a: Miraidon\n|-activate|p1b: Iron Boulder|ability: Quark Drive\n|-start|p1b: Iron Boulder|quarkdrivespe\n|turn|4\n|inactive|relooo has 30 seconds left.\n|\n|t:|1745993021\n|switch|p2a: Rillaboom|Rillaboom, L50, M, shiny|100/100\n|-fieldstart|move: Grassy Terrain|[from] ability: Grassy Surge|[of] p2a: Rillaboom\n|-end|p1b: Iron Boulder|Quark Drive\n|move|p2b: Tornadus|Bleakwind Storm|p1a: Miraidon|[spread] p1a,p1b\n|-resisted|p1a: Miraidon\n|-resisted|p1b: Iron Boulder\n|-damage|p1a: Miraidon|86/100\n|-damage|p1b: Iron Boulder|86/100\n|-unboost|p1b: Iron Boulder|spe|1\n|move|p1a: Miraidon|Electro Drift|p2b: Tornadus\n|-supereffective|p2b: Tornadus\n|-damage|p2b: Tornadus|0 fnt\n|faint|p2b: Tornadus\n|move|p1b: Iron Boulder|Psycho Cut|p2a: Rillaboom\n|-damage|p2a: Rillaboom|55/100\n|\n|-weather|RainDance|[upkeep]\n|-heal|p2a: Rillaboom|61/100|[from] Grassy Terrain\n|-heal|p1a: Miraidon|92/100|[from] Grassy Terrain\n|-heal|p1b: Iron Boulder|92/100|[from] Grassy Terrain\n|upkeep\n|\n|t:|1745993040\n|switch|p2b: Calyrex|Calyrex-Shadow, L50|86/100\n|-ability|p2b: Calyrex|As One\n|-ability|p2b: Calyrex|Unnerve\n|turn|5\n|\n|t:|1745993048\n|move|p2a: Rillaboom|Fake Out|p1a: Miraidon\n|-damage|p1a: Miraidon|80/100\n|move|p2b: Calyrex|Astral Barrage|p1b: Iron Boulder|[spread] p1a,p1b\n|-supereffective|p1b: Iron Boulder\n|-damage|p1a: Miraidon|35/100\n|-damage|p1b: Iron Boulder|0 fnt\n|faint|p1b: Iron Boulder\n|-end|p1b: Iron Boulder|Quark Drive|[silent]\n|-ability|p2b: Calyrex|Grim Neigh|boost\n|-boost|p2b: Calyrex|spa|1\n|cant|p1a: Miraidon|flinch\n|\n|-weather|none\n|-heal|p2b: Calyrex|92/100|[from] Grassy Terrain\n|-heal|p2a: Rillaboom|67/100|[from] Grassy Terrain\n|-heal|p1a: Miraidon|41/100|[from] Grassy Terrain\n|-sideend|p2: Mean tweets|move: Tailwind\n|upkeep\n|turn|6\n|\n|t:|1745993063\n|move|p2a: Rillaboom|Grassy Glide|p1a: Miraidon\n|-resisted|p1a: Miraidon\n|-damage|p1a: Miraidon|25/100\n|move|p2b: Calyrex|Astral Barrage|p1a: Miraidon\n|-damage|p1a: Miraidon|0 fnt\n|faint|p1a: Miraidon\n|\n|win|Mean tweets\n||relooo is ready for game 2.\n|inactive|Mean tweets has 30 seconds to confirm battle start!\n|l|\u2606Mean tweets\n|player|p2|\n||Mean tweets is ready for game 2.\n|uhtml|next|Next: <a href=\"/battle-gen9vgc2025regibo3-2353747381\"><strong>Game 2 of 3</strong></a>\n", "uploadtime": 1745993393, "views": 6, "formatid": "gen9vgc2025regibo3", "rating": null, "private": 0, "password": null}