{"id": "gen9vgc2025regibo3-2353827585", "format": "[Gen 9] VGC 2025 Reg I (Bo3)", "players": ["Bug master LG", "Sakura\u306eNyx"], "log": "|j|\u2606Bug master LG\n|j|\u2606Sakura\u306eNyx\n|html|<table width=\"100%\"><tr><td align=\"left\">Bug master LG</td><td align=\"right\">Sakura\u306eNyx</tr><tr><td align=\"left\"><i class=\"fa fa-circle-o\"></i> <i class=\"fa fa-circle-o\"></i> </td><td align=\"right\"><i class=\"fa fa-circle-o\"></i> <i class=\"fa fa-circle\"></i> </tr></table>\n|uhtml|bestof|<h2><strong>Game 2</strong> of <a href=\"/game-bestof3-gen9vgc2025regibo3-2353825531\">a best-of-3</a></h2>\n|t:|1746006602\n|gametype|doubles\n|player|p1|Bug master LG|bugcatcher-gen4dp|1031\n|player|p2|Sakura\u306eNyx|2|1078\n|teamsize|p1|6\n|teamsize|p2|6\n|gen|9\n|tier|[Gen 9] VGC 2025 Reg I (Bo3)\n|rated|\n|rule|Species Clause: Limit one of each Pok\u00e9mon\n|rule|Item Clause: Limit 1 of each item\n|clearpoke\n|poke|p1|Ogerpon-Cornerstone, L50, F|\n|poke|p1|Lunala, L50|\n|poke|p1|Zamazenta-*, L50|\n|poke|p1|Tornadus, L50, M|\n|poke|p1|Brute Bonnet, L50|\n|poke|p1|Arcanine-Hisui, L50, F|\n|poke|p2|Lunala, L50|\n|poke|p2|Eternatus, L50|\n|poke|p2|Indeedee-F, L50, F|\n|poke|p2|Rillaboom, L50, F|\n|poke|p2|Incineroar, L50, M|\n|poke|p2|Thundurus, L50, M|\n|teampreview|4\n|showteam|p1|Ogerpon-Cornerstone||CornerstoneMask|Sturdy|FollowMe,SpikyShield,HornLeech,IvyCudgel|||F|||50|,,,,,Rock]Lunala||PowerHerb|ShadowShield|MeteorBeam,MoongeistBeam,Psychic,Moonlight||||||50|,,,,,Rock]Zamazenta-Crowned||RustedShield|DauntlessShield|IronDefense,BodyPress,behemothbash,WideGuard||||||50|,,,,,Dragon]Tornadus||CovertCloak|Prankster|Taunt,Sandstorm,BleakwindStorm,Tailwind|||M|||50|,,,,,Dark]Brute Bonnet||BoosterEnergy|Protosynthesis|SuckerPunch,Spore,SeedBomb,Protect||||||50|,,,,,Poison]Arcanine-Hisui||MirrorHerb|Intimidate|FlareBlitz,RockSlide,ExtremeSpeed,HelpingHand|||F|||50|,,,,,Fairy\n|showteam|p2|Lunala||Leftovers|ShadowShield|Protect,CalmMind,ExpandingForce,MoongeistBeam||||||50|,,,,,Fairy]Eternatus||LifeOrb|Pressure|DynamaxCannon,SludgeBomb,Protect,Recover||||||50|,,,,,Fairy]Indeedee-F||PsychicSeed|PsychicSurge|FollowMe,Psychic,HelpingHand,Protect|||F|||50|,,,,,Grass]Rillaboom||AssaultVest|GrassySurge|FakeOut,Uturn,WoodHammer,HighHorsepower|||F|||50|,,,,,Fire]Incineroar||RockyHelmet|Intimidate|FakeOut,PartingShot,KnockOff,WillOWisp|||M|||50|,,,,,Ghost]Thundurus||CovertCloak|Prankster|RainDance,Taunt,EerieImpulse,Thunderbolt|||M|||50|,,,,,Dark\n|inactive|Battle timer is ON: inactive players will automatically lose when time's up. (requested by Sakura\u306eNyx)\n|\n|t:|1746006629\n|start\n|switch|p1a: Tornadus|Tornadus, L50, M|100/100\n|switch|p1b: Lunala|Lunala, L50|100/100\n|switch|p2a: Lunala|Lunala, L50|100/100\n|switch|p2b: Thundurus|Thundurus, L50, M|100/100\n|turn|1\n|inactive|Bug master LG has 30 seconds left.\n|inactive|Sakura\u306eNyx has 30 seconds left.\n|inactive|Sakura\u306eNyx has 20 seconds left.\n|inactive|Sakura\u306eNyx has 15 seconds left.\n|inactive|Sakura\u306eNyx has 10 seconds left.\n|\n|t:|1746006675\n|-terastallize|p1b: Lunala|Rock\n|move|p1a: Tornadus|Sandstorm|p1a: Tornadus\n|-weather|Sandstorm\n|move|p2b: Thundurus|Taunt|p1b: Lunala\n|-start|p1b: Lunala|move: Taunt\n|move|p1b: Lunala|Meteor Beam||[still]\n|-prepare|p1b: Lunala|Meteor Beam\n|-boost|p1b: Lunala|spa|1\n|-enditem|p1b: Lunala|Power Herb\n|-anim|p1b: Lunala|Meteor Beam|p2b: Thundurus\n|-supereffective|p2b: Thundurus\n|-damage|p2b: Thundurus|0 fnt\n|faint|p2b: Thundurus\n|move|p2a: Lunala|Moongeist Beam|p1b: Lunala\n|-damage|p1b: Lunala|86/100\n|\n|-weather|Sandstorm|[upkeep]\n|-damage|p1a: Tornadus|95/100|[from] Sandstorm\n|-damage|p2a: Lunala|94/100|[from] Sandstorm\n|-heal|p2a: Lunala|100/100|[from] item: Leftovers\n|upkeep\n|\n|t:|1746006695\n|switch|p2b: Indeedee|Indeedee-F, L50, F|100/100\n|-fieldstart|move: Psychic Terrain|[from] ability: Psychic Surge|[of] p2b: Indeedee\n|-enditem|p2b: Indeedee|Psychic Seed\n|-boost|p2b: Indeedee|spd|1|[from] item: Psychic Seed\n|turn|2\n|inactive|Bug master LG has 30 seconds left.\n|\n|t:|1746006727\n|switch|p1a: Brute Bonnet|Brute Bonnet, L50|100/100\n|-enditem|p1a: Brute Bonnet|Booster Energy\n|-activate|p1a: Brute Bonnet|ability: Protosynthesis|[fromitem]\n|-start|p1a: Brute Bonnet|protosynthesisspd\n|-terastallize|p2a: Lunala|Fairy\n|move|p2b: Indeedee|Follow Me|p2b: Indeedee\n|-singleturn|p2b: Indeedee|move: Follow Me\n|move|p1b: Lunala|Psychic|p2b: Indeedee\n|-resisted|p2b: Indeedee\n|-damage|p2b: Indeedee|70/100\n|move|p2a: Lunala|Expanding Force|p1a: Brute Bonnet|[spread] p1b\n|-immune|p1a: Brute Bonnet\n|-damage|p1b: Lunala|49/100\n|\n|-weather|Sandstorm|[upkeep]\n|-damage|p2a: Lunala|94/100|[from] Sandstorm\n|-damage|p2b: Indeedee|64/100|[from] Sandstorm\n|-damage|p1a: Brute Bonnet|95/100|[from] Sandstorm\n|-heal|p2a: Lunala|100/100|[from] item: Leftovers\n|upkeep\n|turn|3\n|inactive|Bug master LG has 30 seconds left.\n|inactive|Sakura\u306eNyx has 30 seconds left.\n|\n|t:|1746006758\n|move|p2b: Indeedee|Follow Me|p2b: Indeedee\n|-singleturn|p2b: Indeedee|move: Follow Me\n|move|p1b: Lunala|Psychic|p2b: Indeedee\n|-resisted|p2b: Indeedee\n|-damage|p2b: Indeedee|32/100\n|move|p2a: Lunala|Moongeist Beam|p1b: Lunala\n|-damage|p1b: Lunala|16/100\n|move|p1a: Brute Bonnet|Seed Bomb|p2b: Indeedee\n|-damage|p2b: Indeedee|0 fnt\n|faint|p2b: Indeedee\n|\n|-weather|Sandstorm|[upkeep]\n|-damage|p2a: Lunala|94/100|[from] Sandstorm\n|-damage|p1a: Brute Bonnet|89/100|[from] Sandstorm\n|-heal|p2a: Lunala|100/100|[from] item: Leftovers\n|-end|p1b: Lunala|move: Taunt\n|upkeep\n|\n|t:|1746006773\n|switch|p2b: Eternatus|Eternatus, L50|100/100\n|-ability|p2b: Eternatus|Pressure\n|turn|4\n|inactive|Bug master LG has 30 seconds left.\n|\n|t:|1746006805\n|move|p2b: Eternatus|Sludge Bomb|p1a: Brute Bonnet\n|-supereffective|p1a: Brute Bonnet\n|-damage|p1a: Brute Bonnet|17/100\n|-status|p1a: Brute Bonnet|psn\n|-damage|p2b: Eternatus|90/100|[from] item: Life Orb\n|move|p1b: Lunala|Psychic|p2b: Eternatus\n|-supereffective|p2b: Eternatus\n|-damage|p2b: Eternatus|0 fnt\n|faint|p2b: Eternatus\n|move|p2a: Lunala|Moongeist Beam|p1b: Lunala\n|-damage|p1b: Lunala|0 fnt\n|faint|p1b: Lunala\n|move|p1a: Brute Bonnet|Spore|p2a: Lunala\n|-status|p2a: Lunala|slp|[from] move: Spore\n|\n|-weather|Sandstorm|[upkeep]\n|-damage|p2a: Lunala|94/100 slp|[from] Sandstorm\n|-damage|p1a: Brute Bonnet|11/100 psn|[from] Sandstorm\n|-heal|p2a: Lunala|100/100 slp|[from] item: Leftovers\n|-damage|p1a: Brute Bonnet|0 fnt|[from] psn\n|faint|p1a: Brute Bonnet\n|-end|p1a: Brute Bonnet|Protosynthesis|[silent]\n|upkeep\n|\n|t:|1746006817\n|switch|p1b: Tornadus|Tornadus, L50, M|95/100\n|switch|p1a: Arcanine|Arcanine-Hisui, L50, F|100/100\n|-ability|p1a: Arcanine|Intimidate|boost\n|-unboost|p2a: Lunala|atk|1\n|turn|5\n|\n|t:|1746006831\n|cant|p2a: Lunala|slp\n|move|p1b: Tornadus|Bleakwind Storm|p2a: Lunala\n|-damage|p2a: Lunala|83/100 slp\n|move|p1a: Arcanine|Flare Blitz|p2a: Lunala\n|-damage|p2a: Lunala|39/100 slp\n|-damage|p1a: Arcanine|82/100|[from] Recoil\n|\n|-weather|none\n|-heal|p2a: Lunala|45/100 slp|[from] item: Leftovers\n|upkeep\n|turn|6\n|\n|t:|1746006842\n|-curestatus|p2a: Lunala|slp|[msg]\n|move|p2a: Lunala|Protect|p2a: Lunala\n|-singleturn|p2a: Lunala|Protect\n|move|p1b: Tornadus|Bleakwind Storm|p2a: Lunala\n|-activate|p2a: Lunala|move: Protect\n|move|p1a: Arcanine|Flare Blitz|p2a: Lunala\n|-activate|p2a: Lunala|move: Protect\n|\n|-heal|p2a: Lunala|51/100|[from] item: Leftovers\n|-fieldend|move: Psychic Terrain\n|upkeep\n|turn|7\n|\n|t:|1746006857\n|move|p1b: Tornadus|Bleakwind Storm|p2a: Lunala\n|-damage|p2a: Lunala|16/100\n|move|p1a: Arcanine|Flare Blitz|p2a: Lunala\n|-damage|p2a: Lunala|0 fnt\n|faint|p2a: Lunala\n|-damage|p1a: Arcanine|75/100|[from] Recoil\n|\n|win|Bug master LG\n||Bug master LG is ready for game 3.\n||Sakura\u306eNyx is ready for game 3.\n|uhtml|next|Next: <a href=\"/battle-gen9vgc2025regibo3-2353829288\"><strong>Game 3 of 3</strong></a>\n|l|\u2606Bug master LG\n|player|p1|\n", "uploadtime": 1746007239, "views": 6, "formatid": "gen9vgc2025regibo3", "rating": null, "private": 0, "password": null}