{"id": "gen9vgc2025regibo3-2354156605", "format": "[Gen 9] VGC 2025 Reg I (Bo3)", "players": ["aC0ldTurkey", "lexical2029"], "log": "|j|\u2606aC0ldTurkey\n|j|\u2606lexical2029\n|html|<table width=\"100%\"><tr><td align=\"left\">aC0ldTurkey</td><td align=\"right\">lexical2029</tr><tr><td align=\"left\"><i class=\"fa fa-circle\"></i> <i class=\"fa fa-circle-o\"></i> </td><td align=\"right\"><i class=\"fa fa-circle-o\"></i> <i class=\"fa fa-circle-o\"></i> </tr></table>\n|uhtml|bestof|<h2><strong>Game 2</strong> of <a href=\"/game-bestof3-gen9vgc2025regibo3-2354153343\">a best-of-3</a></h2>\n|t:|1746039771\n|gametype|doubles\n|player|p1|aC0ldTurkey|1|1040\n|player|p2|lexical2029|skierf-gen4dp|1075\n|teamsize|p1|6\n|teamsize|p2|6\n|gen|9\n|tier|[Gen 9] VGC 2025 Reg I (Bo3)\n|rated|\n|rule|Species Clause: Limit one of each Pok\u00e9mon\n|rule|Item Clause: Limit 1 of each item\n|clearpoke\n|poke|p1|Zamazenta-*, L50|\n|poke|p1|Calyrex-Shadow, L50|\n|poke|p1|Tornadus, L50, M|\n|poke|p1|Urshifu-*, L50, F|\n|poke|p1|Rillaboom, L50, F|\n|poke|p1|Chien-Pao, L50|\n|poke|p2|Kyogre, L50|\n|poke|p2|Archaludon, L50, M|\n|poke|p2|Ogerpon-Cornerstone, L50, F|\n|poke|p2|Rillaboom, L50, M|\n|poke|p2|Lunala, L50|\n|poke|p2|Incineroar, L50, M|\n|teampreview|4\n|showteam|p1|Zamazenta-Crowned||RustedShield|DauntlessShield|BodyPress,HeavySlam,WideGuard,Protect||||||50|,,,,,Ghost]Calyrex-Shadow||FocusSash|AsOneSpectrier|AstralBarrage,Psychic,Encore,Protect||||||50|,,,,,Ghost]Tornadus||RockyHelmet|Prankster|BleakwindStorm,Tailwind,RainDance,Protect|||M|||50|,,,,,Dark]Urshifu-Rapid-Strike||MysticWater|UnseenFist|SurgingStrikes,CloseCombat,AquaJet,Detect|||F|||50|,,,,,Water]Rillaboom||AssaultVest|GrassySurge|FakeOut,GrassyGlide,WoodHammer,Uturn|||F|||50|,,,,,Fire]Chien-Pao||LifeOrb|SwordofRuin|SuckerPunch,IcicleCrash,IceShard,Protect||||||50|,,,,,Stellar\n|showteam|p2|Kyogre||Leftovers|Drizzle|WaterSpout,OriginPulse,Protect,Thunder||||||50|,,,,,Grass]Archaludon||LifeOrb|Stamina|ElectroShot,DracoMeteor,FlashCannon,Protect|||M|||50|,,,,,Electric]Ogerpon-Cornerstone||CornerstoneMask|Sturdy|FollowMe,SpikyShield,IvyCudgel,HornLeech|||F|||50|,,,,,Rock]Rillaboom||AssaultVest|GrassySurge|FakeOut,GrassyGlide,WoodHammer,Uturn|||M|||50|,,,,,Fire]Lunala||PowerHerb|ShadowShield|MoongeistBeam,MeteorBeam,TrickRoom,WideGuard||||||50|,,,,,Dark]Incineroar||SafetyGoggles|Intimidate|FakeOut,WillOWisp,PartingShot,FlareBlitz|||M|||50|,,,,,Ghost\n|\n|t:|1746039790\n|start\n|switch|p1a: Rillaboom|Rillaboom, L50, F|100/100\n|switch|p1b: Urshifu|Urshifu-Rapid-Strike, L50, F|100/100\n|switch|p2a: Lunala|Lunala, L50|100/100\n|switch|p2b: Ogerpon|Ogerpon-Cornerstone, L50, F|100/100\n|-fieldstart|move: Grassy Terrain|[from] ability: Grassy Surge|[of] p1a: Rillaboom\n|turn|1\n|\n|t:|1746039806\n|switch|p2a: Archaludon|Archaludon, L50, M, shiny|100/100\n|move|p1b: Urshifu|Surging Strikes|p2b: Ogerpon\n|-crit|p2b: Ogerpon\n|-damage|p2b: Ogerpon|70/100\n|-crit|p2b: Ogerpon\n|-damage|p2b: Ogerpon|39/100\n|-crit|p2b: Ogerpon\n|-damage|p2b: Ogerpon|12/100\n|-hitcount|p2b: Ogerpon|3\n|move|p2b: Ogerpon|Horn Leech|p1b: Urshifu\n|-supereffective|p1b: Urshifu\n|-damage|p1b: Urshifu|0 fnt\n|-heal|p2b: Ogerpon|64/100|[from] drain|[of] p1b: Urshifu\n|faint|p1b: Urshifu\n|move|p1a: Rillaboom|U-turn|p2a: Archaludon\n|-resisted|p2a: Archaludon\n|-damage|p2a: Archaludon|91/100\n|-ability|p2a: Archaludon|Stamina|boost\n|-boost|p2a: Archaludon|def|1\n|\n|t:|1746039827\n|switch|p1a: Zamazenta|Zamazenta-Crowned, L50|100/100|[from] U-turn\n|-ability|p1a: Zamazenta|Dauntless Shield|boost\n|-boost|p1a: Zamazenta|def|1\n|\n|-heal|p2b: Ogerpon|70/100|[from] Grassy Terrain\n|-heal|p2a: Archaludon|97/100|[from] Grassy Terrain\n|upkeep\n|\n|t:|1746039833\n|switch|p1b: Calyrex|Calyrex-Shadow, L50|100/100\n|-ability|p1b: Calyrex|As One\n|-ability|p1b: Calyrex|Unnerve\n|turn|2\n|\n|t:|1746039842\n|-terastallize|p1b: Calyrex|Ghost\n|move|p2b: Ogerpon|Spiky Shield|p2b: Ogerpon\n|-singleturn|p2b: Ogerpon|move: Protect\n|move|p1b: Calyrex|Astral Barrage|p2b: Ogerpon|[spread] p2a\n|-activate|p2b: Ogerpon|move: Protect\n|-damage|p2a: Archaludon|13/100\n|-ability|p2a: Archaludon|Stamina|boost\n|-boost|p2a: Archaludon|def|1\n|move|p1a: Zamazenta|Body Press|p2b: Ogerpon\n|-activate|p2b: Ogerpon|move: Protect\n|-damage|p1a: Zamazenta|88/100|[from] Spiky Shield|[of] p2b: Ogerpon\n|move|p2a: Archaludon|Flash Cannon|p1b: Calyrex\n|-damage|p1b: Calyrex|58/100\n|-damage|p2a: Archaludon|3/100|[from] item: Life Orb\n|\n|-heal|p1b: Calyrex|64/100|[from] Grassy Terrain\n|-heal|p1a: Zamazenta|94/100|[from] Grassy Terrain\n|-heal|p2b: Ogerpon|76/100|[from] Grassy Terrain\n|-heal|p2a: Archaludon|9/100|[from] Grassy Terrain\n|upkeep\n|turn|3\n|\n|t:|1746039864\n|move|p1b: Calyrex|Astral Barrage|p2a: Archaludon|[spread] p2a,p2b\n|-damage|p2a: Archaludon|0 fnt\n|-damage|p2b: Ogerpon|11/100\n|faint|p2a: Archaludon\n|-ability|p1b: Calyrex|Grim Neigh|boost\n|-boost|p1b: Calyrex|spa|1\n|move|p1a: Zamazenta|Body Press|p2b: Ogerpon\n|-supereffective|p2b: Ogerpon\n|-damage|p2b: Ogerpon|0 fnt\n|faint|p2b: Ogerpon\n|\n|-heal|p1b: Calyrex|70/100|[from] Grassy Terrain\n|-heal|p1a: Zamazenta|100/100|[from] Grassy Terrain\n|upkeep\n|\n|t:|1746039867\n|switch|p2b: Lunala|Lunala, L50|100/100\n|switch|p2a: Kyogre|Kyogre, L50, shiny|100/100\n|-weather|RainDance|[from] ability: Drizzle|[of] p2a: Kyogre\n|turn|4\n|\n|t:|1746039889\n|-terastallize|p2b: Lunala|Dark\n|move|p1b: Calyrex|Astral Barrage|p2a: Kyogre|[spread] p2a,p2b\n|-resisted|p2b: Lunala\n|-damage|p2a: Kyogre|33/100\n|-damage|p2b: Lunala|84/100\n|move|p1a: Zamazenta|Heavy Slam|p2b: Lunala\n|-damage|p2b: Lunala|47/100\n|move|p2b: Lunala|Meteor Beam||[still]\n|-prepare|p2b: Lunala|Meteor Beam\n|-boost|p2b: Lunala|spa|1\n|-enditem|p2b: Lunala|Power Herb\n|-anim|p2b: Lunala|Meteor Beam|p1b: Calyrex\n|-damage|p1b: Calyrex|5/100\n|move|p2a: Kyogre|Origin Pulse|p1b: Calyrex|[spread] p1a,p1b\n|-damage|p1a: Zamazenta|58/100\n|-damage|p1b: Calyrex|0 fnt\n|faint|p1b: Calyrex\n|\n|-weather|RainDance|[upkeep]\n|-heal|p1a: Zamazenta|64/100|[from] Grassy Terrain\n|-heal|p2b: Lunala|53/100|[from] Grassy Terrain\n|-heal|p2a: Kyogre|39/100|[from] Grassy Terrain\n|-heal|p2a: Kyogre|45/100|[from] item: Leftovers\n|upkeep\n|\n|t:|1746039909\n|switch|p1b: Rillaboom|Rillaboom, L50, F|100/100\n|turn|5\n|\n|t:|1746039918\n|move|p1b: Rillaboom|Fake Out|p2b: Lunala\n|-damage|p2b: Lunala|43/100\n|move|p1a: Zamazenta|Body Press|p2a: Kyogre\n|-damage|p2a: Kyogre|0 fnt\n|faint|p2a: Kyogre\n|cant|p2b: Lunala|flinch\n|\n|-weather|RainDance|[upkeep]\n|-heal|p1a: Zamazenta|70/100|[from] Grassy Terrain\n|-heal|p2b: Lunala|49/100|[from] Grassy Terrain\n|-fieldend|move: Grassy Terrain\n|upkeep\n|turn|6\n|-message|lexical2029 forfeited.\n|\n|win|aC0ldTurkey\n|raw|aC0ldTurkey's rating: 1040 &rarr; <strong>1077</strong><br />(+37 for winning)\n|raw|lexical2029's rating: 1075 &rarr; <strong>1052</strong><br />(-23 for losing)\n|l|\u2606lexical2029\n|player|p2|\n", "uploadtime": 1746039934, "views": 12, "formatid": "gen9vgc2025regibo3", "rating": 1052, "private": 0, "password": null}