{"id": "gen9vgc2025regibo3-2353916999", "format": "[Gen 9] VGC 2025 Reg I (Bo3)", "players": ["Pokenube66", "PEKORA999"], "log": "|j|\u2606Pokenube66\n|j|\u2606PEKORA999\n|html|<table width=\"100%\"><tr><td align=\"left\">Pokenube66</td><td align=\"right\">PEKORA999</tr><tr><td align=\"left\"><i class=\"fa fa-circle-o\"></i> <i class=\"fa fa-circle-o\"></i> </td><td align=\"right\"><i class=\"fa fa-circle-o\"></i> <i class=\"fa fa-circle-o\"></i> </tr></table>\n|uhtml|bestof|<h2><strong>Game 1</strong> of <a href=\"/game-bestof3-gen9vgc2025regibo3-2353916998\">a best-of-3</a></h2>\n|t:|1746018604\n|gametype|doubles\n|player|p1|Pokenube66|265|1159\n|player|p2|PEKORA999|265|1299\n|teamsize|p1|6\n|teamsize|p2|6\n|gen|9\n|tier|[Gen 9] VGC 2025 Reg I (Bo3)\n|rated|\n|rule|Species Clause: Limit one of each Pok\u00e9mon\n|rule|Item Clause: Limit 1 of each item\n|clearpoke\n|poke|p1|Koraidon, L50|\n|poke|p1|Incineroar, L50, F|\n|poke|p1|Calyrex-Shadow, L50|\n|poke|p1|Flutter Mane, L50|\n|poke|p1|Raging Bolt, L50|\n|poke|p1|Entei, L50|\n|poke|p2|Zamazenta-*, L50|\n|poke|p2|Calyrex-Shadow, L50|\n|poke|p2|Raging Bolt, L50|\n|poke|p2|Amoonguss, L50, M|\n|poke|p2|Tornadus, L50, M|\n|poke|p2|Chi-Yu, L50|\n|teampreview|4\n|showteam|p1|Koraidon||LifeOrb|OrichalcumPulse|CloseCombat,FlareBlitz,FlameCharge,Protect||||||50|,,,,,Fire]Incineroar||SafetyGoggles|Intimidate|FakeOut,PartingShot,KnockOff,Taunt|||F|||50|,,,,,Ghost]Calyrex-Shadow||FocusSash|AsOneSpectrier|AstralBarrage,Protect,Psychic,NastyPlot||||||50|,,,,,Fairy]Flutter Mane||BoosterEnergy|Protosynthesis|ThunderWave,Moonblast,Protect,ShadowBall||||||50|,,,,,Grass]Raging Bolt||AssaultVest|Protosynthesis|Thunderclap,Thunderbolt,DracoMeteor,Electroweb||||||50|,,,,,Steel]Entei||ChoiceBand|InnerFocus|SacredFire,ExtremeSpeed,StompingTantrum,DoubleEdge||||||50|,,,,,Normal\n|showteam|p2|Zamazenta-Crowned||RustedShield|DauntlessShield|Protect,BodyPress,HeavySlam,WideGuard||||||50|,,,,,Dragon]Calyrex-Shadow||FocusSash|AsOneSpectrier|AstralBarrage,Psychic,Encore,Protect||||||50|,,,,,Ghost]Raging Bolt||AssaultVest|Protosynthesis|Electroweb,VoltSwitch,DracoMeteor,Thunderclap||||||50|,,,,,Electric]Amoonguss||RockyHelmet|Regenerator|Spore,RagePowder,PollenPuff,Protect|||M|||50|,,,,,Water]Tornadus||CovertCloak|Prankster|BleakwindStorm,Tailwind,SunnyDay,Protect|||M|||50|,,,,,Dark]Chi-Yu||ChoiceScarf|BeadsofRuin|Overheat,HeatWave,DarkPulse,Snarl||||||50|,,,,,Ghost\n|\n|t:|1746018664\n|start\n|switch|p1a: Flutter Mane|Flutter Mane, L50|100/100\n|switch|p1b: Entei|Entei, L50, shiny|100/100\n|switch|p2a: Raging Bolt|Raging Bolt, L50|100/100\n|switch|p2b: Amoonguss|Amoonguss, L50, M|100/100\n|-enditem|p1a: Flutter Mane|Booster Energy\n|-activate|p1a: Flutter Mane|ability: Protosynthesis|[fromitem]\n|-start|p1a: Flutter Mane|protosynthesisspe\n|turn|1\n|\n|t:|1746018697\n|-terastallize|p2b: Amoonguss|Water\n|move|p1a: Flutter Mane|Protect|p1a: Flutter Mane\n|-singleturn|p1a: Flutter Mane|Protect\n|move|p2b: Amoonguss|Rage Powder|p2b: Amoonguss\n|-singleturn|p2b: Amoonguss|move: Rage Powder\n|move|p1b: Entei|Sacred Fire|p2b: Amoonguss\n|-resisted|p2b: Amoonguss\n|-damage|p2b: Amoonguss|67/100\n|-status|p2b: Amoonguss|brn\n|move|p2a: Raging Bolt|Electroweb|p1b: Entei|[spread] p1b\n|-activate|p1a: Flutter Mane|move: Protect\n|-damage|p1b: Entei|72/100\n|-unboost|p1b: Entei|spe|1\n|\n|-damage|p2b: Amoonguss|61/100 brn|[from] brn\n|upkeep\n|turn|2\n|\n|t:|1746018748\n|move|p2b: Amoonguss|Protect|p2b: Amoonguss\n|-singleturn|p2b: Amoonguss|Protect\n|move|p1a: Flutter Mane|Moonblast|p2b: Amoonguss\n|-activate|p2b: Amoonguss|move: Protect\n|move|p2a: Raging Bolt|Electroweb|p1b: Entei|[spread] p1a,p1b\n|-damage|p1a: Flutter Mane|80/100\n|-damage|p1b: Entei|45/100\n|-unboost|p1a: Flutter Mane|spe|1\n|-unboost|p1b: Entei|spe|1\n|move|p1b: Entei|Sacred Fire|p2b: Amoonguss\n|-activate|p2b: Amoonguss|move: Protect\n|\n|-damage|p2b: Amoonguss|56/100 brn|[from] brn\n|upkeep\n|turn|3\n|\n|t:|1746018779\n|move|p2b: Amoonguss|Rage Powder|p2b: Amoonguss\n|-singleturn|p2b: Amoonguss|move: Rage Powder\n|move|p1a: Flutter Mane|Moonblast|p2b: Amoonguss\n|-damage|p2b: Amoonguss|20/100 brn\n|move|p2a: Raging Bolt|Electroweb|p1a: Flutter Mane|[spread] p1a,p1b\n|-damage|p1a: Flutter Mane|59/100\n|-damage|p1b: Entei|19/100\n|-unboost|p1a: Flutter Mane|spe|1\n|-unboost|p1b: Entei|spe|1\n|move|p1b: Entei|Sacred Fire|p2b: Amoonguss\n|-resisted|p2b: Amoonguss\n|-damage|p2b: Amoonguss|0 fnt\n|faint|p2b: Amoonguss\n|\n|upkeep\n|\n|t:|1746018790\n|switch|p2b: Calyrex|Calyrex-Shadow, L50|100/100\n|-ability|p2b: Calyrex|As One\n|-ability|p2b: Calyrex|Unnerve\n|turn|4\n|\n|t:|1746018804\n|-end|p1a: Flutter Mane|Protosynthesis|[silent]\n|switch|p1a: Incineroar|Incineroar, L50, F|100/100\n|-ability|p1a: Incineroar|Intimidate|boost\n|-unboost|p2a: Raging Bolt|atk|1\n|-unboost|p2b: Calyrex|atk|1\n|move|p2b: Calyrex|Astral Barrage|p1b: Entei|[spread] p1a,p1b\n|-resisted|p1a: Incineroar\n|-damage|p1a: Incineroar|77/100\n|-damage|p1b: Entei|0 fnt\n|faint|p1b: Entei\n|-ability|p2b: Calyrex|Grim Neigh|boost\n|-boost|p2b: Calyrex|spa|1\n|move|p2a: Raging Bolt|Electroweb|p1a: Incineroar\n|-damage|p1a: Incineroar|49/100\n|-unboost|p1a: Incineroar|spe|1\n|\n|upkeep\n|\n|t:|1746018835\n|switch|p1b: Flutter Mane|Flutter Mane, L50|59/100\n|turn|5\n|\n|t:|1746018940\n|switch|p1a: Koraidon|Koraidon, L50|100/100\n|-weather|SunnyDay|[from] ability: Orichalcum Pulse|[of] p1a: Koraidon\n|-activate|p1b: Flutter Mane|ability: Protosynthesis\n|-start|p1b: Flutter Mane|protosynthesisspe\n|-activate|p2a: Raging Bolt|ability: Protosynthesis\n|-start|p2a: Raging Bolt|protosynthesisspa\n|-activate|p1a: Koraidon|Orichalcum Pulse|[source]\n|move|p1b: Flutter Mane|Shadow Ball|p2b: Calyrex\n|-supereffective|p2b: Calyrex\n|-enditem|p2b: Calyrex|Focus Sash\n|-damage|p2b: Calyrex|1/100\n|move|p2b: Calyrex|Astral Barrage|p1b: Flutter Mane|[spread] p1a,p1b\n|-supereffective|p1b: Flutter Mane\n|-damage|p1a: Koraidon|16/100\n|-damage|p1b: Flutter Mane|0 fnt\n|faint|p1b: Flutter Mane\n|-end|p1b: Flutter Mane|Protosynthesis|[silent]\n|-ability|p2b: Calyrex|Grim Neigh|boost\n|-boost|p2b: Calyrex|spa|1\n|move|p2a: Raging Bolt|Electroweb|p1a: Koraidon\n|-resisted|p1a: Koraidon\n|-damage|p1a: Koraidon|0 fnt\n|faint|p1a: Koraidon\n|\n|-weather|SunnyDay|[upkeep]\n|upkeep\n|\n|t:|1746018987\n|switch|p1b: Incineroar|Incineroar, L50, F|49/100\n|-ability|p1b: Incineroar|Intimidate|boost\n|-unboost|p2a: Raging Bolt|atk|1\n|-unboost|p2b: Calyrex|atk|1\n|turn|6\n|\n|t:|1746019030\n|move|p2b: Calyrex|Astral Barrage|p1b: Incineroar\n|-resisted|p1b: Incineroar\n|-damage|p1b: Incineroar|0 fnt\n|faint|p1b: Incineroar\n|\n|win|PEKORA999\n||PEKORA999 is ready for game 2.\n||Pokenube66 is ready for game 2.\n|uhtml|next|Next: <a href=\"/battle-gen9vgc2025regibo3-2353921153\"><strong>Game 2 of 3</strong></a>\n|l|\u2606Pokenube66\n|player|p1|\n", "uploadtime": 1746019472, "views": 16, "formatid": "gen9vgc2025regibo3", "rating": null, "private": 0, "password": null}