{"id": "gen9vgc2025regibo3-2355009195", "format": "[Gen 9] VGC 2025 Reg I (Bo3)", "players": ["miraidons the goat", "anastarawneh"], "log": "|j|\u2606miraidons the goat\n|j|\u2606anastarawneh\n|html|<table width=\"100%\"><tr><td align=\"left\">miraidons the goat</td><td align=\"right\">anastarawneh</tr><tr><td align=\"left\"><i class=\"fa fa-circle-o\"></i> <i class=\"fa fa-circle-o\"></i> </td><td align=\"right\"><i class=\"fa fa-circle-o\"></i> <i class=\"fa fa-circle-o\"></i> </tr></table>\n|uhtml|bestof|<h2><strong>Game 1</strong> of <a href=\"/game-bestof3-gen9vgc2025regibo3-2355009194\">a best-of-3</a></h2>\n|t:|1746141563\n|gametype|doubles\n|player|p1|miraidons the goat|lillie-masters|1131\n|player|p2|anastarawneh|n|1076\n|teamsize|p1|6\n|teamsize|p2|6\n|gen|9\n|tier|[Gen 9] VGC 2025 Reg I (Bo3)\n|rated|\n|rule|Species Clause: Limit one of each Pok\u00e9mon\n|rule|Item Clause: Limit 1 of each item\n|clearpoke\n|poke|p1|Lunala, L50|\n|poke|p1|Groudon, L50|\n|poke|p1|Whimsicott, L50, F|\n|poke|p1|Chi-Yu, L50|\n|poke|p1|Ogerpon-Hearthflame, L50, F|\n|poke|p1|Urshifu-*, L50, M|\n|poke|p2|Miraidon, L50|\n|poke|p2|Iron Hands, L50|\n|poke|p2|Farigiraf, L50, M|\n|poke|p2|Calyrex-Ice, L50|\n|poke|p2|Whimsicott, L50, F|\n|poke|p2|Ogerpon-Hearthflame, L50, F|\n|teampreview|4\n|showteam|p1|Lunala||PowerHerb|ShadowShield|MeteorBeam,MoongeistBeam,WideGuard,TrickRoom||||||50|,,,,,Water]Groudon||ClearAmulet|Drought|PrecipiceBlades,HeatCrash,BulkUp,Protect||||||50|,,,,,Fire]Whimsicott||CovertCloak|Prankster|Tailwind,Encore,Moonblast,SunnyDay|||F|||50|,,,,,Dark]Chi-Yu||ChoiceScarf|BeadsofRuin|Snarl,DarkPulse,HeatWave,Overheat||||||50|,,,,,Ghost]Ogerpon-Hearthflame||HearthflameMask|MoldBreaker|IvyCudgel,WoodHammer,FollowMe,SpikyShield|||F|||50|,,,,,Fire]Urshifu||FocusSash|UnseenFist|WickedBlow,CloseCombat,SuckerPunch,Detect|||M|||50|,,,,,Dark\n|showteam|p2|Miraidon||ChoiceSpecs|HadronEngine|ElectroDrift,DracoMeteor,VoltSwitch,DazzlingGleam||||||50|,,,,,Fairy]Iron Hands||AssaultVest|QuarkDrive|DrainPunch,WildCharge,FakeOut,LowKick||||||50|,,,,,Bug]Farigiraf||ElectricSeed|ArmorTail|FoulPlay,PsychicNoise,HelpingHand,TrickRoom|||M|||50|,,,,,Water]Calyrex-Ice||ClearAmulet|AsOneGlastrier|Protect,GlacialLance,HighHorsepower,TrickRoom||||||50|,,,,,Fire]Whimsicott||CovertCloak|Prankster|Moonblast,LightScreen,Tailwind,Encore|||F|||50|,,,,,Dark]Ogerpon-Hearthflame||HearthflameMask|MoldBreaker|IvyCudgel,WoodHammer,FollowMe,SpikyShield|||F|||50|,,,,,Fire\n|\n|t:|1746141607\n|start\n|switch|p1a: ghold fish|Chi-Yu, L50|100/100\n|switch|p1b: Groudon|Groudon, L50, shiny|100/100\n|switch|p2a: Miraidon|Miraidon, L50|100/100\n|switch|p2b: Iron Hands|Iron Hands, L50|100/100\n|-ability|p1a: ghold fish|Beads of Ruin\n|-fieldstart|move: Electric Terrain|[from] ability: Hadron Engine|[of] p2a: Miraidon\n|-activate|p2b: Iron Hands|ability: Quark Drive\n|-start|p2b: Iron Hands|quarkdriveatk\n|-weather|SunnyDay|[from] ability: Drought|[of] p1b: Groudon\n|turn|1\n|\n|t:|1746141657\n|move|p2b: Iron Hands|Fake Out|p1b: Groudon\n|-damage|p1b: Groudon|85/100\n|move|p1a: ghold fish|Snarl|p2a: Miraidon|[spread] p2a,p2b\n|-resisted|p2b: Iron Hands\n|-damage|p2a: Miraidon|72/100\n|-damage|p2b: Iron Hands|93/100\n|-unboost|p2a: Miraidon|spa|1\n|-unboost|p2b: Iron Hands|spa|1\n|move|p2a: Miraidon|Volt Switch|p1a: ghold fish\n|-damage|p1a: ghold fish|20/100\n|\n|t:|1746141669\n|switch|p2a: Ogerpon|Ogerpon-Hearthflame, L50, F|100/100|[from] Volt Switch\n|-ability|p2a: Ogerpon|Mold Breaker\n|cant|p1b: Groudon|flinch\n|\n|-weather|SunnyDay|[upkeep]\n|upkeep\n|turn|2\n|\n|t:|1746141711\n|switch|p1a: Lunala|Lunala, L50, shiny|100/100\n|move|p1b: Groudon|Protect|p1b: Groudon\n|-singleturn|p1b: Groudon|Protect\n|move|p2a: Ogerpon|Ivy Cudgel|p1b: Groudon|[anim] Ivy Cudgel Fire\n|-activate|p1b: Groudon|move: Protect\n|move|p2b: Iron Hands|Wild Charge|p1a: Lunala\n|-damage|p1a: Lunala|65/100\n|-damage|p2b: Iron Hands|84/100|[from] Recoil\n|\n|-weather|SunnyDay|[upkeep]\n|upkeep\n|turn|3\n|\n|t:|1746141735\n|-terastallize|p1b: Groudon|Fire\n|move|p2a: Ogerpon|Spiky Shield|p2a: Ogerpon\n|-singleturn|p2a: Ogerpon|move: Protect\n|move|p1b: Groudon|Precipice Blades|p2b: Iron Hands|[spread] p2b\n|-activate|p2a: Ogerpon|move: Protect\n|-supereffective|p2b: Iron Hands\n|-damage|p2b: Iron Hands|11/100\n|move|p2b: Iron Hands|Wild Charge|p1a: Lunala\n|-damage|p1a: Lunala|0 fnt\n|faint|p1a: Lunala\n|-damage|p2b: Iron Hands|0 fnt|[from] Recoil\n|faint|p2b: Iron Hands\n|-end|p2b: Iron Hands|Quark Drive|[silent]\n|\n|-weather|SunnyDay|[upkeep]\n|upkeep\n|\n|t:|1746141749\n|switch|p1a: IM ON FIRE|Ogerpon-Hearthflame, L50, F|100/100\n|switch|p2b: Miraidon|Miraidon, L50|72/100\n|-activate|p2b: Miraidon|ability: Hadron Engine\n|-ability|p1a: IM ON FIRE|Mold Breaker\n|turn|4\n|\n|t:|1746141778\n|move|p1a: IM ON FIRE|Follow Me|p1a: IM ON FIRE\n|-singleturn|p1a: IM ON FIRE|move: Follow Me\n|move|p2b: Miraidon|Volt Switch|p1a: IM ON FIRE\n|-resisted|p1a: IM ON FIRE\n|-damage|p1a: IM ON FIRE|43/100\n|\n|t:|1746141783\n|switch|p2b: Calyrex|Calyrex-Ice, L50|100/100|[from] Volt Switch\n|-ability|p2b: Calyrex|As One\n|-ability|p2b: Calyrex|Unnerve\n|move|p2a: Ogerpon|Ivy Cudgel|p1a: IM ON FIRE|[anim] Ivy Cudgel Fire\n|-damage|p1a: IM ON FIRE|0 fnt\n|faint|p1a: IM ON FIRE\n|move|p1b: Groudon|Precipice Blades|p2a: Ogerpon|[spread] p2a,p2b\n|-damage|p2a: Ogerpon|37/100\n|-damage|p2b: Calyrex|68/100\n|\n|-weather|SunnyDay|[upkeep]\n|upkeep\n|\n|t:|1746141802\n|switch|p1a: ghold fish|Chi-Yu, L50|20/100\n|-ability|p1a: ghold fish|Beads of Ruin\n|turn|5\n|\n|t:|1746141816\n|move|p2a: Ogerpon|Spiky Shield|p2a: Ogerpon\n|-singleturn|p2a: Ogerpon|move: Protect\n|move|p2b: Calyrex|Protect|p2b: Calyrex\n|-singleturn|p2b: Calyrex|Protect\n|move|p1a: ghold fish|Heat Wave|p2a: Ogerpon|[spread] \n|-activate|p2a: Ogerpon|move: Protect\n|-activate|p2b: Calyrex|move: Protect\n|move|p1b: Groudon|Precipice Blades|p2a: Ogerpon|[spread] \n|-activate|p2a: Ogerpon|move: Protect\n|-activate|p2b: Calyrex|move: Protect\n|\n|-weather|none\n|-fieldend|move: Electric Terrain\n|upkeep\n|turn|6\n|inactive|Battle timer is ON: inactive players will automatically lose when time's up. (requested by miraidons the goat)\n|\n|t:|1746141854\n|move|p1a: ghold fish|Heat Wave|p2a: Ogerpon|[spread] p2a,p2b\n|-supereffective|p2b: Calyrex\n|-damage|p2a: Ogerpon|0 fnt\n|-damage|p2b: Calyrex|0 fnt\n|faint|p2a: Ogerpon\n|faint|p2b: Calyrex\n|move|p1b: Groudon|Precipice Blades|p2: Ogerpon|[notarget]\n|-fail|p1b: Groudon\n|\n|upkeep\n|\n|t:|1746141861\n|switch|p2b: Miraidon|Miraidon, L50|72/100\n|-fieldstart|move: Electric Terrain|[from] ability: Hadron Engine|[of] p2b: Miraidon\n|turn|7\n|\n|t:|1746141870\n|move|p1a: ghold fish|Heat Wave|p2b: Miraidon|[miss]\n|-miss|p1a: ghold fish|p2b: Miraidon\n|move|p2b: Miraidon|Electro Drift|p1b: Groudon\n|-damage|p1b: Groudon|0 fnt\n|faint|p1b: Groudon\n|\n|upkeep\n|turn|8\n|\n|t:|1746141880\n|move|p1a: ghold fish|Heat Wave|p2b: Miraidon\n|-resisted|p2b: Miraidon\n|-damage|p2b: Miraidon|41/100\n|-status|p2b: Miraidon|brn\n|move|p2b: Miraidon|Electro Drift|p1a: ghold fish\n|-damage|p1a: ghold fish|0 fnt\n|faint|p1a: ghold fish\n|\n|win|anastarawneh\n|c|\u2606anastarawneh|gg\n||miraidons the goat is ready for game 2.\n|inactive|anastarawneh has 30 seconds to confirm battle start!\n||anastarawneh is ready for game 2.\n|uhtml|next|Next: <a href=\"/battle-gen9vgc2025regibo3-2355012096\"><strong>Game 2 of 3</strong></a>\n|l|\u2606miraidons the goat\n|player|p1|\n", "uploadtime": 1746141890, "views": 3, "formatid": "gen9vgc2025regibo3", "rating": null, "private": 0, "password": null}