{"id": "gen9vgc2025regibo3-2353333277", "format": "[Gen 9] VGC 2025 Reg I (Bo3)", "players": ["kidmilk1", "Squall67"], "log": "|j|\u2606kidmilk1\n|j|\u2606Squall67\n|html|<table width=\"100%\"><tr><td align=\"left\">kidmilk1</td><td align=\"right\">Squall67</tr><tr><td align=\"left\"><i class=\"fa fa-circle-o\"></i> <i class=\"fa fa-circle-o\"></i> </td><td align=\"right\"><i class=\"fa fa-circle-o\"></i> <i class=\"fa fa-circle-o\"></i> </tr></table>\n|uhtml|bestof|<h2><strong>Game 1</strong> of <a href=\"/game-bestof3-gen9vgc2025regibo3-2353333276\">a best-of-3</a></h2>\n|t:|1745947180\n|gametype|doubles\n|player|p1|kidmilk1|1|1090\n|player|p2|Squall67|hiker|1150\n|teamsize|p1|6\n|teamsize|p2|6\n|gen|9\n|tier|[Gen 9] VGC 2025 Reg I (Bo3)\n|rated|\n|rule|Species Clause: Limit one of each Pok\u00e9mon\n|rule|Item Clause: Limit 1 of each item\n|clearpoke\n|poke|p1|Koraidon, L50|\n|poke|p1|Lunala, L50|\n|poke|p1|Indeedee-F, L50, F|\n|poke|p1|Flutter Mane, L50|\n|poke|p1|Amoonguss, L50, F|\n|poke|p1|Ursaluna, L50, M|\n|poke|p2|Miraidon, L50|\n|poke|p2|Urshifu-*, L50, F|\n|poke|p2|Grimmsnarl, L50, M|\n|poke|p2|Lunala, L50|\n|poke|p2|Incineroar, L50, F|\n|poke|p2|Ogerpon-Cornerstone, L50, F|\n|teampreview|4\n|showteam|p1|Koraidon||ClearAmulet|OrichalcumPulse|FlameCharge,CollisionCourse,FlareBlitz,Protect||||||50|,,,,,Fire]Lunala||PowerHerb|ShadowShield|MeteorBeam,MoongeistBeam,ExpandingForce,Protect||||||50|,,,,,Water]Indeedee-F||AbilityShield|PsychicSurge|FollowMe,HelpingHand,TrickRoom,ShadowBall|||F|||50|,,,,,Grass]Flutter Mane||FocusSash|Protosynthesis|ShadowBall,Moonblast,IcyWind,Protect||||||50|,,,,,Normal]Amoonguss||RockyHelmet|EffectSpore|Spore,RagePowder,SludgeBomb,Protect|||F|||50|,,,,,Fairy]Ursaluna||FlameOrb|Guts|Facade,HeadlongRush,Taunt,Protect|||M|||50|,,,,,Ghost\n|showteam|p2|Miraidon||ChoiceSpecs|HadronEngine|ElectroDrift,DragonPulse,Snarl,VoltSwitch||||||50|,,,,,Electric]Urshifu-Rapid-Strike||ChoiceScarf|UnseenFist|SurgingStrikes,CloseCombat,AquaJet,Uturn|||F|||50|,,,,,Water]Grimmsnarl||LightClay|Prankster|ThunderWave,LightScreen,Reflect,SpiritBreak|||M|||50|,,,,,Ghost]Lunala||PowerHerb|ShadowShield|MeteorBeam,TrickRoom,DazzlingGleam,MoongeistBeam||||||50|,,,,,Water]Incineroar||AssaultVest|Intimidate|FakeOut,KnockOff,DrainPunch,Uturn|||F|||50|,,,,,Fairy]Ogerpon-Cornerstone||CornerstoneMask|Sturdy|SpikyShield,IvyCudgel,KnockOff,FollowMe|||F|||50|,,,,,Rock\n|\n|t:|1745947224\n|start\n|switch|p1a: Flutter Mane|Flutter Mane, L50|100/100\n|switch|p1b: Lunala|Lunala, L50|100/100\n|switch|p2a: Grimmsnarl|Grimmsnarl, L50, M, shiny|100/100\n|switch|p2b: Incineroar|Incineroar, L50, F, shiny|100/100\n|-ability|p2b: Incineroar|Intimidate|boost\n|-unboost|p1a: Flutter Mane|atk|1\n|-unboost|p1b: Lunala|atk|1\n|turn|1\n|\n|t:|1745947242\n|-terastallize|p2b: Incineroar|Fairy\n|move|p2a: Grimmsnarl|Thunder Wave|p1b: Lunala\n|-status|p1b: Lunala|par\n|move|p1a: Flutter Mane|Moonblast|p2a: Grimmsnarl\n|-supereffective|p2a: Grimmsnarl\n|-crit|p2a: Grimmsnarl\n|-damage|p2a: Grimmsnarl|0 fnt\n|faint|p2a: Grimmsnarl\n|move|p2b: Incineroar|Knock Off|p1b: Lunala\n|-supereffective|p1b: Lunala\n|-damage|p1b: Lunala|37/100 par\n|-enditem|p1b: Lunala|Power Herb|[from] move: Knock Off|[of] p2b: Incineroar\n|move|p1b: Lunala|Meteor Beam||[still]\n|-prepare|p1b: Lunala|Meteor Beam\n|-boost|p1b: Lunala|spa|1\n|\n|upkeep\n|\n|t:|1745947255\n|switch|p2a: Lunala|Lunala, L50|100/100\n|turn|2\n|\n|t:|1745947266\n|-terastallize|p1a: Flutter Mane|Normal\n|move|p1a: Flutter Mane|Shadow Ball|p2a: Lunala\n|-supereffective|p2a: Lunala\n|-damage|p2a: Lunala|41/100\n|move|p2a: Lunala|Dazzling Gleam|p1a: Flutter Mane|[spread] p1a,p1b\n|-damage|p1a: Flutter Mane|75/100\n|-damage|p1b: Lunala|21/100 par\n|move|p2b: Incineroar|U-turn|p1a: Flutter Mane\n|-damage|p1a: Flutter Mane|33/100\n|\n|t:|1745947271\n|switch|p2b: Miraidon|Miraidon, L50|100/100|[from] U-turn\n|-fieldstart|move: Electric Terrain|[from] ability: Hadron Engine|[of] p2b: Miraidon\n|move|p1b: Lunala|Meteor Beam|p2b: Miraidon|[from] lockedmove\n|-damage|p2b: Miraidon|40/100\n|\n|upkeep\n|turn|3\n|\n|t:|1745947292\n|switch|p2b: Incineroar|Incineroar, L50, F, shiny, tera:Fairy|100/100\n|-ability|p2b: Incineroar|Intimidate|boost\n|-unboost|p1a: Flutter Mane|atk|1\n|-unboost|p1b: Lunala|atk|1\n|switch|p1b: Koraidon|Koraidon, L50|100/100\n|-weather|SunnyDay|[from] ability: Orichalcum Pulse|[of] p1b: Koraidon\n|-activate|p1a: Flutter Mane|ability: Protosynthesis\n|-start|p1a: Flutter Mane|protosynthesisspe\n|-activate|p1b: Koraidon|Orichalcum Pulse|[source]\n|move|p1a: Flutter Mane|Shadow Ball|p2a: Lunala\n|-supereffective|p2a: Lunala\n|-damage|p2a: Lunala|0 fnt\n|faint|p2a: Lunala\n|\n|-weather|SunnyDay|[upkeep]\n|upkeep\n|\n|t:|1745947294\n|switch|p2a: Miraidon|Miraidon, L50|40/100\n|-activate|p2a: Miraidon|ability: Hadron Engine\n|turn|4\n|\n|t:|1745947312\n|move|p1a: Flutter Mane|Protect|p1a: Flutter Mane\n|-singleturn|p1a: Flutter Mane|Protect\n|move|p1b: Koraidon|Protect|p1b: Koraidon\n|-singleturn|p1b: Koraidon|Protect\n|move|p2b: Incineroar|Fake Out|p1a: Flutter Mane\n|-activate|p1a: Flutter Mane|move: Protect\n|move|p2a: Miraidon|Dragon Pulse|p1b: Koraidon\n|-activate|p1b: Koraidon|move: Protect\n|\n|-weather|SunnyDay|[upkeep]\n|upkeep\n|turn|5\n|\n|t:|1745947335\n|move|p1a: Flutter Mane|Moonblast|p2a: Miraidon\n|-supereffective|p2a: Miraidon\n|-damage|p2a: Miraidon|0 fnt\n|faint|p2a: Miraidon\n|move|p1b: Koraidon|Flare Blitz|p2b: Incineroar\n|-damage|p2b: Incineroar|30/100\n|-damage|p1b: Koraidon|78/100|[from] Recoil\n|move|p2b: Incineroar|Knock Off|p1a: Flutter Mane\n|-damage|p1a: Flutter Mane|0 fnt\n|-enditem|p1a: Flutter Mane|Focus Sash|[from] move: Knock Off|[of] p2b: Incineroar\n|faint|p1a: Flutter Mane\n|-end|p1a: Flutter Mane|Protosynthesis|[silent]\n|\n|-weather|SunnyDay|[upkeep]\n|upkeep\n|\n|t:|1745947350\n|switch|p1a: Lunala|Lunala, L50|21/100 par\n|turn|6\n|-message|Squall67 forfeited.\n|\n|win|kidmilk1\n||kidmilk1 is ready for game 2.\n|inactive|Squall67 has 30 seconds to confirm battle start!\n||Squall67 is ready for game 2.\n|uhtml|next|Next: <a href=\"/battle-gen9vgc2025regibo3-2353335578\"><strong>Game 2 of 3</strong></a>\n|l|\u2606kidmilk1\n|player|p1|\n", "uploadtime": 1745947695, "views": 14, "formatid": "gen9vgc2025regibo3", "rating": null, "private": 0, "password": null}