{"id": "gen9vgc2025regibo3-2353757634", "format": "[Gen 9] VGC 2025 Reg I (Bo3)", "players": ["amurali", "nibblesjibbles"], "log": "|j|\u2606amurali\n|j|\u2606nibblesjibbles\n|html|<table width=\"100%\"><tr><td align=\"left\">amurali</td><td align=\"right\">nibblesjibbles</tr><tr><td align=\"left\"><i class=\"fa fa-circle\"></i> <i class=\"fa fa-circle-o\"></i> </td><td align=\"right\"><i class=\"fa fa-circle-o\"></i> <i class=\"fa fa-circle\"></i> </tr></table>\n|uhtml|bestof|<h2><strong>Game 3</strong> of <a href=\"/game-bestof3-gen9vgc2025regibo3-2353752880\">a best-of-3</a></h2>\n|t:|1745994904\n|gametype|doubles\n|player|p1|amurali|1|1351\n|player|p2|nibblesjibbles|scientist-gen4|1313\n|teamsize|p1|6\n|teamsize|p2|6\n|gen|9\n|tier|[Gen 9] VGC 2025 Reg I (Bo3)\n|rated|\n|rule|Species Clause: Limit one of each Pok\u00e9mon\n|rule|Item Clause: Limit 1 of each item\n|clearpoke\n|poke|p1|Miraidon, L50|\n|poke|p1|Calyrex-Ice, L50|\n|poke|p1|Ogerpon-Hearthflame, L50, F|\n|poke|p1|Urshifu-*, L50, M|\n|poke|p1|Farigiraf, L50, F|\n|poke|p1|Iron Hands, L50|\n|poke|p2|Terapagos, L50, M|\n|poke|p2|Incineroar, L50, F|\n|poke|p2|Rillaboom, L50, F|\n|poke|p2|Flutter Mane, L50|\n|poke|p2|Koraidon, L50|\n|poke|p2|Amoonguss, L50, F|\n|teampreview|4\n|showteam|p1|Miraidon||ChoiceSpecs|HadronEngine|ElectroDrift,DazzlingGleam,VoltSwitch,DracoMeteor||||||50|,,,,,Fairy]Calyrex-Ice||ClearAmulet|AsOneGlastrier|GlacialLance,HighHorsepower,TrickRoom,Protect||||||50|,,,,,Water]Ogerpon-Hearthflame||HearthflameMask|MoldBreaker|FollowMe,IvyCudgel,WoodHammer,SpikyShield|||F|||50|,,,,,Fire]Urshifu||FocusSash|UnseenFist|WickedBlow,CloseCombat,SuckerPunch,Detect|||M|||50|,,,,,Stellar]Farigiraf||ElectricSeed|ArmorTail|FoulPlay,Psychic,TrickRoom,HelpingHand|||F|||50|,,,,,Water]Iron Hands||AssaultVest|QuarkDrive|FakeOut,LowKick,DrainPunch,WildCharge||||||50|,,,,,Water\n|showteam|p2|Terapagos||Leftovers|TeraShift|TeraStarstorm,EarthPower,CalmMind,Protect|||M|||50|,,,,,Stellar]Incineroar||RockyHelmet|Intimidate|KnockOff,PartingShot,FlareBlitz,FakeOut|||F|||50|,,,,,Water]Rillaboom||AssaultVest|GrassySurge|WoodHammer,GrassyGlide,Uturn,FakeOut|||F|||50|,,,,,Stellar]Flutter Mane||FocusSash|Protosynthesis|Moonblast,ThunderWave,ShadowBall,IcyWind||||||50|,,,,,Fairy]Koraidon||LifeOrb|OrichalcumPulse|CloseCombat,FlareBlitz,FlameCharge,Protect||||||50|,,,,,Fire]Amoonguss||CovertCloak|Regenerator|Spore,PollenPuff,RagePowder,Protect|||F|||50|,,,,,Fairy\n|inactive|Battle timer is ON: inactive players will automatically lose when time's up. (requested by nibblesjibbles)\n|\n|t:|1745994933\n|start\n|switch|p1a: Miraidon|Miraidon, L50|100/100\n|switch|p1b: Farigiraf|Farigiraf, L50, F|100/100\n|switch|p2a: Terapagos|Terapagos, L50, M|100/100\n|switch|p2b: Incineroar|Incineroar, L50, F|100/100\n|-activate|p2a: Terapagos|ability: Tera Shift\n|detailschange|p2a: Terapagos|Terapagos-Terastal, L50, M\n|-heal|p2a: Terapagos|100/100|[silent]\n|-fieldstart|move: Electric Terrain|[from] ability: Hadron Engine|[of] p1a: Miraidon\n|-enditem|p1b: Farigiraf|Electric Seed\n|-boost|p1b: Farigiraf|def|1|[from] item: Electric Seed\n|-ability|p2b: Incineroar|Intimidate|boost\n|-unboost|p1a: Miraidon|atk|1\n|-unboost|p1b: Farigiraf|atk|1\n|turn|1\n|inactive|amurali has 30 seconds left.\n|\n|t:|1745994962\n|switch|p2b: Rillaboom|Rillaboom, L50, F|100/100\n|-fieldstart|move: Grassy Terrain|[from] ability: Grassy Surge|[of] p2b: Rillaboom\n|move|p1a: Miraidon|Volt Switch|p2a: Terapagos\n|-activate|p2a: Terapagos|ability: Tera Shell\n|-resisted|p2a: Terapagos\n|-damage|p2a: Terapagos|73/100\n|\n|t:|1745994970\n|switch|p1a: Calyrex|Calyrex-Ice, L50|100/100|[from] Volt Switch\n|-ability|p1a: Calyrex|As One\n|-ability|p1a: Calyrex|Unnerve\n|move|p2a: Terapagos|Calm Mind|p2a: Terapagos\n|-boost|p2a: Terapagos|spa|1\n|-boost|p2a: Terapagos|spd|1\n|move|p1b: Farigiraf|Trick Room|p1b: Farigiraf\n|-fieldstart|move: Trick Room|[of] p1b: Farigiraf\n|\n|-heal|p2a: Terapagos|80/100|[from] Grassy Terrain\n|-heal|p2a: Terapagos|86/100|[from] item: Leftovers\n|upkeep\n|turn|2\n|\n|t:|1745994989\n|switch|p2b: Incineroar|Incineroar, L50, F|100/100\n|-ability|p2b: Incineroar|Intimidate|boost\n|-fail|p1a: Calyrex|unboost|[from] item: Clear Amulet|[of] p1a: Calyrex\n|-unboost|p1b: Farigiraf|atk|1\n|move|p1b: Farigiraf|Helping Hand|p1a: Calyrex\n|-singleturn|p1a: Calyrex|Helping Hand|[of] p1b: Farigiraf\n|move|p2a: Terapagos|Protect|p2a: Terapagos\n|-singleturn|p2a: Terapagos|Protect\n|move|p1a: Calyrex|High Horsepower|p2b: Incineroar\n|-supereffective|p2b: Incineroar\n|-damage|p2b: Incineroar|17/100\n|-damage|p1a: Calyrex|84/100|[from] item: Rocky Helmet|[of] p2b: Incineroar\n|\n|-heal|p1a: Calyrex|90/100|[from] Grassy Terrain\n|-heal|p2b: Incineroar|23/100|[from] Grassy Terrain\n|-heal|p2a: Terapagos|92/100|[from] Grassy Terrain\n|-heal|p2a: Terapagos|98/100|[from] item: Leftovers\n|upkeep\n|turn|3\n|inactive|nibblesjibbles has 30 seconds left.\n|\n|t:|1745995023\n|move|p1b: Farigiraf|Helping Hand|p1a: Calyrex\n|-singleturn|p1a: Calyrex|Helping Hand|[of] p1b: Farigiraf\n|move|p1a: Calyrex|Glacial Lance|p2b: Incineroar|[spread] p2a,p2b\n|-resisted|p2b: Incineroar\n|-damage|p2a: Terapagos|42/100\n|-damage|p2b: Incineroar|0 fnt\n|faint|p2b: Incineroar\n|-ability|p1a: Calyrex|Chilling Neigh|boost\n|-boost|p1a: Calyrex|atk|1\n|move|p2a: Terapagos|Tera Starstorm|p1a: Calyrex\n|-damage|p1a: Calyrex|48/100\n|\n|-heal|p1a: Calyrex|54/100|[from] Grassy Terrain\n|-heal|p2a: Terapagos|48/100|[from] Grassy Terrain\n|-heal|p2a: Terapagos|55/100|[from] item: Leftovers\n|upkeep\n|\n|t:|1745995035\n|switch|p2b: Koraidon|Koraidon, L50|100/100\n|-weather|SunnyDay|[from] ability: Orichalcum Pulse|[of] p2b: Koraidon\n|-activate|p2b: Koraidon|Orichalcum Pulse|[source]\n|turn|4\n|inactive|amurali has 30 seconds left.\n|\n|t:|1745995063\n|-terastallize|p2b: Koraidon|Fire\n|move|p1b: Farigiraf|Helping Hand|p1a: Calyrex\n|-singleturn|p1a: Calyrex|Helping Hand|[of] p1b: Farigiraf\n|move|p2a: Terapagos|Protect|p2a: Terapagos\n|-singleturn|p2a: Terapagos|Protect\n|move|p1a: Calyrex|Glacial Lance|p2b: Koraidon|[spread] p2b\n|-activate|p2a: Terapagos|move: Protect\n|-resisted|p2b: Koraidon\n|-damage|p2b: Koraidon|46/100\n|move|p2b: Koraidon|Flame Charge|p1a: Calyrex\n|-supereffective|p1a: Calyrex\n|-damage|p1a: Calyrex|0 fnt\n|-boost|p2b: Koraidon|spe|1\n|faint|p1a: Calyrex\n|-damage|p2b: Koraidon|36/100|[from] item: Life Orb\n|\n|-weather|SunnyDay|[upkeep]\n|-heal|p2a: Terapagos|61/100|[from] Grassy Terrain\n|-heal|p2a: Terapagos|67/100|[from] item: Leftovers\n|-heal|p2b: Koraidon|43/100|[from] Grassy Terrain\n|upkeep\n|\n|t:|1745995084\n|switch|p1a: Iron Hands|Iron Hands, L50|100/100\n|turn|5\n|\n|t:|1745995093\n|move|p1b: Farigiraf|Helping Hand|p1a: Iron Hands\n|-singleturn|p1a: Iron Hands|Helping Hand|[of] p1b: Farigiraf\n|move|p2b: Koraidon|Protect|p2b: Koraidon\n|-singleturn|p2b: Koraidon|Protect\n|move|p1a: Iron Hands|Drain Punch|p2a: Terapagos\n|-supereffective|p2a: Terapagos\n|-damage|p2a: Terapagos|0 fnt\n|faint|p2a: Terapagos\n|\n|-weather|SunnyDay|[upkeep]\n|-heal|p2b: Koraidon|49/100|[from] Grassy Terrain\n|-fieldend|move: Trick Room\n|-fieldend|move: Grassy Terrain\n|upkeep\n|\n|t:|1745995103\n|switch|p2a: Rillaboom|Rillaboom, L50, F|100/100\n|-fieldstart|move: Grassy Terrain|[from] ability: Grassy Surge|[of] p2a: Rillaboom\n|turn|6\n|\n|t:|1745995123\n|move|p2b: Koraidon|Flare Blitz|p1b: Farigiraf\n|-damage|p1b: Farigiraf|20/100\n|-damage|p2b: Koraidon|15/100|[from] Recoil\n|-damage|p2b: Koraidon|5/100|[from] item: Life Orb\n|move|p2a: Rillaboom|Wood Hammer|p1b: Farigiraf\n|-damage|p1b: Farigiraf|0 fnt\n|faint|p1b: Farigiraf\n|-damage|p2a: Rillaboom|93/100|[from] Recoil\n|move|p1a: Iron Hands|Low Kick|p2b: Koraidon\n|-damage|p2b: Koraidon|0 fnt\n|faint|p2b: Koraidon\n|\n|-weather|SunnyDay|[upkeep]\n|-heal|p2a: Rillaboom|99/100|[from] Grassy Terrain\n|upkeep\n|\n|t:|1745995138\n|switch|p1b: Miraidon|Miraidon, L50|100/100\n|-fieldstart|move: Electric Terrain|[from] ability: Hadron Engine|[of] p1b: Miraidon\n|-activate|p1a: Iron Hands|ability: Quark Drive\n|-start|p1a: Iron Hands|quarkdriveatk\n|turn|7\n|-message|nibblesjibbles forfeited.\n|raw|amurali's rating: 1351 &rarr; <strong>1369</strong><br />(+18 for winning)\n|raw|nibblesjibbles's rating: 1313 &rarr; <strong>1295</strong><br />(-18 for losing)\n|\n|win|amurali\n|l|\u2606nibblesjibbles\n|player|p2|\n", "uploadtime": 1745995153, "views": 97, "formatid": "gen9vgc2025regibo3", "rating": 1295, "private": 0, "password": null}