{"id": "gen9vgc2025regibo3-2353919206", "format": "[Gen 9] VGC 2025 Reg I (Bo3)", "players": ["Speedtiee", "clearmomdotcom"], "log": "|j|\u2606Speedtiee\n|j|\u2606clearmomdotcom\n|html|<table width=\"100%\"><tr><td align=\"left\">Speedtiee</td><td align=\"right\">clearmomdotcom</tr><tr><td align=\"left\"><i class=\"fa fa-circle\"></i> <i class=\"fa fa-circle-o\"></i> </td><td align=\"right\"><i class=\"fa fa-circle-o\"></i> <i class=\"fa fa-circle-o\"></i> </tr></table>\n|uhtml|bestof|<h2><strong>Game 2</strong> of <a href=\"/game-bestof3-gen9vgc2025regibo3-2353915342\">a best-of-3</a></h2>\n|t:|1746018842\n|gametype|doubles\n|player|p1|Speedtiee|iono|1352\n|player|p2|clearmomdotcom|waitress|1411\n|teamsize|p1|6\n|teamsize|p2|6\n|gen|9\n|tier|[Gen 9] VGC 2025 Reg I (Bo3)\n|rated|\n|rule|Species Clause: Limit one of each Pok\u00e9mon\n|rule|Item Clause: Limit 1 of each item\n|clearpoke\n|poke|p1|Miraidon, L50|\n|poke|p1|Koraidon, L50|\n|poke|p1|Raging Bolt, L50|\n|poke|p1|Incineroar, L50, F|\n|poke|p1|Flutter Mane, L50|\n|poke|p1|Iron Valiant, L50|\n|poke|p2|Zamazenta-*, L50|\n|poke|p2|Urshifu-*, L50, F|\n|poke|p2|Chien-Pao, L50|\n|poke|p2|Dragonite, L50, M|\n|poke|p2|Rillaboom, L50, F|\n|poke|p2|Giratina-Origin, L50|\n|teampreview|4\n|showteam|p1|Miraidon||ChoiceSpecs|HadronEngine|ElectroDrift,VoltSwitch,DazzlingGleam,DracoMeteor||||||50|,,,,,Fairy]Koraidon||LifeOrb|OrichalcumPulse|CloseCombat,FlareBlitz,FlameCharge,Protect||||||50|,,,,,Fire]Raging Bolt||AssaultVest|Protosynthesis|RisingVoltage,Thunderclap,DracoMeteor,Electroweb||||||50|,,,,,Electric]Incineroar||RockyHelmet|Intimidate|FakeOut,FlareBlitz,Uturn,KnockOff|||F|||50|,,,,,Ghost]Flutter Mane||FocusSash|Protosynthesis|Moonblast,IcyWind,ShadowBall,Protect||||||50|,,,,,Stellar]Iron Valiant||BoosterEnergy|QuarkDrive|SpiritBreak,Encore,Disable,WideGuard||||||50|,,,,,Fairy\n|showteam|p2|Zamazenta-Crowned||RustedShield|DauntlessShield|BodyPress,HeavySlam,WideGuard,Protect||||||50|,,,,,Ghost]Urshifu-Rapid-Strike||ChoiceScarf|UnseenFist|SurgingStrikes,CloseCombat,Uturn,AquaJet|||F|||50|,,,,,Water]Chien-Pao||FocusSash|SwordofRuin|IcicleCrash,Crunch,SuckerPunch,Protect||||||50|,,,,,Ghost]Dragonite||ChoiceBand|InnerFocus|ExtremeSpeed,Outrage,AerialAce,StompingTantrum|||M|||50|,,,,,Normal]Rillaboom||AssaultVest|GrassySurge|FakeOut,GrassyGlide,WoodHammer,Uturn|||F|||50|,,,,,Water]Giratina-Origin||GriseousCore|Levitate|ShadowSneak,DracoMeteor,Poltergeist,Protect||||||50|,,,,,Steel\n|inactive|Battle timer is ON: inactive players will automatically lose when time's up. (requested by Speedtiee)\n|inactive|Speedtiee has 60 seconds left.\n|\n|t:|1746018895\n|start\n|switch|p1a: Raging Bolt|Raging Bolt, L50|100/100\n|switch|p1b: Incineroar|Incineroar, L50, F, shiny|100/100\n|switch|p2a: Dragonite|Dragonite, L50, M|100/100\n|switch|p2b: Chien-Pao|Chien-Pao, L50|100/100\n|-ability|p2b: Chien-Pao|Sword of Ruin\n|-ability|p1b: Incineroar|Intimidate|boost\n|-fail|p2a: Dragonite|unboost|Attack|[from] ability: Inner Focus|[of] p2a: Dragonite\n|-unboost|p2b: Chien-Pao|atk|1\n|turn|1\n|inactive|Speedtiee has 30 seconds left.\n|inactive|clearmomdotcom has 30 seconds left.\n|inactive|Speedtiee has 20 seconds left.\n|inactive|clearmomdotcom has 20 seconds left.\n|inactive|Speedtiee has 15 seconds left.\n|inactive|clearmomdotcom has 15 seconds left.\n|inactive|clearmomdotcom has 10 seconds left.\n|\n|t:|1746018941\n|-terastallize|p1a: Raging Bolt|Electric\n|move|p2b: Chien-Pao|Sucker Punch|p1a: Raging Bolt\n|-crit|p1a: Raging Bolt\n|-damage|p1a: Raging Bolt|46/100\n|move|p1a: Raging Bolt|Electroweb|p2a: Dragonite|[spread] \n|-miss|p1a: Raging Bolt|p2a: Dragonite\n|-miss|p1a: Raging Bolt|p2b: Chien-Pao\n|move|p2a: Dragonite|Stomping Tantrum|p1a: Raging Bolt\n|-supereffective|p1a: Raging Bolt\n|-damage|p1a: Raging Bolt|0 fnt\n|faint|p1a: Raging Bolt\n|-end|p1a: Raging Bolt|Protosynthesis|[silent]\n|move|p1b: Incineroar|U-turn|p2a: Dragonite\n|-resisted|p2a: Dragonite\n|-damage|p2a: Dragonite|90/100\n|\n|t:|1746018955\n|switch|p1b: Miraidon|Miraidon, L50|100/100|[from] U-turn\n|-fieldstart|move: Electric Terrain|[from] ability: Hadron Engine|[of] p1b: Miraidon\n|\n|upkeep\n|\n|t:|1746018966\n|switch|p1a: Koraidon|Koraidon, L50|100/100\n|-weather|SunnyDay|[from] ability: Orichalcum Pulse|[of] p1a: Koraidon\n|-activate|p1a: Koraidon|Orichalcum Pulse|[source]\n|turn|2\n|\n|t:|1746018978\n|switch|p2a: Giratina|Giratina-Origin, L50|100/100\n|move|p2b: Chien-Pao|Protect|p2b: Chien-Pao\n|-singleturn|p2b: Chien-Pao|Protect\n|move|p1a: Koraidon|Flare Blitz|p2a: Giratina\n|-resisted|p2a: Giratina\n|-damage|p2a: Giratina|43/100\n|-damage|p1a: Koraidon|75/100|[from] Recoil\n|-damage|p1a: Koraidon|65/100|[from] item: Life Orb\n|move|p1b: Miraidon|Volt Switch|p2a: Giratina\n|-resisted|p2a: Giratina\n|-damage|p2a: Giratina|12/100\n|\n|t:|1746018983\n|switch|p1b: Incineroar|Incineroar, L50, F, shiny|100/100|[from] Volt Switch\n|-ability|p1b: Incineroar|Intimidate|boost\n|-unboost|p2a: Giratina|atk|1\n|-unboost|p2b: Chien-Pao|atk|1\n|\n|-weather|SunnyDay|[upkeep]\n|upkeep\n|turn|3\n|\n|t:|1746019001\n|switch|p2b: Dragonite|Dragonite, L50, M|90/100\n|move|p1b: Incineroar|Fake Out|p2b: Dragonite\n|-damage|p2b: Dragonite|80/100\n|move|p1a: Koraidon|Flame Charge|p2b: Dragonite\n|-resisted|p2b: Dragonite\n|-damage|p2b: Dragonite|60/100\n|-boost|p1a: Koraidon|spe|1\n|-damage|p1a: Koraidon|56/100|[from] item: Life Orb\n|move|p2a: Giratina|Draco Meteor|p1b: Incineroar\n|-damage|p1b: Incineroar|43/100\n|-unboost|p2a: Giratina|spa|2\n|\n|-weather|SunnyDay|[upkeep]\n|upkeep\n|turn|4\n|inactive|Speedtiee has 30 seconds left.\n|\n|t:|1746019028\n|switch|p2a: Chien-Pao|Chien-Pao, L50|100/100\n|-ability|p2a: Chien-Pao|Sword of Ruin\n|-terastallize|p2b: Dragonite|Normal\n|move|p2b: Dragonite|Extreme Speed|p1b: Incineroar\n|-damage|p1b: Incineroar|0 fnt\n|-damage|p2b: Dragonite|43/100|[from] item: Rocky Helmet|[of] p1b: Incineroar\n|faint|p1b: Incineroar\n|move|p1a: Koraidon|Flare Blitz|p2b: Dragonite\n|-damage|p2b: Dragonite|0 fnt\n|faint|p2b: Dragonite\n|-damage|p1a: Koraidon|40/100|[from] Recoil\n|-damage|p1a: Koraidon|30/100|[from] item: Life Orb\n|\n|-weather|SunnyDay|[upkeep]\n|upkeep\n|\n|t:|1746019041\n|switch|p2b: Giratina|Giratina-Origin, L50|12/100\n|switch|p1b: Miraidon|Miraidon, L50|100/100\n|-activate|p1b: Miraidon|ability: Hadron Engine\n|turn|5\n|\n|t:|1746019050\n|move|p2a: Chien-Pao|Protect|p2a: Chien-Pao\n|-singleturn|p2a: Chien-Pao|Protect\n|move|p2b: Giratina|Protect|p2b: Giratina\n|-singleturn|p2b: Giratina|Protect\n|move|p1a: Koraidon|Flare Blitz|p2a: Chien-Pao\n|-activate|p2a: Chien-Pao|move: Protect\n|move|p1b: Miraidon|Dazzling Gleam|p2a: Chien-Pao|[spread] \n|-activate|p2a: Chien-Pao|move: Protect\n|-activate|p2b: Giratina|move: Protect\n|\n|-weather|SunnyDay|[upkeep]\n|-fieldend|move: Electric Terrain\n|upkeep\n|turn|6\n|\n|t:|1746019062\n|move|p2b: Giratina|Shadow Sneak|p1a: Koraidon\n|-damage|p1a: Koraidon|0 fnt\n|faint|p1a: Koraidon\n|move|p2a: Chien-Pao|Icicle Crash|p1b: Miraidon\n|-supereffective|p1b: Miraidon\n|-damage|p1b: Miraidon|2/100\n|cant|p1b: Miraidon|flinch\n|\n|-weather|none\n|upkeep\n|turn|7\n|\n|t:|1746019072\n|move|p2a: Chien-Pao|Sucker Punch|p1b: Miraidon\n|-damage|p1b: Miraidon|0 fnt\n|faint|p1b: Miraidon\n|\n|win|clearmomdotcom\n||clearmomdotcom is ready for game 3.\n||Speedtiee is ready for game 3.\n|uhtml|next|Next: <a href=\"/battle-gen9vgc2025regibo3-2353921490\"><strong>Game 3 of 3</strong></a>\n|l|\u2606clearmomdotcom\n|player|p2|\n", "uploadtime": 1746019364, "views": 6, "formatid": "gen9vgc2025regibo3", "rating": null, "private": 0, "password": null}