{"id": "gen9vgc2025regibo3-2354210403", "format": "[Gen 9] VGC 2025 Reg I (Bo3)", "players": ["Solunex", "miraidons the goat"], "log": "|j|\u203dSolunex\n|j|\u2606miraidons the goat\n|html|<table width=\"100%\"><tr><td align=\"left\">Solunex</td><td align=\"right\">miraidons the goat</tr><tr><td align=\"left\"><i class=\"fa fa-circle\"></i> <i class=\"fa fa-circle-o\"></i> </td><td align=\"right\"><i class=\"fa fa-circle-o\"></i> <i class=\"fa fa-circle\"></i> </tr></table>\n|uhtml|bestof|<h2><strong>Game 3</strong> of <a href=\"/game-bestof3-gen9vgc2025regibo3-2354207228\">a best-of-3</a></h2>\n|t:|1746044983\n|gametype|doubles\n|player|p1|Solunex|101|1129\n|player|p2|miraidons the goat|lisia-masters|1195\n|teamsize|p1|6\n|teamsize|p2|6\n|gen|9\n|tier|[Gen 9] VGC 2025 Reg I (Bo3)\n|rated|\n|rule|Species Clause: Limit one of each Pok\u00e9mon\n|rule|Item Clause: Limit 1 of each item\n|clearpoke\n|poke|p1|Miraidon, L50|\n|poke|p1|Whimsicott, L50, M|\n|poke|p1|Urshifu-*, L50, M|\n|poke|p1|Ogerpon-Hearthflame, L50, F|\n|poke|p1|Calyrex-Ice, L50|\n|poke|p1|Moltres-Galar, L50|\n|poke|p2|Calyrex-Shadow, L50|\n|poke|p2|Koraidon, L50|\n|poke|p2|Chi-Yu, L50|\n|poke|p2|Indeedee-F, L50, F|\n|poke|p2|Whimsicott, L50, F|\n|poke|p2|Ditto, L50|\n|teampreview|4\n|showteam|p1|Miraidon||ChoiceSpecs|HadronEngine|ElectroDrift,DracoMeteor,DazzlingGleam,VoltSwitch||||||50|,,,,,Fairy]Whimsicott||CovertCloak|Prankster|Moonblast,Tailwind,LightScreen,Taunt|||M|||50|,,,,,Dark]Urshifu-Rapid-Strike||FocusSash|UnseenFist|SurgingStrikes,CloseCombat,AquaJet,Protect|||M|||50|,,,,,Stellar]Ogerpon-Hearthflame||HearthflameMask|MoldBreaker|IvyCudgel,WoodHammer,FollowMe,SpikyShield|||F|||50|,,,,,Fire]Calyrex-Ice||AssaultVest|AsOneGlastrier|GlacialLance,HighHorsepower,ThroatChop,SeedBomb||||||50|,,,,,Fire]Moltres-Galar||Leftovers|Berserk|FieryWrath,AirSlash,HelpingHand,Protect||||||50|,,,,,Poison\n|showteam|p2|Calyrex-Shadow||ChoiceSpecs|AsOneSpectrier|AstralBarrage,ExpandingForce,PollenPuff,Psyshock||||||50|,,,,,Dark]Koraidon||LifeOrb|OrichalcumPulse|CloseCombat,FlareBlitz,DragonClaw,Protect||||||50|,,,,,Fire]Chi-Yu||ChoiceScarf|BeadsofRuin|Snarl,DarkPulse,HeatWave,Overheat||||||50|,,,,,Fire]Indeedee-F||PsychicSeed|PsychicSurge|FollowMe,TrickRoom,HelpingHand,ShadowBall|||F|||50|,,,,,Steel]Whimsicott||CovertCloak|Prankster|Tailwind,Encore,Moonblast,SunnyDay|||F|||50|,,,,,Dark]Ditto||FocusSash|Imposter|Transform||||||50|,,,,,Ghost\n|inactive|Battle timer is ON: inactive players will automatically lose when time's up. (requested by Solunex)\n|\n|t:|1746045002\n|start\n|switch|p1a: Miraidon|Miraidon, L50|100/100\n|switch|p1b: Whimsicott|Whimsicott, L50, M, shiny|100/100\n|switch|p2a: copycat|Ditto, L50, shiny|100/100\n|switch|p2b: better bike|Koraidon, L50|100/100\n|-weather|SunnyDay|[from] ability: Orichalcum Pulse|[of] p2b: better bike\n|-activate|p2b: better bike|Orichalcum Pulse|[source]\n|-fieldstart|move: Electric Terrain|[from] ability: Hadron Engine|[of] p1a: Miraidon\n|-transform|p2a: copycat|p1b: Whimsicott|[from] ability: Imposter\n|turn|1\n|\n|t:|1746045025\n|move|p2b: better bike|Protect|p2b: better bike\n|-singleturn|p2b: better bike|Protect\n|move|p2a: copycat|Light Screen|p2a: copycat\n|-sidestart|p2: miraidons the goat|move: Light Screen\n|move|p1b: Whimsicott|Taunt|p2a: copycat\n|-start|p2a: copycat|move: Taunt\n|move|p1a: Miraidon|Draco Meteor|p2b: better bike\n|-activate|p2b: better bike|move: Protect\n|\n|-weather|SunnyDay|[upkeep]\n|upkeep\n|turn|2\n|inactive|miraidons the goat has 30 seconds left.\n|\n|t:|1746045060\n|switch|p2b: fat|Indeedee-F, L50, F, shiny|100/100\n|-fieldstart|move: Psychic Terrain|[from] ability: Psychic Surge|[of] p2b: fat\n|-enditem|p2b: fat|Psychic Seed\n|-boost|p2b: fat|spd|1|[from] item: Psychic Seed\n|move|p1b: Whimsicott|Tailwind|p1b: Whimsicott\n|-sidestart|p1: Solunex|move: Tailwind\n|move|p1a: Miraidon|Draco Meteor|p2b: fat\n|-damage|p2b: fat|55/100\n|-unboost|p1a: Miraidon|spa|2\n|move|p2a: copycat|Moonblast|p1a: Miraidon\n|-supereffective|p1a: Miraidon\n|-damage|p1a: Miraidon|57/100\n|\n|-weather|SunnyDay|[upkeep]\n|upkeep\n|turn|3\n|inactive|miraidons the goat has 30 seconds left.\n|\n|t:|1746045088\n|move|p1a: Miraidon|Draco Meteor|p2b: fat\n|-damage|p2b: fat|34/100\n|-unboost|p1a: Miraidon|spa|2\n|move|p1b: Whimsicott|Moonblast|p2b: fat\n|-damage|p2b: fat|25/100\n|-unboost|p2b: fat|spa|1\n|move|p2a: copycat|Moonblast|p1a: Miraidon\n|-supereffective|p1a: Miraidon\n|-damage|p1a: Miraidon|11/100\n|move|p2b: fat|Shadow Ball|p1b: Whimsicott\n|-damage|p1b: Whimsicott|88/100\n|\n|-weather|SunnyDay|[upkeep]\n|upkeep\n|turn|4\n|inactive|miraidons the goat has 30 seconds left.\n|\n|t:|1746045116\n|switch|p1a: Calyrex|Calyrex-Ice, L50|100/100\n|-ability|p1a: Calyrex|As One\n|-ability|p1a: Calyrex|Unnerve\n|move|p1b: Whimsicott|Light Screen|p1b: Whimsicott\n|-sidestart|p1: Solunex|move: Light Screen\n|move|p2a: copycat|Moonblast|p1a: Calyrex\n|-damage|p1a: Calyrex|91/100\n|move|p2b: fat|Shadow Ball|p1b: Whimsicott\n|-damage|p1b: Whimsicott|79/100\n|\n|-weather|SunnyDay|[upkeep]\n|-end|p2a: copycat|move: Taunt\n|upkeep\n|turn|5\n|inactive|miraidons the goat has 30 seconds left.\n|inactive|Solunex has 30 seconds left.\n|inactive|miraidons the goat has 20 seconds left.\n|inactive|Solunex has 20 seconds left.\n|inactive|miraidons the goat has 15 seconds left.\n|\n|t:|1746045157\n|switch|p2a: mind tricks|Calyrex-Shadow, L50|100/100\n|-ability|p2a: mind tricks|As One\n|-ability|p2a: mind tricks|Unnerve\n|move|p1b: Whimsicott|Taunt|p2a: mind tricks\n|-activate|p2a: mind tricks|move: Psychic Terrain\n|move|p1a: Calyrex|Glacial Lance|p2a: mind tricks|[spread] p2a,p2b\n|-damage|p2a: mind tricks|40/100\n|-damage|p2b: fat|0 fnt\n|faint|p2b: fat\n|-ability|p1a: Calyrex|Chilling Neigh|boost\n|-boost|p1a: Calyrex|atk|1\n|\n|-weather|none\n|-sideend|p2: miraidons the goat|move: Light Screen\n|-sideend|p1: Solunex|move: Tailwind\n|upkeep\n|\n|t:|1746045171\n|switch|p2b: better bike|Koraidon, L50|100/100\n|-weather|SunnyDay|[from] ability: Orichalcum Pulse|[of] p2b: better bike\n|-activate|p2b: better bike|Orichalcum Pulse|[source]\n|turn|6\n|\n|t:|1746045181\n|-terastallize|p2b: better bike|Fire\n|-terastallize|p1a: Calyrex|Fire\n|move|p1b: Whimsicott|Tailwind|p1b: Whimsicott\n|-sidestart|p1: Solunex|move: Tailwind\n|move|p1a: Calyrex|Glacial Lance|p2b: better bike|[spread] p2a,p2b\n|-resisted|p2b: better bike\n|-damage|p2a: mind tricks|0 fnt\n|-damage|p2b: better bike|66/100\n|faint|p2a: mind tricks\n|-ability|p1a: Calyrex|Chilling Neigh|boost\n|-boost|p1a: Calyrex|atk|1\n|move|p2b: better bike|Close Combat|p1a: Calyrex\n|-crit|p1a: Calyrex\n|-damage|p1a: Calyrex|0 fnt\n|-unboost|p2b: better bike|def|1\n|-unboost|p2b: better bike|spd|1\n|faint|p1a: Calyrex\n|-damage|p2b: better bike|57/100|[from] item: Life Orb\n|\n|-weather|SunnyDay|[upkeep]\n|-fieldend|move: Psychic Terrain\n|upkeep\n|\n|t:|1746045199\n|switch|p2a: copycat|Ditto, L50, shiny|100/100\n|switch|p1a: Miraidon|Miraidon, L50|11/100\n|-fieldstart|move: Electric Terrain|[from] ability: Hadron Engine|[of] p1a: Miraidon\n|-transform|p2a: copycat|p1b: Whimsicott|[from] ability: Imposter\n|turn|7\n|\n|t:|1746045212\n|move|p2b: better bike|Protect|p2b: better bike\n|-singleturn|p2b: better bike|Protect\n|move|p1b: Whimsicott|Taunt|p2a: copycat\n|-start|p2a: copycat|move: Taunt\n|move|p1a: Miraidon|Electro Drift|p2b: better bike\n|-activate|p2b: better bike|move: Protect\n|move|p2a: copycat|Moonblast|p1a: Miraidon\n|-supereffective|p1a: Miraidon\n|-damage|p1a: Miraidon|0 fnt\n|faint|p1a: Miraidon\n|\n|-weather|SunnyDay|[upkeep]\n|upkeep\n|\n|t:|1746045215\n|switch|p1a: Moltres|Moltres-Galar, L50|100/100\n|turn|8\n|\n|t:|1746045232\n|move|p1b: Whimsicott|Tailwind||[still]\n|-fail|p1b: Whimsicott\n|move|p1a: Moltres|Fiery Wrath|p2a: copycat|[spread] p2a,p2b\n|-resisted|p2a: copycat\n|-damage|p2a: copycat|86/100\n|-damage|p2b: better bike|22/100\n|cant|p2b: better bike|flinch\n|move|p2a: copycat|Moonblast|p1a: Moltres\n|-supereffective|p1a: Moltres\n|-damage|p1a: Moltres|78/100\n|\n|-weather|SunnyDay|[upkeep]\n|-heal|p1a: Moltres|84/100|[from] item: Leftovers\n|-sideend|p1: Solunex|move: Light Screen\n|upkeep\n|turn|9\n|\n|t:|1746045251\n|move|p1a: Moltres|Protect|p1a: Moltres\n|-singleturn|p1a: Moltres|Protect\n|move|p2b: better bike|Protect|p2b: better bike\n|-singleturn|p2b: better bike|Protect\n|move|p1b: Whimsicott|Moonblast|p2b: better bike\n|-activate|p2b: better bike|move: Protect\n|move|p2a: copycat|Moonblast|p1a: Moltres\n|-activate|p1a: Moltres|move: Protect\n|\n|-weather|SunnyDay|[upkeep]\n|-heal|p1a: Moltres|90/100|[from] item: Leftovers\n|-end|p2a: copycat|move: Taunt\n|-sideend|p1: Solunex|move: Tailwind\n|upkeep\n|turn|10\n|\n|t:|1746045269\n|move|p1b: Whimsicott|Tailwind|p1b: Whimsicott\n|-sidestart|p1: Solunex|move: Tailwind\n|move|p2a: copycat|Tailwind|p2a: copycat\n|-sidestart|p2: miraidons the goat|move: Tailwind\n|move|p2b: better bike|Flare Blitz|p1a: Moltres\n|-damage|p1a: Moltres|0 fnt\n|faint|p1a: Moltres\n|-damage|p2b: better bike|0 fnt|[from] Recoil\n|faint|p2b: better bike\n|\n|-weather|none\n|upkeep\n|turn|11\n|\n|t:|1746045287\n|move|p1b: Whimsicott|Light Screen|p1b: Whimsicott\n|-sidestart|p1: Solunex|move: Light Screen\n|move|p2a: copycat|Light Screen|p2a: copycat\n|-sidestart|p2: miraidons the goat|move: Light Screen\n|\n|-fieldend|move: Electric Terrain\n|upkeep\n|turn|12\n|\n|t:|1746045294\n|move|p2a: copycat|Moonblast|p1b: Whimsicott\n|-damage|p1b: Whimsicott|60/100\n|move|p1b: Whimsicott|Moonblast|p2a: copycat\n|-damage|p2a: copycat|65/100\n|\n|upkeep\n|turn|13\n|\n|t:|1746045306\n|move|p2a: copycat|Moonblast|p1b: Whimsicott\n|-damage|p1b: Whimsicott|42/100\n|move|p1b: Whimsicott|Moonblast|p2a: copycat\n|-damage|p2a: copycat|42/100\n|\n|-sideend|p1: Solunex|move: Tailwind\n|-sideend|p2: miraidons the goat|move: Tailwind\n|upkeep\n|turn|14\n|c|\u2606miraidons the goat|welp it'll come down to this ig\n|c|\u2606miraidons the goat|oop\n|c|\u2606miraidons the goat|im out of pp\n|c|\u2606miraidons the goat|for some reason its 5\n|c|\u2606miraidons the goat|lol\n|inactive|miraidons the goat has 30 seconds left.\n|\n|t:|1746045334\n|move|p2a: copycat|Taunt|p1b: Whimsicott\n|-start|p1b: Whimsicott|move: Taunt\n|move|p1b: Whimsicott|Moonblast|p2a: copycat\n|-damage|p2a: copycat|22/100\n|\n|upkeep\n|turn|15\n|\n|t:|1746045342\n|move|p2a: copycat|Tailwind|p2a: copycat\n|-sidestart|p2: miraidons the goat|move: Tailwind\n|move|p1b: Whimsicott|Moonblast|p2a: copycat\n|-damage|p2a: copycat|2/100\n|\n|-sideend|p2: miraidons the goat|move: Light Screen\n|-sideend|p1: Solunex|move: Light Screen\n|upkeep\n|turn|16\n|\n|t:|1746045351\n|move|p2a: copycat|Light Screen|p2a: copycat\n|-sidestart|p2: miraidons the goat|move: Light Screen\n|move|p1b: Whimsicott|Moonblast|p2a: copycat\n|-damage|p2a: copycat|0 fnt\n|faint|p2a: copycat\n|\n|win|Solunex\n|raw|Solunex's rating: 1129 &rarr; <strong>1159</strong><br />(+30 for winning)\n|raw|miraidons the goat's rating: 1195 &rarr; <strong>1165</strong><br />(-30 for losing)\n|l|\u2606miraidons the goat\n|player|p2|\n|j|\u2606miraidons the goat\n|player|p2|miraidons the goat|lisia-masters|\n|l|\u2606miraidons the goat\n|player|p2|\n", "uploadtime": 1746045356, "views": 12, "formatid": "gen9vgc2025regibo3", "rating": 1159, "private": 0, "password": null}