{"id": "gen9vgc2025regibo3-2354944303", "format": "[Gen 9] VGC 2025 Reg I (Bo3)", "players": ["jazammm", "Playest011"], "log": "|j|\u2606jazammm\n|j|\u2606Playest011\n|html|<table width=\"100%\"><tr><td align=\"left\">jazammm</td><td align=\"right\">Playest011</tr><tr><td align=\"left\"><i class=\"fa fa-circle-o\"></i> <i class=\"fa fa-circle-o\"></i> </td><td align=\"right\"><i class=\"fa fa-circle-o\"></i> <i class=\"fa fa-circle-o\"></i> </tr></table>\n|uhtml|bestof|<h2><strong>Game 1</strong> of <a href=\"/game-bestof3-gen9vgc2025regibo3-2354944302\">a best-of-3</a></h2>\n|t:|1746134276\n|gametype|doubles\n|player|p1|jazammm|2|1000\n|player|p2|Playest011|infielder|1089\n|teamsize|p1|6\n|teamsize|p2|6\n|gen|9\n|tier|[Gen 9] VGC 2025 Reg I (Bo3)\n|rated|\n|rule|Species Clause: Limit one of each Pok\u00e9mon\n|rule|Item Clause: Limit 1 of each item\n|clearpoke\n|poke|p1|Ninetales, L50, F|\n|poke|p1|Incineroar, L50, F|\n|poke|p1|Koraidon, L50|\n|poke|p1|Archaludon, L50, F|\n|poke|p1|Chien-Pao, L50|\n|poke|p1|Smeargle, L50, M|\n|poke|p2|Zacian-*, L50|\n|poke|p2|Calyrex-Ice, L50|\n|poke|p2|Pelipper, L50, F|\n|poke|p2|Urshifu-*, L50, F|\n|poke|p2|Raging Bolt, L50|\n|poke|p2|Ogerpon-Cornerstone, L50, F|\n|teampreview|4\n|showteam|p1|Ninetales||LifeOrb|Drought|Safeguard,SolarBeam,HeatWave,Disable|||F|||50|,,,,,Fire]Incineroar||EjectPack|Intimidate|CloseCombat,DarkestLariat,FlareBlitz,FakeOut|||F|||50|,,,,,Fire]Koraidon||AssaultVest|OrichalcumPulse|WildCharge,CollisionCourse,DrainPunch,BreakingSwipe||||||50|,,,,,Fairy]Archaludon||RockyHelmet|Stamina|ElectroShot,DragonTail,DragonCheer,BodyPress|||F|||50|,,,,,Ghost]Chien-Pao|||SwordofRuin|SacredSword,SuckerPunch,Acrobatics,Endure||||||50|,,,,,Dark]Smeargle||SafetyGoggles|Moody|WideGuard,Decorate,Spore,SkillSwap|||M|||50|,,,,,Ghost\n|showteam|p2|Zacian-Crowned||RustedSword|IntrepidSword|Protect,PlayRough,SacredSword,behemothblade||||||50|,,,,,Dragon]Calyrex-Ice||ClearAmulet|AsOneGlastrier|Protect,TrickRoom,HighHorsepower,GlacialLance||||||50|,,,,,Water]Pelipper||FocusSash|Drizzle|Protect,Hurricane,WeatherBall,WideGuard|||F|||50|,,,,,Ghost]Urshifu-Rapid-Strike||ChoiceScarf|UnseenFist|SurgingStrikes,CloseCombat,Coaching,Uturn|||F|||50|,,,,,Ghost]Raging Bolt||BoosterEnergy|Protosynthesis|Protect,Thunderbolt,Thunderclap,DracoMeteor||||||50|,,,,,Fairy]Ogerpon-Cornerstone||CornerstoneMask|Sturdy|SpikyShield,FollowMe,WoodHammer,IvyCudgel|||F|||50|,,,,,Rock\n|inactive|Battle timer is ON: inactive players will automatically lose when time's up. (requested by Playest011)\n|\n|t:|1746134294\n|start\n|switch|p1a: Smeargle|Smeargle, L50, M|100/100\n|switch|p1b: Incineroar|Incineroar, L50, F|100/100\n|switch|p2a: Calyrex|Calyrex-Ice, L50|100/100\n|switch|p2b: Urshifu|Urshifu-Rapid-Strike, L50, F|100/100\n|-ability|p2a: Calyrex|As One\n|-ability|p2a: Calyrex|Unnerve\n|-ability|p1b: Incineroar|Intimidate|boost\n|-fail|p2a: Calyrex|unboost|[from] item: Clear Amulet|[of] p2a: Calyrex\n|-unboost|p2b: Urshifu|atk|1\n|turn|1\n|\n|t:|1746134318\n|-terastallize|p2b: Urshifu|Ghost\n|move|p1b: Incineroar|Fake Out|p2b: Urshifu\n|-immune|p2b: Urshifu\n|move|p2b: Urshifu|Surging Strikes|p1a: Smeargle\n|-crit|p1a: Smeargle\n|-damage|p1a: Smeargle|48/100\n|-crit|p1a: Smeargle\n|-damage|p1a: Smeargle|1/100\n|-crit|p1a: Smeargle\n|-damage|p1a: Smeargle|0 fnt\n|faint|p1a: Smeargle\n|-hitcount|p1: Smeargle|3\n|move|p2a: Calyrex|Glacial Lance|p1b: Incineroar\n|-resisted|p1b: Incineroar\n|-damage|p1b: Incineroar|63/100\n|\n|upkeep\n|\n|t:|1746134329\n|switch|p1a: Ninetales|Ninetales, L50, F|100/100\n|-weather|SunnyDay|[from] ability: Drought|[of] p1a: Ninetales\n|turn|2\n|inactive|Playest011 has 30 seconds left.\n|\n|t:|1746134357\n|switch|p1b: Koraidon|Koraidon, L50|100/100\n|-activate|p1b: Koraidon|ability: Orichalcum Pulse\n|switch|p2a: Pelipper|Pelipper, L50, F|100/100\n|-weather|RainDance|[from] ability: Drizzle|[of] p2a: Pelipper\n|move|p2b: Urshifu|Surging Strikes|p1b: Koraidon\n|-resisted|p1b: Koraidon\n|-crit|p1b: Koraidon\n|-damage|p1b: Koraidon|86/100\n|-resisted|p1b: Koraidon\n|-crit|p1b: Koraidon\n|-damage|p1b: Koraidon|70/100\n|-resisted|p1b: Koraidon\n|-crit|p1b: Koraidon\n|-damage|p1b: Koraidon|57/100\n|-hitcount|p1b: Koraidon|3\n|move|p1a: Ninetales|Heat Wave|p2a: Pelipper|[spread] p2a,p2b\n|-resisted|p2a: Pelipper\n|-damage|p2a: Pelipper|87/100\n|-damage|p2b: Urshifu|78/100\n|-damage|p1a: Ninetales|91/100|[from] item: Life Orb\n|\n|-weather|RainDance|[upkeep]\n|upkeep\n|turn|3\n|inactive|jazammm has 30 seconds left.\n|\n|t:|1746134388\n|switch|p1b: Incineroar|Incineroar, L50, F|63/100\n|-ability|p1b: Incineroar|Intimidate|boost\n|-unboost|p2a: Pelipper|atk|1\n|-unboost|p2b: Urshifu|atk|1\n|move|p2b: Urshifu|Surging Strikes|p1a: Ninetales\n|-supereffective|p1a: Ninetales\n|-crit|p1a: Ninetales\n|-damage|p1a: Ninetales|2/100\n|-supereffective|p1a: Ninetales\n|-crit|p1a: Ninetales\n|-damage|p1a: Ninetales|0 fnt\n|faint|p1a: Ninetales\n|-hitcount|p1: Ninetales|2\n|move|p2a: Pelipper|Hurricane|p1b: Incineroar\n|-damage|p1b: Incineroar|13/100\n|\n|-weather|RainDance|[upkeep]\n|upkeep\n|\n|t:|1746134397\n|switch|p1a: Koraidon|Koraidon, L50|57/100\n|-weather|SunnyDay|[from] ability: Orichalcum Pulse|[of] p1a: Koraidon\n|-activate|p1a: Koraidon|Orichalcum Pulse|[source]\n|turn|4\n|\n|t:|1746134408\n|move|p2a: Pelipper|Protect|p2a: Pelipper\n|-singleturn|p2a: Pelipper|Protect\n|move|p2b: Urshifu|Surging Strikes|p1b: Incineroar\n|-supereffective|p1b: Incineroar\n|-crit|p1b: Incineroar\n|-damage|p1b: Incineroar|0 fnt\n|faint|p1b: Incineroar\n|-hitcount|p1: Incineroar|1\n|move|p1a: Koraidon|Wild Charge|p2b: Urshifu\n|-damage|p2b: Urshifu|31/100\n|-damage|p1a: Koraidon|45/100|[from] Recoil\n|\n|-weather|SunnyDay|[upkeep]\n|upkeep\n|turn|5\n|\n|t:|1746134415\n|move|p2b: Urshifu|Surging Strikes|p1a: Koraidon\n|-resisted|p1a: Koraidon\n|-crit|p1a: Koraidon\n|-damage|p1a: Koraidon|41/100\n|-resisted|p1a: Koraidon\n|-crit|p1a: Koraidon\n|-damage|p1a: Koraidon|37/100\n|-resisted|p1a: Koraidon\n|-crit|p1a: Koraidon\n|-damage|p1a: Koraidon|33/100\n|-hitcount|p1a: Koraidon|3\n|move|p1a: Koraidon|Wild Charge|p2b: Urshifu\n|-crit|p2b: Urshifu\n|-damage|p2b: Urshifu|0 fnt\n|faint|p2b: Urshifu\n|-damage|p1a: Koraidon|26/100|[from] Recoil\n|move|p2a: Pelipper|Hurricane|p1a: Koraidon|[miss]\n|-miss|p2a: Pelipper|p1a: Koraidon\n|\n|-weather|SunnyDay|[upkeep]\n|upkeep\n|\n|t:|1746134427\n|switch|p2b: Calyrex|Calyrex-Ice, L50|100/100\n|-ability|p2b: Calyrex|As One\n|-ability|p2b: Calyrex|Unnerve\n|turn|6\n|\n|t:|1746134443\n|move|p2b: Calyrex|Protect|p2b: Calyrex\n|-singleturn|p2b: Calyrex|Protect\n|move|p1a: Koraidon|Drain Punch|p2b: Calyrex\n|-activate|p2b: Calyrex|move: Protect\n|move|p2a: Pelipper|Hurricane|p1a: Koraidon|[miss]\n|-miss|p2a: Pelipper|p1a: Koraidon\n|\n|-weather|SunnyDay|[upkeep]\n|upkeep\n|turn|7\n|\n|t:|1746134455\n|move|p1a: Koraidon|Drain Punch|p2b: Calyrex\n|-damage|p2b: Calyrex|66/100\n|-heal|p1a: Koraidon|46/100|[from] drain|[of] p2b: Calyrex\n|move|p2a: Pelipper|Hurricane|p1a: Koraidon\n|-supereffective|p1a: Koraidon\n|-damage|p1a: Koraidon|0 fnt\n|faint|p1a: Koraidon\n|\n|win|Playest011\n||jazammm is ready for game 2.\n||Playest011 is ready for game 2.\n|uhtml|next|Next: <a href=\"/battle-gen9vgc2025regibo3-2354946069\"><strong>Game 2 of 3</strong></a>\n", "uploadtime": 1746134667, "views": 6, "formatid": "gen9vgc2025regibo3", "rating": null, "private": 0, "password": null}