{"id": "gen9vgc2025regibo3-2355058466", "format": "[Gen 9] VGC 2025 Reg I (Bo3)", "players": ["GlobalProtect", "souraiz?vgc"], "log": "|j|\u2606GlobalProtect\n|j|\u2606souraiz?vgc\n|html|<table width=\"100%\"><tr><td align=\"left\">GlobalProtect</td><td align=\"right\">souraiz?vgc</tr><tr><td align=\"left\"><i class=\"fa fa-circle-o\"></i> <i class=\"fa fa-circle-o\"></i> </td><td align=\"right\"><i class=\"fa fa-circle-o\"></i> <i class=\"fa fa-circle-o\"></i> </tr></table>\n|uhtml|bestof|<h2><strong>Game 1</strong> of <a href=\"/game-bestof3-gen9vgc2025regibo3-2355058465\">a best-of-3</a></h2>\n|t:|1746147329\n|gametype|doubles\n|player|p1|GlobalProtect|iris-gen5bw2|1337\n|player|p2|souraiz?vgc|janine|1220\n|teamsize|p1|6\n|teamsize|p2|6\n|gen|9\n|tier|[Gen 9] VGC 2025 Reg I (Bo3)\n|rated|\n|rule|Species Clause: Limit one of each Pok\u00e9mon\n|rule|Item Clause: Limit 1 of each item\n|clearpoke\n|poke|p1|Calyrex-Ice, L50|\n|poke|p1|Lunala, L50|\n|poke|p1|Smeargle, L50, M|\n|poke|p1|Annihilape, L50, M|\n|poke|p1|Indeedee-F, L50, F|\n|poke|p1|Ursaluna, L50, M|\n|poke|p2|Kyogre, L50|\n|poke|p2|Calyrex-Ice, L50|\n|poke|p2|Urshifu-*, L50, F|\n|poke|p2|Indeedee-F, L50, F|\n|poke|p2|Rhyperior, L50, M|\n|poke|p2|Annihilape, L50, F|\n|teampreview|4\n|showteam|p1|Calyrex-Ice||ClearAmulet|AsOneGlastrier|GlacialLance,HighHorsepower,TrickRoom,Protect||||||50|,,,,,Fire]Lunala||PowerHerb|ShadowShield|ExpandingForce,MoongeistBeam,MeteorBeam,TrickRoom||||||50|,,,,,Grass]Smeargle||FocusSash|Technician|FakeOut,FollowMe,Decorate,Spore|||M|||50|,,,,,Grass]Annihilape||ChoiceScarf|Defiant|FinalGambit,ShadowClaw,CloseCombat,Uturn|||M|||50|,,,,,Normal]Indeedee-F||SafetyGoggles|PsychicSurge|FollowMe,Psychic,TrickRoom,HealPulse|||F|||50|,,,,,Fairy]Ursaluna||FlameOrb|Guts|Facade,HeadlongRush,Earthquake,Protect|||M|||50|,,,,,Poison\n|showteam|p2|Kyogre||AssaultVest|Drizzle|WaterSpout,OriginPulse,IceBeam,Thunder||||||50|,,,,,Grass]Calyrex-Ice||ClearAmulet|AsOneGlastrier|GlacialLance,CloseCombat,TrickRoom,Protect||||||50|,,,,,Fire]Urshifu-Rapid-Strike||ChoiceBand|UnseenFist|CloseCombat,SurgingStrikes,AquaJet,Uturn|||F|||50|,,,,,Water]Indeedee-F||RockyHelmet|PsychicSurge|Psychic,HelpingHand,FollowMe,TrickRoom|||F|||50|,,,,,Grass]Rhyperior||PsychicSeed|LightningRod|StompingTantrum,RockSlide,HeavySlam,HornDrill|||M|||50|,,,,,Fairy]Annihilape||ChoiceScarf|Defiant|CloseCombat,ShadowClaw,Coaching,FinalGambit|||F|||50|,,,,,Normal\n|inactive|Battle timer is ON: inactive players will automatically lose when time's up. (requested by souraiz?vgc)\n|inactive|GlobalProtect has 60 seconds left.\n|\n|t:|1746147365\n|start\n|switch|p1a: Indeedee|Indeedee-F, L50, F|100/100\n|switch|p1b: Annihilape|Annihilape, L50, M, shiny|100/100\n|switch|p2a: Urshifu|Urshifu-Rapid-Strike, L50, F|100/100\n|switch|p2b: Kyogre|Kyogre, L50|100/100\n|-weather|RainDance|[from] ability: Drizzle|[of] p2b: Kyogre\n|-fieldstart|move: Psychic Terrain|[from] ability: Psychic Surge|[of] p1a: Indeedee\n|turn|1\n|\n|t:|1746147380\n|switch|p2a: Annihilape|Annihilape, L50, F|100/100\n|move|p1b: Annihilape|Final Gambit|p2b: Kyogre\n|-damage|p2b: Kyogre|0 fnt\n|faint|p1b: Annihilape\n|faint|p2b: Kyogre\n|move|p1a: Indeedee|Trick Room|p1a: Indeedee\n|-fieldstart|move: Trick Room|[of] p1a: Indeedee\n|\n|-weather|RainDance|[upkeep]\n|upkeep\n|inactive|GlobalProtect has 30 seconds left.\n|\n|t:|1746147409\n|switch|p2b: Calyrex|Calyrex-Ice, L50|100/100\n|switch|p1b: Calyrex|Calyrex-Ice, L50|100/100\n|-ability|p1b: Calyrex|As One\n|-ability|p1b: Calyrex|Unnerve\n|-ability|p2b: Calyrex|As One\n|-ability|p2b: Calyrex|Unnerve\n|turn|2\n|\n|t:|1746147429\n|-terastallize|p1b: Calyrex|Fire\n|move|p1a: Indeedee|Follow Me|p1a: Indeedee\n|-singleturn|p1a: Indeedee|move: Follow Me\n|move|p1b: Calyrex|Glacial Lance|p2a: Annihilape|[spread] p2a,p2b\n|-resisted|p2b: Calyrex\n|-damage|p2a: Annihilape|44/100\n|-damage|p2b: Calyrex|83/100\n|move|p2b: Calyrex|Glacial Lance|p1a: Indeedee|[spread] p1a,p1b\n|-resisted|p1b: Calyrex\n|-damage|p1a: Indeedee|43/100\n|-damage|p1b: Calyrex|84/100\n|move|p2a: Annihilape|Coaching|p2b: Calyrex\n|-boost|p2b: Calyrex|atk|1\n|-boost|p2b: Calyrex|def|1\n|\n|-weather|RainDance|[upkeep]\n|upkeep\n|turn|3\n|\n|t:|1746147449\n|switch|p2a: Urshifu|Urshifu-Rapid-Strike, L50, F|100/100\n|move|p1b: Calyrex|Glacial Lance|p2a: Urshifu|[spread] p2a,p2b\n|-resisted|p2a: Urshifu\n|-resisted|p2b: Calyrex\n|-damage|p2a: Urshifu|73/100\n|-damage|p2b: Calyrex|70/100\n|move|p1a: Indeedee|Heal Pulse|p1b: Calyrex\n|-heal|p1b: Calyrex|100/100\n|move|p2b: Calyrex|Trick Room|p2b: Calyrex\n|-fieldend|move: Trick Room\n|\n|-weather|RainDance|[upkeep]\n|upkeep\n|turn|4\n|\n|t:|1746147464\n|move|p1a: Indeedee|Follow Me|p1a: Indeedee\n|-singleturn|p1a: Indeedee|move: Follow Me\n|move|p2a: Urshifu|U-turn|p1a: Indeedee\n|-supereffective|p1a: Indeedee\n|-damage|p1a: Indeedee|0 fnt\n|faint|p1a: Indeedee\n|\n|t:|1746147469\n|switch|p2a: Annihilape|Annihilape, L50, F|44/100|[from] U-turn\n|move|p2b: Calyrex|Glacial Lance|p1b: Calyrex\n|-resisted|p1b: Calyrex\n|-damage|p1b: Calyrex|66/100\n|move|p1b: Calyrex|Trick Room|p1b: Calyrex\n|-fieldstart|move: Trick Room|[of] p1b: Calyrex\n|\n|-weather|RainDance|[upkeep]\n|upkeep\n|\n|t:|1746147471\n|switch|p1a: Lunala|Lunala, L50|100/100\n|turn|5\n|\n|t:|1746147493\n|move|p2b: Calyrex|Protect|p2b: Calyrex\n|-singleturn|p2b: Calyrex|Protect\n|move|p1b: Calyrex|Glacial Lance|p2a: Annihilape|[spread] p2a\n|-activate|p2b: Calyrex|move: Protect\n|-damage|p2a: Annihilape|0 fnt\n|faint|p2a: Annihilape\n|-ability|p1b: Calyrex|Chilling Neigh|boost\n|-boost|p1b: Calyrex|atk|1\n|move|p1a: Lunala|Meteor Beam||[still]\n|-prepare|p1a: Lunala|Meteor Beam\n|-boost|p1a: Lunala|spa|1\n|-enditem|p1a: Lunala|Power Herb\n|-anim|p1a: Lunala|Meteor Beam|p2b: Calyrex\n|-activate|p2b: Calyrex|move: Protect\n|\n|-weather|none\n|-fieldend|move: Psychic Terrain\n|upkeep\n|\n|t:|1746147507\n|switch|p2a: Urshifu|Urshifu-Rapid-Strike, L50, F|73/100\n|turn|6\n|\n|t:|1746147518\n|-terastallize|p2b: Calyrex|Fire\n|move|p2a: Urshifu|Aqua Jet|p1b: Calyrex\n|-supereffective|p1b: Calyrex\n|-damage|p1b: Calyrex|30/100\n|move|p1b: Calyrex|Glacial Lance|p2b: Calyrex|[spread] p2a,p2b\n|-resisted|p2a: Urshifu\n|-resisted|p2b: Calyrex\n|-damage|p2a: Urshifu|36/100\n|-damage|p2b: Calyrex|50/100\n|move|p2b: Calyrex|Glacial Lance|p1b: Calyrex|[spread] p1a,p1b\n|-resisted|p1b: Calyrex\n|-damage|p1a: Lunala|64/100\n|-damage|p1b: Calyrex|4/100\n|move|p1a: Lunala|Moongeist Beam|p2b: Calyrex\n|-damage|p2b: Calyrex|0 fnt\n|faint|p2b: Calyrex\n|\n|upkeep\n|turn|7\n|\n|t:|1746147535\n|move|p2a: Urshifu|Aqua Jet|p1b: Calyrex\n|-supereffective|p1b: Calyrex\n|-damage|p1b: Calyrex|0 fnt\n|faint|p1b: Calyrex\n|move|p1a: Lunala|Moongeist Beam|p2a: Urshifu\n|-damage|p2a: Urshifu|0 fnt\n|faint|p2a: Urshifu\n|\n|win|GlobalProtect\n||souraiz?vgc is ready for game 2.\n||GlobalProtect is ready for game 2.\n|uhtml|next|Next: <a href=\"/battle-gen9vgc2025regibo3-2355060211\"><strong>Game 2 of 3</strong></a>\n|l|\u2606souraiz?vgc\n|player|p2|\n", "uploadtime": 1746147876, "views": 3, "formatid": "gen9vgc2025regibo3", "rating": null, "private": 0, "password": null}