{"id": "gen9vgc2025regibo3-2353792170", "format": "[Gen 9] VGC 2025 Reg I (Bo3)", "players": ["MrToxicStall", "iyuhv"], "log": "|j|\u2606MrToxicStall\n|j|\u2606iyuhv\n|html|<table width=\"100%\"><tr><td align=\"left\">MrToxicStall</td><td align=\"right\">iyuhv</tr><tr><td align=\"left\"><i class=\"fa fa-circle-o\"></i> <i class=\"fa fa-circle-o\"></i> </td><td align=\"right\"><i class=\"fa fa-circle-o\"></i> <i class=\"fa fa-circle-o\"></i> </tr></table>\n|uhtml|bestof|<h2><strong>Game 1</strong> of <a href=\"/game-bestof3-gen9vgc2025regibo3-2353792169\">a best-of-3</a></h2>\n|t:|1746000711\n|gametype|doubles\n|player|p1|MrToxicStall|riley|1069\n|player|p2|iyuhv|102|1060\n|teamsize|p1|6\n|teamsize|p2|6\n|gen|9\n|tier|[Gen 9] VGC 2025 Reg I (Bo3)\n|rated|\n|rule|Species Clause: Limit one of each Pok\u00e9mon\n|rule|Item Clause: Limit 1 of each item\n|clearpoke\n|poke|p1|Necrozma-Dawn-Wings, L50|\n|poke|p1|Calyrex-Ice, L50|\n|poke|p1|Indeedee-F, L50, F|\n|poke|p1|Incineroar, L50, M|\n|poke|p1|Amoonguss, L50, M|\n|poke|p1|Raging Bolt, L50|\n|poke|p2|Terapagos, L50, M|\n|poke|p2|Talonflame, L50, M|\n|poke|p2|Farigiraf, L50, M|\n|poke|p2|Miraidon, L50|\n|poke|p2|Iron Hands, L50|\n|poke|p2|Urshifu-*, L50, F|\n|teampreview|4\n|showteam|p1|Necrozma-Dawn-Wings||PsychicSeed|PrismArmor|Protect,TeraBlast,MoongeistBeam,ExpandingForce||||||50|,,,,,Water]Calyrex-Ice||ClearAmulet|AsOneGlastrier|Protect,TrickRoom,StompingTantrum,GlacialLance||||||50|,,,,,Fire]Indeedee-F||RockyHelmet|PsychicSurge|Protect,TrickRoom,FollowMe,HelpingHand|||F|||50|,,,,,Fairy]Incineroar||AssaultVest|Intimidate|FakeOut,FlareBlitz,KnockOff,Uturn|||M|||50|,,,,,Ghost]Amoonguss||MentalHerb|Regenerator|Protect,Spore,RagePowder,PollenPuff|||M|||50|,,,,,Water]Raging Bolt||BoosterEnergy|Protosynthesis|Thunderclap,Thunderbolt,DracoMeteor,VoltSwitch||||||50|,,,,,Electric\n|showteam|p2|Terapagos||Leftovers|TeraShift|TeraStarstorm,DarkPulse,Protect,CalmMind|||M|||50|,,,,,Stellar]Talonflame||LifeOrb|GaleWings|Tailwind,BraveBird,FlareBlitz,Protect|||M|||50|,,,,,Flying]Farigiraf||SitrusBerry|ArmorTail|HelpingHand,Protect,TrickRoom,HyperVoice|||M|||50|,,,,,Grass]Miraidon||ChoiceSpecs|HadronEngine|VoltSwitch,DracoMeteor,ElectroDrift,DazzlingGleam||||||50|,,,,,Fairy]Iron Hands||AssaultVest|QuarkDrive|FakeOut,DrainPunch,SupercellSlam,CloseCombat||||||50|,,,,,Grass]Urshifu||FocusSash|UnseenFist|CloseCombat,Detect,SuckerPunch,WickedBlow|||F|||50|,,,,,Dark\n|inactive|Battle timer is ON: inactive players will automatically lose when time's up. (requested by MrToxicStall)\n|inactive|iyuhv has 60 seconds left.\n|\n|t:|1746000770\n|start\n|switch|p1a: Raging Bolt|Raging Bolt, L50|100/100\n|switch|p1b: Calyrex|Calyrex-Ice, L50|100/100\n|switch|p2a: Iron Hands|Iron Hands, L50|100/100\n|switch|p2b: Urshifu|Urshifu, L50, F|100/100\n|-ability|p1b: Calyrex|As One\n|-ability|p1b: Calyrex|Unnerve\n|-enditem|p1a: Raging Bolt|Booster Energy\n|-activate|p1a: Raging Bolt|ability: Protosynthesis|[fromitem]\n|-start|p1a: Raging Bolt|protosynthesisspa\n|turn|1\n|inactive|MrToxicStall has 30 seconds left.\n|inactive|iyuhv has 30 seconds left.\n|inactive|iyuhv has 20 seconds left.\n|\n|t:|1746000810\n|-terastallize|p1b: Calyrex|Fire\n|move|p2a: Iron Hands|Fake Out|p1b: Calyrex\n|-damage|p1b: Calyrex|91/100\n|move|p2b: Urshifu|Wicked Blow|p1b: Calyrex\n|-crit|p1b: Calyrex\n|-damage|p1b: Calyrex|57/100\n|move|p1a: Raging Bolt|Volt Switch|p2b: Urshifu\n|-damage|p2b: Urshifu|19/100\n|\n|t:|1746000818\n|-end|p1a: Raging Bolt|Protosynthesis|[silent]\n|switch|p1a: Indeedee|Indeedee-F, L50, F|100/100|[from] Volt Switch\n|-fieldstart|move: Psychic Terrain|[from] ability: Psychic Surge|[of] p1a: Indeedee\n|cant|p1b: Calyrex|flinch\n|\n|upkeep\n|turn|2\n|\n|t:|1746000834\n|move|p1a: Indeedee|Follow Me|p1a: Indeedee\n|-singleturn|p1a: Indeedee|move: Follow Me\n|move|p2b: Urshifu|Close Combat|p1a: Indeedee\n|-damage|p1a: Indeedee|41/100\n|-unboost|p2b: Urshifu|def|1\n|-unboost|p2b: Urshifu|spd|1\n|-damage|p2b: Urshifu|3/100|[from] item: Rocky Helmet|[of] p1a: Indeedee\n|move|p2a: Iron Hands|Close Combat|p1a: Indeedee\n|-damage|p1a: Indeedee|0 fnt\n|-unboost|p2a: Iron Hands|def|1\n|-unboost|p2a: Iron Hands|spd|1\n|-damage|p2a: Iron Hands|84/100|[from] item: Rocky Helmet|[of] p1a: Indeedee\n|faint|p1a: Indeedee\n|move|p1b: Calyrex|Trick Room|p1b: Calyrex\n|-fieldstart|move: Trick Room|[of] p1b: Calyrex\n|\n|upkeep\n|\n|t:|1746000847\n|switch|p1a: Necrozma|Necrozma-Dawn-Wings, L50|100/100\n|-enditem|p1a: Necrozma|Psychic Seed\n|-boost|p1a: Necrozma|spd|1|[from] item: Psychic Seed\n|turn|3\n|\n|t:|1746000869\n|-end|p2a: Iron Hands|Quark Drive|[silent]\n|switch|p2a: Terapagos|Terapagos, L50, M|100/100\n|-activate|p2a: Terapagos|ability: Tera Shift\n|detailschange|p2a: Terapagos|Terapagos-Terastal, L50, M\n|-heal|p2a: Terapagos|100/100|[silent]\n|move|p2b: Urshifu|Detect|p2b: Urshifu\n|-singleturn|p2b: Urshifu|Protect\n|move|p1b: Calyrex|Glacial Lance|p2b: Urshifu|[spread] p2a\n|-activate|p2b: Urshifu|move: Protect\n|-activate|p2a: Terapagos|ability: Tera Shell\n|-resisted|p2a: Terapagos\n|-damage|p2a: Terapagos|75/100\n|move|p1a: Necrozma|Expanding Force|p2a: Terapagos|[spread] p2a\n|-activate|p2b: Urshifu|move: Protect\n|-damage|p2a: Terapagos|8/100\n|\n|-heal|p2a: Terapagos|14/100|[from] item: Leftovers\n|upkeep\n|turn|4\n|inactive|iyuhv has 30 seconds left.\n|\n|t:|1746000897\n|move|p2a: Terapagos|Protect|p2a: Terapagos\n|-singleturn|p2a: Terapagos|Protect\n|move|p2b: Urshifu|Sucker Punch|p1a: Necrozma\n|-activate|p1a: Necrozma|move: Psychic Terrain\n|move|p1b: Calyrex|Glacial Lance|p2b: Urshifu|[spread] p2b\n|-activate|p2a: Terapagos|move: Protect\n|-damage|p2b: Urshifu|0 fnt\n|faint|p2b: Urshifu\n|-ability|p1b: Calyrex|Chilling Neigh|boost\n|-boost|p1b: Calyrex|atk|1\n|move|p1a: Necrozma|Expanding Force|p2a: Terapagos\n|-activate|p2a: Terapagos|move: Protect\n|\n|-heal|p2a: Terapagos|20/100|[from] item: Leftovers\n|upkeep\n|\n|t:|1746000908\n|switch|p2b: Miraidon|Miraidon, L50|100/100\n|-fieldstart|move: Electric Terrain|[from] ability: Hadron Engine|[of] p2b: Miraidon\n|turn|5\n|\n|t:|1746000926\n|switch|p2b: Iron Hands|Iron Hands, L50|84/100\n|-activate|p2b: Iron Hands|ability: Quark Drive\n|-start|p2b: Iron Hands|quarkdriveatk\n|move|p1b: Calyrex|Glacial Lance|p2b: Iron Hands|[spread] p2a,p2b\n|-damage|p2a: Terapagos|0 fnt\n|-damage|p2b: Iron Hands|21/100\n|faint|p2a: Terapagos\n|-ability|p1b: Calyrex|Chilling Neigh|boost\n|-boost|p1b: Calyrex|atk|1\n|move|p1a: Necrozma|Moongeist Beam|p2b: Iron Hands\n|-damage|p2b: Iron Hands|0 fnt\n|faint|p2b: Iron Hands\n|-end|p2b: Iron Hands|Quark Drive|[silent]\n|\n|upkeep\n|\n|t:|1746000934\n|switch|p2b: Miraidon|Miraidon, L50|100/100\n|-activate|p2b: Miraidon|ability: Hadron Engine\n|turn|6\n|\n|t:|1746000945\n|move|p1b: Calyrex|Glacial Lance|p2b: Miraidon\n|-supereffective|p2b: Miraidon\n|-damage|p2b: Miraidon|0 fnt\n|faint|p2b: Miraidon\n|\n|win|MrToxicStall\n||MrToxicStall is ready for game 2.\n|l|\u2606iyuhv\n|player|p2|\n|inactive|iyuhv has 30 seconds to confirm battle start!\n||iyuhv is ready for game 2.\n|uhtml|next|Next: <a href=\"/battle-gen9vgc2025regibo3-2353793626\"><strong>Game 2 of 3</strong></a>\n|l|\u2606MrToxicStall\n|player|p1|\n", "uploadtime": 1746001304, "views": 9, "formatid": "gen9vgc2025regibo3", "rating": null, "private": 0, "password": null}