{"id": "gen9vgc2025regibo3-2353454252", "format": "[Gen 9] VGC 2025 Reg I (Bo3)", "players": ["cafeycigarro", "fifthtimesthecharm"], "log": "|j|\u2606cafeycigarro\n|j|\u2606fifthtimesthecharm\n|html|<table width=\"100%\"><tr><td align=\"left\">cafeycigarro</td><td align=\"right\">fifthtimesthecharm</tr><tr><td align=\"left\"><i class=\"fa fa-circle-o\"></i> <i class=\"fa fa-circle-o\"></i> </td><td align=\"right\"><i class=\"fa fa-circle-o\"></i> <i class=\"fa fa-circle-o\"></i> </tr></table>\n|uhtml|bestof|<h2><strong>Game 1</strong> of <a href=\"/game-bestof3-gen9vgc2025regibo3-2353454251\">a best-of-3</a></h2>\n|t:|1745957402\n|gametype|doubles\n|player|p1|cafeycigarro|youngn|1250\n|player|p2|fifthtimesthecharm|caitlin-masters|1275\n|teamsize|p1|6\n|teamsize|p2|6\n|gen|9\n|tier|[Gen 9] VGC 2025 Reg I (Bo3)\n|rated|\n|rule|Species Clause: Limit one of each Pok\u00e9mon\n|rule|Item Clause: Limit 1 of each item\n|clearpoke\n|poke|p1|Koraidon, L50|\n|poke|p1|Calyrex-Shadow, L50|\n|poke|p1|Indeedee-F, L50, F|\n|poke|p1|Brute Bonnet, L50|\n|poke|p1|Flutter Mane, L50|\n|poke|p1|Chi-Yu, L50|\n|poke|p2|Tornadus, L50, M|\n|poke|p2|Calyrex-Shadow, L50|\n|poke|p2|Miraidon, L50|\n|poke|p2|Urshifu-*, L50, F|\n|poke|p2|Iron Hands, L50|\n|poke|p2|Grimmsnarl, L50, M|\n|teampreview|4\n|showteam|p1|Koraidon||ClearAmulet|OrichalcumPulse|FlareBlitz,CollisionCourse,FlameCharge,Protect||||||50|,,,,,Fire]Calyrex-Shadow||LifeOrb|AsOneSpectrier|AstralBarrage,ExpandingForce,NastyPlot,Protect||||||50|,,,,,Normal]Indeedee-F||PsychicSeed|PsychicSurge|Psychic,FollowMe,HelpingHand,TrickRoom|||F|||50|,,,,,Fairy]Brute Bonnet||CovertCloak|Protosynthesis|SeedBomb,SuckerPunch,Spore,RagePowder||||||50|,,,,,Water]Flutter Mane||FocusSash|Protosynthesis|Moonblast,ShadowBall,IcyWind,Protect||||||50|,,,,,Stellar]Chi-Yu||ChoiceScarf|BeadsofRuin|HeatWave,DarkPulse,Overheat,Snarl||||||50|,,,,,Fire\n|showteam|p2|Tornadus||CovertCloak|Prankster|Tailwind,BleakwindStorm,Taunt,RainDance|||M|||50|,,,,,Dark]Calyrex-Shadow||FocusSash|AsOneSpectrier|Psyshock,AstralBarrage,Protect,NastyPlot||||||50|,,,,,Dark]Miraidon||ChoiceSpecs|HadronEngine|DazzlingGleam,VoltSwitch,ElectroDrift,DracoMeteor||||||50|,,,,,Fairy]Urshifu-Rapid-Strike||MysticWater|UnseenFist|Detect,SurgingStrikes,CloseCombat,AquaJet|||F|||50|,,,,,Water]Iron Hands||AssaultVest|QuarkDrive|FakeOut,WildCharge,LowKick,DrainPunch||||||50|,,,,,Water]Grimmsnarl||LightClay|Prankster|LightScreen,Reflect,ThunderWave,FoulPlay|||M|||50|,,,,,Ghost\n|inactive|Battle timer is ON: inactive players will automatically lose when time's up. (requested by cafeycigarro)\n|inactive|fifthtimesthecharm also wants the timer to be on.\n|inactive|cafeycigarro has 60 seconds left.\n|\n|t:|1745957455\n|start\n|switch|p1a: Koraidon|Koraidon, L50|100/100\n|switch|p1b: Chi-Yu|Chi-Yu, L50|100/100\n|switch|p2a: yo gurt|Calyrex-Shadow, L50|100/100\n|switch|p2b: mello|Tornadus, L50, M|100/100\n|-ability|p2a: yo gurt|As One\n|-ability|p2a: yo gurt|Unnerve\n|-ability|p1b: Chi-Yu|Beads of Ruin\n|-weather|SunnyDay|[from] ability: Orichalcum Pulse|[of] p1a: Koraidon\n|-activate|p1a: Koraidon|Orichalcum Pulse|[source]\n|turn|1\n|\n|t:|1745957477\n|switch|p2a: chopped chin|Grimmsnarl, L50, M|100/100\n|-terastallize|p1a: Koraidon|Fire\n|move|p2b: mello|Rain Dance|p2b: mello\n|-weather|RainDance\n|move|p1b: Chi-Yu|Snarl|p2b: mello|[spread] p2a\n|-miss|p1b: Chi-Yu|p2b: mello\n|-resisted|p2a: chopped chin\n|-damage|p2a: chopped chin|94/100\n|-unboost|p2a: chopped chin|spa|1\n|move|p1a: Koraidon|Flame Charge|p2a: chopped chin\n|-damage|p2a: chopped chin|77/100\n|-boost|p1a: Koraidon|spe|1\n|\n|-weather|RainDance|[upkeep]\n|upkeep\n|turn|2\n|inactive|cafeycigarro has 30 seconds left.\n|\n|t:|1745957511\n|switch|p1a: Calyrex|Calyrex-Shadow, L50|100/100\n|-ability|p1a: Calyrex|As One\n|-ability|p1a: Calyrex|Unnerve\n|switch|p1b: Flutter Mane|Flutter Mane, L50|100/100\n|move|p2b: mello|Bleakwind Storm|p1b: Flutter Mane|[spread] p1a,p1b\n|-damage|p1a: Calyrex|70/100\n|-damage|p1b: Flutter Mane|68/100\n|-unboost|p1a: Calyrex|spe|1\n|-unboost|p1b: Flutter Mane|spe|1\n|move|p2a: chopped chin|Foul Play|p1a: Calyrex\n|-supereffective|p1a: Calyrex\n|-damage|p1a: Calyrex|0 fnt\n|faint|p1a: Calyrex\n|\n|-weather|RainDance|[upkeep]\n|upkeep\n|\n|t:|1745957520\n|switch|p1a: Chi-Yu|Chi-Yu, L50|100/100\n|-ability|p1a: Chi-Yu|Beads of Ruin\n|turn|3\n|\n|t:|1745957530\n|move|p2a: chopped chin|Light Screen|p2a: chopped chin\n|-sidestart|p2: fifthtimesthecharm|move: Light Screen\n|move|p1a: Chi-Yu|Dark Pulse|p2b: mello\n|-damage|p2b: mello|55/100\n|move|p2b: mello|Bleakwind Storm|p1a: Chi-Yu|[spread] p1a,p1b\n|-damage|p1a: Chi-Yu|69/100\n|-damage|p1b: Flutter Mane|23/100\n|-unboost|p1a: Chi-Yu|spe|1\n|move|p1b: Flutter Mane|Icy Wind|p2a: chopped chin|[spread] p2a,p2b\n|-supereffective|p2b: mello\n|-damage|p2a: chopped chin|64/100\n|-damage|p2b: mello|25/100\n|-unboost|p2a: chopped chin|spe|1\n|\n|-weather|RainDance|[upkeep]\n|upkeep\n|turn|4\n|\n|t:|1745957550\n|move|p2b: mello|Bleakwind Storm|p1b: Flutter Mane|[spread] p1a,p1b\n|-damage|p1a: Chi-Yu|39/100\n|-damage|p1b: Flutter Mane|0 fnt\n|faint|p1b: Flutter Mane\n|-end|p1b: Flutter Mane|Protosynthesis|[silent]\n|move|p1a: Chi-Yu|Dark Pulse|p2b: mello\n|-damage|p2b: mello|0 fnt\n|faint|p2b: mello\n|move|p2a: chopped chin|Foul Play|p1a: Chi-Yu\n|-resisted|p1a: Chi-Yu\n|-damage|p1a: Chi-Yu|24/100\n|\n|-weather|RainDance|[upkeep]\n|upkeep\n|\n|t:|1745957561\n|switch|p1b: Koraidon|Koraidon, L50, tera:Fire|100/100\n|switch|p2b: yo gurt|Calyrex-Shadow, L50|100/100\n|-ability|p2b: yo gurt|As One\n|-ability|p2b: yo gurt|Unnerve\n|-weather|SunnyDay|[from] ability: Orichalcum Pulse|[of] p1b: Koraidon\n|-activate|p1b: Koraidon|Orichalcum Pulse|[source]\n|turn|5\n|\n|t:|1745957570\n|move|p2a: chopped chin|Reflect|p2a: chopped chin\n|-sidestart|p2: fifthtimesthecharm|Reflect\n|move|p2b: yo gurt|Astral Barrage|p1b: Koraidon|[spread] p1a,p1b\n|-resisted|p1a: Chi-Yu\n|-damage|p1a: Chi-Yu|0 fnt\n|-damage|p1b: Koraidon|33/100\n|faint|p1a: Chi-Yu\n|-ability|p2b: yo gurt|Grim Neigh|boost\n|-boost|p2b: yo gurt|spa|1\n|move|p1b: Koraidon|Collision Course|p2b: yo gurt\n|-immune|p2b: yo gurt\n|\n|-weather|SunnyDay|[upkeep]\n|upkeep\n|turn|6\n|-message|cafeycigarro forfeited.\n|\n|win|fifthtimesthecharm\n|l|\u2606cafeycigarro\n|player|p1|\n||cafeycigarro is ready for game 2.\n||fifthtimesthecharm is ready for game 2.\n|uhtml|next|Next: <a href=\"/battle-gen9vgc2025regibo3-2353456178\"><strong>Game 2 of 3</strong></a>\n", "uploadtime": 1745957855, "views": 6, "formatid": "gen9vgc2025regibo3", "rating": null, "private": 0, "password": null}