{"id": "gen9vgc2025regibo3-2354388182", "format": "[Gen 9] VGC 2025 Reg I (Bo3)", "players": ["reshblueice", "mugaywara"], "log": "|j|\u2606reshblueice\n|j|\u2606mugaywara\n|html|<table width=\"100%\"><tr><td align=\"left\">reshblueice</td><td align=\"right\">mugaywara</tr><tr><td align=\"left\"><i class=\"fa fa-circle\"></i> <i class=\"fa fa-circle-o\"></i> </td><td align=\"right\"><i class=\"fa fa-circle-o\"></i> <i class=\"fa fa-circle-o\"></i> </tr></table>\n|uhtml|bestof|<h2><strong>Game 2</strong> of <a href=\"/game-bestof3-gen9vgc2025regibo3-2354386605\">a best-of-3</a></h2>\n|t:|1746065214\n|gametype|doubles\n|player|p1|reshblueice|sabrina|1040\n|player|p2|mugaywara|pokekid|1136\n|teamsize|p1|6\n|teamsize|p2|6\n|gen|9\n|tier|[Gen 9] VGC 2025 Reg I (Bo3)\n|rated|\n|rule|Species Clause: Limit one of each Pok\u00e9mon\n|rule|Item Clause: Limit 1 of each item\n|clearpoke\n|poke|p1|Calyrex-Ice, L50|\n|poke|p1|Reshiram, L50|\n|poke|p1|Indeedee-F, L50, F|\n|poke|p1|Smeargle, L50, F|\n|poke|p1|Urshifu-*, L50, F|\n|poke|p1|Hatterene, L50, F|\n|poke|p2|Lunala, L50|\n|poke|p2|Indeedee-F, L50, F|\n|poke|p2|Calyrex-Ice, L50|\n|poke|p2|Torkoal, L50, F|\n|poke|p2|Ogerpon-Wellspring, L50, F|\n|poke|p2|Raging Bolt, L50|\n|teampreview|4\n|showteam|p1|Calyrex-Ice||ClearAmulet|AsOneGlastrier|GlacialLance,HighHorsepower,TrickRoom,Protect||||||50|,,,,,Water]Reshiram||WideLens|Turboblaze|BlueFlare,DracoMeteor,HeatWave,Protect||||||50|,,,,,Grass]Indeedee-F||PsychicSeed|PsychicSurge|Psychic,FollowMe,HelpingHand,TrickRoom|||F|||50|,,,,,Fairy]Smeargle||FocusSash|Moody|FakeOut,FollowMe,Decorate,WideGuard|||F|||50|,,,,,Ghost]Urshifu||ChoiceBand|UnseenFist|WickedBlow,CloseCombat,SuckerPunch,Uturn|||F|||50|,,,,,Dark]Hatterene||LifeOrb|MagicBounce|ExpandingForce,DazzlingGleam,TrickRoom,Protect|||F|||50|,,,,,Fire\n|showteam|p2|Lunala||Leftovers|ShadowShield|MoongeistBeam,ExpandingForce,WideGuard,TrickRoom||||||50|,,,,,Fairy]Indeedee-F||PsychicSeed|PsychicSurge|DazzlingGleam,FollowMe,HelpingHand,TrickRoom|||F|||50|,,,,,Fairy]Calyrex-Ice||ClearAmulet|AsOneGlastrier|GlacialLance,HighHorsepower,TrickRoom,Protect||||||50|,,,,,Fire]Torkoal||Charcoal|Drought|Overheat,EarthPower,Eruption,Protect|||F|||50|,,,,,Fire]Ogerpon-Wellspring||WellspringMask|WaterAbsorb|IvyCudgel,HornLeech,FollowMe,SpikyShield|||F|||50|,,,,,Water]Raging Bolt||AssaultVest|Protosynthesis|Thunderclap,DracoMeteor,Thunderbolt,Snarl||||||50|,,,,,Electric\n|\n|t:|1746065279\n|start\n|switch|p1a: Urshifu|Urshifu, L50, F|100/100\n|switch|p1b: Reshiram|Reshiram, L50|100/100\n|switch|p2a: bella|Indeedee-F, L50, F, shiny|100/100\n|switch|p2b: jacob|Calyrex-Ice, L50|100/100\n|-ability|p2b: jacob|As One\n|-ability|p2b: jacob|Unnerve\n|-ability|p1b: Reshiram|Turboblaze\n|-fieldstart|move: Psychic Terrain|[from] ability: Psychic Surge|[of] p2a: bella\n|-enditem|p2a: bella|Psychic Seed\n|-boost|p2a: bella|spd|1|[from] item: Psychic Seed\n|turn|1\n|\n|t:|1746065307\n|-terastallize|p2a: bella|Fairy\n|move|p2a: bella|Follow Me|p2a: bella\n|-singleturn|p2a: bella|move: Follow Me\n|move|p1a: Urshifu|Wicked Blow|p2a: bella\n|-resisted|p2a: bella\n|-crit|p2a: bella\n|-damage|p2a: bella|49/100\n|move|p1b: Reshiram|Draco Meteor|p2a: bella\n|-immune|p2a: bella\n|move|p2b: jacob|Trick Room|p2b: jacob\n|-fieldstart|move: Trick Room|[of] p2b: jacob\n|\n|upkeep\n|turn|2\n|\n|t:|1746065352\n|move|p2b: jacob|Glacial Lance|p1a: Urshifu|[spread] p1a,p1b\n|-damage|p1a: Urshifu|48/100\n|-damage|p1b: Reshiram|52/100\n|move|p2a: bella|Dazzling Gleam|p1b: Reshiram|[spread] p1a,p1b\n|-supereffective|p1a: Urshifu\n|-damage|p1a: Urshifu|0 fnt\n|-damage|p1b: Reshiram|36/100\n|faint|p1a: Urshifu\n|move|p1b: Reshiram|Blue Flare|p2a: bella\n|-damage|p2a: bella|0 fnt\n|faint|p2a: bella\n|\n|upkeep\n|\n|t:|1746065364\n|switch|p2a: alice|Torkoal, L50, F|100/100\n|switch|p1a: Calyrex|Calyrex-Ice, L50|100/100\n|-ability|p1a: Calyrex|As One\n|-ability|p1a: Calyrex|Unnerve\n|-weather|SunnyDay|[from] ability: Drought|[of] p2a: alice\n|turn|3\n|\n|t:|1746065384\n|-terastallize|p1a: Calyrex|Water\n|move|p1b: Reshiram|Protect|p1b: Reshiram\n|-singleturn|p1b: Reshiram|Protect\n|move|p2a: alice|Eruption|p1a: Calyrex|[spread] p1a\n|-activate|p1b: Reshiram|move: Protect\n|-resisted|p1a: Calyrex\n|-damage|p1a: Calyrex|72/100\n|move|p1a: Calyrex|High Horsepower|p2a: alice\n|-supereffective|p2a: alice\n|-damage|p2a: alice|44/100\n|move|p2b: jacob|Glacial Lance|p1b: Reshiram|[spread] p1a\n|-activate|p1b: Reshiram|move: Protect\n|-resisted|p1a: Calyrex\n|-damage|p1a: Calyrex|54/100\n|\n|-weather|SunnyDay|[upkeep]\n|upkeep\n|turn|4\n|\n|t:|1746065414\n|move|p2a: alice|Earth Power|p1a: Calyrex\n|-damage|p1a: Calyrex|38/100\n|move|p2b: jacob|Glacial Lance|p1b: Reshiram|[spread] p1a,p1b\n|-resisted|p1a: Calyrex\n|-crit|p1b: Reshiram\n|-damage|p1a: Calyrex|18/100\n|-damage|p1b: Reshiram|0 fnt\n|faint|p1b: Reshiram\n|-ability|p2b: jacob|Chilling Neigh|boost\n|-boost|p2b: jacob|atk|1\n|move|p1a: Calyrex|Glacial Lance|p2b: jacob|[spread] p2a,p2b\n|-resisted|p2a: alice\n|-resisted|p2b: jacob\n|-damage|p2a: alice|21/100\n|-damage|p2b: jacob|82/100\n|\n|-weather|SunnyDay|[upkeep]\n|upkeep\n|\n|t:|1746065419\n|switch|p1b: Smeargle|Smeargle, L50, F|100/100\n|turn|5\n|\n|t:|1746065440\n|move|p1b: Smeargle|Wide Guard|p1b: Smeargle\n|-singleturn|p1b: Smeargle|Wide Guard\n|move|p2a: alice|Eruption|p1a: Calyrex|[spread] \n|-activate|p1a: Calyrex|move: Wide Guard\n|-activate|p1b: Smeargle|move: Wide Guard\n|move|p1a: Calyrex|Glacial Lance|p2a: alice|[spread] p2a,p2b\n|-resisted|p2a: alice\n|-resisted|p2b: jacob\n|-damage|p2a: alice|0 fnt\n|-damage|p2b: jacob|64/100\n|faint|p2a: alice\n|-ability|p1a: Calyrex|Chilling Neigh|boost\n|-boost|p1a: Calyrex|atk|1\n|move|p2b: jacob|Glacial Lance|p1a: Calyrex|[spread] \n|-activate|p1a: Calyrex|move: Wide Guard\n|-activate|p1b: Smeargle|move: Wide Guard\n|\n|-weather|SunnyDay|[upkeep]\n|-fieldend|move: Trick Room\n|-fieldend|move: Psychic Terrain\n|-ability|p1b: Smeargle|Moody|boost\n|-boost|p1b: Smeargle|spa|2\n|-unboost|p1b: Smeargle|spe|1\n|upkeep\n|\n|t:|1746065446\n|switch|p2a: edward|Lunala, L50|100/100\n|turn|6\n|\n|t:|1746065470\n|move|p1b: Smeargle|Decorate|p1a: Calyrex\n|-boost|p1a: Calyrex|atk|2\n|-boost|p1a: Calyrex|spa|2\n|move|p2a: edward|Expanding Force|p1a: Calyrex\n|-damage|p1a: Calyrex|0 fnt\n|faint|p1a: Calyrex\n|move|p2b: jacob|Glacial Lance|p1b: Smeargle\n|-enditem|p1b: Smeargle|Focus Sash\n|-damage|p1b: Smeargle|1/100\n|\n|-weather|SunnyDay|[upkeep]\n|-ability|p1b: Smeargle|Moody|boost\n|-boost|p1b: Smeargle|atk|2\n|-unboost|p1b: Smeargle|spd|1\n|upkeep\n|turn|7\n|-message|reshblueice forfeited.\n|\n|win|mugaywara\n||reshblueice is ready for game 3.\n||mugaywara is ready for game 3.\n|uhtml|next|Next: <a href=\"/battle-gen9vgc2025regibo3-2354390367\"><strong>Game 3 of 3</strong></a>\n|l|\u2606reshblueice\n|player|p1|\n", "uploadtime": 1746065677, "views": 13, "formatid": "gen9vgc2025regibo3", "rating": null, "private": 0, "password": null}