{"id": "gen9vgc2025regibo3-2354304483", "format": "[Gen 9] VGC 2025 Reg I (Bo3)", "players": ["atrixmj", "Chaotic Raos"], "log": "|j|\u2606atrixmj\n|j|\u2606Chaotic Raos\n|html|<table width=\"100%\"><tr><td align=\"left\">atrixmj</td><td align=\"right\">Chaotic Raos</tr><tr><td align=\"left\"><i class=\"fa fa-circle\"></i> <i class=\"fa fa-circle-o\"></i> </td><td align=\"right\"><i class=\"fa fa-circle-o\"></i> <i class=\"fa fa-circle\"></i> </tr></table>\n|uhtml|bestof|<h2><strong>Game 3</strong> of <a href=\"/game-bestof3-gen9vgc2025regibo3-2354301436\">a best-of-3</a></h2>\n|t:|1746055134\n|gametype|doubles\n|player|p1|atrixmj|265|1401\n|player|p2|Chaotic Raos|bellelba|1363\n|teamsize|p1|6\n|teamsize|p2|6\n|gen|9\n|tier|[Gen 9] VGC 2025 Reg I (Bo3)\n|rated|\n|rule|Species Clause: Limit one of each Pok\u00e9mon\n|rule|Item Clause: Limit 1 of each item\n|clearpoke\n|poke|p1|Lunala, L50|\n|poke|p1|Koraidon, L50|\n|poke|p1|Chi-Yu, L50|\n|poke|p1|Ursaluna, L50, M|\n|poke|p1|Flutter Mane, L50|\n|poke|p1|Indeedee-F, L50, F|\n|poke|p2|Kyogre, L50|\n|poke|p2|Tornadus, L50, M|\n|poke|p2|Zacian-*, L50|\n|poke|p2|Amoonguss, L50, M|\n|poke|p2|Iron Hands, L50|\n|poke|p2|Flutter Mane, L50|\n|teampreview|4\n|showteam|p1|Lunala||SafetyGoggles|ShadowShield|MoongeistBeam,ExpandingForce,WideGuard,TrickRoom||||||50|,,,,,Water]Koraidon||LifeOrb|OrichalcumPulse|CloseCombat,FlareBlitz,FlameCharge,Protect||||||50|,,,,,Fire]Chi-Yu||ChoiceScarf|BeadsofRuin|HeatWave,Flamethrower,DarkPulse,Snarl||||||50|,,,,,Fire]Ursaluna||FlameOrb|Guts|Facade,HeadlongRush,Earthquake,Protect|||M|||50|,,,,,Ghost]Flutter Mane||FocusSash|Protosynthesis|Moonblast,IcyWind,Taunt,Protect||||||50|,,,,,Fairy]Indeedee-F||RockyHelmet|PsychicSurge|Psychic,FollowMe,HelpingHand,TrickRoom|||F|||50|,,,,,Water\n|showteam|p2|Kyogre||MysticWater|Drizzle|WaterSpout,OriginPulse,Protect,IceBeam||||||50|,,,,,Grass]Tornadus||CovertCloak|Prankster|Tailwind,BleakwindStorm,Taunt,RainDance|||M|||50|,,,,,Dark]Zacian-Crowned||RustedSword|IntrepidSword|behemothblade,PlayRough,SacredSword,Protect||||||50|,,,,,Water]Amoonguss||RockyHelmet|Regenerator|Spore,RagePowder,PollenPuff,Protect|||M|||50|,,,,,Water]Iron Hands||AssaultVest|QuarkDrive|FakeOut,WildCharge,DrainPunch,LowKick||||||50|,,,,,Grass]Flutter Mane||BoosterEnergy|Protosynthesis|ShadowBall,DazzlingGleam,IcyWind,Protect||||||50|,,,,,Fairy\n|inactive|Battle timer is ON: inactive players will automatically lose when time's up. (requested by atrixmj)\n|\n|t:|1746055149\n|start\n|switch|p1a: M. LOVE|Lunala, L50, shiny|100/100\n|switch|p1b: TETOTETOTETO|Indeedee-F, L50, F|100/100\n|switch|p2a: Kyogre|Kyogre, L50|100/100\n|switch|p2b: Flutter Mane|Flutter Mane, L50|100/100\n|-weather|RainDance|[from] ability: Drizzle|[of] p2a: Kyogre\n|-fieldstart|move: Psychic Terrain|[from] ability: Psychic Surge|[of] p1b: TETOTETOTETO\n|-enditem|p2b: Flutter Mane|Booster Energy\n|-activate|p2b: Flutter Mane|ability: Protosynthesis|[fromitem]\n|-start|p2b: Flutter Mane|protosynthesisspe\n|turn|1\n|inactive|Chaotic Raos has 30 seconds left.\n|\n|t:|1746055178\n|-terastallize|p1a: M. LOVE|Water\n|move|p1a: M. LOVE|Wide Guard|p1a: M. LOVE\n|-singleturn|p1a: M. LOVE|Wide Guard\n|move|p2b: Flutter Mane|Shadow Ball|p1a: M. LOVE\n|-damage|p1a: M. LOVE|86/100\n|move|p2a: Kyogre|Water Spout|p1b: TETOTETOTETO|[spread] \n|-activate|p1a: M. LOVE|move: Wide Guard\n|-activate|p1b: TETOTETOTETO|move: Wide Guard\n|move|p1b: TETOTETOTETO|Trick Room|p1b: TETOTETOTETO\n|-fieldstart|move: Trick Room|[of] p1b: TETOTETOTETO\n|\n|-weather|RainDance|[upkeep]\n|upkeep\n|turn|2\n|\n|t:|1746055196\n|move|p1b: TETOTETOTETO|Helping Hand|p1a: M. LOVE\n|-singleturn|p1a: M. LOVE|Helping Hand|[of] p1b: TETOTETOTETO\n|move|p2b: Flutter Mane|Protect|p2b: Flutter Mane\n|-singleturn|p2b: Flutter Mane|Protect\n|move|p2a: Kyogre|Origin Pulse|p1a: M. LOVE|[spread] p1a,p1b\n|-resisted|p1a: M. LOVE\n|-damage|p1a: M. LOVE|52/100\n|-damage|p1b: TETOTETOTETO|12/100\n|move|p1a: M. LOVE|Expanding Force|p2b: Flutter Mane|[spread] p2a\n|-activate|p2b: Flutter Mane|move: Protect\n|-damage|p2a: Kyogre|36/100\n|\n|-weather|RainDance|[upkeep]\n|upkeep\n|turn|3\n|\n|t:|1746055213\n|-end|p2b: Flutter Mane|Protosynthesis|[silent]\n|switch|p2b: Zacian|Zacian-Crowned, L50|100/100\n|-ability|p2b: Zacian|Intrepid Sword|boost\n|-boost|p2b: Zacian|atk|1\n|move|p1b: TETOTETOTETO|Helping Hand|p1a: M. LOVE\n|-singleturn|p1a: M. LOVE|Helping Hand|[of] p1b: TETOTETOTETO\n|move|p2a: Kyogre|Origin Pulse|p1a: M. LOVE|[spread] p1a,p1b\n|-resisted|p1a: M. LOVE\n|-crit|p1a: M. LOVE\n|-damage|p1a: M. LOVE|7/100\n|-damage|p1b: TETOTETOTETO|0 fnt\n|faint|p1b: TETOTETOTETO\n|move|p1a: M. LOVE|Expanding Force|p2a: Kyogre|[spread] p2a,p2b\n|-resisted|p2b: Zacian\n|-damage|p2a: Kyogre|0 fnt\n|-damage|p2b: Zacian|51/100\n|faint|p2a: Kyogre\n|\n|-weather|RainDance|[upkeep]\n|upkeep\n|\n|t:|1746055230\n|switch|p1b: PINK SLIME|Ursaluna, L50, M, shiny|100/100\n|switch|p2a: Iron Hands|Iron Hands, L50|100/100\n|turn|4\n|inactive|Chaotic Raos has 30 seconds left.\n|inactive|Chaotic Raos has 20 seconds left.\n|\n|t:|1746055268\n|move|p2b: Zacian|Protect|p2b: Zacian\n|-singleturn|p2b: Zacian|Protect\n|move|p2a: Iron Hands|Fake Out|p1a: M. LOVE\n|-activate|p1a: M. LOVE|move: Psychic Terrain\n|move|p1b: PINK SLIME|Headlong Rush|p2b: Zacian\n|-activate|p2b: Zacian|move: Protect\n|move|p1a: M. LOVE|Expanding Force|p2b: Zacian|[spread] p2a\n|-activate|p2b: Zacian|move: Protect\n|-supereffective|p2a: Iron Hands\n|-damage|p2a: Iron Hands|30/100\n|\n|-weather|RainDance|[upkeep]\n|-status|p1b: PINK SLIME|brn|[from] item: Flame Orb\n|upkeep\n|turn|5\n|\n|t:|1746055284\n|move|p1a: M. LOVE|Wide Guard|p1a: M. LOVE\n|-singleturn|p1a: M. LOVE|Wide Guard\n|move|p1b: PINK SLIME|Earthquake|p2b: Zacian|[spread] p2a,p2b\n|-activate|p1a: M. LOVE|move: Wide Guard\n|-supereffective|p2a: Iron Hands\n|-supereffective|p2b: Zacian\n|-damage|p2a: Iron Hands|0 fnt\n|-damage|p2b: Zacian|0 fnt\n|faint|p2a: Iron Hands\n|-end|p2a: Iron Hands|Quark Drive|[silent]\n|faint|p2b: Zacian\n|\n|-weather|none\n|-damage|p1b: PINK SLIME|95/100 brn|[from] brn\n|-fieldend|move: Trick Room\n|-fieldend|move: Psychic Terrain\n|upkeep\n|\n|t:|1746055290\n|switch|p2a: Flutter Mane|Flutter Mane, L50|100/100\n|turn|6\n|c|\u2606atrixmj|ggs\n|\n|t:|1746055296\n|-terastallize|p2a: Flutter Mane|Fairy\n|move|p2a: Flutter Mane|Dazzling Gleam|p1a: M. LOVE|[spread] p1a,p1b\n|-damage|p1a: M. LOVE|0 fnt\n|-damage|p1b: PINK SLIME|54/100 brn\n|faint|p1a: M. LOVE\n|move|p1b: PINK SLIME|Headlong Rush|p2a: Flutter Mane\n|-damage|p2a: Flutter Mane|0 fnt\n|-unboost|p1b: PINK SLIME|def|1\n|-unboost|p1b: PINK SLIME|spd|1\n|faint|p2a: Flutter Mane\n|-end|p2a: Flutter Mane|Protosynthesis|[silent]\n|\n|win|atrixmj\n|raw|atrixmj's rating: 1401 &rarr; <strong>1419</strong><br />(+18 for winning)\n|raw|Chaotic Raos's rating: 1363 &rarr; <strong>1345</strong><br />(-18 for losing)\n|l|\u2606atrixmj\n|player|p1|\n", "uploadtime": 1746055319, "views": 16, "formatid": "gen9vgc2025regibo3", "rating": 1345, "private": 0, "password": null}