{"id": "gen9vgc2025regibo3-2354354927", "format": "[Gen 9] VGC 2025 Reg I (Bo3)", "players": ["TheParasectKing", "Pollidelcampo"], "log": "|j|\u2606TheParasectKing\n|j|\u2606Pollidelcampo\n|html|<table width=\"100%\"><tr><td align=\"left\">TheParasectKing</td><td align=\"right\">Pollidelcampo</tr><tr><td align=\"left\"><i class=\"fa fa-circle-o\"></i> <i class=\"fa fa-circle-o\"></i> </td><td align=\"right\"><i class=\"fa fa-circle-o\"></i> <i class=\"fa fa-circle-o\"></i> </tr></table>\n|uhtml|bestof|<h2><strong>Game 1</strong> of <a href=\"/game-bestof3-gen9vgc2025regibo3-2354354926\">a best-of-3</a></h2>\n|t:|1746061142\n|gametype|doubles\n|player|p1|TheParasectKing|acetrainer-gen4dp|1193\n|player|p2|Pollidelcampo|2|1187\n|teamsize|p1|6\n|teamsize|p2|6\n|gen|9\n|tier|[Gen 9] VGC 2025 Reg I (Bo3)\n|rated|\n|rule|Species Clause: Limit one of each Pok\u00e9mon\n|rule|Item Clause: Limit 1 of each item\n|clearpoke\n|poke|p1|Calyrex-Shadow, L50|\n|poke|p1|Rillaboom, L50, F|\n|poke|p1|Incineroar, L50, F|\n|poke|p1|Ogerpon-Hearthflame, L50, F|\n|poke|p1|Urshifu-*, L50, M|\n|poke|p1|Eternatus, L50|\n|poke|p2|Zamazenta-*, L50|\n|poke|p2|Calyrex-Shadow, L50|\n|poke|p2|Chien-Pao, L50|\n|poke|p2|Urshifu-*, L50, M|\n|poke|p2|Tornadus, L50, M|\n|poke|p2|Rillaboom, L50, F|\n|teampreview|4\n|showteam|p1|Calyrex-Shadow||LifeOrb|AsOneSpectrier|AstralBarrage,Psychic,NastyPlot,Protect||||||50|,,,,,Dark]Rillaboom||AssaultVest|GrassySurge|Uturn,WoodHammer,FakeOut,GrassyGlide|||F|||50|,,,,,Water]Incineroar||RockyHelmet|Intimidate|FakeOut,WillOWisp,KnockOff,Uturn|||F|||50|,,,,,Bug]Ogerpon-Hearthflame||HearthflameMask|MoldBreaker|FollowMe,WoodHammer,SpikyShield,IvyCudgel|||F|||50|,,,,,Fire]Urshifu-Rapid-Strike||ChoiceScarf|UnseenFist|SurgingStrikes,CloseCombat,AquaJet,Uturn|||M|||50|,,,,,Water]Eternatus||Leftovers|Pressure|Flamethrower,CosmicPower,Recover,Protect||||||50|,,,,,Dark\n|showteam|p2|Zamazenta-Crowned||RustedShield|DauntlessShield|BodyPress,HeavySlam,WideGuard,Protect||||||50|,,,,,Dragon]Calyrex-Shadow||FocusSash|AsOneSpectrier|AstralBarrage,Psychic,Encore,Protect||||||50|,,,,,Ghost]Chien-Pao||LifeOrb|SwordofRuin|IcicleCrash,Crunch,IceShard,Protect||||||50|,,,,,Ghost]Urshifu-Rapid-Strike||MysticWater|UnseenFist|SurgingStrikes,AquaJet,Taunt,Detect|||M|||50|,,,,,Water]Tornadus||RockyHelmet|Prankster|BleakwindStorm,Tailwind,RainDance,Protect|||M|||50|,,,,,Normal]Rillaboom||AssaultVest|GrassySurge|WoodHammer,GrassyGlide,KnockOff,FakeOut|||F|||50|,,,,,Fire\n|inactive|Battle timer is ON: inactive players will automatically lose when time's up. (requested by Pollidelcampo)\n|inactive|TheParasectKing also wants the timer to be on.\n|\n|t:|1746061167\n|start\n|switch|p1a: Urshifu|Urshifu-Rapid-Strike, L50, M|100/100\n|switch|p1b: Rillaboom|Rillaboom, L50, F|100/100\n|switch|p2a: Urshifu|Urshifu-Rapid-Strike, L50, M|100/100\n|switch|p2b: Tornadus|Tornadus, L50, M|100/100\n|-fieldstart|move: Grassy Terrain|[from] ability: Grassy Surge|[of] p1b: Rillaboom\n|turn|1\n|\n|t:|1746061192\n|move|p2a: Urshifu|Detect|p2a: Urshifu\n|-singleturn|p2a: Urshifu|Protect\n|move|p1b: Rillaboom|Fake Out|p2a: Urshifu\n|-activate|p2a: Urshifu|move: Protect\n|move|p1a: Urshifu|U-turn|p2a: Urshifu\n|-resisted|p2a: Urshifu\n|-damage|p2a: Urshifu|87/100\n|\n|t:|1746061198\n|switch|p1a: Incineroar|Incineroar, L50, F|100/100|[from] U-turn\n|-ability|p1a: Incineroar|Intimidate|boost\n|-unboost|p2a: Urshifu|atk|1\n|-unboost|p2b: Tornadus|atk|1\n|move|p2b: Tornadus|Bleakwind Storm|p1a: Incineroar|[spread] \n|-miss|p2b: Tornadus|p1a: Incineroar\n|-miss|p2b: Tornadus|p1b: Rillaboom\n|\n|-heal|p2a: Urshifu|93/100|[from] Grassy Terrain\n|upkeep\n|turn|2\n|\n|t:|1746061211\n|switch|p2a: Calyrex|Calyrex-Shadow, L50|100/100\n|-ability|p2a: Calyrex|As One\n|-ability|p2a: Calyrex|Unnerve\n|move|p1a: Incineroar|Fake Out|p2b: Tornadus\n|-damage|p2b: Tornadus|84/100\n|-damage|p1a: Incineroar|84/100|[from] item: Rocky Helmet|[of] p2b: Tornadus\n|cant|p2b: Tornadus|flinch\n|move|p1b: Rillaboom|Wood Hammer|p2a: Calyrex\n|-damage|p2a: Calyrex|3/100\n|-damage|p1b: Rillaboom|72/100|[from] Recoil\n|\n|-heal|p2a: Calyrex|9/100|[from] Grassy Terrain\n|-heal|p1b: Rillaboom|78/100|[from] Grassy Terrain\n|-heal|p1a: Incineroar|90/100|[from] Grassy Terrain\n|upkeep\n|turn|3\n|\n|t:|1746061235\n|move|p2a: Calyrex|Protect|p2a: Calyrex\n|-singleturn|p2a: Calyrex|Protect\n|move|p2b: Tornadus|Bleakwind Storm|p1b: Rillaboom|[spread] p1a,p1b\n|-supereffective|p1b: Rillaboom\n|-damage|p1a: Incineroar|54/100\n|-damage|p1b: Rillaboom|32/100\n|move|p1b: Rillaboom|U-turn|p2b: Tornadus\n|-resisted|p2b: Tornadus\n|-damage|p2b: Tornadus|70/100\n|-damage|p1b: Rillaboom|16/100|[from] item: Rocky Helmet|[of] p2b: Tornadus\n|\n|t:|1746061240\n|switch|p1b: Urshifu|Urshifu-Rapid-Strike, L50, M|100/100|[from] U-turn\n|move|p1a: Incineroar|Knock Off|p2b: Tornadus\n|-damage|p2b: Tornadus|18/100\n|-damage|p1a: Incineroar|37/100|[from] item: Rocky Helmet|[of] p2b: Tornadus\n|-enditem|p2b: Tornadus|Rocky Helmet|[from] move: Knock Off|[of] p1a: Incineroar\n|\n|-heal|p2a: Calyrex|15/100|[from] Grassy Terrain\n|-heal|p1a: Incineroar|43/100|[from] Grassy Terrain\n|upkeep\n|turn|4\n|inactive|TheParasectKing has 30 seconds left.\n|\n|t:|1746061269\n|switch|p2a: Urshifu|Urshifu-Rapid-Strike, L50, M|93/100\n|move|p1b: Urshifu|Aqua Jet|p2b: Tornadus\n|-damage|p2b: Tornadus|0 fnt\n|faint|p2b: Tornadus\n|move|p1a: Incineroar|Knock Off|p2a: Urshifu\n|-resisted|p2a: Urshifu\n|-crit|p2a: Urshifu\n|-damage|p2a: Urshifu|61/100\n|-enditem|p2a: Urshifu|Mystic Water|[from] move: Knock Off|[of] p1a: Incineroar\n|\n|-heal|p2a: Urshifu|67/100|[from] Grassy Terrain\n|-heal|p1a: Incineroar|48/100|[from] Grassy Terrain\n|upkeep\n|\n|t:|1746061275\n|switch|p2b: Calyrex|Calyrex-Shadow, L50|15/100\n|-ability|p2b: Calyrex|As One\n|-ability|p2b: Calyrex|Unnerve\n|turn|5\n|\n|t:|1746061288\n|switch|p2b: Chien-Pao|Chien-Pao, L50|100/100\n|-ability|p2b: Chien-Pao|Sword of Ruin\n|-terastallize|p2a: Urshifu|Water\n|move|p1b: Urshifu|Aqua Jet|p2b: Chien-Pao\n|-damage|p2b: Chien-Pao|67/100\n|move|p2a: Urshifu|Surging Strikes|p1b: Urshifu\n|-resisted|p1b: Urshifu\n|-crit|p1b: Urshifu\n|-damage|p1b: Urshifu|81/100\n|-resisted|p1b: Urshifu\n|-crit|p1b: Urshifu\n|-damage|p1b: Urshifu|61/100\n|-resisted|p1b: Urshifu\n|-crit|p1b: Urshifu\n|-damage|p1b: Urshifu|41/100\n|-hitcount|p1b: Urshifu|3\n|move|p1a: Incineroar|U-turn|p2a: Urshifu\n|-damage|p2a: Urshifu|40/100\n|\n|t:|1746061296\n|switch|p1a: Rillaboom|Rillaboom, L50, F|16/100|[from] U-turn\n|\n|-heal|p1b: Urshifu|47/100|[from] Grassy Terrain\n|-heal|p2b: Chien-Pao|73/100|[from] Grassy Terrain\n|-heal|p2a: Urshifu|46/100|[from] Grassy Terrain\n|-heal|p1a: Rillaboom|22/100|[from] Grassy Terrain\n|-fieldend|move: Grassy Terrain\n|upkeep\n|turn|6\n|inactive|Pollidelcampo has 30 seconds left.\n|inactive|TheParasectKing has 30 seconds left.\n|\n|t:|1746061333\n|switch|p2a: Calyrex|Calyrex-Shadow, L50|15/100\n|-ability|p2a: Calyrex|As One\n|-ability|p2a: Calyrex|Unnerve\n|-terastallize|p1b: Urshifu|Water\n|move|p1a: Rillaboom|Fake Out|p2b: Chien-Pao\n|-damage|p2b: Chien-Pao|55/100\n|move|p1b: Urshifu|Aqua Jet|p2b: Chien-Pao\n|-damage|p2b: Chien-Pao|14/100\n|cant|p2b: Chien-Pao|flinch\n|\n|upkeep\n|turn|7\n|-message|Pollidelcampo forfeited.\n|\n|win|TheParasectKing\n", "uploadtime": 1746061352, "views": 13, "formatid": "gen9vgc2025regibo3", "rating": null, "private": 0, "password": null}