{"id": "gen9vgc2025regibo3-2355066985", "format": "[Gen 9] VGC 2025 Reg I (Bo3)", "players": ["TWO PIECE TOM", "mavvyvgc"], "log": "|j|\u2606TWO PIECE TOM\n|j|\u2606mavvyvgc\n|html|<table width=\"100%\"><tr><td align=\"left\">TWO PIECE TOM</td><td align=\"right\">mavvyvgc</tr><tr><td align=\"left\"><i class=\"fa fa-circle-o\"></i> <i class=\"fa fa-circle-o\"></i> </td><td align=\"right\"><i class=\"fa fa-circle-o\"></i> <i class=\"fa fa-circle-o\"></i> </tr></table>\n|uhtml|bestof|<h2><strong>Game 1</strong> of <a href=\"/game-bestof3-gen9vgc2025regibo3-2355066984\">a best-of-3</a></h2>\n|t:|1746148363\n|gametype|doubles\n|player|p1|TWO PIECE TOM|swimmer-gen4dp|1000\n|player|p2|mavvyvgc|riley|1048\n|teamsize|p1|6\n|teamsize|p2|6\n|gen|9\n|tier|[Gen 9] VGC 2025 Reg I (Bo3)\n|rated|\n|rule|Species Clause: Limit one of each Pok\u00e9mon\n|rule|Item Clause: Limit 1 of each item\n|clearpoke\n|poke|p1|Kyogre, L50|\n|poke|p1|Tsareena, L50, F|\n|poke|p1|Roaring Moon, L50|\n|poke|p1|Chien-Pao, L50|\n|poke|p1|Urshifu-*, L50, F|\n|poke|p1|Raging Bolt, L50|\n|poke|p2|Koraidon, L50|\n|poke|p2|Calyrex-Shadow, L50|\n|poke|p2|Charizard, L50, M|\n|poke|p2|Klefki, L50, F|\n|poke|p2|Urshifu-*, L50, F|\n|poke|p2|Whimsicott, L50, F|\n|teampreview|4\n|showteam|p1|Kyogre||MysticWater|Drizzle|WaterSpout,OriginPulse,IceBeam,Protect||||||50|,,,,,Grass]Tsareena||LoadedDice|QueenlyMajesty|BulletSeed,TripleAxel,Taunt,Protect|||F|||50|,,,,,Ice]Roaring Moon||BoosterEnergy|Protosynthesis|KnockOff,Acrobatics,Tailwind,Protect||||||50|,,,,,Flying]Chien-Pao||FocusSash|SwordofRuin|IceSpinner,SacredSword,SuckerPunch,Protect||||||50|,,,,,Stellar]Urshifu-Rapid-Strike||ChoiceScarf|UnseenFist|SurgingStrikes,CloseCombat,AquaJet,Uturn|||F|||50|,,,,,Water]Raging Bolt||SafetyGoggles|Protosynthesis|Thunderbolt,Thunderclap,DracoMeteor,Protect||||||50|,,,,,Poison\n|showteam|p2|Koraidon||ClearAmulet|OrichalcumPulse|CollisionCourse,FlareBlitz,SwordsDance,Protect||||||50|,,,,,Fire]Calyrex-Shadow||FocusSash|AsOneSpectrier|DarkPulse,AstralBarrage,NastyPlot,Protect||||||50|,,,,,Ghost]Charizard||ChoiceSpecs|SolarPower|Protect,HeatWave,Overheat,AirSlash|||M|||50|,,,,,Grass]Klefki||SitrusBerry|Prankster|Protect,LightScreen,Reflect,FlashCannon|||F|||50|,,,,,Water]Urshifu-Rapid-Strike||ChoiceBand|UnseenFist|CloseCombat,AquaJet,FirePunch,SurgingStrikes|||F|||50|,,,,,Fire]Whimsicott||CovertCloak|Prankster|Tailwind,HelpingHand,SunnyDay,Protect|||F|||50|,,,,,Normal\n|inactive|Battle timer is ON: inactive players will automatically lose when time's up. (requested by TWO PIECE TOM)\n|\n|t:|1746148473\n|start\n|switch|p1a: Roaring Moon|Roaring Moon, L50|100/100\n|switch|p1b: Kyogre|Kyogre, L50|100/100\n|switch|p2a: Urshifu|Urshifu-Rapid-Strike, L50, F|100/100\n|switch|p2b: Klefki|Klefki, L50, F|100/100\n|-weather|RainDance|[from] ability: Drizzle|[of] p1b: Kyogre\n|-enditem|p1a: Roaring Moon|Booster Energy\n|-activate|p1a: Roaring Moon|ability: Protosynthesis|[fromitem]\n|-start|p1a: Roaring Moon|protosynthesisspe\n|turn|1\n|inactiveoff|Battle timer is now OFF.\n|\n|t:|1746148521\n|move|p2b: Klefki|Light Screen|p2b: Klefki\n|-sidestart|p2: mavvyvgc|move: Light Screen\n|move|p1a: Roaring Moon|Tailwind|p1a: Roaring Moon\n|-sidestart|p1: TWO PIECE TOM|move: Tailwind\n|move|p1b: Kyogre|Ice Beam|p2a: Urshifu\n|-resisted|p2a: Urshifu\n|-damage|p2a: Urshifu|83/100\n|move|p2a: Urshifu|Surging Strikes|p1a: Roaring Moon\n|-resisted|p1a: Roaring Moon\n|-crit|p1a: Roaring Moon\n|-damage|p1a: Roaring Moon|78/100\n|-resisted|p1a: Roaring Moon\n|-crit|p1a: Roaring Moon\n|-damage|p1a: Roaring Moon|52/100\n|-resisted|p1a: Roaring Moon\n|-crit|p1a: Roaring Moon\n|-damage|p1a: Roaring Moon|30/100\n|-hitcount|p1a: Roaring Moon|3\n|\n|-weather|RainDance|[upkeep]\n|upkeep\n|turn|2\n|\n|t:|1746148554\n|move|p1a: Roaring Moon|Protect|p1a: Roaring Moon\n|-singleturn|p1a: Roaring Moon|Protect\n|move|p2b: Klefki|Reflect|p2b: Klefki\n|-sidestart|p2: mavvyvgc|Reflect\n|move|p1b: Kyogre|Origin Pulse|p2a: Urshifu|[spread] p2a,p2b\n|-resisted|p2a: Urshifu\n|-damage|p2a: Urshifu|43/100\n|-damage|p2b: Klefki|48/100\n|-enditem|p2b: Klefki|Sitrus Berry|[eat]\n|-heal|p2b: Klefki|73/100|[from] item: Sitrus Berry\n|move|p2a: Urshifu|Surging Strikes|p1a: Roaring Moon\n|-resisted|p1a: Roaring Moon\n|-crit|p1a: Roaring Moon\n|-damage|p1a: Roaring Moon|5/100\n|-resisted|p1a: Roaring Moon\n|-crit|p1a: Roaring Moon\n|-damage|p1a: Roaring Moon|0 fnt\n|faint|p1a: Roaring Moon\n|-end|p1a: Roaring Moon|Protosynthesis|[silent]\n|-hitcount|p1: Roaring Moon|2\n|\n|-weather|RainDance|[upkeep]\n|upkeep\n|\n|t:|1746148570\n|switch|p1a: Tsareena|Tsareena, L50, F|100/100\n|turn|3\n|\n|t:|1746148598\n|move|p1a: Tsareena|Bullet Seed|p2a: Urshifu\n|-supereffective|p2a: Urshifu\n|-damage|p2a: Urshifu|27/100\n|-supereffective|p2a: Urshifu\n|-damage|p2a: Urshifu|10/100\n|-supereffective|p2a: Urshifu\n|-damage|p2a: Urshifu|0 fnt\n|faint|p2a: Urshifu\n|-hitcount|p2: Urshifu|3\n|move|p1b: Kyogre|Origin Pulse|p2b: Klefki\n|-damage|p2b: Klefki|0 fnt\n|faint|p2b: Klefki\n|\n|-weather|RainDance|[upkeep]\n|upkeep\n|\n|t:|1746148612\n|switch|p2a: Koraidon|Koraidon, L50|100/100\n|switch|p2b: Calyrex|Calyrex-Shadow, L50|100/100\n|-ability|p2b: Calyrex|As One\n|-ability|p2b: Calyrex|Unnerve\n|-weather|SunnyDay|[from] ability: Orichalcum Pulse|[of] p2a: Koraidon\n|-activate|p2a: Koraidon|Orichalcum Pulse|[source]\n|turn|4\n|\n|t:|1746148649\n|move|p1a: Tsareena|Protect|p1a: Tsareena\n|-singleturn|p1a: Tsareena|Protect\n|move|p1b: Kyogre|Origin Pulse|p2a: Koraidon|[spread] p2b\n|-miss|p1b: Kyogre|p2a: Koraidon\n|-damage|p2b: Calyrex|83/100\n|move|p2b: Calyrex|Astral Barrage|p1b: Kyogre|[spread] p1b\n|-activate|p1a: Tsareena|move: Protect\n|-damage|p1b: Kyogre|60/100\n|move|p2a: Koraidon|Swords Dance|p2a: Koraidon\n|-boost|p2a: Koraidon|atk|2\n|\n|-weather|SunnyDay|[upkeep]\n|-sideend|p1: TWO PIECE TOM|move: Tailwind\n|upkeep\n|turn|5\n|\n|t:|1746148698\n|move|p2b: Calyrex|Astral Barrage|p1b: Kyogre|[spread] p1a,p1b\n|-damage|p1a: Tsareena|29/100\n|-damage|p1b: Kyogre|18/100\n|move|p2a: Koraidon|Collision Course|p1b: Kyogre\n|-damage|p1b: Kyogre|0 fnt\n|faint|p1b: Kyogre\n|move|p1a: Tsareena|Triple Axel|p2b: Calyrex\n|-damage|p2b: Calyrex|78/100\n|-damage|p2b: Calyrex|67/100\n|-damage|p2b: Calyrex|51/100\n|-hitcount|p2b: Calyrex|3\n|\n|-weather|SunnyDay|[upkeep]\n|-sideend|p2: mavvyvgc|move: Light Screen\n|upkeep\n|\n|t:|1746148713\n|switch|p1b: Urshifu|Urshifu-Rapid-Strike, L50, F|100/100\n|turn|6\n|\n|t:|1746148740\n|-terastallize|p1b: Urshifu|Water\n|move|p1a: Tsareena|Protect|p1a: Tsareena\n|-singleturn|p1a: Tsareena|Protect\n|move|p1b: Urshifu|Surging Strikes|p2a: Koraidon\n|-resisted|p2a: Koraidon\n|-crit|p2a: Koraidon\n|-damage|p2a: Koraidon|94/100\n|-resisted|p2a: Koraidon\n|-crit|p2a: Koraidon\n|-damage|p2a: Koraidon|88/100\n|-resisted|p2a: Koraidon\n|-crit|p2a: Koraidon\n|-damage|p2a: Koraidon|82/100\n|-hitcount|p2a: Koraidon|3\n|move|p2b: Calyrex|Astral Barrage|p1b: Urshifu|[spread] p1b\n|-activate|p1a: Tsareena|move: Protect\n|-damage|p1b: Urshifu|23/100\n|move|p2a: Koraidon|Collision Course|p1b: Urshifu\n|-damage|p1b: Urshifu|0 fnt\n|faint|p1b: Urshifu\n|\n|-weather|SunnyDay|[upkeep]\n|-sideend|p2: mavvyvgc|Reflect\n|upkeep\n|turn|7\n|\n|t:|1746148774\n|move|p2b: Calyrex|Astral Barrage|p1a: Tsareena\n|-damage|p1a: Tsareena|0 fnt\n|faint|p1a: Tsareena\n|\n|win|mavvyvgc\n||TWO PIECE TOM is ready for game 2.\n|inactive|mavvyvgc has 30 seconds to confirm battle start!\n", "uploadtime": 1746148786, "views": 4, "formatid": "gen9vgc2025regibo3", "rating": null, "private": 0, "password": null}