{"id": "gen9vgc2025regibo3-2354290258", "format": "[Gen 9] VGC 2025 Reg I (Bo3)", "players": ["AUBrigade", "Buaazin"], "log": "|j|\u2606AUBrigade\n|j|\u2606Buaazin\n|html|<table width=\"100%\"><tr><td align=\"left\">AUBrigade</td><td align=\"right\">Buaazin</tr><tr><td align=\"left\"><i class=\"fa fa-circle-o\"></i> <i class=\"fa fa-circle-o\"></i> </td><td align=\"right\"><i class=\"fa fa-circle-o\"></i> <i class=\"fa fa-circle-o\"></i> </tr></table>\n|uhtml|bestof|<h2><strong>Game 1</strong> of <a href=\"/game-bestof3-gen9vgc2025regibo3-2354290257\">a best-of-3</a></h2>\n|t:|1746053480\n|gametype|doubles\n|player|p1|AUBrigade|102|1166\n|player|p2|Buaazin|101|1217\n|teamsize|p1|6\n|teamsize|p2|6\n|gen|9\n|tier|[Gen 9] VGC 2025 Reg I (Bo3)\n|rated|\n|rule|Species Clause: Limit one of each Pok\u00e9mon\n|rule|Item Clause: Limit 1 of each item\n|clearpoke\n|poke|p1|Miraidon, L50|\n|poke|p1|Incineroar, L50, M|\n|poke|p1|Farigiraf, L50, M|\n|poke|p1|Iron Hands, L50|\n|poke|p1|Ho-Oh, L50|\n|poke|p1|Urshifu-*, L50, F|\n|poke|p2|Kyogre, L50|\n|poke|p2|Zamazenta-*, L50|\n|poke|p2|Rillaboom, L50, M|\n|poke|p2|Incineroar, L50, M|\n|poke|p2|Thundurus-Therian, L50, M|\n|poke|p2|Farigiraf, L50, M|\n|teampreview|4\n|showteam|p1|Miraidon||ChoiceSpecs|HadronEngine|VoltSwitch,ElectroDrift,DracoMeteor,DazzlingGleam||||||50|,,,,,Fairy]Incineroar||RockyHelmet|Intimidate|PartingShot,FakeOut,KnockOff,Taunt|||M|||50|,,,,,Bug]Farigiraf||ElectricSeed|ArmorTail|FoulPlay,Protect,TrickRoom,HelpingHand|||M|||50|,,,,,Water]Iron Hands||AssaultVest|QuarkDrive|LowKick,WildCharge,FakeOut,DrainPunch||||||50|,,,,,Bug]Ho-Oh||ClearAmulet|Regenerator|SacredFire,BraveBird,Tailwind,Protect||||||50|,,,,,Grass]Urshifu-Rapid-Strike||ChoiceScarf|UnseenFist|SurgingStrikes,Uturn,CloseCombat,AquaJet|||F|||50|,,,,,Water\n|showteam|p2|Kyogre||LifeOrb|Drizzle|OriginPulse,Thunder,IceBeam,Protect||||||50|,,,,,Grass]Zamazenta-Crowned||RustedShield|DauntlessShield|BodyPress,HeavySlam,WideGuard,Protect||||||50|,,,,,Dragon]Rillaboom||AssaultVest|GrassySurge|FakeOut,WoodHammer,GrassyGlide,Uturn|||M|||50|,,,,,Fire]Incineroar||SitrusBerry|Intimidate|FakeOut,KnockOff,PartingShot,WillOWisp|||M|||50|,,,,,Ghost]Thundurus-Therian||ChoiceScarf|VoltAbsorb|WildboltStorm,Electroweb,WeatherBall,VoltSwitch|||M|||50|,,,,,Water]Farigiraf||SafetyGoggles|ArmorTail|FoulPlay,Psychic,HelpingHand,TrickRoom|||M|||50|,,,,,Water\n|inactive|Battle timer is ON: inactive players will automatically lose when time's up. (requested by AUBrigade)\n|\n|t:|1746053590\n|start\n|switch|p1a: Urshifu|Urshifu-Rapid-Strike, L50, F|100/100\n|switch|p1b: Miraidon|Miraidon, L50|100/100\n|switch|p2a: Rillaboom|Rillaboom, L50, M|100/100\n|switch|p2b: Kyogre|Kyogre, L50|100/100\n|-fieldstart|move: Electric Terrain|[from] ability: Hadron Engine|[of] p1b: Miraidon\n|-weather|RainDance|[from] ability: Drizzle|[of] p2b: Kyogre\n|-fieldstart|move: Grassy Terrain|[from] ability: Grassy Surge|[of] p2a: Rillaboom\n|turn|1\n|inactive|AUBrigade has 30 seconds left.\n|\n|t:|1746053618\n|switch|p1b: Farigiraf|Farigiraf, L50, M|100/100\n|switch|p2b: Thundurus|Thundurus-Therian, L50, M|100/100\n|move|p1a: Urshifu|U-turn|p2a: Rillaboom\n|-supereffective|p2a: Rillaboom\n|-damage|p2a: Rillaboom|49/100\n|\n|t:|1746053633\n|switch|p1a: Iron Hands|Iron Hands, L50|100/100|[from] U-turn\n|move|p2a: Rillaboom|Wood Hammer|p1a: Iron Hands\n|-damage|p1a: Iron Hands|48/100\n|-damage|p2a: Rillaboom|28/100|[from] Recoil\n|\n|-weather|RainDance|[upkeep]\n|-heal|p2a: Rillaboom|33/100|[from] Grassy Terrain\n|-heal|p1a: Iron Hands|55/100|[from] Grassy Terrain\n|upkeep\n|turn|2\n|inactive|AUBrigade has 30 seconds left.\n|inactive|Buaazin has 30 seconds left.\n|inactive|AUBrigade has 20 seconds left.\n|inactive|AUBrigade has 15 seconds left.\n|inactive|AUBrigade has 10 seconds left.\n|\n|t:|1746053685\n|-end|p1a: Iron Hands|Quark Drive|[silent]\n|switch|p1a: Miraidon|Miraidon, L50|100/100\n|-fieldstart|move: Electric Terrain|[from] ability: Hadron Engine|[of] p1a: Miraidon\n|-enditem|p1b: Farigiraf|Electric Seed\n|-boost|p1b: Farigiraf|def|1|[from] item: Electric Seed\n|move|p2b: Thundurus|Weather Ball|p1a: Miraidon\n|-resisted|p1a: Miraidon\n|-damage|p1a: Miraidon|77/100\n|move|p2a: Rillaboom|U-turn|p1b: Farigiraf\n|-supereffective|p1b: Farigiraf\n|-damage|p1b: Farigiraf|76/100\n|\n|t:|1746053697\n|switch|p2a: Zamazenta|Zamazenta-Crowned, L50|100/100|[from] U-turn\n|-ability|p2a: Zamazenta|Dauntless Shield|boost\n|-boost|p2a: Zamazenta|def|1\n|move|p1b: Farigiraf|Foul Play|p2a: Zamazenta\n|-resisted|p2a: Zamazenta\n|-damage|p2a: Zamazenta|95/100\n|\n|-weather|RainDance|[upkeep]\n|upkeep\n|turn|3\n|inactive|Buaazin has 30 seconds left.\n|inactive|Buaazin has 20 seconds left.\n|inactive|Buaazin has 15 seconds left.\n|\n|t:|1746053738\n|switch|p2b: Rillaboom|Rillaboom, L50, M|33/100\n|-fieldstart|move: Grassy Terrain|[from] ability: Grassy Surge|[of] p2b: Rillaboom\n|move|p1a: Miraidon|Volt Switch|p2a: Zamazenta\n|-damage|p2a: Zamazenta|58/100\n|\n|t:|1746053756\n|switch|p1a: Urshifu|Urshifu-Rapid-Strike, L50, F|100/100|[from] Volt Switch\n|move|p2a: Zamazenta|Body Press|p1a: Urshifu\n|-damage|p1a: Urshifu|36/100\n|move|p1b: Farigiraf|Foul Play|p2b: Rillaboom\n|-damage|p2b: Rillaboom|6/100\n|\n|-weather|RainDance|[upkeep]\n|-heal|p1a: Urshifu|42/100|[from] Grassy Terrain\n|-heal|p2a: Zamazenta|64/100|[from] Grassy Terrain\n|-heal|p2b: Rillaboom|12/100|[from] Grassy Terrain\n|-heal|p1b: Farigiraf|83/100|[from] Grassy Terrain\n|upkeep\n|turn|4\n|inactive|AUBrigade has 30 seconds left.\n|inactive|Buaazin has 30 seconds left.\n|inactive|AUBrigade has 20 seconds left.\n|inactive|Buaazin has 20 seconds left.\n|inactive|AUBrigade has 15 seconds left.\n|inactive|Buaazin has 15 seconds left.\n|inactive|AUBrigade has 10 seconds left.\n|\n|t:|1746053805\n|switch|p2b: Kyogre|Kyogre, L50|100/100\n|move|p1a: Urshifu|Surging Strikes|p2a: Zamazenta\n|-crit|p2a: Zamazenta\n|-damage|p2a: Zamazenta|44/100\n|-crit|p2a: Zamazenta\n|-damage|p2a: Zamazenta|26/100\n|-crit|p2a: Zamazenta\n|-damage|p2a: Zamazenta|8/100\n|-hitcount|p2a: Zamazenta|3\n|move|p2a: Zamazenta|Body Press|p1a: Urshifu\n|-damage|p1a: Urshifu|0 fnt\n|faint|p1a: Urshifu\n|move|p1b: Farigiraf|Trick Room|p1b: Farigiraf\n|-fieldstart|move: Trick Room|[of] p1b: Farigiraf\n|\n|-weather|RainDance|[upkeep]\n|-heal|p1b: Farigiraf|89/100|[from] Grassy Terrain\n|-heal|p2a: Zamazenta|14/100|[from] Grassy Terrain\n|upkeep\n|\n|t:|1746053819\n|switch|p1a: Iron Hands|Iron Hands, L50|55/100\n|turn|5\n|inactive|AUBrigade has 30 seconds left.\n|inactive|AUBrigade has 20 seconds left.\n|inactive|AUBrigade has 15 seconds left.\n|\n|t:|1746053861\n|switch|p2b: Thundurus|Thundurus-Therian, L50, M|100/100\n|-terastallize|p1a: Iron Hands|Bug\n|move|p1b: Farigiraf|Protect|p1b: Farigiraf\n|-singleturn|p1b: Farigiraf|Protect\n|move|p2a: Zamazenta|Protect|p2a: Zamazenta\n|-singleturn|p2a: Zamazenta|Protect\n|move|p1a: Iron Hands|Drain Punch|p2b: Thundurus\n|-resisted|p2b: Thundurus\n|-damage|p2b: Thundurus|71/100\n|-heal|p1a: Iron Hands|64/100|[from] drain|[of] p2b: Thundurus\n|\n|-weather|none\n|-heal|p1a: Iron Hands|70/100|[from] Grassy Terrain\n|-heal|p1b: Farigiraf|95/100|[from] Grassy Terrain\n|-heal|p2a: Zamazenta|20/100|[from] Grassy Terrain\n|upkeep\n|turn|6\n|inactive|AUBrigade has 30 seconds left.\n|inactive|Buaazin has 30 seconds left.\n|inactive|AUBrigade has 20 seconds left.\n|inactive|Buaazin has 20 seconds left.\n|inactive|Buaazin has 15 seconds left.\n|inactive|Buaazin has 10 seconds left.\n|inactive|Buaazin has 5 seconds left.\n|\n|t:|1746053916\n|-terastallize|p2a: Zamazenta|Dragon\n|move|p1a: Iron Hands|Drain Punch|p2a: Zamazenta\n|-damage|p2a: Zamazenta|4/100\n|-heal|p1a: Iron Hands|76/100|[from] drain|[of] p2a: Zamazenta\n|move|p1b: Farigiraf|Foul Play|p2b: Thundurus\n|-damage|p2b: Thundurus|48/100\n|move|p2a: Zamazenta|Body Press|p1b: Farigiraf\n|-damage|p1b: Farigiraf|59/100\n|move|p2b: Thundurus|Wildbolt Storm|p1a: Iron Hands|[spread] p1a,p1b\n|-damage|p1a: Iron Hands|54/100\n|-damage|p1b: Farigiraf|23/100\n|-status|p1b: Farigiraf|par\n|\n|-heal|p1b: Farigiraf|29/100 par|[from] Grassy Terrain\n|-heal|p1a: Iron Hands|60/100|[from] Grassy Terrain\n|-heal|p2a: Zamazenta|10/100|[from] Grassy Terrain\n|upkeep\n|turn|7\n|inactive|AUBrigade has 30 seconds left.\n|inactive|Buaazin has 30 seconds left.\n|inactive|AUBrigade has 20 seconds left.\n|inactive|Buaazin has 20 seconds left.\n|\n|t:|1746053953\n|switch|p2b: Kyogre|Kyogre, L50|100/100\n|-weather|RainDance|[from] ability: Drizzle|[of] p2b: Kyogre\n|cant|p1b: Farigiraf|par\n|move|p2a: Zamazenta|Protect|p2a: Zamazenta\n|-singleturn|p2a: Zamazenta|Protect\n|move|p1a: Iron Hands|Drain Punch|p2b: Kyogre\n|-damage|p2b: Kyogre|57/100\n|-heal|p1a: Iron Hands|77/100|[from] drain|[of] p2b: Kyogre\n|\n|-weather|RainDance|[upkeep]\n|-heal|p1b: Farigiraf|35/100 par|[from] Grassy Terrain\n|-heal|p1a: Iron Hands|84/100|[from] Grassy Terrain\n|-heal|p2b: Kyogre|63/100|[from] Grassy Terrain\n|-heal|p2a: Zamazenta|16/100|[from] Grassy Terrain\n|-fieldend|move: Grassy Terrain\n|upkeep\n|turn|8\n|inactive|AUBrigade has 30 seconds left.\n|inactive|Buaazin has 30 seconds left.\n|inactive|AUBrigade has 20 seconds left.\n|inactive|Buaazin has 20 seconds left.\n|inactive|AUBrigade has 15 seconds left.\n|inactive|Buaazin has 15 seconds left.\n|inactive|Buaazin has 10 seconds left.\n|\n|t:|1746053999\n|move|p2b: Kyogre|Protect|p2b: Kyogre\n|-singleturn|p2b: Kyogre|Protect\n|move|p1b: Farigiraf|Foul Play|p2a: Zamazenta\n|-damage|p2a: Zamazenta|6/100\n|move|p1a: Iron Hands|Low Kick|p2b: Kyogre\n|-activate|p2b: Kyogre|move: Protect\n|move|p2a: Zamazenta|Body Press|p1b: Farigiraf\n|-damage|p1b: Farigiraf|0 fnt\n|faint|p1b: Farigiraf\n|\n|-weather|RainDance|[upkeep]\n|-fieldend|move: Trick Room\n|upkeep\n|\n|t:|1746054011\n|switch|p1b: Miraidon|Miraidon, L50|77/100\n|-fieldstart|move: Electric Terrain|[from] ability: Hadron Engine|[of] p1b: Miraidon\n|-activate|p1a: Iron Hands|ability: Quark Drive\n|-start|p1a: Iron Hands|quarkdriveatk\n|turn|9\n|inactive|AUBrigade has 30 seconds left.\n|inactive|Buaazin has 30 seconds left.\n|\n|t:|1746054038\n|switch|p2b: Rillaboom|Rillaboom, L50, M|12/100\n|-fieldstart|move: Grassy Terrain|[from] ability: Grassy Surge|[of] p2b: Rillaboom\n|-end|p1a: Iron Hands|Quark Drive\n|move|p2a: Zamazenta|Wide Guard|p2a: Zamazenta\n|-singleturn|p2a: Zamazenta|Wide Guard\n|move|p1b: Miraidon|Draco Meteor|p2a: Zamazenta\n|-supereffective|p2a: Zamazenta\n|-damage|p2a: Zamazenta|0 fnt\n|-unboost|p1b: Miraidon|spa|2\n|faint|p2a: Zamazenta\n|move|p1a: Iron Hands|Low Kick|p2b: Rillaboom\n|-damage|p2b: Rillaboom|0 fnt\n|faint|p2b: Rillaboom\n|\n|-weather|RainDance|[upkeep]\n|-heal|p1b: Miraidon|83/100|[from] Grassy Terrain\n|-heal|p1a: Iron Hands|90/100|[from] Grassy Terrain\n|upkeep\n|\n|t:|1746054055\n|switch|p2a: Thundurus|Thundurus-Therian, L50, M|48/100\n|switch|p2b: Kyogre|Kyogre, L50|63/100\n|turn|10\n|inactive|Buaazin has 30 seconds left.\n|inactive|Buaazin has 20 seconds left.\n|\n|t:|1746054090\n|move|p2a: Thundurus|Wildbolt Storm|p1a: Iron Hands|[spread] p1a,p1b\n|-resisted|p1b: Miraidon\n|-damage|p1a: Iron Hands|68/100\n|-damage|p1b: Miraidon|75/100\n|move|p1b: Miraidon|Draco Meteor|p2a: Thundurus\n|-damage|p2a: Thundurus|0 fnt\n|-unboost|p1b: Miraidon|spa|2\n|faint|p2a: Thundurus\n|move|p2b: Kyogre|Origin Pulse|p1b: Miraidon|[spread] p1a,p1b\n|-resisted|p1b: Miraidon\n|-damage|p1a: Iron Hands|22/100\n|-damage|p1b: Miraidon|33/100\n|-damage|p2b: Kyogre|53/100|[from] item: Life Orb\n|move|p1a: Iron Hands|Wild Charge|p2b: Kyogre\n|-supereffective|p2b: Kyogre\n|-damage|p2b: Kyogre|0 fnt\n|faint|p2b: Kyogre\n|-damage|p1a: Iron Hands|11/100|[from] Recoil\n|\n|win|AUBrigade\n|inactive|AUBrigade has 30 seconds to confirm battle start!\n|inactive|Buaazin has 30 seconds to confirm battle start!\n||AUBrigade is ready for game 2.\n||Buaazin is ready for game 2.\n|uhtml|next|Next: <a href=\"/battle-gen9vgc2025regibo3-2354295698\"><strong>Game 2 of 3</strong></a>\n", "uploadtime": 1746054484, "views": 7, "formatid": "gen9vgc2025regibo3", "rating": null, "private": 0, "password": null}