{"id": "gen9vgc2025regibo3-2354369542", "format": "[Gen 9] VGC 2025 Reg I (Bo3)", "players": ["AceTrainerJohny", "Gimffy"], "log": "|j|\u2606AceTrainerJohny\n|j|\u2606Gimffy\n|html|<table width=\"100%\"><tr><td align=\"left\">AceTrainerJohny</td><td align=\"right\">Gimffy</tr><tr><td align=\"left\"><i class=\"fa fa-circle-o\"></i> <i class=\"fa fa-circle-o\"></i> </td><td align=\"right\"><i class=\"fa fa-circle-o\"></i> <i class=\"fa fa-circle\"></i> </tr></table>\n|uhtml|bestof|<h2><strong>Game 2</strong> of <a href=\"/game-bestof3-gen9vgc2025regibo3-2354367132\">a best-of-3</a></h2>\n|t:|1746062923\n|gametype|doubles\n|player|p1|AceTrainerJohny|acetrainer-gen4dp|1152\n|player|p2|Gimffy|ingo|1180\n|teamsize|p1|6\n|teamsize|p2|6\n|gen|9\n|tier|[Gen 9] VGC 2025 Reg I (Bo3)\n|rated|\n|rule|Species Clause: Limit one of each Pok\u00e9mon\n|rule|Item Clause: Limit 1 of each item\n|clearpoke\n|poke|p1|Calyrex-Ice, L50|\n|poke|p1|Palkia, L50|\n|poke|p1|Ursaluna, L50, F|\n|poke|p1|Indeedee-F, L50, F|\n|poke|p1|Iron Crown, L50|\n|poke|p1|Chi-Yu, L50|\n|poke|p2|Koraidon, L50|\n|poke|p2|Lunala, L50|\n|poke|p2|Flutter Mane, L50|\n|poke|p2|Chi-Yu, L50|\n|poke|p2|Brute Bonnet, L50|\n|poke|p2|Ursaluna, L50, M|\n|teampreview|4\n|showteam|p1|Calyrex-Ice||ClearAmulet|AsOneGlastrier|Protect,TrickRoom,GlacialLance,HighHorsepower||||||50|,,,,,Fire]Palkia||LustrousOrb|Telepathy|TrickRoom,SpacialRend,HydroPump,Protect||||||50|,,,,,Steel]Ursaluna||FlameOrb|Guts|Protect,Facade,Earthquake,ThroatChop|||F|||50|,,,,,Ghost]Indeedee-F||RockyHelmet|PsychicSurge|FollowMe,TrickRoom,AlluringVoice,HelpingHand|||F|||50|,,,,,Grass]Iron Crown||BoosterEnergy|QuarkDrive|TachyonCutter,ExpandingForce,Protect,CalmMind||||||50|,,,,,Stellar]Chi-Yu||ChoiceScarf|BeadsofRuin|Overheat,Snarl,HeatWave,DarkPulse||||||50|,,,,,Ghost\n|showteam|p2|Koraidon||ClearAmulet|OrichalcumPulse|CollisionCourse,FlareBlitz,FlameCharge,Protect||||||50|,,,,,Fire]Lunala||PowerHerb|ShadowShield|MoongeistBeam,MeteorBeam,WideGuard,TrickRoom||||||50|,,,,,Water]Flutter Mane||FocusSash|Protosynthesis|Moonblast,ShadowBall,IcyWind,Protect||||||50|,,,,,Fairy]Chi-Yu||ChoiceScarf|BeadsofRuin|DarkPulse,HeatWave,Overheat,Snarl||||||50|,,,,,Ghost]Brute Bonnet||RockyHelmet|Protosynthesis|RagePowder,Spore,SeedBomb,SuckerPunch||||||50|,,,,,Water]Ursaluna||FlameOrb|Guts|Facade,HeadlongRush,Earthquake,Protect|||M|||50|,,,,,Water\n|inactive|Battle timer is ON: inactive players will automatically lose when time's up. (requested by Gimffy)\n|\n|t:|1746062946\n|start\n|switch|p1a: Chi-Yu|Chi-Yu, L50|100/100\n|switch|p1b: Indeedee|Indeedee-F, L50, F|100/100\n|switch|p2a: Calcifisher|Chi-Yu, L50|100/100\n|switch|p2b: Anakin|Flutter Mane, L50|100/100\n|-ability|p1a: Chi-Yu|Beads of Ruin\n|-ability|p2a: Calcifisher|Beads of Ruin\n|-fieldstart|move: Psychic Terrain|[from] ability: Psychic Surge|[of] p1b: Indeedee\n|turn|1\n|\n|t:|1746062968\n|move|p1a: Chi-Yu|Snarl|p2b: Anakin|[spread] p2a,p2b\n|-resisted|p2a: Calcifisher\n|-damage|p2a: Calcifisher|87/100\n|-damage|p2b: Anakin|70/100\n|-unboost|p2a: Calcifisher|spa|1\n|-unboost|p2b: Anakin|spa|1\n|move|p2a: Calcifisher|Snarl|p1b: Indeedee|[spread] p1a,p1b\n|-resisted|p1a: Chi-Yu\n|-supereffective|p1b: Indeedee\n|-damage|p1a: Chi-Yu|91/100\n|-damage|p1b: Indeedee|70/100\n|-unboost|p1a: Chi-Yu|spa|1\n|-unboost|p1b: Indeedee|spa|1\n|move|p2b: Anakin|Moonblast|p1a: Chi-Yu\n|-damage|p1a: Chi-Yu|55/100\n|move|p1b: Indeedee|Trick Room|p1b: Indeedee\n|-fieldstart|move: Trick Room|[of] p1b: Indeedee\n|\n|upkeep\n|turn|2\n|\n|t:|1746062988\n|switch|p1b: Calyrex|Calyrex-Ice, L50|100/100\n|-ability|p1b: Calyrex|As One\n|-ability|p1b: Calyrex|Unnerve\n|-end|p2b: Anakin|Protosynthesis|[silent]\n|switch|p2b: Ursaluna|Ursaluna, L50, M|100/100\n|move|p2a: Calcifisher|Snarl|p1b: Calyrex|[spread] p1a,p1b\n|-resisted|p1a: Chi-Yu\n|-supereffective|p1b: Calyrex\n|-damage|p1a: Chi-Yu|46/100\n|-damage|p1b: Calyrex|74/100\n|-unboost|p1a: Chi-Yu|spa|1\n|move|p1a: Chi-Yu|Snarl|p2a: Calcifisher|[spread] p2a,p2b\n|-resisted|p2a: Calcifisher\n|-damage|p2a: Calcifisher|80/100\n|-damage|p2b: Ursaluna|88/100\n|-unboost|p2a: Calcifisher|spa|1\n|-unboost|p2b: Ursaluna|spa|1\n|\n|-status|p2b: Ursaluna|brn|[from] item: Flame Orb\n|upkeep\n|turn|3\n|inactive|AceTrainerJohny has 30 seconds left.\n|\n|t:|1746063021\n|switch|p1a: Indeedee|Indeedee-F, L50, F|70/100\n|-terastallize|p2b: Ursaluna|Water\n|move|p1b: Calyrex|Glacial Lance|p2b: Ursaluna|[spread] p2a,p2b\n|-resisted|p2a: Calcifisher\n|-resisted|p2b: Ursaluna\n|-damage|p2a: Calcifisher|34/100\n|-damage|p2b: Ursaluna|65/100 brn\n|move|p2b: Ursaluna|Facade|p1b: Calyrex\n|-damage|p1b: Calyrex|3/100\n|move|p2a: Calcifisher|Snarl|p1a: Indeedee|[spread] p1a\n|-miss|p2a: Calcifisher|p1b: Calyrex\n|-supereffective|p1a: Indeedee\n|-damage|p1a: Indeedee|45/100\n|-unboost|p1a: Indeedee|spa|1\n|\n|-damage|p2b: Ursaluna|59/100 brn|[from] brn\n|upkeep\n|turn|4\n|inactive|AceTrainerJohny has 30 seconds left.\n|\n|t:|1746063050\n|move|p1a: Indeedee|Follow Me|p1a: Indeedee\n|-singleturn|p1a: Indeedee|move: Follow Me\n|move|p2b: Ursaluna|Facade|p1a: Indeedee\n|-damage|p1a: Indeedee|0 fnt\n|-damage|p2b: Ursaluna|43/100 brn|[from] item: Rocky Helmet|[of] p1a: Indeedee\n|faint|p1a: Indeedee\n|move|p1b: Calyrex|Glacial Lance|p2a: Calcifisher|[spread] p2a,p2b\n|-resisted|p2a: Calcifisher\n|-resisted|p2b: Ursaluna\n|-damage|p2a: Calcifisher|0 fnt\n|-damage|p2b: Ursaluna|18/100 brn\n|faint|p2a: Calcifisher\n|-ability|p1b: Calyrex|Chilling Neigh|boost\n|-boost|p1b: Calyrex|atk|1\n|\n|-damage|p2b: Ursaluna|12/100 brn|[from] brn\n|upkeep\n|\n|t:|1746063065\n|switch|p1a: Palkia|Palkia, L50, shiny|100/100\n|switch|p2a: Akira|Koraidon, L50|100/100\n|-weather|SunnyDay|[from] ability: Orichalcum Pulse|[of] p2a: Akira\n|-activate|p2a: Akira|Orichalcum Pulse|[source]\n|turn|5\n|inactive|AceTrainerJohny has 30 seconds left.\n|\n|t:|1746063093\n|switch|p1a: Chi-Yu|Chi-Yu, L50|46/100\n|-ability|p1a: Chi-Yu|Beads of Ruin\n|move|p2a: Akira|Protect|p2a: Akira\n|-singleturn|p2a: Akira|Protect\n|move|p2b: Ursaluna|Earthquake|p1b: Calyrex|[spread] p1a,p1b\n|-activate|p2a: Akira|move: Protect\n|-supereffective|p1a: Chi-Yu\n|-damage|p1a: Chi-Yu|0 fnt\n|-damage|p1b: Calyrex|0 fnt\n|faint|p1a: Chi-Yu\n|faint|p1b: Calyrex\n|\n|-weather|SunnyDay|[upkeep]\n|-damage|p2b: Ursaluna|6/100 brn|[from] brn\n|-fieldend|move: Trick Room\n|-fieldend|move: Psychic Terrain\n|upkeep\n|-message|AceTrainerJohny forfeited.\n|\n|win|Gimffy\n|raw|AceTrainerJohny's rating: 1152 &rarr; <strong>1129</strong><br />(-23 for losing)\n|raw|Gimffy's rating: 1180 &rarr; <strong>1203</strong><br />(+23 for winning)\n|l|\u2606AceTrainerJohny\n|player|p1|\n", "uploadtime": 1746063117, "views": 15, "formatid": "gen9vgc2025regibo3", "rating": 1129, "private": 0, "password": null}