{"id": "gen9vgc2025regibo3-2354199297", "format": "[Gen 9] VGC 2025 Reg I (Bo3)", "players": ["7amont", "vilan333"], "log": "|j|\u26067amont\n|j|\u2606vilan333\n|html|<table width=\"100%\"><tr><td align=\"left\">7amont</td><td align=\"right\">vilan333</tr><tr><td align=\"left\"><i class=\"fa fa-circle\"></i> <i class=\"fa fa-circle-o\"></i> </td><td align=\"right\"><i class=\"fa fa-circle-o\"></i> <i class=\"fa fa-circle\"></i> </tr></table>\n|uhtml|bestof|<h2><strong>Game 3</strong> of <a href=\"/game-bestof3-gen9vgc2025regibo3-2354194720\">a best-of-3</a></h2>\n|t:|1746043874\n|gametype|doubles\n|player|p1|7amont|burglar|1045\n|player|p2|vilan333|marshal|1076\n|teamsize|p1|6\n|teamsize|p2|6\n|gen|9\n|tier|[Gen 9] VGC 2025 Reg I (Bo3)\n|rated|\n|rule|Species Clause: Limit one of each Pok\u00e9mon\n|rule|Item Clause: Limit 1 of each item\n|clearpoke\n|poke|p1|Kingambit, L50, F|\n|poke|p1|Calyrex-Shadow, L50|\n|poke|p1|Grimmsnarl, L50, M|\n|poke|p1|Urshifu-*, L50, F|\n|poke|p1|Kyogre, L50|\n|poke|p1|Ogerpon-Wellspring, L50, F|\n|poke|p2|Calyrex-Shadow, L50|\n|poke|p2|Dondozo, L50, M|\n|poke|p2|Tatsugiri-Droopy, L50, F|\n|poke|p2|Sneasler, L50, F|\n|poke|p2|Ditto, L50|\n|poke|p2|Miraidon, L50|\n|teampreview|4\n|showteam|p1|Kingambit||BlackGlasses|Defiant|Protect,SwordsDance,SuckerPunch,KowtowCleave|||F|||50|,,,,,Fairy]Calyrex-Shadow||FocusSash|AsOneSpectrier|Protect,AstralBarrage,Psychic,NastyPlot||||||50|,,,,,Ghost]Grimmsnarl||LightClay|Prankster|Reflect,LightScreen,MistyTerrain,ThunderWave|||M|||50|,,,,,Steel]Urshifu-Rapid-Strike||ChoiceScarf|UnseenFist|AquaJet,CloseCombat,SurgingStrikes,Uturn|||F|||50|,,,,,Water]Kyogre||AssaultVest|Drizzle|Surf,OriginPulse,Thunder,IceBeam||||||50|,,,,,Grass]Ogerpon-Wellspring||WellspringMask|WaterAbsorb|SpikyShield,FollowMe,IvyCudgel,HornLeech|||F|||50|,,,,,Water\n|showteam|p2|Calyrex-Shadow||SpellTag|AsOneSpectrier|AstralBarrage,Psychic,NastyPlot,Protect||||||50|,,,,,Normal]Dondozo||Leftovers|Unaware|BodyPress,OrderUp,Protect,Earthquake|||M|||50|,,,,,Grass]Tatsugiri-Droopy||ChoiceScarf|Commander|DracoMeteor,MuddyWater,IcyWind,SleepTalk|||F|||50|,,,,,Stellar]Sneasler||ElectricSeed|Unburden|DireClaw,FakeOut,CloseCombat,ToxicSpikes|||F|||50|,,,,,Dark]Ditto||FocusSash|Imposter|Transform||||||50|,,,,,Ghost]Miraidon||AssaultVest|HadronEngine|VoltSwitch,ElectroDrift,DazzlingGleam,DracoMeteor||||||50|,,,,,Ghost\n|inactive|Battle timer is ON: inactive players will automatically lose when time's up. (requested by 7amont)\n|inactive|7amont has 60 seconds left.\n|inactive|vilan333 has 60 seconds left.\n|inactive|7amont has 30 seconds left.\n|\n|t:|1746043936\n|start\n|switch|p1a: Grimmsnarl|Grimmsnarl, L50, M|100/100\n|switch|p1b: Calyrex|Calyrex-Shadow, L50|100/100\n|switch|p2a: Miraidon|Miraidon, L50|100/100\n|switch|p2b: Nymeria II|Sneasler, L50, F|100/100\n|-ability|p1b: Calyrex|As One\n|-ability|p1b: Calyrex|Unnerve\n|-fieldstart|move: Electric Terrain|[from] ability: Hadron Engine|[of] p2a: Miraidon\n|-enditem|p2b: Nymeria II|Electric Seed\n|-boost|p2b: Nymeria II|def|1|[from] item: Electric Seed\n|turn|1\n|inactive|vilan333 has 30 seconds left.\n|\n|t:|1746043961\n|move|p1b: Calyrex|Protect|p1b: Calyrex\n|-singleturn|p1b: Calyrex|Protect\n|move|p2b: Nymeria II|Fake Out|p1a: Grimmsnarl\n|-damage|p1a: Grimmsnarl|86/100\n|cant|p1a: Grimmsnarl|flinch\n|move|p2a: Miraidon|Electro Drift|p1b: Calyrex\n|-activate|p1b: Calyrex|move: Protect\n|\n|upkeep\n|turn|2\n|inactive|7amont has 30 seconds left.\n|inactive|7amont has 20 seconds left.\n|inactive|7amont has 15 seconds left.\n|inactive|7amont has 10 seconds left.\n|inactive|7amont has 5 seconds left.\n|\n|t:|1746044012\n|move|p1a: Grimmsnarl|Light Screen|p1a: Grimmsnarl\n|-sidestart|p1: 7amont|move: Light Screen\n|move|p2b: Nymeria II|Dire Claw|p1b: Calyrex\n|-resisted|p1b: Calyrex\n|-damage|p1b: Calyrex|72/100\n|move|p1b: Calyrex|Psychic|p2b: Nymeria II\n|-supereffective|p2b: Nymeria II\n|-damage|p2b: Nymeria II|0 fnt\n|faint|p2b: Nymeria II\n|-ability|p1b: Calyrex|Grim Neigh|boost\n|-boost|p1b: Calyrex|spa|1\n|move|p2a: Miraidon|Electro Drift|p1b: Calyrex\n|-damage|p1b: Calyrex|2/100\n|\n|upkeep\n|\n|t:|1746044027\n|switch|p2b: Stannis|Calyrex-Shadow, L50|100/100\n|-ability|p2b: Stannis|As One\n|-ability|p2b: Stannis|Unnerve\n|turn|3\n|inactive|7amont has 30 seconds left.\n|\n|t:|1746044055\n|move|p1b: Calyrex|Protect|p1b: Calyrex\n|-singleturn|p1b: Calyrex|Protect\n|move|p2b: Stannis|Protect|p2b: Stannis\n|-singleturn|p2b: Stannis|Protect\n|move|p1a: Grimmsnarl|Thunder Wave|p2b: Stannis\n|-activate|p2b: Stannis|move: Protect\n|move|p2a: Miraidon|Volt Switch|p1a: Grimmsnarl\n|-damage|p1a: Grimmsnarl|43/100\n|\n|t:|1746044066\n|switch|p2a: Ditto|Ditto, L50|100/100|[from] Volt Switch\n|-transform|p2a: Ditto|p1b: Calyrex|[from] ability: Imposter\n|-ability|p2a: Ditto|As One\n|-ability|p2a: Ditto|Unnerve\n|\n|upkeep\n|turn|4\n|inactive|7amont has 30 seconds left.\n|\n|t:|1746044096\n|-terastallize|p2b: Stannis|Normal\n|move|p1a: Grimmsnarl|Thunder Wave|p2b: Stannis\n|-status|p2b: Stannis|par\n|move|p2a: Ditto|Astral Barrage|p1b: Calyrex|[spread] p1a,p1b\n|-resisted|p1a: Grimmsnarl\n|-supereffective|p1b: Calyrex\n|-damage|p1a: Grimmsnarl|17/100\n|-damage|p1b: Calyrex|0 fnt\n|faint|p1b: Calyrex\n|-ability|p2a: Ditto|Grim Neigh|boost\n|-boost|p2a: Ditto|spa|1\n|cant|p2b: Stannis|par\n|\n|upkeep\n|\n|t:|1746044108\n|switch|p1b: Ogerpon|Ogerpon-Wellspring, L50, F|100/100\n|turn|5\n|\n|t:|1746044114\n|move|p1b: Ogerpon|Spiky Shield|p1b: Ogerpon\n|-singleturn|p1b: Ogerpon|move: Protect\n|move|p1a: Grimmsnarl|Thunder Wave|p2a: Ditto\n|-status|p2a: Ditto|par\n|move|p2a: Ditto|Astral Barrage|p1b: Ogerpon|[spread] p1a\n|-activate|p1b: Ogerpon|move: Protect\n|-resisted|p1a: Grimmsnarl\n|-damage|p1a: Grimmsnarl|0 fnt\n|faint|p1a: Grimmsnarl\n|-ability|p2a: Ditto|Grim Neigh|boost\n|-boost|p2a: Ditto|spa|1\n|move|p2b: Stannis|Astral Barrage|p1b: Ogerpon\n|-activate|p1b: Ogerpon|move: Protect\n|\n|-fieldend|move: Electric Terrain\n|upkeep\n|\n|t:|1746044120\n|switch|p1a: Kyogre|Kyogre, L50|100/100\n|-weather|RainDance|[from] ability: Drizzle|[of] p1a: Kyogre\n|turn|6\n|\n|t:|1746044138\n|-terastallize|p1b: Ogerpon|Water\n|detailschange|p1b: Ogerpon|Ogerpon-Wellspring-Tera, L50, F, tera:Water\n|-ability|p1b: Ogerpon|Embody Aspect (Wellspring)|boost\n|-boost|p1b: Ogerpon|spd|1\n|move|p1b: Ogerpon|Ivy Cudgel|p2a: Ditto|[anim] Ivy Cudgel Water\n|-enditem|p2a: Ditto|Focus Sash\n|-damage|p2a: Ditto|1/100 par\n|move|p2a: Ditto|Astral Barrage|p1a: Kyogre|[spread] p1a,p1b\n|-damage|p1a: Kyogre|52/100\n|-damage|p1b: Ogerpon|26/100\n|move|p2b: Stannis|Astral Barrage|p1a: Kyogre|[spread] p1a,p1b\n|-damage|p1a: Kyogre|34/100\n|-damage|p1b: Ogerpon|0 fnt\n|faint|p1b: Ogerpon\n|-ability|p2b: Stannis|Grim Neigh|boost\n|-boost|p2b: Stannis|spa|1\n|move|p1a: Kyogre|Surf|p2b: Stannis|[spread] p2a,p2b\n|-damage|p2a: Ditto|0 fnt\n|-damage|p2b: Stannis|50/100 par\n|faint|p2a: Ditto\n|\n|-weather|RainDance|[upkeep]\n|upkeep\n|\n|t:|1746044163\n|switch|p2a: Miraidon|Miraidon, L50|100/100\n|-fieldstart|move: Electric Terrain|[from] ability: Hadron Engine|[of] p2a: Miraidon\n|turn|7\n|-message|7amont forfeited.\n|\n|win|vilan333\n|raw|7amont's rating: 1045 &rarr; <strong>1030</strong><br />(-15 for losing)\n|raw|vilan333's rating: 1076 &rarr; <strong>1102</strong><br />(+26 for winning)\n|l|\u26067amont\n|player|p1|\n", "uploadtime": 1746044182, "views": 14, "formatid": "gen9vgc2025regibo3", "rating": 1030, "private": 0, "password": null}