{"id": "gen9vgc2025regibo3-2354394168", "format": "[Gen 9] VGC 2025 Reg I (Bo3)", "players": ["Buaazin", "raylof"], "log": "|j|\u2606Buaazin\n|j|\u2606raylof\n|html|<table width=\"100%\"><tr><td align=\"left\">Buaazin</td><td align=\"right\">raylof</tr><tr><td align=\"left\"><i class=\"fa fa-circle\"></i> <i class=\"fa fa-circle-o\"></i> </td><td align=\"right\"><i class=\"fa fa-circle-o\"></i> <i class=\"fa fa-circle\"></i> </tr></table>\n|uhtml|bestof|<h2><strong>Game 3</strong> of <a href=\"/game-bestof3-gen9vgc2025regibo3-2354386819\">a best-of-3</a></h2>\n|t:|1746065950\n|gametype|doubles\n|player|p1|Buaazin|101|1264\n|player|p2|raylof|169|1388\n|teamsize|p1|6\n|teamsize|p2|6\n|gen|9\n|tier|[Gen 9] VGC 2025 Reg I (Bo3)\n|rated|\n|rule|Species Clause: Limit one of each Pok\u00e9mon\n|rule|Item Clause: Limit 1 of each item\n|clearpoke\n|poke|p1|Kyogre, L50|\n|poke|p1|Zamazenta-*, L50|\n|poke|p1|Rillaboom, L50, F|\n|poke|p1|Farigiraf, L50, M|\n|poke|p1|Landorus, L50, M|\n|poke|p1|Golduck, L50, M|\n|poke|p2|Miraidon, L50|\n|poke|p2|Calyrex-Ice, L50|\n|poke|p2|Iron Hands, L50|\n|poke|p2|Farigiraf, L50, F|\n|poke|p2|Whimsicott, L50, F|\n|poke|p2|Ogerpon-Hearthflame, L50, F|\n|teampreview|4\n|showteam|p1|Kyogre||LifeOrb|Drizzle|OriginPulse,Thunder,IceBeam,Protect||||||50|,,,,,Grass]Zamazenta-Crowned||RustedShield|DauntlessShield|BodyPress,HeavySlam,WideGuard,Protect||||||50|,,,,,Dragon]Rillaboom||AssaultVest|GrassySurge|FakeOut,WoodHammer,GrassyGlide,Uturn|||F|||50|,,,,,Fire]Farigiraf||SafetyGoggles|ArmorTail|FoulPlay,Psychic,HelpingHand,TrickRoom|||M|||50|,,,,,Water]Landorus||ChoiceScarf|SheerForce|SandsearStorm,EarthPower,Uturn,Psychic|||M|||50|,,,,,Ghost]Golduck||FocusSash|SwiftSwim|MuddyWater,Protect,IcyWind,Encore|||M|||50|,,,,,Water\n|showteam|p2|Miraidon||ChoiceSpecs|HadronEngine|ElectroDrift,DracoMeteor,VoltSwitch,DazzlingGleam||||||50|,,,,,Fairy]Calyrex-Ice||ClearAmulet|AsOneGlastrier|GlacialLance,HighHorsepower,TrickRoom,Protect||||||50|,,,,,Fire]Iron Hands||AssaultVest|QuarkDrive|FakeOut,LowKick,DrainPunch,WildCharge||||||50|,,,,,Bug]Farigiraf||ElectricSeed|ArmorTail|FoulPlay,PsychicNoise,TrickRoom,HelpingHand|||F|||50|,,,,,Water]Whimsicott||CovertCloak|Prankster|Moonblast,Tailwind,LightScreen,Encore|||F|||50|,,,,,Dark]Ogerpon-Hearthflame||HearthflameMask|MoldBreaker|IvyCudgel,WoodHammer,FollowMe,SpikyShield|||F|||50|,,,,,Fire\n|\n|t:|1746066036\n|start\n|switch|p1a: Landorus|Landorus, L50, M|100/100\n|switch|p1b: Kyogre|Kyogre, L50|100/100\n|switch|p2a: Calyrex|Calyrex-Ice, L50|100/100\n|switch|p2b: Miraidon|Miraidon, L50|100/100\n|-ability|p2a: Calyrex|As One\n|-ability|p2a: Calyrex|Unnerve\n|-fieldstart|move: Electric Terrain|[from] ability: Hadron Engine|[of] p2b: Miraidon\n|-weather|RainDance|[from] ability: Drizzle|[of] p1b: Kyogre\n|turn|1\n|\n|t:|1746066133\n|-terastallize|p2b: Miraidon|Fairy\n|-terastallize|p1b: Kyogre|Grass\n|move|p1a: Landorus|Sandsear Storm|p2b: Miraidon|[spread] p2a,p2b\n|-damage|p2a: Calyrex|66/100\n|-damage|p2b: Miraidon|58/100\n|move|p2b: Miraidon|Volt Switch|p1b: Kyogre\n|-resisted|p1b: Kyogre\n|-damage|p1b: Kyogre|71/100\n|\n|t:|1746066143\n|switch|p2b: Iron Hands|Iron Hands, L50|100/100|[from] Volt Switch\n|-activate|p2b: Iron Hands|ability: Quark Drive\n|-start|p2b: Iron Hands|quarkdriveatk\n|move|p1b: Kyogre|Origin Pulse|p2b: Iron Hands|[spread] p2a,p2b\n|-damage|p2a: Calyrex|3/100\n|-damage|p2b: Iron Hands|55/100\n|-damage|p1b: Kyogre|62/100|[from] item: Life Orb\n|move|p2a: Calyrex|Glacial Lance|p1b: Kyogre|[spread] p1a,p1b\n|-supereffective|p1a: Landorus\n|-supereffective|p1b: Kyogre\n|-damage|p1a: Landorus|0 fnt\n|-damage|p1b: Kyogre|0 fnt\n|faint|p1a: Landorus\n|faint|p1b: Kyogre\n|-ability|p2a: Calyrex|Chilling Neigh|boost\n|-boost|p2a: Calyrex|atk|2\n|\n|-weather|RainDance|[upkeep]\n|upkeep\n|\n|t:|1746066156\n|switch|p1a: Zamazenta|Zamazenta-Crowned, L50|100/100\n|switch|p1b: Rillaboom|Rillaboom, L50, F|100/100\n|-ability|p1a: Zamazenta|Dauntless Shield|boost\n|-boost|p1a: Zamazenta|def|1\n|-fieldstart|move: Grassy Terrain|[from] ability: Grassy Surge|[of] p1b: Rillaboom\n|-end|p2b: Iron Hands|Quark Drive\n|turn|2\n|\n|t:|1746066172\n|-end|p2b: Iron Hands|Quark Drive|[silent]\n|switch|p2b: Whimsicott|Whimsicott, L50, F|100/100\n|move|p2a: Calyrex|Protect|p2a: Calyrex\n|-singleturn|p2a: Calyrex|Protect\n|move|p1b: Rillaboom|Fake Out|p2b: Whimsicott\n|-damage|p2b: Whimsicott|86/100\n|move|p1a: Zamazenta|Body Press|p2b: Whimsicott\n|-resisted|p2b: Whimsicott\n|-damage|p2b: Whimsicott|50/100\n|\n|-weather|RainDance|[upkeep]\n|-heal|p2b: Whimsicott|56/100|[from] Grassy Terrain\n|-heal|p2a: Calyrex|9/100|[from] Grassy Terrain\n|upkeep\n|turn|3\n|\n|t:|1746066196\n|move|p2b: Whimsicott|Tailwind|p2b: Whimsicott\n|-sidestart|p2: raylof|move: Tailwind\n|move|p1b: Rillaboom|Grassy Glide|p2b: Whimsicott\n|-resisted|p2b: Whimsicott\n|-damage|p2b: Whimsicott|37/100\n|move|p1a: Zamazenta|Body Press|p2a: Calyrex\n|-damage|p2a: Calyrex|0 fnt\n|faint|p2a: Calyrex\n|\n|-weather|RainDance|[upkeep]\n|-heal|p2b: Whimsicott|44/100|[from] Grassy Terrain\n|upkeep\n|\n|t:|1746066206\n|switch|p2a: Miraidon|Miraidon, L50, tera:Fairy|58/100\n|-fieldstart|move: Electric Terrain|[from] ability: Hadron Engine|[of] p2a: Miraidon\n|turn|4\n|\n|t:|1746066227\n|move|p2b: Whimsicott|Encore|p1b: Rillaboom\n|-start|p1b: Rillaboom|Encore\n|move|p2a: Miraidon|Electro Drift|p1a: Zamazenta\n|-damage|p1a: Zamazenta|1/100\n|move|p1a: Zamazenta|Heavy Slam|p2b: Whimsicott\n|-supereffective|p2b: Whimsicott\n|-damage|p2b: Whimsicott|0 fnt\n|faint|p2b: Whimsicott\n|move|p1b: Rillaboom|Grassy Glide|p2a: Miraidon\n|-damage|p2a: Miraidon|32/100\n|\n|-weather|RainDance|[upkeep]\n|upkeep\n|\n|t:|1746066239\n|switch|p2b: Iron Hands|Iron Hands, L50|55/100\n|-activate|p2b: Iron Hands|ability: Quark Drive\n|-start|p2b: Iron Hands|quarkdriveatk\n|turn|5\n|\n|t:|1746066268\n|move|p1a: Zamazenta|Protect|p1a: Zamazenta\n|-singleturn|p1a: Zamazenta|Protect\n|move|p2b: Iron Hands|Fake Out|p1a: Zamazenta\n|-activate|p1a: Zamazenta|move: Protect\n|move|p2a: Miraidon|Electro Drift|p1b: Rillaboom\n|-resisted|p1b: Rillaboom\n|-damage|p1b: Rillaboom|52/100\n|move|p1b: Rillaboom|Grassy Glide|p2a: Miraidon\n|-damage|p2a: Miraidon|6/100\n|\n|-weather|none\n|upkeep\n|turn|6\n|\n|t:|1746066286\n|move|p2a: Miraidon|Electro Drift|p1a: Zamazenta\n|-damage|p1a: Zamazenta|0 fnt\n|faint|p1a: Zamazenta\n|move|p1b: Rillaboom|Grassy Glide|p2a: Miraidon\n|-crit|p2a: Miraidon\n|-damage|p2a: Miraidon|0 fnt\n|faint|p2a: Miraidon\n|move|p2b: Iron Hands|Drain Punch|p1b: Rillaboom\n|-damage|p1b: Rillaboom|0 fnt\n|-heal|p2b: Iron Hands|77/100|[from] drain|[of] p1b: Rillaboom\n|faint|p1b: Rillaboom\n|\n|win|raylof\n|raw|Buaazin's rating: 1264 &rarr; <strong>1248</strong><br />(-16 for losing)\n|raw|raylof's rating: 1388 &rarr; <strong>1401</strong><br />(+13 for winning)\n|l|\u2606Buaazin\n|player|p1|\n", "uploadtime": 1746066366, "views": 7, "formatid": "gen9vgc2025regibo3", "rating": 1248, "private": 0, "password": null}