{"id": "gen9vgc2025regibo3-2353712189", "format": "[Gen 9] VGC 2025 Reg I (Bo3)", "players": ["alteraltaltaccount", "Dix6"], "log": "|j|\u203dalteraltaltaccount\n|j|\u2606Dix6\n|html|<table width=\"100%\"><tr><td align=\"left\">alteraltaltaccount</td><td align=\"right\">Dix6</tr><tr><td align=\"left\"><i class=\"fa fa-circle-o\"></i> <i class=\"fa fa-circle-o\"></i> </td><td align=\"right\"><i class=\"fa fa-circle-o\"></i> <i class=\"fa fa-circle-o\"></i> </tr></table>\n|uhtml|bestof|<h2><strong>Game 1</strong> of <a href=\"/game-bestof3-gen9vgc2025regibo3-2353712188\">a best-of-3</a></h2>\n|t:|1745987179\n|gametype|doubles\n|player|p1|alteraltaltaccount|lucas|1107\n|player|p2|Dix6|169|1045\n|teamsize|p1|6\n|teamsize|p2|6\n|gen|9\n|tier|[Gen 9] VGC 2025 Reg I (Bo3)\n|rated|\n|rule|Species Clause: Limit one of each Pok\u00e9mon\n|rule|Item Clause: Limit 1 of each item\n|clearpoke\n|poke|p1|Miraidon, L50|\n|poke|p1|Whimsicott, L50, M|\n|poke|p1|Urshifu-*, L50, M|\n|poke|p1|Lunala, L50|\n|poke|p1|Incineroar, L50, M|\n|poke|p1|Farigiraf, L50, M|\n|poke|p2|Koraidon, L50|\n|poke|p2|Ho-Oh, L50|\n|poke|p2|Incineroar, L50, F|\n|poke|p2|Rillaboom, L50, F|\n|poke|p2|Walking Wake, L50|\n|poke|p2|Flutter Mane, L50|\n|teampreview|4\n|showteam|p1|Miraidon||ChoiceSpecs|HadronEngine|ElectroDrift,DragonPulse,VoltSwitch,Discharge||||||50|,,,,,Grass]Whimsicott||CovertCloak|Prankster|Moonblast,Encore,Taunt,Tailwind|||M|||50|,,,,,Dark]Urshifu-Rapid-Strike||FocusSash|UnseenFist|SurgingStrikes,AquaJet,CloseCombat,Uturn|||M|||50|,,,,,Stellar]Lunala||PowerHerb|ShadowShield|Moonblast,MeteorBeam,WideGuard,MoongeistBeam||||||50|,,,,,Fairy]Incineroar||AssaultVest|Intimidate|FakeOut,KnockOff,FlareBlitz,Uturn|||M|||50|,,,,,Bug]Farigiraf||ThroatSpray|ArmorTail|HyperVoice,Psychic,TrickRoom,Protect|||M|||50|,,,,,Water\n|showteam|p2|Koraidon||LifeOrb|OrichalcumPulse|CloseCombat,FlareBlitz,DragonClaw,Protect||||||50|,,,,,Fire]Ho-Oh||ClearAmulet|Regenerator|BraveBird,SacredFire,Tailwind,Protect||||||50|,,,,,Electric]Incineroar||SafetyGoggles|Intimidate|KnockOff,WillOWisp,FakeOut,PartingShot|||F|||50|,,,,,Water]Rillaboom||AssaultVest|GrassySurge|WoodHammer,Uturn,GrassyGlide,FakeOut|||F|||50|,,,,,Fire]Walking Wake||CovertCloak|Protosynthesis|HydroSteam,DracoMeteor,Snarl,Protect||||||50|,,,,,Water]Flutter Mane||FocusSash|Protosynthesis|Moonblast,ShadowBall,IcyWind,Protect||||||50|,,,,,Normal\n|\n|t:|1745987209\n|start\n|switch|p1a: Miraidon|Miraidon, L50|100/100\n|switch|p1b: Whimsicott|Whimsicott, L50, M|100/100\n|switch|p2a: Ho-Oh|Ho-Oh, L50|100/100\n|switch|p2b: Koraidon|Koraidon, L50|100/100\n|-fieldstart|move: Electric Terrain|[from] ability: Hadron Engine|[of] p1a: Miraidon\n|-weather|SunnyDay|[from] ability: Orichalcum Pulse|[of] p2b: Koraidon\n|-activate|p2b: Koraidon|Orichalcum Pulse|[source]\n|turn|1\n|\n|t:|1745987226\n|switch|p2b: Rillaboom|Rillaboom, L50, F|100/100\n|-fieldstart|move: Grassy Terrain|[from] ability: Grassy Surge|[of] p2b: Rillaboom\n|-terastallize|p2a: Ho-Oh|Electric\n|move|p1b: Whimsicott|Tailwind|p1b: Whimsicott\n|-sidestart|p1: alteraltaltaccount|move: Tailwind\n|move|p1a: Miraidon|Volt Switch|p2a: Ho-Oh\n|-resisted|p2a: Ho-Oh\n|-damage|p2a: Ho-Oh|84/100\n|\n|t:|1745987233\n|switch|p1a: Lunala|Lunala, L50|100/100|[from] Volt Switch\n|move|p2a: Ho-Oh|Sacred Fire|p1b: Whimsicott\n|-supereffective|p1b: Whimsicott\n|-damage|p1b: Whimsicott|0 fnt\n|faint|p1b: Whimsicott\n|\n|-weather|SunnyDay|[upkeep]\n|-heal|p2a: Ho-Oh|90/100|[from] Grassy Terrain\n|upkeep\n|\n|t:|1745987244\n|switch|p1b: Farigiraf|Farigiraf, L50, M|100/100\n|turn|2\n|\n|t:|1745987253\n|move|p1a: Lunala|Meteor Beam||[still]\n|-prepare|p1a: Lunala|Meteor Beam\n|-boost|p1a: Lunala|spa|1\n|-enditem|p1a: Lunala|Power Herb\n|-anim|p1a: Lunala|Meteor Beam|p2a: Ho-Oh|[miss]\n|-miss|p1a: Lunala|p2a: Ho-Oh\n|move|p1b: Farigiraf|Hyper Voice|p2b: Rillaboom|[spread] p2a,p2b\n|-damage|p2a: Ho-Oh|70/100\n|-damage|p2b: Rillaboom|79/100\n|-enditem|p1b: Farigiraf|Throat Spray\n|-boost|p1b: Farigiraf|spa|1|[from] item: Throat Spray\n|move|p2a: Ho-Oh|Tailwind|p2a: Ho-Oh\n|-sidestart|p2: Dix6|move: Tailwind\n|move|p2b: Rillaboom|U-turn|p1a: Lunala\n|-damage|p1a: Lunala|91/100\n|\n|t:|1745987271\n|switch|p2b: Flutter Mane|Flutter Mane, L50|100/100|[from] U-turn\n|-activate|p2b: Flutter Mane|ability: Protosynthesis\n|-start|p2b: Flutter Mane|protosynthesisspe\n|\n|-weather|SunnyDay|[upkeep]\n|-heal|p1a: Lunala|97/100|[from] Grassy Terrain\n|-heal|p2a: Ho-Oh|77/100|[from] Grassy Terrain\n|upkeep\n|turn|3\n|\n|t:|1745987287\n|-terastallize|p1a: Lunala|Fairy\n|move|p2b: Flutter Mane|Shadow Ball|p1a: Lunala\n|-damage|p1a: Lunala|64/100\n|move|p1a: Lunala|Moongeist Beam|p2b: Flutter Mane\n|-supereffective|p2b: Flutter Mane\n|-crit|p2b: Flutter Mane\n|-enditem|p2b: Flutter Mane|Focus Sash\n|-damage|p2b: Flutter Mane|1/100\n|move|p2a: Ho-Oh|Sacred Fire|p1a: Lunala\n|-damage|p1a: Lunala|5/100\n|-status|p1a: Lunala|brn\n|move|p1b: Farigiraf|Psychic|p2b: Flutter Mane\n|-damage|p2b: Flutter Mane|0 fnt\n|faint|p2b: Flutter Mane\n|-end|p2b: Flutter Mane|Protosynthesis|[silent]\n|\n|-weather|SunnyDay|[upkeep]\n|-heal|p1a: Lunala|11/100 brn|[from] Grassy Terrain\n|-heal|p2a: Ho-Oh|83/100|[from] Grassy Terrain\n|-damage|p1a: Lunala|5/100 brn|[from] brn\n|upkeep\n|\n|t:|1745987311\n|switch|p2b: Koraidon|Koraidon, L50|100/100\n|-activate|p2b: Koraidon|ability: Orichalcum Pulse\n|turn|4\n|\n|t:|1745987323\n|move|p2b: Koraidon|Flare Blitz|p1a: Lunala\n|-damage|p1a: Lunala|0 fnt\n|faint|p1a: Lunala\n|-damage|p2b: Koraidon|98/100|[from] Recoil\n|-damage|p2b: Koraidon|89/100|[from] item: Life Orb\n|move|p2a: Ho-Oh|Sacred Fire|p1b: Farigiraf|[miss]\n|-miss|p2a: Ho-Oh|p1b: Farigiraf\n|move|p1b: Farigiraf|Trick Room|p1b: Farigiraf\n|-fieldstart|move: Trick Room|[of] p1b: Farigiraf\n|\n|-weather|SunnyDay|[upkeep]\n|-heal|p2a: Ho-Oh|89/100|[from] Grassy Terrain\n|-heal|p2b: Koraidon|95/100|[from] Grassy Terrain\n|-sideend|p1: alteraltaltaccount|move: Tailwind\n|upkeep\n|\n|t:|1745987327\n|switch|p1a: Miraidon|Miraidon, L50|100/100\n|-fieldstart|move: Electric Terrain|[from] ability: Hadron Engine|[of] p1a: Miraidon\n|turn|5\n|\n|t:|1745987342\n|move|p2a: Ho-Oh|Protect|p2a: Ho-Oh\n|-singleturn|p2a: Ho-Oh|Protect\n|move|p2b: Koraidon|Protect|p2b: Koraidon\n|-singleturn|p2b: Koraidon|Protect\n|move|p1a: Miraidon|Dragon Pulse|p2b: Koraidon\n|-activate|p2b: Koraidon|move: Protect\n|move|p1b: Farigiraf|Trick Room|p1b: Farigiraf\n|-fieldend|move: Trick Room\n|\n|-weather|none\n|-sideend|p2: Dix6|move: Tailwind\n|upkeep\n|turn|6\n|\n|t:|1745987361\n|switch|p2b: Rillaboom|Rillaboom, L50, F|79/100\n|-fieldstart|move: Grassy Terrain|[from] ability: Grassy Surge|[of] p2b: Rillaboom\n|move|p1a: Miraidon|Dragon Pulse|p2b: Rillaboom\n|-damage|p2b: Rillaboom|30/100\n|move|p2a: Ho-Oh|Sacred Fire|p1a: Miraidon\n|-resisted|p1a: Miraidon\n|-crit|p1a: Miraidon\n|-damage|p1a: Miraidon|61/100\n|move|p1b: Farigiraf|Hyper Voice|p2a: Ho-Oh|[spread] p2a,p2b\n|-damage|p2a: Ho-Oh|63/100\n|-damage|p2b: Rillaboom|0 fnt\n|faint|p2b: Rillaboom\n|\n|-heal|p1a: Miraidon|67/100|[from] Grassy Terrain\n|-heal|p2a: Ho-Oh|69/100|[from] Grassy Terrain\n|upkeep\n|\n|t:|1745987379\n|switch|p2b: Koraidon|Koraidon, L50|95/100\n|-weather|SunnyDay|[from] ability: Orichalcum Pulse|[of] p2b: Koraidon\n|-activate|p2b: Koraidon|Orichalcum Pulse|[source]\n|turn|7\n|-message|alteraltaltaccount forfeited.\n|\n|win|Dix6\n|l|\u203dalteraltaltaccount\n|player|p1|\n||alteraltaltaccount is ready for game 2.\n|l|\u2606Dix6\n|player|p2|\n||Dix6 is ready for game 2.\n|uhtml|next|Next: <a href=\"/battle-gen9vgc2025regibo3-2353713591\"><strong>Game 2 of 3</strong></a>\n", "uploadtime": 1745987696, "views": 9, "formatid": "gen9vgc2025regibo3", "rating": null, "private": 0, "password": null}