{"id": "gen9vgc2025regibo3-2353744462", "format": "[Gen 9] VGC 2025 Reg I (Bo3)", "players": ["nibblesjibbles", "Livnlarge27"], "log": "|j|\u2606nibblesjibbles\n|j|\u2606Livnlarge27\n|html|<table width=\"100%\"><tr><td align=\"left\">nibblesjibbles</td><td align=\"right\">Livnlarge27</tr><tr><td align=\"left\"><i class=\"fa fa-circle-o\"></i> <i class=\"fa fa-circle-o\"></i> </td><td align=\"right\"><i class=\"fa fa-circle-o\"></i> <i class=\"fa fa-circle-o\"></i> </tr></table>\n|uhtml|bestof|<h2><strong>Game 1</strong> of <a href=\"/game-bestof3-gen9vgc2025regibo3-2353744461\">a best-of-3</a></h2>\n|t:|1745992525\n|gametype|doubles\n|player|p1|nibblesjibbles|scientist-gen4|1321\n|player|p2|Livnlarge27|marlon|1486\n|teamsize|p1|6\n|teamsize|p2|6\n|gen|9\n|tier|[Gen 9] VGC 2025 Reg I (Bo3)\n|rated|\n|rule|Species Clause: Limit one of each Pok\u00e9mon\n|rule|Item Clause: Limit 1 of each item\n|clearpoke\n|poke|p1|Terapagos, L50, M|\n|poke|p1|Incineroar, L50, M|\n|poke|p1|Rillaboom, L50, M|\n|poke|p1|Flutter Mane, L50|\n|poke|p1|Koraidon, L50|\n|poke|p1|Amoonguss, L50, M|\n|poke|p2|Miraidon, L50|\n|poke|p2|Iron Boulder, L50|\n|poke|p2|Incineroar, L50, M|\n|poke|p2|Chi-Yu, L50|\n|poke|p2|Whimsicott, L50, M|\n|poke|p2|Lunala, L50|\n|teampreview|4\n|showteam|p1|Terapagos||Leftovers|TeraShift|TeraStarstorm,EarthPower,CalmMind,Protect|||M|||50|,,,,,Stellar]Incineroar||RockyHelmet|Intimidate|KnockOff,PartingShot,FlareBlitz,FakeOut|||M|||50|,,,,,Water]Rillaboom||AssaultVest|GrassySurge|WoodHammer,GrassyGlide,Uturn,FakeOut|||M|||50|,,,,,Stellar]Flutter Mane||FocusSash|Protosynthesis|Moonblast,ThunderWave,ShadowBall,IcyWind||||||50|,,,,,Fairy]Koraidon||LifeOrb|OrichalcumPulse|CloseCombat,FlareBlitz,FlameCharge,Protect||||||50|,,,,,Fire]Amoonguss||CovertCloak|Regenerator|Spore,PollenPuff,RagePowder,Protect|||M|||50|,,,,,Fairy\n|showteam|p2|Miraidon||ChoiceSpecs|HadronEngine|VoltSwitch,ElectroDrift,DracoMeteor,DazzlingGleam||||||50|,,,,,Fairy]Iron Boulder||ChoiceBand|QuarkDrive|MightyCleave,Megahorn,CloseCombat,ZenHeadbutt||||||50|,,,,,Rock]Incineroar||AssaultVest|Intimidate|FakeOut,FlareBlitz,KnockOff,Uturn|||M|||50|,,,,,Ghost]Chi-Yu||ChoiceScarf|BeadsofRuin|HeatWave,Snarl,Overheat,DarkPulse||||||50|,,,,,Ghost]Whimsicott||CovertCloak|Prankster|Tailwind,Moonblast,Encore,LightScreen|||M|||50|,,,,,Dark]Lunala||PowerHerb|ShadowShield|WideGuard,MoongeistBeam,MeteorBeam,TrickRoom||||||50|,,,,,Water\n|inactive|Battle timer is ON: inactive players will automatically lose when time's up. (requested by nibblesjibbles)\n|inactive|nibblesjibbles has 60 seconds left.\n|inactive|Livnlarge27 has 60 seconds left.\n|c|\u2606nibblesjibbles|CHRIS\n|c|\u2606nibblesjibbles|hello!\n|inactiveoff|Battle timer is now OFF.\n|c|\u2606nibblesjibbles|its Gabe\n|\n|t:|1745992619\n|start\n|switch|p1a: Terapagos|Terapagos, L50, M|100/100\n|switch|p1b: Rillaboom|Rillaboom, L50, M|100/100\n|switch|p2a: Chi-Yu|Chi-Yu, L50|100/100\n|switch|p2b: Lunala|Lunala, L50|100/100\n|-activate|p1a: Terapagos|ability: Tera Shift\n|detailschange|p1a: Terapagos|Terapagos-Terastal, L50, M\n|-heal|p1a: Terapagos|100/100|[silent]\n|-ability|p2a: Chi-Yu|Beads of Ruin\n|-fieldstart|move: Grassy Terrain|[from] ability: Grassy Surge|[of] p1b: Rillaboom\n|turn|1\n|\n|t:|1745992641\n|-terastallize|p2a: Chi-Yu|Ghost\n|move|p1b: Rillaboom|Fake Out|p2a: Chi-Yu\n|-immune|p2a: Chi-Yu\n|move|p2a: Chi-Yu|Snarl|p1a: Terapagos|[spread] p1a,p1b\n|-activate|p1a: Terapagos|ability: Tera Shell\n|-resisted|p1a: Terapagos\n|-damage|p1a: Terapagos|88/100\n|-damage|p1b: Rillaboom|81/100\n|-unboost|p1a: Terapagos|spa|1\n|-unboost|p1b: Rillaboom|spa|1\n|move|p2b: Lunala|Meteor Beam||[still]\n|-prepare|p2b: Lunala|Meteor Beam\n|-boost|p2b: Lunala|spa|1\n|-enditem|p2b: Lunala|Power Herb\n|-anim|p2b: Lunala|Meteor Beam|p1b: Rillaboom\n|-damage|p1b: Rillaboom|30/100\n|move|p1a: Terapagos|Calm Mind|p1a: Terapagos\n|-boost|p1a: Terapagos|spa|1\n|-boost|p1a: Terapagos|spd|1\n|\n|-heal|p1b: Rillaboom|36/100|[from] Grassy Terrain\n|-heal|p1a: Terapagos|94/100|[from] Grassy Terrain\n|-heal|p1a: Terapagos|100/100|[from] item: Leftovers\n|upkeep\n|turn|2\n|\n|t:|1745992673\n|switch|p1b: Koraidon|Koraidon, L50|100/100\n|-weather|SunnyDay|[from] ability: Orichalcum Pulse|[of] p1b: Koraidon\n|-activate|p1b: Koraidon|Orichalcum Pulse|[source]\n|move|p2a: Chi-Yu|Snarl|p1b: Koraidon|[spread] p1a,p1b\n|-activate|p1a: Terapagos|ability: Tera Shell\n|-resisted|p1a: Terapagos\n|-resisted|p1b: Koraidon\n|-damage|p1a: Terapagos|92/100\n|-damage|p1b: Koraidon|86/100\n|-unboost|p1a: Terapagos|spa|1\n|-unboost|p1b: Koraidon|spa|1\n|move|p2b: Lunala|Moongeist Beam|p1b: Koraidon\n|-damage|p1b: Koraidon|0 fnt\n|faint|p1b: Koraidon\n|move|p1a: Terapagos|Calm Mind|p1a: Terapagos\n|-boost|p1a: Terapagos|spa|1\n|-boost|p1a: Terapagos|spd|1\n|\n|-weather|SunnyDay|[upkeep]\n|-heal|p1a: Terapagos|98/100|[from] Grassy Terrain\n|-heal|p1a: Terapagos|100/100|[from] item: Leftovers\n|upkeep\n|\n|t:|1745992681\n|switch|p1b: Flutter Mane|Flutter Mane, L50|100/100\n|-activate|p1b: Flutter Mane|ability: Protosynthesis\n|-start|p1b: Flutter Mane|protosynthesisspe\n|turn|3\n|\n|t:|1745992705\n|-terastallize|p1a: Terapagos|Stellar\n|detailschange|p1a: Terapagos|Terapagos-Stellar, L50, M, tera:Stellar\n|-heal|p1a: Terapagos|100/100|[silent]\n|-ability|p1a: Terapagos|Teraform Zero\n|-weather|none\n|-end|p1b: Flutter Mane|Protosynthesis\n|-fieldend|move: Grassy Terrain\n|move|p2a: Chi-Yu|Snarl|p1a: Terapagos|[spread] p1a,p1b\n|-damage|p1a: Terapagos|91/100\n|-damage|p1b: Flutter Mane|66/100\n|-unboost|p1a: Terapagos|spa|1\n|-unboost|p1b: Flutter Mane|spa|1\n|move|p1b: Flutter Mane|Shadow Ball|p2a: Chi-Yu\n|-supereffective|p2a: Chi-Yu\n|-crit|p2a: Chi-Yu\n|-damage|p2a: Chi-Yu|0 fnt\n|faint|p2a: Chi-Yu\n|move|p2b: Lunala|Moongeist Beam|p1b: Flutter Mane\n|-supereffective|p1b: Flutter Mane\n|-damage|p1b: Flutter Mane|0 fnt\n|faint|p1b: Flutter Mane\n|-end|p1b: Flutter Mane|Protosynthesis|[silent]\n|move|p1a: Terapagos|Tera Starstorm|p2b: Lunala\n|-damage|p2b: Lunala|90/100\n|\n|-heal|p1a: Terapagos|97/100|[from] item: Leftovers\n|upkeep\n|\n|t:|1745992724\n|switch|p1b: Rillaboom|Rillaboom, L50, M|36/100\n|switch|p2a: Whimsicott|Whimsicott, L50, M|100/100\n|-fieldstart|move: Grassy Terrain|[from] ability: Grassy Surge|[of] p1b: Rillaboom\n|turn|4\n|\n|t:|1745992739\n|move|p2a: Whimsicott|Encore|p1a: Terapagos\n|-start|p1a: Terapagos|Encore\n|move|p1b: Rillaboom|Grassy Glide|p2b: Lunala\n|-damage|p2b: Lunala|62/100\n|move|p2b: Lunala|Moongeist Beam|p1b: Rillaboom\n|-damage|p1b: Rillaboom|0 fnt\n|faint|p1b: Rillaboom\n|move|p1a: Terapagos|Tera Starstorm|p2b: Lunala|[spread] p2a,p2b\n|-damage|p2a: Whimsicott|77/100\n|-damage|p2b: Lunala|45/100\n|\n|-heal|p2a: Whimsicott|83/100|[from] Grassy Terrain\n|-heal|p2b: Lunala|52/100|[from] Grassy Terrain\n|-heal|p1a: Terapagos|100/100|[from] Grassy Terrain\n|upkeep\n|turn|5\n|-message|nibblesjibbles forfeited.\n|\n|win|Livnlarge27\n||nibblesjibbles is ready for game 2.\n||Livnlarge27 is ready for game 2.\n|uhtml|next|Next: <a href=\"/battle-gen9vgc2025regibo3-2353745697\"><strong>Game 2 of 3</strong></a>\n|l|\u2606nibblesjibbles\n|player|p1|\n|j|\u2606nibblesjibbles\n|player|p1|nibblesjibbles|scientist-gen4|\n|l|\u2606Livnlarge27\n|player|p2|\n", "uploadtime": 1745992986, "views": 6, "formatid": "gen9vgc2025regibo3", "rating": null, "private": 0, "password": null}