{"id": "gen9vgc2025regibo3-2353700484", "format": "[Gen 9] VGC 2025 Reg I (Bo3)", "players": ["Noa18348", "Lexerthanatauros"], "log": "|j|\u2606Noa18348\n|j|\u2606Lexerthanatauros\n|html|<table width=\"100%\"><tr><td align=\"left\">Noa18348</td><td align=\"right\">Lexerthanatauros</tr><tr><td align=\"left\"><i class=\"fa fa-circle-o\"></i> <i class=\"fa fa-circle-o\"></i> </td><td align=\"right\"><i class=\"fa fa-circle-o\"></i> <i class=\"fa fa-circle-o\"></i> </tr></table>\n|uhtml|bestof|<h2><strong>Game 1</strong> of <a href=\"/game-bestof3-gen9vgc2025regibo3-2353700483\">a best-of-3</a></h2>\n|t:|1745985461\n|gametype|doubles\n|player|p1|Noa18348|1|1094\n|player|p2|Lexerthanatauros|169|1040\n|teamsize|p1|6\n|teamsize|p2|6\n|gen|9\n|tier|[Gen 9] VGC 2025 Reg I (Bo3)\n|rated|\n|rule|Species Clause: Limit one of each Pok\u00e9mon\n|rule|Item Clause: Limit 1 of each item\n|clearpoke\n|poke|p1|Lunala, L50|\n|poke|p1|Miraidon, L50|\n|poke|p1|Iron Hands, L50|\n|poke|p1|Chi-Yu, L50|\n|poke|p1|Whimsicott, L50, F|\n|poke|p1|Farigiraf, L50, M|\n|poke|p2|Kyogre, L50|\n|poke|p2|Lunala, L50|\n|poke|p2|Urshifu-*, L50, F|\n|poke|p2|Murkrow, L50, M|\n|poke|p2|Incineroar, L50, M|\n|poke|p2|Raichu, L50, F|\n|teampreview|4\n|showteam|p1|Lunala||Leftovers|ShadowShield|DazzlingGleam,WideGuard,MoongeistBeam,Protect||||||50|,,,,,Normal]Miraidon||ChoiceSpecs|HadronEngine|ElectroDrift,Discharge,VoltSwitch,DracoMeteor||||||50|,,,,,Electric]Iron Hands||AssaultVest|QuarkDrive|WildCharge,FakeOut,CloseCombat,DrainPunch||||||50|,,,,,Grass]Chi-Yu||ChoiceScarf|BeadsofRuin|Overheat,HeatWave,DarkPulse,Snarl||||||50|,,,,,Dark]Whimsicott||CovertCloak|Prankster|Encore,Protect,Tailwind,Moonblast|||F|||50|,,,,,Dark]Farigiraf||ThroatSpray|ArmorTail|Protect,HyperVoice,TrickRoom,Imprison|||M|||50|,,,,,Normal\n|showteam|p2|Kyogre||PowerLens|Drizzle|WaterSpout,HydroPump,IceBeam,Protect||||||50|,,,,,Grass]Lunala||PowerHerb|ShadowShield|MoongeistBeam,MeteorBeam,WideGuard,TrickRoom||||||50|,,,,,Fairy]Urshifu-Rapid-Strike||ChoiceScarf|UnseenFist|SurgingStrikes,CloseCombat,Uturn,AquaJet|||F|||50|,,,,,Water]Murkrow||Eviolite|Prankster|FoulPlay,Tailwind,Quash,RainDance|||M|||50|,,,,,Ghost]Incineroar||SafetyGoggles|Intimidate|WillOWisp,FakeOut,KnockOff,HelpingHand|||M|||50|,,,,,Bug]Raichu||FocusSash|LightningRod|FakeOut,Feint,HelpingHand,Endeavor|||F|||50|,,,,,Ghost\n|inactive|Battle timer is ON: inactive players will automatically lose when time's up. (requested by Lexerthanatauros)\n|\n|t:|1745985511\n|start\n|switch|p1a: Lunala|Lunala, L50|100/100\n|switch|p1b: Whimsicott|Whimsicott, L50, F, shiny|100/100\n|switch|p2a: Lunala|Lunala, L50|100/100\n|switch|p2b: Incineroar|Incineroar, L50, M|100/100\n|-ability|p2b: Incineroar|Intimidate|boost\n|-unboost|p1a: Lunala|atk|1\n|-unboost|p1b: Whimsicott|atk|1\n|turn|1\n|inactive|Lexerthanatauros has 30 seconds left.\n|inactive|Lexerthanatauros has 20 seconds left.\n|\n|t:|1745985551\n|move|p1a: Lunala|Protect|p1a: Lunala\n|-singleturn|p1a: Lunala|Protect\n|move|p1b: Whimsicott|Tailwind|p1b: Whimsicott\n|-sidestart|p1: Noa18348|move: Tailwind\n|move|p2b: Incineroar|Knock Off|p1a: Lunala\n|-activate|p1a: Lunala|move: Protect\n|move|p2a: Lunala|Trick Room|p2a: Lunala\n|-fieldstart|move: Trick Room|[of] p2a: Lunala\n|\n|upkeep\n|turn|2\n|inactive|Noa18348 has 30 seconds left.\n|\n|t:|1745985578\n|switch|p2a: Kyogre|Kyogre, L50|100/100\n|-weather|RainDance|[from] ability: Drizzle|[of] p2a: Kyogre\n|-terastallize|p1a: Lunala|Normal\n|move|p1b: Whimsicott|Protect|p1b: Whimsicott\n|-singleturn|p1b: Whimsicott|Protect\n|move|p2b: Incineroar|Knock Off|p1a: Lunala\n|-damage|p1a: Lunala|86/100\n|-enditem|p1a: Lunala|Leftovers|[from] move: Knock Off|[of] p2b: Incineroar\n|move|p1a: Lunala|Moongeist Beam|p2a: Kyogre\n|-damage|p2a: Kyogre|64/100\n|\n|-weather|RainDance|[upkeep]\n|upkeep\n|turn|3\n|inactive|Noa18348 has 30 seconds left.\n|\n|t:|1745985608\n|move|p2b: Incineroar|Helping Hand|p2a: Kyogre\n|-singleturn|p2a: Kyogre|Helping Hand|[of] p2b: Incineroar\n|move|p1a: Lunala|Protect|p1a: Lunala\n|-singleturn|p1a: Lunala|Protect\n|move|p2a: Kyogre|Ice Beam|p1b: Whimsicott\n|-supereffective|p1b: Whimsicott\n|-crit|p1b: Whimsicott\n|-damage|p1b: Whimsicott|0 fnt\n|faint|p1b: Whimsicott\n|\n|-weather|RainDance|[upkeep]\n|upkeep\n|\n|t:|1745985620\n|switch|p1b: Iron Hands|Iron Hands, L50|100/100\n|turn|4\n|inactive|Noa18348 has 30 seconds left.\n|\n|t:|1745985654\n|move|p2a: Kyogre|Protect|p2a: Kyogre\n|-singleturn|p2a: Kyogre|Protect\n|move|p2b: Incineroar|Will-O-Wisp|p1b: Iron Hands\n|-status|p1b: Iron Hands|brn\n|move|p1b: Iron Hands|Drain Punch|p2a: Kyogre\n|-activate|p2a: Kyogre|move: Protect\n|move|p1a: Lunala|Moongeist Beam|p2a: Kyogre\n|-activate|p2a: Kyogre|move: Protect\n|\n|-weather|RainDance|[upkeep]\n|-damage|p1b: Iron Hands|94/100 brn|[from] brn\n|-sideend|p1: Noa18348|move: Tailwind\n|upkeep\n|turn|5\n|inactive|Noa18348 has 30 seconds left.\n|inactive|Lexerthanatauros has 30 seconds left.\n|inactive|Lexerthanatauros has 20 seconds left.\n|inactive|Lexerthanatauros has 15 seconds left.\n|inactive|Lexerthanatauros has 10 seconds left.\n|inactive|Lexerthanatauros has 5 seconds left.\n|\n|t:|1745985709\n|move|p2a: Kyogre|Water Spout|p1a: Lunala|[spread] p1a,p1b\n|-damage|p1a: Lunala|44/100\n|-damage|p1b: Iron Hands|65/100 brn\n|move|p2b: Incineroar|Will-O-Wisp|p1a: Lunala|[miss]\n|-miss|p2b: Incineroar|p1a: Lunala\n|move|p1b: Iron Hands|Wild Charge|p2a: Kyogre\n|-supereffective|p2a: Kyogre\n|-damage|p2a: Kyogre|23/100\n|-damage|p1b: Iron Hands|56/100 brn|[from] Recoil\n|move|p1a: Lunala|Dazzling Gleam|p2a: Kyogre|[spread] p2a,p2b\n|-damage|p2a: Kyogre|10/100\n|-damage|p2b: Incineroar|83/100\n|\n|-weather|RainDance|[upkeep]\n|-damage|p1b: Iron Hands|50/100 brn|[from] brn\n|-fieldend|move: Trick Room\n|upkeep\n|turn|6\n|inactive|Noa18348 has 30 seconds left.\n|inactive|Lexerthanatauros has 30 seconds left.\n|\n|t:|1745985742\n|switch|p2b: Raichu|Raichu, L50, F|100/100\n|move|p1a: Lunala|Moongeist Beam|p2a: Kyogre\n|-damage|p2a: Kyogre|0 fnt\n|faint|p2a: Kyogre\n|move|p1b: Iron Hands|Drain Punch|p2b: Raichu\n|-damage|p2b: Raichu|53/100\n|-heal|p1b: Iron Hands|62/100 brn|[from] drain|[of] p2b: Raichu\n|\n|-weather|none\n|-damage|p1b: Iron Hands|56/100 brn|[from] brn\n|upkeep\n|\n|t:|1745985748\n|switch|p2a: Lunala|Lunala, L50|100/100\n|turn|7\n|\n|t:|1745985772\n|move|p2b: Raichu|Endeavor|p1b: Iron Hands\n|-damage|p1b: Iron Hands|26/100 brn\n|move|p2a: Lunala|Meteor Beam||[still]\n|-prepare|p2a: Lunala|Meteor Beam\n|-boost|p2a: Lunala|spa|1\n|-enditem|p2a: Lunala|Power Herb\n|-anim|p2a: Lunala|Meteor Beam|p1a: Lunala\n|-damage|p1a: Lunala|3/100\n|move|p1a: Lunala|Moongeist Beam|p2a: Lunala\n|-supereffective|p2a: Lunala\n|-damage|p2a: Lunala|29/100\n|move|p1b: Iron Hands|Drain Punch|p2b: Raichu\n|-damage|p2b: Raichu|10/100\n|-heal|p1b: Iron Hands|37/100 brn|[from] drain|[of] p2b: Raichu\n|\n|-damage|p1b: Iron Hands|31/100 brn|[from] brn\n|upkeep\n|turn|8\n|inactive|Noa18348 has 30 seconds left.\n|inactive|Lexerthanatauros has 30 seconds left.\n|inactive|Noa18348 has 20 seconds left.\n|inactive|Lexerthanatauros has 20 seconds left.\n|inactive|Noa18348 has 15 seconds left.\n|inactive|Lexerthanatauros has 15 seconds left.\n|inactive|Noa18348 has 10 seconds left.\n|inactive|Lexerthanatauros has 10 seconds left.\n|inactive|Noa18348 has 5 seconds left.\n|\n|t:|1745985825\n|move|p2b: Raichu|Feint|p1a: Lunala\n|-damage|p1a: Lunala|0 fnt\n|faint|p1a: Lunala\n|move|p2a: Lunala|Moongeist Beam|p1b: Iron Hands\n|-damage|p1b: Iron Hands|0 fnt\n|faint|p1b: Iron Hands\n|-end|p1b: Iron Hands|Quark Drive|[silent]\n|\n|upkeep\n|\n|t:|1745985849\n|switch|p1b: Miraidon|Miraidon, L50|100/100\n|-fieldstart|move: Electric Terrain|[from] ability: Hadron Engine|[of] p1b: Miraidon\n|turn|9\n|inactive|Lexerthanatauros has 30 seconds left.\n|\n|t:|1745985875\n|move|p1b: Miraidon|Discharge|p2b: Raichu|[spread] p2a\n|-ability|p2b: Raichu|Lightning Rod|boost\n|-boost|p2b: Raichu|spa|1\n|-crit|p2a: Lunala\n|-damage|p2a: Lunala|0 fnt\n|faint|p2a: Lunala\n|move|p2b: Raichu|Endeavor|p1b: Miraidon\n|-damage|p1b: Miraidon|7/100\n|\n|upkeep\n|\n|t:|1745985879\n|switch|p2a: Incineroar|Incineroar, L50, M|83/100\n|-ability|p2a: Incineroar|Intimidate|boost\n|-unboost|p1b: Miraidon|atk|1\n|turn|10\n|\n|t:|1745985902\n|move|p2a: Incineroar|Fake Out|p1b: Miraidon\n|-damage|p1b: Miraidon|0 fnt\n|faint|p1b: Miraidon\n|\n|win|Lexerthanatauros\n||Noa18348 is ready for game 2.\n|inactive|Lexerthanatauros has 30 seconds to confirm battle start!\n||Lexerthanatauros is ready for game 2.\n|uhtml|next|Next: <a href=\"/battle-gen9vgc2025regibo3-2353703725\"><strong>Game 2 of 3</strong></a>\n|l|\u2606Lexerthanatauros\n|player|p2|\n", "uploadtime": 1745986165, "views": 6, "formatid": "gen9vgc2025regibo3", "rating": null, "private": 0, "password": null}