{"id": "gen9vgc2025regibo3-2354416253", "format": "[Gen 9] VGC 2025 Reg I (Bo3)", "players": ["slyabby", "Halotowers"], "log": "|j|\u2606slyabby\n|j|\u2606Halotowers\n|html|<table width=\"100%\"><tr><td align=\"left\">slyabby</td><td align=\"right\">Halotowers</tr><tr><td align=\"left\"><i class=\"fa fa-circle\"></i> <i class=\"fa fa-circle-o\"></i> </td><td align=\"right\"><i class=\"fa fa-circle-o\"></i> <i class=\"fa fa-circle\"></i> </tr></table>\n|uhtml|bestof|<h2><strong>Game 3</strong> of <a href=\"/game-bestof3-gen9vgc2025regibo3-2354411968\">a best-of-3</a></h2>\n|t:|1746068710\n|gametype|doubles\n|player|p1|slyabby|cynthia-gen4|\n|player|p2|Halotowers|allister|\n|teamsize|p1|6\n|teamsize|p2|6\n|gen|9\n|tier|[Gen 9] VGC 2025 Reg I (Bo3)\n|rule|Species Clause: Limit one of each Pok\u00e9mon\n|rule|Item Clause: Limit 1 of each item\n|clearpoke\n|poke|p1|Koraidon, L50|\n|poke|p1|Lunala, L50|\n|poke|p1|Brute Bonnet, L50|\n|poke|p1|Flutter Mane, L50|\n|poke|p1|Chi-Yu, L50|\n|poke|p1|Ogerpon-Hearthflame, L50, F|\n|poke|p2|Calyrex-Shadow, L50|\n|poke|p2|Koraidon, L50|\n|poke|p2|Chi-Yu, L50|\n|poke|p2|Ogerpon-Cornerstone, L50, F|\n|poke|p2|Iron Hands, L50|\n|poke|p2|Whimsicott, L50, F|\n|teampreview|4\n|showteam|p1|Koraidon||LifeOrb|OrichalcumPulse|CloseCombat,FlameCharge,FlareBlitz,Protect||||||50|,,,,,Fire]Lunala||PowerHerb|ShadowShield|MoongeistBeam,MeteorBeam,WideGuard,TrickRoom||||||50|,,,,,Water]Brute Bonnet||CovertCloak|Protosynthesis|SeedBomb,SuckerPunch,Spore,RagePowder||||||50|,,,,,Water]Flutter Mane||FocusSash|Protosynthesis|Moonblast,ShadowBall,IcyWind,Taunt||||||50|,,,,,Normal]Chi-Yu||ChoiceScarf|BeadsofRuin|Overheat,DarkPulse,HeatWave,Snarl||||||50|,,,,,Ghost]Ogerpon-Hearthflame||HearthflameMask|MoldBreaker|IvyCudgel,WoodHammer,FollowMe,SpikyShield|||F|||50|,,,,,Fire\n|showteam|p2|Calyrex-Shadow||CovertCloak|AsOneSpectrier|AstralBarrage,Psychic,PollenPuff,Protect||||||50|,,,,,Water]Koraidon||ClearAmulet|OrichalcumPulse|CollisionCourse,FlameCharge,BreakingSwipe,Protect||||||50|,,,,,Fire]Chi-Yu||ChoiceScarf|BeadsofRuin|TeraBlast,Snarl,DarkPulse,HeatWave||||||50|,,,,,Ground]Ogerpon-Cornerstone||CornerstoneMask|Sturdy|IvyCudgel,Taunt,FollowMe,SpikyShield|||F|||50|,,,,,Rock]Iron Hands||AssaultVest|QuarkDrive|FakeOut,LowKick,HeavySlam,WildCharge||||||50|,,,,,Fire]Whimsicott||FocusSash|Prankster|Moonblast,Tailwind,Encore,FakeTears|||F|||50|,,,,,Ghost\n|inactive|Battle timer is ON: inactive players will automatically lose when time's up. (requested by slyabby)\n|c|\u2606slyabby|I forgot to click tera that last game\n|c|\u2606Halotowers|oop\n|inactive|slyabby has 60 seconds left.\n|inactive|Halotowers has 60 seconds left.\n|c|\u2606Halotowers|ill try not to distract you next time\n|inactive|Halotowers has 30 seconds left.\n|c|\u2606slyabby|?\n|inactive|Halotowers has 20 seconds left.\n|c|\u2606Halotowers|bad joke i guess\n|inactive|Halotowers has 15 seconds left.\n|inactive|Halotowers has 10 seconds left.\n|\n|t:|1746068791\n|start\n|switch|p1a: Flutter Mane|Flutter Mane, L50|100/100\n|switch|p1b: Koraidon|Koraidon, L50|100/100\n|switch|p2a: Chi-Yu|Chi-Yu, L50|100/100\n|switch|p2b: Whimsicott|Whimsicott, L50, F|100/100\n|-ability|p2a: Chi-Yu|Beads of Ruin\n|-weather|SunnyDay|[from] ability: Orichalcum Pulse|[of] p1b: Koraidon\n|-activate|p1a: Flutter Mane|ability: Protosynthesis\n|-start|p1a: Flutter Mane|protosynthesisspe\n|-activate|p1b: Koraidon|Orichalcum Pulse|[source]\n|turn|1\n|c|\u2606slyabby|no I might just be an idiot lo\n|c|\u2606slyabby|lol\n|\n|t:|1746068813\n|-terastallize|p1b: Koraidon|Fire\n|move|p2b: Whimsicott|Tailwind|p2b: Whimsicott\n|-sidestart|p2: Halotowers|move: Tailwind\n|move|p2a: Chi-Yu|Snarl|p1b: Koraidon|[spread] p1b\n|-miss|p2a: Chi-Yu|p1a: Flutter Mane\n|-crit|p1b: Koraidon\n|-damage|p1b: Koraidon|50/100\n|-unboost|p1b: Koraidon|spa|1\n|move|p1a: Flutter Mane|Icy Wind|p2b: Whimsicott|[spread] p2a,p2b\n|-resisted|p2a: Chi-Yu\n|-supereffective|p2b: Whimsicott\n|-damage|p2a: Chi-Yu|92/100\n|-damage|p2b: Whimsicott|33/100\n|-unboost|p2a: Chi-Yu|spe|1\n|-unboost|p2b: Whimsicott|spe|1\n|move|p1b: Koraidon|Flame Charge|p2b: Whimsicott\n|-supereffective|p2b: Whimsicott\n|-damage|p2b: Whimsicott|0 fnt\n|-boost|p1b: Koraidon|spe|1\n|faint|p2b: Whimsicott\n|-damage|p1b: Koraidon|41/100|[from] item: Life Orb\n|\n|-weather|SunnyDay|[upkeep]\n|upkeep\n|\n|t:|1746068824\n|switch|p2b: Calyrex|Calyrex-Shadow, L50|100/100\n|-ability|p2b: Calyrex|As One\n|-ability|p2b: Calyrex|Unnerve\n|turn|2\n|inactive|slyabby has 30 seconds left.\n|\n|t:|1746068852\n|-terastallize|p2b: Calyrex|Water\n|move|p1b: Koraidon|Protect|p1b: Koraidon\n|-singleturn|p1b: Koraidon|Protect\n|move|p2b: Calyrex|Astral Barrage|p1b: Koraidon|[spread] p1a\n|-activate|p1b: Koraidon|move: Protect\n|-supereffective|p1a: Flutter Mane\n|-enditem|p1a: Flutter Mane|Focus Sash\n|-damage|p1a: Flutter Mane|1/100\n|move|p1a: Flutter Mane|Icy Wind|p2b: Calyrex|[spread] p2a,p2b\n|-resisted|p2a: Chi-Yu\n|-resisted|p2b: Calyrex\n|-damage|p2a: Chi-Yu|84/100\n|-damage|p2b: Calyrex|91/100\n|-unboost|p2a: Chi-Yu|spe|1\n|move|p2a: Chi-Yu|Snarl|p1b: Koraidon|[spread] p1a\n|-activate|p1b: Koraidon|move: Protect\n|-damage|p1a: Flutter Mane|0 fnt\n|faint|p1a: Flutter Mane\n|-end|p1a: Flutter Mane|Protosynthesis|[silent]\n|\n|-weather|SunnyDay|[upkeep]\n|upkeep\n|inactive|slyabby has 30 seconds left.\n|\n|t:|1746068882\n|switch|p1a: Brute Bonnet|Brute Bonnet, L50|100/100\n|-activate|p1a: Brute Bonnet|ability: Protosynthesis\n|-start|p1a: Brute Bonnet|protosynthesisdef\n|turn|3\n|\n|t:|1746068905\n|move|p1b: Koraidon|Protect|p1b: Koraidon\n|-singleturn|p1b: Koraidon|Protect\n|move|p2b: Calyrex|Pollen Puff|p1a: Brute Bonnet\n|-supereffective|p1a: Brute Bonnet\n|-damage|p1a: Brute Bonnet|0 fnt\n|faint|p1a: Brute Bonnet\n|-end|p1a: Brute Bonnet|Protosynthesis|[silent]\n|-ability|p2b: Calyrex|Grim Neigh|boost\n|-boost|p2b: Calyrex|spa|1\n|move|p2a: Chi-Yu|Snarl|p1b: Koraidon\n|-activate|p1b: Koraidon|move: Protect\n|\n|-weather|SunnyDay|[upkeep]\n|upkeep\n|\n|t:|1746068915\n|switch|p1a: Lunala|Lunala, L50, shiny|100/100\n|turn|4\n|\n|t:|1746068920\n|move|p1b: Koraidon|Protect||[still]\n|-fail|p1b: Koraidon\n|move|p1a: Lunala|Wide Guard|p1a: Lunala\n|-singleturn|p1a: Lunala|Wide Guard\n|move|p2b: Calyrex|Astral Barrage|p1a: Lunala|[spread] \n|-activate|p1a: Lunala|move: Wide Guard\n|-activate|p1b: Koraidon|move: Wide Guard\n|move|p2a: Chi-Yu|Snarl|p1b: Koraidon|[spread] \n|-activate|p1a: Lunala|move: Wide Guard\n|-activate|p1b: Koraidon|move: Wide Guard\n|\n|-weather|SunnyDay|[upkeep]\n|-sideend|p2: Halotowers|move: Tailwind\n|upkeep\n|turn|5\n|inactive|Halotowers has 30 seconds left.\n|\n|t:|1746068948\n|switch|p2a: Iron Hands|Iron Hands, L50|100/100\n|move|p1a: Lunala|Wide Guard|p1a: Lunala\n|-singleturn|p1a: Lunala|Wide Guard\n|move|p1b: Koraidon|Close Combat|p2b: Calyrex\n|-damage|p2b: Calyrex|0 fnt\n|-unboost|p1b: Koraidon|def|1\n|-unboost|p1b: Koraidon|spd|1\n|faint|p2b: Calyrex\n|-damage|p1b: Koraidon|31/100|[from] item: Life Orb\n|\n|-weather|none\n|upkeep\n|\n|t:|1746068953\n|switch|p2b: Chi-Yu|Chi-Yu, L50|84/100\n|-ability|p2b: Chi-Yu|Beads of Ruin\n|turn|6\n|\n|t:|1746068962\n|move|p1b: Koraidon|Protect|p1b: Koraidon\n|-singleturn|p1b: Koraidon|Protect\n|move|p2a: Iron Hands|Fake Out|p1b: Koraidon\n|-activate|p1b: Koraidon|move: Protect\n|move|p2b: Chi-Yu|Dark Pulse|p1a: Lunala\n|-supereffective|p1a: Lunala\n|-damage|p1a: Lunala|14/100\n|move|p1a: Lunala|Meteor Beam||[still]\n|-prepare|p1a: Lunala|Meteor Beam\n|-boost|p1a: Lunala|spa|1\n|-enditem|p1a: Lunala|Power Herb\n|-anim|p1a: Lunala|Meteor Beam|p2b: Chi-Yu\n|-supereffective|p2b: Chi-Yu\n|-damage|p2b: Chi-Yu|0 fnt\n|faint|p2b: Chi-Yu\n|\n|upkeep\n|turn|7\n|\n|t:|1746068983\n|move|p1b: Koraidon|Close Combat|p2a: Iron Hands\n|-damage|p2a: Iron Hands|40/100\n|-unboost|p1b: Koraidon|def|1\n|-unboost|p1b: Koraidon|spd|1\n|-damage|p1b: Koraidon|22/100|[from] item: Life Orb\n|move|p1a: Lunala|Moongeist Beam|p2a: Iron Hands\n|-damage|p2a: Iron Hands|0 fnt\n|faint|p2a: Iron Hands\n|-end|p2a: Iron Hands|Quark Drive|[silent]\n|\n|win|slyabby\n|c|\u2606Halotowers|oof super close!\n|c|\u2606slyabby|ggs\n|c|\u2606Halotowers|ggs queen\n", "uploadtime": 1746068994, "views": 8, "formatid": "gen9vgc2025regibo3", "rating": null, "private": 0, "password": null}