{"id": "gen9vgc2025regibo3-2355085463", "format": "[Gen 9] VGC 2025 Reg I (Bo3)", "players": ["MetaknightXIII", "LumiShen"], "log": "|j|\u2606MetaknightXIII\n|j|\u2606LumiShen\n|html|<table width=\"100%\"><tr><td align=\"left\">MetaknightXIII</td><td align=\"right\">LumiShen</tr><tr><td align=\"left\"><i class=\"fa fa-circle\"></i> <i class=\"fa fa-circle-o\"></i> </td><td align=\"right\"><i class=\"fa fa-circle-o\"></i> <i class=\"fa fa-circle-o\"></i> </tr></table>\n|uhtml|bestof|<h2><strong>Game 2</strong> of <a href=\"/game-bestof3-gen9vgc2025regibo3-2355082987\">a best-of-3</a></h2>\n|t:|1746150613\n|gametype|doubles\n|player|p1|MetaknightXIII|veteran|1165\n|player|p2|LumiShen|wallace|1222\n|teamsize|p1|6\n|teamsize|p2|6\n|gen|9\n|tier|[Gen 9] VGC 2025 Reg I (Bo3)\n|rated|\n|rule|Species Clause: Limit one of each Pok\u00e9mon\n|rule|Item Clause: Limit 1 of each item\n|clearpoke\n|poke|p1|Terapagos, L50, M|\n|poke|p1|Calyrex-Shadow, L50|\n|poke|p1|Rillaboom, L50, F|\n|poke|p1|Brute Bonnet, L50|\n|poke|p1|Incineroar, L50, M|\n|poke|p1|Urshifu-*, L50, F|\n|poke|p2|Calyrex-Ice, L50|\n|poke|p2|Kyogre, L50|\n|poke|p2|Tornadus, L50, M|\n|poke|p2|Indeedee-F, L50, F|\n|poke|p2|Urshifu-*, L50, F|\n|poke|p2|Incineroar, L50, M|\n|teampreview|4\n|showteam|p1|Terapagos||Leftovers|TeraShift|TeraStarstorm,EarthPower,CalmMind,Protect|||M|||50|,,,,,Stellar]Calyrex-Shadow||FocusSash|AsOneSpectrier|AstralBarrage,NastyPlot,WillOWisp,Protect||||||50|,,,,,Ghost]Rillaboom||AssaultVest|GrassySurge|FakeOut,GrassyGlide,Uturn,WoodHammer|||F|||50|,,,,,Fire]Brute Bonnet||CovertCloak|Protosynthesis|SuckerPunch,Spore,RagePowder,Protect||||||50|,,,,,Water]Incineroar||SafetyGoggles|Intimidate|FakeOut,KnockOff,PartingShot,Taunt|||M|||50|,,,,,Bug]Urshifu-Rapid-Strike||ChoiceScarf|UnseenFist|SurgingStrikes,CloseCombat,Uturn,Taunt|||F|||50|,,,,,Water\n|showteam|p2|Calyrex-Ice||LifeOrb|AsOneGlastrier|GlacialLance,HighHorsepower,TrickRoom,Protect||||||50|,,,,,Water]Kyogre||AssaultVest|Drizzle|OriginPulse,IceBeam,Thunder,WaterSpout||||||50|,,,,,Electric]Tornadus||CovertCloak|Prankster|Hurricane,Tailwind,RainDance,Protect|||M|||50|,,,,,Dark]Indeedee-F||PsychicSeed|PsychicSurge|AlluringVoice,FollowMe,TrickRoom,Protect|||F|||50|,,,,,Fairy]Urshifu-Rapid-Strike||ChoiceScarf|UnseenFist|SurgingStrikes,CloseCombat,RockSlide,Uturn|||F|||50|,,,,,Stellar]Incineroar||RockyHelmet|Intimidate|WillOWisp,KnockOff,FakeOut,PartingShot|||M|||50|,,,,,Bug\n|\n|t:|1746150671\n|start\n|switch|p1a: Terapagos|Terapagos, L50, M|100/100\n|switch|p1b: Calyrex|Calyrex-Shadow, L50|100/100\n|switch|p2a: Tornadus|Tornadus, L50, M|100/100\n|switch|p2b: Urshifu|Urshifu-Rapid-Strike, L50, F|100/100\n|-activate|p1a: Terapagos|ability: Tera Shift\n|detailschange|p1a: Terapagos|Terapagos-Terastal, L50, M\n|-heal|p1a: Terapagos|100/100|[silent]\n|-ability|p1b: Calyrex|As One\n|-ability|p1b: Calyrex|Unnerve\n|turn|1\n|\n|t:|1746150701\n|move|p2b: Urshifu|U-turn|p1b: Calyrex\n|-damage|p1b: Calyrex|69/100\n|\n|t:|1746150706\n|switch|p2b: Kyogre|Kyogre, L50|100/100|[from] U-turn\n|-weather|RainDance|[from] ability: Drizzle|[of] p2b: Kyogre\n|move|p1b: Calyrex|Will-O-Wisp|p2b: Kyogre\n|-status|p2b: Kyogre|brn\n|move|p2a: Tornadus|Hurricane|p1a: Terapagos\n|-activate|p1a: Terapagos|ability: Tera Shell\n|-resisted|p1a: Terapagos\n|-damage|p1a: Terapagos|78/100\n|-start|p1a: Terapagos|confusion\n|-activate|p1a: Terapagos|confusion\n|move|p1a: Terapagos|Calm Mind|p1a: Terapagos\n|-boost|p1a: Terapagos|spa|1\n|-boost|p1a: Terapagos|spd|1\n|\n|-weather|RainDance|[upkeep]\n|-heal|p1a: Terapagos|85/100|[from] item: Leftovers\n|-damage|p2b: Kyogre|94/100 brn|[from] brn\n|upkeep\n|turn|2\n|\n|t:|1746150731\n|move|p1b: Calyrex|Protect|p1b: Calyrex\n|-singleturn|p1b: Calyrex|Protect\n|-activate|p1a: Terapagos|confusion\n|move|p1a: Terapagos|Protect|p1a: Terapagos\n|-singleturn|p1a: Terapagos|Protect\n|move|p2a: Tornadus|Tailwind|p2a: Tornadus\n|-sidestart|p2: LumiShen|move: Tailwind\n|move|p2b: Kyogre|Water Spout|p1b: Calyrex|[spread] \n|-activate|p1a: Terapagos|move: Protect\n|-activate|p1b: Calyrex|move: Protect\n|\n|-weather|RainDance|[upkeep]\n|-heal|p1a: Terapagos|91/100|[from] item: Leftovers\n|-damage|p2b: Kyogre|88/100 brn|[from] brn\n|upkeep\n|turn|3\n|\n|t:|1746150749\n|switch|p1b: Brute Bonnet|Brute Bonnet, L50|100/100\n|-terastallize|p1a: Terapagos|Stellar\n|detailschange|p1a: Terapagos|Terapagos-Stellar, L50, M, tera:Stellar\n|-heal|p1a: Terapagos|93/100|[silent]\n|-ability|p1a: Terapagos|Teraform Zero\n|-weather|none\n|move|p2a: Tornadus|Rain Dance|p2a: Tornadus\n|-weather|RainDance\n|move|p2b: Kyogre|Water Spout|p1a: Terapagos|[spread] p1a,p1b\n|-resisted|p1b: Brute Bonnet\n|-damage|p1a: Terapagos|53/100\n|-damage|p1b: Brute Bonnet|66/100\n|-end|p1a: Terapagos|confusion\n|move|p1a: Terapagos|Tera Starstorm|p2a: Tornadus|[spread] p2a,p2b\n|-damage|p2a: Tornadus|38/100\n|-damage|p2b: Kyogre|59/100 brn\n|\n|-weather|RainDance|[upkeep]\n|-heal|p1a: Terapagos|60/100|[from] item: Leftovers\n|-damage|p2b: Kyogre|53/100 brn|[from] brn\n|upkeep\n|turn|4\n|\n|t:|1746150783\n|move|p1b: Brute Bonnet|Sucker Punch|p2a: Tornadus\n|-damage|p2a: Tornadus|5/100\n|move|p2a: Tornadus|Hurricane|p1b: Brute Bonnet\n|-supereffective|p1b: Brute Bonnet\n|-damage|p1b: Brute Bonnet|0 fnt\n|faint|p1b: Brute Bonnet\n|-end|p1b: Brute Bonnet|Protosynthesis|[silent]\n|move|p2b: Kyogre|Thunder|p1a: Terapagos\n|-damage|p1a: Terapagos|37/100\n|move|p1a: Terapagos|Tera Starstorm|p2b: Kyogre|[spread] p2a,p2b\n|-damage|p2a: Tornadus|0 fnt\n|-damage|p2b: Kyogre|22/100 brn\n|faint|p2a: Tornadus\n|\n|-weather|RainDance|[upkeep]\n|-heal|p1a: Terapagos|43/100|[from] item: Leftovers\n|-damage|p2b: Kyogre|16/100 brn|[from] brn\n|upkeep\n|\n|t:|1746150802\n|switch|p2a: Urshifu|Urshifu-Rapid-Strike, L50, F|100/100\n|switch|p1b: Incineroar|Incineroar, L50, M|100/100\n|-ability|p1b: Incineroar|Intimidate|boost\n|-unboost|p2a: Urshifu|atk|1\n|-unboost|p2b: Kyogre|atk|1\n|turn|5\n|\n|t:|1746150813\n|move|p1b: Incineroar|Fake Out|p2a: Urshifu\n|-damage|p2a: Urshifu|89/100\n|cant|p2a: Urshifu|flinch\n|move|p2b: Kyogre|Origin Pulse|p1a: Terapagos|[spread] p1a,p1b\n|-supereffective|p1b: Incineroar\n|-damage|p1a: Terapagos|7/100\n|-damage|p1b: Incineroar|0 fnt\n|faint|p1b: Incineroar\n|move|p1a: Terapagos|Tera Starstorm|p2a: Urshifu|[spread] p2a,p2b\n|-damage|p2a: Urshifu|0 fnt\n|-damage|p2b: Kyogre|0 fnt\n|faint|p2a: Urshifu\n|faint|p2b: Kyogre\n|\n|-weather|RainDance|[upkeep]\n|-heal|p1a: Terapagos|13/100|[from] item: Leftovers\n|-sideend|p2: LumiShen|move: Tailwind\n|upkeep\n|\n|t:|1746150825\n|switch|p2a: Calyrex|Calyrex-Ice, L50|100/100\n|switch|p1b: Calyrex|Calyrex-Shadow, L50|69/100\n|-ability|p1b: Calyrex|As One\n|-ability|p1b: Calyrex|Unnerve\n|-ability|p2a: Calyrex|As One\n|-ability|p2a: Calyrex|Unnerve\n|turn|6\n|\n|t:|1746150854\n|move|p1b: Calyrex|Will-O-Wisp|p2a: Calyrex\n|-status|p2a: Calyrex|brn\n|move|p1a: Terapagos|Tera Starstorm|p2a: Calyrex\n|-damage|p2a: Calyrex|45/100 brn\n|move|p2a: Calyrex|Glacial Lance|p1b: Calyrex|[spread] p1a,p1b\n|-damage|p1a: Terapagos|0 fnt\n|-damage|p1b: Calyrex|20/100\n|faint|p1a: Terapagos\n|-ability|p2a: Calyrex|Chilling Neigh|boost\n|-boost|p2a: Calyrex|atk|1\n|-damage|p2a: Calyrex|35/100 brn|[from] item: Life Orb\n|\n|-weather|RainDance|[upkeep]\n|-damage|p2a: Calyrex|29/100 brn|[from] brn\n|upkeep\n|turn|7\n|\n|t:|1746150869\n|-terastallize|p2a: Calyrex|Water\n|move|p1b: Calyrex|Astral Barrage|p2a: Calyrex\n|-damage|p2a: Calyrex|0 fnt\n|faint|p2a: Calyrex\n|\n|win|MetaknightXIII\n|raw|MetaknightXIII's rating: 1165 &rarr; <strong>1194</strong><br />(+29 for winning)\n|raw|LumiShen's rating: 1222 &rarr; <strong>1193</strong><br />(-29 for losing)\n", "uploadtime": 1746150874, "views": 3, "formatid": "gen9vgc2025regibo3", "rating": 1193, "private": 0, "password": null}