{"id": "gen9vgc2025regibo3-2354891172", "format": "[Gen 9] VGC 2025 Reg I (Bo3)", "players": ["Divya sutra suites", "ErPrietinho"], "log": "|j|\u2606Divya sutra suites\n|j|\u2606ErPrietinho\n|html|<table width=\"100%\"><tr><td align=\"left\">Divya sutra suites</td><td align=\"right\">ErPrietinho</tr><tr><td align=\"left\"><i class=\"fa fa-circle\"></i> <i class=\"fa fa-circle-o\"></i> </td><td align=\"right\"><i class=\"fa fa-circle-o\"></i> <i class=\"fa fa-circle-o\"></i> </tr></table>\n|uhtml|bestof|<h2><strong>Game 2</strong> of <a href=\"/game-bestof3-gen9vgc2025regibo3-2354888206\">a best-of-3</a></h2>\n|t:|1746129003\n|gametype|doubles\n|player|p1|Divya sutra suites|blackbelt-gen4dp|1143\n|player|p2|ErPrietinho|265|1067\n|teamsize|p1|6\n|teamsize|p2|6\n|gen|9\n|tier|[Gen 9] VGC 2025 Reg I (Bo3)\n|rated|\n|rule|Species Clause: Limit one of each Pok\u00e9mon\n|rule|Item Clause: Limit 1 of each item\n|clearpoke\n|poke|p1|Calyrex-Shadow, L50|\n|poke|p1|Incineroar, L50, M|\n|poke|p1|Terapagos, L50, M|\n|poke|p1|Rillaboom, L50, M|\n|poke|p1|Ogerpon-Cornerstone, L50, F|\n|poke|p1|Flutter Mane, L50|\n|poke|p2|Terapagos, L50, M|\n|poke|p2|Calyrex-Ice, L50|\n|poke|p2|Rillaboom, L50, M|\n|poke|p2|Porygon2, L50|\n|poke|p2|Kingambit, L50, M|\n|poke|p2|Primarina, L50, M|\n|teampreview|4\n|showteam|p1|Calyrex-Shadow||FocusSash|AsOneSpectrier|AstralBarrage,Psychic,CalmMind,Protect||||||50|,,,,,Ghost]Incineroar||SafetyGoggles|Intimidate|WillOWisp,FakeOut,PartingShot,KnockOff|||M|||50|,,,,,Water]Terapagos||ChoiceSpecs|TeraShift|TeraStarstorm,DarkPulse,EarthPower,AncientPower|||M|||50|,,,,,Stellar]Rillaboom||AssaultVest|GrassySurge|WoodHammer,FakeOut,GrassyGlide,Uturn|||M|||50|,,,,,Fire]Ogerpon-Cornerstone||CornerstoneMask|Sturdy|IvyCudgel,WoodHammer,FollowMe,SpikyShield|||F|||50|,,,,,Rock]Flutter Mane||BoosterEnergy|Protosynthesis|Moonblast,ShadowBall,IcyWind,Protect||||||50|,,,,,Fairy\n|showteam|p2|Terapagos||ChoiceSpecs|TeraShift|EnergyBall,DazzlingGleam,Thunderbolt,TeraStarstorm|||M|||50|,,,,,Stellar]Calyrex-Ice||ClearAmulet|AsOneGlastrier|GlacialLance,Protect,TrickRoom,HighHorsepower||||||50|,,,,,Normal]Rillaboom||AssaultVest|GrassySurge|FakeOut,GrassyGlide,Uturn,WoodHammer|||M|||50|,,,,,Water]Porygon2||Eviolite|Download|TrickRoom,EerieImpulse,TeraBlast,FoulPlay||||||50|,,,,,Fairy]Kingambit||Leftovers|Defiant|Protect,SuckerPunch,KowtowCleave,IronHead|||M|||50|,,,,,Flying]Primarina||SitrusBerry|LiquidVoice|Moonblast,ShadowBall,HyperVoice,Protect|||M|||50|,,,,,Water\n|inactive|Battle timer is ON: inactive players will automatically lose when time's up. (requested by Divya sutra suites)\n|inactive|Divya sutra suites has 60 seconds left.\n|\n|t:|1746129037\n|start\n|switch|p1a: Rillaboom|Rillaboom, L50, M|100/100\n|switch|p1b: Terapagos|Terapagos, L50, M|100/100\n|switch|p2a: Primarina|Primarina, L50, M|100/100\n|switch|p2b: Porygon2|Porygon2, L50|100/100\n|-activate|p1b: Terapagos|ability: Tera Shift\n|detailschange|p1b: Terapagos|Terapagos-Terastal, L50, M\n|-heal|p1b: Terapagos|100/100|[silent]\n|-fieldstart|move: Grassy Terrain|[from] ability: Grassy Surge|[of] p1a: Rillaboom\n|-ability|p2b: Porygon2|Download|boost\n|-boost|p2b: Porygon2|spa|1\n|turn|1\n|inactive|Divya sutra suites has 30 seconds left.\n|\n|t:|1746129063\n|move|p2a: Primarina|Protect|p2a: Primarina\n|-singleturn|p2a: Primarina|Protect\n|move|p1a: Rillaboom|Fake Out|p2b: Porygon2\n|-damage|p2b: Porygon2|90/100\n|move|p1b: Terapagos|Tera Starstorm|p2b: Porygon2\n|-damage|p2b: Porygon2|54/100\n|cant|p2b: Porygon2|flinch\n|\n|-heal|p2b: Porygon2|60/100|[from] Grassy Terrain\n|upkeep\n|turn|2\n|\n|t:|1746129086\n|switch|p2a: Calyrex|Calyrex-Ice, L50|100/100\n|-ability|p2a: Calyrex|As One\n|-ability|p2a: Calyrex|Unnerve\n|-terastallize|p1b: Terapagos|Stellar\n|detailschange|p1b: Terapagos|Terapagos-Stellar, L50, M, tera:Stellar\n|-heal|p1b: Terapagos|100/100|[silent]\n|-ability|p1b: Terapagos|Teraform Zero\n|-fieldend|move: Grassy Terrain\n|move|p1b: Terapagos|Tera Starstorm|p2b: Porygon2|[spread] p2a,p2b\n|-crit|p2b: Porygon2\n|-damage|p2a: Calyrex|65/100\n|-damage|p2b: Porygon2|20/100\n|move|p1a: Rillaboom|Wood Hammer|p2a: Calyrex\n|-damage|p2a: Calyrex|29/100\n|-damage|p1a: Rillaboom|88/100|[from] Recoil\n|move|p2b: Porygon2|Trick Room|p2b: Porygon2\n|-fieldstart|move: Trick Room|[of] p2b: Porygon2\n|\n|upkeep\n|turn|3\n|inactive|ErPrietinho has 30 seconds left.\n|inactive|ErPrietinho has 20 seconds left.\n|inactive|ErPrietinho has 15 seconds left.\n|\n|t:|1746129127\n|switch|p1a: Ogerpon|Ogerpon-Cornerstone, L50, F|100/100\n|move|p2a: Calyrex|Glacial Lance|p1b: Terapagos|[spread] p1a,p1b\n|-supereffective|p1a: Ogerpon\n|-ability|p1a: Ogerpon|Sturdy\n|-damage|p1a: Ogerpon|1/100\n|-damage|p1b: Terapagos|57/100\n|move|p2b: Porygon2|Foul Play|p1a: Ogerpon\n|-damage|p1a: Ogerpon|0 fnt\n|faint|p1a: Ogerpon\n|move|p1b: Terapagos|Tera Starstorm|p2a: Calyrex|[spread] p2a,p2b\n|-damage|p2a: Calyrex|0 fnt\n|-damage|p2b: Porygon2|0 fnt\n|faint|p2a: Calyrex\n|faint|p2b: Porygon2\n|\n|upkeep\n|\n|t:|1746129144\n|switch|p2a: Primarina|Primarina, L50, M|100/100\n|switch|p2b: Terapagos|Terapagos, L50, M|100/100\n|switch|p1a: Rillaboom|Rillaboom, L50, M|88/100\n|-activate|p2b: Terapagos|ability: Tera Shift\n|detailschange|p2b: Terapagos|Terapagos-Terastal, L50, M\n|-heal|p2b: Terapagos|100/100|[silent]\n|-fieldstart|move: Grassy Terrain|[from] ability: Grassy Surge|[of] p1a: Rillaboom\n|turn|4\n|\n|t:|1746129169\n|-terastallize|p2b: Terapagos|Stellar\n|detailschange|p2b: Terapagos|Terapagos-Stellar, L50, M, tera:Stellar\n|-heal|p2b: Terapagos|100/100|[silent]\n|-ability|p2b: Terapagos|Teraform Zero\n|-fieldend|move: Grassy Terrain\n|move|p1a: Rillaboom|Fake Out|p2b: Terapagos\n|-damage|p2b: Terapagos|93/100\n|move|p2a: Primarina|Moonblast|p1b: Terapagos\n|-crit|p1b: Terapagos\n|-damage|p1b: Terapagos|0 fnt\n|faint|p1b: Terapagos\n|cant|p2b: Terapagos|flinch\n|\n|upkeep\n|\n|t:|1746129183\n|switch|p1b: Calyrex|Calyrex-Shadow, L50|100/100\n|-ability|p1b: Calyrex|As One\n|-ability|p1b: Calyrex|Unnerve\n|turn|5\n|\n|t:|1746129195\n|move|p1b: Calyrex|Protect|p1b: Calyrex\n|-singleturn|p1b: Calyrex|Protect\n|move|p2a: Primarina|Moonblast|p1b: Calyrex\n|-activate|p1b: Calyrex|move: Protect\n|move|p1a: Rillaboom|Wood Hammer|p2a: Primarina\n|-supereffective|p2a: Primarina\n|-damage|p2a: Primarina|0 fnt\n|faint|p2a: Primarina\n|-damage|p1a: Rillaboom|57/100|[from] Recoil\n|move|p2b: Terapagos|Tera Starstorm|p1b: Calyrex|[spread] p1a\n|-activate|p1b: Calyrex|move: Protect\n|-damage|p1a: Rillaboom|21/100\n|\n|upkeep\n|turn|6\n|\n|t:|1746129213\n|move|p1a: Rillaboom|Wood Hammer|p2b: Terapagos\n|-damage|p2b: Terapagos|60/100\n|-damage|p1a: Rillaboom|7/100|[from] Recoil\n|move|p2b: Terapagos|Tera Starstorm|p1b: Calyrex|[spread] p1a,p1b\n|-damage|p1a: Rillaboom|0 fnt\n|-damage|p1b: Calyrex|45/100\n|faint|p1a: Rillaboom\n|move|p1b: Calyrex|Psychic|p2b: Terapagos\n|-damage|p2b: Terapagos|22/100\n|\n|-fieldend|move: Trick Room\n|upkeep\n|turn|7\n|\n|t:|1746129226\n|move|p1b: Calyrex|Psychic|p2b: Terapagos\n|-damage|p2b: Terapagos|0 fnt\n|faint|p2b: Terapagos\n|\n|win|Divya sutra suites\n|raw|Divya sutra suites's rating: 1143 &rarr; <strong>1163</strong><br />(+20 for winning)\n|raw|ErPrietinho's rating: 1067 &rarr; <strong>1051</strong><br />(-16 for losing)\n", "uploadtime": 1746129229, "views": 6, "formatid": "gen9vgc2025regibo3", "rating": 1051, "private": 0, "password": null}