{"id": "gen9vgc2025regibo3-2353724249", "format": "[Gen 9] VGC 2025 Reg I (Bo3)", "players": ["Leezh", "poke E mawn"], "log": "|j|\u2606Leezh\n|j|\u2606poke E mawn\n|html|<table width=\"100%\"><tr><td align=\"left\">Leezh</td><td align=\"right\">poke E mawn</tr><tr><td align=\"left\"><i class=\"fa fa-circle-o\"></i> <i class=\"fa fa-circle-o\"></i> </td><td align=\"right\"><i class=\"fa fa-circle-o\"></i> <i class=\"fa fa-circle-o\"></i> </tr></table>\n|uhtml|bestof|<h2><strong>Game 1</strong> of <a href=\"/game-bestof3-gen9vgc2025regibo3-2353724248\">a best-of-3</a></h2>\n|t:|1745989084\n|gametype|doubles\n|player|p1|Leezh|1|1016\n|player|p2|poke E mawn|brock|1086\n|teamsize|p1|6\n|teamsize|p2|6\n|gen|9\n|tier|[Gen 9] VGC 2025 Reg I (Bo3)\n|rated|\n|rule|Species Clause: Limit one of each Pok\u00e9mon\n|rule|Item Clause: Limit 1 of each item\n|clearpoke\n|poke|p1|Ho-Oh, L50|\n|poke|p1|Groudon, L50|\n|poke|p1|Raging Bolt, L50|\n|poke|p1|Sableye, L50, M|\n|poke|p1|Jumpluff, L50, M|\n|poke|p1|Ditto, L50|\n|poke|p2|Urshifu-*, L50, M|\n|poke|p2|Iron Hands, L50|\n|poke|p2|Chien-Pao, L50|\n|poke|p2|Amoonguss, L50, M|\n|poke|p2|Kyogre, L50|\n|poke|p2|Tornadus, L50, M|\n|teampreview|4\n|showteam|p1|Ho-Oh||LifeOrb|Regenerator|Protect,LifeDew,BraveBird,SacredFire||||||50|,,,,,Grass]Groudon||ClearAmulet|Drought|Protect,PrecipiceBlades,HighHorsepower,SwordsDance||||||50|,,,,,Fire]Raging Bolt||AssaultVest|Protosynthesis|Thunderbolt,Thunderclap,DracoMeteor,Snarl||||||50|,,,,,Electric]Sableye||AbilityShield|Prankster|FakeOut,Gravity,FoulPlay,WillOWisp|||M|||50|,,,,,Dark]Jumpluff||CovertCloak|Chlorophyll|SleepPowder,Tailwind,RagePowder,SunnyDay|||M|||50|,,,,,Dark]Ditto||FocusSash|Imposter|Transform||||||50|,,,,,Normal\n|showteam|p2|Urshifu-Rapid-Strike||ChoiceScarf|UnseenFist|SurgingStrikes,CloseCombat,AquaJet,Uturn|||M|||50|,,,,,Water]Iron Hands||AssaultVest|QuarkDrive|DrainPunch,FakeOut,Thunder,HeavySlam||||||50|,,,,,Grass]Chien-Pao||FocusSash|SwordofRuin|IcicleCrash,SuckerPunch,SacredSword,Protect||||||50|,,,,,Stellar]Amoonguss||RockyHelmet|Regenerator|Spore,RagePowder,ClearSmog,PollenPuff|||M|||50|,,,,,Dark]Kyogre||MysticWater|Drizzle|WaterSpout,OriginPulse,IceBeam,Protect||||||50|,,,,,Grass]Tornadus||CovertCloak|Prankster|BleakwindStorm,RainDance,Tailwind,Taunt|||M|||50|,,,,,Steel\n|inactive|Battle timer is ON: inactive players will automatically lose when time's up. (requested by Leezh)\n|\n|t:|1745989199\n|start\n|switch|p1a: Groudon|Groudon, L50|100/100\n|switch|p1b: Jumpluff|Jumpluff, L50, M|100/100\n|switch|p2a: Urshifu|Urshifu-Rapid-Strike, L50, M|100/100\n|switch|p2b: Tornadus|Tornadus, L50, M, shiny|100/100\n|-weather|SunnyDay|[from] ability: Drought|[of] p1a: Groudon\n|turn|1\n|inactive|Leezh has 30 seconds left.\n|inactive|Leezh has 20 seconds left.\n|inactive|Leezh has 15 seconds left.\n|inactive|Leezh has 10 seconds left.\n|inactive|Leezh has 5 seconds left.\n|\n|t:|1745989253\n|switch|p1a: Raging Bolt|Raging Bolt, L50|100/100\n|-activate|p1a: Raging Bolt|ability: Protosynthesis\n|-start|p1a: Raging Bolt|protosynthesisspa\n|move|p2b: Tornadus|Rain Dance|p2b: Tornadus\n|-weather|RainDance\n|-end|p1a: Raging Bolt|Protosynthesis\n|move|p2a: Urshifu|Surging Strikes|p1a: Raging Bolt\n|-resisted|p1a: Raging Bolt\n|-crit|p1a: Raging Bolt\n|-damage|p1a: Raging Bolt|88/100\n|-resisted|p1a: Raging Bolt\n|-crit|p1a: Raging Bolt\n|-damage|p1a: Raging Bolt|75/100\n|-resisted|p1a: Raging Bolt\n|-crit|p1a: Raging Bolt\n|-damage|p1a: Raging Bolt|63/100\n|-hitcount|p1a: Raging Bolt|3\n|move|p1b: Jumpluff|Sleep Powder|p2a: Urshifu\n|-status|p2a: Urshifu|slp|[from] move: Sleep Powder\n|\n|-weather|RainDance|[upkeep]\n|upkeep\n|turn|2\n|\n|t:|1745989277\n|switch|p2a: Deez Hands|Iron Hands, L50|100/100\n|move|p2b: Tornadus|Taunt|p1b: Jumpluff\n|-start|p1b: Jumpluff|move: Taunt\n|cant|p1b: Jumpluff|move: Taunt|Sunny Day\n|move|p1a: Raging Bolt|Thunderbolt|p2b: Tornadus\n|-supereffective|p2b: Tornadus\n|-damage|p2b: Tornadus|0 fnt\n|faint|p2b: Tornadus\n|\n|-weather|RainDance|[upkeep]\n|upkeep\n|\n|t:|1745989287\n|switch|p2b: Urshifu|Urshifu-Rapid-Strike, L50, M|100/100 slp\n|turn|3\n|\n|t:|1745989301\n|switch|p1b: Groudon|Groudon, L50|100/100\n|-weather|SunnyDay|[from] ability: Drought|[of] p1b: Groudon\n|-activate|p1a: Raging Bolt|ability: Protosynthesis\n|-start|p1a: Raging Bolt|protosynthesisspa\n|move|p2a: Deez Hands|Fake Out|p1a: Raging Bolt\n|-damage|p1a: Raging Bolt|53/100\n|cant|p2b: Urshifu|slp\n|cant|p1a: Raging Bolt|flinch\n|\n|-weather|SunnyDay|[upkeep]\n|upkeep\n|turn|4\n|\n|t:|1745989325\n|switch|p2b: Kyogre|Kyogre, L50|100/100\n|-weather|RainDance|[from] ability: Drizzle|[of] p2b: Kyogre\n|-end|p1a: Raging Bolt|Protosynthesis\n|-terastallize|p1a: Raging Bolt|Electric\n|move|p1a: Raging Bolt|Thunderclap||[still]\n|-fail|p1a: Raging Bolt\n|move|p1b: Groudon|High Horsepower|p2a: Deez Hands\n|-supereffective|p2a: Deez Hands\n|-crit|p2a: Deez Hands\n|-damage|p2a: Deez Hands|0 fnt\n|faint|p2a: Deez Hands\n|-end|p2a: Deez Hands|Quark Drive|[silent]\n|\n|-weather|RainDance|[upkeep]\n|upkeep\n|\n|t:|1745989337\n|switch|p2a: Urshifu|Urshifu-Rapid-Strike, L50, M|100/100 slp\n|turn|5\n|\n|t:|1745989350\n|switch|p1b: Jumpluff|Jumpluff, L50, M|100/100\n|move|p1a: Raging Bolt|Thunderclap|p2a: Urshifu\n|-supereffective|p2a: Urshifu\n|-damage|p2a: Urshifu|0 fnt\n|faint|p2a: Urshifu\n|move|p2b: Kyogre|Water Spout|p1b: Jumpluff|[spread] p1a,p1b\n|-resisted|p1b: Jumpluff\n|-damage|p1a: Raging Bolt|0 fnt\n|-damage|p1b: Jumpluff|34/100\n|faint|p1a: Raging Bolt\n|-end|p1a: Raging Bolt|Protosynthesis|[silent]\n|\n|-weather|RainDance|[upkeep]\n|upkeep\n|inactive|Leezh has 30 seconds left.\n|\n|t:|1745989380\n|switch|p1a: Groudon|Groudon, L50|100/100\n|-weather|SunnyDay|[from] ability: Drought|[of] p1a: Groudon\n|turn|6\n|\n|t:|1745989403\n|move|p1b: Jumpluff|Rage Powder|p1b: Jumpluff\n|-singleturn|p1b: Jumpluff|move: Rage Powder\n|move|p2b: Kyogre|Water Spout|p1a: Groudon|[spread] p1a,p1b\n|-supereffective|p1a: Groudon\n|-resisted|p1b: Jumpluff\n|-damage|p1a: Groudon|31/100\n|-damage|p1b: Jumpluff|14/100\n|move|p1a: Groudon|Swords Dance|p1a: Groudon\n|-boost|p1a: Groudon|atk|2\n|\n|-weather|SunnyDay|[upkeep]\n|upkeep\n|turn|7\n|\n|t:|1745989425\n|move|p1b: Jumpluff|Tailwind|p1b: Jumpluff\n|-sidestart|p1: Leezh|move: Tailwind\n|move|p1a: Groudon|High Horsepower|p2b: Kyogre\n|-damage|p2b: Kyogre|0 fnt\n|faint|p2b: Kyogre\n|\n|win|Leezh\n||poke E mawn is ready for game 2.\n|inactive|Leezh has 30 seconds to confirm battle start!\n||Leezh is ready for game 2.\n|uhtml|next|Next: <a href=\"/battle-gen9vgc2025regibo3-2353726449\"><strong>Game 2 of 3</strong></a>\n", "uploadtime": 1745989781, "views": 6, "formatid": "gen9vgc2025regibo3", "rating": null, "private": 0, "password": null}