{"id": "gen9vgc2025regibo3-2354139641", "format": "[Gen 9] VGC 2025 Reg I (Bo3)", "players": ["Yashi the second", "migolazo04"], "log": "|j|\u2606Yashi the second\n|j|\u2606migolazo04\n|html|<table width=\"100%\"><tr><td align=\"left\">Yashi the second</td><td align=\"right\">migolazo04</tr><tr><td align=\"left\"><i class=\"fa fa-circle\"></i> <i class=\"fa fa-circle-o\"></i> </td><td align=\"right\"><i class=\"fa fa-circle-o\"></i> <i class=\"fa fa-circle-o\"></i> </tr></table>\n|uhtml|bestof|<h2><strong>Game 2</strong> of <a href=\"/game-bestof3-gen9vgc2025regibo3-2354137731\">a best-of-3</a></h2>\n|t:|1746038260\n|gametype|doubles\n|player|p1|Yashi the second|caitlin-masters|1036\n|player|p2|migolazo04|170|1122\n|teamsize|p1|6\n|teamsize|p2|6\n|gen|9\n|tier|[Gen 9] VGC 2025 Reg I (Bo3)\n|rated|\n|rule|Species Clause: Limit one of each Pok\u00e9mon\n|rule|Item Clause: Limit 1 of each item\n|clearpoke\n|poke|p1|Zamazenta-*, L50|\n|poke|p1|Rayquaza, L50|\n|poke|p1|Chien-Pao, L50|\n|poke|p1|Flutter Mane, L50|\n|poke|p1|Rillaboom, L50, M|\n|poke|p1|Volcarona, L50, F|\n|poke|p2|Zamazenta-*, L50|\n|poke|p2|Calyrex-Shadow, L50|\n|poke|p2|Incineroar, L50, M|\n|poke|p2|Rillaboom, L50, M|\n|poke|p2|Urshifu-*, L50, M|\n|poke|p2|Tornadus, L50, M|\n|teampreview|4\n|showteam|p1|Zamazenta-Crowned||RustedShield|DauntlessShield|BodyPress,WideGuard,HeavySlam,Protect||||||50|,,,,,Grass]Rayquaza||ClearAmulet|AirLock|DragonAscent,SwordsDance,ExtremeSpeed,Protect||||||50|,,,,,Normal]Chien-Pao||FocusSash|SwordofRuin|IcicleCrash,SuckerPunch,ThroatChop,Protect||||||50|,,,,,Ghost]Flutter Mane||BoosterEnergy|Protosynthesis|IcyWind,Moonblast,ShadowBall,Protect||||||50|,,,,,Fairy]Rillaboom||AssaultVest|GrassySurge|GrassyGlide,WoodHammer,HighHorsepower,FakeOut|||M|||50|,,,,,Fire]Volcarona||SafetyGoggles|FlameBody|Overheat,Tailwind,RagePowder,WillOWisp|||F|||50|,,,,,Water\n|showteam|p2|Zamazenta-Crowned||RustedShield|DauntlessShield|BodyPress,HeavySlam,WideGuard,Protect||||||50|,,,,,Dragon]Calyrex-Shadow||LifeOrb|AsOneSpectrier|AstralBarrage,Psychic,NastyPlot,Protect||||||50|,,,,,Dark]Incineroar||RockyHelmet|Intimidate|FakeOut,KnockOff,HelpingHand,PartingShot|||M|||50|,,,,,Bug]Rillaboom||AssaultVest|GrassySurge|FakeOut,WoodHammer,GrassyGlide,Uturn|||M|||50|,,,,,Water]Urshifu-Rapid-Strike||ChoiceScarf|UnseenFist|SurgingStrikes,CloseCombat,AquaJet,Uturn|||M|||50|,,,,,Water]Tornadus||CovertCloak|Prankster|BleakwindStorm,Taunt,RainDance,Tailwind|||M|||50|,,,,,Dark\n|\n|t:|1746038287\n|start\n|switch|p1a: Volcarona|Volcarona, L50, F|100/100\n|switch|p1b: Chien-Pao|Chien-Pao, L50|100/100\n|switch|p2a: Zamazenta|Zamazenta-Crowned, L50|100/100\n|switch|p2b: Calyrex|Calyrex-Shadow, L50|100/100\n|-ability|p2b: Calyrex|As One\n|-ability|p2b: Calyrex|Unnerve\n|-ability|p1b: Chien-Pao|Sword of Ruin\n|-ability|p2a: Zamazenta|Dauntless Shield|boost\n|-boost|p2a: Zamazenta|def|1\n|turn|1\n|inactive|Battle timer is ON: inactive players will automatically lose when time's up. (requested by Yashi the second)\n|inactive|migolazo04 has 60 seconds left.\n|\n|t:|1746038366\n|move|p1b: Chien-Pao|Sucker Punch||[still]\n|-fail|p1b: Chien-Pao\n|move|p2b: Calyrex|Nasty Plot|p2b: Calyrex\n|-boost|p2b: Calyrex|spa|2\n|move|p2a: Zamazenta|Heavy Slam|p1b: Chien-Pao\n|-supereffective|p1b: Chien-Pao\n|-enditem|p1b: Chien-Pao|Focus Sash\n|-damage|p1b: Chien-Pao|1/100\n|move|p1a: Volcarona|Will-O-Wisp|p2a: Zamazenta\n|-status|p2a: Zamazenta|brn\n|\n|-damage|p2a: Zamazenta|94/100 brn|[from] brn\n|upkeep\n|turn|2\n|inactive|Yashi the second has 30 seconds left.\n|inactive|migolazo04 has 30 seconds left.\n|inactive|Yashi the second has 20 seconds left.\n|inactive|migolazo04 has 20 seconds left.\n|inactive|migolazo04 has 15 seconds left.\n|\n|t:|1746038409\n|move|p2b: Calyrex|Protect|p2b: Calyrex\n|-singleturn|p2b: Calyrex|Protect\n|move|p1b: Chien-Pao|Protect|p1b: Chien-Pao\n|-singleturn|p1b: Chien-Pao|Protect\n|move|p2a: Zamazenta|Heavy Slam|p1b: Chien-Pao\n|-activate|p1b: Chien-Pao|move: Protect\n|move|p1a: Volcarona|Tailwind|p1a: Volcarona\n|-sidestart|p1: Yashi the second|move: Tailwind\n|\n|-damage|p2a: Zamazenta|88/100 brn|[from] brn\n|upkeep\n|turn|3\n|inactive|migolazo04 has 30 seconds left.\n|inactive|Yashi the second has 30 seconds left.\n|inactive|migolazo04 has 20 seconds left.\n|inactive|Yashi the second has 20 seconds left.\n|inactive|migolazo04 has 15 seconds left.\n|\n|t:|1746038450\n|switch|p1b: Zamazenta|Zamazenta-Crowned, L50|100/100\n|-ability|p1b: Zamazenta|Dauntless Shield|boost\n|-boost|p1b: Zamazenta|def|1\n|switch|p2b: Incineroar|Incineroar, L50, M|100/100\n|-ability|p2b: Incineroar|Intimidate|boost\n|-unboost|p1a: Volcarona|atk|1\n|-unboost|p1b: Zamazenta|atk|1\n|move|p2a: Zamazenta|Protect|p2a: Zamazenta\n|-singleturn|p2a: Zamazenta|Protect\n|move|p1a: Volcarona|Overheat|p2a: Zamazenta\n|-activate|p2a: Zamazenta|move: Protect\n|\n|-damage|p2a: Zamazenta|82/100 brn|[from] brn\n|upkeep\n|turn|4\n|inactive|migolazo04 has 30 seconds left.\n|inactive|migolazo04 has 20 seconds left.\n|inactive|migolazo04 has 15 seconds left.\n|inactive|migolazo04 has 10 seconds left.\n|inactive|migolazo04 has 5 seconds left.\n|\n|t:|1746038503\n|move|p1b: Zamazenta|Body Press|p2a: Zamazenta\n|-supereffective|p2a: Zamazenta\n|-damage|p2a: Zamazenta|27/100 brn\n|move|p1a: Volcarona|Overheat|p2a: Zamazenta|[miss]\n|-miss|p1a: Volcarona|p2a: Zamazenta\n|move|p2a: Zamazenta|Body Press|p1b: Zamazenta\n|-supereffective|p1b: Zamazenta\n|-damage|p1b: Zamazenta|71/100\n|move|p2b: Incineroar|Parting Shot|p1b: Zamazenta\n|-unboost|p1b: Zamazenta|atk|1\n|-unboost|p1b: Zamazenta|spa|1\n|\n|t:|1746038517\n|switch|p2b: Rillaboom|Rillaboom, L50, M|100/100|[from] Parting Shot\n|-fieldstart|move: Grassy Terrain|[from] ability: Grassy Surge|[of] p2b: Rillaboom\n|\n|-heal|p1b: Zamazenta|78/100|[from] Grassy Terrain\n|-heal|p2a: Zamazenta|33/100 brn|[from] Grassy Terrain\n|-damage|p2a: Zamazenta|27/100 brn|[from] brn\n|upkeep\n|turn|5\n|inactive|migolazo04 has 30 seconds left.\n|inactive|migolazo04 has 20 seconds left.\n|inactive|migolazo04 has 15 seconds left.\n|\n|t:|1746038563\n|move|p1b: Zamazenta|Body Press|p2a: Zamazenta\n|-supereffective|p2a: Zamazenta\n|-damage|p2a: Zamazenta|0 fnt\n|faint|p2a: Zamazenta\n|move|p1a: Volcarona|Will-O-Wisp|p2b: Rillaboom\n|-status|p2b: Rillaboom|brn\n|move|p2b: Rillaboom|U-turn|p1b: Zamazenta\n|-resisted|p1b: Zamazenta\n|-damage|p1b: Zamazenta|76/100\n|\n|t:|1746038572\n|switch|p2b: Calyrex|Calyrex-Shadow, L50|100/100|[from] U-turn\n|-ability|p2b: Calyrex|As One\n|-ability|p2b: Calyrex|Unnerve\n|\n|-heal|p1b: Zamazenta|83/100|[from] Grassy Terrain\n|-sideend|p1: Yashi the second|move: Tailwind\n|upkeep\n|\n|t:|1746038580\n|switch|p2a: Incineroar|Incineroar, L50, M|100/100\n|-ability|p2a: Incineroar|Intimidate|boost\n|-unboost|p1a: Volcarona|atk|1\n|-unboost|p1b: Zamazenta|atk|1\n|turn|6\n|inactive|migolazo04 has 30 seconds left.\n|inactive|migolazo04 has 20 seconds left.\n|\n|t:|1746038616\n|move|p1b: Zamazenta|Wide Guard|p1b: Zamazenta\n|-singleturn|p1b: Zamazenta|Wide Guard\n|move|p2a: Incineroar|Fake Out|p1a: Volcarona\n|-damage|p1a: Volcarona|87/100\n|move|p2b: Calyrex|Psychic|p1a: Volcarona\n|-damage|p1a: Volcarona|32/100\n|-unboost|p1a: Volcarona|spd|1\n|-damage|p2b: Calyrex|91/100|[from] item: Life Orb\n|cant|p1a: Volcarona|flinch\n|\n|-heal|p2b: Calyrex|97/100|[from] Grassy Terrain\n|-heal|p1b: Zamazenta|89/100|[from] Grassy Terrain\n|-heal|p1a: Volcarona|38/100|[from] Grassy Terrain\n|upkeep\n|turn|7\n|inactive|Yashi the second has 30 seconds left.\n|inactive|migolazo04 has 30 seconds left.\n|\n|t:|1746038648\n|switch|p1a: Chien-Pao|Chien-Pao, L50|1/100\n|-ability|p1a: Chien-Pao|Sword of Ruin\n|move|p2a: Incineroar|Helping Hand|p2b: Calyrex\n|-singleturn|p2b: Calyrex|Helping Hand|[of] p2a: Incineroar\n|move|p1b: Zamazenta|Wide Guard|p1b: Zamazenta\n|-singleturn|p1b: Zamazenta|Wide Guard\n|move|p2b: Calyrex|Astral Barrage|p1b: Zamazenta|[spread] \n|-activate|p1a: Chien-Pao|move: Wide Guard\n|-activate|p1b: Zamazenta|move: Wide Guard\n|\n|-heal|p2b: Calyrex|100/100|[from] Grassy Terrain\n|-heal|p1a: Chien-Pao|7/100|[from] Grassy Terrain\n|-heal|p1b: Zamazenta|95/100|[from] Grassy Terrain\n|upkeep\n|turn|8\n|inactive|migolazo04 has 30 seconds left.\n|inactive|migolazo04 has 20 seconds left.\n|inactive|migolazo04 has 15 seconds left.\n|\n|t:|1746038690\n|switch|p2a: Rillaboom|Rillaboom, L50, M|100/100 brn\n|move|p2b: Calyrex|Protect|p2b: Calyrex\n|-singleturn|p2b: Calyrex|Protect\n|move|p1a: Chien-Pao|Sucker Punch||[still]\n|-fail|p1a: Chien-Pao\n|move|p1b: Zamazenta|Body Press|p2a: Rillaboom\n|-damage|p2a: Rillaboom|13/100 brn\n|\n|-heal|p1a: Chien-Pao|13/100|[from] Grassy Terrain\n|-heal|p1b: Zamazenta|100/100|[from] Grassy Terrain\n|-heal|p2a: Rillaboom|19/100 brn|[from] Grassy Terrain\n|-damage|p2a: Rillaboom|13/100 brn|[from] brn\n|-fieldend|move: Grassy Terrain\n|upkeep\n|turn|9\n|\n|t:|1746038714\n|-terastallize|p1a: Chien-Pao|Ghost\n|move|p2a: Rillaboom|Fake Out|p1b: Zamazenta\n|-resisted|p1b: Zamazenta\n|-damage|p1b: Zamazenta|99/100\n|move|p1a: Chien-Pao|Sucker Punch||[still]\n|-fail|p1a: Chien-Pao\n|move|p2b: Calyrex|Nasty Plot|p2b: Calyrex\n|-boost|p2b: Calyrex|spa|2\n|cant|p1b: Zamazenta|flinch\n|\n|-damage|p2a: Rillaboom|7/100 brn|[from] brn\n|upkeep\n|turn|10\n|inactive|Yashi the second has 30 seconds left.\n|inactive|Yashi the second has 20 seconds left.\n|inactive|migolazo04 has 30 seconds left.\n|inactive|Yashi the second has 15 seconds left.\n|\n|t:|1746038760\n|switch|p1a: Rayquaza|Rayquaza, L50, shiny|100/100\n|-ability|p1a: Rayquaza|Air Lock\n|move|p2b: Calyrex|Protect|p2b: Calyrex\n|-singleturn|p2b: Calyrex|Protect\n|move|p1b: Zamazenta|Body Press|p2a: Rillaboom\n|-damage|p2a: Rillaboom|0 fnt\n|faint|p2a: Rillaboom\n|\n|upkeep\n|\n|t:|1746038770\n|switch|p2a: Incineroar|Incineroar, L50, M|100/100\n|-ability|p2a: Incineroar|Intimidate|boost\n|-fail|p1a: Rayquaza|unboost|[from] item: Clear Amulet|[of] p1a: Rayquaza\n|-unboost|p1b: Zamazenta|atk|1\n|turn|11\n|inactive|migolazo04 has 30 seconds left.\n|inactive|migolazo04 has 20 seconds left.\n|\n|t:|1746038805\n|move|p2a: Incineroar|Fake Out|p1a: Rayquaza\n|-damage|p1a: Rayquaza|90/100\n|move|p2b: Calyrex|Psychic|p1a: Rayquaza\n|-damage|p1a: Rayquaza|0 fnt\n|faint|p1a: Rayquaza\n|-ability|p2b: Calyrex|Grim Neigh|boost\n|-boost|p2b: Calyrex|spa|1\n|-damage|p2b: Calyrex|91/100|[from] item: Life Orb\n|move|p1b: Zamazenta|Body Press|p2a: Incineroar\n|-supereffective|p2a: Incineroar\n|-damage|p2a: Incineroar|2/100\n|-damage|p1b: Zamazenta|83/100|[from] item: Rocky Helmet|[of] p2a: Incineroar\n|\n|upkeep\n|inactive|migolazo04 has 30 seconds left this turn.\n|\n|t:|1746038816\n|switch|p1a: Chien-Pao|Chien-Pao, L50, tera:Ghost|13/100\n|-ability|p1a: Chien-Pao|Sword of Ruin\n|turn|12\n|inactive|migolazo04 has 30 seconds left this turn.\n|inactive|migolazo04 has 20 seconds left.\n|inactive|migolazo04 has 15 seconds left.\n|inactive|migolazo04 has 10 seconds left.\n|inactive|migolazo04 has 5 seconds left.\n|\n|t:|1746038842\n|move|p2b: Calyrex|Protect|p2b: Calyrex\n|-singleturn|p2b: Calyrex|Protect\n|move|p1a: Chien-Pao|Protect|p1a: Chien-Pao\n|-singleturn|p1a: Chien-Pao|Protect\n|move|p1b: Zamazenta|Body Press|p2a: Incineroar\n|-supereffective|p2a: Incineroar\n|-damage|p2a: Incineroar|0 fnt\n|-damage|p1b: Zamazenta|66/100|[from] item: Rocky Helmet|[of] p2a: Incineroar\n|faint|p2a: Incineroar\n|\n|upkeep\n|turn|13\n|inactive|migolazo04 has 5 seconds left this turn.\n|-message|migolazo04 lost due to inactivity.\n|\n|win|Yashi the second\n|raw|Yashi the second's rating: 1036 &rarr; <strong>1079</strong><br />(+43 for winning)\n|raw|migolazo04's rating: 1122 &rarr; <strong>1091</strong><br />(-31 for losing)\n", "uploadtime": 1746038878, "views": 12, "formatid": "gen9vgc2025regibo3", "rating": 1079, "private": 0, "password": null}