{"id": "gen9vgc2025regibo3-2354516029", "format": "[Gen 9] VGC 2025 Reg I (Bo3)", "players": ["Ishtype", "getsigilyph"], "log": "|j|\u2606Ishtype\n|j|\u2606getsigilyph\n|html|<table width=\"100%\"><tr><td align=\"left\">Ishtype</td><td align=\"right\">getsigilyph</tr><tr><td align=\"left\"><i class=\"fa fa-circle-o\"></i> <i class=\"fa fa-circle-o\"></i> </td><td align=\"right\"><i class=\"fa fa-circle-o\"></i> <i class=\"fa fa-circle-o\"></i> </tr></table>\n|uhtml|bestof|<h2><strong>Game 1</strong> of <a href=\"/game-bestof3-gen9vgc2025regibo3-2354516028\">a best-of-3</a></h2>\n|t:|1746085845\n|gametype|doubles\n|player|p1|Ishtype|cynthia-gen4|1081\n|player|p2|getsigilyph|265|1022\n|teamsize|p1|6\n|teamsize|p2|6\n|gen|9\n|tier|[Gen 9] VGC 2025 Reg I (Bo3)\n|rated|\n|rule|Species Clause: Limit one of each Pok\u00e9mon\n|rule|Item Clause: Limit 1 of each item\n|clearpoke\n|poke|p1|Incineroar, L50, F|\n|poke|p1|Rillaboom, L50, M|\n|poke|p1|Tornadus, L50, M|\n|poke|p1|Ogerpon-Wellspring, L50, F|\n|poke|p1|Calyrex-Ice, L50|\n|poke|p1|Terapagos, L50, M|\n|poke|p2|Groudon, L50|\n|poke|p2|Incineroar, L50, F|\n|poke|p2|Jumpluff, L50, F|\n|poke|p2|Raging Bolt, L50|\n|poke|p2|Lunala, L50|\n|poke|p2|Ogerpon-Hearthflame, L50, F|\n|teampreview|4\n|showteam|p1|Incineroar||SitrusBerry|Intimidate|KnockOff,FakeOut,Taunt,FlareBlitz|||F|||50|,,,,,Ghost]Rillaboom||AssaultVest|GrassySurge|WoodHammer,FakeOut,Uturn,HighHorsepower|||M|||50|,,,,,Fire]Tornadus||CovertCloak|Prankster|Taunt,BleakwindStorm,RainDance,Protect|||M|||50|,,,,,Dark]Ogerpon-Wellspring||WellspringMask|WaterAbsorb|FollowMe,IvyCudgel,HornLeech,SpikyShield|||F|||50|,,,,,Water]Calyrex-Ice||ClearAmulet|AsOneGlastrier|TrickRoom,GlacialLance,CloseCombat,Protect||||||50|,,,,,Fire]Terapagos||Leftovers|TeraShift|CalmMind,EarthPower,TeraStarstorm,Protect|||M|||50|,,,,,Stellar\n|showteam|p2|Groudon||ClearAmulet|Drought|PrecipiceBlades,SwordsDance,Protect,HeatCrash||||||50|,,,,,Fire]Incineroar||RockyHelmet|Intimidate|FakeOut,KnockOff,FlareBlitz,PartingShot|||F|||50|,,,,,Bug]Jumpluff||CovertCloak|Chlorophyll|Tailwind,Encore,SleepPowder,RagePowder|||F|||50|,,,,,Dark]Raging Bolt||AssaultVest|Protosynthesis|Thunderclap,DracoMeteor,Electroweb,Thunderbolt||||||50|,,,,,Fairy]Lunala||Leftovers|ShadowShield|MoongeistBeam,Moonblast,CalmMind,Protect||||||50|,,,,,Fairy]Ogerpon-Hearthflame||HearthflameMask|MoldBreaker|IvyCudgel,SpikyShield,FollowMe,HornLeech|||F|||50|,,,,,Fire\n|inactive|Battle timer is ON: inactive players will automatically lose when time's up. (requested by Ishtype)\n|inactive|Ishtype has 60 seconds left.\n|\n|t:|1746085885\n|start\n|switch|p1a: Tornadus|Tornadus, L50, M|100/100\n|switch|p1b: Ogerpon|Ogerpon-Wellspring, L50, F|100/100\n|switch|p2a: Gillete|Groudon, L50|100/100\n|switch|p2b: Sogeking|Ogerpon-Hearthflame, L50, F|100/100\n|-ability|p2b: Sogeking|Mold Breaker\n|-weather|SunnyDay|[from] ability: Drought|[of] p2a: Gillete\n|turn|1\n|inactive|Ishtype has 30 seconds left.\n|inactive|getsigilyph has 30 seconds left.\n|\n|t:|1746085917\n|switch|p2a: Mr. 4|Raging Bolt, L50|100/100\n|-activate|p2a: Mr. 4|ability: Protosynthesis\n|-start|p2a: Mr. 4|protosynthesisspa\n|move|p1a: Tornadus|Rain Dance|p1a: Tornadus\n|-weather|RainDance\n|-end|p2a: Mr. 4|Protosynthesis\n|move|p2b: Sogeking|Horn Leech|p1b: Ogerpon\n|-damage|p1b: Ogerpon|61/100\n|move|p1b: Ogerpon|Ivy Cudgel|p2a: Mr. 4|[anim] Ivy Cudgel Water\n|-resisted|p2a: Mr. 4\n|-damage|p2a: Mr. 4|72/100\n|\n|-weather|RainDance|[upkeep]\n|upkeep\n|turn|2\n|\n|t:|1746085942\n|switch|p1a: Terapagos|Terapagos, L50, M|100/100\n|-activate|p1a: Terapagos|ability: Tera Shift\n|detailschange|p1a: Terapagos|Terapagos-Terastal, L50, M\n|-heal|p1a: Terapagos|100/100|[silent]\n|move|p1b: Ogerpon|Spiky Shield|p1b: Ogerpon\n|-singleturn|p1b: Ogerpon|move: Protect\n|move|p2b: Sogeking|Ivy Cudgel|p1a: Terapagos|[anim] Ivy Cudgel Fire\n|-damage|p1a: Terapagos|81/100\n|move|p2a: Mr. 4|Electroweb|p1b: Ogerpon|[spread] p1a\n|-activate|p1b: Ogerpon|move: Protect\n|-damage|p1a: Terapagos|63/100\n|-unboost|p1a: Terapagos|spe|1\n|\n|-weather|RainDance|[upkeep]\n|-heal|p1a: Terapagos|69/100|[from] item: Leftovers\n|upkeep\n|turn|3\n|inactive|getsigilyph has 30 seconds left.\n|inactive|getsigilyph has 20 seconds left.\n|\n|t:|1746085979\n|move|p1b: Ogerpon|Follow Me|p1b: Ogerpon\n|-singleturn|p1b: Ogerpon|move: Follow Me\n|move|p2b: Sogeking|Horn Leech|p1b: Ogerpon\n|-damage|p1b: Ogerpon|25/100\n|move|p2a: Mr. 4|Electroweb|p1a: Terapagos|[spread] p1a,p1b\n|-damage|p1a: Terapagos|52/100\n|-damage|p1b: Ogerpon|5/100\n|-unboost|p1a: Terapagos|spe|1\n|-unboost|p1b: Ogerpon|spe|1\n|move|p1a: Terapagos|Calm Mind|p1a: Terapagos\n|-boost|p1a: Terapagos|spa|1\n|-boost|p1a: Terapagos|spd|1\n|\n|-weather|RainDance|[upkeep]\n|-heal|p1a: Terapagos|57/100|[from] item: Leftovers\n|upkeep\n|turn|4\n|inactive|Ishtype has 30 seconds left.\n|\n|t:|1746086005\n|-terastallize|p1a: Terapagos|Stellar\n|detailschange|p1a: Terapagos|Terapagos-Stellar, L50, M, tera:Stellar\n|-heal|p1a: Terapagos|69/100|[silent]\n|-ability|p1a: Terapagos|Teraform Zero\n|-weather|none\n|move|p1b: Ogerpon|Follow Me|p1b: Ogerpon\n|-singleturn|p1b: Ogerpon|move: Follow Me\n|move|p2b: Sogeking|Horn Leech|p1b: Ogerpon\n|-damage|p1b: Ogerpon|0 fnt\n|faint|p1b: Ogerpon\n|move|p2a: Mr. 4|Draco Meteor|p1a: Terapagos|[miss]\n|-miss|p2a: Mr. 4|p1a: Terapagos\n|move|p1a: Terapagos|Tera Starstorm|p2a: Mr. 4|[spread] p2a,p2b\n|-damage|p2a: Mr. 4|45/100\n|-damage|p2b: Sogeking|50/100\n|\n|-heal|p1a: Terapagos|75/100|[from] item: Leftovers\n|upkeep\n|\n|t:|1746086029\n|switch|p1b: Calyrex|Calyrex-Ice, L50|100/100\n|-ability|p1b: Calyrex|As One\n|-ability|p1b: Calyrex|Unnerve\n|turn|5\n|\n|t:|1746086038\n|-terastallize|p2b: Sogeking|Fire\n|detailschange|p2b: Sogeking|Ogerpon-Hearthflame-Tera, L50, F, tera:Fire\n|-ability|p2b: Sogeking|Embody Aspect (Hearthflame)|boost\n|-boost|p2b: Sogeking|atk|1\n|move|p1a: Terapagos|Protect|p1a: Terapagos\n|-singleturn|p1a: Terapagos|Protect\n|move|p2b: Sogeking|Ivy Cudgel|p1b: Calyrex|[anim] Ivy Cudgel Fire\n|-supereffective|p1b: Calyrex\n|-damage|p1b: Calyrex|0 fnt\n|faint|p1b: Calyrex\n|move|p2a: Mr. 4|Electroweb|p1a: Terapagos\n|-activate|p1a: Terapagos|move: Protect\n|\n|-heal|p1a: Terapagos|81/100|[from] item: Leftovers\n|upkeep\n|\n|t:|1746086054\n|switch|p1b: Tornadus|Tornadus, L50, M|100/100\n|turn|6\n|\n|t:|1746086069\n|move|p1b: Tornadus|Rain Dance|p1b: Tornadus\n|-weather|RainDance\n|move|p2b: Sogeking|Ivy Cudgel|p1a: Terapagos|[anim] Ivy Cudgel Fire\n|-damage|p1a: Terapagos|46/100\n|move|p2a: Mr. 4|Thunderbolt|p1a: Terapagos\n|-damage|p1a: Terapagos|27/100\n|-status|p1a: Terapagos|par\n|move|p1a: Terapagos|Tera Starstorm|p2a: Mr. 4|[spread] p2a,p2b\n|-supereffective|p2b: Sogeking\n|-damage|p2a: Mr. 4|16/100\n|-damage|p2b: Sogeking|0 fnt\n|faint|p2b: Sogeking\n|\n|-weather|RainDance|[upkeep]\n|-heal|p1a: Terapagos|33/100 par|[from] item: Leftovers\n|upkeep\n|\n|t:|1746086083\n|switch|p2b: Lunala|Lunala, L50|100/100\n|turn|7\n|\n|t:|1746086089\n|move|p1a: Terapagos|Protect|p1a: Terapagos\n|-singleturn|p1a: Terapagos|Protect\n|move|p2a: Mr. 4|Thunderclap||[still]\n|-fail|p2a: Mr. 4\n|move|p2b: Lunala|Moonblast|p1a: Terapagos\n|-activate|p1a: Terapagos|move: Protect\n|move|p1b: Tornadus|Bleakwind Storm|p2b: Lunala|[spread] p2a,p2b\n|-resisted|p2a: Mr. 4\n|-crit|p2a: Mr. 4\n|-damage|p2a: Mr. 4|4/100\n|-damage|p2b: Lunala|89/100\n|\n|-weather|RainDance|[upkeep]\n|-heal|p2b: Lunala|95/100|[from] item: Leftovers\n|-heal|p1a: Terapagos|39/100 par|[from] item: Leftovers\n|upkeep\n|turn|8\n|\n|t:|1746086108\n|move|p2b: Lunala|Protect|p2b: Lunala\n|-singleturn|p2b: Lunala|Protect\n|move|p1b: Tornadus|Bleakwind Storm|p2b: Lunala|[spread] p2a\n|-activate|p2b: Lunala|move: Protect\n|-resisted|p2a: Mr. 4\n|-damage|p2a: Mr. 4|0 fnt\n|faint|p2a: Mr. 4\n|-end|p2a: Mr. 4|Protosynthesis|[silent]\n|move|p1a: Terapagos|Tera Starstorm|p2b: Lunala\n|-activate|p2b: Lunala|move: Protect\n|\n|-weather|RainDance|[upkeep]\n|-heal|p2b: Lunala|100/100|[from] item: Leftovers\n|-heal|p1a: Terapagos|45/100 par|[from] item: Leftovers\n|upkeep\n|\n|t:|1746086113\n|switch|p2a: Gillete|Groudon, L50|100/100\n|-weather|SunnyDay|[from] ability: Drought|[of] p2a: Gillete\n|turn|9\n|\n|t:|1746086126\n|move|p1b: Tornadus|Rain Dance|p1b: Tornadus\n|-weather|RainDance\n|move|p2b: Lunala|Moonblast|p1b: Tornadus\n|-damage|p1b: Tornadus|70/100\n|move|p2a: Gillete|Heat Crash|p1a: Terapagos\n|-damage|p1a: Terapagos|32/100 par\n|cant|p1a: Terapagos|par\n|\n|-weather|RainDance|[upkeep]\n|-heal|p1a: Terapagos|38/100 par|[from] item: Leftovers\n|upkeep\n|turn|10\n|\n|t:|1746086147\n|move|p1b: Tornadus|Taunt|p2b: Lunala\n|-start|p2b: Lunala|move: Taunt\n|move|p2b: Lunala|Moonblast|p1a: Terapagos\n|-damage|p1a: Terapagos|25/100 par\n|-unboost|p1a: Terapagos|spa|1\n|move|p2a: Gillete|Heat Crash|p1a: Terapagos\n|-damage|p1a: Terapagos|12/100 par\n|cant|p1a: Terapagos|par\n|\n|-weather|RainDance|[upkeep]\n|-heal|p1a: Terapagos|18/100 par|[from] item: Leftovers\n|upkeep\n|turn|11\n|\n|t:|1746086167\n|move|p1a: Terapagos|Protect|p1a: Terapagos\n|-singleturn|p1a: Terapagos|Protect\n|move|p2b: Lunala|Moonblast|p1a: Terapagos\n|-activate|p1a: Terapagos|move: Protect\n|move|p1b: Tornadus|Bleakwind Storm|p2a: Gillete|[spread] p2a,p2b\n|-damage|p2a: Gillete|74/100\n|-damage|p2b: Lunala|90/100\n|-unboost|p2b: Lunala|spe|1\n|move|p2a: Gillete|Heat Crash|p1a: Terapagos\n|-activate|p1a: Terapagos|move: Protect\n|\n|-weather|RainDance|[upkeep]\n|-heal|p2b: Lunala|96/100|[from] item: Leftovers\n|-heal|p1a: Terapagos|24/100 par|[from] item: Leftovers\n|upkeep\n|turn|12\n|\n|t:|1746086186\n|move|p1b: Tornadus|Bleakwind Storm|p2b: Lunala|[spread] p2a,p2b\n|-damage|p2a: Gillete|46/100\n|-damage|p2b: Lunala|73/100\n|move|p2a: Gillete|Heat Crash|p1a: Terapagos\n|-damage|p1a: Terapagos|11/100 par\n|move|p2b: Lunala|Moonblast|p1a: Terapagos\n|-damage|p1a: Terapagos|0 fnt\n|faint|p1a: Terapagos\n|\n|-weather|RainDance|[upkeep]\n|-heal|p2b: Lunala|79/100|[from] item: Leftovers\n|-end|p2b: Lunala|move: Taunt\n|upkeep\n|turn|13\n|\n|t:|1746086201\n|move|p1b: Tornadus|Bleakwind Storm|p2b: Lunala|[spread] p2a,p2b\n|-damage|p2a: Gillete|22/100\n|-damage|p2b: Lunala|54/100\n|move|p2a: Gillete|Heat Crash|p1b: Tornadus\n|-damage|p1b: Tornadus|44/100\n|move|p2b: Lunala|Moonblast|p1b: Tornadus\n|-damage|p1b: Tornadus|14/100\n|\n|-weather|none\n|-heal|p2b: Lunala|60/100|[from] item: Leftovers\n|upkeep\n|turn|14\n|\n|t:|1746086214\n|move|p1b: Tornadus|Bleakwind Storm|p2b: Lunala|[spread] p2a\n|-miss|p1b: Tornadus|p2b: Lunala\n|-damage|p2a: Gillete|0 fnt\n|faint|p2a: Gillete\n|move|p2b: Lunala|Moonblast|p1b: Tornadus\n|-damage|p1b: Tornadus|0 fnt\n|faint|p1b: Tornadus\n|\n|win|getsigilyph\n||getsigilyph is ready for game 2.\n|inactive|Ishtype has 30 seconds to confirm battle start!\n||Ishtype is ready for game 2.\n|uhtml|next|Next: <a href=\"/battle-gen9vgc2025regibo3-2354517863\"><strong>Game 2 of 3</strong></a>\n|l|\u2606Ishtype\n|player|p1|\n", "uploadtime": 1746086764, "views": 15, "formatid": "gen9vgc2025regibo3", "rating": null, "private": 0, "password": null}