{"id": "gen9vgc2025regibo3-2354624399", "format": "[Gen 9] VGC 2025 Reg I (Bo3)", "players": ["Tlayer4002", "elyx_1"], "log": "|j|\u2606Tlayer4002\n|j|\u2606elyx_1\n|html|<table width=\"100%\"><tr><td align=\"left\">Tlayer4002</td><td align=\"right\">elyx_1</tr><tr><td align=\"left\"><i class=\"fa fa-circle-o\"></i> <i class=\"fa fa-circle-o\"></i> </td><td align=\"right\"><i class=\"fa fa-circle-o\"></i> <i class=\"fa fa-circle-o\"></i> </tr></table>\n|uhtml|bestof|<h2><strong>Game 1</strong> of <a href=\"/game-bestof3-gen9vgc2025regibo3-2354624398\">a best-of-3</a></h2>\n|t:|1746104247\n|gametype|doubles\n|player|p1|Tlayer4002|265|1270\n|player|p2|elyx_1|169|1253\n|teamsize|p1|6\n|teamsize|p2|6\n|gen|9\n|tier|[Gen 9] VGC 2025 Reg I (Bo3)\n|rated|\n|rule|Species Clause: Limit one of each Pok\u00e9mon\n|rule|Item Clause: Limit 1 of each item\n|clearpoke\n|poke|p1|Miraidon, L50|\n|poke|p1|Ho-Oh, L50|\n|poke|p1|Farigiraf, L50, F|\n|poke|p1|Iron Hands, L50|\n|poke|p1|Iron Valiant, L50|\n|poke|p1|Ursaluna, L50, M|\n|poke|p2|Zamazenta-*, L50|\n|poke|p2|Calyrex-Shadow, L50|\n|poke|p2|Tornadus, L50, M|\n|poke|p2|Urshifu-*, L50, M|\n|poke|p2|Rillaboom, L50, M|\n|poke|p2|Chien-Pao, L50|\n|teampreview|4\n|showteam|p1|Miraidon||LifeOrb|HadronEngine|ElectroDrift,VoltSwitch,DracoMeteor,Protect||||||50|,,,,,Electric]Ho-Oh||ClearAmulet|Regenerator|SacredFire,BraveBird,Tailwind,Protect||||||50|,,,,,Grass]Farigiraf||ElectricSeed|ArmorTail|Psychic,FoulPlay,HelpingHand,TrickRoom|||F|||50|,,,,,Water]Iron Hands||AssaultVest|QuarkDrive|FakeOut,WildCharge,VoltSwitch,DrainPunch||||||50|,,,,,Bug]Iron Valiant||FocusSash|QuarkDrive|Moonblast,WideGuard,Disable,Protect||||||50|,,,,,Steel]Ursaluna||FlameOrb|Guts|Facade,HeadlongRush,Earthquake,Protect|||M|||50|,,,,,Ghost\n|showteam|p2|Zamazenta-Crowned||RustedShield|DauntlessShield|BodyPress,HeavySlam,WideGuard,Protect||||||50|,,,,,Ghost]Calyrex-Shadow||FocusSash|AsOneSpectrier|AstralBarrage,Psychic,Encore,Protect||||||50|,,,,,Ghost]Tornadus||RockyHelmet|Prankster|BleakwindStorm,Tailwind,RainDance,Protect|||M|||50|,,,,,Dark]Urshifu-Rapid-Strike||MysticWater|UnseenFist|SurgingStrikes,CloseCombat,AquaJet,Detect|||M|||50|,,,,,Water]Rillaboom||AssaultVest|GrassySurge|WoodHammer,GrassyGlide,Uturn,FakeOut|||M|||50|,,,,,Fire]Chien-Pao||LifeOrb|SwordofRuin|SuckerPunch,IceSpinner,IceShard,Protect||||||50|,,,,,Stellar\n|inactive|Battle timer is ON: inactive players will automatically lose when time's up. (requested by elyx_1)\n|inactive|elyx_1 has 60 seconds left.\n|\n|t:|1746104288\n|start\n|switch|p1a: Iron Hands|Iron Hands, L50|100/100\n|switch|p1b: Farigiraf|Farigiraf, L50, F|100/100\n|switch|p2a: Zamazenta|Zamazenta-Crowned, L50|100/100\n|switch|p2b: Chien-Pao|Chien-Pao, L50|100/100\n|-ability|p2b: Chien-Pao|Sword of Ruin\n|-ability|p2a: Zamazenta|Dauntless Shield|boost\n|-boost|p2a: Zamazenta|def|1\n|turn|1\n|j| Arkhept\n|l| Arkhept\n|\n|t:|1746104309\n|switch|p1b: Miraidon|Miraidon, L50|100/100\n|-fieldstart|move: Electric Terrain|[from] ability: Hadron Engine|[of] p1b: Miraidon\n|-activate|p1a: Iron Hands|ability: Quark Drive\n|-start|p1a: Iron Hands|quarkdriveatk\n|-terastallize|p2a: Zamazenta|Ghost\n|move|p1a: Iron Hands|Fake Out|p2b: Chien-Pao\n|-damage|p2b: Chien-Pao|73/100\n|cant|p2b: Chien-Pao|flinch\n|move|p2a: Zamazenta|Body Press|p1b: Miraidon\n|-damage|p1b: Miraidon|8/100\n|\n|upkeep\n|turn|2\n|j| Arkhept\n|\n|t:|1746104331\n|switch|p2b: Rillaboom|Rillaboom, L50, M|100/100\n|-fieldstart|move: Grassy Terrain|[from] ability: Grassy Surge|[of] p2b: Rillaboom\n|-end|p1a: Iron Hands|Quark Drive\n|move|p1b: Miraidon|Protect|p1b: Miraidon\n|-singleturn|p1b: Miraidon|Protect\n|move|p2a: Zamazenta|Body Press|p1b: Miraidon\n|-activate|p1b: Miraidon|move: Protect\n|move|p1a: Iron Hands|Drain Punch|p2b: Rillaboom\n|-damage|p2b: Rillaboom|61/100\n|\n|-heal|p1b: Miraidon|14/100|[from] Grassy Terrain\n|-heal|p2b: Rillaboom|67/100|[from] Grassy Terrain\n|upkeep\n|turn|3\n|l| Arkhept\n|\n|t:|1746104353\n|switch|p1b: Ho-Oh|Ho-Oh, L50|100/100\n|move|p2a: Zamazenta|Body Press|p1b: Ho-Oh\n|-resisted|p1b: Ho-Oh\n|-damage|p1b: Ho-Oh|67/100\n|move|p2b: Rillaboom|U-turn|p1a: Iron Hands\n|-resisted|p1a: Iron Hands\n|-damage|p1a: Iron Hands|92/100\n|\n|t:|1746104361\n|switch|p2b: Calyrex|Calyrex-Shadow, L50|100/100|[from] U-turn\n|-ability|p2b: Calyrex|As One\n|-ability|p2b: Calyrex|Unnerve\n|move|p1a: Iron Hands|Drain Punch|p2b: Calyrex\n|-immune|p2b: Calyrex\n|\n|-heal|p1a: Iron Hands|98/100|[from] Grassy Terrain\n|upkeep\n|turn|4\n|\n|t:|1746104377\n|move|p1b: Ho-Oh|Protect|p1b: Ho-Oh\n|-singleturn|p1b: Ho-Oh|Protect\n|move|p2b: Calyrex|Astral Barrage|p1b: Ho-Oh|[spread] p1a\n|-activate|p1b: Ho-Oh|move: Protect\n|-damage|p1a: Iron Hands|69/100\n|move|p2a: Zamazenta|Body Press|p1b: Ho-Oh\n|-activate|p1b: Ho-Oh|move: Protect\n|move|p1a: Iron Hands|Volt Switch|p2b: Calyrex\n|-damage|p2b: Calyrex|86/100\n|\n|t:|1746104388\n|-end|p1a: Iron Hands|Quark Drive|[silent]\n|switch|p1a: Farigiraf|Farigiraf, L50, F|100/100|[from] Volt Switch\n|\n|-heal|p2b: Calyrex|93/100|[from] Grassy Terrain\n|upkeep\n|turn|5\n|\n|t:|1746104396\n|move|p2b: Calyrex|Psychic|p1a: Farigiraf\n|-resisted|p1a: Farigiraf\n|-damage|p1a: Farigiraf|71/100\n|move|p2a: Zamazenta|Body Press|p1a: Farigiraf\n|-damage|p1a: Farigiraf|17/100\n|move|p1b: Ho-Oh|Sacred Fire|p2a: Zamazenta\n|-damage|p2a: Zamazenta|79/100\n|-status|p2a: Zamazenta|brn\n|move|p1a: Farigiraf|Foul Play|p2b: Calyrex\n|-supereffective|p2b: Calyrex\n|-damage|p2b: Calyrex|4/100\n|\n|-heal|p2b: Calyrex|10/100|[from] Grassy Terrain\n|-heal|p2a: Zamazenta|85/100 brn|[from] Grassy Terrain\n|-heal|p1a: Farigiraf|23/100|[from] Grassy Terrain\n|-damage|p2a: Zamazenta|79/100 brn|[from] brn\n|upkeep\n|turn|6\n|inactive|Tlayer4002 has 30 seconds left.\n|\n|t:|1746104426\n|move|p2b: Calyrex|Astral Barrage|p1b: Ho-Oh|[spread] p1b\n|-immune|p1a: Farigiraf\n|-crit|p1b: Ho-Oh\n|-damage|p1b: Ho-Oh|16/100\n|move|p2a: Zamazenta|Body Press|p1a: Farigiraf\n|-damage|p1a: Farigiraf|0 fnt\n|faint|p1a: Farigiraf\n|move|p1b: Ho-Oh|Brave Bird|p2b: Calyrex\n|-damage|p2b: Calyrex|0 fnt\n|faint|p2b: Calyrex\n|-damage|p1b: Ho-Oh|13/100|[from] Recoil\n|\n|-heal|p2a: Zamazenta|85/100 brn|[from] Grassy Terrain\n|-damage|p2a: Zamazenta|79/100 brn|[from] brn\n|-fieldend|move: Grassy Terrain\n|upkeep\n|\n|t:|1746104443\n|switch|p2b: Chien-Pao|Chien-Pao, L50|73/100\n|switch|p1a: Miraidon|Miraidon, L50|14/100\n|-ability|p2b: Chien-Pao|Sword of Ruin\n|-fieldstart|move: Electric Terrain|[from] ability: Hadron Engine|[of] p1a: Miraidon\n|turn|7\n|\n|t:|1746104455\n|switch|p1b: Iron Hands|Iron Hands, L50|69/100\n|-activate|p1b: Iron Hands|ability: Quark Drive\n|-start|p1b: Iron Hands|quarkdriveatk\n|move|p1a: Miraidon|Protect|p1a: Miraidon\n|-singleturn|p1a: Miraidon|Protect\n|move|p2b: Chien-Pao|Ice Spinner|p1a: Miraidon\n|-activate|p1a: Miraidon|move: Protect\n|move|p2a: Zamazenta|Body Press|p1b: Iron Hands\n|-damage|p1b: Iron Hands|34/100\n|\n|-damage|p2a: Zamazenta|73/100 brn|[from] brn\n|upkeep\n|turn|8\n|\n|t:|1746104474\n|move|p2b: Chien-Pao|Protect|p2b: Chien-Pao\n|-singleturn|p2b: Chien-Pao|Protect\n|move|p2a: Zamazenta|Protect|p2a: Zamazenta\n|-singleturn|p2a: Zamazenta|Protect\n|move|p1b: Iron Hands|Fake Out|p2b: Chien-Pao\n|-activate|p2b: Chien-Pao|move: Protect\n|move|p1a: Miraidon|Volt Switch|p2a: Zamazenta\n|-activate|p2a: Zamazenta|move: Protect\n|\n|-damage|p2a: Zamazenta|67/100 brn|[from] brn\n|upkeep\n|turn|9\n|\n|t:|1746104487\n|-terastallize|p1b: Iron Hands|Bug\n|move|p1a: Miraidon|Protect|p1a: Miraidon\n|-singleturn|p1a: Miraidon|Protect\n|move|p2b: Chien-Pao|Ice Shard|p1a: Miraidon\n|-activate|p1a: Miraidon|move: Protect\n|move|p2a: Zamazenta|Body Press|p1b: Iron Hands\n|-resisted|p1b: Iron Hands\n|-damage|p1b: Iron Hands|19/100\n|move|p1b: Iron Hands|Drain Punch|p2b: Chien-Pao\n|-supereffective|p2b: Chien-Pao\n|-damage|p2b: Chien-Pao|0 fnt\n|-heal|p1b: Iron Hands|43/100|[from] drain|[of] p2b: Chien-Pao\n|faint|p2b: Chien-Pao\n|\n|-damage|p2a: Zamazenta|61/100 brn|[from] brn\n|upkeep\n|\n|t:|1746104502\n|switch|p2b: Rillaboom|Rillaboom, L50, M|67/100\n|-fieldstart|move: Grassy Terrain|[from] ability: Grassy Surge|[of] p2b: Rillaboom\n|-end|p1b: Iron Hands|Quark Drive\n|turn|10\n|\n|t:|1746104519\n|switch|p1a: Ho-Oh|Ho-Oh, L50|47/100\n|move|p2b: Rillaboom|Grassy Glide|p1a: Ho-Oh\n|-resisted|p1a: Ho-Oh\n|-damage|p1a: Ho-Oh|39/100\n|move|p2a: Zamazenta|Body Press|p1a: Ho-Oh\n|-resisted|p1a: Ho-Oh\n|-damage|p1a: Ho-Oh|25/100\n|move|p1b: Iron Hands|Drain Punch|p2b: Rillaboom\n|-damage|p2b: Rillaboom|27/100\n|-heal|p1b: Iron Hands|60/100|[from] drain|[of] p2b: Rillaboom\n|\n|-heal|p2a: Zamazenta|67/100 brn|[from] Grassy Terrain\n|-heal|p2b: Rillaboom|33/100|[from] Grassy Terrain\n|-heal|p1b: Iron Hands|66/100|[from] Grassy Terrain\n|-damage|p2a: Zamazenta|61/100 brn|[from] brn\n|upkeep\n|turn|11\n|-message|elyx_1 forfeited.\n|\n|win|Tlayer4002\n|l|\u2606elyx_1\n|player|p2|\n||elyx_1 is ready for game 2.\n||Tlayer4002 is ready for game 2.\n|uhtml|next|Next: <a href=\"/battle-gen9vgc2025regibo3-2354626797\"><strong>Game 2 of 3</strong></a>\n|l|\u2606Tlayer4002\n|player|p1|\n", "uploadtime": 1746104803, "views": 6, "formatid": "gen9vgc2025regibo3", "rating": null, "private": 0, "password": null}