{"id": "gen9vgc2025regibo3-2353993759", "format": "[Gen 9] VGC 2025 Reg I (Bo3)", "players": ["Tlayer4002", "Yinzo"], "log": "|j|\u2606Tlayer4002\n|j|\u2606Yinzo\n|html|<table width=\"100%\"><tr><td align=\"left\">Tlayer4002</td><td align=\"right\">Yinzo</tr><tr><td align=\"left\"><i class=\"fa fa-circle-o\"></i> <i class=\"fa fa-circle-o\"></i> </td><td align=\"right\"><i class=\"fa fa-circle-o\"></i> <i class=\"fa fa-circle-o\"></i> </tr></table>\n|uhtml|bestof|<h2><strong>Game 1</strong> of <a href=\"/game-bestof3-gen9vgc2025regibo3-2353993758\">a best-of-3</a></h2>\n|t:|1746025777\n|gametype|doubles\n|player|p1|Tlayer4002|265|\n|player|p2|Yinzo|1|\n|teamsize|p1|6\n|teamsize|p2|6\n|gen|9\n|tier|[Gen 9] VGC 2025 Reg I (Bo3)\n|rule|Species Clause: Limit one of each Pok\u00e9mon\n|rule|Item Clause: Limit 1 of each item\n|clearpoke\n|poke|p1|Calyrex-Shadow, L50|\n|poke|p1|Zamazenta-*, L50|\n|poke|p1|Incineroar, L50, F|\n|poke|p1|Rillaboom, L50, F|\n|poke|p1|Urshifu-*, L50, F|\n|poke|p1|Tornadus, L50, M|\n|poke|p2|Miraidon, L50|\n|poke|p2|Calyrex-Ice, L50|\n|poke|p2|Whimsicott, L50, M|\n|poke|p2|Ogerpon-Hearthflame, L50, F|\n|poke|p2|Farigiraf, L50, M|\n|poke|p2|Urshifu-*, L50, M|\n|teampreview|4\n|showteam|p1|Calyrex-Shadow||FocusSash|AsOneSpectrier|AstralBarrage,Psychic,NastyPlot,Protect||||||50|,,,,,Ghost]Zamazenta-Crowned||RustedShield|DauntlessShield|BodyPress,HeavySlam,WideGuard,Protect||||||50|,,,,,Fire]Incineroar||RockyHelmet|Intimidate|FakeOut,FlareBlitz,KnockOff,PartingShot|||F|||50|,,,,,Bug]Rillaboom||AssaultVest|GrassySurge|FakeOut,WoodHammer,GrassyGlide,Uturn|||F|||50|,,,,,Fire]Urshifu-Rapid-Strike||ChoiceScarf|UnseenFist|SurgingStrikes,AquaJet,CloseCombat,Uturn|||F|||50|,,,,,Water]Tornadus||CovertCloak|Prankster|BleakwindStorm,Tailwind,RainDance,Taunt|||M|||50|,,,,,Dark\n|showteam|p2|Miraidon||ChoiceSpecs|HadronEngine|ElectroDrift,DracoMeteor,VoltSwitch,DazzlingGleam||||||50|,,,,,Fairy]Calyrex-Ice||IciclePlate|AsOneGlastrier|Protect,GlacialLance,HighHorsepower,TrickRoom||||||50|,,,,,Water]Whimsicott||CovertCloak|Prankster|Moonblast,Tailwind,LightScreen,Encore|||M|||50|,,,,,Dark]Ogerpon-Hearthflame||HearthflameMask|MoldBreaker|IvyCudgel,WoodHammer,FollowMe,SpikyShield|||F|||50|,,,,,Fire]Farigiraf||ElectricSeed|ArmorTail|FoulPlay,PsychicNoise,TrickRoom,HelpingHand|||M|||50|,,,,,Water]Urshifu-Rapid-Strike||ChoiceScarf|UnseenFist|SurgingStrikes,CloseCombat,Coaching,Uturn|||M|||50|,,,,,Water\n|inactive|Battle timer is ON: inactive players will automatically lose when time's up. (requested by Yinzo)\n|c|\u2606Tlayer4002|glhf!\n|c|\u2606Yinzo|danke du auch!\n|inactive|Tlayer4002 has 60 seconds left.\n|inactive|Yinzo has 60 seconds left.\n|inactive|Tlayer4002 has 30 seconds left.\n|inactive|Yinzo has 30 seconds left.\n|inactive|Tlayer4002 has 20 seconds left.\n|inactive|Yinzo has 20 seconds left.\n|inactive|Tlayer4002 has 15 seconds left.\n|\n|t:|1746025855\n|start\n|switch|p1a: Incineroar|Incineroar, L50, F|100/100\n|switch|p1b: Zamazenta|Zamazenta-Crowned, L50|100/100\n|switch|p2a: Farigiraf|Farigiraf, L50, M|100/100\n|switch|p2b: Miraidon|Miraidon, L50|100/100\n|-fieldstart|move: Electric Terrain|[from] ability: Hadron Engine|[of] p2b: Miraidon\n|-enditem|p2a: Farigiraf|Electric Seed\n|-boost|p2a: Farigiraf|def|1|[from] item: Electric Seed\n|-ability|p1b: Zamazenta|Dauntless Shield|boost\n|-boost|p1b: Zamazenta|def|1\n|-ability|p1a: Incineroar|Intimidate|boost\n|-unboost|p2a: Farigiraf|atk|1\n|-unboost|p2b: Miraidon|atk|1\n|turn|1\n|inactive|Yinzo has 30 seconds left.\n|inactive|Yinzo has 20 seconds left.\n|inactive|Yinzo has 15 seconds left.\n|inactive|Yinzo has 10 seconds left.\n|\n|t:|1746025902\n|switch|p1a: Rillaboom|Rillaboom, L50, F|100/100\n|-fieldstart|move: Grassy Terrain|[from] ability: Grassy Surge|[of] p1a: Rillaboom\n|move|p2a: Farigiraf|Helping Hand|p2b: Miraidon\n|-singleturn|p2b: Miraidon|Helping Hand|[of] p2a: Farigiraf\n|move|p2b: Miraidon|Volt Switch|p1a: Rillaboom\n|-resisted|p1a: Rillaboom\n|-damage|p1a: Rillaboom|68/100\n|\n|t:|1746025923\n|switch|p2b: Urshifu|Urshifu-Rapid-Strike, L50, M|100/100|[from] Volt Switch\n|move|p1b: Zamazenta|Body Press|p2b: Urshifu\n|-damage|p2b: Urshifu|37/100\n|\n|-heal|p2b: Urshifu|43/100|[from] Grassy Terrain\n|-heal|p1a: Rillaboom|74/100|[from] Grassy Terrain\n|upkeep\n|turn|2\n|inactive|Tlayer4002 has 30 seconds left.\n|inactive|Yinzo has 30 seconds left.\n|\n|t:|1746025952\n|switch|p1a: Incineroar|Incineroar, L50, F|100/100\n|-ability|p1a: Incineroar|Intimidate|boost\n|-unboost|p2a: Farigiraf|atk|1\n|-unboost|p2b: Urshifu|atk|1\n|move|p2a: Farigiraf|Helping Hand|p2b: Urshifu\n|-singleturn|p2b: Urshifu|Helping Hand|[of] p2a: Farigiraf\n|move|p2b: Urshifu|Surging Strikes|p1b: Zamazenta\n|-crit|p1b: Zamazenta\n|-damage|p1b: Zamazenta|79/100\n|-crit|p1b: Zamazenta\n|-damage|p1b: Zamazenta|59/100\n|-crit|p1b: Zamazenta\n|-damage|p1b: Zamazenta|41/100\n|-hitcount|p1b: Zamazenta|3\n|move|p1b: Zamazenta|Body Press|p2b: Urshifu\n|-damage|p2b: Urshifu|0 fnt\n|faint|p2b: Urshifu\n|\n|-heal|p1b: Zamazenta|47/100|[from] Grassy Terrain\n|upkeep\n|\n|t:|1746025971\n|switch|p2b: Miraidon|Miraidon, L50|100/100\n|-fieldstart|move: Electric Terrain|[from] ability: Hadron Engine|[of] p2b: Miraidon\n|turn|3\n|inactive|Yinzo has 30 seconds left.\n|\n|t:|1746026001\n|switch|p1a: Rillaboom|Rillaboom, L50, F|74/100\n|-fieldstart|move: Grassy Terrain|[from] ability: Grassy Surge|[of] p1a: Rillaboom\n|move|p2b: Miraidon|Volt Switch|p1b: Zamazenta\n|-damage|p1b: Zamazenta|9/100\n|\n|t:|1746026008\n|switch|p2b: Ogerpon|Ogerpon-Hearthflame, L50, F|100/100|[from] Volt Switch\n|-ability|p2b: Ogerpon|Mold Breaker\n|move|p1b: Zamazenta|Body Press|p2b: Ogerpon\n|-damage|p2b: Ogerpon|39/100\n|move|p2a: Farigiraf|Psychic Noise|p1b: Zamazenta\n|-damage|p1b: Zamazenta|0 fnt\n|faint|p1b: Zamazenta\n|\n|-heal|p2b: Ogerpon|45/100|[from] Grassy Terrain\n|-heal|p1a: Rillaboom|80/100|[from] Grassy Terrain\n|upkeep\n|\n|t:|1746026029\n|switch|p1b: Calyrex|Calyrex-Shadow, L50|100/100\n|-ability|p1b: Calyrex|As One\n|-ability|p1b: Calyrex|Unnerve\n|turn|4\n|\n|t:|1746026048\n|move|p2b: Ogerpon|Spiky Shield|p2b: Ogerpon\n|-singleturn|p2b: Ogerpon|move: Protect\n|move|p1b: Calyrex|Astral Barrage|p2a: Farigiraf|[spread] \n|-activate|p2b: Ogerpon|move: Protect\n|-immune|p2a: Farigiraf\n|move|p1a: Rillaboom|U-turn|p2a: Farigiraf\n|-supereffective|p2a: Farigiraf\n|-damage|p2a: Farigiraf|73/100\n|\n|t:|1746026057\n|switch|p1a: Incineroar|Incineroar, L50, F|100/100|[from] U-turn\n|-ability|p1a: Incineroar|Intimidate|boost\n|-unboost|p2a: Farigiraf|atk|1\n|-unboost|p2b: Ogerpon|atk|1\n|move|p2a: Farigiraf|Trick Room|p2a: Farigiraf\n|-fieldstart|move: Trick Room|[of] p2a: Farigiraf\n|\n|-heal|p2a: Farigiraf|79/100|[from] Grassy Terrain\n|-heal|p2b: Ogerpon|51/100|[from] Grassy Terrain\n|upkeep\n|turn|5\n|\n|t:|1746026078\n|-terastallize|p2b: Ogerpon|Fire\n|detailschange|p2b: Ogerpon|Ogerpon-Hearthflame-Tera, L50, F, tera:Fire\n|-ability|p2b: Ogerpon|Embody Aspect (Hearthflame)|boost\n|-boost|p2b: Ogerpon|atk|1\n|move|p1b: Calyrex|Protect|p1b: Calyrex\n|-singleturn|p1b: Calyrex|Protect\n|move|p1a: Incineroar|Parting Shot|p2b: Ogerpon\n|-unboost|p2b: Ogerpon|atk|1\n|-unboost|p2b: Ogerpon|spa|1\n|\n|t:|1746026086\n|switch|p1a: Rillaboom|Rillaboom, L50, F|80/100|[from] Parting Shot\n|move|p2a: Farigiraf|Foul Play|p1b: Calyrex\n|-activate|p1b: Calyrex|move: Protect\n|move|p2b: Ogerpon|Ivy Cudgel|p1a: Rillaboom|[anim] Ivy Cudgel Fire\n|-supereffective|p1a: Rillaboom\n|-damage|p1a: Rillaboom|0 fnt\n|faint|p1a: Rillaboom\n|\n|-heal|p2a: Farigiraf|85/100|[from] Grassy Terrain\n|-heal|p2b: Ogerpon|57/100|[from] Grassy Terrain\n|upkeep\n|\n|t:|1746026095\n|switch|p1a: Incineroar|Incineroar, L50, F|100/100\n|-ability|p1a: Incineroar|Intimidate|boost\n|-unboost|p2a: Farigiraf|atk|1\n|-unboost|p2b: Ogerpon|atk|1\n|turn|6\n|inactive|Tlayer4002 has 30 seconds left.\n|\n|t:|1746026123\n|move|p1a: Incineroar|Flare Blitz|p2a: Farigiraf\n|-damage|p2a: Farigiraf|54/100\n|-damage|p1a: Incineroar|89/100|[from] Recoil\n|move|p2a: Farigiraf|Foul Play|p1b: Calyrex\n|-supereffective|p1b: Calyrex\n|-damage|p1b: Calyrex|11/100\n|move|p2b: Ogerpon|Ivy Cudgel|p1b: Calyrex|[anim] Ivy Cudgel Fire\n|-damage|p1b: Calyrex|0 fnt\n|faint|p1b: Calyrex\n|\n|-heal|p1a: Incineroar|95/100|[from] Grassy Terrain\n|-heal|p2a: Farigiraf|60/100|[from] Grassy Terrain\n|-heal|p2b: Ogerpon|63/100|[from] Grassy Terrain\n|upkeep\n|turn|7\n|\n|t:|1746026142\n|move|p1a: Incineroar|Knock Off|p2a: Farigiraf\n|-supereffective|p2a: Farigiraf\n|-damage|p2a: Farigiraf|28/100\n|move|p2a: Farigiraf|Foul Play|p1a: Incineroar\n|-resisted|p1a: Incineroar\n|-damage|p1a: Incineroar|83/100\n|-damage|p2a: Farigiraf|11/100|[from] item: Rocky Helmet|[of] p1a: Incineroar\n|move|p2b: Ogerpon|Ivy Cudgel|p1a: Incineroar|[anim] Ivy Cudgel Fire\n|-resisted|p1a: Incineroar\n|-damage|p1a: Incineroar|66/100\n|\n|-heal|p1a: Incineroar|72/100|[from] Grassy Terrain\n|-heal|p2a: Farigiraf|17/100|[from] Grassy Terrain\n|-heal|p2b: Ogerpon|69/100|[from] Grassy Terrain\n|-fieldend|move: Grassy Terrain\n|upkeep\n|turn|8\n|\n|t:|1746026160\n|move|p1a: Incineroar|Knock Off|p2a: Farigiraf\n|-supereffective|p2a: Farigiraf\n|-damage|p2a: Farigiraf|0 fnt\n|faint|p2a: Farigiraf\n|move|p2b: Ogerpon|Ivy Cudgel|p1a: Incineroar|[anim] Ivy Cudgel Fire\n|-resisted|p1a: Incineroar\n|-damage|p1a: Incineroar|55/100\n|\n|-fieldend|move: Trick Room\n|upkeep\n|\n|t:|1746026164\n|switch|p2a: Miraidon|Miraidon, L50|100/100\n|-fieldstart|move: Electric Terrain|[from] ability: Hadron Engine|[of] p2a: Miraidon\n|turn|9\n|\n|t:|1746026167\n|move|p2a: Miraidon|Electro Drift|p1a: Incineroar\n|-damage|p1a: Incineroar|0 fnt\n|-damage|p2a: Miraidon|84/100|[from] item: Rocky Helmet|[of] p1a: Incineroar\n|faint|p1a: Incineroar\n|\n|win|Yinzo\n||Tlayer4002 is ready for game 2.\n||Yinzo is ready for game 2.\n|uhtml|next|Next: <a href=\"/battle-gen9vgc2025regibo3-2353998271\"><strong>Game 2 of 3</strong></a>\n", "uploadtime": 1746026731, "views": 22, "formatid": "gen9vgc2025regibo3", "rating": null, "private": 0, "password": null}