{"id": "gen9vgc2025regibo3-2354471394", "format": "[Gen 9] VGC 2025 Reg I (Bo3)", "players": ["sadfkl", "redpandavgclol"], "log": "|j|\u2606sadfkl\n|j|\u2606redpandavgclol\n|html|<table width=\"100%\"><tr><td align=\"left\">sadfkl</td><td align=\"right\">redpandavgclol</tr><tr><td align=\"left\"><i class=\"fa fa-circle-o\"></i> <i class=\"fa fa-circle-o\"></i> </td><td align=\"right\"><i class=\"fa fa-circle-o\"></i> <i class=\"fa fa-circle-o\"></i> </tr></table>\n|uhtml|bestof|<h2><strong>Game 1</strong> of <a href=\"/game-bestof3-gen9vgc2025regibo3-2354471393\">a best-of-3</a></h2>\n|t:|1746076952\n|gametype|doubles\n|player|p1|sadfkl|ethan|1127\n|player|p2|redpandavgclol|pokemonranger-gen4|1121\n|teamsize|p1|6\n|teamsize|p2|6\n|gen|9\n|tier|[Gen 9] VGC 2025 Reg I (Bo3)\n|rated|\n|rule|Species Clause: Limit one of each Pok\u00e9mon\n|rule|Item Clause: Limit 1 of each item\n|clearpoke\n|poke|p1|Koraidon, L50|\n|poke|p1|Calyrex-Shadow, L50|\n|poke|p1|Indeedee-F, L50, F|\n|poke|p1|Iron Bundle, L50|\n|poke|p1|Chi-Yu, L50|\n|poke|p1|Brute Bonnet, L50|\n|poke|p2|Calyrex-Shadow, L50|\n|poke|p2|Koraidon, L50|\n|poke|p2|Tornadus, L50, M|\n|poke|p2|Incineroar, L50, F|\n|poke|p2|Rillaboom, L50, M|\n|poke|p2|Ogerpon-Hearthflame, L50, F|\n|teampreview|4\n|showteam|p1|Koraidon||LifeOrb|OrichalcumPulse|CollisionCourse,FlareBlitz,Protect,LowKick||||||50|,,,,,Fire]Calyrex-Shadow||FocusSash|AsOneSpectrier|AstralBarrage,ExpandingForce,Protect,PollenPuff||||||50|,,,,,Dark]Indeedee-F||PsychicSeed|PsychicSurge|AlluringVoice,FollowMe,HelpingHand,TrickRoom|||F|||50|,,,,,Water]Iron Bundle||BoosterEnergy|QuarkDrive|IcyWind,Taunt,Encore,FreezeDry||||||50|,,,,,Ghost]Chi-Yu||ChoiceScarf|BeadsofRuin|HeatWave,DarkPulse,Snarl,Overheat||||||50|,,,,,Fire]Brute Bonnet||CovertCloak|Protosynthesis|SeedBomb,SuckerPunch,Spore,RagePowder||||||50|,,,,,Water\n|showteam|p2|Calyrex-Shadow||LifeOrb|AsOneSpectrier|AstralBarrage,DrainingKiss,NastyPlot,Protect||||||50|,,,,,Fairy]Koraidon||ClearAmulet|OrichalcumPulse|CollisionCourse,Uturn,FlameCharge,Protect||||||50|,,,,,Fire]Tornadus||CovertCloak|Prankster|Tailwind,SunnyDay,Taunt,BleakwindStorm|||M|||50|,,,,,Dark]Incineroar||FigyBerry|Intimidate|FlareBlitz,KnockOff,FakeOut,PartingShot|||F|||50|,,,,,Grass]Rillaboom||AssaultVest|GrassySurge|GrassyGlide,Uturn,FakeOut,WoodHammer|||M|||50|,,,,,Fire]Ogerpon-Hearthflame||HearthflameMask|MoldBreaker|IvyCudgel,GrassyGlide,SpikyShield,SwordsDance|||F|||50|,,,,,Fire\n|\n|t:|1746076983\n|start\n|switch|p1a: Indeedee|Indeedee-F, L50, F|100/100\n|switch|p1b: Calyrex|Calyrex-Shadow, L50|100/100\n|switch|p2a: Anguish|Incineroar, L50, F|100/100\n|switch|p2b: Koraidon|Koraidon, L50|100/100\n|-ability|p1b: Calyrex|As One\n|-ability|p1b: Calyrex|Unnerve\n|-weather|SunnyDay|[from] ability: Orichalcum Pulse|[of] p2b: Koraidon\n|-activate|p2b: Koraidon|Orichalcum Pulse|[source]\n|-fieldstart|move: Psychic Terrain|[from] ability: Psychic Surge|[of] p1a: Indeedee\n|-enditem|p1a: Indeedee|Psychic Seed\n|-boost|p1a: Indeedee|spd|1|[from] item: Psychic Seed\n|-ability|p2a: Anguish|Intimidate|boost\n|-unboost|p1a: Indeedee|atk|1\n|-unboost|p1b: Calyrex|atk|1\n|turn|1\n|\n|t:|1746077016\n|move|p1a: Indeedee|Helping Hand|p1b: Calyrex\n|-singleturn|p1b: Calyrex|Helping Hand|[of] p1a: Indeedee\n|move|p2b: Koraidon|Protect|p2b: Koraidon\n|-singleturn|p2b: Koraidon|Protect\n|move|p1b: Calyrex|Expanding Force|p2a: Anguish|[spread] \n|-activate|p2b: Koraidon|move: Protect\n|-immune|p2a: Anguish\n|move|p2a: Anguish|Knock Off|p1a: Indeedee\n|-supereffective|p1a: Indeedee\n|-damage|p1a: Indeedee|53/100\n|\n|-weather|SunnyDay|[upkeep]\n|upkeep\n|turn|2\n|\n|t:|1746077040\n|switch|p2b: HoodRich|Rillaboom, L50, M, shiny|100/100\n|-fieldstart|move: Grassy Terrain|[from] ability: Grassy Surge|[of] p2b: HoodRich\n|move|p1a: Indeedee|Helping Hand|p1b: Calyrex\n|-singleturn|p1b: Calyrex|Helping Hand|[of] p1a: Indeedee\n|move|p1b: Calyrex|Astral Barrage|p2b: HoodRich|[spread] p2a,p2b\n|-resisted|p2a: Anguish\n|-damage|p2a: Anguish|66/100\n|-damage|p2b: HoodRich|35/100\n|move|p2a: Anguish|Flare Blitz|p1b: Calyrex\n|-damage|p1b: Calyrex|10/100\n|-damage|p2a: Anguish|41/100|[from] Recoil\n|\n|-weather|SunnyDay|[upkeep]\n|-heal|p1b: Calyrex|15/100|[from] Grassy Terrain\n|-heal|p2b: HoodRich|41/100|[from] Grassy Terrain\n|-heal|p1a: Indeedee|59/100|[from] Grassy Terrain\n|-heal|p2a: Anguish|47/100|[from] Grassy Terrain\n|upkeep\n|turn|3\n|\n|t:|1746077085\n|move|p2b: HoodRich|Fake Out|p1a: Indeedee\n|-damage|p1a: Indeedee|45/100\n|cant|p1a: Indeedee|flinch\n|move|p1b: Calyrex|Astral Barrage|p2a: Anguish|[spread] p2a,p2b\n|-resisted|p2a: Anguish\n|-damage|p2a: Anguish|23/100\n|-damage|p2b: HoodRich|0 fnt\n|faint|p2b: HoodRich\n|-ability|p1b: Calyrex|Grim Neigh|boost\n|-boost|p1b: Calyrex|spa|1\n|move|p2a: Anguish|Knock Off|p1b: Calyrex\n|-supereffective|p1b: Calyrex\n|-damage|p1b: Calyrex|0 fnt\n|-enditem|p1b: Calyrex|Focus Sash|[from] move: Knock Off|[of] p2a: Anguish\n|-enditem|p2a: Anguish|Figy Berry|[eat]\n|-heal|p2a: Anguish|56/100|[from] item: Figy Berry\n|faint|p1b: Calyrex\n|\n|-weather|SunnyDay|[upkeep]\n|-heal|p1a: Indeedee|51/100|[from] Grassy Terrain\n|-heal|p2a: Anguish|62/100|[from] Grassy Terrain\n|upkeep\n|\n|t:|1746077111\n|switch|p1b: Koraidon|Koraidon, L50|100/100\n|switch|p2b: Koraidon|Koraidon, L50|100/100\n|-activate|p1b: Koraidon|ability: Orichalcum Pulse\n|-activate|p2b: Koraidon|ability: Orichalcum Pulse\n|turn|4\n|\n|t:|1746077131\n|switch|p2a: Calyrex|Calyrex-Shadow, L50|100/100\n|-ability|p2a: Calyrex|As One\n|-ability|p2a: Calyrex|Unnerve\n|-terastallize|p2b: Koraidon|Fire\n|-terastallize|p1b: Koraidon|Fire\n|move|p1b: Koraidon|Collision Course|p2b: Koraidon\n|-damage|p2b: Koraidon|12/100\n|-damage|p1b: Koraidon|91/100|[from] item: Life Orb\n|move|p2b: Koraidon|Flame Charge|p1a: Indeedee\n|-damage|p1a: Indeedee|0 fnt\n|-boost|p2b: Koraidon|spe|1\n|faint|p1a: Indeedee\n|\n|-weather|SunnyDay|[upkeep]\n|-heal|p2b: Koraidon|18/100|[from] Grassy Terrain\n|-heal|p1b: Koraidon|97/100|[from] Grassy Terrain\n|upkeep\n|\n|t:|1746077145\n|switch|p1a: Brute Bonnet|Brute Bonnet, L50|100/100\n|-activate|p1a: Brute Bonnet|ability: Protosynthesis\n|-start|p1a: Brute Bonnet|protosynthesisdef\n|turn|5\n|\n|t:|1746077182\n|switch|p2a: Anguish|Incineroar, L50, F|62/100\n|-ability|p2a: Anguish|Intimidate|boost\n|-unboost|p1a: Brute Bonnet|atk|1\n|-unboost|p1b: Koraidon|atk|1\n|move|p2b: Koraidon|Protect|p2b: Koraidon\n|-singleturn|p2b: Koraidon|Protect\n|move|p1a: Brute Bonnet|Sucker Punch||[still]\n|-fail|p1a: Brute Bonnet\n|move|p1b: Koraidon|Flare Blitz|p2a: Anguish\n|-resisted|p2a: Anguish\n|-damage|p2a: Anguish|15/100\n|-damage|p1b: Koraidon|79/100|[from] Recoil\n|-damage|p1b: Koraidon|70/100|[from] item: Life Orb\n|\n|-weather|none\n|-end|p1a: Brute Bonnet|Protosynthesis\n|-heal|p2b: Koraidon|24/100|[from] Grassy Terrain\n|-heal|p1b: Koraidon|76/100|[from] Grassy Terrain\n|-heal|p2a: Anguish|21/100|[from] Grassy Terrain\n|upkeep\n|turn|6\n|\n|t:|1746077217\n|move|p2a: Anguish|Fake Out|p1a: Brute Bonnet\n|-damage|p1a: Brute Bonnet|94/100\n|move|p1a: Brute Bonnet|Sucker Punch|p2b: Koraidon\n|-damage|p2b: Koraidon|7/100\n|move|p2b: Koraidon|Collision Course|p1a: Brute Bonnet\n|-supereffective|p1a: Brute Bonnet\n|-damage|p1a: Brute Bonnet|0 fnt\n|faint|p1a: Brute Bonnet\n|-end|p1a: Brute Bonnet|Protosynthesis|[silent]\n|move|p1b: Koraidon|Flare Blitz|p2a: Anguish\n|-resisted|p2a: Anguish\n|-damage|p2a: Anguish|0 fnt\n|faint|p2a: Anguish\n|-damage|p1b: Koraidon|68/100|[from] Recoil\n|-damage|p1b: Koraidon|58/100|[from] item: Life Orb\n|\n|-heal|p2b: Koraidon|13/100|[from] Grassy Terrain\n|-heal|p1b: Koraidon|65/100|[from] Grassy Terrain\n|-fieldend|move: Grassy Terrain\n|upkeep\n|-message|sadfkl forfeited.\n|\n|win|redpandavgclol\n||sadfkl is ready for game 2.\n|inactive|redpandavgclol has 30 seconds to confirm battle start!\n", "uploadtime": 1746077232, "views": 27, "formatid": "gen9vgc2025regibo3", "rating": null, "private": 0, "password": null}