{"id": "gen9vgc2025regibo3-2354528447", "format": "[Gen 9] VGC 2025 Reg I (Bo3)", "players": ["ger0525", "GalicianTrainer"], "log": "|j|\u2606ger0525\n|j|\u2606GalicianTrainer\n|html|<table width=\"100%\"><tr><td align=\"left\">ger0525</td><td align=\"right\">GalicianTrainer</tr><tr><td align=\"left\"><i class=\"fa fa-circle-o\"></i> <i class=\"fa fa-circle-o\"></i> </td><td align=\"right\"><i class=\"fa fa-circle-o\"></i> <i class=\"fa fa-circle-o\"></i> </tr></table>\n|uhtml|bestof|<h2><strong>Game 1</strong> of <a href=\"/game-bestof3-gen9vgc2025regibo3-2354528446\">a best-of-3</a></h2>\n|t:|1746088406\n|gametype|doubles\n|player|p1|ger0525|266|1085\n|player|p2|GalicianTrainer|rancher|1072\n|teamsize|p1|6\n|teamsize|p2|6\n|gen|9\n|tier|[Gen 9] VGC 2025 Reg I (Bo3)\n|rated|\n|rule|Species Clause: Limit one of each Pok\u00e9mon\n|rule|Item Clause: Limit 1 of each item\n|clearpoke\n|poke|p1|Terapagos, L50, M|\n|poke|p1|Lugia, L50|\n|poke|p1|Comfey, L50, M|\n|poke|p1|Rillaboom, L50, M|\n|poke|p1|Amoonguss, L50, M|\n|poke|p1|Incineroar, L50, M|\n|poke|p2|Calyrex-Shadow, L50|\n|poke|p2|Zamazenta-*, L50|\n|poke|p2|Raging Bolt, L50|\n|poke|p2|Incineroar, L50, F|\n|poke|p2|Smeargle, L50, M|\n|poke|p2|Ogerpon-Cornerstone, L50, F|\n|teampreview|4\n|showteam|p1|Terapagos||Leftovers|TeraShift|TeraStarstorm,EarthPower,CalmMind,Protect|||M|||50|,,,,,Stellar]Lugia||CovertCloak|Multiscale|Aeroblast,EarthPower,PsychUp,Protect||||||50|,,,,,Fairy]Comfey||SitrusBerry|Triage|FloralHealing,TrickRoom,DrainingKiss,Protect|||M|||50|,,,,,Water]Rillaboom||AssaultVest|GrassySurge|WoodHammer,GrassyGlide,FakeOut,Uturn|||M|||50|,,,,,Fire]Amoonguss||RockyHelmet|Regenerator|PollenPuff,Spore,RagePowder,Toxic|||M|||50|,,,,,Water]Incineroar||SafetyGoggles|Intimidate|KnockOff,PartingShot,WillOWisp,FakeOut|||M|||50|,,,,,Bug\n|showteam|p2|Calyrex-Shadow||LifeOrb|AsOneSpectrier|Protect,AstralBarrage,Psychic,NastyPlot||||||50|,,,,,Dark]Zamazenta-Crowned||RustedShield|DauntlessShield|Protect,HeavySlam,BodyPress,WideGuard||||||50|,,,,,Dragon]Raging Bolt||BoosterEnergy|Protosynthesis|Protect,Thunderbolt,DracoMeteor,Thunderclap||||||50|,,,,,Electric]Incineroar||RockyHelmet|Intimidate|FakeOut,KnockOff,PartingShot,WillOWisp|||F|||50|,,,,,Bug]Smeargle||FocusSash|Moody|FakeOut,Spore,FollowMe,WideGuard|||M|||50|,,,,,Grass]Ogerpon-Cornerstone||CornerstoneMask|Sturdy|SpikyShield,IvyCudgel,FollowMe,PowerWhip|||F|||50|,,,,,Rock\n|inactive|Battle timer is ON: inactive players will automatically lose when time's up. (requested by GalicianTrainer)\n|\n|t:|1746088452\n|start\n|switch|p1a: Terapagos|Terapagos, L50, M|100/100\n|switch|p1b: Rillaboom|Rillaboom, L50, M|100/100\n|switch|p2a: Zamazenta|Zamazenta-Crowned, L50|100/100\n|switch|p2b: Raging Bolt|Raging Bolt, L50|100/100\n|-activate|p1a: Terapagos|ability: Tera Shift\n|detailschange|p1a: Terapagos|Terapagos-Terastal, L50, M\n|-heal|p1a: Terapagos|100/100|[silent]\n|-ability|p2a: Zamazenta|Dauntless Shield|boost\n|-boost|p2a: Zamazenta|def|1\n|-fieldstart|move: Grassy Terrain|[from] ability: Grassy Surge|[of] p1b: Rillaboom\n|-enditem|p2b: Raging Bolt|Booster Energy\n|-activate|p2b: Raging Bolt|ability: Protosynthesis|[fromitem]\n|-start|p2b: Raging Bolt|protosynthesisspa\n|turn|1\n|\n|t:|1746088468\n|move|p1b: Rillaboom|Fake Out|p2a: Zamazenta\n|-resisted|p2a: Zamazenta\n|-damage|p2a: Zamazenta|98/100\n|cant|p2a: Zamazenta|flinch\n|move|p1a: Terapagos|Calm Mind|p1a: Terapagos\n|-boost|p1a: Terapagos|spa|1\n|-boost|p1a: Terapagos|spd|1\n|move|p2b: Raging Bolt|Thunderbolt|p1a: Terapagos\n|-activate|p1a: Terapagos|ability: Tera Shell\n|-resisted|p1a: Terapagos\n|-damage|p1a: Terapagos|84/100\n|\n|-heal|p2a: Zamazenta|100/100|[from] Grassy Terrain\n|-heal|p1a: Terapagos|91/100|[from] Grassy Terrain\n|-heal|p1a: Terapagos|97/100|[from] item: Leftovers\n|upkeep\n|turn|2\n|inactive|ger0525 has 30 seconds left.\n|inactive|GalicianTrainer has 30 seconds left.\n|inactive|ger0525 has 20 seconds left.\n|\n|t:|1746088507\n|-end|p2b: Raging Bolt|Protosynthesis|[silent]\n|switch|p2b: Ogerpon|Ogerpon-Cornerstone, L50, F|100/100\n|move|p2a: Zamazenta|Body Press|p1b: Rillaboom\n|-damage|p1b: Rillaboom|41/100\n|move|p1a: Terapagos|Calm Mind|p1a: Terapagos\n|-boost|p1a: Terapagos|spa|1\n|-boost|p1a: Terapagos|spd|1\n|move|p1b: Rillaboom|U-turn|p2a: Zamazenta\n|-resisted|p2a: Zamazenta\n|-damage|p2a: Zamazenta|98/100\n|\n|t:|1746088518\n|switch|p1b: Lugia|Lugia, L50|100/100|[from] U-turn\n|\n|-heal|p2a: Zamazenta|100/100|[from] Grassy Terrain\n|-heal|p1a: Terapagos|100/100|[from] Grassy Terrain\n|upkeep\n|turn|3\n|\n|t:|1746088547\n|move|p2a: Zamazenta|Body Press|p1a: Terapagos\n|-activate|p1a: Terapagos|ability: Tera Shell\n|-resisted|p1a: Terapagos\n|-damage|p1a: Terapagos|79/100\n|move|p2b: Ogerpon|Power Whip|p1a: Terapagos\n|-damage|p1a: Terapagos|23/100\n|move|p1b: Lugia|Psych Up|p1a: Terapagos\n|-copyboost|p1b: Lugia|p1a: Terapagos|[from] move: Psych Up\n|move|p1a: Terapagos|Earth Power|p2a: Zamazenta\n|-supereffective|p2a: Zamazenta\n|-damage|p2a: Zamazenta|26/100\n|\n|-heal|p2a: Zamazenta|32/100|[from] Grassy Terrain\n|-heal|p1a: Terapagos|30/100|[from] Grassy Terrain\n|-heal|p1a: Terapagos|36/100|[from] item: Leftovers\n|upkeep\n|turn|4\n|inactive|ger0525 has 30 seconds left.\n|inactive|GalicianTrainer has 30 seconds left.\n|inactive|ger0525 has 20 seconds left.\n|\n|t:|1746088582\n|move|p1a: Terapagos|Protect|p1a: Terapagos\n|-singleturn|p1a: Terapagos|Protect\n|move|p2a: Zamazenta|Body Press|p1a: Terapagos\n|-activate|p1a: Terapagos|move: Protect\n|move|p2b: Ogerpon|Ivy Cudgel|p1b: Lugia|[anim] Ivy Cudgel Rock\n|-supereffective|p1b: Lugia\n|-damage|p1b: Lugia|69/100\n|move|p1b: Lugia|Aeroblast|p2a: Zamazenta\n|-damage|p2a: Zamazenta|0 fnt\n|faint|p2a: Zamazenta\n|\n|-heal|p1a: Terapagos|42/100|[from] Grassy Terrain\n|-heal|p1a: Terapagos|48/100|[from] item: Leftovers\n|upkeep\n|\n|t:|1746088602\n|switch|p2a: Raging Bolt|Raging Bolt, L50|100/100\n|turn|5\n|\n|t:|1746088621\n|-terastallize|p1a: Terapagos|Stellar\n|detailschange|p1a: Terapagos|Terapagos-Stellar, L50, M, tera:Stellar\n|-heal|p1a: Terapagos|62/100|[silent]\n|-ability|p1a: Terapagos|Teraform Zero\n|-fieldend|move: Grassy Terrain\n|move|p2b: Ogerpon|Ivy Cudgel|p1b: Lugia|[anim] Ivy Cudgel Rock\n|-supereffective|p1b: Lugia\n|-damage|p1b: Lugia|3/100\n|move|p1b: Lugia|Earth Power|p2a: Raging Bolt\n|-supereffective|p2a: Raging Bolt\n|-damage|p2a: Raging Bolt|23/100\n|move|p1a: Terapagos|Tera Starstorm|p2a: Raging Bolt|[spread] p2a,p2b\n|-damage|p2a: Raging Bolt|0 fnt\n|-damage|p2b: Ogerpon|31/100\n|faint|p2a: Raging Bolt\n|-end|p2a: Raging Bolt|Protosynthesis|[silent]\n|\n|-heal|p1a: Terapagos|68/100|[from] item: Leftovers\n|upkeep\n|\n|t:|1746088629\n|switch|p2a: Calyrex|Calyrex-Shadow, L50|100/100\n|-ability|p2a: Calyrex|As One\n|-ability|p2a: Calyrex|Unnerve\n|turn|6\n|inactive|ger0525 has 30 seconds left.\n|\n|t:|1746088661\n|move|p2a: Calyrex|Astral Barrage|p1b: Lugia|[spread] p1b\n|-immune|p1a: Terapagos\n|-supereffective|p1b: Lugia\n|-damage|p1b: Lugia|0 fnt\n|faint|p1b: Lugia\n|-ability|p2a: Calyrex|Grim Neigh|boost\n|-boost|p2a: Calyrex|spa|1\n|-damage|p2a: Calyrex|91/100|[from] item: Life Orb\n|move|p2b: Ogerpon|Ivy Cudgel|p1a: Terapagos|[anim] Ivy Cudgel Rock\n|-damage|p1a: Terapagos|42/100\n|move|p1a: Terapagos|Tera Starstorm|p2b: Ogerpon|[spread] p2a,p2b\n|-damage|p2a: Calyrex|32/100\n|-damage|p2b: Ogerpon|0 fnt\n|faint|p2b: Ogerpon\n|\n|-heal|p1a: Terapagos|48/100|[from] item: Leftovers\n|upkeep\n|\n|t:|1746088675\n|switch|p1b: Comfey|Comfey, L50, M|100/100\n|turn|7\n|-message|GalicianTrainer forfeited.\n|\n|win|ger0525\n||GalicianTrainer is ready for game 2.\n|inactive|ger0525 has 30 seconds to confirm battle start!\n||ger0525 is ready for game 2.\n|uhtml|next|Next: <a href=\"/battle-gen9vgc2025regibo3-2354529928\"><strong>Game 2 of 3</strong></a>\n", "uploadtime": 1746089059, "views": 11, "formatid": "gen9vgc2025regibo3", "rating": null, "private": 0, "password": null}