{"id": "gen9vgc2025regibo3-2354072157", "format": "[Gen 9] VGC 2025 Reg I (Bo3)", "players": ["zac9000y", "fireb7798"], "log": "|j|\u2606zac9000y\n|j|\u2606fireb7798\n|html|<table width=\"100%\"><tr><td align=\"left\">zac9000y</td><td align=\"right\">fireb7798</tr><tr><td align=\"left\"><i class=\"fa fa-circle-o\"></i> <i class=\"fa fa-circle-o\"></i> </td><td align=\"right\"><i class=\"fa fa-circle-o\"></i> <i class=\"fa fa-circle-o\"></i> </tr></table>\n|uhtml|bestof|<h2><strong>Game 1</strong> of <a href=\"/game-bestof3-gen9vgc2025regibo3-2354072156\">a best-of-3</a></h2>\n|t:|1746032462\n|gametype|doubles\n|player|p1|zac9000y|cynthia-gen4|1029\n|player|p2|fireb7798|shauntal|1059\n|teamsize|p1|6\n|teamsize|p2|6\n|gen|9\n|tier|[Gen 9] VGC 2025 Reg I (Bo3)\n|rated|\n|rule|Species Clause: Limit one of each Pok\u00e9mon\n|rule|Item Clause: Limit 1 of each item\n|clearpoke\n|poke|p1|Ceruledge, L50, M|\n|poke|p1|Groudon, L50|\n|poke|p1|Exeggutor, L50, F|\n|poke|p1|Dusclops, L50, M|\n|poke|p1|Lunala, L50|\n|poke|p1|Chien-Pao, L50|\n|poke|p2|Groudon, L50|\n|poke|p2|Lunala, L50|\n|poke|p2|Meowstic, L50, M|\n|poke|p2|Ogerpon-Hearthflame, L50, F|\n|poke|p2|Roaring Moon, L50|\n|poke|p2|Flutter Mane, L50|\n|teampreview|4\n|showteam|p1|Ceruledge||ChoiceScarf|WeakArmor|BitterBlade,CloseCombat,Poltergeist,PoisonJab|||M|||50|,,,,,Poison]Groudon||WeaknessPolicy|Drought|PrecipiceBlades,FocusPunch,StoneEdge,Protect||||||50|,,,,,Ghost]Exeggutor||MentalHerb|Chlorophyll|SkillSwap,Gravity,SludgeBomb,LightScreen|||F|||50|,,,,,Grass]Dusclops||Eviolite|Pressure|ShadowSneak,TrickRoom,Gravity,PainSplit|||M|||50|,,,,,Ghost]Lunala||Leftovers|ShadowShield|WideGuard,HeatWave,SunnyDay,Moonblast||||||50|,,,,,Fairy]Chien-Pao||FocusSash|SwordofRuin|IcicleCrash,SuckerPunch,SacredSword,Hex||||||50|,,,,,Dark\n|showteam|p2|Groudon||ClearAmulet|Drought|PrecipiceBlades,FirePunch,ThunderWave,Protect||||||50|,,,,,Fairy]Lunala||Leftovers|ShadowShield|TrickRoom,ExpandingForce,WideGuard,MoongeistBeam||||||50|,,,,,Dark]Meowstic||EjectButton|Prankster|Reflect,Gravity,PsychicTerrain,LightScreen|||M|||50|,,,,,Dark]Ogerpon-Hearthflame||HearthflameMask|MoldBreaker|IvyCudgel,PowerWhip,FollowMe,SpikyShield|||F|||50|,,,,,Fire]Roaring Moon||CovertCloak|Protosynthesis|Tailwind,KnockOff,Taunt,Protect||||||50|,,,,,Poison]Flutter Mane||FocusSash|Protosynthesis|Moonblast,TrickRoom,ThunderWave,Protect||||||50|,,,,,Dark\n|inactive|Battle timer is ON: inactive players will automatically lose when time's up. (requested by zac9000y)\n|inactive|fireb7798 has 60 seconds left.\n|\n|t:|1746032530\n|start\n|switch|p1a: Ceruledge|Ceruledge, L50, M, shiny|100/100\n|switch|p1b: Chien-Pao|Chien-Pao, L50|100/100\n|switch|p2a: Meowstic|Meowstic, L50, M|100/100\n|switch|p2b: Roaring Moon|Roaring Moon, L50|100/100\n|-ability|p1b: Chien-Pao|Sword of Ruin\n|turn|1\n|inactive|zac9000y has 30 seconds left.\n|inactive|zac9000y has 20 seconds left.\n|\n|t:|1746032570\n|switch|p2a: Groudon|Groudon, L50|100/100\n|-weather|SunnyDay|[from] ability: Drought|[of] p2a: Groudon\n|-activate|p2b: Roaring Moon|ability: Protosynthesis\n|-start|p2b: Roaring Moon|protosynthesisspe\n|move|p2b: Roaring Moon|Knock Off|p1a: Ceruledge\n|-supereffective|p1a: Ceruledge\n|-damage|p1a: Ceruledge|0 fnt\n|-enditem|p1a: Ceruledge|Choice Scarf|[from] move: Knock Off|[of] p2b: Roaring Moon\n|faint|p1a: Ceruledge\n|move|p1b: Chien-Pao|Icicle Crash|p2b: Roaring Moon\n|-supereffective|p2b: Roaring Moon\n|-damage|p2b: Roaring Moon|0 fnt\n|faint|p2b: Roaring Moon\n|-end|p2b: Roaring Moon|Protosynthesis|[silent]\n|\n|-weather|SunnyDay|[upkeep]\n|upkeep\n|\n|t:|1746032584\n|switch|p2b: Meowstic|Meowstic, L50, M|100/100\n|switch|p1a: Exeggutor|Exeggutor, L50, F|100/100\n|turn|2\n|inactive|fireb7798 has 30 seconds left.\n|\n|t:|1746032617\n|-terastallize|p2a: Groudon|Fairy\n|move|p2b: Meowstic|Reflect|p2b: Meowstic\n|-sidestart|p2: fireb7798|Reflect\n|move|p1a: Exeggutor|Sludge Bomb|p2a: Groudon\n|-supereffective|p2a: Groudon\n|-damage|p2a: Groudon|50/100\n|move|p1b: Chien-Pao|Icicle Crash|p2a: Groudon\n|-damage|p2a: Groudon|26/100\n|cant|p2a: Groudon|flinch\n|\n|-weather|SunnyDay|[upkeep]\n|upkeep\n|turn|3\n|inactive|zac9000y has 30 seconds left.\n|\n|t:|1746032645\n|switch|p2b: Lunala|Lunala, L50|100/100\n|move|p2a: Groudon|Protect|p2a: Groudon\n|-singleturn|p2a: Groudon|Protect\n|move|p1a: Exeggutor|Sludge Bomb|p2a: Groudon\n|-activate|p2a: Groudon|move: Protect\n|move|p1b: Chien-Pao|Hex|p2b: Lunala\n|-supereffective|p2b: Lunala\n|-damage|p2b: Lunala|82/100\n|\n|-weather|SunnyDay|[upkeep]\n|-heal|p2b: Lunala|89/100|[from] item: Leftovers\n|upkeep\n|turn|4\n|inactive|zac9000y has 30 seconds left.\n|\n|t:|1746032675\n|switch|p2a: Meowstic|Meowstic, L50, M|100/100\n|move|p1a: Exeggutor|Sludge Bomb|p2a: Meowstic\n|-damage|p2a: Meowstic|78/100\n|-status|p2a: Meowstic|psn\n|-enditem|p2a: Meowstic|Eject Button\n|\n|t:|1746032683\n|switch|p2a: Groudon|Groudon, L50, tera:Fairy|26/100\n|move|p1b: Chien-Pao|Hex|p2b: Lunala\n|-supereffective|p2b: Lunala\n|-damage|p2b: Lunala|51/100\n|move|p2b: Lunala|Moongeist Beam|p1b: Chien-Pao\n|-resisted|p1b: Chien-Pao\n|-damage|p1b: Chien-Pao|46/100\n|\n|-weather|SunnyDay|[upkeep]\n|-heal|p2b: Lunala|57/100|[from] item: Leftovers\n|upkeep\n|turn|5\n|\n|t:|1746032704\n|move|p2a: Groudon|Protect|p2a: Groudon\n|-singleturn|p2a: Groudon|Protect\n|move|p1a: Exeggutor|Sludge Bomb|p2a: Groudon\n|-activate|p2a: Groudon|move: Protect\n|move|p1b: Chien-Pao|Hex|p2b: Lunala\n|-supereffective|p2b: Lunala\n|-damage|p2b: Lunala|18/100\n|move|p2b: Lunala|Trick Room|p2b: Lunala\n|-fieldstart|move: Trick Room|[of] p2b: Lunala\n|\n|-weather|none\n|-heal|p2b: Lunala|24/100|[from] item: Leftovers\n|upkeep\n|turn|6\n|\n|t:|1746032722\n|switch|p2b: Meowstic|Meowstic, L50, M|78/100 psn\n|move|p1b: Chien-Pao|Sucker Punch||[still]\n|-fail|p1b: Chien-Pao\n|move|p2a: Groudon|Fire Punch|p1b: Chien-Pao\n|-supereffective|p1b: Chien-Pao\n|-damage|p1b: Chien-Pao|0 fnt\n|faint|p1b: Chien-Pao\n|move|p1a: Exeggutor|Sludge Bomb|p2a: Groudon\n|-supereffective|p2a: Groudon\n|-damage|p2a: Groudon|0 fnt\n|faint|p2a: Groudon\n|\n|-damage|p2b: Meowstic|66/100 psn|[from] psn\n|-sideend|p2: fireb7798|Reflect\n|upkeep\n|\n|t:|1746032738\n|switch|p2a: Lunala|Lunala, L50|24/100\n|switch|p1b: Groudon|Groudon, L50, shiny|100/100\n|-weather|SunnyDay|[from] ability: Drought|[of] p1b: Groudon\n|turn|7\n|\n|t:|1746032756\n|move|p1b: Groudon|Protect|p1b: Groudon\n|-singleturn|p1b: Groudon|Protect\n|move|p2a: Lunala|Wide Guard|p2a: Lunala\n|-singleturn|p2a: Lunala|Wide Guard\n|move|p2b: Meowstic|Light Screen|p2b: Meowstic\n|-sidestart|p2: fireb7798|move: Light Screen\n|move|p1a: Exeggutor|Sludge Bomb|p2a: Lunala\n|-resisted|p2a: Lunala\n|-damage|p2a: Lunala|18/100\n|\n|-weather|SunnyDay|[upkeep]\n|-heal|p2a: Lunala|24/100|[from] item: Leftovers\n|-damage|p2b: Meowstic|54/100 psn|[from] psn\n|upkeep\n|turn|8\n|inactive|zac9000y has 30 seconds left.\n|\n|t:|1746032784\n|move|p2b: Meowstic|Psychic Terrain|p2b: Meowstic\n|-fieldstart|move: Psychic Terrain\n|move|p2a: Lunala|Expanding Force|p1b: Groudon|[spread] p1a,p1b\n|-resisted|p1a: Exeggutor\n|-damage|p1a: Exeggutor|61/100\n|-damage|p1b: Groudon|35/100\n|move|p1b: Groudon|Stone Edge|p2a: Lunala|[miss]\n|-miss|p1b: Groudon|p2a: Lunala\n|move|p1a: Exeggutor|Sludge Bomb|p2a: Lunala\n|-resisted|p2a: Lunala\n|-damage|p2a: Lunala|18/100\n|-status|p2a: Lunala|psn\n|\n|-weather|SunnyDay|[upkeep]\n|-heal|p2a: Lunala|24/100 psn|[from] item: Leftovers\n|-damage|p2a: Lunala|12/100 psn|[from] psn\n|-damage|p2b: Meowstic|42/100 psn|[from] psn\n|upkeep\n|turn|9\n|inactive|fireb7798 has 30 seconds left.\n|\n|t:|1746032811\n|move|p1b: Groudon|Protect|p1b: Groudon\n|-singleturn|p1b: Groudon|Protect\n|move|p2b: Meowstic|Reflect|p2b: Meowstic\n|-sidestart|p2: fireb7798|Reflect\n|move|p2a: Lunala|Moongeist Beam|p1a: Exeggutor\n|-supereffective|p1a: Exeggutor\n|-damage|p1a: Exeggutor|0 fnt\n|faint|p1a: Exeggutor\n|\n|-weather|SunnyDay|[upkeep]\n|-heal|p2a: Lunala|18/100 psn|[from] item: Leftovers\n|-damage|p2a: Lunala|6/100 psn|[from] psn\n|-damage|p2b: Meowstic|30/100 psn|[from] psn\n|-fieldend|move: Trick Room\n|upkeep\n|turn|10\n|\n|t:|1746032831\n|move|p2b: Meowstic|Reflect||[still]\n|-fail|p2b: Meowstic\n|move|p1b: Groudon|Stone Edge|p2a: Lunala|[miss]\n|-miss|p1b: Groudon|p2a: Lunala\n|move|p2a: Lunala|Expanding Force|p1b: Groudon\n|-damage|p1b: Groudon|0 fnt\n|faint|p1b: Groudon\n|\n|win|fireb7798\n||fireb7798 is ready for game 2.\n|inactive|zac9000y has 30 seconds to confirm battle start!\n||zac9000y is ready for game 2.\n|uhtml|next|Next: <a href=\"/battle-gen9vgc2025regibo3-2354076698\"><strong>Game 2 of 3</strong></a>\n", "uploadtime": 1746033130, "views": 5, "formatid": "gen9vgc2025regibo3", "rating": null, "private": 0, "password": null}