{"id": "gen9vgc2025regibo3-2354628786", "format": "[Gen 9] VGC 2025 Reg I (Bo3)", "players": ["teriyaki malarky", "pokephil95"], "log": "|j|\u2606teriyaki malarky\n|j|\u2606pokephil95\n|html|<table width=\"100%\"><tr><td align=\"left\">teriyaki malarky</td><td align=\"right\">pokephil95</tr><tr><td align=\"left\"><i class=\"fa fa-circle\"></i> <i class=\"fa fa-circle-o\"></i> </td><td align=\"right\"><i class=\"fa fa-circle-o\"></i> <i class=\"fa fa-circle\"></i> </tr></table>\n|uhtml|bestof|<h2><strong>Game 3</strong> of <a href=\"/game-bestof3-gen9vgc2025regibo3-2354621999\">a best-of-3</a></h2>\n|t:|1746104767\n|gametype|doubles\n|player|p1|teriyaki malarky|169|1108\n|player|p2|pokephil95|102|1208\n|teamsize|p1|6\n|teamsize|p2|6\n|gen|9\n|tier|[Gen 9] VGC 2025 Reg I (Bo3)\n|rated|\n|rule|Species Clause: Limit one of each Pok\u00e9mon\n|rule|Item Clause: Limit 1 of each item\n|clearpoke\n|poke|p1|Groudon, L50|\n|poke|p1|Miraidon, L50|\n|poke|p1|Iron Hands, L50|\n|poke|p1|Whimsicott, L50, F|\n|poke|p1|Chi-Yu, L50|\n|poke|p1|Farigiraf, L50, M|\n|poke|p2|Terapagos, L50, M|\n|poke|p2|Rillaboom, L50, M|\n|poke|p2|Incineroar, L50, M|\n|poke|p2|Scream Tail, L50|\n|poke|p2|Calyrex-Shadow, L50|\n|poke|p2|Ogerpon-Cornerstone, L50, F|\n|teampreview|4\n|showteam|p1|Groudon||ClearAmulet|Drought|PrecipiceBlades,FirePunch,BulkUp,Protect||||||50|,,,,,Fire]Miraidon||ChoiceSpecs|HadronEngine|ElectroDrift,DazzlingGleam,VoltSwitch,DracoMeteor||||||50|,,,,,Fairy]Iron Hands||AssaultVest|QuarkDrive|LowKick,HeavySlam,WildCharge,FakeOut||||||50|,,,,,Grass]Whimsicott||FocusSash|Prankster|Moonblast,Tailwind,Encore,LightScreen|||F|||50|,,,,,Ghost]Chi-Yu||ChoiceScarf|BeadsofRuin|Overheat,HeatWave,DarkPulse,Snarl||||||50|,,,,,Ghost]Farigiraf||ElectricSeed|ArmorTail|FoulPlay,HelpingHand,TrickRoom,Psychic|||M|||50|,,,,,Fairy\n|showteam|p2|Terapagos||Leftovers|TeraShift|TeraStarstorm,CalmMind,Protect,Substitute|||M|||50|,,,,,Stellar]Rillaboom||AssaultVest|GrassySurge|FakeOut,Uturn,WoodHammer,GrassyGlide|||M|||50|,,,,,Fire]Incineroar||SafetyGoggles|Intimidate|FakeOut,FlareBlitz,PartingShot,KnockOff|||M|||50|,,,,,Fire]Scream Tail||BoosterEnergy|Protosynthesis|Disable,Encore,HelpingHand,Protect||||||50|,,,,,Dark]Calyrex-Shadow||ChoiceSpecs|AsOneSpectrier|AstralBarrage,Psychic,ShadowBall,DarkPulse||||||50|,,,,,Dragon]Ogerpon-Cornerstone||CornerstoneMask|Sturdy|IvyCudgel,PowerWhip,Protect,FollowMe|||F|||50|,,,,,Rock\n|j| lol lol lol blue\n|inactive|Battle timer is ON: inactive players will automatically lose when time's up. (requested by teriyaki malarky)\n|inactive|teriyaki malarky has 60 seconds left.\n|inactive|teriyaki malarky has 30 seconds left.\n|inactive|teriyaki malarky has 20 seconds left.\n|\n|t:|1746104878\n|start\n|switch|p1a: Groudon|Groudon, L50|100/100\n|switch|p1b: Farigiraf|Farigiraf, L50, M|100/100\n|switch|p2a: Calyrex|Calyrex-Shadow, L50|100/100\n|switch|p2b: Scream Tail|Scream Tail, L50|100/100\n|-ability|p2a: Calyrex|As One\n|-ability|p2a: Calyrex|Unnerve\n|-weather|SunnyDay|[from] ability: Drought|[of] p1a: Groudon\n|-activate|p2b: Scream Tail|ability: Protosynthesis\n|-start|p2b: Scream Tail|protosynthesisspe\n|turn|1\n|inactive|teriyaki malarky has 30 seconds left.\n|inactive|pokephil95 has 30 seconds left.\n|inactive|teriyaki malarky has 20 seconds left.\n|inactive|pokephil95 has 20 seconds left.\n|inactive|teriyaki malarky has 15 seconds left.\n|\n|t:|1746104919\n|switch|p1a: Chi-Yu|Chi-Yu, L50|100/100\n|-ability|p1a: Chi-Yu|Beads of Ruin\n|-terastallize|p2a: Calyrex|Dragon\n|move|p2b: Scream Tail|Helping Hand|p2a: Calyrex\n|-singleturn|p2a: Calyrex|Helping Hand|[of] p2b: Scream Tail\n|move|p2a: Calyrex|Astral Barrage|p1b: Farigiraf|[spread] p1a\n|-immune|p1b: Farigiraf\n|-resisted|p1a: Chi-Yu\n|-damage|p1a: Chi-Yu|21/100\n|move|p1b: Farigiraf|Foul Play|p2a: Calyrex\n|-damage|p2a: Calyrex|81/100\n|\n|-weather|SunnyDay|[upkeep]\n|upkeep\n|turn|2\n|inactive|pokephil95 has 30 seconds left.\n|\n|t:|1746104950\n|move|p1b: Farigiraf|Helping Hand|p1a: Chi-Yu\n|-singleturn|p1a: Chi-Yu|Helping Hand|[of] p1b: Farigiraf\n|move|p2b: Scream Tail|Protect|p2b: Scream Tail\n|-singleturn|p2b: Scream Tail|Protect\n|move|p1a: Chi-Yu|Overheat|p2b: Scream Tail\n|-activate|p2b: Scream Tail|move: Protect\n|move|p2a: Calyrex|Astral Barrage|p1a: Chi-Yu|[spread] p1a\n|-immune|p1b: Farigiraf\n|-resisted|p1a: Chi-Yu\n|-damage|p1a: Chi-Yu|0 fnt\n|faint|p1a: Chi-Yu\n|-ability|p2a: Calyrex|Grim Neigh|boost\n|-boost|p2a: Calyrex|spa|1\n|\n|-weather|SunnyDay|[upkeep]\n|upkeep\n|\n|t:|1746104957\n|switch|p1a: Iron Hands|Iron Hands, L50|100/100\n|turn|3\n|inactive|pokephil95 has 30 seconds left.\n|\n|t:|1746104984\n|move|p1a: Iron Hands|Fake Out|p2b: Scream Tail\n|-damage|p2b: Scream Tail|89/100\n|cant|p2b: Scream Tail|flinch\n|move|p2a: Calyrex|Astral Barrage|p1a: Iron Hands|[spread] p1a\n|-immune|p1b: Farigiraf\n|-damage|p1a: Iron Hands|36/100\n|move|p1b: Farigiraf|Trick Room|p1b: Farigiraf\n|-fieldstart|move: Trick Room|[of] p1b: Farigiraf\n|\n|-weather|SunnyDay|[upkeep]\n|upkeep\n|turn|4\n|\n|t:|1746105004\n|move|p2b: Scream Tail|Helping Hand|p2a: Calyrex\n|-singleturn|p2a: Calyrex|Helping Hand|[of] p2b: Scream Tail\n|move|p1b: Farigiraf|Psychic|p2a: Calyrex\n|-damage|p2a: Calyrex|47/100\n|move|p1a: Iron Hands|Heavy Slam|p2a: Calyrex\n|-damage|p2a: Calyrex|0 fnt\n|faint|p2a: Calyrex\n|\n|-weather|SunnyDay|[upkeep]\n|upkeep\n|\n|t:|1746105014\n|switch|p2a: Terapagos|Terapagos, L50, M|100/100\n|-activate|p2a: Terapagos|ability: Tera Shift\n|detailschange|p2a: Terapagos|Terapagos-Terastal, L50, M\n|-heal|p2a: Terapagos|100/100|[silent]\n|turn|5\n|\n|t:|1746105031\n|move|p2a: Terapagos|Protect|p2a: Terapagos\n|-singleturn|p2a: Terapagos|Protect\n|move|p1b: Farigiraf|Psychic|p2a: Terapagos\n|-activate|p2a: Terapagos|move: Protect\n|move|p1a: Iron Hands|Heavy Slam|p2b: Scream Tail\n|-supereffective|p2b: Scream Tail\n|-damage|p2b: Scream Tail|14/100\n|move|p2b: Scream Tail|Disable|p1a: Iron Hands\n|-start|p1a: Iron Hands|Disable|Heavy Slam\n|\n|-weather|none\n|-end|p2b: Scream Tail|Protosynthesis\n|upkeep\n|-enditem|p2b: Scream Tail|Booster Energy\n|-activate|p2b: Scream Tail|ability: Protosynthesis|[fromitem]\n|-start|p2b: Scream Tail|protosynthesisspe\n|turn|6\n|inactive|teriyaki malarky has 30 seconds left.\n|inactive|pokephil95 has 30 seconds left.\n|\n|t:|1746105061\n|move|p2b: Scream Tail|Protect|p2b: Scream Tail\n|-singleturn|p2b: Scream Tail|Protect\n|move|p1b: Farigiraf|Psychic|p2a: Terapagos\n|-activate|p2a: Terapagos|ability: Tera Shell\n|-resisted|p2a: Terapagos\n|-damage|p2a: Terapagos|86/100\n|move|p1a: Iron Hands|Wild Charge|p2a: Terapagos\n|-damage|p2a: Terapagos|47/100\n|-damage|p1a: Iron Hands|29/100|[from] Recoil\n|move|p2a: Terapagos|Tera Starstorm|p1a: Iron Hands\n|-damage|p1a: Iron Hands|0 fnt\n|faint|p1a: Iron Hands\n|-end|p1a: Iron Hands|Quark Drive|[silent]\n|\n|-heal|p2a: Terapagos|54/100|[from] item: Leftovers\n|upkeep\n|\n|t:|1746105074\n|switch|p1a: Groudon|Groudon, L50|100/100\n|-weather|SunnyDay|[from] ability: Drought|[of] p1a: Groudon\n|turn|7\n|inactive|pokephil95 has 30 seconds left.\n|inactive|pokephil95 has 20 seconds left.\n|inactive|pokephil95 has 15 seconds left.\n|inactive|pokephil95 has 10 seconds left.\n|\n|t:|1746105124\n|-end|p2b: Scream Tail|Protosynthesis|[silent]\n|switch|p2b: Rillaboom|Rillaboom, L50, M|100/100\n|-fieldstart|move: Grassy Terrain|[from] ability: Grassy Surge|[of] p2b: Rillaboom\n|move|p1b: Farigiraf|Helping Hand|p1a: Groudon\n|-singleturn|p1a: Groudon|Helping Hand|[of] p1b: Farigiraf\n|move|p2a: Terapagos|Protect|p2a: Terapagos\n|-singleturn|p2a: Terapagos|Protect\n|move|p1a: Groudon|Precipice Blades|p2b: Rillaboom|[spread] p2b\n|-activate|p2a: Terapagos|move: Protect\n|-resisted|p2b: Rillaboom\n|-damage|p2b: Rillaboom|62/100\n|\n|-weather|SunnyDay|[upkeep]\n|-heal|p2a: Terapagos|60/100|[from] Grassy Terrain\n|-heal|p2a: Terapagos|66/100|[from] item: Leftovers\n|-heal|p2b: Rillaboom|68/100|[from] Grassy Terrain\n|-fieldend|move: Trick Room\n|upkeep\n|turn|8\n|inactive|teriyaki malarky has 30 seconds left.\n|inactive|teriyaki malarky has 20 seconds left.\n|inactive|teriyaki malarky has 15 seconds left.\n|\n|t:|1746105168\n|-terastallize|p1a: Groudon|Fire\n|move|p2b: Rillaboom|Wood Hammer|p1a: Groudon\n|-resisted|p1a: Groudon\n|-damage|p1a: Groudon|75/100\n|-damage|p2b: Rillaboom|59/100|[from] Recoil\n|move|p1a: Groudon|Fire Punch|p2a: Terapagos\n|-damage|p2a: Terapagos|19/100\n|move|p2a: Terapagos|Tera Starstorm|p1a: Groudon\n|-damage|p1a: Groudon|30/100\n|move|p1b: Farigiraf|Psychic|p2a: Terapagos\n|-damage|p2a: Terapagos|0 fnt\n|faint|p2a: Terapagos\n|\n|-weather|SunnyDay|[upkeep]\n|-heal|p2b: Rillaboom|64/100|[from] Grassy Terrain\n|-heal|p1a: Groudon|36/100|[from] Grassy Terrain\n|upkeep\n|\n|t:|1746105172\n|switch|p2a: Scream Tail|Scream Tail, L50|14/100\n|-activate|p2a: Scream Tail|ability: Protosynthesis\n|-start|p2a: Scream Tail|protosynthesisspe\n|turn|9\n|inactive|teriyaki malarky has 30 seconds left.\n|\n|t:|1746105206\n|move|p2a: Scream Tail|Encore|p1a: Groudon\n|-start|p1a: Groudon|Encore\n|move|p2b: Rillaboom|Wood Hammer|p1a: Groudon\n|-resisted|p1a: Groudon\n|-damage|p1a: Groudon|10/100\n|-damage|p2b: Rillaboom|55/100|[from] Recoil\n|move|p1a: Groudon|Fire Punch|p2b: Rillaboom\n|-supereffective|p2b: Rillaboom\n|-damage|p2b: Rillaboom|0 fnt\n|faint|p2b: Rillaboom\n|move|p1b: Farigiraf|Foul Play|p2a: Scream Tail\n|-damage|p2a: Scream Tail|5/100\n|\n|-weather|SunnyDay|[upkeep]\n|-heal|p2a: Scream Tail|11/100|[from] Grassy Terrain\n|-heal|p1a: Groudon|16/100|[from] Grassy Terrain\n|upkeep\n|turn|10\n|\n|t:|1746105226\n|move|p2a: Scream Tail|Disable|p1a: Groudon\n|-start|p1a: Groudon|Disable|Fire Punch\n|cant|p1a: Groudon|Disable|Fire Punch\n|move|p1b: Farigiraf|Psychic|p2a: Scream Tail\n|-resisted|p2a: Scream Tail\n|-damage|p2a: Scream Tail|0 fnt\n|faint|p2a: Scream Tail\n|-end|p2a: Scream Tail|Protosynthesis|[silent]\n|\n|win|teriyaki malarky\n|raw|teriyaki malarky's rating: 1108 &rarr; <strong>1140</strong><br />(+32 for winning)\n|raw|pokephil95's rating: 1208 &rarr; <strong>1176</strong><br />(-32 for losing)\n|l|\u2606pokephil95\n|player|p2|\n|l| lol lol lol blue\n", "uploadtime": 1746105257, "views": 6, "formatid": "gen9vgc2025regibo3", "rating": 1140, "private": 0, "password": null}