{"id": "gen9vgc2025regibo3-2353734991", "format": "[Gen 9] VGC 2025 Reg I (Bo3)", "players": ["BoomCrashPow", "merrypasta"], "log": "|j|\u2606BoomCrashPow\n|j|\u2606merrypasta\n|html|<table width=\"100%\"><tr><td align=\"left\">BoomCrashPow</td><td align=\"right\">merrypasta</tr><tr><td align=\"left\"><i class=\"fa fa-circle-o\"></i> <i class=\"fa fa-circle-o\"></i> </td><td align=\"right\"><i class=\"fa fa-circle-o\"></i> <i class=\"fa fa-circle-o\"></i> </tr></table>\n|uhtml|bestof|<h2><strong>Game 1</strong> of <a href=\"/game-bestof3-gen9vgc2025regibo3-2353734990\">a best-of-3</a></h2>\n|t:|1745990874\n|gametype|doubles\n|player|p1|BoomCrashPow|101|1115\n|player|p2|merrypasta|lady|1073\n|teamsize|p1|6\n|teamsize|p2|6\n|gen|9\n|tier|[Gen 9] VGC 2025 Reg I (Bo3)\n|rated|\n|rule|Species Clause: Limit one of each Pok\u00e9mon\n|rule|Item Clause: Limit 1 of each item\n|clearpoke\n|poke|p1|Solgaleo, L50|\n|poke|p1|Koraidon, L50|\n|poke|p1|Walking Wake, L50|\n|poke|p1|Armarouge, L50, F|\n|poke|p1|Rhyperior, L50, M|\n|poke|p1|Brute Bonnet, L50|\n|poke|p2|Miraidon, L50|\n|poke|p2|Grimmsnarl, L50, M|\n|poke|p2|Lunala, L50|\n|poke|p2|Iron Hands, L50|\n|poke|p2|Volcarona, L50, M|\n|poke|p2|Ditto, L50|\n|teampreview|4\n|showteam|p1|Solgaleo||WeaknessPolicy|FullMetalBody|WideGuard,SunsteelStrike,PsychicFangs,FlareBlitz||||||50|,,,,,Fire]Koraidon||ClearAmulet|OrichalcumPulse|Protect,CollisionCourse,ScaleShot,FlareBlitz||||||50|,,,,,Fire]Walking Wake||LifeOrb|Protosynthesis|Protect,DracoMeteor,HydroSteam,Flamethrower||||||50|,,,,,Stellar]Armarouge||PowerHerb|FlashFire|MeteorBeam,HeatWave,SolarBeam,TrickRoom|||F|||50|,,,,,Grass]Rhyperior||AssaultVest|LightningRod|HighHorsepower,SupercellSlam,RockSlide,Earthquake|||M|||50|,,,,,Fairy]Brute Bonnet||LoadedDice|Protosynthesis|RagePowder,BulletSeed,SuckerPunch,Spore||||||50|,,,,,Grass\n|showteam|p2|Miraidon||ChoiceSpecs|HadronEngine|ElectroDrift,DracoMeteor,DazzlingGleam,VoltSwitch||||||50|,,,,,Fairy]Grimmsnarl||LightClay|Prankster|SpiritBreak,Reflect,LightScreen,ThunderWave|||M|||50|,,,,,Steel]Lunala||Leftovers|ShadowShield|MoongeistBeam,WillOWisp,TrickRoom,WideGuard||||||50|,,,,,Water]Iron Hands||AssaultVest|QuarkDrive|DrainPunch,LowKick,WildCharge,FakeOut||||||50|,,,,,Water]Volcarona||CovertCloak|FlameBody|FieryDance,GigaDrain,QuiverDance,Protect|||M|||50|,,,,,Grass]Ditto||FocusSash|Imposter|Transform||||||50|,,,,,Normal\n|\n|t:|1745990940\n|start\n|switch|p1a: Solgaleo|Solgaleo, L50|100/100\n|switch|p1b: Rhyperior|Rhyperior, L50, M|100/100\n|switch|p2a: Caliborn|Miraidon, L50|100/100\n|switch|p2b: Gamzeee|Grimmsnarl, L50, M|100/100\n|-fieldstart|move: Electric Terrain|[from] ability: Hadron Engine|[of] p2a: Caliborn\n|turn|1\n|\n|t:|1745990979\n|-terastallize|p1b: Rhyperior|Fairy\n|move|p2b: Gamzeee|Reflect|p2b: Gamzeee\n|-sidestart|p2: merrypasta|Reflect\n|move|p2a: Caliborn|Volt Switch|p1b: Rhyperior\n|-activate|p1b: Rhyperior|ability: Lightning Rod\n|-ability|p1b: Rhyperior|Lightning Rod|boost\n|-boost|p1b: Rhyperior|spa|1\n|move|p1a: Solgaleo|Sunsteel Strike|p2a: Caliborn\n|-resisted|p2a: Caliborn\n|-damage|p2a: Caliborn|82/100\n|move|p1b: Rhyperior|High Horsepower|p2a: Caliborn\n|-supereffective|p2a: Caliborn\n|-damage|p2a: Caliborn|10/100\n|\n|upkeep\n|turn|2\n|c|\u2606merrypasta|oh my god\n|c|\u2606merrypasta|i should've loooked at its ability\n|\n|t:|1745991004\n|switch|p2a: Aradia|Volcarona, L50, M|100/100\n|move|p2b: Gamzeee|Light Screen|p2b: Gamzeee\n|-sidestart|p2: merrypasta|move: Light Screen\n|move|p1a: Solgaleo|Sunsteel Strike|p2b: Gamzeee\n|-supereffective|p2b: Gamzeee\n|-damage|p2b: Gamzeee|25/100\n|move|p1b: Rhyperior|High Horsepower|p2a: Aradia\n|-damage|p2a: Aradia|54/100\n|\n|upkeep\n|turn|3\n|\n|t:|1745991018\n|move|p2b: Gamzeee|Thunder Wave|p1b: Rhyperior\n|-activate|p1b: Rhyperior|ability: Lightning Rod\n|-ability|p1b: Rhyperior|Lightning Rod|boost\n|-boost|p1b: Rhyperior|spa|1\n|move|p2a: Aradia|Quiver Dance|p2a: Aradia\n|-boost|p2a: Aradia|spa|1\n|-boost|p2a: Aradia|spd|1\n|-boost|p2a: Aradia|spe|1\n|move|p1a: Solgaleo|Sunsteel Strike|p2b: Gamzeee\n|-supereffective|p2b: Gamzeee\n|-damage|p2b: Gamzeee|0 fnt\n|faint|p2b: Gamzeee\n|move|p1b: Rhyperior|High Horsepower|p2a: Aradia\n|-damage|p2a: Aradia|5/100\n|\n|upkeep\n|c|\u2606merrypasta|im so dumb\n|\n|t:|1745991033\n|switch|p2b: Caliborn|Miraidon, L50|10/100\n|-activate|p2b: Caliborn|ability: Hadron Engine\n|turn|4\n|\n|t:|1745991056\n|switch|p1a: Koraidon|Koraidon, L50|100/100\n|-weather|SunnyDay|[from] ability: Orichalcum Pulse|[of] p1a: Koraidon\n|-activate|p1a: Koraidon|Orichalcum Pulse|[source]\n|-terastallize|p2a: Aradia|Grass\n|move|p2a: Aradia|Giga Drain|p1b: Rhyperior\n|-damage|p1b: Rhyperior|54/100\n|-heal|p2a: Aradia|33/100|[from] drain|[of] p1b: Rhyperior\n|move|p2b: Caliborn|Dazzling Gleam|p1b: Rhyperior|[spread] p1a,p1b\n|-supereffective|p1a: Koraidon\n|-damage|p1a: Koraidon|0 fnt\n|-damage|p1b: Rhyperior|18/100\n|faint|p1a: Koraidon\n|move|p1b: Rhyperior|Rock Slide|p2a: Aradia|[spread] p2a,p2b\n|-damage|p2a: Aradia|2/100\n|-damage|p2b: Caliborn|0 fnt\n|faint|p2b: Caliborn\n|\n|-weather|SunnyDay|[upkeep]\n|upkeep\n|\n|t:|1745991077\n|switch|p1a: Brute Bonnet|Brute Bonnet, L50|100/100\n|switch|p2b: Equius|Iron Hands, L50|100/100\n|-activate|p1a: Brute Bonnet|ability: Protosynthesis\n|-start|p1a: Brute Bonnet|protosynthesisatk\n|-activate|p2b: Equius|ability: Quark Drive\n|-start|p2b: Equius|quarkdriveatk\n|turn|5\n|\n|t:|1745991097\n|move|p2b: Equius|Fake Out|p1b: Rhyperior\n|-damage|p1b: Rhyperior|4/100\n|move|p1a: Brute Bonnet|Sucker Punch|p2a: Aradia\n|-damage|p2a: Aradia|0 fnt\n|-status|p1a: Brute Bonnet|brn|[from] ability: Flame Body|[of] p2a: Aradia\n|faint|p2a: Aradia\n|cant|p1b: Rhyperior|flinch\n|\n|-weather|SunnyDay|[upkeep]\n|-damage|p1a: Brute Bonnet|94/100 brn|[from] brn\n|-fieldend|move: Electric Terrain\n|-end|p2b: Equius|Quark Drive\n|upkeep\n|turn|6\n|\n|t:|1745991120\n|move|p1a: Brute Bonnet|Spore|p2b: Equius\n|-status|p2b: Equius|slp|[from] move: Spore\n|move|p1b: Rhyperior|High Horsepower|p2b: Equius\n|-supereffective|p2b: Equius\n|-damage|p2b: Equius|52/100 slp\n|cant|p2b: Equius|slp\n|\n|-weather|SunnyDay|[upkeep]\n|-damage|p1a: Brute Bonnet|88/100 brn|[from] brn\n|upkeep\n|turn|7\n|\n|t:|1745991133\n|move|p1a: Brute Bonnet|Bullet Seed|p2b: Equius\n|-damage|p2b: Equius|47/100 slp\n|-damage|p2b: Equius|43/100 slp\n|-damage|p2b: Equius|39/100 slp\n|-damage|p2b: Equius|34/100 slp\n|-hitcount|p2b: Equius|4\n|move|p1b: Rhyperior|High Horsepower|p2b: Equius\n|-supereffective|p2b: Equius\n|-damage|p2b: Equius|0 fnt\n|faint|p2b: Equius\n|-end|p2b: Equius|Quark Drive|[silent]\n|\n|win|BoomCrashPow\n||merrypasta is ready for game 2.\n|inactive|BoomCrashPow has 30 seconds to confirm battle start!\n||BoomCrashPow is ready for game 2.\n|uhtml|next|Next: <a href=\"/battle-gen9vgc2025regibo3-2353736564\"><strong>Game 2 of 3</strong></a>\n", "uploadtime": 1745991448, "views": 22, "formatid": "gen9vgc2025regibo3", "rating": null, "private": 0, "password": null}