{"id": "gen9vgc2025regibo3-2354813764", "format": "[Gen 9] VGC 2025 Reg I (Bo3)", "players": ["catsharknado", "Jakobtc"], "log": "|j|\u2606catsharknado\n|j|\u2606Jakobtc\n|html|<table width=\"100%\"><tr><td align=\"left\">catsharknado</td><td align=\"right\">Jakobtc</tr><tr><td align=\"left\"><i class=\"fa fa-circle-o\"></i> <i class=\"fa fa-circle-o\"></i> </td><td align=\"right\"><i class=\"fa fa-circle-o\"></i> <i class=\"fa fa-circle-o\"></i> </tr></table>\n|uhtml|bestof|<h2><strong>Game 1</strong> of <a href=\"/game-bestof3-gen9vgc2025regibo3-2354813763\">a best-of-3</a></h2>\n|t:|1746122011\n|gametype|doubles\n|player|p1|catsharknado|266|1270\n|player|p2|Jakobtc|riley|1315\n|teamsize|p1|6\n|teamsize|p2|6\n|gen|9\n|tier|[Gen 9] VGC 2025 Reg I (Bo3)\n|rated|\n|rule|Species Clause: Limit one of each Pok\u00e9mon\n|rule|Item Clause: Limit 1 of each item\n|clearpoke\n|poke|p1|Terapagos, L50, M|\n|poke|p1|Incineroar, L50, M|\n|poke|p1|Rillaboom, L50, F|\n|poke|p1|Ogerpon-Cornerstone, L50, F|\n|poke|p1|Flutter Mane, L50|\n|poke|p1|Calyrex-Shadow, L50|\n|poke|p2|Calyrex-Shadow, L50|\n|poke|p2|Zacian-*, L50|\n|poke|p2|Incineroar, L50, F|\n|poke|p2|Rillaboom, L50, M|\n|poke|p2|Urshifu-*, L50, F|\n|poke|p2|Tornadus, L50, M|\n|teampreview|4\n|showteam|p1|Terapagos||Leftovers|TeraShift|CalmMind,Protect,TeraStarstorm,EarthPower|||M|||50|,,,,,Stellar]Incineroar||RockyHelmet|Intimidate|KnockOff,FakeOut,PartingShot,WillOWisp|||M|||50|,,,,,Ghost]Rillaboom||AssaultVest|GrassySurge|GrassyGlide,WoodHammer,FakeOut,Uturn|||F|||50|,,,,,Grass]Ogerpon-Cornerstone||CornerstoneMask|Sturdy|IvyCudgel,SpikyShield,FollowMe,PowerWhip|||F|||50|,,,,,Rock]Flutter Mane||BoosterEnergy|Protosynthesis|Moonblast,IcyWind,ThunderWave,Taunt||||||50|,,,,,Fairy]Calyrex-Shadow||FocusSash|AsOneSpectrier|AstralBarrage,Protect,WillOWisp,PollenPuff||||||50|,,,,,Ghost\n|showteam|p2|Calyrex-Shadow||FocusSash|AsOneSpectrier|AstralBarrage,Psychic,Taunt,Protect||||||50|,,,,,Stellar]Zacian-Crowned||RustedSword|IntrepidSword|behemothblade,PlayRough,SacredSword,Protect||||||50|,,,,,Water]Incineroar||SafetyGoggles|Intimidate|FakeOut,KnockOff,HelpingHand,PartingShot|||F|||50|,,,,,Bug]Rillaboom||AssaultVest|GrassySurge|FakeOut,GrassyGlide,WoodHammer,Uturn|||M|||50|,,,,,Fire]Urshifu-Rapid-Strike||ChoiceScarf|UnseenFist|SurgingStrikes,CloseCombat,AquaJet,Uturn|||F|||50|,,,,,Water]Tornadus||CovertCloak|Prankster|BleakwindStorm,Tailwind,RainDance,Protect|||M|||50|,,,,,Dark\n|inactive|Battle timer is ON: inactive players will automatically lose when time's up. (requested by catsharknado)\n|\n|t:|1746122035\n|start\n|switch|p1a: Rillaboom|Rillaboom, L50, F, shiny|100/100\n|switch|p1b: Terapagos|Terapagos, L50, M|100/100\n|switch|p2a: Urshifu|Urshifu-Rapid-Strike, L50, F|100/100\n|switch|p2b: Tornadus|Tornadus, L50, M|100/100\n|-activate|p1b: Terapagos|ability: Tera Shift\n|detailschange|p1b: Terapagos|Terapagos-Terastal, L50, M\n|-heal|p1b: Terapagos|100/100|[silent]\n|-fieldstart|move: Grassy Terrain|[from] ability: Grassy Surge|[of] p1a: Rillaboom\n|turn|1\n|\n|t:|1746122048\n|switch|p2a: My Cat|Incineroar, L50, F|100/100\n|-ability|p2a: My Cat|Intimidate|boost\n|-unboost|p1a: Rillaboom|atk|1\n|-unboost|p1b: Terapagos|atk|1\n|move|p1a: Rillaboom|Fake Out|p2a: My Cat\n|-damage|p2a: My Cat|95/100\n|move|p2b: Tornadus|Bleakwind Storm|p1b: Terapagos|[spread] p1a\n|-miss|p2b: Tornadus|p1b: Terapagos\n|-supereffective|p1a: Rillaboom\n|-damage|p1a: Rillaboom|60/100\n|move|p1b: Terapagos|Calm Mind|p1b: Terapagos\n|-boost|p1b: Terapagos|spa|1\n|-boost|p1b: Terapagos|spd|1\n|\n|-heal|p1a: Rillaboom|66/100|[from] Grassy Terrain\n|-heal|p2a: My Cat|100/100|[from] Grassy Terrain\n|upkeep\n|turn|2\n|inactive|catsharknado has 30 seconds left.\n|inactive|Jakobtc has 30 seconds left.\n|\n|t:|1746122075\n|move|p2b: Tornadus|Bleakwind Storm|p1b: Terapagos|[spread] p1a,p1b\n|-supereffective|p1a: Rillaboom\n|-activate|p1b: Terapagos|ability: Tera Shell\n|-resisted|p1b: Terapagos\n|-damage|p1a: Rillaboom|22/100\n|-damage|p1b: Terapagos|90/100\n|-unboost|p1b: Terapagos|spe|1\n|move|p1a: Rillaboom|U-turn|p2a: My Cat\n|-damage|p2a: My Cat|90/100\n|\n|t:|1746122083\n|switch|p1a: Incineroar|Incineroar, L50, M, shiny|100/100|[from] U-turn\n|-ability|p1a: Incineroar|Intimidate|boost\n|-unboost|p2a: My Cat|atk|1\n|-unboost|p2b: Tornadus|atk|1\n|move|p1b: Terapagos|Earth Power|p2a: My Cat\n|-supereffective|p2a: My Cat\n|-crit|p2a: My Cat\n|-damage|p2a: My Cat|0 fnt\n|faint|p2a: My Cat\n|\n|-heal|p1b: Terapagos|96/100|[from] Grassy Terrain\n|-heal|p1b: Terapagos|100/100|[from] item: Leftovers\n|upkeep\n|\n|t:|1746122094\n|switch|p2a: Zacian|Zacian-Crowned, L50|100/100\n|-ability|p2a: Zacian|Intrepid Sword|boost\n|-boost|p2a: Zacian|atk|1\n|turn|3\n|inactive|catsharknado has 30 seconds left.\n|\n|t:|1746122129\n|switch|p1a: Rillaboom|Rillaboom, L50, F, shiny|22/100\n|move|p2a: Zacian|Sacred Sword|p1a: Rillaboom\n|-damage|p1a: Rillaboom|0 fnt\n|faint|p1a: Rillaboom\n|move|p2b: Tornadus|Bleakwind Storm|p1b: Terapagos\n|-activate|p1b: Terapagos|ability: Tera Shell\n|-resisted|p1b: Terapagos\n|-damage|p1b: Terapagos|87/100\n|-unboost|p1b: Terapagos|spe|1\n|move|p1b: Terapagos|Earth Power|p2a: Zacian\n|-supereffective|p2a: Zacian\n|-damage|p2a: Zacian|39/100\n|\n|-heal|p2a: Zacian|45/100|[from] Grassy Terrain\n|-heal|p1b: Terapagos|94/100|[from] Grassy Terrain\n|-heal|p1b: Terapagos|99/100|[from] item: Leftovers\n|upkeep\n|\n|t:|1746122145\n|switch|p1a: Incineroar|Incineroar, L50, M, shiny|100/100\n|-ability|p1a: Incineroar|Intimidate|boost\n|-unboost|p2a: Zacian|atk|1\n|-unboost|p2b: Tornadus|atk|1\n|turn|4\n|\n|t:|1746122159\n|switch|p2a: Urshifu|Urshifu-Rapid-Strike, L50, F|100/100\n|move|p1a: Incineroar|Fake Out|p2a: Urshifu\n|-damage|p2a: Urshifu|90/100\n|move|p2b: Tornadus|Bleakwind Storm|p1b: Terapagos|[spread] p1a,p1b\n|-damage|p1a: Incineroar|70/100\n|-damage|p1b: Terapagos|81/100\n|-unboost|p1b: Terapagos|spe|1\n|move|p1b: Terapagos|Tera Starstorm|p2b: Tornadus\n|-damage|p2b: Tornadus|8/100\n|\n|-heal|p2a: Urshifu|96/100|[from] Grassy Terrain\n|-heal|p1a: Incineroar|76/100|[from] Grassy Terrain\n|-heal|p1b: Terapagos|87/100|[from] Grassy Terrain\n|-heal|p1b: Terapagos|94/100|[from] item: Leftovers\n|upkeep\n|turn|5\n|inactive|catsharknado has 30 seconds left.\n|inactive|Jakobtc has 30 seconds left.\n|inactive|Jakobtc has 20 seconds left.\n|inactive|Jakobtc has 15 seconds left.\n|inactive|Jakobtc has 10 seconds left.\n|inactive|Jakobtc has 5 seconds left.\n|\n|t:|1746122209\n|-terastallize|p2a: Urshifu|Water\n|-terastallize|p1b: Terapagos|Stellar\n|detailschange|p1b: Terapagos|Terapagos-Stellar, L50, M, tera:Stellar\n|-heal|p1b: Terapagos|95/100|[silent]\n|-ability|p1b: Terapagos|Teraform Zero\n|-fieldend|move: Grassy Terrain\n|move|p2a: Urshifu|Surging Strikes|p1a: Incineroar\n|-supereffective|p1a: Incineroar\n|-crit|p1a: Incineroar\n|-damage|p1a: Incineroar|35/100\n|-damage|p2a: Urshifu|79/100|[from] item: Rocky Helmet|[of] p1a: Incineroar\n|-supereffective|p1a: Incineroar\n|-crit|p1a: Incineroar\n|-damage|p1a: Incineroar|0 fnt\n|-damage|p2a: Urshifu|63/100|[from] item: Rocky Helmet|[of] p1a: Incineroar\n|faint|p1a: Incineroar\n|-hitcount|p1: Incineroar|2\n|move|p2b: Tornadus|Bleakwind Storm|p1b: Terapagos\n|-damage|p1b: Terapagos|74/100\n|move|p1b: Terapagos|Tera Starstorm|p2a: Urshifu|[spread] p2a,p2b\n|-supereffective|p2a: Urshifu\n|-damage|p2a: Urshifu|0 fnt\n|-damage|p2b: Tornadus|0 fnt\n|faint|p2a: Urshifu\n|faint|p2b: Tornadus\n|\n|-heal|p1b: Terapagos|81/100|[from] item: Leftovers\n|upkeep\n|\n|t:|1746122232\n|switch|p2b: Zacian|Zacian-Crowned, L50|45/100\n|switch|p1a: Flutter Mane|Flutter Mane, L50|100/100\n|-enditem|p1a: Flutter Mane|Booster Energy\n|-activate|p1a: Flutter Mane|ability: Protosynthesis|[fromitem]\n|-start|p1a: Flutter Mane|protosynthesisspe\n|turn|6\n|\n|t:|1746122248\n|move|p1a: Flutter Mane|Moonblast|p2b: Zacian\n|-resisted|p2b: Zacian\n|-damage|p2b: Zacian|26/100\n|move|p2b: Zacian|Sacred Sword|p1b: Terapagos\n|-supereffective|p1b: Terapagos\n|-damage|p1b: Terapagos|42/100\n|move|p1b: Terapagos|Earth Power|p2b: Zacian\n|-supereffective|p2b: Zacian\n|-damage|p2b: Zacian|0 fnt\n|faint|p2b: Zacian\n|\n|win|catsharknado\n||catsharknado is ready for game 2.\n|inactive|Jakobtc has 30 seconds to confirm battle start!\n||Jakobtc is ready for game 2.\n|uhtml|next|Next: <a href=\"/battle-gen9vgc2025regibo3-2354816623\"><strong>Game 2 of 3</strong></a>\n|l|\u2606Jakobtc\n|player|p2|\n|l|\u2606catsharknado\n|player|p1|\n|j|\u2606Jakobtc\n|player|p2|Jakobtc|riley|\n", "uploadtime": 1746122257, "views": 6, "formatid": "gen9vgc2025regibo3", "rating": null, "private": 0, "password": null}