{"id": "gen9vgc2025regibo3-2354237361", "format": "[Gen 9] VGC 2025 Reg I (Bo3)", "players": ["atlpreplup", "Solunex"], "log": "|j|\u2606atlpreplup\n|j|\u203dSolunex\n|html|<table width=\"100%\"><tr><td align=\"left\">atlpreplup</td><td align=\"right\">Solunex</tr><tr><td align=\"left\"><i class=\"fa fa-circle\"></i> <i class=\"fa fa-circle-o\"></i> </td><td align=\"right\"><i class=\"fa fa-circle-o\"></i> <i class=\"fa fa-circle-o\"></i> </tr></table>\n|uhtml|bestof|<h2><strong>Game 2</strong> of <a href=\"/game-bestof3-gen9vgc2025regibo3-2354235013\">a best-of-3</a></h2>\n|t:|1746047740\n|gametype|doubles\n|player|p1|atlpreplup|170|1350\n|player|p2|Solunex|101|1218\n|teamsize|p1|6\n|teamsize|p2|6\n|gen|9\n|tier|[Gen 9] VGC 2025 Reg I (Bo3)\n|rated|\n|rule|Species Clause: Limit one of each Pok\u00e9mon\n|rule|Item Clause: Limit 1 of each item\n|clearpoke\n|poke|p1|Calyrex-Shadow, L50|\n|poke|p1|Incineroar, L50, M|\n|poke|p1|Koraidon, L50|\n|poke|p1|Brute Bonnet, L50|\n|poke|p1|Indeedee-F, L50, F|\n|poke|p1|Whimsicott, L50, M|\n|poke|p2|Zacian-*, L50|\n|poke|p2|Tornadus, L50, M|\n|poke|p2|Urshifu-*, L50, F|\n|poke|p2|Ogerpon-Cornerstone, L50, F|\n|poke|p2|Calyrex-Ice, L50|\n|poke|p2|Moltres-Galar, L50|\n|teampreview|4\n|showteam|p1|Calyrex-Shadow||FocusSash|AsOneSpectrier|AstralBarrage,ExpandingForce,Disable,Protect||||||50|,,,,,Dark]Incineroar||AssaultVest|Intimidate|FakeOut,FlareBlitz,KnockOff,Uturn|||M|||50|,,,,,Bug]Koraidon||ClearAmulet|OrichalcumPulse|CollisionCourse,FlareBlitz,FlameCharge,Protect||||||50|,,,,,Fire]Brute Bonnet||RockyHelmet|Protosynthesis|SeedBomb,SuckerPunch,Spore,RagePowder||||||50|,,,,,Water]Indeedee-F||PsychicSeed|PsychicSurge|Psychic,HelpingHand,FollowMe,TrickRoom|||F|||50|,,,,,Water]Whimsicott||CovertCloak|Prankster|Moonblast,Tailwind,Encore,LightScreen|||M|||50|,,,,,Dark\n|showteam|p2|Zacian-Crowned||RustedSword|IntrepidSword|behemothblade,PlayRough,SacredSword,Protect||||||50|,,,,,Dragon]Tornadus||CovertCloak|Prankster|BleakwindStorm,RainDance,Tailwind,Taunt|||M|||50|,,,,,Dark]Urshifu-Rapid-Strike||FocusSash|UnseenFist|SurgingStrikes,CloseCombat,AquaJet,Protect|||F|||50|,,,,,Stellar]Ogerpon-Cornerstone||CornerstoneMask|Sturdy|IvyCudgel,PowerWhip,FollowMe,SpikyShield|||F|||50|,,,,,Rock]Calyrex-Ice||AssaultVest|AsOneGlastrier|GlacialLance,HighHorsepower,ThroatChop,SeedBomb||||||50|,,,,,Fire]Moltres-Galar||Leftovers|Berserk|FieryWrath,AirSlash,HelpingHand,Protect||||||50|,,,,,Poison\n|\n|t:|1746047774\n|start\n|switch|p1a: Calyrex|Calyrex-Shadow, L50|100/100\n|switch|p1b: Brute Bonnet|Brute Bonnet, L50|100/100\n|switch|p2a: Tornadus|Tornadus, L50, M|100/100\n|switch|p2b: Moltres|Moltres-Galar, L50|100/100\n|-ability|p1a: Calyrex|As One\n|-ability|p1a: Calyrex|Unnerve\n|turn|1\n|inactive|Battle timer is ON: inactive players will automatically lose when time's up. (requested by Solunex)\n|\n|t:|1746047789\n|-terastallize|p1a: Calyrex|Dark\n|move|p2b: Moltres|Protect|p2b: Moltres\n|-singleturn|p2b: Moltres|Protect\n|move|p2a: Tornadus|Taunt|p1b: Brute Bonnet\n|-hint|Since gen 7, Dark is immune to Prankster moves.\n|-immune|p1b: Brute Bonnet\n|move|p1a: Calyrex|Astral Barrage|p2a: Tornadus|[spread] p2a\n|-activate|p2b: Moltres|move: Protect\n|-damage|p2a: Tornadus|47/100\n|move|p1b: Brute Bonnet|Spore|p2a: Tornadus\n|-status|p2a: Tornadus|slp|[from] move: Spore\n|\n|upkeep\n|turn|2\n|\n|t:|1746047805\n|cant|p2a: Tornadus|slp\n|move|p1a: Calyrex|Astral Barrage|p2a: Tornadus|[spread] p2a,p2b\n|-resisted|p2b: Moltres\n|-damage|p2a: Tornadus|0 fnt\n|-damage|p2b: Moltres|81/100\n|faint|p2a: Tornadus\n|-ability|p1a: Calyrex|Grim Neigh|boost\n|-boost|p1a: Calyrex|spa|1\n|move|p2b: Moltres|Air Slash|p1b: Brute Bonnet\n|-supereffective|p1b: Brute Bonnet\n|-damage|p1b: Brute Bonnet|58/100\n|move|p1b: Brute Bonnet|Spore|p2b: Moltres\n|-status|p2b: Moltres|slp|[from] move: Spore\n|\n|-heal|p2b: Moltres|87/100 slp|[from] item: Leftovers\n|upkeep\n|\n|t:|1746047821\n|switch|p2a: Zacian|Zacian-Crowned, L50|100/100\n|-ability|p2a: Zacian|Intrepid Sword|boost\n|-boost|p2a: Zacian|atk|1\n|turn|3\n|\n|t:|1746047834\n|cant|p2b: Moltres|slp\n|move|p1a: Calyrex|Astral Barrage|p2b: Moltres|[spread] p2a,p2b\n|-resisted|p2b: Moltres\n|-damage|p2a: Zacian|27/100\n|-damage|p2b: Moltres|60/100 slp\n|move|p2a: Zacian|Sacred Sword|p1a: Calyrex\n|-supereffective|p1a: Calyrex\n|-enditem|p1a: Calyrex|Focus Sash\n|-damage|p1a: Calyrex|1/100\n|move|p1b: Brute Bonnet|Spore|p2a: Zacian\n|-status|p2a: Zacian|slp|[from] move: Spore\n|\n|-heal|p2b: Moltres|66/100 slp|[from] item: Leftovers\n|upkeep\n|turn|4\n|\n|t:|1746047856\n|cant|p2a: Zacian|slp\n|move|p1a: Calyrex|Astral Barrage|p2b: Moltres|[spread] p2a,p2b\n|-resisted|p2b: Moltres\n|-damage|p2a: Zacian|0 fnt\n|-damage|p2b: Moltres|38/100 slp\n|faint|p2a: Zacian\n|-ability|p1a: Calyrex|Grim Neigh|boost\n|-boost|p1a: Calyrex|spa|1\n|-ability|p2b: Moltres|Berserk|boost\n|-boost|p2b: Moltres|spa|1\n|cant|p2b: Moltres|slp\n|move|p1b: Brute Bonnet|Spore|p2b: Moltres\n|-fail|p2b: Moltres|slp\n|\n|-heal|p2b: Moltres|44/100 slp|[from] item: Leftovers\n|upkeep\n|inactive|Solunex has 30 seconds left.\n|\n|t:|1746047881\n|switch|p2a: Calyrex|Calyrex-Ice, L50|100/100\n|-ability|p2a: Calyrex|As One\n|-ability|p2a: Calyrex|Unnerve\n|turn|5\n|\n|t:|1746047909\n|-terastallize|p2a: Calyrex|Fire\n|move|p1b: Brute Bonnet|Sucker Punch|p2a: Calyrex\n|-damage|p2a: Calyrex|80/100\n|move|p1a: Calyrex|Astral Barrage|p2b: Moltres|[spread] p2a,p2b\n|-resisted|p2b: Moltres\n|-damage|p2a: Calyrex|25/100\n|-damage|p2b: Moltres|7/100 slp\n|cant|p2b: Moltres|slp\n|move|p2a: Calyrex|Glacial Lance|p1a: Calyrex|[spread] p1a,p1b\n|-supereffective|p1b: Brute Bonnet\n|-damage|p1a: Calyrex|0 fnt\n|-damage|p1b: Brute Bonnet|0 fnt\n|faint|p1a: Calyrex\n|faint|p1b: Brute Bonnet\n|-end|p1b: Brute Bonnet|Protosynthesis|[silent]\n|-ability|p2a: Calyrex|Chilling Neigh|boost\n|-boost|p2a: Calyrex|atk|2\n|\n|-heal|p2b: Moltres|13/100 slp|[from] item: Leftovers\n|upkeep\n|\n|t:|1746047927\n|switch|p1a: Koraidon|Koraidon, L50|100/100\n|switch|p1b: Whimsicott|Whimsicott, L50, M|100/100\n|-weather|SunnyDay|[from] ability: Orichalcum Pulse|[of] p1a: Koraidon\n|-activate|p1a: Koraidon|Orichalcum Pulse|[source]\n|turn|6\n|\n|t:|1746047939\n|move|p1a: Koraidon|Collision Course|p2a: Calyrex\n|-damage|p2a: Calyrex|0 fnt\n|faint|p2a: Calyrex\n|move|p1b: Whimsicott|Moonblast|p2b: Moltres\n|-supereffective|p2b: Moltres\n|-damage|p2b: Moltres|0 fnt\n|faint|p2b: Moltres\n|\n|win|atlpreplup\n|raw|atlpreplup's rating: 1350 &rarr; <strong>1363</strong><br />(+13 for winning)\n|raw|Solunex's rating: 1218 &rarr; <strong>1202</strong><br />(-16 for losing)\n|c|\u2606atlpreplup|gg\n|c|\u2606atlpreplup|Goltres is based\n|l|\u2606atlpreplup\n|player|p1|\n|l|\u203dSolunex\n|player|p2|\n", "uploadtime": 1746048021, "views": 21, "formatid": "gen9vgc2025regibo3", "rating": 1202, "private": 0, "password": null}