{"id": "gen9vgc2025regibo3-2354985802", "format": "[Gen 9] VGC 2025 Reg I (Bo3)", "players": ["NobbyRS", "Bobrobgilly"], "log": "|j|\u2606NobbyRS\n|j|\u2606Bobrobgilly\n|html|<table width=\"100%\"><tr><td align=\"left\">NobbyRS</td><td align=\"right\">Bobrobgilly</tr><tr><td align=\"left\"><i class=\"fa fa-circle\"></i> <i class=\"fa fa-circle-o\"></i> </td><td align=\"right\"><i class=\"fa fa-circle-o\"></i> <i class=\"fa fa-circle-o\"></i> </tr></table>\n|uhtml|bestof|<h2><strong>Game 2</strong> of <a href=\"/game-bestof3-gen9vgc2025regibo3-2354982529\">a best-of-3</a></h2>\n|t:|1746138808\n|gametype|doubles\n|player|p1|NobbyRS|hiker-gen4|\n|player|p2|Bobrobgilly|roughneck-gen4|\n|teamsize|p1|6\n|teamsize|p2|6\n|gen|9\n|tier|[Gen 9] VGC 2025 Reg I (Bo3)\n|rule|Species Clause: Limit one of each Pok\u00e9mon\n|rule|Item Clause: Limit 1 of each item\n|clearpoke\n|poke|p1|Calyrex-Shadow, L50|\n|poke|p1|Koraidon, L50|\n|poke|p1|Grimmsnarl, L50, M|\n|poke|p1|Rillaboom, L50, F|\n|poke|p1|Toxapex, L50, M|\n|poke|p1|Chi-Yu, L50|\n|poke|p2|Regigigas, L50|\n|poke|p2|Sableye, L50, F|\n|poke|p2|Calyrex-Shadow, L50|\n|poke|p2|Araquanid, L50, F|\n|poke|p2|Regidrago, L50|\n|poke|p2|Miraidon, L50|\n|teampreview|4\n|showteam|p1|Calyrex-Shadow||FocusSash|AsOneSpectrier|AstralBarrage,Psychic,Encore,Protect||||||50|,,,,,Dark]Koraidon||ClearAmulet|OrichalcumPulse|FlameCharge,CollisionCourse,TemperFlare,Protect||||||50|,,,,,Fire]Grimmsnarl||LightClay|Prankster|SpiritBreak,Reflect,LightScreen,ThunderWave|||M|||50|,,,,,Ghost]Rillaboom||AssaultVest|GrassySurge|GrassyGlide,FakeOut,WoodHammer,Uturn|||F|||50|,,,,,Fire]Toxapex||Leftovers|Regenerator|BanefulBunker,WideGuard,Infestation,IcyWind|||M|||50|,,,,,Dark]Chi-Yu||ChoiceScarf|BeadsofRuin|HeatWave,Overheat,Snarl,TeraBlast||||||50|,,,,,Fairy\n|showteam|p2|Regigigas||ElectricSeed|SlowStart|CrushGrip,Rest,SleepTalk,Payback||||||50|,,,,,Ghost]Sableye||HeavyDutyBoots|Prankster|LightScreen,SkillSwap,Encore,Recover|||F|||50|,,,,,Poison]Calyrex-Shadow||FocusSash|AsOneSpectrier|GigaDrain,Psychic,AstralBarrage,DarkPulse||||||50|,,,,,Normal]Araquanid||CustapBerry|WaterBubble|StickyWeb,Liquidation,Lunge,WideGuard|||F|||50|,,,,,Ghost]Regidrago||ChoiceScarf|DragonsMaw|DragonEnergy,DracoMeteor,EarthPower,AncientPower||||||50|,,,,,Dragon]Miraidon||AssaultVest|HadronEngine|ElectroDrift,DracoMeteor,VoltSwitch,DazzlingGleam||||||50|,,,,,Electric\n|inactive|Battle timer is ON: inactive players will automatically lose when time's up. (requested by NobbyRS)\n|inactive|NobbyRS has 60 seconds left.\n|\n|t:|1746138864\n|start\n|switch|p1a: De Vil|Grimmsnarl, L50, M|100/100\n|switch|p1b: Chi-Yu|Chi-Yu, L50|100/100\n|switch|p2a: Araquanid|Araquanid, L50, F|100/100\n|switch|p2b: Calyrex|Calyrex-Shadow, L50|100/100\n|-ability|p2b: Calyrex|As One\n|-ability|p2b: Calyrex|Unnerve\n|-ability|p1b: Chi-Yu|Beads of Ruin\n|turn|1\n|inactive|NobbyRS has 30 seconds left.\n|inactive|Bobrobgilly has 30 seconds left.\n|inactive|Bobrobgilly has 20 seconds left.\n|inactive|Bobrobgilly has 15 seconds left.\n|\n|t:|1746138906\n|move|p1a: De Vil|Light Screen|p1a: De Vil\n|-sidestart|p1: NobbyRS|move: Light Screen\n|move|p1b: Chi-Yu|Overheat|p2b: Calyrex\n|-damage|p2b: Calyrex|14/100\n|-unboost|p1b: Chi-Yu|spa|2\n|move|p2b: Calyrex|Giga Drain|p1a: De Vil\n|-damage|p1a: De Vil|76/100\n|-heal|p2b: Calyrex|29/100|[from] drain|[of] p1a: De Vil\n|move|p2a: Araquanid|Sticky Web|p1a: De Vil\n|-sidestart|p1: NobbyRS|move: Sticky Web\n|\n|upkeep\n|turn|2\n|\n|t:|1746138931\n|move|p1a: De Vil|Reflect|p1a: De Vil\n|-sidestart|p1: NobbyRS|Reflect\n|move|p1b: Chi-Yu|Overheat|p2b: Calyrex\n|-damage|p2b: Calyrex|0 fnt\n|-unboost|p1b: Chi-Yu|spa|2\n|faint|p2b: Calyrex\n|move|p2a: Araquanid|Liquidation|p1b: Chi-Yu\n|-supereffective|p1b: Chi-Yu\n|-damage|p1b: Chi-Yu|0 fnt\n|faint|p1b: Chi-Yu\n|\n|upkeep\n|\n|t:|1746138947\n|switch|p2b: Sableye|Sableye, L50, F|100/100\n|switch|p1b: Koraido|Koraidon, L50|100/100\n|-activate|p1b: Koraido|move: Sticky Web\n|-fail|p1b: Koraido|unboost|[from] item: Clear Amulet|[of] p1b: Koraido\n|-weather|SunnyDay|[from] ability: Orichalcum Pulse|[of] p1b: Koraido\n|-activate|p1b: Koraido|Orichalcum Pulse|[source]\n|turn|3\n|inactive|NobbyRS has 30 seconds left.\n|inactive|NobbyRS has 20 seconds left.\n|inactive|NobbyRS has 15 seconds left.\n|inactive|NobbyRS has 10 seconds left.\n|\n|t:|1746138995\n|-terastallize|p2b: Sableye|Poison\n|move|p1a: De Vil|Thunder Wave|p2b: Sableye\n|-status|p2b: Sableye|par\n|cant|p2b: Sableye|par\n|move|p1b: Koraido|Temper Flare|p2b: Sableye\n|-damage|p2b: Sableye|28/100 par\n|move|p2a: Araquanid|Sticky Web||[still]\n|-fail|p2a: Araquanid\n|\n|-weather|SunnyDay|[upkeep]\n|upkeep\n|turn|4\n|inactive|NobbyRS has 30 seconds left.\n|inactive|NobbyRS has 20 seconds left.\n|inactive|NobbyRS has 15 seconds left.\n|\n|t:|1746139037\n|move|p1a: De Vil|Thunder Wave|p2a: Araquanid\n|-status|p2a: Araquanid|par\n|move|p2b: Sableye|Skill Swap|p1b: Koraido\n|-activate|p2b: Sableye|move: Skill Swap|Orichalcum Pulse|Prankster|[of] p1b: Koraido\n|-activate|p2b: Sableye|ability: Orichalcum Pulse\n|move|p1b: Koraido|Temper Flare|p2a: Araquanid\n|-damage|p2a: Araquanid|75/100 par\n|move|p2a: Araquanid|Lunge|p1b: Koraido\n|-resisted|p1b: Koraido\n|-damage|p1b: Koraido|93/100\n|\n|-weather|SunnyDay|[upkeep]\n|upkeep\n|turn|5\n|inactive|NobbyRS has 30 seconds left.\n|inactive|Bobrobgilly has 30 seconds left.\n|inactive|NobbyRS has 20 seconds left.\n|\n|t:|1746139073\n|switch|p1a: Calyrex|Calyrex-Shadow, L50|100/100\n|-ability|p1a: Calyrex|As One\n|-ability|p1a: Calyrex|Unnerve\n|-activate|p1a: Calyrex|move: Sticky Web\n|-unboost|p1a: Calyrex|spe|1\n|switch|p2a: Regigigas|Regigigas, L50|100/100\n|-start|p2a: Regigigas|ability: Slow Start\n|move|p1b: Koraido|Temper Flare|p2b: Sableye\n|-damage|p2b: Sableye|0 fnt\n|faint|p2b: Sableye\n|\n|-weather|SunnyDay|[upkeep]\n|upkeep\n|\n|t:|1746139091\n|switch|p2b: Araquanid|Araquanid, L50, F|75/100 par\n|turn|6\n|\n|t:|1746139102\n|switch|p1b: De Vil|Grimmsnarl, L50, M|76/100\n|-activate|p1b: De Vil|move: Sticky Web\n|-unboost|p1b: De Vil|spe|1\n|move|p1a: Calyrex|Protect|p1a: Calyrex\n|-singleturn|p1a: Calyrex|Protect\n|cant|p2b: Araquanid|par\n|move|p2a: Regigigas|Crush Grip|p1b: De Vil\n|-damage|p1b: De Vil|54/100\n|\n|-weather|SunnyDay|[upkeep]\n|upkeep\n|turn|7\n|inactive|NobbyRS has 30 seconds left.\n|inactive|NobbyRS has 20 seconds left.\n|\n|t:|1746139139\n|move|p2b: Araquanid|Wide Guard|p2b: Araquanid\n|-singleturn|p2b: Araquanid|Wide Guard\n|move|p1b: De Vil|Thunder Wave|p2a: Regigigas\n|-status|p2a: Regigigas|par\n|move|p1a: Calyrex|Psychic|p2a: Regigigas\n|-damage|p2a: Regigigas|48/100 par\n|-unboost|p2a: Regigigas|spd|1\n|move|p2a: Regigigas|Payback|p1a: Calyrex\n|-supereffective|p1a: Calyrex\n|-damage|p1a: Calyrex|25/100\n|\n|-weather|none\n|upkeep\n|turn|8\n|inactive|NobbyRS has 30 seconds left.\n|\n|t:|1746139166\n|move|p1a: Calyrex|Psychic|p2a: Regigigas\n|-damage|p2a: Regigigas|0 fnt\n|faint|p2a: Regigigas\n|-end|p2a: Regigigas|Slow Start|[silent]\n|-ability|p1a: Calyrex|Grim Neigh|boost\n|-boost|p1a: Calyrex|spa|1\n|move|p1b: De Vil|Spirit Break|p2b: Araquanid\n|-crit|p2b: Araquanid\n|-damage|p2b: Araquanid|14/100 par\n|-unboost|p2b: Araquanid|spa|1\n|cant|p2b: Araquanid|par\n|\n|-sideend|p1: NobbyRS|move: Light Screen\n|upkeep\n|turn|9\n|\n|t:|1746139183\n|move|p1a: Calyrex|Psychic|p2b: Araquanid\n|-damage|p2b: Araquanid|0 fnt\n|faint|p2b: Araquanid\n|\n|win|NobbyRS\n", "uploadtime": 1746139195, "views": 10, "formatid": "gen9vgc2025regibo3", "rating": null, "private": 0, "password": null}