{"id": "gen9vgc2025regibo3-2354509251", "format": "[Gen 9] VGC 2025 Reg I (Bo3)", "players": ["Teamtest09", "Desertfreak"], "log": "|j|\u2606Teamtest09\n|j|\u2606Desertfreak\n|html|<table width=\"100%\"><tr><td align=\"left\">Teamtest09</td><td align=\"right\">Desertfreak</tr><tr><td align=\"left\"><i class=\"fa fa-circle-o\"></i> <i class=\"fa fa-circle-o\"></i> </td><td align=\"right\"><i class=\"fa fa-circle-o\"></i> <i class=\"fa fa-circle-o\"></i> </tr></table>\n|uhtml|bestof|<h2><strong>Game 1</strong> of <a href=\"/game-bestof3-gen9vgc2025regibo3-2354509250\">a best-of-3</a></h2>\n|t:|1746084417\n|gametype|doubles\n|player|p1|Teamtest09|unknown|1350\n|player|p2|Desertfreak|170|1355\n|teamsize|p1|6\n|teamsize|p2|6\n|gen|9\n|tier|[Gen 9] VGC 2025 Reg I (Bo3)\n|rated|\n|rule|Species Clause: Limit one of each Pok\u00e9mon\n|rule|Item Clause: Limit 1 of each item\n|clearpoke\n|poke|p1|Koraidon, L50|\n|poke|p1|Lunala, L50|\n|poke|p1|Flutter Mane, L50|\n|poke|p1|Chi-Yu, L50|\n|poke|p1|Brute Bonnet, L50|\n|poke|p1|Raging Bolt, L50|\n|poke|p2|Koraidon, L50|\n|poke|p2|Lunala, L50|\n|poke|p2|Brute Bonnet, L50|\n|poke|p2|Flutter Mane, L50|\n|poke|p2|Chi-Yu, L50|\n|poke|p2|Tornadus, L50, M|\n|teampreview|4\n|showteam|p1|Koraidon||LifeOrb|OrichalcumPulse|CloseCombat,FlareBlitz,FlameCharge,Protect||||||50|,,,,,Fire]Lunala||PowerHerb|ShadowShield|MoongeistBeam,MeteorBeam,WideGuard,TrickRoom||||||50|,,,,,Water]Flutter Mane||FocusSash|Protosynthesis|ShadowBall,Moonblast,IcyWind,Protect||||||50|,,,,,Normal]Chi-Yu||ChoiceScarf|BeadsofRuin|Snarl,DarkPulse,Overheat,HeatWave||||||50|,,,,,Ghost]Brute Bonnet||CovertCloak|Protosynthesis|SuckerPunch,SeedBomb,Spore,RagePowder||||||50|,,,,,Water]Raging Bolt||AssaultVest|Protosynthesis|Thunderclap,VoltSwitch,DracoMeteor,Thunderbolt||||||50|,,,,,Electric\n|showteam|p2|Koraidon||LifeOrb|OrichalcumPulse|CloseCombat,FlameCharge,FlareBlitz,Protect||||||50|,,,,,Fire]Lunala||PowerHerb|ShadowShield|MoongeistBeam,MeteorBeam,WideGuard,TrickRoom||||||50|,,,,,Water]Brute Bonnet||CovertCloak|Protosynthesis|SeedBomb,SuckerPunch,Spore,RagePowder||||||50|,,,,,Water]Flutter Mane||FocusSash|Protosynthesis|Moonblast,ShadowBall,IcyWind,Taunt||||||50|,,,,,Normal]Chi-Yu||ChoiceScarf|BeadsofRuin|Overheat,DarkPulse,HeatWave,Snarl||||||50|,,,,,Ghost]Tornadus||RockyHelmet|Prankster|SunnyDay,Tailwind,BleakwindStorm,Protect|||M|||50|,,,,,Dark\n|\n|t:|1746084453\n|start\n|switch|p1a: Koraidon|Koraidon, L50|100/100\n|switch|p1b: Flutter Mane|Flutter Mane, L50|100/100\n|switch|p2a: Brute Bonnet|Brute Bonnet, L50, shiny|100/100\n|switch|p2b: Koraidon|Koraidon, L50|100/100\n|-weather|SunnyDay|[from] ability: Orichalcum Pulse|[of] p1a: Koraidon\n|-activate|p1b: Flutter Mane|ability: Protosynthesis\n|-start|p1b: Flutter Mane|protosynthesisspe\n|-activate|p2a: Brute Bonnet|ability: Protosynthesis\n|-start|p2a: Brute Bonnet|protosynthesisdef\n|-activate|p1a: Koraidon|Orichalcum Pulse|[source]\n|-activate|p2b: Koraidon|ability: Orichalcum Pulse\n|turn|1\n|\n|t:|1746084473\n|-terastallize|p2a: Brute Bonnet|Water\n|move|p2b: Koraidon|Protect|p2b: Koraidon\n|-singleturn|p2b: Koraidon|Protect\n|move|p1b: Flutter Mane|Icy Wind|p2b: Koraidon|[spread] p2a\n|-activate|p2b: Koraidon|move: Protect\n|-resisted|p2a: Brute Bonnet\n|-damage|p2a: Brute Bonnet|95/100\n|move|p1a: Koraidon|Flame Charge|p2a: Brute Bonnet\n|-resisted|p2a: Brute Bonnet\n|-damage|p2a: Brute Bonnet|84/100\n|-boost|p1a: Koraidon|spe|1\n|-damage|p1a: Koraidon|91/100|[from] item: Life Orb\n|move|p2a: Brute Bonnet|Spore|p1a: Koraidon\n|-status|p1a: Koraidon|slp|[from] move: Spore\n|\n|-weather|SunnyDay|[upkeep]\n|upkeep\n|turn|2\n|\n|t:|1746084496\n|move|p1b: Flutter Mane|Protect|p1b: Flutter Mane\n|-singleturn|p1b: Flutter Mane|Protect\n|move|p2a: Brute Bonnet|Sucker Punch||[still]\n|-fail|p2a: Brute Bonnet\n|cant|p1a: Koraidon|slp\n|move|p2b: Koraidon|Close Combat|p1a: Koraidon\n|-damage|p1a: Koraidon|0 fnt\n|-unboost|p2b: Koraidon|def|1\n|-unboost|p2b: Koraidon|spd|1\n|faint|p1a: Koraidon\n|-damage|p2b: Koraidon|91/100|[from] item: Life Orb\n|\n|-weather|SunnyDay|[upkeep]\n|upkeep\n|\n|t:|1746084507\n|switch|p1a: Raging Bolt|Raging Bolt, L50|100/100\n|-activate|p1a: Raging Bolt|ability: Protosynthesis\n|-start|p1a: Raging Bolt|protosynthesisspa\n|turn|3\n|\n|t:|1746084518\n|move|p2a: Brute Bonnet|Rage Powder|p2a: Brute Bonnet\n|-singleturn|p2a: Brute Bonnet|move: Rage Powder\n|move|p1b: Flutter Mane|Icy Wind|p2b: Koraidon|[spread] p2a,p2b\n|-resisted|p2a: Brute Bonnet\n|-supereffective|p2b: Koraidon\n|-damage|p2a: Brute Bonnet|78/100\n|-damage|p2b: Koraidon|44/100\n|-unboost|p2b: Koraidon|spe|1\n|move|p2b: Koraidon|Close Combat|p1a: Raging Bolt\n|-damage|p1a: Raging Bolt|8/100\n|-unboost|p2b: Koraidon|def|1\n|-unboost|p2b: Koraidon|spd|1\n|-damage|p2b: Koraidon|35/100|[from] item: Life Orb\n|move|p1a: Raging Bolt|Thunderbolt|p2a: Brute Bonnet\n|-supereffective|p2a: Brute Bonnet\n|-damage|p2a: Brute Bonnet|0 fnt\n|faint|p2a: Brute Bonnet\n|-end|p2a: Brute Bonnet|Protosynthesis|[silent]\n|\n|-weather|SunnyDay|[upkeep]\n|upkeep\n|\n|t:|1746084536\n|switch|p2a: Flutter Mane|Flutter Mane, L50, shiny|100/100\n|-activate|p2a: Flutter Mane|ability: Protosynthesis\n|-start|p2a: Flutter Mane|protosynthesisspe\n|turn|4\n|\n|t:|1746084558\n|move|p1b: Flutter Mane|Icy Wind|p2a: Flutter Mane|[spread] p2a,p2b\n|-supereffective|p2b: Koraidon\n|-damage|p2a: Flutter Mane|85/100\n|-damage|p2b: Koraidon|0 fnt\n|-unboost|p2a: Flutter Mane|spe|1\n|faint|p2b: Koraidon\n|move|p2a: Flutter Mane|Icy Wind|p1b: Flutter Mane|[spread] p1a,p1b\n|-supereffective|p1a: Raging Bolt\n|-damage|p1a: Raging Bolt|0 fnt\n|-damage|p1b: Flutter Mane|84/100\n|-unboost|p1b: Flutter Mane|spe|1\n|faint|p1a: Raging Bolt\n|-end|p1a: Raging Bolt|Protosynthesis|[silent]\n|\n|-weather|SunnyDay|[upkeep]\n|upkeep\n|\n|t:|1746084566\n|switch|p2b: Lunala|Lunala, L50, shiny|100/100\n|switch|p1a: Lunala|Lunala, L50|100/100\n|turn|5\n|\n|t:|1746084585\n|-terastallize|p1a: Lunala|Water\n|move|p2a: Flutter Mane|Taunt|p1a: Lunala\n|-start|p1a: Lunala|move: Taunt\n|move|p1b: Flutter Mane|Shadow Ball|p2a: Flutter Mane\n|-supereffective|p2a: Flutter Mane\n|-damage|p2a: Flutter Mane|0 fnt\n|faint|p2a: Flutter Mane\n|-end|p2a: Flutter Mane|Protosynthesis|[silent]\n|move|p1a: Lunala|Meteor Beam||[still]\n|-prepare|p1a: Lunala|Meteor Beam\n|-boost|p1a: Lunala|spa|1\n|-enditem|p1a: Lunala|Power Herb\n|-anim|p1a: Lunala|Meteor Beam|p2b: Lunala|[miss]\n|-miss|p1a: Lunala|p2b: Lunala\n|move|p2b: Lunala|Moongeist Beam|p1b: Flutter Mane\n|-supereffective|p1b: Flutter Mane\n|-damage|p1b: Flutter Mane|0 fnt\n|faint|p1b: Flutter Mane\n|-end|p1b: Flutter Mane|Protosynthesis|[silent]\n|\n|-weather|none\n|upkeep\n|turn|6\n|\n|t:|1746084603\n|move|p1a: Lunala|Moongeist Beam|p2b: Lunala\n|-supereffective|p2b: Lunala\n|-damage|p2b: Lunala|0 fnt\n|faint|p2b: Lunala\n|\n|win|Teamtest09\n||Desertfreak is ready for game 2.\n||Teamtest09 is ready for game 2.\n|uhtml|next|Next: <a href=\"/battle-gen9vgc2025regibo3-2354510150\"><strong>Game 2 of 3</strong></a>\n|l|\u2606Desertfreak\n|player|p2|\n|l|\u2606Teamtest09\n|player|p1|\n", "uploadtime": 1746084976, "views": 7, "formatid": "gen9vgc2025regibo3", "rating": null, "private": 0, "password": null}