{"id": "gen9vgc2025regibo3-2354246402", "format": "[Gen 9] VGC 2025 Reg I (Bo3)", "players": ["asdfjklqwert", "FloH314"], "log": "|j|\u2606asdfjklqwert\n|j|\u2606FloH314\n|html|<table width=\"100%\"><tr><td align=\"left\">asdfjklqwert</td><td align=\"right\">FloH314</tr><tr><td align=\"left\"><i class=\"fa fa-circle-o\"></i> <i class=\"fa fa-circle-o\"></i> </td><td align=\"right\"><i class=\"fa fa-circle-o\"></i> <i class=\"fa fa-circle\"></i> </tr></table>\n|uhtml|bestof|<h2><strong>Game 2</strong> of <a href=\"/game-bestof3-gen9vgc2025regibo3-2354243990\">a best-of-3</a></h2>\n|t:|1746048674\n|gametype|doubles\n|player|p1|asdfjklqwert|winona|1149\n|player|p2|FloH314|102|1154\n|teamsize|p1|6\n|teamsize|p2|6\n|gen|9\n|tier|[Gen 9] VGC 2025 Reg I (Bo3)\n|rated|\n|rule|Species Clause: Limit one of each Pok\u00e9mon\n|rule|Item Clause: Limit 1 of each item\n|clearpoke\n|poke|p1|Groudon, L50|\n|poke|p1|Reshiram, L50|\n|poke|p1|Sableye, L50, F|\n|poke|p1|Tornadus, L50, M|\n|poke|p1|Urshifu-*, L50, F|\n|poke|p1|Flutter Mane, L50|\n|poke|p2|Excadrill, L50, F|\n|poke|p2|Necrozma-Dawn-Wings, L50|\n|poke|p2|Tyranitar, L50, F|\n|poke|p2|Indeedee-F, L50, F|\n|poke|p2|Cresselia, L50, F|\n|poke|p2|Calyrex-Ice, L50|\n|teampreview|4\n|showteam|p1|Groudon||ClearAmulet|Drought|HeatCrash,PrecipiceBlades,Protect,Substitute||||||50|,,,,,Fire]Reshiram||ChoiceSpecs|Turboblaze|DracoMeteor,BlueFlare,HeatWave,FocusBlast||||||50|,,,,,Fire]Sableye||FocusSash|Prankster|Gravity,FoulPlay,FakeOut,SkillSwap|||F|||50|,,,,,Normal]Tornadus||CovertCloak|Prankster|Tailwind,BleakwindStorm,Taunt,SunnyDay|||M|||50|,,,,,Dark]Urshifu||BlackGlasses|UnseenFist|SuckerPunch,WickedBlow,CloseCombat,Detect|||F|||50|,,,,,Dark]Flutter Mane||LifeOrb|Protosynthesis|DazzlingGleam,Moonblast,Protect,IcyWind||||||50|,,,,,Fairy\n|showteam|p2|Excadrill||AssaultVest|SandForce|IronHead,HighHorsepower,Earthquake,RockSlide|||F|||50|,,,,,Water]Necrozma-Dawn-Wings||PsychicSeed|PrismArmor|TrickRoom,PowerGem,ExpandingForce,MoongeistBeam||||||50|,,,,,Rock]Tyranitar||IronBall|SandStream|Fling,Protect,RockSlide,KnockOff|||F|||50|,,,,,Dark]Indeedee-F||SafetyGoggles|PsychicSurge|HelpingHand,TrickRoom,FollowMe,DazzlingGleam|||F|||50|,,,,,Fairy]Cresselia||MentalHerb|Levitate|TrickRoom,HelpingHand,LunarBlessing,Moonblast|||F|||50|,,,,,Dark]Calyrex-Ice||ClearAmulet|AsOneGlastrier|Protect,GlacialLance,HighHorsepower,TrickRoom||||||50|,,,,,Water\n|inactive|Battle timer is ON: inactive players will automatically lose when time's up. (requested by asdfjklqwert)\n|\n|t:|1746048693\n|start\n|switch|p1a: Urshifu|Urshifu, L50, F|100/100\n|switch|p1b: Groudon|Groudon, L50|100/100\n|switch|p2a: Indeedee|Indeedee-F, L50, F|100/100\n|switch|p2b: Necrozma|Necrozma-Dawn-Wings, L50|100/100\n|-weather|SunnyDay|[from] ability: Drought|[of] p1b: Groudon\n|-fieldstart|move: Psychic Terrain|[from] ability: Psychic Surge|[of] p2a: Indeedee\n|-enditem|p2b: Necrozma|Psychic Seed\n|-boost|p2b: Necrozma|spd|1|[from] item: Psychic Seed\n|turn|1\n|inactive|FloH314 has 30 seconds left.\n|\n|t:|1746048726\n|-terastallize|p1b: Groudon|Fire\n|move|p1a: Urshifu|Detect|p1a: Urshifu\n|-singleturn|p1a: Urshifu|Protect\n|move|p1b: Groudon|Heat Crash|p2a: Indeedee\n|-damage|p2a: Indeedee|5/100\n|move|p2a: Indeedee|Dazzling Gleam|p1a: Urshifu|[spread] p1b\n|-activate|p1a: Urshifu|move: Protect\n|-resisted|p1b: Groudon\n|-crit|p1b: Groudon\n|-damage|p1b: Groudon|89/100\n|move|p2b: Necrozma|Trick Room|p2b: Necrozma\n|-fieldstart|move: Trick Room|[of] p2b: Necrozma\n|\n|-weather|SunnyDay|[upkeep]\n|upkeep\n|turn|2\n|inactive|FloH314 has 30 seconds left.\n|\n|t:|1746048752\n|switch|p2a: Tyranitar|Tyranitar, L50, F|100/100\n|-weather|Sandstorm|[from] ability: Sand Stream|[of] p2a: Tyranitar\n|switch|p1a: Sableye|Sableye, L50, F|100/100\n|-terastallize|p2b: Necrozma|Rock\n|move|p1b: Groudon|Protect|p1b: Groudon\n|-singleturn|p1b: Groudon|Protect\n|move|p2b: Necrozma|Power Gem|p1b: Groudon\n|-activate|p1b: Groudon|move: Protect\n|\n|-weather|Sandstorm|[upkeep]\n|-damage|p1a: Sableye|95/100|[from] Sandstorm\n|-damage|p1b: Groudon|83/100|[from] Sandstorm\n|upkeep\n|turn|3\n|\n|t:|1746048775\n|move|p1a: Sableye|Skill Swap|p1b: Groudon\n|-activate|p1a: Sableye|move: Skill Swap|||[of] p1b: Groudon\n|-weather|SunnyDay|[from] ability: Drought|[of] p1a: Sableye\n|move|p1b: Groudon|Substitute|p1b: Groudon\n|-start|p1b: Groudon|Substitute\n|-damage|p1b: Groudon|58/100\n|move|p2a: Tyranitar|Fling|p1a: Sableye\n|-damage|p1a: Sableye|20/100\n|-enditem|p2a: Tyranitar|Iron Ball|[from] move: Fling\n|move|p2b: Necrozma|Power Gem|p1b: Groudon\n|-supereffective|p1b: Groudon\n|-end|p1b: Groudon|Substitute\n|\n|-weather|SunnyDay|[upkeep]\n|upkeep\n|turn|4\n|\n|t:|1746048798\n|move|p1b: Groudon|Substitute|p1b: Groudon\n|-start|p1b: Groudon|Substitute\n|-damage|p1b: Groudon|33/100\n|move|p2a: Tyranitar|Rock Slide|p1a: Sableye|[spread] p1a,p1b\n|-supereffective|p1b: Groudon\n|-end|p1b: Groudon|Substitute\n|-damage|p1a: Sableye|0 fnt\n|faint|p1a: Sableye\n|move|p2b: Necrozma|Power Gem|p1b: Groudon\n|-supereffective|p1b: Groudon\n|-damage|p1b: Groudon|0 fnt\n|faint|p1b: Groudon\n|\n|-weather|SunnyDay|[upkeep]\n|upkeep\n|\n|t:|1746048809\n|switch|p1a: Urshifu|Urshifu, L50, F|100/100\n|switch|p1b: Reshiram|Reshiram, L50|100/100\n|-ability|p1b: Reshiram|Turboblaze\n|turn|5\n|inactive|FloH314 has 30 seconds left.\n|\n|t:|1746048842\n|switch|p2a: Indeedee|Indeedee-F, L50, F|5/100\n|move|p2b: Necrozma|Power Gem|p1b: Reshiram\n|-supereffective|p1b: Reshiram\n|-damage|p1b: Reshiram|8/100\n|move|p1b: Reshiram|Heat Wave|p2a: Indeedee|[spread] p2a,p2b\n|-resisted|p2b: Necrozma\n|-damage|p2a: Indeedee|0 fnt\n|-damage|p2b: Necrozma|80/100\n|faint|p2a: Indeedee\n|move|p1a: Urshifu|Close Combat|p2b: Necrozma\n|-supereffective|p2b: Necrozma\n|-damage|p2b: Necrozma|0 fnt\n|-unboost|p1a: Urshifu|def|1\n|-unboost|p1a: Urshifu|spd|1\n|faint|p2b: Necrozma\n|\n|-weather|SunnyDay|[upkeep]\n|-fieldend|move: Trick Room\n|-fieldend|move: Psychic Terrain\n|upkeep\n|\n|t:|1746048858\n|switch|p2b: Calyrex|Calyrex-Ice, L50|100/100\n|switch|p2a: Tyranitar|Tyranitar, L50, F|100/100\n|-ability|p2b: Calyrex|As One\n|-ability|p2b: Calyrex|Unnerve\n|-weather|Sandstorm|[from] ability: Sand Stream|[of] p2a: Tyranitar\n|turn|6\n|inactive|asdfjklqwert has 30 seconds left.\n|inactive|FloH314 has 30 seconds left.\n|\n|t:|1746048885\n|move|p1a: Urshifu|Close Combat|p2a: Tyranitar\n|-supereffective|p2a: Tyranitar\n|-damage|p2a: Tyranitar|0 fnt\n|-unboost|p1a: Urshifu|def|1\n|-unboost|p1a: Urshifu|spd|1\n|faint|p2a: Tyranitar\n|move|p1b: Reshiram|Heat Wave|p2b: Calyrex\n|-supereffective|p2b: Calyrex\n|-damage|p2b: Calyrex|0 fnt\n|faint|p2b: Calyrex\n|\n|win|asdfjklqwert\n|l|\u2606FloH314\n|player|p2|\n||FloH314 is ready for game 3.\n||asdfjklqwert is ready for game 3.\n|uhtml|next|Next: <a href=\"/battle-gen9vgc2025regibo3-2354248573\"><strong>Game 3 of 3</strong></a>\n|l|\u2606asdfjklqwert\n|player|p1|\n", "uploadtime": 1746049223, "views": 5, "formatid": "gen9vgc2025regibo3", "rating": null, "private": 0, "password": null}