{"id": "gen9vgc2025regibo3-2354339219", "format": "[Gen 9] VGC 2025 Reg I (Bo3)", "players": ["bamboozled gaming", "Lukarioks"], "log": "|j|\u2606bamboozled gaming\n|j|\u2606Lukarioks\n|html|<table width=\"100%\"><tr><td align=\"left\">bamboozled gaming</td><td align=\"right\">Lukarioks</tr><tr><td align=\"left\"><i class=\"fa fa-circle\"></i> <i class=\"fa fa-circle-o\"></i> </td><td align=\"right\"><i class=\"fa fa-circle-o\"></i> <i class=\"fa fa-circle-o\"></i> </tr></table>\n|uhtml|bestof|<h2><strong>Game 2</strong> of <a href=\"/game-bestof3-gen9vgc2025regibo3-2354337638\">a best-of-3</a></h2>\n|t:|1746059235\n|gametype|doubles\n|player|p1|bamboozled gaming|larry|1136\n|player|p2|Lukarioks|169|1116\n|teamsize|p1|6\n|teamsize|p2|6\n|gen|9\n|tier|[Gen 9] VGC 2025 Reg I (Bo3)\n|rated|\n|rule|Species Clause: Limit one of each Pok\u00e9mon\n|rule|Item Clause: Limit 1 of each item\n|clearpoke\n|poke|p1|Calyrex-Shadow, L50|\n|poke|p1|Zamazenta-*, L50|\n|poke|p1|Smeargle, L50, M|\n|poke|p1|Incineroar, L50, M|\n|poke|p1|Rillaboom, L50, F|\n|poke|p1|Urshifu-*, L50, M|\n|poke|p2|Calyrex-Shadow, L50|\n|poke|p2|Raging Bolt, L50|\n|poke|p2|Ogerpon-Cornerstone, L50, F|\n|poke|p2|Cresselia, L50, F|\n|poke|p2|Zamazenta-*, L50|\n|poke|p2|Tornadus, L50, M|\n|teampreview|4\n|showteam|p1|Calyrex-Shadow||LifeOrb|AsOneSpectrier|AstralBarrage,GigaDrain,NastyPlot,Protect||||||50|,,,,,Grass]Zamazenta-Crowned||RustedShield|DauntlessShield|BodyPress,behemothbash,WideGuard,Protect||||||50|,,,,,Water]Smeargle||FocusSash|Moody|FakeOut,Spore,FollowMe,WideGuard|||M|||50|,,,,,Ghost]Incineroar||SafetyGoggles|Intimidate|KnockOff,Taunt,PartingShot,FakeOut|||M|||50|,,,,,Bug]Rillaboom||AssaultVest|GrassySurge|WoodHammer,GrassyGlide,Uturn,FakeOut|||F|||50|,,,,,Fire]Urshifu-Rapid-Strike||ChoiceScarf|UnseenFist|SurgingStrikes,CloseCombat,Uturn,AquaJet|||M|||50|,,,,,Water\n|showteam|p2|Calyrex-Shadow||SitrusBerry|AsOneSpectrier|AstralBarrage,Psyshock,Protect,DrainingKiss||||||50|,,,,,Fairy]Raging Bolt||BoosterEnergy|Protosynthesis|Thunderclap,Thunderbolt,DracoMeteor,Protect||||||50|,,,,,Fairy]Ogerpon-Cornerstone||CornerstoneMask|Sturdy|FollowMe,IvyCudgel,HornLeech,SpikyShield|||F|||50|,,,,,Rock]Cresselia||RockyHelmet|Levitate|AllySwitch,IceBeam,LunarBlessing,TrickRoom|||F|||50|,,,,,Grass]Zamazenta-Crowned||RustedShield|DauntlessShield|HeavySlam,BodyPress,IronDefense,WideGuard||||||50|,,,,,Poison]Tornadus||CovertCloak|Prankster|Tailwind,BleakwindStorm,Taunt,IcyWind|||M|||50|,,,,,Dark\n|inactive|Battle timer is ON: inactive players will automatically lose when time's up. (requested by bamboozled gaming)\n|inactive|Lukarioks also wants the timer to be on.\n|\n|t:|1746059252\n|start\n|switch|p1a: How Hungry?|Calyrex-Shadow, L50|100/100\n|switch|p1b: Starving Artist|Smeargle, L50, M|100/100\n|switch|p2a: Raging Bolt|Raging Bolt, L50|100/100\n|switch|p2b: Zamazenta|Zamazenta-Crowned, L50|100/100\n|-ability|p1a: How Hungry?|As One\n|-ability|p1a: How Hungry?|Unnerve\n|-ability|p2b: Zamazenta|Dauntless Shield|boost\n|-boost|p2b: Zamazenta|def|1\n|-enditem|p2a: Raging Bolt|Booster Energy\n|-activate|p2a: Raging Bolt|ability: Protosynthesis|[fromitem]\n|-start|p2a: Raging Bolt|protosynthesisspa\n|turn|1\n|\n|t:|1746059273\n|move|p1a: How Hungry?|Nasty Plot|p1a: How Hungry?\n|-boost|p1a: How Hungry?|spa|2\n|move|p2b: Zamazenta|Heavy Slam|p1a: How Hungry?\n|-damage|p1a: How Hungry?|49/100\n|move|p1b: Starving Artist|Spore|p2a: Raging Bolt\n|-status|p2a: Raging Bolt|slp|[from] move: Spore\n|cant|p2a: Raging Bolt|slp\n|\n|-ability|p1b: Starving Artist|Moody|boost\n|-boost|p1b: Starving Artist|atk|2\n|-unboost|p1b: Starving Artist|spe|1\n|upkeep\n|turn|2\n|\n|t:|1746059292\n|move|p1a: How Hungry?|Protect|p1a: How Hungry?\n|-singleturn|p1a: How Hungry?|Protect\n|move|p2b: Zamazenta|Wide Guard|p2b: Zamazenta\n|-singleturn|p2b: Zamazenta|Wide Guard\n|cant|p2a: Raging Bolt|slp\n|move|p1b: Starving Artist|Spore|p2b: Zamazenta\n|-status|p2b: Zamazenta|slp|[from] move: Spore\n|\n|-ability|p1b: Starving Artist|Moody|boost\n|-boost|p1b: Starving Artist|spa|2\n|-unboost|p1b: Starving Artist|def|1\n|upkeep\n|turn|3\n|\n|t:|1746059312\n|switch|p1b: OH BANANA|Rillaboom, L50, F|100/100\n|-fieldstart|move: Grassy Terrain|[from] ability: Grassy Surge|[of] p1b: OH BANANA\n|-terastallize|p1a: How Hungry?|Grass\n|cant|p2a: Raging Bolt|slp\n|move|p1a: How Hungry?|Astral Barrage|p2b: Zamazenta|[spread] p2a,p2b\n|-damage|p2a: Raging Bolt|0 fnt\n|-damage|p2b: Zamazenta|6/100 slp\n|faint|p2a: Raging Bolt\n|-end|p2a: Raging Bolt|Protosynthesis|[silent]\n|-ability|p1a: How Hungry?|Grim Neigh|boost\n|-boost|p1a: How Hungry?|spa|1\n|-damage|p1a: How Hungry?|40/100|[from] item: Life Orb\n|cant|p2b: Zamazenta|slp\n|\n|-heal|p1a: How Hungry?|45/100|[from] Grassy Terrain\n|-heal|p2b: Zamazenta|12/100 slp|[from] Grassy Terrain\n|upkeep\n|\n|t:|1746059319\n|switch|p2a: Tornadus|Tornadus, L50, M|100/100\n|turn|4\n|inactive|bamboozled gaming has 30 seconds left.\n|\n|t:|1746059347\n|move|p1b: OH BANANA|Fake Out|p2b: Zamazenta\n|-resisted|p2b: Zamazenta\n|-damage|p2b: Zamazenta|9/100 slp\n|move|p2a: Tornadus|Tailwind|p2a: Tornadus\n|-sidestart|p2: Lukarioks|move: Tailwind\n|cant|p2b: Zamazenta|slp\n|move|p1a: How Hungry?|Astral Barrage|p2a: Tornadus|[spread] p2a,p2b\n|-damage|p2a: Tornadus|0 fnt\n|-damage|p2b: Zamazenta|0 fnt\n|faint|p2a: Tornadus\n|faint|p2b: Zamazenta\n|-ability|p1a: How Hungry?|Grim Neigh|boost\n|-boost|p1a: How Hungry?|spa|2\n|-damage|p1a: How Hungry?|36/100|[from] item: Life Orb\n|\n|-heal|p1a: How Hungry?|42/100|[from] Grassy Terrain\n|upkeep\n|\n|t:|1746059359\n|switch|p2b: Calyrex|Calyrex-Shadow, L50|100/100\n|-ability|p2b: Calyrex|As One\n|-ability|p2b: Calyrex|Unnerve\n|turn|5\n|\n|t:|1746059366\n|-terastallize|p2b: Calyrex|Fairy\n|move|p1a: How Hungry?|Protect|p1a: How Hungry?\n|-singleturn|p1a: How Hungry?|Protect\n|move|p2b: Calyrex|Astral Barrage|p1b: OH BANANA|[spread] p1b\n|-activate|p1a: How Hungry?|move: Protect\n|-damage|p1b: OH BANANA|71/100\n|move|p1b: OH BANANA|U-turn|p2b: Calyrex\n|-resisted|p2b: Calyrex\n|-crit|p2b: Calyrex\n|-damage|p2b: Calyrex|78/100\n|\n|t:|1746059370\n|switch|p1b: Starving Artist|Smeargle, L50, M|100/100|[from] U-turn\n|\n|-heal|p2b: Calyrex|84/100|[from] Grassy Terrain\n|-heal|p1a: How Hungry?|48/100|[from] Grassy Terrain\n|-ability|p1b: Starving Artist|Moody|boost\n|-boost|p1b: Starving Artist|spe|2\n|-unboost|p1b: Starving Artist|atk|1\n|upkeep\n|turn|6\n|\n|t:|1746059378\n|move|p1b: Starving Artist|Fake Out|p2b: Calyrex\n|-damage|p2b: Calyrex|80/100\n|cant|p2b: Calyrex|flinch\n|move|p1a: How Hungry?|Astral Barrage|p2b: Calyrex\n|-damage|p2b: Calyrex|0 fnt\n|faint|p2b: Calyrex\n|-damage|p1a: How Hungry?|38/100|[from] item: Life Orb\n|\n|win|bamboozled gaming\n|raw|bamboozled gaming's rating: 1136 &rarr; <strong>1160</strong><br />(+24 for winning)\n|raw|Lukarioks's rating: 1116 &rarr; <strong>1092</strong><br />(-24 for losing)\n", "uploadtime": 1746059397, "views": 7, "formatid": "gen9vgc2025regibo3", "rating": 1092, "private": 0, "password": null}