{"id": "gen9vgc2025regibo3-2354304297", "format": "[Gen 9] VGC 2025 Reg I (Bo3)", "players": ["povfpoif8ypiv", "Kylewithasmile69"], "log": "|j|\u2606povfpoif8ypiv\n|j|\u203dKylewithasmile69\n|html|<table width=\"100%\"><tr><td align=\"left\">povfpoif8ypiv</td><td align=\"right\">Kylewithasmile69</tr><tr><td align=\"left\"><i class=\"fa fa-circle-o\"></i> <i class=\"fa fa-circle-o\"></i> </td><td align=\"right\"><i class=\"fa fa-circle-o\"></i> <i class=\"fa fa-circle-o\"></i> </tr></table>\n|uhtml|bestof|<h2><strong>Game 1</strong> of <a href=\"/game-bestof3-gen9vgc2025regibo3-2354304296\">a best-of-3</a></h2>\n|t:|1746055113\n|gametype|doubles\n|player|p1|povfpoif8ypiv|1|1101\n|player|p2|Kylewithasmile69|101|1033\n|teamsize|p1|6\n|teamsize|p2|6\n|gen|9\n|tier|[Gen 9] VGC 2025 Reg I (Bo3)\n|rated|\n|rule|Species Clause: Limit one of each Pok\u00e9mon\n|rule|Item Clause: Limit 1 of each item\n|clearpoke\n|poke|p1|Calyrex-Shadow, L50|\n|poke|p1|Urshifu-*, L50, M|\n|poke|p1|Flutter Mane, L50|\n|poke|p1|Shiftry, L50, M|\n|poke|p1|Tornadus, L50, M|\n|poke|p1|Koraidon, L50|\n|poke|p2|Miraidon, L50|\n|poke|p2|Whimsicott, L50, M|\n|poke|p2|Farigiraf, L50, F|\n|poke|p2|Iron Hands, L50|\n|poke|p2|Ho-Oh, L50|\n|poke|p2|Gastrodon, L50, M|\n|teampreview|4\n|showteam|p1|Calyrex-Shadow||LifeOrb|AsOneSpectrier|AstralBarrage,Protect,Psychic,HelpingHand||||||50|,,,,,Stellar]Urshifu||BlackGlasses|UnseenFist|SuckerPunch,CloseCombat,WickedBlow,Protect|||M|||50|,,,,,Dark]Flutter Mane||BoosterEnergy|Protosynthesis|DazzlingGleam,Protect,Moonblast,ShadowBall||||||50|,,,,,Fairy]Shiftry||FocusSash|WindRider|FakeOut,Explosion,SwordsDance,LashOut|||M|||50|,,,,,Ghost]Tornadus||WideLens|Prankster|Tailwind,BleakwindStorm,Protect,FocusBlast|||M|||50|,,,,,Dark]Koraidon||AssaultVest|OrichalcumPulse|CollisionCourse,DragonClaw,FlareBlitz,Bulldoze||||||50|,,,,,Steel\n|showteam|p2|Miraidon||ChoiceSpecs|HadronEngine|ElectroDrift,DracoMeteor,VoltSwitch,DazzlingGleam||||||50|,,,,,Fairy]Whimsicott||FocusSash|Prankster|Moonblast,Tailwind,Endeavor,Encore|||M|||50|,,,,,Dark]Farigiraf||ElectricSeed|ArmorTail|FoulPlay,PsychicNoise,TrickRoom,HelpingHand|||F|||50|,,,,,Water]Iron Hands||AssaultVest|QuarkDrive|DrainPunch,LowKick,WildCharge,FakeOut||||||50|,,,,,Bug]Ho-Oh||ClearAmulet|Regenerator|BraveBird,SacredFire,Recover,Protect||||||50|,,,,,Ground]Gastrodon||Leftovers|StormDrain|Protect,Yawn,IceBeam,EarthPower|||M|||50|,,,,,Fire\n|inactive|Battle timer is ON: inactive players will automatically lose when time's up. (requested by povfpoif8ypiv)\n|inactive|povfpoif8ypiv has 60 seconds left.\n|\n|t:|1746055153\n|start\n|switch|p1a: Calyrex|Calyrex-Shadow, L50|100/100\n|switch|p1b: Tornadus|Tornadus, L50, M|100/100\n|switch|p2a: Farigiraf|Farigiraf, L50, F|100/100\n|switch|p2b: Miraidon|Miraidon, L50|100/100\n|-ability|p1a: Calyrex|As One\n|-ability|p1a: Calyrex|Unnerve\n|-fieldstart|move: Electric Terrain|[from] ability: Hadron Engine|[of] p2b: Miraidon\n|-enditem|p2a: Farigiraf|Electric Seed\n|-boost|p2a: Farigiraf|def|1|[from] item: Electric Seed\n|turn|1\n|inactive|povfpoif8ypiv has 30 seconds left.\n|\n|t:|1746055185\n|-terastallize|p1a: Calyrex|Stellar\n|move|p1a: Calyrex|Astral Barrage|p2b: Miraidon|[spread] p2b\n|-immune|p2a: Farigiraf\n|-crit|p2b: Miraidon\n|-damage|p2b: Miraidon|0 fnt\n|faint|p2b: Miraidon\n|-ability|p1a: Calyrex|Grim Neigh|boost\n|-boost|p1a: Calyrex|spa|1\n|-damage|p1a: Calyrex|91/100|[from] item: Life Orb\n|move|p1b: Tornadus|Bleakwind Storm|p2a: Farigiraf\n|-damage|p2a: Farigiraf|62/100\n|move|p2a: Farigiraf|Trick Room|p2a: Farigiraf\n|-fieldstart|move: Trick Room|[of] p2a: Farigiraf\n|\n|upkeep\n|\n|t:|1746055205\n|switch|p2b: Ho-Oh|Ho-Oh, L50|100/100\n|turn|2\n|inactive|Kylewithasmile69 has 30 seconds left.\n|\n|t:|1746055234\n|move|p2a: Farigiraf|Helping Hand|p2b: Ho-Oh\n|-singleturn|p2b: Ho-Oh|Helping Hand|[of] p2a: Farigiraf\n|move|p1a: Calyrex|Protect|p1a: Calyrex\n|-singleturn|p1a: Calyrex|Protect\n|move|p2b: Ho-Oh|Brave Bird|p1a: Calyrex\n|-activate|p1a: Calyrex|move: Protect\n|move|p1b: Tornadus|Bleakwind Storm|p2a: Farigiraf|[spread] p2a,p2b\n|-damage|p2a: Farigiraf|33/100\n|-damage|p2b: Ho-Oh|82/100\n|-unboost|p2a: Farigiraf|spe|1\n|\n|upkeep\n|turn|3\n|\n|t:|1746055257\n|move|p2a: Farigiraf|Helping Hand|p2b: Ho-Oh\n|-singleturn|p2b: Ho-Oh|Helping Hand|[of] p2a: Farigiraf\n|move|p1a: Calyrex|Helping Hand|p1b: Tornadus\n|-singleturn|p1b: Tornadus|Helping Hand|[of] p1a: Calyrex\n|move|p2b: Ho-Oh|Brave Bird|p1a: Calyrex\n|-damage|p1a: Calyrex|0 fnt\n|faint|p1a: Calyrex\n|-damage|p2b: Ho-Oh|57/100|[from] Recoil\n|move|p1b: Tornadus|Bleakwind Storm|p2b: Ho-Oh|[spread] p2b\n|-miss|p1b: Tornadus|p2a: Farigiraf\n|-damage|p2b: Ho-Oh|30/100\n|\n|upkeep\n|\n|t:|1746055276\n|switch|p1a: Flutter Mane|Flutter Mane, L50|100/100\n|-enditem|p1a: Flutter Mane|Booster Energy\n|-activate|p1a: Flutter Mane|ability: Protosynthesis|[fromitem]\n|-start|p1a: Flutter Mane|protosynthesisspe\n|turn|4\n|inactive|Kylewithasmile69 has 30 seconds left.\n|\n|t:|1746055308\n|switch|p2b: Iron Hands|Iron Hands, L50|100/100\n|-activate|p2b: Iron Hands|ability: Quark Drive\n|-start|p2b: Iron Hands|quarkdriveatk\n|move|p1a: Flutter Mane|Protect|p1a: Flutter Mane\n|-singleturn|p1a: Flutter Mane|Protect\n|move|p2a: Farigiraf|Psychic Noise|p1b: Tornadus\n|-damage|p1b: Tornadus|77/100\n|-start|p1b: Tornadus|move: Heal Block\n|move|p1b: Tornadus|Bleakwind Storm|p2b: Iron Hands|[spread] p2a,p2b\n|-damage|p2a: Farigiraf|0 fnt\n|-damage|p2b: Iron Hands|84/100\n|faint|p2a: Farigiraf\n|\n|upkeep\n|\n|t:|1746055325\n|switch|p2a: Ho-Oh|Ho-Oh, L50|63/100\n|turn|5\n|inactive|Kylewithasmile69 has 30 seconds left.\n|\n|t:|1746055358\n|-terastallize|p2b: Iron Hands|Bug\n|move|p2b: Iron Hands|Wild Charge|p1a: Flutter Mane\n|-damage|p1a: Flutter Mane|0 fnt\n|faint|p1a: Flutter Mane\n|-end|p1a: Flutter Mane|Protosynthesis|[silent]\n|-damage|p2b: Iron Hands|70/100|[from] Recoil\n|move|p2a: Ho-Oh|Brave Bird|p1b: Tornadus\n|-damage|p1b: Tornadus|0 fnt\n|faint|p1b: Tornadus\n|-damage|p2a: Ho-Oh|41/100|[from] Recoil\n|\n|-fieldend|move: Trick Room\n|-fieldend|move: Electric Terrain\n|-end|p2b: Iron Hands|Quark Drive\n|upkeep\n|\n|t:|1746055373\n|switch|p1b: Urshifu|Urshifu, L50, M|100/100\n|turn|6\n|\n|t:|1746055391\n|move|p1b: Urshifu|Wicked Blow|p2a: Ho-Oh\n|-crit|p2a: Ho-Oh\n|-damage|p2a: Ho-Oh|0 fnt\n|faint|p2a: Ho-Oh\n|move|p2b: Iron Hands|Drain Punch|p1b: Urshifu\n|-supereffective|p1b: Urshifu\n|-damage|p1b: Urshifu|8/100\n|-heal|p2b: Iron Hands|100/100|[from] drain|[of] p1b: Urshifu\n|\n|upkeep\n|turn|7\n|inactive|povfpoif8ypiv has 30 seconds left.\n|inactive|povfpoif8ypiv has 20 seconds left.\n|inactive|povfpoif8ypiv has 15 seconds left.\n|\n|t:|1746055431\n|move|p1b: Urshifu|Wicked Blow|p2b: Iron Hands\n|-crit|p2b: Iron Hands\n|-damage|p2b: Iron Hands|47/100\n|move|p2b: Iron Hands|Drain Punch|p1b: Urshifu\n|-supereffective|p1b: Urshifu\n|-damage|p1b: Urshifu|0 fnt\n|-heal|p2b: Iron Hands|50/100|[from] drain|[of] p1b: Urshifu\n|faint|p1b: Urshifu\n|\n|win|Kylewithasmile69\n||povfpoif8ypiv is ready for game 2.\n|inactive|Kylewithasmile69 has 30 seconds to confirm battle start!\n||Kylewithasmile69 is ready for game 2.\n|uhtml|next|Next: <a href=\"/battle-gen9vgc2025regibo3-2354307202\"><strong>Game 2 of 3</strong></a>\n|l|\u203dKylewithasmile69\n|player|p2|\n", "uploadtime": 1746055729, "views": 6, "formatid": "gen9vgc2025regibo3", "rating": null, "private": 0, "password": null}