{"id": "gen9vgc2025regibo3-2354599155", "format": "[Gen 9] VGC 2025 Reg I (Bo3)", "players": ["jonen", "Eternatususususu"], "log": "|j|\u2606jonen\n|j|\u2606Eternatususususu\n|html|<table width=\"100%\"><tr><td align=\"left\">jonen</td><td align=\"right\">Eternatususususu</tr><tr><td align=\"left\"><i class=\"fa fa-circle\"></i> <i class=\"fa fa-circle-o\"></i> </td><td align=\"right\"><i class=\"fa fa-circle-o\"></i> <i class=\"fa fa-circle\"></i> </tr></table>\n|uhtml|bestof|<h2><strong>Game 3</strong> of <a href=\"/game-bestof3-gen9vgc2025regibo3-2354595397\">a best-of-3</a></h2>\n|t:|1746100948\n|gametype|doubles\n|player|p1|jonen|hiker-gen4|1216\n|player|p2|Eternatususususu|pokekid|1160\n|teamsize|p1|6\n|teamsize|p2|6\n|gen|9\n|tier|[Gen 9] VGC 2025 Reg I (Bo3)\n|rated|\n|rule|Species Clause: Limit one of each Pok\u00e9mon\n|rule|Item Clause: Limit 1 of each item\n|clearpoke\n|poke|p1|Koraidon, L50|\n|poke|p1|Terapagos, L50, M|\n|poke|p1|Rillaboom, L50, M|\n|poke|p1|Ogerpon-Cornerstone, L50, F|\n|poke|p1|Flutter Mane, L50|\n|poke|p1|Chi-Yu, L50|\n|poke|p2|Kyogre, L50|\n|poke|p2|Miraidon, L50|\n|poke|p2|Wo-Chien, L50|\n|poke|p2|Urshifu-*, L50, M|\n|poke|p2|Sneasler, L50, F|\n|poke|p2|Incineroar, L50, F|\n|teampreview|4\n|showteam|p1|Koraidon||LifeOrb|OrichalcumPulse|CloseCombat,FlareBlitz,FlameCharge,Protect||||||50|,,,,,Fire]Terapagos||Leftovers|TeraShift|TeraStarstorm,EarthPower,CalmMind,Protect|||M|||50|,,,,,Stellar]Rillaboom||AssaultVest|GrassySurge|WoodHammer,GrassyGlide,Uturn,FakeOut|||M|||50|,,,,,Water]Ogerpon-Cornerstone||CornerstoneMask|Sturdy|IvyCudgel,PowerWhip,FollowMe,SpikyShield|||F|||50|,,,,,Rock]Flutter Mane||FocusSash|Protosynthesis|Moonblast,ShadowBall,IcyWind,Protect||||||50|,,,,,Normal]Chi-Yu||ChoiceScarf|BeadsofRuin|Overheat,DarkPulse,Snarl,HeatWave||||||50|,,,,,Ghost\n|showteam|p2|Kyogre||AssaultVest|Drizzle|WaterSpout,OriginPulse,Thunder,IceBeam||||||50|,,,,,Grass]Miraidon||ChoiceSpecs|HadronEngine|ElectroDrift,VoltSwitch,DracoMeteor,DazzlingGleam||||||50|,,,,,Fairy]Wo-Chien||Leftovers|TabletsofRuin|Ruination,LeechSeed,PollenPuff,Protect||||||50|,,,,,Poison]Urshifu-Rapid-Strike||ChoiceScarf|UnseenFist|SurgingStrikes,CloseCombat,Uturn,AquaJet|||M|||50|,,,,,Water]Sneasler||ElectricSeed|Unburden|CloseCombat,GunkShot,ThroatChop,Protect|||F|||50|,,,,,Stellar]Incineroar||RockyHelmet|Intimidate|KnockOff,FakeOut,PartingShot,WillOWisp|||F|||50|,,,,,Bug\n|\n|t:|1746100971\n|start\n|switch|p1a: Terapagos|Terapagos, L50, M|100/100\n|switch|p1b: Flutter Mane|Flutter Mane, L50|100/100\n|switch|p2a: Miraidon|Miraidon, L50|100/100\n|switch|p2b: Sneasler|Sneasler, L50, F|100/100\n|-activate|p1a: Terapagos|ability: Tera Shift\n|detailschange|p1a: Terapagos|Terapagos-Terastal, L50, M\n|-heal|p1a: Terapagos|100/100|[silent]\n|-fieldstart|move: Electric Terrain|[from] ability: Hadron Engine|[of] p2a: Miraidon\n|-enditem|p2b: Sneasler|Electric Seed\n|-boost|p2b: Sneasler|def|1|[from] item: Electric Seed\n|turn|1\n|\n|t:|1746100986\n|move|p2b: Sneasler|Protect|p2b: Sneasler\n|-singleturn|p2b: Sneasler|Protect\n|move|p1b: Flutter Mane|Moonblast|p2a: Miraidon\n|-supereffective|p2a: Miraidon\n|-damage|p2a: Miraidon|18/100\n|move|p2a: Miraidon|Volt Switch|p1b: Flutter Mane\n|-enditem|p1b: Flutter Mane|Focus Sash\n|-damage|p1b: Flutter Mane|1/100\n|\n|t:|1746100998\n|switch|p2a: Urshifu|Urshifu-Rapid-Strike, L50, M|100/100|[from] Volt Switch\n|move|p1a: Terapagos|Calm Mind|p1a: Terapagos\n|-boost|p1a: Terapagos|spa|1\n|-boost|p1a: Terapagos|spd|1\n|\n|upkeep\n|turn|2\n|\n|t:|1746101020\n|move|p2b: Sneasler|Close Combat|p1a: Terapagos\n|-activate|p1a: Terapagos|ability: Tera Shell\n|-resisted|p1a: Terapagos\n|-damage|p1a: Terapagos|79/100\n|-unboost|p2b: Sneasler|def|1\n|-unboost|p2b: Sneasler|spd|1\n|move|p2a: Urshifu|U-turn|p1a: Terapagos\n|-damage|p1a: Terapagos|61/100\n|\n|t:|1746101030\n|switch|p2a: Kyogre|Kyogre, L50, shiny|100/100|[from] U-turn\n|-weather|RainDance|[from] ability: Drizzle|[of] p2a: Kyogre\n|move|p1b: Flutter Mane|Moonblast|p2a: Kyogre\n|-damage|p2a: Kyogre|77/100\n|move|p1a: Terapagos|Calm Mind|p1a: Terapagos\n|-boost|p1a: Terapagos|spa|1\n|-boost|p1a: Terapagos|spd|1\n|\n|-weather|RainDance|[upkeep]\n|-heal|p1a: Terapagos|68/100|[from] item: Leftovers\n|upkeep\n|turn|3\n|\n|t:|1746101045\n|-terastallize|p1a: Terapagos|Stellar\n|detailschange|p1a: Terapagos|Terapagos-Stellar, L50, M, tera:Stellar\n|-heal|p1a: Terapagos|76/100|[silent]\n|-ability|p1a: Terapagos|Teraform Zero\n|-weather|none\n|-fieldend|move: Electric Terrain\n|move|p2b: Sneasler|Protect|p2b: Sneasler\n|-singleturn|p2b: Sneasler|Protect\n|move|p1b: Flutter Mane|Shadow Ball|p2b: Sneasler\n|-activate|p2b: Sneasler|move: Protect\n|move|p1a: Terapagos|Tera Starstorm|p2b: Sneasler|[spread] p2a\n|-activate|p2b: Sneasler|move: Protect\n|-damage|p2a: Kyogre|50/100\n|move|p2a: Kyogre|Ice Beam|p1b: Flutter Mane\n|-damage|p1b: Flutter Mane|0 fnt\n|faint|p1b: Flutter Mane\n|-end|p1b: Flutter Mane|Protosynthesis|[silent]\n|\n|-heal|p1a: Terapagos|82/100|[from] item: Leftovers\n|upkeep\n|\n|t:|1746101053\n|switch|p1b: Ogerpon|Ogerpon-Cornerstone, L50, F|100/100\n|turn|4\n|\n|t:|1746101072\n|switch|p2b: Urshifu|Urshifu-Rapid-Strike, L50, M|100/100\n|move|p1b: Ogerpon|Ivy Cudgel|p2a: Kyogre|[anim] Ivy Cudgel Rock\n|-damage|p2a: Kyogre|5/100\n|move|p1a: Terapagos|Tera Starstorm|p2b: Urshifu|[spread] p2a,p2b\n|-damage|p2a: Kyogre|0 fnt\n|-damage|p2b: Urshifu|12/100\n|faint|p2a: Kyogre\n|\n|-heal|p1a: Terapagos|88/100|[from] item: Leftovers\n|upkeep\n|\n|t:|1746101082\n|switch|p2a: Sneasler|Sneasler, L50, F|100/100\n|turn|5\n|\n|t:|1746101091\n|-terastallize|p2b: Urshifu|Water\n|move|p1b: Ogerpon|Follow Me|p1b: Ogerpon\n|-singleturn|p1b: Ogerpon|move: Follow Me\n|move|p2b: Urshifu|Surging Strikes|p1b: Ogerpon\n|-crit|p1b: Ogerpon\n|-damage|p1b: Ogerpon|70/100\n|-crit|p1b: Ogerpon\n|-damage|p1b: Ogerpon|36/100\n|-crit|p1b: Ogerpon\n|-damage|p1b: Ogerpon|6/100\n|-hitcount|p1b: Ogerpon|3\n|move|p2a: Sneasler|Close Combat|p1b: Ogerpon\n|-supereffective|p1b: Ogerpon\n|-damage|p1b: Ogerpon|0 fnt\n|-unboost|p2a: Sneasler|def|1\n|-unboost|p2a: Sneasler|spd|1\n|faint|p1b: Ogerpon\n|move|p1a: Terapagos|Tera Starstorm|p2a: Sneasler|[spread] p2a,p2b\n|-supereffective|p2b: Urshifu\n|-damage|p2a: Sneasler|0 fnt\n|-damage|p2b: Urshifu|0 fnt\n|faint|p2a: Sneasler\n|faint|p2b: Urshifu\n|\n|-heal|p1a: Terapagos|95/100|[from] item: Leftovers\n|upkeep\n|-message|Eternatususususu forfeited.\n|\n|win|jonen\n|raw|jonen's rating: 1216 &rarr; <strong>1237</strong><br />(+21 for winning)\n|raw|Eternatususususu's rating: 1160 &rarr; <strong>1139</strong><br />(-21 for losing)\n|l|\u2606Eternatususususu\n|player|p2|\n|l|\u2606jonen\n|player|p1|\n", "uploadtime": 1746101495, "views": 7, "formatid": "gen9vgc2025regibo3", "rating": 1139, "private": 0, "password": null}