{"id": "gen9vgc2025regibo3-2354222479", "format": "[Gen 9] VGC 2025 Reg I (Bo3)", "players": ["PikaTROD", "SpoinkxSpoink"], "log": "|j|\u2606PikaTROD\n|j|\u2606SpoinkxSpoink\n|html|<table width=\"100%\"><tr><td align=\"left\">PikaTROD</td><td align=\"right\">SpoinkxSpoink</tr><tr><td align=\"left\"><i class=\"fa fa-circle-o\"></i> <i class=\"fa fa-circle-o\"></i> </td><td align=\"right\"><i class=\"fa fa-circle-o\"></i> <i class=\"fa fa-circle\"></i> </tr></table>\n|uhtml|bestof|<h2><strong>Game 2</strong> of <a href=\"/game-bestof3-gen9vgc2025regibo3-2354221063\">a best-of-3</a></h2>\n|t:|1746046220\n|gametype|doubles\n|player|p1|PikaTROD|170|1408\n|player|p2|SpoinkxSpoink|crasherwake|1594\n|teamsize|p1|6\n|teamsize|p2|6\n|gen|9\n|tier|[Gen 9] VGC 2025 Reg I (Bo3)\n|rated|\n|rule|Species Clause: Limit one of each Pok\u00e9mon\n|rule|Item Clause: Limit 1 of each item\n|clearpoke\n|poke|p1|Terapagos, L50, M|\n|poke|p1|Lunala, L50|\n|poke|p1|Tornadus, L50, M|\n|poke|p1|Urshifu-*, L50, M|\n|poke|p1|Rillaboom, L50, F|\n|poke|p1|Incineroar, L50, M|\n|poke|p2|Calyrex-Ice, L50|\n|poke|p2|Koraidon, L50|\n|poke|p2|Raging Bolt, L50|\n|poke|p2|Brute Bonnet, L50|\n|poke|p2|Flutter Mane, L50|\n|poke|p2|Smeargle, L50, M|\n|teampreview|4\n|showteam|p1|Terapagos||ChoiceSpecs|TeraShift|HyperBeam,DarkPulse,TeraStarstorm,EarthPower|||M|||50|,,,,,Stellar]Lunala||Leftovers|ShadowShield|WideGuard,DazzlingGleam,MoongeistBeam,CalmMind||||||50|,,,,,Fairy]Tornadus||CovertCloak|Prankster|Tailwind,RainDance,BleakwindStorm,Taunt|||M|||50|,,,,,Dark]Urshifu-Rapid-Strike||FocusSash|UnseenFist|SurgingStrikes,CloseCombat,AquaJet,Detect|||M|||50|,,,,,Stellar]Rillaboom||AssaultVest|GrassySurge|FakeOut,GrassyGlide,WoodHammer,Uturn|||F|||50|,,,,,Fire]Incineroar||SafetyGoggles|Intimidate|FakeOut,KnockOff,PartingShot,WillOWisp|||M|||50|,,,,,Bug\n|showteam|p2|Calyrex-Ice||ClearAmulet|AsOneGlastrier|Protect,GlacialLance,HighHorsepower,TrickRoom||||||50|,,,,,Poison]Koraidon||LifeOrb|OrichalcumPulse|Protect,CloseCombat,FlareBlitz,FlameCharge||||||50|,,,,,Fire]Raging Bolt||AssaultVest|Protosynthesis|Thunderbolt,DracoMeteor,Thunderclap,VoltSwitch||||||50|,,,,,Fairy]Brute Bonnet||RockyHelmet|Protosynthesis|Protect,SeedBomb,RagePowder,Spore||||||50|,,,,,Water]Flutter Mane||ChoiceSpecs|Protosynthesis|Moonblast,ShadowBall,DazzlingGleam,IcyWind||||||50|,,,,,Fairy]Smeargle||FocusSash|Technician|WideGuard,Spore,FollowMe,FakeOut|||M|||50|,,,,,Grass\n|\n|t:|1746046266\n|start\n|switch|p1a: Rillaboom|Rillaboom, L50, F|100/100\n|switch|p1b: Incineroar|Incineroar, L50, M|100/100\n|switch|p2a: Smeargle|Smeargle, L50, M|100/100\n|switch|p2b: Flutter Mane|Flutter Mane, L50|100/100\n|-fieldstart|move: Grassy Terrain|[from] ability: Grassy Surge|[of] p1a: Rillaboom\n|-ability|p1b: Incineroar|Intimidate|boost\n|-unboost|p2a: Smeargle|atk|1\n|-unboost|p2b: Flutter Mane|atk|1\n|turn|1\n|\n|t:|1746046285\n|move|p1a: Rillaboom|Fake Out|p2a: Smeargle\n|-damage|p2a: Smeargle|78/100\n|cant|p2a: Smeargle|flinch\n|move|p2b: Flutter Mane|Moonblast|p1b: Incineroar\n|-damage|p1b: Incineroar|41/100\n|move|p1b: Incineroar|Knock Off|p2b: Flutter Mane\n|-damage|p2b: Flutter Mane|23/100\n|-enditem|p2b: Flutter Mane|Choice Specs|[from] move: Knock Off|[of] p1b: Incineroar\n|\n|-heal|p2b: Flutter Mane|29/100|[from] Grassy Terrain\n|-heal|p2a: Smeargle|84/100|[from] Grassy Terrain\n|-heal|p1b: Incineroar|47/100|[from] Grassy Terrain\n|upkeep\n|turn|2\n|\n|t:|1746046308\n|-terastallize|p2a: Smeargle|Grass\n|move|p2b: Flutter Mane|Moonblast|p1b: Incineroar\n|-damage|p1b: Incineroar|8/100\n|-unboost|p1b: Incineroar|spa|1\n|move|p1a: Rillaboom|Wood Hammer|p2a: Smeargle\n|-resisted|p2a: Smeargle\n|-damage|p2a: Smeargle|21/100\n|-damage|p1a: Rillaboom|85/100|[from] Recoil\n|move|p2a: Smeargle|Spore|p1b: Incineroar\n|-activate|p1b: Incineroar|item: Safety Goggles|Spore\n|move|p1b: Incineroar|Parting Shot|p2b: Flutter Mane\n|-unboost|p2b: Flutter Mane|atk|1\n|-unboost|p2b: Flutter Mane|spa|1\n|\n|t:|1746046341\n|switch|p1b: Terapagos|Terapagos, L50, M|100/100|[from] Parting Shot\n|-activate|p1b: Terapagos|ability: Tera Shift\n|detailschange|p1b: Terapagos|Terapagos-Terastal, L50, M\n|-heal|p1b: Terapagos|100/100|[silent]\n|\n|-heal|p2b: Flutter Mane|35/100|[from] Grassy Terrain\n|-heal|p1a: Rillaboom|91/100|[from] Grassy Terrain\n|-heal|p2a: Smeargle|28/100|[from] Grassy Terrain\n|upkeep\n|turn|3\n|\n|t:|1746046346\n|switch|p2a: Koraidon|Koraidon, L50|100/100\n|-weather|SunnyDay|[from] ability: Orichalcum Pulse|[of] p2a: Koraidon\n|-activate|p2b: Flutter Mane|ability: Protosynthesis\n|-start|p2b: Flutter Mane|protosynthesisspe\n|-activate|p2a: Koraidon|Orichalcum Pulse|[source]\n|switch|p1b: Incineroar|Incineroar, L50, M|8/100\n|-ability|p1b: Incineroar|Intimidate|boost\n|-unboost|p2a: Koraidon|atk|1\n|-unboost|p2b: Flutter Mane|atk|1\n|move|p1a: Rillaboom|Grassy Glide|p2b: Flutter Mane\n|-damage|p2b: Flutter Mane|0 fnt\n|faint|p2b: Flutter Mane\n|-end|p2b: Flutter Mane|Protosynthesis|[silent]\n|\n|-weather|SunnyDay|[upkeep]\n|-heal|p1a: Rillaboom|97/100|[from] Grassy Terrain\n|-heal|p1b: Incineroar|14/100|[from] Grassy Terrain\n|upkeep\n|\n|t:|1746046358\n|switch|p2b: Calyrex|Calyrex-Ice, L50|100/100\n|-ability|p2b: Calyrex|As One\n|-ability|p2b: Calyrex|Unnerve\n|turn|4\n|\n|t:|1746046394\n|move|p1b: Incineroar|Fake Out|p2a: Koraidon\n|-damage|p2a: Koraidon|92/100\n|cant|p2a: Koraidon|flinch\n|move|p1a: Rillaboom|U-turn|p2b: Calyrex\n|-supereffective|p2b: Calyrex\n|-damage|p2b: Calyrex|76/100\n|\n|t:|1746046401\n|switch|p1a: Lunala|Lunala, L50|100/100|[from] U-turn\n|move|p2b: Calyrex|Glacial Lance|p1b: Incineroar|[spread] p1a,p1b\n|-resisted|p1b: Incineroar\n|-damage|p1a: Lunala|78/100\n|-damage|p1b: Incineroar|0 fnt\n|faint|p1b: Incineroar\n|-ability|p2b: Calyrex|Chilling Neigh|boost\n|-boost|p2b: Calyrex|atk|1\n|\n|-weather|SunnyDay|[upkeep]\n|-heal|p2a: Koraidon|98/100|[from] Grassy Terrain\n|-heal|p1a: Lunala|84/100|[from] Grassy Terrain\n|-heal|p1a: Lunala|90/100|[from] item: Leftovers\n|-heal|p2b: Calyrex|82/100|[from] Grassy Terrain\n|upkeep\n|\n|t:|1746046451\n|switch|p1b: Terapagos|Terapagos-Terastal, L50, M|100/100\n|turn|5\n|\n|t:|1746046471\n|move|p2b: Calyrex|Protect|p2b: Calyrex\n|-singleturn|p2b: Calyrex|Protect\n|move|p1a: Lunala|Wide Guard|p1a: Lunala\n|-singleturn|p1a: Lunala|Wide Guard\n|move|p2a: Koraidon|Close Combat|p1b: Terapagos\n|-activate|p1b: Terapagos|ability: Tera Shell\n|-resisted|p1b: Terapagos\n|-damage|p1b: Terapagos|69/100\n|-unboost|p2a: Koraidon|def|1\n|-unboost|p2a: Koraidon|spd|1\n|-damage|p2a: Koraidon|88/100|[from] item: Life Orb\n|move|p1b: Terapagos|Tera Starstorm|p2a: Koraidon\n|-damage|p2a: Koraidon|0 fnt\n|faint|p2a: Koraidon\n|\n|-weather|SunnyDay|[upkeep]\n|-heal|p1a: Lunala|97/100|[from] Grassy Terrain\n|-heal|p1a: Lunala|100/100|[from] item: Leftovers\n|-heal|p1b: Terapagos|75/100|[from] Grassy Terrain\n|-heal|p2b: Calyrex|88/100|[from] Grassy Terrain\n|-fieldend|move: Grassy Terrain\n|upkeep\n|\n|t:|1746046485\n|switch|p2a: Smeargle|Smeargle, L50, M, tera:Grass|28/100\n|turn|6\n|\n|t:|1746046514\n|switch|p1a: Rillaboom|Rillaboom, L50, F|97/100\n|-fieldstart|move: Grassy Terrain|[from] ability: Grassy Surge|[of] p1a: Rillaboom\n|move|p2a: Smeargle|Spore|p1a: Rillaboom\n|-immune|p1a: Rillaboom\n|move|p1b: Terapagos|Tera Starstorm|p2a: Smeargle\n|-damage|p2a: Smeargle|0 fnt\n|faint|p2a: Smeargle\n|move|p2b: Calyrex|Glacial Lance|p1a: Rillaboom|[spread] p1a,p1b\n|-supereffective|p1a: Rillaboom\n|-damage|p1a: Rillaboom|0 fnt\n|-damage|p1b: Terapagos|6/100\n|faint|p1a: Rillaboom\n|-ability|p2b: Calyrex|Chilling Neigh|boost\n|-boost|p2b: Calyrex|atk|1\n|\n|-weather|SunnyDay|[upkeep]\n|-heal|p1b: Terapagos|12/100|[from] Grassy Terrain\n|-heal|p2b: Calyrex|94/100|[from] Grassy Terrain\n|upkeep\n|\n|t:|1746046521\n|switch|p1a: Lunala|Lunala, L50|100/100\n|turn|7\n|\n|t:|1746046534\n|-terastallize|p1b: Terapagos|Stellar\n|detailschange|p1b: Terapagos|Terapagos-Stellar, L50, M, tera:Stellar\n|-heal|p1b: Terapagos|36/100|[silent]\n|-ability|p1b: Terapagos|Teraform Zero\n|-weather|none\n|-fieldend|move: Grassy Terrain\n|move|p1a: Lunala|Moongeist Beam|p2b: Calyrex\n|-supereffective|p2b: Calyrex\n|-damage|p2b: Calyrex|23/100\n|move|p1b: Terapagos|Tera Starstorm|p2b: Calyrex\n|-damage|p2b: Calyrex|0 fnt\n|faint|p2b: Calyrex\n|\n|win|PikaTROD\n||SpoinkxSpoink is ready for game 3.\n||PikaTROD is ready for game 3.\n|uhtml|next|Next: <a href=\"/battle-gen9vgc2025regibo3-2354225571\"><strong>Game 3 of 3</strong></a>\n|l|\u2606SpoinkxSpoink\n|player|p2|\n|l|\u2606PikaTROD\n|player|p1|\n", "uploadtime": 1746046786, "views": 12, "formatid": "gen9vgc2025regibo3", "rating": null, "private": 0, "password": null}