{"id": "gen9vgc2025regibo3-2353884241", "format": "[Gen 9] VGC 2025 Reg I (Bo3)", "players": ["NerdConsultant", "wimpshrimp"], "log": "|j|\u2606NerdConsultant\n|j|\u2606wimpshrimp\n|html|<table width=\"100%\"><tr><td align=\"left\">NerdConsultant</td><td align=\"right\">wimpshrimp</tr><tr><td align=\"left\"><i class=\"fa fa-circle\"></i> <i class=\"fa fa-circle-o\"></i> </td><td align=\"right\"><i class=\"fa fa-circle-o\"></i> <i class=\"fa fa-circle-o\"></i> </tr></table>\n|uhtml|bestof|<h2><strong>Game 2</strong> of <a href=\"/game-bestof3-gen9vgc2025regibo3-2353883336\">a best-of-3</a></h2>\n|t:|1746014750\n|gametype|doubles\n|player|p1|NerdConsultant|roxie|1120\n|player|p2|wimpshrimp|266|1191\n|teamsize|p1|6\n|teamsize|p2|6\n|gen|9\n|tier|[Gen 9] VGC 2025 Reg I (Bo3)\n|rated|\n|rule|Species Clause: Limit one of each Pok\u00e9mon\n|rule|Item Clause: Limit 1 of each item\n|clearpoke\n|poke|p1|Miraidon, L50|\n|poke|p1|Calyrex-Ice, L50|\n|poke|p1|Iron Hands, L50|\n|poke|p1|Whimsicott, L50, M|\n|poke|p1|Grimmsnarl, L50, M|\n|poke|p1|Ogerpon-Hearthflame, L50, F|\n|poke|p2|Lunala, L50|\n|poke|p2|Koraidon, L50|\n|poke|p2|Entei, L50|\n|poke|p2|Rillaboom, L50, M|\n|poke|p2|Urshifu-*, L50, F|\n|poke|p2|Flutter Mane, L50|\n|teampreview|4\n|showteam|p1|Miraidon||ChoiceSpecs|HadronEngine|VoltSwitch,ElectroDrift,DazzlingGleam,DracoMeteor||||||50|,,,,,Fairy]Calyrex-Ice||ClearAmulet|AsOneGlastrier|GlacialLance,HighHorsepower,TrickRoom,Protect||||||50|,,,,,Fire]Iron Hands||AssaultVest|QuarkDrive|DrainPunch,LowKick,WildCharge,FakeOut||||||50|,,,,,Bug]Whimsicott||CovertCloak|Prankster|Moonblast,Encore,Tailwind,LightScreen|||M|||50|,,,,,Dark]Grimmsnarl||LightClay|Prankster|FoulPlay,Reflect,LightScreen,ThunderWave|||M|||50|,,,,,Ghost]Ogerpon-Hearthflame||HearthflameMask|MoldBreaker|IvyCudgel,WoodHammer,FollowMe,SpikyShield|||F|||50|,,,,,Fire\n|showteam|p2|Lunala||Leftovers|ShadowShield|Moonblast,MoongeistBeam,WideGuard,Protect||||||50|,,,,,Fairy]Koraidon||ClearAmulet|OrichalcumPulse|Protect,FlameCharge,FlareBlitz,CloseCombat||||||50|,,,,,Fire]Entei||SitrusBerry|InnerFocus|Protect,SacredFire,HelpingHand,ExtremeSpeed||||||50|,,,,,Normal]Rillaboom||AssaultVest|GrassySurge|FakeOut,WoodHammer,GrassyGlide,Uturn|||M|||50|,,,,,Poison]Urshifu||ChoiceScarf|UnseenFist|WickedBlow,CloseCombat,SuckerPunch,Uturn|||F|||50|,,,,,Dark]Flutter Mane||FocusSash|Protosynthesis|Protect,Moonblast,DazzlingGleam,IcyWind||||||50|,,,,,Fairy\n|inactive|Battle timer is ON: inactive players will automatically lose when time's up. (requested by wimpshrimp)\n|\n|t:|1746014790\n|start\n|switch|p1a: Iron Hands|Iron Hands, L50|100/100\n|switch|p1b: Grimmsnarl|Grimmsnarl, L50, M|100/100\n|switch|p2a: Rillaboom|Rillaboom, L50, M|100/100\n|switch|p2b: Urshifu|Urshifu, L50, F|100/100\n|-fieldstart|move: Grassy Terrain|[from] ability: Grassy Surge|[of] p2a: Rillaboom\n|turn|1\n|\n|t:|1746014805\n|move|p2a: Rillaboom|Fake Out|p1a: Iron Hands\n|-damage|p1a: Iron Hands|92/100\n|cant|p1a: Iron Hands|flinch\n|move|p1b: Grimmsnarl|Reflect|p1b: Grimmsnarl\n|-sidestart|p1: NerdConsultant|Reflect\n|move|p2b: Urshifu|U-turn|p1b: Grimmsnarl\n|-damage|p1b: Grimmsnarl|83/100\n|\n|t:|1746014812\n|switch|p2b: Lunala|Lunala, L50|100/100|[from] U-turn\n|\n|-heal|p1b: Grimmsnarl|89/100|[from] Grassy Terrain\n|-heal|p1a: Iron Hands|98/100|[from] Grassy Terrain\n|upkeep\n|turn|2\n|\n|t:|1746014824\n|-end|p1a: Iron Hands|Quark Drive|[silent]\n|switch|p1a: Miraidon|Miraidon, L50|100/100\n|-fieldstart|move: Electric Terrain|[from] ability: Hadron Engine|[of] p1a: Miraidon\n|move|p1b: Grimmsnarl|Light Screen|p1b: Grimmsnarl\n|-sidestart|p1: NerdConsultant|move: Light Screen\n|move|p2b: Lunala|Moonblast|p1b: Grimmsnarl\n|-supereffective|p1b: Grimmsnarl\n|-damage|p1b: Grimmsnarl|48/100\n|move|p2a: Rillaboom|Wood Hammer|p1b: Grimmsnarl\n|-damage|p1b: Grimmsnarl|3/100\n|-damage|p2a: Rillaboom|86/100|[from] Recoil\n|\n|upkeep\n|turn|3\n|\n|t:|1746014845\n|move|p1b: Grimmsnarl|Thunder Wave|p2b: Lunala\n|-status|p2b: Lunala|par\n|move|p1a: Miraidon|Volt Switch|p2b: Lunala\n|-damage|p2b: Lunala|62/100 par\n|\n|t:|1746014856\n|switch|p1a: Iron Hands|Iron Hands, L50|98/100|[from] Volt Switch\n|-activate|p1a: Iron Hands|ability: Quark Drive\n|-start|p1a: Iron Hands|quarkdriveatk\n|move|p2a: Rillaboom|U-turn|p1b: Grimmsnarl\n|-crit|p1b: Grimmsnarl\n|-damage|p1b: Grimmsnarl|0 fnt\n|faint|p1b: Grimmsnarl\n|\n|t:|1746014864\n|switch|p2a: Urshifu|Urshifu, L50, F|100/100|[from] U-turn\n|cant|p2b: Lunala|par\n|\n|-heal|p2b: Lunala|67/100 par|[from] item: Leftovers\n|upkeep\n|\n|t:|1746014877\n|switch|p1b: Calyrex|Calyrex-Ice, L50|100/100\n|-ability|p1b: Calyrex|As One\n|-ability|p1b: Calyrex|Unnerve\n|turn|4\n|\n|t:|1746014887\n|switch|p2b: Rillaboom|Rillaboom, L50, M|86/100\n|-fieldstart|move: Grassy Terrain|[from] ability: Grassy Surge|[of] p2b: Rillaboom\n|-end|p1a: Iron Hands|Quark Drive\n|-terastallize|p1b: Calyrex|Fire\n|move|p1a: Iron Hands|Fake Out|p2a: Urshifu\n|-damage|p2a: Urshifu|87/100\n|cant|p2a: Urshifu|flinch\n|move|p1b: Calyrex|Glacial Lance|p2a: Urshifu|[spread] p2a,p2b\n|-supereffective|p2b: Rillaboom\n|-damage|p2a: Urshifu|31/100\n|-damage|p2b: Rillaboom|0 fnt\n|faint|p2b: Rillaboom\n|-ability|p1b: Calyrex|Chilling Neigh|boost\n|-boost|p1b: Calyrex|atk|1\n|\n|-heal|p2a: Urshifu|37/100|[from] Grassy Terrain\n|-heal|p1a: Iron Hands|100/100|[from] Grassy Terrain\n|upkeep\n|\n|t:|1746014902\n|switch|p2b: Koraidon|Koraidon, L50|100/100\n|-weather|SunnyDay|[from] ability: Orichalcum Pulse|[of] p2b: Koraidon\n|-activate|p2b: Koraidon|Orichalcum Pulse|[source]\n|turn|5\n|\n|t:|1746014918\n|-terastallize|p2b: Koraidon|Fire\n|move|p2a: Urshifu|Wicked Blow|p1b: Calyrex\n|-crit|p1b: Calyrex\n|-damage|p1b: Calyrex|59/100\n|move|p2b: Koraidon|Close Combat|p1b: Calyrex\n|-damage|p1b: Calyrex|22/100\n|-unboost|p2b: Koraidon|def|1\n|-unboost|p2b: Koraidon|spd|1\n|move|p1b: Calyrex|Glacial Lance|p2b: Koraidon|[spread] p2a,p2b\n|-resisted|p2b: Koraidon\n|-damage|p2a: Urshifu|0 fnt\n|-damage|p2b: Koraidon|45/100\n|faint|p2a: Urshifu\n|-ability|p1b: Calyrex|Chilling Neigh|boost\n|-boost|p1b: Calyrex|atk|1\n|move|p1a: Iron Hands|Low Kick|p2b: Koraidon\n|-damage|p2b: Koraidon|0 fnt\n|faint|p2b: Koraidon\n|\n|-weather|SunnyDay|[upkeep]\n|-heal|p1b: Calyrex|28/100|[from] Grassy Terrain\n|upkeep\n|-message|wimpshrimp forfeited.\n|\n|win|NerdConsultant\n|raw|NerdConsultant's rating: 1120 &rarr; <strong>1150</strong><br />(+30 for winning)\n|raw|wimpshrimp's rating: 1191 &rarr; <strong>1161</strong><br />(-30 for losing)\n|c|\u2606NerdConsultant|gg\n|l|\u2606NerdConsultant\n|player|p1|\n|j|\u2606NerdConsultant\n|player|p1|NerdConsultant|roxie|\n", "uploadtime": 1746015412, "views": 7, "formatid": "gen9vgc2025regibo3", "rating": 1150, "private": 0, "password": null}