{"id": "gen9vgc2025regibo3-2353962296", "format": "[Gen 9] VGC 2025 Reg I (Bo3)", "players": ["put4psoe", "maikkeli"], "log": "|j|\u2606put4psoe\n|j|\u2606maikkeli\n|html|<table width=\"100%\"><tr><td align=\"left\">put4psoe</td><td align=\"right\">maikkeli</tr><tr><td align=\"left\"><i class=\"fa fa-circle\"></i> <i class=\"fa fa-circle-o\"></i> </td><td align=\"right\"><i class=\"fa fa-circle-o\"></i> <i class=\"fa fa-circle-o\"></i> </tr></table>\n|uhtml|bestof|<h2><strong>Game 2</strong> of <a href=\"/game-bestof3-gen9vgc2025regibo3-2353959145\">a best-of-3</a></h2>\n|t:|1746022979\n|gametype|doubles\n|player|p1|put4psoe|2|\n|player|p2|maikkeli|fisherman-gen4|\n|teamsize|p1|6\n|teamsize|p2|6\n|gen|9\n|tier|[Gen 9] VGC 2025 Reg I (Bo3)\n|rule|Species Clause: Limit one of each Pok\u00e9mon\n|rule|Item Clause: Limit 1 of each item\n|clearpoke\n|poke|p1|Terapagos, L50, M|\n|poke|p1|Calyrex-Shadow, L50|\n|poke|p1|Incineroar, L50, M|\n|poke|p1|Rillaboom, L50, M|\n|poke|p1|Amoonguss, L50, M|\n|poke|p1|Urshifu-*, L50, M|\n|poke|p2|Miraidon, L50|\n|poke|p2|Lunala, L50|\n|poke|p2|Chi-Yu, L50|\n|poke|p2|Araquanid, L50, F|\n|poke|p2|Iron Hands, L50|\n|poke|p2|Urshifu-*, L50, M|\n|teampreview|4\n|showteam|p1|Terapagos||Leftovers|TeraShift|Protect,TeraStarstorm,EarthPower,CalmMind|||M|||50|,,,,,Stellar]Calyrex-Shadow||FocusSash|AsOneSpectrier|Protect,AstralBarrage,Encore,Disable||||||50|,,,,,Ghost]Incineroar||SafetyGoggles|Intimidate|KnockOff,PartingShot,WillOWisp,FakeOut|||M|||50|,,,,,Bug]Rillaboom||AssaultVest|GrassySurge|WoodHammer,GrassyGlide,Uturn,FakeOut|||M|||50|,,,,,Fire]Amoonguss||RockyHelmet|Regenerator|Protect,Spore,RagePowder,SludgeBomb|||M|||50|,,,,,Water]Urshifu-Rapid-Strike||ChoiceScarf|UnseenFist|SurgingStrikes,CloseCombat,Coaching,Uturn|||M|||50|,,,,,Water\n|showteam|p2|Miraidon||ChoiceSpecs|HadronEngine|ElectroDrift,DazzlingGleam,VoltSwitch,DracoMeteor||||||50|,,,,,Fairy]Lunala||ElectricSeed|ShadowShield|MoongeistBeam,WideGuard,Moonblast,TrickRoom||||||50|,,,,,Fairy]Chi-Yu||ChoiceScarf|BeadsofRuin|HeatWave,Snarl,Overheat,DarkPulse||||||50|,,,,,Ghost]Araquanid||ClearAmulet|WaterBubble|Liquidation,Infestation,WideGuard,Protect|||F|||50|,,,,,Water]Iron Hands||AssaultVest|QuarkDrive|DrainPunch,LowKick,WildCharge,FakeOut||||||50|,,,,,Water]Urshifu-Rapid-Strike||FocusSash|UnseenFist|SurgingStrikes,AquaJet,Detect,CloseCombat|||M|||50|,,,,,Stellar\n|inactive|Battle timer is ON: inactive players will automatically lose when time's up. (requested by put4psoe)\n|\n|t:|1746022991\n|start\n|switch|p1a: Incineroar|Incineroar, L50, M|100/100\n|switch|p1b: Urshifu|Urshifu-Rapid-Strike, L50, M|100/100\n|switch|p2a: Lunala|Lunala, L50|100/100\n|switch|p2b: Miraidon|Miraidon, L50|100/100\n|-fieldstart|move: Electric Terrain|[from] ability: Hadron Engine|[of] p2b: Miraidon\n|-enditem|p2a: Lunala|Electric Seed\n|-boost|p2a: Lunala|def|1|[from] item: Electric Seed\n|-ability|p1a: Incineroar|Intimidate|boost\n|-unboost|p2a: Lunala|atk|1\n|-unboost|p2b: Miraidon|atk|1\n|turn|1\n|\n|t:|1746023008\n|-terastallize|p1b: Urshifu|Water\n|move|p1a: Incineroar|Fake Out|p2b: Miraidon\n|-damage|p2b: Miraidon|89/100\n|move|p1b: Urshifu|Surging Strikes|p2a: Lunala\n|-crit|p2a: Lunala\n|-damage|p2a: Lunala|89/100\n|-crit|p2a: Lunala\n|-damage|p2a: Lunala|69/100\n|-crit|p2a: Lunala\n|-damage|p2a: Lunala|48/100\n|-hitcount|p2a: Lunala|3\n|cant|p2b: Miraidon|flinch\n|move|p2a: Lunala|Moonblast|p1b: Urshifu\n|-damage|p1b: Urshifu|47/100\n|\n|upkeep\n|turn|2\n|\n|t:|1746023024\n|switch|p1a: Rillaboom|Rillaboom, L50, M|100/100\n|-fieldstart|move: Grassy Terrain|[from] ability: Grassy Surge|[of] p1a: Rillaboom\n|move|p1b: Urshifu|Surging Strikes|p2a: Lunala\n|-crit|p2a: Lunala\n|-damage|p2a: Lunala|26/100\n|-crit|p2a: Lunala\n|-damage|p2a: Lunala|5/100\n|-crit|p2a: Lunala\n|-damage|p2a: Lunala|0 fnt\n|faint|p2a: Lunala\n|-hitcount|p2: Lunala|3\n|move|p2b: Miraidon|Electro Drift|p1a: Rillaboom\n|-resisted|p1a: Rillaboom\n|-damage|p1a: Rillaboom|70/100\n|\n|-heal|p1b: Urshifu|53/100|[from] Grassy Terrain\n|-heal|p2b: Miraidon|95/100|[from] Grassy Terrain\n|-heal|p1a: Rillaboom|75/100|[from] Grassy Terrain\n|upkeep\n|\n|t:|1746023034\n|switch|p2a: Chi-Yu|Chi-Yu, L50|100/100\n|-ability|p2a: Chi-Yu|Beads of Ruin\n|turn|3\n|\n|t:|1746023053\n|switch|p2b: Iron Hands|Iron Hands, L50|100/100\n|-terastallize|p2a: Chi-Yu|Ghost\n|move|p1a: Rillaboom|Fake Out|p2b: Iron Hands\n|-damage|p2b: Iron Hands|90/100\n|move|p2a: Chi-Yu|Overheat|p1b: Urshifu\n|-resisted|p1b: Urshifu\n|-damage|p1b: Urshifu|0 fnt\n|-unboost|p2a: Chi-Yu|spa|2\n|faint|p1b: Urshifu\n|\n|-heal|p1a: Rillaboom|81/100|[from] Grassy Terrain\n|-heal|p2b: Iron Hands|96/100|[from] Grassy Terrain\n|upkeep\n|\n|t:|1746023068\n|switch|p1b: Terapagos|Terapagos, L50, M|100/100\n|-activate|p1b: Terapagos|ability: Tera Shift\n|detailschange|p1b: Terapagos|Terapagos-Terastal, L50, M\n|-heal|p1b: Terapagos|100/100|[silent]\n|turn|4\n|\n|t:|1746023079\n|move|p2a: Chi-Yu|Overheat|p1b: Terapagos\n|-activate|p1b: Terapagos|ability: Tera Shell\n|-resisted|p1b: Terapagos\n|-damage|p1b: Terapagos|80/100\n|-unboost|p2a: Chi-Yu|spa|2\n|move|p1b: Terapagos|Calm Mind|p1b: Terapagos\n|-boost|p1b: Terapagos|spa|1\n|-boost|p1b: Terapagos|spd|1\n|move|p1a: Rillaboom|U-turn|p2a: Chi-Yu\n|-resisted|p2a: Chi-Yu\n|-damage|p2a: Chi-Yu|81/100\n|\n|t:|1746023089\n|switch|p1a: Incineroar|Incineroar, L50, M|100/100|[from] U-turn\n|-ability|p1a: Incineroar|Intimidate|boost\n|-unboost|p2a: Chi-Yu|atk|1\n|-unboost|p2b: Iron Hands|atk|1\n|move|p2b: Iron Hands|Drain Punch|p1b: Terapagos\n|-supereffective|p1b: Terapagos\n|-damage|p1b: Terapagos|35/100\n|-heal|p2b: Iron Hands|100/100|[from] drain|[of] p1b: Terapagos\n|\n|-heal|p2a: Chi-Yu|87/100|[from] Grassy Terrain\n|-heal|p1b: Terapagos|41/100|[from] Grassy Terrain\n|-heal|p1b: Terapagos|47/100|[from] item: Leftovers\n|upkeep\n|turn|5\n|\n|t:|1746023106\n|switch|p2a: Miraidon|Miraidon, L50|95/100\n|-fieldstart|move: Electric Terrain|[from] ability: Hadron Engine|[of] p2a: Miraidon\n|-activate|p2b: Iron Hands|ability: Quark Drive\n|-start|p2b: Iron Hands|quarkdriveatk\n|move|p1a: Incineroar|Fake Out|p2b: Iron Hands\n|-damage|p2b: Iron Hands|93/100\n|move|p1b: Terapagos|Calm Mind|p1b: Terapagos\n|-boost|p1b: Terapagos|spa|1\n|-boost|p1b: Terapagos|spd|1\n|cant|p2b: Iron Hands|flinch\n|\n|-heal|p1b: Terapagos|54/100|[from] item: Leftovers\n|upkeep\n|turn|6\n|\n|t:|1746023126\n|switch|p1a: Rillaboom|Rillaboom, L50, M|81/100\n|-fieldstart|move: Grassy Terrain|[from] ability: Grassy Surge|[of] p1a: Rillaboom\n|-end|p2b: Iron Hands|Quark Drive\n|-end|p2b: Iron Hands|Quark Drive|[silent]\n|switch|p2b: Chi-Yu|Chi-Yu, L50, tera:Ghost|87/100\n|-ability|p2b: Chi-Yu|Beads of Ruin\n|move|p1b: Terapagos|Protect|p1b: Terapagos\n|-singleturn|p1b: Terapagos|Protect\n|move|p2a: Miraidon|Draco Meteor|p1b: Terapagos\n|-activate|p1b: Terapagos|move: Protect\n|\n|-heal|p2b: Chi-Yu|93/100|[from] Grassy Terrain\n|-heal|p2a: Miraidon|100/100|[from] Grassy Terrain\n|-heal|p1b: Terapagos|60/100|[from] Grassy Terrain\n|-heal|p1b: Terapagos|66/100|[from] item: Leftovers\n|-heal|p1a: Rillaboom|87/100|[from] Grassy Terrain\n|upkeep\n|turn|7\n|inactive|put4psoe has 30 seconds left.\n|\n|t:|1746023152\n|switch|p2a: Iron Hands|Iron Hands, L50|93/100\n|move|p1a: Rillaboom|Fake Out|p2a: Iron Hands\n|-damage|p2a: Iron Hands|83/100\n|move|p2b: Chi-Yu|Snarl|p1b: Terapagos|[spread] p1a,p1b\n|-damage|p1a: Rillaboom|65/100\n|-damage|p1b: Terapagos|53/100\n|-unboost|p1a: Rillaboom|spa|1\n|-unboost|p1b: Terapagos|spa|1\n|move|p1b: Terapagos|Tera Starstorm|p2a: Iron Hands\n|-damage|p2a: Iron Hands|29/100\n|\n|-heal|p2b: Chi-Yu|99/100|[from] Grassy Terrain\n|-heal|p1b: Terapagos|59/100|[from] Grassy Terrain\n|-heal|p1b: Terapagos|66/100|[from] item: Leftovers\n|-heal|p1a: Rillaboom|71/100|[from] Grassy Terrain\n|-heal|p2a: Iron Hands|35/100|[from] Grassy Terrain\n|upkeep\n|turn|8\n|\n|t:|1746023171\n|switch|p2b: Miraidon|Miraidon, L50|100/100\n|-fieldstart|move: Electric Terrain|[from] ability: Hadron Engine|[of] p2b: Miraidon\n|-activate|p2a: Iron Hands|ability: Quark Drive\n|-start|p2a: Iron Hands|quarkdriveatk\n|move|p1b: Terapagos|Protect|p1b: Terapagos\n|-singleturn|p1b: Terapagos|Protect\n|move|p2a: Iron Hands|Fake Out|p1b: Terapagos\n|-activate|p1b: Terapagos|move: Protect\n|move|p1a: Rillaboom|U-turn|p2a: Iron Hands\n|-resisted|p2a: Iron Hands\n|-damage|p2a: Iron Hands|26/100\n|\n|t:|1746023183\n|switch|p1a: Incineroar|Incineroar, L50, M|100/100|[from] U-turn\n|-ability|p1a: Incineroar|Intimidate|boost\n|-unboost|p2a: Iron Hands|atk|1\n|-unboost|p2b: Miraidon|atk|1\n|\n|-heal|p1b: Terapagos|72/100|[from] item: Leftovers\n|upkeep\n|turn|9\n|\n|t:|1746023196\n|move|p1a: Incineroar|Fake Out|p2b: Miraidon\n|-damage|p2b: Miraidon|90/100\n|cant|p2b: Miraidon|flinch\n|move|p1b: Terapagos|Earth Power|p2a: Iron Hands\n|-supereffective|p2a: Iron Hands\n|-damage|p2a: Iron Hands|0 fnt\n|faint|p2a: Iron Hands\n|-end|p2a: Iron Hands|Quark Drive|[silent]\n|\n|-heal|p1b: Terapagos|78/100|[from] item: Leftovers\n|upkeep\n|\n|t:|1746023201\n|switch|p2a: Chi-Yu|Chi-Yu, L50, tera:Ghost|99/100\n|-ability|p2a: Chi-Yu|Beads of Ruin\n|turn|10\n|inactive|maikkeli has 30 seconds left.\n|\n|t:|1746023230\n|switch|p1a: Rillaboom|Rillaboom, L50, M|71/100\n|-fieldstart|move: Grassy Terrain|[from] ability: Grassy Surge|[of] p1a: Rillaboom\n|move|p1b: Terapagos|Protect|p1b: Terapagos\n|-singleturn|p1b: Terapagos|Protect\n|move|p2a: Chi-Yu|Snarl|p1a: Rillaboom|[spread] p1a\n|-activate|p1b: Terapagos|move: Protect\n|-damage|p1a: Rillaboom|49/100\n|-unboost|p1a: Rillaboom|spa|1\n|move|p2b: Miraidon|Electro Drift|p1a: Rillaboom\n|-resisted|p1a: Rillaboom\n|-damage|p1a: Rillaboom|8/100\n|\n|-heal|p2a: Chi-Yu|100/100|[from] Grassy Terrain\n|-heal|p2b: Miraidon|97/100|[from] Grassy Terrain\n|-heal|p1b: Terapagos|84/100|[from] Grassy Terrain\n|-heal|p1b: Terapagos|91/100|[from] item: Leftovers\n|-heal|p1a: Rillaboom|14/100|[from] Grassy Terrain\n|upkeep\n|turn|11\n|\n|t:|1746023252\n|move|p1a: Rillaboom|Fake Out|p2b: Miraidon\n|-damage|p2b: Miraidon|81/100\n|move|p2a: Chi-Yu|Snarl|p1a: Rillaboom|[spread] p1a,p1b\n|-damage|p1a: Rillaboom|0 fnt\n|-damage|p1b: Terapagos|78/100\n|-unboost|p1b: Terapagos|spa|1\n|faint|p1a: Rillaboom\n|cant|p2b: Miraidon|flinch\n|move|p1b: Terapagos|Earth Power|p2b: Miraidon\n|-supereffective|p2b: Miraidon\n|-damage|p2b: Miraidon|22/100\n|\n|-heal|p2b: Miraidon|28/100|[from] Grassy Terrain\n|-heal|p1b: Terapagos|84/100|[from] Grassy Terrain\n|-heal|p1b: Terapagos|90/100|[from] item: Leftovers\n|upkeep\n|\n|t:|1746023263\n|switch|p1a: Incineroar|Incineroar, L50, M|100/100\n|-ability|p1a: Incineroar|Intimidate|boost\n|-unboost|p2a: Chi-Yu|atk|1\n|-unboost|p2b: Miraidon|atk|1\n|turn|12\n|\n|t:|1746023276\n|move|p1a: Incineroar|Fake Out|p2b: Miraidon\n|-damage|p2b: Miraidon|18/100\n|move|p2a: Chi-Yu|Snarl|p1b: Terapagos|[spread] p1a,p1b\n|-resisted|p1a: Incineroar\n|-damage|p1a: Incineroar|88/100\n|-damage|p1b: Terapagos|78/100\n|-unboost|p1a: Incineroar|spa|1\n|-unboost|p1b: Terapagos|spa|1\n|cant|p2b: Miraidon|flinch\n|move|p1b: Terapagos|Earth Power|p2b: Miraidon\n|-supereffective|p2b: Miraidon\n|-damage|p2b: Miraidon|0 fnt\n|faint|p2b: Miraidon\n|\n|-heal|p1b: Terapagos|84/100|[from] Grassy Terrain\n|-heal|p1b: Terapagos|90/100|[from] item: Leftovers\n|-heal|p1a: Incineroar|94/100|[from] Grassy Terrain\n|upkeep\n|turn|13\n|-message|maikkeli forfeited.\n|\n|win|put4psoe\n|l|\u2606maikkeli\n|player|p2|\n", "uploadtime": 1746023328, "views": 23, "formatid": "gen9vgc2025regibo3", "rating": null, "private": 0, "password": null}