{"id": "gen9vgc2025regibo3-2353697774", "format": "[Gen 9] VGC 2025 Reg I (Bo3)", "players": ["Darkcat", "rphoenix_blaze"], "log": "|j|\u2606Darkcat\n|j|\u2606rphoenix_blaze\n|html|<table width=\"100%\"><tr><td align=\"left\">Darkcat</td><td align=\"right\">rphoenix_blaze</tr><tr><td align=\"left\"><i class=\"fa fa-circle-o\"></i> <i class=\"fa fa-circle-o\"></i> </td><td align=\"right\"><i class=\"fa fa-circle-o\"></i> <i class=\"fa fa-circle-o\"></i> </tr></table>\n|uhtml|bestof|<h2><strong>Game 1</strong> of <a href=\"/game-bestof3-gen9vgc2025regibo3-2353697773\">a best-of-3</a></h2>\n|t:|1745985076\n|gametype|doubles\n|player|p1|Darkcat|oak-gen2|\n|player|p2|rphoenix_blaze|scientist-gen4dp|\n|teamsize|p1|6\n|teamsize|p2|6\n|gen|9\n|tier|[Gen 9] VGC 2025 Reg I (Bo3)\n|rule|Species Clause: Limit one of each Pok\u00e9mon\n|rule|Item Clause: Limit 1 of each item\n|clearpoke\n|poke|p1|Calyrex-Ice, L50|\n|poke|p1|Miraidon, L50|\n|poke|p1|Grimmsnarl, L50, M|\n|poke|p1|Iron Hands, L50|\n|poke|p1|Farigiraf, L50, F|\n|poke|p1|Ditto, L50|\n|poke|p2|Kyogre, L50|\n|poke|p2|Calyrex-Ice, L50|\n|poke|p2|Rillaboom, L50, F|\n|poke|p2|Urshifu-*, L50, F|\n|poke|p2|Landorus, L50, M|\n|poke|p2|Roaring Moon, L50|\n|teampreview|4\n|showteam|p1|Calyrex-Ice||ClearAmulet|AsOneGlastrier|GlacialLance,HighHorsepower,TrickRoom,Protect||||||50|,,,,,Fairy]Miraidon||ChoiceSpecs|HadronEngine|ElectroDrift,DracoMeteor,VoltSwitch,DazzlingGleam||||||50|,,,,,Fairy]Grimmsnarl||LightClay|Prankster|SpiritBreak,Reflect,LightScreen,ThunderWave|||M|||50|,,,,,Ghost]Iron Hands||AssaultVest|QuarkDrive|DrainPunch,LowKick,HeavySlam,FakeOut||||||50|,,,,,Bug]Farigiraf||ElectricSeed|ArmorTail|FoulPlay,Psychic,TrickRoom,HelpingHand|||F|||50|,,,,,Water]Ditto||FocusSash|Imposter|Transform||||||50|,,,,,Fairy\n|showteam|p2|Kyogre||Leftovers|Drizzle|WaterSpout,OriginPulse,IceBeam,CalmMind||||||50|,,,,,Grass]Calyrex-Ice||ClearAmulet|AsOneGlastrier|GlacialLance,HighHorsepower,TrickRoom,Protect||||||50|,,,,,Fairy]Rillaboom||AssaultVest|GrassySurge|FakeOut,Uturn,WoodHammer,GrassyGlide|||F|||50|,,,,,Fire]Urshifu-Rapid-Strike||ChoiceScarf|UnseenFist|SurgingStrikes,CloseCombat,Coaching,Uturn|||F|||50|,,,,,Ghost]Landorus||LifeOrb|SheerForce|EarthPower,SludgeBomb,SandsearStorm,Protect|||M|||50|,,,,,Water]Roaring Moon||BoosterEnergy|Protosynthesis|KnockOff,Acrobatics,Protect,Tailwind||||||50|,,,,,Flying\n|j| Practibot\n|\n|t:|1745985129\n|start\n|switch|p1a: Grimmsnarl|Grimmsnarl, L50, M|100/100\n|switch|p1b: Calyrex|Calyrex-Ice, L50|100/100\n|switch|p2a: Roaring Moon|Roaring Moon, L50|100/100\n|switch|p2b: Landorus|Landorus, L50, M|100/100\n|-ability|p1b: Calyrex|As One\n|-ability|p1b: Calyrex|Unnerve\n|-enditem|p2a: Roaring Moon|Booster Energy\n|-activate|p2a: Roaring Moon|ability: Protosynthesis|[fromitem]\n|-start|p2a: Roaring Moon|protosynthesisspe\n|turn|1\n|\n|t:|1745985189\n|-end|p2a: Roaring Moon|Protosynthesis|[silent]\n|switch|p2a: Kyogre|Kyogre, L50|100/100\n|-weather|RainDance|[from] ability: Drizzle|[of] p2a: Kyogre\n|-terastallize|p2b: Landorus|Water\n|move|p1a: Grimmsnarl|Light Screen|p1a: Grimmsnarl\n|-sidestart|p1: Darkcat|move: Light Screen\n|move|p2b: Landorus|Sandsear Storm|p1a: Grimmsnarl|[spread] p1a,p1b\n|-damage|p1a: Grimmsnarl|59/100\n|-damage|p1b: Calyrex|74/100\n|move|p1b: Calyrex|Glacial Lance|p2b: Landorus|[spread] p2a,p2b\n|-resisted|p2a: Kyogre\n|-resisted|p2b: Landorus\n|-damage|p2a: Kyogre|73/100\n|-damage|p2b: Landorus|71/100\n|\n|-weather|RainDance|[upkeep]\n|-heal|p2a: Kyogre|79/100|[from] item: Leftovers\n|upkeep\n|turn|2\n|\n|t:|1745985231\n|move|p1a: Grimmsnarl|Thunder Wave|p2a: Kyogre\n|-status|p2a: Kyogre|par\n|move|p2b: Landorus|Sludge Bomb|p1a: Grimmsnarl\n|-supereffective|p1a: Grimmsnarl\n|-damage|p1a: Grimmsnarl|0 fnt\n|faint|p1a: Grimmsnarl\n|move|p1b: Calyrex|Glacial Lance|p2a: Kyogre|[spread] p2a,p2b\n|-resisted|p2a: Kyogre\n|-resisted|p2b: Landorus\n|-damage|p2a: Kyogre|53/100 par\n|-damage|p2b: Landorus|44/100\n|move|p2a: Kyogre|Water Spout|p1b: Calyrex\n|-damage|p1b: Calyrex|44/100\n|\n|-weather|RainDance|[upkeep]\n|-heal|p2a: Kyogre|59/100 par|[from] item: Leftovers\n|upkeep\n|\n|t:|1745985247\n|switch|p1a: Miraidon|Miraidon, L50|100/100\n|-fieldstart|move: Electric Terrain|[from] ability: Hadron Engine|[of] p1a: Miraidon\n|turn|3\n|\n|t:|1745985270\n|move|p2b: Landorus|Protect|p2b: Landorus\n|-singleturn|p2b: Landorus|Protect\n|move|p1a: Miraidon|Electro Drift|p2b: Landorus\n|-activate|p2b: Landorus|move: Protect\n|move|p1b: Calyrex|Glacial Lance|p2a: Kyogre|[spread] p2a\n|-activate|p2b: Landorus|move: Protect\n|-resisted|p2a: Kyogre\n|-damage|p2a: Kyogre|31/100 par\n|move|p2a: Kyogre|Ice Beam|p1a: Miraidon\n|-supereffective|p1a: Miraidon\n|-damage|p1a: Miraidon|59/100\n|\n|-weather|RainDance|[upkeep]\n|-heal|p2a: Kyogre|37/100 par|[from] item: Leftovers\n|upkeep\n|turn|4\n|\n|t:|1745985315\n|move|p2b: Landorus|Protect||[still]\n|-fail|p2b: Landorus\n|move|p1a: Miraidon|Electro Drift|p2a: Kyogre\n|-supereffective|p2a: Kyogre\n|-damage|p2a: Kyogre|0 fnt\n|faint|p2a: Kyogre\n|move|p1b: Calyrex|Glacial Lance|p2b: Landorus\n|-resisted|p2b: Landorus\n|-damage|p2b: Landorus|4/100\n|\n|-weather|RainDance|[upkeep]\n|upkeep\n|\n|t:|1745985322\n|switch|p2a: Rillaboom|Rillaboom, L50, F|100/100\n|-fieldstart|move: Grassy Terrain|[from] ability: Grassy Surge|[of] p2a: Rillaboom\n|turn|5\n|\n|t:|1745985362\n|move|p2b: Landorus|Protect|p2b: Landorus\n|-singleturn|p2b: Landorus|Protect\n|move|p1a: Miraidon|Electro Drift|p2b: Landorus\n|-activate|p2b: Landorus|move: Protect\n|move|p2a: Rillaboom|Wood Hammer|p1b: Calyrex\n|-damage|p1b: Calyrex|0 fnt\n|faint|p1b: Calyrex\n|-damage|p2a: Rillaboom|85/100|[from] Recoil\n|\n|-weather|none\n|-heal|p1a: Miraidon|65/100|[from] Grassy Terrain\n|-heal|p2b: Landorus|10/100|[from] Grassy Terrain\n|-heal|p2a: Rillaboom|91/100|[from] Grassy Terrain\n|upkeep\n|\n|t:|1745985365\n|switch|p1b: Iron Hands|Iron Hands, L50|100/100\n|turn|6\n|\n|t:|1745985394\n|switch|p2b: Roaring Moon|Roaring Moon, L50|100/100\n|move|p1a: Miraidon|Electro Drift|p2b: Roaring Moon\n|-resisted|p2b: Roaring Moon\n|-damage|p2b: Roaring Moon|67/100\n|move|p2a: Rillaboom|U-turn|p1a: Miraidon\n|-damage|p1a: Miraidon|38/100\n|\n|t:|1745985403\n|switch|p2a: Landorus|Landorus, L50, M, tera:Water|10/100|[from] U-turn\n|move|p1b: Iron Hands|Drain Punch|p2b: Roaring Moon\n|-supereffective|p2b: Roaring Moon\n|-damage|p2b: Roaring Moon|0 fnt\n|faint|p2b: Roaring Moon\n|-end|p2b: Roaring Moon|Protosynthesis|[silent]\n|\n|-heal|p1a: Miraidon|43/100|[from] Grassy Terrain\n|-heal|p2a: Landorus|16/100|[from] Grassy Terrain\n|upkeep\n|\n|t:|1745985409\n|switch|p2b: Rillaboom|Rillaboom, L50, F|91/100\n|turn|7\n|\n|t:|1745985431\n|-terastallize|p1b: Iron Hands|Bug\n|move|p2b: Rillaboom|Fake Out|p1a: Miraidon\n|-damage|p1a: Miraidon|29/100\n|cant|p1a: Miraidon|flinch\n|move|p2a: Landorus|Sandsear Storm|p1b: Iron Hands|[spread] p1a,p1b\n|-supereffective|p1a: Miraidon\n|-resisted|p1b: Iron Hands\n|-damage|p1a: Miraidon|0 fnt\n|-damage|p1b: Iron Hands|90/100\n|faint|p1a: Miraidon\n|move|p1b: Iron Hands|Drain Punch|p2a: Landorus\n|-damage|p2a: Landorus|0 fnt\n|-heal|p1b: Iron Hands|96/100|[from] drain|[of] p2a: Landorus\n|faint|p2a: Landorus\n|\n|-heal|p2b: Rillaboom|97/100|[from] Grassy Terrain\n|-heal|p1b: Iron Hands|100/100|[from] Grassy Terrain\n|upkeep\n|turn|8\n|\n|t:|1745985448\n|move|p2b: Rillaboom|Wood Hammer|p1b: Iron Hands\n|-resisted|p1b: Iron Hands\n|-crit|p1b: Iron Hands\n|-damage|p1b: Iron Hands|55/100\n|-damage|p2b: Rillaboom|79/100|[from] Recoil\n|move|p1b: Iron Hands|Drain Punch|p2b: Rillaboom\n|-damage|p2b: Rillaboom|33/100\n|-heal|p1b: Iron Hands|74/100|[from] drain|[of] p2b: Rillaboom\n|\n|-heal|p2b: Rillaboom|40/100|[from] Grassy Terrain\n|-heal|p1b: Iron Hands|80/100|[from] Grassy Terrain\n|-sideend|p1: Darkcat|move: Light Screen\n|upkeep\n|turn|9\n|\n|t:|1745985456\n|move|p2b: Rillaboom|Wood Hammer|p1b: Iron Hands\n|-resisted|p1b: Iron Hands\n|-damage|p1b: Iron Hands|51/100\n|-damage|p2b: Rillaboom|28/100|[from] Recoil\n|move|p1b: Iron Hands|Drain Punch|p2b: Rillaboom\n|-damage|p2b: Rillaboom|0 fnt\n|-heal|p1b: Iron Hands|62/100|[from] drain|[of] p2b: Rillaboom\n|faint|p2b: Rillaboom\n|\n|win|Darkcat\n||Darkcat is ready for game 2.\n", "uploadtime": 1745985459, "views": 6, "formatid": "gen9vgc2025regibo3", "rating": null, "private": 0, "password": null}