{"id": "gen9vgc2025regibo3-2354771864", "format": "[Gen 9] VGC 2025 Reg I (Bo3)", "players": ["ooni boe", "Habeebk"], "log": "|j|\u2606ooni boe\n|j|\u203dHabeebk\n|html|<table width=\"100%\"><tr><td align=\"left\">ooni boe</td><td align=\"right\">Habeebk</tr><tr><td align=\"left\"><i class=\"fa fa-circle-o\"></i> <i class=\"fa fa-circle-o\"></i> </td><td align=\"right\"><i class=\"fa fa-circle-o\"></i> <i class=\"fa fa-circle-o\"></i> </tr></table>\n|uhtml|bestof|<h2><strong>Game 1</strong> of <a href=\"/game-bestof3-gen9vgc2025regibo3-2354771863\">a best-of-3</a></h2>\n|t:|1746118394\n|gametype|doubles\n|player|p1|ooni boe|ninjaboy|1036\n|player|p2|Habeebk|lucas|1114\n|teamsize|p1|6\n|teamsize|p2|6\n|gen|9\n|tier|[Gen 9] VGC 2025 Reg I (Bo3)\n|rated|\n|rule|Species Clause: Limit one of each Pok\u00e9mon\n|rule|Item Clause: Limit 1 of each item\n|clearpoke\n|poke|p1|Lunala, L50|\n|poke|p1|Kyogre, L50|\n|poke|p1|Urshifu-*, L50, F|\n|poke|p1|Indeedee-F, L50, F|\n|poke|p1|Tornadus, L50, M|\n|poke|p1|Landorus, L50, M|\n|poke|p2|Zekrom, L50|\n|poke|p2|Miraidon, L50|\n|poke|p2|Tornadus, L50, M|\n|poke|p2|Incineroar, L50, F|\n|poke|p2|Urshifu-*, L50, M|\n|poke|p2|Pelipper, L50, M|\n|teampreview|4\n|showteam|p1|Lunala||PowerHerb|ShadowShield|WideGuard,MeteorBeam,ExpandingForce,MoongeistBeam||||||50|,,,,,Fairy]Kyogre||ChoiceSpecs|Drizzle|WaterSpout,OriginPulse,Thunder,IceBeam||||||50|,,,,,Grass]Urshifu-Rapid-Strike||MysticWater|UnseenFist|SurgingStrikes,AquaJet,CloseCombat,Detect|||F|||50|,,,,,Water]Indeedee-F||PsychicSeed|PsychicSurge|FollowMe,TrickRoom,Imprison,Psychic|||F|||50|,,,,,Fairy]Tornadus||FocusSash|Prankster|BleakwindStorm,Tailwind,Protect,ScaryFace|||M|||50|,,,,,Steel]Landorus||LifeOrb|SheerForce|SludgeBomb,EarthPower,SandsearStorm,Protect|||M|||50|,,,,,Poison\n|showteam|p2|Zekrom||LifeOrb|Teravolt|DragonDance,DragonClaw,Protect,FusionBolt||||||50|,,,,,Electric]Miraidon||ChoiceSpecs|HadronEngine|DazzlingGleam,DracoMeteor,ElectroDrift,VoltSwitch||||||50|,,,,,Fairy]Tornadus||CovertCloak|Prankster|Tailwind,BleakwindStorm,ScaryFace,Protect|||M|||50|,,,,,Dark]Incineroar||AssaultVest|Intimidate|KnockOff,FlareBlitz,Uturn,FakeOut|||F|||50|,,,,,Bug]Urshifu||FocusSash|UnseenFist|WickedBlow,SuckerPunch,CloseCombat,Detect|||M|||50|,,,,,Stellar]Pelipper||AbilityShield|Drizzle|Hurricane,Protect,WeatherBall,WideGuard|||M|||50|,,,,,Ghost\n|inactive|Battle timer is ON: inactive players will automatically lose when time's up. (requested by ooni boe)\n|\n|t:|1746118430\n|start\n|switch|p1a: Landorus|Landorus, L50, M|100/100\n|switch|p1b: Lunala|Lunala, L50|100/100\n|switch|p2a: Incineroar|Incineroar, L50, F|100/100\n|switch|p2b: Urshifu|Urshifu, L50, M|100/100\n|-ability|p2a: Incineroar|Intimidate|boost\n|-unboost|p1a: Landorus|atk|1\n|-unboost|p1b: Lunala|atk|1\n|turn|1\n|inactive|Habeebk has 30 seconds left.\n|\n|t:|1746118459\n|-terastallize|p1b: Lunala|Fairy\n|move|p2a: Incineroar|Fake Out|p1b: Lunala\n|-damage|p1b: Lunala|95/100\n|move|p2b: Urshifu|Wicked Blow|p1a: Landorus\n|-crit|p1a: Landorus\n|-damage|p1a: Landorus|29/100\n|move|p1a: Landorus|Sandsear Storm|p2a: Incineroar|[spread] p2a,p2b\n|-supereffective|p2a: Incineroar\n|-damage|p2a: Incineroar|18/100\n|-enditem|p2b: Urshifu|Focus Sash\n|-damage|p2b: Urshifu|1/100\n|cant|p1b: Lunala|flinch\n|\n|upkeep\n|turn|2\n|inactive|ooni boe has 30 seconds left.\n|\n|t:|1746118487\n|switch|p1a: Indeedee|Indeedee-F, L50, F|100/100\n|-fieldstart|move: Psychic Terrain|[from] ability: Psychic Surge|[of] p1a: Indeedee\n|-enditem|p1a: Indeedee|Psychic Seed\n|-boost|p1a: Indeedee|spd|1|[from] item: Psychic Seed\n|move|p2b: Urshifu|Wicked Blow|p1a: Indeedee\n|-supereffective|p1a: Indeedee\n|-crit|p1a: Indeedee\n|-damage|p1a: Indeedee|0 fnt\n|faint|p1a: Indeedee\n|move|p1b: Lunala|Meteor Beam||[still]\n|-prepare|p1b: Lunala|Meteor Beam\n|-boost|p1b: Lunala|spa|1\n|-enditem|p1b: Lunala|Power Herb\n|-anim|p1b: Lunala|Meteor Beam|p2b: Urshifu\n|-resisted|p2b: Urshifu\n|-damage|p2b: Urshifu|0 fnt\n|faint|p2b: Urshifu\n|move|p2a: Incineroar|U-turn|p1b: Lunala\n|-resisted|p1b: Lunala\n|-damage|p1b: Lunala|87/100\n|\n|t:|1746118499\n|switch|p2a: Miraidon|Miraidon, L50|100/100|[from] U-turn\n|-fieldstart|move: Electric Terrain|[from] ability: Hadron Engine|[of] p2a: Miraidon\n|\n|upkeep\n|\n|t:|1746118511\n|switch|p2b: Incineroar|Incineroar, L50, F|18/100\n|switch|p1a: Landorus|Landorus, L50, M|29/100\n|-ability|p2b: Incineroar|Intimidate|boost\n|-unboost|p1a: Landorus|atk|1\n|-unboost|p1b: Lunala|atk|1\n|turn|3\n|\n|t:|1746118523\n|switch|p2b: Tornadus|Tornadus, L50, M|100/100\n|-terastallize|p2a: Miraidon|Fairy\n|move|p1a: Landorus|Protect|p1a: Landorus\n|-singleturn|p1a: Landorus|Protect\n|move|p2a: Miraidon|Dazzling Gleam|p1b: Lunala|[spread] p1b\n|-activate|p1a: Landorus|move: Protect\n|-damage|p1b: Lunala|48/100\n|move|p1b: Lunala|Moongeist Beam|p2a: Miraidon\n|-damage|p2a: Miraidon|27/100\n|\n|upkeep\n|turn|4\n|\n|t:|1746118546\n|move|p1b: Lunala|Wide Guard|p1b: Lunala\n|-singleturn|p1b: Lunala|Wide Guard\n|move|p2a: Miraidon|Dazzling Gleam|p1b: Lunala|[spread] \n|-activate|p1a: Landorus|move: Wide Guard\n|-activate|p1b: Lunala|move: Wide Guard\n|move|p2b: Tornadus|Bleakwind Storm|p1a: Landorus|[spread] \n|-activate|p1a: Landorus|move: Wide Guard\n|-activate|p1b: Lunala|move: Wide Guard\n|move|p1a: Landorus|Sludge Bomb|p2b: Tornadus\n|-damage|p2b: Tornadus|26/100\n|\n|upkeep\n|turn|5\n|\n|t:|1746118571\n|switch|p2a: Incineroar|Incineroar, L50, F|18/100\n|-ability|p2a: Incineroar|Intimidate|boost\n|-unboost|p1a: Landorus|atk|1\n|-unboost|p1b: Lunala|atk|1\n|move|p2b: Tornadus|Protect|p2b: Tornadus\n|-singleturn|p2b: Tornadus|Protect\n|move|p1b: Lunala|Wide Guard|p1b: Lunala\n|-singleturn|p1b: Lunala|Wide Guard\n|move|p1a: Landorus|Sludge Bomb|p2b: Tornadus\n|-activate|p2b: Tornadus|move: Protect\n|\n|upkeep\n|turn|6\n|\n|t:|1746118590\n|switch|p2b: Miraidon|Miraidon, L50, tera:Fairy|27/100\n|-activate|p2b: Miraidon|ability: Hadron Engine\n|move|p2a: Incineroar|Fake Out|p1a: Landorus\n|-damage|p1a: Landorus|16/100\n|cant|p1a: Landorus|flinch\n|move|p1b: Lunala|Moongeist Beam|p2b: Miraidon\n|-damage|p2b: Miraidon|0 fnt\n|faint|p2b: Miraidon\n|\n|-fieldend|move: Electric Terrain\n|upkeep\n|\n|t:|1746118601\n|switch|p2b: Tornadus|Tornadus, L50, M|26/100\n|turn|7\n|-message|Habeebk forfeited.\n|\n|win|ooni boe\n||Habeebk is ready for game 2.\n|l|\u2606ooni boe\n|player|p1|\n|inactive|ooni boe has 30 seconds to confirm battle start!\n|inactive|ooni boe has 20 seconds to confirm battle start!\n|inactive|ooni boe has 10 seconds to confirm battle start!\n|uhtml|next|Next: <a href=\"/battle-gen9vgc2025regibo3-2354774769\"><strong>Game 2 of 3</strong></a>\n", "uploadtime": 1746118926, "views": 5, "formatid": "gen9vgc2025regibo3", "rating": null, "private": 0, "password": null}