{"id": "gen9vgc2025regibo3-2354965042", "format": "[Gen 9] VGC 2025 Reg I (Bo3)", "players": ["PikaTROD", "WyzerxVS36"], "log": "|j|\u2606PikaTROD\n|j|\u2606WyzerxVS36\n|html|<table width=\"100%\"><tr><td align=\"left\">PikaTROD</td><td align=\"right\">WyzerxVS36</tr><tr><td align=\"left\"><i class=\"fa fa-circle-o\"></i> <i class=\"fa fa-circle-o\"></i> </td><td align=\"right\"><i class=\"fa fa-circle-o\"></i> <i class=\"fa fa-circle-o\"></i> </tr></table>\n|uhtml|bestof|<h2><strong>Game 1</strong> of <a href=\"/game-bestof3-gen9vgc2025regibo3-2354965038\">a best-of-3</a></h2>\n|t:|1746136502\n|gametype|doubles\n|player|p1|PikaTROD|2|1401\n|player|p2|WyzerxVS36|sabrina|1401\n|teamsize|p1|6\n|teamsize|p2|6\n|gen|9\n|tier|[Gen 9] VGC 2025 Reg I (Bo3)\n|rated|\n|rule|Species Clause: Limit one of each Pok\u00e9mon\n|rule|Item Clause: Limit 1 of each item\n|clearpoke\n|poke|p1|Terapagos, L50, M|\n|poke|p1|Lunala, L50|\n|poke|p1|Tornadus, L50, M|\n|poke|p1|Urshifu-*, L50, M|\n|poke|p1|Rillaboom, L50, F|\n|poke|p1|Incineroar, L50, F|\n|poke|p2|Lunala, L50|\n|poke|p2|Calyrex-Ice, L50|\n|poke|p2|Ogerpon-Wellspring, L50, F|\n|poke|p2|Indeedee-F, L50, F|\n|poke|p2|Incineroar, L50, M|\n|poke|p2|Iron Hands, L50|\n|teampreview|4\n|showteam|p1|Terapagos||ChoiceSpecs|TeraShift|HyperBeam,DarkPulse,TeraStarstorm,EarthPower|||M|||50|,,,,,Stellar]Lunala||Leftovers|ShadowShield|WideGuard,DazzlingGleam,MoongeistBeam,CalmMind||||||50|,,,,,Water]Tornadus||CovertCloak|Prankster|Tailwind,RainDance,BleakwindStorm,Taunt|||M|||50|,,,,,Dark]Urshifu-Rapid-Strike||FocusSash|UnseenFist|SurgingStrikes,CloseCombat,AquaJet,Detect|||M|||50|,,,,,Stellar]Rillaboom||AssaultVest|GrassySurge|FakeOut,GrassyGlide,WoodHammer,Uturn|||F|||50|,,,,,Fire]Incineroar||SafetyGoggles|Intimidate|FakeOut,KnockOff,PartingShot,WillOWisp|||F|||50|,,,,,Bug\n|showteam|p2|Lunala||PowerHerb|ShadowShield|MoongeistBeam,MeteorBeam,ExpandingForce,TrickRoom||||||50|,,,,,Water]Calyrex-Ice||ClearAmulet|AsOneGlastrier|GlacialLance,HighHorsepower,TrickRoom,Protect||||||50|,,,,,Normal]Ogerpon-Wellspring||WellspringMask|WaterAbsorb|IvyCudgel,WoodHammer,Taunt,FollowMe|||F|||50|,,,,,Water]Indeedee-F||RockyHelmet|PsychicSurge|FollowMe,DazzlingGleam,TrickRoom,HelpingHand|||F|||50|,,,,,Fairy]Incineroar||SafetyGoggles|Intimidate|FlareBlitz,PartingShot,KnockOff,FakeOut|||M|||50|,,,,,Ghost]Iron Hands||AssaultVest|QuarkDrive|WildCharge,DrainPunch,LowKick,FakeOut||||||50|,,,,,Water\n|inactive|Battle timer is ON: inactive players will automatically lose when time's up. (requested by PikaTROD)\n|\n|t:|1746136551\n|start\n|switch|p1a: Lunala|Lunala, L50|100/100\n|switch|p1b: Terapagos|Terapagos, L50, M|100/100\n|switch|p2a: Indeedee|Indeedee-F, L50, F|100/100\n|switch|p2b: Calyrex|Calyrex-Ice, L50|100/100\n|-activate|p1b: Terapagos|ability: Tera Shift\n|detailschange|p1b: Terapagos|Terapagos-Terastal, L50, M\n|-heal|p1b: Terapagos|100/100|[silent]\n|-ability|p2b: Calyrex|As One\n|-ability|p2b: Calyrex|Unnerve\n|-fieldstart|move: Psychic Terrain|[from] ability: Psychic Surge|[of] p2a: Indeedee\n|turn|1\n|inactive|PikaTROD has 30 seconds left.\n|inactive|WyzerxVS36 has 30 seconds left.\n|\n|t:|1746136579\n|-terastallize|p1b: Terapagos|Stellar\n|detailschange|p1b: Terapagos|Terapagos-Stellar, L50, M, tera:Stellar\n|-heal|p1b: Terapagos|100/100|[silent]\n|-ability|p1b: Terapagos|Teraform Zero\n|-fieldend|move: Psychic Terrain\n|-terastallize|p2b: Calyrex|Normal\n|move|p1a: Lunala|Calm Mind|p1a: Lunala\n|-boost|p1a: Lunala|spa|1\n|-boost|p1a: Lunala|spd|1\n|move|p1b: Terapagos|Tera Starstorm|p2b: Calyrex|[spread] p2a,p2b\n|-supereffective|p2b: Calyrex\n|-damage|p2a: Indeedee|39/100\n|-damage|p2b: Calyrex|22/100\n|move|p2b: Calyrex|High Horsepower|p1b: Terapagos\n|-damage|p1b: Terapagos|73/100\n|move|p2a: Indeedee|Trick Room|p2a: Indeedee\n|-fieldstart|move: Trick Room|[of] p2a: Indeedee\n|\n|upkeep\n|turn|2\n|\n|t:|1746136603\n|move|p2a: Indeedee|Helping Hand|p2b: Calyrex\n|-singleturn|p2b: Calyrex|Helping Hand|[of] p2a: Indeedee\n|move|p1a: Lunala|Wide Guard|p1a: Lunala\n|-singleturn|p1a: Lunala|Wide Guard\n|move|p2b: Calyrex|High Horsepower|p1b: Terapagos\n|-damage|p1b: Terapagos|33/100\n|move|p1b: Terapagos|Tera Starstorm|p2b: Calyrex|[spread] p2a,p2b\n|-supereffective|p2b: Calyrex\n|-damage|p2a: Indeedee|0 fnt\n|-damage|p2b: Calyrex|0 fnt\n|faint|p2a: Indeedee\n|faint|p2b: Calyrex\n|\n|upkeep\n|\n|t:|1746136615\n|switch|p2b: Iron Hands|Iron Hands, L50|100/100\n|switch|p2a: Lunala|Lunala, L50, shiny|100/100\n|turn|3\n|\n|t:|1746136634\n|move|p2b: Iron Hands|Wild Charge|p1a: Lunala\n|-damage|p1a: Lunala|82/100\n|-damage|p2b: Iron Hands|96/100|[from] Recoil\n|move|p1b: Terapagos|Tera Starstorm|p2a: Lunala|[spread] p2a,p2b\n|-damage|p2a: Lunala|79/100\n|-damage|p2b: Iron Hands|61/100\n|move|p2a: Lunala|Moongeist Beam|p1a: Lunala\n|-supereffective|p1a: Lunala\n|-damage|p1a: Lunala|0 fnt\n|faint|p1a: Lunala\n|\n|upkeep\n|\n|t:|1746136650\n|switch|p1a: Incineroar|Incineroar, L50, F|100/100\n|-ability|p1a: Incineroar|Intimidate|boost\n|-unboost|p2a: Lunala|atk|1\n|-unboost|p2b: Iron Hands|atk|1\n|turn|4\n|inactive|WyzerxVS36 has 30 seconds left.\n|inactive|WyzerxVS36 has 20 seconds left.\n|inactive|WyzerxVS36 has 15 seconds left.\n|\n|t:|1746136691\n|switch|p1b: Rillaboom|Rillaboom, L50, F|100/100\n|-fieldstart|move: Grassy Terrain|[from] ability: Grassy Surge|[of] p1b: Rillaboom\n|move|p2b: Iron Hands|Drain Punch|p1a: Incineroar\n|-supereffective|p1a: Incineroar\n|-damage|p1a: Incineroar|56/100\n|-heal|p2b: Iron Hands|79/100|[from] drain|[of] p1a: Incineroar\n|move|p1a: Incineroar|Knock Off|p2a: Lunala\n|-supereffective|p2a: Lunala\n|-damage|p2a: Lunala|0 fnt\n|-enditem|p2a: Lunala|Power Herb|[from] move: Knock Off|[of] p1a: Incineroar\n|faint|p2a: Lunala\n|\n|-heal|p2b: Iron Hands|85/100|[from] Grassy Terrain\n|-heal|p1a: Incineroar|62/100|[from] Grassy Terrain\n|upkeep\n|turn|5\n|\n|t:|1746136707\n|move|p1b: Rillaboom|Fake Out|p2b: Iron Hands\n|-damage|p2b: Iron Hands|77/100\n|cant|p2b: Iron Hands|flinch\n|move|p1a: Incineroar|Parting Shot|p2b: Iron Hands\n|-unboost|p2b: Iron Hands|atk|1\n|-unboost|p2b: Iron Hands|spa|1\n|\n|t:|1746136709\n|switch|p1a: Terapagos|Terapagos-Stellar, L50, M, tera:Stellar|33/100|[from] Parting Shot\n|\n|-heal|p2b: Iron Hands|83/100|[from] Grassy Terrain\n|-heal|p1a: Terapagos|39/100|[from] Grassy Terrain\n|-fieldend|move: Trick Room\n|upkeep\n|turn|6\n|c|\u2606PikaTROD|gg\n|-message|WyzerxVS36 forfeited.\n|\n|win|PikaTROD\n||WyzerxVS36 is ready for game 2.\n||PikaTROD is ready for game 2.\n|uhtml|next|Next: <a href=\"/battle-gen9vgc2025regibo3-2354967066\"><strong>Game 2 of 3</strong></a>\n", "uploadtime": 1746137113, "views": 5, "formatid": "gen9vgc2025regibo3", "rating": null, "private": 0, "password": null}