{"id": "gen9vgc2025regibo3-2354445768", "format": "[Gen 9] VGC 2025 Reg I (Bo3)", "players": ["Jubon vivo", "dragondrivevgc"], "log": "|j|\u2606Jubon vivo\n|j|\u2606dragondrivevgc\n|html|<table width=\"100%\"><tr><td align=\"left\">Jubon vivo</td><td align=\"right\">dragondrivevgc</tr><tr><td align=\"left\"><i class=\"fa fa-circle-o\"></i> <i class=\"fa fa-circle-o\"></i> </td><td align=\"right\"><i class=\"fa fa-circle-o\"></i> <i class=\"fa fa-circle-o\"></i> </tr></table>\n|uhtml|bestof|<h2><strong>Game 1</strong> of <a href=\"/game-bestof3-gen9vgc2025regibo3-2354445767\">a best-of-3</a></h2>\n|t:|1746072764\n|gametype|doubles\n|player|p1|Jubon vivo|170|1045\n|player|p2|dragondrivevgc|266|1050\n|teamsize|p1|6\n|teamsize|p2|6\n|gen|9\n|tier|[Gen 9] VGC 2025 Reg I (Bo3)\n|rated|\n|rule|Species Clause: Limit one of each Pok\u00e9mon\n|rule|Item Clause: Limit 1 of each item\n|clearpoke\n|poke|p1|Miraidon, L50|\n|poke|p1|Lunala, L50|\n|poke|p1|Whimsicott, L50, M|\n|poke|p1|Chi-Yu, L50|\n|poke|p1|Urshifu-*, L50, M|\n|poke|p1|Iron Hands, L50|\n|poke|p2|Torkoal, L50, M|\n|poke|p2|Iron Valiant, L50|\n|poke|p2|Miraidon, L50|\n|poke|p2|Solgaleo, L50|\n|poke|p2|Incineroar, L50, M|\n|poke|p2|Farigiraf, L50, F|\n|teampreview|4\n|showteam|p1|Miraidon||ChoiceSpecs|HadronEngine|ElectroDrift,VoltSwitch,DracoMeteor,DazzlingGleam||||||50|,,,,,Fairy]Lunala||ElectricSeed|ShadowShield|MoongeistBeam,Psyshock,TrickRoom,WideGuard||||||50|,,,,,Water]Whimsicott||CovertCloak|Prankster|Moonblast,Tailwind,Encore,LightScreen|||M|||50|,,,,,Dark]Chi-Yu||ChoiceScarf|BeadsofRuin|HeatWave,DarkPulse,Overheat,Snarl||||||50|,,,,,Ghost]Urshifu-Rapid-Strike||FocusSash|UnseenFist|SurgingStrikes,CloseCombat,AquaJet,Detect|||M|||50|,,,,,Stellar]Iron Hands||AssaultVest|QuarkDrive|DrainPunch,LowKick,HeavySlam,FakeOut||||||50|,,,,,Water\n|showteam|p2|Torkoal||AssaultVest|Drought|Flamethrower,SolarBeam,GyroBall,SludgeBomb|||M|||50|,,,,,Fire]Iron Valiant||BoosterEnergy|QuarkDrive|WideGuard,ShadowSneak,Protect,SpiritBreak||||||50|,,,,,Fairy]Miraidon||ChoiceScarf|HadronEngine|DazzlingGleam,ElectroDrift,Overheat,Snarl||||||50|,,,,,Fairy]Solgaleo||ElectricSeed|FullMetalBody|PsychicFangs,SunsteelStrike,MorningSun,Protect||||||50|,,,,,Fire]Incineroar||SafetyGoggles|Intimidate|PartingShot,KnockOff,FlameCharge,Protect|||M|||50|,,,,,Grass]Farigiraf||ThroatSpray|ArmorTail|TrickRoom,HyperVoice,FoulPlay,SkillSwap|||F|||50|,,,,,Normal\n|inactive|Battle timer is ON: inactive players will automatically lose when time's up. (requested by dragondrivevgc)\n|\n|t:|1746072800\n|start\n|switch|p1a: Miraidon|Miraidon, L50|100/100\n|switch|p1b: Lunala|Lunala, L50|100/100\n|switch|p2a: Solgaleo|Solgaleo, L50|100/100\n|switch|p2b: Miraidon|Miraidon, L50|100/100\n|-fieldstart|move: Electric Terrain|[from] ability: Hadron Engine|[of] p2b: Miraidon\n|-enditem|p2a: Solgaleo|Electric Seed\n|-boost|p2a: Solgaleo|def|1|[from] item: Electric Seed\n|-enditem|p1b: Lunala|Electric Seed\n|-boost|p1b: Lunala|def|1|[from] item: Electric Seed\n|-activate|p1a: Miraidon|ability: Hadron Engine\n|turn|1\n|inactive|Jubon vivo has 30 seconds left.\n|inactive|Jubon vivo has 20 seconds left.\n|inactive|Jubon vivo has 15 seconds left.\n|inactive|Jubon vivo has 10 seconds left.\n|\n|t:|1746072846\n|-terastallize|p1a: Miraidon|Fairy\n|move|p2b: Miraidon|Snarl|p1b: Lunala|[spread] p1a,p1b\n|-resisted|p1a: Miraidon\n|-supereffective|p1b: Lunala\n|-damage|p1a: Miraidon|92/100\n|-damage|p1b: Lunala|71/100\n|-unboost|p1a: Miraidon|spa|1\n|-unboost|p1b: Lunala|spa|1\n|move|p1a: Miraidon|Electro Drift|p2b: Miraidon\n|-resisted|p2b: Miraidon\n|-damage|p2b: Miraidon|82/100\n|move|p2a: Solgaleo|Sunsteel Strike|p1b: Lunala\n|-damage|p1b: Lunala|42/100\n|move|p1b: Lunala|Moongeist Beam|p2b: Miraidon\n|-damage|p2b: Miraidon|50/100\n|\n|upkeep\n|turn|2\n|\n|t:|1746072870\n|switch|p1a: Iron Hands|Iron Hands, L50|100/100\n|-activate|p1a: Iron Hands|ability: Quark Drive\n|-start|p1a: Iron Hands|quarkdriveatk\n|move|p2b: Miraidon|Snarl|p1a: Iron Hands|[spread] p1a,p1b\n|-resisted|p1a: Iron Hands\n|-crit|p1a: Iron Hands\n|-supereffective|p1b: Lunala\n|-damage|p1a: Iron Hands|93/100\n|-damage|p1b: Lunala|0 fnt\n|-unboost|p1a: Iron Hands|spa|1\n|faint|p1b: Lunala\n|move|p2a: Solgaleo|Sunsteel Strike|p1a: Iron Hands\n|-resisted|p1a: Iron Hands\n|-damage|p1a: Iron Hands|76/100\n|\n|upkeep\n|\n|t:|1746072887\n|switch|p1b: Chi-Yu|Chi-Yu, L50|100/100\n|-ability|p1b: Chi-Yu|Beads of Ruin\n|turn|3\n|\n|t:|1746072898\n|switch|p2b: Incineroar|Incineroar, L50, M|100/100\n|-ability|p2b: Incineroar|Intimidate|boost\n|-unboost|p1a: Iron Hands|atk|1\n|-unboost|p1b: Chi-Yu|atk|1\n|switch|p2a: Farigiraf|Farigiraf, L50, F|100/100\n|move|p1b: Chi-Yu|Heat Wave|p2a: Farigiraf|[spread] p2a,p2b\n|-resisted|p2b: Incineroar\n|-crit|p2b: Incineroar\n|-damage|p2a: Farigiraf|58/100\n|-damage|p2b: Incineroar|58/100\n|-status|p2a: Farigiraf|brn\n|move|p1a: Iron Hands|Low Kick|p2b: Incineroar\n|-supereffective|p2b: Incineroar\n|-damage|p2b: Incineroar|0 fnt\n|faint|p2b: Incineroar\n|\n|-damage|p2a: Farigiraf|52/100 brn|[from] brn\n|upkeep\n|inactive|dragondrivevgc has 30 seconds left.\n|\n|t:|1746072931\n|switch|p2b: Solgaleo|Solgaleo, L50|100/100\n|turn|4\n|\n|t:|1746072942\n|move|p1b: Chi-Yu|Heat Wave|p2a: Farigiraf|[spread] p2a,p2b\n|-supereffective|p2b: Solgaleo\n|-damage|p2a: Farigiraf|12/100 brn\n|-damage|p2b: Solgaleo|4/100\n|move|p2b: Solgaleo|Psychic Fangs|p1a: Iron Hands\n|-supereffective|p1a: Iron Hands\n|-damage|p1a: Iron Hands|20/100\n|move|p2a: Farigiraf|Hyper Voice|p1b: Chi-Yu|[spread] p1a,p1b\n|-damage|p1a: Iron Hands|3/100\n|-damage|p1b: Chi-Yu|70/100\n|-enditem|p2a: Farigiraf|Throat Spray\n|-boost|p2a: Farigiraf|spa|1|[from] item: Throat Spray\n|move|p1a: Iron Hands|Low Kick|p2b: Solgaleo\n|-damage|p2b: Solgaleo|0 fnt\n|faint|p2b: Solgaleo\n|\n|-damage|p2a: Farigiraf|6/100 brn|[from] brn\n|upkeep\n|\n|t:|1746072955\n|switch|p2b: Miraidon|Miraidon, L50|50/100\n|-activate|p2b: Miraidon|ability: Hadron Engine\n|turn|5\n|\n|t:|1746072973\n|move|p2b: Miraidon|Electro Drift|p1b: Chi-Yu\n|-damage|p1b: Chi-Yu|0 fnt\n|faint|p1b: Chi-Yu\n|move|p2a: Farigiraf|Hyper Voice|p1a: Iron Hands\n|-damage|p1a: Iron Hands|0 fnt\n|faint|p1a: Iron Hands\n|-end|p1a: Iron Hands|Quark Drive|[silent]\n|\n|-damage|p2a: Farigiraf|0 fnt|[from] brn\n|faint|p2a: Farigiraf\n|-fieldend|move: Electric Terrain\n|upkeep\n|\n|t:|1746072987\n|switch|p1a: Miraidon|Miraidon, L50, tera:Fairy|92/100\n|-fieldstart|move: Electric Terrain|[from] ability: Hadron Engine|[of] p1a: Miraidon\n|turn|6\n|\n|t:|1746072993\n|move|p2b: Miraidon|Electro Drift|p1a: Miraidon\n|-crit|p1a: Miraidon\n|-damage|p1a: Miraidon|0 fnt\n|faint|p1a: Miraidon\n|\n|win|dragondrivevgc\n||dragondrivevgc is ready for game 2.\n|raw|Jubon vivo's rating: 1045 &rarr; <strong>1028</strong><br />(-17 for losing)\n|raw|dragondrivevgc's rating: 1050 &rarr; <strong>1082</strong><br />(+32 for winning)\n|l|\u2606Jubon vivo\n|player|p1|\n", "uploadtime": 1746073269, "views": 6, "formatid": "gen9vgc2025regibo3", "rating": 1028, "private": 0, "password": null}