{"id": "gen9vgc2025regibo3-2354462729", "format": "[Gen 9] VGC 2025 Reg I (Bo3)", "players": ["Claude555", "ExessVGC"], "log": "|j|\u2606Claude555\n|j|\u2606ExessVGC\n|html|<table width=\"100%\"><tr><td align=\"left\">Claude555</td><td align=\"right\">ExessVGC</tr><tr><td align=\"left\"><i class=\"fa fa-circle-o\"></i> <i class=\"fa fa-circle-o\"></i> </td><td align=\"right\"><i class=\"fa fa-circle-o\"></i> <i class=\"fa fa-circle-o\"></i> </tr></table>\n|uhtml|bestof|<h2><strong>Game 1</strong> of <a href=\"/game-bestof3-gen9vgc2025regibo3-2354462728\">a best-of-3</a></h2>\n|t:|1746075425\n|gametype|doubles\n|player|p1|Claude555|dawn|1122\n|player|p2|ExessVGC|169|1220\n|teamsize|p1|6\n|teamsize|p2|6\n|gen|9\n|tier|[Gen 9] VGC 2025 Reg I (Bo3)\n|rated|\n|rule|Species Clause: Limit one of each Pok\u00e9mon\n|rule|Item Clause: Limit 1 of each item\n|clearpoke\n|poke|p1|Calyrex-Shadow, L50|\n|poke|p1|Zamazenta-*, L50|\n|poke|p1|Smeargle, L50, M|\n|poke|p1|Incineroar, L50, F|\n|poke|p1|Rillaboom, L50, M|\n|poke|p1|Ogerpon-Hearthflame, L50, F|\n|poke|p2|Necrozma-Dawn-Wings, L50|\n|poke|p2|Tyranitar, L50, M|\n|poke|p2|Calyrex-Ice, L50|\n|poke|p2|Indeedee-F, L50, F|\n|poke|p2|Excadrill, L50, M|\n|poke|p2|Cresselia, L50, F|\n|teampreview|4\n|showteam|p1|Calyrex-Shadow||LifeOrb|AsOneSpectrier|AstralBarrage,GigaDrain,NastyPlot,Protect||||||50|,,,,,Grass]Zamazenta-Crowned||RustedShield|DauntlessShield|BodyPress,behemothbash,WideGuard,Protect||||||50|,,,,,Water]Smeargle||FocusSash|Moody|FakeOut,Spore,FollowMe,WideGuard|||M|||50|,,,,,Ghost]Incineroar||RockyHelmet|Intimidate|KnockOff,Taunt,PartingShot,FakeOut|||F|||50|,,,,,Water]Rillaboom||AssaultVest|GrassySurge|WoodHammer,GrassyGlide,Uturn,FakeOut|||M|||50|,,,,,Fire]Ogerpon-Hearthflame||HearthflameMask|MoldBreaker|IvyCudgel,GrassyGlide,FollowMe,SpikyShield|||F|||50|,,,,,Fire\n|showteam|p2|Necrozma-Dawn-Wings||PsychicSeed|PrismArmor|TrickRoom,PowerGem,ExpandingForce,MoongeistBeam||||||50|,,,,,Rock]Tyranitar||IronBall|SandStream|Protect,Fling,RockSlide,KnockOff|||M|||50|,,,,,Dark]Calyrex-Ice||ClearAmulet|AsOneGlastrier|Protect,TrickRoom,GlacialLance,HighHorsepower||||||50|,,,,,Water]Indeedee-F||SafetyGoggles|PsychicSurge|HelpingHand,TrickRoom,FollowMe,DazzlingGleam|||F|||50|,,,,,Fairy]Excadrill||AssaultVest|SandForce|IronHead,HighHorsepower,Earthquake,RockSlide|||M|||50|,,,,,Water]Cresselia||MentalHerb|Levitate|TrickRoom,HelpingHand,LunarBlessing,Moonblast|||F|||50|,,,,,Dark\n|\n|t:|1746075471\n|start\n|switch|p1a: Calyrex|Calyrex-Shadow, L50|100/100\n|switch|p1b: Smeargle|Smeargle, L50, M|100/100\n|switch|p2a: Necrozma|Necrozma-Dawn-Wings, L50|100/100\n|switch|p2b: Indeedee|Indeedee-F, L50, F|100/100\n|-ability|p1a: Calyrex|As One\n|-ability|p1a: Calyrex|Unnerve\n|-fieldstart|move: Psychic Terrain|[from] ability: Psychic Surge|[of] p2b: Indeedee\n|-enditem|p2a: Necrozma|Psychic Seed\n|-boost|p2a: Necrozma|spd|1|[from] item: Psychic Seed\n|turn|1\n|\n|t:|1746075512\n|switch|p1a: Rillaboom|Rillaboom, L50, M|100/100\n|-fieldstart|move: Grassy Terrain|[from] ability: Grassy Surge|[of] p1a: Rillaboom\n|-terastallize|p2a: Necrozma|Rock\n|move|p1b: Smeargle|Fake Out|p2b: Indeedee\n|-damage|p2b: Indeedee|95/100\n|cant|p2b: Indeedee|flinch\n|move|p2a: Necrozma|Trick Room|p2a: Necrozma\n|-fieldstart|move: Trick Room|[of] p2a: Necrozma\n|\n|-heal|p2b: Indeedee|100/100|[from] Grassy Terrain\n|-ability|p1b: Smeargle|Moody|boost\n|-boost|p1b: Smeargle|def|2\n|-unboost|p1b: Smeargle|spa|1\n|upkeep\n|turn|2\n|\n|t:|1746075543\n|move|p1b: Smeargle|Wide Guard|p1b: Smeargle\n|-singleturn|p1b: Smeargle|Wide Guard\n|move|p2b: Indeedee|Follow Me|p2b: Indeedee\n|-singleturn|p2b: Indeedee|move: Follow Me\n|move|p2a: Necrozma|Power Gem|p1b: Smeargle\n|-enditem|p1b: Smeargle|Focus Sash\n|-damage|p1b: Smeargle|1/100\n|move|p1a: Rillaboom|Wood Hammer|p2b: Indeedee\n|-damage|p2b: Indeedee|26/100\n|-damage|p1a: Rillaboom|79/100|[from] Recoil\n|\n|-heal|p2b: Indeedee|32/100|[from] Grassy Terrain\n|-heal|p1a: Rillaboom|85/100|[from] Grassy Terrain\n|-heal|p1b: Smeargle|7/100|[from] Grassy Terrain\n|-ability|p1b: Smeargle|Moody|boost\n|-boost|p1b: Smeargle|atk|2\n|-unboost|p1b: Smeargle|spe|1\n|upkeep\n|turn|3\n|\n|t:|1746075571\n|switch|p2b: Calyrex|Calyrex-Ice, L50|100/100\n|-ability|p2b: Calyrex|As One\n|-ability|p2b: Calyrex|Unnerve\n|switch|p1b: Zamazenta|Zamazenta-Crowned, L50, shiny|100/100\n|-ability|p1b: Zamazenta|Dauntless Shield|boost\n|-boost|p1b: Zamazenta|def|1\n|move|p1a: Rillaboom|Grassy Glide|p2a: Necrozma\n|-supereffective|p2a: Necrozma\n|-damage|p2a: Necrozma|54/100\n|move|p2a: Necrozma|Power Gem|p1b: Zamazenta\n|-resisted|p1b: Zamazenta\n|-damage|p1b: Zamazenta|91/100\n|\n|-heal|p2a: Necrozma|60/100|[from] Grassy Terrain\n|-heal|p1a: Rillaboom|91/100|[from] Grassy Terrain\n|-heal|p1b: Zamazenta|97/100|[from] Grassy Terrain\n|upkeep\n|turn|4\n|\n|t:|1746075605\n|switch|p1a: Smeargle|Smeargle, L50, M|7/100\n|move|p1b: Zamazenta|Wide Guard|p1b: Zamazenta\n|-singleturn|p1b: Zamazenta|Wide Guard\n|move|p2b: Calyrex|High Horsepower|p1b: Zamazenta\n|-supereffective|p1b: Zamazenta\n|-damage|p1b: Zamazenta|66/100\n|move|p2a: Necrozma|Moongeist Beam|p1b: Zamazenta\n|-damage|p1b: Zamazenta|14/100\n|\n|-heal|p2a: Necrozma|66/100|[from] Grassy Terrain\n|-heal|p1a: Smeargle|13/100|[from] Grassy Terrain\n|-heal|p1b: Zamazenta|20/100|[from] Grassy Terrain\n|-ability|p1a: Smeargle|Moody|boost\n|-boost|p1a: Smeargle|spa|2\n|-unboost|p1a: Smeargle|spe|1\n|upkeep\n|turn|5\n|\n|t:|1746075629\n|switch|p2b: Indeedee|Indeedee-F, L50, F|32/100\n|-fieldstart|move: Psychic Terrain|[from] ability: Psychic Surge|[of] p2b: Indeedee\n|move|p1b: Zamazenta|Protect||[still]\n|-fail|p1b: Zamazenta\n|move|p1a: Smeargle|Fake Out|p2b: Indeedee\n|-activate|p2b: Indeedee|move: Psychic Terrain\n|move|p2a: Necrozma|Expanding Force|p1b: Zamazenta|[spread] p1a,p1b\n|-damage|p1a: Smeargle|0 fnt\n|-damage|p1b: Zamazenta|0 fnt\n|faint|p1a: Smeargle\n|faint|p1b: Zamazenta\n|\n|-fieldend|move: Trick Room\n|upkeep\n|\n|t:|1746075641\n|switch|p1b: Calyrex|Calyrex-Shadow, L50|100/100\n|switch|p1a: Rillaboom|Rillaboom, L50, M|91/100\n|-ability|p1b: Calyrex|As One\n|-ability|p1b: Calyrex|Unnerve\n|-fieldstart|move: Grassy Terrain|[from] ability: Grassy Surge|[of] p1a: Rillaboom\n|turn|6\n|\n|t:|1746075687\n|switch|p2b: Tyranitar|Tyranitar, L50, M|100/100\n|-weather|Sandstorm|[from] ability: Sand Stream|[of] p2b: Tyranitar\n|move|p1b: Calyrex|Giga Drain|p2a: Necrozma\n|-supereffective|p2a: Necrozma\n|-damage|p2a: Necrozma|43/100\n|-damage|p1b: Calyrex|91/100|[from] item: Life Orb\n|move|p1a: Rillaboom|Wood Hammer|p2a: Necrozma\n|-supereffective|p2a: Necrozma\n|-damage|p2a: Necrozma|0 fnt\n|faint|p2a: Necrozma\n|-damage|p1a: Rillaboom|77/100|[from] Recoil\n|\n|-weather|Sandstorm|[upkeep]\n|-damage|p1b: Calyrex|85/100|[from] Sandstorm\n|-damage|p1a: Rillaboom|71/100|[from] Sandstorm\n|-heal|p1b: Calyrex|91/100|[from] Grassy Terrain\n|-heal|p1a: Rillaboom|77/100|[from] Grassy Terrain\n|upkeep\n|\n|t:|1746075698\n|switch|p2a: Indeedee|Indeedee-F, L50, F|32/100\n|-fieldstart|move: Psychic Terrain|[from] ability: Psychic Surge|[of] p2a: Indeedee\n|turn|7\n|\n|t:|1746075740\n|move|p1b: Calyrex|Protect|p1b: Calyrex\n|-singleturn|p1b: Calyrex|Protect\n|move|p2a: Indeedee|Follow Me|p2a: Indeedee\n|-singleturn|p2a: Indeedee|move: Follow Me\n|move|p1a: Rillaboom|Wood Hammer|p2a: Indeedee\n|-damage|p2a: Indeedee|0 fnt\n|faint|p2a: Indeedee\n|-damage|p1a: Rillaboom|68/100|[from] Recoil\n|move|p2b: Tyranitar|Fling|p1b: Calyrex\n|-activate|p1b: Calyrex|move: Protect\n|-enditem|p2b: Tyranitar|Iron Ball|[from] move: Fling\n|\n|-weather|Sandstorm|[upkeep]\n|-damage|p1b: Calyrex|85/100|[from] Sandstorm\n|-damage|p1a: Rillaboom|62/100|[from] Sandstorm\n|upkeep\n|\n|t:|1746075742\n|switch|p2a: Calyrex|Calyrex-Ice, L50|100/100\n|-ability|p2a: Calyrex|As One\n|-ability|p2a: Calyrex|Unnerve\n|turn|8\n|\n|t:|1746075790\n|move|p2a: Calyrex|Protect|p2a: Calyrex\n|-singleturn|p2a: Calyrex|Protect\n|move|p1b: Calyrex|Astral Barrage|p2a: Calyrex|[spread] p2b\n|-activate|p2a: Calyrex|move: Protect\n|-resisted|p2b: Tyranitar\n|-damage|p2b: Tyranitar|82/100\n|-damage|p1b: Calyrex|76/100|[from] item: Life Orb\n|move|p1a: Rillaboom|Wood Hammer|p2b: Tyranitar\n|-supereffective|p2b: Tyranitar\n|-damage|p2b: Tyranitar|0 fnt\n|faint|p2b: Tyranitar\n|-damage|p1a: Rillaboom|35/100|[from] Recoil\n|\n|-weather|Sandstorm|[upkeep]\n|-damage|p1b: Calyrex|70/100|[from] Sandstorm\n|-damage|p1a: Rillaboom|30/100|[from] Sandstorm\n|-damage|p2a: Calyrex|95/100|[from] Sandstorm\n|upkeep\n|turn|9\n|\n|t:|1746075815\n|move|p1b: Calyrex|Astral Barrage|p2a: Calyrex\n|-supereffective|p2a: Calyrex\n|-damage|p2a: Calyrex|0 fnt\n|faint|p2a: Calyrex\n|-damage|p1b: Calyrex|60/100|[from] item: Life Orb\n|\n|win|Claude555\n||ExessVGC is ready for game 2.\n||Claude555 is ready for game 2.\n|uhtml|next|Next: <a href=\"/battle-gen9vgc2025regibo3-2354464989\"><strong>Game 2 of 3</strong></a>\n", "uploadtime": 1746076197, "views": 6, "formatid": "gen9vgc2025regibo3", "rating": null, "private": 0, "password": null}