{"id": "gen9vgc2025regibo3-2354474853", "format": "[Gen 9] VGC 2025 Reg I (Bo3)", "players": ["sadfkl", "redpandavgclol"], "log": "|j|\u2606sadfkl\n|j|\u2606redpandavgclol\n|html|<table width=\"100%\"><tr><td align=\"left\">sadfkl</td><td align=\"right\">redpandavgclol</tr><tr><td align=\"left\"><i class=\"fa fa-circle\"></i> <i class=\"fa fa-circle-o\"></i> </td><td align=\"right\"><i class=\"fa fa-circle-o\"></i> <i class=\"fa fa-circle\"></i> </tr></table>\n|uhtml|bestof|<h2><strong>Game 3</strong> of <a href=\"/game-bestof3-gen9vgc2025regibo3-2354471393\">a best-of-3</a></h2>\n|t:|1746077577\n|gametype|doubles\n|player|p1|sadfkl|ethan|1127\n|player|p2|redpandavgclol|pokemonranger-gen4|1121\n|teamsize|p1|6\n|teamsize|p2|6\n|gen|9\n|tier|[Gen 9] VGC 2025 Reg I (Bo3)\n|rated|\n|rule|Species Clause: Limit one of each Pok\u00e9mon\n|rule|Item Clause: Limit 1 of each item\n|clearpoke\n|poke|p1|Koraidon, L50|\n|poke|p1|Calyrex-Shadow, L50|\n|poke|p1|Indeedee-F, L50, F|\n|poke|p1|Iron Bundle, L50|\n|poke|p1|Chi-Yu, L50|\n|poke|p1|Brute Bonnet, L50|\n|poke|p2|Calyrex-Shadow, L50|\n|poke|p2|Koraidon, L50|\n|poke|p2|Tornadus, L50, M|\n|poke|p2|Incineroar, L50, F|\n|poke|p2|Rillaboom, L50, M|\n|poke|p2|Ogerpon-Hearthflame, L50, F|\n|teampreview|4\n|showteam|p1|Koraidon||LifeOrb|OrichalcumPulse|CollisionCourse,FlareBlitz,Protect,LowKick||||||50|,,,,,Fire]Calyrex-Shadow||FocusSash|AsOneSpectrier|AstralBarrage,ExpandingForce,Protect,PollenPuff||||||50|,,,,,Dark]Indeedee-F||PsychicSeed|PsychicSurge|AlluringVoice,FollowMe,HelpingHand,TrickRoom|||F|||50|,,,,,Water]Iron Bundle||BoosterEnergy|QuarkDrive|IcyWind,Taunt,Encore,FreezeDry||||||50|,,,,,Ghost]Chi-Yu||ChoiceScarf|BeadsofRuin|HeatWave,DarkPulse,Snarl,Overheat||||||50|,,,,,Fire]Brute Bonnet||CovertCloak|Protosynthesis|SeedBomb,SuckerPunch,Spore,RagePowder||||||50|,,,,,Water\n|showteam|p2|Calyrex-Shadow||LifeOrb|AsOneSpectrier|AstralBarrage,DrainingKiss,NastyPlot,Protect||||||50|,,,,,Fairy]Koraidon||ClearAmulet|OrichalcumPulse|CollisionCourse,Uturn,FlameCharge,Protect||||||50|,,,,,Fire]Tornadus||CovertCloak|Prankster|Tailwind,SunnyDay,Taunt,BleakwindStorm|||M|||50|,,,,,Dark]Incineroar||FigyBerry|Intimidate|FlareBlitz,KnockOff,FakeOut,PartingShot|||F|||50|,,,,,Grass]Rillaboom||AssaultVest|GrassySurge|GrassyGlide,Uturn,FakeOut,WoodHammer|||M|||50|,,,,,Fire]Ogerpon-Hearthflame||HearthflameMask|MoldBreaker|IvyCudgel,GrassyGlide,SpikyShield,SwordsDance|||F|||50|,,,,,Fire\n|\n|t:|1746077611\n|start\n|switch|p1a: Indeedee|Indeedee-F, L50, F|100/100\n|switch|p1b: Koraidon|Koraidon, L50|100/100\n|switch|p2a: Anguish|Incineroar, L50, F|100/100\n|switch|p2b: Calyrex|Calyrex-Shadow, L50|100/100\n|-ability|p2b: Calyrex|As One\n|-ability|p2b: Calyrex|Unnerve\n|-weather|SunnyDay|[from] ability: Orichalcum Pulse|[of] p1b: Koraidon\n|-activate|p1b: Koraidon|Orichalcum Pulse|[source]\n|-fieldstart|move: Psychic Terrain|[from] ability: Psychic Surge|[of] p1a: Indeedee\n|-enditem|p1a: Indeedee|Psychic Seed\n|-boost|p1a: Indeedee|spd|1|[from] item: Psychic Seed\n|-ability|p2a: Anguish|Intimidate|boost\n|-unboost|p1a: Indeedee|atk|1\n|-unboost|p1b: Koraidon|atk|1\n|turn|1\n|\n|t:|1746077638\n|switch|p2b: HoodRich|Rillaboom, L50, M, shiny|100/100\n|-fieldstart|move: Grassy Terrain|[from] ability: Grassy Surge|[of] p2b: HoodRich\n|-terastallize|p1b: Koraidon|Fire\n|move|p2a: Anguish|Fake Out|p1b: Koraidon\n|-damage|p1b: Koraidon|90/100\n|cant|p1b: Koraidon|flinch\n|move|p1a: Indeedee|Trick Room|p1a: Indeedee\n|-fieldstart|move: Trick Room|[of] p1a: Indeedee\n|\n|-weather|SunnyDay|[upkeep]\n|-heal|p1b: Koraidon|97/100|[from] Grassy Terrain\n|upkeep\n|turn|2\n|\n|t:|1746077667\n|move|p1b: Koraidon|Protect|p1b: Koraidon\n|-singleturn|p1b: Koraidon|Protect\n|move|p1a: Indeedee|Follow Me|p1a: Indeedee\n|-singleturn|p1a: Indeedee|move: Follow Me\n|move|p2a: Anguish|Parting Shot|p1a: Indeedee\n|-unboost|p1a: Indeedee|atk|1\n|-unboost|p1a: Indeedee|spa|1\n|\n|t:|1746077678\n|switch|p2a: Calyrex|Calyrex-Shadow, L50|100/100|[from] Parting Shot\n|-ability|p2a: Calyrex|As One\n|-ability|p2a: Calyrex|Unnerve\n|move|p2b: HoodRich|Wood Hammer|p1a: Indeedee\n|-damage|p1a: Indeedee|13/100\n|-damage|p2b: HoodRich|76/100|[from] Recoil\n|\n|-weather|SunnyDay|[upkeep]\n|-heal|p1a: Indeedee|20/100|[from] Grassy Terrain\n|-heal|p2b: HoodRich|82/100|[from] Grassy Terrain\n|-heal|p1b: Koraidon|100/100|[from] Grassy Terrain\n|upkeep\n|turn|3\n|\n|t:|1746077696\n|move|p1a: Indeedee|Helping Hand|p1b: Koraidon\n|-singleturn|p1b: Koraidon|Helping Hand|[of] p1a: Indeedee\n|move|p2a: Calyrex|Protect|p2a: Calyrex\n|-singleturn|p2a: Calyrex|Protect\n|move|p2b: HoodRich|U-turn|p1a: Indeedee\n|-supereffective|p1a: Indeedee\n|-damage|p1a: Indeedee|0 fnt\n|faint|p1a: Indeedee\n|\n|t:|1746077706\n|switch|p2b: Anguish|Incineroar, L50, F|100/100|[from] U-turn\n|-ability|p2b: Anguish|Intimidate|boost\n|-unboost|p1b: Koraidon|atk|1\n|move|p1b: Koraidon|Flare Blitz|p2b: Anguish\n|-resisted|p2b: Anguish\n|-damage|p2b: Anguish|50/100\n|-damage|p1b: Koraidon|82/100|[from] Recoil\n|-damage|p1b: Koraidon|72/100|[from] item: Life Orb\n|\n|-weather|SunnyDay|[upkeep]\n|-heal|p2b: Anguish|56/100|[from] Grassy Terrain\n|-heal|p1b: Koraidon|78/100|[from] Grassy Terrain\n|upkeep\n|\n|t:|1746077716\n|switch|p1a: Calyrex|Calyrex-Shadow, L50|100/100\n|-ability|p1a: Calyrex|As One\n|-ability|p1a: Calyrex|Unnerve\n|turn|4\n|\n|t:|1746077743\n|-terastallize|p2a: Calyrex|Fairy\n|move|p2b: Anguish|Fake Out|p1b: Koraidon\n|-damage|p1b: Koraidon|68/100\n|cant|p1b: Koraidon|flinch\n|move|p1a: Calyrex|Astral Barrage|p2b: Anguish|[spread] p2a,p2b\n|-resisted|p2b: Anguish\n|-damage|p2a: Calyrex|39/100\n|-damage|p2b: Anguish|34/100\n|move|p2a: Calyrex|Astral Barrage|p1b: Koraidon|[spread] p1a,p1b\n|-supereffective|p1a: Calyrex\n|-enditem|p1a: Calyrex|Focus Sash\n|-damage|p1a: Calyrex|1/100\n|-damage|p1b: Koraidon|0 fnt\n|faint|p1b: Koraidon\n|-ability|p2a: Calyrex|Grim Neigh|boost\n|-boost|p2a: Calyrex|spa|1\n|-damage|p2a: Calyrex|29/100|[from] item: Life Orb\n|\n|-weather|SunnyDay|[upkeep]\n|-heal|p2b: Anguish|40/100|[from] Grassy Terrain\n|-heal|p1a: Calyrex|7/100|[from] Grassy Terrain\n|-heal|p2a: Calyrex|36/100|[from] Grassy Terrain\n|upkeep\n|\n|t:|1746077752\n|switch|p1b: Chi-Yu|Chi-Yu, L50|100/100\n|-ability|p1b: Chi-Yu|Beads of Ruin\n|turn|5\n|\n|t:|1746077795\n|move|p2a: Calyrex|Protect|p2a: Calyrex\n|-singleturn|p2a: Calyrex|Protect\n|move|p1a: Calyrex|Protect|p1a: Calyrex\n|-singleturn|p1a: Calyrex|Protect\n|move|p2b: Anguish|Parting Shot|p1b: Chi-Yu\n|-unboost|p1b: Chi-Yu|atk|1\n|-unboost|p1b: Chi-Yu|spa|1\n|\n|t:|1746077803\n|switch|p2b: HoodRich|Rillaboom, L50, M, shiny|82/100|[from] Parting Shot\n|move|p1b: Chi-Yu|Heat Wave|p2b: HoodRich|[spread] p2b\n|-activate|p2a: Calyrex|move: Protect\n|-supereffective|p2b: HoodRich\n|-damage|p2b: HoodRich|0 fnt\n|faint|p2b: HoodRich\n|\n|-weather|none\n|-heal|p2a: Calyrex|42/100|[from] Grassy Terrain\n|-heal|p1a: Calyrex|12/100|[from] Grassy Terrain\n|-fieldend|move: Trick Room\n|-fieldend|move: Grassy Terrain\n|upkeep\n|\n|t:|1746077811\n|switch|p2b: Anguish|Incineroar, L50, F|40/100\n|-ability|p2b: Anguish|Intimidate|boost\n|-unboost|p1a: Calyrex|atk|1\n|-unboost|p1b: Chi-Yu|atk|1\n|turn|6\n|\n|t:|1746077828\n|move|p2b: Anguish|Fake Out|p1b: Chi-Yu\n|-damage|p1b: Chi-Yu|84/100\n|cant|p1b: Chi-Yu|flinch\n|move|p1a: Calyrex|Astral Barrage|p2a: Calyrex|[spread] p2a,p2b\n|-resisted|p2b: Anguish\n|-damage|p2a: Calyrex|0 fnt\n|-damage|p2b: Anguish|7/100\n|faint|p2a: Calyrex\n|-ability|p1a: Calyrex|Grim Neigh|boost\n|-boost|p1a: Calyrex|spa|1\n|\n|upkeep\n|\n|t:|1746077838\n|switch|p2a: Koraidon|Koraidon, L50|100/100\n|-weather|SunnyDay|[from] ability: Orichalcum Pulse|[of] p2a: Koraidon\n|-activate|p2a: Koraidon|Orichalcum Pulse|[source]\n|turn|7\n|\n|t:|1746077847\n|move|p1b: Chi-Yu|Heat Wave|p2b: Anguish|[spread] p2a,p2b\n|-resisted|p2a: Koraidon\n|-resisted|p2b: Anguish\n|-damage|p2a: Koraidon|73/100\n|-damage|p2b: Anguish|0 fnt\n|faint|p2b: Anguish\n|move|p1a: Calyrex|Expanding Force|p2a: Koraidon\n|-supereffective|p2a: Koraidon\n|-damage|p2a: Koraidon|0 fnt\n|faint|p2a: Koraidon\n|\n|win|sadfkl\n|raw|sadfkl's rating: 1127 &rarr; <strong>1152</strong><br />(+25 for winning)\n|raw|redpandavgclol's rating: 1121 &rarr; <strong>1096</strong><br />(-25 for losing)\n", "uploadtime": 1746077853, "views": 14, "formatid": "gen9vgc2025regibo3", "rating": 1096, "private": 0, "password": null}