{"id": "gen9vgc2025regibo3-2354071577", "format": "[Gen 9] VGC 2025 Reg I (Bo3)", "players": ["WarlogFV", "8bitbidoof"], "log": "|j|\u2606WarlogFV\n|j|\u26068bitbidoof\n|html|<table width=\"100%\"><tr><td align=\"left\">WarlogFV</td><td align=\"right\">8bitbidoof</tr><tr><td align=\"left\"><i class=\"fa fa-circle-o\"></i> <i class=\"fa fa-circle-o\"></i> </td><td align=\"right\"><i class=\"fa fa-circle-o\"></i> <i class=\"fa fa-circle-o\"></i> </tr></table>\n|uhtml|bestof|<h2><strong>Game 1</strong> of <a href=\"/game-bestof3-gen9vgc2025regibo3-2354071573\">a best-of-3</a></h2>\n|t:|1746032411\n|gametype|doubles\n|player|p1|WarlogFV|erika|1135\n|player|p2|8bitbidoof|102|1206\n|teamsize|p1|6\n|teamsize|p2|6\n|gen|9\n|tier|[Gen 9] VGC 2025 Reg I (Bo3)\n|rated|\n|rule|Species Clause: Limit one of each Pok\u00e9mon\n|rule|Item Clause: Limit 1 of each item\n|clearpoke\n|poke|p1|Miraidon, L50|\n|poke|p1|Koraidon, L50|\n|poke|p1|Flutter Mane, L50|\n|poke|p1|Farigiraf, L50, F|\n|poke|p1|Iron Hands, L50|\n|poke|p1|Volcarona, L50, F|\n|poke|p2|Koraidon, L50|\n|poke|p2|Flutter Mane, L50|\n|poke|p2|Brute Bonnet, L50|\n|poke|p2|Chi-Yu, L50|\n|poke|p2|Lunala, L50|\n|poke|p2|Ursaluna, L50, F|\n|teampreview|4\n|showteam|p1|Miraidon||LifeOrb|HadronEngine|ElectroDrift,VoltSwitch,DracoMeteor,Protect||||||50|,,,,,Electric]Koraidon||ClearAmulet|OrichalcumPulse|FlareBlitz,FlameCharge,CloseCombat,Protect||||||50|,,,,,Fire]Flutter Mane||FocusSash|Protosynthesis|Moonblast,ShadowBall,IcyWind,Protect||||||50|,,,,,Normal]Farigiraf||SitrusBerry|ArmorTail|FoulPlay,Psychic,TrickRoom,Imprison|||F|||50|,,,,,Dark]Iron Hands||AssaultVest|QuarkDrive|FakeOut,WildCharge,LowKick,DrainPunch||||||50|,,,,,Water]Volcarona||RockyHelmet|FlameBody|RagePowder,Tailwind,Overheat,StruggleBug|||F|||50|,,,,,Water\n|showteam|p2|Koraidon||ClearAmulet|OrichalcumPulse|FlareBlitz,CollisionCourse,FlameCharge,Protect||||||50|,,,,,Fire]Flutter Mane||FocusSash|Protosynthesis|Moonblast,ShadowBall,IcyWind,Protect||||||50|,,,,,Normal]Brute Bonnet||CovertCloak|Protosynthesis|SeedBomb,SuckerPunch,Spore,RagePowder||||||50|,,,,,Water]Chi-Yu||ChoiceScarf|BeadsofRuin|HeatWave,DarkPulse,Overheat,Snarl||||||50|,,,,,Ghost]Lunala||PowerHerb|ShadowShield|MoongeistBeam,MeteorBeam,WideGuard,TrickRoom||||||50|,,,,,Normal]Ursaluna||FlameOrb|Guts|Facade,HeadlongRush,Earthquake,Protect|||F|||50|,,,,,Water\n|inactive|Battle timer is ON: inactive players will automatically lose when time's up. (requested by 8bitbidoof)\n|inactive|WarlogFV has 60 seconds left.\n|inactive|8bitbidoof has 60 seconds left.\n|\n|t:|1746032458\n|start\n|switch|p1a: Flutter Mane|Flutter Mane, L50|100/100\n|switch|p1b: Koraidon|Koraidon, L50|100/100\n|switch|p2a: Koraidon|Koraidon, L50|100/100\n|switch|p2b: Flutter Mane|Flutter Mane, L50|100/100\n|-weather|SunnyDay|[from] ability: Orichalcum Pulse|[of] p1b: Koraidon\n|-activate|p2b: Flutter Mane|ability: Protosynthesis\n|-start|p2b: Flutter Mane|protosynthesisspe\n|-activate|p1a: Flutter Mane|ability: Protosynthesis\n|-start|p1a: Flutter Mane|protosynthesisspe\n|-activate|p1b: Koraidon|Orichalcum Pulse|[source]\n|-activate|p2a: Koraidon|ability: Orichalcum Pulse\n|turn|1\n|inactive|8bitbidoof has 30 seconds left.\n|\n|t:|1746032489\n|-terastallize|p2a: Koraidon|Fire\n|move|p1a: Flutter Mane|Protect|p1a: Flutter Mane\n|-singleturn|p1a: Flutter Mane|Protect\n|move|p1b: Koraidon|Protect|p1b: Koraidon\n|-singleturn|p1b: Koraidon|Protect\n|move|p2b: Flutter Mane|Icy Wind|p1b: Koraidon|[spread] \n|-activate|p1a: Flutter Mane|move: Protect\n|-activate|p1b: Koraidon|move: Protect\n|move|p2a: Koraidon|Flame Charge|p1b: Koraidon\n|-activate|p1b: Koraidon|move: Protect\n|\n|-weather|SunnyDay|[upkeep]\n|upkeep\n|turn|2\n|\n|t:|1746032504\n|-terastallize|p1b: Koraidon|Fire\n|move|p2b: Flutter Mane|Icy Wind|p1b: Koraidon|[spread] p1a,p1b\n|-resisted|p1b: Koraidon\n|-damage|p1a: Flutter Mane|85/100\n|-damage|p1b: Koraidon|93/100\n|-unboost|p1a: Flutter Mane|spe|1\n|move|p1b: Koraidon|Close Combat|p2a: Koraidon\n|-damage|p2a: Koraidon|28/100\n|-unboost|p1b: Koraidon|def|1\n|-unboost|p1b: Koraidon|spd|1\n|move|p1a: Flutter Mane|Shadow Ball|p2a: Koraidon\n|-damage|p2a: Koraidon|0 fnt\n|faint|p2a: Koraidon\n|\n|-weather|SunnyDay|[upkeep]\n|upkeep\n|inactive|8bitbidoof has 30 seconds left.\n|\n|t:|1746032539\n|switch|p2a: Lunala|Lunala, L50|100/100\n|turn|3\n|inactive|8bitbidoof has 30 seconds left.\n|\n|t:|1746032573\n|move|p2b: Flutter Mane|Shadow Ball|p1a: Flutter Mane\n|-supereffective|p1a: Flutter Mane\n|-damage|p1a: Flutter Mane|0 fnt\n|faint|p1a: Flutter Mane\n|-end|p1a: Flutter Mane|Protosynthesis|[silent]\n|move|p1b: Koraidon|Flare Blitz|p2a: Lunala\n|-damage|p2a: Lunala|53/100\n|-status|p2a: Lunala|brn\n|-damage|p1b: Koraidon|73/100|[from] Recoil\n|move|p2a: Lunala|Moongeist Beam|p1b: Koraidon\n|-damage|p1b: Koraidon|0 fnt\n|faint|p1b: Koraidon\n|\n|-weather|SunnyDay|[upkeep]\n|-damage|p2a: Lunala|47/100 brn|[from] brn\n|upkeep\n|\n|t:|1746032582\n|switch|p1a: Iron Hands|Iron Hands, L50|100/100\n|switch|p1b: Miraidon|Miraidon, L50|100/100\n|-fieldstart|move: Electric Terrain|[from] ability: Hadron Engine|[of] p1b: Miraidon\n|-activate|p1a: Iron Hands|ability: Quark Drive\n|-start|p1a: Iron Hands|quarkdriveatk\n|turn|4\n|inactive|8bitbidoof has 30 seconds left.\n|inactive|8bitbidoof has 20 seconds left.\n|inactive|8bitbidoof has 15 seconds left.\n|inactive|8bitbidoof has 10 seconds left.\n|inactive|8bitbidoof has 5 seconds left.\n|\n|t:|1746032634\n|switch|p2a: Ursaluna|Ursaluna, L50, F|100/100\n|move|p2b: Flutter Mane|Icy Wind|p1a: Iron Hands|[spread] p1a\n|-miss|p2b: Flutter Mane|p1b: Miraidon\n|-damage|p1a: Iron Hands|93/100\n|-unboost|p1a: Iron Hands|spe|1\n|move|p1b: Miraidon|Electro Drift|p2a: Ursaluna\n|-immune|p2a: Ursaluna\n|move|p1a: Iron Hands|Wild Charge|p2b: Flutter Mane\n|-enditem|p2b: Flutter Mane|Focus Sash\n|-damage|p2b: Flutter Mane|1/100\n|-damage|p1a: Iron Hands|80/100|[from] Recoil\n|\n|-weather|SunnyDay|[upkeep]\n|-status|p2a: Ursaluna|brn|[from] item: Flame Orb\n|upkeep\n|turn|5\n|\n|t:|1746032652\n|move|p2b: Flutter Mane|Icy Wind|p1a: Iron Hands|[spread] p1a,p1b\n|-supereffective|p1b: Miraidon\n|-damage|p1a: Iron Hands|72/100\n|-damage|p1b: Miraidon|73/100\n|-unboost|p1a: Iron Hands|spe|1\n|-unboost|p1b: Miraidon|spe|1\n|move|p1b: Miraidon|Draco Meteor|p2a: Ursaluna\n|-damage|p2a: Ursaluna|0 fnt\n|-unboost|p1b: Miraidon|spa|2\n|faint|p2a: Ursaluna\n|-damage|p1b: Miraidon|64/100|[from] item: Life Orb\n|move|p1a: Iron Hands|Wild Charge|p2b: Flutter Mane\n|-damage|p2b: Flutter Mane|0 fnt\n|faint|p2b: Flutter Mane\n|-end|p2b: Flutter Mane|Protosynthesis|[silent]\n|-damage|p1a: Iron Hands|71/100|[from] Recoil\n|\n|-weather|none\n|upkeep\n|\n|t:|1746032662\n|switch|p2b: Lunala|Lunala, L50|47/100 brn\n|turn|6\n|\n|t:|1746032681\n|move|p1b: Miraidon|Electro Drift|p2b: Lunala\n|-damage|p2b: Lunala|7/100 brn\n|-damage|p1b: Miraidon|54/100|[from] item: Life Orb\n|move|p2b: Lunala|Meteor Beam||[still]\n|-prepare|p2b: Lunala|Meteor Beam\n|-boost|p2b: Lunala|spa|1\n|-enditem|p2b: Lunala|Power Herb\n|-anim|p2b: Lunala|Meteor Beam|p1b: Miraidon\n|-damage|p1b: Miraidon|0 fnt\n|faint|p1b: Miraidon\n|move|p1a: Iron Hands|Wild Charge|p2b: Lunala\n|-damage|p2b: Lunala|0 fnt\n|faint|p2b: Lunala\n|-damage|p1a: Iron Hands|70/100|[from] Recoil\n|\n|win|WarlogFV\n", "uploadtime": 1746032684, "views": 31, "formatid": "gen9vgc2025regibo3", "rating": null, "private": 0, "password": null}