{"id": "gen9vgc2025regibo3-2354474548", "format": "[Gen 9] VGC 2025 Reg I (Bo3)", "players": ["Kroacky", "spongebob601"], "log": "|j|\u2606Kroacky\n|j|\u2606spongebob601\n|html|<table width=\"100%\"><tr><td align=\"left\">Kroacky</td><td align=\"right\">spongebob601</tr><tr><td align=\"left\"><i class=\"fa fa-circle-o\"></i> <i class=\"fa fa-circle-o\"></i> </td><td align=\"right\"><i class=\"fa fa-circle-o\"></i> <i class=\"fa fa-circle-o\"></i> </tr></table>\n|uhtml|bestof|<h2><strong>Game 1</strong> of <a href=\"/game-bestof3-gen9vgc2025regibo3-2354474547\">a best-of-3</a></h2>\n|t:|1746077523\n|gametype|doubles\n|player|p1|Kroacky|wattson|1026\n|player|p2|spongebob601|170|1017\n|teamsize|p1|6\n|teamsize|p2|6\n|gen|9\n|tier|[Gen 9] VGC 2025 Reg I (Bo3)\n|rated|\n|rule|Species Clause: Limit one of each Pok\u00e9mon\n|rule|Item Clause: Limit 1 of each item\n|clearpoke\n|poke|p1|Palkia-Origin, L50|\n|poke|p1|Kyogre, L50|\n|poke|p1|Rillaboom, L50, F|\n|poke|p1|Tornadus, L50, M|\n|poke|p1|Chi-Yu, L50|\n|poke|p1|Espathra, L50, M|\n|poke|p2|Koraidon, L50|\n|poke|p2|Calyrex-Ice, L50|\n|poke|p2|Raging Bolt, L50|\n|poke|p2|Grimmsnarl, L50, M|\n|poke|p2|Gouging Fire, L50|\n|poke|p2|Incineroar, L50, M|\n|teampreview|4\n|showteam|p1|Palkia-Origin||LustrousGlobe|Pressure|HydroPump,SpacialRend,Gravity,Protect||||||50|,,,,,Water]Kyogre||ChoiceScarf|Drizzle|WaterSpout,HydroPump,IceBeam,Thunder||||||50|,,,,,Grass]Rillaboom||AssaultVest|GrassySurge|FakeOut,Uturn,KnockOff,GrassyGlide|||F|||50|,,,,,Grass]Tornadus||CovertCloak|Prankster|Tailwind,Taunt,RainDance,BleakwindStorm|||M|||50|,,,,,Dark]Chi-Yu||SafetyGoggles|BeadsofRuin|WillOWisp,DarkPulse,Taunt,Protect||||||50|,,,,,Fairy]Espathra||FocusSash|SpeedBoost|Hypnosis,Protect,DazzlingGleam,LuminaCrash|||M|||50|,,,,,Fairy\n|showteam|p2|Koraidon||LifeOrb|OrichalcumPulse|BreakingSwipe,FlareBlitz,CloseCombat,Protect||||||50|,,,,,Fire]Calyrex-Ice||Leftovers|AsOneGlastrier|GlacialLance,IronDefense,BodyPress,Protect||||||50|,,,,,Psychic]Raging Bolt||SitrusBerry|Protosynthesis|CalmMind,Snarl,Thunderclap,DragonPulse||||||50|,,,,,Fairy]Grimmsnarl||LightClay|Prankster|Reflect,LightScreen,ThunderWave,SpiritBreak|||M|||50|,,,,,Ghost]Gouging Fire||AssaultVest|Protosynthesis|Snarl,BreakingSwipe,StompingTantrum,FlareBlitz||||||50|,,,,,Normal]Incineroar||RockyHelmet|Intimidate|KnockOff,FakeOut,Snarl,PartingShot|||M|||50|,,,,,Dragon\n|inactive|Battle timer is ON: inactive players will automatically lose when time's up. (requested by Kroacky)\n|inactive|Kroacky has 60 seconds left.\n|inactive|spongebob601 has 60 seconds left.\n|inactive|Kroacky has 30 seconds left.\n|inactive|Kroacky has 20 seconds left.\n|inactive|Kroacky has 15 seconds left.\n|inactive|Kroacky has 10 seconds left.\n|\n|t:|1746077607\n|start\n|switch|p1a: Kyogre|Kyogre, L50|100/100\n|switch|p1b: Palkia|Palkia-Origin, L50|100/100\n|switch|p2a: Raging Bolt|Raging Bolt, L50|100/100\n|switch|p2b: Grimmsnarl|Grimmsnarl, L50, M|100/100\n|-weather|RainDance|[from] ability: Drizzle|[of] p1a: Kyogre\n|-ability|p1b: Palkia|Pressure\n|turn|1\n|\n|t:|1746077626\n|-terastallize|p1a: Kyogre|Grass\n|move|p2b: Grimmsnarl|Light Screen|p2b: Grimmsnarl\n|-sidestart|p2: spongebob601|move: Light Screen\n|move|p1a: Kyogre|Ice Beam|p2a: Raging Bolt\n|-supereffective|p2a: Raging Bolt\n|-damage|p2a: Raging Bolt|68/100\n|-status|p2a: Raging Bolt|frz\n|move|p1b: Palkia|Hydro Pump|p2b: Grimmsnarl\n|-damage|p2b: Grimmsnarl|38/100\n|cant|p2a: Raging Bolt|frz\n|\n|-weather|RainDance|[upkeep]\n|upkeep\n|turn|2\n|inactive|spongebob601 has 30 seconds left.\n|\n|t:|1746077655\n|-end|p2a: Raging Bolt|Protosynthesis|[silent]\n|switch|p2a: Koraidon|Koraidon, L50|100/100\n|-weather|SunnyDay|[from] ability: Orichalcum Pulse|[of] p2a: Koraidon\n|-activate|p2a: Koraidon|Orichalcum Pulse|[source]\n|move|p2b: Grimmsnarl|Thunder Wave|p1b: Palkia\n|-status|p1b: Palkia|par\n|move|p1a: Kyogre|Ice Beam|p2b: Grimmsnarl\n|-damage|p2b: Grimmsnarl|17/100\n|move|p1b: Palkia|Spacial Rend|p2a: Koraidon\n|-supereffective|p2a: Koraidon\n|-crit|p2a: Koraidon\n|-damage|p2a: Koraidon|0 fnt\n|faint|p2a: Koraidon\n|\n|-weather|SunnyDay|[upkeep]\n|upkeep\n|\n|t:|1746077676\n|switch|p2a: Calyrex|Calyrex-Ice, L50|100/100\n|-ability|p2a: Calyrex|As One\n|-ability|p2a: Calyrex|Unnerve\n|turn|3\n|inactive|Kroacky has 30 seconds left.\n|\n|t:|1746077709\n|switch|p1a: Chi-Yu|Chi-Yu, L50|100/100\n|-ability|p1a: Chi-Yu|Beads of Ruin\n|move|p2b: Grimmsnarl|Thunder Wave|p1a: Chi-Yu\n|-hint|Since gen 7, Dark is immune to Prankster moves.\n|-immune|p1a: Chi-Yu\n|move|p1b: Palkia|Gravity|p1b: Palkia\n|-fieldstart|move: Gravity\n|move|p2a: Calyrex|Glacial Lance|p1b: Palkia|[spread] p1a,p1b\n|-resisted|p1a: Chi-Yu\n|-damage|p1a: Chi-Yu|70/100\n|-damage|p1b: Palkia|49/100 par\n|\n|-weather|SunnyDay|[upkeep]\n|upkeep\n|turn|4\n|inactive|spongebob601 has 30 seconds left.\n|inactive|spongebob601 has 20 seconds left.\n|\n|t:|1746077747\n|-terastallize|p2a: Calyrex|Psychic\n|move|p1a: Chi-Yu|Will-O-Wisp|p2a: Calyrex\n|-status|p2a: Calyrex|brn\n|cant|p1b: Palkia|par\n|move|p2b: Grimmsnarl|Spirit Break|p1a: Chi-Yu\n|-damage|p1a: Chi-Yu|29/100\n|-unboost|p1a: Chi-Yu|spa|1\n|move|p2a: Calyrex|Glacial Lance|p1a: Chi-Yu|[spread] p1a,p1b\n|-resisted|p1a: Chi-Yu\n|-damage|p1a: Chi-Yu|14/100\n|-damage|p1b: Palkia|25/100 par\n|\n|-weather|SunnyDay|[upkeep]\n|-damage|p2a: Calyrex|95/100 brn|[from] brn\n|upkeep\n|turn|5\n|inactive|spongebob601 has 30 seconds left.\n|\n|t:|1746077772\n|move|p1a: Chi-Yu|Dark Pulse|p2a: Calyrex\n|-supereffective|p2a: Calyrex\n|-damage|p2a: Calyrex|67/100 brn\n|move|p1b: Palkia|Hydro Pump|p2b: Grimmsnarl\n|-damage|p2b: Grimmsnarl|0 fnt\n|faint|p2b: Grimmsnarl\n|move|p2a: Calyrex|Glacial Lance|p1a: Chi-Yu|[spread] p1a,p1b\n|-resisted|p1a: Chi-Yu\n|-damage|p1a: Chi-Yu|0 fnt\n|-damage|p1b: Palkia|0 fnt\n|faint|p1a: Chi-Yu\n|faint|p1b: Palkia\n|-ability|p2a: Calyrex|Chilling Neigh|boost\n|-boost|p2a: Calyrex|atk|2\n|\n|-weather|SunnyDay|[upkeep]\n|-heal|p2a: Calyrex|73/100 brn|[from] item: Leftovers\n|-damage|p2a: Calyrex|67/100 brn|[from] brn\n|upkeep\n|\n|t:|1746077788\n|switch|p1b: Kyogre|Kyogre, L50, tera:Grass|100/100\n|switch|p1a: Rillaboom|Rillaboom, L50, F|100/100\n|switch|p2b: Raging Bolt|Raging Bolt, L50|68/100 frz\n|-weather|RainDance|[from] ability: Drizzle|[of] p1b: Kyogre\n|-fieldstart|move: Grassy Terrain|[from] ability: Grassy Surge|[of] p1a: Rillaboom\n|turn|6\n|\n|t:|1746077805\n|move|p2a: Calyrex|Protect|p2a: Calyrex\n|-singleturn|p2a: Calyrex|Protect\n|move|p1b: Kyogre|Water Spout|p2a: Calyrex|[spread] p2b\n|-activate|p2a: Calyrex|move: Protect\n|-resisted|p2b: Raging Bolt\n|-damage|p2b: Raging Bolt|44/100 frz\n|-enditem|p2b: Raging Bolt|Sitrus Berry|[eat]\n|-heal|p2b: Raging Bolt|69/100 frz|[from] item: Sitrus Berry\n|move|p1a: Rillaboom|Knock Off|p2a: Calyrex\n|-activate|p2a: Calyrex|move: Protect\n|cant|p2b: Raging Bolt|frz\n|\n|-weather|RainDance|[upkeep]\n|-heal|p2b: Raging Bolt|75/100 frz|[from] Grassy Terrain\n|-heal|p2a: Calyrex|73/100 brn|[from] Grassy Terrain\n|-heal|p2a: Calyrex|79/100 brn|[from] item: Leftovers\n|-damage|p2a: Calyrex|73/100 brn|[from] brn\n|upkeep\n|turn|7\n|inactive|spongebob601 has 30 seconds left.\n|\n|t:|1746077836\n|move|p1b: Kyogre|Water Spout|p2a: Calyrex|[spread] p2a,p2b\n|-resisted|p2b: Raging Bolt\n|-damage|p2a: Calyrex|31/100 brn\n|-damage|p2b: Raging Bolt|52/100 frz\n|move|p1a: Rillaboom|Knock Off|p2a: Calyrex\n|-supereffective|p2a: Calyrex\n|-damage|p2a: Calyrex|0 fnt\n|-enditem|p2a: Calyrex|Leftovers|[from] move: Knock Off|[of] p1a: Rillaboom\n|faint|p2a: Calyrex\n|cant|p2b: Raging Bolt|frz\n|\n|-weather|RainDance|[upkeep]\n|-heal|p2b: Raging Bolt|58/100 frz|[from] Grassy Terrain\n|-fieldend|move: Gravity\n|upkeep\n|turn|8\n|\n|t:|1746077851\n|move|p1b: Kyogre|Water Spout|p2b: Raging Bolt\n|-resisted|p2b: Raging Bolt\n|-damage|p2b: Raging Bolt|24/100 frz\n|move|p1a: Rillaboom|U-turn|p2b: Raging Bolt\n|-damage|p2b: Raging Bolt|7/100 frz\n|cant|p2b: Raging Bolt|frz\n|\n|-weather|RainDance|[upkeep]\n|-heal|p2b: Raging Bolt|13/100 frz|[from] Grassy Terrain\n|-sideend|p2: spongebob601|move: Light Screen\n|upkeep\n|turn|9\n|\n|t:|1746077865\n|move|p1b: Kyogre|Water Spout|p2b: Raging Bolt\n|-resisted|p2b: Raging Bolt\n|-damage|p2b: Raging Bolt|0 fnt\n|faint|p2b: Raging Bolt\n|-end|p2b: Raging Bolt|Protosynthesis|[silent]\n|\n|win|Kroacky\n||spongebob601 is ready for game 2.\n|inactive|Kroacky has 30 seconds to confirm battle start!\n||Kroacky is ready for game 2.\n|uhtml|next|Next: <a href=\"/battle-gen9vgc2025regibo3-2354476443\"><strong>Game 2 of 3</strong></a>\n|l|\u2606Kroacky\n|player|p1|\n", "uploadtime": 1746078148, "views": 7, "formatid": "gen9vgc2025regibo3", "rating": null, "private": 0, "password": null}