{"id": "gen9vgc2025regibo3-2353463094", "format": "[Gen 9] VGC 2025 Reg I (Bo3)", "players": ["Kalamakalamana", "KDougie"], "log": "|j|\u2606Kalamakalamana\n|j|\u2606KDougie\n|html|<table width=\"100%\"><tr><td align=\"left\">Kalamakalamana</td><td align=\"right\">KDougie</tr><tr><td align=\"left\"><i class=\"fa fa-circle-o\"></i> <i class=\"fa fa-circle-o\"></i> </td><td align=\"right\"><i class=\"fa fa-circle-o\"></i> <i class=\"fa fa-circle-o\"></i> </tr></table>\n|uhtml|bestof|<h2><strong>Game 1</strong> of <a href=\"/game-bestof3-gen9vgc2025regibo3-2353463093\">a best-of-3</a></h2>\n|t:|1745958215\n|gametype|doubles\n|player|p1|Kalamakalamana|benga|1000\n|player|p2|KDougie|1|1040\n|teamsize|p1|6\n|teamsize|p2|6\n|gen|9\n|tier|[Gen 9] VGC 2025 Reg I (Bo3)\n|rated|\n|rule|Species Clause: Limit one of each Pok\u00e9mon\n|rule|Item Clause: Limit 1 of each item\n|clearpoke\n|poke|p1|Zacian-*, L50|\n|poke|p1|Koraidon, L50|\n|poke|p1|Tornadus, L50, M|\n|poke|p1|Farigiraf, L50, F|\n|poke|p1|Ogerpon-Cornerstone, L50, F|\n|poke|p1|Chien-Pao, L50|\n|poke|p2|Kyogre, L50|\n|poke|p2|Dialga-Origin, L50|\n|poke|p2|Barraskewda, L50, F|\n|poke|p2|Incineroar, L50, M|\n|poke|p2|Kingambit, L50, F|\n|poke|p2|Archaludon, L50, M|\n|teampreview|4\n|showteam|p1|Zacian-Crowned||RustedSword|IntrepidSword|behemothblade,WildCharge,PlayRough,Protect||||||50|,,,,,Steel]Koraidon||LifeOrb|OrichalcumPulse|FlareBlitz,CloseCombat,FlameCharge,Protect||||||50|,,,,,Fire]Tornadus||CovertCloak|Prankster|SunnyDay,Tailwind,BleakwindStorm,Taunt|||M|||50|,,,,,Dark]Farigiraf||MentalHerb|ArmorTail|FoulPlay,Roar,TrickRoom,Protect|||F|||50|,,,,,Water]Ogerpon-Cornerstone||CornerstoneMask|Sturdy|FollowMe,IvyCudgel,SpikyShield,Encore|||F|||50|,,,,,Rock]Chien-Pao||FocusSash|SwordofRuin|SuckerPunch,IceSpinner,SacredSword,Protect||||||50|,,,,,Ground\n|showteam|p2|Kyogre||AssaultVest|Drizzle|OriginPulse,Thunder,IceBeam,IcyWind||||||50|,,,,,Steel]Dialga-Origin||AdamantCrystal|Telepathy|BodyPress,IronDefense,DracoMeteor,Protect||||||50|,,,,,Steel]Barraskewda||ChoiceBand|SwiftSwim|FlipTurn,AquaJet,Waterfall,CloseCombat|||F|||50|,,,,,Fighting]Incineroar||CovertCloak|Intimidate|FakeOut,KnockOff,FlareBlitz,PartingShot|||M|||50|,,,,,Fire]Kingambit||ClearAmulet|Defiant|KowtowCleave,IronHead,Protect,PoisonJab|||F|||50|,,,,,Poison]Archaludon||PowerHerb|Stamina|ElectroShot,AuraSphere,FlashCannon,MeteorBeam|||M|||50|,,,,,Steel\n|inactive|Battle timer is ON: inactive players will automatically lose when time's up. (requested by KDougie)\n|\n|t:|1745958245\n|start\n|switch|p1a: Zacian|Zacian-Crowned, L50|100/100\n|switch|p1b: Tornadus|Tornadus, L50, M|100/100\n|switch|p2a: Kyogre|Kyogre, L50|100/100\n|switch|p2b: Archaludon|Archaludon, L50, M|100/100\n|-ability|p1a: Zacian|Intrepid Sword|boost\n|-boost|p1a: Zacian|atk|1\n|-weather|RainDance|[from] ability: Drizzle|[of] p2a: Kyogre\n|turn|1\n|inactive|Kalamakalamana has 30 seconds left.\n|inactive|KDougie has 30 seconds left.\n|\n|t:|1745958279\n|move|p1b: Tornadus|Tailwind|p1b: Tornadus\n|-sidestart|p1: Kalamakalamana|move: Tailwind\n|move|p1a: Zacian|Wild Charge|p2a: Kyogre\n|-supereffective|p2a: Kyogre\n|-damage|p2a: Kyogre|1/100\n|-damage|p1a: Zacian|69/100|[from] Recoil\n|move|p2b: Archaludon|Electro Shot||[still]\n|-prepare|p2b: Archaludon|Electro Shot\n|-boost|p2b: Archaludon|spa|1\n|-anim|p2b: Archaludon|Electro Shot|p1b: Tornadus\n|-supereffective|p1b: Tornadus\n|-damage|p1b: Tornadus|0 fnt\n|faint|p1b: Tornadus\n|move|p2a: Kyogre|Thunder|p1a: Zacian\n|-damage|p1a: Zacian|22/100\n|\n|-weather|RainDance|[upkeep]\n|upkeep\n|\n|t:|1745958299\n|switch|p1b: Koraidon|Koraidon, L50|100/100\n|-weather|SunnyDay|[from] ability: Orichalcum Pulse|[of] p1b: Koraidon\n|-activate|p1b: Koraidon|Orichalcum Pulse|[source]\n|turn|2\n|inactive|Kalamakalamana has 30 seconds left.\n|\n|t:|1745958326\n|switch|p2a: Dialga|Dialga-Origin, L50|100/100\n|move|p1a: Zacian|Behemoth Blade|p2a: Dialga\n|-resisted|p2a: Dialga\n|-damage|p2a: Dialga|69/100\n|move|p1b: Koraidon|Close Combat|p2b: Archaludon\n|-supereffective|p2b: Archaludon\n|-damage|p2b: Archaludon|0 fnt\n|-unboost|p1b: Koraidon|def|1\n|-unboost|p1b: Koraidon|spd|1\n|faint|p2b: Archaludon\n|-damage|p1b: Koraidon|91/100|[from] item: Life Orb\n|\n|-weather|SunnyDay|[upkeep]\n|upkeep\n|\n|t:|1745958339\n|switch|p2b: Kyogre|Kyogre, L50|1/100\n|-weather|RainDance|[from] ability: Drizzle|[of] p2b: Kyogre\n|turn|3\n|\n|t:|1745958352\n|switch|p1b: Ogerpon|Ogerpon-Cornerstone, L50, F|100/100\n|switch|p2b: Barraskewda|Barraskewda, L50, F|100/100\n|move|p1a: Zacian|Wild Charge|p2a: Dialga\n|-resisted|p2a: Dialga\n|-damage|p2a: Dialga|48/100\n|-damage|p1a: Zacian|15/100|[from] Recoil\n|move|p2a: Dialga|Iron Defense|p2a: Dialga\n|-boost|p2a: Dialga|def|2\n|\n|-weather|RainDance|[upkeep]\n|upkeep\n|turn|4\n|\n|t:|1745958376\n|move|p1a: Zacian|Wild Charge|p2b: Barraskewda\n|-supereffective|p2b: Barraskewda\n|-damage|p2b: Barraskewda|0 fnt\n|faint|p2b: Barraskewda\n|-damage|p1a: Zacian|0 fnt|[from] Recoil\n|faint|p1a: Zacian\n|move|p1b: Ogerpon|Encore|p2a: Dialga\n|-start|p2a: Dialga|Encore\n|move|p2a: Dialga|Iron Defense|p2a: Dialga\n|-boost|p2a: Dialga|def|2\n|\n|-weather|RainDance|[upkeep]\n|-sideend|p1: Kalamakalamana|move: Tailwind\n|upkeep\n|\n|t:|1745958397\n|switch|p1a: Koraidon|Koraidon, L50|91/100\n|switch|p2b: Kyogre|Kyogre, L50|1/100\n|-weather|SunnyDay|[from] ability: Orichalcum Pulse|[of] p1a: Koraidon\n|-activate|p1a: Koraidon|Orichalcum Pulse|[source]\n|-weather|RainDance|[from] ability: Drizzle|[of] p2b: Kyogre\n|turn|5\n|\n|t:|1745958410\n|move|p1a: Koraidon|Flare Blitz|p2a: Dialga\n|-damage|p2a: Dialga|41/100\n|-damage|p1a: Koraidon|88/100|[from] Recoil\n|-damage|p1a: Koraidon|78/100|[from] item: Life Orb\n|move|p1b: Ogerpon|Ivy Cudgel|p2b: Kyogre|[anim] Ivy Cudgel Rock\n|-damage|p2b: Kyogre|0 fnt\n|faint|p2b: Kyogre\n|move|p2a: Dialga|Iron Defense|p2a: Dialga\n|-boost|p2a: Dialga|def|2\n|\n|-weather|RainDance|[upkeep]\n|upkeep\n|turn|6\n|\n|t:|1745958426\n|move|p1a: Koraidon|Close Combat|p2a: Dialga\n|-supereffective|p2a: Dialga\n|-damage|p2a: Dialga|7/100\n|-unboost|p1a: Koraidon|def|1\n|-unboost|p1a: Koraidon|spd|1\n|-damage|p1a: Koraidon|68/100|[from] item: Life Orb\n|move|p1b: Ogerpon|Ivy Cudgel|p2a: Dialga|[anim] Ivy Cudgel Rock\n|-resisted|p2a: Dialga\n|-damage|p2a: Dialga|3/100\n|move|p2a: Dialga|Iron Defense|p2a: Dialga\n|-boost|p2a: Dialga|def|0\n|\n|-weather|RainDance|[upkeep]\n|-end|p2a: Dialga|Encore\n|upkeep\n|turn|7\n|\n|t:|1745958445\n|move|p1a: Koraidon|Protect|p1a: Koraidon\n|-singleturn|p1a: Koraidon|Protect\n|move|p1b: Ogerpon|Spiky Shield|p1b: Ogerpon\n|-singleturn|p1b: Ogerpon|move: Protect\n|move|p2a: Dialga|Protect||[still]\n|-fail|p2a: Dialga\n|\n|-weather|RainDance|[upkeep]\n|upkeep\n|turn|8\n|\n|t:|1745958458\n|move|p1a: Koraidon|Close Combat|p2a: Dialga\n|-supereffective|p2a: Dialga\n|-damage|p2a: Dialga|0 fnt\n|-unboost|p1a: Koraidon|def|1\n|-unboost|p1a: Koraidon|spd|1\n|faint|p2a: Dialga\n|-damage|p1a: Koraidon|59/100|[from] item: Life Orb\n|\n|win|Kalamakalamana\n||Kalamakalamana is ready for game 2.\n|raw|Kalamakalamana's rating: 1000 &rarr; <strong>1045</strong><br />(+45 for winning)\n|raw|KDougie's rating: 1040 &rarr; <strong>1022</strong><br />(-18 for losing)\n|l|\u2606KDougie\n|player|p2|\n", "uploadtime": 1745958490, "views": 8, "formatid": "gen9vgc2025regibo3", "rating": 1022, "private": 0, "password": null}