{"id": "gen9vgc2025regibo3-2353439071", "format": "[Gen 9] VGC 2025 Reg I (Bo3)", "players": ["grindrextremist", "bagarreSinge"], "log": "|j|\u2606grindrextremist\n|j|\u2606bagarreSinge\n|html|<table width=\"100%\"><tr><td align=\"left\">grindrextremist</td><td align=\"right\">bagarreSinge</tr><tr><td align=\"left\"><i class=\"fa fa-circle-o\"></i> <i class=\"fa fa-circle-o\"></i> </td><td align=\"right\"><i class=\"fa fa-circle-o\"></i> <i class=\"fa fa-circle-o\"></i> </tr></table>\n|uhtml|bestof|<h2><strong>Game 1</strong> of <a href=\"/game-bestof3-gen9vgc2025regibo3-2353439070\">a best-of-3</a></h2>\n|t:|1745956055\n|gametype|doubles\n|player|p1|grindrextremist|101|1153\n|player|p2|bagarreSinge|harlequin|1078\n|teamsize|p1|6\n|teamsize|p2|6\n|gen|9\n|tier|[Gen 9] VGC 2025 Reg I (Bo3)\n|rated|\n|rule|Species Clause: Limit one of each Pok\u00e9mon\n|rule|Item Clause: Limit 1 of each item\n|clearpoke\n|poke|p1|Calyrex-Ice, L50|\n|poke|p1|Ursaluna-Bloodmoon, L50, M|\n|poke|p1|Smeargle, L50, M|\n|poke|p1|Lunala, L50|\n|poke|p1|Urshifu-*, L50, M|\n|poke|p1|Indeedee-F, L50, F|\n|poke|p2|Calyrex-Ice, L50|\n|poke|p2|Ogerpon-Cornerstone, L50, F|\n|poke|p2|Landorus, L50, M|\n|poke|p2|Kyogre, L50|\n|poke|p2|Iron Jugulis, L50|\n|poke|p2|Iron Hands, L50|\n|teampreview|4\n|showteam|p1|Calyrex-Ice||ClearAmulet|AsOneGlastrier|GlacialLance,HighHorsepower,Protect,TrickRoom||||||50|,,,,,Fire]Ursaluna-Bloodmoon||LifeOrb|MindsEye|EarthPower,HyperVoice,BloodMoon,Protect|||M|||50|,,,,,Normal]Smeargle||FocusSash|OwnTempo|FollowMe,FakeOut,Decorate,Spore|||M|||50|,,,,,Grass]Lunala||PowerHerb|ShadowShield|TrickRoom,ExpandingForce,MoongeistBeam,MeteorBeam||||||50|,,,,,Grass]Urshifu||ChoiceBand|UnseenFist|WickedBlow,SuckerPunch,CloseCombat,IronHead|||M|||50|,,,,,Grass]Indeedee-F||RockyHelmet|PsychicSurge|Psychic,TrickRoom,FollowMe,HelpingHand|||F|||50|,,,,,Fairy\n|showteam|p2|Calyrex-Ice||ClearAmulet|AsOneGlastrier|GlacialLance,HighHorsepower,TrickRoom,Protect||||||50|,,,,,Grass]Ogerpon-Cornerstone||CornerstoneMask|Sturdy|FollowMe,PowerWhip,IvyCudgel,SpikyShield|||F|||50|,,,,,Rock]Landorus||LifeOrb|SheerForce|EarthPower,SludgeBomb,SandsearStorm,Protect|||M|||50|,,,,,Water]Kyogre||MysticWater|Drizzle|WaterSpout,HydroPump,IceBeam,Protect||||||50|,,,,,Grass]Iron Jugulis||BoosterEnergy|QuarkDrive|Hurricane,Tailwind,Snarl,Protect||||||50|,,,,,Water]Iron Hands||AssaultVest|QuarkDrive|WildCharge,DrainPunch,LowKick,FakeOut||||||50|,,,,,Bug\n|\n|t:|1745956117\n|start\n|switch|p1a: Lunala|Lunala, L50, shiny|100/100\n|switch|p1b: Smeargle|Smeargle, L50, M, shiny|100/100\n|switch|p2a: Iron Jugulis|Iron Jugulis, L50|100/100\n|switch|p2b: Kyogre|Kyogre, L50|100/100\n|-weather|RainDance|[from] ability: Drizzle|[of] p2b: Kyogre\n|-enditem|p2a: Iron Jugulis|Booster Energy\n|-activate|p2a: Iron Jugulis|ability: Quark Drive|[fromitem]\n|-start|p2a: Iron Jugulis|quarkdrivespe\n|turn|1\n|\n|t:|1745956159\n|-terastallize|p1a: Lunala|Grass\n|move|p2b: Kyogre|Protect|p2b: Kyogre\n|-singleturn|p2b: Kyogre|Protect\n|move|p2a: Iron Jugulis|Snarl|p1a: Lunala|[spread] p1a,p1b\n|-damage|p1a: Lunala|95/100\n|-damage|p1b: Smeargle|63/100\n|-unboost|p1a: Lunala|spa|1\n|-unboost|p1b: Smeargle|spa|1\n|move|p1b: Smeargle|Spore|p2a: Iron Jugulis\n|-status|p2a: Iron Jugulis|slp|[from] move: Spore\n|move|p1a: Lunala|Trick Room|p1a: Lunala\n|-fieldstart|move: Trick Room|[of] p1a: Lunala\n|\n|-weather|RainDance|[upkeep]\n|upkeep\n|turn|2\n|\n|t:|1745956189\n|move|p1b: Smeargle|Decorate|p1a: Lunala\n|-boost|p1a: Lunala|atk|2\n|-boost|p1a: Lunala|spa|2\n|move|p2b: Kyogre|Ice Beam|p1a: Lunala\n|-supereffective|p1a: Lunala\n|-damage|p1a: Lunala|43/100\n|move|p1a: Lunala|Expanding Force|p2b: Kyogre\n|-damage|p2b: Kyogre|56/100\n|cant|p2a: Iron Jugulis|slp\n|\n|-weather|RainDance|[upkeep]\n|upkeep\n|turn|3\n|\n|t:|1745956214\n|move|p2b: Kyogre|Protect|p2b: Kyogre\n|-singleturn|p2b: Kyogre|Protect\n|move|p1b: Smeargle|Spore|p2b: Kyogre\n|-activate|p2b: Kyogre|move: Protect\n|move|p1a: Lunala|Moongeist Beam|p2b: Kyogre\n|-activate|p2b: Kyogre|move: Protect\n|cant|p2a: Iron Jugulis|slp\n|\n|-weather|RainDance|[upkeep]\n|upkeep\n|turn|4\n|\n|t:|1745956248\n|move|p2b: Kyogre|Protect||[still]\n|-fail|p2b: Kyogre\n|move|p1b: Smeargle|Follow Me|p1b: Smeargle\n|-singleturn|p1b: Smeargle|move: Follow Me\n|move|p1a: Lunala|Moongeist Beam|p2b: Kyogre\n|-damage|p2b: Kyogre|1/100\n|cant|p2a: Iron Jugulis|slp\n|\n|-weather|RainDance|[upkeep]\n|upkeep\n|turn|5\n|\n|t:|1745956273\n|switch|p1b: mijo|Urshifu, L50, M|100/100\n|move|p2b: Kyogre|Protect|p2b: Kyogre\n|-singleturn|p2b: Kyogre|Protect\n|-curestatus|p2a: Iron Jugulis|slp|[msg]\n|move|p2a: Iron Jugulis|Protect|p2a: Iron Jugulis\n|-singleturn|p2a: Iron Jugulis|Protect\n|move|p1a: Lunala|Meteor Beam||[still]\n|-prepare|p1a: Lunala|Meteor Beam\n|-boost|p1a: Lunala|spa|1\n|-enditem|p1a: Lunala|Power Herb\n|-anim|p1a: Lunala|Meteor Beam|p2a: Iron Jugulis\n|-activate|p2a: Iron Jugulis|move: Protect\n|\n|-weather|none\n|-fieldend|move: Trick Room\n|upkeep\n|turn|6\n|\n|t:|1745956310\n|switch|p2b: Calyrex|Calyrex-Ice, L50|100/100\n|-ability|p2b: Calyrex|As One\n|-ability|p2b: Calyrex|Unnerve\n|move|p2a: Iron Jugulis|Hurricane|p1a: Lunala|[miss]\n|-miss|p2a: Iron Jugulis|p1a: Lunala\n|move|p1a: Lunala|Expanding Force|p2b: Calyrex\n|-resisted|p2b: Calyrex\n|-damage|p2b: Calyrex|70/100\n|move|p1b: mijo|Close Combat|p2a: Iron Jugulis\n|-damage|p2a: Iron Jugulis|0 fnt\n|-unboost|p1b: mijo|def|1\n|-unboost|p1b: mijo|spd|1\n|faint|p2a: Iron Jugulis\n|-end|p2a: Iron Jugulis|Quark Drive|[silent]\n|\n|upkeep\n|\n|t:|1745956338\n|switch|p2a: Kyogre|Kyogre, L50|1/100\n|-weather|RainDance|[from] ability: Drizzle|[of] p2a: Kyogre\n|turn|7\n|\n|t:|1745956353\n|-terastallize|p2b: Calyrex|Grass\n|move|p1a: Lunala|Meteor Beam||[still]\n|-prepare|p1a: Lunala|Meteor Beam\n|-boost|p1a: Lunala|spa|1\n|move|p2a: Kyogre|Hydro Pump|p1b: mijo|[miss]\n|-miss|p2a: Kyogre|p1b: mijo\n|move|p1b: mijo|Close Combat|p2b: Calyrex\n|-damage|p2b: Calyrex|9/100\n|-unboost|p1b: mijo|def|1\n|-unboost|p1b: mijo|spd|1\n|move|p2b: Calyrex|Glacial Lance|p1b: mijo|[spread] p1a,p1b\n|-supereffective|p1a: Lunala\n|-damage|p1a: Lunala|0 fnt\n|-damage|p1b: mijo|10/100\n|faint|p1a: Lunala\n|-ability|p2b: Calyrex|Chilling Neigh|boost\n|-boost|p2b: Calyrex|atk|1\n|\n|-weather|RainDance|[upkeep]\n|upkeep\n|\n|t:|1745956367\n|switch|p1a: Smeargle|Smeargle, L50, M, shiny|63/100\n|turn|8\n|\n|t:|1745956394\n|move|p1a: Smeargle|Fake Out|p2a: Kyogre\n|-damage|p2a: Kyogre|0 fnt\n|faint|p2a: Kyogre\n|move|p1b: mijo|Close Combat|p2b: Calyrex\n|-crit|p2b: Calyrex\n|-damage|p2b: Calyrex|0 fnt\n|-unboost|p1b: mijo|def|1\n|-unboost|p1b: mijo|spd|1\n|faint|p2b: Calyrex\n|\n|-weather|RainDance|[upkeep]\n|upkeep\n|\n|t:|1745956399\n|switch|p2b: Landorus|Landorus, L50, M|100/100\n|turn|9\n|\n|t:|1745956406\n|move|p2b: Landorus|Sandsear Storm|p1a: Smeargle|[spread] p1a,p1b\n|-damage|p1a: Smeargle|0 fnt\n|-damage|p1b: mijo|0 fnt\n|faint|p1a: Smeargle\n|faint|p1b: mijo\n|\n|-weather|RainDance|[upkeep]\n|upkeep\n|\n|t:|1745956409\n|switch|p1b: bludbourne|Ursaluna-Bloodmoon, L50, M|100/100\n|turn|10\n|\n|t:|1745956420\n|move|p2b: Landorus|Protect|p2b: Landorus\n|-singleturn|p2b: Landorus|Protect\n|move|p1b: bludbourne|Blood Moon|p2b: Landorus\n|-activate|p2b: Landorus|move: Protect\n|\n|-weather|RainDance|[upkeep]\n|upkeep\n|turn|11\n|\n|t:|1745956427\n|move|p1b: bludbourne|Protect|p1b: bludbourne\n|-singleturn|p1b: bludbourne|Protect\n|move|p2b: Landorus|Earth Power|p1b: bludbourne\n|-activate|p1b: bludbourne|move: Protect\n|\n|-weather|none\n|upkeep\n|turn|12\n|\n|t:|1745956435\n|move|p2b: Landorus|Earth Power|p1b: bludbourne\n|-damage|p1b: bludbourne|13/100\n|move|p1b: bludbourne|Hyper Voice|p2b: Landorus\n|-damage|p2b: Landorus|28/100\n|-damage|p1b: bludbourne|3/100|[from] item: Life Orb\n|\n|upkeep\n|turn|13\n|\n|t:|1745956443\n|move|p1b: bludbourne|Protect|p1b: bludbourne\n|-singleturn|p1b: bludbourne|Protect\n|move|p2b: Landorus|Earth Power|p1b: bludbourne\n|-activate|p1b: bludbourne|move: Protect\n|\n|upkeep\n|turn|14\n|\n|t:|1745956449\n|move|p2b: Landorus|Earth Power|p1b: bludbourne\n|-damage|p1b: bludbourne|0 fnt\n|faint|p1b: bludbourne\n|\n|win|bagarreSinge\n||grindrextremist is ready for game 2.\n||bagarreSinge is ready for game 2.\n|uhtml|next|Next: <a href=\"/battle-gen9vgc2025regibo3-2353443679\"><strong>Game 2 of 3</strong></a>\n|l|\u2606grindrextremist\n|player|p1|\n", "uploadtime": 1745956451, "views": 20, "formatid": "gen9vgc2025regibo3", "rating": null, "private": 0, "password": null}