{"id": "gen9vgc2025regibo3-2354356634", "format": "[Gen 9] VGC 2025 Reg I (Bo3)", "players": ["Mortimerd", "tzarii"], "log": "|j|\u203dMortimerd\n|j|\u2606tzarii\n|html|<table width=\"100%\"><tr><td align=\"left\">Mortimerd</td><td align=\"right\">tzarii</tr><tr><td align=\"left\"><i class=\"fa fa-circle\"></i> <i class=\"fa fa-circle-o\"></i> </td><td align=\"right\"><i class=\"fa fa-circle-o\"></i> <i class=\"fa fa-circle\"></i> </tr></table>\n|uhtml|bestof|<h2><strong>Game 3</strong> of <a href=\"/game-bestof3-gen9vgc2025regibo3-2354353042\">a best-of-3</a></h2>\n|t:|1746061354\n|gametype|doubles\n|player|p1|Mortimerd|170|1063\n|player|p2|tzarii|lady-gen4|1100\n|teamsize|p1|6\n|teamsize|p2|6\n|gen|9\n|tier|[Gen 9] VGC 2025 Reg I (Bo3)\n|rated|\n|rule|Species Clause: Limit one of each Pok\u00e9mon\n|rule|Item Clause: Limit 1 of each item\n|clearpoke\n|poke|p1|Kyogre, L50|\n|poke|p1|Zacian-*, L50|\n|poke|p1|Amoonguss, L50, M|\n|poke|p1|Incineroar, L50, M|\n|poke|p1|Flutter Mane, L50|\n|poke|p1|Thundurus-Therian, L50, M|\n|poke|p2|Koraidon, L50|\n|poke|p2|Groudon, L50|\n|poke|p2|Flutter Mane, L50|\n|poke|p2|Scovillain, L50, F|\n|poke|p2|Rillaboom, L50, F|\n|poke|p2|Scream Tail, L50|\n|teampreview|4\n|showteam|p1|Kyogre||AssaultVest|Drizzle|WaterSpout,OriginPulse,IceBeam,Thunder||||||50|,,,,,Grass]Zacian-Crowned||RustedSword|IntrepidSword|behemothblade,PlayRough,SacredSword,Protect||||||50|,,,,,Fairy]Amoonguss||CovertCloak|EffectSpore|RagePowder,Spore,PollenPuff,Protect|||M|||50|,,,,,Fairy]Incineroar||SafetyGoggles|Intimidate|FakeOut,KnockOff,PartingShot,WillOWisp|||M|||50|,,,,,Ghost]Flutter Mane||BoosterEnergy|Protosynthesis|Moonblast,IcyWind,ThunderWave,Protect||||||50|,,,,,Fairy]Thundurus-Therian||ChoiceSpecs|VoltAbsorb|WildboltStorm,SludgeBomb,VoltSwitch,TeraBlast|||M|||50|,,,,,Fairy\n|showteam|p2|Koraidon||ClearAmulet|OrichalcumPulse|FlameCharge,CloseCombat,FlareBlitz,Protect||||||50|,,,,,Fire]Groudon||AssaultVest|Drought|PrecipiceBlades,HeatCrash,RockSlide,HighHorsepower||||||50|,,,,,Water]Flutter Mane||FocusSash|Protosynthesis|Moonblast,IcyWind,ShadowBall,Protect||||||50|,,,,,Fairy]Scovillain||CovertCloak|Chlorophyll|Overheat,SpicyExtract,WillOWisp,ScaryFace|||F|||50|,,,,,Fire]Rillaboom||MiracleSeed|GrassySurge|FakeOut,GrassyGlide,WoodHammer,Protect|||F|||50|,,,,,Water]Scream Tail||RedCard|Protosynthesis|ThunderWave,Encore,Disable,Protect||||||50|,,,,,Dark\n|inactive|Battle timer is ON: inactive players will automatically lose when time's up. (requested by tzarii)\n|\n|t:|1746061369\n|start\n|switch|p1a: Incineroar|Incineroar, L50, M|100/100\n|switch|p1b: Zacian|Zacian-Crowned, L50|100/100\n|switch|p2a: Groudon|Groudon, L50|100/100\n|switch|p2b: Rillaboom|Rillaboom, L50, F|100/100\n|-ability|p1b: Zacian|Intrepid Sword|boost\n|-boost|p1b: Zacian|atk|1\n|-weather|SunnyDay|[from] ability: Drought|[of] p2a: Groudon\n|-ability|p1a: Incineroar|Intimidate|boost\n|-unboost|p2a: Groudon|atk|1\n|-unboost|p2b: Rillaboom|atk|1\n|-fieldstart|move: Grassy Terrain|[from] ability: Grassy Surge|[of] p2b: Rillaboom\n|turn|1\n|\n|t:|1746061384\n|-terastallize|p1a: Incineroar|Ghost\n|move|p1b: Zacian|Protect|p1b: Zacian\n|-singleturn|p1b: Zacian|Protect\n|move|p2b: Rillaboom|Fake Out|p1a: Incineroar\n|-immune|p1a: Incineroar\n|move|p2a: Groudon|Precipice Blades|p1b: Zacian|[spread] p1a\n|-activate|p1b: Zacian|move: Protect\n|-damage|p1a: Incineroar|72/100\n|move|p1a: Incineroar|Will-O-Wisp|p2a: Groudon\n|-status|p2a: Groudon|brn\n|\n|-weather|SunnyDay|[upkeep]\n|-heal|p1a: Incineroar|78/100|[from] Grassy Terrain\n|-damage|p2a: Groudon|95/100 brn|[from] brn\n|upkeep\n|turn|2\n|\n|t:|1746061404\n|switch|p2b: Scovillain|Scovillain, L50, F|100/100\n|move|p1b: Zacian|Play Rough|p2a: Groudon\n|-damage|p2a: Groudon|44/100 brn\n|move|p2a: Groudon|Precipice Blades|p1b: Zacian|[spread] p1a,p1b\n|-supereffective|p1b: Zacian\n|-damage|p1a: Incineroar|65/100\n|-damage|p1b: Zacian|74/100\n|move|p1a: Incineroar|Will-O-Wisp|p2b: Scovillain\n|-immune|p2b: Scovillain\n|\n|-weather|SunnyDay|[upkeep]\n|-heal|p1b: Zacian|80/100|[from] Grassy Terrain\n|-heal|p2a: Groudon|49/100 brn|[from] Grassy Terrain\n|-heal|p1a: Incineroar|71/100|[from] Grassy Terrain\n|-damage|p2a: Groudon|44/100 brn|[from] brn\n|upkeep\n|turn|3\n|inactive|tzarii has 30 seconds left.\n|inactive|tzarii has 20 seconds left.\n|\n|t:|1746061444\n|switch|p1a: Kyogre|Kyogre, L50|100/100\n|-weather|RainDance|[from] ability: Drizzle|[of] p1a: Kyogre\n|move|p1b: Zacian|Sacred Sword|p2b: Scovillain\n|-damage|p2b: Scovillain|11/100\n|move|p2b: Scovillain|Will-O-Wisp|p1b: Zacian\n|-status|p1b: Zacian|brn\n|move|p2a: Groudon|Precipice Blades|p1b: Zacian|[spread] p1a,p1b\n|-supereffective|p1b: Zacian\n|-damage|p1a: Kyogre|86/100\n|-damage|p1b: Zacian|54/100 brn\n|\n|-weather|RainDance|[upkeep]\n|-heal|p1b: Zacian|60/100 brn|[from] Grassy Terrain\n|-heal|p2b: Scovillain|17/100|[from] Grassy Terrain\n|-heal|p1a: Kyogre|91/100|[from] Grassy Terrain\n|-heal|p2a: Groudon|49/100 brn|[from] Grassy Terrain\n|-damage|p1b: Zacian|54/100 brn|[from] brn\n|-damage|p2a: Groudon|44/100 brn|[from] brn\n|upkeep\n|turn|4\n|inactive|tzarii has 30 seconds left.\n|inactive|Mortimerd has 30 seconds left.\n|inactive|tzarii has 20 seconds left.\n|inactive|tzarii has 15 seconds left.\n|inactive|tzarii has 10 seconds left.\n|\n|t:|1746061489\n|switch|p2a: Koraidon|Koraidon, L50|100/100\n|-weather|SunnyDay|[from] ability: Orichalcum Pulse|[of] p2a: Koraidon\n|-activate|p2a: Koraidon|Orichalcum Pulse|[source]\n|move|p1b: Zacian|Protect|p1b: Zacian\n|-singleturn|p1b: Zacian|Protect\n|move|p2b: Scovillain|Overheat|p1b: Zacian\n|-activate|p1b: Zacian|move: Protect\n|move|p1a: Kyogre|Ice Beam|p2a: Koraidon\n|-supereffective|p2a: Koraidon\n|-damage|p2a: Koraidon|32/100\n|\n|-weather|SunnyDay|[upkeep]\n|-heal|p2b: Scovillain|22/100|[from] Grassy Terrain\n|-heal|p2a: Koraidon|39/100|[from] Grassy Terrain\n|-heal|p1b: Zacian|60/100 brn|[from] Grassy Terrain\n|-heal|p1a: Kyogre|97/100|[from] Grassy Terrain\n|-damage|p1b: Zacian|54/100 brn|[from] brn\n|upkeep\n|turn|5\n|inactive|Mortimerd has 30 seconds left.\n|inactive|tzarii has 30 seconds left.\n|inactive|tzarii has 20 seconds left.\n|inactive|tzarii has 15 seconds left.\n|inactive|tzarii has 10 seconds left.\n|\n|t:|1746061535\n|-terastallize|p2a: Koraidon|Fire\n|move|p2b: Scovillain|Spicy Extract|p2a: Koraidon\n|-fail|p2a: Koraidon|unboost|[from] item: Clear Amulet|[of] p2a: Koraidon\n|-boost|p2a: Koraidon|atk|2\n|move|p2a: Koraidon|Close Combat|p1a: Kyogre\n|-damage|p1a: Kyogre|0 fnt\n|-unboost|p2a: Koraidon|def|1\n|-unboost|p2a: Koraidon|spd|1\n|faint|p1a: Kyogre\n|move|p1b: Zacian|Play Rough|p2a: Koraidon\n|-resisted|p2a: Koraidon\n|-damage|p2a: Koraidon|15/100\n|\n|-weather|SunnyDay|[upkeep]\n|-heal|p2b: Scovillain|28/100|[from] Grassy Terrain\n|-heal|p2a: Koraidon|22/100|[from] Grassy Terrain\n|-heal|p1b: Zacian|60/100 brn|[from] Grassy Terrain\n|-damage|p1b: Zacian|54/100 brn|[from] brn\n|-fieldend|move: Grassy Terrain\n|upkeep\n|\n|t:|1746061547\n|switch|p1a: Incineroar|Incineroar, L50, M, tera:Ghost|71/100\n|-ability|p1a: Incineroar|Intimidate|boost\n|-fail|p2a: Koraidon|unboost|[from] item: Clear Amulet|[of] p2a: Koraidon\n|-unboost|p2b: Scovillain|atk|1\n|turn|6\n|inactive|tzarii has 30 seconds left.\n|\n|t:|1746061576\n|move|p2a: Koraidon|Protect|p2a: Koraidon\n|-singleturn|p2a: Koraidon|Protect\n|move|p1a: Incineroar|Fake Out|p2b: Scovillain\n|-damage|p2b: Scovillain|10/100\n|move|p2b: Scovillain|Overheat|p1a: Incineroar\n|-damage|p1a: Incineroar|0 fnt\n|-unboost|p2b: Scovillain|spa|2\n|faint|p1a: Incineroar\n|move|p1b: Zacian|Behemoth Blade|p2a: Koraidon\n|-activate|p2a: Koraidon|move: Protect\n|\n|-weather|SunnyDay|[upkeep]\n|-damage|p1b: Zacian|47/100 brn|[from] brn\n|upkeep\n|-message|Mortimerd forfeited.\n|\n|win|tzarii\n|raw|Mortimerd's rating: 1063 &rarr; <strong>1046</strong><br />(-17 for losing)\n|raw|tzarii's rating: 1100 &rarr; <strong>1122</strong><br />(+22 for winning)\n|l|\u203dMortimerd\n|player|p1|\n", "uploadtime": 1746061587, "views": 9, "formatid": "gen9vgc2025regibo3", "rating": 1046, "private": 0, "password": null}