{"id": "gen9vgc2025regibo3-2354254348", "format": "[Gen 9] VGC 2025 Reg I (Bo3)", "players": ["the rial rondo", "jony_vgc"], "log": "|j|\u2606the rial rondo\n|j|\u2606jony_vgc\n|html|<table width=\"100%\"><tr><td align=\"left\">the rial rondo</td><td align=\"right\">jony_vgc</tr><tr><td align=\"left\"><i class=\"fa fa-circle-o\"></i> <i class=\"fa fa-circle-o\"></i> </td><td align=\"right\"><i class=\"fa fa-circle-o\"></i> <i class=\"fa fa-circle\"></i> </tr></table>\n|uhtml|bestof|<h2><strong>Game 2</strong> of <a href=\"/game-bestof3-gen9vgc2025regibo3-2354249949\">a best-of-3</a></h2>\n|t:|1746049500\n|gametype|doubles\n|player|p1|the rial rondo|policeman-gen4|\n|player|p2|jony_vgc|wattson|\n|teamsize|p1|6\n|teamsize|p2|6\n|gen|9\n|tier|[Gen 9] VGC 2025 Reg I (Bo3)\n|rule|Species Clause: Limit one of each Pok\u00e9mon\n|rule|Item Clause: Limit 1 of each item\n|clearpoke\n|poke|p1|Calyrex-Shadow, L50|\n|poke|p1|Koraidon, L50|\n|poke|p1|Raging Bolt, L50|\n|poke|p1|Chi-Yu, L50|\n|poke|p1|Brute Bonnet, L50|\n|poke|p1|Whimsicott, L50, F|\n|poke|p2|Lunala, L50|\n|poke|p2|Scream Tail, L50|\n|poke|p2|Kyogre, L50|\n|poke|p2|Incineroar, L50, M|\n|poke|p2|Rillaboom, L50, M|\n|poke|p2|Landorus, L50, M|\n|teampreview|4\n|showteam|p1|Calyrex-Shadow||LifeOrb|AsOneSpectrier|AstralBarrage,Psychic,Disable,Protect||||||50|,,,,,Dark]Koraidon||ClearAmulet|OrichalcumPulse|CollisionCourse,FlareBlitz,FlameCharge,Protect||||||50|,,,,,Fire]Raging Bolt||AssaultVest|Protosynthesis|Electroweb,Thunderclap,VoltSwitch,DracoMeteor||||||50|,,,,,Electric]Chi-Yu||ChoiceScarf|BeadsofRuin|Snarl,Overheat,HeatWave,DarkPulse||||||50|,,,,,Ghost]Brute Bonnet||RockyHelmet|Protosynthesis|SeedBomb,SuckerPunch,Spore,RagePowder||||||50|,,,,,Water]Whimsicott||CovertCloak|Prankster|LightScreen,Tailwind,Moonblast,Encore|||F|||50|,,,,,Dark\n|showteam|p2|Lunala||Leftovers|ShadowShield|Protect,CalmMind,MoongeistBeam,Moonblast||||||50|,,,,,Fairy]Scream Tail||BoosterEnergy|Protosynthesis|Protect,Disable,DazzlingGleam,Encore||||||50|,,,,,Grass]Kyogre||ChoiceSpecs|Drizzle|OriginPulse,HydroPump,IceBeam,Thunderbolt||||||50|,,,,,Poison]Incineroar||RockyHelmet|Intimidate|PartingShot,FlareBlitz,Taunt,FakeOut|||M|||50|,,,,,Water]Rillaboom||AssaultVest|GrassySurge|GrassyGlide,FakeOut,WoodHammer,Uturn|||M|||50|,,,,,Fire]Landorus||ChoiceScarf|SheerForce|SludgeBomb,Psychic,SandsearStorm,WeatherBall|||M|||50|,,,,,Dark\n|c|\u2606jony_vgc|Hello?\n|c|\u2606jony_vgc|Are you there?\n|\n|t:|1746049695\n|start\n|switch|p1a: Calyrex|Calyrex-Shadow, L50|100/100\n|switch|p1b: Brute Bonnet|Brute Bonnet, L50|100/100\n|switch|p2a: Lunala|Lunala, L50|100/100\n|switch|p2b: Incineroar|Incineroar, L50, M|100/100\n|-ability|p1a: Calyrex|As One\n|-ability|p1a: Calyrex|Unnerve\n|-ability|p2b: Incineroar|Intimidate|boost\n|-unboost|p1a: Calyrex|atk|1\n|-unboost|p1b: Brute Bonnet|atk|1\n|turn|1\n|\n|t:|1746049724\n|move|p2a: Lunala|Protect|p2a: Lunala\n|-singleturn|p2a: Lunala|Protect\n|move|p1a: Calyrex|Astral Barrage|p2b: Incineroar|[spread] p2b\n|-activate|p2a: Lunala|move: Protect\n|-resisted|p2b: Incineroar\n|-damage|p2b: Incineroar|72/100\n|-damage|p1a: Calyrex|91/100|[from] item: Life Orb\n|move|p2b: Incineroar|Parting Shot|p1a: Calyrex\n|-unboost|p1a: Calyrex|atk|1\n|-unboost|p1a: Calyrex|spa|1\n|\n|t:|1746049736\n|switch|p2b: Scream Tail|Scream Tail, L50|100/100|[from] Parting Shot\n|-enditem|p2b: Scream Tail|Booster Energy\n|-activate|p2b: Scream Tail|ability: Protosynthesis|[fromitem]\n|-start|p2b: Scream Tail|protosynthesisspe\n|move|p1b: Brute Bonnet|Spore|p2a: Lunala\n|-activate|p2a: Lunala|move: Protect\n|\n|upkeep\n|turn|2\n|\n|t:|1746049763\n|-terastallize|p2a: Lunala|Fairy\n|move|p2b: Scream Tail|Disable|p1b: Brute Bonnet\n|-start|p1b: Brute Bonnet|Disable|Spore\n|move|p1a: Calyrex|Astral Barrage|p2a: Lunala|[spread] p2a,p2b\n|-supereffective|p2b: Scream Tail\n|-damage|p2a: Lunala|85/100\n|-damage|p2b: Scream Tail|40/100\n|-damage|p1a: Calyrex|82/100|[from] item: Life Orb\n|move|p2a: Lunala|Calm Mind|p2a: Lunala\n|-boost|p2a: Lunala|spa|1\n|-boost|p2a: Lunala|spd|1\n|cant|p1b: Brute Bonnet|Disable|Spore\n|\n|-heal|p2a: Lunala|92/100|[from] item: Leftovers\n|upkeep\n|turn|3\n|\n|t:|1746049782\n|-end|p1b: Brute Bonnet|Protosynthesis|[silent]\n|switch|p1b: Raging Bolt|Raging Bolt, L50|100/100\n|move|p2b: Scream Tail|Disable|p1a: Calyrex\n|-start|p1a: Calyrex|Disable|Astral Barrage\n|move|p1a: Calyrex|Disable|p2a: Lunala\n|-start|p2a: Lunala|Disable|Calm Mind\n|cant|p2a: Lunala|Disable|Calm Mind\n|\n|-heal|p2a: Lunala|98/100|[from] item: Leftovers\n|upkeep\n|turn|4\n|\n|t:|1746049834\n|switch|p1a: Brute Bonnet|Brute Bonnet, L50|100/100\n|move|p2b: Scream Tail|Protect|p2b: Scream Tail\n|-singleturn|p2b: Scream Tail|Protect\n|move|p2a: Lunala|Protect|p2a: Lunala\n|-singleturn|p2a: Lunala|Protect\n|move|p1b: Raging Bolt|Volt Switch|p2b: Scream Tail\n|-activate|p2b: Scream Tail|move: Protect\n|\n|-heal|p2a: Lunala|100/100|[from] item: Leftovers\n|upkeep\n|turn|5\n|\n|t:|1746049848\n|-terastallize|p1a: Brute Bonnet|Water\n|move|p2b: Scream Tail|Dazzling Gleam|p1b: Raging Bolt|[spread] p1a,p1b\n|-supereffective|p1b: Raging Bolt\n|-damage|p1a: Brute Bonnet|89/100\n|-damage|p1b: Raging Bolt|82/100\n|move|p2a: Lunala|Moonblast|p1a: Brute Bonnet\n|-damage|p1a: Brute Bonnet|42/100\n|move|p1b: Raging Bolt|Volt Switch|p2b: Scream Tail\n|-damage|p2b: Scream Tail|14/100\n|\n|t:|1746049859\n|-end|p1b: Raging Bolt|Protosynthesis|[silent]\n|switch|p1b: Calyrex|Calyrex-Shadow, L50|82/100|[from] Volt Switch\n|-ability|p1b: Calyrex|As One\n|-ability|p1b: Calyrex|Unnerve\n|move|p1a: Brute Bonnet|Spore|p2a: Lunala\n|-status|p2a: Lunala|slp|[from] move: Spore\n|\n|upkeep\n|turn|6\n|\n|t:|1746049915\n|move|p2b: Scream Tail|Protect|p2b: Scream Tail\n|-singleturn|p2b: Scream Tail|Protect\n|cant|p2a: Lunala|slp\n|move|p1b: Calyrex|Astral Barrage|p2a: Lunala|[spread] p2a\n|-activate|p2b: Scream Tail|move: Protect\n|-damage|p2a: Lunala|85/100 slp\n|-damage|p1b: Calyrex|72/100|[from] item: Life Orb\n|move|p1a: Brute Bonnet|Seed Bomb|p2a: Lunala\n|-damage|p2a: Lunala|62/100 slp\n|\n|-heal|p2a: Lunala|68/100 slp|[from] item: Leftovers\n|-end|p2a: Lunala|Disable\n|upkeep\n|turn|7\n|\n|t:|1746049953\n|move|p2b: Scream Tail|Disable|p1b: Calyrex\n|-start|p1b: Calyrex|Disable|Astral Barrage\n|move|p1b: Calyrex|Psychic|p2b: Scream Tail\n|-resisted|p2b: Scream Tail\n|-damage|p2b: Scream Tail|0 fnt\n|faint|p2b: Scream Tail\n|-end|p2b: Scream Tail|Protosynthesis|[silent]\n|-ability|p1b: Calyrex|Grim Neigh|boost\n|-boost|p1b: Calyrex|spa|1\n|-damage|p1b: Calyrex|63/100|[from] item: Life Orb\n|-curestatus|p2a: Lunala|slp|[msg]\n|move|p2a: Lunala|Moongeist Beam|p1b: Calyrex\n|-supereffective|p1b: Calyrex\n|-damage|p1b: Calyrex|0 fnt\n|faint|p1b: Calyrex\n|move|p1a: Brute Bonnet|Seed Bomb|p2a: Lunala\n|-damage|p2a: Lunala|48/100\n|\n|-heal|p2a: Lunala|54/100|[from] item: Leftovers\n|upkeep\n|\n|t:|1746049980\n|switch|p1b: Koraidon|Koraidon, L50|100/100\n|switch|p2b: Incineroar|Incineroar, L50, M|72/100\n|-weather|SunnyDay|[from] ability: Orichalcum Pulse|[of] p1b: Koraidon\n|-activate|p1a: Brute Bonnet|ability: Protosynthesis\n|-start|p1a: Brute Bonnet|protosynthesisdef\n|-activate|p1b: Koraidon|Orichalcum Pulse|[source]\n|-ability|p2b: Incineroar|Intimidate|boost\n|-unboost|p1a: Brute Bonnet|atk|1\n|-fail|p1b: Koraidon|unboost|[from] item: Clear Amulet|[of] p1b: Koraidon\n|turn|8\n|\n|t:|1746049994\n|move|p2b: Incineroar|Fake Out|p1b: Koraidon\n|-damage|p1b: Koraidon|92/100\n|cant|p1b: Koraidon|flinch\n|move|p2a: Lunala|Moongeist Beam|p1a: Brute Bonnet\n|-damage|p1a: Brute Bonnet|0 fnt\n|faint|p1a: Brute Bonnet\n|-end|p1a: Brute Bonnet|Protosynthesis|[silent]\n|\n|-weather|SunnyDay|[upkeep]\n|-heal|p2a: Lunala|60/100|[from] item: Leftovers\n|upkeep\n|\n|t:|1746050002\n|switch|p1a: Raging Bolt|Raging Bolt, L50|82/100\n|-activate|p1a: Raging Bolt|ability: Protosynthesis\n|-start|p1a: Raging Bolt|protosynthesisspa\n|turn|9\n|\n|t:|1746050011\n|switch|p2b: Kyogre|Kyogre, L50|100/100\n|-weather|RainDance|[from] ability: Drizzle|[of] p2b: Kyogre\n|-end|p1a: Raging Bolt|Protosynthesis\n|move|p1b: Koraidon|Flare Blitz|p2a: Lunala\n|-damage|p2a: Lunala|49/100\n|-damage|p1b: Koraidon|88/100|[from] Recoil\n|move|p2a: Lunala|Moonblast|p1b: Koraidon\n|-supereffective|p1b: Koraidon\n|-damage|p1b: Koraidon|0 fnt\n|faint|p1b: Koraidon\n|move|p1a: Raging Bolt|Electroweb|p2b: Kyogre|[spread] p2b\n|-miss|p1a: Raging Bolt|p2a: Lunala\n|-supereffective|p2b: Kyogre\n|-damage|p2b: Kyogre|72/100\n|-unboost|p2b: Kyogre|spe|1\n|\n|-weather|RainDance|[upkeep]\n|-heal|p2a: Lunala|55/100|[from] item: Leftovers\n|upkeep\n|turn|10\n|-message|the rial rondo forfeited.\n|\n|win|jony_vgc\n", "uploadtime": 1746050045, "views": 15, "formatid": "gen9vgc2025regibo3", "rating": null, "private": 0, "password": null}