{"id": "gen9vgc2025regibo3-2353681504", "format": "[Gen 9] VGC 2025 Reg I (Bo3)", "players": ["calciumnyl", "stanhoff"], "log": "|j|\u2606calciumnyl\n|j|\u2606stanhoff\n|html|<table width=\"100%\"><tr><td align=\"left\">calciumnyl</td><td align=\"right\">stanhoff</tr><tr><td align=\"left\"><i class=\"fa fa-circle-o\"></i> <i class=\"fa fa-circle-o\"></i> </td><td align=\"right\"><i class=\"fa fa-circle-o\"></i> <i class=\"fa fa-circle-o\"></i> </tr></table>\n|uhtml|bestof|<h2><strong>Game 1</strong> of <a href=\"/game-bestof3-gen9vgc2025regibo3-2353681503\">a best-of-3</a></h2>\n|t:|1745982914\n|gametype|doubles\n|player|p1|calciumnyl|kieran|1165\n|player|p2|stanhoff|falkner|1228\n|teamsize|p1|6\n|teamsize|p2|6\n|gen|9\n|tier|[Gen 9] VGC 2025 Reg I (Bo3)\n|rated|\n|rule|Species Clause: Limit one of each Pok\u00e9mon\n|rule|Item Clause: Limit 1 of each item\n|clearpoke\n|poke|p1|Zacian-*, L50|\n|poke|p1|Groudon, L50|\n|poke|p1|Mienshao, L50, M|\n|poke|p1|Raging Bolt, L50|\n|poke|p1|Incineroar, L50, F|\n|poke|p1|Flutter Mane, L50|\n|poke|p2|Calyrex-Shadow, L50|\n|poke|p2|Miraidon, L50|\n|poke|p2|Indeedee-F, L50, F|\n|poke|p2|Brute Bonnet, L50|\n|poke|p2|Iron Bundle, L50|\n|poke|p2|Sneasler, L50, M|\n|teampreview|4\n|showteam|p1|Zacian-Crowned||RustedSword|IntrepidSword|behemothblade,PlayRough,CloseCombat,Protect||||||50|,,,,,Ground]Groudon||AssaultVest|Drought|PrecipiceBlades,HeatCrash,HighHorsepower,ThunderPunch||||||50|,,,,,Fire]Mienshao||FocusSash|InnerFocus|FakeOut,WideGuard,Coaching,CloseCombat|||M|||50|,,,,,Steel]Raging Bolt||Magnet|Protosynthesis|Thunderclap,Thunderbolt,DracoMeteor,Protect||||||50|,,,,,Water]Incineroar||SafetyGoggles|Intimidate|FakeOut,PartingShot,FlareBlitz,KnockOff|||F|||50|,,,,,Ghost]Flutter Mane||BoosterEnergy|Protosynthesis|DazzlingGleam,ShadowBall,Moonblast,Protect||||||50|,,,,,Fairy\n|showteam|p2|Calyrex-Shadow||FocusSash|AsOneSpectrier|AstralBarrage,ExpandingForce,Disable,Protect||||||50|,,,,,Ghost]Miraidon||LifeOrb|HadronEngine|ElectroDrift,DracoMeteor,DazzlingGleam,Protect||||||50|,,,,,Fairy]Indeedee-F||PsychicSeed|PsychicSurge|FollowMe,AlluringVoice,TrickRoom,Imprison|||F|||50|,,,,,Fairy]Brute Bonnet||CovertCloak|Protosynthesis|Spore,SuckerPunch,SeedBomb,RagePowder||||||50|,,,,,Water]Iron Bundle||KingsRock|QuarkDrive|IcyWind,FreezeDry,Fling,Protect||||||50|,,,,,Grass]Sneasler||RazorFang|Unburden|FakeOut,Fling,CloseCombat,Protect|||M|||50|,,,,,Dark\n|inactive|Battle timer is ON: inactive players will automatically lose when time's up. (requested by calciumnyl)\n|inactive|calciumnyl has 60 seconds left.\n|\n|t:|1745982949\n|start\n|switch|p1a: High Jump Miss|Mienshao, L50, M|100/100\n|switch|p1b: Precimiss Blades|Groudon, L50|100/100\n|switch|p2a: Miraidon|Miraidon, L50|100/100\n|switch|p2b: Iron Bundle|Iron Bundle, L50|100/100\n|-fieldstart|move: Electric Terrain|[from] ability: Hadron Engine|[of] p2a: Miraidon\n|-activate|p2b: Iron Bundle|ability: Quark Drive\n|-start|p2b: Iron Bundle|quarkdrivespe\n|-weather|SunnyDay|[from] ability: Drought|[of] p1b: Precimiss Blades\n|turn|1\n|\n|t:|1745982967\n|-terastallize|p1b: Precimiss Blades|Fire\n|move|p2b: Iron Bundle|Protect|p2b: Iron Bundle\n|-singleturn|p2b: Iron Bundle|Protect\n|move|p2a: Miraidon|Protect|p2a: Miraidon\n|-singleturn|p2a: Miraidon|Protect\n|move|p1a: High Jump Miss|Coaching|p1b: Precimiss Blades\n|-boost|p1b: Precimiss Blades|atk|1\n|-boost|p1b: Precimiss Blades|def|1\n|move|p1b: Precimiss Blades|Precipice Blades|p2a: Miraidon|[spread] \n|-activate|p2a: Miraidon|move: Protect\n|-activate|p2b: Iron Bundle|move: Protect\n|\n|-weather|SunnyDay|[upkeep]\n|upkeep\n|turn|2\n|\n|t:|1745982985\n|-terastallize|p2a: Miraidon|Fairy\n|move|p2b: Iron Bundle|Fling|p1b: Precimiss Blades\n|-damage|p1b: Precimiss Blades|98/100\n|-enditem|p2b: Iron Bundle|King's Rock|[from] move: Fling\n|move|p2a: Miraidon|Dazzling Gleam|p1b: Precimiss Blades|[spread] p1a,p1b\n|-supereffective|p1a: High Jump Miss\n|-resisted|p1b: Precimiss Blades\n|-enditem|p1a: High Jump Miss|Focus Sash\n|-damage|p1a: High Jump Miss|1/100\n|-damage|p1b: Precimiss Blades|83/100\n|-damage|p2a: Miraidon|91/100|[from] item: Life Orb\n|move|p1a: High Jump Miss|Close Combat|p2a: Miraidon\n|-resisted|p2a: Miraidon\n|-damage|p2a: Miraidon|60/100\n|-unboost|p1a: High Jump Miss|def|1\n|-unboost|p1a: High Jump Miss|spd|1\n|cant|p1b: Precimiss Blades|flinch\n|\n|-weather|SunnyDay|[upkeep]\n|upkeep\n|turn|3\n|\n|t:|1745983006\n|move|p2b: Iron Bundle|Icy Wind|p1b: Precimiss Blades|[spread] p1a,p1b\n|-resisted|p1b: Precimiss Blades\n|-damage|p1a: High Jump Miss|0 fnt\n|-damage|p1b: Precimiss Blades|77/100\n|-unboost|p1b: Precimiss Blades|spe|1\n|faint|p1a: High Jump Miss\n|move|p2a: Miraidon|Electro Drift|p1b: Precimiss Blades\n|-damage|p1b: Precimiss Blades|6/100\n|-damage|p2a: Miraidon|50/100|[from] item: Life Orb\n|move|p1b: Precimiss Blades|Precipice Blades|p2b: Iron Bundle|[spread] p2a,p2b\n|-damage|p2a: Miraidon|0 fnt\n|-damage|p2b: Iron Bundle|7/100\n|faint|p2a: Miraidon\n|\n|-weather|SunnyDay|[upkeep]\n|upkeep\n|\n|t:|1745983021\n|switch|p2a: Calyrex|Calyrex-Shadow, L50|100/100\n|switch|p1a: Play Miss|Zacian-Crowned, L50|100/100\n|-ability|p2a: Calyrex|As One\n|-ability|p2a: Calyrex|Unnerve\n|-ability|p1a: Play Miss|Intrepid Sword|boost\n|-boost|p1a: Play Miss|atk|1\n|turn|4\n|inactive|stanhoff has 30 seconds left.\n|\n|t:|1745983050\n|move|p2b: Iron Bundle|Icy Wind|p1b: Precimiss Blades|[spread] p1a,p1b\n|-resisted|p1a: Play Miss\n|-resisted|p1b: Precimiss Blades\n|-damage|p1a: Play Miss|93/100\n|-damage|p1b: Precimiss Blades|1/100\n|-unboost|p1a: Play Miss|spe|1\n|-unboost|p1b: Precimiss Blades|spe|1\n|move|p2a: Calyrex|Astral Barrage|p1b: Precimiss Blades|[spread] p1a,p1b\n|-damage|p1a: Play Miss|50/100\n|-damage|p1b: Precimiss Blades|0 fnt\n|faint|p1b: Precimiss Blades\n|-ability|p2a: Calyrex|Grim Neigh|boost\n|-boost|p2a: Calyrex|spa|1\n|move|p1a: Play Miss|Behemoth Blade|p2b: Iron Bundle\n|-damage|p2b: Iron Bundle|0 fnt\n|faint|p2b: Iron Bundle\n|-end|p2b: Iron Bundle|Quark Drive|[silent]\n|\n|-weather|SunnyDay|[upkeep]\n|upkeep\n|\n|t:|1745983063\n|switch|p2b: Brute Bonnet|Brute Bonnet, L50|100/100\n|switch|p1b: Icy Miss|Flutter Mane, L50|100/100\n|-activate|p1b: Icy Miss|ability: Protosynthesis\n|-start|p1b: Icy Miss|protosynthesisspe\n|-activate|p2b: Brute Bonnet|ability: Protosynthesis\n|-start|p2b: Brute Bonnet|protosynthesisdef\n|turn|5\n|\n|t:|1745983077\n|move|p1b: Icy Miss|Protect|p1b: Icy Miss\n|-singleturn|p1b: Icy Miss|Protect\n|move|p1a: Play Miss|Protect|p1a: Play Miss\n|-singleturn|p1a: Play Miss|Protect\n|move|p2b: Brute Bonnet|Rage Powder|p2b: Brute Bonnet\n|-singleturn|p2b: Brute Bonnet|move: Rage Powder\n|move|p2a: Calyrex|Astral Barrage|p1b: Icy Miss|[spread] \n|-activate|p1a: Play Miss|move: Protect\n|-activate|p1b: Icy Miss|move: Protect\n|\n|-weather|none\n|-end|p1b: Icy Miss|Protosynthesis\n|-end|p2b: Brute Bonnet|Protosynthesis\n|-fieldend|move: Electric Terrain\n|upkeep\n|-enditem|p1b: Icy Miss|Booster Energy\n|-activate|p1b: Icy Miss|ability: Protosynthesis|[fromitem]\n|-start|p1b: Icy Miss|protosynthesisspe\n|turn|6\n|\n|t:|1745983084\n|move|p2b: Brute Bonnet|Rage Powder|p2b: Brute Bonnet\n|-singleturn|p2b: Brute Bonnet|move: Rage Powder\n|move|p1b: Icy Miss|Dazzling Gleam|p2b: Brute Bonnet|[spread] p2a,p2b\n|-supereffective|p2b: Brute Bonnet\n|-damage|p2a: Calyrex|68/100\n|-damage|p2b: Brute Bonnet|51/100\n|move|p2a: Calyrex|Astral Barrage|p1a: Play Miss|[spread] p1a,p1b\n|-supereffective|p1b: Icy Miss\n|-damage|p1a: Play Miss|0 fnt\n|-damage|p1b: Icy Miss|0 fnt\n|faint|p1a: Play Miss\n|faint|p1b: Icy Miss\n|-end|p1b: Icy Miss|Protosynthesis|[silent]\n|\n|win|stanhoff\n||calciumnyl is ready for game 2.\n|l|\u2606calciumnyl\n|player|p1|\n|inactive|stanhoff has 30 seconds to confirm battle start!\n||stanhoff is ready for game 2.\n|uhtml|next|Next: <a href=\"/battle-gen9vgc2025regibo3-2353682877\"><strong>Game 2 of 3</strong></a>\n", "uploadtime": 1745983397, "views": 13, "formatid": "gen9vgc2025regibo3", "rating": null, "private": 0, "password": null}