{"id": "gen9vgc2025regibo3-2353482467", "format": "[Gen 9] VGC 2025 Reg I (Bo3)", "players": ["Fenozi", "Mortimerd"], "log": "|j|\u2606Fenozi\n|j|\u2606Mortimerd\n|html|<table width=\"100%\"><tr><td align=\"left\">Fenozi</td><td align=\"right\">Mortimerd</tr><tr><td align=\"left\"><i class=\"fa fa-circle-o\"></i> <i class=\"fa fa-circle-o\"></i> </td><td align=\"right\"><i class=\"fa fa-circle-o\"></i> <i class=\"fa fa-circle-o\"></i> </tr></table>\n|uhtml|bestof|<h2><strong>Game 1</strong> of <a href=\"/game-bestof3-gen9vgc2025regibo3-2353482466\">a best-of-3</a></h2>\n|t:|1745960081\n|gametype|doubles\n|player|p1|Fenozi|veteran|1171\n|player|p2|Mortimerd|1|1177\n|teamsize|p1|6\n|teamsize|p2|6\n|gen|9\n|tier|[Gen 9] VGC 2025 Reg I (Bo3)\n|rated|\n|rule|Species Clause: Limit one of each Pok\u00e9mon\n|rule|Item Clause: Limit 1 of each item\n|clearpoke\n|poke|p1|Calyrex-Shadow, L50|\n|poke|p1|Terapagos, L50, M|\n|poke|p1|Rillaboom, L50, F|\n|poke|p1|Incineroar, L50, F|\n|poke|p1|Ogerpon-Hearthflame, L50, F|\n|poke|p1|Urshifu-*, L50, F|\n|poke|p2|Zamazenta-*, L50|\n|poke|p2|Grimmsnarl, L50, M|\n|poke|p2|Calyrex-Shadow, L50|\n|poke|p2|Amoonguss, L50, F|\n|poke|p2|Raging Bolt, L50|\n|poke|p2|Urshifu-*, L50, F|\n|teampreview|4\n|showteam|p1|Calyrex-Shadow||LifeOrb|AsOneSpectrier|AstralBarrage,Psychic,Encore,Protect||||||50|,,,,,Normal]Terapagos||Leftovers|TeraShift|CalmMind,Protect,TeraStarstorm,EarthPower|||M|||50|,,,,,Stellar]Rillaboom||AssaultVest|GrassySurge|Uturn,GrassyGlide,WoodHammer,FakeOut|||F|||50|,,,,,Water]Incineroar||RockyHelmet|Intimidate|WillOWisp,KnockOff,FakeOut,PartingShot|||F|||50|,,,,,Ghost]Ogerpon-Hearthflame||HearthflameMask|MoldBreaker|IvyCudgel,GrassyGlide,FollowMe,SpikyShield|||F|||50|,,,,,Fire]Urshifu-Rapid-Strike||ChoiceScarf|UnseenFist|SurgingStrikes,CloseCombat,Uturn,AquaJet|||F|||50|,,,,,Water\n|showteam|p2|Zamazenta-Crowned||RustedShield|DauntlessShield|HeavySlam,BodyPress,WideGuard,Protect||||||50|,,,,,Dragon]Grimmsnarl||LightClay|Prankster|Reflect,LightScreen,FoulPlay,ThunderWave|||M|||50|,,,,,Ghost]Calyrex-Shadow||CovertCloak|AsOneSpectrier|AstralBarrage,DrainingKiss,CalmMind,Protect||||||50|,,,,,Fairy]Amoonguss||RockyHelmet|EffectSpore|RagePowder,Spore,PollenPuff,Protect|||F|||50|,,,,,Water]Raging Bolt||AssaultVest|Protosynthesis|Thunderbolt,Thunderclap,Electroweb,DragonPulse||||||50|,,,,,Electric]Urshifu-Rapid-Strike||FocusSash|UnseenFist|SurgingStrikes,CloseCombat,Taunt,Protect|||F|||50|,,,,,Water\n|inactive|Battle timer is ON: inactive players will automatically lose when time's up. (requested by Fenozi)\n|inactive|Fenozi has 60 seconds left.\n|inactive|Mortimerd has 60 seconds left.\n|\n|t:|1745960122\n|start\n|switch|p1a: Calyrex|Calyrex-Shadow, L50|100/100\n|switch|p1b: Incineroar|Incineroar, L50, F|100/100\n|switch|p2a: Grimmsnarl|Grimmsnarl, L50, M|100/100\n|switch|p2b: Calyrex|Calyrex-Shadow, L50|100/100\n|-ability|p1a: Calyrex|As One\n|-ability|p1a: Calyrex|Unnerve\n|-ability|p2b: Calyrex|As One\n|-ability|p2b: Calyrex|Unnerve\n|-ability|p1b: Incineroar|Intimidate|boost\n|-unboost|p2a: Grimmsnarl|atk|1\n|-unboost|p2b: Calyrex|atk|1\n|turn|1\n|\n|t:|1745960142\n|-terastallize|p2b: Calyrex|Fairy\n|move|p1b: Incineroar|Fake Out|p2a: Grimmsnarl\n|-damage|p2a: Grimmsnarl|91/100\n|cant|p2a: Grimmsnarl|flinch\n|move|p1a: Calyrex|Astral Barrage|p2b: Calyrex|[spread] p2a,p2b\n|-resisted|p2a: Grimmsnarl\n|-crit|p2b: Calyrex\n|-damage|p2a: Grimmsnarl|58/100\n|-damage|p2b: Calyrex|8/100\n|-damage|p1a: Calyrex|91/100|[from] item: Life Orb\n|move|p2b: Calyrex|Calm Mind|p2b: Calyrex\n|-boost|p2b: Calyrex|spa|1\n|-boost|p2b: Calyrex|spd|1\n|\n|upkeep\n|turn|2\n|\n|t:|1745960166\n|-terastallize|p1a: Calyrex|Normal\n|move|p2b: Calyrex|Protect|p2b: Calyrex\n|-singleturn|p2b: Calyrex|Protect\n|move|p2a: Grimmsnarl|Light Screen|p2a: Grimmsnarl\n|-sidestart|p2: Mortimerd|move: Light Screen\n|move|p1a: Calyrex|Astral Barrage|p2a: Grimmsnarl|[spread] p2a\n|-activate|p2b: Calyrex|move: Protect\n|-resisted|p2a: Grimmsnarl\n|-damage|p2a: Grimmsnarl|35/100\n|-damage|p1a: Calyrex|82/100|[from] item: Life Orb\n|move|p1b: Incineroar|Knock Off|p2a: Grimmsnarl\n|-resisted|p2a: Grimmsnarl\n|-damage|p2a: Grimmsnarl|26/100\n|-enditem|p2a: Grimmsnarl|Light Clay|[from] move: Knock Off|[of] p1b: Incineroar\n|\n|upkeep\n|turn|3\n|inactive|Fenozi has 30 seconds left.\n|inactive|Fenozi has 20 seconds left.\n|inactive|Fenozi has 15 seconds left.\n|inactive|Fenozi has 10 seconds left.\n|\n|t:|1745960216\n|move|p2a: Grimmsnarl|Thunder Wave|p1a: Calyrex\n|-status|p1a: Calyrex|par\n|move|p2b: Calyrex|Draining Kiss|p1a: Calyrex\n|-damage|p1a: Calyrex|32/100 par\n|-heal|p2b: Calyrex|41/100|[from] drain|[of] p1a: Calyrex\n|move|p1a: Calyrex|Astral Barrage|p2a: Grimmsnarl|[spread] p2a,p2b\n|-resisted|p2a: Grimmsnarl\n|-damage|p2a: Grimmsnarl|5/100\n|-damage|p2b: Calyrex|15/100\n|-damage|p1a: Calyrex|23/100 par|[from] item: Life Orb\n|move|p1b: Incineroar|Parting Shot|p2a: Grimmsnarl\n|-unboost|p2a: Grimmsnarl|atk|1\n|-unboost|p2a: Grimmsnarl|spa|1\n|\n|t:|1745960233\n|switch|p1b: Rillaboom|Rillaboom, L50, F|100/100|[from] Parting Shot\n|-fieldstart|move: Grassy Terrain|[from] ability: Grassy Surge|[of] p1b: Rillaboom\n|\n|-heal|p2b: Calyrex|21/100|[from] Grassy Terrain\n|-heal|p1a: Calyrex|29/100 par|[from] Grassy Terrain\n|-heal|p2a: Grimmsnarl|11/100|[from] Grassy Terrain\n|upkeep\n|turn|4\n|\n|t:|1745960252\n|switch|p1a: Incineroar|Incineroar, L50, F|100/100\n|-ability|p1a: Incineroar|Intimidate|boost\n|-unboost|p2a: Grimmsnarl|atk|1\n|-unboost|p2b: Calyrex|atk|1\n|move|p2b: Calyrex|Protect|p2b: Calyrex\n|-singleturn|p2b: Calyrex|Protect\n|move|p2a: Grimmsnarl|Thunder Wave|p1b: Rillaboom\n|-status|p1b: Rillaboom|par\n|move|p1b: Rillaboom|U-turn|p2a: Grimmsnarl\n|-damage|p2a: Grimmsnarl|0 fnt\n|faint|p2a: Grimmsnarl\n|\n|t:|1745960265\n|switch|p1b: Terapagos|Terapagos, L50, M|100/100|[from] U-turn\n|-activate|p1b: Terapagos|ability: Tera Shift\n|detailschange|p1b: Terapagos|Terapagos-Terastal, L50, M\n|-heal|p1b: Terapagos|100/100|[silent]\n|\n|-heal|p2b: Calyrex|27/100|[from] Grassy Terrain\n|upkeep\n|\n|t:|1745960270\n|switch|p2a: Amoonguss|Amoonguss, L50, F|100/100\n|turn|5\n|\n|t:|1745960282\n|move|p1a: Incineroar|Fake Out|p2a: Amoonguss\n|-damage|p2a: Amoonguss|91/100\n|-damage|p1a: Incineroar|84/100|[from] item: Rocky Helmet|[of] p2a: Amoonguss\n|move|p2b: Calyrex|Draining Kiss|p1b: Terapagos\n|-activate|p1b: Terapagos|ability: Tera Shell\n|-resisted|p1b: Terapagos\n|-damage|p1b: Terapagos|78/100\n|-heal|p2b: Calyrex|44/100|[from] drain|[of] p1b: Terapagos\n|move|p1b: Terapagos|Tera Starstorm|p2b: Calyrex\n|-damage|p2b: Calyrex|25/100\n|cant|p2a: Amoonguss|flinch\n|\n|-heal|p2b: Calyrex|31/100|[from] Grassy Terrain\n|-heal|p1b: Terapagos|84/100|[from] Grassy Terrain\n|-heal|p1b: Terapagos|90/100|[from] item: Leftovers\n|-heal|p1a: Incineroar|90/100|[from] Grassy Terrain\n|-heal|p2a: Amoonguss|96/100|[from] Grassy Terrain\n|upkeep\n|turn|6\n|inactive|Fenozi has 30 seconds left.\n|inactive|Fenozi has 20 seconds left.\n|inactive|Fenozi has 15 seconds left.\n|\n|t:|1745960324\n|move|p2b: Calyrex|Calm Mind|p2b: Calyrex\n|-boost|p2b: Calyrex|spa|1\n|-boost|p2b: Calyrex|spd|1\n|move|p1b: Terapagos|Calm Mind|p1b: Terapagos\n|-boost|p1b: Terapagos|spa|1\n|-boost|p1b: Terapagos|spd|1\n|move|p1a: Incineroar|Parting Shot|p2b: Calyrex\n|-unboost|p2b: Calyrex|atk|1\n|-unboost|p2b: Calyrex|spa|1\n|\n|t:|1745960333\n|switch|p1a: Rillaboom|Rillaboom, L50, F|100/100 par|[from] Parting Shot\n|move|p2a: Amoonguss|Pollen Puff|p2b: Calyrex\n|-heal|p2b: Calyrex|81/100\n|\n|-heal|p2b: Calyrex|87/100|[from] Grassy Terrain\n|-heal|p1b: Terapagos|96/100|[from] Grassy Terrain\n|-heal|p1b: Terapagos|100/100|[from] item: Leftovers\n|-heal|p2a: Amoonguss|100/100|[from] Grassy Terrain\n|upkeep\n|turn|7\n|\n|t:|1745960350\n|move|p2b: Calyrex|Calm Mind|p2b: Calyrex\n|-boost|p2b: Calyrex|spa|1\n|-boost|p2b: Calyrex|spd|1\n|move|p1b: Terapagos|Tera Starstorm|p2b: Calyrex\n|-damage|p2b: Calyrex|70/100\n|move|p1a: Rillaboom|Wood Hammer|p2b: Calyrex\n|-damage|p2b: Calyrex|0 fnt\n|faint|p2b: Calyrex\n|-damage|p1a: Rillaboom|77/100 par|[from] Recoil\n|move|p2a: Amoonguss|Spore|p1b: Terapagos\n|-status|p1b: Terapagos|slp|[from] move: Spore\n|\n|-heal|p1a: Rillaboom|83/100 par|[from] Grassy Terrain\n|-fieldend|move: Grassy Terrain\n|upkeep\n|\n|t:|1745960360\n|switch|p2b: Zamazenta|Zamazenta-Crowned, L50|100/100\n|-ability|p2b: Zamazenta|Dauntless Shield|boost\n|-boost|p2b: Zamazenta|def|1\n|turn|8\n|inactive|Fenozi has 30 seconds left.\n|\n|t:|1745960391\n|move|p2b: Zamazenta|Body Press|p1a: Rillaboom\n|-damage|p1a: Rillaboom|15/100 par\n|cant|p1b: Terapagos|slp\n|move|p1a: Rillaboom|U-turn|p2b: Zamazenta\n|-resisted|p2b: Zamazenta\n|-damage|p2b: Zamazenta|98/100\n|\n|t:|1745960398\n|switch|p1a: Incineroar|Incineroar, L50, F|90/100|[from] U-turn\n|-ability|p1a: Incineroar|Intimidate|boost\n|-unboost|p2a: Amoonguss|atk|1\n|-unboost|p2b: Zamazenta|atk|1\n|move|p2a: Amoonguss|Pollen Puff|p1b: Terapagos\n|-activate|p1b: Terapagos|ability: Tera Shell\n|-resisted|p1b: Terapagos\n|-damage|p1b: Terapagos|96/100 slp\n|\n|-heal|p1b: Terapagos|100/100 slp|[from] item: Leftovers\n|upkeep\n|turn|9\n|\n|t:|1745960420\n|move|p1a: Incineroar|Fake Out|p2b: Zamazenta\n|-resisted|p2b: Zamazenta\n|-damage|p2b: Zamazenta|96/100\n|cant|p2b: Zamazenta|flinch\n|cant|p1b: Terapagos|slp\n|move|p2a: Amoonguss|Spore|p1a: Incineroar\n|-status|p1a: Incineroar|slp|[from] move: Spore\n|\n|-sideend|p2: Mortimerd|move: Light Screen\n|upkeep\n|turn|10\n|\n|t:|1745960440\n|switch|p1a: Rillaboom|Rillaboom, L50, F|15/100 par\n|-fieldstart|move: Grassy Terrain|[from] ability: Grassy Surge|[of] p1a: Rillaboom\n|move|p2b: Zamazenta|Body Press|p1b: Terapagos\n|-activate|p1b: Terapagos|ability: Tera Shell\n|-resisted|p1b: Terapagos\n|-damage|p1b: Terapagos|78/100 slp\n|cant|p1b: Terapagos|slp\n|move|p2a: Amoonguss|Spore|p1b: Terapagos\n|-fail|p1b: Terapagos|slp\n|\n|-heal|p2b: Zamazenta|100/100|[from] Grassy Terrain\n|-heal|p1b: Terapagos|84/100 slp|[from] Grassy Terrain\n|-heal|p1b: Terapagos|91/100 slp|[from] item: Leftovers\n|-heal|p1a: Rillaboom|20/100 par|[from] Grassy Terrain\n|upkeep\n|turn|11\n|inactive|Fenozi has 30 seconds left.\n|\n|t:|1745960471\n|move|p2b: Zamazenta|Protect|p2b: Zamazenta\n|-singleturn|p2b: Zamazenta|Protect\n|move|p1a: Rillaboom|Fake Out|p2b: Zamazenta\n|-activate|p2b: Zamazenta|move: Protect\n|-curestatus|p1b: Terapagos|slp|[msg]\n|move|p1b: Terapagos|Tera Starstorm|p2a: Amoonguss\n|-damage|p2a: Amoonguss|47/100\n|move|p2a: Amoonguss|Spore|p1b: Terapagos\n|-status|p1b: Terapagos|slp|[from] move: Spore\n|\n|-heal|p1b: Terapagos|97/100 slp|[from] Grassy Terrain\n|-heal|p1b: Terapagos|100/100 slp|[from] item: Leftovers\n|-heal|p1a: Rillaboom|26/100 par|[from] Grassy Terrain\n|-heal|p2a: Amoonguss|53/100|[from] Grassy Terrain\n|upkeep\n|turn|12\n|inactive|Fenozi has 30 seconds left.\n|\n|t:|1745960505\n|move|p2b: Zamazenta|Body Press|p1b: Terapagos\n|-activate|p1b: Terapagos|ability: Tera Shell\n|-resisted|p1b: Terapagos\n|-damage|p1b: Terapagos|77/100 slp\n|cant|p1b: Terapagos|slp\n|move|p1a: Rillaboom|Wood Hammer|p2a: Amoonguss\n|-resisted|p2a: Amoonguss\n|-damage|p2a: Amoonguss|35/100\n|-damage|p1a: Rillaboom|10/100 par|[from] item: Rocky Helmet|[of] p2a: Amoonguss\n|-damage|p1a: Rillaboom|3/100 par|[from] Recoil\n|move|p2a: Amoonguss|Pollen Puff|p1a: Rillaboom\n|-supereffective|p1a: Rillaboom\n|-damage|p1a: Rillaboom|0 fnt\n|faint|p1a: Rillaboom\n|\n|-heal|p1b: Terapagos|83/100 slp|[from] Grassy Terrain\n|-heal|p1b: Terapagos|90/100 slp|[from] item: Leftovers\n|-heal|p2a: Amoonguss|41/100|[from] Grassy Terrain\n|upkeep\n|\n|t:|1745960510\n|switch|p1a: Calyrex|Calyrex-Shadow, L50, tera:Normal|29/100 par\n|-ability|p1a: Calyrex|As One\n|-ability|p1a: Calyrex|Unnerve\n|turn|13\n|\n|t:|1745960530\n|move|p2b: Zamazenta|Body Press|p1a: Calyrex\n|-supereffective|p1a: Calyrex\n|-damage|p1a: Calyrex|0 fnt\n|faint|p1a: Calyrex\n|cant|p1b: Terapagos|slp\n|move|p2a: Amoonguss|Pollen Puff|p2b: Zamazenta\n|\n|-heal|p1b: Terapagos|96/100 slp|[from] Grassy Terrain\n|-heal|p1b: Terapagos|100/100 slp|[from] item: Leftovers\n|-heal|p2a: Amoonguss|47/100|[from] Grassy Terrain\n|upkeep\n|\n|t:|1745960533\n|switch|p1a: Incineroar|Incineroar, L50, F|90/100 slp\n|-ability|p1a: Incineroar|Intimidate|boost\n|-unboost|p2a: Amoonguss|atk|1\n|-unboost|p2b: Zamazenta|atk|1\n|turn|14\n|\n|t:|1745960545\n|cant|p1a: Incineroar|slp\n|move|p2a: Amoonguss|Rage Powder|p2a: Amoonguss\n|-singleturn|p2a: Amoonguss|move: Rage Powder\n|move|p2b: Zamazenta|Body Press|p1b: Terapagos\n|-activate|p1b: Terapagos|ability: Tera Shell\n|-resisted|p1b: Terapagos\n|-damage|p1b: Terapagos|75/100 slp\n|cant|p1b: Terapagos|slp\n|\n|-heal|p1b: Terapagos|81/100 slp|[from] Grassy Terrain\n|-heal|p1b: Terapagos|88/100 slp|[from] item: Leftovers\n|-heal|p1a: Incineroar|96/100 slp|[from] Grassy Terrain\n|-heal|p2a: Amoonguss|53/100|[from] Grassy Terrain\n|-fieldend|move: Grassy Terrain\n|upkeep\n|turn|15\n|\n|t:|1745960571\n|-curestatus|p1b: Terapagos|slp|[msg]\n|move|p1b: Terapagos|Protect|p1b: Terapagos\n|-singleturn|p1b: Terapagos|Protect\n|move|p2a: Amoonguss|Rage Powder|p2a: Amoonguss\n|-singleturn|p2a: Amoonguss|move: Rage Powder\n|move|p2b: Zamazenta|Body Press|p1b: Terapagos\n|-activate|p1b: Terapagos|move: Protect\n|cant|p1a: Incineroar|slp\n|\n|-heal|p1b: Terapagos|94/100|[from] item: Leftovers\n|upkeep\n|turn|16\n|\n|t:|1745960591\n|move|p2a: Amoonguss|Rage Powder|p2a: Amoonguss\n|-singleturn|p2a: Amoonguss|move: Rage Powder\n|move|p2b: Zamazenta|Body Press|p1b: Terapagos\n|-supereffective|p1b: Terapagos\n|-damage|p1b: Terapagos|3/100\n|move|p1b: Terapagos|Tera Starstorm|p2a: Amoonguss\n|-crit|p2a: Amoonguss\n|-damage|p2a: Amoonguss|0 fnt\n|faint|p2a: Amoonguss\n|-curestatus|p1a: Incineroar|slp|[msg]\n|move|p1a: Incineroar|Will-O-Wisp|p2b: Zamazenta\n|-status|p2b: Zamazenta|brn\n|\n|-heal|p1b: Terapagos|9/100|[from] item: Leftovers\n|-damage|p2b: Zamazenta|94/100 brn|[from] brn\n|upkeep\n|turn|17\n|inactive|Fenozi has 30 seconds left.\n|inactive|Fenozi has 20 seconds left.\n|\n|t:|1745960613\n|move|p1b: Terapagos|Protect|p1b: Terapagos\n|-singleturn|p1b: Terapagos|Protect\n|move|p2b: Zamazenta|Body Press|p1a: Incineroar\n|-supereffective|p1a: Incineroar\n|-crit|p1a: Incineroar\n|-damage|p1a: Incineroar|15/100\n|-damage|p2b: Zamazenta|78/100 brn|[from] item: Rocky Helmet|[of] p1a: Incineroar\n|move|p1a: Incineroar|Knock Off|p2b: Zamazenta\n|-resisted|p2b: Zamazenta\n|-damage|p2b: Zamazenta|73/100 brn\n|\n|-heal|p1b: Terapagos|15/100|[from] item: Leftovers\n|-damage|p2b: Zamazenta|67/100 brn|[from] brn\n|upkeep\n|turn|18\n|inactive|Fenozi has 20 seconds left this turn.\n|inactive|Fenozi has 15 seconds left.\n|inactive|Fenozi has 10 seconds left.\n|inactive|Fenozi has 5 seconds left.\n|\n|t:|1745960631\n|move|p2b: Zamazenta|Body Press|p1b: Terapagos\n|-supereffective|p1b: Terapagos\n|-damage|p1b: Terapagos|0 fnt\n|faint|p1b: Terapagos\n|move|p1a: Incineroar|Parting Shot|p2b: Zamazenta\n|-unboost|p2b: Zamazenta|atk|1\n|-unboost|p2b: Zamazenta|spa|1\n|\n|-damage|p2b: Zamazenta|61/100 brn|[from] brn\n|upkeep\n|turn|19\n|inactive|Fenozi has 5 seconds left this turn.\n|-message|Fenozi lost due to inactivity.\n|\n|win|Mortimerd\n||Fenozi is ready for game 2.\n||Mortimerd is ready for game 2.\n|uhtml|next|Next: <a href=\"/battle-gen9vgc2025regibo3-2353488202\"><strong>Game 2 of 3</strong></a>\n", "uploadtime": 1745961061, "views": 21, "formatid": "gen9vgc2025regibo3", "rating": null, "private": 0, "password": null}