{"id": "gen9vgc2025regibo3-2354751086", "format": "[Gen 9] VGC 2025 Reg I (Bo3)", "players": ["Untamedshane", "Trigli"], "log": "|j|\u2606Untamedshane\n|j|\u2606Trigli\n|html|<table width=\"100%\"><tr><td align=\"left\">Untamedshane</td><td align=\"right\">Trigli</tr><tr><td align=\"left\"><i class=\"fa fa-circle\"></i> <i class=\"fa fa-circle-o\"></i> </td><td align=\"right\"><i class=\"fa fa-circle-o\"></i> <i class=\"fa fa-circle\"></i> </tr></table>\n|uhtml|bestof|<h2><strong>Game 3</strong> of <a href=\"/game-bestof3-gen9vgc2025regibo3-2354747264\">a best-of-3</a></h2>\n|t:|1746116547\n|gametype|doubles\n|player|p1|Untamedshane|sage|1152\n|player|p2|Trigli|1|1225\n|teamsize|p1|6\n|teamsize|p2|6\n|gen|9\n|tier|[Gen 9] VGC 2025 Reg I (Bo3)\n|rated|\n|rule|Species Clause: Limit one of each Pok\u00e9mon\n|rule|Item Clause: Limit 1 of each item\n|clearpoke\n|poke|p1|Calyrex-Ice, L50|\n|poke|p1|Regieleki, L50|\n|poke|p1|Hawlucha, L50, F|\n|poke|p1|Oranguru, L50, F|\n|poke|p1|Mimikyu, L50, M|\n|poke|p1|Palkia-Origin, L50|\n|poke|p2|Calyrex-Shadow, L50|\n|poke|p2|Ho-Oh, L50|\n|poke|p2|Rillaboom, L50, F|\n|poke|p2|Incineroar, L50, F|\n|poke|p2|Urshifu-*, L50, F|\n|poke|p2|Scream Tail, L50|\n|teampreview|4\n|showteam|p1|Calyrex-Ice||CovertCloak|AsOneGlastrier|GlacialLance,TrickRoom,HighHorsepower,Protect||||||50|,,,,,Ice]Regieleki||LifeOrb|Transistor|Explosion,SupercellSlam,Acrobatics,Protect||||||50|,,,,,Normal]Hawlucha||WeaknessPolicy|Unburden|CloseCombat,TeraBlast,Protect,Acrobatics|||F|||50|,,,,,Ghost]Oranguru||MentalHerb|Telepathy|Instruct,TrickRoom,Protect,EnergyBall|||F|||50|,,,,,Grass]Mimikyu||SafetyGoggles|Disguise|ShadowSneak,TrickRoom,Substitute,Taunt|||M|||50|,,,,,Steel]Palkia-Origin||LustrousGlobe|Telepathy|SpacialRend,Protect,FireBlast,HydroPump||||||50|,,,,,Water\n|showteam|p2|Calyrex-Shadow||Leftovers|AsOneSpectrier|AstralBarrage,DrainingKiss,NastyPlot,Protect||||||50|,,,,,Fairy]Ho-Oh||ClearAmulet|Regenerator|BraveBird,SacredFire,Tailwind,Protect||||||50|,,,,,Grass]Rillaboom||AssaultVest|GrassySurge|WoodHammer,GrassyGlide,Uturn,FakeOut|||F|||50|,,,,,Fire]Incineroar||SafetyGoggles|Intimidate|KnockOff,FakeOut,PartingShot,Taunt|||F|||50|,,,,,Ghost]Urshifu-Rapid-Strike||FocusSash|UnseenFist|SurgingStrikes,CloseCombat,AquaJet,Protect|||F|||50|,,,,,Stellar]Scream Tail||BoosterEnergy|Protosynthesis|DazzlingGleam,Encore,Disable,Protect||||||50|,,,,,Grass\n|c|\u2606Untamedshane|may the best team win\n|c|\u2606Trigli|:-)\n|\n|t:|1746116607\n|start\n|switch|p1a: Regitechi|Regieleki, L50|100/100\n|switch|p1b: ooOO oo00|Oranguru, L50, F|100/100\n|switch|p2a: Ho-Oh|Ho-Oh, L50|100/100\n|switch|p2b: Incineroar|Incineroar, L50, F|100/100\n|-ability|p2b: Incineroar|Intimidate|boost\n|-unboost|p1a: Regitechi|atk|1\n|-unboost|p1b: ooOO oo00|atk|1\n|turn|1\n|\n|t:|1746116635\n|move|p2b: Incineroar|Fake Out|p1a: Regitechi\n|-damage|p1a: Regitechi|79/100\n|cant|p1a: Regitechi|flinch\n|move|p2a: Ho-Oh|Sacred Fire|p1b: ooOO oo00\n|-damage|p1b: ooOO oo00|58/100\n|move|p1b: ooOO oo00|Trick Room|p1b: ooOO oo00\n|-fieldstart|move: Trick Room|[of] p1b: ooOO oo00\n|\n|upkeep\n|turn|2\n|\n|t:|1746116649\n|switch|p2a: Calyrex|Calyrex-Shadow, L50|100/100\n|-ability|p2a: Calyrex|As One\n|-ability|p2a: Calyrex|Unnerve\n|move|p1b: ooOO oo00|Instruct||[still]\n|-fail|p1b: ooOO oo00\n|move|p2b: Incineroar|Parting Shot|p1a: Regitechi\n|-unboost|p1a: Regitechi|atk|1\n|-unboost|p1a: Regitechi|spa|1\n|\n|t:|1746116662\n|switch|p2b: Ho-Oh|Ho-Oh, L50|100/100|[from] Parting Shot\n|move|p1a: Regitechi|Explosion|p2b: Ho-Oh|[spread] p2b\n|-activate|p1b: ooOO oo00|ability: Telepathy\n|-immune|p2a: Calyrex\n|-damage|p2b: Ho-Oh|66/100\n|faint|p1a: Regitechi\n|\n|upkeep\n|\n|t:|1746116668\n|switch|p1a: Berrt|Calyrex-Ice, L50|100/100\n|-ability|p1a: Berrt|As One\n|-ability|p1a: Berrt|Unnerve\n|turn|3\n|\n|t:|1746116676\n|switch|p2a: Incineroar|Incineroar, L50, F|100/100\n|-ability|p2a: Incineroar|Intimidate|boost\n|-unboost|p1a: Berrt|atk|1\n|-unboost|p1b: ooOO oo00|atk|1\n|-terastallize|p1a: Berrt|Ice\n|move|p1a: Berrt|Glacial Lance|p2a: Incineroar|[spread] p2a,p2b\n|-resisted|p2a: Incineroar\n|-damage|p2a: Incineroar|78/100\n|-damage|p2b: Ho-Oh|20/100\n|move|p1b: ooOO oo00|Instruct|p1a: Berrt\n|-singleturn|p1a: Berrt|move: Instruct|[of] p1b: ooOO oo00\n|move|p1a: Berrt|Glacial Lance|p2b: Ho-Oh|[spread] p2a,p2b\n|-resisted|p2a: Incineroar\n|-damage|p2a: Incineroar|55/100\n|-damage|p2b: Ho-Oh|0 fnt\n|faint|p2b: Ho-Oh\n|-ability|p1a: Berrt|Chilling Neigh|boost\n|-boost|p1a: Berrt|atk|1\n|\n|upkeep\n|\n|t:|1746116696\n|switch|p2b: Calyrex|Calyrex-Shadow, L50|100/100\n|-ability|p2b: Calyrex|As One\n|-ability|p2b: Calyrex|Unnerve\n|turn|4\n|\n|t:|1746116710\n|move|p2a: Incineroar|Fake Out|p1b: ooOO oo00\n|-damage|p1b: ooOO oo00|50/100\n|move|p1a: Berrt|Glacial Lance|p2a: Incineroar|[spread] p2a,p2b\n|-resisted|p2a: Incineroar\n|-damage|p2a: Incineroar|15/100\n|-damage|p2b: Calyrex|23/100\n|cant|p1b: ooOO oo00|flinch\n|move|p2b: Calyrex|Nasty Plot|p2b: Calyrex\n|-boost|p2b: Calyrex|spa|2\n|\n|-heal|p2b: Calyrex|29/100|[from] item: Leftovers\n|upkeep\n|turn|5\n|\n|t:|1746116729\n|move|p2b: Calyrex|Protect|p2b: Calyrex\n|-singleturn|p2b: Calyrex|Protect\n|move|p2a: Incineroar|Taunt|p1b: ooOO oo00\n|-start|p1b: ooOO oo00|move: Taunt\n|-enditem|p1b: ooOO oo00|Mental Herb\n|-end|p1b: ooOO oo00|move: Taunt\n|move|p1a: Berrt|Trick Room|p1a: Berrt\n|-fieldend|move: Trick Room\n|move|p1b: ooOO oo00|Trick Room|p1b: ooOO oo00\n|-fieldstart|move: Trick Room|[of] p1b: ooOO oo00\n|\n|-heal|p2b: Calyrex|35/100|[from] item: Leftovers\n|upkeep\n|turn|6\n|c|\u2606Trigli|gg\n|c|\u2606Untamedshane|gg mate\n|\n|t:|1746116746\n|move|p1a: Berrt|Glacial Lance|p2b: Calyrex|[spread] p2a,p2b\n|-resisted|p2a: Incineroar\n|-damage|p2a: Incineroar|0 fnt\n|-damage|p2b: Calyrex|0 fnt\n|faint|p2a: Incineroar\n|faint|p2b: Calyrex\n|-ability|p1a: Berrt|Chilling Neigh|boost\n|-boost|p1a: Berrt|atk|2\n|move|p1b: ooOO oo00|Instruct|p1a: Berrt\n|-singleturn|p1a: Berrt|move: Instruct|[of] p1b: ooOO oo00\n|move|p1a: Berrt|Glacial Lance|p2: Incineroar|[notarget]\n|-fail|p1a: Berrt\n|\n|upkeep\n|\n|t:|1746116757\n|switch|p2b: Scream Tail|Scream Tail, L50|100/100\n|-enditem|p2b: Scream Tail|Booster Energy\n|-activate|p2b: Scream Tail|ability: Protosynthesis|[fromitem]\n|-start|p2b: Scream Tail|protosynthesisspe\n|turn|7\n|-message|Trigli forfeited.\n|\n|win|Untamedshane\n|raw|Untamedshane's rating: 1152 &rarr; <strong>1182</strong><br />(+30 for winning)\n|raw|Trigli's rating: 1225 &rarr; <strong>1195</strong><br />(-30 for losing)\n|l|\u2606Trigli\n|player|p2|\n|l|\u2606Untamedshane\n|player|p1|\n", "uploadtime": 1746117148, "views": 10, "formatid": "gen9vgc2025regibo3", "rating": 1182, "private": 0, "password": null}