{"id": "gen9vgc2025regibo3-2353645053", "format": "[Gen 9] VGC 2025 Reg I (Bo3)", "players": ["Verdas1128", "Pdmake"], "log": "|j|\u2606Verdas1128\n|j|\u2606Pdmake\n|html|<table width=\"100%\"><tr><td align=\"left\">Verdas1128</td><td align=\"right\">Pdmake</tr><tr><td align=\"left\"><i class=\"fa fa-circle-o\"></i> <i class=\"fa fa-circle-o\"></i> </td><td align=\"right\"><i class=\"fa fa-circle-o\"></i> <i class=\"fa fa-circle-o\"></i> </tr></table>\n|uhtml|bestof|<h2><strong>Game 1</strong> of <a href=\"/game-bestof3-gen9vgc2025regibo3-2353645049\">a best-of-3</a></h2>\n|t:|1745978385\n|gametype|doubles\n|player|p1|Verdas1128|bellelba|1131\n|player|p2|Pdmake|iris-gen5bw2|1089\n|teamsize|p1|6\n|teamsize|p2|6\n|gen|9\n|tier|[Gen 9] VGC 2025 Reg I (Bo3)\n|rated|\n|rule|Species Clause: Limit one of each Pok\u00e9mon\n|rule|Item Clause: Limit 1 of each item\n|clearpoke\n|poke|p1|Miraidon, L50|\n|poke|p1|Grimmsnarl, L50, M|\n|poke|p1|Volcarona, L50, M|\n|poke|p1|Zamazenta-*, L50|\n|poke|p1|Ditto, L50|\n|poke|p1|Iron Hands, L50|\n|poke|p2|Miraidon, L50|\n|poke|p2|Incineroar, L50, M|\n|poke|p2|Zacian-*, L50|\n|poke|p2|Tornadus, L50, M|\n|poke|p2|Ogerpon-Cornerstone, L50, F|\n|poke|p2|Urshifu-*, L50, M|\n|teampreview|4\n|showteam|p1|Miraidon||ChoiceSpecs|HadronEngine|ElectroDrift,DracoMeteor,DazzlingGleam,VoltSwitch||||||50|,,,,,Fairy]Grimmsnarl||LightClay|Prankster|ThunderWave,Reflect,LightScreen,FoulPlay|||M|||50|,,,,,Ghost]Volcarona||Leftovers|FlameBody|FieryDance,StruggleBug,QuiverDance,Protect|||M|||50|,,,,,Grass]Zamazenta-Crowned||RustedShield|DauntlessShield|behemothbash,BodyPress,WideGuard,Protect||||||50|,,,,,Dragon]Ditto||FocusSash|Imposter|Transform||||||50|,,,,,Ghost]Iron Hands||AssaultVest|QuarkDrive|DrainPunch,WildCharge,FakeOut,VoltSwitch||||||50|,,,,,Water\n|showteam|p2|Miraidon||FocusSash|HadronEngine|Protect,ElectroDrift,DazzlingGleam,DracoMeteor||||||50|,,,,,Fairy]Incineroar||Leftovers|Intimidate|FakeOut,FlareBlitz,KnockOff,PartingShot|||M|||50|,,,,,Dragon]Zacian-Crowned||RustedSword|IntrepidSword|PlayRough,behemothblade,SacredSword,Protect||||||50|,,,,,Water]Tornadus||RockyHelmet|Prankster|RainDance,Hurricane,Tailwind,Taunt|||M|||50|,,,,,Dark]Ogerpon-Cornerstone||CornerstoneMask|Sturdy|FollowMe,SpikyShield,IvyCudgel,WoodHammer|||F|||50|,,,,,Rock]Urshifu||ChoiceScarf|UnseenFist|WickedBlow,CloseCombat,IcePunch,LowKick|||M|||50|,,,,,Ice\n|\n|t:|1745978402\n|start\n|switch|p1a: Miraidon|Miraidon, L50|100/100\n|switch|p1b: Grimmsnarl|Grimmsnarl, L50, M, shiny|100/100\n|switch|p2a: Urshifu|Urshifu, L50, M|100/100\n|switch|p2b: Zacian|Zacian-Crowned, L50|100/100\n|-ability|p2b: Zacian|Intrepid Sword|boost\n|-boost|p2b: Zacian|atk|1\n|-fieldstart|move: Electric Terrain|[from] ability: Hadron Engine|[of] p1a: Miraidon\n|turn|1\n|\n|t:|1745978421\n|move|p1b: Grimmsnarl|Reflect|p1b: Grimmsnarl\n|-sidestart|p1: Verdas1128|Reflect\n|move|p2a: Urshifu|Ice Punch|p1a: Miraidon\n|-supereffective|p1a: Miraidon\n|-damage|p1a: Miraidon|64/100\n|move|p2b: Zacian|Play Rough|p1a: Miraidon\n|-supereffective|p1a: Miraidon\n|-crit|p1a: Miraidon\n|-damage|p1a: Miraidon|0 fnt\n|faint|p1a: Miraidon\n|\n|upkeep\n|\n|t:|1745978429\n|switch|p1a: Volcarona|Volcarona, L50, M, shiny|100/100\n|turn|2\n|\n|t:|1745978441\n|move|p1b: Grimmsnarl|Thunder Wave|p2b: Zacian\n|-status|p2b: Zacian|par\n|move|p2a: Urshifu|Ice Punch|p1b: Grimmsnarl\n|-damage|p1b: Grimmsnarl|81/100\n|move|p1a: Volcarona|Quiver Dance|p1a: Volcarona\n|-boost|p1a: Volcarona|spa|1\n|-boost|p1a: Volcarona|spd|1\n|-boost|p1a: Volcarona|spe|1\n|cant|p2b: Zacian|par\n|\n|upkeep\n|turn|3\n|\n|t:|1745978459\n|switch|p2a: Incineroar|Incineroar, L50, M|100/100\n|-ability|p2a: Incineroar|Intimidate|boost\n|-unboost|p1a: Volcarona|atk|1\n|-unboost|p1b: Grimmsnarl|atk|1\n|move|p1b: Grimmsnarl|Light Screen|p1b: Grimmsnarl\n|-sidestart|p1: Verdas1128|move: Light Screen\n|move|p1a: Volcarona|Quiver Dance|p1a: Volcarona\n|-boost|p1a: Volcarona|spa|1\n|-boost|p1a: Volcarona|spd|1\n|-boost|p1a: Volcarona|spe|1\n|move|p2b: Zacian|Play Rough|p1b: Grimmsnarl|[miss]\n|-miss|p2b: Zacian|p1b: Grimmsnarl\n|\n|upkeep\n|turn|4\n|\n|t:|1745978476\n|move|p1a: Volcarona|Protect|p1a: Volcarona\n|-singleturn|p1a: Volcarona|Protect\n|move|p2b: Zacian|Play Rough|p1b: Grimmsnarl\n|-supereffective|p1b: Grimmsnarl\n|-damage|p1b: Grimmsnarl|0 fnt\n|faint|p1b: Grimmsnarl\n|move|p2a: Incineroar|Knock Off|p1a: Volcarona\n|-activate|p1a: Volcarona|move: Protect\n|\n|upkeep\n|\n|t:|1745978479\n|switch|p1b: Zamazenta|Zamazenta-Crowned, L50, shiny|100/100\n|-ability|p1b: Zamazenta|Dauntless Shield|boost\n|-boost|p1b: Zamazenta|def|1\n|turn|5\n|\n|t:|1745978490\n|-terastallize|p2b: Zacian|Water\n|move|p1a: Volcarona|Fiery Dance|p2b: Zacian\n|-resisted|p2b: Zacian\n|-damage|p2b: Zacian|65/100 par\n|-boost|p1a: Volcarona|spa|1\n|move|p1b: Zamazenta|Body Press|p2a: Incineroar\n|-supereffective|p2a: Incineroar\n|-damage|p2a: Incineroar|0 fnt\n|faint|p2a: Incineroar\n|move|p2b: Zacian|Sacred Sword|p1b: Zamazenta\n|-supereffective|p1b: Zamazenta\n|-damage|p1b: Zamazenta|56/100\n|\n|-fieldend|move: Electric Terrain\n|upkeep\n|\n|t:|1745978507\n|switch|p2a: Miraidon|Miraidon, L50|100/100\n|-fieldstart|move: Electric Terrain|[from] ability: Hadron Engine|[of] p2a: Miraidon\n|turn|6\n|\n|t:|1745978519\n|-terastallize|p1a: Volcarona|Grass\n|move|p1a: Volcarona|Struggle Bug|p2b: Zacian|[spread] p2a,p2b\n|-damage|p2a: Miraidon|56/100\n|-damage|p2b: Zacian|19/100 par\n|-unboost|p2a: Miraidon|spa|1\n|-unboost|p2b: Zacian|spa|1\n|move|p2a: Miraidon|Draco Meteor|p1a: Volcarona\n|-damage|p1a: Volcarona|82/100\n|-unboost|p2a: Miraidon|spa|2\n|move|p1b: Zamazenta|Body Press|p2b: Zacian\n|-damage|p2b: Zacian|0 fnt\n|faint|p2b: Zacian\n|\n|-heal|p1a: Volcarona|89/100|[from] item: Leftovers\n|upkeep\n|\n|t:|1745978531\n|switch|p2b: Urshifu|Urshifu, L50, M|100/100\n|turn|7\n|\n|t:|1745978541\n|move|p1a: Volcarona|Struggle Bug|p2a: Miraidon|[spread] p2a,p2b\n|-damage|p2a: Miraidon|13/100\n|-damage|p2b: Urshifu|23/100\n|-unboost|p2a: Miraidon|spa|1\n|-unboost|p2b: Urshifu|spa|1\n|move|p2b: Urshifu|Ice Punch|p1a: Volcarona\n|-supereffective|p1a: Volcarona\n|-damage|p1a: Volcarona|48/100\n|-status|p2b: Urshifu|brn|[from] ability: Flame Body|[of] p1a: Volcarona\n|move|p2a: Miraidon|Electro Drift|p1b: Zamazenta\n|-damage|p1b: Zamazenta|38/100\n|move|p1b: Zamazenta|Body Press|p2b: Urshifu\n|-supereffective|p2b: Urshifu\n|-damage|p2b: Urshifu|0 fnt\n|faint|p2b: Urshifu\n|\n|-heal|p1a: Volcarona|55/100|[from] item: Leftovers\n|upkeep\n|turn|8\n|-message|Pdmake forfeited.\n|\n|win|Verdas1128\n|l|\u2606Pdmake\n|player|p2|\n", "uploadtime": 1745978558, "views": 6, "formatid": "gen9vgc2025regibo3", "rating": null, "private": 0, "password": null}