{"id": "gen9vgc2025regibo3-2354205834", "format": "[Gen 9] VGC 2025 Reg I (Bo3)", "players": ["Saffox", "StarryEyedDetect"], "log": "|j|\u2606Saffox\n|j|\u2606StarryEyedDetect\n|html|<table width=\"100%\"><tr><td align=\"left\">Saffox</td><td align=\"right\">StarryEyedDetect</tr><tr><td align=\"left\"><i class=\"fa fa-circle-o\"></i> <i class=\"fa fa-circle-o\"></i> </td><td align=\"right\"><i class=\"fa fa-circle-o\"></i> <i class=\"fa fa-circle-o\"></i> </tr></table>\n|uhtml|bestof|<h2><strong>Game 1</strong> of <a href=\"/game-bestof3-gen9vgc2025regibo3-2354205833\">a best-of-3</a></h2>\n|t:|1746044525\n|gametype|doubles\n|player|p1|Saffox|2|1113\n|player|p2|StarryEyedDetect|266|1000\n|teamsize|p1|6\n|teamsize|p2|6\n|gen|9\n|tier|[Gen 9] VGC 2025 Reg I (Bo3)\n|rated|\n|rule|Species Clause: Limit one of each Pok\u00e9mon\n|rule|Item Clause: Limit 1 of each item\n|clearpoke\n|poke|p1|Groudon, L50|\n|poke|p1|Lunala, L50|\n|poke|p1|Farigiraf, L50, M|\n|poke|p1|Incineroar, L50, F|\n|poke|p1|Ogerpon-Wellspring, L50, F|\n|poke|p1|Dragonite, L50, F|\n|poke|p2|Ho-Oh, L50|\n|poke|p2|Miraidon, L50|\n|poke|p2|Farigiraf, L50, F|\n|poke|p2|Iron Hands, L50|\n|poke|p2|Ogerpon-Wellspring, L50, F|\n|poke|p2|Iron Treads, L50|\n|teampreview|4\n|showteam|p1|Groudon||AssaultVest|Drought|HeatCrash,PrecipiceBlades,ThunderPunch,StompingTantrum||||||50|,,,,,Fire]Lunala||PowerHerb|ShadowShield|TrickRoom,MeteorBeam,Moonblast,MoongeistBeam||||||50|,,,,,Fairy]Farigiraf||SitrusBerry|ArmorTail|TrickRoom,HelpingHand,HyperVoice,FoulPlay|||M|||50|,,,,,Normal]Incineroar||SafetyGoggles|Intimidate|FakeOut,PartingShot,KnockOff,FlareBlitz|||F|||50|,,,,,Water]Ogerpon-Wellspring||WellspringMask|WaterAbsorb|SpikyShield,FollowMe,IvyCudgel,HornLeech|||F|||50|,,,,,Water]Dragonite||ChoiceBand|InnerFocus|AerialAce,ExtremeSpeed,IceSpinner,FirePunch|||F|||50|,,,,,Normal\n|showteam|p2|Ho-Oh||ClearAmulet|Regenerator|SacredFire,BraveBird,Tailwind,Protect||||||50|,,,,,Grass]Miraidon||LifeOrb|HadronEngine|ElectroDrift,VoltSwitch,DracoMeteor,Protect||||||50|,,,,,Electric]Farigiraf||ElectricSeed|ArmorTail|Psychic,FoulPlay,HelpingHand,TrickRoom|||F|||50|,,,,,Water]Iron Hands||AssaultVest|QuarkDrive|FakeOut,DrainPunch,WildCharge,VoltSwitch||||||50|,,,,,Bug]Ogerpon-Wellspring||WellspringMask|WaterAbsorb|IvyCudgel,WoodHammer,FollowMe,SpikyShield|||F|||50|,,,,,Water]Iron Treads||BoosterEnergy|QuarkDrive|Earthquake,IceSpinner,IronHead,SteelRoller||||||50|,,,,,Ground\n|inactive|Battle timer is ON: inactive players will automatically lose when time's up. (requested by Saffox)\n|inactive|Saffox has 60 seconds left.\n|inactive|StarryEyedDetect has 60 seconds left.\n|inactive|StarryEyedDetect has 30 seconds left.\n|\n|t:|1746044587\n|start\n|switch|p1a: Giraffus|Farigiraf, L50, M|100/100\n|switch|p1b: Winner|Incineroar, L50, F|100/100\n|switch|p2a: Ho-Oh|Ho-Oh, L50|100/100\n|switch|p2b: Miraidon|Miraidon, L50|100/100\n|-fieldstart|move: Electric Terrain|[from] ability: Hadron Engine|[of] p2b: Miraidon\n|-ability|p1b: Winner|Intimidate|boost\n|-fail|p2a: Ho-Oh|unboost|[from] item: Clear Amulet|[of] p2a: Ho-Oh\n|-unboost|p2b: Miraidon|atk|1\n|turn|1\n|inactive|Saffox has 30 seconds left.\n|\n|t:|1746044617\n|move|p2b: Miraidon|Protect|p2b: Miraidon\n|-singleturn|p2b: Miraidon|Protect\n|move|p1b: Winner|Fake Out|p2b: Miraidon\n|-activate|p2b: Miraidon|move: Protect\n|move|p2a: Ho-Oh|Sacred Fire|p1a: Giraffus\n|-damage|p1a: Giraffus|53/100\n|move|p1a: Giraffus|Trick Room|p1a: Giraffus\n|-fieldstart|move: Trick Room|[of] p1a: Giraffus\n|\n|upkeep\n|turn|2\n|inactive|StarryEyedDetect has 30 seconds left.\n|\n|t:|1746044650\n|switch|p2a: Farigiraf|Farigiraf, L50, F|100/100\n|-enditem|p2a: Farigiraf|Electric Seed\n|-boost|p2a: Farigiraf|def|1|[from] item: Electric Seed\n|move|p1a: Giraffus|Hyper Voice|p2a: Farigiraf|[spread] p2a,p2b\n|-damage|p2a: Farigiraf|78/100\n|-damage|p2b: Miraidon|78/100\n|move|p1b: Winner|Knock Off|p2b: Miraidon\n|-damage|p2b: Miraidon|40/100\n|-enditem|p2b: Miraidon|Life Orb|[from] move: Knock Off|[of] p1b: Winner\n|move|p2b: Miraidon|Electro Drift|p1b: Winner\n|-damage|p1b: Winner|23/100\n|\n|upkeep\n|turn|3\n|\n|t:|1746044674\n|move|p2b: Miraidon|Protect|p2b: Miraidon\n|-singleturn|p2b: Miraidon|Protect\n|move|p1a: Giraffus|Hyper Voice|p2b: Miraidon|[spread] p2a\n|-activate|p2b: Miraidon|move: Protect\n|-damage|p2a: Farigiraf|55/100\n|move|p1b: Winner|Knock Off|p2a: Farigiraf\n|-supereffective|p2a: Farigiraf\n|-damage|p2a: Farigiraf|30/100\n|move|p2a: Farigiraf|Foul Play|p1a: Giraffus\n|-supereffective|p1a: Giraffus\n|-damage|p1a: Giraffus|20/100\n|-enditem|p1a: Giraffus|Sitrus Berry|[eat]\n|-heal|p1a: Giraffus|45/100|[from] item: Sitrus Berry\n|\n|upkeep\n|turn|4\n|inactive|StarryEyedDetect has 30 seconds left.\n|inactive|StarryEyedDetect has 20 seconds left.\n|\n|t:|1746044710\n|switch|p2b: Iron Treads|Iron Treads, L50|100/100\n|-activate|p2b: Iron Treads|ability: Quark Drive\n|-start|p2b: Iron Treads|quarkdriveatk\n|move|p1a: Giraffus|Hyper Voice|p2b: Iron Treads|[spread] p2a,p2b\n|-resisted|p2b: Iron Treads\n|-damage|p2a: Farigiraf|7/100\n|-damage|p2b: Iron Treads|82/100\n|move|p1b: Winner|Knock Off|p2b: Iron Treads\n|-damage|p2b: Iron Treads|58/100\n|move|p2a: Farigiraf|Foul Play|p1a: Giraffus\n|-supereffective|p1a: Giraffus\n|-damage|p1a: Giraffus|12/100\n|\n|upkeep\n|turn|5\n|inactive|Saffox has 30 seconds left.\n|inactive|Saffox has 20 seconds left.\n|\n|t:|1746044745\n|move|p2a: Farigiraf|Helping Hand|p2b: Iron Treads\n|-singleturn|p2b: Iron Treads|Helping Hand|[of] p2a: Farigiraf\n|move|p1a: Giraffus|Foul Play|p2a: Farigiraf\n|-supereffective|p2a: Farigiraf\n|-damage|p2a: Farigiraf|0 fnt\n|faint|p2a: Farigiraf\n|move|p1b: Winner|Parting Shot|p2b: Iron Treads\n|-unboost|p2b: Iron Treads|atk|1\n|-unboost|p2b: Iron Treads|spa|1\n|\n|t:|1746044754\n|switch|p1b: Speedy Gonzales|Dragonite, L50, F|100/100|[from] Parting Shot\n|move|p2b: Iron Treads|Earthquake|p1b: Speedy Gonzales|[spread] p1a\n|-immune|p1b: Speedy Gonzales\n|-damage|p1a: Giraffus|0 fnt\n|faint|p1a: Giraffus\n|\n|-fieldend|move: Trick Room\n|-fieldend|move: Electric Terrain\n|-end|p2b: Iron Treads|Quark Drive\n|upkeep\n|-enditem|p2b: Iron Treads|Booster Energy\n|-activate|p2b: Iron Treads|ability: Quark Drive|[fromitem]\n|-start|p2b: Iron Treads|quarkdrivespe\n|\n|t:|1746044768\n|switch|p2a: Miraidon|Miraidon, L50|40/100\n|switch|p1a: Godzilla|Groudon, L50|100/100\n|-fieldstart|move: Electric Terrain|[from] ability: Hadron Engine|[of] p2a: Miraidon\n|-weather|SunnyDay|[from] ability: Drought|[of] p1a: Godzilla\n|turn|6\n|inactive|Saffox has 30 seconds left.\n|inactive|StarryEyedDetect has 30 seconds left.\n|inactive|Saffox has 20 seconds left.\n|\n|t:|1746044806\n|switch|p2a: Ho-Oh|Ho-Oh, L50|100/100\n|-terastallize|p2b: Iron Treads|Ground\n|-terastallize|p1b: Speedy Gonzales|Normal\n|move|p1b: Speedy Gonzales|Extreme Speed|p2b: Iron Treads\n|-damage|p2b: Iron Treads|0 fnt\n|faint|p2b: Iron Treads\n|-end|p2b: Iron Treads|Quark Drive|[silent]\n|move|p1a: Godzilla|Precipice Blades|p2a: Ho-Oh\n|-immune|p2a: Ho-Oh\n|\n|-weather|SunnyDay|[upkeep]\n|upkeep\n|\n|t:|1746044819\n|switch|p2b: Miraidon|Miraidon, L50|40/100\n|-activate|p2b: Miraidon|ability: Hadron Engine\n|turn|7\n|inactive|StarryEyedDetect has 30 seconds left.\n|inactive|Saffox has 30 seconds left.\n|\n|t:|1746044855\n|move|p2b: Miraidon|Protect|p2b: Miraidon\n|-singleturn|p2b: Miraidon|Protect\n|move|p1b: Speedy Gonzales|Extreme Speed|p2b: Miraidon\n|-activate|p2b: Miraidon|move: Protect\n|move|p2a: Ho-Oh|Sacred Fire|p1a: Godzilla\n|-damage|p1a: Godzilla|46/100\n|move|p1a: Godzilla|Thunder Punch|p2a: Ho-Oh\n|-supereffective|p2a: Ho-Oh\n|-damage|p2a: Ho-Oh|26/100\n|\n|-weather|SunnyDay|[upkeep]\n|upkeep\n|turn|8\n|inactive|StarryEyedDetect has 30 seconds left.\n|\n|t:|1746044888\n|move|p2a: Ho-Oh|Protect|p2a: Ho-Oh\n|-singleturn|p2a: Ho-Oh|Protect\n|move|p1b: Speedy Gonzales|Extreme Speed|p2a: Ho-Oh\n|-activate|p2a: Ho-Oh|move: Protect\n|move|p2b: Miraidon|Electro Drift|p1b: Speedy Gonzales\n|-damage|p1b: Speedy Gonzales|8/100\n|move|p1a: Godzilla|Stomping Tantrum|p2b: Miraidon\n|-supereffective|p2b: Miraidon\n|-damage|p2b: Miraidon|0 fnt\n|faint|p2b: Miraidon\n|\n|-weather|SunnyDay|[upkeep]\n|upkeep\n|turn|9\n|\n|t:|1746044910\n|move|p1b: Speedy Gonzales|Extreme Speed|p2a: Ho-Oh\n|-damage|p2a: Ho-Oh|0 fnt\n|faint|p2a: Ho-Oh\n|\n|win|Saffox\n||Saffox is ready for game 2.\n|inactive|StarryEyedDetect has 30 seconds to confirm battle start!\n|inactive|StarryEyedDetect has 20 seconds to confirm battle start!\n||StarryEyedDetect is ready for game 2.\n|uhtml|next|Next: <a href=\"/battle-gen9vgc2025regibo3-2354209963\"><strong>Game 2 of 3</strong></a>\n|l|\u2606Saffox\n|player|p1|\n", "uploadtime": 1746045767, "views": 8, "formatid": "gen9vgc2025regibo3", "rating": null, "private": 0, "password": null}