{"id": "gen9vgc2025regibo3-2354383701", "format": "[Gen 9] VGC 2025 Reg I (Bo3)", "players": ["dniteforworlds2025", "mil0battles"], "log": "|j|\u2606dniteforworlds2025\n|j|\u2606mil0battles\n|html|<table width=\"100%\"><tr><td align=\"left\">dniteforworlds2025</td><td align=\"right\">mil0battles</tr><tr><td align=\"left\"><i class=\"fa fa-circle-o\"></i> <i class=\"fa fa-circle-o\"></i> </td><td align=\"right\"><i class=\"fa fa-circle-o\"></i> <i class=\"fa fa-circle-o\"></i> </tr></table>\n|uhtml|bestof|<h2><strong>Game 1</strong> of <a href=\"/game-bestof3-gen9vgc2025regibo3-2354383699\">a best-of-3</a></h2>\n|t:|1746064663\n|gametype|doubles\n|player|p1|dniteforworlds2025|giovanni|1282\n|player|p2|mil0battles|266|1239\n|teamsize|p1|6\n|teamsize|p2|6\n|gen|9\n|tier|[Gen 9] VGC 2025 Reg I (Bo3)\n|rated|\n|rule|Species Clause: Limit one of each Pok\u00e9mon\n|rule|Item Clause: Limit 1 of each item\n|clearpoke\n|poke|p1|Kyogre, L50|\n|poke|p1|Landorus, L50, M|\n|poke|p1|Farigiraf, L50, M|\n|poke|p1|Urshifu-*, L50, F|\n|poke|p1|Miraidon, L50|\n|poke|p1|Whimsicott, L50, F|\n|poke|p2|Zacian-*, L50|\n|poke|p2|Calyrex-Shadow, L50|\n|poke|p2|Tornadus, L50, M|\n|poke|p2|Indeedee-F, L50, F|\n|poke|p2|Urshifu-*, L50, F|\n|poke|p2|Ursaluna, L50, M|\n|teampreview|4\n|showteam|p1|Kyogre||MysticWater|Drizzle|WaterSpout,OriginPulse,IceBeam,Protect||||||50|,,,,,Grass]Landorus||LifeOrb|SheerForce|EarthPower,SludgeBomb,SandsearStorm,Protect|||M|||50|,,,,,Water]Farigiraf||ElectricSeed|ArmorTail|FoulPlay,Psychic,TrickRoom,HelpingHand|||M|||50|,,,,,Water]Urshifu-Rapid-Strike||ChoiceScarf|UnseenFist|SurgingStrikes,CloseCombat,AquaJet,Uturn|||F|||50|,,,,,Water]Miraidon||ChoiceSpecs|HadronEngine|ElectroDrift,DracoMeteor,DazzlingGleam,VoltSwitch||||||50|,,,,,Fairy]Whimsicott||CovertCloak|Prankster|Moonblast,Tailwind,Encore,LightScreen|||F|||50|,,,,,Dark\n|showteam|p2|Zacian-Crowned||RustedSword|IntrepidSword|Protect,PlayRough,behemothblade,SacredSword||||||50|,,,,,Stellar]Calyrex-Shadow||LifeOrb|AsOneSpectrier|ExpandingForce,AstralBarrage,NastyPlot,Protect||||||50|,,,,,Normal]Tornadus||CovertCloak|Prankster|RainDance,Tailwind,BleakwindStorm,Taunt|||M|||50|,,,,,Dark]Indeedee-F||PsychicSeed|PsychicSurge|FollowMe,TrickRoom,Imprison,HelpingHand|||F|||50|,,,,,Fairy]Urshifu-Rapid-Strike||ChoiceScarf|UnseenFist|Coaching,SurgingStrikes,AquaJet,CloseCombat|||F|||50|,,,,,Stellar]Ursaluna||FlameOrb|Guts|Facade,HeadlongRush,RockSlide,Protect|||M|||50|,,,,,Fire\n|inactive|Battle timer is ON: inactive players will automatically lose when time's up. (requested by dniteforworlds2025)\n|inactive|dniteforworlds2025 has 60 seconds left.\n|inactive|mil0battles has 60 seconds left.\n|\n|t:|1746064702\n|start\n|switch|p1a: Kyogre|Kyogre, L50|100/100\n|switch|p1b: Whimsicott|Whimsicott, L50, F|100/100\n|switch|p2a: Tornadus|Tornadus, L50, M|100/100\n|switch|p2b: Calyrex|Calyrex-Shadow, L50|100/100\n|-ability|p2b: Calyrex|As One\n|-ability|p2b: Calyrex|Unnerve\n|-weather|RainDance|[from] ability: Drizzle|[of] p1a: Kyogre\n|turn|1\n|\n|t:|1746064713\n|move|p1a: Kyogre|Protect|p1a: Kyogre\n|-singleturn|p1a: Kyogre|Protect\n|move|p1b: Whimsicott|Light Screen|p1b: Whimsicott\n|-sidestart|p1: dniteforworlds2025|move: Light Screen\n|move|p2a: Tornadus|Tailwind|p2a: Tornadus\n|-sidestart|p2: mil0battles|move: Tailwind\n|move|p2b: Calyrex|Astral Barrage|p1b: Whimsicott|[spread] p1b\n|-activate|p1a: Kyogre|move: Protect\n|-damage|p1b: Whimsicott|40/100\n|-damage|p2b: Calyrex|91/100|[from] item: Life Orb\n|\n|-weather|RainDance|[upkeep]\n|upkeep\n|turn|2\n|\n|t:|1746064731\n|-terastallize|p2a: Tornadus|Dark\n|move|p1b: Whimsicott|Tailwind|p1b: Whimsicott\n|-sidestart|p1: dniteforworlds2025|move: Tailwind\n|move|p2b: Calyrex|Astral Barrage|p1a: Kyogre|[spread] p1a,p1b\n|-damage|p1a: Kyogre|67/100\n|-damage|p1b: Whimsicott|0 fnt\n|faint|p1b: Whimsicott\n|-ability|p2b: Calyrex|Grim Neigh|boost\n|-boost|p2b: Calyrex|spa|1\n|-damage|p2b: Calyrex|81/100|[from] item: Life Orb\n|move|p2a: Tornadus|Bleakwind Storm|p1a: Kyogre\n|-crit|p1a: Kyogre\n|-damage|p1a: Kyogre|21/100\n|move|p1a: Kyogre|Origin Pulse|p2a: Tornadus|[spread] \n|-miss|p1a: Kyogre|p2a: Tornadus\n|-miss|p1a: Kyogre|p2b: Calyrex\n|\n|-weather|RainDance|[upkeep]\n|upkeep\n|\n|t:|1746064746\n|switch|p1b: Miraidon|Miraidon, L50|100/100\n|-fieldstart|move: Electric Terrain|[from] ability: Hadron Engine|[of] p1b: Miraidon\n|turn|3\n|\n|t:|1746064754\n|-terastallize|p1b: Miraidon|Fairy\n|move|p1a: Kyogre|Protect|p1a: Kyogre\n|-singleturn|p1a: Kyogre|Protect\n|move|p2b: Calyrex|Astral Barrage|p1a: Kyogre|[spread] p1b\n|-activate|p1a: Kyogre|move: Protect\n|-damage|p1b: Miraidon|39/100\n|-damage|p2b: Calyrex|71/100|[from] item: Life Orb\n|move|p1b: Miraidon|Dazzling Gleam|p2a: Tornadus|[spread] p2a,p2b\n|-supereffective|p2a: Tornadus\n|-damage|p2a: Tornadus|0 fnt\n|-damage|p2b: Calyrex|4/100\n|faint|p2a: Tornadus\n|\n|-weather|RainDance|[upkeep]\n|upkeep\n|\n|t:|1746064769\n|switch|p2a: Zacian|Zacian-Crowned, L50|100/100\n|-ability|p2a: Zacian|Intrepid Sword|boost\n|-boost|p2a: Zacian|atk|1\n|turn|4\n|\n|t:|1746064791\n|switch|p2b: Ursaluna|Ursaluna, L50, M|100/100\n|switch|p1a: Landorus|Landorus, L50, M|100/100\n|move|p2a: Zacian|Play Rough|p1a: Landorus\n|-damage|p1a: Landorus|21/100\n|move|p1b: Miraidon|Dazzling Gleam|p2a: Zacian|[spread] p2a,p2b\n|-resisted|p2a: Zacian\n|-crit|p2b: Ursaluna\n|-damage|p2a: Zacian|75/100\n|-damage|p2b: Ursaluna|20/100\n|\n|-weather|RainDance|[upkeep]\n|-sideend|p2: mil0battles|move: Tailwind\n|-status|p2b: Ursaluna|brn|[from] item: Flame Orb\n|upkeep\n|turn|5\n|\n|t:|1746064804\n|move|p2a: Zacian|Protect|p2a: Zacian\n|-singleturn|p2a: Zacian|Protect\n|move|p1b: Miraidon|Dazzling Gleam|p2b: Ursaluna|[spread] p2b\n|-activate|p2a: Zacian|move: Protect\n|-damage|p2b: Ursaluna|0 fnt\n|faint|p2b: Ursaluna\n|move|p1a: Landorus|Sandsear Storm|p2a: Zacian\n|-activate|p2a: Zacian|move: Protect\n|\n|-weather|none\n|-sideend|p1: dniteforworlds2025|move: Light Screen\n|-sideend|p1: dniteforworlds2025|move: Tailwind\n|upkeep\n|\n|t:|1746064811\n|switch|p2b: Calyrex|Calyrex-Shadow, L50|4/100\n|-ability|p2b: Calyrex|As One\n|-ability|p2b: Calyrex|Unnerve\n|turn|6\n|\n|t:|1746064820\n|move|p2b: Calyrex|Astral Barrage|p1a: Landorus|[spread] p1a,p1b\n|-damage|p1a: Landorus|0 fnt\n|-damage|p1b: Miraidon|0 fnt\n|faint|p1a: Landorus\n|faint|p1b: Miraidon\n|-ability|p2b: Calyrex|Grim Neigh|boost\n|-boost|p2b: Calyrex|spa|2\n|-damage|p2b: Calyrex|0 fnt|[from] item: Life Orb\n|faint|p2b: Calyrex\n|move|p2a: Zacian|Behemoth Blade|p1: Landorus|[notarget]\n|-fail|p2a: Zacian\n|\n|upkeep\n|\n|t:|1746064828\n|switch|p1b: Kyogre|Kyogre, L50|21/100\n|-weather|RainDance|[from] ability: Drizzle|[of] p1b: Kyogre\n|turn|7\n|\n|t:|1746064837\n|move|p2a: Zacian|Play Rough|p1b: Kyogre\n|-damage|p1b: Kyogre|0 fnt\n|faint|p1b: Kyogre\n|\n|win|mil0battles\n", "uploadtime": 1746064840, "views": 10, "formatid": "gen9vgc2025regibo3", "rating": null, "private": 0, "password": null}