{"id": "gen9vgc2025regibo3-2354488271", "format": "[Gen 9] VGC 2025 Reg I (Bo3)", "players": ["carrotbeafsteak", "arkjsmith"], "log": "|j|\u2606carrotbeafsteak\n|j|\u2606arkjsmith\n|html|<table width=\"100%\"><tr><td align=\"left\">carrotbeafsteak</td><td align=\"right\">arkjsmith</tr><tr><td align=\"left\"><i class=\"fa fa-circle-o\"></i> <i class=\"fa fa-circle-o\"></i> </td><td align=\"right\"><i class=\"fa fa-circle-o\"></i> <i class=\"fa fa-circle\"></i> </tr></table>\n|uhtml|bestof|<h2><strong>Game 2</strong> of <a href=\"/game-bestof3-gen9vgc2025regibo3-2354487058\">a best-of-3</a></h2>\n|t:|1746080145\n|gametype|doubles\n|player|p1|carrotbeafsteak|lady-gen4|1186\n|player|p2|arkjsmith|roxie|1196\n|teamsize|p1|6\n|teamsize|p2|6\n|gen|9\n|tier|[Gen 9] VGC 2025 Reg I (Bo3)\n|rated|\n|rule|Species Clause: Limit one of each Pok\u00e9mon\n|rule|Item Clause: Limit 1 of each item\n|clearpoke\n|poke|p1|Miraidon, L50|\n|poke|p1|Zamazenta-*, L50|\n|poke|p1|Bruxish, L50, M|\n|poke|p1|Gholdengo, L50|\n|poke|p1|Garganacl, L50, M|\n|poke|p1|Murkrow, L50, F|\n|poke|p2|Koraidon, L50|\n|poke|p2|Flutter Mane, L50|\n|poke|p2|Zacian-*, L50|\n|poke|p2|Indeedee-F, L50, F|\n|poke|p2|Chi-Yu, L50|\n|poke|p2|Brute Bonnet, L50|\n|teampreview|4\n|showteam|p1|Miraidon||LifeOrb|HadronEngine|Protect,ElectroDrift,DazzlingGleam,DracoMeteor||||||50|,,,,,Stellar]Zamazenta-Crowned||RustedShield|DauntlessShield|Protect,BodyPress,behemothbash,WideGuard||||||50|,,,,,Ghost]Bruxish||ChoiceScarf|Dazzling|WaveCrash,PsychicFangs,IcyWind,FlipTurn|||M|||50|,,,,,Normal]Gholdengo||ChoiceSpecs|GoodasGold|MakeItRain,SteelBeam,ShadowBall,PowerGem||||||50|,,,,,Steel]Garganacl||HardStone|PurifyingSalt|Protect,RockSlide,SaltCure,Fling|||M|||50|,,,,,Ghost]Murkrow||FocusSash|Prankster|Tailwind,Haze,Torment,DarkPulse|||F|||50|,,,,,Ghost\n|showteam|p2|Koraidon||LifeOrb|OrichalcumPulse|CloseCombat,FlareBlitz,FlameCharge,Protect||||||50|,,,,,Fire]Flutter Mane||FocusSash|Protosynthesis|Moonblast,ShadowBall,IcyWind,Protect||||||50|,,,,,Normal]Zacian-Crowned||RustedSword|IntrepidSword|behemothblade,PlayRough,Substitute,Protect||||||50|,,,,,Water]Indeedee-F||PsychicSeed|PsychicSurge|Psychic,FollowMe,HelpingHand,TrickRoom|||F|||50|,,,,,Water]Chi-Yu||ChoiceScarf|BeadsofRuin|Overheat,HeatWave,DarkPulse,Snarl||||||50|,,,,,Fire]Brute Bonnet||CovertCloak|Protosynthesis|SeedBomb,SuckerPunch,Spore,RagePowder||||||50|,,,,,Water\n|inactive|Battle timer is ON: inactive players will automatically lose when time's up. (requested by arkjsmith)\n|\n|t:|1746080158\n|start\n|switch|p1a: Murkrow|Murkrow, L50, F|100/100\n|switch|p1b: Gholdengo|Gholdengo, L50|100/100\n|switch|p2a: Dirk|Koraidon, L50|100/100\n|switch|p2b: Zacian|Zacian-Crowned, L50, shiny|100/100\n|-ability|p2b: Zacian|Intrepid Sword|boost\n|-boost|p2b: Zacian|atk|1\n|-weather|SunnyDay|[from] ability: Orichalcum Pulse|[of] p2a: Dirk\n|-activate|p2a: Dirk|Orichalcum Pulse|[source]\n|turn|1\n|\n|t:|1746080182\n|-terastallize|p2a: Dirk|Fire\n|move|p1a: Murkrow|Tailwind|p1a: Murkrow\n|-sidestart|p1: carrotbeafsteak|move: Tailwind\n|move|p1b: Gholdengo|Make It Rain|p2a: Dirk|[spread] p2a,p2b\n|-resisted|p2a: Dirk\n|-damage|p2a: Dirk|65/100\n|-damage|p2b: Zacian|39/100\n|-unboost|p1b: Gholdengo|spa|1\n|move|p2b: Zacian|Substitute|p2b: Zacian\n|-start|p2b: Zacian|Substitute\n|-damage|p2b: Zacian|15/100\n|move|p2a: Dirk|Flame Charge|p1b: Gholdengo\n|-supereffective|p1b: Gholdengo\n|-damage|p1b: Gholdengo|0 fnt\n|-boost|p2a: Dirk|spe|1\n|faint|p1b: Gholdengo\n|-damage|p2a: Dirk|55/100|[from] item: Life Orb\n|\n|-weather|SunnyDay|[upkeep]\n|upkeep\n|\n|t:|1746080200\n|switch|p1b: Zamazenta|Zamazenta-Crowned, L50|100/100\n|-ability|p1b: Zamazenta|Dauntless Shield|boost\n|-boost|p1b: Zamazenta|def|1\n|turn|2\n|\n|t:|1746080209\n|switch|p2a: Treble|Indeedee-F, L50, F, shiny|100/100\n|-fieldstart|move: Psychic Terrain|[from] ability: Psychic Surge|[of] p2a: Treble\n|-enditem|p2a: Treble|Psychic Seed\n|-boost|p2a: Treble|spd|1|[from] item: Psychic Seed\n|move|p1a: Murkrow|Haze|p1a: Murkrow\n|-clearallboost\n|move|p1b: Zamazenta|Body Press|p2a: Treble\n|-damage|p2a: Treble|62/100\n|move|p2b: Zacian|Behemoth Blade|p1a: Murkrow\n|-enditem|p1a: Murkrow|Focus Sash\n|-damage|p1a: Murkrow|1/100\n|\n|-weather|SunnyDay|[upkeep]\n|upkeep\n|turn|3\n|\n|t:|1746080232\n|move|p2b: Zacian|Protect|p2b: Zacian\n|-singleturn|p2b: Zacian|Protect\n|move|p1b: Zamazenta|Body Press|p2b: Zacian\n|-activate|p2b: Zacian|move: Protect\n|move|p1a: Murkrow|Dark Pulse|p2a: Treble\n|-supereffective|p2a: Treble\n|-damage|p2a: Treble|3/100\n|move|p2a: Treble|Psychic|p1b: Zamazenta\n|-damage|p1b: Zamazenta|76/100\n|\n|-weather|SunnyDay|[upkeep]\n|upkeep\n|turn|4\n|inactive|carrotbeafsteak has 30 seconds left.\n|\n|t:|1746080262\n|switch|p1b: Miraidon|Miraidon, L50|100/100\n|-fieldstart|move: Electric Terrain|[from] ability: Hadron Engine|[of] p1b: Miraidon\n|move|p2a: Treble|Follow Me|p2a: Treble\n|-singleturn|p2a: Treble|move: Follow Me\n|move|p1a: Murkrow|Dark Pulse|p2a: Treble\n|-supereffective|p2a: Treble\n|-damage|p2a: Treble|0 fnt\n|faint|p2a: Treble\n|move|p2b: Zacian|Behemoth Blade|p1a: Murkrow\n|-damage|p1a: Murkrow|0 fnt\n|faint|p1a: Murkrow\n|\n|-weather|SunnyDay|[upkeep]\n|-sideend|p1: carrotbeafsteak|move: Tailwind\n|upkeep\n|\n|t:|1746080277\n|switch|p1a: Zamazenta|Zamazenta-Crowned, L50|76/100\n|switch|p2a: Brute Bonnet|Brute Bonnet, L50, shiny|100/100\n|-activate|p2a: Brute Bonnet|ability: Protosynthesis\n|-start|p2a: Brute Bonnet|protosynthesisdef\n|turn|5\n|\n|t:|1746080296\n|move|p1b: Miraidon|Protect|p1b: Miraidon\n|-singleturn|p1b: Miraidon|Protect\n|move|p2a: Brute Bonnet|Rage Powder|p2a: Brute Bonnet\n|-singleturn|p2a: Brute Bonnet|move: Rage Powder\n|move|p2b: Zacian|Play Rough|p1b: Miraidon\n|-activate|p1b: Miraidon|move: Protect\n|move|p1a: Zamazenta|Body Press|p2a: Brute Bonnet\n|-supereffective|p2a: Brute Bonnet\n|-damage|p2a: Brute Bonnet|56/100\n|\n|-weather|none\n|-end|p2a: Brute Bonnet|Protosynthesis\n|upkeep\n|turn|6\n|\n|t:|1746080309\n|move|p2a: Brute Bonnet|Rage Powder|p2a: Brute Bonnet\n|-singleturn|p2a: Brute Bonnet|move: Rage Powder\n|move|p2b: Zacian|Play Rough|p1b: Miraidon\n|-supereffective|p1b: Miraidon\n|-damage|p1b: Miraidon|7/100\n|move|p1b: Miraidon|Electro Drift|p2a: Brute Bonnet\n|-resisted|p2a: Brute Bonnet\n|-damage|p2a: Brute Bonnet|5/100\n|-damage|p1b: Miraidon|0 fnt|[from] item: Life Orb\n|faint|p1b: Miraidon\n|move|p1a: Zamazenta|Body Press|p2a: Brute Bonnet\n|-supereffective|p2a: Brute Bonnet\n|-damage|p2a: Brute Bonnet|0 fnt\n|faint|p2a: Brute Bonnet\n|-end|p2a: Brute Bonnet|Protosynthesis|[silent]\n|\n|upkeep\n|\n|t:|1746080318\n|switch|p2a: Dirk|Koraidon, L50, tera:Fire|55/100\n|-weather|SunnyDay|[from] ability: Orichalcum Pulse|[of] p2a: Dirk\n|-activate|p2a: Dirk|Orichalcum Pulse|[source]\n|turn|7\n|\n|t:|1746080329\n|-terastallize|p1a: Zamazenta|Ghost\n|move|p2b: Zacian|Behemoth Blade|p1a: Zamazenta\n|-damage|p1a: Zamazenta|42/100\n|move|p2a: Dirk|Flare Blitz|p1a: Zamazenta\n|-damage|p1a: Zamazenta|0 fnt\n|faint|p1a: Zamazenta\n|-damage|p2a: Dirk|40/100|[from] Recoil\n|-damage|p2a: Dirk|30/100|[from] item: Life Orb\n|\n|win|arkjsmith\n|raw|carrotbeafsteak's rating: 1186 &rarr; <strong>1162</strong><br />(-24 for losing)\n|raw|arkjsmith's rating: 1196 &rarr; <strong>1220</strong><br />(+24 for winning)\n|l|\u2606carrotbeafsteak\n|player|p1|\n", "uploadtime": 1746080340, "views": 9, "formatid": "gen9vgc2025regibo3", "rating": 1162, "private": 0, "password": null}