{"id": "gen9vgc2025regibo3-2354604792", "format": "[Gen 9] VGC 2025 Reg I (Bo3)", "players": ["boilt", "tata_oao_ra"], "log": "|j|\u2606boilt\n|j|\u2606tata_oao_ra\n|html|<table width=\"100%\"><tr><td align=\"left\">boilt</td><td align=\"right\">tata_oao_ra</tr><tr><td align=\"left\"><i class=\"fa fa-circle-o\"></i> <i class=\"fa fa-circle-o\"></i> </td><td align=\"right\"><i class=\"fa fa-circle-o\"></i> <i class=\"fa fa-circle-o\"></i> </tr></table>\n|uhtml|bestof|<h2><strong>Game 1</strong> of <a href=\"/game-bestof3-gen9vgc2025regibo3-2354604791\">a best-of-3</a></h2>\n|t:|1746101740\n|gametype|doubles\n|player|p1|boilt|1|1042\n|player|p2|tata_oao_ra|cynthia|1079\n|teamsize|p1|6\n|teamsize|p2|6\n|gen|9\n|tier|[Gen 9] VGC 2025 Reg I (Bo3)\n|rated|\n|rule|Species Clause: Limit one of each Pok\u00e9mon\n|rule|Item Clause: Limit 1 of each item\n|clearpoke\n|poke|p1|Lilligant, L50, F|\n|poke|p1|Miraidon, L50|\n|poke|p1|Groudon, L50|\n|poke|p1|Flutter Mane, L50|\n|poke|p1|Walking Wake, L50|\n|poke|p1|Garganacl, L50, M|\n|poke|p2|Calyrex-Ice, L50|\n|poke|p2|Lunala, L50|\n|poke|p2|Amoonguss, L50, M|\n|poke|p2|Incineroar, L50, F|\n|poke|p2|Ogerpon-Cornerstone, L50, F|\n|poke|p2|Raging Bolt, L50|\n|teampreview|4\n|showteam|p1|Lilligant|||Chlorophyll|SolarBeam,SleepPowder,PollenPuff,Protect|||F|||50|,,,,,Grass]Miraidon||AssaultVest|HadronEngine|TeraBlast,DracoMeteor,ElectroDrift,VoltSwitch||||||50|,,,,,Steel]Groudon||ClearAmulet|Drought|PrecipiceBlades,RockSlide,FirePunch,Protect||||||50|,,,,,Fire]Flutter Mane||FocusSash|Protosynthesis|ShadowBall,Moonblast,Protect,MysticalFire||||||50|,,,,,Fire]Walking Wake||LifeOrb|Protosynthesis|HydroSteam,Flamethrower,NobleRoar,Protect||||||50|,,,,,Fire]Garganacl||RockyHelmet|PurifyingSalt|WideGuard,BodyPress,Protect,SaltCure|||M|||50|,,,,,Fairy\n|showteam|p2|Calyrex-Ice||CovertCloak|AsOneGlastrier|GlacialLance,HighHorsepower,TrickRoom,Protect||||||50|,,,,,Dragon]Lunala||Leftovers|ShadowShield|WideGuard,Moonblast,MoongeistBeam,TrickRoom||||||50|,,,,,Water]Amoonguss||RockyHelmet|Regenerator|Spore,RagePowder,PollenPuff,Protect|||M|||50|,,,,,Water]Incineroar||SafetyGoggles|Intimidate|KnockOff,Protect,PartingShot,FakeOut|||F|||50|,,,,,Water]Ogerpon-Cornerstone||CornerstoneMask|Sturdy|IvyCudgel,HornLeech,FollowMe,SpikyShield|||F|||50|,,,,,Rock]Raging Bolt||AssaultVest|Protosynthesis|Thunderclap,DragonPulse,Electroweb,DracoMeteor||||||50|,,,,,Fairy\n|\n|t:|1746101783\n|start\n|switch|p1a: Flutter Mane|Flutter Mane, L50|100/100\n|switch|p1b: Groudon|Groudon, L50, shiny|100/100\n|switch|p2a: \u6df1\u85cd\u6b66\u58eb|Lunala, L50|100/100\n|switch|p2b: Incineroar|Incineroar, L50, F|100/100\n|-weather|SunnyDay|[from] ability: Drought|[of] p1b: Groudon\n|-activate|p1a: Flutter Mane|ability: Protosynthesis\n|-start|p1a: Flutter Mane|protosynthesisspe\n|-ability|p2b: Incineroar|Intimidate|boost\n|-unboost|p1a: Flutter Mane|atk|1\n|-fail|p1b: Groudon|unboost|[from] item: Clear Amulet|[of] p1b: Groudon\n|turn|1\n|\n|t:|1746101810\n|move|p1b: Groudon|Protect|p1b: Groudon\n|-singleturn|p1b: Groudon|Protect\n|move|p2b: Incineroar|Fake Out|p1b: Groudon\n|-activate|p1b: Groudon|move: Protect\n|move|p1a: Flutter Mane|Shadow Ball|p2a: \u6df1\u85cd\u6b66\u58eb\n|-supereffective|p2a: \u6df1\u85cd\u6b66\u58eb\n|-damage|p2a: \u6df1\u85cd\u6b66\u58eb|49/100\n|move|p2a: \u6df1\u85cd\u6b66\u58eb|Trick Room|p2a: \u6df1\u85cd\u6b66\u58eb\n|-fieldstart|move: Trick Room|[of] p2a: \u6df1\u85cd\u6b66\u58eb\n|\n|-weather|SunnyDay|[upkeep]\n|-heal|p2a: \u6df1\u85cd\u6b66\u58eb|55/100|[from] item: Leftovers\n|upkeep\n|turn|2\n|\n|t:|1746101832\n|move|p2b: Incineroar|Parting Shot|p1b: Groudon\n|-fail|p1b: Groudon|unboost|[from] item: Clear Amulet|[of] p1b: Groudon\n|move|p2a: \u6df1\u85cd\u6b66\u58eb|Moongeist Beam|p1a: Flutter Mane\n|-supereffective|p1a: Flutter Mane\n|-enditem|p1a: Flutter Mane|Focus Sash\n|-damage|p1a: Flutter Mane|1/100\n|move|p1b: Groudon|Precipice Blades|p2a: \u6df1\u85cd\u6b66\u58eb|[spread] p2a,p2b\n|-crit|p2a: \u6df1\u85cd\u6b66\u58eb\n|-supereffective|p2b: Incineroar\n|-damage|p2a: \u6df1\u85cd\u6b66\u58eb|0 fnt\n|-damage|p2b: Incineroar|23/100\n|faint|p2a: \u6df1\u85cd\u6b66\u58eb\n|move|p1a: Flutter Mane|Moonblast|p2b: Incineroar\n|-damage|p2b: Incineroar|0 fnt\n|faint|p2b: Incineroar\n|\n|-weather|SunnyDay|[upkeep]\n|upkeep\n|\n|t:|1746101838\n|switch|p2b: \u7d05\u767d\u4e4b\u76fe|Amoonguss, L50, M|100/100\n|switch|p2a: \u767d\u8272\u528d\u5ba2|Calyrex-Ice, L50|100/100\n|-ability|p2a: \u767d\u8272\u528d\u5ba2|As One\n|-ability|p2a: \u767d\u8272\u528d\u5ba2|Unnerve\n|turn|3\n|\n|t:|1746101871\n|move|p1b: Groudon|Protect|p1b: Groudon\n|-singleturn|p1b: Groudon|Protect\n|move|p2b: \u7d05\u767d\u4e4b\u76fe|Spore|p1b: Groudon\n|-activate|p1b: Groudon|move: Protect\n|move|p2a: \u767d\u8272\u528d\u5ba2|Glacial Lance|p1b: Groudon|[spread] p1a\n|-activate|p1b: Groudon|move: Protect\n|-crit|p1a: Flutter Mane\n|-damage|p1a: Flutter Mane|0 fnt\n|faint|p1a: Flutter Mane\n|-end|p1a: Flutter Mane|Protosynthesis|[silent]\n|-ability|p2a: \u767d\u8272\u528d\u5ba2|Chilling Neigh|boost\n|-boost|p2a: \u767d\u8272\u528d\u5ba2|atk|1\n|\n|-weather|SunnyDay|[upkeep]\n|upkeep\n|\n|t:|1746101886\n|switch|p1a: Garganacl|Garganacl, L50, M|100/100\n|turn|4\n|\n|t:|1746101898\n|move|p1a: Garganacl|Wide Guard|p1a: Garganacl\n|-singleturn|p1a: Garganacl|Wide Guard\n|move|p2b: \u7d05\u767d\u4e4b\u76fe|Spore|p1b: Groudon\n|-status|p1b: Groudon|slp|[from] move: Spore\n|move|p2a: \u767d\u8272\u528d\u5ba2|High Horsepower|p1a: Garganacl\n|-supereffective|p1a: Garganacl\n|-damage|p1a: Garganacl|26/100\n|-damage|p2a: \u767d\u8272\u528d\u5ba2|84/100|[from] item: Rocky Helmet|[of] p1a: Garganacl\n|cant|p1b: Groudon|slp\n|\n|-weather|SunnyDay|[upkeep]\n|upkeep\n|turn|5\n|\n|t:|1746101924\n|move|p1a: Garganacl|Protect||[still]\n|-fail|p1a: Garganacl\n|move|p2b: \u7d05\u767d\u4e4b\u76fe|Spore|p1a: Garganacl\n|-immune|p1a: Garganacl|[from] ability: Purifying Salt\n|move|p2a: \u767d\u8272\u528d\u5ba2|High Horsepower|p1b: Groudon\n|-damage|p1b: Groudon|47/100 slp\n|cant|p1b: Groudon|slp\n|\n|-weather|none\n|-fieldend|move: Trick Room\n|upkeep\n|turn|6\n|\n|t:|1746101956\n|cant|p1b: Groudon|slp\n|move|p2b: \u7d05\u767d\u4e4b\u76fe|Rage Powder|p2b: \u7d05\u767d\u4e4b\u76fe\n|-singleturn|p2b: \u7d05\u767d\u4e4b\u76fe|move: Rage Powder\n|move|p1a: Garganacl|Salt Cure|p2b: \u7d05\u767d\u4e4b\u76fe\n|-crit|p2b: \u7d05\u767d\u4e4b\u76fe\n|-damage|p2b: \u7d05\u767d\u4e4b\u76fe|80/100\n|-start|p2b: \u7d05\u767d\u4e4b\u76fe|Salt Cure\n|move|p2a: \u767d\u8272\u528d\u5ba2|Trick Room|p2a: \u767d\u8272\u528d\u5ba2\n|-fieldstart|move: Trick Room|[of] p2a: \u767d\u8272\u528d\u5ba2\n|\n|-damage|p2b: \u7d05\u767d\u4e4b\u76fe|67/100|[from] Salt Cure\n|upkeep\n|turn|7\n|\n|t:|1746101986\n|move|p1a: Garganacl|Wide Guard|p1a: Garganacl\n|-singleturn|p1a: Garganacl|Wide Guard\n|move|p2b: \u7d05\u767d\u4e4b\u76fe|Pollen Puff|p2a: \u767d\u8272\u528d\u5ba2\n|-heal|p2a: \u767d\u8272\u528d\u5ba2|100/100\n|move|p2a: \u767d\u8272\u528d\u5ba2|High Horsepower|p1a: Garganacl\n|-supereffective|p1a: Garganacl\n|-damage|p1a: Garganacl|0 fnt\n|-damage|p2a: \u767d\u8272\u528d\u5ba2|84/100|[from] item: Rocky Helmet|[of] p1a: Garganacl\n|faint|p1a: Garganacl\n|-ability|p2a: \u767d\u8272\u528d\u5ba2|Chilling Neigh|boost\n|-boost|p2a: \u767d\u8272\u528d\u5ba2|atk|1\n|-curestatus|p1b: Groudon|slp|[msg]\n|move|p1b: Groudon|Fire Punch|p2a: \u767d\u8272\u528d\u5ba2\n|-supereffective|p2a: \u767d\u8272\u528d\u5ba2\n|-damage|p2a: \u767d\u8272\u528d\u5ba2|45/100\n|\n|-damage|p2b: \u7d05\u767d\u4e4b\u76fe|55/100|[from] Salt Cure\n|upkeep\n|\n|t:|1746101995\n|switch|p1a: Walking Wake|Walking Wake, L50|100/100\n|turn|8\n|\n|t:|1746102008\n|-terastallize|p2a: \u767d\u8272\u528d\u5ba2|Dragon\n|-terastallize|p1a: Walking Wake|Fire\n|move|p2b: \u7d05\u767d\u4e4b\u76fe|Spore|p1a: Walking Wake\n|-status|p1a: Walking Wake|slp|[from] move: Spore\n|move|p2a: \u767d\u8272\u528d\u5ba2|Glacial Lance|p1a: Walking Wake|[spread] p1a,p1b\n|-resisted|p1a: Walking Wake\n|-supereffective|p1b: Groudon\n|-damage|p1a: Walking Wake|37/100 slp\n|-damage|p1b: Groudon|0 fnt\n|faint|p1b: Groudon\n|-ability|p2a: \u767d\u8272\u528d\u5ba2|Chilling Neigh|boost\n|-boost|p2a: \u767d\u8272\u528d\u5ba2|atk|1\n|cant|p1a: Walking Wake|slp\n|\n|-damage|p2b: \u7d05\u767d\u4e4b\u76fe|43/100|[from] Salt Cure\n|upkeep\n|turn|9\n|-message|boilt forfeited.\n|\n|win|tata_oao_ra\n|l|\u2606boilt\n|player|p1|\n||tata_oao_ra is ready for game 2.\n||boilt is ready for game 2.\n|uhtml|next|Next: <a href=\"/battle-gen9vgc2025regibo3-2354606896\"><strong>Game 2 of 3</strong></a>\n", "uploadtime": 1746102322, "views": 7, "formatid": "gen9vgc2025regibo3", "rating": null, "private": 0, "password": null}