{"id": "gen9vgc2025regibo3-2353550643", "format": "[Gen 9] VGC 2025 Reg I (Bo3)", "players": ["TRIUNVIRATUS VGC", "Hunterhexin"], "log": "|j|\u2606TRIUNVIRATUS VGC\n|j|\u2606Hunterhexin\n|html|<table width=\"100%\"><tr><td align=\"left\">TRIUNVIRATUS VGC</td><td align=\"right\">Hunterhexin</tr><tr><td align=\"left\"><i class=\"fa fa-circle\"></i> <i class=\"fa fa-circle-o\"></i> </td><td align=\"right\"><i class=\"fa fa-circle-o\"></i> <i class=\"fa fa-circle-o\"></i> </tr></table>\n|uhtml|bestof|<h2><strong>Game 2</strong> of <a href=\"/game-bestof3-gen9vgc2025regibo3-2353547265\">a best-of-3</a></h2>\n|t:|1745967280\n|gametype|doubles\n|player|p1|TRIUNVIRATUS VGC|ninjaboy|1150\n|player|p2|Hunterhexin|102|1050\n|teamsize|p1|6\n|teamsize|p2|6\n|gen|9\n|tier|[Gen 9] VGC 2025 Reg I (Bo3)\n|rated|\n|rule|Species Clause: Limit one of each Pok\u00e9mon\n|rule|Item Clause: Limit 1 of each item\n|clearpoke\n|poke|p1|Lunala, L50|\n|poke|p1|Zamazenta-*, L50|\n|poke|p1|Rillaboom, L50, F|\n|poke|p1|Incineroar, L50, M|\n|poke|p1|Ogerpon-Cornerstone, L50, F|\n|poke|p1|Tornadus, L50, M|\n|poke|p2|Koraidon, L50|\n|poke|p2|Weezing-Galar, L50, M|\n|poke|p2|Electrode-Hisui, L50|\n|poke|p2|Miraidon, L50|\n|poke|p2|Iron Boulder, L50|\n|poke|p2|Incineroar, L50, F|\n|teampreview|4\n|showteam|p1|Lunala||Leftovers|ShadowShield|MoongeistBeam,Moonblast,CalmMind,Protect||||||50|,,,,,Fairy]Zamazenta-Crowned||RustedShield|DauntlessShield|BodyPress,behemothbash,WideGuard,Protect||||||50|,,,,,Dragon]Rillaboom||AssaultVest|GrassySurge|GrassyGlide,FakeOut,WoodHammer,Uturn|||F|||50|,,,,,Grass]Incineroar||RockyHelmet|Intimidate|KnockOff,FakeOut,PartingShot,FlareBlitz|||M|||50|,,,,,Bug]Ogerpon-Cornerstone||CornerstoneMask|Sturdy|IvyCudgel,PowerWhip,FollowMe,SpikyShield|||F|||50|,,,,,Rock]Tornadus||AbilityShield|Prankster|BleakwindStorm,Tailwind,RainDance,Protect|||M|||50|,,,,,Dark\n|showteam|p2|Koraidon||Leftovers|OrichalcumPulse|FlareBlitz,ZenHeadbutt,CollisionCourse,Protect||||||50|,,,,,Steel]Weezing-Galar||ChoiceSpecs|NeutralizingGas|Overheat,StrangeSteam,SludgeBomb,DarkPulse|||M|||50|,,,,,Fire]Electrode-Hisui||CovertCloak|Aftermath|Reflect,Electroweb,ThunderWave,Taunt||||||50|,,,,,Normal]Miraidon||ElectricSeed|HadronEngine|ElectroDrift,DragonPulse,Protect,ThunderWave||||||50|,,,,,Poison]Iron Boulder||ChoiceBand|QuarkDrive|MightyCleave,SolarBlade,ThroatChop,CloseCombat||||||50|,,,,,Dark]Incineroar||AguavBerry|Intimidate|KnockOff,FakeOut,FlareBlitz,PartingShot|||F|||50|,,,,,Ghost\n|c|\u2606TRIUNVIRATUS VGC|j\n|\n|t:|1745967327\n|start\n|switch|p1a: Lunala|Lunala, L50|100/100\n|switch|p1b: Rillaboom|Rillaboom, L50, F|100/100\n|switch|p2a: Electrode|Electrode-Hisui, L50|100/100\n|switch|p2b: Weezing|Weezing-Galar, L50, M|100/100\n|-ability|p2b: Weezing|Neutralizing Gas\n|turn|1\n|c|\u2606Hunterhexin|J?\n|\n|t:|1745967348\n|switch|p1a: Incineroar|Incineroar, L50, M|100/100\n|move|p2a: Electrode|Taunt|p1a: Incineroar\n|-start|p1a: Incineroar|move: Taunt\n|move|p1b: Rillaboom|U-turn|p2b: Weezing\n|-resisted|p2b: Weezing\n|-damage|p2b: Weezing|95/100\n|\n|t:|1745967355\n|switch|p1b: Lunala|Lunala, L50|100/100|[from] U-turn\n|move|p2b: Weezing|Sludge Bomb|p1b: Lunala\n|-resisted|p1b: Lunala\n|-damage|p1b: Lunala|82/100\n|-status|p1b: Lunala|psn\n|\n|-heal|p1b: Lunala|88/100 psn|[from] item: Leftovers\n|-damage|p1b: Lunala|76/100 psn|[from] psn\n|upkeep\n|turn|2\n|\n|t:|1745967383\n|switch|p2a: Miraidon|Miraidon, L50|100/100\n|switch|p1b: Rillaboom|Rillaboom, L50, F|100/100\n|move|p2b: Weezing|Sludge Bomb|p1a: Incineroar\n|-damage|p1a: Incineroar|52/100\n|move|p1a: Incineroar|Flare Blitz|p2a: Miraidon\n|-resisted|p2a: Miraidon\n|-damage|p2a: Miraidon|78/100\n|-damage|p1a: Incineroar|46/100|[from] Recoil\n|\n|upkeep\n|turn|3\n|\n|t:|1745967404\n|move|p2a: Miraidon|Protect|p2a: Miraidon\n|-singleturn|p2a: Miraidon|Protect\n|move|p1b: Rillaboom|Fake Out|p2a: Miraidon\n|-activate|p2a: Miraidon|move: Protect\n|move|p2b: Weezing|Sludge Bomb|p1b: Rillaboom\n|-supereffective|p1b: Rillaboom\n|-damage|p1b: Rillaboom|39/100\n|move|p1a: Incineroar|Knock Off|p2b: Weezing\n|-resisted|p2b: Weezing\n|-damage|p2b: Weezing|73/100\n|-enditem|p2b: Weezing|Choice Specs|[from] move: Knock Off|[of] p1a: Incineroar\n|\n|-end|p1a: Incineroar|move: Taunt\n|upkeep\n|turn|4\n|\n|t:|1745967439\n|switch|p1b: Lunala|Lunala, L50|76/100 psn\n|-end|p2b: Weezing|ability: Neutralizing Gas\n|-fieldstart|move: Electric Terrain|[from] ability: Hadron Engine|[of] p2a: Miraidon\n|-enditem|p2a: Miraidon|Electric Seed\n|-boost|p2a: Miraidon|def|1|[from] item: Electric Seed\n|-ability|p1a: Incineroar|Intimidate|boost\n|-unboost|p2a: Miraidon|atk|1\n|-unboost|p2b: Weezing|atk|1\n|switch|p2b: Electrode|Electrode-Hisui, L50|100/100\n|move|p2a: Miraidon|Dragon Pulse|p1a: Incineroar\n|-damage|p1a: Incineroar|0 fnt\n|faint|p1a: Incineroar\n|\n|-heal|p1b: Lunala|82/100 psn|[from] item: Leftovers\n|-damage|p1b: Lunala|70/100 psn|[from] psn\n|upkeep\n|\n|t:|1745967452\n|switch|p1a: Rillaboom|Rillaboom, L50, F|39/100\n|-fieldstart|move: Grassy Terrain|[from] ability: Grassy Surge|[of] p1a: Rillaboom\n|turn|5\n|\n|t:|1745967464\n|-terastallize|p1b: Lunala|Fairy\n|move|p2a: Miraidon|Protect|p2a: Miraidon\n|-singleturn|p2a: Miraidon|Protect\n|move|p2b: Electrode|Taunt|p1b: Lunala\n|-start|p1b: Lunala|move: Taunt\n|move|p1b: Lunala|Moonblast|p2a: Miraidon\n|-activate|p2a: Miraidon|move: Protect\n|move|p1a: Rillaboom|U-turn|p2b: Electrode\n|-supereffective|p2b: Electrode\n|-damage|p2b: Electrode|24/100\n|\n|t:|1745967470\n|switch|p1a: Zamazenta|Zamazenta-Crowned, L50, shiny|100/100|[from] U-turn\n|-ability|p1a: Zamazenta|Dauntless Shield|boost\n|-boost|p1a: Zamazenta|def|1\n|\n|-heal|p2b: Electrode|30/100|[from] Grassy Terrain\n|-heal|p2a: Miraidon|84/100|[from] Grassy Terrain\n|-heal|p1b: Lunala|76/100 psn|[from] Grassy Terrain\n|-heal|p1b: Lunala|82/100 psn|[from] item: Leftovers\n|-damage|p1b: Lunala|70/100 psn|[from] psn\n|upkeep\n|turn|6\n|\n|t:|1745967506\n|-terastallize|p2a: Miraidon|Poison\n|move|p2b: Electrode|Reflect|p2b: Electrode\n|-sidestart|p2: Hunterhexin|Reflect\n|move|p1a: Zamazenta|Behemoth Bash|p2b: Electrode\n|-resisted|p2b: Electrode\n|-damage|p2b: Electrode|7/100\n|move|p2a: Miraidon|Electro Drift|p1b: Lunala\n|-damage|p1b: Lunala|30/100 psn\n|move|p1b: Lunala|Moongeist Beam|p2a: Miraidon\n|-damage|p2a: Miraidon|50/100\n|\n|-heal|p2b: Electrode|13/100|[from] Grassy Terrain\n|-heal|p2a: Miraidon|55/100|[from] Grassy Terrain\n|-heal|p1b: Lunala|37/100 psn|[from] Grassy Terrain\n|-heal|p1b: Lunala|43/100 psn|[from] item: Leftovers\n|-damage|p1b: Lunala|30/100 psn|[from] psn\n|upkeep\n|turn|7\n|\n|t:|1745967539\n|switch|p1b: Rillaboom|Rillaboom, L50, F|39/100\n|move|p2b: Electrode|Electroweb|p1a: Zamazenta|[spread] p1a,p1b\n|-resisted|p1b: Rillaboom\n|-damage|p1a: Zamazenta|91/100\n|-damage|p1b: Rillaboom|35/100\n|-unboost|p1a: Zamazenta|spe|1\n|-unboost|p1b: Rillaboom|spe|1\n|move|p2a: Miraidon|Electro Drift|p1b: Rillaboom\n|-resisted|p1b: Rillaboom\n|-damage|p1b: Rillaboom|17/100\n|move|p1a: Zamazenta|Body Press|p2b: Electrode\n|-damage|p2b: Electrode|0 fnt\n|-damage|p1a: Zamazenta|66/100|[from] ability: Aftermath|[of] p2b: Electrode\n|faint|p2b: Electrode\n|\n|-heal|p2a: Miraidon|61/100|[from] Grassy Terrain\n|-heal|p1a: Zamazenta|72/100|[from] Grassy Terrain\n|-heal|p1b: Rillaboom|23/100|[from] Grassy Terrain\n|upkeep\n|\n|t:|1745967559\n|switch|p2b: Koraidon|Koraidon, L50|100/100\n|-weather|SunnyDay|[from] ability: Orichalcum Pulse|[of] p2b: Koraidon\n|-activate|p2b: Koraidon|Orichalcum Pulse|[source]\n|turn|8\n|\n|t:|1745967572\n|switch|p1b: Lunala|Lunala, L50, tera:Fairy|30/100 psn\n|move|p2b: Koraidon|Protect|p2b: Koraidon\n|-singleturn|p2b: Koraidon|Protect\n|move|p2a: Miraidon|Protect|p2a: Miraidon\n|-singleturn|p2a: Miraidon|Protect\n|move|p1a: Zamazenta|Behemoth Bash|p2a: Miraidon\n|-activate|p2a: Miraidon|move: Protect\n|\n|-weather|SunnyDay|[upkeep]\n|-heal|p2a: Miraidon|67/100|[from] Grassy Terrain\n|-heal|p1b: Lunala|37/100 psn|[from] Grassy Terrain\n|-heal|p1b: Lunala|43/100 psn|[from] item: Leftovers\n|-heal|p1a: Zamazenta|78/100|[from] Grassy Terrain\n|-damage|p1b: Lunala|30/100 psn|[from] psn\n|upkeep\n|turn|9\n|\n|t:|1745967596\n|switch|p2b: Weezing|Weezing-Galar, L50, M|73/100\n|-ability|p2b: Weezing|Neutralizing Gas\n|move|p2a: Miraidon|Electro Drift|p1b: Lunala\n|-damage|p1b: Lunala|0 fnt\n|faint|p1b: Lunala\n|move|p1a: Zamazenta|Behemoth Bash|p2a: Miraidon\n|-damage|p2a: Miraidon|49/100\n|\n|-weather|SunnyDay|[upkeep]\n|-heal|p2a: Miraidon|55/100|[from] Grassy Terrain\n|-heal|p1a: Zamazenta|84/100|[from] Grassy Terrain\n|-heal|p2b: Weezing|79/100|[from] Grassy Terrain\n|-fieldend|move: Grassy Terrain\n|upkeep\n|-message|TRIUNVIRATUS VGC forfeited.\n|\n|win|Hunterhexin\n||Hunterhexin is ready for game 3.\n|inactive|TRIUNVIRATUS VGC has 30 seconds to confirm battle start!\n||TRIUNVIRATUS VGC is ready for game 3.\n|uhtml|next|Next: <a href=\"/battle-gen9vgc2025regibo3-2353553642\"><strong>Game 3 of 3</strong></a>\n|l|\u2606Hunterhexin\n|player|p2|\n|l|\u2606TRIUNVIRATUS VGC\n|player|p1|\n", "uploadtime": 1745967952, "views": 6, "formatid": "gen9vgc2025regibo3", "rating": null, "private": 0, "password": null}