{"id": "gen9vgc2025regibo3-2353582961", "format": "[Gen 9] VGC 2025 Reg I (Bo3)", "players": ["Hoogaman", "waveniki"], "log": "|j|\u2606Hoogaman\n|j|\u2606waveniki\n|html|<table width=\"100%\"><tr><td align=\"left\">Hoogaman</td><td align=\"right\">waveniki</tr><tr><td align=\"left\"><i class=\"fa fa-circle-o\"></i> <i class=\"fa fa-circle-o\"></i> </td><td align=\"right\"><i class=\"fa fa-circle-o\"></i> <i class=\"fa fa-circle\"></i> </tr></table>\n|uhtml|bestof|<h2><strong>Game 2</strong> of <a href=\"/game-bestof3-gen9vgc2025regibo3-2353580603\">a best-of-3</a></h2>\n|t:|1745971023\n|gametype|doubles\n|player|p1|Hoogaman|li|1103\n|player|p2|waveniki|clerk|1189\n|teamsize|p1|6\n|teamsize|p2|6\n|gen|9\n|tier|[Gen 9] VGC 2025 Reg I (Bo3)\n|rated|\n|rule|Species Clause: Limit one of each Pok\u00e9mon\n|rule|Item Clause: Limit 1 of each item\n|clearpoke\n|poke|p1|Zamazenta-*, L50|\n|poke|p1|Calyrex-Shadow, L50|\n|poke|p1|Sneasler, L50, F|\n|poke|p1|Indeedee-F, L50, F|\n|poke|p1|Chien-Pao, L50|\n|poke|p1|Urshifu-*, L50, F|\n|poke|p2|Terapagos, L50, M|\n|poke|p2|Koraidon, L50|\n|poke|p2|Incineroar, L50, F|\n|poke|p2|Flutter Mane, L50|\n|poke|p2|Raging Bolt, L50|\n|poke|p2|Ogerpon-Cornerstone, L50, F|\n|teampreview|4\n|showteam|p1|Zamazenta-Crowned||RustedShield|DauntlessShield|BodyPress,WideGuard,HeavySlam,IronDefense||||||50|,,,,,Grass]Calyrex-Shadow||WeaknessPolicy|AsOneSpectrier|AstralBarrage,ExpandingForce,Protect,NastyPlot||||||50|,,,,,Dark]Sneasler||PsychicSeed|Unburden|Acrobatics,SwordsDance,CloseCombat,DireClaw|||F|||50|,,,,,Flying]Indeedee-F||MentalHerb|PsychicSurge|Protect,HelpingHand,DrainingKiss,FollowMe|||F|||50|,,,,,Grass]Chien-Pao||FocusSash|SwordofRuin|PsychicFangs,Ruination,SwordsDance,IcicleCrash||||||50|,,,,,Ice]Urshifu-Rapid-Strike||KingsRock|UnseenFist|Coaching,CloseCombat,SurgingStrikes,SwordsDance|||F|||50|,,,,,Fighting\n|showteam|p2|Terapagos||Leftovers|TeraShift|TeraStarstorm,EarthPower,CalmMind,Protect|||M|||50|,,,,,Stellar]Koraidon||LifeOrb|OrichalcumPulse|CloseCombat,FlareBlitz,FlameCharge,Protect||||||50|,,,,,Fire]Incineroar||RockyHelmet|Intimidate|FakeOut,FlareBlitz,KnockOff,PartingShot|||F|||50|,,,,,Bug]Flutter Mane||FocusSash|Protosynthesis|Moonblast,ShadowBall,IcyWind,Protect||||||50|,,,,,Stellar]Raging Bolt||AssaultVest|Protosynthesis|Thunderbolt,Thunderclap,Snarl,DracoMeteor||||||50|,,,,,Electric]Ogerpon-Cornerstone||CornerstoneMask|Sturdy|IvyCudgel,PowerWhip,FollowMe,SpikyShield|||F|||50|,,,,,Rock\n|inactive|Battle timer is ON: inactive players will automatically lose when time's up. (requested by waveniki)\n|inactive|Hoogaman also wants the timer to be on.\n|\n|t:|1745971040\n|start\n|switch|p1a: Calyrex|Calyrex-Shadow, L50|100/100\n|switch|p1b: Indeedee|Indeedee-F, L50, F, shiny|100/100\n|switch|p2a: Koraidon|Koraidon, L50|100/100\n|switch|p2b: Flutter Mane|Flutter Mane, L50|100/100\n|-ability|p1a: Calyrex|As One\n|-ability|p1a: Calyrex|Unnerve\n|-weather|SunnyDay|[from] ability: Orichalcum Pulse|[of] p2a: Koraidon\n|-activate|p2b: Flutter Mane|ability: Protosynthesis\n|-start|p2b: Flutter Mane|protosynthesisspe\n|-activate|p2a: Koraidon|Orichalcum Pulse|[source]\n|-fieldstart|move: Psychic Terrain|[from] ability: Psychic Surge|[of] p1b: Indeedee\n|turn|1\n|inactive|Hoogaman has 30 seconds left.\n|\n|t:|1745971069\n|switch|p2a: Incineroar|Incineroar, L50, F|100/100\n|-ability|p2a: Incineroar|Intimidate|boost\n|-unboost|p1a: Calyrex|atk|1\n|-unboost|p1b: Indeedee|atk|1\n|move|p1b: Indeedee|Follow Me|p1b: Indeedee\n|-singleturn|p1b: Indeedee|move: Follow Me\n|move|p2b: Flutter Mane|Icy Wind|p1b: Indeedee|[spread] p1a,p1b\n|-crit|p1b: Indeedee\n|-damage|p1a: Calyrex|84/100\n|-damage|p1b: Indeedee|78/100\n|-unboost|p1a: Calyrex|spe|1\n|-unboost|p1b: Indeedee|spe|1\n|move|p1a: Calyrex|Nasty Plot|p1a: Calyrex\n|-boost|p1a: Calyrex|spa|2\n|\n|-weather|SunnyDay|[upkeep]\n|upkeep\n|turn|2\n|inactive|waveniki has 30 seconds left.\n|\n|t:|1745971095\n|move|p2b: Flutter Mane|Protect|p2b: Flutter Mane\n|-singleturn|p2b: Flutter Mane|Protect\n|move|p1b: Indeedee|Follow Me|p1b: Indeedee\n|-singleturn|p1b: Indeedee|move: Follow Me\n|move|p1a: Calyrex|Astral Barrage|p2b: Flutter Mane|[spread] p2a\n|-activate|p2b: Flutter Mane|move: Protect\n|-resisted|p2a: Incineroar\n|-damage|p2a: Incineroar|50/100\n|move|p2a: Incineroar|Knock Off|p1b: Indeedee\n|-supereffective|p1b: Indeedee\n|-damage|p1b: Indeedee|0 fnt\n|-enditem|p1b: Indeedee|Mental Herb|[from] move: Knock Off|[of] p2a: Incineroar\n|faint|p1b: Indeedee\n|\n|-weather|SunnyDay|[upkeep]\n|upkeep\n|\n|t:|1745971102\n|switch|p1b: Sneasler|Sneasler, L50, F, shiny|100/100\n|-enditem|p1b: Sneasler|Psychic Seed\n|-boost|p1b: Sneasler|spd|1|[from] item: Psychic Seed\n|turn|3\n|\n|t:|1745971119\n|move|p1b: Sneasler|Acrobatics|p2b: Flutter Mane\n|-damage|p2b: Flutter Mane|16/100\n|move|p2b: Flutter Mane|Icy Wind|p1a: Calyrex|[spread] p1b\n|-miss|p2b: Flutter Mane|p1a: Calyrex\n|-damage|p1b: Sneasler|86/100\n|-unboost|p1b: Sneasler|spe|1\n|move|p1a: Calyrex|Astral Barrage|p2a: Incineroar|[spread] p2a,p2b\n|-resisted|p2a: Incineroar\n|-supereffective|p2b: Flutter Mane\n|-damage|p2a: Incineroar|0 fnt\n|-damage|p2b: Flutter Mane|0 fnt\n|faint|p2a: Incineroar\n|faint|p2b: Flutter Mane\n|-end|p2b: Flutter Mane|Protosynthesis|[silent]\n|-ability|p1a: Calyrex|Grim Neigh|boost\n|-boost|p1a: Calyrex|spa|2\n|\n|-weather|SunnyDay|[upkeep]\n|upkeep\n|\n|t:|1745971123\n|switch|p2b: Raging Bolt|Raging Bolt, L50|100/100\n|switch|p2a: Koraidon|Koraidon, L50|100/100\n|-activate|p2a: Koraidon|ability: Orichalcum Pulse\n|-activate|p2b: Raging Bolt|ability: Protosynthesis\n|-start|p2b: Raging Bolt|protosynthesisspa\n|turn|4\n|inactive|Hoogaman has 30 seconds left.\n|inactive|waveniki has 30 seconds left.\n|inactive|waveniki has 20 seconds left.\n|\n|t:|1745971159\n|-terastallize|p2a: Koraidon|Fire\n|move|p1b: Sneasler|Acrobatics|p2a: Koraidon\n|-damage|p2a: Koraidon|62/100\n|move|p2a: Koraidon|Flare Blitz|p1a: Calyrex\n|-damage|p1a: Calyrex|0 fnt\n|faint|p1a: Calyrex\n|-damage|p2a: Koraidon|35/100|[from] Recoil\n|-damage|p2a: Koraidon|25/100|[from] item: Life Orb\n|move|p2b: Raging Bolt|Thunderbolt|p1b: Sneasler\n|-damage|p1b: Sneasler|30/100\n|\n|-weather|SunnyDay|[upkeep]\n|upkeep\n|\n|t:|1745971165\n|switch|p1a: Zamazenta|Zamazenta-Crowned, L50, shiny|100/100\n|-ability|p1a: Zamazenta|Dauntless Shield|boost\n|-boost|p1a: Zamazenta|def|1\n|turn|5\n|\n|t:|1745971175\n|move|p2a: Koraidon|Protect|p2a: Koraidon\n|-singleturn|p2a: Koraidon|Protect\n|move|p1b: Sneasler|Acrobatics|p2a: Koraidon\n|-activate|p2a: Koraidon|move: Protect\n|move|p1a: Zamazenta|Iron Defense|p1a: Zamazenta\n|-boost|p1a: Zamazenta|def|2\n|move|p2b: Raging Bolt|Thunderbolt|p1b: Sneasler\n|-damage|p1b: Sneasler|0 fnt\n|faint|p1b: Sneasler\n|\n|-weather|none\n|-end|p2b: Raging Bolt|Protosynthesis\n|-fieldend|move: Psychic Terrain\n|upkeep\n|turn|6\n|\n|t:|1745971183\n|move|p2a: Koraidon|Flare Blitz|p1a: Zamazenta\n|-supereffective|p1a: Zamazenta\n|-damage|p1a: Zamazenta|57/100\n|-damage|p2a: Koraidon|12/100|[from] Recoil\n|-damage|p2a: Koraidon|2/100|[from] item: Life Orb\n|move|p1a: Zamazenta|Body Press|p2a: Koraidon\n|-damage|p2a: Koraidon|0 fnt\n|faint|p2a: Koraidon\n|move|p2b: Raging Bolt|Thunderbolt|p1a: Zamazenta\n|-damage|p1a: Zamazenta|13/100\n|\n|upkeep\n|turn|7\n|\n|t:|1745971187\n|move|p2b: Raging Bolt|Thunderclap|p1a: Zamazenta\n|-damage|p1a: Zamazenta|0 fnt\n|faint|p1a: Zamazenta\n|\n|win|waveniki\n|raw|Hoogaman's rating: 1103 &rarr; <strong>1084</strong><br />(-19 for losing)\n|raw|waveniki's rating: 1189 &rarr; <strong>1208</strong><br />(+19 for winning)\n", "uploadtime": 1745971193, "views": 15, "formatid": "gen9vgc2025regibo3", "rating": 1084, "private": 0, "password": null}