{"id": "gen9vgc2025regibo3-2353749556", "format": "[Gen 9] VGC 2025 Reg I (Bo3)", "players": ["Elektrosteff", "enyelvgc"], "log": "|j|\u2606Elektrosteff\n|j|\u2606enyelvgc\n|html|<table width=\"100%\"><tr><td align=\"left\">Elektrosteff</td><td align=\"right\">enyelvgc</tr><tr><td align=\"left\"><i class=\"fa fa-circle-o\"></i> <i class=\"fa fa-circle-o\"></i> </td><td align=\"right\"><i class=\"fa fa-circle-o\"></i> <i class=\"fa fa-circle-o\"></i> </tr></table>\n|uhtml|bestof|<h2><strong>Game 1</strong> of <a href=\"/game-bestof3-gen9vgc2025regibo3-2353749554\">a best-of-3</a></h2>\n|t:|1745993473\n|gametype|doubles\n|player|p1|Elektrosteff|roughneck-gen4|1144\n|player|p2|enyelvgc|1|1160\n|teamsize|p1|6\n|teamsize|p2|6\n|gen|9\n|tier|[Gen 9] VGC 2025 Reg I (Bo3)\n|rated|\n|rule|Species Clause: Limit one of each Pok\u00e9mon\n|rule|Item Clause: Limit 1 of each item\n|clearpoke\n|poke|p1|Terapagos, L50, M|\n|poke|p1|Lunala, L50|\n|poke|p1|Rillaboom, L50, F|\n|poke|p1|Incineroar, L50, F|\n|poke|p1|Ogerpon-Wellspring, L50, F|\n|poke|p1|Comfey, L50, F|\n|poke|p2|Rillaboom, L50, F|\n|poke|p2|Calyrex-Shadow, L50|\n|poke|p2|Whimsicott, L50, M|\n|poke|p2|Koraidon, L50|\n|poke|p2|Farigiraf, L50, M|\n|poke|p2|Ogerpon-Cornerstone, L50, F|\n|teampreview|4\n|showteam|p1|Terapagos||CovertCloak|TeraShift|TeraStarstorm,EarthPower,CalmMind,Protect|||M|||50|,,,,,Stellar]Lunala||PowerHerb|ShadowShield|MoongeistBeam,Moonblast,MeteorBeam,WideGuard||||||50|,,,,,Fairy]Rillaboom||AssaultVest|GrassySurge|WoodHammer,GrassyGlide,Uturn,FakeOut|||F|||50|,,,,,Fire]Incineroar||SafetyGoggles|Intimidate|KnockOff,WillOWisp,PartingShot,FakeOut|||F|||50|,,,,,Ghost]Ogerpon-Wellspring||WellspringMask|WaterAbsorb|IvyCudgel,HornLeech,FollowMe,SpikyShield|||F|||50|,,,,,Water]Comfey||Leftovers|Triage|DrainingKiss,FloralHealing,Protect,TrickRoom|||F|||50|,,,,,Water\n|showteam|p2|Rillaboom||AssaultVest|GrassySurge|GrassyGlide,WoodHammer,Uturn,FakeOut|||F|||50|,,,,,Water]Calyrex-Shadow||FocusSash|AsOneSpectrier|AstralBarrage,Psychic,NastyPlot,Protect||||||50|,,,,,Normal]Whimsicott||AbilityShield|Prankster|Tailwind,Moonblast,HelpingHand,Taunt|||M|||50|,,,,,Ghost]Koraidon||LifeOrb|OrichalcumPulse|FlameCharge,FlareBlitz,CloseCombat,Protect||||||50|,,,,,Fire]Farigiraf||SitrusBerry|ArmorTail|TrickRoom,HelpingHand,FoulPlay,Imprison|||M|||50|,,,,,Fairy]Ogerpon-Cornerstone||CornerstoneMask|Sturdy|FollowMe,IvyCudgel,WoodHammer,Spikes|||F|||50|,,,,,Rock\n|inactive|Battle timer is ON: inactive players will automatically lose when time's up. (requested by Elektrosteff)\n|inactive|Elektrosteff has 60 seconds left.\n|inactive|enyelvgc has 60 seconds left.\n|inactive|enyelvgc has 30 seconds left.\n|inactive|enyelvgc has 20 seconds left.\n|inactive|enyelvgc has 15 seconds left.\n|\n|t:|1745993550\n|start\n|switch|p1a: Lunala|Lunala, L50|100/100\n|switch|p1b: Incineroar|Incineroar, L50, F|100/100\n|switch|p2a: Koraidon|Koraidon, L50|100/100\n|switch|p2b: Farigiraf|Farigiraf, L50, M, shiny|100/100\n|-weather|SunnyDay|[from] ability: Orichalcum Pulse|[of] p2a: Koraidon\n|-activate|p2a: Koraidon|Orichalcum Pulse|[source]\n|-ability|p1b: Incineroar|Intimidate|boost\n|-unboost|p2a: Koraidon|atk|1\n|-unboost|p2b: Farigiraf|atk|1\n|turn|1\n|inactive|Elektrosteff has 30 seconds left.\n|\n|t:|1745993576\n|-terastallize|p2a: Koraidon|Fire\n|-terastallize|p1b: Incineroar|Ghost\n|move|p2a: Koraidon|Flame Charge|p1a: Lunala\n|-damage|p1a: Lunala|79/100\n|-boost|p2a: Koraidon|spe|1\n|-damage|p2a: Koraidon|91/100|[from] item: Life Orb\n|move|p1a: Lunala|Meteor Beam||[still]\n|-prepare|p1a: Lunala|Meteor Beam\n|-boost|p1a: Lunala|spa|1\n|-enditem|p1a: Lunala|Power Herb\n|-anim|p1a: Lunala|Meteor Beam|p2a: Koraidon\n|-supereffective|p2a: Koraidon\n|-damage|p2a: Koraidon|0 fnt\n|faint|p2a: Koraidon\n|move|p2b: Farigiraf|Foul Play|p1a: Lunala\n|-supereffective|p1a: Lunala\n|-damage|p1a: Lunala|21/100\n|move|p1b: Incineroar|Knock Off|p2b: Farigiraf\n|-supereffective|p2b: Farigiraf\n|-damage|p2b: Farigiraf|28/100\n|-enditem|p2b: Farigiraf|Sitrus Berry|[from] move: Knock Off|[of] p1b: Incineroar\n|\n|-weather|SunnyDay|[upkeep]\n|upkeep\n|\n|t:|1745993598\n|switch|p2a: Calyrex|Calyrex-Shadow, L50|100/100\n|-ability|p2a: Calyrex|As One\n|-ability|p2a: Calyrex|Unnerve\n|turn|2\n|inactive|enyelvgc has 30 seconds left.\n|inactive|enyelvgc has 20 seconds left.\n|inactive|enyelvgc has 15 seconds left.\n|\n|t:|1745993640\n|switch|p1a: Rillaboom|Rillaboom, L50, F|100/100\n|-fieldstart|move: Grassy Terrain|[from] ability: Grassy Surge|[of] p1a: Rillaboom\n|move|p2b: Farigiraf|Helping Hand|p2a: Calyrex\n|-singleturn|p2a: Calyrex|Helping Hand|[of] p2b: Farigiraf\n|move|p2a: Calyrex|Psychic|p1a: Rillaboom\n|-damage|p1a: Rillaboom|35/100\n|move|p1b: Incineroar|Parting Shot|p2a: Calyrex\n|-unboost|p2a: Calyrex|atk|1\n|-unboost|p2a: Calyrex|spa|1\n|\n|t:|1745993657\n|switch|p1b: Comfey|Comfey, L50, F|100/100|[from] Parting Shot\n|\n|-weather|SunnyDay|[upkeep]\n|-heal|p1a: Rillaboom|41/100|[from] Grassy Terrain\n|-heal|p2b: Farigiraf|34/100|[from] Grassy Terrain\n|upkeep\n|turn|3\n|inactive|enyelvgc has 30 seconds left.\n|inactive|enyelvgc has 20 seconds left.\n|inactive|enyelvgc has 15 seconds left.\n|inactive|enyelvgc has 10 seconds left.\n|inactive|enyelvgc has 5 seconds left.\n|\n|t:|1745993712\n|switch|p1a: Incineroar|Incineroar, L50, F, tera:Ghost|100/100\n|-ability|p1a: Incineroar|Intimidate|boost\n|-unboost|p2a: Calyrex|atk|1\n|-unboost|p2b: Farigiraf|atk|1\n|move|p2a: Calyrex|Astral Barrage|p1a: Incineroar|[spread] p1a,p1b\n|-supereffective|p1a: Incineroar\n|-damage|p1a: Incineroar|38/100\n|-damage|p1b: Comfey|66/100\n|move|p1b: Comfey|Trick Room|p1b: Comfey\n|-fieldstart|move: Trick Room|[of] p1b: Comfey\n|move|p2b: Farigiraf|Trick Room|p2b: Farigiraf\n|-fieldend|move: Trick Room\n|\n|-weather|SunnyDay|[upkeep]\n|-heal|p1b: Comfey|71/100|[from] Grassy Terrain\n|-heal|p1b: Comfey|77/100|[from] item: Leftovers\n|-heal|p2b: Farigiraf|41/100|[from] Grassy Terrain\n|-heal|p1a: Incineroar|44/100|[from] Grassy Terrain\n|upkeep\n|turn|4\n|inactive|Elektrosteff has 30 seconds left.\n|\n|t:|1745993743\n|move|p1b: Comfey|Floral Healing|p1a: Incineroar\n|-heal|p1a: Incineroar|100/100\n|move|p2a: Calyrex|Astral Barrage|p1b: Comfey|[spread] p1a,p1b\n|-supereffective|p1a: Incineroar\n|-damage|p1a: Incineroar|41/100\n|-damage|p1b: Comfey|43/100\n|move|p2b: Farigiraf|Imprison|p2b: Farigiraf\n|-start|p2b: Farigiraf|move: Imprison\n|move|p1a: Incineroar|Knock Off|p2a: Calyrex\n|-supereffective|p2a: Calyrex\n|-enditem|p2a: Calyrex|Focus Sash\n|-damage|p2a: Calyrex|1/100\n|\n|-weather|SunnyDay|[upkeep]\n|-heal|p2a: Calyrex|7/100|[from] Grassy Terrain\n|-heal|p1b: Comfey|49/100|[from] Grassy Terrain\n|-heal|p1b: Comfey|54/100|[from] item: Leftovers\n|-heal|p2b: Farigiraf|47/100|[from] Grassy Terrain\n|-heal|p1a: Incineroar|47/100|[from] Grassy Terrain\n|upkeep\n|turn|5\n|inactive|Elektrosteff has 30 seconds left.\n|inactive|enyelvgc has 30 seconds left.\n|inactive|Elektrosteff has 20 seconds left.\n|\n|t:|1745993780\n|switch|p2a: Ogerpon|Ogerpon-Cornerstone, L50, F|100/100\n|move|p1b: Comfey|Floral Healing|p1a: Incineroar\n|-heal|p1a: Incineroar|100/100\n|move|p1a: Incineroar|Knock Off|p2a: Ogerpon\n|-damage|p2a: Ogerpon|66/100\n|move|p2b: Farigiraf|Foul Play|p1a: Incineroar\n|-supereffective|p1a: Incineroar\n|-damage|p1a: Incineroar|57/100\n|\n|-weather|none\n|-heal|p2a: Ogerpon|71/100|[from] Grassy Terrain\n|-heal|p1b: Comfey|60/100|[from] Grassy Terrain\n|-heal|p1b: Comfey|66/100|[from] item: Leftovers\n|-heal|p2b: Farigiraf|53/100|[from] Grassy Terrain\n|-heal|p1a: Incineroar|63/100|[from] Grassy Terrain\n|upkeep\n|turn|6\n|\n|t:|1745993803\n|switch|p1a: Lunala|Lunala, L50|21/100\n|switch|p2b: Calyrex|Calyrex-Shadow, L50|7/100\n|-ability|p2b: Calyrex|As One\n|-ability|p2b: Calyrex|Unnerve\n|move|p1b: Comfey|Floral Healing|p1a: Lunala\n|-heal|p1a: Lunala|88/100\n|move|p2a: Ogerpon|Wood Hammer|p1b: Comfey\n|-damage|p1b: Comfey|0 fnt\n|faint|p1b: Comfey\n|-damage|p2a: Ogerpon|50/100|[from] Recoil\n|\n|-heal|p2b: Calyrex|12/100|[from] Grassy Terrain\n|-heal|p2a: Ogerpon|55/100|[from] Grassy Terrain\n|-heal|p1a: Lunala|94/100|[from] Grassy Terrain\n|-fieldend|move: Grassy Terrain\n|upkeep\n|\n|t:|1745993820\n|switch|p1b: Rillaboom|Rillaboom, L50, F|41/100\n|-fieldstart|move: Grassy Terrain|[from] ability: Grassy Surge|[of] p1b: Rillaboom\n|turn|7\n|\n|t:|1745993839\n|switch|p2a: Farigiraf|Farigiraf, L50, M, shiny|53/100\n|move|p1a: Lunala|Wide Guard|p1a: Lunala\n|-singleturn|p1a: Lunala|Wide Guard\n|move|p1b: Rillaboom|Grassy Glide||[still]\n|cant|p2a: Farigiraf|ability: Armor Tail|Grassy Glide|[of] p1b: Rillaboom\n|move|p2b: Calyrex|Psychic|p1b: Rillaboom\n|-damage|p1b: Rillaboom|0 fnt\n|faint|p1b: Rillaboom\n|-ability|p2b: Calyrex|Grim Neigh|boost\n|-boost|p2b: Calyrex|spa|1\n|\n|-heal|p2b: Calyrex|18/100|[from] Grassy Terrain\n|-heal|p1a: Lunala|100/100|[from] Grassy Terrain\n|-heal|p2a: Farigiraf|59/100|[from] Grassy Terrain\n|upkeep\n|\n|t:|1745993852\n|switch|p1b: Incineroar|Incineroar, L50, F, tera:Ghost|63/100\n|-ability|p1b: Incineroar|Intimidate|boost\n|-unboost|p2a: Farigiraf|atk|1\n|-unboost|p2b: Calyrex|atk|1\n|turn|8\n|\n|t:|1745993864\n|move|p2a: Farigiraf|Helping Hand|p2b: Calyrex\n|-singleturn|p2b: Calyrex|Helping Hand|[of] p2a: Farigiraf\n|move|p1a: Lunala|Wide Guard|p1a: Lunala\n|-singleturn|p1a: Lunala|Wide Guard\n|move|p2b: Calyrex|Psychic|p1b: Incineroar\n|-damage|p1b: Incineroar|0 fnt\n|faint|p1b: Incineroar\n|-ability|p2b: Calyrex|Grim Neigh|boost\n|-boost|p2b: Calyrex|spa|1\n|\n|-heal|p2b: Calyrex|24/100|[from] Grassy Terrain\n|-heal|p2a: Farigiraf|65/100|[from] Grassy Terrain\n|upkeep\n|turn|9\n|\n|t:|1745993878\n|move|p2b: Calyrex|Protect|p2b: Calyrex\n|-singleturn|p2b: Calyrex|Protect\n|move|p1a: Lunala|Moongeist Beam|p2b: Calyrex\n|-activate|p2b: Calyrex|move: Protect\n|move|p2a: Farigiraf|Foul Play|p1a: Lunala\n|-supereffective|p1a: Lunala\n|-damage|p1a: Lunala|74/100\n|\n|-heal|p2b: Calyrex|30/100|[from] Grassy Terrain\n|-heal|p1a: Lunala|80/100|[from] Grassy Terrain\n|-heal|p2a: Farigiraf|71/100|[from] Grassy Terrain\n|upkeep\n|turn|10\n|inactive|Elektrosteff has 30 seconds left.\n|inactive|enyelvgc has 30 seconds left.\n|inactive|enyelvgc has 20 seconds left.\n|inactive|enyelvgc has 15 seconds left.\n|inactive|enyelvgc has 10 seconds left.\n|\n|t:|1745993924\n|move|p2b: Calyrex|Psychic|p1a: Lunala\n|-resisted|p1a: Lunala\n|-damage|p1a: Lunala|44/100\n|move|p1a: Lunala|Moongeist Beam|p2b: Calyrex\n|-supereffective|p2b: Calyrex\n|-damage|p2b: Calyrex|0 fnt\n|faint|p2b: Calyrex\n|move|p2a: Farigiraf|Foul Play|p1a: Lunala\n|-supereffective|p1a: Lunala\n|-damage|p1a: Lunala|0 fnt\n|faint|p1a: Lunala\n|\n|win|enyelvgc\n|inactive|Elektrosteff has 30 seconds to confirm battle start!\n|inactive|enyelvgc has 30 seconds to confirm battle start!\n||Elektrosteff is ready for game 2.\n|inactive|enyelvgc has 20 seconds to confirm battle start!\n|inactive|enyelvgc has 10 seconds to confirm battle start!\n|uhtml|next|Next: <a href=\"/battle-gen9vgc2025regibo3-2353752265\"><strong>Game 2 of 3</strong></a>\n|l|\u2606Elektrosteff\n|player|p1|\n", "uploadtime": 1745994227, "views": 6, "formatid": "gen9vgc2025regibo3", "rating": null, "private": 0, "password": null}