{"id": "gen9vgc2025regibo3-2354223361", "format": "[Gen 9] VGC 2025 Reg I (Bo3)", "players": ["BIGSCEPTILEFAN", "armadilloguy36"], "log": "|j|\u2606BIGSCEPTILEFAN\n|j|\u2606armadilloguy36\n|html|<table width=\"100%\"><tr><td align=\"left\">BIGSCEPTILEFAN</td><td align=\"right\">armadilloguy36</tr><tr><td align=\"left\"><i class=\"fa fa-circle\"></i> <i class=\"fa fa-circle-o\"></i> </td><td align=\"right\"><i class=\"fa fa-circle-o\"></i> <i class=\"fa fa-circle-o\"></i> </tr></table>\n|uhtml|bestof|<h2><strong>Game 2</strong> of <a href=\"/game-bestof3-gen9vgc2025regibo3-2354220790\">a best-of-3</a></h2>\n|t:|1746046317\n|gametype|doubles\n|player|p1|BIGSCEPTILEFAN|rosa|1070\n|player|p2|armadilloguy36|hilbert-wonderlauncher|1066\n|teamsize|p1|6\n|teamsize|p2|6\n|gen|9\n|tier|[Gen 9] VGC 2025 Reg I (Bo3)\n|rated|\n|rule|Species Clause: Limit one of each Pok\u00e9mon\n|rule|Item Clause: Limit 1 of each item\n|clearpoke\n|poke|p1|Sceptile, L50, F|\n|poke|p1|Zacian-*, L50|\n|poke|p1|Miraidon, L50|\n|poke|p1|Tornadus, L50, M|\n|poke|p1|Incineroar, L50, F|\n|poke|p1|Ogerpon-Wellspring, L50, F|\n|poke|p2|Groudon, L50|\n|poke|p2|Miraidon, L50|\n|poke|p2|Iron Hands, L50|\n|poke|p2|Farigiraf, L50, M|\n|poke|p2|Ogerpon-Hearthflame, L50, F|\n|poke|p2|Thundurus-Therian, L50, M|\n|teampreview|4\n|showteam|p1|Sceptile||ElectricSeed|Unburden|ShedTail,LeafStorm,RockTomb,Protect|||F|||50|,,,,,Ghost]Zacian-Crowned||RustedSword|IntrepidSword|behemothblade,PlayRough,Protect,SwordsDance||||||50|,,,,,Steel]Miraidon||LifeOrb|HadronEngine|DracoMeteor,ElectroDrift,Protect,VoltSwitch||||||50|,,,,,Electric]Tornadus||CovertCloak|Prankster|Tailwind,Taunt,BleakwindStorm,Protect|||M|||50|,,,,,Dark]Incineroar||SafetyGoggles|Intimidate|FakeOut,FlareBlitz,PartingShot,KnockOff|||F|||50|,,,,,Grass]Ogerpon-Wellspring||WellspringMask|WaterAbsorb|FollowMe,SpikyShield,IvyCudgel,HornLeech|||F|||50|,,,,,Water\n|showteam|p2|Groudon||ChoiceScarf|Drought|HeatCrash,PrecipiceBlades,RockSlide,Earthquake||||||50|,,,,,Normal]Miraidon||LifeOrb|HadronEngine|ElectroDrift,Protect,DazzlingGleam,ParabolicCharge||||||50|,,,,,Fairy]Iron Hands||AssaultVest|QuarkDrive|FakeOut,ThunderPunch,TeraBlast,LowKick||||||50|,,,,,Poison]Farigiraf||AguavBerry|ArmorTail|HelpingHand,TrickRoom,ExpandingForce,FoulPlay|||M|||50|,,,,,Dark]Ogerpon-Hearthflame||HearthflameMask|MoldBreaker|HornLeech,FollowMe,IvyCudgel,HelpingHand|||F|||50|,,,,,Fire]Thundurus-Therian||WeaknessPolicy|VoltAbsorb|Uturn,Electroweb,GrassKnot,Endure|||M|||50|,,,,,Normal\n|inactive|Battle timer is ON: inactive players will automatically lose when time's up. (requested by armadilloguy36)\n|inactive|BIGSCEPTILEFAN has 60 seconds left.\n|\n|t:|1746046360\n|start\n|switch|p1a: Incineroar|Incineroar, L50, F|100/100\n|switch|p1b: Miraidon|Miraidon, L50|100/100\n|switch|p2a: Groodon East|Groudon, L50, shiny|100/100\n|switch|p2b: Thundurus|Thundurus-Therian, L50, M|100/100\n|-weather|SunnyDay|[from] ability: Drought|[of] p2a: Groodon East\n|-fieldstart|move: Electric Terrain|[from] ability: Hadron Engine|[of] p1b: Miraidon\n|-ability|p1a: Incineroar|Intimidate|boost\n|-unboost|p2a: Groodon East|atk|1\n|-unboost|p2b: Thundurus|atk|1\n|turn|1\n|inactive|BIGSCEPTILEFAN has 30 seconds left.\n|inactive|armadilloguy36 has 30 seconds left.\n|inactive|BIGSCEPTILEFAN has 20 seconds left.\n|inactive|BIGSCEPTILEFAN has 15 seconds left.\n|\n|t:|1746046402\n|switch|p2a: Kory|Iron Hands, L50, shiny|100/100\n|-activate|p2a: Kory|ability: Quark Drive\n|-start|p2a: Kory|quarkdriveatk\n|-terastallize|p1a: Incineroar|Grass\n|move|p1b: Miraidon|Protect|p1b: Miraidon\n|-singleturn|p1b: Miraidon|Protect\n|move|p2b: Thundurus|Electroweb|p1a: Incineroar|[spread] p1a\n|-activate|p1b: Miraidon|move: Protect\n|-resisted|p1a: Incineroar\n|-damage|p1a: Incineroar|92/100\n|-unboost|p1a: Incineroar|spe|1\n|move|p1a: Incineroar|Knock Off|p2a: Kory\n|-resisted|p2a: Kory\n|-damage|p2a: Kory|88/100\n|-enditem|p2a: Kory|Assault Vest|[from] move: Knock Off|[of] p1a: Incineroar\n|\n|-weather|SunnyDay|[upkeep]\n|upkeep\n|turn|2\n|inactive|BIGSCEPTILEFAN has 30 seconds left.\n|inactive|armadilloguy36 has 30 seconds left.\n|l|\u2606armadilloguy36\n|inactive|armadilloguy36 disconnected and has a minute to reconnect!\n|player|p2|\n|j|\u2606armadilloguy36\n|inactive|armadilloguy36 reconnected and has 25 seconds left.\n|player|p2|armadilloguy36|hilbert-wonderlauncher|\n|inactive|armadilloguy36 has 20 seconds left.\n|inactive|armadilloguy36 has 15 seconds left.\n|\n|t:|1746046447\n|switch|p1b: Ogerpon|Ogerpon-Wellspring, L50, F|100/100\n|move|p2a: Kory|Fake Out|p1a: Incineroar\n|-damage|p1a: Incineroar|77/100\n|move|p2b: Thundurus|Electroweb|p1b: Ogerpon|[spread] p1a,p1b\n|-resisted|p1a: Incineroar\n|-damage|p1a: Incineroar|69/100\n|-damage|p1b: Ogerpon|84/100\n|-unboost|p1a: Incineroar|spe|1\n|-unboost|p1b: Ogerpon|spe|1\n|cant|p1a: Incineroar|flinch\n|\n|-weather|SunnyDay|[upkeep]\n|upkeep\n|turn|3\n|inactive|BIGSCEPTILEFAN has 30 seconds left.\n|\n|t:|1746046472\n|move|p2b: Thundurus|U-turn|p1b: Ogerpon\n|-supereffective|p1b: Ogerpon\n|-damage|p1b: Ogerpon|63/100\n|\n|t:|1746046477\n|switch|p2b: Groodon East|Groudon, L50, shiny|100/100|[from] U-turn\n|move|p1b: Ogerpon|Ivy Cudgel|p2b: Groodon East|[anim] Ivy Cudgel Water\n|-supereffective|p2b: Groodon East\n|-damage|p2b: Groodon East|62/100\n|move|p2a: Kory|Low Kick|p1a: Incineroar\n|-damage|p1a: Incineroar|20/100\n|move|p1a: Incineroar|Parting Shot|p2a: Kory\n|-unboost|p2a: Kory|atk|1\n|-unboost|p2a: Kory|spa|1\n|\n|t:|1746046501\n|switch|p1a: Zacian|Zacian-Crowned, L50|100/100|[from] Parting Shot\n|-ability|p1a: Zacian|Intrepid Sword|boost\n|-boost|p1a: Zacian|atk|1\n|\n|-weather|SunnyDay|[upkeep]\n|upkeep\n|turn|4\n|\n|t:|1746046519\n|switch|p2b: Thundurus|Thundurus-Therian, L50, M|100/100\n|switch|p1b: Incineroar|Incineroar, L50, F, tera:Grass|20/100\n|-ability|p1b: Incineroar|Intimidate|boost\n|-unboost|p2a: Kory|atk|1\n|-unboost|p2b: Thundurus|atk|1\n|move|p1a: Zacian|Behemoth Blade|p2b: Thundurus\n|-resisted|p2b: Thundurus\n|-damage|p2b: Thundurus|40/100\n|move|p2a: Kory|Thunder Punch|p1b: Incineroar\n|-resisted|p1b: Incineroar\n|-damage|p1b: Incineroar|4/100\n|\n|-weather|SunnyDay|[upkeep]\n|upkeep\n|turn|5\n|inactive|BIGSCEPTILEFAN has 30 seconds left.\n|\n|t:|1746046550\n|move|p2b: Thundurus|Endure|p2b: Thundurus\n|-singleturn|p2b: Thundurus|move: Endure\n|move|p1b: Incineroar|Fake Out|p2b: Thundurus\n|-damage|p2b: Thundurus|24/100\n|move|p1a: Zacian|Behemoth Blade|p2b: Thundurus\n|-resisted|p2b: Thundurus\n|-activate|p2b: Thundurus|move: Endure\n|-damage|p2b: Thundurus|1/100\n|move|p2a: Kory|Thunder Punch|p2b: Thundurus\n|-heal|p2b: Thundurus|26/100|[from] ability: Volt Absorb|[of] p2a: Kory\n|\n|-weather|none\n|-fieldend|move: Electric Terrain\n|-end|p2a: Kory|Quark Drive\n|upkeep\n|turn|6\n|inactive|BIGSCEPTILEFAN has 30 seconds left.\n|inactive|armadilloguy36 has 30 seconds left.\n|\n|t:|1746046589\n|switch|p2b: Mory|Miraidon, L50|100/100\n|-fieldstart|move: Electric Terrain|[from] ability: Hadron Engine|[of] p2b: Mory\n|-activate|p2a: Kory|ability: Quark Drive\n|-start|p2a: Kory|quarkdrivespd\n|move|p1a: Zacian|Behemoth Blade|p2b: Mory\n|-resisted|p2b: Mory\n|-damage|p2b: Mory|56/100\n|move|p1b: Incineroar|Knock Off|p2b: Mory\n|-damage|p2b: Mory|16/100\n|-enditem|p2b: Mory|Life Orb|[from] move: Knock Off|[of] p1b: Incineroar\n|move|p2a: Kory|Low Kick|p1a: Zacian\n|-damage|p1a: Zacian|70/100\n|\n|upkeep\n|turn|7\n|\n|t:|1746046609\n|switch|p1b: Ogerpon|Ogerpon-Wellspring, L50, F|63/100\n|move|p1a: Zacian|Protect|p1a: Zacian\n|-singleturn|p1a: Zacian|Protect\n|move|p2b: Mory|Electro Drift|p1a: Zacian\n|-activate|p1a: Zacian|move: Protect\n|move|p2a: Kory|Low Kick|p1b: Ogerpon\n|-crit|p1b: Ogerpon\n|-damage|p1b: Ogerpon|10/100\n|\n|upkeep\n|turn|8\n|\n|t:|1746046630\n|switch|p2b: Thundurus|Thundurus-Therian, L50, M|26/100\n|move|p1b: Ogerpon|Follow Me|p1b: Ogerpon\n|-singleturn|p1b: Ogerpon|move: Follow Me\n|move|p1a: Zacian|Behemoth Blade|p2b: Thundurus\n|-resisted|p2b: Thundurus\n|-damage|p2b: Thundurus|0 fnt\n|faint|p2b: Thundurus\n|move|p2a: Kory|Thunder Punch|p1b: Ogerpon\n|-damage|p1b: Ogerpon|0 fnt\n|faint|p1b: Ogerpon\n|\n|upkeep\n|\n|t:|1746046645\n|switch|p2b: Mory|Miraidon, L50|16/100\n|switch|p1b: Incineroar|Incineroar, L50, F, tera:Grass|4/100\n|-activate|p2b: Mory|ability: Hadron Engine\n|-ability|p1b: Incineroar|Intimidate|boost\n|-unboost|p2a: Kory|atk|1\n|-unboost|p2b: Mory|atk|1\n|turn|9\n|\n|t:|1746046663\n|move|p2b: Mory|Protect|p2b: Mory\n|-singleturn|p2b: Mory|Protect\n|move|p1a: Zacian|Protect|p1a: Zacian\n|-singleturn|p1a: Zacian|Protect\n|move|p1b: Incineroar|Fake Out|p2a: Kory\n|-damage|p2a: Kory|80/100\n|cant|p2a: Kory|flinch\n|\n|upkeep\n|turn|10\n|\n|t:|1746046682\n|switch|p1a: Miraidon|Miraidon, L50|100/100\n|-activate|p1a: Miraidon|ability: Hadron Engine\n|move|p2b: Mory|Electro Drift|p1a: Miraidon\n|-resisted|p1a: Miraidon\n|-damage|p1a: Miraidon|81/100\n|move|p1b: Incineroar|Flare Blitz|p2b: Mory\n|-resisted|p2b: Mory\n|-damage|p2b: Mory|0 fnt\n|faint|p2b: Mory\n|-damage|p1b: Incineroar|0 fnt|[from] Recoil\n|faint|p1b: Incineroar\n|move|p2a: Kory|Low Kick|p1a: Miraidon\n|-damage|p1a: Miraidon|54/100\n|\n|-fieldend|move: Electric Terrain\n|-end|p2a: Kory|Quark Drive\n|upkeep\n|\n|t:|1746046701\n|switch|p2b: Groodon East|Groudon, L50, shiny|62/100\n|switch|p1b: Zacian|Zacian-Crowned, L50|70/100\n|-weather|SunnyDay|[from] ability: Drought|[of] p2b: Groodon East\n|turn|11\n|\n|t:|1746046714\n|move|p2b: Groodon East|Precipice Blades|p1a: Miraidon|[spread] \n|-miss|p2b: Groodon East|p1a: Miraidon\n|-miss|p2b: Groodon East|p1b: Zacian\n|move|p1a: Miraidon|Draco Meteor|p2b: Groodon East|[miss]\n|-miss|p1a: Miraidon|p2b: Groodon East\n|move|p1b: Zacian|Behemoth Blade|p2b: Groodon East\n|-damage|p2b: Groodon East|14/100\n|move|p2a: Kory|Low Kick|p1b: Zacian\n|-damage|p1b: Zacian|45/100\n|\n|-weather|SunnyDay|[upkeep]\n|upkeep\n|turn|12\n|c|\u2606BIGSCEPTILEFAN|The triple miss\n|inactive|BIGSCEPTILEFAN has 30 seconds left.\n|c|\u2606armadilloguy36|crazy\n|\n|t:|1746046748\n|move|p2b: Groodon East|Precipice Blades|p1b: Zacian|[spread] p1a,p1b\n|-supereffective|p1a: Miraidon\n|-supereffective|p1b: Zacian\n|-damage|p1a: Miraidon|0 fnt\n|-damage|p1b: Zacian|0 fnt\n|faint|p1a: Miraidon\n|faint|p1b: Zacian\n|\n|win|armadilloguy36\n||armadilloguy36 is ready for game 3.\n|inactive|BIGSCEPTILEFAN has 30 seconds to confirm battle start!\n||BIGSCEPTILEFAN is ready for game 3.\n|uhtml|next|Next: <a href=\"/battle-gen9vgc2025regibo3-2354227692\"><strong>Game 3 of 3</strong></a>\n|l|\u2606armadilloguy36\n|player|p2|\n", "uploadtime": 1746047008, "views": 16, "formatid": "gen9vgc2025regibo3", "rating": null, "private": 0, "password": null}