{"id": "gen9vgc2025regibo3-2354481732", "format": "[Gen 9] VGC 2025 Reg I (Bo3)", "players": ["scottedstone", "LastChanceShot"], "log": "|j|\u2606scottedstone\n|j|\u2606LastChanceShot\n|html|<table width=\"100%\"><tr><td align=\"left\">scottedstone</td><td align=\"right\">LastChanceShot</tr><tr><td align=\"left\"><i class=\"fa fa-circle-o\"></i> <i class=\"fa fa-circle-o\"></i> </td><td align=\"right\"><i class=\"fa fa-circle-o\"></i> <i class=\"fa fa-circle-o\"></i> </tr></table>\n|uhtml|bestof|<h2><strong>Game 1</strong> of <a href=\"/game-bestof3-gen9vgc2025regibo3-2354481731\">a best-of-3</a></h2>\n|t:|1746078873\n|gametype|doubles\n|player|p1|scottedstone|265|1227\n|player|p2|LastChanceShot|265|1010\n|teamsize|p1|6\n|teamsize|p2|6\n|gen|9\n|tier|[Gen 9] VGC 2025 Reg I (Bo3)\n|rated|\n|rule|Species Clause: Limit one of each Pok\u00e9mon\n|rule|Item Clause: Limit 1 of each item\n|clearpoke\n|poke|p1|Miraidon, L50|\n|poke|p1|Iron Hands, L50|\n|poke|p1|Farigiraf, L50, M|\n|poke|p1|Ogerpon-Hearthflame, L50, F|\n|poke|p1|Whimsicott, L50, F|\n|poke|p1|Calyrex-Ice, L50|\n|poke|p2|Chien-Pao, L50|\n|poke|p2|Indeedee-F, L50, F|\n|poke|p2|Calyrex-Shadow, L50|\n|poke|p2|Koraidon, L50|\n|poke|p2|Chi-Yu, L50|\n|poke|p2|Whimsicott, L50, F|\n|teampreview|4\n|showteam|p1|Miraidon||ChoiceSpecs|HadronEngine|ElectroDrift,VoltSwitch,DracoMeteor,DazzlingGleam||||||50|,,,,,Fairy]Iron Hands||AssaultVest|QuarkDrive|DrainPunch,HeavySlam,LowKick,FakeOut||||||50|,,,,,Water]Farigiraf||ElectricSeed|ArmorTail|TrickRoom,Psychic,HelpingHand,FoulPlay|||M|||50|,,,,,Water]Ogerpon-Hearthflame||HearthflameMask|MoldBreaker|IvyCudgel,WoodHammer,FollowMe,SpikyShield|||F|||50|,,,,,Fire]Whimsicott||CovertCloak|Prankster|Moonblast,LightScreen,Encore,Tailwind|||F|||50|,,,,,Dark]Calyrex-Ice||ClearAmulet|AsOneGlastrier|GlacialLance,Protect,TrickRoom,HighHorsepower||||||50|,,,,,Fire\n|showteam|p2|Chien-Pao||FocusSash|SwordofRuin|Protect,SuckerPunch,IcicleCrash,SacredSword||||||50|,,,,,Fighting]Indeedee-F||PsychicSeed|PsychicSurge|ShadowBall,FollowMe,TrickRoom,HelpingHand|||F|||50|,,,,,Psychic]Calyrex-Shadow||LifeOrb|AsOneSpectrier|AstralBarrage,PollenPuff,Protect,Encore||||||50|,,,,,Dark]Koraidon||ClearAmulet|OrichalcumPulse|FlareBlitz,ScaleShot,CloseCombat,Protect||||||50|,,,,,Fire]Chi-Yu||ChoiceScarf|BeadsofRuin|HeatWave,Overheat,DarkPulse,Snarl||||||50|,,,,,Dark]Whimsicott||CovertCloak|Prankster|Encore,Tailwind,Moonblast,FakeTears|||F|||50|,,,,,Grass\n|inactive|Battle timer is ON: inactive players will automatically lose when time's up. (requested by scottedstone)\n|inactive|LastChanceShot has 60 seconds left.\n|\n|t:|1746078935\n|start\n|switch|p1a: Miraidon|Miraidon, L50|100/100\n|switch|p1b: Farigiraf|Farigiraf, L50, M|100/100\n|switch|p2a: Chi-Yu|Chi-Yu, L50|100/100\n|switch|p2b: Koraidon|Koraidon, L50|100/100\n|-ability|p2a: Chi-Yu|Beads of Ruin\n|-weather|SunnyDay|[from] ability: Orichalcum Pulse|[of] p2b: Koraidon\n|-activate|p2b: Koraidon|Orichalcum Pulse|[source]\n|-fieldstart|move: Electric Terrain|[from] ability: Hadron Engine|[of] p1a: Miraidon\n|-enditem|p1b: Farigiraf|Electric Seed\n|-boost|p1b: Farigiraf|def|1|[from] item: Electric Seed\n|turn|1\n|inactive|scottedstone has 30 seconds left.\n|inactive|LastChanceShot has 30 seconds left.\n|\n|t:|1746078963\n|-terastallize|p1b: Farigiraf|Water\n|move|p2b: Koraidon|Protect|p2b: Koraidon\n|-singleturn|p2b: Koraidon|Protect\n|move|p2a: Chi-Yu|Snarl|p1b: Farigiraf|[spread] p1a,p1b\n|-damage|p1a: Miraidon|76/100\n|-damage|p1b: Farigiraf|68/100\n|-unboost|p1a: Miraidon|spa|1\n|-unboost|p1b: Farigiraf|spa|1\n|move|p1a: Miraidon|Volt Switch|p2a: Chi-Yu\n|-damage|p2a: Chi-Yu|27/100\n|\n|t:|1746078986\n|switch|p1a: Calyrex|Calyrex-Ice, L50|100/100|[from] Volt Switch\n|-ability|p1a: Calyrex|As One\n|-ability|p1a: Calyrex|Unnerve\n|move|p1b: Farigiraf|Trick Room|p1b: Farigiraf\n|-fieldstart|move: Trick Room|[of] p1b: Farigiraf\n|\n|-weather|SunnyDay|[upkeep]\n|upkeep\n|turn|2\n|\n|t:|1746079008\n|switch|p2b: Indeedee|Indeedee-F, L50, F|100/100\n|-fieldstart|move: Psychic Terrain|[from] ability: Psychic Surge|[of] p2b: Indeedee\n|-enditem|p2b: Indeedee|Psychic Seed\n|-boost|p2b: Indeedee|spd|1|[from] item: Psychic Seed\n|move|p1a: Calyrex|Protect|p1a: Calyrex\n|-singleturn|p1a: Calyrex|Protect\n|move|p1b: Farigiraf|Psychic|p2b: Indeedee\n|-resisted|p2b: Indeedee\n|-damage|p2b: Indeedee|90/100\n|move|p2a: Chi-Yu|Snarl|p1b: Farigiraf|[spread] p1b\n|-activate|p1a: Calyrex|move: Protect\n|-damage|p1b: Farigiraf|39/100\n|-unboost|p1b: Farigiraf|spa|1\n|\n|-weather|SunnyDay|[upkeep]\n|upkeep\n|turn|3\n|inactive|LastChanceShot has 30 seconds left.\n|inactive|LastChanceShot has 20 seconds left.\n|inactive|LastChanceShot has 15 seconds left.\n|\n|t:|1746079049\n|move|p1b: Farigiraf|Helping Hand|p1a: Calyrex\n|-singleturn|p1a: Calyrex|Helping Hand|[of] p1b: Farigiraf\n|move|p1a: Calyrex|Glacial Lance|p2a: Chi-Yu|[spread] p2a,p2b\n|-resisted|p2a: Chi-Yu\n|-damage|p2a: Chi-Yu|0 fnt\n|-damage|p2b: Indeedee|0 fnt\n|faint|p2a: Chi-Yu\n|faint|p2b: Indeedee\n|-ability|p1a: Calyrex|Chilling Neigh|boost\n|-boost|p1a: Calyrex|atk|2\n|\n|-weather|SunnyDay|[upkeep]\n|upkeep\n|\n|t:|1746079059\n|switch|p2b: Calyrex|Calyrex-Shadow, L50|100/100\n|switch|p2a: Koraidon|Koraidon, L50|100/100\n|-ability|p2b: Calyrex|As One\n|-ability|p2b: Calyrex|Unnerve\n|-activate|p2a: Koraidon|ability: Orichalcum Pulse\n|turn|4\n|\n|t:|1746079075\n|switch|p1b: Iron Hands|Iron Hands, L50|100/100\n|move|p1a: Calyrex|Protect|p1a: Calyrex\n|-singleturn|p1a: Calyrex|Protect\n|move|p2a: Koraidon|Protect|p2a: Koraidon\n|-singleturn|p2a: Koraidon|Protect\n|move|p2b: Calyrex|Protect||[still]\n|-fail|p2b: Calyrex\n|\n|-weather|SunnyDay|[upkeep]\n|upkeep\n|turn|5\n|inactive|LastChanceShot has 30 seconds left.\n|inactive|LastChanceShot has 20 seconds left.\n|inactive|LastChanceShot has 15 seconds left.\n|inactive|LastChanceShot has 10 seconds left.\n|\n|t:|1746079122\n|-terastallize|p2a: Koraidon|Fire\n|move|p1b: Iron Hands|Fake Out|p2a: Koraidon\n|-activate|p2a: Koraidon|move: Psychic Terrain\n|move|p1a: Calyrex|Glacial Lance|p2b: Calyrex|[spread] p2a,p2b\n|-resisted|p2a: Koraidon\n|-damage|p2a: Koraidon|50/100\n|-damage|p2b: Calyrex|0 fnt\n|faint|p2b: Calyrex\n|-ability|p1a: Calyrex|Chilling Neigh|boost\n|-boost|p1a: Calyrex|atk|1\n|move|p2a: Koraidon|Flare Blitz|p1a: Calyrex\n|-supereffective|p1a: Calyrex\n|-damage|p1a: Calyrex|0 fnt\n|faint|p1a: Calyrex\n|-damage|p2a: Koraidon|11/100|[from] Recoil\n|\n|-weather|none\n|-fieldend|move: Trick Room\n|upkeep\n|\n|t:|1746079134\n|switch|p1a: Miraidon|Miraidon, L50|76/100\n|-fieldstart|move: Electric Terrain|[from] ability: Hadron Engine|[of] p1a: Miraidon\n|-activate|p1b: Iron Hands|ability: Quark Drive\n|-start|p1b: Iron Hands|quarkdriveatk\n|turn|6\n|\n|t:|1746079145\n|move|p2a: Koraidon|Scale Shot|p1a: Miraidon\n|-supereffective|p1a: Miraidon\n|-crit|p1a: Miraidon\n|-damage|p1a: Miraidon|41/100\n|-supereffective|p1a: Miraidon\n|-damage|p1a: Miraidon|19/100\n|-supereffective|p1a: Miraidon\n|-damage|p1a: Miraidon|0 fnt\n|faint|p1a: Miraidon\n|-hitcount|p1: Miraidon|3\n|-unboost|p2a: Koraidon|def|1\n|-boost|p2a: Koraidon|spe|1\n|move|p1b: Iron Hands|Drain Punch|p2a: Koraidon\n|-damage|p2a: Koraidon|0 fnt\n|faint|p2a: Koraidon\n|\n|win|scottedstone\n", "uploadtime": 1746079148, "views": 9, "formatid": "gen9vgc2025regibo3", "rating": null, "private": 0, "password": null}