{"id": "gen9vgc2025regibo3-2354907650", "format": "[Gen 9] VGC 2025 Reg I (Bo3)", "players": ["thepostmanp", "HatitiMatiti"], "log": "|j|\u2606thepostmanp\n|j|\u2606HatitiMatiti\n|html|<table width=\"100%\"><tr><td align=\"left\">thepostmanp</td><td align=\"right\">HatitiMatiti</tr><tr><td align=\"left\"><i class=\"fa fa-circle\"></i> <i class=\"fa fa-circle-o\"></i> </td><td align=\"right\"><i class=\"fa fa-circle-o\"></i> <i class=\"fa fa-circle-o\"></i> </tr></table>\n|uhtml|bestof|<h2><strong>Game 2</strong> of <a href=\"/game-bestof3-gen9vgc2025regibo3-2354904751\">a best-of-3</a></h2>\n|t:|1746130594\n|gametype|doubles\n|player|p1|thepostmanp|101|1156\n|player|p2|HatitiMatiti|cynthia-gen4|1152\n|teamsize|p1|6\n|teamsize|p2|6\n|gen|9\n|tier|[Gen 9] VGC 2025 Reg I (Bo3)\n|rated|\n|rule|Species Clause: Limit one of each Pok\u00e9mon\n|rule|Item Clause: Limit 1 of each item\n|clearpoke\n|poke|p1|Kyogre, L50|\n|poke|p1|Miraidon, L50|\n|poke|p1|Farigiraf, L50, M|\n|poke|p1|Iron Hands, L50|\n|poke|p1|Urshifu-*, L50, M|\n|poke|p1|Iron Jugulis, L50|\n|poke|p2|Calyrex-Shadow, L50|\n|poke|p2|Rillaboom, L50, M|\n|poke|p2|Smeargle, L50, F|\n|poke|p2|Incineroar, L50, M|\n|poke|p2|Koraidon, L50|\n|poke|p2|Hitmontop, L50, M|\n|teampreview|4\n|showteam|p1|Kyogre||MysticWater|Drizzle|Protect,WaterSpout,OriginPulse,IceBeam||||||50|,,,,,Grass]Miraidon||ChoiceSpecs|HadronEngine|VoltSwitch,DracoMeteor,DazzlingGleam,ElectroDrift||||||50|,,,,,Fairy]Farigiraf||ElectricSeed|ArmorTail|TrickRoom,Roar,Psychic,HelpingHand|||M|||50|,,,,,Water]Iron Hands||AssaultVest|QuarkDrive|FakeOut,LowKick,DrainPunch,HeavySlam||||||50|,,,,,Bug]Urshifu-Rapid-Strike||FocusSash|UnseenFist|SurgingStrikes,CloseCombat,AquaJet,Detect|||M|||50|,,,,,Stellar]Iron Jugulis||CovertCloak|QuarkDrive|Snarl,Hurricane,Tailwind,Protect||||||50|,,,,,Water\n|showteam|p2|Calyrex-Shadow||SpellTag|AsOneSpectrier|DrainingKiss,AstralBarrage,Protect,NastyPlot||||||50|,,,,,Fairy]Rillaboom||AssaultVest|GrassySurge|FakeOut,GrassyGlide,WoodHammer,Uturn|||M|||50|,,,,,Fire]Smeargle||FocusSash|Moody|FakeOut,Spore,FollowMe,WideGuard|||F|||50|,,,,,Grass]Incineroar||SafetyGoggles|Intimidate|FakeOut,KnockOff,PartingShot,WillOWisp|||M|||50|,,,,,Ghost]Koraidon||ClearAmulet|OrichalcumPulse|FlareBlitz,CollisionCourse,FlameCharge,Protect||||||50|,,,,,Fire]Hitmontop||EjectButton|Intimidate|WideGuard,FakeOut,SuckerPunch,CloseCombat|||M|||50|,,,,,Fairy\n|\n|t:|1746130629\n|start\n|switch|p1a: Iron Jugulis|Iron Jugulis, L50|100/100\n|switch|p1b: Kyogre|Kyogre, L50|100/100\n|switch|p2a: Rillaboom|Rillaboom, L50, M, shiny|100/100\n|switch|p2b: Koraidon|Koraidon, L50|100/100\n|-weather|SunnyDay|[from] ability: Orichalcum Pulse|[of] p2b: Koraidon\n|-activate|p2b: Koraidon|Orichalcum Pulse|[source]\n|-fieldstart|move: Grassy Terrain|[from] ability: Grassy Surge|[of] p2a: Rillaboom\n|-weather|RainDance|[from] ability: Drizzle|[of] p1b: Kyogre\n|turn|1\n|\n|t:|1746130666\n|switch|p2b: Calyrex|Calyrex-Shadow, L50|100/100\n|-ability|p2b: Calyrex|As One\n|-ability|p2b: Calyrex|Unnerve\n|switch|p1b: Miraidon|Miraidon, L50|100/100\n|-fieldstart|move: Electric Terrain|[from] ability: Hadron Engine|[of] p1b: Miraidon\n|-activate|p1a: Iron Jugulis|ability: Quark Drive\n|-start|p1a: Iron Jugulis|quarkdrivespe\n|move|p2a: Rillaboom|Fake Out|p1b: Miraidon\n|-damage|p1b: Miraidon|89/100\n|move|p1a: Iron Jugulis|Hurricane|p2b: Calyrex\n|-damage|p2b: Calyrex|50/100\n|-start|p2b: Calyrex|confusion\n|\n|-weather|RainDance|[upkeep]\n|upkeep\n|turn|2\n|\n|t:|1746130702\n|switch|p2a: Hitmontop|Hitmontop, L50, M, shiny|100/100\n|-ability|p2a: Hitmontop|Intimidate|boost\n|-unboost|p1a: Iron Jugulis|atk|1\n|-unboost|p1b: Miraidon|atk|1\n|-terastallize|p1b: Miraidon|Fairy\n|-activate|p2b: Calyrex|confusion\n|move|p2b: Calyrex|Protect|p2b: Calyrex\n|-singleturn|p2b: Calyrex|Protect\n|move|p1a: Iron Jugulis|Snarl|p2b: Calyrex|[spread] p2a\n|-activate|p2b: Calyrex|move: Protect\n|-resisted|p2a: Hitmontop\n|-damage|p2a: Hitmontop|93/100\n|-unboost|p2a: Hitmontop|spa|1\n|-enditem|p2a: Hitmontop|Eject Button\n|\n|t:|1746130719\n|switch|p2a: Rillaboom|Rillaboom, L50, M, shiny|100/100\n|-fieldstart|move: Grassy Terrain|[from] ability: Grassy Surge|[of] p2a: Rillaboom\n|-end|p1a: Iron Jugulis|Quark Drive\n|move|p1b: Miraidon|Dazzling Gleam|p2b: Calyrex|[spread] p2a\n|-activate|p2b: Calyrex|move: Protect\n|-damage|p2a: Rillaboom|67/100\n|\n|-weather|RainDance|[upkeep]\n|-heal|p2b: Calyrex|57/100|[from] Grassy Terrain\n|-heal|p1b: Miraidon|95/100|[from] Grassy Terrain\n|-heal|p2a: Rillaboom|73/100|[from] Grassy Terrain\n|upkeep\n|turn|3\n|\n|t:|1746130757\n|switch|p1b: Iron Hands|Iron Hands, L50|100/100\n|-terastallize|p2b: Calyrex|Fairy\n|move|p2a: Rillaboom|Fake Out|p1b: Iron Hands\n|-damage|p1b: Iron Hands|91/100\n|-activate|p2b: Calyrex|confusion\n|move|p2b: Calyrex|Draining Kiss|p1a: Iron Jugulis\n|-supereffective|p1a: Iron Jugulis\n|-damage|p1a: Iron Jugulis|27/100\n|-heal|p2b: Calyrex|100/100|[from] drain|[of] p1a: Iron Jugulis\n|move|p1a: Iron Jugulis|Hurricane|p2a: Rillaboom\n|-supereffective|p2a: Rillaboom\n|-damage|p2a: Rillaboom|3/100\n|\n|-weather|RainDance|[upkeep]\n|-heal|p2a: Rillaboom|9/100|[from] Grassy Terrain\n|-heal|p1b: Iron Hands|97/100|[from] Grassy Terrain\n|upkeep\n|turn|4\n|\n|t:|1746130777\n|switch|p2a: Hitmontop|Hitmontop, L50, M, shiny|93/100\n|-ability|p2a: Hitmontop|Intimidate|boost\n|-unboost|p1a: Iron Jugulis|atk|1\n|-unboost|p1b: Iron Hands|atk|1\n|-end|p1b: Iron Hands|Quark Drive|[silent]\n|switch|p1b: Miraidon|Miraidon, L50, tera:Fairy|95/100\n|-fieldstart|move: Electric Terrain|[from] ability: Hadron Engine|[of] p1b: Miraidon\n|-activate|p1a: Iron Jugulis|ability: Quark Drive\n|-start|p1a: Iron Jugulis|quarkdrivespe\n|-end|p2b: Calyrex|confusion\n|move|p2b: Calyrex|Protect|p2b: Calyrex\n|-singleturn|p2b: Calyrex|Protect\n|move|p1a: Iron Jugulis|Tailwind|p1a: Iron Jugulis\n|-sidestart|p1: thepostmanp|move: Tailwind\n|\n|-weather|RainDance|[upkeep]\n|upkeep\n|turn|5\n|\n|t:|1746130804\n|switch|p2a: Rillaboom|Rillaboom, L50, M, shiny|9/100\n|-fieldstart|move: Grassy Terrain|[from] ability: Grassy Surge|[of] p2a: Rillaboom\n|-end|p1a: Iron Jugulis|Quark Drive\n|move|p1a: Iron Jugulis|Hurricane|p2a: Rillaboom\n|-supereffective|p2a: Rillaboom\n|-damage|p2a: Rillaboom|0 fnt\n|faint|p2a: Rillaboom\n|move|p1b: Miraidon|Volt Switch|p2b: Calyrex\n|-damage|p2b: Calyrex|47/100\n|\n|t:|1746130816\n|switch|p1b: Iron Hands|Iron Hands, L50|97/100|[from] Volt Switch\n|move|p2b: Calyrex|Astral Barrage|p1a: Iron Jugulis|[spread] p1a,p1b\n|-resisted|p1a: Iron Jugulis\n|-damage|p1a: Iron Jugulis|0 fnt\n|-damage|p1b: Iron Hands|67/100\n|faint|p1a: Iron Jugulis\n|-end|p1a: Iron Jugulis|Quark Drive|[silent]\n|-ability|p2b: Calyrex|Grim Neigh|boost\n|-boost|p2b: Calyrex|spa|1\n|\n|-weather|none\n|-heal|p2b: Calyrex|53/100|[from] Grassy Terrain\n|-heal|p1b: Iron Hands|74/100|[from] Grassy Terrain\n|upkeep\n|\n|t:|1746130829\n|switch|p1a: Kyogre|Kyogre, L50|100/100\n|switch|p2a: Hitmontop|Hitmontop, L50, M, shiny|93/100\n|-weather|RainDance|[from] ability: Drizzle|[of] p1a: Kyogre\n|-ability|p2a: Hitmontop|Intimidate|boost\n|-unboost|p1a: Kyogre|atk|1\n|-unboost|p1b: Iron Hands|atk|1\n|turn|6\n|\n|t:|1746130864\n|move|p2b: Calyrex|Protect|p2b: Calyrex\n|-singleturn|p2b: Calyrex|Protect\n|move|p2a: Hitmontop|Fake Out|p1a: Kyogre\n|-damage|p1a: Kyogre|91/100\n|move|p1b: Iron Hands|Fake Out|p2a: Hitmontop\n|-damage|p2a: Hitmontop|80/100\n|cant|p1a: Kyogre|flinch\n|\n|-weather|RainDance|[upkeep]\n|-heal|p2b: Calyrex|59/100|[from] Grassy Terrain\n|-heal|p1a: Kyogre|97/100|[from] Grassy Terrain\n|-heal|p2a: Hitmontop|86/100|[from] Grassy Terrain\n|-heal|p1b: Iron Hands|80/100|[from] Grassy Terrain\n|upkeep\n|turn|7\n|\n|t:|1746130887\n|move|p2a: Hitmontop|Wide Guard|p2a: Hitmontop\n|-singleturn|p2a: Hitmontop|Wide Guard\n|move|p2b: Calyrex|Astral Barrage|p1a: Kyogre|[spread] p1a,p1b\n|-damage|p1a: Kyogre|39/100\n|-damage|p1b: Iron Hands|36/100\n|move|p1a: Kyogre|Water Spout|p2b: Calyrex|[spread] \n|-activate|p2a: Hitmontop|move: Wide Guard\n|-activate|p2b: Calyrex|move: Wide Guard\n|move|p1b: Iron Hands|Heavy Slam|p2b: Calyrex\n|-supereffective|p2b: Calyrex\n|-damage|p2b: Calyrex|0 fnt\n|faint|p2b: Calyrex\n|\n|-weather|RainDance|[upkeep]\n|-heal|p1a: Kyogre|44/100|[from] Grassy Terrain\n|-heal|p2a: Hitmontop|92/100|[from] Grassy Terrain\n|-heal|p1b: Iron Hands|42/100|[from] Grassy Terrain\n|-sideend|p1: thepostmanp|move: Tailwind\n|upkeep\n|\n|t:|1746130899\n|switch|p2b: Koraidon|Koraidon, L50|100/100\n|-weather|SunnyDay|[from] ability: Orichalcum Pulse|[of] p2b: Koraidon\n|-activate|p2b: Koraidon|Orichalcum Pulse|[source]\n|turn|8\n|\n|t:|1746130940\n|switch|p1a: Miraidon|Miraidon, L50, tera:Fairy|95/100\n|-fieldstart|move: Electric Terrain|[from] ability: Hadron Engine|[of] p1a: Miraidon\n|-activate|p1b: Iron Hands|ability: Quark Drive\n|-start|p1b: Iron Hands|quarkdriveatk\n|move|p2b: Koraidon|Collision Course|p1a: Miraidon\n|-resisted|p1a: Miraidon\n|-damage|p1a: Miraidon|64/100\n|move|p2a: Hitmontop|Close Combat|p1b: Iron Hands\n|-crit|p1b: Iron Hands\n|-damage|p1b: Iron Hands|0 fnt\n|-unboost|p2a: Hitmontop|def|1\n|-unboost|p2a: Hitmontop|spd|1\n|faint|p1b: Iron Hands\n|-end|p1b: Iron Hands|Quark Drive|[silent]\n|\n|-weather|SunnyDay|[upkeep]\n|upkeep\n|\n|t:|1746130952\n|switch|p1b: Kyogre|Kyogre, L50|44/100\n|-weather|RainDance|[from] ability: Drizzle|[of] p1b: Kyogre\n|turn|9\n|\n|t:|1746130973\n|move|p2a: Hitmontop|Wide Guard|p2a: Hitmontop\n|-singleturn|p2a: Hitmontop|Wide Guard\n|move|p2b: Koraidon|Collision Course|p1a: Miraidon\n|-resisted|p1a: Miraidon\n|-damage|p1a: Miraidon|40/100\n|move|p1a: Miraidon|Draco Meteor|p2b: Koraidon|[miss]\n|-miss|p1a: Miraidon|p2b: Koraidon\n|move|p1b: Kyogre|Ice Beam|p2a: Hitmontop\n|-damage|p2a: Hitmontop|38/100\n|\n|-weather|RainDance|[upkeep]\n|upkeep\n|turn|10\n|\n|t:|1746131019\n|move|p2b: Koraidon|Collision Course|p1a: Miraidon\n|-resisted|p1a: Miraidon\n|-crit|p1a: Miraidon\n|-damage|p1a: Miraidon|2/100\n|move|p1a: Miraidon|Draco Meteor|p2b: Koraidon\n|-supereffective|p2b: Koraidon\n|-damage|p2b: Koraidon|0 fnt\n|-unboost|p1a: Miraidon|spa|2\n|faint|p2b: Koraidon\n|move|p1b: Kyogre|Ice Beam|p2a: Hitmontop\n|-damage|p2a: Hitmontop|0 fnt\n|faint|p2a: Hitmontop\n|\n|win|thepostmanp\n|raw|thepostmanp's rating: 1156 &rarr; <strong>1181</strong><br />(+25 for winning)\n|raw|HatitiMatiti's rating: 1152 &rarr; <strong>1127</strong><br />(-25 for losing)\n", "uploadtime": 1746131019, "views": 6, "formatid": "gen9vgc2025regibo3", "rating": 1127, "private": 0, "password": null}