{"id": "gen9vgc2025regibo3-2353971857", "format": "[Gen 9] VGC 2025 Reg I (Bo3)", "players": ["put4psoe", "1nsomni4"], "log": "|j|\u2606put4psoe\n|j|\u26061nsomni4\n|html|<table width=\"100%\"><tr><td align=\"left\">put4psoe</td><td align=\"right\">1nsomni4</tr><tr><td align=\"left\"><i class=\"fa fa-circle\"></i> <i class=\"fa fa-circle-o\"></i> </td><td align=\"right\"><i class=\"fa fa-circle-o\"></i> <i class=\"fa fa-circle-o\"></i> </tr></table>\n|uhtml|bestof|<h2><strong>Game 2</strong> of <a href=\"/game-bestof3-gen9vgc2025regibo3-2353970627\">a best-of-3</a></h2>\n|t:|1746023845\n|gametype|doubles\n|player|p1|put4psoe|2|\n|player|p2|1nsomni4|miku-ghost|\n|teamsize|p1|6\n|teamsize|p2|6\n|gen|9\n|tier|[Gen 9] VGC 2025 Reg I (Bo3)\n|rule|Species Clause: Limit one of each Pok\u00e9mon\n|rule|Item Clause: Limit 1 of each item\n|clearpoke\n|poke|p1|Terapagos, L50, M|\n|poke|p1|Calyrex-Shadow, L50|\n|poke|p1|Incineroar, L50, M|\n|poke|p1|Rillaboom, L50, M|\n|poke|p1|Amoonguss, L50, M|\n|poke|p1|Urshifu-*, L50, F|\n|poke|p2|Koraidon, L50|\n|poke|p2|Calyrex-Shadow, L50|\n|poke|p2|Chi-Yu, L50|\n|poke|p2|Weezing-Galar, L50, F|\n|poke|p2|Dondozo, L50, M|\n|poke|p2|Tatsugiri-Droopy, L50, F|\n|teampreview|4\n|showteam|p1|Terapagos||Leftovers|TeraShift|Protect,TeraStarstorm,EarthPower,CalmMind|||M|||50|,,,,,Stellar]Calyrex-Shadow||FocusSash|AsOneSpectrier|Protect,AstralBarrage,Encore,Disable||||||50|,,,,,Ghost]Incineroar||SafetyGoggles|Intimidate|KnockOff,PartingShot,WillOWisp,FakeOut|||M|||50|,,,,,Bug]Rillaboom||AssaultVest|GrassySurge|WoodHammer,GrassyGlide,Uturn,FakeOut|||M|||50|,,,,,Fire]Amoonguss||RockyHelmet|Regenerator|Protect,Spore,RagePowder,SludgeBomb|||M|||50|,,,,,Water]Urshifu-Rapid-Strike||ChoiceScarf|UnseenFist|SurgingStrikes,CloseCombat,Coaching,Uturn|||F|||50|,,,,,Water\n|showteam|p2|Koraidon||AbilityShield|OrichalcumPulse|CollisionCourse,DragonClaw,FlareBlitz,Protect||||||50|,,,,,Fire]Calyrex-Shadow||FocusSash|AsOneSpectrier|AstralBarrage,Psychic,Encore,Protect||||||50|,,,,,Ghost]Chi-Yu||ChoiceScarf|BeadsofRuin|DarkPulse,Snarl,HeatWave,Overheat||||||50|,,,,,Ghost]Weezing-Galar||CovertCloak|NeutralizingGas|ToxicSpikes,StrangeSteam,Taunt,Protect|||F|||50|,,,,,Dark]Dondozo||Leftovers|Unaware|WaveCrash,OrderUp,BodyPress,Protect|||M|||50|,,,,,Grass]Tatsugiri-Droopy||SafetyGoggles|Commander|MuddyWater,DracoMeteor,HelpingHand,Protect|||F|||50|,,,,,Ghost\n|inactive|Battle timer is ON: inactive players will automatically lose when time's up. (requested by 1nsomni4)\n|\n|t:|1746023856\n|start\n|switch|p1a: Calyrex|Calyrex-Shadow, L50|100/100\n|switch|p1b: Incineroar|Incineroar, L50, M|100/100\n|switch|p2a: Calyrex|Calyrex-Shadow, L50|100/100\n|switch|p2b: Chi-Yu|Chi-Yu, L50|100/100\n|-ability|p1a: Calyrex|As One\n|-ability|p1a: Calyrex|Unnerve\n|-ability|p2a: Calyrex|As One\n|-ability|p2a: Calyrex|Unnerve\n|-ability|p2b: Chi-Yu|Beads of Ruin\n|-ability|p1b: Incineroar|Intimidate|boost\n|-unboost|p2a: Calyrex|atk|1\n|-unboost|p2b: Chi-Yu|atk|1\n|turn|1\n|\n|t:|1746023877\n|-terastallize|p2b: Chi-Yu|Ghost\n|move|p1a: Calyrex|Protect|p1a: Calyrex\n|-singleturn|p1a: Calyrex|Protect\n|move|p2b: Chi-Yu|Snarl|p1b: Incineroar|[spread] p1b\n|-activate|p1a: Calyrex|move: Protect\n|-resisted|p1b: Incineroar\n|-damage|p1b: Incineroar|85/100\n|-unboost|p1b: Incineroar|spa|1\n|move|p2a: Calyrex|Astral Barrage|p1a: Calyrex|[spread] p1b\n|-activate|p1a: Calyrex|move: Protect\n|-resisted|p1b: Incineroar\n|-damage|p1b: Incineroar|50/100\n|move|p1b: Incineroar|Knock Off|p2b: Chi-Yu\n|-supereffective|p2b: Chi-Yu\n|-damage|p2b: Chi-Yu|0 fnt\n|-enditem|p2b: Chi-Yu|Choice Scarf|[from] move: Knock Off|[of] p1b: Incineroar\n|faint|p2b: Chi-Yu\n|\n|upkeep\n|\n|t:|1746023884\n|switch|p2b: Dondozo|Dondozo, L50, M|100/100\n|turn|2\n|inactive|put4psoe has 30 seconds left.\n|inactive|put4psoe has 20 seconds left.\n|inactive|put4psoe has 15 seconds left.\n|\n|t:|1746023926\n|switch|p1b: Amoonguss|Amoonguss, L50, M|100/100\n|move|p2b: Dondozo|Protect|p2b: Dondozo\n|-singleturn|p2b: Dondozo|Protect\n|move|p2a: Calyrex|Encore|p1a: Calyrex\n|-start|p1a: Calyrex|Encore\n|move|p1a: Calyrex|Protect||[still]\n|-fail|p1a: Calyrex\n|\n|upkeep\n|turn|3\n|\n|t:|1746023950\n|switch|p1a: Urshifu|Urshifu-Rapid-Strike, L50, F|100/100\n|move|p2a: Calyrex|Astral Barrage|p1a: Urshifu|[spread] p1a,p1b\n|-damage|p1a: Urshifu|18/100\n|-damage|p1b: Amoonguss|55/100\n|move|p2b: Dondozo|Order Up|p1b: Amoonguss\n|-damage|p1b: Amoonguss|40/100\n|move|p1b: Amoonguss|Spore|p2a: Calyrex\n|-status|p2a: Calyrex|slp|[from] move: Spore\n|\n|upkeep\n|turn|4\n|\n|t:|1746023973\n|switch|p2a: Tatsugiri|Tatsugiri-Droopy, L50, F, shiny|100/100\n|-activate|p2a: Tatsugiri|ability: Commander|[of] p2b: Dondozo\n|-boost|p2b: Dondozo|atk|2\n|-boost|p2b: Dondozo|spa|2\n|-boost|p2b: Dondozo|spe|2\n|-boost|p2b: Dondozo|def|2\n|-boost|p2b: Dondozo|spd|2\n|move|p1a: Urshifu|U-turn|p2b: Dondozo\n|-damage|p2b: Dondozo|93/100\n|\n|t:|1746023987\n|switch|p1a: Calyrex|Calyrex-Shadow, L50|100/100|[from] U-turn\n|-ability|p1a: Calyrex|As One\n|-ability|p1a: Calyrex|Unnerve\n|move|p2b: Dondozo|Order Up|p1b: Amoonguss\n|-damage|p1b: Amoonguss|7/100\n|-boost|p2b: Dondozo|def|1\n|move|p1b: Amoonguss|Spore|p2b: Dondozo\n|-status|p2b: Dondozo|slp|[from] move: Spore\n|\n|-heal|p2b: Dondozo|99/100 slp|[from] item: Leftovers\n|upkeep\n|turn|5\n|\n|t:|1746024002\n|move|p1a: Calyrex|Encore|p2b: Dondozo\n|-start|p2b: Dondozo|Encore\n|cant|p2b: Dondozo|slp\n|move|p1b: Amoonguss|Sludge Bomb|p2b: Dondozo\n|-damage|p2b: Dondozo|88/100 slp\n|\n|-heal|p2b: Dondozo|95/100 slp|[from] item: Leftovers\n|upkeep\n|turn|6\n|\n|t:|1746024010\n|switch|p1b: Incineroar|Incineroar, L50, M|50/100\n|-ability|p1b: Incineroar|Intimidate|boost\n|-unboost|p2a: Tatsugiri|atk|1\n|-unboost|p2b: Dondozo|atk|1\n|move|p1a: Calyrex|Disable|p2b: Dondozo\n|-start|p2b: Dondozo|Disable|Order Up\n|-curestatus|p2b: Dondozo|slp|[msg]\n|cant|p2b: Dondozo|Disable|Order Up\n|\n|-heal|p2b: Dondozo|100/100|[from] item: Leftovers\n|upkeep\n|turn|7\n|\n|t:|1746024024\n|move|p1a: Calyrex|Astral Barrage|p2a: Tatsugiri|[spread] p2b\n|-miss|p1a: Calyrex|p2a: Tatsugiri\n|-damage|p2b: Dondozo|78/100\n|-activate|p2b: Dondozo|move: Struggle\n|move|p2b: Dondozo|Struggle|p1a: Calyrex\n|-damage|p1a: Calyrex|79/100\n|-damage|p2b: Dondozo|53/100|[from] recoil\n|move|p1b: Incineroar|Knock Off|p2b: Dondozo\n|-damage|p2b: Dondozo|44/100\n|-enditem|p2b: Dondozo|Leftovers|[from] move: Knock Off|[of] p1b: Incineroar\n|\n|-end|p2b: Dondozo|Encore\n|upkeep\n|turn|8\n|\n|t:|1746024043\n|switch|p1b: Amoonguss|Amoonguss, L50, M|40/100\n|move|p1a: Calyrex|Encore||[still]\n|-fail|p1a: Calyrex\n|move|p2b: Dondozo|Body Press|p1b: Amoonguss\n|-resisted|p1b: Amoonguss\n|-damage|p1b: Amoonguss|17/100\n|-damage|p2b: Dondozo|28/100|[from] item: Rocky Helmet|[of] p1b: Amoonguss\n|\n|upkeep\n|turn|9\n|\n|t:|1746024056\n|move|p1b: Amoonguss|Protect|p1b: Amoonguss\n|-singleturn|p1b: Amoonguss|Protect\n|move|p1a: Calyrex|Encore|p2b: Dondozo\n|-start|p2b: Dondozo|Encore\n|move|p2b: Dondozo|Body Press|p1a: Calyrex\n|-immune|p1a: Calyrex\n|\n|-end|p2b: Dondozo|Disable\n|upkeep\n|turn|10\n|\n|t:|1746024077\n|switch|p1b: Incineroar|Incineroar, L50, M|50/100\n|-ability|p1b: Incineroar|Intimidate|boost\n|-unboost|p2a: Tatsugiri|atk|1\n|-unboost|p2b: Dondozo|atk|1\n|move|p1a: Calyrex|Disable|p2b: Dondozo\n|-start|p2b: Dondozo|Disable|Body Press\n|cant|p2b: Dondozo|Disable|Body Press\n|\n|upkeep\n|turn|11\n|\n|t:|1746024095\n|switch|p1b: Amoonguss|Amoonguss, L50, M|50/100\n|move|p1a: Calyrex|Protect|p1a: Calyrex\n|-singleturn|p1a: Calyrex|Protect\n|-activate|p2b: Dondozo|move: Struggle\n|move|p2b: Dondozo|Struggle|p1a: Calyrex\n|-activate|p1a: Calyrex|move: Protect\n|\n|-end|p2b: Dondozo|Encore\n|upkeep\n|turn|12\n|inactive|put4psoe has 30 seconds left.\n|\n|t:|1746024121\n|switch|p1a: Incineroar|Incineroar, L50, M|50/100\n|-ability|p1a: Incineroar|Intimidate|boost\n|-unboost|p2a: Tatsugiri|atk|1\n|-unboost|p2b: Dondozo|atk|1\n|move|p2b: Dondozo|Wave Crash|p1a: Incineroar\n|-supereffective|p1a: Incineroar\n|-damage|p1a: Incineroar|8/100\n|-damage|p2b: Dondozo|17/100|[from] Recoil\n|move|p1b: Amoonguss|Spore|p2b: Dondozo\n|-status|p2b: Dondozo|slp|[from] move: Spore\n|\n|upkeep\n|turn|13\n|inactive|put4psoe has 30 seconds left.\n|\n|t:|1746024146\n|switch|p1a: Urshifu|Urshifu-Rapid-Strike, L50, F|18/100\n|switch|p1b: Calyrex|Calyrex-Shadow, L50|79/100\n|-ability|p1b: Calyrex|As One\n|-ability|p1b: Calyrex|Unnerve\n|cant|p2b: Dondozo|slp\n|\n|-end|p2b: Dondozo|Disable\n|upkeep\n|turn|14\n|\n|t:|1746024159\n|-terastallize|p1a: Urshifu|Water\n|cant|p2b: Dondozo|slp\n|move|p1a: Urshifu|Surging Strikes|p2b: Dondozo\n|-resisted|p2b: Dondozo\n|-crit|p2b: Dondozo\n|-damage|p2b: Dondozo|9/100 slp\n|-resisted|p2b: Dondozo\n|-crit|p2b: Dondozo\n|-damage|p2b: Dondozo|1/100 slp\n|-resisted|p2b: Dondozo\n|-crit|p2b: Dondozo\n|-damage|p2b: Dondozo|0 fnt\n|faint|p2b: Dondozo\n|-hitcount|p2: Dondozo|3\n|move|p1b: Calyrex|Astral Barrage|p2a: Tatsugiri\n|-damage|p2a: Tatsugiri|16/100\n|\n|upkeep\n|\n|t:|1746024163\n|switch|p2b: Calyrex|Calyrex-Shadow, L50|100/100 slp\n|-ability|p2b: Calyrex|As One\n|-ability|p2b: Calyrex|Unnerve\n|turn|15\n|\n|t:|1746024166\n|move|p1a: Urshifu|Surging Strikes|p2b: Calyrex\n|-crit|p2b: Calyrex\n|-damage|p2b: Calyrex|64/100 slp\n|-crit|p2b: Calyrex\n|-damage|p2b: Calyrex|29/100 slp\n|-crit|p2b: Calyrex\n|-damage|p2b: Calyrex|0 fnt\n|faint|p2b: Calyrex\n|-hitcount|p2: Calyrex|3\n|move|p1b: Calyrex|Astral Barrage|p2a: Tatsugiri\n|-damage|p2a: Tatsugiri|0 fnt\n|faint|p2a: Tatsugiri\n|\n|win|put4psoe\n|l|\u26061nsomni4\n|player|p2|\n|c|\u2606put4psoe|gg\n", "uploadtime": 1746024209, "views": 23, "formatid": "gen9vgc2025regibo3", "rating": null, "private": 0, "password": null}