{"id": "gen9vgc2025regibo3-2354116315", "format": "[Gen 9] VGC 2025 Reg I (Bo3)", "players": ["blckp4nth3r", "markleshark"], "log": "|j|\u2606blckp4nth3r\n|j|\u2606markleshark\n|html|<table width=\"100%\"><tr><td align=\"left\">blckp4nth3r</td><td align=\"right\">markleshark</tr><tr><td align=\"left\"><i class=\"fa fa-circle\"></i> <i class=\"fa fa-circle-o\"></i> </td><td align=\"right\"><i class=\"fa fa-circle-o\"></i> <i class=\"fa fa-circle\"></i> </tr></table>\n|uhtml|bestof|<h2><strong>Game 3</strong> of <a href=\"/game-bestof3-gen9vgc2025regibo3-2354108341\">a best-of-3</a></h2>\n|t:|1746036242\n|gametype|doubles\n|player|p1|blckp4nth3r|266|1129\n|player|p2|markleshark|miku-fire|1180\n|teamsize|p1|6\n|teamsize|p2|6\n|gen|9\n|tier|[Gen 9] VGC 2025 Reg I (Bo3)\n|rated|\n|rule|Species Clause: Limit one of each Pok\u00e9mon\n|rule|Item Clause: Limit 1 of each item\n|clearpoke\n|poke|p1|Urshifu-*, L50, M|\n|poke|p1|Lunala, L50|\n|poke|p1|Kyogre, L50|\n|poke|p1|Sinistcha, L50|\n|poke|p1|Rillaboom, L50, M|\n|poke|p1|Thundurus, L50, M|\n|poke|p2|Zacian-*, L50|\n|poke|p2|Kyogre, L50|\n|poke|p2|Tornadus, L50, M|\n|poke|p2|Amoonguss, L50, M|\n|poke|p2|Incineroar, L50, F|\n|poke|p2|Urshifu-*, L50, F|\n|teampreview|4\n|showteam|p1|Urshifu-Rapid-Strike||ChoiceScarf|UnseenFist|CloseCombat,SurgingStrikes,Uturn,IronHead|||M|||50|,,,,,Steel]Lunala||SitrusBerry|ShadowShield|Tailwind,TrickRoom,WideGuard,MoongeistBeam||||||50|,,,,,Fairy]Kyogre||Leftovers|Drizzle|WaterSpout,IceBeam,Thunder,Protect||||||50|,,,,,Grass]Sinistcha||LifeOrb|Hospitality|Scald,LifeDew,MatchaGotcha,Protect||||||50|,,,,,Steel]Rillaboom||AssaultVest|GrassySurge|FakeOut,Uturn,WoodHammer,KnockOff|||M|||50|,,,,,Fire]Thundurus||FocusSash|Prankster|Taunt,WildboltStorm,SludgeBomb,ThunderWave|||M|||50|,,,,,Dark\n|showteam|p2|Zacian-Crowned||RustedSword|IntrepidSword|behemothblade,PlayRough,Substitute,Protect||||||50|,,,,,Fairy]Kyogre||MysticWater|Drizzle|WaterSpout,OriginPulse,IceBeam,Protect||||||50|,,,,,Grass]Tornadus||CovertCloak|Prankster|BleakwindStorm,Tailwind,RainDance,Taunt|||M|||50|,,,,,Dark]Amoonguss||RockyHelmet|Regenerator|PollenPuff,Spore,RagePowder,Protect|||M|||50|,,,,,Steel]Incineroar||SafetyGoggles|Intimidate|KnockOff,FakeOut,WillOWisp,PartingShot|||F|||50|,,,,,Water]Urshifu-Rapid-Strike||ChoiceScarf|UnseenFist|SurgingStrikes,CloseCombat,Uturn,Coaching|||F|||50|,,,,,Ghost\n|inactive|Battle timer is ON: inactive players will automatically lose when time's up. (requested by markleshark)\n|\n|t:|1746036257\n|start\n|switch|p1a: Lunala|Lunala, L50|100/100\n|switch|p1b: Rillaboom|Rillaboom, L50, M|100/100\n|switch|p2a: Zacian|Zacian-Crowned, L50|100/100\n|switch|p2b: Tornadus|Tornadus, L50, M|100/100\n|-ability|p2a: Zacian|Intrepid Sword|boost\n|-boost|p2a: Zacian|atk|1\n|-fieldstart|move: Grassy Terrain|[from] ability: Grassy Surge|[of] p1b: Rillaboom\n|turn|1\n|inactive|blckp4nth3r has 30 seconds left.\n|\n|t:|1746036284\n|move|p2a: Zacian|Protect|p2a: Zacian\n|-singleturn|p2a: Zacian|Protect\n|move|p1b: Rillaboom|Fake Out|p2a: Zacian\n|-activate|p2a: Zacian|move: Protect\n|move|p2b: Tornadus|Taunt|p1a: Lunala\n|-start|p1a: Lunala|move: Taunt\n|move|p1a: Lunala|Moongeist Beam|p2b: Tornadus\n|-damage|p2b: Tornadus|52/100\n|\n|upkeep\n|turn|2\n|inactive|markleshark has 30 seconds left.\n|inactive|markleshark has 20 seconds left.\n|inactive|markleshark has 15 seconds left.\n|\n|t:|1746036326\n|switch|p2b: Incineroar|Incineroar, L50, F|100/100\n|-ability|p2b: Incineroar|Intimidate|boost\n|-unboost|p1a: Lunala|atk|1\n|-unboost|p1b: Rillaboom|atk|1\n|move|p2a: Zacian|Play Rough|p1b: Rillaboom\n|-damage|p1b: Rillaboom|25/100\n|move|p1b: Rillaboom|U-turn|p2b: Incineroar\n|-damage|p2b: Incineroar|86/100\n|\n|t:|1746036336\n|switch|p1b: Kyogre|Kyogre, L50|100/100|[from] U-turn\n|-weather|RainDance|[from] ability: Drizzle|[of] p1b: Kyogre\n|move|p1a: Lunala|Moongeist Beam|p2b: Incineroar\n|-resisted|p2b: Incineroar\n|-damage|p2b: Incineroar|65/100\n|\n|-weather|RainDance|[upkeep]\n|-heal|p2b: Incineroar|71/100|[from] Grassy Terrain\n|upkeep\n|turn|3\n|inactive|markleshark has 30 seconds left.\n|\n|t:|1746036366\n|switch|p2b: Tornadus|Tornadus, L50, M|52/100\n|move|p1b: Kyogre|Protect|p1b: Kyogre\n|-singleturn|p1b: Kyogre|Protect\n|move|p2a: Zacian|Play Rough|p1b: Kyogre\n|-activate|p1b: Kyogre|move: Protect\n|move|p1a: Lunala|Moongeist Beam|p2a: Zacian\n|-damage|p2a: Zacian|64/100\n|\n|-weather|RainDance|[upkeep]\n|-heal|p2a: Zacian|70/100|[from] Grassy Terrain\n|-end|p1a: Lunala|move: Taunt\n|upkeep\n|turn|4\n|inactive|blckp4nth3r has 30 seconds left.\n|inactive|markleshark has 30 seconds left.\n|\n|t:|1746036400\n|-terastallize|p2a: Zacian|Fairy\n|move|p2b: Tornadus|Taunt|p1a: Lunala\n|-start|p1a: Lunala|move: Taunt\n|move|p2a: Zacian|Play Rough|p1b: Kyogre|[miss]\n|-miss|p2a: Zacian|p1b: Kyogre\n|move|p1b: Kyogre|Water Spout|p2b: Tornadus|[spread] p2a,p2b\n|-damage|p2a: Zacian|0 fnt\n|-damage|p2b: Tornadus|0 fnt\n|faint|p2a: Zacian\n|faint|p2b: Tornadus\n|move|p1a: Lunala|Moongeist Beam|p2: Zacian|[notarget]\n|-fail|p1a: Lunala\n|\n|-weather|RainDance|[upkeep]\n|upkeep\n|\n|t:|1746036413\n|switch|p2a: Kyogre|Kyogre, L50|100/100\n|switch|p2b: Incineroar|Incineroar, L50, F|71/100\n|-ability|p2b: Incineroar|Intimidate|boost\n|-unboost|p1a: Lunala|atk|1\n|-unboost|p1b: Kyogre|atk|1\n|turn|5\n|\n|t:|1746036435\n|move|p1b: Kyogre|Protect|p1b: Kyogre\n|-singleturn|p1b: Kyogre|Protect\n|move|p2b: Incineroar|Fake Out|p1b: Kyogre\n|-activate|p1b: Kyogre|move: Protect\n|move|p2a: Kyogre|Water Spout|p1a: Lunala|[spread] p1a\n|-activate|p1b: Kyogre|move: Protect\n|-damage|p1a: Lunala|67/100\n|move|p1a: Lunala|Moongeist Beam|p2a: Kyogre\n|-damage|p2a: Kyogre|71/100\n|\n|-weather|RainDance|[upkeep]\n|-heal|p2a: Kyogre|77/100|[from] Grassy Terrain\n|-heal|p1a: Lunala|73/100|[from] Grassy Terrain\n|-heal|p2b: Incineroar|77/100|[from] Grassy Terrain\n|-fieldend|move: Grassy Terrain\n|upkeep\n|turn|6\n|inactive|blckp4nth3r has 30 seconds left.\n|inactive|markleshark has 30 seconds left.\n|\n|t:|1746036468\n|-terastallize|p1b: Kyogre|Grass\n|move|p2a: Kyogre|Water Spout|p1b: Kyogre|[spread] p1a,p1b\n|-resisted|p1b: Kyogre\n|-damage|p1a: Lunala|30/100\n|-damage|p1b: Kyogre|71/100\n|-enditem|p1a: Lunala|Sitrus Berry|[eat]\n|-heal|p1a: Lunala|55/100|[from] item: Sitrus Berry\n|move|p1b: Kyogre|Water Spout|p2b: Incineroar|[spread] p2a,p2b\n|-resisted|p2a: Kyogre\n|-supereffective|p2b: Incineroar\n|-damage|p2a: Kyogre|55/100\n|-damage|p2b: Incineroar|0 fnt\n|faint|p2b: Incineroar\n|move|p1a: Lunala|Moongeist Beam|p2a: Kyogre\n|-damage|p2a: Kyogre|23/100\n|\n|-weather|none\n|-heal|p1b: Kyogre|77/100|[from] item: Leftovers\n|-end|p1a: Lunala|move: Taunt\n|upkeep\n|turn|7\n|\n|t:|1746036492\n|switch|p1b: Sinistcha|Sinistcha, L50|100/100\n|-heal|p1a: Lunala|80/100|[from] ability: Hospitality|[of] p1b: Sinistcha\n|move|p2a: Kyogre|Ice Beam|p1b: Sinistcha\n|-supereffective|p1b: Sinistcha\n|-damage|p1b: Sinistcha|15/100\n|-status|p1b: Sinistcha|frz\n|move|p1a: Lunala|Moongeist Beam|p2a: Kyogre\n|-damage|p2a: Kyogre|0 fnt\n|faint|p2a: Kyogre\n|\n|win|blckp4nth3r\n|raw|blckp4nth3r's rating: 1129 &rarr; <strong>1158</strong><br />(+29 for winning)\n|raw|markleshark's rating: 1180 &rarr; <strong>1151</strong><br />(-29 for losing)\n|c|\u2606markleshark|I'm putting that dog down smh\n|c|\u2606markleshark|gg\n|l|\u2606blckp4nth3r\n|player|p1|\n|l|\u2606markleshark\n|player|p2|\n", "uploadtime": 1746036876, "views": 7, "formatid": "gen9vgc2025regibo3", "rating": 1151, "private": 0, "password": null}