{"id": "gen9vgc2025regibo3-2354469554", "format": "[Gen 9] VGC 2025 Reg I (Bo3)", "players": ["Meakashi_Shion", "LuDiCoLo D"], "log": "|j|\u2606Meakashi_Shion\n|j|\u2606LuDiCoLo D\n|html|<table width=\"100%\"><tr><td align=\"left\">Meakashi_Shion</td><td align=\"right\">LuDiCoLo D</tr><tr><td align=\"left\"><i class=\"fa fa-circle-o\"></i> <i class=\"fa fa-circle-o\"></i> </td><td align=\"right\"><i class=\"fa fa-circle-o\"></i> <i class=\"fa fa-circle\"></i> </tr></table>\n|uhtml|bestof|<h2><strong>Game 2</strong> of <a href=\"/game-bestof3-gen9vgc2025regibo3-2354467890\">a best-of-3</a></h2>\n|t:|1746076622\n|gametype|doubles\n|player|p1|Meakashi_Shion|hugh|1093\n|player|p2|LuDiCoLo D|102|1043\n|teamsize|p1|6\n|teamsize|p2|6\n|gen|9\n|tier|[Gen 9] VGC 2025 Reg I (Bo3)\n|rated|\n|rule|Species Clause: Limit one of each Pok\u00e9mon\n|rule|Item Clause: Limit 1 of each item\n|clearpoke\n|poke|p1|Koraidon, L50|\n|poke|p1|Ogerpon-Cornerstone, L50, F|\n|poke|p1|Flutter Mane, L50|\n|poke|p1|Terapagos, L50, M|\n|poke|p1|Rillaboom, L50, M|\n|poke|p1|Incineroar, L50, M|\n|poke|p2|Terapagos, L50, M|\n|poke|p2|Smeargle, L50, M|\n|poke|p2|Calyrex-Shadow, L50|\n|poke|p2|Urshifu-*, L50, M|\n|poke|p2|Ting-Lu, L50|\n|poke|p2|Amoonguss, L50, F|\n|teampreview|4\n|showteam|p1|Koraidon||LifeOrb|OrichalcumPulse|FlareBlitz,CloseCombat,FlameCharge,Protect||||||50|,,,,,Fire]Ogerpon-Cornerstone||CornerstoneMask|Sturdy|IvyCudgel,PowerWhip,FollowMe,SpikyShield|||F|||50|,,,,,Rock]Flutter Mane||FocusSash|Protosynthesis|Moonblast,IcyWind,ShadowBall,Protect||||||50|,,,,,Normal]Terapagos||Leftovers|TeraShift|TeraStarstorm,EarthPower,CalmMind,Protect|||M|||50|,,,,,Stellar]Rillaboom||AssaultVest|GrassySurge|WoodHammer,GrassyGlide,Uturn,FakeOut|||M|||50|,,,,,Grass]Incineroar||RockyHelmet|Intimidate|KnockOff,FakeOut,WillOWisp,PartingShot|||M|||50|,,,,,Poison\n|showteam|p2|Terapagos||ChoiceSpecs|TeraShift|TeraStarstorm,Protect,Substitute,CalmMind|||M|||50|,,,,,Stellar]Smeargle||FocusSash|OwnTempo|AstralBarrage,FollowMe,GlacialLance,Imprison|||M|||50|,,,,,Grass]Calyrex-Shadow||CovertCloak|AsOneSpectrier|AstralBarrage,NastyPlot,DrainingKiss,Protect||||||50|,,,,,Fairy]Urshifu||PunchingGlove|UnseenFist|WickedBlow,CloseCombat,SuckerPunch,Detect|||M|||50|,,,,,Poison]Ting-Lu||RockyHelmet|VesselofRuin|BodyPress,Earthquake,StealthRock,ThroatChop||||||50|,,,,,Ghost]Amoonguss||MentalHerb|EffectSpore|Spore,RagePowder,PollenPuff,Protect|||F|||50|,,,,,Water\n|inactive|Battle timer is ON: inactive players will automatically lose when time's up. (requested by Meakashi_Shion)\n|\n|t:|1746076647\n|start\n|switch|p1a: Terapagos|Terapagos, L50, M|100/100\n|switch|p1b: Rillaboom|Rillaboom, L50, M|100/100\n|switch|p2a: Calyrex|Calyrex-Shadow, L50|100/100\n|switch|p2b: Amoonguss|Amoonguss, L50, F|100/100\n|-activate|p1a: Terapagos|ability: Tera Shift\n|detailschange|p1a: Terapagos|Terapagos-Terastal, L50, M\n|-heal|p1a: Terapagos|100/100|[silent]\n|-ability|p2a: Calyrex|As One\n|-ability|p2a: Calyrex|Unnerve\n|-fieldstart|move: Grassy Terrain|[from] ability: Grassy Surge|[of] p1b: Rillaboom\n|turn|1\n|inactive|LuDiCoLo D has 30 seconds left.\n|inactive|LuDiCoLo D has 20 seconds left.\n|\n|t:|1746076684\n|move|p1b: Rillaboom|Fake Out|p2b: Amoonguss\n|-damage|p2b: Amoonguss|88/100\n|move|p2a: Calyrex|Nasty Plot|p2a: Calyrex\n|-boost|p2a: Calyrex|spa|2\n|move|p1a: Terapagos|Calm Mind|p1a: Terapagos\n|-boost|p1a: Terapagos|spa|1\n|-boost|p1a: Terapagos|spd|1\n|cant|p2b: Amoonguss|flinch\n|\n|-heal|p2b: Amoonguss|94/100|[from] Grassy Terrain\n|upkeep\n|turn|2\n|\n|t:|1746076706\n|move|p2a: Calyrex|Protect|p2a: Calyrex\n|-singleturn|p2a: Calyrex|Protect\n|move|p1a: Terapagos|Protect|p1a: Terapagos\n|-singleturn|p1a: Terapagos|Protect\n|move|p2b: Amoonguss|Protect|p2b: Amoonguss\n|-singleturn|p2b: Amoonguss|Protect\n|move|p1b: Rillaboom|U-turn|p2a: Calyrex\n|-activate|p2a: Calyrex|move: Protect\n|\n|-heal|p2b: Amoonguss|99/100|[from] Grassy Terrain\n|upkeep\n|turn|3\n|inactive|LuDiCoLo D has 30 seconds left.\n|inactive|LuDiCoLo D has 20 seconds left.\n|\n|t:|1746076742\n|-terastallize|p2a: Calyrex|Fairy\n|-terastallize|p1a: Terapagos|Stellar\n|detailschange|p1a: Terapagos|Terapagos-Stellar, L50, M, tera:Stellar\n|-heal|p1a: Terapagos|100/100|[silent]\n|-ability|p1a: Terapagos|Teraform Zero\n|-fieldend|move: Grassy Terrain\n|move|p2a: Calyrex|Draining Kiss|p1a: Terapagos\n|-damage|p1a: Terapagos|71/100\n|move|p1a: Terapagos|Tera Starstorm|p2a: Calyrex|[spread] p2a,p2b\n|-supereffective|p2a: Calyrex\n|-crit|p2a: Calyrex\n|-damage|p2a: Calyrex|0 fnt\n|-damage|p2b: Amoonguss|52/100\n|faint|p2a: Calyrex\n|move|p1b: Rillaboom|Wood Hammer|p2b: Amoonguss\n|-resisted|p2b: Amoonguss\n|-damage|p2b: Amoonguss|39/100\n|-damage|p1b: Rillaboom|97/100|[from] Recoil\n|move|p2b: Amoonguss|Spore|p1a: Terapagos\n|-status|p1a: Terapagos|slp|[from] move: Spore\n|\n|-heal|p1a: Terapagos|78/100 slp|[from] item: Leftovers\n|upkeep\n|inactive|LuDiCoLo D has 30 seconds left.\n|\n|t:|1746076770\n|switch|p2a: Urshifu|Urshifu, L50, M|100/100\n|turn|4\n|\n|t:|1746076783\n|switch|p1a: Incineroar|Incineroar, L50, M|100/100\n|-ability|p1a: Incineroar|Intimidate|boost\n|-unboost|p2a: Urshifu|atk|1\n|-unboost|p2b: Amoonguss|atk|1\n|move|p2b: Amoonguss|Protect|p2b: Amoonguss\n|-singleturn|p2b: Amoonguss|Protect\n|move|p2a: Urshifu|Close Combat|p1a: Incineroar\n|-supereffective|p1a: Incineroar\n|-damage|p1a: Incineroar|38/100\n|-unboost|p2a: Urshifu|def|1\n|-unboost|p2a: Urshifu|spd|1\n|-damage|p2a: Urshifu|84/100|[from] item: Rocky Helmet|[of] p1a: Incineroar\n|move|p1b: Rillaboom|U-turn|p2a: Urshifu\n|-damage|p2a: Urshifu|50/100\n|\n|t:|1746076797\n|switch|p1b: Terapagos|Terapagos-Stellar, L50, M, tera:Stellar|78/100 slp|[from] U-turn\n|\n|-heal|p1b: Terapagos|84/100 slp|[from] item: Leftovers\n|upkeep\n|turn|5\n|\n|t:|1746076826\n|move|p2a: Urshifu|Close Combat|p1b: Terapagos\n|-supereffective|p1b: Terapagos\n|-damage|p1b: Terapagos|39/100 slp\n|-unboost|p2a: Urshifu|def|1\n|-unboost|p2a: Urshifu|spd|1\n|cant|p1b: Terapagos|slp\n|move|p1a: Incineroar|Parting Shot|p2a: Urshifu\n|-unboost|p2a: Urshifu|atk|1\n|-unboost|p2a: Urshifu|spa|1\n|\n|t:|1746076832\n|switch|p1a: Rillaboom|Rillaboom, L50, M|97/100|[from] Parting Shot\n|-fieldstart|move: Grassy Terrain|[from] ability: Grassy Surge|[of] p1a: Rillaboom\n|move|p2b: Amoonguss|Pollen Puff|p2a: Urshifu\n|-heal|p2a: Urshifu|99/100\n|\n|-heal|p2a: Urshifu|100/100|[from] Grassy Terrain\n|-heal|p1b: Terapagos|46/100 slp|[from] Grassy Terrain\n|-heal|p1b: Terapagos|52/100 slp|[from] item: Leftovers\n|-heal|p1a: Rillaboom|100/100|[from] Grassy Terrain\n|-heal|p2b: Amoonguss|45/100|[from] Grassy Terrain\n|upkeep\n|turn|6\n|inactive|LuDiCoLo D has 30 seconds left.\n|\n|t:|1746076863\n|switch|p2a: Ting-Lu|Ting-Lu, L50|100/100\n|-ability|p2a: Ting-Lu|Vessel of Ruin\n|move|p2b: Amoonguss|Protect|p2b: Amoonguss\n|-singleturn|p2b: Amoonguss|Protect\n|-curestatus|p1b: Terapagos|slp|[msg]\n|move|p1b: Terapagos|Tera Starstorm|p2a: Ting-Lu|[spread] p2a\n|-activate|p2b: Amoonguss|move: Protect\n|-damage|p2a: Ting-Lu|83/100\n|move|p1a: Rillaboom|U-turn|p2a: Ting-Lu\n|-supereffective|p2a: Ting-Lu\n|-damage|p2a: Ting-Lu|58/100\n|-damage|p1a: Rillaboom|84/100|[from] item: Rocky Helmet|[of] p2a: Ting-Lu\n|\n|t:|1746076869\n|switch|p1a: Incineroar|Incineroar, L50, M|38/100|[from] U-turn\n|-ability|p1a: Incineroar|Intimidate|boost\n|-unboost|p2a: Ting-Lu|atk|1\n|-unboost|p2b: Amoonguss|atk|1\n|\n|-heal|p1b: Terapagos|58/100|[from] Grassy Terrain\n|-heal|p1b: Terapagos|64/100|[from] item: Leftovers\n|-heal|p1a: Incineroar|44/100|[from] Grassy Terrain\n|-heal|p2a: Ting-Lu|64/100|[from] Grassy Terrain\n|-heal|p2b: Amoonguss|50/100|[from] Grassy Terrain\n|upkeep\n|turn|7\n|inactive|LuDiCoLo D has 30 seconds left.\n|inactive|LuDiCoLo D has 20 seconds left.\n|inactive|LuDiCoLo D has 15 seconds left.\n|\n|t:|1746076910\n|move|p1b: Terapagos|Protect|p1b: Terapagos\n|-singleturn|p1b: Terapagos|Protect\n|move|p1a: Incineroar|Will-O-Wisp|p2a: Ting-Lu\n|-status|p2a: Ting-Lu|brn\n|move|p2a: Ting-Lu|Earthquake|p1b: Terapagos|[spread] p2b,p1a\n|-activate|p1b: Terapagos|move: Protect\n|-supereffective|p1a: Incineroar\n|-damage|p2b: Amoonguss|46/100\n|-damage|p1a: Incineroar|35/100\n|move|p2b: Amoonguss|Spore|p1b: Terapagos\n|-activate|p1b: Terapagos|move: Protect\n|\n|-heal|p1b: Terapagos|71/100|[from] Grassy Terrain\n|-heal|p1b: Terapagos|77/100|[from] item: Leftovers\n|-heal|p1a: Incineroar|41/100|[from] Grassy Terrain\n|-heal|p2a: Ting-Lu|70/100 brn|[from] Grassy Terrain\n|-heal|p2b: Amoonguss|52/100|[from] Grassy Terrain\n|-damage|p2a: Ting-Lu|64/100 brn|[from] brn\n|upkeep\n|turn|8\n|inactive|LuDiCoLo D has 30 seconds left.\n|\n|t:|1746076944\n|switch|p1b: Rillaboom|Rillaboom, L50, M|84/100\n|move|p1a: Incineroar|Parting Shot|p2b: Amoonguss\n|-unboost|p2b: Amoonguss|atk|1\n|-unboost|p2b: Amoonguss|spa|1\n|\n|t:|1746076951\n|switch|p1a: Terapagos|Terapagos-Stellar, L50, M, tera:Stellar|77/100|[from] Parting Shot\n|move|p2a: Ting-Lu|Body Press|p1b: Rillaboom\n|-damage|p1b: Rillaboom|71/100\n|move|p2b: Amoonguss|Spore|p1b: Rillaboom\n|-immune|p1b: Rillaboom\n|\n|-heal|p1a: Terapagos|83/100|[from] Grassy Terrain\n|-heal|p1a: Terapagos|89/100|[from] item: Leftovers\n|-heal|p1b: Rillaboom|77/100|[from] Grassy Terrain\n|-heal|p2a: Ting-Lu|70/100 brn|[from] Grassy Terrain\n|-heal|p2b: Amoonguss|57/100|[from] Grassy Terrain\n|-damage|p2a: Ting-Lu|64/100 brn|[from] brn\n|upkeep\n|turn|9\n|inactive|LuDiCoLo D has 30 seconds left.\n|inactive|LuDiCoLo D has 20 seconds left.\n|\n|t:|1746076986\n|switch|p2b: Urshifu|Urshifu, L50, M|100/100\n|move|p1b: Rillaboom|Fake Out|p2b: Urshifu\n|-damage|p2b: Urshifu|88/100\n|move|p1a: Terapagos|Calm Mind|p1a: Terapagos\n|-boost|p1a: Terapagos|spa|1\n|-boost|p1a: Terapagos|spd|1\n|move|p2a: Ting-Lu|Body Press|p1a: Terapagos\n|-supereffective|p1a: Terapagos\n|-damage|p1a: Terapagos|76/100\n|\n|-heal|p2b: Urshifu|93/100|[from] Grassy Terrain\n|-heal|p1a: Terapagos|82/100|[from] Grassy Terrain\n|-heal|p1a: Terapagos|88/100|[from] item: Leftovers\n|-heal|p1b: Rillaboom|83/100|[from] Grassy Terrain\n|-heal|p2a: Ting-Lu|70/100 brn|[from] Grassy Terrain\n|-damage|p2a: Ting-Lu|64/100 brn|[from] brn\n|-fieldend|move: Grassy Terrain\n|upkeep\n|turn|10\n|inactive|LuDiCoLo D has 30 seconds left.\n|\n|t:|1746077013\n|switch|p1b: Incineroar|Incineroar, L50, M|41/100\n|-ability|p1b: Incineroar|Intimidate|boost\n|-unboost|p2a: Ting-Lu|atk|1\n|-unboost|p2b: Urshifu|atk|1\n|switch|p2a: Amoonguss|Amoonguss, L50, F|57/100\n|move|p1a: Terapagos|Protect|p1a: Terapagos\n|-singleturn|p1a: Terapagos|Protect\n|move|p2b: Urshifu|Close Combat|p1a: Terapagos\n|-supereffective|p1a: Terapagos\n|-damage|p1a: Terapagos|44/100\n|-unboost|p2b: Urshifu|def|1\n|-unboost|p2b: Urshifu|spd|1\n|\n|-heal|p1a: Terapagos|50/100|[from] item: Leftovers\n|upkeep\n|turn|11\n|inactive|LuDiCoLo D has 30 seconds left.\n|\n|t:|1746077047\n|move|p1b: Incineroar|Fake Out|p2a: Amoonguss\n|-damage|p2a: Amoonguss|47/100\n|move|p2b: Urshifu|Close Combat|p1a: Terapagos\n|-supereffective|p1a: Terapagos\n|-damage|p1a: Terapagos|6/100\n|-unboost|p2b: Urshifu|def|1\n|-unboost|p2b: Urshifu|spd|1\n|move|p1a: Terapagos|Tera Starstorm|p2b: Urshifu|[spread] p2a,p2b\n|-damage|p2a: Amoonguss|1/100\n|-damage|p2b: Urshifu|0 fnt\n|faint|p2b: Urshifu\n|cant|p2a: Amoonguss|flinch\n|\n|-heal|p1a: Terapagos|12/100|[from] item: Leftovers\n|upkeep\n|\n|t:|1746077063\n|switch|p2b: Ting-Lu|Ting-Lu, L50|64/100 brn\n|-ability|p2b: Ting-Lu|Vessel of Ruin\n|turn|12\n|\n|t:|1746077087\n|move|p1a: Terapagos|Protect|p1a: Terapagos\n|-singleturn|p1a: Terapagos|Protect\n|move|p1b: Incineroar|Parting Shot|p2b: Ting-Lu\n|-unboost|p2b: Ting-Lu|atk|1\n|-unboost|p2b: Ting-Lu|spa|1\n|\n|t:|1746077092\n|switch|p1b: Rillaboom|Rillaboom, L50, M|83/100|[from] Parting Shot\n|-fieldstart|move: Grassy Terrain|[from] ability: Grassy Surge|[of] p1b: Rillaboom\n|move|p2b: Ting-Lu|Body Press|p1b: Rillaboom\n|-damage|p1b: Rillaboom|71/100\n|move|p2a: Amoonguss|Pollen Puff|p1a: Terapagos\n|-activate|p1a: Terapagos|move: Protect\n|\n|-heal|p1a: Terapagos|18/100|[from] Grassy Terrain\n|-heal|p1a: Terapagos|24/100|[from] item: Leftovers\n|-heal|p1b: Rillaboom|77/100|[from] Grassy Terrain\n|-heal|p2b: Ting-Lu|70/100 brn|[from] Grassy Terrain\n|-heal|p2a: Amoonguss|7/100|[from] Grassy Terrain\n|-damage|p2b: Ting-Lu|64/100 brn|[from] brn\n|upkeep\n|turn|13\n|-message|LuDiCoLo D forfeited.\n|raw|Meakashi_Shion's rating: 1093 &rarr; <strong>1115</strong><br />(+22 for winning)\n|raw|LuDiCoLo D's rating: 1043 &rarr; <strong>1029</strong><br />(-14 for losing)\n|\n|win|Meakashi_Shion\n|l|\u2606LuDiCoLo D\n|player|p2|\n|l|\u2606Meakashi_Shion\n|player|p1|\n", "uploadtime": 1746077451, "views": 7, "formatid": "gen9vgc2025regibo3", "rating": 1029, "private": 0, "password": null}