{"id": "gen9vgc2025regibo3-2354467333", "format": "[Gen 9] VGC 2025 Reg I (Bo3)", "players": ["dragondrivevgc", "grop_vgc"], "log": "|j|\u2606dragondrivevgc\n|j|\u2606grop_vgc\n|html|<table width=\"100%\"><tr><td align=\"left\">dragondrivevgc</td><td align=\"right\">grop_vgc</tr><tr><td align=\"left\"><i class=\"fa fa-circle-o\"></i> <i class=\"fa fa-circle-o\"></i> </td><td align=\"right\"><i class=\"fa fa-circle-o\"></i> <i class=\"fa fa-circle-o\"></i> </tr></table>\n|uhtml|bestof|<h2><strong>Game 1</strong> of <a href=\"/game-bestof3-gen9vgc2025regibo3-2354467332\">a best-of-3</a></h2>\n|t:|1746076226\n|gametype|doubles\n|player|p1|dragondrivevgc|266|1103\n|player|p2|grop_vgc|1|1156\n|teamsize|p1|6\n|teamsize|p2|6\n|gen|9\n|tier|[Gen 9] VGC 2025 Reg I (Bo3)\n|rated|\n|rule|Species Clause: Limit one of each Pok\u00e9mon\n|rule|Item Clause: Limit 1 of each item\n|clearpoke\n|poke|p1|Groudon, L50|\n|poke|p1|Ho-Oh, L50|\n|poke|p1|Chien-Pao, L50|\n|poke|p1|Tornadus, L50, M|\n|poke|p1|Ogerpon-Wellspring, L50, F|\n|poke|p1|Indeedee, L50, M|\n|poke|p2|Koraidon, L50|\n|poke|p2|Calyrex-Shadow, L50|\n|poke|p2|Weezing, L50, F|\n|poke|p2|Dondozo, L50, M|\n|poke|p2|Tatsugiri-Droopy, L50, M|\n|poke|p2|Chi-Yu, L50|\n|teampreview|4\n|showteam|p1|Groudon||AssaultVest|Drought|Earthquake,HighHorsepower,HeatCrash,HeavySlam||||||50|,,,,,Fire]Ho-Oh||ClearAmulet|Regenerator|SacredFire,BraveBird,Tailwind,Protect||||||50|,,,,,Steel]Chien-Pao||ChoiceScarf|SwordofRuin|SacredSword,ThroatChop,IceSpinner,Snarl||||||50|,,,,,Dark]Tornadus||FocusSash|Prankster|Leer,Tailwind,FoulPlay,SunnyDay|||M|||50|,,,,,Flying]Ogerpon-Wellspring||WellspringMask|WaterAbsorb|FollowMe,HornLeech,IvyCudgel,Synthesis|||F|||50|,,,,,Water]Indeedee||EjectButton|PsychicSurge|ExpandingForce,ShadowBall,HealingWish,Encore|||M|||50|,,,,,Psychic\n|showteam|p2|Koraidon||AbilityShield|OrichalcumPulse|FlareBlitz,CollisionCourse,FlameCharge,Protect||||||50|,,,,,Fire]Calyrex-Shadow||FocusSash|AsOneSpectrier|AstralBarrage,Psychic,Encore,Protect||||||50|,,,,,Ghost]Weezing||SitrusBerry|NeutralizingGas|SludgeBomb,Taunt,Protect,ToxicSpikes|||F|||50|,,,,,Dark]Dondozo||Leftovers|Unaware|OrderUp,BodyPress,WaveCrash,Protect|||M|||50|,,,,,Steel]Tatsugiri-Droopy||LifeOrb|Commander|MuddyWater,DracoMeteor,HelpingHand,Protect|||M|||50|,,,,,Steel]Chi-Yu||ChoiceScarf|BeadsofRuin|Overheat,HeatWave,Flamethrower,DarkPulse||||||50|,,,,,Ghost\n|inactive|Battle timer is ON: inactive players will automatically lose when time's up. (requested by dragondrivevgc)\n|inactive|grop_vgc has 60 seconds left.\n|\n|t:|1746076275\n|start\n|switch|p1a: Groudon|Groudon, L50|100/100\n|switch|p1b: Chien-Pao|Chien-Pao, L50|100/100\n|switch|p2a: Koraidon|Koraidon, L50|100/100\n|switch|p2b: Calyrex|Calyrex-Shadow, L50|100/100\n|-ability|p2b: Calyrex|As One\n|-ability|p2b: Calyrex|Unnerve\n|-ability|p1b: Chien-Pao|Sword of Ruin\n|-weather|SunnyDay|[from] ability: Orichalcum Pulse|[of] p2a: Koraidon\n|-activate|p2a: Koraidon|Orichalcum Pulse|[source]\n|turn|1\n|inactive|dragondrivevgc has 30 seconds left.\n|inactive|grop_vgc has 30 seconds left.\n|inactive|dragondrivevgc has 20 seconds left.\n|inactive|grop_vgc has 20 seconds left.\n|inactive|dragondrivevgc has 15 seconds left.\n|inactive|grop_vgc has 15 seconds left.\n|inactive|dragondrivevgc has 10 seconds left.\n|\n|t:|1746076323\n|move|p2b: Calyrex|Protect|p2b: Calyrex\n|-singleturn|p2b: Calyrex|Protect\n|move|p1b: Chien-Pao|Ice Spinner|p2a: Koraidon\n|-supereffective|p2a: Koraidon\n|-damage|p2a: Koraidon|18/100\n|move|p2a: Koraidon|Flame Charge|p1b: Chien-Pao\n|-supereffective|p1b: Chien-Pao\n|-damage|p1b: Chien-Pao|0 fnt\n|-boost|p2a: Koraidon|spe|1\n|faint|p1b: Chien-Pao\n|move|p1a: Groudon|Earthquake|p2a: Koraidon|[spread] p2a\n|-activate|p2b: Calyrex|move: Protect\n|-damage|p2a: Koraidon|0 fnt\n|faint|p2a: Koraidon\n|\n|-weather|SunnyDay|[upkeep]\n|upkeep\n|\n|t:|1746076344\n|switch|p2a: Tatsugiri|Tatsugiri-Droopy, L50, M|100/100\n|switch|p1b: Tornadus|Tornadus, L50, M|100/100\n|turn|2\n|\n|t:|1746076357\n|-terastallize|p2b: Calyrex|Ghost\n|move|p2a: Tatsugiri|Helping Hand|p2b: Calyrex\n|-singleturn|p2b: Calyrex|Helping Hand|[of] p2a: Tatsugiri\n|move|p1b: Tornadus|Tailwind|p1b: Tornadus\n|-sidestart|p1: dragondrivevgc|move: Tailwind\n|move|p1a: Groudon|Earthquake|p2b: Calyrex|[spread] p2a,p2b\n|-immune|p1b: Tornadus\n|-damage|p2a: Tatsugiri|23/100\n|-damage|p2b: Calyrex|51/100\n|move|p2b: Calyrex|Astral Barrage|p1a: Groudon|[spread] p1a,p1b\n|-damage|p1a: Groudon|43/100\n|-damage|p1b: Tornadus|5/100\n|\n|-weather|SunnyDay|[upkeep]\n|upkeep\n|turn|3\n|inactive|grop_vgc has 30 seconds left.\n|inactive|grop_vgc has 20 seconds left.\n|inactive|grop_vgc has 15 seconds left.\n|inactive|grop_vgc has 10 seconds left.\n|inactive|grop_vgc has 5 seconds left.\n|\n|t:|1746076410\n|switch|p2a: Dondozo|Dondozo, L50, M, shiny|100/100\n|move|p2b: Calyrex|Protect|p2b: Calyrex\n|-singleturn|p2b: Calyrex|Protect\n|move|p1b: Tornadus|Leer|p2a: Dondozo|[spread] p2a\n|-activate|p2b: Calyrex|move: Protect\n|-unboost|p2a: Dondozo|def|1\n|move|p1a: Groudon|Earthquake|p2b: Calyrex|[spread] p2a\n|-activate|p2b: Calyrex|move: Protect\n|-immune|p1b: Tornadus\n|-damage|p2a: Dondozo|67/100\n|\n|-weather|SunnyDay|[upkeep]\n|-heal|p2a: Dondozo|73/100|[from] item: Leftovers\n|upkeep\n|turn|4\n|\n|t:|1746076427\n|switch|p2b: Tatsugiri|Tatsugiri-Droopy, L50, M|23/100\n|-activate|p2b: Tatsugiri|ability: Commander|[of] p2a: Dondozo\n|-boost|p2a: Dondozo|atk|2\n|-boost|p2a: Dondozo|spa|2\n|-boost|p2a: Dondozo|spe|2\n|-boost|p2a: Dondozo|def|2\n|-boost|p2a: Dondozo|spd|2\n|move|p2a: Dondozo|Protect|p2a: Dondozo\n|-singleturn|p2a: Dondozo|Protect\n|move|p1b: Tornadus|Leer|p2b: Tatsugiri|[spread] \n|-miss|p1b: Tornadus|p2b: Tatsugiri\n|-activate|p2a: Dondozo|move: Protect\n|move|p1a: Groudon|Earthquake|p2b: Tatsugiri|[spread] \n|-miss|p1a: Groudon|p2b: Tatsugiri\n|-activate|p2a: Dondozo|move: Protect\n|-immune|p1b: Tornadus\n|\n|-weather|SunnyDay|[upkeep]\n|-heal|p2a: Dondozo|80/100|[from] item: Leftovers\n|upkeep\n|turn|5\n|\n|t:|1746076448\n|move|p1b: Tornadus|Leer|p2a: Dondozo|[spread] p2a\n|-miss|p1b: Tornadus|p2b: Tatsugiri\n|-unboost|p2a: Dondozo|def|1\n|move|p1a: Groudon|Earthquake|p2a: Dondozo|[spread] p2a\n|-miss|p1a: Groudon|p2b: Tatsugiri\n|-immune|p1b: Tornadus\n|-damage|p2a: Dondozo|57/100\n|move|p2a: Dondozo|Order Up|p1b: Tornadus\n|-damage|p1b: Tornadus|0 fnt\n|faint|p1b: Tornadus\n|-boost|p2a: Dondozo|def|1\n|\n|-weather|none\n|-heal|p2a: Dondozo|63/100|[from] item: Leftovers\n|-sideend|p1: dragondrivevgc|move: Tailwind\n|upkeep\n|\n|t:|1746076458\n|switch|p1b: Ho-Oh|Ho-Oh, L50|100/100\n|turn|6\n|\n|t:|1746076480\n|move|p2a: Dondozo|Wave Crash|p1a: Groudon\n|-supereffective|p1a: Groudon\n|-damage|p1a: Groudon|0 fnt\n|faint|p1a: Groudon\n|-damage|p2a: Dondozo|51/100|[from] Recoil\n|move|p1b: Ho-Oh|Tailwind|p1b: Ho-Oh\n|-sidestart|p1: dragondrivevgc|move: Tailwind\n|\n|-heal|p2a: Dondozo|57/100|[from] item: Leftovers\n|upkeep\n|turn|7\n|\n|t:|1746076492\n|move|p2a: Dondozo|Protect|p2a: Dondozo\n|-singleturn|p2a: Dondozo|Protect\n|move|p1b: Ho-Oh|Brave Bird|p2a: Dondozo\n|-activate|p2a: Dondozo|move: Protect\n|\n|-heal|p2a: Dondozo|63/100|[from] item: Leftovers\n|upkeep\n|turn|8\n|\n|t:|1746076499\n|move|p1b: Ho-Oh|Brave Bird|p2a: Dondozo\n|-damage|p2a: Dondozo|39/100\n|-damage|p1b: Ho-Oh|92/100|[from] Recoil\n|move|p2a: Dondozo|Wave Crash|p1b: Ho-Oh\n|-supereffective|p1b: Ho-Oh\n|-damage|p1b: Ho-Oh|0 fnt\n|faint|p1b: Ho-Oh\n|-damage|p2a: Dondozo|11/100|[from] Recoil\n|\n|win|grop_vgc\n||dragondrivevgc is ready for game 2.\n||grop_vgc is ready for game 2.\n|uhtml|next|Next: <a href=\"/battle-gen9vgc2025regibo3-2354468892\"><strong>Game 2 of 3</strong></a>\n|l|\u2606dragondrivevgc\n|player|p1|\n|l|\u2606grop_vgc\n|player|p2|\n", "uploadtime": 1746076893, "views": 6, "formatid": "gen9vgc2025regibo3", "rating": null, "private": 0, "password": null}