{"id": "gen9vgc2025regibo3-2353750855", "format": "[Gen 9] VGC 2025 Reg I (Bo3)", "players": ["shotper", "kalebloving3680"], "log": "|j|\u2606shotper\n|j|\u2606kalebloving3680\n|html|<table width=\"100%\"><tr><td align=\"left\">shotper</td><td align=\"right\">kalebloving3680</tr><tr><td align=\"left\"><i class=\"fa fa-circle\"></i> <i class=\"fa fa-circle-o\"></i> </td><td align=\"right\"><i class=\"fa fa-circle-o\"></i> <i class=\"fa fa-circle-o\"></i> </tr></table>\n|uhtml|bestof|<h2><strong>Game 2</strong> of <a href=\"/game-bestof3-gen9vgc2025regibo3-2353749886\">a best-of-3</a></h2>\n|t:|1745993717\n|gametype|doubles\n|player|p1|shotper|lucas|1127\n|player|p2|kalebloving3680|265|1070\n|teamsize|p1|6\n|teamsize|p2|6\n|gen|9\n|tier|[Gen 9] VGC 2025 Reg I (Bo3)\n|rated|\n|rule|Species Clause: Limit one of each Pok\u00e9mon\n|rule|Item Clause: Limit 1 of each item\n|clearpoke\n|poke|p1|Sneasler, L50, F|\n|poke|p1|Calyrex-Shadow, L50|\n|poke|p1|Dondozo, L50, F|\n|poke|p1|Tatsugiri-Droopy, L50, M|\n|poke|p1|Chi-Yu, L50|\n|poke|p1|Miraidon, L50|\n|poke|p2|Toedscruel, L50, M|\n|poke|p2|Typhlosion-Hisui, L50, M|\n|poke|p2|Weezing, L50, M|\n|poke|p2|Chien-Pao, L50|\n|poke|p2|Regigigas, L50|\n|poke|p2|Miraidon, L50|\n|teampreview|4\n|showteam|p1|Sneasler||ElectricSeed|Unburden|CloseCombat,DireClaw,ToxicSpikes,FakeOut|||F|||50|,,,,,Dark]Calyrex-Shadow||LifeOrb|AsOneSpectrier|AstralBarrage,Psychic,Encore,Protect||||||50|,,,,,Dark]Dondozo||Leftovers|Unaware|Earthquake,BodyPress,OrderUp,Protect|||F|||50|,,,,,Grass]Tatsugiri-Droopy||FocusSash|Commander|DracoMeteor,MuddyWater,HelpingHand,Protect|||M|||50|,,,,,Stellar]Chi-Yu||ChoiceScarf|BeadsofRuin|Overheat,HeatWave,ScaryFace,Snarl||||||50|,,,,,Ghost]Miraidon||AssaultVest|HadronEngine|ElectroDrift,DracoMeteor,DazzlingGleam,VoltSwitch||||||50|,,,,,Fairy\n|showteam|p2|Toedscruel||CovertCloak|MyceliumMight|Spore,EarthPower,EnergyBall,RagePowder|||M|||50|,,,,,Water]Typhlosion-Hisui||ChoiceScarf|Blaze|Eruption,SleepTalk,HeatWave,ShadowBall|||M|||50|,,,,,Fire]Weezing||Leftovers|NeutralizingGas|Protect,ClearSmog,Toxic,Rest|||M|||50|,,,,,Flying]Chien-Pao||EjectPack|SwordofRuin|IceShard,SacredSword,SwordsDance,SuckerPunch||||||50|,,,,,Dark]Regigigas||AssaultVest|SlowStart|RockSlide,DrainPunch,KnockOff,IronHead||||||50|,,,,,Ghost]Miraidon||ChoiceSpecs|HadronEngine|DazzlingGleam,DracoMeteor,VoltSwitch,ElectroDrift||||||50|,,,,,Electric\n|inactive|Battle timer is ON: inactive players will automatically lose when time's up. (requested by kalebloving3680)\n|\n|t:|1745993733\n|start\n|switch|p1a: Sneasler|Sneasler, L50, F|100/100\n|switch|p1b: Calyrex|Calyrex-Shadow, L50|100/100\n|switch|p2a: Typhlosion|Typhlosion-Hisui, L50, M|100/100\n|switch|p2b: Miraidon|Miraidon, L50|100/100\n|-ability|p1b: Calyrex|As One\n|-ability|p1b: Calyrex|Unnerve\n|-fieldstart|move: Electric Terrain|[from] ability: Hadron Engine|[of] p2b: Miraidon\n|-enditem|p1a: Sneasler|Electric Seed\n|-boost|p1a: Sneasler|def|1|[from] item: Electric Seed\n|turn|1\n|inactive|kalebloving3680 has 30 seconds left.\n|\n|t:|1745993763\n|move|p1b: Calyrex|Protect|p1b: Calyrex\n|-singleturn|p1b: Calyrex|Protect\n|move|p1a: Sneasler|Toxic Spikes|p2a: Typhlosion\n|-sidestart|p2: kalebloving3680|move: Toxic Spikes\n|move|p2a: Typhlosion|Shadow Ball|p1b: Calyrex\n|-activate|p1b: Calyrex|move: Protect\n|move|p2b: Miraidon|Dazzling Gleam|p1a: Sneasler|[spread] p1a\n|-activate|p1b: Calyrex|move: Protect\n|-damage|p1a: Sneasler|40/100\n|\n|upkeep\n|turn|2\n|\n|t:|1745993776\n|-terastallize|p1b: Calyrex|Dark\n|move|p1a: Sneasler|Toxic Spikes|p2b: Miraidon\n|-sidestart|p2: kalebloving3680|move: Toxic Spikes\n|move|p1b: Calyrex|Astral Barrage|p2b: Miraidon|[spread] p2a,p2b\n|-supereffective|p2a: Typhlosion\n|-damage|p2a: Typhlosion|0 fnt\n|-damage|p2b: Miraidon|38/100\n|faint|p2a: Typhlosion\n|-ability|p1b: Calyrex|Grim Neigh|boost\n|-boost|p1b: Calyrex|spa|1\n|-damage|p1b: Calyrex|91/100|[from] item: Life Orb\n|move|p2b: Miraidon|Dazzling Gleam|p1b: Calyrex|[spread] p1a,p1b\n|-supereffective|p1b: Calyrex\n|-damage|p1a: Sneasler|0 fnt\n|-damage|p1b: Calyrex|0 fnt\n|faint|p1a: Sneasler\n|faint|p1b: Calyrex\n|\n|upkeep\n|\n|t:|1745993792\n|switch|p1b: Dondozo|Dondozo, L50, F|100/100\n|switch|p1a: Tatsugiri|Tatsugiri-Droopy, L50, M|100/100\n|switch|p2a: Weezing|Weezing, L50, M, shiny|100/100\n|-ability|p2a: Weezing|Neutralizing Gas\n|-sideend|p2: kalebloving3680|move: Toxic Spikes|[of] p2a: Weezing\n|turn|3\n|\n|t:|1745993803\n|move|p1b: Dondozo|Protect|p1b: Dondozo\n|-singleturn|p1b: Dondozo|Protect\n|move|p2b: Miraidon|Dazzling Gleam|p1a: Tatsugiri|[spread] p1a\n|-activate|p1b: Dondozo|move: Protect\n|-supereffective|p1a: Tatsugiri\n|-damage|p1a: Tatsugiri|7/100\n|move|p1a: Tatsugiri|Draco Meteor|p2b: Miraidon\n|-supereffective|p2b: Miraidon\n|-damage|p2b: Miraidon|0 fnt\n|-unboost|p1a: Tatsugiri|spa|2\n|faint|p2b: Miraidon\n|move|p2a: Weezing|Clear Smog|p1b: Dondozo\n|-activate|p1b: Dondozo|move: Protect\n|\n|upkeep\n|\n|t:|1745993817\n|switch|p2b: Toedscruel|Toedscruel, L50, M|100/100\n|turn|4\n|\n|t:|1745993827\n|move|p1a: Tatsugiri|Protect|p1a: Tatsugiri\n|-singleturn|p1a: Tatsugiri|Protect\n|move|p2a: Weezing|Protect|p2a: Weezing\n|-singleturn|p2a: Weezing|Protect\n|move|p2b: Toedscruel|Spore|p1b: Dondozo\n|-activate|p1b: Dondozo|move: Electric Terrain\n|move|p1b: Dondozo|Earthquake|p2a: Weezing|[spread] p2b\n|-activate|p1a: Tatsugiri|move: Protect\n|-activate|p2a: Weezing|move: Protect\n|-resisted|p2b: Toedscruel\n|-damage|p2b: Toedscruel|90/100\n|\n|upkeep\n|turn|5\n|\n|t:|1745993845\n|move|p2b: Toedscruel|Energy Ball|p1a: Tatsugiri\n|-damage|p1a: Tatsugiri|0 fnt\n|faint|p1a: Tatsugiri\n|move|p2a: Weezing|Clear Smog|p1b: Dondozo\n|-damage|p1b: Dondozo|86/100\n|-clearboost|p1b: Dondozo\n|move|p1b: Dondozo|Earthquake|p2b: Toedscruel|[spread] p2a,p2b\n|-supereffective|p2a: Weezing\n|-resisted|p2b: Toedscruel\n|-damage|p2a: Weezing|74/100\n|-damage|p2b: Toedscruel|79/100\n|\n|-heal|p2a: Weezing|79/100|[from] item: Leftovers\n|-heal|p1b: Dondozo|92/100|[from] item: Leftovers\n|-fieldend|move: Electric Terrain\n|upkeep\n|turn|6\n|-message|shotper forfeited.\n|\n|win|kalebloving3680\n|l|\u2606shotper\n|player|p1|\n||shotper is ready for game 3.\n||kalebloving3680 is ready for game 3.\n|uhtml|next|Next: <a href=\"/battle-gen9vgc2025regibo3-2353751686\"><strong>Game 3 of 3</strong></a>\n|l|\u2606kalebloving3680\n|player|p2|\n", "uploadtime": 1745994227, "views": 6, "formatid": "gen9vgc2025regibo3", "rating": null, "private": 0, "password": null}