{"id": "gen9vgc2025regibo3-2354993799", "format": "[Gen 9] VGC 2025 Reg I (Bo3)", "players": ["pantsuit", "BisceglieVG"], "log": "|j|\u2606pantsuit\n|j|\u2606BisceglieVG\n|html|<table width=\"100%\"><tr><td align=\"left\">pantsuit</td><td align=\"right\">BisceglieVG</tr><tr><td align=\"left\"><i class=\"fa fa-circle-o\"></i> <i class=\"fa fa-circle-o\"></i> </td><td align=\"right\"><i class=\"fa fa-circle-o\"></i> <i class=\"fa fa-circle-o\"></i> </tr></table>\n|uhtml|bestof|<h2><strong>Game 1</strong> of <a href=\"/game-bestof3-gen9vgc2025regibo3-2354993798\">a best-of-3</a></h2>\n|t:|1746139734\n|gametype|doubles\n|player|p1|pantsuit|102|1438\n|player|p2|BisceglieVG|elesa|1542\n|teamsize|p1|6\n|teamsize|p2|6\n|gen|9\n|tier|[Gen 9] VGC 2025 Reg I (Bo3)\n|rated|\n|rule|Species Clause: Limit one of each Pok\u00e9mon\n|rule|Item Clause: Limit 1 of each item\n|clearpoke\n|poke|p1|Koraidon, L50|\n|poke|p1|Lunala, L50|\n|poke|p1|Chi-Yu, L50|\n|poke|p1|Indeedee-F, L50, F|\n|poke|p1|Brute Bonnet, L50|\n|poke|p1|Flutter Mane, L50|\n|poke|p2|Koraidon, L50|\n|poke|p2|Lunala, L50|\n|poke|p2|Chi-Yu, L50|\n|poke|p2|Ursaluna, L50, F|\n|poke|p2|Brute Bonnet, L50|\n|poke|p2|Flutter Mane, L50|\n|teampreview|4\n|showteam|p1|Koraidon||LifeOrb|OrichalcumPulse|FlareBlitz,FlameCharge,CloseCombat,Protect||||||50|,,,,,Fire]Lunala||PowerHerb|ShadowShield|MoongeistBeam,MeteorBeam,WideGuard,ExpandingForce||||||50|,,,,,Water]Chi-Yu||ChoiceScarf|BeadsofRuin|Overheat,HeatWave,DarkPulse,Snarl||||||50|,,,,,Ghost]Indeedee-F||PsychicSeed|PsychicSurge|HelpingHand,FollowMe,Psychic,TrickRoom|||F|||50|,,,,,Fairy]Brute Bonnet||CovertCloak|Protosynthesis|SeedBomb,SuckerPunch,Spore,RagePowder||||||50|,,,,,Water]Flutter Mane||FocusSash|Protosynthesis|Moonblast,IcyWind,ShadowBall,Protect||||||50|,,,,,Normal\n|showteam|p2|Koraidon||LifeOrb|OrichalcumPulse|FlareBlitz,FlameCharge,CloseCombat,Protect||||||50|,,,,,Fire]Lunala||PowerHerb|ShadowShield|MoongeistBeam,MeteorBeam,WideGuard,TrickRoom||||||50|,,,,,Water]Chi-Yu||ChoiceScarf|BeadsofRuin|Overheat,HeatWave,DarkPulse,Snarl||||||50|,,,,,Ghost]Ursaluna||FlameOrb|Guts|Facade,Earthquake,HeadlongRush,Protect|||F|||50|,,,,,Water]Brute Bonnet||CovertCloak|Protosynthesis|SeedBomb,SuckerPunch,Spore,RagePowder||||||50|,,,,,Water]Flutter Mane||FocusSash|Protosynthesis|Moonblast,IcyWind,ShadowBall,Protect||||||50|,,,,,Normal\n|inactive|Battle timer is ON: inactive players will automatically lose when time's up. (requested by BisceglieVG)\n|\n|t:|1746139802\n|start\n|switch|p1a: Lunala|Lunala, L50|100/100\n|switch|p1b: Brute Bonnet|Brute Bonnet, L50|100/100\n|switch|p2a: Brute Bonnet|Brute Bonnet, L50|100/100\n|switch|p2b: Koraidon|Koraidon, L50|100/100\n|-weather|SunnyDay|[from] ability: Orichalcum Pulse|[of] p2b: Koraidon\n|-activate|p1b: Brute Bonnet|ability: Protosynthesis\n|-start|p1b: Brute Bonnet|protosynthesisdef\n|-activate|p2a: Brute Bonnet|ability: Protosynthesis\n|-start|p2a: Brute Bonnet|protosynthesisdef\n|-activate|p2b: Koraidon|Orichalcum Pulse|[source]\n|turn|1\n|\n|t:|1746139818\n|-terastallize|p1b: Brute Bonnet|Water\n|move|p2b: Koraidon|Close Combat|p1b: Brute Bonnet\n|-damage|p1b: Brute Bonnet|50/100\n|-unboost|p2b: Koraidon|def|1\n|-unboost|p2b: Koraidon|spd|1\n|-damage|p2b: Koraidon|91/100|[from] item: Life Orb\n|move|p1a: Lunala|Meteor Beam||[still]\n|-prepare|p1a: Lunala|Meteor Beam\n|-boost|p1a: Lunala|spa|1\n|-enditem|p1a: Lunala|Power Herb\n|-anim|p1a: Lunala|Meteor Beam|p2a: Brute Bonnet\n|-damage|p2a: Brute Bonnet|50/100\n|move|p2a: Brute Bonnet|Spore|p1b: Brute Bonnet\n|-status|p1b: Brute Bonnet|slp|[from] move: Spore\n|cant|p1b: Brute Bonnet|slp\n|\n|-weather|SunnyDay|[upkeep]\n|upkeep\n|turn|2\n|inactive|pantsuit has 30 seconds left.\n|\n|t:|1746139845\n|-end|p1b: Brute Bonnet|Protosynthesis|[silent]\n|switch|p1b: Flutter Mane|Flutter Mane, L50|100/100\n|-activate|p1b: Flutter Mane|ability: Protosynthesis\n|-start|p1b: Flutter Mane|protosynthesisspe\n|move|p2b: Koraidon|Close Combat|p1b: Flutter Mane\n|-immune|p1b: Flutter Mane\n|move|p1a: Lunala|Moongeist Beam|p2a: Brute Bonnet\n|-resisted|p2a: Brute Bonnet\n|-damage|p2a: Brute Bonnet|20/100\n|move|p2a: Brute Bonnet|Spore|p1a: Lunala\n|-status|p1a: Lunala|slp|[from] move: Spore\n|\n|-weather|SunnyDay|[upkeep]\n|upkeep\n|turn|3\n|\n|t:|1746139867\n|-terastallize|p2b: Koraidon|Fire\n|cant|p1a: Lunala|slp\n|move|p2a: Brute Bonnet|Sucker Punch|p1b: Flutter Mane\n|-damage|p1b: Flutter Mane|36/100\n|move|p1b: Flutter Mane|Icy Wind|p2b: Koraidon|[spread] p2a,p2b\n|-supereffective|p2a: Brute Bonnet\n|-resisted|p2b: Koraidon\n|-damage|p2a: Brute Bonnet|0 fnt\n|-damage|p2b: Koraidon|80/100\n|-unboost|p2b: Koraidon|spe|1\n|faint|p2a: Brute Bonnet\n|-end|p2a: Brute Bonnet|Protosynthesis|[silent]\n|move|p2b: Koraidon|Flame Charge|p1b: Flutter Mane\n|-damage|p1b: Flutter Mane|0 fnt\n|-boost|p2b: Koraidon|spe|1\n|faint|p1b: Flutter Mane\n|-end|p1b: Flutter Mane|Protosynthesis|[silent]\n|-damage|p2b: Koraidon|70/100|[from] item: Life Orb\n|\n|-weather|SunnyDay|[upkeep]\n|upkeep\n|\n|t:|1746139886\n|switch|p1b: Koraidon|Koraidon, L50|100/100\n|switch|p2a: Flutter Mane|Flutter Mane, L50|100/100\n|-activate|p1b: Koraidon|ability: Orichalcum Pulse\n|-activate|p2a: Flutter Mane|ability: Protosynthesis\n|-start|p2a: Flutter Mane|protosynthesisspe\n|turn|4\n|\n|t:|1746139895\n|move|p1b: Koraidon|Protect|p1b: Koraidon\n|-singleturn|p1b: Koraidon|Protect\n|move|p2a: Flutter Mane|Moonblast|p1b: Koraidon\n|-activate|p1b: Koraidon|move: Protect\n|move|p2b: Koraidon|Flare Blitz|p1a: Lunala\n|-damage|p1a: Lunala|23/100 slp\n|-damage|p2b: Koraidon|39/100|[from] Recoil\n|-damage|p2b: Koraidon|29/100|[from] item: Life Orb\n|-curestatus|p1a: Lunala|slp|[msg]\n|move|p1a: Lunala|Moongeist Beam|p2b: Koraidon\n|-damage|p2b: Koraidon|0 fnt\n|faint|p2b: Koraidon\n|\n|-weather|SunnyDay|[upkeep]\n|upkeep\n|\n|t:|1746139898\n|switch|p2b: Chi-Yu|Chi-Yu, L50|100/100\n|-ability|p2b: Chi-Yu|Beads of Ruin\n|turn|5\n|inactive|pantsuit has 30 seconds left.\n|-message|pantsuit forfeited.\n|\n|win|BisceglieVG\n||pantsuit is ready for game 2.\n||BisceglieVG is ready for game 2.\n|uhtml|next|Next: <a href=\"/battle-gen9vgc2025regibo3-2354995472\"><strong>Game 2 of 3</strong></a>\n|l|\u2606BisceglieVG\n|player|p2|\n", "uploadtime": 1746140351, "views": 6, "formatid": "gen9vgc2025regibo3", "rating": null, "private": 0, "password": null}