{"id": "gen9vgc2025regibo3-2353866127", "format": "[Gen 9] VGC 2025 Reg I (Bo3)", "players": ["Edozeg", "ErPrietinho"], "log": "|j|\u2606Edozeg\n|j|\u2606ErPrietinho\n|html|<table width=\"100%\"><tr><td align=\"left\">Edozeg</td><td align=\"right\">ErPrietinho</tr><tr><td align=\"left\"><i class=\"fa fa-circle\"></i> <i class=\"fa fa-circle-o\"></i> </td><td align=\"right\"><i class=\"fa fa-circle-o\"></i> <i class=\"fa fa-circle-o\"></i> </tr></table>\n|uhtml|bestof|<h2><strong>Game 2</strong> of <a href=\"/game-bestof3-gen9vgc2025regibo3-2353863374\">a best-of-3</a></h2>\n|t:|1746012378\n|gametype|doubles\n|player|p1|Edozeg|grimsley|1090\n|player|p2|ErPrietinho|lucas-gen4pt|1000\n|teamsize|p1|6\n|teamsize|p2|6\n|gen|9\n|tier|[Gen 9] VGC 2025 Reg I (Bo3)\n|rated|\n|rule|Species Clause: Limit one of each Pok\u00e9mon\n|rule|Item Clause: Limit 1 of each item\n|clearpoke\n|poke|p1|Kyogre, L50|\n|poke|p1|Zamazenta-*, L50|\n|poke|p1|Indeedee-F, L50, F|\n|poke|p1|Dragapult, L50, M|\n|poke|p1|Chien-Pao, L50|\n|poke|p1|Incineroar, L50, F|\n|poke|p2|Calyrex-Ice, L50|\n|poke|p2|Urshifu-*, L50, M|\n|poke|p2|Amoonguss, L50, M|\n|poke|p2|Landorus, L50, M|\n|poke|p2|Raging Bolt, L50|\n|poke|p2|Indeedee-F, L50, F|\n|teampreview|4\n|showteam|p1|Kyogre||ChoiceScarf|Drizzle|WaterSpout,IceBeam,OriginPulse,HydroPump||||||50|,,,,,Grass]Zamazenta-Crowned||RustedShield|DauntlessShield|BodyPress,HeavySlam,WideGuard,Protect||||||50|,,,,,Dragon]Indeedee-F||PsychicSeed|PsychicSurge|TrickRoom,FollowMe,HelpingHand,Imprison|||F|||50|,,,,,Fairy]Dragapult||FocusSash|ClearBody|PhantomForce,DragonDarts,DragonDance,Protect|||M|||50|,,,,,Normal]Chien-Pao||ClearAmulet|SwordofRuin|SuckerPunch,ThroatChop,SacredSword,Protect||||||50|,,,,,Stellar]Incineroar||RockyHelmet|Intimidate|Taunt,FakeOut,PartingShot,KnockOff|||F|||50|,,,,,Grass\n|showteam|p2|Calyrex-Ice||ClearAmulet|AsOneGlastrier|GlacialLance,TrickRoom,Protect,HighHorsepower||||||50|,,,,,Water]Urshifu-Rapid-Strike||ChoiceScarf|UnseenFist|SurgingStrikes,CloseCombat,AquaJet,Uturn|||M|||50|,,,,,Water]Amoonguss||RockyHelmet|Regenerator|Spore,RagePowder,Protect,PollenPuff|||M|||50|,,,,,Water]Landorus||LifeOrb|SheerForce|SludgeBomb,EarthPower,Protect,SandsearStorm|||M|||50|,,,,,Poison]Raging Bolt||AssaultVest|Protosynthesis|Thunderclap,Thunderbolt,DracoMeteor,Protect||||||50|,,,,,Electric]Indeedee-F||PsychicSeed|PsychicSurge|FollowMe,TrickRoom,HelpingHand,Psychic|||F|||50|,,,,,Fairy\n|inactive|Battle timer is ON: inactive players will automatically lose when time's up. (requested by Edozeg)\n|\n|t:|1746012414\n|start\n|switch|p1a: Dragapult|Dragapult, L50, M|100/100\n|switch|p1b: Incineroar|Incineroar, L50, F|100/100\n|switch|p2a: Calyrex|Calyrex-Ice, L50|100/100\n|switch|p2b: Indeedee|Indeedee-F, L50, F, shiny|100/100\n|-ability|p2a: Calyrex|As One\n|-ability|p2a: Calyrex|Unnerve\n|-fieldstart|move: Psychic Terrain|[from] ability: Psychic Surge|[of] p2b: Indeedee\n|-enditem|p2b: Indeedee|Psychic Seed\n|-boost|p2b: Indeedee|spd|1|[from] item: Psychic Seed\n|-ability|p1b: Incineroar|Intimidate|boost\n|-fail|p2a: Calyrex|unboost|[from] item: Clear Amulet|[of] p2a: Calyrex\n|-unboost|p2b: Indeedee|atk|1\n|turn|1\n|inactive|Edozeg has 30 seconds left.\n|inactive|ErPrietinho has 30 seconds left.\n|inactive|ErPrietinho has 20 seconds left.\n|inactive|ErPrietinho has 15 seconds left.\n|\n|t:|1746012456\n|switch|p2b: Urshifu|Urshifu-Rapid-Strike, L50, M|100/100\n|move|p1a: Dragapult|Dragon Dance|p1a: Dragapult\n|-boost|p1a: Dragapult|atk|1\n|-boost|p1a: Dragapult|spe|1\n|move|p1b: Incineroar|Taunt|p2b: Urshifu\n|-start|p2b: Urshifu|move: Taunt\n|move|p2a: Calyrex|Glacial Lance|p1b: Incineroar|[spread] p1a,p1b\n|-supereffective|p1a: Dragapult\n|-resisted|p1b: Incineroar\n|-enditem|p1a: Dragapult|Focus Sash\n|-damage|p1a: Dragapult|1/100\n|-damage|p1b: Incineroar|78/100\n|\n|upkeep\n|turn|2\n|inactive|ErPrietinho has 30 seconds left.\n|\n|t:|1746012491\n|-terastallize|p2a: Calyrex|Water\n|move|p1a: Dragapult|Phantom Force||[still]\n|-prepare|p1a: Dragapult|Phantom Force\n|move|p2b: Urshifu|Surging Strikes|p1b: Incineroar\n|-supereffective|p1b: Incineroar\n|-crit|p1b: Incineroar\n|-damage|p1b: Incineroar|45/100\n|-damage|p2b: Urshifu|84/100|[from] item: Rocky Helmet|[of] p1b: Incineroar\n|-supereffective|p1b: Incineroar\n|-crit|p1b: Incineroar\n|-damage|p1b: Incineroar|14/100\n|-damage|p2b: Urshifu|68/100|[from] item: Rocky Helmet|[of] p1b: Incineroar\n|-supereffective|p1b: Incineroar\n|-crit|p1b: Incineroar\n|-damage|p1b: Incineroar|0 fnt\n|-damage|p2b: Urshifu|51/100|[from] item: Rocky Helmet|[of] p1b: Incineroar\n|faint|p1b: Incineroar\n|-hitcount|p1: Incineroar|3\n|move|p2a: Calyrex|Glacial Lance|p1a: Dragapult|[miss]\n|-miss|p2a: Calyrex|p1a: Dragapult\n|\n|upkeep\n|\n|t:|1746012507\n|switch|p1b: Kyogre|Kyogre, L50|100/100\n|-weather|RainDance|[from] ability: Drizzle|[of] p1b: Kyogre\n|turn|3\n|\n|t:|1746012518\n|switch|p2b: Indeedee|Indeedee-F, L50, F, shiny|100/100\n|move|p2a: Calyrex|Protect|p2a: Calyrex\n|-singleturn|p2a: Calyrex|Protect\n|move|p1a: Dragapult|Phantom Force|p2b: Indeedee|[from] lockedmove\n|-immune|p2b: Indeedee\n|move|p1b: Kyogre|Water Spout|p2a: Calyrex|[spread] p2b\n|-activate|p2a: Calyrex|move: Protect\n|-damage|p2b: Indeedee|0 fnt\n|faint|p2b: Indeedee\n|\n|-weather|RainDance|[upkeep]\n|upkeep\n|\n|t:|1746012534\n|switch|p2b: Landorus|Landorus, L50, M, shiny|100/100\n|turn|4\n|\n|t:|1746012554\n|move|p1a: Dragapult|Phantom Force||[still]\n|-prepare|p1a: Dragapult|Phantom Force\n|move|p1b: Kyogre|Water Spout|p2b: Landorus|[spread] p2a,p2b\n|-resisted|p2a: Calyrex\n|-supereffective|p2b: Landorus\n|-damage|p2a: Calyrex|67/100\n|-damage|p2b: Landorus|0 fnt\n|faint|p2b: Landorus\n|move|p2a: Calyrex|Trick Room|p2a: Calyrex\n|-fieldstart|move: Trick Room|[of] p2a: Calyrex\n|\n|-weather|RainDance|[upkeep]\n|upkeep\n|\n|t:|1746012559\n|switch|p2b: Urshifu|Urshifu-Rapid-Strike, L50, M|51/100\n|turn|5\n|\n|t:|1746012576\n|switch|p1b: Indeedee|Indeedee-F, L50, F|100/100\n|-enditem|p1b: Indeedee|Psychic Seed\n|-boost|p1b: Indeedee|spd|1|[from] item: Psychic Seed\n|move|p2a: Calyrex|Protect|p2a: Calyrex\n|-singleturn|p2a: Calyrex|Protect\n|move|p2b: Urshifu|Aqua Jet|p1a: Dragapult|[miss]\n|-miss|p2b: Urshifu|p1a: Dragapult\n|move|p1a: Dragapult|Phantom Force|p2a: Calyrex|[from] lockedmove\n|-activate|p2a: Calyrex|move: Phantom Force|[broken]\n|-damage|p2a: Calyrex|26/100\n|\n|-weather|RainDance|[upkeep]\n|-fieldend|move: Psychic Terrain\n|upkeep\n|turn|6\n|\n|t:|1746012600\n|move|p1a: Dragapult|Protect|p1a: Dragapult\n|-singleturn|p1a: Dragapult|Protect\n|move|p2b: Urshifu|Aqua Jet|p1a: Dragapult\n|-resisted|p1a: Dragapult\n|-damage|p1a: Dragapult|0 fnt\n|faint|p1a: Dragapult\n|move|p2a: Calyrex|Glacial Lance|p1b: Indeedee\n|-damage|p1b: Indeedee|21/100\n|move|p1b: Indeedee|Trick Room|p1b: Indeedee\n|-fieldend|move: Trick Room\n|\n|-weather|RainDance|[upkeep]\n|upkeep\n|\n|t:|1746012613\n|switch|p1a: Kyogre|Kyogre, L50|100/100\n|turn|7\n|\n|t:|1746012629\n|move|p1b: Indeedee|Helping Hand|p1a: Kyogre\n|-singleturn|p1a: Kyogre|Helping Hand|[of] p1b: Indeedee\n|move|p2a: Calyrex|Protect|p2a: Calyrex\n|-singleturn|p2a: Calyrex|Protect\n|move|p2b: Urshifu|Aqua Jet|p1b: Indeedee\n|-damage|p1b: Indeedee|0 fnt\n|faint|p1b: Indeedee\n|move|p1a: Kyogre|Water Spout|p2a: Calyrex|[spread] p2b\n|-activate|p2a: Calyrex|move: Protect\n|-resisted|p2b: Urshifu\n|-damage|p2b: Urshifu|0 fnt\n|faint|p2b: Urshifu\n|\n|-weather|none\n|upkeep\n|turn|8\n|\n|t:|1746012645\n|move|p1a: Kyogre|Water Spout|p2a: Calyrex\n|-resisted|p2a: Calyrex\n|-damage|p2a: Calyrex|0 fnt\n|faint|p2a: Calyrex\n|\n|win|Edozeg\n|raw|Edozeg's rating: 1090 &rarr; <strong>1110</strong><br />(+20 for winning)\n|raw|ErPrietinho's rating: 1000 &rarr; <strong>1000</strong><br />(+0 for losing)\n|l|\u2606Edozeg\n|player|p1|\n", "uploadtime": 1746012648, "views": 12, "formatid": "gen9vgc2025regibo3", "rating": 1000, "private": 0, "password": null}