{"id": "gen9vgc2025regibo3-2354619210", "format": "[Gen 9] VGC 2025 Reg I (Bo3)", "players": ["rapidsinglestrike", "AJ34"], "log": "|j|\u2606rapidsinglestrike\n|j|\u2606AJ34\n|html|<table width=\"100%\"><tr><td align=\"left\">rapidsinglestrike</td><td align=\"right\">AJ34</tr><tr><td align=\"left\"><i class=\"fa fa-circle\"></i> <i class=\"fa fa-circle-o\"></i> </td><td align=\"right\"><i class=\"fa fa-circle-o\"></i> <i class=\"fa fa-circle-o\"></i> </tr></table>\n|uhtml|bestof|<h2><strong>Game 2</strong> of <a href=\"/game-bestof3-gen9vgc2025regibo3-2354617702\">a best-of-3</a></h2>\n|t:|1746103622\n|gametype|doubles\n|player|p1|rapidsinglestrike|169|1347\n|player|p2|AJ34|101|1327\n|teamsize|p1|6\n|teamsize|p2|6\n|gen|9\n|tier|[Gen 9] VGC 2025 Reg I (Bo3)\n|rated|\n|rule|Species Clause: Limit one of each Pok\u00e9mon\n|rule|Item Clause: Limit 1 of each item\n|clearpoke\n|poke|p1|Koraidon, L50|\n|poke|p1|Calyrex-Shadow, L50|\n|poke|p1|Smeargle, L50, M|\n|poke|p1|Rillaboom, L50, F|\n|poke|p1|Incineroar, L50, M|\n|poke|p1|Ogerpon-Cornerstone, L50, F|\n|poke|p2|Terapagos, L50, M|\n|poke|p2|Incineroar, L50, F|\n|poke|p2|Rillaboom, L50, M|\n|poke|p2|Ogerpon-Cornerstone, L50, F|\n|poke|p2|Flutter Mane, L50|\n|poke|p2|Calyrex-Shadow, L50|\n|teampreview|4\n|showteam|p1|Koraidon||ClearAmulet|OrichalcumPulse|CollisionCourse,FlareBlitz,FlameCharge,Protect||||||50|,,,,,Fire]Calyrex-Shadow||LifeOrb|AsOneSpectrier|AstralBarrage,Psychic,NastyPlot,Protect||||||50|,,,,,Dark]Smeargle||FocusSash|Moody|Spore,FollowMe,WideGuard,SpikyShield|||M|||50|,,,,,Grass]Rillaboom||AssaultVest|GrassySurge|WoodHammer,GrassyGlide,Uturn,FakeOut|||F|||50|,,,,,Fire]Incineroar||SafetyGoggles|Intimidate|KnockOff,FakeOut,PartingShot,FlareBlitz|||M|||50|,,,,,Bug]Ogerpon-Cornerstone||CornerstoneMask|Sturdy|IvyCudgel,HornLeech,FollowMe,SpikyShield|||F|||50|,,,,,Rock\n|showteam|p2|Terapagos||Leftovers|TeraShift|TeraStarstorm,Protect,CalmMind,EarthPower|||M|||50|,,,,,Stellar]Incineroar||RockyHelmet|Intimidate|KnockOff,FakeOut,PartingShot,WillOWisp|||F|||50|,,,,,Bug]Rillaboom||AssaultVest|GrassySurge|GrassyGlide,WoodHammer,FakeOut,Uturn|||M|||50|,,,,,Grass]Ogerpon-Cornerstone||CornerstoneMask|Sturdy|IvyCudgel,SpikyShield,FollowMe,PowerWhip|||F|||50|,,,,,Rock]Flutter Mane||BoosterEnergy|Protosynthesis|Moonblast,IcyWind,ThunderWave,Taunt||||||50|,,,,,Fairy]Calyrex-Shadow||FocusSash|AsOneSpectrier|AstralBarrage,Protect,Disable,PollenPuff||||||50|,,,,,Ghost\n|inactive|Battle timer is ON: inactive players will automatically lose when time's up. (requested by rapidsinglestrike)\n|inactive|rapidsinglestrike has 60 seconds left.\n|\n|t:|1746103666\n|start\n|switch|p1a: Calyrex|Calyrex-Shadow, L50|100/100\n|switch|p1b: Smeargle|Smeargle, L50, M|100/100\n|switch|p2a: Flutter Mane|Flutter Mane, L50|100/100\n|switch|p2b: Calyrex|Calyrex-Shadow, L50|100/100\n|-ability|p2b: Calyrex|As One\n|-ability|p2b: Calyrex|Unnerve\n|-ability|p1a: Calyrex|As One\n|-ability|p1a: Calyrex|Unnerve\n|-enditem|p2a: Flutter Mane|Booster Energy\n|-activate|p2a: Flutter Mane|ability: Protosynthesis|[fromitem]\n|-start|p2a: Flutter Mane|protosynthesisspe\n|turn|1\n|inactive|AJ34 has 30 seconds left.\n|inactive|AJ34 has 20 seconds left.\n|\n|t:|1746103703\n|-terastallize|p1a: Calyrex|Dark\n|move|p1b: Smeargle|Follow Me|p1b: Smeargle\n|-singleturn|p1b: Smeargle|move: Follow Me\n|move|p2a: Flutter Mane|Taunt|p1b: Smeargle\n|-start|p1b: Smeargle|move: Taunt\n|move|p1a: Calyrex|Astral Barrage|p2b: Calyrex|[spread] p2a,p2b\n|-supereffective|p2a: Flutter Mane\n|-supereffective|p2b: Calyrex\n|-damage|p2a: Flutter Mane|0 fnt\n|-enditem|p2b: Calyrex|Focus Sash\n|-damage|p2b: Calyrex|1/100\n|faint|p2a: Flutter Mane\n|-end|p2a: Flutter Mane|Protosynthesis|[silent]\n|-ability|p1a: Calyrex|Grim Neigh|boost\n|-boost|p1a: Calyrex|spa|1\n|-damage|p1a: Calyrex|91/100|[from] item: Life Orb\n|move|p2b: Calyrex|Astral Barrage|p1b: Smeargle|[spread] p1a\n|-immune|p1b: Smeargle\n|-resisted|p1a: Calyrex\n|-damage|p1a: Calyrex|63/100\n|\n|-ability|p1b: Smeargle|Moody|boost\n|-boost|p1b: Smeargle|def|2\n|-unboost|p1b: Smeargle|spa|1\n|upkeep\n|\n|t:|1746103713\n|switch|p2a: Terapagos|Terapagos, L50, M|100/100\n|-activate|p2a: Terapagos|ability: Tera Shift\n|detailschange|p2a: Terapagos|Terapagos-Terastal, L50, M\n|-heal|p2a: Terapagos|100/100|[silent]\n|turn|2\n|\n|t:|1746103730\n|switch|p1b: Incineroar|Incineroar, L50, M|100/100\n|-ability|p1b: Incineroar|Intimidate|boost\n|-unboost|p2a: Terapagos|atk|1\n|-unboost|p2b: Calyrex|atk|1\n|move|p1a: Calyrex|Protect|p1a: Calyrex\n|-singleturn|p1a: Calyrex|Protect\n|move|p2b: Calyrex|Pollen Puff|p1a: Calyrex\n|-activate|p1a: Calyrex|move: Protect\n|move|p2a: Terapagos|Calm Mind|p2a: Terapagos\n|-boost|p2a: Terapagos|spa|1\n|-boost|p2a: Terapagos|spd|1\n|\n|upkeep\n|turn|3\n|inactive|AJ34 has 30 seconds left.\n|\n|t:|1746103756\n|-terastallize|p2a: Terapagos|Stellar\n|detailschange|p2a: Terapagos|Terapagos-Stellar, L50, M, tera:Stellar\n|-heal|p2a: Terapagos|100/100|[silent]\n|move|p1b: Incineroar|Fake Out|p2a: Terapagos\n|-damage|p2a: Terapagos|94/100\n|move|p1a: Calyrex|Psychic|p2b: Calyrex\n|-resisted|p2b: Calyrex\n|-damage|p2b: Calyrex|0 fnt\n|faint|p2b: Calyrex\n|-ability|p1a: Calyrex|Grim Neigh|boost\n|-boost|p1a: Calyrex|spa|1\n|-damage|p1a: Calyrex|54/100|[from] item: Life Orb\n|cant|p2a: Terapagos|flinch\n|\n|-heal|p2a: Terapagos|99/100|[from] item: Leftovers\n|upkeep\n|\n|t:|1746103764\n|switch|p2b: Ogerpon|Ogerpon-Cornerstone, L50, F|100/100\n|turn|4\n|\n|t:|1746103776\n|move|p1a: Calyrex|Protect|p1a: Calyrex\n|-singleturn|p1a: Calyrex|Protect\n|move|p2b: Ogerpon|Spiky Shield|p2b: Ogerpon\n|-singleturn|p2b: Ogerpon|move: Protect\n|move|p2a: Terapagos|Calm Mind|p2a: Terapagos\n|-boost|p2a: Terapagos|spa|1\n|-boost|p2a: Terapagos|spd|1\n|move|p1b: Incineroar|Parting Shot|p2a: Terapagos\n|-unboost|p2a: Terapagos|atk|1\n|-unboost|p2a: Terapagos|spa|1\n|\n|t:|1746103786\n|switch|p1b: Smeargle|Smeargle, L50, M|100/100|[from] Parting Shot\n|\n|-heal|p2a: Terapagos|100/100|[from] item: Leftovers\n|-ability|p1b: Smeargle|Moody|boost\n|-boost|p1b: Smeargle|spe|2\n|-unboost|p1b: Smeargle|spd|1\n|upkeep\n|turn|5\n|\n|t:|1746103807\n|move|p1b: Smeargle|Wide Guard|p1b: Smeargle\n|-singleturn|p1b: Smeargle|Wide Guard\n|move|p2b: Ogerpon|Follow Me|p2b: Ogerpon\n|-singleturn|p2b: Ogerpon|move: Follow Me\n|move|p1a: Calyrex|Psychic|p2b: Ogerpon\n|-ability|p2b: Ogerpon|Sturdy\n|-damage|p2b: Ogerpon|1/100\n|-unboost|p2b: Ogerpon|spd|1\n|-damage|p1a: Calyrex|44/100|[from] item: Life Orb\n|move|p2a: Terapagos|Earth Power|p1a: Calyrex\n|-crit|p1a: Calyrex\n|-damage|p1a: Calyrex|0 fnt\n|faint|p1a: Calyrex\n|\n|-ability|p1b: Smeargle|Moody|boost\n|-boost|p1b: Smeargle|spa|2\n|-unboost|p1b: Smeargle|def|1\n|upkeep\n|\n|t:|1746103822\n|switch|p1a: Koraidon|Koraidon, L50|100/100\n|-weather|SunnyDay|[from] ability: Orichalcum Pulse|[of] p1a: Koraidon\n|-activate|p1a: Koraidon|Orichalcum Pulse|[source]\n|turn|6\n|\n|t:|1746103840\n|move|p1b: Smeargle|Wide Guard|p1b: Smeargle\n|-singleturn|p1b: Smeargle|Wide Guard\n|move|p1a: Koraidon|Collision Course|p2a: Terapagos\n|-supereffective|p2a: Terapagos\n|-damage|p2a: Terapagos|0 fnt\n|faint|p2a: Terapagos\n|move|p2b: Ogerpon|Ivy Cudgel|p1b: Smeargle|[anim] Ivy Cudgel Rock\n|-crit|p1b: Smeargle\n|-enditem|p1b: Smeargle|Focus Sash\n|-damage|p1b: Smeargle|1/100\n|\n|-weather|SunnyDay|[upkeep]\n|-ability|p1b: Smeargle|Moody|boost\n|-boost|p1b: Smeargle|atk|2\n|-unboost|p1b: Smeargle|spa|1\n|upkeep\n|turn|7\n|\n|t:|1746103852\n|move|p1b: Smeargle|Spiky Shield|p1b: Smeargle\n|-singleturn|p1b: Smeargle|move: Protect\n|move|p1a: Koraidon|Collision Course|p2b: Ogerpon\n|-supereffective|p2b: Ogerpon\n|-damage|p2b: Ogerpon|0 fnt\n|faint|p2b: Ogerpon\n|\n|win|rapidsinglestrike\n|raw|rapidsinglestrike's rating: 1347 &rarr; <strong>1366</strong><br />(+19 for winning)\n|raw|AJ34's rating: 1327 &rarr; <strong>1308</strong><br />(-19 for losing)\n|l|\u2606rapidsinglestrike\n|player|p1|\n|l|\u2606AJ34\n|player|p2|\n|j|\u2606AJ34\n|player|p2|AJ34|101|\n", "uploadtime": 1746103895, "views": 20, "formatid": "gen9vgc2025regibo3", "rating": 1308, "private": 0, "password": null}