{"id": "gen9vgc2025regibo3-2354716347", "format": "[Gen 9] VGC 2025 Reg I (Bo3)", "players": ["puli95", "Hunterhexin"], "log": "|j|\u2606puli95\n|j|\u2606Hunterhexin\n|html|<table width=\"100%\"><tr><td align=\"left\">puli95</td><td align=\"right\">Hunterhexin</tr><tr><td align=\"left\"><i class=\"fa fa-circle\"></i> <i class=\"fa fa-circle-o\"></i> </td><td align=\"right\"><i class=\"fa fa-circle-o\"></i> <i class=\"fa fa-circle\"></i> </tr></table>\n|uhtml|bestof|<h2><strong>Game 3</strong> of <a href=\"/game-bestof3-gen9vgc2025regibo3-2354709966\">a best-of-3</a></h2>\n|t:|1746113447\n|gametype|doubles\n|player|p1|puli95|170|1114\n|player|p2|Hunterhexin|169|1015\n|teamsize|p1|6\n|teamsize|p2|6\n|gen|9\n|tier|[Gen 9] VGC 2025 Reg I (Bo3)\n|rated|\n|rule|Species Clause: Limit one of each Pok\u00e9mon\n|rule|Item Clause: Limit 1 of each item\n|clearpoke\n|poke|p1|Groudon, L50|\n|poke|p1|Calyrex-Shadow, L50|\n|poke|p1|Weezing-Galar, L50, F|\n|poke|p1|Regigigas, L50|\n|poke|p1|Ogerpon-Hearthflame, L50, F|\n|poke|p1|Raging Bolt, L50|\n|poke|p2|Koraidon, L50|\n|poke|p2|Weezing-Galar, L50, F|\n|poke|p2|Electrode-Hisui, L50|\n|poke|p2|Miraidon, L50|\n|poke|p2|Iron Boulder, L50|\n|poke|p2|Incineroar, L50, F|\n|teampreview|4\n|showteam|p1|Groudon||AssaultVest|Drought|PrecipiceBlades,HighHorsepower,FirePunch,BodyPress||||||50|,,,,,Fairy]Calyrex-Shadow||FocusSash|AsOneSpectrier|AstralBarrage,DrainingKiss,Encore,Protect||||||50|,,,,,Fairy]Weezing-Galar||RockyHelmet|NeutralizingGas|SludgeBomb,WillOWisp,Taunt,Protect|||F|||50|,,,,,Grass]Regigigas||CovertCloak|SlowStart|BodySlam,DrainPunch,KnockOff,Protect||||||50|,,,,,Dragon]Ogerpon-Hearthflame||HearthflameMask|MoldBreaker|IvyCudgel,WoodHammer,FollowMe,Protect|||F|||50|,,,,,Fire]Raging Bolt||LifeOrb|Protosynthesis|Thunderclap,Electroweb,DracoMeteor,Protect||||||50|,,,,,Electric\n|showteam|p2|Koraidon||Leftovers|OrichalcumPulse|FlareBlitz,ZenHeadbutt,CollisionCourse,Protect||||||50|,,,,,Steel]Weezing-Galar||ChoiceSpecs|NeutralizingGas|Overheat,StrangeSteam,SludgeBomb,DarkPulse|||F|||50|,,,,,Fire]Electrode-Hisui||CovertCloak|Aftermath|Reflect,Electroweb,Taunt,FoulPlay||||||50|,,,,,Normal]Miraidon||ElectricSeed|HadronEngine|ElectroDrift,DragonPulse,Protect,ThunderWave||||||50|,,,,,Bug]Iron Boulder||ChoiceBand|QuarkDrive|MightyCleave,SolarBlade,ThroatChop,CloseCombat||||||50|,,,,,Dark]Incineroar||AguavBerry|Intimidate|KnockOff,FakeOut,FlareBlitz,PartingShot|||F|||50|,,,,,Ghost\n|\n|t:|1746113473\n|start\n|switch|p1a: Calyrex|Calyrex-Shadow, L50|100/100\n|switch|p1b: Groudon|Groudon, L50|100/100\n|switch|p2a: Miraidon|Miraidon, L50|100/100\n|switch|p2b: Incineroar|Incineroar, L50, F|100/100\n|-ability|p1a: Calyrex|As One\n|-ability|p1a: Calyrex|Unnerve\n|-fieldstart|move: Electric Terrain|[from] ability: Hadron Engine|[of] p2a: Miraidon\n|-enditem|p2a: Miraidon|Electric Seed\n|-boost|p2a: Miraidon|def|1|[from] item: Electric Seed\n|-weather|SunnyDay|[from] ability: Drought|[of] p1b: Groudon\n|-ability|p2b: Incineroar|Intimidate|boost\n|-unboost|p1a: Calyrex|atk|1\n|-unboost|p1b: Groudon|atk|1\n|turn|1\n|inactive|Battle timer is ON: inactive players will automatically lose when time's up. (requested by Hunterhexin)\n|\n|t:|1746113503\n|move|p2b: Incineroar|Fake Out|p1b: Groudon\n|-crit|p1b: Groudon\n|-damage|p1b: Groudon|88/100\n|move|p1a: Calyrex|Astral Barrage|p2b: Incineroar|[spread] p2a,p2b\n|-resisted|p2b: Incineroar\n|-damage|p2a: Miraidon|67/100\n|-damage|p2b: Incineroar|79/100\n|move|p2a: Miraidon|Thunder Wave|p1a: Calyrex\n|-status|p1a: Calyrex|par\n|cant|p1b: Groudon|flinch\n|\n|-weather|SunnyDay|[upkeep]\n|upkeep\n|turn|2\n|inactive|puli95 has 30 seconds left.\n|inactive|puli95 has 20 seconds left.\n|inactive|puli95 has 15 seconds left.\n|inactive|puli95 has 10 seconds left.\n|inactive|puli95 has 5 seconds left.\n|\n|t:|1746113558\n|-terastallize|p2a: Miraidon|Bug\n|move|p2a: Miraidon|Dragon Pulse|p1b: Groudon\n|-damage|p1b: Groudon|48/100\n|move|p1b: Groudon|Precipice Blades|p2a: Miraidon|[spread] p2a,p2b\n|-resisted|p2a: Miraidon\n|-supereffective|p2b: Incineroar\n|-damage|p2a: Miraidon|57/100\n|-damage|p2b: Incineroar|4/100\n|move|p1a: Calyrex|Astral Barrage|p2a: Miraidon|[spread] p2a,p2b\n|-resisted|p2b: Incineroar\n|-damage|p2a: Miraidon|22/100\n|-damage|p2b: Incineroar|0 fnt\n|faint|p2b: Incineroar\n|-ability|p1a: Calyrex|Grim Neigh|boost\n|-boost|p1a: Calyrex|spa|1\n|\n|-weather|SunnyDay|[upkeep]\n|upkeep\n|\n|t:|1746113575\n|switch|p2b: Iron Boulder|Iron Boulder, L50|100/100\n|-activate|p2b: Iron Boulder|ability: Quark Drive\n|-start|p2b: Iron Boulder|quarkdriveatk\n|turn|3\n|\n|t:|1746113597\n|move|p2b: Iron Boulder|Solar Blade||[still]\n|-prepare|p2b: Iron Boulder|Solar Blade\n|-anim|p2b: Iron Boulder|Solar Blade|p1b: Groudon\n|-supereffective|p1b: Groudon\n|-damage|p1b: Groudon|0 fnt\n|faint|p1b: Groudon\n|move|p2a: Miraidon|Electro Drift|p1a: Calyrex\n|-damage|p1a: Calyrex|20/100 par\n|cant|p1a: Calyrex|par\n|\n|-weather|SunnyDay|[upkeep]\n|upkeep\n|\n|t:|1746113616\n|switch|p1b: Raging Bolt|Raging Bolt, L50|100/100\n|-activate|p1b: Raging Bolt|ability: Protosynthesis\n|-start|p1b: Raging Bolt|protosynthesisspa\n|turn|4\n|\n|t:|1746113632\n|switch|p2a: Koraidon|Koraidon, L50|100/100\n|-activate|p2a: Koraidon|ability: Orichalcum Pulse\n|move|p1b: Raging Bolt|Thunderclap||[still]\n|-fail|p1b: Raging Bolt\n|move|p2b: Iron Boulder|Solar Blade||[still]\n|-prepare|p2b: Iron Boulder|Solar Blade\n|-anim|p2b: Iron Boulder|Solar Blade|p1a: Calyrex\n|-damage|p1a: Calyrex|0 fnt\n|faint|p1a: Calyrex\n|\n|-weather|SunnyDay|[upkeep]\n|upkeep\n|\n|t:|1746113644\n|switch|p1a: Ogerpon|Ogerpon-Hearthflame, L50, F|100/100\n|-ability|p1a: Ogerpon|Mold Breaker\n|turn|5\n|inactive|Hunterhexin has 30 seconds left.\n|\n|t:|1746113670\n|move|p1a: Ogerpon|Protect|p1a: Ogerpon\n|-singleturn|p1a: Ogerpon|Protect\n|move|p2b: Iron Boulder|Solar Blade||[still]\n|-prepare|p2b: Iron Boulder|Solar Blade\n|-anim|p2b: Iron Boulder|Solar Blade|p1b: Raging Bolt\n|-resisted|p1b: Raging Bolt\n|-damage|p1b: Raging Bolt|63/100\n|move|p2a: Koraidon|Collision Course|p1a: Ogerpon\n|-activate|p1a: Ogerpon|move: Protect\n|move|p1b: Raging Bolt|Electroweb|p2a: Koraidon|[spread] p2a,p2b\n|-resisted|p2a: Koraidon\n|-damage|p2a: Koraidon|76/100\n|-damage|p2b: Iron Boulder|51/100\n|-unboost|p2a: Koraidon|spe|1\n|-unboost|p2b: Iron Boulder|spe|1\n|-damage|p1b: Raging Bolt|54/100|[from] item: Life Orb\n|\n|-weather|none\n|-end|p1b: Raging Bolt|Protosynthesis\n|-heal|p2a: Koraidon|82/100|[from] item: Leftovers\n|-fieldend|move: Electric Terrain\n|-end|p2b: Iron Boulder|Quark Drive\n|upkeep\n|turn|6\n|inactive|puli95 has 30 seconds left.\n|\n|t:|1746113701\n|-end|p2b: Iron Boulder|Quark Drive|[silent]\n|switch|p2b: Miraidon|Miraidon, L50, tera:Bug|22/100\n|-fieldstart|move: Electric Terrain|[from] ability: Hadron Engine|[of] p2b: Miraidon\n|-terastallize|p1a: Ogerpon|Fire\n|detailschange|p1a: Ogerpon|Ogerpon-Hearthflame-Tera, L50, F, tera:Fire\n|-ability|p1a: Ogerpon|Embody Aspect (Hearthflame)|boost\n|-boost|p1a: Ogerpon|atk|1\n|move|p2a: Koraidon|Protect|p2a: Koraidon\n|-singleturn|p2a: Koraidon|Protect\n|move|p1a: Ogerpon|Ivy Cudgel|p2b: Miraidon|[anim] Ivy Cudgel Fire\n|-supereffective|p2b: Miraidon\n|-damage|p2b: Miraidon|0 fnt\n|faint|p2b: Miraidon\n|move|p1b: Raging Bolt|Draco Meteor|p2a: Koraidon\n|-activate|p2a: Koraidon|move: Protect\n|\n|-heal|p2a: Koraidon|87/100|[from] item: Leftovers\n|upkeep\n|\n|t:|1746113714\n|switch|p2b: Iron Boulder|Iron Boulder, L50|51/100\n|-activate|p2b: Iron Boulder|ability: Quark Drive\n|-start|p2b: Iron Boulder|quarkdriveatk\n|turn|7\n|\n|t:|1746113733\n|move|p1a: Ogerpon|Protect|p1a: Ogerpon\n|-singleturn|p1a: Ogerpon|Protect\n|move|p2b: Iron Boulder|Mighty Cleave|p1a: Ogerpon\n|-supereffective|p1a: Ogerpon\n|-damage|p1a: Ogerpon|0 fnt\n|faint|p1a: Ogerpon\n|move|p1b: Raging Bolt|Electroweb|p2a: Koraidon|[spread] p2a,p2b\n|-resisted|p2a: Koraidon\n|-damage|p2a: Koraidon|69/100\n|-damage|p2b: Iron Boulder|16/100\n|-unboost|p2a: Koraidon|spe|1\n|-unboost|p2b: Iron Boulder|spe|1\n|-damage|p1b: Raging Bolt|44/100|[from] item: Life Orb\n|move|p2a: Koraidon|Collision Course|p1b: Raging Bolt\n|-damage|p1b: Raging Bolt|0 fnt\n|faint|p1b: Raging Bolt\n|-end|p1b: Raging Bolt|Protosynthesis|[silent]\n|\n|win|Hunterhexin\n|raw|puli95's rating: 1114 &rarr; <strong>1082</strong><br />(-32 for losing)\n|raw|Hunterhexin's rating: 1015 &rarr; <strong>1063</strong><br />(+48 for winning)\n|l|\u2606Hunterhexin\n|player|p2|\n|l|\u2606puli95\n|player|p1|\n", "uploadtime": 1746114047, "views": 5, "formatid": "gen9vgc2025regibo3", "rating": 1063, "private": 0, "password": null}