{"id": "gen9vgc2025regibo3-2354375229", "format": "[Gen 9] VGC 2025 Reg I (Bo3)", "players": ["Pickedman", "drwildy"], "log": "|j|\u2606Pickedman\n|j|\u2606drwildy\n|html|<table width=\"100%\"><tr><td align=\"left\">Pickedman</td><td align=\"right\">drwildy</tr><tr><td align=\"left\"><i class=\"fa fa-circle-o\"></i> <i class=\"fa fa-circle-o\"></i> </td><td align=\"right\"><i class=\"fa fa-circle-o\"></i> <i class=\"fa fa-circle-o\"></i> </tr></table>\n|uhtml|bestof|<h2><strong>Game 1</strong> of <a href=\"/game-bestof3-gen9vgc2025regibo3-2354375227\">a best-of-3</a></h2>\n|t:|1746063614\n|gametype|doubles\n|player|p1|Pickedman|zinnia-masters|1206\n|player|p2|drwildy|ninjaboy|1163\n|teamsize|p1|6\n|teamsize|p2|6\n|gen|9\n|tier|[Gen 9] VGC 2025 Reg I (Bo3)\n|rated|\n|rule|Species Clause: Limit one of each Pok\u00e9mon\n|rule|Item Clause: Limit 1 of each item\n|clearpoke\n|poke|p1|Dialga-Origin, L50|\n|poke|p1|Miraidon, L50|\n|poke|p1|Ursaluna, L50, F|\n|poke|p1|Ogerpon-Hearthflame, L50, F|\n|poke|p1|Farigiraf, L50, M|\n|poke|p1|Iron Bundle, L50|\n|poke|p2|Eternatus, L50|\n|poke|p2|Koraidon, L50|\n|poke|p2|Whimsicott, L50, M|\n|poke|p2|Rillaboom, L50, M|\n|poke|p2|Walking Wake, L50|\n|poke|p2|Chi-Yu, L50|\n|teampreview|4\n|showteam|p1|Dialga-Origin||AdamantCrystal|Telepathy|FlashCannon,DracoMeteor,Protect,TrickRoom||||||50|,,,,,Steel]Miraidon||ChoiceSpecs|HadronEngine|ElectroDrift,Discharge,VoltSwitch,DracoMeteor||||||50|,,,,,Electric]Ursaluna||FlameOrb|Guts|HeadlongRush,Earthquake,Facade,Protect|||F|||50|,,,,,Normal]Ogerpon-Hearthflame||HearthflameMask|MoldBreaker|HornLeech,IvyCudgel,SpikyShield,FollowMe|||F|||50|,,,,,Fire]Farigiraf||ElectricSeed|ArmorTail|HyperVoice,FoulPlay,TrickRoom,HelpingHand|||M|||50|,,,,,Ground]Iron Bundle||FocusSash|QuarkDrive|IcyWind,FreezeDry,Encore,HydroPump||||||50|,,,,,Ghost\n|showteam|p2|Eternatus||LifeOrb|Pressure|DynamaxCannon,SludgeBomb,Protect,Flamethrower||||||50|,,,,,Bug]Koraidon||ClearAmulet|OrichalcumPulse|CloseCombat,FlareBlitz,FlameCharge,Protect||||||50|,,,,,Fire]Whimsicott||CovertCloak|Prankster|Tailwind,Encore,SunnyDay,Moonblast|||M|||50|,,,,,Dark]Rillaboom||AssaultVest|GrassySurge|WoodHammer,GrassyGlide,Uturn,FakeOut|||M|||50|,,,,,Fire]Walking Wake||ChoiceSpecs|Protosynthesis|HydroSteam,DracoMeteor,Flamethrower,Snarl||||||50|,,,,,Ghost]Chi-Yu||ChoiceScarf|BeadsofRuin|DarkPulse,Snarl,HeatWave,Overheat||||||50|,,,,,Ghost\n|\n|t:|1746063660\n|start\n|switch|p1a: Ogerpon|Ogerpon-Hearthflame, L50, F|100/100\n|switch|p1b: Farigiraf|Farigiraf, L50, M|100/100\n|switch|p2a: Koraidon|Koraidon, L50|100/100\n|switch|p2b: Chi-Yu|Chi-Yu, L50|100/100\n|-ability|p2b: Chi-Yu|Beads of Ruin\n|-weather|SunnyDay|[from] ability: Orichalcum Pulse|[of] p2a: Koraidon\n|-activate|p2a: Koraidon|Orichalcum Pulse|[source]\n|-ability|p1a: Ogerpon|Mold Breaker\n|turn|1\n|\n|t:|1746063696\n|-terastallize|p1b: Farigiraf|Ground\n|move|p1a: Ogerpon|Follow Me|p1a: Ogerpon\n|-singleturn|p1a: Ogerpon|move: Follow Me\n|move|p2b: Chi-Yu|Dark Pulse|p1a: Ogerpon\n|-damage|p1a: Ogerpon|38/100\n|move|p2a: Koraidon|Close Combat|p1a: Ogerpon\n|-damage|p1a: Ogerpon|0 fnt\n|-unboost|p2a: Koraidon|def|1\n|-unboost|p2a: Koraidon|spd|1\n|faint|p1a: Ogerpon\n|move|p1b: Farigiraf|Trick Room|p1b: Farigiraf\n|-fieldstart|move: Trick Room|[of] p1b: Farigiraf\n|\n|-weather|SunnyDay|[upkeep]\n|upkeep\n|\n|t:|1746063707\n|switch|p1a: Ursaluna|Ursaluna, L50, F|100/100\n|turn|2\n|\n|t:|1746063737\n|-terastallize|p2b: Chi-Yu|Ghost\n|move|p2a: Koraidon|Protect|p2a: Koraidon\n|-singleturn|p2a: Koraidon|Protect\n|move|p1a: Ursaluna|Headlong Rush|p2a: Koraidon\n|-activate|p2a: Koraidon|move: Protect\n|move|p1b: Farigiraf|Hyper Voice|p2b: Chi-Yu|[spread] \n|-activate|p2a: Koraidon|move: Protect\n|-immune|p2b: Chi-Yu\n|move|p2b: Chi-Yu|Dark Pulse|p1a: Ursaluna\n|-damage|p1a: Ursaluna|43/100\n|\n|-weather|SunnyDay|[upkeep]\n|-status|p1a: Ursaluna|brn|[from] item: Flame Orb\n|upkeep\n|turn|3\n|\n|t:|1746063770\n|switch|p2a: Rillaboom|Rillaboom, L50, M|100/100\n|-fieldstart|move: Grassy Terrain|[from] ability: Grassy Surge|[of] p2a: Rillaboom\n|move|p1a: Ursaluna|Facade|p2a: Rillaboom\n|-damage|p2a: Rillaboom|0 fnt\n|faint|p2a: Rillaboom\n|move|p1b: Farigiraf|Foul Play|p2b: Chi-Yu\n|-supereffective|p2b: Chi-Yu\n|-damage|p2b: Chi-Yu|53/100\n|move|p2b: Chi-Yu|Dark Pulse|p1a: Ursaluna\n|-damage|p1a: Ursaluna|0 fnt\n|faint|p1a: Ursaluna\n|\n|-weather|SunnyDay|[upkeep]\n|-heal|p2b: Chi-Yu|59/100|[from] Grassy Terrain\n|upkeep\n|\n|t:|1746063798\n|switch|p1a: Dialga|Dialga-Origin, L50|100/100\n|switch|p2a: Eternatus|Eternatus, L50|100/100\n|-ability|p2a: Eternatus|Pressure\n|turn|4\n|\n|t:|1746063821\n|switch|p2b: Koraidon|Koraidon, L50|100/100\n|-activate|p2b: Koraidon|ability: Orichalcum Pulse\n|move|p2a: Eternatus|Protect|p2a: Eternatus\n|-singleturn|p2a: Eternatus|Protect\n|move|p1b: Farigiraf|Hyper Voice|p2a: Eternatus|[spread] p2b\n|-activate|p2a: Eternatus|move: Protect\n|-damage|p2b: Koraidon|72/100\n|move|p1a: Dialga|Flash Cannon|p2b: Koraidon\n|-crit|p2b: Koraidon\n|-damage|p2b: Koraidon|0 fnt\n|faint|p2b: Koraidon\n|\n|-weather|SunnyDay|[upkeep]\n|upkeep\n|\n|t:|1746063844\n|switch|p2b: Chi-Yu|Chi-Yu, L50, tera:Ghost|59/100\n|-ability|p2b: Chi-Yu|Beads of Ruin\n|turn|5\n|\n|t:|1746063852\n|move|p1b: Farigiraf|Foul Play|p2b: Chi-Yu\n|-supereffective|p2b: Chi-Yu\n|-damage|p2b: Chi-Yu|15/100\n|move|p1a: Dialga|Draco Meteor|p2a: Eternatus\n|-supereffective|p2a: Eternatus\n|-damage|p2a: Eternatus|0 fnt\n|-unboost|p1a: Dialga|spa|2\n|faint|p2a: Eternatus\n|move|p2b: Chi-Yu|Heat Wave|p1a: Dialga|[spread] p1a,p1b\n|-damage|p1a: Dialga|42/100\n|-damage|p1b: Farigiraf|22/100\n|\n|-weather|none\n|-heal|p1b: Farigiraf|28/100|[from] Grassy Terrain\n|-heal|p1a: Dialga|48/100|[from] Grassy Terrain\n|-heal|p2b: Chi-Yu|21/100|[from] Grassy Terrain\n|-fieldend|move: Trick Room\n|upkeep\n|turn|6\n|\n|t:|1746063867\n|move|p1a: Dialga|Protect|p1a: Dialga\n|-singleturn|p1a: Dialga|Protect\n|move|p2b: Chi-Yu|Heat Wave|p1b: Farigiraf|[spread] p1b\n|-activate|p1a: Dialga|move: Protect\n|-damage|p1b: Farigiraf|0 fnt\n|faint|p1b: Farigiraf\n|\n|-heal|p2b: Chi-Yu|27/100|[from] Grassy Terrain\n|-heal|p1a: Dialga|53/100|[from] Grassy Terrain\n|upkeep\n|turn|7\n|\n|t:|1746063876\n|move|p2b: Chi-Yu|Heat Wave|p1a: Dialga\n|-damage|p1a: Dialga|0 fnt\n|faint|p1a: Dialga\n|\n|win|drwildy\n||Pickedman is ready for game 2.\n|inactive|drwildy has 30 seconds to confirm battle start!\n|c|\u2606drwildy|flash cannon on the koraidon slot is... crazy\n||drwildy is ready for game 2.\n|uhtml|next|Next: <a href=\"/battle-gen9vgc2025regibo3-2354377504\"><strong>Game 2 of 3</strong></a>\n|l|\u2606Pickedman\n|player|p1|\n", "uploadtime": 1746064078, "views": 14, "formatid": "gen9vgc2025regibo3", "rating": null, "private": 0, "password": null}