{"id": "gen9vgc2025regibo3-2354387092", "format": "[Gen 9] VGC 2025 Reg I (Bo3)", "players": ["void25o", "bmills7_vgc"], "log": "|j|\u2606void25o\n|j|\u2606bmills7_vgc\n|html|<table width=\"100%\"><tr><td align=\"left\">void25o</td><td align=\"right\">bmills7_vgc</tr><tr><td align=\"left\"><i class=\"fa fa-circle-o\"></i> <i class=\"fa fa-circle-o\"></i> </td><td align=\"right\"><i class=\"fa fa-circle-o\"></i> <i class=\"fa fa-circle-o\"></i> </tr></table>\n|uhtml|bestof|<h2><strong>Game 1</strong> of <a href=\"/game-bestof3-gen9vgc2025regibo3-2354387088\">a best-of-3</a></h2>\n|t:|1746065078\n|gametype|doubles\n|player|p1|void25o|miku-flying|1147\n|player|p2|bmills7_vgc|gambler|1045\n|teamsize|p1|6\n|teamsize|p2|6\n|gen|9\n|tier|[Gen 9] VGC 2025 Reg I (Bo3)\n|rated|\n|rule|Species Clause: Limit one of each Pok\u00e9mon\n|rule|Item Clause: Limit 1 of each item\n|clearpoke\n|poke|p1|Kyogre, L50|\n|poke|p1|Calyrex-Shadow, L50|\n|poke|p1|Urshifu-*, L50, M|\n|poke|p1|Tornadus, L50, M|\n|poke|p1|Ogerpon-Cornerstone, L50, F|\n|poke|p1|Rillaboom, L50, M|\n|poke|p2|Tornadus, L50, M|\n|poke|p2|Miraidon, L50|\n|poke|p2|Kyogre, L50|\n|poke|p2|Ursaluna, L50, F|\n|poke|p2|Iron Valiant, L50|\n|poke|p2|Tsareena, L50, F|\n|teampreview|4\n|showteam|p1|Kyogre||MysticWater|Drizzle|Protect,IceBeam,WaterSpout,HydroPump||||||50|,,,,,Grass]Calyrex-Shadow||FocusSash|AsOneSpectrier|AstralBarrage,NastyPlot,Protect,PollenPuff||||||50|,,,,,Ghost]Urshifu-Rapid-Strike||ChoiceScarf|UnseenFist|SurgingStrikes,Uturn,AquaJet,CloseCombat|||M|||50|,,,,,Ghost]Tornadus||CovertCloak|Prankster|BleakwindStorm,Taunt,Tailwind,RainDance|||M|||50|,,,,,Dark]Ogerpon-Cornerstone||CornerstoneMask|Sturdy|IvyCudgel,FollowMe,SpikyShield,Taunt|||F|||50|,,,,,Rock]Rillaboom||AssaultVest|GrassySurge|WoodHammer,GrassyGlide,Uturn,FakeOut|||M|||50|,,,,,Fire\n|showteam|p2|Tornadus||CovertCloak|Prankster|Tailwind,BleakwindStorm,Protect,Taunt|||M|||50|,,,,,Steel]Miraidon||ChoiceSpecs|HadronEngine|VoltSwitch,Thunder,DracoMeteor,DazzlingGleam||||||50|,,,,,Fairy]Kyogre||MysticWater|Drizzle|WaterSpout,OriginPulse,IceBeam,Protect||||||50|,,,,,Water]Ursaluna||FlameOrb|Guts|HeadlongRush,Facade,RockSlide,Protect|||F|||50|,,,,,Ghost]Iron Valiant||ClearAmulet|QuarkDrive|KnockOff,CloseCombat,SpiritBreak,WideGuard||||||50|,,,,,Dark]Tsareena||FocusSash|QueenlyMajesty|Uturn,HelpingHand,Protect,SeedBomb|||F|||50|,,,,,Fire\n|\n|t:|1746065129\n|start\n|switch|p1a: Kyogre|Kyogre, L50|100/100\n|switch|p1b: Tornadus|Tornadus, L50, M|100/100\n|switch|p2a: Miraidon|Miraidon, L50|100/100\n|switch|p2b: Tsareena|Tsareena, L50, F|100/100\n|-fieldstart|move: Electric Terrain|[from] ability: Hadron Engine|[of] p2a: Miraidon\n|-weather|RainDance|[from] ability: Drizzle|[of] p1a: Kyogre\n|turn|1\n|\n|t:|1746065155\n|-terastallize|p1a: Kyogre|Grass\n|move|p1b: Tornadus|Tailwind|p1b: Tornadus\n|-sidestart|p1: void25o|move: Tailwind\n|move|p1a: Kyogre|Water Spout|p2a: Miraidon|[spread] p2a,p2b\n|-resisted|p2a: Miraidon\n|-resisted|p2b: Tsareena\n|-damage|p2a: Miraidon|46/100\n|-damage|p2b: Tsareena|54/100\n|move|p2a: Miraidon|Volt Switch|p1b: Tornadus\n|-supereffective|p1b: Tornadus\n|-damage|p1b: Tornadus|0 fnt\n|faint|p1b: Tornadus\n|\n|t:|1746065167\n|switch|p2a: Iron Valiant|Iron Valiant, L50|100/100|[from] Volt Switch\n|-activate|p2a: Iron Valiant|ability: Quark Drive\n|-start|p2a: Iron Valiant|quarkdriveatk\n|move|p2b: Tsareena|Seed Bomb|p1a: Kyogre\n|-resisted|p1a: Kyogre\n|-damage|p1a: Kyogre|86/100\n|\n|-weather|RainDance|[upkeep]\n|upkeep\n|\n|t:|1746065174\n|switch|p1b: Calyrex|Calyrex-Shadow, L50|100/100\n|-ability|p1b: Calyrex|As One\n|-ability|p1b: Calyrex|Unnerve\n|turn|2\n|\n|t:|1746065187\n|move|p2a: Iron Valiant|Wide Guard|p2a: Iron Valiant\n|-singleturn|p2a: Iron Valiant|Wide Guard\n|move|p1b: Calyrex|Pollen Puff|p2b: Tsareena\n|-supereffective|p2b: Tsareena\n|-damage|p2b: Tsareena|0 fnt\n|faint|p2b: Tsareena\n|-ability|p1b: Calyrex|Grim Neigh|boost\n|-boost|p1b: Calyrex|spa|1\n|move|p1a: Kyogre|Hydro Pump|p2a: Iron Valiant|[miss]\n|-miss|p1a: Kyogre|p2a: Iron Valiant\n|\n|-weather|RainDance|[upkeep]\n|upkeep\n|\n|t:|1746065199\n|switch|p2b: Kyogre|Kyogre, L50|100/100\n|turn|3\n|\n|t:|1746065211\n|move|p1b: Calyrex|Pollen Puff|p2b: Kyogre\n|-damage|p2b: Kyogre|62/100\n|move|p1a: Kyogre|Hydro Pump|p2a: Iron Valiant|[miss]\n|-miss|p1a: Kyogre|p2a: Iron Valiant\n|move|p2a: Iron Valiant|Knock Off|p1b: Calyrex\n|-supereffective|p1b: Calyrex\n|-enditem|p1b: Calyrex|Focus Sash\n|-damage|p1b: Calyrex|1/100\n|move|p2b: Kyogre|Origin Pulse|p1b: Calyrex|[spread] p1a,p1b\n|-resisted|p1a: Kyogre\n|-damage|p1a: Kyogre|58/100\n|-damage|p1b: Calyrex|0 fnt\n|faint|p1b: Calyrex\n|\n|-weather|RainDance|[upkeep]\n|upkeep\n|\n|t:|1746065224\n|switch|p1b: Rillaboom|Rillaboom, L50, M|100/100\n|-fieldstart|move: Grassy Terrain|[from] ability: Grassy Surge|[of] p1b: Rillaboom\n|-end|p2a: Iron Valiant|Quark Drive\n|turn|4\n|\n|t:|1746065236\n|move|p2b: Kyogre|Protect|p2b: Kyogre\n|-singleturn|p2b: Kyogre|Protect\n|move|p1b: Rillaboom|Wood Hammer|p2b: Kyogre\n|-activate|p2b: Kyogre|move: Protect\n|move|p1a: Kyogre|Hydro Pump|p2a: Iron Valiant|[miss]\n|-miss|p1a: Kyogre|p2a: Iron Valiant\n|move|p2a: Iron Valiant|Spirit Break|p1a: Kyogre\n|-damage|p1a: Kyogre|19/100\n|-unboost|p1a: Kyogre|spa|1\n|\n|-weather|RainDance|[upkeep]\n|-heal|p1a: Kyogre|25/100|[from] Grassy Terrain\n|-heal|p2b: Kyogre|67/100|[from] Grassy Terrain\n|-sideend|p1: void25o|move: Tailwind\n|upkeep\n|turn|5\n|c|\u2606bmills7_vgc|blind ass fish\n|\n|t:|1746065254\n|move|p2a: Iron Valiant|Knock Off|p1b: Rillaboom\n|-damage|p1b: Rillaboom|64/100\n|-enditem|p1b: Rillaboom|Assault Vest|[from] move: Knock Off|[of] p2a: Iron Valiant\n|move|p2b: Kyogre|Ice Beam|p1b: Rillaboom\n|-supereffective|p1b: Rillaboom\n|-damage|p1b: Rillaboom|0 fnt\n|faint|p1b: Rillaboom\n|move|p1a: Kyogre|Hydro Pump|p2a: Iron Valiant\n|-damage|p2a: Iron Valiant|0 fnt\n|faint|p2a: Iron Valiant\n|-end|p2a: Iron Valiant|Quark Drive|[silent]\n|\n|-weather|none\n|-heal|p2b: Kyogre|73/100|[from] Grassy Terrain\n|-heal|p1a: Kyogre|30/100|[from] Grassy Terrain\n|upkeep\n|c|\u2606void25o|he needs glasses\n|\n|t:|1746065262\n|switch|p2a: Miraidon|Miraidon, L50|46/100\n|-fieldstart|move: Electric Terrain|[from] ability: Hadron Engine|[of] p2a: Miraidon\n|turn|6\n|c|\u2606void25o|FINALLY\n|-message|void25o forfeited.\n|\n|win|bmills7_vgc\n||bmills7_vgc is ready for game 2.\n", "uploadtime": 1746065274, "views": 11, "formatid": "gen9vgc2025regibo3", "rating": null, "private": 0, "password": null}