{"id": "gen9vgc2025regibo3-2354270233", "format": "[Gen 9] VGC 2025 Reg I (Bo3)", "players": ["pepepitufo", "ShDw Ace"], "log": "|j|\u2606pepepitufo\n|j|\u2606ShDw Ace\n|html|<table width=\"100%\"><tr><td align=\"left\">pepepitufo</td><td align=\"right\">ShDw Ace</tr><tr><td align=\"left\"><i class=\"fa fa-circle-o\"></i> <i class=\"fa fa-circle-o\"></i> </td><td align=\"right\"><i class=\"fa fa-circle-o\"></i> <i class=\"fa fa-circle\"></i> </tr></table>\n|uhtml|bestof|<h2><strong>Game 2</strong> of <a href=\"/game-bestof3-gen9vgc2025regibo3-2354267633\">a best-of-3</a></h2>\n|t:|1746051216\n|gametype|doubles\n|player|p1|pepepitufo|cynthia-gen4|1158\n|player|p2|ShDw Ace|steven|1133\n|teamsize|p1|6\n|teamsize|p2|6\n|gen|9\n|tier|[Gen 9] VGC 2025 Reg I (Bo3)\n|rated|\n|rule|Species Clause: Limit one of each Pok\u00e9mon\n|rule|Item Clause: Limit 1 of each item\n|clearpoke\n|poke|p1|Lunala, L50|\n|poke|p1|Koraidon, L50|\n|poke|p1|Flutter Mane, L50|\n|poke|p1|Incineroar, L50, M|\n|poke|p1|Rillaboom, L50, F|\n|poke|p1|Chien-Pao, L50|\n|poke|p2|Calyrex-Shadow, L50|\n|poke|p2|Muk-Alola, L50, M|\n|poke|p2|Smeargle, L50, M|\n|poke|p2|Dialga, L50|\n|poke|p2|Rillaboom, L50, M|\n|poke|p2|Torkoal, L50, M|\n|teampreview|4\n|showteam|p1|Lunala||PowerHerb|ShadowShield|MeteorBeam,Moonblast,MoongeistBeam,WideGuard||||||50|,,,,,Fairy]Koraidon||LifeOrb|OrichalcumPulse|FlareBlitz,CollisionCourse,FlameCharge,Protect||||||50|,,,,,Fire]Flutter Mane||BoosterEnergy|Protosynthesis|IcyWind,Moonblast,ShadowBall,Protect||||||50|,,,,,Fairy]Incineroar||RockyHelmet|Intimidate|KnockOff,PartingShot,FakeOut,WillOWisp|||M|||50|,,,,,Bug]Rillaboom||AssaultVest|GrassySurge|GrassyGlide,WoodHammer,FakeOut,Uturn|||F|||50|,,,,,Water]Chien-Pao||FocusSash|SwordofRuin|IcicleCrash,SuckerPunch,SacredSword,Protect||||||50|,,,,,Ghost\n|showteam|p2|Calyrex-Shadow||ClearAmulet|AsOneSpectrier|PsychUp,StoredPower,AstralBarrage,Protect||||||50|,,,,,Fairy]Muk-Alola||BlackSludge|PowerofAlchemy|Minimize,Protect,PoisonJab,KnockOff|||M|||50|,,,,,Grass]Smeargle||FocusSash|Moody|Spore,FollowMe,Explosion,FakeOut|||M|||50|,,,,,Ghost]Dialga||Leftovers|Pressure|PsychUp,ThunderWave,FlashCannon,Flamethrower||||||50|,,,,,Fire]Rillaboom||AssaultVest|GrassySurge|Uturn,GrassyGlide,FakeOut,Earthquake|||M|||50|,,,,,Fire]Torkoal||AirBalloon|Drought|Protect,BodyPress,ClearSmog,Overheat|||M|||50|,,,,,Water\n|inactive|Battle timer is ON: inactive players will automatically lose when time's up. (requested by pepepitufo)\n|inactive|pepepitufo has 60 seconds left.\n|inactive|pepepitufo has 30 seconds left.\n|inactive|pepepitufo has 20 seconds left.\n|\n|t:|1746051291\n|start\n|switch|p1a: Koraidon|Koraidon, L50|100/100\n|switch|p1b: Rillaboom|Rillaboom, L50, F|100/100\n|switch|p2a: Muk|Muk-Alola, L50, M, shiny|100/100\n|switch|p2b: Smeargle|Smeargle, L50, M, shiny|100/100\n|-weather|SunnyDay|[from] ability: Orichalcum Pulse|[of] p1a: Koraidon\n|-activate|p1a: Koraidon|Orichalcum Pulse|[source]\n|-fieldstart|move: Grassy Terrain|[from] ability: Grassy Surge|[of] p1b: Rillaboom\n|turn|1\n|\n|t:|1746051306\n|move|p2b: Smeargle|Follow Me|p2b: Smeargle\n|-singleturn|p2b: Smeargle|move: Follow Me\n|move|p1b: Rillaboom|Grassy Glide|p2b: Smeargle\n|-damage|p2b: Smeargle|13/100\n|move|p1a: Koraidon|Flame Charge|p2b: Smeargle\n|-damage|p2b: Smeargle|0 fnt\n|-boost|p1a: Koraidon|spe|1\n|faint|p2b: Smeargle\n|-ability|p2a: Muk|Moody|[from] ability: Power of Alchemy|[of] p2b: Smeargle\n|-damage|p1a: Koraidon|91/100|[from] item: Life Orb\n|move|p2a: Muk|Minimize|p2a: Muk\n|-boost|p2a: Muk|evasion|2\n|\n|-weather|SunnyDay|[upkeep]\n|-heal|p1a: Koraidon|96/100|[from] Grassy Terrain\n|-ability|p2a: Muk|Moody|boost\n|-boost|p2a: Muk|spa|2\n|-unboost|p2a: Muk|def|1\n|upkeep\n|inactive|ShDw Ace has 30 seconds left.\n|\n|t:|1746051331\n|switch|p2b: Dialga|Dialga, L50, shiny|100/100\n|-ability|p2b: Dialga|Pressure\n|turn|2\n|\n|t:|1746051347\n|-terastallize|p2b: Dialga|Fire\n|move|p2a: Muk|Protect|p2a: Muk\n|-singleturn|p2a: Muk|Protect\n|move|p1a: Koraidon|Collision Course|p2b: Dialga\n|-damage|p2b: Dialga|43/100\n|-damage|p1a: Koraidon|87/100|[from] item: Life Orb\n|move|p1b: Rillaboom|U-turn|p2a: Muk\n|-activate|p2a: Muk|move: Protect\n|move|p2b: Dialga|Thunder Wave|p1a: Koraidon\n|-status|p1a: Koraidon|par\n|\n|-weather|SunnyDay|[upkeep]\n|-heal|p1a: Koraidon|92/100 par|[from] Grassy Terrain\n|-heal|p2b: Dialga|49/100|[from] Grassy Terrain\n|-heal|p2b: Dialga|55/100|[from] item: Leftovers\n|-ability|p2a: Muk|Moody|boost\n|-boost|p2a: Muk|spd|2\n|-unboost|p2a: Muk|def|1\n|upkeep\n|turn|3\n|inactive|ShDw Ace has 30 seconds left.\n|\n|t:|1746051376\n|move|p1a: Koraidon|Collision Course|p2a: Muk|[miss]\n|-miss|p1a: Koraidon|p2a: Muk\n|move|p1b: Rillaboom|Wood Hammer|p2a: Muk\n|-resisted|p2a: Muk\n|-damage|p2a: Muk|23/100\n|-damage|p1b: Rillaboom|74/100|[from] Recoil\n|move|p2b: Dialga|Flamethrower|p1b: Rillaboom\n|-supereffective|p1b: Rillaboom\n|-damage|p1b: Rillaboom|0 fnt\n|faint|p1b: Rillaboom\n|move|p2a: Muk|Minimize|p2a: Muk\n|-boost|p2a: Muk|evasion|2\n|\n|-weather|SunnyDay|[upkeep]\n|-heal|p1a: Koraidon|98/100 par|[from] Grassy Terrain\n|-heal|p2b: Dialga|61/100|[from] Grassy Terrain\n|-heal|p2b: Dialga|67/100|[from] item: Leftovers\n|-heal|p2a: Muk|29/100|[from] Grassy Terrain\n|-heal|p2a: Muk|35/100|[from] item: Black Sludge\n|-ability|p2a: Muk|Moody|boost\n|-boost|p2a: Muk|atk|2\n|-unboost|p2a: Muk|spa|1\n|upkeep\n|\n|t:|1746051386\n|switch|p1b: Lunala|Lunala, L50|100/100\n|turn|4\n|\n|t:|1746051402\n|-terastallize|p1a: Koraidon|Fire\n|move|p2a: Muk|Protect|p2a: Muk\n|-singleturn|p2a: Muk|Protect\n|move|p1a: Koraidon|Flame Charge|p2a: Muk\n|-activate|p2a: Muk|move: Protect\n|move|p1b: Lunala|Meteor Beam||[still]\n|-prepare|p1b: Lunala|Meteor Beam\n|-boost|p1b: Lunala|spa|1\n|-enditem|p1b: Lunala|Power Herb\n|-anim|p1b: Lunala|Meteor Beam|p2b: Dialga\n|-supereffective|p2b: Dialga\n|-crit|p2b: Dialga\n|-damage|p2b: Dialga|0 fnt\n|faint|p2b: Dialga\n|\n|-weather|SunnyDay|[upkeep]\n|-heal|p1a: Koraidon|100/100 par|[from] Grassy Terrain\n|-heal|p2a: Muk|41/100|[from] Grassy Terrain\n|-heal|p2a: Muk|47/100|[from] item: Black Sludge\n|-ability|p2a: Muk|Moody|boost\n|-boost|p2a: Muk|atk|2\n|-unboost|p2a: Muk|spd|1\n|upkeep\n|\n|t:|1746051423\n|switch|p2b: Calyrex|Calyrex-Shadow, L50|100/100\n|-ability|p2b: Calyrex|As One\n|-ability|p2b: Calyrex|Unnerve\n|turn|5\n|\n|t:|1746051431\n|move|p2b: Calyrex|Psych Up|p2a: Muk\n|-copyboost|p2b: Calyrex|p2a: Muk|[from] move: Psych Up\n|move|p1a: Koraidon|Flame Charge|p2a: Muk\n|-damage|p2a: Muk|0 fnt\n|-boost|p1a: Koraidon|spe|1\n|faint|p2a: Muk\n|-damage|p1a: Koraidon|91/100 par|[from] item: Life Orb\n|move|p1b: Lunala|Moongeist Beam|p2b: Calyrex|[miss]\n|-miss|p1b: Lunala|p2b: Calyrex\n|\n|-weather|none\n|-heal|p1a: Koraidon|96/100 par|[from] Grassy Terrain\n|-fieldend|move: Grassy Terrain\n|upkeep\n|turn|6\n|inactive|pepepitufo has 30 seconds left.\n|\n|t:|1746051458\n|move|p1b: Lunala|Wide Guard|p1b: Lunala\n|-singleturn|p1b: Lunala|Wide Guard\n|move|p2b: Calyrex|Astral Barrage|p1a: Koraidon|[spread] \n|-activate|p1a: Koraidon|move: Wide Guard\n|-activate|p1b: Lunala|move: Wide Guard\n|cant|p1a: Koraidon|par\n|\n|upkeep\n|turn|7\n|\n|t:|1746051472\n|move|p2b: Calyrex|Stored Power|p1a: Koraidon\n|-damage|p1a: Koraidon|0 fnt\n|faint|p1a: Koraidon\n|-ability|p2b: Calyrex|Grim Neigh|boost\n|-boost|p2b: Calyrex|spa|1\n|move|p1b: Lunala|Moongeist Beam|p2b: Calyrex\n|-supereffective|p2b: Calyrex\n|-damage|p2b: Calyrex|0 fnt\n|faint|p2b: Calyrex\n|\n|win|pepepitufo\n||pepepitufo is ready for game 3.\n|inactive|ShDw Ace has 30 seconds to confirm battle start!\n||ShDw Ace is ready for game 3.\n|uhtml|next|Next: <a href=\"/battle-gen9vgc2025regibo3-2354272653\"><strong>Game 3 of 3</strong></a>\n|l|\u2606pepepitufo\n|player|p1|\n", "uploadtime": 1746051853, "views": 6, "formatid": "gen9vgc2025regibo3", "rating": null, "private": 0, "password": null}