{"id": "gen9vgc2025regibo3-2354591460", "format": "[Gen 9] VGC 2025 Reg I (Bo3)", "players": ["GuevaraGaming2", "lokkont"], "log": "|j|\u2606GuevaraGaming2\n|j|\u2606lokkont\n|html|<table width=\"100%\"><tr><td align=\"left\">GuevaraGaming2</td><td align=\"right\">lokkont</tr><tr><td align=\"left\"><i class=\"fa fa-circle-o\"></i> <i class=\"fa fa-circle-o\"></i> </td><td align=\"right\"><i class=\"fa fa-circle-o\"></i> <i class=\"fa fa-circle-o\"></i> </tr></table>\n|uhtml|bestof|<h2><strong>Game 1</strong> of <a href=\"/game-bestof3-gen9vgc2025regibo3-2354591459\">a best-of-3</a></h2>\n|t:|1746099827\n|gametype|doubles\n|player|p1|GuevaraGaming2|brendan-rs|1252\n|player|p2|lokkont|169|1223\n|teamsize|p1|6\n|teamsize|p2|6\n|gen|9\n|tier|[Gen 9] VGC 2025 Reg I (Bo3)\n|rated|\n|rule|Species Clause: Limit one of each Pok\u00e9mon\n|rule|Item Clause: Limit 1 of each item\n|clearpoke\n|poke|p1|Rillaboom, L50, M|\n|poke|p1|Tornadus, L50, M|\n|poke|p1|Zamazenta-*, L50|\n|poke|p1|Incineroar, L50, M|\n|poke|p1|Urshifu-*, L50, F|\n|poke|p1|Lunala, L50|\n|poke|p2|Calyrex-Shadow, L50|\n|poke|p2|Zamazenta-*, L50|\n|poke|p2|Urshifu-*, L50, M|\n|poke|p2|Rillaboom, L50, M|\n|poke|p2|Incineroar, L50, M|\n|poke|p2|Pelipper, L50, M|\n|teampreview|4\n|showteam|p1|Rillaboom||AssaultVest|GrassySurge|GrassyGlide,Uturn,WoodHammer,FakeOut|||M|||50|,,,,,Fire]Tornadus||FocusSash|Prankster|RainDance,Tailwind,Protect,BleakwindStorm|||M|||50|,,,,,Dark]Zamazenta-Crowned||RustedShield|DauntlessShield|BodyPress,HeavySlam,Protect,IronDefense||||||50|,,,,,Dragon]Incineroar||SafetyGoggles|Intimidate|KnockOff,PartingShot,Taunt,FakeOut|||M|||50|,,,,,Ghost]Urshifu-Rapid-Strike||ChoiceScarf|UnseenFist|SurgingStrikes,AquaJet,Uturn,CloseCombat|||F|||50|,,,,,Water]Lunala||Leftovers|ShadowShield|WideGuard,MoongeistBeam,Protect,Moonblast||||||50|,,,,,Fairy\n|showteam|p2|Calyrex-Shadow||LifeOrb|AsOneSpectrier|Protect,AstralBarrage,Substitute,Psychic||||||50|,,,,,Dark]Zamazenta-Crowned||RustedShield|DauntlessShield|HeavySlam,BodyPress,Protect,WideGuard||||||50|,,,,,Dragon]Urshifu-Rapid-Strike||ChoiceScarf|UnseenFist|SurgingStrikes,CloseCombat,AquaJet,Uturn|||M|||50|,,,,,Ghost]Rillaboom||AssaultVest|GrassySurge|FakeOut,GrassyGlide,WoodHammer,Uturn|||M|||50|,,,,,Fire]Incineroar||SafetyGoggles|Intimidate|FakeOut,WillOWisp,KnockOff,PartingShot|||M|||50|,,,,,Bug]Pelipper||FocusSash|Drizzle|WeatherBall,Hurricane,Tailwind,Protect|||M|||50|,,,,,Ghost\n|inactive|Battle timer is ON: inactive players will automatically lose when time's up. (requested by lokkont)\n|inactive|lokkont has 60 seconds left.\n|\n|t:|1746099864\n|start\n|switch|p1a: Tornadus|Tornadus, L50, M, shiny|100/100\n|switch|p1b: Rillaboom|Rillaboom, L50, M, shiny|100/100\n|switch|p2a: Calyrex|Calyrex-Shadow, L50|100/100\n|switch|p2b: Rillaboom|Rillaboom, L50, M|100/100\n|-ability|p2a: Calyrex|As One\n|-ability|p2a: Calyrex|Unnerve\n|-fieldstart|move: Grassy Terrain|[from] ability: Grassy Surge|[of] p2b: Rillaboom\n|turn|1\n|\n|t:|1746099885\n|move|p2b: Rillaboom|Fake Out|p1b: Rillaboom\n|-damage|p1b: Rillaboom|88/100\n|move|p2a: Calyrex|Astral Barrage|p1a: Tornadus|[spread] p1a,p1b\n|-damage|p1a: Tornadus|11/100\n|-damage|p1b: Rillaboom|44/100\n|-damage|p2a: Calyrex|91/100|[from] item: Life Orb\n|move|p1a: Tornadus|Bleakwind Storm|p2b: Rillaboom|[spread] p2a,p2b\n|-supereffective|p2b: Rillaboom\n|-damage|p2a: Calyrex|56/100\n|-damage|p2b: Rillaboom|46/100\n|-unboost|p2b: Rillaboom|spe|1\n|cant|p1b: Rillaboom|flinch\n|\n|-heal|p2a: Calyrex|62/100|[from] Grassy Terrain\n|-heal|p1b: Rillaboom|50/100|[from] Grassy Terrain\n|-heal|p2b: Rillaboom|53/100|[from] Grassy Terrain\n|upkeep\n|turn|2\n|inactive|lokkont has 30 seconds left.\n|inactive|lokkont has 20 seconds left.\n|inactive|lokkont has 15 seconds left.\n|inactive|lokkont has 10 seconds left.\n|\n|t:|1746099934\n|switch|p2b: Zamazenta|Zamazenta-Crowned, L50|100/100\n|-ability|p2b: Zamazenta|Dauntless Shield|boost\n|-boost|p2b: Zamazenta|def|1\n|move|p2a: Calyrex|Protect|p2a: Calyrex\n|-singleturn|p2a: Calyrex|Protect\n|move|p1a: Tornadus|Tailwind|p1a: Tornadus\n|-sidestart|p1: GuevaraGaming2|move: Tailwind\n|move|p1b: Rillaboom|Wood Hammer|p2a: Calyrex\n|-activate|p2a: Calyrex|move: Protect\n|\n|-heal|p2a: Calyrex|68/100|[from] Grassy Terrain\n|-heal|p1b: Rillaboom|56/100|[from] Grassy Terrain\n|upkeep\n|turn|3\n|\n|t:|1746099951\n|switch|p2a: Incineroar|Incineroar, L50, M|100/100\n|-ability|p2a: Incineroar|Intimidate|boost\n|-unboost|p1a: Tornadus|atk|1\n|-unboost|p1b: Rillaboom|atk|1\n|move|p1a: Tornadus|Rain Dance|p1a: Tornadus\n|-weather|RainDance\n|move|p1b: Rillaboom|Wood Hammer|p2a: Incineroar\n|-resisted|p2a: Incineroar\n|-damage|p2a: Incineroar|83/100\n|-damage|p1b: Rillaboom|50/100|[from] Recoil\n|move|p2b: Zamazenta|Body Press|p1b: Rillaboom\n|-damage|p1b: Rillaboom|0 fnt\n|faint|p1b: Rillaboom\n|\n|-weather|RainDance|[upkeep]\n|-heal|p2a: Incineroar|89/100|[from] Grassy Terrain\n|upkeep\n|\n|t:|1746099972\n|switch|p1b: Zamazenta|Zamazenta-Crowned, L50, shiny|100/100\n|-ability|p1b: Zamazenta|Dauntless Shield|boost\n|-boost|p1b: Zamazenta|def|1\n|turn|4\n|inactive|lokkont has 30 seconds left.\n|\n|t:|1746100005\n|move|p2a: Incineroar|Fake Out|p1b: Zamazenta\n|-resisted|p1b: Zamazenta\n|-damage|p1b: Zamazenta|98/100\n|move|p1a: Tornadus|Bleakwind Storm|p2b: Zamazenta|[spread] p2a,p2b\n|-damage|p2a: Incineroar|54/100\n|-damage|p2b: Zamazenta|70/100\n|cant|p1b: Zamazenta|flinch\n|move|p2b: Zamazenta|Heavy Slam|p1a: Tornadus\n|-damage|p1a: Tornadus|0 fnt\n|faint|p1a: Tornadus\n|\n|-weather|RainDance|[upkeep]\n|-heal|p1b: Zamazenta|100/100|[from] Grassy Terrain\n|-heal|p2b: Zamazenta|76/100|[from] Grassy Terrain\n|-heal|p2a: Incineroar|60/100|[from] Grassy Terrain\n|upkeep\n|\n|t:|1746100009\n|switch|p1a: Urshifu|Urshifu-Rapid-Strike, L50, F|100/100\n|turn|5\n|inactive|lokkont has 30 seconds left.\n|inactive|lokkont has 20 seconds left.\n|inactive|lokkont has 15 seconds left.\n|\n|t:|1746100050\n|-terastallize|p1a: Urshifu|Water\n|-terastallize|p2b: Zamazenta|Dragon\n|move|p1a: Urshifu|Surging Strikes|p2b: Zamazenta\n|-resisted|p2b: Zamazenta\n|-crit|p2b: Zamazenta\n|-damage|p2b: Zamazenta|62/100\n|-resisted|p2b: Zamazenta\n|-crit|p2b: Zamazenta\n|-damage|p2b: Zamazenta|48/100\n|-resisted|p2b: Zamazenta\n|-crit|p2b: Zamazenta\n|-damage|p2b: Zamazenta|33/100\n|-hitcount|p2b: Zamazenta|3\n|move|p1b: Zamazenta|Body Press|p2b: Zamazenta\n|-damage|p2b: Zamazenta|5/100\n|move|p2b: Zamazenta|Body Press|p1a: Urshifu\n|-damage|p1a: Urshifu|23/100\n|move|p2a: Incineroar|Will-O-Wisp|p1b: Zamazenta\n|-status|p1b: Zamazenta|brn\n|\n|-weather|RainDance|[upkeep]\n|-heal|p1a: Urshifu|29/100|[from] Grassy Terrain\n|-heal|p2b: Zamazenta|11/100|[from] Grassy Terrain\n|-heal|p2a: Incineroar|66/100|[from] Grassy Terrain\n|-damage|p1b: Zamazenta|94/100 brn|[from] brn\n|-sideend|p1: GuevaraGaming2|move: Tailwind\n|-fieldend|move: Grassy Terrain\n|upkeep\n|turn|6\n|inactive|lokkont has 30 seconds left.\n|inactive|lokkont has 20 seconds left.\n|inactive|lokkont has 15 seconds left.\n|inactive|lokkont has 10 seconds left.\n|\n|t:|1746100098\n|move|p1a: Urshifu|Surging Strikes|p2b: Zamazenta\n|-resisted|p2b: Zamazenta\n|-crit|p2b: Zamazenta\n|-damage|p2b: Zamazenta|0 fnt\n|faint|p2b: Zamazenta\n|-hitcount|p2: Zamazenta|1\n|move|p1b: Zamazenta|Body Press|p2a: Incineroar\n|-supereffective|p2a: Incineroar\n|-damage|p2a: Incineroar|15/100\n|move|p2a: Incineroar|Knock Off|p1a: Urshifu\n|-crit|p1a: Urshifu\n|-damage|p1a: Urshifu|0 fnt\n|-enditem|p1a: Urshifu|Choice Scarf|[from] move: Knock Off|[of] p2a: Incineroar\n|faint|p1a: Urshifu\n|\n|-weather|RainDance|[upkeep]\n|-damage|p1b: Zamazenta|88/100 brn|[from] brn\n|upkeep\n|-message|GuevaraGaming2 forfeited.\n|\n|win|lokkont\n|l|\u2606GuevaraGaming2\n|player|p1|\n||GuevaraGaming2 is ready for game 2.\n||lokkont is ready for game 2.\n|uhtml|next|Next: <a href=\"/battle-gen9vgc2025regibo3-2354593349\"><strong>Game 2 of 3</strong></a>\n", "uploadtime": 1746100418, "views": 17, "formatid": "gen9vgc2025regibo3", "rating": null, "private": 0, "password": null}