{"id": "gen9vgc2025regibo3-2354122582", "format": "[Gen 9] VGC 2025 Reg I (Bo3)", "players": ["double o dumbass", "McDubbieEnthusiast"], "log": "|j|\u2606double o dumbass\n|j|\u2606McDubbieEnthusiast\n|html|<table width=\"100%\"><tr><td align=\"left\">double o dumbass</td><td align=\"right\">McDubbieEnthusiast</tr><tr><td align=\"left\"><i class=\"fa fa-circle-o\"></i> <i class=\"fa fa-circle-o\"></i> </td><td align=\"right\"><i class=\"fa fa-circle-o\"></i> <i class=\"fa fa-circle-o\"></i> </tr></table>\n|uhtml|bestof|<h2><strong>Game 1</strong> of <a href=\"/game-bestof3-gen9vgc2025regibo3-2354122578\">a best-of-3</a></h2>\n|t:|1746036779\n|gametype|doubles\n|player|p1|double o dumbass|will|1163\n|player|p2|McDubbieEnthusiast|li|1207\n|teamsize|p1|6\n|teamsize|p2|6\n|gen|9\n|tier|[Gen 9] VGC 2025 Reg I (Bo3)\n|rated|\n|rule|Species Clause: Limit one of each Pok\u00e9mon\n|rule|Item Clause: Limit 1 of each item\n|clearpoke\n|poke|p1|Grimmsnarl, L50, M|\n|poke|p1|Calyrex-Shadow, L50|\n|poke|p1|Zamazenta-*, L50|\n|poke|p1|Primarina, L50, F|\n|poke|p1|Rillaboom, L50, F|\n|poke|p1|Urshifu-*, L50, M|\n|poke|p2|Kyogre, L50|\n|poke|p2|Zamazenta-*, L50|\n|poke|p2|Ursaluna, L50, M|\n|poke|p2|Sinistcha, L50|\n|poke|p2|Tornadus, L50, M|\n|poke|p2|Chi-Yu, L50|\n|teampreview|4\n|showteam|p1|Grimmsnarl||LightClay|Prankster|Reflect,LightScreen,SpiritBreak,ThunderWave|||M|||50|,,,,,Ghost]Calyrex-Shadow||LifeOrb|AsOneSpectrier|AstralBarrage,Psychic,NastyPlot,Protect||||||50|,,,,,Dark]Zamazenta-Crowned||RustedShield|DauntlessShield|BodyPress,HeavySlam,WideGuard,Protect||||||50|,,,,,Dragon]Primarina||AssaultVest|LiquidVoice|Moonblast,ShadowBall,HyperVoice,IcyWind|||F|||50|,,,,,Grass]Rillaboom||ChoiceBand|GrassySurge|WoodHammer,GrassyGlide,HighHorsepower,Uturn|||F|||50|,,,,,Grass]Urshifu||FocusSash|UnseenFist|WickedBlow,SuckerPunch,CloseCombat,Detect|||M|||50|,,,,,Dark\n|showteam|p2|Kyogre||LifeOrb|Drizzle|WaterSpout,IceBeam,Thunder,Protect||||||50|,,,,,Electric]Zamazenta-Crowned||RustedShield|DauntlessShield|BodyPress,HeavySlam,WideGuard,IronDefense||||||50|,,,,,Grass]Ursaluna||FlameOrb|Guts|Facade,HeadlongRush,Substitute,Protect|||M|||50|,,,,,Bug]Sinistcha||RockyHelmet|Hospitality|MatchaGotcha,Scald,RagePowder,TrickRoom||||||50|,,,,,Water]Tornadus||CovertCloak|Prankster|Hurricane,Tailwind,RainDance,Taunt|||M|||50|,,,,,Steel]Chi-Yu||ChoiceScarf|BeadsofRuin|HeatWave,DarkPulse,Snarl,Ruination||||||50|,,,,,Ghost\n|inactive|Battle timer is ON: inactive players will automatically lose when time's up. (requested by double o dumbass)\n|j| THNugget\n|inactive|double o dumbass has 60 seconds left.\n|inactive|McDubbieEnthusiast has 60 seconds left.\n|\n|t:|1746036830\n|start\n|switch|p1a: Grimmsnarl|Grimmsnarl, L50, M|100/100\n|switch|p1b: Calyrex|Calyrex-Shadow, L50|100/100\n|switch|p2a: Zamazenta|Zamazenta-Crowned, L50, shiny|100/100\n|switch|p2b: Chi-Yu|Chi-Yu, L50|100/100\n|-ability|p1b: Calyrex|As One\n|-ability|p1b: Calyrex|Unnerve\n|-ability|p2b: Chi-Yu|Beads of Ruin\n|-ability|p2a: Zamazenta|Dauntless Shield|boost\n|-boost|p2a: Zamazenta|def|1\n|turn|1\n|inactive|McDubbieEnthusiast has 30 seconds left.\n|\n|t:|1746036858\n|switch|p1b: Zamazenta|Zamazenta-Crowned, L50|100/100\n|-ability|p1b: Zamazenta|Dauntless Shield|boost\n|-boost|p1b: Zamazenta|def|1\n|move|p1a: Grimmsnarl|Reflect|p1a: Grimmsnarl\n|-sidestart|p1: double o dumbass|Reflect\n|move|p2b: Chi-Yu|Snarl|p1a: Grimmsnarl|[spread] p1a,p1b\n|-resisted|p1a: Grimmsnarl\n|-resisted|p1b: Zamazenta\n|-damage|p1a: Grimmsnarl|95/100\n|-damage|p1b: Zamazenta|89/100\n|-unboost|p1a: Grimmsnarl|spa|1\n|-unboost|p1b: Zamazenta|spa|1\n|move|p2a: Zamazenta|Body Press|p1b: Zamazenta\n|-supereffective|p1b: Zamazenta\n|-damage|p1b: Zamazenta|55/100\n|\n|upkeep\n|turn|2\n|\n|t:|1746036878\n|switch|p2b: SPINNIN'|Sinistcha, L50|100/100\n|move|p1a: Grimmsnarl|Thunder Wave|p2a: Zamazenta\n|-status|p2a: Zamazenta|par\n|move|p1b: Zamazenta|Body Press|p2a: Zamazenta\n|-supereffective|p2a: Zamazenta\n|-damage|p2a: Zamazenta|41/100 par\n|move|p2a: Zamazenta|Iron Defense|p2a: Zamazenta\n|-boost|p2a: Zamazenta|def|2\n|\n|upkeep\n|turn|3\n|\n|t:|1746036894\n|switch|p2b: Chi-Yu|Chi-Yu, L50|100/100\n|-ability|p2b: Chi-Yu|Beads of Ruin\n|-terastallize|p2a: Zamazenta|Grass\n|move|p1b: Zamazenta|Heavy Slam|p2b: Chi-Yu\n|-resisted|p2b: Chi-Yu\n|-damage|p2b: Chi-Yu|62/100\n|move|p2a: Zamazenta|Heavy Slam|p1a: Grimmsnarl\n|-supereffective|p1a: Grimmsnarl\n|-damage|p1a: Grimmsnarl|25/100\n|move|p1a: Grimmsnarl|Spirit Break|p2b: Chi-Yu\n|-damage|p2b: Chi-Yu|17/100\n|-unboost|p2b: Chi-Yu|spa|1\n|\n|upkeep\n|turn|4\n|\n|t:|1746036914\n|switch|p2b: SPINNIN'|Sinistcha, L50|100/100\n|-heal|p2a: Zamazenta|66/100 par|[from] ability: Hospitality|[of] p2b: SPINNIN'\n|move|p1b: Zamazenta|Protect|p1b: Zamazenta\n|-singleturn|p1b: Zamazenta|Protect\n|move|p1a: Grimmsnarl|Light Screen|p1a: Grimmsnarl\n|-sidestart|p1: double o dumbass|move: Light Screen\n|move|p2a: Zamazenta|Body Press|p1b: Zamazenta\n|-activate|p1b: Zamazenta|move: Protect\n|\n|upkeep\n|turn|5\n|\n|t:|1746036930\n|move|p1b: Zamazenta|Heavy Slam|p2b: SPINNIN'\n|-damage|p2b: SPINNIN'|61/100\n|-damage|p1b: Zamazenta|38/100|[from] item: Rocky Helmet|[of] p2b: SPINNIN'\n|move|p2a: Zamazenta|Body Press|p1b: Zamazenta\n|-supereffective|p1b: Zamazenta\n|-damage|p1b: Zamazenta|0 fnt\n|faint|p1b: Zamazenta\n|move|p1a: Grimmsnarl|Spirit Break|p2b: SPINNIN'\n|-crit|p2b: SPINNIN'\n|-damage|p2b: SPINNIN'|25/100\n|-unboost|p2b: SPINNIN'|spa|1\n|-damage|p1a: Grimmsnarl|9/100|[from] item: Rocky Helmet|[of] p2b: SPINNIN'\n|move|p2b: SPINNIN'|Trick Room|p2b: SPINNIN'\n|-fieldstart|move: Trick Room|[of] p2b: SPINNIN'\n|\n|upkeep\n|\n|t:|1746036939\n|switch|p1b: Calyrex|Calyrex-Shadow, L50|100/100\n|-ability|p1b: Calyrex|As One\n|-ability|p1b: Calyrex|Unnerve\n|turn|6\n|\n|t:|1746036952\n|move|p2a: Zamazenta|Wide Guard|p2a: Zamazenta\n|-singleturn|p2a: Zamazenta|Wide Guard\n|move|p1a: Grimmsnarl|Spirit Break|p2b: SPINNIN'\n|-damage|p2b: SPINNIN'|0 fnt\n|-damage|p1a: Grimmsnarl|0 fnt|[from] item: Rocky Helmet|[of] p2b: SPINNIN'\n|faint|p2b: SPINNIN'\n|faint|p1a: Grimmsnarl\n|move|p1b: Calyrex|Astral Barrage|p2a: Zamazenta\n|-activate|p2a: Zamazenta|move: Wide Guard\n|\n|upkeep\n|\n|t:|1746036965\n|switch|p1a: Rillaboom|Rillaboom, L50, F|100/100\n|switch|p2b: THICCTHICCLY|Ursaluna, L50, M|100/100\n|-fieldstart|move: Grassy Terrain|[from] ability: Grassy Surge|[of] p1a: Rillaboom\n|turn|7\n|inactive|double o dumbass has 30 seconds left.\n|\n|t:|1746037003\n|-terastallize|p1a: Rillaboom|Grass\n|move|p1a: Rillaboom|Grassy Glide|p2b: THICCTHICCLY\n|-supereffective|p2b: THICCTHICCLY\n|-damage|p2b: THICCTHICCLY|0 fnt\n|faint|p2b: THICCTHICCLY\n|move|p2a: Zamazenta|Body Press|p1a: Rillaboom\n|-damage|p1a: Rillaboom|41/100\n|move|p1b: Calyrex|Astral Barrage|p2a: Zamazenta\n|-damage|p2a: Zamazenta|10/100 par\n|-damage|p1b: Calyrex|91/100|[from] item: Life Orb\n|\n|-heal|p2a: Zamazenta|16/100 par|[from] Grassy Terrain\n|-heal|p1a: Rillaboom|47/100|[from] Grassy Terrain\n|-heal|p1b: Calyrex|97/100|[from] Grassy Terrain\n|upkeep\n|\n|t:|1746037012\n|switch|p2b: Chi-Yu|Chi-Yu, L50|17/100\n|-ability|p2b: Chi-Yu|Beads of Ruin\n|turn|8\n|\n|t:|1746037034\n|move|p1a: Rillaboom|Grassy Glide|p2b: Chi-Yu\n|-resisted|p2b: Chi-Yu\n|-damage|p2b: Chi-Yu|0 fnt\n|faint|p2b: Chi-Yu\n|move|p2a: Zamazenta|Heavy Slam|p1b: Calyrex\n|-damage|p1b: Calyrex|63/100\n|move|p1b: Calyrex|Psychic|p2a: Zamazenta\n|-damage|p2a: Zamazenta|0 fnt\n|faint|p2a: Zamazenta\n|-damage|p1b: Calyrex|53/100|[from] item: Life Orb\n|\n|win|double o dumbass\n||McDubbieEnthusiast is ready for game 2.\n|inactive|double o dumbass has 30 seconds to confirm battle start!\n||double o dumbass is ready for game 2.\n|uhtml|next|Next: <a href=\"/battle-gen9vgc2025regibo3-2354125736\"><strong>Game 2 of 3</strong></a>\n|l| THNugget\n", "uploadtime": 1746037269, "views": 11, "formatid": "gen9vgc2025regibo3", "rating": null, "private": 0, "password": null}