{"id": "gen9vgc2025regibo3-2354310788", "format": "[Gen 9] VGC 2025 Reg I (Bo3)", "players": ["PaniniWeenie", "Gimffy"], "log": "|j|\u2606PaniniWeenie\n|j|\u2606Gimffy\n|html|<table width=\"100%\"><tr><td align=\"left\">PaniniWeenie</td><td align=\"right\">Gimffy</tr><tr><td align=\"left\"><i class=\"fa fa-circle\"></i> <i class=\"fa fa-circle-o\"></i> </td><td align=\"right\"><i class=\"fa fa-circle-o\"></i> <i class=\"fa fa-circle-o\"></i> </tr></table>\n|uhtml|bestof|<h2><strong>Game 2</strong> of <a href=\"/game-bestof3-gen9vgc2025regibo3-2354309634\">a best-of-3</a></h2>\n|t:|1746055857\n|gametype|doubles\n|player|p1|PaniniWeenie|pokemaniac|1291\n|player|p2|Gimffy|ingo|1171\n|teamsize|p1|6\n|teamsize|p2|6\n|gen|9\n|tier|[Gen 9] VGC 2025 Reg I (Bo3)\n|rated|\n|rule|Species Clause: Limit one of each Pok\u00e9mon\n|rule|Item Clause: Limit 1 of each item\n|clearpoke\n|poke|p1|Ditto, L50|\n|poke|p1|Grimmsnarl, L50, M|\n|poke|p1|Zamazenta-*, L50|\n|poke|p1|Miraidon, L50|\n|poke|p1|Entei, L50|\n|poke|p1|Iron Leaves, L50|\n|poke|p2|Koraidon, L50|\n|poke|p2|Lunala, L50|\n|poke|p2|Flutter Mane, L50|\n|poke|p2|Chi-Yu, L50|\n|poke|p2|Indeedee-F, L50, F|\n|poke|p2|Brute Bonnet, L50|\n|teampreview|4\n|showteam|p1|Ditto||FocusSash|Imposter|Transform||||||50|,,,,,Normal]Grimmsnarl||LightClay|Prankster|Reflect,LightScreen,ThunderWave,SpiritBreak|||M|||50|,,,,,Ghost]Zamazenta-Crowned||RustedShield|DauntlessShield|BodyPress,HeavySlam,WideGuard,Protect||||||50|,,,,,Dragon]Miraidon||ChoiceSpecs|HadronEngine|ElectroDrift,DracoMeteor,VoltSwitch,DazzlingGleam||||||50|,,,,,Fairy]Entei||AssaultVest|InnerFocus|SacredFire,ExtremeSpeed,StoneEdge,Crunch||||||50|,,,,,Fairy]Iron Leaves||LifeOrb|QuarkDrive|Psyblade,LeafBlade,QuickGuard,Protect||||||50|,,,,,Stellar\n|showteam|p2|Koraidon||ClearAmulet|OrichalcumPulse|CollisionCourse,FlareBlitz,FlameCharge,Protect||||||50|,,,,,Fire]Lunala||PowerHerb|ShadowShield|MoongeistBeam,ExpandingForce,MeteorBeam,TrickRoom||||||50|,,,,,Water]Flutter Mane||FocusSash|Protosynthesis|Moonblast,ShadowBall,IcyWind,Protect||||||50|,,,,,Fairy]Chi-Yu||ChoiceScarf|BeadsofRuin|DarkPulse,HeatWave,Overheat,Snarl||||||50|,,,,,Ghost]Indeedee-F||RockyHelmet|PsychicSurge|Psychic,FollowMe,Imprison,TrickRoom|||F|||50|,,,,,Grass]Brute Bonnet||CovertCloak|Protosynthesis|SeedBomb,SuckerPunch,RagePowder,Spore||||||50|,,,,,Poison\n|inactive|Battle timer is ON: inactive players will automatically lose when time's up. (requested by Gimffy)\n|\n|t:|1746055882\n|start\n|switch|p1a: Grimmsnarl|Grimmsnarl, L50, M, shiny|100/100\n|switch|p1b: Miraidon|Miraidon, L50|100/100\n|switch|p2a: Anakin|Flutter Mane, L50|100/100\n|switch|p2b: Bruce Wane|Lunala, L50|100/100\n|-fieldstart|move: Electric Terrain|[from] ability: Hadron Engine|[of] p1b: Miraidon\n|turn|1\n|\n|t:|1746055901\n|move|p2a: Anakin|Protect|p2a: Anakin\n|-singleturn|p2a: Anakin|Protect\n|move|p1a: Grimmsnarl|Light Screen|p1a: Grimmsnarl\n|-sidestart|p1: PaniniWeenie|move: Light Screen\n|move|p1b: Miraidon|Volt Switch|p2b: Bruce Wane\n|-damage|p2b: Bruce Wane|66/100\n|\n|t:|1746055908\n|switch|p1b: Entei|Entei, L50|100/100|[from] Volt Switch\n|move|p2b: Bruce Wane|Meteor Beam||[still]\n|-prepare|p2b: Bruce Wane|Meteor Beam\n|-boost|p2b: Bruce Wane|spa|1\n|-enditem|p2b: Bruce Wane|Power Herb\n|-anim|p2b: Bruce Wane|Meteor Beam|p1b: Entei\n|-supereffective|p1b: Entei\n|-damage|p1b: Entei|37/100\n|\n|upkeep\n|turn|2\n|inactive|Gimffy has 30 seconds left.\n|\n|t:|1746055934\n|-end|p2a: Anakin|Protosynthesis|[silent]\n|switch|p2a: Tinky Winky|Indeedee-F, L50, F|100/100\n|-fieldstart|move: Psychic Terrain|[from] ability: Psychic Surge|[of] p2a: Tinky Winky\n|-terastallize|p2b: Bruce Wane|Water\n|move|p1a: Grimmsnarl|Thunder Wave|p2a: Tinky Winky\n|-activate|p2a: Tinky Winky|move: Psychic Terrain\n|move|p1b: Entei|Crunch|p2b: Bruce Wane\n|-damage|p2b: Bruce Wane|45/100\n|move|p2b: Bruce Wane|Expanding Force|p1a: Grimmsnarl|[spread] p1b\n|-immune|p1a: Grimmsnarl\n|-damage|p1b: Entei|0 fnt\n|faint|p1b: Entei\n|\n|upkeep\n|\n|t:|1746055946\n|switch|p1b: Miraidon|Miraidon, L50|100/100\n|-fieldstart|move: Electric Terrain|[from] ability: Hadron Engine|[of] p1b: Miraidon\n|turn|3\n|\n|t:|1746055960\n|move|p2a: Tinky Winky|Follow Me|p2a: Tinky Winky\n|-singleturn|p2a: Tinky Winky|move: Follow Me\n|move|p1b: Miraidon|Electro Drift|p2a: Tinky Winky\n|-damage|p2a: Tinky Winky|5/100\n|-damage|p1b: Miraidon|84/100|[from] item: Rocky Helmet|[of] p2a: Tinky Winky\n|move|p2b: Bruce Wane|Moongeist Beam|p1b: Miraidon\n|-damage|p1b: Miraidon|32/100\n|move|p1a: Grimmsnarl|Spirit Break|p2a: Tinky Winky\n|-damage|p2a: Tinky Winky|0 fnt\n|-damage|p1a: Grimmsnarl|84/100|[from] item: Rocky Helmet|[of] p2a: Tinky Winky\n|faint|p2a: Tinky Winky\n|\n|upkeep\n|\n|t:|1746055974\n|switch|p2a: Anakin|Flutter Mane, L50|100/100\n|turn|4\n|\n|t:|1746055984\n|switch|p2b: Akira|Koraidon, L50|100/100\n|-weather|SunnyDay|[from] ability: Orichalcum Pulse|[of] p2b: Akira\n|-activate|p2a: Anakin|ability: Protosynthesis\n|-start|p2a: Anakin|protosynthesisspe\n|-activate|p2b: Akira|Orichalcum Pulse|[source]\n|move|p1a: Grimmsnarl|Thunder Wave|p2a: Anakin\n|-status|p2a: Anakin|par\n|move|p1b: Miraidon|Electro Drift|p2b: Akira\n|-resisted|p2b: Akira\n|-damage|p2b: Akira|28/100\n|move|p2a: Anakin|Moonblast|p1b: Miraidon\n|-supereffective|p1b: Miraidon\n|-damage|p1b: Miraidon|0 fnt\n|faint|p1b: Miraidon\n|\n|-weather|SunnyDay|[upkeep]\n|upkeep\n|\n|t:|1746055998\n|switch|p1b: Ditto|Ditto, L50, shiny|100/100\n|-transform|p1b: Ditto|p2a: Anakin|[from] ability: Imposter\n|turn|5\n|\n|t:|1746056012\n|move|p1b: Ditto|Protect|p1b: Ditto\n|-singleturn|p1b: Ditto|Protect\n|move|p2b: Akira|Protect|p2b: Akira\n|-singleturn|p2b: Akira|Protect\n|move|p2a: Anakin|Icy Wind|p1a: Grimmsnarl|[spread] p1a\n|-activate|p1b: Ditto|move: Protect\n|-damage|p1a: Grimmsnarl|74/100\n|-unboost|p1a: Grimmsnarl|spe|1\n|move|p1a: Grimmsnarl|Spirit Break|p2a: Anakin\n|-damage|p2a: Anakin|41/100 par\n|-unboost|p2a: Anakin|spa|1\n|\n|-weather|SunnyDay|[upkeep]\n|upkeep\n|turn|6\n|-message|Gimffy forfeited.\n|\n|win|PaniniWeenie\n|raw|PaniniWeenie's rating: 1291 &rarr; <strong>1308</strong><br />(+17 for winning)\n|raw|Gimffy's rating: 1171 &rarr; <strong>1154</strong><br />(-17 for losing)\n|l|\u2606PaniniWeenie\n|player|p1|\n", "uploadtime": 1746056036, "views": 7, "formatid": "gen9vgc2025regibo3", "rating": 1154, "private": 0, "password": null}