{"id": "gen9vgc2025regibo3-2354781295", "format": "[Gen 9] VGC 2025 Reg I (Bo3)", "players": ["PikaTROD", "DragonMasterCody"], "log": "|j|\u2606PikaTROD\n|j|\u2606DragonMasterCody\n|html|<table width=\"100%\"><tr><td align=\"left\">PikaTROD</td><td align=\"right\">DragonMasterCody</tr><tr><td align=\"left\"><i class=\"fa fa-circle\"></i> <i class=\"fa fa-circle-o\"></i> </td><td align=\"right\"><i class=\"fa fa-circle-o\"></i> <i class=\"fa fa-circle\"></i> </tr></table>\n|uhtml|bestof|<h2><strong>Game 3</strong> of <a href=\"/game-bestof3-gen9vgc2025regibo3-2354775613\">a best-of-3</a></h2>\n|t:|1746119217\n|gametype|doubles\n|player|p1|PikaTROD|169|1382\n|player|p2|DragonMasterCody|lance|1462\n|teamsize|p1|6\n|teamsize|p2|6\n|gen|9\n|tier|[Gen 9] VGC 2025 Reg I (Bo3)\n|rated|\n|rule|Species Clause: Limit one of each Pok\u00e9mon\n|rule|Item Clause: Limit 1 of each item\n|clearpoke\n|poke|p1|Terapagos, L50, M|\n|poke|p1|Lunala, L50|\n|poke|p1|Tornadus, L50, M|\n|poke|p1|Urshifu-*, L50, F|\n|poke|p1|Rillaboom, L50, F|\n|poke|p1|Incineroar, L50, F|\n|poke|p2|Koraidon, L50|\n|poke|p2|Chi-Yu, L50|\n|poke|p2|Calyrex-Shadow, L50|\n|poke|p2|Flutter Mane, L50|\n|poke|p2|Indeedee-F, L50, F|\n|poke|p2|Raging Bolt, L50|\n|teampreview|4\n|showteam|p1|Terapagos||ChoiceSpecs|TeraShift|HyperBeam,DarkPulse,TeraStarstorm,EarthPower|||M|||50|,,,,,Stellar]Lunala||Leftovers|ShadowShield|WideGuard,DazzlingGleam,MoongeistBeam,CalmMind||||||50|,,,,,Fairy]Tornadus||CovertCloak|Prankster|Tailwind,RainDance,BleakwindStorm,Taunt|||M|||50|,,,,,Dark]Urshifu-Rapid-Strike||FocusSash|UnseenFist|SurgingStrikes,CloseCombat,AquaJet,Detect|||F|||50|,,,,,Stellar]Rillaboom||AssaultVest|GrassySurge|FakeOut,GrassyGlide,WoodHammer,Uturn|||F|||50|,,,,,Fire]Incineroar||SafetyGoggles|Intimidate|FakeOut,KnockOff,PartingShot,WillOWisp|||F|||50|,,,,,Bug\n|showteam|p2|Koraidon||LoadedDice|OrichalcumPulse|CollisionCourse,FlareBlitz,Protect,ScaleShot||||||50|,,,,,Fire]Chi-Yu||ChoiceScarf|BeadsofRuin|DarkPulse,HeatWave,Flamethrower,Snarl||||||50|,,,,,Ghost]Calyrex-Shadow||LifeOrb|AsOneSpectrier|ExpandingForce,AstralBarrage,Protect,DarkPulse||||||50|,,,,,Dark]Flutter Mane||FocusSash|Protosynthesis|ShadowBall,Moonblast,Protect,IcyWind||||||50|,,,,,Fairy]Indeedee-F||RockyHelmet|PsychicSurge|FollowMe,HelpingHand,TrickRoom,Imprison|||F|||50|,,,,,Water]Raging Bolt||AssaultVest|Protosynthesis|Thunderclap,Thunderbolt,Electroweb,DragonPulse||||||50|,,,,,Electric\n|\n|t:|1746119304\n|start\n|switch|p1a: Incineroar|Incineroar, L50, F|100/100\n|switch|p1b: Terapagos|Terapagos, L50, M|100/100\n|switch|p2a: Koraidon|Koraidon, L50|100/100\n|switch|p2b: Raging Bolt|Raging Bolt, L50|100/100\n|-activate|p1b: Terapagos|ability: Tera Shift\n|detailschange|p1b: Terapagos|Terapagos-Terastal, L50, M\n|-heal|p1b: Terapagos|100/100|[silent]\n|-weather|SunnyDay|[from] ability: Orichalcum Pulse|[of] p2a: Koraidon\n|-activate|p2b: Raging Bolt|ability: Protosynthesis\n|-start|p2b: Raging Bolt|protosynthesisspa\n|-activate|p2a: Koraidon|Orichalcum Pulse|[source]\n|-ability|p1a: Incineroar|Intimidate|boost\n|-unboost|p2a: Koraidon|atk|1\n|-unboost|p2b: Raging Bolt|atk|1\n|turn|1\n|\n|t:|1746119341\n|-end|p2b: Raging Bolt|Protosynthesis|[silent]\n|switch|p2b: Flutter Mane|Flutter Mane, L50, shiny|100/100\n|-activate|p2b: Flutter Mane|ability: Protosynthesis\n|-start|p2b: Flutter Mane|protosynthesisspe\n|move|p2a: Koraidon|Protect|p2a: Koraidon\n|-singleturn|p2a: Koraidon|Protect\n|move|p1a: Incineroar|Fake Out|p2a: Koraidon\n|-activate|p2a: Koraidon|move: Protect\n|move|p1b: Terapagos|Tera Starstorm|p2b: Flutter Mane\n|-immune|p2b: Flutter Mane\n|\n|-weather|SunnyDay|[upkeep]\n|upkeep\n|turn|2\n|\n|t:|1746119358\n|switch|p1a: Lunala|Lunala, L50|100/100\n|move|p2b: Flutter Mane|Icy Wind|p1a: Lunala|[spread] p1a,p1b\n|-crit|p1a: Lunala\n|-activate|p1b: Terapagos|ability: Tera Shell\n|-resisted|p1b: Terapagos\n|-damage|p1a: Lunala|93/100\n|-damage|p1b: Terapagos|94/100\n|-unboost|p1a: Lunala|spe|1\n|-unboost|p1b: Terapagos|spe|1\n|move|p2a: Koraidon|Collision Course|p1b: Terapagos\n|-supereffective|p1b: Terapagos\n|-damage|p1b: Terapagos|0 fnt\n|faint|p1b: Terapagos\n|\n|-weather|SunnyDay|[upkeep]\n|-heal|p1a: Lunala|99/100|[from] item: Leftovers\n|upkeep\n|\n|t:|1746119374\n|switch|p1b: Tornadus|Tornadus, L50, M|100/100\n|turn|3\n|\n|t:|1746119386\n|-terastallize|p2a: Koraidon|Fire\n|-terastallize|p1a: Lunala|Fairy\n|move|p1b: Tornadus|Rain Dance|p1b: Tornadus\n|-weather|RainDance\n|-end|p2b: Flutter Mane|Protosynthesis\n|move|p2b: Flutter Mane|Icy Wind|p1a: Lunala|[spread] p1a,p1b\n|-supereffective|p1b: Tornadus\n|-damage|p1a: Lunala|89/100\n|-damage|p1b: Tornadus|65/100\n|-unboost|p1a: Lunala|spe|1\n|move|p2a: Koraidon|Flare Blitz|p1a: Lunala\n|-damage|p1a: Lunala|71/100\n|-damage|p2a: Koraidon|93/100|[from] Recoil\n|move|p1a: Lunala|Calm Mind|p1a: Lunala\n|-boost|p1a: Lunala|spa|1\n|-boost|p1a: Lunala|spd|1\n|\n|-weather|RainDance|[upkeep]\n|-heal|p1a: Lunala|78/100|[from] item: Leftovers\n|upkeep\n|turn|4\n|\n|t:|1746119413\n|switch|p2a: Chi-Yu|Chi-Yu, L50|100/100\n|-ability|p2a: Chi-Yu|Beads of Ruin\n|move|p2b: Flutter Mane|Icy Wind|p1a: Lunala|[spread] p1a,p1b\n|-supereffective|p1b: Tornadus\n|-damage|p1a: Lunala|68/100\n|-damage|p1b: Tornadus|11/100\n|-unboost|p1a: Lunala|spe|1\n|move|p1b: Tornadus|Bleakwind Storm|p2b: Flutter Mane|[spread] p2a,p2b\n|-damage|p2a: Chi-Yu|63/100\n|-damage|p2b: Flutter Mane|52/100\n|move|p1a: Lunala|Dazzling Gleam|p2b: Flutter Mane|[spread] p2a,p2b\n|-crit|p2b: Flutter Mane\n|-damage|p2a: Chi-Yu|11/100\n|-damage|p2b: Flutter Mane|0 fnt\n|faint|p2b: Flutter Mane\n|-end|p2b: Flutter Mane|Protosynthesis|[silent]\n|\n|-weather|RainDance|[upkeep]\n|-heal|p1a: Lunala|75/100|[from] item: Leftovers\n|upkeep\n|\n|t:|1746119429\n|switch|p2b: Koraidon|Koraidon, L50, tera:Fire|93/100\n|-weather|SunnyDay|[from] ability: Orichalcum Pulse|[of] p2b: Koraidon\n|-activate|p2b: Koraidon|Orichalcum Pulse|[source]\n|turn|5\n|\n|t:|1746119450\n|switch|p2b: Raging Bolt|Raging Bolt, L50|100/100\n|-activate|p2b: Raging Bolt|ability: Protosynthesis\n|-start|p2b: Raging Bolt|protosynthesisspa\n|move|p1b: Tornadus|Rain Dance|p1b: Tornadus\n|-weather|RainDance\n|-end|p2b: Raging Bolt|Protosynthesis\n|move|p2a: Chi-Yu|Snarl|p1b: Tornadus|[spread] p1a,p1b\n|-resisted|p1a: Lunala\n|-damage|p1a: Lunala|68/100\n|-damage|p1b: Tornadus|0 fnt\n|-unboost|p1a: Lunala|spa|1\n|faint|p1b: Tornadus\n|move|p1a: Lunala|Moongeist Beam|p2b: Raging Bolt\n|-damage|p2b: Raging Bolt|57/100\n|\n|-weather|RainDance|[upkeep]\n|-heal|p1a: Lunala|74/100|[from] item: Leftovers\n|upkeep\n|\n|t:|1746119452\n|switch|p1b: Incineroar|Incineroar, L50, F|100/100\n|-ability|p1b: Incineroar|Intimidate|boost\n|-unboost|p2a: Chi-Yu|atk|1\n|-unboost|p2b: Raging Bolt|atk|1\n|turn|6\n|\n|t:|1746119482\n|move|p1b: Incineroar|Fake Out|p2b: Raging Bolt\n|-damage|p2b: Raging Bolt|48/100\n|move|p2a: Chi-Yu|Snarl|p1a: Lunala|[spread] p1a,p1b\n|-resisted|p1a: Lunala\n|-resisted|p1b: Incineroar\n|-damage|p1a: Lunala|67/100\n|-damage|p1b: Incineroar|87/100\n|-unboost|p1a: Lunala|spa|1\n|-unboost|p1b: Incineroar|spa|1\n|cant|p2b: Raging Bolt|flinch\n|move|p1a: Lunala|Calm Mind|p1a: Lunala\n|-boost|p1a: Lunala|spa|1\n|-boost|p1a: Lunala|spd|1\n|\n|-weather|RainDance|[upkeep]\n|-heal|p1a: Lunala|74/100|[from] item: Leftovers\n|upkeep\n|turn|7\n|\n|t:|1746119495\n|move|p2a: Chi-Yu|Snarl|p1b: Incineroar|[spread] p1a,p1b\n|-resisted|p1a: Lunala\n|-resisted|p1b: Incineroar\n|-damage|p1a: Lunala|68/100\n|-damage|p1b: Incineroar|75/100\n|-unboost|p1a: Lunala|spa|1\n|-unboost|p1b: Incineroar|spa|1\n|move|p2b: Raging Bolt|Thunderbolt|p1b: Incineroar\n|-damage|p1b: Incineroar|7/100\n|move|p1b: Incineroar|Parting Shot|p2b: Raging Bolt\n|-unboost|p2b: Raging Bolt|atk|1\n|-unboost|p2b: Raging Bolt|spa|1\n|move|p1a: Lunala|Calm Mind|p1a: Lunala\n|-boost|p1a: Lunala|spa|1\n|-boost|p1a: Lunala|spd|1\n|\n|-weather|RainDance|[upkeep]\n|-heal|p1a: Lunala|75/100|[from] item: Leftovers\n|upkeep\n|turn|8\n|\n|t:|1746119528\n|move|p2a: Chi-Yu|Snarl|p1a: Lunala|[spread] p1a,p1b\n|-resisted|p1a: Lunala\n|-crit|p1a: Lunala\n|-resisted|p1b: Incineroar\n|-damage|p1a: Lunala|60/100\n|-damage|p1b: Incineroar|0 fnt\n|-unboost|p1a: Lunala|spa|1\n|faint|p1b: Incineroar\n|move|p2b: Raging Bolt|Thunderbolt|p1a: Lunala\n|-damage|p1a: Lunala|48/100\n|move|p1a: Lunala|Dazzling Gleam|p2b: Raging Bolt|[spread] p2a,p2b\n|-supereffective|p2b: Raging Bolt\n|-damage|p2a: Chi-Yu|0 fnt\n|-damage|p2b: Raging Bolt|15/100\n|faint|p2a: Chi-Yu\n|\n|-weather|RainDance|[upkeep]\n|-heal|p1a: Lunala|54/100|[from] item: Leftovers\n|upkeep\n|\n|t:|1746119538\n|switch|p2a: Koraidon|Koraidon, L50, tera:Fire|93/100\n|-weather|SunnyDay|[from] ability: Orichalcum Pulse|[of] p2a: Koraidon\n|-activate|p2b: Raging Bolt|ability: Protosynthesis\n|-start|p2b: Raging Bolt|protosynthesisspa\n|-activate|p2a: Koraidon|Orichalcum Pulse|[source]\n|turn|9\n|c|\u2606PikaTROD|gg\n|\n|t:|1746119546\n|move|p2a: Koraidon|Flare Blitz|p1a: Lunala\n|-damage|p1a: Lunala|0 fnt\n|faint|p1a: Lunala\n|-damage|p2a: Koraidon|72/100|[from] Recoil\n|\n|win|DragonMasterCody\n|raw|PikaTROD's rating: 1382 &rarr; <strong>1367</strong><br />(-15 for losing)\n|raw|DragonMasterCody's rating: 1462 &rarr; <strong>1477</strong><br />(+15 for winning)\n|c|\u2606DragonMasterCody|feels like all i did was lower your stats\n|l|\u2606PikaTROD\n|player|p1|\n|c|\u2606DragonMasterCody|kinda funny\n", "uploadtime": 1746119561, "views": 14, "formatid": "gen9vgc2025regibo3", "rating": 1367, "private": 0, "password": null}