{"id": "gen9vgc2025regibo3-2353860197", "format": "[Gen 9] VGC 2025 Reg I (Bo3)", "players": ["jeje162", "Googie06"], "log": "|j|\u2606jeje162\n|j|\u2606Googie06\n|html|<table width=\"100%\"><tr><td align=\"left\">jeje162</td><td align=\"right\">Googie06</tr><tr><td align=\"left\"><i class=\"fa fa-circle-o\"></i> <i class=\"fa fa-circle-o\"></i> </td><td align=\"right\"><i class=\"fa fa-circle-o\"></i> <i class=\"fa fa-circle\"></i> </tr></table>\n|uhtml|bestof|<h2><strong>Game 2</strong> of <a href=\"/game-bestof3-gen9vgc2025regibo3-2353859030\">a best-of-3</a></h2>\n|t:|1746011561\n|gametype|doubles\n|player|p1|jeje162|169|1050\n|player|p2|Googie06|clay|1064\n|teamsize|p1|6\n|teamsize|p2|6\n|gen|9\n|tier|[Gen 9] VGC 2025 Reg I (Bo3)\n|rated|\n|rule|Species Clause: Limit one of each Pok\u00e9mon\n|rule|Item Clause: Limit 1 of each item\n|clearpoke\n|poke|p1|Hatterene, L50, F|\n|poke|p1|Tornadus, L50, M|\n|poke|p1|Miraidon, L50|\n|poke|p1|Terapagos, L50, M|\n|poke|p1|Hitmontop, L50, M|\n|poke|p1|Amoonguss, L50, F|\n|poke|p2|Kyurem-White, L50|\n|poke|p2|Ninetales-Alola, L50, F|\n|poke|p2|Ho-Oh, L50|\n|poke|p2|Rillaboom, L50, M|\n|poke|p2|Urshifu-*, L50, F|\n|poke|p2|Chi-Yu, L50|\n|teampreview|4\n|showteam|p1|Hatterene||FocusSash|MagicBounce|SkillSwap,TrickRoom,AfterYou,Protect|||F|||50|,,,,,Steel]Tornadus||SafetyGoggles|Prankster|Tailwind,BleakwindStorm,TeraBlast,Taunt|||M|||50|,,,,,Ground]Miraidon||ChoiceSpecs|HadronEngine|VoltSwitch,ElectroDrift,DracoMeteor,TeraBlast||||||50|,,,,,Fairy]Terapagos||PowerHerb|TeraShift|TeraStarstorm,DarkPulse,MeteorBeam,Protect|||M|||50|,,,,,Stellar]Hitmontop||Leftovers|Intimidate|WideGuard,FakeOut,CloseCombat,Coaching|||M|||50|,,,,,Ghost]Amoonguss||RockyHelmet|Regenerator|RagePowder,PollenPuff,Spore,Protect|||F|||50|,,,,,Water\n|showteam|p2|Kyurem-White||LifeOrb|Turboblaze|Blizzard,DracoMeteor,EarthPower,Protect||||||50|,,,,,Fairy]Ninetales-Alola||LightClay|SnowWarning|Encore,IcyWind,AuroraVeil,Protect|||F|||50|,,,,,Water]Ho-Oh||RockyHelmet|Regenerator|SacredFire,BraveBird,Tailwind,Protect||||||50|,,,,,Grass]Rillaboom||AssaultVest|GrassySurge|FakeOut,GrassyGlide,WoodHammer,Uturn|||M|||50|,,,,,Fire]Urshifu-Rapid-Strike||FocusSash|UnseenFist|SurgingStrikes,CloseCombat,Taunt,Detect|||F|||50|,,,,,Water]Chi-Yu||ChoiceScarf|BeadsofRuin|HeatWave,Overheat,DarkPulse,Snarl||||||50|,,,,,Ghost\n|\n|t:|1746011587\n|start\n|switch|p1a: Terapagos|Terapagos, L50, M|100/100\n|switch|p1b: Hitmontop|Hitmontop, L50, M|100/100\n|switch|p2a: Urshifu|Urshifu-Rapid-Strike, L50, F|100/100\n|switch|p2b: Rillaboom|Rillaboom, L50, M|100/100\n|-activate|p1a: Terapagos|ability: Tera Shift\n|detailschange|p1a: Terapagos|Terapagos-Terastal, L50, M\n|-heal|p1a: Terapagos|100/100|[silent]\n|-fieldstart|move: Grassy Terrain|[from] ability: Grassy Surge|[of] p2b: Rillaboom\n|-ability|p1b: Hitmontop|Intimidate|boost\n|-unboost|p2a: Urshifu|atk|1\n|-unboost|p2b: Rillaboom|atk|1\n|turn|1\n|inactive|Battle timer is ON: inactive players will automatically lose when time's up. (requested by Googie06)\n|inactive|jeje162 has 60 seconds left.\n|inactive|Googie06 has 60 seconds left.\n|inactive|jeje162 has 30 seconds left.\n|\n|t:|1746011656\n|-terastallize|p1b: Hitmontop|Ghost\n|move|p2b: Rillaboom|Fake Out|p1b: Hitmontop\n|-immune|p1b: Hitmontop\n|move|p2a: Urshifu|Surging Strikes|p1a: Terapagos\n|-activate|p1a: Terapagos|ability: Tera Shell\n|-resisted|p1a: Terapagos\n|-crit|p1a: Terapagos\n|-damage|p1a: Terapagos|93/100\n|-resisted|p1a: Terapagos\n|-crit|p1a: Terapagos\n|-damage|p1a: Terapagos|86/100\n|-resisted|p1a: Terapagos\n|-crit|p1a: Terapagos\n|-damage|p1a: Terapagos|79/100\n|-hitcount|p1a: Terapagos|3\n|move|p1a: Terapagos|Tera Starstorm|p2a: Urshifu\n|-damage|p2a: Urshifu|39/100\n|move|p1b: Hitmontop|Close Combat|p2a: Urshifu\n|-damage|p2a: Urshifu|0 fnt\n|-unboost|p1b: Hitmontop|def|1\n|-unboost|p1b: Hitmontop|spd|1\n|faint|p2a: Urshifu\n|\n|-heal|p1a: Terapagos|85/100|[from] Grassy Terrain\n|upkeep\n|inactive|Googie06 has 30 seconds left.\n|\n|t:|1746011687\n|switch|p2a: Kyurem|Kyurem-White, L50|100/100\n|-ability|p2a: Kyurem|Turboblaze\n|turn|2\n|inactive|Googie06 has 30 seconds left.\n|\n|t:|1746011713\n|-terastallize|p2a: Kyurem|Fairy\n|move|p1b: Hitmontop|Wide Guard|p1b: Hitmontop\n|-singleturn|p1b: Hitmontop|Wide Guard\n|move|p2a: Kyurem|Draco Meteor|p1a: Terapagos\n|-damage|p1a: Terapagos|0 fnt\n|-unboost|p2a: Kyurem|spa|2\n|faint|p1a: Terapagos\n|-damage|p2a: Kyurem|91/100|[from] item: Life Orb\n|move|p2b: Rillaboom|Wood Hammer|p1b: Hitmontop\n|-damage|p1b: Hitmontop|18/100\n|-damage|p2b: Rillaboom|81/100|[from] Recoil\n|\n|-heal|p2a: Kyurem|97/100|[from] Grassy Terrain\n|-heal|p2b: Rillaboom|87/100|[from] Grassy Terrain\n|-heal|p1b: Hitmontop|24/100|[from] Grassy Terrain\n|-heal|p1b: Hitmontop|30/100|[from] item: Leftovers\n|upkeep\n|\n|t:|1746011729\n|switch|p1a: Hatterene|Hatterene, L50, F|100/100\n|turn|3\n|inactive|jeje162 has 30 seconds left.\n|\n|t:|1746011757\n|switch|p2a: Ho-Oh|Ho-Oh, L50|100/100\n|move|p2b: Rillaboom|Grassy Glide|p1b: Hitmontop\n|-damage|p1b: Hitmontop|0 fnt\n|faint|p1b: Hitmontop\n|move|p1a: Hatterene|Trick Room|p1a: Hatterene\n|-fieldstart|move: Trick Room|[of] p1a: Hatterene\n|\n|-heal|p2b: Rillaboom|93/100|[from] Grassy Terrain\n|upkeep\n|\n|t:|1746011766\n|switch|p1b: Miraidon|Miraidon, L50|100/100\n|-fieldstart|move: Electric Terrain|[from] ability: Hadron Engine|[of] p1b: Miraidon\n|turn|4\n|\n|t:|1746011791\n|move|p1a: Hatterene|After You|p1b: Miraidon\n|-activate|p1b: Miraidon|move: After You\n|move|p1b: Miraidon|Electro Drift|p2a: Ho-Oh\n|-supereffective|p2a: Ho-Oh\n|-crit|p2a: Ho-Oh\n|-damage|p2a: Ho-Oh|0 fnt\n|-damage|p1b: Miraidon|84/100|[from] item: Rocky Helmet|[of] p2a: Ho-Oh\n|faint|p2a: Ho-Oh\n|move|p2b: Rillaboom|U-turn|p1b: Miraidon\n|-damage|p1b: Miraidon|72/100\n|\n|t:|1746011801\n|switch|p2b: Kyurem|Kyurem-White, L50, tera:Fairy|97/100|[from] U-turn\n|-ability|p2b: Kyurem|Turboblaze\n|\n|upkeep\n|\n|t:|1746011805\n|switch|p2a: Rillaboom|Rillaboom, L50, M|93/100\n|-fieldstart|move: Grassy Terrain|[from] ability: Grassy Surge|[of] p2a: Rillaboom\n|turn|5\n|\n|t:|1746011824\n|move|p2a: Rillaboom|Fake Out|p1b: Miraidon\n|-damage|p1b: Miraidon|61/100\n|move|p1a: Hatterene|After You|p1b: Miraidon\n|-activate|p1b: Miraidon|move: After You\n|cant|p1b: Miraidon|flinch\n|move|p2b: Kyurem|Earth Power|p1b: Miraidon\n|-supereffective|p1b: Miraidon\n|-damage|p1b: Miraidon|0 fnt\n|faint|p1b: Miraidon\n|-damage|p2b: Kyurem|87/100|[from] item: Life Orb\n|\n|-heal|p2a: Rillaboom|99/100|[from] Grassy Terrain\n|-heal|p2b: Kyurem|93/100|[from] Grassy Terrain\n|upkeep\n|turn|6\n|-message|jeje162 forfeited.\n|\n|win|Googie06\n|raw|jeje162's rating: 1050 &rarr; <strong>1033</strong><br />(-17 for losing)\n|raw|Googie06's rating: 1064 &rarr; <strong>1093</strong><br />(+29 for winning)\n|l|\u2606Googie06\n|player|p2|\n|l|\u2606jeje162\n|player|p1|\n", "uploadtime": 1746012207, "views": 6, "formatid": "gen9vgc2025regibo3", "rating": 1033, "private": 0, "password": null}