{"id": "gen9vgc2025regibo3-2354134756", "format": "[Gen 9] VGC 2025 Reg I (Bo3)", "players": ["guerravictor", "Hunterhexin"], "log": "|j|\u2606guerravictor\n|j|\u2606Hunterhexin\n|html|<table width=\"100%\"><tr><td align=\"left\">guerravictor</td><td align=\"right\">Hunterhexin</tr><tr><td align=\"left\"><i class=\"fa fa-circle\"></i> <i class=\"fa fa-circle-o\"></i> </td><td align=\"right\"><i class=\"fa fa-circle-o\"></i> <i class=\"fa fa-circle-o\"></i> </tr></table>\n|uhtml|bestof|<h2><strong>Game 2</strong> of <a href=\"/game-bestof3-gen9vgc2025regibo3-2354131305\">a best-of-3</a></h2>\n|t:|1746037837\n|gametype|doubles\n|player|p1|guerravictor|supernerd|1100\n|player|p2|Hunterhexin|1|1038\n|teamsize|p1|6\n|teamsize|p2|6\n|gen|9\n|tier|[Gen 9] VGC 2025 Reg I (Bo3)\n|rated|\n|rule|Species Clause: Limit one of each Pok\u00e9mon\n|rule|Item Clause: Limit 1 of each item\n|clearpoke\n|poke|p1|Ditto, L50|\n|poke|p1|Calyrex-Ice, L50|\n|poke|p1|Amoonguss, L50, M|\n|poke|p1|Lunala, L50|\n|poke|p1|Rillaboom, L50, F|\n|poke|p1|Iron Treads, L50|\n|poke|p2|Koraidon, L50|\n|poke|p2|Weezing-Galar, L50, F|\n|poke|p2|Electrode-Hisui, L50|\n|poke|p2|Miraidon, L50|\n|poke|p2|Iron Boulder, L50|\n|poke|p2|Incineroar, L50, M|\n|teampreview|4\n|showteam|p1|Ditto||FocusSash|Imposter|Transform||||||50|,,,,,Normal]Calyrex-Ice||ClearAmulet|AsOneGlastrier|GlacialLance,HighHorsepower,TrickRoom,Protect||||||50|,,,,,Fire]Amoonguss||RockyHelmet|Regenerator|Spore,RagePowder,PollenPuff,Protect|||M|||50|,,,,,Fairy]Lunala||PowerHerb|ShadowShield|MoongeistBeam,MeteorBeam,Moonblast,TrickRoom||||||50|,,,,,Fairy]Rillaboom||AssaultVest|GrassySurge|HighHorsepower,GrassyGlide,Uturn,FakeOut|||F|||50|,,,,,Normal]Iron Treads||BoosterEnergy|QuarkDrive|Earthquake,IceSpinner,KnockOff,Protect||||||50|,,,,,Ground\n|showteam|p2|Koraidon||Leftovers|OrichalcumPulse|FlareBlitz,ZenHeadbutt,CollisionCourse,Protect||||||50|,,,,,Steel]Weezing-Galar||ChoiceSpecs|NeutralizingGas|Overheat,StrangeSteam,SludgeBomb,DarkPulse|||F|||50|,,,,,Fire]Electrode-Hisui||CovertCloak|Aftermath|Reflect,Electroweb,Taunt,FoulPlay||||||50|,,,,,Normal]Miraidon||ElectricSeed|HadronEngine|ElectroDrift,DragonPulse,Protect,ThunderWave||||||50|,,,,,Bug]Iron Boulder||ChoiceBand|QuarkDrive|MightyCleave,SolarBlade,ThroatChop,CloseCombat||||||50|,,,,,Dark]Incineroar||AguavBerry|Intimidate|KnockOff,FakeOut,FlareBlitz,PartingShot|||M|||50|,,,,,Ghost\n|inactive|Battle timer is ON: inactive players will automatically lose when time's up. (requested by guerravictor)\n|inactive|guerravictor has 60 seconds left.\n|\n|t:|1746037880\n|start\n|switch|p1a: Lunala|Lunala, L50|100/100\n|switch|p1b: Rillaboom|Rillaboom, L50, F|100/100\n|switch|p2a: Incineroar|Incineroar, L50, M|100/100\n|switch|p2b: Iron Boulder|Iron Boulder, L50|100/100\n|-fieldstart|move: Grassy Terrain|[from] ability: Grassy Surge|[of] p1b: Rillaboom\n|-ability|p2a: Incineroar|Intimidate|boost\n|-unboost|p1a: Lunala|atk|1\n|-unboost|p1b: Rillaboom|atk|1\n|turn|1\n|inactive|Hunterhexin has 30 seconds left.\n|\n|t:|1746037910\n|-end|p2b: Iron Boulder|Quark Drive|[silent]\n|switch|p2b: Miraidon|Miraidon, L50|100/100\n|-fieldstart|move: Electric Terrain|[from] ability: Hadron Engine|[of] p2b: Miraidon\n|-enditem|p2b: Miraidon|Electric Seed\n|-boost|p2b: Miraidon|def|1|[from] item: Electric Seed\n|-terastallize|p1a: Lunala|Fairy\n|-terastallize|p2a: Incineroar|Ghost\n|move|p1b: Rillaboom|Fake Out|p2b: Miraidon\n|-damage|p2b: Miraidon|95/100\n|move|p1a: Lunala|Meteor Beam||[still]\n|-prepare|p1a: Lunala|Meteor Beam\n|-boost|p1a: Lunala|spa|1\n|-enditem|p1a: Lunala|Power Herb\n|-anim|p1a: Lunala|Meteor Beam|p2a: Incineroar\n|-damage|p2a: Incineroar|42/100\n|move|p2a: Incineroar|Parting Shot|p1a: Lunala\n|-unboost|p1a: Lunala|atk|1\n|-unboost|p1a: Lunala|spa|1\n|\n|t:|1746037930\n|switch|p2a: Iron Boulder|Iron Boulder, L50|100/100|[from] Parting Shot\n|-activate|p2a: Iron Boulder|ability: Quark Drive\n|-start|p2a: Iron Boulder|quarkdriveatk\n|\n|upkeep\n|turn|2\n|\n|t:|1746037951\n|move|p2a: Iron Boulder|Mighty Cleave|p1a: Lunala\n|-damage|p1a: Lunala|62/100\n|move|p2b: Miraidon|Electro Drift|p1a: Lunala\n|-damage|p1a: Lunala|0 fnt\n|faint|p1a: Lunala\n|move|p1b: Rillaboom|Grassy Glide|p2a: Iron Boulder\n|-supereffective|p2a: Iron Boulder\n|-damage|p2a: Iron Boulder|50/100\n|\n|upkeep\n|\n|t:|1746037960\n|switch|p1a: Ditto|Ditto, L50, shiny|100/100\n|-transform|p1a: Ditto|p2b: Miraidon|[from] ability: Imposter\n|-activate|p1a: Ditto|ability: Hadron Engine\n|turn|3\n|\n|t:|1746037982\n|move|p2b: Miraidon|Protect|p2b: Miraidon\n|-singleturn|p2b: Miraidon|Protect\n|move|p2a: Iron Boulder|Mighty Cleave|p1a: Ditto\n|-damage|p1a: Ditto|24/100\n|move|p1a: Ditto|Dragon Pulse|p2b: Miraidon\n|-activate|p2b: Miraidon|move: Protect\n|move|p1b: Rillaboom|High Horsepower|p2a: Iron Boulder\n|-supereffective|p2a: Iron Boulder\n|-damage|p2a: Iron Boulder|0 fnt\n|faint|p2a: Iron Boulder\n|-end|p2a: Iron Boulder|Quark Drive|[silent]\n|\n|upkeep\n|\n|t:|1746037995\n|switch|p2a: Incineroar|Incineroar, L50, M, tera:Ghost|42/100\n|-ability|p2a: Incineroar|Intimidate|boost\n|-unboost|p1a: Ditto|atk|1\n|-unboost|p1b: Rillaboom|atk|1\n|turn|4\n|\n|t:|1746038009\n|switch|p2b: Weezing|Weezing-Galar, L50, F|100/100\n|-ability|p2b: Weezing|Neutralizing Gas\n|move|p1a: Ditto|Dragon Pulse|p2b: Weezing\n|-immune|p2b: Weezing\n|move|p1b: Rillaboom|U-turn|p2a: Incineroar\n|-resisted|p2a: Incineroar\n|-damage|p2a: Incineroar|35/100\n|\n|t:|1746038017\n|switch|p1b: Calyrex|Calyrex-Ice, L50|100/100|[from] U-turn\n|-ability|p1b: Calyrex|As One\n|-ability|p1b: Calyrex|Unnerve\n|move|p2a: Incineroar|Flare Blitz|p1b: Calyrex\n|-supereffective|p1b: Calyrex\n|-damage|p1b: Calyrex|33/100\n|-damage|p2a: Incineroar|8/100|[from] Recoil\n|\n|upkeep\n|turn|5\n|inactive|guerravictor has 30 seconds left.\n|\n|t:|1746038044\n|switch|p1b: Rillaboom|Rillaboom, L50, F|100/100\n|-enditem|p2a: Incineroar|Aguav Berry|[eat]\n|-heal|p2a: Incineroar|41/100|[from] item: Aguav Berry\n|move|p1a: Ditto|Electro Drift|p2b: Weezing\n|-damage|p2b: Weezing|15/100\n|move|p2b: Weezing|Strange Steam|p1a: Ditto\n|-supereffective|p1a: Ditto\n|-damage|p1a: Ditto|0 fnt\n|faint|p1a: Ditto\n|move|p2a: Incineroar|Flare Blitz|p1b: Rillaboom\n|-supereffective|p1b: Rillaboom\n|-damage|p1b: Rillaboom|0 fnt\n|faint|p1b: Rillaboom\n|-damage|p2a: Incineroar|1/100|[from] Recoil\n|\n|-fieldend|move: Electric Terrain\n|upkeep\n|\n|t:|1746038055\n|switch|p1a: Calyrex|Calyrex-Ice, L50|33/100\n|-ability|p1a: Calyrex|As One\n|-ability|p1a: Calyrex|Unnerve\n|turn|6\n|\n|t:|1746038068\n|move|p2b: Weezing|Strange Steam|p1a: Calyrex\n|-crit|p1a: Calyrex\n|-damage|p1a: Calyrex|0 fnt\n|faint|p1a: Calyrex\n|\n|win|Hunterhexin\n||Hunterhexin is ready for game 3.\n||guerravictor is ready for game 3.\n|uhtml|next|Next: <a href=\"/battle-gen9vgc2025regibo3-2354137426\"><strong>Game 3 of 3</strong></a>\n", "uploadtime": 1746038264, "views": 6, "formatid": "gen9vgc2025regibo3", "rating": null, "private": 0, "password": null}