{"id": "gen9vgc2025regibo3-2355078016", "format": "[Gen 9] VGC 2025 Reg I (Bo3)", "players": ["Loxfart", "Ninortt"], "log": "|j|\u2606Loxfart\n|j|\u2606Ninortt\n|html|<table width=\"100%\"><tr><td align=\"left\">Loxfart</td><td align=\"right\">Ninortt</tr><tr><td align=\"left\"><i class=\"fa fa-circle\"></i> <i class=\"fa fa-circle-o\"></i> </td><td align=\"right\"><i class=\"fa fa-circle-o\"></i> <i class=\"fa fa-circle\"></i> </tr></table>\n|uhtml|bestof|<h2><strong>Game 3</strong> of <a href=\"/game-bestof3-gen9vgc2025regibo3-2355072697\">a best-of-3</a></h2>\n|t:|1746149710\n|gametype|doubles\n|player|p1|Loxfart|1|\n|player|p2|Ninortt|1|\n|teamsize|p1|6\n|teamsize|p2|6\n|gen|9\n|tier|[Gen 9] VGC 2025 Reg I (Bo3)\n|rule|Species Clause: Limit one of each Pok\u00e9mon\n|rule|Item Clause: Limit 1 of each item\n|clearpoke\n|poke|p1|Groudon, L50|\n|poke|p1|Bellossom, L50, M|\n|poke|p1|Indeedee-F, L50, F|\n|poke|p1|Torkoal, L50, M|\n|poke|p1|Koraidon, L50|\n|poke|p1|Venusaur, L50, F|\n|poke|p2|Incineroar, L50, F|\n|poke|p2|Calyrex-Ice, L50|\n|poke|p2|Miraidon, L50|\n|poke|p2|Amoonguss, L50, M|\n|poke|p2|Raging Bolt, L50|\n|poke|p2|Landorus, L50, M|\n|teampreview|4\n|showteam|p1|Groudon||ClearAmulet|Drought|HeatCrash,PrecipiceBlades,RockSlide,HeavySlam||||||50|,,,,,Fire]Bellossom||FocusSash|Chlorophyll|SolarBeam,PollenPuff,HelpingHand,Protect|||M|||50|,,,,,Grass]Indeedee-F||SitrusBerry|OwnTempo|TrickRoom,FollowMe,HelpingHand,HealPulse|||F|||50|,,,,,Psychic]Torkoal||LifeOrb|Drought|Eruption,Protect,TeraBlast,SludgeBomb|||M|||50|,,,,,Water]Koraidon||AssaultVest|OrichalcumPulse|CollisionCourse,Outrage,Crunch,DrainPunch||||||50|,,,,,Dark]Venusaur||Leftovers|Overgrow|Protect,LeechSeed,Toxic,LeafStorm|||F|||50|,,,,,Poison\n|showteam|p2|Incineroar||SitrusBerry|Intimidate|FlareBlitz,FakeOut,KnockOff,PartingShot|||F|||50|,,,,,Ghost]Calyrex-Ice||ClearAmulet|AsOneGlastrier|GlacialLance,HighHorsepower,TrickRoom,Protect||||||50|,,,,,Fairy]Miraidon||ChoiceSpecs|HadronEngine|ElectroDrift,DracoMeteor,VoltSwitch,DazzlingGleam||||||50|,,,,,Fairy]Amoonguss||CovertCloak|Regenerator|Spore,RagePowder,SludgeBomb,Protect|||M|||50|,,,,,Water]Raging Bolt||AssaultVest|Protosynthesis|Thunderclap,DracoMeteor,Thunderbolt,Snarl||||||50|,,,,,Fairy]Landorus||LifeOrb|SheerForce|EarthPower,SludgeBomb,Substitute,Protect|||M|||50|,,,,,Steel\n|\n|t:|1746149752\n|start\n|switch|p1a: Indeedee|Indeedee-F, L50, F|100/100\n|switch|p1b: Torkoal|Torkoal, L50, M|100/100\n|switch|p2a: Incineroar|Incineroar, L50, F|100/100\n|switch|p2b: Calyrex|Calyrex-Ice, L50|100/100\n|-ability|p2b: Calyrex|As One\n|-ability|p2b: Calyrex|Unnerve\n|-ability|p2a: Incineroar|Intimidate|boost\n|-fail|p1a: Indeedee|unboost|Attack|[from] ability: Own Tempo|[of] p1a: Indeedee\n|-unboost|p1b: Torkoal|atk|1\n|-weather|SunnyDay|[from] ability: Drought|[of] p1b: Torkoal\n|turn|1\n|\n|t:|1746149774\n|switch|p2b: Landorus|Landorus, L50, M|100/100\n|move|p2a: Incineroar|Fake Out|p1a: Indeedee\n|-damage|p1a: Indeedee|85/100\n|cant|p1a: Indeedee|flinch\n|move|p1b: Torkoal|Eruption|p2b: Landorus|[spread] p2a,p2b\n|-resisted|p2a: Incineroar\n|-damage|p2a: Incineroar|62/100\n|-damage|p2b: Landorus|0 fnt\n|faint|p2b: Landorus\n|-damage|p1b: Torkoal|91/100|[from] item: Life Orb\n|\n|-weather|SunnyDay|[upkeep]\n|upkeep\n|\n|t:|1746149789\n|switch|p2b: Calyrex|Calyrex-Ice, L50|100/100\n|-ability|p2b: Calyrex|As One\n|-ability|p2b: Calyrex|Unnerve\n|turn|2\n|\n|t:|1746149803\n|-terastallize|p2b: Calyrex|Fairy\n|move|p1a: Indeedee|Follow Me|p1a: Indeedee\n|-singleturn|p1a: Indeedee|move: Follow Me\n|move|p2a: Incineroar|Parting Shot|p1a: Indeedee\n|-unboost|p1a: Indeedee|atk|1\n|-unboost|p1a: Indeedee|spa|1\n|\n|t:|1746149811\n|switch|p2a: Raging Bolt|Raging Bolt, L50|100/100|[from] Parting Shot\n|-activate|p2a: Raging Bolt|ability: Protosynthesis\n|-start|p2a: Raging Bolt|protosynthesisspa\n|move|p1b: Torkoal|Eruption|p2b: Calyrex|[spread] p2a,p2b\n|-resisted|p2a: Raging Bolt\n|-damage|p2a: Raging Bolt|75/100\n|-damage|p2b: Calyrex|37/100\n|-damage|p1b: Torkoal|81/100|[from] item: Life Orb\n|move|p2b: Calyrex|Trick Room|p2b: Calyrex\n|-fieldstart|move: Trick Room|[of] p2b: Calyrex\n|\n|-weather|SunnyDay|[upkeep]\n|upkeep\n|turn|3\n|\n|t:|1746149840\n|move|p1a: Indeedee|Follow Me|p1a: Indeedee\n|-singleturn|p1a: Indeedee|move: Follow Me\n|move|p1b: Torkoal|Sludge Bomb|p2b: Calyrex\n|-supereffective|p2b: Calyrex\n|-damage|p2b: Calyrex|0 fnt\n|faint|p2b: Calyrex\n|-damage|p1b: Torkoal|72/100|[from] item: Life Orb\n|move|p2a: Raging Bolt|Thunderbolt|p1a: Indeedee\n|-damage|p1a: Indeedee|37/100\n|-enditem|p1a: Indeedee|Sitrus Berry|[eat]\n|-heal|p1a: Indeedee|62/100|[from] item: Sitrus Berry\n|\n|-weather|SunnyDay|[upkeep]\n|upkeep\n|\n|t:|1746149853\n|switch|p2b: Incineroar|Incineroar, L50, F|62/100\n|-ability|p2b: Incineroar|Intimidate|boost\n|-fail|p1a: Indeedee|unboost|Attack|[from] ability: Own Tempo|[of] p1a: Indeedee\n|-unboost|p1b: Torkoal|atk|1\n|turn|4\n|\n|t:|1746149869\n|-terastallize|p1b: Torkoal|Water\n|move|p1a: Indeedee|Follow Me|p1a: Indeedee\n|-singleturn|p1a: Indeedee|move: Follow Me\n|move|p2a: Raging Bolt|Thunderclap||[still]\n|-fail|p2a: Raging Bolt\n|move|p1b: Torkoal|Tera Blast|p2b: Incineroar|[anim] Tera Blast Water\n|-supereffective|p2b: Incineroar\n|-damage|p2b: Incineroar|27/100\n|-enditem|p2b: Incineroar|Sitrus Berry|[eat]\n|-heal|p2b: Incineroar|52/100|[from] item: Sitrus Berry\n|-damage|p1b: Torkoal|62/100|[from] item: Life Orb\n|move|p2b: Incineroar|Knock Off|p1a: Indeedee\n|-supereffective|p1a: Indeedee\n|-damage|p1a: Indeedee|0 fnt\n|faint|p1a: Indeedee\n|\n|-weather|SunnyDay|[upkeep]\n|upkeep\n|\n|t:|1746149884\n|switch|p1a: Groudon|Groudon, L50|100/100\n|turn|5\n|\n|t:|1746149908\n|move|p1b: Torkoal|Eruption|p2a: Raging Bolt|[spread] p2a,p2b\n|-resisted|p2a: Raging Bolt\n|-resisted|p2b: Incineroar\n|-crit|p2b: Incineroar\n|-damage|p2a: Raging Bolt|60/100\n|-damage|p2b: Incineroar|13/100\n|-damage|p1b: Torkoal|52/100|[from] item: Life Orb\n|move|p2b: Incineroar|Knock Off|p1a: Groudon\n|-damage|p1a: Groudon|75/100\n|-enditem|p1a: Groudon|Clear Amulet|[from] move: Knock Off|[of] p2b: Incineroar\n|move|p2a: Raging Bolt|Thunderbolt|p1b: Torkoal\n|-supereffective|p1b: Torkoal\n|-damage|p1b: Torkoal|0 fnt\n|faint|p1b: Torkoal\n|move|p1a: Groudon|Precipice Blades|p2a: Raging Bolt|[spread] p2a,p2b\n|-supereffective|p2a: Raging Bolt\n|-supereffective|p2b: Incineroar\n|-damage|p2a: Raging Bolt|0 fnt\n|-damage|p2b: Incineroar|0 fnt\n|faint|p2a: Raging Bolt\n|-end|p2a: Raging Bolt|Protosynthesis|[silent]\n|faint|p2b: Incineroar\n|\n|win|Loxfart\n|l|\u2606Loxfart\n|player|p1|\n|l|\u2606Ninortt\n|player|p2|\n", "uploadtime": 1746150199, "views": 3, "formatid": "gen9vgc2025regibo3", "rating": null, "private": 0, "password": null}