{"id": "gen9vgc2025regibo3-2354249791", "format": "[Gen 9] VGC 2025 Reg I (Bo3)", "players": ["canadadryafk", "Clickster1"], "log": "|j|\u2606canadadryafk\n|j|\u2606Clickster1\n|html|<table width=\"100%\"><tr><td align=\"left\">canadadryafk</td><td align=\"right\">Clickster1</tr><tr><td align=\"left\"><i class=\"fa fa-circle\"></i> <i class=\"fa fa-circle-o\"></i> </td><td align=\"right\"><i class=\"fa fa-circle-o\"></i> <i class=\"fa fa-circle\"></i> </tr></table>\n|uhtml|bestof|<h2><strong>Game 3</strong> of <a href=\"/game-bestof3-gen9vgc2025regibo3-2354245008\">a best-of-3</a></h2>\n|t:|1746049020\n|gametype|doubles\n|player|p1|canadadryafk|102|1115\n|player|p2|Clickster1|proton|1040\n|teamsize|p1|6\n|teamsize|p2|6\n|gen|9\n|tier|[Gen 9] VGC 2025 Reg I (Bo3)\n|rated|\n|rule|Species Clause: Limit one of each Pok\u00e9mon\n|rule|Item Clause: Limit 1 of each item\n|clearpoke\n|poke|p1|Incineroar, L50, M|\n|poke|p1|Zacian-*, L50|\n|poke|p1|Farigiraf, L50, F|\n|poke|p1|Iron Bundle, L50|\n|poke|p1|Miraidon, L50|\n|poke|p1|Ursaluna, L50, F|\n|poke|p2|Lunala, L50|\n|poke|p2|Koraidon, L50|\n|poke|p2|Flutter Mane, L50|\n|poke|p2|Raging Bolt, L50|\n|poke|p2|Chi-Yu, L50|\n|poke|p2|Brute Bonnet, L50|\n|teampreview|4\n|showteam|p1|Incineroar||AssaultVest|Intimidate|FlareBlitz,KnockOff,FakeOut,Uturn|||M|||50|,,,,,Ghost]Zacian-Crowned||RustedSword|IntrepidSword|Protect,behemothblade,PlayRough,SacredSword||||||50|,,,,,Dragon]Farigiraf||ElectricSeed|ArmorTail|PsychicNoise,FoulPlay,HelpingHand,TrickRoom|||F|||50|,,,,,Water]Iron Bundle||FocusSash|QuarkDrive|FreezeDry,IcyWind,Encore,Protect||||||50|,,,,,Ghost]Miraidon||ChoiceSpecs|HadronEngine|ElectroDrift,DracoMeteor,VoltSwitch,DazzlingGleam||||||50|,,,,,Fairy]Ursaluna||FlameOrb|Guts|Facade,HeadlongRush,Substitute,Protect|||F|||50|,,,,,Poison\n|showteam|p2|Lunala||PowerHerb|ShadowShield|MeteorBeam,MoongeistBeam,WideGuard,TrickRoom||||||50|,,,,,Water]Koraidon||LifeOrb|OrichalcumPulse|CloseCombat,FlareBlitz,FlameCharge,Protect||||||50|,,,,,Fire]Flutter Mane||FocusSash|Protosynthesis|ShadowBall,Moonblast,IcyWind,Protect||||||50|,,,,,Normal]Raging Bolt||AssaultVest|Protosynthesis|Thunderclap,Thunderbolt,Electroweb,DracoMeteor||||||50|,,,,,Electric]Chi-Yu||ChoiceScarf|BeadsofRuin|HeatWave,Snarl,DarkPulse,Overheat||||||50|,,,,,Ghost]Brute Bonnet||CovertCloak|Protosynthesis|SeedBomb,SuckerPunch,RagePowder,Spore||||||50|,,,,,Water\n|inactive|Battle timer is ON: inactive players will automatically lose when time's up. (requested by canadadryafk)\n|inactive|Clickster1 also wants the timer to be on.\n|\n|t:|1746049039\n|start\n|switch|p1a: Iron Bundle|Iron Bundle, L50|100/100\n|switch|p1b: Miraidon|Miraidon, L50|100/100\n|switch|p2a: Koraidon|Koraidon, L50|100/100\n|switch|p2b: Raging Bolt|Raging Bolt, L50|100/100\n|-fieldstart|move: Electric Terrain|[from] ability: Hadron Engine|[of] p1b: Miraidon\n|-activate|p1a: Iron Bundle|ability: Quark Drive\n|-start|p1a: Iron Bundle|quarkdrivespe\n|-weather|SunnyDay|[from] ability: Orichalcum Pulse|[of] p2a: Koraidon\n|-activate|p2b: Raging Bolt|ability: Protosynthesis\n|-start|p2b: Raging Bolt|protosynthesisspa\n|-activate|p2a: Koraidon|Orichalcum Pulse|[source]\n|turn|1\n|inactive|canadadryafk has 30 seconds left.\n|inactive|Clickster1 has 30 seconds left.\n|inactive|canadadryafk has 20 seconds left.\n|\n|t:|1746049078\n|switch|p1b: Incineroar|Incineroar, L50, M|100/100\n|-ability|p1b: Incineroar|Intimidate|boost\n|-unboost|p2a: Koraidon|atk|1\n|-unboost|p2b: Raging Bolt|atk|1\n|-terastallize|p2b: Raging Bolt|Electric\n|move|p1a: Iron Bundle|Protect|p1a: Iron Bundle\n|-singleturn|p1a: Iron Bundle|Protect\n|move|p2a: Koraidon|Flame Charge|p1a: Iron Bundle\n|-activate|p1a: Iron Bundle|move: Protect\n|move|p2b: Raging Bolt|Electroweb|p1b: Incineroar|[spread] p1b\n|-activate|p1a: Iron Bundle|move: Protect\n|-damage|p1b: Incineroar|72/100\n|-unboost|p1b: Incineroar|spe|1\n|\n|-weather|SunnyDay|[upkeep]\n|upkeep\n|turn|2\n|inactive|canadadryafk has 30 seconds left.\n|inactive|Clickster1 has 30 seconds left.\n|inactive|canadadryafk has 20 seconds left.\n|\n|t:|1746049116\n|switch|p2a: Chi-Yu|Chi-Yu, L50|100/100\n|-ability|p2a: Chi-Yu|Beads of Ruin\n|move|p1a: Iron Bundle|Icy Wind|p2b: Raging Bolt|[spread] p2a,p2b\n|-resisted|p2a: Chi-Yu\n|-damage|p2a: Chi-Yu|89/100\n|-damage|p2b: Raging Bolt|85/100\n|-unboost|p2a: Chi-Yu|spe|1\n|-unboost|p2b: Raging Bolt|spe|1\n|move|p2b: Raging Bolt|Electroweb|p1a: Iron Bundle|[spread] p1a,p1b\n|-supereffective|p1a: Iron Bundle\n|-enditem|p1a: Iron Bundle|Focus Sash\n|-damage|p1a: Iron Bundle|1/100\n|-damage|p1b: Incineroar|28/100\n|-unboost|p1a: Iron Bundle|spe|1\n|-unboost|p1b: Incineroar|spe|1\n|move|p1b: Incineroar|U-turn|p2b: Raging Bolt\n|-damage|p2b: Raging Bolt|68/100\n|\n|t:|1746049132\n|switch|p1b: Miraidon|Miraidon, L50|100/100|[from] U-turn\n|-activate|p1b: Miraidon|ability: Hadron Engine\n|\n|-weather|SunnyDay|[upkeep]\n|upkeep\n|turn|3\n|\n|t:|1746049156\n|-end|p1a: Iron Bundle|Quark Drive|[silent]\n|switch|p1a: Incineroar|Incineroar, L50, M|28/100\n|-ability|p1a: Incineroar|Intimidate|boost\n|-unboost|p2a: Chi-Yu|atk|1\n|-unboost|p2b: Raging Bolt|atk|1\n|move|p1b: Miraidon|Volt Switch|p2a: Chi-Yu\n|-damage|p2a: Chi-Yu|0 fnt\n|faint|p2a: Chi-Yu\n|\n|t:|1746049166\n|switch|p1b: Zacian|Zacian-Crowned, L50|100/100|[from] Volt Switch\n|-ability|p1b: Zacian|Intrepid Sword|boost\n|-boost|p1b: Zacian|atk|1\n|move|p2b: Raging Bolt|Electroweb|p1b: Zacian|[spread] p1a,p1b\n|-damage|p1a: Incineroar|0 fnt\n|-damage|p1b: Zacian|56/100\n|-unboost|p1b: Zacian|spe|1\n|faint|p1a: Incineroar\n|\n|-weather|SunnyDay|[upkeep]\n|upkeep\n|\n|t:|1746049178\n|switch|p2a: Koraidon|Koraidon, L50|100/100\n|switch|p1a: Iron Bundle|Iron Bundle, L50|1/100\n|-activate|p2a: Koraidon|ability: Orichalcum Pulse\n|-activate|p1a: Iron Bundle|ability: Quark Drive\n|-start|p1a: Iron Bundle|quarkdrivespe\n|turn|4\n|inactive|canadadryafk has 30 seconds left.\n|\n|t:|1746049207\n|-terastallize|p1b: Zacian|Dragon\n|move|p2b: Raging Bolt|Thunderclap|p1a: Iron Bundle\n|-supereffective|p1a: Iron Bundle\n|-damage|p1a: Iron Bundle|0 fnt\n|faint|p1a: Iron Bundle\n|-end|p1a: Iron Bundle|Quark Drive|[silent]\n|move|p2a: Koraidon|Flame Charge|p1b: Zacian\n|-resisted|p1b: Zacian\n|-damage|p1b: Zacian|34/100\n|-boost|p2a: Koraidon|spe|1\n|-damage|p2a: Koraidon|91/100|[from] item: Life Orb\n|move|p1b: Zacian|Play Rough|p2b: Raging Bolt\n|-damage|p2b: Raging Bolt|0 fnt\n|faint|p2b: Raging Bolt\n|-end|p2b: Raging Bolt|Protosynthesis|[silent]\n|\n|-weather|SunnyDay|[upkeep]\n|upkeep\n|\n|t:|1746049220\n|switch|p1a: Miraidon|Miraidon, L50|100/100\n|switch|p2b: Brute Bonnet|Brute Bonnet, L50|100/100\n|-activate|p1a: Miraidon|ability: Hadron Engine\n|-activate|p2b: Brute Bonnet|ability: Protosynthesis\n|-start|p2b: Brute Bonnet|protosynthesisdef\n|turn|5\n|\n|t:|1746049238\n|move|p2b: Brute Bonnet|Sucker Punch|p1a: Miraidon\n|-damage|p1a: Miraidon|67/100\n|move|p2a: Koraidon|Close Combat|p1a: Miraidon\n|-damage|p1a: Miraidon|0 fnt\n|-unboost|p2a: Koraidon|def|1\n|-unboost|p2a: Koraidon|spd|1\n|faint|p1a: Miraidon\n|-damage|p2a: Koraidon|82/100|[from] item: Life Orb\n|move|p1b: Zacian|Play Rough|p2a: Koraidon\n|-supereffective|p2a: Koraidon\n|-damage|p2a: Koraidon|0 fnt\n|faint|p2a: Koraidon\n|\n|-weather|none\n|-end|p2b: Brute Bonnet|Protosynthesis\n|-fieldend|move: Electric Terrain\n|upkeep\n|turn|6\n|\n|t:|1746049258\n|move|p1b: Zacian|Play Rough|p2b: Brute Bonnet\n|-supereffective|p2b: Brute Bonnet\n|-damage|p2b: Brute Bonnet|12/100\n|move|p2b: Brute Bonnet|Spore|p1b: Zacian\n|-status|p1b: Zacian|slp|[from] move: Spore\n|\n|upkeep\n|turn|7\n|\n|t:|1746049266\n|move|p2b: Brute Bonnet|Sucker Punch|p1b: Zacian\n|-crit|p1b: Zacian\n|-damage|p1b: Zacian|0 fnt\n|faint|p1b: Zacian\n|\n|win|Clickster1\n|raw|canadadryafk's rating: 1115 &rarr; <strong>1085</strong><br />(-30 for losing)\n|raw|Clickster1's rating: 1040 &rarr; <strong>1081</strong><br />(+41 for winning)\n|c|\u2606Clickster1|ggs\n|l|\u2606canadadryafk\n|player|p1|\n", "uploadtime": 1746049273, "views": 9, "formatid": "gen9vgc2025regibo3", "rating": 1081, "private": 0, "password": null}