{"id": "gen9vgc2025regibo3-2353705717", "format": "[Gen 9] VGC 2025 Reg I (Bo3)", "players": ["Epiphany850", "she shawty"], "log": "|j|\u2606Epiphany850\n|j|\u2606she shawty\n|html|<table width=\"100%\"><tr><td align=\"left\">Epiphany850</td><td align=\"right\">she shawty</tr><tr><td align=\"left\"><i class=\"fa fa-circle-o\"></i> <i class=\"fa fa-circle-o\"></i> </td><td align=\"right\"><i class=\"fa fa-circle-o\"></i> <i class=\"fa fa-circle\"></i> </tr></table>\n|uhtml|bestof|<h2><strong>Game 2</strong> of <a href=\"/game-bestof3-gen9vgc2025regibo3-2353703101\">a best-of-3</a></h2>\n|t:|1745986209\n|gametype|doubles\n|player|p1|Epiphany850|170|1145\n|player|p2|she shawty|265|1161\n|teamsize|p1|6\n|teamsize|p2|6\n|gen|9\n|tier|[Gen 9] VGC 2025 Reg I (Bo3)\n|rated|\n|rule|Species Clause: Limit one of each Pok\u00e9mon\n|rule|Item Clause: Limit 1 of each item\n|clearpoke\n|poke|p1|Koraidon, L50|\n|poke|p1|Lunala, L50|\n|poke|p1|Raging Bolt, L50|\n|poke|p1|Chi-Yu, L50|\n|poke|p1|Tornadus, L50, M|\n|poke|p1|Brute Bonnet, L50|\n|poke|p2|Calyrex-Shadow, L50|\n|poke|p2|Terapagos, L50, M|\n|poke|p2|Incineroar, L50, F|\n|poke|p2|Rillaboom, L50, F|\n|poke|p2|Amoonguss, L50, F|\n|poke|p2|Urshifu-*, L50, M|\n|teampreview|4\n|showteam|p1|Koraidon||LifeOrb|OrichalcumPulse|FlareBlitz,FlameCharge,CloseCombat,Protect||||||50|,,,,,Fire]Lunala||PowerHerb|ShadowShield|MeteorBeam,WideGuard,MoongeistBeam,TrickRoom||||||50|,,,,,Fairy]Raging Bolt||AssaultVest|Protosynthesis|Thunderclap,Thunderbolt,DracoMeteor,Electroweb||||||50|,,,,,Fairy]Chi-Yu||ChoiceScarf|BeadsofRuin|Overheat,HeatWave,Snarl,DarkPulse||||||50|,,,,,Ghost]Tornadus||SafetyGoggles|Prankster|Tailwind,Taunt,Protect,BleakwindStorm|||M|||50|,,,,,Ghost]Brute Bonnet||CovertCloak|Protosynthesis|Spore,RagePowder,SeedBomb,SuckerPunch||||||50|,,,,,Water\n|showteam|p2|Calyrex-Shadow||FocusSash|AsOneSpectrier|AstralBarrage,WillOWisp,Disable,Protect||||||50|,,,,,Ghost]Terapagos||CovertCloak|TeraShift|TeraStarstorm,EarthPower,CalmMind,Protect|||M|||50|,,,,,Stellar]Incineroar||SafetyGoggles|Intimidate|WillOWisp,KnockOff,FakeOut,PartingShot|||F|||50|,,,,,Bug]Rillaboom||AssaultVest|GrassySurge|FakeOut,WoodHammer,Uturn,GrassyGlide|||F|||50|,,,,,Grass]Amoonguss||RockyHelmet|Regenerator|Protect,Spore,RagePowder,SludgeBomb|||F|||50|,,,,,Water]Urshifu-Rapid-Strike||ChoiceScarf|UnseenFist|RockTomb,SurgingStrikes,Uturn,CloseCombat|||M|||50|,,,,,Water\n|inactive|Battle timer is ON: inactive players will automatically lose when time's up. (requested by she shawty)\n|\n|t:|1745986236\n|start\n|switch|p1a: Chi-Yu|Chi-Yu, L50|100/100\n|switch|p1b: Raging Bolt|Raging Bolt, L50|100/100\n|switch|p2a: Terapagos|Terapagos, L50, M|100/100\n|switch|p2b: Calyrex|Calyrex-Shadow, L50|100/100\n|-activate|p2a: Terapagos|ability: Tera Shift\n|detailschange|p2a: Terapagos|Terapagos-Terastal, L50, M\n|-heal|p2a: Terapagos|100/100|[silent]\n|-ability|p2b: Calyrex|As One\n|-ability|p2b: Calyrex|Unnerve\n|-ability|p1a: Chi-Yu|Beads of Ruin\n|turn|1\n|inactive|Epiphany850 has 30 seconds left.\n|inactive|she shawty has 30 seconds left.\n|inactive|Epiphany850 has 20 seconds left.\n|inactive|she shawty has 20 seconds left.\n|inactive|Epiphany850 has 15 seconds left.\n|inactive|she shawty has 15 seconds left.\n|\n|t:|1745986280\n|move|p2b: Calyrex|Protect|p2b: Calyrex\n|-singleturn|p2b: Calyrex|Protect\n|move|p1a: Chi-Yu|Snarl|p2b: Calyrex|[spread] p2a\n|-activate|p2b: Calyrex|move: Protect\n|-activate|p2a: Terapagos|ability: Tera Shell\n|-resisted|p2a: Terapagos\n|-damage|p2a: Terapagos|88/100\n|move|p2a: Terapagos|Calm Mind|p2a: Terapagos\n|-boost|p2a: Terapagos|spa|1\n|-boost|p2a: Terapagos|spd|1\n|move|p1b: Raging Bolt|Electroweb|p2b: Calyrex|[spread] p2a\n|-activate|p2b: Calyrex|move: Protect\n|-crit|p2a: Terapagos\n|-damage|p2a: Terapagos|49/100\n|\n|upkeep\n|turn|2\n|inactive|Epiphany850 has 30 seconds left.\n|\n|t:|1745986309\n|switch|p2b: Incineroar|Incineroar, L50, F|100/100\n|-ability|p2b: Incineroar|Intimidate|boost\n|-unboost|p1a: Chi-Yu|atk|1\n|-unboost|p1b: Raging Bolt|atk|1\n|move|p1a: Chi-Yu|Snarl|p2a: Terapagos|[spread] p2a,p2b\n|-resisted|p2b: Incineroar\n|-damage|p2a: Terapagos|31/100\n|-damage|p2b: Incineroar|88/100\n|-unboost|p2b: Incineroar|spa|1\n|move|p2a: Terapagos|Earth Power|p1a: Chi-Yu\n|-supereffective|p1a: Chi-Yu\n|-damage|p1a: Chi-Yu|17/100\n|move|p1b: Raging Bolt|Electroweb|p2a: Terapagos|[spread] p2a,p2b\n|-damage|p2a: Terapagos|12/100\n|-damage|p2b: Incineroar|62/100\n|-unboost|p2b: Incineroar|spe|1\n|\n|upkeep\n|turn|3\n|inactive|Epiphany850 has 30 seconds left.\n|inactive|she shawty has 30 seconds left.\n|inactive|Epiphany850 has 20 seconds left.\n|\n|t:|1745986348\n|switch|p1a: Koraidon|Koraidon, L50|100/100\n|-weather|SunnyDay|[from] ability: Orichalcum Pulse|[of] p1a: Koraidon\n|-activate|p1b: Raging Bolt|ability: Protosynthesis\n|-start|p1b: Raging Bolt|protosynthesisspa\n|-activate|p1a: Koraidon|Orichalcum Pulse|[source]\n|-terastallize|p2a: Terapagos|Stellar\n|detailschange|p2a: Terapagos|Terapagos-Stellar, L50, M, tera:Stellar\n|-heal|p2a: Terapagos|34/100|[silent]\n|-ability|p2a: Terapagos|Teraform Zero\n|-weather|none\n|-end|p1b: Raging Bolt|Protosynthesis\n|move|p2b: Incineroar|Fake Out|p1a: Koraidon\n|-damage|p1a: Koraidon|91/100\n|move|p2a: Terapagos|Tera Starstorm|p1a: Koraidon|[spread] p1a,p1b\n|-damage|p1a: Koraidon|38/100\n|-damage|p1b: Raging Bolt|70/100\n|move|p1b: Raging Bolt|Electroweb|p2a: Terapagos|[spread] p2a,p2b\n|-damage|p2a: Terapagos|24/100\n|-damage|p2b: Incineroar|44/100\n|-unboost|p2b: Incineroar|spe|1\n|\n|upkeep\n|turn|4\n|inactive|Epiphany850 has 30 seconds left.\n|inactive|she shawty has 30 seconds left.\n|inactive|Epiphany850 has 20 seconds left.\n|inactive|Epiphany850 has 15 seconds left.\n|inactive|Epiphany850 has 10 seconds left.\n|inactive|Epiphany850 has 5 seconds left.\n|inactive|she shawty has 20 seconds left.\n|inactive|she shawty has 15 seconds left.\n|\n|t:|1745986403\n|move|p2a: Terapagos|Protect|p2a: Terapagos\n|-singleturn|p2a: Terapagos|Protect\n|move|p1a: Koraidon|Flare Blitz|p2a: Terapagos\n|-activate|p2a: Terapagos|move: Protect\n|move|p1b: Raging Bolt|Electroweb|p2a: Terapagos|[spread] p2b\n|-activate|p2a: Terapagos|move: Protect\n|-damage|p2b: Incineroar|23/100\n|-unboost|p2b: Incineroar|spe|1\n|move|p2b: Incineroar|Parting Shot|p1a: Koraidon\n|-unboost|p1a: Koraidon|atk|1\n|-unboost|p1a: Koraidon|spa|1\n|\n|t:|1745986410\n|switch|p2b: Amoonguss|Amoonguss, L50, F|100/100|[from] Parting Shot\n|\n|upkeep\n|turn|5\n|inactive|Epiphany850 has 30 seconds left.\n|inactive|Epiphany850 has 20 seconds left.\n|inactive|Epiphany850 has 15 seconds left.\n|inactive|Epiphany850 has 10 seconds left.\n|inactive|Epiphany850 has 5 seconds left.\n|\n|t:|1745986463\n|switch|p1a: Chi-Yu|Chi-Yu, L50|17/100\n|-ability|p1a: Chi-Yu|Beads of Ruin\n|move|p2b: Amoonguss|Rage Powder|p2b: Amoonguss\n|-singleturn|p2b: Amoonguss|move: Rage Powder\n|move|p2a: Terapagos|Tera Starstorm|p1b: Raging Bolt|[spread] p1a,p1b\n|-damage|p1a: Chi-Yu|0 fnt\n|-damage|p1b: Raging Bolt|28/100\n|faint|p1a: Chi-Yu\n|move|p1b: Raging Bolt|Electroweb|p2b: Amoonguss|[spread] p2a,p2b\n|-resisted|p2b: Amoonguss\n|-damage|p2a: Terapagos|14/100\n|-damage|p2b: Amoonguss|91/100\n|-unboost|p2b: Amoonguss|spe|1\n|\n|upkeep\n|\n|t:|1745986485\n|switch|p1a: Koraidon|Koraidon, L50|38/100\n|-weather|SunnyDay|[from] ability: Orichalcum Pulse|[of] p1a: Koraidon\n|-activate|p1b: Raging Bolt|ability: Protosynthesis\n|-start|p1b: Raging Bolt|protosynthesisspa\n|-activate|p1a: Koraidon|Orichalcum Pulse|[source]\n|turn|6\n|inactive|Epiphany850 has 30 seconds left.\n|inactive|she shawty has 30 seconds left.\n|inactive|Epiphany850 has 20 seconds left.\n|inactive|she shawty has 20 seconds left.\n|inactive|she shawty has 15 seconds left.\n|\n|t:|1745986525\n|switch|p2a: Incineroar|Incineroar, L50, F|23/100\n|-ability|p2a: Incineroar|Intimidate|boost\n|-unboost|p1a: Koraidon|atk|1\n|-unboost|p1b: Raging Bolt|atk|1\n|move|p2b: Amoonguss|Protect|p2b: Amoonguss\n|-singleturn|p2b: Amoonguss|Protect\n|move|p1b: Raging Bolt|Thunderclap||[still]\n|-fail|p1b: Raging Bolt\n|move|p1a: Koraidon|Flare Blitz|p2b: Amoonguss\n|-activate|p2b: Amoonguss|move: Protect\n|\n|-weather|SunnyDay|[upkeep]\n|upkeep\n|turn|7\n|inactive|Epiphany850 has 30 seconds left.\n|\n|t:|1745986552\n|move|p1a: Koraidon|Protect|p1a: Koraidon\n|-singleturn|p1a: Koraidon|Protect\n|move|p2a: Incineroar|Fake Out|p1b: Raging Bolt\n|-damage|p1b: Raging Bolt|19/100\n|cant|p1b: Raging Bolt|flinch\n|move|p2b: Amoonguss|Spore|p1a: Koraidon\n|-activate|p1a: Koraidon|move: Protect\n|\n|-weather|SunnyDay|[upkeep]\n|upkeep\n|turn|8\n|inactive|Epiphany850 has 30 seconds left.\n|inactive|Epiphany850 has 20 seconds left.\n|\n|t:|1745986589\n|switch|p2a: Terapagos|Terapagos-Stellar, L50, M, tera:Stellar|14/100\n|-terastallize|p1a: Koraidon|Fire\n|move|p2b: Amoonguss|Protect|p2b: Amoonguss\n|-singleturn|p2b: Amoonguss|Protect\n|move|p1a: Koraidon|Flame Charge|p2a: Terapagos\n|-damage|p2a: Terapagos|0 fnt\n|-boost|p1a: Koraidon|spe|1\n|faint|p2a: Terapagos\n|-damage|p1a: Koraidon|28/100|[from] item: Life Orb\n|move|p1b: Raging Bolt|Draco Meteor|p2b: Amoonguss\n|-activate|p2b: Amoonguss|move: Protect\n|\n|-weather|SunnyDay|[upkeep]\n|upkeep\n|\n|t:|1745986602\n|switch|p2a: Incineroar|Incineroar, L50, F|23/100\n|-ability|p2a: Incineroar|Intimidate|boost\n|-unboost|p1a: Koraidon|atk|1\n|-unboost|p1b: Raging Bolt|atk|1\n|turn|9\n|\n|t:|1745986623\n|move|p2a: Incineroar|Fake Out|p1b: Raging Bolt\n|-damage|p1b: Raging Bolt|11/100\n|move|p1a: Koraidon|Flare Blitz|p2a: Incineroar\n|-resisted|p2a: Incineroar\n|-damage|p2a: Incineroar|0 fnt\n|faint|p2a: Incineroar\n|-damage|p1a: Koraidon|20/100|[from] Recoil\n|-damage|p1a: Koraidon|10/100|[from] item: Life Orb\n|cant|p1b: Raging Bolt|flinch\n|move|p2b: Amoonguss|Sludge Bomb|p1b: Raging Bolt\n|-damage|p1b: Raging Bolt|0 fnt\n|faint|p1b: Raging Bolt\n|-end|p1b: Raging Bolt|Protosynthesis|[silent]\n|\n|-weather|SunnyDay|[upkeep]\n|upkeep\n|\n|t:|1745986637\n|switch|p1b: Lunala|Lunala, L50|100/100\n|switch|p2a: Calyrex|Calyrex-Shadow, L50|100/100\n|-ability|p2a: Calyrex|As One\n|-ability|p2a: Calyrex|Unnerve\n|turn|10\n|inactive|Epiphany850 has 30 seconds left.\n|inactive|she shawty has 30 seconds left.\n|inactive|Epiphany850 has 20 seconds left.\n|inactive|she shawty has 20 seconds left.\n|inactive|Epiphany850 has 15 seconds left.\n|inactive|she shawty has 15 seconds left.\n|inactive|Epiphany850 has 10 seconds left.\n|inactive|she shawty has 10 seconds left.\n|inactive|Epiphany850 has 5 seconds left.\n|\n|t:|1745986687\n|move|p2a: Calyrex|Protect|p2a: Calyrex\n|-singleturn|p2a: Calyrex|Protect\n|move|p1a: Koraidon|Flare Blitz|p2b: Amoonguss\n|-supereffective|p2b: Amoonguss\n|-damage|p2b: Amoonguss|0 fnt\n|-damage|p1a: Koraidon|0 fnt|[from] item: Rocky Helmet|[of] p2b: Amoonguss\n|faint|p2b: Amoonguss\n|faint|p1a: Koraidon\n|move|p1b: Lunala|Moongeist Beam|p2a: Calyrex\n|-activate|p2a: Calyrex|move: Protect\n|\n|-weather|none\n|upkeep\n|turn|11\n|inactive|Epiphany850 has 25 seconds left this turn.\n|inactive|Epiphany850 has 20 seconds left.\n|inactive|Epiphany850 has 15 seconds left.\n|\n|t:|1745986699\n|move|p2a: Calyrex|Disable|p1b: Lunala\n|-start|p1b: Lunala|Disable|Moongeist Beam\n|cant|p1b: Lunala|Disable|Moongeist Beam\n|\n|upkeep\n|turn|12\n|inactive|Epiphany850 has 15 seconds left this turn.\n|inactive|Epiphany850 has 10 seconds left.\n|\n|t:|1745986712\n|move|p2a: Calyrex|Protect|p2a: Calyrex\n|-singleturn|p2a: Calyrex|Protect\n|move|p1b: Lunala|Meteor Beam||[still]\n|-prepare|p1b: Lunala|Meteor Beam\n|-boost|p1b: Lunala|spa|1\n|-enditem|p1b: Lunala|Power Herb\n|-anim|p1b: Lunala|Meteor Beam|p2a: Calyrex\n|-activate|p2a: Calyrex|move: Protect\n|\n|upkeep\n|turn|13\n|inactive|Epiphany850 has 10 seconds left this turn.\n|inactive|Epiphany850 has 5 seconds left.\n|\n|t:|1745986721\n|move|p1b: Lunala|Wide Guard|p1b: Lunala\n|-singleturn|p1b: Lunala|Wide Guard\n|move|p2a: Calyrex|Astral Barrage|p1b: Lunala\n|-activate|p1b: Lunala|move: Wide Guard\n|\n|upkeep\n|turn|14\n|inactive|Epiphany850 has 5 seconds left this turn.\n|-message|Epiphany850 lost due to inactivity.\n|\n|win|she shawty\n|raw|Epiphany850's rating: 1145 &rarr; <strong>1121</strong><br />(-24 for losing)\n|raw|she shawty's rating: 1161 &rarr; <strong>1185</strong><br />(+24 for winning)\n|l|\u2606Epiphany850\n|player|p1|\n", "uploadtime": 1745987001, "views": 6, "formatid": "gen9vgc2025regibo3", "rating": 1121, "private": 0, "password": null}