{"id": "gen9vgc2025regibo3-2353475225", "format": "[Gen 9] VGC 2025 Reg I (Bo3)", "players": ["erusaki", "dman12352"], "log": "|j|\u203derusaki\n|j|\u2606dman12352\n|html|<table width=\"100%\"><tr><td align=\"left\">erusaki</td><td align=\"right\">dman12352</tr><tr><td align=\"left\"><i class=\"fa fa-circle\"></i> <i class=\"fa fa-circle-o\"></i> </td><td align=\"right\"><i class=\"fa fa-circle-o\"></i> <i class=\"fa fa-circle\"></i> </tr></table>\n|uhtml|bestof|<h2><strong>Game 3</strong> of <a href=\"/game-bestof3-gen9vgc2025regibo3-2353469852\">a best-of-3</a></h2>\n|t:|1745959372\n|gametype|doubles\n|player|p1|erusaki|brock|1148\n|player|p2|dman12352|brycenman|1158\n|teamsize|p1|6\n|teamsize|p2|6\n|gen|9\n|tier|[Gen 9] VGC 2025 Reg I (Bo3)\n|rated|\n|rule|Species Clause: Limit one of each Pok\u00e9mon\n|rule|Item Clause: Limit 1 of each item\n|clearpoke\n|poke|p1|Kyurem-White, L50|\n|poke|p1|Ninetales-Alola, L50, M|\n|poke|p1|Urshifu-*, L50, F|\n|poke|p1|Tornadus, L50, M|\n|poke|p1|Rillaboom, L50, M|\n|poke|p1|Lunala, L50|\n|poke|p2|Amoonguss, L50, M|\n|poke|p2|Incineroar, L50, M|\n|poke|p2|Calyrex-Shadow, L50|\n|poke|p2|Iron Bundle, L50|\n|poke|p2|Koraidon, L50|\n|poke|p2|Raging Bolt, L50|\n|teampreview|4\n|showteam|p1|Kyurem-White||ChoiceSpecs|Turboblaze|Blizzard,DracoMeteor,FusionFlare,EarthPower||||||50|,,,,,Ice]Ninetales-Alola||LightClay|SnowWarning|AuroraVeil,Encore,Moonblast,Protect|||M|||50|,,,,,Fire]Urshifu-Rapid-Strike||MysticWater|UnseenFist|SurgingStrikes,CloseCombat,Taunt,Detect|||F|||50|,,,,,Stellar]Tornadus||CovertCloak|Prankster|BleakwindStorm,Tailwind,Snowscape,Protect|||M|||50|,,,,,Dark]Rillaboom||AssaultVest|GrassySurge|WoodHammer,GrassyGlide,FakeOut,Uturn|||M|||50|,,,,,Fire]Lunala||PowerHerb|ShadowShield|MoongeistBeam,MeteorBeam,WideGuard,TrickRoom||||||50|,,,,,Fairy\n|showteam|p2|Amoonguss||RockyHelmet|Regenerator|SludgeBomb,Spore,Protect,RagePowder|||M|||50|,,,,,Water]Incineroar||SafetyGoggles|Intimidate|FlareBlitz,KnockOff,FakeOut,PartingShot|||M|||50|,,,,,Bug]Calyrex-Shadow||FocusSash|AsOneSpectrier|AstralBarrage,Psychic,Protect,NastyPlot||||||50|,,,,,Ghost]Iron Bundle||BoosterEnergy|QuarkDrive|FreezeDry,IcyWind,Protect,Encore||||||50|,,,,,Ghost]Koraidon||ClearAmulet|OrichalcumPulse|CollisionCourse,FlareBlitz,FlameCharge,Protect||||||50|,,,,,Fire]Raging Bolt||AssaultVest|Protosynthesis|VoltSwitch,DracoMeteor,Thunderclap,Snarl||||||50|,,,,,Fairy\n|inactive|Battle timer is ON: inactive players will automatically lose when time's up. (requested by dman12352)\n|inactive|erusaki has 60 seconds left.\n|\n|t:|1745959403\n|start\n|switch|p1a: Ninetales|Ninetales-Alola, L50, M|100/100\n|switch|p1b: Lunala|Lunala, L50|100/100\n|switch|p2a: Calyrex|Calyrex-Shadow, L50|100/100\n|switch|p2b: Iron Bundle|Iron Bundle, L50|100/100\n|-ability|p2a: Calyrex|As One\n|-ability|p2a: Calyrex|Unnerve\n|-weather|Snowscape|[from] ability: Snow Warning|[of] p1a: Ninetales\n|-enditem|p2b: Iron Bundle|Booster Energy\n|-activate|p2b: Iron Bundle|ability: Quark Drive|[fromitem]\n|-start|p2b: Iron Bundle|quarkdrivespe\n|turn|1\n|inactive|erusaki has 30 seconds left.\n|\n|t:|1745959432\n|-terastallize|p1b: Lunala|Fairy\n|move|p2b: Iron Bundle|Freeze-Dry|p1b: Lunala\n|-damage|p1b: Lunala|89/100\n|move|p2a: Calyrex|Psychic|p1a: Ninetales\n|-damage|p1a: Ninetales|49/100\n|move|p1a: Ninetales|Aurora Veil|p1a: Ninetales\n|-sidestart|p1: erusaki|move: Aurora Veil\n|move|p1b: Lunala|Trick Room|p1b: Lunala\n|-fieldstart|move: Trick Room|[of] p1b: Lunala\n|\n|-weather|Snowscape|[upkeep]\n|upkeep\n|turn|2\n|\n|t:|1745959454\n|switch|p2a: Raging Bolt|Raging Bolt, L50|100/100\n|move|p1b: Lunala|Meteor Beam||[still]\n|-prepare|p1b: Lunala|Meteor Beam\n|-boost|p1b: Lunala|spa|1\n|-enditem|p1b: Lunala|Power Herb\n|-anim|p1b: Lunala|Meteor Beam|p2b: Iron Bundle\n|-supereffective|p2b: Iron Bundle\n|-damage|p2b: Iron Bundle|0 fnt\n|faint|p2b: Iron Bundle\n|-end|p2b: Iron Bundle|Quark Drive|[silent]\n|move|p1a: Ninetales|Moonblast|p2a: Raging Bolt\n|-supereffective|p2a: Raging Bolt\n|-damage|p2a: Raging Bolt|68/100\n|\n|-weather|Snowscape|[upkeep]\n|upkeep\n|\n|t:|1745959463\n|switch|p2b: Koraidon|Koraidon, L50|100/100\n|-weather|SunnyDay|[from] ability: Orichalcum Pulse|[of] p2b: Koraidon\n|-activate|p2a: Raging Bolt|ability: Protosynthesis\n|-start|p2a: Raging Bolt|protosynthesisspa\n|-activate|p2b: Koraidon|Orichalcum Pulse|[source]\n|turn|3\n|inactive|erusaki has 30 seconds left.\n|\n|t:|1745959492\n|switch|p1a: Tornadus|Tornadus, L50, M|100/100\n|-terastallize|p2b: Koraidon|Fire\n|move|p2a: Raging Bolt|Volt Switch|p1b: Lunala\n|-damage|p1b: Lunala|66/100\n|inactive|dman12352 has 30 seconds left.\n|\n|t:|1745959517\n|-end|p2a: Raging Bolt|Protosynthesis|[silent]\n|switch|p2a: Calyrex|Calyrex-Shadow, L50|100/100|[from] Volt Switch\n|-ability|p2a: Calyrex|As One\n|-ability|p2a: Calyrex|Unnerve\n|move|p1b: Lunala|Moongeist Beam|p2b: Koraidon\n|-damage|p2b: Koraidon|24/100\n|move|p2b: Koraidon|Flare Blitz|p1a: Tornadus\n|-damage|p1a: Tornadus|0 fnt\n|faint|p1a: Tornadus\n|-damage|p2b: Koraidon|0 fnt|[from] Recoil\n|faint|p2b: Koraidon\n|\n|-weather|SunnyDay|[upkeep]\n|upkeep\n|\n|t:|1745959541\n|switch|p1a: Kyurem|Kyurem-White, L50|100/100\n|switch|p2b: Raging Bolt|Raging Bolt, L50|68/100\n|-ability|p1a: Kyurem|Turboblaze\n|-activate|p2b: Raging Bolt|ability: Protosynthesis\n|-start|p2b: Raging Bolt|protosynthesisspa\n|turn|4\n|\n|t:|1745959558\n|move|p2b: Raging Bolt|Draco Meteor|p1a: Kyurem\n|-supereffective|p1a: Kyurem\n|-damage|p1a: Kyurem|4/100\n|-unboost|p2b: Raging Bolt|spa|2\n|move|p1a: Kyurem|Blizzard|p2b: Raging Bolt|[spread] p2b\n|-miss|p1a: Kyurem|p2a: Calyrex\n|-supereffective|p2b: Raging Bolt\n|-crit|p2b: Raging Bolt\n|-damage|p2b: Raging Bolt|0 fnt\n|faint|p2b: Raging Bolt\n|-end|p2b: Raging Bolt|Protosynthesis|[silent]\n|move|p1b: Lunala|Moongeist Beam|p2a: Calyrex\n|-supereffective|p2a: Calyrex\n|-enditem|p2a: Calyrex|Focus Sash\n|-damage|p2a: Calyrex|1/100\n|move|p2a: Calyrex|Astral Barrage|p1b: Lunala|[spread] p1a,p1b\n|-damage|p1a: Kyurem|0 fnt\n|-damage|p1b: Lunala|40/100\n|faint|p1a: Kyurem\n|-ability|p2a: Calyrex|Grim Neigh|boost\n|-boost|p2a: Calyrex|spa|1\n|\n|-weather|SunnyDay|[upkeep]\n|upkeep\n|c|\u2606dman12352|that crit matters\n|\n|t:|1745959580\n|switch|p1a: Ninetales|Ninetales-Alola, L50, M|49/100\n|-weather|Snowscape|[from] ability: Snow Warning|[of] p1a: Ninetales\n|turn|5\n|c|\u2606dman12352|thats annoying\n|inactive|erusaki has 30 seconds left.\n|\n|t:|1745959612\n|move|p2a: Calyrex|Protect|p2a: Calyrex\n|-singleturn|p2a: Calyrex|Protect\n|move|p1b: Lunala|Moongeist Beam|p2a: Calyrex\n|-activate|p2a: Calyrex|move: Protect\n|move|p1a: Ninetales|Moonblast|p2a: Calyrex\n|-activate|p2a: Calyrex|move: Protect\n|\n|-weather|Snowscape|[upkeep]\n|-fieldend|move: Trick Room\n|upkeep\n|turn|6\n|c|\u2606dman12352|welp\n|c|\u2606dman12352|this is gonna be a roll\n|\n|t:|1745959625\n|move|p2a: Calyrex|Astral Barrage|p1b: Lunala|[spread] p1a,p1b\n|-damage|p1a: Ninetales|0 fnt\n|-damage|p1b: Lunala|5/100\n|faint|p1a: Ninetales\n|-ability|p2a: Calyrex|Grim Neigh|boost\n|-boost|p2a: Calyrex|spa|1\n|move|p1b: Lunala|Moongeist Beam|p2a: Calyrex\n|-supereffective|p2a: Calyrex\n|-damage|p2a: Calyrex|0 fnt\n|faint|p2a: Calyrex\n|\n|win|erusaki\n|raw|erusaki's rating: 1148 &rarr; <strong>1174</strong><br />(+26 for winning)\n|raw|dman12352's rating: 1158 &rarr; <strong>1132</strong><br />(-26 for losing)\n|c|\u2606dman12352|ggs'\n|l|\u2606dman12352\n|player|p2|\n|l|\u203derusaki\n|player|p1|\n", "uploadtime": 1745959926, "views": 7, "formatid": "gen9vgc2025regibo3", "rating": 1132, "private": 0, "password": null}