{"id": "gen9vgc2025regibo3-2354679981", "format": "[Gen 9] VGC 2025 Reg I (Bo3)", "players": ["Cpt.Bubatz", "ImYouDuplica"], "log": "|j|\u2606Cpt.Bubatz\n|j|\u2606ImYouDuplica\n|html|<table width=\"100%\"><tr><td align=\"left\">Cpt.Bubatz</td><td align=\"right\">ImYouDuplica</tr><tr><td align=\"left\"><i class=\"fa fa-circle-o\"></i> <i class=\"fa fa-circle-o\"></i> </td><td align=\"right\"><i class=\"fa fa-circle-o\"></i> <i class=\"fa fa-circle-o\"></i> </tr></table>\n|uhtml|bestof|<h2><strong>Game 1</strong> of <a href=\"/game-bestof3-gen9vgc2025regibo3-2354679976\">a best-of-3</a></h2>\n|t:|1746110066\n|gametype|doubles\n|player|p1|Cpt.Bubatz|aaron|1075\n|player|p2|ImYouDuplica|janitor|1127\n|teamsize|p1|6\n|teamsize|p2|6\n|gen|9\n|tier|[Gen 9] VGC 2025 Reg I (Bo3)\n|rated|\n|rule|Species Clause: Limit one of each Pok\u00e9mon\n|rule|Item Clause: Limit 1 of each item\n|clearpoke\n|poke|p1|Lunala, L50|\n|poke|p1|Ursaluna, L50, M|\n|poke|p1|Koraidon, L50|\n|poke|p1|Flutter Mane, L50|\n|poke|p1|Chien-Pao, L50|\n|poke|p1|Ogerpon-Cornerstone, L50, F|\n|poke|p2|Incineroar, L50, F|\n|poke|p2|Ogerpon-Cornerstone, L50, F|\n|poke|p2|Ditto, L50|\n|poke|p2|Raging Bolt, L50|\n|poke|p2|Koraidon, L50|\n|poke|p2|Lunala, L50|\n|teampreview|4\n|showteam|p1|Lunala||PowerHerb|ShadowShield|MoongeistBeam,MeteorBeam,TrickRoom,WideGuard||||||50|,,,,,Ghost]Ursaluna||FlameOrb|Guts|Facade,HeadlongRush,ThroatChop,Protect|||M|||50|,,,,,Ghost]Koraidon||SafetyGoggles|OrichalcumPulse|CollisionCourse,FlameCharge,FlareBlitz,Protect||||||50|,,,,,Fire]Flutter Mane||BoosterEnergy|Protosynthesis|Protect,DazzlingGleam,ShadowBall,IcyWind||||||50|,,,,,Fairy]Chien-Pao||FocusSash|SwordofRuin|IceSpinner,SuckerPunch,SacredSword,Protect||||||50|,,,,,Fighting]Ogerpon-Cornerstone||CornerstoneMask|Sturdy|SpikyShield,FollowMe,HornLeech,IvyCudgel|||F|||50|,,,,,Rock\n|showteam|p2|Incineroar||SafetyGoggles|Intimidate|FlareBlitz,KnockOff,FakeOut,PartingShot|||F|||50|,,,,,Bug]Ogerpon-Cornerstone||CornerstoneMask|Sturdy|SpikyShield,IvyCudgel,FollowMe,HornLeech|||F|||50|,,,,,Rock]Ditto||FocusSash|Imposter|Transform||||||50|,,,,,Normal]Raging Bolt||AssaultVest|Protosynthesis|Thunderclap,Thunderbolt,DracoMeteor,VoltSwitch||||||50|,,,,,Electric]Koraidon||ClearAmulet|OrichalcumPulse|Protect,CollisionCourse,FlareBlitz,FlameCharge||||||50|,,,,,Fire]Lunala||CovertCloak|ShadowShield|WideGuard,MoongeistBeam,Moonblast,TrickRoom||||||50|,,,,,Fairy\n|\n|t:|1746110116\n|start\n|switch|p1a: Flutter Mane|Flutter Mane, L50, shiny|100/100\n|switch|p1b: Lunala|Lunala, L50|100/100\n|switch|p2a: Ogerpon|Ogerpon-Cornerstone, L50, F|100/100\n|switch|p2b: Lunala|Lunala, L50|100/100\n|-enditem|p1a: Flutter Mane|Booster Energy\n|-activate|p1a: Flutter Mane|ability: Protosynthesis|[fromitem]\n|-start|p1a: Flutter Mane|protosynthesisspe\n|turn|1\n|\n|t:|1746110129\n|-terastallize|p2b: Lunala|Fairy\n|move|p1a: Flutter Mane|Dazzling Gleam|p2b: Lunala|[spread] p2a,p2b\n|-damage|p2a: Ogerpon|69/100\n|-damage|p2b: Lunala|89/100\n|move|p2a: Ogerpon|Ivy Cudgel|p1a: Flutter Mane|[anim] Ivy Cudgel Rock\n|-damage|p1a: Flutter Mane|0 fnt\n|faint|p1a: Flutter Mane\n|-end|p1a: Flutter Mane|Protosynthesis|[silent]\n|move|p2b: Lunala|Moongeist Beam|p1b: Lunala\n|-supereffective|p1b: Lunala\n|-damage|p1b: Lunala|27/100\n|move|p1b: Lunala|Trick Room|p1b: Lunala\n|-fieldstart|move: Trick Room|[of] p1b: Lunala\n|\n|upkeep\n|\n|t:|1746110143\n|switch|p1a: Ursaluna|Ursaluna, L50, M, shiny|100/100\n|turn|2\n|\n|t:|1746110164\n|switch|p2b: Incineroar|Incineroar, L50, F|100/100\n|-ability|p2b: Incineroar|Intimidate|boost\n|-unboost|p1a: Ursaluna|atk|1\n|-unboost|p1b: Lunala|atk|1\n|move|p1a: Ursaluna|Protect|p1a: Ursaluna\n|-singleturn|p1a: Ursaluna|Protect\n|move|p2a: Ogerpon|Spiky Shield|p2a: Ogerpon\n|-singleturn|p2a: Ogerpon|move: Protect\n|move|p1b: Lunala|Meteor Beam||[still]\n|-prepare|p1b: Lunala|Meteor Beam\n|-boost|p1b: Lunala|spa|1\n|-enditem|p1b: Lunala|Power Herb\n|-anim|p1b: Lunala|Meteor Beam|p2b: Incineroar\n|-supereffective|p2b: Incineroar\n|-damage|p2b: Incineroar|0 fnt\n|faint|p2b: Incineroar\n|\n|-status|p1a: Ursaluna|brn|[from] item: Flame Orb\n|upkeep\n|\n|t:|1746110168\n|switch|p2b: Lunala|Lunala, L50, tera:Fairy|89/100\n|turn|3\n|\n|t:|1746110200\n|move|p1a: Ursaluna|Facade|p2b: Lunala\n|-damage|p2b: Lunala|31/100\n|move|p1b: Lunala|Moongeist Beam|p2a: Ogerpon\n|-damage|p2a: Ogerpon|0 fnt\n|faint|p2a: Ogerpon\n|move|p2b: Lunala|Moonblast|p1b: Lunala\n|-damage|p1b: Lunala|0 fnt\n|faint|p1b: Lunala\n|\n|-damage|p1a: Ursaluna|95/100 brn|[from] brn\n|upkeep\n|\n|t:|1746110206\n|switch|p1b: Ogerpon|Ogerpon-Cornerstone, L50, F|100/100\n|switch|p2a: Ditto|Ditto, L50, shiny|100/100\n|-transform|p2a: Ditto|p1b: Ogerpon|[from] ability: Imposter\n|turn|4\n|\n|t:|1746110223\n|move|p1b: Ogerpon|Follow Me|p1b: Ogerpon\n|-singleturn|p1b: Ogerpon|move: Follow Me\n|move|p1a: Ursaluna|Facade|p2b: Lunala\n|-damage|p2b: Lunala|0 fnt\n|faint|p2b: Lunala\n|move|p2a: Ditto|Horn Leech|p1b: Ogerpon\n|-damage|p1b: Ogerpon|50/100\n|\n|-damage|p1a: Ursaluna|89/100 brn|[from] brn\n|upkeep\n|turn|5\n|\n|t:|1746110237\n|move|p2a: Ditto|Spiky Shield|p2a: Ditto\n|-singleturn|p2a: Ditto|move: Protect\n|move|p1a: Ursaluna|Headlong Rush|p2a: Ditto\n|-activate|p2a: Ditto|move: Protect\n|-damage|p1a: Ursaluna|76/100 brn|[from] Spiky Shield|[of] p2a: Ditto\n|move|p1b: Ogerpon|Horn Leech|p2a: Ditto\n|-activate|p2a: Ditto|move: Protect\n|-damage|p1b: Ogerpon|38/100|[from] Spiky Shield|[of] p2a: Ditto\n|\n|-damage|p1a: Ursaluna|71/100 brn|[from] brn\n|-fieldend|move: Trick Room\n|upkeep\n|turn|6\n|\n|t:|1746110255\n|-terastallize|p1a: Ursaluna|Ghost\n|move|p2a: Ditto|Ivy Cudgel|p1b: Ogerpon|[anim] Ivy Cudgel Rock\n|-damage|p1b: Ogerpon|0 fnt\n|faint|p1b: Ogerpon\n|move|p1a: Ursaluna|Headlong Rush|p2a: Ditto\n|-ability|p2a: Ditto|Sturdy\n|-damage|p2a: Ditto|1/100\n|-unboost|p1a: Ursaluna|def|1\n|-unboost|p1a: Ursaluna|spd|1\n|\n|-damage|p1a: Ursaluna|65/100 brn|[from] brn\n|upkeep\n|turn|7\n|\n|t:|1746110264\n|move|p2a: Ditto|Spiky Shield|p2a: Ditto\n|-singleturn|p2a: Ditto|move: Protect\n|move|p1a: Ursaluna|Headlong Rush|p2a: Ditto\n|-activate|p2a: Ditto|move: Protect\n|-damage|p1a: Ursaluna|52/100 brn|[from] Spiky Shield|[of] p2a: Ditto\n|\n|-damage|p1a: Ursaluna|46/100 brn|[from] brn\n|upkeep\n|turn|8\n|\n|t:|1746110268\n|move|p2a: Ditto|Ivy Cudgel|p1a: Ursaluna|[anim] Ivy Cudgel Rock\n|-damage|p1a: Ursaluna|0 fnt\n|faint|p1a: Ursaluna\n|\n|win|ImYouDuplica\n||Cpt.Bubatz is ready for game 2.\n||ImYouDuplica is ready for game 2.\n|uhtml|next|Next: <a href=\"/battle-gen9vgc2025regibo3-2354682104\"><strong>Game 2 of 3</strong></a>\n|l|\u2606Cpt.Bubatz\n|player|p1|\n", "uploadtime": 1746110453, "views": 13, "formatid": "gen9vgc2025regibo3", "rating": null, "private": 0, "password": null}