{"id": "gen9vgc2025regibo3-2355031026", "format": "[Gen 9] VGC 2025 Reg I (Bo3)", "players": ["toothey", "maxspeedamoonguss"], "log": "|j|\u2606toothey\n|j|\u2606maxspeedamoonguss\n|html|<table width=\"100%\"><tr><td align=\"left\">toothey</td><td align=\"right\">maxspeedamoonguss</tr><tr><td align=\"left\"><i class=\"fa fa-circle-o\"></i> <i class=\"fa fa-circle-o\"></i> </td><td align=\"right\"><i class=\"fa fa-circle-o\"></i> <i class=\"fa fa-circle-o\"></i> </tr></table>\n|uhtml|bestof|<h2><strong>Game 1</strong> of <a href=\"/game-bestof3-gen9vgc2025regibo3-2355031025\">a best-of-3</a></h2>\n|t:|1746144095\n|gametype|doubles\n|player|p1|toothey|102|1063\n|player|p2|maxspeedamoonguss|n|1108\n|teamsize|p1|5\n|teamsize|p2|6\n|gen|9\n|tier|[Gen 9] VGC 2025 Reg I (Bo3)\n|rated|\n|rule|Species Clause: Limit one of each Pok\u00e9mon\n|rule|Item Clause: Limit 1 of each item\n|clearpoke\n|poke|p1|Zamazenta-*, L50|\n|poke|p1|Ogerpon-Hearthflame, L50, F|\n|poke|p1|Lugia, L50|\n|poke|p1|Fezandipiti, L50, M|\n|poke|p1|Ursaluna-Bloodmoon, L50, M|\n|poke|p2|Calyrex-Shadow, L50|\n|poke|p2|Koraidon, L50|\n|poke|p2|Chi-Yu, L50|\n|poke|p2|Brute Bonnet, L50|\n|poke|p2|Whimsicott, L50, M|\n|poke|p2|Ditto, L50|\n|teampreview|4\n|showteam|p1|Zamazenta-Crowned||RustedShield|DauntlessShield|IronDefense,WideGuard,BodyPress,behemothbash||||||50|,,,,,Dragon]Ogerpon-Hearthflame||HearthflameMask|MoldBreaker|IvyCudgel,SpikyShield,FollowMe,HornLeech|||F|||50|,,,,,Fire]Lugia||Leftovers|Multiscale|IcyWind,Aeroblast,Protect,ShadowBall||||||50|,,,,,Dark]Fezandipiti||BlackSludge|ToxicChain|PlayRough,Roost,Protect,BeatUp|||M|||50|,,,,,Steel]Ursaluna-Bloodmoon||AssaultVest|MindsEye|BloodMoon,HyperVoice,EarthPower,Snarl|||M|||50|,,,,,Water\n|showteam|p2|Calyrex-Shadow||LifeOrb|AsOneSpectrier|AstralBarrage,Psychic,Substitute,Protect||||||50|,,,,,Dark]Koraidon||ClearAmulet|OrichalcumPulse|CollisionCourse,FlameCharge,FlareBlitz,Protect||||||50|,,,,,Fire]Chi-Yu||ChoiceScarf|BeadsofRuin|HeatWave,Snarl,Overheat,DarkPulse||||||50|,,,,,Ghost]Brute Bonnet||RockyHelmet|Protosynthesis|Spore,RagePowder,SuckerPunch,SeedBomb||||||50|,,,,,Water]Whimsicott||CovertCloak|Prankster|Moonblast,Tailwind,HelpingHand,Encore|||M|||50|,,,,,Dark]Ditto||FocusSash|Imposter|Transform||||||50|,,,,,Normal\n|\n|t:|1746144138\n|start\n|switch|p1a: Lugia|Lugia, L50|100/100\n|switch|p1b: Fezandipiti|Fezandipiti, L50, M|100/100\n|switch|p2a: Koraidon|Koraidon, L50|100/100\n|switch|p2b: Chi-Yu|Chi-Yu, L50|100/100\n|-ability|p2b: Chi-Yu|Beads of Ruin\n|-weather|SunnyDay|[from] ability: Orichalcum Pulse|[of] p2a: Koraidon\n|-activate|p2a: Koraidon|Orichalcum Pulse|[source]\n|turn|1\n|\n|t:|1746144162\n|-terastallize|p2a: Koraidon|Fire\n|move|p2b: Chi-Yu|Heat Wave|p1a: Lugia|[spread] p1a,p1b\n|-damage|p1a: Lugia|77/100\n|-damage|p1b: Fezandipiti|33/100\n|-status|p1b: Fezandipiti|brn\n|move|p2a: Koraidon|Collision Course|p1a: Lugia\n|-resisted|p1a: Lugia\n|-damage|p1a: Lugia|66/100\n|move|p1a: Lugia|Icy Wind|p2b: Chi-Yu|[spread] p2a,p2b\n|-resisted|p2a: Koraidon\n|-resisted|p2b: Chi-Yu\n|-damage|p2a: Koraidon|95/100\n|-damage|p2b: Chi-Yu|96/100\n|-unboost|p2b: Chi-Yu|spe|1\n|move|p1b: Fezandipiti|Play Rough|p2a: Koraidon\n|-resisted|p2a: Koraidon\n|-damage|p2a: Koraidon|88/100\n|\n|-weather|SunnyDay|[upkeep]\n|-heal|p1a: Lugia|72/100|[from] item: Leftovers\n|-heal|p1b: Fezandipiti|39/100 brn|[from] item: Black Sludge\n|-damage|p1b: Fezandipiti|33/100 brn|[from] brn\n|upkeep\n|turn|2\n|\n|t:|1746144196\n|move|p1b: Fezandipiti|Protect|p1b: Fezandipiti\n|-singleturn|p1b: Fezandipiti|Protect\n|move|p2a: Koraidon|Flare Blitz|p1a: Lugia\n|-damage|p1a: Lugia|0 fnt\n|faint|p1a: Lugia\n|-damage|p2a: Koraidon|60/100|[from] Recoil\n|move|p2b: Chi-Yu|Heat Wave|p1b: Fezandipiti\n|-activate|p1b: Fezandipiti|move: Protect\n|\n|-weather|SunnyDay|[upkeep]\n|-heal|p1b: Fezandipiti|39/100 brn|[from] item: Black Sludge\n|-damage|p1b: Fezandipiti|33/100 brn|[from] brn\n|upkeep\n|\n|t:|1746144211\n|switch|p1a: Zamazenta|Zamazenta-Crowned, L50|100/100\n|-ability|p1a: Zamazenta|Dauntless Shield|boost\n|-boost|p1a: Zamazenta|def|1\n|turn|3\n|\n|t:|1746144227\n|switch|p2b: Ditto|Ditto, L50, shiny|100/100\n|-transform|p2b: Ditto|p1a: Zamazenta|[from] ability: Imposter\n|-ability|p2b: Ditto|Dauntless Shield|boost\n|-boost|p2b: Ditto|def|1\n|-terastallize|p1a: Zamazenta|Dragon\n|move|p2a: Koraidon|Flame Charge|p1b: Fezandipiti\n|-damage|p1b: Fezandipiti|0 fnt\n|-boost|p2a: Koraidon|spe|1\n|faint|p1b: Fezandipiti\n|move|p1a: Zamazenta|Iron Defense|p1a: Zamazenta\n|-boost|p1a: Zamazenta|def|2\n|\n|-weather|SunnyDay|[upkeep]\n|upkeep\n|\n|t:|1746144241\n|switch|p1b: Ogerpon|Ogerpon-Hearthflame, L50, F|100/100\n|-ability|p1b: Ogerpon|Mold Breaker\n|turn|4\n|\n|t:|1746144255\n|move|p1b: Ogerpon|Spiky Shield|p1b: Ogerpon\n|-singleturn|p1b: Ogerpon|move: Protect\n|move|p2a: Koraidon|Collision Course|p1a: Zamazenta\n|-damage|p1a: Zamazenta|83/100\n|move|p1a: Zamazenta|Body Press|p2a: Koraidon\n|-damage|p2a: Koraidon|0 fnt\n|faint|p2a: Koraidon\n|move|p2b: Ditto|Iron Defense|p2b: Ditto\n|-boost|p2b: Ditto|def|2\n|\n|-weather|SunnyDay|[upkeep]\n|upkeep\n|\n|t:|1746144279\n|switch|p2a: Calyrex|Calyrex-Shadow, L50|100/100\n|-ability|p2a: Calyrex|As One\n|-ability|p2a: Calyrex|Unnerve\n|turn|5\n|\n|t:|1746144292\n|move|p1a: Zamazenta|Wide Guard|p1a: Zamazenta\n|-singleturn|p1a: Zamazenta|Wide Guard\n|move|p2a: Calyrex|Astral Barrage|p1a: Zamazenta|[spread] \n|-activate|p1a: Zamazenta|move: Wide Guard\n|-activate|p1b: Ogerpon|move: Wide Guard\n|move|p1b: Ogerpon|Ivy Cudgel|p2a: Calyrex|[anim] Ivy Cudgel Fire\n|-damage|p2a: Calyrex|2/100\n|move|p2b: Ditto|Body Press|p1b: Ogerpon\n|-damage|p1b: Ogerpon|0 fnt\n|faint|p1b: Ogerpon\n|\n|-weather|none\n|upkeep\n|turn|6\n|\n|t:|1746144321\n|move|p1a: Zamazenta|Wide Guard|p1a: Zamazenta\n|-singleturn|p1a: Zamazenta|Wide Guard\n|move|p2a: Calyrex|Psychic|p1a: Zamazenta\n|-damage|p1a: Zamazenta|26/100\n|-damage|p2a: Calyrex|0 fnt|[from] item: Life Orb\n|faint|p2a: Calyrex\n|move|p2b: Ditto|Body Press|p1a: Zamazenta\n|-damage|p1a: Zamazenta|0 fnt\n|faint|p1a: Zamazenta\n|\n|win|maxspeedamoonguss\n||maxspeedamoonguss is ready for game 2.\n|inactive|toothey has 30 seconds to confirm battle start!\n||toothey is ready for game 2.\n|uhtml|next|Next: <a href=\"/battle-gen9vgc2025regibo3-2355033030\"><strong>Game 2 of 3</strong></a>\n|l|\u2606maxspeedamoonguss\n|player|p2|\n", "uploadtime": 1746144595, "views": 20, "formatid": "gen9vgc2025regibo3", "rating": null, "private": 0, "password": null}