{"id": "gen9vgc2025regibo3-2354293954", "format": "[Gen 9] VGC 2025 Reg I (Bo3)", "players": ["tzarii", "luisecanonserna"], "log": "|j|\u2606tzarii\n|j|\u2606luisecanonserna\n|html|<table width=\"100%\"><tr><td align=\"left\">tzarii</td><td align=\"right\">luisecanonserna</tr><tr><td align=\"left\"><i class=\"fa fa-circle\"></i> <i class=\"fa fa-circle-o\"></i> </td><td align=\"right\"><i class=\"fa fa-circle-o\"></i> <i class=\"fa fa-circle-o\"></i> </tr></table>\n|uhtml|bestof|<h2><strong>Game 2</strong> of <a href=\"/game-bestof3-gen9vgc2025regibo3-2354291526\">a best-of-3</a></h2>\n|t:|1746053909\n|gametype|doubles\n|player|p1|tzarii|lady-gen4|1115\n|player|p2|luisecanonserna|101|1136\n|teamsize|p1|6\n|teamsize|p2|6\n|gen|9\n|tier|[Gen 9] VGC 2025 Reg I (Bo3)\n|rated|\n|rule|Species Clause: Limit one of each Pok\u00e9mon\n|rule|Item Clause: Limit 1 of each item\n|clearpoke\n|poke|p1|Koraidon, L50|\n|poke|p1|Groudon, L50|\n|poke|p1|Flutter Mane, L50|\n|poke|p1|Scovillain, L50, F|\n|poke|p1|Rillaboom, L50, F|\n|poke|p1|Scream Tail, L50|\n|poke|p2|Kyogre, L50|\n|poke|p2|Zacian-*, L50|\n|poke|p2|Rillaboom, L50, M|\n|poke|p2|Tornadus, L50, M|\n|poke|p2|Chien-Pao, L50|\n|poke|p2|Ogerpon-Hearthflame, L50, F|\n|teampreview|4\n|showteam|p1|Koraidon||ClearAmulet|OrichalcumPulse|FlameCharge,CloseCombat,FlareBlitz,Protect||||||50|,,,,,Fire]Groudon||AssaultVest|Drought|PrecipiceBlades,HeatCrash,RockSlide,HighHorsepower||||||50|,,,,,Water]Flutter Mane||FocusSash|Protosynthesis|Moonblast,IcyWind,ShadowBall,Protect||||||50|,,,,,Fairy]Scovillain||CovertCloak|Chlorophyll|Overheat,SpicyExtract,WillOWisp,ScaryFace|||F|||50|,,,,,Fire]Rillaboom||MiracleSeed|GrassySurge|FakeOut,GrassyGlide,WoodHammer,Protect|||F|||50|,,,,,Water]Scream Tail||RedCard|Protosynthesis|StealthRock,Encore,Disable,Protect||||||50|,,,,,Dark\n|showteam|p2|Kyogre||MysticWater|Drizzle|WaterSpout,OriginPulse,IceBeam,Protect||||||50|,,,,,Grass]Zacian-Crowned||RustedSword|IntrepidSword|behemothblade,PlayRough,SacredSword,Protect||||||50|,,,,,Water]Rillaboom||AssaultVest|GrassySurge|GrassyGlide,WoodHammer,FakeOut,Uturn|||M|||50|,,,,,Fire]Tornadus||CovertCloak|Prankster|BleakwindStorm,RainDance,Tailwind,Protect|||M|||50|,,,,,Dark]Chien-Pao||FocusSash|SwordofRuin|IcicleCrash,SuckerPunch,ThroatChop,Protect||||||50|,,,,,Ghost]Ogerpon-Hearthflame||HearthflameMask|MoldBreaker|IvyCudgel,FollowMe,SpikyShield,Encore|||F|||50|,,,,,Fire\n|inactive|Battle timer is ON: inactive players will automatically lose when time's up. (requested by tzarii)\n|inactive|luisecanonserna has 60 seconds left.\n|\n|t:|1746053960\n|start\n|switch|p1a: Scream Tail|Scream Tail, L50|100/100\n|switch|p1b: Groudon|Groudon, L50|100/100\n|switch|p2a: Zacian|Zacian-Crowned, L50|100/100\n|switch|p2b: Rillaboom|Rillaboom, L50, M|100/100\n|-ability|p2a: Zacian|Intrepid Sword|boost\n|-boost|p2a: Zacian|atk|1\n|-weather|SunnyDay|[from] ability: Drought|[of] p1b: Groudon\n|-activate|p1a: Scream Tail|ability: Protosynthesis\n|-start|p1a: Scream Tail|protosynthesisspe\n|-fieldstart|move: Grassy Terrain|[from] ability: Grassy Surge|[of] p2b: Rillaboom\n|turn|1\n|inactive|tzarii has 30 seconds left.\n|inactive|luisecanonserna has 30 seconds left.\n|inactive|luisecanonserna has 20 seconds left.\n|inactive|luisecanonserna has 15 seconds left.\n|inactive|luisecanonserna has 10 seconds left.\n|inactive|luisecanonserna has 5 seconds left.\n|\n|t:|1746054010\n|-terastallize|p2a: Zacian|Water\n|move|p1a: Scream Tail|Protect|p1a: Scream Tail\n|-singleturn|p1a: Scream Tail|Protect\n|move|p2b: Rillaboom|Fake Out|p1b: Groudon\n|-damage|p1b: Groudon|91/100\n|move|p2a: Zacian|Behemoth Blade|p1a: Scream Tail\n|-activate|p1a: Scream Tail|move: Protect\n|cant|p1b: Groudon|flinch\n|\n|-weather|SunnyDay|[upkeep]\n|-heal|p1b: Groudon|97/100|[from] Grassy Terrain\n|upkeep\n|turn|2\n|inactive|tzarii has 30 seconds left.\n|inactive|tzarii has 20 seconds left.\n|inactive|tzarii has 15 seconds left.\n|inactive|tzarii has 10 seconds left.\n|\n|t:|1746054057\n|switch|p2b: Kyogre|Kyogre, L50|100/100\n|-weather|RainDance|[from] ability: Drizzle|[of] p2b: Kyogre\n|-end|p1a: Scream Tail|Protosynthesis\n|-terastallize|p1a: Scream Tail|Dark\n|move|p2a: Zacian|Behemoth Blade|p1a: Scream Tail\n|-damage|p1a: Scream Tail|37/100\n|-enditem|p1a: Scream Tail|Red Card|[of] p2a: Zacian\n|drag|p2a: Tornadus|Tornadus, L50, M|100/100\n|move|p1a: Scream Tail|Disable||[still]\n|-fail|p1a: Scream Tail\n|move|p1b: Groudon|Heat Crash|p2b: Kyogre\n|-resisted|p2b: Kyogre\n|-damage|p2b: Kyogre|96/100\n|\n|-weather|RainDance|[upkeep]\n|-heal|p1a: Scream Tail|42/100|[from] Grassy Terrain\n|-heal|p2b: Kyogre|100/100|[from] Grassy Terrain\n|-heal|p1b: Groudon|100/100|[from] Grassy Terrain\n|upkeep\n|turn|3\n|inactive|tzarii has 30 seconds left.\n|inactive|luisecanonserna has 30 seconds left.\n|inactive|tzarii has 20 seconds left.\n|inactive|luisecanonserna has 20 seconds left.\n|inactive|tzarii has 15 seconds left.\n|\n|t:|1746054101\n|switch|p2b: Rillaboom|Rillaboom, L50, M|100/100\n|switch|p1b: Koraidon|Koraidon, L50|100/100\n|-weather|SunnyDay|[from] ability: Orichalcum Pulse|[of] p1b: Koraidon\n|-activate|p1a: Scream Tail|ability: Protosynthesis\n|-start|p1a: Scream Tail|protosynthesisspe\n|-activate|p1b: Koraidon|Orichalcum Pulse|[source]\n|move|p1a: Scream Tail|Protect|p1a: Scream Tail\n|-singleturn|p1a: Scream Tail|Protect\n|move|p2a: Tornadus|Bleakwind Storm|p1a: Scream Tail|[spread] p1b\n|-activate|p1a: Scream Tail|move: Protect\n|-supereffective|p1b: Koraidon\n|-damage|p1b: Koraidon|25/100\n|\n|-weather|SunnyDay|[upkeep]\n|-heal|p1a: Scream Tail|48/100|[from] Grassy Terrain\n|-heal|p1b: Koraidon|32/100|[from] Grassy Terrain\n|upkeep\n|turn|4\n|inactive|tzarii has 30 seconds left.\n|inactive|luisecanonserna has 30 seconds left.\n|\n|t:|1746054133\n|move|p2b: Rillaboom|Fake Out|p1b: Koraidon\n|-damage|p1b: Koraidon|20/100\n|move|p2a: Tornadus|Tailwind|p2a: Tornadus\n|-sidestart|p2: luisecanonserna|move: Tailwind\n|move|p1a: Scream Tail|Disable|p2a: Tornadus\n|-start|p2a: Tornadus|Disable|Tailwind\n|cant|p1b: Koraidon|flinch\n|\n|-weather|SunnyDay|[upkeep]\n|-heal|p1a: Scream Tail|54/100|[from] Grassy Terrain\n|-heal|p1b: Koraidon|27/100|[from] Grassy Terrain\n|upkeep\n|turn|5\n|inactive|tzarii has 30 seconds left.\n|\n|t:|1746054166\n|-end|p1a: Scream Tail|Protosynthesis|[silent]\n|switch|p1a: Groudon|Groudon, L50|100/100\n|switch|p2b: Kyogre|Kyogre, L50|100/100\n|-weather|RainDance|[from] ability: Drizzle|[of] p2b: Kyogre\n|move|p1b: Koraidon|Protect|p1b: Koraidon\n|-singleturn|p1b: Koraidon|Protect\n|move|p2a: Tornadus|Bleakwind Storm|p1b: Koraidon|[spread] p1a\n|-activate|p1b: Koraidon|move: Protect\n|-damage|p1a: Groudon|83/100\n|\n|-weather|RainDance|[upkeep]\n|-heal|p1b: Koraidon|33/100|[from] Grassy Terrain\n|-heal|p1a: Groudon|89/100|[from] Grassy Terrain\n|-fieldend|move: Grassy Terrain\n|upkeep\n|turn|6\n|\n|t:|1746054190\n|switch|p2a: Rillaboom|Rillaboom, L50, M|100/100\n|-fieldstart|move: Grassy Terrain|[from] ability: Grassy Surge|[of] p2a: Rillaboom\n|switch|p1b: Scream Tail|Scream Tail, L50, tera:Dark|54/100\n|switch|p1a: Rillaboom|Rillaboom, L50, F|100/100\n|move|p2b: Kyogre|Ice Beam|p1b: Scream Tail\n|-damage|p1b: Scream Tail|29/100\n|\n|-weather|RainDance|[upkeep]\n|-heal|p1b: Scream Tail|35/100|[from] Grassy Terrain\n|upkeep\n|turn|7\n|inactive|luisecanonserna has 30 seconds left.\n|inactive|luisecanonserna has 20 seconds left.\n|inactive|luisecanonserna has 15 seconds left.\n|\n|t:|1746054231\n|switch|p2b: Tornadus|Tornadus, L50, M|100/100\n|move|p1b: Scream Tail|Protect|p1b: Scream Tail\n|-singleturn|p1b: Scream Tail|Protect\n|move|p1a: Rillaboom|Protect|p1a: Rillaboom\n|-singleturn|p1a: Rillaboom|Protect\n|move|p2a: Rillaboom|U-turn|p1a: Rillaboom\n|-activate|p1a: Rillaboom|move: Protect\n|\n|-weather|RainDance|[upkeep]\n|-heal|p1b: Scream Tail|41/100|[from] Grassy Terrain\n|-sideend|p2: luisecanonserna|move: Tailwind\n|upkeep\n|turn|8\n|inactive|luisecanonserna has 30 seconds left.\n|\n|t:|1746054257\n|move|p2a: Rillaboom|Grassy Glide|p1b: Scream Tail\n|-damage|p1b: Scream Tail|11/100\n|move|p1b: Scream Tail|Stealth Rock|p2a: Rillaboom\n|-sidestart|p2: luisecanonserna|move: Stealth Rock\n|move|p2b: Tornadus|Bleakwind Storm|p1b: Scream Tail|[spread] p1a,p1b\n|-supereffective|p1a: Rillaboom\n|-damage|p1a: Rillaboom|18/100\n|-damage|p1b: Scream Tail|0 fnt\n|faint|p1b: Scream Tail\n|-end|p1b: Scream Tail|Protosynthesis|[silent]\n|move|p1a: Rillaboom|Wood Hammer|p2b: Tornadus\n|-resisted|p2b: Tornadus\n|-damage|p2b: Tornadus|41/100\n|-damage|p1a: Rillaboom|0 fnt|[from] Recoil\n|faint|p1a: Rillaboom\n|\n|-weather|RainDance|[upkeep]\n|upkeep\n|\n|t:|1746054264\n|switch|p1b: Groudon|Groudon, L50|89/100\n|switch|p1a: Koraidon|Koraidon, L50|33/100\n|-weather|SunnyDay|[from] ability: Orichalcum Pulse|[of] p1a: Koraidon\n|-activate|p1a: Koraidon|Orichalcum Pulse|[source]\n|turn|9\n|inactive|luisecanonserna has 30 seconds left.\n|\n|t:|1746054296\n|switch|p2a: Zacian|Zacian-Crowned, L50, tera:Water|100/100\n|-damage|p2a: Zacian|88/100|[from] Stealth Rock\n|move|p2b: Tornadus|Tailwind|p2b: Tornadus\n|-sidestart|p2: luisecanonserna|move: Tailwind\n|move|p1a: Koraidon|Flame Charge|p2a: Zacian\n|-resisted|p2a: Zacian\n|-damage|p2a: Zacian|74/100\n|-boost|p1a: Koraidon|spe|1\n|move|p1b: Groudon|Rock Slide|p2a: Zacian|[spread] p2a,p2b\n|-supereffective|p2b: Tornadus\n|-damage|p2a: Zacian|57/100\n|-damage|p2b: Tornadus|0 fnt\n|faint|p2b: Tornadus\n|\n|-weather|SunnyDay|[upkeep]\n|-heal|p2a: Zacian|63/100|[from] Grassy Terrain\n|-heal|p1a: Koraidon|39/100|[from] Grassy Terrain\n|-heal|p1b: Groudon|95/100|[from] Grassy Terrain\n|upkeep\n|inactive|luisecanonserna has 30 seconds left.\n|\n|t:|1746054324\n|switch|p2b: Kyogre|Kyogre, L50|100/100\n|-damage|p2b: Kyogre|88/100|[from] Stealth Rock\n|-weather|RainDance|[from] ability: Drizzle|[of] p2b: Kyogre\n|turn|10\n|\n|t:|1746054338\n|move|p1a: Koraidon|Protect|p1a: Koraidon\n|-singleturn|p1a: Koraidon|Protect\n|move|p2a: Zacian|Play Rough|p1a: Koraidon\n|-activate|p1a: Koraidon|move: Protect\n|move|p2b: Kyogre|Water Spout|p1b: Groudon|[spread] p1b\n|-activate|p1a: Koraidon|move: Protect\n|-supereffective|p1b: Groudon\n|-damage|p1b: Groudon|0 fnt\n|faint|p1b: Groudon\n|\n|-weather|RainDance|[upkeep]\n|-heal|p2a: Zacian|69/100|[from] Grassy Terrain\n|-heal|p1a: Koraidon|45/100|[from] Grassy Terrain\n|-heal|p2b: Kyogre|94/100|[from] Grassy Terrain\n|-fieldend|move: Grassy Terrain\n|upkeep\n|turn|11\n|-message|tzarii forfeited.\n|\n|win|luisecanonserna\n||tzarii is ready for game 3.\n||luisecanonserna is ready for game 3.\n|uhtml|next|Next: <a href=\"/battle-gen9vgc2025regibo3-2354297774\"><strong>Game 3 of 3</strong></a>\n|l|\u2606tzarii\n|player|p1|\n", "uploadtime": 1746054759, "views": 7, "formatid": "gen9vgc2025regibo3", "rating": null, "private": 0, "password": null}