{"id": "gen9vgc2025regibo3-2354958072", "format": "[Gen 9] VGC 2025 Reg I (Bo3)", "players": ["bartcr0987", "Tio_plox"], "log": "|j|\u2606bartcr0987\n|j|\u2606Tio_plox\n|html|<table width=\"100%\"><tr><td align=\"left\">bartcr0987</td><td align=\"right\">Tio_plox</tr><tr><td align=\"left\"><i class=\"fa fa-circle\"></i> <i class=\"fa fa-circle-o\"></i> </td><td align=\"right\"><i class=\"fa fa-circle-o\"></i> <i class=\"fa fa-circle-o\"></i> </tr></table>\n|uhtml|bestof|<h2><strong>Game 2</strong> of <a href=\"/game-bestof3-gen9vgc2025regibo3-2354955271\">a best-of-3</a></h2>\n|t:|1746135738\n|gametype|doubles\n|player|p1|bartcr0987|lance|\n|player|p2|Tio_plox|ghetsis|\n|teamsize|p1|6\n|teamsize|p2|6\n|gen|9\n|tier|[Gen 9] VGC 2025 Reg I (Bo3)\n|rule|Species Clause: Limit one of each Pok\u00e9mon\n|rule|Item Clause: Limit 1 of each item\n|clearpoke\n|poke|p1|Koraidon, L50|\n|poke|p1|Lunala, L50|\n|poke|p1|Rillaboom, L50, M|\n|poke|p1|Tornadus, L50, M|\n|poke|p1|Ogerpon-Cornerstone, L50, F|\n|poke|p1|Urshifu-*, L50, M|\n|poke|p2|Incineroar, L50, M|\n|poke|p2|Flutter Mane, L50|\n|poke|p2|Calyrex-Shadow, L50|\n|poke|p2|Miraidon, L50|\n|poke|p2|Grimmsnarl, L50, M|\n|poke|p2|Pelipper, L50, F|\n|teampreview|4\n|showteam|p1|Koraidon||ClearAmulet|OrichalcumPulse|CloseCombat,FlareBlitz,FlameCharge,Protect||||||50|,,,,,Fire]Lunala||PowerHerb|ShadowShield|MoongeistBeam,MeteorBeam,WideGuard,TrickRoom||||||50|,,,,,Fairy]Rillaboom||AssaultVest|GrassySurge|FakeOut,GrassyGlide,KnockOff,Uturn|||M|||50|,,,,,Fire]Tornadus||MentalHerb|Prankster|BleakwindStorm,Protect,Tailwind,SunnyDay|||M|||50|,,,,,Ghost]Ogerpon-Cornerstone||CornerstoneMask|Sturdy|IvyCudgel,GrassyGlide,FollowMe,SpikyShield|||F|||50|,,,,,Rock]Urshifu||FocusSash|UnseenFist|WickedBlow,SuckerPunch,Detect,CloseCombat|||M|||50|,,,,,Stellar\n|showteam|p2|Incineroar||AssaultVest|Intimidate|FakeOut,TemperFlare,KnockOff,Snarl|||M|||50|,,,,,Grass]Flutter Mane||FocusSash|Protosynthesis|Protect,ShadowBall,Moonblast,Taunt||||||50|,,,,,Ghost]Calyrex-Shadow||SafetyGoggles|AsOneSpectrier|AstralBarrage,Protect,DrainingKiss,CalmMind||||||50|,,,,,Fairy]Miraidon||ChoiceSpecs|HadronEngine|ElectroDrift,VoltSwitch,Thunder,DragonPulse||||||50|,,,,,Electric]Grimmsnarl||Leftovers|Prankster|FakeOut,LightScreen,Reflect,SpiritBreak|||M|||50|,,,,,Ghost]Pelipper||DampRock|Drizzle|Protect,WideGuard,Hurricane,WeatherBall|||F|||50|,,,,,Ground\n|\n|t:|1746135752\n|start\n|switch|p1a: Rillaboom|Rillaboom, L50, M, shiny|100/100\n|switch|p1b: Lunala|Lunala, L50|100/100\n|switch|p2a: Flutter Mane|Flutter Mane, L50|100/100\n|switch|p2b: Incineroar|Incineroar, L50, M|100/100\n|-fieldstart|move: Grassy Terrain|[from] ability: Grassy Surge|[of] p1a: Rillaboom\n|-ability|p2b: Incineroar|Intimidate|boost\n|-unboost|p1a: Rillaboom|atk|1\n|-unboost|p1b: Lunala|atk|1\n|turn|1\n|inactive|Battle timer is ON: inactive players will automatically lose when time's up. (requested by bartcr0987)\n|inactive|bartcr0987 has 60 seconds left.\n|\n|t:|1746135786\n|-terastallize|p1b: Lunala|Fairy\n|move|p2a: Flutter Mane|Moonblast|p1b: Lunala\n|-damage|p1b: Lunala|83/100\n|move|p1b: Lunala|Meteor Beam||[still]\n|-prepare|p1b: Lunala|Meteor Beam\n|-boost|p1b: Lunala|spa|1\n|-enditem|p1b: Lunala|Power Herb\n|-anim|p1b: Lunala|Meteor Beam|p2a: Flutter Mane|[miss]\n|-miss|p1b: Lunala|p2a: Flutter Mane\n|move|p1a: Rillaboom|Knock Off|p2a: Flutter Mane\n|-damage|p2a: Flutter Mane|50/100\n|-enditem|p2a: Flutter Mane|Focus Sash|[from] move: Knock Off|[of] p1a: Rillaboom\n|move|p2b: Incineroar|Snarl|p1a: Rillaboom|[spread] p1a,p1b\n|-resisted|p1b: Lunala\n|-damage|p1a: Rillaboom|92/100\n|-damage|p1b: Lunala|79/100\n|-unboost|p1a: Rillaboom|spa|1\n|-unboost|p1b: Lunala|spa|1\n|\n|-heal|p2a: Flutter Mane|57/100|[from] Grassy Terrain\n|-heal|p1b: Lunala|86/100|[from] Grassy Terrain\n|-heal|p1a: Rillaboom|98/100|[from] Grassy Terrain\n|upkeep\n|turn|2\n|inactive|Tio_plox has 30 seconds left.\n|\n|t:|1746135813\n|move|p2a: Flutter Mane|Protect|p2a: Flutter Mane\n|-singleturn|p2a: Flutter Mane|Protect\n|move|p1b: Lunala|Moongeist Beam|p2a: Flutter Mane\n|-activate|p2a: Flutter Mane|move: Protect\n|move|p1a: Rillaboom|U-turn|p2a: Flutter Mane\n|-activate|p2a: Flutter Mane|move: Protect\n|move|p2b: Incineroar|Knock Off|p1a: Rillaboom\n|-damage|p1a: Rillaboom|61/100\n|-enditem|p1a: Rillaboom|Assault Vest|[from] move: Knock Off|[of] p2b: Incineroar\n|\n|-heal|p2a: Flutter Mane|63/100|[from] Grassy Terrain\n|-heal|p1b: Lunala|92/100|[from] Grassy Terrain\n|-heal|p1a: Rillaboom|67/100|[from] Grassy Terrain\n|upkeep\n|turn|3\n|\n|t:|1746135837\n|move|p2a: Flutter Mane|Moonblast|p1a: Rillaboom\n|-damage|p1a: Rillaboom|3/100\n|-unboost|p1a: Rillaboom|spa|1\n|move|p1b: Lunala|Moongeist Beam|p2a: Flutter Mane\n|-supereffective|p2a: Flutter Mane\n|-damage|p2a: Flutter Mane|0 fnt\n|faint|p2a: Flutter Mane\n|-end|p2a: Flutter Mane|Protosynthesis|[silent]\n|move|p1a: Rillaboom|U-turn|p2b: Incineroar\n|-damage|p2b: Incineroar|87/100\n|\n|t:|1746135854\n|switch|p1a: Urshifu|Urshifu, L50, M|100/100|[from] U-turn\n|move|p2b: Incineroar|Snarl|p1b: Lunala|[spread] p1a,p1b\n|-resisted|p1a: Urshifu\n|-resisted|p1b: Lunala\n|-damage|p1a: Urshifu|95/100\n|-damage|p1b: Lunala|88/100\n|-unboost|p1a: Urshifu|spa|1\n|-unboost|p1b: Lunala|spa|1\n|\n|-heal|p1a: Urshifu|100/100|[from] Grassy Terrain\n|-heal|p1b: Lunala|94/100|[from] Grassy Terrain\n|-heal|p2b: Incineroar|93/100|[from] Grassy Terrain\n|upkeep\n|\n|t:|1746135863\n|switch|p2a: Calyrex|Calyrex-Shadow, L50|100/100\n|-ability|p2a: Calyrex|As One\n|-ability|p2a: Calyrex|Unnerve\n|turn|4\n|inactive|bartcr0987 has 30 seconds left.\n|inactive|Tio_plox has 30 seconds left.\n|inactive|bartcr0987 has 20 seconds left.\n|\n|t:|1746135899\n|-terastallize|p2a: Calyrex|Fairy\n|move|p2a: Calyrex|Draining Kiss|p1a: Urshifu\n|-supereffective|p1a: Urshifu\n|-enditem|p1a: Urshifu|Focus Sash\n|-damage|p1a: Urshifu|1/100\n|move|p1a: Urshifu|Close Combat|p2b: Incineroar\n|-supereffective|p2b: Incineroar\n|-crit|p2b: Incineroar\n|-damage|p2b: Incineroar|0 fnt\n|-unboost|p1a: Urshifu|def|1\n|-unboost|p1a: Urshifu|spd|1\n|faint|p2b: Incineroar\n|move|p1b: Lunala|Moongeist Beam|p2a: Calyrex\n|-damage|p2a: Calyrex|61/100\n|\n|-heal|p2a: Calyrex|67/100|[from] Grassy Terrain\n|-heal|p1a: Urshifu|7/100|[from] Grassy Terrain\n|-heal|p1b: Lunala|100/100|[from] Grassy Terrain\n|upkeep\n|\n|t:|1746135907\n|switch|p2b: Miraidon|Miraidon, L50|100/100\n|-fieldstart|move: Electric Terrain|[from] ability: Hadron Engine|[of] p2b: Miraidon\n|turn|5\n|inactive|bartcr0987 has 30 seconds left.\n|inactive|bartcr0987 has 20 seconds left.\n|inactive|bartcr0987 has 15 seconds left.\n|\n|t:|1746135951\n|switch|p1b: Rillaboom|Rillaboom, L50, M, shiny|3/100\n|-fieldstart|move: Grassy Terrain|[from] ability: Grassy Surge|[of] p1b: Rillaboom\n|move|p1a: Urshifu|Detect|p1a: Urshifu\n|-singleturn|p1a: Urshifu|Protect\n|move|p2a: Calyrex|Astral Barrage|p1b: Rillaboom|[spread] p1b\n|-activate|p1a: Urshifu|move: Protect\n|-damage|p1b: Rillaboom|0 fnt\n|faint|p1b: Rillaboom\n|-ability|p2a: Calyrex|Grim Neigh|boost\n|-boost|p2a: Calyrex|spa|1\n|move|p2b: Miraidon|Electro Drift|p1a: Urshifu\n|-activate|p1a: Urshifu|move: Protect\n|\n|-heal|p2a: Calyrex|73/100|[from] Grassy Terrain\n|-heal|p1a: Urshifu|14/100|[from] Grassy Terrain\n|upkeep\n|\n|t:|1746135969\n|switch|p1b: Koraidon|Koraidon, L50|100/100\n|-weather|SunnyDay|[from] ability: Orichalcum Pulse|[of] p1b: Koraidon\n|-activate|p1b: Koraidon|Orichalcum Pulse|[source]\n|turn|6\n|\n|t:|1746135979\n|move|p1b: Koraidon|Protect|p1b: Koraidon\n|-singleturn|p1b: Koraidon|Protect\n|move|p1a: Urshifu|Sucker Punch|p2a: Calyrex\n|-resisted|p2a: Calyrex\n|-damage|p2a: Calyrex|48/100\n|move|p2a: Calyrex|Draining Kiss|p1b: Koraidon\n|-activate|p1b: Koraidon|move: Protect\n|move|p2b: Miraidon|Electro Drift|p1a: Urshifu\n|-damage|p1a: Urshifu|0 fnt\n|faint|p1a: Urshifu\n|\n|-weather|SunnyDay|[upkeep]\n|-heal|p2a: Calyrex|54/100|[from] Grassy Terrain\n|upkeep\n|\n|t:|1746135993\n|switch|p1a: Lunala|Lunala, L50, tera:Fairy|100/100\n|turn|7\n|\n|t:|1746136015\n|move|p1b: Koraidon|Protect||[still]\n|-fail|p1b: Koraidon\n|move|p2a: Calyrex|Draining Kiss|p1b: Koraidon\n|-supereffective|p1b: Koraidon\n|-damage|p1b: Koraidon|0 fnt\n|-heal|p2a: Calyrex|100/100|[from] drain|[of] p1b: Koraidon\n|faint|p1b: Koraidon\n|-ability|p2a: Calyrex|Grim Neigh|boost\n|-boost|p2a: Calyrex|spa|1\n|move|p2b: Miraidon|Electro Drift|p1a: Lunala\n|-damage|p1a: Lunala|74/100\n|move|p1a: Lunala|Moongeist Beam|p2a: Calyrex\n|-damage|p2a: Calyrex|44/100\n|\n|-weather|SunnyDay|[upkeep]\n|-heal|p2a: Calyrex|50/100|[from] Grassy Terrain\n|-heal|p1a: Lunala|81/100|[from] Grassy Terrain\n|upkeep\n|turn|8\n|inactive|Tio_plox has 30 seconds left.\n|\n|t:|1746136040\n|move|p2a: Calyrex|Astral Barrage|p1a: Lunala\n|-damage|p1a: Lunala|0 fnt\n|faint|p1a: Lunala\n|\n|win|Tio_plox\n||bartcr0987 is ready for game 3.\n|inactive|Tio_plox has 30 seconds to confirm battle start!\n|inactive|Tio_plox has 20 seconds to confirm battle start!\n|inactive|Tio_plox has 9 seconds to confirm battle start!\n||Tio_plox is ready for game 3.\n|uhtml|next|Next: <a href=\"/battle-gen9vgc2025regibo3-2354961060\"><strong>Game 3 of 3</strong></a>\n|l|\u2606Tio_plox\n|player|p2|\n", "uploadtime": 1746136522, "views": 23, "formatid": "gen9vgc2025regibo3", "rating": null, "private": 0, "password": null}