{"id": "gen9vgc2025regibo3-2354444620", "format": "[Gen 9] VGC 2025 Reg I (Bo3)", "players": ["JeffEnveneom", "supersaac"], "log": "|j|\u2606JeffEnveneom\n|j|\u2606supersaac\n|html|<table width=\"100%\"><tr><td align=\"left\">JeffEnveneom</td><td align=\"right\">supersaac</tr><tr><td align=\"left\"><i class=\"fa fa-circle-o\"></i> <i class=\"fa fa-circle-o\"></i> </td><td align=\"right\"><i class=\"fa fa-circle-o\"></i> <i class=\"fa fa-circle-o\"></i> </tr></table>\n|uhtml|bestof|<h2><strong>Game 1</strong> of <a href=\"/game-bestof3-gen9vgc2025regibo3-2354444619\">a best-of-3</a></h2>\n|t:|1746072588\n|gametype|doubles\n|player|p1|JeffEnveneom|psychic-gen4|\n|player|p2|supersaac|101|\n|teamsize|p1|6\n|teamsize|p2|6\n|gen|9\n|tier|[Gen 9] VGC 2025 Reg I (Bo3)\n|rule|Species Clause: Limit one of each Pok\u00e9mon\n|rule|Item Clause: Limit 1 of each item\n|clearpoke\n|poke|p1|Calyrex-Shadow, L50|\n|poke|p1|Clefairy, L50, M|\n|poke|p1|Chi-Yu, L50|\n|poke|p1|Whimsicott, L50, F|\n|poke|p1|Rillaboom, L50, M|\n|poke|p1|Zamazenta-*, L50|\n|poke|p2|Zamazenta-*, L50|\n|poke|p2|Kyogre, L50|\n|poke|p2|Farigiraf, L50, F|\n|poke|p2|Incineroar, L50, M|\n|poke|p2|Rillaboom, L50, M|\n|poke|p2|Flutter Mane, L50|\n|teampreview|4\n|showteam|p1|Calyrex-Shadow||LifeOrb|AsOneSpectrier|Protect,Substitute,AstralBarrage,Psychic||||||50|,,,,,Ghost]Clefairy||Eviolite|FriendGuard|FollowMe,HelpingHand,AfterYou,Moonblast|||M|||50|,,,,,Grass]Chi-Yu||ChoiceSpecs|BeadsofRuin|Overheat,DarkPulse,Snarl,HeatWave||||||50|,,,,,Ghost]Whimsicott||CovertCloak|Prankster|LightScreen,Encore,Tailwind,Moonblast|||F|||50|,,,,,Dark]Rillaboom||AssaultVest|GrassySurge|FakeOut,GrassyGlide,WoodHammer,Uturn|||M|||50|,,,,,Fire]Zamazenta-Crowned||RustedShield|DauntlessShield|Protect,WideGuard,BodyPress,behemothbash||||||50|,,,,,Ghost\n|showteam|p2|Zamazenta-Crowned||RustedShield|DauntlessShield|HeavySlam,IronDefense,WideGuard,BodyPress||||||50|,,,,,Dragon]Kyogre||Leftovers|Drizzle|OriginPulse,IceBeam,CalmMind,Protect||||||50|,,,,,Grass]Farigiraf||ThroatSpray|ArmorTail|HyperVoice,Protect,FoulPlay,HelpingHand|||F|||50|,,,,,Dark]Incineroar||RockyHelmet|Intimidate|KnockOff,FakeOut,FlareBlitz,PartingShot|||M|||50|,,,,,Ghost]Rillaboom||AssaultVest|GrassySurge|HighHorsepower,GrassyGlide,Uturn,FakeOut|||M|||50|,,,,,Fire]Flutter Mane||BoosterEnergy|Protosynthesis|ShadowBall,Moonblast,IcyWind,Protect||||||50|,,,,,Fairy\n|inactive|Battle timer is ON: inactive players will automatically lose when time's up. (requested by supersaac)\n|inactive|JeffEnveneom has 60 seconds left.\n|inactive|supersaac has 60 seconds left.\n|inactive|JeffEnveneom has 30 seconds left.\n|inactive|supersaac has 30 seconds left.\n|inactive|JeffEnveneom has 20 seconds left.\n|inactive|supersaac has 20 seconds left.\n|inactive|JeffEnveneom has 15 seconds left.\n|inactive|supersaac has 15 seconds left.\n|inactive|JeffEnveneom has 10 seconds left.\n|inactive|JeffEnveneom has 5 seconds left.\n|\n|t:|1746072674\n|start\n|switch|p1a: Rillaboom|Rillaboom, L50, M|100/100\n|switch|p1b: Chi-Yu|Chi-Yu, L50|100/100\n|switch|p2a: Zamazenta|Zamazenta-Crowned, L50|100/100\n|switch|p2b: Santiroar|Incineroar, L50, M, shiny|100/100\n|-ability|p2a: Zamazenta|Dauntless Shield|boost\n|-boost|p2a: Zamazenta|def|1\n|-ability|p1b: Chi-Yu|Beads of Ruin\n|-fieldstart|move: Grassy Terrain|[from] ability: Grassy Surge|[of] p1a: Rillaboom\n|-ability|p2b: Santiroar|Intimidate|boost\n|-unboost|p1a: Rillaboom|atk|1\n|-unboost|p1b: Chi-Yu|atk|1\n|turn|1\n|inactive|supersaac has 30 seconds left.\n|\n|t:|1746072709\n|-terastallize|p2a: Zamazenta|Dragon\n|-terastallize|p1b: Chi-Yu|Ghost\n|move|p1a: Rillaboom|Fake Out|p2a: Zamazenta\n|-damage|p2a: Zamazenta|96/100\n|move|p2b: Santiroar|Fake Out|p1b: Chi-Yu\n|-immune|p1b: Chi-Yu\n|cant|p2a: Zamazenta|flinch\n|move|p1b: Chi-Yu|Overheat|p2a: Zamazenta\n|-resisted|p2a: Zamazenta\n|-damage|p2a: Zamazenta|35/100\n|-unboost|p1b: Chi-Yu|spa|2\n|\n|-heal|p2a: Zamazenta|41/100|[from] Grassy Terrain\n|upkeep\n|turn|2\n|inactive|JeffEnveneom has 30 seconds left.\n|inactive|supersaac has 30 seconds left.\n|\n|t:|1746072737\n|move|p2a: Zamazenta|Body Press|p1a: Rillaboom\n|-damage|p1a: Rillaboom|39/100\n|move|p1b: Chi-Yu|Overheat|p2b: Santiroar\n|-resisted|p2b: Santiroar\n|-damage|p2b: Santiroar|71/100\n|-unboost|p1b: Chi-Yu|spa|2\n|move|p1a: Rillaboom|U-turn|p2a: Zamazenta\n|-damage|p2a: Zamazenta|33/100\n|\n|t:|1746072743\n|switch|p1a: Clefairy|Clefairy, L50, M|100/100|[from] U-turn\n|move|p2b: Santiroar|Knock Off|p1a: Clefairy\n|-resisted|p1a: Clefairy\n|-crit|p1a: Clefairy\n|-damage|p1a: Clefairy|79/100\n|-enditem|p1a: Clefairy|Eviolite|[from] move: Knock Off|[of] p2b: Santiroar\n|\n|-heal|p2a: Zamazenta|39/100|[from] Grassy Terrain\n|-heal|p2b: Santiroar|77/100|[from] Grassy Terrain\n|-heal|p1a: Clefairy|85/100|[from] Grassy Terrain\n|upkeep\n|turn|3\n|inactive|JeffEnveneom has 30 seconds left.\n|inactive|supersaac has 30 seconds left.\n|\n|t:|1746072769\n|move|p2a: Zamazenta|Heavy Slam|p1a: Clefairy\n|-supereffective|p1a: Clefairy\n|-damage|p1a: Clefairy|0 fnt\n|faint|p1a: Clefairy\n|move|p1b: Chi-Yu|Overheat|p2a: Zamazenta\n|-resisted|p2a: Zamazenta\n|-damage|p2a: Zamazenta|20/100\n|-unboost|p1b: Chi-Yu|spa|2\n|move|p2b: Santiroar|Parting Shot|p1b: Chi-Yu\n|-unboost|p1b: Chi-Yu|atk|1\n|-unboost|p1b: Chi-Yu|spa|0\n|\n|t:|1746072792\n|switch|p2b: Kyosanagi|Kyogre, L50|100/100|[from] Parting Shot\n|-weather|RainDance|[from] ability: Drizzle|[of] p2b: Kyosanagi\n|\n|-weather|RainDance|[upkeep]\n|-heal|p2a: Zamazenta|26/100|[from] Grassy Terrain\n|upkeep\n|\n|t:|1746072802\n|switch|p1a: Calyrex|Calyrex-Shadow, L50|100/100\n|-ability|p1a: Calyrex|As One\n|-ability|p1a: Calyrex|Unnerve\n|turn|4\n|inactive|supersaac has 30 seconds left.\n|\n|t:|1746072831\n|switch|p1b: Rillaboom|Rillaboom, L50, M|39/100\n|move|p2a: Zamazenta|Wide Guard|p2a: Zamazenta\n|-singleturn|p2a: Zamazenta|Wide Guard\n|move|p1a: Calyrex|Psychic|p2a: Zamazenta\n|-damage|p2a: Zamazenta|0 fnt\n|faint|p2a: Zamazenta\n|-ability|p1a: Calyrex|Grim Neigh|boost\n|-boost|p1a: Calyrex|spa|1\n|-damage|p1a: Calyrex|91/100|[from] item: Life Orb\n|move|p2b: Kyosanagi|Ice Beam|p1a: Calyrex\n|-damage|p1a: Calyrex|59/100\n|\n|-weather|RainDance|[upkeep]\n|-heal|p1a: Calyrex|65/100|[from] Grassy Terrain\n|-heal|p1b: Rillaboom|45/100|[from] Grassy Terrain\n|upkeep\n|\n|t:|1746072848\n|switch|p2a: Flutter Mane|Flutter Mane, L50|100/100\n|-enditem|p2a: Flutter Mane|Booster Energy\n|-activate|p2a: Flutter Mane|ability: Protosynthesis|[fromitem]\n|-start|p2a: Flutter Mane|protosynthesisspe\n|turn|5\n|inactive|JeffEnveneom has 30 seconds left.\n|\n|t:|1746072875\n|move|p2a: Flutter Mane|Protect|p2a: Flutter Mane\n|-singleturn|p2a: Flutter Mane|Protect\n|move|p1a: Calyrex|Protect|p1a: Calyrex\n|-singleturn|p1a: Calyrex|Protect\n|move|p2b: Kyosanagi|Protect|p2b: Kyosanagi\n|-singleturn|p2b: Kyosanagi|Protect\n|move|p1b: Rillaboom|Wood Hammer|p2a: Flutter Mane\n|-activate|p2a: Flutter Mane|move: Protect\n|\n|-weather|RainDance|[upkeep]\n|-heal|p1a: Calyrex|71/100|[from] Grassy Terrain\n|-heal|p1b: Rillaboom|52/100|[from] Grassy Terrain\n|-fieldend|move: Grassy Terrain\n|upkeep\n|turn|6\n|\n|t:|1746072898\n|switch|p1a: Chi-Yu|Chi-Yu, L50, tera:Ghost|100/100\n|-ability|p1a: Chi-Yu|Beads of Ruin\n|move|p2a: Flutter Mane|Shadow Ball|p1a: Chi-Yu\n|-supereffective|p1a: Chi-Yu\n|-damage|p1a: Chi-Yu|0 fnt\n|faint|p1a: Chi-Yu\n|move|p2b: Kyosanagi|Calm Mind|p2b: Kyosanagi\n|-boost|p2b: Kyosanagi|spa|1\n|-boost|p2b: Kyosanagi|spd|1\n|move|p1b: Rillaboom|Wood Hammer|p2a: Flutter Mane\n|-damage|p2a: Flutter Mane|0 fnt\n|faint|p2a: Flutter Mane\n|-end|p2a: Flutter Mane|Protosynthesis|[silent]\n|-damage|p1b: Rillaboom|29/100|[from] Recoil\n|\n|-weather|RainDance|[upkeep]\n|upkeep\n|\n|t:|1746072914\n|switch|p2a: Santiroar|Incineroar, L50, M, shiny|77/100\n|switch|p1a: Calyrex|Calyrex-Shadow, L50|71/100\n|-ability|p1a: Calyrex|As One\n|-ability|p1a: Calyrex|Unnerve\n|-ability|p2a: Santiroar|Intimidate|boost\n|-unboost|p1a: Calyrex|atk|1\n|-unboost|p1b: Rillaboom|atk|1\n|turn|7\n|inactive|supersaac has 30 seconds left.\n|\n|t:|1746072943\n|move|p2a: Santiroar|Fake Out|p1b: Rillaboom\n|-damage|p1b: Rillaboom|19/100\n|move|p1a: Calyrex|Astral Barrage|p2a: Santiroar|[spread] p2a,p2b\n|-resisted|p2a: Santiroar\n|-crit|p2b: Kyosanagi\n|-damage|p2a: Santiroar|50/100\n|-damage|p2b: Kyosanagi|32/100\n|-damage|p1a: Calyrex|62/100|[from] item: Life Orb\n|move|p2b: Kyosanagi|Origin Pulse|p1b: Rillaboom|[spread] p1a\n|-miss|p2b: Kyosanagi|p1b: Rillaboom\n|-damage|p1a: Calyrex|0 fnt\n|faint|p1a: Calyrex\n|cant|p1b: Rillaboom|flinch\n|\n|-weather|none\n|-heal|p2b: Kyosanagi|38/100|[from] item: Leftovers\n|upkeep\n|turn|8\n|-message|JeffEnveneom forfeited.\n|\n|win|supersaac\n||JeffEnveneom is ready for game 2.\n|inactive|supersaac has 30 seconds to confirm battle start!\n|inactive|supersaac has 20 seconds to confirm battle start!\n|l|\u2606supersaac\n|player|p2|\n||supersaac is ready for game 2.\n|uhtml|next|Next: <a href=\"/battle-gen9vgc2025regibo3-2354447250\"><strong>Game 2 of 3</strong></a>\n", "uploadtime": 1746073269, "views": 6, "formatid": "gen9vgc2025regibo3", "rating": null, "private": 0, "password": null}