{"id": "gen9vgc2025regibo3-2354326358", "format": "[Gen 9] VGC 2025 Reg I (Bo3)", "players": ["blaisenova1", "Gimffy"], "log": "|j|\u2606blaisenova1\n|j|\u2606Gimffy\n|html|<table width=\"100%\"><tr><td align=\"left\">blaisenova1</td><td align=\"right\">Gimffy</tr><tr><td align=\"left\"><i class=\"fa fa-circle\"></i> <i class=\"fa fa-circle-o\"></i> </td><td align=\"right\"><i class=\"fa fa-circle-o\"></i> <i class=\"fa fa-circle-o\"></i> </tr></table>\n|uhtml|bestof|<h2><strong>Game 2</strong> of <a href=\"/game-bestof3-gen9vgc2025regibo3-2354325833\">a best-of-3</a></h2>\n|t:|1746057689\n|gametype|doubles\n|player|p1|blaisenova1|2|1139\n|player|p2|Gimffy|ingo|1151\n|teamsize|p1|6\n|teamsize|p2|6\n|gen|9\n|tier|[Gen 9] VGC 2025 Reg I (Bo3)\n|rated|\n|rule|Species Clause: Limit one of each Pok\u00e9mon\n|rule|Item Clause: Limit 1 of each item\n|clearpoke\n|poke|p1|Lunala, L50|\n|poke|p1|Kyogre, L50|\n|poke|p1|Indeedee-F, L50, F|\n|poke|p1|Basculegion, L50, M|\n|poke|p1|Landorus, L50, M|\n|poke|p1|Regieleki, L50|\n|poke|p2|Koraidon, L50|\n|poke|p2|Lunala, L50|\n|poke|p2|Flutter Mane, L50|\n|poke|p2|Chi-Yu, L50|\n|poke|p2|Brute Bonnet, L50|\n|poke|p2|Ursaluna, L50, M|\n|teampreview|4\n|showteam|p1|Lunala||Leftovers|ShadowShield|MoongeistBeam,ExpandingForce,WideGuard,TrickRoom||||||50|,,,,,Water]Kyogre||MysticWater|Drizzle|WaterSpout,OriginPulse,IceBeam,Protect||||||50|,,,,,Grass]Indeedee-F||PsychicSeed|PsychicSurge|FollowMe,DazzlingGleam,HealPulse,TrickRoom|||F|||50|,,,,,Grass]Basculegion||ChoiceBand|Adaptability|WaveCrash,LastRespects,AquaJet,HeadSmash|||M|||50|,,,,,Water]Landorus||LifeOrb|SheerForce|EarthPower,SludgeBomb,SandsearStorm,Protect|||M|||50|,,,,,Steel]Regieleki||FocusSash|Transistor|VoltSwitch,Electroweb,ThunderWave,Protect||||||50|,,,,,Electric\n|showteam|p2|Koraidon||ClearAmulet|OrichalcumPulse|CollisionCourse,FlareBlitz,FlameCharge,Protect||||||50|,,,,,Fire]Lunala||PowerHerb|ShadowShield|MoongeistBeam,MeteorBeam,WideGuard,TrickRoom||||||50|,,,,,Water]Flutter Mane||FocusSash|Protosynthesis|Moonblast,ShadowBall,IcyWind,Protect||||||50|,,,,,Fairy]Chi-Yu||ChoiceScarf|BeadsofRuin|DarkPulse,HeatWave,Overheat,Snarl||||||50|,,,,,Ghost]Brute Bonnet||RockyHelmet|Protosynthesis|RagePowder,Spore,SeedBomb,SuckerPunch||||||50|,,,,,Water]Ursaluna||FlameOrb|Guts|Facade,HeadlongRush,Earthquake,Protect|||M|||50|,,,,,Water\n|inactive|Battle timer is ON: inactive players will automatically lose when time's up. (requested by Gimffy)\n|\n|t:|1746057698\n|start\n|switch|p1a: Control|Regieleki, L50|100/100\n|switch|p1b: Lightning Rod|Landorus, L50, M|100/100\n|switch|p2a: Bruce Wane|Lunala, L50|100/100\n|switch|p2b: Brute Bonnet|Brute Bonnet, L50|100/100\n|turn|1\n|\n|t:|1746057711\n|move|p2b: Brute Bonnet|Rage Powder|p2b: Brute Bonnet\n|-singleturn|p2b: Brute Bonnet|move: Rage Powder\n|move|p1a: Control|Volt Switch|p2b: Brute Bonnet\n|-resisted|p2b: Brute Bonnet\n|-damage|p2b: Brute Bonnet|86/100\n|\n|t:|1746057716\n|switch|p1a: Feesh|Kyogre, L50|100/100|[from] Volt Switch\n|-weather|RainDance|[from] ability: Drizzle|[of] p1a: Feesh\n|move|p1b: Lightning Rod|Sludge Bomb|p2b: Brute Bonnet\n|-supereffective|p2b: Brute Bonnet\n|-damage|p2b: Brute Bonnet|0 fnt\n|faint|p2b: Brute Bonnet\n|-end|p2b: Brute Bonnet|Protosynthesis|[silent]\n|move|p2a: Bruce Wane|Trick Room|p2a: Bruce Wane\n|-fieldstart|move: Trick Room|[of] p2a: Bruce Wane\n|\n|-weather|RainDance|[upkeep]\n|upkeep\n|\n|t:|1746057723\n|switch|p2b: Ursaluna|Ursaluna, L50, M|100/100\n|turn|2\n|\n|t:|1746057742\n|-terastallize|p2a: Bruce Wane|Water\n|move|p2b: Ursaluna|Protect|p2b: Ursaluna\n|-singleturn|p2b: Ursaluna|Protect\n|move|p2a: Bruce Wane|Moongeist Beam|p1a: Feesh\n|-damage|p1a: Feesh|59/100\n|move|p1a: Feesh|Ice Beam|p2b: Ursaluna\n|-activate|p2b: Ursaluna|move: Protect\n|move|p1b: Lightning Rod|Earth Power|p2a: Bruce Wane\n|-damage|p2a: Bruce Wane|74/100\n|\n|-weather|RainDance|[upkeep]\n|-status|p2b: Ursaluna|brn|[from] item: Flame Orb\n|upkeep\n|turn|3\n|\n|t:|1746057762\n|move|p2b: Ursaluna|Facade|p1a: Feesh\n|-crit|p1a: Feesh\n|-damage|p1a: Feesh|0 fnt\n|faint|p1a: Feesh\n|move|p2a: Bruce Wane|Meteor Beam||[still]\n|-prepare|p2a: Bruce Wane|Meteor Beam\n|-boost|p2a: Bruce Wane|spa|1\n|-enditem|p2a: Bruce Wane|Power Herb\n|-anim|p2a: Bruce Wane|Meteor Beam|p1b: Lightning Rod\n|-damage|p1b: Lightning Rod|10/100\n|move|p1b: Lightning Rod|Earth Power|p2b: Ursaluna\n|-damage|p2b: Ursaluna|31/100 brn\n|\n|-weather|RainDance|[upkeep]\n|-damage|p2b: Ursaluna|25/100 brn|[from] brn\n|upkeep\n|\n|t:|1746057766\n|switch|p1a: Laluna|Lunala, L50|100/100\n|turn|4\n|\n|t:|1746057785\n|move|p1b: Lightning Rod|Protect|p1b: Lightning Rod\n|-singleturn|p1b: Lightning Rod|Protect\n|move|p2b: Ursaluna|Facade|p1b: Lightning Rod\n|-activate|p1b: Lightning Rod|move: Protect\n|move|p2a: Bruce Wane|Moongeist Beam|p1a: Laluna\n|-supereffective|p1a: Laluna\n|-damage|p1a: Laluna|0 fnt\n|faint|p1a: Laluna\n|\n|-weather|RainDance|[upkeep]\n|-damage|p2b: Ursaluna|19/100 brn|[from] brn\n|upkeep\n|\n|t:|1746057795\n|switch|p1a: Control|Regieleki, L50|100/100\n|turn|5\n|\n|t:|1746057803\n|move|p1b: Lightning Rod|Protect||[still]\n|-fail|p1b: Lightning Rod\n|move|p2a: Bruce Wane|Wide Guard|p2a: Bruce Wane\n|-singleturn|p2a: Bruce Wane|Wide Guard\n|move|p2b: Ursaluna|Earthquake|p1a: Control|[spread] p1a\n|-activate|p2a: Bruce Wane|move: Wide Guard\n|-immune|p1b: Lightning Rod\n|-supereffective|p1a: Control\n|-enditem|p1a: Control|Focus Sash\n|-damage|p1a: Control|1/100\n|move|p1a: Control|Volt Switch|p2a: Bruce Wane\n|-supereffective|p2a: Bruce Wane\n|-damage|p2a: Bruce Wane|21/100\n|\n|-weather|none\n|-damage|p2b: Ursaluna|13/100 brn|[from] brn\n|-fieldend|move: Trick Room\n|upkeep\n|turn|6\n|inactive|Gimffy has 30 seconds left.\n|\n|t:|1746057830\n|move|p2b: Ursaluna|Protect|p2b: Ursaluna\n|-singleturn|p2b: Ursaluna|Protect\n|move|p1a: Control|Volt Switch|p2a: Bruce Wane\n|-supereffective|p2a: Bruce Wane\n|-damage|p2a: Bruce Wane|0 fnt\n|faint|p2a: Bruce Wane\n|move|p1b: Lightning Rod|Earth Power|p2b: Ursaluna\n|-activate|p2b: Ursaluna|move: Protect\n|\n|-damage|p2b: Ursaluna|7/100 brn|[from] brn\n|upkeep\n|\n|t:|1746057836\n|switch|p2a: Akira|Koraidon, L50|100/100\n|-weather|SunnyDay|[from] ability: Orichalcum Pulse|[of] p2a: Akira\n|-activate|p2a: Akira|Orichalcum Pulse|[source]\n|turn|7\n|\n|t:|1746057848\n|-terastallize|p1a: Control|Electric\n|move|p2a: Akira|Protect|p2a: Akira\n|-singleturn|p2a: Akira|Protect\n|move|p1a: Control|Electroweb|p2a: Akira|[spread] \n|-activate|p2a: Akira|move: Protect\n|-immune|p2b: Ursaluna\n|move|p1b: Lightning Rod|Sandsear Storm|p2a: Akira|[spread] \n|-activate|p2a: Akira|move: Protect\n|-miss|p1b: Lightning Rod|p2b: Ursaluna\n|move|p2b: Ursaluna|Facade|p1b: Lightning Rod\n|-damage|p1b: Lightning Rod|0 fnt\n|faint|p1b: Lightning Rod\n|\n|-weather|SunnyDay|[upkeep]\n|-damage|p2b: Ursaluna|1/100 brn|[from] brn\n|upkeep\n|turn|8\n|-message|blaisenova1 forfeited.\n|\n|win|Gimffy\n|l|\u2606blaisenova1\n|player|p1|\n||blaisenova1 is ready for game 3.\n||Gimffy is ready for game 3.\n|uhtml|next|Next: <a href=\"/battle-gen9vgc2025regibo3-2354327839\"><strong>Game 3 of 3</strong></a>\n", "uploadtime": 1746058097, "views": 14, "formatid": "gen9vgc2025regibo3", "rating": null, "private": 0, "password": null}