{"id": "gen9vgc2025regibo3-2354607016", "format": "[Gen 9] VGC 2025 Reg I (Bo3)", "players": ["fakexanax", "Shirteasy22"], "log": "|j|\u2606fakexanax\n|j|\u2606Shirteasy22\n|html|<table width=\"100%\"><tr><td align=\"left\">fakexanax</td><td align=\"right\">Shirteasy22</tr><tr><td align=\"left\"><i class=\"fa fa-circle-o\"></i> <i class=\"fa fa-circle-o\"></i> </td><td align=\"right\"><i class=\"fa fa-circle-o\"></i> <i class=\"fa fa-circle-o\"></i> </tr></table>\n|uhtml|bestof|<h2><strong>Game 1</strong> of <a href=\"/game-bestof3-gen9vgc2025regibo3-2354607015\">a best-of-3</a></h2>\n|t:|1746102047\n|gametype|doubles\n|player|p1|fakexanax|pokemaniac|1079\n|player|p2|Shirteasy22|dancer|1131\n|teamsize|p1|6\n|teamsize|p2|6\n|gen|9\n|tier|[Gen 9] VGC 2025 Reg I (Bo3)\n|rated|\n|rule|Species Clause: Limit one of each Pok\u00e9mon\n|rule|Item Clause: Limit 1 of each item\n|clearpoke\n|poke|p1|Calyrex-Shadow, L50|\n|poke|p1|Regieleki, L50|\n|poke|p1|Zamazenta-*, L50|\n|poke|p1|Urshifu-*, L50, M|\n|poke|p1|Incineroar, L50, F|\n|poke|p1|Farigiraf, L50, M|\n|poke|p2|Calyrex-Shadow, L50|\n|poke|p2|Thundurus, L50, M|\n|poke|p2|Koraidon, L50|\n|poke|p2|Clefairy, L50, M|\n|poke|p2|Incineroar, L50, F|\n|poke|p2|Ting-Lu, L50|\n|teampreview|4\n|showteam|p1|Calyrex-Shadow||FocusSash|AsOneSpectrier|AstralBarrage,Psychic,Encore,Protect||||||50|,,,,,Ghost]Regieleki||CovertCloak|Transistor|Electroweb,Thunderbolt,VoltSwitch,Protect||||||50|,,,,,Electric]Zamazenta-Crowned||RustedShield|DauntlessShield|BodyPress,HeavySlam,WideGuard,Protect||||||50|,,,,,Dragon]Urshifu-Rapid-Strike||ChoiceScarf|UnseenFist|SurgingStrikes,CloseCombat,Uturn,AquaJet|||M|||50|,,,,,Ghost]Incineroar||SitrusBerry|Intimidate|WillOWisp,FakeOut,KnockOff,PartingShot|||F|||50|,,,,,Ghost]Farigiraf||SafetyGoggles|ArmorTail|Psychic,FoulPlay,TrickRoom,HelpingHand|||M|||50|,,,,,Water\n|showteam|p2|Calyrex-Shadow||LifeOrb|AsOneSpectrier|AstralBarrage,Encore,Protect,DrainingKiss||||||50|,,,,,Fairy]Thundurus||WideLens|Prankster|ThunderWave,WildboltStorm,Protect,Taunt|||M|||50|,,,,,Steel]Koraidon||ClearAmulet|OrichalcumPulse|CollisionCourse,Protect,FlareBlitz,FlameCharge||||||50|,,,,,Fire]Clefairy||Eviolite|FriendGuard|FollowMe,AfterYou,HelpingHand,IcyWind|||M|||50|,,,,,Fairy]Incineroar||ChopleBerry|Intimidate|FlareBlitz,KnockOff,PartingShot,FakeOut|||F|||50|,,,,,Water]Ting-Lu||AssaultVest|VesselofRuin|ThroatChop,Snarl,Fissure,StompingTantrum||||||50|,,,,,Ghost\n|inactive|Battle timer is ON: inactive players will automatically lose when time's up. (requested by fakexanax)\n|inactive|fakexanax has 60 seconds left.\n|inactive|Shirteasy22 has 60 seconds left.\n|inactive|Shirteasy22 has 30 seconds left.\n|inactive|fakexanax has 30 seconds left.\n|\n|t:|1746102117\n|start\n|switch|p1a: Urshifu|Urshifu-Rapid-Strike, L50, M|100/100\n|switch|p1b: Incineroar|Incineroar, L50, F|100/100\n|switch|p2a: Clefairy|Clefairy, L50, M|100/100\n|switch|p2b: Koraidon|Koraidon, L50|100/100\n|-weather|SunnyDay|[from] ability: Orichalcum Pulse|[of] p2b: Koraidon\n|-activate|p2b: Koraidon|Orichalcum Pulse|[source]\n|-ability|p1b: Incineroar|Intimidate|boost\n|-unboost|p2a: Clefairy|atk|1\n|-fail|p2b: Koraidon|unboost|[from] item: Clear Amulet|[of] p2b: Koraidon\n|turn|1\n|inactive|Shirteasy22 has 30 seconds left.\n|\n|t:|1746102150\n|-terastallize|p1b: Incineroar|Ghost\n|move|p1b: Incineroar|Fake Out|p2a: Clefairy\n|-damage|p2a: Clefairy|90/100\n|cant|p2a: Clefairy|flinch\n|move|p1a: Urshifu|Surging Strikes|p2a: Clefairy\n|-crit|p2a: Clefairy\n|-damage|p2a: Clefairy|82/100\n|-crit|p2a: Clefairy\n|-damage|p2a: Clefairy|73/100\n|-crit|p2a: Clefairy\n|-damage|p2a: Clefairy|64/100\n|-hitcount|p2a: Clefairy|3\n|move|p2b: Koraidon|Collision Course|p1b: Incineroar\n|-immune|p1b: Incineroar\n|\n|-weather|SunnyDay|[upkeep]\n|upkeep\n|turn|2\n|\n|t:|1746102175\n|move|p2a: Clefairy|Follow Me|p2a: Clefairy\n|-singleturn|p2a: Clefairy|move: Follow Me\n|move|p1a: Urshifu|Surging Strikes|p2a: Clefairy\n|-crit|p2a: Clefairy\n|-damage|p2a: Clefairy|55/100\n|-crit|p2a: Clefairy\n|-damage|p2a: Clefairy|46/100\n|-crit|p2a: Clefairy\n|-damage|p2a: Clefairy|38/100\n|-hitcount|p2a: Clefairy|3\n|move|p2b: Koraidon|Flame Charge|p1b: Incineroar\n|-damage|p1b: Incineroar|72/100\n|-boost|p2b: Koraidon|spe|1\n|move|p1b: Incineroar|Knock Off|p2a: Clefairy\n|-resisted|p2a: Clefairy\n|-damage|p2a: Clefairy|22/100\n|-enditem|p2a: Clefairy|Eviolite|[from] move: Knock Off|[of] p1b: Incineroar\n|\n|-weather|SunnyDay|[upkeep]\n|upkeep\n|turn|3\n|\n|t:|1746102197\n|move|p2a: Clefairy|Follow Me|p2a: Clefairy\n|-singleturn|p2a: Clefairy|move: Follow Me\n|move|p2b: Koraidon|Collision Course|p1a: Urshifu\n|-damage|p1a: Urshifu|40/100\n|move|p1a: Urshifu|Surging Strikes|p2a: Clefairy\n|-crit|p2a: Clefairy\n|-damage|p2a: Clefairy|9/100\n|-crit|p2a: Clefairy\n|-damage|p2a: Clefairy|0 fnt\n|faint|p2a: Clefairy\n|-hitcount|p2: Clefairy|2\n|move|p1b: Incineroar|Will-O-Wisp|p2b: Koraidon\n|-status|p2b: Koraidon|brn\n|\n|-weather|SunnyDay|[upkeep]\n|-damage|p2b: Koraidon|95/100 brn|[from] brn\n|upkeep\n|inactive|Shirteasy22 has 30 seconds left.\n|inactive|Shirteasy22 has 20 seconds left.\n|\n|t:|1746102233\n|switch|p2a: Calyrex|Calyrex-Shadow, L50|100/100\n|-ability|p2a: Calyrex|As One\n|-ability|p2a: Calyrex|Unnerve\n|turn|4\n|\n|t:|1746102246\n|move|p2b: Koraidon|Collision Course|p1a: Urshifu\n|-damage|p1a: Urshifu|10/100\n|move|p1a: Urshifu|Surging Strikes|p2a: Calyrex\n|-crit|p2a: Calyrex\n|-damage|p2a: Calyrex|90/100\n|-crit|p2a: Calyrex\n|-damage|p2a: Calyrex|78/100\n|-crit|p2a: Calyrex\n|-damage|p2a: Calyrex|66/100\n|-hitcount|p2a: Calyrex|3\n|move|p2a: Calyrex|Astral Barrage|p1a: Urshifu|[spread] p1a,p1b\n|-supereffective|p1b: Incineroar\n|-damage|p1a: Urshifu|0 fnt\n|-damage|p1b: Incineroar|0 fnt\n|faint|p1a: Urshifu\n|faint|p1b: Incineroar\n|-ability|p2a: Calyrex|Grim Neigh|boost\n|-boost|p2a: Calyrex|spa|2\n|-damage|p2a: Calyrex|56/100|[from] item: Life Orb\n|\n|-weather|SunnyDay|[upkeep]\n|-damage|p2b: Koraidon|89/100 brn|[from] brn\n|upkeep\n|\n|t:|1746102249\n|switch|p1a: Calyrex|Calyrex-Shadow, L50|100/100\n|switch|p1b: Zamazenta|Zamazenta-Crowned, L50|100/100\n|-ability|p1a: Calyrex|As One\n|-ability|p1a: Calyrex|Unnerve\n|-ability|p1b: Zamazenta|Dauntless Shield|boost\n|-boost|p1b: Zamazenta|def|1\n|turn|5\n|inactive|Shirteasy22 has 30 seconds left.\n|inactive|Shirteasy22 has 20 seconds left.\n|inactive|Shirteasy22 has 15 seconds left.\n|inactive|Shirteasy22 has 10 seconds left.\n|inactive|Shirteasy22 has 5 seconds left.\n|\n|t:|1746102300\n|switch|p2b: Ting-Lu|Ting-Lu, L50|100/100\n|-ability|p2b: Ting-Lu|Vessel of Ruin\n|move|p2a: Calyrex|Protect|p2a: Calyrex\n|-singleturn|p2a: Calyrex|Protect\n|move|p1b: Zamazenta|Protect|p1b: Zamazenta\n|-singleturn|p1b: Zamazenta|Protect\n|move|p1a: Calyrex|Astral Barrage|p2b: Ting-Lu|[spread] p2b\n|-activate|p2a: Calyrex|move: Protect\n|-resisted|p2b: Ting-Lu\n|-damage|p2b: Ting-Lu|93/100\n|\n|-weather|none\n|upkeep\n|turn|6\n|inactive|Shirteasy22 has 30 seconds left.\n|\n|t:|1746102330\n|move|p1a: Calyrex|Astral Barrage|p2a: Calyrex|[spread] p2a,p2b\n|-supereffective|p2a: Calyrex\n|-resisted|p2b: Ting-Lu\n|-damage|p2a: Calyrex|0 fnt\n|-damage|p2b: Ting-Lu|85/100\n|faint|p2a: Calyrex\n|-ability|p1a: Calyrex|Grim Neigh|boost\n|-boost|p1a: Calyrex|spa|1\n|move|p1b: Zamazenta|Body Press|p2b: Ting-Lu\n|-supereffective|p2b: Ting-Lu\n|-damage|p2b: Ting-Lu|1/100\n|move|p2b: Ting-Lu|Snarl|p1b: Zamazenta|[spread] p1b\n|-miss|p2b: Ting-Lu|p1a: Calyrex\n|-resisted|p1b: Zamazenta\n|-damage|p1b: Zamazenta|97/100\n|-unboost|p1b: Zamazenta|spa|1\n|\n|upkeep\n|-message|Shirteasy22 forfeited.\n|\n|win|fakexanax\n|l|\u2606Shirteasy22\n|player|p2|\n||fakexanax is ready for game 2.\n||Shirteasy22 is ready for game 2.\n|uhtml|next|Next: <a href=\"/battle-gen9vgc2025regibo3-2354609273\"><strong>Game 2 of 3</strong></a>\n|l|\u2606fakexanax\n|player|p1|\n", "uploadtime": 1746102735, "views": 8, "formatid": "gen9vgc2025regibo3", "rating": null, "private": 0, "password": null}