{"id": "gen9vgc2025regibo3-2354022866", "format": "[Gen 9] VGC 2025 Reg I (Bo3)", "players": ["ChoerryVGC", "200dollarteam"], "log": "|j|\u2606ChoerryVGC\n|j|\u2606200dollarteam\n|html|<table width=\"100%\"><tr><td align=\"left\">ChoerryVGC</td><td align=\"right\">200dollarteam</tr><tr><td align=\"left\"><i class=\"fa fa-circle-o\"></i> <i class=\"fa fa-circle-o\"></i> </td><td align=\"right\"><i class=\"fa fa-circle-o\"></i> <i class=\"fa fa-circle-o\"></i> </tr></table>\n|uhtml|bestof|<h2><strong>Game 1</strong> of <a href=\"/game-bestof3-gen9vgc2025regibo3-2354022865\">a best-of-3</a></h2>\n|t:|1746028270\n|gametype|doubles\n|player|p1|ChoerryVGC|lacey|1286\n|player|p2|200dollarteam|shauntal|1383\n|teamsize|p1|6\n|teamsize|p2|6\n|gen|9\n|tier|[Gen 9] VGC 2025 Reg I (Bo3)\n|rated|\n|rule|Species Clause: Limit one of each Pok\u00e9mon\n|rule|Item Clause: Limit 1 of each item\n|clearpoke\n|poke|p1|Koraidon, L50|\n|poke|p1|Chi-Yu, L50|\n|poke|p1|Calyrex-Shadow, L50|\n|poke|p1|Weezing-Galar, L50, M|\n|poke|p1|Dondozo, L50, F|\n|poke|p1|Tatsugiri-Droopy, L50, M|\n|poke|p2|Zamazenta-*, L50|\n|poke|p2|Miraidon, L50|\n|poke|p2|Farigiraf, L50, M|\n|poke|p2|Iron Bundle, L50|\n|poke|p2|Incineroar, L50, M|\n|poke|p2|Ursaluna, L50, M|\n|teampreview|4\n|showteam|p1|Koraidon||AbilityShield|OrichalcumPulse|CollisionCourse,FlareBlitz,FlameCharge,Protect||||||50|,,,,,Fire]Chi-Yu||ChoiceScarf|BeadsofRuin|Overheat,HeatWave,DarkPulse,Snarl||||||50|,,,,,Ghost]Calyrex-Shadow||FocusSash|AsOneSpectrier|AstralBarrage,Disable,Encore,Protect||||||50|,,,,,Ghost]Weezing-Galar||RockyHelmet|NeutralizingGas|DazzlingGleam,ToxicSpikes,PoisonGas,Protect|||M|||50|,,,,,Water]Dondozo||Leftovers|Unaware|OrderUp,BodyPress,Earthquake,Protect|||F|||50|,,,,,Grass]Tatsugiri-Droopy||SafetyGoggles|Commander|MuddyWater,DracoMeteor,Taunt,Protect|||M|||50|,,,,,Fairy\n|showteam|p2|Zamazenta-Crowned||RustedShield|DauntlessShield|BodyPress,HeavySlam,WideGuard,Protect||||||50|,,,,,Dragon]Miraidon||ChoiceSpecs|HadronEngine|ElectroDrift,DracoMeteor,VoltSwitch,DazzlingGleam||||||50|,,,,,Fairy]Farigiraf||ElectricSeed|ArmorTail|Psychic,FoulPlay,HelpingHand,TrickRoom|||M|||50|,,,,,Water]Iron Bundle||FocusSash|QuarkDrive|IcyWind,FreezeDry,Encore,Protect||||||50|,,,,,Ghost]Incineroar||AssaultVest|Intimidate|KnockOff,FlareBlitz,Uturn,FakeOut|||M|||50|,,,,,Bug]Ursaluna||FlameOrb|Guts|Facade,HeadlongRush,Substitute,Protect|||M|||50|,,,,,Poison\n|inactive|Battle timer is ON: inactive players will automatically lose when time's up. (requested by 200dollarteam)\n|inactive|ChoerryVGC also wants the timer to be on.\n|inactive|ChoerryVGC has 60 seconds left.\n|inactive|200dollarteam has 60 seconds left.\n|inactive|200dollarteam has 30 seconds left.\n|inactive|200dollarteam has 20 seconds left.\n|inactive|200dollarteam has 15 seconds left.\n|inactive|200dollarteam has 10 seconds left.\n|inactive|200dollarteam has 5 seconds left.\n|\n|t:|1746028360\n|start\n|switch|p1a: Koraidon|Koraidon, L50|100/100\n|switch|p1b: Weezing|Weezing-Galar, L50, M|100/100\n|switch|p2a: Iron Bundle|Iron Bundle, L50|100/100\n|switch|p2b: Miraidon|Miraidon, L50|100/100\n|-ability|p1b: Weezing|Neutralizing Gas\n|-block|p1a: Koraidon|item: Ability Shield\n|-weather|SunnyDay|[from] ability: Orichalcum Pulse|[of] p1a: Koraidon\n|-activate|p1a: Koraidon|Orichalcum Pulse|[source]\n|turn|1\n|inactive|ChoerryVGC has 30 seconds left.\n|\n|t:|1746028388\n|-terastallize|p1a: Koraidon|Fire\n|move|p2a: Iron Bundle|Icy Wind|p1a: Koraidon|[spread] p1a,p1b\n|-resisted|p1a: Koraidon\n|-damage|p1a: Koraidon|90/100\n|-damage|p1b: Weezing|78/100\n|-unboost|p1a: Koraidon|spe|1\n|-unboost|p1b: Weezing|spe|1\n|move|p2b: Miraidon|Draco Meteor|p1a: Koraidon|[miss]\n|-miss|p2b: Miraidon|p1a: Koraidon\n|move|p1a: Koraidon|Flare Blitz|p2b: Miraidon\n|-resisted|p2b: Miraidon\n|-damage|p2b: Miraidon|40/100\n|-damage|p1a: Koraidon|70/100|[from] Recoil\n|move|p1b: Weezing|Toxic Spikes|p2b: Miraidon\n|-sidestart|p2: 200dollarteam|move: Toxic Spikes\n|\n|-weather|SunnyDay|[upkeep]\n|upkeep\n|turn|2\n|\n|t:|1746028411\n|move|p1a: Koraidon|Protect|p1a: Koraidon\n|-singleturn|p1a: Koraidon|Protect\n|move|p2a: Iron Bundle|Icy Wind|p1a: Koraidon|[spread] p1b\n|-activate|p1a: Koraidon|move: Protect\n|-damage|p1b: Weezing|54/100\n|-unboost|p1b: Weezing|spe|1\n|move|p2b: Miraidon|Draco Meteor|p1a: Koraidon\n|-activate|p1a: Koraidon|move: Protect\n|move|p1b: Weezing|Dazzling Gleam|p2b: Miraidon|[spread] p2a,p2b\n|-supereffective|p2b: Miraidon\n|-damage|p2a: Iron Bundle|65/100\n|-damage|p2b: Miraidon|2/100\n|\n|-weather|SunnyDay|[upkeep]\n|upkeep\n|turn|3\n|\n|t:|1746028423\n|switch|p1a: Tatsugiri|Tatsugiri-Droopy, L50, M|100/100\n|-end|p1b: Weezing|ability: Neutralizing Gas\n|-fieldstart|move: Electric Terrain|[from] ability: Hadron Engine|[of] p2b: Miraidon\n|-activate|p2a: Iron Bundle|ability: Quark Drive\n|-start|p2a: Iron Bundle|quarkdrivespe\n|switch|p1b: Dondozo|Dondozo, L50, F|100/100\n|-activate|p1a: Tatsugiri|ability: Commander|[of] p1b: Dondozo\n|-boost|p1b: Dondozo|atk|2\n|-boost|p1b: Dondozo|spa|2\n|-boost|p1b: Dondozo|spe|2\n|-boost|p1b: Dondozo|def|2\n|-boost|p1b: Dondozo|spd|2\n|move|p2a: Iron Bundle|Icy Wind|p1a: Tatsugiri|[spread] p1b\n|-miss|p2a: Iron Bundle|p1a: Tatsugiri\n|-resisted|p1b: Dondozo\n|-damage|p1b: Dondozo|96/100\n|-unboost|p1b: Dondozo|spe|1\n|move|p2b: Miraidon|Draco Meteor|p1a: Tatsugiri|[miss]\n|-miss|p2b: Miraidon|p1a: Tatsugiri\n|\n|-weather|SunnyDay|[upkeep]\n|-heal|p1b: Dondozo|100/100|[from] item: Leftovers\n|upkeep\n|turn|4\n|\n|t:|1746028436\n|move|p2a: Iron Bundle|Freeze-Dry|p1b: Dondozo\n|-supereffective|p1b: Dondozo\n|-damage|p1b: Dondozo|69/100\n|move|p2b: Miraidon|Draco Meteor|p1b: Dondozo\n|-damage|p1b: Dondozo|8/100\n|-unboost|p2b: Miraidon|spa|2\n|move|p1b: Dondozo|Earthquake|p2b: Miraidon|[spread] p2a,p2b\n|-miss|p1b: Dondozo|p1a: Tatsugiri\n|-supereffective|p2b: Miraidon\n|-damage|p2a: Iron Bundle|20/100\n|-damage|p2b: Miraidon|0 fnt\n|faint|p2b: Miraidon\n|\n|-weather|SunnyDay|[upkeep]\n|-heal|p1b: Dondozo|15/100|[from] item: Leftovers\n|upkeep\n|\n|t:|1746028449\n|switch|p2b: Zamazenta|Zamazenta-Crowned, L50|100/100\n|-ability|p2b: Zamazenta|Dauntless Shield|boost\n|-boost|p2b: Zamazenta|def|1\n|turn|5\n|\n|t:|1746028466\n|move|p1b: Dondozo|Protect|p1b: Dondozo\n|-singleturn|p1b: Dondozo|Protect\n|move|p2a: Iron Bundle|Freeze-Dry|p1b: Dondozo\n|-activate|p1b: Dondozo|move: Protect\n|move|p2b: Zamazenta|Body Press|p1a: Tatsugiri|[miss]\n|-miss|p2b: Zamazenta|p1a: Tatsugiri\n|\n|-weather|none\n|-heal|p1b: Dondozo|21/100|[from] item: Leftovers\n|upkeep\n|turn|6\n|\n|t:|1746028472\n|move|p2a: Iron Bundle|Freeze-Dry|p1b: Dondozo\n|-supereffective|p1b: Dondozo\n|-damage|p1b: Dondozo|0 fnt\n|faint|p1b: Dondozo\n|move|p2b: Zamazenta|Body Press|p1a: Tatsugiri\n|-damage|p1a: Tatsugiri|9/100\n|\n|upkeep\n|\n|t:|1746028490\n|switch|p1b: Koraidon|Koraidon, L50, tera:Fire|70/100\n|-weather|SunnyDay|[from] ability: Orichalcum Pulse|[of] p1b: Koraidon\n|-activate|p1b: Koraidon|Orichalcum Pulse|[source]\n|turn|7\n|\n|t:|1746028514\n|switch|p1a: Weezing|Weezing-Galar, L50, M|54/100\n|-ability|p1a: Weezing|Neutralizing Gas\n|-block|p1b: Koraidon|item: Ability Shield\n|-terastallize|p2b: Zamazenta|Dragon\n|move|p1b: Koraidon|Protect|p1b: Koraidon\n|-singleturn|p1b: Koraidon|Protect\n|move|p2a: Iron Bundle|Icy Wind|p1b: Koraidon|[spread] p1a\n|-activate|p1b: Koraidon|move: Protect\n|-damage|p1a: Weezing|30/100\n|-unboost|p1a: Weezing|spe|1\n|move|p2b: Zamazenta|Body Press|p1b: Koraidon\n|-activate|p1b: Koraidon|move: Protect\n|\n|-weather|SunnyDay|[upkeep]\n|-fieldend|move: Electric Terrain\n|upkeep\n|turn|8\n|\n|t:|1746028525\n|switch|p1b: Tatsugiri|Tatsugiri-Droopy, L50, M|9/100\n|move|p2a: Iron Bundle|Encore||[still]\n|-fail|p2a: Iron Bundle\n|move|p2b: Zamazenta|Heavy Slam|p1a: Weezing\n|-supereffective|p1a: Weezing\n|-damage|p1a: Weezing|0 fnt\n|-damage|p2b: Zamazenta|84/100|[from] item: Rocky Helmet|[of] p1a: Weezing\n|faint|p1a: Weezing\n|-end|p1a: Weezing|ability: Neutralizing Gas\n|-end|p2a: Iron Bundle|Quark Drive\n|\n|-weather|SunnyDay|[upkeep]\n|upkeep\n|\n|t:|1746028535\n|switch|p1a: Koraidon|Koraidon, L50, tera:Fire|70/100\n|-activate|p1a: Koraidon|ability: Orichalcum Pulse\n|turn|9\n|\n|t:|1746028543\n|move|p2a: Iron Bundle|Icy Wind|p1b: Tatsugiri|[spread] p1a,p1b\n|-resisted|p1a: Koraidon\n|-damage|p1a: Koraidon|59/100\n|-damage|p1b: Tatsugiri|0 fnt\n|-unboost|p1a: Koraidon|spe|1\n|faint|p1b: Tatsugiri\n|move|p2b: Zamazenta|Body Press|p1a: Koraidon\n|-damage|p1a: Koraidon|0 fnt\n|faint|p1a: Koraidon\n|\n|win|200dollarteam\n||200dollarteam is ready for game 2.\n||ChoerryVGC is ready for game 2.\n|uhtml|next|Next: <a href=\"/battle-gen9vgc2025regibo3-2354026117\"><strong>Game 2 of 3</strong></a>\n", "uploadtime": 1746029077, "views": 18, "formatid": "gen9vgc2025regibo3", "rating": null, "private": 0, "password": null}