{"id": "gen9vgc2025regibo3-2353825532", "format": "[Gen 9] VGC 2025 Reg I (Bo3)", "players": ["Bug master LG", "Sakura\u306eNyx"], "log": "|j|\u2606Bug master LG\n|j|\u2606Sakura\u306eNyx\n|html|<table width=\"100%\"><tr><td align=\"left\">Bug master LG</td><td align=\"right\">Sakura\u306eNyx</tr><tr><td align=\"left\"><i class=\"fa fa-circle-o\"></i> <i class=\"fa fa-circle-o\"></i> </td><td align=\"right\"><i class=\"fa fa-circle-o\"></i> <i class=\"fa fa-circle-o\"></i> </tr></table>\n|uhtml|bestof|<h2><strong>Game 1</strong> of <a href=\"/game-bestof3-gen9vgc2025regibo3-2353825531\">a best-of-3</a></h2>\n|t:|1746006268\n|gametype|doubles\n|player|p1|Bug master LG|bugcatcher-gen4dp|1031\n|player|p2|Sakura\u306eNyx|2|1078\n|teamsize|p1|6\n|teamsize|p2|6\n|gen|9\n|tier|[Gen 9] VGC 2025 Reg I (Bo3)\n|rated|\n|rule|Species Clause: Limit one of each Pok\u00e9mon\n|rule|Item Clause: Limit 1 of each item\n|clearpoke\n|poke|p1|Ogerpon-Cornerstone, L50, F|\n|poke|p1|Lunala, L50|\n|poke|p1|Zamazenta-*, L50|\n|poke|p1|Tornadus, L50, M|\n|poke|p1|Brute Bonnet, L50|\n|poke|p1|Arcanine-Hisui, L50, F|\n|poke|p2|Lunala, L50|\n|poke|p2|Eternatus, L50|\n|poke|p2|Indeedee-F, L50, F|\n|poke|p2|Rillaboom, L50, F|\n|poke|p2|Incineroar, L50, M|\n|poke|p2|Thundurus, L50, M|\n|teampreview|4\n|showteam|p1|Ogerpon-Cornerstone||CornerstoneMask|Sturdy|FollowMe,SpikyShield,HornLeech,IvyCudgel|||F|||50|,,,,,Rock]Lunala||PowerHerb|ShadowShield|MeteorBeam,MoongeistBeam,Psychic,Moonlight||||||50|,,,,,Rock]Zamazenta-Crowned||RustedShield|DauntlessShield|IronDefense,BodyPress,behemothbash,WideGuard||||||50|,,,,,Dragon]Tornadus||CovertCloak|Prankster|Taunt,Sandstorm,BleakwindStorm,Tailwind|||M|||50|,,,,,Dark]Brute Bonnet||BoosterEnergy|Protosynthesis|SuckerPunch,Spore,SeedBomb,Protect||||||50|,,,,,Poison]Arcanine-Hisui||MirrorHerb|Intimidate|FlareBlitz,RockSlide,ExtremeSpeed,HelpingHand|||F|||50|,,,,,Fairy\n|showteam|p2|Lunala||Leftovers|ShadowShield|Protect,CalmMind,ExpandingForce,MoongeistBeam||||||50|,,,,,Fairy]Eternatus||LifeOrb|Pressure|DynamaxCannon,SludgeBomb,Protect,Recover||||||50|,,,,,Fairy]Indeedee-F||PsychicSeed|PsychicSurge|FollowMe,Psychic,HelpingHand,Protect|||F|||50|,,,,,Grass]Rillaboom||AssaultVest|GrassySurge|FakeOut,Uturn,WoodHammer,HighHorsepower|||F|||50|,,,,,Fire]Incineroar||RockyHelmet|Intimidate|FakeOut,PartingShot,KnockOff,WillOWisp|||M|||50|,,,,,Ghost]Thundurus||CovertCloak|Prankster|RainDance,Taunt,EerieImpulse,Thunderbolt|||M|||50|,,,,,Dark\n|\n|t:|1746006313\n|start\n|switch|p1a: Tornadus|Tornadus, L50, M|100/100\n|switch|p1b: Ogerpon|Ogerpon-Cornerstone, L50, F|100/100\n|switch|p2a: Thundurus|Thundurus, L50, M|100/100\n|switch|p2b: Lunala|Lunala, L50|100/100\n|turn|1\n|\n|t:|1746006345\n|-terastallize|p1a: Tornadus|Dark\n|move|p2b: Lunala|Protect|p2b: Lunala\n|-singleturn|p2b: Lunala|Protect\n|move|p1a: Tornadus|Sandstorm|p1a: Tornadus\n|-weather|Sandstorm\n|move|p2a: Thundurus|Taunt|p1a: Tornadus\n|-hint|Since gen 7, Dark is immune to Prankster moves.\n|-immune|p1a: Tornadus\n|move|p1b: Ogerpon|Ivy Cudgel|p2a: Thundurus|[anim] Ivy Cudgel Rock\n|-supereffective|p2a: Thundurus\n|-damage|p2a: Thundurus|0 fnt\n|faint|p2a: Thundurus\n|\n|-weather|Sandstorm|[upkeep]\n|-damage|p1a: Tornadus|95/100|[from] Sandstorm\n|-damage|p2b: Lunala|94/100|[from] Sandstorm\n|-heal|p2b: Lunala|100/100|[from] item: Leftovers\n|upkeep\n|\n|t:|1746006369\n|switch|p2a: Eternatus|Eternatus, L50|100/100\n|-ability|p2a: Eternatus|Pressure\n|turn|2\n|\n|t:|1746006422\n|move|p1a: Tornadus|Taunt|p2b: Lunala\n|-start|p2b: Lunala|move: Taunt\n|move|p1b: Ogerpon|Ivy Cudgel|p2a: Eternatus|[anim] Ivy Cudgel Rock\n|-damage|p2a: Eternatus|48/100\n|move|p2a: Eternatus|Dynamax Cannon|p1a: Tornadus\n|-damage|p1a: Tornadus|0 fnt\n|faint|p1a: Tornadus\n|-damage|p2a: Eternatus|38/100|[from] item: Life Orb\n|cant|p2b: Lunala|move: Taunt|Calm Mind\n|\n|-weather|Sandstorm|[upkeep]\n|-damage|p2a: Eternatus|32/100|[from] Sandstorm\n|-damage|p2b: Lunala|94/100|[from] Sandstorm\n|-heal|p2b: Lunala|100/100|[from] item: Leftovers\n|upkeep\n|\n|t:|1746006436\n|switch|p1a: Lunala|Lunala, L50|100/100\n|turn|3\n|\n|t:|1746006448\n|move|p2a: Eternatus|Protect|p2a: Eternatus\n|-singleturn|p2a: Eternatus|Protect\n|move|p1b: Ogerpon|Follow Me|p1b: Ogerpon\n|-singleturn|p1b: Ogerpon|move: Follow Me\n|move|p1a: Lunala|Meteor Beam||[still]\n|-prepare|p1a: Lunala|Meteor Beam\n|-boost|p1a: Lunala|spa|1\n|-enditem|p1a: Lunala|Power Herb\n|-anim|p1a: Lunala|Meteor Beam|p2a: Eternatus\n|-activate|p2a: Eternatus|move: Protect\n|move|p2b: Lunala|Moongeist Beam|p1b: Ogerpon\n|-damage|p1b: Ogerpon|50/100\n|\n|-weather|Sandstorm|[upkeep]\n|-damage|p2a: Eternatus|26/100|[from] Sandstorm\n|-damage|p1a: Lunala|94/100|[from] Sandstorm\n|-damage|p2b: Lunala|94/100|[from] Sandstorm\n|-heal|p2b: Lunala|100/100|[from] item: Leftovers\n|upkeep\n|turn|4\n|\n|t:|1746006478\n|switch|p2a: Indeedee|Indeedee-F, L50, F|100/100\n|-fieldstart|move: Psychic Terrain|[from] ability: Psychic Surge|[of] p2a: Indeedee\n|-enditem|p2a: Indeedee|Psychic Seed\n|-boost|p2a: Indeedee|spd|1|[from] item: Psychic Seed\n|-terastallize|p2b: Lunala|Fairy\n|move|p1b: Ogerpon|Follow Me|p1b: Ogerpon\n|-singleturn|p1b: Ogerpon|move: Follow Me\n|move|p1a: Lunala|Moongeist Beam|p2b: Lunala\n|-damage|p2b: Lunala|69/100\n|move|p2b: Lunala|Expanding Force|p1a: Lunala|[spread] p1a,p1b\n|-resisted|p1a: Lunala\n|-damage|p1a: Lunala|68/100\n|-damage|p1b: Ogerpon|0 fnt\n|faint|p1b: Ogerpon\n|\n|-weather|Sandstorm|[upkeep]\n|-damage|p1a: Lunala|62/100|[from] Sandstorm\n|-damage|p2b: Lunala|63/100|[from] Sandstorm\n|-damage|p2a: Indeedee|94/100|[from] Sandstorm\n|-heal|p2b: Lunala|69/100|[from] item: Leftovers\n|-end|p2b: Lunala|move: Taunt\n|upkeep\n|\n|t:|1746006493\n|switch|p1b: Zamazenta|Zamazenta-Crowned, L50|100/100\n|-ability|p1b: Zamazenta|Dauntless Shield|boost\n|-boost|p1b: Zamazenta|def|1\n|turn|5\n|\n|t:|1746006527\n|move|p1b: Zamazenta|Wide Guard|p1b: Zamazenta\n|-singleturn|p1b: Zamazenta|Wide Guard\n|move|p2a: Indeedee|Follow Me|p2a: Indeedee\n|-singleturn|p2a: Indeedee|move: Follow Me\n|move|p1a: Lunala|Psychic|p2a: Indeedee\n|-resisted|p2a: Indeedee\n|-damage|p2a: Indeedee|62/100\n|move|p2b: Lunala|Moongeist Beam|p1a: Lunala\n|-supereffective|p1a: Lunala\n|-damage|p1a: Lunala|0 fnt\n|faint|p1a: Lunala\n|\n|-weather|none\n|-heal|p2b: Lunala|75/100|[from] item: Leftovers\n|upkeep\n|turn|6\n|\n|t:|1746006551\n|move|p2a: Indeedee|Follow Me|p2a: Indeedee\n|-singleturn|p2a: Indeedee|move: Follow Me\n|move|p1b: Zamazenta|Iron Defense|p1b: Zamazenta\n|-boost|p1b: Zamazenta|def|2\n|move|p2b: Lunala|Moongeist Beam|p1b: Zamazenta\n|-damage|p1b: Zamazenta|55/100\n|\n|-heal|p2b: Lunala|81/100|[from] item: Leftovers\n|upkeep\n|turn|7\n|\n|t:|1746006574\n|move|p2a: Indeedee|Follow Me|p2a: Indeedee\n|-singleturn|p2a: Indeedee|move: Follow Me\n|move|p1b: Zamazenta|Body Press|p2a: Indeedee\n|-damage|p2a: Indeedee|0 fnt\n|faint|p2a: Indeedee\n|move|p2b: Lunala|Moongeist Beam|p1b: Zamazenta\n|-damage|p1b: Zamazenta|12/100\n|\n|-heal|p2b: Lunala|87/100|[from] item: Leftovers\n|upkeep\n|\n|t:|1746006584\n|switch|p2a: Eternatus|Eternatus, L50|26/100\n|-ability|p2a: Eternatus|Pressure\n|turn|8\n|\n|t:|1746006592\n|move|p1b: Zamazenta|Behemoth Bash|p2b: Lunala\n|-supereffective|p2b: Lunala\n|-damage|p2b: Lunala|20/100\n|move|p2a: Eternatus|Dynamax Cannon|p1b: Zamazenta\n|-resisted|p1b: Zamazenta\n|-crit|p1b: Zamazenta\n|-damage|p1b: Zamazenta|0 fnt\n|faint|p1b: Zamazenta\n|-damage|p2a: Eternatus|16/100|[from] item: Life Orb\n|\n|win|Sakura\u306eNyx\n||Bug master LG is ready for game 2.\n||Sakura\u306eNyx is ready for game 2.\n|uhtml|next|Next: <a href=\"/battle-gen9vgc2025regibo3-2353827585\"><strong>Game 2 of 3</strong></a>\n|l|\u2606Bug master LG\n|player|p1|\n", "uploadtime": 1746006963, "views": 5, "formatid": "gen9vgc2025regibo3", "rating": null, "private": 0, "password": null}