{"id": "gen9vgc2025regibo3-2354545633", "format": "[Gen 9] VGC 2025 Reg I (Bo3)", "players": ["carrotbeafsteak", "mattyhand"], "log": "|j|\u2606carrotbeafsteak\n|j|\u2606mattyhand\n|html|<table width=\"100%\"><tr><td align=\"left\">carrotbeafsteak</td><td align=\"right\">mattyhand</tr><tr><td align=\"left\"><i class=\"fa fa-circle-o\"></i> <i class=\"fa fa-circle-o\"></i> </td><td align=\"right\"><i class=\"fa fa-circle-o\"></i> <i class=\"fa fa-circle-o\"></i> </tr></table>\n|uhtml|bestof|<h2><strong>Game 1</strong> of <a href=\"/game-bestof3-gen9vgc2025regibo3-2354545632\">a best-of-3</a></h2>\n|t:|1746091776\n|gametype|doubles\n|player|p1|carrotbeafsteak|lady-gen4|1199\n|player|p2|mattyhand|ethan|1170\n|teamsize|p1|6\n|teamsize|p2|6\n|gen|9\n|tier|[Gen 9] VGC 2025 Reg I (Bo3)\n|rated|\n|rule|Species Clause: Limit one of each Pok\u00e9mon\n|rule|Item Clause: Limit 1 of each item\n|clearpoke\n|poke|p1|Miraidon, L50|\n|poke|p1|Zamazenta-*, L50|\n|poke|p1|Bruxish, L50, F|\n|poke|p1|Gholdengo, L50|\n|poke|p1|Murkrow, L50, F|\n|poke|p1|Avalugg-Hisui, L50, M|\n|poke|p2|Koraidon, L50|\n|poke|p2|Lunala, L50|\n|poke|p2|Chi-Yu, L50|\n|poke|p2|Ursaluna, L50, F|\n|poke|p2|Brute Bonnet, L50|\n|poke|p2|Flutter Mane, L50|\n|teampreview|4\n|showteam|p1|Miraidon||LifeOrb|HadronEngine|Protect,ElectroDrift,DazzlingGleam,DracoMeteor||||||50|,,,,,Stellar]Zamazenta-Crowned||RustedShield|DauntlessShield|Protect,BodyPress,behemothbash,WideGuard||||||50|,,,,,Ghost]Bruxish||ChoiceScarf|Dazzling|WaveCrash,PsychicFangs,IcyWind,FlipTurn|||F|||50|,,,,,Normal]Gholdengo||ChoiceSpecs|GoodasGold|MakeItRain,SteelBeam,ShadowBall,PowerGem||||||50|,,,,,Steel]Murkrow||FocusSash|Prankster|Tailwind,Haze,Torment,DarkPulse|||F|||50|,,,,,Ghost]Avalugg-Hisui||LoadedDice|Sturdy|RockBlast,IcicleSpear,MirrorCoat,WideGuard|||M|||50|,,,,,Ghost\n|showteam|p2|Koraidon||LifeOrb|OrichalcumPulse|FlareBlitz,FlameCharge,CloseCombat,Protect||||||50|,,,,,Fire]Lunala||PowerHerb|ShadowShield|MoongeistBeam,MeteorBeam,WideGuard,TrickRoom||||||50|,,,,,Water]Chi-Yu||ChoiceScarf|BeadsofRuin|Overheat,HeatWave,DarkPulse,Snarl||||||50|,,,,,Ghost]Ursaluna||FlameOrb|Guts|Facade,Earthquake,HeadlongRush,Protect|||F|||50|,,,,,Water]Brute Bonnet||CovertCloak|Protosynthesis|SeedBomb,SuckerPunch,Spore,RagePowder||||||50|,,,,,Water]Flutter Mane||FocusSash|Protosynthesis|Moonblast,IcyWind,ShadowBall,Protect||||||50|,,,,,Normal\n|inactive|Battle timer is ON: inactive players will automatically lose when time's up. (requested by mattyhand)\n|inactive|mattyhand has 60 seconds left.\n|\n|t:|1746091833\n|start\n|switch|p1a: Murkrow|Murkrow, L50, F|100/100\n|switch|p1b: Miraidon|Miraidon, L50|100/100\n|switch|p2a: Lunala|Lunala, L50|100/100\n|switch|p2b: Brute Bonnet|Brute Bonnet, L50|100/100\n|-fieldstart|move: Electric Terrain|[from] ability: Hadron Engine|[of] p1b: Miraidon\n|turn|1\n|inactive|mattyhand has 30 seconds left.\n|\n|t:|1746091863\n|move|p2b: Brute Bonnet|Rage Powder|p2b: Brute Bonnet\n|-singleturn|p2b: Brute Bonnet|move: Rage Powder\n|move|p1b: Miraidon|Dazzling Gleam|p2a: Lunala|[spread] p2a,p2b\n|-supereffective|p2b: Brute Bonnet\n|-damage|p2a: Lunala|86/100\n|-damage|p2b: Brute Bonnet|45/100\n|-damage|p1b: Miraidon|91/100|[from] item: Life Orb\n|move|p1a: Murkrow|Dark Pulse|p2b: Brute Bonnet\n|-resisted|p2b: Brute Bonnet\n|-damage|p2b: Brute Bonnet|34/100\n|move|p2a: Lunala|Meteor Beam||[still]\n|-prepare|p2a: Lunala|Meteor Beam\n|-boost|p2a: Lunala|spa|1\n|-enditem|p2a: Lunala|Power Herb\n|-anim|p2a: Lunala|Meteor Beam|p1a: Murkrow\n|-supereffective|p1a: Murkrow\n|-enditem|p1a: Murkrow|Focus Sash\n|-damage|p1a: Murkrow|1/100\n|\n|upkeep\n|turn|2\n|inactive|carrotbeafsteak has 30 seconds left.\n|\n|t:|1746091891\n|move|p2a: Lunala|Wide Guard|p2a: Lunala\n|-singleturn|p2a: Lunala|Wide Guard\n|move|p2b: Brute Bonnet|Sucker Punch|p1a: Murkrow\n|-resisted|p1a: Murkrow\n|-damage|p1a: Murkrow|0 fnt\n|faint|p1a: Murkrow\n|move|p1b: Miraidon|Dazzling Gleam|p2b: Brute Bonnet|[spread] \n|-activate|p2a: Lunala|move: Wide Guard\n|-activate|p2b: Brute Bonnet|move: Wide Guard\n|\n|upkeep\n|\n|t:|1746091897\n|switch|p1a: Zamazenta|Zamazenta-Crowned, L50|100/100\n|-ability|p1a: Zamazenta|Dauntless Shield|boost\n|-boost|p1a: Zamazenta|def|1\n|turn|3\n|\n|t:|1746091915\n|move|p2b: Brute Bonnet|Rage Powder|p2b: Brute Bonnet\n|-singleturn|p2b: Brute Bonnet|move: Rage Powder\n|move|p1b: Miraidon|Electro Drift|p2b: Brute Bonnet\n|-resisted|p2b: Brute Bonnet\n|-damage|p2b: Brute Bonnet|0 fnt\n|faint|p2b: Brute Bonnet\n|-end|p2b: Brute Bonnet|Protosynthesis|[silent]\n|-damage|p1b: Miraidon|81/100|[from] item: Life Orb\n|move|p1a: Zamazenta|Body Press|p2a: Lunala\n|-immune|p2a: Lunala\n|move|p2a: Lunala|Trick Room|p2a: Lunala\n|-fieldstart|move: Trick Room|[of] p2a: Lunala\n|\n|upkeep\n|\n|t:|1746091931\n|switch|p2b: Ursaluna|Ursaluna, L50, F|100/100\n|turn|4\n|\n|t:|1746091946\n|move|p2b: Ursaluna|Protect|p2b: Ursaluna\n|-singleturn|p2b: Ursaluna|Protect\n|move|p2a: Lunala|Moongeist Beam|p1a: Zamazenta\n|-damage|p1a: Zamazenta|48/100\n|move|p1a: Zamazenta|Body Press|p2b: Ursaluna\n|-activate|p2b: Ursaluna|move: Protect\n|move|p1b: Miraidon|Electro Drift|p2a: Lunala\n|-damage|p2a: Lunala|0 fnt\n|faint|p2a: Lunala\n|-damage|p1b: Miraidon|71/100|[from] item: Life Orb\n|\n|-status|p2b: Ursaluna|brn|[from] item: Flame Orb\n|upkeep\n|\n|t:|1746091964\n|switch|p2a: Koraidon|Koraidon, L50|100/100\n|-weather|SunnyDay|[from] ability: Orichalcum Pulse|[of] p2a: Koraidon\n|-activate|p2a: Koraidon|Orichalcum Pulse|[source]\n|turn|5\n|\n|t:|1746091974\n|move|p1a: Zamazenta|Protect|p1a: Zamazenta\n|-singleturn|p1a: Zamazenta|Protect\n|move|p2a: Koraidon|Protect|p2a: Koraidon\n|-singleturn|p2a: Koraidon|Protect\n|move|p2b: Ursaluna|Earthquake|p1a: Zamazenta|[spread] p1b\n|-activate|p2a: Koraidon|move: Protect\n|-activate|p1a: Zamazenta|move: Protect\n|-supereffective|p1b: Miraidon\n|-damage|p1b: Miraidon|0 fnt\n|faint|p1b: Miraidon\n|\n|-weather|SunnyDay|[upkeep]\n|-damage|p2b: Ursaluna|95/100 brn|[from] brn\n|-fieldend|move: Electric Terrain\n|upkeep\n|\n|t:|1746091984\n|switch|p1b: Avalugg|Avalugg-Hisui, L50, M|100/100\n|turn|6\n|\n|t:|1746092005\n|-terastallize|p1a: Zamazenta|Ghost\n|-terastallize|p2a: Koraidon|Fire\n|move|p1b: Avalugg|Icicle Spear|p2a: Koraidon\n|-resisted|p2a: Koraidon\n|-damage|p2a: Koraidon|95/100\n|-resisted|p2a: Koraidon\n|-damage|p2a: Koraidon|89/100\n|-resisted|p2a: Koraidon\n|-damage|p2a: Koraidon|82/100\n|-resisted|p2a: Koraidon\n|-damage|p2a: Koraidon|75/100\n|-resisted|p2a: Koraidon\n|-damage|p2a: Koraidon|69/100\n|-hitcount|p2a: Koraidon|5\n|move|p2b: Ursaluna|Headlong Rush|p1a: Zamazenta\n|-damage|p1a: Zamazenta|8/100\n|-unboost|p2b: Ursaluna|def|1\n|-unboost|p2b: Ursaluna|spd|1\n|move|p1a: Zamazenta|Body Press|p2a: Koraidon\n|-damage|p2a: Koraidon|8/100\n|move|p2a: Koraidon|Flare Blitz|p1b: Avalugg\n|-damage|p1b: Avalugg|7/100\n|-damage|p2a: Koraidon|0 fnt|[from] Recoil\n|faint|p2a: Koraidon\n|\n|-weather|SunnyDay|[upkeep]\n|-damage|p2b: Ursaluna|89/100 brn|[from] brn\n|upkeep\n|turn|7\n|\n|t:|1746092030\n|move|p1b: Avalugg|Icicle Spear|p2b: Ursaluna\n|-supereffective|p2b: Ursaluna\n|-damage|p2b: Ursaluna|58/100 brn\n|-supereffective|p2b: Ursaluna\n|-damage|p2b: Ursaluna|28/100 brn\n|-supereffective|p2b: Ursaluna\n|-damage|p2b: Ursaluna|0 fnt\n|faint|p2b: Ursaluna\n|-hitcount|p2: Ursaluna|3\n|\n|win|carrotbeafsteak\n||carrotbeafsteak is ready for game 2.\n||mattyhand is ready for game 2.\n|uhtml|next|Next: <a href=\"/battle-gen9vgc2025regibo3-2354546971\"><strong>Game 2 of 3</strong></a>\n|l|\u2606mattyhand\n|player|p2|\n|l|\u2606carrotbeafsteak\n|player|p1|\n", "uploadtime": 1746092369, "views": 12, "formatid": "gen9vgc2025regibo3", "rating": null, "private": 0, "password": null}