{"id": "gen9vgc2025regibo3-2354567752", "format": "[Gen 9] VGC 2025 Reg I (Bo3)", "players": ["samarazenta", "NG Dncfgjytfcfjyj"], "log": "|j|\u2606samarazenta\n|j|\u2606NG Dncfgjytfcfjyj\n|html|<table width=\"100%\"><tr><td align=\"left\">samarazenta</td><td align=\"right\">NG Dncfgjytfcfjyj</tr><tr><td align=\"left\"><i class=\"fa fa-circle\"></i> <i class=\"fa fa-circle-o\"></i> </td><td align=\"right\"><i class=\"fa fa-circle-o\"></i> <i class=\"fa fa-circle-o\"></i> </tr></table>\n|uhtml|bestof|<h2><strong>Game 2</strong> of <a href=\"/game-bestof3-gen9vgc2025regibo3-2354566430\">a best-of-3</a></h2>\n|t:|1746095860\n|gametype|doubles\n|player|p1|samarazenta|169|1166\n|player|p2|NG Dncfgjytfcfjyj|170|1076\n|teamsize|p1|6\n|teamsize|p2|6\n|gen|9\n|tier|[Gen 9] VGC 2025 Reg I (Bo3)\n|rated|\n|rule|Species Clause: Limit one of each Pok\u00e9mon\n|rule|Item Clause: Limit 1 of each item\n|clearpoke\n|poke|p1|Calyrex-Shadow, L50|\n|poke|p1|Raging Bolt, L50|\n|poke|p1|Incineroar, L50, M|\n|poke|p1|Rillaboom, L50, F|\n|poke|p1|Tornadus, L50, M|\n|poke|p1|Koraidon, L50|\n|poke|p2|Miraidon, L50|\n|poke|p2|Koraidon, L50|\n|poke|p2|Iron Bundle, L50|\n|poke|p2|Iron Valiant, L50|\n|poke|p2|Gouging Fire, L50|\n|poke|p2|Brute Bonnet, L50|\n|teampreview|4\n|showteam|p1|Calyrex-Shadow||FocusSash|AsOneSpectrier|AstralBarrage,Psychic,NastyPlot,Protect||||||50|,,,,,Ghost]Raging Bolt||BoosterEnergy|Protosynthesis|Thunderbolt,Thunderclap,DragonPulse,Protect||||||50|,,,,,Fairy]Incineroar||SafetyGoggles|Intimidate|FakeOut,PartingShot,KnockOff,Taunt|||M|||50|,,,,,Water]Rillaboom||AssaultVest|GrassySurge|FakeOut,Uturn,WoodHammer,GrassyGlide|||F|||50|,,,,,Water]Tornadus||CovertCloak|Prankster|Tailwind,SunnyDay,BleakwindStorm,Protect|||M|||50|,,,,,Dark]Koraidon||LifeOrb|OrichalcumPulse|FlameCharge,FlareBlitz,CloseCombat,Protect||||||50|,,,,,Fire\n|showteam|p2|Miraidon||LifeOrb|HadronEngine|ElectroDrift,DracoMeteor,DazzlingGleam,Protect||||||50|,,,,,Fairy]Koraidon||ChoiceScarf|OrichalcumPulse|CollisionCourse,FlareBlitz,WildCharge,DragonClaw||||||50|,,,,,Fire]Iron Bundle||BoosterEnergy|QuarkDrive|IcyWind,FreezeDry,HydroPump,Protect||||||50|,,,,,Ice]Iron Valiant||FocusSash|QuarkDrive|Protect,WideGuard,SpiritBreak,Encore||||||50|,,,,,Fairy]Gouging Fire||RockyHelmet|Protosynthesis|BurningBulwark,FlareBlitz,Howl,BreakingSwipe||||||50|,,,,,Steel]Brute Bonnet||SitrusBerry|Protosynthesis|ClearSmog,RagePowder,Spore,SuckerPunch||||||50|,,,,,Dark\n|inactive|Battle timer is ON: inactive players will automatically lose when time's up. (requested by NG Dncfgjytfcfjyj)\n|\n|t:|1746095889\n|start\n|switch|p1a: Raging Bolt|Raging Bolt, L50|100/100\n|switch|p1b: Calyrex|Calyrex-Shadow, L50|100/100\n|switch|p2a: Gouging Fire|Gouging Fire, L50|100/100\n|switch|p2b: Brute Bonnet|Brute Bonnet, L50|100/100\n|-ability|p1b: Calyrex|As One\n|-ability|p1b: Calyrex|Unnerve\n|-enditem|p1a: Raging Bolt|Booster Energy\n|-activate|p1a: Raging Bolt|ability: Protosynthesis|[fromitem]\n|-start|p1a: Raging Bolt|protosynthesisspa\n|turn|1\n|inactive|samarazenta has 30 seconds left.\n|inactive|NG Dncfgjytfcfjyj has 30 seconds left.\n|inactive|samarazenta has 20 seconds left.\n|\n|t:|1746095928\n|-terastallize|p1a: Raging Bolt|Fairy\n|move|p1b: Calyrex|Protect|p1b: Calyrex\n|-singleturn|p1b: Calyrex|Protect\n|move|p2a: Gouging Fire|Burning Bulwark|p2a: Gouging Fire\n|-singleturn|p2a: Gouging Fire|move: Protect\n|move|p1a: Raging Bolt|Dragon Pulse|p2b: Brute Bonnet\n|-crit|p2b: Brute Bonnet\n|-damage|p2b: Brute Bonnet|43/100\n|move|p2b: Brute Bonnet|Spore|p1b: Calyrex\n|-activate|p1b: Calyrex|move: Protect\n|\n|upkeep\n|turn|2\n|inactive|samarazenta has 30 seconds left.\n|inactive|NG Dncfgjytfcfjyj has 30 seconds left.\n|\n|t:|1746095959\n|switch|p1b: Tornadus|Tornadus, L50, M|100/100\n|-enditem|p2b: Brute Bonnet|Sitrus Berry|[eat]\n|-heal|p2b: Brute Bonnet|67/100|[from] item: Sitrus Berry\n|move|p2a: Gouging Fire|Flare Blitz|p1a: Raging Bolt\n|-damage|p1a: Raging Bolt|67/100\n|-damage|p2a: Gouging Fire|89/100|[from] Recoil\n|move|p1a: Raging Bolt|Dragon Pulse|p2b: Brute Bonnet\n|-damage|p2b: Brute Bonnet|33/100\n|move|p2b: Brute Bonnet|Spore|p1b: Tornadus\n|-status|p1b: Tornadus|slp|[from] move: Spore\n|\n|upkeep\n|turn|3\n|\n|t:|1746095980\n|cant|p1b: Tornadus|slp\n|move|p2a: Gouging Fire|Flare Blitz|p1a: Raging Bolt\n|-damage|p1a: Raging Bolt|32/100\n|-damage|p2a: Gouging Fire|76/100|[from] Recoil\n|move|p1a: Raging Bolt|Dragon Pulse|p2b: Brute Bonnet\n|-damage|p2b: Brute Bonnet|0 fnt\n|faint|p2b: Brute Bonnet\n|-end|p2b: Brute Bonnet|Protosynthesis|[silent]\n|\n|upkeep\n|\n|t:|1746095986\n|switch|p2b: Miraidon|Miraidon, L50|100/100\n|-fieldstart|move: Electric Terrain|[from] ability: Hadron Engine|[of] p2b: Miraidon\n|turn|4\n|\n|t:|1746096000\n|-terastallize|p2b: Miraidon|Fairy\n|move|p1a: Raging Bolt|Protect|p1a: Raging Bolt\n|-singleturn|p1a: Raging Bolt|Protect\n|cant|p1b: Tornadus|slp\n|move|p2b: Miraidon|Electro Drift|p1b: Tornadus\n|-supereffective|p1b: Tornadus\n|-damage|p1b: Tornadus|0 fnt\n|faint|p1b: Tornadus\n|-damage|p2b: Miraidon|91/100|[from] item: Life Orb\n|move|p2a: Gouging Fire|Flare Blitz|p1a: Raging Bolt\n|-activate|p1a: Raging Bolt|move: Protect\n|\n|upkeep\n|\n|t:|1746096005\n|switch|p1b: Calyrex|Calyrex-Shadow, L50|100/100\n|-ability|p1b: Calyrex|As One\n|-ability|p1b: Calyrex|Unnerve\n|turn|5\n|\n|t:|1746096016\n|move|p1a: Raging Bolt|Thunderclap|p2b: Miraidon\n|-damage|p2b: Miraidon|34/100\n|move|p1b: Calyrex|Astral Barrage|p2b: Miraidon|[spread] p2a,p2b\n|-damage|p2a: Gouging Fire|30/100\n|-damage|p2b: Miraidon|0 fnt\n|faint|p2b: Miraidon\n|-ability|p1b: Calyrex|Grim Neigh|boost\n|-boost|p1b: Calyrex|spa|1\n|move|p2a: Gouging Fire|Flare Blitz|p1b: Calyrex\n|-damage|p1b: Calyrex|46/100\n|-damage|p2a: Gouging Fire|15/100|[from] Recoil\n|\n|upkeep\n|\n|t:|1746096023\n|switch|p2b: Koraidon|Koraidon, L50|100/100\n|-weather|SunnyDay|[from] ability: Orichalcum Pulse|[of] p2b: Koraidon\n|-activate|p2a: Gouging Fire|ability: Protosynthesis\n|-start|p2a: Gouging Fire|protosynthesisdef\n|-activate|p2b: Koraidon|Orichalcum Pulse|[source]\n|turn|6\n|\n|t:|1746096047\n|move|p1a: Raging Bolt|Thunderclap||[still]\n|-fail|p1a: Raging Bolt\n|move|p2b: Koraidon|Flare Blitz|p1b: Calyrex\n|-damage|p1b: Calyrex|0 fnt\n|faint|p1b: Calyrex\n|-damage|p2b: Koraidon|85/100|[from] Recoil\n|move|p2a: Gouging Fire|Howl|p2a: Gouging Fire|[spread] p2a,p2b\n|-boost|p2a: Gouging Fire|atk|1\n|-boost|p2b: Koraidon|atk|1\n|\n|-weather|SunnyDay|[upkeep]\n|upkeep\n|\n|t:|1746096049\n|switch|p1b: Koraidon|Koraidon, L50|100/100\n|-activate|p1b: Koraidon|ability: Orichalcum Pulse\n|turn|7\n|\n|t:|1746096063\n|move|p1a: Raging Bolt|Protect|p1a: Raging Bolt\n|-singleturn|p1a: Raging Bolt|Protect\n|move|p2b: Koraidon|Flare Blitz|p1b: Koraidon\n|-resisted|p1b: Koraidon\n|-damage|p1b: Koraidon|47/100\n|-damage|p2b: Koraidon|66/100|[from] Recoil\n|move|p1b: Koraidon|Flame Charge|p2a: Gouging Fire\n|-resisted|p2a: Gouging Fire\n|-damage|p2a: Gouging Fire|10/100\n|-boost|p1b: Koraidon|spe|1\n|-damage|p1b: Koraidon|30/100|[from] item: Rocky Helmet|[of] p2a: Gouging Fire\n|-damage|p1b: Koraidon|21/100|[from] item: Life Orb\n|move|p2a: Gouging Fire|Breaking Swipe|p1b: Koraidon|[spread] p1b\n|-activate|p1a: Raging Bolt|move: Protect\n|-supereffective|p1b: Koraidon\n|-damage|p1b: Koraidon|0 fnt\n|faint|p1b: Koraidon\n|\n|-weather|SunnyDay|[upkeep]\n|upkeep\n|turn|8\n|\n|t:|1746096077\n|move|p2b: Koraidon|Flare Blitz|p1a: Raging Bolt\n|-damage|p1a: Raging Bolt|0 fnt\n|faint|p1a: Raging Bolt\n|-end|p1a: Raging Bolt|Protosynthesis|[silent]\n|-damage|p2b: Koraidon|52/100|[from] Recoil\n|\n|win|NG Dncfgjytfcfjyj\n|l|\u2606samarazenta\n|player|p1|\n|l|\u2606NG Dncfgjytfcfjyj\n|player|p2|\n||NG Dncfgjytfcfjyj is ready for game 3.\n|inactive|samarazenta has 30 seconds to confirm battle start!\n||samarazenta is ready for game 3.\n|uhtml|next|Next: <a href=\"/battle-gen9vgc2025regibo3-2354569020\"><strong>Game 3 of 3</strong></a>\n", "uploadtime": 1746096369, "views": 7, "formatid": "gen9vgc2025regibo3", "rating": null, "private": 0, "password": null}