{"id": "gen9vgc2025regibo3-2354227519", "format": "[Gen 9] VGC 2025 Reg I (Bo3)", "players": ["srcheddarchz", "bobisjeff3"], "log": "|j|\u2606srcheddarchz\n|j|\u2606bobisjeff3\n|html|<table width=\"100%\"><tr><td align=\"left\">srcheddarchz</td><td align=\"right\">bobisjeff3</tr><tr><td align=\"left\"><i class=\"fa fa-circle-o\"></i> <i class=\"fa fa-circle-o\"></i> </td><td align=\"right\"><i class=\"fa fa-circle-o\"></i> <i class=\"fa fa-circle-o\"></i> </tr></table>\n|uhtml|bestof|<h2><strong>Game 1</strong> of <a href=\"/game-bestof3-gen9vgc2025regibo3-2354227518\">a best-of-3</a></h2>\n|t:|1746046745\n|gametype|doubles\n|player|p1|srcheddarchz|ethan|\n|player|p2|bobisjeff3|169|\n|teamsize|p1|6\n|teamsize|p2|6\n|gen|9\n|tier|[Gen 9] VGC 2025 Reg I (Bo3)\n|rule|Species Clause: Limit one of each Pok\u00e9mon\n|rule|Item Clause: Limit 1 of each item\n|clearpoke\n|poke|p1|Necrozma-Dusk-Mane, L50|\n|poke|p1|Miraidon, L50|\n|poke|p1|Iron Hands, L50|\n|poke|p1|Chien-Pao, L50|\n|poke|p1|Enamorus, L50, F|\n|poke|p1|Brute Bonnet, L50|\n|poke|p2|Miraidon, L50|\n|poke|p2|Zamazenta-*, L50|\n|poke|p2|Sinistcha, L50|\n|poke|p2|Incineroar, L50, M|\n|poke|p2|Tornadus, L50, M|\n|poke|p2|Clefable, L50, F|\n|teampreview|4\n|showteam|p1|Necrozma-Dusk-Mane||ClearAmulet|PrismArmor|TrickRoom,PhotonGeyser,SunsteelStrike,Protect||||||50|,,,,,Dark]Miraidon||ChoiceSpecs|HadronEngine|DazzlingGleam,DracoMeteor,ElectroDrift,VoltSwitch||||||50|,,,,,Fairy]Iron Hands||AssaultVest|QuarkDrive|DrainPunch,FakeOut,WildCharge,LowKick||||||50|,,,,,Electric]Chien-Pao||FocusSash|SwordofRuin|IceSpinner,Crunch,SacredSword,SuckerPunch||||||50|,,,,,Dark]Enamorus||LifeOrb|Contrary|TeraBlast,EarthPower,SpringtideStorm,Tailwind|||F|||50|,,,,,Stellar]Brute Bonnet||SitrusBerry|Protosynthesis|Spore,SuckerPunch,PollenPuff,RagePowder||||||50|,,,,,Grass\n|showteam|p2|Miraidon||ChoiceSpecs|HadronEngine|DragonPulse,ParabolicCharge,DazzlingGleam,VoltSwitch||||||50|,,,,,Fairy]Zamazenta-Crowned||RustedShield|DauntlessShield|BodyPress,behemothbash,IronDefense,Protect||||||50|,,,,,Flying]Sinistcha||FocusSash|Hospitality|RagePowder,StunSpore,LifeDew,MatchaGotcha||||||50|,,,,,Ground]Incineroar||SitrusBerry|Intimidate|FlareBlitz,KnockOff,FakeOut,Protect|||M|||50|,,,,,Grass]Tornadus||CovertCloak|Prankster|Tailwind,BleakwindStorm,Protect,Taunt|||M|||50|,,,,,Fire]Clefable||Leftovers|MagicGuard|AfterYou,HelpingHand,FollowMe,LifeDew|||F|||50|,,,,,Ground\n|\n|t:|1746046782\n|start\n|switch|p1a: Miraidon|Miraidon, L50|100/100\n|switch|p1b: Necrozma|Necrozma-Dusk-Mane, L50|100/100\n|switch|p2a: Miraidon|Miraidon, L50|100/100\n|switch|p2b: Clefable|Clefable, L50, F|100/100\n|-fieldstart|move: Electric Terrain|[from] ability: Hadron Engine|[of] p2a: Miraidon\n|-activate|p1a: Miraidon|ability: Hadron Engine\n|turn|1\n|\n|t:|1746046826\n|-terastallize|p2a: Miraidon|Fairy\n|-terastallize|p1a: Miraidon|Fairy\n|move|p2b: Clefable|Helping Hand|p2a: Miraidon\n|-singleturn|p2a: Miraidon|Helping Hand|[of] p2b: Clefable\n|move|p2a: Miraidon|Dazzling Gleam|p1b: Necrozma|[spread] p1a,p1b\n|-resisted|p1b: Necrozma\n|-damage|p1a: Miraidon|15/100\n|-damage|p1b: Necrozma|59/100\n|move|p1a: Miraidon|Dazzling Gleam|p2b: Clefable|[spread] p2a,p2b\n|-crit|p2b: Clefable\n|-damage|p2a: Miraidon|44/100\n|-damage|p2b: Clefable|22/100\n|move|p1b: Necrozma|Trick Room|p1b: Necrozma\n|-fieldstart|move: Trick Room|[of] p1b: Necrozma\n|\n|-heal|p2b: Clefable|28/100|[from] item: Leftovers\n|upkeep\n|turn|2\n|\n|t:|1746046845\n|move|p2b: Clefable|After You|p2a: Miraidon\n|-activate|p2a: Miraidon|move: After You\n|move|p2a: Miraidon|Dazzling Gleam|p1b: Necrozma|[spread] p1a,p1b\n|-resisted|p1b: Necrozma\n|-damage|p1a: Miraidon|0 fnt\n|-damage|p1b: Necrozma|28/100\n|faint|p1a: Miraidon\n|move|p1b: Necrozma|Sunsteel Strike|p2b: Clefable\n|-supereffective|p2b: Clefable\n|-damage|p2b: Clefable|0 fnt\n|faint|p2b: Clefable\n|\n|upkeep\n|\n|t:|1746046856\n|switch|p2b: Incineroar|Incineroar, L50, M, shiny|100/100\n|switch|p1a: Iron Hands|Iron Hands, L50|100/100\n|-ability|p2b: Incineroar|Intimidate|boost\n|-unboost|p1a: Iron Hands|atk|1\n|-fail|p1b: Necrozma|unboost|[from] item: Clear Amulet|[of] p1b: Necrozma\n|-activate|p1a: Iron Hands|ability: Quark Drive\n|-start|p1a: Iron Hands|quarkdrivedef\n|turn|3\n|\n|t:|1746046868\n|switch|p2a: Tornadus|Tornadus, L50, M, shiny|100/100\n|move|p1a: Iron Hands|Fake Out|p2b: Incineroar\n|-damage|p2b: Incineroar|92/100\n|cant|p2b: Incineroar|flinch\n|move|p1b: Necrozma|Sunsteel Strike|p2a: Tornadus\n|-damage|p2a: Tornadus|17/100\n|\n|upkeep\n|turn|4\n|\n|t:|1746046887\n|move|p2a: Tornadus|Protect|p2a: Tornadus\n|-singleturn|p2a: Tornadus|Protect\n|move|p1a: Iron Hands|Drain Punch|p2b: Incineroar\n|-supereffective|p2b: Incineroar\n|-damage|p2b: Incineroar|40/100\n|-enditem|p2b: Incineroar|Sitrus Berry|[eat]\n|-heal|p2b: Incineroar|65/100|[from] item: Sitrus Berry\n|move|p2b: Incineroar|Flare Blitz|p1b: Necrozma\n|-supereffective|p1b: Necrozma\n|-damage|p1b: Necrozma|0 fnt\n|faint|p1b: Necrozma\n|-damage|p2b: Incineroar|56/100|[from] Recoil\n|\n|upkeep\n|\n|t:|1746046890\n|switch|p1b: Brute Bonnet|Brute Bonnet, L50|100/100\n|turn|5\n|\n|t:|1746046913\n|move|p1b: Brute Bonnet|Spore|p2a: Tornadus\n|-status|p2a: Tornadus|slp|[from] move: Spore\n|move|p1a: Iron Hands|Drain Punch|p2b: Incineroar\n|-supereffective|p2b: Incineroar\n|-damage|p2b: Incineroar|2/100\n|move|p2b: Incineroar|Flare Blitz|p1b: Brute Bonnet\n|-supereffective|p1b: Brute Bonnet\n|-damage|p1b: Brute Bonnet|20/100\n|-enditem|p1b: Brute Bonnet|Sitrus Berry|[eat]\n|-heal|p1b: Brute Bonnet|45/100|[from] item: Sitrus Berry\n|-damage|p2b: Incineroar|0 fnt|[from] Recoil\n|faint|p2b: Incineroar\n|cant|p2a: Tornadus|slp\n|\n|-fieldend|move: Trick Room\n|-fieldend|move: Electric Terrain\n|-end|p1a: Iron Hands|Quark Drive\n|upkeep\n|\n|t:|1746046920\n|switch|p2b: Miraidon|Miraidon, L50, tera:Fairy|44/100\n|-fieldstart|move: Electric Terrain|[from] ability: Hadron Engine|[of] p2b: Miraidon\n|-activate|p1a: Iron Hands|ability: Quark Drive\n|-start|p1a: Iron Hands|quarkdrivedef\n|turn|6\n|\n|t:|1746046953\n|-curestatus|p2a: Tornadus|slp|[msg]\n|move|p2a: Tornadus|Tailwind|p2a: Tornadus\n|-sidestart|p2: bobisjeff3|move: Tailwind\n|move|p2b: Miraidon|Dazzling Gleam|p1a: Iron Hands|[spread] p1a,p1b\n|-supereffective|p1a: Iron Hands\n|-supereffective|p1b: Brute Bonnet\n|-damage|p1a: Iron Hands|27/100\n|-damage|p1b: Brute Bonnet|0 fnt\n|faint|p1b: Brute Bonnet\n|-end|p1b: Brute Bonnet|Protosynthesis|[silent]\n|move|p1a: Iron Hands|Wild Charge|p2b: Miraidon\n|-damage|p2b: Miraidon|1/100\n|-damage|p1a: Iron Hands|19/100|[from] Recoil\n|\n|upkeep\n|turn|7\n|-message|srcheddarchz forfeited.\n|\n|win|bobisjeff3\n|l|\u2606srcheddarchz\n|player|p1|\n|l|\u2606bobisjeff3\n|player|p2|\n", "uploadtime": 1746047284, "views": 7, "formatid": "gen9vgc2025regibo3", "rating": null, "private": 0, "password": null}