{"id": "gen9vgc2025regibo3-2353802359", "format": "[Gen 9] VGC 2025 Reg I (Bo3)", "players": ["theanamoly", "jesusvgc8"], "log": "|j|\u2606theanamoly\n|j|\u2606jesusvgc8\n|html|<table width=\"100%\"><tr><td align=\"left\">theanamoly</td><td align=\"right\">jesusvgc8</tr><tr><td align=\"left\"><i class=\"fa fa-circle-o\"></i> <i class=\"fa fa-circle-o\"></i> </td><td align=\"right\"><i class=\"fa fa-circle-o\"></i> <i class=\"fa fa-circle\"></i> </tr></table>\n|uhtml|bestof|<h2><strong>Game 2</strong> of <a href=\"/game-bestof3-gen9vgc2025regibo3-2353799932\">a best-of-3</a></h2>\n|t:|1746002441\n|gametype|doubles\n|player|p1|theanamoly|170|1040\n|player|p2|jesusvgc8|bugcatcher-gen4dp|1000\n|teamsize|p1|6\n|teamsize|p2|6\n|gen|9\n|tier|[Gen 9] VGC 2025 Reg I (Bo3)\n|rated|\n|rule|Species Clause: Limit one of each Pok\u00e9mon\n|rule|Item Clause: Limit 1 of each item\n|clearpoke\n|poke|p1|Sneasler, L50, M|\n|poke|p1|Calyrex-Shadow, L50|\n|poke|p1|Dondozo, L50, M|\n|poke|p1|Tatsugiri-Droopy, L50, M|\n|poke|p1|Chi-Yu, L50|\n|poke|p1|Miraidon, L50|\n|poke|p2|Zacian-*, L50|\n|poke|p2|Incineroar, L50, M|\n|poke|p2|Rillaboom, L50, F|\n|poke|p2|Urshifu-*, L50, F|\n|poke|p2|Tornadus, L50, M|\n|poke|p2|Lunala, L50|\n|teampreview|4\n|showteam|p1|Sneasler||ElectricSeed|Unburden|CloseCombat,DireClaw,ToxicSpikes,FakeOut|||M|||50|,,,,,Dark]Calyrex-Shadow||LifeOrb|AsOneSpectrier|AstralBarrage,Psychic,Encore,Protect||||||50|,,,,,Dark]Dondozo||Leftovers|Unaware|Earthquake,BodyPress,OrderUp,Protect|||M|||50|,,,,,Grass]Tatsugiri-Droopy||FocusSash|Commander|DracoMeteor,MuddyWater,HelpingHand,Protect|||M|||50|,,,,,Stellar]Chi-Yu||ChoiceScarf|BeadsofRuin|Overheat,HeatWave,ScaryFace,Snarl||||||50|,,,,,Ghost]Miraidon||AssaultVest|HadronEngine|ElectroDrift,DracoMeteor,DazzlingGleam,VoltSwitch||||||50|,,,,,Fairy\n|showteam|p2|Zacian-Crowned||RustedSword|IntrepidSword|Protect,behemothblade,SwordsDance,PlayRough||||||50|,,,,,Grass]Incineroar||RockyHelmet|Intimidate|FakeOut,KnockOff,WillOWisp,PartingShot|||M|||50|,,,,,Poison]Rillaboom||AssaultVest|GrassySurge|FakeOut,GrassyGlide,Uturn,DrumBeating|||F|||50|,,,,,Fire]Urshifu-Rapid-Strike||FocusSash|UnseenFist|CloseCombat,AquaJet,Protect,SurgingStrikes|||F|||50|,,,,,Grass]Tornadus||CovertCloak|Prankster|BleakwindStorm,Protect,Tailwind,RainDance|||M|||50|,,,,,Dark]Lunala||PowerHerb|ShadowShield|MoongeistBeam,WideGuard,MeteorBeam,Moonblast||||||50|,,,,,Fairy\n|inactive|Battle timer is ON: inactive players will automatically lose when time's up. (requested by jesusvgc8)\n|inactive|theanamoly has 60 seconds left.\n|inactive|jesusvgc8 has 60 seconds left.\n|inactive|jesusvgc8 has 30 seconds left.\n|inactive|theanamoly has 30 seconds left.\n|inactive|theanamoly has 20 seconds left.\n|\n|t:|1746002523\n|start\n|switch|p1a: Miraidon|Miraidon, L50|100/100\n|switch|p1b: Chi-Yu|Chi-Yu, L50|100/100\n|switch|p2a: Lunala|Lunala, L50|100/100\n|switch|p2b: Urshifu|Urshifu-Rapid-Strike, L50, F|100/100\n|-ability|p1b: Chi-Yu|Beads of Ruin\n|-fieldstart|move: Electric Terrain|[from] ability: Hadron Engine|[of] p1a: Miraidon\n|turn|1\n|inactive|jesusvgc8 has 30 seconds left.\n|inactive|theanamoly has 30 seconds left.\n|inactive|jesusvgc8 has 20 seconds left.\n|inactive|jesusvgc8 has 15 seconds left.\n|inactive|theanamoly has 20 seconds left.\n|inactive|jesusvgc8 has 10 seconds left.\n|inactive|theanamoly has 15 seconds left.\n|inactive|theanamoly has 10 seconds left.\n|inactive|theanamoly has 5 seconds left.\n|\n|t:|1746002584\n|-terastallize|p2a: Lunala|Fairy\n|move|p2b: Urshifu|Protect|p2b: Urshifu\n|-singleturn|p2b: Urshifu|Protect\n|move|p1b: Chi-Yu|Snarl|p2a: Lunala|[spread] p2a\n|-activate|p2b: Urshifu|move: Protect\n|-resisted|p2a: Lunala\n|-damage|p2a: Lunala|95/100\n|-unboost|p2a: Lunala|spa|1\n|move|p1a: Miraidon|Volt Switch|p2b: Urshifu\n|-activate|p2b: Urshifu|move: Protect\n|move|p2a: Lunala|Meteor Beam||[still]\n|-prepare|p2a: Lunala|Meteor Beam\n|-boost|p2a: Lunala|spa|1\n|-enditem|p2a: Lunala|Power Herb\n|-anim|p2a: Lunala|Meteor Beam|p1b: Chi-Yu\n|-supereffective|p1b: Chi-Yu\n|-damage|p1b: Chi-Yu|0 fnt\n|faint|p1b: Chi-Yu\n|\n|upkeep\n|\n|t:|1746002604\n|switch|p1b: Sneasler|Sneasler, L50, M|100/100\n|-enditem|p1b: Sneasler|Electric Seed\n|-boost|p1b: Sneasler|def|1|[from] item: Electric Seed\n|turn|2\n|inactive|theanamoly has 30 seconds left.\n|inactive|jesusvgc8 has 30 seconds left.\n|\n|t:|1746002635\n|switch|p2b: Rillaboom|Rillaboom, L50, F|100/100\n|-fieldstart|move: Grassy Terrain|[from] ability: Grassy Surge|[of] p2b: Rillaboom\n|switch|p2a: Zacian|Zacian-Crowned, L50|100/100\n|-ability|p2a: Zacian|Intrepid Sword|boost\n|-boost|p2a: Zacian|atk|1\n|move|p1b: Sneasler|Fake Out|p2b: Rillaboom\n|-damage|p2b: Rillaboom|86/100\n|move|p1a: Miraidon|Electro Drift|p2b: Rillaboom\n|-resisted|p2b: Rillaboom\n|-damage|p2b: Rillaboom|70/100\n|\n|-heal|p2b: Rillaboom|76/100|[from] Grassy Terrain\n|upkeep\n|turn|3\n|inactive|theanamoly has 30 seconds left.\n|inactive|jesusvgc8 has 30 seconds left.\n|inactive|theanamoly has 20 seconds left.\n|inactive|jesusvgc8 has 20 seconds left.\n|inactive|theanamoly has 15 seconds left.\n|inactive|jesusvgc8 has 15 seconds left.\n|inactive|theanamoly has 10 seconds left.\n|inactive|jesusvgc8 has 10 seconds left.\n|inactive|theanamoly has 5 seconds left.\n|inactive|jesusvgc8 has 5 seconds left.\n|\n|t:|1746002690\n|-terastallize|p1a: Miraidon|Fairy\n|move|p2a: Zacian|Protect|p2a: Zacian\n|-singleturn|p2a: Zacian|Protect\n|move|p2b: Rillaboom|Fake Out|p1b: Sneasler\n|-damage|p1b: Sneasler|86/100\n|cant|p1b: Sneasler|flinch\n|move|p1a: Miraidon|Electro Drift|p2a: Zacian\n|-activate|p2a: Zacian|move: Protect\n|\n|-heal|p1b: Sneasler|92/100|[from] Grassy Terrain\n|-heal|p2b: Rillaboom|82/100|[from] Grassy Terrain\n|upkeep\n|turn|4\n|inactive|theanamoly has 30 seconds left.\n|\n|t:|1746002720\n|move|p1b: Sneasler|Dire Claw|p2a: Zacian\n|-immune|p2a: Zacian\n|move|p2a: Zacian|Behemoth Blade|p1a: Miraidon\n|-supereffective|p1a: Miraidon\n|-damage|p1a: Miraidon|0 fnt\n|faint|p1a: Miraidon\n|move|p2b: Rillaboom|Drum Beating|p1b: Sneasler\n|-resisted|p1b: Sneasler\n|-damage|p1b: Sneasler|66/100\n|-unboost|p1b: Sneasler|spe|1\n|\n|-heal|p1b: Sneasler|71/100|[from] Grassy Terrain\n|-heal|p2b: Rillaboom|88/100|[from] Grassy Terrain\n|upkeep\n|\n|t:|1746002732\n|switch|p1a: Calyrex|Calyrex-Shadow, L50|100/100\n|-ability|p1a: Calyrex|As One\n|-ability|p1a: Calyrex|Unnerve\n|turn|5\n|\n|t:|1746002751\n|move|p2a: Zacian|Protect|p2a: Zacian\n|-singleturn|p2a: Zacian|Protect\n|move|p1b: Sneasler|Dire Claw|p2b: Rillaboom\n|-supereffective|p2b: Rillaboom\n|-damage|p2b: Rillaboom|5/100\n|-status|p2b: Rillaboom|slp\n|move|p1a: Calyrex|Astral Barrage|p2a: Zacian|[spread] p2b\n|-activate|p2a: Zacian|move: Protect\n|-damage|p2b: Rillaboom|0 fnt\n|faint|p2b: Rillaboom\n|-ability|p1a: Calyrex|Grim Neigh|boost\n|-boost|p1a: Calyrex|spa|1\n|-damage|p1a: Calyrex|91/100|[from] item: Life Orb\n|\n|-heal|p1b: Sneasler|77/100|[from] Grassy Terrain\n|-heal|p1a: Calyrex|97/100|[from] Grassy Terrain\n|upkeep\n|\n|t:|1746002762\n|switch|p2b: Lunala|Lunala, L50, tera:Fairy|95/100\n|turn|6\n|\n|t:|1746002784\n|move|p2b: Lunala|Wide Guard|p2b: Lunala\n|-singleturn|p2b: Lunala|Wide Guard\n|move|p1b: Sneasler|Dire Claw|p2b: Lunala\n|-supereffective|p2b: Lunala\n|-damage|p2b: Lunala|30/100\n|move|p1a: Calyrex|Encore|p2a: Zacian\n|-start|p2a: Zacian|Encore\n|move|p2a: Zacian|Protect||[still]\n|-fail|p2a: Zacian\n|\n|-heal|p1b: Sneasler|83/100|[from] Grassy Terrain\n|-heal|p1a: Calyrex|100/100|[from] Grassy Terrain\n|-heal|p2b: Lunala|36/100|[from] Grassy Terrain\n|-fieldend|move: Grassy Terrain\n|upkeep\n|turn|7\n|inactive|theanamoly has 30 seconds left.\n|inactive|jesusvgc8 has 30 seconds left.\n|inactive|jesusvgc8 has 20 seconds left.\n|\n|t:|1746002820\n|switch|p2a: Urshifu|Urshifu-Rapid-Strike, L50, F|100/100\n|move|p2b: Lunala|Wide Guard|p2b: Lunala\n|-singleturn|p2b: Lunala|Wide Guard\n|move|p1b: Sneasler|Dire Claw|p2b: Lunala\n|-supereffective|p2b: Lunala\n|-damage|p2b: Lunala|0 fnt\n|faint|p2b: Lunala\n|move|p1a: Calyrex|Astral Barrage|p2a: Urshifu\n|-activate|p2a: Urshifu|move: Wide Guard\n|\n|upkeep\n|\n|t:|1746002823\n|switch|p2b: Zacian|Zacian-Crowned, L50|100/100\n|turn|8\n|inactive|theanamoly has 30 seconds left.\n|inactive|jesusvgc8 has 30 seconds left.\n|\n|t:|1746002859\n|move|p2b: Zacian|Protect|p2b: Zacian\n|-singleturn|p2b: Zacian|Protect\n|move|p1b: Sneasler|Close Combat|p2b: Zacian\n|-activate|p2b: Zacian|move: Protect\n|move|p1a: Calyrex|Astral Barrage|p2b: Zacian|[spread] p2a\n|-activate|p2b: Zacian|move: Protect\n|-crit|p2a: Urshifu\n|-enditem|p2a: Urshifu|Focus Sash\n|-damage|p2a: Urshifu|1/100\n|-damage|p1a: Calyrex|91/100|[from] item: Life Orb\n|move|p2a: Urshifu|Surging Strikes|p1a: Calyrex\n|-crit|p1a: Calyrex\n|-damage|p1a: Calyrex|69/100\n|-crit|p1a: Calyrex\n|-damage|p1a: Calyrex|46/100\n|-crit|p1a: Calyrex\n|-damage|p1a: Calyrex|22/100\n|-hitcount|p1a: Calyrex|3\n|\n|upkeep\n|turn|9\n|inactive|theanamoly has 30 seconds left.\n|inactive|jesusvgc8 has 30 seconds left.\n|\n|t:|1746002893\n|move|p2a: Urshifu|Aqua Jet|p1a: Calyrex\n|-damage|p1a: Calyrex|0 fnt\n|faint|p1a: Calyrex\n|move|p1b: Sneasler|Close Combat|p2b: Zacian\n|-damage|p2b: Zacian|45/100\n|-unboost|p1b: Sneasler|def|1\n|-unboost|p1b: Sneasler|spd|1\n|move|p2b: Zacian|Behemoth Blade|p1b: Sneasler\n|-damage|p1b: Sneasler|0 fnt\n|faint|p1b: Sneasler\n|\n|win|jesusvgc8\n|raw|theanamoly's rating: 1040 &rarr; <strong>1022</strong><br />(-18 for losing)\n|raw|jesusvgc8's rating: 1000 &rarr; <strong>1045</strong><br />(+45 for winning)\n|c|\u2606jesusvgc8|gg\n|l|\u2606jesusvgc8\n|player|p2|\n|c|\u2606theanamoly|Gg\n", "uploadtime": 1746002923, "views": 24, "formatid": "gen9vgc2025regibo3", "rating": 1022, "private": 0, "password": null}