{"id": "gen9vgc2025regibo3-2354665209", "format": "[Gen 9] VGC 2025 Reg I (Bo3)", "players": ["JackyN", "reallove85tw"], "log": "|j|\u2606JackyN\n|j|\u2606reallove85tw\n|html|<table width=\"100%\"><tr><td align=\"left\">JackyN</td><td align=\"right\">reallove85tw</tr><tr><td align=\"left\"><i class=\"fa fa-circle-o\"></i> <i class=\"fa fa-circle-o\"></i> </td><td align=\"right\"><i class=\"fa fa-circle-o\"></i> <i class=\"fa fa-circle\"></i> </tr></table>\n|uhtml|bestof|<h2><strong>Game 2</strong> of <a href=\"/game-bestof3-gen9vgc2025regibo3-2354660799\">a best-of-3</a></h2>\n|t:|1746108613\n|gametype|doubles\n|player|p1|JackyN|1|\n|player|p2|reallove85tw|acerola|\n|teamsize|p1|6\n|teamsize|p2|6\n|gen|9\n|tier|[Gen 9] VGC 2025 Reg I (Bo3)\n|rule|Species Clause: Limit one of each Pok\u00e9mon\n|rule|Item Clause: Limit 1 of each item\n|clearpoke\n|poke|p1|Koraidon, L50|\n|poke|p1|Lunala, L50|\n|poke|p1|Iron Valiant, L50|\n|poke|p1|Ogerpon-Cornerstone, L50, F|\n|poke|p1|Rillaboom, L50, M|\n|poke|p1|Incineroar, L50, F|\n|poke|p2|Calyrex-Shadow, L50|\n|poke|p2|Terapagos, L50, M|\n|poke|p2|Rillaboom, L50, M|\n|poke|p2|Incineroar, L50, M|\n|poke|p2|Ogerpon-Hearthflame, L50, F|\n|poke|p2|Urshifu-*, L50, M|\n|teampreview|4\n|showteam|p1|Koraidon||LoadedDice|OrichalcumPulse|ScaleShot,CollisionCourse,FlareBlitz,Protect||||||50|,,,,,Fire]Lunala||Leftovers|ShadowShield|MoongeistBeam,Moonblast,CalmMind,Protect||||||50|,,,,,Fairy]Iron Valiant||BoosterEnergy|QuarkDrive|IcyWind,Coaching,WideGuard,Protect||||||50|,,,,,Grass]Ogerpon-Cornerstone||CornerstoneMask|Sturdy|IvyCudgel,HornLeech,FollowMe,SpikyShield|||F|||50|,,,,,Rock]Rillaboom||AssaultVest|GrassySurge|GrassyGlide,WoodHammer,FakeOut,Uturn|||M|||50|,,,,,Water]Incineroar||SafetyGoggles|Intimidate|FlareBlitz,KnockOff,PartingShot,FakeOut|||F|||50|,,,,,Bug\n|showteam|p2|Calyrex-Shadow||LifeOrb|AsOneSpectrier|AstralBarrage,NastyPlot,Protect,Psychic||||||50|,,,,,Normal]Terapagos||Leftovers|TeraShift|TeraStarstorm,EarthPower,Protect,CalmMind|||M|||50|,,,,,Stellar]Rillaboom||AssaultVest|GrassySurge|Uturn,GrassyGlide,WoodHammer,FakeOut|||M|||50|,,,,,Water]Incineroar||RockyHelmet|Intimidate|WillOWisp,KnockOff,FakeOut,PartingShot|||M|||50|,,,,,Ghost]Ogerpon-Hearthflame||HearthflameMask|MoldBreaker|IvyCudgel,GrassyGlide,FollowMe,SpikyShield|||F|||50|,,,,,Fire]Urshifu-Rapid-Strike||ChoiceScarf|UnseenFist|SurgingStrikes,CloseCombat,Uturn,AquaJet|||M|||50|,,,,,Water\n|\n|t:|1746108649\n|start\n|switch|p1a: Iron Valiant|Iron Valiant, L50|100/100\n|switch|p1b: Koraidon|Koraidon, L50|100/100\n|switch|p2a: Urshifu|Urshifu-Rapid-Strike, L50, M|100/100\n|switch|p2b: Calyrex|Calyrex-Shadow, L50|100/100\n|-ability|p2b: Calyrex|As One\n|-ability|p2b: Calyrex|Unnerve\n|-weather|SunnyDay|[from] ability: Orichalcum Pulse|[of] p1b: Koraidon\n|-activate|p1b: Koraidon|Orichalcum Pulse|[source]\n|-enditem|p1a: Iron Valiant|Booster Energy\n|-activate|p1a: Iron Valiant|ability: Quark Drive|[fromitem]\n|-start|p1a: Iron Valiant|quarkdrivespe\n|turn|1\n|j| AJ34\n|\n|t:|1746108700\n|switch|p2b: Incineroar|Incineroar, L50, M|100/100\n|-ability|p2b: Incineroar|Intimidate|boost\n|-unboost|p1a: Iron Valiant|atk|1\n|-unboost|p1b: Koraidon|atk|1\n|-terastallize|p1b: Koraidon|Fire\n|move|p1a: Iron Valiant|Icy Wind|p2a: Urshifu|[spread] p2a,p2b\n|-resisted|p2a: Urshifu\n|-resisted|p2b: Incineroar\n|-damage|p2a: Urshifu|92/100\n|-damage|p2b: Incineroar|96/100\n|-unboost|p2a: Urshifu|spe|1\n|-unboost|p2b: Incineroar|spe|1\n|move|p1b: Koraidon|Scale Shot|p2a: Urshifu\n|-damage|p2a: Urshifu|80/100\n|-damage|p2a: Urshifu|67/100\n|-damage|p2a: Urshifu|55/100\n|-damage|p2a: Urshifu|43/100\n|-crit|p2a: Urshifu\n|-damage|p2a: Urshifu|16/100\n|-hitcount|p2a: Urshifu|5\n|-unboost|p1b: Koraidon|def|1\n|-boost|p1b: Koraidon|spe|1\n|move|p2a: Urshifu|Close Combat|p1b: Koraidon\n|-damage|p1b: Koraidon|11/100\n|-unboost|p2a: Urshifu|def|1\n|-unboost|p2a: Urshifu|spd|1\n|\n|-weather|SunnyDay|[upkeep]\n|upkeep\n|turn|2\n|l| AJ34\n|\n|t:|1746108758\n|switch|p1b: Rillaboom|Rillaboom, L50, M|100/100\n|-fieldstart|move: Grassy Terrain|[from] ability: Grassy Surge|[of] p1b: Rillaboom\n|switch|p2a: Terapagos|Terapagos, L50, M|100/100\n|-activate|p2a: Terapagos|ability: Tera Shift\n|detailschange|p2a: Terapagos|Terapagos-Terastal, L50, M\n|-heal|p2a: Terapagos|100/100|[silent]\n|move|p1a: Iron Valiant|Coaching|p1b: Rillaboom\n|-boost|p1b: Rillaboom|atk|1\n|-boost|p1b: Rillaboom|def|1\n|move|p2b: Incineroar|Parting Shot|p1a: Iron Valiant\n|-unboost|p1a: Iron Valiant|atk|1\n|-unboost|p1a: Iron Valiant|spa|1\n|\n|t:|1746108772\n|switch|p2b: Urshifu|Urshifu-Rapid-Strike, L50, M|16/100|[from] Parting Shot\n|\n|-weather|SunnyDay|[upkeep]\n|-heal|p2b: Urshifu|22/100|[from] Grassy Terrain\n|upkeep\n|turn|3\n|\n|t:|1746108789\n|switch|p2b: Incineroar|Incineroar, L50, M|96/100\n|-ability|p2b: Incineroar|Intimidate|boost\n|-unboost|p1a: Iron Valiant|atk|1\n|-unboost|p1b: Rillaboom|atk|1\n|move|p1b: Rillaboom|Grassy Glide|p2b: Incineroar\n|-resisted|p2b: Incineroar\n|-damage|p2b: Incineroar|84/100\n|-damage|p1b: Rillaboom|84/100|[from] item: Rocky Helmet|[of] p2b: Incineroar\n|move|p1a: Iron Valiant|Icy Wind|p2b: Incineroar|[spread] p2a,p2b\n|-activate|p2a: Terapagos|ability: Tera Shell\n|-resisted|p2a: Terapagos\n|-resisted|p2b: Incineroar\n|-damage|p2a: Terapagos|97/100\n|-damage|p2b: Incineroar|80/100\n|-unboost|p2a: Terapagos|spe|1\n|-unboost|p2b: Incineroar|spe|1\n|move|p2a: Terapagos|Calm Mind|p2a: Terapagos\n|-boost|p2a: Terapagos|spa|1\n|-boost|p2a: Terapagos|spd|1\n|\n|-weather|SunnyDay|[upkeep]\n|-heal|p1b: Rillaboom|90/100|[from] Grassy Terrain\n|-heal|p2a: Terapagos|100/100|[from] Grassy Terrain\n|-heal|p2b: Incineroar|86/100|[from] Grassy Terrain\n|upkeep\n|turn|4\n|\n|t:|1746108824\n|switch|p1b: Koraidon|Koraidon, L50, tera:Fire|11/100\n|-activate|p1b: Koraidon|ability: Orichalcum Pulse\n|move|p1a: Iron Valiant|Coaching|p1b: Koraidon\n|-boost|p1b: Koraidon|atk|1\n|-boost|p1b: Koraidon|def|1\n|move|p2a: Terapagos|Tera Starstorm|p1a: Iron Valiant\n|-damage|p1a: Iron Valiant|7/100\n|move|p2b: Incineroar|Will-O-Wisp|p1b: Koraidon\n|-immune|p1b: Koraidon\n|\n|-weather|SunnyDay|[upkeep]\n|-heal|p1a: Iron Valiant|13/100|[from] Grassy Terrain\n|-heal|p1b: Koraidon|18/100|[from] Grassy Terrain\n|-heal|p2b: Incineroar|92/100|[from] Grassy Terrain\n|upkeep\n|turn|5\n|\n|t:|1746108863\n|move|p1a: Iron Valiant|Icy Wind|p2b: Incineroar|[spread] p2a,p2b\n|-activate|p2a: Terapagos|ability: Tera Shell\n|-resisted|p2a: Terapagos\n|-resisted|p2b: Incineroar\n|-damage|p2a: Terapagos|98/100\n|-damage|p2b: Incineroar|89/100\n|-unboost|p2a: Terapagos|spe|1\n|-unboost|p2b: Incineroar|spe|1\n|move|p1b: Koraidon|Scale Shot|p2b: Incineroar\n|-damage|p2b: Incineroar|70/100\n|-damage|p2b: Incineroar|50/100\n|-damage|p2b: Incineroar|32/100\n|-damage|p2b: Incineroar|12/100\n|-damage|p2b: Incineroar|0 fnt\n|faint|p2b: Incineroar\n|-hitcount|p2: Incineroar|5\n|-unboost|p1b: Koraidon|def|1\n|-boost|p1b: Koraidon|spe|1\n|move|p2a: Terapagos|Tera Starstorm|p1b: Koraidon\n|-damage|p1b: Koraidon|0 fnt\n|faint|p1b: Koraidon\n|\n|-weather|none\n|-heal|p1a: Iron Valiant|19/100|[from] Grassy Terrain\n|-heal|p2a: Terapagos|100/100|[from] Grassy Terrain\n|upkeep\n|\n|t:|1746108885\n|switch|p1b: Lunala|Lunala, L50|100/100\n|switch|p2b: Calyrex|Calyrex-Shadow, L50|100/100\n|-ability|p2b: Calyrex|As One\n|-ability|p2b: Calyrex|Unnerve\n|turn|6\n|\n|t:|1746108900\n|-terastallize|p2b: Calyrex|Normal\n|move|p1a: Iron Valiant|Wide Guard|p1a: Iron Valiant\n|-singleturn|p1a: Iron Valiant|Wide Guard\n|move|p2b: Calyrex|Nasty Plot|p2b: Calyrex\n|-boost|p2b: Calyrex|spa|2\n|move|p1b: Lunala|Moongeist Beam|p2b: Calyrex\n|-immune|p2b: Calyrex\n|move|p2a: Terapagos|Tera Starstorm|p1a: Iron Valiant\n|-damage|p1a: Iron Valiant|0 fnt\n|faint|p1a: Iron Valiant\n|-end|p1a: Iron Valiant|Quark Drive|[silent]\n|\n|-fieldend|move: Grassy Terrain\n|upkeep\n|j| AJ34\n|\n|t:|1746108903\n|switch|p1a: Rillaboom|Rillaboom, L50, M|90/100\n|-fieldstart|move: Grassy Terrain|[from] ability: Grassy Surge|[of] p1a: Rillaboom\n|turn|7\n|\n|t:|1746108914\n|move|p2b: Calyrex|Protect|p2b: Calyrex\n|-singleturn|p2b: Calyrex|Protect\n|move|p2a: Terapagos|Protect|p2a: Terapagos\n|-singleturn|p2a: Terapagos|Protect\n|move|p1a: Rillaboom|Fake Out|p2b: Calyrex\n|-activate|p2b: Calyrex|move: Protect\n|move|p1b: Lunala|Calm Mind|p1b: Lunala\n|-boost|p1b: Lunala|spa|1\n|-boost|p1b: Lunala|spd|1\n|\n|-heal|p1a: Rillaboom|96/100|[from] Grassy Terrain\n|upkeep\n|turn|8\n|l| AJ34\n|\n|t:|1746108928\n|move|p1a: Rillaboom|Grassy Glide|p2b: Calyrex\n|-damage|p2b: Calyrex|64/100\n|move|p2b: Calyrex|Astral Barrage|p1b: Lunala|[spread] p1a,p1b\n|-supereffective|p1b: Lunala\n|-damage|p1a: Rillaboom|15/100\n|-damage|p1b: Lunala|0 fnt\n|faint|p1b: Lunala\n|-ability|p2b: Calyrex|Grim Neigh|boost\n|-boost|p2b: Calyrex|spa|1\n|-damage|p2b: Calyrex|54/100|[from] item: Life Orb\n|move|p2a: Terapagos|Tera Starstorm|p1a: Rillaboom\n|-damage|p1a: Rillaboom|0 fnt\n|faint|p1a: Rillaboom\n|\n|win|reallove85tw\n", "uploadtime": 1746109205, "views": 17, "formatid": "gen9vgc2025regibo3", "rating": null, "private": 0, "password": null}