{"id": "gen9vgc2025regibo3-2354519593", "format": "[Gen 9] VGC 2025 Reg I (Bo3)", "players": ["extremejoin", "ROMS LAB"], "log": "|j|\u2606extremejoin\n|j|\u2606ROMS LAB\n|html|<table width=\"100%\"><tr><td align=\"left\">extremejoin</td><td align=\"right\">ROMS LAB</tr><tr><td align=\"left\"><i class=\"fa fa-circle-o\"></i> <i class=\"fa fa-circle-o\"></i> </td><td align=\"right\"><i class=\"fa fa-circle-o\"></i> <i class=\"fa fa-circle-o\"></i> </tr></table>\n|uhtml|bestof|<h2><strong>Game 1</strong> of <a href=\"/game-bestof3-gen9vgc2025regibo3-2354519592\">a best-of-3</a></h2>\n|t:|1746086589\n|gametype|doubles\n|player|p1|extremejoin|266|1207\n|player|p2|ROMS LAB|skier|1129\n|teamsize|p1|6\n|teamsize|p2|6\n|gen|9\n|tier|[Gen 9] VGC 2025 Reg I (Bo3)\n|rated|\n|rule|Species Clause: Limit one of each Pok\u00e9mon\n|rule|Item Clause: Limit 1 of each item\n|clearpoke\n|poke|p1|Calyrex-Shadow, L50|\n|poke|p1|Terapagos, L50, M|\n|poke|p1|Rillaboom, L50, F|\n|poke|p1|Incineroar, L50, F|\n|poke|p1|Urshifu-*, L50, F|\n|poke|p1|Amoonguss, L50, M|\n|poke|p2|Miraidon, L50|\n|poke|p2|Calyrex-Shadow, L50|\n|poke|p2|Dondozo, L50, F|\n|poke|p2|Tatsugiri-Stretchy, L50, F|\n|poke|p2|Dragonite, L50, F|\n|poke|p2|Sneasler, L50, F|\n|teampreview|4\n|showteam|p1|Calyrex-Shadow||FocusSash|AsOneSpectrier|AstralBarrage,WillOWisp,Disable,Protect||||||50|,,,,,Ghost]Terapagos||Leftovers|TeraShift|TeraStarstorm,Substitute,Protect,CalmMind|||M|||50|,,,,,Stellar]Rillaboom||AssaultVest|GrassySurge|WoodHammer,GrassyGlide,Uturn,FakeOut|||F|||50|,,,,,Grass]Incineroar||SafetyGoggles|Intimidate|KnockOff,FakeOut,PartingShot,WillOWisp|||F|||50|,,,,,Ghost]Urshifu-Rapid-Strike||ChoiceScarf|UnseenFist|SurgingStrikes,CloseCombat,AquaJet,Uturn|||F|||50|,,,,,Water]Amoonguss||RockyHelmet|Regenerator|PollenPuff,Spore,RagePowder,Protect|||M|||50|,,,,,Steel\n|showteam|p2|Miraidon||ChoiceScarf|HadronEngine|ElectroDrift,VoltSwitch,DracoMeteor,DazzlingGleam||||||50|,,,,,Fairy]Calyrex-Shadow||FocusSash|AsOneSpectrier|Protect,AstralBarrage,Psychic,Encore||||||50|,,,,,Ghost]Dondozo||Leftovers|Unaware|Protect,OrderUp,Earthquake,WaveCrash|||F|||50|,,,,,Grass]Tatsugiri-Stretchy||EjectButton|Commander|Protect,HelpingHand,IcyWind,DracoMeteor|||F|||50|,,,,,Fairy]Dragonite||ChoiceBand|InnerFocus|ExtremeSpeed,Outrage,AerialAce,RockSlide|||F|||50|,,,,,Normal]Sneasler||ElectricSeed|Unburden|FakeOut,ToxicSpikes,CloseCombat,DireClaw|||F|||50|,,,,,Ghost\n|inactive|Battle timer is ON: inactive players will automatically lose when time's up. (requested by ROMS LAB)\n|inactive|ROMS LAB has 60 seconds left.\n|\n|t:|1746086633\n|start\n|switch|p1a: Terapagos|Terapagos, L50, M|100/100\n|switch|p1b: Rillaboom|Rillaboom, L50, F|100/100\n|switch|p2a: Miraidon|Miraidon, L50|100/100\n|switch|p2b: Sneasler|Sneasler, L50, F|100/100\n|-activate|p1a: Terapagos|ability: Tera Shift\n|detailschange|p1a: Terapagos|Terapagos-Terastal, L50, M\n|-heal|p1a: Terapagos|100/100|[silent]\n|-fieldstart|move: Electric Terrain|[from] ability: Hadron Engine|[of] p2a: Miraidon\n|-enditem|p2b: Sneasler|Electric Seed\n|-boost|p2b: Sneasler|def|1|[from] item: Electric Seed\n|-fieldstart|move: Grassy Terrain|[from] ability: Grassy Surge|[of] p1b: Rillaboom\n|turn|1\n|inactive|extremejoin has 30 seconds left.\n|inactive|extremejoin has 20 seconds left.\n|inactive|extremejoin has 15 seconds left.\n|inactive|extremejoin has 10 seconds left.\n|\n|t:|1746086680\n|move|p1a: Terapagos|Protect|p1a: Terapagos\n|-singleturn|p1a: Terapagos|Protect\n|move|p1b: Rillaboom|Fake Out|p2a: Miraidon\n|-crit|p2a: Miraidon\n|-damage|p2a: Miraidon|80/100\n|move|p2b: Sneasler|Toxic Spikes|p1b: Rillaboom\n|-sidestart|p1: extremejoin|move: Toxic Spikes\n|cant|p2a: Miraidon|flinch\n|\n|-heal|p2a: Miraidon|86/100|[from] Grassy Terrain\n|upkeep\n|turn|2\n|\n|t:|1746086695\n|move|p2b: Sneasler|Close Combat|p1a: Terapagos\n|-activate|p1a: Terapagos|ability: Tera Shell\n|-resisted|p1a: Terapagos\n|-damage|p1a: Terapagos|79/100\n|-unboost|p2b: Sneasler|def|1\n|-unboost|p2b: Sneasler|spd|1\n|move|p2a: Miraidon|Electro Drift|p1a: Terapagos\n|-damage|p1a: Terapagos|33/100\n|move|p1a: Terapagos|Substitute|p1a: Terapagos\n|-start|p1a: Terapagos|Substitute\n|-damage|p1a: Terapagos|8/100\n|move|p1b: Rillaboom|Wood Hammer|p2b: Sneasler\n|-resisted|p2b: Sneasler\n|-damage|p2b: Sneasler|41/100\n|-damage|p1b: Rillaboom|85/100|[from] Recoil\n|\n|-heal|p2b: Sneasler|47/100|[from] Grassy Terrain\n|-heal|p2a: Miraidon|93/100|[from] Grassy Terrain\n|-heal|p1a: Terapagos|14/100|[from] Grassy Terrain\n|-heal|p1a: Terapagos|20/100|[from] item: Leftovers\n|-heal|p1b: Rillaboom|91/100|[from] Grassy Terrain\n|upkeep\n|turn|3\n|inactive|extremejoin has 30 seconds left.\n|\n|t:|1746086721\n|move|p1a: Terapagos|Protect|p1a: Terapagos\n|-singleturn|p1a: Terapagos|Protect\n|move|p2b: Sneasler|Dire Claw|p1b: Rillaboom\n|-supereffective|p1b: Rillaboom\n|-damage|p1b: Rillaboom|15/100\n|-status|p1b: Rillaboom|slp\n|move|p2a: Miraidon|Electro Drift|p1b: Rillaboom\n|-resisted|p1b: Rillaboom\n|-damage|p1b: Rillaboom|0 fnt\n|faint|p1b: Rillaboom\n|\n|-heal|p2b: Sneasler|52/100|[from] Grassy Terrain\n|-heal|p2a: Miraidon|99/100|[from] Grassy Terrain\n|-heal|p1a: Terapagos|27/100|[from] Grassy Terrain\n|-heal|p1a: Terapagos|33/100|[from] item: Leftovers\n|upkeep\n|\n|t:|1746086730\n|switch|p1b: Incineroar|Incineroar, L50, F, shiny|100/100\n|-status|p1b: Incineroar|psn\n|-ability|p1b: Incineroar|Intimidate|boost\n|-unboost|p2a: Miraidon|atk|1\n|-unboost|p2b: Sneasler|atk|1\n|turn|4\n|\n|t:|1746086739\n|-terastallize|p2b: Sneasler|Ghost\n|move|p1b: Incineroar|Fake Out|p2a: Miraidon\n|-damage|p2a: Miraidon|89/100\n|move|p2b: Sneasler|Close Combat|p1b: Incineroar\n|-supereffective|p1b: Incineroar\n|-damage|p1b: Incineroar|41/100 psn\n|-unboost|p2b: Sneasler|def|1\n|-unboost|p2b: Sneasler|spd|1\n|cant|p2a: Miraidon|flinch\n|move|p1a: Terapagos|Calm Mind|p1a: Terapagos\n|-boost|p1a: Terapagos|spa|1\n|-boost|p1a: Terapagos|spd|1\n|\n|-heal|p2b: Sneasler|58/100|[from] Grassy Terrain\n|-heal|p2a: Miraidon|95/100|[from] Grassy Terrain\n|-heal|p1a: Terapagos|39/100|[from] Grassy Terrain\n|-heal|p1a: Terapagos|45/100|[from] item: Leftovers\n|-heal|p1b: Incineroar|47/100 psn|[from] Grassy Terrain\n|-damage|p1b: Incineroar|34/100 psn|[from] psn\n|upkeep\n|turn|5\n|inactive|extremejoin has 30 seconds left.\n|inactive|extremejoin has 20 seconds left.\n|inactive|extremejoin has 15 seconds left.\n|inactive|extremejoin has 10 seconds left.\n|inactive|extremejoin has 5 seconds left.\n|\n|t:|1746086794\n|move|p2b: Sneasler|Close Combat|p1a: Terapagos\n|-supereffective|p1a: Terapagos\n|-end|p1a: Terapagos|Substitute\n|-unboost|p2b: Sneasler|def|1\n|-unboost|p2b: Sneasler|spd|1\n|move|p2a: Miraidon|Electro Drift|p1b: Incineroar\n|-damage|p1b: Incineroar|0 fnt\n|faint|p1b: Incineroar\n|move|p1a: Terapagos|Tera Starstorm|p2a: Miraidon\n|-damage|p2a: Miraidon|29/100\n|\n|-heal|p2b: Sneasler|64/100|[from] Grassy Terrain\n|-heal|p2a: Miraidon|36/100|[from] Grassy Terrain\n|-heal|p1a: Terapagos|52/100|[from] Grassy Terrain\n|-heal|p1a: Terapagos|58/100|[from] item: Leftovers\n|-fieldend|move: Grassy Terrain\n|upkeep\n|\n|t:|1746086809\n|switch|p1b: Calyrex|Calyrex-Shadow, L50|100/100\n|-ability|p1b: Calyrex|As One\n|-ability|p1b: Calyrex|Unnerve\n|-status|p1b: Calyrex|psn\n|turn|6\n|\n|t:|1746086818\n|switch|p2b: Tatsugiri|Tatsugiri-Stretchy, L50, F|100/100\n|switch|p2a: Dondozo|Dondozo, L50, F|100/100\n|-activate|p2b: Tatsugiri|ability: Commander|[of] p2a: Dondozo\n|-boost|p2a: Dondozo|atk|2\n|-boost|p2a: Dondozo|spa|2\n|-boost|p2a: Dondozo|spe|2\n|-boost|p2a: Dondozo|def|2\n|-boost|p2a: Dondozo|spd|2\n|-terastallize|p1b: Calyrex|Ghost\n|move|p1b: Calyrex|Astral Barrage|p2a: Dondozo|[spread] p2a\n|-miss|p1b: Calyrex|p2b: Tatsugiri\n|-damage|p2a: Dondozo|62/100\n|move|p1a: Terapagos|Calm Mind|p1a: Terapagos\n|-boost|p1a: Terapagos|spa|1\n|-boost|p1a: Terapagos|spd|1\n|\n|-heal|p2a: Dondozo|68/100|[from] item: Leftovers\n|-heal|p1a: Terapagos|64/100|[from] item: Leftovers\n|-damage|p1b: Calyrex|88/100 psn|[from] psn\n|upkeep\n|turn|7\n|inactive|ROMS LAB has 30 seconds left.\n|\n|t:|1746086846\n|move|p2a: Dondozo|Protect|p2a: Dondozo\n|-singleturn|p2a: Dondozo|Protect\n|move|p1b: Calyrex|Astral Barrage|p2b: Tatsugiri|[spread] \n|-miss|p1b: Calyrex|p2b: Tatsugiri\n|-activate|p2a: Dondozo|move: Protect\n|move|p1a: Terapagos|Tera Starstorm|p2a: Dondozo\n|-activate|p2a: Dondozo|move: Protect\n|\n|-heal|p2a: Dondozo|74/100|[from] item: Leftovers\n|-heal|p1a: Terapagos|70/100|[from] item: Leftovers\n|-damage|p1b: Calyrex|75/100 psn|[from] psn\n|upkeep\n|turn|8\n|\n|t:|1746086869\n|move|p1b: Calyrex|Astral Barrage|p2a: Dondozo|[spread] p2a\n|-miss|p1b: Calyrex|p2b: Tatsugiri\n|-damage|p2a: Dondozo|34/100\n|move|p2a: Dondozo|Wave Crash|p1b: Calyrex\n|-damage|p1b: Calyrex|0 fnt\n|faint|p1b: Calyrex\n|-damage|p2a: Dondozo|15/100|[from] Recoil\n|move|p1a: Terapagos|Calm Mind|p1a: Terapagos\n|-boost|p1a: Terapagos|spa|1\n|-boost|p1a: Terapagos|spd|1\n|\n|-heal|p2a: Dondozo|21/100|[from] item: Leftovers\n|-heal|p1a: Terapagos|77/100|[from] item: Leftovers\n|upkeep\n|turn|9\n|\n|t:|1746086886\n|move|p2a: Dondozo|Wave Crash|p1a: Terapagos\n|-damage|p1a: Terapagos|0 fnt\n|faint|p1a: Terapagos\n|-damage|p2a: Dondozo|0 fnt|[from] Recoil\n|faint|p2a: Dondozo\n|\n|win|ROMS LAB\n||extremejoin is ready for game 2.\n|l|\u2606extremejoin\n|player|p1|\n|inactive|ROMS LAB has 30 seconds to confirm battle start!\n||ROMS LAB is ready for game 2.\n|uhtml|next|Next: <a href=\"/battle-gen9vgc2025regibo3-2354521094\"><strong>Game 2 of 3</strong></a>\n", "uploadtime": 1746087266, "views": 7, "formatid": "gen9vgc2025regibo3", "rating": null, "private": 0, "password": null}