{"id": "gen9vgc2025regibo3-2353753005", "format": "[Gen 9] VGC 2025 Reg I (Bo3)", "players": ["stanhoff", "theicemaster"], "log": "|j|\u2606stanhoff\n|j|\u2606theicemaster\n|html|<table width=\"100%\"><tr><td align=\"left\">stanhoff</td><td align=\"right\">theicemaster</tr><tr><td align=\"left\"><i class=\"fa fa-circle-o\"></i> <i class=\"fa fa-circle-o\"></i> </td><td align=\"right\"><i class=\"fa fa-circle-o\"></i> <i class=\"fa fa-circle-o\"></i> </tr></table>\n|uhtml|bestof|<h2><strong>Game 1</strong> of <a href=\"/game-bestof3-gen9vgc2025regibo3-2353753004\">a best-of-3</a></h2>\n|t:|1745994097\n|gametype|doubles\n|player|p1|stanhoff|falkner|1245\n|player|p2|theicemaster|crasherwake|1156\n|teamsize|p1|6\n|teamsize|p2|6\n|gen|9\n|tier|[Gen 9] VGC 2025 Reg I (Bo3)\n|rated|\n|rule|Species Clause: Limit one of each Pok\u00e9mon\n|rule|Item Clause: Limit 1 of each item\n|clearpoke\n|poke|p1|Calyrex-Shadow, L50|\n|poke|p1|Miraidon, L50|\n|poke|p1|Indeedee-F, L50, F|\n|poke|p1|Brute Bonnet, L50|\n|poke|p1|Iron Bundle, L50|\n|poke|p1|Sneasler, L50, F|\n|poke|p2|Incineroar, L50, M|\n|poke|p2|Calyrex-Ice, L50|\n|poke|p2|Dialga-Origin, L50|\n|poke|p2|Raging Bolt, L50|\n|poke|p2|Rillaboom, L50, M|\n|poke|p2|Urshifu-*, L50, F|\n|teampreview|4\n|showteam|p1|Calyrex-Shadow||FocusSash|AsOneSpectrier|AstralBarrage,ExpandingForce,Disable,Protect||||||50|,,,,,Ghost]Miraidon||LifeOrb|HadronEngine|ElectroDrift,DracoMeteor,DazzlingGleam,Protect||||||50|,,,,,Fairy]Indeedee-F||PsychicSeed|PsychicSurge|FollowMe,AlluringVoice,TrickRoom,Imprison|||F|||50|,,,,,Fairy]Brute Bonnet||CovertCloak|Protosynthesis|Spore,SuckerPunch,SeedBomb,RagePowder||||||50|,,,,,Water]Iron Bundle||KingsRock|QuarkDrive|IcyWind,FreezeDry,Fling,Protect||||||50|,,,,,Grass]Sneasler||ElectricSeed|Unburden|FakeOut,Taunt,CloseCombat,Protect|||F|||50|,,,,,Dark\n|showteam|p2|Incineroar||SafetyGoggles|Intimidate|KnockOff,Taunt,FakeOut,PartingShot|||M|||50|,,,,,Grass]Calyrex-Ice||ClearAmulet|AsOneGlastrier|GlacialLance,HighHorsepower,Protect,TrickRoom||||||50|,,,,,Water]Dialga-Origin||AdamantCrystal|Pressure|DragonPulse,FlashCannon,EarthPower,TrickRoom||||||50|,,,,,Ghost]Raging Bolt||BoosterEnergy|Protosynthesis|Thunderbolt,DragonPulse,Thunderclap,Protect||||||50|,,,,,Fairy]Rillaboom||AssaultVest|GrassySurge|GrassyGlide,WoodHammer,FakeOut,Uturn|||M|||50|,,,,,Fire]Urshifu-Rapid-Strike||ChoiceScarf|UnseenFist|SurgingStrikes,CloseCombat,AquaJet,Uturn|||F|||50|,,,,,Stellar\n|inactive|Battle timer is ON: inactive players will automatically lose when time's up. (requested by stanhoff)\n|inactive|theicemaster has 60 seconds left.\n|\n|t:|1745994143\n|start\n|switch|p1a: Calyrex|Calyrex-Shadow, L50|100/100\n|switch|p1b: Brute Bonnet|Brute Bonnet, L50|100/100\n|switch|p2a: Incineroar|Incineroar, L50, M|100/100\n|switch|p2b: Dialga|Dialga-Origin, L50|100/100\n|-ability|p1a: Calyrex|As One\n|-ability|p1a: Calyrex|Unnerve\n|-ability|p2b: Dialga|Pressure\n|-ability|p2a: Incineroar|Intimidate|boost\n|-unboost|p1a: Calyrex|atk|1\n|-unboost|p1b: Brute Bonnet|atk|1\n|turn|1\n|inactive|theicemaster has 30 seconds left.\n|\n|t:|1745994173\n|move|p1a: Calyrex|Protect|p1a: Calyrex\n|-singleturn|p1a: Calyrex|Protect\n|move|p2a: Incineroar|Taunt|p1b: Brute Bonnet\n|-start|p1b: Brute Bonnet|move: Taunt\n|cant|p1b: Brute Bonnet|move: Taunt|Spore\n|move|p2b: Dialga|Trick Room|p2b: Dialga\n|-fieldstart|move: Trick Room|[of] p2b: Dialga\n|\n|upkeep\n|turn|2\n|inactive|stanhoff has 30 seconds left.\n|inactive|stanhoff has 20 seconds left.\n|inactive|stanhoff has 15 seconds left.\n|inactive|stanhoff has 10 seconds left.\n|\n|t:|1745994219\n|-terastallize|p1b: Brute Bonnet|Water\n|move|p1a: Calyrex|Protect||[still]\n|-fail|p1a: Calyrex\n|move|p1b: Brute Bonnet|Seed Bomb|p2b: Dialga\n|-resisted|p2b: Dialga\n|-crit|p2b: Dialga\n|-damage|p2b: Dialga|91/100\n|move|p2a: Incineroar|Knock Off|p1a: Calyrex\n|-supereffective|p1a: Calyrex\n|-enditem|p1a: Calyrex|Focus Sash\n|-damage|p1a: Calyrex|1/100\n|move|p2b: Dialga|Dragon Pulse|p1a: Calyrex\n|-damage|p1a: Calyrex|0 fnt\n|faint|p1a: Calyrex\n|\n|upkeep\n|\n|t:|1745994228\n|switch|p1a: Miraidon|Miraidon, L50|100/100\n|-fieldstart|move: Electric Terrain|[from] ability: Hadron Engine|[of] p1a: Miraidon\n|turn|3\n|inactive|theicemaster has 30 seconds left.\n|\n|t:|1745994256\n|move|p1a: Miraidon|Protect|p1a: Miraidon\n|-singleturn|p1a: Miraidon|Protect\n|move|p1b: Brute Bonnet|Sucker Punch|p2b: Dialga\n|-damage|p2b: Dialga|76/100\n|move|p2a: Incineroar|Knock Off|p1b: Brute Bonnet\n|-damage|p1b: Brute Bonnet|77/100\n|-enditem|p1b: Brute Bonnet|Covert Cloak|[from] move: Knock Off|[of] p2a: Incineroar\n|move|p2b: Dialga|Dragon Pulse|p2a: Incineroar\n|-damage|p2a: Incineroar|38/100\n|\n|-end|p1b: Brute Bonnet|move: Taunt\n|upkeep\n|turn|4\n|c|\u2606stanhoff|misclick?\n|c|\u2606theicemaster|yeah :<\n|inactive|stanhoff has 30 seconds left.\n|c|\u2606theicemaster|welp happens\n|\n|t:|1745994291\n|move|p1b: Brute Bonnet|Rage Powder|p1b: Brute Bonnet\n|-singleturn|p1b: Brute Bonnet|move: Rage Powder\n|move|p2a: Incineroar|Parting Shot|p1a: Miraidon\n|-unboost|p1a: Miraidon|atk|1\n|-unboost|p1a: Miraidon|spa|1\n|\n|t:|1745994299\n|switch|p2a: Rillaboom|Rillaboom, L50, M|100/100|[from] Parting Shot\n|-fieldstart|move: Grassy Terrain|[from] ability: Grassy Surge|[of] p2a: Rillaboom\n|move|p2b: Dialga|Dragon Pulse|p1b: Brute Bonnet\n|-damage|p1b: Brute Bonnet|25/100\n|move|p1a: Miraidon|Dazzling Gleam|p2b: Dialga|[spread] p2a,p2b\n|-crit|p2a: Rillaboom\n|-damage|p2a: Rillaboom|76/100\n|-damage|p2b: Dialga|62/100\n|-damage|p1a: Miraidon|91/100|[from] item: Life Orb\n|\n|-heal|p1b: Brute Bonnet|31/100|[from] Grassy Terrain\n|-heal|p2a: Rillaboom|82/100|[from] Grassy Terrain\n|-heal|p2b: Dialga|68/100|[from] Grassy Terrain\n|-heal|p1a: Miraidon|97/100|[from] Grassy Terrain\n|upkeep\n|turn|5\n|inactive|theicemaster has 30 seconds left.\n|inactive|theicemaster has 20 seconds left.\n|inactive|theicemaster has 15 seconds left.\n|inactive|theicemaster has 10 seconds left.\n|inactive|theicemaster has 5 seconds left.\n|\n|t:|1745994352\n|switch|p1a: Iron Bundle|Iron Bundle, L50|100/100\n|move|p2a: Rillaboom|Grassy Glide|p1b: Brute Bonnet\n|-supereffective|p1b: Brute Bonnet\n|-damage|p1b: Brute Bonnet|0 fnt\n|faint|p1b: Brute Bonnet\n|-end|p1b: Brute Bonnet|Protosynthesis|[silent]\n|move|p2b: Dialga|Dragon Pulse|p1a: Iron Bundle\n|-damage|p1a: Iron Bundle|0 fnt\n|faint|p1a: Iron Bundle\n|-end|p1a: Iron Bundle|Quark Drive|[silent]\n|\n|-heal|p2a: Rillaboom|88/100|[from] Grassy Terrain\n|-heal|p2b: Dialga|73/100|[from] Grassy Terrain\n|-fieldend|move: Trick Room\n|upkeep\n|\n|t:|1745994360\n|switch|p1b: Miraidon|Miraidon, L50|97/100\n|-fieldstart|move: Electric Terrain|[from] ability: Hadron Engine|[of] p1b: Miraidon\n|turn|6\n|\n|t:|1745994368\n|move|p1b: Miraidon|Dazzling Gleam|p2a: Rillaboom|[spread] p2a,p2b\n|-damage|p2a: Rillaboom|63/100\n|-damage|p2b: Dialga|43/100\n|-damage|p1b: Miraidon|87/100|[from] item: Life Orb\n|move|p2a: Rillaboom|U-turn|p1b: Miraidon\n|-damage|p1b: Miraidon|62/100\n|\n|t:|1745994374\n|switch|p2a: Incineroar|Incineroar, L50, M|38/100|[from] U-turn\n|-ability|p2a: Incineroar|Intimidate|boost\n|-unboost|p1b: Miraidon|atk|1\n|move|p2b: Dialga|Trick Room|p2b: Dialga\n|-fieldstart|move: Trick Room|[of] p2b: Dialga\n|\n|upkeep\n|turn|7\n|\n|t:|1745994395\n|switch|p2a: Rillaboom|Rillaboom, L50, M|63/100\n|-fieldstart|move: Grassy Terrain|[from] ability: Grassy Surge|[of] p2a: Rillaboom\n|move|p2b: Dialga|Dragon Pulse|p1b: Miraidon\n|-supereffective|p1b: Miraidon\n|-damage|p1b: Miraidon|0 fnt\n|faint|p1b: Miraidon\n|\n|win|theicemaster\n||theicemaster is ready for game 2.\n||stanhoff is ready for game 2.\n|uhtml|next|Next: <a href=\"/battle-gen9vgc2025regibo3-2353754741\"><strong>Game 2 of 3</strong></a>\n", "uploadtime": 1745994783, "views": 19, "formatid": "gen9vgc2025regibo3", "rating": null, "private": 0, "password": null}