{"id": "gen9vgc2025regibo3-2354506864", "format": "[Gen 9] VGC 2025 Reg I (Bo3)", "players": ["Pakkard", "Desertfreak"], "log": "|j|\u2606Pakkard\n|j|\u2606Desertfreak\n|html|<table width=\"100%\"><tr><td align=\"left\">Pakkard</td><td align=\"right\">Desertfreak</tr><tr><td align=\"left\"><i class=\"fa fa-circle-o\"></i> <i class=\"fa fa-circle-o\"></i> </td><td align=\"right\"><i class=\"fa fa-circle-o\"></i> <i class=\"fa fa-circle-o\"></i> </tr></table>\n|uhtml|bestof|<h2><strong>Game 1</strong> of <a href=\"/game-bestof3-gen9vgc2025regibo3-2354506863\">a best-of-3</a></h2>\n|t:|1746083925\n|gametype|doubles\n|player|p1|Pakkard|guitarist|1217\n|player|p2|Desertfreak|170|1342\n|teamsize|p1|6\n|teamsize|p2|6\n|gen|9\n|tier|[Gen 9] VGC 2025 Reg I (Bo3)\n|rated|\n|rule|Species Clause: Limit one of each Pok\u00e9mon\n|rule|Item Clause: Limit 1 of each item\n|clearpoke\n|poke|p1|Miraidon, L50|\n|poke|p1|Zacian-*, L50|\n|poke|p1|Ogerpon, L50, F|\n|poke|p1|Incineroar, L50, M|\n|poke|p1|Urshifu-*, L50, F|\n|poke|p1|Tornadus, L50, M|\n|poke|p2|Koraidon, L50|\n|poke|p2|Lunala, L50|\n|poke|p2|Brute Bonnet, L50|\n|poke|p2|Flutter Mane, L50|\n|poke|p2|Chi-Yu, L50|\n|poke|p2|Tornadus, L50, M|\n|teampreview|4\n|showteam|p1|Miraidon||ChoiceSpecs|HadronEngine|DazzlingGleam,DracoMeteor,ElectroDrift,VoltSwitch||||||50|,,,,,Fairy]Zacian-Crowned||RustedSword|IntrepidSword|behemothblade,PlayRough,Substitute,Protect||||||50|,,,,,Dragon]Ogerpon||ElectricSeed|Defiant|FollowMe,SpikyShield,Taunt,IvyCudgel|||F|||50|,,,,,Grass]Incineroar||RockyHelmet|Intimidate|WillOWisp,KnockOff,PartingShot,FakeOut|||M|||50|,,,,,Bug]Urshifu-Rapid-Strike||ChoiceScarf|UnseenFist|SurgingStrikes,CloseCombat,Coaching,Taunt|||F|||50|,,,,,Water]Tornadus||CovertCloak|Prankster|RainDance,Tailwind,BleakwindStorm,Taunt|||M|||50|,,,,,Dark\n|showteam|p2|Koraidon||LifeOrb|OrichalcumPulse|CloseCombat,FlameCharge,FlareBlitz,Protect||||||50|,,,,,Fire]Lunala||PowerHerb|ShadowShield|MoongeistBeam,MeteorBeam,WideGuard,TrickRoom||||||50|,,,,,Water]Brute Bonnet||CovertCloak|Protosynthesis|SeedBomb,SuckerPunch,Spore,RagePowder||||||50|,,,,,Water]Flutter Mane||FocusSash|Protosynthesis|Moonblast,ShadowBall,IcyWind,Taunt||||||50|,,,,,Normal]Chi-Yu||ChoiceScarf|BeadsofRuin|Overheat,DarkPulse,HeatWave,Snarl||||||50|,,,,,Ghost]Tornadus||RockyHelmet|Prankster|SunnyDay,Tailwind,BleakwindStorm,Protect|||M|||50|,,,,,Dark\n|inactive|Battle timer is ON: inactive players will automatically lose when time's up. (requested by Pakkard)\n|inactive|Pakkard has 60 seconds left.\n|inactive|Pakkard has 30 seconds left.\n|inactive|Pakkard has 20 seconds left.\n|inactive|Pakkard has 15 seconds left.\n|\n|t:|1746084004\n|start\n|switch|p1a: Miraidon|Miraidon, L50|100/100\n|switch|p1b: Incineroar|Incineroar, L50, M|100/100\n|switch|p2a: Flutter Mane|Flutter Mane, L50, shiny|100/100\n|switch|p2b: Lunala|Lunala, L50, shiny|100/100\n|-fieldstart|move: Electric Terrain|[from] ability: Hadron Engine|[of] p1a: Miraidon\n|-ability|p1b: Incineroar|Intimidate|boost\n|-unboost|p2a: Flutter Mane|atk|1\n|-unboost|p2b: Lunala|atk|1\n|turn|1\n|inactive|Pakkard has 30 seconds left.\n|inactive|Pakkard has 20 seconds left.\n|\n|t:|1746084042\n|move|p2a: Flutter Mane|Icy Wind|p1b: Incineroar|[spread] p1b\n|-miss|p2a: Flutter Mane|p1a: Miraidon\n|-resisted|p1b: Incineroar\n|-damage|p1b: Incineroar|95/100\n|-unboost|p1b: Incineroar|spe|1\n|move|p1a: Miraidon|Volt Switch|p2a: Flutter Mane\n|-enditem|p2a: Flutter Mane|Focus Sash\n|-damage|p2a: Flutter Mane|1/100\n|\n|t:|1746084053\n|switch|p1a: Urshifu|Urshifu-Rapid-Strike, L50, F|100/100|[from] Volt Switch\n|move|p2b: Lunala|Meteor Beam||[still]\n|-prepare|p2b: Lunala|Meteor Beam\n|-boost|p2b: Lunala|spa|1\n|-enditem|p2b: Lunala|Power Herb\n|-anim|p2b: Lunala|Meteor Beam|p1b: Incineroar\n|-supereffective|p1b: Incineroar\n|-damage|p1b: Incineroar|0 fnt\n|faint|p1b: Incineroar\n|\n|upkeep\n|\n|t:|1746084065\n|switch|p1b: Tornadus|Tornadus, L50, M|100/100\n|turn|2\n|\n|t:|1746084087\n|move|p1b: Tornadus|Tailwind|p1b: Tornadus\n|-sidestart|p1: Pakkard|move: Tailwind\n|move|p1a: Urshifu|Surging Strikes|p2a: Flutter Mane\n|-crit|p2a: Flutter Mane\n|-damage|p2a: Flutter Mane|0 fnt\n|faint|p2a: Flutter Mane\n|-end|p2a: Flutter Mane|Protosynthesis|[silent]\n|-hitcount|p2: Flutter Mane|1\n|move|p2b: Lunala|Moongeist Beam|p1a: Urshifu\n|-damage|p1a: Urshifu|0 fnt\n|faint|p1a: Urshifu\n|\n|upkeep\n|\n|t:|1746084102\n|switch|p2a: Brute Bonnet|Brute Bonnet, L50, shiny|100/100\n|switch|p1a: Miraidon|Miraidon, L50|100/100\n|-activate|p1a: Miraidon|ability: Hadron Engine\n|turn|3\n|\n|t:|1746084124\n|move|p2a: Brute Bonnet|Rage Powder|p2a: Brute Bonnet\n|-singleturn|p2a: Brute Bonnet|move: Rage Powder\n|move|p1a: Miraidon|Dazzling Gleam|p2a: Brute Bonnet|[spread] p2a,p2b\n|-supereffective|p2a: Brute Bonnet\n|-damage|p2a: Brute Bonnet|34/100\n|-damage|p2b: Lunala|86/100\n|move|p1b: Tornadus|Bleakwind Storm|p2a: Brute Bonnet|[spread] p2a\n|-miss|p1b: Tornadus|p2b: Lunala\n|-supereffective|p2a: Brute Bonnet\n|-damage|p2a: Brute Bonnet|0 fnt\n|faint|p2a: Brute Bonnet\n|-end|p2a: Brute Bonnet|Protosynthesis|[silent]\n|move|p2b: Lunala|Trick Room|p2b: Lunala\n|-fieldstart|move: Trick Room|[of] p2b: Lunala\n|\n|upkeep\n|\n|t:|1746084130\n|switch|p2a: Koraidon|Koraidon, L50|100/100\n|-weather|SunnyDay|[from] ability: Orichalcum Pulse|[of] p2a: Koraidon\n|-activate|p2a: Koraidon|Orichalcum Pulse|[source]\n|turn|4\n|inactive|Pakkard has 30 seconds left.\n|\n|t:|1746084158\n|-terastallize|p2a: Koraidon|Fire\n|-terastallize|p1a: Miraidon|Fairy\n|move|p2b: Lunala|Wide Guard|p2b: Lunala\n|-singleturn|p2b: Lunala|Wide Guard\n|move|p1b: Tornadus|Rain Dance|p1b: Tornadus\n|-weather|RainDance\n|move|p2a: Koraidon|Flare Blitz|p1b: Tornadus\n|-damage|p1b: Tornadus|45/100\n|-damage|p2a: Koraidon|81/100|[from] Recoil\n|-damage|p2a: Koraidon|72/100|[from] item: Life Orb\n|move|p1a: Miraidon|Dazzling Gleam|p2b: Lunala|[spread] \n|-activate|p2a: Koraidon|move: Wide Guard\n|-activate|p2b: Lunala|move: Wide Guard\n|\n|-weather|RainDance|[upkeep]\n|upkeep\n|turn|5\n|\n|t:|1746084174\n|move|p2b: Lunala|Wide Guard|p2b: Lunala\n|-singleturn|p2b: Lunala|Wide Guard\n|move|p1b: Tornadus|Taunt|p2b: Lunala\n|-start|p2b: Lunala|move: Taunt\n|move|p2a: Koraidon|Flare Blitz|p1b: Tornadus\n|-damage|p1b: Tornadus|0 fnt\n|faint|p1b: Tornadus\n|-damage|p2a: Koraidon|56/100|[from] Recoil\n|-damage|p2a: Koraidon|47/100|[from] item: Life Orb\n|move|p1a: Miraidon|Dazzling Gleam|p2b: Lunala|[spread] \n|-activate|p2a: Koraidon|move: Wide Guard\n|-activate|p2b: Lunala|move: Wide Guard\n|\n|-weather|RainDance|[upkeep]\n|-sideend|p1: Pakkard|move: Tailwind\n|-fieldend|move: Electric Terrain\n|upkeep\n|turn|6\n|\n|t:|1746084186\n|move|p2a: Koraidon|Protect|p2a: Koraidon\n|-singleturn|p2a: Koraidon|Protect\n|move|p2b: Lunala|Moongeist Beam|p1a: Miraidon\n|-damage|p1a: Miraidon|22/100\n|move|p1a: Miraidon|Dazzling Gleam|p2b: Lunala|[spread] p2b\n|-activate|p2a: Koraidon|move: Protect\n|-damage|p2b: Lunala|53/100\n|\n|-weather|RainDance|[upkeep]\n|upkeep\n|turn|7\n|\n|t:|1746084193\n|move|p2b: Lunala|Moongeist Beam|p1a: Miraidon\n|-damage|p1a: Miraidon|0 fnt\n|faint|p1a: Miraidon\n|\n|win|Desertfreak\n||Desertfreak is ready for game 2.\n||Pakkard is ready for game 2.\n|uhtml|next|Next: <a href=\"/battle-gen9vgc2025regibo3-2354508149\"><strong>Game 2 of 3</strong></a>\n|l|\u2606Pakkard\n|player|p1|\n", "uploadtime": 1746084558, "views": 7, "formatid": "gen9vgc2025regibo3", "rating": null, "private": 0, "password": null}