{"id": "gen9vgc2025regibo3-2353756101", "format": "[Gen 9] VGC 2025 Reg I (Bo3)", "players": ["TheOGTom", "maxwellous"], "log": "|j|\u2606TheOGTom\n|j|\u2606maxwellous\n|html|<table width=\"100%\"><tr><td align=\"left\">TheOGTom</td><td align=\"right\">maxwellous</tr><tr><td align=\"left\"><i class=\"fa fa-circle-o\"></i> <i class=\"fa fa-circle-o\"></i> </td><td align=\"right\"><i class=\"fa fa-circle-o\"></i> <i class=\"fa fa-circle-o\"></i> </tr></table>\n|uhtml|bestof|<h2><strong>Game 1</strong> of <a href=\"/game-bestof3-gen9vgc2025regibo3-2353756100\">a best-of-3</a></h2>\n|t:|1745994633\n|gametype|doubles\n|player|p1|TheOGTom|clown|\n|player|p2|maxwellous|steven|\n|teamsize|p1|6\n|teamsize|p2|6\n|gen|9\n|tier|[Gen 9] VGC 2025 Reg I (Bo3)\n|rule|Species Clause: Limit one of each Pok\u00e9mon\n|rule|Item Clause: Limit 1 of each item\n|clearpoke\n|poke|p1|Miraidon, L50|\n|poke|p1|Iron Leaves, L50|\n|poke|p1|Farigiraf, L50, M|\n|poke|p1|Ho-Oh, L50|\n|poke|p1|Araquanid, L50, F|\n|poke|p1|Thundurus, L50, M|\n|poke|p2|Flutter Mane, L50|\n|poke|p2|Whimsicott, L50, M|\n|poke|p2|Zamazenta-*, L50|\n|poke|p2|Kyogre, L50|\n|poke|p2|Incineroar, L50, F|\n|poke|p2|Cinderace, L50, F|\n|teampreview|4\n|showteam|p1|Miraidon||HeavyDutyBoots|HadronEngine|ElectroDrift,CalmMind,DracoMeteor,Uturn||||||50|,,,,,Electric]Iron Leaves||BoosterEnergy|QuarkDrive|Psyblade,SacredSword,SwordsDance,LeafBlade||||||50|,,,,,Grass]Farigiraf||ThroatSpray|ArmorTail|HyperVoice,ShadowBall,TwinBeam,Thunderbolt|||M|||50|,,,,,Normal]Ho-Oh||Leftovers|Regenerator|SacredFire,Earthquake,BraveBird,Recover||||||50|,,,,,Fire]Araquanid||CustapBerry|WaterBubble|StickyWeb,Liquidation,LeechLife,Endure|||F|||50|,,,,,Water]Thundurus||CovertCloak|Prankster|ElectricTerrain,Thunderbolt,ThunderWave,FocusBlast|||M|||50|,,,,,Electric\n|showteam|p2|Flutter Mane||ChoiceScarf|Protosynthesis|ShadowBall,Moonblast,MysticalFire,Taunt||||||50|,,,,,Fairy]Whimsicott||FocusSash|Prankster|Tailwind,DazzlingGleam,Encore,GigaDrain|||M|||50|,,,,,Grass]Zamazenta||Leftovers|DauntlessShield|IronDefense,BodyPress,StoneEdge,Crunch||||||50|,,,,,Stellar]Kyogre||ChoiceSpecs|Drizzle|Thunder,OriginPulse,IceBeam,WaterSpout||||||50|,,,,,Water]Incineroar||SafetyGoggles|Intimidate|FakeOut,KnockOff,PartingShot,WillOWisp|||F|||50|,,,,,Fire]Cinderace||HeavyDutyBoots|Libero|HighJumpKick,Uturn,CourtChange,PyroBall|||F|||50|,,,,,Fire\n|\n|t:|1745994664\n|start\n|switch|p1a: Thundurus|Thundurus, L50, M|100/100\n|switch|p1b: Araquanid|Araquanid, L50, F|100/100\n|switch|p2a: Kyogre|Kyogre, L50|100/100\n|switch|p2b: Whimsicott|Whimsicott, L50, M|100/100\n|-weather|RainDance|[from] ability: Drizzle|[of] p2a: Kyogre\n|turn|1\n|\n|t:|1745994680\n|move|p2b: Whimsicott|Tailwind|p2b: Whimsicott\n|-sidestart|p2: maxwellous|move: Tailwind\n|move|p1a: Thundurus|Thunder Wave|p2a: Kyogre\n|-status|p2a: Kyogre|par\n|move|p2a: Kyogre|Water Spout|p1a: Thundurus|[spread] p1a,p1b\n|-resisted|p1b: Araquanid\n|-damage|p1a: Thundurus|0 fnt\n|-damage|p1b: Araquanid|35/100\n|faint|p1a: Thundurus\n|move|p1b: Araquanid|Sticky Web|p2b: Whimsicott\n|-sidestart|p2: maxwellous|move: Sticky Web\n|\n|-weather|RainDance|[upkeep]\n|upkeep\n|\n|t:|1745994691\n|switch|p1a: Miraidon|Miraidon, L50|100/100\n|-fieldstart|move: Electric Terrain|[from] ability: Hadron Engine|[of] p1a: Miraidon\n|turn|2\n|\n|t:|1745994704\n|move|p2b: Whimsicott|Encore|p1b: Araquanid\n|-start|p1b: Araquanid|Encore\n|move|p1a: Miraidon|Electro Drift|p2a: Kyogre\n|-supereffective|p2a: Kyogre\n|-damage|p2a: Kyogre|0 fnt\n|faint|p2a: Kyogre\n|move|p1b: Araquanid|Sticky Web||[still]\n|-fail|p1b: Araquanid\n|\n|-weather|RainDance|[upkeep]\n|upkeep\n|\n|t:|1745994715\n|switch|p2a: Incineroar|Incineroar, L50, F|100/100\n|-activate|p2a: Incineroar|move: Sticky Web\n|-unboost|p2a: Incineroar|spe|1\n|-ability|p2a: Incineroar|Intimidate|boost\n|-unboost|p1a: Miraidon|atk|1\n|-unboost|p1b: Araquanid|atk|1\n|turn|3\n|\n|t:|1745994729\n|switch|p1b: Iron Leaves|Iron Leaves, L50|100/100\n|-activate|p1b: Iron Leaves|ability: Quark Drive\n|-start|p1b: Iron Leaves|quarkdrivespe\n|move|p2a: Incineroar|Fake Out|p1a: Miraidon\n|-damage|p1a: Miraidon|91/100\n|move|p2b: Whimsicott|Dazzling Gleam|p1a: Miraidon|[spread] p1a,p1b\n|-supereffective|p1a: Miraidon\n|-damage|p1a: Miraidon|50/100\n|-damage|p1b: Iron Leaves|78/100\n|cant|p1a: Miraidon|flinch\n|\n|-weather|RainDance|[upkeep]\n|upkeep\n|turn|4\n|\n|t:|1745994756\n|move|p2b: Whimsicott|Dazzling Gleam|p1a: Miraidon|[spread] p1a,p1b\n|-supereffective|p1a: Miraidon\n|-crit|p1a: Miraidon\n|-damage|p1a: Miraidon|0 fnt\n|-damage|p1b: Iron Leaves|58/100\n|faint|p1a: Miraidon\n|move|p1b: Iron Leaves|Sacred Sword|p2a: Incineroar\n|-supereffective|p2a: Incineroar\n|-damage|p2a: Incineroar|47/100\n|move|p2a: Incineroar|Will-O-Wisp|p1b: Iron Leaves\n|-status|p1b: Iron Leaves|brn\n|\n|-weather|RainDance|[upkeep]\n|-damage|p1b: Iron Leaves|52/100 brn|[from] brn\n|-sideend|p2: maxwellous|move: Tailwind\n|upkeep\n|\n|t:|1745994768\n|switch|p1a: Araquanid|Araquanid, L50, F|35/100\n|turn|5\n|\n|t:|1745994776\n|move|p2b: Whimsicott|Tailwind|p2b: Whimsicott\n|-sidestart|p2: maxwellous|move: Tailwind\n|move|p1b: Iron Leaves|Psyblade|p2b: Whimsicott\n|-damage|p2b: Whimsicott|59/100\n|move|p2a: Incineroar|Knock Off|p1a: Araquanid\n|-damage|p1a: Araquanid|0 fnt\n|-enditem|p1a: Araquanid|Custap Berry|[from] move: Knock Off|[of] p2a: Incineroar\n|faint|p1a: Araquanid\n|\n|-weather|none\n|-damage|p1b: Iron Leaves|45/100 brn|[from] brn\n|upkeep\n|turn|6\n|\n|t:|1745994807\n|move|p2b: Whimsicott|Dazzling Gleam|p1b: Iron Leaves\n|-damage|p1b: Iron Leaves|15/100 brn\n|move|p1b: Iron Leaves|Sacred Sword|p2a: Incineroar\n|-supereffective|p2a: Incineroar\n|-damage|p2a: Incineroar|19/100\n|move|p2a: Incineroar|Knock Off|p1b: Iron Leaves\n|-supereffective|p1b: Iron Leaves\n|-damage|p1b: Iron Leaves|0 fnt\n|faint|p1b: Iron Leaves\n|-end|p1b: Iron Leaves|Quark Drive|[silent]\n|\n|win|maxwellous\n||maxwellous is ready for game 2.\n|inactive|TheOGTom has 30 seconds to confirm battle start!\n||TheOGTom is ready for game 2.\n|uhtml|next|Next: <a href=\"/battle-gen9vgc2025regibo3-2353757136\"><strong>Game 2 of 3</strong></a>\n|l|\u2606TheOGTom\n|player|p1|\n", "uploadtime": 1745995200, "views": 6, "formatid": "gen9vgc2025regibo3", "rating": null, "private": 0, "password": null}