{"id": "gen9vgc2025regibo3-2354594910", "format": "[Gen 9] VGC 2025 Reg I (Bo3)", "players": ["eag233", "Jean CHASUBLE 1"], "log": "|j|\u2606eag233\n|j|\u2606Jean CHASUBLE 1\n|html|<table width=\"100%\"><tr><td align=\"left\">eag233</td><td align=\"right\">Jean CHASUBLE 1</tr><tr><td align=\"left\"><i class=\"fa fa-circle-o\"></i> <i class=\"fa fa-circle-o\"></i> </td><td align=\"right\"><i class=\"fa fa-circle-o\"></i> <i class=\"fa fa-circle-o\"></i> </tr></table>\n|uhtml|bestof|<h2><strong>Game 1</strong> of <a href=\"/game-bestof3-gen9vgc2025regibo3-2354594909\">a best-of-3</a></h2>\n|t:|1746100334\n|gametype|doubles\n|player|p1|eag233|n|1204\n|player|p2|Jean CHASUBLE 1|cheren-gen5bw2|1199\n|teamsize|p1|6\n|teamsize|p2|6\n|gen|9\n|tier|[Gen 9] VGC 2025 Reg I (Bo3)\n|rated|\n|rule|Species Clause: Limit one of each Pok\u00e9mon\n|rule|Item Clause: Limit 1 of each item\n|clearpoke\n|poke|p1|Ting-Lu, L50|\n|poke|p1|Calyrex-Shadow, L50|\n|poke|p1|Zamazenta-*, L50|\n|poke|p1|Amoonguss, L50, F|\n|poke|p1|Whimsicott, L50, F|\n|poke|p1|Gyarados, L50, M|\n|poke|p2|Kyogre, L50|\n|poke|p2|Zacian-*, L50|\n|poke|p2|Tornadus, L50, M|\n|poke|p2|Landorus, L50, M|\n|poke|p2|Amoonguss, L50, M|\n|poke|p2|Urshifu-*, L50, F|\n|teampreview|4\n|showteam|p1|Ting-Lu||SafetyGoggles|VesselofRuin|StompingTantrum,Ruination,StealthRock,Protect||||||50|,,,,,Poison]Calyrex-Shadow||FocusSash|AsOneSpectrier|PollenPuff,AstralBarrage,Psyshock,Protect||||||50|,,,,,Normal]Zamazenta-Crowned||RustedShield|DauntlessShield|BodyPress,HeavySlam,WideGuard,Protect||||||50|,,,,,Dragon]Amoonguss||RockyHelmet|Regenerator|Protect,Spore,SludgeBomb,RagePowder|||F|||50|,,,,,Water]Whimsicott||CovertCloak|Prankster|HelpingHand,Encore,Moonblast,Tailwind|||F|||50|,,,,,Grass]Gyarados||MentalHerb|Intimidate|Taunt,DragonTail,ThunderWave,Protect|||M|||50|,,,,,Ground\n|showteam|p2|Kyogre||AssaultVest|Drizzle|Thunder,WaterSpout,IceBeam,HydroPump||||||50|,,,,,Grass]Zacian-Crowned||RustedSword|IntrepidSword|Protect,PlayRough,behemothblade,SacredSword||||||50|,,,,,Fairy]Tornadus||CovertCloak|Prankster|Tailwind,Taunt,BleakwindStorm,RainDance|||M|||50|,,,,,Dark]Landorus||LifeOrb|SheerForce|EarthPower,SandsearStorm,SludgeBomb,Protect|||M|||50|,,,,,Poison]Amoonguss||RockyHelmet|Regenerator|Spore,PollenPuff,Protect,RagePowder|||M|||50|,,,,,Water]Urshifu-Rapid-Strike||ChoiceScarf|UnseenFist|SurgingStrikes,Uturn,AquaJet,CloseCombat|||F|||50|,,,,,Water\n|inactive|Battle timer is ON: inactive players will automatically lose when time's up. (requested by Jean CHASUBLE 1)\n|\n|t:|1746100415\n|start\n|switch|p1a: Zamazenta|Zamazenta-Crowned, L50|100/100\n|switch|p1b: Gyarados|Gyarados, L50, M|100/100\n|switch|p2a: Tornadus|Tornadus, L50, M|100/100\n|switch|p2b: Kyogre|Kyogre, L50|100/100\n|-ability|p1a: Zamazenta|Dauntless Shield|boost\n|-boost|p1a: Zamazenta|def|1\n|-weather|RainDance|[from] ability: Drizzle|[of] p2b: Kyogre\n|-ability|p1b: Gyarados|Intimidate|boost\n|-unboost|p2a: Tornadus|atk|1\n|-unboost|p2b: Kyogre|atk|1\n|turn|1\n|inactive|eag233 has 30 seconds left.\n|inactive|Jean CHASUBLE 1 has 30 seconds left.\n|inactive|eag233 has 20 seconds left.\n|inactive|eag233 has 15 seconds left.\n|\n|t:|1746100459\n|-terastallize|p1b: Gyarados|Ground\n|move|p1a: Zamazenta|Wide Guard|p1a: Zamazenta\n|-singleturn|p1a: Zamazenta|Wide Guard\n|move|p2a: Tornadus|Tailwind|p2a: Tornadus\n|-sidestart|p2: Jean CHASUBLE 1|move: Tailwind\n|move|p2b: Kyogre|Thunder|p1b: Gyarados\n|-immune|p1b: Gyarados\n|move|p1b: Gyarados|Thunder Wave|p2b: Kyogre\n|-status|p2b: Kyogre|par\n|\n|-weather|RainDance|[upkeep]\n|upkeep\n|turn|2\n|inactive|eag233 has 30 seconds left.\n|inactive|Jean CHASUBLE 1 has 30 seconds left.\n|\n|t:|1746100487\n|move|p1b: Gyarados|Protect|p1b: Gyarados\n|-singleturn|p1b: Gyarados|Protect\n|move|p2a: Tornadus|Taunt|p1b: Gyarados\n|-activate|p1b: Gyarados|move: Protect\n|move|p1a: Zamazenta|Body Press|p2b: Kyogre\n|-damage|p2b: Kyogre|33/100 par\n|move|p2b: Kyogre|Hydro Pump|p1b: Gyarados\n|-activate|p1b: Gyarados|move: Protect\n|\n|-weather|RainDance|[upkeep]\n|upkeep\n|turn|3\n|\n|t:|1746100508\n|switch|p2b: Landorus|Landorus, L50, M|100/100\n|move|p2a: Tornadus|Bleakwind Storm|p1b: Gyarados|[spread] p1a,p1b\n|-crit|p1b: Gyarados\n|-damage|p1a: Zamazenta|80/100\n|-damage|p1b: Gyarados|65/100\n|move|p1a: Zamazenta|Body Press|p2b: Landorus\n|-resisted|p2b: Landorus\n|-damage|p2b: Landorus|60/100\n|move|p1b: Gyarados|Dragon Tail|p2a: Tornadus\n|-damage|p2a: Tornadus|83/100\n|drag|p2a: Zacian|Zacian-Crowned, L50|100/100\n|-ability|p2a: Zacian|Intrepid Sword|boost\n|-boost|p2a: Zacian|atk|1\n|\n|-weather|RainDance|[upkeep]\n|upkeep\n|turn|4\n|inactive|eag233 has 30 seconds left.\n|inactive|eag233 has 20 seconds left.\n|inactive|eag233 has 15 seconds left.\n|\n|t:|1746100550\n|move|p1a: Zamazenta|Protect|p1a: Zamazenta\n|-singleturn|p1a: Zamazenta|Protect\n|move|p1b: Gyarados|Protect|p1b: Gyarados\n|-singleturn|p1b: Gyarados|Protect\n|move|p2a: Zacian|Behemoth Blade|p1b: Gyarados\n|-activate|p1b: Gyarados|move: Protect\n|move|p2b: Landorus|Earth Power|p1a: Zamazenta\n|-activate|p1a: Zamazenta|move: Protect\n|\n|-weather|RainDance|[upkeep]\n|-sideend|p2: Jean CHASUBLE 1|move: Tailwind\n|upkeep\n|turn|5\n|inactive|eag233 has 30 seconds left.\n|inactive|eag233 has 20 seconds left.\n|inactive|eag233 has 15 seconds left.\n|\n|t:|1746100592\n|move|p2a: Zacian|Behemoth Blade|p1b: Gyarados\n|-damage|p1b: Gyarados|0 fnt\n|faint|p1b: Gyarados\n|move|p2b: Landorus|Earth Power|p1a: Zamazenta\n|-supereffective|p1a: Zamazenta\n|-damage|p1a: Zamazenta|0 fnt\n|faint|p1a: Zamazenta\n|\n|-weather|none\n|upkeep\n|\n|t:|1746100606\n|switch|p1a: Whimsicott|Whimsicott, L50, F|100/100\n|switch|p1b: Calyrex|Calyrex-Shadow, L50|100/100\n|-ability|p1b: Calyrex|As One\n|-ability|p1b: Calyrex|Unnerve\n|turn|6\n|inactive|eag233 has 30 seconds left.\n|\n|t:|1746100631\n|switch|p2b: Tornadus|Tornadus, L50, M|83/100\n|move|p1a: Whimsicott|Tailwind|p1a: Whimsicott\n|-sidestart|p1: eag233|move: Tailwind\n|move|p1b: Calyrex|Astral Barrage|p2b: Tornadus|[spread] p2a,p2b\n|-damage|p2a: Zacian|53/100\n|-damage|p2b: Tornadus|20/100\n|move|p2a: Zacian|Behemoth Blade|p1a: Whimsicott\n|-supereffective|p1a: Whimsicott\n|-damage|p1a: Whimsicott|0 fnt\n|faint|p1a: Whimsicott\n|\n|upkeep\n|turn|7\n|inactive|Jean CHASUBLE 1 has 30 seconds left.\n|inactive|Jean CHASUBLE 1 has 20 seconds left.\n|inactive|Jean CHASUBLE 1 has 15 seconds left.\n|\n|t:|1746100672\n|move|p2b: Tornadus|Tailwind|p2b: Tornadus\n|-sidestart|p2: Jean CHASUBLE 1|move: Tailwind\n|move|p1b: Calyrex|Astral Barrage|p2b: Tornadus|[spread] p2a,p2b\n|-damage|p2a: Zacian|0 fnt\n|-damage|p2b: Tornadus|0 fnt\n|faint|p2a: Zacian\n|faint|p2b: Tornadus\n|-ability|p1b: Calyrex|Grim Neigh|boost\n|-boost|p1b: Calyrex|spa|2\n|\n|upkeep\n|inactive|Jean CHASUBLE 1 has 30 seconds left.\n|\n|t:|1746100704\n|switch|p2a: Landorus|Landorus, L50, M|60/100\n|switch|p2b: Kyogre|Kyogre, L50|33/100 par\n|-weather|RainDance|[from] ability: Drizzle|[of] p2b: Kyogre\n|turn|8\n|\n|t:|1746100714\n|move|p2a: Landorus|Protect|p2a: Landorus\n|-singleturn|p2a: Landorus|Protect\n|move|p1b: Calyrex|Astral Barrage|p2b: Kyogre|[spread] p2b\n|-activate|p2a: Landorus|move: Protect\n|-damage|p2b: Kyogre|0 fnt\n|faint|p2b: Kyogre\n|-ability|p1b: Calyrex|Grim Neigh|boost\n|-boost|p1b: Calyrex|spa|1\n|\n|-weather|RainDance|[upkeep]\n|upkeep\n|turn|9\n|\n|t:|1746100725\n|move|p2a: Landorus|Protect||[still]\n|-fail|p2a: Landorus\n|move|p1b: Calyrex|Astral Barrage|p2a: Landorus\n|-damage|p2a: Landorus|0 fnt\n|faint|p2a: Landorus\n|\n|win|eag233\n||eag233 is ready for game 2.\n", "uploadtime": 1746100733, "views": 13, "formatid": "gen9vgc2025regibo3", "rating": null, "private": 0, "password": null}