{"id": "gen9vgc2025regibo3-2353508921", "format": "[Gen 9] VGC 2025 Reg I (Bo3)", "players": ["laZb0nes2", "Pelosis"], "log": "|j|\u2606laZb0nes2\n|j|\u2606Pelosis\n|html|<table width=\"100%\"><tr><td align=\"left\">laZb0nes2</td><td align=\"right\">Pelosis</tr><tr><td align=\"left\"><i class=\"fa fa-circle-o\"></i> <i class=\"fa fa-circle-o\"></i> </td><td align=\"right\"><i class=\"fa fa-circle-o\"></i> <i class=\"fa fa-circle-o\"></i> </tr></table>\n|uhtml|bestof|<h2><strong>Game 1</strong> of <a href=\"/game-bestof3-gen9vgc2025regibo3-2353508919\">a best-of-3</a></h2>\n|t:|1745962727\n|gametype|doubles\n|player|p1|laZb0nes2|pokemonranger-gen4|1115\n|player|p2|Pelosis|blackbelt-gen4dp|1050\n|teamsize|p1|6\n|teamsize|p2|6\n|gen|9\n|tier|[Gen 9] VGC 2025 Reg I (Bo3)\n|rated|\n|rule|Species Clause: Limit one of each Pok\u00e9mon\n|rule|Item Clause: Limit 1 of each item\n|clearpoke\n|poke|p1|Terapagos, L50, M|\n|poke|p1|Ho-Oh, L50|\n|poke|p1|Incineroar, L50, M|\n|poke|p1|Rillaboom, L50, F|\n|poke|p1|Ogerpon-Cornerstone, L50, F|\n|poke|p1|Flutter Mane, L50|\n|poke|p2|Koraidon, L50|\n|poke|p2|Calyrex-Shadow, L50|\n|poke|p2|Weezing-Galar, L50, M|\n|poke|p2|Iron Hands, L50|\n|poke|p2|Chi-Yu, L50|\n|poke|p2|Ogerpon-Cornerstone, L50, F|\n|teampreview|4\n|showteam|p1|Terapagos||Leftovers|TeraShift|CalmMind,TeraStarstorm,EarthPower,Protect|||M|||50|,,,,,Stellar]Ho-Oh||ClearAmulet|Regenerator|SacredFire,BraveBird,Tailwind,Protect||||||50|,,,,,Grass]Incineroar||SafetyGoggles|Intimidate|KnockOff,FakeOut,WillOWisp,PartingShot|||M|||50|,,,,,Water]Rillaboom||AssaultVest|GrassySurge|GrassyGlide,WoodHammer,Uturn,FakeOut|||F|||50|,,,,,Fire]Ogerpon-Cornerstone||CornerstoneMask|Sturdy|IvyCudgel,PowerWhip,FollowMe,SpikyShield|||F|||50|,,,,,Rock]Flutter Mane||BoosterEnergy|Protosynthesis|Moonblast,ShadowBall,Protect,Taunt||||||50|,,,,,Fairy\n|showteam|p2|Koraidon||AbilityShield|OrichalcumPulse|FlareBlitz,CollisionCourse,FlameCharge,Protect||||||50|,,,,,Fire]Calyrex-Shadow||FocusSash|AsOneSpectrier|AstralBarrage,Psychic,Encore,Protect||||||50|,,,,,Ghost]Weezing-Galar||CovertCloak|NeutralizingGas|ToxicSpikes,StrangeSteam,Taunt,Protect|||M|||50|,,,,,Dark]Iron Hands||AssaultVest|QuarkDrive|DrainPunch,LowKick,WildCharge,FakeOut||||||50|,,,,,Water]Chi-Yu||ChoiceScarf|BeadsofRuin|HeatWave,DarkPulse,Overheat,Snarl||||||50|,,,,,Ghost]Ogerpon-Cornerstone||CornerstoneMask|Sturdy|IvyCudgel,PowerWhip,FollowMe,SpikyShield|||F|||50|,,,,,Rock\n|inactive|Battle timer is ON: inactive players will automatically lose when time's up. (requested by Pelosis)\n|inactive|laZb0nes2 has 60 seconds left.\n|inactive|Pelosis has 60 seconds left.\n|\n|t:|1745962788\n|start\n|switch|p1a: Ho-Oh|Ho-Oh, L50|100/100\n|switch|p1b: Incineroar|Incineroar, L50, M|100/100\n|switch|p2a: Ogerpon|Ogerpon-Cornerstone, L50, F|100/100\n|switch|p2b: Iron Hands|Iron Hands, L50|100/100\n|-ability|p1b: Incineroar|Intimidate|boost\n|-unboost|p2a: Ogerpon|atk|1\n|-unboost|p2b: Iron Hands|atk|1\n|turn|1\n|inactive|laZb0nes2 has 30 seconds left.\n|inactive|Pelosis has 30 seconds left.\n|inactive|laZb0nes2 has 20 seconds left.\n|\n|t:|1745962823\n|move|p1b: Incineroar|Fake Out|p2a: Ogerpon\n|-resisted|p2a: Ogerpon\n|-damage|p2a: Ogerpon|93/100\n|move|p2b: Iron Hands|Fake Out|p1a: Ho-Oh\n|-damage|p1a: Ho-Oh|93/100\n|cant|p2a: Ogerpon|flinch\n|cant|p1a: Ho-Oh|flinch\n|\n|upkeep\n|turn|2\n|inactive|laZb0nes2 has 30 seconds left.\n|inactive|Pelosis has 30 seconds left.\n|inactive|Pelosis has 20 seconds left.\n|\n|t:|1745962862\n|move|p1a: Ho-Oh|Protect|p1a: Ho-Oh\n|-singleturn|p1a: Ho-Oh|Protect\n|move|p2a: Ogerpon|Ivy Cudgel|p1a: Ho-Oh|[anim] Ivy Cudgel Rock\n|-activate|p1a: Ho-Oh|move: Protect\n|move|p1b: Incineroar|Parting Shot|p2a: Ogerpon\n|-unboost|p2a: Ogerpon|atk|1\n|-unboost|p2a: Ogerpon|spa|1\n|\n|t:|1745962886\n|switch|p1b: Flutter Mane|Flutter Mane, L50|100/100|[from] Parting Shot\n|-enditem|p1b: Flutter Mane|Booster Energy\n|-activate|p1b: Flutter Mane|ability: Protosynthesis|[fromitem]\n|-start|p1b: Flutter Mane|protosynthesisspe\n|move|p2b: Iron Hands|Drain Punch|p1b: Flutter Mane\n|-immune|p1b: Flutter Mane\n|\n|upkeep\n|turn|3\n|c|\u2606Pelosis|nice play\n|inactive|laZb0nes2 has 30 seconds left.\n|inactive|Pelosis has 30 seconds left.\n|inactive|laZb0nes2 has 20 seconds left.\n|inactive|Pelosis has 20 seconds left.\n|inactive|laZb0nes2 has 15 seconds left.\n|inactive|laZb0nes2 has 10 seconds left.\n|\n|t:|1745962933\n|-end|p2b: Iron Hands|Quark Drive|[silent]\n|switch|p2b: Weezing|Weezing-Galar, L50, M|100/100\n|-ability|p2b: Weezing|Neutralizing Gas\n|move|p1b: Flutter Mane|Moonblast|p2b: Weezing\n|-resisted|p2b: Weezing\n|-damage|p2b: Weezing|80/100\n|move|p2a: Ogerpon|Ivy Cudgel|p1a: Ho-Oh|[anim] Ivy Cudgel Rock\n|-supereffective|p1a: Ho-Oh\n|-damage|p1a: Ho-Oh|12/100\n|move|p1a: Ho-Oh|Brave Bird|p2b: Weezing\n|-damage|p2b: Weezing|34/100\n|-damage|p1a: Ho-Oh|0 fnt|[from] Recoil\n|faint|p1a: Ho-Oh\n|\n|upkeep\n|\n|t:|1745962949\n|switch|p1a: Terapagos|Terapagos, L50, M|100/100\n|-activate|p1a: Terapagos|ability: Tera Shift\n|detailschange|p1a: Terapagos|Terapagos-Terastal, L50, M\n|-heal|p1a: Terapagos|100/100|[silent]\n|turn|4\n|c|\u2606laZb0nes2|thank u sorry missed ur message\n|inactive|laZb0nes2 has 30 seconds left.\n|inactive|Pelosis has 30 seconds left.\n|inactive|laZb0nes2 has 20 seconds left.\n|inactive|laZb0nes2 has 15 seconds left.\n|inactive|laZb0nes2 has 10 seconds left.\n|c|\u2606Pelosis|np :D\n|\n|t:|1745962997\n|move|p2a: Ogerpon|Follow Me|p2a: Ogerpon\n|-singleturn|p2a: Ogerpon|move: Follow Me\n|move|p1b: Flutter Mane|Shadow Ball|p2a: Ogerpon\n|-damage|p2a: Ogerpon|52/100\n|move|p1a: Terapagos|Calm Mind|p1a: Terapagos\n|-boost|p1a: Terapagos|spa|1\n|-boost|p1a: Terapagos|spd|1\n|move|p2b: Weezing|Taunt|p1a: Terapagos\n|-start|p1a: Terapagos|move: Taunt\n|\n|upkeep\n|turn|5\n|inactive|laZb0nes2 has 30 seconds left.\n|inactive|Pelosis has 30 seconds left.\n|inactive|laZb0nes2 has 20 seconds left.\n|inactive|laZb0nes2 has 15 seconds left.\n|\n|t:|1745963038\n|move|p2b: Weezing|Protect|p2b: Weezing\n|-singleturn|p2b: Weezing|Protect\n|move|p1b: Flutter Mane|Shadow Ball|p2b: Weezing\n|-activate|p2b: Weezing|move: Protect\n|move|p2a: Ogerpon|Ivy Cudgel|p1b: Flutter Mane|[anim] Ivy Cudgel Rock\n|-crit|p1b: Flutter Mane\n|-damage|p1b: Flutter Mane|0 fnt\n|faint|p1b: Flutter Mane\n|-end|p1b: Flutter Mane|Protosynthesis|[silent]\n|move|p1a: Terapagos|Tera Starstorm|p2b: Weezing\n|-activate|p2b: Weezing|move: Protect\n|\n|upkeep\n|\n|t:|1745963050\n|switch|p1b: Incineroar|Incineroar, L50, M|100/100\n|turn|6\n|inactive|laZb0nes2 has 30 seconds left.\n|inactive|Pelosis has 30 seconds left.\n|inactive|laZb0nes2 has 20 seconds left.\n|inactive|Pelosis has 20 seconds left.\n|inactive|laZb0nes2 has 15 seconds left.\n|\n|t:|1745963094\n|switch|p2a: Koraidon|Koraidon, L50|100/100\n|-weather|SunnyDay|[from] ability: Orichalcum Pulse|[of] p2a: Koraidon\n|-activate|p2a: Koraidon|Orichalcum Pulse|[source]\n|-end|p2b: Weezing|ability: Neutralizing Gas\n|-ability|p1b: Incineroar|Intimidate|boost\n|-unboost|p2a: Koraidon|atk|1\n|-unboost|p2b: Weezing|atk|1\n|switch|p2b: Iron Hands|Iron Hands, L50|100/100\n|move|p1a: Terapagos|Earth Power|p2b: Iron Hands\n|-supereffective|p2b: Iron Hands\n|-damage|p2b: Iron Hands|58/100\n|move|p1b: Incineroar|Will-O-Wisp|p2a: Koraidon\n|-status|p2a: Koraidon|brn\n|\n|-weather|SunnyDay|[upkeep]\n|-damage|p2a: Koraidon|95/100 brn|[from] brn\n|upkeep\n|turn|7\n|c|\u2606Pelosis|UHH\n|inactive|laZb0nes2 has 30 seconds left.\n|inactive|Pelosis has 30 seconds left.\n|inactive|laZb0nes2 has 20 seconds left.\n|inactive|Pelosis has 20 seconds left.\n|c|\u2606laZb0nes2|lolll im still cooked\n|inactive|laZb0nes2 has 15 seconds left.\n|inactive|Pelosis has 15 seconds left.\n|inactive|laZb0nes2 has 10 seconds left.\n|inactive|Pelosis has 10 seconds left.\n|inactive|laZb0nes2 has 5 seconds left.\n|\n|t:|1745963146\n|-terastallize|p1b: Incineroar|Water\n|move|p2b: Iron Hands|Fake Out|p1a: Terapagos\n|-activate|p1a: Terapagos|ability: Tera Shell\n|-resisted|p1a: Terapagos\n|-damage|p1a: Terapagos|95/100\n|move|p2a: Koraidon|Collision Course|p1b: Incineroar\n|-damage|p1b: Incineroar|81/100\n|cant|p1a: Terapagos|flinch\n|move|p1b: Incineroar|Knock Off|p2b: Iron Hands\n|-resisted|p2b: Iron Hands\n|-damage|p2b: Iron Hands|44/100\n|-enditem|p2b: Iron Hands|Assault Vest|[from] move: Knock Off|[of] p1b: Incineroar\n|\n|-weather|SunnyDay|[upkeep]\n|-heal|p1a: Terapagos|100/100|[from] item: Leftovers\n|-damage|p2a: Koraidon|89/100 brn|[from] brn\n|-end|p1a: Terapagos|move: Taunt\n|upkeep\n|turn|8\n|inactive|laZb0nes2 has 30 seconds left.\n|inactive|Pelosis has 30 seconds left.\n|inactive|laZb0nes2 has 20 seconds left.\n|inactive|Pelosis has 20 seconds left.\n|inactive|Pelosis has 15 seconds left.\n|inactive|Pelosis has 10 seconds left.\n|inactive|Pelosis has 5 seconds left.\n|\n|t:|1745963201\n|move|p2a: Koraidon|Flare Blitz|p1b: Incineroar\n|-resisted|p1b: Incineroar\n|-damage|p1b: Incineroar|68/100\n|-damage|p2a: Koraidon|84/100 brn|[from] Recoil\n|move|p1a: Terapagos|Tera Starstorm|p2b: Iron Hands\n|-damage|p2b: Iron Hands|0 fnt\n|faint|p2b: Iron Hands\n|-end|p2b: Iron Hands|Quark Drive|[silent]\n|move|p1b: Incineroar|Knock Off|p2a: Koraidon\n|-resisted|p2a: Koraidon\n|-damage|p2a: Koraidon|67/100 brn\n|-enditem|p2a: Koraidon|Ability Shield|[from] move: Knock Off|[of] p1b: Incineroar\n|\n|-weather|SunnyDay|[upkeep]\n|-damage|p2a: Koraidon|61/100 brn|[from] brn\n|upkeep\n|\n|t:|1745963217\n|switch|p2b: Ogerpon|Ogerpon-Cornerstone, L50, F|52/100\n|turn|9\n|\n|t:|1745963240\n|switch|p2a: Weezing|Weezing-Galar, L50, M|34/100\n|-ability|p2a: Weezing|Neutralizing Gas\n|move|p2b: Ogerpon|Spiky Shield|p2b: Ogerpon\n|-singleturn|p2b: Ogerpon|move: Protect\n|move|p1a: Terapagos|Tera Starstorm|p2b: Ogerpon\n|-activate|p2b: Ogerpon|move: Protect\n|move|p1b: Incineroar|Knock Off|p2b: Ogerpon\n|-activate|p2b: Ogerpon|move: Protect\n|-damage|p1b: Incineroar|56/100|[from] Spiky Shield|[of] p2b: Ogerpon\n|\n|-weather|SunnyDay|[upkeep]\n|upkeep\n|turn|10\n|inactive|laZb0nes2 has 30 seconds left.\n|\n|t:|1745963260\n|move|p2a: Weezing|Protect|p2a: Weezing\n|-singleturn|p2a: Weezing|Protect\n|move|p2b: Ogerpon|Power Whip|p1b: Incineroar\n|-supereffective|p1b: Incineroar\n|-crit|p1b: Incineroar\n|-damage|p1b: Incineroar|0 fnt\n|faint|p1b: Incineroar\n|move|p1a: Terapagos|Tera Starstorm|p2b: Ogerpon\n|-resisted|p2b: Ogerpon\n|-damage|p2b: Ogerpon|2/100\n|\n|-weather|none\n|upkeep\n|turn|11\n|inactive|laZb0nes2 has 30 seconds left this turn.\n|inactive|laZb0nes2 has 20 seconds left.\n|inactive|laZb0nes2 has 15 seconds left.\n|inactive|Pelosis has 30 seconds left.\n|\n|t:|1745963293\n|-end|p2a: Weezing|ability: Neutralizing Gas\n|switch|p2a: Koraidon|Koraidon, L50|61/100 brn\n|-weather|SunnyDay|[from] ability: Orichalcum Pulse|[of] p2a: Koraidon\n|-activate|p2a: Koraidon|Orichalcum Pulse|[source]\n|move|p2b: Ogerpon|Follow Me|p2b: Ogerpon\n|-singleturn|p2b: Ogerpon|move: Follow Me\n|move|p1a: Terapagos|Tera Starstorm|p2b: Ogerpon\n|-resisted|p2b: Ogerpon\n|-damage|p2b: Ogerpon|0 fnt\n|faint|p2b: Ogerpon\n|\n|-weather|SunnyDay|[upkeep]\n|-damage|p2a: Koraidon|55/100 brn|[from] brn\n|upkeep\n|inactive|laZb0nes2 has 15 seconds left this turn.\n|\n|t:|1745963305\n|switch|p2b: Weezing|Weezing-Galar, L50, M|34/100\n|-ability|p2b: Weezing|Neutralizing Gas\n|turn|12\n|inactive|laZb0nes2 has 15 seconds left this turn.\n|inactive|Pelosis has 30 seconds left.\n|inactive|Pelosis has 20 seconds left.\n|\n|t:|1745963327\n|move|p2b: Weezing|Protect|p2b: Weezing\n|-singleturn|p2b: Weezing|Protect\n|move|p2a: Koraidon|Collision Course|p1a: Terapagos\n|-supereffective|p1a: Terapagos\n|-damage|p1a: Terapagos|37/100\n|move|p1a: Terapagos|Tera Starstorm|p2a: Koraidon\n|-damage|p2a: Koraidon|0 fnt\n|faint|p2a: Koraidon\n|\n|-weather|SunnyDay|[upkeep]\n|-heal|p1a: Terapagos|44/100|[from] item: Leftovers\n|upkeep\n|turn|13\n|inactive|laZb0nes2 has 15 seconds left this turn.\n|inactive|Pelosis has 20 seconds left this turn.\n|inactive|Pelosis has 15 seconds left.\n|inactive|Pelosis has 10 seconds left.\n|\n|t:|1745963340\n|move|p1a: Terapagos|Tera Starstorm|p2b: Weezing\n|-damage|p2b: Weezing|0 fnt\n|faint|p2b: Weezing\n|-end|p2b: Weezing|ability: Neutralizing Gas\n|\n|win|laZb0nes2\n|inactive|laZb0nes2 has 15 seconds left this turn.\n|inactive|Pelosis has 10 seconds left this turn.\n||Pelosis is ready for game 2.\n|c|\u2606laZb0nes2|damn nice game\n|inactive|laZb0nes2 has 30 seconds to confirm battle start!\n|c|\u2606Pelosis|yes bro\n|c|\u2606Pelosis|was so good haha\n|inactive|laZb0nes2 has 20 seconds to confirm battle start!\n|inactive|laZb0nes2 has 10 seconds to confirm battle start!\n|c|\u2606Pelosis|lets go game 2!\n|uhtml|next|Next: <a href=\"/battle-gen9vgc2025regibo3-2353515176\"><strong>Game 2 of 3</strong></a>\n", "uploadtime": 1745963357, "views": 41, "formatid": "gen9vgc2025regibo3", "rating": null, "private": 0, "password": null}