{"id": "gen9vgc2025regibo3-2354547525", "format": "[Gen 9] VGC 2025 Reg I (Bo3)", "players": ["BrayVGC", "carrotbeafsteak"], "log": "|j|\u2606BrayVGC\n|j|\u2606carrotbeafsteak\n|html|<table width=\"100%\"><tr><td align=\"left\">BrayVGC</td><td align=\"right\">carrotbeafsteak</tr><tr><td align=\"left\"><i class=\"fa fa-circle-o\"></i> <i class=\"fa fa-circle-o\"></i> </td><td align=\"right\"><i class=\"fa fa-circle-o\"></i> <i class=\"fa fa-circle-o\"></i> </tr></table>\n|uhtml|bestof|<h2><strong>Game 1</strong> of <a href=\"/game-bestof3-gen9vgc2025regibo3-2354547524\">a best-of-3</a></h2>\n|t:|1746092141\n|gametype|doubles\n|player|p1|BrayVGC|lance|1197\n|player|p2|carrotbeafsteak|lady-gen4|1222\n|teamsize|p1|6\n|teamsize|p2|6\n|gen|9\n|tier|[Gen 9] VGC 2025 Reg I (Bo3)\n|rated|\n|rule|Species Clause: Limit one of each Pok\u00e9mon\n|rule|Item Clause: Limit 1 of each item\n|clearpoke\n|poke|p1|Indeedee-F, L50, F|\n|poke|p1|Calyrex-Ice, L50|\n|poke|p1|Ursaluna, L50, M|\n|poke|p1|Kyogre, L50|\n|poke|p1|Torkoal, L50, F|\n|poke|p1|Ogerpon, L50, F|\n|poke|p2|Miraidon, L50|\n|poke|p2|Zamazenta-*, L50|\n|poke|p2|Bruxish, L50, M|\n|poke|p2|Gholdengo, L50|\n|poke|p2|Murkrow, L50, F|\n|poke|p2|Avalugg-Hisui, L50, F|\n|teampreview|4\n|showteam|p1|Indeedee-F||SafetyGoggles|PsychicSurge|Psychic,HelpingHand,FollowMe,TrickRoom|||F|||50|,,,,,Water]Calyrex-Ice||ClearAmulet|AsOneGlastrier|GlacialLance,HighHorsepower,TrickRoom,Imprison||||||50|,,,,,Dragon]Ursaluna||FlameOrb|Guts|Facade,HeadlongRush,Substitute,Protect|||M|||50|,,,,,Ghost]Kyogre||MysticWater|Drizzle|WaterSpout,OriginPulse,Thunder,IceBeam||||||50|,,,,,Water]Torkoal||FlamePlate|Drought|Eruption,Flamethrower,SolarBeam,ClearSmog|||F|||50|,,,,,Fire]Ogerpon||FocusSash|Defiant|WoodHammer,FollowMe,Taunt,SpikyShield|||F|||50|,,,,,Grass\n|showteam|p2|Miraidon||LifeOrb|HadronEngine|Protect,ElectroDrift,DazzlingGleam,DracoMeteor||||||50|,,,,,Stellar]Zamazenta-Crowned||RustedShield|DauntlessShield|Protect,BodyPress,behemothbash,WideGuard||||||50|,,,,,Ghost]Bruxish||ChoiceScarf|Dazzling|WaveCrash,PsychicFangs,IcyWind,FlipTurn|||M|||50|,,,,,Normal]Gholdengo||ChoiceSpecs|GoodasGold|MakeItRain,SteelBeam,ShadowBall,PowerGem||||||50|,,,,,Steel]Murkrow||FocusSash|Prankster|Tailwind,Haze,Torment,DarkPulse|||F|||50|,,,,,Ghost]Avalugg-Hisui||LoadedDice|Sturdy|RockBlast,IcicleSpear,MirrorCoat,WideGuard|||F|||50|,,,,,Ghost\n|inactive|Battle timer is ON: inactive players will automatically lose when time's up. (requested by BrayVGC)\n|\n|t:|1746092166\n|start\n|switch|p1a: Yung Lean|Indeedee-F, L50, F|100/100\n|switch|p1b: Bladee|Calyrex-Ice, L50|100/100\n|switch|p2a: Murkrow|Murkrow, L50, F|100/100\n|switch|p2b: Miraidon|Miraidon, L50|100/100\n|-ability|p1b: Bladee|As One\n|-ability|p1b: Bladee|Unnerve\n|-fieldstart|move: Electric Terrain|[from] ability: Hadron Engine|[of] p2b: Miraidon\n|-fieldstart|move: Psychic Terrain|[from] ability: Psychic Surge|[of] p1a: Yung Lean\n|turn|1\n|inactive|BrayVGC has 30 seconds left.\n|\n|t:|1746092195\n|move|p2b: Miraidon|Protect|p2b: Miraidon\n|-singleturn|p2b: Miraidon|Protect\n|move|p1a: Yung Lean|Follow Me|p1a: Yung Lean\n|-singleturn|p1a: Yung Lean|move: Follow Me\n|move|p2a: Murkrow|Dark Pulse|p1a: Yung Lean\n|-supereffective|p1a: Yung Lean\n|-damage|p1a: Yung Lean|50/100\n|move|p1b: Bladee|Trick Room|p1b: Bladee\n|-fieldstart|move: Trick Room|[of] p1b: Bladee\n|\n|upkeep\n|turn|2\n|\n|t:|1746092213\n|switch|p1a: Ursaluna|Ursaluna, L50, M|100/100\n|switch|p2b: Avalugg|Avalugg-Hisui, L50, F|100/100\n|-terastallize|p1b: Bladee|Dragon\n|move|p1b: Bladee|Glacial Lance|p2b: Avalugg|[spread] p2a,p2b\n|-supereffective|p2a: Murkrow\n|-resisted|p2b: Avalugg\n|-enditem|p2a: Murkrow|Focus Sash\n|-damage|p2a: Murkrow|1/100\n|-damage|p2b: Avalugg|84/100\n|move|p2a: Murkrow|Dark Pulse|p1a: Ursaluna\n|-damage|p1a: Ursaluna|71/100\n|\n|-status|p1a: Ursaluna|brn|[from] item: Flame Orb\n|upkeep\n|turn|3\n|inactive|carrotbeafsteak has 30 seconds left.\n|inactive|carrotbeafsteak has 20 seconds left.\n|\n|t:|1746092250\n|-terastallize|p2b: Avalugg|Ghost\n|move|p2b: Avalugg|Icicle Spear|p1b: Bladee\n|-supereffective|p1b: Bladee\n|-damage|p1b: Bladee|82/100\n|-supereffective|p1b: Bladee\n|-damage|p1b: Bladee|64/100\n|-supereffective|p1b: Bladee\n|-damage|p1b: Bladee|45/100\n|-supereffective|p1b: Bladee\n|-damage|p1b: Bladee|27/100\n|-hitcount|p1b: Bladee|4\n|move|p1a: Ursaluna|Facade|p2b: Avalugg\n|-immune|p2b: Avalugg\n|move|p1b: Bladee|Glacial Lance|p2b: Avalugg|[spread] p2a,p2b\n|-supereffective|p2a: Murkrow\n|-damage|p2a: Murkrow|0 fnt\n|-damage|p2b: Avalugg|53/100\n|faint|p2a: Murkrow\n|-ability|p1b: Bladee|Chilling Neigh|boost\n|-boost|p1b: Bladee|atk|1\n|\n|-damage|p1a: Ursaluna|65/100 brn|[from] brn\n|upkeep\n|\n|t:|1746092265\n|switch|p2a: Zamazenta|Zamazenta-Crowned, L50|100/100\n|-ability|p2a: Zamazenta|Dauntless Shield|boost\n|-boost|p2a: Zamazenta|def|1\n|turn|4\n|\n|t:|1746092276\n|move|p2a: Zamazenta|Protect|p2a: Zamazenta\n|-singleturn|p2a: Zamazenta|Protect\n|move|p2b: Avalugg|Icicle Spear|p1b: Bladee\n|-supereffective|p1b: Bladee\n|-damage|p1b: Bladee|8/100\n|-supereffective|p1b: Bladee\n|-damage|p1b: Bladee|0 fnt\n|faint|p1b: Bladee\n|-hitcount|p1: Bladee|2\n|move|p1a: Ursaluna|Headlong Rush|p2a: Zamazenta\n|-activate|p2a: Zamazenta|move: Protect\n|\n|-damage|p1a: Ursaluna|60/100 brn|[from] brn\n|upkeep\n|\n|t:|1746092282\n|switch|p1b: Torkoal|Torkoal, L50, F|100/100\n|-weather|SunnyDay|[from] ability: Drought|[of] p1b: Torkoal\n|turn|5\n|inactive|carrotbeafsteak has 30 seconds left.\n|\n|t:|1746092311\n|move|p2b: Avalugg|Wide Guard|p2b: Avalugg\n|-singleturn|p2b: Avalugg|Wide Guard\n|move|p1b: Torkoal|Eruption|p2a: Zamazenta|[spread] \n|-activate|p2a: Zamazenta|move: Wide Guard\n|-activate|p2b: Avalugg|move: Wide Guard\n|move|p1a: Ursaluna|Headlong Rush|p2a: Zamazenta\n|-supereffective|p2a: Zamazenta\n|-damage|p2a: Zamazenta|21/100\n|-unboost|p1a: Ursaluna|def|1\n|-unboost|p1a: Ursaluna|spd|1\n|move|p2a: Zamazenta|Body Press|p1a: Ursaluna\n|-supereffective|p1a: Ursaluna\n|-damage|p1a: Ursaluna|0 fnt\n|faint|p1a: Ursaluna\n|\n|-weather|SunnyDay|[upkeep]\n|-fieldend|move: Trick Room\n|-fieldend|move: Psychic Terrain\n|upkeep\n|-message|BrayVGC forfeited.\n|\n|win|carrotbeafsteak\n|l|\u2606BrayVGC\n|player|p1|\n||BrayVGC is ready for game 2.\n||carrotbeafsteak is ready for game 2.\n|uhtml|next|Next: <a href=\"/battle-gen9vgc2025regibo3-2354548468\"><strong>Game 2 of 3</strong></a>\n", "uploadtime": 1746092645, "views": 12, "formatid": "gen9vgc2025regibo3", "rating": null, "private": 0, "password": null}