{"id": "gen9vgc2025regibo3-2354490126", "format": "[Gen 9] VGC 2025 Reg I (Bo3)", "players": ["IamMoiBoi", "M0Rl"], "log": "|j|\u2606IamMoiBoi\n|j|\u2606M0Rl\n|html|<table width=\"100%\"><tr><td align=\"left\">IamMoiBoi</td><td align=\"right\">M0Rl</tr><tr><td align=\"left\"><i class=\"fa fa-circle-o\"></i> <i class=\"fa fa-circle-o\"></i> </td><td align=\"right\"><i class=\"fa fa-circle-o\"></i> <i class=\"fa fa-circle-o\"></i> </tr></table>\n|uhtml|bestof|<h2><strong>Game 1</strong> of <a href=\"/game-bestof3-gen9vgc2025regibo3-2354490125\">a best-of-3</a></h2>\n|t:|1746080519\n|gametype|doubles\n|player|p1|IamMoiBoi|red|\n|player|p2|M0Rl|pokemonrangerf|\n|teamsize|p1|6\n|teamsize|p2|6\n|gen|9\n|tier|[Gen 9] VGC 2025 Reg I (Bo3)\n|rule|Species Clause: Limit one of each Pok\u00e9mon\n|rule|Item Clause: Limit 1 of each item\n|clearpoke\n|poke|p1|Zoroark-Hisui, L50, F|\n|poke|p1|Ogerpon-Hearthflame, L50, F|\n|poke|p1|Primarina, L50, F|\n|poke|p1|Gothitelle, L50, F|\n|poke|p1|Indeedee-F, L50, F|\n|poke|p1|Toxapex, L50, F|\n|poke|p2|Lucario, L50, F|\n|poke|p2|Chi-Yu, L50|\n|poke|p2|Iron Hands, L50|\n|poke|p2|Arcanine-Hisui, L50, M|\n|poke|p2|Volcarona, L50, M|\n|poke|p2|Flareon, L50, M|\n|teampreview|4\n|showteam|p1|Zoroark-Hisui||ChoiceScarf|Illusion|ShadowBall,SludgeBomb,TeraBlast,Extrasensory|||F|||50|,,,,,Normal]Ogerpon-Hearthflame||HearthflameMask|MoldBreaker|IvyCudgel,FollowMe,SpikyShield,Encore|||F|||50|,,,,,Fire]Primarina||ThroatSpray|LiquidVoice|HyperVoice,PerishSong,Moonblast,Protect|||F|||50|,,,,,Water]Gothitelle||Leftovers|ShadowTag|ExpandingForce,TrickRoom,Protect,Taunt|||F|||50|,,,,,Psychic]Indeedee-F||PsychicSeed|PsychicSurge|FollowMe,HelpingHand,FakeOut,TrickRoom|||F|||50|,,,,,Psychic]Toxapex||BlackSludge|Regenerator|BanefulBunker,Toxic,Infestation,Recover|||F|||50|,,,,,Poison\n|showteam|p2|Lucario||ChoiceScarf|InnerFocus|AuraSphere,BulletPunch,CloseCombat,Earthquake|||F|||50|,,,,,Fire]Chi-Yu||LifeOrb|BeadsofRuin|Ruination,LavaPlume,Overheat,Protect||||||50|,,,,,Fire]Iron Hands||BoosterEnergy|QuarkDrive|FakeOut,ThunderPunch,DrainPunch,IcePunch||||||50|,,,,,Grass]Arcanine-Hisui||ChoiceBand|Intimidate|ExtremeSpeed,FlameCharge,CloseCombat,PsychicFangs|||M|||50|,,,,,Steel]Volcarona||AbsorbBulb|FlameBody|Tailwind,Flamethrower,QuiverDance,Hurricane|||M|||50|,,,,,Bug]Flareon||ToxicOrb|Guts|SunnyDay,FireFang,FlareBlitz,Facade|||M|||50|,,,,,Water\n|\n|t:|1746080541\n|start\n|switch|p1a: Toxapex|Toxapex, L50, F, shiny|100/100\n|switch|p1b: Primarina|Primarina, L50, F, shiny|100/100\n|switch|p2a: Chi-Yu|Chi-Yu, L50|100/100\n|switch|p2b: Iron Hands|Iron Hands, L50|100/100\n|-ability|p2a: Chi-Yu|Beads of Ruin\n|-enditem|p2b: Iron Hands|Booster Energy\n|-activate|p2b: Iron Hands|ability: Quark Drive|[fromitem]\n|-start|p2b: Iron Hands|quarkdriveatk\n|turn|1\n|\n|t:|1746080576\n|move|p2a: Chi-Yu|Protect|p2a: Chi-Yu\n|-singleturn|p2a: Chi-Yu|Protect\n|move|p1a: Toxapex|Extrasensory|p2b: Iron Hands\n|-supereffective|p2b: Iron Hands\n|-damage|p2b: Iron Hands|47/100\n|move|p1b: Primarina|Hyper Voice|p2a: Chi-Yu|[spread] p2b\n|-activate|p2a: Chi-Yu|move: Protect\n|-damage|p2b: Iron Hands|21/100\n|-enditem|p1b: Primarina|Throat Spray\n|-boost|p1b: Primarina|spa|1|[from] item: Throat Spray\n|move|p2b: Iron Hands|Thunder Punch|p1b: Primarina\n|-supereffective|p1b: Primarina\n|-damage|p1b: Primarina|0 fnt\n|faint|p1b: Primarina\n|\n|upkeep\n|\n|t:|1746080591\n|switch|p1b: Ogerpon|Ogerpon-Hearthflame, L50, F|100/100\n|-ability|p1b: Ogerpon|Mold Breaker\n|turn|2\n|\n|t:|1746080603\n|-terastallize|p1b: Ogerpon|Fire\n|detailschange|p1b: Ogerpon|Ogerpon-Hearthflame-Tera, L50, F, tera:Fire\n|-ability|p1b: Ogerpon|Embody Aspect (Hearthflame)|boost\n|-boost|p1b: Ogerpon|atk|1\n|move|p1b: Ogerpon|Follow Me|p1b: Ogerpon\n|-singleturn|p1b: Ogerpon|move: Follow Me\n|move|p1a: Toxapex|Extrasensory|p2b: Iron Hands\n|-supereffective|p2b: Iron Hands\n|-damage|p2b: Iron Hands|0 fnt\n|faint|p2b: Iron Hands\n|-end|p2b: Iron Hands|Quark Drive|[silent]\n|move|p2a: Chi-Yu|Ruination|p1b: Ogerpon\n|-damage|p1b: Ogerpon|50/100\n|-damage|p2a: Chi-Yu|90/100|[from] item: Life Orb\n|\n|upkeep\n|\n|t:|1746080627\n|switch|p2b: Lucario|Lucario, L50, F|100/100\n|turn|3\n|\n|t:|1746080660\n|move|p1b: Ogerpon|Spiky Shield|p1b: Ogerpon\n|-singleturn|p1b: Ogerpon|move: Protect\n|move|p1a: Toxapex|Extrasensory|p2b: Lucario\n|-damage|p2b: Lucario|36/100\n|move|p2b: Lucario|Close Combat|p1a: Toxapex\n|-immune|p1a: Toxapex\n|move|p2a: Chi-Yu|Ruination|p1a: Toxapex\n|-damage|p1a: Toxapex|50/100\n|replace|p1a: Zoroark|Zoroark-Hisui, L50, F, shiny\n|-end|p1a: Zoroark|Illusion\n|-damage|p2a: Chi-Yu|80/100|[from] item: Life Orb\n|\n|upkeep\n|turn|4\n|\n|t:|1746080704\n|switch|p2b: Flareon|Flareon, L50, M|100/100\n|switch|p1b: Toxapex|Toxapex, L50, F, shiny|100/100\n|move|p1a: Zoroark|Extrasensory|p2b: Flareon\n|-damage|p2b: Flareon|55/100\n|move|p2a: Chi-Yu|Lava Plume|p1b: Toxapex|[spread] p2b,p1a,p1b\n|-resisted|p2b: Flareon\n|-resisted|p1b: Toxapex\n|-damage|p2b: Flareon|18/100\n|-damage|p1a: Zoroark|0 fnt\n|-damage|p1b: Toxapex|76/100\n|-status|p1b: Toxapex|brn\n|faint|p1a: Zoroark\n|-damage|p2a: Chi-Yu|70/100|[from] item: Life Orb\n|\n|-heal|p1b: Toxapex|81/100 brn|[from] item: Black Sludge\n|-damage|p1b: Toxapex|76/100 brn|[from] brn\n|-status|p2b: Flareon|tox|[from] item: Toxic Orb\n|upkeep\n|\n|t:|1746080726\n|switch|p1a: Ogerpon|Ogerpon-Hearthflame-Tera, L50, F, tera:Fire|50/100\n|-ability|p1a: Ogerpon|Embody Aspect (Hearthflame)|boost\n|-boost|p1a: Ogerpon|atk|1\n|turn|5\n|\n|t:|1746080744\n|move|p1a: Ogerpon|Spiky Shield|p1a: Ogerpon\n|-singleturn|p1a: Ogerpon|move: Protect\n|move|p2a: Chi-Yu|Protect|p2a: Chi-Yu\n|-singleturn|p2a: Chi-Yu|Protect\n|move|p2b: Flareon|Facade|p1a: Ogerpon\n|-activate|p1a: Ogerpon|move: Protect\n|-damage|p2b: Flareon|6/100 tox|[from] Spiky Shield|[of] p1a: Ogerpon\n|move|p1b: Toxapex|Infestation|p2a: Chi-Yu\n|-activate|p2a: Chi-Yu|move: Protect\n|\n|-heal|p1b: Toxapex|81/100 brn|[from] item: Black Sludge\n|-damage|p2b: Flareon|0 fnt|[from] psn\n|faint|p2b: Flareon\n|-damage|p1b: Toxapex|76/100 brn|[from] brn\n|upkeep\n|\n|t:|1746080760\n|switch|p2b: Lucario|Lucario, L50, F|36/100\n|turn|6\n|\n|t:|1746080797\n|move|p2b: Lucario|Close Combat|p1a: Ogerpon\n|-damage|p1a: Ogerpon|5/100\n|-unboost|p2b: Lucario|def|1\n|-unboost|p2b: Lucario|spd|1\n|move|p1a: Ogerpon|Ivy Cudgel|p2b: Lucario|[anim] Ivy Cudgel Fire\n|-supereffective|p2b: Lucario\n|-damage|p2b: Lucario|0 fnt\n|faint|p2b: Lucario\n|move|p2a: Chi-Yu|Overheat|p1b: Toxapex|[miss]\n|-miss|p2a: Chi-Yu|p1b: Toxapex\n|move|p1b: Toxapex|Infestation|p2a: Chi-Yu\n|-damage|p2a: Chi-Yu|67/100\n|-activate|p2a: Chi-Yu|move: Infestation|[of] p1b: Toxapex\n|\n|-heal|p1b: Toxapex|81/100 brn|[from] item: Black Sludge\n|-damage|p1b: Toxapex|76/100 brn|[from] brn\n|-damage|p2a: Chi-Yu|54/100|[from] move: Infestation|[partiallytrapped]\n|upkeep\n|turn|7\n|\n|t:|1746080817\n|move|p1a: Ogerpon|Follow Me|p1a: Ogerpon\n|-singleturn|p1a: Ogerpon|move: Follow Me\n|move|p2a: Chi-Yu|Lava Plume|p1b: Toxapex|[spread] p1a,p1b\n|-resisted|p1a: Ogerpon\n|-resisted|p1b: Toxapex\n|-damage|p1a: Ogerpon|0 fnt\n|-damage|p1b: Toxapex|51/100 brn\n|faint|p1a: Ogerpon\n|-damage|p2a: Chi-Yu|44/100|[from] item: Life Orb\n|move|p1b: Toxapex|Toxic|p2a: Chi-Yu\n|-status|p2a: Chi-Yu|tox\n|\n|-heal|p1b: Toxapex|57/100 brn|[from] item: Black Sludge\n|-damage|p2a: Chi-Yu|38/100 tox|[from] psn\n|-damage|p1b: Toxapex|51/100 brn|[from] brn\n|-damage|p2a: Chi-Yu|26/100 tox|[from] move: Infestation|[partiallytrapped]\n|upkeep\n|turn|8\n|\n|t:|1746080836\n|move|p1b: Toxapex|Baneful Bunker|p1b: Toxapex\n|-singleturn|p1b: Toxapex|move: Protect\n|move|p2a: Chi-Yu|Overheat|p1b: Toxapex\n|-activate|p1b: Toxapex|move: Protect\n|\n|-heal|p1b: Toxapex|57/100 brn|[from] item: Black Sludge\n|-damage|p2a: Chi-Yu|14/100 tox|[from] psn\n|-damage|p1b: Toxapex|51/100 brn|[from] brn\n|-damage|p2a: Chi-Yu|1/100 tox|[from] move: Infestation|[partiallytrapped]\n|upkeep\n|turn|9\n|\n|t:|1746080853\n|-terastallize|p2a: Chi-Yu|Fire\n|move|p2a: Chi-Yu|Overheat|p1b: Toxapex\n|-resisted|p1b: Toxapex\n|-damage|p1b: Toxapex|0 fnt\n|-unboost|p2a: Chi-Yu|spa|2\n|faint|p1b: Toxapex\n|-damage|p2a: Chi-Yu|0 fnt|[from] item: Life Orb\n|faint|p2a: Chi-Yu\n|\n|win|M0Rl\n|inactive|IamMoiBoi has 30 seconds to confirm battle start!\n|inactive|M0Rl has 30 seconds to confirm battle start!\n||IamMoiBoi is ready for game 2.\n|inactive|M0Rl has 20 seconds to confirm battle start!\n|inactive|M0Rl has 10 seconds to confirm battle start!\n||M0Rl is ready for game 2.\n|uhtml|next|Next: <a href=\"/battle-gen9vgc2025regibo3-2354491992\"><strong>Game 2 of 3</strong></a>\n|l|\u2606M0Rl\n|player|p2|\n", "uploadtime": 1746081214, "views": 23, "formatid": "gen9vgc2025regibo3", "rating": null, "private": 0, "password": null}