{"id": "gen9vgc2025regibo3-2354959199", "format": "[Gen 9] VGC 2025 Reg I (Bo3)", "players": ["Cerebellibrarian", "dotKuro"], "log": "|j|\u2606Cerebellibrarian\n|j|\u2606dotKuro\n|html|<table width=\"100%\"><tr><td align=\"left\">Cerebellibrarian</td><td align=\"right\">dotKuro</tr><tr><td align=\"left\"><i class=\"fa fa-circle\"></i> <i class=\"fa fa-circle-o\"></i> </td><td align=\"right\"><i class=\"fa fa-circle-o\"></i> <i class=\"fa fa-circle\"></i> </tr></table>\n|uhtml|bestof|<h2><strong>Game 3</strong> of <a href=\"/game-bestof3-gen9vgc2025regibo3-2354956216\">a best-of-3</a></h2>\n|t:|1746135868\n|gametype|doubles\n|player|p1|Cerebellibrarian|2|1190\n|player|p2|dotKuro|265|1139\n|teamsize|p1|6\n|teamsize|p2|6\n|gen|9\n|tier|[Gen 9] VGC 2025 Reg I (Bo3)\n|rated|\n|rule|Species Clause: Limit one of each Pok\u00e9mon\n|rule|Item Clause: Limit 1 of each item\n|clearpoke\n|poke|p1|Koraidon, L50|\n|poke|p1|Flutter Mane, L50|\n|poke|p1|Walking Wake, L50|\n|poke|p1|Calyrex-Shadow, L50|\n|poke|p1|Indeedee-F, L50, F|\n|poke|p1|Ogerpon, L50, F|\n|poke|p2|Chien-Pao, L50|\n|poke|p2|Kyogre, L50|\n|poke|p2|Amoonguss, L50, F|\n|poke|p2|Archaludon, L50, F|\n|poke|p2|Rayquaza, L50|\n|poke|p2|Landorus, L50, M|\n|teampreview|4\n|showteam|p1|Koraidon||ChoiceScarf|OrichalcumPulse|CollisionCourse,FlareBlitz,Uturn,DragonClaw||||||50|,,,,,Fire]Flutter Mane||FocusSash|Protosynthesis|Protect,Moonblast,ShadowBall,IcyWind||||||50|,,,,,Fairy]Walking Wake||CovertCloak|Protosynthesis|Snarl,HydroSteam,DracoMeteor,Flamethrower||||||50|,,,,,Fire]Calyrex-Shadow||LifeOrb|AsOneSpectrier|Protect,AstralBarrage,Psychic,Disable||||||50|,,,,,Dark]Indeedee-F||PsychicSeed|PsychicSurge|Protect,FollowMe,HelpingHand,AlluringVoice|||F|||50|,,,,,Grass]Ogerpon||LoadedDice|Defiant|SpikyShield,BulletSeed,KnockOff,Superpower|||F|||50|,,,,,Grass\n|showteam|p2|Chien-Pao||FocusSash|SwordofRuin|IceSpinner,Crunch,SuckerPunch,Protect||||||50|,,,,,Ghost]Kyogre||MysticWater|Drizzle|IceBeam,OriginPulse,WaterSpout,Protect||||||50|,,,,,Grass]Amoonguss||RockyHelmet|Regenerator|Protect,Spore,RagePowder,SludgeBomb|||F|||50|,,,,,Fire]Archaludon||AssaultVest|Stamina|ElectroShot,FlashCannon,BodyPress,DracoMeteor|||F|||50|,,,,,Bug]Rayquaza||LifeOrb|AirLock|DragonAscent,ExtremeSpeed,SwordsDance,Protect||||||50|,,,,,Normal]Landorus||ChoiceScarf|SheerForce|EarthPower,SandsearStorm,Uturn,SludgeBomb|||M|||50|,,,,,Ghost\n|inactive|Battle timer is ON: inactive players will automatically lose when time's up. (requested by Cerebellibrarian)\n|\n|t:|1746135896\n|start\n|switch|p1a: Calyrex|Calyrex-Shadow, L50|100/100\n|switch|p1b: Indeedee|Indeedee-F, L50, F|100/100\n|switch|p2a: R\u00fchrei|Amoonguss, L50, F|100/100\n|switch|p2b: Kellogg's|Kyogre, L50|100/100\n|-ability|p1a: Calyrex|As One\n|-ability|p1a: Calyrex|Unnerve\n|-weather|RainDance|[from] ability: Drizzle|[of] p2b: Kellogg's\n|-fieldstart|move: Psychic Terrain|[from] ability: Psychic Surge|[of] p1b: Indeedee\n|-enditem|p1b: Indeedee|Psychic Seed\n|-boost|p1b: Indeedee|spd|1|[from] item: Psychic Seed\n|turn|1\n|inactive|dotKuro has 30 seconds left.\n|\n|t:|1746135928\n|move|p1b: Indeedee|Helping Hand|p1a: Calyrex\n|-singleturn|p1a: Calyrex|Helping Hand|[of] p1b: Indeedee\n|move|p1a: Calyrex|Astral Barrage|p2a: R\u00fchrei|[spread] p2a,p2b\n|-damage|p2a: R\u00fchrei|6/100\n|-damage|p2b: Kellogg's|30/100\n|-damage|p1a: Calyrex|91/100|[from] item: Life Orb\n|move|p2b: Kellogg's|Origin Pulse|p1b: Indeedee|[spread] p1a,p1b\n|-damage|p1a: Calyrex|7/100\n|-damage|p1b: Indeedee|46/100\n|move|p2a: R\u00fchrei|Sludge Bomb|p1b: Indeedee\n|-damage|p1b: Indeedee|27/100\n|\n|-weather|RainDance|[upkeep]\n|upkeep\n|turn|2\n|\n|t:|1746135946\n|move|p1a: Calyrex|Protect|p1a: Calyrex\n|-singleturn|p1a: Calyrex|Protect\n|move|p2b: Kellogg's|Protect|p2b: Kellogg's\n|-singleturn|p2b: Kellogg's|Protect\n|move|p2a: R\u00fchrei|Rage Powder|p2a: R\u00fchrei\n|-singleturn|p2a: R\u00fchrei|move: Rage Powder\n|move|p1b: Indeedee|Alluring Voice|p2a: R\u00fchrei\n|-resisted|p2a: R\u00fchrei\n|-damage|p2a: R\u00fchrei|0 fnt\n|faint|p2a: R\u00fchrei\n|\n|-weather|RainDance|[upkeep]\n|upkeep\n|\n|t:|1746135957\n|switch|p2a: Baguette|Rayquaza, L50, shiny|100/100\n|-ability|p2a: Baguette|Air Lock\n|turn|3\n|\n|t:|1746135969\n|switch|p2b: Nesquik|Chien-Pao, L50|100/100\n|-ability|p2b: Nesquik|Sword of Ruin\n|-terastallize|p2a: Baguette|Normal\n|move|p1b: Indeedee|Helping Hand|p1a: Calyrex\n|-singleturn|p1a: Calyrex|Helping Hand|[of] p1b: Indeedee\n|move|p1a: Calyrex|Psychic|p2a: Baguette\n|-damage|p2a: Baguette|0 fnt\n|faint|p2a: Baguette\n|-ability|p1a: Calyrex|Grim Neigh|boost\n|-boost|p1a: Calyrex|spa|1\n|-damage|p1a: Calyrex|0 fnt|[from] item: Life Orb\n|faint|p1a: Calyrex\n|\n|-weather|RainDance|[upkeep]\n|upkeep\n|\n|t:|1746135983\n|switch|p1a: Walking Wake|Walking Wake, L50|100/100\n|switch|p2a: Kellogg's|Kyogre, L50|30/100\n|turn|4\n|\n|t:|1746136001\n|move|p2a: Kellogg's|Protect|p2a: Kellogg's\n|-singleturn|p2a: Kellogg's|Protect\n|move|p1b: Indeedee|Follow Me|p1b: Indeedee\n|-singleturn|p1b: Indeedee|move: Follow Me\n|move|p2b: Nesquik|Crunch|p1b: Indeedee\n|-supereffective|p1b: Indeedee\n|-damage|p1b: Indeedee|0 fnt\n|faint|p1b: Indeedee\n|move|p1a: Walking Wake|Snarl|p2b: Nesquik|[spread] \n|-activate|p2a: Kellogg's|move: Protect\n|-miss|p1a: Walking Wake|p2b: Nesquik\n|\n|-weather|RainDance|[upkeep]\n|upkeep\n|\n|t:|1746136007\n|switch|p1b: Koraidon|Koraidon, L50|100/100\n|-weather|SunnyDay|[from] ability: Orichalcum Pulse|[of] p1b: Koraidon\n|-activate|p1a: Walking Wake|ability: Protosynthesis\n|-start|p1a: Walking Wake|protosynthesisspe\n|-activate|p1b: Koraidon|Orichalcum Pulse|[source]\n|turn|5\n|\n|t:|1746136026\n|move|p1a: Walking Wake|Flamethrower|p2b: Nesquik\n|-supereffective|p2b: Nesquik\n|-enditem|p2b: Nesquik|Focus Sash\n|-damage|p2b: Nesquik|1/100\n|-status|p2b: Nesquik|brn\n|move|p1b: Koraidon|Collision Course|p2a: Kellogg's\n|-damage|p2a: Kellogg's|0 fnt\n|faint|p2a: Kellogg's\n|move|p2b: Nesquik|Ice Spinner|p1b: Koraidon\n|-supereffective|p1b: Koraidon\n|-damage|p1b: Koraidon|49/100\n|-fieldend|move: Psychic Terrain\n|\n|-weather|SunnyDay|[upkeep]\n|-damage|p2b: Nesquik|0 fnt|[from] brn\n|faint|p2b: Nesquik\n|\n|win|Cerebellibrarian\n|raw|Cerebellibrarian's rating: 1190 &rarr; <strong>1211</strong><br />(+21 for winning)\n|raw|dotKuro's rating: 1139 &rarr; <strong>1118</strong><br />(-21 for losing)\n", "uploadtime": 1746136027, "views": 6, "formatid": "gen9vgc2025regibo3", "rating": 1118, "private": 0, "password": null}