{"id": "gen9vgc2025regibo3-2353891049", "format": "[Gen 9] VGC 2025 Reg I (Bo3)", "players": ["ScribeltOut", "Pokenube66"], "log": "|j|\u2606ScribeltOut\n|j|\u2606Pokenube66\n|html|<table width=\"100%\"><tr><td align=\"left\">ScribeltOut</td><td align=\"right\">Pokenube66</tr><tr><td align=\"left\"><i class=\"fa fa-circle-o\"></i> <i class=\"fa fa-circle-o\"></i> </td><td align=\"right\"><i class=\"fa fa-circle-o\"></i> <i class=\"fa fa-circle-o\"></i> </tr></table>\n|uhtml|bestof|<h2><strong>Game 1</strong> of <a href=\"/game-bestof3-gen9vgc2025regibo3-2353891048\">a best-of-3</a></h2>\n|t:|1746015599\n|gametype|doubles\n|player|p1|ScribeltOut|burglar|1052\n|player|p2|Pokenube66|265|1117\n|teamsize|p1|6\n|teamsize|p2|6\n|gen|9\n|tier|[Gen 9] VGC 2025 Reg I (Bo3)\n|rated|\n|rule|Species Clause: Limit one of each Pok\u00e9mon\n|rule|Item Clause: Limit 1 of each item\n|clearpoke\n|poke|p1|Palkia-Origin, L50|\n|poke|p1|Necrozma-Dawn-Wings, L50|\n|poke|p1|Ninetales-Alola, L50, F|\n|poke|p1|Sandslash-Alola, L50, M|\n|poke|p1|Oranguru, L50, F|\n|poke|p1|Bellibolt, L50, M|\n|poke|p2|Koraidon, L50|\n|poke|p2|Incineroar, L50, F|\n|poke|p2|Calyrex-Shadow, L50|\n|poke|p2|Flutter Mane, L50|\n|poke|p2|Raging Bolt, L50|\n|poke|p2|Entei, L50|\n|teampreview|4\n|showteam|p1|Palkia-Origin||LustrousGlobe|Pressure|TeraBlast,SpacialRend,EarthPower,Blizzard||||||50|,,,,,Fairy]Necrozma-Dawn-Wings||LifeOrb|PrismArmor|MoongeistBeam,KnockOff,PrismaticLaser,StoneEdge||||||50|,,,,,Fairy]Ninetales-Alola||CovertCloak|SnowWarning|AuroraVeil,Blizzard,FreezeDry,NastyPlot|||F|||50|,,,,,Grass]Sandslash-Alola||RockyHelmet|SlushRush|DrillRun,IceSpinner,KnockOff,IronHead|||M|||50|,,,,,Dragon]Oranguru||Leftovers|InnerFocus|TrickRoom,KnockOff,Instruct,PainSplit|||F|||50|,,,,,Dark]Bellibolt||SafetyGoggles|Static|Toxic,ThunderWave,SlackOff,SuckerPunch|||M|||50|,,,,,Flying\n|showteam|p2|Koraidon||LifeOrb|OrichalcumPulse|CloseCombat,FlareBlitz,FlameCharge,Protect||||||50|,,,,,Fire]Incineroar||SafetyGoggles|Intimidate|FakeOut,PartingShot,KnockOff,Taunt|||F|||50|,,,,,Ghost]Calyrex-Shadow||FocusSash|AsOneSpectrier|AstralBarrage,Protect,Psychic,NastyPlot||||||50|,,,,,Fairy]Flutter Mane||BoosterEnergy|Protosynthesis|ThunderWave,Moonblast,Protect,ShadowBall||||||50|,,,,,Grass]Raging Bolt||AssaultVest|Protosynthesis|Thunderclap,Thunderbolt,DracoMeteor,Electroweb||||||50|,,,,,Steel]Entei||ChoiceBand|InnerFocus|SacredFire,ExtremeSpeed,StompingTantrum,DoubleEdge||||||50|,,,,,Normal\n|\n|t:|1746015641\n|start\n|switch|p1a: 9 \ud83d\udcd6|Ninetales-Alola, L50, F|100/100\n|switch|p1b: Orange|Oranguru, L50, F|100/100\n|switch|p2a: Incineroar|Incineroar, L50, F|100/100\n|switch|p2b: Entei|Entei, L50, shiny|100/100\n|-weather|Snowscape|[from] ability: Snow Warning|[of] p1a: 9 \ud83d\udcd6\n|-ability|p2a: Incineroar|Intimidate|boost\n|-unboost|p1a: 9 \ud83d\udcd6|atk|1\n|-fail|p1b: Orange|unboost|Attack|[from] ability: Inner Focus|[of] p1b: Orange\n|turn|1\n|\n|t:|1746015672\n|switch|p2b: Koraidon|Koraidon, L50|100/100\n|-weather|SunnyDay|[from] ability: Orichalcum Pulse|[of] p2b: Koraidon\n|-activate|p2b: Koraidon|Orichalcum Pulse|[source]\n|move|p1a: 9 \ud83d\udcd6|Aurora Veil||[still]\n|-fail|p1a: 9 \ud83d\udcd6\n|move|p2a: Incineroar|Taunt|p1b: Orange\n|-start|p1b: Orange|move: Taunt\n|cant|p1b: Orange|move: Taunt|Trick Room\n|\n|-weather|SunnyDay|[upkeep]\n|upkeep\n|turn|2\n|\n|t:|1746015704\n|switch|p2b: Entei|Entei, L50, shiny|100/100\n|switch|p1a: Pal|Palkia-Origin, L50|100/100\n|-ability|p1a: Pal|Pressure\n|move|p1b: Orange|Knock Off|p2b: Entei\n|-crit|p2b: Entei\n|-damage|p2b: Entei|78/100\n|-enditem|p2b: Entei|Choice Band|[from] move: Knock Off|[of] p1b: Orange\n|move|p2a: Incineroar|Parting Shot|p1b: Orange\n|-unboost|p1b: Orange|atk|1\n|-unboost|p1b: Orange|spa|1\n|\n|t:|1746015720\n|switch|p2a: Calyrex|Calyrex-Shadow, L50|100/100|[from] Parting Shot\n|-ability|p2a: Calyrex|As One\n|-ability|p2a: Calyrex|Unnerve\n|\n|-weather|SunnyDay|[upkeep]\n|upkeep\n|turn|3\n|\n|t:|1746015742\n|switch|p1b: 9 \ud83d\udcd6|Ninetales-Alola, L50, F|100/100\n|-weather|Snowscape|[from] ability: Snow Warning|[of] p1b: 9 \ud83d\udcd6\n|move|p2a: Calyrex|Protect|p2a: Calyrex\n|-singleturn|p2a: Calyrex|Protect\n|move|p1a: Pal|Blizzard|p2a: Calyrex|[spread] p2b\n|-activate|p2a: Calyrex|move: Protect\n|-resisted|p2b: Entei\n|-damage|p2b: Entei|61/100\n|move|p2b: Entei|Sacred Fire|p1b: 9 \ud83d\udcd6\n|-supereffective|p1b: 9 \ud83d\udcd6\n|-damage|p1b: 9 \ud83d\udcd6|13/100\n|\n|-weather|Snowscape|[upkeep]\n|upkeep\n|turn|4\n|\n|t:|1746015767\n|switch|p2b: Koraidon|Koraidon, L50|100/100\n|-weather|SunnyDay|[from] ability: Orichalcum Pulse|[of] p2b: Koraidon\n|-activate|p2b: Koraidon|Orichalcum Pulse|[source]\n|move|p2a: Calyrex|Astral Barrage|p1b: 9 \ud83d\udcd6|[spread] p1a,p1b\n|-damage|p1a: Pal|53/100\n|-damage|p1b: 9 \ud83d\udcd6|0 fnt\n|faint|p1b: 9 \ud83d\udcd6\n|-ability|p2a: Calyrex|Grim Neigh|boost\n|-boost|p2a: Calyrex|spa|1\n|move|p1a: Pal|Blizzard|p2b: Koraidon|[spread] p2b\n|-miss|p1a: Pal|p2a: Calyrex\n|-supereffective|p2b: Koraidon\n|-damage|p2b: Koraidon|44/100\n|\n|-weather|SunnyDay|[upkeep]\n|upkeep\n|\n|t:|1746015785\n|switch|p1b: Oh|Necrozma-Dawn-Wings, L50|100/100\n|turn|5\n|\n|t:|1746015835\n|-terastallize|p2b: Koraidon|Fire\n|-terastallize|p1b: Oh|Fairy\n|move|p2a: Calyrex|Astral Barrage|p1b: Oh|[spread] p1a,p1b\n|-damage|p1a: Pal|0 fnt\n|-damage|p1b: Oh|46/100\n|faint|p1a: Pal\n|-ability|p2a: Calyrex|Grim Neigh|boost\n|-boost|p2a: Calyrex|spa|1\n|move|p2b: Koraidon|Flame Charge|p1b: Oh\n|-damage|p1b: Oh|0 fnt\n|-boost|p2b: Koraidon|spe|1\n|faint|p1b: Oh\n|-damage|p2b: Koraidon|34/100|[from] item: Life Orb\n|\n|-weather|SunnyDay|[upkeep]\n|upkeep\n|\n|t:|1746015853\n|switch|p1b: Orange|Oranguru, L50, F|100/100\n|turn|6\n|\n|t:|1746015872\n|move|p2b: Koraidon|Close Combat|p1b: Orange\n|-damage|p1b: Orange|0 fnt\n|-unboost|p2b: Koraidon|def|1\n|-unboost|p2b: Koraidon|spd|1\n|faint|p1b: Orange\n|-damage|p2b: Koraidon|24/100|[from] item: Life Orb\n|\n|win|Pokenube66\n|raw|ScribeltOut's rating: 1052 &rarr; <strong>1037</strong><br />(-15 for losing)\n|raw|Pokenube66's rating: 1117 &rarr; <strong>1137</strong><br />(+20 for winning)\n|l|\u2606ScribeltOut\n|player|p1|\n|l|\u2606Pokenube66\n|player|p2|\n", "uploadtime": 1746016188, "views": 7, "formatid": "gen9vgc2025regibo3", "rating": 1037, "private": 0, "password": null}