{"id": "gen9vgc2025regibo3-2353805415", "format": "[Gen 9] VGC 2025 Reg I (Bo3)", "players": ["TrCJags", "NerdConsultant"], "log": "|j|\u2606TrCJags\n|j|\u2606NerdConsultant\n|html|<table width=\"100%\"><tr><td align=\"left\">TrCJags</td><td align=\"right\">NerdConsultant</tr><tr><td align=\"left\"><i class=\"fa fa-circle\"></i> <i class=\"fa fa-circle-o\"></i> </td><td align=\"right\"><i class=\"fa fa-circle-o\"></i> <i class=\"fa fa-circle-o\"></i> </tr></table>\n|uhtml|bestof|<h2><strong>Game 2</strong> of <a href=\"/game-bestof3-gen9vgc2025regibo3-2353804201\">a best-of-3</a></h2>\n|t:|1746002949\n|gametype|doubles\n|player|p1|TrCJags|scientist-gen4dp|1206\n|player|p2|NerdConsultant|roxie|1185\n|teamsize|p1|6\n|teamsize|p2|6\n|gen|9\n|tier|[Gen 9] VGC 2025 Reg I (Bo3)\n|rated|\n|rule|Species Clause: Limit one of each Pok\u00e9mon\n|rule|Item Clause: Limit 1 of each item\n|clearpoke\n|poke|p1|Calyrex-Shadow, L50|\n|poke|p1|Koraidon, L50|\n|poke|p1|Ogerpon-Cornerstone, L50, F|\n|poke|p1|Chi-Yu, L50|\n|poke|p1|Raging Bolt, L50|\n|poke|p1|Jumpluff, L50, F|\n|poke|p2|Miraidon, L50|\n|poke|p2|Calyrex-Ice, L50|\n|poke|p2|Iron Hands, L50|\n|poke|p2|Whimsicott, L50, F|\n|poke|p2|Grimmsnarl, L50, M|\n|poke|p2|Ogerpon-Hearthflame, L50, F|\n|teampreview|4\n|showteam|p1|Calyrex-Shadow||FocusSash|AsOneSpectrier|AstralBarrage,DrainingKiss,Protect,Encore||||||50|,,,,,Fairy]Koraidon||LifeOrb|OrichalcumPulse|FlareBlitz,FlameCharge,CloseCombat,Protect||||||50|,,,,,Fire]Ogerpon-Cornerstone||CornerstoneMask|Sturdy|IvyCudgel,Taunt,SpikyShield,FollowMe|||F|||50|,,,,,Rock]Chi-Yu||ChoiceScarf|BeadsofRuin|HeatWave,DarkPulse,Snarl,Overheat||||||50|,,,,,Ghost]Raging Bolt||SafetyGoggles|Protosynthesis|Thunderclap,DracoMeteor,VoltSwitch,Protect||||||50|,,,,,Electric]Jumpluff||CovertCloak|Chlorophyll|RagePowder,SleepPowder,Tailwind,PollenPuff|||F|||50|,,,,,Dark\n|showteam|p2|Miraidon||ChoiceSpecs|HadronEngine|VoltSwitch,ElectroDrift,DazzlingGleam,DracoMeteor||||||50|,,,,,Fairy]Calyrex-Ice||ClearAmulet|AsOneGlastrier|GlacialLance,HighHorsepower,TrickRoom,Protect||||||50|,,,,,Fire]Iron Hands||AssaultVest|QuarkDrive|DrainPunch,LowKick,WildCharge,FakeOut||||||50|,,,,,Bug]Whimsicott||CovertCloak|Prankster|Moonblast,Encore,Tailwind,LightScreen|||F|||50|,,,,,Dark]Grimmsnarl||LightClay|Prankster|FoulPlay,Reflect,LightScreen,ThunderWave|||M|||50|,,,,,Ghost]Ogerpon-Hearthflame||HearthflameMask|MoldBreaker|IvyCudgel,WoodHammer,FollowMe,SpikyShield|||F|||50|,,,,,Fire\n|inactive|Battle timer is ON: inactive players will automatically lose when time's up. (requested by NerdConsultant)\n|\n|t:|1746002988\n|start\n|switch|p1a: Chi-Yu|Chi-Yu, L50|100/100\n|switch|p1b: Calyrex|Calyrex-Shadow, L50|100/100\n|switch|p2a: Miraidon|Miraidon, L50|100/100\n|switch|p2b: Calyrex|Calyrex-Ice, L50|100/100\n|-ability|p1b: Calyrex|As One\n|-ability|p1b: Calyrex|Unnerve\n|-ability|p2b: Calyrex|As One\n|-ability|p2b: Calyrex|Unnerve\n|-ability|p1a: Chi-Yu|Beads of Ruin\n|-fieldstart|move: Electric Terrain|[from] ability: Hadron Engine|[of] p2a: Miraidon\n|turn|1\n|inactive|TrCJags has 30 seconds left.\n|inactive|TrCJags has 20 seconds left.\n|inactive|TrCJags has 15 seconds left.\n|\n|t:|1746003030\n|-terastallize|p1b: Calyrex|Fairy\n|-terastallize|p2b: Calyrex|Fire\n|move|p1a: Chi-Yu|Snarl|p2a: Miraidon|[spread] p2a,p2b\n|-damage|p2a: Miraidon|72/100\n|-damage|p2b: Calyrex|77/100\n|-unboost|p2a: Miraidon|spa|1\n|move|p1b: Calyrex|Draining Kiss|p2a: Miraidon\n|-supereffective|p2a: Miraidon\n|-damage|p2a: Miraidon|0 fnt\n|faint|p2a: Miraidon\n|-ability|p1b: Calyrex|Grim Neigh|boost\n|-boost|p1b: Calyrex|spa|1\n|move|p2b: Calyrex|Glacial Lance|p1a: Chi-Yu|[spread] p1a,p1b\n|-resisted|p1a: Chi-Yu\n|-damage|p1a: Chi-Yu|55/100\n|-damage|p1b: Calyrex|33/100\n|\n|upkeep\n|\n|t:|1746003045\n|switch|p2a: Grimmsnarl|Grimmsnarl, L50, M|100/100\n|turn|2\n|\n|t:|1746003068\n|move|p2a: Grimmsnarl|Light Screen|p2a: Grimmsnarl\n|-sidestart|p2: NerdConsultant|move: Light Screen\n|move|p1a: Chi-Yu|Snarl|p2b: Calyrex|[spread] p2a,p2b\n|-resisted|p2a: Grimmsnarl\n|-damage|p2a: Grimmsnarl|96/100\n|-damage|p2b: Calyrex|62/100\n|-unboost|p2a: Grimmsnarl|spa|1\n|move|p1b: Calyrex|Astral Barrage|p2b: Calyrex|[spread] p2a,p2b\n|-resisted|p2a: Grimmsnarl\n|-damage|p2a: Grimmsnarl|61/100\n|-damage|p2b: Calyrex|16/100\n|move|p2b: Calyrex|Glacial Lance|p1b: Calyrex|[spread] p1a,p1b\n|-resisted|p1a: Chi-Yu\n|-damage|p1a: Chi-Yu|8/100\n|-damage|p1b: Calyrex|0 fnt\n|faint|p1b: Calyrex\n|-ability|p2b: Calyrex|Chilling Neigh|boost\n|-boost|p2b: Calyrex|atk|1\n|\n|upkeep\n|inactive|TrCJags has 30 seconds left.\n|inactive|TrCJags has 20 seconds left.\n|\n|t:|1746003103\n|switch|p1b: Ogerpon|Ogerpon-Cornerstone, L50, F|100/100\n|turn|3\n|\n|t:|1746003114\n|move|p2a: Grimmsnarl|Thunder Wave|p1b: Ogerpon\n|-status|p1b: Ogerpon|par\n|move|p1a: Chi-Yu|Snarl|p2b: Calyrex|[spread] p2a,p2b\n|-resisted|p2a: Grimmsnarl\n|-damage|p2a: Grimmsnarl|57/100\n|-damage|p2b: Calyrex|2/100\n|-unboost|p2a: Grimmsnarl|spa|1\n|move|p1b: Ogerpon|Ivy Cudgel|p2a: Grimmsnarl|[anim] Ivy Cudgel Rock\n|-damage|p2a: Grimmsnarl|0 fnt\n|faint|p2a: Grimmsnarl\n|move|p2b: Calyrex|Glacial Lance|p1b: Ogerpon|[spread] p1a,p1b\n|-resisted|p1a: Chi-Yu\n|-supereffective|p1b: Ogerpon\n|-damage|p1a: Chi-Yu|0 fnt\n|-ability|p1b: Ogerpon|Sturdy\n|-damage|p1b: Ogerpon|1/100 par\n|faint|p1a: Chi-Yu\n|-ability|p2b: Calyrex|Chilling Neigh|boost\n|-boost|p2b: Calyrex|atk|1\n|\n|upkeep\n|\n|t:|1746003132\n|switch|p1a: Koraidon|Koraidon, L50|100/100\n|switch|p2a: Iron Hands|Iron Hands, L50|100/100\n|-weather|SunnyDay|[from] ability: Orichalcum Pulse|[of] p1a: Koraidon\n|-activate|p1a: Koraidon|Orichalcum Pulse|[source]\n|-activate|p2a: Iron Hands|ability: Quark Drive\n|-start|p2a: Iron Hands|quarkdriveatk\n|turn|4\n|\n|t:|1746003143\n|move|p1a: Koraidon|Protect|p1a: Koraidon\n|-singleturn|p1a: Koraidon|Protect\n|move|p1b: Ogerpon|Spiky Shield|p1b: Ogerpon\n|-singleturn|p1b: Ogerpon|move: Protect\n|move|p2a: Iron Hands|Fake Out|p1a: Koraidon\n|-activate|p1a: Koraidon|move: Protect\n|move|p2b: Calyrex|Glacial Lance|p1b: Ogerpon|[spread] \n|-activate|p1a: Koraidon|move: Protect\n|-activate|p1b: Ogerpon|move: Protect\n|\n|-weather|SunnyDay|[upkeep]\n|upkeep\n|turn|5\n|inactive|TrCJags has 30 seconds left.\n|\n|t:|1746003174\n|move|p1a: Koraidon|Flare Blitz|p2a: Iron Hands\n|-damage|p2a: Iron Hands|31/100\n|-status|p2a: Iron Hands|brn\n|-damage|p1a: Koraidon|67/100|[from] Recoil\n|-damage|p1a: Koraidon|58/100|[from] item: Life Orb\n|move|p1b: Ogerpon|Ivy Cudgel|p2b: Calyrex|[anim] Ivy Cudgel Rock\n|-supereffective|p2b: Calyrex\n|-damage|p2b: Calyrex|0 fnt\n|faint|p2b: Calyrex\n|move|p2a: Iron Hands|Low Kick|p1a: Koraidon\n|-damage|p1a: Koraidon|20/100\n|\n|-weather|SunnyDay|[upkeep]\n|-damage|p2a: Iron Hands|25/100 brn|[from] brn\n|-fieldend|move: Electric Terrain\n|-end|p2a: Iron Hands|Quark Drive\n|upkeep\n|turn|6\n|-message|NerdConsultant forfeited.\n|\n|win|TrCJags\n|raw|TrCJags's rating: 1206 &rarr; <strong>1229</strong><br />(+23 for winning)\n|raw|NerdConsultant's rating: 1185 &rarr; <strong>1162</strong><br />(-23 for losing)\n|l|\u2606NerdConsultant\n|player|p2|\n", "uploadtime": 1746003204, "views": 17, "formatid": "gen9vgc2025regibo3", "rating": 1162, "private": 0, "password": null}