{"id": "gen9vgc2025regibo3-2355036779", "format": "[Gen 9] VGC 2025 Reg I (Bo3)", "players": ["eralith37", "tzarii"], "log": "|j|\u2606eralith37\n|j|\u2606tzarii\n|html|<table width=\"100%\"><tr><td align=\"left\">eralith37</td><td align=\"right\">tzarii</tr><tr><td align=\"left\"><i class=\"fa fa-circle\"></i> <i class=\"fa fa-circle-o\"></i> </td><td align=\"right\"><i class=\"fa fa-circle-o\"></i> <i class=\"fa fa-circle\"></i> </tr></table>\n|uhtml|bestof|<h2><strong>Game 3</strong> of <a href=\"/game-bestof3-gen9vgc2025regibo3-2355032272\">a best-of-3</a></h2>\n|t:|1746144782\n|gametype|doubles\n|player|p1|eralith37|backersf|1165\n|player|p2|tzarii|lady-gen4|1153\n|teamsize|p1|6\n|teamsize|p2|6\n|gen|9\n|tier|[Gen 9] VGC 2025 Reg I (Bo3)\n|rated|\n|rule|Species Clause: Limit one of each Pok\u00e9mon\n|rule|Item Clause: Limit 1 of each item\n|clearpoke\n|poke|p1|Calyrex-Ice, L50|\n|poke|p1|Miraidon, L50|\n|poke|p1|Ogerpon-Cornerstone, L50, F|\n|poke|p1|Volcarona, L50, F|\n|poke|p1|Farigiraf, L50, F|\n|poke|p1|Urshifu-*, L50, M|\n|poke|p2|Koraidon, L50|\n|poke|p2|Groudon, L50|\n|poke|p2|Flutter Mane, L50|\n|poke|p2|Scovillain, L50, F|\n|poke|p2|Rillaboom, L50, F|\n|poke|p2|Grimmsnarl, L50, M|\n|teampreview|4\n|showteam|p1|Calyrex-Ice||ClearAmulet|AsOneGlastrier|GlacialLance,HighHorsepower,TrickRoom,Protect||||||50|,,,,,Water]Miraidon||ChoiceSpecs|HadronEngine|ElectroDrift,VoltSwitch,DracoMeteor,DazzlingGleam||||||50|,,,,,Fairy]Ogerpon-Cornerstone||CornerstoneMask|Sturdy|IvyCudgel,PowerWhip,FollowMe,SpikyShield|||F|||50|,,,,,Rock]Volcarona||CovertCloak|FlameBody|FieryDance,StruggleBug,RagePowder,Tailwind|||F|||50|,,,,,Grass]Farigiraf||ElectricSeed|ArmorTail|PsychicNoise,FoulPlay,HelpingHand,TrickRoom|||F|||50|,,,,,Water]Urshifu-Rapid-Strike||FocusSash|UnseenFist|SurgingStrikes,CloseCombat,Taunt,Detect|||M|||50|,,,,,Water\n|showteam|p2|Koraidon||ClearAmulet|OrichalcumPulse|FlameCharge,CloseCombat,FlareBlitz,Protect||||||50|,,,,,Fire]Groudon||AssaultVest|Drought|PrecipiceBlades,HeatCrash,StoneEdge,HighHorsepower||||||50|,,,,,Water]Flutter Mane||FocusSash|Protosynthesis|Moonblast,IcyWind,ShadowBall,Protect||||||50|,,,,,Ground]Scovillain||CovertCloak|Chlorophyll|Overheat,SpicyExtract,WillOWisp,ScaryFace|||F|||50|,,,,,Fire]Rillaboom||MiracleSeed|GrassySurge|FakeOut,GrassyGlide,WoodHammer,Protect|||F|||50|,,,,,Water]Grimmsnarl||LightClay|Prankster|PartingShot,Reflect,ThunderWave,FoulPlay|||M|||50|,,,,,Ghost\n|inactive|Battle timer is ON: inactive players will automatically lose when time's up. (requested by eralith37)\n|inactive|eralith37 has 60 seconds left.\n|inactive|tzarii has 60 seconds left.\n|\n|t:|1746144834\n|start\n|switch|p1a: Miraidon|Miraidon, L50|100/100\n|switch|p1b: Urshifu|Urshifu-Rapid-Strike, L50, M|100/100\n|switch|p2a: Koraidon|Koraidon, L50|100/100\n|switch|p2b: Scovillain|Scovillain, L50, F|100/100\n|-weather|SunnyDay|[from] ability: Orichalcum Pulse|[of] p2a: Koraidon\n|-activate|p2a: Koraidon|Orichalcum Pulse|[source]\n|-fieldstart|move: Electric Terrain|[from] ability: Hadron Engine|[of] p1a: Miraidon\n|turn|1\n|inactive|tzarii has 30 seconds left.\n|inactive|tzarii has 20 seconds left.\n|inactive|tzarii has 15 seconds left.\n|\n|t:|1746144877\n|-terastallize|p1a: Miraidon|Fairy\n|move|p2a: Koraidon|Protect|p2a: Koraidon\n|-singleturn|p2a: Koraidon|Protect\n|move|p2b: Scovillain|Will-O-Wisp|p1b: Urshifu\n|-status|p1b: Urshifu|brn\n|move|p1a: Miraidon|Volt Switch|p2a: Koraidon\n|-activate|p2a: Koraidon|move: Protect\n|move|p1b: Urshifu|Taunt|p2b: Scovillain\n|-start|p2b: Scovillain|move: Taunt\n|\n|-weather|SunnyDay|[upkeep]\n|-damage|p1b: Urshifu|95/100 brn|[from] brn\n|upkeep\n|turn|2\n|inactive|eralith37 has 30 seconds left.\n|inactive|tzarii has 30 seconds left.\n|inactive|eralith37 has 20 seconds left.\n|\n|t:|1746144917\n|switch|p1a: Ogerpon|Ogerpon-Cornerstone, L50, F|100/100\n|-terastallize|p2b: Scovillain|Fire\n|move|p2b: Scovillain|Overheat|p1a: Ogerpon|[miss]\n|-miss|p2b: Scovillain|p1a: Ogerpon\n|move|p2a: Koraidon|Flame Charge|p1b: Urshifu\n|-resisted|p1b: Urshifu\n|-damage|p1b: Urshifu|78/100 brn\n|-boost|p2a: Koraidon|spe|1\n|move|p1b: Urshifu|Surging Strikes|p2b: Scovillain\n|-supereffective|p2b: Scovillain\n|-crit|p2b: Scovillain\n|-damage|p2b: Scovillain|81/100\n|-supereffective|p2b: Scovillain\n|-crit|p2b: Scovillain\n|-damage|p2b: Scovillain|64/100\n|-supereffective|p2b: Scovillain\n|-crit|p2b: Scovillain\n|-damage|p2b: Scovillain|45/100\n|-hitcount|p2b: Scovillain|3\n|\n|-weather|SunnyDay|[upkeep]\n|-damage|p1b: Urshifu|72/100 brn|[from] brn\n|upkeep\n|turn|3\n|inactive|eralith37 has 30 seconds left.\n|inactive|tzarii has 30 seconds left.\n|inactive|tzarii has 20 seconds left.\n|inactive|tzarii has 15 seconds left.\n|inactive|tzarii has 10 seconds left.\n|\n|t:|1746144964\n|switch|p2b: Flutter Mane|Flutter Mane, L50|100/100\n|-activate|p2b: Flutter Mane|ability: Protosynthesis\n|-start|p2b: Flutter Mane|protosynthesisspe\n|move|p1a: Ogerpon|Spiky Shield|p1a: Ogerpon\n|-singleturn|p1a: Ogerpon|move: Protect\n|move|p2a: Koraidon|Flame Charge|p1a: Ogerpon\n|-activate|p1a: Ogerpon|move: Protect\n|-damage|p2a: Koraidon|88/100|[from] Spiky Shield|[of] p1a: Ogerpon\n|move|p1b: Urshifu|Surging Strikes|p2b: Flutter Mane\n|-crit|p2b: Flutter Mane\n|-damage|p2b: Flutter Mane|89/100\n|-crit|p2b: Flutter Mane\n|-damage|p2b: Flutter Mane|77/100\n|-crit|p2b: Flutter Mane\n|-damage|p2b: Flutter Mane|66/100\n|-hitcount|p2b: Flutter Mane|3\n|\n|-weather|SunnyDay|[upkeep]\n|-damage|p1b: Urshifu|66/100 brn|[from] brn\n|upkeep\n|turn|4\n|inactive|eralith37 has 30 seconds left.\n|inactive|eralith37 has 20 seconds left.\n|inactive|eralith37 has 15 seconds left.\n|inactive|eralith37 has 10 seconds left.\n|inactive|eralith37 has 5 seconds left.\n|\n|t:|1746145017\n|move|p2b: Flutter Mane|Icy Wind|p1a: Ogerpon|[spread] p1a,p1b\n|-supereffective|p1a: Ogerpon\n|-resisted|p1b: Urshifu\n|-damage|p1a: Ogerpon|62/100\n|-damage|p1b: Urshifu|54/100 brn\n|-unboost|p1a: Ogerpon|spe|1\n|-unboost|p1b: Urshifu|spe|1\n|move|p2a: Koraidon|Close Combat|p1a: Ogerpon\n|-supereffective|p1a: Ogerpon\n|-damage|p1a: Ogerpon|0 fnt\n|-unboost|p2a: Koraidon|def|1\n|-unboost|p2a: Koraidon|spd|1\n|faint|p1a: Ogerpon\n|move|p1b: Urshifu|Surging Strikes|p2b: Flutter Mane\n|-crit|p2b: Flutter Mane\n|-damage|p2b: Flutter Mane|54/100\n|-crit|p2b: Flutter Mane\n|-damage|p2b: Flutter Mane|44/100\n|-crit|p2b: Flutter Mane\n|-damage|p2b: Flutter Mane|33/100\n|-hitcount|p2b: Flutter Mane|3\n|\n|-weather|SunnyDay|[upkeep]\n|-damage|p1b: Urshifu|48/100 brn|[from] brn\n|upkeep\n|\n|t:|1746145030\n|switch|p1a: Calyrex|Calyrex-Ice, L50|100/100\n|-ability|p1a: Calyrex|As One\n|-ability|p1a: Calyrex|Unnerve\n|turn|5\n|\n|t:|1746145043\n|move|p1a: Calyrex|Protect|p1a: Calyrex\n|-singleturn|p1a: Calyrex|Protect\n|move|p2b: Flutter Mane|Shadow Ball|p1a: Calyrex\n|-activate|p1a: Calyrex|move: Protect\n|move|p2a: Koraidon|Flare Blitz|p1a: Calyrex\n|-activate|p1a: Calyrex|move: Protect\n|move|p1b: Urshifu|Surging Strikes|p2b: Flutter Mane\n|-crit|p2b: Flutter Mane\n|-damage|p2b: Flutter Mane|21/100\n|-crit|p2b: Flutter Mane\n|-damage|p2b: Flutter Mane|10/100\n|-crit|p2b: Flutter Mane\n|-damage|p2b: Flutter Mane|0 fnt\n|faint|p2b: Flutter Mane\n|-end|p2b: Flutter Mane|Protosynthesis|[silent]\n|-hitcount|p2: Flutter Mane|3\n|\n|-weather|none\n|-damage|p1b: Urshifu|43/100 brn|[from] brn\n|-fieldend|move: Electric Terrain\n|upkeep\n|\n|t:|1746145049\n|switch|p2b: Groudon|Groudon, L50|100/100\n|-weather|SunnyDay|[from] ability: Drought|[of] p2b: Groudon\n|turn|6\n|\n|t:|1746145064\n|move|p2a: Koraidon|Flare Blitz|p1a: Calyrex\n|-supereffective|p1a: Calyrex\n|-damage|p1a: Calyrex|0 fnt\n|faint|p1a: Calyrex\n|-damage|p2a: Koraidon|49/100|[from] Recoil\n|move|p2b: Groudon|Precipice Blades|p1b: Urshifu\n|-damage|p1b: Urshifu|0 fnt\n|faint|p1b: Urshifu\n|\n|-weather|SunnyDay|[upkeep]\n|upkeep\n|\n|t:|1746145067\n|switch|p1b: Miraidon|Miraidon, L50, tera:Fairy|100/100\n|-fieldstart|move: Electric Terrain|[from] ability: Hadron Engine|[of] p1b: Miraidon\n|turn|7\n|\n|t:|1746145082\n|move|p2a: Koraidon|Flare Blitz|p1b: Miraidon\n|-damage|p1b: Miraidon|19/100\n|-damage|p2a: Koraidon|19/100|[from] Recoil\n|move|p1b: Miraidon|Dazzling Gleam|p2b: Groudon|[spread] p2a,p2b\n|-supereffective|p2a: Koraidon\n|-damage|p2a: Koraidon|0 fnt\n|-damage|p2b: Groudon|67/100\n|faint|p2a: Koraidon\n|move|p2b: Groudon|High Horsepower|p1b: Miraidon\n|-damage|p1b: Miraidon|0 fnt\n|faint|p1b: Miraidon\n|\n|win|tzarii\n|raw|eralith37's rating: 1165 &rarr; <strong>1139</strong><br />(-26 for losing)\n|raw|tzarii's rating: 1153 &rarr; <strong>1179</strong><br />(+26 for winning)\n|l|\u2606eralith37\n|player|p1|\n|l|\u2606tzarii\n|player|p2|\n", "uploadtime": 1746145415, "views": 26, "formatid": "gen9vgc2025regibo3", "rating": 1139, "private": 0, "password": null}