{"id": "gen9vgc2025regibo3-2354135909", "format": "[Gen 9] VGC 2025 Reg I (Bo3)", "players": ["jholloway1993", "thedbeast777"], "log": "|j|\u2606jholloway1993\n|j|\u2606thedbeast777\n|html|<table width=\"100%\"><tr><td align=\"left\">jholloway1993</td><td align=\"right\">thedbeast777</tr><tr><td align=\"left\"><i class=\"fa fa-circle-o\"></i> <i class=\"fa fa-circle-o\"></i> </td><td align=\"right\"><i class=\"fa fa-circle-o\"></i> <i class=\"fa fa-circle-o\"></i> </tr></table>\n|uhtml|bestof|<h2><strong>Game 1</strong> of <a href=\"/game-bestof3-gen9vgc2025regibo3-2354135908\">a best-of-3</a></h2>\n|t:|1746037939\n|gametype|doubles\n|player|p1|jholloway1993|102|1078\n|player|p2|thedbeast777|101|1184\n|teamsize|p1|6\n|teamsize|p2|6\n|gen|9\n|tier|[Gen 9] VGC 2025 Reg I (Bo3)\n|rated|\n|rule|Species Clause: Limit one of each Pok\u00e9mon\n|rule|Item Clause: Limit 1 of each item\n|clearpoke\n|poke|p1|Koraidon, L50|\n|poke|p1|Calyrex-Shadow, L50|\n|poke|p1|Incineroar, L50, M|\n|poke|p1|Whimsicott, L50, F|\n|poke|p1|Walking Wake, L50|\n|poke|p1|Bronzong, L50|\n|poke|p2|Flutter Mane, L50|\n|poke|p2|Chien-Pao, L50|\n|poke|p2|Koraidon, L50|\n|poke|p2|Lunala, L50|\n|poke|p2|Amoonguss, L50, F|\n|poke|p2|Ursaluna-Bloodmoon, L50, M|\n|teampreview|4\n|showteam|p1|Koraidon||LifeOrb|OrichalcumPulse|Protect,FlameCharge,FlareBlitz,CollisionCourse||||||50|,,,,,Fire]Calyrex-Shadow||FocusSash|AsOneSpectrier|Protect,AstralBarrage,Psyshock,NastyPlot||||||50|,,,,,Water]Incineroar||SafetyGoggles|Intimidate|FakeOut,KnockOff,PartingShot,FlareBlitz|||M|||50|,,,,,Dragon]Whimsicott||CovertCloak|Prankster|SunnyDay,Tailwind,Encore,Moonblast|||F|||50|,,,,,Steel]Walking Wake||AssaultVest|Protosynthesis|Snarl,WeatherBall,HydroSteam,FlipTurn||||||50|,,,,,Water]Bronzong||Leftovers|Levitate|TrickRoom,IronDefense,GyroBall,BodyPress||||||50|,,,,,Fairy\n|showteam|p2|Flutter Mane||BoosterEnergy|Protosynthesis|Moonblast,ShadowBall,IcyWind,Protect||||||50|,,,,,Normal]Chien-Pao||FocusSash|SwordofRuin|Protect,SuckerPunch,IceSpinner,ThroatChop||||||50|,,,,,Ghost]Koraidon||ClearAmulet|OrichalcumPulse|CloseCombat,FlareBlitz,FlameCharge,Protect||||||50|,,,,,Fire]Lunala||PowerHerb|ShadowShield|MoongeistBeam,MeteorBeam,WideGuard,TrickRoom||||||50|,,,,,Water]Amoonguss||RockyHelmet|Regenerator|Spore,PollenPuff,RagePowder,Protect|||F|||50|,,,,,Water]Ursaluna-Bloodmoon||LifeOrb|MindsEye|HyperVoice,BloodMoon,EarthPower,Protect|||M|||50|,,,,,Normal\n|l|\u2606thedbeast777\n|player|p2|\n|j|\u2606thedbeast777\n|player|p2|thedbeast777|101|\n|\n|t:|1746038013\n|start\n|switch|p1a: Walking Wake|Walking Wake, L50|100/100\n|switch|p1b: Koraidon|Koraidon, L50|100/100\n|switch|p2a: Definetly CSR|Lunala, L50|100/100\n|switch|p2b: Felon|Amoonguss, L50, F|100/100\n|-weather|SunnyDay|[from] ability: Orichalcum Pulse|[of] p1b: Koraidon\n|-activate|p1a: Walking Wake|ability: Protosynthesis\n|-start|p1a: Walking Wake|protosynthesisspa\n|-activate|p1b: Koraidon|Orichalcum Pulse|[source]\n|turn|1\n|inactive|Battle timer is ON: inactive players will automatically lose when time's up. (requested by thedbeast777)\n|inactive|jholloway1993 has 60 seconds left.\n|inactive|thedbeast777 has 60 seconds left.\n|\n|t:|1746038056\n|-terastallize|p2b: Felon|Water\n|move|p2b: Felon|Rage Powder|p2b: Felon\n|-singleturn|p2b: Felon|move: Rage Powder\n|move|p1b: Koraidon|Flame Charge|p2b: Felon\n|-resisted|p2b: Felon\n|-crit|p2b: Felon\n|-damage|p2b: Felon|74/100\n|-boost|p1b: Koraidon|spe|1\n|-damage|p1b: Koraidon|84/100|[from] item: Rocky Helmet|[of] p2b: Felon\n|-damage|p1b: Koraidon|74/100|[from] item: Life Orb\n|move|p1a: Walking Wake|Snarl|p2a: Definetly CSR|[spread] p2a,p2b\n|-supereffective|p2a: Definetly CSR\n|-damage|p2a: Definetly CSR|75/100\n|-damage|p2b: Felon|60/100\n|-unboost|p2a: Definetly CSR|spa|1\n|-unboost|p2b: Felon|spa|1\n|move|p2a: Definetly CSR|Trick Room|p2a: Definetly CSR\n|-fieldstart|move: Trick Room|[of] p2a: Definetly CSR\n|\n|-weather|SunnyDay|[upkeep]\n|upkeep\n|turn|2\n|inactive|jholloway1993 has 30 seconds left.\n|inactive|thedbeast777 has 30 seconds left.\n|\n|t:|1746038088\n|switch|p1b: Incineroar|Incineroar, L50, M|100/100\n|-ability|p1b: Incineroar|Intimidate|boost\n|-unboost|p2a: Definetly CSR|atk|1\n|-unboost|p2b: Felon|atk|1\n|move|p2b: Felon|Spore|p1a: Walking Wake\n|-status|p1a: Walking Wake|slp|[from] move: Spore\n|move|p2a: Definetly CSR|Meteor Beam||[still]\n|-prepare|p2a: Definetly CSR|Meteor Beam\n|-boost|p2a: Definetly CSR|spa|1\n|-enditem|p2a: Definetly CSR|Power Herb\n|-anim|p2a: Definetly CSR|Meteor Beam|p1b: Incineroar|[miss]\n|-miss|p2a: Definetly CSR|p1b: Incineroar\n|cant|p1a: Walking Wake|slp\n|\n|-weather|SunnyDay|[upkeep]\n|upkeep\n|turn|3\n|inactive|jholloway1993 has 30 seconds left.\n|inactive|thedbeast777 has 30 seconds left.\n|\n|t:|1746038117\n|move|p2b: Felon|Pollen Puff|p2a: Definetly CSR\n|-heal|p2a: Definetly CSR|100/100\n|move|p1b: Incineroar|Knock Off|p2a: Definetly CSR\n|-supereffective|p2a: Definetly CSR\n|-damage|p2a: Definetly CSR|63/100\n|move|p2a: Definetly CSR|Moongeist Beam|p1a: Walking Wake\n|-damage|p1a: Walking Wake|57/100 slp\n|cant|p1a: Walking Wake|slp\n|\n|-weather|SunnyDay|[upkeep]\n|upkeep\n|turn|4\n|\n|t:|1746038140\n|move|p2b: Felon|Pollen Puff|p2a: Definetly CSR\n|-heal|p2a: Definetly CSR|100/100\n|move|p1b: Incineroar|Knock Off|p2a: Definetly CSR\n|-supereffective|p2a: Definetly CSR\n|-damage|p2a: Definetly CSR|63/100\n|move|p2a: Definetly CSR|Moongeist Beam|p1a: Walking Wake\n|-damage|p1a: Walking Wake|18/100 slp\n|-curestatus|p1a: Walking Wake|slp|[msg]\n|move|p1a: Walking Wake|Snarl|p2a: Definetly CSR|[spread] p2a,p2b\n|-supereffective|p2a: Definetly CSR\n|-damage|p2a: Definetly CSR|14/100\n|-damage|p2b: Felon|45/100\n|-unboost|p2a: Definetly CSR|spa|1\n|-unboost|p2b: Felon|spa|1\n|\n|-weather|SunnyDay|[upkeep]\n|upkeep\n|turn|5\n|inactive|jholloway1993 has 30 seconds left.\n|inactive|thedbeast777 has 30 seconds left.\n|\n|t:|1746038173\n|move|p2b: Felon|Pollen Puff|p2a: Definetly CSR\n|-heal|p2a: Definetly CSR|64/100\n|move|p1b: Incineroar|Knock Off|p2a: Definetly CSR\n|-supereffective|p2a: Definetly CSR\n|-damage|p2a: Definetly CSR|0 fnt\n|faint|p2a: Definetly CSR\n|move|p1a: Walking Wake|Flip Turn|p2b: Felon\n|-resisted|p2b: Felon\n|-damage|p2b: Felon|42/100\n|-damage|p1a: Walking Wake|1/100|[from] item: Rocky Helmet|[of] p2b: Felon\n|inactive|jholloway1993 has 30 seconds left.\n|\n|t:|1746038199\n|-end|p1a: Walking Wake|Protosynthesis|[silent]\n|switch|p1a: Koraidon|Koraidon, L50|74/100|[from] Flip Turn\n|-activate|p1a: Koraidon|ability: Orichalcum Pulse\n|\n|-weather|none\n|-fieldend|move: Trick Room\n|upkeep\n|\n|t:|1746038201\n|switch|p2a: Ursaluna|Ursaluna-Bloodmoon, L50, M|100/100\n|turn|6\n|\n|t:|1746038223\n|switch|p2b: Tera Normal|Flutter Mane, L50|100/100\n|-enditem|p2b: Tera Normal|Booster Energy\n|-activate|p2b: Tera Normal|ability: Protosynthesis|[fromitem]\n|-start|p2b: Tera Normal|protosynthesisspe\n|move|p2a: Ursaluna|Protect|p2a: Ursaluna\n|-singleturn|p2a: Ursaluna|Protect\n|move|p1a: Koraidon|Collision Course|p2a: Ursaluna\n|-activate|p2a: Ursaluna|move: Protect\n|move|p1b: Incineroar|Parting Shot|p2a: Ursaluna\n|-activate|p2a: Ursaluna|move: Protect\n|\n|upkeep\n|turn|7\n|inactive|jholloway1993 has 30 seconds left.\n|\n|t:|1746038249\n|switch|p2a: Felon|Amoonguss, L50, F, tera:Water|75/100\n|-terastallize|p1a: Koraidon|Fire\n|move|p2b: Tera Normal|Moonblast|p1a: Koraidon\n|-resisted|p1a: Koraidon\n|-damage|p1a: Koraidon|50/100\n|move|p1a: Koraidon|Flame Charge|p2b: Tera Normal\n|-damage|p2b: Tera Normal|10/100\n|-boost|p1a: Koraidon|spe|1\n|-damage|p1a: Koraidon|40/100|[from] item: Life Orb\n|move|p1b: Incineroar|Knock Off|p2a: Felon\n|-damage|p2a: Felon|41/100\n|-damage|p1b: Incineroar|84/100|[from] item: Rocky Helmet|[of] p2a: Felon\n|-enditem|p2a: Felon|Rocky Helmet|[from] move: Knock Off|[of] p1b: Incineroar\n|\n|upkeep\n|turn|8\n|inactive|jholloway1993 has 30 seconds left.\n|inactive|thedbeast777 has 30 seconds left.\n|\n|t:|1746038279\n|move|p1a: Koraidon|Collision Course|p2a: Felon\n|-damage|p2a: Felon|0 fnt\n|faint|p2a: Felon\n|-damage|p1a: Koraidon|30/100|[from] item: Life Orb\n|move|p2b: Tera Normal|Icy Wind|p1a: Koraidon|[spread] p1b\n|-miss|p2b: Tera Normal|p1a: Koraidon\n|-resisted|p1b: Incineroar\n|-damage|p1b: Incineroar|78/100\n|-unboost|p1b: Incineroar|spe|1\n|move|p1b: Incineroar|Parting Shot|p2b: Tera Normal\n|-unboost|p2b: Tera Normal|atk|1\n|-unboost|p2b: Tera Normal|spa|1\n|\n|t:|1746038293\n|switch|p1b: Walking Wake|Walking Wake, L50|1/100|[from] Parting Shot\n|\n|upkeep\n|\n|t:|1746038296\n|switch|p2a: Ursaluna|Ursaluna-Bloodmoon, L50, M|100/100\n|turn|9\n|\n|t:|1746038314\n|move|p2a: Ursaluna|Protect|p2a: Ursaluna\n|-singleturn|p2a: Ursaluna|Protect\n|move|p2b: Tera Normal|Icy Wind|p1a: Koraidon|[spread] p1a,p1b\n|-resisted|p1a: Koraidon\n|-damage|p1a: Koraidon|25/100\n|-damage|p1b: Walking Wake|0 fnt\n|-unboost|p1a: Koraidon|spe|1\n|faint|p1b: Walking Wake\n|-end|p1b: Walking Wake|Protosynthesis|[silent]\n|move|p1a: Koraidon|Flame Charge|p2b: Tera Normal\n|-damage|p2b: Tera Normal|0 fnt\n|-boost|p1a: Koraidon|spe|1\n|faint|p2b: Tera Normal\n|-end|p2b: Tera Normal|Protosynthesis|[silent]\n|-damage|p1a: Koraidon|16/100|[from] item: Life Orb\n|\n|upkeep\n|\n|t:|1746038327\n|switch|p1b: Incineroar|Incineroar, L50, M|78/100\n|-ability|p1b: Incineroar|Intimidate|boost\n|-unboost|p2a: Ursaluna|atk|1\n|turn|10\n|-message|thedbeast777 forfeited.\n|raw|jholloway1993's rating: 1078 &rarr; <strong>1115</strong><br />(+37 for winning)\n|raw|thedbeast777's rating: 1184 &rarr; <strong>1152</strong><br />(-32 for losing)\n|\n|win|jholloway1993\n|l|\u2606thedbeast777\n|player|p2|\n|l|\u2606jholloway1993\n|player|p1|\n", "uploadtime": 1746038541, "views": 6, "formatid": "gen9vgc2025regibo3", "rating": 1115, "private": 0, "password": null}