{"id": "gen9vgc2025regibo3-2354146659", "format": "[Gen 9] VGC 2025 Reg I (Bo3)", "players": ["thecascader34", "Dozo XX"], "log": "|j|\u2606thecascader34\n|j|\u2606Dozo XX\n|html|<table width=\"100%\"><tr><td align=\"left\">thecascader34</td><td align=\"right\">Dozo XX</tr><tr><td align=\"left\"><i class=\"fa fa-circle-o\"></i> <i class=\"fa fa-circle-o\"></i> </td><td align=\"right\"><i class=\"fa fa-circle-o\"></i> <i class=\"fa fa-circle-o\"></i> </tr></table>\n|uhtml|bestof|<h2><strong>Game 1</strong> of <a href=\"/game-bestof3-gen9vgc2025regibo3-2354146658\">a best-of-3</a></h2>\n|t:|1746038880\n|gametype|doubles\n|player|p1|thecascader34|ingo-hisui|1125\n|player|p2|Dozo XX|ballguy|1090\n|teamsize|p1|6\n|teamsize|p2|6\n|gen|9\n|tier|[Gen 9] VGC 2025 Reg I (Bo3)\n|rated|\n|rule|Species Clause: Limit one of each Pok\u00e9mon\n|rule|Item Clause: Limit 1 of each item\n|clearpoke\n|poke|p1|Thundurus, L50, M|\n|poke|p1|Lunala, L50|\n|poke|p1|Koraidon, L50|\n|poke|p1|Sneasler, L50, M|\n|poke|p1|Great Tusk, L50|\n|poke|p1|Indeedee-F, L50, F|\n|poke|p2|Kyogre, L50|\n|poke|p2|Miraidon, L50|\n|poke|p2|Tornadus, L50, M|\n|poke|p2|Iron Hands, L50|\n|poke|p2|Farigiraf, L50, F|\n|poke|p2|Iron Treads, L50|\n|teampreview|4\n|showteam|p1|Thundurus||CovertCloak|Prankster|ThunderWave,Swagger,WildboltStorm,Taunt|||M|||50|,,,,,Electric]Lunala||PowerHerb|ShadowShield|MeteorBeam,Moonblast,MoongeistBeam,ExpandingForce||||||50|,,,,,Normal]Koraidon||LifeOrb|OrichalcumPulse|FlareBlitz,CollisionCourse,DragonClaw,Protect||||||50|,,,,,Fairy]Sneasler||MirrorHerb|Unburden|CloseCombat,DireClaw,Acrobatics,Protect|||M|||50|,,,,,Dark]Great Tusk||AssaultVest|Protosynthesis|IceSpinner,HeadlongRush,CloseCombat,RockSlide||||||50|,,,,,Steel]Indeedee-F||RockyHelmet|Synchronize|Imprison,TrickRoom,FollowMe,Psychic|||F|||50|,,,,,Psychic\n|showteam|p2|Kyogre||MysticWater|Drizzle|WaterSpout,OriginPulse,IceBeam,Protect||||||50|,,,,,Grass]Miraidon||ChoiceSpecs|HadronEngine|ElectroDrift,DracoMeteor,DazzlingGleam,VoltSwitch||||||50|,,,,,Fairy]Tornadus||FocusSash|Prankster|BleakwindStorm,Tailwind,RainDance,Protect|||M|||50|,,,,,Ghost]Iron Hands||AssaultVest|QuarkDrive|WildCharge,DrainPunch,LowKick,FakeOut||||||50|,,,,,Water]Farigiraf||ElectricSeed|ArmorTail|FoulPlay,PsychicNoise,TrickRoom,HelpingHand|||F|||50|,,,,,Water]Iron Treads||LifeOrb|QuarkDrive|HighHorsepower,SteelRoller,KnockOff,Protect||||||50|,,,,,Ghost\n|c|\u2606thecascader34|glhf\n|inactive|Battle timer is ON: inactive players will automatically lose when time's up. (requested by thecascader34)\n|inactive|Dozo XX has 60 seconds left.\n|\n|t:|1746038991\n|start\n|switch|p1a: Indeedee|Indeedee-F, L50, F|100/100\n|switch|p1b: Great Tusk|Great Tusk, L50|100/100\n|switch|p2a: Miraidon|Miraidon, L50|100/100\n|switch|p2b: Iron Treads|Iron Treads, L50|100/100\n|-fieldstart|move: Electric Terrain|[from] ability: Hadron Engine|[of] p2a: Miraidon\n|-activate|p2b: Iron Treads|ability: Quark Drive\n|-start|p2b: Iron Treads|quarkdrivespe\n|turn|1\n|inactive|Dozo XX has 30 seconds left.\n|inactive|Dozo XX has 20 seconds left.\n|\n|t:|1746039027\n|move|p2b: Iron Treads|Knock Off|p1a: Indeedee\n|-supereffective|p1a: Indeedee\n|-damage|p1a: Indeedee|0 fnt\n|-damage|p2b: Iron Treads|84/100|[from] item: Rocky Helmet|[of] p1a: Indeedee\n|-enditem|p1a: Indeedee|Rocky Helmet|[from] move: Knock Off|[of] p2b: Iron Treads\n|faint|p1a: Indeedee\n|-damage|p2b: Iron Treads|74/100|[from] item: Life Orb\n|move|p2a: Miraidon|Volt Switch|p1b: Great Tusk\n|-immune|p1b: Great Tusk\n|move|p1b: Great Tusk|Ice Spinner|p2a: Miraidon\n|-supereffective|p2a: Miraidon\n|-damage|p2a: Miraidon|43/100\n|-fieldend|move: Electric Terrain\n|-end|p2b: Iron Treads|Quark Drive\n|\n|upkeep\n|\n|t:|1746039042\n|switch|p1a: Thundurus|Thundurus, L50, M|100/100\n|turn|2\n|\n|t:|1746039060\n|-end|p2b: Iron Treads|Quark Drive|[silent]\n|switch|p2b: Farigiraf|Farigiraf, L50, F|100/100\n|move|p1a: Thundurus|Swagger||[still]\n|cant|p2b: Farigiraf|ability: Armor Tail|Swagger|[of] p1a: Thundurus\n|move|p2a: Miraidon|Volt Switch|p1a: Thundurus\n|-damage|p1a: Thundurus|56/100\n|\n|t:|1746039081\n|switch|p2a: Iron Treads|Iron Treads, L50|74/100|[from] Volt Switch\n|move|p1b: Great Tusk|Headlong Rush|p2b: Farigiraf\n|-damage|p2b: Farigiraf|39/100\n|-unboost|p1b: Great Tusk|def|1\n|-unboost|p1b: Great Tusk|spd|1\n|\n|upkeep\n|turn|3\n|\n|t:|1746039104\n|-end|p1b: Great Tusk|Protosynthesis|[silent]\n|switch|p1b: Lunala|Lunala, L50|100/100\n|move|p2b: Farigiraf|Helping Hand|p2a: Iron Treads\n|-singleturn|p2a: Iron Treads|Helping Hand|[of] p2b: Farigiraf\n|move|p2a: Iron Treads|High Horsepower|p1b: Lunala\n|-damage|p1b: Lunala|57/100\n|-damage|p2a: Iron Treads|65/100|[from] item: Life Orb\n|move|p1a: Thundurus|Wildbolt Storm|p2b: Farigiraf|[spread] p2b\n|-immune|p2a: Iron Treads\n|-damage|p2b: Farigiraf|12/100\n|\n|upkeep\n|turn|4\n|inactive|Dozo XX has 30 seconds left.\n|inactive|Dozo XX has 20 seconds left.\n|inactive|Dozo XX has 15 seconds left.\n|\n|t:|1746039146\n|move|p2b: Farigiraf|Helping Hand|p2a: Iron Treads\n|-singleturn|p2a: Iron Treads|Helping Hand|[of] p2b: Farigiraf\n|move|p2a: Iron Treads|Knock Off|p1a: Thundurus\n|-damage|p1a: Thundurus|0 fnt\n|-enditem|p1a: Thundurus|Covert Cloak|[from] move: Knock Off|[of] p2a: Iron Treads\n|faint|p1a: Thundurus\n|-damage|p2a: Iron Treads|56/100|[from] item: Life Orb\n|move|p1b: Lunala|Meteor Beam||[still]\n|-prepare|p1b: Lunala|Meteor Beam\n|-boost|p1b: Lunala|spa|1\n|-enditem|p1b: Lunala|Power Herb\n|-anim|p1b: Lunala|Meteor Beam|p2b: Farigiraf\n|-damage|p2b: Farigiraf|0 fnt\n|faint|p2b: Farigiraf\n|\n|upkeep\n|\n|t:|1746039160\n|switch|p1a: Great Tusk|Great Tusk, L50|100/100\n|switch|p2b: Miraidon|Miraidon, L50|43/100\n|-fieldstart|move: Electric Terrain|[from] ability: Hadron Engine|[of] p2b: Miraidon\n|-activate|p2a: Iron Treads|ability: Quark Drive\n|-start|p2a: Iron Treads|quarkdrivespe\n|turn|5\n|\n|t:|1746039176\n|-terastallize|p2b: Miraidon|Fairy\n|move|p2a: Iron Treads|Knock Off|p1a: Great Tusk\n|-resisted|p1a: Great Tusk\n|-damage|p1a: Great Tusk|87/100\n|-enditem|p1a: Great Tusk|Assault Vest|[from] move: Knock Off|[of] p2a: Iron Treads\n|-damage|p2a: Iron Treads|46/100|[from] item: Life Orb\n|move|p2b: Miraidon|Dazzling Gleam|p1b: Lunala|[spread] p1a,p1b\n|-supereffective|p1a: Great Tusk\n|-damage|p1a: Great Tusk|0 fnt\n|-damage|p1b: Lunala|4/100\n|faint|p1a: Great Tusk\n|-end|p1a: Great Tusk|Protosynthesis|[silent]\n|move|p1b: Lunala|Moongeist Beam|p2a: Iron Treads\n|-damage|p2a: Iron Treads|0 fnt\n|faint|p2a: Iron Treads\n|-end|p2a: Iron Treads|Quark Drive|[silent]\n|\n|upkeep\n|\n|t:|1746039185\n|switch|p2a: Kyogre|Kyogre, L50|100/100\n|-weather|RainDance|[from] ability: Drizzle|[of] p2a: Kyogre\n|turn|6\n|-message|thecascader34 forfeited.\n|\n|win|Dozo XX\n|l|\u2606thecascader34\n|player|p1|\n||thecascader34 is ready for game 2.\n||Dozo XX is ready for game 2.\n|uhtml|next|Next: <a href=\"/battle-gen9vgc2025regibo3-2354150258\"><strong>Game 2 of 3</strong></a>\n", "uploadtime": 1746039193, "views": 10, "formatid": "gen9vgc2025regibo3", "rating": null, "private": 0, "password": null}