{"id": "gen9vgc2025regibo3-2354103232", "format": "[Gen 9] VGC 2025 Reg I (Bo3)", "players": ["cubox11n", "Mongoos19"], "log": "|j|\u2606cubox11n\n|j|\u2606Mongoos19\n|html|<table width=\"100%\"><tr><td align=\"left\">cubox11n</td><td align=\"right\">Mongoos19</tr><tr><td align=\"left\"><i class=\"fa fa-circle\"></i> <i class=\"fa fa-circle-o\"></i> </td><td align=\"right\"><i class=\"fa fa-circle-o\"></i> <i class=\"fa fa-circle-o\"></i> </tr></table>\n|uhtml|bestof|<h2><strong>Game 2</strong> of <a href=\"/game-bestof3-gen9vgc2025regibo3-2354101194\">a best-of-3</a></h2>\n|t:|1746035103\n|gametype|doubles\n|player|p1|cubox11n|crasherwake|1295\n|player|p2|Mongoos19|265|1321\n|teamsize|p1|6\n|teamsize|p2|6\n|gen|9\n|tier|[Gen 9] VGC 2025 Reg I (Bo3)\n|rated|\n|rule|Species Clause: Limit one of each Pok\u00e9mon\n|rule|Item Clause: Limit 1 of each item\n|clearpoke\n|poke|p1|Miraidon, L50|\n|poke|p1|Calyrex-Ice, L50|\n|poke|p1|Urshifu-*, L50, M|\n|poke|p1|Volcarona, L50, M|\n|poke|p1|Grimmsnarl, L50, M|\n|poke|p1|Ditto, L50|\n|poke|p2|Tornadus, L50, M|\n|poke|p2|Calyrex-Shadow, L50|\n|poke|p2|Rillaboom, L50, M|\n|poke|p2|Incineroar, L50, M|\n|poke|p2|Kyogre, L50|\n|poke|p2|Frosmoth, L50, F|\n|teampreview|4\n|showteam|p1|Miraidon||ChoiceSpecs|HadronEngine|ElectroDrift,DracoMeteor,DazzlingGleam,VoltSwitch||||||50|,,,,,Fairy]Calyrex-Ice||ClearAmulet|AsOneGlastrier|GlacialLance,HighHorsepower,TrickRoom,Protect||||||50|,,,,,Water]Urshifu-Rapid-Strike||MysticWater|UnseenFist|SurgingStrikes,CloseCombat,Taunt,Protect|||M|||50|,,,,,Poison]Volcarona||SitrusBerry|FlameBody|FieryDance,QuiverDance,GigaDrain,Protect|||M|||50|,,,,,Grass]Grimmsnarl||LightClay|Prankster|FoulPlay,ThunderWave,LightScreen,Reflect|||M|||50|,,,,,Ghost]Ditto||FocusSash|Imposter|Transform||||||50|,,,,,Normal\n|showteam|p2|Tornadus||CovertCloak|Prankster|BleakwindStorm,RainDance,Taunt,Tailwind|||M|||50|,,,,,Dark]Calyrex-Shadow||LifeOrb|AsOneSpectrier|AstralBarrage,Psychic,Encore,Protect||||||50|,,,,,Fairy]Rillaboom||AssaultVest|GrassySurge|FakeOut,WoodHammer,GrassyGlide,Uturn|||M|||50|,,,,,Fire]Incineroar||RockyHelmet|Intimidate|FakeOut,WillOWisp,KnockOff,PartingShot|||M|||50|,,,,,Ghost]Kyogre||MysticWater|Drizzle|WaterSpout,OriginPulse,IceBeam,Protect||||||50|,,,,,Grass]Frosmoth||SafetyGoggles|IceScales|BugBuzz,IcyWind,WideGuard,Protect|||F|||50|,,,,,Dragon\n|inactive|Battle timer is ON: inactive players will automatically lose when time's up. (requested by Mongoos19)\n|\n|t:|1746035118\n|start\n|switch|p1a: Grimmsnarl|Grimmsnarl, L50, M|100/100\n|switch|p1b: Miraidon|Miraidon, L50|100/100\n|switch|p2a: Calyrex|Calyrex-Shadow, L50|100/100\n|switch|p2b: Kyogre|Kyogre, L50, shiny|100/100\n|-ability|p2a: Calyrex|As One\n|-ability|p2a: Calyrex|Unnerve\n|-fieldstart|move: Electric Terrain|[from] ability: Hadron Engine|[of] p1b: Miraidon\n|-weather|RainDance|[from] ability: Drizzle|[of] p2b: Kyogre\n|turn|1\n|\n|t:|1746035136\n|switch|p2a: Rillaboom|Rillaboom, L50, M|100/100\n|-fieldstart|move: Grassy Terrain|[from] ability: Grassy Surge|[of] p2a: Rillaboom\n|-terastallize|p2b: Kyogre|Grass\n|move|p1a: Grimmsnarl|Thunder Wave|p2a: Rillaboom|[miss]\n|-miss|p1a: Grimmsnarl|p2a: Rillaboom\n|move|p1b: Miraidon|Volt Switch|p2b: Kyogre\n|-resisted|p2b: Kyogre\n|-damage|p2b: Kyogre|78/100\n|\n|t:|1746035145\n|switch|p1b: Calyrex|Calyrex-Ice, L50|100/100|[from] Volt Switch\n|-ability|p1b: Calyrex|As One\n|-ability|p1b: Calyrex|Unnerve\n|move|p2b: Kyogre|Origin Pulse|p1a: Grimmsnarl|[spread] p1a,p1b\n|-damage|p1a: Grimmsnarl|27/100\n|-damage|p1b: Calyrex|39/100\n|\n|-weather|RainDance|[upkeep]\n|-heal|p2b: Kyogre|83/100|[from] Grassy Terrain\n|-heal|p1a: Grimmsnarl|33/100|[from] Grassy Terrain\n|-heal|p1b: Calyrex|45/100|[from] Grassy Terrain\n|upkeep\n|turn|2\n|\n|t:|1746035162\n|move|p2b: Kyogre|Protect|p2b: Kyogre\n|-singleturn|p2b: Kyogre|Protect\n|move|p1b: Calyrex|Protect|p1b: Calyrex\n|-singleturn|p1b: Calyrex|Protect\n|move|p1a: Grimmsnarl|Light Screen|p1a: Grimmsnarl\n|-sidestart|p1: cubox11n|move: Light Screen\n|move|p2a: Rillaboom|U-turn|p1a: Grimmsnarl\n|-damage|p1a: Grimmsnarl|9/100\n|\n|t:|1746035172\n|switch|p2a: Calyrex|Calyrex-Shadow, L50|100/100|[from] U-turn\n|-ability|p2a: Calyrex|As One\n|-ability|p2a: Calyrex|Unnerve\n|\n|-weather|RainDance|[upkeep]\n|-heal|p2b: Kyogre|89/100|[from] Grassy Terrain\n|-heal|p1a: Grimmsnarl|15/100|[from] Grassy Terrain\n|-heal|p1b: Calyrex|51/100|[from] Grassy Terrain\n|upkeep\n|turn|3\n|\n|t:|1746035187\n|switch|p2b: Frosmoth|Frosmoth, L50, F, shiny|100/100\n|move|p1a: Grimmsnarl|Thunder Wave|p2a: Calyrex\n|-status|p2a: Calyrex|par\n|move|p2a: Calyrex|Astral Barrage|p1b: Calyrex|[spread] p1a,p1b\n|-resisted|p1a: Grimmsnarl\n|-supereffective|p1b: Calyrex\n|-damage|p1a: Grimmsnarl|0 fnt\n|-damage|p1b: Calyrex|0 fnt\n|faint|p1a: Grimmsnarl\n|faint|p1b: Calyrex\n|-ability|p2a: Calyrex|Grim Neigh|boost\n|-boost|p2a: Calyrex|spa|2\n|-damage|p2a: Calyrex|91/100 par|[from] item: Life Orb\n|\n|-weather|RainDance|[upkeep]\n|-heal|p2a: Calyrex|96/100 par|[from] Grassy Terrain\n|upkeep\n|\n|t:|1746035193\n|switch|p1a: Urshifu|Urshifu-Rapid-Strike, L50, M|100/100\n|switch|p1b: Miraidon|Miraidon, L50|100/100\n|-fieldstart|move: Electric Terrain|[from] ability: Hadron Engine|[of] p1b: Miraidon\n|turn|4\n|\n|t:|1746035214\n|move|p1b: Miraidon|Dazzling Gleam|p2b: Frosmoth|[spread] p2a,p2b\n|-damage|p2a: Calyrex|54/100 par\n|-damage|p2b: Frosmoth|78/100\n|move|p1a: Urshifu|Surging Strikes|p2a: Calyrex\n|-crit|p2a: Calyrex\n|-damage|p2a: Calyrex|10/100 par\n|-crit|p2a: Calyrex\n|-damage|p2a: Calyrex|0 fnt\n|faint|p2a: Calyrex\n|-hitcount|p2: Calyrex|2\n|move|p2b: Frosmoth|Icy Wind|p1a: Urshifu|[spread] p1a,p1b\n|-resisted|p1a: Urshifu\n|-supereffective|p1b: Miraidon\n|-damage|p1a: Urshifu|94/100\n|-damage|p1b: Miraidon|84/100\n|-unboost|p1a: Urshifu|spe|1\n|-unboost|p1b: Miraidon|spe|1\n|\n|-weather|RainDance|[upkeep]\n|upkeep\n|\n|t:|1746035220\n|switch|p2a: Rillaboom|Rillaboom, L50, M|100/100\n|-fieldstart|move: Grassy Terrain|[from] ability: Grassy Surge|[of] p2a: Rillaboom\n|turn|5\n|\n|t:|1746035231\n|-terastallize|p1a: Urshifu|Poison\n|move|p2a: Rillaboom|Fake Out|p1b: Miraidon\n|-damage|p1b: Miraidon|73/100\n|cant|p1b: Miraidon|flinch\n|move|p1a: Urshifu|Surging Strikes|p2b: Frosmoth\n|-crit|p2b: Frosmoth\n|-damage|p2b: Frosmoth|43/100\n|-crit|p2b: Frosmoth\n|-damage|p2b: Frosmoth|7/100\n|-crit|p2b: Frosmoth\n|-damage|p2b: Frosmoth|0 fnt\n|faint|p2b: Frosmoth\n|-hitcount|p2: Frosmoth|3\n|\n|-weather|none\n|-heal|p1b: Miraidon|79/100|[from] Grassy Terrain\n|-heal|p1a: Urshifu|99/100|[from] Grassy Terrain\n|upkeep\n|\n|t:|1746035247\n|switch|p2b: Kyogre|Kyogre, L50, shiny, tera:Grass|89/100\n|-weather|RainDance|[from] ability: Drizzle|[of] p2b: Kyogre\n|turn|6\n|\n|t:|1746035264\n|move|p2a: Rillaboom|Grassy Glide|p1b: Miraidon\n|-resisted|p1b: Miraidon\n|-damage|p1b: Miraidon|62/100\n|move|p2b: Kyogre|Water Spout|p1b: Miraidon|[spread] p1a,p1b\n|-resisted|p1b: Miraidon\n|-damage|p1a: Urshifu|30/100\n|-damage|p1b: Miraidon|35/100\n|move|p1b: Miraidon|Dazzling Gleam|p2b: Kyogre|[spread] p2a,p2b\n|-damage|p2a: Rillaboom|79/100\n|-damage|p2b: Kyogre|64/100\n|move|p1a: Urshifu|Surging Strikes|p2b: Kyogre\n|-resisted|p2b: Kyogre\n|-crit|p2b: Kyogre\n|-damage|p2b: Kyogre|43/100\n|-resisted|p2b: Kyogre\n|-crit|p2b: Kyogre\n|-damage|p2b: Kyogre|22/100\n|-resisted|p2b: Kyogre\n|-crit|p2b: Kyogre\n|-damage|p2b: Kyogre|2/100\n|-hitcount|p2b: Kyogre|3\n|\n|-weather|RainDance|[upkeep]\n|-heal|p2b: Kyogre|8/100|[from] Grassy Terrain\n|-heal|p1b: Miraidon|41/100|[from] Grassy Terrain\n|-heal|p2a: Rillaboom|85/100|[from] Grassy Terrain\n|-heal|p1a: Urshifu|36/100|[from] Grassy Terrain\n|upkeep\n|turn|7\n|\n|t:|1746035278\n|move|p2b: Kyogre|Ice Beam|p1b: Miraidon\n|-supereffective|p1b: Miraidon\n|-damage|p1b: Miraidon|7/100\n|-status|p1b: Miraidon|frz\n|cant|p1b: Miraidon|frz\n|move|p2a: Rillaboom|Wood Hammer|p1a: Urshifu\n|-resisted|p1a: Urshifu\n|-damage|p1a: Urshifu|2/100\n|-damage|p2a: Rillaboom|74/100|[from] Recoil\n|move|p1a: Urshifu|Surging Strikes|p2b: Kyogre\n|-resisted|p2b: Kyogre\n|-crit|p2b: Kyogre\n|-damage|p2b: Kyogre|0 fnt\n|faint|p2b: Kyogre\n|-hitcount|p2: Kyogre|1\n|\n|-weather|RainDance|[upkeep]\n|-heal|p1b: Miraidon|13/100 frz|[from] Grassy Terrain\n|-heal|p2a: Rillaboom|80/100|[from] Grassy Terrain\n|-heal|p1a: Urshifu|8/100|[from] Grassy Terrain\n|upkeep\n|turn|8\n|\n|t:|1746035288\n|cant|p1b: Miraidon|frz\n|move|p2a: Rillaboom|Wood Hammer|p1b: Miraidon\n|-resisted|p1b: Miraidon\n|-damage|p1b: Miraidon|0 fnt\n|faint|p1b: Miraidon\n|-damage|p2a: Rillaboom|76/100|[from] Recoil\n|move|p1a: Urshifu|Close Combat|p2a: Rillaboom\n|-damage|p2a: Rillaboom|16/100\n|-unboost|p1a: Urshifu|def|1\n|-unboost|p1a: Urshifu|spd|1\n|\n|-weather|RainDance|[upkeep]\n|-heal|p2a: Rillaboom|22/100|[from] Grassy Terrain\n|-heal|p1a: Urshifu|14/100|[from] Grassy Terrain\n|upkeep\n|turn|9\n|\n|t:|1746035297\n|move|p2a: Rillaboom|Grassy Glide|p1a: Urshifu\n|-resisted|p1a: Urshifu\n|-damage|p1a: Urshifu|0 fnt\n|faint|p1a: Urshifu\n|\n|win|Mongoos19\n||Mongoos19 is ready for game 3.\n||cubox11n is ready for game 3.\n|uhtml|next|Next: <a href=\"/battle-gen9vgc2025regibo3-2354105509\"><strong>Game 3 of 3</strong></a>\n", "uploadtime": 1746035628, "views": 9, "formatid": "gen9vgc2025regibo3", "rating": null, "private": 0, "password": null}