{"id": "gen9vgc2025regibo3-2354362209", "format": "[Gen 9] VGC 2025 Reg I (Bo3)", "players": ["nintendoswitch200", "Losandy"], "log": "|j|\u2606nintendoswitch200\n|j|\u2606Losandy\n|html|<table width=\"100%\"><tr><td align=\"left\">nintendoswitch200</td><td align=\"right\">Losandy</tr><tr><td align=\"left\"><i class=\"fa fa-circle-o\"></i> <i class=\"fa fa-circle-o\"></i> </td><td align=\"right\"><i class=\"fa fa-circle-o\"></i> <i class=\"fa fa-circle-o\"></i> </tr></table>\n|uhtml|bestof|<h2><strong>Game 1</strong> of <a href=\"/game-bestof3-gen9vgc2025regibo3-2354362208\">a best-of-3</a></h2>\n|t:|1746062036\n|gametype|doubles\n|player|p1|nintendoswitch200|turo|1175\n|player|p2|Losandy|102|1072\n|teamsize|p1|6\n|teamsize|p2|6\n|gen|9\n|tier|[Gen 9] VGC 2025 Reg I (Bo3)\n|rated|\n|rule|Species Clause: Limit one of each Pok\u00e9mon\n|rule|Item Clause: Limit 1 of each item\n|clearpoke\n|poke|p1|Urshifu-*, L50, M|\n|poke|p1|Incineroar, L50, F|\n|poke|p1|Calyrex-Shadow, L50|\n|poke|p1|Raging Bolt, L50|\n|poke|p1|Rillaboom, L50, F|\n|poke|p1|Zamazenta-*, L50|\n|poke|p2|Kyogre, L50|\n|poke|p2|Lugia, L50|\n|poke|p2|Chien-Pao, L50|\n|poke|p2|Tornadus, L50, M|\n|poke|p2|Iron Hands, L50|\n|poke|p2|Amoonguss, L50, F|\n|teampreview|4\n|showteam|p1|Urshifu-Rapid-Strike||FocusSash|UnseenFist|Detect,SurgingStrikes,CloseCombat,AquaJet|||M|||50|,,,,,Stellar]Incineroar||SafetyGoggles|Intimidate|FakeOut,PartingShot,HelpingHand,KnockOff|||F|||50|,,,,,Ghost]Calyrex-Shadow||CovertCloak|AsOneSpectrier|Protect,NastyPlot,AstralBarrage,Psyshock||||||50|,,,,,Water]Raging Bolt||BoosterEnergy|Protosynthesis|Protect,Thunderclap,DragonPulse,Thunderbolt||||||50|,,,,,Fairy]Rillaboom||AssaultVest|GrassySurge|FakeOut,GrassyGlide,WoodHammer,Uturn|||F|||50|,,,,,Fire]Zamazenta-Crowned||RustedShield|DauntlessShield|Protect,BodyPress,WideGuard,HeavySlam||||||50|,,,,,Dragon\n|showteam|p2|Kyogre||LifeOrb|Drizzle|WaterSpout,IceBeam,HydroPump,Protect||||||50|,,,,,Ghost]Lugia||Leftovers|Multiscale|Aeroblast,EarthPower,CalmMind,Protect||||||50|,,,,,Grass]Chien-Pao||FocusSash|SwordofRuin|IceSpinner,SuckerPunch,ThroatChop,Protect||||||50|,,,,,Ghost]Tornadus||CovertCloak|Prankster|BleakwindStorm,ScaryFace,Tailwind,Protect|||M|||50|,,,,,Water]Iron Hands||AssaultVest|QuarkDrive|DrainPunch,FakeOut,HeavySlam,WildCharge||||||50|,,,,,Fairy]Amoonguss||RockyHelmet|Regenerator|Spore,SludgeBomb,RagePowder,Protect|||F|||50|,,,,,Fairy\n|inactive|Battle timer is ON: inactive players will automatically lose when time's up. (requested by nintendoswitch200)\n|inactive|nintendoswitch200 has 60 seconds left.\n|inactive|Losandy has 60 seconds left.\n|\n|t:|1746062086\n|start\n|switch|p1a: Raging Bolt|Raging Bolt, L50|100/100\n|switch|p1b: Rillaboom|Rillaboom, L50, F|100/100\n|switch|p2a: Tornadus|Tornadus, L50, M|100/100\n|switch|p2b: Lugia|Lugia, L50|100/100\n|-fieldstart|move: Grassy Terrain|[from] ability: Grassy Surge|[of] p1b: Rillaboom\n|-enditem|p1a: Raging Bolt|Booster Energy\n|-activate|p1a: Raging Bolt|ability: Protosynthesis|[fromitem]\n|-start|p1a: Raging Bolt|protosynthesisspa\n|turn|1\n|inactive|Losandy has 30 seconds left.\n|inactive|Losandy has 20 seconds left.\n|inactive|Losandy has 15 seconds left.\n|inactive|Losandy has 10 seconds left.\n|\n|t:|1746062133\n|switch|p2a: Amoonguss|Amoonguss, L50, F|100/100\n|-terastallize|p2b: Lugia|Grass\n|move|p1b: Rillaboom|Fake Out|p2b: Lugia\n|-damage|p2b: Lugia|97/100\n|cant|p2b: Lugia|flinch\n|move|p1a: Raging Bolt|Dragon Pulse|p2b: Lugia\n|-damage|p2b: Lugia|58/100\n|\n|-heal|p2b: Lugia|64/100|[from] Grassy Terrain\n|-heal|p2b: Lugia|70/100|[from] item: Leftovers\n|upkeep\n|turn|2\n|\n|t:|1746062154\n|move|p2b: Lugia|Calm Mind|p2b: Lugia\n|-boost|p2b: Lugia|spa|1\n|-boost|p2b: Lugia|spd|1\n|move|p1b: Rillaboom|U-turn|p2b: Lugia\n|-supereffective|p2b: Lugia\n|-damage|p2b: Lugia|41/100\n|\n|t:|1746062159\n|switch|p1b: Incineroar|Incineroar, L50, F|100/100|[from] U-turn\n|-ability|p1b: Incineroar|Intimidate|boost\n|-unboost|p2a: Amoonguss|atk|1\n|-unboost|p2b: Lugia|atk|1\n|move|p1a: Raging Bolt|Dragon Pulse|p2b: Lugia\n|-damage|p2b: Lugia|17/100\n|move|p2a: Amoonguss|Spore|p1a: Raging Bolt\n|-status|p1a: Raging Bolt|slp|[from] move: Spore\n|\n|-heal|p2b: Lugia|23/100|[from] Grassy Terrain\n|-heal|p2b: Lugia|29/100|[from] item: Leftovers\n|upkeep\n|turn|3\n|inactive|Losandy has 30 seconds left.\n|\n|t:|1746062187\n|switch|p2a: Tornadus|Tornadus, L50, M|100/100\n|move|p2b: Lugia|Protect|p2b: Lugia\n|-singleturn|p2b: Lugia|Protect\n|cant|p1a: Raging Bolt|slp\n|move|p1b: Incineroar|Knock Off|p2b: Lugia\n|-activate|p2b: Lugia|move: Protect\n|\n|-heal|p2b: Lugia|35/100|[from] Grassy Terrain\n|-heal|p2b: Lugia|41/100|[from] item: Leftovers\n|upkeep\n|turn|4\n|inactive|Losandy has 30 seconds left.\n|\n|t:|1746062216\n|move|p2a: Tornadus|Tailwind|p2a: Tornadus\n|-sidestart|p2: Losandy|move: Tailwind\n|move|p2b: Lugia|Earth Power|p1b: Incineroar\n|-supereffective|p1b: Incineroar\n|-damage|p1b: Incineroar|42/100\n|-curestatus|p1a: Raging Bolt|slp|[msg]\n|move|p1a: Raging Bolt|Dragon Pulse|p2b: Lugia\n|-damage|p2b: Lugia|17/100\n|move|p1b: Incineroar|Knock Off|p2b: Lugia\n|-damage|p2b: Lugia|0 fnt\n|-enditem|p2b: Lugia|Leftovers|[from] move: Knock Off|[of] p1b: Incineroar\n|faint|p2b: Lugia\n|\n|-heal|p1b: Incineroar|48/100|[from] Grassy Terrain\n|upkeep\n|\n|t:|1746062230\n|switch|p2b: Kyogre|Kyogre, L50|100/100\n|-weather|RainDance|[from] ability: Drizzle|[of] p2b: Kyogre\n|turn|5\n|inactive|nintendoswitch200 has 30 seconds left.\n|inactive|Losandy has 30 seconds left.\n|inactive|Losandy has 20 seconds left.\n|inactive|Losandy has 15 seconds left.\n|inactive|Losandy has 10 seconds left.\n|inactive|Losandy has 5 seconds left.\n|\n|t:|1746062285\n|move|p1a: Raging Bolt|Protect|p1a: Raging Bolt\n|-singleturn|p1a: Raging Bolt|Protect\n|move|p2a: Tornadus|Bleakwind Storm|p1b: Incineroar|[spread] p1b\n|-activate|p1a: Raging Bolt|move: Protect\n|-damage|p1b: Incineroar|14/100\n|move|p2b: Kyogre|Water Spout|p1a: Raging Bolt|[spread] p1b\n|-activate|p1a: Raging Bolt|move: Protect\n|-supereffective|p1b: Incineroar\n|-damage|p1b: Incineroar|0 fnt\n|faint|p1b: Incineroar\n|-damage|p2b: Kyogre|91/100|[from] item: Life Orb\n|\n|-weather|RainDance|[upkeep]\n|-heal|p2b: Kyogre|97/100|[from] Grassy Terrain\n|-fieldend|move: Grassy Terrain\n|upkeep\n|\n|t:|1746062298\n|switch|p1b: Rillaboom|Rillaboom, L50, F|100/100\n|-fieldstart|move: Grassy Terrain|[from] ability: Grassy Surge|[of] p1b: Rillaboom\n|turn|6\n|inactive|Losandy has 30 seconds left.\n|inactive|Losandy has 20 seconds left.\n|inactive|Losandy has 15 seconds left.\n|inactive|Losandy has 10 seconds left.\n|inactive|Losandy has 5 seconds left.\n|\n|t:|1746062353\n|move|p2a: Tornadus|Bleakwind Storm|p1b: Rillaboom|[spread] p1a,p1b\n|-resisted|p1a: Raging Bolt\n|-supereffective|p1b: Rillaboom\n|-damage|p1a: Raging Bolt|82/100\n|-damage|p1b: Rillaboom|50/100\n|-unboost|p1a: Raging Bolt|spe|1\n|move|p2b: Kyogre|Water Spout|p1b: Rillaboom|[spread] p1a,p1b\n|-resisted|p1a: Raging Bolt\n|-resisted|p1b: Rillaboom\n|-damage|p1a: Raging Bolt|32/100\n|-damage|p1b: Rillaboom|18/100\n|-damage|p2b: Kyogre|87/100|[from] item: Life Orb\n|move|p1b: Rillaboom|U-turn|p2a: Tornadus\n|-resisted|p2a: Tornadus\n|-damage|p2a: Tornadus|87/100\n|\n|t:|1746062375\n|switch|p1b: Urshifu|Urshifu-Rapid-Strike, L50, M|100/100|[from] U-turn\n|move|p1a: Raging Bolt|Dragon Pulse|p2a: Tornadus\n|-damage|p2a: Tornadus|13/100\n|\n|-weather|RainDance|[upkeep]\n|-heal|p2b: Kyogre|93/100|[from] Grassy Terrain\n|-heal|p1a: Raging Bolt|38/100|[from] Grassy Terrain\n|upkeep\n|turn|7\n|inactive|nintendoswitch200 has 30 seconds left.\n|inactive|Losandy has 30 seconds left.\n|inactive|Losandy has 20 seconds left.\n|inactive|Losandy has 15 seconds left.\n|inactive|Losandy has 10 seconds left.\n|inactive|Losandy has 5 seconds left.\n|\n|t:|1746062430\n|-terastallize|p1b: Urshifu|Stellar\n|move|p2a: Tornadus|Bleakwind Storm|p1a: Raging Bolt|[spread] p1a,p1b\n|-resisted|p1a: Raging Bolt\n|-supereffective|p1b: Urshifu\n|-damage|p1a: Raging Bolt|20/100\n|-enditem|p1b: Urshifu|Focus Sash\n|-damage|p1b: Urshifu|1/100\n|move|p2b: Kyogre|Water Spout|p1a: Raging Bolt|[spread] p1a,p1b\n|-resisted|p1a: Raging Bolt\n|-resisted|p1b: Urshifu\n|-damage|p1a: Raging Bolt|0 fnt\n|-damage|p1b: Urshifu|0 fnt\n|faint|p1a: Raging Bolt\n|-end|p1a: Raging Bolt|Protosynthesis|[silent]\n|faint|p1b: Urshifu\n|-damage|p2b: Kyogre|83/100|[from] item: Life Orb\n|\n|-weather|RainDance|[upkeep]\n|-heal|p2b: Kyogre|89/100|[from] Grassy Terrain\n|-sideend|p2: Losandy|move: Tailwind\n|upkeep\n|-message|nintendoswitch200 forfeited.\n|\n|win|Losandy\n||nintendoswitch200 is ready for game 2.\n|inactive|Losandy has 30 seconds to confirm battle start!\n|inactive|Losandy has 20 seconds to confirm battle start!\n|inactive|Losandy has 10 seconds to confirm battle start!\n|uhtml|next|Next: <a href=\"/battle-gen9vgc2025regibo3-2354365784\"><strong>Game 2 of 3</strong></a>\n", "uploadtime": 1746062437, "views": 8, "formatid": "gen9vgc2025regibo3", "rating": null, "private": 0, "password": null}