{"id": "gen9vgc2025regibo3-2354148853", "format": "[Gen 9] VGC 2025 Reg I (Bo3)", "players": ["jooblack551", "lexical2029"], "log": "|j|\u2606jooblack551\n|j|\u2606lexical2029\n|html|<table width=\"100%\"><tr><td align=\"left\">jooblack551</td><td align=\"right\">lexical2029</tr><tr><td align=\"left\"><i class=\"fa fa-circle-o\"></i> <i class=\"fa fa-circle-o\"></i> </td><td align=\"right\"><i class=\"fa fa-circle-o\"></i> <i class=\"fa fa-circle-o\"></i> </tr></table>\n|uhtml|bestof|<h2><strong>Game 1</strong> of <a href=\"/game-bestof3-gen9vgc2025regibo3-2354148852\">a best-of-3</a></h2>\n|t:|1746039072\n|gametype|doubles\n|player|p1|jooblack551|alder|1082\n|player|p2|lexical2029|skierf-gen4dp|1101\n|teamsize|p1|6\n|teamsize|p2|6\n|gen|9\n|tier|[Gen 9] VGC 2025 Reg I (Bo3)\n|rated|\n|rule|Species Clause: Limit one of each Pok\u00e9mon\n|rule|Item Clause: Limit 1 of each item\n|clearpoke\n|poke|p1|Calyrex-Ice, L50|\n|poke|p1|Arboliva, L50, F|\n|poke|p1|Incineroar, L50, M|\n|poke|p1|Primarina, L50, F|\n|poke|p1|Grimmsnarl, L50, M|\n|poke|p1|Lunala, L50|\n|poke|p2|Kyogre, L50|\n|poke|p2|Archaludon, L50, M|\n|poke|p2|Ogerpon-Cornerstone, L50, F|\n|poke|p2|Rillaboom, L50, F|\n|poke|p2|Lunala, L50|\n|poke|p2|Incineroar, L50, F|\n|teampreview|4\n|showteam|p1|Calyrex-Ice||WeaknessPolicy|AsOneGlastrier|GlacialLance,TrickRoom,HighHorsepower,Protect||||||50|,,,,,Ground]Arboliva||LifeOrb|SeedSower|HyperVoice,EnergyBall,PollenPuff,Protect|||F|||50|,,,,,Normal]Incineroar||SafetyGoggles|Intimidate|FakeOut,PartingShot,FlareBlitz,HelpingHand|||M|||50|,,,,,Ghost]Primarina||CovertCloak|LiquidVoice|HyperVoice,CalmMind,DazzlingGleam,IceBeam|||F|||50|,,,,,Water]Grimmsnarl||LightClay|Prankster|Taunt,Reflect,LightScreen,SpiritBreak|||M|||50|,,,,,Fairy]Lunala||Leftovers|ShadowShield|TrickRoom,Moonblast,WideGuard,MoongeistBeam||||||50|,,,,,Fairy\n|showteam|p2|Kyogre||Leftovers|Drizzle|WaterSpout,OriginPulse,Protect,Thunder||||||50|,,,,,Grass]Archaludon||LifeOrb|Stamina|ElectroShot,DracoMeteor,FlashCannon,Protect|||M|||50|,,,,,Electric]Ogerpon-Cornerstone||CornerstoneMask|Sturdy|FollowMe,SpikyShield,IvyCudgel,HornLeech|||F|||50|,,,,,Rock]Rillaboom||AssaultVest|GrassySurge|FakeOut,GrassyGlide,WoodHammer,Uturn|||F|||50|,,,,,Fire]Lunala||PowerHerb|ShadowShield|MoongeistBeam,MeteorBeam,TrickRoom,WideGuard||||||50|,,,,,Dark]Incineroar||SafetyGoggles|Intimidate|FakeOut,WillOWisp,PartingShot,FlareBlitz|||F|||50|,,,,,Ghost\n|\n|t:|1746039134\n|start\n|switch|p1a: Calyrex|Calyrex-Ice, L50|100/100\n|switch|p1b: Incineroar|Incineroar, L50, M|100/100\n|switch|p2a: Ogerpon|Ogerpon-Cornerstone, L50, F|100/100\n|switch|p2b: Kyogre|Kyogre, L50, shiny|100/100\n|-ability|p1a: Calyrex|As One\n|-ability|p1a: Calyrex|Unnerve\n|-weather|RainDance|[from] ability: Drizzle|[of] p2b: Kyogre\n|-ability|p1b: Incineroar|Intimidate|boost\n|-unboost|p2a: Ogerpon|atk|1\n|-unboost|p2b: Kyogre|atk|1\n|turn|1\n|\n|t:|1746039159\n|move|p1b: Incineroar|Fake Out|p2b: Kyogre\n|-damage|p2b: Kyogre|90/100\n|move|p2a: Ogerpon|Follow Me|p2a: Ogerpon\n|-singleturn|p2a: Ogerpon|move: Follow Me\n|cant|p2b: Kyogre|flinch\n|move|p1a: Calyrex|Trick Room|p1a: Calyrex\n|-fieldstart|move: Trick Room|[of] p1a: Calyrex\n|\n|-weather|RainDance|[upkeep]\n|-heal|p2b: Kyogre|97/100|[from] item: Leftovers\n|upkeep\n|turn|2\n|\n|t:|1746039194\n|move|p1a: Calyrex|Protect|p1a: Calyrex\n|-singleturn|p1a: Calyrex|Protect\n|move|p1b: Incineroar|Parting Shot|p2b: Kyogre\n|-unboost|p2b: Kyogre|atk|1\n|-unboost|p2b: Kyogre|spa|1\n|\n|t:|1746039204\n|switch|p1b: Lunala|Lunala, L50|100/100|[from] Parting Shot\n|move|p2b: Kyogre|Origin Pulse|p1a: Calyrex|[spread] p1b\n|-activate|p1a: Calyrex|move: Protect\n|-damage|p1b: Lunala|86/100\n|move|p2a: Ogerpon|Ivy Cudgel|p1b: Lunala|[anim] Ivy Cudgel Rock\n|-damage|p1b: Lunala|61/100\n|\n|-weather|RainDance|[upkeep]\n|-heal|p1b: Lunala|67/100|[from] item: Leftovers\n|-heal|p2b: Kyogre|100/100|[from] item: Leftovers\n|upkeep\n|turn|3\n|\n|t:|1746039217\n|switch|p2b: Archaludon|Archaludon, L50, M, shiny|100/100\n|move|p1a: Calyrex|Glacial Lance|p2b: Archaludon|[spread] p2a,p2b\n|-supereffective|p2a: Ogerpon\n|-ability|p2a: Ogerpon|Sturdy\n|-damage|p2a: Ogerpon|1/100\n|-damage|p2b: Archaludon|64/100\n|-ability|p2b: Archaludon|Stamina|boost\n|-boost|p2b: Archaludon|def|1\n|move|p2a: Ogerpon|Ivy Cudgel|p1a: Calyrex|[anim] Ivy Cudgel Rock\n|-supereffective|p1a: Calyrex\n|-damage|p1a: Calyrex|61/100\n|-enditem|p1a: Calyrex|Weakness Policy\n|-boost|p1a: Calyrex|atk|2|[from] item: Weakness Policy\n|-boost|p1a: Calyrex|spa|2|[from] item: Weakness Policy\n|move|p1b: Lunala|Trick Room|p1b: Lunala\n|-fieldend|move: Trick Room\n|\n|-weather|RainDance|[upkeep]\n|-heal|p1b: Lunala|73/100|[from] item: Leftovers\n|upkeep\n|turn|4\n|\n|t:|1746039234\n|move|p1a: Calyrex|Protect|p1a: Calyrex\n|-singleturn|p1a: Calyrex|Protect\n|move|p2a: Ogerpon|Ivy Cudgel|p1a: Calyrex|[anim] Ivy Cudgel Rock\n|-activate|p1a: Calyrex|move: Protect\n|move|p2b: Archaludon|Flash Cannon|p1a: Calyrex\n|-activate|p1a: Calyrex|move: Protect\n|move|p1b: Lunala|Trick Room|p1b: Lunala\n|-fieldstart|move: Trick Room|[of] p1b: Lunala\n|\n|-weather|RainDance|[upkeep]\n|-heal|p1b: Lunala|78/100|[from] item: Leftovers\n|upkeep\n|turn|5\n|c|\u2606jooblack551|double clicked so hard\n|\n|t:|1746039251\n|move|p2a: Ogerpon|Spiky Shield|p2a: Ogerpon\n|-singleturn|p2a: Ogerpon|move: Protect\n|move|p1a: Calyrex|Glacial Lance|p2a: Ogerpon|[spread] p2b\n|-activate|p2a: Ogerpon|move: Protect\n|-damage|p2b: Archaludon|9/100\n|-ability|p2b: Archaludon|Stamina|boost\n|-boost|p2b: Archaludon|def|1\n|move|p1b: Lunala|Moongeist Beam|p2b: Archaludon\n|-damage|p2b: Archaludon|0 fnt\n|faint|p2b: Archaludon\n|\n|-weather|none\n|-heal|p1b: Lunala|84/100|[from] item: Leftovers\n|upkeep\n|\n|t:|1746039257\n|switch|p2b: Lunala|Lunala, L50|100/100\n|turn|6\n|\n|t:|1746039276\n|-terastallize|p2b: Lunala|Dark\n|move|p2b: Lunala|Wide Guard|p2b: Lunala\n|-singleturn|p2b: Lunala|Wide Guard\n|move|p1a: Calyrex|High Horsepower|p2a: Ogerpon\n|-damage|p2a: Ogerpon|0 fnt\n|faint|p2a: Ogerpon\n|-ability|p1a: Calyrex|Chilling Neigh|boost\n|-boost|p1a: Calyrex|atk|1\n|move|p1b: Lunala|Moongeist Beam|p2b: Lunala\n|-resisted|p2b: Lunala\n|-damage|p2b: Lunala|91/100\n|\n|-heal|p1b: Lunala|90/100|[from] item: Leftovers\n|upkeep\n|\n|t:|1746039282\n|switch|p2a: Kyogre|Kyogre, L50, shiny|100/100\n|-weather|RainDance|[from] ability: Drizzle|[of] p2a: Kyogre\n|turn|7\n|\n|t:|1746039299\n|-terastallize|p1a: Calyrex|Ground\n|move|p1a: Calyrex|High Horsepower|p2b: Lunala\n|-damage|p2b: Lunala|0 fnt\n|faint|p2b: Lunala\n|-ability|p1a: Calyrex|Chilling Neigh|boost\n|-boost|p1a: Calyrex|atk|1\n|move|p1b: Lunala|Moonblast|p2a: Kyogre\n|-damage|p2a: Kyogre|79/100\n|move|p2a: Kyogre|Water Spout|p1a: Calyrex|[spread] p1a,p1b\n|-supereffective|p1a: Calyrex\n|-damage|p1a: Calyrex|0 fnt\n|-damage|p1b: Lunala|40/100\n|faint|p1a: Calyrex\n|\n|-weather|RainDance|[upkeep]\n|-heal|p1b: Lunala|46/100|[from] item: Leftovers\n|-heal|p2a: Kyogre|85/100|[from] item: Leftovers\n|upkeep\n|\n|t:|1746039313\n|switch|p1a: Arboliva|Arboliva, L50, F|100/100\n|turn|8\n|\n|t:|1746039328\n|move|p2a: Kyogre|Protect|p2a: Kyogre\n|-singleturn|p2a: Kyogre|Protect\n|move|p1b: Lunala|Wide Guard|p1b: Lunala\n|-singleturn|p1b: Lunala|Wide Guard\n|move|p1a: Arboliva|Energy Ball|p2a: Kyogre\n|-activate|p2a: Kyogre|move: Protect\n|\n|-weather|RainDance|[upkeep]\n|-heal|p1b: Lunala|52/100|[from] item: Leftovers\n|-heal|p2a: Kyogre|92/100|[from] item: Leftovers\n|-fieldend|move: Trick Room\n|upkeep\n|turn|9\n|\n|t:|1746039339\n|move|p2a: Kyogre|Origin Pulse|p1b: Lunala|[spread] p1a,p1b\n|-resisted|p1a: Arboliva\n|-damage|p1a: Arboliva|67/100\n|-damage|p1b: Lunala|7/100\n|-fieldstart|move: Grassy Terrain|[from] ability: Seed Sower|[of] p1a: Arboliva\n|move|p1a: Arboliva|Energy Ball|p2a: Kyogre\n|-supereffective|p2a: Kyogre\n|-damage|p2a: Kyogre|0 fnt\n|faint|p2a: Kyogre\n|-damage|p1a: Arboliva|57/100|[from] item: Life Orb\n|\n|win|jooblack551\n||lexical2029 is ready for game 2.\n||jooblack551 is ready for game 2.\n|uhtml|next|Next: <a href=\"/battle-gen9vgc2025regibo3-2354151955\"><strong>Game 2 of 3</strong></a>\n|l|\u2606lexical2029\n|player|p2|\n|l|\u2606jooblack551\n|player|p1|\n", "uploadtime": 1746039651, "views": 6, "formatid": "gen9vgc2025regibo3", "rating": null, "private": 0, "password": null}