{"id": "gen9vgc2025regibo3-2355131968", "format": "[Gen 9] VGC 2025 Reg I (Bo3)", "players": ["juacox300", "fab concha vgc"], "log": "|j|\u2606juacox300\n|j|\u2606fab concha vgc\n|html|<table width=\"100%\"><tr><td align=\"left\">juacox300</td><td align=\"right\">fab concha vgc</tr><tr><td align=\"left\"><i class=\"fa fa-circle\"></i> <i class=\"fa fa-circle-o\"></i> </td><td align=\"right\"><i class=\"fa fa-circle-o\"></i> <i class=\"fa fa-circle\"></i> </tr></table>\n|uhtml|bestof|<h2><strong>Game 3</strong> of <a href=\"/game-bestof3-gen9vgc2025regibo3-2355128439\">a best-of-3</a></h2>\n|t:|1746156548\n|gametype|doubles\n|player|p1|juacox300|unknown|1428\n|player|p2|fab concha vgc|170|1506\n|teamsize|p1|6\n|teamsize|p2|6\n|gen|9\n|tier|[Gen 9] VGC 2025 Reg I (Bo3)\n|rated|\n|rule|Species Clause: Limit one of each Pok\u00e9mon\n|rule|Item Clause: Limit 1 of each item\n|clearpoke\n|poke|p1|Miraidon, L50|\n|poke|p1|Iron Hands, L50|\n|poke|p1|Calyrex-Ice, L50|\n|poke|p1|Incineroar, L50, M|\n|poke|p1|Chi-Yu, L50|\n|poke|p1|Alcremie-Salted-Cream, L50, F|\n|poke|p2|Miraidon, L50|\n|poke|p2|Zamazenta-*, L50|\n|poke|p2|Entei, L50|\n|poke|p2|Iron Hands, L50|\n|poke|p2|Chien-Pao, L50|\n|poke|p2|Farigiraf, L50, F|\n|teampreview|4\n|showteam|p1|Miraidon||LifeOrb|HadronEngine|ElectroDrift,DracoMeteor,Protect,DazzlingGleam||||||50|,,,,,Fairy]Iron Hands||AssaultVest|QuarkDrive|WildCharge,LowKick,FakeOut,HeavySlam||||||50|,,,,,Fire]Calyrex-Ice||ClearAmulet|AsOneGlastrier|GlacialLance,HighHorsepower,Protect,TrickRoom||||||50|,,,,,Dragon]Incineroar||RockyHelmet|Intimidate|KnockOff,FlareBlitz,FakeOut,Taunt|||M|||50|,,,,,Poison]Chi-Yu||ChoiceScarf|BeadsofRuin|HeatWave,Snarl,Overheat,DarkPulse||||||50|,,,,,Ghost]Alcremie-Salted-Cream||CovertCloak|AromaVeil|AlluringVoice,Decorate,Protect,Encore|||F|||50|,,,,,Grass\n|showteam|p2|Miraidon||ChoiceSpecs|HadronEngine|ElectroDrift,DracoMeteor,VoltSwitch,DazzlingGleam||||||50|,,,,,Fairy]Zamazenta-Crowned||RustedShield|DauntlessShield|WideGuard,BodyPress,HeavySlam,Protect||||||50|,,,,,Water]Entei||ChoiceBand|InnerFocus|SacredFire,ExtremeSpeed,StompingTantrum,Crunch||||||50|,,,,,Normal]Iron Hands||AssaultVest|QuarkDrive|FakeOut,DrainPunch,WildCharge,LowKick||||||50|,,,,,Bug]Chien-Pao||FocusSash|SwordofRuin|Protect,IcicleCrash,ThroatChop,SuckerPunch||||||50|,,,,,Ghost]Farigiraf||ElectricSeed|ArmorTail|TrickRoom,FoulPlay,HelpingHand,Psychic|||F|||50|,,,,,Water\n|j| FatassPansexual\n|c|\u2606fab concha vgc|Me parece q jugamos antes aqui x sd\n|c|\u2606fab concha vgc|Jeje\n|c|\u2606fab concha vgc|Igual un gusto\n|c|\u2606juacox300|igualmente\n|l| FatassPansexual\n|j| FatassPansexual\n|\n|t:|1746156648\n|start\n|switch|p1a: Miraidon|Miraidon, L50|100/100\n|switch|p1b: Calyrex|Calyrex-Ice, L50|100/100\n|switch|p2a: Miraidon|Miraidon, L50|100/100\n|switch|p2b: Entei|Entei, L50|100/100\n|-ability|p1b: Calyrex|As One\n|-ability|p1b: Calyrex|Unnerve\n|-fieldstart|move: Electric Terrain|[from] ability: Hadron Engine|[of] p2a: Miraidon\n|-activate|p1a: Miraidon|ability: Hadron Engine\n|turn|1\n|\n|t:|1746156710\n|-terastallize|p2a: Miraidon|Fairy\n|move|p1a: Miraidon|Protect|p1a: Miraidon\n|-singleturn|p1a: Miraidon|Protect\n|move|p1b: Calyrex|Protect|p1b: Calyrex\n|-singleturn|p1b: Calyrex|Protect\n|move|p2b: Entei|Extreme Speed|p1b: Calyrex\n|-activate|p1b: Calyrex|move: Protect\n|move|p2a: Miraidon|Dazzling Gleam|p1a: Miraidon|[spread] \n|-activate|p1a: Miraidon|move: Protect\n|-activate|p1b: Calyrex|move: Protect\n|\n|upkeep\n|turn|2\n|\n|t:|1746156728\n|switch|p1a: Incineroar|Incineroar, L50, M|100/100\n|-ability|p1a: Incineroar|Intimidate|boost\n|-unboost|p2a: Miraidon|atk|1\n|-fail|p2b: Entei|unboost|Attack|[from] ability: Inner Focus|[of] p2b: Entei\n|move|p2b: Entei|Extreme Speed|p1a: Incineroar\n|-damage|p1a: Incineroar|64/100\n|-damage|p2b: Entei|84/100|[from] item: Rocky Helmet|[of] p1a: Incineroar\n|move|p2a: Miraidon|Dazzling Gleam|p1a: Incineroar|[spread] p1a,p1b\n|-damage|p1a: Incineroar|16/100\n|-damage|p1b: Calyrex|58/100\n|move|p1b: Calyrex|Trick Room|p1b: Calyrex\n|-fieldstart|move: Trick Room|[of] p1b: Calyrex\n|\n|upkeep\n|turn|3\n|\n|t:|1746156778\n|switch|p2a: Farigiraf|Farigiraf, L50, F|100/100\n|-enditem|p2a: Farigiraf|Electric Seed\n|-boost|p2a: Farigiraf|def|1|[from] item: Electric Seed\n|move|p1b: Calyrex|Protect|p1b: Calyrex\n|-singleturn|p1b: Calyrex|Protect\n|move|p2b: Entei|Extreme Speed|p1b: Calyrex\n|-activate|p1b: Calyrex|move: Protect\n|move|p1a: Incineroar|Knock Off|p2b: Entei\n|-damage|p2b: Entei|45/100\n|-enditem|p2b: Entei|Choice Band|[from] move: Knock Off|[of] p1a: Incineroar\n|\n|upkeep\n|turn|4\n|\n|t:|1746156795\n|-terastallize|p1b: Calyrex|Dragon\n|move|p2b: Entei|Extreme Speed|p1b: Calyrex\n|-damage|p1b: Calyrex|39/100\n|move|p1b: Calyrex|High Horsepower|p2b: Entei\n|-supereffective|p2b: Entei\n|-damage|p2b: Entei|0 fnt\n|faint|p2b: Entei\n|-ability|p1b: Calyrex|Chilling Neigh|boost\n|-boost|p1b: Calyrex|atk|1\n|move|p2a: Farigiraf|Foul Play|p1b: Calyrex\n|-damage|p1b: Calyrex|3/100\n|move|p1a: Incineroar|Knock Off|p2a: Farigiraf\n|-supereffective|p2a: Farigiraf\n|-damage|p2a: Farigiraf|74/100\n|\n|upkeep\n|\n|t:|1746156805\n|switch|p2b: Zamazenta|Zamazenta-Crowned, L50, shiny|100/100\n|-ability|p2b: Zamazenta|Dauntless Shield|boost\n|-boost|p2b: Zamazenta|def|1\n|turn|5\n|\n|t:|1746156832\n|move|p1b: Calyrex|Protect|p1b: Calyrex\n|-singleturn|p1b: Calyrex|Protect\n|move|p2a: Farigiraf|Foul Play|p1b: Calyrex\n|-activate|p1b: Calyrex|move: Protect\n|move|p1a: Incineroar|Flare Blitz|p2b: Zamazenta\n|-supereffective|p2b: Zamazenta\n|-damage|p2b: Zamazenta|69/100\n|-damage|p1a: Incineroar|6/100|[from] Recoil\n|move|p2b: Zamazenta|Body Press|p1a: Incineroar\n|-supereffective|p1a: Incineroar\n|-damage|p1a: Incineroar|0 fnt\n|-damage|p2b: Zamazenta|53/100|[from] item: Rocky Helmet|[of] p1a: Incineroar\n|faint|p1a: Incineroar\n|\n|-fieldend|move: Electric Terrain\n|upkeep\n|\n|t:|1746156842\n|switch|p1a: FerroNalgada|Iron Hands, L50|100/100\n|turn|6\n|\n|t:|1746156859\n|move|p2b: Zamazenta|Protect|p2b: Zamazenta\n|-singleturn|p2b: Zamazenta|Protect\n|move|p1b: Calyrex|Glacial Lance|p2a: Farigiraf|[spread] p2a\n|-activate|p2b: Zamazenta|move: Protect\n|-damage|p2a: Farigiraf|31/100\n|move|p1a: FerroNalgada|Low Kick|p2b: Zamazenta\n|-activate|p2b: Zamazenta|move: Protect\n|move|p2a: Farigiraf|Psychic|p1a: FerroNalgada\n|-supereffective|p1a: FerroNalgada\n|-damage|p1a: FerroNalgada|65/100\n|\n|-fieldend|move: Trick Room\n|upkeep\n|turn|7\n|\n|t:|1746156887\n|move|p2b: Zamazenta|Body Press|p1a: FerroNalgada\n|-damage|p1a: FerroNalgada|18/100\n|move|p2a: Farigiraf|Foul Play|p1b: Calyrex\n|-damage|p1b: Calyrex|0 fnt\n|faint|p1b: Calyrex\n|move|p1a: FerroNalgada|Low Kick|p2b: Zamazenta\n|-supereffective|p2b: Zamazenta\n|-damage|p2b: Zamazenta|1/100\n|\n|upkeep\n|\n|t:|1746156892\n|switch|p1b: Miraidon|Miraidon, L50|100/100\n|-fieldstart|move: Electric Terrain|[from] ability: Hadron Engine|[of] p1b: Miraidon\n|-activate|p1a: FerroNalgada|ability: Quark Drive\n|-start|p1a: FerroNalgada|quarkdriveatk\n|turn|8\n|\n|t:|1746156904\n|move|p2b: Zamazenta|Protect|p2b: Zamazenta\n|-singleturn|p2b: Zamazenta|Protect\n|move|p1b: Miraidon|Electro Drift|p2a: Farigiraf\n|-damage|p2a: Farigiraf|0 fnt\n|faint|p2a: Farigiraf\n|-damage|p1b: Miraidon|91/100|[from] item: Life Orb\n|move|p1a: FerroNalgada|Low Kick|p2b: Zamazenta\n|-activate|p2b: Zamazenta|move: Protect\n|\n|upkeep\n|\n|t:|1746156915\n|switch|p2a: Miraidon|Miraidon, L50, tera:Fairy|100/100\n|-activate|p2a: Miraidon|ability: Hadron Engine\n|turn|9\n|c|\u2606juacox300|es un 50/50 quien gana xD\n|\n|t:|1746156931\n|move|p1b: Miraidon|Electro Drift|p2a: Miraidon\n|-damage|p2a: Miraidon|0 fnt\n|faint|p2a: Miraidon\n|-damage|p1b: Miraidon|81/100|[from] item: Life Orb\n|move|p2b: Zamazenta|Body Press|p1b: Miraidon\n|-damage|p1b: Miraidon|5/100\n|move|p1a: FerroNalgada|Low Kick|p2b: Zamazenta\n|-supereffective|p2b: Zamazenta\n|-damage|p2b: Zamazenta|0 fnt\n|faint|p2b: Zamazenta\n|\n|win|juacox300\n|raw|juacox300's rating: 1428 &rarr; <strong>1452</strong><br />(+24 for winning)\n|raw|fab concha vgc's rating: 1506 &rarr; <strong>1482</strong><br />(-24 for losing)\n|c|\u2606juacox300|wp\n|c|\u2606fab concha vgc|Si jeje\n|c|\u2606fab concha vgc|Wp\n|l|\u2606fab concha vgc\n|player|p2|\n", "uploadtime": 1746156962, "views": 5, "formatid": "gen9vgc2025regibo3", "rating": 1452, "private": 0, "password": null}