{"id": "gen9vgc2025regibo3-2355131540", "format": "[Gen 9] VGC 2025 Reg I (Bo3)", "players": ["ShinigamiRowlet", "stanhoff"], "log": "|j|\u2606ShinigamiRowlet\n|j|\u2606stanhoff\n|html|<table width=\"100%\"><tr><td align=\"left\">ShinigamiRowlet</td><td align=\"right\">stanhoff</tr><tr><td align=\"left\"><i class=\"fa fa-circle\"></i> <i class=\"fa fa-circle-o\"></i> </td><td align=\"right\"><i class=\"fa fa-circle-o\"></i> <i class=\"fa fa-circle-o\"></i> </tr></table>\n|uhtml|bestof|<h2><strong>Game 2</strong> of <a href=\"/game-bestof3-gen9vgc2025regibo3-2355128959\">a best-of-3</a></h2>\n|t:|1746156493\n|gametype|doubles\n|player|p1|ShinigamiRowlet|li|1177\n|player|p2|stanhoff|falkner|1132\n|teamsize|p1|6\n|teamsize|p2|6\n|gen|9\n|tier|[Gen 9] VGC 2025 Reg I (Bo3)\n|rated|\n|rule|Species Clause: Limit one of each Pok\u00e9mon\n|rule|Item Clause: Limit 1 of each item\n|clearpoke\n|poke|p1|Terapagos, L50, M|\n|poke|p1|Incineroar, L50, F|\n|poke|p1|Amoonguss, L50, F|\n|poke|p1|Calyrex-Shadow, L50|\n|poke|p1|Tornadus, L50, M|\n|poke|p1|Urshifu-*, L50, F|\n|poke|p2|Calyrex-Shadow, L50|\n|poke|p2|Miraidon, L50|\n|poke|p2|Indeedee-F, L50, F|\n|poke|p2|Brute Bonnet, L50|\n|poke|p2|Iron Bundle, L50|\n|poke|p2|Sneasler, L50, M|\n|teampreview|4\n|showteam|p1|Terapagos||Leftovers|TeraShift|TeraStarstorm,EarthPower,CalmMind,Protect|||M|||50|,,,,,Stellar]Incineroar||SafetyGoggles|Intimidate|FakeOut,WillOWisp,KnockOff,PartingShot|||F|||50|,,,,,Ghost]Amoonguss||RockyHelmet|Regenerator|PollenPuff,Spore,Protect,RagePowder|||F|||50|,,,,,Water]Calyrex-Shadow||FocusSash|AsOneSpectrier|AstralBarrage,Psychic,Encore,Protect||||||50|,,,,,Ghost]Tornadus||CovertCloak|Prankster|Tailwind,RainDance,BleakwindStorm,Protect|||M|||50|,,,,,Dark]Urshifu-Rapid-Strike||MysticWater|UnseenFist|SurgingStrikes,Taunt,AquaJet,Detect|||F|||50|,,,,,Water\n|showteam|p2|Calyrex-Shadow||FocusSash|AsOneSpectrier|AstralBarrage,ExpandingForce,Disable,Protect||||||50|,,,,,Ghost]Miraidon||LifeOrb|HadronEngine|ElectroDrift,DracoMeteor,DazzlingGleam,Protect||||||50|,,,,,Fairy]Indeedee-F||PsychicSeed|PsychicSurge|FollowMe,AlluringVoice,TrickRoom,Imprison|||F|||50|,,,,,Fairy]Brute Bonnet||CovertCloak|Protosynthesis|Spore,SuckerPunch,SeedBomb,RagePowder||||||50|,,,,,Water]Iron Bundle||KingsRock|QuarkDrive|IcyWind,FreezeDry,Fling,Protect||||||50|,,,,,Grass]Sneasler||ElectricSeed|Unburden|FakeOut,Taunt,CloseCombat,Protect|||M|||50|,,,,,Dark\n|\n|t:|1746156515\n|start\n|switch|p1a: Terapagos|Terapagos, L50, M|100/100\n|switch|p1b: Incineroar|Incineroar, L50, F|100/100\n|switch|p2a: Sneasler|Sneasler, L50, M|100/100\n|switch|p2b: Miraidon|Miraidon, L50|100/100\n|-activate|p1a: Terapagos|ability: Tera Shift\n|detailschange|p1a: Terapagos|Terapagos-Terastal, L50, M\n|-heal|p1a: Terapagos|100/100|[silent]\n|-fieldstart|move: Electric Terrain|[from] ability: Hadron Engine|[of] p2b: Miraidon\n|-enditem|p2a: Sneasler|Electric Seed\n|-boost|p2a: Sneasler|def|1|[from] item: Electric Seed\n|-ability|p1b: Incineroar|Intimidate|boost\n|-unboost|p2a: Sneasler|atk|1\n|-unboost|p2b: Miraidon|atk|1\n|turn|1\n|inactive|Battle timer is ON: inactive players will automatically lose when time's up. (requested by stanhoff)\n|inactive|ShinigamiRowlet has 60 seconds left.\n|\n|t:|1746156566\n|-terastallize|p2b: Miraidon|Fairy\n|move|p1a: Terapagos|Protect|p1a: Terapagos\n|-singleturn|p1a: Terapagos|Protect\n|move|p2a: Sneasler|Fake Out|p1b: Incineroar\n|-damage|p1b: Incineroar|93/100\n|move|p2b: Miraidon|Electro Drift|p1b: Incineroar\n|-damage|p1b: Incineroar|7/100\n|-damage|p2b: Miraidon|91/100|[from] item: Life Orb\n|cant|p1b: Incineroar|flinch\n|\n|upkeep\n|turn|2\n|inactive|ShinigamiRowlet has 30 seconds left.\n|\n|t:|1746156595\n|switch|p1b: Amoonguss|Amoonguss, L50, F, shiny|100/100\n|move|p2a: Sneasler|Taunt|p1a: Terapagos\n|-start|p1a: Terapagos|move: Taunt\n|move|p2b: Miraidon|Dazzling Gleam|p1a: Terapagos|[spread] p1a,p1b\n|-activate|p1a: Terapagos|ability: Tera Shell\n|-resisted|p1a: Terapagos\n|-resisted|p1b: Amoonguss\n|-damage|p1a: Terapagos|76/100\n|-damage|p1b: Amoonguss|79/100\n|-damage|p2b: Miraidon|81/100|[from] item: Life Orb\n|cant|p1a: Terapagos|move: Taunt|Calm Mind\n|\n|-heal|p1a: Terapagos|82/100|[from] item: Leftovers\n|upkeep\n|turn|3\n|inactive|stanhoff has 30 seconds left.\n|inactive|stanhoff has 20 seconds left.\n|inactive|stanhoff has 15 seconds left.\n|inactive|stanhoff has 10 seconds left.\n|inactive|stanhoff has 5 seconds left.\n|\n|t:|1746156645\n|switch|p2b: Brute Bonnet|Brute Bonnet, L50|100/100\n|-terastallize|p1a: Terapagos|Stellar\n|detailschange|p1a: Terapagos|Terapagos-Stellar, L50, M, tera:Stellar\n|-heal|p1a: Terapagos|87/100|[silent]\n|-ability|p1a: Terapagos|Teraform Zero\n|-fieldend|move: Electric Terrain\n|move|p1b: Amoonguss|Rage Powder|p1b: Amoonguss\n|-singleturn|p1b: Amoonguss|move: Rage Powder\n|move|p2a: Sneasler|Taunt|p1b: Amoonguss\n|-start|p1b: Amoonguss|move: Taunt\n|move|p1a: Terapagos|Tera Starstorm|p2b: Brute Bonnet|[spread] p2a,p2b\n|-damage|p2a: Sneasler|67/100\n|-damage|p2b: Brute Bonnet|78/100\n|\n|-heal|p1a: Terapagos|93/100|[from] item: Leftovers\n|upkeep\n|turn|4\n|inactive|ShinigamiRowlet has 30 seconds left.\n|inactive|stanhoff has 30 seconds left.\n|inactive|stanhoff has 20 seconds left.\n|\n|t:|1746156683\n|switch|p1a: Incineroar|Incineroar, L50, F|7/100\n|-ability|p1a: Incineroar|Intimidate|boost\n|-unboost|p2a: Sneasler|atk|1\n|-unboost|p2b: Brute Bonnet|atk|1\n|move|p2a: Sneasler|Close Combat|p1b: Amoonguss\n|-resisted|p1b: Amoonguss\n|-damage|p1b: Amoonguss|66/100\n|-unboost|p2a: Sneasler|def|1\n|-unboost|p2a: Sneasler|spd|1\n|-damage|p2a: Sneasler|51/100|[from] item: Rocky Helmet|[of] p1b: Amoonguss\n|move|p2b: Brute Bonnet|Seed Bomb|p1a: Incineroar\n|-resisted|p1a: Incineroar\n|-damage|p1a: Incineroar|0 fnt\n|faint|p1a: Incineroar\n|move|p1b: Amoonguss|Pollen Puff|p2b: Brute Bonnet\n|-supereffective|p2b: Brute Bonnet\n|-damage|p2b: Brute Bonnet|24/100\n|\n|upkeep\n|\n|t:|1746156706\n|switch|p1a: Calyrex|Calyrex-Shadow, L50|100/100\n|-ability|p1a: Calyrex|As One\n|-ability|p1a: Calyrex|Unnerve\n|turn|5\n|inactive|stanhoff has 30 seconds left.\n|\n|t:|1746156733\n|switch|p2a: Miraidon|Miraidon, L50, tera:Fairy|81/100\n|-fieldstart|move: Electric Terrain|[from] ability: Hadron Engine|[of] p2a: Miraidon\n|move|p1a: Calyrex|Protect|p1a: Calyrex\n|-singleturn|p1a: Calyrex|Protect\n|move|p2b: Brute Bonnet|Sucker Punch||[still]\n|-fail|p2b: Brute Bonnet\n|move|p1b: Amoonguss|Pollen Puff|p2b: Brute Bonnet\n|-supereffective|p2b: Brute Bonnet\n|-damage|p2b: Brute Bonnet|0 fnt\n|faint|p2b: Brute Bonnet\n|-end|p2b: Brute Bonnet|Protosynthesis|[silent]\n|\n|upkeep\n|\n|t:|1746156747\n|switch|p2b: Calyrex|Calyrex-Shadow, L50|100/100\n|-ability|p2b: Calyrex|As One\n|-ability|p2b: Calyrex|Unnerve\n|turn|6\n|\n|t:|1746156769\n|move|p2b: Calyrex|Expanding Force|p1b: Amoonguss\n|-supereffective|p1b: Amoonguss\n|-damage|p1b: Amoonguss|0 fnt\n|faint|p1b: Amoonguss\n|-ability|p2b: Calyrex|Grim Neigh|boost\n|-boost|p2b: Calyrex|spa|1\n|move|p1a: Calyrex|Astral Barrage|p2a: Miraidon|[spread] p2a,p2b\n|-supereffective|p2b: Calyrex\n|-damage|p2a: Miraidon|28/100\n|-enditem|p2b: Calyrex|Focus Sash\n|-damage|p2b: Calyrex|1/100\n|move|p2a: Miraidon|Dazzling Gleam|p1a: Calyrex\n|-damage|p1a: Calyrex|33/100\n|-damage|p2a: Miraidon|19/100|[from] item: Life Orb\n|\n|upkeep\n|\n|t:|1746156780\n|switch|p1b: Terapagos|Terapagos-Stellar, L50, M, tera:Stellar|93/100\n|turn|7\n|c|\u2606stanhoff|well\n|c|\u2606stanhoff|lets flip a coin\n|inactive|stanhoff has 30 seconds left.\n|inactive|stanhoff has 20 seconds left.\n|inactive|stanhoff has 15 seconds left.\n|inactive|stanhoff has 10 seconds left.\n|\n|t:|1746156825\n|move|p1a: Calyrex|Protect|p1a: Calyrex\n|-singleturn|p1a: Calyrex|Protect\n|move|p2b: Calyrex|Protect|p2b: Calyrex\n|-singleturn|p2b: Calyrex|Protect\n|move|p2a: Miraidon|Electro Drift|p1b: Terapagos\n|-damage|p1b: Terapagos|21/100\n|-damage|p2a: Miraidon|9/100|[from] item: Life Orb\n|move|p1b: Terapagos|Tera Starstorm|p2b: Calyrex|[spread] p2a\n|-activate|p2b: Calyrex|move: Protect\n|-supereffective|p2a: Miraidon\n|-damage|p2a: Miraidon|0 fnt\n|faint|p2a: Miraidon\n|\n|-heal|p1b: Terapagos|27/100|[from] item: Leftovers\n|upkeep\n|\n|t:|1746156836\n|switch|p2a: Sneasler|Sneasler, L50, M|51/100\n|turn|8\n|c|\u2606stanhoff|now lets flip a coin for real\n|\n|t:|1746156848\n|move|p2a: Sneasler|Fake Out|p1b: Terapagos\n|-damage|p1b: Terapagos|22/100\n|move|p2b: Calyrex|Astral Barrage|p1b: Terapagos|[spread] p1a\n|-immune|p1b: Terapagos\n|-supereffective|p1a: Calyrex\n|-crit|p1a: Calyrex\n|-damage|p1a: Calyrex|0 fnt\n|faint|p1a: Calyrex\n|-ability|p2b: Calyrex|Grim Neigh|boost\n|-boost|p2b: Calyrex|spa|1\n|cant|p1b: Terapagos|flinch\n|\n|-heal|p1b: Terapagos|28/100|[from] item: Leftovers\n|upkeep\n|turn|9\n|c|\u2606stanhoff|cant feel bad about it, a true 50/50\n|\n|t:|1746156872\n|move|p2b: Calyrex|Expanding Force|p1b: Terapagos\n|-crit|p1b: Terapagos\n|-damage|p1b: Terapagos|0 fnt\n|faint|p1b: Terapagos\n|\n|win|stanhoff\n||stanhoff is ready for game 3.\n||ShinigamiRowlet is ready for game 3.\n|uhtml|next|Next: <a href=\"/battle-gen9vgc2025regibo3-2355134401\"><strong>Game 3 of 3</strong></a>\n", "uploadtime": 1746157458, "views": 4, "formatid": "gen9vgc2025regibo3", "rating": null, "private": 0, "password": null}