{"id": "gen9vgc2025regibo3-2353744965", "format": "[Gen 9] VGC 2025 Reg I (Bo3)", "players": ["Dracoignius97", "StealthR2"], "log": "|j|\u2606Dracoignius97\n|j|\u2606StealthR2\n|html|<table width=\"100%\"><tr><td align=\"left\">Dracoignius97</td><td align=\"right\">StealthR2</tr><tr><td align=\"left\"><i class=\"fa fa-circle-o\"></i> <i class=\"fa fa-circle-o\"></i> </td><td align=\"right\"><i class=\"fa fa-circle-o\"></i> <i class=\"fa fa-circle-o\"></i> </tr></table>\n|uhtml|bestof|<h2><strong>Game 1</strong> of <a href=\"/game-bestof3-gen9vgc2025regibo3-2353744964\">a best-of-3</a></h2>\n|t:|1745992623\n|gametype|doubles\n|player|p1|Dracoignius97|steven|\n|player|p2|StealthR2|bruno-gen3|\n|teamsize|p1|6\n|teamsize|p2|6\n|gen|9\n|tier|[Gen 9] VGC 2025 Reg I (Bo3)\n|rule|Species Clause: Limit one of each Pok\u00e9mon\n|rule|Item Clause: Limit 1 of each item\n|clearpoke\n|poke|p1|Miraidon, L50|\n|poke|p1|Lunala, L50|\n|poke|p1|Chi-Yu, L50|\n|poke|p1|Iron Hands, L50|\n|poke|p1|Whimsicott, L50, F|\n|poke|p1|Urshifu-*, L50, M|\n|poke|p2|Giratina-Origin, L50|\n|poke|p2|Zamazenta-*, L50|\n|poke|p2|Volcarona, L50, M|\n|poke|p2|Dondozo, L50, M|\n|poke|p2|Ting-Lu, L50|\n|poke|p2|Raging Bolt, L50|\n|teampreview|4\n|showteam|p1|Miraidon||ChoiceSpecs|HadronEngine|VoltSwitch,DracoMeteor,DazzlingGleam,ElectroDrift||||||50|,,,,,Fairy]Lunala||ElectricSeed|ShadowShield|Psyshock,MoongeistBeam,TrickRoom,WideGuard||||||50|,,,,,Water]Chi-Yu||ChoiceScarf|BeadsofRuin|Overheat,DarkPulse,Snarl,HeatWave||||||50|,,,,,Ghost]Iron Hands||AssaultVest|QuarkDrive|DrainPunch,LowKick,HeavySlam,FakeOut||||||50|,,,,,Water]Whimsicott||CovertCloak|Prankster|Moonblast,LightScreen,Tailwind,Encore|||F|||50|,,,,,Dark]Urshifu-Rapid-Strike||FocusSash|UnseenFist|SurgingStrikes,AquaJet,Detect,CloseCombat|||M|||50|,,,,,Stellar\n|showteam|p2|Giratina-Origin||GriseousCore|Levitate|Protect,Poltergeist,ShadowSneak,DragonClaw||||||50|,,,,,Fire]Zamazenta-Crowned||RustedShield|DauntlessShield|behemothbash,BodyPress,WideGuard,Protect||||||50|,,,,,Dragon]Volcarona||SitrusBerry|FlameBody|GigaDrain,FieryDance,QuiverDance,Protect|||M|||50|,,,,,Grass]Dondozo||Leftovers|Unaware|WaveCrash,Fissure,Protect,Yawn|||M|||50|,,,,,Poison]Ting-Lu||RockyHelmet|VesselofRuin|SandTomb,Ruination,Protect,Taunt||||||50|,,,,,Poison]Raging Bolt||AssaultVest|Protosynthesis|VoltSwitch,Electroweb,Thunderclap,DracoMeteor||||||50|,,,,,Electric\n|\n|t:|1745992671\n|start\n|switch|p1a: Whimsicott|Whimsicott, L50, F|100/100\n|switch|p1b: Urshifu|Urshifu-Rapid-Strike, L50, M|100/100\n|switch|p2a: Raging Bolt|Raging Bolt, L50|100/100\n|switch|p2b: Ting-Lu|Ting-Lu, L50|100/100\n|-ability|p2b: Ting-Lu|Vessel of Ruin\n|turn|1\n|\n|t:|1745992716\n|move|p1a: Whimsicott|Light Screen|p1a: Whimsicott\n|-sidestart|p1: Dracoignius97|move: Light Screen\n|move|p1b: Urshifu|Surging Strikes|p2b: Ting-Lu\n|-supereffective|p2b: Ting-Lu\n|-crit|p2b: Ting-Lu\n|-damage|p2b: Ting-Lu|81/100\n|-damage|p1b: Urshifu|84/100|[from] item: Rocky Helmet|[of] p2b: Ting-Lu\n|-supereffective|p2b: Ting-Lu\n|-crit|p2b: Ting-Lu\n|-damage|p2b: Ting-Lu|63/100\n|-damage|p1b: Urshifu|67/100|[from] item: Rocky Helmet|[of] p2b: Ting-Lu\n|-supereffective|p2b: Ting-Lu\n|-crit|p2b: Ting-Lu\n|-damage|p2b: Ting-Lu|45/100\n|-damage|p1b: Urshifu|51/100|[from] item: Rocky Helmet|[of] p2b: Ting-Lu\n|-hitcount|p2b: Ting-Lu|3\n|move|p2a: Raging Bolt|Electroweb|p1b: Urshifu|[spread] p1a,p1b\n|-resisted|p1a: Whimsicott\n|-supereffective|p1b: Urshifu\n|-damage|p1a: Whimsicott|93/100\n|-damage|p1b: Urshifu|20/100\n|-unboost|p1b: Urshifu|spe|1\n|move|p2b: Ting-Lu|Taunt|p1a: Whimsicott\n|-start|p1a: Whimsicott|move: Taunt\n|\n|upkeep\n|turn|2\n|\n|t:|1745992785\n|move|p1b: Urshifu|Detect|p1b: Urshifu\n|-singleturn|p1b: Urshifu|Protect\n|move|p2a: Raging Bolt|Thunderclap||[still]\n|-fail|p2a: Raging Bolt\n|move|p1a: Whimsicott|Moonblast|p2a: Raging Bolt\n|-supereffective|p2a: Raging Bolt\n|-damage|p2a: Raging Bolt|81/100\n|-unboost|p2a: Raging Bolt|spa|1\n|move|p2b: Ting-Lu|Sand Tomb|p1a: Whimsicott\n|-resisted|p1a: Whimsicott\n|-damage|p1a: Whimsicott|86/100\n|-activate|p1a: Whimsicott|move: Sand Tomb|[of] p2b: Ting-Lu\n|\n|-damage|p1a: Whimsicott|74/100|[from] move: Sand Tomb|[partiallytrapped]\n|upkeep\n|turn|3\n|\n|t:|1745992822\n|move|p1b: Urshifu|Aqua Jet|p2b: Ting-Lu\n|-supereffective|p2b: Ting-Lu\n|-damage|p2b: Ting-Lu|24/100\n|-damage|p1b: Urshifu|4/100|[from] item: Rocky Helmet|[of] p2b: Ting-Lu\n|move|p2a: Raging Bolt|Thunderclap||[still]\n|-fail|p2a: Raging Bolt\n|move|p1a: Whimsicott|Moonblast|p2a: Raging Bolt\n|-supereffective|p2a: Raging Bolt\n|-damage|p2a: Raging Bolt|59/100\n|move|p2b: Ting-Lu|Ruination|p1a: Whimsicott\n|-damage|p1a: Whimsicott|38/100\n|\n|-damage|p1a: Whimsicott|26/100|[from] move: Sand Tomb|[partiallytrapped]\n|upkeep\n|turn|4\n|\n|t:|1745992860\n|move|p1b: Urshifu|Aqua Jet|p2b: Ting-Lu\n|-supereffective|p2b: Ting-Lu\n|-damage|p2b: Ting-Lu|5/100\n|-damage|p1b: Urshifu|0 fnt|[from] item: Rocky Helmet|[of] p2b: Ting-Lu\n|faint|p1b: Urshifu\n|move|p1a: Whimsicott|Moonblast|p2a: Raging Bolt\n|-supereffective|p2a: Raging Bolt\n|-damage|p2a: Raging Bolt|39/100\n|-unboost|p2a: Raging Bolt|spa|1\n|move|p2a: Raging Bolt|Electroweb|p1a: Whimsicott\n|-resisted|p1a: Whimsicott\n|-damage|p1a: Whimsicott|21/100\n|move|p2b: Ting-Lu|Sand Tomb|p1a: Whimsicott\n|-resisted|p1a: Whimsicott\n|-damage|p1a: Whimsicott|15/100\n|\n|-damage|p1a: Whimsicott|3/100|[from] move: Sand Tomb|[partiallytrapped]\n|-end|p1a: Whimsicott|move: Taunt\n|upkeep\n|\n|t:|1745992880\n|switch|p1b: Miraidon|Miraidon, L50|100/100\n|-fieldstart|move: Electric Terrain|[from] ability: Hadron Engine|[of] p1b: Miraidon\n|turn|5\n|\n|t:|1745992912\n|move|p2b: Ting-Lu|Protect|p2b: Ting-Lu\n|-singleturn|p2b: Ting-Lu|Protect\n|move|p1a: Whimsicott|Tailwind|p1a: Whimsicott\n|-sidestart|p1: Dracoignius97|move: Tailwind\n|move|p1b: Miraidon|Dazzling Gleam|p2b: Ting-Lu|[spread] p2a\n|-activate|p2b: Ting-Lu|move: Protect\n|-supereffective|p2a: Raging Bolt\n|-crit|p2a: Raging Bolt\n|-damage|p2a: Raging Bolt|0 fnt\n|faint|p2a: Raging Bolt\n|-end|p2a: Raging Bolt|Protosynthesis|[silent]\n|\n|-damage|p1a: Whimsicott|0 fnt|[from] move: Sand Tomb|[partiallytrapped]\n|faint|p1a: Whimsicott\n|-sideend|p1: Dracoignius97|move: Light Screen\n|upkeep\n|\n|t:|1745992937\n|switch|p1a: Lunala|Lunala, L50|100/100\n|switch|p2a: Giratina|Giratina-Origin, L50, shiny|100/100\n|-enditem|p1a: Lunala|Electric Seed\n|-boost|p1a: Lunala|def|1|[from] item: Electric Seed\n|turn|6\n|\n|t:|1745992986\n|-terastallize|p1b: Miraidon|Fairy\n|-terastallize|p2a: Giratina|Fire\n|move|p1b: Miraidon|Dazzling Gleam|p2a: Giratina|[spread] p2a,p2b\n|-resisted|p2a: Giratina\n|-supereffective|p2b: Ting-Lu\n|-damage|p2a: Giratina|81/100\n|-damage|p2b: Ting-Lu|0 fnt\n|faint|p2b: Ting-Lu\n|move|p1a: Lunala|Moongeist Beam|p2a: Giratina\n|-damage|p2a: Giratina|34/100\n|move|p2a: Giratina|Poltergeist||[still]\n|-fail|p2a: Giratina\n|\n|upkeep\n|\n|t:|1745993001\n|switch|p2b: Zamazenta|Zamazenta-Crowned, L50, shiny|100/100\n|-ability|p2b: Zamazenta|Dauntless Shield|boost\n|-boost|p2b: Zamazenta|def|1\n|turn|7\n|\n|t:|1745993055\n|move|p2a: Giratina|Shadow Sneak|p1a: Lunala\n|-supereffective|p1a: Lunala\n|-damage|p1a: Lunala|72/100\n|move|p1b: Miraidon|Dazzling Gleam|p2b: Zamazenta|[spread] p2a,p2b\n|-resisted|p2a: Giratina\n|-damage|p2a: Giratina|7/100\n|-damage|p2b: Zamazenta|47/100\n|move|p1a: Lunala|Moongeist Beam|p2a: Giratina\n|-damage|p2a: Giratina|0 fnt\n|faint|p2a: Giratina\n|move|p2b: Zamazenta|Behemoth Bash|p1b: Miraidon\n|-supereffective|p1b: Miraidon\n|-damage|p1b: Miraidon|20/100\n|\n|upkeep\n|turn|8\n|\n|t:|1745993081\n|move|p1b: Miraidon|Dazzling Gleam|p2b: Zamazenta\n|-damage|p2b: Zamazenta|0 fnt\n|faint|p2b: Zamazenta\n|\n|win|Dracoignius97\n||StealthR2 is ready for game 2.\n||Dracoignius97 is ready for game 2.\n|uhtml|next|Next: <a href=\"/battle-gen9vgc2025regibo3-2353747419\"><strong>Game 2 of 3</strong></a>\n", "uploadtime": 1745993393, "views": 6, "formatid": "gen9vgc2025regibo3", "rating": null, "private": 0, "password": null}