{"id": "gen9vgc2025regibo3-2353928621", "format": "[Gen 9] VGC 2025 Reg I (Bo3)", "players": ["Mona Aster", "Arnauz10"], "log": "|j|\u2606Mona Aster\n|j|\u2606Arnauz10\n|html|<table width=\"100%\"><tr><td align=\"left\">Mona Aster</td><td align=\"right\">Arnauz10</tr><tr><td align=\"left\"><i class=\"fa fa-circle\"></i> <i class=\"fa fa-circle-o\"></i> </td><td align=\"right\"><i class=\"fa fa-circle-o\"></i> <i class=\"fa fa-circle\"></i> </tr></table>\n|uhtml|bestof|<h2><strong>Game 3</strong> of <a href=\"/game-bestof3-gen9vgc2025regibo3-2353921716\">a best-of-3</a></h2>\n|t:|1746019793\n|gametype|doubles\n|player|p1|Mona Aster|266|1141\n|player|p2|Arnauz10|hilbert|1054\n|teamsize|p1|6\n|teamsize|p2|6\n|gen|9\n|tier|[Gen 9] VGC 2025 Reg I (Bo3)\n|rated|\n|rule|Species Clause: Limit one of each Pok\u00e9mon\n|rule|Item Clause: Limit 1 of each item\n|clearpoke\n|poke|p1|Lunala, L50|\n|poke|p1|Groudon, L50|\n|poke|p1|Incineroar, L50, M|\n|poke|p1|Flutter Mane, L50|\n|poke|p1|Urshifu-*, L50, F|\n|poke|p1|Raging Bolt, L50|\n|poke|p2|Terapagos, L50, M|\n|poke|p2|Incineroar, L50, M|\n|poke|p2|Rillaboom, L50, M|\n|poke|p2|Landorus, L50, M|\n|poke|p2|Ogerpon-Hearthflame, L50, F|\n|poke|p2|Calyrex-Shadow, L50|\n|teampreview|4\n|showteam|p1|Lunala||PowerHerb|ShadowShield|TrickRoom,MeteorBeam,WideGuard,MoongeistBeam||||||50|,,,,,Water]Groudon||ClearAmulet|Drought|Protect,PrecipiceBlades,HeatCrash,Substitute||||||50|,,,,,Fire]Incineroar||SafetyGoggles|Intimidate|FlareBlitz,KnockOff,FakeOut,PartingShot|||M|||50|,,,,,Ghost]Flutter Mane||FocusSash|Protosynthesis|Moonblast,Taunt,IcyWind,Protect||||||50|,,,,,Grass]Urshifu||ChoiceScarf|UnseenFist|WickedBlow,CloseCombat,Uturn,PoisonJab|||F|||50|,,,,,Stellar]Raging Bolt||AssaultVest|Protosynthesis|Electroweb,Thunderclap,Snarl,DracoMeteor||||||50|,,,,,Electric\n|showteam|p2|Terapagos||Leftovers|TeraShift|TeraStarstorm,Protect,CalmMind,EarthPower|||M|||50|,,,,,Stellar]Incineroar||RockyHelmet|Intimidate|KnockOff,FakeOut,PartingShot,WillOWisp|||M|||50|,,,,,Poison]Rillaboom||AssaultVest|GrassySurge|GrassyGlide,WoodHammer,FakeOut,Uturn|||M|||50|,,,,,Grass]Landorus||ChoiceScarf|SheerForce|EarthPower,SludgeBomb,Psychic,SandsearStorm|||M|||50|,,,,,Ghost]Ogerpon-Hearthflame||HearthflameMask|MoldBreaker|SpikyShield,IvyCudgel,FollowMe,GrassyGlide|||F|||50|,,,,,Fire]Calyrex-Shadow||FocusSash|AsOneSpectrier|Protect,Encore,Disable,AstralBarrage||||||50|,,,,,Ghost\n|\n|t:|1746019844\n|start\n|switch|p1a: Groudon|Groudon, L50|100/100\n|switch|p1b: Flutter Mane|Flutter Mane, L50|100/100\n|switch|p2a: Incineroar|Incineroar, L50, M, shiny|100/100\n|switch|p2b: Terapagos|Terapagos, L50, M|100/100\n|-activate|p2b: Terapagos|ability: Tera Shift\n|detailschange|p2b: Terapagos|Terapagos-Terastal, L50, M\n|-heal|p2b: Terapagos|100/100|[silent]\n|-weather|SunnyDay|[from] ability: Drought|[of] p1a: Groudon\n|-activate|p1b: Flutter Mane|ability: Protosynthesis\n|-start|p1b: Flutter Mane|protosynthesisspe\n|-ability|p2a: Incineroar|Intimidate|boost\n|-fail|p1a: Groudon|unboost|[from] item: Clear Amulet|[of] p1a: Groudon\n|-unboost|p1b: Flutter Mane|atk|1\n|turn|1\n|\n|t:|1746019866\n|move|p2a: Incineroar|Fake Out|p1a: Groudon\n|-damage|p1a: Groudon|94/100\n|move|p1b: Flutter Mane|Taunt|p2b: Terapagos\n|-start|p2b: Terapagos|move: Taunt\n|cant|p1a: Groudon|flinch\n|cant|p2b: Terapagos|move: Taunt|Calm Mind\n|\n|-weather|SunnyDay|[upkeep]\n|upkeep\n|turn|2\n|\n|t:|1746019896\n|switch|p2a: Rillaboom|Rillaboom, L50, M, shiny|100/100\n|-fieldstart|move: Grassy Terrain|[from] ability: Grassy Surge|[of] p2a: Rillaboom\n|move|p1b: Flutter Mane|Icy Wind|p2b: Terapagos|[spread] p2a\n|-miss|p1b: Flutter Mane|p2b: Terapagos\n|-supereffective|p2a: Rillaboom\n|-damage|p2a: Rillaboom|86/100\n|-unboost|p2a: Rillaboom|spe|1\n|move|p1a: Groudon|Substitute|p1a: Groudon\n|-start|p1a: Groudon|Substitute\n|-damage|p1a: Groudon|69/100\n|move|p2b: Terapagos|Earth Power|p1b: Flutter Mane\n|-damage|p1b: Flutter Mane|77/100\n|-unboost|p1b: Flutter Mane|spd|1\n|\n|-weather|SunnyDay|[upkeep]\n|-heal|p1b: Flutter Mane|83/100|[from] Grassy Terrain\n|-heal|p1a: Groudon|75/100|[from] Grassy Terrain\n|-heal|p2a: Rillaboom|92/100|[from] Grassy Terrain\n|upkeep\n|turn|3\n|\n|t:|1746019955\n|move|p2a: Rillaboom|Grassy Glide|p1a: Groudon\n|-supereffective|p1a: Groudon\n|-end|p1a: Groudon|Substitute\n|move|p1b: Flutter Mane|Icy Wind|p2a: Rillaboom|[spread] p2a,p2b\n|-supereffective|p2a: Rillaboom\n|-activate|p2b: Terapagos|ability: Tera Shell\n|-resisted|p2b: Terapagos\n|-damage|p2a: Rillaboom|77/100\n|-damage|p2b: Terapagos|95/100\n|-unboost|p2a: Rillaboom|spe|1\n|-unboost|p2b: Terapagos|spe|1\n|move|p1a: Groudon|Heat Crash|p2b: Terapagos\n|-damage|p2b: Terapagos|46/100\n|move|p2b: Terapagos|Earth Power|p1a: Groudon\n|-damage|p1a: Groudon|53/100\n|\n|-weather|SunnyDay|[upkeep]\n|-heal|p1b: Flutter Mane|89/100|[from] Grassy Terrain\n|-heal|p1a: Groudon|59/100|[from] Grassy Terrain\n|-heal|p2b: Terapagos|53/100|[from] Grassy Terrain\n|-heal|p2b: Terapagos|59/100|[from] item: Leftovers\n|-heal|p2a: Rillaboom|83/100|[from] Grassy Terrain\n|-end|p2b: Terapagos|move: Taunt\n|upkeep\n|turn|4\n|\n|t:|1746019991\n|-terastallize|p2b: Terapagos|Stellar\n|detailschange|p2b: Terapagos|Terapagos-Stellar, L50, M, tera:Stellar\n|-heal|p2b: Terapagos|69/100|[silent]\n|-ability|p2b: Terapagos|Teraform Zero\n|-weather|none\n|-end|p1b: Flutter Mane|Protosynthesis\n|-fieldend|move: Grassy Terrain\n|move|p1a: Groudon|Protect|p1a: Groudon\n|-singleturn|p1a: Groudon|Protect\n|move|p1b: Flutter Mane|Moonblast|p2b: Terapagos\n|-damage|p2b: Terapagos|41/100\n|move|p2b: Terapagos|Tera Starstorm|p1a: Groudon|[spread] p1b\n|-activate|p1a: Groudon|move: Protect\n|-damage|p1b: Flutter Mane|45/100\n|move|p2a: Rillaboom|Grassy Glide|p1a: Groudon\n|-activate|p1a: Groudon|move: Protect\n|\n|-heal|p2b: Terapagos|48/100|[from] item: Leftovers\n|upkeep\n|turn|5\n|\n|t:|1746020043\n|move|p1b: Flutter Mane|Moonblast|p2b: Terapagos\n|-damage|p2b: Terapagos|17/100\n|move|p1a: Groudon|Heat Crash|p2a: Rillaboom\n|-supereffective|p2a: Rillaboom\n|-damage|p2a: Rillaboom|0 fnt\n|faint|p2a: Rillaboom\n|move|p2b: Terapagos|Tera Starstorm|p1a: Groudon|[spread] p1a,p1b\n|-damage|p1a: Groudon|27/100\n|-damage|p1b: Flutter Mane|0 fnt\n|faint|p1b: Flutter Mane\n|-end|p1b: Flutter Mane|Protosynthesis|[silent]\n|\n|-heal|p2b: Terapagos|23/100|[from] item: Leftovers\n|upkeep\n|\n|t:|1746020057\n|switch|p1b: Urshifu|Urshifu, L50, F|100/100\n|switch|p2a: Ogerpon|Ogerpon-Hearthflame, L50, F|100/100\n|-ability|p2a: Ogerpon|Mold Breaker\n|turn|6\n|\n|t:|1746020100\n|move|p1a: Groudon|Protect|p1a: Groudon\n|-singleturn|p1a: Groudon|Protect\n|move|p1b: Urshifu|Wicked Blow|p2b: Terapagos\n|-crit|p2b: Terapagos\n|-damage|p2b: Terapagos|0 fnt\n|faint|p2b: Terapagos\n|move|p2a: Ogerpon|Grassy Glide|p1a: Groudon\n|-activate|p1a: Groudon|move: Protect\n|\n|upkeep\n|\n|t:|1746020103\n|switch|p2b: Incineroar|Incineroar, L50, M, shiny|100/100\n|-ability|p2b: Incineroar|Intimidate|boost\n|-fail|p1a: Groudon|unboost|[from] item: Clear Amulet|[of] p1a: Groudon\n|-unboost|p1b: Urshifu|atk|1\n|turn|7\n|\n|t:|1746020123\n|switch|p1a: Lunala|Lunala, L50|100/100\n|move|p2b: Incineroar|Fake Out|p1b: Urshifu\n|-damage|p1b: Urshifu|90/100\n|cant|p1b: Urshifu|flinch\n|move|p2a: Ogerpon|Ivy Cudgel|p1a: Lunala|[anim] Ivy Cudgel Fire\n|-damage|p1a: Lunala|80/100\n|\n|upkeep\n|turn|8\n|\n|t:|1746020157\n|move|p2a: Ogerpon|Follow Me|p2a: Ogerpon\n|-singleturn|p2a: Ogerpon|move: Follow Me\n|move|p1b: Urshifu|Wicked Blow|p2a: Ogerpon\n|-crit|p2a: Ogerpon\n|-damage|p2a: Ogerpon|33/100\n|move|p1a: Lunala|Meteor Beam||[still]\n|-prepare|p1a: Lunala|Meteor Beam\n|-boost|p1a: Lunala|spa|1\n|-enditem|p1a: Lunala|Power Herb\n|-anim|p1a: Lunala|Meteor Beam|p2a: Ogerpon\n|-supereffective|p2a: Ogerpon\n|-damage|p2a: Ogerpon|0 fnt\n|faint|p2a: Ogerpon\n|move|p2b: Incineroar|Knock Off|p1a: Lunala\n|-supereffective|p1a: Lunala\n|-damage|p1a: Lunala|5/100\n|\n|upkeep\n|turn|9\n|-message|Arnauz10 forfeited.\n|\n|win|Mona Aster\n|raw|Mona Aster's rating: 1141 &rarr; <strong>1160</strong><br />(+19 for winning)\n|raw|Arnauz10's rating: 1054 &rarr; <strong>1040</strong><br />(-14 for losing)\n", "uploadtime": 1746020168, "views": 18, "formatid": "gen9vgc2025regibo3", "rating": 1040, "private": 0, "password": null}