{"id": "gen9vgc2025regibo3-2354731270", "format": "[Gen 9] VGC 2025 Reg I (Bo3)", "players": ["jony_vgc", "G00bermeister69420"], "log": "|j|\u2606jony_vgc\n|j|\u2606G00bermeister69420\n|html|<table width=\"100%\"><tr><td align=\"left\">jony_vgc</td><td align=\"right\">G00bermeister69420</tr><tr><td align=\"left\"><i class=\"fa fa-circle-o\"></i> <i class=\"fa fa-circle-o\"></i> </td><td align=\"right\"><i class=\"fa fa-circle-o\"></i> <i class=\"fa fa-circle-o\"></i> </tr></table>\n|uhtml|bestof|<h2><strong>Game 1</strong> of <a href=\"/game-bestof3-gen9vgc2025regibo3-2354731269\">a best-of-3</a></h2>\n|t:|1746114771\n|gametype|doubles\n|player|p1|jony_vgc|wattson|1042\n|player|p2|G00bermeister69420|hiker-gen4|1000\n|teamsize|p1|6\n|teamsize|p2|6\n|gen|9\n|tier|[Gen 9] VGC 2025 Reg I (Bo3)\n|rated|\n|rule|Species Clause: Limit one of each Pok\u00e9mon\n|rule|Item Clause: Limit 1 of each item\n|clearpoke\n|poke|p1|Lunala, L50|\n|poke|p1|Scream Tail, L50|\n|poke|p1|Kyogre, L50|\n|poke|p1|Incineroar, L50, M|\n|poke|p1|Rillaboom, L50, M|\n|poke|p1|Landorus, L50, M|\n|poke|p2|Farigiraf, L50, M|\n|poke|p2|Necrozma-Dusk-Mane, L50|\n|poke|p2|Ogerpon-Cornerstone, L50, F|\n|poke|p2|Rampardos, L50, M|\n|poke|p2|Crabominable, L50, M|\n|poke|p2|Lunala, L50|\n|teampreview|4\n|showteam|p1|Lunala||Leftovers|ShadowShield|Protect,CalmMind,MoongeistBeam,Moonblast||||||50|,,,,,Fairy]Scream Tail||BoosterEnergy|Protosynthesis|Protect,Disable,DazzlingGleam,Encore||||||50|,,,,,Grass]Kyogre||ChoiceSpecs|Drizzle|OriginPulse,HydroPump,IceBeam,Thunderbolt||||||50|,,,,,Grass]Incineroar||RockyHelmet|Intimidate|PartingShot,FlareBlitz,Taunt,FakeOut|||M|||50|,,,,,Water]Rillaboom||AssaultVest|GrassySurge|GrassyGlide,FakeOut,WoodHammer,Uturn|||M|||50|,,,,,Fire]Landorus||ChoiceScarf|SheerForce|SludgeBomb,Psychic,SandsearStorm,WeatherBall|||M|||50|,,,,,Dark\n|showteam|p2|Farigiraf||ThroatSpray|ArmorTail|TrickRoom,Protect,Gravity,HyperVoice|||M|||50|,,,,,Normal]Necrozma-Dusk-Mane||IronBall|PrismArmor|SunsteelStrike,PhotonGeyser,TrickRoom,SwordsDance||||||50|,,,,,Psychic]Ogerpon-Cornerstone||CornerstoneMask|Sturdy|SpikyShield,Taunt,FollowMe,IvyCudgel|||F|||50|,,,,,Rock]Rampardos||PowerLens|SheerForce|StoneEdge,RockSlide,Protect,FocusEnergy|||M|||50|,,,,,Rock]Crabominable||FocusSash|IronFist|IceHammer,CloseCombat,Crabhammer,Protect|||M|||50|,,,,,Fighting]Lunala||PowerHerb|ShadowShield|MoongeistBeam,MeteorBeam,TrickRoom,WideGuard||||||50|,,,,,Fire\n|inactive|Battle timer is ON: inactive players will automatically lose when time's up. (requested by G00bermeister69420)\n|inactive|jony_vgc has 60 seconds left.\n|\n|t:|1746114839\n|start\n|switch|p1a: Kyogre|Kyogre, L50|100/100\n|switch|p1b: Landorus|Landorus, L50, M|100/100\n|switch|p2a: Timmy|Ogerpon-Cornerstone, L50, F|100/100\n|switch|p2b: Calyrex dih rider|Farigiraf, L50, M|100/100\n|-weather|RainDance|[from] ability: Drizzle|[of] p1a: Kyogre\n|turn|1\n|\n|t:|1746114855\n|-terastallize|p1a: Kyogre|Grass\n|move|p2a: Timmy|Follow Me|p2a: Timmy\n|-singleturn|p2a: Timmy|move: Follow Me\n|move|p1b: Landorus|Sandsear Storm|p2a: Timmy|[spread] p2a,p2b\n|-damage|p2a: Timmy|46/100\n|-damage|p2b: Calyrex dih rider|49/100\n|move|p1a: Kyogre|Origin Pulse|p2b: Calyrex dih rider|[spread] p2a\n|-miss|p1a: Kyogre|p2b: Calyrex dih rider\n|-damage|p2a: Timmy|0 fnt\n|faint|p2a: Timmy\n|move|p2b: Calyrex dih rider|Trick Room|p2b: Calyrex dih rider\n|-fieldstart|move: Trick Room|[of] p2b: Calyrex dih rider\n|\n|-weather|RainDance|[upkeep]\n|upkeep\n|\n|t:|1746114867\n|switch|p2a: Crabominable|Crabominable, L50, M|100/100\n|turn|2\n|\n|t:|1746114885\n|switch|p1b: Lunala|Lunala, L50|100/100\n|move|p2a: Crabominable|Ice Hammer|p1a: Kyogre\n|-supereffective|p1a: Kyogre\n|-damage|p1a: Kyogre|0 fnt\n|-unboost|p2a: Crabominable|spe|1\n|faint|p1a: Kyogre\n|move|p2b: Calyrex dih rider|Gravity|p2b: Calyrex dih rider\n|-fieldstart|move: Gravity\n|\n|-weather|RainDance|[upkeep]\n|upkeep\n|\n|t:|1746114894\n|switch|p1a: Rillaboom|Rillaboom, L50, M|100/100\n|-fieldstart|move: Grassy Terrain|[from] ability: Grassy Surge|[of] p1a: Rillaboom\n|turn|3\n|\n|t:|1746114914\n|move|p2a: Crabominable|Protect|p2a: Crabominable\n|-singleturn|p2a: Crabominable|Protect\n|move|p2b: Calyrex dih rider|Protect|p2b: Calyrex dih rider\n|-singleturn|p2b: Calyrex dih rider|Protect\n|move|p1a: Rillaboom|Fake Out||[still]\n|cant|p2b: Calyrex dih rider|ability: Armor Tail|Fake Out|[of] p1a: Rillaboom\n|move|p1b: Lunala|Calm Mind|p1b: Lunala\n|-boost|p1b: Lunala|spa|1\n|-boost|p1b: Lunala|spd|1\n|\n|-weather|RainDance|[upkeep]\n|-heal|p2b: Calyrex dih rider|55/100|[from] Grassy Terrain\n|upkeep\n|turn|4\n|\n|t:|1746114933\n|move|p2a: Crabominable|Ice Hammer|p1b: Lunala\n|-damage|p1b: Lunala|78/100\n|-unboost|p2a: Crabominable|spe|1\n|move|p2b: Calyrex dih rider|Hyper Voice|p1a: Rillaboom|[spread] p1a\n|-immune|p1b: Lunala\n|-damage|p1a: Rillaboom|72/100\n|-enditem|p2b: Calyrex dih rider|Throat Spray\n|-boost|p2b: Calyrex dih rider|spa|1|[from] item: Throat Spray\n|move|p1a: Rillaboom|U-turn|p2b: Calyrex dih rider\n|-supereffective|p2b: Calyrex dih rider\n|-damage|p2b: Calyrex dih rider|4/100\n|\n|t:|1746114943\n|switch|p1a: Landorus|Landorus, L50, M|100/100|[from] U-turn\n|move|p1b: Lunala|Moongeist Beam|p2a: Crabominable\n|-damage|p2a: Crabominable|12/100\n|\n|-weather|RainDance|[upkeep]\n|-heal|p2a: Crabominable|18/100|[from] Grassy Terrain\n|-heal|p2b: Calyrex dih rider|10/100|[from] Grassy Terrain\n|-heal|p1b: Lunala|84/100|[from] Grassy Terrain\n|-heal|p1b: Lunala|90/100|[from] item: Leftovers\n|upkeep\n|turn|5\n|\n|t:|1746114966\n|switch|p1a: Rillaboom|Rillaboom, L50, M|72/100\n|move|p2b: Calyrex dih rider|Protect|p2b: Calyrex dih rider\n|-singleturn|p2b: Calyrex dih rider|Protect\n|move|p1b: Lunala|Protect|p1b: Lunala\n|-singleturn|p1b: Lunala|Protect\n|move|p2a: Crabominable|Ice Hammer|p1a: Rillaboom\n|-supereffective|p1a: Rillaboom\n|-damage|p1a: Rillaboom|0 fnt\n|-unboost|p2a: Crabominable|spe|1\n|faint|p1a: Rillaboom\n|\n|-weather|none\n|-heal|p2a: Crabominable|24/100|[from] Grassy Terrain\n|-heal|p2b: Calyrex dih rider|16/100|[from] Grassy Terrain\n|-heal|p1b: Lunala|96/100|[from] Grassy Terrain\n|-heal|p1b: Lunala|100/100|[from] item: Leftovers\n|-fieldend|move: Trick Room\n|upkeep\n|inactive|jony_vgc has 30 seconds left.\n|inactive|jony_vgc has 20 seconds left.\n|inactive|jony_vgc has 15 seconds left.\n|inactive|jony_vgc has 10 seconds left.\n|\n|t:|1746115013\n|switch|p1a: Landorus|Landorus, L50, M|100/100\n|turn|6\n|\n|t:|1746115032\n|move|p2a: Crabominable|Protect|p2a: Crabominable\n|-singleturn|p2a: Crabominable|Protect\n|move|p1a: Landorus|Sludge Bomb|p2b: Calyrex dih rider\n|-damage|p2b: Calyrex dih rider|0 fnt\n|faint|p2b: Calyrex dih rider\n|move|p1b: Lunala|Moonblast|p2a: Crabominable\n|-activate|p2a: Crabominable|move: Protect\n|\n|-heal|p2a: Crabominable|30/100|[from] Grassy Terrain\n|-fieldend|move: Gravity\n|upkeep\n|\n|t:|1746115040\n|switch|p2b: Rampardos|Rampardos, L50, M|100/100\n|turn|7\n|\n|t:|1746115061\n|move|p1a: Landorus|Sludge Bomb|p2a: Crabominable\n|-damage|p2a: Crabominable|0 fnt\n|faint|p2a: Crabominable\n|move|p1b: Lunala|Moongeist Beam|p2b: Rampardos\n|-damage|p2b: Rampardos|0 fnt\n|faint|p2b: Rampardos\n|\n|win|jony_vgc\n", "uploadtime": 1746115070, "views": 21, "formatid": "gen9vgc2025regibo3", "rating": null, "private": 0, "password": null}