{"id": "gen9vgc2025regibo3-2354416681", "format": "[Gen 9] VGC 2025 Reg I (Bo3)", "players": ["chappell murkroan", "Puffy_Princess"], "log": "|j|\u2606chappell murkroan\n|j|\u2606Puffy_Princess\n|html|<table width=\"100%\"><tr><td align=\"left\">chappell murkroan</td><td align=\"right\">Puffy_Princess</tr><tr><td align=\"left\"><i class=\"fa fa-circle-o\"></i> <i class=\"fa fa-circle-o\"></i> </td><td align=\"right\"><i class=\"fa fa-circle-o\"></i> <i class=\"fa fa-circle\"></i> </tr></table>\n|uhtml|bestof|<h2><strong>Game 2</strong> of <a href=\"/game-bestof3-gen9vgc2025regibo3-2354415471\">a best-of-3</a></h2>\n|t:|1746068765\n|gametype|doubles\n|player|p1|chappell murkroan|caitlin|1364\n|player|p2|Puffy_Princess|lady|1302\n|teamsize|p1|6\n|teamsize|p2|6\n|gen|9\n|tier|[Gen 9] VGC 2025 Reg I (Bo3)\n|rated|\n|rule|Species Clause: Limit one of each Pok\u00e9mon\n|rule|Item Clause: Limit 1 of each item\n|clearpoke\n|poke|p1|Ho-Oh, L50|\n|poke|p1|Miraidon, L50|\n|poke|p1|Urshifu-*, L50, M|\n|poke|p1|Chien-Pao, L50|\n|poke|p1|Farigiraf, L50, M|\n|poke|p1|Iron Hands, L50|\n|poke|p2|Koraidon, L50|\n|poke|p2|Lunala, L50|\n|poke|p2|Scream Tail, L50|\n|poke|p2|Gothitelle, L50, F|\n|poke|p2|Incineroar, L50, F|\n|poke|p2|Brute Bonnet, L50|\n|teampreview|4\n|showteam|p1|Ho-Oh||ClearAmulet|Regenerator|SacredFire,Tailwind,BraveBird,Protect||||||50|,,,,,Grass]Miraidon||ChoiceSpecs|HadronEngine|ElectroDrift,VoltSwitch,DracoMeteor,DazzlingGleam||||||50|,,,,,Fairy]Urshifu-Rapid-Strike||MysticWater|UnseenFist|SurgingStrikes,AquaJet,Taunt,Detect|||M|||50|,,,,,Water]Chien-Pao||FocusSash|SwordofRuin|IcicleCrash,Crunch,SuckerPunch,Protect||||||50|,,,,,Stellar]Farigiraf||ElectricSeed|ArmorTail|FoulPlay,Psychic,TrickRoom,HelpingHand|||M|||50|,,,,,Water]Iron Hands||AssaultVest|QuarkDrive|LowKick,DrainPunch,HeavySlam,FakeOut||||||50|,,,,,Water\n|showteam|p2|Koraidon||LifeOrb|OrichalcumPulse|FlareBlitz,CloseCombat,BreakingSwipe,Protect||||||50|,,,,,Fire]Lunala||SitrusBerry|ShadowShield|MoongeistBeam,Moonblast,WideGuard,Moonlight||||||50|,,,,,Fairy]Scream Tail||BoosterEnergy|Protosynthesis|PerishSong,Encore,Disable,Protect||||||50|,,,,,Dark]Gothitelle||Leftovers|ShadowTag|Psychic,FakeOut,Taunt,Protect|||F|||50|,,,,,Water]Incineroar||SafetyGoggles|Intimidate|FlareBlitz,PartingShot,FakeOut,Protect|||F|||50|,,,,,Bug]Brute Bonnet||CovertCloak|Protosynthesis|PollenPuff,SuckerPunch,Spore,RagePowder||||||50|,,,,,Water\n|inactive|Battle timer is ON: inactive players will automatically lose when time's up. (requested by chappell murkroan)\n|c|\u2606chappell murkroan|yo\n|c|\u2606chappell murkroan|your team is sick\n|c|\u2606Puffy_Princess|thanks :)\n|c|\u2606chappell murkroan|do you care if I yoink it?\n|c|\u2606Puffy_Princess|nah go ahead\n|inactive|chappell murkroan has 60 seconds left.\n|inactive|Puffy_Princess has 60 seconds left.\n|c|\u2606chappell murkroan|ty :3\n|inactive|Puffy_Princess has 30 seconds left.\n|inactive|Puffy_Princess has 20 seconds left.\n|inactive|Puffy_Princess has 15 seconds left.\n|inactive|Puffy_Princess has 10 seconds left.\n|\n|t:|1746068845\n|start\n|switch|p1a: Ho-Oh|Ho-Oh, L50|100/100\n|switch|p1b: Chien-Pao|Chien-Pao, L50|100/100\n|switch|p2a: Koraidon|Koraidon, L50|100/100\n|switch|p2b: Incineroar|Incineroar, L50, F|100/100\n|-ability|p1b: Chien-Pao|Sword of Ruin\n|-weather|SunnyDay|[from] ability: Orichalcum Pulse|[of] p2a: Koraidon\n|-activate|p2a: Koraidon|Orichalcum Pulse|[source]\n|-ability|p2b: Incineroar|Intimidate|boost\n|-fail|p1a: Ho-Oh|unboost|[from] item: Clear Amulet|[of] p1a: Ho-Oh\n|-unboost|p1b: Chien-Pao|atk|1\n|turn|1\n|\n|t:|1746068863\n|-terastallize|p2a: Koraidon|Fire\n|move|p2b: Incineroar|Fake Out|p1a: Ho-Oh\n|-damage|p1a: Ho-Oh|90/100\n|move|p1b: Chien-Pao|Icicle Crash|p2a: Koraidon\n|-resisted|p2a: Koraidon\n|-damage|p2a: Koraidon|85/100\n|cant|p2a: Koraidon|flinch\n|cant|p1a: Ho-Oh|flinch\n|\n|-weather|SunnyDay|[upkeep]\n|upkeep\n|turn|2\n|\n|t:|1746068882\n|move|p1b: Chien-Pao|Crunch|p2a: Koraidon\n|-damage|p2a: Koraidon|54/100\n|move|p2a: Koraidon|Breaking Swipe|p1a: Ho-Oh|[spread] p1a,p1b\n|-damage|p1a: Ho-Oh|49/100\n|-damage|p1b: Chien-Pao|35/100\n|-unboost|p1b: Chien-Pao|atk|1\n|-damage|p2a: Koraidon|45/100|[from] item: Life Orb\n|move|p1a: Ho-Oh|Tailwind|p1a: Ho-Oh\n|-sidestart|p1: chappell murkroan|move: Tailwind\n|move|p2b: Incineroar|Parting Shot|p1b: Chien-Pao\n|-unboost|p1b: Chien-Pao|atk|1\n|-unboost|p1b: Chien-Pao|spa|1\n|\n|t:|1746068893\n|switch|p2b: Brute Bonnet|Brute Bonnet, L50|100/100|[from] Parting Shot\n|-activate|p2b: Brute Bonnet|ability: Protosynthesis\n|-start|p2b: Brute Bonnet|protosynthesisdef\n|\n|-weather|SunnyDay|[upkeep]\n|upkeep\n|turn|3\n|\n|t:|1746068914\n|-terastallize|p1a: Ho-Oh|Grass\n|move|p2b: Brute Bonnet|Rage Powder|p2b: Brute Bonnet\n|-singleturn|p2b: Brute Bonnet|move: Rage Powder\n|move|p1b: Chien-Pao|Icicle Crash|p2b: Brute Bonnet\n|-supereffective|p2b: Brute Bonnet\n|-damage|p2b: Brute Bonnet|76/100\n|move|p1a: Ho-Oh|Brave Bird|p2a: Koraidon\n|-damage|p2a: Koraidon|0 fnt\n|faint|p2a: Koraidon\n|-damage|p1a: Ho-Oh|37/100|[from] Recoil\n|\n|-weather|SunnyDay|[upkeep]\n|upkeep\n|\n|t:|1746068933\n|switch|p2a: Lunala|Lunala, L50|100/100\n|turn|4\n|\n|t:|1746068955\n|move|p1b: Chien-Pao|Icicle Crash|p2b: Brute Bonnet\n|-supereffective|p2b: Brute Bonnet\n|-damage|p2b: Brute Bonnet|54/100\n|move|p1a: Ho-Oh|Sacred Fire|p2b: Brute Bonnet\n|-supereffective|p2b: Brute Bonnet\n|-damage|p2b: Brute Bonnet|0 fnt\n|faint|p2b: Brute Bonnet\n|-end|p2b: Brute Bonnet|Protosynthesis|[silent]\n|move|p2a: Lunala|Moonblast|p1a: Ho-Oh\n|-damage|p1a: Ho-Oh|18/100\n|\n|-weather|SunnyDay|[upkeep]\n|upkeep\n|\n|t:|1746068962\n|switch|p2b: Incineroar|Incineroar, L50, F|100/100\n|-ability|p2b: Incineroar|Intimidate|boost\n|-fail|p1a: Ho-Oh|unboost|[from] item: Clear Amulet|[of] p1a: Ho-Oh\n|-unboost|p1b: Chien-Pao|atk|1\n|turn|5\n|\n|t:|1746068972\n|switch|p1b: Iron Hands|Iron Hands, L50|100/100\n|move|p1a: Ho-Oh|Protect|p1a: Ho-Oh\n|-singleturn|p1a: Ho-Oh|Protect\n|move|p2a: Lunala|Moonblast|p1a: Ho-Oh\n|-activate|p1a: Ho-Oh|move: Protect\n|move|p2b: Incineroar|Flare Blitz|p1b: Iron Hands\n|-damage|p1b: Iron Hands|45/100\n|-damage|p2b: Incineroar|78/100|[from] Recoil\n|\n|-weather|none\n|-sideend|p1: chappell murkroan|move: Tailwind\n|upkeep\n|turn|6\n|\n|t:|1746068990\n|move|p1b: Iron Hands|Fake Out|p2b: Incineroar\n|-damage|p2b: Incineroar|64/100\n|move|p2a: Lunala|Moonblast|p1b: Iron Hands\n|-supereffective|p1b: Iron Hands\n|-damage|p1b: Iron Hands|12/100\n|move|p1a: Ho-Oh|Brave Bird|p2a: Lunala\n|-damage|p2a: Lunala|81/100\n|-damage|p1a: Ho-Oh|11/100|[from] Recoil\n|cant|p2b: Incineroar|flinch\n|\n|upkeep\n|turn|7\n|\n|t:|1746069013\n|move|p2a: Lunala|Moonblast|p1b: Iron Hands\n|-supereffective|p1b: Iron Hands\n|-damage|p1b: Iron Hands|0 fnt\n|faint|p1b: Iron Hands\n|-end|p1b: Iron Hands|Quark Drive|[silent]\n|move|p1a: Ho-Oh|Brave Bird|p2a: Lunala\n|-damage|p2a: Lunala|42/100\n|-enditem|p2a: Lunala|Sitrus Berry|[eat]\n|-heal|p2a: Lunala|67/100|[from] item: Sitrus Berry\n|-damage|p1a: Ho-Oh|0 fnt|[from] Recoil\n|faint|p1a: Ho-Oh\n|move|p2b: Incineroar|Flare Blitz|p1: Ho-Oh|[notarget]\n|-fail|p2b: Incineroar\n|\n|upkeep\n|\n|t:|1746069020\n|switch|p1a: Miraidon|Miraidon, L50|100/100\n|switch|p1b: Chien-Pao|Chien-Pao, L50|35/100\n|-ability|p1b: Chien-Pao|Sword of Ruin\n|-fieldstart|move: Electric Terrain|[from] ability: Hadron Engine|[of] p1a: Miraidon\n|turn|8\n|\n|t:|1746069029\n|move|p1b: Chien-Pao|Crunch|p2a: Lunala\n|-supereffective|p2a: Lunala\n|-damage|p2a: Lunala|0 fnt\n|faint|p2a: Lunala\n|move|p1a: Miraidon|Electro Drift|p2b: Incineroar\n|-damage|p2b: Incineroar|0 fnt\n|faint|p2b: Incineroar\n|\n|win|chappell murkroan\n||Puffy_Princess is ready for game 3.\n|inactive|chappell murkroan has 30 seconds to confirm battle start!\n|inactive|chappell murkroan has 20 seconds to confirm battle start!\n|inactive|chappell murkroan has 10 seconds to confirm battle start!\n||chappell murkroan is ready for game 3.\n|uhtml|next|Next: <a href=\"/battle-gen9vgc2025regibo3-2354418907\"><strong>Game 3 of 3</strong></a>\n|l|\u2606chappell murkroan\n|player|p1|\n|l|\u2606Puffy_Princess\n|player|p2|\n", "uploadtime": 1746069432, "views": 7, "formatid": "gen9vgc2025regibo3", "rating": null, "private": 0, "password": null}