{"id": "gen9vgc2025regibo3-2354746554", "format": "[Gen 9] VGC 2025 Reg I (Bo3)", "players": ["glimmeraqua", "Oshawott25"], "log": "|j|\u2606glimmeraqua\n|j|\u2606Oshawott25\n|html|<table width=\"100%\"><tr><td align=\"left\">glimmeraqua</td><td align=\"right\">Oshawott25</tr><tr><td align=\"left\"><i class=\"fa fa-circle\"></i> <i class=\"fa fa-circle-o\"></i> </td><td align=\"right\"><i class=\"fa fa-circle-o\"></i> <i class=\"fa fa-circle-o\"></i> </tr></table>\n|uhtml|bestof|<h2><strong>Game 2</strong> of <a href=\"/game-bestof3-gen9vgc2025regibo3-2354744510\">a best-of-3</a></h2>\n|t:|1746116144\n|gametype|doubles\n|player|p1|glimmeraqua|#ndplvgalarianphoenix|1191\n|player|p2|Oshawott25|hilbert-wonderlauncher|1184\n|teamsize|p1|6\n|teamsize|p2|6\n|gen|9\n|tier|[Gen 9] VGC 2025 Reg I (Bo3)\n|rated|\n|rule|Species Clause: Limit one of each Pok\u00e9mon\n|rule|Item Clause: Limit 1 of each item\n|clearpoke\n|poke|p1|Groudon, L50|\n|poke|p1|Miraidon, L50|\n|poke|p1|Chi-Yu, L50|\n|poke|p1|Flutter Mane, L50|\n|poke|p1|Ogerpon-Cornerstone, L50, F|\n|poke|p1|Iron Hands, L50|\n|poke|p2|Zacian-*, L50|\n|poke|p2|Kyogre, L50|\n|poke|p2|Sableye, L50, M|\n|poke|p2|Landorus, L50, M|\n|poke|p2|Tornadus, L50, M|\n|poke|p2|Rillaboom, L50, M|\n|teampreview|4\n|showteam|p1|Groudon||LifeOrb|Drought|PrecipiceBlades,HeatCrash,HighHorsepower,Protect||||||50|,,,,,Fire]Miraidon||ChoiceSpecs|HadronEngine|ElectroDrift,DracoMeteor,VoltSwitch,DazzlingGleam||||||50|,,,,,Fairy]Chi-Yu||ChoiceScarf|BeadsofRuin|HeatWave,DarkPulse,Overheat,Snarl||||||50|,,,,,Water]Flutter Mane||FocusSash|Protosynthesis|Moonblast,DazzlingGleam,IcyWind,Protect||||||50|,,,,,Fairy]Ogerpon-Cornerstone||CornerstoneMask|Sturdy|IvyCudgel,PowerWhip,FollowMe,SpikyShield|||F|||50|,,,,,Rock]Iron Hands||AssaultVest|QuarkDrive|DrainPunch,LowKick,WildCharge,FakeOut||||||50|,,,,,Bug\n|showteam|p2|Zacian-Crowned||RustedSword|IntrepidSword|behemothblade,PlayRough,SacredSword,Protect||||||50|,,,,,Stellar]Kyogre||Leftovers|Drizzle|OriginPulse,CalmMind,Blizzard,Protect||||||50|,,,,,Grass]Sableye||FocusSash|Prankster|FakeOut,Gravity,Encore,Disable|||M|||50|,,,,,Ghost]Landorus||LifeOrb|SheerForce|EarthPower,SandsearStorm,SludgeBomb,Protect|||M|||50|,,,,,Steel]Tornadus||CovertCloak|Prankster|BleakwindStorm,RainDance,Tailwind,Protect|||M|||50|,,,,,Dark]Rillaboom||AssaultVest|GrassySurge|FakeOut,GrassyGlide,WoodHammer,Uturn|||M|||50|,,,,,Water\n|inactive|Battle timer is ON: inactive players will automatically lose when time's up. (requested by glimmeraqua)\n|inactive|Oshawott25 has 60 seconds left.\n|\n|t:|1746116197\n|start\n|switch|p1a: Flutter Mane|Flutter Mane, L50|100/100\n|switch|p1b: Chi-Yu|Chi-Yu, L50|100/100\n|switch|p2a: Sableye|Sableye, L50, M|100/100\n|switch|p2b: Zacian|Zacian-Crowned, L50|100/100\n|-ability|p1b: Chi-Yu|Beads of Ruin\n|-ability|p2b: Zacian|Intrepid Sword|boost\n|-boost|p2b: Zacian|atk|1\n|turn|1\n|inactive|glimmeraqua has 30 seconds left.\n|inactive|glimmeraqua has 20 seconds left.\n|\n|t:|1746116235\n|-terastallize|p1b: Chi-Yu|Water\n|move|p1a: Flutter Mane|Protect|p1a: Flutter Mane\n|-singleturn|p1a: Flutter Mane|Protect\n|move|p2a: Sableye|Fake Out|p1b: Chi-Yu\n|-damage|p1b: Chi-Yu|89/100\n|cant|p1b: Chi-Yu|flinch\n|move|p2b: Zacian|Sacred Sword|p1b: Chi-Yu\n|-damage|p1b: Chi-Yu|10/100\n|\n|upkeep\n|turn|2\n|inactive|glimmeraqua has 30 seconds left.\n|\n|t:|1746116267\n|move|p2b: Zacian|Protect|p2b: Zacian\n|-singleturn|p2b: Zacian|Protect\n|move|p2a: Sableye|Encore|p1a: Flutter Mane\n|-start|p1a: Flutter Mane|Encore\n|move|p1b: Chi-Yu|Heat Wave|p2b: Zacian|[spread] p2a\n|-activate|p2b: Zacian|move: Protect\n|-damage|p2a: Sableye|20/100\n|move|p1a: Flutter Mane|Protect||[still]\n|-fail|p1a: Flutter Mane\n|\n|upkeep\n|turn|3\n|inactive|glimmeraqua has 30 seconds left.\n|\n|t:|1746116294\n|switch|p1b: Groudon|Groudon, L50|100/100\n|-weather|SunnyDay|[from] ability: Drought|[of] p1b: Groudon\n|-activate|p1a: Flutter Mane|ability: Protosynthesis\n|-start|p1a: Flutter Mane|protosynthesisspe\n|-end|p1a: Flutter Mane|Protosynthesis|[silent]\n|switch|p1a: Miraidon|Miraidon, L50|100/100\n|-fieldstart|move: Electric Terrain|[from] ability: Hadron Engine|[of] p1a: Miraidon\n|move|p2a: Sableye|Disable||[still]\n|-fail|p2a: Sableye\n|move|p2b: Zacian|Behemoth Blade|p1b: Groudon\n|-damage|p1b: Groudon|32/100\n|\n|-weather|SunnyDay|[upkeep]\n|upkeep\n|turn|4\n|inactive|Oshawott25 has 30 seconds left.\n|inactive|Oshawott25 has 20 seconds left.\n|inactive|Oshawott25 has 15 seconds left.\n|\n|t:|1746116334\n|move|p2a: Sableye|Gravity|p2a: Sableye\n|-fieldstart|move: Gravity\n|move|p2b: Zacian|Play Rough|p1a: Miraidon\n|-supereffective|p1a: Miraidon\n|-crit|p1a: Miraidon\n|-damage|p1a: Miraidon|0 fnt\n|faint|p1a: Miraidon\n|move|p1b: Groudon|Precipice Blades|p2a: Sableye|[spread] p2a,p2b\n|-supereffective|p2b: Zacian\n|-damage|p2a: Sableye|0 fnt\n|-damage|p2b: Zacian|0 fnt\n|faint|p2a: Sableye\n|faint|p2b: Zacian\n|-damage|p1b: Groudon|22/100|[from] item: Life Orb\n|\n|-weather|SunnyDay|[upkeep]\n|upkeep\n|\n|t:|1746116343\n|switch|p2b: Rillaboom|Rillaboom, L50, M|100/100\n|switch|p1a: Flutter Mane|Flutter Mane, L50|100/100\n|switch|p2a: Kyogre|Kyogre, L50|100/100\n|-fieldstart|move: Grassy Terrain|[from] ability: Grassy Surge|[of] p2b: Rillaboom\n|-weather|RainDance|[from] ability: Drizzle|[of] p2a: Kyogre\n|turn|5\n|\n|t:|1746116354\n|switch|p1b: Chi-Yu|Chi-Yu, L50, tera:Water|10/100\n|-ability|p1b: Chi-Yu|Beads of Ruin\n|move|p1a: Flutter Mane|Protect|p1a: Flutter Mane\n|-singleturn|p1a: Flutter Mane|Protect\n|move|p2b: Rillaboom|Grassy Glide|p1b: Chi-Yu\n|-supereffective|p1b: Chi-Yu\n|-damage|p1b: Chi-Yu|0 fnt\n|faint|p1b: Chi-Yu\n|move|p2a: Kyogre|Origin Pulse|p1a: Flutter Mane\n|-activate|p1a: Flutter Mane|move: Protect\n|\n|-weather|RainDance|[upkeep]\n|upkeep\n|\n|t:|1746116356\n|switch|p1b: Groudon|Groudon, L50|22/100\n|-weather|SunnyDay|[from] ability: Drought|[of] p1b: Groudon\n|-activate|p1a: Flutter Mane|ability: Protosynthesis\n|-start|p1a: Flutter Mane|protosynthesisspe\n|turn|6\n|\n|t:|1746116377\n|-terastallize|p2b: Rillaboom|Water\n|move|p2a: Kyogre|Protect|p2a: Kyogre\n|-singleturn|p2a: Kyogre|Protect\n|move|p1a: Flutter Mane|Moonblast|p2a: Kyogre\n|-activate|p2a: Kyogre|move: Protect\n|move|p1b: Groudon|Heat Crash|p2b: Rillaboom\n|-resisted|p2b: Rillaboom\n|-damage|p2b: Rillaboom|52/100\n|-damage|p1b: Groudon|12/100|[from] item: Life Orb\n|move|p2b: Rillaboom|Wood Hammer|p1a: Flutter Mane\n|-enditem|p1a: Flutter Mane|Focus Sash\n|-damage|p1a: Flutter Mane|1/100\n|-damage|p2b: Rillaboom|31/100|[from] Recoil\n|\n|-weather|SunnyDay|[upkeep]\n|-heal|p1a: Flutter Mane|7/100|[from] Grassy Terrain\n|-heal|p1b: Groudon|18/100|[from] Grassy Terrain\n|-heal|p2b: Rillaboom|37/100|[from] Grassy Terrain\n|upkeep\n|turn|7\n|inactive|Oshawott25 has 30 seconds left.\n|\n|t:|1746116402\n|move|p2b: Rillaboom|Grassy Glide|p1a: Flutter Mane\n|-damage|p1a: Flutter Mane|0 fnt\n|faint|p1a: Flutter Mane\n|-end|p1a: Flutter Mane|Protosynthesis|[silent]\n|move|p1b: Groudon|Precipice Blades|p2a: Kyogre|[spread] p2a,p2b\n|-damage|p2a: Kyogre|35/100\n|-damage|p2b: Rillaboom|0 fnt\n|faint|p2b: Rillaboom\n|-damage|p1b: Groudon|8/100|[from] item: Life Orb\n|move|p2a: Kyogre|Blizzard|p1b: Groudon\n|-supereffective|p1b: Groudon\n|-damage|p1b: Groudon|0 fnt\n|faint|p1b: Groudon\n|\n|win|Oshawott25\n||glimmeraqua is ready for game 3.\n|inactive|Oshawott25 has 30 seconds to confirm battle start!\n||Oshawott25 is ready for game 3.\n|uhtml|next|Next: <a href=\"/battle-gen9vgc2025regibo3-2354749605\"><strong>Game 3 of 3</strong></a>\n", "uploadtime": 1746116737, "views": 21, "formatid": "gen9vgc2025regibo3", "rating": null, "private": 0, "password": null}