{"id": "gen9vgc2025regibo3-2354314387", "format": "[Gen 9] VGC 2025 Reg I (Bo3)", "players": ["PizzaSanwitch", "tzarii"], "log": "|j|\u2606PizzaSanwitch\n|j|\u2606tzarii\n|html|<table width=\"100%\"><tr><td align=\"left\">PizzaSanwitch</td><td align=\"right\">tzarii</tr><tr><td align=\"left\"><i class=\"fa fa-circle-o\"></i> <i class=\"fa fa-circle-o\"></i> </td><td align=\"right\"><i class=\"fa fa-circle-o\"></i> <i class=\"fa fa-circle\"></i> </tr></table>\n|uhtml|bestof|<h2><strong>Game 2</strong> of <a href=\"/game-bestof3-gen9vgc2025regibo3-2354311840\">a best-of-3</a></h2>\n|t:|1746056269\n|gametype|doubles\n|player|p1|PizzaSanwitch|pokemaniac|1125\n|player|p2|tzarii|lady-gen4|1133\n|teamsize|p1|6\n|teamsize|p2|6\n|gen|9\n|tier|[Gen 9] VGC 2025 Reg I (Bo3)\n|rated|\n|rule|Species Clause: Limit one of each Pok\u00e9mon\n|rule|Item Clause: Limit 1 of each item\n|clearpoke\n|poke|p1|Calyrex-Ice, L50|\n|poke|p1|Miraidon, L50|\n|poke|p1|Ogerpon-Hearthflame, L50, F|\n|poke|p1|Grimmsnarl, L50, M|\n|poke|p1|Iron Hands, L50|\n|poke|p1|Landorus, L50, M|\n|poke|p2|Koraidon, L50|\n|poke|p2|Groudon, L50|\n|poke|p2|Flutter Mane, L50|\n|poke|p2|Scovillain, L50, M|\n|poke|p2|Rillaboom, L50, F|\n|poke|p2|Scream Tail, L50|\n|teampreview|4\n|showteam|p1|Calyrex-Ice||ClearAmulet|AsOneGlastrier|GlacialLance,HighHorsepower,TrickRoom,Protect||||||50|,,,,,Water]Miraidon||ChoiceSpecs|HadronEngine|VoltSwitch,DracoMeteor,ElectroDrift,DazzlingGleam||||||50|,,,,,Fairy]Ogerpon-Hearthflame||HearthflameMask|MoldBreaker|IvyCudgel,WoodHammer,FollowMe,SpikyShield|||F|||50|,,,,,Fire]Grimmsnarl||LightClay|Prankster|FoulPlay,LightScreen,Reflect,ScaryFace|||M|||50|,,,,,Ghost]Iron Hands||AssaultVest|QuarkDrive|LowKick,WildCharge,HeavySlam,FakeOut||||||50|,,,,,Bug]Landorus||LifeOrb|SheerForce|EarthPower,SludgeBomb,SandsearStorm,Protect|||M|||50|,,,,,Steel\n|showteam|p2|Koraidon||ClearAmulet|OrichalcumPulse|FlameCharge,CloseCombat,FlareBlitz,Protect||||||50|,,,,,Fire]Groudon||AssaultVest|Drought|PrecipiceBlades,HeatCrash,RockSlide,HighHorsepower||||||50|,,,,,Water]Flutter Mane||FocusSash|Protosynthesis|Moonblast,IcyWind,ShadowBall,Protect||||||50|,,,,,Fairy]Scovillain||CovertCloak|Chlorophyll|Overheat,SpicyExtract,WillOWisp,ScaryFace|||M|||50|,,,,,Fire]Rillaboom||MiracleSeed|GrassySurge|FakeOut,GrassyGlide,WoodHammer,Protect|||F|||50|,,,,,Water]Scream Tail||RedCard|Protosynthesis|StealthRock,Encore,Disable,Protect||||||50|,,,,,Dark\n|inactive|Battle timer is ON: inactive players will automatically lose when time's up. (requested by tzarii)\n|inactive|PizzaSanwitch has 60 seconds left.\n|\n|t:|1746056319\n|start\n|switch|p1a: Calyrex|Calyrex-Ice, L50|100/100\n|switch|p1b: Miraidon|Miraidon, L50|100/100\n|switch|p2a: Scream Tail|Scream Tail, L50|100/100\n|switch|p2b: Groudon|Groudon, L50|100/100\n|-ability|p1a: Calyrex|As One\n|-ability|p1a: Calyrex|Unnerve\n|-fieldstart|move: Electric Terrain|[from] ability: Hadron Engine|[of] p1b: Miraidon\n|-weather|SunnyDay|[from] ability: Drought|[of] p2b: Groudon\n|-activate|p2a: Scream Tail|ability: Protosynthesis\n|-start|p2a: Scream Tail|protosynthesisspe\n|turn|1\n|inactive|tzarii has 30 seconds left.\n|inactive|tzarii has 20 seconds left.\n|\n|t:|1746056355\n|-terastallize|p1a: Calyrex|Water\n|move|p2a: Scream Tail|Protect|p2a: Scream Tail\n|-singleturn|p2a: Scream Tail|Protect\n|move|p1b: Miraidon|Volt Switch|p2a: Scream Tail\n|-activate|p2a: Scream Tail|move: Protect\n|move|p2b: Groudon|Precipice Blades|p1b: Miraidon|[spread] p1a,p1b\n|-supereffective|p1b: Miraidon\n|-damage|p1a: Calyrex|70/100\n|-damage|p1b: Miraidon|16/100\n|move|p1a: Calyrex|Glacial Lance|p2a: Scream Tail|[spread] p2b\n|-activate|p2a: Scream Tail|move: Protect\n|-supereffective|p2b: Groudon\n|-damage|p2b: Groudon|28/100\n|\n|-weather|SunnyDay|[upkeep]\n|upkeep\n|turn|2\n|inactive|PizzaSanwitch has 30 seconds left.\n|inactive|tzarii has 30 seconds left.\n|\n|t:|1746056386\n|switch|p1b: Landorus|Landorus, L50, M|100/100\n|move|p2a: Scream Tail|Disable|p1a: Calyrex\n|-start|p1a: Calyrex|Disable|Glacial Lance\n|move|p2b: Groudon|Precipice Blades|p1a: Calyrex|[spread] p1a\n|-immune|p1b: Landorus\n|-damage|p1a: Calyrex|38/100\n|move|p1a: Calyrex|High Horsepower|p2b: Groudon\n|-damage|p2b: Groudon|0 fnt\n|faint|p2b: Groudon\n|-ability|p1a: Calyrex|Chilling Neigh|boost\n|-boost|p1a: Calyrex|atk|1\n|\n|-weather|SunnyDay|[upkeep]\n|upkeep\n|inactive|tzarii has 30 seconds left.\n|\n|t:|1746056420\n|switch|p2b: Koraidon|Koraidon, L50|100/100\n|-activate|p2b: Koraidon|ability: Orichalcum Pulse\n|turn|3\n|inactive|PizzaSanwitch has 30 seconds left.\n|inactive|PizzaSanwitch has 20 seconds left.\n|inactive|tzarii has 30 seconds left.\n|\n|t:|1746056467\n|move|p2b: Koraidon|Protect|p2b: Koraidon\n|-singleturn|p2b: Koraidon|Protect\n|move|p2a: Scream Tail|Encore|p1a: Calyrex\n|-start|p1a: Calyrex|Encore\n|move|p1b: Landorus|Sludge Bomb|p2a: Scream Tail\n|-supereffective|p2a: Scream Tail\n|-damage|p2a: Scream Tail|32/100\n|move|p1a: Calyrex|High Horsepower|p2a: Scream Tail\n|-damage|p2a: Scream Tail|0 fnt\n|faint|p2a: Scream Tail\n|-end|p2a: Scream Tail|Protosynthesis|[silent]\n|-ability|p1a: Calyrex|Chilling Neigh|boost\n|-boost|p1a: Calyrex|atk|1\n|\n|-weather|SunnyDay|[upkeep]\n|upkeep\n|\n|t:|1746056481\n|switch|p2a: Rillaboom|Rillaboom, L50, F|100/100\n|-fieldstart|move: Grassy Terrain|[from] ability: Grassy Surge|[of] p2a: Rillaboom\n|turn|4\n|inactive|tzarii has 30 seconds left.\n|inactive|tzarii has 20 seconds left.\n|\n|t:|1746056519\n|switch|p1a: Ogerpon|Ogerpon-Hearthflame, L50, F|100/100\n|-ability|p1a: Ogerpon|Mold Breaker\n|move|p1b: Landorus|Protect|p1b: Landorus\n|-singleturn|p1b: Landorus|Protect\n|move|p2a: Rillaboom|Grassy Glide|p1b: Landorus\n|-activate|p1b: Landorus|move: Protect\n|move|p2b: Koraidon|Flame Charge|p1b: Landorus\n|-activate|p1b: Landorus|move: Protect\n|\n|-weather|SunnyDay|[upkeep]\n|upkeep\n|turn|5\n|inactive|PizzaSanwitch has 30 seconds left.\n|inactive|tzarii has 30 seconds left.\n|inactive|tzarii has 20 seconds left.\n|inactive|tzarii has 15 seconds left.\n|\n|t:|1746056561\n|move|p2a: Rillaboom|Protect|p2a: Rillaboom\n|-singleturn|p2a: Rillaboom|Protect\n|move|p1a: Ogerpon|Follow Me|p1a: Ogerpon\n|-singleturn|p1a: Ogerpon|move: Follow Me\n|move|p2b: Koraidon|Flare Blitz|p1a: Ogerpon\n|-damage|p1a: Ogerpon|27/100\n|-damage|p2b: Koraidon|75/100|[from] Recoil\n|move|p1b: Landorus|Sludge Bomb|p2a: Rillaboom\n|-activate|p2a: Rillaboom|move: Protect\n|\n|-weather|none\n|-heal|p2b: Koraidon|82/100|[from] Grassy Terrain\n|-heal|p1a: Ogerpon|33/100|[from] Grassy Terrain\n|upkeep\n|turn|6\n|inactive|PizzaSanwitch has 30 seconds left.\n|inactive|tzarii has 30 seconds left.\n|inactive|PizzaSanwitch has 20 seconds left.\n|\n|t:|1746056599\n|-terastallize|p2a: Rillaboom|Water\n|move|p1b: Landorus|Protect|p1b: Landorus\n|-singleturn|p1b: Landorus|Protect\n|move|p1a: Ogerpon|Spiky Shield|p1a: Ogerpon\n|-singleturn|p1a: Ogerpon|move: Protect\n|move|p2b: Koraidon|Flame Charge|p1a: Ogerpon\n|-activate|p1a: Ogerpon|move: Protect\n|-damage|p2b: Koraidon|69/100|[from] Spiky Shield|[of] p1a: Ogerpon\n|move|p2a: Rillaboom|Wood Hammer|p1b: Landorus\n|-activate|p1b: Landorus|move: Protect\n|\n|-heal|p2b: Koraidon|75/100|[from] Grassy Terrain\n|-heal|p1a: Ogerpon|39/100|[from] Grassy Terrain\n|upkeep\n|turn|7\n|inactive|tzarii has 30 seconds left.\n|inactive|tzarii has 20 seconds left.\n|\n|t:|1746056636\n|move|p1a: Ogerpon|Follow Me|p1a: Ogerpon\n|-singleturn|p1a: Ogerpon|move: Follow Me\n|move|p2b: Koraidon|Flare Blitz|p1a: Ogerpon\n|-damage|p1a: Ogerpon|3/100\n|-damage|p2b: Koraidon|63/100|[from] Recoil\n|move|p1b: Landorus|Earth Power|p2b: Koraidon\n|-damage|p2b: Koraidon|0 fnt\n|faint|p2b: Koraidon\n|move|p2a: Rillaboom|Wood Hammer|p1a: Ogerpon\n|-resisted|p1a: Ogerpon\n|-damage|p1a: Ogerpon|0 fnt\n|faint|p1a: Ogerpon\n|-damage|p2a: Rillaboom|99/100|[from] Recoil\n|\n|-heal|p2a: Rillaboom|100/100|[from] Grassy Terrain\n|upkeep\n|\n|t:|1746056645\n|switch|p1a: Miraidon|Miraidon, L50|16/100\n|-fieldstart|move: Electric Terrain|[from] ability: Hadron Engine|[of] p1a: Miraidon\n|turn|8\n|\n|t:|1746056651\n|move|p2a: Rillaboom|Protect|p2a: Rillaboom\n|-singleturn|p2a: Rillaboom|Protect\n|move|p1a: Miraidon|Electro Drift|p2a: Rillaboom\n|-activate|p2a: Rillaboom|move: Protect\n|move|p1b: Landorus|Earth Power|p2a: Rillaboom\n|-activate|p2a: Rillaboom|move: Protect\n|\n|upkeep\n|turn|9\n|-message|tzarii forfeited.\n|\n|win|PizzaSanwitch\n||tzarii is ready for game 3.\n||PizzaSanwitch is ready for game 3.\n|uhtml|next|Next: <a href=\"/battle-gen9vgc2025regibo3-2354317662\"><strong>Game 3 of 3</strong></a>\n|l|\u2606tzarii\n|player|p2|\n", "uploadtime": 1746057047, "views": 7, "formatid": "gen9vgc2025regibo3", "rating": null, "private": 0, "password": null}