{"id": "gen9vgc2025regibo3-2354252254", "format": "[Gen 9] VGC 2025 Reg I (Bo3)", "players": ["cooleo1208", "Playest"], "log": "|j|\u2606cooleo1208\n|j|\u2606Playest\n|html|<table width=\"100%\"><tr><td align=\"left\">cooleo1208</td><td align=\"right\">Playest</tr><tr><td align=\"left\"><i class=\"fa fa-circle-o\"></i> <i class=\"fa fa-circle-o\"></i> </td><td align=\"right\"><i class=\"fa fa-circle-o\"></i> <i class=\"fa fa-circle-o\"></i> </tr></table>\n|uhtml|bestof|<h2><strong>Game 1</strong> of <a href=\"/game-bestof3-gen9vgc2025regibo3-2354252253\">a best-of-3</a></h2>\n|t:|1746049281\n|gametype|doubles\n|player|p1|cooleo1208|265|1173\n|player|p2|Playest|infielder|1216\n|teamsize|p1|6\n|teamsize|p2|6\n|gen|9\n|tier|[Gen 9] VGC 2025 Reg I (Bo3)\n|rated|\n|rule|Species Clause: Limit one of each Pok\u00e9mon\n|rule|Item Clause: Limit 1 of each item\n|clearpoke\n|poke|p1|Zamazenta-*, L50|\n|poke|p1|Calyrex-Shadow, L50|\n|poke|p1|Indeedee-F, L50, F|\n|poke|p1|Urshifu-*, L50, M|\n|poke|p1|Chi-Yu, L50|\n|poke|p1|Tornadus, L50, M|\n|poke|p2|Calyrex-Shadow, L50|\n|poke|p2|Chi-Yu, L50|\n|poke|p2|Miraidon, L50|\n|poke|p2|Tornadus, L50, M|\n|poke|p2|Urshifu-*, L50, F|\n|poke|p2|Indeedee-F, L50, F|\n|teampreview|4\n|showteam|p1|Zamazenta-Crowned||RustedShield|DauntlessShield|WideGuard,Protect,BodyPress,HeavySlam||||||50|,,,,,Fairy]Calyrex-Shadow||FocusSash|AsOneSpectrier|AstralBarrage,Protect,ExpandingForce,NastyPlot||||||50|,,,,,Normal]Indeedee-F||RockyHelmet|PsychicSurge|FollowMe,Imprison,Psychic,TrickRoom|||F|||50|,,,,,Ground]Urshifu-Rapid-Strike||MysticWater|UnseenFist|SurgingStrikes,CloseCombat,Detect,AquaJet|||M|||50|,,,,,Water]Chi-Yu||ChoiceScarf|BeadsofRuin|HeatWave,Snarl,TeraBlast,Psychic||||||50|,,,,,Grass]Tornadus||CovertCloak|Prankster|BleakwindStorm,Tailwind,RainDance,Protect|||M|||50|,,,,,Dark\n|showteam|p2|Calyrex-Shadow||FocusSash|AsOneSpectrier|Protect,Imprison,Psychic,AstralBarrage||||||50|,,,,,Normal]Chi-Yu||ChoiceScarf|BeadsofRuin|HeatWave,Snarl,DarkPulse,Overheat||||||50|,,,,,Ghost]Miraidon||ChoiceSpecs|HadronEngine|ElectroDrift,DracoMeteor,DazzlingGleam,VoltSwitch||||||50|,,,,,Fairy]Tornadus||CovertCloak|Prankster|Tailwind,Taunt,RainDance,BleakwindStorm|||M|||50|,,,,,Dark]Urshifu-Rapid-Strike||MysticWater|UnseenFist|Detect,AquaJet,CloseCombat,SurgingStrikes|||F|||50|,,,,,Water]Indeedee-F||ElectricSeed|Synchronize|FollowMe,FakeOut,TrickRoom,Psychic|||F|||50|,,,,,Grass\n|inactive|Battle timer is ON: inactive players will automatically lose when time's up. (requested by Playest)\n|inactive|cooleo1208 has 60 seconds left.\n|inactive|Playest has 60 seconds left.\n|inactive|cooleo1208 has 30 seconds left.\n|inactive|Playest has 30 seconds left.\n|inactive|Playest has 20 seconds left.\n|inactive|Playest has 15 seconds left.\n|inactive|Playest has 10 seconds left.\n|inactive|Playest has 5 seconds left.\n|\n|t:|1746049369\n|start\n|switch|p1a: Calyrex|Calyrex-Shadow, L50|100/100\n|switch|p1b: Indeedee|Indeedee-F, L50, F|100/100\n|switch|p2a: Miraidon|Miraidon, L50|100/100\n|switch|p2b: Tornadus|Tornadus, L50, M|100/100\n|-ability|p1a: Calyrex|As One\n|-ability|p1a: Calyrex|Unnerve\n|-fieldstart|move: Electric Terrain|[from] ability: Hadron Engine|[of] p2a: Miraidon\n|-fieldstart|move: Psychic Terrain|[from] ability: Psychic Surge|[of] p1b: Indeedee\n|turn|1\n|inactive|cooleo1208 has 30 seconds left.\n|inactive|Playest has 30 seconds left.\n|inactive|cooleo1208 has 20 seconds left.\n|inactive|cooleo1208 has 15 seconds left.\n|inactive|cooleo1208 has 10 seconds left.\n|inactive|cooleo1208 has 5 seconds left.\n|\n|t:|1746049421\n|-terastallize|p2b: Tornadus|Dark\n|-terastallize|p1b: Indeedee|Ground\n|move|p1b: Indeedee|Follow Me|p1b: Indeedee\n|-singleturn|p1b: Indeedee|move: Follow Me\n|move|p1a: Calyrex|Nasty Plot|p1a: Calyrex\n|-boost|p1a: Calyrex|spa|2\n|move|p2a: Miraidon|Volt Switch|p1b: Indeedee\n|-immune|p1b: Indeedee\n|move|p2b: Tornadus|Bleakwind Storm|p1b: Indeedee|[spread] p1a,p1b\n|-damage|p1a: Calyrex|64/100\n|-damage|p1b: Indeedee|68/100\n|\n|upkeep\n|turn|2\n|inactive|Playest has 30 seconds left.\n|\n|t:|1746049450\n|switch|p2a: Chi-Yu|Chi-Yu, L50|100/100\n|-ability|p2a: Chi-Yu|Beads of Ruin\n|move|p1a: Calyrex|Astral Barrage|p2a: Chi-Yu|[spread] p2a,p2b\n|-resisted|p2a: Chi-Yu\n|-resisted|p2b: Tornadus\n|-damage|p2a: Chi-Yu|40/100\n|-damage|p2b: Tornadus|9/100\n|move|p2b: Tornadus|Bleakwind Storm|p1a: Calyrex|[spread] p1a,p1b\n|-damage|p1a: Calyrex|11/100\n|-damage|p1b: Indeedee|20/100\n|move|p1b: Indeedee|Trick Room|p1b: Indeedee\n|-fieldstart|move: Trick Room|[of] p1b: Indeedee\n|\n|upkeep\n|turn|3\n|inactive|cooleo1208 has 30 seconds left.\n|inactive|Playest has 30 seconds left.\n|inactive|Playest has 20 seconds left.\n|inactive|Playest has 15 seconds left.\n|inactive|Playest has 10 seconds left.\n|inactive|Playest has 5 seconds left.\n|\n|t:|1746049504\n|switch|p1b: Chi-Yu|Chi-Yu, L50|100/100\n|-ability|p1b: Chi-Yu|Beads of Ruin\n|move|p1a: Calyrex|Protect|p1a: Calyrex\n|-singleturn|p1a: Calyrex|Protect\n|move|p2b: Tornadus|Bleakwind Storm|p1b: Chi-Yu|[spread] p1b\n|-activate|p1a: Calyrex|move: Protect\n|-damage|p1b: Chi-Yu|59/100\n|-unboost|p1b: Chi-Yu|spe|1\n|move|p2a: Chi-Yu|Heat Wave|p1a: Calyrex|[spread] p1b\n|-activate|p1a: Calyrex|move: Protect\n|-resisted|p1b: Chi-Yu\n|-crit|p1b: Chi-Yu\n|-damage|p1b: Chi-Yu|23/100\n|\n|upkeep\n|turn|4\n|inactive|cooleo1208 has 30 seconds left.\n|inactive|Playest has 30 seconds left.\n|\n|t:|1746049539\n|move|p1b: Chi-Yu|Heat Wave|p2a: Chi-Yu|[spread] p2a,p2b\n|-resisted|p2a: Chi-Yu\n|-damage|p2a: Chi-Yu|18/100\n|-damage|p2b: Tornadus|0 fnt\n|faint|p2b: Tornadus\n|move|p1a: Calyrex|Astral Barrage|p2a: Chi-Yu\n|-resisted|p2a: Chi-Yu\n|-damage|p2a: Chi-Yu|0 fnt\n|faint|p2a: Chi-Yu\n|-ability|p1a: Calyrex|Grim Neigh|boost\n|-boost|p1a: Calyrex|spa|1\n|\n|upkeep\n|\n|t:|1746049548\n|switch|p2a: Calyrex|Calyrex-Shadow, L50|100/100\n|switch|p2b: Miraidon|Miraidon, L50|100/100\n|-ability|p2a: Calyrex|As One\n|-ability|p2a: Calyrex|Unnerve\n|-fieldstart|move: Electric Terrain|[from] ability: Hadron Engine|[of] p2b: Miraidon\n|turn|5\n|inactive|Playest has 30 seconds left.\n|\n|t:|1746049578\n|move|p1a: Calyrex|Protect|p1a: Calyrex\n|-singleturn|p1a: Calyrex|Protect\n|move|p2a: Calyrex|Protect|p2a: Calyrex\n|-singleturn|p2a: Calyrex|Protect\n|move|p1b: Chi-Yu|Heat Wave|p2a: Calyrex|[spread] p2b\n|-activate|p2a: Calyrex|move: Protect\n|-resisted|p2b: Miraidon\n|-damage|p2b: Miraidon|79/100\n|move|p2b: Miraidon|Dazzling Gleam|p1b: Chi-Yu|[spread] p1b\n|-activate|p1a: Calyrex|move: Protect\n|-damage|p1b: Chi-Yu|0 fnt\n|faint|p1b: Chi-Yu\n|\n|upkeep\n|\n|t:|1746049594\n|switch|p1b: Zamazenta|Zamazenta-Crowned, L50|100/100\n|-ability|p1b: Zamazenta|Dauntless Shield|boost\n|-boost|p1b: Zamazenta|def|1\n|turn|6\n|\n|t:|1746049611\n|move|p1b: Zamazenta|Wide Guard|p1b: Zamazenta\n|-singleturn|p1b: Zamazenta|Wide Guard\n|move|p2b: Miraidon|Dazzling Gleam|p1a: Calyrex|[spread] \n|-activate|p1a: Calyrex|move: Wide Guard\n|-activate|p1b: Zamazenta|move: Wide Guard\n|move|p2a: Calyrex|Imprison|p2a: Calyrex\n|-start|p2a: Calyrex|move: Imprison\n|cant|p1a: Calyrex|move: Imprison|Astral Barrage\n|\n|-fieldend|move: Trick Room\n|upkeep\n|turn|7\n|\n|t:|1746049631\n|move|p1b: Zamazenta|Wide Guard|p1b: Zamazenta\n|-singleturn|p1b: Zamazenta|Wide Guard\n|move|p1a: Calyrex|Expanding Force|p2a: Calyrex\n|-resisted|p2a: Calyrex\n|-damage|p2a: Calyrex|40/100\n|move|p2a: Calyrex|Psychic|p1b: Zamazenta\n|-damage|p1b: Zamazenta|66/100\n|move|p2b: Miraidon|Dazzling Gleam|p1a: Calyrex|[spread] \n|-activate|p1a: Calyrex|move: Wide Guard\n|-activate|p1b: Zamazenta|move: Wide Guard\n|\n|upkeep\n|turn|8\n|inactive|Playest has 30 seconds left.\n|\n|t:|1746049659\n|move|p1b: Zamazenta|Wide Guard|p1b: Zamazenta\n|-singleturn|p1b: Zamazenta|Wide Guard\n|move|p1a: Calyrex|Expanding Force|p2a: Calyrex\n|-resisted|p2a: Calyrex\n|-damage|p2a: Calyrex|0 fnt\n|faint|p2a: Calyrex\n|-ability|p1a: Calyrex|Grim Neigh|boost\n|-boost|p1a: Calyrex|spa|1\n|move|p2b: Miraidon|Dazzling Gleam|p1b: Zamazenta|[spread] \n|-activate|p1a: Calyrex|move: Wide Guard\n|-activate|p1b: Zamazenta|move: Wide Guard\n|\n|upkeep\n|turn|9\n|\n|t:|1746049671\n|move|p1b: Zamazenta|Wide Guard|p1b: Zamazenta\n|-singleturn|p1b: Zamazenta|Wide Guard\n|move|p1a: Calyrex|Astral Barrage|p2b: Miraidon\n|-damage|p2b: Miraidon|0 fnt\n|faint|p2b: Miraidon\n|\n|win|cooleo1208\n||Playest is ready for game 2.\n|inactive|cooleo1208 has 30 seconds to confirm battle start!\n|inactive|cooleo1208 has 20 seconds to confirm battle start!\n||cooleo1208 is ready for game 2.\n|uhtml|next|Next: <a href=\"/battle-gen9vgc2025regibo3-2354256158\"><strong>Game 2 of 3</strong></a>\n|l|\u2606cooleo1208\n|player|p1|\n|l|\u2606Playest\n|player|p2|\n|j|\u2606Playest\n|player|p2|Playest|infielder|\n", "uploadtime": 1746050604, "views": 6, "formatid": "gen9vgc2025regibo3", "rating": null, "private": 0, "password": null}