{"id": "gen9vgc2025regibo3-2354225374", "format": "[Gen 9] VGC 2025 Reg I (Bo3)", "players": ["Playest", "TJMVI"], "log": "|j|\u2606Playest\n|j|\u2606TJMVI\n|html|<table width=\"100%\"><tr><td align=\"left\">Playest</td><td align=\"right\">TJMVI</tr><tr><td align=\"left\"><i class=\"fa fa-circle\"></i> <i class=\"fa fa-circle-o\"></i> </td><td align=\"right\"><i class=\"fa fa-circle-o\"></i> <i class=\"fa fa-circle-o\"></i> </tr></table>\n|uhtml|bestof|<h2><strong>Game 2</strong> of <a href=\"/game-bestof3-gen9vgc2025regibo3-2354222806\">a best-of-3</a></h2>\n|t:|1746046521\n|gametype|doubles\n|player|p1|Playest|infielder|1199\n|player|p2|TJMVI|lance|1083\n|teamsize|p1|6\n|teamsize|p2|6\n|gen|9\n|tier|[Gen 9] VGC 2025 Reg I (Bo3)\n|rated|\n|rule|Species Clause: Limit one of each Pok\u00e9mon\n|rule|Item Clause: Limit 1 of each item\n|clearpoke\n|poke|p1|Calyrex-Shadow, L50|\n|poke|p1|Miraidon, L50|\n|poke|p1|Urshifu-*, L50, F|\n|poke|p1|Tornadus, L50, M|\n|poke|p1|Chi-Yu, L50|\n|poke|p1|Indeedee-F, L50, F|\n|poke|p2|Chi-Yu, L50|\n|poke|p2|Calyrex-Shadow, L50|\n|poke|p2|Koraidon, L50|\n|poke|p2|Whimsicott, L50, F|\n|poke|p2|Indeedee-F, L50, F|\n|poke|p2|Iron Bundle, L50|\n|teampreview|4\n|showteam|p1|Calyrex-Shadow||FocusSash|AsOneSpectrier|Protect,Psychic,Taunt,AstralBarrage||||||50|,,,,,Normal]Miraidon||ChoiceSpecs|HadronEngine|ElectroDrift,DracoMeteor,DazzlingGleam,Snarl||||||50|,,,,,Fairy]Urshifu-Rapid-Strike||MysticWater|UnseenFist|Detect,AquaJet,CloseCombat,SurgingStrikes|||F|||50|,,,,,Water]Tornadus||CovertCloak|Prankster|Protect,Tailwind,RainDance,BleakwindStorm|||M|||50|,,,,,Dark]Chi-Yu||ChoiceScarf|BeadsofRuin|HeatWave,Snarl,DarkPulse,Overheat||||||50|,,,,,Ghost]Indeedee-F||RockyHelmet|Synchronize|FollowMe,FakeOut,TrickRoom,Psychic|||F|||50|,,,,,Grass\n|showteam|p2|Chi-Yu||ChoiceScarf|BeadsofRuin|Flamethrower,DarkPulse,Snarl,HeatWave||||||50|,,,,,Fire]Calyrex-Shadow||FocusSash|AsOneSpectrier|AstralBarrage,ExpandingForce,PollenPuff,Protect||||||50|,,,,,Ghost]Koraidon||LifeOrb|OrichalcumPulse|CollisionCourse,FlareBlitz,FlameCharge,Protect||||||50|,,,,,Fire]Whimsicott||CovertCloak|Prankster|Moonblast,Encore,Taunt,Tailwind|||F|||50|,,,,,Steel]Indeedee-F||SafetyGoggles|PsychicSurge|DazzlingGleam,HelpingHand,FollowMe,HealPulse|||F|||50|,,,,,Fairy]Iron Bundle||BoosterEnergy|QuarkDrive|FreezeDry,IcyWind,HydroPump,Protect||||||50|,,,,,Ice\n|inactive|Battle timer is ON: inactive players will automatically lose when time's up. (requested by TJMVI)\n|inactive|Playest also wants the timer to be on.\n|inactive|Playest has 60 seconds left.\n|inactive|TJMVI has 60 seconds left.\n|\n|t:|1746046556\n|start\n|switch|p1a: Tornadus|Tornadus, L50, M|100/100\n|switch|p1b: Chi-Yu|Chi-Yu, L50|100/100\n|switch|p2a: Koraidon|Koraidon, L50|100/100\n|switch|p2b: Whimsicott|Whimsicott, L50, F|100/100\n|-ability|p1b: Chi-Yu|Beads of Ruin\n|-weather|SunnyDay|[from] ability: Orichalcum Pulse|[of] p2a: Koraidon\n|-activate|p2a: Koraidon|Orichalcum Pulse|[source]\n|turn|1\n|inactive|TJMVI has 30 seconds left.\n|\n|t:|1746046582\n|switch|p2b: Indeedee|Indeedee-F, L50, F|100/100\n|-fieldstart|move: Psychic Terrain|[from] ability: Psychic Surge|[of] p2b: Indeedee\n|-terastallize|p2a: Koraidon|Fire\n|move|p1a: Tornadus|Tailwind|p1a: Tornadus\n|-sidestart|p1: Playest|move: Tailwind\n|move|p1b: Chi-Yu|Heat Wave|p2b: Indeedee|[spread] p2a,p2b\n|-resisted|p2a: Koraidon\n|-damage|p2a: Koraidon|64/100\n|-damage|p2b: Indeedee|13/100\n|move|p2a: Koraidon|Collision Course|p1a: Tornadus\n|-resisted|p1a: Tornadus\n|-damage|p1a: Tornadus|39/100\n|-damage|p2a: Koraidon|54/100|[from] item: Life Orb\n|\n|-weather|SunnyDay|[upkeep]\n|upkeep\n|turn|2\n|inactive|Playest has 30 seconds left.\n|inactive|TJMVI has 30 seconds left.\n|\n|t:|1746046610\n|move|p2b: Indeedee|Follow Me|p2b: Indeedee\n|-singleturn|p2b: Indeedee|move: Follow Me\n|move|p1a: Tornadus|Rain Dance|p1a: Tornadus\n|-weather|RainDance\n|move|p1b: Chi-Yu|Heat Wave|p2a: Koraidon|[spread] p2a,p2b\n|-resisted|p2a: Koraidon\n|-damage|p2a: Koraidon|42/100\n|-damage|p2b: Indeedee|0 fnt\n|faint|p2b: Indeedee\n|move|p2a: Koraidon|Flame Charge|p1a: Tornadus\n|-damage|p1a: Tornadus|11/100\n|-boost|p2a: Koraidon|spe|1\n|-damage|p2a: Koraidon|32/100|[from] item: Life Orb\n|\n|-weather|RainDance|[upkeep]\n|upkeep\n|\n|t:|1746046623\n|switch|p2b: Calyrex|Calyrex-Shadow, L50|100/100\n|-ability|p2b: Calyrex|As One\n|-ability|p2b: Calyrex|Unnerve\n|turn|3\n|\n|t:|1746046643\n|move|p2a: Koraidon|Protect|p2a: Koraidon\n|-singleturn|p2a: Koraidon|Protect\n|move|p1b: Chi-Yu|Heat Wave|p2b: Calyrex|[spread] p2b\n|-activate|p2a: Koraidon|move: Protect\n|-damage|p2b: Calyrex|73/100\n|move|p1a: Tornadus|Bleakwind Storm|p2b: Calyrex|[spread] p2b\n|-activate|p2a: Koraidon|move: Protect\n|-damage|p2b: Calyrex|26/100\n|move|p2b: Calyrex|Astral Barrage|p1a: Tornadus|[spread] p1a,p1b\n|-resisted|p1b: Chi-Yu\n|-damage|p1a: Tornadus|0 fnt\n|-damage|p1b: Chi-Yu|71/100\n|faint|p1a: Tornadus\n|-ability|p2b: Calyrex|Grim Neigh|boost\n|-boost|p2b: Calyrex|spa|1\n|\n|-weather|RainDance|[upkeep]\n|upkeep\n|\n|t:|1746046655\n|switch|p1a: Calyrex|Calyrex-Shadow, L50|100/100\n|-ability|p1a: Calyrex|As One\n|-ability|p1a: Calyrex|Unnerve\n|turn|4\n|\n|t:|1746046671\n|switch|p1b: Miraidon|Miraidon, L50|100/100\n|-fieldstart|move: Electric Terrain|[from] ability: Hadron Engine|[of] p1b: Miraidon\n|switch|p2a: Whimsicott|Whimsicott, L50, F|100/100\n|move|p2b: Calyrex|Protect|p2b: Calyrex\n|-singleturn|p2b: Calyrex|Protect\n|move|p1a: Calyrex|Astral Barrage|p2b: Calyrex|[spread] p2a\n|-activate|p2b: Calyrex|move: Protect\n|-damage|p2a: Whimsicott|12/100\n|\n|-weather|RainDance|[upkeep]\n|-sideend|p1: Playest|move: Tailwind\n|upkeep\n|turn|5\n|inactive|TJMVI has 30 seconds left.\n|\n|t:|1746046697\n|-terastallize|p1a: Calyrex|Normal\n|move|p2a: Whimsicott|Tailwind|p2a: Whimsicott\n|-sidestart|p2: TJMVI|move: Tailwind\n|move|p2b: Calyrex|Astral Barrage|p1b: Miraidon|[spread] p1b\n|-immune|p1a: Calyrex\n|-crit|p1b: Miraidon\n|-damage|p1b: Miraidon|0 fnt\n|faint|p1b: Miraidon\n|-ability|p2b: Calyrex|Grim Neigh|boost\n|-boost|p2b: Calyrex|spa|1\n|move|p1a: Calyrex|Astral Barrage|p2a: Whimsicott|[spread] p2a,p2b\n|-supereffective|p2b: Calyrex\n|-damage|p2a: Whimsicott|0 fnt\n|-damage|p2b: Calyrex|0 fnt\n|faint|p2a: Whimsicott\n|faint|p2b: Calyrex\n|-ability|p1a: Calyrex|Grim Neigh|boost\n|-boost|p1a: Calyrex|spa|2\n|\n|-weather|RainDance|[upkeep]\n|upkeep\n|\n|t:|1746046712\n|switch|p2b: Koraidon|Koraidon, L50, tera:Fire|32/100\n|switch|p1b: Chi-Yu|Chi-Yu, L50|71/100\n|-weather|SunnyDay|[from] ability: Orichalcum Pulse|[of] p2b: Koraidon\n|-activate|p2b: Koraidon|Orichalcum Pulse|[source]\n|-ability|p1b: Chi-Yu|Beads of Ruin\n|turn|6\n|\n|t:|1746046723\n|move|p2b: Koraidon|Collision Course|p1b: Chi-Yu\n|-supereffective|p1b: Chi-Yu\n|-damage|p1b: Chi-Yu|0 fnt\n|faint|p1b: Chi-Yu\n|-damage|p2b: Koraidon|22/100|[from] item: Life Orb\n|move|p1a: Calyrex|Astral Barrage|p2b: Koraidon\n|-damage|p2b: Koraidon|0 fnt\n|faint|p2b: Koraidon\n|\n|win|Playest\n|raw|Playest's rating: 1199 &rarr; <strong>1216</strong><br />(+17 for winning)\n|raw|TJMVI's rating: 1083 &rarr; <strong>1068</strong><br />(-15 for losing)\n|c|\u2606Playest|ggs\n|l|\u2606TJMVI\n|player|p2|\n|c|\u2606Playest|how do you like bundle?\n", "uploadtime": 1746046781, "views": 7, "formatid": "gen9vgc2025regibo3", "rating": 1068, "private": 0, "password": null}