{"id": "gen9vgc2025regibo3-2354434990", "format": "[Gen 9] VGC 2025 Reg I (Bo3)", "players": ["JustAddBacon", "crn719"], "log": "|j|\u2606JustAddBacon\n|j|\u2606crn719\n|html|<table width=\"100%\"><tr><td align=\"left\">JustAddBacon</td><td align=\"right\">crn719</tr><tr><td align=\"left\"><i class=\"fa fa-circle\"></i> <i class=\"fa fa-circle-o\"></i> </td><td align=\"right\"><i class=\"fa fa-circle-o\"></i> <i class=\"fa fa-circle\"></i> </tr></table>\n|uhtml|bestof|<h2><strong>Game 3</strong> of <a href=\"/game-bestof3-gen9vgc2025regibo3-2354431535\">a best-of-3</a></h2>\n|t:|1746071216\n|gametype|doubles\n|player|p1|JustAddBacon|barry|1067\n|player|p2|crn719|1|1029\n|teamsize|p1|6\n|teamsize|p2|6\n|gen|9\n|tier|[Gen 9] VGC 2025 Reg I (Bo3)\n|rated|\n|rule|Species Clause: Limit one of each Pok\u00e9mon\n|rule|Item Clause: Limit 1 of each item\n|clearpoke\n|poke|p1|Ho-Oh, L50|\n|poke|p1|Incineroar, L50, M|\n|poke|p1|Walking Wake, L50|\n|poke|p1|Raging Bolt, L50|\n|poke|p1|Rillaboom, L50, F|\n|poke|p1|Groudon, L50|\n|poke|p2|Miraidon, L50|\n|poke|p2|Whimsicott, L50, F|\n|poke|p2|Lunala, L50|\n|poke|p2|Incineroar, L50, M|\n|poke|p2|Ogerpon-Hearthflame, L50, F|\n|poke|p2|Landorus, L50, M|\n|teampreview|4\n|showteam|p1|Ho-Oh||SitrusBerry|Regenerator|BraveBird,SacredFire,Tailwind,Protect||||||50|,,,,,Ground]Incineroar||SafetyGoggles|Intimidate|KnockOff,PartingShot,FakeOut,FlareBlitz|||M|||50|,,,,,Grass]Walking Wake||LifeOrb|Protosynthesis|DragonPulse,HydroSteam,WeatherBall,Protect||||||50|,,,,,Fairy]Raging Bolt||AssaultVest|Protosynthesis|Discharge,Thunderclap,VoltSwitch,DragonPulse||||||50|,,,,,Fairy]Rillaboom||Leftovers|GrassySurge|FakeOut,GrassyGlide,SolarBlade,Protect|||F|||50|,,,,,Fire]Groudon||ClearAmulet|Drought|PrecipiceBlades,RockSlide,RockTomb,Protect||||||50|,,,,,Fire\n|showteam|p2|Miraidon||ChoiceSpecs|HadronEngine|ElectroDrift,VoltSwitch,DracoMeteor,Discharge||||||50|,,,,,Electric]Whimsicott||CovertCloak|Prankster|Tailwind,Protect,HelpingHand,Encore|||F|||50|,,,,,Grass]Lunala||PowerHerb|ShadowShield|Tailwind,MeteorBeam,DazzlingGleam,MoongeistBeam||||||50|,,,,,Fairy]Incineroar||AssaultVest|Intimidate|FlareBlitz,Uturn,KnockOff,FakeOut|||M|||50|,,,,,Ghost]Ogerpon-Hearthflame||HearthflameMask|MoldBreaker|IvyCudgel,HornLeech,SpikyShield,FollowMe|||F|||50|,,,,,Fire]Landorus||LifeOrb|SheerForce|EarthPower,SludgeBomb,SandsearStorm,Protect|||M|||50|,,,,,Steel\n|\n|t:|1746071232\n|start\n|switch|p1a: Groudon|Groudon, L50|100/100\n|switch|p1b: Walking Wake|Walking Wake, L50|100/100\n|switch|p2a: Lunala|Lunala, L50|100/100\n|switch|p2b: whizzy|Whimsicott, L50, F, shiny|100/100\n|-weather|SunnyDay|[from] ability: Drought|[of] p1a: Groudon\n|-activate|p1b: Walking Wake|ability: Protosynthesis\n|-start|p1b: Walking Wake|protosynthesisspe\n|turn|1\n|\n|t:|1746071277\n|-terastallize|p1b: Walking Wake|Fairy\n|move|p2b: whizzy|Tailwind|p2b: whizzy\n|-sidestart|p2: crn719|move: Tailwind\n|move|p1b: Walking Wake|Weather Ball|p2b: whizzy\n|-supereffective|p2b: whizzy\n|-damage|p2b: whizzy|0 fnt\n|faint|p2b: whizzy\n|-damage|p1b: Walking Wake|91/100|[from] item: Life Orb\n|move|p2a: Lunala|Moongeist Beam|p1b: Walking Wake\n|-damage|p1b: Walking Wake|28/100\n|move|p1a: Groudon|Rock Tomb|p2a: Lunala\n|-damage|p2a: Lunala|89/100\n|-unboost|p2a: Lunala|spe|1\n|\n|-weather|SunnyDay|[upkeep]\n|upkeep\n|\n|t:|1746071292\n|switch|p2b: Ogerpon|Ogerpon-Hearthflame, L50, F|100/100\n|-ability|p2b: Ogerpon|Mold Breaker\n|turn|2\n|\n|t:|1746071325\n|move|p1b: Walking Wake|Protect|p1b: Walking Wake\n|-singleturn|p1b: Walking Wake|Protect\n|move|p1a: Groudon|Protect|p1a: Groudon\n|-singleturn|p1a: Groudon|Protect\n|move|p2b: Ogerpon|Horn Leech|p1a: Groudon\n|-activate|p1a: Groudon|move: Protect\n|move|p2a: Lunala|Meteor Beam||[still]\n|-prepare|p2a: Lunala|Meteor Beam\n|-boost|p2a: Lunala|spa|1\n|-enditem|p2a: Lunala|Power Herb\n|-anim|p2a: Lunala|Meteor Beam|p1b: Walking Wake\n|-activate|p1b: Walking Wake|move: Protect\n|\n|-weather|SunnyDay|[upkeep]\n|upkeep\n|turn|3\n|\n|t:|1746071371\n|-end|p1b: Walking Wake|Protosynthesis|[silent]\n|switch|p1b: Rillaboom|Rillaboom, L50, F|100/100\n|-fieldstart|move: Grassy Terrain|[from] ability: Grassy Surge|[of] p1b: Rillaboom\n|move|p2b: Ogerpon|Horn Leech|p1a: Groudon\n|-supereffective|p1a: Groudon\n|-damage|p1a: Groudon|25/100\n|move|p2a: Lunala|Moongeist Beam|p1b: Rillaboom\n|-damage|p1b: Rillaboom|15/100\n|move|p1a: Groudon|Rock Slide|p2a: Lunala|[spread] p2a,p2b\n|-supereffective|p2b: Ogerpon\n|-damage|p2a: Lunala|66/100\n|-damage|p2b: Ogerpon|41/100\n|\n|-weather|SunnyDay|[upkeep]\n|-heal|p2b: Ogerpon|47/100|[from] Grassy Terrain\n|-heal|p2a: Lunala|72/100|[from] Grassy Terrain\n|-heal|p1a: Groudon|31/100|[from] Grassy Terrain\n|-heal|p1b: Rillaboom|20/100|[from] Grassy Terrain\n|-heal|p1b: Rillaboom|26/100|[from] item: Leftovers\n|upkeep\n|turn|4\n|inactive|Battle timer is ON: inactive players will automatically lose when time's up. (requested by crn719)\n|\n|t:|1746071408\n|switch|p1a: Ho-Oh|Ho-Oh, L50|100/100\n|move|p2b: Ogerpon|Spiky Shield|p2b: Ogerpon\n|-singleturn|p2b: Ogerpon|move: Protect\n|move|p1b: Rillaboom|Grassy Glide|p2a: Lunala\n|-damage|p2a: Lunala|31/100\n|move|p2a: Lunala|Moongeist Beam|p1a: Ho-Oh\n|-damage|p1a: Ho-Oh|53/100\n|\n|-weather|SunnyDay|[upkeep]\n|-heal|p2b: Ogerpon|53/100|[from] Grassy Terrain\n|-heal|p2a: Lunala|37/100|[from] Grassy Terrain\n|-heal|p1b: Rillaboom|32/100|[from] Grassy Terrain\n|-heal|p1b: Rillaboom|38/100|[from] item: Leftovers\n|-sideend|p2: crn719|move: Tailwind\n|upkeep\n|turn|5\n|inactive|JustAddBacon has 30 seconds left.\n|inactive|JustAddBacon has 20 seconds left.\n|\n|t:|1746071446\n|move|p1b: Rillaboom|Grassy Glide|p2a: Lunala\n|-damage|p2a: Lunala|0 fnt\n|faint|p2a: Lunala\n|move|p2b: Ogerpon|Ivy Cudgel|p1a: Ho-Oh|[anim] Ivy Cudgel Fire\n|-resisted|p1a: Ho-Oh\n|-damage|p1a: Ho-Oh|8/100\n|-enditem|p1a: Ho-Oh|Sitrus Berry|[eat]\n|-heal|p1a: Ho-Oh|33/100|[from] item: Sitrus Berry\n|move|p1a: Ho-Oh|Brave Bird|p2b: Ogerpon\n|-supereffective|p2b: Ogerpon\n|-damage|p2b: Ogerpon|0 fnt\n|faint|p2b: Ogerpon\n|-damage|p1a: Ho-Oh|21/100|[from] Recoil\n|\n|-weather|none\n|-heal|p1b: Rillaboom|43/100|[from] Grassy Terrain\n|-heal|p1b: Rillaboom|49/100|[from] item: Leftovers\n|upkeep\n|\n|t:|1746071466\n|switch|p2a: mi mi|Miraidon, L50|100/100\n|-fieldstart|move: Electric Terrain|[from] ability: Hadron Engine|[of] p2a: mi mi\n|turn|6\n|\n|t:|1746071478\n|-terastallize|p2a: mi mi|Electric\n|move|p1a: Ho-Oh|Protect|p1a: Ho-Oh\n|-singleturn|p1a: Ho-Oh|Protect\n|move|p1b: Rillaboom|Protect|p1b: Rillaboom\n|-singleturn|p1b: Rillaboom|Protect\n|move|p2a: mi mi|Electro Drift|p1b: Rillaboom\n|-activate|p1b: Rillaboom|move: Protect\n|\n|-heal|p1b: Rillaboom|55/100|[from] item: Leftovers\n|upkeep\n|turn|7\n|inactive|JustAddBacon has 30 seconds left.\n|\n|t:|1746071504\n|switch|p1b: Groudon|Groudon, L50|31/100\n|-weather|SunnyDay|[from] ability: Drought|[of] p1b: Groudon\n|move|p2a: mi mi|Electro Drift|p1a: Ho-Oh\n|-supereffective|p1a: Ho-Oh\n|-damage|p1a: Ho-Oh|0 fnt\n|faint|p1a: Ho-Oh\n|\n|-weather|SunnyDay|[upkeep]\n|upkeep\n|\n|t:|1746071514\n|switch|p1a: Rillaboom|Rillaboom, L50, F|55/100\n|-fieldstart|move: Grassy Terrain|[from] ability: Grassy Surge|[of] p1a: Rillaboom\n|turn|8\n|-message|crn719 forfeited.\n|raw|JustAddBacon's rating: 1067 &rarr; <strong>1094</strong><br />(+27 for winning)\n|raw|crn719's rating: 1029 &rarr; <strong>1016</strong><br />(-13 for losing)\n|\n|win|JustAddBacon\n|l|\u2606crn719\n|player|p2|\n", "uploadtime": 1746071520, "views": 14, "formatid": "gen9vgc2025regibo3", "rating": 1016, "private": 0, "password": null}