{"id": "gen9vgc2025regibo3-2354457449", "format": "[Gen 9] VGC 2025 Reg I (Bo3)", "players": ["all my fella", "YoungSinatra44"], "log": "|j|\u2606all my fella\n|j|\u2606YoungSinatra44\n|html|<table width=\"100%\"><tr><td align=\"left\">all my fella</td><td align=\"right\">YoungSinatra44</tr><tr><td align=\"left\"><i class=\"fa fa-circle-o\"></i> <i class=\"fa fa-circle-o\"></i> </td><td align=\"right\"><i class=\"fa fa-circle-o\"></i> <i class=\"fa fa-circle-o\"></i> </tr></table>\n|uhtml|bestof|<h2><strong>Game 1</strong> of <a href=\"/game-bestof3-gen9vgc2025regibo3-2354457448\">a best-of-3</a></h2>\n|t:|1746074542\n|gametype|doubles\n|player|p1|all my fella|policeman-gen4|1393\n|player|p2|YoungSinatra44|169|1339\n|teamsize|p1|6\n|teamsize|p2|6\n|gen|9\n|tier|[Gen 9] VGC 2025 Reg I (Bo3)\n|rated|\n|rule|Species Clause: Limit one of each Pok\u00e9mon\n|rule|Item Clause: Limit 1 of each item\n|clearpoke\n|poke|p1|Miraidon, L50|\n|poke|p1|Whimsicott, L50, F|\n|poke|p1|Urshifu-*, L50, M|\n|poke|p1|Zamazenta-*, L50|\n|poke|p1|Farigiraf, L50, F|\n|poke|p1|Incineroar, L50, M|\n|poke|p2|Calyrex-Shadow, L50|\n|poke|p2|Iron Treads, L50|\n|poke|p2|Tyranitar, L50, F|\n|poke|p2|Raging Bolt, L50|\n|poke|p2|Ho-Oh, L50|\n|poke|p2|Urshifu-*, L50, F|\n|teampreview|4\n|showteam|p1|Miraidon||ChoiceSpecs|HadronEngine|ElectroDrift,DracoMeteor,VoltSwitch,DazzlingGleam||||||50|,,,,,Electric]Whimsicott||CovertCloak|Prankster|Moonblast,Tailwind,LightScreen,Encore|||F|||50|,,,,,Dark]Urshifu||FocusSash|UnseenFist|Detect,WickedBlow,CloseCombat,SuckerPunch|||M|||50|,,,,,Dark]Zamazenta-Crowned||RustedShield|DauntlessShield|Protect,WideGuard,BodyPress,HeavySlam||||||50|,,,,,Fire]Farigiraf||LifeOrb|ArmorTail|FoulPlay,HyperVoice,ExpandingForce,TrickRoom|||F|||50|,,,,,Water]Incineroar||AssaultVest|Intimidate|FakeOut,Uturn,FlareBlitz,KnockOff|||M|||50|,,,,,Bug\n|showteam|p2|Calyrex-Shadow||CovertCloak|AsOneSpectrier|AstralBarrage,Psychic,NastyPlot,Protect||||||50|,,,,,Dark]Iron Treads||LifeOrb|QuarkDrive|HighHorsepower,IronHead,KnockOff,Protect||||||50|,,,,,Ghost]Tyranitar||SafetyGoggles|SandStream|RockSlide,KnockOff,LowKick,Protect|||F|||50|,,,,,Flying]Raging Bolt||AssaultVest|Protosynthesis|Thunderclap,DragonPulse,Thunderbolt,Snarl||||||50|,,,,,Fairy]Ho-Oh||SitrusBerry|Regenerator|BraveBird,SacredFire,Tailwind,Protect||||||50|,,,,,Grass]Urshifu-Rapid-Strike||ChoiceScarf|UnseenFist|SurgingStrikes,CloseCombat,AquaJet,Uturn|||F|||50|,,,,,Water\n|inactive|Battle timer is ON: inactive players will automatically lose when time's up. (requested by all my fella)\n|inactive|YoungSinatra44 has 60 seconds left.\n|\n|t:|1746074576\n|start\n|switch|p1a: Whimsicott|Whimsicott, L50, F|100/100\n|switch|p1b: Miraidon|Miraidon, L50|100/100\n|switch|p2a: Iron Treads|Iron Treads, L50|100/100\n|switch|p2b: Ho-Oh|Ho-Oh, L50, shiny|100/100\n|-fieldstart|move: Electric Terrain|[from] ability: Hadron Engine|[of] p1b: Miraidon\n|-activate|p2a: Iron Treads|ability: Quark Drive\n|-start|p2a: Iron Treads|quarkdrivespe\n|turn|1\n|\n|t:|1746074596\n|move|p2b: Ho-Oh|Protect|p2b: Ho-Oh\n|-singleturn|p2b: Ho-Oh|Protect\n|move|p1a: Whimsicott|Tailwind|p1a: Whimsicott\n|-sidestart|p1: all my fella|move: Tailwind\n|move|p1b: Miraidon|Draco Meteor|p2a: Iron Treads\n|-resisted|p2a: Iron Treads\n|-damage|p2a: Iron Treads|15/100\n|-unboost|p1b: Miraidon|spa|2\n|move|p2a: Iron Treads|High Horsepower|p1b: Miraidon\n|-supereffective|p1b: Miraidon\n|-damage|p1b: Miraidon|0 fnt\n|faint|p1b: Miraidon\n|-damage|p2a: Iron Treads|5/100|[from] item: Life Orb\n|\n|upkeep\n|\n|t:|1746074602\n|switch|p1b: Zamazenta|Zamazenta-Crowned, L50|100/100\n|-ability|p1b: Zamazenta|Dauntless Shield|boost\n|-boost|p1b: Zamazenta|def|1\n|turn|2\n|inactive|YoungSinatra44 has 30 seconds left.\n|inactive|YoungSinatra44 has 20 seconds left.\n|\n|t:|1746074638\n|switch|p2b: Tyranitar|Tyranitar, L50, F|100/100\n|-weather|Sandstorm|[from] ability: Sand Stream|[of] p2b: Tyranitar\n|move|p1a: Whimsicott|Encore|p2b: Tyranitar\n|-hint|Since gen 7, Dark is immune to Prankster moves.\n|-immune|p2b: Tyranitar\n|move|p1b: Zamazenta|Heavy Slam|p2a: Iron Treads\n|-resisted|p2a: Iron Treads\n|-damage|p2a: Iron Treads|0 fnt\n|faint|p2a: Iron Treads\n|-end|p2a: Iron Treads|Quark Drive|[silent]\n|\n|-weather|Sandstorm|[upkeep]\n|-damage|p1a: Whimsicott|95/100|[from] Sandstorm\n|upkeep\n|\n|t:|1746074649\n|switch|p2a: Ho-Oh|Ho-Oh, L50, shiny|100/100\n|turn|3\n|\n|t:|1746074658\n|-terastallize|p1b: Zamazenta|Fire\n|-terastallize|p2b: Tyranitar|Flying\n|move|p1a: Whimsicott|Moonblast|p2b: Tyranitar\n|-damage|p2b: Tyranitar|76/100\n|move|p1b: Zamazenta|Body Press|p2b: Tyranitar\n|-resisted|p2b: Tyranitar\n|-damage|p2b: Tyranitar|50/100\n|move|p2a: Ho-Oh|Sacred Fire|p1b: Zamazenta\n|-resisted|p1b: Zamazenta\n|-damage|p1b: Zamazenta|91/100\n|move|p2b: Tyranitar|Rock Slide|p1b: Zamazenta|[spread] p1a,p1b\n|-supereffective|p1b: Zamazenta\n|-damage|p1a: Whimsicott|59/100\n|-damage|p1b: Zamazenta|69/100\n|\n|-weather|Sandstorm|[upkeep]\n|-damage|p1a: Whimsicott|53/100|[from] Sandstorm\n|-damage|p1b: Zamazenta|63/100|[from] Sandstorm\n|-damage|p2a: Ho-Oh|94/100|[from] Sandstorm\n|upkeep\n|turn|4\n|inactive|all my fella has 30 seconds left.\n|inactive|YoungSinatra44 has 30 seconds left.\n|\n|t:|1746074687\n|move|p2b: Tyranitar|Protect|p2b: Tyranitar\n|-singleturn|p2b: Tyranitar|Protect\n|move|p1a: Whimsicott|Moonblast|p2b: Tyranitar\n|-activate|p2b: Tyranitar|move: Protect\n|move|p1b: Zamazenta|Heavy Slam|p2b: Tyranitar\n|-activate|p2b: Tyranitar|move: Protect\n|move|p2a: Ho-Oh|Sacred Fire|p1a: Whimsicott\n|-supereffective|p1a: Whimsicott\n|-damage|p1a: Whimsicott|0 fnt\n|faint|p1a: Whimsicott\n|\n|-weather|Sandstorm|[upkeep]\n|-damage|p1b: Zamazenta|57/100|[from] Sandstorm\n|-damage|p2a: Ho-Oh|88/100|[from] Sandstorm\n|-sideend|p1: all my fella|move: Tailwind\n|upkeep\n|\n|t:|1746074689\n|switch|p1a: Incineroar|Incineroar, L50, M|100/100\n|-ability|p1a: Incineroar|Intimidate|boost\n|-unboost|p2a: Ho-Oh|atk|1\n|-unboost|p2b: Tyranitar|atk|1\n|turn|5\n|inactive|YoungSinatra44 has 30 seconds left.\n|\n|t:|1746074721\n|move|p1b: Zamazenta|Body Press|p2b: Tyranitar\n|-resisted|p2b: Tyranitar\n|-damage|p2b: Tyranitar|21/100\n|move|p2a: Ho-Oh|Brave Bird|p1a: Incineroar\n|-damage|p1a: Incineroar|70/100\n|-damage|p2a: Ho-Oh|79/100|[from] Recoil\n|move|p2b: Tyranitar|Low Kick|p1a: Incineroar\n|-supereffective|p1a: Incineroar\n|-damage|p1a: Incineroar|35/100\n|move|p1a: Incineroar|Knock Off|p2b: Tyranitar\n|-damage|p2b: Tyranitar|0 fnt\n|-enditem|p2b: Tyranitar|Safety Goggles|[from] move: Knock Off|[of] p1a: Incineroar\n|faint|p2b: Tyranitar\n|\n|-weather|Sandstorm|[upkeep]\n|-damage|p1b: Zamazenta|50/100|[from] Sandstorm\n|-damage|p2a: Ho-Oh|73/100|[from] Sandstorm\n|-damage|p1a: Incineroar|29/100|[from] Sandstorm\n|-fieldend|move: Electric Terrain\n|upkeep\n|\n|t:|1746074731\n|switch|p2b: Urshifu|Urshifu-Rapid-Strike, L50, F|100/100\n|turn|6\n|-message|all my fella forfeited.\n|\n|win|YoungSinatra44\n|l|\u2606all my fella\n|player|p1|\n||all my fella is ready for game 2.\n||YoungSinatra44 is ready for game 2.\n|uhtml|next|Next: <a href=\"/battle-gen9vgc2025regibo3-2354458681\"><strong>Game 2 of 3</strong></a>\n|l|\u2606YoungSinatra44\n|player|p2|\n", "uploadtime": 1746075081, "views": 8, "formatid": "gen9vgc2025regibo3", "rating": null, "private": 0, "password": null}