{"id": "gen9vgc2025regibo3-2353665802", "format": "[Gen 9] VGC 2025 Reg I (Bo3)", "players": ["lebobguy", "RegI\u2026Yawn"], "log": "|j|\u2606lebobguy\n|j|\u203dRegI\u2026Yawn\n|html|<table width=\"100%\"><tr><td align=\"left\">lebobguy</td><td align=\"right\">RegI\u2026Yawn</tr><tr><td align=\"left\"><i class=\"fa fa-circle\"></i> <i class=\"fa fa-circle-o\"></i> </td><td align=\"right\"><i class=\"fa fa-circle-o\"></i> <i class=\"fa fa-circle-o\"></i> </tr></table>\n|uhtml|bestof|<h2><strong>Game 2</strong> of <a href=\"/game-bestof3-gen9vgc2025regibo3-2353663869\">a best-of-3</a></h2>\n|t:|1745980918\n|gametype|doubles\n|player|p1|lebobguy|clown|1113\n|player|p2|RegI\u2026Yawn|102|1206\n|teamsize|p1|6\n|teamsize|p2|6\n|gen|9\n|tier|[Gen 9] VGC 2025 Reg I (Bo3)\n|rated|\n|rule|Species Clause: Limit one of each Pok\u00e9mon\n|rule|Item Clause: Limit 1 of each item\n|clearpoke\n|poke|p1|Miraidon, L50|\n|poke|p1|Tornadus, L50, M|\n|poke|p1|Urshifu-*, L50, F|\n|poke|p1|Kyogre, L50|\n|poke|p1|Archaludon, L50, M|\n|poke|p1|Zoroark-Hisui, L50, F|\n|poke|p2|Zacian-*, L50|\n|poke|p2|Chien-Pao, L50|\n|poke|p2|Umbreon, L50, M|\n|poke|p2|Urshifu-*, L50, M|\n|poke|p2|Kyogre, L50|\n|poke|p2|Thundurus, L50, M|\n|teampreview|4\n|showteam|p1|Miraidon||ChoiceSpecs|HadronEngine|ElectroDrift,DazzlingGleam,VoltSwitch,DracoMeteor||||||50|,,,,,Fairy]Tornadus||CovertCloak|Prankster|Tailwind,Taunt,BleakwindStorm,Protect|||M|||50|,,,,,Dark]Urshifu-Rapid-Strike||MysticWater|UnseenFist|AquaJet,SurgingStrikes,LowKick,Detect|||F|||50|,,,,,Dark]Kyogre||LifeOrb|Drizzle|OriginPulse,IceBeam,MuddyWater,Protect||||||50|,,,,,Grass]Archaludon||AssaultVest|Stamina|ElectroShot,DracoMeteor,BodyPress,FlashCannon|||M|||50|,,,,,Ghost]Zoroark-Hisui||ExpertBelt|Illusion|BitterMalice,DarkPulse,Uturn,Detect|||F|||50|,,,,,Fairy\n|showteam|p2|Zacian-Crowned||RustedSword|IntrepidSword|behemothblade,PlayRough,Substitute,Protect||||||50|,,,,,Stellar]Chien-Pao||FocusSash|SwordofRuin|SacredSword,SuckerPunch,IcicleCrash,Protect||||||50|,,,,,Ghost]Umbreon||SafetyGoggles|InnerFocus|FoulPlay,Taunt,HelpingHand,Yawn|||M|||50|,,,,,Water]Urshifu-Rapid-Strike||ChoiceScarf|UnseenFist|SurgingStrikes,CloseCombat,Coaching,Uturn|||M|||50|,,,,,Water]Kyogre||MysticWater|Drizzle|WaterSpout,OriginPulse,IceBeam,Protect||||||50|,,,,,Grass]Thundurus||RockyHelmet|Prankster|Thunderbolt,ScaryFace,EerieImpulse,VoltSwitch|||M|||50|,,,,,Dark\n|c|\u2606lebobguy|glhF :)\n|\n|t:|1745980936\n|start\n|switch|p1a: Tornadus|Tornadus, L50, M|100/100\n|switch|p1b: Archaludon|Archaludon, L50, M|100/100\n|switch|p2a: Urshifu|Urshifu-Rapid-Strike, L50, M|100/100\n|switch|p2b: Thundurus|Thundurus, L50, M|100/100\n|turn|1\n|\n|t:|1745980957\n|-terastallize|p1b: Archaludon|Ghost\n|move|p2b: Thundurus|Eerie Impulse|p1b: Archaludon\n|-unboost|p1b: Archaludon|spa|2\n|move|p1a: Tornadus|Taunt|p2b: Thundurus\n|-start|p2b: Thundurus|move: Taunt\n|move|p2a: Urshifu|U-turn|p1a: Tornadus\n|-resisted|p1a: Tornadus\n|-damage|p1a: Tornadus|83/100\n|inactive|Battle timer is ON: inactive players will automatically lose when time's up. (requested by lebobguy)\n|\n|t:|1745980967\n|switch|p2a: Chien-Pao|Chien-Pao, L50|100/100|[from] U-turn\n|-ability|p2a: Chien-Pao|Sword of Ruin\n|move|p1b: Archaludon|Electro Shot||[still]\n|-prepare|p1b: Archaludon|Electro Shot\n|-boost|p1b: Archaludon|spa|1\n|\n|upkeep\n|turn|2\n|\n|t:|1745980973\n|move|p2a: Chien-Pao|Sucker Punch|p1b: Archaludon\n|-supereffective|p1b: Archaludon\n|-damage|p1b: Archaludon|29/100\n|-ability|p1b: Archaludon|Stamina|boost\n|-boost|p1b: Archaludon|def|1\n|move|p1a: Tornadus|Tailwind|p1a: Tornadus\n|-sidestart|p1: lebobguy|move: Tailwind\n|move|p1b: Archaludon|Electro Shot|p2b: Thundurus|[from] lockedmove\n|-damage|p2b: Thundurus|70/100\n|move|p2b: Thundurus|Volt Switch|p1a: Tornadus\n|-supereffective|p1a: Tornadus\n|-damage|p1a: Tornadus|38/100\n|\n|t:|1745980977\n|switch|p2b: Kyogre|Kyogre, L50|100/100|[from] Volt Switch\n|-weather|RainDance|[from] ability: Drizzle|[of] p2b: Kyogre\n|\n|-weather|RainDance|[upkeep]\n|upkeep\n|turn|3\n|\n|t:|1745980987\n|switch|p1b: Kyogre|Kyogre, L50|100/100\n|move|p2a: Chien-Pao|Protect|p2a: Chien-Pao\n|-singleturn|p2a: Chien-Pao|Protect\n|move|p2b: Kyogre|Protect|p2b: Kyogre\n|-singleturn|p2b: Kyogre|Protect\n|move|p1a: Tornadus|Bleakwind Storm|p2a: Chien-Pao|[spread] \n|-activate|p2a: Chien-Pao|move: Protect\n|-activate|p2b: Kyogre|move: Protect\n|\n|-weather|RainDance|[upkeep]\n|upkeep\n|turn|4\n|\n|t:|1745981006\n|switch|p1a: Miraidon|Miraidon, L50|100/100\n|-fieldstart|move: Electric Terrain|[from] ability: Hadron Engine|[of] p1a: Miraidon\n|move|p2a: Chien-Pao|Sucker Punch||[still]\n|-fail|p2a: Chien-Pao\n|move|p1b: Kyogre|Origin Pulse|p2b: Kyogre|[spread] p2b\n|-miss|p1b: Kyogre|p2a: Chien-Pao\n|-resisted|p2b: Kyogre\n|-damage|p2b: Kyogre|70/100\n|-damage|p1b: Kyogre|91/100|[from] item: Life Orb\n|move|p2b: Kyogre|Origin Pulse|p1b: Kyogre|[spread] p1a,p1b\n|-resisted|p1a: Miraidon\n|-resisted|p1b: Kyogre\n|-damage|p1a: Miraidon|59/100\n|-damage|p1b: Kyogre|58/100\n|\n|-weather|RainDance|[upkeep]\n|upkeep\n|turn|5\n|\n|t:|1745981012\n|move|p2a: Chien-Pao|Protect|p2a: Chien-Pao\n|-singleturn|p2a: Chien-Pao|Protect\n|move|p2b: Kyogre|Protect|p2b: Kyogre\n|-singleturn|p2b: Kyogre|Protect\n|move|p1a: Miraidon|Volt Switch|p2a: Chien-Pao\n|-activate|p2a: Chien-Pao|move: Protect\n|move|p1b: Kyogre|Origin Pulse|p2a: Chien-Pao|[spread] \n|-activate|p2a: Chien-Pao|move: Protect\n|-activate|p2b: Kyogre|move: Protect\n|\n|-weather|RainDance|[upkeep]\n|-sideend|p1: lebobguy|move: Tailwind\n|upkeep\n|turn|6\n|inactive|RegI\u2026Yawn has 30 seconds left.\n|\n|t:|1745981041\n|switch|p1a: Archaludon|Archaludon, L50, M, tera:Ghost|29/100\n|move|p2a: Chien-Pao|Icicle Crash|p1a: Archaludon\n|-damage|p1a: Archaludon|0 fnt\n|faint|p1a: Archaludon\n|move|p1b: Kyogre|Origin Pulse|p2b: Kyogre|[spread] p2a,p2b\n|-resisted|p2b: Kyogre\n|-enditem|p2a: Chien-Pao|Focus Sash\n|-damage|p2a: Chien-Pao|1/100\n|-damage|p2b: Kyogre|43/100\n|-damage|p1b: Kyogre|48/100|[from] item: Life Orb\n|move|p2b: Kyogre|Origin Pulse|p1b: Kyogre\n|-resisted|p1b: Kyogre\n|-crit|p1b: Kyogre\n|-damage|p1b: Kyogre|0 fnt\n|faint|p1b: Kyogre\n|\n|-weather|none\n|upkeep\n|\n|t:|1745981044\n|switch|p1b: Tornadus|Tornadus, L50, M|38/100\n|switch|p1a: Miraidon|Miraidon, L50|59/100\n|-activate|p1a: Miraidon|ability: Hadron Engine\n|turn|7\n|\n|t:|1745981052\n|-terastallize|p2b: Kyogre|Grass\n|move|p2a: Chien-Pao|Sucker Punch|p1a: Miraidon\n|-damage|p1a: Miraidon|8/100\n|move|p1a: Miraidon|Electro Drift|p2b: Kyogre\n|-resisted|p2b: Kyogre\n|-damage|p2b: Kyogre|0 fnt\n|faint|p2b: Kyogre\n|move|p1b: Tornadus|Bleakwind Storm|p2a: Chien-Pao\n|-crit|p2a: Chien-Pao\n|-damage|p2a: Chien-Pao|0 fnt\n|faint|p2a: Chien-Pao\n|\n|upkeep\n|\n|t:|1745981065\n|switch|p2a: Thundurus|Thundurus, L50, M|70/100\n|switch|p2b: Urshifu|Urshifu-Rapid-Strike, L50, M|100/100\n|turn|8\n|\n|t:|1745981084\n|move|p2a: Thundurus|Scary Face|p1a: Miraidon\n|-unboost|p1a: Miraidon|spe|2\n|move|p1b: Tornadus|Tailwind|p1b: Tornadus\n|-sidestart|p1: lebobguy|move: Tailwind\n|move|p2b: Urshifu|Surging Strikes|p1a: Miraidon\n|-resisted|p1a: Miraidon\n|-crit|p1a: Miraidon\n|-damage|p1a: Miraidon|0 fnt\n|faint|p1a: Miraidon\n|-hitcount|p1: Miraidon|1\n|\n|-fieldend|move: Electric Terrain\n|upkeep\n|turn|9\n|\n|t:|1745981096\n|move|p2a: Thundurus|Eerie Impulse|p1b: Tornadus\n|-unboost|p1b: Tornadus|spa|2\n|move|p1b: Tornadus|Bleakwind Storm|p2a: Thundurus|[spread] p2a,p2b\n|-resisted|p2a: Thundurus\n|-supereffective|p2b: Urshifu\n|-damage|p2a: Thundurus|63/100\n|-damage|p2b: Urshifu|55/100\n|-unboost|p2b: Urshifu|spe|1\n|move|p2b: Urshifu|Surging Strikes|p1b: Tornadus\n|-crit|p1b: Tornadus\n|-damage|p1b: Tornadus|11/100\n|-crit|p1b: Tornadus\n|-damage|p1b: Tornadus|0 fnt\n|faint|p1b: Tornadus\n|-hitcount|p1: Tornadus|2\n|\n|win|RegI\u2026Yawn\n||lebobguy is ready for game 3.\n|l|\u2606lebobguy\n|player|p1|\n||RegI\u2026Yawn is ready for game 3.\n|uhtml|next|Next: <a href=\"/battle-gen9vgc2025regibo3-2353667257\"><strong>Game 3 of 3</strong></a>\n", "uploadtime": 1745981477, "views": 6, "formatid": "gen9vgc2025regibo3", "rating": null, "private": 0, "password": null}