{"id": "gen9vgc2025regibo3-2354296312", "format": "[Gen 9] VGC 2025 Reg I (Bo3)", "players": ["sjouko", "Mona Aster"], "log": "|j|\u2606sjouko\n|j|\u2606Mona Aster\n|html|<table width=\"100%\"><tr><td align=\"left\">sjouko</td><td align=\"right\">Mona Aster</tr><tr><td align=\"left\"><i class=\"fa fa-circle-o\"></i> <i class=\"fa fa-circle-o\"></i> </td><td align=\"right\"><i class=\"fa fa-circle-o\"></i> <i class=\"fa fa-circle\"></i> </tr></table>\n|uhtml|bestof|<h2><strong>Game 2</strong> of <a href=\"/game-bestof3-gen9vgc2025regibo3-2354292871\">a best-of-3</a></h2>\n|t:|1746054182\n|gametype|doubles\n|player|p1|sjouko|102|1068\n|player|p2|Mona Aster|169|1114\n|teamsize|p1|6\n|teamsize|p2|6\n|gen|9\n|tier|[Gen 9] VGC 2025 Reg I (Bo3)\n|rated|\n|rule|Species Clause: Limit one of each Pok\u00e9mon\n|rule|Item Clause: Limit 1 of each item\n|clearpoke\n|poke|p1|Torkoal, L50, F|\n|poke|p1|Miraidon, L50|\n|poke|p1|Zamazenta-*, L50|\n|poke|p1|Iron Bundle, L50|\n|poke|p1|Incineroar, L50, F|\n|poke|p1|Whimsicott, L50, M|\n|poke|p2|Lunala, L50|\n|poke|p2|Groudon, L50|\n|poke|p2|Incineroar, L50, F|\n|poke|p2|Flutter Mane, L50|\n|poke|p2|Urshifu-*, L50, M|\n|poke|p2|Raging Bolt, L50|\n|teampreview|4\n|showteam|p1|Torkoal||Charcoal|Drought|Eruption,Protect,Yawn,HeatWave|||F|||50|,,,,,Fire]Miraidon||ChoiceSpecs|HadronEngine|DazzlingGleam,DracoMeteor,VoltSwitch,ElectroDrift||||||50|,,,,,Electric]Zamazenta-Crowned||RustedShield|DauntlessShield|BodyPress,HeavySlam,IronDefense,Protect||||||50|,,,,,Fire]Iron Bundle||FocusSash|QuarkDrive|IcyWind,FreezeDry,HydroPump,Protect||||||50|,,,,,Ice]Incineroar||SitrusBerry|Intimidate|KnockOff,FakeOut,FlareBlitz,PartingShot|||F|||50|,,,,,Ghost]Whimsicott||CovertCloak|Prankster|Tailwind,Encore,Protect,Moonblast|||M|||50|,,,,,Dragon\n|showteam|p2|Lunala||PowerHerb|ShadowShield|TrickRoom,MeteorBeam,WideGuard,MoongeistBeam||||||50|,,,,,Water]Groudon||ClearAmulet|Drought|Protect,PrecipiceBlades,HeatCrash,Substitute||||||50|,,,,,Fire]Incineroar||SafetyGoggles|Intimidate|FlareBlitz,KnockOff,FakeOut,PartingShot|||F|||50|,,,,,Ghost]Flutter Mane||FocusSash|Protosynthesis|Moonblast,Taunt,IcyWind,Protect||||||50|,,,,,Grass]Urshifu||ChoiceScarf|UnseenFist|WickedBlow,CloseCombat,Uturn,IronHead|||M|||50|,,,,,Stellar]Raging Bolt||AssaultVest|Protosynthesis|Electroweb,Thunderclap,WeatherBall,DracoMeteor||||||50|,,,,,Electric\n|inactive|Battle timer is ON: inactive players will automatically lose when time's up. (requested by Mona Aster)\n|\n|t:|1746054217\n|start\n|switch|p1a: Miraidon|Miraidon, L50|100/100\n|switch|p1b: Iron Bundle|Iron Bundle, L50|100/100\n|switch|p2a: Incineroar|Incineroar, L50, F|100/100\n|switch|p2b: Lunala|Lunala, L50|100/100\n|-fieldstart|move: Electric Terrain|[from] ability: Hadron Engine|[of] p1a: Miraidon\n|-activate|p1b: Iron Bundle|ability: Quark Drive\n|-start|p1b: Iron Bundle|quarkdrivespe\n|-ability|p2a: Incineroar|Intimidate|boost\n|-unboost|p1a: Miraidon|atk|1\n|-unboost|p1b: Iron Bundle|atk|1\n|turn|1\n|inactive|Mona Aster has 30 seconds left.\n|\n|t:|1746054242\n|move|p1b: Iron Bundle|Protect|p1b: Iron Bundle\n|-singleturn|p1b: Iron Bundle|Protect\n|move|p2a: Incineroar|Fake Out|p1b: Iron Bundle\n|-activate|p1b: Iron Bundle|move: Protect\n|move|p1a: Miraidon|Volt Switch|p2b: Lunala\n|-damage|p2b: Lunala|69/100\n|\n|t:|1746054250\n|switch|p1a: Torkoal|Torkoal, L50, F|100/100|[from] Volt Switch\n|-weather|SunnyDay|[from] ability: Drought|[of] p1a: Torkoal\n|move|p2b: Lunala|Trick Room|p2b: Lunala\n|-fieldstart|move: Trick Room|[of] p2b: Lunala\n|\n|-weather|SunnyDay|[upkeep]\n|upkeep\n|turn|2\n|\n|t:|1746054263\n|-end|p1b: Iron Bundle|Quark Drive|[silent]\n|switch|p1b: Incineroar|Incineroar, L50, F|100/100\n|-ability|p1b: Incineroar|Intimidate|boost\n|-unboost|p2a: Incineroar|atk|1\n|-unboost|p2b: Lunala|atk|1\n|move|p2b: Lunala|Wide Guard|p2b: Lunala\n|-singleturn|p2b: Lunala|Wide Guard\n|move|p1a: Torkoal|Eruption|p2a: Incineroar|[spread] \n|-activate|p2a: Incineroar|move: Wide Guard\n|-activate|p2b: Lunala|move: Wide Guard\n|move|p2a: Incineroar|Flare Blitz|p1b: Incineroar\n|-resisted|p1b: Incineroar\n|-damage|p1b: Incineroar|74/100\n|-damage|p2a: Incineroar|91/100|[from] Recoil\n|\n|-weather|SunnyDay|[upkeep]\n|upkeep\n|turn|3\n|\n|t:|1746054280\n|-terastallize|p2a: Incineroar|Ghost\n|move|p1b: Incineroar|Fake Out|p2a: Incineroar\n|-immune|p2a: Incineroar\n|move|p2b: Lunala|Wide Guard|p2b: Lunala\n|-singleturn|p2b: Lunala|Wide Guard\n|move|p1a: Torkoal|Yawn|p2b: Lunala\n|-activate|p2b: Lunala|move: Electric Terrain\n|move|p2a: Incineroar|Parting Shot|p1a: Torkoal\n|-unboost|p1a: Torkoal|atk|1\n|-unboost|p1a: Torkoal|spa|1\n|\n|t:|1746054294\n|switch|p2a: Groudon|Groudon, L50|100/100|[from] Parting Shot\n|\n|-weather|SunnyDay|[upkeep]\n|upkeep\n|turn|4\n|\n|t:|1746054327\n|move|p1a: Torkoal|Protect|p1a: Torkoal\n|-singleturn|p1a: Torkoal|Protect\n|move|p2b: Lunala|Wide Guard|p2b: Lunala\n|-singleturn|p2b: Lunala|Wide Guard\n|move|p1b: Incineroar|Knock Off|p2b: Lunala\n|-supereffective|p2b: Lunala\n|-damage|p2b: Lunala|0 fnt\n|-enditem|p2b: Lunala|Power Herb|[from] move: Knock Off|[of] p1b: Incineroar\n|faint|p2b: Lunala\n|move|p2a: Groudon|Substitute|p2a: Groudon\n|-start|p2a: Groudon|Substitute\n|-damage|p2a: Groudon|76/100\n|\n|-weather|SunnyDay|[upkeep]\n|upkeep\n|\n|t:|1746054341\n|switch|p2b: Incineroar|Incineroar, L50, F, tera:Ghost|91/100\n|-ability|p2b: Incineroar|Intimidate|boost\n|-unboost|p1a: Torkoal|atk|1\n|-unboost|p1b: Incineroar|atk|1\n|turn|5\n|inactive|sjouko has 30 seconds left.\n|l|\u2606Mona Aster\n|inactive|Mona Aster disconnected and has a minute to reconnect!\n|player|p2|\n|inactive|sjouko has 20 seconds left.\n|\n|t:|1746054378\n|switch|p1a: Iron Bundle|Iron Bundle, L50|100/100\n|-activate|p1a: Iron Bundle|ability: Quark Drive\n|-start|p1a: Iron Bundle|quarkdrivespe\n|move|p2b: Incineroar|Fake Out|p1a: Iron Bundle\n|-damage|p1a: Iron Bundle|85/100\n|move|p1b: Incineroar|Knock Off|p2b: Incineroar\n|-supereffective|p2b: Incineroar\n|-damage|p2b: Incineroar|35/100\n|-enditem|p2b: Incineroar|Safety Goggles|[from] move: Knock Off|[of] p1b: Incineroar\n|move|p2a: Groudon|Precipice Blades|p1a: Iron Bundle|[spread] p1a,p1b\n|-supereffective|p1b: Incineroar\n|-damage|p1a: Iron Bundle|13/100\n|-damage|p1b: Incineroar|0 fnt\n|faint|p1b: Incineroar\n|\n|-weather|none\n|-fieldend|move: Trick Room\n|-fieldend|move: Electric Terrain\n|-end|p1a: Iron Bundle|Quark Drive\n|upkeep\n|j|\u2606Mona Aster\n|inactive|Mona Aster reconnected.\n|player|p2|Mona Aster|169|\n|\n|t:|1746054396\n|switch|p1b: Miraidon|Miraidon, L50|100/100\n|-fieldstart|move: Electric Terrain|[from] ability: Hadron Engine|[of] p1b: Miraidon\n|-activate|p1a: Iron Bundle|ability: Quark Drive\n|-start|p1a: Iron Bundle|quarkdrivespe\n|turn|6\n|\n|t:|1746054417\n|switch|p2b: Raging Bolt|Raging Bolt, L50|100/100\n|move|p1a: Iron Bundle|Icy Wind|p2b: Raging Bolt|[spread] p2a,p2b\n|-supereffective|p2a: Groudon\n|-end|p2a: Groudon|Substitute\n|-supereffective|p2b: Raging Bolt\n|-damage|p2b: Raging Bolt|75/100\n|-unboost|p2b: Raging Bolt|spe|1\n|move|p1b: Miraidon|Dazzling Gleam|p2a: Groudon|[spread] p2a,p2b\n|-supereffective|p2b: Raging Bolt\n|-damage|p2a: Groudon|41/100\n|-damage|p2b: Raging Bolt|33/100\n|move|p2a: Groudon|Precipice Blades|p1a: Iron Bundle|[spread] p1a,p1b\n|-supereffective|p1b: Miraidon\n|-damage|p1a: Iron Bundle|0 fnt\n|-damage|p1b: Miraidon|0 fnt\n|faint|p1a: Iron Bundle\n|-end|p1a: Iron Bundle|Quark Drive|[silent]\n|faint|p1b: Miraidon\n|\n|upkeep\n|\n|t:|1746054433\n|switch|p1b: Torkoal|Torkoal, L50, F|100/100\n|-weather|SunnyDay|[from] ability: Drought|[of] p1b: Torkoal\n|-activate|p2b: Raging Bolt|ability: Protosynthesis\n|-start|p2b: Raging Bolt|protosynthesisspa\n|turn|7\n|\n|t:|1746054457\n|-terastallize|p1b: Torkoal|Fire\n|move|p2a: Groudon|Protect|p2a: Groudon\n|-singleturn|p2a: Groudon|Protect\n|move|p2b: Raging Bolt|Draco Meteor|p1b: Torkoal\n|-damage|p1b: Torkoal|0 fnt\n|-unboost|p2b: Raging Bolt|spa|2\n|faint|p1b: Torkoal\n|\n|win|Mona Aster\n|raw|sjouko's rating: 1068 &rarr; <strong>1050</strong><br />(-18 for losing)\n|raw|Mona Aster's rating: 1114 &rarr; <strong>1136</strong><br />(+22 for winning)\n|l|\u2606sjouko\n|player|p1|\n", "uploadtime": 1746054466, "views": 8, "formatid": "gen9vgc2025regibo3", "rating": 1050, "private": 0, "password": null}