{"id": "gen9vgc2025regibo3-2353326571", "format": "[Gen 9] VGC 2025 Reg I (Bo3)", "players": ["dambro222", "ogden2"], "log": "|j|\u2606dambro222\n|j|\u2606ogden2\n|html|<table width=\"100%\"><tr><td align=\"left\">dambro222</td><td align=\"right\">ogden2</tr><tr><td align=\"left\"><i class=\"fa fa-circle\"></i> <i class=\"fa fa-circle-o\"></i> </td><td align=\"right\"><i class=\"fa fa-circle-o\"></i> <i class=\"fa fa-circle\"></i> </tr></table>\n|uhtml|bestof|<h2><strong>Game 3</strong> of <a href=\"/game-bestof3-gen9vgc2025regibo3-2353321076\">a best-of-3</a></h2>\n|t:|1745946636\n|gametype|doubles\n|player|p1|dambro222|1|1111\n|player|p2|ogden2|gambler|1179\n|teamsize|p1|6\n|teamsize|p2|6\n|gen|9\n|tier|[Gen 9] VGC 2025 Reg I (Bo3)\n|rated|\n|rule|Species Clause: Limit one of each Pok\u00e9mon\n|rule|Item Clause: Limit 1 of each item\n|clearpoke\n|poke|p1|Ho-Oh, L50|\n|poke|p1|Miraidon, L50|\n|poke|p1|Flutter Mane, L50|\n|poke|p1|Iron Hands, L50|\n|poke|p1|Urshifu-*, L50, F|\n|poke|p1|Iron Treads, L50|\n|poke|p2|Terapagos, L50, M|\n|poke|p2|Chi-Yu, L50|\n|poke|p2|Flutter Mane, L50|\n|poke|p2|Koraidon, L50|\n|poke|p2|Scream Tail, L50|\n|poke|p2|Amoonguss, L50, M|\n|teampreview|4\n|showteam|p1|Ho-Oh||ClearAmulet|Regenerator|SacredFire,BraveBird,Tailwind,Protect||||||50|,,,,,Dragon]Miraidon||CovertCloak|HadronEngine|ElectroDrift,VoltSwitch,DracoMeteor,Protect||||||50|,,,,,Electric]Flutter Mane||BoosterEnergy|Protosynthesis|Moonblast,ShadowBall,IcyWind,Protect||||||50|,,,,,Fairy]Iron Hands||AssaultVest|QuarkDrive|FakeOut,DrainPunch,WildCharge,LowKick||||||50|,,,,,Water]Urshifu||FocusSash|UnseenFist|WickedBlow,CloseCombat,SuckerPunch,Detect|||F|||50|,,,,,Poison]Iron Treads||ChoiceBand|QuarkDrive|IronHead,HighHorsepower,KnockOff,SteelRoller||||||50|,,,,,Water\n|showteam|p2|Terapagos||Leftovers|TeraShift|TeraStarstorm,EarthPower,CalmMind,Protect|||M|||50|,,,,,Stellar]Chi-Yu||ChoiceScarf|BeadsofRuin|HeatWave,DarkPulse,Overheat,Snarl||||||50|,,,,,Ghost]Flutter Mane||FocusSash|Protosynthesis|Moonblast,ShadowBall,Taunt,Protect||||||50|,,,,,Ghost]Koraidon||LifeOrb|OrichalcumPulse|FlareBlitz,CloseCombat,FlameCharge,Protect||||||50|,,,,,Fire]Scream Tail||BoosterEnergy|Protosynthesis|DazzlingGleam,Encore,Disable,Protect||||||50|,,,,,Dark]Amoonguss||RockyHelmet|Regenerator|Spore,RagePowder,PollenPuff,Protect|||M|||50|,,,,,Dark\n|\n|t:|1745946669\n|start\n|switch|p1a: Flutter Mane|Flutter Mane, L50|100/100\n|switch|p1b: Miraidon|Miraidon, L50|100/100\n|switch|p2a: Flutter Mane|Flutter Mane, L50|100/100\n|switch|p2b: Koraidon|Koraidon, L50|100/100\n|-weather|SunnyDay|[from] ability: Orichalcum Pulse|[of] p2b: Koraidon\n|-activate|p2a: Flutter Mane|ability: Protosynthesis\n|-start|p2a: Flutter Mane|protosynthesisspe\n|-activate|p1a: Flutter Mane|ability: Protosynthesis\n|-start|p1a: Flutter Mane|protosynthesisspe\n|-activate|p2b: Koraidon|Orichalcum Pulse|[source]\n|-fieldstart|move: Electric Terrain|[from] ability: Hadron Engine|[of] p1b: Miraidon\n|turn|1\n|\n|t:|1745946700\n|-terastallize|p2b: Koraidon|Fire\n|move|p1a: Flutter Mane|Protect|p1a: Flutter Mane\n|-singleturn|p1a: Flutter Mane|Protect\n|move|p2a: Flutter Mane|Moonblast|p1b: Miraidon\n|-supereffective|p1b: Miraidon\n|-damage|p1b: Miraidon|23/100\n|move|p2b: Koraidon|Flame Charge|p1a: Flutter Mane\n|-activate|p1a: Flutter Mane|move: Protect\n|move|p1b: Miraidon|Draco Meteor|p2b: Koraidon|[miss]\n|-miss|p1b: Miraidon|p2b: Koraidon\n|\n|-weather|SunnyDay|[upkeep]\n|upkeep\n|turn|2\n|\n|t:|1745946717\n|switch|p1b: Iron Treads|Iron Treads, L50|100/100\n|-activate|p1b: Iron Treads|ability: Quark Drive\n|-start|p1b: Iron Treads|quarkdrivespe\n|move|p2a: Flutter Mane|Moonblast|p1b: Iron Treads\n|-resisted|p1b: Iron Treads\n|-damage|p1b: Iron Treads|71/100\n|-unboost|p1b: Iron Treads|spa|1\n|move|p1a: Flutter Mane|Icy Wind|p2b: Koraidon|[spread] p2a\n|-miss|p1a: Flutter Mane|p2b: Koraidon\n|-damage|p2a: Flutter Mane|84/100\n|-unboost|p2a: Flutter Mane|spe|1\n|move|p2b: Koraidon|Flame Charge|p1a: Flutter Mane\n|-damage|p1a: Flutter Mane|0 fnt\n|-boost|p2b: Koraidon|spe|1\n|faint|p1a: Flutter Mane\n|-end|p1a: Flutter Mane|Protosynthesis|[silent]\n|-damage|p2b: Koraidon|91/100|[from] item: Life Orb\n|\n|-weather|SunnyDay|[upkeep]\n|upkeep\n|c|\u2606dambro222|gg\n|c|\u2606dambro222|ninja\n|\n|t:|1745946741\n|switch|p1a: Ho-Oh|Ho-Oh, L50|100/100\n|turn|3\n|\n|t:|1745946766\n|move|p2b: Koraidon|Flame Charge|p1b: Iron Treads\n|-supereffective|p1b: Iron Treads\n|-damage|p1b: Iron Treads|0 fnt\n|-boost|p2b: Koraidon|spe|1\n|faint|p1b: Iron Treads\n|-end|p1b: Iron Treads|Quark Drive|[silent]\n|-damage|p2b: Koraidon|81/100|[from] item: Life Orb\n|move|p2a: Flutter Mane|Shadow Ball|p1a: Ho-Oh\n|-damage|p1a: Ho-Oh|71/100\n|move|p1a: Ho-Oh|Sacred Fire|p2a: Flutter Mane\n|-crit|p2a: Flutter Mane\n|-damage|p2a: Flutter Mane|0 fnt\n|faint|p2a: Flutter Mane\n|-end|p2a: Flutter Mane|Protosynthesis|[silent]\n|\n|-weather|SunnyDay|[upkeep]\n|upkeep\n|\n|t:|1745946773\n|switch|p2a: Chi-Yu|Chi-Yu, L50|100/100\n|switch|p1b: Miraidon|Miraidon, L50|23/100\n|-ability|p2a: Chi-Yu|Beads of Ruin\n|-activate|p1b: Miraidon|ability: Hadron Engine\n|turn|4\n|\n|t:|1745946786\n|move|p1b: Miraidon|Protect|p1b: Miraidon\n|-singleturn|p1b: Miraidon|Protect\n|move|p2b: Koraidon|Flare Blitz|p1b: Miraidon\n|-activate|p1b: Miraidon|move: Protect\n|move|p2a: Chi-Yu|Dark Pulse|p1a: Ho-Oh\n|-damage|p1a: Ho-Oh|34/100\n|cant|p1a: Ho-Oh|flinch\n|\n|-weather|SunnyDay|[upkeep]\n|upkeep\n|turn|5\n|\n|t:|1745946801\n|move|p1b: Miraidon|Protect||[still]\n|-fail|p1b: Miraidon\n|move|p2b: Koraidon|Flare Blitz|p1b: Miraidon\n|-resisted|p1b: Miraidon\n|-crit|p1b: Miraidon\n|-damage|p1b: Miraidon|0 fnt\n|faint|p1b: Miraidon\n|-damage|p2b: Koraidon|72/100|[from] Recoil\n|-damage|p2b: Koraidon|63/100|[from] item: Life Orb\n|move|p2a: Chi-Yu|Dark Pulse|p1a: Ho-Oh\n|-damage|p1a: Ho-Oh|0 fnt\n|faint|p1a: Ho-Oh\n|\n|win|ogden2\n|raw|dambro222's rating: 1111 &rarr; <strong>1091</strong><br />(-20 for losing)\n|raw|ogden2's rating: 1179 &rarr; <strong>1199</strong><br />(+20 for winning)\n|l|\u2606ogden2\n|player|p2|\n|c|\u2606dambro222|nice\n", "uploadtime": 1745946861, "views": 13, "formatid": "gen9vgc2025regibo3", "rating": 1091, "private": 0, "password": null}