{"id": "gen9vgc2025regibo3-2354565593", "format": "[Gen 9] VGC 2025 Reg I (Bo3)", "players": ["PresentBlue", "BabaYama"], "log": "|j|\u2606PresentBlue\n|j|\u2606BabaYama\n|html|<table width=\"100%\"><tr><td align=\"left\">PresentBlue</td><td align=\"right\">BabaYama</tr><tr><td align=\"left\"><i class=\"fa fa-circle-o\"></i> <i class=\"fa fa-circle-o\"></i> </td><td align=\"right\"><i class=\"fa fa-circle-o\"></i> <i class=\"fa fa-circle-o\"></i> </tr></table>\n|uhtml|bestof|<h2><strong>Game 1</strong> of <a href=\"/game-bestof3-gen9vgc2025regibo3-2354565592\">a best-of-3</a></h2>\n|t:|1746095480\n|gametype|doubles\n|player|p1|PresentBlue|102|1089\n|player|p2|BabaYama|roxie|1185\n|teamsize|p1|6\n|teamsize|p2|6\n|gen|9\n|tier|[Gen 9] VGC 2025 Reg I (Bo3)\n|rated|\n|rule|Species Clause: Limit one of each Pok\u00e9mon\n|rule|Item Clause: Limit 1 of each item\n|clearpoke\n|poke|p1|Blissey, L50, F|\n|poke|p1|Corviknight, L50, F|\n|poke|p1|Clodsire, L50, M|\n|poke|p1|Urshifu-*, L50, M|\n|poke|p1|Kyogre, L50|\n|poke|p1|Giratina, L50|\n|poke|p2|Ho-Oh, L50|\n|poke|p2|Koraidon, L50|\n|poke|p2|Raging Bolt, L50|\n|poke|p2|Flutter Mane, L50|\n|poke|p2|Incineroar, L50, F|\n|poke|p2|Iron Treads, L50|\n|teampreview|4\n|showteam|p1|Blissey||ShellBell|Healer|SoftBoiled,SeismicToss,DazzlingGleam,HelpingHand|||F|||50|,,,,,Normal]Corviknight||RockyHelmet|MirrorArmor|Roost,IronHead,Protect,Taunt|||F|||50|,,,,,Flying]Clodsire||SafetyGoggles|WaterAbsorb|ToxicSpikes,Toxic,Recover,Protect|||M|||50|,,,,,Steel]Urshifu-Rapid-Strike||FocusSash|UnseenFist|AquaJet,Protect,SurgingStrikes,DrainPunch|||M|||50|,,,,,Steel]Kyogre||SitrusBerry|Drizzle|Protect,Surf,IcyWind,Thunder||||||50|,,,,,Grass]Giratina||WeaknessPolicy|Telepathy|ConfuseRay,IcyWind,ShadowSneak,DragonTail||||||50|,,,,,Ghost\n|showteam|p2|Ho-Oh||ClearAmulet|Regenerator|SacredFire,BraveBird,Tailwind,Protect||||||50|,,,,,Grass]Koraidon||LifeOrb|OrichalcumPulse|CloseCombat,FlareBlitz,FlameCharge,Protect||||||50|,,,,,Fire]Raging Bolt||AssaultVest|Protosynthesis|Thunderclap,VoltSwitch,Snarl,DracoMeteor||||||50|,,,,,Fairy]Flutter Mane||FocusSash|Protosynthesis|Moonblast,ShadowBall,IcyWind,Protect||||||50|,,,,,Normal]Incineroar||RockyHelmet|Intimidate|KnockOff,FlareBlitz,FakeOut,PartingShot|||F|||50|,,,,,Water]Iron Treads||ChoiceBand|QuarkDrive|Earthquake,HighHorsepower,IronHead,SteelRoller||||||50|,,,,,Ghost\n|\n|t:|1746095559\n|start\n|switch|p1a: Clodsire|Clodsire, L50, M|100/100\n|switch|p1b: Urshifu|Urshifu-Rapid-Strike, L50, M|100/100\n|switch|p2a: Eisen Eddy|Iron Treads, L50|100/100\n|switch|p2b: Alola-Rai Kuh|Raging Bolt, L50|100/100\n|turn|1\n|\n|t:|1746095597\n|-terastallize|p2a: Eisen Eddy|Ghost\n|move|p1b: Urshifu|Protect|p1b: Urshifu\n|-singleturn|p1b: Urshifu|Protect\n|move|p2a: Eisen Eddy|High Horsepower|p1a: Clodsire\n|-supereffective|p1a: Clodsire\n|-damage|p1a: Clodsire|5/100\n|move|p2b: Alola-Rai Kuh|Volt Switch|p1b: Urshifu\n|-activate|p1b: Urshifu|move: Protect\n|move|p1a: Clodsire|Toxic|p2b: Alola-Rai Kuh\n|-status|p2b: Alola-Rai Kuh|tox\n|\n|-damage|p2b: Alola-Rai Kuh|94/100 tox|[from] psn\n|upkeep\n|turn|2\n|\n|t:|1746095638\n|switch|p1b: Kyogre|Kyogre, L50|100/100\n|-weather|RainDance|[from] ability: Drizzle|[of] p1b: Kyogre\n|switch|p1a: Giratina|Giratina, L50|100/100\n|move|p2a: Eisen Eddy|High Horsepower|p1b: Kyogre\n|-damage|p1b: Kyogre|61/100\n|move|p2b: Alola-Rai Kuh|Volt Switch|p1b: Kyogre\n|-supereffective|p1b: Kyogre\n|-damage|p1b: Kyogre|11/100\n|-enditem|p1b: Kyogre|Sitrus Berry|[eat]\n|-heal|p1b: Kyogre|35/100|[from] item: Sitrus Berry\n|\n|t:|1746095653\n|-end|p2b: Alola-Rai Kuh|Protosynthesis|[silent]\n|switch|p2b: L\u00f6we|Flutter Mane, L50|100/100|[from] Volt Switch\n|\n|-weather|RainDance|[upkeep]\n|upkeep\n|turn|3\n|\n|t:|1746095683\n|-terastallize|p1a: Giratina|Ghost\n|move|p1b: Kyogre|Protect|p1b: Kyogre\n|-singleturn|p1b: Kyogre|Protect\n|move|p1a: Giratina|Shadow Sneak|p2b: L\u00f6we\n|-supereffective|p2b: L\u00f6we\n|-damage|p2b: L\u00f6we|14/100\n|move|p2b: L\u00f6we|Moonblast|p1a: Giratina\n|-damage|p1a: Giratina|75/100\n|-unboost|p1a: Giratina|spa|1\n|move|p2a: Eisen Eddy|High Horsepower|p1a: Giratina\n|-damage|p1a: Giratina|37/100\n|\n|-weather|RainDance|[upkeep]\n|upkeep\n|turn|4\n|\n|t:|1746095717\n|move|p2b: L\u00f6we|Shadow Ball|p1a: Giratina\n|-supereffective|p1a: Giratina\n|-damage|p1a: Giratina|0 fnt\n|faint|p1a: Giratina\n|move|p2a: Eisen Eddy|High Horsepower|p1b: Kyogre\n|-damage|p1b: Kyogre|0 fnt\n|faint|p1b: Kyogre\n|\n|-weather|RainDance|[upkeep]\n|upkeep\n|\n|t:|1746095729\n|switch|p1b: Clodsire|Clodsire, L50, M|5/100\n|switch|p1a: Urshifu|Urshifu-Rapid-Strike, L50, M|100/100\n|turn|5\n|\n|t:|1746095771\n|move|p1b: Clodsire|Protect|p1b: Clodsire\n|-singleturn|p1b: Clodsire|Protect\n|move|p2b: L\u00f6we|Icy Wind|p1b: Clodsire|[spread] p1a\n|-activate|p1b: Clodsire|move: Protect\n|-resisted|p1a: Urshifu\n|-crit|p1a: Urshifu\n|-damage|p1a: Urshifu|83/100\n|-unboost|p1a: Urshifu|spe|1\n|move|p2a: Eisen Eddy|High Horsepower|p1a: Urshifu\n|-damage|p1a: Urshifu|15/100\n|move|p1a: Urshifu|Surging Strikes|p2a: Eisen Eddy\n|-crit|p2a: Eisen Eddy\n|-damage|p2a: Eisen Eddy|76/100\n|-crit|p2a: Eisen Eddy\n|-damage|p2a: Eisen Eddy|49/100\n|-crit|p2a: Eisen Eddy\n|-damage|p2a: Eisen Eddy|23/100\n|-hitcount|p2a: Eisen Eddy|3\n|\n|-weather|RainDance|[upkeep]\n|upkeep\n|turn|6\n|\n|t:|1746095806\n|move|p1a: Urshifu|Aqua Jet|p2b: L\u00f6we\n|-damage|p2b: L\u00f6we|0 fnt\n|faint|p2b: L\u00f6we\n|-end|p2b: L\u00f6we|Protosynthesis|[silent]\n|move|p2a: Eisen Eddy|High Horsepower|p1b: Clodsire\n|-supereffective|p1b: Clodsire\n|-damage|p1b: Clodsire|0 fnt\n|faint|p1b: Clodsire\n|\n|-weather|none\n|upkeep\n|\n|t:|1746095812\n|switch|p2b: Pata Feu Feu|Koraidon, L50|100/100\n|-weather|SunnyDay|[from] ability: Orichalcum Pulse|[of] p2b: Pata Feu Feu\n|-activate|p2b: Pata Feu Feu|Orichalcum Pulse|[source]\n|turn|7\n|\n|t:|1746095823\n|move|p2b: Pata Feu Feu|Flame Charge|p1a: Urshifu\n|-resisted|p1a: Urshifu\n|-damage|p1a: Urshifu|0 fnt\n|-boost|p2b: Pata Feu Feu|spe|1\n|faint|p1a: Urshifu\n|-damage|p2b: Pata Feu Feu|91/100|[from] item: Life Orb\n|\n|win|BabaYama\n||BabaYama is ready for game 2.\n||PresentBlue is ready for game 2.\n|uhtml|next|Next: <a href=\"/battle-gen9vgc2025regibo3-2354567572\"><strong>Game 2 of 3</strong></a>\n", "uploadtime": 1746096093, "views": 7, "formatid": "gen9vgc2025regibo3", "rating": null, "private": 0, "password": null}