{"id": "gen9vgc2025regibo3-2354658336", "format": "[Gen 9] VGC 2025 Reg I (Bo3)", "players": ["Hugepaiya", "Gonsute"], "log": "|j|\u2606Hugepaiya\n|j|\u2606Gonsute\n|html|<table width=\"100%\"><tr><td align=\"left\">Hugepaiya</td><td align=\"right\">Gonsute</tr><tr><td align=\"left\"><i class=\"fa fa-circle-o\"></i> <i class=\"fa fa-circle-o\"></i> </td><td align=\"right\"><i class=\"fa fa-circle-o\"></i> <i class=\"fa fa-circle-o\"></i> </tr></table>\n|uhtml|bestof|<h2><strong>Game 1</strong> of <a href=\"/game-bestof3-gen9vgc2025regibo3-2354658335\">a best-of-3</a></h2>\n|t:|1746107933\n|gametype|doubles\n|player|p1|Hugepaiya|acetrainerf|1108\n|player|p2|Gonsute|266|1199\n|teamsize|p1|6\n|teamsize|p2|6\n|gen|9\n|tier|[Gen 9] VGC 2025 Reg I (Bo3)\n|rated|\n|rule|Species Clause: Limit one of each Pok\u00e9mon\n|rule|Item Clause: Limit 1 of each item\n|clearpoke\n|poke|p1|Koraidon, L50|\n|poke|p1|Lunala, L50|\n|poke|p1|Flutter Mane, L50|\n|poke|p1|Indeedee-F, L50, F|\n|poke|p1|Chi-Yu, L50|\n|poke|p1|Whimsicott, L50, F|\n|poke|p2|Koraidon, L50|\n|poke|p2|Lunala, L50|\n|poke|p2|Flutter Mane, L50|\n|poke|p2|Chi-Yu, L50|\n|poke|p2|Brute Bonnet, L50|\n|poke|p2|Ditto, L50|\n|teampreview|4\n|showteam|p1|Koraidon||ClearAmulet|OrichalcumPulse|CloseCombat,ScaleShot,Protect,FlareBlitz||||||50|,,,,,Fire]Lunala||PowerHerb|ShadowShield|ExpandingForce,MoongeistBeam,WideGuard,MeteorBeam||||||50|,,,,,Water]Flutter Mane||BoosterEnergy|Protosynthesis|Moonblast,ShadowBall,IcyWind,Protect||||||50|,,,,,Fairy]Indeedee-F||RockyHelmet|PsychicSurge|TrickRoom,HelpingHand,FollowMe,DazzlingGleam|||F|||50|,,,,,Fairy]Chi-Yu||ChoiceScarf|BeadsofRuin|Overheat,DarkPulse,Snarl,HeatWave||||||50|,,,,,Ghost]Whimsicott||CovertCloak|Prankster|LightScreen,Moonblast,Tailwind,Encore|||F|||50|,,,,,Dark\n|showteam|p2|Koraidon||ChoiceBand|OrichalcumPulse|CollisionCourse,FlareBlitz,HeatCrash,WildCharge||||||50|,,,,,Fire]Lunala||PowerHerb|ShadowShield|MoongeistBeam,MeteorBeam,Tailwind,WideGuard||||||50|,,,,,Grass]Flutter Mane||FocusSash|Protosynthesis|Moonblast,IcyWind,ThunderWave,Protect||||||50|,,,,,Normal]Chi-Yu||CovertCloak|BeadsofRuin|Overheat,Snarl,HeatWave,Protect||||||50|,,,,,Dragon]Brute Bonnet||RockyHelmet|Protosynthesis|Spore,RagePowder,SuckerPunch,SeedBomb||||||50|,,,,,Poison]Ditto||QuickClaw|Imposter|Transform||||||50|,,,,,Normal\n|inactive|Battle timer is ON: inactive players will automatically lose when time's up. (requested by Gonsute)\n|inactive|Hugepaiya has 60 seconds left.\n|inactive|Gonsute has 60 seconds left.\n|\n|t:|1746107984\n|start\n|switch|p1a: Lunala|Lunala, L50|100/100\n|switch|p1b: Whimsicott|Whimsicott, L50, F|100/100\n|switch|p2a: Lunala|Lunala, L50|100/100\n|switch|p2b: Chi-Yu|Chi-Yu, L50|100/100\n|-ability|p2b: Chi-Yu|Beads of Ruin\n|turn|1\n|inactive|Gonsute has 30 seconds left.\n|inactive|Gonsute has 20 seconds left.\n|\n|t:|1746108022\n|-terastallize|p1a: Lunala|Water\n|move|p2b: Chi-Yu|Protect|p2b: Chi-Yu\n|-singleturn|p2b: Chi-Yu|Protect\n|move|p1b: Whimsicott|Tailwind|p1b: Whimsicott\n|-sidestart|p1: Hugepaiya|move: Tailwind\n|move|p1a: Lunala|Meteor Beam||[still]\n|-prepare|p1a: Lunala|Meteor Beam\n|-boost|p1a: Lunala|spa|1\n|-enditem|p1a: Lunala|Power Herb\n|-anim|p1a: Lunala|Meteor Beam|p2b: Chi-Yu\n|-activate|p2b: Chi-Yu|move: Protect\n|move|p2a: Lunala|Tailwind|p2a: Lunala\n|-sidestart|p2: Gonsute|move: Tailwind\n|\n|upkeep\n|turn|2\n|inactive|Hugepaiya has 30 seconds left.\n|inactive|Gonsute has 30 seconds left.\n|\n|t:|1746108050\n|switch|p2a: Flutter Mane|Flutter Mane, L50|100/100\n|move|p1b: Whimsicott|Light Screen|p1b: Whimsicott\n|-sidestart|p1: Hugepaiya|move: Light Screen\n|move|p2b: Chi-Yu|Snarl|p1a: Lunala|[spread] p1a,p1b\n|-resisted|p1b: Whimsicott\n|-damage|p1a: Lunala|93/100\n|-damage|p1b: Whimsicott|90/100\n|-unboost|p1a: Lunala|spa|1\n|move|p1a: Lunala|Moongeist Beam|p2a: Flutter Mane\n|-supereffective|p2a: Flutter Mane\n|-enditem|p2a: Flutter Mane|Focus Sash\n|-damage|p2a: Flutter Mane|1/100\n|\n|upkeep\n|turn|3\n|inactive|Gonsute has 30 seconds left.\n|inactive|Gonsute has 20 seconds left.\n|inactive|Gonsute has 15 seconds left.\n|\n|t:|1746108095\n|move|p1a: Lunala|Wide Guard|p1a: Lunala\n|-singleturn|p1a: Lunala|Wide Guard\n|move|p2a: Flutter Mane|Thunder Wave|p1a: Lunala\n|-status|p1a: Lunala|par\n|move|p1b: Whimsicott|Moonblast|p2a: Flutter Mane\n|-damage|p2a: Flutter Mane|0 fnt\n|faint|p2a: Flutter Mane\n|-end|p2a: Flutter Mane|Protosynthesis|[silent]\n|move|p2b: Chi-Yu|Heat Wave|p1b: Whimsicott|[spread] \n|-activate|p1a: Lunala|move: Wide Guard\n|-activate|p1b: Whimsicott|move: Wide Guard\n|\n|upkeep\n|\n|t:|1746108106\n|switch|p2a: Koraidon|Koraidon, L50|100/100\n|-weather|SunnyDay|[from] ability: Orichalcum Pulse|[of] p2a: Koraidon\n|-activate|p2a: Koraidon|Orichalcum Pulse|[source]\n|turn|4\n|\n|t:|1746108124\n|switch|p1b: Flutter Mane|Flutter Mane, L50|100/100\n|-activate|p1b: Flutter Mane|ability: Protosynthesis\n|-start|p1b: Flutter Mane|protosynthesisspe\n|move|p2a: Koraidon|Collision Course|p1a: Lunala\n|-damage|p1a: Lunala|7/100 par\n|move|p2b: Chi-Yu|Heat Wave|p1a: Lunala|[spread] p1a,p1b\n|-resisted|p1a: Lunala\n|-damage|p1a: Lunala|0 fnt\n|-damage|p1b: Flutter Mane|53/100\n|faint|p1a: Lunala\n|\n|-weather|SunnyDay|[upkeep]\n|-sideend|p1: Hugepaiya|move: Tailwind\n|-sideend|p2: Gonsute|move: Tailwind\n|upkeep\n|\n|t:|1746108138\n|switch|p1a: Whimsicott|Whimsicott, L50, F|90/100\n|turn|5\n|\n|t:|1746108151\n|switch|p2a: Lunala|Lunala, L50|100/100\n|move|p1b: Flutter Mane|Protect|p1b: Flutter Mane\n|-singleturn|p1b: Flutter Mane|Protect\n|move|p1a: Whimsicott|Tailwind|p1a: Whimsicott\n|-sidestart|p1: Hugepaiya|move: Tailwind\n|move|p2b: Chi-Yu|Heat Wave|p1a: Whimsicott|[spread] p1a\n|-activate|p1b: Flutter Mane|move: Protect\n|-supereffective|p1a: Whimsicott\n|-damage|p1a: Whimsicott|0 fnt\n|faint|p1a: Whimsicott\n|\n|-weather|SunnyDay|[upkeep]\n|upkeep\n|\n|t:|1746108163\n|switch|p1a: Koraidon|Koraidon, L50|100/100\n|-activate|p1a: Koraidon|ability: Orichalcum Pulse\n|turn|6\n|\n|t:|1746108179\n|move|p1b: Flutter Mane|Shadow Ball|p2a: Lunala\n|-supereffective|p2a: Lunala\n|-damage|p2a: Lunala|27/100\n|move|p1a: Koraidon|Close Combat|p2b: Chi-Yu\n|-supereffective|p2b: Chi-Yu\n|-damage|p2b: Chi-Yu|0 fnt\n|-unboost|p1a: Koraidon|def|1\n|-unboost|p1a: Koraidon|spd|1\n|faint|p2b: Chi-Yu\n|move|p2a: Lunala|Tailwind|p2a: Lunala\n|-sidestart|p2: Gonsute|move: Tailwind\n|\n|-weather|SunnyDay|[upkeep]\n|-sideend|p1: Hugepaiya|move: Light Screen\n|upkeep\n|\n|t:|1746108190\n|switch|p2b: Koraidon|Koraidon, L50|100/100\n|-activate|p2b: Koraidon|ability: Orichalcum Pulse\n|turn|7\n|inactive|Gonsute has 30 seconds left.\n|inactive|Gonsute has 20 seconds left.\n|inactive|Gonsute has 15 seconds left.\n|inactive|Gonsute has 10 seconds left.\n|inactive|Gonsute has 5 seconds left.\n|\n|t:|1746108242\n|move|p1b: Flutter Mane|Shadow Ball|p2a: Lunala\n|-supereffective|p2a: Lunala\n|-damage|p2a: Lunala|0 fnt\n|faint|p2a: Lunala\n|move|p1a: Koraidon|Close Combat|p2b: Koraidon\n|-damage|p2b: Koraidon|35/100\n|-unboost|p1a: Koraidon|def|1\n|-unboost|p1a: Koraidon|spd|1\n|move|p2b: Koraidon|Collision Course|p1a: Koraidon\n|-damage|p1a: Koraidon|0 fnt\n|faint|p1a: Koraidon\n|\n|-weather|SunnyDay|[upkeep]\n|upkeep\n|turn|8\n|\n|t:|1746108265\n|move|p1b: Flutter Mane|Shadow Ball|p2b: Koraidon\n|-damage|p2b: Koraidon|7/100\n|-unboost|p2b: Koraidon|spd|1\n|move|p2b: Koraidon|Collision Course|p1b: Flutter Mane\n|-immune|p1b: Flutter Mane\n|\n|-weather|none\n|-end|p1b: Flutter Mane|Protosynthesis\n|-sideend|p1: Hugepaiya|move: Tailwind\n|upkeep\n|-enditem|p1b: Flutter Mane|Booster Energy\n|-activate|p1b: Flutter Mane|ability: Protosynthesis|[fromitem]\n|-start|p1b: Flutter Mane|protosynthesisspe\n|turn|9\n|inactive|Gonsute has 30 seconds left.\n|\n|t:|1746108294\n|move|p2b: Koraidon|Collision Course|p1b: Flutter Mane\n|-immune|p1b: Flutter Mane\n|move|p1b: Flutter Mane|Shadow Ball|p2b: Koraidon\n|-damage|p2b: Koraidon|0 fnt\n|faint|p2b: Koraidon\n|\n|win|Hugepaiya\n||Hugepaiya is ready for game 2.\n|l|\u2606Gonsute\n|player|p2|\n|inactive|Gonsute has 30 seconds to confirm battle start!\n||Gonsute is ready for game 2.\n|uhtml|next|Next: <a href=\"/battle-gen9vgc2025regibo3-2354662059\"><strong>Game 2 of 3</strong></a>\n", "uploadtime": 1746108540, "views": 6, "formatid": "gen9vgc2025regibo3", "rating": null, "private": 0, "password": null}