{"id": "gen9vgc2025regibo3-2354642523", "format": "[Gen 9] VGC 2025 Reg I (Bo3)", "players": ["BtheMan", "Legual"], "log": "|j|\u2606BtheMan\n|j|\u2606Legual\n|html|<table width=\"100%\"><tr><td align=\"left\">BtheMan</td><td align=\"right\">Legual</tr><tr><td align=\"left\"><i class=\"fa fa-circle-o\"></i> <i class=\"fa fa-circle-o\"></i> </td><td align=\"right\"><i class=\"fa fa-circle-o\"></i> <i class=\"fa fa-circle-o\"></i> </tr></table>\n|uhtml|bestof|<h2><strong>Game 1</strong> of <a href=\"/game-bestof3-gen9vgc2025regibo3-2354642521\">a best-of-3</a></h2>\n|t:|1746106284\n|gametype|doubles\n|player|p1|BtheMan|fisherman|1050\n|player|p2|Legual|hiker-gen4|1000\n|teamsize|p1|6\n|teamsize|p2|6\n|gen|9\n|tier|[Gen 9] VGC 2025 Reg I (Bo3)\n|rated|\n|rule|Species Clause: Limit one of each Pok\u00e9mon\n|rule|Item Clause: Limit 1 of each item\n|clearpoke\n|poke|p1|Whimsicott, L50, F|\n|poke|p1|Miraidon, L50|\n|poke|p1|Lunala, L50|\n|poke|p1|Iron Hands, L50|\n|poke|p1|Chi-Yu, L50|\n|poke|p1|Urshifu-*, L50, M|\n|poke|p2|Terapagos, L50, M|\n|poke|p2|Iron Treads, L50|\n|poke|p2|Walking Wake, L50|\n|poke|p2|Miraidon, L50|\n|poke|p2|Incineroar, L50, M|\n|poke|p2|Sinistcha, L50|\n|teampreview|4\n|showteam|p1|Whimsicott||CovertCloak|Prankster|Moonblast,Tailwind,Encore,LightScreen|||F|||50|,,,,,Dark]Miraidon||ChoiceSpecs|HadronEngine|ElectroDrift,VoltSwitch,DracoMeteor,DazzlingGleam||||||50|,,,,,Fairy]Lunala||ElectricSeed|ShadowShield|MoongeistBeam,Psyshock,TrickRoom,WideGuard||||||50|,,,,,Water]Iron Hands||AssaultVest|QuarkDrive|DrainPunch,LowKick,HeavySlam,FakeOut||||||50|,,,,,Water]Chi-Yu||ChoiceScarf|BeadsofRuin|HeatWave,DarkPulse,Overheat,Snarl||||||50|,,,,,Ghost]Urshifu-Rapid-Strike||FocusSash|UnseenFist|SurgingStrikes,CloseCombat,AquaJet,Protect|||M|||50|,,,,,Stellar\n|showteam|p2|Terapagos||Leftovers|TeraShift|TeraStarstorm,Roar,CalmMind,Protect|||M|||50|,,,,,Stellar]Iron Treads||AssaultVest|QuarkDrive|BodyPress,HeavySlam,HighHorsepower,IceSpinner||||||50|,,,,,Ground]Walking Wake||LifeOrb|Protosynthesis|HydroSteam,DracoMeteor,Flamethrower,Protect||||||50|,,,,,Fire]Miraidon||ChoiceSpecs|HadronEngine|ElectroDrift,DracoMeteor,VoltSwitch,DazzlingGleam||||||50|,,,,,Fairy]Incineroar||SafetyGoggles|Intimidate|FakeOut,KnockOff,FlareBlitz,PartingShot|||M|||50|,,,,,Ghost]Sinistcha||SitrusBerry|Hospitality|MatchaGotcha,ShadowBall,StrengthSap,TrickRoom||||||50|,,,,,Poison\n|inactive|Battle timer is ON: inactive players will automatically lose when time's up. (requested by BtheMan)\n|j| epom158\n|inactive|BtheMan has 60 seconds left.\n|inactive|Legual has 60 seconds left.\n|\n|t:|1746106334\n|start\n|switch|p1a: Chi-Yu|Chi-Yu, L50|100/100\n|switch|p1b: Miraidon|Miraidon, L50|100/100\n|switch|p2a: Terapagos|Terapagos, L50, M|100/100\n|switch|p2b: Iron Treads|Iron Treads, L50|100/100\n|-activate|p2a: Terapagos|ability: Tera Shift\n|detailschange|p2a: Terapagos|Terapagos-Terastal, L50, M\n|-heal|p2a: Terapagos|100/100|[silent]\n|-ability|p1a: Chi-Yu|Beads of Ruin\n|-fieldstart|move: Electric Terrain|[from] ability: Hadron Engine|[of] p1b: Miraidon\n|-activate|p2b: Iron Treads|ability: Quark Drive\n|-start|p2b: Iron Treads|quarkdrivedef\n|turn|1\n|inactive|BtheMan has 30 seconds left.\n|inactive|Legual has 30 seconds left.\n|inactive|BtheMan has 20 seconds left.\n|inactive|Legual has 20 seconds left.\n|inactive|BtheMan has 15 seconds left.\n|\n|t:|1746106376\n|move|p1a: Chi-Yu|Heat Wave|p2b: Iron Treads|[spread] p2b\n|-miss|p1a: Chi-Yu|p2a: Terapagos\n|-supereffective|p2b: Iron Treads\n|-damage|p2b: Iron Treads|34/100\n|move|p1b: Miraidon|Volt Switch|p2a: Terapagos\n|-activate|p2a: Terapagos|ability: Tera Shell\n|-resisted|p2a: Terapagos\n|-damage|p2a: Terapagos|55/100\n|\n|t:|1746106386\n|switch|p1b: Iron Hands|Iron Hands, L50|100/100|[from] Volt Switch\n|-activate|p1b: Iron Hands|ability: Quark Drive\n|-start|p1b: Iron Hands|quarkdriveatk\n|move|p2b: Iron Treads|Body Press|p1a: Chi-Yu\n|-supereffective|p1a: Chi-Yu\n|-crit|p1a: Chi-Yu\n|-damage|p1a: Chi-Yu|0 fnt\n|faint|p1a: Chi-Yu\n|move|p2a: Terapagos|Calm Mind|p2a: Terapagos\n|-boost|p2a: Terapagos|spa|1\n|-boost|p2a: Terapagos|spd|1\n|\n|-heal|p2a: Terapagos|61/100|[from] item: Leftovers\n|upkeep\n|inactive|BtheMan has 30 seconds left.\n|\n|t:|1746106413\n|switch|p1a: Miraidon|Miraidon, L50|100/100\n|-activate|p1a: Miraidon|ability: Hadron Engine\n|turn|2\n|inactive|Legual has 30 seconds left.\n|\n|t:|1746106439\n|-terastallize|p2a: Terapagos|Stellar\n|detailschange|p2a: Terapagos|Terapagos-Stellar, L50, M, tera:Stellar\n|-heal|p2a: Terapagos|71/100|[silent]\n|-ability|p2a: Terapagos|Teraform Zero\n|-fieldend|move: Electric Terrain\n|-end|p2b: Iron Treads|Quark Drive\n|-end|p1b: Iron Hands|Quark Drive\n|move|p2a: Terapagos|Protect|p2a: Terapagos\n|-singleturn|p2a: Terapagos|Protect\n|move|p1b: Iron Hands|Fake Out|p2b: Iron Treads\n|-resisted|p2b: Iron Treads\n|-damage|p2b: Iron Treads|28/100\n|move|p1a: Miraidon|Volt Switch|p2a: Terapagos\n|-activate|p2a: Terapagos|move: Protect\n|cant|p2b: Iron Treads|flinch\n|\n|-heal|p2a: Terapagos|77/100|[from] item: Leftovers\n|upkeep\n|turn|3\n|\n|t:|1746106462\n|move|p1a: Miraidon|Volt Switch|p2a: Terapagos\n|-damage|p2a: Terapagos|54/100\n|\n|t:|1746106465\n|switch|p1a: Lunala|Lunala, L50|100/100|[from] Volt Switch\n|move|p2b: Iron Treads|High Horsepower|p1b: Iron Hands\n|-supereffective|p1b: Iron Hands\n|-damage|p1b: Iron Hands|52/100\n|move|p2a: Terapagos|Tera Starstorm|p1b: Iron Hands|[spread] p1a,p1b\n|-damage|p1a: Lunala|81/100\n|-damage|p1b: Iron Hands|19/100\n|move|p1b: Iron Hands|Drain Punch|p2a: Terapagos\n|-supereffective|p2a: Terapagos\n|-damage|p2a: Terapagos|2/100\n|-heal|p1b: Iron Hands|47/100|[from] drain|[of] p2a: Terapagos\n|\n|-heal|p2a: Terapagos|8/100|[from] item: Leftovers\n|upkeep\n|turn|4\n|inactive|BtheMan has 30 seconds left.\n|inactive|Legual has 30 seconds left.\n|\n|t:|1746106495\n|move|p2a: Terapagos|Protect|p2a: Terapagos\n|-singleturn|p2a: Terapagos|Protect\n|move|p2b: Iron Treads|High Horsepower|p1b: Iron Hands\n|-supereffective|p1b: Iron Hands\n|-damage|p1b: Iron Hands|0 fnt\n|faint|p1b: Iron Hands\n|-end|p1b: Iron Hands|Quark Drive|[silent]\n|move|p1a: Lunala|Psyshock|p2a: Terapagos\n|-activate|p2a: Terapagos|move: Protect\n|\n|-heal|p2a: Terapagos|15/100|[from] item: Leftovers\n|upkeep\n|\n|t:|1746106504\n|switch|p1b: Miraidon|Miraidon, L50|100/100\n|-fieldstart|move: Electric Terrain|[from] ability: Hadron Engine|[of] p1b: Miraidon\n|-activate|p2b: Iron Treads|ability: Quark Drive\n|-start|p2b: Iron Treads|quarkdrivedef\n|-enditem|p1a: Lunala|Electric Seed\n|-boost|p1a: Lunala|def|1|[from] item: Electric Seed\n|turn|5\n|inactive|Legual has 30 seconds left.\n|inactive|Legual has 20 seconds left.\n|inactive|Legual has 15 seconds left.\n|inactive|Legual has 10 seconds left.\n|inactive|Legual has 5 seconds left.\n|\n|t:|1746106559\n|-terastallize|p1b: Miraidon|Fairy\n|move|p1b: Miraidon|Dazzling Gleam|p2b: Iron Treads|[spread] p2a,p2b\n|-resisted|p2b: Iron Treads\n|-damage|p2a: Terapagos|0 fnt\n|-damage|p2b: Iron Treads|10/100\n|faint|p2a: Terapagos\n|move|p2b: Iron Treads|Body Press|p1a: Lunala\n|-immune|p1a: Lunala\n|move|p1a: Lunala|Moongeist Beam|p2b: Iron Treads\n|-damage|p2b: Iron Treads|0 fnt\n|faint|p2b: Iron Treads\n|-end|p2b: Iron Treads|Quark Drive|[silent]\n|\n|upkeep\n|-message|Legual forfeited.\n|\n|win|BtheMan\n|l|\u2606Legual\n|player|p2|\n|raw|BtheMan's rating: 1050 &rarr; <strong>1078</strong><br />(+28 for winning)\n|raw|Legual's rating: 1000 &rarr; <strong>1000</strong><br />(+0 for losing)\n", "uploadtime": 1746106579, "views": 5, "formatid": "gen9vgc2025regibo3", "rating": 1000, "private": 0, "password": null}