{"id": "gen9vgc2025regibo3-2354662059", "format": "[Gen 9] VGC 2025 Reg I (Bo3)", "players": ["Hugepaiya", "Gonsute"], "log": "|j|\u2606Hugepaiya\n|j|\u2606Gonsute\n|html|<table width=\"100%\"><tr><td align=\"left\">Hugepaiya</td><td align=\"right\">Gonsute</tr><tr><td align=\"left\"><i class=\"fa fa-circle\"></i> <i class=\"fa fa-circle-o\"></i> </td><td align=\"right\"><i class=\"fa fa-circle-o\"></i> <i class=\"fa fa-circle-o\"></i> </tr></table>\n|uhtml|bestof|<h2><strong>Game 2</strong> of <a href=\"/game-bestof3-gen9vgc2025regibo3-2354658335\">a best-of-3</a></h2>\n|t:|1746108307\n|gametype|doubles\n|player|p1|Hugepaiya|acetrainerf|1108\n|player|p2|Gonsute|266|1199\n|teamsize|p1|6\n|teamsize|p2|6\n|gen|9\n|tier|[Gen 9] VGC 2025 Reg I (Bo3)\n|rated|\n|rule|Species Clause: Limit one of each Pok\u00e9mon\n|rule|Item Clause: Limit 1 of each item\n|clearpoke\n|poke|p1|Koraidon, L50|\n|poke|p1|Lunala, L50|\n|poke|p1|Flutter Mane, L50|\n|poke|p1|Indeedee-F, L50, F|\n|poke|p1|Chi-Yu, L50|\n|poke|p1|Whimsicott, L50, F|\n|poke|p2|Koraidon, L50|\n|poke|p2|Lunala, L50|\n|poke|p2|Flutter Mane, L50|\n|poke|p2|Chi-Yu, L50|\n|poke|p2|Brute Bonnet, L50|\n|poke|p2|Ditto, L50|\n|teampreview|4\n|showteam|p1|Koraidon||ClearAmulet|OrichalcumPulse|CloseCombat,ScaleShot,Protect,FlareBlitz||||||50|,,,,,Fire]Lunala||PowerHerb|ShadowShield|ExpandingForce,MoongeistBeam,WideGuard,MeteorBeam||||||50|,,,,,Water]Flutter Mane||BoosterEnergy|Protosynthesis|Moonblast,ShadowBall,IcyWind,Protect||||||50|,,,,,Fairy]Indeedee-F||RockyHelmet|PsychicSurge|TrickRoom,HelpingHand,FollowMe,DazzlingGleam|||F|||50|,,,,,Fairy]Chi-Yu||ChoiceScarf|BeadsofRuin|Overheat,DarkPulse,Snarl,HeatWave||||||50|,,,,,Ghost]Whimsicott||CovertCloak|Prankster|LightScreen,Moonblast,Tailwind,Encore|||F|||50|,,,,,Dark\n|showteam|p2|Koraidon||ChoiceBand|OrichalcumPulse|CollisionCourse,FlareBlitz,HeatCrash,WildCharge||||||50|,,,,,Fire]Lunala||PowerHerb|ShadowShield|MoongeistBeam,MeteorBeam,Tailwind,WideGuard||||||50|,,,,,Grass]Flutter Mane||FocusSash|Protosynthesis|Moonblast,IcyWind,ThunderWave,Protect||||||50|,,,,,Normal]Chi-Yu||CovertCloak|BeadsofRuin|Overheat,Snarl,HeatWave,Protect||||||50|,,,,,Dragon]Brute Bonnet||RockyHelmet|Protosynthesis|Spore,RagePowder,SuckerPunch,SeedBomb||||||50|,,,,,Poison]Ditto||QuickClaw|Imposter|Transform||||||50|,,,,,Normal\n|inactive|Battle timer is ON: inactive players will automatically lose when time's up. (requested by Gonsute)\n|inactive|Gonsute has 60 seconds left.\n|\n|t:|1746108343\n|start\n|switch|p1a: Chi-Yu|Chi-Yu, L50|100/100\n|switch|p1b: Whimsicott|Whimsicott, L50, F|100/100\n|switch|p2a: Koraidon|Koraidon, L50|100/100\n|switch|p2b: Chi-Yu|Chi-Yu, L50|100/100\n|-ability|p1a: Chi-Yu|Beads of Ruin\n|-weather|SunnyDay|[from] ability: Orichalcum Pulse|[of] p2a: Koraidon\n|-activate|p2a: Koraidon|Orichalcum Pulse|[source]\n|-ability|p2b: Chi-Yu|Beads of Ruin\n|turn|1\n|inactive|Hugepaiya has 30 seconds left.\n|\n|t:|1746108375\n|move|p1b: Whimsicott|Tailwind|p1b: Whimsicott\n|-sidestart|p1: Hugepaiya|move: Tailwind\n|move|p1a: Chi-Yu|Heat Wave|p2b: Chi-Yu|[spread] p2a\n|-miss|p1a: Chi-Yu|p2b: Chi-Yu\n|-resisted|p2a: Koraidon\n|-damage|p2a: Koraidon|72/100\n|move|p2a: Koraidon|Heat Crash|p1a: Chi-Yu\n|-resisted|p1a: Chi-Yu\n|-damage|p1a: Chi-Yu|9/100\n|move|p2b: Chi-Yu|Heat Wave|p1b: Whimsicott|[spread] p1a,p1b\n|-resisted|p1a: Chi-Yu\n|-supereffective|p1b: Whimsicott\n|-damage|p1a: Chi-Yu|0 fnt\n|-damage|p1b: Whimsicott|0 fnt\n|faint|p1a: Chi-Yu\n|faint|p1b: Whimsicott\n|\n|-weather|SunnyDay|[upkeep]\n|upkeep\n|\n|t:|1746108386\n|switch|p1a: Koraidon|Koraidon, L50|100/100\n|switch|p1b: Lunala|Lunala, L50|100/100\n|-activate|p1a: Koraidon|ability: Orichalcum Pulse\n|turn|2\n|\n|t:|1746108404\n|switch|p2a: Flutter Mane|Flutter Mane, L50|100/100\n|-activate|p2a: Flutter Mane|ability: Protosynthesis\n|-start|p2a: Flutter Mane|protosynthesisspe\n|-terastallize|p1b: Lunala|Water\n|move|p2b: Chi-Yu|Protect|p2b: Chi-Yu\n|-singleturn|p2b: Chi-Yu|Protect\n|move|p1a: Koraidon|Scale Shot|p2a: Flutter Mane\n|-immune|p2a: Flutter Mane\n|move|p1b: Lunala|Meteor Beam||[still]\n|-prepare|p1b: Lunala|Meteor Beam\n|-boost|p1b: Lunala|spa|1\n|-enditem|p1b: Lunala|Power Herb\n|-anim|p1b: Lunala|Meteor Beam|p2b: Chi-Yu\n|-activate|p2b: Chi-Yu|move: Protect\n|\n|-weather|SunnyDay|[upkeep]\n|upkeep\n|turn|3\n|inactive|Gonsute has 30 seconds left.\n|inactive|Gonsute has 20 seconds left.\n|\n|t:|1746108443\n|move|p2a: Flutter Mane|Protect|p2a: Flutter Mane\n|-singleturn|p2a: Flutter Mane|Protect\n|move|p1b: Lunala|Wide Guard|p1b: Lunala\n|-singleturn|p1b: Lunala|Wide Guard\n|move|p1a: Koraidon|Flare Blitz|p2a: Flutter Mane\n|-activate|p2a: Flutter Mane|move: Protect\n|move|p2b: Chi-Yu|Snarl|p1a: Koraidon|[spread] \n|-activate|p1a: Koraidon|move: Wide Guard\n|-activate|p1b: Lunala|move: Wide Guard\n|\n|-weather|SunnyDay|[upkeep]\n|upkeep\n|turn|4\n|inactive|Hugepaiya has 30 seconds left.\n|inactive|Gonsute has 30 seconds left.\n|\n|t:|1746108473\n|-end|p2a: Flutter Mane|Protosynthesis|[silent]\n|switch|p2a: Brute Bonnet|Brute Bonnet, L50|100/100\n|-activate|p2a: Brute Bonnet|ability: Protosynthesis\n|-start|p2a: Brute Bonnet|protosynthesisdef\n|move|p1b: Lunala|Wide Guard|p1b: Lunala\n|-singleturn|p1b: Lunala|Wide Guard\n|move|p1a: Koraidon|Flare Blitz|p2a: Brute Bonnet\n|-supereffective|p2a: Brute Bonnet\n|-damage|p2a: Brute Bonnet|23/100\n|-damage|p1a: Koraidon|84/100|[from] item: Rocky Helmet|[of] p2a: Brute Bonnet\n|-damage|p1a: Koraidon|52/100|[from] Recoil\n|move|p2b: Chi-Yu|Snarl|p1a: Koraidon|[spread] \n|-activate|p1a: Koraidon|move: Wide Guard\n|-activate|p1b: Lunala|move: Wide Guard\n|\n|-weather|SunnyDay|[upkeep]\n|-sideend|p1: Hugepaiya|move: Tailwind\n|upkeep\n|turn|5\n|inactive|Hugepaiya has 30 seconds left.\n|\n|t:|1746108499\n|move|p2a: Brute Bonnet|Rage Powder|p2a: Brute Bonnet\n|-singleturn|p2a: Brute Bonnet|move: Rage Powder\n|move|p1a: Koraidon|Scale Shot|p2a: Brute Bonnet\n|-damage|p2a: Brute Bonnet|13/100\n|-damage|p2a: Brute Bonnet|4/100\n|-damage|p2a: Brute Bonnet|0 fnt\n|faint|p2a: Brute Bonnet\n|-end|p2a: Brute Bonnet|Protosynthesis|[silent]\n|-hitcount|p2: Brute Bonnet|3\n|-unboost|p1a: Koraidon|def|1\n|-boost|p1a: Koraidon|spe|1\n|move|p2b: Chi-Yu|Overheat|p1a: Koraidon\n|-resisted|p1a: Koraidon\n|-damage|p1a: Koraidon|0 fnt\n|-unboost|p2b: Chi-Yu|spa|2\n|faint|p1a: Koraidon\n|move|p1b: Lunala|Moongeist Beam|p2b: Chi-Yu\n|-resisted|p2b: Chi-Yu\n|-damage|p2b: Chi-Yu|59/100\n|\n|-weather|none\n|upkeep\n|\n|t:|1746108519\n|switch|p2a: Flutter Mane|Flutter Mane, L50|100/100\n|turn|6\n|\n|t:|1746108529\n|-terastallize|p2a: Flutter Mane|Normal\n|move|p2a: Flutter Mane|Moonblast|p1b: Lunala\n|-crit|p1b: Lunala\n|-damage|p1b: Lunala|61/100\n|move|p2b: Chi-Yu|Snarl|p1b: Lunala\n|-crit|p1b: Lunala\n|-damage|p1b: Lunala|18/100\n|-unboost|p1b: Lunala|spa|1\n|move|p1b: Lunala|Moongeist Beam|p2a: Flutter Mane\n|-immune|p2a: Flutter Mane\n|\n|upkeep\n|turn|7\n|\n|t:|1746108542\n|move|p2a: Flutter Mane|Moonblast|p1b: Lunala\n|-damage|p1b: Lunala|0 fnt\n|faint|p1b: Lunala\n|\n|win|Gonsute\n||Gonsute is ready for game 3.\n|inactive|Hugepaiya has 30 seconds to confirm battle start!\n||Hugepaiya is ready for game 3.\n|uhtml|next|Next: <a href=\"/battle-gen9vgc2025regibo3-2354664601\"><strong>Game 3 of 3</strong></a>\n|l|\u2606Gonsute\n|player|p2|\n", "uploadtime": 1746108556, "views": 5, "formatid": "gen9vgc2025regibo3", "rating": null, "private": 0, "password": null}