{"id": "gen9vgc2025regibo3-2353700942", "format": "[Gen 9] VGC 2025 Reg I (Bo3)", "players": ["Eliys71996", "Samm3"], "log": "|j|\u2606Eliys71996\n|j|\u2606Samm3\n|html|<table width=\"100%\"><tr><td align=\"left\">Eliys71996</td><td align=\"right\">Samm3</tr><tr><td align=\"left\"><i class=\"fa fa-circle-o\"></i> <i class=\"fa fa-circle-o\"></i> </td><td align=\"right\"><i class=\"fa fa-circle-o\"></i> <i class=\"fa fa-circle-o\"></i> </tr></table>\n|uhtml|bestof|<h2><strong>Game 1</strong> of <a href=\"/game-bestof3-gen9vgc2025regibo3-2353700941\">a best-of-3</a></h2>\n|t:|1745985522\n|gametype|doubles\n|player|p1|Eliys71996|lucas|1104\n|player|p2|Samm3|swimmerf-gen4|1146\n|teamsize|p1|6\n|teamsize|p2|6\n|gen|9\n|tier|[Gen 9] VGC 2025 Reg I (Bo3)\n|rated|\n|rule|Species Clause: Limit one of each Pok\u00e9mon\n|rule|Item Clause: Limit 1 of each item\n|clearpoke\n|poke|p1|Calyrex-Shadow, L50|\n|poke|p1|Zamazenta-*, L50|\n|poke|p1|Urshifu-*, L50, F|\n|poke|p1|Incineroar, L50, F|\n|poke|p1|Rillaboom, L50, F|\n|poke|p1|Chien-Pao, L50|\n|poke|p2|Zacian-*, L50|\n|poke|p2|Kyogre, L50|\n|poke|p2|Rillaboom, L50, M|\n|poke|p2|Incineroar, L50, M|\n|poke|p2|Urshifu-*, L50, M|\n|poke|p2|Tornadus, L50, M|\n|teampreview|4\n|showteam|p1|Calyrex-Shadow||LifeOrb|AsOneSpectrier|AstralBarrage,Psychic,Substitute,Protect||||||50|,,,,,Grass]Zamazenta-Crowned||RustedShield|DauntlessShield|BodyPress,HeavySlam,WideGuard,Protect||||||50|,,,,,Ghost]Urshifu-Rapid-Strike||ChoiceScarf|UnseenFist|SurgingStrikes,CloseCombat,AquaJet,Uturn|||F|||50|,,,,,Water]Incineroar||RockyHelmet|Intimidate|FlareBlitz,Uturn,FakeOut,HelpingHand|||F|||50|,,,,,Bug]Rillaboom||AssaultVest|GrassySurge|WoodHammer,GrassyGlide,HighHorsepower,FakeOut|||F|||50|,,,,,Water]Chien-Pao||FocusSash|SwordofRuin|IceSpinner,Crunch,SuckerPunch,Protect||||||50|,,,,,Stellar\n|showteam|p2|Zacian-Crowned||RustedSword|IntrepidSword|behemothblade,PlayRough,SacredSword,Protect||||||50|,,,,,Stellar]Kyogre||ChoiceScarf|Drizzle|WaterSpout,Thunder,IceBeam,OriginPulse||||||50|,,,,,Grass]Rillaboom||AssaultVest|GrassySurge|GrassyGlide,HighHorsepower,Uturn,FakeOut|||M|||50|,,,,,Fire]Incineroar||RockyHelmet|Intimidate|KnockOff,WillOWisp,PartingShot,FakeOut|||M|||50|,,,,,Bug]Urshifu-Rapid-Strike||FocusSash|UnseenFist|SurgingStrikes,CloseCombat,Taunt,Detect|||M|||50|,,,,,Water]Tornadus||CovertCloak|Prankster|BleakwindStorm,RainDance,Taunt,Tailwind|||M|||50|,,,,,Dark\n|\n|t:|1745985584\n|start\n|switch|p1a: Zamazenta|Zamazenta-Crowned, L50|100/100\n|switch|p1b: Urshifu|Urshifu-Rapid-Strike, L50, F|100/100\n|switch|p2a: Tony|Incineroar, L50, M|100/100\n|switch|p2b: Bang|Tornadus, L50, M, shiny|100/100\n|-ability|p1a: Zamazenta|Dauntless Shield|boost\n|-boost|p1a: Zamazenta|def|1\n|-ability|p2a: Tony|Intimidate|boost\n|-unboost|p1a: Zamazenta|atk|1\n|-unboost|p1b: Urshifu|atk|1\n|turn|1\n|\n|t:|1745985626\n|-terastallize|p2a: Tony|Bug\n|move|p1b: Urshifu|U-turn|p2a: Tony\n|-damage|p2a: Tony|87/100\n|-damage|p1b: Urshifu|84/100|[from] item: Rocky Helmet|[of] p2a: Tony\n|\n|t:|1745985631\n|switch|p1b: Incineroar|Incineroar, L50, F|100/100|[from] U-turn\n|-ability|p1b: Incineroar|Intimidate|boost\n|-unboost|p2a: Tony|atk|1\n|-unboost|p2b: Bang|atk|1\n|move|p2b: Bang|Bleakwind Storm|p1a: Zamazenta|[spread] p1a,p1b\n|-damage|p1a: Zamazenta|72/100\n|-damage|p1b: Incineroar|64/100\n|-unboost|p1b: Incineroar|spe|1\n|move|p1a: Zamazenta|Body Press|p2a: Tony\n|-resisted|p2a: Tony\n|-damage|p2a: Tony|61/100\n|-damage|p1a: Zamazenta|56/100|[from] item: Rocky Helmet|[of] p2a: Tony\n|move|p2a: Tony|Will-O-Wisp|p1a: Zamazenta\n|-status|p1a: Zamazenta|brn\n|\n|-damage|p1a: Zamazenta|49/100 brn|[from] brn\n|upkeep\n|turn|2\n|inactive|Battle timer is ON: inactive players will automatically lose when time's up. (requested by Eliys71996)\n|\n|t:|1745985683\n|switch|p2a: Willy|Kyogre, L50|100/100\n|-weather|RainDance|[from] ability: Drizzle|[of] p2a: Willy\n|move|p1a: Zamazenta|Protect|p1a: Zamazenta\n|-singleturn|p1a: Zamazenta|Protect\n|move|p2b: Bang|Taunt|p1a: Zamazenta\n|-activate|p1a: Zamazenta|move: Protect\n|move|p1b: Incineroar|U-turn|p2b: Bang\n|-resisted|p2b: Bang\n|-damage|p2b: Bang|86/100\n|\n|t:|1745985697\n|switch|p1b: Urshifu|Urshifu-Rapid-Strike, L50, F|84/100|[from] U-turn\n|\n|-weather|RainDance|[upkeep]\n|-damage|p1a: Zamazenta|43/100 brn|[from] brn\n|upkeep\n|turn|3\n|\n|t:|1745985715\n|move|p2b: Bang|Tailwind|p2b: Bang\n|-sidestart|p2: Samm3|move: Tailwind\n|move|p2a: Willy|Thunder|p1b: Urshifu\n|-supereffective|p1b: Urshifu\n|-damage|p1b: Urshifu|0 fnt\n|faint|p1b: Urshifu\n|move|p1a: Zamazenta|Body Press|p2a: Willy\n|-damage|p2a: Willy|61/100\n|\n|-weather|RainDance|[upkeep]\n|-damage|p1a: Zamazenta|37/100 brn|[from] brn\n|upkeep\n|\n|t:|1745985726\n|switch|p1b: Calyrex|Calyrex-Shadow, L50|100/100\n|-ability|p1b: Calyrex|As One\n|-ability|p1b: Calyrex|Unnerve\n|turn|4\n|\n|t:|1745985740\n|switch|p2a: Tony|Incineroar, L50, M, tera:Bug|61/100\n|-ability|p2a: Tony|Intimidate|boost\n|-unboost|p1a: Zamazenta|atk|1\n|-unboost|p1b: Calyrex|atk|1\n|-terastallize|p1b: Calyrex|Grass\n|move|p1a: Zamazenta|Wide Guard|p1a: Zamazenta\n|-singleturn|p1a: Zamazenta|Wide Guard\n|move|p2b: Bang|Taunt|p1a: Zamazenta\n|-start|p1a: Zamazenta|move: Taunt\n|move|p1b: Calyrex|Substitute|p1b: Calyrex\n|-start|p1b: Calyrex|Substitute\n|-damage|p1b: Calyrex|76/100\n|\n|-weather|RainDance|[upkeep]\n|-damage|p1a: Zamazenta|31/100 brn|[from] brn\n|upkeep\n|turn|5\n|inactive|Eliys71996 has 30 seconds left.\n|\n|t:|1745985768\n|move|p1b: Calyrex|Protect|p1b: Calyrex\n|-singleturn|p1b: Calyrex|Protect\n|move|p2b: Bang|Bleakwind Storm|p1b: Calyrex|[spread] p1a\n|-activate|p1b: Calyrex|move: Protect\n|-damage|p1a: Zamazenta|7/100 brn\n|-unboost|p1a: Zamazenta|spe|1\n|move|p2a: Tony|Parting Shot|p1b: Calyrex\n|-activate|p1b: Calyrex|move: Protect\n|move|p1a: Zamazenta|Body Press|p2a: Tony\n|-resisted|p2a: Tony\n|-damage|p2a: Tony|48/100\n|-damage|p1a: Zamazenta|0 fnt|[from] item: Rocky Helmet|[of] p2a: Tony\n|faint|p1a: Zamazenta\n|\n|-weather|RainDance|[upkeep]\n|upkeep\n|\n|t:|1745985782\n|switch|p1a: Incineroar|Incineroar, L50, F|64/100\n|-ability|p1a: Incineroar|Intimidate|boost\n|-unboost|p2a: Tony|atk|1\n|-unboost|p2b: Bang|atk|1\n|turn|6\n|\n|t:|1745985799\n|move|p1a: Incineroar|Helping Hand|p1b: Calyrex\n|-singleturn|p1b: Calyrex|Helping Hand|[of] p1a: Incineroar\n|move|p2b: Bang|Bleakwind Storm|p1a: Incineroar|[spread] p1a,p1b\n|-supereffective|p1b: Calyrex\n|-end|p1b: Calyrex|Substitute\n|-damage|p1a: Incineroar|25/100\n|move|p1b: Calyrex|Astral Barrage|p2a: Tony|[spread] p2a,p2b\n|-damage|p2a: Tony|0 fnt\n|-damage|p2b: Bang|0 fnt\n|faint|p2a: Tony\n|faint|p2b: Bang\n|-ability|p1b: Calyrex|Grim Neigh|boost\n|-boost|p1b: Calyrex|spa|2\n|-damage|p1b: Calyrex|66/100|[from] item: Life Orb\n|\n|-weather|none\n|-sideend|p2: Samm3|move: Tailwind\n|upkeep\n|\n|t:|1745985817\n|switch|p2b: Blue|Zacian-Crowned, L50, shiny|100/100\n|switch|p2a: Willy|Kyogre, L50|61/100\n|-weather|RainDance|[from] ability: Drizzle|[of] p2a: Willy\n|-ability|p2b: Blue|Intrepid Sword|boost\n|-boost|p2b: Blue|atk|1\n|turn|7\n|\n|t:|1745985829\n|move|p1a: Incineroar|Helping Hand|p1b: Calyrex\n|-singleturn|p1b: Calyrex|Helping Hand|[of] p1a: Incineroar\n|move|p2a: Willy|Ice Beam|p1b: Calyrex\n|-supereffective|p1b: Calyrex\n|-damage|p1b: Calyrex|0 fnt\n|faint|p1b: Calyrex\n|move|p2b: Blue|Sacred Sword|p1a: Incineroar\n|-supereffective|p1a: Incineroar\n|-damage|p1a: Incineroar|0 fnt\n|-damage|p2b: Blue|84/100|[from] item: Rocky Helmet|[of] p1a: Incineroar\n|faint|p1a: Incineroar\n|\n|win|Samm3\n||Eliys71996 is ready for game 2.\n|inactive|Samm3 has 30 seconds to confirm battle start!\n||Samm3 is ready for game 2.\n|uhtml|next|Next: <a href=\"/battle-gen9vgc2025regibo3-2353703203\"><strong>Game 2 of 3</strong></a>\n", "uploadtime": 1745986165, "views": 6, "formatid": "gen9vgc2025regibo3", "rating": null, "private": 0, "password": null}