{"id": "gen9vgc2025regibo3-2354133455", "format": "[Gen 9] VGC 2025 Reg I (Bo3)", "players": ["markleshark", "McDubbieEnthusiast"], "log": "|j|\u2606markleshark\n|j|\u2606McDubbieEnthusiast\n|html|<table width=\"100%\"><tr><td align=\"left\">markleshark</td><td align=\"right\">McDubbieEnthusiast</tr><tr><td align=\"left\"><i class=\"fa fa-circle-o\"></i> <i class=\"fa fa-circle-o\"></i> </td><td align=\"right\"><i class=\"fa fa-circle-o\"></i> <i class=\"fa fa-circle\"></i> </tr></table>\n|uhtml|bestof|<h2><strong>Game 2</strong> of <a href=\"/game-bestof3-gen9vgc2025regibo3-2354130980\">a best-of-3</a></h2>\n|t:|1746037724\n|gametype|doubles\n|player|p1|markleshark|miku-fire|1181\n|player|p2|McDubbieEnthusiast|li|1179\n|teamsize|p1|6\n|teamsize|p2|6\n|gen|9\n|tier|[Gen 9] VGC 2025 Reg I (Bo3)\n|rated|\n|rule|Species Clause: Limit one of each Pok\u00e9mon\n|rule|Item Clause: Limit 1 of each item\n|clearpoke\n|poke|p1|Zacian-*, L50|\n|poke|p1|Kyogre, L50|\n|poke|p1|Tornadus, L50, M|\n|poke|p1|Amoonguss, L50, M|\n|poke|p1|Incineroar, L50, F|\n|poke|p1|Urshifu-*, L50, M|\n|poke|p2|Kyogre, L50|\n|poke|p2|Zamazenta-*, L50|\n|poke|p2|Ursaluna, L50, F|\n|poke|p2|Sinistcha, L50|\n|poke|p2|Tornadus, L50, M|\n|poke|p2|Chi-Yu, L50|\n|teampreview|4\n|showteam|p1|Zacian-Crowned||RustedSword|IntrepidSword|behemothblade,PlayRough,Substitute,Protect||||||50|,,,,,Fairy]Kyogre||MysticWater|Drizzle|WaterSpout,OriginPulse,IceBeam,Protect||||||50|,,,,,Grass]Tornadus||CovertCloak|Prankster|BleakwindStorm,Tailwind,RainDance,Taunt|||M|||50|,,,,,Dark]Amoonguss||RockyHelmet|Regenerator|PollenPuff,Spore,RagePowder,Protect|||M|||50|,,,,,Steel]Incineroar||SafetyGoggles|Intimidate|KnockOff,FakeOut,WillOWisp,PartingShot|||F|||50|,,,,,Water]Urshifu-Rapid-Strike||ChoiceScarf|UnseenFist|SurgingStrikes,CloseCombat,Uturn,Coaching|||M|||50|,,,,,Ghost\n|showteam|p2|Kyogre||LifeOrb|Drizzle|WaterSpout,IceBeam,Thunder,Protect||||||50|,,,,,Electric]Zamazenta-Crowned||RustedShield|DauntlessShield|BodyPress,HeavySlam,WideGuard,IronDefense||||||50|,,,,,Grass]Ursaluna||FlameOrb|Guts|Facade,HeadlongRush,Substitute,Protect|||F|||50|,,,,,Bug]Sinistcha||RockyHelmet|Hospitality|MatchaGotcha,Scald,RagePowder,TrickRoom||||||50|,,,,,Water]Tornadus||CovertCloak|Prankster|Hurricane,Tailwind,RainDance,Taunt|||M|||50|,,,,,Steel]Chi-Yu||ChoiceScarf|BeadsofRuin|HeatWave,DarkPulse,Snarl,Ruination||||||50|,,,,,Ghost\n|inactive|Battle timer is ON: inactive players will automatically lose when time's up. (requested by markleshark)\n|\n|t:|1746037754\n|start\n|switch|p1a: Amoonguss|Amoonguss, L50, M|100/100\n|switch|p1b: Urshifu|Urshifu-Rapid-Strike, L50, M|100/100\n|switch|p2a: Zamazenta|Zamazenta-Crowned, L50, shiny|100/100\n|switch|p2b: ALL GAS|Tornadus, L50, M|100/100\n|-ability|p2a: Zamazenta|Dauntless Shield|boost\n|-boost|p2a: Zamazenta|def|1\n|turn|1\n|inactive|markleshark has 30 seconds left.\n|inactive|McDubbieEnthusiast has 30 seconds left.\n|inactive|markleshark has 20 seconds left.\n|inactive|markleshark has 15 seconds left.\n|\n|t:|1746037796\n|-terastallize|p2a: Zamazenta|Grass\n|move|p2b: ALL GAS|Taunt|p1a: Amoonguss\n|-start|p1a: Amoonguss|move: Taunt\n|move|p1b: Urshifu|U-turn|p2a: Zamazenta\n|-supereffective|p2a: Zamazenta\n|-damage|p2a: Zamazenta|79/100\n|\n|t:|1746037803\n|switch|p1b: Tornadus|Tornadus, L50, M|100/100|[from] U-turn\n|move|p2a: Zamazenta|Iron Defense|p2a: Zamazenta\n|-boost|p2a: Zamazenta|def|2\n|cant|p1a: Amoonguss|move: Taunt|Spore\n|\n|upkeep\n|turn|2\n|inactive|markleshark has 30 seconds left.\n|inactive|markleshark has 20 seconds left.\n|inactive|markleshark has 15 seconds left.\n|inactive|markleshark has 10 seconds left.\n|\n|t:|1746037850\n|move|p2b: ALL GAS|Tailwind|p2b: ALL GAS\n|-sidestart|p2: McDubbieEnthusiast|move: Tailwind\n|move|p2a: Zamazenta|Body Press|p1a: Amoonguss\n|-resisted|p1a: Amoonguss\n|-damage|p1a: Amoonguss|61/100\n|-damage|p2a: Zamazenta|62/100|[from] item: Rocky Helmet|[of] p1a: Amoonguss\n|move|p1b: Tornadus|Bleakwind Storm|p2a: Zamazenta|[spread] p2a\n|-miss|p1b: Tornadus|p2b: ALL GAS\n|-supereffective|p2a: Zamazenta\n|-damage|p2a: Zamazenta|14/100\n|-unboost|p2a: Zamazenta|spe|1\n|move|p1a: Amoonguss|Pollen Puff|p2a: Zamazenta\n|-supereffective|p2a: Zamazenta\n|-damage|p2a: Zamazenta|0 fnt\n|faint|p2a: Zamazenta\n|\n|upkeep\n|\n|t:|1746037869\n|switch|p2a: Kyogre|Kyogre, L50, shiny|100/100\n|-weather|RainDance|[from] ability: Drizzle|[of] p2a: Kyogre\n|turn|3\n|inactive|markleshark has 30 seconds left.\n|inactive|markleshark has 20 seconds left.\n|inactive|markleshark has 15 seconds left.\n|\n|t:|1746037914\n|-terastallize|p1b: Tornadus|Dark\n|move|p2b: ALL GAS|Taunt|p1b: Tornadus\n|-hint|Since gen 7, Dark is immune to Prankster moves.\n|-immune|p1b: Tornadus\n|move|p1b: Tornadus|Tailwind|p1b: Tornadus\n|-sidestart|p1: markleshark|move: Tailwind\n|move|p2a: Kyogre|Water Spout|p1a: Amoonguss|[spread] p1a,p1b\n|-resisted|p1a: Amoonguss\n|-damage|p1a: Amoonguss|10/100\n|-damage|p1b: Tornadus|0 fnt\n|faint|p1b: Tornadus\n|-damage|p2a: Kyogre|91/100|[from] item: Life Orb\n|move|p1a: Amoonguss|Pollen Puff|p2a: Kyogre\n|-damage|p2a: Kyogre|78/100\n|\n|-weather|RainDance|[upkeep]\n|-end|p1a: Amoonguss|move: Taunt\n|upkeep\n|\n|t:|1746037933\n|switch|p1b: Urshifu|Urshifu-Rapid-Strike, L50, M|100/100\n|turn|4\n|\n|t:|1746037946\n|switch|p2b: SPINNIN'|Sinistcha, L50|100/100\n|-heal|p2a: Kyogre|100/100|[from] ability: Hospitality|[of] p2b: SPINNIN'\n|move|p1a: Amoonguss|Rage Powder|p1a: Amoonguss\n|-singleturn|p1a: Amoonguss|move: Rage Powder\n|move|p1b: Urshifu|Close Combat|p2a: Kyogre\n|-damage|p2a: Kyogre|19/100\n|-unboost|p1b: Urshifu|def|1\n|-unboost|p1b: Urshifu|spd|1\n|move|p2a: Kyogre|Water Spout|p1a: Amoonguss|[spread] p1a,p1b\n|-resisted|p1a: Amoonguss\n|-resisted|p1b: Urshifu\n|-damage|p1a: Amoonguss|0 fnt\n|-damage|p1b: Urshifu|73/100\n|faint|p1a: Amoonguss\n|-damage|p2a: Kyogre|10/100|[from] item: Life Orb\n|\n|-weather|RainDance|[upkeep]\n|upkeep\n|\n|t:|1746037959\n|switch|p1a: Kyogre|Kyogre, L50|100/100\n|turn|5\n|\n|t:|1746037978\n|move|p2b: SPINNIN'|Rage Powder|p2b: SPINNIN'\n|-singleturn|p2b: SPINNIN'|move: Rage Powder\n|move|p1b: Urshifu|Close Combat|p2b: SPINNIN'\n|-immune|p2b: SPINNIN'\n|move|p2a: Kyogre|Thunder|p1a: Kyogre\n|-supereffective|p1a: Kyogre\n|-damage|p1a: Kyogre|29/100\n|-status|p1a: Kyogre|par\n|-damage|p2a: Kyogre|0 fnt|[from] item: Life Orb\n|faint|p2a: Kyogre\n|move|p1a: Kyogre|Water Spout|p2b: SPINNIN'\n|-resisted|p2b: SPINNIN'\n|-damage|p2b: SPINNIN'|77/100\n|\n|-weather|RainDance|[upkeep]\n|-sideend|p2: McDubbieEnthusiast|move: Tailwind\n|upkeep\n|\n|t:|1746037990\n|switch|p2a: ALL GAS|Tornadus, L50, M|100/100\n|turn|6\n|\n|t:|1746038002\n|move|p2a: ALL GAS|Tailwind|p2a: ALL GAS\n|-sidestart|p2: McDubbieEnthusiast|move: Tailwind\n|move|p1b: Urshifu|Close Combat|p2a: ALL GAS\n|-resisted|p2a: ALL GAS\n|-damage|p2a: ALL GAS|53/100\n|-unboost|p1b: Urshifu|def|1\n|-unboost|p1b: Urshifu|spd|1\n|move|p2b: SPINNIN'|Matcha Gotcha|p1a: Kyogre|[spread] p1a,p1b\n|-supereffective|p1a: Kyogre\n|-supereffective|p1b: Urshifu\n|-damage|p1a: Kyogre|0 fnt\n|-heal|p2b: SPINNIN'|93/100|[from] drain|[of] p1a: Kyogre\n|-damage|p1b: Urshifu|0 fnt\n|-heal|p2b: SPINNIN'|100/100|[from] drain|[of] p1b: Urshifu\n|faint|p1a: Kyogre\n|faint|p1b: Urshifu\n|\n|win|McDubbieEnthusiast\n|raw|markleshark's rating: 1181 &rarr; <strong>1156</strong><br />(-25 for losing)\n|raw|McDubbieEnthusiast's rating: 1179 &rarr; <strong>1204</strong><br />(+25 for winning)\n|c|\u2606McDubbieEnthusiast|gg\n|c|\u2606markleshark|gg\n", "uploadtime": 1746038029, "views": 11, "formatid": "gen9vgc2025regibo3", "rating": 1156, "private": 0, "password": null}