{"id": "gen9vgc2025regibo3-2354155386", "format": "[Gen 9] VGC 2025 Reg I (Bo3)", "players": ["User16838426", "Smoukingrad"], "log": "|j|\u2606User16838426\n|j|\u2606Smoukingrad\n|html|<table width=\"100%\"><tr><td align=\"left\">User16838426</td><td align=\"right\">Smoukingrad</tr><tr><td align=\"left\"><i class=\"fa fa-circle\"></i> <i class=\"fa fa-circle-o\"></i> </td><td align=\"right\"><i class=\"fa fa-circle-o\"></i> <i class=\"fa fa-circle\"></i> </tr></table>\n|uhtml|bestof|<h2><strong>Game 3</strong> of <a href=\"/game-bestof3-gen9vgc2025regibo3-2354149954\">a best-of-3</a></h2>\n|t:|1746039659\n|gametype|doubles\n|player|p1|User16838426|102|1381\n|player|p2|Smoukingrad|kimonogirl|1339\n|teamsize|p1|6\n|teamsize|p2|6\n|gen|9\n|tier|[Gen 9] VGC 2025 Reg I (Bo3)\n|rated|\n|rule|Species Clause: Limit one of each Pok\u00e9mon\n|rule|Item Clause: Limit 1 of each item\n|clearpoke\n|poke|p1|Calyrex-Shadow, L50|\n|poke|p1|Zamazenta-*, L50|\n|poke|p1|Incineroar, L50, M|\n|poke|p1|Ogerpon-Wellspring, L50, F|\n|poke|p1|Amoonguss, L50, M|\n|poke|p1|Flutter Mane, L50|\n|poke|p2|Groudon, L50|\n|poke|p2|Miraidon, L50|\n|poke|p2|Incineroar, L50, F|\n|poke|p2|Iron Hands, L50|\n|poke|p2|Farigiraf, L50, M|\n|poke|p2|Flutter Mane, L50|\n|teampreview|4\n|showteam|p1|Calyrex-Shadow||FocusSash|AsOneSpectrier|AstralBarrage,PollenPuff,NastyPlot,Protect||||||50|,,,,,Ghost]Zamazenta-Crowned||RustedShield|DauntlessShield|BodyPress,Imprison,WideGuard,Protect||||||50|,,,,,Dragon]Incineroar||SafetyGoggles|Intimidate|KnockOff,FakeOut,PartingShot,HelpingHand|||M|||50|,,,,,Bug]Ogerpon-Wellspring||WellspringMask|WaterAbsorb|IvyCudgel,HornLeech,FollowMe,SpikyShield|||F|||50|,,,,,Water]Amoonguss||RockyHelmet|Regenerator|PollenPuff,Spore,RagePowder,Protect|||M|||50|,,,,,Water]Flutter Mane||BoosterEnergy|Protosynthesis|Moonblast,IcyWind,ThunderWave,Protect||||||50|,,,,,Fairy\n|showteam|p2|Groudon||ClearAmulet|Drought|PrecipiceBlades,HeatCrash,HighHorsepower,Protect||||||50|,,,,,Fire]Miraidon||ChoiceSpecs|HadronEngine|ElectroDrift,DazzlingGleam,DracoMeteor,VoltSwitch||||||50|,,,,,Fairy]Incineroar||RockyHelmet|Intimidate|FakeOut,PartingShot,WillOWisp,KnockOff|||F|||50|,,,,,Ghost]Iron Hands||AssaultVest|QuarkDrive|LowKick,FakeOut,WildCharge,VoltSwitch||||||50|,,,,,Bug]Farigiraf||ElectricSeed|ArmorTail|Gravity,TrickRoom,Protect,FoulPlay|||M|||50|,,,,,Water]Flutter Mane||FocusSash|Protosynthesis|Taunt,IcyWind,Moonblast,ShadowBall||||||50|,,,,,Normal\n|inactive|Battle timer is ON: inactive players will automatically lose when time's up. (requested by User16838426)\n|\n|t:|1746039676\n|start\n|switch|p1a: Calyrex|Calyrex-Shadow, L50|100/100\n|switch|p1b: Flutter Mane|Flutter Mane, L50|100/100\n|switch|p2a: Incineroar|Incineroar, L50, F|100/100\n|switch|p2b: Farigiraf|Farigiraf, L50, M|100/100\n|-ability|p1a: Calyrex|As One\n|-ability|p1a: Calyrex|Unnerve\n|-ability|p2a: Incineroar|Intimidate|boost\n|-unboost|p1a: Calyrex|atk|1\n|-unboost|p1b: Flutter Mane|atk|1\n|-enditem|p1b: Flutter Mane|Booster Energy\n|-activate|p1b: Flutter Mane|ability: Protosynthesis|[fromitem]\n|-start|p1b: Flutter Mane|protosynthesisspe\n|turn|1\n|\n|t:|1746039692\n|switch|p1a: Incineroar|Incineroar, L50, M|100/100\n|-ability|p1a: Incineroar|Intimidate|boost\n|-unboost|p2a: Incineroar|atk|1\n|-unboost|p2b: Farigiraf|atk|1\n|-terastallize|p2b: Farigiraf|Water\n|move|p1b: Flutter Mane|Moonblast|p2b: Farigiraf\n|-damage|p2b: Farigiraf|68/100\n|move|p2a: Incineroar|Knock Off|p1a: Incineroar\n|-resisted|p1a: Incineroar\n|-damage|p1a: Incineroar|89/100\n|-enditem|p1a: Incineroar|Safety Goggles|[from] move: Knock Off|[of] p2a: Incineroar\n|move|p2b: Farigiraf|Trick Room|p2b: Farigiraf\n|-fieldstart|move: Trick Room|[of] p2b: Farigiraf\n|\n|upkeep\n|turn|2\n|inactive|User16838426 has 30 seconds left.\n|\n|t:|1746039720\n|move|p2b: Farigiraf|Gravity|p2b: Farigiraf\n|-fieldstart|move: Gravity\n|move|p1a: Incineroar|Parting Shot|p2a: Incineroar\n|-unboost|p2a: Incineroar|atk|1\n|-unboost|p2a: Incineroar|spa|1\n|\n|t:|1746039727\n|switch|p1a: Calyrex|Calyrex-Shadow, L50|100/100|[from] Parting Shot\n|-ability|p1a: Calyrex|As One\n|-ability|p1a: Calyrex|Unnerve\n|move|p2a: Incineroar|Parting Shot|p1b: Flutter Mane\n|-unboost|p1b: Flutter Mane|atk|1\n|-unboost|p1b: Flutter Mane|spa|1\n|\n|t:|1746039730\n|switch|p2a: Groudon|Groudon, L50|100/100|[from] Parting Shot\n|-weather|SunnyDay|[from] ability: Drought|[of] p2a: Groudon\n|move|p1b: Flutter Mane|Moonblast|p2a: Groudon\n|-damage|p2a: Groudon|69/100\n|\n|-weather|SunnyDay|[upkeep]\n|upkeep\n|turn|3\n|\n|t:|1746039742\n|-end|p1b: Flutter Mane|Protosynthesis|[silent]\n|switch|p1b: Incineroar|Incineroar, L50, M|89/100\n|-ability|p1b: Incineroar|Intimidate|boost\n|-fail|p2a: Groudon|unboost|[from] item: Clear Amulet|[of] p2a: Groudon\n|-unboost|p2b: Farigiraf|atk|1\n|move|p1a: Calyrex|Protect|p1a: Calyrex\n|-singleturn|p1a: Calyrex|Protect\n|move|p2b: Farigiraf|Foul Play|p1a: Calyrex\n|-activate|p1a: Calyrex|move: Protect\n|move|p2a: Groudon|Precipice Blades|p1b: Incineroar|[spread] p1b\n|-activate|p1a: Calyrex|move: Protect\n|-supereffective|p1b: Incineroar\n|-damage|p1b: Incineroar|0 fnt\n|faint|p1b: Incineroar\n|\n|-weather|SunnyDay|[upkeep]\n|upkeep\n|\n|t:|1746039750\n|switch|p1b: Zamazenta|Zamazenta-Crowned, L50|100/100\n|-ability|p1b: Zamazenta|Dauntless Shield|boost\n|-boost|p1b: Zamazenta|def|1\n|turn|4\n|\n|t:|1746039757\n|switch|p1a: Flutter Mane|Flutter Mane, L50|100/100\n|-activate|p1a: Flutter Mane|ability: Protosynthesis\n|-start|p1a: Flutter Mane|protosynthesisspe\n|move|p1b: Zamazenta|Protect|p1b: Zamazenta\n|-singleturn|p1b: Zamazenta|Protect\n|move|p2b: Farigiraf|Foul Play|p1a: Flutter Mane\n|-damage|p1a: Flutter Mane|86/100\n|move|p2a: Groudon|High Horsepower|p1a: Flutter Mane\n|-damage|p1a: Flutter Mane|0 fnt\n|faint|p1a: Flutter Mane\n|-end|p1a: Flutter Mane|Protosynthesis|[silent]\n|\n|-weather|SunnyDay|[upkeep]\n|upkeep\n|\n|t:|1746039760\n|switch|p1a: Calyrex|Calyrex-Shadow, L50|100/100\n|-ability|p1a: Calyrex|As One\n|-ability|p1a: Calyrex|Unnerve\n|turn|5\n|\n|t:|1746039783\n|move|p1a: Calyrex|Protect|p1a: Calyrex\n|-singleturn|p1a: Calyrex|Protect\n|move|p2b: Farigiraf|Foul Play|p1a: Calyrex\n|-activate|p1a: Calyrex|move: Protect\n|move|p2a: Groudon|High Horsepower|p1b: Zamazenta\n|-supereffective|p1b: Zamazenta\n|-damage|p1b: Zamazenta|49/100\n|move|p1b: Zamazenta|Imprison|p1b: Zamazenta\n|-start|p1b: Zamazenta|move: Imprison\n|\n|-weather|SunnyDay|[upkeep]\n|-fieldend|move: Trick Room\n|upkeep\n|turn|6\n|inactive|User16838426 has 30 seconds left.\n|inactive|User16838426 has 20 seconds left.\n|\n|t:|1746039820\n|move|p1a: Calyrex|Pollen Puff|p1b: Zamazenta\n|-heal|p1b: Zamazenta|99/100\n|move|p1b: Zamazenta|Body Press|p2b: Farigiraf\n|-damage|p2b: Farigiraf|3/100\n|move|p2a: Groudon|High Horsepower|p1a: Calyrex\n|-damage|p1a: Calyrex|31/100\n|move|p2b: Farigiraf|Foul Play|p1a: Calyrex\n|-supereffective|p1a: Calyrex\n|-damage|p1a: Calyrex|0 fnt\n|faint|p1a: Calyrex\n|\n|-weather|none\n|-fieldend|move: Gravity\n|upkeep\n|turn|7\n|-message|User16838426 forfeited.\n|raw|User16838426's rating: 1381 &rarr; <strong>1359</strong><br />(-22 for losing)\n|raw|Smoukingrad's rating: 1339 &rarr; <strong>1361</strong><br />(+22 for winning)\n|\n|win|Smoukingrad\n|l|\u2606User16838426\n|player|p1|\n", "uploadtime": 1746039868, "views": 17, "formatid": "gen9vgc2025regibo3", "rating": 1359, "private": 0, "password": null}