{"id": "gen9vgc2025regibo3-2353387276", "format": "[Gen 9] VGC 2025 Reg I (Bo3)", "players": ["jt562", "izmatti"], "log": "|j|\u2606jt562\n|j|\u2606izmatti\n|html|<table width=\"100%\"><tr><td align=\"left\">jt562</td><td align=\"right\">izmatti</tr><tr><td align=\"left\"><i class=\"fa fa-circle\"></i> <i class=\"fa fa-circle-o\"></i> </td><td align=\"right\"><i class=\"fa fa-circle-o\"></i> <i class=\"fa fa-circle-o\"></i> </tr></table>\n|uhtml|bestof|<h2><strong>Game 2</strong> of <a href=\"/game-bestof3-gen9vgc2025regibo3-2353383096\">a best-of-3</a></h2>\n|t:|1745951543\n|gametype|doubles\n|player|p1|jt562|2|1169\n|player|p2|izmatti|265|1133\n|teamsize|p1|6\n|teamsize|p2|6\n|gen|9\n|tier|[Gen 9] VGC 2025 Reg I (Bo3)\n|rated|\n|rule|Species Clause: Limit one of each Pok\u00e9mon\n|rule|Item Clause: Limit 1 of each item\n|clearpoke\n|poke|p1|Terapagos, L50, M|\n|poke|p1|Incineroar, L50, M|\n|poke|p1|Rillaboom, L50, M|\n|poke|p1|Volcarona, L50, F|\n|poke|p1|Brute Bonnet, L50|\n|poke|p1|Koraidon, L50|\n|poke|p2|Miraidon, L50|\n|poke|p2|Iron Hands, L50|\n|poke|p2|Chi-Yu, L50|\n|poke|p2|Farigiraf, L50, F|\n|poke|p2|Whimsicott, L50, M|\n|poke|p2|Groudon, L50|\n|teampreview|4\n|showteam|p1|Terapagos||Leftovers|TeraShift|TeraStarstorm,EarthPower,CalmMind,Protect|||M|||50|,,,,,Stellar]Incineroar||SafetyGoggles|Intimidate|KnockOff,FakeOut,Taunt,PartingShot|||M|||50|,,,,,Bug]Rillaboom||AssaultVest|GrassySurge|FakeOut,WoodHammer,GrassyGlide,Uturn|||M|||50|,,,,,Grass]Volcarona||RockyHelmet|FlameBody|Protect,WillOWisp,RagePowder,FieryDance|||F|||50|,,,,,Water]Brute Bonnet||CovertCloak|Protosynthesis|RagePowder,Spore,Crunch,SeedBomb||||||50|,,,,,Water]Koraidon||ClearAmulet|OrichalcumPulse|Protect,FlameCharge,FlareBlitz,CollisionCourse||||||50|,,,,,Fire\n|showteam|p2|Miraidon||ChoiceSpecs|HadronEngine|ElectroDrift,VoltSwitch,DracoMeteor,DazzlingGleam||||||50|,,,,,Fairy]Iron Hands||AssaultVest|QuarkDrive|FakeOut,WildCharge,DrainPunch,IcePunch||||||50|,,,,,Bug]Chi-Yu||ChoiceScarf|BeadsofRuin|HeatWave,Snarl,DarkPulse,Flamethrower||||||50|,,,,,Ghost]Farigiraf||ElectricSeed|ArmorTail|HelpingHand,TrickRoom,Imprison,Psychic|||F|||50|,,,,,Water]Whimsicott||CovertCloak|Prankster|Moonblast,Tailwind,Encore,LightScreen|||M|||50|,,,,,Dark]Groudon||ClearAmulet|Drought|HeatCrash,PrecipiceBlades,Protect,HelpingHand||||||50|,,,,,Fire\n|inactive|Battle timer is ON: inactive players will automatically lose when time's up. (requested by izmatti)\n|inactive|jt562 has 60 seconds left.\n|\n|t:|1745951632\n|start\n|switch|p1a: Terapagos|Terapagos, L50, M|100/100\n|switch|p1b: Koraidon|Koraidon, L50|100/100\n|switch|p2a: Chi-Yu|Chi-Yu, L50|100/100\n|switch|p2b: Groudon|Groudon, L50|100/100\n|-activate|p1a: Terapagos|ability: Tera Shift\n|detailschange|p1a: Terapagos|Terapagos-Terastal, L50, M\n|-heal|p1a: Terapagos|100/100|[silent]\n|-ability|p2a: Chi-Yu|Beads of Ruin\n|-weather|SunnyDay|[from] ability: Orichalcum Pulse|[of] p1b: Koraidon\n|-activate|p1b: Koraidon|Orichalcum Pulse|[source]\n|turn|1\n|inactive|jt562 has 30 seconds left.\n|inactive|izmatti has 30 seconds left.\n|inactive|jt562 has 20 seconds left.\n|\n|t:|1745951672\n|-terastallize|p2a: Chi-Yu|Ghost\n|move|p2b: Groudon|Helping Hand|p2a: Chi-Yu\n|-singleturn|p2a: Chi-Yu|Helping Hand|[of] p2b: Groudon\n|move|p1b: Koraidon|Protect|p1b: Koraidon\n|-singleturn|p1b: Koraidon|Protect\n|move|p1a: Terapagos|Protect|p1a: Terapagos\n|-singleturn|p1a: Terapagos|Protect\n|move|p2a: Chi-Yu|Heat Wave|p1a: Terapagos|[spread] \n|-activate|p1a: Terapagos|move: Protect\n|-activate|p1b: Koraidon|move: Protect\n|\n|-weather|SunnyDay|[upkeep]\n|upkeep\n|turn|2\n|inactive|jt562 has 30 seconds left.\n|inactive|jt562 has 20 seconds left.\n|\n|t:|1745951708\n|-terastallize|p1a: Terapagos|Stellar\n|detailschange|p1a: Terapagos|Terapagos-Stellar, L50, M, tera:Stellar\n|-heal|p1a: Terapagos|100/100|[silent]\n|-ability|p1a: Terapagos|Teraform Zero\n|-weather|none\n|move|p2a: Chi-Yu|Heat Wave|p1b: Koraidon|[spread] p1b\n|-miss|p2a: Chi-Yu|p1a: Terapagos\n|-resisted|p1b: Koraidon\n|-damage|p1b: Koraidon|80/100\n|move|p1b: Koraidon|Flame Charge|p2a: Chi-Yu\n|-damage|p2a: Chi-Yu|70/100\n|-boost|p1b: Koraidon|spe|1\n|move|p2b: Groudon|Heat Crash|p1a: Terapagos\n|-damage|p1a: Terapagos|75/100\n|move|p1a: Terapagos|Tera Starstorm|p2b: Groudon|[spread] p2a,p2b\n|-supereffective|p2a: Chi-Yu\n|-damage|p2a: Chi-Yu|0 fnt\n|-damage|p2b: Groudon|59/100\n|faint|p2a: Chi-Yu\n|\n|-heal|p1a: Terapagos|81/100|[from] item: Leftovers\n|upkeep\n|\n|t:|1745951733\n|switch|p2a: Miraidon|Miraidon, L50|100/100\n|-fieldstart|move: Electric Terrain|[from] ability: Hadron Engine|[of] p2a: Miraidon\n|turn|3\n|inactive|jt562 has 30 seconds left.\n|inactive|jt562 has 20 seconds left.\n|inactive|jt562 has 15 seconds left.\n|\n|t:|1745951775\n|move|p2b: Groudon|Helping Hand|p2a: Miraidon\n|-singleturn|p2a: Miraidon|Helping Hand|[of] p2b: Groudon\n|move|p1b: Koraidon|Protect|p1b: Koraidon\n|-singleturn|p1b: Koraidon|Protect\n|move|p1a: Terapagos|Protect|p1a: Terapagos\n|-singleturn|p1a: Terapagos|Protect\n|move|p2a: Miraidon|Draco Meteor|p1a: Terapagos\n|-activate|p1a: Terapagos|move: Protect\n|\n|-heal|p1a: Terapagos|87/100|[from] item: Leftovers\n|upkeep\n|turn|4\n|inactive|jt562 has 30 seconds left.\n|\n|t:|1745951805\n|switch|p2a: Farigiraf|Farigiraf, L50, F|100/100\n|-enditem|p2a: Farigiraf|Electric Seed\n|-boost|p2a: Farigiraf|def|1|[from] item: Electric Seed\n|move|p1b: Koraidon|Flare Blitz|p2a: Farigiraf\n|-damage|p2a: Farigiraf|75/100\n|-damage|p1b: Koraidon|70/100|[from] Recoil\n|move|p2b: Groudon|Precipice Blades|p1b: Koraidon|[spread] p1a\n|-miss|p2b: Groudon|p1b: Koraidon\n|-damage|p1a: Terapagos|57/100\n|move|p1a: Terapagos|Earth Power|p2a: Farigiraf\n|-damage|p2a: Farigiraf|46/100\n|-unboost|p2a: Farigiraf|spd|1\n|\n|-heal|p1a: Terapagos|63/100|[from] item: Leftovers\n|upkeep\n|turn|5\n|\n|t:|1745951822\n|switch|p1b: Rillaboom|Rillaboom, L50, M|100/100\n|-fieldstart|move: Grassy Terrain|[from] ability: Grassy Surge|[of] p1b: Rillaboom\n|move|p2b: Groudon|Precipice Blades|p1a: Terapagos|[spread] p1a,p1b\n|-resisted|p1b: Rillaboom\n|-damage|p1a: Terapagos|35/100\n|-damage|p1b: Rillaboom|72/100\n|move|p1a: Terapagos|Calm Mind|p1a: Terapagos\n|-boost|p1a: Terapagos|spa|1\n|-boost|p1a: Terapagos|spd|1\n|move|p2a: Farigiraf|Psychic|p1b: Rillaboom\n|-damage|p1b: Rillaboom|52/100\n|\n|-heal|p2b: Groudon|65/100|[from] Grassy Terrain\n|-heal|p1b: Rillaboom|58/100|[from] Grassy Terrain\n|-heal|p1a: Terapagos|41/100|[from] Grassy Terrain\n|-heal|p1a: Terapagos|47/100|[from] item: Leftovers\n|-heal|p2a: Farigiraf|52/100|[from] Grassy Terrain\n|upkeep\n|turn|6\n|\n|t:|1745951841\n|move|p2a: Farigiraf|Helping Hand|p2b: Groudon\n|-singleturn|p2b: Groudon|Helping Hand|[of] p2a: Farigiraf\n|move|p2b: Groudon|Precipice Blades|p1a: Terapagos|[spread] p1b\n|-miss|p2b: Groudon|p1a: Terapagos\n|-resisted|p1b: Rillaboom\n|-damage|p1b: Rillaboom|17/100\n|move|p1b: Rillaboom|U-turn|p2a: Farigiraf\n|-supereffective|p2a: Farigiraf\n|-damage|p2a: Farigiraf|22/100\n|\n|t:|1745951850\n|switch|p1b: Incineroar|Incineroar, L50, M|100/100|[from] U-turn\n|-ability|p1b: Incineroar|Intimidate|boost\n|-unboost|p2a: Farigiraf|atk|1\n|-fail|p2b: Groudon|unboost|[from] item: Clear Amulet|[of] p2b: Groudon\n|move|p1a: Terapagos|Tera Starstorm|p2a: Farigiraf|[spread] p2a,p2b\n|-damage|p2a: Farigiraf|0 fnt\n|-damage|p2b: Groudon|11/100\n|faint|p2a: Farigiraf\n|\n|-heal|p2b: Groudon|17/100|[from] Grassy Terrain\n|-heal|p1a: Terapagos|54/100|[from] Grassy Terrain\n|-heal|p1a: Terapagos|60/100|[from] item: Leftovers\n|upkeep\n|\n|t:|1745951853\n|switch|p2a: Miraidon|Miraidon, L50|100/100\n|-fieldstart|move: Electric Terrain|[from] ability: Hadron Engine|[of] p2a: Miraidon\n|turn|7\n|inactive|jt562 has 30 seconds left.\n|inactive|jt562 has 20 seconds left.\n|-message|izmatti forfeited.\n|raw|jt562's rating: 1169 &rarr; <strong>1191</strong><br />(+22 for winning)\n|raw|izmatti's rating: 1133 &rarr; <strong>1111</strong><br />(-22 for losing)\n|\n|win|jt562\n", "uploadtime": 1745951891, "views": 9, "formatid": "gen9vgc2025regibo3", "rating": 1111, "private": 0, "password": null}