{"id": "gen9vgc2025regibo3-2354206703", "format": "[Gen 9] VGC 2025 Reg I (Bo3)", "players": ["Im bad 211", "wittraid"], "log": "|j|\u2606Im bad 211\n|j|\u2606wittraid\n|html|<table width=\"100%\"><tr><td align=\"left\">Im bad 211</td><td align=\"right\">wittraid</tr><tr><td align=\"left\"><i class=\"fa fa-circle-o\"></i> <i class=\"fa fa-circle-o\"></i> </td><td align=\"right\"><i class=\"fa fa-circle-o\"></i> <i class=\"fa fa-circle-o\"></i> </tr></table>\n|uhtml|bestof|<h2><strong>Game 1</strong> of <a href=\"/game-bestof3-gen9vgc2025regibo3-2354206700\">a best-of-3</a></h2>\n|t:|1746044612\n|gametype|doubles\n|player|p1|Im bad 211|102|1137\n|player|p2|wittraid|169|1183\n|teamsize|p1|6\n|teamsize|p2|6\n|gen|9\n|tier|[Gen 9] VGC 2025 Reg I (Bo3)\n|rated|\n|rule|Species Clause: Limit one of each Pok\u00e9mon\n|rule|Item Clause: Limit 1 of each item\n|clearpoke\n|poke|p1|Calyrex-Ice, L50|\n|poke|p1|Necrozma-Dusk-Mane, L50|\n|poke|p1|Torkoal, L50, F|\n|poke|p1|Indeedee-F, L50, F|\n|poke|p1|Raging Bolt, L50|\n|poke|p1|Brute Bonnet, L50|\n|poke|p2|Ursaluna-Bloodmoon, L50, M|\n|poke|p2|Lunala, L50|\n|poke|p2|Calyrex-Ice, L50|\n|poke|p2|Metagross, L50|\n|poke|p2|Raging Bolt, L50|\n|poke|p2|Urshifu-*, L50, F|\n|teampreview|4\n|showteam|p1|Calyrex-Ice||ClearAmulet|AsOneGlastrier|GlacialLance,HighHorsepower,TrickRoom,Protect||||||50|,,,,,Water]Necrozma-Dusk-Mane||MetalCoat|PrismArmor|SunsteelStrike,PhotonGeyser,KnockOff,Protect||||||50|,,,,,Dragon]Torkoal||Charcoal|Drought|Eruption,Flamethrower,EarthPower,Protect|||F|||50|,,,,,Fire]Indeedee-F||RockyHelmet|PsychicSurge|FakeOut,FollowMe,HelpingHand,TrickRoom|||F|||50|,,,,,Psychic]Raging Bolt||AssaultVest|Protosynthesis|Electroweb,Thunderclap,DracoMeteor,Thunder||||||50|,,,,,Fairy]Brute Bonnet||BoosterEnergy|Protosynthesis|Spore,SeedBomb,RagePowder,SuckerPunch||||||50|,,,,,Water\n|showteam|p2|Ursaluna-Bloodmoon||ThroatSpray|MindsEye|HyperVoice,EarthPower,Protect,BloodMoon|||M|||50|,,,,,Ghost]Lunala||PowerHerb|ShadowShield|MoongeistBeam,WideGuard,TrickRoom,MeteorBeam||||||50|,,,,,Grass]Calyrex-Ice||ClearAmulet|AsOneGlastrier|Protect,GlacialLance,HighHorsepower,TrickRoom||||||50|,,,,,Fire]Metagross||LifeOrb|ClearBody|HammerArm,PsychicFangs,Protect,HeavySlam||||||50|,,,,,Grass]Raging Bolt||BoosterEnergy|Protosynthesis|Thunderbolt,Thunderclap,Protect,Roar||||||50|,,,,,Grass]Urshifu||ExpertBelt|UnseenFist|WickedBlow,SuckerPunch,Protect,CloseCombat|||F|||50|,,,,,Poison\n|inactive|Battle timer is ON: inactive players will automatically lose when time's up. (requested by wittraid)\n|inactive|Im bad 211 has 60 seconds left.\n|inactive|wittraid has 60 seconds left.\n|inactive|Im bad 211 has 30 seconds left.\n|inactive|wittraid has 30 seconds left.\n|\n|t:|1746044676\n|start\n|switch|p1a: Necrozma|Necrozma-Dusk-Mane, L50|100/100\n|switch|p1b: Torkoal|Torkoal, L50, F|100/100\n|switch|p2a: Lunala|Lunala, L50|100/100\n|switch|p2b: Urshifu|Urshifu, L50, F|100/100\n|-weather|SunnyDay|[from] ability: Drought|[of] p1b: Torkoal\n|turn|1\n|\n|t:|1746044699\n|-terastallize|p1a: Necrozma|Dragon\n|move|p2a: Lunala|Meteor Beam||[still]\n|-prepare|p2a: Lunala|Meteor Beam\n|-boost|p2a: Lunala|spa|1\n|-enditem|p2a: Lunala|Power Herb\n|-anim|p2a: Lunala|Meteor Beam|p1b: Torkoal\n|-supereffective|p1b: Torkoal\n|-damage|p1b: Torkoal|0 fnt\n|faint|p1b: Torkoal\n|move|p2b: Urshifu|Wicked Blow|p1a: Necrozma\n|-crit|p1a: Necrozma\n|-damage|p1a: Necrozma|62/100\n|move|p1a: Necrozma|Knock Off|p2a: Lunala\n|-supereffective|p2a: Lunala\n|-damage|p2a: Lunala|69/100\n|\n|-weather|SunnyDay|[upkeep]\n|upkeep\n|\n|t:|1746044716\n|switch|p1b: Raging Bolt|Raging Bolt, L50|100/100\n|-activate|p1b: Raging Bolt|ability: Protosynthesis\n|-start|p1b: Raging Bolt|protosynthesisspa\n|turn|2\n|\n|t:|1746044740\n|-terastallize|p2a: Lunala|Grass\n|move|p1b: Raging Bolt|Thunderclap||[still]\n|-fail|p1b: Raging Bolt\n|move|p2b: Urshifu|Close Combat|p1b: Raging Bolt\n|-damage|p1b: Raging Bolt|41/100\n|-unboost|p2b: Urshifu|def|1\n|-unboost|p2b: Urshifu|spd|1\n|move|p1a: Necrozma|Sunsteel Strike|p2a: Lunala\n|-damage|p2a: Lunala|23/100\n|move|p2a: Lunala|Trick Room|p2a: Lunala\n|-fieldstart|move: Trick Room|[of] p2a: Lunala\n|\n|-weather|SunnyDay|[upkeep]\n|upkeep\n|turn|3\n|inactive|Im bad 211 has 30 seconds left.\n|\n|t:|1746044765\n|move|p1a: Necrozma|Sunsteel Strike|p2a: Lunala\n|-damage|p2a: Lunala|0 fnt\n|faint|p2a: Lunala\n|move|p2b: Urshifu|Close Combat|p1b: Raging Bolt\n|-damage|p1b: Raging Bolt|0 fnt\n|-unboost|p2b: Urshifu|def|1\n|-unboost|p2b: Urshifu|spd|1\n|faint|p1b: Raging Bolt\n|-end|p1b: Raging Bolt|Protosynthesis|[silent]\n|\n|-weather|SunnyDay|[upkeep]\n|upkeep\n|\n|t:|1746044777\n|switch|p1b: Calyrex|Calyrex-Ice, L50|100/100\n|switch|p2a: Calyrex|Calyrex-Ice, L50|100/100\n|-ability|p2a: Calyrex|As One\n|-ability|p2a: Calyrex|Unnerve\n|-ability|p1b: Calyrex|As One\n|-ability|p1b: Calyrex|Unnerve\n|turn|4\n|\n|t:|1746044792\n|move|p2b: Urshifu|Sucker Punch|p1b: Calyrex\n|-supereffective|p1b: Calyrex\n|-damage|p1b: Calyrex|52/100\n|move|p2a: Calyrex|Glacial Lance|p1b: Calyrex|[spread] p1a,p1b\n|-supereffective|p1a: Necrozma\n|-resisted|p1b: Calyrex\n|-damage|p1a: Necrozma|27/100\n|-damage|p1b: Calyrex|40/100\n|move|p1b: Calyrex|High Horsepower|p2a: Calyrex\n|-damage|p2a: Calyrex|83/100\n|move|p1a: Necrozma|Sunsteel Strike|p2b: Urshifu\n|-damage|p2b: Urshifu|0 fnt\n|faint|p2b: Urshifu\n|\n|-weather|SunnyDay|[upkeep]\n|upkeep\n|\n|t:|1746044806\n|switch|p2b: Ursaluna|Ursaluna-Bloodmoon, L50, M|100/100\n|turn|5\n|\n|t:|1746044816\n|move|p1a: Necrozma|Protect|p1a: Necrozma\n|-singleturn|p1a: Necrozma|Protect\n|move|p2a: Calyrex|Glacial Lance|p1a: Necrozma|[spread] p1b\n|-activate|p1a: Necrozma|move: Protect\n|-resisted|p1b: Calyrex\n|-damage|p1b: Calyrex|29/100\n|move|p2b: Ursaluna|Hyper Voice|p1b: Calyrex|[spread] p1b\n|-activate|p1a: Necrozma|move: Protect\n|-damage|p1b: Calyrex|5/100\n|-enditem|p2b: Ursaluna|Throat Spray\n|-boost|p2b: Ursaluna|spa|1|[from] item: Throat Spray\n|move|p1b: Calyrex|Glacial Lance|p2a: Calyrex|[spread] p2a,p2b\n|-resisted|p2a: Calyrex\n|-supereffective|p2b: Ursaluna\n|-damage|p2a: Calyrex|69/100\n|-damage|p2b: Ursaluna|45/100\n|\n|-weather|none\n|upkeep\n|turn|6\n|\n|t:|1746044839\n|move|p1b: Calyrex|Protect|p1b: Calyrex\n|-singleturn|p1b: Calyrex|Protect\n|move|p1a: Necrozma|Protect||[still]\n|-fail|p1a: Necrozma\n|move|p2a: Calyrex|Glacial Lance|p1b: Calyrex|[spread] p1a\n|-activate|p1b: Calyrex|move: Protect\n|-supereffective|p1a: Necrozma\n|-damage|p1a: Necrozma|0 fnt\n|faint|p1a: Necrozma\n|-ability|p2a: Calyrex|Chilling Neigh|boost\n|-boost|p2a: Calyrex|atk|1\n|move|p2b: Ursaluna|Hyper Voice|p1b: Calyrex\n|-activate|p1b: Calyrex|move: Protect\n|\n|-fieldend|move: Trick Room\n|upkeep\n|turn|7\n|\n|t:|1746044856\n|move|p2b: Ursaluna|Protect|p2b: Ursaluna\n|-singleturn|p2b: Ursaluna|Protect\n|move|p1b: Calyrex|Glacial Lance|p2b: Ursaluna|[spread] p2a\n|-activate|p2b: Ursaluna|move: Protect\n|-resisted|p2a: Calyrex\n|-damage|p2a: Calyrex|55/100\n|move|p2a: Calyrex|Glacial Lance|p1b: Calyrex\n|-resisted|p1b: Calyrex\n|-damage|p1b: Calyrex|0 fnt\n|faint|p1b: Calyrex\n|\n|win|wittraid\n|l|\u2606Im bad 211\n|player|p1|\n||Im bad 211 is ready for game 2.\n|c|\u2606wittraid|gg\n|inactive|wittraid has 30 seconds to confirm battle start!\n||wittraid is ready for game 2.\n|uhtml|next|Next: <a href=\"/battle-gen9vgc2025regibo3-2354209246\"><strong>Game 2 of 3</strong></a>\n|l|\u2606wittraid\n|player|p2|\n", "uploadtime": 1746045208, "views": 6, "formatid": "gen9vgc2025regibo3", "rating": null, "private": 0, "password": null}