{"id": "gen9vgc2025regibo3-2354313440", "format": "[Gen 9] VGC 2025 Reg I (Bo3)", "players": ["TheParasectKing", "8bitbidoof"], "log": "|j|\u2606TheParasectKing\n|j|\u26068bitbidoof\n|html|<table width=\"100%\"><tr><td align=\"left\">TheParasectKing</td><td align=\"right\">8bitbidoof</tr><tr><td align=\"left\"><i class=\"fa fa-circle-o\"></i> <i class=\"fa fa-circle-o\"></i> </td><td align=\"right\"><i class=\"fa fa-circle-o\"></i> <i class=\"fa fa-circle-o\"></i> </tr></table>\n|uhtml|bestof|<h2><strong>Game 1</strong> of <a href=\"/game-bestof3-gen9vgc2025regibo3-2354313439\">a best-of-3</a></h2>\n|t:|1746056158\n|gametype|doubles\n|player|p1|TheParasectKing|acetrainer-gen4dp|1184\n|player|p2|8bitbidoof|169|1268\n|teamsize|p1|6\n|teamsize|p2|6\n|gen|9\n|tier|[Gen 9] VGC 2025 Reg I (Bo3)\n|rated|\n|rule|Species Clause: Limit one of each Pok\u00e9mon\n|rule|Item Clause: Limit 1 of each item\n|clearpoke\n|poke|p1|Calyrex-Shadow, L50|\n|poke|p1|Rillaboom, L50, M|\n|poke|p1|Incineroar, L50, F|\n|poke|p1|Ogerpon-Hearthflame, L50, F|\n|poke|p1|Urshifu-*, L50, M|\n|poke|p1|Eternatus, L50|\n|poke|p2|Koraidon, L50|\n|poke|p2|Flutter Mane, L50|\n|poke|p2|Brute Bonnet, L50|\n|poke|p2|Chi-Yu, L50|\n|poke|p2|Lunala, L50|\n|poke|p2|Ursaluna, L50, M|\n|teampreview|4\n|showteam|p1|Calyrex-Shadow||LifeOrb|AsOneSpectrier|AstralBarrage,Psychic,NastyPlot,Protect||||||50|,,,,,Dark]Rillaboom||AssaultVest|GrassySurge|Uturn,WoodHammer,FakeOut,GrassyGlide|||M|||50|,,,,,Water]Incineroar||RockyHelmet|Intimidate|FakeOut,WillOWisp,KnockOff,Uturn|||F|||50|,,,,,Bug]Ogerpon-Hearthflame||HearthflameMask|MoldBreaker|FollowMe,WoodHammer,SpikyShield,IvyCudgel|||F|||50|,,,,,Fire]Urshifu-Rapid-Strike||ChoiceScarf|UnseenFist|SurgingStrikes,CloseCombat,AquaJet,Uturn|||M|||50|,,,,,Water]Eternatus||Leftovers|Pressure|Flamethrower,CosmicPower,Recover,Protect||||||50|,,,,,Dark\n|showteam|p2|Koraidon||ClearAmulet|OrichalcumPulse|FlareBlitz,CollisionCourse,FlameCharge,Protect||||||50|,,,,,Fire]Flutter Mane||FocusSash|Protosynthesis|Moonblast,ShadowBall,IcyWind,Protect||||||50|,,,,,Normal]Brute Bonnet||CovertCloak|Protosynthesis|SeedBomb,SuckerPunch,Spore,RagePowder||||||50|,,,,,Water]Chi-Yu||ChoiceScarf|BeadsofRuin|HeatWave,DarkPulse,Overheat,Snarl||||||50|,,,,,Ghost]Lunala||PowerHerb|ShadowShield|MoongeistBeam,MeteorBeam,WideGuard,TrickRoom||||||50|,,,,,Normal]Ursaluna||FlameOrb|Guts|Facade,HeadlongRush,Earthquake,Protect|||M|||50|,,,,,Water\n|inactive|Battle timer is ON: inactive players will automatically lose when time's up. (requested by TheParasectKing)\n|inactive|8bitbidoof also wants the timer to be on.\n|inactive|8bitbidoof has 60 seconds left.\n|\n|t:|1746056213\n|start\n|switch|p1a: Ogerpon|Ogerpon-Hearthflame, L50, F|100/100\n|switch|p1b: Incineroar|Incineroar, L50, F|100/100\n|switch|p2a: Koraidon|Koraidon, L50|100/100\n|switch|p2b: Flutter Mane|Flutter Mane, L50|100/100\n|-weather|SunnyDay|[from] ability: Orichalcum Pulse|[of] p2a: Koraidon\n|-activate|p2b: Flutter Mane|ability: Protosynthesis\n|-start|p2b: Flutter Mane|protosynthesisspe\n|-activate|p2a: Koraidon|Orichalcum Pulse|[source]\n|-ability|p1a: Ogerpon|Mold Breaker\n|-ability|p1b: Incineroar|Intimidate|boost\n|-fail|p2a: Koraidon|unboost|[from] item: Clear Amulet|[of] p2a: Koraidon\n|-unboost|p2b: Flutter Mane|atk|1\n|turn|1\n|\n|t:|1746056235\n|-terastallize|p2a: Koraidon|Fire\n|move|p2b: Flutter Mane|Protect|p2b: Flutter Mane\n|-singleturn|p2b: Flutter Mane|Protect\n|move|p1a: Ogerpon|Spiky Shield|p1a: Ogerpon\n|-singleturn|p1a: Ogerpon|move: Protect\n|move|p2a: Koraidon|Flame Charge|p1b: Incineroar\n|-resisted|p1b: Incineroar\n|-damage|p1b: Incineroar|66/100\n|-boost|p2a: Koraidon|spe|1\n|-damage|p2a: Koraidon|84/100|[from] item: Rocky Helmet|[of] p1b: Incineroar\n|move|p1b: Incineroar|Knock Off|p2b: Flutter Mane\n|-activate|p2b: Flutter Mane|move: Protect\n|\n|-weather|SunnyDay|[upkeep]\n|upkeep\n|turn|2\n|inactive|8bitbidoof has 30 seconds left.\n|\n|t:|1746056263\n|move|p1a: Ogerpon|Follow Me|p1a: Ogerpon\n|-singleturn|p1a: Ogerpon|move: Follow Me\n|move|p2b: Flutter Mane|Icy Wind|p1a: Ogerpon|[spread] p1a,p1b\n|-resisted|p1b: Incineroar\n|-damage|p1a: Ogerpon|81/100\n|-damage|p1b: Incineroar|57/100\n|-unboost|p1a: Ogerpon|spe|1\n|-unboost|p1b: Incineroar|spe|1\n|move|p2a: Koraidon|Collision Course|p1a: Ogerpon\n|-damage|p1a: Ogerpon|0 fnt\n|faint|p1a: Ogerpon\n|move|p1b: Incineroar|U-turn|p2b: Flutter Mane\n|-resisted|p2b: Flutter Mane\n|-damage|p2b: Flutter Mane|90/100\n|\n|t:|1746056276\n|switch|p1b: Eternatus|Eternatus, L50|100/100|[from] U-turn\n|-ability|p1b: Eternatus|Pressure\n|\n|-weather|SunnyDay|[upkeep]\n|upkeep\n|\n|t:|1746056280\n|switch|p1a: Incineroar|Incineroar, L50, F|57/100\n|-ability|p1a: Incineroar|Intimidate|boost\n|-fail|p2a: Koraidon|unboost|[from] item: Clear Amulet|[of] p2a: Koraidon\n|-unboost|p2b: Flutter Mane|atk|1\n|turn|3\n|\n|t:|1746056297\n|move|p1a: Incineroar|Fake Out|p2a: Koraidon\n|-damage|p2a: Koraidon|73/100\n|move|p2b: Flutter Mane|Icy Wind|p1b: Eternatus|[spread] p1a,p1b\n|-resisted|p1a: Incineroar\n|-supereffective|p1b: Eternatus\n|-damage|p1a: Incineroar|48/100\n|-damage|p1b: Eternatus|80/100\n|-unboost|p1a: Incineroar|spe|1\n|-unboost|p1b: Eternatus|spe|1\n|cant|p2a: Koraidon|flinch\n|move|p1b: Eternatus|Cosmic Power|p1b: Eternatus\n|-boost|p1b: Eternatus|def|1\n|-boost|p1b: Eternatus|spd|1\n|\n|-weather|SunnyDay|[upkeep]\n|-heal|p1b: Eternatus|86/100|[from] item: Leftovers\n|upkeep\n|turn|4\n|inactive|TheParasectKing has 30 seconds left.\n|inactive|TheParasectKing has 20 seconds left.\n|inactive|TheParasectKing has 15 seconds left.\n|\n|t:|1746056340\n|move|p1b: Eternatus|Protect|p1b: Eternatus\n|-singleturn|p1b: Eternatus|Protect\n|move|p2b: Flutter Mane|Shadow Ball|p1a: Incineroar\n|-resisted|p1a: Incineroar\n|-damage|p1a: Incineroar|26/100\n|move|p2a: Koraidon|Collision Course|p1a: Incineroar\n|-supereffective|p1a: Incineroar\n|-damage|p1a: Incineroar|0 fnt\n|-damage|p2a: Koraidon|56/100|[from] item: Rocky Helmet|[of] p1a: Incineroar\n|faint|p1a: Incineroar\n|\n|-weather|SunnyDay|[upkeep]\n|-heal|p1b: Eternatus|92/100|[from] item: Leftovers\n|upkeep\n|\n|t:|1746056348\n|switch|p1a: Calyrex|Calyrex-Shadow, L50|100/100\n|-ability|p1a: Calyrex|As One\n|-ability|p1a: Calyrex|Unnerve\n|turn|5\n|\n|t:|1746056364\n|switch|p2a: Brute Bonnet|Brute Bonnet, L50|100/100\n|-activate|p2a: Brute Bonnet|ability: Protosynthesis\n|-start|p2a: Brute Bonnet|protosynthesisdef\n|move|p2b: Flutter Mane|Protect|p2b: Flutter Mane\n|-singleturn|p2b: Flutter Mane|Protect\n|move|p1a: Calyrex|Protect|p1a: Calyrex\n|-singleturn|p1a: Calyrex|Protect\n|move|p1b: Eternatus|Flamethrower|p2a: Brute Bonnet\n|-supereffective|p2a: Brute Bonnet\n|-damage|p2a: Brute Bonnet|26/100\n|\n|-weather|none\n|-end|p2b: Flutter Mane|Protosynthesis\n|-end|p2a: Brute Bonnet|Protosynthesis\n|-heal|p1b: Eternatus|98/100|[from] item: Leftovers\n|upkeep\n|turn|6\n|inactive|8bitbidoof has 30 seconds left.\n|\n|t:|1746056394\n|-end|p2a: Brute Bonnet|Protosynthesis|[silent]\n|switch|p2a: Koraidon|Koraidon, L50, tera:Fire|56/100\n|-weather|SunnyDay|[from] ability: Orichalcum Pulse|[of] p2a: Koraidon\n|-activate|p2b: Flutter Mane|ability: Protosynthesis\n|-start|p2b: Flutter Mane|protosynthesisspe\n|-activate|p2a: Koraidon|Orichalcum Pulse|[source]\n|-terastallize|p1a: Calyrex|Dark\n|move|p2b: Flutter Mane|Icy Wind|p1a: Calyrex|[spread] p1a,p1b\n|-supereffective|p1b: Eternatus\n|-damage|p1a: Calyrex|86/100\n|-damage|p1b: Eternatus|85/100\n|-unboost|p1a: Calyrex|spe|1\n|-unboost|p1b: Eternatus|spe|1\n|move|p1a: Calyrex|Astral Barrage|p2b: Flutter Mane|[spread] p2a,p2b\n|-supereffective|p2b: Flutter Mane\n|-damage|p2a: Koraidon|0 fnt\n|-damage|p2b: Flutter Mane|0 fnt\n|faint|p2a: Koraidon\n|faint|p2b: Flutter Mane\n|-end|p2b: Flutter Mane|Protosynthesis|[silent]\n|-ability|p1a: Calyrex|Grim Neigh|boost\n|-boost|p1a: Calyrex|spa|2\n|-damage|p1a: Calyrex|77/100|[from] item: Life Orb\n|move|p1b: Eternatus|Cosmic Power|p1b: Eternatus\n|-boost|p1b: Eternatus|def|1\n|-boost|p1b: Eternatus|spd|1\n|\n|-weather|SunnyDay|[upkeep]\n|-heal|p1b: Eternatus|91/100|[from] item: Leftovers\n|upkeep\n|\n|t:|1746056406\n|switch|p2b: Brute Bonnet|Brute Bonnet, L50|26/100\n|switch|p2a: Lunala|Lunala, L50|100/100\n|-activate|p2b: Brute Bonnet|ability: Protosynthesis\n|-start|p2b: Brute Bonnet|protosynthesisdef\n|turn|7\n|inactive|TheParasectKing has 30 seconds left.\n|inactive|8bitbidoof has 30 seconds left.\n|inactive|TheParasectKing has 20 seconds left.\n|inactive|8bitbidoof has 20 seconds left.\n|inactive|8bitbidoof has 15 seconds left.\n|inactive|TheParasectKing has 15 seconds left.\n|inactive|8bitbidoof has 10 seconds left.\n|inactive|TheParasectKing has 10 seconds left.\n|inactive|8bitbidoof has 5 seconds left.\n|\n|t:|1746056460\n|move|p1a: Calyrex|Protect|p1a: Calyrex\n|-singleturn|p1a: Calyrex|Protect\n|move|p2b: Brute Bonnet|Rage Powder|p2b: Brute Bonnet\n|-singleturn|p2b: Brute Bonnet|move: Rage Powder\n|move|p2a: Lunala|Meteor Beam||[still]\n|-prepare|p2a: Lunala|Meteor Beam\n|-boost|p2a: Lunala|spa|1\n|-enditem|p2a: Lunala|Power Herb\n|-anim|p2a: Lunala|Meteor Beam|p1a: Calyrex\n|-activate|p1a: Calyrex|move: Protect\n|move|p1b: Eternatus|Flamethrower|p2b: Brute Bonnet\n|-supereffective|p2b: Brute Bonnet\n|-damage|p2b: Brute Bonnet|0 fnt\n|faint|p2b: Brute Bonnet\n|-end|p2b: Brute Bonnet|Protosynthesis|[silent]\n|\n|-weather|SunnyDay|[upkeep]\n|-heal|p1b: Eternatus|97/100|[from] item: Leftovers\n|upkeep\n|turn|8\n|\n|t:|1746056473\n|move|p1a: Calyrex|Astral Barrage|p2a: Lunala\n|-supereffective|p2a: Lunala\n|-damage|p2a: Lunala|0 fnt\n|faint|p2a: Lunala\n|-damage|p1a: Calyrex|67/100|[from] item: Life Orb\n|\n|win|TheParasectKing\n||TheParasectKing is ready for game 2.\n", "uploadtime": 1746056475, "views": 33, "formatid": "gen9vgc2025regibo3", "rating": null, "private": 0, "password": null}