{"id": "gen9vgc2025regibo3-2354124722", "format": "[Gen 9] VGC 2025 Reg I (Bo3)", "players": ["jahreed", "ddoublechin"], "log": "|j|\u2606jahreed\n|j|\u2606ddoublechin\n|html|<table width=\"100%\"><tr><td align=\"left\">jahreed</td><td align=\"right\">ddoublechin</tr><tr><td align=\"left\"><i class=\"fa fa-circle\"></i> <i class=\"fa fa-circle-o\"></i> </td><td align=\"right\"><i class=\"fa fa-circle-o\"></i> <i class=\"fa fa-circle\"></i> </tr></table>\n|uhtml|bestof|<h2><strong>Game 3</strong> of <a href=\"/game-bestof3-gen9vgc2025regibo3-2354115355\">a best-of-3</a></h2>\n|t:|1746036960\n|gametype|doubles\n|player|p1|jahreed|pryce|1150\n|player|p2|ddoublechin|hiker-gen4|1235\n|teamsize|p1|6\n|teamsize|p2|6\n|gen|9\n|tier|[Gen 9] VGC 2025 Reg I (Bo3)\n|rated|\n|rule|Species Clause: Limit one of each Pok\u00e9mon\n|rule|Item Clause: Limit 1 of each item\n|clearpoke\n|poke|p1|Zamazenta-*, L50|\n|poke|p1|Calyrex-Shadow, L50|\n|poke|p1|Tornadus, L50, M|\n|poke|p1|Urshifu-*, L50, M|\n|poke|p1|Rillaboom, L50, M|\n|poke|p1|Chien-Pao, L50|\n|poke|p2|Lunala, L50|\n|poke|p2|Indeedee-F, L50, F|\n|poke|p2|Zamazenta-*, L50|\n|poke|p2|Ursaluna, L50, F|\n|poke|p2|Incineroar, L50, F|\n|poke|p2|Urshifu-*, L50, M|\n|teampreview|4\n|showteam|p1|Zamazenta-Crowned||RustedShield|DauntlessShield|BodyPress,behemothbash,WideGuard,Protect||||||50|,,,,,Ghost]Calyrex-Shadow||LifeOrb|AsOneSpectrier|AstralBarrage,Psychic,DarkPulse,Protect||||||50|,,,,,Dark]Tornadus||CovertCloak|Prankster|BleakwindStorm,Tailwind,RainDance,Protect|||M|||50|,,,,,Dark]Urshifu-Rapid-Strike||MysticWater|UnseenFist|SurgingStrikes,Taunt,AquaJet,Detect|||M|||50|,,,,,Water]Rillaboom||AssaultVest|GrassySurge|WoodHammer,GrassyGlide,Uturn,FakeOut|||M|||50|,,,,,Fire]Chien-Pao||FocusSash|SwordofRuin|SuckerPunch,SacredSword,IcicleCrash,Protect||||||50|,,,,,Ghost\n|showteam|p2|Lunala||Leftovers|ShadowShield|Protect,Tailwind,ExpandingForce,MoongeistBeam||||||50|,,,,,Psychic]Indeedee-F||PsychicSeed|PsychicSurge|FollowMe,Protect,TrickRoom,Psychic|||F|||50|,,,,,Water]Zamazenta-Crowned||RustedShield|DauntlessShield|BodyPress,WideGuard,Protect,HeavySlam||||||50|,,,,,Dragon]Ursaluna||FlameOrb|Guts|Protect,Facade,HeadlongRush,RockSlide|||F|||50|,,,,,Ghost]Incineroar||RockyHelmet|Intimidate|FakeOut,PartingShot,WillOWisp,KnockOff|||F|||50|,,,,,Ghost]Urshifu||FocusSash|UnseenFist|WickedBlow,Protect,SuckerPunch,CloseCombat|||M|||50|,,,,,Fighting\n|\n|t:|1746036992\n|start\n|switch|p1a: Chien-Pao|Chien-Pao, L50|100/100\n|switch|p1b: Zamazenta|Zamazenta-Crowned, L50|100/100\n|switch|p2a: Lunala|Lunala, L50|100/100\n|switch|p2b: Indeedee|Indeedee-F, L50, F|100/100\n|-ability|p1a: Chien-Pao|Sword of Ruin\n|-ability|p1b: Zamazenta|Dauntless Shield|boost\n|-boost|p1b: Zamazenta|def|1\n|-fieldstart|move: Psychic Terrain|[from] ability: Psychic Surge|[of] p2b: Indeedee\n|-enditem|p2b: Indeedee|Psychic Seed\n|-boost|p2b: Indeedee|spd|1|[from] item: Psychic Seed\n|turn|1\n|\n|t:|1746037021\n|switch|p1a: Rillaboom|Rillaboom, L50, M|100/100\n|-fieldstart|move: Grassy Terrain|[from] ability: Grassy Surge|[of] p1a: Rillaboom\n|switch|p2a: Ursaluna|Ursaluna, L50, F|100/100\n|move|p1b: Zamazenta|Body Press|p2b: Indeedee\n|-damage|p2b: Indeedee|34/100\n|move|p2b: Indeedee|Trick Room|p2b: Indeedee\n|-fieldstart|move: Trick Room|[of] p2b: Indeedee\n|\n|-heal|p2b: Indeedee|41/100|[from] Grassy Terrain\n|-status|p2a: Ursaluna|brn|[from] item: Flame Orb\n|upkeep\n|turn|2\n|\n|t:|1746037049\n|-terastallize|p2a: Ursaluna|Ghost\n|move|p2b: Indeedee|Protect|p2b: Indeedee\n|-singleturn|p2b: Indeedee|Protect\n|move|p1a: Rillaboom|Fake Out|p2a: Ursaluna\n|-immune|p2a: Ursaluna\n|move|p2a: Ursaluna|Facade|p1a: Rillaboom\n|-damage|p1a: Rillaboom|0 fnt\n|faint|p1a: Rillaboom\n|move|p1b: Zamazenta|Behemoth Bash|p2b: Indeedee\n|-activate|p2b: Indeedee|move: Protect\n|\n|-heal|p2b: Indeedee|47/100|[from] Grassy Terrain\n|-damage|p2a: Ursaluna|95/100 brn|[from] brn\n|upkeep\n|\n|t:|1746037063\n|switch|p1a: Calyrex|Calyrex-Shadow, L50|100/100\n|-ability|p1a: Calyrex|As One\n|-ability|p1a: Calyrex|Unnerve\n|turn|3\n|\n|t:|1746037089\n|switch|p2b: Zamazenta|Zamazenta-Crowned, L50|100/100\n|-ability|p2b: Zamazenta|Dauntless Shield|boost\n|-boost|p2b: Zamazenta|def|1\n|-terastallize|p1b: Zamazenta|Ghost\n|move|p2a: Ursaluna|Headlong Rush|p1a: Calyrex\n|-damage|p1a: Calyrex|0 fnt\n|-unboost|p2a: Ursaluna|def|1\n|-unboost|p2a: Ursaluna|spd|1\n|faint|p1a: Calyrex\n|move|p1b: Zamazenta|Body Press|p2b: Zamazenta\n|-supereffective|p2b: Zamazenta\n|-damage|p2b: Zamazenta|54/100\n|\n|-heal|p2a: Ursaluna|100/100 brn|[from] Grassy Terrain\n|-heal|p2b: Zamazenta|60/100|[from] Grassy Terrain\n|-damage|p2a: Ursaluna|95/100 brn|[from] brn\n|upkeep\n|\n|t:|1746037100\n|switch|p1a: Chien-Pao|Chien-Pao, L50|100/100\n|-ability|p1a: Chien-Pao|Sword of Ruin\n|turn|4\n|\n|t:|1746037118\n|move|p1a: Chien-Pao|Sucker Punch|p2a: Ursaluna\n|-supereffective|p2a: Ursaluna\n|-damage|p2a: Ursaluna|0 fnt\n|faint|p2a: Ursaluna\n|move|p2b: Zamazenta|Body Press|p1a: Chien-Pao\n|-supereffective|p1a: Chien-Pao\n|-enditem|p1a: Chien-Pao|Focus Sash\n|-damage|p1a: Chien-Pao|1/100\n|move|p1b: Zamazenta|Body Press|p2b: Zamazenta\n|-supereffective|p2b: Zamazenta\n|-damage|p2b: Zamazenta|0 fnt\n|faint|p2b: Zamazenta\n|\n|-heal|p1a: Chien-Pao|7/100|[from] Grassy Terrain\n|upkeep\n|\n|t:|1746037122\n|switch|p2a: Indeedee|Indeedee-F, L50, F|47/100\n|switch|p2b: Lunala|Lunala, L50|100/100\n|-fieldstart|move: Psychic Terrain|[from] ability: Psychic Surge|[of] p2a: Indeedee\n|turn|5\n|\n|t:|1746037165\n|move|p2a: Indeedee|Psychic|p1b: Zamazenta\n|-damage|p1b: Zamazenta|70/100\n|move|p2b: Lunala|Moongeist Beam|p1a: Chien-Pao\n|-resisted|p1a: Chien-Pao\n|-crit|p1a: Chien-Pao\n|-damage|p1a: Chien-Pao|0 fnt\n|faint|p1a: Chien-Pao\n|move|p1b: Zamazenta|Behemoth Bash|p2b: Lunala\n|-damage|p2b: Lunala|85/100\n|\n|-heal|p2b: Lunala|91/100|[from] item: Leftovers\n|-fieldend|move: Trick Room\n|upkeep\n|turn|6\n|-message|jahreed forfeited.\n|\n|win|ddoublechin\n|raw|jahreed's rating: 1150 &rarr; <strong>1131</strong><br />(-19 for losing)\n|raw|ddoublechin's rating: 1235 &rarr; <strong>1254</strong><br />(+19 for winning)\n", "uploadtime": 1746037226, "views": 31, "formatid": "gen9vgc2025regibo3", "rating": 1131, "private": 0, "password": null}