{"id": "gen9vgc2025regibo3-2353322112", "format": "[Gen 9] VGC 2025 Reg I (Bo3)", "players": ["atlpreplup", "Schroombert"], "log": "|j|\u2606atlpreplup\n|j|\u2606Schroombert\n|html|<table width=\"100%\"><tr><td align=\"left\">atlpreplup</td><td align=\"right\">Schroombert</tr><tr><td align=\"left\"><i class=\"fa fa-circle\"></i> <i class=\"fa fa-circle-o\"></i> </td><td align=\"right\"><i class=\"fa fa-circle-o\"></i> <i class=\"fa fa-circle-o\"></i> </tr></table>\n|uhtml|bestof|<h2><strong>Game 2</strong> of <a href=\"/game-bestof3-gen9vgc2025regibo3-2353318169\">a best-of-3</a></h2>\n|t:|1745946277\n|gametype|doubles\n|player|p1|atlpreplup|266|1265\n|player|p2|Schroombert|rancher|1322\n|teamsize|p1|6\n|teamsize|p2|6\n|gen|9\n|tier|[Gen 9] VGC 2025 Reg I (Bo3)\n|rated|\n|rule|Species Clause: Limit one of each Pok\u00e9mon\n|rule|Item Clause: Limit 1 of each item\n|clearpoke\n|poke|p1|Calyrex-Shadow, L50|\n|poke|p1|Incineroar, L50, F|\n|poke|p1|Koraidon, L50|\n|poke|p1|Brute Bonnet, L50|\n|poke|p1|Indeedee-F, L50, F|\n|poke|p1|Whimsicott, L50, F|\n|poke|p2|Terapagos, L50, M|\n|poke|p2|Incineroar, L50, M|\n|poke|p2|Rillaboom, L50, F|\n|poke|p2|Calyrex-Shadow, L50|\n|poke|p2|Amoonguss, L50, M|\n|poke|p2|Urshifu-*, L50, F|\n|teampreview|4\n|showteam|p1|Calyrex-Shadow||FocusSash|AsOneSpectrier|AstralBarrage,ExpandingForce,Disable,Protect||||||50|,,,,,Dark]Incineroar||AssaultVest|Intimidate|FakeOut,FlareBlitz,KnockOff,Uturn|||F|||50|,,,,,Bug]Koraidon||ClearAmulet|OrichalcumPulse|CollisionCourse,FlareBlitz,FlameCharge,Protect||||||50|,,,,,Fire]Brute Bonnet||RockyHelmet|Protosynthesis|SeedBomb,SuckerPunch,Spore,RagePowder||||||50|,,,,,Water]Indeedee-F||PsychicSeed|PsychicSurge|Psychic,HelpingHand,FollowMe,TrickRoom|||F|||50|,,,,,Water]Whimsicott||CovertCloak|Prankster|Moonblast,Tailwind,Encore,LightScreen|||F|||50|,,,,,Dark\n|showteam|p2|Terapagos||Leftovers|TeraShift|TeraStarstorm,Protect,CalmMind,EarthPower|||M|||50|,,,,,Stellar]Incineroar||SafetyGoggles|Intimidate|KnockOff,FakeOut,PartingShot,Taunt|||M|||50|,,,,,Ghost]Rillaboom||AssaultVest|GrassySurge|GrassyGlide,WoodHammer,FakeOut,Uturn|||F|||50|,,,,,Fire]Calyrex-Shadow||FocusSash|AsOneSpectrier|AstralBarrage,Psyshock,NastyPlot,Protect||||||50|,,,,,Ghost]Amoonguss||RockyHelmet|Regenerator|Spore,RagePowder,PollenPuff,Protect|||M|||50|,,,,,Water]Urshifu-Rapid-Strike||ChoiceScarf|UnseenFist|SurgingStrikes,CloseCombat,Uturn,AquaJet|||F|||50|,,,,,Water\n|inactive|Battle timer is ON: inactive players will automatically lose when time's up. (requested by Schroombert)\n|inactive|Schroombert has 60 seconds left.\n|\n|t:|1745946314\n|start\n|switch|p1a: Brute Bonnet|Brute Bonnet, L50|100/100\n|switch|p1b: Calyrex|Calyrex-Shadow, L50|100/100\n|switch|p2a: Terapagos|Terapagos, L50, M|100/100\n|switch|p2b: Amoonguss|Amoonguss, L50, M, shiny|100/100\n|-activate|p2a: Terapagos|ability: Tera Shift\n|detailschange|p2a: Terapagos|Terapagos-Terastal, L50, M\n|-heal|p2a: Terapagos|100/100|[silent]\n|-ability|p1b: Calyrex|As One\n|-ability|p1b: Calyrex|Unnerve\n|turn|1\n|\n|t:|1745946333\n|switch|p2a: Incineroar|Incineroar, L50, M, shiny|100/100\n|-ability|p2a: Incineroar|Intimidate|boost\n|-unboost|p1a: Brute Bonnet|atk|1\n|-unboost|p1b: Calyrex|atk|1\n|move|p2b: Amoonguss|Protect|p2b: Amoonguss\n|-singleturn|p2b: Amoonguss|Protect\n|move|p1b: Calyrex|Expanding Force|p2b: Amoonguss\n|-activate|p2b: Amoonguss|move: Protect\n|move|p1a: Brute Bonnet|Spore|p2b: Amoonguss\n|-activate|p2b: Amoonguss|move: Protect\n|\n|upkeep\n|turn|2\n|inactive|atlpreplup has 30 seconds left.\n|inactive|Schroombert has 30 seconds left.\n|\n|t:|1745946366\n|switch|p2b: Terapagos|Terapagos-Terastal, L50, M|100/100\n|move|p1b: Calyrex|Protect|p1b: Calyrex\n|-singleturn|p1b: Calyrex|Protect\n|move|p2a: Incineroar|Taunt|p1a: Brute Bonnet\n|-start|p1a: Brute Bonnet|move: Taunt\n|cant|p1a: Brute Bonnet|move: Taunt|Spore\n|\n|upkeep\n|turn|3\n|\n|t:|1745946382\n|switch|p1b: Incineroar|Incineroar, L50, F|100/100\n|-ability|p1b: Incineroar|Intimidate|boost\n|-unboost|p2a: Incineroar|atk|1\n|-unboost|p2b: Terapagos|atk|1\n|move|p2b: Terapagos|Tera Starstorm|p1b: Incineroar\n|-damage|p1b: Incineroar|74/100\n|move|p2a: Incineroar|Knock Off|p1b: Incineroar\n|-resisted|p1b: Incineroar\n|-damage|p1b: Incineroar|64/100\n|-enditem|p1b: Incineroar|Assault Vest|[from] move: Knock Off|[of] p2a: Incineroar\n|move|p1a: Brute Bonnet|Seed Bomb|p2b: Terapagos\n|-activate|p2b: Terapagos|ability: Tera Shell\n|-resisted|p2b: Terapagos\n|-damage|p2b: Terapagos|93/100\n|\n|-heal|p2b: Terapagos|99/100|[from] item: Leftovers\n|upkeep\n|turn|4\n|\n|t:|1745946406\n|move|p2b: Terapagos|Protect|p2b: Terapagos\n|-singleturn|p2b: Terapagos|Protect\n|move|p2a: Incineroar|Parting Shot|p1b: Incineroar\n|-unboost|p1b: Incineroar|atk|1\n|-unboost|p1b: Incineroar|spa|1\n|\n|t:|1745946408\n|switch|p2a: Amoonguss|Amoonguss, L50, M, shiny|100/100|[from] Parting Shot\n|move|p1b: Incineroar|U-turn|p2a: Amoonguss\n|-damage|p2a: Amoonguss|91/100\n|-damage|p1b: Incineroar|47/100|[from] item: Rocky Helmet|[of] p2a: Amoonguss\n|\n|t:|1745946421\n|switch|p1b: Calyrex|Calyrex-Shadow, L50|100/100|[from] U-turn\n|-ability|p1b: Calyrex|As One\n|-ability|p1b: Calyrex|Unnerve\n|move|p1a: Brute Bonnet|Seed Bomb|p2b: Terapagos\n|-activate|p2b: Terapagos|move: Protect\n|\n|-heal|p2b: Terapagos|100/100|[from] item: Leftovers\n|-end|p1a: Brute Bonnet|move: Taunt\n|upkeep\n|turn|5\n|\n|t:|1745946437\n|switch|p2b: Incineroar|Incineroar, L50, M, shiny|100/100\n|-ability|p2b: Incineroar|Intimidate|boost\n|-unboost|p1a: Brute Bonnet|atk|1\n|-unboost|p1b: Calyrex|atk|1\n|move|p1b: Calyrex|Expanding Force|p2a: Amoonguss\n|-supereffective|p2a: Amoonguss\n|-damage|p2a: Amoonguss|0 fnt\n|faint|p2a: Amoonguss\n|-ability|p1b: Calyrex|Grim Neigh|boost\n|-boost|p1b: Calyrex|spa|1\n|move|p1a: Brute Bonnet|Spore|p2b: Incineroar\n|-activate|p2b: Incineroar|item: Safety Goggles|Spore\n|\n|upkeep\n|\n|t:|1745946454\n|switch|p2a: Calyrex|Calyrex-Shadow, L50|100/100\n|-ability|p2a: Calyrex|As One\n|-ability|p2a: Calyrex|Unnerve\n|turn|6\n|\n|t:|1745946474\n|move|p2a: Calyrex|Protect|p2a: Calyrex\n|-singleturn|p2a: Calyrex|Protect\n|move|p1a: Brute Bonnet|Sucker Punch||[still]\n|-fail|p1a: Brute Bonnet\n|move|p1b: Calyrex|Astral Barrage|p2b: Incineroar|[spread] p2b\n|-activate|p2a: Calyrex|move: Protect\n|-resisted|p2b: Incineroar\n|-damage|p2b: Incineroar|65/100\n|move|p2b: Incineroar|Taunt|p1a: Brute Bonnet\n|-start|p1a: Brute Bonnet|move: Taunt\n|\n|upkeep\n|turn|7\n|inactive|atlpreplup has 30 seconds left.\n|\n|t:|1745946508\n|switch|p2a: Terapagos|Terapagos-Terastal, L50, M|100/100\n|move|p1a: Brute Bonnet|Sucker Punch||[still]\n|-fail|p1a: Brute Bonnet\n|move|p1b: Calyrex|Astral Barrage|p2a: Terapagos|[spread] p2b\n|-immune|p2a: Terapagos\n|-resisted|p2b: Incineroar\n|-damage|p2b: Incineroar|31/100\n|move|p2b: Incineroar|Knock Off|p1b: Calyrex\n|-supereffective|p1b: Calyrex\n|-enditem|p1b: Calyrex|Focus Sash\n|-damage|p1b: Calyrex|1/100\n|\n|upkeep\n|turn|8\n|inactive|Schroombert has 30 seconds left.\n|inactive|Schroombert has 20 seconds left.\n|\n|t:|1745946546\n|-terastallize|p2a: Terapagos|Stellar\n|detailschange|p2a: Terapagos|Terapagos-Stellar, L50, M, tera:Stellar\n|-heal|p2a: Terapagos|100/100|[silent]\n|move|p1b: Calyrex|Astral Barrage|p2b: Incineroar|[spread] p2b\n|-immune|p2a: Terapagos\n|-resisted|p2b: Incineroar\n|-damage|p2b: Incineroar|0 fnt\n|faint|p2b: Incineroar\n|-ability|p1b: Calyrex|Grim Neigh|boost\n|-boost|p1b: Calyrex|spa|1\n|move|p2a: Terapagos|Tera Starstorm|p1a: Brute Bonnet|[spread] p1a,p1b\n|-damage|p1a: Brute Bonnet|75/100\n|-damage|p1b: Calyrex|0 fnt\n|faint|p1b: Calyrex\n|move|p1a: Brute Bonnet|Seed Bomb|p2a: Terapagos\n|-damage|p2a: Terapagos|92/100\n|\n|-heal|p2a: Terapagos|99/100|[from] item: Leftovers\n|upkeep\n|\n|t:|1745946565\n|switch|p1b: Incineroar|Incineroar, L50, F|47/100\n|switch|p2b: Calyrex|Calyrex-Shadow, L50|100/100\n|-ability|p2b: Calyrex|As One\n|-ability|p2b: Calyrex|Unnerve\n|-ability|p1b: Incineroar|Intimidate|boost\n|-unboost|p2a: Terapagos|atk|1\n|-unboost|p2b: Calyrex|atk|1\n|turn|9\n|inactive|atlpreplup has 30 seconds left.\n|\n|t:|1745946590\n|move|p2b: Calyrex|Protect|p2b: Calyrex\n|-singleturn|p2b: Calyrex|Protect\n|move|p1a: Brute Bonnet|Sucker Punch||[still]\n|-fail|p1a: Brute Bonnet\n|move|p2a: Terapagos|Calm Mind|p2a: Terapagos\n|-boost|p2a: Terapagos|spa|1\n|-boost|p2a: Terapagos|spd|1\n|move|p1b: Incineroar|Knock Off|p2b: Calyrex\n|-activate|p2b: Calyrex|move: Protect\n|\n|-heal|p2a: Terapagos|100/100|[from] item: Leftovers\n|-end|p1a: Brute Bonnet|move: Taunt\n|upkeep\n|turn|10\n|inactive|Schroombert has 30 seconds left.\n|inactive|Schroombert has 20 seconds left.\n|inactive|Schroombert has 15 seconds left.\n|inactive|Schroombert has 10 seconds left.\n|\n|t:|1745946638\n|move|p2b: Calyrex|Nasty Plot|p2b: Calyrex\n|-boost|p2b: Calyrex|spa|2\n|move|p2a: Terapagos|Tera Starstorm|p1a: Brute Bonnet|[spread] p1a,p1b\n|-damage|p1a: Brute Bonnet|35/100\n|-damage|p1b: Incineroar|3/100\n|move|p1b: Incineroar|Knock Off|p2b: Calyrex\n|-supereffective|p2b: Calyrex\n|-enditem|p2b: Calyrex|Focus Sash\n|-damage|p2b: Calyrex|1/100\n|move|p1a: Brute Bonnet|Spore|p2b: Calyrex\n|-status|p2b: Calyrex|slp|[from] move: Spore\n|\n|upkeep\n|turn|11\n|\n|t:|1745946655\n|cant|p2b: Calyrex|slp\n|move|p2a: Terapagos|Tera Starstorm|p1a: Brute Bonnet|[spread] p1a,p1b\n|-damage|p1a: Brute Bonnet|0 fnt\n|-damage|p1b: Incineroar|0 fnt\n|faint|p1a: Brute Bonnet\n|-end|p1a: Brute Bonnet|Protosynthesis|[silent]\n|faint|p1b: Incineroar\n|\n|upkeep\n|\n|t:|1745946664\n|switch|p1b: Koraidon|Koraidon, L50|100/100\n|-weather|SunnyDay|[from] ability: Orichalcum Pulse|[of] p1b: Koraidon\n|-activate|p1b: Koraidon|Orichalcum Pulse|[source]\n|turn|12\n|\n|t:|1745946672\n|cant|p2b: Calyrex|slp\n|move|p1b: Koraidon|Flame Charge|p2b: Calyrex\n|-damage|p2b: Calyrex|0 fnt\n|-boost|p1b: Koraidon|spe|1\n|faint|p2b: Calyrex\n|move|p2a: Terapagos|Tera Starstorm|p1b: Koraidon\n|-damage|p1b: Koraidon|43/100\n|\n|-weather|SunnyDay|[upkeep]\n|upkeep\n|turn|13\n|\n|t:|1745946683\n|move|p1b: Koraidon|Collision Course|p2a: Terapagos\n|-supereffective|p2a: Terapagos\n|-damage|p2a: Terapagos|9/100\n|move|p2a: Terapagos|Tera Starstorm|p1b: Koraidon\n|-damage|p1b: Koraidon|0 fnt\n|faint|p1b: Koraidon\n|\n|win|Schroombert\n||Schroombert is ready for game 3.\n||atlpreplup is ready for game 3.\n|uhtml|next|Next: <a href=\"/battle-gen9vgc2025regibo3-2353327249\"><strong>Game 3 of 3</strong></a>\n|l|\u2606Schroombert\n|player|p2|\n", "uploadtime": 1745947133, "views": 45, "formatid": "gen9vgc2025regibo3", "rating": null, "private": 0, "password": null}