{"id": "gen9vgc2025regibo3-2354358295", "format": "[Gen 9] VGC 2025 Reg I (Bo3)", "players": ["BrianJensVGC", "Larchete"], "log": "|j|\u2606BrianJensVGC\n|j|\u2606Larchete\n|html|<table width=\"100%\"><tr><td align=\"left\">BrianJensVGC</td><td align=\"right\">Larchete</tr><tr><td align=\"left\"><i class=\"fa fa-circle-o\"></i> <i class=\"fa fa-circle-o\"></i> </td><td align=\"right\"><i class=\"fa fa-circle-o\"></i> <i class=\"fa fa-circle-o\"></i> </tr></table>\n|uhtml|bestof|<h2><strong>Game 1</strong> of <a href=\"/game-bestof3-gen9vgc2025regibo3-2354358294\">a best-of-3</a></h2>\n|t:|1746061553\n|gametype|doubles\n|player|p1|BrianJensVGC|bugsy|1318\n|player|p2|Larchete|170|1204\n|teamsize|p1|6\n|teamsize|p2|6\n|gen|9\n|tier|[Gen 9] VGC 2025 Reg I (Bo3)\n|rated|\n|rule|Species Clause: Limit one of each Pok\u00e9mon\n|rule|Item Clause: Limit 1 of each item\n|clearpoke\n|poke|p1|Koraidon, L50|\n|poke|p1|Flutter Mane, L50|\n|poke|p1|Raging Bolt, L50|\n|poke|p1|Chi-Yu, L50|\n|poke|p1|Lunala, L50|\n|poke|p1|Ogerpon-Cornerstone, L50, F|\n|poke|p2|Calyrex-Shadow, L50|\n|poke|p2|Koraidon, L50|\n|poke|p2|Sableye, L50, M|\n|poke|p2|Flamigo, L50, M|\n|poke|p2|Whimsicott, L50, F|\n|poke|p2|Chi-Yu, L50|\n|teampreview|4\n|showteam|p1|Koraidon||ClearAmulet|OrichalcumPulse|FlameCharge,FlareBlitz,CollisionCourse,Protect||||||50|,,,,,Fire]Flutter Mane||FocusSash|Protosynthesis|Moonblast,IcyWind,ThunderWave,Protect||||||50|,,,,,Normal]Raging Bolt||AssaultVest|Protosynthesis|Thunderbolt,Thunderclap,VoltSwitch,DracoMeteor||||||50|,,,,,Electric]Chi-Yu||ChoiceScarf|BeadsofRuin|Overheat,HeatWave,Snarl,DarkPulse||||||50|,,,,,Ghost]Lunala||PowerHerb|ShadowShield|MoongeistBeam,MeteorBeam,WideGuard,TrickRoom||||||50|,,,,,Water]Ogerpon-Cornerstone||CornerstoneMask|Sturdy|IvyCudgel,PowerWhip,SpikyShield,FollowMe|||F|||50|,,,,,Rock\n|showteam|p2|Calyrex-Shadow||SpellTag|AsOneSpectrier|Psychic,Protect,NastyPlot,AstralBarrage||||||50|,,,,,Ghost]Koraidon||ClearAmulet|OrichalcumPulse|CollisionCourse,FlareBlitz,ScaleShot,Protect||||||50|,,,,,Fire]Sableye||SitrusBerry|Prankster|Encore,Disable,Protect,WillOWisp|||M|||50|,,,,,Steel]Flamigo||FocusSash|Scrappy|WideGuard,Protect,Feint,CloseCombat|||M|||50|,,,,,Ghost]Whimsicott||CovertCloak|Prankster|Tailwind,DazzlingGleam,FakeTears,LightScreen|||F|||50|,,,,,Steel]Chi-Yu||ChoiceScarf|BeadsofRuin|HeatWave,Overheat,DarkPulse,Snarl||||||50|,,,,,Fire\n|\n|t:|1746061601\n|start\n|switch|p1a: Lunala|Lunala, L50|100/100\n|switch|p1b: Ogerpon|Ogerpon-Cornerstone, L50, F|100/100\n|switch|p2a: Whimsicott|Whimsicott, L50, F|100/100\n|switch|p2b: Koraidon|Koraidon, L50|100/100\n|-weather|SunnyDay|[from] ability: Orichalcum Pulse|[of] p2b: Koraidon\n|-activate|p2b: Koraidon|Orichalcum Pulse|[source]\n|turn|1\n|\n|t:|1746061619\n|move|p2b: Koraidon|Collision Course|p1b: Ogerpon\n|-supereffective|p1b: Ogerpon\n|-ability|p1b: Ogerpon|Sturdy\n|-damage|p1b: Ogerpon|1/100\n|move|p1b: Ogerpon|Ivy Cudgel|p2b: Koraidon|[anim] Ivy Cudgel Rock\n|-resisted|p2b: Koraidon\n|-damage|p2b: Koraidon|74/100\n|move|p2a: Whimsicott|Dazzling Gleam|p1b: Ogerpon|[spread] p1a,p1b\n|-damage|p1a: Lunala|95/100\n|-damage|p1b: Ogerpon|0 fnt\n|faint|p1b: Ogerpon\n|move|p1a: Lunala|Trick Room|p1a: Lunala\n|-fieldstart|move: Trick Room|[of] p1a: Lunala\n|\n|-weather|SunnyDay|[upkeep]\n|upkeep\n|\n|t:|1746061628\n|switch|p1b: Raging Bolt|Raging Bolt, L50|100/100\n|-activate|p1b: Raging Bolt|ability: Protosynthesis\n|-start|p1b: Raging Bolt|protosynthesisspa\n|turn|2\n|\n|t:|1746061644\n|move|p2b: Koraidon|Protect|p2b: Koraidon\n|-singleturn|p2b: Koraidon|Protect\n|move|p2a: Whimsicott|Light Screen|p2a: Whimsicott\n|-sidestart|p2: Larchete|move: Light Screen\n|move|p1b: Raging Bolt|Draco Meteor|p2b: Koraidon\n|-activate|p2b: Koraidon|move: Protect\n|move|p1a: Lunala|Meteor Beam||[still]\n|-prepare|p1a: Lunala|Meteor Beam\n|-boost|p1a: Lunala|spa|1\n|-enditem|p1a: Lunala|Power Herb\n|-anim|p1a: Lunala|Meteor Beam|p2a: Whimsicott|[miss]\n|-miss|p1a: Lunala|p2a: Whimsicott\n|\n|-weather|SunnyDay|[upkeep]\n|upkeep\n|turn|3\n|\n|t:|1746061675\n|switch|p2b: Flamigo|Flamigo, L50, M|100/100\n|move|p1b: Raging Bolt|Thunderbolt|p2b: Flamigo\n|-supereffective|p2b: Flamigo\n|-enditem|p2b: Flamigo|Focus Sash\n|-damage|p2b: Flamigo|1/100\n|move|p2a: Whimsicott|Dazzling Gleam|p1a: Lunala|[spread] p1a,p1b\n|-supereffective|p1b: Raging Bolt\n|-damage|p1a: Lunala|83/100\n|-damage|p1b: Raging Bolt|81/100\n|move|p1a: Lunala|Moongeist Beam|p2b: Flamigo\n|-damage|p2b: Flamigo|0 fnt\n|faint|p2b: Flamigo\n|\n|-weather|SunnyDay|[upkeep]\n|upkeep\n|\n|t:|1746061687\n|switch|p2b: Koraidon|Koraidon, L50|74/100\n|-activate|p2b: Koraidon|ability: Orichalcum Pulse\n|turn|4\n|\n|t:|1746061702\n|move|p2b: Koraidon|Protect|p2b: Koraidon\n|-singleturn|p2b: Koraidon|Protect\n|move|p2a: Whimsicott|Fake Tears|p1a: Lunala\n|-unboost|p1a: Lunala|spd|2\n|move|p1b: Raging Bolt|Thunderbolt|p2b: Koraidon\n|-activate|p2b: Koraidon|move: Protect\n|move|p1a: Lunala|Moongeist Beam|p2b: Koraidon\n|-activate|p2b: Koraidon|move: Protect\n|\n|-weather|SunnyDay|[upkeep]\n|upkeep\n|turn|5\n|\n|t:|1746061723\n|move|p2a: Whimsicott|Fake Tears|p1b: Raging Bolt\n|-unboost|p1b: Raging Bolt|spd|2\n|move|p1b: Raging Bolt|Draco Meteor|p2b: Koraidon|[miss]\n|-miss|p1b: Raging Bolt|p2b: Koraidon\n|move|p1a: Lunala|Moongeist Beam|p2a: Whimsicott\n|-crit|p2a: Whimsicott\n|-damage|p2a: Whimsicott|0 fnt\n|faint|p2a: Whimsicott\n|move|p2b: Koraidon|Scale Shot|p1b: Raging Bolt\n|-supereffective|p1b: Raging Bolt\n|-crit|p1b: Raging Bolt\n|-damage|p1b: Raging Bolt|27/100\n|-supereffective|p1b: Raging Bolt\n|-damage|p1b: Raging Bolt|0 fnt\n|faint|p1b: Raging Bolt\n|-end|p1b: Raging Bolt|Protosynthesis|[silent]\n|-hitcount|p1: Raging Bolt|2\n|-unboost|p2b: Koraidon|def|1\n|-boost|p2b: Koraidon|spe|1\n|\n|-weather|none\n|-fieldend|move: Trick Room\n|upkeep\n|\n|t:|1746061742\n|switch|p2a: Calyrex|Calyrex-Shadow, L50|100/100\n|switch|p1b: Koraidon|Koraidon, L50|100/100\n|-ability|p2a: Calyrex|As One\n|-ability|p2a: Calyrex|Unnerve\n|-weather|SunnyDay|[from] ability: Orichalcum Pulse|[of] p1b: Koraidon\n|-activate|p1b: Koraidon|Orichalcum Pulse|[source]\n|turn|6\n|\n|t:|1746061798\n|-terastallize|p2b: Koraidon|Fire\n|-terastallize|p1b: Koraidon|Fire\n|move|p1a: Lunala|Wide Guard|p1a: Lunala\n|-singleturn|p1a: Lunala|Wide Guard\n|move|p2b: Koraidon|Flare Blitz|p1a: Lunala\n|-damage|p1a: Lunala|0 fnt\n|faint|p1a: Lunala\n|-damage|p2b: Koraidon|37/100|[from] Recoil\n|move|p2a: Calyrex|Psychic|p1b: Koraidon\n|-damage|p1b: Koraidon|61/100\n|move|p1b: Koraidon|Flame Charge|p2a: Calyrex\n|-damage|p2a: Calyrex|33/100\n|-boost|p1b: Koraidon|spe|1\n|\n|-weather|SunnyDay|[upkeep]\n|-sideend|p2: Larchete|move: Light Screen\n|upkeep\n|turn|7\n|\n|t:|1746061821\n|move|p2b: Koraidon|Protect|p2b: Koraidon\n|-singleturn|p2b: Koraidon|Protect\n|move|p2a: Calyrex|Protect|p2a: Calyrex\n|-singleturn|p2a: Calyrex|Protect\n|move|p1b: Koraidon|Collision Course|p2b: Koraidon\n|-activate|p2b: Koraidon|move: Protect\n|\n|-weather|SunnyDay|[upkeep]\n|upkeep\n|turn|8\n|\n|t:|1746061842\n|move|p2b: Koraidon|Collision Course|p1b: Koraidon\n|-damage|p1b: Koraidon|6/100\n|move|p1b: Koraidon|Flame Charge|p2a: Calyrex\n|-damage|p2a: Calyrex|0 fnt\n|-boost|p1b: Koraidon|spe|1\n|faint|p2a: Calyrex\n|\n|-weather|SunnyDay|[upkeep]\n|upkeep\n|turn|9\n|\n|t:|1746061858\n|move|p1b: Koraidon|Collision Course|p2b: Koraidon\n|-damage|p2b: Koraidon|0 fnt\n|faint|p2b: Koraidon\n|\n|win|BrianJensVGC\n||Larchete is ready for game 2.\n|inactive|BrianJensVGC has 30 seconds to confirm battle start!\n|inactive|BrianJensVGC has 20 seconds to confirm battle start!\n|inactive|BrianJensVGC has 10 seconds to confirm battle start!\n|uhtml|next|Next: <a href=\"/battle-gen9vgc2025regibo3-2354361057\"><strong>Game 2 of 3</strong></a>\n", "uploadtime": 1746062177, "views": 9, "formatid": "gen9vgc2025regibo3", "rating": null, "private": 0, "password": null}