{"id": "gen9vgc2025regibo3-2354400585", "format": "[Gen 9] VGC 2025 Reg I (Bo3)", "players": ["helio list", "idkloldude"], "log": "|j|\u2606helio list\n|j|\u2606idkloldude\n|html|<table width=\"100%\"><tr><td align=\"left\">helio list</td><td align=\"right\">idkloldude</tr><tr><td align=\"left\"><i class=\"fa fa-circle-o\"></i> <i class=\"fa fa-circle-o\"></i> </td><td align=\"right\"><i class=\"fa fa-circle-o\"></i> <i class=\"fa fa-circle-o\"></i> </tr></table>\n|uhtml|bestof|<h2><strong>Game 1</strong> of <a href=\"/game-bestof3-gen9vgc2025regibo3-2354400584\">a best-of-3</a></h2>\n|t:|1746066758\n|gametype|doubles\n|player|p1|helio list|pokemonbreederf|\n|player|p2|idkloldude|elesa|\n|teamsize|p1|6\n|teamsize|p2|6\n|gen|9\n|tier|[Gen 9] VGC 2025 Reg I (Bo3)\n|rule|Species Clause: Limit one of each Pok\u00e9mon\n|rule|Item Clause: Limit 1 of each item\n|clearpoke\n|poke|p1|Calyrex-Shadow, L50|\n|poke|p1|Miraidon, L50|\n|poke|p1|Clefairy, L50, F|\n|poke|p1|Chi-Yu, L50|\n|poke|p1|Iron Hands, L50|\n|poke|p1|Whimsicott, L50, F|\n|poke|p2|Calyrex-Shadow, L50|\n|poke|p2|Terapagos, L50, M|\n|poke|p2|Rillaboom, L50, F|\n|poke|p2|Incineroar, L50, F|\n|poke|p2|Urshifu-*, L50, M|\n|poke|p2|Ogerpon-Cornerstone, L50, F|\n|teampreview|4\n|showteam|p1|Calyrex-Shadow||LifeOrb|AsOneSpectrier|AstralBarrage,Psychic,NastyPlot,Protect||||||50|,,,,,Dark]Miraidon||ChoiceSpecs|HadronEngine|DracoMeteor,VoltSwitch,DazzlingGleam,ElectroDrift||||||50|,,,,,Fairy]Clefairy||Eviolite|FriendGuard|FollowMe,HelpingHand,AfterYou,Protect|||F|||50|,,,,,Water]Chi-Yu||FocusSash|BeadsofRuin|HeatWave,Snarl,DarkPulse,Protect||||||50|,,,,,Ghost]Iron Hands||AssaultVest|QuarkDrive|FakeOut,DrainPunch,LowKick,HeavySlam||||||50|,,,,,Bug]Whimsicott||CovertCloak|Prankster|Tailwind,Encore,Moonblast,LightScreen|||F|||50|,,,,,Dark\n|showteam|p2|Calyrex-Shadow||FocusSash|AsOneSpectrier|AstralBarrage,WillOWisp,Disable,Protect||||||50|,,,,,Ghost]Terapagos||Leftovers|TeraShift|TeraStarstorm,CalmMind,EarthPower,Protect|||M|||50|,,,,,Stellar]Rillaboom||AssaultVest|GrassySurge|WoodHammer,GrassyGlide,Uturn,FakeOut|||F|||50|,,,,,Grass]Incineroar||SafetyGoggles|Intimidate|KnockOff,FakeOut,PartingShot,WillOWisp|||F|||50|,,,,,Ghost]Urshifu-Rapid-Strike||ChoiceScarf|UnseenFist|SurgingStrikes,CloseCombat,AquaJet,Uturn|||M|||50|,,,,,Water]Ogerpon-Cornerstone||CornerstoneMask|Sturdy|IvyCudgel,SpikyShield,FollowMe,PowerWhip|||F|||50|,,,,,Rock\n|inactive|Battle timer is ON: inactive players will automatically lose when time's up. (requested by helio list)\n|inactive|idkloldude also wants the timer to be on.\n|c|\u2606idkloldude|glhf\n|j| TWO PIECE TOM\n|c|\u2606helio list|glhf\n|inactive|helio list has 60 seconds left.\n|inactive|idkloldude has 60 seconds left.\n|inactive|idkloldude has 30 seconds left.\n|l| TWO PIECE TOM\n|inactive|idkloldude has 20 seconds left.\n|\n|t:|1746066829\n|start\n|switch|p1a: Glamour Bard|Whimsicott, L50, F|100/100\n|switch|p1b: Wildfire Druid|Chi-Yu, L50|100/100\n|switch|p2a: Terapagos|Terapagos, L50, M|100/100\n|switch|p2b: Incineroar|Incineroar, L50, F|100/100\n|-activate|p2a: Terapagos|ability: Tera Shift\n|detailschange|p2a: Terapagos|Terapagos-Terastal, L50, M\n|-heal|p2a: Terapagos|100/100|[silent]\n|-ability|p1b: Wildfire Druid|Beads of Ruin\n|-ability|p2b: Incineroar|Intimidate|boost\n|-unboost|p1a: Glamour Bard|atk|1\n|-unboost|p1b: Wildfire Druid|atk|1\n|turn|1\n|inactive|idkloldude has 30 seconds left.\n|\n|t:|1746066859\n|move|p1b: Wildfire Druid|Protect|p1b: Wildfire Druid\n|-singleturn|p1b: Wildfire Druid|Protect\n|move|p2b: Incineroar|Fake Out|p1b: Wildfire Druid\n|-activate|p1b: Wildfire Druid|move: Protect\n|move|p1a: Glamour Bard|Moonblast|p2b: Incineroar\n|-damage|p2b: Incineroar|64/100\n|move|p2a: Terapagos|Tera Starstorm|p1a: Glamour Bard\n|-damage|p1a: Glamour Bard|8/100\n|\n|upkeep\n|turn|2\n|inactive|idkloldude has 30 seconds left.\n|inactive|idkloldude has 20 seconds left.\n|inactive|idkloldude has 15 seconds left.\n|\n|t:|1746066899\n|move|p1a: Glamour Bard|Moonblast|p2a: Terapagos\n|-activate|p2a: Terapagos|ability: Tera Shell\n|-resisted|p2a: Terapagos\n|-damage|p2a: Terapagos|84/100\n|-unboost|p2a: Terapagos|spa|1\n|move|p1b: Wildfire Druid|Snarl|p2b: Incineroar|[spread] p2a,p2b\n|-resisted|p2b: Incineroar\n|-damage|p2a: Terapagos|57/100\n|-damage|p2b: Incineroar|51/100\n|-unboost|p2a: Terapagos|spa|1\n|-unboost|p2b: Incineroar|spa|1\n|move|p2a: Terapagos|Earth Power|p1b: Wildfire Druid\n|-supereffective|p1b: Wildfire Druid\n|-damage|p1b: Wildfire Druid|70/100\n|move|p2b: Incineroar|Knock Off|p1b: Wildfire Druid\n|-resisted|p1b: Wildfire Druid\n|-damage|p1b: Wildfire Druid|37/100\n|-enditem|p1b: Wildfire Druid|Focus Sash|[from] move: Knock Off|[of] p2b: Incineroar\n|\n|-heal|p2a: Terapagos|64/100|[from] item: Leftovers\n|upkeep\n|turn|3\n|inactive|idkloldude has 30 seconds left.\n|inactive|idkloldude has 20 seconds left.\n|inactive|idkloldude has 15 seconds left.\n|inactive|idkloldude has 10 seconds left.\n|\n|t:|1746066946\n|switch|p2a: Rillaboom|Rillaboom, L50, F|100/100\n|-fieldstart|move: Grassy Terrain|[from] ability: Grassy Surge|[of] p2a: Rillaboom\n|move|p1a: Glamour Bard|Tailwind|p1a: Glamour Bard\n|-sidestart|p1: helio list|move: Tailwind\n|move|p1b: Wildfire Druid|Heat Wave|p2b: Incineroar|[spread] p2a,p2b\n|-supereffective|p2a: Rillaboom\n|-resisted|p2b: Incineroar\n|-damage|p2a: Rillaboom|34/100\n|-damage|p2b: Incineroar|25/100\n|move|p2b: Incineroar|Knock Off|p1a: Glamour Bard\n|-resisted|p1a: Glamour Bard\n|-damage|p1a: Glamour Bard|0 fnt\n|-enditem|p1a: Glamour Bard|Covert Cloak|[from] move: Knock Off|[of] p2b: Incineroar\n|faint|p1a: Glamour Bard\n|\n|-heal|p1b: Wildfire Druid|43/100|[from] Grassy Terrain\n|-heal|p2a: Rillaboom|39/100|[from] Grassy Terrain\n|-heal|p2b: Incineroar|31/100|[from] Grassy Terrain\n|upkeep\n|\n|t:|1746066961\n|switch|p1a: Necromancy Wizard|Calyrex-Shadow, L50|100/100\n|-ability|p1a: Necromancy Wizard|As One\n|-ability|p1a: Necromancy Wizard|Unnerve\n|turn|4\n|inactive|idkloldude has 30 seconds left.\n|inactive|idkloldude has 20 seconds left.\n|\n|t:|1746066996\n|move|p2a: Rillaboom|Fake Out|p1b: Wildfire Druid\n|-damage|p1b: Wildfire Druid|22/100\n|move|p1a: Necromancy Wizard|Astral Barrage|p2b: Incineroar|[spread] p2a,p2b\n|-resisted|p2b: Incineroar\n|-damage|p2a: Rillaboom|0 fnt\n|-damage|p2b: Incineroar|0 fnt\n|faint|p2a: Rillaboom\n|faint|p2b: Incineroar\n|-ability|p1a: Necromancy Wizard|Grim Neigh|boost\n|-boost|p1a: Necromancy Wizard|spa|2\n|-damage|p1a: Necromancy Wizard|91/100|[from] item: Life Orb\n|cant|p1b: Wildfire Druid|flinch\n|\n|-heal|p1a: Necromancy Wizard|97/100|[from] Grassy Terrain\n|-heal|p1b: Wildfire Druid|28/100|[from] Grassy Terrain\n|upkeep\n|\n|t:|1746067002\n|switch|p2a: Calyrex|Calyrex-Shadow, L50|100/100\n|switch|p2b: Terapagos|Terapagos-Terastal, L50, M|64/100\n|-ability|p2a: Calyrex|As One\n|-ability|p2a: Calyrex|Unnerve\n|turn|5\n|\n|t:|1746067012\n|-terastallize|p1a: Necromancy Wizard|Dark\n|move|p2a: Calyrex|Protect|p2a: Calyrex\n|-singleturn|p2a: Calyrex|Protect\n|move|p2b: Terapagos|Protect|p2b: Terapagos\n|-singleturn|p2b: Terapagos|Protect\n|move|p1a: Necromancy Wizard|Psychic|p2b: Terapagos\n|-activate|p2b: Terapagos|move: Protect\n|move|p1b: Wildfire Druid|Snarl|p2a: Calyrex|[spread] \n|-activate|p2a: Calyrex|move: Protect\n|-activate|p2b: Terapagos|move: Protect\n|\n|-heal|p1a: Necromancy Wizard|100/100|[from] Grassy Terrain\n|-heal|p1b: Wildfire Druid|34/100|[from] Grassy Terrain\n|-heal|p2b: Terapagos|70/100|[from] Grassy Terrain\n|-heal|p2b: Terapagos|76/100|[from] item: Leftovers\n|upkeep\n|turn|6\n|\n|t:|1746067029\n|-terastallize|p2b: Terapagos|Stellar\n|detailschange|p2b: Terapagos|Terapagos-Stellar, L50, M, tera:Stellar\n|-heal|p2b: Terapagos|82/100|[silent]\n|-ability|p2b: Terapagos|Teraform Zero\n|-fieldend|move: Grassy Terrain\n|move|p1a: Necromancy Wizard|Psychic|p2b: Terapagos\n|-damage|p2b: Terapagos|0 fnt\n|faint|p2b: Terapagos\n|-ability|p1a: Necromancy Wizard|Grim Neigh|boost\n|-boost|p1a: Necromancy Wizard|spa|1\n|-damage|p1a: Necromancy Wizard|91/100|[from] item: Life Orb\n|move|p1b: Wildfire Druid|Snarl|p2a: Calyrex\n|-supereffective|p2a: Calyrex\n|-enditem|p2a: Calyrex|Focus Sash\n|-damage|p2a: Calyrex|1/100\n|-unboost|p2a: Calyrex|spa|1\n|move|p2a: Calyrex|Astral Barrage|p1a: Necromancy Wizard|[spread] p1a,p1b\n|-resisted|p1a: Necromancy Wizard\n|-resisted|p1b: Wildfire Druid\n|-damage|p1a: Necromancy Wizard|67/100\n|-damage|p1b: Wildfire Druid|11/100\n|\n|-sideend|p1: helio list|move: Tailwind\n|upkeep\n|turn|7\n|c|\u2606helio list|gg\n|c|\u2606idkloldude|gg\n|\n|t:|1746067043\n|move|p1a: Necromancy Wizard|Astral Barrage|p2a: Calyrex\n|-supereffective|p2a: Calyrex\n|-damage|p2a: Calyrex|0 fnt\n|faint|p2a: Calyrex\n|-damage|p1a: Necromancy Wizard|57/100|[from] item: Life Orb\n|\n|win|helio list\n||idkloldude is ready for game 2.\n|inactive|helio list has 30 seconds to confirm battle start!\n|inactive|helio list has 20 seconds to confirm battle start!\n||helio list is ready for game 2.\n|uhtml|next|Next: <a href=\"/battle-gen9vgc2025regibo3-2354403051\"><strong>Game 2 of 3</strong></a>\n", "uploadtime": 1746067547, "views": 7, "formatid": "gen9vgc2025regibo3", "rating": null, "private": 0, "password": null}