{"id": "gen9vgc2025regibo3-2353747118", "format": "[Gen 9] VGC 2025 Reg I (Bo3)", "players": ["recnacboi", "Livnlarge27"], "log": "|j|\u2606recnacboi\n|j|\u2606Livnlarge27\n|html|<table width=\"100%\"><tr><td align=\"left\">recnacboi</td><td align=\"right\">Livnlarge27</tr><tr><td align=\"left\"><i class=\"fa fa-circle-o\"></i> <i class=\"fa fa-circle-o\"></i> </td><td align=\"right\"><i class=\"fa fa-circle-o\"></i> <i class=\"fa fa-circle-o\"></i> </tr></table>\n|uhtml|bestof|<h2><strong>Game 1</strong> of <a href=\"/game-bestof3-gen9vgc2025regibo3-2353747117\">a best-of-3</a></h2>\n|t:|1745993026\n|gametype|doubles\n|player|p1|recnacboi|2|1412\n|player|p2|Livnlarge27|marlon|1497\n|teamsize|p1|6\n|teamsize|p2|6\n|gen|9\n|tier|[Gen 9] VGC 2025 Reg I (Bo3)\n|rated|\n|rule|Species Clause: Limit one of each Pok\u00e9mon\n|rule|Item Clause: Limit 1 of each item\n|clearpoke\n|poke|p1|Calyrex-Shadow, L50|\n|poke|p1|Terapagos, L50, M|\n|poke|p1|Rillaboom, L50, M|\n|poke|p1|Incineroar, L50, M|\n|poke|p1|Urshifu-*, L50, F|\n|poke|p1|Ogerpon-Hearthflame, L50, F|\n|poke|p2|Miraidon, L50|\n|poke|p2|Iron Boulder, L50|\n|poke|p2|Incineroar, L50, F|\n|poke|p2|Chi-Yu, L50|\n|poke|p2|Whimsicott, L50, F|\n|poke|p2|Lunala, L50|\n|teampreview|4\n|showteam|p1|Calyrex-Shadow||FocusSash|AsOneSpectrier|AstralBarrage,Disable,WillOWisp,Protect||||||50|,,,,,Ghost]Terapagos||Leftovers|TeraShift|TeraStarstorm,EarthPower,CalmMind,Protect|||M|||50|,,,,,Stellar]Rillaboom||AssaultVest|GrassySurge|WoodHammer,GrassyGlide,FakeOut,Uturn|||M|||50|,,,,,Fire]Incineroar||RockyHelmet|Intimidate|KnockOff,HelpingHand,FakeOut,PartingShot|||M|||50|,,,,,Bug]Urshifu-Rapid-Strike||ChoiceScarf|UnseenFist|CloseCombat,SurgingStrikes,Uturn,AquaJet|||F|||50|,,,,,Water]Ogerpon-Hearthflame||HearthflameMask|MoldBreaker|IvyCudgel,GrassyGlide,FollowMe,SpikyShield|||F|||50|,,,,,Fire\n|showteam|p2|Miraidon||ChoiceSpecs|HadronEngine|VoltSwitch,ElectroDrift,DracoMeteor,DazzlingGleam||||||50|,,,,,Fairy]Iron Boulder||ChoiceBand|QuarkDrive|MightyCleave,Megahorn,CloseCombat,ZenHeadbutt||||||50|,,,,,Rock]Incineroar||AssaultVest|Intimidate|FakeOut,FlareBlitz,KnockOff,Uturn|||F|||50|,,,,,Ghost]Chi-Yu||ChoiceScarf|BeadsofRuin|HeatWave,Snarl,Overheat,DarkPulse||||||50|,,,,,Ghost]Whimsicott||CovertCloak|Prankster|Tailwind,Moonblast,Encore,LightScreen|||F|||50|,,,,,Dark]Lunala||PowerHerb|ShadowShield|WideGuard,MoongeistBeam,MeteorBeam,TrickRoom||||||50|,,,,,Water\n|inactive|Battle timer is ON: inactive players will automatically lose when time's up. (requested by Livnlarge27)\n|\n|t:|1745993061\n|start\n|switch|p1a: Terapagos|Terapagos, L50, M|100/100\n|switch|p1b: Rillaboom|Rillaboom, L50, M|100/100\n|switch|p2a: Chi-Yu|Chi-Yu, L50|100/100\n|switch|p2b: Iron Boulder|Iron Boulder, L50|100/100\n|-activate|p1a: Terapagos|ability: Tera Shift\n|detailschange|p1a: Terapagos|Terapagos-Terastal, L50, M\n|-heal|p1a: Terapagos|100/100|[silent]\n|-ability|p2a: Chi-Yu|Beads of Ruin\n|-fieldstart|move: Grassy Terrain|[from] ability: Grassy Surge|[of] p1b: Rillaboom\n|turn|1\n|\n|t:|1745993075\n|-end|p2b: Iron Boulder|Quark Drive|[silent]\n|switch|p2b: Incineroar|Incineroar, L50, F|100/100\n|-ability|p2b: Incineroar|Intimidate|boost\n|-unboost|p1a: Terapagos|atk|1\n|-unboost|p1b: Rillaboom|atk|1\n|move|p1b: Rillaboom|Fake Out|p2b: Incineroar\n|-damage|p2b: Incineroar|93/100\n|move|p2a: Chi-Yu|Snarl|p1a: Terapagos|[spread] p1a,p1b\n|-activate|p1a: Terapagos|ability: Tera Shell\n|-resisted|p1a: Terapagos\n|-damage|p1a: Terapagos|87/100\n|-damage|p1b: Rillaboom|83/100\n|-unboost|p1a: Terapagos|spa|1\n|-unboost|p1b: Rillaboom|spa|1\n|move|p1a: Terapagos|Calm Mind|p1a: Terapagos\n|-boost|p1a: Terapagos|spa|1\n|-boost|p1a: Terapagos|spd|1\n|\n|-heal|p1a: Terapagos|93/100|[from] Grassy Terrain\n|-heal|p1a: Terapagos|99/100|[from] item: Leftovers\n|-heal|p1b: Rillaboom|88/100|[from] Grassy Terrain\n|-heal|p2b: Incineroar|99/100|[from] Grassy Terrain\n|upkeep\n|turn|2\n|\n|t:|1745993098\n|switch|p1b: Incineroar|Incineroar, L50, M|100/100\n|-ability|p1b: Incineroar|Intimidate|boost\n|-unboost|p2a: Chi-Yu|atk|1\n|-unboost|p2b: Incineroar|atk|1\n|move|p1a: Terapagos|Protect|p1a: Terapagos\n|-singleturn|p1a: Terapagos|Protect\n|move|p2a: Chi-Yu|Snarl|p1a: Terapagos|[spread] p1b\n|-activate|p1a: Terapagos|move: Protect\n|-resisted|p1b: Incineroar\n|-damage|p1b: Incineroar|87/100\n|-unboost|p1b: Incineroar|spa|1\n|move|p2b: Incineroar|Knock Off|p1a: Terapagos\n|-activate|p1a: Terapagos|move: Protect\n|\n|-heal|p1a: Terapagos|100/100|[from] Grassy Terrain\n|-heal|p2b: Incineroar|100/100|[from] Grassy Terrain\n|-heal|p1b: Incineroar|93/100|[from] Grassy Terrain\n|upkeep\n|turn|3\n|\n|t:|1745993106\n|move|p1b: Incineroar|Fake Out|p2b: Incineroar\n|-damage|p2b: Incineroar|92/100\n|move|p2a: Chi-Yu|Snarl|p1a: Terapagos|[spread] p1a,p1b\n|-activate|p1a: Terapagos|ability: Tera Shell\n|-resisted|p1a: Terapagos\n|-resisted|p1b: Incineroar\n|-damage|p1a: Terapagos|91/100\n|-damage|p1b: Incineroar|80/100\n|-unboost|p1a: Terapagos|spa|1\n|-unboost|p1b: Incineroar|spa|1\n|move|p1a: Terapagos|Calm Mind|p1a: Terapagos\n|-boost|p1a: Terapagos|spa|1\n|-boost|p1a: Terapagos|spd|1\n|cant|p2b: Incineroar|flinch\n|\n|-heal|p1a: Terapagos|97/100|[from] Grassy Terrain\n|-heal|p1a: Terapagos|100/100|[from] item: Leftovers\n|-heal|p2b: Incineroar|98/100|[from] Grassy Terrain\n|-heal|p1b: Incineroar|86/100|[from] Grassy Terrain\n|upkeep\n|turn|4\n|\n|t:|1745993122\n|move|p1a: Terapagos|Protect|p1a: Terapagos\n|-singleturn|p1a: Terapagos|Protect\n|move|p2a: Chi-Yu|Snarl|p1b: Incineroar|[spread] p1b\n|-activate|p1a: Terapagos|move: Protect\n|-resisted|p1b: Incineroar\n|-damage|p1b: Incineroar|73/100\n|-unboost|p1b: Incineroar|spa|1\n|move|p2b: Incineroar|Knock Off|p1a: Terapagos\n|-activate|p1a: Terapagos|move: Protect\n|move|p1b: Incineroar|Knock Off|p2b: Incineroar\n|-resisted|p2b: Incineroar\n|-damage|p2b: Incineroar|80/100\n|-enditem|p2b: Incineroar|Assault Vest|[from] move: Knock Off|[of] p1b: Incineroar\n|\n|-heal|p2b: Incineroar|86/100|[from] Grassy Terrain\n|-heal|p1b: Incineroar|79/100|[from] Grassy Terrain\n|upkeep\n|turn|5\n|\n|t:|1745993137\n|move|p2a: Chi-Yu|Snarl|p1b: Incineroar|[spread] p1a,p1b\n|-activate|p1a: Terapagos|ability: Tera Shell\n|-resisted|p1a: Terapagos\n|-resisted|p1b: Incineroar\n|-damage|p1a: Terapagos|94/100\n|-damage|p1b: Incineroar|65/100\n|-unboost|p1a: Terapagos|spa|1\n|-unboost|p1b: Incineroar|spa|1\n|move|p1a: Terapagos|Calm Mind|p1a: Terapagos\n|-boost|p1a: Terapagos|spa|1\n|-boost|p1a: Terapagos|spd|1\n|move|p2b: Incineroar|Knock Off|p1a: Terapagos\n|-damage|p1a: Terapagos|75/100\n|-enditem|p1a: Terapagos|Leftovers|[from] move: Knock Off|[of] p2b: Incineroar\n|move|p1b: Incineroar|Parting Shot|p2b: Incineroar\n|-unboost|p2b: Incineroar|atk|1\n|-unboost|p2b: Incineroar|spa|1\n|\n|t:|1745993141\n|switch|p1b: Rillaboom|Rillaboom, L50, M|88/100|[from] Parting Shot\n|\n|-heal|p1a: Terapagos|81/100|[from] Grassy Terrain\n|-heal|p1b: Rillaboom|94/100|[from] Grassy Terrain\n|-heal|p2b: Incineroar|92/100|[from] Grassy Terrain\n|-fieldend|move: Grassy Terrain\n|upkeep\n|turn|6\n|\n|t:|1745993155\n|move|p1b: Rillaboom|Fake Out|p2a: Chi-Yu\n|-damage|p2a: Chi-Yu|80/100\n|cant|p2a: Chi-Yu|flinch\n|move|p1a: Terapagos|Calm Mind|p1a: Terapagos\n|-boost|p1a: Terapagos|spa|1\n|-boost|p1a: Terapagos|spd|1\n|move|p2b: Incineroar|U-turn|p1b: Rillaboom\n|-supereffective|p1b: Rillaboom\n|-damage|p1b: Rillaboom|78/100\n|\n|t:|1745993166\n|switch|p2b: Miraidon|Miraidon, L50|100/100|[from] U-turn\n|-fieldstart|move: Electric Terrain|[from] ability: Hadron Engine|[of] p2b: Miraidon\n|\n|upkeep\n|turn|7\n|\n|t:|1745993188\n|move|p1a: Terapagos|Protect|p1a: Terapagos\n|-singleturn|p1a: Terapagos|Protect\n|move|p2a: Chi-Yu|Snarl|p1b: Rillaboom|[spread] p1b\n|-activate|p1a: Terapagos|move: Protect\n|-damage|p1b: Rillaboom|58/100\n|-unboost|p1b: Rillaboom|spa|1\n|move|p2b: Miraidon|Volt Switch|p1b: Rillaboom\n|-resisted|p1b: Rillaboom\n|-damage|p1b: Rillaboom|21/100\n|\n|t:|1745993198\n|switch|p2b: Incineroar|Incineroar, L50, F|92/100|[from] Volt Switch\n|-ability|p2b: Incineroar|Intimidate|boost\n|-unboost|p1a: Terapagos|atk|1\n|-unboost|p1b: Rillaboom|atk|1\n|move|p1b: Rillaboom|U-turn|p2a: Chi-Yu\n|-crit|p2a: Chi-Yu\n|-damage|p2a: Chi-Yu|25/100\n|\n|t:|1745993202\n|switch|p1b: Incineroar|Incineroar, L50, M|65/100|[from] U-turn\n|-ability|p1b: Incineroar|Intimidate|boost\n|-unboost|p2a: Chi-Yu|atk|1\n|-unboost|p2b: Incineroar|atk|1\n|\n|upkeep\n|turn|8\n|\n|t:|1745993211\n|switch|p2a: Iron Boulder|Iron Boulder, L50|100/100\n|-activate|p2a: Iron Boulder|ability: Quark Drive\n|-start|p2a: Iron Boulder|quarkdrivespe\n|move|p2b: Incineroar|Fake Out|p1a: Terapagos\n|-damage|p1a: Terapagos|76/100\n|move|p1b: Incineroar|Fake Out|p2a: Iron Boulder\n|-resisted|p2a: Iron Boulder\n|-damage|p2a: Iron Boulder|93/100\n|cant|p1a: Terapagos|flinch\n|\n|upkeep\n|turn|9\n|inactive|Livnlarge27 has 30 seconds left.\n|\n|t:|1745993239\n|move|p1a: Terapagos|Protect|p1a: Terapagos\n|-singleturn|p1a: Terapagos|Protect\n|move|p2a: Iron Boulder|Mighty Cleave|p1b: Incineroar\n|-supereffective|p1b: Incineroar\n|-damage|p1b: Incineroar|0 fnt\n|-damage|p2a: Iron Boulder|77/100|[from] item: Rocky Helmet|[of] p1b: Incineroar\n|faint|p1b: Incineroar\n|move|p2b: Incineroar|U-turn|p1a: Terapagos\n|-activate|p1a: Terapagos|move: Protect\n|\n|upkeep\n|\n|t:|1745993245\n|switch|p1b: Rillaboom|Rillaboom, L50, M|21/100\n|-fieldstart|move: Grassy Terrain|[from] ability: Grassy Surge|[of] p1b: Rillaboom\n|-end|p2a: Iron Boulder|Quark Drive\n|turn|10\n|\n|t:|1745993259\n|-terastallize|p1a: Terapagos|Stellar\n|detailschange|p1a: Terapagos|Terapagos-Stellar, L50, M, tera:Stellar\n|-heal|p1a: Terapagos|82/100|[silent]\n|-ability|p1a: Terapagos|Teraform Zero\n|-fieldend|move: Grassy Terrain\n|move|p1b: Rillaboom|Fake Out|p2b: Incineroar\n|-damage|p2b: Incineroar|80/100\n|move|p2a: Iron Boulder|Mighty Cleave|p1b: Rillaboom\n|-crit|p1b: Rillaboom\n|-damage|p1b: Rillaboom|0 fnt\n|faint|p1b: Rillaboom\n|move|p1a: Terapagos|Tera Starstorm|p2b: Incineroar|[spread] p2a,p2b\n|-damage|p2a: Iron Boulder|25/100\n|-damage|p2b: Incineroar|38/100\n|cant|p2b: Incineroar|flinch\n|\n|upkeep\n|\n|t:|1745993261\n|switch|p1b: Calyrex|Calyrex-Shadow, L50|100/100\n|-ability|p1b: Calyrex|As One\n|-ability|p1b: Calyrex|Unnerve\n|turn|11\n|inactive|Livnlarge27 has 30 seconds left.\n|inactive|Livnlarge27 has 20 seconds left.\n|inactive|Livnlarge27 has 15 seconds left.\n|inactive|Livnlarge27 has 10 seconds left.\n|\n|t:|1745993308\n|switch|p2b: Miraidon|Miraidon, L50|100/100\n|-fieldstart|move: Electric Terrain|[from] ability: Hadron Engine|[of] p2b: Miraidon\n|-activate|p2a: Iron Boulder|ability: Quark Drive\n|-start|p2a: Iron Boulder|quarkdrivespe\n|move|p2a: Iron Boulder|Mighty Cleave|p1b: Calyrex\n|-damage|p1b: Calyrex|13/100\n|move|p1b: Calyrex|Astral Barrage|p2b: Miraidon|[spread] p2a,p2b\n|-supereffective|p2a: Iron Boulder\n|-damage|p2a: Iron Boulder|0 fnt\n|-damage|p2b: Miraidon|54/100\n|faint|p2a: Iron Boulder\n|-end|p2a: Iron Boulder|Quark Drive|[silent]\n|-ability|p1b: Calyrex|Grim Neigh|boost\n|-boost|p1b: Calyrex|spa|1\n|move|p1a: Terapagos|Tera Starstorm|p2b: Miraidon\n|-crit|p2b: Miraidon\n|-damage|p2b: Miraidon|0 fnt\n|faint|p2b: Miraidon\n|\n|upkeep\n|\n|t:|1745993310\n|switch|p2b: Chi-Yu|Chi-Yu, L50|25/100\n|switch|p2a: Incineroar|Incineroar, L50, F|38/100\n|-ability|p2b: Chi-Yu|Beads of Ruin\n|-ability|p2a: Incineroar|Intimidate|boost\n|-unboost|p1a: Terapagos|atk|1\n|-unboost|p1b: Calyrex|atk|1\n|turn|12\n|\n|t:|1745993317\n|move|p1b: Calyrex|Protect|p1b: Calyrex\n|-singleturn|p1b: Calyrex|Protect\n|move|p1a: Terapagos|Protect|p1a: Terapagos\n|-singleturn|p1a: Terapagos|Protect\n|move|p2a: Incineroar|Fake Out|p1a: Terapagos\n|-activate|p1a: Terapagos|move: Protect\n|move|p2b: Chi-Yu|Snarl|p1b: Calyrex|[spread] \n|-activate|p1a: Terapagos|move: Protect\n|-activate|p1b: Calyrex|move: Protect\n|\n|upkeep\n|turn|13\n|\n|t:|1745993324\n|move|p2b: Chi-Yu|Snarl|p1b: Calyrex|[spread] p1a,p1b\n|-supereffective|p1b: Calyrex\n|-damage|p1a: Terapagos|76/100\n|-damage|p1b: Calyrex|0 fnt\n|-unboost|p1a: Terapagos|spa|1\n|faint|p1b: Calyrex\n|move|p1a: Terapagos|Earth Power|p2a: Incineroar\n|-supereffective|p2a: Incineroar\n|-damage|p2a: Incineroar|0 fnt\n|faint|p2a: Incineroar\n|\n|upkeep\n|turn|14\n|\n|t:|1745993328\n|move|p2b: Chi-Yu|Snarl|p1a: Terapagos\n|-damage|p1a: Terapagos|66/100\n|-unboost|p1a: Terapagos|spa|1\n|move|p1a: Terapagos|Earth Power|p2b: Chi-Yu\n|-supereffective|p2b: Chi-Yu\n|-damage|p2b: Chi-Yu|0 fnt\n|faint|p2b: Chi-Yu\n|\n|win|recnacboi\n||recnacboi is ready for game 2.\n||Livnlarge27 is ready for game 2.\n|uhtml|next|Next: <a href=\"/battle-gen9vgc2025regibo3-2353748767\"><strong>Game 2 of 3</strong></a>\n|l|\u2606recnacboi\n|player|p1|\n|l|\u2606Livnlarge27\n|player|p2|\n", "uploadtime": 1745993671, "views": 6, "formatid": "gen9vgc2025regibo3", "rating": null, "private": 0, "password": null}