{"id": "gen9vgc2025regibo3-2354110064", "format": "[Gen 9] VGC 2025 Reg I (Bo3)", "players": ["Shit Tier Pro", "mike6972"], "log": "|j|\u2606Shit Tier Pro\n|j|\u2606mike6972\n|html|<table width=\"100%\"><tr><td align=\"left\">Shit Tier Pro</td><td align=\"right\">mike6972</tr><tr><td align=\"left\"><i class=\"fa fa-circle\"></i> <i class=\"fa fa-circle-o\"></i> </td><td align=\"right\"><i class=\"fa fa-circle-o\"></i> <i class=\"fa fa-circle-o\"></i> </tr></table>\n|uhtml|bestof|<h2><strong>Game 2</strong> of <a href=\"/game-bestof3-gen9vgc2025regibo3-2354106776\">a best-of-3</a></h2>\n|t:|1746035701\n|gametype|doubles\n|player|p1|Shit Tier Pro|n|1103\n|player|p2|mike6972|266|1153\n|teamsize|p1|6\n|teamsize|p2|6\n|gen|9\n|tier|[Gen 9] VGC 2025 Reg I (Bo3)\n|rated|\n|rule|Species Clause: Limit one of each Pok\u00e9mon\n|rule|Item Clause: Limit 1 of each item\n|clearpoke\n|poke|p1|Terapagos, L50, M|\n|poke|p1|Raging Bolt, L50|\n|poke|p1|Incineroar, L50, M|\n|poke|p1|Zacian-*, L50|\n|poke|p1|Smeargle, L50, F|\n|poke|p1|Ceruledge, L50, F|\n|poke|p2|Calyrex-Shadow, L50|\n|poke|p2|Zamazenta-*, L50|\n|poke|p2|Incineroar, L50, F|\n|poke|p2|Rillaboom, L50, M|\n|poke|p2|Chi-Yu, L50|\n|poke|p2|Amoonguss, L50, M|\n|teampreview|4\n|showteam|p1|Terapagos||CovertCloak|TeraShift|Protect,RockPolish,CalmMind,TeraStarstorm|||M|||50|,,,,,Stellar]Raging Bolt||BoosterEnergy|Protosynthesis|Thunderclap,Thunderbolt,DracoMeteor,Protect||||||50|,,,,,Fairy]Incineroar||SafetyGoggles|Intimidate|FakeOut,HelpingHand,KnockOff,Taunt|||M|||50|,,,,,Bug]Zacian-Crowned||RustedSword|IntrepidSword|behemothblade,PlayRough,Protect,SacredSword||||||50|,,,,,Stellar]Smeargle||FocusSash|Moody|SpikyShield,Decorate,Spore,FollowMe|||F|||50|,,,,,Ghost]Ceruledge||ExpertBelt|FlashFire|ShadowSneak,BitterBlade,AllySwitch,WillOWisp|||F|||50|,,,,,Grass\n|showteam|p2|Calyrex-Shadow||LifeOrb|AsOneSpectrier|AstralBarrage,Protect,Psychic,WillOWisp||||||50|,,,,,Water]Zamazenta-Crowned||RustedShield|DauntlessShield|BodyPress,HeavySlam,Protect,WideGuard||||||50|,,,,,Dragon]Incineroar||SafetyGoggles|Intimidate|FakeOut,PartingShot,FlareBlitz,KnockOff|||F|||50|,,,,,Ghost]Rillaboom||AssaultVest|GrassySurge|DrumBeating,Uturn,GrassyGlide,FakeOut|||M|||50|,,,,,Water]Chi-Yu||ChoiceSpecs|BeadsofRuin|DarkPulse,TeraBlast,HeatWave,Overheat||||||50|,,,,,Ghost]Amoonguss||CovertCloak|Regenerator|ClearSmog,PollenPuff,Spore,RagePowder|||M|||50|,,,,,Fire\n|inactive|Battle timer is ON: inactive players will automatically lose when time's up. (requested by Shit Tier Pro)\n|inactive|mike6972 has 60 seconds left.\n|\n|t:|1746035750\n|start\n|switch|p1a: Smeargle|Smeargle, L50, F|100/100\n|switch|p1b: Ceruledge|Ceruledge, L50, F|100/100\n|switch|p2a: Incineroar|Incineroar, L50, F|100/100\n|switch|p2b: Amoonguss|Amoonguss, L50, M|100/100\n|-ability|p2a: Incineroar|Intimidate|boost\n|-unboost|p1a: Smeargle|atk|1\n|-unboost|p1b: Ceruledge|atk|1\n|turn|1\n|inactive|Shit Tier Pro has 30 seconds left.\n|inactive|mike6972 has 30 seconds left.\n|\n|t:|1746035777\n|switch|p1a: Incineroar|Incineroar, L50, M|100/100\n|-ability|p1a: Incineroar|Intimidate|boost\n|-unboost|p2a: Incineroar|atk|1\n|-unboost|p2b: Amoonguss|atk|1\n|move|p1b: Ceruledge|Bitter Blade|p2b: Amoonguss\n|-supereffective|p2b: Amoonguss\n|-damage|p2b: Amoonguss|38/100\n|move|p2a: Incineroar|Knock Off|p1a: Incineroar\n|-resisted|p1a: Incineroar\n|-damage|p1a: Incineroar|91/100\n|-enditem|p1a: Incineroar|Safety Goggles|[from] move: Knock Off|[of] p2a: Incineroar\n|move|p2b: Amoonguss|Pollen Puff|p1a: Incineroar\n|-damage|p1a: Incineroar|75/100\n|\n|upkeep\n|turn|2\n|inactive|Shit Tier Pro has 30 seconds left.\n|inactive|Shit Tier Pro has 20 seconds left.\n|inactive|Shit Tier Pro has 15 seconds left.\n|inactive|Shit Tier Pro has 10 seconds left.\n|\n|t:|1746035825\n|switch|p1b: Smeargle|Smeargle, L50, F|100/100\n|move|p2b: Amoonguss|Rage Powder|p2b: Amoonguss\n|-singleturn|p2b: Amoonguss|move: Rage Powder\n|move|p1a: Incineroar|Knock Off|p2b: Amoonguss\n|-damage|p2b: Amoonguss|8/100\n|-enditem|p2b: Amoonguss|Covert Cloak|[from] move: Knock Off|[of] p1a: Incineroar\n|move|p2a: Incineroar|Knock Off|p1b: Smeargle\n|-damage|p1b: Smeargle|35/100\n|-enditem|p1b: Smeargle|Focus Sash|[from] move: Knock Off|[of] p2a: Incineroar\n|\n|-ability|p1b: Smeargle|Moody|boost\n|-boost|p1b: Smeargle|spa|2\n|-unboost|p1b: Smeargle|spd|1\n|upkeep\n|turn|3\n|\n|t:|1746035842\n|move|p1b: Smeargle|Spiky Shield|p1b: Smeargle\n|-singleturn|p1b: Smeargle|move: Protect\n|move|p1a: Incineroar|Knock Off|p2a: Incineroar\n|-resisted|p2a: Incineroar\n|-damage|p2a: Incineroar|85/100\n|-enditem|p2a: Incineroar|Safety Goggles|[from] move: Knock Off|[of] p1a: Incineroar\n|move|p2a: Incineroar|Knock Off|p1b: Smeargle\n|-activate|p1b: Smeargle|move: Protect\n|-damage|p2a: Incineroar|73/100|[from] Spiky Shield|[of] p1b: Smeargle\n|move|p2b: Amoonguss|Spore|p1a: Incineroar\n|-status|p1a: Incineroar|slp|[from] move: Spore\n|\n|-ability|p1b: Smeargle|Moody|boost\n|-boost|p1b: Smeargle|spd|2\n|-unboost|p1b: Smeargle|spe|1\n|upkeep\n|turn|4\n|\n|t:|1746035859\n|switch|p1a: Ceruledge|Ceruledge, L50, F|100/100\n|move|p2b: Amoonguss|Rage Powder|p2b: Amoonguss\n|-singleturn|p2b: Amoonguss|move: Rage Powder\n|move|p1b: Smeargle|Decorate|p2b: Amoonguss\n|-boost|p2b: Amoonguss|atk|2\n|-boost|p2b: Amoonguss|spa|2\n|move|p2a: Incineroar|Knock Off|p1b: Smeargle\n|-damage|p1b: Smeargle|0 fnt\n|faint|p1b: Smeargle\n|\n|upkeep\n|\n|t:|1746035870\n|switch|p1b: Terapagos|Terapagos, L50, M|100/100\n|-activate|p1b: Terapagos|ability: Tera Shift\n|detailschange|p1b: Terapagos|Terapagos-Terastal, L50, M\n|-heal|p1b: Terapagos|100/100|[silent]\n|turn|5\n|\n|t:|1746035895\n|move|p1b: Terapagos|Calm Mind|p1b: Terapagos\n|-boost|p1b: Terapagos|spa|1\n|-boost|p1b: Terapagos|spd|1\n|move|p1a: Ceruledge|Bitter Blade|p2b: Amoonguss\n|-supereffective|p2b: Amoonguss\n|-damage|p2b: Amoonguss|0 fnt\n|faint|p2b: Amoonguss\n|move|p2a: Incineroar|Knock Off|p1b: Terapagos\n|-activate|p1b: Terapagos|ability: Tera Shell\n|-resisted|p1b: Terapagos\n|-damage|p1b: Terapagos|88/100\n|-enditem|p1b: Terapagos|Covert Cloak|[from] move: Knock Off|[of] p2a: Incineroar\n|\n|upkeep\n|\n|t:|1746035904\n|switch|p2b: Zamazenta|Zamazenta-Crowned, L50|100/100\n|-ability|p2b: Zamazenta|Dauntless Shield|boost\n|-boost|p2b: Zamazenta|def|1\n|turn|6\n|inactive|Shit Tier Pro has 30 seconds left.\n|\n|t:|1746035930\n|-terastallize|p2b: Zamazenta|Dragon\n|move|p1b: Terapagos|Protect|p1b: Terapagos\n|-singleturn|p1b: Terapagos|Protect\n|move|p2b: Zamazenta|Wide Guard|p2b: Zamazenta\n|-singleturn|p2b: Zamazenta|Wide Guard\n|move|p1a: Ceruledge|Will-O-Wisp|p2b: Zamazenta\n|-status|p2b: Zamazenta|brn\n|move|p2a: Incineroar|Parting Shot|p1b: Terapagos\n|-activate|p1b: Terapagos|move: Protect\n|\n|-damage|p2b: Zamazenta|94/100 brn|[from] brn\n|upkeep\n|turn|7\n|\n|t:|1746035945\n|move|p2b: Zamazenta|Wide Guard|p2b: Zamazenta\n|-singleturn|p2b: Zamazenta|Wide Guard\n|move|p1a: Ceruledge|Ally Switch|p1a: Ceruledge\n|swap|p1a: Ceruledge|1|[from] move: Ally Switch\n|move|p1a: Terapagos|Rock Polish|p1a: Terapagos\n|-boost|p1a: Terapagos|spe|2\n|move|p2a: Incineroar|Parting Shot|p1b: Ceruledge\n|-unboost|p1b: Ceruledge|atk|1\n|-unboost|p1b: Ceruledge|spa|1\n|\n|t:|1746035954\n|switch|p2a: Calyrex|Calyrex-Shadow, L50|100/100|[from] Parting Shot\n|-ability|p2a: Calyrex|As One\n|-ability|p2a: Calyrex|Unnerve\n|\n|-damage|p2b: Zamazenta|88/100 brn|[from] brn\n|upkeep\n|turn|8\n|\n|t:|1746035978\n|move|p1a: Terapagos|Protect|p1a: Terapagos\n|-singleturn|p1a: Terapagos|Protect\n|move|p2b: Zamazenta|Wide Guard|p2b: Zamazenta\n|-singleturn|p2b: Zamazenta|Wide Guard\n|move|p1b: Ceruledge|Shadow Sneak|p2a: Calyrex\n|-supereffective|p2a: Calyrex\n|-damage|p2a: Calyrex|19/100\n|move|p2a: Calyrex|Astral Barrage|p1a: Terapagos|[spread] p1b\n|-activate|p1a: Terapagos|move: Protect\n|-supereffective|p1b: Ceruledge\n|-damage|p1b: Ceruledge|0 fnt\n|faint|p1b: Ceruledge\n|-ability|p2a: Calyrex|Grim Neigh|boost\n|-boost|p2a: Calyrex|spa|1\n|-damage|p2a: Calyrex|9/100|[from] item: Life Orb\n|\n|-damage|p2b: Zamazenta|82/100 brn|[from] brn\n|upkeep\n|\n|t:|1746035985\n|switch|p1b: Incineroar|Incineroar, L50, M|75/100 slp\n|-ability|p1b: Incineroar|Intimidate|boost\n|-unboost|p2a: Calyrex|atk|1\n|-unboost|p2b: Zamazenta|atk|1\n|turn|9\n|\n|t:|1746036004\n|-terastallize|p1a: Terapagos|Stellar\n|detailschange|p1a: Terapagos|Terapagos-Stellar, L50, M, tera:Stellar\n|-heal|p1a: Terapagos|92/100|[silent]\n|move|p1a: Terapagos|Tera Starstorm|p2a: Calyrex|[spread] p2a,p2b\n|-supereffective|p2b: Zamazenta\n|-damage|p2a: Calyrex|0 fnt\n|-damage|p2b: Zamazenta|0 fnt\n|faint|p2a: Calyrex\n|faint|p2b: Zamazenta\n|cant|p1b: Incineroar|slp\n|\n|upkeep\n|l|\u2606mike6972\n|inactive|mike6972 disconnected and has a minute to reconnect!\n|player|p2|\n|inactive|mike6972 has 30 seconds left.\n|inactive|mike6972 has 20 seconds left.\n|inactive|mike6972 has 15 seconds left.\n|inactive|mike6972 has 10 seconds left.\n|inactive|mike6972 has 5 seconds left.\n|-message|mike6972 lost due to inactivity.\n|\n|win|Shit Tier Pro\n|raw|Shit Tier Pro's rating: 1103 &rarr; <strong>1132</strong><br />(+29 for winning)\n|raw|mike6972's rating: 1153 &rarr; <strong>1124</strong><br />(-29 for losing)\n", "uploadtime": 1746036068, "views": 11, "formatid": "gen9vgc2025regibo3", "rating": 1124, "private": 0, "password": null}