{"id": "gen9vgc2025regibo3-2353859062", "format": "[Gen 9] VGC 2025 Reg I (Bo3)", "players": ["pon seis nueve", "dambro222"], "log": "|j|\u203dpon seis nueve\n|j|\u2606dambro222\n|html|<table width=\"100%\"><tr><td align=\"left\">pon seis nueve</td><td align=\"right\">dambro222</tr><tr><td align=\"left\"><i class=\"fa fa-circle\"></i> <i class=\"fa fa-circle-o\"></i> </td><td align=\"right\"><i class=\"fa fa-circle-o\"></i> <i class=\"fa fa-circle-o\"></i> </tr></table>\n|uhtml|bestof|<h2><strong>Game 2</strong> of <a href=\"/game-bestof3-gen9vgc2025regibo3-2353856470\">a best-of-3</a></h2>\n|t:|1746011399\n|gametype|doubles\n|player|p1|pon seis nueve|marlon|1146\n|player|p2|dambro222|101|1206\n|teamsize|p1|6\n|teamsize|p2|6\n|gen|9\n|tier|[Gen 9] VGC 2025 Reg I (Bo3)\n|rated|\n|rule|Species Clause: Limit one of each Pok\u00e9mon\n|rule|Item Clause: Limit 1 of each item\n|clearpoke\n|poke|p1|Zamazenta-*, L50|\n|poke|p1|Calyrex-Shadow, L50|\n|poke|p1|Tornadus, L50, M|\n|poke|p1|Urshifu-*, L50, M|\n|poke|p1|Rillaboom, L50, M|\n|poke|p1|Chien-Pao, L50|\n|poke|p2|Ho-Oh, L50|\n|poke|p2|Miraidon, L50|\n|poke|p2|Flutter Mane, L50|\n|poke|p2|Iron Hands, L50|\n|poke|p2|Urshifu-*, L50, M|\n|poke|p2|Iron Treads, L50|\n|teampreview|4\n|showteam|p1|Zamazenta-Crowned||RustedShield|DauntlessShield|BodyPress,HeavySlam,WideGuard,Protect||||||50|,,,,,Ghost]Calyrex-Shadow||FocusSash|AsOneSpectrier|AstralBarrage,Psychic,Encore,Protect||||||50|,,,,,Ghost]Tornadus||RockyHelmet|Prankster|BleakwindStorm,Tailwind,RainDance,Protect|||M|||50|,,,,,Dark]Urshifu-Rapid-Strike||MysticWater|UnseenFist|SurgingStrikes,CloseCombat,AquaJet,Detect|||M|||50|,,,,,Water]Rillaboom||AssaultVest|GrassySurge|WoodHammer,GrassyGlide,Uturn,FakeOut|||M|||50|,,,,,Fire]Chien-Pao||LifeOrb|SwordofRuin|SuckerPunch,IcicleCrash,ThroatChop,Protect||||||50|,,,,,Stellar\n|showteam|p2|Ho-Oh||ClearAmulet|Regenerator|SacredFire,BraveBird,Tailwind,Protect||||||50|,,,,,Dragon]Miraidon||CovertCloak|HadronEngine|ElectroDrift,VoltSwitch,DracoMeteor,Protect||||||50|,,,,,Electric]Flutter Mane||BoosterEnergy|Protosynthesis|Moonblast,ShadowBall,IcyWind,Protect||||||50|,,,,,Fairy]Iron Hands||AssaultVest|QuarkDrive|FakeOut,DrainPunch,WildCharge,LowKick||||||50|,,,,,Water]Urshifu||FocusSash|UnseenFist|WickedBlow,CloseCombat,SuckerPunch,Detect|||M|||50|,,,,,Poison]Iron Treads||ChoiceBand|QuarkDrive|IronHead,HighHorsepower,KnockOff,SteelRoller||||||50|,,,,,Water\n|\n|t:|1746011454\n|start\n|switch|p1a: Calyrex|Calyrex-Shadow, L50|100/100\n|switch|p1b: Rillaboom|Rillaboom, L50, M|100/100\n|switch|p2a: Flutter Mane|Flutter Mane, L50|100/100\n|switch|p2b: Ho-Oh|Ho-Oh, L50|100/100\n|-ability|p1a: Calyrex|As One\n|-ability|p1a: Calyrex|Unnerve\n|-fieldstart|move: Grassy Terrain|[from] ability: Grassy Surge|[of] p1b: Rillaboom\n|-enditem|p2a: Flutter Mane|Booster Energy\n|-activate|p2a: Flutter Mane|ability: Protosynthesis|[fromitem]\n|-start|p2a: Flutter Mane|protosynthesisspe\n|turn|1\n|\n|t:|1746011499\n|-terastallize|p1a: Calyrex|Ghost\n|move|p1b: Rillaboom|Fake Out|p2b: Ho-Oh\n|-damage|p2b: Ho-Oh|89/100\n|move|p2a: Flutter Mane|Icy Wind|p1a: Calyrex|[spread] p1a,p1b\n|-supereffective|p1b: Rillaboom\n|-damage|p1a: Calyrex|88/100\n|-damage|p1b: Rillaboom|80/100\n|-unboost|p1a: Calyrex|spe|1\n|-unboost|p1b: Rillaboom|spe|1\n|move|p1a: Calyrex|Astral Barrage|p2b: Ho-Oh|[spread] p2a,p2b\n|-supereffective|p2a: Flutter Mane\n|-damage|p2a: Flutter Mane|0 fnt\n|-damage|p2b: Ho-Oh|42/100\n|faint|p2a: Flutter Mane\n|-end|p2a: Flutter Mane|Protosynthesis|[silent]\n|-ability|p1a: Calyrex|Grim Neigh|boost\n|-boost|p1a: Calyrex|spa|1\n|cant|p2b: Ho-Oh|flinch\n|\n|-heal|p1a: Calyrex|94/100|[from] Grassy Terrain\n|-heal|p1b: Rillaboom|86/100|[from] Grassy Terrain\n|upkeep\n|\n|t:|1746011523\n|switch|p2a: Urshifu|Urshifu, L50, M|100/100\n|turn|2\n|\n|t:|1746011553\n|switch|p1a: Chien-Pao|Chien-Pao, L50|100/100\n|-ability|p1a: Chien-Pao|Sword of Ruin\n|move|p2a: Urshifu|Wicked Blow|p1a: Chien-Pao\n|-resisted|p1a: Chien-Pao\n|-crit|p1a: Chien-Pao\n|-damage|p1a: Chien-Pao|53/100\n|move|p2b: Ho-Oh|Brave Bird|p1b: Rillaboom\n|-supereffective|p1b: Rillaboom\n|-damage|p1b: Rillaboom|0 fnt\n|faint|p1b: Rillaboom\n|-damage|p2b: Ho-Oh|12/100|[from] Recoil\n|\n|-heal|p1a: Chien-Pao|59/100|[from] Grassy Terrain\n|upkeep\n|\n|t:|1746011573\n|switch|p1b: Zamazenta|Zamazenta-Crowned, L50|100/100\n|-ability|p1b: Zamazenta|Dauntless Shield|boost\n|-boost|p1b: Zamazenta|def|1\n|turn|3\n|\n|t:|1746011611\n|move|p1a: Chien-Pao|Icicle Crash|p2b: Ho-Oh\n|-damage|p2b: Ho-Oh|0 fnt\n|faint|p2b: Ho-Oh\n|-damage|p1a: Chien-Pao|49/100|[from] item: Life Orb\n|move|p1b: Zamazenta|Body Press|p2a: Urshifu\n|-supereffective|p2a: Urshifu\n|-enditem|p2a: Urshifu|Focus Sash\n|-damage|p2a: Urshifu|1/100\n|move|p2a: Urshifu|Close Combat|p1a: Chien-Pao\n|-supereffective|p1a: Chien-Pao\n|-damage|p1a: Chien-Pao|0 fnt\n|-unboost|p2a: Urshifu|def|1\n|-unboost|p2a: Urshifu|spd|1\n|faint|p1a: Chien-Pao\n|\n|-heal|p2a: Urshifu|7/100|[from] Grassy Terrain\n|upkeep\n|\n|t:|1746011627\n|switch|p1a: Calyrex|Calyrex-Shadow, L50, tera:Ghost|94/100\n|switch|p2b: Miraidon|Miraidon, L50|100/100\n|-ability|p1a: Calyrex|As One\n|-ability|p1a: Calyrex|Unnerve\n|-fieldstart|move: Electric Terrain|[from] ability: Hadron Engine|[of] p2b: Miraidon\n|turn|4\n|\n|t:|1746011672\n|-terastallize|p2b: Miraidon|Electric\n|move|p1a: Calyrex|Encore|p2a: Urshifu\n|-start|p2a: Urshifu|Encore\n|move|p1b: Zamazenta|Body Press|p2b: Miraidon\n|-damage|p2b: Miraidon|38/100\n|move|p2b: Miraidon|Electro Drift|p1b: Zamazenta\n|-damage|p1b: Zamazenta|0 fnt\n|faint|p1b: Zamazenta\n|move|p2a: Urshifu|Close Combat|p1a: Calyrex\n|-immune|p1a: Calyrex\n|\n|upkeep\n|turn|5\n|\n|t:|1746011691\n|move|p1a: Calyrex|Astral Barrage|p2a: Urshifu|[spread] p2a,p2b\n|-resisted|p2a: Urshifu\n|-damage|p2a: Urshifu|0 fnt\n|-damage|p2b: Miraidon|0 fnt\n|faint|p2a: Urshifu\n|faint|p2b: Miraidon\n|\n|win|pon seis nueve\n|raw|pon seis nueve's rating: 1146 &rarr; <strong>1175</strong><br />(+29 for winning)\n|raw|dambro222's rating: 1206 &rarr; <strong>1177</strong><br />(-29 for losing)\n|c|\u2606dambro222|gg\n", "uploadtime": 1746011698, "views": 8, "formatid": "gen9vgc2025regibo3", "rating": 1175, "private": 0, "password": null}