{"id": "gen9vgc2025regibo3-2354125004", "format": "[Gen 9] VGC 2025 Reg I (Bo3)", "players": ["sorecruiser", "javi1297"], "log": "|j|\u2606sorecruiser\n|j|\u2606javi1297\n|html|<table width=\"100%\"><tr><td align=\"left\">sorecruiser</td><td align=\"right\">javi1297</tr><tr><td align=\"left\"><i class=\"fa fa-circle\"></i> <i class=\"fa fa-circle-o\"></i> </td><td align=\"right\"><i class=\"fa fa-circle-o\"></i> <i class=\"fa fa-circle-o\"></i> </tr></table>\n|uhtml|bestof|<h2><strong>Game 2</strong> of <a href=\"/game-bestof3-gen9vgc2025regibo3-2354121892\">a best-of-3</a></h2>\n|t:|1746036986\n|gametype|doubles\n|player|p1|sorecruiser|170|1048\n|player|p2|javi1297|red|1065\n|teamsize|p1|6\n|teamsize|p2|6\n|gen|9\n|tier|[Gen 9] VGC 2025 Reg I (Bo3)\n|rated|\n|rule|Species Clause: Limit one of each Pok\u00e9mon\n|rule|Item Clause: Limit 1 of each item\n|clearpoke\n|poke|p1|Calyrex-Shadow, L50|\n|poke|p1|Whimsicott, L50, F|\n|poke|p1|Rillaboom, L50, M|\n|poke|p1|Koraidon, L50|\n|poke|p1|Farigiraf, L50, M|\n|poke|p1|Chi-Yu, L50|\n|poke|p2|Calyrex-Shadow, L50|\n|poke|p2|Zacian-*, L50|\n|poke|p2|Incineroar, L50, M|\n|poke|p2|Urshifu-*, L50, M|\n|poke|p2|Raging Bolt, L50|\n|poke|p2|Ursaluna-Bloodmoon, L50, M|\n|teampreview|4\n|showteam|p1|Calyrex-Shadow||FocusSash|AsOneSpectrier|AstralBarrage,Psyshock,PollenPuff,Protect||||||50|,,,,,Ghost]Whimsicott||CovertCloak|Prankster|Tailwind,Encore,LightScreen,Moonblast|||F|||50|,,,,,Dark]Rillaboom||AssaultVest|GrassySurge|Uturn,GrassyGlide,WoodHammer,FakeOut|||M|||50|,,,,,Water]Koraidon||ClearAmulet|OrichalcumPulse|FlareBlitz,CollisionCourse,FlameCharge,Protect||||||50|,,,,,Fire]Farigiraf||SafetyGoggles|ArmorTail|PsychicNoise,FoulPlay,HelpingHand,TrickRoom|||M|||50|,,,,,Water]Chi-Yu||ChoiceScarf|BeadsofRuin|Snarl,Overheat,DarkPulse,HeatWave||||||50|,,,,,Ghost\n|showteam|p2|Calyrex-Shadow||FocusSash|AsOneSpectrier|AstralBarrage,Psychic,WillOWisp,Protect||||||50|,,,,,Ghost]Zacian-Crowned||RustedSword|IntrepidSword|behemothblade,PlayRough,SacredSword,Protect||||||50|,,,,,Stellar]Incineroar||SafetyGoggles|Intimidate|FakeOut,KnockOff,PartingShot,FlareBlitz|||M|||50|,,,,,Ghost]Urshifu-Rapid-Strike||ChoiceScarf|UnseenFist|SurgingStrikes,CloseCombat,IceSpinner,Uturn|||M|||50|,,,,,Water]Raging Bolt||AssaultVest|Protosynthesis|Thunderclap,Thunderbolt,DracoMeteor,Snarl||||||50|,,,,,Fairy]Ursaluna-Bloodmoon||ThroatSpray|MindsEye|HyperVoice,BloodMoon,EarthPower,Protect|||M|||50|,,,,,Water\n|inactive|Battle timer is ON: inactive players will automatically lose when time's up. (requested by javi1297)\n|\n|t:|1746037020\n|start\n|switch|p1a: Rillaboom|Rillaboom, L50, M|100/100\n|switch|p1b: Chi-Yu|Chi-Yu, L50|100/100\n|switch|p2a: Raging Bolt|Raging Bolt, L50|100/100\n|switch|p2b: Incineroar|Incineroar, L50, M|100/100\n|-ability|p1b: Chi-Yu|Beads of Ruin\n|-fieldstart|move: Grassy Terrain|[from] ability: Grassy Surge|[of] p1a: Rillaboom\n|-ability|p2b: Incineroar|Intimidate|boost\n|-unboost|p1a: Rillaboom|atk|1\n|-unboost|p1b: Chi-Yu|atk|1\n|turn|1\n|\n|t:|1746037041\n|move|p1a: Rillaboom|Fake Out|p2a: Raging Bolt\n|-damage|p2a: Raging Bolt|93/100\n|move|p1b: Chi-Yu|Snarl|p2b: Incineroar|[spread] p2a,p2b\n|-resisted|p2b: Incineroar\n|-damage|p2a: Raging Bolt|74/100\n|-damage|p2b: Incineroar|88/100\n|-unboost|p2a: Raging Bolt|spa|1\n|-unboost|p2b: Incineroar|spa|1\n|cant|p2a: Raging Bolt|flinch\n|move|p2b: Incineroar|Flare Blitz|p1a: Rillaboom\n|-supereffective|p1a: Rillaboom\n|-damage|p1a: Rillaboom|0 fnt\n|faint|p1a: Rillaboom\n|-damage|p2b: Incineroar|57/100|[from] Recoil\n|\n|-heal|p2a: Raging Bolt|80/100|[from] Grassy Terrain\n|-heal|p2b: Incineroar|63/100|[from] Grassy Terrain\n|upkeep\n|\n|t:|1746037057\n|switch|p1a: Koraidon|Koraidon, L50|100/100\n|-weather|SunnyDay|[from] ability: Orichalcum Pulse|[of] p1a: Koraidon\n|-activate|p2a: Raging Bolt|ability: Protosynthesis\n|-start|p2a: Raging Bolt|protosynthesisspa\n|-activate|p1a: Koraidon|Orichalcum Pulse|[source]\n|turn|2\n|\n|t:|1746037069\n|-terastallize|p1a: Koraidon|Fire\n|move|p1b: Chi-Yu|Snarl|p2b: Incineroar|[spread] p2a\n|-miss|p1b: Chi-Yu|p2b: Incineroar\n|-damage|p2a: Raging Bolt|63/100\n|-unboost|p2a: Raging Bolt|spa|1\n|move|p1a: Koraidon|Flare Blitz|p2b: Incineroar\n|-resisted|p2b: Incineroar\n|-damage|p2b: Incineroar|8/100\n|-damage|p1a: Koraidon|79/100|[from] Recoil\n|move|p2a: Raging Bolt|Draco Meteor|p1a: Koraidon\n|-damage|p1a: Koraidon|16/100\n|-unboost|p2a: Raging Bolt|spa|2\n|move|p2b: Incineroar|Knock Off|p1a: Koraidon\n|-damage|p1a: Koraidon|0 fnt\n|-enditem|p1a: Koraidon|Clear Amulet|[from] move: Knock Off|[of] p2b: Incineroar\n|faint|p1a: Koraidon\n|\n|-weather|SunnyDay|[upkeep]\n|-heal|p2a: Raging Bolt|69/100|[from] Grassy Terrain\n|-heal|p2b: Incineroar|14/100|[from] Grassy Terrain\n|upkeep\n|\n|t:|1746037087\n|switch|p1a: Calyrex|Calyrex-Shadow, L50|100/100\n|-ability|p1a: Calyrex|As One\n|-ability|p1a: Calyrex|Unnerve\n|turn|3\n|\n|t:|1746037094\n|switch|p2b: Ursaluna|Ursaluna-Bloodmoon, L50, M|100/100\n|move|p1b: Chi-Yu|Snarl|p2a: Raging Bolt|[spread] p2a,p2b\n|-damage|p2a: Raging Bolt|49/100\n|-damage|p2b: Ursaluna|71/100\n|-unboost|p2a: Raging Bolt|spa|1\n|-unboost|p2b: Ursaluna|spa|1\n|move|p1a: Calyrex|Astral Barrage|p2b: Ursaluna|[spread] p2a\n|-immune|p2b: Ursaluna\n|-damage|p2a: Raging Bolt|3/100\n|move|p2a: Raging Bolt|Snarl|p1a: Calyrex|[spread] p1a,p1b\n|-supereffective|p1a: Calyrex\n|-resisted|p1b: Chi-Yu\n|-damage|p1a: Calyrex|66/100\n|-damage|p1b: Chi-Yu|97/100\n|-unboost|p1a: Calyrex|spa|1\n|-unboost|p1b: Chi-Yu|spa|1\n|\n|-weather|SunnyDay|[upkeep]\n|-heal|p1b: Chi-Yu|100/100|[from] Grassy Terrain\n|-heal|p1a: Calyrex|73/100|[from] Grassy Terrain\n|-heal|p2a: Raging Bolt|9/100|[from] Grassy Terrain\n|-heal|p2b: Ursaluna|77/100|[from] Grassy Terrain\n|upkeep\n|turn|4\n|\n|t:|1746037115\n|move|p1a: Calyrex|Protect|p1a: Calyrex\n|-singleturn|p1a: Calyrex|Protect\n|move|p2a: Raging Bolt|Thunderclap||[still]\n|-fail|p2a: Raging Bolt\n|move|p1b: Chi-Yu|Snarl|p2b: Ursaluna|[spread] p2a,p2b\n|-damage|p2a: Raging Bolt|0 fnt\n|-damage|p2b: Ursaluna|59/100\n|-unboost|p2b: Ursaluna|spa|1\n|faint|p2a: Raging Bolt\n|-end|p2a: Raging Bolt|Protosynthesis|[silent]\n|move|p2b: Ursaluna|Hyper Voice|p1a: Calyrex|[spread] p1b\n|-activate|p1a: Calyrex|move: Protect\n|-damage|p1b: Chi-Yu|78/100\n|-enditem|p2b: Ursaluna|Throat Spray\n|-boost|p2b: Ursaluna|spa|1|[from] item: Throat Spray\n|\n|-weather|SunnyDay|[upkeep]\n|-heal|p1b: Chi-Yu|84/100|[from] Grassy Terrain\n|-heal|p1a: Calyrex|79/100|[from] Grassy Terrain\n|-heal|p2b: Ursaluna|65/100|[from] Grassy Terrain\n|upkeep\n|\n|t:|1746037119\n|switch|p2a: Incineroar|Incineroar, L50, M|14/100\n|-ability|p2a: Incineroar|Intimidate|boost\n|-unboost|p1a: Calyrex|atk|1\n|-unboost|p1b: Chi-Yu|atk|1\n|turn|5\n|\n|t:|1746037137\n|move|p2a: Incineroar|Fake Out|p1b: Chi-Yu\n|-damage|p1b: Chi-Yu|66/100\n|cant|p1b: Chi-Yu|flinch\n|move|p1a: Calyrex|Astral Barrage|p2a: Incineroar|[spread] p2a\n|-immune|p2b: Ursaluna\n|-resisted|p2a: Incineroar\n|-damage|p2a: Incineroar|0 fnt\n|faint|p2a: Incineroar\n|-ability|p1a: Calyrex|Grim Neigh|boost\n|-boost|p1a: Calyrex|spa|1\n|move|p2b: Ursaluna|Earth Power|p1b: Chi-Yu\n|-supereffective|p1b: Chi-Yu\n|-damage|p1b: Chi-Yu|0 fnt\n|faint|p1b: Chi-Yu\n|\n|-weather|SunnyDay|[upkeep]\n|-heal|p1a: Calyrex|85/100|[from] Grassy Terrain\n|-heal|p2b: Ursaluna|71/100|[from] Grassy Terrain\n|-fieldend|move: Grassy Terrain\n|upkeep\n|\n|t:|1746037144\n|switch|p2a: Zacian|Zacian-Crowned, L50|100/100\n|-ability|p2a: Zacian|Intrepid Sword|boost\n|-boost|p2a: Zacian|atk|1\n|turn|6\n|\n|t:|1746037157\n|-terastallize|p2a: Zacian|Stellar\n|move|p1a: Calyrex|Protect|p1a: Calyrex\n|-singleturn|p1a: Calyrex|Protect\n|move|p2a: Zacian|Behemoth Blade|p1a: Calyrex\n|-activate|p1a: Calyrex|move: Protect\n|move|p2b: Ursaluna|Blood Moon|p1a: Calyrex\n|-activate|p1a: Calyrex|move: Protect\n|\n|-weather|none\n|upkeep\n|turn|7\n|inactive|javi1297 has 30 seconds left.\n|inactive|javi1297 has 20 seconds left.\n|inactive|javi1297 has 15 seconds left.\n|inactive|javi1297 has 10 seconds left.\n|\n|t:|1746037203\n|move|p1a: Calyrex|Astral Barrage|p2b: Ursaluna|[spread] p2a\n|-immune|p2b: Ursaluna\n|-damage|p2a: Zacian|45/100\n|move|p2a: Zacian|Behemoth Blade|p1a: Calyrex\n|-damage|p1a: Calyrex|0 fnt\n|faint|p1a: Calyrex\n|\n|win|javi1297\n|l|\u2606javi1297\n|player|p2|\n", "uploadtime": 1746037209, "views": 24, "formatid": "gen9vgc2025regibo3", "rating": null, "private": 0, "password": null}