{"id": "gen9vgc2025regibo3-2354457255", "format": "[Gen 9] VGC 2025 Reg I (Bo3)", "players": ["TheParasectKing", "KingNeptuno"], "log": "|j|\u2606TheParasectKing\n|j|\u2606KingNeptuno\n|html|<table width=\"100%\"><tr><td align=\"left\">TheParasectKing</td><td align=\"right\">KingNeptuno</tr><tr><td align=\"left\"><i class=\"fa fa-circle-o\"></i> <i class=\"fa fa-circle-o\"></i> </td><td align=\"right\"><i class=\"fa fa-circle-o\"></i> <i class=\"fa fa-circle-o\"></i> </tr></table>\n|uhtml|bestof|<h2><strong>Game 1</strong> of <a href=\"/game-bestof3-gen9vgc2025regibo3-2354457254\">a best-of-3</a></h2>\n|t:|1746074510\n|gametype|doubles\n|player|p1|TheParasectKing|acetrainer-gen4dp|1151\n|player|p2|KingNeptuno|silver|1245\n|teamsize|p1|6\n|teamsize|p2|6\n|gen|9\n|tier|[Gen 9] VGC 2025 Reg I (Bo3)\n|rated|\n|rule|Species Clause: Limit one of each Pok\u00e9mon\n|rule|Item Clause: Limit 1 of each item\n|clearpoke\n|poke|p1|Koraidon, L50|\n|poke|p1|Tornadus, L50, M|\n|poke|p1|Flutter Mane, L50|\n|poke|p1|Zacian-*, L50|\n|poke|p1|Chi-Yu, L50|\n|poke|p1|Walking Wake, L50|\n|poke|p2|Calyrex-Shadow, L50|\n|poke|p2|Lunala, L50|\n|poke|p2|Ogerpon-Cornerstone, L50, F|\n|poke|p2|Rillaboom, L50, M|\n|poke|p2|Incineroar, L50, F|\n|poke|p2|Okidogi, L50, M|\n|teampreview|4\n|showteam|p1|Koraidon||ClearAmulet|OrichalcumPulse|CloseCombat,FlareBlitz,FlameCharge,Protect||||||50|,,,,,Fire]Tornadus||CovertCloak|Prankster|Tailwind,BleakwindStorm,SunnyDay,Protect|||M|||50|,,,,,Dark]Flutter Mane||ChoiceSpecs|Protosynthesis|Moonblast,ShadowBall,DazzlingGleam,Thunderbolt||||||50|,,,,,Dark]Zacian-Crowned||RustedSword|IntrepidSword|behemothblade,PlayRough,SacredSword,Protect||||||50|,,,,,Water]Chi-Yu||FocusSash|BeadsofRuin|HeatWave,DarkPulse,Taunt,Protect||||||50|,,,,,Ghost]Walking Wake||ChoiceScarf|Protosynthesis|HydroSteam,DragonPulse,Snarl,FlipTurn||||||50|,,,,,Grass\n|showteam|p2|Calyrex-Shadow||LifeOrb|AsOneSpectrier|AstralBarrage,Psyshock,NastyPlot,Protect||||||50|,,,,,Water]Lunala||Leftovers|ShadowShield|MoongeistBeam,Moonblast,CalmMind,WideGuard||||||50|,,,,,Fairy]Ogerpon-Cornerstone||CornerstoneMask|Sturdy|IvyCudgel,FollowMe,HornLeech,SpikyShield|||F|||50|,,,,,Rock]Rillaboom||ChoiceBand|GrassySurge|WoodHammer,GrassyGlide,HighHorsepower,Uturn|||M|||50|,,,,,Fire]Incineroar||SafetyGoggles|Intimidate|FakeOut,FlareBlitz,WillOWisp,KnockOff|||F|||50|,,,,,Ghost]Okidogi||AssaultVest|GuardDog|CloseCombat,PoisonJab,KnockOff,UpperHand|||M|||50|,,,,,Dark\n|inactive|Battle timer is ON: inactive players will automatically lose when time's up. (requested by TheParasectKing)\n|inactive|TheParasectKing has 60 seconds left.\n|\n|t:|1746074557\n|start\n|switch|p1a: Tornadus|Tornadus, L50, M|100/100\n|switch|p1b: Koraidon|Koraidon, L50|100/100\n|switch|p2a: Calyrex|Calyrex-Shadow, L50|100/100\n|switch|p2b: Lunala|Lunala, L50|100/100\n|-ability|p2a: Calyrex|As One\n|-ability|p2a: Calyrex|Unnerve\n|-weather|SunnyDay|[from] ability: Orichalcum Pulse|[of] p1b: Koraidon\n|-activate|p1b: Koraidon|Orichalcum Pulse|[source]\n|turn|1\n|inactive|KingNeptuno has 30 seconds left.\n|inactive|KingNeptuno has 20 seconds left.\n|\n|t:|1746074596\n|switch|p2a: Incineroar|Incineroar, L50, F|100/100\n|-ability|p2a: Incineroar|Intimidate|boost\n|-unboost|p1a: Tornadus|atk|1\n|-fail|p1b: Koraidon|unboost|[from] item: Clear Amulet|[of] p1b: Koraidon\n|move|p1b: Koraidon|Protect|p1b: Koraidon\n|-singleturn|p1b: Koraidon|Protect\n|move|p1a: Tornadus|Tailwind|p1a: Tornadus\n|-sidestart|p1: TheParasectKing|move: Tailwind\n|move|p2b: Lunala|Moongeist Beam|p1b: Koraidon\n|-activate|p1b: Koraidon|move: Protect\n|\n|-weather|SunnyDay|[upkeep]\n|upkeep\n|turn|2\n|inactive|TheParasectKing has 30 seconds left.\n|\n|t:|1746074626\n|move|p2a: Incineroar|Fake Out|p1b: Koraidon\n|-damage|p1b: Koraidon|89/100\n|cant|p1b: Koraidon|flinch\n|move|p1a: Tornadus|Bleakwind Storm|p2b: Lunala|[spread] p2a,p2b\n|-damage|p2a: Incineroar|69/100\n|-damage|p2b: Lunala|88/100\n|-unboost|p2a: Incineroar|spe|1\n|move|p2b: Lunala|Moonblast|p1b: Koraidon\n|-supereffective|p1b: Koraidon\n|-damage|p1b: Koraidon|0 fnt\n|faint|p1b: Koraidon\n|\n|-weather|SunnyDay|[upkeep]\n|-heal|p2b: Lunala|93/100|[from] item: Leftovers\n|upkeep\n|\n|t:|1746074636\n|switch|p1b: Flutter Mane|Flutter Mane, L50|100/100\n|-activate|p1b: Flutter Mane|ability: Protosynthesis\n|-start|p1b: Flutter Mane|protosynthesisspe\n|turn|3\n|inactive|KingNeptuno has 30 seconds left.\n|\n|t:|1746074662\n|-terastallize|p1b: Flutter Mane|Dark\n|-terastallize|p2b: Lunala|Fairy\n|move|p1b: Flutter Mane|Moonblast|p2a: Incineroar\n|-damage|p2a: Incineroar|2/100\n|move|p1a: Tornadus|Bleakwind Storm|p2b: Lunala|[spread] p2a\n|-miss|p1a: Tornadus|p2b: Lunala\n|-damage|p2a: Incineroar|0 fnt\n|faint|p2a: Incineroar\n|move|p2b: Lunala|Moongeist Beam|p1b: Flutter Mane\n|-resisted|p1b: Flutter Mane\n|-damage|p1b: Flutter Mane|69/100\n|\n|-weather|SunnyDay|[upkeep]\n|-heal|p2b: Lunala|99/100|[from] item: Leftovers\n|upkeep\n|\n|t:|1746074675\n|switch|p2a: Ogerpon|Ogerpon-Cornerstone, L50, F|100/100\n|turn|4\n|\n|t:|1746074685\n|move|p2b: Lunala|Wide Guard|p2b: Lunala\n|-singleturn|p2b: Lunala|Wide Guard\n|move|p1b: Flutter Mane|Moonblast|p2a: Ogerpon\n|-damage|p2a: Ogerpon|13/100\n|move|p1a: Tornadus|Bleakwind Storm|p2b: Lunala|[spread] \n|-activate|p2a: Ogerpon|move: Wide Guard\n|-activate|p2b: Lunala|move: Wide Guard\n|move|p2a: Ogerpon|Ivy Cudgel|p1b: Flutter Mane|[anim] Ivy Cudgel Rock\n|-damage|p1b: Flutter Mane|0 fnt\n|faint|p1b: Flutter Mane\n|-end|p1b: Flutter Mane|Protosynthesis|[silent]\n|\n|-weather|SunnyDay|[upkeep]\n|-heal|p2b: Lunala|100/100|[from] item: Leftovers\n|-sideend|p1: TheParasectKing|move: Tailwind\n|upkeep\n|\n|t:|1746074690\n|switch|p1b: Zacian|Zacian-Crowned, L50|100/100\n|-ability|p1b: Zacian|Intrepid Sword|boost\n|-boost|p1b: Zacian|atk|1\n|turn|5\n|\n|t:|1746074709\n|move|p2a: Ogerpon|Follow Me|p2a: Ogerpon\n|-singleturn|p2a: Ogerpon|move: Follow Me\n|move|p1b: Zacian|Behemoth Blade|p2a: Ogerpon\n|-supereffective|p2a: Ogerpon\n|-damage|p2a: Ogerpon|0 fnt\n|faint|p2a: Ogerpon\n|move|p1a: Tornadus|Bleakwind Storm|p2b: Lunala|[miss]\n|-miss|p1a: Tornadus|p2b: Lunala\n|move|p2b: Lunala|Moongeist Beam|p1a: Tornadus\n|-damage|p1a: Tornadus|17/100\n|\n|-weather|none\n|upkeep\n|\n|t:|1746074721\n|switch|p2a: Calyrex|Calyrex-Shadow, L50|100/100\n|-ability|p2a: Calyrex|As One\n|-ability|p2a: Calyrex|Unnerve\n|turn|6\n|-message|TheParasectKing forfeited.\n|\n|win|KingNeptuno\n||TheParasectKing is ready for game 2.\n||KingNeptuno is ready for game 2.\n|uhtml|next|Next: <a href=\"/battle-gen9vgc2025regibo3-2354458604\"><strong>Game 2 of 3</strong></a>\n", "uploadtime": 1746074736, "views": 23, "formatid": "gen9vgc2025regibo3", "rating": null, "private": 0, "password": null}