{"id": "gen9vgc2025regibo3-2354843935", "format": "[Gen 9] VGC 2025 Reg I (Bo3)", "players": ["TeamInferno Ted", "ugiiiiii"], "log": "|j|\u2606TeamInferno Ted\n|j|\u2606ugiiiiii\n|html|<table width=\"100%\"><tr><td align=\"left\">TeamInferno Ted</td><td align=\"right\">ugiiiiii</tr><tr><td align=\"left\"><i class=\"fa fa-circle\"></i> <i class=\"fa fa-circle-o\"></i> </td><td align=\"right\"><i class=\"fa fa-circle-o\"></i> <i class=\"fa fa-circle-o\"></i> </tr></table>\n|uhtml|bestof|<h2><strong>Game 2</strong> of <a href=\"/game-bestof3-gen9vgc2025regibo3-2354838996\">a best-of-3</a></h2>\n|t:|1746124639\n|gametype|doubles\n|player|p1|TeamInferno Ted|pokemaniac|1069\n|player|p2|ugiiiiii|winona|1000\n|teamsize|p1|6\n|teamsize|p2|6\n|gen|9\n|tier|[Gen 9] VGC 2025 Reg I (Bo3)\n|rated|\n|rule|Species Clause: Limit one of each Pok\u00e9mon\n|rule|Item Clause: Limit 1 of each item\n|clearpoke\n|poke|p1|Eternatus, L50|\n|poke|p1|Zacian-*, L50|\n|poke|p1|Tornadus, L50, M|\n|poke|p1|Urshifu-*, L50, M|\n|poke|p1|Incineroar, L50, F|\n|poke|p1|Rillaboom, L50, M|\n|poke|p2|Kyogre, L50|\n|poke|p2|Zamazenta-*, L50|\n|poke|p2|Annihilape, L50, M|\n|poke|p2|Rillaboom, L50, F|\n|poke|p2|Indeedee-F, L50, F|\n|poke|p2|Regieleki, L50|\n|teampreview|4\n|showteam|p1|Eternatus||PowerHerb|Pressure|DynamaxCannon,SludgeBomb,MeteorBeam,Protect||||||50|,,,,,Dark]Zacian-Crowned||RustedSword|IntrepidSword|Protect,PlayRough,TeraBlast,behemothblade||||||50|,,,,,Ground]Tornadus||CovertCloak|Prankster|BleakwindStorm,Tailwind,Taunt,RainDance|||M|||50|,,,,,Dark]Urshifu-Rapid-Strike||ChoiceScarf|UnseenFist|SurgingStrikes,CloseCombat,Uturn,AquaJet|||M|||50|,,,,,Water]Incineroar||SafetyGoggles|Intimidate|KnockOff,FakeOut,WillOWisp,PartingShot|||F|||50|,,,,,Ghost]Rillaboom||AssaultVest|GrassySurge|WoodHammer,GrassyGlide,Uturn,FakeOut|||M|||50|,,,,,Fire\n|showteam|p2|Kyogre||Leftovers|Drizzle|OriginPulse,CalmMind,Protect,Thunder||||||50|,,,,,Grass]Zamazenta-Crowned||RustedShield|DauntlessShield|HeavySlam,WideGuard,BodyPress,Protect||||||50|,,,,,Grass]Annihilape||ChoiceScarf|Defiant|FinalGambit,ShadowClaw,CloseCombat,Coaching|||M|||50|,,,,,Grass]Rillaboom||AssaultVest|GrassySurge|GrassyGlide,WoodHammer,FakeOut,Uturn|||F|||50|,,,,,Water]Indeedee-F||PsychicSeed|PsychicSurge|TrickRoom,HelpingHand,FollowMe,Protect|||F|||50|,,,,,Fairy]Regieleki||FocusSash|Transistor|Protect,VoltSwitch,Electroweb,ThunderWave||||||50|,,,,,Electric\n|inactive|Battle timer is ON: inactive players will automatically lose when time's up. (requested by ugiiiiii)\n|\n|t:|1746124688\n|start\n|switch|p1a: Rillaboom|Rillaboom, L50, M, shiny|100/100\n|switch|p1b: Eternatus|Eternatus, L50, shiny|100/100\n|switch|p2a: Regieleki|Regieleki, L50|100/100\n|switch|p2b: Zamazenta|Zamazenta-Crowned, L50|100/100\n|-ability|p1b: Eternatus|Pressure\n|-ability|p2b: Zamazenta|Dauntless Shield|boost\n|-boost|p2b: Zamazenta|def|1\n|-fieldstart|move: Grassy Terrain|[from] ability: Grassy Surge|[of] p1a: Rillaboom\n|turn|1\n|\n|t:|1746124712\n|move|p2a: Regieleki|Protect|p2a: Regieleki\n|-singleturn|p2a: Regieleki|Protect\n|move|p2b: Zamazenta|Protect|p2b: Zamazenta\n|-singleturn|p2b: Zamazenta|Protect\n|move|p1a: Rillaboom|Fake Out|p2a: Regieleki\n|-activate|p2a: Regieleki|move: Protect\n|move|p1b: Eternatus|Meteor Beam||[still]\n|-prepare|p1b: Eternatus|Meteor Beam\n|-boost|p1b: Eternatus|spa|1\n|-enditem|p1b: Eternatus|Power Herb\n|-anim|p1b: Eternatus|Meteor Beam|p2a: Regieleki\n|-activate|p2a: Regieleki|move: Protect\n|\n|upkeep\n|turn|2\n|inactive|TeamInferno Ted has 30 seconds left.\n|\n|t:|1746124737\n|move|p1b: Eternatus|Protect|p1b: Eternatus\n|-singleturn|p1b: Eternatus|Protect\n|move|p2a: Regieleki|Thunder Wave|p1b: Eternatus\n|-activate|p1b: Eternatus|move: Protect\n|move|p2b: Zamazenta|Body Press|p1a: Rillaboom\n|-damage|p1a: Rillaboom|36/100\n|move|p1a: Rillaboom|U-turn|p2a: Regieleki\n|-damage|p2a: Regieleki|61/100\n|\n|t:|1746124755\n|switch|p1a: Urshifu|Urshifu-Rapid-Strike, L50, M|100/100|[from] U-turn\n|\n|-heal|p2a: Regieleki|67/100|[from] Grassy Terrain\n|upkeep\n|turn|3\n|inactive|ugiiiiii has 30 seconds left.\n|inactive|ugiiiiii has 20 seconds left.\n|\n|t:|1746124793\n|move|p2a: Regieleki|Volt Switch|p1a: Urshifu\n|-supereffective|p1a: Urshifu\n|-damage|p1a: Urshifu|0 fnt\n|faint|p1a: Urshifu\n|\n|t:|1746124798\n|switch|p2a: Kyogre|Kyogre, L50|100/100|[from] Volt Switch\n|-weather|RainDance|[from] ability: Drizzle|[of] p2a: Kyogre\n|move|p1b: Eternatus|Meteor Beam||[still]\n|-prepare|p1b: Eternatus|Meteor Beam\n|-boost|p1b: Eternatus|spa|1\n|move|p2b: Zamazenta|Body Press|p1b: Eternatus\n|-resisted|p1b: Eternatus\n|-damage|p1b: Eternatus|73/100\n|\n|-weather|RainDance|[upkeep]\n|-heal|p1b: Eternatus|79/100|[from] Grassy Terrain\n|upkeep\n|\n|t:|1746124814\n|switch|p1a: Rillaboom|Rillaboom, L50, M, shiny|36/100\n|turn|4\n|\n|t:|1746124838\n|move|p2a: Kyogre|Protect|p2a: Kyogre\n|-singleturn|p2a: Kyogre|Protect\n|move|p1a: Rillaboom|Fake Out|p2b: Zamazenta\n|-resisted|p2b: Zamazenta\n|-damage|p2b: Zamazenta|98/100\n|move|p1b: Eternatus|Meteor Beam|p2b: Zamazenta|[from] lockedmove\n|-resisted|p2b: Zamazenta\n|-damage|p2b: Zamazenta|83/100\n|cant|p2b: Zamazenta|flinch\n|\n|-weather|RainDance|[upkeep]\n|-heal|p1b: Eternatus|85/100|[from] Grassy Terrain\n|-heal|p2b: Zamazenta|89/100|[from] Grassy Terrain\n|-heal|p1a: Rillaboom|42/100|[from] Grassy Terrain\n|upkeep\n|turn|5\n|inactive|TeamInferno Ted has 30 seconds left.\n|inactive|ugiiiiii has 30 seconds left.\n|inactive|ugiiiiii has 20 seconds left.\n|inactive|ugiiiiii has 15 seconds left.\n|inactive|ugiiiiii has 10 seconds left.\n|\n|t:|1746124884\n|-terastallize|p2a: Kyogre|Grass\n|move|p1a: Rillaboom|Grassy Glide|p2a: Kyogre\n|-resisted|p2a: Kyogre\n|-crit|p2a: Kyogre\n|-damage|p2a: Kyogre|77/100\n|move|p1b: Eternatus|Dynamax Cannon|p2a: Kyogre\n|-damage|p2a: Kyogre|0 fnt\n|faint|p2a: Kyogre\n|move|p2b: Zamazenta|Body Press|p1a: Rillaboom\n|-damage|p1a: Rillaboom|0 fnt\n|faint|p1a: Rillaboom\n|\n|-weather|RainDance|[upkeep]\n|-heal|p1b: Eternatus|91/100|[from] Grassy Terrain\n|-heal|p2b: Zamazenta|95/100|[from] Grassy Terrain\n|-fieldend|move: Grassy Terrain\n|upkeep\n|\n|t:|1746124904\n|switch|p2a: Regieleki|Regieleki, L50|67/100\n|switch|p1a: Zacian|Zacian-Crowned, L50, shiny|100/100\n|-ability|p1a: Zacian|Intrepid Sword|boost\n|-boost|p1a: Zacian|atk|1\n|turn|6\n|\n|t:|1746124928\n|move|p1a: Zacian|Protect|p1a: Zacian\n|-singleturn|p1a: Zacian|Protect\n|move|p1b: Eternatus|Protect|p1b: Eternatus\n|-singleturn|p1b: Eternatus|Protect\n|move|p2a: Regieleki|Thunder Wave|p1b: Eternatus\n|-activate|p1b: Eternatus|move: Protect\n|move|p2b: Zamazenta|Body Press|p1a: Zacian\n|-activate|p1a: Zacian|move: Protect\n|\n|-weather|RainDance|[upkeep]\n|upkeep\n|turn|7\n|\n|t:|1746124952\n|-terastallize|p1a: Zacian|Ground\n|move|p2b: Zamazenta|Protect|p2b: Zamazenta\n|-singleturn|p2b: Zamazenta|Protect\n|move|p2a: Regieleki|Thunder Wave|p1b: Eternatus\n|-status|p1b: Eternatus|par\n|move|p1a: Zacian|Tera Blast|p2a: Regieleki|[anim] Tera Blast Ground\n|-supereffective|p2a: Regieleki\n|-damage|p2a: Regieleki|0 fnt\n|faint|p2a: Regieleki\n|move|p1b: Eternatus|Dynamax Cannon|p2b: Zamazenta\n|-activate|p2b: Zamazenta|move: Protect\n|\n|-weather|none\n|upkeep\n|\n|t:|1746124966\n|switch|p2a: Annihilape|Annihilape, L50, M|100/100\n|turn|8\n|inactive|ugiiiiii has 30 seconds left.\n|inactive|ugiiiiii has 20 seconds left.\n|inactive|ugiiiiii has 15 seconds left.\n|\n|t:|1746125007\n|move|p1b: Eternatus|Protect|p1b: Eternatus\n|-singleturn|p1b: Eternatus|Protect\n|move|p2a: Annihilape|Final Gambit|p1b: Eternatus\n|-activate|p1b: Eternatus|move: Protect\n|move|p1a: Zacian|Play Rough|p2a: Annihilape\n|-supereffective|p2a: Annihilape\n|-damage|p2a: Annihilape|0 fnt\n|faint|p2a: Annihilape\n|move|p2b: Zamazenta|Body Press|p1a: Zacian\n|-damage|p1a: Zacian|42/100\n|\n|upkeep\n|turn|9\n|\n|t:|1746125025\n|move|p1a: Zacian|Tera Blast|p2b: Zamazenta|[anim] Tera Blast Ground\n|-supereffective|p2b: Zamazenta\n|-damage|p2b: Zamazenta|52/100\n|move|p2b: Zamazenta|Body Press|p1a: Zacian\n|-damage|p1a: Zacian|0 fnt\n|faint|p1a: Zacian\n|move|p1b: Eternatus|Dynamax Cannon|p2b: Zamazenta\n|-resisted|p2b: Zamazenta\n|-damage|p2b: Zamazenta|14/100\n|\n|upkeep\n|turn|10\n|-message|ugiiiiii forfeited.\n|\n|win|TeamInferno Ted\n|raw|TeamInferno Ted's rating: 1069 &rarr; <strong>1093</strong><br />(+24 for winning)\n|raw|ugiiiiii's rating: 1000 &rarr; <strong>1000</strong><br />(+0 for losing)\n|l|\u2606ugiiiiii\n|player|p2|\n|j|\u2606ugiiiiii\n|player|p2|ugiiiiii|winona|\n", "uploadtime": 1746125062, "views": 5, "formatid": "gen9vgc2025regibo3", "rating": 1000, "private": 0, "password": null}