{"id": "gen9vgc2025regibo3-2354854689", "format": "[Gen 9] VGC 2025 Reg I (Bo3)", "players": ["frncee", "Malgooee"], "log": "|j|\u2606frncee\n|j|\u203dMalgooee\n|html|<table width=\"100%\"><tr><td align=\"left\">frncee</td><td align=\"right\">Malgooee</tr><tr><td align=\"left\"><i class=\"fa fa-circle\"></i> <i class=\"fa fa-circle-o\"></i> </td><td align=\"right\"><i class=\"fa fa-circle-o\"></i> <i class=\"fa fa-circle-o\"></i> </tr></table>\n|uhtml|bestof|<h2><strong>Game 2</strong> of <a href=\"/game-bestof3-gen9vgc2025regibo3-2354850769\">a best-of-3</a></h2>\n|t:|1746125587\n|gametype|doubles\n|player|p1|frncee|ash-alola|1082\n|player|p2|Malgooee|harlequin|1022\n|teamsize|p1|6\n|teamsize|p2|6\n|gen|9\n|tier|[Gen 9] VGC 2025 Reg I (Bo3)\n|rated|\n|rule|Species Clause: Limit one of each Pok\u00e9mon\n|rule|Item Clause: Limit 1 of each item\n|clearpoke\n|poke|p1|Terapagos, L50, M|\n|poke|p1|Calyrex-Shadow, L50|\n|poke|p1|Grimmsnarl, L50, M|\n|poke|p1|Incineroar, L50, F|\n|poke|p1|Amoonguss, L50, M|\n|poke|p1|Ogerpon-Cornerstone, L50, F|\n|poke|p2|Calyrex-Shadow, L50|\n|poke|p2|Ursaluna, L50, M|\n|poke|p2|Ninetales, L50, F|\n|poke|p2|Rillaboom, L50, M|\n|poke|p2|Zamazenta-*, L50|\n|poke|p2|Whimsicott, L50, F|\n|teampreview|4\n|showteam|p1|Terapagos||Leftovers|TeraShift|TeraStarstorm,EarthPower,CalmMind,Protect|||M|||50|,,,,,Stellar]Calyrex-Shadow||FocusSash|AsOneSpectrier|AstralBarrage,Disable,WillOWisp,Protect||||||50|,,,,,Ghost]Grimmsnarl||LightClay|Prankster|LightScreen,Reflect,ThunderWave,SpiritBreak|||M|||50|,,,,,Ghost]Incineroar||SafetyGoggles|Intimidate|FakeOut,KnockOff,PartingShot,HelpingHand|||F|||50|,,,,,Bug]Amoonguss||RockyHelmet|Regenerator|RagePowder,Spore,PollenPuff,Protect|||M|||50|,,,,,Water]Ogerpon-Cornerstone||CornerstoneMask|Sturdy|IvyCudgel,FollowMe,PowerWhip,SpikyShield|||F|||50|,,,,,Rock\n|showteam|p2|Calyrex-Shadow||ClearAmulet|AsOneSpectrier|Protect,AstralBarrage,Disable,ExpandingForce||||||50|,,,,,Fairy]Ursaluna||FlameOrb|Guts|Facade,HelpingHand,Protect,HeadlongRush|||M|||50|,,,,,Water]Ninetales||ChoiceScarf|Drought|HeatWave,WillOWisp,Overheat,EnergyBall|||F|||50|,,,,,Fire]Rillaboom||AssaultVest|GrassySurge|GrassyGlide,Uturn,FakeOut,KnockOff|||M|||50|,,,,,Fire]Zamazenta-Crowned||RustedShield|DauntlessShield|BodyPress,WideGuard,Protect,behemothbash||||||50|,,,,,Fighting]Whimsicott||FocusSash|Prankster|Tailwind,GrassyTerrain,CottonGuard|||F|||50|,,,,,Ghost\n|inactive|Battle timer is ON: inactive players will automatically lose when time's up. (requested by frncee)\n|inactive|Malgooee also wants the timer to be on.\n|\n|t:|1746125612\n|start\n|switch|p1a: Terapagos|Terapagos, L50, M|100/100\n|switch|p1b: Grimmsnarl|Grimmsnarl, L50, M, shiny|100/100\n|switch|p2a: Ursaluna|Ursaluna, L50, M, shiny|100/100\n|switch|p2b: Ninetales|Ninetales, L50, F|100/100\n|-activate|p1a: Terapagos|ability: Tera Shift\n|detailschange|p1a: Terapagos|Terapagos-Terastal, L50, M\n|-heal|p1a: Terapagos|100/100|[silent]\n|-weather|SunnyDay|[from] ability: Drought|[of] p2b: Ninetales\n|turn|1\n|inactive|Malgooee has 30 seconds left.\n|inactive|Malgooee has 20 seconds left.\n|\n|t:|1746125650\n|switch|p1a: Incineroar|Incineroar, L50, F|100/100\n|-ability|p1a: Incineroar|Intimidate|boost\n|-unboost|p2a: Ursaluna|atk|1\n|-unboost|p2b: Ninetales|atk|1\n|-terastallize|p2b: Ninetales|Fire\n|move|p1b: Grimmsnarl|Thunder Wave|p2b: Ninetales\n|-status|p2b: Ninetales|par\n|move|p2b: Ninetales|Heat Wave|p1a: Incineroar|[spread] p1a,p1b\n|-resisted|p1a: Incineroar\n|-damage|p1a: Incineroar|72/100\n|-damage|p1b: Grimmsnarl|46/100\n|move|p2a: Ursaluna|Headlong Rush|p1b: Grimmsnarl\n|-crit|p1b: Grimmsnarl\n|-damage|p1b: Grimmsnarl|0 fnt\n|-unboost|p2a: Ursaluna|def|1\n|-unboost|p2a: Ursaluna|spd|1\n|faint|p1b: Grimmsnarl\n|\n|-weather|SunnyDay|[upkeep]\n|-status|p2a: Ursaluna|brn|[from] item: Flame Orb\n|upkeep\n|\n|t:|1746125668\n|switch|p1b: Terapagos|Terapagos-Terastal, L50, M|100/100\n|turn|2\n|\n|t:|1746125694\n|switch|p2a: Calyrex|Calyrex-Shadow, L50|100/100\n|-ability|p2a: Calyrex|As One\n|-ability|p2a: Calyrex|Unnerve\n|move|p1a: Incineroar|Fake Out|p2a: Calyrex\n|-immune|p2a: Calyrex\n|cant|p2b: Ninetales|par\n|move|p1b: Terapagos|Earth Power|p2b: Ninetales\n|-supereffective|p2b: Ninetales\n|-damage|p2b: Ninetales|32/100 par\n|\n|-weather|SunnyDay|[upkeep]\n|upkeep\n|turn|3\n|inactive|frncee has 30 seconds left.\n|inactive|Malgooee has 30 seconds left.\n|inactive|frncee has 20 seconds left.\n|inactive|Malgooee has 20 seconds left.\n|\n|t:|1746125731\n|switch|p2a: Ursaluna|Ursaluna, L50, M, shiny|100/100 brn\n|move|p2b: Ninetales|Heat Wave|p1a: Incineroar|[spread] p1a,p1b\n|-resisted|p1a: Incineroar\n|-activate|p1b: Terapagos|ability: Tera Shell\n|-resisted|p1b: Terapagos\n|-damage|p1a: Incineroar|44/100\n|-damage|p1b: Terapagos|73/100\n|move|p1b: Terapagos|Calm Mind|p1b: Terapagos\n|-boost|p1b: Terapagos|spa|1\n|-boost|p1b: Terapagos|spd|1\n|move|p1a: Incineroar|Knock Off|p2a: Ursaluna\n|-damage|p2a: Ursaluna|72/100 brn\n|-enditem|p2a: Ursaluna|Flame Orb|[from] move: Knock Off|[of] p1a: Incineroar\n|\n|-weather|SunnyDay|[upkeep]\n|-heal|p1b: Terapagos|79/100|[from] item: Leftovers\n|-damage|p2a: Ursaluna|66/100 brn|[from] brn\n|upkeep\n|turn|4\n|inactive|frncee has 30 seconds left.\n|\n|t:|1746125765\n|move|p1b: Terapagos|Protect|p1b: Terapagos\n|-singleturn|p1b: Terapagos|Protect\n|cant|p2b: Ninetales|par\n|move|p1a: Incineroar|Parting Shot|p2a: Ursaluna\n|-unboost|p2a: Ursaluna|atk|1\n|-unboost|p2a: Ursaluna|spa|1\n|\n|t:|1746125771\n|switch|p1a: Calyrex|Calyrex-Shadow, L50|100/100|[from] Parting Shot\n|-ability|p1a: Calyrex|As One\n|-ability|p1a: Calyrex|Unnerve\n|move|p2a: Ursaluna|Headlong Rush|p1a: Calyrex\n|-damage|p1a: Calyrex|18/100\n|-unboost|p2a: Ursaluna|def|1\n|-unboost|p2a: Ursaluna|spd|1\n|\n|-weather|SunnyDay|[upkeep]\n|-heal|p1b: Terapagos|85/100|[from] item: Leftovers\n|-damage|p2a: Ursaluna|60/100 brn|[from] brn\n|upkeep\n|turn|5\n|\n|t:|1746125795\n|move|p2a: Ursaluna|Protect|p2a: Ursaluna\n|-singleturn|p2a: Ursaluna|Protect\n|move|p1a: Calyrex|Astral Barrage|p2b: Ninetales|[spread] p2b\n|-activate|p2a: Ursaluna|move: Protect\n|-damage|p2b: Ninetales|0 fnt\n|faint|p2b: Ninetales\n|-ability|p1a: Calyrex|Grim Neigh|boost\n|-boost|p1a: Calyrex|spa|1\n|move|p1b: Terapagos|Calm Mind|p1b: Terapagos\n|-boost|p1b: Terapagos|spa|1\n|-boost|p1b: Terapagos|spd|1\n|\n|-weather|none\n|-heal|p1b: Terapagos|92/100|[from] item: Leftovers\n|-damage|p2a: Ursaluna|54/100 brn|[from] brn\n|upkeep\n|\n|t:|1746125812\n|switch|p2b: Zamazenta|Zamazenta-Crowned, L50|100/100\n|-ability|p2b: Zamazenta|Dauntless Shield|boost\n|-boost|p2b: Zamazenta|def|1\n|turn|6\n|inactive|frncee has 30 seconds left.\n|\n|t:|1746125844\n|move|p1b: Terapagos|Protect|p1b: Terapagos\n|-singleturn|p1b: Terapagos|Protect\n|move|p2b: Zamazenta|Wide Guard|p2b: Zamazenta\n|-singleturn|p2b: Zamazenta|Wide Guard\n|move|p1a: Calyrex|Will-O-Wisp|p2b: Zamazenta\n|-status|p2b: Zamazenta|brn\n|move|p2a: Ursaluna|Headlong Rush|p1a: Calyrex\n|-damage|p1a: Calyrex|0 fnt\n|-unboost|p2a: Ursaluna|def|1\n|-unboost|p2a: Ursaluna|spd|1\n|faint|p1a: Calyrex\n|\n|-heal|p1b: Terapagos|98/100|[from] item: Leftovers\n|-damage|p2b: Zamazenta|94/100 brn|[from] brn\n|-damage|p2a: Ursaluna|48/100 brn|[from] brn\n|upkeep\n|\n|t:|1746125859\n|switch|p1a: Incineroar|Incineroar, L50, F|44/100\n|-ability|p1a: Incineroar|Intimidate|boost\n|-unboost|p2a: Ursaluna|atk|1\n|-unboost|p2b: Zamazenta|atk|1\n|turn|7\n|\n|t:|1746125874\n|move|p2b: Zamazenta|Wide Guard|p2b: Zamazenta\n|-singleturn|p2b: Zamazenta|Wide Guard\n|move|p1a: Incineroar|Fake Out|p2b: Zamazenta\n|-resisted|p2b: Zamazenta\n|-damage|p2b: Zamazenta|92/100 brn\n|move|p1b: Terapagos|Tera Starstorm|p2a: Ursaluna\n|-damage|p2a: Ursaluna|0 fnt\n|faint|p2a: Ursaluna\n|\n|-heal|p1b: Terapagos|100/100|[from] item: Leftovers\n|-damage|p2b: Zamazenta|86/100 brn|[from] brn\n|upkeep\n|\n|t:|1746125887\n|switch|p2a: Calyrex|Calyrex-Shadow, L50|100/100\n|-ability|p2a: Calyrex|As One\n|-ability|p2a: Calyrex|Unnerve\n|turn|8\n|\n|t:|1746125906\n|move|p1a: Incineroar|Helping Hand|p1b: Terapagos\n|-singleturn|p1b: Terapagos|Helping Hand|[of] p1a: Incineroar\n|move|p2b: Zamazenta|Protect|p2b: Zamazenta\n|-singleturn|p2b: Zamazenta|Protect\n|move|p2a: Calyrex|Astral Barrage|p1a: Incineroar|[spread] p1a\n|-immune|p1b: Terapagos\n|-resisted|p1a: Incineroar\n|-damage|p1a: Incineroar|20/100\n|move|p1b: Terapagos|Earth Power|p2b: Zamazenta\n|-activate|p2b: Zamazenta|move: Protect\n|\n|-damage|p2b: Zamazenta|80/100 brn|[from] brn\n|upkeep\n|turn|9\n|inactive|frncee has 30 seconds left.\n|inactive|Malgooee has 30 seconds left.\n|\n|t:|1746125934\n|-terastallize|p1a: Incineroar|Bug\n|move|p2a: Calyrex|Disable|p1b: Terapagos\n|-start|p1b: Terapagos|Disable|Earth Power\n|move|p2b: Zamazenta|Body Press|p1a: Incineroar\n|-resisted|p1a: Incineroar\n|-damage|p1a: Incineroar|9/100\n|cant|p1b: Terapagos|Disable|Earth Power\n|move|p1a: Incineroar|Knock Off|p2a: Calyrex\n|-supereffective|p2a: Calyrex\n|-damage|p2a: Calyrex|0 fnt\n|-enditem|p2a: Calyrex|Clear Amulet|[from] move: Knock Off|[of] p1a: Incineroar\n|faint|p2a: Calyrex\n|\n|-damage|p2b: Zamazenta|74/100 brn|[from] brn\n|upkeep\n|turn|10\n|-message|Malgooee forfeited.\n|\n|win|frncee\n|raw|frncee's rating: 1082 &rarr; <strong>1105</strong><br />(+23 for winning)\n|raw|Malgooee's rating: 1022 &rarr; <strong>1011</strong><br />(-11 for losing)\n|l|\u203dMalgooee\n|player|p2|\n", "uploadtime": 1746125982, "views": 5, "formatid": "gen9vgc2025regibo3", "rating": 1011, "private": 0, "password": null}