{"id": "gen9vgc2025regibo3-2354809533", "format": "[Gen 9] VGC 2025 Reg I (Bo3)", "players": ["ihateursh", "justtestingforVGC"], "log": "|j|\u2606ihateursh\n|j|\u2606justtestingforVGC\n|html|<table width=\"100%\"><tr><td align=\"left\">ihateursh</td><td align=\"right\">justtestingforVGC</tr><tr><td align=\"left\"><i class=\"fa fa-circle-o\"></i> <i class=\"fa fa-circle-o\"></i> </td><td align=\"right\"><i class=\"fa fa-circle-o\"></i> <i class=\"fa fa-circle-o\"></i> </tr></table>\n|uhtml|bestof|<h2><strong>Game 1</strong> of <a href=\"/game-bestof3-gen9vgc2025regibo3-2354809531\">a best-of-3</a></h2>\n|t:|1746121655\n|gametype|doubles\n|player|p1|ihateursh|101|1092\n|player|p2|justtestingforVGC|steven|1018\n|teamsize|p1|6\n|teamsize|p2|6\n|gen|9\n|tier|[Gen 9] VGC 2025 Reg I (Bo3)\n|rated|\n|rule|Species Clause: Limit one of each Pok\u00e9mon\n|rule|Item Clause: Limit 1 of each item\n|clearpoke\n|poke|p1|Zacian-*, L50|\n|poke|p1|Kyogre, L50|\n|poke|p1|Grimmsnarl, L50, M|\n|poke|p1|Urshifu-*, L50, F|\n|poke|p1|Incineroar, L50, M|\n|poke|p1|Amoonguss, L50, M|\n|poke|p2|Kyogre, L50|\n|poke|p2|Espathra, L50, M|\n|poke|p2|Indeedee-F, L50, F|\n|poke|p2|Eternatus, L50|\n|poke|p2|Urshifu-*, L50, F|\n|poke|p2|Incineroar, L50, M|\n|teampreview|4\n|showteam|p1|Zacian-Crowned||RustedSword|IntrepidSword|behemothblade,PlayRough,SacredSword,Protect||||||50|,,,,,Stellar]Kyogre||Leftovers|Drizzle|CalmMind,OriginPulse,IceBeam,Protect||||||50|,,,,,Grass]Grimmsnarl||LightClay|Prankster|FoulPlay,LightScreen,Reflect,ThunderWave|||M|||50|,,,,,Ghost]Urshifu-Rapid-Strike||ChoiceScarf|UnseenFist|SurgingStrikes,CloseCombat,Uturn,RockTomb|||F|||50|,,,,,Water]Incineroar||SafetyGoggles|Intimidate|FakeOut,KnockOff,PartingShot,FlareBlitz|||M|||50|,,,,,Ghost]Amoonguss||RockyHelmet|Regenerator|Spore,RagePowder,Protect,PollenPuff|||M|||50|,,,,,Water\n|showteam|p2|Kyogre||ChoiceScarf|Drizzle|WaterSpout,IceBeam,Thunder,OriginPulse||||||50|,,,,,Water]Espathra||TwistedSpoon|SpeedBoost|Protect,LuminaCrash,SkillSwap,Substitute|||M|||50|,,,,,Psychic]Indeedee-F||PsychicSeed|PsychicSurge|DazzlingGleam,HelpingHand,FollowMe,HealingWish|||F|||50|,,,,,Grass]Eternatus||Leftovers|Pressure|Protect,CosmicPower,SludgeBomb,Flamethrower||||||50|,,,,,Fire]Urshifu-Rapid-Strike||FocusSash|UnseenFist|Protect,SurgingStrikes,AquaJet,CloseCombat|||F|||50|,,,,,Water]Incineroar||SafetyGoggles|Intimidate|KnockOff,PartingShot,WillOWisp,FakeOut|||M|||50|,,,,,Ghost\n|inactive|Battle timer is ON: inactive players will automatically lose when time's up. (requested by justtestingforVGC)\n|inactive|justtestingforVGC has 60 seconds left.\n|inactive|justtestingforVGC has 30 seconds left.\n|inactive|justtestingforVGC has 20 seconds left.\n|inactive|justtestingforVGC has 15 seconds left.\n|inactive|justtestingforVGC has 10 seconds left.\n|\n|t:|1746121738\n|start\n|switch|p1a: Grimmsnarl|Grimmsnarl, L50, M|100/100\n|switch|p1b: Kyogre|Kyogre, L50|100/100\n|switch|p2a: Kyogre|Kyogre, L50|100/100\n|switch|p2b: Urshifu|Urshifu-Rapid-Strike, L50, F|100/100\n|-weather|RainDance|[from] ability: Drizzle|[of] p2a: Kyogre\n|turn|1\n|\n|t:|1746121762\n|switch|p2a: Espathra|Espathra, L50, M|100/100\n|-terastallize|p1b: Kyogre|Grass\n|move|p1a: Grimmsnarl|Light Screen|p1a: Grimmsnarl\n|-sidestart|p1: ihateursh|move: Light Screen\n|move|p2b: Urshifu|Surging Strikes|p1a: Grimmsnarl\n|-crit|p1a: Grimmsnarl\n|-damage|p1a: Grimmsnarl|62/100\n|-crit|p1a: Grimmsnarl\n|-damage|p1a: Grimmsnarl|28/100\n|-crit|p1a: Grimmsnarl\n|-damage|p1a: Grimmsnarl|0 fnt\n|faint|p1a: Grimmsnarl\n|-hitcount|p1: Grimmsnarl|3\n|move|p1b: Kyogre|Calm Mind|p1b: Kyogre\n|-boost|p1b: Kyogre|spa|1\n|-boost|p1b: Kyogre|spd|1\n|\n|-weather|RainDance|[upkeep]\n|upkeep\n|\n|t:|1746121773\n|switch|p1a: Urshifu|Urshifu-Rapid-Strike, L50, F|100/100\n|turn|2\n|inactive|justtestingforVGC has 30 seconds left.\n|\n|t:|1746121798\n|switch|p2a: Eternatus|Eternatus, L50|100/100\n|-ability|p2a: Eternatus|Pressure\n|move|p1a: Urshifu|Surging Strikes|p2a: Eternatus\n|-resisted|p2a: Eternatus\n|-crit|p2a: Eternatus\n|-damage|p2a: Eternatus|89/100\n|-resisted|p2a: Eternatus\n|-crit|p2a: Eternatus\n|-damage|p2a: Eternatus|75/100\n|-resisted|p2a: Eternatus\n|-crit|p2a: Eternatus\n|-damage|p2a: Eternatus|62/100\n|-hitcount|p2a: Eternatus|3\n|move|p2b: Urshifu|Close Combat|p1b: Kyogre\n|-damage|p1b: Kyogre|35/100\n|-unboost|p2b: Urshifu|def|1\n|-unboost|p2b: Urshifu|spd|1\n|move|p1b: Kyogre|Origin Pulse|p2b: Urshifu|[spread] p2a\n|-miss|p1b: Kyogre|p2b: Urshifu\n|-resisted|p2a: Eternatus\n|-damage|p2a: Eternatus|20/100\n|\n|-weather|RainDance|[upkeep]\n|-heal|p2a: Eternatus|26/100|[from] item: Leftovers\n|-heal|p1b: Kyogre|41/100|[from] item: Leftovers\n|upkeep\n|turn|3\n|inactive|ihateursh has 30 seconds left.\n|inactive|ihateursh has 20 seconds left.\n|inactive|ihateursh has 15 seconds left.\n|inactive|ihateursh has 10 seconds left.\n|\n|t:|1746121848\n|-terastallize|p2b: Urshifu|Water\n|move|p1a: Urshifu|Surging Strikes|p2b: Urshifu\n|-resisted|p2b: Urshifu\n|-crit|p2b: Urshifu\n|-damage|p2b: Urshifu|78/100\n|-resisted|p2b: Urshifu\n|-crit|p2b: Urshifu\n|-damage|p2b: Urshifu|52/100\n|-resisted|p2b: Urshifu\n|-crit|p2b: Urshifu\n|-damage|p2b: Urshifu|26/100\n|-hitcount|p2b: Urshifu|3\n|move|p2b: Urshifu|Surging Strikes|p1b: Kyogre\n|-resisted|p1b: Kyogre\n|-crit|p1b: Kyogre\n|-damage|p1b: Kyogre|18/100\n|-resisted|p1b: Kyogre\n|-crit|p1b: Kyogre\n|-damage|p1b: Kyogre|0 fnt\n|faint|p1b: Kyogre\n|-hitcount|p1: Kyogre|2\n|move|p2a: Eternatus|Sludge Bomb|p1a: Urshifu\n|-damage|p1a: Urshifu|41/100\n|\n|-weather|RainDance|[upkeep]\n|-heal|p2a: Eternatus|32/100|[from] item: Leftovers\n|upkeep\n|\n|t:|1746121851\n|switch|p1b: Zacian|Zacian-Crowned, L50, shiny|100/100\n|-ability|p1b: Zacian|Intrepid Sword|boost\n|-boost|p1b: Zacian|atk|1\n|turn|4\n|inactive|justtestingforVGC has 30 seconds left.\n|\n|t:|1746121880\n|move|p1a: Urshifu|Surging Strikes|p2b: Urshifu\n|-resisted|p2b: Urshifu\n|-crit|p2b: Urshifu\n|-damage|p2b: Urshifu|0 fnt\n|faint|p2b: Urshifu\n|-hitcount|p2: Urshifu|1\n|move|p1b: Zacian|Play Rough|p2a: Eternatus\n|-damage|p2a: Eternatus|0 fnt\n|faint|p2a: Eternatus\n|\n|-weather|RainDance|[upkeep]\n|upkeep\n|\n|t:|1746121883\n|switch|p2b: Espathra|Espathra, L50, M|100/100\n|switch|p2a: Kyogre|Kyogre, L50|100/100\n|turn|5\n|\n|t:|1746121893\n|move|p2a: Kyogre|Thunder|p1a: Urshifu\n|-supereffective|p1a: Urshifu\n|-damage|p1a: Urshifu|0 fnt\n|faint|p1a: Urshifu\n|move|p1b: Zacian|Play Rough|p2a: Kyogre\n|-damage|p2a: Kyogre|15/100\n|move|p2b: Espathra|Lumina Crash|p1b: Zacian\n|-resisted|p1b: Zacian\n|-damage|p1b: Zacian|88/100\n|-unboost|p1b: Zacian|spd|2\n|\n|-weather|none\n|-ability|p2b: Espathra|Speed Boost|boost\n|-boost|p2b: Espathra|spe|1\n|upkeep\n|turn|6\n|\n|t:|1746121908\n|move|p2b: Espathra|Lumina Crash|p1b: Zacian\n|-resisted|p1b: Zacian\n|-damage|p1b: Zacian|63/100\n|-unboost|p1b: Zacian|spd|2\n|move|p2a: Kyogre|Thunder|p1b: Zacian|[miss]\n|-miss|p2a: Kyogre|p1b: Zacian\n|move|p1b: Zacian|Play Rough|p2a: Kyogre\n|-damage|p2a: Kyogre|0 fnt\n|faint|p2a: Kyogre\n|\n|-ability|p2b: Espathra|Speed Boost|boost\n|-boost|p2b: Espathra|spe|1\n|upkeep\n|turn|7\n|\n|t:|1746121920\n|move|p2b: Espathra|Protect|p2b: Espathra\n|-singleturn|p2b: Espathra|Protect\n|move|p1b: Zacian|Play Rough|p2b: Espathra\n|-activate|p2b: Espathra|move: Protect\n|\n|-ability|p2b: Espathra|Speed Boost|boost\n|-boost|p2b: Espathra|spe|1\n|upkeep\n|turn|8\n|\n|t:|1746121924\n|move|p2b: Espathra|Substitute|p2b: Espathra\n|-start|p2b: Espathra|Substitute\n|-damage|p2b: Espathra|75/100\n|move|p1b: Zacian|Play Rough|p2b: Espathra\n|-end|p2b: Espathra|Substitute\n|\n|-sideend|p1: ihateursh|move: Light Screen\n|-ability|p2b: Espathra|Speed Boost|boost\n|-boost|p2b: Espathra|spe|1\n|upkeep\n|turn|9\n|\n|t:|1746121935\n|move|p2b: Espathra|Lumina Crash|p1b: Zacian\n|-resisted|p1b: Zacian\n|-damage|p1b: Zacian|12/100\n|-unboost|p1b: Zacian|spd|2\n|move|p1b: Zacian|Play Rough|p2b: Espathra|[miss]\n|-miss|p1b: Zacian|p2b: Espathra\n|\n|-ability|p2b: Espathra|Speed Boost|boost\n|-boost|p2b: Espathra|spe|1\n|upkeep\n|turn|10\n|\n|t:|1746121941\n|move|p2b: Espathra|Lumina Crash|p1b: Zacian\n|-resisted|p1b: Zacian\n|-damage|p1b: Zacian|0 fnt\n|faint|p1b: Zacian\n|\n|win|justtestingforVGC\n||ihateursh is ready for game 2.\n||justtestingforVGC is ready for game 2.\n|uhtml|next|Next: <a href=\"/battle-gen9vgc2025regibo3-2354812961\"><strong>Game 2 of 3</strong></a>\n|l|\u2606justtestingforVGC\n|player|p2|\n", "uploadtime": 1746122074, "views": 5, "formatid": "gen9vgc2025regibo3", "rating": null, "private": 0, "password": null}