{"id": "gen9vgc2025regibo3-2354067168", "format": "[Gen 9] VGC 2025 Reg I (Bo3)", "players": ["Squirrelsarge", "mavvyvgc"], "log": "|j|\u2606Squirrelsarge\n|j|\u2606mavvyvgc\n|html|<table width=\"100%\"><tr><td align=\"left\">Squirrelsarge</td><td align=\"right\">mavvyvgc</tr><tr><td align=\"left\"><i class=\"fa fa-circle-o\"></i> <i class=\"fa fa-circle-o\"></i> </td><td align=\"right\"><i class=\"fa fa-circle-o\"></i> <i class=\"fa fa-circle-o\"></i> </tr></table>\n|uhtml|bestof|<h2><strong>Game 1</strong> of <a href=\"/game-bestof3-gen9vgc2025regibo3-2354067166\">a best-of-3</a></h2>\n|t:|1746032024\n|gametype|doubles\n|player|p1|Squirrelsarge|265|1087\n|player|p2|mavvyvgc|riley|1074\n|teamsize|p1|6\n|teamsize|p2|6\n|gen|9\n|tier|[Gen 9] VGC 2025 Reg I (Bo3)\n|rated|\n|rule|Species Clause: Limit one of each Pok\u00e9mon\n|rule|Item Clause: Limit 1 of each item\n|clearpoke\n|poke|p1|Calyrex-Shadow, L50|\n|poke|p1|Kyogre, L50|\n|poke|p1|Barraskewda, L50, M|\n|poke|p1|Chi-Yu, L50|\n|poke|p1|Tornadus, L50, M|\n|poke|p1|Clefairy, L50, M|\n|poke|p2|Calyrex-Shadow, L50|\n|poke|p2|Kyurem, L50|\n|poke|p2|Slowking, L50, F|\n|poke|p2|Ninetales-Alola, L50, M|\n|poke|p2|Tornadus, L50, M|\n|poke|p2|Incineroar, L50, M|\n|teampreview|4\n|showteam|p1|Calyrex-Shadow||FocusSash|AsOneSpectrier|AstralBarrage,GrassKnot,Psyshock,Protect||||||50|,,,,,Fairy]Kyogre||Leftovers|Drizzle|CalmMind,WaterSpout,IceBeam,Protect||||||50|,,,,,Grass]Barraskewda||ChoiceBand|SwiftSwim|PoisonJab,NightSlash,Waterfall,DrillRun|||M|||50|,,,,,Ground]Chi-Yu||AssaultVest|BeadsofRuin|Snarl,HeatWave,TeraBlast,Flamethrower||||||50|,,,,,Water]Tornadus||CovertCloak|Prankster|Tailwind,BleakwindStorm,RainDance,Protect|||M|||50|,,,,,Electric]Clefairy||Eviolite|FriendGuard|HealPulse,HelpingHand,Protect,NightShade|||M|||50|,,,,,Fire\n|showteam|p2|Calyrex-Shadow||FocusSash|AsOneSpectrier|DarkPulse,AstralBarrage,NastyPlot,Protect||||||50|,,,,,Dark]Kyurem||NeverMeltIce|Pressure|DracoMeteor,Protect,Glaciate,Blizzard||||||50|,,,,,Fire]Slowking||RockyHelmet|Oblivious|Psychic,TrickRoom,ChillyReception,HydroPump|||F|||50|,,,,,Water]Ninetales-Alola||LifeOrb|SnowWarning|Moonblast,FreezeDry,Blizzard,Protect|||M|||50|,,,,,Electric]Tornadus||CovertCloak|Prankster|Tailwind,WeatherBall,Protect,Snowscape|||M|||50|,,,,,Dark]Incineroar||AssaultVest|Intimidate|FakeOut,KnockOff,FlareBlitz,Uturn|||M|||50|,,,,,Fire\n|\n|t:|1746032108\n|start\n|switch|p1a: Kyogre|Kyogre, L50|100/100\n|switch|p1b: Clefairy|Clefairy, L50, M|100/100\n|switch|p2a: Slowking|Slowking, L50, F|100/100\n|switch|p2b: Ninetales|Ninetales-Alola, L50, M|100/100\n|-weather|Snowscape|[from] ability: Snow Warning|[of] p2b: Ninetales\n|-weather|RainDance|[from] ability: Drizzle|[of] p1a: Kyogre\n|turn|1\n|\n|t:|1746032137\n|move|p2b: Ninetales|Protect|p2b: Ninetales\n|-singleturn|p2b: Ninetales|Protect\n|move|p1a: Kyogre|Calm Mind|p1a: Kyogre\n|-boost|p1a: Kyogre|spa|1\n|-boost|p1a: Kyogre|spd|1\n|move|p1b: Clefairy|Night Shade|p2a: Slowking\n|-damage|p2a: Slowking|76/100\n|move|p2a: Slowking|Trick Room|p2a: Slowking\n|-fieldstart|move: Trick Room|[of] p2a: Slowking\n|\n|-weather|RainDance|[upkeep]\n|upkeep\n|turn|2\n|\n|t:|1746032169\n|move|p1b: Clefairy|Protect|p1b: Clefairy\n|-singleturn|p1b: Clefairy|Protect\n|move|p2a: Slowking|Psychic|p1a: Kyogre\n|-damage|p1a: Kyogre|90/100\n|move|p1a: Kyogre|Calm Mind|p1a: Kyogre\n|-boost|p1a: Kyogre|spa|1\n|-boost|p1a: Kyogre|spd|1\n|move|p2b: Ninetales|Freeze-Dry|p1a: Kyogre\n|-supereffective|p1a: Kyogre\n|-damage|p1a: Kyogre|73/100\n|-damage|p2b: Ninetales|91/100|[from] item: Life Orb\n|\n|-weather|RainDance|[upkeep]\n|-heal|p1a: Kyogre|79/100|[from] item: Leftovers\n|upkeep\n|turn|3\n|\n|t:|1746032194\n|-prepare|p2a: Slowking|Chilly Reception|[premajor]\n|move|p2a: Slowking|Chilly Reception|p2a: Slowking\n|-weather|Snowscape\n|\n|t:|1746032198\n|switch|p2a: Kyurem|Kyurem, L50|100/100|[from] Chilly Reception\n|-ability|p2a: Kyurem|Pressure\n|move|p1b: Clefairy|Heal Pulse|p1a: Kyogre\n|-heal|p1a: Kyogre|100/100\n|move|p1a: Kyogre|Calm Mind|p1a: Kyogre\n|-boost|p1a: Kyogre|spa|1\n|-boost|p1a: Kyogre|spd|1\n|move|p2b: Ninetales|Freeze-Dry|p1a: Kyogre\n|-supereffective|p1a: Kyogre\n|-damage|p1a: Kyogre|86/100\n|-damage|p2b: Ninetales|82/100|[from] item: Life Orb\n|\n|-weather|Snowscape|[upkeep]\n|-heal|p1a: Kyogre|92/100|[from] item: Leftovers\n|upkeep\n|turn|4\n|\n|t:|1746032238\n|move|p1b: Clefairy|Night Shade|p2b: Ninetales\n|-damage|p2b: Ninetales|48/100\n|move|p1a: Kyogre|Ice Beam|p2a: Kyurem\n|-damage|p2a: Kyurem|25/100\n|move|p2a: Kyurem|Blizzard|p1a: Kyogre|[spread] p1a,p1b\n|-resisted|p1a: Kyogre\n|-damage|p1a: Kyogre|87/100\n|-damage|p1b: Clefairy|52/100\n|move|p2b: Ninetales|Freeze-Dry|p1a: Kyogre\n|-supereffective|p1a: Kyogre\n|-crit|p1a: Kyogre\n|-damage|p1a: Kyogre|36/100\n|-damage|p2b: Ninetales|38/100|[from] item: Life Orb\n|\n|-weather|Snowscape|[upkeep]\n|-heal|p1a: Kyogre|42/100|[from] item: Leftovers\n|upkeep\n|turn|5\n|\n|t:|1746032274\n|move|p2a: Kyurem|Protect|p2a: Kyurem\n|-singleturn|p2a: Kyurem|Protect\n|move|p2b: Ninetales|Protect|p2b: Ninetales\n|-singleturn|p2b: Ninetales|Protect\n|move|p1b: Clefairy|Heal Pulse|p1a: Kyogre\n|-heal|p1a: Kyogre|92/100\n|move|p1a: Kyogre|Water Spout|p2a: Kyurem|[spread] \n|-activate|p2a: Kyurem|move: Protect\n|-activate|p2b: Ninetales|move: Protect\n|\n|-weather|Snowscape|[upkeep]\n|-heal|p1a: Kyogre|98/100|[from] item: Leftovers\n|-fieldend|move: Trick Room\n|upkeep\n|turn|6\n|\n|t:|1746032295\n|move|p1b: Clefairy|Helping Hand|p1a: Kyogre\n|-singleturn|p1a: Kyogre|Helping Hand|[of] p1b: Clefairy\n|move|p2b: Ninetales|Freeze-Dry|p1a: Kyogre\n|-supereffective|p1a: Kyogre\n|-damage|p1a: Kyogre|84/100\n|-damage|p2b: Ninetales|29/100|[from] item: Life Orb\n|move|p2a: Kyurem|Draco Meteor|p1a: Kyogre\n|-damage|p1a: Kyogre|70/100\n|-unboost|p2a: Kyurem|spa|2\n|move|p1a: Kyogre|Water Spout|p2b: Ninetales|[spread] p2a,p2b\n|-resisted|p2a: Kyurem\n|-damage|p2a: Kyurem|0 fnt\n|-damage|p2b: Ninetales|0 fnt\n|faint|p2a: Kyurem\n|faint|p2b: Ninetales\n|\n|-weather|Snowscape|[upkeep]\n|-heal|p1a: Kyogre|76/100|[from] item: Leftovers\n|upkeep\n|\n|t:|1746032313\n|switch|p2b: Slowking|Slowking, L50, F|76/100\n|switch|p2a: Calyrex|Calyrex-Shadow, L50|100/100\n|-ability|p2a: Calyrex|As One\n|-ability|p2a: Calyrex|Unnerve\n|turn|7\n|\n|t:|1746032339\n|-terastallize|p2b: Slowking|Water\n|move|p1b: Clefairy|Helping Hand|p1a: Kyogre\n|-singleturn|p1a: Kyogre|Helping Hand|[of] p1b: Clefairy\n|move|p2a: Calyrex|Astral Barrage|p1b: Clefairy|[spread] p1a,p1b\n|-damage|p1a: Kyogre|65/100\n|-damage|p1b: Clefairy|5/100\n|move|p1a: Kyogre|Water Spout|p2a: Calyrex|[spread] p2a,p2b\n|-resisted|p2b: Slowking\n|-enditem|p2a: Calyrex|Focus Sash\n|-damage|p2a: Calyrex|1/100\n|-damage|p2b: Slowking|6/100\n|move|p2b: Slowking|Psychic|p1a: Kyogre\n|-damage|p1a: Kyogre|58/100\n|\n|-weather|none\n|-heal|p1a: Kyogre|63/100|[from] item: Leftovers\n|upkeep\n|turn|8\n|\n|t:|1746032364\n|move|p1b: Clefairy|Protect|p1b: Clefairy\n|-singleturn|p1b: Clefairy|Protect\n|move|p2a: Calyrex|Astral Barrage|p1b: Clefairy|[spread] p1a\n|-activate|p1b: Clefairy|move: Protect\n|-damage|p1a: Kyogre|54/100\n|move|p1a: Kyogre|Water Spout|p2b: Slowking|[spread] p2a,p2b\n|-resisted|p2b: Slowking\n|-damage|p2a: Calyrex|0 fnt\n|-damage|p2b: Slowking|0 fnt\n|faint|p2a: Calyrex\n|faint|p2b: Slowking\n|\n|win|Squirrelsarge\n||mavvyvgc is ready for game 2.\n|inactive|Squirrelsarge has 30 seconds to confirm battle start!\n||Squirrelsarge is ready for game 2.\n|uhtml|next|Next: <a href=\"/battle-gen9vgc2025regibo3-2354071183\"><strong>Game 2 of 3</strong></a>\n", "uploadtime": 1746032774, "views": 20, "formatid": "gen9vgc2025regibo3", "rating": null, "private": 0, "password": null}