{"id": "gen9vgc2025regibo3-2354915985", "format": "[Gen 9] VGC 2025 Reg I (Bo3)", "players": ["Scrunks", "LunaSunChris"], "log": "|j|\u2606Scrunks\n|j|\u2606LunaSunChris\n|html|<table width=\"100%\"><tr><td align=\"left\">Scrunks</td><td align=\"right\">LunaSunChris</tr><tr><td align=\"left\"><i class=\"fa fa-circle-o\"></i> <i class=\"fa fa-circle-o\"></i> </td><td align=\"right\"><i class=\"fa fa-circle-o\"></i> <i class=\"fa fa-circle-o\"></i> </tr></table>\n|uhtml|bestof|<h2><strong>Game 1</strong> of <a href=\"/game-bestof3-gen9vgc2025regibo3-2354915984\">a best-of-3</a></h2>\n|t:|1746131408\n|gametype|doubles\n|player|p1|Scrunks|169|1144\n|player|p2|LunaSunChris|rood|1207\n|teamsize|p1|6\n|teamsize|p2|6\n|gen|9\n|tier|[Gen 9] VGC 2025 Reg I (Bo3)\n|rated|\n|rule|Species Clause: Limit one of each Pok\u00e9mon\n|rule|Item Clause: Limit 1 of each item\n|clearpoke\n|poke|p1|Zekrom, L50|\n|poke|p1|Miraidon, L50|\n|poke|p1|Farigiraf, L50, F|\n|poke|p1|Incineroar, L50, F|\n|poke|p1|Iron Hands, L50|\n|poke|p1|Grimmsnarl, L50, M|\n|poke|p2|Groudon, L50|\n|poke|p2|Lunala, L50|\n|poke|p2|Incineroar, L50, F|\n|poke|p2|Alcremie-Matcha-Cream, L50, F|\n|poke|p2|Walking Wake, L50|\n|poke|p2|Rillaboom, L50, F|\n|teampreview|4\n|showteam|p1|Zekrom||ClearAmulet|Teravolt|BoltStrike,DragonClaw,DragonDance,DualWingbeat||||||50|,,,,,Electric]Miraidon||ChoiceScarf|HadronEngine|ElectroDrift,DracoMeteor,VoltSwitch,DazzlingGleam||||||50|,,,,,Fairy]Farigiraf||ElectricSeed|ArmorTail|BatonPass,FoulPlay,TrickRoom,HelpingHand|||F|||50|,,,,,Grass]Incineroar||SafetyGoggles|Intimidate|KnockOff,FlareBlitz,PartingShot,FakeOut|||F|||50|,,,,,Ghost]Iron Hands||AssaultVest|QuarkDrive|LowKick,DrainPunch,WildCharge,FakeOut||||||50|,,,,,Water]Grimmsnarl||LightClay|Prankster|SpiritBreak,LightScreen,Reflect,ThunderWave|||M|||50|,,,,,Ghost\n|showteam|p2|Groudon||ClearAmulet|Drought|PrecipiceBlades,HeatCrash,StompingTantrum,Protect||||||50|,,,,,Fire]Lunala||PowerHerb|ShadowShield|MoongeistBeam,MeteorBeam,WideGuard,TrickRoom||||||50|,,,,,Fairy]Incineroar||SafetyGoggles|Intimidate|KnockOff,FakeOut,FlareBlitz,PartingShot|||F|||50|,,,,,Ghost]Alcremie-Matcha-Cream||CovertCloak|SweetVeil|DazzlingGleam,Decorate,LightScreen,Encore|||F|||50|,,,,,Water]Walking Wake||LifeOrb|Protosynthesis|WeatherBall,HydroSteam,DracoMeteor,Protect||||||50|,,,,,Fire]Rillaboom||AssaultVest|GrassySurge|FakeOut,GrassyGlide,Uturn,WoodHammer|||F|||50|,,,,,Fire\n|\n|t:|1746131453\n|start\n|switch|p1a: Zekrom|Zekrom, L50|100/100\n|switch|p1b: Miraidon|Miraidon, L50|100/100\n|switch|p2a: Lunala|Lunala, L50|100/100\n|switch|p2b: Rillaboom|Rillaboom, L50, F|100/100\n|-fieldstart|move: Electric Terrain|[from] ability: Hadron Engine|[of] p1b: Miraidon\n|-ability|p1a: Zekrom|Teravolt\n|-fieldstart|move: Grassy Terrain|[from] ability: Grassy Surge|[of] p2b: Rillaboom\n|turn|1\n|j| miniat\n|\n|t:|1746131473\n|switch|p1b: Incineroar|Incineroar, L50, F|100/100\n|-ability|p1b: Incineroar|Intimidate|boost\n|-unboost|p2a: Lunala|atk|1\n|-unboost|p2b: Rillaboom|atk|1\n|move|p2b: Rillaboom|Fake Out|p1b: Incineroar\n|-damage|p1b: Incineroar|93/100\n|move|p1a: Zekrom|Dragon Dance|p1a: Zekrom\n|-boost|p1a: Zekrom|atk|1\n|-boost|p1a: Zekrom|spe|1\n|move|p2a: Lunala|Trick Room|p2a: Lunala\n|-fieldstart|move: Trick Room|[of] p2a: Lunala\n|\n|-heal|p1b: Incineroar|99/100|[from] Grassy Terrain\n|upkeep\n|turn|2\n|c| miniat|its the only other guy running groudon lunala holy\n|\n|t:|1746131509\n|switch|p1b: Grimmsnarl|Grimmsnarl, L50, M|100/100\n|switch|p2a: Groudon|Groudon, L50|100/100\n|-weather|SunnyDay|[from] ability: Drought|[of] p2a: Groudon\n|move|p2b: Rillaboom|U-turn|p1b: Grimmsnarl\n|-damage|p1b: Grimmsnarl|87/100\n|\n|t:|1746131516\n|switch|p2b: Lunala|Lunala, L50|100/100|[from] U-turn\n|move|p1a: Zekrom|Dragon Claw|p2b: Lunala\n|-damage|p2b: Lunala|72/100\n|\n|-weather|SunnyDay|[upkeep]\n|-heal|p1b: Grimmsnarl|93/100|[from] Grassy Terrain\n|-heal|p2b: Lunala|78/100|[from] Grassy Terrain\n|upkeep\n|turn|3\n|\n|t:|1746131532\n|-terastallize|p1a: Zekrom|Electric\n|move|p1b: Grimmsnarl|Reflect|p1b: Grimmsnarl\n|-sidestart|p1: Scrunks|Reflect\n|move|p2a: Groudon|Precipice Blades|p1b: Grimmsnarl|[spread] p1a,p1b\n|-supereffective|p1a: Zekrom\n|-damage|p1a: Zekrom|44/100\n|-damage|p1b: Grimmsnarl|63/100\n|move|p2b: Lunala|Meteor Beam||[still]\n|-prepare|p2b: Lunala|Meteor Beam\n|-boost|p2b: Lunala|spa|1\n|-enditem|p2b: Lunala|Power Herb\n|-anim|p2b: Lunala|Meteor Beam|p1b: Grimmsnarl\n|-damage|p1b: Grimmsnarl|0 fnt\n|faint|p1b: Grimmsnarl\n|move|p1a: Zekrom|Bolt Strike|p2b: Lunala|[miss]\n|-miss|p1a: Zekrom|p2b: Lunala\n|\n|-weather|SunnyDay|[upkeep]\n|-heal|p2b: Lunala|85/100|[from] Grassy Terrain\n|-heal|p1a: Zekrom|50/100|[from] Grassy Terrain\n|upkeep\n|\n|t:|1746131547\n|switch|p1b: Incineroar|Incineroar, L50, F|99/100\n|-ability|p1b: Incineroar|Intimidate|boost\n|-fail|p2a: Groudon|unboost|[from] item: Clear Amulet|[of] p2a: Groudon\n|-unboost|p2b: Lunala|atk|1\n|turn|4\n|\n|t:|1746131571\n|-terastallize|p2b: Lunala|Fairy\n|move|p1b: Incineroar|Fake Out|p2a: Groudon\n|-damage|p2a: Groudon|93/100\n|cant|p2a: Groudon|flinch\n|move|p2b: Lunala|Meteor Beam||[still]\n|-prepare|p2b: Lunala|Meteor Beam\n|-boost|p2b: Lunala|spa|1\n|move|p1a: Zekrom|Bolt Strike|p2b: Lunala\n|-damage|p2b: Lunala|0 fnt\n|faint|p2b: Lunala\n|\n|-weather|SunnyDay|[upkeep]\n|-heal|p1b: Incineroar|100/100|[from] Grassy Terrain\n|-heal|p2a: Groudon|99/100|[from] Grassy Terrain\n|-heal|p1a: Zekrom|57/100|[from] Grassy Terrain\n|upkeep\n|\n|t:|1746131586\n|switch|p2b: Rillaboom|Rillaboom, L50, F|100/100\n|turn|5\n|\n|t:|1746131618\n|move|p1b: Incineroar|Flare Blitz|p2b: Rillaboom\n|-supereffective|p2b: Rillaboom\n|-damage|p2b: Rillaboom|0 fnt\n|faint|p2b: Rillaboom\n|-damage|p1b: Incineroar|67/100|[from] Recoil\n|move|p2a: Groudon|Precipice Blades|p1a: Zekrom|[spread] p1a,p1b\n|-supereffective|p1a: Zekrom\n|-supereffective|p1b: Incineroar\n|-damage|p1a: Zekrom|0 fnt\n|-damage|p1b: Incineroar|4/100\n|faint|p1a: Zekrom\n|\n|-weather|SunnyDay|[upkeep]\n|-heal|p1b: Incineroar|10/100|[from] Grassy Terrain\n|-heal|p2a: Groudon|100/100|[from] Grassy Terrain\n|-fieldend|move: Trick Room\n|-fieldend|move: Grassy Terrain\n|upkeep\n|\n|t:|1746131627\n|switch|p1a: Miraidon|Miraidon, L50|100/100\n|switch|p2b: Walking Wake|Walking Wake, L50|100/100\n|-fieldstart|move: Electric Terrain|[from] ability: Hadron Engine|[of] p1a: Miraidon\n|-activate|p2b: Walking Wake|ability: Protosynthesis\n|-start|p2b: Walking Wake|protosynthesisspe\n|turn|6\n|\n|t:|1746131639\n|move|p1a: Miraidon|Dazzling Gleam|p2a: Groudon|[spread] p2a,p2b\n|-supereffective|p2b: Walking Wake\n|-damage|p2a: Groudon|74/100\n|-damage|p2b: Walking Wake|38/100\n|move|p2b: Walking Wake|Draco Meteor|p1a: Miraidon\n|-supereffective|p1a: Miraidon\n|-damage|p1a: Miraidon|0 fnt\n|-unboost|p2b: Walking Wake|spa|2\n|faint|p1a: Miraidon\n|-damage|p2b: Walking Wake|28/100|[from] item: Life Orb\n|move|p2a: Groudon|Stomping Tantrum|p1b: Incineroar\n|-supereffective|p1b: Incineroar\n|-damage|p1b: Incineroar|0 fnt\n|faint|p1b: Incineroar\n|\n|win|LunaSunChris\n|inactive|Scrunks has 30 seconds to confirm battle start!\n|inactive|LunaSunChris has 30 seconds to confirm battle start!\n||Scrunks is ready for game 2.\n|inactive|LunaSunChris has 20 seconds to confirm battle start!\n||LunaSunChris is ready for game 2.\n|uhtml|next|Next: <a href=\"/battle-gen9vgc2025regibo3-2354918518\"><strong>Game 2 of 3</strong></a>\n|l|\u2606Scrunks\n|player|p1|\n", "uploadtime": 1746131654, "views": 8, "formatid": "gen9vgc2025regibo3", "rating": null, "private": 0, "password": null}