{"id": "gen9vgc2025regibo3-2354476616", "format": "[Gen 9] VGC 2025 Reg I (Bo3)", "players": ["pagos figher", "Sanchez_Experts"], "log": "|j|\u2606pagos figher\n|j|\u2606Sanchez_Experts\n|html|<table width=\"100%\"><tr><td align=\"left\">pagos figher</td><td align=\"right\">Sanchez_Experts</tr><tr><td align=\"left\"><i class=\"fa fa-circle-o\"></i> <i class=\"fa fa-circle-o\"></i> </td><td align=\"right\"><i class=\"fa fa-circle-o\"></i> <i class=\"fa fa-circle-o\"></i> </tr></table>\n|uhtml|bestof|<h2><strong>Game 1</strong> of <a href=\"/game-bestof3-gen9vgc2025regibo3-2354476615\">a best-of-3</a></h2>\n|t:|1746077912\n|gametype|doubles\n|player|p1|pagos figher|ingo|1179\n|player|p2|Sanchez_Experts|cynthia-masters|1131\n|teamsize|p1|6\n|teamsize|p2|6\n|gen|9\n|tier|[Gen 9] VGC 2025 Reg I (Bo3)\n|rated|\n|rule|Species Clause: Limit one of each Pok\u00e9mon\n|rule|Item Clause: Limit 1 of each item\n|clearpoke\n|poke|p1|Calyrex-Ice, L50|\n|poke|p1|Ursaluna, L50, M|\n|poke|p1|Ogerpon-Wellspring, L50, F|\n|poke|p1|Miraidon, L50|\n|poke|p1|Iron Hands, L50|\n|poke|p1|Iron Valiant, L50|\n|poke|p2|Calyrex-Shadow, L50|\n|poke|p2|Terapagos, L50, M|\n|poke|p2|Raging Bolt, L50|\n|poke|p2|Volcarona, L50, M|\n|poke|p2|Rillaboom, L50, F|\n|poke|p2|Flutter Mane, L50|\n|teampreview|4\n|showteam|p1|Calyrex-Ice||ClearAmulet|AsOneGlastrier|GlacialLance,HighHorsepower,Imprison,TrickRoom||||||50|,,,,,Dragon]Ursaluna||FlameOrb|Guts|Facade,Earthquake,HeadlongRush,Protect|||M|||50|,,,,,Fairy]Ogerpon-Wellspring||WellspringMask|WaterAbsorb|IvyCudgel,WoodHammer,Taunt,FollowMe|||F|||50|,,,,,Water]Miraidon||ChoiceSpecs|HadronEngine|DazzlingGleam,VoltSwitch,ElectroDrift,DracoMeteor||||||50|,,,,,Fairy]Iron Hands||AssaultVest|QuarkDrive|FakeOut,LowKick,DrainPunch,WildCharge||||||50|,,,,,Bug]Iron Valiant||FocusSash|QuarkDrive|SpiritBreak,Coaching,WideGuard,Encore||||||50|,,,,,Steel\n|showteam|p2|Calyrex-Shadow||FocusSash|AsOneSpectrier|AstralBarrage,Psychic,NastyPlot,Protect||||||50|,,,,,Dark]Terapagos||Leftovers|TeraShift|TeraStarstorm,EarthPower,CalmMind,Protect|||M|||50|,,,,,Stellar]Raging Bolt||AssaultVest|Protosynthesis|Thunderclap,DracoMeteor,Electroweb,VoltSwitch||||||50|,,,,,Electric]Volcarona||RockyHelmet|FlameBody|FieryDance,RagePowder,QuiverDance,Tailwind|||M|||50|,,,,,Water]Rillaboom||CovertCloak|GrassySurge|GrassyGlide,WoodHammer,FakeOut,Uturn|||F|||50|,,,,,Fire]Flutter Mane||BoosterEnergy|Protosynthesis|IcyWind,Moonblast,Taunt,Protect||||||50|,,,,,Fairy\n|inactive|Battle timer is ON: inactive players will automatically lose when time's up. (requested by pagos figher)\n|inactive|Sanchez_Experts has 60 seconds left.\n|\n|t:|1746077958\n|start\n|switch|p1a: Calyrex|Calyrex-Ice, L50|100/100\n|switch|p1b: Iron Hands|Iron Hands, L50|100/100\n|switch|p2a: Calyrex|Calyrex-Shadow, L50|100/100\n|switch|p2b: Flutter Mane|Flutter Mane, L50|100/100\n|-ability|p2a: Calyrex|As One\n|-ability|p2a: Calyrex|Unnerve\n|-ability|p1a: Calyrex|As One\n|-ability|p1a: Calyrex|Unnerve\n|-enditem|p2b: Flutter Mane|Booster Energy\n|-activate|p2b: Flutter Mane|ability: Protosynthesis|[fromitem]\n|-start|p2b: Flutter Mane|protosynthesisspe\n|turn|1\n|inactive|pagos figher has 30 seconds left.\n|\n|t:|1746077990\n|-end|p1b: Iron Hands|Quark Drive|[silent]\n|switch|p1b: Ursaluna|Ursaluna, L50, M|100/100\n|move|p2b: Flutter Mane|Taunt|p1a: Calyrex\n|-start|p1a: Calyrex|move: Taunt\n|move|p2a: Calyrex|Astral Barrage|p1a: Calyrex|[spread] p1a\n|-immune|p1b: Ursaluna\n|-supereffective|p1a: Calyrex\n|-damage|p1a: Calyrex|30/100\n|move|p1a: Calyrex|Glacial Lance|p2b: Flutter Mane|[spread] p2a,p2b\n|-damage|p2a: Calyrex|23/100\n|-damage|p2b: Flutter Mane|0 fnt\n|faint|p2b: Flutter Mane\n|-end|p2b: Flutter Mane|Protosynthesis|[silent]\n|-ability|p1a: Calyrex|Chilling Neigh|boost\n|-boost|p1a: Calyrex|atk|1\n|\n|-status|p1b: Ursaluna|brn|[from] item: Flame Orb\n|upkeep\n|\n|t:|1746078004\n|switch|p2b: Rillaboom|Rillaboom, L50, F|100/100\n|-fieldstart|move: Grassy Terrain|[from] ability: Grassy Surge|[of] p2b: Rillaboom\n|turn|2\n|\n|t:|1746078027\n|move|p1b: Ursaluna|Protect|p1b: Ursaluna\n|-singleturn|p1b: Ursaluna|Protect\n|move|p2b: Rillaboom|Fake Out|p1b: Ursaluna\n|-activate|p1b: Ursaluna|move: Protect\n|move|p2a: Calyrex|Astral Barrage|p1a: Calyrex|[spread] p1a\n|-activate|p1b: Ursaluna|move: Protect\n|-supereffective|p1a: Calyrex\n|-damage|p1a: Calyrex|0 fnt\n|faint|p1a: Calyrex\n|-ability|p2a: Calyrex|Grim Neigh|boost\n|-boost|p2a: Calyrex|spa|1\n|\n|-heal|p2a: Calyrex|29/100|[from] Grassy Terrain\n|-damage|p1b: Ursaluna|94/100 brn|[from] brn\n|upkeep\n|\n|t:|1746078040\n|switch|p1a: Iron Hands|Iron Hands, L50|100/100\n|turn|3\n|\n|t:|1746078064\n|-terastallize|p1a: Iron Hands|Bug\n|move|p2a: Calyrex|Protect|p2a: Calyrex\n|-singleturn|p2a: Calyrex|Protect\n|move|p1a: Iron Hands|Fake Out|p2b: Rillaboom\n|-damage|p2b: Rillaboom|85/100\n|move|p2b: Rillaboom|Grassy Glide|p1b: Ursaluna\n|-supereffective|p1b: Ursaluna\n|-damage|p1b: Ursaluna|44/100 brn\n|move|p1b: Ursaluna|Earthquake|p2b: Rillaboom|[spread] p1a,p2b\n|-activate|p2a: Calyrex|move: Protect\n|-resisted|p1a: Iron Hands\n|-resisted|p2b: Rillaboom\n|-damage|p1a: Iron Hands|89/100\n|-damage|p2b: Rillaboom|69/100\n|\n|-heal|p2a: Calyrex|34/100|[from] Grassy Terrain\n|-heal|p2b: Rillaboom|75/100|[from] Grassy Terrain\n|-heal|p1a: Iron Hands|95/100|[from] Grassy Terrain\n|-heal|p1b: Ursaluna|50/100 brn|[from] Grassy Terrain\n|-damage|p1b: Ursaluna|44/100 brn|[from] brn\n|upkeep\n|turn|4\n|inactive|pagos figher has 30 seconds left.\n|\n|t:|1746078090\n|move|p1b: Ursaluna|Protect|p1b: Ursaluna\n|-singleturn|p1b: Ursaluna|Protect\n|move|p2b: Rillaboom|Grassy Glide|p1b: Ursaluna\n|-activate|p1b: Ursaluna|move: Protect\n|move|p2a: Calyrex|Astral Barrage|p1b: Ursaluna|[spread] p1a\n|-activate|p1b: Ursaluna|move: Protect\n|-damage|p1a: Iron Hands|53/100\n|move|p1a: Iron Hands|Drain Punch|p2b: Rillaboom\n|-damage|p2b: Rillaboom|29/100\n|-heal|p1a: Iron Hands|74/100|[from] drain|[of] p2b: Rillaboom\n|\n|-heal|p2a: Calyrex|40/100|[from] Grassy Terrain\n|-heal|p2b: Rillaboom|35/100|[from] Grassy Terrain\n|-heal|p1b: Ursaluna|50/100 brn|[from] Grassy Terrain\n|-heal|p1a: Iron Hands|80/100|[from] Grassy Terrain\n|-damage|p1b: Ursaluna|44/100 brn|[from] brn\n|upkeep\n|turn|5\n|\n|t:|1746078110\n|-end|p1a: Iron Hands|Quark Drive|[silent]\n|switch|p1a: Miraidon|Miraidon, L50|100/100\n|-fieldstart|move: Electric Terrain|[from] ability: Hadron Engine|[of] p1a: Miraidon\n|move|p2a: Calyrex|Astral Barrage|p1b: Ursaluna|[spread] p1a\n|-immune|p1b: Ursaluna\n|-damage|p1a: Miraidon|23/100\n|move|p2b: Rillaboom|Grassy Glide|p1b: Ursaluna\n|-supereffective|p1b: Ursaluna\n|-damage|p1b: Ursaluna|2/100 brn\n|move|p1b: Ursaluna|Facade|p2b: Rillaboom\n|-damage|p2b: Rillaboom|0 fnt\n|faint|p2b: Rillaboom\n|\n|-damage|p1b: Ursaluna|0 fnt|[from] brn\n|faint|p1b: Ursaluna\n|upkeep\n|\n|t:|1746078122\n|switch|p2b: Terapagos|Terapagos, L50, M|100/100\n|switch|p1b: Iron Hands|Iron Hands, L50, tera:Bug|80/100\n|-activate|p2b: Terapagos|ability: Tera Shift\n|detailschange|p2b: Terapagos|Terapagos-Terastal, L50, M\n|-heal|p2b: Terapagos|100/100|[silent]\n|-activate|p1b: Iron Hands|ability: Quark Drive\n|-start|p1b: Iron Hands|quarkdriveatk\n|turn|6\n|\n|t:|1746078138\n|move|p2a: Calyrex|Protect|p2a: Calyrex\n|-singleturn|p2a: Calyrex|Protect\n|move|p2b: Terapagos|Protect|p2b: Terapagos\n|-singleturn|p2b: Terapagos|Protect\n|move|p1a: Miraidon|Electro Drift|p2b: Terapagos\n|-activate|p2b: Terapagos|move: Protect\n|move|p1b: Iron Hands|Wild Charge|p2a: Calyrex\n|-activate|p2a: Calyrex|move: Protect\n|\n|upkeep\n|turn|7\n|\n|t:|1746078157\n|move|p2a: Calyrex|Astral Barrage|p1b: Iron Hands|[spread] p1a,p1b\n|-damage|p1a: Miraidon|0 fnt\n|-damage|p1b: Iron Hands|34/100\n|faint|p1a: Miraidon\n|-ability|p2a: Calyrex|Grim Neigh|boost\n|-boost|p2a: Calyrex|spa|1\n|move|p2b: Terapagos|Tera Starstorm|p1b: Iron Hands\n|-damage|p1b: Iron Hands|5/100\n|move|p1b: Iron Hands|Drain Punch|p2b: Terapagos\n|-activate|p2b: Terapagos|ability: Tera Shell\n|-resisted|p2b: Terapagos\n|-damage|p2b: Terapagos|76/100\n|-heal|p1b: Iron Hands|16/100|[from] drain|[of] p2b: Terapagos\n|\n|-heal|p2b: Terapagos|82/100|[from] item: Leftovers\n|upkeep\n|turn|8\n|\n|t:|1746078170\n|move|p2a: Calyrex|Astral Barrage|p1b: Iron Hands\n|-damage|p1b: Iron Hands|0 fnt\n|faint|p1b: Iron Hands\n|-end|p1b: Iron Hands|Quark Drive|[silent]\n|\n|win|Sanchez_Experts\n||Sanchez_Experts is ready for game 2.\n||pagos figher is ready for game 2.\n|uhtml|next|Next: <a href=\"/battle-gen9vgc2025regibo3-2354478026\"><strong>Game 2 of 3</strong></a>\n|l|\u2606pagos figher\n|player|p1|\n|l|\u2606Sanchez_Experts\n|player|p2|\n", "uploadtime": 1746078566, "views": 8, "formatid": "gen9vgc2025regibo3", "rating": null, "private": 0, "password": null}