{"id": "gen9vgc2025regibo3-2354439241", "format": "[Gen 9] VGC 2025 Reg I (Bo3)", "players": ["aefrmm", "sorecruiser"], "log": "|j|\u2606aefrmm\n|j|\u2606sorecruiser\n|html|<table width=\"100%\"><tr><td align=\"left\">aefrmm</td><td align=\"right\">sorecruiser</tr><tr><td align=\"left\"><i class=\"fa fa-circle-o\"></i> <i class=\"fa fa-circle-o\"></i> </td><td align=\"right\"><i class=\"fa fa-circle-o\"></i> <i class=\"fa fa-circle-o\"></i> </tr></table>\n|uhtml|bestof|<h2><strong>Game 1</strong> of <a href=\"/game-bestof3-gen9vgc2025regibo3-2354439240\">a best-of-3</a></h2>\n|t:|1746071801\n|gametype|doubles\n|player|p1|aefrmm|pokemonrangerf-gen4|\n|player|p2|sorecruiser|furisodegirl-black|\n|teamsize|p1|6\n|teamsize|p2|6\n|gen|9\n|tier|[Gen 9] VGC 2025 Reg I (Bo3)\n|rule|Species Clause: Limit one of each Pok\u00e9mon\n|rule|Item Clause: Limit 1 of each item\n|clearpoke\n|poke|p1|Indeedee-F, L50, F|\n|poke|p1|Calyrex-Ice, L50|\n|poke|p1|Ursaluna-Bloodmoon, L50, M|\n|poke|p1|Smeargle, L50, F|\n|poke|p1|Lunala, L50|\n|poke|p1|Urshifu-*, L50, F|\n|poke|p2|Calyrex-Shadow, L50|\n|poke|p2|Whimsicott, L50, M|\n|poke|p2|Rillaboom, L50, F|\n|poke|p2|Koraidon, L50|\n|poke|p2|Farigiraf, L50, F|\n|poke|p2|Chi-Yu, L50|\n|teampreview|4\n|showteam|p1|Indeedee-F||RockyHelmet|PsychicSurge|Psychic,TrickRoom,FollowMe,HelpingHand|||F|||50|,,,,,Fairy]Calyrex-Ice||ClearAmulet|AsOneGlastrier|GlacialLance,HighHorsepower,Protect,TrickRoom||||||50|,,,,,Fire]Ursaluna-Bloodmoon||LifeOrb|MindsEye|EarthPower,HyperVoice,BloodMoon,Protect|||M|||50|,,,,,Normal]Smeargle||FocusSash|OwnTempo|FollowMe,FakeOut,Decorate,Spore|||F|||50|,,,,,Grass]Lunala||PowerHerb|ShadowShield|ExpandingForce,TrickRoom,MoongeistBeam,MeteorBeam||||||50|,,,,,Grass]Urshifu||ChoiceBand|UnseenFist|WickedBlow,SuckerPunch,CloseCombat,IronHead|||F|||50|,,,,,Grass\n|showteam|p2|Calyrex-Shadow||FocusSash|AsOneSpectrier|AstralBarrage,Psyshock,PollenPuff,Protect||||||50|,,,,,Ghost]Whimsicott||CovertCloak|Prankster|Tailwind,Encore,LightScreen,Moonblast|||M|||50|,,,,,Dark]Rillaboom||AssaultVest|GrassySurge|Uturn,GrassyGlide,WoodHammer,FakeOut|||F|||50|,,,,,Water]Koraidon||ClearAmulet|OrichalcumPulse|FlareBlitz,CollisionCourse,FlameCharge,Protect||||||50|,,,,,Fire]Farigiraf||SafetyGoggles|ArmorTail|PsychicNoise,FoulPlay,HelpingHand,TrickRoom|||F|||50|,,,,,Water]Chi-Yu||ChoiceScarf|BeadsofRuin|Snarl,Overheat,DarkPulse,HeatWave||||||50|,,,,,Ghost\n|\n|t:|1746071836\n|start\n|switch|p1a: Calyrex|Calyrex-Ice, L50|100/100\n|switch|p1b: Indeedee|Indeedee-F, L50, F|100/100\n|switch|p2a: Calyrex|Calyrex-Shadow, L50|100/100\n|switch|p2b: Chi-Yu|Chi-Yu, L50|100/100\n|-ability|p2a: Calyrex|As One\n|-ability|p2a: Calyrex|Unnerve\n|-ability|p1a: Calyrex|As One\n|-ability|p1a: Calyrex|Unnerve\n|-ability|p2b: Chi-Yu|Beads of Ruin\n|-fieldstart|move: Psychic Terrain|[from] ability: Psychic Surge|[of] p1b: Indeedee\n|turn|1\n|\n|t:|1746071861\n|-terastallize|p2a: Calyrex|Ghost\n|-terastallize|p1a: Calyrex|Fire\n|move|p1b: Indeedee|Follow Me|p1b: Indeedee\n|-singleturn|p1b: Indeedee|move: Follow Me\n|move|p2b: Chi-Yu|Snarl|p1b: Indeedee|[spread] p1a,p1b\n|-supereffective|p1b: Indeedee\n|-crit|p1b: Indeedee\n|-damage|p1a: Calyrex|76/100\n|-damage|p1b: Indeedee|8/100\n|-unboost|p1b: Indeedee|spa|1\n|move|p2a: Calyrex|Astral Barrage|p1a: Calyrex|[spread] p1a\n|-immune|p1b: Indeedee\n|-damage|p1a: Calyrex|12/100\n|move|p1a: Calyrex|Trick Room|p1a: Calyrex\n|-fieldstart|move: Trick Room|[of] p1a: Calyrex\n|\n|upkeep\n|turn|2\n|\n|t:|1746071991\n|move|p1b: Indeedee|Helping Hand|p1a: Calyrex\n|-singleturn|p1a: Calyrex|Helping Hand|[of] p1b: Indeedee\n|move|p2a: Calyrex|Protect|p2a: Calyrex\n|-singleturn|p2a: Calyrex|Protect\n|move|p1a: Calyrex|High Horsepower|p2b: Chi-Yu\n|-supereffective|p2b: Chi-Yu\n|-damage|p2b: Chi-Yu|0 fnt\n|faint|p2b: Chi-Yu\n|-ability|p1a: Calyrex|Chilling Neigh|boost\n|-boost|p1a: Calyrex|atk|1\n|\n|upkeep\n|\n|t:|1746072007\n|switch|p2b: Rillaboom|Rillaboom, L50, F|100/100\n|-fieldstart|move: Grassy Terrain|[from] ability: Grassy Surge|[of] p2b: Rillaboom\n|turn|3\n|\n|t:|1746072022\n|switch|p1b: Smeargle|Smeargle, L50, F, shiny|100/100\n|move|p1a: Calyrex|Protect|p1a: Calyrex\n|-singleturn|p1a: Calyrex|Protect\n|move|p2b: Rillaboom|Grassy Glide|p1a: Calyrex\n|-activate|p1a: Calyrex|move: Protect\n|move|p2a: Calyrex|Pollen Puff|p1b: Smeargle\n|-damage|p1b: Smeargle|29/100\n|\n|-heal|p1b: Smeargle|35/100|[from] Grassy Terrain\n|-heal|p1a: Calyrex|18/100|[from] Grassy Terrain\n|upkeep\n|turn|4\n|\n|t:|1746072057\n|switch|p1b: Indeedee|Indeedee-F, L50, F|8/100\n|-fieldstart|move: Psychic Terrain|[from] ability: Psychic Surge|[of] p1b: Indeedee\n|move|p1a: Calyrex|Glacial Lance|p2a: Calyrex|[spread] p2a,p2b\n|-supereffective|p2b: Rillaboom\n|-enditem|p2a: Calyrex|Focus Sash\n|-damage|p2a: Calyrex|1/100\n|-damage|p2b: Rillaboom|0 fnt\n|faint|p2b: Rillaboom\n|-ability|p1a: Calyrex|Chilling Neigh|boost\n|-boost|p1a: Calyrex|atk|1\n|move|p2a: Calyrex|Psyshock|p1b: Indeedee\n|-resisted|p1b: Indeedee\n|-damage|p1b: Indeedee|0 fnt\n|faint|p1b: Indeedee\n|-ability|p2a: Calyrex|Grim Neigh|boost\n|-boost|p2a: Calyrex|spa|1\n|\n|upkeep\n|\n|t:|1746072073\n|switch|p1b: Ursaluna|Ursaluna-Bloodmoon, L50, M|100/100\n|switch|p2b: Koraidon|Koraidon, L50|100/100\n|-weather|SunnyDay|[from] ability: Orichalcum Pulse|[of] p2b: Koraidon\n|-activate|p2b: Koraidon|Orichalcum Pulse|[source]\n|turn|5\n|\n|t:|1746072106\n|switch|p1a: Smeargle|Smeargle, L50, F, shiny|35/100\n|move|p2b: Koraidon|Protect|p2b: Koraidon\n|-singleturn|p2b: Koraidon|Protect\n|move|p2a: Calyrex|Protect|p2a: Calyrex\n|-singleturn|p2a: Calyrex|Protect\n|move|p1b: Ursaluna|Hyper Voice|p2a: Calyrex|[spread] \n|-activate|p2a: Calyrex|move: Protect\n|-activate|p2b: Koraidon|move: Protect\n|\n|-weather|SunnyDay|[upkeep]\n|-fieldend|move: Trick Room\n|upkeep\n|turn|6\n|\n|t:|1746072124\n|move|p1a: Smeargle|Follow Me|p1a: Smeargle\n|-singleturn|p1a: Smeargle|move: Follow Me\n|move|p2a: Calyrex|Psyshock|p1a: Smeargle\n|-damage|p1a: Smeargle|0 fnt\n|faint|p1a: Smeargle\n|-ability|p2a: Calyrex|Grim Neigh|boost\n|-boost|p2a: Calyrex|spa|1\n|move|p2b: Koraidon|Collision Course|p1b: Ursaluna\n|-supereffective|p1b: Ursaluna\n|-damage|p1b: Ursaluna|0 fnt\n|faint|p1b: Ursaluna\n|\n|-weather|SunnyDay|[upkeep]\n|upkeep\n|\n|t:|1746072134\n|switch|p1b: Calyrex|Calyrex-Ice, L50, tera:Fire|18/100\n|-ability|p1b: Calyrex|As One\n|-ability|p1b: Calyrex|Unnerve\n|turn|7\n|\n|t:|1746072140\n|move|p1b: Calyrex|Protect|p1b: Calyrex\n|-singleturn|p1b: Calyrex|Protect\n|move|p2a: Calyrex|Astral Barrage|p1b: Calyrex\n|-activate|p1b: Calyrex|move: Protect\n|move|p2b: Koraidon|Collision Course|p1b: Calyrex\n|-activate|p1b: Calyrex|move: Protect\n|\n|-weather|SunnyDay|[upkeep]\n|upkeep\n|turn|8\n|\n|t:|1746072152\n|move|p1b: Calyrex|Protect||[still]\n|-fail|p1b: Calyrex\n|move|p2a: Calyrex|Astral Barrage|p1b: Calyrex\n|-damage|p1b: Calyrex|0 fnt\n|faint|p1b: Calyrex\n|\n|win|sorecruiser\n||aefrmm is ready for game 2.\n|inactive|sorecruiser has 30 seconds to confirm battle start!\n|inactive|sorecruiser has 20 seconds to confirm battle start!\n||sorecruiser is ready for game 2.\n|uhtml|next|Next: <a href=\"/battle-gen9vgc2025regibo3-2354441842\"><strong>Game 2 of 3</strong></a>\n", "uploadtime": 1746072174, "views": 22, "formatid": "gen9vgc2025regibo3", "rating": null, "private": 0, "password": null}