{"id": "gen9vgc2025regibo3-2354757487", "format": "[Gen 9] VGC 2025 Reg I (Bo3)", "players": ["mavvyvgc", "J0nko_"], "log": "|j|\u2606mavvyvgc\n|j|\u2606J0nko_\n|html|<table width=\"100%\"><tr><td align=\"left\">mavvyvgc</td><td align=\"right\">J0nko_</tr><tr><td align=\"left\"><i class=\"fa fa-circle-o\"></i> <i class=\"fa fa-circle-o\"></i> </td><td align=\"right\"><i class=\"fa fa-circle-o\"></i> <i class=\"fa fa-circle\"></i> </tr></table>\n|uhtml|bestof|<h2><strong>Game 2</strong> of <a href=\"/game-bestof3-gen9vgc2025regibo3-2354754692\">a best-of-3</a></h2>\n|t:|1746117121\n|gametype|doubles\n|player|p1|mavvyvgc|riley|1072\n|player|p2|J0nko_|elesa|1179\n|teamsize|p1|6\n|teamsize|p2|6\n|gen|9\n|tier|[Gen 9] VGC 2025 Reg I (Bo3)\n|rated|\n|rule|Species Clause: Limit one of each Pok\u00e9mon\n|rule|Item Clause: Limit 1 of each item\n|clearpoke\n|poke|p1|Calyrex-Shadow, L50|\n|poke|p1|Kyurem-White, L50|\n|poke|p1|Slowking, L50, M|\n|poke|p1|Tornadus, L50, M|\n|poke|p1|Rillaboom, L50, F|\n|poke|p1|Incineroar, L50, M|\n|poke|p2|Kyogre, L50|\n|poke|p2|Calyrex-Shadow, L50|\n|poke|p2|Urshifu-*, L50, F|\n|poke|p2|Incineroar, L50, M|\n|poke|p2|Roaring Moon, L50|\n|poke|p2|Rhydon, L50, M|\n|teampreview|4\n|showteam|p1|Calyrex-Shadow||FocusSash|AsOneSpectrier|DarkPulse,AstralBarrage,NastyPlot,Protect||||||50|,,,,,Dark]Kyurem-White||NeverMeltIce|Turboblaze|Protect,Blizzard,DragonPulse,FusionFlare||||||50|,,,,,Ground]Slowking||RockyHelmet|Oblivious|Psychic,TrickRoom,ChillyReception,HelpingHand|||M|||50|,,,,,Ground]Tornadus||CovertCloak|Prankster|Tailwind,BleakwindStorm,Protect,Snowscape|||M|||50|,,,,,Dark]Rillaboom||GrassySeed|GrassySurge|DrumBeating,Uturn,GrassyGlide,FakeOut|||F|||50|,,,,,Grass]Incineroar||AssaultVest|Intimidate|FakeOut,KnockOff,FlareBlitz,Uturn|||M|||50|,,,,,Fire\n|showteam|p2|Kyogre||AssaultVest|Drizzle|WaterSpout,IceBeam,OriginPulse,Thunder||||||50|,,,,,Grass]Calyrex-Shadow||FocusSash|AsOneSpectrier|AstralBarrage,Disable,Encore,Protect||||||50|,,,,,Dark]Urshifu-Rapid-Strike||ChoiceScarf|UnseenFist|IceSpinner,SurgingStrikes,CloseCombat,Uturn|||F|||50|,,,,,Ghost]Incineroar||SafetyGoggles|Intimidate|KnockOff,PartingShot,FakeOut,HelpingHand|||M|||50|,,,,,Bug]Roaring Moon||BoosterEnergy|Protosynthesis|Acrobatics,Tailwind,Protect,KnockOff||||||50|,,,,,Flying]Rhydon||Eviolite|LightningRod|TeraBlast,HighHorsepower,RockSlide,Protect|||M|||50|,,,,,Fairy\n|inactive|Battle timer is ON: inactive players will automatically lose when time's up. (requested by J0nko_)\n|\n|t:|1746117139\n|start\n|switch|p1a: Tornadus|Tornadus, L50, M|100/100\n|switch|p1b: Kyurem|Kyurem-White, L50|100/100\n|switch|p2a: Calyrex|Calyrex-Shadow, L50|100/100\n|switch|p2b: Roaring Moon|Roaring Moon, L50|100/100\n|-ability|p2a: Calyrex|As One\n|-ability|p2a: Calyrex|Unnerve\n|-ability|p1b: Kyurem|Turboblaze\n|-enditem|p2b: Roaring Moon|Booster Energy\n|-activate|p2b: Roaring Moon|ability: Protosynthesis|[fromitem]\n|-start|p2b: Roaring Moon|protosynthesisspe\n|turn|1\n|inactive|J0nko_ has 30 seconds left.\n|inactive|J0nko_ has 20 seconds left.\n|\n|t:|1746117175\n|move|p2b: Roaring Moon|Protect|p2b: Roaring Moon\n|-singleturn|p2b: Roaring Moon|Protect\n|move|p1a: Tornadus|Tailwind|p1a: Tornadus\n|-sidestart|p1: mavvyvgc|move: Tailwind\n|move|p1b: Kyurem|Blizzard|p2a: Calyrex|[spread] p2a\n|-activate|p2b: Roaring Moon|move: Protect\n|-damage|p2a: Calyrex|40/100\n|move|p2a: Calyrex|Astral Barrage|p1b: Kyurem|[spread] p1a,p1b\n|-damage|p1a: Tornadus|59/100\n|-damage|p1b: Kyurem|59/100\n|\n|upkeep\n|turn|2\n|\n|t:|1746117198\n|move|p2a: Calyrex|Protect|p2a: Calyrex\n|-singleturn|p2a: Calyrex|Protect\n|move|p1a: Tornadus|Snowscape|p1a: Tornadus\n|-weather|Snowscape\n|move|p2b: Roaring Moon|Tailwind|p2b: Roaring Moon\n|-sidestart|p2: J0nko_|move: Tailwind\n|move|p1b: Kyurem|Blizzard|p2a: Calyrex|[spread] p2b\n|-activate|p2a: Calyrex|move: Protect\n|-supereffective|p2b: Roaring Moon\n|-damage|p2b: Roaring Moon|0 fnt\n|faint|p2b: Roaring Moon\n|-end|p2b: Roaring Moon|Protosynthesis|[silent]\n|\n|-weather|Snowscape|[upkeep]\n|upkeep\n|\n|t:|1746117212\n|switch|p2b: Kyogre|Kyogre, L50|100/100\n|-weather|RainDance|[from] ability: Drizzle|[of] p2b: Kyogre\n|turn|3\n|\n|t:|1746117218\n|move|p1a: Tornadus|Snowscape|p1a: Tornadus\n|-weather|Snowscape\n|move|p2a: Calyrex|Astral Barrage|p1a: Tornadus|[spread] p1a,p1b\n|-damage|p1a: Tornadus|16/100\n|-damage|p1b: Kyurem|13/100\n|move|p1b: Kyurem|Blizzard|p2b: Kyogre|[spread] p2a,p2b\n|-resisted|p2b: Kyogre\n|-damage|p2a: Calyrex|0 fnt\n|-damage|p2b: Kyogre|87/100\n|faint|p2a: Calyrex\n|move|p2b: Kyogre|Water Spout|p1b: Kyurem|[spread] p1a,p1b\n|-resisted|p1b: Kyurem\n|-damage|p1a: Tornadus|0 fnt\n|-damage|p1b: Kyurem|0 fnt\n|faint|p1a: Tornadus\n|faint|p1b: Kyurem\n|\n|-weather|Snowscape|[upkeep]\n|upkeep\n|\n|t:|1746117235\n|switch|p2a: Incineroar|Incineroar, L50, M, shiny|100/100\n|switch|p1a: Rillaboom|Rillaboom, L50, F|100/100\n|switch|p1b: Calyrex|Calyrex-Shadow, L50|100/100\n|-ability|p1b: Calyrex|As One\n|-ability|p1b: Calyrex|Unnerve\n|-fieldstart|move: Grassy Terrain|[from] ability: Grassy Surge|[of] p1a: Rillaboom\n|-enditem|p1a: Rillaboom|Grassy Seed\n|-boost|p1a: Rillaboom|def|1|[from] item: Grassy Seed\n|-ability|p2a: Incineroar|Intimidate|boost\n|-unboost|p1a: Rillaboom|atk|1\n|-unboost|p1b: Calyrex|atk|1\n|turn|4\n|inactive|mavvyvgc has 30 seconds left.\n|\n|t:|1746117261\n|-terastallize|p1b: Calyrex|Dark\n|-terastallize|p2b: Kyogre|Grass\n|move|p1a: Rillaboom|Fake Out|p2b: Kyogre\n|-damage|p2b: Kyogre|79/100\n|move|p1b: Calyrex|Astral Barrage|p2a: Incineroar|[spread] p2a,p2b\n|-resisted|p2a: Incineroar\n|-damage|p2a: Incineroar|80/100\n|-damage|p2b: Kyogre|53/100\n|cant|p2b: Kyogre|flinch\n|move|p2a: Incineroar|Knock Off|p1b: Calyrex\n|-resisted|p1b: Calyrex\n|-damage|p1b: Calyrex|76/100\n|-enditem|p1b: Calyrex|Focus Sash|[from] move: Knock Off|[of] p2a: Incineroar\n|\n|-weather|Snowscape|[upkeep]\n|-heal|p1b: Calyrex|82/100|[from] Grassy Terrain\n|-heal|p2b: Kyogre|60/100|[from] Grassy Terrain\n|-heal|p2a: Incineroar|86/100|[from] Grassy Terrain\n|-sideend|p1: mavvyvgc|move: Tailwind\n|upkeep\n|turn|5\n|inactive|mavvyvgc has 30 seconds left.\n|\n|t:|1746117291\n|move|p2a: Incineroar|Helping Hand|p2b: Kyogre\n|-singleturn|p2b: Kyogre|Helping Hand|[of] p2a: Incineroar\n|move|p2b: Kyogre|Ice Beam|p1a: Rillaboom\n|-supereffective|p1a: Rillaboom\n|-damage|p1a: Rillaboom|0 fnt\n|faint|p1a: Rillaboom\n|move|p1b: Calyrex|Astral Barrage|p2b: Kyogre|[spread] p2a,p2b\n|-resisted|p2a: Incineroar\n|-damage|p2a: Incineroar|63/100\n|-damage|p2b: Kyogre|36/100\n|\n|-weather|Snowscape|[upkeep]\n|-heal|p2b: Kyogre|42/100|[from] Grassy Terrain\n|-heal|p1b: Calyrex|88/100|[from] Grassy Terrain\n|-heal|p2a: Incineroar|69/100|[from] Grassy Terrain\n|-sideend|p2: J0nko_|move: Tailwind\n|upkeep\n|turn|6\n|inactive|J0nko_ has 30 seconds left.\n|\n|t:|1746117319\n|move|p1b: Calyrex|Astral Barrage|p2a: Incineroar|[spread] p2a,p2b\n|-resisted|p2a: Incineroar\n|-damage|p2a: Incineroar|47/100\n|-damage|p2b: Kyogre|16/100\n|move|p2b: Kyogre|Origin Pulse|p1b: Calyrex\n|-damage|p1b: Calyrex|20/100\n|move|p2a: Incineroar|Parting Shot|p1b: Calyrex\n|-unboost|p1b: Calyrex|atk|1\n|-unboost|p1b: Calyrex|spa|1\n|\n|-weather|Snowscape|[upkeep]\n|-heal|p1b: Calyrex|26/100|[from] Grassy Terrain\n|-heal|p2b: Kyogre|22/100|[from] Grassy Terrain\n|-heal|p2a: Incineroar|52/100|[from] Grassy Terrain\n|upkeep\n|turn|7\n|\n|t:|1746117334\n|move|p2a: Incineroar|Helping Hand|p2b: Kyogre\n|-singleturn|p2b: Kyogre|Helping Hand|[of] p2a: Incineroar\n|move|p1b: Calyrex|Astral Barrage|p2a: Incineroar|[spread] p2a,p2b\n|-resisted|p2a: Incineroar\n|-crit|p2a: Incineroar\n|-damage|p2a: Incineroar|21/100\n|-damage|p2b: Kyogre|4/100\n|move|p2b: Kyogre|Ice Beam|p1b: Calyrex\n|-damage|p1b: Calyrex|0 fnt\n|faint|p1b: Calyrex\n|\n|win|J0nko_\n|raw|mavvyvgc's rating: 1072 &rarr; <strong>1057</strong><br />(-15 for losing)\n|raw|J0nko_'s rating: 1179 &rarr; <strong>1197</strong><br />(+18 for winning)\n|c|\u2606J0nko_|gg\n|c|\u2606mavvyvgc|so close\n|c|\u2606mavvyvgc|gg\n|l|\u2606J0nko_\n|player|p2|\n", "uploadtime": 1746117400, "views": 9, "formatid": "gen9vgc2025regibo3", "rating": 1057, "private": 0, "password": null}