{"id": "gen9vgc2025regibo3-2353450954", "format": "[Gen 9] VGC 2025 Reg I (Bo3)", "players": ["dancerladyaqua", "MatthewJi\u5e7b\u6b87\u79cb\u51a5VGC"], "log": "|j|\u2606dancerladyaqua\n|j|\u2606MatthewJi\u5e7b\u6b87\u79cb\u51a5VGC\n|html|<table width=\"100%\"><tr><td align=\"left\">dancerladyaqua</td><td align=\"right\">MatthewJi\u5e7b\u6b87\u79cb\u51a5VGC</tr><tr><td align=\"left\"><i class=\"fa fa-circle\"></i> <i class=\"fa fa-circle-o\"></i> </td><td align=\"right\"><i class=\"fa fa-circle-o\"></i> <i class=\"fa fa-circle-o\"></i> </tr></table>\n|uhtml|bestof|<h2><strong>Game 2</strong> of <a href=\"/game-bestof3-gen9vgc2025regibo3-2353448269\">a best-of-3</a></h2>\n|t:|1745957099\n|gametype|doubles\n|player|p1|dancerladyaqua|dawn|1025\n|player|p2|MatthewJi\u5e7b\u6b87\u79cb\u51a5VGC|lucas|1126\n|teamsize|p1|6\n|teamsize|p2|6\n|gen|9\n|tier|[Gen 9] VGC 2025 Reg I (Bo3)\n|rated|\n|rule|Species Clause: Limit one of each Pok\u00e9mon\n|rule|Item Clause: Limit 1 of each item\n|clearpoke\n|poke|p1|Eternatus, L50|\n|poke|p1|Tyranitar, L50, F|\n|poke|p1|Excadrill, L50, M|\n|poke|p1|Zamazenta-*, L50|\n|poke|p1|Whimsicott, L50, F|\n|poke|p1|Indeedee-F, L50, F|\n|poke|p2|Koraidon, L50|\n|poke|p2|Lunala, L50|\n|poke|p2|Umbreon, L50, M|\n|poke|p2|Raging Bolt, L50|\n|poke|p2|Flutter Mane, L50|\n|poke|p2|Brute Bonnet, L50|\n|teampreview|4\n|showteam|p1|Eternatus||LifeOrb|Pressure|SludgeBomb,Protect,DynamaxCannon,Flamethrower||||||50|,,,,,Dark]Tyranitar||AirBalloon|SandStream|ThunderPunch,RockSlide,KnockOff,Protect|||F|||50|,,,,,Grass]Excadrill||ChoiceBand|SandRush|Earthquake,HighHorsepower,IronHead,TeraBlast|||M|||50|,,,,,Water]Zamazenta-Crowned||RustedShield|DauntlessShield|behemothbash,WideGuard,Protect,BodyPress||||||50|,,,,,Ghost]Whimsicott||CovertCloak|Prankster|LightScreen,Moonblast,Tailwind,Tickle|||F|||50|,,,,,Steel]Indeedee-F||SafetyGoggles|PsychicSurge|HelpingHand,FollowMe,Psychic,TrickRoom|||F|||50|,,,,,Fairy\n|showteam|p2|Koraidon||ClearAmulet|OrichalcumPulse|CollisionCourse,FlareBlitz,FlameCharge,Protect||||||50|,,,,,Fire]Lunala||Leftovers|ShadowShield|MoongeistBeam,Moonblast,WideGuard,TrickRoom||||||50|,,,,,Fairy]Umbreon||SafetyGoggles|InnerFocus|FoulPlay,Taunt,Snarl,Moonlight|||M|||50|,,,,,Poison]Raging Bolt||AssaultVest|Protosynthesis|Thunderclap,VoltSwitch,DracoMeteor,Thunderbolt||||||50|,,,,,Fairy]Flutter Mane||FocusSash|Protosynthesis|Moonblast,DazzlingGleam,IcyWind,Protect||||||50|,,,,,Fairy]Brute Bonnet||SitrusBerry|Protosynthesis|Spore,SuckerPunch,SeedBomb,Protect||||||50|,,,,,Ghost\n|inactive|Battle timer is ON: inactive players will automatically lose when time's up. (requested by MatthewJi\u5e7b\u6b87\u79cb\u51a5VGC)\n|\n|t:|1745957140\n|start\n|switch|p1a: Indeedee|Indeedee-F, L50, F|100/100\n|switch|p1b: Tyranitar|Tyranitar, L50, F|100/100\n|switch|p2a: Brute Bonnet|Brute Bonnet, L50|100/100\n|switch|p2b: Umbreon|Umbreon, L50, M, shiny|100/100\n|-weather|Sandstorm|[from] ability: Sand Stream|[of] p1b: Tyranitar\n|-item|p1b: Tyranitar|Air Balloon\n|-fieldstart|move: Psychic Terrain|[from] ability: Psychic Surge|[of] p1a: Indeedee\n|turn|1\n|inactive|MatthewJi\u5e7b\u6b87\u79cb\u51a5VGC has 30 seconds left.\n|\n|t:|1745957166\n|move|p1a: Indeedee|Follow Me|p1a: Indeedee\n|-singleturn|p1a: Indeedee|move: Follow Me\n|move|p1b: Tyranitar|Knock Off|p2b: Umbreon\n|-resisted|p2b: Umbreon\n|-damage|p2b: Umbreon|85/100\n|-enditem|p2b: Umbreon|Safety Goggles|[from] move: Knock Off|[of] p1b: Tyranitar\n|move|p2b: Umbreon|Taunt|p1a: Indeedee\n|-start|p1a: Indeedee|move: Taunt\n|move|p2a: Brute Bonnet|Spore|p1a: Indeedee\n|-activate|p1a: Indeedee|item: Safety Goggles|Spore\n|\n|-weather|Sandstorm|[upkeep]\n|-damage|p2b: Umbreon|79/100|[from] Sandstorm\n|-damage|p2a: Brute Bonnet|95/100|[from] Sandstorm\n|upkeep\n|turn|2\n|inactive|dancerladyaqua has 30 seconds left.\n|inactive|dancerladyaqua has 20 seconds left.\n|inactive|dancerladyaqua has 15 seconds left.\n|inactive|dancerladyaqua has 10 seconds left.\n|inactive|dancerladyaqua has 5 seconds left.\n|\n|t:|1745957218\n|switch|p1a: Eternatus|Eternatus, L50|100/100\n|-ability|p1a: Eternatus|Pressure\n|-terastallize|p1b: Tyranitar|Grass\n|move|p2a: Brute Bonnet|Sucker Punch|p1b: Tyranitar\n|-hint|Psychic Terrain doesn't affect Pok\u00e9mon immune to Ground.\n|-damage|p1b: Tyranitar|69/100\n|-enditem|p1b: Tyranitar|Air Balloon\n|move|p1b: Tyranitar|Knock Off|p2a: Brute Bonnet\n|-resisted|p2a: Brute Bonnet\n|-damage|p2a: Brute Bonnet|75/100\n|-enditem|p2a: Brute Bonnet|Sitrus Berry|[from] move: Knock Off|[of] p1b: Tyranitar\n|move|p2b: Umbreon|Foul Play|p1b: Tyranitar\n|-damage|p1b: Tyranitar|31/100\n|\n|-weather|Sandstorm|[upkeep]\n|-damage|p1a: Eternatus|94/100|[from] Sandstorm\n|-damage|p1b: Tyranitar|24/100|[from] Sandstorm\n|-damage|p2b: Umbreon|73/100|[from] Sandstorm\n|-damage|p2a: Brute Bonnet|69/100|[from] Sandstorm\n|upkeep\n|turn|3\n|inactive|dancerladyaqua has 30 seconds left.\n|inactive|MatthewJi\u5e7b\u6b87\u79cb\u51a5VGC has 30 seconds left.\n|inactive|dancerladyaqua has 20 seconds left.\n|inactive|dancerladyaqua has 15 seconds left.\n|inactive|dancerladyaqua has 10 seconds left.\n|\n|t:|1745957264\n|switch|p1b: Indeedee|Indeedee-F, L50, F|100/100\n|move|p1a: Eternatus|Dynamax Cannon|p2a: Brute Bonnet\n|-damage|p2a: Brute Bonnet|1/100\n|-damage|p1a: Eternatus|84/100|[from] item: Life Orb\n|move|p2b: Umbreon|Foul Play|p1b: Indeedee\n|-supereffective|p1b: Indeedee\n|-damage|p1b: Indeedee|70/100\n|move|p2a: Brute Bonnet|Spore|p1a: Eternatus\n|-status|p1a: Eternatus|slp|[from] move: Spore\n|\n|-weather|Sandstorm|[upkeep]\n|-damage|p1a: Eternatus|78/100 slp|[from] Sandstorm\n|-damage|p2b: Umbreon|67/100|[from] Sandstorm\n|-damage|p2a: Brute Bonnet|0 fnt|[from] Sandstorm\n|faint|p2a: Brute Bonnet\n|-end|p2a: Brute Bonnet|Protosynthesis|[silent]\n|upkeep\n|\n|t:|1745957281\n|switch|p2a: Koraidon|Koraidon, L50|100/100\n|-weather|SunnyDay|[from] ability: Orichalcum Pulse|[of] p2a: Koraidon\n|-activate|p2a: Koraidon|Orichalcum Pulse|[source]\n|turn|4\n|\n|t:|1745957305\n|switch|p1a: Tyranitar|Tyranitar, L50, F, tera:Grass|24/100\n|-weather|Sandstorm|[from] ability: Sand Stream|[of] p1a: Tyranitar\n|move|p1b: Indeedee|Follow Me|p1b: Indeedee\n|-singleturn|p1b: Indeedee|move: Follow Me\n|move|p2a: Koraidon|Flame Charge|p1b: Indeedee\n|-crit|p1b: Indeedee\n|-damage|p1b: Indeedee|43/100\n|-boost|p2a: Koraidon|spe|1\n|move|p2b: Umbreon|Foul Play|p1b: Indeedee\n|-supereffective|p1b: Indeedee\n|-damage|p1b: Indeedee|11/100\n|\n|-weather|Sandstorm|[upkeep]\n|-damage|p2a: Koraidon|95/100|[from] Sandstorm\n|-damage|p1a: Tyranitar|18/100|[from] Sandstorm\n|-damage|p2b: Umbreon|61/100|[from] Sandstorm\n|upkeep\n|turn|5\n|inactive|dancerladyaqua has 30 seconds left.\n|\n|t:|1745957335\n|switch|p1a: Excadrill|Excadrill, L50, M|100/100\n|switch|p1b: Eternatus|Eternatus, L50|78/100 slp\n|-ability|p1b: Eternatus|Pressure\n|move|p2a: Koraidon|Flame Charge|p1b: Eternatus\n|-resisted|p1b: Eternatus\n|-damage|p1b: Eternatus|71/100 slp\n|-boost|p2a: Koraidon|spe|1\n|move|p2b: Umbreon|Foul Play|p1a: Excadrill\n|-damage|p1a: Excadrill|25/100\n|\n|-weather|Sandstorm|[upkeep]\n|-damage|p2a: Koraidon|89/100|[from] Sandstorm\n|-damage|p1b: Eternatus|65/100 slp|[from] Sandstorm\n|-damage|p2b: Umbreon|55/100|[from] Sandstorm\n|-fieldend|move: Psychic Terrain\n|upkeep\n|turn|6\n|inactive|dancerladyaqua has 30 seconds left.\n|\n|t:|1745957365\n|move|p2a: Koraidon|Flame Charge|p1a: Excadrill\n|-supereffective|p1a: Excadrill\n|-damage|p1a: Excadrill|0 fnt\n|-boost|p2a: Koraidon|spe|1\n|faint|p1a: Excadrill\n|cant|p1b: Eternatus|slp\n|move|p2b: Umbreon|Snarl|p1b: Eternatus\n|-damage|p1b: Eternatus|56/100 slp\n|-unboost|p1b: Eternatus|spa|1\n|\n|-weather|Sandstorm|[upkeep]\n|-damage|p2a: Koraidon|83/100|[from] Sandstorm\n|-damage|p1b: Eternatus|49/100 slp|[from] Sandstorm\n|-damage|p2b: Umbreon|50/100|[from] Sandstorm\n|upkeep\n|\n|t:|1745957379\n|switch|p1a: Indeedee|Indeedee-F, L50, F|11/100\n|-fieldstart|move: Psychic Terrain|[from] ability: Psychic Surge|[of] p1a: Indeedee\n|turn|7\n|\n|t:|1745957390\n|move|p1a: Indeedee|Follow Me|p1a: Indeedee\n|-singleturn|p1a: Indeedee|move: Follow Me\n|move|p2a: Koraidon|Flame Charge|p1a: Indeedee\n|-damage|p1a: Indeedee|0 fnt\n|-boost|p2a: Koraidon|spe|1\n|faint|p1a: Indeedee\n|cant|p1b: Eternatus|slp\n|move|p2b: Umbreon|Snarl|p1b: Eternatus\n|-damage|p1b: Eternatus|40/100 slp\n|-unboost|p1b: Eternatus|spa|1\n|\n|-weather|Sandstorm|[upkeep]\n|-damage|p2a: Koraidon|77/100|[from] Sandstorm\n|-damage|p1b: Eternatus|34/100 slp|[from] Sandstorm\n|-damage|p2b: Umbreon|44/100|[from] Sandstorm\n|upkeep\n|\n|t:|1745957403\n|switch|p1a: Tyranitar|Tyranitar, L50, F, tera:Grass|18/100\n|turn|8\n|\n|t:|1745957415\n|move|p2a: Koraidon|Protect|p2a: Koraidon\n|-singleturn|p2a: Koraidon|Protect\n|-curestatus|p1b: Eternatus|slp|[msg]\n|move|p1b: Eternatus|Dynamax Cannon|p2a: Koraidon\n|-activate|p2a: Koraidon|move: Protect\n|move|p1a: Tyranitar|Rock Slide|p2a: Koraidon|[spread] p2b\n|-activate|p2a: Koraidon|move: Protect\n|-damage|p2b: Umbreon|26/100\n|move|p2b: Umbreon|Snarl|p1b: Eternatus|[spread] p1a,p1b\n|-damage|p1a: Tyranitar|9/100\n|-damage|p1b: Eternatus|28/100\n|-unboost|p1a: Tyranitar|spa|1\n|-unboost|p1b: Eternatus|spa|1\n|\n|-weather|none\n|upkeep\n|turn|9\n|\n|t:|1745957433\n|-terastallize|p2a: Koraidon|Fire\n|move|p1a: Tyranitar|Protect|p1a: Tyranitar\n|-singleturn|p1a: Tyranitar|Protect\n|move|p2a: Koraidon|Flame Charge|p1a: Tyranitar\n|-activate|p1a: Tyranitar|move: Protect\n|move|p1b: Eternatus|Dynamax Cannon|p2a: Koraidon\n|-damage|p2a: Koraidon|49/100\n|-damage|p1b: Eternatus|18/100|[from] item: Life Orb\n|move|p2b: Umbreon|Snarl|p1b: Eternatus|[spread] p1b\n|-activate|p1a: Tyranitar|move: Protect\n|-damage|p1b: Eternatus|10/100\n|-unboost|p1b: Eternatus|spa|1\n|\n|upkeep\n|turn|10\n|-message|dancerladyaqua forfeited.\n|\n|win|MatthewJi\u5e7b\u6b87\u79cb\u51a5VGC\n||dancerladyaqua is ready for game 3.\n||MatthewJi\u5e7b\u6b87\u79cb\u51a5VGC is ready for game 3.\n|uhtml|next|Next: <a href=\"/battle-gen9vgc2025regibo3-2353454765\"><strong>Game 3 of 3</strong></a>\n|l|\u2606MatthewJi\u5e7b\u6b87\u79cb\u51a5VGC\n|player|p2|\n", "uploadtime": 1745957718, "views": 13, "formatid": "gen9vgc2025regibo3", "rating": null, "private": 0, "password": null}