{"id": "gen9vgc2025regibo3-2353417383", "format": "[Gen 9] VGC 2025 Reg I (Bo3)", "players": ["devious malarkey", "hyperfern"], "log": "|j|\u2606devious malarkey\n|j|\u2606hyperfern\n|html|<table width=\"100%\"><tr><td align=\"left\">devious malarkey</td><td align=\"right\">hyperfern</tr><tr><td align=\"left\"><i class=\"fa fa-circle-o\"></i> <i class=\"fa fa-circle-o\"></i> </td><td align=\"right\"><i class=\"fa fa-circle-o\"></i> <i class=\"fa fa-circle-o\"></i> </tr></table>\n|uhtml|bestof|<h2><strong>Game 1</strong> of <a href=\"/game-bestof3-gen9vgc2025regibo3-2353417382\">a best-of-3</a></h2>\n|t:|1745954125\n|gametype|doubles\n|player|p1|devious malarkey|gambler|1129\n|player|p2|hyperfern|hilbert|1068\n|teamsize|p1|6\n|teamsize|p2|6\n|gen|9\n|tier|[Gen 9] VGC 2025 Reg I (Bo3)\n|rated|\n|rule|Species Clause: Limit one of each Pok\u00e9mon\n|rule|Item Clause: Limit 1 of each item\n|clearpoke\n|poke|p1|Calyrex-Shadow, L50|\n|poke|p1|Incineroar, L50, M|\n|poke|p1|Scream Tail, L50|\n|poke|p1|Koraidon, L50|\n|poke|p1|Gothitelle, L50, M|\n|poke|p1|Brute Bonnet, L50|\n|poke|p2|Groudon, L50|\n|poke|p2|Lunala, L50|\n|poke|p2|Indeedee-F, L50, F|\n|poke|p2|Grimmsnarl, L50, M|\n|poke|p2|Gothitelle, L50, M|\n|poke|p2|Scream Tail, L50|\n|teampreview|4\n|showteam|p1|Calyrex-Shadow||FocusSash|AsOneSpectrier|AstralBarrage,Psychic,NastyPlot,Protect||||||50|,,,,,Normal]Incineroar||SafetyGoggles|Intimidate|FakeOut,PartingShot,FlareBlitz,Protect|||M|||50|,,,,,Bug]Scream Tail||BoosterEnergy|Protosynthesis|Protect,Encore,Disable,PerishSong||||||50|,,,,,Dark]Koraidon||LifeOrb|OrichalcumPulse|Protect,FlareBlitz,CloseCombat,FlameCharge||||||50|,,,,,Fire]Gothitelle||Leftovers|ShadowTag|Protect,Psychic,FakeOut,Taunt|||M|||50|,,,,,Water]Brute Bonnet||CovertCloak|Protosynthesis|SeedBomb,SuckerPunch,Spore,RagePowder||||||50|,,,,,Water\n|showteam|p2|Groudon||ClearAmulet|Drought|HeatCrash,PrecipiceBlades,HighHorsepower,Protect||||||50|,,,,,Fire]Lunala||PowerHerb|ShadowShield|DazzlingGleam,MeteorBeam,ExpandingForce,Protect||||||50|,,,,,Fairy]Indeedee-F||PsychicSeed|PsychicSurge|FollowMe,Psychic,TrickRoom,HelpingHand|||F|||50|,,,,,Dark]Grimmsnarl||LightClay|Prankster|ThunderWave,LightScreen,Reflect,SpiritBreak|||M|||50|,,,,,Ghost]Gothitelle||Leftovers|ShadowTag|FakeOut,Protect,ShadowBall,Tickle|||M|||50|,,,,,Dark]Scream Tail||BoosterEnergy|Protosynthesis|Protect,Encore,Disable,PerishSong||||||50|,,,,,Dark\n|inactive|Battle timer is ON: inactive players will automatically lose when time's up. (requested by hyperfern)\n|\n|t:|1745954154\n|start\n|switch|p1a: Incineroar|Incineroar, L50, M|100/100\n|switch|p1b: Scream Tail|Scream Tail, L50|100/100\n|switch|p2a: Groudon|Groudon, L50|100/100\n|switch|p2b: Scream Tail|Scream Tail, L50|100/100\n|-weather|SunnyDay|[from] ability: Drought|[of] p2a: Groudon\n|-activate|p1b: Scream Tail|ability: Protosynthesis\n|-start|p1b: Scream Tail|protosynthesisspe\n|-activate|p2b: Scream Tail|ability: Protosynthesis\n|-start|p2b: Scream Tail|protosynthesisspe\n|-ability|p1a: Incineroar|Intimidate|boost\n|-fail|p2a: Groudon|unboost|[from] item: Clear Amulet|[of] p2a: Groudon\n|-unboost|p2b: Scream Tail|atk|1\n|turn|1\n|inactive|devious malarkey has 30 seconds left.\n|inactive|hyperfern has 30 seconds left.\n|\n|t:|1745954181\n|switch|p1a: Gothitelle|Gothitelle, L50, M|100/100\n|move|p2a: Groudon|Protect|p2a: Groudon\n|-singleturn|p2a: Groudon|Protect\n|move|p1b: Scream Tail|Perish Song|p1b: Scream Tail\n|-start|p1a: Gothitelle|perish3|[silent]\n|-start|p1b: Scream Tail|perish3|[silent]\n|-start|p2a: Groudon|perish3|[silent]\n|-start|p2b: Scream Tail|perish3|[silent]\n|-fieldactivate|move: Perish Song\n|move|p2b: Scream Tail|Encore|p1b: Scream Tail\n|-start|p1b: Scream Tail|Encore\n|\n|-weather|SunnyDay|[upkeep]\n|-start|p1b: Scream Tail|perish3\n|-start|p2b: Scream Tail|perish3\n|-start|p2a: Groudon|perish3\n|-start|p1a: Gothitelle|perish3\n|upkeep\n|turn|2\n|\n|t:|1745954204\n|move|p1a: Gothitelle|Fake Out|p2a: Groudon\n|-damage|p2a: Groudon|96/100\n|move|p1b: Scream Tail|Perish Song||[still]\n|-fail|p1b: Scream Tail\n|move|p2b: Scream Tail|Disable|p1b: Scream Tail\n|-start|p1b: Scream Tail|Disable|Perish Song\n|cant|p2a: Groudon|flinch\n|\n|-weather|SunnyDay|[upkeep]\n|-start|p1b: Scream Tail|perish2\n|-start|p2b: Scream Tail|perish2\n|-start|p2a: Groudon|perish2\n|-start|p1a: Gothitelle|perish2\n|upkeep\n|turn|3\n|inactive|devious malarkey has 30 seconds left.\n|\n|t:|1745954230\n|-end|p1b: Scream Tail|Protosynthesis|[silent]\n|switch|p1b: Incineroar|Incineroar, L50, M|100/100\n|-ability|p1b: Incineroar|Intimidate|boost\n|-fail|p2a: Groudon|unboost|[from] item: Clear Amulet|[of] p2a: Groudon\n|-unboost|p2b: Scream Tail|atk|1\n|-terastallize|p2a: Groudon|Fire\n|move|p1a: Gothitelle|Protect|p1a: Gothitelle\n|-singleturn|p1a: Gothitelle|Protect\n|move|p2b: Scream Tail|Encore|p1a: Gothitelle\n|-activate|p1a: Gothitelle|move: Protect\n|move|p2a: Groudon|Heat Crash|p1b: Incineroar\n|-resisted|p1b: Incineroar\n|-damage|p1b: Incineroar|55/100\n|\n|-weather|SunnyDay|[upkeep]\n|-start|p2b: Scream Tail|perish1\n|-start|p2a: Groudon|perish1\n|-start|p1a: Gothitelle|perish1\n|upkeep\n|turn|4\n|inactive|devious malarkey has 30 seconds left.\n|\n|t:|1745954256\n|switch|p1a: Scream Tail|Scream Tail, L50|100/100\n|-activate|p1a: Scream Tail|ability: Protosynthesis\n|-start|p1a: Scream Tail|protosynthesisspe\n|move|p1b: Incineroar|Protect|p1b: Incineroar\n|-singleturn|p1b: Incineroar|Protect\n|move|p2b: Scream Tail|Perish Song|p2b: Scream Tail\n|-start|p1a: Scream Tail|perish3|[silent]\n|-start|p1b: Incineroar|perish3|[silent]\n|-fieldactivate|move: Perish Song\n|move|p2a: Groudon|Precipice Blades|p1a: Scream Tail|[spread] p1a\n|-activate|p1b: Incineroar|move: Protect\n|-damage|p1a: Scream Tail|60/100\n|\n|-weather|SunnyDay|[upkeep]\n|-start|p1a: Scream Tail|perish3\n|-start|p2b: Scream Tail|perish0\n|-start|p2a: Groudon|perish0\n|-start|p1b: Incineroar|perish3\n|faint|p2b: Scream Tail\n|-end|p2b: Scream Tail|Protosynthesis|[silent]\n|faint|p2a: Groudon\n|upkeep\n|\n|t:|1745954273\n|switch|p2b: Gothitelle|Gothitelle, L50, M|100/100\n|switch|p2a: Lunala|Lunala, L50|100/100\n|turn|5\n|\n|t:|1745954288\n|move|p2b: Gothitelle|Fake Out|p1a: Scream Tail\n|-damage|p1a: Scream Tail|55/100\n|cant|p1a: Scream Tail|flinch\n|move|p2a: Lunala|Meteor Beam||[still]\n|-prepare|p2a: Lunala|Meteor Beam\n|-boost|p2a: Lunala|spa|1\n|-enditem|p2a: Lunala|Power Herb\n|-anim|p2a: Lunala|Meteor Beam|p1b: Incineroar\n|-supereffective|p1b: Incineroar\n|-damage|p1b: Incineroar|0 fnt\n|faint|p1b: Incineroar\n|\n|-weather|none\n|-end|p1a: Scream Tail|Protosynthesis\n|-start|p1a: Scream Tail|perish2\n|upkeep\n|-enditem|p1a: Scream Tail|Booster Energy\n|-activate|p1a: Scream Tail|ability: Protosynthesis|[fromitem]\n|-start|p1a: Scream Tail|protosynthesisspe\n|\n|t:|1745954294\n|switch|p1b: Calyrex|Calyrex-Shadow, L50|100/100\n|-ability|p1b: Calyrex|As One\n|-ability|p1b: Calyrex|Unnerve\n|turn|6\n|inactive|devious malarkey has 30 seconds left.\n|\n|t:|1745954321\n|-terastallize|p1b: Calyrex|Normal\n|move|p2a: Lunala|Protect|p2a: Lunala\n|-singleturn|p2a: Lunala|Protect\n|move|p1a: Scream Tail|Encore|p2a: Lunala\n|-activate|p2a: Lunala|move: Protect\n|move|p1b: Calyrex|Astral Barrage|p2a: Lunala|[spread] p2b\n|-activate|p2a: Lunala|move: Protect\n|-supereffective|p2b: Gothitelle\n|-damage|p2b: Gothitelle|8/100\n|move|p2b: Gothitelle|Shadow Ball|p1b: Calyrex\n|-immune|p1b: Calyrex\n|\n|-heal|p2b: Gothitelle|14/100|[from] item: Leftovers\n|-start|p1a: Scream Tail|perish1\n|upkeep\n|turn|7\n|\n|t:|1745954340\n|move|p2a: Lunala|Protect||[still]\n|-fail|p2a: Lunala\n|move|p2b: Gothitelle|Protect|p2b: Gothitelle\n|-singleturn|p2b: Gothitelle|Protect\n|move|p1a: Scream Tail|Encore|p2a: Lunala\n|-start|p2a: Lunala|Encore\n|move|p1b: Calyrex|Astral Barrage|p2a: Lunala|[spread] p2a\n|-activate|p2b: Gothitelle|move: Protect\n|-supereffective|p2a: Lunala\n|-damage|p2a: Lunala|24/100\n|\n|-heal|p2b: Gothitelle|20/100|[from] item: Leftovers\n|-start|p1a: Scream Tail|perish0\n|faint|p1a: Scream Tail\n|-end|p1a: Scream Tail|Protosynthesis|[silent]\n|upkeep\n|\n|t:|1745954345\n|switch|p1a: Gothitelle|Gothitelle, L50, M|100/100\n|turn|8\n|\n|t:|1745954356\n|move|p2a: Lunala|Protect|p2a: Lunala\n|-singleturn|p2a: Lunala|Protect\n|move|p1a: Gothitelle|Fake Out|p2b: Gothitelle\n|-damage|p2b: Gothitelle|15/100\n|move|p1b: Calyrex|Astral Barrage|p2b: Gothitelle|[spread] p2b\n|-activate|p2a: Lunala|move: Protect\n|-supereffective|p2b: Gothitelle\n|-damage|p2b: Gothitelle|0 fnt\n|faint|p2b: Gothitelle\n|-ability|p1b: Calyrex|Grim Neigh|boost\n|-boost|p1b: Calyrex|spa|1\n|\n|upkeep\n|turn|9\n|-message|hyperfern forfeited.\n|raw|devious malarkey's rating: 1129 &rarr; <strong>1150</strong><br />(+21 for winning)\n|raw|hyperfern's rating: 1068 &rarr; <strong>1051</strong><br />(-17 for losing)\n|\n|win|devious malarkey\n|l|\u2606hyperfern\n|player|p2|\n", "uploadtime": 1745954364, "views": 12, "formatid": "gen9vgc2025regibo3", "rating": 1051, "private": 0, "password": null}