{"id": "gen9vgc2025regibo3-2353891263", "format": "[Gen 9] VGC 2025 Reg I (Bo3)", "players": ["spyr0technic", "Galarian Wolfey"], "log": "|j|\u2606spyr0technic\n|j|\u2606Galarian Wolfey\n|html|<table width=\"100%\"><tr><td align=\"left\">spyr0technic</td><td align=\"right\">Galarian Wolfey</tr><tr><td align=\"left\"><i class=\"fa fa-circle-o\"></i> <i class=\"fa fa-circle-o\"></i> </td><td align=\"right\"><i class=\"fa fa-circle-o\"></i> <i class=\"fa fa-circle\"></i> </tr></table>\n|uhtml|bestof|<h2><strong>Game 2</strong> of <a href=\"/game-bestof3-gen9vgc2025regibo3-2353889421\">a best-of-3</a></h2>\n|t:|1746015626\n|gametype|doubles\n|player|p1|spyr0technic|supernerd|1188\n|player|p2|Galarian Wolfey|harlequin|1282\n|teamsize|p1|6\n|teamsize|p2|6\n|gen|9\n|tier|[Gen 9] VGC 2025 Reg I (Bo3)\n|rated|\n|rule|Species Clause: Limit one of each Pok\u00e9mon\n|rule|Item Clause: Limit 1 of each item\n|clearpoke\n|poke|p1|Miraidon, L50|\n|poke|p1|Okidogi, L50, M|\n|poke|p1|Zacian-*, L50|\n|poke|p1|Iron Valiant, L50|\n|poke|p1|Walking Wake, L50|\n|poke|p1|Whimsicott, L50, M|\n|poke|p2|Calyrex-Shadow, L50|\n|poke|p2|Zamazenta-*, L50|\n|poke|p2|Urshifu-*, L50, F|\n|poke|p2|Rillaboom, L50, F|\n|poke|p2|Brute Bonnet, L50|\n|poke|p2|Chien-Pao, L50|\n|teampreview|4\n|showteam|p1|Miraidon||ChoiceSpecs|HadronEngine|DazzlingGleam,DracoMeteor,ElectroDrift,VoltSwitch||||||50|,,,,,Fairy]Okidogi||AssaultVest|GuardDog|UpperHand,DrainPunch,GunkShot,KnockOff|||M|||50|,,,,,Dark]Zacian-Crowned||RustedSword|IntrepidSword|behemothblade,PlayRough,SacredSword,Protect||||||50|,,,,,Water]Iron Valiant||FocusSash|QuarkDrive|AuraSphere,Moonblast,WideGuard,Taunt||||||50|,,,,,Ghost]Walking Wake||BoosterEnergy|Protosynthesis|DracoMeteor,HydroSteam,Flamethrower,Protect||||||50|,,,,,Fire]Whimsicott||CovertCloak|Prankster|Tailwind,FakeTears,Moonblast,Encore|||M|||50|,,,,,Dark\n|showteam|p2|Calyrex-Shadow||FocusSash|AsOneSpectrier|AstralBarrage,Psychic,NastyPlot,Protect||||||50|,,,,,Dark]Zamazenta-Crowned||RustedShield|DauntlessShield|BodyPress,HeavySlam,WideGuard,Protect||||||50|,,,,,Ghost]Urshifu-Rapid-Strike||ChoiceScarf|UnseenFist|SurgingStrikes,AquaJet,CloseCombat,Uturn|||F|||50|,,,,,Water]Rillaboom||AssaultVest|GrassySurge|GrassyGlide,FakeOut,WoodHammer,Uturn|||F|||50|,,,,,Fire]Brute Bonnet||BoosterEnergy|Protosynthesis|Spore,SuckerPunch,SeedBomb,RagePowder||||||50|,,,,,Water]Chien-Pao||LifeOrb|SwordofRuin|IcicleCrash,IceShard,Crunch,Protect||||||50|,,,,,Stellar\n|inactive|Battle timer is ON: inactive players will automatically lose when time's up. (requested by spyr0technic)\n|\n|t:|1746015643\n|start\n|switch|p1a: Zacian|Zacian-Crowned, L50|100/100\n|switch|p1b: Whimsicott|Whimsicott, L50, M|100/100\n|switch|p2a: Urshifu|Urshifu-Rapid-Strike, L50, F|100/100\n|switch|p2b: Chien-Pao|Chien-Pao, L50|100/100\n|-ability|p1a: Zacian|Intrepid Sword|boost\n|-boost|p1a: Zacian|atk|1\n|-ability|p2b: Chien-Pao|Sword of Ruin\n|turn|1\n|\n|t:|1746015663\n|switch|p1b: Miraidon|Miraidon, L50|100/100\n|-fieldstart|move: Electric Terrain|[from] ability: Hadron Engine|[of] p1b: Miraidon\n|-terastallize|p2a: Urshifu|Water\n|move|p2b: Chien-Pao|Ice Shard|p1b: Miraidon\n|-supereffective|p1b: Miraidon\n|-damage|p1b: Miraidon|25/100\n|-damage|p2b: Chien-Pao|91/100|[from] item: Life Orb\n|move|p2a: Urshifu|Surging Strikes|p1b: Miraidon\n|-resisted|p1b: Miraidon\n|-crit|p1b: Miraidon\n|-damage|p1b: Miraidon|6/100\n|-resisted|p1b: Miraidon\n|-crit|p1b: Miraidon\n|-damage|p1b: Miraidon|0 fnt\n|faint|p1b: Miraidon\n|-hitcount|p1: Miraidon|2\n|move|p1a: Zacian|Sacred Sword|p2b: Chien-Pao\n|-supereffective|p2b: Chien-Pao\n|-damage|p2b: Chien-Pao|0 fnt\n|faint|p2b: Chien-Pao\n|\n|upkeep\n|\n|t:|1746015674\n|switch|p2b: Calyrex|Calyrex-Shadow, L50|100/100\n|switch|p1b: Whimsicott|Whimsicott, L50, M|100/100\n|-ability|p2b: Calyrex|As One\n|-ability|p2b: Calyrex|Unnerve\n|turn|2\n|\n|t:|1746015698\n|-terastallize|p1a: Zacian|Water\n|move|p1b: Whimsicott|Tailwind|p1b: Whimsicott\n|-sidestart|p1: spyr0technic|move: Tailwind\n|move|p1a: Zacian|Behemoth Blade|p2b: Calyrex\n|-enditem|p2b: Calyrex|Focus Sash\n|-damage|p2b: Calyrex|1/100\n|move|p2a: Urshifu|Surging Strikes|p1a: Zacian\n|-resisted|p1a: Zacian\n|-crit|p1a: Zacian\n|-damage|p1a: Zacian|88/100\n|-resisted|p1a: Zacian\n|-crit|p1a: Zacian\n|-damage|p1a: Zacian|75/100\n|-resisted|p1a: Zacian\n|-crit|p1a: Zacian\n|-damage|p1a: Zacian|62/100\n|-hitcount|p1a: Zacian|3\n|move|p2b: Calyrex|Astral Barrage|p1a: Zacian|[spread] p1a,p1b\n|-damage|p1a: Zacian|19/100\n|-damage|p1b: Whimsicott|32/100\n|\n|upkeep\n|turn|3\n|inactive|Galarian Wolfey has 30 seconds left.\n|\n|t:|1746015724\n|move|p2b: Calyrex|Protect|p2b: Calyrex\n|-singleturn|p2b: Calyrex|Protect\n|move|p1a: Zacian|Play Rough|p2a: Urshifu\n|-damage|p2a: Urshifu|30/100\n|move|p1b: Whimsicott|Moonblast|p2b: Calyrex\n|-activate|p2b: Calyrex|move: Protect\n|move|p2a: Urshifu|Surging Strikes|p1a: Zacian\n|-resisted|p1a: Zacian\n|-crit|p1a: Zacian\n|-damage|p1a: Zacian|4/100\n|-resisted|p1a: Zacian\n|-crit|p1a: Zacian\n|-damage|p1a: Zacian|0 fnt\n|faint|p1a: Zacian\n|-hitcount|p1: Zacian|2\n|\n|upkeep\n|\n|t:|1746015727\n|switch|p1a: Okidogi|Okidogi, L50, M|100/100\n|turn|4\n|\n|t:|1746015751\n|switch|p2b: Rillaboom|Rillaboom, L50, F|100/100\n|-fieldstart|move: Grassy Terrain|[from] ability: Grassy Surge|[of] p2b: Rillaboom\n|move|p1b: Whimsicott|Moonblast|p2b: Rillaboom\n|-damage|p2b: Rillaboom|86/100\n|-unboost|p2b: Rillaboom|spa|1\n|move|p2a: Urshifu|Surging Strikes|p1a: Okidogi\n|-crit|p1a: Okidogi\n|-damage|p1a: Okidogi|73/100\n|-crit|p1a: Okidogi\n|-damage|p1a: Okidogi|47/100\n|-crit|p1a: Okidogi\n|-damage|p1a: Okidogi|21/100\n|-hitcount|p1a: Okidogi|3\n|move|p1a: Okidogi|Drain Punch|p2a: Urshifu\n|-damage|p2a: Urshifu|0 fnt\n|-heal|p1a: Okidogi|36/100|[from] drain|[of] p2a: Urshifu\n|faint|p2a: Urshifu\n|\n|-heal|p1b: Whimsicott|38/100|[from] Grassy Terrain\n|-heal|p1a: Okidogi|42/100|[from] Grassy Terrain\n|-heal|p2b: Rillaboom|92/100|[from] Grassy Terrain\n|upkeep\n|\n|t:|1746015763\n|switch|p2a: Calyrex|Calyrex-Shadow, L50|1/100\n|-ability|p2a: Calyrex|As One\n|-ability|p2a: Calyrex|Unnerve\n|turn|5\n|\n|t:|1746015775\n|move|p2a: Calyrex|Protect|p2a: Calyrex\n|-singleturn|p2a: Calyrex|Protect\n|move|p2b: Rillaboom|Fake Out|p1a: Okidogi\n|-damage|p1a: Okidogi|31/100\n|move|p1b: Whimsicott|Moonblast|p2a: Calyrex\n|-activate|p2a: Calyrex|move: Protect\n|cant|p1a: Okidogi|flinch\n|\n|-heal|p1b: Whimsicott|44/100|[from] Grassy Terrain\n|-heal|p1a: Okidogi|37/100|[from] Grassy Terrain\n|-heal|p2a: Calyrex|7/100|[from] Grassy Terrain\n|-heal|p2b: Rillaboom|98/100|[from] Grassy Terrain\n|-sideend|p1: spyr0technic|move: Tailwind\n|upkeep\n|turn|6\n|\n|t:|1746015794\n|move|p1b: Whimsicott|Tailwind|p1b: Whimsicott\n|-sidestart|p1: spyr0technic|move: Tailwind\n|move|p1a: Okidogi|Knock Off|p2a: Calyrex\n|-supereffective|p2a: Calyrex\n|-damage|p2a: Calyrex|0 fnt\n|faint|p2a: Calyrex\n|move|p2b: Rillaboom|Wood Hammer|p1a: Okidogi\n|-resisted|p1a: Okidogi\n|-crit|p1a: Okidogi\n|-damage|p1a: Okidogi|0 fnt\n|faint|p1a: Okidogi\n|-damage|p2b: Rillaboom|87/100|[from] Recoil\n|\n|-heal|p1b: Whimsicott|50/100|[from] Grassy Terrain\n|-heal|p2b: Rillaboom|93/100|[from] Grassy Terrain\n|upkeep\n|turn|7\n|-message|spyr0technic forfeited.\n|\n|win|Galarian Wolfey\n|raw|spyr0technic's rating: 1188 &rarr; <strong>1170</strong><br />(-18 for losing)\n|raw|Galarian Wolfey's rating: 1282 &rarr; <strong>1300</strong><br />(+18 for winning)\n|l|\u2606spyr0technic\n|player|p1|\n|l|\u2606Galarian Wolfey\n|player|p2|\n", "uploadtime": 1746016188, "views": 6, "formatid": "gen9vgc2025regibo3", "rating": 1170, "private": 0, "password": null}