{"id": "gen9vgc2025regibo3-2355040290", "format": "[Gen 9] VGC 2025 Reg I (Bo3)", "players": ["maddokyoma", "Jayson_Ubo"], "log": "|j|\u2606maddokyoma\n|j|\u2606Jayson_Ubo\n|html|<table width=\"100%\"><tr><td align=\"left\">maddokyoma</td><td align=\"right\">Jayson_Ubo</tr><tr><td align=\"left\"><i class=\"fa fa-circle\"></i> <i class=\"fa fa-circle-o\"></i> </td><td align=\"right\"><i class=\"fa fa-circle-o\"></i> <i class=\"fa fa-circle-o\"></i> </tr></table>\n|uhtml|bestof|<h2><strong>Game 2</strong> of <a href=\"/game-bestof3-gen9vgc2025regibo3-2355037892\">a best-of-3</a></h2>\n|t:|1746145191\n|gametype|doubles\n|player|p1|maddokyoma|volo|1352\n|player|p2|Jayson_Ubo|hilbert|1312\n|teamsize|p1|6\n|teamsize|p2|6\n|gen|9\n|tier|[Gen 9] VGC 2025 Reg I (Bo3)\n|rated|\n|rule|Species Clause: Limit one of each Pok\u00e9mon\n|rule|Item Clause: Limit 1 of each item\n|clearpoke\n|poke|p1|Miraidon, L50|\n|poke|p1|Iron Hands, L50|\n|poke|p1|Pelipper, L50, M|\n|poke|p1|Ogerpon-Wellspring, L50, F|\n|poke|p1|Farigiraf, L50, F|\n|poke|p1|Calyrex-Ice, L50|\n|poke|p2|Sneasler, L50, M|\n|poke|p2|Calyrex-Shadow, L50|\n|poke|p2|Chi-Yu, L50|\n|poke|p2|Miraidon, L50|\n|poke|p2|Dondozo, L50, M|\n|poke|p2|Tatsugiri-Droopy, L50, M|\n|teampreview|4\n|showteam|p1|Miraidon||LifeOrb|HadronEngine|Protect,DracoMeteor,ElectroDrift,VoltSwitch||||||50|,,,,,Electric]Iron Hands||ElectricSeed|QuarkDrive|Protect,SwordsDance,DrainPunch,ThunderPunch||||||50|,,,,,Grass]Pelipper||FocusSash|Drizzle|Tailwind,WideGuard,WeatherBall,Hurricane|||M|||50|,,,,,Ground]Ogerpon-Wellspring||WellspringMask|WaterAbsorb|FollowMe,SwordsDance,IvyCudgel,SpikyShield|||F|||50|,,,,,Water]Farigiraf||RockyHelmet|ArmorTail|DazzlingGleam,Protect,HelpingHand,TrickRoom|||F|||50|,,,,,Fairy]Calyrex-Ice||ClearAmulet|AsOneGlastrier|GlacialLance,HighHorsepower,TrickRoom,Protect||||||50|,,,,,Normal\n|showteam|p2|Sneasler||ElectricSeed|Unburden|CloseCombat,ToxicSpikes,FakeOut,DireClaw|||M|||50|,,,,,Dark]Calyrex-Shadow||LifeOrb|AsOneSpectrier|AstralBarrage,Disable,Protect,Psychic||||||50|,,,,,Dark]Chi-Yu||ChoiceScarf|BeadsofRuin|HeatWave,DarkPulse,Snarl,Overheat||||||50|,,,,,Ghost]Miraidon||AssaultVest|HadronEngine|ElectroDrift,DazzlingGleam,VoltSwitch,DracoMeteor||||||50|,,,,,Fairy]Dondozo||Leftovers|Unaware|Earthquake,BodyPress,Protect,OrderUp|||M|||50|,,,,,Grass]Tatsugiri-Droopy||FocusSash|Commander|DracoMeteor,HelpingHand,Protect,MuddyWater|||M|||50|,,,,,Stellar\n|inactive|Battle timer is ON: inactive players will automatically lose when time's up. (requested by Jayson_Ubo)\n|inactive|maddokyoma has 60 seconds left.\n|\n|t:|1746145222\n|start\n|switch|p1a: Miraidon|Miraidon, L50|100/100\n|switch|p1b: Calyrex|Calyrex-Ice, L50|100/100\n|switch|p2a: Sneasler|Sneasler, L50, M|100/100\n|switch|p2b: Miraidon|Miraidon, L50|100/100\n|-ability|p1b: Calyrex|As One\n|-ability|p1b: Calyrex|Unnerve\n|-fieldstart|move: Electric Terrain|[from] ability: Hadron Engine|[of] p1a: Miraidon\n|-enditem|p2a: Sneasler|Electric Seed\n|-boost|p2a: Sneasler|def|1|[from] item: Electric Seed\n|-activate|p2b: Miraidon|ability: Hadron Engine\n|turn|1\n|inactive|maddokyoma has 30 seconds left.\n|\n|t:|1746145250\n|-terastallize|p2b: Miraidon|Fairy\n|move|p2a: Sneasler|Fake Out|p1b: Calyrex\n|-damage|p1b: Calyrex|91/100\n|move|p1a: Miraidon|Electro Drift|p2a: Sneasler\n|-damage|p2a: Sneasler|0 fnt\n|faint|p2a: Sneasler\n|-damage|p1a: Miraidon|91/100|[from] item: Life Orb\n|move|p2b: Miraidon|Dazzling Gleam|p1a: Miraidon|[spread] p1a,p1b\n|-supereffective|p1a: Miraidon\n|-damage|p1a: Miraidon|4/100\n|-damage|p1b: Calyrex|62/100\n|cant|p1b: Calyrex|flinch\n|\n|upkeep\n|\n|t:|1746145266\n|switch|p2a: Tatsugiri|Tatsugiri-Droopy, L50, M|100/100\n|turn|2\n|\n|t:|1746145282\n|-terastallize|p1a: Miraidon|Electric\n|move|p1a: Miraidon|Electro Drift|p2b: Miraidon\n|-damage|p2b: Miraidon|13/100\n|-damage|p1a: Miraidon|0 fnt|[from] item: Life Orb\n|faint|p1a: Miraidon\n|move|p2b: Miraidon|Dazzling Gleam|p1b: Calyrex\n|-damage|p1b: Calyrex|21/100\n|move|p2a: Tatsugiri|Draco Meteor|p1b: Calyrex\n|-damage|p1b: Calyrex|0 fnt\n|-unboost|p2a: Tatsugiri|spa|2\n|faint|p1b: Calyrex\n|\n|upkeep\n|\n|t:|1746145296\n|switch|p1a: Pelipper|Pelipper, L50, M|100/100\n|switch|p1b: Iron Hands|Iron Hands, L50|100/100\n|-weather|RainDance|[from] ability: Drizzle|[of] p1a: Pelipper\n|-enditem|p1b: Iron Hands|Electric Seed\n|-boost|p1b: Iron Hands|def|1|[from] item: Electric Seed\n|-activate|p1b: Iron Hands|ability: Quark Drive\n|-start|p1b: Iron Hands|quarkdriveatk\n|turn|3\n|\n|t:|1746145311\n|move|p2a: Tatsugiri|Protect|p2a: Tatsugiri\n|-singleturn|p2a: Tatsugiri|Protect\n|move|p1a: Pelipper|Wide Guard|p1a: Pelipper\n|-singleturn|p1a: Pelipper|Wide Guard\n|move|p2b: Miraidon|Volt Switch|p1a: Pelipper\n|-supereffective|p1a: Pelipper\n|-enditem|p1a: Pelipper|Focus Sash\n|-damage|p1a: Pelipper|1/100\n|\n|t:|1746145313\n|switch|p2b: Dondozo|Dondozo, L50, M|100/100|[from] Volt Switch\n|-activate|p2a: Tatsugiri|ability: Commander|[of] p2b: Dondozo\n|-boost|p2b: Dondozo|atk|2\n|-boost|p2b: Dondozo|spa|2\n|-boost|p2b: Dondozo|spe|2\n|-boost|p2b: Dondozo|def|2\n|-boost|p2b: Dondozo|spd|2\n|move|p1b: Iron Hands|Thunder Punch|p2b: Dondozo\n|-supereffective|p2b: Dondozo\n|-damage|p2b: Dondozo|58/100\n|\n|-weather|RainDance|[upkeep]\n|-heal|p2b: Dondozo|64/100|[from] item: Leftovers\n|upkeep\n|turn|4\n|inactive|maddokyoma has 30 seconds left.\n|\n|t:|1746145340\n|move|p1a: Pelipper|Wide Guard|p1a: Pelipper\n|-singleturn|p1a: Pelipper|Wide Guard\n|move|p2b: Dondozo|Order Up|p1a: Pelipper\n|-damage|p1a: Pelipper|0 fnt\n|faint|p1a: Pelipper\n|-boost|p2b: Dondozo|def|1\n|move|p1b: Iron Hands|Thunder Punch|p2b: Dondozo\n|-supereffective|p2b: Dondozo\n|-damage|p2b: Dondozo|29/100\n|\n|-weather|RainDance|[upkeep]\n|-heal|p2b: Dondozo|35/100|[from] item: Leftovers\n|upkeep\n|turn|5\n|\n|t:|1746145357\n|move|p2b: Dondozo|Earthquake|p1b: Iron Hands|[spread] p1b\n|-miss|p2b: Dondozo|p2a: Tatsugiri\n|-supereffective|p1b: Iron Hands\n|-damage|p1b: Iron Hands|57/100\n|move|p1b: Iron Hands|Thunder Punch|p2b: Dondozo\n|-supereffective|p2b: Dondozo\n|-damage|p2b: Dondozo|0 fnt\n|faint|p2b: Dondozo\n|\n|-weather|RainDance|[upkeep]\n|-fieldend|move: Electric Terrain\n|-end|p1b: Iron Hands|Quark Drive\n|upkeep\n|\n|t:|1746145360\n|switch|p2b: Miraidon|Miraidon, L50, tera:Fairy|13/100\n|-fieldstart|move: Electric Terrain|[from] ability: Hadron Engine|[of] p2b: Miraidon\n|-activate|p1b: Iron Hands|ability: Quark Drive\n|-start|p1b: Iron Hands|quarkdriveatk\n|turn|6\n|\n|t:|1746145367\n|move|p2b: Miraidon|Dazzling Gleam|p1b: Iron Hands\n|-supereffective|p1b: Iron Hands\n|-damage|p1b: Iron Hands|0 fnt\n|faint|p1b: Iron Hands\n|-end|p1b: Iron Hands|Quark Drive|[silent]\n|\n|win|Jayson_Ubo\n", "uploadtime": 1746145369, "views": 20, "formatid": "gen9vgc2025regibo3", "rating": null, "private": 0, "password": null}