{"id": "gen9vgc2025regibo3-2354302864", "format": "[Gen 9] VGC 2025 Reg I (Bo3)", "players": ["atrixmj", "Chaotic Raos"], "log": "|j|\u2606atrixmj\n|j|\u2606Chaotic Raos\n|html|<table width=\"100%\"><tr><td align=\"left\">atrixmj</td><td align=\"right\">Chaotic Raos</tr><tr><td align=\"left\"><i class=\"fa fa-circle\"></i> <i class=\"fa fa-circle-o\"></i> </td><td align=\"right\"><i class=\"fa fa-circle-o\"></i> <i class=\"fa fa-circle-o\"></i> </tr></table>\n|uhtml|bestof|<h2><strong>Game 2</strong> of <a href=\"/game-bestof3-gen9vgc2025regibo3-2354301436\">a best-of-3</a></h2>\n|t:|1746054951\n|gametype|doubles\n|player|p1|atrixmj|265|1401\n|player|p2|Chaotic Raos|bellelba|1363\n|teamsize|p1|6\n|teamsize|p2|6\n|gen|9\n|tier|[Gen 9] VGC 2025 Reg I (Bo3)\n|rated|\n|rule|Species Clause: Limit one of each Pok\u00e9mon\n|rule|Item Clause: Limit 1 of each item\n|clearpoke\n|poke|p1|Lunala, L50|\n|poke|p1|Koraidon, L50|\n|poke|p1|Chi-Yu, L50|\n|poke|p1|Ursaluna, L50, M|\n|poke|p1|Flutter Mane, L50|\n|poke|p1|Indeedee-F, L50, F|\n|poke|p2|Kyogre, L50|\n|poke|p2|Tornadus, L50, M|\n|poke|p2|Zacian-*, L50|\n|poke|p2|Amoonguss, L50, M|\n|poke|p2|Iron Hands, L50|\n|poke|p2|Flutter Mane, L50|\n|teampreview|4\n|showteam|p1|Lunala||SafetyGoggles|ShadowShield|MoongeistBeam,ExpandingForce,WideGuard,TrickRoom||||||50|,,,,,Water]Koraidon||LifeOrb|OrichalcumPulse|CloseCombat,FlareBlitz,FlameCharge,Protect||||||50|,,,,,Fire]Chi-Yu||ChoiceScarf|BeadsofRuin|HeatWave,Flamethrower,DarkPulse,Snarl||||||50|,,,,,Fire]Ursaluna||FlameOrb|Guts|Facade,HeadlongRush,Earthquake,Protect|||M|||50|,,,,,Ghost]Flutter Mane||FocusSash|Protosynthesis|Moonblast,IcyWind,Taunt,Protect||||||50|,,,,,Fairy]Indeedee-F||RockyHelmet|PsychicSurge|Psychic,FollowMe,HelpingHand,TrickRoom|||F|||50|,,,,,Water\n|showteam|p2|Kyogre||MysticWater|Drizzle|WaterSpout,OriginPulse,Protect,IceBeam||||||50|,,,,,Grass]Tornadus||CovertCloak|Prankster|Tailwind,BleakwindStorm,Taunt,RainDance|||M|||50|,,,,,Dark]Zacian-Crowned||RustedSword|IntrepidSword|behemothblade,PlayRough,SacredSword,Protect||||||50|,,,,,Water]Amoonguss||RockyHelmet|Regenerator|Spore,RagePowder,PollenPuff,Protect|||M|||50|,,,,,Water]Iron Hands||AssaultVest|QuarkDrive|FakeOut,WildCharge,DrainPunch,LowKick||||||50|,,,,,Grass]Flutter Mane||BoosterEnergy|Protosynthesis|ShadowBall,DazzlingGleam,IcyWind,Protect||||||50|,,,,,Fairy\n|inactive|Battle timer is ON: inactive players will automatically lose when time's up. (requested by atrixmj)\n|\n|t:|1746054976\n|start\n|switch|p1a: M. LOVE|Lunala, L50, shiny|100/100\n|switch|p1b: TETOTETOTETO|Indeedee-F, L50, F|100/100\n|switch|p2a: Flutter Mane|Flutter Mane, L50|100/100\n|switch|p2b: Kyogre|Kyogre, L50|100/100\n|-weather|RainDance|[from] ability: Drizzle|[of] p2b: Kyogre\n|-fieldstart|move: Psychic Terrain|[from] ability: Psychic Surge|[of] p1b: TETOTETOTETO\n|-enditem|p2a: Flutter Mane|Booster Energy\n|-activate|p2a: Flutter Mane|ability: Protosynthesis|[fromitem]\n|-start|p2a: Flutter Mane|protosynthesisspe\n|turn|1\n|inactive|atrixmj has 30 seconds left.\n|inactive|Chaotic Raos has 30 seconds left.\n|inactive|atrixmj has 20 seconds left.\n|\n|t:|1746055013\n|-terastallize|p1a: M. LOVE|Water\n|move|p1a: M. LOVE|Wide Guard|p1a: M. LOVE\n|-singleturn|p1a: M. LOVE|Wide Guard\n|move|p2a: Flutter Mane|Shadow Ball|p1a: M. LOVE\n|-damage|p1a: M. LOVE|84/100\n|-unboost|p1a: M. LOVE|spd|1\n|move|p2b: Kyogre|Water Spout|p1a: M. LOVE|[spread] \n|-activate|p1a: M. LOVE|move: Wide Guard\n|-activate|p1b: TETOTETOTETO|move: Wide Guard\n|move|p1b: TETOTETOTETO|Trick Room|p1b: TETOTETOTETO\n|-fieldstart|move: Trick Room|[of] p1b: TETOTETOTETO\n|\n|-weather|RainDance|[upkeep]\n|upkeep\n|turn|2\n|\n|t:|1746055030\n|move|p1b: TETOTETOTETO|Helping Hand|p1a: M. LOVE\n|-singleturn|p1a: M. LOVE|Helping Hand|[of] p1b: TETOTETOTETO\n|move|p2b: Kyogre|Protect|p2b: Kyogre\n|-singleturn|p2b: Kyogre|Protect\n|move|p2a: Flutter Mane|Protect|p2a: Flutter Mane\n|-singleturn|p2a: Flutter Mane|Protect\n|move|p1a: M. LOVE|Expanding Force|p2a: Flutter Mane|[spread] \n|-activate|p2a: Flutter Mane|move: Protect\n|-activate|p2b: Kyogre|move: Protect\n|\n|-weather|RainDance|[upkeep]\n|upkeep\n|turn|3\n|\n|t:|1746055044\n|-end|p2a: Flutter Mane|Protosynthesis|[silent]\n|switch|p2a: Zacian|Zacian-Crowned, L50|100/100\n|-ability|p2a: Zacian|Intrepid Sword|boost\n|-boost|p2a: Zacian|atk|1\n|move|p1b: TETOTETOTETO|Helping Hand|p1a: M. LOVE\n|-singleturn|p1a: M. LOVE|Helping Hand|[of] p1b: TETOTETOTETO\n|move|p2b: Kyogre|Origin Pulse|p1a: M. LOVE|[spread] p1a,p1b\n|-resisted|p1a: M. LOVE\n|-damage|p1a: M. LOVE|36/100\n|-damage|p1b: TETOTETOTETO|12/100\n|move|p1a: M. LOVE|Expanding Force|p2a: Zacian|[spread] p2a,p2b\n|-resisted|p2a: Zacian\n|-damage|p2a: Zacian|57/100\n|-damage|p2b: Kyogre|36/100\n|\n|-weather|RainDance|[upkeep]\n|upkeep\n|turn|4\n|inactive|atrixmj has 30 seconds left.\n|inactive|Chaotic Raos has 30 seconds left.\n|inactive|atrixmj has 20 seconds left.\n|inactive|Chaotic Raos has 20 seconds left.\n|\n|t:|1746055085\n|move|p1b: TETOTETOTETO|Helping Hand|p1a: M. LOVE\n|-singleturn|p1a: M. LOVE|Helping Hand|[of] p1b: TETOTETOTETO\n|move|p2b: Kyogre|Ice Beam|p1b: TETOTETOTETO\n|-damage|p1b: TETOTETOTETO|0 fnt\n|faint|p1b: TETOTETOTETO\n|move|p1a: M. LOVE|Expanding Force|p2b: Kyogre|[spread] p2a,p2b\n|-resisted|p2a: Zacian\n|-crit|p2b: Kyogre\n|-damage|p2a: Zacian|15/100\n|-damage|p2b: Kyogre|0 fnt\n|faint|p2b: Kyogre\n|move|p2a: Zacian|Sacred Sword|p1a: M. LOVE\n|-damage|p1a: M. LOVE|0 fnt\n|faint|p1a: M. LOVE\n|\n|-weather|RainDance|[upkeep]\n|upkeep\n|\n|t:|1746055099\n|switch|p1b: ULTRA TRAILER|Koraidon, L50|100/100\n|switch|p2b: Iron Hands|Iron Hands, L50|100/100\n|switch|p1a: PINK SLIME|Ursaluna, L50, M, shiny|100/100\n|-weather|SunnyDay|[from] ability: Orichalcum Pulse|[of] p1b: ULTRA TRAILER\n|-activate|p1b: ULTRA TRAILER|Orichalcum Pulse|[source]\n|turn|5\n|\n|t:|1746055117\n|move|p2a: Zacian|Protect|p2a: Zacian\n|-singleturn|p2a: Zacian|Protect\n|move|p2b: Iron Hands|Low Kick|p1b: ULTRA TRAILER\n|-crit|p1b: ULTRA TRAILER\n|-damage|p1b: ULTRA TRAILER|3/100\n|move|p1a: PINK SLIME|Headlong Rush|p2b: Iron Hands\n|-supereffective|p2b: Iron Hands\n|-damage|p2b: Iron Hands|0 fnt\n|-unboost|p1a: PINK SLIME|def|1\n|-unboost|p1a: PINK SLIME|spd|1\n|faint|p2b: Iron Hands\n|-end|p2b: Iron Hands|Quark Drive|[silent]\n|move|p1b: ULTRA TRAILER|Flame Charge|p2a: Zacian\n|-activate|p2a: Zacian|move: Protect\n|\n|-weather|SunnyDay|[upkeep]\n|-fieldend|move: Trick Room\n|-fieldend|move: Psychic Terrain\n|-status|p1a: PINK SLIME|brn|[from] item: Flame Orb\n|upkeep\n|-message|atrixmj forfeited.\n|\n|win|Chaotic Raos\n|l|\u2606atrixmj\n|player|p1|\n||atrixmj is ready for game 3.\n||Chaotic Raos is ready for game 3.\n|uhtml|next|Next: <a href=\"/battle-gen9vgc2025regibo3-2354304483\"><strong>Game 3 of 3</strong></a>\n", "uploadtime": 1746055314, "views": 16, "formatid": "gen9vgc2025regibo3", "rating": null, "private": 0, "password": null}