{"id": "gen9vgc2025regibo3-2354895056", "format": "[Gen 9] VGC 2025 Reg I (Bo3)", "players": ["Danidelaserna20", "Vienna Vaporeons"], "log": "|j|\u2606Danidelaserna20\n|j|\u2606Vienna Vaporeons\n|html|<table width=\"100%\"><tr><td align=\"left\">Danidelaserna20</td><td align=\"right\">Vienna Vaporeons</tr><tr><td align=\"left\"><i class=\"fa fa-circle\"></i> <i class=\"fa fa-circle-o\"></i> </td><td align=\"right\"><i class=\"fa fa-circle-o\"></i> <i class=\"fa fa-circle-o\"></i> </tr></table>\n|uhtml|bestof|<h2><strong>Game 2</strong> of <a href=\"/game-bestof3-gen9vgc2025regibo3-2354892045\">a best-of-3</a></h2>\n|t:|1746129373\n|gametype|doubles\n|player|p1|Danidelaserna20|benga|1188\n|player|p2|Vienna Vaporeons|265|1230\n|teamsize|p1|6\n|teamsize|p2|6\n|gen|9\n|tier|[Gen 9] VGC 2025 Reg I (Bo3)\n|rated|\n|rule|Species Clause: Limit one of each Pok\u00e9mon\n|rule|Item Clause: Limit 1 of each item\n|clearpoke\n|poke|p1|Zacian-*, L50|\n|poke|p1|Rillaboom, L50, F|\n|poke|p1|Incineroar, L50, M|\n|poke|p1|Iron Valiant, L50|\n|poke|p1|Tornadus, L50, M|\n|poke|p1|Lunala, L50|\n|poke|p2|Zamazenta-*, L50|\n|poke|p2|Calyrex-Shadow, L50|\n|poke|p2|Tornadus, L50, M|\n|poke|p2|Urshifu-*, L50, M|\n|poke|p2|Rillaboom, L50, M|\n|poke|p2|Chien-Pao, L50|\n|teampreview|4\n|showteam|p1|Zacian-Crowned||RustedSword|IntrepidSword|PlayRough,SacredSword,behemothblade,Protect||||||50|,,,,,Water]Rillaboom||AssaultVest|GrassySurge|FakeOut,DrumBeating,GrassyGlide,Uturn|||F|||50|,,,,,Fire]Incineroar||RockyHelmet|Intimidate|FakeOut,KnockOff,PartingShot,WillOWisp|||M|||50|,,,,,Water]Iron Valiant||BoosterEnergy|QuarkDrive|Coaching,WideGuard,SpiritBreak,Taunt||||||50|,,,,,Ghost]Tornadus||AbilityShield|Prankster|Tailwind,Protect,BleakwindStorm,RainDance|||M|||50|,,,,,Grass]Lunala||Leftovers|ShadowShield|MoongeistBeam,Moonblast,CalmMind,Protect||||||50|,,,,,Fairy\n|showteam|p2|Zamazenta-Crowned||RustedShield|DauntlessShield|BodyPress,HeavySlam,WideGuard,Protect||||||50|,,,,,Ghost]Calyrex-Shadow||FocusSash|AsOneSpectrier|AstralBarrage,Psychic,Encore,Protect||||||50|,,,,,Ghost]Tornadus||RockyHelmet|Prankster|BleakwindStorm,Tailwind,RainDance,Protect|||M|||50|,,,,,Dark]Urshifu-Rapid-Strike||MysticWater|UnseenFist|AquaJet,SurgingStrikes,CloseCombat,Detect|||M|||50|,,,,,Water]Rillaboom||AssaultVest|GrassySurge|FakeOut,WoodHammer,GrassyGlide,Uturn|||M|||50|,,,,,Fire]Chien-Pao||LifeOrb|SwordofRuin|SuckerPunch,IcicleCrash,IceShard,Protect||||||50|,,,,,Stellar\n|inactive|Battle timer is ON: inactive players will automatically lose when time's up. (requested by Vienna Vaporeons)\n|\n|t:|1746129386\n|start\n|switch|p1a: Incineroar|Incineroar, L50, M|100/100\n|switch|p1b: Tornadus|Tornadus, L50, M, shiny|100/100\n|switch|p2a: Tornadus|Tornadus, L50, M|100/100\n|switch|p2b: Calyrex|Calyrex-Shadow, L50|100/100\n|-ability|p2b: Calyrex|As One\n|-ability|p2b: Calyrex|Unnerve\n|-ability|p1a: Incineroar|Intimidate|boost\n|-unboost|p2a: Tornadus|atk|1\n|-unboost|p2b: Calyrex|atk|1\n|turn|1\n|\n|t:|1746129399\n|move|p1b: Tornadus|Protect|p1b: Tornadus\n|-singleturn|p1b: Tornadus|Protect\n|move|p2a: Tornadus|Tailwind|p2a: Tornadus\n|-sidestart|p2: Vienna Vaporeons|move: Tailwind\n|move|p2b: Calyrex|Encore|p1b: Tornadus\n|-activate|p1b: Tornadus|move: Protect\n|move|p1a: Incineroar|Parting Shot|p2b: Calyrex\n|-unboost|p2b: Calyrex|atk|1\n|-unboost|p2b: Calyrex|spa|1\n|\n|t:|1746129416\n|switch|p1a: Iron Valiant|Iron Valiant, L50|100/100|[from] Parting Shot\n|-enditem|p1a: Iron Valiant|Booster Energy\n|-activate|p1a: Iron Valiant|ability: Quark Drive|[fromitem]\n|-start|p1a: Iron Valiant|quarkdrivespe\n|\n|upkeep\n|turn|2\n|\n|t:|1746129424\n|-end|p1a: Iron Valiant|Quark Drive|[silent]\n|switch|p1a: Incineroar|Incineroar, L50, M|100/100\n|-ability|p1a: Incineroar|Intimidate|boost\n|-unboost|p2a: Tornadus|atk|1\n|-unboost|p2b: Calyrex|atk|1\n|move|p2b: Calyrex|Psychic|p1a: Incineroar\n|-immune|p1a: Incineroar\n|move|p2a: Tornadus|Bleakwind Storm|p1a: Incineroar|[spread] p1a\n|-miss|p2a: Tornadus|p1b: Tornadus\n|-damage|p1a: Incineroar|66/100\n|move|p1b: Tornadus|Bleakwind Storm|p2a: Tornadus|[spread] p2a,p2b\n|-damage|p2a: Tornadus|56/100\n|-damage|p2b: Calyrex|68/100\n|\n|upkeep\n|turn|3\n|\n|t:|1746129448\n|switch|p2b: Zamazenta|Zamazenta-Crowned, L50|100/100\n|-ability|p2b: Zamazenta|Dauntless Shield|boost\n|-boost|p2b: Zamazenta|def|1\n|move|p2a: Tornadus|Bleakwind Storm|p1a: Incineroar|[spread] p1b\n|-miss|p2a: Tornadus|p1a: Incineroar\n|-damage|p1b: Tornadus|63/100\n|move|p1b: Tornadus|Bleakwind Storm|p2b: Zamazenta|[spread] p2b\n|-miss|p1b: Tornadus|p2a: Tornadus\n|-damage|p2b: Zamazenta|76/100\n|move|p1a: Incineroar|Will-O-Wisp|p2b: Zamazenta\n|-status|p2b: Zamazenta|brn\n|\n|-damage|p2b: Zamazenta|70/100 brn|[from] brn\n|upkeep\n|turn|4\n|\n|t:|1746129467\n|switch|p1a: Lunala|Lunala, L50|100/100\n|move|p2b: Zamazenta|Heavy Slam|p1a: Lunala\n|-damage|p1a: Lunala|90/100\n|move|p2a: Tornadus|Bleakwind Storm|p1b: Tornadus|[spread] p1a,p1b\n|-damage|p1a: Lunala|69/100\n|-damage|p1b: Tornadus|25/100\n|move|p1b: Tornadus|Bleakwind Storm|p2a: Tornadus|[spread] p2a,p2b\n|-damage|p2a: Tornadus|12/100\n|-damage|p2b: Zamazenta|43/100 brn\n|-unboost|p2a: Tornadus|spe|1\n|\n|-heal|p1a: Lunala|75/100|[from] item: Leftovers\n|-damage|p2b: Zamazenta|37/100 brn|[from] brn\n|-sideend|p2: Vienna Vaporeons|move: Tailwind\n|upkeep\n|turn|5\n|\n|t:|1746129487\n|switch|p1b: Incineroar|Incineroar, L50, M|66/100\n|-ability|p1b: Incineroar|Intimidate|boost\n|-unboost|p2a: Tornadus|atk|1\n|-unboost|p2b: Zamazenta|atk|1\n|move|p2a: Tornadus|Tailwind|p2a: Tornadus\n|-sidestart|p2: Vienna Vaporeons|move: Tailwind\n|move|p2b: Zamazenta|Body Press|p1b: Incineroar\n|-supereffective|p1b: Incineroar\n|-damage|p1b: Incineroar|0 fnt\n|-damage|p2b: Zamazenta|21/100 brn|[from] item: Rocky Helmet|[of] p1b: Incineroar\n|faint|p1b: Incineroar\n|move|p1a: Lunala|Calm Mind|p1a: Lunala\n|-boost|p1a: Lunala|spa|1\n|-boost|p1a: Lunala|spd|1\n|\n|-heal|p1a: Lunala|82/100|[from] item: Leftovers\n|-damage|p2b: Zamazenta|15/100 brn|[from] brn\n|upkeep\n|\n|t:|1746129506\n|switch|p1b: Iron Valiant|Iron Valiant, L50|100/100\n|turn|6\n|\n|t:|1746129522\n|switch|p2b: Urshifu|Urshifu-Rapid-Strike, L50, M|100/100\n|-terastallize|p1b: Iron Valiant|Ghost\n|move|p1b: Iron Valiant|Wide Guard|p1b: Iron Valiant\n|-singleturn|p1b: Iron Valiant|Wide Guard\n|move|p2a: Tornadus|Rain Dance|p2a: Tornadus\n|-weather|RainDance\n|move|p1a: Lunala|Calm Mind|p1a: Lunala\n|-boost|p1a: Lunala|spa|1\n|-boost|p1a: Lunala|spd|1\n|\n|-weather|RainDance|[upkeep]\n|-heal|p1a: Lunala|88/100|[from] item: Leftovers\n|upkeep\n|turn|7\n|inactive|Danidelaserna20 has 30 seconds left.\n|inactive|Danidelaserna20 has 20 seconds left.\n|inactive|Danidelaserna20 has 15 seconds left.\n|\n|t:|1746129564\n|switch|p2a: Calyrex|Calyrex-Shadow, L50|68/100\n|-ability|p2a: Calyrex|As One\n|-ability|p2a: Calyrex|Unnerve\n|switch|p1a: Tornadus|Tornadus, L50, M, shiny|25/100\n|-terastallize|p2b: Urshifu|Water\n|move|p2b: Urshifu|Surging Strikes|p1a: Tornadus\n|-crit|p1a: Tornadus\n|-damage|p1a: Tornadus|0 fnt\n|faint|p1a: Tornadus\n|-hitcount|p1: Tornadus|1\n|move|p1b: Iron Valiant|Spirit Break|p2b: Urshifu\n|-damage|p2b: Urshifu|69/100\n|-unboost|p2b: Urshifu|spa|1\n|\n|-weather|RainDance|[upkeep]\n|upkeep\n|\n|t:|1746129580\n|switch|p1a: Lunala|Lunala, L50|88/100\n|turn|8\n|\n|t:|1746129585\n|move|p1b: Iron Valiant|Wide Guard|p1b: Iron Valiant\n|-singleturn|p1b: Iron Valiant|Wide Guard\n|move|p2a: Calyrex|Astral Barrage|p1a: Lunala|[spread] \n|-activate|p1a: Lunala|move: Wide Guard\n|-activate|p1b: Iron Valiant|move: Wide Guard\n|move|p2b: Urshifu|Surging Strikes|p1a: Lunala\n|-crit|p1a: Lunala\n|-damage|p1a: Lunala|50/100\n|-crit|p1a: Lunala\n|-damage|p1a: Lunala|10/100\n|-crit|p1a: Lunala\n|-damage|p1a: Lunala|0 fnt\n|faint|p1a: Lunala\n|-hitcount|p1: Lunala|3\n|\n|-weather|RainDance|[upkeep]\n|-sideend|p2: Vienna Vaporeons|move: Tailwind\n|upkeep\n|turn|9\n|-message|Danidelaserna20 forfeited.\n|\n|win|Vienna Vaporeons\n", "uploadtime": 1746129592, "views": 5, "formatid": "gen9vgc2025regibo3", "rating": null, "private": 0, "password": null}