{"id": "gen9vgc2025regibo3-2354458270", "format": "[Gen 9] VGC 2025 Reg I (Bo3)", "players": ["gingerv", "idkloldude"], "log": "|j|\u2606gingerv\n|j|\u2606idkloldude\n|html|<table width=\"100%\"><tr><td align=\"left\">gingerv</td><td align=\"right\">idkloldude</tr><tr><td align=\"left\"><i class=\"fa fa-circle\"></i> <i class=\"fa fa-circle-o\"></i> </td><td align=\"right\"><i class=\"fa fa-circle-o\"></i> <i class=\"fa fa-circle\"></i> </tr></table>\n|uhtml|bestof|<h2><strong>Game 3</strong> of <a href=\"/game-bestof3-gen9vgc2025regibo3-2354455057\">a best-of-3</a></h2>\n|t:|1746074675\n|gametype|doubles\n|player|p1|gingerv|102|\n|player|p2|idkloldude|elesa|\n|teamsize|p1|6\n|teamsize|p2|6\n|gen|9\n|tier|[Gen 9] VGC 2025 Reg I (Bo3)\n|rule|Species Clause: Limit one of each Pok\u00e9mon\n|rule|Item Clause: Limit 1 of each item\n|clearpoke\n|poke|p1|Calyrex-Shadow, L50|\n|poke|p1|Terapagos, L50, M|\n|poke|p1|Rillaboom, L50, F|\n|poke|p1|Incineroar, L50, F|\n|poke|p1|Urshifu-*, L50, M|\n|poke|p1|Amoonguss, L50, M|\n|poke|p2|Calyrex-Shadow, L50|\n|poke|p2|Terapagos, L50, M|\n|poke|p2|Rillaboom, L50, M|\n|poke|p2|Incineroar, L50, M|\n|poke|p2|Urshifu-*, L50, F|\n|poke|p2|Ogerpon-Cornerstone, L50, F|\n|teampreview|4\n|showteam|p1|Calyrex-Shadow||FocusSash|AsOneSpectrier|AstralBarrage,Encore,Disable,Protect||||||50|,,,,,Ghost]Terapagos||Leftovers|TeraShift|TeraStarstorm,EarthPower,CalmMind,Protect|||M|||50|,,,,,Stellar]Rillaboom||AssaultVest|GrassySurge|WoodHammer,GrassyGlide,FakeOut,Uturn|||F|||50|,,,,,Fire]Incineroar||SafetyGoggles|Intimidate|KnockOff,WillOWisp,FakeOut,PartingShot|||F|||50|,,,,,Water]Urshifu-Rapid-Strike||ChoiceScarf|UnseenFist|CloseCombat,SurgingStrikes,Uturn,AquaJet|||M|||50|,,,,,Water]Amoonguss||RockyHelmet|Regenerator|SludgeBomb,RagePowder,Spore,Protect|||M|||50|,,,,,Water\n|showteam|p2|Calyrex-Shadow||FocusSash|AsOneSpectrier|AstralBarrage,WillOWisp,Disable,Protect||||||50|,,,,,Ghost]Terapagos||Leftovers|TeraShift|TeraStarstorm,CalmMind,EarthPower,Protect|||M|||50|,,,,,Stellar]Rillaboom||AssaultVest|GrassySurge|WoodHammer,GrassyGlide,Uturn,FakeOut|||M|||50|,,,,,Grass]Incineroar||SafetyGoggles|Intimidate|KnockOff,FakeOut,PartingShot,WillOWisp|||M|||50|,,,,,Ghost]Urshifu-Rapid-Strike||ChoiceScarf|UnseenFist|SurgingStrikes,CloseCombat,AquaJet,Uturn|||F|||50|,,,,,Water]Ogerpon-Cornerstone||CornerstoneMask|Sturdy|IvyCudgel,SpikyShield,FollowMe,PowerWhip|||F|||50|,,,,,Rock\n|inactive|Battle timer is ON: inactive players will automatically lose when time's up. (requested by idkloldude)\n|j| loudboxx\n|inactive|idkloldude has 60 seconds left.\n|\n|t:|1746074707\n|start\n|switch|p1a: Terapagos|Terapagos, L50, M|100/100\n|switch|p1b: Rillaboom|Rillaboom, L50, F|100/100\n|switch|p2a: Incineroar|Incineroar, L50, M|100/100\n|switch|p2b: Terapagos|Terapagos, L50, M|100/100\n|-activate|p1a: Terapagos|ability: Tera Shift\n|detailschange|p1a: Terapagos|Terapagos-Terastal, L50, M\n|-heal|p1a: Terapagos|100/100|[silent]\n|-activate|p2b: Terapagos|ability: Tera Shift\n|detailschange|p2b: Terapagos|Terapagos-Terastal, L50, M\n|-heal|p2b: Terapagos|100/100|[silent]\n|-fieldstart|move: Grassy Terrain|[from] ability: Grassy Surge|[of] p1b: Rillaboom\n|-ability|p2a: Incineroar|Intimidate|boost\n|-unboost|p1a: Terapagos|atk|1\n|-unboost|p1b: Rillaboom|atk|1\n|turn|1\n|\n|t:|1746074723\n|switch|p1b: Calyrex|Calyrex-Shadow, L50|100/100\n|-ability|p1b: Calyrex|As One\n|-ability|p1b: Calyrex|Unnerve\n|move|p2b: Terapagos|Calm Mind|p2b: Terapagos\n|-boost|p2b: Terapagos|spa|1\n|-boost|p2b: Terapagos|spd|1\n|move|p1a: Terapagos|Calm Mind|p1a: Terapagos\n|-boost|p1a: Terapagos|spa|1\n|-boost|p1a: Terapagos|spd|1\n|move|p2a: Incineroar|Knock Off|p1a: Terapagos\n|-activate|p1a: Terapagos|ability: Tera Shell\n|-resisted|p1a: Terapagos\n|-damage|p1a: Terapagos|87/100\n|-enditem|p1a: Terapagos|Leftovers|[from] move: Knock Off|[of] p2a: Incineroar\n|\n|-heal|p1a: Terapagos|93/100|[from] Grassy Terrain\n|upkeep\n|turn|2\n|j| Xam94\n|inactive|idkloldude has 30 seconds left.\n|\n|t:|1746074752\n|move|p1b: Calyrex|Protect|p1b: Calyrex\n|-singleturn|p1b: Calyrex|Protect\n|move|p2b: Terapagos|Protect|p2b: Terapagos\n|-singleturn|p2b: Terapagos|Protect\n|move|p1a: Terapagos|Calm Mind|p1a: Terapagos\n|-boost|p1a: Terapagos|spa|1\n|-boost|p1a: Terapagos|spd|1\n|move|p2a: Incineroar|Parting Shot|p1a: Terapagos\n|-unboost|p1a: Terapagos|atk|1\n|-unboost|p1a: Terapagos|spa|1\n|\n|t:|1746074769\n|switch|p2a: Urshifu|Urshifu-Rapid-Strike, L50, F|100/100|[from] Parting Shot\n|\n|-heal|p1a: Terapagos|99/100|[from] Grassy Terrain\n|upkeep\n|turn|3\n|inactive|idkloldude has 30 seconds left.\n|inactive|idkloldude has 20 seconds left.\n|\n|t:|1746074806\n|-terastallize|p1a: Terapagos|Stellar\n|detailschange|p1a: Terapagos|Terapagos-Stellar, L50, M, tera:Stellar\n|-heal|p1a: Terapagos|99/100|[silent]\n|-ability|p1a: Terapagos|Teraform Zero\n|-fieldend|move: Grassy Terrain\n|move|p2a: Urshifu|Close Combat|p1a: Terapagos\n|-supereffective|p1a: Terapagos\n|-damage|p1a: Terapagos|27/100\n|-unboost|p2a: Urshifu|def|1\n|-unboost|p2a: Urshifu|spd|1\n|move|p1b: Calyrex|Encore|p2b: Terapagos\n|-start|p2b: Terapagos|Encore\n|move|p2b: Terapagos|Protect||[still]\n|-fail|p2b: Terapagos\n|move|p1a: Terapagos|Tera Starstorm|p2a: Urshifu|[spread] p2a,p2b\n|-activate|p2b: Terapagos|ability: Tera Shell\n|-resisted|p2b: Terapagos\n|-damage|p2a: Urshifu|0 fnt\n|-damage|p2b: Terapagos|85/100\n|faint|p2a: Urshifu\n|\n|-heal|p2b: Terapagos|92/100|[from] item: Leftovers\n|upkeep\n|inactive|idkloldude has 30 seconds left.\n|\n|t:|1746074833\n|switch|p2a: Incineroar|Incineroar, L50, M|100/100\n|-ability|p2a: Incineroar|Intimidate|boost\n|-unboost|p1a: Terapagos|atk|1\n|-unboost|p1b: Calyrex|atk|1\n|turn|4\n|\n|t:|1746074860\n|switch|p1b: Incineroar|Incineroar, L50, F|100/100\n|-ability|p1b: Incineroar|Intimidate|boost\n|-unboost|p2a: Incineroar|atk|1\n|-unboost|p2b: Terapagos|atk|1\n|move|p2b: Terapagos|Protect|p2b: Terapagos\n|-singleturn|p2b: Terapagos|Protect\n|move|p1a: Terapagos|Calm Mind|p1a: Terapagos\n|-boost|p1a: Terapagos|spa|1\n|-boost|p1a: Terapagos|spd|1\n|move|p2a: Incineroar|Knock Off|p1b: Incineroar\n|-resisted|p1b: Incineroar\n|-crit|p1b: Incineroar\n|-damage|p1b: Incineroar|79/100\n|-enditem|p1b: Incineroar|Safety Goggles|[from] move: Knock Off|[of] p2a: Incineroar\n|\n|-heal|p2b: Terapagos|98/100|[from] item: Leftovers\n|upkeep\n|turn|5\n|inactive|gingerv has 30 seconds left.\n|\n|t:|1746074886\n|switch|p2a: Calyrex|Calyrex-Shadow, L50|100/100\n|-ability|p2a: Calyrex|As One\n|-ability|p2a: Calyrex|Unnerve\n|move|p2b: Terapagos|Protect|p2b: Terapagos\n|-singleturn|p2b: Terapagos|Protect\n|move|p1a: Terapagos|Tera Starstorm|p2b: Terapagos|[spread] p2a\n|-activate|p2b: Terapagos|move: Protect\n|-damage|p2a: Calyrex|39/100\n|move|p1b: Incineroar|Knock Off|p2b: Terapagos\n|-activate|p2b: Terapagos|move: Protect\n|\n|-heal|p2b: Terapagos|100/100|[from] item: Leftovers\n|-end|p2b: Terapagos|Encore\n|upkeep\n|turn|6\n|inactive|idkloldude has 30 seconds left.\n|inactive|idkloldude has 20 seconds left.\n|\n|t:|1746074926\n|switch|p2a: Incineroar|Incineroar, L50, M|100/100\n|-ability|p2a: Incineroar|Intimidate|boost\n|-unboost|p1a: Terapagos|atk|1\n|-unboost|p1b: Incineroar|atk|1\n|-terastallize|p2b: Terapagos|Stellar\n|detailschange|p2b: Terapagos|Terapagos-Stellar, L50, M, tera:Stellar\n|-heal|p2b: Terapagos|100/100|[silent]\n|move|p2b: Terapagos|Tera Starstorm|p1a: Terapagos|[spread] p1a,p1b\n|-supereffective|p1a: Terapagos\n|-damage|p1a: Terapagos|0 fnt\n|-damage|p1b: Incineroar|36/100\n|faint|p1a: Terapagos\n|move|p1b: Incineroar|Parting Shot|p2b: Terapagos\n|-unboost|p2b: Terapagos|atk|1\n|-unboost|p2b: Terapagos|spa|1\n|\n|t:|1746074944\n|switch|p1b: Calyrex|Calyrex-Shadow, L50|100/100|[from] Parting Shot\n|-ability|p1b: Calyrex|As One\n|-ability|p1b: Calyrex|Unnerve\n|\n|upkeep\n|\n|t:|1746074946\n|switch|p1a: Rillaboom|Rillaboom, L50, F|100/100\n|-fieldstart|move: Grassy Terrain|[from] ability: Grassy Surge|[of] p1a: Rillaboom\n|turn|7\n|\n|t:|1746074958\n|move|p1a: Rillaboom|Fake Out|p2a: Incineroar\n|-damage|p2a: Incineroar|91/100\n|move|p1b: Calyrex|Disable|p2b: Terapagos\n|-start|p2b: Terapagos|Disable|Tera Starstorm\n|cant|p2b: Terapagos|Disable|Tera Starstorm\n|cant|p2a: Incineroar|flinch\n|\n|-heal|p2a: Incineroar|97/100|[from] Grassy Terrain\n|upkeep\n|turn|8\n|\n|t:|1746074973\n|switch|p1b: Incineroar|Incineroar, L50, F|36/100\n|-ability|p1b: Incineroar|Intimidate|boost\n|-unboost|p2a: Incineroar|atk|1\n|-unboost|p2b: Terapagos|atk|1\n|switch|p2b: Calyrex|Calyrex-Shadow, L50|39/100\n|-ability|p2b: Calyrex|As One\n|-ability|p2b: Calyrex|Unnerve\n|move|p1a: Rillaboom|Wood Hammer|p2b: Calyrex\n|-damage|p2b: Calyrex|0 fnt\n|faint|p2b: Calyrex\n|-damage|p1a: Rillaboom|90/100|[from] Recoil\n|move|p2a: Incineroar|Knock Off|p1b: Incineroar\n|-resisted|p1b: Incineroar\n|-damage|p1b: Incineroar|29/100\n|\n|-heal|p1a: Rillaboom|96/100|[from] Grassy Terrain\n|-heal|p1b: Incineroar|35/100|[from] Grassy Terrain\n|-heal|p2a: Incineroar|100/100|[from] Grassy Terrain\n|upkeep\n|\n|t:|1746074983\n|switch|p2b: Terapagos|Terapagos-Stellar, L50, M, tera:Stellar|100/100\n|turn|9\n|\n|t:|1746074998\n|move|p1a: Rillaboom|Grassy Glide|p2b: Terapagos\n|-damage|p2b: Terapagos|79/100\n|move|p2b: Terapagos|Tera Starstorm|p1a: Rillaboom|[spread] p1a,p1b\n|-damage|p1a: Rillaboom|75/100\n|-damage|p1b: Incineroar|5/100\n|move|p1b: Incineroar|Knock Off|p2b: Terapagos\n|-damage|p2b: Terapagos|57/100\n|-enditem|p2b: Terapagos|Leftovers|[from] move: Knock Off|[of] p1b: Incineroar\n|move|p2a: Incineroar|Will-O-Wisp|p1a: Rillaboom\n|-status|p1a: Rillaboom|brn\n|\n|-heal|p2b: Terapagos|64/100|[from] Grassy Terrain\n|-heal|p1a: Rillaboom|81/100 brn|[from] Grassy Terrain\n|-heal|p1b: Incineroar|11/100|[from] Grassy Terrain\n|-damage|p1a: Rillaboom|75/100 brn|[from] brn\n|upkeep\n|turn|10\n|\n|t:|1746075018\n|move|p2b: Terapagos|Protect|p2b: Terapagos\n|-singleturn|p2b: Terapagos|Protect\n|move|p1a: Rillaboom|U-turn|p2a: Incineroar\n|-damage|p2a: Incineroar|92/100\n|\n|t:|1746075021\n|switch|p1a: Calyrex|Calyrex-Shadow, L50|100/100|[from] U-turn\n|-ability|p1a: Calyrex|As One\n|-ability|p1a: Calyrex|Unnerve\n|move|p1b: Incineroar|Parting Shot|p2b: Terapagos\n|-activate|p2b: Terapagos|move: Protect\n|move|p2a: Incineroar|Knock Off|p1a: Calyrex\n|-supereffective|p1a: Calyrex\n|-enditem|p1a: Calyrex|Focus Sash\n|-damage|p1a: Calyrex|1/100\n|\n|-heal|p1a: Calyrex|7/100|[from] Grassy Terrain\n|-heal|p2b: Terapagos|70/100|[from] Grassy Terrain\n|-heal|p1b: Incineroar|17/100|[from] Grassy Terrain\n|-heal|p2a: Incineroar|98/100|[from] Grassy Terrain\n|upkeep\n|turn|11\n|inactive|gingerv has 30 seconds left.\n|inactive|gingerv has 20 seconds left.\n|inactive|gingerv has 15 seconds left.\n|inactive|gingerv has 10 seconds left.\n|\n|t:|1746075067\n|move|p1a: Calyrex|Protect|p1a: Calyrex\n|-singleturn|p1a: Calyrex|Protect\n|move|p2b: Terapagos|Tera Starstorm|p1a: Calyrex|[spread] p1b\n|-activate|p1a: Calyrex|move: Protect\n|-damage|p1b: Incineroar|0 fnt\n|faint|p1b: Incineroar\n|move|p2a: Incineroar|Knock Off|p1a: Calyrex\n|-activate|p1a: Calyrex|move: Protect\n|\n|-heal|p1a: Calyrex|12/100|[from] Grassy Terrain\n|-heal|p2b: Terapagos|76/100|[from] Grassy Terrain\n|-heal|p2a: Incineroar|100/100|[from] Grassy Terrain\n|-fieldend|move: Grassy Terrain\n|upkeep\n|\n|t:|1746075071\n|switch|p1b: Rillaboom|Rillaboom, L50, F|75/100 brn\n|-fieldstart|move: Grassy Terrain|[from] ability: Grassy Surge|[of] p1b: Rillaboom\n|turn|12\n|l| loudboxx\n|\n|t:|1746075087\n|move|p2b: Terapagos|Protect|p2b: Terapagos\n|-singleturn|p2b: Terapagos|Protect\n|move|p1b: Rillaboom|Fake Out|p2b: Terapagos\n|-activate|p2b: Terapagos|move: Protect\n|move|p1a: Calyrex|Disable|p2a: Incineroar\n|-start|p2a: Incineroar|Disable|Knock Off\n|cant|p2a: Incineroar|Disable|Knock Off\n|\n|-heal|p1a: Calyrex|18/100|[from] Grassy Terrain\n|-heal|p2b: Terapagos|82/100|[from] Grassy Terrain\n|-heal|p1b: Rillaboom|81/100 brn|[from] Grassy Terrain\n|-damage|p1b: Rillaboom|75/100 brn|[from] brn\n|upkeep\n|turn|13\n|\n|t:|1746075106\n|move|p2b: Terapagos|Protect||[still]\n|-fail|p2b: Terapagos\n|move|p1a: Calyrex|Encore|p2b: Terapagos\n|-start|p2b: Terapagos|Encore\n|move|p1b: Rillaboom|Wood Hammer|p2b: Terapagos\n|-damage|p2b: Terapagos|63/100\n|-damage|p1b: Rillaboom|67/100 brn|[from] Recoil\n|move|p2a: Incineroar|Will-O-Wisp|p1a: Calyrex\n|-status|p1a: Calyrex|brn\n|\n|-heal|p1a: Calyrex|24/100 brn|[from] Grassy Terrain\n|-heal|p2b: Terapagos|69/100|[from] Grassy Terrain\n|-heal|p1b: Rillaboom|73/100 brn|[from] Grassy Terrain\n|-damage|p1a: Calyrex|18/100 brn|[from] brn\n|-damage|p1b: Rillaboom|67/100 brn|[from] brn\n|upkeep\n|turn|14\n|\n|t:|1746075122\n|move|p2b: Terapagos|Protect|p2b: Terapagos\n|-singleturn|p2b: Terapagos|Protect\n|move|p1b: Rillaboom|Grassy Glide|p2b: Terapagos\n|-activate|p2b: Terapagos|move: Protect\n|move|p1a: Calyrex|Encore|p2a: Incineroar\n|-start|p2a: Incineroar|Encore\n|move|p2a: Incineroar|Will-O-Wisp|p1b: Rillaboom\n|-fail|p1b: Rillaboom|brn\n|\n|-heal|p1a: Calyrex|24/100 brn|[from] Grassy Terrain\n|-heal|p2b: Terapagos|76/100|[from] Grassy Terrain\n|-heal|p1b: Rillaboom|73/100 brn|[from] Grassy Terrain\n|-damage|p1a: Calyrex|18/100 brn|[from] brn\n|-damage|p1b: Rillaboom|67/100 brn|[from] brn\n|upkeep\n|turn|15\n|\n|t:|1746075136\n|move|p2b: Terapagos|Protect||[still]\n|-fail|p2b: Terapagos\n|move|p1b: Rillaboom|Grassy Glide|p2b: Terapagos\n|-damage|p2b: Terapagos|66/100\n|move|p1a: Calyrex|Disable|p2b: Terapagos\n|-start|p2b: Terapagos|Disable|Protect\n|move|p2a: Incineroar|Will-O-Wisp|p1b: Rillaboom\n|-fail|p1b: Rillaboom|brn\n|\n|-heal|p1a: Calyrex|24/100 brn|[from] Grassy Terrain\n|-heal|p2b: Terapagos|72/100|[from] Grassy Terrain\n|-heal|p1b: Rillaboom|73/100 brn|[from] Grassy Terrain\n|-damage|p1a: Calyrex|18/100 brn|[from] brn\n|-damage|p1b: Rillaboom|67/100 brn|[from] brn\n|-end|p2a: Incineroar|Disable\n|upkeep\n|turn|16\n|\n|t:|1746075147\n|move|p1a: Calyrex|Disable|p2a: Incineroar\n|-start|p2a: Incineroar|Disable|Will-O-Wisp\n|-activate|p2b: Terapagos|move: Struggle\n|move|p2b: Terapagos|Struggle|p1b: Rillaboom\n|-damage|p1b: Rillaboom|58/100 brn\n|-damage|p2b: Terapagos|48/100|[from] recoil\n|move|p1b: Rillaboom|Wood Hammer|p2b: Terapagos\n|-damage|p2b: Terapagos|29/100\n|-damage|p1b: Rillaboom|51/100 brn|[from] Recoil\n|cant|p2a: Incineroar|Disable|Will-O-Wisp\n|\n|-heal|p1a: Calyrex|24/100 brn|[from] Grassy Terrain\n|-heal|p2b: Terapagos|35/100|[from] Grassy Terrain\n|-heal|p1b: Rillaboom|57/100 brn|[from] Grassy Terrain\n|-damage|p1a: Calyrex|18/100 brn|[from] brn\n|-damage|p1b: Rillaboom|51/100 brn|[from] brn\n|-end|p2b: Terapagos|Encore\n|-end|p2a: Incineroar|Encore\n|-fieldend|move: Grassy Terrain\n|upkeep\n|turn|17\n|inactive|gingerv has 30 seconds left.\n|\n|t:|1746075173\n|move|p1a: Calyrex|Protect|p1a: Calyrex\n|-singleturn|p1a: Calyrex|Protect\n|move|p2b: Terapagos|Tera Starstorm|p1b: Rillaboom|[spread] p1b\n|-activate|p1a: Calyrex|move: Protect\n|-damage|p1b: Rillaboom|30/100 brn\n|move|p1b: Rillaboom|Wood Hammer|p2b: Terapagos\n|-damage|p2b: Terapagos|20/100\n|-damage|p1b: Rillaboom|24/100 brn|[from] Recoil\n|move|p2a: Incineroar|Knock Off|p1a: Calyrex\n|-activate|p1a: Calyrex|move: Protect\n|\n|-damage|p1a: Calyrex|12/100 brn|[from] brn\n|-damage|p1b: Rillaboom|18/100 brn|[from] brn\n|upkeep\n|turn|18\n|c|\u2606gingerv|ggs\n|c|\u2606idkloldude|ggwp\n|inactive|gingerv has 30 seconds left.\n|\n|t:|1746075201\n|move|p1a: Calyrex|Protect||[still]\n|-fail|p1a: Calyrex\n|move|p2b: Terapagos|Tera Starstorm|p1b: Rillaboom|[spread] p1a,p1b\n|-damage|p1a: Calyrex|0 fnt\n|-damage|p1b: Rillaboom|0 fnt\n|faint|p1a: Calyrex\n|faint|p1b: Rillaboom\n|\n|win|idkloldude\n|c|\u2606idkloldude|crazy finish\n|c|\u2606gingerv|yeah\n|c|\u2606gingerv|that crit in g2 but its bound to happen when payong pagos\n|l| Xam94\n|c|\u2606gingerv|playing*\n|c|\u2606idkloldude|yeah sry about that\n|c|\u2606idkloldude|you played great\n|c|\u2606gingerv|all good\n|c|\u2606gingerv|gl in the rest!\n|c|\u2606gingerv|fun set\n|c|\u2606idkloldude|thanks!\n|c|\u2606idkloldude|same here\n", "uploadtime": 1746075205, "views": 8, "formatid": "gen9vgc2025regibo3", "rating": null, "private": 0, "password": null}