{"id": "gen9vgc2025regibo3-2353870757", "format": "[Gen 9] VGC 2025 Reg I (Bo3)", "players": ["JammVGC", "oporrinovgc"], "log": "|j|\u2606JammVGC\n|j|\u2606oporrinovgc\n|html|<table width=\"100%\"><tr><td align=\"left\">JammVGC</td><td align=\"right\">oporrinovgc</tr><tr><td align=\"left\"><i class=\"fa fa-circle\"></i> <i class=\"fa fa-circle-o\"></i> </td><td align=\"right\"><i class=\"fa fa-circle-o\"></i> <i class=\"fa fa-circle-o\"></i> </tr></table>\n|uhtml|bestof|<h2><strong>Game 2</strong> of <a href=\"/game-bestof3-gen9vgc2025regibo3-2353869134\">a best-of-3</a></h2>\n|t:|1746013003\n|gametype|doubles\n|player|p1|JammVGC|marshal|1328\n|player|p2|oporrinovgc|169|1336\n|teamsize|p1|6\n|teamsize|p2|6\n|gen|9\n|tier|[Gen 9] VGC 2025 Reg I (Bo3)\n|rated|\n|rule|Species Clause: Limit one of each Pok\u00e9mon\n|rule|Item Clause: Limit 1 of each item\n|clearpoke\n|poke|p1|Koraidon, L50|\n|poke|p1|Calyrex-Shadow, L50|\n|poke|p1|Weezing-Galar, L50, F|\n|poke|p1|Ogerpon-Cornerstone, L50, F|\n|poke|p1|Raging Bolt, L50|\n|poke|p1|Urshifu-*, L50, F|\n|poke|p2|Miraidon, L50|\n|poke|p2|Whimsicott, L50, M|\n|poke|p2|Farigiraf, L50, F|\n|poke|p2|Iron Hands, L50|\n|poke|p2|Chi-Yu, L50|\n|poke|p2|Koraidon, L50|\n|teampreview|4\n|showteam|p1|Koraidon||AbilityShield|OrichalcumPulse|CloseCombat,FlameCharge,FlareBlitz,Protect||||||50|,,,,,Fire]Calyrex-Shadow||LifeOrb|AsOneSpectrier|AstralBarrage,Psychic,PollenPuff,Protect||||||50|,,,,,Normal]Weezing-Galar||CovertCloak|NeutralizingGas|PoisonGas,StrangeSteam,Taunt,Protect|||F|||50|,,,,,Dark]Ogerpon-Cornerstone||CornerstoneMask|Sturdy|IvyCudgel,PowerWhip,FollowMe,SpikyShield|||F|||50|,,,,,Rock]Raging Bolt||AssaultVest|Protosynthesis|Electroweb,Thunderbolt,DracoMeteor,Thunderclap||||||50|,,,,,Electric]Urshifu-Rapid-Strike||ChoiceScarf|UnseenFist|SurgingStrikes,AquaJet,Uturn,CloseCombat|||F|||50|,,,,,Water\n|showteam|p2|Miraidon||ChoiceSpecs|HadronEngine|ElectroDrift,DracoMeteor,VoltSwitch,DazzlingGleam||||||50|,,,,,Fairy]Whimsicott||CovertCloak|Prankster|Tailwind,Encore,LightScreen,Moonblast|||M|||50|,,,,,Dark]Farigiraf||ElectricSeed|ArmorTail|Psychic,FoulPlay,HelpingHand,TrickRoom|||F|||50|,,,,,Dark]Iron Hands||AssaultVest|QuarkDrive|LowKick,DrainPunch,WildCharge,FakeOut||||||50|,,,,,Water]Chi-Yu||ChoiceScarf|BeadsofRuin|Snarl,Overheat,DarkPulse,HeatWave||||||50|,,,,,Ghost]Koraidon||LifeOrb|OrichalcumPulse|CloseCombat,FlareBlitz,FlameCharge,Protect||||||50|,,,,,Fire\n|inactive|Battle timer is ON: inactive players will automatically lose when time's up. (requested by oporrinovgc)\n|\n|t:|1746013015\n|start\n|switch|p1a: Weezing|Weezing-Galar, L50, F|100/100\n|switch|p1b: Calyrex|Calyrex-Shadow, L50|100/100\n|switch|p2a: Miraidon|Miraidon, L50|100/100\n|switch|p2b: Whimsicott|Whimsicott, L50, M|100/100\n|-ability|p1a: Weezing|Neutralizing Gas\n|-ability|p1b: Calyrex|As One\n|-ability|p1b: Calyrex|Unnerve\n|turn|1\n|inactive|oporrinovgc has 30 seconds left.\n|\n|t:|1746013046\n|move|p1b: Calyrex|Astral Barrage|p2b: Whimsicott|[spread] p2a,p2b\n|-damage|p2a: Miraidon|38/100\n|-damage|p2b: Whimsicott|13/100\n|-damage|p1b: Calyrex|91/100|[from] item: Life Orb\n|move|p2a: Miraidon|Electro Drift|p1b: Calyrex\n|-damage|p1b: Calyrex|7/100\n|move|p2b: Whimsicott|Tailwind|p2b: Whimsicott\n|-sidestart|p2: oporrinovgc|move: Tailwind\n|move|p1a: Weezing|Poison Gas|p2a: Miraidon|[spread] p2a,p2b\n|-status|p2a: Miraidon|psn\n|-status|p2b: Whimsicott|psn\n|\n|-damage|p2a: Miraidon|25/100 psn|[from] psn\n|-damage|p2b: Whimsicott|0 fnt|[from] psn\n|faint|p2b: Whimsicott\n|upkeep\n|\n|t:|1746013052\n|switch|p2b: botencio|Chi-Yu, L50|100/100\n|turn|2\n|\n|t:|1746013065\n|move|p1b: Calyrex|Protect|p1b: Calyrex\n|-singleturn|p1b: Calyrex|Protect\n|move|p2b: botencio|Heat Wave|p1b: Calyrex|[spread] p1a\n|-activate|p1b: Calyrex|move: Protect\n|-damage|p1a: Weezing|53/100\n|move|p2a: Miraidon|Electro Drift|p1a: Weezing\n|-damage|p1a: Weezing|0 fnt\n|faint|p1a: Weezing\n|-end|p1a: Weezing|ability: Neutralizing Gas\n|-ability|p2b: botencio|Beads of Ruin\n|-fieldstart|move: Electric Terrain|[from] ability: Hadron Engine|[of] p2a: Miraidon\n|\n|-damage|p2a: Miraidon|13/100 psn|[from] psn\n|upkeep\n|\n|t:|1746013075\n|switch|p1a: Koraidon|Koraidon, L50|100/100\n|-weather|SunnyDay|[from] ability: Orichalcum Pulse|[of] p1a: Koraidon\n|-activate|p1a: Koraidon|Orichalcum Pulse|[source]\n|turn|3\n|\n|t:|1746013086\n|switch|p1b: Raging Bolt|Raging Bolt, L50|100/100\n|-activate|p1b: Raging Bolt|ability: Protosynthesis\n|-start|p1b: Raging Bolt|protosynthesisspa\n|move|p1a: Koraidon|Protect|p1a: Koraidon\n|-singleturn|p1a: Koraidon|Protect\n|move|p2b: botencio|Heat Wave|p1b: Raging Bolt|[spread] p1b\n|-activate|p1a: Koraidon|move: Protect\n|-resisted|p1b: Raging Bolt\n|-damage|p1b: Raging Bolt|79/100\n|move|p2a: Miraidon|Electro Drift|p1b: Raging Bolt\n|-resisted|p1b: Raging Bolt\n|-damage|p1b: Raging Bolt|54/100\n|\n|-weather|SunnyDay|[upkeep]\n|-damage|p2a: Miraidon|0 fnt|[from] psn\n|faint|p2a: Miraidon\n|upkeep\n|\n|t:|1746013102\n|switch|p2a: Koraidon|Koraidon, L50|100/100\n|-activate|p2a: Koraidon|ability: Orichalcum Pulse\n|turn|4\n|inactive|oporrinovgc has 30 seconds left.\n|inactive|oporrinovgc has 20 seconds left.\n|inactive|oporrinovgc has 15 seconds left.\n|inactive|oporrinovgc has 10 seconds left.\n|inactive|oporrinovgc has 5 seconds left.\n|\n|t:|1746013154\n|move|p2b: botencio|Heat Wave|p1a: Koraidon|[spread] p1a\n|-miss|p2b: botencio|p1b: Raging Bolt\n|-resisted|p1a: Koraidon\n|-crit|p1a: Koraidon\n|-damage|p1a: Koraidon|31/100\n|move|p2a: Koraidon|Flame Charge|p1b: Raging Bolt\n|-resisted|p1b: Raging Bolt\n|-damage|p1b: Raging Bolt|37/100\n|-boost|p2a: Koraidon|spe|1\n|-damage|p2a: Koraidon|91/100|[from] item: Life Orb\n|move|p1a: Koraidon|Flame Charge|p2b: botencio\n|-resisted|p2b: botencio\n|-damage|p2b: botencio|70/100\n|-boost|p1a: Koraidon|spe|1\n|move|p1b: Raging Bolt|Electroweb|p2a: Koraidon|[spread] p2a,p2b\n|-resisted|p2a: Koraidon\n|-damage|p2a: Koraidon|62/100\n|-damage|p2b: botencio|28/100\n|-unboost|p2a: Koraidon|spe|1\n|-unboost|p2b: botencio|spe|1\n|\n|-weather|SunnyDay|[upkeep]\n|-sideend|p2: oporrinovgc|move: Tailwind\n|upkeep\n|turn|5\n|inactive|JammVGC has 30 seconds left.\n|inactive|oporrinovgc has 30 seconds left.\n|\n|t:|1746013182\n|-terastallize|p1a: Koraidon|Fire\n|-terastallize|p2a: Koraidon|Fire\n|move|p1a: Koraidon|Flame Charge|p2b: botencio\n|-resisted|p2b: botencio\n|-damage|p2b: botencio|0 fnt\n|-boost|p1a: Koraidon|spe|1\n|faint|p2b: botencio\n|move|p2a: Koraidon|Flame Charge|p1b: Raging Bolt\n|-resisted|p1b: Raging Bolt\n|-damage|p1b: Raging Bolt|7/100\n|-boost|p2a: Koraidon|spe|1\n|-damage|p2a: Koraidon|52/100|[from] item: Life Orb\n|move|p1b: Raging Bolt|Electroweb|p2a: Koraidon\n|-damage|p2a: Koraidon|0 fnt\n|faint|p2a: Koraidon\n|\n|win|JammVGC\n|raw|JammVGC's rating: 1328 &rarr; <strong>1348</strong><br />(+20 for winning)\n|raw|oporrinovgc's rating: 1336 &rarr; <strong>1316</strong><br />(-20 for losing)\n", "uploadtime": 1746013198, "views": 14, "formatid": "gen9vgc2025regibo3", "rating": 1316, "private": 0, "password": null}