{"id": "gen9vgc2025regibo3-2354139660", "format": "[Gen 9] VGC 2025 Reg I (Bo3)", "players": ["potaplayer", "idkloldude"], "log": "|j|\u2606potaplayer\n|j|\u2606idkloldude\n|html|<table width=\"100%\"><tr><td align=\"left\">potaplayer</td><td align=\"right\">idkloldude</tr><tr><td align=\"left\"><i class=\"fa fa-circle-o\"></i> <i class=\"fa fa-circle-o\"></i> </td><td align=\"right\"><i class=\"fa fa-circle-o\"></i> <i class=\"fa fa-circle-o\"></i> </tr></table>\n|uhtml|bestof|<h2><strong>Game 1</strong> of <a href=\"/game-bestof3-gen9vgc2025regibo3-2354139659\">a best-of-3</a></h2>\n|t:|1746038262\n|gametype|doubles\n|player|p1|potaplayer|clemont|\n|player|p2|idkloldude|elesa|\n|teamsize|p1|6\n|teamsize|p2|6\n|gen|9\n|tier|[Gen 9] VGC 2025 Reg I (Bo3)\n|rule|Species Clause: Limit one of each Pok\u00e9mon\n|rule|Item Clause: Limit 1 of each item\n|clearpoke\n|poke|p1|Calyrex-Shadow, L50|\n|poke|p1|Terapagos, L50, M|\n|poke|p1|Incineroar, L50, M|\n|poke|p1|Rillaboom, L50, M|\n|poke|p1|Ogerpon-Cornerstone, L50, F|\n|poke|p1|Flutter Mane, L50|\n|poke|p2|Calyrex-Shadow, L50|\n|poke|p2|Terapagos, L50, M|\n|poke|p2|Rillaboom, L50, M|\n|poke|p2|Incineroar, L50, M|\n|poke|p2|Urshifu-*, L50, M|\n|poke|p2|Ogerpon-Cornerstone, L50, F|\n|teampreview|4\n|showteam|p1|Calyrex-Shadow||FocusSash|AsOneSpectrier|AstralBarrage,Protect,WillOWisp,PollenPuff||||||50|,,,,,Ghost]Terapagos||Leftovers|TeraShift|TeraStarstorm,EarthPower,Protect,CalmMind|||M|||50|,,,,,Stellar]Incineroar||RockyHelmet|Intimidate|KnockOff,FakeOut,PartingShot,WillOWisp|||M|||50|,,,,,Bug]Rillaboom||AssaultVest|GrassySurge|GrassyGlide,WoodHammer,FakeOut,Uturn|||M|||50|,,,,,Grass]Ogerpon-Cornerstone||CornerstoneMask|Sturdy|IvyCudgel,SpikyShield,KnockOff,FollowMe|||F|||50|,,,,,Rock]Flutter Mane||BoosterEnergy|Protosynthesis|Moonblast,IcyWind,ThunderWave,Taunt||||||50|,,,,,Fairy\n|showteam|p2|Calyrex-Shadow||FocusSash|AsOneSpectrier|AstralBarrage,WillOWisp,Disable,Protect||||||50|,,,,,Ghost]Terapagos||Leftovers|TeraShift|TeraStarstorm,CalmMind,EarthPower,Protect|||M|||50|,,,,,Stellar]Rillaboom||AssaultVest|GrassySurge|WoodHammer,GrassyGlide,Uturn,FakeOut|||M|||50|,,,,,Grass]Incineroar||SafetyGoggles|Intimidate|KnockOff,FakeOut,PartingShot,WillOWisp|||M|||50|,,,,,Ghost]Urshifu-Rapid-Strike||ChoiceScarf|UnseenFist|SurgingStrikes,CloseCombat,AquaJet,Uturn|||M|||50|,,,,,Water]Ogerpon-Cornerstone||CornerstoneMask|Sturdy|IvyCudgel,PowerWhip,FollowMe,SpikyShield|||F|||50|,,,,,Rock\n|inactive|Battle timer is ON: inactive players will automatically lose when time's up. (requested by potaplayer)\n|inactive|idkloldude also wants the timer to be on.\n|c|\u2606idkloldude|glhf\n|c|\u2606idkloldude|almost a mirror dang\n|c|\u2606idkloldude|my last game was too\n|inactive|idkloldude has 60 seconds left.\n|c|\u2606potaplayer|urshifu is so strong instead of flutter\n|inactive|idkloldude has 30 seconds left.\n|inactive|idkloldude has 20 seconds left.\n|inactive|idkloldude has 15 seconds left.\n|inactive|idkloldude has 10 seconds left.\n|\n|t:|1746038344\n|start\n|switch|p1a: Terapagos|Terapagos, L50, M|100/100\n|switch|p1b: Incineroar|Incineroar, L50, M|100/100\n|switch|p2a: Incineroar|Incineroar, L50, M|100/100\n|switch|p2b: Terapagos|Terapagos, L50, M|100/100\n|-activate|p2b: Terapagos|ability: Tera Shift\n|detailschange|p2b: Terapagos|Terapagos-Terastal, L50, M\n|-heal|p2b: Terapagos|100/100|[silent]\n|-activate|p1a: Terapagos|ability: Tera Shift\n|detailschange|p1a: Terapagos|Terapagos-Terastal, L50, M\n|-heal|p1a: Terapagos|100/100|[silent]\n|-ability|p1b: Incineroar|Intimidate|boost\n|-unboost|p2a: Incineroar|atk|1\n|-unboost|p2b: Terapagos|atk|1\n|-ability|p2a: Incineroar|Intimidate|boost\n|-unboost|p1a: Terapagos|atk|1\n|-unboost|p1b: Incineroar|atk|1\n|turn|1\n|\n|t:|1746038353\n|move|p1b: Incineroar|Fake Out|p2a: Incineroar\n|-damage|p2a: Incineroar|96/100\n|move|p2b: Terapagos|Calm Mind|p2b: Terapagos\n|-boost|p2b: Terapagos|spa|1\n|-boost|p2b: Terapagos|spd|1\n|move|p1a: Terapagos|Calm Mind|p1a: Terapagos\n|-boost|p1a: Terapagos|spa|1\n|-boost|p1a: Terapagos|spd|1\n|cant|p2a: Incineroar|flinch\n|\n|upkeep\n|turn|2\n|\n|t:|1746038365\n|move|p1a: Terapagos|Protect|p1a: Terapagos\n|-singleturn|p1a: Terapagos|Protect\n|move|p2b: Terapagos|Calm Mind|p2b: Terapagos\n|-boost|p2b: Terapagos|spa|1\n|-boost|p2b: Terapagos|spd|1\n|move|p1b: Incineroar|Knock Off|p2b: Terapagos\n|-activate|p2b: Terapagos|ability: Tera Shell\n|-resisted|p2b: Terapagos\n|-damage|p2b: Terapagos|91/100\n|-enditem|p2b: Terapagos|Leftovers|[from] move: Knock Off|[of] p1b: Incineroar\n|move|p2a: Incineroar|Parting Shot|p1a: Terapagos\n|-activate|p1a: Terapagos|move: Protect\n|\n|upkeep\n|turn|3\n|inactive|idkloldude has 30 seconds left.\n|\n|t:|1746038396\n|move|p2b: Terapagos|Protect|p2b: Terapagos\n|-singleturn|p2b: Terapagos|Protect\n|move|p1a: Terapagos|Earth Power|p2a: Incineroar\n|-supereffective|p2a: Incineroar\n|-damage|p2a: Incineroar|25/100\n|move|p1b: Incineroar|Parting Shot|p2b: Terapagos\n|-activate|p2b: Terapagos|move: Protect\n|move|p2a: Incineroar|Knock Off|p1a: Terapagos\n|-activate|p1a: Terapagos|ability: Tera Shell\n|-resisted|p1a: Terapagos\n|-damage|p1a: Terapagos|92/100\n|-enditem|p1a: Terapagos|Leftovers|[from] move: Knock Off|[of] p2a: Incineroar\n|\n|upkeep\n|turn|4\n|\n|t:|1746038414\n|switch|p2a: Rillaboom|Rillaboom, L50, M|100/100\n|-fieldstart|move: Grassy Terrain|[from] ability: Grassy Surge|[of] p2a: Rillaboom\n|-terastallize|p2b: Terapagos|Stellar\n|detailschange|p2b: Terapagos|Terapagos-Stellar, L50, M, tera:Stellar\n|-heal|p2b: Terapagos|93/100|[silent]\n|-ability|p2b: Terapagos|Teraform Zero\n|-fieldend|move: Grassy Terrain\n|move|p2b: Terapagos|Tera Starstorm|p1b: Incineroar|[spread] p1a,p1b\n|-damage|p1a: Terapagos|56/100\n|-damage|p1b: Incineroar|33/100\n|move|p1a: Terapagos|Earth Power|p2a: Rillaboom\n|-resisted|p2a: Rillaboom\n|-damage|p2a: Rillaboom|90/100\n|move|p1b: Incineroar|Parting Shot|p2b: Terapagos\n|-unboost|p2b: Terapagos|atk|1\n|-unboost|p2b: Terapagos|spa|1\n|\n|t:|1746038421\n|switch|p1b: Flutter Mane|Flutter Mane, L50|100/100|[from] Parting Shot\n|-enditem|p1b: Flutter Mane|Booster Energy\n|-activate|p1b: Flutter Mane|ability: Protosynthesis|[fromitem]\n|-start|p1b: Flutter Mane|protosynthesisspe\n|\n|upkeep\n|turn|5\n|inactive|idkloldude has 30 seconds left.\n|inactive|idkloldude has 20 seconds left.\n|\n|t:|1746038460\n|move|p2b: Terapagos|Protect|p2b: Terapagos\n|-singleturn|p2b: Terapagos|Protect\n|move|p1b: Flutter Mane|Thunder Wave|p2b: Terapagos\n|-activate|p2b: Terapagos|move: Protect\n|move|p1a: Terapagos|Calm Mind|p1a: Terapagos\n|-boost|p1a: Terapagos|spa|1\n|-boost|p1a: Terapagos|spd|1\n|move|p2a: Rillaboom|U-turn|p1b: Flutter Mane\n|-resisted|p1b: Flutter Mane\n|-damage|p1b: Flutter Mane|93/100\n|\n|t:|1746038470\n|switch|p2a: Calyrex|Calyrex-Shadow, L50|100/100|[from] U-turn\n|-ability|p2a: Calyrex|As One\n|-ability|p2a: Calyrex|Unnerve\n|\n|upkeep\n|turn|6\n|\n|t:|1746038485\n|-terastallize|p1a: Terapagos|Stellar\n|detailschange|p1a: Terapagos|Terapagos-Stellar, L50, M, tera:Stellar\n|-heal|p1a: Terapagos|67/100|[silent]\n|move|p1b: Flutter Mane|Thunder Wave|p2b: Terapagos\n|-status|p2b: Terapagos|par\n|move|p2a: Calyrex|Astral Barrage|p1b: Flutter Mane|[spread] p1b\n|-immune|p1a: Terapagos\n|-supereffective|p1b: Flutter Mane\n|-damage|p1b: Flutter Mane|0 fnt\n|faint|p1b: Flutter Mane\n|-end|p1b: Flutter Mane|Protosynthesis|[silent]\n|-ability|p2a: Calyrex|Grim Neigh|boost\n|-boost|p2a: Calyrex|spa|1\n|move|p1a: Terapagos|Tera Starstorm|p2b: Terapagos|[spread] p2a,p2b\n|-supereffective|p2b: Terapagos\n|-damage|p2a: Calyrex|28/100\n|-damage|p2b: Terapagos|48/100 par\n|move|p2b: Terapagos|Tera Starstorm|p1a: Terapagos\n|-supereffective|p1a: Terapagos\n|-damage|p1a: Terapagos|22/100\n|\n|upkeep\n|\n|t:|1746038494\n|switch|p1b: Calyrex|Calyrex-Shadow, L50|100/100\n|-ability|p1b: Calyrex|As One\n|-ability|p1b: Calyrex|Unnerve\n|turn|7\n|\n|t:|1746038513\n|move|p1b: Calyrex|Astral Barrage|p2b: Terapagos|[spread] p2a\n|-immune|p2b: Terapagos\n|-supereffective|p2a: Calyrex\n|-damage|p2a: Calyrex|0 fnt\n|faint|p2a: Calyrex\n|-ability|p1b: Calyrex|Grim Neigh|boost\n|-boost|p1b: Calyrex|spa|1\n|move|p1a: Terapagos|Tera Starstorm|p2b: Terapagos\n|-supereffective|p2b: Terapagos\n|-damage|p2b: Terapagos|0 fnt\n|faint|p2b: Terapagos\n|\n|upkeep\n|\n|t:|1746038524\n|switch|p2a: Rillaboom|Rillaboom, L50, M|90/100\n|switch|p2b: Incineroar|Incineroar, L50, M|25/100\n|-fieldstart|move: Grassy Terrain|[from] ability: Grassy Surge|[of] p2a: Rillaboom\n|-ability|p2b: Incineroar|Intimidate|boost\n|-unboost|p1a: Terapagos|atk|1\n|-unboost|p1b: Calyrex|atk|1\n|turn|8\n|\n|t:|1746038541\n|move|p1b: Calyrex|Protect|p1b: Calyrex\n|-singleturn|p1b: Calyrex|Protect\n|move|p1a: Terapagos|Protect|p1a: Terapagos\n|-singleturn|p1a: Terapagos|Protect\n|move|p2b: Incineroar|Fake Out|p1a: Terapagos\n|-activate|p1a: Terapagos|move: Protect\n|move|p2a: Rillaboom|Wood Hammer|p1b: Calyrex\n|-activate|p1b: Calyrex|move: Protect\n|\n|-heal|p1a: Terapagos|28/100|[from] Grassy Terrain\n|-heal|p2a: Rillaboom|96/100|[from] Grassy Terrain\n|-heal|p2b: Incineroar|31/100|[from] Grassy Terrain\n|upkeep\n|turn|9\n|\n|t:|1746038563\n|move|p1b: Calyrex|Pollen Puff|p2b: Incineroar\n|-damage|p2b: Incineroar|0 fnt\n|faint|p2b: Incineroar\n|-ability|p1b: Calyrex|Grim Neigh|boost\n|-boost|p1b: Calyrex|spa|1\n|move|p1a: Terapagos|Tera Starstorm|p2a: Rillaboom\n|-damage|p2a: Rillaboom|42/100\n|move|p2a: Rillaboom|Wood Hammer|p1b: Calyrex\n|-damage|p1b: Calyrex|7/100\n|-damage|p2a: Rillaboom|16/100|[from] Recoil\n|\n|-heal|p1b: Calyrex|13/100|[from] Grassy Terrain\n|-heal|p1a: Terapagos|34/100|[from] Grassy Terrain\n|-heal|p2a: Rillaboom|21/100|[from] Grassy Terrain\n|upkeep\n|turn|10\n|\n|t:|1746038577\n|move|p1b: Calyrex|Protect|p1b: Calyrex\n|-singleturn|p1b: Calyrex|Protect\n|move|p1a: Terapagos|Protect|p1a: Terapagos\n|-singleturn|p1a: Terapagos|Protect\n|move|p2a: Rillaboom|Wood Hammer|p1a: Terapagos\n|-activate|p1a: Terapagos|move: Protect\n|\n|-heal|p1b: Calyrex|19/100|[from] Grassy Terrain\n|-heal|p1a: Terapagos|40/100|[from] Grassy Terrain\n|-heal|p2a: Rillaboom|27/100|[from] Grassy Terrain\n|upkeep\n|turn|11\n|\n|t:|1746038581\n|move|p2a: Rillaboom|Grassy Glide|p1b: Calyrex\n|-damage|p1b: Calyrex|0 fnt\n|faint|p1b: Calyrex\n|move|p1a: Terapagos|Tera Starstorm|p2a: Rillaboom\n|-damage|p2a: Rillaboom|0 fnt\n|faint|p2a: Rillaboom\n|\n|win|potaplayer\n||potaplayer is ready for game 2.\n||idkloldude is ready for game 2.\n|uhtml|next|Next: <a href=\"/battle-gen9vgc2025regibo3-2354143376\"><strong>Game 2 of 3</strong></a>\n", "uploadtime": 1746039393, "views": 7, "formatid": "gen9vgc2025regibo3", "rating": null, "private": 0, "password": null}