{"id": "gen9vgc2025regibo3-2354582814", "format": "[Gen 9] VGC 2025 Reg I (Bo3)", "players": ["NameLessUlixes", "hfchcggjhgvchcfu"], "log": "|j|\u2606NameLessUlixes\n|j|\u2606hfchcggjhgvchcfu\n|html|<table width=\"100%\"><tr><td align=\"left\">NameLessUlixes</td><td align=\"right\">hfchcggjhgvchcfu</tr><tr><td align=\"left\"><i class=\"fa fa-circle\"></i> <i class=\"fa fa-circle-o\"></i> </td><td align=\"right\"><i class=\"fa fa-circle-o\"></i> <i class=\"fa fa-circle\"></i> </tr></table>\n|uhtml|bestof|<h2><strong>Game 3</strong> of <a href=\"/game-bestof3-gen9vgc2025regibo3-2354579170\">a best-of-3</a></h2>\n|t:|1746098457\n|gametype|doubles\n|player|p1|NameLessUlixes|265|1151\n|player|p2|hfchcggjhgvchcfu|169|1078\n|teamsize|p1|6\n|teamsize|p2|6\n|gen|9\n|tier|[Gen 9] VGC 2025 Reg I (Bo3)\n|rated|\n|rule|Species Clause: Limit one of each Pok\u00e9mon\n|rule|Item Clause: Limit 1 of each item\n|clearpoke\n|poke|p1|Zamazenta-*, L50|\n|poke|p1|Calyrex-Shadow, L50|\n|poke|p1|Incineroar, L50, M|\n|poke|p1|Grimmsnarl, L50, M|\n|poke|p1|Cresselia, L50, F|\n|poke|p1|Ursaluna, L50, M|\n|poke|p2|Miraidon, L50|\n|poke|p2|Koraidon, L50|\n|poke|p2|Iron Bundle, L50|\n|poke|p2|Iron Valiant, L50|\n|poke|p2|Gouging Fire, L50|\n|poke|p2|Brute Bonnet, L50|\n|teampreview|4\n|showteam|p1|Zamazenta-Crowned||RustedShield|DauntlessShield|behemothbash,BodyPress,WideGuard,Protect||||||50|,,,,,Water]Calyrex-Shadow||LifeOrb|AsOneSpectrier|AstralBarrage,Psyshock,TeraBlast,Protect||||||50|,,,,,Fairy]Incineroar||SitrusBerry|Intimidate|FakeOut,KnockOff,PartingShot,WillOWisp|||M|||50|,,,,,Water]Grimmsnarl||LightClay|Prankster|SpiritBreak,LightScreen,Reflect,ThunderWave|||M|||50|,,,,,Grass]Cresselia||SafetyGoggles|Levitate|AllySwitch,LunarBlessing,Moonblast,TrickRoom|||F|||50|,,,,,Poison]Ursaluna||FlameOrb|Guts|Facade,HeadlongRush,HighHorsepower,Protect|||M|||50|,,,,,Fairy\n|showteam|p2|Miraidon||LifeOrb|HadronEngine|ElectroDrift,DracoMeteor,DazzlingGleam,ParabolicCharge||||||50|,,,,,Fairy]Koraidon||ChoiceScarf|OrichalcumPulse|CollisionCourse,FlareBlitz,WildCharge,DragonClaw||||||50|,,,,,Fire]Iron Bundle||BoosterEnergy|QuarkDrive|IcyWind,FreezeDry,HydroPump,Protect||||||50|,,,,,Ice]Iron Valiant||FocusSash|QuarkDrive|Protect,WideGuard,SpiritBreak,Encore||||||50|,,,,,Fairy]Gouging Fire||RockyHelmet|Protosynthesis|BurningBulwark,FlareBlitz,Howl,BreakingSwipe||||||50|,,,,,Steel]Brute Bonnet||SitrusBerry|Protosynthesis|ClearSmog,RagePowder,Spore,SuckerPunch||||||50|,,,,,Dark\n|inactive|Battle timer is ON: inactive players will automatically lose when time's up. (requested by NameLessUlixes)\n|\n|t:|1746098489\n|start\n|switch|p1a: Grimmsnarl|Grimmsnarl, L50, M|100/100\n|switch|p1b: Cresselia|Cresselia, L50, F, shiny|100/100\n|switch|p2a: Gouging Fire|Gouging Fire, L50|100/100\n|switch|p2b: Iron Bundle|Iron Bundle, L50|100/100\n|-enditem|p2b: Iron Bundle|Booster Energy\n|-activate|p2b: Iron Bundle|ability: Quark Drive|[fromitem]\n|-start|p2b: Iron Bundle|quarkdrivespe\n|turn|1\n|\n|t:|1746098512\n|move|p1a: Grimmsnarl|Light Screen|p1a: Grimmsnarl\n|-sidestart|p1: NameLessUlixes|move: Light Screen\n|move|p2b: Iron Bundle|Hydro Pump|p1b: Cresselia|[miss]\n|-miss|p2b: Iron Bundle|p1b: Cresselia\n|move|p2a: Gouging Fire|Howl|p2a: Gouging Fire|[spread] p2a,p2b\n|-boost|p2a: Gouging Fire|atk|1\n|-boost|p2b: Iron Bundle|atk|1\n|move|p1b: Cresselia|Trick Room|p1b: Cresselia\n|-fieldstart|move: Trick Room|[of] p1b: Cresselia\n|\n|upkeep\n|turn|2\n|\n|t:|1746098533\n|move|p1a: Grimmsnarl|Reflect|p1a: Grimmsnarl\n|-sidestart|p1: NameLessUlixes|Reflect\n|move|p2a: Gouging Fire|Flare Blitz|p1b: Cresselia\n|-damage|p1b: Cresselia|74/100\n|-damage|p2a: Gouging Fire|91/100|[from] Recoil\n|move|p1b: Cresselia|Moonblast|p2b: Iron Bundle\n|-damage|p2b: Iron Bundle|64/100\n|-unboost|p2b: Iron Bundle|spa|1\n|move|p2b: Iron Bundle|Hydro Pump|p1b: Cresselia|[miss]\n|-miss|p2b: Iron Bundle|p1b: Cresselia\n|\n|upkeep\n|turn|3\n|inactive|NameLessUlixes has 30 seconds left.\n|inactive|hfchcggjhgvchcfu has 30 seconds left.\n|\n|t:|1746098561\n|move|p1a: Grimmsnarl|Spirit Break|p2b: Iron Bundle\n|-damage|p2b: Iron Bundle|25/100\n|-unboost|p2b: Iron Bundle|spa|1\n|move|p2a: Gouging Fire|Howl|p2a: Gouging Fire|[spread] p2a,p2b\n|-boost|p2a: Gouging Fire|atk|1\n|-boost|p2b: Iron Bundle|atk|1\n|move|p1b: Cresselia|Moonblast|p2b: Iron Bundle\n|-damage|p2b: Iron Bundle|0 fnt\n|faint|p2b: Iron Bundle\n|-end|p2b: Iron Bundle|Quark Drive|[silent]\n|\n|upkeep\n|\n|t:|1746098575\n|switch|p2b: Koraidon|Koraidon, L50|100/100\n|-weather|SunnyDay|[from] ability: Orichalcum Pulse|[of] p2b: Koraidon\n|-activate|p2a: Gouging Fire|ability: Protosynthesis\n|-start|p2a: Gouging Fire|protosynthesisatk\n|-activate|p2b: Koraidon|Orichalcum Pulse|[source]\n|turn|4\n|inactive|NameLessUlixes has 30 seconds left.\n|inactive|NameLessUlixes has 20 seconds left.\n|\n|t:|1746098611\n|switch|p1a: Incineroar|Incineroar, L50, M|100/100\n|-ability|p1a: Incineroar|Intimidate|boost\n|-unboost|p2a: Gouging Fire|atk|1\n|-unboost|p2b: Koraidon|atk|1\n|-terastallize|p2b: Koraidon|Fire\n|move|p2a: Gouging Fire|Flare Blitz|p1b: Cresselia\n|-damage|p1b: Cresselia|22/100\n|-damage|p2a: Gouging Fire|73/100|[from] Recoil\n|move|p1b: Cresselia|Lunar Blessing|p1b: Cresselia|[spread] p1a,p1b\n|-heal|p1b: Cresselia|47/100\n|move|p2b: Koraidon|Flare Blitz|p1b: Cresselia\n|-damage|p1b: Cresselia|15/100\n|-damage|p2b: Koraidon|87/100|[from] Recoil\n|\n|-weather|SunnyDay|[upkeep]\n|upkeep\n|turn|5\n|inactive|NameLessUlixes has 30 seconds left.\n|\n|t:|1746098638\n|switch|p1b: Grimmsnarl|Grimmsnarl, L50, M|100/100\n|move|p1a: Incineroar|Fake Out|p2b: Koraidon\n|-damage|p2b: Koraidon|77/100\n|move|p2a: Gouging Fire|Howl|p2a: Gouging Fire|[spread] p2a,p2b\n|-boost|p2a: Gouging Fire|atk|1\n|-boost|p2b: Koraidon|atk|1\n|cant|p2b: Koraidon|flinch\n|\n|-weather|SunnyDay|[upkeep]\n|-fieldend|move: Trick Room\n|upkeep\n|turn|6\n|\n|t:|1746098659\n|switch|p1a: Cresselia|Cresselia, L50, F, shiny|15/100\n|move|p1b: Grimmsnarl|Thunder Wave|p2b: Koraidon\n|-status|p2b: Koraidon|par\n|move|p2b: Koraidon|Flare Blitz|p1b: Grimmsnarl\n|-damage|p1b: Grimmsnarl|12/100\n|-damage|p2b: Koraidon|44/100 par|[from] Recoil\n|move|p2a: Gouging Fire|Howl|p2a: Gouging Fire|[spread] p2a,p2b\n|-boost|p2a: Gouging Fire|atk|1\n|-boost|p2b: Koraidon|atk|1\n|\n|-weather|SunnyDay|[upkeep]\n|upkeep\n|turn|7\n|\n|t:|1746098679\n|move|p1b: Grimmsnarl|Thunder Wave|p2a: Gouging Fire\n|-status|p2a: Gouging Fire|par\n|move|p2b: Koraidon|Flare Blitz|p1a: Cresselia\n|-damage|p1a: Cresselia|0 fnt\n|faint|p1a: Cresselia\n|-damage|p2b: Koraidon|38/100 par|[from] Recoil\n|move|p2a: Gouging Fire|Flare Blitz|p1b: Grimmsnarl\n|-damage|p1b: Grimmsnarl|0 fnt\n|faint|p1b: Grimmsnarl\n|-damage|p2a: Gouging Fire|69/100 par|[from] Recoil\n|\n|-weather|SunnyDay|[upkeep]\n|upkeep\n|\n|t:|1746098691\n|switch|p1a: Ursaluna|Ursaluna, L50, M|100/100\n|switch|p1b: Incineroar|Incineroar, L50, M|100/100\n|-ability|p1b: Incineroar|Intimidate|boost\n|-unboost|p2a: Gouging Fire|atk|1\n|-unboost|p2b: Koraidon|atk|1\n|turn|8\n|\n|t:|1746098709\n|move|p1a: Ursaluna|Protect|p1a: Ursaluna\n|-singleturn|p1a: Ursaluna|Protect\n|move|p1b: Incineroar|Fake Out|p2b: Koraidon\n|-damage|p2b: Koraidon|28/100 par\n|cant|p2b: Koraidon|flinch\n|move|p2a: Gouging Fire|Breaking Swipe|p1b: Incineroar|[spread] p1b\n|-activate|p1a: Ursaluna|move: Protect\n|-damage|p1b: Incineroar|77/100\n|-unboost|p1b: Incineroar|atk|1\n|\n|-weather|none\n|-end|p2a: Gouging Fire|Protosynthesis\n|-sideend|p1: NameLessUlixes|move: Light Screen\n|-status|p1a: Ursaluna|brn|[from] item: Flame Orb\n|upkeep\n|turn|9\n|\n|t:|1746098730\n|cant|p2b: Koraidon|par\n|move|p1b: Incineroar|Knock Off|p2b: Koraidon\n|-crit|p2b: Koraidon\n|-damage|p2b: Koraidon|0 fnt\n|-enditem|p2b: Koraidon|Choice Scarf|[from] move: Knock Off|[of] p1b: Incineroar\n|faint|p2b: Koraidon\n|move|p1a: Ursaluna|Facade|p2a: Gouging Fire\n|-damage|p2a: Gouging Fire|0 fnt\n|-damage|p1a: Ursaluna|84/100 brn|[from] item: Rocky Helmet|[of] p2a: Gouging Fire\n|faint|p2a: Gouging Fire\n|-end|p2a: Gouging Fire|Protosynthesis|[silent]\n|\n|-damage|p1a: Ursaluna|78/100 brn|[from] brn\n|-sideend|p1: NameLessUlixes|Reflect\n|upkeep\n|\n|t:|1746098741\n|switch|p2b: Miraidon|Miraidon, L50|100/100\n|-fieldstart|move: Electric Terrain|[from] ability: Hadron Engine|[of] p2b: Miraidon\n|turn|10\n|inactive|NameLessUlixes has 30 seconds left.\n|\n|t:|1746098774\n|move|p1a: Ursaluna|Protect|p1a: Ursaluna\n|-singleturn|p1a: Ursaluna|Protect\n|move|p2b: Miraidon|Draco Meteor|p1a: Ursaluna\n|-activate|p1a: Ursaluna|move: Protect\n|move|p1b: Incineroar|Knock Off|p2b: Miraidon\n|-damage|p2b: Miraidon|76/100\n|-enditem|p2b: Miraidon|Life Orb|[from] move: Knock Off|[of] p1b: Incineroar\n|\n|-damage|p1a: Ursaluna|72/100 brn|[from] brn\n|upkeep\n|turn|11\n|\n|t:|1746098792\n|-terastallize|p1a: Ursaluna|Fairy\n|move|p2b: Miraidon|Draco Meteor|p1a: Ursaluna\n|-immune|p1a: Ursaluna\n|move|p1b: Incineroar|Knock Off|p2b: Miraidon\n|-damage|p2b: Miraidon|58/100\n|move|p1a: Ursaluna|Headlong Rush|p2b: Miraidon\n|-supereffective|p2b: Miraidon\n|-damage|p2b: Miraidon|0 fnt\n|-unboost|p1a: Ursaluna|def|1\n|-unboost|p1a: Ursaluna|spd|1\n|faint|p2b: Miraidon\n|\n|win|NameLessUlixes\n|raw|NameLessUlixes's rating: 1151 &rarr; <strong>1171</strong><br />(+20 for winning)\n|raw|hfchcggjhgvchcfu's rating: 1078 &rarr; <strong>1061</strong><br />(-17 for losing)\n|l|\u2606hfchcggjhgvchcfu\n|player|p2|\n|l|\u2606NameLessUlixes\n|player|p1|\n", "uploadtime": 1746099127, "views": 7, "formatid": "gen9vgc2025regibo3", "rating": 1061, "private": 0, "password": null}