{"id": "gen9vgc2025regibo3-2354612738", "format": "[Gen 9] VGC 2025 Reg I (Bo3)", "players": ["scalionz", "Shirteasy22"], "log": "|j|\u2606scalionz\n|j|\u2606Shirteasy22\n|html|<table width=\"100%\"><tr><td align=\"left\">scalionz</td><td align=\"right\">Shirteasy22</tr><tr><td align=\"left\"><i class=\"fa fa-circle-o\"></i> <i class=\"fa fa-circle-o\"></i> </td><td align=\"right\"><i class=\"fa fa-circle-o\"></i> <i class=\"fa fa-circle-o\"></i> </tr></table>\n|uhtml|bestof|<h2><strong>Game 1</strong> of <a href=\"/game-bestof3-gen9vgc2025regibo3-2354612737\">a best-of-3</a></h2>\n|t:|1746102811\n|gametype|doubles\n|player|p1|scalionz|caitlin|1127\n|player|p2|Shirteasy22|dancer|1102\n|teamsize|p1|6\n|teamsize|p2|6\n|gen|9\n|tier|[Gen 9] VGC 2025 Reg I (Bo3)\n|rated|\n|rule|Species Clause: Limit one of each Pok\u00e9mon\n|rule|Item Clause: Limit 1 of each item\n|clearpoke\n|poke|p1|Miraidon, L50|\n|poke|p1|Lunala, L50|\n|poke|p1|Raichu-Alola, L50, F|\n|poke|p1|Incineroar, L50, M|\n|poke|p1|Archaludon, L50, M|\n|poke|p1|Iron Leaves, L50|\n|poke|p2|Calyrex-Shadow, L50|\n|poke|p2|Thundurus, L50, M|\n|poke|p2|Koraidon, L50|\n|poke|p2|Clefairy, L50, F|\n|poke|p2|Incineroar, L50, F|\n|poke|p2|Ting-Lu, L50|\n|teampreview|4\n|showteam|p1|Miraidon||ChoiceSpecs|HadronEngine|DazzlingGleam,DracoMeteor,VoltSwitch,ElectroDrift||||||50|,,,,,Fairy]Lunala||PowerHerb|ShadowShield|Tailwind,WideGuard,MoongeistBeam,MeteorBeam||||||50|,,,,,Dark]Raichu-Alola||FocusSash|SurgeSurfer|FakeOut,Psychic,Electroweb,Protect|||F|||50|,,,,,Grass]Incineroar||SafetyGoggles|Intimidate|FakeOut,PartingShot,KnockOff,FlareBlitz|||M|||50|,,,,,Ghost]Archaludon||AssaultVest|Stamina|BodyPress,ElectroShot,DracoMeteor,HeavySlam|||M|||50|,,,,,Grass]Iron Leaves||LifeOrb|QuarkDrive|Psyblade,LeafBlade,SacredSword,Protect||||||50|,,,,,Grass\n|showteam|p2|Calyrex-Shadow||LifeOrb|AsOneSpectrier|AstralBarrage,Encore,Protect,DrainingKiss||||||50|,,,,,Fairy]Thundurus||WideLens|Prankster|ThunderWave,WildboltStorm,Protect,Taunt|||M|||50|,,,,,Steel]Koraidon||ClearAmulet|OrichalcumPulse|CollisionCourse,Protect,FlareBlitz,FlameCharge||||||50|,,,,,Fire]Clefairy||Eviolite|FriendGuard|FollowMe,AfterYou,HelpingHand,IcyWind|||F|||50|,,,,,Fairy]Incineroar||ChopleBerry|Intimidate|FlareBlitz,KnockOff,PartingShot,FakeOut|||F|||50|,,,,,Water]Ting-Lu||AssaultVest|VesselofRuin|ThroatChop,Snarl,Fissure,StompingTantrum||||||50|,,,,,Ghost\n|inactive|Battle timer is ON: inactive players will automatically lose when time's up. (requested by scalionz)\n|\n|t:|1746102877\n|start\n|switch|p1a: Raichu|Raichu-Alola, L50, F, shiny|100/100\n|switch|p1b: Miraidon|Miraidon, L50|100/100\n|switch|p2a: Koraidon|Koraidon, L50|100/100\n|switch|p2b: Clefairy|Clefairy, L50, F|100/100\n|-fieldstart|move: Electric Terrain|[from] ability: Hadron Engine|[of] p1b: Miraidon\n|-weather|SunnyDay|[from] ability: Orichalcum Pulse|[of] p2a: Koraidon\n|-activate|p2a: Koraidon|Orichalcum Pulse|[source]\n|turn|1\n|inactive|scalionz has 30 seconds left.\n|\n|t:|1746102909\n|switch|p2b: Ting-Lu|Ting-Lu, L50|100/100\n|-ability|p2b: Ting-Lu|Vessel of Ruin\n|move|p2a: Koraidon|Protect|p2a: Koraidon\n|-singleturn|p2a: Koraidon|Protect\n|move|p1a: Raichu|Fake Out|p2a: Koraidon\n|-activate|p2a: Koraidon|move: Protect\n|move|p1b: Miraidon|Dazzling Gleam|p2a: Koraidon|[spread] p2b\n|-activate|p2a: Koraidon|move: Protect\n|-supereffective|p2b: Ting-Lu\n|-damage|p2b: Ting-Lu|76/100\n|\n|-weather|SunnyDay|[upkeep]\n|upkeep\n|turn|2\n|\n|t:|1746102932\n|-terastallize|p2a: Koraidon|Fire\n|move|p1a: Raichu|Psychic|p2a: Koraidon\n|-damage|p2a: Koraidon|71/100\n|move|p1b: Miraidon|Dazzling Gleam|p2a: Koraidon|[spread] p2a,p2b\n|-resisted|p2a: Koraidon\n|-crit|p2a: Koraidon\n|-supereffective|p2b: Ting-Lu\n|-damage|p2a: Koraidon|49/100\n|-damage|p2b: Ting-Lu|50/100\n|move|p2a: Koraidon|Flame Charge|p1a: Raichu\n|-enditem|p1a: Raichu|Focus Sash\n|-damage|p1a: Raichu|1/100\n|-boost|p2a: Koraidon|spe|1\n|move|p2b: Ting-Lu|Snarl|p1a: Raichu|[spread] p1a,p1b\n|-supereffective|p1a: Raichu\n|-damage|p1a: Raichu|0 fnt\n|-damage|p1b: Miraidon|90/100\n|-unboost|p1b: Miraidon|spa|1\n|faint|p1a: Raichu\n|\n|-weather|SunnyDay|[upkeep]\n|upkeep\n|\n|t:|1746102952\n|switch|p1a: Lunala|Lunala, L50, shiny|100/100\n|turn|3\n|\n|t:|1746102968\n|-terastallize|p1a: Lunala|Dark\n|move|p2a: Koraidon|Collision Course|p1b: Miraidon\n|-damage|p1b: Miraidon|30/100\n|move|p1b: Miraidon|Dazzling Gleam|p2a: Koraidon|[spread] p2a,p2b\n|-resisted|p2a: Koraidon\n|-supereffective|p2b: Ting-Lu\n|-damage|p2a: Koraidon|40/100\n|-damage|p2b: Ting-Lu|34/100\n|move|p1a: Lunala|Meteor Beam||[still]\n|-prepare|p1a: Lunala|Meteor Beam\n|-boost|p1a: Lunala|spa|1\n|-enditem|p1a: Lunala|Power Herb\n|-anim|p1a: Lunala|Meteor Beam|p2a: Koraidon\n|-supereffective|p2a: Koraidon\n|-damage|p2a: Koraidon|0 fnt\n|faint|p2a: Koraidon\n|move|p2b: Ting-Lu|Throat Chop|p1a: Lunala\n|-resisted|p1a: Lunala\n|-damage|p1a: Lunala|96/100\n|-start|p1a: Lunala|Throat Chop|[silent]\n|\n|-weather|SunnyDay|[upkeep]\n|upkeep\n|inactive|Shirteasy22 has 30 seconds left.\n|\n|t:|1746102997\n|switch|p2a: Calyrex|Calyrex-Shadow, L50|100/100\n|-ability|p2a: Calyrex|As One\n|-ability|p2a: Calyrex|Unnerve\n|turn|4\n|\n|t:|1746103019\n|move|p2a: Calyrex|Protect|p2a: Calyrex\n|-singleturn|p2a: Calyrex|Protect\n|move|p1a: Lunala|Wide Guard|p1a: Lunala\n|-singleturn|p1a: Lunala|Wide Guard\n|move|p1b: Miraidon|Dazzling Gleam|p2b: Ting-Lu|[spread] p2b\n|-activate|p2a: Calyrex|move: Protect\n|-supereffective|p2b: Ting-Lu\n|-damage|p2b: Ting-Lu|15/100\n|move|p2b: Ting-Lu|Snarl|p1b: Miraidon|[spread] \n|-activate|p1a: Lunala|move: Wide Guard\n|-activate|p1b: Miraidon|move: Wide Guard\n|\n|-weather|SunnyDay|[upkeep]\n|-end|p1a: Lunala|Throat Chop|[silent]\n|upkeep\n|turn|5\n|inactive|Shirteasy22 has 30 seconds left.\n|inactive|Shirteasy22 has 20 seconds left.\n|\n|t:|1746103055\n|move|p2a: Calyrex|Draining Kiss|p1b: Miraidon\n|-supereffective|p1b: Miraidon\n|-damage|p1b: Miraidon|0 fnt\n|faint|p1b: Miraidon\n|-ability|p2a: Calyrex|Grim Neigh|boost\n|-boost|p2a: Calyrex|spa|1\n|-damage|p2a: Calyrex|91/100|[from] item: Life Orb\n|move|p1a: Lunala|Moongeist Beam|p2a: Calyrex\n|-supereffective|p2a: Calyrex\n|-damage|p2a: Calyrex|0 fnt\n|faint|p2a: Calyrex\n|move|p2b: Ting-Lu|Snarl|p1a: Lunala\n|-resisted|p1a: Lunala\n|-damage|p1a: Lunala|92/100\n|-unboost|p1a: Lunala|spa|1\n|\n|-weather|none\n|-fieldend|move: Electric Terrain\n|upkeep\n|\n|t:|1746103072\n|switch|p2a: Clefairy|Clefairy, L50, F|100/100\n|switch|p1b: Archaludon|Archaludon, L50, M, shiny|100/100\n|turn|6\n|\n|t:|1746103083\n|move|p2a: Clefairy|Follow Me|p2a: Clefairy\n|-singleturn|p2a: Clefairy|move: Follow Me\n|move|p1a: Lunala|Moongeist Beam|p2a: Clefairy\n|-damage|p2a: Clefairy|73/100\n|move|p1b: Archaludon|Body Press|p2a: Clefairy\n|-resisted|p2a: Clefairy\n|-damage|p2a: Clefairy|63/100\n|move|p2b: Ting-Lu|Fissure|p1b: Archaludon|[miss]\n|-miss|p2b: Ting-Lu|p1b: Archaludon\n|\n|upkeep\n|turn|7\n|\n|t:|1746103106\n|move|p2a: Clefairy|Follow Me|p2a: Clefairy\n|-singleturn|p2a: Clefairy|move: Follow Me\n|move|p1a: Lunala|Moongeist Beam|p2a: Clefairy\n|-damage|p2a: Clefairy|34/100\n|move|p1b: Archaludon|Heavy Slam|p2a: Clefairy\n|-supereffective|p2a: Clefairy\n|-damage|p2a: Clefairy|0 fnt\n|faint|p2a: Clefairy\n|move|p2b: Ting-Lu|Fissure|p1b: Archaludon|[miss]\n|-miss|p2b: Ting-Lu|p1b: Archaludon\n|\n|upkeep\n|turn|8\n|\n|t:|1746103121\n|move|p1a: Lunala|Moongeist Beam|p2b: Ting-Lu\n|-resisted|p2b: Ting-Lu\n|-damage|p2b: Ting-Lu|8/100\n|move|p1b: Archaludon|Body Press|p2b: Ting-Lu\n|-supereffective|p2b: Ting-Lu\n|-damage|p2b: Ting-Lu|0 fnt\n|faint|p2b: Ting-Lu\n|\n|win|scalionz\n||scalionz is ready for game 2.\n|inactive|Shirteasy22 has 30 seconds to confirm battle start!\n|l|\u2606scalionz\n|player|p1|\n|inactive|Shirteasy22 has 20 seconds to confirm battle start!\n||Shirteasy22 is ready for game 2.\n|uhtml|next|Next: <a href=\"/battle-gen9vgc2025regibo3-2354615334\"><strong>Game 2 of 3</strong></a>\n", "uploadtime": 1746103131, "views": 15, "formatid": "gen9vgc2025regibo3", "rating": null, "private": 0, "password": null}