{"id": "gen9vgc2025regibo3-2354581200", "format": "[Gen 9] VGC 2025 Reg I (Bo3)", "players": ["pep_uni", "Munjah 14"], "log": "|j|\u2606pep_uni\n|j|\u2606Munjah 14\n|html|<table width=\"100%\"><tr><td align=\"left\">pep_uni</td><td align=\"right\">Munjah 14</tr><tr><td align=\"left\"><i class=\"fa fa-circle-o\"></i> <i class=\"fa fa-circle-o\"></i> </td><td align=\"right\"><i class=\"fa fa-circle-o\"></i> <i class=\"fa fa-circle-o\"></i> </tr></table>\n|uhtml|bestof|<h2><strong>Game 1</strong> of <a href=\"/game-bestof3-gen9vgc2025regibo3-2354581198\">a best-of-3</a></h2>\n|t:|1746098179\n|gametype|doubles\n|player|p1|pep_uni|benga|1295\n|player|p2|Munjah 14|2|1270\n|teamsize|p1|6\n|teamsize|p2|6\n|gen|9\n|tier|[Gen 9] VGC 2025 Reg I (Bo3)\n|rated|\n|rule|Species Clause: Limit one of each Pok\u00e9mon\n|rule|Item Clause: Limit 1 of each item\n|clearpoke\n|poke|p1|Calyrex-Shadow, L50|\n|poke|p1|Zamazenta-*, L50|\n|poke|p1|Incineroar, L50, F|\n|poke|p1|Rillaboom, L50, M|\n|poke|p1|Urshifu-*, L50, F|\n|poke|p1|Ogerpon-Hearthflame, L50, F|\n|poke|p2|Iron Valiant, L50|\n|poke|p2|Miraidon, L50|\n|poke|p2|Sableye, L50, F|\n|poke|p2|Chien-Pao, L50|\n|poke|p2|Groudon, L50|\n|poke|p2|Ogerpon-Hearthflame, L50, F|\n|teampreview|4\n|showteam|p1|Calyrex-Shadow||FocusSash|AsOneSpectrier|AstralBarrage,Psychic,Encore,Protect||||||50|,,,,,Ghost]Zamazenta-Crowned||RustedShield|DauntlessShield|BodyPress,behemothbash,WideGuard,Protect||||||50|,,,,,Dragon]Incineroar||RockyHelmet|Intimidate|KnockOff,PartingShot,FakeOut,HelpingHand|||F|||50|,,,,,Bug]Rillaboom||AssaultVest|GrassySurge|FakeOut,WoodHammer,GrassyGlide,Uturn|||M|||50|,,,,,Water]Urshifu-Rapid-Strike||ChoiceScarf|UnseenFist|SurgingStrikes,CloseCombat,AquaJet,Uturn|||F|||50|,,,,,Water]Ogerpon-Hearthflame||HearthflameMask|MoldBreaker|IvyCudgel,GrassyGlide,FollowMe,SpikyShield|||F|||50|,,,,,Fire\n|showteam|p2|Iron Valiant||BoosterEnergy|QuarkDrive|Moonblast,Coaching,WideGuard,Hypnosis||||||50|,,,,,Ghost]Miraidon||ChoiceSpecs|HadronEngine|VoltSwitch,DracoMeteor,ElectroDrift,Discharge||||||50|,,,,,Electric]Sableye||EjectButton|Prankster|FoulPlay,Gravity,Encore,ThunderWave|||F|||50|,,,,,Fire]Chien-Pao||FocusSash|SwordofRuin|IceSpinner,Crunch,IceShard,Protect||||||50|,,,,,Stellar]Groudon||ChoiceScarf|Drought|PrecipiceBlades,Crunch,HeatCrash,HighHorsepower||||||50|,,,,,Ground]Ogerpon-Hearthflame||HearthflameMask|MoldBreaker|IvyCudgel,WoodHammer,FollowMe,SpikyShield|||F|||50|,,,,,Fire\n|inactive|Battle timer is ON: inactive players will automatically lose when time's up. (requested by Munjah 14)\n|inactive|pep_uni has 60 seconds left.\n|inactive|pep_uni has 30 seconds left.\n|inactive|pep_uni has 20 seconds left.\n|\n|t:|1746098300\n|start\n|switch|p1a: Calyrex|Calyrex-Shadow, L50|100/100\n|switch|p1b: Rillaboom|Rillaboom, L50, M|100/100\n|switch|p2a: Miraidon|Miraidon, L50|100/100\n|switch|p2b: Sableye|Sableye, L50, F, shiny|100/100\n|-ability|p1a: Calyrex|As One\n|-ability|p1a: Calyrex|Unnerve\n|-fieldstart|move: Electric Terrain|[from] ability: Hadron Engine|[of] p2a: Miraidon\n|-fieldstart|move: Grassy Terrain|[from] ability: Grassy Surge|[of] p1b: Rillaboom\n|turn|1\n|\n|t:|1746098324\n|move|p1b: Rillaboom|Fake Out|p2a: Miraidon\n|-damage|p2a: Miraidon|86/100\n|move|p2b: Sableye|Thunder Wave|p1a: Calyrex\n|-status|p1a: Calyrex|par\n|cant|p2a: Miraidon|flinch\n|cant|p1a: Calyrex|par\n|\n|-heal|p2a: Miraidon|93/100|[from] Grassy Terrain\n|upkeep\n|turn|2\n|\n|t:|1746098345\n|move|p2a: Miraidon|Volt Switch|p1b: Rillaboom\n|-resisted|p1b: Rillaboom\n|-damage|p1b: Rillaboom|83/100\n|\n|t:|1746098349\n|switch|p2a: Iron Valiant|Iron Valiant, L50, shiny|100/100|[from] Volt Switch\n|-enditem|p2a: Iron Valiant|Booster Energy\n|-activate|p2a: Iron Valiant|ability: Quark Drive|[fromitem]\n|-start|p2a: Iron Valiant|quarkdrivespe\n|move|p1a: Calyrex|Astral Barrage|p2b: Sableye|[spread] p2a,p2b\n|-damage|p2a: Iron Valiant|12/100\n|-damage|p2b: Sableye|36/100\n|-enditem|p2b: Sableye|Eject Button\n|\n|t:|1746098359\n|switch|p2b: Miraidon|Miraidon, L50|93/100\n|-fieldstart|move: Electric Terrain|[from] ability: Hadron Engine|[of] p2b: Miraidon\n|move|p1b: Rillaboom|U-turn|p2a: Iron Valiant\n|-resisted|p2a: Iron Valiant\n|-damage|p2a: Iron Valiant|5/100\n|\n|t:|1746098370\n|switch|p1b: Incineroar|Incineroar, L50, F|100/100|[from] U-turn\n|-ability|p1b: Incineroar|Intimidate|boost\n|-unboost|p2a: Iron Valiant|atk|1\n|-unboost|p2b: Miraidon|atk|1\n|\n|upkeep\n|turn|3\n|inactive|Munjah 14 has 30 seconds left.\n|\n|t:|1746098403\n|switch|p1a: Rillaboom|Rillaboom, L50, M|83/100\n|-fieldstart|move: Grassy Terrain|[from] ability: Grassy Surge|[of] p1a: Rillaboom\n|-terastallize|p2b: Miraidon|Electric\n|move|p1b: Incineroar|Fake Out|p2a: Iron Valiant\n|-damage|p2a: Iron Valiant|0 fnt\n|faint|p2a: Iron Valiant\n|-end|p2a: Iron Valiant|Quark Drive|[silent]\n|move|p2b: Miraidon|Discharge|p1b: Incineroar|[spread] p1a,p1b\n|-resisted|p1a: Rillaboom\n|-damage|p1a: Rillaboom|66/100\n|-damage|p1b: Incineroar|43/100\n|-status|p1a: Rillaboom|par\n|\n|-heal|p2b: Miraidon|99/100|[from] Grassy Terrain\n|-heal|p1b: Incineroar|49/100|[from] Grassy Terrain\n|-heal|p1a: Rillaboom|71/100 par|[from] Grassy Terrain\n|upkeep\n|\n|t:|1746098427\n|switch|p2a: Sableye|Sableye, L50, F, shiny|36/100\n|turn|4\n|\n|t:|1746098443\n|switch|p2b: Groudon|Groudon, L50, shiny|100/100\n|-weather|SunnyDay|[from] ability: Drought|[of] p2b: Groudon\n|cant|p1a: Rillaboom|par\n|move|p2a: Sableye|Gravity|p2a: Sableye\n|-fieldstart|move: Gravity\n|move|p1b: Incineroar|Parting Shot|p2b: Groudon\n|-unboost|p2b: Groudon|atk|1\n|-unboost|p2b: Groudon|spa|1\n|\n|t:|1746098451\n|switch|p1b: Calyrex|Calyrex-Shadow, L50|100/100 par|[from] Parting Shot\n|-ability|p1b: Calyrex|As One\n|-ability|p1b: Calyrex|Unnerve\n|\n|-weather|SunnyDay|[upkeep]\n|-heal|p2a: Sableye|41/100|[from] Grassy Terrain\n|-heal|p1a: Rillaboom|77/100 par|[from] Grassy Terrain\n|upkeep\n|turn|5\n|inactive|Munjah 14 has 30 seconds left.\n|\n|t:|1746098478\n|switch|p1a: Incineroar|Incineroar, L50, F|49/100\n|-ability|p1a: Incineroar|Intimidate|boost\n|-unboost|p2a: Sableye|atk|1\n|-unboost|p2b: Groudon|atk|1\n|move|p2b: Groudon|Crunch|p1b: Calyrex\n|-supereffective|p1b: Calyrex\n|-damage|p1b: Calyrex|23/100 par\n|cant|p1b: Calyrex|par\n|move|p2a: Sableye|Foul Play|p1a: Incineroar\n|-resisted|p1a: Incineroar\n|-damage|p1a: Incineroar|35/100\n|-damage|p2a: Sableye|25/100|[from] item: Rocky Helmet|[of] p1a: Incineroar\n|\n|-weather|SunnyDay|[upkeep]\n|-heal|p1b: Calyrex|29/100 par|[from] Grassy Terrain\n|-heal|p1a: Incineroar|41/100|[from] Grassy Terrain\n|-heal|p2a: Sableye|30/100|[from] Grassy Terrain\n|upkeep\n|turn|6\n|\n|t:|1746098502\n|switch|p2b: Miraidon|Miraidon, L50, tera:Electric|99/100\n|-fieldstart|move: Electric Terrain|[from] ability: Hadron Engine|[of] p2b: Miraidon\n|move|p1a: Incineroar|Fake Out|p2b: Miraidon\n|-damage|p2b: Miraidon|88/100\n|move|p1b: Calyrex|Astral Barrage|p2a: Sableye|[spread] p2a,p2b\n|-damage|p2a: Sableye|0 fnt\n|-damage|p2b: Miraidon|41/100\n|faint|p2a: Sableye\n|-ability|p1b: Calyrex|Grim Neigh|boost\n|-boost|p1b: Calyrex|spa|1\n|\n|-weather|SunnyDay|[upkeep]\n|upkeep\n|\n|t:|1746098512\n|switch|p2a: Groudon|Groudon, L50, shiny|100/100\n|turn|7\n|\n|t:|1746098533\n|switch|p1a: Rillaboom|Rillaboom, L50, M|77/100 par\n|-fieldstart|move: Grassy Terrain|[from] ability: Grassy Surge|[of] p1a: Rillaboom\n|move|p2a: Groudon|Precipice Blades|p1a: Rillaboom|[spread] p1a,p1b\n|-resisted|p1a: Rillaboom\n|-crit|p1b: Calyrex\n|-damage|p1a: Rillaboom|53/100 par\n|-damage|p1b: Calyrex|0 fnt\n|faint|p1b: Calyrex\n|move|p2b: Miraidon|Electro Drift|p1a: Rillaboom\n|-resisted|p1a: Rillaboom\n|-damage|p1a: Rillaboom|22/100 par\n|\n|-weather|SunnyDay|[upkeep]\n|-heal|p2b: Miraidon|48/100|[from] Grassy Terrain\n|-heal|p1a: Rillaboom|28/100 par|[from] Grassy Terrain\n|upkeep\n|\n|t:|1746098556\n|switch|p1b: Zamazenta|Zamazenta-Crowned, L50|100/100\n|-ability|p1b: Zamazenta|Dauntless Shield|boost\n|-boost|p1b: Zamazenta|def|1\n|turn|8\n|\n|t:|1746098566\n|-terastallize|p1b: Zamazenta|Dragon\n|move|p1b: Zamazenta|Wide Guard|p1b: Zamazenta\n|-singleturn|p1b: Zamazenta|Wide Guard\n|move|p2a: Groudon|Precipice Blades|p1a: Rillaboom|[spread] \n|-activate|p1a: Rillaboom|move: Wide Guard\n|-activate|p1b: Zamazenta|move: Wide Guard\n|move|p2b: Miraidon|Electro Drift|p1b: Zamazenta\n|-resisted|p1b: Zamazenta\n|-damage|p1b: Zamazenta|57/100\n|move|p1a: Rillaboom|Wood Hammer|p2b: Miraidon\n|-damage|p2b: Miraidon|0 fnt\n|faint|p2b: Miraidon\n|-damage|p1a: Rillaboom|15/100 par|[from] Recoil\n|\n|-weather|none\n|-heal|p1b: Zamazenta|63/100|[from] Grassy Terrain\n|-heal|p1a: Rillaboom|21/100 par|[from] Grassy Terrain\n|-fieldend|move: Gravity\n|upkeep\n|turn|9\n|\n|t:|1746098580\n|move|p1b: Zamazenta|Wide Guard|p1b: Zamazenta\n|-singleturn|p1b: Zamazenta|Wide Guard\n|move|p2a: Groudon|Precipice Blades|p1b: Zamazenta|[spread] \n|-activate|p1a: Rillaboom|move: Wide Guard\n|-activate|p1b: Zamazenta|move: Wide Guard\n|move|p1a: Rillaboom|Wood Hammer|p2a: Groudon\n|-supereffective|p2a: Groudon\n|-damage|p2a: Groudon|0 fnt\n|faint|p2a: Groudon\n|-damage|p1a: Rillaboom|0 fnt|[from] Recoil\n|faint|p1a: Rillaboom\n|\n|win|pep_uni\n|l|\u2606Munjah 14\n|player|p2|\n||Munjah 14 is ready for game 2.\n||pep_uni is ready for game 2.\n|uhtml|next|Next: <a href=\"/battle-gen9vgc2025regibo3-2354583598\"><strong>Game 2 of 3</strong></a>\n", "uploadtime": 1746098851, "views": 7, "formatid": "gen9vgc2025regibo3", "rating": null, "private": 0, "password": null}