{"id": "gen9vgc2025regibo3-2354337291", "format": "[Gen 9] VGC 2025 Reg I (Bo3)", "players": ["canadadryafk", "Tzim14"], "log": "|j|\u2606canadadryafk\n|j|\u2606Tzim14\n|html|<table width=\"100%\"><tr><td align=\"left\">canadadryafk</td><td align=\"right\">Tzim14</tr><tr><td align=\"left\"><i class=\"fa fa-circle\"></i> <i class=\"fa fa-circle-o\"></i> </td><td align=\"right\"><i class=\"fa fa-circle-o\"></i> <i class=\"fa fa-circle\"></i> </tr></table>\n|uhtml|bestof|<h2><strong>Game 3</strong> of <a href=\"/game-bestof3-gen9vgc2025regibo3-2354331456\">a best-of-3</a></h2>\n|t:|1746059001\n|gametype|doubles\n|player|p1|canadadryafk|102|1112\n|player|p2|Tzim14|phoebe-masters|1153\n|teamsize|p1|6\n|teamsize|p2|6\n|gen|9\n|tier|[Gen 9] VGC 2025 Reg I (Bo3)\n|rated|\n|rule|Species Clause: Limit one of each Pok\u00e9mon\n|rule|Item Clause: Limit 1 of each item\n|clearpoke\n|poke|p1|Zamazenta-*, L50|\n|poke|p1|Miraidon, L50|\n|poke|p1|Farigiraf, L50, M|\n|poke|p1|Iron Bundle, L50|\n|poke|p1|Incineroar, L50, F|\n|poke|p1|Ursaluna, L50, F|\n|poke|p2|Calyrex-Shadow, L50|\n|poke|p2|Koraidon, L50|\n|poke|p2|Incineroar, L50, M|\n|poke|p2|Raging Bolt, L50|\n|poke|p2|Scream Tail, L50|\n|poke|p2|Ogerpon-Cornerstone, L50, F|\n|teampreview|4\n|showteam|p1|Zamazenta-Crowned||RustedShield|DauntlessShield|BodyPress,HeavySlam,WideGuard,Protect||||||50|,,,,,Dragon]Miraidon||ChoiceSpecs|HadronEngine|ElectroDrift,DracoMeteor,VoltSwitch,DazzlingGleam||||||50|,,,,,Fairy]Farigiraf||ElectricSeed|ArmorTail|Psychic,FoulPlay,HelpingHand,TrickRoom|||M|||50|,,,,,Water]Iron Bundle||FocusSash|QuarkDrive|IcyWind,FreezeDry,Encore,Protect||||||50|,,,,,Ghost]Incineroar||AssaultVest|Intimidate|KnockOff,FlareBlitz,Uturn,FakeOut|||F|||50|,,,,,Bug]Ursaluna||FlameOrb|Guts|Facade,HeadlongRush,Substitute,Protect|||F|||50|,,,,,Poison\n|showteam|p2|Calyrex-Shadow||FocusSash|AsOneSpectrier|AstralBarrage,Psychic,PollenPuff,Protect||||||50|,,,,,Normal]Koraidon||LifeOrb|OrichalcumPulse|CollisionCourse,FlareBlitz,Protect,FlameCharge||||||50|,,,,,Fire]Incineroar||SitrusBerry|Intimidate|FakeOut,KnockOff,WillOWisp,FlareBlitz|||M|||50|,,,,,Ghost]Raging Bolt||AssaultVest|Protosynthesis|Snarl,Thunderclap,DracoMeteor,Thunderbolt||||||50|,,,,,Fairy]Scream Tail||BoosterEnergy|Protosynthesis|Encore,Protect,DazzlingGleam,ThunderWave||||||50|,,,,,Water]Ogerpon-Cornerstone||CornerstoneMask|Sturdy|IvyCudgel,FollowMe,WoodHammer,SpikyShield|||F|||50|,,,,,Rock\n|inactive|Battle timer is ON: inactive players will automatically lose when time's up. (requested by canadadryafk)\n|inactive|Tzim14 has 60 seconds left.\n|\n|t:|1746059034\n|start\n|switch|p1a: Miraidon|Miraidon, L50|100/100\n|switch|p1b: Iron Bundle|Iron Bundle, L50|100/100\n|switch|p2a: Koraidon|Koraidon, L50|100/100\n|switch|p2b: Raging Bolt|Raging Bolt, L50|100/100\n|-fieldstart|move: Electric Terrain|[from] ability: Hadron Engine|[of] p1a: Miraidon\n|-activate|p1b: Iron Bundle|ability: Quark Drive\n|-start|p1b: Iron Bundle|quarkdrivespe\n|-weather|SunnyDay|[from] ability: Orichalcum Pulse|[of] p2a: Koraidon\n|-activate|p2b: Raging Bolt|ability: Protosynthesis\n|-start|p2b: Raging Bolt|protosynthesisspa\n|-activate|p2a: Koraidon|Orichalcum Pulse|[source]\n|turn|1\n|inactive|canadadryafk has 30 seconds left.\n|inactive|Tzim14 has 30 seconds left.\n|inactive|Tzim14 has 20 seconds left.\n|inactive|Tzim14 has 15 seconds left.\n|inactive|Tzim14 has 10 seconds left.\n|\n|t:|1746059079\n|move|p1b: Iron Bundle|Protect|p1b: Iron Bundle\n|-singleturn|p1b: Iron Bundle|Protect\n|move|p2a: Koraidon|Protect|p2a: Koraidon\n|-singleturn|p2a: Koraidon|Protect\n|move|p2b: Raging Bolt|Thunderclap||[still]\n|-fail|p2b: Raging Bolt\n|move|p1a: Miraidon|Volt Switch|p2a: Koraidon\n|-activate|p2a: Koraidon|move: Protect\n|\n|-weather|SunnyDay|[upkeep]\n|upkeep\n|turn|2\n|\n|t:|1746059104\n|-terastallize|p2a: Koraidon|Fire\n|move|p2b: Raging Bolt|Thunderclap||[still]\n|-fail|p2b: Raging Bolt\n|move|p1b: Iron Bundle|Encore|p2b: Raging Bolt\n|-start|p2b: Raging Bolt|Encore\n|move|p1a: Miraidon|Volt Switch|p2a: Koraidon\n|-damage|p2a: Koraidon|2/100\n|\n|t:|1746059117\n|switch|p1a: Ursaluna|Ursaluna, L50, F|100/100|[from] Volt Switch\n|move|p2a: Koraidon|Flame Charge|p1b: Iron Bundle\n|-enditem|p1b: Iron Bundle|Focus Sash\n|-damage|p1b: Iron Bundle|1/100\n|-boost|p2a: Koraidon|spe|1\n|-damage|p2a: Koraidon|0 fnt|[from] item: Life Orb\n|faint|p2a: Koraidon\n|\n|-weather|SunnyDay|[upkeep]\n|-status|p1a: Ursaluna|brn|[from] item: Flame Orb\n|upkeep\n|inactive|Tzim14 has 30 seconds left.\n|inactive|Tzim14 has 20 seconds left.\n|inactive|Tzim14 has 15 seconds left.\n|inactive|Tzim14 has 10 seconds left.\n|inactive|Tzim14 has 5 seconds left.\n|\n|t:|1746059172\n|switch|p2a: Calyrex|Calyrex-Shadow, L50|100/100\n|-ability|p2a: Calyrex|As One\n|-ability|p2a: Calyrex|Unnerve\n|turn|3\n|inactive|canadadryafk has 30 seconds left.\n|inactive|Tzim14 has 30 seconds left.\n|inactive|Tzim14 has 20 seconds left.\n|inactive|Tzim14 has 15 seconds left.\n|inactive|Tzim14 has 10 seconds left.\n|inactive|Tzim14 has 5 seconds left.\n|\n|t:|1746059224\n|-end|p1b: Iron Bundle|Quark Drive|[silent]\n|switch|p1b: Farigiraf|Farigiraf, L50, M|100/100\n|-enditem|p1b: Farigiraf|Electric Seed\n|-boost|p1b: Farigiraf|def|1|[from] item: Electric Seed\n|move|p2a: Calyrex|Protect|p2a: Calyrex\n|-singleturn|p2a: Calyrex|Protect\n|move|p2b: Raging Bolt|Thunderclap||[still]\n|cant|p1b: Farigiraf|ability: Armor Tail|Thunderclap|[of] p2b: Raging Bolt\n|move|p1a: Ursaluna|Headlong Rush|p2a: Calyrex\n|-activate|p2a: Calyrex|move: Protect\n|\n|-weather|SunnyDay|[upkeep]\n|-damage|p1a: Ursaluna|95/100 brn|[from] brn\n|upkeep\n|turn|4\n|inactive|canadadryafk has 30 seconds left.\n|\n|t:|1746059253\n|-end|p2b: Raging Bolt|Protosynthesis|[silent]\n|switch|p2b: Ogerpon|Ogerpon-Cornerstone, L50, F|100/100\n|-terastallize|p1b: Farigiraf|Water\n|move|p2a: Calyrex|Psychic|p1a: Ursaluna\n|-damage|p1a: Ursaluna|44/100 brn\n|move|p1a: Ursaluna|Substitute|p1a: Ursaluna\n|-start|p1a: Ursaluna|Substitute\n|-damage|p1a: Ursaluna|19/100 brn\n|move|p1b: Farigiraf|Trick Room|p1b: Farigiraf\n|-fieldstart|move: Trick Room|[of] p1b: Farigiraf\n|\n|-weather|SunnyDay|[upkeep]\n|-damage|p1a: Ursaluna|13/100 brn|[from] brn\n|upkeep\n|turn|5\n|inactive|canadadryafk has 30 seconds left.\n|inactive|canadadryafk has 20 seconds left.\n|\n|t:|1746059289\n|move|p2a: Calyrex|Protect|p2a: Calyrex\n|-singleturn|p2a: Calyrex|Protect\n|move|p1a: Ursaluna|Headlong Rush|p2b: Ogerpon\n|-ability|p2b: Ogerpon|Sturdy\n|-damage|p2b: Ogerpon|1/100\n|-unboost|p1a: Ursaluna|def|1\n|-unboost|p1a: Ursaluna|spd|1\n|move|p1b: Farigiraf|Foul Play|p2a: Calyrex\n|-activate|p2a: Calyrex|move: Protect\n|move|p2b: Ogerpon|Wood Hammer|p1b: Farigiraf\n|-supereffective|p1b: Farigiraf\n|-damage|p1b: Farigiraf|25/100\n|-damage|p2b: Ogerpon|0 fnt|[from] Recoil\n|faint|p2b: Ogerpon\n|\n|-weather|none\n|-damage|p1a: Ursaluna|7/100 brn|[from] brn\n|-fieldend|move: Electric Terrain\n|upkeep\n|\n|t:|1746059304\n|switch|p2b: Raging Bolt|Raging Bolt, L50|100/100\n|turn|6\n|\n|t:|1746059320\n|move|p1a: Ursaluna|Headlong Rush|p2a: Calyrex\n|-enditem|p2a: Calyrex|Focus Sash\n|-damage|p2a: Calyrex|1/100\n|-unboost|p1a: Ursaluna|def|1\n|-unboost|p1a: Ursaluna|spd|1\n|move|p1b: Farigiraf|Foul Play|p2a: Calyrex\n|-supereffective|p2a: Calyrex\n|-damage|p2a: Calyrex|0 fnt\n|faint|p2a: Calyrex\n|move|p2b: Raging Bolt|Snarl|p1a: Ursaluna|[spread] p1a,p1b\n|-damage|p1a: Ursaluna|0 fnt\n|-damage|p1b: Farigiraf|12/100\n|-unboost|p1b: Farigiraf|spa|1\n|faint|p1a: Ursaluna\n|\n|upkeep\n|\n|t:|1746059338\n|switch|p1a: Miraidon|Miraidon, L50|100/100\n|-fieldstart|move: Electric Terrain|[from] ability: Hadron Engine|[of] p1a: Miraidon\n|turn|7\n|\n|t:|1746059351\n|move|p1b: Farigiraf|Psychic|p2b: Raging Bolt\n|-damage|p2b: Raging Bolt|88/100\n|move|p2b: Raging Bolt|Snarl|p1a: Miraidon|[spread] p1b\n|-miss|p2b: Raging Bolt|p1a: Miraidon\n|-damage|p1b: Farigiraf|0 fnt\n|faint|p1b: Farigiraf\n|move|p1a: Miraidon|Dazzling Gleam|p2b: Raging Bolt\n|-supereffective|p2b: Raging Bolt\n|-crit|p2b: Raging Bolt\n|-damage|p2b: Raging Bolt|4/100\n|\n|upkeep\n|\n|t:|1746059361\n|switch|p1b: Iron Bundle|Iron Bundle, L50|1/100\n|-activate|p1b: Iron Bundle|ability: Quark Drive\n|-start|p1b: Iron Bundle|quarkdrivespe\n|turn|8\n|c|\u2606Tzim14|pffff\n|\n|t:|1746059369\n|move|p2b: Raging Bolt|Thunderclap|p1b: Iron Bundle\n|-supereffective|p1b: Iron Bundle\n|-damage|p1b: Iron Bundle|0 fnt\n|faint|p1b: Iron Bundle\n|-end|p1b: Iron Bundle|Quark Drive|[silent]\n|move|p1a: Miraidon|Dazzling Gleam|p2b: Raging Bolt\n|-supereffective|p2b: Raging Bolt\n|-damage|p2b: Raging Bolt|0 fnt\n|faint|p2b: Raging Bolt\n|-end|p2b: Raging Bolt|Protosynthesis|[silent]\n|\n|win|canadadryafk\n|raw|canadadryafk's rating: 1112 &rarr; <strong>1140</strong><br />(+28 for winning)\n|raw|Tzim14's rating: 1153 &rarr; <strong>1125</strong><br />(-28 for losing)\n|l|\u2606Tzim14\n|player|p2|\n", "uploadtime": 1746059377, "views": 7, "formatid": "gen9vgc2025regibo3", "rating": 1125, "private": 0, "password": null}