{"id": "gen9vgc2025regibo3-2354566769", "format": "[Gen 9] VGC 2025 Reg I (Bo3)", "players": ["pepe1994uchia", "Adrinhoo"], "log": "|j|\u2606pepe1994uchia\n|j|\u2606Adrinhoo\n|html|<table width=\"100%\"><tr><td align=\"left\">pepe1994uchia</td><td align=\"right\">Adrinhoo</tr><tr><td align=\"left\"><i class=\"fa fa-circle-o\"></i> <i class=\"fa fa-circle-o\"></i> </td><td align=\"right\"><i class=\"fa fa-circle-o\"></i> <i class=\"fa fa-circle-o\"></i> </tr></table>\n|uhtml|bestof|<h2><strong>Game 1</strong> of <a href=\"/game-bestof3-gen9vgc2025regibo3-2354566767\">a best-of-3</a></h2>\n|t:|1746095686\n|gametype|doubles\n|player|p1|pepe1994uchia|n|1152\n|player|p2|Adrinhoo|pokekid|1165\n|teamsize|p1|6\n|teamsize|p2|6\n|gen|9\n|tier|[Gen 9] VGC 2025 Reg I (Bo3)\n|rated|\n|rule|Species Clause: Limit one of each Pok\u00e9mon\n|rule|Item Clause: Limit 1 of each item\n|clearpoke\n|poke|p1|Koraidon, L50|\n|poke|p1|Ho-Oh, L50|\n|poke|p1|Iron Crown, L50|\n|poke|p1|Umbreon, L50, M|\n|poke|p1|Indeedee-F, L50, F|\n|poke|p1|Raging Bolt, L50|\n|poke|p2|Zacian-*, L50|\n|poke|p2|Lunala, L50|\n|poke|p2|Urshifu-*, L50, F|\n|poke|p2|Rillaboom, L50, M|\n|poke|p2|Regidrago, L50|\n|poke|p2|Whimsicott, L50, F|\n|teampreview|4\n|showteam|p1|Koraidon||ClearAmulet|OrichalcumPulse|FlareBlitz,CollisionCourse,BreakingSwipe,Protect||||||50|,,,,,Fire]Ho-Oh||RockyHelmet|Regenerator|SacredFire,BraveBird,Tailwind,Protect||||||50|,,,,,Dragon]Iron Crown||BoosterEnergy|QuarkDrive|ExpandingForce,TachyonCutter,TeraBlast,Protect||||||50|,,,,,Ground]Umbreon||SafetyGoggles|InnerFocus|FoulPlay,ThunderWave,Taunt,Yawn|||M|||50|,,,,,Water]Indeedee-F||PsychicSeed|PsychicSurge|Psychic,Imprison,FollowMe,TrickRoom|||F|||50|,,,,,Fairy]Raging Bolt||AssaultVest|Protosynthesis|DracoMeteor,Thunderbolt,Thunderclap,Electroweb||||||50|,,,,,Bug\n|showteam|p2|Zacian-Crowned||RustedSword|IntrepidSword|behemothblade,PlayRough,SacredSword,Protect||||||50|,,,,,Fire]Lunala||PowerHerb|ShadowShield|MeteorBeam,MoongeistBeam,TrickRoom,WideGuard||||||50|,,,,,Water]Urshifu-Rapid-Strike||ChoiceScarf|UnseenFist|SurgingStrikes,CloseCombat,Coaching,Uturn|||F|||50|,,,,,Ghost]Rillaboom||AssaultVest|GrassySurge|FakeOut,GrassyGlide,WoodHammer,Uturn|||M|||50|,,,,,Fire]Regidrago||ChoiceSpecs|DragonsMaw|DragonEnergy,DracoMeteor,TeraBlast,EarthPower||||||50|,,,,,Ghost]Whimsicott||CovertCloak|Prankster|Moonblast,Tailwind,LightScreen,Encore|||F|||50|,,,,,Dark\n|inactive|Battle timer is ON: inactive players will automatically lose when time's up. (requested by Adrinhoo)\n|inactive|pepe1994uchia has 60 seconds left.\n|inactive|Adrinhoo has 60 seconds left.\n|\n|t:|1746095735\n|start\n|switch|p1a: Indeedee|Indeedee-F, L50, F|100/100\n|switch|p1b: Ho-Oh|Ho-Oh, L50|100/100\n|switch|p2a: Whimsicott|Whimsicott, L50, F|100/100\n|switch|p2b: Regidrago|Regidrago, L50|100/100\n|-fieldstart|move: Psychic Terrain|[from] ability: Psychic Surge|[of] p1a: Indeedee\n|-enditem|p1a: Indeedee|Psychic Seed\n|-boost|p1a: Indeedee|spd|1|[from] item: Psychic Seed\n|turn|1\n|inactive|Adrinhoo has 30 seconds left.\n|\n|t:|1746095761\n|move|p1b: Ho-Oh|Protect|p1b: Ho-Oh\n|-singleturn|p1b: Ho-Oh|Protect\n|move|p2a: Whimsicott|Moonblast|p1b: Ho-Oh\n|-activate|p1b: Ho-Oh|move: Protect\n|move|p2b: Regidrago|Dragon Energy|p1a: Indeedee|[spread] p1a\n|-activate|p1b: Ho-Oh|move: Protect\n|-damage|p1a: Indeedee|27/100\n|move|p1a: Indeedee|Trick Room|p1a: Indeedee\n|-fieldstart|move: Trick Room|[of] p1a: Indeedee\n|\n|upkeep\n|turn|2\n|inactive|pepe1994uchia has 30 seconds left.\n|inactive|pepe1994uchia has 20 seconds left.\n|inactive|pepe1994uchia has 15 seconds left.\n|inactive|pepe1994uchia has 10 seconds left.\n|\n|t:|1746095807\n|switch|p2b: Rillaboom|Rillaboom, L50, M|100/100\n|-fieldstart|move: Grassy Terrain|[from] ability: Grassy Surge|[of] p2b: Rillaboom\n|-terastallize|p2a: Whimsicott|Dark\n|move|p2a: Whimsicott|Encore|p1a: Indeedee\n|-start|p1a: Indeedee|Encore\n|move|p1a: Indeedee|Trick Room|p1a: Indeedee\n|-fieldend|move: Trick Room\n|move|p1b: Ho-Oh|Sacred Fire|p2a: Whimsicott\n|-damage|p2a: Whimsicott|44/100\n|\n|-heal|p2a: Whimsicott|50/100|[from] Grassy Terrain\n|-heal|p1a: Indeedee|33/100|[from] Grassy Terrain\n|upkeep\n|turn|3\n|\n|t:|1746095831\n|switch|p1a: Iron Crown|Iron Crown, L50|100/100\n|-enditem|p1a: Iron Crown|Booster Energy\n|-activate|p1a: Iron Crown|ability: Quark Drive|[fromitem]\n|-start|p1a: Iron Crown|quarkdrivespa\n|move|p2a: Whimsicott|Tailwind|p2a: Whimsicott\n|-sidestart|p2: Adrinhoo|move: Tailwind\n|move|p2b: Rillaboom|Wood Hammer|p1a: Iron Crown\n|-resisted|p1a: Iron Crown\n|-damage|p1a: Iron Crown|61/100\n|-damage|p2b: Rillaboom|89/100|[from] Recoil\n|move|p1b: Ho-Oh|Sacred Fire|p2b: Rillaboom\n|-supereffective|p2b: Rillaboom\n|-damage|p2b: Rillaboom|0 fnt\n|faint|p2b: Rillaboom\n|\n|-heal|p2a: Whimsicott|56/100|[from] Grassy Terrain\n|-heal|p1a: Iron Crown|67/100|[from] Grassy Terrain\n|upkeep\n|\n|t:|1746095834\n|switch|p2b: Regidrago|Regidrago, L50|100/100\n|turn|4\n|\n|t:|1746095850\n|switch|p1b: Indeedee|Indeedee-F, L50, F|33/100\n|-fieldstart|move: Psychic Terrain|[from] ability: Psychic Surge|[of] p1b: Indeedee\n|move|p2a: Whimsicott|Tailwind||[still]\n|-fail|p2a: Whimsicott\n|move|p2b: Regidrago|Earth Power|p1a: Iron Crown\n|-supereffective|p1a: Iron Crown\n|-damage|p1a: Iron Crown|0 fnt\n|faint|p1a: Iron Crown\n|-end|p1a: Iron Crown|Quark Drive|[silent]\n|\n|upkeep\n|\n|t:|1746095865\n|switch|p1a: Ho-Oh|Ho-Oh, L50|100/100\n|turn|5\n|\n|t:|1746095873\n|move|p1b: Indeedee|Follow Me|p1b: Indeedee\n|-singleturn|p1b: Indeedee|move: Follow Me\n|move|p2a: Whimsicott|Moonblast|p1b: Indeedee\n|-damage|p1b: Indeedee|7/100\n|move|p2b: Regidrago|Earth Power|p1b: Indeedee\n|-damage|p1b: Indeedee|0 fnt\n|faint|p1b: Indeedee\n|move|p1a: Ho-Oh|Tailwind|p1a: Ho-Oh\n|-sidestart|p1: pepe1994uchia|move: Tailwind\n|\n|upkeep\n|\n|t:|1746095889\n|switch|p1b: Koraidon|Koraidon, L50|100/100\n|-weather|SunnyDay|[from] ability: Orichalcum Pulse|[of] p1b: Koraidon\n|-activate|p1b: Koraidon|Orichalcum Pulse|[source]\n|turn|6\n|\n|t:|1746095898\n|switch|p2b: Zacian|Zacian-Crowned, L50|100/100\n|-ability|p2b: Zacian|Intrepid Sword|boost\n|-boost|p2b: Zacian|atk|1\n|-terastallize|p1b: Koraidon|Fire\n|move|p1a: Ho-Oh|Protect|p1a: Ho-Oh\n|-singleturn|p1a: Ho-Oh|Protect\n|move|p2a: Whimsicott|Encore|p1a: Ho-Oh\n|-activate|p1a: Ho-Oh|move: Protect\n|move|p1b: Koraidon|Breaking Swipe|p2a: Whimsicott|[spread] p2a\n|-immune|p2b: Zacian\n|-damage|p2a: Whimsicott|22/100\n|\n|-weather|SunnyDay|[upkeep]\n|-sideend|p2: Adrinhoo|move: Tailwind\n|upkeep\n|turn|7\n|inactive|Adrinhoo has 30 seconds left.\n|\n|t:|1746095925\n|move|p2a: Whimsicott|Tailwind|p2a: Whimsicott\n|-sidestart|p2: Adrinhoo|move: Tailwind\n|move|p2b: Zacian|Sacred Sword|p1a: Ho-Oh\n|-resisted|p1a: Ho-Oh\n|-damage|p1a: Ho-Oh|78/100\n|-damage|p2b: Zacian|84/100|[from] item: Rocky Helmet|[of] p1a: Ho-Oh\n|move|p1b: Koraidon|Flare Blitz|p2b: Zacian\n|-supereffective|p2b: Zacian\n|-damage|p2b: Zacian|0 fnt\n|faint|p2b: Zacian\n|-damage|p1b: Koraidon|73/100|[from] Recoil\n|move|p1a: Ho-Oh|Sacred Fire|p2a: Whimsicott\n|-damage|p2a: Whimsicott|0 fnt\n|faint|p2a: Whimsicott\n|\n|-weather|SunnyDay|[upkeep]\n|upkeep\n|\n|t:|1746095929\n|switch|p2b: Regidrago|Regidrago, L50|100/100\n|turn|8\n|\n|t:|1746095945\n|move|p1b: Koraidon|Breaking Swipe|p2b: Regidrago\n|-supereffective|p2b: Regidrago\n|-damage|p2b: Regidrago|5/100\n|-unboost|p2b: Regidrago|atk|1\n|move|p2b: Regidrago|Draco Meteor|p1b: Koraidon\n|-crit|p1b: Koraidon\n|-damage|p1b: Koraidon|0 fnt\n|-unboost|p2b: Regidrago|spa|2\n|faint|p1b: Koraidon\n|move|p1a: Ho-Oh|Brave Bird|p2b: Regidrago\n|-damage|p2b: Regidrago|0 fnt\n|faint|p2b: Regidrago\n|-damage|p1a: Ho-Oh|76/100|[from] Recoil\n|\n|win|pepe1994uchia\n||Adrinhoo is ready for game 2.\n|inactive|pepe1994uchia has 30 seconds to confirm battle start!\n||pepe1994uchia is ready for game 2.\n|uhtml|next|Next: <a href=\"/battle-gen9vgc2025regibo3-2354568288\"><strong>Game 2 of 3</strong></a>\n|l|\u2606Adrinhoo\n|player|p2|\n|l|\u2606pepe1994uchia\n|player|p1|\n", "uploadtime": 1746096231, "views": 7, "formatid": "gen9vgc2025regibo3", "rating": null, "private": 0, "password": null}