{"id": "gen9vgc2025regibo3-2354246009", "format": "[Gen 9] VGC 2025 Reg I (Bo3)", "players": ["pockey_or_pk", "AngrrryGuy"], "log": "|j|\u2606pockey_or_pk\n|j|\u2606AngrrryGuy\n|html|<table width=\"100%\"><tr><td align=\"left\">pockey_or_pk</td><td align=\"right\">AngrrryGuy</tr><tr><td align=\"left\"><i class=\"fa fa-circle-o\"></i> <i class=\"fa fa-circle-o\"></i> </td><td align=\"right\"><i class=\"fa fa-circle-o\"></i> <i class=\"fa fa-circle-o\"></i> </tr></table>\n|uhtml|bestof|<h2><strong>Game 1</strong> of <a href=\"/game-bestof3-gen9vgc2025regibo3-2354246008\">a best-of-3</a></h2>\n|t:|1746048634\n|gametype|doubles\n|player|p1|pockey_or_pk|roxie|1118\n|player|p2|AngrrryGuy|1|1041\n|teamsize|p1|6\n|teamsize|p2|6\n|gen|9\n|tier|[Gen 9] VGC 2025 Reg I (Bo3)\n|rated|\n|rule|Species Clause: Limit one of each Pok\u00e9mon\n|rule|Item Clause: Limit 1 of each item\n|clearpoke\n|poke|p1|Riolu, L50, M|\n|poke|p1|Koraidon, L50|\n|poke|p1|Iron Hands, L50|\n|poke|p1|Calyrex-Ice, L50|\n|poke|p1|Ogerpon-Cornerstone, L50, F|\n|poke|p1|Roaring Moon, L50|\n|poke|p2|Calyrex-Ice, L50|\n|poke|p2|Rayquaza, L50|\n|poke|p2|Bronzong, L50|\n|poke|p2|Magmar, L50, F|\n|poke|p2|Chien-Pao, L50|\n|poke|p2|Avalugg, L50, F|\n|teampreview|4\n|showteam|p1|Riolu||FocusSash|Prankster|Coaching,Screech,Protect,BulletPunch|||M|||50|,,,,,Ghost]Koraidon||LifeOrb|OrichalcumPulse|FlareBlitz,CollisionCourse,FlameCharge,Protect||||||50|,,,,,Fire]Iron Hands||AssaultVest|QuarkDrive|FakeOut,HeavySlam,DrainPunch,WildCharge||||||50|,,,,,Water]Calyrex-Ice||ClearAmulet|AsOneGlastrier|Protect,TrickRoom,GlacialLance,HighHorsepower||||||50|,,,,,Water]Ogerpon-Cornerstone||CornerstoneMask|Sturdy|IvyCudgel,SpikyShield,FollowMe,PowerWhip|||F|||50|,,,,,Rock]Roaring Moon||BoosterEnergy|Protosynthesis|Acrobatics,Uturn,Tailwind,Protect||||||50|,,,,,Flying\n|showteam|p2|Calyrex-Ice||ClearAmulet|AsOneGlastrier|SwordsDance,Protect,GlacialLance,ZenHeadbutt||||||50|,,,,,Fairy]Rayquaza||WeaknessPolicy|AirLock|ExtremeSpeed,DragonClaw,SwordsDance,Protect||||||50|,,,,,Normal]Bronzong||MentalHerb|Levitate|TrickRoom,HelpingHand,Protect,Imprison||||||50|,,,,,Water]Magmar||Eviolite|FlameBody|MachPunch,FollowMe,WillOWisp,HelpingHand|||F|||50|,,,,,Grass]Chien-Pao||FocusSash|SwordofRuin|SuckerPunch,IcicleCrash,Protect,ThroatChop||||||50|,,,,,Dark]Avalugg||Leftovers|Sturdy|BodyPress,IceSpinner,WideGuard,MirrorCoat|||F|||50|,,,,,Water\n|inactive|Battle timer is ON: inactive players will automatically lose when time's up. (requested by pockey_or_pk)\n|\n|t:|1746048654\n|start\n|switch|p1a: wolfey quick|Koraidon, L50|100/100\n|switch|p1b: mvp|Riolu, L50, M|100/100\n|switch|p2a: Magmar|Magmar, L50, F|100/100\n|switch|p2b: Rayquaza|Rayquaza, L50|100/100\n|-weather|SunnyDay|[from] ability: Orichalcum Pulse|[of] p1a: wolfey quick\n|-activate|p1a: wolfey quick|Orichalcum Pulse|[source]\n|-ability|p2b: Rayquaza|Air Lock\n|turn|1\n|\n|t:|1746048675\n|move|p2a: Magmar|Follow Me|p2a: Magmar\n|-singleturn|p2a: Magmar|move: Follow Me\n|move|p1b: mvp|Screech|p2a: Magmar\n|-unboost|p2a: Magmar|def|2\n|move|p1a: wolfey quick|Collision Course|p2a: Magmar\n|-damage|p2a: Magmar|12/100\n|-damage|p1a: wolfey quick|91/100|[from] item: Life Orb\n|move|p2b: Rayquaza|Swords Dance|p2b: Rayquaza\n|-boost|p2b: Rayquaza|atk|2\n|\n|-weather|SunnyDay|[upkeep]\n|upkeep\n|turn|2\n|\n|t:|1746048693\n|move|p2a: Magmar|Follow Me|p2a: Magmar\n|-singleturn|p2a: Magmar|move: Follow Me\n|move|p2b: Rayquaza|Extreme Speed|p1a: wolfey quick\n|-damage|p1a: wolfey quick|30/100\n|move|p1b: mvp|Coaching|p1a: wolfey quick\n|-boost|p1a: wolfey quick|atk|1\n|-boost|p1a: wolfey quick|def|1\n|move|p1a: wolfey quick|Flame Charge|p2a: Magmar\n|-resisted|p2a: Magmar\n|-damage|p2a: Magmar|0 fnt\n|-boost|p1a: wolfey quick|spe|1\n|-status|p1a: wolfey quick|brn|[from] ability: Flame Body|[of] p2a: Magmar\n|faint|p2a: Magmar\n|-damage|p1a: wolfey quick|20/100 brn|[from] item: Life Orb\n|\n|-weather|SunnyDay|[upkeep]\n|-damage|p1a: wolfey quick|15/100 brn|[from] brn\n|upkeep\n|\n|t:|1746048709\n|switch|p2a: Bronzong|Bronzong, L50|100/100\n|turn|3\n|\n|t:|1746048719\n|move|p1a: wolfey quick|Protect|p1a: wolfey quick\n|-singleturn|p1a: wolfey quick|Protect\n|move|p2b: Rayquaza|Extreme Speed|p1a: wolfey quick\n|-activate|p1a: wolfey quick|move: Protect\n|move|p1b: mvp|Screech|p2a: Bronzong\n|-unboost|p2a: Bronzong|def|2\n|move|p2a: Bronzong|Imprison|p2a: Bronzong\n|-start|p2a: Bronzong|move: Imprison\n|\n|-weather|SunnyDay|[upkeep]\n|-damage|p1a: wolfey quick|9/100 brn|[from] brn\n|upkeep\n|turn|4\n|\n|t:|1746048742\n|move|p2a: Bronzong|Protect|p2a: Bronzong\n|-singleturn|p2a: Bronzong|Protect\n|move|p2b: Rayquaza|Extreme Speed|p1a: wolfey quick\n|-damage|p1a: wolfey quick|0 fnt\n|faint|p1a: wolfey quick\n|move|p1b: mvp|Screech|p2b: Rayquaza|[miss]\n|-miss|p1b: mvp|p2b: Rayquaza\n|\n|-weather|SunnyDay|[upkeep]\n|upkeep\n|\n|t:|1746048751\n|switch|p1a: mr freeze|Calyrex-Ice, L50|100/100\n|-ability|p1a: mr freeze|As One\n|-ability|p1a: mr freeze|Unnerve\n|turn|5\n|\n|t:|1746048763\n|switch|p2a: Calyrex|Calyrex-Ice, L50|100/100\n|-ability|p2a: Calyrex|As One\n|-ability|p2a: Calyrex|Unnerve\n|-terastallize|p2b: Rayquaza|Normal\n|move|p2b: Rayquaza|Extreme Speed|p1a: mr freeze\n|-damage|p1a: mr freeze|54/100\n|move|p1b: mvp|Coaching|p1a: mr freeze\n|-boost|p1a: mr freeze|atk|1\n|-boost|p1a: mr freeze|def|1\n|move|p1a: mr freeze|Glacial Lance|p2a: Calyrex|[spread] p2a,p2b\n|-resisted|p2a: Calyrex\n|-damage|p2a: Calyrex|78/100\n|-damage|p2b: Rayquaza|38/100\n|\n|-weather|none\n|upkeep\n|turn|6\n|\n|t:|1746048783\n|move|p1a: mr freeze|Protect|p1a: mr freeze\n|-singleturn|p1a: mr freeze|Protect\n|move|p2b: Rayquaza|Extreme Speed|p1a: mr freeze\n|-activate|p1a: mr freeze|move: Protect\n|move|p1b: mvp|Coaching|p1a: mr freeze\n|-boost|p1a: mr freeze|atk|1\n|-boost|p1a: mr freeze|def|1\n|move|p2a: Calyrex|Glacial Lance|p1b: mvp|[spread] p1b\n|-activate|p1a: mr freeze|move: Protect\n|-enditem|p1b: mvp|Focus Sash\n|-damage|p1b: mvp|1/100\n|\n|upkeep\n|turn|7\n|\n|t:|1746048800\n|move|p2b: Rayquaza|Extreme Speed|p1a: mr freeze\n|-damage|p1a: mr freeze|28/100\n|move|p1b: mvp|Screech|p2a: Calyrex\n|-fail|p2a: Calyrex|unboost|[from] item: Clear Amulet|[of] p2a: Calyrex\n|move|p1a: mr freeze|Glacial Lance|p2b: Rayquaza|[spread] p2a,p2b\n|-resisted|p2a: Calyrex\n|-damage|p2a: Calyrex|51/100\n|-damage|p2b: Rayquaza|0 fnt\n|faint|p2b: Rayquaza\n|-ability|p1a: mr freeze|Chilling Neigh|boost\n|-boost|p1a: mr freeze|atk|1\n|move|p2a: Calyrex|Glacial Lance|p1a: mr freeze|[spread] p1a,p1b\n|-resisted|p1a: mr freeze\n|-damage|p1a: mr freeze|21/100\n|-damage|p1b: mvp|0 fnt\n|faint|p1b: mvp\n|-ability|p2a: Calyrex|Chilling Neigh|boost\n|-boost|p2a: Calyrex|atk|1\n|\n|upkeep\n|\n|t:|1746048816\n|switch|p1b: dwayne|Ogerpon-Cornerstone, L50, F|100/100\n|switch|p2b: Bronzong|Bronzong, L50|100/100\n|turn|8\n|\n|t:|1746048834\n|move|p2b: Bronzong|Helping Hand|p2a: Calyrex\n|-singleturn|p2a: Calyrex|Helping Hand|[of] p2b: Bronzong\n|move|p1b: dwayne|Ivy Cudgel|p2a: Calyrex|[anim] Ivy Cudgel Rock\n|-supereffective|p2a: Calyrex\n|-crit|p2a: Calyrex\n|-damage|p2a: Calyrex|0 fnt\n|faint|p2a: Calyrex\n|move|p1a: mr freeze|Glacial Lance|p2b: Bronzong\n|-resisted|p2b: Bronzong\n|-damage|p2b: Bronzong|50/100\n|\n|upkeep\n|turn|9\n|-message|AngrrryGuy forfeited.\n|\n|win|pockey_or_pk\n|l|\u2606AngrrryGuy\n|player|p2|\n||pockey_or_pk is ready for game 2.\n||AngrrryGuy is ready for game 2.\n|uhtml|next|Next: <a href=\"/battle-gen9vgc2025regibo3-2354248042\"><strong>Game 2 of 3</strong></a>\n|l|\u2606pockey_or_pk\n|player|p1|\n", "uploadtime": 1746049223, "views": 5, "formatid": "gen9vgc2025regibo3", "rating": null, "private": 0, "password": null}