{"id": "gen9vgc2025regibo3-2354959906", "format": "[Gen 9] VGC 2025 Reg I (Bo3)", "players": ["WithoutHands", "TheMochiMan"], "log": "|j|\u2606WithoutHands\n|j|\u2606TheMochiMan\n|html|<table width=\"100%\"><tr><td align=\"left\">WithoutHands</td><td align=\"right\">TheMochiMan</tr><tr><td align=\"left\"><i class=\"fa fa-circle\"></i> <i class=\"fa fa-circle-o\"></i> </td><td align=\"right\"><i class=\"fa fa-circle-o\"></i> <i class=\"fa fa-circle\"></i> </tr></table>\n|uhtml|bestof|<h2><strong>Game 3</strong> of <a href=\"/game-bestof3-gen9vgc2025regibo3-2354953018\">a best-of-3</a></h2>\n|t:|1746135948\n|gametype|doubles\n|player|p1|WithoutHands|169|1384\n|player|p2|TheMochiMan|worker|1322\n|teamsize|p1|6\n|teamsize|p2|6\n|gen|9\n|tier|[Gen 9] VGC 2025 Reg I (Bo3)\n|rated|\n|rule|Species Clause: Limit one of each Pok\u00e9mon\n|rule|Item Clause: Limit 1 of each item\n|clearpoke\n|poke|p1|Calyrex-Shadow, L50|\n|poke|p1|Zamazenta-*, L50|\n|poke|p1|Amoonguss, L50, M|\n|poke|p1|Chien-Pao, L50|\n|poke|p1|Urshifu-*, L50, M|\n|poke|p1|Pelipper, L50, M|\n|poke|p2|Eternatus, L50|\n|poke|p2|Ho-Oh, L50|\n|poke|p2|Rillaboom, L50, M|\n|poke|p2|Urshifu-*, L50, M|\n|poke|p2|Grimmsnarl, L50, M|\n|poke|p2|Ting-Lu, L50|\n|teampreview|4\n|showteam|p1|Calyrex-Shadow||LifeOrb|AsOneSpectrier|Protect,Imprison,Psychic,AstralBarrage||||||50|,,,,,Water]Zamazenta-Crowned||RustedShield|DauntlessShield|BodyPress,behemothbash,WideGuard,Protect||||||50|,,,,,Dragon]Amoonguss||RockyHelmet|Regenerator|Spore,SludgeBomb,RagePowder,Protect|||M|||50|,,,,,Water]Chien-Pao||FocusSash|SwordofRuin|IceSpinner,SuckerPunch,ThroatChop,Protect||||||50|,,,,,Stellar]Urshifu-Rapid-Strike||MysticWater|UnseenFist|SurgingStrikes,CloseCombat,AquaJet,Detect|||M|||50|,,,,,Grass]Pelipper||CovertCloak|Drizzle|WeatherBall,Hurricane,WideGuard,Tailwind|||M|||50|,,,,,Grass\n|showteam|p2|Eternatus||Leftovers|Pressure|Protect,Flamethrower,Toxic,CosmicPower||||||50|,,,,,Dark]Ho-Oh||ClearAmulet|Regenerator|Protect,SacredFire,BraveBird,Recover||||||50|,,,,,Grass]Rillaboom||AssaultVest|GrassySurge|WoodHammer,GrassyGlide,Uturn,FakeOut|||M|||50|,,,,,Fire]Urshifu-Rapid-Strike||ChoiceScarf|UnseenFist|SurgingStrikes,CloseCombat,Coaching,Uturn|||M|||50|,,,,,Water]Grimmsnarl||LightClay|Prankster|FoulPlay,Reflect,LightScreen,FakeOut|||M|||50|,,,,,Ghost]Ting-Lu||RockyHelmet|VesselofRuin|Protect,Ruination,StealthRock,Taunt||||||50|,,,,,Poison\n|inactive|Battle timer is ON: inactive players will automatically lose when time's up. (requested by WithoutHands)\n|\n|t:|1746135978\n|start\n|switch|p1a: Calyrex|Calyrex-Shadow, L50|100/100\n|switch|p1b: Amoonguss|Amoonguss, L50, M|100/100\n|switch|p2a: Grimmsnarl|Grimmsnarl, L50, M|100/100\n|switch|p2b: Eternatus|Eternatus, L50|100/100\n|-ability|p1a: Calyrex|As One\n|-ability|p1a: Calyrex|Unnerve\n|-ability|p2b: Eternatus|Pressure\n|turn|1\n|\n|t:|1746135991\n|-terastallize|p2b: Eternatus|Dark\n|move|p1a: Calyrex|Protect|p1a: Calyrex\n|-singleturn|p1a: Calyrex|Protect\n|move|p2a: Grimmsnarl|Fake Out|p1b: Amoonguss\n|-damage|p1b: Amoonguss|93/100\n|-damage|p2a: Grimmsnarl|84/100|[from] item: Rocky Helmet|[of] p1b: Amoonguss\n|move|p2b: Eternatus|Toxic|p1a: Calyrex\n|-activate|p1a: Calyrex|move: Protect\n|cant|p1b: Amoonguss|flinch\n|\n|upkeep\n|turn|2\n|inactive|TheMochiMan has 30 seconds left.\n|\n|t:|1746136024\n|switch|p1a: Zamazenta|Zamazenta-Crowned, L50|100/100\n|-ability|p1a: Zamazenta|Dauntless Shield|boost\n|-boost|p1a: Zamazenta|def|1\n|switch|p2b: Ho-Oh|Ho-Oh, L50|100/100\n|move|p2a: Grimmsnarl|Foul Play|p1a: Zamazenta\n|-resisted|p1a: Zamazenta\n|-damage|p1a: Zamazenta|94/100\n|move|p1b: Amoonguss|Spore|p2a: Grimmsnarl\n|-status|p2a: Grimmsnarl|slp|[from] move: Spore\n|\n|upkeep\n|turn|3\n|\n|t:|1746136047\n|switch|p2a: Ting-Lu|Ting-Lu, L50|100/100\n|-ability|p2a: Ting-Lu|Vessel of Ruin\n|move|p1b: Amoonguss|Rage Powder|p1b: Amoonguss\n|-singleturn|p1b: Amoonguss|move: Rage Powder\n|move|p1a: Zamazenta|Behemoth Bash|p2a: Ting-Lu\n|-damage|p2a: Ting-Lu|82/100\n|-damage|p1a: Zamazenta|77/100|[from] item: Rocky Helmet|[of] p2a: Ting-Lu\n|move|p2b: Ho-Oh|Sacred Fire|p1b: Amoonguss\n|-supereffective|p1b: Amoonguss\n|-damage|p1b: Amoonguss|15/100\n|\n|upkeep\n|turn|4\n|\n|t:|1746136066\n|move|p1b: Amoonguss|Rage Powder|p1b: Amoonguss\n|-singleturn|p1b: Amoonguss|move: Rage Powder\n|move|p1a: Zamazenta|Body Press|p2a: Ting-Lu\n|-supereffective|p2a: Ting-Lu\n|-damage|p2a: Ting-Lu|19/100\n|-damage|p1a: Zamazenta|61/100|[from] item: Rocky Helmet|[of] p2a: Ting-Lu\n|move|p2b: Ho-Oh|Sacred Fire|p1b: Amoonguss|[miss]\n|-miss|p2b: Ho-Oh|p1b: Amoonguss\n|move|p2a: Ting-Lu|Ruination|p1b: Amoonguss\n|-damage|p1b: Amoonguss|8/100\n|\n|upkeep\n|turn|5\n|\n|t:|1746136086\n|switch|p2a: Eternatus|Eternatus, L50, tera:Dark|100/100\n|-ability|p2a: Eternatus|Pressure\n|move|p1b: Amoonguss|Rage Powder|p1b: Amoonguss\n|-singleturn|p1b: Amoonguss|move: Rage Powder\n|move|p1a: Zamazenta|Body Press|p2a: Eternatus\n|-supereffective|p2a: Eternatus\n|-damage|p2a: Eternatus|20/100\n|move|p2b: Ho-Oh|Brave Bird|p1b: Amoonguss\n|-supereffective|p1b: Amoonguss\n|-damage|p1b: Amoonguss|0 fnt\n|-damage|p2b: Ho-Oh|84/100|[from] item: Rocky Helmet|[of] p1b: Amoonguss\n|faint|p1b: Amoonguss\n|-damage|p2b: Ho-Oh|82/100|[from] Recoil\n|\n|-heal|p2a: Eternatus|26/100|[from] item: Leftovers\n|upkeep\n|\n|t:|1746136106\n|switch|p1b: Urshifu|Urshifu-Rapid-Strike, L50, M|100/100\n|turn|6\n|\n|t:|1746136119\n|switch|p2b: Ting-Lu|Ting-Lu, L50|19/100\n|-ability|p2b: Ting-Lu|Vessel of Ruin\n|move|p1a: Zamazenta|Protect|p1a: Zamazenta\n|-singleturn|p1a: Zamazenta|Protect\n|move|p2a: Eternatus|Toxic|p1b: Urshifu\n|-status|p1b: Urshifu|tox\n|move|p1b: Urshifu|Surging Strikes|p2b: Ting-Lu\n|-supereffective|p2b: Ting-Lu\n|-crit|p2b: Ting-Lu\n|-damage|p2b: Ting-Lu|0 fnt\n|-damage|p1b: Urshifu|84/100 tox|[from] item: Rocky Helmet|[of] p2b: Ting-Lu\n|faint|p2b: Ting-Lu\n|-hitcount|p2: Ting-Lu|1\n|\n|-heal|p2a: Eternatus|33/100|[from] item: Leftovers\n|-damage|p1b: Urshifu|78/100 tox|[from] psn\n|upkeep\n|\n|t:|1746136133\n|switch|p2b: Grimmsnarl|Grimmsnarl, L50, M|84/100 slp\n|turn|7\n|\n|t:|1746136148\n|cant|p2b: Grimmsnarl|slp\n|move|p1a: Zamazenta|Behemoth Bash|p2b: Grimmsnarl\n|-supereffective|p2b: Grimmsnarl\n|-damage|p2b: Grimmsnarl|10/100 slp\n|move|p2a: Eternatus|Flamethrower|p1a: Zamazenta\n|-supereffective|p1a: Zamazenta\n|-damage|p1a: Zamazenta|19/100\n|move|p1b: Urshifu|Surging Strikes|p2a: Eternatus\n|-crit|p2a: Eternatus\n|-damage|p2a: Eternatus|15/100\n|-crit|p2a: Eternatus\n|-damage|p2a: Eternatus|0 fnt\n|faint|p2a: Eternatus\n|-hitcount|p2: Eternatus|2\n|\n|-damage|p1b: Urshifu|66/100 tox|[from] psn\n|upkeep\n|\n|t:|1746136160\n|switch|p2a: Ho-Oh|Ho-Oh, L50|100/100\n|turn|8\n|\n|t:|1746136169\n|cant|p2b: Grimmsnarl|slp\n|move|p1a: Zamazenta|Behemoth Bash|p2b: Grimmsnarl\n|-supereffective|p2b: Grimmsnarl\n|-damage|p2b: Grimmsnarl|0 fnt\n|faint|p2b: Grimmsnarl\n|move|p1b: Urshifu|Surging Strikes|p2a: Ho-Oh\n|-supereffective|p2a: Ho-Oh\n|-crit|p2a: Ho-Oh\n|-damage|p2a: Ho-Oh|57/100\n|-supereffective|p2a: Ho-Oh\n|-crit|p2a: Ho-Oh\n|-damage|p2a: Ho-Oh|17/100\n|-supereffective|p2a: Ho-Oh\n|-crit|p2a: Ho-Oh\n|-damage|p2a: Ho-Oh|0 fnt\n|faint|p2a: Ho-Oh\n|-hitcount|p2: Ho-Oh|3\n|\n|win|WithoutHands\n|raw|WithoutHands's rating: 1384 &rarr; <strong>1400</strong><br />(+16 for winning)\n|raw|TheMochiMan's rating: 1322 &rarr; <strong>1306</strong><br />(-16 for losing)\n|l|\u2606TheMochiMan\n|player|p2|\n|l|\u2606WithoutHands\n|player|p1|\n", "uploadtime": 1746136207, "views": 15, "formatid": "gen9vgc2025regibo3", "rating": 1306, "private": 0, "password": null}