{"id": "gen9vgc2025regibo3-2354361057", "format": "[Gen 9] VGC 2025 Reg I (Bo3)", "players": ["BrianJensVGC", "Larchete"], "log": "|j|\u2606BrianJensVGC\n|j|\u2606Larchete\n|html|<table width=\"100%\"><tr><td align=\"left\">BrianJensVGC</td><td align=\"right\">Larchete</tr><tr><td align=\"left\"><i class=\"fa fa-circle\"></i> <i class=\"fa fa-circle-o\"></i> </td><td align=\"right\"><i class=\"fa fa-circle-o\"></i> <i class=\"fa fa-circle-o\"></i> </tr></table>\n|uhtml|bestof|<h2><strong>Game 2</strong> of <a href=\"/game-bestof3-gen9vgc2025regibo3-2354358294\">a best-of-3</a></h2>\n|t:|1746061898\n|gametype|doubles\n|player|p1|BrianJensVGC|bugsy|1318\n|player|p2|Larchete|170|1204\n|teamsize|p1|6\n|teamsize|p2|6\n|gen|9\n|tier|[Gen 9] VGC 2025 Reg I (Bo3)\n|rated|\n|rule|Species Clause: Limit one of each Pok\u00e9mon\n|rule|Item Clause: Limit 1 of each item\n|clearpoke\n|poke|p1|Koraidon, L50|\n|poke|p1|Flutter Mane, L50|\n|poke|p1|Raging Bolt, L50|\n|poke|p1|Chi-Yu, L50|\n|poke|p1|Lunala, L50|\n|poke|p1|Ogerpon-Cornerstone, L50, F|\n|poke|p2|Calyrex-Shadow, L50|\n|poke|p2|Koraidon, L50|\n|poke|p2|Sableye, L50, M|\n|poke|p2|Flamigo, L50, M|\n|poke|p2|Whimsicott, L50, F|\n|poke|p2|Chi-Yu, L50|\n|teampreview|4\n|showteam|p1|Koraidon||ClearAmulet|OrichalcumPulse|FlameCharge,FlareBlitz,CollisionCourse,Protect||||||50|,,,,,Fire]Flutter Mane||FocusSash|Protosynthesis|Moonblast,IcyWind,ThunderWave,Protect||||||50|,,,,,Normal]Raging Bolt||AssaultVest|Protosynthesis|Thunderbolt,Thunderclap,VoltSwitch,DracoMeteor||||||50|,,,,,Electric]Chi-Yu||ChoiceScarf|BeadsofRuin|Overheat,HeatWave,Snarl,DarkPulse||||||50|,,,,,Ghost]Lunala||PowerHerb|ShadowShield|MoongeistBeam,MeteorBeam,WideGuard,TrickRoom||||||50|,,,,,Water]Ogerpon-Cornerstone||CornerstoneMask|Sturdy|IvyCudgel,PowerWhip,SpikyShield,FollowMe|||F|||50|,,,,,Rock\n|showteam|p2|Calyrex-Shadow||SpellTag|AsOneSpectrier|Psychic,Protect,NastyPlot,AstralBarrage||||||50|,,,,,Ghost]Koraidon||ClearAmulet|OrichalcumPulse|CollisionCourse,FlareBlitz,ScaleShot,Protect||||||50|,,,,,Fire]Sableye||SitrusBerry|Prankster|Encore,Disable,Protect,WillOWisp|||M|||50|,,,,,Steel]Flamigo||FocusSash|Scrappy|WideGuard,Protect,Feint,CloseCombat|||M|||50|,,,,,Ghost]Whimsicott||CovertCloak|Prankster|Tailwind,DazzlingGleam,FakeTears,LightScreen|||F|||50|,,,,,Steel]Chi-Yu||ChoiceScarf|BeadsofRuin|HeatWave,Overheat,DarkPulse,Snarl||||||50|,,,,,Fire\n|inactive|Battle timer is ON: inactive players will automatically lose when time's up. (requested by Larchete)\n|inactive|BrianJensVGC has 60 seconds left.\n|\n|t:|1746061961\n|start\n|switch|p1a: Lunala|Lunala, L50|100/100\n|switch|p1b: Ogerpon|Ogerpon-Cornerstone, L50, F|100/100\n|switch|p2a: Flamigo|Flamigo, L50, M|100/100\n|switch|p2b: Calyrex|Calyrex-Shadow, L50|100/100\n|-ability|p2b: Calyrex|As One\n|-ability|p2b: Calyrex|Unnerve\n|turn|1\n|\n|t:|1746061978\n|-terastallize|p2b: Calyrex|Ghost\n|-terastallize|p1a: Lunala|Water\n|move|p2a: Flamigo|Feint|p1a: Lunala\n|-damage|p1a: Lunala|96/100\n|move|p2b: Calyrex|Astral Barrage|p1a: Lunala|[spread] p1a,p1b\n|-crit|p1b: Ogerpon\n|-damage|p1a: Lunala|43/100\n|-ability|p1b: Ogerpon|Sturdy\n|-damage|p1b: Ogerpon|1/100\n|move|p1b: Ogerpon|Ivy Cudgel|p2a: Flamigo|[anim] Ivy Cudgel Rock\n|-damage|p2a: Flamigo|9/100\n|move|p1a: Lunala|Trick Room|p1a: Lunala\n|-fieldstart|move: Trick Room|[of] p1a: Lunala\n|\n|upkeep\n|turn|2\n|inactive|BrianJensVGC has 30 seconds left.\n|inactive|Larchete has 30 seconds left.\n|inactive|Larchete has 20 seconds left.\n|\n|t:|1746062014\n|move|p1a: Lunala|Moongeist Beam|p2b: Calyrex\n|-supereffective|p2b: Calyrex\n|-damage|p2b: Calyrex|1/100\n|move|p2a: Flamigo|Close Combat|p1a: Lunala\n|-damage|p1a: Lunala|0 fnt\n|-unboost|p2a: Flamigo|def|1\n|-unboost|p2a: Flamigo|spd|1\n|faint|p1a: Lunala\n|move|p1b: Ogerpon|Ivy Cudgel|p2a: Flamigo|[anim] Ivy Cudgel Rock\n|-damage|p2a: Flamigo|0 fnt\n|faint|p2a: Flamigo\n|move|p2b: Calyrex|Astral Barrage|p1b: Ogerpon\n|-damage|p1b: Ogerpon|0 fnt\n|faint|p1b: Ogerpon\n|-ability|p2b: Calyrex|Grim Neigh|boost\n|-boost|p2b: Calyrex|spa|1\n|\n|upkeep\n|\n|t:|1746062031\n|switch|p1a: Raging Bolt|Raging Bolt, L50|100/100\n|switch|p2a: Sableye|Sableye, L50, M|100/100\n|switch|p1b: Koraidon|Koraidon, L50|100/100\n|-weather|SunnyDay|[from] ability: Orichalcum Pulse|[of] p1b: Koraidon\n|-activate|p1a: Raging Bolt|ability: Protosynthesis\n|-start|p1a: Raging Bolt|protosynthesisspa\n|-activate|p1b: Koraidon|Orichalcum Pulse|[source]\n|turn|3\n|\n|t:|1746062041\n|move|p2a: Sableye|Protect|p2a: Sableye\n|-singleturn|p2a: Sableye|Protect\n|move|p2b: Calyrex|Protect|p2b: Calyrex\n|-singleturn|p2b: Calyrex|Protect\n|move|p1a: Raging Bolt|Thunderbolt|p2a: Sableye\n|-activate|p2a: Sableye|move: Protect\n|move|p1b: Koraidon|Flame Charge|p2b: Calyrex\n|-activate|p2b: Calyrex|move: Protect\n|\n|-weather|SunnyDay|[upkeep]\n|upkeep\n|turn|4\n|\n|t:|1746062061\n|switch|p2b: Koraidon|Koraidon, L50|100/100\n|-activate|p2b: Koraidon|ability: Orichalcum Pulse\n|move|p2a: Sableye|Will-O-Wisp|p1b: Koraidon\n|-status|p1b: Koraidon|brn\n|move|p1a: Raging Bolt|Thunderbolt|p2a: Sableye\n|-damage|p2a: Sableye|24/100\n|-enditem|p2a: Sableye|Sitrus Berry|[eat]\n|-heal|p2a: Sableye|49/100|[from] item: Sitrus Berry\n|move|p1b: Koraidon|Flare Blitz|p2b: Koraidon\n|-resisted|p2b: Koraidon\n|-damage|p2b: Koraidon|82/100\n|-damage|p1b: Koraidon|95/100 brn|[from] Recoil\n|\n|-weather|SunnyDay|[upkeep]\n|-damage|p1b: Koraidon|89/100 brn|[from] brn\n|upkeep\n|turn|5\n|\n|t:|1746062082\n|move|p2a: Sableye|Encore|p1a: Raging Bolt\n|-start|p1a: Raging Bolt|Encore\n|move|p1a: Raging Bolt|Thunderbolt|p2a: Sableye\n|-damage|p2a: Sableye|0 fnt\n|faint|p2a: Sableye\n|move|p1b: Koraidon|Flame Charge|p2b: Koraidon\n|-resisted|p2b: Koraidon\n|-damage|p2b: Koraidon|73/100\n|-boost|p1b: Koraidon|spe|1\n|move|p2b: Koraidon|Scale Shot|p1b: Koraidon|[miss]\n|-miss|p2b: Koraidon|p1b: Koraidon\n|\n|-weather|SunnyDay|[upkeep]\n|-damage|p1b: Koraidon|84/100 brn|[from] brn\n|-fieldend|move: Trick Room\n|upkeep\n|\n|t:|1746062093\n|switch|p2a: Calyrex|Calyrex-Shadow, L50, tera:Ghost|1/100\n|-ability|p2a: Calyrex|As One\n|-ability|p2a: Calyrex|Unnerve\n|turn|6\n|\n|t:|1746062103\n|move|p2a: Calyrex|Protect|p2a: Calyrex\n|-singleturn|p2a: Calyrex|Protect\n|move|p1b: Koraidon|Flame Charge|p2a: Calyrex\n|-activate|p2a: Calyrex|move: Protect\n|move|p2b: Koraidon|Scale Shot|p1b: Koraidon\n|-supereffective|p1b: Koraidon\n|-damage|p1b: Koraidon|52/100 brn\n|-supereffective|p1b: Koraidon\n|-damage|p1b: Koraidon|20/100 brn\n|-hitcount|p1b: Koraidon|2\n|-unboost|p2b: Koraidon|def|1\n|-boost|p2b: Koraidon|spe|1\n|move|p1a: Raging Bolt|Thunderbolt|p2b: Koraidon\n|-resisted|p2b: Koraidon\n|-damage|p2b: Koraidon|35/100\n|\n|-weather|SunnyDay|[upkeep]\n|-damage|p1b: Koraidon|14/100 brn|[from] brn\n|upkeep\n|turn|7\n|\n|t:|1746062121\n|move|p2b: Koraidon|Scale Shot|p1b: Koraidon\n|-supereffective|p1b: Koraidon\n|-damage|p1b: Koraidon|0 fnt\n|faint|p1b: Koraidon\n|-hitcount|p1: Koraidon|1\n|-unboost|p2b: Koraidon|def|1\n|-boost|p2b: Koraidon|spe|1\n|move|p2a: Calyrex|Astral Barrage|p1a: Raging Bolt\n|-damage|p1a: Raging Bolt|31/100\n|move|p1a: Raging Bolt|Thunderbolt|p2a: Calyrex\n|-damage|p2a: Calyrex|0 fnt\n|faint|p2a: Calyrex\n|\n|-weather|none\n|-end|p1a: Raging Bolt|Protosynthesis\n|-end|p1a: Raging Bolt|Encore\n|upkeep\n|turn|8\n|\n|t:|1746062137\n|move|p1a: Raging Bolt|Thunderclap|p2b: Koraidon\n|-resisted|p2b: Koraidon\n|-crit|p2b: Koraidon\n|-damage|p2b: Koraidon|4/100\n|move|p2b: Koraidon|Collision Course|p1a: Raging Bolt\n|-damage|p1a: Raging Bolt|0 fnt\n|faint|p1a: Raging Bolt\n|-end|p1a: Raging Bolt|Protosynthesis|[silent]\n|\n|win|Larchete\n||Larchete is ready for game 3.\n||BrianJensVGC is ready for game 3.\n|uhtml|next|Next: <a href=\"/battle-gen9vgc2025regibo3-2354363096\"><strong>Game 3 of 3</strong></a>\n|l|\u2606Larchete\n|player|p2|\n", "uploadtime": 1746062462, "views": 8, "formatid": "gen9vgc2025regibo3", "rating": null, "private": 0, "password": null}