{"id": "gen9vgc2025regibo3-2354947420", "format": "[Gen 9] VGC 2025 Reg I (Bo3)", "players": ["arandomkidd", "test220102"], "log": "|j|\u2606arandomkidd\n|j|\u2606test220102\n|html|<table width=\"100%\"><tr><td align=\"left\">arandomkidd</td><td align=\"right\">test220102</tr><tr><td align=\"left\"><i class=\"fa fa-circle\"></i> <i class=\"fa fa-circle-o\"></i> </td><td align=\"right\"><i class=\"fa fa-circle-o\"></i> <i class=\"fa fa-circle\"></i> </tr></table>\n|uhtml|bestof|<h2><strong>Game 3</strong> of <a href=\"/game-bestof3-gen9vgc2025regibo3-2354938942\">a best-of-3</a></h2>\n|t:|1746134606\n|gametype|doubles\n|player|p1|arandomkidd|170|1026\n|player|p2|test220102|2|1000\n|teamsize|p1|6\n|teamsize|p2|6\n|gen|9\n|tier|[Gen 9] VGC 2025 Reg I (Bo3)\n|rated|\n|rule|Species Clause: Limit one of each Pok\u00e9mon\n|rule|Item Clause: Limit 1 of each item\n|clearpoke\n|poke|p1|Zacian-*, L50|\n|poke|p1|Kyogre, L50|\n|poke|p1|Tornadus, L50, M|\n|poke|p1|Amoonguss, L50, M|\n|poke|p1|Grimmsnarl, L50, M|\n|poke|p1|Rhydon, L50, F|\n|poke|p2|Terapagos, L50, M|\n|poke|p2|Rillaboom, L50, M|\n|poke|p2|Incineroar, L50, M|\n|poke|p2|Eternatus, L50|\n|poke|p2|Ogerpon-Cornerstone, L50, F|\n|poke|p2|Whimsicott, L50, F|\n|teampreview|4\n|showteam|p1|Zacian-Crowned||RustedSword|IntrepidSword|behemothblade,PlayRough,Protect,SacredSword||||||50|,,,,,Fairy]Kyogre||MysticWater|Drizzle|WaterSpout,Protect,OriginPulse,Thunder||||||50|,,,,,Water]Tornadus||CovertCloak|Prankster|Tailwind,RainDance,BleakwindStorm,Protect|||M|||50|,,,,,Flying]Amoonguss||RockyHelmet|Regenerator|Spore,RagePowder,PollenPuff,Protect|||M|||50|,,,,,Grass]Grimmsnarl||SafetyGoggles|Prankster|LightScreen,Reflect,ThunderWave,PartingShot|||M|||50|,,,,,Dark]Rhydon||Eviolite|LightningRod|Protect,RockSlide,IcyWind,StompingTantrum|||F|||50|,,,,,Ground\n|showteam|p2|Terapagos||Leftovers|TeraShift|Protect,CalmMind,Substitute,TeraStarstorm|||M|||50|,,,,,Stellar]Rillaboom||AssaultVest|GrassySurge|FakeOut,Uturn,DrumBeating,GrassyGlide|||M|||50|,,,,,Fire]Incineroar||SafetyGoggles|Intimidate|FakeOut,PartingShot,ThroatChop,HelpingHand|||M|||50|,,,,,Ghost]Eternatus||LifeOrb|Pressure|DynamaxCannon,Flamethrower,Protect,SludgeBomb||||||50|,,,,,Fire]Ogerpon-Cornerstone||CornerstoneMask|Sturdy|SpikyShield,FollowMe,IvyCudgel,Taunt|||F|||50|,,,,,Rock]Whimsicott||CovertCloak|Prankster|Tailwind,Encore,Moonblast,HelpingHand|||F|||50|,,,,,Dark\n|inactive|Battle timer is ON: inactive players will automatically lose when time's up. (requested by test220102)\n|c|\u2606arandomkidd|i built this team like 3 min ago\n|inactive|arandomkidd has 60 seconds left.\n|\n|t:|1746134643\n|start\n|switch|p1a: Amoonguss|Amoonguss, L50, M|100/100\n|switch|p1b: Grimmsnarl|Grimmsnarl, L50, M|100/100\n|switch|p2a: Incineroar|Incineroar, L50, M|100/100\n|switch|p2b: Terapagos|Terapagos, L50, M|100/100\n|-activate|p2b: Terapagos|ability: Tera Shift\n|detailschange|p2b: Terapagos|Terapagos-Terastal, L50, M\n|-heal|p2b: Terapagos|100/100|[silent]\n|-ability|p2a: Incineroar|Intimidate|boost\n|-unboost|p1a: Amoonguss|atk|1\n|-unboost|p1b: Grimmsnarl|atk|1\n|turn|1\n|inactive|arandomkidd has 30 seconds left.\n|inactive|arandomkidd has 20 seconds left.\n|\n|t:|1746134681\n|move|p2a: Incineroar|Fake Out|p1b: Grimmsnarl\n|-damage|p1b: Grimmsnarl|90/100\n|cant|p1b: Grimmsnarl|flinch\n|move|p2b: Terapagos|Substitute|p2b: Terapagos\n|-start|p2b: Terapagos|Substitute\n|-damage|p2b: Terapagos|75/100\n|move|p1a: Amoonguss|Spore||[still]\n|-fail|p1a: Amoonguss\n|\n|-heal|p2b: Terapagos|82/100|[from] item: Leftovers\n|upkeep\n|turn|2\n|inactive|arandomkidd has 30 seconds left.\n|inactive|test220102 has 30 seconds left.\n|\n|t:|1746134712\n|switch|p1a: Zacian|Zacian-Crowned, L50|100/100\n|-ability|p1a: Zacian|Intrepid Sword|boost\n|-boost|p1a: Zacian|atk|1\n|move|p1b: Grimmsnarl|Light Screen|p1b: Grimmsnarl\n|-sidestart|p1: arandomkidd|move: Light Screen\n|move|p2b: Terapagos|Calm Mind|p2b: Terapagos\n|-boost|p2b: Terapagos|spa|1\n|-boost|p2b: Terapagos|spd|1\n|move|p2a: Incineroar|Throat Chop|p1a: Zacian\n|-resisted|p1a: Zacian\n|-damage|p1a: Zacian|87/100\n|-start|p1a: Zacian|Throat Chop|[silent]\n|\n|-heal|p2b: Terapagos|88/100|[from] item: Leftovers\n|upkeep\n|turn|3\n|\n|t:|1746134726\n|switch|p2a: Rillaboom|Rillaboom, L50, M|100/100\n|-fieldstart|move: Grassy Terrain|[from] ability: Grassy Surge|[of] p2a: Rillaboom\n|move|p1b: Grimmsnarl|Parting Shot|p2b: Terapagos\n|-unboost|p2b: Terapagos|atk|1\n|-unboost|p2b: Terapagos|spa|1\n|\n|t:|1746134735\n|switch|p1b: Amoonguss|Amoonguss, L50, M|100/100|[from] Parting Shot\n|move|p1a: Zacian|Sacred Sword|p2b: Terapagos\n|-supereffective|p2b: Terapagos\n|-end|p2b: Terapagos|Substitute\n|move|p2b: Terapagos|Calm Mind|p2b: Terapagos\n|-boost|p2b: Terapagos|spa|1\n|-boost|p2b: Terapagos|spd|1\n|\n|-heal|p1a: Zacian|93/100|[from] Grassy Terrain\n|-heal|p2b: Terapagos|94/100|[from] Grassy Terrain\n|-heal|p2b: Terapagos|100/100|[from] item: Leftovers\n|-end|p1a: Zacian|Throat Chop|[silent]\n|upkeep\n|turn|4\n|inactive|arandomkidd has 30 seconds left.\n|inactive|arandomkidd has 20 seconds left.\n|\n|t:|1746134772\n|move|p2a: Rillaboom|Fake Out|p1a: Zacian\n|-resisted|p1a: Zacian\n|-damage|p1a: Zacian|86/100\n|cant|p1a: Zacian|flinch\n|move|p2b: Terapagos|Substitute|p2b: Terapagos\n|-start|p2b: Terapagos|Substitute\n|-damage|p2b: Terapagos|75/100\n|move|p1b: Amoonguss|Spore||[still]\n|-fail|p1b: Amoonguss\n|\n|-heal|p1a: Zacian|92/100|[from] Grassy Terrain\n|-heal|p2b: Terapagos|82/100|[from] Grassy Terrain\n|-heal|p2b: Terapagos|88/100|[from] item: Leftovers\n|upkeep\n|turn|5\n|\n|t:|1746134783\n|switch|p2a: Incineroar|Incineroar, L50, M|100/100\n|-ability|p2a: Incineroar|Intimidate|boost\n|-unboost|p1a: Zacian|atk|1\n|-unboost|p1b: Amoonguss|atk|1\n|move|p2b: Terapagos|Protect|p2b: Terapagos\n|-singleturn|p2b: Terapagos|Protect\n|move|p1a: Zacian|Sacred Sword|p2b: Terapagos\n|-activate|p2b: Terapagos|move: Protect\n|move|p1b: Amoonguss|Spore|p2b: Terapagos\n|-activate|p2b: Terapagos|move: Protect\n|\n|-heal|p1a: Zacian|98/100|[from] Grassy Terrain\n|-heal|p2b: Terapagos|94/100|[from] Grassy Terrain\n|-heal|p2b: Terapagos|100/100|[from] item: Leftovers\n|upkeep\n|turn|6\n|inactive|arandomkidd has 30 seconds left.\n|\n|t:|1746134814\n|switch|p1a: Grimmsnarl|Grimmsnarl, L50, M|90/100\n|move|p1b: Amoonguss|Protect|p1b: Amoonguss\n|-singleturn|p1b: Amoonguss|Protect\n|move|p2a: Incineroar|Fake Out|p1a: Grimmsnarl\n|-damage|p1a: Grimmsnarl|78/100\n|move|p2b: Terapagos|Calm Mind|p2b: Terapagos\n|-boost|p2b: Terapagos|spa|1\n|-boost|p2b: Terapagos|spd|1\n|\n|-heal|p1a: Grimmsnarl|84/100|[from] Grassy Terrain\n|-sideend|p1: arandomkidd|move: Light Screen\n|upkeep\n|turn|7\n|\n|t:|1746134830\n|switch|p1b: Zacian|Zacian-Crowned, L50|98/100\n|move|p2a: Incineroar|Fake Out||[still]\n|-hint|Fake Out only works on your first turn out.\n|-fail|p2a: Incineroar\n|move|p1a: Grimmsnarl|Light Screen|p1a: Grimmsnarl\n|-sidestart|p1: arandomkidd|move: Light Screen\n|move|p2b: Terapagos|Tera Starstorm|p1a: Grimmsnarl\n|-damage|p1a: Grimmsnarl|13/100\n|\n|-heal|p1b: Zacian|100/100|[from] Grassy Terrain\n|-heal|p1a: Grimmsnarl|19/100|[from] Grassy Terrain\n|-fieldend|move: Grassy Terrain\n|upkeep\n|turn|8\n|\n|t:|1746134841\n|switch|p2a: Rillaboom|Rillaboom, L50, M|100/100\n|-fieldstart|move: Grassy Terrain|[from] ability: Grassy Surge|[of] p2a: Rillaboom\n|move|p1a: Grimmsnarl|Parting Shot|p2b: Terapagos\n|-unboost|p2b: Terapagos|atk|1\n|-unboost|p2b: Terapagos|spa|1\n|\n|t:|1746134851\n|switch|p1a: Amoonguss|Amoonguss, L50, M|100/100|[from] Parting Shot\n|move|p1b: Zacian|Sacred Sword|p2b: Terapagos\n|-activate|p2b: Terapagos|ability: Tera Shell\n|-resisted|p2b: Terapagos\n|-activate|p2b: Terapagos|move: Substitute|[damage]\n|move|p2b: Terapagos|Calm Mind|p2b: Terapagos\n|-boost|p2b: Terapagos|spa|1\n|-boost|p2b: Terapagos|spd|1\n|\n|upkeep\n|turn|9\n|inactive|arandomkidd has 30 seconds left.\n|\n|t:|1746134877\n|move|p1b: Zacian|Protect|p1b: Zacian\n|-singleturn|p1b: Zacian|Protect\n|move|p1a: Amoonguss|Protect|p1a: Amoonguss\n|-singleturn|p1a: Amoonguss|Protect\n|move|p2a: Rillaboom|Fake Out|p1b: Zacian\n|-activate|p1b: Zacian|move: Protect\n|move|p2b: Terapagos|Calm Mind|p2b: Terapagos\n|-boost|p2b: Terapagos|spa|1\n|-boost|p2b: Terapagos|spd|1\n|\n|upkeep\n|turn|10\n|\n|t:|1746134887\n|switch|p2a: Incineroar|Incineroar, L50, M|100/100\n|-ability|p2a: Incineroar|Intimidate|boost\n|-unboost|p1a: Amoonguss|atk|1\n|-unboost|p1b: Zacian|atk|1\n|move|p1b: Zacian|Sacred Sword|p2b: Terapagos\n|-activate|p2b: Terapagos|ability: Tera Shell\n|-resisted|p2b: Terapagos\n|-activate|p2b: Terapagos|move: Substitute|[damage]\n|move|p2b: Terapagos|Calm Mind|p2b: Terapagos\n|-boost|p2b: Terapagos|spa|1\n|-boost|p2b: Terapagos|spd|1\n|move|p1a: Amoonguss|Spore||[still]\n|-fail|p1a: Amoonguss\n|\n|upkeep\n|turn|11\n|\n|t:|1746134904\n|switch|p1a: Grimmsnarl|Grimmsnarl, L50, M|19/100\n|move|p2a: Incineroar|Fake Out|p1b: Zacian\n|-resisted|p1b: Zacian\n|-damage|p1b: Zacian|95/100\n|cant|p1b: Zacian|flinch\n|move|p2b: Terapagos|Tera Starstorm|p1a: Grimmsnarl\n|-damage|p1a: Grimmsnarl|0 fnt\n|faint|p1a: Grimmsnarl\n|\n|-heal|p1b: Zacian|100/100|[from] Grassy Terrain\n|-sideend|p1: arandomkidd|move: Light Screen\n|upkeep\n|\n|t:|1746134912\n|switch|p1a: Kyogre|Kyogre, L50|100/100\n|-weather|RainDance|[from] ability: Drizzle|[of] p1a: Kyogre\n|turn|12\n|\n|t:|1746134922\n|switch|p2a: Eternatus|Eternatus, L50|100/100\n|-ability|p2a: Eternatus|Pressure\n|-terastallize|p2b: Terapagos|Stellar\n|detailschange|p2b: Terapagos|Terapagos-Stellar, L50, M, tera:Stellar\n|-heal|p2b: Terapagos|100/100|[silent]\n|-ability|p2b: Terapagos|Teraform Zero\n|-weather|none\n|-fieldend|move: Grassy Terrain\n|move|p1b: Zacian|Sacred Sword|p2b: Terapagos\n|-supereffective|p2b: Terapagos\n|-end|p2b: Terapagos|Substitute\n|move|p1a: Kyogre|Water Spout|p2a: Eternatus|[spread] p2a,p2b\n|-resisted|p2a: Eternatus\n|-damage|p2a: Eternatus|69/100\n|-damage|p2b: Terapagos|89/100\n|move|p2b: Terapagos|Tera Starstorm|p1b: Zacian|[spread] p1a,p1b\n|-damage|p1a: Kyogre|15/100\n|-damage|p1b: Zacian|0 fnt\n|faint|p1b: Zacian\n|\n|-heal|p2b: Terapagos|95/100|[from] item: Leftovers\n|upkeep\n|\n|t:|1746134927\n|switch|p1b: Amoonguss|Amoonguss, L50, M|100/100\n|turn|13\n|\n|t:|1746134950\n|switch|p2a: Rillaboom|Rillaboom, L50, M|100/100\n|-fieldstart|move: Grassy Terrain|[from] ability: Grassy Surge|[of] p2a: Rillaboom\n|move|p1a: Kyogre|Protect|p1a: Kyogre\n|-singleturn|p1a: Kyogre|Protect\n|move|p2b: Terapagos|Protect|p2b: Terapagos\n|-singleturn|p2b: Terapagos|Protect\n|move|p1b: Amoonguss|Spore|p2a: Rillaboom\n|-immune|p2a: Rillaboom\n|\n|-heal|p1a: Kyogre|21/100|[from] Grassy Terrain\n|-heal|p2b: Terapagos|100/100|[from] Grassy Terrain\n|upkeep\n|turn|14\n|\n|t:|1746134961\n|move|p2a: Rillaboom|Grassy Glide|p1a: Kyogre\n|-supereffective|p1a: Kyogre\n|-damage|p1a: Kyogre|0 fnt\n|faint|p1a: Kyogre\n|move|p2b: Terapagos|Substitute|p2b: Terapagos\n|-start|p2b: Terapagos|Substitute\n|-damage|p2b: Terapagos|76/100\n|move|p1b: Amoonguss|Spore||[still]\n|-fail|p1b: Amoonguss\n|\n|-heal|p2b: Terapagos|82/100|[from] Grassy Terrain\n|-heal|p2b: Terapagos|88/100|[from] item: Leftovers\n|upkeep\n|turn|15\n|-message|arandomkidd forfeited.\n|\n|win|test220102\n|raw|arandomkidd's rating: 1026 &rarr; <strong>1011</strong><br />(-15 for losing)\n|raw|test220102's rating: 1000 &rarr; <strong>1043</strong><br />(+43 for winning)\n|l|\u2606arandomkidd\n|player|p1|\n", "uploadtime": 1746134973, "views": 8, "formatid": "gen9vgc2025regibo3", "rating": 1011, "private": 0, "password": null}