{"id": "gen9vgc2025regibo3-2354557254", "format": "[Gen 9] VGC 2025 Reg I (Bo3)", "players": ["wata97", "AUBrigade"], "log": "|j|\u2606wata97\n|j|\u2606AUBrigade\n|html|<table width=\"100%\"><tr><td align=\"left\">wata97</td><td align=\"right\">AUBrigade</tr><tr><td align=\"left\"><i class=\"fa fa-circle-o\"></i> <i class=\"fa fa-circle-o\"></i> </td><td align=\"right\"><i class=\"fa fa-circle-o\"></i> <i class=\"fa fa-circle\"></i> </tr></table>\n|uhtml|bestof|<h2><strong>Game 2</strong> of <a href=\"/game-bestof3-gen9vgc2025regibo3-2354556358\">a best-of-3</a></h2>\n|t:|1746093966\n|gametype|doubles\n|player|p1|wata97|steven|1173\n|player|p2|AUBrigade|morty|1208\n|teamsize|p1|6\n|teamsize|p2|6\n|gen|9\n|tier|[Gen 9] VGC 2025 Reg I (Bo3)\n|rated|\n|rule|Species Clause: Limit one of each Pok\u00e9mon\n|rule|Item Clause: Limit 1 of each item\n|clearpoke\n|poke|p1|Whimsicott, L50, F|\n|poke|p1|Landorus, L50, M|\n|poke|p1|Zamazenta-*, L50|\n|poke|p1|Calyrex-Shadow, L50|\n|poke|p1|Incineroar, L50, M|\n|poke|p1|Urshifu-*, L50, F|\n|poke|p2|Koraidon, L50|\n|poke|p2|Ho-Oh, L50|\n|poke|p2|Flutter Mane, L50|\n|poke|p2|Incineroar, L50, M|\n|poke|p2|Rillaboom, L50, M|\n|poke|p2|Toxapex, L50, M|\n|teampreview|4\n|showteam|p1|Whimsicott||CovertCloak|Prankster|Taunt,Tailwind,Encore,Moonblast|||F|||50|,,,,,Dark]Landorus||LifeOrb|SheerForce|Protect,SandsearStorm,SludgeBomb,EarthPower|||M|||50|,,,,,Poison]Zamazenta-Crowned||RustedShield|DauntlessShield|BodyPress,behemothbash,Protect,WideGuard||||||50|,,,,,Dragon]Calyrex-Shadow||ChoiceSpecs|AsOneSpectrier|AstralBarrage,Psychic,DrainingKiss,PollenPuff||||||50|,,,,,Normal]Incineroar||SafetyGoggles|Intimidate|PartingShot,FakeOut,KnockOff,FlareBlitz|||M|||50|,,,,,Ghost]Urshifu-Rapid-Strike||ChoiceScarf|UnseenFist|CloseCombat,SurgingStrikes,Uturn,AquaJet|||F|||50|,,,,,Water\n|showteam|p2|Koraidon||LoadedDice|OrichalcumPulse|ScaleShot,CollisionCourse,FlareBlitz,Protect||||||50|,,,,,Fire]Ho-Oh||ClearAmulet|Regenerator|SacredFire,BraveBird,Tailwind,Protect||||||50|,,,,,Grass]Flutter Mane||FocusSash|Protosynthesis|Moonblast,IcyWind,DazzlingGleam,Protect||||||50|,,,,,Fairy]Incineroar||SafetyGoggles|Intimidate|PartingShot,FakeOut,KnockOff,Taunt|||M|||50|,,,,,Bug]Rillaboom||AssaultVest|GrassySurge|Uturn,FakeOut,GrassyGlide,WoodHammer|||M|||50|,,,,,Fire]Toxapex||Leftovers|Regenerator|Infestation,BanefulBunker,ToxicSpikes,WideGuard|||M|||50|,,,,,Grass\n|\n|t:|1746093982\n|start\n|switch|p1a: Whimsicott|Whimsicott, L50, F|100/100\n|switch|p1b: Calyrex|Calyrex-Shadow, L50|100/100\n|switch|p2a: Koraidon|Koraidon, L50|100/100\n|switch|p2b: Flutter Mane|Flutter Mane, L50, shiny|100/100\n|-ability|p1b: Calyrex|As One\n|-ability|p1b: Calyrex|Unnerve\n|-weather|SunnyDay|[from] ability: Orichalcum Pulse|[of] p2a: Koraidon\n|-activate|p2b: Flutter Mane|ability: Protosynthesis\n|-start|p2b: Flutter Mane|protosynthesisspe\n|-activate|p2a: Koraidon|Orichalcum Pulse|[source]\n|turn|1\n|inactive|Battle timer is ON: inactive players will automatically lose when time's up. (requested by wata97)\n|inactive|AUBrigade has 60 seconds left.\n|\n|t:|1746094034\n|-terastallize|p2a: Koraidon|Fire\n|move|p1a: Whimsicott|Tailwind|p1a: Whimsicott\n|-sidestart|p1: wata97|move: Tailwind\n|move|p1b: Calyrex|Astral Barrage|p2b: Flutter Mane|[spread] p2a,p2b\n|-supereffective|p2b: Flutter Mane\n|-damage|p2a: Koraidon|23/100\n|-enditem|p2b: Flutter Mane|Focus Sash\n|-damage|p2b: Flutter Mane|1/100\n|move|p2b: Flutter Mane|Moonblast|p1a: Whimsicott\n|-damage|p1a: Whimsicott|8/100\n|move|p2a: Koraidon|Scale Shot|p1b: Calyrex\n|-damage|p1b: Calyrex|78/100\n|-damage|p1b: Calyrex|54/100\n|-damage|p1b: Calyrex|30/100\n|-damage|p1b: Calyrex|7/100\n|-hitcount|p1b: Calyrex|4\n|-unboost|p2a: Koraidon|def|1\n|-boost|p2a: Koraidon|spe|1\n|\n|-weather|SunnyDay|[upkeep]\n|upkeep\n|turn|2\n|inactive|wata97 has 30 seconds left.\n|inactive|AUBrigade has 30 seconds left.\n|\n|t:|1746094065\n|move|p2a: Koraidon|Protect|p2a: Koraidon\n|-singleturn|p2a: Koraidon|Protect\n|move|p1b: Calyrex|Astral Barrage|p2b: Flutter Mane|[spread] p2b\n|-activate|p2a: Koraidon|move: Protect\n|-supereffective|p2b: Flutter Mane\n|-damage|p2b: Flutter Mane|0 fnt\n|faint|p2b: Flutter Mane\n|-end|p2b: Flutter Mane|Protosynthesis|[silent]\n|-ability|p1b: Calyrex|Grim Neigh|boost\n|-boost|p1b: Calyrex|spa|1\n|move|p1a: Whimsicott|Moonblast|p2a: Koraidon\n|-activate|p2a: Koraidon|move: Protect\n|\n|-weather|SunnyDay|[upkeep]\n|upkeep\n|\n|t:|1746094078\n|switch|p2b: Rillaboom|Rillaboom, L50, M|100/100\n|-fieldstart|move: Grassy Terrain|[from] ability: Grassy Surge|[of] p2b: Rillaboom\n|turn|3\n|\n|t:|1746094091\n|switch|p1b: Zamazenta|Zamazenta-Crowned, L50|100/100\n|-ability|p1b: Zamazenta|Dauntless Shield|boost\n|-boost|p1b: Zamazenta|def|1\n|switch|p2a: Ho-Oh|Ho-Oh, L50|100/100\n|move|p1a: Whimsicott|Encore||[still]\n|-fail|p1a: Whimsicott\n|move|p2b: Rillaboom|Grassy Glide|p1b: Zamazenta\n|-resisted|p1b: Zamazenta\n|-damage|p1b: Zamazenta|94/100\n|\n|-weather|SunnyDay|[upkeep]\n|-heal|p1a: Whimsicott|14/100|[from] Grassy Terrain\n|-heal|p1b: Zamazenta|100/100|[from] Grassy Terrain\n|upkeep\n|turn|4\n|\n|t:|1746094115\n|-terastallize|p1b: Zamazenta|Dragon\n|move|p1a: Whimsicott|Taunt|p2a: Ho-Oh\n|-start|p2a: Ho-Oh|move: Taunt\n|move|p1b: Zamazenta|Body Press|p2b: Rillaboom\n|-damage|p2b: Rillaboom|43/100\n|move|p2a: Ho-Oh|Sacred Fire|p1a: Whimsicott\n|-supereffective|p1a: Whimsicott\n|-damage|p1a: Whimsicott|0 fnt\n|faint|p1a: Whimsicott\n|move|p2b: Rillaboom|U-turn|p1b: Zamazenta\n|-damage|p1b: Zamazenta|92/100\n|\n|t:|1746094127\n|switch|p2b: Koraidon|Koraidon, L50, tera:Fire|23/100|[from] U-turn\n|-activate|p2b: Koraidon|ability: Orichalcum Pulse\n|\n|-weather|SunnyDay|[upkeep]\n|-heal|p1b: Zamazenta|98/100|[from] Grassy Terrain\n|-heal|p2b: Koraidon|29/100|[from] Grassy Terrain\n|-sideend|p1: wata97|move: Tailwind\n|upkeep\n|\n|t:|1746094135\n|switch|p1a: Calyrex|Calyrex-Shadow, L50|7/100\n|-ability|p1a: Calyrex|As One\n|-ability|p1a: Calyrex|Unnerve\n|turn|5\n|inactive|wata97 has 30 seconds left.\n|\n|t:|1746094167\n|move|p2b: Koraidon|Protect|p2b: Koraidon\n|-singleturn|p2b: Koraidon|Protect\n|move|p1a: Calyrex|Astral Barrage|p2b: Koraidon|[spread] p2a\n|-activate|p2b: Koraidon|move: Protect\n|-damage|p2a: Ho-Oh|53/100\n|move|p1b: Zamazenta|Body Press|p2a: Ho-Oh\n|-resisted|p2a: Ho-Oh\n|-crit|p2a: Ho-Oh\n|-damage|p2a: Ho-Oh|11/100\n|move|p2a: Ho-Oh|Brave Bird|p1a: Calyrex\n|-crit|p1a: Calyrex\n|-damage|p1a: Calyrex|0 fnt\n|faint|p1a: Calyrex\n|-damage|p2a: Ho-Oh|10/100|[from] Recoil\n|\n|-weather|none\n|-heal|p2b: Koraidon|35/100|[from] Grassy Terrain\n|-heal|p1b: Zamazenta|100/100|[from] Grassy Terrain\n|upkeep\n|\n|t:|1746094180\n|switch|p1a: Urshifu|Urshifu-Rapid-Strike, L50, F|100/100\n|turn|6\n|\n|t:|1746094192\n|switch|p2a: Rillaboom|Rillaboom, L50, M|43/100\n|move|p1a: Urshifu|Close Combat|p2b: Koraidon\n|-damage|p2b: Koraidon|0 fnt\n|-unboost|p1a: Urshifu|def|1\n|-unboost|p1a: Urshifu|spd|1\n|faint|p2b: Koraidon\n|move|p1b: Zamazenta|Body Press|p2a: Rillaboom\n|-damage|p2a: Rillaboom|0 fnt\n|faint|p2a: Rillaboom\n|\n|upkeep\n|\n|t:|1746094204\n|switch|p2b: Ho-Oh|Ho-Oh, L50|43/100\n|turn|7\n|\n|t:|1746094214\n|move|p1a: Urshifu|Close Combat|p2b: Ho-Oh\n|-resisted|p2b: Ho-Oh\n|-damage|p2b: Ho-Oh|16/100\n|-unboost|p1a: Urshifu|def|1\n|-unboost|p1a: Urshifu|spd|1\n|move|p1b: Zamazenta|Body Press|p2b: Ho-Oh\n|-resisted|p2b: Ho-Oh\n|-damage|p2b: Ho-Oh|0 fnt\n|faint|p2b: Ho-Oh\n|\n|win|wata97\n||AUBrigade is ready for game 3.\n||wata97 is ready for game 3.\n|uhtml|next|Next: <a href=\"/battle-gen9vgc2025regibo3-2354558627\"><strong>Game 3 of 3</strong></a>\n|l|\u2606wata97\n|player|p1|\n|l|\u2606AUBrigade\n|player|p2|\n", "uploadtime": 1746094576, "views": 12, "formatid": "gen9vgc2025regibo3", "rating": null, "private": 0, "password": null}