{"id": "gen9vgc2025regibo3-2354362563", "format": "[Gen 9] VGC 2025 Reg I (Bo3)", "players": ["tzarii", "mitchellscot2024"], "log": "|j|\u2606tzarii\n|j|\u2606mitchellscot2024\n|html|<table width=\"100%\"><tr><td align=\"left\">tzarii</td><td align=\"right\">mitchellscot2024</tr><tr><td align=\"left\"><i class=\"fa fa-circle-o\"></i> <i class=\"fa fa-circle-o\"></i> </td><td align=\"right\"><i class=\"fa fa-circle-o\"></i> <i class=\"fa fa-circle-o\"></i> </tr></table>\n|uhtml|bestof|<h2><strong>Game 1</strong> of <a href=\"/game-bestof3-gen9vgc2025regibo3-2354362562\">a best-of-3</a></h2>\n|t:|1746062081\n|gametype|doubles\n|player|p1|tzarii|lady-gen4|1152\n|player|p2|mitchellscot2024|2|1019\n|teamsize|p1|6\n|teamsize|p2|6\n|gen|9\n|tier|[Gen 9] VGC 2025 Reg I (Bo3)\n|rated|\n|rule|Species Clause: Limit one of each Pok\u00e9mon\n|rule|Item Clause: Limit 1 of each item\n|clearpoke\n|poke|p1|Koraidon, L50|\n|poke|p1|Groudon, L50|\n|poke|p1|Flutter Mane, L50|\n|poke|p1|Scovillain, L50, F|\n|poke|p1|Rillaboom, L50, F|\n|poke|p1|Scream Tail, L50|\n|poke|p2|Terapagos, L50, M|\n|poke|p2|Lugia, L50|\n|poke|p2|Comfey, L50, F|\n|poke|p2|Rillaboom, L50, M|\n|poke|p2|Amoonguss, L50, M|\n|poke|p2|Incineroar, L50, F|\n|teampreview|4\n|showteam|p1|Koraidon||ClearAmulet|OrichalcumPulse|FlameCharge,CloseCombat,FlareBlitz,Protect||||||50|,,,,,Fire]Groudon||AssaultVest|Drought|PrecipiceBlades,HeatCrash,RockSlide,HighHorsepower||||||50|,,,,,Water]Flutter Mane||FocusSash|Protosynthesis|Moonblast,IcyWind,ShadowBall,Protect||||||50|,,,,,Fairy]Scovillain||CovertCloak|Chlorophyll|Overheat,SpicyExtract,WillOWisp,ScaryFace|||F|||50|,,,,,Fire]Rillaboom||MiracleSeed|GrassySurge|FakeOut,GrassyGlide,WoodHammer,Protect|||F|||50|,,,,,Water]Scream Tail||RedCard|Protosynthesis|ThunderWave,Encore,Disable,Protect||||||50|,,,,,Dark\n|showteam|p2|Terapagos||Leftovers|TeraShift|TeraStarstorm,EarthPower,CalmMind,Protect|||M|||50|,,,,,Stellar]Lugia||CovertCloak|Multiscale|Aeroblast,EarthPower,PsychUp,Protect||||||50|,,,,,Fairy]Comfey||SitrusBerry|Triage|FloralHealing,TrickRoom,DrainingKiss,Protect|||F|||50|,,,,,Water]Rillaboom||AssaultVest|GrassySurge|WoodHammer,GrassyGlide,FakeOut,Uturn|||M|||50|,,,,,Fire]Amoonguss||RockyHelmet|Regenerator|PollenPuff,Spore,RagePowder,Toxic|||M|||50|,,,,,Water]Incineroar||SafetyGoggles|Intimidate|KnockOff,PartingShot,WillOWisp,FakeOut|||F|||50|,,,,,Bug\n|inactive|Battle timer is ON: inactive players will automatically lose when time's up. (requested by mitchellscot2024)\n|inactive|tzarii has 60 seconds left.\n|\n|t:|1746062125\n|start\n|switch|p1a: Koraidon|Koraidon, L50|100/100\n|switch|p1b: Scovillain|Scovillain, L50, F|100/100\n|switch|p2a: Terapagos|Terapagos, L50, M|100/100\n|switch|p2b: Incineroar|Incineroar, L50, F|100/100\n|-activate|p2a: Terapagos|ability: Tera Shift\n|detailschange|p2a: Terapagos|Terapagos-Terastal, L50, M\n|-heal|p2a: Terapagos|100/100|[silent]\n|-weather|SunnyDay|[from] ability: Orichalcum Pulse|[of] p1a: Koraidon\n|-activate|p1a: Koraidon|Orichalcum Pulse|[source]\n|-ability|p2b: Incineroar|Intimidate|boost\n|-fail|p1a: Koraidon|unboost|[from] item: Clear Amulet|[of] p1a: Koraidon\n|-unboost|p1b: Scovillain|atk|1\n|turn|1\n|inactive|tzarii has 30 seconds left.\n|\n|t:|1746062159\n|-terastallize|p1a: Koraidon|Fire\n|-terastallize|p2a: Terapagos|Stellar\n|detailschange|p2a: Terapagos|Terapagos-Stellar, L50, M, tera:Stellar\n|-heal|p2a: Terapagos|100/100|[silent]\n|-ability|p2a: Terapagos|Teraform Zero\n|-weather|none\n|move|p2b: Incineroar|Fake Out|p1a: Koraidon\n|-damage|p1a: Koraidon|90/100\n|cant|p1a: Koraidon|flinch\n|move|p1b: Scovillain|Spicy Extract|p1a: Koraidon\n|-fail|p1a: Koraidon|unboost|[from] item: Clear Amulet|[of] p1a: Koraidon\n|-boost|p1a: Koraidon|atk|2\n|move|p2a: Terapagos|Tera Starstorm|p1b: Scovillain|[spread] p1a,p1b\n|-supereffective|p1a: Koraidon\n|-damage|p1a: Koraidon|20/100\n|-damage|p1b: Scovillain|42/100\n|\n|upkeep\n|turn|2\n|inactive|tzarii has 30 seconds left.\n|\n|t:|1746062193\n|switch|p1b: Groudon|Groudon, L50|100/100\n|-weather|SunnyDay|[from] ability: Drought|[of] p1b: Groudon\n|switch|p2b: Rillaboom|Rillaboom, L50, M|100/100\n|-fieldstart|move: Grassy Terrain|[from] ability: Grassy Surge|[of] p2b: Rillaboom\n|move|p1a: Koraidon|Protect|p1a: Koraidon\n|-singleturn|p1a: Koraidon|Protect\n|move|p2a: Terapagos|Protect||[still]\n|-fail|p2a: Terapagos\n|\n|-weather|SunnyDay|[upkeep]\n|-heal|p1a: Koraidon|26/100|[from] Grassy Terrain\n|upkeep\n|turn|3\n|inactive|tzarii has 30 seconds left.\n|\n|t:|1746062222\n|move|p1a: Koraidon|Protect|p1a: Koraidon\n|-singleturn|p1a: Koraidon|Protect\n|move|p2b: Rillaboom|Fake Out|p1a: Koraidon\n|-activate|p1a: Koraidon|move: Protect\n|move|p2a: Terapagos|Tera Starstorm|p1b: Groudon|[spread] p1b\n|-activate|p1a: Koraidon|move: Protect\n|-damage|p1b: Groudon|83/100\n|move|p1b: Groudon|Rock Slide|p2b: Rillaboom|[spread] p2a,p2b\n|-damage|p2a: Terapagos|91/100\n|-damage|p2b: Rillaboom|82/100\n|\n|-weather|SunnyDay|[upkeep]\n|-heal|p1a: Koraidon|32/100|[from] Grassy Terrain\n|-heal|p2a: Terapagos|97/100|[from] Grassy Terrain\n|-heal|p2a: Terapagos|100/100|[from] item: Leftovers\n|-heal|p1b: Groudon|88/100|[from] Grassy Terrain\n|-heal|p2b: Rillaboom|87/100|[from] Grassy Terrain\n|upkeep\n|turn|4\n|\n|t:|1746062239\n|switch|p2b: Incineroar|Incineroar, L50, F|100/100\n|-ability|p2b: Incineroar|Intimidate|boost\n|-fail|p1a: Koraidon|unboost|[from] item: Clear Amulet|[of] p1a: Koraidon\n|-unboost|p1b: Groudon|atk|1\n|move|p2a: Terapagos|Protect|p2a: Terapagos\n|-singleturn|p2a: Terapagos|Protect\n|move|p1a: Koraidon|Close Combat|p2a: Terapagos\n|-activate|p2a: Terapagos|move: Protect\n|move|p1b: Groudon|Heat Crash|p2b: Incineroar\n|-resisted|p2b: Incineroar\n|-damage|p2b: Incineroar|84/100\n|\n|-weather|SunnyDay|[upkeep]\n|-heal|p1a: Koraidon|39/100|[from] Grassy Terrain\n|-heal|p1b: Groudon|94/100|[from] Grassy Terrain\n|-heal|p2b: Incineroar|90/100|[from] Grassy Terrain\n|upkeep\n|turn|5\n|\n|t:|1746062263\n|move|p1a: Koraidon|Protect|p1a: Koraidon\n|-singleturn|p1a: Koraidon|Protect\n|move|p2b: Incineroar|Fake Out|p1a: Koraidon\n|-activate|p1a: Koraidon|move: Protect\n|move|p2a: Terapagos|Calm Mind|p2a: Terapagos\n|-boost|p2a: Terapagos|spa|1\n|-boost|p2a: Terapagos|spd|1\n|move|p1b: Groudon|High Horsepower|p2b: Incineroar\n|-supereffective|p2b: Incineroar\n|-damage|p2b: Incineroar|37/100\n|\n|-weather|SunnyDay|[upkeep]\n|-heal|p1a: Koraidon|45/100|[from] Grassy Terrain\n|-heal|p1b: Groudon|99/100|[from] Grassy Terrain\n|-heal|p2b: Incineroar|43/100|[from] Grassy Terrain\n|upkeep\n|turn|6\n|\n|t:|1746062290\n|move|p2a: Terapagos|Protect|p2a: Terapagos\n|-singleturn|p2a: Terapagos|Protect\n|move|p1a: Koraidon|Close Combat|p2a: Terapagos\n|-activate|p2a: Terapagos|move: Protect\n|move|p1b: Groudon|Heat Crash|p2b: Incineroar\n|-resisted|p2b: Incineroar\n|-damage|p2b: Incineroar|24/100\n|move|p2b: Incineroar|Parting Shot|p1a: Koraidon\n|-fail|p1a: Koraidon|unboost|[from] item: Clear Amulet|[of] p1a: Koraidon\n|\n|-weather|none\n|-heal|p1a: Koraidon|51/100|[from] Grassy Terrain\n|-heal|p1b: Groudon|100/100|[from] Grassy Terrain\n|-heal|p2b: Incineroar|30/100|[from] Grassy Terrain\n|-fieldend|move: Grassy Terrain\n|upkeep\n|turn|7\n|inactive|tzarii has 30 seconds left.\n|\n|t:|1746062321\n|switch|p2b: Rillaboom|Rillaboom, L50, M|87/100\n|-fieldstart|move: Grassy Terrain|[from] ability: Grassy Surge|[of] p2b: Rillaboom\n|move|p1a: Koraidon|Close Combat|p2a: Terapagos\n|-supereffective|p2a: Terapagos\n|-damage|p2a: Terapagos|0 fnt\n|-unboost|p1a: Koraidon|def|1\n|-unboost|p1a: Koraidon|spd|1\n|faint|p2a: Terapagos\n|move|p1b: Groudon|High Horsepower|p2b: Rillaboom\n|-resisted|p2b: Rillaboom\n|-damage|p2b: Rillaboom|70/100\n|\n|-heal|p1a: Koraidon|57/100|[from] Grassy Terrain\n|-heal|p2b: Rillaboom|76/100|[from] Grassy Terrain\n|upkeep\n|-message|mitchellscot2024 forfeited.\n|\n|win|tzarii\n|l|\u2606mitchellscot2024\n|player|p2|\n|raw|tzarii's rating: 1152 &rarr; <strong>1168</strong><br />(+16 for winning)\n|raw|mitchellscot2024's rating: 1019 &rarr; <strong>1011</strong><br />(-8 for losing)\n", "uploadtime": 1746062339, "views": 9, "formatid": "gen9vgc2025regibo3", "rating": 1011, "private": 0, "password": null}