{"id": "gen9vgc2025regibo3-2354802633", "format": "[Gen 9] VGC 2025 Reg I (Bo3)", "players": ["Shirteasy22", "Citrus12340"], "log": "|j|\u203dShirteasy22\n|j|\u2606Citrus12340\n|html|<table width=\"100%\"><tr><td align=\"left\">Shirteasy22</td><td align=\"right\">Citrus12340</tr><tr><td align=\"left\"><i class=\"fa fa-circle-o\"></i> <i class=\"fa fa-circle-o\"></i> </td><td align=\"right\"><i class=\"fa fa-circle-o\"></i> <i class=\"fa fa-circle-o\"></i> </tr></table>\n|uhtml|bestof|<h2><strong>Game 1</strong> of <a href=\"/game-bestof3-gen9vgc2025regibo3-2354802632\">a best-of-3</a></h2>\n|t:|1746121060\n|gametype|doubles\n|player|p1|Shirteasy22|dancer|1159\n|player|p2|Citrus12340|fisherman|1126\n|teamsize|p1|6\n|teamsize|p2|6\n|gen|9\n|tier|[Gen 9] VGC 2025 Reg I (Bo3)\n|rated|\n|rule|Species Clause: Limit one of each Pok\u00e9mon\n|rule|Item Clause: Limit 1 of each item\n|clearpoke\n|poke|p1|Calyrex-Shadow, L50|\n|poke|p1|Thundurus, L50, M|\n|poke|p1|Koraidon, L50|\n|poke|p1|Clefairy, L50, M|\n|poke|p1|Incineroar, L50, M|\n|poke|p1|Ting-Lu, L50|\n|poke|p2|Dialga-Origin, L50|\n|poke|p2|Incineroar, L50, M|\n|poke|p2|Koraidon, L50|\n|poke|p2|Ursaluna, L50, M|\n|poke|p2|Tornadus, L50, M|\n|poke|p2|Grimmsnarl, L50, M|\n|teampreview|4\n|showteam|p1|Calyrex-Shadow||LifeOrb|AsOneSpectrier|AstralBarrage,Encore,Protect,DrainingKiss||||||50|,,,,,Fairy]Thundurus||WideLens|Prankster|ThunderWave,WildboltStorm,Protect,Taunt|||M|||50|,,,,,Steel]Koraidon||ClearAmulet|OrichalcumPulse|CollisionCourse,Protect,FlareBlitz,FlameCharge||||||50|,,,,,Fire]Clefairy||Eviolite|FriendGuard|FollowMe,AfterYou,HelpingHand,IcyWind|||M|||50|,,,,,Fairy]Incineroar||ChopleBerry|Intimidate|FlareBlitz,KnockOff,PartingShot,FakeOut|||M|||50|,,,,,Water]Ting-Lu||AssaultVest|VesselofRuin|ThroatChop,Snarl,Fissure,StompingTantrum||||||50|,,,,,Ghost\n|showteam|p2|Dialga-Origin||AdamantCrystal|Telepathy|TrickRoom,DragonPulse,FlashCannon,Protect||||||50|,,,,,Grass]Incineroar||SafetyGoggles|Intimidate|FakeOut,KnockOff,WillOWisp,PartingShot|||M|||50|,,,,,Ghost]Koraidon||ClearAmulet|OrichalcumPulse|CollisionCourse,FlameCharge,FlareBlitz,Protect||||||50|,,,,,Fire]Ursaluna||FlameOrb|Guts|Facade,Earthquake,Protect,HeadlongRush|||M|||50|,,,,,Ghost]Tornadus||CovertCloak|Prankster|Tailwind,SunnyDay,BleakwindStorm,Taunt|||M|||50|,,,,,Dark]Grimmsnarl||LightClay|Prankster|LightScreen,Reflect,FoulPlay,PartingShot|||M|||50|,,,,,Grass\n|inactive|Battle timer is ON: inactive players will automatically lose when time's up. (requested by Citrus12340)\n|inactive|Shirteasy22 has 60 seconds left.\n|\n|t:|1746121095\n|start\n|switch|p1a: Thundurus|Thundurus, L50, M|100/100\n|switch|p1b: Koraidon|Koraidon, L50|100/100\n|switch|p2a: Dialga|Dialga-Origin, L50|100/100\n|switch|p2b: Grimmsnarl|Grimmsnarl, L50, M|100/100\n|-weather|SunnyDay|[from] ability: Orichalcum Pulse|[of] p1b: Koraidon\n|-activate|p1b: Koraidon|Orichalcum Pulse|[source]\n|turn|1\n|inactive|Shirteasy22 has 30 seconds left.\n|inactive|Citrus12340 has 30 seconds left.\n|inactive|Shirteasy22 has 20 seconds left.\n|inactive|Citrus12340 has 20 seconds left.\n|inactive|Citrus12340 has 15 seconds left.\n|\n|t:|1746121140\n|move|p2a: Dialga|Protect|p2a: Dialga\n|-singleturn|p2a: Dialga|Protect\n|move|p1a: Thundurus|Taunt|p2a: Dialga\n|-activate|p2a: Dialga|move: Protect\n|move|p2b: Grimmsnarl|Reflect|p2b: Grimmsnarl\n|-sidestart|p2: Citrus12340|Reflect\n|move|p1b: Koraidon|Collision Course|p2b: Grimmsnarl\n|-damage|p2b: Grimmsnarl|51/100\n|\n|-weather|SunnyDay|[upkeep]\n|upkeep\n|turn|2\n|inactive|Shirteasy22 has 30 seconds left.\n|\n|t:|1746121166\n|move|p1b: Koraidon|Protect|p1b: Koraidon\n|-singleturn|p1b: Koraidon|Protect\n|move|p1a: Thundurus|Thunder Wave|p2a: Dialga\n|-status|p2a: Dialga|par\n|move|p2b: Grimmsnarl|Parting Shot|p1b: Koraidon\n|-activate|p1b: Koraidon|move: Protect\n|move|p2a: Dialga|Dragon Pulse|p1b: Koraidon\n|-activate|p1b: Koraidon|move: Protect\n|\n|-weather|SunnyDay|[upkeep]\n|upkeep\n|turn|3\n|inactive|Shirteasy22 has 30 seconds left.\n|inactive|Shirteasy22 has 20 seconds left.\n|inactive|Shirteasy22 has 15 seconds left.\n|inactive|Citrus12340 has 30 seconds left.\n|\n|t:|1746121210\n|-terastallize|p1b: Koraidon|Fire\n|move|p1a: Thundurus|Taunt|p2a: Dialga\n|-start|p2a: Dialga|move: Taunt\n|move|p2b: Grimmsnarl|Light Screen|p2b: Grimmsnarl\n|-sidestart|p2: Citrus12340|move: Light Screen\n|move|p1b: Koraidon|Flame Charge|p2b: Grimmsnarl\n|-damage|p2b: Grimmsnarl|0 fnt\n|-boost|p1b: Koraidon|spe|1\n|faint|p2b: Grimmsnarl\n|move|p2a: Dialga|Dragon Pulse|p1b: Koraidon\n|-damage|p1b: Koraidon|38/100\n|\n|-weather|SunnyDay|[upkeep]\n|upkeep\n|\n|t:|1746121223\n|switch|p2b: Koraidon|Koraidon, L50|100/100\n|-activate|p2b: Koraidon|ability: Orichalcum Pulse\n|turn|4\n|\n|t:|1746121235\n|-terastallize|p2b: Koraidon|Fire\n|move|p1a: Thundurus|Thunder Wave|p2b: Koraidon\n|-status|p2b: Koraidon|par\n|move|p1b: Koraidon|Flare Blitz|p2a: Dialga\n|-damage|p2a: Dialga|47/100 par\n|-damage|p1b: Koraidon|19/100|[from] Recoil\n|cant|p2b: Koraidon|par\n|move|p2a: Dialga|Dragon Pulse|p1b: Koraidon\n|-damage|p1b: Koraidon|0 fnt\n|faint|p1b: Koraidon\n|\n|-weather|SunnyDay|[upkeep]\n|upkeep\n|\n|t:|1746121259\n|switch|p1b: Calyrex|Calyrex-Shadow, L50|100/100\n|-ability|p1b: Calyrex|As One\n|-ability|p1b: Calyrex|Unnerve\n|turn|5\n|\n|t:|1746121269\n|switch|p2a: Ursaluna|Ursaluna, L50, M|100/100\n|move|p1a: Thundurus|Protect|p1a: Thundurus\n|-singleturn|p1a: Thundurus|Protect\n|move|p1b: Calyrex|Protect|p1b: Calyrex\n|-singleturn|p1b: Calyrex|Protect\n|cant|p2b: Koraidon|par\n|\n|-weather|none\n|-status|p2a: Ursaluna|brn|[from] item: Flame Orb\n|upkeep\n|turn|6\n|inactive|Shirteasy22 has 30 seconds left.\n|\n|t:|1746121304\n|switch|p1b: Incineroar|Incineroar, L50, M|100/100\n|-ability|p1b: Incineroar|Intimidate|boost\n|-unboost|p2a: Ursaluna|atk|1\n|-fail|p2b: Koraidon|unboost|[from] item: Clear Amulet|[of] p2b: Koraidon\n|move|p1a: Thundurus|Wildbolt Storm|p2a: Ursaluna|[spread] p2b\n|-immune|p2a: Ursaluna\n|-damage|p2b: Koraidon|80/100 par\n|move|p2a: Ursaluna|Headlong Rush|p1b: Incineroar\n|-supereffective|p1b: Incineroar\n|-damage|p1b: Incineroar|0 fnt\n|-unboost|p2a: Ursaluna|def|1\n|-unboost|p2a: Ursaluna|spd|1\n|faint|p1b: Incineroar\n|move|p2b: Koraidon|Flare Blitz|p1a: Thundurus\n|-damage|p1a: Thundurus|34/100\n|-damage|p2b: Koraidon|62/100 par|[from] Recoil\n|\n|-damage|p2a: Ursaluna|94/100 brn|[from] brn\n|upkeep\n|\n|t:|1746121324\n|switch|p1b: Calyrex|Calyrex-Shadow, L50|100/100\n|-ability|p1b: Calyrex|As One\n|-ability|p1b: Calyrex|Unnerve\n|turn|7\n|\n|t:|1746121344\n|switch|p2a: Dialga|Dialga-Origin, L50|47/100 par\n|move|p1b: Calyrex|Draining Kiss|p2a: Dialga\n|-damage|p2a: Dialga|33/100 par\n|-damage|p1b: Calyrex|91/100|[from] item: Life Orb\n|move|p1a: Thundurus|Wildbolt Storm|p2b: Koraidon|[spread] p2a,p2b\n|-resisted|p2a: Dialga\n|-damage|p2a: Dialga|25/100 par\n|-damage|p2b: Koraidon|42/100 par\n|move|p2b: Koraidon|Flare Blitz|p1a: Thundurus\n|-damage|p1a: Thundurus|0 fnt\n|faint|p1a: Thundurus\n|-damage|p2b: Koraidon|32/100 par|[from] Recoil\n|\n|upkeep\n|turn|8\n|\n|t:|1746121368\n|move|p2a: Dialga|Protect|p2a: Dialga\n|-singleturn|p2a: Dialga|Protect\n|move|p1b: Calyrex|Astral Barrage|p2b: Koraidon|[spread] p2b\n|-activate|p2a: Dialga|move: Protect\n|-damage|p2b: Koraidon|0 fnt\n|faint|p2b: Koraidon\n|-ability|p1b: Calyrex|Grim Neigh|boost\n|-boost|p1b: Calyrex|spa|1\n|-damage|p1b: Calyrex|81/100|[from] item: Life Orb\n|\n|-sideend|p2: Citrus12340|Reflect\n|upkeep\n|\n|t:|1746121375\n|switch|p2b: Ursaluna|Ursaluna, L50, M|94/100 brn\n|turn|9\n|\n|t:|1746121385\n|move|p1b: Calyrex|Draining Kiss|p2a: Dialga\n|-damage|p2a: Dialga|5/100 par\n|-heal|p1b: Calyrex|98/100|[from] drain|[of] p2a: Dialga\n|-damage|p1b: Calyrex|88/100|[from] item: Life Orb\n|move|p2b: Ursaluna|Headlong Rush|p1b: Calyrex\n|-damage|p1b: Calyrex|0 fnt\n|-unboost|p2b: Ursaluna|def|1\n|-unboost|p2b: Ursaluna|spd|1\n|faint|p1b: Calyrex\n|\n|win|Citrus12340\n||Citrus12340 is ready for game 2.\n|inactive|Shirteasy22 has 30 seconds to confirm battle start!\n||Shirteasy22 is ready for game 2.\n|uhtml|next|Next: <a href=\"/battle-gen9vgc2025regibo3-2354806542\"><strong>Game 2 of 3</strong></a>\n|l|\u203dShirteasy22\n|player|p1|\n|l|\u2606Citrus12340\n|player|p2|\n|j|\u203dShirteasy22\n|player|p1|Shirteasy22|dancer|\n", "uploadtime": 1746121700, "views": 11, "formatid": "gen9vgc2025regibo3", "rating": null, "private": 0, "password": null}