{"id": "gen9vgc2025regibo3-2353718734", "format": "[Gen 9] VGC 2025 Reg I (Bo3)", "players": ["Samm3", "CityPopThatThang"], "log": "|j|\u2606Samm3\n|j|\u2606CityPopThatThang\n|html|<table width=\"100%\"><tr><td align=\"left\">Samm3</td><td align=\"right\">CityPopThatThang</tr><tr><td align=\"left\"><i class=\"fa fa-circle-o\"></i> <i class=\"fa fa-circle-o\"></i> </td><td align=\"right\"><i class=\"fa fa-circle-o\"></i> <i class=\"fa fa-circle\"></i> </tr></table>\n|uhtml|bestof|<h2><strong>Game 2</strong> of <a href=\"/game-bestof3-gen9vgc2025regibo3-2353717538\">a best-of-3</a></h2>\n|t:|1745988187\n|gametype|doubles\n|player|p1|Samm3|swimmerf-gen4|1118\n|player|p2|CityPopThatThang|guzma|1084\n|teamsize|p1|6\n|teamsize|p2|6\n|gen|9\n|tier|[Gen 9] VGC 2025 Reg I (Bo3)\n|rated|\n|rule|Species Clause: Limit one of each Pok\u00e9mon\n|rule|Item Clause: Limit 1 of each item\n|clearpoke\n|poke|p1|Zacian-*, L50|\n|poke|p1|Kyogre, L50|\n|poke|p1|Rillaboom, L50, M|\n|poke|p1|Incineroar, L50, M|\n|poke|p1|Urshifu-*, L50, M|\n|poke|p1|Tornadus, L50, M|\n|poke|p2|Kyogre, L50|\n|poke|p2|Zamazenta-*, L50|\n|poke|p2|Ursaluna, L50, M|\n|poke|p2|Sinistcha, L50|\n|poke|p2|Tornadus, L50, M|\n|poke|p2|Chi-Yu, L50|\n|teampreview|4\n|showteam|p1|Zacian-Crowned||RustedSword|IntrepidSword|behemothblade,PlayRough,SacredSword,Protect||||||50|,,,,,Stellar]Kyogre||ChoiceScarf|Drizzle|WaterSpout,Thunder,IceBeam,OriginPulse||||||50|,,,,,Grass]Rillaboom||AssaultVest|GrassySurge|GrassyGlide,HighHorsepower,Uturn,FakeOut|||M|||50|,,,,,Fire]Incineroar||RockyHelmet|Intimidate|KnockOff,WillOWisp,PartingShot,FakeOut|||M|||50|,,,,,Bug]Urshifu-Rapid-Strike||FocusSash|UnseenFist|SurgingStrikes,CloseCombat,Taunt,Detect|||M|||50|,,,,,Water]Tornadus||CovertCloak|Prankster|BleakwindStorm,RainDance,Taunt,Tailwind|||M|||50|,,,,,Dark\n|showteam|p2|Kyogre||LifeOrb|Drizzle|WaterSpout,IceBeam,Thunder,Protect||||||50|,,,,,Electric]Zamazenta-Crowned||RustedShield|DauntlessShield|BodyPress,HeavySlam,WideGuard,IronDefense||||||50|,,,,,Grass]Ursaluna||FlameOrb|Guts|Facade,HeadlongRush,Substitute,Protect|||M|||50|,,,,,Bug]Sinistcha||RockyHelmet|Hospitality|MatchaGotcha,Scald,RagePowder,TrickRoom||||||50|,,,,,Water]Tornadus||CovertCloak|Prankster|Hurricane,Tailwind,RainDance,Taunt|||M|||50|,,,,,Steel]Chi-Yu||ChoiceScarf|BeadsofRuin|HeatWave,DarkPulse,Snarl,Ruination||||||50|,,,,,Ghost\n|\n|t:|1745988245\n|start\n|switch|p1a: Tony|Incineroar, L50, M|100/100\n|switch|p1b: Bang|Tornadus, L50, M, shiny|100/100\n|switch|p2a: Zamazenta|Zamazenta-Crowned, L50, shiny|100/100\n|switch|p2b: Chi-Yu|Chi-Yu, L50|100/100\n|-ability|p2b: Chi-Yu|Beads of Ruin\n|-ability|p2a: Zamazenta|Dauntless Shield|boost\n|-boost|p2a: Zamazenta|def|1\n|-ability|p1a: Tony|Intimidate|boost\n|-unboost|p2a: Zamazenta|atk|1\n|-unboost|p2b: Chi-Yu|atk|1\n|turn|1\n|\n|t:|1745988265\n|-terastallize|p1a: Tony|Bug\n|move|p1b: Bang|Rain Dance|p1b: Bang\n|-weather|RainDance\n|move|p2b: Chi-Yu|Ruination|p1a: Tony\n|-damage|p1a: Tony|50/100\n|move|p2a: Zamazenta|Iron Defense|p2a: Zamazenta\n|-boost|p2a: Zamazenta|def|2\n|move|p1a: Tony|Will-O-Wisp|p2a: Zamazenta\n|-status|p2a: Zamazenta|brn\n|\n|-weather|RainDance|[upkeep]\n|-damage|p2a: Zamazenta|94/100 brn|[from] brn\n|upkeep\n|turn|2\n|\n|t:|1745988314\n|move|p1b: Bang|Taunt|p2a: Zamazenta\n|-start|p2a: Zamazenta|move: Taunt\n|move|p2b: Chi-Yu|Ruination|p1a: Tony\n|-damage|p1a: Tony|26/100\n|move|p2a: Zamazenta|Body Press|p1a: Tony\n|-resisted|p1a: Tony\n|-damage|p1a: Tony|7/100\n|-damage|p2a: Zamazenta|78/100 brn|[from] item: Rocky Helmet|[of] p1a: Tony\n|move|p1a: Tony|Parting Shot|p2b: Chi-Yu\n|-unboost|p2b: Chi-Yu|atk|1\n|-unboost|p2b: Chi-Yu|spa|1\n|\n|t:|1745988332\n|switch|p1a: Willy|Kyogre, L50|100/100|[from] Parting Shot\n|\n|-weather|RainDance|[upkeep]\n|-damage|p2a: Zamazenta|71/100 brn|[from] brn\n|upkeep\n|turn|3\n|\n|t:|1745988340\n|switch|p2b: Sinistcha|Sinistcha, L50|100/100\n|-heal|p2a: Zamazenta|96/100 brn|[from] ability: Hospitality|[of] p2b: Sinistcha\n|-terastallize|p2a: Zamazenta|Grass\n|move|p1a: Willy|Water Spout|p2a: Zamazenta|[spread] p2a,p2b\n|-resisted|p2a: Zamazenta\n|-resisted|p2b: Sinistcha\n|-damage|p2a: Zamazenta|64/100 brn\n|-damage|p2b: Sinistcha|48/100\n|move|p2a: Zamazenta|Body Press|p1a: Willy\n|-damage|p1a: Willy|48/100\n|move|p1b: Bang|Bleakwind Storm|p2b: Sinistcha|[spread] p2a,p2b\n|-supereffective|p2a: Zamazenta\n|-supereffective|p2b: Sinistcha\n|-damage|p2a: Zamazenta|14/100 brn\n|-damage|p2b: Sinistcha|0 fnt\n|faint|p2b: Sinistcha\n|\n|-weather|RainDance|[upkeep]\n|-damage|p2a: Zamazenta|8/100 brn|[from] brn\n|upkeep\n|\n|t:|1745988358\n|switch|p2b: Kyogre|Kyogre, L50, shiny|100/100\n|turn|4\n|\n|t:|1745988380\n|switch|p1a: Tony|Incineroar, L50, M, tera:Bug|7/100\n|-ability|p1a: Tony|Intimidate|boost\n|-unboost|p2a: Zamazenta|atk|1\n|-unboost|p2b: Kyogre|atk|1\n|move|p2a: Zamazenta|Body Press|p1b: Bang\n|-resisted|p1b: Bang\n|-damage|p1b: Bang|58/100\n|move|p1b: Bang|Bleakwind Storm|p2a: Zamazenta|[spread] p2a,p2b\n|-supereffective|p2a: Zamazenta\n|-damage|p2a: Zamazenta|0 fnt\n|-damage|p2b: Kyogre|73/100\n|-unboost|p2b: Kyogre|spe|1\n|faint|p2a: Zamazenta\n|move|p2b: Kyogre|Water Spout|p1b: Bang|[spread] p1a,p1b\n|-damage|p1a: Tony|0 fnt\n|-damage|p1b: Bang|0 fnt\n|faint|p1a: Tony\n|faint|p1b: Bang\n|-damage|p2b: Kyogre|64/100|[from] item: Life Orb\n|\n|-weather|RainDance|[upkeep]\n|upkeep\n|\n|t:|1745988402\n|switch|p2a: Chi-Yu|Chi-Yu, L50|100/100\n|switch|p1b: Blue|Zacian-Crowned, L50, shiny|100/100\n|switch|p1a: Willy|Kyogre, L50|48/100\n|-ability|p2a: Chi-Yu|Beads of Ruin\n|-ability|p1b: Blue|Intrepid Sword|boost\n|-boost|p1b: Blue|atk|1\n|turn|5\n|\n|t:|1745988422\n|move|p2a: Chi-Yu|Dark Pulse|p1a: Willy\n|-damage|p1a: Willy|5/100\n|move|p1a: Willy|Thunder|p2b: Kyogre\n|-supereffective|p2b: Kyogre\n|-damage|p2b: Kyogre|0 fnt\n|faint|p2b: Kyogre\n|move|p1b: Blue|Sacred Sword|p2a: Chi-Yu\n|-supereffective|p2a: Chi-Yu\n|-damage|p2a: Chi-Yu|0 fnt\n|faint|p2a: Chi-Yu\n|\n|win|Samm3\n||CityPopThatThang is ready for game 3.\n|inactive|Samm3 has 30 seconds to confirm battle start!\n||Samm3 is ready for game 3.\n|uhtml|next|Next: <a href=\"/battle-gen9vgc2025regibo3-2353720297\"><strong>Game 3 of 3</strong></a>\n|l|\u2606Samm3\n|player|p1|\n|l|\u2606CityPopThatThang\n|player|p2|\n", "uploadtime": 1745988673, "views": 12, "formatid": "gen9vgc2025regibo3", "rating": null, "private": 0, "password": null}