{"id": "gen9vgc2025regibo3-2355007404", "format": "[Gen 9] VGC 2025 Reg I (Bo3)", "players": ["sinistesting", "pantsuit"], "log": "|j|\u2606sinistesting\n|j|\u2606pantsuit\n|html|<table width=\"100%\"><tr><td align=\"left\">sinistesting</td><td align=\"right\">pantsuit</tr><tr><td align=\"left\"><i class=\"fa fa-circle-o\"></i> <i class=\"fa fa-circle-o\"></i> </td><td align=\"right\"><i class=\"fa fa-circle-o\"></i> <i class=\"fa fa-circle-o\"></i> </tr></table>\n|uhtml|bestof|<h2><strong>Game 1</strong> of <a href=\"/game-bestof3-gen9vgc2025regibo3-2355007403\">a best-of-3</a></h2>\n|t:|1746141352\n|gametype|doubles\n|player|p1|sinistesting|caitlin|1465\n|player|p2|pantsuit|102|1445\n|teamsize|p1|6\n|teamsize|p2|6\n|gen|9\n|tier|[Gen 9] VGC 2025 Reg I (Bo3)\n|rated|\n|rule|Species Clause: Limit one of each Pok\u00e9mon\n|rule|Item Clause: Limit 1 of each item\n|clearpoke\n|poke|p1|Miraidon, L50|\n|poke|p1|Lunala, L50|\n|poke|p1|Incineroar, L50, M|\n|poke|p1|Ursaluna, L50, F|\n|poke|p1|Annihilape, L50, M|\n|poke|p1|Ogerpon-Cornerstone, L50, F|\n|poke|p2|Koraidon, L50|\n|poke|p2|Lunala, L50|\n|poke|p2|Chi-Yu, L50|\n|poke|p2|Indeedee-F, L50, F|\n|poke|p2|Brute Bonnet, L50|\n|poke|p2|Flutter Mane, L50|\n|teampreview|4\n|showteam|p1|Miraidon||ChoiceSpecs|HadronEngine|ElectroDrift,VoltSwitch,DracoMeteor,DazzlingGleam||||||50|,,,,,Fairy]Lunala||ElectricSeed|ShadowShield|MoongeistBeam,Moonblast,TrickRoom,WideGuard||||||50|,,,,,Fairy]Incineroar||RockyHelmet|Intimidate|FakeOut,FlareBlitz,KnockOff,Uturn|||M|||50|,,,,,Ghost]Ursaluna||FlameOrb|Guts|Facade,HeadlongRush,Earthquake,Protect|||F|||50|,,,,,Ghost]Annihilape||Leftovers|Defiant|RageFist,DrainPunch,BulkUp,Protect|||M|||50|,,,,,Ghost]Ogerpon-Cornerstone||CornerstoneMask|Sturdy|IvyCudgel,PowerWhip,FollowMe,SpikyShield|||F|||50|,,,,,Rock\n|showteam|p2|Koraidon||LifeOrb|OrichalcumPulse|FlareBlitz,FlameCharge,CloseCombat,Protect||||||50|,,,,,Fire]Lunala||PowerHerb|ShadowShield|MoongeistBeam,MeteorBeam,WideGuard,ExpandingForce||||||50|,,,,,Water]Chi-Yu||ChoiceScarf|BeadsofRuin|Overheat,HeatWave,DarkPulse,Snarl||||||50|,,,,,Ghost]Indeedee-F||PsychicSeed|PsychicSurge|HelpingHand,FollowMe,Psychic,TrickRoom|||F|||50|,,,,,Fairy]Brute Bonnet||CovertCloak|Protosynthesis|SeedBomb,SuckerPunch,Spore,RagePowder||||||50|,,,,,Water]Flutter Mane||FocusSash|Protosynthesis|Moonblast,IcyWind,ShadowBall,Protect||||||50|,,,,,Normal\n|inactive|Battle timer is ON: inactive players will automatically lose when time's up. (requested by sinistesting)\n|inactive|pantsuit has 60 seconds left.\n|\n|t:|1746141412\n|start\n|switch|p1a: Lunala|Lunala, L50|100/100\n|switch|p1b: Incineroar|Incineroar, L50, M|100/100\n|switch|p2a: Lunala|Lunala, L50|100/100\n|switch|p2b: Brute Bonnet|Brute Bonnet, L50|100/100\n|-ability|p1b: Incineroar|Intimidate|boost\n|-unboost|p2a: Lunala|atk|1\n|-unboost|p2b: Brute Bonnet|atk|1\n|turn|1\n|\n|t:|1746141431\n|switch|p1b: Ursaluna|Ursaluna, L50, F|100/100\n|-terastallize|p1a: Lunala|Fairy\n|move|p2a: Lunala|Meteor Beam||[still]\n|-prepare|p2a: Lunala|Meteor Beam\n|-boost|p2a: Lunala|spa|1\n|-enditem|p2a: Lunala|Power Herb\n|-anim|p2a: Lunala|Meteor Beam|p1b: Ursaluna\n|-resisted|p1b: Ursaluna\n|-damage|p1b: Ursaluna|71/100\n|move|p1a: Lunala|Moonblast|p2b: Brute Bonnet\n|-supereffective|p2b: Brute Bonnet\n|-damage|p2b: Brute Bonnet|21/100\n|move|p2b: Brute Bonnet|Spore|p1a: Lunala\n|-status|p1a: Lunala|slp|[from] move: Spore\n|\n|-status|p1b: Ursaluna|brn|[from] item: Flame Orb\n|upkeep\n|turn|2\n|\n|t:|1746141452\n|move|p2a: Lunala|Moongeist Beam|p1a: Lunala\n|-damage|p1a: Lunala|76/100 slp\n|cant|p1a: Lunala|slp\n|move|p2b: Brute Bonnet|Seed Bomb|p1b: Ursaluna\n|-supereffective|p1b: Ursaluna\n|-damage|p1b: Ursaluna|36/100 brn\n|move|p1b: Ursaluna|Facade|p2b: Brute Bonnet\n|-damage|p2b: Brute Bonnet|0 fnt\n|faint|p2b: Brute Bonnet\n|-end|p2b: Brute Bonnet|Protosynthesis|[silent]\n|\n|-damage|p1b: Ursaluna|30/100 brn|[from] brn\n|upkeep\n|inactive|pantsuit has 30 seconds left.\n|\n|t:|1746141479\n|switch|p2b: Indeedee|Indeedee-F, L50, F|100/100\n|-fieldstart|move: Psychic Terrain|[from] ability: Psychic Surge|[of] p2b: Indeedee\n|-enditem|p2b: Indeedee|Psychic Seed\n|-boost|p2b: Indeedee|spd|1|[from] item: Psychic Seed\n|turn|3\n|\n|t:|1746141496\n|move|p1b: Ursaluna|Protect|p1b: Ursaluna\n|-singleturn|p1b: Ursaluna|Protect\n|cant|p1a: Lunala|slp\n|move|p2a: Lunala|Expanding Force|p1a: Lunala|[spread] p1a\n|-activate|p1b: Ursaluna|move: Protect\n|-damage|p1a: Lunala|15/100 slp\n|move|p2b: Indeedee|Psychic|p1a: Lunala\n|-damage|p1a: Lunala|0 fnt\n|faint|p1a: Lunala\n|\n|-damage|p1b: Ursaluna|24/100 brn|[from] brn\n|upkeep\n|\n|t:|1746141504\n|switch|p1a: Miraidon|Miraidon, L50|100/100\n|-fieldstart|move: Electric Terrain|[from] ability: Hadron Engine|[of] p1a: Miraidon\n|turn|4\n|inactive|pantsuit has 30 seconds left.\n|\n|t:|1746141534\n|switch|p1b: Incineroar|Incineroar, L50, M|100/100\n|-ability|p1b: Incineroar|Intimidate|boost\n|-unboost|p2a: Lunala|atk|1\n|-unboost|p2b: Indeedee|atk|1\n|move|p1a: Miraidon|Dazzling Gleam|p2a: Lunala|[spread] p2a,p2b\n|-damage|p2a: Lunala|84/100\n|-damage|p2b: Indeedee|74/100\n|move|p2a: Lunala|Meteor Beam||[still]\n|-prepare|p2a: Lunala|Meteor Beam\n|-boost|p2a: Lunala|spa|1\n|move|p2b: Indeedee|Psychic|p1b: Incineroar\n|-immune|p1b: Incineroar\n|\n|upkeep\n|turn|5\n|\n|t:|1746141554\n|switch|p1b: Ursaluna|Ursaluna, L50, F|24/100 brn\n|move|p2b: Indeedee|Follow Me|p2b: Indeedee\n|-singleturn|p2b: Indeedee|move: Follow Me\n|move|p1a: Miraidon|Dazzling Gleam|p2b: Indeedee|[spread] p2a,p2b\n|-damage|p2a: Lunala|51/100\n|-damage|p2b: Indeedee|47/100\n|move|p2a: Lunala|Meteor Beam|p1a: Miraidon|[from] lockedmove\n|-damage|p1a: Miraidon|24/100\n|\n|-damage|p1b: Ursaluna|18/100 brn|[from] brn\n|upkeep\n|turn|6\n|\n|t:|1746141574\n|move|p1a: Miraidon|Dazzling Gleam|p2a: Lunala|[spread] p2a,p2b\n|-damage|p2a: Lunala|20/100\n|-damage|p2b: Indeedee|19/100\n|move|p2a: Lunala|Expanding Force|p1a: Miraidon\n|-damage|p1a: Miraidon|0 fnt\n|faint|p1a: Miraidon\n|move|p2b: Indeedee|Psychic|p1b: Ursaluna\n|-damage|p1b: Ursaluna|0 fnt\n|faint|p1b: Ursaluna\n|\n|upkeep\n|\n|t:|1746141582\n|switch|p1b: Incineroar|Incineroar, L50, M|100/100\n|-ability|p1b: Incineroar|Intimidate|boost\n|-unboost|p2a: Lunala|atk|1\n|-unboost|p2b: Indeedee|atk|1\n|turn|7\n|-message|sinistesting forfeited.\n|\n|win|pantsuit\n||pantsuit is ready for game 2.\n||sinistesting is ready for game 2.\n|uhtml|next|Next: <a href=\"/battle-gen9vgc2025regibo3-2355009411\"><strong>Game 2 of 3</strong></a>\n", "uploadtime": 1746141872, "views": 3, "formatid": "gen9vgc2025regibo3", "rating": null, "private": 0, "password": null}