{"id": "gen9vgc2025regibo3-2353755433", "format": "[Gen 9] VGC 2025 Reg I (Bo3)", "players": ["amurali", "nibblesjibbles"], "log": "|j|\u2606amurali\n|j|\u2606nibblesjibbles\n|html|<table width=\"100%\"><tr><td align=\"left\">amurali</td><td align=\"right\">nibblesjibbles</tr><tr><td align=\"left\"><i class=\"fa fa-circle\"></i> <i class=\"fa fa-circle-o\"></i> </td><td align=\"right\"><i class=\"fa fa-circle-o\"></i> <i class=\"fa fa-circle-o\"></i> </tr></table>\n|uhtml|bestof|<h2><strong>Game 2</strong> of <a href=\"/game-bestof3-gen9vgc2025regibo3-2353752880\">a best-of-3</a></h2>\n|t:|1745994517\n|gametype|doubles\n|player|p1|amurali|1|1351\n|player|p2|nibblesjibbles|scientist-gen4|1313\n|teamsize|p1|6\n|teamsize|p2|6\n|gen|9\n|tier|[Gen 9] VGC 2025 Reg I (Bo3)\n|rated|\n|rule|Species Clause: Limit one of each Pok\u00e9mon\n|rule|Item Clause: Limit 1 of each item\n|clearpoke\n|poke|p1|Miraidon, L50|\n|poke|p1|Calyrex-Ice, L50|\n|poke|p1|Ogerpon-Hearthflame, L50, F|\n|poke|p1|Urshifu-*, L50, M|\n|poke|p1|Farigiraf, L50, F|\n|poke|p1|Iron Hands, L50|\n|poke|p2|Terapagos, L50, M|\n|poke|p2|Incineroar, L50, F|\n|poke|p2|Rillaboom, L50, F|\n|poke|p2|Flutter Mane, L50|\n|poke|p2|Koraidon, L50|\n|poke|p2|Amoonguss, L50, F|\n|teampreview|4\n|showteam|p1|Miraidon||ChoiceSpecs|HadronEngine|ElectroDrift,DazzlingGleam,VoltSwitch,DracoMeteor||||||50|,,,,,Fairy]Calyrex-Ice||ClearAmulet|AsOneGlastrier|GlacialLance,HighHorsepower,TrickRoom,Protect||||||50|,,,,,Water]Ogerpon-Hearthflame||HearthflameMask|MoldBreaker|FollowMe,IvyCudgel,WoodHammer,SpikyShield|||F|||50|,,,,,Fire]Urshifu||FocusSash|UnseenFist|WickedBlow,CloseCombat,SuckerPunch,Detect|||M|||50|,,,,,Stellar]Farigiraf||ElectricSeed|ArmorTail|FoulPlay,Psychic,TrickRoom,HelpingHand|||F|||50|,,,,,Water]Iron Hands||AssaultVest|QuarkDrive|FakeOut,LowKick,DrainPunch,WildCharge||||||50|,,,,,Water\n|showteam|p2|Terapagos||Leftovers|TeraShift|TeraStarstorm,EarthPower,CalmMind,Protect|||M|||50|,,,,,Stellar]Incineroar||RockyHelmet|Intimidate|KnockOff,PartingShot,FlareBlitz,FakeOut|||F|||50|,,,,,Water]Rillaboom||AssaultVest|GrassySurge|WoodHammer,GrassyGlide,Uturn,FakeOut|||F|||50|,,,,,Stellar]Flutter Mane||FocusSash|Protosynthesis|Moonblast,ThunderWave,ShadowBall,IcyWind||||||50|,,,,,Fairy]Koraidon||LifeOrb|OrichalcumPulse|CloseCombat,FlareBlitz,FlameCharge,Protect||||||50|,,,,,Fire]Amoonguss||CovertCloak|Regenerator|Spore,PollenPuff,RagePowder,Protect|||F|||50|,,,,,Fairy\n|inactive|Battle timer is ON: inactive players will automatically lose when time's up. (requested by nibblesjibbles)\n|inactive|amurali has 60 seconds left.\n|\n|t:|1745994561\n|start\n|switch|p1a: Miraidon|Miraidon, L50|100/100\n|switch|p1b: Farigiraf|Farigiraf, L50, F|100/100\n|switch|p2a: Terapagos|Terapagos, L50, M|100/100\n|switch|p2b: Incineroar|Incineroar, L50, F|100/100\n|-activate|p2a: Terapagos|ability: Tera Shift\n|detailschange|p2a: Terapagos|Terapagos-Terastal, L50, M\n|-heal|p2a: Terapagos|100/100|[silent]\n|-fieldstart|move: Electric Terrain|[from] ability: Hadron Engine|[of] p1a: Miraidon\n|-enditem|p1b: Farigiraf|Electric Seed\n|-boost|p1b: Farigiraf|def|1|[from] item: Electric Seed\n|-ability|p2b: Incineroar|Intimidate|boost\n|-unboost|p1a: Miraidon|atk|1\n|-unboost|p1b: Farigiraf|atk|1\n|turn|1\n|inactive|nibblesjibbles has 30 seconds left.\n|inactive|nibblesjibbles has 20 seconds left.\n|\n|t:|1745994598\n|switch|p2b: Rillaboom|Rillaboom, L50, F|100/100\n|-fieldstart|move: Grassy Terrain|[from] ability: Grassy Surge|[of] p2b: Rillaboom\n|move|p1a: Miraidon|Electro Drift|p2b: Rillaboom\n|-resisted|p2b: Rillaboom\n|-damage|p2b: Rillaboom|74/100\n|move|p2a: Terapagos|Calm Mind|p2a: Terapagos\n|-boost|p2a: Terapagos|spa|1\n|-boost|p2a: Terapagos|spd|1\n|move|p1b: Farigiraf|Trick Room|p1b: Farigiraf\n|-fieldstart|move: Trick Room|[of] p1b: Farigiraf\n|\n|-heal|p2b: Rillaboom|80/100|[from] Grassy Terrain\n|upkeep\n|turn|2\n|inactive|amurali has 30 seconds left.\n|\n|t:|1745994631\n|move|p1b: Farigiraf|Psychic|p2a: Terapagos\n|-activate|p2a: Terapagos|ability: Tera Shell\n|-resisted|p2a: Terapagos\n|-damage|p2a: Terapagos|90/100\n|move|p2a: Terapagos|Tera Starstorm|p1a: Miraidon\n|-damage|p1a: Miraidon|50/100\n|move|p2b: Rillaboom|U-turn|p1a: Miraidon\n|-damage|p1a: Miraidon|30/100\n|\n|t:|1745994641\n|switch|p2b: Incineroar|Incineroar, L50, F|100/100|[from] U-turn\n|-ability|p2b: Incineroar|Intimidate|boost\n|-unboost|p1a: Miraidon|atk|1\n|-unboost|p1b: Farigiraf|atk|1\n|move|p1a: Miraidon|Electro Drift|p2b: Incineroar\n|-damage|p2b: Incineroar|26/100\n|-damage|p1a: Miraidon|14/100|[from] item: Rocky Helmet|[of] p2b: Incineroar\n|\n|-heal|p2b: Incineroar|32/100|[from] Grassy Terrain\n|-heal|p2a: Terapagos|96/100|[from] Grassy Terrain\n|-heal|p2a: Terapagos|100/100|[from] item: Leftovers\n|-heal|p1a: Miraidon|19/100|[from] Grassy Terrain\n|upkeep\n|turn|3\n|inactive|amurali has 30 seconds left.\n|\n|t:|1745994671\n|move|p2b: Incineroar|Knock Off|p1a: Miraidon\n|-damage|p1a: Miraidon|0 fnt\n|-enditem|p1a: Miraidon|Choice Specs|[from] move: Knock Off|[of] p2b: Incineroar\n|faint|p1a: Miraidon\n|move|p1b: Farigiraf|Psychic|p2a: Terapagos\n|-activate|p2a: Terapagos|ability: Tera Shell\n|-resisted|p2a: Terapagos\n|-damage|p2a: Terapagos|91/100\n|move|p2a: Terapagos|Calm Mind|p2a: Terapagos\n|-boost|p2a: Terapagos|spa|1\n|-boost|p2a: Terapagos|spd|1\n|\n|-heal|p2b: Incineroar|38/100|[from] Grassy Terrain\n|-heal|p2a: Terapagos|97/100|[from] Grassy Terrain\n|-heal|p2a: Terapagos|100/100|[from] item: Leftovers\n|upkeep\n|\n|t:|1745994686\n|switch|p1a: Calyrex|Calyrex-Ice, L50|100/100\n|-ability|p1a: Calyrex|As One\n|-ability|p1a: Calyrex|Unnerve\n|turn|4\n|inactive|amurali has 30 seconds left.\n|\n|t:|1745994715\n|switch|p1b: Iron Hands|Iron Hands, L50|100/100\n|move|p2a: Terapagos|Protect|p2a: Terapagos\n|-singleturn|p2a: Terapagos|Protect\n|move|p1a: Calyrex|High Horsepower|p2b: Incineroar\n|-supereffective|p2b: Incineroar\n|-damage|p2b: Incineroar|0 fnt\n|-damage|p1a: Calyrex|84/100|[from] item: Rocky Helmet|[of] p2b: Incineroar\n|faint|p2b: Incineroar\n|-ability|p1a: Calyrex|Chilling Neigh|boost\n|-boost|p1a: Calyrex|atk|1\n|\n|-heal|p1a: Calyrex|90/100|[from] Grassy Terrain\n|upkeep\n|\n|t:|1745994730\n|switch|p2b: Koraidon|Koraidon, L50|100/100\n|-weather|SunnyDay|[from] ability: Orichalcum Pulse|[of] p2b: Koraidon\n|-activate|p2b: Koraidon|Orichalcum Pulse|[source]\n|turn|5\n|inactive|amurali has 30 seconds left.\n|inactive|amurali has 20 seconds left.\n|inactive|amurali has 15 seconds left.\n|\n|t:|1745994771\n|-end|p1b: Iron Hands|Quark Drive|[silent]\n|switch|p1b: Farigiraf|Farigiraf, L50, F|100/100\n|move|p1a: Calyrex|Protect|p1a: Calyrex\n|-singleturn|p1a: Calyrex|Protect\n|move|p2b: Koraidon|Protect|p2b: Koraidon\n|-singleturn|p2b: Koraidon|Protect\n|move|p2a: Terapagos|Tera Starstorm|p1a: Calyrex\n|-activate|p1a: Calyrex|move: Protect\n|\n|-weather|SunnyDay|[upkeep]\n|-heal|p1a: Calyrex|96/100|[from] Grassy Terrain\n|-fieldend|move: Trick Room\n|-fieldend|move: Grassy Terrain\n|upkeep\n|turn|6\n|\n|t:|1745994793\n|switch|p1a: Iron Hands|Iron Hands, L50|100/100\n|-terastallize|p2a: Terapagos|Stellar\n|detailschange|p2a: Terapagos|Terapagos-Stellar, L50, M, tera:Stellar\n|-heal|p2a: Terapagos|100/100|[silent]\n|-ability|p2a: Terapagos|Teraform Zero\n|-weather|none\n|move|p2b: Koraidon|Flare Blitz|p1b: Farigiraf\n|-damage|p1b: Farigiraf|56/100\n|-damage|p2b: Koraidon|82/100|[from] Recoil\n|-damage|p2b: Koraidon|72/100|[from] item: Life Orb\n|move|p2a: Terapagos|Tera Starstorm|p1a: Iron Hands|[spread] p1a,p1b\n|-damage|p1a: Iron Hands|67/100\n|-damage|p1b: Farigiraf|0 fnt\n|faint|p1b: Farigiraf\n|\n|upkeep\n|\n|t:|1745994809\n|switch|p1b: Calyrex|Calyrex-Ice, L50|96/100\n|-ability|p1b: Calyrex|As One\n|-ability|p1b: Calyrex|Unnerve\n|turn|7\n|\n|t:|1745994820\n|switch|p2b: Rillaboom|Rillaboom, L50, F|80/100\n|-fieldstart|move: Grassy Terrain|[from] ability: Grassy Surge|[of] p2b: Rillaboom\n|-terastallize|p1b: Calyrex|Water\n|move|p1a: Iron Hands|Fake Out|p2a: Terapagos\n|-damage|p2a: Terapagos|94/100\n|cant|p2a: Terapagos|flinch\n|move|p1b: Calyrex|Trick Room|p1b: Calyrex\n|-fieldstart|move: Trick Room|[of] p1b: Calyrex\n|\n|-heal|p1a: Iron Hands|73/100|[from] Grassy Terrain\n|-heal|p1b: Calyrex|100/100|[from] Grassy Terrain\n|-heal|p2a: Terapagos|99/100|[from] Grassy Terrain\n|-heal|p2a: Terapagos|100/100|[from] item: Leftovers\n|-heal|p2b: Rillaboom|86/100|[from] Grassy Terrain\n|upkeep\n|turn|8\n|\n|t:|1745994840\n|move|p2b: Rillaboom|Fake Out|p1b: Calyrex\n|-damage|p1b: Calyrex|93/100\n|move|p1a: Iron Hands|Low Kick|p2a: Terapagos\n|-supereffective|p2a: Terapagos\n|-damage|p2a: Terapagos|58/100\n|cant|p1b: Calyrex|flinch\n|move|p2a: Terapagos|Tera Starstorm|p1b: Calyrex|[spread] p1a,p1b\n|-supereffective|p1b: Calyrex\n|-damage|p1a: Iron Hands|43/100\n|-damage|p1b: Calyrex|12/100\n|\n|-heal|p1a: Iron Hands|49/100|[from] Grassy Terrain\n|-heal|p1b: Calyrex|18/100|[from] Grassy Terrain\n|-heal|p2a: Terapagos|65/100|[from] Grassy Terrain\n|-heal|p2a: Terapagos|71/100|[from] item: Leftovers\n|-heal|p2b: Rillaboom|91/100|[from] Grassy Terrain\n|upkeep\n|turn|9\n|\n|t:|1745994860\n|move|p1b: Calyrex|Protect|p1b: Calyrex\n|-singleturn|p1b: Calyrex|Protect\n|move|p2b: Rillaboom|Grassy Glide|p1b: Calyrex\n|-activate|p1b: Calyrex|move: Protect\n|move|p1a: Iron Hands|Drain Punch|p2a: Terapagos\n|-supereffective|p2a: Terapagos\n|-damage|p2a: Terapagos|31/100\n|-heal|p1a: Iron Hands|69/100|[from] drain|[of] p2a: Terapagos\n|move|p2a: Terapagos|Earth Power|p1a: Iron Hands\n|-supereffective|p1a: Iron Hands\n|-damage|p1a: Iron Hands|5/100\n|\n|-heal|p1a: Iron Hands|11/100|[from] Grassy Terrain\n|-heal|p1b: Calyrex|24/100|[from] Grassy Terrain\n|-heal|p2a: Terapagos|37/100|[from] Grassy Terrain\n|-heal|p2a: Terapagos|44/100|[from] item: Leftovers\n|-heal|p2b: Rillaboom|97/100|[from] Grassy Terrain\n|upkeep\n|turn|10\n|\n|t:|1745994884\n|move|p2b: Rillaboom|Grassy Glide|p1a: Iron Hands\n|-damage|p1a: Iron Hands|0 fnt\n|faint|p1a: Iron Hands\n|-end|p1a: Iron Hands|Quark Drive|[silent]\n|move|p1b: Calyrex|Glacial Lance|p2b: Rillaboom|[spread] p2a,p2b\n|-supereffective|p2b: Rillaboom\n|-damage|p2a: Terapagos|14/100\n|-damage|p2b: Rillaboom|0 fnt\n|faint|p2b: Rillaboom\n|-ability|p1b: Calyrex|Chilling Neigh|boost\n|-boost|p1b: Calyrex|atk|1\n|move|p2a: Terapagos|Tera Starstorm|p1b: Calyrex\n|-supereffective|p1b: Calyrex\n|-damage|p1b: Calyrex|0 fnt\n|faint|p1b: Calyrex\n|\n|win|nibblesjibbles\n||nibblesjibbles is ready for game 3.\n|inactive|amurali has 30 seconds to confirm battle start!\n", "uploadtime": 1745994897, "views": 90, "formatid": "gen9vgc2025regibo3", "rating": null, "private": 0, "password": null}