{"id": "gen9vgc2025regibo3-2355031692", "format": "[Gen 9] VGC 2025 Reg I (Bo3)", "players": ["zamazentamygoat", "SheSewOnMyWaddle"], "log": "|j|\u2606zamazentamygoat\n|j|\u2606SheSewOnMyWaddle\n|html|<table width=\"100%\"><tr><td align=\"left\">zamazentamygoat</td><td align=\"right\">SheSewOnMyWaddle</tr><tr><td align=\"left\"><i class=\"fa fa-circle-o\"></i> <i class=\"fa fa-circle-o\"></i> </td><td align=\"right\"><i class=\"fa fa-circle-o\"></i> <i class=\"fa fa-circle\"></i> </tr></table>\n|uhtml|bestof|<h2><strong>Game 2</strong> of <a href=\"/game-bestof3-gen9vgc2025regibo3-2355028887\">a best-of-3</a></h2>\n|t:|1746144177\n|gametype|doubles\n|player|p1|zamazentamygoat|scientist-gen4|1336\n|player|p2|SheSewOnMyWaddle|pokefanf|1376\n|teamsize|p1|6\n|teamsize|p2|6\n|gen|9\n|tier|[Gen 9] VGC 2025 Reg I (Bo3)\n|rated|\n|rule|Species Clause: Limit one of each Pok\u00e9mon\n|rule|Item Clause: Limit 1 of each item\n|clearpoke\n|poke|p1|Zamazenta-*, L50|\n|poke|p1|Volcarona, L50, M|\n|poke|p1|Comfey, L50, M|\n|poke|p1|Rillaboom, L50, F|\n|poke|p1|Incineroar, L50, F|\n|poke|p1|Calyrex-Shadow, L50|\n|poke|p2|Calyrex-Shadow, L50|\n|poke|p2|Terapagos, L50, M|\n|poke|p2|Urshifu-*, L50, M|\n|poke|p2|Chien-Pao, L50|\n|poke|p2|Incineroar, L50, M|\n|poke|p2|Raging Bolt, L50|\n|teampreview|4\n|showteam|p1|Zamazenta-Crowned||RustedShield|DauntlessShield|WideGuard,IronDefense,BodyPress,Snarl||||||50|,,,,,Dragon]Volcarona||Leftovers|FlameBody|QuiverDance,FieryDance,GigaDrain,Protect|||M|||50|,,,,,Grass]Comfey||MentalHerb|Triage|Taunt,FloralHealing,DrainingKiss,Protect|||M|||50|,,,,,Steel]Rillaboom||AssaultVest|GrassySurge|WoodHammer,FakeOut,Uturn,GrassyGlide|||F|||50|,,,,,Grass]Incineroar||SitrusBerry|Intimidate|KnockOff,FlareBlitz,FakeOut,PartingShot|||F|||50|,,,,,Ghost]Calyrex-Shadow||FocusSash|AsOneSpectrier|AstralBarrage,Psyshock,Encore,Protect||||||50|,,,,,Ghost\n|showteam|p2|Calyrex-Shadow||FocusSash|AsOneSpectrier|Psychic,AstralBarrage,Protect,WillOWisp||||||50|,,,,,Ghost]Terapagos||Leftovers|TeraShift|EarthPower,TeraStarstorm,Protect,CalmMind|||M|||50|,,,,,Stellar]Urshifu-Rapid-Strike||ChoiceScarf|UnseenFist|CloseCombat,SurgingStrikes,Uturn,AquaJet|||M|||50|,,,,,Water]Chien-Pao||LifeOrb|SwordofRuin|IceSpinner,SuckerPunch,Protect,ThroatChop||||||50|,,,,,Ghost]Incineroar||RockyHelmet|Intimidate|KnockOff,FakeOut,Taunt,PartingShot|||M|||50|,,,,,Fairy]Raging Bolt||AssaultVest|Protosynthesis|Thunderbolt,DracoMeteor,Electroweb,Thunderclap||||||50|,,,,,Electric\n|inactive|Battle timer is ON: inactive players will automatically lose when time's up. (requested by zamazentamygoat)\n|j| HDX4\n|inactive|SheSewOnMyWaddle has 60 seconds left.\n|\n|t:|1746144237\n|start\n|switch|p1a: Volcarona|Volcarona, L50, M|100/100\n|switch|p1b: Incineroar|Incineroar, L50, F|100/100\n|switch|p2a: Terapagos|Terapagos, L50, M|100/100\n|switch|p2b: Incineroar|Incineroar, L50, M|100/100\n|-activate|p2a: Terapagos|ability: Tera Shift\n|detailschange|p2a: Terapagos|Terapagos-Terastal, L50, M\n|-heal|p2a: Terapagos|100/100|[silent]\n|-ability|p2b: Incineroar|Intimidate|boost\n|-unboost|p1a: Volcarona|atk|1\n|-unboost|p1b: Incineroar|atk|1\n|-ability|p1b: Incineroar|Intimidate|boost\n|-unboost|p2a: Terapagos|atk|1\n|-unboost|p2b: Incineroar|atk|1\n|turn|1\n|\n|t:|1746144252\n|move|p2b: Incineroar|Fake Out|p1a: Volcarona\n|-damage|p1a: Volcarona|92/100\n|move|p1b: Incineroar|Fake Out|p2a: Terapagos\n|-activate|p2a: Terapagos|ability: Tera Shell\n|-resisted|p2a: Terapagos\n|-damage|p2a: Terapagos|98/100\n|cant|p1a: Volcarona|flinch\n|cant|p2a: Terapagos|flinch\n|\n|-heal|p1a: Volcarona|98/100|[from] item: Leftovers\n|-heal|p2a: Terapagos|100/100|[from] item: Leftovers\n|upkeep\n|turn|2\n|\n|t:|1746144266\n|move|p1a: Volcarona|Quiver Dance|p1a: Volcarona\n|-boost|p1a: Volcarona|spa|1\n|-boost|p1a: Volcarona|spd|1\n|-boost|p1a: Volcarona|spe|1\n|move|p2a: Terapagos|Calm Mind|p2a: Terapagos\n|-boost|p2a: Terapagos|spa|1\n|-boost|p2a: Terapagos|spd|1\n|move|p2b: Incineroar|Knock Off|p1a: Volcarona\n|-damage|p1a: Volcarona|70/100\n|-enditem|p1a: Volcarona|Leftovers|[from] move: Knock Off|[of] p2b: Incineroar\n|move|p1b: Incineroar|Parting Shot|p2a: Terapagos\n|-unboost|p2a: Terapagos|atk|1\n|-unboost|p2a: Terapagos|spa|1\n|\n|t:|1746144277\n|switch|p1b: Zamazenta|Zamazenta-Crowned, L50|100/100|[from] Parting Shot\n|-ability|p1b: Zamazenta|Dauntless Shield|boost\n|-boost|p1b: Zamazenta|def|1\n|\n|upkeep\n|turn|3\n|\n|t:|1746144295\n|-terastallize|p2b: Incineroar|Fairy\n|move|p1a: Volcarona|Quiver Dance|p1a: Volcarona\n|-boost|p1a: Volcarona|spa|1\n|-boost|p1a: Volcarona|spd|1\n|-boost|p1a: Volcarona|spe|1\n|move|p1b: Zamazenta|Body Press|p2b: Incineroar\n|-resisted|p2b: Incineroar\n|-damage|p2b: Incineroar|75/100\n|-damage|p1b: Zamazenta|84/100|[from] item: Rocky Helmet|[of] p2b: Incineroar\n|move|p2a: Terapagos|Calm Mind|p2a: Terapagos\n|-boost|p2a: Terapagos|spa|1\n|-boost|p2a: Terapagos|spd|1\n|move|p2b: Incineroar|Parting Shot|p1a: Volcarona\n|-unboost|p1a: Volcarona|atk|1\n|-unboost|p1a: Volcarona|spa|1\n|\n|t:|1746144301\n|switch|p2b: Chien-Pao|Chien-Pao, L50|100/100|[from] Parting Shot\n|-ability|p2b: Chien-Pao|Sword of Ruin\n|\n|upkeep\n|turn|4\n|\n|t:|1746144318\n|switch|p2b: Incineroar|Incineroar, L50, M, tera:Fairy|75/100\n|-ability|p2b: Incineroar|Intimidate|boost\n|-unboost|p1a: Volcarona|atk|1\n|-unboost|p1b: Zamazenta|atk|1\n|move|p1a: Volcarona|Fiery Dance|p2b: Incineroar\n|-damage|p2b: Incineroar|24/100\n|-boost|p1a: Volcarona|spa|1\n|move|p1b: Zamazenta|Snarl|p2a: Terapagos|[spread] p2b\n|-miss|p1b: Zamazenta|p2a: Terapagos\n|-resisted|p2b: Incineroar\n|-damage|p2b: Incineroar|20/100\n|-unboost|p2b: Incineroar|spa|1\n|move|p2a: Terapagos|Calm Mind|p2a: Terapagos\n|-boost|p2a: Terapagos|spa|1\n|-boost|p2a: Terapagos|spd|1\n|\n|upkeep\n|turn|5\n|\n|t:|1746144339\n|move|p2b: Incineroar|Fake Out|p1b: Zamazenta\n|-resisted|p1b: Zamazenta\n|-damage|p1b: Zamazenta|82/100\n|move|p1a: Volcarona|Giga Drain|p2b: Incineroar\n|-damage|p2b: Incineroar|0 fnt\n|-heal|p1a: Volcarona|81/100|[from] drain|[of] p2b: Incineroar\n|faint|p2b: Incineroar\n|cant|p1b: Zamazenta|flinch\n|move|p2a: Terapagos|Earth Power|p1b: Zamazenta\n|-supereffective|p1b: Zamazenta\n|-damage|p1b: Zamazenta|12/100\n|\n|upkeep\n|\n|t:|1746144345\n|switch|p2b: Chien-Pao|Chien-Pao, L50|100/100\n|-ability|p2b: Chien-Pao|Sword of Ruin\n|turn|6\n|\n|t:|1746144355\n|move|p2b: Chien-Pao|Sucker Punch|p1a: Volcarona\n|-damage|p1a: Volcarona|6/100\n|-damage|p2b: Chien-Pao|91/100|[from] item: Life Orb\n|move|p1a: Volcarona|Fiery Dance|p2a: Terapagos\n|-activate|p2a: Terapagos|ability: Tera Shell\n|-resisted|p2a: Terapagos\n|-damage|p2a: Terapagos|87/100\n|-boost|p1a: Volcarona|spa|1\n|move|p1b: Zamazenta|Body Press|p2a: Terapagos\n|-supereffective|p2a: Terapagos\n|-damage|p2a: Terapagos|0 fnt\n|faint|p2a: Terapagos\n|\n|upkeep\n|\n|t:|1746144360\n|switch|p2a: Calyrex|Calyrex-Shadow, L50|100/100\n|-ability|p2a: Calyrex|As One\n|-ability|p2a: Calyrex|Unnerve\n|turn|7\n|inactive|zamazentamygoat has 30 seconds left.\n|\n|t:|1746144389\n|move|p1a: Volcarona|Fiery Dance|p2b: Chien-Pao\n|-supereffective|p2b: Chien-Pao\n|-damage|p2b: Chien-Pao|0 fnt\n|-boost|p1a: Volcarona|spa|1\n|faint|p2b: Chien-Pao\n|move|p2a: Calyrex|Astral Barrage|p1a: Volcarona|[spread] p1a,p1b\n|-damage|p1a: Volcarona|0 fnt\n|-damage|p1b: Zamazenta|0 fnt\n|faint|p1a: Volcarona\n|faint|p1b: Zamazenta\n|-ability|p2a: Calyrex|Grim Neigh|boost\n|-boost|p2a: Calyrex|spa|2\n|\n|upkeep\n|-message|SheSewOnMyWaddle forfeited.\n|\n|win|zamazentamygoat\n|l|\u2606SheSewOnMyWaddle\n|player|p2|\n||SheSewOnMyWaddle is ready for game 3.\n||zamazentamygoat is ready for game 3.\n|uhtml|next|Next: <a href=\"/battle-gen9vgc2025regibo3-2355033568\"><strong>Game 3 of 3</strong></a>\n|l| HDX4\n|l|\u2606zamazentamygoat\n|player|p1|\n", "uploadtime": 1746144732, "views": 25, "formatid": "gen9vgc2025regibo3", "rating": null, "private": 0, "password": null}