{"id": "gen9vgc2025regibo3-2354762178", "format": "[Gen 9] VGC 2025 Reg I (Bo3)", "players": ["PEKORA999", "dondozo sucks"], "log": "|j|\u2606PEKORA999\n|j|\u2606dondozo sucks\n|html|<table width=\"100%\"><tr><td align=\"left\">PEKORA999</td><td align=\"right\">dondozo sucks</tr><tr><td align=\"left\"><i class=\"fa fa-circle\"></i> <i class=\"fa fa-circle-o\"></i> </td><td align=\"right\"><i class=\"fa fa-circle-o\"></i> <i class=\"fa fa-circle\"></i> </tr></table>\n|uhtml|bestof|<h2><strong>Game 3</strong> of <a href=\"/game-bestof3-gen9vgc2025regibo3-2354756443\">a best-of-3</a></h2>\n|t:|1746117540\n|gametype|doubles\n|player|p1|PEKORA999|265|1475\n|player|p2|dondozo sucks|dawn|1745\n|teamsize|p1|6\n|teamsize|p2|6\n|gen|9\n|tier|[Gen 9] VGC 2025 Reg I (Bo3)\n|rated|\n|rule|Species Clause: Limit one of each Pok\u00e9mon\n|rule|Item Clause: Limit 1 of each item\n|clearpoke\n|poke|p1|Zamazenta-*, L50|\n|poke|p1|Calyrex-Shadow, L50|\n|poke|p1|Chi-Yu, L50|\n|poke|p1|Raging Bolt, L50|\n|poke|p1|Amoonguss, L50, M|\n|poke|p1|Tornadus, L50, M|\n|poke|p2|Calyrex-Shadow, L50|\n|poke|p2|Incineroar, L50, M|\n|poke|p2|Rillaboom, L50, M|\n|poke|p2|Terapagos, L50, M|\n|poke|p2|Ogerpon-Cornerstone, L50, F|\n|poke|p2|Grimmsnarl, L50, M|\n|teampreview|4\n|showteam|p1|Zamazenta-Crowned||RustedShield|DauntlessShield|behemothbash,IronDefense,BodyPress,WideGuard||||||50|,,,,,Grass]Calyrex-Shadow||FocusSash|AsOneSpectrier|AstralBarrage,Psychic,Encore,Protect||||||50|,,,,,Ghost]Chi-Yu||ChoiceScarf|BeadsofRuin|Overheat,HeatWave,DarkPulse,Snarl||||||50|,,,,,Ghost]Raging Bolt||AssaultVest|Protosynthesis|Electroweb,VoltSwitch,DracoMeteor,Thunderclap||||||50|,,,,,Electric]Amoonguss||RockyHelmet|Regenerator|Spore,RagePowder,PollenPuff,Protect|||M|||50|,,,,,Water]Tornadus||CovertCloak|Prankster|BleakwindStorm,Tailwind,SunnyDay,RainDance|||M|||50|,,,,,Dark\n|showteam|p2|Calyrex-Shadow||FocusSash|AsOneSpectrier|WillOWisp,Psychic,Protect,AstralBarrage||||||50|,,,,,Ghost]Incineroar||SafetyGoggles|Intimidate|KnockOff,HelpingHand,FakeOut,PartingShot|||M|||50|,,,,,Ghost]Rillaboom||AssaultVest|GrassySurge|WoodHammer,Uturn,FakeOut,GrassyGlide|||M|||50|,,,,,Fire]Terapagos||Leftovers|TeraShift|TeraStarstorm,Flamethrower,CalmMind,Protect|||M|||50|,,,,,Stellar]Ogerpon-Cornerstone||CornerstoneMask|Sturdy|IvyCudgel,GrassyGlide,FollowMe,SpikyShield|||F|||50|,,,,,Rock]Grimmsnarl||LightClay|Prankster|Reflect,LightScreen,SpiritBreak,ThunderWave|||M|||50|,,,,,Ghost\n|\n|t:|1746117560\n|start\n|switch|p1a: Amoonguss|Amoonguss, L50, M|100/100\n|switch|p1b: Zamazenta|Zamazenta-Crowned, L50|100/100\n|switch|p2a: Ogerpon|Ogerpon-Cornerstone, L50, F|100/100\n|switch|p2b: Rillaboom|Rillaboom, L50, M|100/100\n|-ability|p1b: Zamazenta|Dauntless Shield|boost\n|-boost|p1b: Zamazenta|def|1\n|-fieldstart|move: Grassy Terrain|[from] ability: Grassy Surge|[of] p2b: Rillaboom\n|turn|1\n|\n|t:|1746117575\n|move|p2b: Rillaboom|Fake Out|p1b: Zamazenta\n|-resisted|p1b: Zamazenta\n|-damage|p1b: Zamazenta|98/100\n|move|p2a: Ogerpon|Ivy Cudgel|p1a: Amoonguss|[anim] Ivy Cudgel Rock\n|-damage|p1a: Amoonguss|46/100\n|cant|p1b: Zamazenta|flinch\n|move|p1a: Amoonguss|Pollen Puff|p2a: Ogerpon\n|-supereffective|p2a: Ogerpon\n|-damage|p2a: Ogerpon|57/100\n|\n|-heal|p2a: Ogerpon|63/100|[from] Grassy Terrain\n|-heal|p1b: Zamazenta|100/100|[from] Grassy Terrain\n|-heal|p1a: Amoonguss|52/100|[from] Grassy Terrain\n|upkeep\n|turn|2\n|\n|t:|1746117595\n|switch|p2a: Calyrex|Calyrex-Shadow, L50|100/100\n|-ability|p2a: Calyrex|As One\n|-ability|p2a: Calyrex|Unnerve\n|move|p1a: Amoonguss|Protect|p1a: Amoonguss\n|-singleturn|p1a: Amoonguss|Protect\n|move|p1b: Zamazenta|Body Press|p2b: Rillaboom\n|-damage|p2b: Rillaboom|42/100\n|move|p2b: Rillaboom|U-turn|p1a: Amoonguss\n|-activate|p1a: Amoonguss|move: Protect\n|\n|-heal|p2b: Rillaboom|48/100|[from] Grassy Terrain\n|-heal|p1a: Amoonguss|58/100|[from] Grassy Terrain\n|upkeep\n|turn|3\n|\n|t:|1746117638\n|switch|p2b: Terapagos|Terapagos, L50, M|100/100\n|-activate|p2b: Terapagos|ability: Tera Shift\n|detailschange|p2b: Terapagos|Terapagos-Terastal, L50, M\n|-heal|p2b: Terapagos|100/100|[silent]\n|switch|p1a: Chi-Yu|Chi-Yu, L50|100/100\n|-ability|p1a: Chi-Yu|Beads of Ruin\n|move|p2a: Calyrex|Psychic|p1a: Chi-Yu\n|-immune|p1a: Chi-Yu\n|move|p1b: Zamazenta|Body Press|p2b: Terapagos\n|-activate|p2b: Terapagos|ability: Tera Shell\n|-resisted|p2b: Terapagos\n|-crit|p2b: Terapagos\n|-damage|p2b: Terapagos|67/100\n|\n|-heal|p2b: Terapagos|73/100|[from] Grassy Terrain\n|-heal|p2b: Terapagos|79/100|[from] item: Leftovers\n|upkeep\n|turn|4\n|\n|t:|1746117672\n|-terastallize|p2b: Terapagos|Stellar\n|detailschange|p2b: Terapagos|Terapagos-Stellar, L50, M, tera:Stellar\n|-heal|p2b: Terapagos|85/100|[silent]\n|-ability|p2b: Terapagos|Teraform Zero\n|-fieldend|move: Grassy Terrain\n|move|p1a: Chi-Yu|Snarl|p2a: Calyrex|[spread] p2a,p2b\n|-supereffective|p2a: Calyrex\n|-enditem|p2a: Calyrex|Focus Sash\n|-damage|p2a: Calyrex|1/100\n|-damage|p2b: Terapagos|61/100\n|-unboost|p2a: Calyrex|spa|1\n|-unboost|p2b: Terapagos|spa|1\n|move|p2a: Calyrex|Will-O-Wisp|p1b: Zamazenta\n|-status|p1b: Zamazenta|brn\n|move|p1b: Zamazenta|Behemoth Bash|p2a: Calyrex\n|-damage|p2a: Calyrex|0 fnt\n|faint|p2a: Calyrex\n|move|p2b: Terapagos|Calm Mind|p2b: Terapagos\n|-boost|p2b: Terapagos|spa|1\n|-boost|p2b: Terapagos|spd|1\n|\n|-heal|p2b: Terapagos|67/100|[from] item: Leftovers\n|-damage|p1b: Zamazenta|94/100 brn|[from] brn\n|upkeep\n|\n|t:|1746117679\n|switch|p2a: Ogerpon|Ogerpon-Cornerstone, L50, F|63/100\n|turn|5\n|\n|t:|1746117709\n|switch|p1a: Amoonguss|Amoonguss, L50, M|91/100\n|move|p2a: Ogerpon|Spiky Shield|p2a: Ogerpon\n|-singleturn|p2a: Ogerpon|move: Protect\n|move|p1b: Zamazenta|Body Press|p2b: Terapagos\n|-supereffective|p2b: Terapagos\n|-damage|p2b: Terapagos|28/100\n|move|p2b: Terapagos|Tera Starstorm|p1b: Zamazenta|[spread] p1a,p1b\n|-damage|p1a: Amoonguss|60/100\n|-damage|p1b: Zamazenta|71/100 brn\n|\n|-heal|p2b: Terapagos|34/100|[from] item: Leftovers\n|-damage|p1b: Zamazenta|65/100 brn|[from] brn\n|upkeep\n|turn|6\n|\n|t:|1746117726\n|switch|p2a: Rillaboom|Rillaboom, L50, M|48/100\n|-fieldstart|move: Grassy Terrain|[from] ability: Grassy Surge|[of] p2a: Rillaboom\n|move|p2b: Terapagos|Protect|p2b: Terapagos\n|-singleturn|p2b: Terapagos|Protect\n|move|p1b: Zamazenta|Body Press|p2b: Terapagos\n|-activate|p2b: Terapagos|move: Protect\n|move|p1a: Amoonguss|Pollen Puff|p1b: Zamazenta\n|-heal|p1b: Zamazenta|100/100 brn\n|\n|-heal|p2a: Rillaboom|54/100|[from] Grassy Terrain\n|-heal|p2b: Terapagos|40/100|[from] Grassy Terrain\n|-heal|p2b: Terapagos|46/100|[from] item: Leftovers\n|-heal|p1a: Amoonguss|66/100|[from] Grassy Terrain\n|-damage|p1b: Zamazenta|94/100 brn|[from] brn\n|upkeep\n|turn|7\n|\n|t:|1746117742\n|move|p1b: Zamazenta|Body Press|p2b: Terapagos\n|-supereffective|p2b: Terapagos\n|-damage|p2b: Terapagos|11/100\n|move|p2a: Rillaboom|U-turn|p1a: Amoonguss\n|-damage|p1a: Amoonguss|48/100\n|-damage|p2a: Rillaboom|37/100|[from] item: Rocky Helmet|[of] p1a: Amoonguss\n|\n|t:|1746117748\n|switch|p2a: Ogerpon|Ogerpon-Cornerstone, L50, F|63/100|[from] U-turn\n|move|p2b: Terapagos|Flamethrower|p1a: Amoonguss\n|-supereffective|p1a: Amoonguss\n|-damage|p1a: Amoonguss|0 fnt\n|faint|p1a: Amoonguss\n|\n|-heal|p2a: Ogerpon|68/100|[from] Grassy Terrain\n|-heal|p1b: Zamazenta|100/100 brn|[from] Grassy Terrain\n|-heal|p2b: Terapagos|17/100|[from] Grassy Terrain\n|-heal|p2b: Terapagos|23/100|[from] item: Leftovers\n|-damage|p1b: Zamazenta|94/100 brn|[from] brn\n|upkeep\n|\n|t:|1746117759\n|switch|p1a: Calyrex|Calyrex-Shadow, L50|100/100\n|-ability|p1a: Calyrex|As One\n|-ability|p1a: Calyrex|Unnerve\n|turn|8\n|\n|t:|1746117787\n|-terastallize|p1a: Calyrex|Ghost\n|move|p2b: Terapagos|Protect|p2b: Terapagos\n|-singleturn|p2b: Terapagos|Protect\n|move|p1a: Calyrex|Astral Barrage|p2b: Terapagos|[spread] p2a\n|-activate|p2b: Terapagos|move: Protect\n|-damage|p2a: Ogerpon|0 fnt\n|faint|p2a: Ogerpon\n|-ability|p1a: Calyrex|Grim Neigh|boost\n|-boost|p1a: Calyrex|spa|1\n|move|p1b: Zamazenta|Body Press|p2b: Terapagos\n|-activate|p2b: Terapagos|move: Protect\n|\n|-heal|p1b: Zamazenta|100/100 brn|[from] Grassy Terrain\n|-heal|p2b: Terapagos|30/100|[from] Grassy Terrain\n|-heal|p2b: Terapagos|36/100|[from] item: Leftovers\n|-damage|p1b: Zamazenta|94/100 brn|[from] brn\n|upkeep\n|-message|dondozo sucks forfeited.\n|\n|win|PEKORA999\n|raw|PEKORA999's rating: 1475 &rarr; <strong>1508</strong><br />(+33 for winning)\n|raw|dondozo sucks's rating: 1745 &rarr; <strong>1712</strong><br />(-33 for losing)\n|l|\u2606dondozo sucks\n|player|p2|\n", "uploadtime": 1746117797, "views": 65, "formatid": "gen9vgc2025regibo3", "rating": 1508, "private": 0, "password": null}