{"id": "gen9vgc2025regibo3-2354948606", "format": "[Gen 9] VGC 2025 Reg I (Bo3)", "players": ["EJ_The", "bartcr0987"], "log": "|j|\u2606EJ_The\n|j|\u2606bartcr0987\n|html|<table width=\"100%\"><tr><td align=\"left\">EJ_The</td><td align=\"right\">bartcr0987</tr><tr><td align=\"left\"><i class=\"fa fa-circle-o\"></i> <i class=\"fa fa-circle-o\"></i> </td><td align=\"right\"><i class=\"fa fa-circle-o\"></i> <i class=\"fa fa-circle-o\"></i> </tr></table>\n|uhtml|bestof|<h2><strong>Game 1</strong> of <a href=\"/game-bestof3-gen9vgc2025regibo3-2354948605\">a best-of-3</a></h2>\n|t:|1746134729\n|gametype|doubles\n|player|p1|EJ_The|101|1111\n|player|p2|bartcr0987|lance|1130\n|teamsize|p1|6\n|teamsize|p2|6\n|gen|9\n|tier|[Gen 9] VGC 2025 Reg I (Bo3)\n|rated|\n|rule|Species Clause: Limit one of each Pok\u00e9mon\n|rule|Item Clause: Limit 1 of each item\n|clearpoke\n|poke|p1|Koraidon, L50|\n|poke|p1|Ho-Oh, L50|\n|poke|p1|Walking Wake, L50|\n|poke|p1|Rillaboom, L50, F|\n|poke|p1|Sandy Shocks, L50|\n|poke|p1|Cobalion, L50|\n|poke|p2|Koraidon, L50|\n|poke|p2|Lunala, L50|\n|poke|p2|Rillaboom, L50, M|\n|poke|p2|Tornadus, L50, M|\n|poke|p2|Ogerpon-Cornerstone, L50, F|\n|poke|p2|Urshifu-*, L50, M|\n|teampreview|4\n|showteam|p1|Koraidon||LifeOrb|OrichalcumPulse|FlareBlitz,CloseCombat,FlameCharge,Protect||||||50|,,,,,Fire]Ho-Oh||ClearAmulet|Regenerator|SacredFire,BraveBird,Recover,Protect||||||50|,,,,,Grass]Walking Wake||ChoiceSpecs|Protosynthesis|DracoMeteor,HydroSteam,Snarl,MudShot||||||50|,,,,,Water]Rillaboom||AssaultVest|GrassySurge|WoodHammer,GrassyGlide,FakeOut,Uturn|||F|||50|,,,,,Fire]Sandy Shocks||FocusSash|Protosynthesis|EarthPower,Thunderbolt,Electroweb,Protect||||||50|,,,,,Stellar]Cobalion||GrassySeed|Justified|BodyPress,IronDefense,Coaching,Protect||||||50|,,,,,Fairy\n|showteam|p2|Koraidon||ClearAmulet|OrichalcumPulse|CloseCombat,FlareBlitz,FlameCharge,Protect||||||50|,,,,,Fire]Lunala||PowerHerb|ShadowShield|MoongeistBeam,MeteorBeam,WideGuard,TrickRoom||||||50|,,,,,Fairy]Rillaboom||AssaultVest|GrassySurge|FakeOut,GrassyGlide,KnockOff,Uturn|||M|||50|,,,,,Fire]Tornadus||MentalHerb|Prankster|BleakwindStorm,Protect,Tailwind,SunnyDay|||M|||50|,,,,,Ghost]Ogerpon-Cornerstone||CornerstoneMask|Sturdy|IvyCudgel,GrassyGlide,FollowMe,SpikyShield|||F|||50|,,,,,Rock]Urshifu||FocusSash|UnseenFist|WickedBlow,SuckerPunch,Detect,CloseCombat|||M|||50|,,,,,Stellar\n|inactive|Battle timer is ON: inactive players will automatically lose when time's up. (requested by bartcr0987)\n|inactive|bartcr0987 has 60 seconds left.\n|\n|t:|1746134798\n|start\n|switch|p1a: Ho-Oh|Ho-Oh, L50|100/100\n|switch|p1b: Sandy Shocks|Sandy Shocks, L50|100/100\n|switch|p2a: Ogerpon|Ogerpon-Cornerstone, L50, F|100/100\n|switch|p2b: Tornadus|Tornadus, L50, M|100/100\n|turn|1\n|inactive|EJ_The has 30 seconds left.\n|inactive|bartcr0987 has 30 seconds left.\n|inactive|bartcr0987 has 20 seconds left.\n|\n|t:|1746134834\n|move|p2b: Tornadus|Protect|p2b: Tornadus\n|-singleturn|p2b: Tornadus|Protect\n|move|p2a: Ogerpon|Spiky Shield|p2a: Ogerpon\n|-singleturn|p2a: Ogerpon|move: Protect\n|move|p1b: Sandy Shocks|Electroweb|p2b: Tornadus|[spread] \n|-activate|p2a: Ogerpon|move: Protect\n|-activate|p2b: Tornadus|move: Protect\n|move|p1a: Ho-Oh|Sacred Fire|p2a: Ogerpon\n|-activate|p2a: Ogerpon|move: Protect\n|\n|upkeep\n|turn|2\n|inactive|bartcr0987 has 30 seconds left.\n|\n|t:|1746134866\n|move|p2b: Tornadus|Tailwind|p2b: Tornadus\n|-sidestart|p2: bartcr0987|move: Tailwind\n|move|p2a: Ogerpon|Ivy Cudgel|p1a: Ho-Oh|[anim] Ivy Cudgel Rock\n|-supereffective|p1a: Ho-Oh\n|-crit|p1a: Ho-Oh\n|-damage|p1a: Ho-Oh|0 fnt\n|faint|p1a: Ho-Oh\n|move|p1b: Sandy Shocks|Electroweb|p2a: Ogerpon|[spread] p2a\n|-miss|p1b: Sandy Shocks|p2b: Tornadus\n|-resisted|p2a: Ogerpon\n|-damage|p2a: Ogerpon|89/100\n|-unboost|p2a: Ogerpon|spe|1\n|\n|upkeep\n|\n|t:|1746134877\n|switch|p1a: Walking Wake|Walking Wake, L50|100/100\n|turn|3\n|inactive|bartcr0987 has 30 seconds left.\n|\n|t:|1746134910\n|-terastallize|p1a: Walking Wake|Water\n|move|p2b: Tornadus|Protect|p2b: Tornadus\n|-singleturn|p2b: Tornadus|Protect\n|move|p2a: Ogerpon|Spiky Shield|p2a: Ogerpon\n|-singleturn|p2a: Ogerpon|move: Protect\n|move|p1a: Walking Wake|Hydro Steam|p2a: Ogerpon\n|-activate|p2a: Ogerpon|move: Protect\n|move|p1b: Sandy Shocks|Electroweb|p2b: Tornadus|[spread] \n|-activate|p2a: Ogerpon|move: Protect\n|-activate|p2b: Tornadus|move: Protect\n|\n|upkeep\n|turn|4\n|\n|t:|1746134928\n|move|p2b: Tornadus|Bleakwind Storm|p1b: Sandy Shocks|[spread] p1a\n|-miss|p2b: Tornadus|p1b: Sandy Shocks\n|-damage|p1a: Walking Wake|62/100\n|-unboost|p1a: Walking Wake|spe|1\n|move|p2a: Ogerpon|Grassy Glide|p1a: Walking Wake\n|-supereffective|p1a: Walking Wake\n|-damage|p1a: Walking Wake|0 fnt\n|faint|p1a: Walking Wake\n|-end|p1a: Walking Wake|Protosynthesis|[silent]\n|move|p1b: Sandy Shocks|Thunderbolt|p2b: Tornadus\n|-supereffective|p2b: Tornadus\n|-damage|p2b: Tornadus|0 fnt\n|faint|p2b: Tornadus\n|\n|upkeep\n|\n|t:|1746134945\n|switch|p1a: Koraidon|Koraidon, L50|100/100\n|switch|p2b: Lunala|Lunala, L50|100/100\n|-weather|SunnyDay|[from] ability: Orichalcum Pulse|[of] p1a: Koraidon\n|-activate|p1b: Sandy Shocks|ability: Protosynthesis\n|-start|p1b: Sandy Shocks|protosynthesisspe\n|-activate|p1a: Koraidon|Orichalcum Pulse|[source]\n|turn|5\n|inactive|EJ_The has 30 seconds left.\n|\n|t:|1746134975\n|move|p1b: Sandy Shocks|Protect|p1b: Sandy Shocks\n|-singleturn|p1b: Sandy Shocks|Protect\n|move|p1a: Koraidon|Protect|p1a: Koraidon\n|-singleturn|p1a: Koraidon|Protect\n|move|p2a: Ogerpon|Follow Me|p2a: Ogerpon\n|-singleturn|p2a: Ogerpon|move: Follow Me\n|move|p2b: Lunala|Meteor Beam||[still]\n|-prepare|p2b: Lunala|Meteor Beam\n|-boost|p2b: Lunala|spa|1\n|-enditem|p2b: Lunala|Power Herb\n|-anim|p2b: Lunala|Meteor Beam|p1a: Koraidon\n|-activate|p1a: Koraidon|move: Protect\n|\n|-weather|SunnyDay|[upkeep]\n|-sideend|p2: bartcr0987|move: Tailwind\n|upkeep\n|turn|6\n|inactive|EJ_The has 30 seconds left.\n|inactive|bartcr0987 has 30 seconds left.\n|inactive|bartcr0987 has 20 seconds left.\n|\n|t:|1746135016\n|move|p2a: Ogerpon|Follow Me|p2a: Ogerpon\n|-singleturn|p2a: Ogerpon|move: Follow Me\n|move|p1b: Sandy Shocks|Earth Power|p2a: Ogerpon\n|-damage|p2a: Ogerpon|38/100\n|move|p1a: Koraidon|Flare Blitz|p2a: Ogerpon\n|-damage|p2a: Ogerpon|0 fnt\n|faint|p2a: Ogerpon\n|-damage|p1a: Koraidon|90/100|[from] Recoil\n|-damage|p1a: Koraidon|80/100|[from] item: Life Orb\n|move|p2b: Lunala|Moongeist Beam|p1a: Koraidon\n|-damage|p1a: Koraidon|2/100\n|\n|-weather|SunnyDay|[upkeep]\n|upkeep\n|\n|t:|1746135030\n|switch|p2a: Koraidon|Koraidon, L50|100/100\n|-activate|p2a: Koraidon|ability: Orichalcum Pulse\n|turn|7\n|inactive|EJ_The has 30 seconds left.\n|inactive|EJ_The has 20 seconds left.\n|inactive|EJ_The has 15 seconds left.\n|inactive|EJ_The has 10 seconds left.\n|inactive|EJ_The has 5 seconds left.\n|\n|t:|1746135081\n|move|p2a: Koraidon|Protect|p2a: Koraidon\n|-singleturn|p2a: Koraidon|Protect\n|move|p1a: Koraidon|Protect|p1a: Koraidon\n|-singleturn|p1a: Koraidon|Protect\n|move|p1b: Sandy Shocks|Electroweb|p2a: Koraidon|[spread] p2b\n|-activate|p2a: Koraidon|move: Protect\n|-damage|p2b: Lunala|95/100\n|-unboost|p2b: Lunala|spe|1\n|move|p2b: Lunala|Moongeist Beam|p1a: Koraidon\n|-activate|p1a: Koraidon|move: Protect\n|\n|-weather|SunnyDay|[upkeep]\n|upkeep\n|turn|8\n|\n|t:|1746135104\n|move|p1b: Sandy Shocks|Thunderbolt|p2a: Koraidon\n|-resisted|p2a: Koraidon\n|-crit|p2a: Koraidon\n|-damage|p2a: Koraidon|66/100\n|move|p2a: Koraidon|Close Combat|p1b: Sandy Shocks\n|-damage|p1b: Sandy Shocks|7/100\n|-unboost|p2a: Koraidon|def|1\n|-unboost|p2a: Koraidon|spd|1\n|move|p1a: Koraidon|Flare Blitz|p2b: Lunala\n|-damage|p2b: Lunala|5/100\n|-damage|p1a: Koraidon|0 fnt|[from] Recoil\n|faint|p1a: Koraidon\n|move|p2b: Lunala|Moongeist Beam|p1b: Sandy Shocks\n|-damage|p1b: Sandy Shocks|0 fnt\n|faint|p1b: Sandy Shocks\n|-end|p1b: Sandy Shocks|Protosynthesis|[silent]\n|\n|win|bartcr0987\n|l|\u2606EJ_The\n|player|p1|\n|inactive|EJ_The has 30 seconds to confirm battle start!\n|inactive|bartcr0987 has 30 seconds to confirm battle start!\n||bartcr0987 is ready for game 2.\n|inactive|EJ_The has 20 seconds to confirm battle start!\n|inactive|EJ_The has 10 seconds to confirm battle start!\n|uhtml|next|Next: <a href=\"/battle-gen9vgc2025regibo3-2354952538\"><strong>Game 2 of 3</strong></a>\n", "uploadtime": 1746135346, "views": 7, "formatid": "gen9vgc2025regibo3", "rating": null, "private": 0, "password": null}