{"id": "gen9vgc2025regibo3-2354087044", "format": "[Gen 9] VGC 2025 Reg I (Bo3)", "players": ["plaidhaxx", "thebaddestbitchout"], "log": "|j|\u2606plaidhaxx\n|j|\u2606thebaddestbitchout\n|html|<table width=\"100%\"><tr><td align=\"left\">plaidhaxx</td><td align=\"right\">thebaddestbitchout</tr><tr><td align=\"left\"><i class=\"fa fa-circle-o\"></i> <i class=\"fa fa-circle-o\"></i> </td><td align=\"right\"><i class=\"fa fa-circle-o\"></i> <i class=\"fa fa-circle-o\"></i> </tr></table>\n|uhtml|bestof|<h2><strong>Game 1</strong> of <a href=\"/game-bestof3-gen9vgc2025regibo3-2354087043\">a best-of-3</a></h2>\n|t:|1746033722\n|gametype|doubles\n|player|p1|plaidhaxx|volkner|1129\n|player|p2|thebaddestbitchout|102|1190\n|teamsize|p1|6\n|teamsize|p2|6\n|gen|9\n|tier|[Gen 9] VGC 2025 Reg I (Bo3)\n|rated|\n|rule|Species Clause: Limit one of each Pok\u00e9mon\n|rule|Item Clause: Limit 1 of each item\n|clearpoke\n|poke|p1|Miraidon, L50|\n|poke|p1|Lunala, L50|\n|poke|p1|Whimsicott, L50, M|\n|poke|p1|Chi-Yu, L50|\n|poke|p1|Urshifu-*, L50, F|\n|poke|p1|Iron Hands, L50|\n|poke|p2|Zacian-*, L50|\n|poke|p2|Koraidon, L50|\n|poke|p2|Walking Wake, L50|\n|poke|p2|Ogerpon-Cornerstone, L50, F|\n|poke|p2|Thundurus, L50, M|\n|poke|p2|Kingambit, L50, F|\n|teampreview|4\n|showteam|p1|Miraidon||ChoiceSpecs|HadronEngine|ElectroDrift,VoltSwitch,DracoMeteor,DazzlingGleam||||||50|,,,,,Fairy]Lunala||ElectricSeed|ShadowShield|MoongeistBeam,Psyshock,TrickRoom,WideGuard||||||50|,,,,,Water]Whimsicott||CovertCloak|Prankster|Moonblast,Tailwind,Encore,LightScreen|||M|||50|,,,,,Dark]Chi-Yu||ChoiceScarf|BeadsofRuin|HeatWave,DarkPulse,Overheat,Snarl||||||50|,,,,,Ghost]Urshifu-Rapid-Strike||FocusSash|UnseenFist|SurgingStrikes,CloseCombat,AquaJet,Detect|||F|||50|,,,,,Stellar]Iron Hands||AssaultVest|QuarkDrive|DrainPunch,LowKick,HeavySlam,FakeOut||||||50|,,,,,Water\n|showteam|p2|Zacian-Crowned||RustedSword|IntrepidSword|behemothblade,PlayRough,Substitute,Protect||||||50|,,,,,Normal]Koraidon||ClearAmulet|OrichalcumPulse|FlareBlitz,FlameCharge,CollisionCourse,Protect||||||50|,,,,,Fire]Walking Wake||LifeOrb|Protosynthesis|HydroSteam,DracoMeteor,Snarl,Protect||||||50|,,,,,Water]Ogerpon-Cornerstone||CornerstoneMask|Sturdy|IvyCudgel,SpikyShield,PowerWhip,FollowMe|||F|||50|,,,,,Rock]Thundurus||SitrusBerry|Prankster|WildboltStorm,EerieImpulse,Leer,ThunderWave|||M|||50|,,,,,Electric]Kingambit||AssaultVest|Defiant|KowtowCleave,LowKick,IronHead,SuckerPunch|||F|||50|,,,,,Water\n|inactive|Battle timer is ON: inactive players will automatically lose when time's up. (requested by plaidhaxx)\n|inactive|plaidhaxx has 60 seconds left.\n|inactive|thebaddestbitchout has 60 seconds left.\n|inactive|plaidhaxx has 30 seconds left.\n|inactive|plaidhaxx has 20 seconds left.\n|inactive|plaidhaxx has 15 seconds left.\n|inactive|plaidhaxx has 10 seconds left.\n|inactive|plaidhaxx has 5 seconds left.\n|\n|t:|1746033810\n|start\n|switch|p1a: Lunala|Lunala, L50|100/100\n|switch|p1b: Chi-Yu|Chi-Yu, L50|100/100\n|switch|p2a: Thundurus|Thundurus, L50, M|100/100\n|switch|p2b: Zacian|Zacian-Crowned, L50|100/100\n|-ability|p1b: Chi-Yu|Beads of Ruin\n|-ability|p2b: Zacian|Intrepid Sword|boost\n|-boost|p2b: Zacian|atk|1\n|turn|1\n|inactive|plaidhaxx has 30 seconds left.\n|inactive|thebaddestbitchout has 30 seconds left.\n|inactive|thebaddestbitchout has 20 seconds left.\n|inactive|thebaddestbitchout has 15 seconds left.\n|inactive|thebaddestbitchout has 10 seconds left.\n|inactive|thebaddestbitchout has 5 seconds left.\n|\n|t:|1746033861\n|-terastallize|p2b: Zacian|Normal\n|move|p1b: Chi-Yu|Heat Wave|p2a: Thundurus|[spread] p2a,p2b\n|-damage|p2a: Thundurus|52/100\n|-damage|p2b: Zacian|55/100\n|move|p2b: Zacian|Play Rough|p1b: Chi-Yu\n|-damage|p1b: Chi-Yu|0 fnt\n|faint|p1b: Chi-Yu\n|move|p2a: Thundurus|Wildbolt Storm|p1a: Lunala\n|-damage|p1a: Lunala|87/100\n|-status|p1a: Lunala|par\n|cant|p1a: Lunala|par\n|\n|upkeep\n|\n|t:|1746033878\n|switch|p1b: Iron Hands|Iron Hands, L50|100/100\n|turn|2\n|\n|t:|1746033894\n|move|p2b: Zacian|Protect|p2b: Zacian\n|-singleturn|p2b: Zacian|Protect\n|move|p1b: Iron Hands|Fake Out|p2b: Zacian\n|-activate|p2b: Zacian|move: Protect\n|move|p2a: Thundurus|Eerie Impulse|p1a: Lunala\n|-unboost|p1a: Lunala|spa|2\n|move|p1a: Lunala|Trick Room|p1a: Lunala\n|-fieldstart|move: Trick Room|[of] p1a: Lunala\n|\n|upkeep\n|turn|3\n|inactive|plaidhaxx has 30 seconds left.\n|inactive|thebaddestbitchout has 30 seconds left.\n|inactive|plaidhaxx has 20 seconds left.\n|inactive|thebaddestbitchout has 20 seconds left.\n|inactive|plaidhaxx has 15 seconds left.\n|inactive|plaidhaxx has 10 seconds left.\n|\n|t:|1746033939\n|switch|p1a: Miraidon|Miraidon, L50|100/100\n|-fieldstart|move: Electric Terrain|[from] ability: Hadron Engine|[of] p1a: Miraidon\n|-activate|p1b: Iron Hands|ability: Quark Drive\n|-start|p1b: Iron Hands|quarkdriveatk\n|switch|p2b: Koraidon|Koraidon, L50|100/100\n|-weather|SunnyDay|[from] ability: Orichalcum Pulse|[of] p2b: Koraidon\n|-activate|p2b: Koraidon|Orichalcum Pulse|[source]\n|move|p2a: Thundurus|Leer|p1a: Miraidon|[spread] p1a,p1b\n|-unboost|p1a: Miraidon|def|1\n|-unboost|p1b: Iron Hands|def|1\n|move|p1b: Iron Hands|Low Kick|p2b: Koraidon\n|-damage|p2b: Koraidon|32/100\n|\n|-weather|SunnyDay|[upkeep]\n|upkeep\n|turn|4\n|inactive|thebaddestbitchout has 30 seconds left.\n|inactive|thebaddestbitchout has 20 seconds left.\n|inactive|thebaddestbitchout has 15 seconds left.\n|\n|t:|1746033984\n|move|p2b: Koraidon|Protect|p2b: Koraidon\n|-singleturn|p2b: Koraidon|Protect\n|move|p1b: Iron Hands|Drain Punch|p2b: Koraidon\n|-activate|p2b: Koraidon|move: Protect\n|move|p2a: Thundurus|Wildbolt Storm|p1a: Miraidon|[spread] p1a,p1b\n|-resisted|p1a: Miraidon\n|-resisted|p1b: Iron Hands\n|-damage|p1a: Miraidon|94/100\n|-damage|p1b: Iron Hands|93/100\n|move|p1a: Miraidon|Volt Switch|p2a: Thundurus\n|-damage|p2a: Thundurus|0 fnt\n|faint|p2a: Thundurus\n|\n|t:|1746033997\n|switch|p1a: Lunala|Lunala, L50|87/100 par|[from] Volt Switch\n|-enditem|p1a: Lunala|Electric Seed\n|-boost|p1a: Lunala|def|1|[from] item: Electric Seed\n|\n|-weather|SunnyDay|[upkeep]\n|upkeep\n|\n|t:|1746034000\n|switch|p2a: Walking Wake|Walking Wake, L50|100/100\n|-activate|p2a: Walking Wake|ability: Protosynthesis\n|-start|p2a: Walking Wake|protosynthesisspe\n|turn|5\n|inactive|plaidhaxx has 30 seconds left.\n|\n|t:|1746034033\n|move|p1b: Iron Hands|Drain Punch|p2b: Koraidon\n|-damage|p2b: Koraidon|0 fnt\n|-heal|p1b: Iron Hands|100/100|[from] drain|[of] p2b: Koraidon\n|faint|p2b: Koraidon\n|move|p1a: Lunala|Moongeist Beam|p2a: Walking Wake\n|-damage|p2a: Walking Wake|32/100\n|move|p2a: Walking Wake|Draco Meteor|p1b: Iron Hands\n|-damage|p1b: Iron Hands|59/100\n|-unboost|p2a: Walking Wake|spa|2\n|-damage|p2a: Walking Wake|22/100|[from] item: Life Orb\n|\n|-weather|SunnyDay|[upkeep]\n|upkeep\n|\n|t:|1746034048\n|switch|p2b: Zacian|Zacian-Crowned, L50, tera:Normal|55/100\n|turn|6\n|\n|t:|1746034072\n|move|p2b: Zacian|Protect|p2b: Zacian\n|-singleturn|p2b: Zacian|Protect\n|move|p2a: Walking Wake|Protect|p2a: Walking Wake\n|-singleturn|p2a: Walking Wake|Protect\n|move|p1b: Iron Hands|Drain Punch|p2b: Zacian\n|-activate|p2b: Zacian|move: Protect\n|cant|p1a: Lunala|par\n|\n|-weather|SunnyDay|[upkeep]\n|-fieldend|move: Trick Room\n|upkeep\n|turn|7\n|inactive|plaidhaxx has 30 seconds left.\n|inactive|plaidhaxx has 20 seconds left.\n|inactive|plaidhaxx has 15 seconds left.\n|inactive|plaidhaxx has 10 seconds left.\n|inactive|plaidhaxx has 5 seconds left.\n|\n|t:|1746034125\n|move|p2a: Walking Wake|Snarl|p1b: Iron Hands|[spread] p1a,p1b\n|-supereffective|p1a: Lunala\n|-resisted|p1b: Iron Hands\n|-damage|p1a: Lunala|64/100 par\n|-damage|p1b: Iron Hands|57/100\n|-unboost|p1a: Lunala|spa|1\n|-unboost|p1b: Iron Hands|spa|1\n|-damage|p2a: Walking Wake|12/100|[from] item: Life Orb\n|move|p2b: Zacian|Play Rough|p1b: Iron Hands\n|-supereffective|p1b: Iron Hands\n|-damage|p1b: Iron Hands|0 fnt\n|faint|p1b: Iron Hands\n|-end|p1b: Iron Hands|Quark Drive|[silent]\n|cant|p1a: Lunala|par\n|\n|-weather|none\n|-end|p2a: Walking Wake|Protosynthesis\n|-fieldend|move: Electric Terrain\n|upkeep\n|\n|t:|1746034137\n|switch|p1b: Miraidon|Miraidon, L50|94/100\n|-fieldstart|move: Electric Terrain|[from] ability: Hadron Engine|[of] p1b: Miraidon\n|turn|8\n|inactive|plaidhaxx has 30 seconds left.\n|inactive|plaidhaxx has 20 seconds left.\n|inactive|plaidhaxx has 15 seconds left.\n|inactive|plaidhaxx has 10 seconds left.\n|\n|t:|1746034186\n|move|p2b: Zacian|Protect|p2b: Zacian\n|-singleturn|p2b: Zacian|Protect\n|move|p2a: Walking Wake|Protect|p2a: Walking Wake\n|-singleturn|p2a: Walking Wake|Protect\n|move|p1b: Miraidon|Electro Drift|p2a: Walking Wake\n|-activate|p2a: Walking Wake|move: Protect\n|move|p1a: Lunala|Psyshock|p2b: Zacian\n|-activate|p2b: Zacian|move: Protect\n|\n|upkeep\n|turn|9\n|\n|t:|1746034203\n|move|p2b: Zacian|Play Rough|p1b: Miraidon\n|-supereffective|p1b: Miraidon\n|-damage|p1b: Miraidon|0 fnt\n|faint|p1b: Miraidon\n|move|p2a: Walking Wake|Snarl|p1a: Lunala\n|-supereffective|p1a: Lunala\n|-damage|p1a: Lunala|27/100 par\n|-unboost|p1a: Lunala|spa|1\n|-damage|p2a: Walking Wake|3/100|[from] item: Life Orb\n|cant|p1a: Lunala|par\n|\n|upkeep\n|turn|10\n|-message|plaidhaxx forfeited.\n|\n|win|thebaddestbitchout\n", "uploadtime": 1746034219, "views": 12, "formatid": "gen9vgc2025regibo3", "rating": null, "private": 0, "password": null}