{"id": "gen9vgc2025regibo3-2354031421", "format": "[Gen 9] VGC 2025 Reg I (Bo3)", "players": ["rayraydon", "fwiefisch"], "log": "|j|\u2606rayraydon\n|j|\u2606fwiefisch\n|html|<table width=\"100%\"><tr><td align=\"left\">rayraydon</td><td align=\"right\">fwiefisch</tr><tr><td align=\"left\"><i class=\"fa fa-circle-o\"></i> <i class=\"fa fa-circle-o\"></i> </td><td align=\"right\"><i class=\"fa fa-circle-o\"></i> <i class=\"fa fa-circle-o\"></i> </tr></table>\n|uhtml|bestof|<h2><strong>Game 1</strong> of <a href=\"/game-bestof3-gen9vgc2025regibo3-2354031420\">a best-of-3</a></h2>\n|t:|1746029009\n|gametype|doubles\n|player|p1|rayraydon|sabrina|1306\n|player|p2|fwiefisch|teamrocket|1211\n|teamsize|p1|6\n|teamsize|p2|6\n|gen|9\n|tier|[Gen 9] VGC 2025 Reg I (Bo3)\n|rated|\n|rule|Species Clause: Limit one of each Pok\u00e9mon\n|rule|Item Clause: Limit 1 of each item\n|clearpoke\n|poke|p1|Miraidon, L50|\n|poke|p1|Rayquaza, L50|\n|poke|p1|Farigiraf, L50, F|\n|poke|p1|Iron Hands, L50|\n|poke|p1|Chien-Pao, L50|\n|poke|p1|Ogerpon-Hearthflame, L50, F|\n|poke|p2|Koraidon, L50|\n|poke|p2|Lunala, L50|\n|poke|p2|Chi-Yu, L50|\n|poke|p2|Ting-Lu, L50|\n|poke|p2|Slither Wing, L50|\n|poke|p2|Flutter Mane, L50|\n|teampreview|4\n|showteam|p1|Miraidon||ChoiceSpecs|HadronEngine|ElectroDrift,VoltSwitch,DracoMeteor,DazzlingGleam||||||50|,,,,,Fairy]Rayquaza||ClearAmulet|AirLock|ExtremeSpeed,DragonAscent,SwordsDance,Protect||||||50|,,,,,Normal]Farigiraf||ElectricSeed|ArmorTail|Psychic,FoulPlay,HelpingHand,TrickRoom|||F|||50|,,,,,Water]Iron Hands||AssaultVest|QuarkDrive|FakeOut,LowKick,DrainPunch,HeavySlam||||||50|,,,,,Water]Chien-Pao||FocusSash|SwordofRuin|IcicleCrash,SuckerPunch,ThroatChop,Protect||||||50|,,,,,Ghost]Ogerpon-Hearthflame||HearthflameMask|MoldBreaker|IvyCudgel,WoodHammer,FollowMe,SpikyShield|||F|||50|,,,,,Fire\n|showteam|p2|Koraidon||LifeOrb|OrichalcumPulse|FlareBlitz,FlameCharge,CloseCombat,Protect||||||50|,,,,,Fire]Lunala||PowerHerb|ShadowShield|MoongeistBeam,MeteorBeam,WideGuard,TrickRoom||||||50|,,,,,Water]Chi-Yu||ChoiceScarf|BeadsofRuin|Overheat,HeatWave,DarkPulse,Snarl||||||50|,,,,,Ghost]Ting-Lu||AssaultVest|VesselofRuin|StompingTantrum,Ruination,ThroatChop,HeavySlam||||||50|,,,,,Poison]Slither Wing||SitrusBerry|Protosynthesis|LeechLife,CloseCombat,Curse,Protect||||||50|,,,,,Water]Flutter Mane||FocusSash|Protosynthesis|Moonblast,IcyWind,ShadowBall,Protect||||||50|,,,,,Normal\n|c|\u2606fwiefisch|glhf\n|\n|t:|1746029060\n|start\n|switch|p1a: Farigiraf|Farigiraf, L50, F|100/100\n|switch|p1b: Iron Hands|Iron Hands, L50|100/100\n|switch|p2a: Slither Wing|Slither Wing, L50|100/100\n|switch|p2b: Lunala|Lunala, L50|100/100\n|turn|1\n|\n|t:|1746029085\n|move|p1b: Iron Hands|Fake Out|p2a: Slither Wing\n|-damage|p2a: Slither Wing|85/100\n|move|p2b: Lunala|Meteor Beam||[still]\n|-prepare|p2b: Lunala|Meteor Beam\n|-boost|p2b: Lunala|spa|1\n|-enditem|p2b: Lunala|Power Herb\n|-anim|p2b: Lunala|Meteor Beam|p1a: Farigiraf\n|-damage|p1a: Farigiraf|37/100\n|cant|p2a: Slither Wing|flinch\n|move|p1a: Farigiraf|Foul Play|p2b: Lunala\n|-supereffective|p2b: Lunala\n|-damage|p2b: Lunala|69/100\n|\n|upkeep\n|turn|2\n|\n|t:|1746029121\n|move|p1a: Farigiraf|Helping Hand|p1b: Iron Hands\n|-singleturn|p1b: Iron Hands|Helping Hand|[of] p1a: Farigiraf\n|move|p2a: Slither Wing|Curse|p2a: Slither Wing\n|-unboost|p2a: Slither Wing|spe|1\n|-boost|p2a: Slither Wing|atk|1\n|-boost|p2a: Slither Wing|def|1\n|move|p1b: Iron Hands|Heavy Slam|p2b: Lunala\n|-damage|p2b: Lunala|36/100\n|move|p2b: Lunala|Trick Room|p2b: Lunala\n|-fieldstart|move: Trick Room|[of] p2b: Lunala\n|\n|upkeep\n|turn|3\n|\n|t:|1746029161\n|move|p1a: Farigiraf|Helping Hand|p1b: Iron Hands\n|-singleturn|p1b: Iron Hands|Helping Hand|[of] p1a: Farigiraf\n|move|p1b: Iron Hands|Heavy Slam|p2b: Lunala\n|-damage|p2b: Lunala|3/100\n|move|p2a: Slither Wing|Leech Life|p1a: Farigiraf\n|-supereffective|p1a: Farigiraf\n|-damage|p1a: Farigiraf|0 fnt\n|-heal|p2a: Slither Wing|100/100|[from] drain|[of] p1a: Farigiraf\n|faint|p1a: Farigiraf\n|move|p2b: Lunala|Moongeist Beam|p1b: Iron Hands\n|-damage|p1b: Iron Hands|53/100\n|\n|upkeep\n|\n|t:|1746029166\n|switch|p1a: Rayquaza|Rayquaza, L50|100/100\n|-ability|p1a: Rayquaza|Air Lock\n|turn|4\n|\n|t:|1746029189\n|switch|p2b: Koraidon|Koraidon, L50|100/100\n|-weather|SunnyDay|[from] ability: Orichalcum Pulse|[of] p2b: Koraidon\n|-activate|p2b: Koraidon|Orichalcum Pulse|[source]\n|-terastallize|p2a: Slither Wing|Water\n|move|p1b: Iron Hands|Heavy Slam|p2b: Koraidon\n|-damage|p2b: Koraidon|86/100\n|move|p2a: Slither Wing|Close Combat|p1b: Iron Hands\n|-damage|p1b: Iron Hands|0 fnt\n|-unboost|p2a: Slither Wing|def|1\n|-unboost|p2a: Slither Wing|spd|1\n|faint|p1b: Iron Hands\n|-end|p1b: Iron Hands|Quark Drive|[silent]\n|move|p1a: Rayquaza|Swords Dance|p1a: Rayquaza\n|-boost|p1a: Rayquaza|atk|2\n|\n|-weather|SunnyDay|[upkeep]\n|upkeep\n|\n|t:|1746029192\n|switch|p1b: Chien-Pao|Chien-Pao, L50|100/100\n|-ability|p1b: Chien-Pao|Sword of Ruin\n|turn|5\n|\n|t:|1746029211\n|move|p2a: Slither Wing|Protect|p2a: Slither Wing\n|-singleturn|p2a: Slither Wing|Protect\n|move|p2b: Koraidon|Protect|p2b: Koraidon\n|-singleturn|p2b: Koraidon|Protect\n|move|p1a: Rayquaza|Extreme Speed|p2a: Slither Wing\n|-activate|p2a: Slither Wing|move: Protect\n|move|p1b: Chien-Pao|Icicle Crash|p2b: Koraidon\n|-activate|p2b: Koraidon|move: Protect\n|\n|-weather|SunnyDay|[upkeep]\n|upkeep\n|turn|6\n|\n|t:|1746029230\n|move|p1a: Rayquaza|Extreme Speed|p2a: Slither Wing\n|-damage|p2a: Slither Wing|0 fnt\n|faint|p2a: Slither Wing\n|-end|p2a: Slither Wing|Protosynthesis|[silent]\n|move|p2b: Koraidon|Flame Charge|p1b: Chien-Pao\n|-supereffective|p1b: Chien-Pao\n|-damage|p1b: Chien-Pao|45/100\n|-boost|p2b: Koraidon|spe|1\n|-damage|p2b: Koraidon|77/100|[from] item: Life Orb\n|move|p1b: Chien-Pao|Throat Chop|p2b: Koraidon\n|-resisted|p2b: Koraidon\n|-damage|p2b: Koraidon|54/100\n|-start|p2b: Koraidon|Throat Chop|[silent]\n|\n|-weather|SunnyDay|[upkeep]\n|-fieldend|move: Trick Room\n|upkeep\n|\n|t:|1746029245\n|switch|p2a: Ting-Lu|Ting-Lu, L50|100/100\n|-ability|p2a: Ting-Lu|Vessel of Ruin\n|turn|7\n|\n|t:|1746029266\n|move|p2b: Koraidon|Protect|p2b: Koraidon\n|-singleturn|p2b: Koraidon|Protect\n|move|p1a: Rayquaza|Extreme Speed|p2b: Koraidon\n|-activate|p2b: Koraidon|move: Protect\n|move|p1b: Chien-Pao|Icicle Crash|p2a: Ting-Lu\n|-supereffective|p2a: Ting-Lu\n|-damage|p2a: Ting-Lu|36/100\n|move|p2a: Ting-Lu|Heavy Slam|p1b: Chien-Pao\n|-supereffective|p1b: Chien-Pao\n|-damage|p1b: Chien-Pao|0 fnt\n|faint|p1b: Chien-Pao\n|\n|-weather|SunnyDay|[upkeep]\n|-end|p2b: Koraidon|Throat Chop|[silent]\n|upkeep\n|turn|8\n|\n|t:|1746029281\n|move|p1a: Rayquaza|Extreme Speed|p2a: Ting-Lu\n|-damage|p2a: Ting-Lu|0 fnt\n|faint|p2a: Ting-Lu\n|move|p2b: Koraidon|Close Combat|p1a: Rayquaza\n|-resisted|p1a: Rayquaza\n|-damage|p1a: Rayquaza|70/100\n|-unboost|p2b: Koraidon|def|1\n|-unboost|p2b: Koraidon|spd|1\n|-damage|p2b: Koraidon|44/100|[from] item: Life Orb\n|\n|-weather|none\n|upkeep\n|\n|t:|1746029291\n|switch|p2a: Lunala|Lunala, L50|3/100\n|turn|9\n|\n|t:|1746029302\n|move|p1a: Rayquaza|Extreme Speed|p2b: Koraidon\n|-damage|p2b: Koraidon|0 fnt\n|faint|p2b: Koraidon\n|move|p2a: Lunala|Moongeist Beam|p1a: Rayquaza\n|-damage|p1a: Rayquaza|14/100\n|\n|upkeep\n|turn|10\n|\n|t:|1746029310\n|-terastallize|p1a: Rayquaza|Normal\n|move|p2a: Lunala|Moongeist Beam|p1a: Rayquaza\n|-immune|p1a: Rayquaza\n|move|p1a: Rayquaza|Dragon Ascent|p2a: Lunala\n|-damage|p2a: Lunala|0 fnt\n|-unboost|p1a: Rayquaza|def|1\n|-unboost|p1a: Rayquaza|spd|1\n|faint|p2a: Lunala\n|\n|win|rayraydon\n||fwiefisch is ready for game 2.\n||rayraydon is ready for game 2.\n|uhtml|next|Next: <a href=\"/battle-gen9vgc2025regibo3-2354034964\"><strong>Game 2 of 3</strong></a>\n|l|\u2606fwiefisch\n|player|p2|\n|j| tornadoboy1234\n", "uploadtime": 1746030966, "views": 27, "formatid": "gen9vgc2025regibo3", "rating": null, "private": 0, "password": null}