{"id": "gen9vgc2025regibo3-2353915076", "format": "[Gen 9] VGC 2025 Reg I (Bo3)", "players": ["maikkeli", "Nghi Xu"], "log": "|j|\u2606maikkeli\n|j|\u2606Nghi Xu\n|html|<table width=\"100%\"><tr><td align=\"left\">maikkeli</td><td align=\"right\">Nghi Xu</tr><tr><td align=\"left\"><i class=\"fa fa-circle-o\"></i> <i class=\"fa fa-circle-o\"></i> </td><td align=\"right\"><i class=\"fa fa-circle-o\"></i> <i class=\"fa fa-circle\"></i> </tr></table>\n|uhtml|bestof|<h2><strong>Game 2</strong> of <a href=\"/game-bestof3-gen9vgc2025regibo3-2353912740\">a best-of-3</a></h2>\n|t:|1746018400\n|gametype|doubles\n|player|p1|maikkeli|fisherman-gen4|\n|player|p2|Nghi Xu|blue-gen3|\n|teamsize|p1|6\n|teamsize|p2|6\n|gen|9\n|tier|[Gen 9] VGC 2025 Reg I (Bo3)\n|rule|Species Clause: Limit one of each Pok\u00e9mon\n|rule|Item Clause: Limit 1 of each item\n|clearpoke\n|poke|p1|Miraidon, L50|\n|poke|p1|Lunala, L50|\n|poke|p1|Chi-Yu, L50|\n|poke|p1|Araquanid, L50, M|\n|poke|p1|Iron Hands, L50|\n|poke|p1|Urshifu-*, L50, F|\n|poke|p2|Zamazenta-*, L50|\n|poke|p2|Iron Hands, L50|\n|poke|p2|Volcarona, L50, F|\n|poke|p2|Miraidon, L50|\n|poke|p2|Grimmsnarl, L50, M|\n|poke|p2|Ditto, L50|\n|teampreview|4\n|showteam|p1|Miraidon||ChoiceSpecs|HadronEngine|ElectroDrift,DazzlingGleam,VoltSwitch,DracoMeteor||||||50|,,,,,Fairy]Lunala||ElectricSeed|ShadowShield|MoongeistBeam,WideGuard,Moonblast,TrickRoom||||||50|,,,,,Fairy]Chi-Yu||ChoiceScarf|BeadsofRuin|HeatWave,Snarl,Overheat,DarkPulse||||||50|,,,,,Ghost]Araquanid||ClearAmulet|WaterBubble|Liquidation,Infestation,WideGuard,Protect|||M|||50|,,,,,Water]Iron Hands||AssaultVest|QuarkDrive|DrainPunch,LowKick,WildCharge,FakeOut||||||50|,,,,,Water]Urshifu-Rapid-Strike||FocusSash|UnseenFist|SurgingStrikes,AquaJet,Detect,CloseCombat|||F|||50|,,,,,Stellar\n|showteam|p2|Zamazenta-Crowned||RustedShield|DauntlessShield|BodyPress,behemothbash,WideGuard,Protect||||||50|,,,,,Dragon]Iron Hands||AssaultVest|QuarkDrive|DrainPunch,WildCharge,VoltSwitch,FakeOut||||||50|,,,,,Water]Volcarona||SitrusBerry|FlameBody|FieryDance,QuiverDance,GigaDrain,Protect|||F|||50|,,,,,Grass]Miraidon||ChoiceSpecs|HadronEngine|ElectroDrift,DracoMeteor,DazzlingGleam,VoltSwitch||||||50|,,,,,Fairy]Grimmsnarl||LightClay|Prankster|FoulPlay,ThunderWave,LightScreen,Reflect|||M|||50|,,,,,Ghost]Ditto||FocusSash|Imposter|Transform||||||50|,,,,,Normal\n|\n|t:|1746018425\n|start\n|switch|p1a: Miraidon|Miraidon, L50|100/100\n|switch|p1b: Chi-Yu|Chi-Yu, L50|100/100\n|switch|p2a: Iron Hands|Iron Hands, L50|100/100\n|switch|p2b: Grimmsnarl|Grimmsnarl, L50, M|100/100\n|-ability|p1b: Chi-Yu|Beads of Ruin\n|-fieldstart|move: Electric Terrain|[from] ability: Hadron Engine|[of] p1a: Miraidon\n|-activate|p2a: Iron Hands|ability: Quark Drive\n|-start|p2a: Iron Hands|quarkdriveatk\n|turn|1\n|inactive|Battle timer is ON: inactive players will automatically lose when time's up. (requested by Nghi Xu)\n|\n|t:|1746018451\n|switch|p1b: Lunala|Lunala, L50|100/100\n|-enditem|p1b: Lunala|Electric Seed\n|-boost|p1b: Lunala|def|1|[from] item: Electric Seed\n|move|p2a: Iron Hands|Fake Out|p1a: Miraidon\n|-damage|p1a: Miraidon|78/100\n|move|p2b: Grimmsnarl|Light Screen|p2b: Grimmsnarl\n|-sidestart|p2: Nghi Xu|move: Light Screen\n|cant|p1a: Miraidon|flinch\n|\n|upkeep\n|turn|2\n|inactive|maikkeli has 30 seconds left.\n|inactive|maikkeli has 20 seconds left.\n|inactive|maikkeli has 15 seconds left.\n|inactive|maikkeli has 10 seconds left.\n|\n|t:|1746018496\n|move|p1a: Miraidon|Volt Switch|p2b: Grimmsnarl\n|-damage|p2b: Grimmsnarl|35/100\n|\n|t:|1746018499\n|switch|p1a: Iron Hands|Iron Hands, L50|100/100|[from] Volt Switch\n|-activate|p1a: Iron Hands|ability: Quark Drive\n|-start|p1a: Iron Hands|quarkdriveatk\n|move|p2b: Grimmsnarl|Foul Play|p1b: Lunala\n|-supereffective|p1b: Lunala\n|-damage|p1b: Lunala|72/100\n|move|p2a: Iron Hands|Wild Charge|p1b: Lunala\n|-damage|p1b: Lunala|28/100\n|-damage|p2a: Iron Hands|90/100|[from] Recoil\n|move|p1b: Lunala|Trick Room|p1b: Lunala\n|-fieldstart|move: Trick Room|[of] p1b: Lunala\n|\n|upkeep\n|turn|3\n|inactive|maikkeli has 30 seconds left.\n|inactive|maikkeli has 20 seconds left.\n|\n|t:|1746018535\n|-terastallize|p1b: Lunala|Fairy\n|move|p1a: Iron Hands|Fake Out|p2a: Iron Hands\n|-damage|p2a: Iron Hands|75/100\n|move|p2b: Grimmsnarl|Reflect|p2b: Grimmsnarl\n|-sidestart|p2: Nghi Xu|Reflect\n|cant|p2a: Iron Hands|flinch\n|move|p1b: Lunala|Moonblast|p2a: Iron Hands\n|-supereffective|p2a: Iron Hands\n|-damage|p2a: Iron Hands|39/100\n|\n|upkeep\n|turn|4\n|inactive|Nghi Xu has 30 seconds left.\n|\n|t:|1746018564\n|move|p1a: Iron Hands|Low Kick|p2a: Iron Hands\n|-damage|p2a: Iron Hands|1/100\n|move|p2a: Iron Hands|Wild Charge|p1b: Lunala\n|-damage|p1b: Lunala|0 fnt\n|faint|p1b: Lunala\n|-damage|p2a: Iron Hands|0 fnt|[from] Recoil\n|faint|p2a: Iron Hands\n|-end|p2a: Iron Hands|Quark Drive|[silent]\n|move|p2b: Grimmsnarl|Foul Play|p1a: Iron Hands\n|-resisted|p1a: Iron Hands\n|-damage|p1a: Iron Hands|83/100\n|\n|upkeep\n|\n|t:|1746018580\n|switch|p2a: Volcarona|Volcarona, L50, F|100/100\n|switch|p1b: Miraidon|Miraidon, L50|78/100\n|-activate|p1b: Miraidon|ability: Hadron Engine\n|turn|5\n|\n|t:|1746018602\n|-terastallize|p2a: Volcarona|Grass\n|move|p1a: Iron Hands|Wild Charge|p2a: Volcarona\n|-resisted|p2a: Volcarona\n|-damage|p2a: Volcarona|71/100\n|-status|p1a: Iron Hands|brn|[from] ability: Flame Body|[of] p2a: Volcarona\n|-damage|p1a: Iron Hands|77/100 brn|[from] Recoil\n|move|p2b: Grimmsnarl|Foul Play|p1a: Iron Hands\n|-resisted|p1a: Iron Hands\n|-damage|p1a: Iron Hands|60/100 brn\n|move|p2a: Volcarona|Quiver Dance|p2a: Volcarona\n|-boost|p2a: Volcarona|spa|1\n|-boost|p2a: Volcarona|spd|1\n|-boost|p2a: Volcarona|spe|1\n|move|p1b: Miraidon|Draco Meteor|p2a: Volcarona\n|-crit|p2a: Volcarona\n|-damage|p2a: Volcarona|0 fnt\n|-unboost|p1b: Miraidon|spa|2\n|faint|p2a: Volcarona\n|\n|-damage|p1a: Iron Hands|54/100 brn|[from] brn\n|-fieldend|move: Electric Terrain\n|-end|p1a: Iron Hands|Quark Drive\n|upkeep\n|\n|t:|1746018621\n|switch|p2a: Miraidon|Miraidon, L50|100/100\n|-fieldstart|move: Electric Terrain|[from] ability: Hadron Engine|[of] p2a: Miraidon\n|-activate|p1a: Iron Hands|ability: Quark Drive\n|-start|p1a: Iron Hands|quarkdriveatk\n|turn|6\n|\n|t:|1746018644\n|move|p1a: Iron Hands|Low Kick|p2a: Miraidon\n|-damage|p2a: Miraidon|70/100\n|move|p2b: Grimmsnarl|Foul Play|p1a: Iron Hands\n|-resisted|p1a: Iron Hands\n|-damage|p1a: Iron Hands|36/100 brn\n|move|p1b: Miraidon|Draco Meteor|p2a: Miraidon\n|-supereffective|p2a: Miraidon\n|-damage|p2a: Miraidon|0 fnt\n|-unboost|p1b: Miraidon|spa|2\n|faint|p2a: Miraidon\n|\n|-damage|p1a: Iron Hands|31/100 brn|[from] brn\n|-fieldend|move: Trick Room\n|upkeep\n|turn|7\n|-message|Nghi Xu forfeited.\n|\n|win|maikkeli\n||maikkeli is ready for game 3.\n", "uploadtime": 1746018656, "views": 6, "formatid": "gen9vgc2025regibo3", "rating": null, "private": 0, "password": null}