{"id": "gen9vgc2025regibo3-2354507185", "format": "[Gen 9] VGC 2025 Reg I (Bo3)", "players": ["angelicangel12", "Hg125"], "log": "|j|\u2606angelicangel12\n|j|\u2606Hg125\n|html|<table width=\"100%\"><tr><td align=\"left\">angelicangel12</td><td align=\"right\">Hg125</tr><tr><td align=\"left\"><i class=\"fa fa-circle-o\"></i> <i class=\"fa fa-circle-o\"></i> </td><td align=\"right\"><i class=\"fa fa-circle-o\"></i> <i class=\"fa fa-circle-o\"></i> </tr></table>\n|uhtml|bestof|<h2><strong>Game 1</strong> of <a href=\"/game-bestof3-gen9vgc2025regibo3-2354507184\">a best-of-3</a></h2>\n|t:|1746083990\n|gametype|doubles\n|player|p1|angelicangel12|caitlin|1215\n|player|p2|Hg125|1|1293\n|teamsize|p1|6\n|teamsize|p2|6\n|gen|9\n|tier|[Gen 9] VGC 2025 Reg I (Bo3)\n|rated|\n|rule|Species Clause: Limit one of each Pok\u00e9mon\n|rule|Item Clause: Limit 1 of each item\n|clearpoke\n|poke|p1|Calyrex-Ice, L50|\n|poke|p1|Kyogre, L50|\n|poke|p1|Urshifu-*, L50, F|\n|poke|p1|Iron Jugulis, L50|\n|poke|p1|Landorus, L50, M|\n|poke|p1|Amoonguss, L50, F|\n|poke|p2|Calyrex-Ice, L50|\n|poke|p2|Landorus, L50, M|\n|poke|p2|Iron Hands, L50|\n|poke|p2|Urshifu-*, L50, M|\n|poke|p2|Grimmsnarl, L50, M|\n|poke|p2|Miraidon, L50|\n|teampreview|4\n|showteam|p1|Calyrex-Ice||ClearAmulet|AsOneGlastrier|GlacialLance,HighHorsepower,TrickRoom,Protect||||||50|,,,,,Water]Kyogre||MysticWater|Drizzle|WaterSpout,OriginPulse,IceBeam,Protect||||||50|,,,,,Grass]Urshifu-Rapid-Strike||SplashPlate|UnseenFist|SurgingStrikes,CloseCombat,AquaJet,Detect|||F|||50|,,,,,Water]Iron Jugulis||BoosterEnergy|QuarkDrive|Snarl,Hurricane,Tailwind,Protect||||||50|,,,,,Steel]Landorus||LifeOrb|SheerForce|EarthPower,SandsearStorm,SludgeBomb,Protect|||M|||50|,,,,,Poison]Amoonguss||RockyHelmet|Regenerator|Spore,PollenPuff,RagePowder,Protect|||F|||50|,,,,,Water\n|showteam|p2|Calyrex-Ice||ClearAmulet|AsOneGlastrier|GlacialLance,HighHorsepower,TrickRoom,Protect||||||50|,,,,,Water]Landorus||ChoiceScarf|SheerForce|EarthPower,SandsearStorm,SludgeBomb,Uturn|||M|||50|,,,,,Water]Iron Hands||AssaultVest|QuarkDrive|LowKick,DrainPunch,ThunderPunch,FakeOut||||||50|,,,,,Bug]Urshifu||FocusSash|UnseenFist|WickedBlow,SuckerPunch,CloseCombat,Protect|||M|||50|,,,,,Ghost]Grimmsnarl||CovertCloak|Prankster|SpiritBreak,LightScreen,Reflect,ThunderWave|||M|||50|,,,,,Steel]Miraidon||ChoiceSpecs|HadronEngine|DracoMeteor,DazzlingGleam,VoltSwitch,ElectroDrift||||||50|,,,,,Fairy\n|\n|t:|1746084050\n|start\n|switch|p1a: Kyogre|Kyogre, L50|100/100\n|switch|p1b: Amoonguss|Amoonguss, L50, F, shiny|100/100\n|switch|p2a: Iron Hands|Iron Hands, L50|100/100\n|switch|p2b: Landorus|Landorus, L50, M|100/100\n|-weather|RainDance|[from] ability: Drizzle|[of] p1a: Kyogre\n|turn|1\n|\n|t:|1746084103\n|switch|p2b: Miraidon|Miraidon, L50|100/100\n|-fieldstart|move: Electric Terrain|[from] ability: Hadron Engine|[of] p2b: Miraidon\n|-activate|p2a: Iron Hands|ability: Quark Drive\n|-start|p2a: Iron Hands|quarkdriveatk\n|move|p1a: Kyogre|Protect|p1a: Kyogre\n|-singleturn|p1a: Kyogre|Protect\n|move|p1b: Amoonguss|Protect|p1b: Amoonguss\n|-singleturn|p1b: Amoonguss|Protect\n|move|p2a: Iron Hands|Fake Out|p1a: Kyogre\n|-activate|p1a: Kyogre|move: Protect\n|\n|-weather|RainDance|[upkeep]\n|upkeep\n|turn|2\n|\n|t:|1746084180\n|-terastallize|p2b: Miraidon|Fairy\n|-terastallize|p1a: Kyogre|Grass\n|move|p1b: Amoonguss|Rage Powder|p1b: Amoonguss\n|-singleturn|p1b: Amoonguss|move: Rage Powder\n|move|p2b: Miraidon|Dazzling Gleam|p1a: Kyogre|[spread] p1a,p1b\n|-resisted|p1b: Amoonguss\n|-damage|p1a: Kyogre|53/100\n|-damage|p1b: Amoonguss|68/100\n|move|p1a: Kyogre|Water Spout|p2b: Miraidon|[spread] p2a,p2b\n|-damage|p2a: Iron Hands|67/100\n|-damage|p2b: Miraidon|43/100\n|move|p2a: Iron Hands|Low Kick|p1b: Amoonguss\n|-resisted|p1b: Amoonguss\n|-damage|p1b: Amoonguss|57/100\n|-damage|p2a: Iron Hands|51/100|[from] item: Rocky Helmet|[of] p1b: Amoonguss\n|\n|-weather|RainDance|[upkeep]\n|upkeep\n|turn|3\n|\n|t:|1746084205\n|move|p1b: Amoonguss|Protect|p1b: Amoonguss\n|-singleturn|p1b: Amoonguss|Protect\n|move|p2b: Miraidon|Dazzling Gleam|p1b: Amoonguss|[spread] p1a\n|-activate|p1b: Amoonguss|move: Protect\n|-damage|p1a: Kyogre|12/100\n|move|p1a: Kyogre|Origin Pulse|p2a: Iron Hands|[spread] p2a,p2b\n|-damage|p2a: Iron Hands|8/100\n|-damage|p2b: Miraidon|0 fnt\n|faint|p2b: Miraidon\n|move|p2a: Iron Hands|Drain Punch|p1a: Kyogre\n|-damage|p1a: Kyogre|0 fnt\n|-heal|p2a: Iron Hands|13/100|[from] drain|[of] p1a: Kyogre\n|faint|p1a: Kyogre\n|\n|-weather|RainDance|[upkeep]\n|upkeep\n|\n|t:|1746084229\n|switch|p2b: Urshifu|Urshifu, L50, M|100/100\n|switch|p1a: Calyrex|Calyrex-Ice, L50|100/100\n|-ability|p1a: Calyrex|As One\n|-ability|p1a: Calyrex|Unnerve\n|turn|4\n|\n|t:|1746084242\n|-end|p2a: Iron Hands|Quark Drive|[silent]\n|switch|p2a: Landorus|Landorus, L50, M|100/100\n|move|p2b: Urshifu|Protect|p2b: Urshifu\n|-singleturn|p2b: Urshifu|Protect\n|move|p1b: Amoonguss|Rage Powder|p1b: Amoonguss\n|-singleturn|p1b: Amoonguss|move: Rage Powder\n|move|p1a: Calyrex|Glacial Lance|p2a: Landorus|[spread] p2a\n|-activate|p2b: Urshifu|move: Protect\n|-supereffective|p2a: Landorus\n|-damage|p2a: Landorus|0 fnt\n|faint|p2a: Landorus\n|-ability|p1a: Calyrex|Chilling Neigh|boost\n|-boost|p1a: Calyrex|atk|1\n|\n|-weather|RainDance|[upkeep]\n|upkeep\n|\n|t:|1746084255\n|switch|p2a: Iron Hands|Iron Hands, L50|13/100\n|-activate|p2a: Iron Hands|ability: Quark Drive\n|-start|p2a: Iron Hands|quarkdriveatk\n|turn|5\n|\n|t:|1746084265\n|move|p2a: Iron Hands|Fake Out|p1b: Amoonguss\n|-damage|p1b: Amoonguss|44/100\n|-damage|p2a: Iron Hands|0 fnt|[from] item: Rocky Helmet|[of] p1b: Amoonguss\n|faint|p2a: Iron Hands\n|-end|p2a: Iron Hands|Quark Drive|[silent]\n|move|p2b: Urshifu|Wicked Blow|p1a: Calyrex\n|-supereffective|p1a: Calyrex\n|-crit|p1a: Calyrex\n|-damage|p1a: Calyrex|25/100\n|move|p1a: Calyrex|Glacial Lance|p2b: Urshifu\n|-enditem|p2b: Urshifu|Focus Sash\n|-damage|p2b: Urshifu|1/100\n|cant|p1b: Amoonguss|flinch\n|\n|-weather|none\n|-fieldend|move: Electric Terrain\n|upkeep\n|turn|6\n|\n|t:|1746084285\n|move|p2b: Urshifu|Wicked Blow|p1a: Calyrex\n|-supereffective|p1a: Calyrex\n|-crit|p1a: Calyrex\n|-damage|p1a: Calyrex|0 fnt\n|faint|p1a: Calyrex\n|move|p1b: Amoonguss|Pollen Puff|p2b: Urshifu\n|-damage|p2b: Urshifu|0 fnt\n|faint|p2b: Urshifu\n|\n|win|angelicangel12\n||angelicangel12 is ready for game 2.\n||Hg125 is ready for game 2.\n|uhtml|next|Next: <a href=\"/battle-gen9vgc2025regibo3-2354508655\"><strong>Game 2 of 3</strong></a>\n", "uploadtime": 1746084558, "views": 13, "formatid": "gen9vgc2025regibo3", "rating": null, "private": 0, "password": null}