{"id": "gen9vgc2025regibo3-2354446857", "format": "[Gen 9] VGC 2025 Reg I (Bo3)", "players": ["idkloldude", "Hg125"], "log": "|j|\u2606idkloldude\n|j|\u2606Hg125\n|html|<table width=\"100%\"><tr><td align=\"left\">idkloldude</td><td align=\"right\">Hg125</tr><tr><td align=\"left\"><i class=\"fa fa-circle\"></i> <i class=\"fa fa-circle-o\"></i> </td><td align=\"right\"><i class=\"fa fa-circle-o\"></i> <i class=\"fa fa-circle-o\"></i> </tr></table>\n|uhtml|bestof|<h2><strong>Game 2</strong> of <a href=\"/game-bestof3-gen9vgc2025regibo3-2354444318\">a best-of-3</a></h2>\n|t:|1746072916\n|gametype|doubles\n|player|p1|idkloldude|elesa|\n|player|p2|Hg125|1|\n|teamsize|p1|6\n|teamsize|p2|6\n|gen|9\n|tier|[Gen 9] VGC 2025 Reg I (Bo3)\n|rule|Species Clause: Limit one of each Pok\u00e9mon\n|rule|Item Clause: Limit 1 of each item\n|clearpoke\n|poke|p1|Calyrex-Shadow, L50|\n|poke|p1|Terapagos, L50, M|\n|poke|p1|Rillaboom, L50, F|\n|poke|p1|Incineroar, L50, M|\n|poke|p1|Urshifu-*, L50, F|\n|poke|p1|Ogerpon-Cornerstone, L50, F|\n|poke|p2|Calyrex-Ice, L50|\n|poke|p2|Landorus, L50, M|\n|poke|p2|Iron Hands, L50|\n|poke|p2|Urshifu-*, L50, F|\n|poke|p2|Grimmsnarl, L50, M|\n|poke|p2|Miraidon, L50|\n|teampreview|4\n|showteam|p1|Calyrex-Shadow||FocusSash|AsOneSpectrier|AstralBarrage,WillOWisp,Disable,Protect||||||50|,,,,,Ghost]Terapagos||Leftovers|TeraShift|TeraStarstorm,CalmMind,EarthPower,Protect|||M|||50|,,,,,Stellar]Rillaboom||AssaultVest|GrassySurge|WoodHammer,GrassyGlide,Uturn,FakeOut|||F|||50|,,,,,Grass]Incineroar||SafetyGoggles|Intimidate|KnockOff,FakeOut,PartingShot,WillOWisp|||M|||50|,,,,,Ghost]Urshifu-Rapid-Strike||ChoiceScarf|UnseenFist|SurgingStrikes,CloseCombat,AquaJet,Uturn|||F|||50|,,,,,Water]Ogerpon-Cornerstone||CornerstoneMask|Sturdy|IvyCudgel,SpikyShield,FollowMe,PowerWhip|||F|||50|,,,,,Rock\n|showteam|p2|Calyrex-Ice||ClearAmulet|AsOneGlastrier|GlacialLance,HighHorsepower,TrickRoom,Protect||||||50|,,,,,Water]Landorus||LifeOrb|SheerForce|EarthPower,SandsearStorm,SludgeBomb,Protect|||M|||50|,,,,,Water]Iron Hands||AssaultVest|QuarkDrive|LowKick,DrainPunch,IronHead,FakeOut||||||50|,,,,,Bug]Urshifu||FocusSash|UnseenFist|WickedBlow,SuckerPunch,CloseCombat,Protect|||F|||50|,,,,,Stellar]Grimmsnarl||CovertCloak|Prankster|SpiritBreak,LightScreen,Reflect,ThunderWave|||M|||50|,,,,,Steel]Miraidon||ChoiceScarf|HadronEngine|DracoMeteor,DazzlingGleam,VoltSwitch,ElectroDrift||||||50|,,,,,Electric\n|inactive|Battle timer is ON: inactive players will automatically lose when time's up. (requested by idkloldude)\n|inactive|idkloldude has 60 seconds left.\n|inactive|Hg125 has 60 seconds left.\n|inactive|Hg125 has 30 seconds left.\n|inactive|Hg125 has 20 seconds left.\n|\n|t:|1746072987\n|start\n|switch|p1a: Terapagos|Terapagos, L50, M|100/100\n|switch|p1b: Incineroar|Incineroar, L50, M|100/100\n|switch|p2a: Urshifu|Urshifu, L50, F|100/100\n|switch|p2b: Iron Hands|Iron Hands, L50|100/100\n|-activate|p1a: Terapagos|ability: Tera Shift\n|detailschange|p1a: Terapagos|Terapagos-Terastal, L50, M\n|-heal|p1a: Terapagos|100/100|[silent]\n|-ability|p1b: Incineroar|Intimidate|boost\n|-unboost|p2a: Urshifu|atk|1\n|-unboost|p2b: Iron Hands|atk|1\n|turn|1\n|inactive|idkloldude has 30 seconds left.\n|inactive|Hg125 has 30 seconds left.\n|inactive|Hg125 has 20 seconds left.\n|\n|t:|1746073023\n|move|p2a: Urshifu|Protect|p2a: Urshifu\n|-singleturn|p2a: Urshifu|Protect\n|move|p1b: Incineroar|Fake Out|p2a: Urshifu\n|-activate|p2a: Urshifu|move: Protect\n|move|p1a: Terapagos|Calm Mind|p1a: Terapagos\n|-boost|p1a: Terapagos|spa|1\n|-boost|p1a: Terapagos|spd|1\n|move|p2b: Iron Hands|Drain Punch|p1a: Terapagos\n|-activate|p1a: Terapagos|ability: Tera Shell\n|-resisted|p1a: Terapagos\n|-damage|p1a: Terapagos|91/100\n|\n|-heal|p1a: Terapagos|97/100|[from] item: Leftovers\n|upkeep\n|turn|2\n|inactive|idkloldude has 30 seconds left.\n|inactive|Hg125 has 30 seconds left.\n|\n|t:|1746073054\n|-terastallize|p2a: Urshifu|Stellar\n|move|p1a: Terapagos|Protect|p1a: Terapagos\n|-singleturn|p1a: Terapagos|Protect\n|move|p2a: Urshifu|Close Combat|p1a: Terapagos\n|-supereffective|p1a: Terapagos\n|-damage|p1a: Terapagos|8/100\n|-unboost|p2a: Urshifu|def|1\n|-unboost|p2a: Urshifu|spd|1\n|move|p1b: Incineroar|Parting Shot|p2b: Iron Hands\n|-unboost|p2b: Iron Hands|atk|1\n|-unboost|p2b: Iron Hands|spa|1\n|\n|t:|1746073065\n|switch|p1b: Calyrex|Calyrex-Shadow, L50|100/100|[from] Parting Shot\n|-ability|p1b: Calyrex|As One\n|-ability|p1b: Calyrex|Unnerve\n|move|p2b: Iron Hands|Drain Punch|p1a: Terapagos\n|-activate|p1a: Terapagos|move: Protect\n|\n|-heal|p1a: Terapagos|14/100|[from] item: Leftovers\n|upkeep\n|turn|3\n|inactive|Hg125 has 30 seconds left.\n|inactive|idkloldude has 30 seconds left.\n|\n|t:|1746073107\n|move|p1b: Calyrex|Will-O-Wisp|p2a: Urshifu\n|-status|p2a: Urshifu|brn\n|move|p2a: Urshifu|Wicked Blow|p1b: Calyrex\n|-supereffective|p1b: Calyrex\n|-crit|p1b: Calyrex\n|-enditem|p1b: Calyrex|Focus Sash\n|-damage|p1b: Calyrex|1/100\n|move|p1a: Terapagos|Earth Power|p2b: Iron Hands\n|-supereffective|p2b: Iron Hands\n|-damage|p2b: Iron Hands|65/100\n|move|p2b: Iron Hands|Drain Punch|p1a: Terapagos\n|-supereffective|p1a: Terapagos\n|-damage|p1a: Terapagos|0 fnt\n|-heal|p2b: Iron Hands|70/100|[from] drain|[of] p1a: Terapagos\n|faint|p1a: Terapagos\n|\n|-damage|p2a: Urshifu|94/100 brn|[from] brn\n|upkeep\n|\n|t:|1746073123\n|switch|p1a: Incineroar|Incineroar, L50, M|100/100\n|-ability|p1a: Incineroar|Intimidate|boost\n|-unboost|p2a: Urshifu|atk|1\n|-unboost|p2b: Iron Hands|atk|1\n|turn|4\n|\n|t:|1746073145\n|switch|p1b: Rillaboom|Rillaboom, L50, F|100/100\n|-fieldstart|move: Grassy Terrain|[from] ability: Grassy Surge|[of] p1b: Rillaboom\n|move|p2a: Urshifu|Protect|p2a: Urshifu\n|-singleturn|p2a: Urshifu|Protect\n|move|p1a: Incineroar|Fake Out|p2a: Urshifu\n|-activate|p2a: Urshifu|move: Protect\n|move|p2b: Iron Hands|Iron Head|p1b: Rillaboom\n|-damage|p1b: Rillaboom|89/100\n|\n|-heal|p2a: Urshifu|100/100 brn|[from] Grassy Terrain\n|-heal|p1b: Rillaboom|95/100|[from] Grassy Terrain\n|-heal|p2b: Iron Hands|77/100|[from] Grassy Terrain\n|-damage|p2a: Urshifu|94/100 brn|[from] brn\n|upkeep\n|turn|5\n|inactive|Hg125 has 30 seconds left.\n|\n|t:|1746073178\n|switch|p2a: Miraidon|Miraidon, L50|100/100\n|-fieldstart|move: Electric Terrain|[from] ability: Hadron Engine|[of] p2a: Miraidon\n|-activate|p2b: Iron Hands|ability: Quark Drive\n|-start|p2b: Iron Hands|quarkdrivedef\n|move|p1b: Rillaboom|U-turn|p2a: Miraidon\n|-damage|p2a: Miraidon|80/100\n|\n|t:|1746073185\n|switch|p1b: Calyrex|Calyrex-Shadow, L50|1/100|[from] U-turn\n|-ability|p1b: Calyrex|As One\n|-ability|p1b: Calyrex|Unnerve\n|move|p1a: Incineroar|Knock Off|p2b: Iron Hands\n|-resisted|p2b: Iron Hands\n|-damage|p2b: Iron Hands|67/100\n|-enditem|p2b: Iron Hands|Assault Vest|[from] move: Knock Off|[of] p1a: Incineroar\n|move|p2b: Iron Hands|Iron Head|p1a: Incineroar\n|-resisted|p1a: Incineroar\n|-damage|p1a: Incineroar|96/100\n|\n|upkeep\n|turn|6\n|inactive|Hg125 has 30 seconds left.\n|\n|t:|1746073213\n|switch|p1a: Rillaboom|Rillaboom, L50, F|95/100\n|-fieldstart|move: Grassy Terrain|[from] ability: Grassy Surge|[of] p1a: Rillaboom\n|-end|p2b: Iron Hands|Quark Drive\n|move|p1b: Calyrex|Protect|p1b: Calyrex\n|-singleturn|p1b: Calyrex|Protect\n|move|p2a: Miraidon|Volt Switch|p1a: Rillaboom\n|-resisted|p1a: Rillaboom\n|-damage|p1a: Rillaboom|83/100\n|\n|t:|1746073225\n|switch|p2a: Urshifu|Urshifu, L50, F, tera:Stellar|94/100 brn|[from] Volt Switch\n|move|p2b: Iron Hands|Drain Punch|p1a: Rillaboom\n|-damage|p1a: Rillaboom|68/100\n|-heal|p2b: Iron Hands|74/100|[from] drain|[of] p1a: Rillaboom\n|\n|-heal|p1b: Calyrex|7/100|[from] Grassy Terrain\n|-heal|p2a: Urshifu|100/100 brn|[from] Grassy Terrain\n|-heal|p1a: Rillaboom|74/100|[from] Grassy Terrain\n|-heal|p2b: Iron Hands|80/100|[from] Grassy Terrain\n|-damage|p2a: Urshifu|94/100 brn|[from] brn\n|upkeep\n|turn|7\n|\n|t:|1746073244\n|move|p1b: Calyrex|Protect||[still]\n|-fail|p1b: Calyrex\n|move|p2a: Urshifu|Protect|p2a: Urshifu\n|-singleturn|p2a: Urshifu|Protect\n|move|p1a: Rillaboom|U-turn|p2a: Urshifu\n|-activate|p2a: Urshifu|move: Protect\n|move|p2b: Iron Hands|Iron Head|p1b: Calyrex\n|-damage|p1b: Calyrex|0 fnt\n|faint|p1b: Calyrex\n|\n|-heal|p2a: Urshifu|100/100 brn|[from] Grassy Terrain\n|-heal|p1a: Rillaboom|80/100|[from] Grassy Terrain\n|-heal|p2b: Iron Hands|86/100|[from] Grassy Terrain\n|-damage|p2a: Urshifu|94/100 brn|[from] brn\n|upkeep\n|\n|t:|1746073250\n|switch|p1b: Incineroar|Incineroar, L50, M|96/100\n|-ability|p1b: Incineroar|Intimidate|boost\n|-unboost|p2a: Urshifu|atk|1\n|-unboost|p2b: Iron Hands|atk|1\n|turn|8\n|inactive|Hg125 has 30 seconds left.\n|\n|t:|1746073280\n|switch|p2a: Miraidon|Miraidon, L50|80/100\n|-fieldstart|move: Electric Terrain|[from] ability: Hadron Engine|[of] p2a: Miraidon\n|-activate|p2b: Iron Hands|ability: Quark Drive\n|-start|p2b: Iron Hands|quarkdrivedef\n|-end|p2b: Iron Hands|Quark Drive|[silent]\n|switch|p2b: Landorus|Landorus, L50, M|100/100\n|move|p1a: Rillaboom|Wood Hammer|p2a: Miraidon\n|-resisted|p2a: Miraidon\n|-damage|p2a: Miraidon|57/100\n|-damage|p1a: Rillaboom|73/100|[from] Recoil\n|move|p1b: Incineroar|Knock Off|p2a: Miraidon\n|-damage|p2a: Miraidon|24/100\n|-enditem|p2a: Miraidon|Choice Scarf|[from] move: Knock Off|[of] p1b: Incineroar\n|\n|upkeep\n|turn|9\n|inactive|Hg125 has 30 seconds left.\n|\n|t:|1746073305\n|move|p2a: Miraidon|Draco Meteor|p1a: Rillaboom|[miss]\n|-miss|p2a: Miraidon|p1a: Rillaboom\n|move|p2b: Landorus|Earth Power|p1b: Incineroar\n|-supereffective|p1b: Incineroar\n|-damage|p1b: Incineroar|0 fnt\n|faint|p1b: Incineroar\n|move|p1a: Rillaboom|Wood Hammer|p2a: Miraidon\n|-resisted|p2a: Miraidon\n|-damage|p2a: Miraidon|0 fnt\n|faint|p2a: Miraidon\n|-damage|p1a: Rillaboom|66/100|[from] Recoil\n|\n|upkeep\n|\n|t:|1746073319\n|switch|p2a: Iron Hands|Iron Hands, L50|86/100\n|-activate|p2a: Iron Hands|ability: Quark Drive\n|-start|p2a: Iron Hands|quarkdriveatk\n|turn|10\n|\n|t:|1746073326\n|move|p2a: Iron Hands|Fake Out|p1a: Rillaboom\n|-damage|p1a: Rillaboom|50/100\n|move|p2b: Landorus|Sludge Bomb|p1a: Rillaboom\n|-supereffective|p1a: Rillaboom\n|-damage|p1a: Rillaboom|0 fnt\n|faint|p1a: Rillaboom\n|\n|win|Hg125\n||idkloldude is ready for game 3.\n|inactive|Hg125 has 30 seconds to confirm battle start!\n||Hg125 is ready for game 3.\n|uhtml|next|Next: <a href=\"/battle-gen9vgc2025regibo3-2354449702\"><strong>Game 3 of 3</strong></a>\n", "uploadtime": 1746074077, "views": 7, "formatid": "gen9vgc2025regibo3", "rating": null, "private": 0, "password": null}