{"id": "gen9vgc2025regibo3-2353345544", "format": "[Gen 9] VGC 2025 Reg I (Bo3)", "players": ["Jean CHASUBLE 1", "messi-05"], "log": "|j|\u2606Jean CHASUBLE 1\n|j|\u2606messi-05\n|html|<table width=\"100%\"><tr><td align=\"left\">Jean CHASUBLE 1</td><td align=\"right\">messi-05</tr><tr><td align=\"left\"><i class=\"fa fa-circle-o\"></i> <i class=\"fa fa-circle-o\"></i> </td><td align=\"right\"><i class=\"fa fa-circle-o\"></i> <i class=\"fa fa-circle-o\"></i> </tr></table>\n|uhtml|bestof|<h2><strong>Game 1</strong> of <a href=\"/game-bestof3-gen9vgc2025regibo3-2353345543\">a best-of-3</a></h2>\n|t:|1745948154\n|gametype|doubles\n|player|p1|Jean CHASUBLE 1|cheren-gen5bw2|1203\n|player|p2|messi-05|266|1201\n|teamsize|p1|6\n|teamsize|p2|6\n|gen|9\n|tier|[Gen 9] VGC 2025 Reg I (Bo3)\n|rated|\n|rule|Species Clause: Limit one of each Pok\u00e9mon\n|rule|Item Clause: Limit 1 of each item\n|clearpoke\n|poke|p1|Kyogre, L50|\n|poke|p1|Zacian-*, L50|\n|poke|p1|Tornadus, L50, M|\n|poke|p1|Landorus, L50, M|\n|poke|p1|Amoonguss, L50, M|\n|poke|p1|Urshifu-*, L50, M|\n|poke|p2|Terapagos, L50, M|\n|poke|p2|Koraidon, L50|\n|poke|p2|Incineroar, L50, M|\n|poke|p2|Rillaboom, L50, F|\n|poke|p2|Ogerpon-Cornerstone, L50, F|\n|poke|p2|Flutter Mane, L50|\n|teampreview|4\n|showteam|p1|Kyogre||AssaultVest|Drizzle|Thunder,WaterSpout,IceBeam,HydroPump||||||50|,,,,,Grass]Zacian-Crowned||RustedSword|IntrepidSword|Protect,PlayRough,behemothblade,SacredSword||||||50|,,,,,Fairy]Tornadus||CovertCloak|Prankster|Tailwind,Taunt,BleakwindStorm,RainDance|||M|||50|,,,,,Dark]Landorus||LifeOrb|SheerForce|EarthPower,SandsearStorm,SludgeBomb,Protect|||M|||50|,,,,,Poison]Amoonguss||RockyHelmet|Regenerator|Spore,PollenPuff,Protect,RagePowder|||M|||50|,,,,,Water]Urshifu-Rapid-Strike||ChoiceScarf|UnseenFist|SurgingStrikes,Uturn,AquaJet,CloseCombat|||M|||50|,,,,,Water\n|showteam|p2|Terapagos||Leftovers|TeraShift|TeraStarstorm,CalmMind,Substitute,Protect|||M|||50|,,,,,Stellar]Koraidon||LifeOrb|OrichalcumPulse|FlareBlitz,CloseCombat,FlameCharge,Protect||||||50|,,,,,Fire]Incineroar||RockyHelmet|Intimidate|KnockOff,PartingShot,WillOWisp,FakeOut|||M|||50|,,,,,Water]Rillaboom||AssaultVest|GrassySurge|WoodHammer,GrassyGlide,Uturn,FakeOut|||F|||50|,,,,,Water]Ogerpon-Cornerstone||CornerstoneMask|Sturdy|IvyCudgel,GrassyGlide,FollowMe,SpikyShield|||F|||50|,,,,,Rock]Flutter Mane||ChoiceSpecs|Protosynthesis|Moonblast,DazzlingGleam,ShadowBall,IcyWind||||||50|,,,,,Fairy\n|inactive|Battle timer is ON: inactive players will automatically lose when time's up. (requested by messi-05)\n|inactive|Jean CHASUBLE 1 has 60 seconds left.\n|inactive|messi-05 has 60 seconds left.\n|\n|t:|1745948199\n|start\n|switch|p1a: Tornadus|Tornadus, L50, M|100/100\n|switch|p1b: Urshifu|Urshifu-Rapid-Strike, L50, M|100/100\n|switch|p2a: Rillaboom|Rillaboom, L50, F|100/100\n|switch|p2b: Ogerpon|Ogerpon-Cornerstone, L50, F|100/100\n|-fieldstart|move: Grassy Terrain|[from] ability: Grassy Surge|[of] p2a: Rillaboom\n|turn|1\n|\n|t:|1745948214\n|switch|p1b: Kyogre|Kyogre, L50|100/100\n|-weather|RainDance|[from] ability: Drizzle|[of] p1b: Kyogre\n|-terastallize|p1a: Tornadus|Dark\n|move|p2a: Rillaboom|Fake Out|p1b: Kyogre\n|-damage|p1b: Kyogre|88/100\n|move|p2b: Ogerpon|Ivy Cudgel|p1a: Tornadus|[anim] Ivy Cudgel Rock\n|-damage|p1a: Tornadus|49/100\n|move|p1a: Tornadus|Bleakwind Storm|p2a: Rillaboom|[spread] p2a,p2b\n|-supereffective|p2a: Rillaboom\n|-crit|p2b: Ogerpon\n|-damage|p2a: Rillaboom|62/100\n|-damage|p2b: Ogerpon|46/100\n|\n|-weather|RainDance|[upkeep]\n|-heal|p2b: Ogerpon|52/100|[from] Grassy Terrain\n|-heal|p1a: Tornadus|55/100|[from] Grassy Terrain\n|-heal|p1b: Kyogre|94/100|[from] Grassy Terrain\n|-heal|p2a: Rillaboom|68/100|[from] Grassy Terrain\n|upkeep\n|turn|2\n|\n|t:|1745948236\n|move|p2b: Ogerpon|Grassy Glide|p1b: Kyogre\n|-supereffective|p1b: Kyogre\n|-damage|p1b: Kyogre|15/100\n|move|p1a: Tornadus|Tailwind|p1a: Tornadus\n|-sidestart|p1: Jean CHASUBLE 1|move: Tailwind\n|move|p1b: Kyogre|Ice Beam|p2b: Ogerpon\n|-supereffective|p2b: Ogerpon\n|-damage|p2b: Ogerpon|0 fnt\n|faint|p2b: Ogerpon\n|move|p2a: Rillaboom|U-turn|p1b: Kyogre\n|-damage|p1b: Kyogre|0 fnt\n|faint|p1b: Kyogre\n|\n|t:|1745948249\n|switch|p2a: Terapagos|Terapagos, L50, M|100/100|[from] U-turn\n|-activate|p2a: Terapagos|ability: Tera Shift\n|detailschange|p2a: Terapagos|Terapagos-Terastal, L50, M\n|-heal|p2a: Terapagos|100/100|[silent]\n|\n|-weather|RainDance|[upkeep]\n|-heal|p1a: Tornadus|61/100|[from] Grassy Terrain\n|upkeep\n|\n|t:|1745948258\n|switch|p2b: Rillaboom|Rillaboom, L50, F|68/100\n|switch|p1b: Landorus|Landorus, L50, M|100/100\n|turn|3\n|\n|t:|1745948269\n|move|p1b: Landorus|Protect|p1b: Landorus\n|-singleturn|p1b: Landorus|Protect\n|move|p2b: Rillaboom|Fake Out|p1b: Landorus\n|-activate|p1b: Landorus|move: Protect\n|move|p1a: Tornadus|Taunt|p2a: Terapagos\n|-start|p2a: Terapagos|move: Taunt\n|cant|p2a: Terapagos|move: Taunt|Calm Mind\n|\n|-weather|RainDance|[upkeep]\n|-heal|p1a: Tornadus|67/100|[from] Grassy Terrain\n|-heal|p2b: Rillaboom|73/100|[from] Grassy Terrain\n|upkeep\n|turn|4\n|\n|t:|1745948287\n|move|p2b: Rillaboom|Grassy Glide|p1b: Landorus\n|-damage|p1b: Landorus|56/100\n|move|p1b: Landorus|Sludge Bomb|p2b: Rillaboom\n|-supereffective|p2b: Rillaboom\n|-damage|p2b: Rillaboom|7/100\n|move|p1a: Tornadus|Bleakwind Storm|p2b: Rillaboom|[spread] p2a,p2b\n|-activate|p2a: Terapagos|ability: Tera Shell\n|-resisted|p2a: Terapagos\n|-supereffective|p2b: Rillaboom\n|-damage|p2a: Terapagos|87/100\n|-damage|p2b: Rillaboom|0 fnt\n|-unboost|p2a: Terapagos|spe|1\n|faint|p2b: Rillaboom\n|move|p2a: Terapagos|Tera Starstorm|p1a: Tornadus\n|-damage|p1a: Tornadus|9/100\n|\n|-weather|RainDance|[upkeep]\n|-heal|p1a: Tornadus|14/100|[from] Grassy Terrain\n|-heal|p2a: Terapagos|94/100|[from] Grassy Terrain\n|-heal|p2a: Terapagos|99/100|[from] item: Leftovers\n|upkeep\n|\n|t:|1745948301\n|switch|p2b: Koraidon|Koraidon, L50|100/100\n|-weather|SunnyDay|[from] ability: Orichalcum Pulse|[of] p2b: Koraidon\n|-activate|p2b: Koraidon|Orichalcum Pulse|[source]\n|turn|5\n|\n|t:|1745948323\n|move|p2b: Koraidon|Protect|p2b: Koraidon\n|-singleturn|p2b: Koraidon|Protect\n|move|p1a: Tornadus|Rain Dance|p1a: Tornadus\n|-weather|RainDance\n|move|p1b: Landorus|Sandsear Storm|p2a: Terapagos|[spread] p2a\n|-activate|p2b: Koraidon|move: Protect\n|-damage|p2a: Terapagos|51/100\n|move|p2a: Terapagos|Tera Starstorm|p1a: Tornadus\n|-damage|p1a: Tornadus|0 fnt\n|faint|p1a: Tornadus\n|\n|-weather|RainDance|[upkeep]\n|-heal|p2a: Terapagos|57/100|[from] Grassy Terrain\n|-heal|p2a: Terapagos|64/100|[from] item: Leftovers\n|-end|p2a: Terapagos|move: Taunt\n|-sideend|p1: Jean CHASUBLE 1|move: Tailwind\n|-fieldend|move: Grassy Terrain\n|upkeep\n|\n|t:|1745948337\n|switch|p1a: Urshifu|Urshifu-Rapid-Strike, L50, M|100/100\n|turn|6\n|inactive|Jean CHASUBLE 1 has 30 seconds left.\n|inactive|messi-05 has 30 seconds left.\n|\n|t:|1745948366\n|-terastallize|p2a: Terapagos|Stellar\n|detailschange|p2a: Terapagos|Terapagos-Stellar, L50, M, tera:Stellar\n|-heal|p2a: Terapagos|73/100|[silent]\n|-ability|p2a: Terapagos|Teraform Zero\n|-weather|none\n|move|p1a: Urshifu|Close Combat|p2a: Terapagos\n|-supereffective|p2a: Terapagos\n|-damage|p2a: Terapagos|0 fnt\n|-unboost|p1a: Urshifu|def|1\n|-unboost|p1a: Urshifu|spd|1\n|faint|p2a: Terapagos\n|move|p2b: Koraidon|Close Combat|p1a: Urshifu\n|-damage|p1a: Urshifu|0 fnt\n|-unboost|p2b: Koraidon|def|1\n|-unboost|p2b: Koraidon|spd|1\n|faint|p1a: Urshifu\n|-damage|p2b: Koraidon|91/100|[from] item: Life Orb\n|move|p1b: Landorus|Earth Power|p2b: Koraidon\n|-damage|p2b: Koraidon|0 fnt\n|faint|p2b: Koraidon\n|\n|win|Jean CHASUBLE 1\n|inactive|Jean CHASUBLE 1 has 30 seconds to confirm battle start!\n|inactive|messi-05 has 30 seconds to confirm battle start!\n||messi-05 is ready for game 2.\n|inactive|Jean CHASUBLE 1 has 20 seconds to confirm battle start!\n||Jean CHASUBLE 1 is ready for game 2.\n|uhtml|next|Next: <a href=\"/battle-gen9vgc2025regibo3-2353348542\"><strong>Game 2 of 3</strong></a>\n", "uploadtime": 1745948392, "views": 18, "formatid": "gen9vgc2025regibo3", "rating": null, "private": 0, "password": null}