{"id": "gen9vgc2025regibo3-2353727618", "format": "[Gen 9] VGC 2025 Reg I (Bo3)", "players": ["theanamoly", "Miraidon For Life"], "log": "|j|\u2606theanamoly\n|j|\u2606Miraidon For Life\n|html|<table width=\"100%\"><tr><td align=\"left\">theanamoly</td><td align=\"right\">Miraidon For Life</tr><tr><td align=\"left\"><i class=\"fa fa-circle-o\"></i> <i class=\"fa fa-circle-o\"></i> </td><td align=\"right\"><i class=\"fa fa-circle-o\"></i> <i class=\"fa fa-circle\"></i> </tr></table>\n|uhtml|bestof|<h2><strong>Game 2</strong> of <a href=\"/game-bestof3-gen9vgc2025regibo3-2353725461\">a best-of-3</a></h2>\n|t:|1745989646\n|gametype|doubles\n|player|p1|theanamoly|102|1000\n|player|p2|Miraidon For Life|hilbert|1000\n|teamsize|p1|6\n|teamsize|p2|6\n|gen|9\n|tier|[Gen 9] VGC 2025 Reg I (Bo3)\n|rated|\n|rule|Species Clause: Limit one of each Pok\u00e9mon\n|rule|Item Clause: Limit 1 of each item\n|clearpoke\n|poke|p1|Sneasler, L50, M|\n|poke|p1|Calyrex-Shadow, L50|\n|poke|p1|Dondozo, L50, M|\n|poke|p1|Tatsugiri-Droopy, L50, M|\n|poke|p1|Chi-Yu, L50|\n|poke|p1|Miraidon, L50|\n|poke|p2|Miraidon, L50|\n|poke|p2|Calyrex-Ice, L50|\n|poke|p2|Iron Hands, L50|\n|poke|p2|Farigiraf, L50, M|\n|poke|p2|Ursaluna-Bloodmoon, L50, M|\n|poke|p2|Ogerpon-Cornerstone, L50, F|\n|teampreview|4\n|showteam|p1|Sneasler||ElectricSeed|Unburden|CloseCombat,DireClaw,ToxicSpikes,FakeOut|||M|||50|,,,,,Dark]Calyrex-Shadow||LifeOrb|AsOneSpectrier|AstralBarrage,Psychic,Encore,Protect||||||50|,,,,,Dark]Dondozo||Leftovers|Unaware|Earthquake,BodyPress,OrderUp,Protect|||M|||50|,,,,,Grass]Tatsugiri-Droopy||FocusSash|Commander|DracoMeteor,MuddyWater,HelpingHand,Protect|||M|||50|,,,,,Stellar]Chi-Yu||ChoiceScarf|BeadsofRuin|Overheat,HeatWave,ScaryFace,Snarl||||||50|,,,,,Ghost]Miraidon||AssaultVest|HadronEngine|ElectroDrift,DracoMeteor,DazzlingGleam,VoltSwitch||||||50|,,,,,Fairy\n|showteam|p2|Miraidon||ChoiceScarf|HadronEngine|ElectroDrift,VoltSwitch,DracoMeteor,Snarl||||||50|,,,,,Electric]Calyrex-Ice||ClearAmulet|AsOneGlastrier|GlacialLance,HighHorsepower,TrickRoom,Protect||||||50|,,,,,Fire]Iron Hands||AssaultVest|QuarkDrive|DrainPunch,LowKick,WildCharge,FakeOut||||||50|,,,,,Water]Farigiraf||ElectricSeed|ArmorTail|TrickRoom,Psychic,FoulPlay,HelpingHand|||M|||50|,,,,,Water]Ursaluna-Bloodmoon||LifeOrb|MindsEye|Protect,HyperVoice,EarthPower,BloodMoon|||M|||50|,,,,,Normal]Ogerpon-Cornerstone||CornerstoneMask|Sturdy|IvyCudgel,Taunt,SpikyShield,FollowMe|||F|||50|,,,,,Rock\n|inactive|Battle timer is ON: inactive players will automatically lose when time's up. (requested by Miraidon For Life)\n|\n|t:|1745989682\n|start\n|switch|p1a: Sneasler|Sneasler, L50, M|100/100\n|switch|p1b: Calyrex|Calyrex-Shadow, L50|100/100\n|switch|p2a: Miraidon|Miraidon, L50|100/100\n|switch|p2b: Iron Hands|Iron Hands, L50|100/100\n|-ability|p1b: Calyrex|As One\n|-ability|p1b: Calyrex|Unnerve\n|-fieldstart|move: Electric Terrain|[from] ability: Hadron Engine|[of] p2a: Miraidon\n|-enditem|p1a: Sneasler|Electric Seed\n|-boost|p1a: Sneasler|def|1|[from] item: Electric Seed\n|-activate|p2b: Iron Hands|ability: Quark Drive\n|-start|p2b: Iron Hands|quarkdriveatk\n|turn|1\n|inactive|theanamoly has 30 seconds left.\n|inactive|Miraidon For Life has 30 seconds left.\n|inactive|Miraidon For Life has 20 seconds left.\n|inactive|Miraidon For Life has 15 seconds left.\n|\n|t:|1745989723\n|move|p1a: Sneasler|Fake Out|p2a: Miraidon\n|-damage|p2a: Miraidon|86/100\n|cant|p2a: Miraidon|flinch\n|move|p1b: Calyrex|Astral Barrage|p2b: Iron Hands|[spread] p2a,p2b\n|-damage|p2a: Miraidon|22/100\n|-damage|p2b: Iron Hands|56/100\n|-damage|p1b: Calyrex|91/100|[from] item: Life Orb\n|move|p2b: Iron Hands|Wild Charge|p1b: Calyrex\n|-damage|p1b: Calyrex|0 fnt\n|faint|p1b: Calyrex\n|-damage|p2b: Iron Hands|39/100|[from] Recoil\n|\n|upkeep\n|\n|t:|1745989743\n|switch|p1b: Dondozo|Dondozo, L50, M|100/100\n|turn|2\n|inactive|theanamoly has 30 seconds left.\n|\n|t:|1745989772\n|switch|p2a: Calyrex|Calyrex-Ice, L50|100/100\n|-ability|p2a: Calyrex|As One\n|-ability|p2a: Calyrex|Unnerve\n|move|p1b: Dondozo|Protect|p1b: Dondozo\n|-singleturn|p1b: Dondozo|Protect\n|move|p1a: Sneasler|Dire Claw|p2a: Calyrex\n|-damage|p2a: Calyrex|77/100\n|move|p2b: Iron Hands|Wild Charge|p1a: Sneasler\n|-damage|p1a: Sneasler|0 fnt\n|faint|p1a: Sneasler\n|-damage|p2b: Iron Hands|23/100|[from] Recoil\n|\n|upkeep\n|\n|t:|1745989786\n|switch|p1a: Tatsugiri|Tatsugiri-Droopy, L50, M|100/100\n|-activate|p1a: Tatsugiri|ability: Commander|[of] p1b: Dondozo\n|-boost|p1b: Dondozo|atk|2\n|-boost|p1b: Dondozo|spa|2\n|-boost|p1b: Dondozo|spe|2\n|-boost|p1b: Dondozo|def|2\n|-boost|p1b: Dondozo|spd|2\n|turn|3\n|inactive|theanamoly has 30 seconds left.\n|\n|t:|1745989814\n|-end|p2b: Iron Hands|Quark Drive|[silent]\n|switch|p2b: Ursaluna|Ursaluna-Bloodmoon, L50, M|100/100\n|-terastallize|p1b: Dondozo|Grass\n|move|p1b: Dondozo|Earthquake|p2a: Calyrex|[spread] p2a,p2b\n|-miss|p1b: Dondozo|p1a: Tatsugiri\n|-damage|p2a: Calyrex|55/100\n|-damage|p2b: Ursaluna|78/100\n|move|p2a: Calyrex|Trick Room|p2a: Calyrex\n|-fieldstart|move: Trick Room|[of] p2a: Calyrex\n|\n|upkeep\n|turn|4\n|\n|t:|1745989834\n|move|p2b: Ursaluna|Hyper Voice|p1b: Dondozo|[spread] p1b\n|-miss|p2b: Ursaluna|p1a: Tatsugiri\n|-damage|p1b: Dondozo|77/100\n|-damage|p2b: Ursaluna|69/100|[from] item: Life Orb\n|move|p2a: Calyrex|Glacial Lance|p1a: Tatsugiri|[spread] p1b\n|-miss|p2a: Calyrex|p1a: Tatsugiri\n|-supereffective|p1b: Dondozo\n|-damage|p1b: Dondozo|43/100\n|move|p1b: Dondozo|Body Press|p2a: Calyrex\n|-damage|p2a: Calyrex|20/100\n|\n|-heal|p1b: Dondozo|49/100|[from] item: Leftovers\n|upkeep\n|turn|5\n|\n|t:|1745989850\n|move|p1b: Dondozo|Protect|p1b: Dondozo\n|-singleturn|p1b: Dondozo|Protect\n|move|p2b: Ursaluna|Hyper Voice|p1a: Tatsugiri|[spread] \n|-miss|p2b: Ursaluna|p1a: Tatsugiri\n|-activate|p1b: Dondozo|move: Protect\n|move|p2a: Calyrex|Glacial Lance|p1b: Dondozo|[spread] \n|-miss|p2a: Calyrex|p1a: Tatsugiri\n|-activate|p1b: Dondozo|move: Protect\n|\n|-heal|p1b: Dondozo|55/100|[from] item: Leftovers\n|-fieldend|move: Electric Terrain\n|upkeep\n|turn|6\n|\n|t:|1745989874\n|-terastallize|p2b: Ursaluna|Normal\n|move|p2b: Ursaluna|Blood Moon|p1b: Dondozo\n|-damage|p1b: Dondozo|0 fnt\n|faint|p1b: Dondozo\n|-damage|p2b: Ursaluna|59/100|[from] item: Life Orb\n|move|p2a: Calyrex|Glacial Lance|p1a: Tatsugiri\n|-enditem|p1a: Tatsugiri|Focus Sash\n|-damage|p1a: Tatsugiri|1/100\n|\n|upkeep\n|turn|7\n|\n|t:|1745989890\n|move|p2b: Ursaluna|Hyper Voice|p1a: Tatsugiri\n|-damage|p1a: Tatsugiri|0 fnt\n|faint|p1a: Tatsugiri\n|-damage|p2b: Ursaluna|49/100|[from] item: Life Orb\n|\n|win|Miraidon For Life\n|raw|theanamoly's rating: 1000 &rarr; <strong>1000</strong><br />(+0 for losing)\n|raw|Miraidon For Life's rating: 1000 &rarr; <strong>1040</strong><br />(+40 for winning)\n|l|\u2606Miraidon For Life\n|player|p2|\n", "uploadtime": 1745989901, "views": 25, "formatid": "gen9vgc2025regibo3", "rating": 1000, "private": 0, "password": null}