{"id": "gen9vgc2025regibo3-2353953824", "format": "[Gen 9] VGC 2025 Reg I (Bo3)", "players": ["bertcamem", "Inkin"], "log": "|j|\u2606bertcamem\n|j|\u2606Inkin\n|html|<table width=\"100%\"><tr><td align=\"left\">bertcamem</td><td align=\"right\">Inkin</tr><tr><td align=\"left\"><i class=\"fa fa-circle-o\"></i> <i class=\"fa fa-circle-o\"></i> </td><td align=\"right\"><i class=\"fa fa-circle-o\"></i> <i class=\"fa fa-circle\"></i> </tr></table>\n|uhtml|bestof|<h2><strong>Game 2</strong> of <a href=\"/game-bestof3-gen9vgc2025regibo3-2353949872\">a best-of-3</a></h2>\n|t:|1746022223\n|gametype|doubles\n|player|p1|bertcamem|169|1234\n|player|p2|Inkin|shadowtriad|1333\n|teamsize|p1|6\n|teamsize|p2|6\n|gen|9\n|tier|[Gen 9] VGC 2025 Reg I (Bo3)\n|rated|\n|rule|Species Clause: Limit one of each Pok\u00e9mon\n|rule|Item Clause: Limit 1 of each item\n|clearpoke\n|poke|p1|Koraidon, L50|\n|poke|p1|Ho-Oh, L50|\n|poke|p1|Gurdurr, L50, M|\n|poke|p1|Flutter Mane, L50|\n|poke|p1|Rillaboom, L50, M|\n|poke|p1|Raging Bolt, L50|\n|poke|p2|Koraidon, L50|\n|poke|p2|Lunala, L50|\n|poke|p2|Flutter Mane, L50|\n|poke|p2|Ursaluna, L50, F|\n|poke|p2|Rillaboom, L50, M|\n|poke|p2|Chi-Yu, L50|\n|teampreview|4\n|showteam|p1|Koraidon||LifeOrb|OrichalcumPulse|FlareBlitz,CloseCombat,Protect,Uturn||||||50|,,,,,Fire]Ho-Oh||ClearAmulet|Regenerator|SacredFire,BraveBird,Protect,Tailwind||||||50|,,,,,Grass]Gurdurr||Eviolite|IronFist|DrainPunch,Coaching,WideGuard,HelpingHand|||M|||50|,,,,,Water]Flutter Mane||FocusSash|Protosynthesis|Moonblast,ShadowBall,Taunt,IcyWind||||||50|,,,,,Normal]Rillaboom||AssaultVest|GrassySurge|FakeOut,GrassyGlide,HighHorsepower,Uturn|||M|||50|,,,,,Fire]Raging Bolt||BoosterEnergy|Protosynthesis|Protect,Thunderclap,Thunderbolt,DracoMeteor||||||50|,,,,,Fairy\n|showteam|p2|Koraidon||LifeOrb|OrichalcumPulse|CloseCombat,FlareBlitz,FlameCharge,Protect||||||50|,,,,,Fire]Lunala||PowerHerb|ShadowShield|MeteorBeam,MoongeistBeam,TrickRoom,WideGuard||||||50|,,,,,Grass]Flutter Mane||FocusSash|Protosynthesis|IcyWind,Moonblast,ShadowBall,Protect||||||50|,,,,,Normal]Ursaluna||FlameOrb|Guts|HeadlongRush,Earthquake,Facade,Protect|||F|||50|,,,,,Water]Rillaboom||AssaultVest|GrassySurge|FakeOut,GrassyGlide,WoodHammer,Uturn|||M|||50|,,,,,Fire]Chi-Yu||ChoiceScarf|BeadsofRuin|HeatWave,Overheat,DarkPulse,Snarl||||||50|,,,,,Ghost\n|inactive|Battle timer is ON: inactive players will automatically lose when time's up. (requested by bertcamem)\n|\n|t:|1746022252\n|start\n|switch|p1a: Sun|Koraidon, L50|100/100\n|switch|p1b: Magician|Flutter Mane, L50|100/100\n|switch|p2a: Lunala|Lunala, L50|100/100\n|switch|p2b: Rillaboom|Rillaboom, L50, M|100/100\n|-weather|SunnyDay|[from] ability: Orichalcum Pulse|[of] p1a: Sun\n|-activate|p1b: Magician|ability: Protosynthesis\n|-start|p1b: Magician|protosynthesisspe\n|-activate|p1a: Sun|Orichalcum Pulse|[source]\n|-fieldstart|move: Grassy Terrain|[from] ability: Grassy Surge|[of] p2b: Rillaboom\n|turn|1\n|inactive|Inkin has 30 seconds left.\n|inactive|Inkin has 20 seconds left.\n|inactive|Inkin has 15 seconds left.\n|inactive|Inkin has 10 seconds left.\n|inactive|Inkin has 5 seconds left.\n|\n|t:|1746022305\n|move|p2b: Rillaboom|Fake Out|p1a: Sun\n|-damage|p1a: Sun|89/100\n|move|p1b: Magician|Shadow Ball|p2a: Lunala\n|-supereffective|p2a: Lunala\n|-damage|p2a: Lunala|37/100\n|-unboost|p2a: Lunala|spd|1\n|cant|p1a: Sun|flinch\n|move|p2a: Lunala|Meteor Beam||[still]\n|-prepare|p2a: Lunala|Meteor Beam\n|-boost|p2a: Lunala|spa|1\n|-enditem|p2a: Lunala|Power Herb\n|-anim|p2a: Lunala|Meteor Beam|p1b: Magician\n|-crit|p1b: Magician\n|-enditem|p1b: Magician|Focus Sash\n|-damage|p1b: Magician|1/100\n|\n|-weather|SunnyDay|[upkeep]\n|-heal|p1b: Magician|7/100|[from] Grassy Terrain\n|-heal|p1a: Sun|95/100|[from] Grassy Terrain\n|-heal|p2a: Lunala|43/100|[from] Grassy Terrain\n|upkeep\n|turn|2\n|inactive|Inkin has 30 seconds left.\n|\n|t:|1746022332\n|-end|p1b: Magician|Protosynthesis|[silent]\n|switch|p1b: Emperor|Ho-Oh, L50|100/100\n|move|p2b: Rillaboom|Grassy Glide|p1b: Emperor\n|-resisted|p1b: Emperor\n|-damage|p1b: Emperor|93/100\n|move|p1a: Sun|U-turn|p2a: Lunala\n|-damage|p2a: Lunala|8/100\n|-damage|p1a: Sun|85/100|[from] item: Life Orb\n|\n|t:|1746022338\n|switch|p1a: Strength|Gurdurr, L50, M|100/100|[from] U-turn\n|move|p2a: Lunala|Trick Room|p2a: Lunala\n|-fieldstart|move: Trick Room|[of] p2a: Lunala\n|\n|-weather|SunnyDay|[upkeep]\n|-heal|p2a: Lunala|14/100|[from] Grassy Terrain\n|upkeep\n|turn|3\n|\n|t:|1746022366\n|-terastallize|p1b: Emperor|Grass\n|move|p1a: Strength|Coaching|p1b: Emperor\n|-boost|p1b: Emperor|atk|1\n|-boost|p1b: Emperor|def|1\n|move|p2b: Rillaboom|Wood Hammer|p1a: Strength\n|-damage|p1a: Strength|61/100\n|-damage|p2b: Rillaboom|88/100|[from] Recoil\n|move|p1b: Emperor|Sacred Fire|p2b: Rillaboom\n|-supereffective|p2b: Rillaboom\n|-damage|p2b: Rillaboom|0 fnt\n|faint|p2b: Rillaboom\n|move|p2a: Lunala|Moongeist Beam|p1b: Emperor\n|-damage|p1b: Emperor|41/100\n|\n|-weather|SunnyDay|[upkeep]\n|-heal|p1a: Strength|68/100|[from] Grassy Terrain\n|-heal|p1b: Emperor|47/100|[from] Grassy Terrain\n|-heal|p2a: Lunala|20/100|[from] Grassy Terrain\n|upkeep\n|\n|t:|1746022376\n|switch|p2b: Ursaluna|Ursaluna, L50, F|100/100\n|turn|4\n|inactive|bertcamem has 30 seconds left.\n|\n|t:|1746022406\n|switch|p1b: Sun|Koraidon, L50|85/100\n|-activate|p1b: Sun|ability: Orichalcum Pulse\n|move|p2b: Ursaluna|Protect|p2b: Ursaluna\n|-singleturn|p2b: Ursaluna|Protect\n|move|p1a: Strength|Coaching|p1b: Sun\n|-boost|p1b: Sun|atk|1\n|-boost|p1b: Sun|def|1\n|move|p2a: Lunala|Moongeist Beam|p1a: Strength\n|-damage|p1a: Strength|0 fnt\n|faint|p1a: Strength\n|\n|-weather|SunnyDay|[upkeep]\n|-heal|p2a: Lunala|26/100|[from] Grassy Terrain\n|-heal|p1b: Sun|91/100|[from] Grassy Terrain\n|-status|p2b: Ursaluna|brn|[from] item: Flame Orb\n|upkeep\n|\n|t:|1746022423\n|switch|p1a: Emperor|Ho-Oh, L50, tera:Grass|81/100\n|turn|5\n|\n|t:|1746022434\n|move|p1b: Sun|Protect|p1b: Sun\n|-singleturn|p1b: Sun|Protect\n|move|p2b: Ursaluna|Facade|p1b: Sun\n|-activate|p1b: Sun|move: Protect\n|move|p1a: Emperor|Sacred Fire|p2a: Lunala\n|-damage|p2a: Lunala|0 fnt\n|faint|p2a: Lunala\n|\n|-weather|none\n|-heal|p1a: Emperor|87/100|[from] Grassy Terrain\n|-heal|p1b: Sun|98/100|[from] Grassy Terrain\n|-damage|p2b: Ursaluna|94/100 brn|[from] brn\n|-fieldend|move: Grassy Terrain\n|upkeep\n|\n|t:|1746022441\n|switch|p2a: Koraidon|Koraidon, L50|100/100\n|-weather|SunnyDay|[from] ability: Orichalcum Pulse|[of] p2a: Koraidon\n|-activate|p2a: Koraidon|Orichalcum Pulse|[source]\n|turn|6\n|\n|t:|1746022447\n|switch|p1b: Magician|Flutter Mane, L50|7/100\n|-activate|p1b: Magician|ability: Protosynthesis\n|-start|p1b: Magician|protosynthesisspe\n|-terastallize|p2a: Koraidon|Fire\n|move|p2b: Ursaluna|Facade|p1b: Magician\n|-immune|p1b: Magician\n|move|p1a: Emperor|Brave Bird|p2a: Koraidon\n|-damage|p2a: Koraidon|37/100\n|-damage|p1a: Emperor|70/100|[from] Recoil\n|move|p2a: Koraidon|Flare Blitz|p1a: Emperor\n|-supereffective|p1a: Emperor\n|-damage|p1a: Emperor|0 fnt\n|faint|p1a: Emperor\n|-damage|p2a: Koraidon|10/100|[from] Recoil\n|-damage|p2a: Koraidon|0 fnt|[from] item: Life Orb\n|faint|p2a: Koraidon\n|\n|-weather|SunnyDay|[upkeep]\n|-damage|p2b: Ursaluna|88/100 brn|[from] brn\n|-fieldend|move: Trick Room\n|upkeep\n|\n|t:|1746022450\n|switch|p1a: Sun|Koraidon, L50|98/100\n|-activate|p1a: Sun|ability: Orichalcum Pulse\n|turn|7\n|\n|t:|1746022461\n|move|p1b: Magician|Moonblast|p2b: Ursaluna\n|-damage|p2b: Ursaluna|42/100 brn\n|-unboost|p2b: Ursaluna|spa|1\n|move|p1a: Sun|Close Combat|p2b: Ursaluna\n|-supereffective|p2b: Ursaluna\n|-damage|p2b: Ursaluna|0 fnt\n|-unboost|p1a: Sun|def|1\n|-unboost|p1a: Sun|spd|1\n|faint|p2b: Ursaluna\n|-damage|p1a: Sun|88/100|[from] item: Life Orb\n|\n|win|bertcamem\n||Inkin is ready for game 3.\n||bertcamem is ready for game 3.\n|uhtml|next|Next: <a href=\"/battle-gen9vgc2025regibo3-2353956568\"><strong>Game 3 of 3</strong></a>\n|l|\u2606Inkin\n|player|p2|\n|l|\u2606bertcamem\n|player|p1|\n|j|\u2606bertcamem\n|player|p1|bertcamem|169|\n", "uploadtime": 1746022632, "views": 13, "formatid": "gen9vgc2025regibo3", "rating": null, "private": 0, "password": null}