{"id": "gen9vgc2025regibo3-2354134259", "format": "[Gen 9] VGC 2025 Reg I (Bo3)", "players": ["ClubTropicanaVGC", "Professor_J93"], "log": "|j|\u2606ClubTropicanaVGC\n|j|\u2606Professor_J93\n|html|<table width=\"100%\"><tr><td align=\"left\">ClubTropicanaVGC</td><td align=\"right\">Professor_J93</tr><tr><td align=\"left\"><i class=\"fa fa-circle-o\"></i> <i class=\"fa fa-circle-o\"></i> </td><td align=\"right\"><i class=\"fa fa-circle-o\"></i> <i class=\"fa fa-circle-o\"></i> </tr></table>\n|uhtml|bestof|<h2><strong>Game 1</strong> of <a href=\"/game-bestof3-gen9vgc2025regibo3-2354134258\">a best-of-3</a></h2>\n|t:|1746037793\n|gametype|doubles\n|player|p1|ClubTropicanaVGC|hilbert|1339\n|player|p2|Professor_J93|n|1346\n|teamsize|p1|6\n|teamsize|p2|6\n|gen|9\n|tier|[Gen 9] VGC 2025 Reg I (Bo3)\n|rated|\n|rule|Species Clause: Limit one of each Pok\u00e9mon\n|rule|Item Clause: Limit 1 of each item\n|clearpoke\n|poke|p1|Miraidon, L50|\n|poke|p1|Zamazenta-*, L50|\n|poke|p1|Chien-Pao, L50|\n|poke|p1|Flutter Mane, L50|\n|poke|p1|Ogerpon-Hearthflame, L50, F|\n|poke|p1|Farigiraf, L50, F|\n|poke|p2|Calyrex-Shadow, L50|\n|poke|p2|Zamazenta-*, L50|\n|poke|p2|Chien-Pao, L50|\n|poke|p2|Dragonite, L50, M|\n|poke|p2|Ogerpon-Hearthflame, L50, F|\n|poke|p2|Urshifu-*, L50, M|\n|teampreview|4\n|showteam|p1|Miraidon||ChoiceSpecs|HadronEngine|DazzlingGleam,ElectroDrift,VoltSwitch,DracoMeteor||||||50|,,,,,Fairy]Zamazenta-Crowned||RustedShield|DauntlessShield|BodyPress,behemothbash,WideGuard,Protect||||||50|,,,,,Dragon]Chien-Pao||FocusSash|SwordofRuin|IcicleCrash,SuckerPunch,ThroatChop,Protect||||||50|,,,,,Ghost]Flutter Mane||BoosterEnergy|Protosynthesis|ShadowBall,Moonblast,IcyWind,Protect||||||50|,,,,,Fairy]Ogerpon-Hearthflame||HearthflameMask|MoldBreaker|FollowMe,IvyCudgel,Taunt,SpikyShield|||F|||50|,,,,,Fire]Farigiraf||ElectricSeed|ArmorTail|FoulPlay,TrickRoom,Psychic,HelpingHand|||F|||50|,,,,,Water\n|showteam|p2|Calyrex-Shadow||CovertCloak|AsOneSpectrier|Protect,AstralBarrage,NastyPlot,Psyshock||||||50|,,,,,Water]Zamazenta-Crowned||RustedShield|DauntlessShield|BodyPress,behemothbash,WideGuard,Protect||||||50|,,,,,Dragon]Chien-Pao||FocusSash|SwordofRuin|IceSpinner,ThroatChop,SacredSword,Protect||||||50|,,,,,Stellar]Dragonite||ClearAmulet|Multiscale|ExtremeSpeed,BreakingSwipe,Tailwind,Protect|||M|||50|,,,,,Normal]Ogerpon-Hearthflame||HearthflameMask|MoldBreaker|IvyCudgel,WoodHammer,FollowMe,SpikyShield|||F|||50|,,,,,Fire]Urshifu-Rapid-Strike||SplashPlate|UnseenFist|SurgingStrikes,CloseCombat,Taunt,Detect|||M|||50|,,,,,Water\n|inactive|Battle timer is ON: inactive players will automatically lose when time's up. (requested by Professor_J93)\n|inactive|ClubTropicanaVGC has 60 seconds left.\n|inactive|Professor_J93 has 60 seconds left.\n|inactive|ClubTropicanaVGC has 30 seconds left.\n|\n|t:|1746037863\n|start\n|switch|p1a: Flutter Mane|Flutter Mane, L50|100/100\n|switch|p1b: Miraidon|Miraidon, L50|100/100\n|switch|p2a: Dragonite|Dragonite, L50, M|100/100\n|switch|p2b: Ogerpon|Ogerpon-Hearthflame, L50, F|100/100\n|-fieldstart|move: Electric Terrain|[from] ability: Hadron Engine|[of] p1b: Miraidon\n|-ability|p2b: Ogerpon|Mold Breaker\n|-enditem|p1a: Flutter Mane|Booster Energy\n|-activate|p1a: Flutter Mane|ability: Protosynthesis|[fromitem]\n|-start|p1a: Flutter Mane|protosynthesisspe\n|turn|1\n|inactive|ClubTropicanaVGC has 30 seconds left.\n|\n|t:|1746037892\n|move|p2b: Ogerpon|Follow Me|p2b: Ogerpon\n|-singleturn|p2b: Ogerpon|move: Follow Me\n|move|p1a: Flutter Mane|Icy Wind|p2a: Dragonite|[spread] p2a,p2b\n|-supereffective|p2a: Dragonite\n|-damage|p2a: Dragonite|80/100\n|-damage|p2b: Ogerpon|89/100\n|-unboost|p2b: Ogerpon|spe|1\n|move|p1b: Miraidon|Draco Meteor|p2b: Ogerpon\n|-damage|p2b: Ogerpon|0 fnt\n|-unboost|p1b: Miraidon|spa|2\n|faint|p2b: Ogerpon\n|move|p2a: Dragonite|Tailwind|p2a: Dragonite\n|-sidestart|p2: Professor_J93|move: Tailwind\n|\n|upkeep\n|inactive|Professor_J93 has 30 seconds left.\n|\n|t:|1746037918\n|switch|p2b: Chien-Pao|Chien-Pao, L50|100/100\n|-ability|p2b: Chien-Pao|Sword of Ruin\n|turn|2\n|inactive|ClubTropicanaVGC has 30 seconds left.\n|\n|t:|1746037944\n|move|p2b: Chien-Pao|Ice Spinner|p1a: Flutter Mane\n|-damage|p1a: Flutter Mane|23/100\n|-fieldend|move: Electric Terrain\n|move|p1a: Flutter Mane|Moonblast|p2b: Chien-Pao\n|-supereffective|p2b: Chien-Pao\n|-enditem|p2b: Chien-Pao|Focus Sash\n|-damage|p2b: Chien-Pao|1/100\n|move|p2a: Dragonite|Breaking Swipe|p1b: Miraidon|[spread] p1b\n|-immune|p1a: Flutter Mane\n|-supereffective|p1b: Miraidon\n|-damage|p1b: Miraidon|44/100\n|-unboost|p1b: Miraidon|atk|1\n|move|p1b: Miraidon|Draco Meteor|p2a: Dragonite\n|-supereffective|p2a: Dragonite\n|-damage|p2a: Dragonite|0 fnt\n|-unboost|p1b: Miraidon|spa|2\n|faint|p2a: Dragonite\n|\n|upkeep\n|\n|t:|1746037958\n|switch|p2a: Calyrex|Calyrex-Shadow, L50|100/100\n|-ability|p2a: Calyrex|As One\n|-ability|p2a: Calyrex|Unnerve\n|turn|3\n|inactive|ClubTropicanaVGC has 30 seconds left.\n|inactive|ClubTropicanaVGC has 20 seconds left.\n|inactive|ClubTropicanaVGC has 15 seconds left.\n|\n|t:|1746038002\n|switch|p1b: Zamazenta|Zamazenta-Crowned, L50|100/100\n|-ability|p1b: Zamazenta|Dauntless Shield|boost\n|-boost|p1b: Zamazenta|def|1\n|move|p1a: Flutter Mane|Protect|p1a: Flutter Mane\n|-singleturn|p1a: Flutter Mane|Protect\n|move|p2a: Calyrex|Astral Barrage|p1a: Flutter Mane|[spread] p1b\n|-activate|p1a: Flutter Mane|move: Protect\n|-damage|p1b: Zamazenta|59/100\n|move|p2b: Chien-Pao|Sacred Sword|p1b: Zamazenta\n|-supereffective|p1b: Zamazenta\n|-damage|p1b: Zamazenta|14/100\n|\n|upkeep\n|turn|4\n|inactive|ClubTropicanaVGC has 30 seconds left.\n|\n|t:|1746038031\n|move|p1a: Flutter Mane|Protect||[still]\n|-fail|p1a: Flutter Mane\n|move|p1b: Zamazenta|Protect|p1b: Zamazenta\n|-singleturn|p1b: Zamazenta|Protect\n|move|p2a: Calyrex|Psyshock|p1a: Flutter Mane\n|-damage|p1a: Flutter Mane|0 fnt\n|faint|p1a: Flutter Mane\n|-end|p1a: Flutter Mane|Protosynthesis|[silent]\n|-ability|p2a: Calyrex|Grim Neigh|boost\n|-boost|p2a: Calyrex|spa|1\n|move|p2b: Chien-Pao|Sacred Sword|p1b: Zamazenta\n|-activate|p1b: Zamazenta|move: Protect\n|\n|-sideend|p2: Professor_J93|move: Tailwind\n|upkeep\n|\n|t:|1746038039\n|switch|p1a: Chien-Pao|Chien-Pao, L50|100/100\n|-ability|p1a: Chien-Pao|Sword of Ruin\n|turn|5\n|inactive|ClubTropicanaVGC has 30 seconds left.\n|\n|t:|1746038070\n|-terastallize|p2a: Calyrex|Water\n|move|p1b: Zamazenta|Wide Guard|p1b: Zamazenta\n|-singleturn|p1b: Zamazenta|Wide Guard\n|move|p2a: Calyrex|Astral Barrage|p1a: Chien-Pao|[spread] \n|-activate|p1a: Chien-Pao|move: Wide Guard\n|-activate|p1b: Zamazenta|move: Wide Guard\n|move|p2b: Chien-Pao|Throat Chop|p1a: Chien-Pao\n|-resisted|p1a: Chien-Pao\n|-damage|p1a: Chien-Pao|74/100\n|-start|p1a: Chien-Pao|Throat Chop|[silent]\n|move|p1a: Chien-Pao|Throat Chop|p2a: Calyrex\n|-crit|p2a: Calyrex\n|-damage|p2a: Calyrex|11/100\n|\n|upkeep\n|turn|6\n|\n|t:|1746038090\n|move|p1b: Zamazenta|Wide Guard|p1b: Zamazenta\n|-singleturn|p1b: Zamazenta|Wide Guard\n|move|p1a: Chien-Pao|Sucker Punch|p2b: Chien-Pao\n|-resisted|p2b: Chien-Pao\n|-damage|p2b: Chien-Pao|0 fnt\n|faint|p2b: Chien-Pao\n|move|p2a: Calyrex|Astral Barrage|p1a: Chien-Pao|[spread] \n|-activate|p1a: Chien-Pao|move: Wide Guard\n|-activate|p1b: Zamazenta|move: Wide Guard\n|\n|-end|p1a: Chien-Pao|Throat Chop|[silent]\n|upkeep\n|turn|7\n|-message|Professor_J93 forfeited.\n|\n|win|ClubTropicanaVGC\n||Professor_J93 is ready for game 2.\n||ClubTropicanaVGC is ready for game 2.\n|uhtml|next|Next: <a href=\"/battle-gen9vgc2025regibo3-2354137740\"><strong>Game 2 of 3</strong></a>\n", "uploadtime": 1746038264, "views": 6, "formatid": "gen9vgc2025regibo3", "rating": null, "private": 0, "password": null}