{"id": "gen9vgc2025regibo3-2354116875", "format": "[Gen 9] VGC 2025 Reg I (Bo3)", "players": ["Mona Aster", "Taijem"], "log": "|j|\u2606Mona Aster\n|j|\u2606Taijem\n|html|<table width=\"100%\"><tr><td align=\"left\">Mona Aster</td><td align=\"right\">Taijem</tr><tr><td align=\"left\"><i class=\"fa fa-circle\"></i> <i class=\"fa fa-circle-o\"></i> </td><td align=\"right\"><i class=\"fa fa-circle-o\"></i> <i class=\"fa fa-circle\"></i> </tr></table>\n|uhtml|bestof|<h2><strong>Game 3</strong> of <a href=\"/game-bestof3-gen9vgc2025regibo3-2354109254\">a best-of-3</a></h2>\n|t:|1746036292\n|gametype|doubles\n|player|p1|Mona Aster|101|1148\n|player|p2|Taijem|1|1086\n|teamsize|p1|6\n|teamsize|p2|6\n|gen|9\n|tier|[Gen 9] VGC 2025 Reg I (Bo3)\n|rated|\n|rule|Species Clause: Limit one of each Pok\u00e9mon\n|rule|Item Clause: Limit 1 of each item\n|clearpoke\n|poke|p1|Lunala, L50|\n|poke|p1|Groudon, L50|\n|poke|p1|Incineroar, L50, F|\n|poke|p1|Flutter Mane, L50|\n|poke|p1|Urshifu-*, L50, F|\n|poke|p1|Raging Bolt, L50|\n|poke|p2|Kyogre, L50|\n|poke|p2|Zacian-*, L50|\n|poke|p2|Tornadus, L50, M|\n|poke|p2|Urshifu-*, L50, F|\n|poke|p2|Chien-Pao, L50|\n|poke|p2|Amoonguss, L50, F|\n|teampreview|4\n|showteam|p1|Lunala||PowerHerb|ShadowShield|TrickRoom,MeteorBeam,WideGuard,MoongeistBeam||||||50|,,,,,Water]Groudon||ClearAmulet|Drought|Protect,PrecipiceBlades,HeatCrash,Substitute||||||50|,,,,,Fire]Incineroar||SafetyGoggles|Intimidate|FlareBlitz,KnockOff,FakeOut,PartingShot|||F|||50|,,,,,Ghost]Flutter Mane||FocusSash|Protosynthesis|Moonblast,ShadowBall,IcyWind,Protect||||||50|,,,,,Grass]Urshifu||ChoiceScarf|UnseenFist|WickedBlow,CloseCombat,Uturn,IronHead|||F|||50|,,,,,Stellar]Raging Bolt||AssaultVest|Protosynthesis|Electroweb,Thunderclap,WeatherBall,DracoMeteor||||||50|,,,,,Electric\n|showteam|p2|Kyogre||MysticWater|Drizzle|WaterSpout,OriginPulse,IceBeam,Protect||||||50|,,,,,Grass]Zacian-Crowned||RustedSword|IntrepidSword|behemothblade,PlayRough,SacredSword,Protect||||||50|,,,,,Fairy]Tornadus||CovertCloak|Prankster|Tailwind,BleakwindStorm,RainDance,Taunt|||M|||50|,,,,,Dark]Urshifu-Rapid-Strike||ChoiceScarf|UnseenFist|SurgingStrikes,CloseCombat,AquaJet,Uturn|||F|||50|,,,,,Ghost]Chien-Pao||FocusSash|SwordofRuin|IceSpinner,SuckerPunch,SacredSword,Protect||||||50|,,,,,Ghost]Amoonguss||RockyHelmet|Regenerator|RagePowder,Spore,PollenPuff,Protect|||F|||50|,,,,,Water\n|inactive|Battle timer is ON: inactive players will automatically lose when time's up. (requested by Mona Aster)\n|\n|t:|1746036361\n|start\n|switch|p1a: Urshifu|Urshifu, L50, F|100/100\n|switch|p1b: Lunala|Lunala, L50|100/100\n|switch|p2a: Zacian|Zacian-Crowned, L50|100/100\n|switch|p2b: Kyogre|Kyogre, L50|100/100\n|-ability|p2a: Zacian|Intrepid Sword|boost\n|-boost|p2a: Zacian|atk|1\n|-weather|RainDance|[from] ability: Drizzle|[of] p2b: Kyogre\n|turn|1\n|inactive|Mona Aster has 30 seconds left.\n|inactive|Taijem has 30 seconds left.\n|\n|t:|1746036395\n|switch|p2b: Tornadus|Tornadus, L50, M|100/100\n|-terastallize|p2a: Zacian|Fairy\n|move|p1b: Lunala|Wide Guard|p1b: Lunala\n|-singleturn|p1b: Lunala|Wide Guard\n|move|p1a: Urshifu|Wicked Blow|p2b: Tornadus\n|-crit|p2b: Tornadus\n|-damage|p2b: Tornadus|37/100\n|move|p2a: Zacian|Play Rough|p1a: Urshifu\n|-supereffective|p1a: Urshifu\n|-damage|p1a: Urshifu|0 fnt\n|faint|p1a: Urshifu\n|\n|-weather|RainDance|[upkeep]\n|upkeep\n|\n|t:|1746036408\n|switch|p1a: Incineroar|Incineroar, L50, F|100/100\n|-ability|p1a: Incineroar|Intimidate|boost\n|-unboost|p2a: Zacian|atk|1\n|-unboost|p2b: Tornadus|atk|1\n|turn|2\n|\n|t:|1746036423\n|switch|p2a: Kyogre|Kyogre, L50|100/100\n|move|p1a: Incineroar|Fake Out|p2a: Kyogre\n|-damage|p2a: Kyogre|88/100\n|move|p2b: Tornadus|Taunt|p1b: Lunala\n|-start|p1b: Lunala|move: Taunt\n|move|p1b: Lunala|Moongeist Beam|p2b: Tornadus\n|-damage|p2b: Tornadus|0 fnt\n|faint|p2b: Tornadus\n|\n|-weather|RainDance|[upkeep]\n|upkeep\n|\n|t:|1746036434\n|switch|p2b: Zacian|Zacian-Crowned, L50, tera:Fairy|100/100\n|turn|3\n|inactive|Taijem has 30 seconds left.\n|\n|t:|1746036462\n|switch|p1b: Groudon|Groudon, L50|100/100\n|-weather|SunnyDay|[from] ability: Drought|[of] p1b: Groudon\n|-terastallize|p1a: Incineroar|Ghost\n|move|p2b: Zacian|Play Rough|p1b: Groudon\n|-crit|p1b: Groudon\n|-damage|p1b: Groudon|30/100\n|move|p2a: Kyogre|Origin Pulse|p1b: Groudon|[spread] p1a,p1b\n|-supereffective|p1b: Groudon\n|-damage|p1a: Incineroar|77/100\n|-damage|p1b: Groudon|0 fnt\n|faint|p1b: Groudon\n|move|p1a: Incineroar|Parting Shot|p2b: Zacian\n|-unboost|p2b: Zacian|atk|1\n|-unboost|p2b: Zacian|spa|1\n|\n|t:|1746036476\n|switch|p1a: Lunala|Lunala, L50|100/100|[from] Parting Shot\n|\n|-weather|SunnyDay|[upkeep]\n|upkeep\n|\n|t:|1746036478\n|switch|p1b: Incineroar|Incineroar, L50, F, tera:Ghost|77/100\n|-ability|p1b: Incineroar|Intimidate|boost\n|-unboost|p2a: Kyogre|atk|1\n|-unboost|p2b: Zacian|atk|1\n|turn|4\n|inactive|Taijem has 30 seconds left.\n|inactive|Mona Aster has 30 seconds left.\n|\n|t:|1746036519\n|switch|p2a: Chien-Pao|Chien-Pao, L50|100/100\n|-ability|p2a: Chien-Pao|Sword of Ruin\n|move|p2b: Zacian|Play Rough|p1a: Lunala|[miss]\n|-miss|p2b: Zacian|p1a: Lunala\n|move|p1b: Incineroar|Flare Blitz|p2a: Chien-Pao\n|-supereffective|p2a: Chien-Pao\n|-enditem|p2a: Chien-Pao|Focus Sash\n|-damage|p2a: Chien-Pao|1/100\n|-damage|p1b: Incineroar|50/100|[from] Recoil\n|move|p1a: Lunala|Trick Room|p1a: Lunala\n|-fieldstart|move: Trick Room|[of] p1a: Lunala\n|\n|-weather|SunnyDay|[upkeep]\n|upkeep\n|turn|5\n|inactive|Mona Aster has 30 seconds left.\n|inactive|Taijem has 30 seconds left.\n|inactive|Mona Aster has 20 seconds left.\n|\n|t:|1746036559\n|move|p2a: Chien-Pao|Sucker Punch|p1b: Incineroar\n|-supereffective|p1b: Incineroar\n|-damage|p1b: Incineroar|0 fnt\n|faint|p1b: Incineroar\n|move|p1a: Lunala|Meteor Beam||[still]\n|-prepare|p1a: Lunala|Meteor Beam\n|-boost|p1a: Lunala|spa|1\n|-enditem|p1a: Lunala|Power Herb\n|-anim|p1a: Lunala|Meteor Beam|p2b: Zacian\n|-damage|p2b: Zacian|41/100\n|move|p2b: Zacian|Sacred Sword|p1a: Lunala\n|-immune|p1a: Lunala\n|\n|-weather|SunnyDay|[upkeep]\n|upkeep\n|turn|6\n|\n|t:|1746036580\n|switch|p2b: Kyogre|Kyogre, L50|88/100\n|-weather|RainDance|[from] ability: Drizzle|[of] p2b: Kyogre\n|move|p2a: Chien-Pao|Sucker Punch|p1a: Lunala\n|-supereffective|p1a: Lunala\n|-damage|p1a: Lunala|33/100\n|move|p1a: Lunala|Moongeist Beam|p2a: Chien-Pao\n|-resisted|p2a: Chien-Pao\n|-damage|p2a: Chien-Pao|0 fnt\n|faint|p2a: Chien-Pao\n|\n|-weather|RainDance|[upkeep]\n|upkeep\n|\n|t:|1746036589\n|switch|p2a: Zacian|Zacian-Crowned, L50, tera:Fairy|41/100\n|turn|7\n|\n|t:|1746036598\n|move|p1a: Lunala|Moongeist Beam|p2b: Kyogre\n|-damage|p2b: Kyogre|22/100\n|move|p2b: Kyogre|Origin Pulse|p1a: Lunala\n|-damage|p1a: Lunala|0 fnt\n|faint|p1a: Lunala\n|\n|win|Taijem\n|raw|Mona Aster's rating: 1148 &rarr; <strong>1119</strong><br />(-29 for losing)\n|raw|Taijem's rating: 1086 &rarr; <strong>1118</strong><br />(+32 for winning)\n|c|\u2606Taijem|gg\n", "uploadtime": 1746036606, "views": 13, "formatid": "gen9vgc2025regibo3", "rating": 1118, "private": 0, "password": null}