{"id": "gen9vgc2025regibo3-2353474645", "format": "[Gen 9] VGC 2025 Reg I (Bo3)", "players": ["flutterballing", "steeltrainer"], "log": "|j|\u2606flutterballing\n|j|\u2606steeltrainer\n|html|<table width=\"100%\"><tr><td align=\"left\">flutterballing</td><td align=\"right\">steeltrainer</tr><tr><td align=\"left\"><i class=\"fa fa-circle\"></i> <i class=\"fa fa-circle-o\"></i> </td><td align=\"right\"><i class=\"fa fa-circle-o\"></i> <i class=\"fa fa-circle\"></i> </tr></table>\n|uhtml|bestof|<h2><strong>Game 3</strong> of <a href=\"/game-bestof3-gen9vgc2025regibo3-2353471680\">a best-of-3</a></h2>\n|t:|1745959312\n|gametype|doubles\n|player|p1|flutterballing|shelly|1166\n|player|p2|steeltrainer|steven|1151\n|teamsize|p1|6\n|teamsize|p2|6\n|gen|9\n|tier|[Gen 9] VGC 2025 Reg I (Bo3)\n|rated|\n|rule|Species Clause: Limit one of each Pok\u00e9mon\n|rule|Item Clause: Limit 1 of each item\n|clearpoke\n|poke|p1|Calyrex-Shadow, L50|\n|poke|p1|Zamazenta-*, L50|\n|poke|p1|Rillaboom, L50, F|\n|poke|p1|Chien-Pao, L50|\n|poke|p1|Urshifu-*, L50, F|\n|poke|p1|Tornadus, L50, M|\n|poke|p2|Zamazenta-*, L50|\n|poke|p2|Chien-Pao, L50|\n|poke|p2|Dragonite, L50, F|\n|poke|p2|Calyrex-Shadow, L50|\n|poke|p2|Tornadus, L50, M|\n|poke|p2|Ogerpon-Hearthflame, L50, F|\n|teampreview|4\n|showteam|p1|Calyrex-Shadow||LifeOrb|AsOneSpectrier|Protect,AstralBarrage,Encore,Psychic||||||50|,,,,,Normal]Zamazenta-Crowned||RustedShield|DauntlessShield|Protect,BodyPress,WideGuard,behemothbash||||||50|,,,,,Dragon]Rillaboom||AssaultVest|GrassySurge|GrassyGlide,WoodHammer,FakeOut,Uturn|||F|||50|,,,,,Grass]Chien-Pao||FocusSash|SwordofRuin|Protect,IceSpinner,SuckerPunch,ThroatChop||||||50|,,,,,Ghost]Urshifu-Rapid-Strike||MysticWater|UnseenFist|Detect,SurgingStrikes,Taunt,AquaJet|||F|||50|,,,,,Water]Tornadus||CovertCloak|Prankster|Protect,BleakwindStorm,RainDance,Tailwind|||M|||50|,,,,,Dark\n|showteam|p2|Zamazenta-Crowned||RustedShield|DauntlessShield|BodyPress,behemothbash,WideGuard,Protect||||||50|,,,,,Dragon]Chien-Pao||FocusSash|SwordofRuin|IceSpinner,ThroatChop,SuckerPunch,Protect||||||50|,,,,,Ghost]Dragonite||ChoiceBand|InnerFocus|Outrage,ExtremeSpeed,AerialAce,LowKick|||F|||50|,,,,,Normal]Calyrex-Shadow||SpellTag|AsOneSpectrier|AstralBarrage,ShadowBall,PollenPuff,Protect||||||50|,,,,,Dark]Tornadus||CovertCloak|Prankster|BleakwindStorm,RainDance,Tailwind,Taunt|||M|||50|,,,,,Dark]Ogerpon-Hearthflame||HearthflameMask|MoldBreaker|IvyCudgel,HelpingHand,FollowMe,SpikyShield|||F|||50|,,,,,Fire\n|\n|t:|1745959337\n|start\n|switch|p1a: Tornadus|Tornadus, L50, M|100/100\n|switch|p1b: Urshifu|Urshifu-Rapid-Strike, L50, F|100/100\n|switch|p2a: Zamazenta|Zamazenta-Crowned, L50|100/100\n|switch|p2b: Calyrex|Calyrex-Shadow, L50|100/100\n|-ability|p2b: Calyrex|As One\n|-ability|p2b: Calyrex|Unnerve\n|-ability|p2a: Zamazenta|Dauntless Shield|boost\n|-boost|p2a: Zamazenta|def|1\n|turn|1\n|\n|t:|1745959348\n|move|p1a: Tornadus|Tailwind|p1a: Tornadus\n|-sidestart|p1: flutterballing|move: Tailwind\n|move|p1b: Urshifu|Surging Strikes|p2b: Calyrex\n|-crit|p2b: Calyrex\n|-damage|p2b: Calyrex|76/100\n|-crit|p2b: Calyrex\n|-damage|p2b: Calyrex|50/100\n|-crit|p2b: Calyrex\n|-damage|p2b: Calyrex|26/100\n|-hitcount|p2b: Calyrex|3\n|move|p2b: Calyrex|Astral Barrage|p1a: Tornadus|[spread] p1a,p1b\n|-damage|p1a: Tornadus|37/100\n|-damage|p1b: Urshifu|18/100\n|move|p2a: Zamazenta|Body Press|p1a: Tornadus\n|-resisted|p1a: Tornadus\n|-damage|p1a: Tornadus|0 fnt\n|faint|p1a: Tornadus\n|\n|upkeep\n|\n|t:|1745959361\n|switch|p1a: Calyrex|Calyrex-Shadow, L50|100/100\n|-ability|p1a: Calyrex|As One\n|-ability|p1a: Calyrex|Unnerve\n|turn|2\n|\n|t:|1745959369\n|switch|p2b: Dragonite|Dragonite, L50, F|100/100\n|move|p1a: Calyrex|Encore|p2a: Zamazenta\n|-start|p2a: Zamazenta|Encore\n|move|p1b: Urshifu|Surging Strikes|p2b: Dragonite\n|-resisted|p2b: Dragonite\n|-crit|p2b: Dragonite\n|-damage|p2b: Dragonite|87/100\n|-resisted|p2b: Dragonite\n|-crit|p2b: Dragonite\n|-damage|p2b: Dragonite|73/100\n|-resisted|p2b: Dragonite\n|-crit|p2b: Dragonite\n|-damage|p2b: Dragonite|60/100\n|-hitcount|p2b: Dragonite|3\n|move|p2a: Zamazenta|Body Press|p1b: Urshifu\n|-damage|p1b: Urshifu|0 fnt\n|faint|p1b: Urshifu\n|\n|upkeep\n|\n|t:|1745959375\n|switch|p1b: Zamazenta|Zamazenta-Crowned, L50|100/100\n|-ability|p1b: Zamazenta|Dauntless Shield|boost\n|-boost|p1b: Zamazenta|def|1\n|turn|3\n|\n|t:|1745959389\n|switch|p2b: Calyrex|Calyrex-Shadow, L50|26/100\n|-ability|p2b: Calyrex|As One\n|-ability|p2b: Calyrex|Unnerve\n|move|p1a: Calyrex|Astral Barrage|p2b: Calyrex|[spread] p2a,p2b\n|-supereffective|p2b: Calyrex\n|-damage|p2a: Zamazenta|43/100\n|-damage|p2b: Calyrex|0 fnt\n|faint|p2b: Calyrex\n|-ability|p1a: Calyrex|Grim Neigh|boost\n|-boost|p1a: Calyrex|spa|1\n|-damage|p1a: Calyrex|91/100|[from] item: Life Orb\n|move|p1b: Zamazenta|Body Press|p2a: Zamazenta\n|-supereffective|p2a: Zamazenta\n|-crit|p2a: Zamazenta\n|-damage|p2a: Zamazenta|0 fnt\n|faint|p2a: Zamazenta\n|\n|upkeep\n|\n|t:|1745959402\n|switch|p2b: Chien-Pao|Chien-Pao, L50|100/100\n|switch|p2a: Dragonite|Dragonite, L50, F|60/100\n|-ability|p2b: Chien-Pao|Sword of Ruin\n|turn|4\n|\n|t:|1745959431\n|move|p1a: Calyrex|Protect|p1a: Calyrex\n|-singleturn|p1a: Calyrex|Protect\n|move|p2b: Chien-Pao|Protect|p2b: Chien-Pao\n|-singleturn|p2b: Chien-Pao|Protect\n|move|p2a: Dragonite|Extreme Speed|p1b: Zamazenta\n|-resisted|p1b: Zamazenta\n|-damage|p1b: Zamazenta|89/100\n|move|p1b: Zamazenta|Behemoth Bash|p2a: Dragonite\n|-damage|p2a: Dragonite|3/100\n|\n|-sideend|p1: flutterballing|move: Tailwind\n|upkeep\n|turn|5\n|\n|t:|1745959452\n|move|p2a: Dragonite|Extreme Speed|p1a: Calyrex\n|-immune|p1a: Calyrex\n|move|p1a: Calyrex|Encore|p2b: Chien-Pao\n|-start|p2b: Chien-Pao|Encore\n|move|p2b: Chien-Pao|Protect|p2b: Chien-Pao\n|-singleturn|p2b: Chien-Pao|Protect\n|move|p1b: Zamazenta|Behemoth Bash|p2a: Dragonite\n|-damage|p2a: Dragonite|0 fnt\n|faint|p2a: Dragonite\n|\n|upkeep\n|turn|6\n|-message|steeltrainer forfeited.\n|\n|win|flutterballing\n|raw|flutterballing's rating: 1166 &rarr; <strong>1190</strong><br />(+24 for winning)\n|raw|steeltrainer's rating: 1151 &rarr; <strong>1127</strong><br />(-24 for losing)\n|l|\u2606steeltrainer\n|player|p2|\n|j|\u2606steeltrainer\n|player|p2|steeltrainer|steven|\n", "uploadtime": 1745959464, "views": 24, "formatid": "gen9vgc2025regibo3", "rating": 1127, "private": 0, "password": null}