{"id": "gen9vgc2025regibo3-2354656220", "format": "[Gen 9] VGC 2025 Reg I (Bo3)", "players": ["btb0811", "ParmesanLugubre206"], "log": "|j|\u2606btb0811\n|j|\u2606ParmesanLugubre206\n|html|<table width=\"100%\"><tr><td align=\"left\">btb0811</td><td align=\"right\">ParmesanLugubre206</tr><tr><td align=\"left\"><i class=\"fa fa-circle-o\"></i> <i class=\"fa fa-circle-o\"></i> </td><td align=\"right\"><i class=\"fa fa-circle-o\"></i> <i class=\"fa fa-circle-o\"></i> </tr></table>\n|uhtml|bestof|<h2><strong>Game 1</strong> of <a href=\"/game-bestof3-gen9vgc2025regibo3-2354656219\">a best-of-3</a></h2>\n|t:|1746107722\n|gametype|doubles\n|player|p1|btb0811|brycenman|1191\n|player|p2|ParmesanLugubre206|ethan|1090\n|teamsize|p1|6\n|teamsize|p2|4\n|gen|9\n|tier|[Gen 9] VGC 2025 Reg I (Bo3)\n|rated|\n|rule|Species Clause: Limit one of each Pok\u00e9mon\n|rule|Item Clause: Limit 1 of each item\n|clearpoke\n|poke|p1|Kyogre, L50|\n|poke|p1|Zamazenta-*, L50|\n|poke|p1|Urshifu-*, L50, M|\n|poke|p1|Chien-Pao, L50|\n|poke|p1|Rillaboom, L50, F|\n|poke|p1|Tornadus, L50, M|\n|poke|p2|Zamazenta-*, L50|\n|poke|p2|Reshiram, L50|\n|poke|p2|Rillaboom, L50, M|\n|poke|p2|Ninetales-Alola, L50, M|\n|teampreview|4\n|showteam|p1|Kyogre||MysticWater|Drizzle|WaterSpout,OriginPulse,IceBeam,Protect||||||50|,,,,,Grass]Zamazenta-Crowned||RustedShield|DauntlessShield|BodyPress,behemothbash,WideGuard,Protect||||||50|,,,,,Grass]Urshifu-Rapid-Strike||ChoiceScarf|UnseenFist|SurgingStrikes,CloseCombat,AquaJet,Uturn|||M|||50|,,,,,Water]Chien-Pao||FocusSash|SwordofRuin|Crunch,SuckerPunch,IcicleCrash,Protect||||||50|,,,,,Ghost]Rillaboom||AssaultVest|GrassySurge|WoodHammer,GrassyGlide,FakeOut,Uturn|||F|||50|,,,,,Water]Tornadus||CovertCloak|Prankster|BleakwindStorm,Tailwind,RainDance,Protect|||M|||50|,,,,,Dark\n|showteam|p2|Zamazenta-Crowned||RustedShield|DauntlessShield|BodyPress,HeavySlam,WideGuard,Protect||||||50|,,,,,Ground]Reshiram||ChoiceScarf|Turboblaze|BlueFlare,HeatWave,DragonPulse,EarthPower||||||50|,,,,,Fire]Rillaboom||AssaultVest|GrassySurge|WoodHammer,GrassyGlide,Uturn,FakeOut|||M|||50|,,,,,Grass]Ninetales-Alola||LifeOrb|SnowWarning|Blizzard,Moonblast,AuroraVeil,Protect|||M|||50|,,,,,Stellar\n|inactive|Battle timer is ON: inactive players will automatically lose when time's up. (requested by ParmesanLugubre206)\n|inactive|btb0811 also wants the timer to be on.\n|c|\u2606btb0811|hmm what 4 mons would you pick\n|c|\u2606ParmesanLugubre206|idk tbh, it's a really hard choice\n|inactive|ParmesanLugubre206 has 60 seconds left.\n|\n|t:|1746107762\n|start\n|switch|p1a: Zamazenta|Zamazenta-Crowned, L50|100/100\n|switch|p1b: Chien-Pao|Chien-Pao, L50|100/100\n|switch|p2a: 100 men|Rillaboom, L50, M|100/100\n|switch|p2b: Oven|Reshiram, L50, shiny|100/100\n|-ability|p2b: Oven|Turboblaze\n|-ability|p1b: Chien-Pao|Sword of Ruin\n|-ability|p1a: Zamazenta|Dauntless Shield|boost\n|-boost|p1a: Zamazenta|def|1\n|-fieldstart|move: Grassy Terrain|[from] ability: Grassy Surge|[of] p2a: 100 men\n|turn|1\n|inactive|ParmesanLugubre206 has 30 seconds left.\n|\n|t:|1746107792\n|move|p1b: Chien-Pao|Protect|p1b: Chien-Pao\n|-singleturn|p1b: Chien-Pao|Protect\n|move|p1a: Zamazenta|Protect|p1a: Zamazenta\n|-singleturn|p1a: Zamazenta|Protect\n|move|p2a: 100 men|Fake Out|p1b: Chien-Pao\n|-activate|p1b: Chien-Pao|move: Protect\n|move|p2b: Oven|Blue Flare|p1a: Zamazenta\n|-activate|p1a: Zamazenta|move: Protect\n|\n|upkeep\n|turn|2\n|\n|t:|1746107816\n|switch|p1a: Kyogre|Kyogre, L50|100/100\n|-weather|RainDance|[from] ability: Drizzle|[of] p1a: Kyogre\n|switch|p2a: Gandalf|Zamazenta-Crowned, L50|100/100\n|-ability|p2a: Gandalf|Dauntless Shield|boost\n|-boost|p2a: Gandalf|def|1\n|move|p2b: Oven|Blue Flare|p1b: Chien-Pao\n|-supereffective|p1b: Chien-Pao\n|-enditem|p1b: Chien-Pao|Focus Sash\n|-damage|p1b: Chien-Pao|1/100\n|move|p1b: Chien-Pao|Icicle Crash|p2a: Gandalf\n|-resisted|p2a: Gandalf\n|-damage|p2a: Gandalf|86/100\n|\n|-weather|RainDance|[upkeep]\n|-heal|p1b: Chien-Pao|7/100|[from] Grassy Terrain\n|-heal|p2a: Gandalf|92/100|[from] Grassy Terrain\n|upkeep\n|turn|3\n|inactive|btb0811 has 30 seconds left.\n|inactive|ParmesanLugubre206 has 30 seconds left.\n|\n|t:|1746107846\n|switch|p2b: 25 December|Ninetales-Alola, L50, M, shiny|100/100\n|-weather|Snowscape|[from] ability: Snow Warning|[of] p2b: 25 December\n|switch|p1b: Urshifu|Urshifu-Rapid-Strike, L50, M|100/100\n|move|p2a: Gandalf|Wide Guard|p2a: Gandalf\n|-singleturn|p2a: Gandalf|Wide Guard\n|move|p1a: Kyogre|Ice Beam|p2b: 25 December\n|-resisted|p2b: 25 December\n|-damage|p2b: 25 December|81/100\n|\n|-weather|Snowscape|[upkeep]\n|-heal|p2b: 25 December|87/100|[from] Grassy Terrain\n|-heal|p2a: Gandalf|98/100|[from] Grassy Terrain\n|upkeep\n|turn|4\n|inactive|ParmesanLugubre206 has 30 seconds left.\n|\n|t:|1746107872\n|switch|p2b: 100 men|Rillaboom, L50, M|100/100\n|switch|p1a: Chien-Pao|Chien-Pao, L50|7/100\n|-ability|p1a: Chien-Pao|Sword of Ruin\n|-terastallize|p1b: Urshifu|Water\n|move|p1b: Urshifu|Surging Strikes|p2b: 100 men\n|-resisted|p2b: 100 men\n|-crit|p2b: 100 men\n|-damage|p2b: 100 men|85/100\n|-resisted|p2b: 100 men\n|-crit|p2b: 100 men\n|-damage|p2b: 100 men|69/100\n|-resisted|p2b: 100 men\n|-crit|p2b: 100 men\n|-damage|p2b: 100 men|53/100\n|-hitcount|p2b: 100 men|3\n|move|p2a: Gandalf|Body Press|p1b: Urshifu\n|-damage|p1b: Urshifu|20/100\n|\n|-weather|Snowscape|[upkeep]\n|-heal|p1b: Urshifu|27/100|[from] Grassy Terrain\n|-heal|p1a: Chien-Pao|13/100|[from] Grassy Terrain\n|-heal|p2a: Gandalf|100/100|[from] Grassy Terrain\n|-heal|p2b: 100 men|59/100|[from] Grassy Terrain\n|upkeep\n|turn|5\n|\n|t:|1746107896\n|switch|p1b: Zamazenta|Zamazenta-Crowned, L50|100/100\n|move|p1a: Chien-Pao|Protect|p1a: Chien-Pao\n|-singleturn|p1a: Chien-Pao|Protect\n|move|p2b: 100 men|Grassy Glide|p1b: Zamazenta\n|-resisted|p1b: Zamazenta\n|-damage|p1b: Zamazenta|87/100\n|move|p2a: Gandalf|Body Press|p1a: Chien-Pao\n|-activate|p1a: Chien-Pao|move: Protect\n|\n|-weather|Snowscape|[upkeep]\n|-heal|p1a: Chien-Pao|18/100|[from] Grassy Terrain\n|-heal|p1b: Zamazenta|93/100|[from] Grassy Terrain\n|-heal|p2b: 100 men|65/100|[from] Grassy Terrain\n|-fieldend|move: Grassy Terrain\n|upkeep\n|turn|6\n|inactive|ParmesanLugubre206 has 30 seconds left.\n|inactive|ParmesanLugubre206 has 20 seconds left.\n|c|\u2606ParmesanLugubre206|if only i had checked the tera type i put in rillaboom before playing\n|inactive|ParmesanLugubre206 has 15 seconds left.\n|c|\u2606btb0811|xD\n|inactive|ParmesanLugubre206 has 10 seconds left.\n|\n|t:|1746107942\n|switch|p2b: 25 December|Ninetales-Alola, L50, M, shiny|87/100\n|move|p1a: Chien-Pao|Icicle Crash|p2b: 25 December\n|-resisted|p2b: 25 December\n|-damage|p2b: 25 December|57/100\n|move|p1b: Zamazenta|Body Press|p2a: Gandalf\n|-supereffective|p2a: Gandalf\n|-damage|p2a: Gandalf|38/100\n|move|p2a: Gandalf|Body Press|p1a: Chien-Pao\n|-supereffective|p1a: Chien-Pao\n|-damage|p1a: Chien-Pao|0 fnt\n|faint|p1a: Chien-Pao\n|\n|-weather|Snowscape|[upkeep]\n|upkeep\n|\n|t:|1746107951\n|switch|p1a: Kyogre|Kyogre, L50|100/100\n|-weather|RainDance|[from] ability: Drizzle|[of] p1a: Kyogre\n|turn|7\n|inactive|ParmesanLugubre206 has 30 seconds left.\n|inactive|ParmesanLugubre206 has 20 seconds left.\n|\n|t:|1746107987\n|move|p2b: 25 December|Protect|p2b: 25 December\n|-singleturn|p2b: 25 December|Protect\n|move|p1b: Zamazenta|Body Press|p2a: Gandalf\n|-supereffective|p2a: Gandalf\n|-damage|p2a: Gandalf|0 fnt\n|faint|p2a: Gandalf\n|move|p1a: Kyogre|Origin Pulse|p2b: 25 December\n|-activate|p2b: 25 December|move: Protect\n|\n|-weather|RainDance|[upkeep]\n|upkeep\n|\n|t:|1746107995\n|switch|p2a: 100 men|Rillaboom, L50, M|65/100\n|-fieldstart|move: Grassy Terrain|[from] ability: Grassy Surge|[of] p2a: 100 men\n|turn|8\n|\n|t:|1746108015\n|switch|p2b: Oven|Reshiram, L50, shiny|100/100\n|-ability|p2b: Oven|Turboblaze\n|move|p1a: Kyogre|Protect|p1a: Kyogre\n|-singleturn|p1a: Kyogre|Protect\n|move|p1b: Zamazenta|Body Press|p2b: Oven\n|-damage|p2b: Oven|48/100\n|move|p2a: 100 men|U-turn|p1a: Kyogre\n|-activate|p1a: Kyogre|move: Protect\n|\n|-weather|RainDance|[upkeep]\n|-heal|p2b: Oven|54/100|[from] Grassy Terrain\n|-heal|p1b: Zamazenta|99/100|[from] Grassy Terrain\n|-heal|p2a: 100 men|72/100|[from] Grassy Terrain\n|upkeep\n|turn|9\n|\n|t:|1746108033\n|switch|p1a: Urshifu|Urshifu-Rapid-Strike, L50, M, tera:Water|27/100\n|switch|p2a: 25 December|Ninetales-Alola, L50, M, shiny|57/100\n|-weather|Snowscape|[from] ability: Snow Warning|[of] p2a: 25 December\n|move|p1b: Zamazenta|Protect|p1b: Zamazenta\n|-singleturn|p1b: Zamazenta|Protect\n|move|p2b: Oven|Earth Power|p1b: Zamazenta\n|-activate|p1b: Zamazenta|move: Protect\n|\n|-weather|Snowscape|[upkeep]\n|-heal|p1a: Urshifu|33/100|[from] Grassy Terrain\n|-heal|p2b: Oven|60/100|[from] Grassy Terrain\n|-heal|p1b: Zamazenta|100/100|[from] Grassy Terrain\n|-heal|p2a: 25 December|63/100|[from] Grassy Terrain\n|upkeep\n|turn|10\n|\n|t:|1746108050\n|move|p1a: Urshifu|Surging Strikes|p2b: Oven\n|-crit|p2b: Oven\n|-damage|p2b: Oven|29/100\n|-crit|p2b: Oven\n|-damage|p2b: Oven|0 fnt\n|faint|p2b: Oven\n|-hitcount|p2: Oven|2\n|move|p1b: Zamazenta|Body Press|p2a: 25 December\n|-damage|p2a: 25 December|14/100\n|move|p2a: 25 December|Aurora Veil|p2a: 25 December\n|-sidestart|p2: ParmesanLugubre206|move: Aurora Veil\n|\n|-weather|Snowscape|[upkeep]\n|-heal|p1a: Urshifu|39/100|[from] Grassy Terrain\n|-heal|p2a: 25 December|20/100|[from] Grassy Terrain\n|upkeep\n|\n|t:|1746108062\n|switch|p2b: 100 men|Rillaboom, L50, M|72/100\n|turn|11\n|\n|t:|1746108076\n|switch|p1a: Kyogre|Kyogre, L50|100/100\n|-weather|RainDance|[from] ability: Drizzle|[of] p1a: Kyogre\n|-terastallize|p2b: 100 men|Grass\n|move|p2b: 100 men|Grassy Glide|p1a: Kyogre\n|-supereffective|p1a: Kyogre\n|-damage|p1a: Kyogre|19/100\n|move|p1b: Zamazenta|Body Press|p2b: 100 men\n|-damage|p2b: 100 men|44/100\n|move|p2a: 25 December|Moonblast|p1b: Zamazenta\n|-damage|p1b: Zamazenta|70/100\n|-damage|p2a: 25 December|11/100|[from] item: Life Orb\n|\n|-weather|RainDance|[upkeep]\n|-heal|p1b: Zamazenta|76/100|[from] Grassy Terrain\n|-heal|p2a: 25 December|17/100|[from] Grassy Terrain\n|-heal|p1a: Kyogre|25/100|[from] Grassy Terrain\n|-heal|p2b: 100 men|50/100|[from] Grassy Terrain\n|upkeep\n|turn|12\n|\n|t:|1746108100\n|move|p1a: Kyogre|Protect|p1a: Kyogre\n|-singleturn|p1a: Kyogre|Protect\n|move|p1b: Zamazenta|Body Press|p2b: 100 men\n|-damage|p2b: 100 men|25/100\n|move|p2a: 25 December|Moonblast|p1b: Zamazenta\n|-damage|p1b: Zamazenta|48/100\n|-damage|p2a: 25 December|7/100|[from] item: Life Orb\n|move|p2b: 100 men|Wood Hammer|p1b: Zamazenta\n|-resisted|p1b: Zamazenta\n|-damage|p1b: Zamazenta|21/100\n|-damage|p2b: 100 men|18/100|[from] Recoil\n|\n|-weather|RainDance|[upkeep]\n|-heal|p1b: Zamazenta|27/100|[from] Grassy Terrain\n|-heal|p2a: 25 December|13/100|[from] Grassy Terrain\n|-heal|p1a: Kyogre|31/100|[from] Grassy Terrain\n|-heal|p2b: 100 men|24/100|[from] Grassy Terrain\n|-fieldend|move: Grassy Terrain\n|upkeep\n|turn|13\n|\n|t:|1746108119\n|move|p1b: Zamazenta|Body Press|p2b: 100 men\n|-damage|p2b: 100 men|0 fnt\n|faint|p2b: 100 men\n|move|p2a: 25 December|Blizzard|p1b: Zamazenta|[spread] \n|-miss|p2a: 25 December|p1a: Kyogre\n|-miss|p2a: 25 December|p1b: Zamazenta\n|move|p1a: Kyogre|Ice Beam|p2a: 25 December\n|-resisted|p2a: 25 December\n|-damage|p2a: 25 December|1/100\n|\n|-weather|RainDance|[upkeep]\n|upkeep\n|turn|14\n|c|\u2606ParmesanLugubre206|nice blizzard ninetales\n|inactive|ParmesanLugubre206 has 30 seconds left.\n|\n|t:|1746108148\n|move|p1b: Zamazenta|Body Press|p2a: 25 December\n|-damage|p2a: 25 December|0 fnt\n|faint|p2a: 25 December\n|\n|win|btb0811\n||ParmesanLugubre206 is ready for game 2.\n|c|\u2606btb0811|bro needs some glasses\n||btb0811 is ready for game 2.\n|uhtml|next|Next: <a href=\"/battle-gen9vgc2025regibo3-2354660533\"><strong>Game 2 of 3</strong></a>\n|l|\u2606ParmesanLugubre206\n|player|p2|\n", "uploadtime": 1746108355, "views": 6, "formatid": "gen9vgc2025regibo3", "rating": null, "private": 0, "password": null}