{"id": "gen9vgc2025regibo3-2353657582", "format": "[Gen 9] VGC 2025 Reg I (Bo3)", "players": ["Schmixed_007", "warriorooyt"], "log": "|j|\u2606Schmixed_007\n|j|\u2606warriorooyt\n|html|<table width=\"100%\"><tr><td align=\"left\">Schmixed_007</td><td align=\"right\">warriorooyt</tr><tr><td align=\"left\"><i class=\"fa fa-circle-o\"></i> <i class=\"fa fa-circle-o\"></i> </td><td align=\"right\"><i class=\"fa fa-circle-o\"></i> <i class=\"fa fa-circle-o\"></i> </tr></table>\n|uhtml|bestof|<h2><strong>Game 1</strong> of <a href=\"/game-bestof3-gen9vgc2025regibo3-2353657581\">a best-of-3</a></h2>\n|t:|1745979912\n|gametype|doubles\n|player|p1|Schmixed_007|169|1172\n|player|p2|warriorooyt|101|1131\n|teamsize|p1|6\n|teamsize|p2|6\n|gen|9\n|tier|[Gen 9] VGC 2025 Reg I (Bo3)\n|rated|\n|rule|Species Clause: Limit one of each Pok\u00e9mon\n|rule|Item Clause: Limit 1 of each item\n|clearpoke\n|poke|p1|Miraidon, L50|\n|poke|p1|Pelipper, L50, M|\n|poke|p1|Necrozma-Dusk-Mane, L50|\n|poke|p1|Ogerpon-Wellspring, L50, F|\n|poke|p1|Iron Hands, L50|\n|poke|p1|Grimmsnarl, L50, M|\n|poke|p2|Kyogre, L50|\n|poke|p2|Archaludon, L50, M|\n|poke|p2|Calyrex-Ice, L50|\n|poke|p2|Indeedee-F, L50, F|\n|poke|p2|Armarouge, L50, F|\n|poke|p2|Smeargle, L50, M|\n|teampreview|4\n|showteam|p1|Miraidon||ChoiceSpecs|HadronEngine|VoltSwitch,ElectroDrift,DracoMeteor,DazzlingGleam||||||50|,,,,,Fairy]Pelipper||FocusSash|Drizzle|WeatherBall,Hurricane,WideGuard,Protect|||M|||50|,,,,,Ground]Necrozma-Dusk-Mane||ClearAmulet|PrismArmor|SunsteelStrike,PhotonGeyser,TrickRoom,Protect||||||50|,,,,,Dark]Ogerpon-Wellspring||WellspringMask|WaterAbsorb|IvyCudgel,HornLeech,FollowMe,SpikyShield|||F|||50|,,,,,Water]Iron Hands||AssaultVest|QuarkDrive|FakeOut,DrainPunch,LowKick,WildCharge||||||50|,,,,,Bug]Grimmsnarl||CovertCloak|Prankster|ThunderWave,LightScreen,Reflect,FoulPlay|||M|||50|,,,,,Steel\n|showteam|p2|Kyogre||ChoiceScarf|Drizzle|WaterSpout,OriginPulse,IceBeam,Thunder||||||50|,,,,,Water]Archaludon||AssaultVest|Stamina|DarkPulse,DracoMeteor,ElectroShot,FlashCannon|||M|||50|,,,,,Flying]Calyrex-Ice||NeverMeltIce|AsOneGlastrier|GlacialLance,HighHorsepower,TrickRoom,Protect||||||50|,,,,,Water]Indeedee-F||SitrusBerry|PsychicSurge|TrickRoom,FollowMe,HelpingHand,Psychic|||F|||50|,,,,,Grass]Armarouge||LifeOrb|FlashFire|ExpandingForce,ArmorCannon,Protect,DarkPulse|||F|||50|,,,,,Fire]Smeargle||FocusSash|Moody|FollowMe,WideGuard,Tailwind,FakeOut|||M|||50|,,,,,Ghost\n|inactive|Battle timer is ON: inactive players will automatically lose when time's up. (requested by warriorooyt)\n|\n|t:|1745979955\n|start\n|switch|p1a: Grimmsnarl|Grimmsnarl, L50, M, shiny|100/100\n|switch|p1b: Miraidon|Miraidon, L50|100/100\n|switch|p2a: Kyogre|Kyogre, L50, shiny|100/100\n|switch|p2b: Archaludon|Archaludon, L50, M|100/100\n|-weather|RainDance|[from] ability: Drizzle|[of] p2a: Kyogre\n|-fieldstart|move: Electric Terrain|[from] ability: Hadron Engine|[of] p1b: Miraidon\n|turn|1\n|inactive|warriorooyt has 30 seconds left.\n|inactive|Schmixed_007 has 30 seconds left.\n|\n|t:|1745979993\n|switch|p2a: Smeargle|Smeargle, L50, M|100/100\n|move|p1a: Grimmsnarl|Light Screen|p1a: Grimmsnarl\n|-sidestart|p1: Schmixed_007|move: Light Screen\n|move|p1b: Miraidon|Electro Drift|p2a: Smeargle\n|-enditem|p2a: Smeargle|Focus Sash\n|-damage|p2a: Smeargle|1/100\n|move|p2b: Archaludon|Electro Shot||[still]\n|-prepare|p2b: Archaludon|Electro Shot\n|-boost|p2b: Archaludon|spa|1\n|-anim|p2b: Archaludon|Electro Shot|p1a: Grimmsnarl\n|-damage|p1a: Grimmsnarl|49/100\n|\n|-weather|RainDance|[upkeep]\n|-ability|p2a: Smeargle|Moody|boost\n|-boost|p2a: Smeargle|spe|2\n|-unboost|p2a: Smeargle|spa|1\n|upkeep\n|turn|2\n|inactive|Schmixed_007 has 30 seconds left.\n|\n|t:|1745980018\n|move|p2a: Smeargle|Fake Out|p1b: Miraidon\n|-damage|p1b: Miraidon|96/100\n|move|p1a: Grimmsnarl|Thunder Wave|p2b: Archaludon\n|-status|p2b: Archaludon|par\n|cant|p1b: Miraidon|flinch\n|cant|p2b: Archaludon|par\n|\n|-weather|RainDance|[upkeep]\n|-ability|p2a: Smeargle|Moody|boost\n|-boost|p2a: Smeargle|spe|2\n|-unboost|p2a: Smeargle|spa|1\n|upkeep\n|turn|3\n|\n|t:|1745980037\n|move|p1a: Grimmsnarl|Thunder Wave|p2a: Smeargle\n|-status|p2a: Smeargle|par\n|move|p2a: Smeargle|Tailwind|p2a: Smeargle\n|-sidestart|p2: warriorooyt|move: Tailwind\n|move|p1b: Miraidon|Electro Drift|p2b: Archaludon\n|-resisted|p2b: Archaludon\n|-damage|p2b: Archaludon|37/100 par\n|-ability|p2b: Archaludon|Stamina|boost\n|-boost|p2b: Archaludon|def|1\n|move|p2b: Archaludon|Draco Meteor|p1b: Miraidon\n|-supereffective|p1b: Miraidon\n|-damage|p1b: Miraidon|0 fnt\n|-unboost|p2b: Archaludon|spa|2\n|faint|p1b: Miraidon\n|\n|-weather|RainDance|[upkeep]\n|-ability|p2a: Smeargle|Moody|boost\n|-boost|p2a: Smeargle|atk|2\n|-unboost|p2a: Smeargle|spd|1\n|upkeep\n|\n|t:|1745980048\n|switch|p1b: Necrozma|Necrozma-Dusk-Mane, L50|100/100\n|turn|4\n|\n|t:|1745980066\n|move|p1b: Necrozma|Protect|p1b: Necrozma\n|-singleturn|p1b: Necrozma|Protect\n|move|p2a: Smeargle|Follow Me|p2a: Smeargle\n|-singleturn|p2a: Smeargle|move: Follow Me\n|move|p2b: Archaludon|Electro Shot||[still]\n|-prepare|p2b: Archaludon|Electro Shot\n|-boost|p2b: Archaludon|spa|1\n|-anim|p2b: Archaludon|Electro Shot|p1a: Grimmsnarl\n|-damage|p1a: Grimmsnarl|18/100\n|move|p1a: Grimmsnarl|Foul Play|p2a: Smeargle\n|-damage|p2a: Smeargle|0 fnt\n|faint|p2a: Smeargle\n|\n|-weather|RainDance|[upkeep]\n|upkeep\n|\n|t:|1745980078\n|switch|p2a: Calyrex|Calyrex-Ice, L50|100/100\n|-ability|p2a: Calyrex|As One\n|-ability|p2a: Calyrex|Unnerve\n|turn|5\n|\n|t:|1745980095\n|move|p1a: Grimmsnarl|Thunder Wave|p2a: Calyrex\n|-status|p2a: Calyrex|par\n|move|p1b: Necrozma|Sunsteel Strike|p2a: Calyrex\n|-supereffective|p2a: Calyrex\n|-crit|p2a: Calyrex\n|-damage|p2a: Calyrex|0 fnt\n|faint|p2a: Calyrex\n|move|p2b: Archaludon|Electro Shot||[still]\n|-prepare|p2b: Archaludon|Electro Shot\n|-boost|p2b: Archaludon|spa|1\n|-anim|p2b: Archaludon|Electro Shot|p1a: Grimmsnarl\n|-damage|p1a: Grimmsnarl|0 fnt\n|faint|p1a: Grimmsnarl\n|\n|-weather|none\n|-sideend|p1: Schmixed_007|move: Light Screen\n|-fieldend|move: Electric Terrain\n|upkeep\n|\n|t:|1745980105\n|switch|p1a: Ogerpon|Ogerpon-Wellspring, L50, F|100/100\n|switch|p2a: Kyogre|Kyogre, L50, shiny|100/100\n|-weather|RainDance|[from] ability: Drizzle|[of] p2a: Kyogre\n|turn|6\n|inactive|warriorooyt has 30 seconds left.\n|\n|t:|1745980147\n|move|p1b: Necrozma|Protect|p1b: Necrozma\n|-singleturn|p1b: Necrozma|Protect\n|move|p2a: Kyogre|Thunder|p1a: Ogerpon\n|-damage|p1a: Ogerpon|55/100\n|-status|p1a: Ogerpon|par\n|move|p2b: Archaludon|Dark Pulse|p1b: Necrozma\n|-activate|p1b: Necrozma|move: Protect\n|cant|p1a: Ogerpon|par\n|\n|-weather|RainDance|[upkeep]\n|-sideend|p2: warriorooyt|move: Tailwind\n|upkeep\n|turn|7\n|inactive|Schmixed_007 has 30 seconds left.\n|\n|t:|1745980176\n|-terastallize|p1b: Necrozma|Dark\n|-terastallize|p2b: Archaludon|Flying\n|move|p2a: Kyogre|Thunder|p1a: Ogerpon\n|-damage|p1a: Ogerpon|8/100 par\n|move|p1b: Necrozma|Sunsteel Strike|p2b: Archaludon\n|-damage|p2b: Archaludon|6/100 par\n|-ability|p2b: Archaludon|Stamina|boost\n|-boost|p2b: Archaludon|def|1\n|cant|p1a: Ogerpon|par\n|cant|p2b: Archaludon|par\n|\n|-weather|RainDance|[upkeep]\n|upkeep\n|turn|8\n|\n|t:|1745980196\n|move|p1a: Ogerpon|Spiky Shield|p1a: Ogerpon\n|-singleturn|p1a: Ogerpon|move: Protect\n|move|p2a: Kyogre|Thunder|p1b: Necrozma\n|-damage|p1b: Necrozma|66/100\n|move|p1b: Necrozma|Sunsteel Strike|p2b: Archaludon\n|-damage|p2b: Archaludon|0 fnt\n|faint|p2b: Archaludon\n|\n|-weather|RainDance|[upkeep]\n|upkeep\n|turn|9\n|\n|t:|1745980211\n|move|p2a: Kyogre|Thunder|p1a: Ogerpon\n|-damage|p1a: Ogerpon|0 fnt\n|faint|p1a: Ogerpon\n|move|p1b: Necrozma|Photon Geyser|p2a: Kyogre\n|-damage|p2a: Kyogre|30/100\n|\n|-weather|RainDance|[upkeep]\n|upkeep\n|turn|10\n|\n|t:|1745980215\n|move|p2a: Kyogre|Thunder|p1b: Necrozma\n|-damage|p1b: Necrozma|29/100\n|move|p1b: Necrozma|Photon Geyser|p2a: Kyogre\n|-damage|p2a: Kyogre|0 fnt\n|faint|p2a: Kyogre\n|\n|win|Schmixed_007\n||Schmixed_007 is ready for game 2.\n||warriorooyt is ready for game 2.\n|uhtml|next|Next: <a href=\"/battle-gen9vgc2025regibo3-2353660014\"><strong>Game 2 of 3</strong></a>\n|l|\u2606warriorooyt\n|player|p2|\n|l|\u2606Schmixed_007\n|player|p1|\n", "uploadtime": 1745980509, "views": 6, "formatid": "gen9vgc2025regibo3", "rating": null, "private": 0, "password": null}