{"id": "gen9vgc2025regibo3-2354390529", "format": "[Gen 9] VGC 2025 Reg I (Bo3)", "players": ["Swami", "Water_Spout09"], "log": "|j|\u2606Swami\n|j|\u2606Water_Spout09\n|html|<table width=\"100%\"><tr><td align=\"left\">Swami</td><td align=\"right\">Water_Spout09</tr><tr><td align=\"left\"><i class=\"fa fa-circle-o\"></i> <i class=\"fa fa-circle-o\"></i> </td><td align=\"right\"><i class=\"fa fa-circle-o\"></i> <i class=\"fa fa-circle-o\"></i> </tr></table>\n|uhtml|bestof|<h2><strong>Game 1</strong> of <a href=\"/game-bestof3-gen9vgc2025regibo3-2354390528\">a best-of-3</a></h2>\n|t:|1746065500\n|gametype|doubles\n|player|p1|Swami|cynthia-gen4|1180\n|player|p2|Water_Spout09|265|1333\n|teamsize|p1|6\n|teamsize|p2|6\n|gen|9\n|tier|[Gen 9] VGC 2025 Reg I (Bo3)\n|rated|\n|rule|Species Clause: Limit one of each Pok\u00e9mon\n|rule|Item Clause: Limit 1 of each item\n|clearpoke\n|poke|p1|Koraidon, L50|\n|poke|p1|Ho-Oh, L50|\n|poke|p1|Flutter Mane, L50|\n|poke|p1|Incineroar, L50, F|\n|poke|p1|Raging Bolt, L50|\n|poke|p1|Iron Treads, L50|\n|poke|p2|Pelipper, L50, F|\n|poke|p2|Urshifu-*, L50, F|\n|poke|p2|Zamazenta-*, L50|\n|poke|p2|Lunala, L50|\n|poke|p2|Indeedee-F, L50, F|\n|poke|p2|Iron Jugulis, L50|\n|teampreview|4\n|showteam|p1|Koraidon||LifeOrb|OrichalcumPulse|FlameCharge,FlareBlitz,CloseCombat,Protect||||||50|,,,,,Fire]Ho-Oh||ClearAmulet|Regenerator|SacredFire,BraveBird,Tailwind,Protect||||||50|,,,,,Grass]Flutter Mane||FocusSash|Protosynthesis|Moonblast,IcyWind,ShadowBall,Protect||||||50|,,,,,Normal]Incineroar||SafetyGoggles|Intimidate|FakeOut,FlareBlitz,KnockOff,PartingShot|||F|||50|,,,,,Water]Raging Bolt||AssaultVest|Protosynthesis|Thunderclap,VoltSwitch,DracoMeteor,Thunderbolt||||||50|,,,,,Electric]Iron Treads||CovertCloak|QuarkDrive|HighHorsepower,IronHead,SteelRoller,Protect||||||50|,,,,,Stellar\n|showteam|p2|Pelipper||FocusSash|Drizzle|Hurricane,WeatherBall,WideGuard,Protect|||F|||50|,,,,,Stellar]Urshifu-Rapid-Strike||ChoiceScarf|UnseenFist|SurgingStrikes,CloseCombat,AquaJet,Uturn|||F|||50|,,,,,Grass]Zamazenta-Crowned||RustedShield|DauntlessShield|BodyPress,HeavySlam,WideGuard,Protect||||||50|,,,,,Dragon]Lunala||PowerHerb|ShadowShield|MoongeistBeam,ExpandingForce,MeteorBeam,Protect||||||50|,,,,,Grass]Indeedee-F||PsychicSeed|PsychicSurge|Psychic,FollowMe,HelpingHand,BatonPass|||F|||50|,,,,,Fairy]Iron Jugulis||BoosterEnergy|QuarkDrive|AirSlash,Snarl,Tailwind,Protect||||||50|,,,,,Grass\n|inactive|Battle timer is ON: inactive players will automatically lose when time's up. (requested by Swami)\n|inactive|Swami has 60 seconds left.\n|inactive|Water_Spout09 has 60 seconds left.\n|\n|t:|1746065556\n|start\n|switch|p1a: Iron Treads|Iron Treads, L50|100/100\n|switch|p1b: Ho-Oh|Ho-Oh, L50|100/100\n|switch|p2a: Lunala|Lunala, L50|100/100\n|switch|p2b: Indeedee|Indeedee-F, L50, F, shiny|100/100\n|-fieldstart|move: Psychic Terrain|[from] ability: Psychic Surge|[of] p2b: Indeedee\n|-enditem|p2b: Indeedee|Psychic Seed\n|-boost|p2b: Indeedee|spd|1|[from] item: Psychic Seed\n|turn|1\n|inactive|Water_Spout09 has 30 seconds left.\n|\n|t:|1746065591\n|-terastallize|p1b: Ho-Oh|Grass\n|move|p1a: Iron Treads|Steel Roller|p2b: Indeedee\n|-damage|p2b: Indeedee|42/100\n|-fieldend|move: Psychic Terrain\n|move|p2a: Lunala|Meteor Beam||[still]\n|-prepare|p2a: Lunala|Meteor Beam\n|-boost|p2a: Lunala|spa|1\n|-enditem|p2a: Lunala|Power Herb\n|-anim|p2a: Lunala|Meteor Beam|p1b: Ho-Oh\n|-damage|p1b: Ho-Oh|59/100\n|move|p1b: Ho-Oh|Tailwind|p1b: Ho-Oh\n|-sidestart|p1: Swami|move: Tailwind\n|move|p2b: Indeedee|Baton Pass|p2b: Indeedee\n|\n|t:|1746065597\n|switch|p2b: Zamazenta|Zamazenta-Crowned, L50|100/100|[from] Baton Pass\n|-ability|p2b: Zamazenta|Dauntless Shield|boost\n|-boost|p2b: Zamazenta|def|1\n|\n|upkeep\n|turn|2\n|inactive|Swami has 30 seconds left.\n|inactive|Swami has 20 seconds left.\n|\n|t:|1746065636\n|-terastallize|p2b: Zamazenta|Dragon\n|move|p1a: Iron Treads|Protect|p1a: Iron Treads\n|-singleturn|p1a: Iron Treads|Protect\n|move|p1b: Ho-Oh|Sacred Fire|p2b: Zamazenta|[miss]\n|-miss|p1b: Ho-Oh|p2b: Zamazenta\n|move|p2b: Zamazenta|Body Press|p1a: Iron Treads\n|-activate|p1a: Iron Treads|move: Protect\n|move|p2a: Lunala|Moongeist Beam|p1b: Ho-Oh\n|-damage|p1b: Ho-Oh|13/100\n|\n|upkeep\n|turn|3\n|inactive|Water_Spout09 has 30 seconds left.\n|inactive|Swami has 30 seconds left.\n|\n|t:|1746065668\n|switch|p1b: Raging Bolt|Raging Bolt, L50|100/100\n|move|p2b: Zamazenta|Protect|p2b: Zamazenta\n|-singleturn|p2b: Zamazenta|Protect\n|move|p1a: Iron Treads|Iron Head|p2a: Lunala\n|-damage|p2a: Lunala|84/100\n|move|p2a: Lunala|Expanding Force|p1b: Raging Bolt\n|-damage|p1b: Raging Bolt|62/100\n|\n|upkeep\n|turn|4\n|inactive|Water_Spout09 has 30 seconds left.\n|inactive|Water_Spout09 has 20 seconds left.\n|inactive|Water_Spout09 has 15 seconds left.\n|\n|t:|1746065711\n|-end|p1b: Raging Bolt|Protosynthesis|[silent]\n|switch|p1b: Ho-Oh|Ho-Oh, L50, tera:Grass|47/100\n|move|p2b: Zamazenta|Protect|p2b: Zamazenta\n|-singleturn|p2b: Zamazenta|Protect\n|move|p2a: Lunala|Protect|p2a: Lunala\n|-singleturn|p2a: Lunala|Protect\n|move|p1a: Iron Treads|Iron Head|p2a: Lunala\n|-activate|p2a: Lunala|move: Protect\n|\n|-sideend|p1: Swami|move: Tailwind\n|upkeep\n|turn|5\n|inactive|Swami has 30 seconds left.\n|\n|t:|1746065743\n|switch|p1b: Koraidon|Koraidon, L50|100/100\n|-weather|SunnyDay|[from] ability: Orichalcum Pulse|[of] p1b: Koraidon\n|-activate|p1b: Koraidon|Orichalcum Pulse|[source]\n|move|p2b: Zamazenta|Body Press|p1b: Koraidon\n|-damage|p1b: Koraidon|42/100\n|move|p1a: Iron Treads|Iron Head|p2a: Lunala\n|-damage|p2a: Lunala|47/100\n|move|p2a: Lunala|Moongeist Beam|p1a: Iron Treads\n|-damage|p1a: Iron Treads|0 fnt\n|faint|p1a: Iron Treads\n|-end|p1a: Iron Treads|Quark Drive|[silent]\n|\n|-weather|SunnyDay|[upkeep]\n|upkeep\n|\n|t:|1746065751\n|switch|p1a: Ho-Oh|Ho-Oh, L50, tera:Grass|80/100\n|turn|6\n|\n|t:|1746065776\n|move|p2b: Zamazenta|Body Press|p1a: Ho-Oh\n|-damage|p1a: Ho-Oh|25/100\n|move|p1b: Koraidon|Flare Blitz|p2a: Lunala\n|-damage|p2a: Lunala|0 fnt\n|faint|p2a: Lunala\n|-damage|p1b: Koraidon|23/100|[from] Recoil\n|-damage|p1b: Koraidon|14/100|[from] item: Life Orb\n|move|p1a: Ho-Oh|Tailwind|p1a: Ho-Oh\n|-sidestart|p1: Swami|move: Tailwind\n|\n|-weather|SunnyDay|[upkeep]\n|upkeep\n|\n|t:|1746065781\n|switch|p2a: Pelipper|Pelipper, L50, F, shiny|100/100\n|-weather|RainDance|[from] ability: Drizzle|[of] p2a: Pelipper\n|turn|7\n|inactive|Swami has 30 seconds left.\n|inactive|Swami has 20 seconds left.\n|\n|t:|1746065821\n|switch|p1b: Raging Bolt|Raging Bolt, L50|62/100\n|move|p1a: Ho-Oh|Sacred Fire|p2b: Zamazenta\n|-resisted|p2b: Zamazenta\n|-damage|p2b: Zamazenta|95/100\n|-status|p2b: Zamazenta|brn\n|move|p2b: Zamazenta|Body Press|p1a: Ho-Oh\n|-damage|p1a: Ho-Oh|0 fnt\n|faint|p1a: Ho-Oh\n|move|p2a: Pelipper|Hurricane|p1b: Raging Bolt\n|-resisted|p1b: Raging Bolt\n|-damage|p1b: Raging Bolt|47/100\n|\n|-weather|RainDance|[upkeep]\n|-damage|p2b: Zamazenta|89/100 brn|[from] brn\n|upkeep\n|\n|t:|1746065827\n|switch|p1a: Koraidon|Koraidon, L50|14/100\n|-weather|SunnyDay|[from] ability: Orichalcum Pulse|[of] p1a: Koraidon\n|-activate|p1b: Raging Bolt|ability: Protosynthesis\n|-start|p1b: Raging Bolt|protosynthesisspa\n|-activate|p1a: Koraidon|Orichalcum Pulse|[source]\n|turn|8\n|inactive|Swami has 30 seconds left.\n|inactive|Water_Spout09 has 30 seconds left.\n|\n|t:|1746065856\n|move|p2b: Zamazenta|Protect|p2b: Zamazenta\n|-singleturn|p2b: Zamazenta|Protect\n|move|p1a: Koraidon|Flame Charge|p2a: Pelipper\n|-resisted|p2a: Pelipper\n|-damage|p2a: Pelipper|69/100\n|-boost|p1a: Koraidon|spe|1\n|-damage|p1a: Koraidon|4/100|[from] item: Life Orb\n|move|p1b: Raging Bolt|Volt Switch|p2a: Pelipper\n|-supereffective|p2a: Pelipper\n|-damage|p2a: Pelipper|0 fnt\n|faint|p2a: Pelipper\n|\n|-weather|SunnyDay|[upkeep]\n|-damage|p2b: Zamazenta|83/100 brn|[from] brn\n|upkeep\n|\n|t:|1746065862\n|switch|p2a: Indeedee|Indeedee-F, L50, F, shiny|42/100\n|-fieldstart|move: Psychic Terrain|[from] ability: Psychic Surge|[of] p2a: Indeedee\n|turn|9\n|\n|t:|1746065877\n|move|p2a: Indeedee|Follow Me|p2a: Indeedee\n|-singleturn|p2a: Indeedee|move: Follow Me\n|move|p1a: Koraidon|Close Combat|p2a: Indeedee\n|-damage|p2a: Indeedee|0 fnt\n|-unboost|p1a: Koraidon|def|1\n|-unboost|p1a: Koraidon|spd|1\n|faint|p2a: Indeedee\n|-damage|p1a: Koraidon|0 fnt|[from] item: Life Orb\n|faint|p1a: Koraidon\n|move|p1b: Raging Bolt|Draco Meteor|p2b: Zamazenta\n|-supereffective|p2b: Zamazenta\n|-damage|p2b: Zamazenta|0 fnt\n|-unboost|p1b: Raging Bolt|spa|2\n|faint|p2b: Zamazenta\n|\n|win|Swami\n||Water_Spout09 is ready for game 2.\n|inactive|Swami has 30 seconds to confirm battle start!\n||Swami is ready for game 2.\n|uhtml|next|Next: <a href=\"/battle-gen9vgc2025regibo3-2354393686\"><strong>Game 2 of 3</strong></a>\n|l|\u2606Water_Spout09\n|player|p2|\n|l|\u2606Swami\n|player|p1|\n", "uploadtime": 1746066161, "views": 8, "formatid": "gen9vgc2025regibo3", "rating": null, "private": 0, "password": null}