{"id": "gen9vgc2025regibo3-2354396586", "format": "[Gen 9] VGC 2025 Reg I (Bo3)", "players": ["onya nurve", "chappell murkroan"], "log": "|j|\u2606onya nurve\n|j|\u2606chappell murkroan\n|html|<table width=\"100%\"><tr><td align=\"left\">onya nurve</td><td align=\"right\">chappell murkroan</tr><tr><td align=\"left\"><i class=\"fa fa-circle-o\"></i> <i class=\"fa fa-circle-o\"></i> </td><td align=\"right\"><i class=\"fa fa-circle-o\"></i> <i class=\"fa fa-circle-o\"></i> </tr></table>\n|uhtml|bestof|<h2><strong>Game 1</strong> of <a href=\"/game-bestof3-gen9vgc2025regibo3-2354396585\">a best-of-3</a></h2>\n|t:|1746066254\n|gametype|doubles\n|player|p1|onya nurve|winona|1339\n|player|p2|chappell murkroan|caitlin|1322\n|teamsize|p1|6\n|teamsize|p2|6\n|gen|9\n|tier|[Gen 9] VGC 2025 Reg I (Bo3)\n|rated|\n|rule|Species Clause: Limit one of each Pok\u00e9mon\n|rule|Item Clause: Limit 1 of each item\n|clearpoke\n|poke|p1|Koraidon, L50|\n|poke|p1|Lunala, L50|\n|poke|p1|Incineroar, L50, F|\n|poke|p1|Amoonguss, L50, F|\n|poke|p1|Flutter Mane, L50|\n|poke|p1|Ursaluna, L50, F|\n|poke|p2|Ho-Oh, L50|\n|poke|p2|Miraidon, L50|\n|poke|p2|Urshifu-*, L50, F|\n|poke|p2|Chien-Pao, L50|\n|poke|p2|Farigiraf, L50, F|\n|poke|p2|Iron Hands, L50|\n|teampreview|4\n|showteam|p1|Koraidon||LifeOrb|OrichalcumPulse|FlareBlitz,CloseCombat,FlameCharge,Protect||||||50|,,,,,Fire]Lunala||Leftovers|ShadowShield|Moonblast,MoongeistBeam,TrickRoom,WideGuard||||||50|,,,,,Fairy]Incineroar||SafetyGoggles|Intimidate|FakeOut,FlareBlitz,KnockOff,PartingShot|||F|||50|,,,,,Bug]Amoonguss||CovertCloak|Regenerator|Spore,RagePowder,PollenPuff,Protect|||F|||50|,,,,,Dark]Flutter Mane||FocusSash|Protosynthesis|Moonblast,ShadowBall,IcyWind,Protect||||||50|,,,,,Normal]Ursaluna||FlameOrb|Guts|HeadlongRush,Facade,Earthquake,Protect|||F|||50|,,,,,Ghost\n|showteam|p2|Ho-Oh||ClearAmulet|Regenerator|SacredFire,Tailwind,BraveBird,Protect||||||50|,,,,,Grass]Miraidon||ChoiceSpecs|HadronEngine|ElectroDrift,VoltSwitch,DracoMeteor,DazzlingGleam||||||50|,,,,,Fairy]Urshifu-Rapid-Strike||MysticWater|UnseenFist|SurgingStrikes,AquaJet,Taunt,Detect|||F|||50|,,,,,Water]Chien-Pao||FocusSash|SwordofRuin|IcicleCrash,Crunch,SuckerPunch,Protect||||||50|,,,,,Stellar]Farigiraf||ElectricSeed|ArmorTail|FoulPlay,Psychic,TrickRoom,HelpingHand|||F|||50|,,,,,Water]Iron Hands||AssaultVest|QuarkDrive|LowKick,DrainPunch,HeavySlam,FakeOut||||||50|,,,,,Water\n|inactive|Battle timer is ON: inactive players will automatically lose when time's up. (requested by chappell murkroan)\n|inactive|onya nurve has 60 seconds left.\n|inactive|chappell murkroan has 60 seconds left.\n|inactive|chappell murkroan has 30 seconds left.\n|inactive|chappell murkroan has 20 seconds left.\n|\n|t:|1746066327\n|start\n|switch|p1a: Lunala|Lunala, L50|100/100\n|switch|p1b: Amoonguss|Amoonguss, L50, F|100/100\n|switch|p2a: Ho-Oh|Ho-Oh, L50|100/100\n|switch|p2b: Miraidon|Miraidon, L50|100/100\n|-fieldstart|move: Electric Terrain|[from] ability: Hadron Engine|[of] p2b: Miraidon\n|turn|1\n|\n|t:|1746066345\n|-terastallize|p1a: Lunala|Fairy\n|move|p1b: Amoonguss|Rage Powder|p1b: Amoonguss\n|-singleturn|p1b: Amoonguss|move: Rage Powder\n|move|p2b: Miraidon|Volt Switch|p1b: Amoonguss\n|-resisted|p1b: Amoonguss\n|-damage|p1b: Amoonguss|60/100\n|\n|t:|1746066352\n|switch|p2b: Farigiraf|Farigiraf, L50, F|100/100|[from] Volt Switch\n|-enditem|p2b: Farigiraf|Electric Seed\n|-boost|p2b: Farigiraf|def|1|[from] item: Electric Seed\n|move|p2a: Ho-Oh|Brave Bird|p1b: Amoonguss\n|-supereffective|p1b: Amoonguss\n|-damage|p1b: Amoonguss|0 fnt\n|faint|p1b: Amoonguss\n|-damage|p2a: Ho-Oh|80/100|[from] Recoil\n|move|p1a: Lunala|Trick Room|p1a: Lunala\n|-fieldstart|move: Trick Room|[of] p1a: Lunala\n|\n|upkeep\n|\n|t:|1746066371\n|switch|p1b: Ursaluna|Ursaluna, L50, F|100/100\n|turn|2\n|\n|t:|1746066384\n|move|p1b: Ursaluna|Facade|p2b: Farigiraf\n|-damage|p2b: Farigiraf|79/100\n|move|p2a: Ho-Oh|Sacred Fire|p1a: Lunala\n|-damage|p1a: Lunala|81/100\n|move|p1a: Lunala|Moonblast|p2b: Farigiraf\n|-damage|p2b: Farigiraf|24/100\n|move|p2b: Farigiraf|Trick Room|p2b: Farigiraf\n|-fieldend|move: Trick Room\n|\n|-heal|p1a: Lunala|87/100|[from] item: Leftovers\n|-status|p1b: Ursaluna|brn|[from] item: Flame Orb\n|upkeep\n|turn|3\n|\n|t:|1746066404\n|move|p2a: Ho-Oh|Brave Bird|p1a: Lunala\n|-damage|p1a: Lunala|39/100\n|-damage|p2a: Ho-Oh|63/100|[from] Recoil\n|move|p2b: Farigiraf|Psychic|p1a: Lunala\n|-damage|p1a: Lunala|16/100\n|move|p1b: Ursaluna|Facade|p2b: Farigiraf\n|-damage|p2b: Farigiraf|0 fnt\n|faint|p2b: Farigiraf\n|move|p1a: Lunala|Trick Room|p1a: Lunala\n|-fieldstart|move: Trick Room|[of] p1a: Lunala\n|\n|-heal|p1a: Lunala|22/100|[from] item: Leftovers\n|-damage|p1b: Ursaluna|95/100 brn|[from] brn\n|upkeep\n|\n|t:|1746066417\n|switch|p2b: Chien-Pao|Chien-Pao, L50|100/100\n|-ability|p2b: Chien-Pao|Sword of Ruin\n|turn|4\n|\n|t:|1746066429\n|switch|p1a: Incineroar|Incineroar, L50, F|100/100\n|-ability|p1a: Incineroar|Intimidate|boost\n|-fail|p2a: Ho-Oh|unboost|[from] item: Clear Amulet|[of] p2a: Ho-Oh\n|-unboost|p2b: Chien-Pao|atk|1\n|move|p1b: Ursaluna|Protect|p1b: Ursaluna\n|-singleturn|p1b: Ursaluna|Protect\n|move|p2a: Ho-Oh|Brave Bird|p1b: Ursaluna\n|-activate|p1b: Ursaluna|move: Protect\n|move|p2b: Chien-Pao|Icicle Crash|p1b: Ursaluna\n|-activate|p1b: Ursaluna|move: Protect\n|\n|-damage|p1b: Ursaluna|89/100 brn|[from] brn\n|upkeep\n|turn|5\n|\n|t:|1746066443\n|move|p2a: Ho-Oh|Protect|p2a: Ho-Oh\n|-singleturn|p2a: Ho-Oh|Protect\n|move|p2b: Chien-Pao|Protect|p2b: Chien-Pao\n|-singleturn|p2b: Chien-Pao|Protect\n|move|p1a: Incineroar|Fake Out|p2b: Chien-Pao\n|-activate|p2b: Chien-Pao|move: Protect\n|move|p1b: Ursaluna|Facade|p2a: Ho-Oh\n|-activate|p2a: Ho-Oh|move: Protect\n|\n|-damage|p1b: Ursaluna|83/100 brn|[from] brn\n|-fieldend|move: Electric Terrain\n|upkeep\n|turn|6\n|\n|t:|1746066476\n|move|p1b: Ursaluna|Facade|p2b: Chien-Pao\n|-enditem|p2b: Chien-Pao|Focus Sash\n|-damage|p2b: Chien-Pao|1/100\n|move|p1a: Incineroar|Knock Off|p2b: Chien-Pao\n|-resisted|p2b: Chien-Pao\n|-damage|p2b: Chien-Pao|0 fnt\n|faint|p2b: Chien-Pao\n|move|p2a: Ho-Oh|Brave Bird|p1b: Ursaluna\n|-damage|p1b: Ursaluna|44/100 brn\n|-damage|p2a: Ho-Oh|49/100|[from] Recoil\n|\n|-damage|p1b: Ursaluna|38/100 brn|[from] brn\n|upkeep\n|\n|t:|1746066488\n|switch|p2b: Miraidon|Miraidon, L50|100/100\n|-fieldstart|move: Electric Terrain|[from] ability: Hadron Engine|[of] p2b: Miraidon\n|turn|7\n|\n|t:|1746066506\n|-terastallize|p2b: Miraidon|Fairy\n|move|p1b: Ursaluna|Facade|p2b: Miraidon\n|-damage|p2b: Miraidon|0 fnt\n|faint|p2b: Miraidon\n|move|p1a: Incineroar|Knock Off|p2a: Ho-Oh\n|-damage|p2a: Ho-Oh|22/100\n|-enditem|p2a: Ho-Oh|Clear Amulet|[from] move: Knock Off|[of] p1a: Incineroar\n|move|p2a: Ho-Oh|Brave Bird|p1a: Incineroar\n|-damage|p1a: Incineroar|61/100\n|-damage|p2a: Ho-Oh|9/100|[from] Recoil\n|\n|-damage|p1b: Ursaluna|32/100 brn|[from] brn\n|-fieldend|move: Trick Room\n|upkeep\n|turn|8\n|-message|chappell murkroan forfeited.\n|\n|win|onya nurve\n||chappell murkroan is ready for game 2.\n", "uploadtime": 1746066517, "views": 54, "formatid": "gen9vgc2025regibo3", "rating": null, "private": 0, "password": null}