{"id": "gen9vgc2025regibo3-2353547444", "format": "[Gen 9] VGC 2025 Reg I (Bo3)", "players": ["habeebomarali123", "Pacca100"], "log": "|j|\u2606habeebomarali123\n|j|\u2606Pacca100\n|html|<table width=\"100%\"><tr><td align=\"left\">habeebomarali123</td><td align=\"right\">Pacca100</tr><tr><td align=\"left\"><i class=\"fa fa-circle-o\"></i> <i class=\"fa fa-circle-o\"></i> </td><td align=\"right\"><i class=\"fa fa-circle-o\"></i> <i class=\"fa fa-circle-o\"></i> </tr></table>\n|uhtml|bestof|<h2><strong>Game 1</strong> of <a href=\"/game-bestof3-gen9vgc2025regibo3-2353547443\">a best-of-3</a></h2>\n|t:|1745966914\n|gametype|doubles\n|player|p1|habeebomarali123|veteran|1221\n|player|p2|Pacca100|169|1230\n|teamsize|p1|6\n|teamsize|p2|6\n|gen|9\n|tier|[Gen 9] VGC 2025 Reg I (Bo3)\n|rated|\n|rule|Species Clause: Limit one of each Pok\u00e9mon\n|rule|Item Clause: Limit 1 of each item\n|clearpoke\n|poke|p1|Zekrom, L50|\n|poke|p1|Miraidon, L50|\n|poke|p1|Tornadus, L50, M|\n|poke|p1|Incineroar, L50, F|\n|poke|p1|Urshifu-*, L50, M|\n|poke|p1|Pelipper, L50, M|\n|poke|p2|Koraidon, L50|\n|poke|p2|Calyrex-Shadow, L50|\n|poke|p2|Weezing-Galar, L50, M|\n|poke|p2|Iron Hands, L50|\n|poke|p2|Ogerpon-Cornerstone, L50, F|\n|poke|p2|Chi-Yu, L50|\n|teampreview|4\n|showteam|p1|Zekrom||LifeOrb|Teravolt|DragonDance,DragonClaw,Protect,FusionBolt||||||50|,,,,,Electric]Miraidon||ChoiceSpecs|HadronEngine|DazzlingGleam,DracoMeteor,ElectroDrift,VoltSwitch||||||50|,,,,,Fairy]Tornadus||CovertCloak|Prankster|Tailwind,BleakwindStorm,ScaryFace,Protect|||M|||50|,,,,,Dark]Incineroar||AssaultVest|Intimidate|KnockOff,FlareBlitz,Uturn,FakeOut|||F|||50|,,,,,Bug]Urshifu||FocusSash|UnseenFist|WickedBlow,SuckerPunch,CloseCombat,Detect|||M|||50|,,,,,Stellar]Pelipper||AbilityShield|Drizzle|Protect,Hurricane,WeatherBall,WideGuard|||M|||50|,,,,,Ghost\n|showteam|p2|Koraidon||AbilityShield|OrichalcumPulse|CloseCombat,FlareBlitz,FlameCharge,Protect||||||50|,,,,,Fire]Calyrex-Shadow||FocusSash|AsOneSpectrier|AstralBarrage,Psychic,Encore,Protect||||||50|,,,,,Ghost]Weezing-Galar||CovertCloak|NeutralizingGas|StrangeSteam,ToxicSpikes,Taunt,Protect|||M|||50|,,,,,Water]Iron Hands||AssaultVest|QuarkDrive|FakeOut,LowKick,WildCharge,HeavySlam||||||50|,,,,,Water]Ogerpon-Cornerstone||CornerstoneMask|Sturdy|FollowMe,IvyCudgel,PowerWhip,SpikyShield|||F|||50|,,,,,Rock]Chi-Yu||ChoiceScarf|BeadsofRuin|HeatWave,Overheat,DarkPulse,Snarl||||||50|,,,,,Ghost\n|inactive|Battle timer is ON: inactive players will automatically lose when time's up. (requested by Pacca100)\n|j| Yarin65\n|inactive|Pacca100 has 60 seconds left.\n|\n|t:|1745966958\n|start\n|switch|p1a: Incineroar|Incineroar, L50, F|100/100\n|switch|p1b: Miraidon|Miraidon, L50|100/100\n|switch|p2a: Speedrun|Koraidon, L50|100/100\n|switch|p2b: Weezing|Weezing-Galar, L50, M|100/100\n|-ability|p2b: Weezing|Neutralizing Gas\n|-block|p2a: Speedrun|item: Ability Shield\n|-weather|SunnyDay|[from] ability: Orichalcum Pulse|[of] p2a: Speedrun\n|-activate|p2a: Speedrun|Orichalcum Pulse|[source]\n|turn|1\n|\n|t:|1745966972\n|move|p2a: Speedrun|Protect|p2a: Speedrun\n|-singleturn|p2a: Speedrun|Protect\n|move|p2b: Weezing|Protect|p2b: Weezing\n|-singleturn|p2b: Weezing|Protect\n|move|p1a: Incineroar|Fake Out|p2a: Speedrun\n|-activate|p2a: Speedrun|move: Protect\n|move|p1b: Miraidon|Volt Switch|p2b: Weezing\n|-activate|p2b: Weezing|move: Protect\n|\n|-weather|SunnyDay|[upkeep]\n|upkeep\n|turn|2\n|inactive|Pacca100 has 30 seconds left.\n|inactive|habeebomarali123 has 30 seconds left.\n|inactive|Pacca100 has 20 seconds left.\n|\n|t:|1745967012\n|-end|p2b: Weezing|ability: Neutralizing Gas\n|-fieldstart|move: Electric Terrain|[from] ability: Hadron Engine|[of] p1b: Miraidon\n|-ability|p1a: Incineroar|Intimidate|boost\n|-unboost|p2a: Speedrun|atk|1\n|-unboost|p2b: Weezing|atk|1\n|switch|p2b: Iron Hands|Iron Hands, L50|100/100\n|-activate|p2b: Iron Hands|ability: Quark Drive\n|-start|p2b: Iron Hands|quarkdriveatk\n|-terastallize|p1a: Incineroar|Bug\n|move|p2a: Speedrun|Close Combat|p1a: Incineroar\n|-resisted|p1a: Incineroar\n|-damage|p1a: Incineroar|77/100\n|-unboost|p2a: Speedrun|def|1\n|-unboost|p2a: Speedrun|spd|1\n|move|p1b: Miraidon|Volt Switch|p2a: Speedrun\n|-resisted|p2a: Speedrun\n|-damage|p2a: Speedrun|28/100\n|\n|t:|1745967028\n|switch|p1b: Pelipper|Pelipper, L50, M|100/100|[from] Volt Switch\n|-weather|RainDance|[from] ability: Drizzle|[of] p1b: Pelipper\n|move|p1a: Incineroar|Flare Blitz|p2b: Iron Hands\n|-damage|p2b: Iron Hands|80/100\n|-damage|p1a: Incineroar|69/100|[from] Recoil\n|\n|-weather|RainDance|[upkeep]\n|upkeep\n|turn|3\n|inactive|Pacca100 has 30 seconds left.\n|inactive|Pacca100 has 20 seconds left.\n|inactive|Pacca100 has 15 seconds left.\n|inactive|Pacca100 has 10 seconds left.\n|\n|t:|1745967078\n|-terastallize|p2a: Speedrun|Fire\n|move|p1b: Pelipper|Protect|p1b: Pelipper\n|-singleturn|p1b: Pelipper|Protect\n|move|p2a: Speedrun|Flare Blitz|p1a: Incineroar\n|-supereffective|p1a: Incineroar\n|-damage|p1a: Incineroar|33/100\n|-damage|p2a: Speedrun|15/100|[from] Recoil\n|move|p1a: Incineroar|Knock Off|p2a: Speedrun\n|-crit|p2a: Speedrun\n|-damage|p2a: Speedrun|0 fnt\n|-enditem|p2a: Speedrun|Ability Shield|[from] move: Knock Off|[of] p1a: Incineroar\n|faint|p2a: Speedrun\n|move|p2b: Iron Hands|Wild Charge|p1b: Pelipper\n|-activate|p1b: Pelipper|move: Protect\n|\n|-weather|RainDance|[upkeep]\n|upkeep\n|\n|t:|1745967089\n|switch|p2a: Calyrex|Calyrex-Shadow, L50|100/100\n|-ability|p2a: Calyrex|As One\n|-ability|p2a: Calyrex|Unnerve\n|turn|4\n|inactive|Pacca100 has 30 seconds left.\n|\n|t:|1745967116\n|switch|p1b: Miraidon|Miraidon, L50|100/100\n|-activate|p1b: Miraidon|ability: Hadron Engine\n|move|p2a: Calyrex|Astral Barrage|p1a: Incineroar|[spread] p1a,p1b\n|-damage|p1a: Incineroar|0 fnt\n|-damage|p1b: Miraidon|54/100\n|faint|p1a: Incineroar\n|-ability|p2a: Calyrex|Grim Neigh|boost\n|-boost|p2a: Calyrex|spa|1\n|move|p2b: Iron Hands|Wild Charge|p1b: Miraidon\n|-resisted|p1b: Miraidon\n|-damage|p1b: Miraidon|31/100\n|-damage|p2b: Iron Hands|76/100|[from] Recoil\n|\n|-weather|RainDance|[upkeep]\n|upkeep\n|\n|t:|1745967124\n|switch|p1a: Pelipper|Pelipper, L50, M|100/100\n|turn|5\n|c|\u2606habeebomarali123|wide gaurd shenegains time!!!!\n|\n|t:|1745967147\n|move|p2a: Calyrex|Psychic|p1b: Miraidon\n|-damage|p1b: Miraidon|0 fnt\n|faint|p1b: Miraidon\n|-ability|p2a: Calyrex|Grim Neigh|boost\n|-boost|p2a: Calyrex|spa|1\n|move|p1a: Pelipper|Hurricane|p2b: Iron Hands\n|-damage|p2b: Iron Hands|53/100\n|move|p2b: Iron Hands|Wild Charge|p1a: Pelipper\n|-supereffective|p1a: Pelipper\n|-damage|p1a: Pelipper|0 fnt\n|faint|p1a: Pelipper\n|-damage|p2b: Iron Hands|36/100|[from] Recoil\n|\n|-weather|RainDance|[upkeep]\n|upkeep\n|\n|t:|1745967151\n|switch|p1b: Urshifu|Urshifu, L50, M|100/100\n|turn|6\n|c|\u2606Pacca100|Bro if u wide guard I wild charge ur pelipper\n|\n|t:|1745967170\n|move|p2a: Calyrex|Astral Barrage|p1b: Urshifu\n|-resisted|p1b: Urshifu\n|-enditem|p1b: Urshifu|Focus Sash\n|-damage|p1b: Urshifu|1/100\n|move|p1b: Urshifu|Wicked Blow|p2a: Calyrex\n|-supereffective|p2a: Calyrex\n|-crit|p2a: Calyrex\n|-enditem|p2a: Calyrex|Focus Sash\n|-damage|p2a: Calyrex|1/100\n|move|p2b: Iron Hands|Low Kick|p1b: Urshifu\n|-supereffective|p1b: Urshifu\n|-damage|p1b: Urshifu|0 fnt\n|faint|p1b: Urshifu\n|\n|win|Pacca100\n||Pacca100 is ready for game 2.\n|c|\u2606habeebomarali123|ik but still tired\n||habeebomarali123 is ready for game 2.\n|uhtml|next|Next: <a href=\"/battle-gen9vgc2025regibo3-2353549768\"><strong>Game 2 of 3</strong></a>\n|l|\u2606Pacca100\n|player|p2|\n|l|\u2606habeebomarali123\n|player|p1|\n|l| Yarin65\n", "uploadtime": 1745967537, "views": 6, "formatid": "gen9vgc2025regibo3", "rating": null, "private": 0, "password": null}