{"id": "gen9vgc2025regibo3-2354347473", "format": "[Gen 9] VGC 2025 Reg I (Bo3)", "players": ["Nobdyspecialvgc", "marcos005ok"], "log": "|j|\u2606Nobdyspecialvgc\n|j|\u2606marcos005ok\n|html|<table width=\"100%\"><tr><td align=\"left\">Nobdyspecialvgc</td><td align=\"right\">marcos005ok</tr><tr><td align=\"left\"><i class=\"fa fa-circle\"></i> <i class=\"fa fa-circle-o\"></i> </td><td align=\"right\"><i class=\"fa fa-circle-o\"></i> <i class=\"fa fa-circle-o\"></i> </tr></table>\n|uhtml|bestof|<h2><strong>Game 2</strong> of <a href=\"/game-bestof3-gen9vgc2025regibo3-2354345100\">a best-of-3</a></h2>\n|t:|1746060237\n|gametype|doubles\n|player|p1|Nobdyspecialvgc|flannery|1171\n|player|p2|marcos005ok|juan|1076\n|teamsize|p1|6\n|teamsize|p2|6\n|gen|9\n|tier|[Gen 9] VGC 2025 Reg I (Bo3)\n|rated|\n|rule|Species Clause: Limit one of each Pok\u00e9mon\n|rule|Item Clause: Limit 1 of each item\n|clearpoke\n|poke|p1|Groudon, L50|\n|poke|p1|Raging Bolt, L50|\n|poke|p1|Indeedee-F, L50, F|\n|poke|p1|Calyrex-Shadow, L50|\n|poke|p1|Volcarona, L50, M|\n|poke|p1|Urshifu-*, L50, F|\n|poke|p2|Kyogre, L50|\n|poke|p2|Miraidon, L50|\n|poke|p2|Archaludon, L50, M|\n|poke|p2|Tornadus, L50, M|\n|poke|p2|Talonflame, L50, F|\n|poke|p2|Iron Hands, L50|\n|teampreview|4\n|showteam|p1|Groudon||AssaultVest|Drought|PrecipiceBlades,HeatCrash,ThunderPunch,HighHorsepower||||||50|,,,,,Fire]Raging Bolt||SafetyGoggles|Protosynthesis|Thunderclap,DracoMeteor,Protect,Thunderbolt||||||50|,,,,,Electric]Indeedee-F||PsychicSeed|PsychicSurge|TrickRoom,FollowMe,HelpingHand,DazzlingGleam|||F|||50|,,,,,Fairy]Calyrex-Shadow||FocusSash|AsOneSpectrier|AstralBarrage,ExpandingForce,GigaDrain,Protect||||||50|,,,,,Grass]Volcarona||RockyHelmet|FlameBody|HeatWave,RagePowder,WillOWisp,Tailwind|||M|||50|,,,,,Water]Urshifu||ChoiceScarf|UnseenFist|CloseCombat,WickedBlow,IronHead,SuckerPunch|||F|||50|,,,,,Grass\n|showteam|p2|Kyogre||Leftovers|Drizzle|ThunderWave,Protect,CalmMind,OriginPulse||||||50|,,,,,Steel]Miraidon||LifeOrb|HadronEngine|Thunder,VoltSwitch,DracoMeteor,DazzlingGleam||||||50|,,,,,Fairy]Archaludon||AssaultVest|Stamina|BodyPress,FlashCannon,DracoMeteor,ElectroShot|||M|||50|,,,,,Stellar]Tornadus||CovertCloak|Prankster|Tailwind,Taunt,BleakwindStorm,Protect|||M|||50|,,,,,Grass]Talonflame||FocusSash|GaleWings|Tailwind,WillOWisp,BraveBird,UpperHand|||F|||50|,,,,,Ground]Iron Hands||SafetyGoggles|QuarkDrive|FakeOut,WildCharge,DrainPunch,Detect||||||50|,,,,,Fighting\n|\n|t:|1746060265\n|start\n|switch|p1a: Calyrex|Calyrex-Shadow, L50|100/100\n|switch|p1b: Kirin|Raging Bolt, L50|100/100\n|switch|p2a: Miraidon|Miraidon, L50|100/100\n|switch|p2b: Tornadus|Tornadus, L50, M|100/100\n|-ability|p1a: Calyrex|As One\n|-ability|p1a: Calyrex|Unnerve\n|-fieldstart|move: Electric Terrain|[from] ability: Hadron Engine|[of] p2a: Miraidon\n|turn|1\n|\n|t:|1746060286\n|switch|p1a: GROUN|Groudon, L50|100/100\n|-weather|SunnyDay|[from] ability: Drought|[of] p1a: GROUN\n|-activate|p1b: Kirin|ability: Protosynthesis\n|-start|p1b: Kirin|protosynthesisspa\n|move|p1b: Kirin|Protect|p1b: Kirin\n|-singleturn|p1b: Kirin|Protect\n|move|p2b: Tornadus|Tailwind|p2b: Tornadus\n|-sidestart|p2: marcos005ok|move: Tailwind\n|move|p2a: Miraidon|Volt Switch|p1a: GROUN\n|-immune|p1a: GROUN\n|\n|-weather|SunnyDay|[upkeep]\n|upkeep\n|turn|2\n|\n|t:|1746060335\n|switch|p2b: Kyogre|Kyogre, L50, shiny|100/100\n|-weather|RainDance|[from] ability: Drizzle|[of] p2b: Kyogre\n|-end|p1b: Kirin|Protosynthesis\n|move|p1b: Kirin|Protect|p1b: Kirin\n|-singleturn|p1b: Kirin|Protect\n|move|p2a: Miraidon|Volt Switch|p1b: Kirin\n|-activate|p1b: Kirin|move: Protect\n|move|p1a: GROUN|Thunder Punch|p2b: Kyogre\n|-supereffective|p2b: Kyogre\n|-damage|p2b: Kyogre|43/100\n|\n|-weather|RainDance|[upkeep]\n|-heal|p2b: Kyogre|48/100|[from] item: Leftovers\n|upkeep\n|turn|3\n|inactive|Battle timer is ON: inactive players will automatically lose when time's up. (requested by Nobdyspecialvgc)\n|\n|t:|1746060368\n|switch|p1a: \u7d2b\u7afd\u8d85\u53ef\u611b|Indeedee-F, L50, F, shiny|100/100\n|-fieldstart|move: Psychic Terrain|[from] ability: Psychic Surge|[of] p1a: \u7d2b\u7afd\u8d85\u53ef\u611b\n|-enditem|p1a: \u7d2b\u7afd\u8d85\u53ef\u611b|Psychic Seed\n|-boost|p1a: \u7d2b\u7afd\u8d85\u53ef\u611b|spd|1|[from] item: Psychic Seed\n|move|p2a: Miraidon|Draco Meteor|p1b: Kirin\n|-supereffective|p1b: Kirin\n|-damage|p1b: Kirin|0 fnt\n|-unboost|p2a: Miraidon|spa|2\n|faint|p1b: Kirin\n|-end|p1b: Kirin|Protosynthesis|[silent]\n|-damage|p2a: Miraidon|91/100|[from] item: Life Orb\n|move|p2b: Kyogre|Origin Pulse|p1a: \u7d2b\u7afd\u8d85\u53ef\u611b\n|-damage|p1a: \u7d2b\u7afd\u8d85\u53ef\u611b|50/100\n|\n|-weather|RainDance|[upkeep]\n|-heal|p2b: Kyogre|54/100|[from] item: Leftovers\n|upkeep\n|\n|t:|1746060380\n|switch|p1b: Calyrex|Calyrex-Shadow, L50|100/100\n|-ability|p1b: Calyrex|As One\n|-ability|p1b: Calyrex|Unnerve\n|turn|4\n|\n|t:|1746060387\n|move|p2b: Kyogre|Protect|p2b: Kyogre\n|-singleturn|p2b: Kyogre|Protect\n|move|p1b: Calyrex|Protect|p1b: Calyrex\n|-singleturn|p1b: Calyrex|Protect\n|move|p2a: Miraidon|Volt Switch|p1a: \u7d2b\u7afd\u8d85\u53ef\u611b\n|-damage|p1a: \u7d2b\u7afd\u8d85\u53ef\u611b|32/100\n|-damage|p2a: Miraidon|81/100|[from] item: Life Orb\n|\n|t:|1746060394\n|switch|p2a: Tornadus|Tornadus, L50, M|100/100|[from] Volt Switch\n|move|p1a: \u7d2b\u7afd\u8d85\u53ef\u611b|Dazzling Gleam|p2b: Kyogre|[spread] p2a\n|-activate|p2b: Kyogre|move: Protect\n|-damage|p2a: Tornadus|89/100\n|\n|-weather|RainDance|[upkeep]\n|-heal|p2b: Kyogre|60/100|[from] item: Leftovers\n|-sideend|p2: marcos005ok|move: Tailwind\n|upkeep\n|turn|5\n|\n|t:|1746060408\n|move|p1a: \u7d2b\u7afd\u8d85\u53ef\u611b|Helping Hand|p1b: Calyrex\n|-singleturn|p1b: Calyrex|Helping Hand|[of] p1a: \u7d2b\u7afd\u8d85\u53ef\u611b\n|move|p2a: Tornadus|Tailwind|p2a: Tornadus\n|-sidestart|p2: marcos005ok|move: Tailwind\n|move|p2b: Kyogre|Calm Mind|p2b: Kyogre\n|-boost|p2b: Kyogre|spa|1\n|-boost|p2b: Kyogre|spd|1\n|move|p1b: Calyrex|Astral Barrage|p2b: Kyogre|[spread] p2a,p2b\n|-damage|p2a: Tornadus|15/100\n|-damage|p2b: Kyogre|28/100\n|\n|-weather|RainDance|[upkeep]\n|-heal|p2b: Kyogre|33/100|[from] item: Leftovers\n|upkeep\n|turn|6\n|\n|t:|1746060427\n|switch|p1a: GROUN|Groudon, L50|100/100\n|-weather|SunnyDay|[from] ability: Drought|[of] p1a: GROUN\n|move|p2a: Tornadus|Bleakwind Storm|p1a: GROUN|[spread] p1a,p1b\n|-damage|p1a: GROUN|80/100\n|-damage|p1b: Calyrex|68/100\n|-unboost|p1a: GROUN|spe|1\n|move|p2b: Kyogre|Origin Pulse|p1a: GROUN|[spread] p1a,p1b\n|-supereffective|p1a: GROUN\n|-damage|p1a: GROUN|47/100\n|-damage|p1b: Calyrex|39/100\n|move|p1b: Calyrex|Astral Barrage|p2b: Kyogre|[spread] p2a,p2b\n|-damage|p2a: Tornadus|0 fnt\n|-damage|p2b: Kyogre|13/100\n|faint|p2a: Tornadus\n|-ability|p1b: Calyrex|Grim Neigh|boost\n|-boost|p1b: Calyrex|spa|1\n|\n|-weather|SunnyDay|[upkeep]\n|-heal|p2b: Kyogre|18/100|[from] item: Leftovers\n|upkeep\n|\n|t:|1746060441\n|switch|p2a: Miraidon|Miraidon, L50|81/100\n|-fieldstart|move: Electric Terrain|[from] ability: Hadron Engine|[of] p2a: Miraidon\n|turn|7\n|\n|t:|1746060458\n|-terastallize|p2a: Miraidon|Fairy\n|move|p1b: Calyrex|Protect|p1b: Calyrex\n|-singleturn|p1b: Calyrex|Protect\n|move|p2a: Miraidon|Dazzling Gleam|p1b: Calyrex|[spread] p1a\n|-activate|p1b: Calyrex|move: Protect\n|-damage|p1a: GROUN|10/100\n|-damage|p2a: Miraidon|71/100|[from] item: Life Orb\n|move|p2b: Kyogre|Origin Pulse|p1b: Calyrex|[spread] p1a\n|-activate|p1b: Calyrex|move: Protect\n|-supereffective|p1a: GROUN\n|-damage|p1a: GROUN|0 fnt\n|faint|p1a: GROUN\n|\n|-weather|SunnyDay|[upkeep]\n|-heal|p2b: Kyogre|24/100|[from] item: Leftovers\n|upkeep\n|\n|t:|1746060470\n|switch|p1a: \u7d2b\u7afd\u8d85\u53ef\u611b|Indeedee-F, L50, F, shiny|32/100\n|-fieldstart|move: Psychic Terrain|[from] ability: Psychic Surge|[of] p1a: \u7d2b\u7afd\u8d85\u53ef\u611b\n|turn|8\n|\n|t:|1746060488\n|-terastallize|p1b: Calyrex|Grass\n|move|p1a: \u7d2b\u7afd\u8d85\u53ef\u611b|Follow Me|p1a: \u7d2b\u7afd\u8d85\u53ef\u611b\n|-singleturn|p1a: \u7d2b\u7afd\u8d85\u53ef\u611b|move: Follow Me\n|move|p2a: Miraidon|Volt Switch|p1a: \u7d2b\u7afd\u8d85\u53ef\u611b\n|-damage|p1a: \u7d2b\u7afd\u8d85\u53ef\u611b|0 fnt\n|faint|p1a: \u7d2b\u7afd\u8d85\u53ef\u611b\n|-damage|p2a: Miraidon|62/100|[from] item: Life Orb\n|\n|t:|1746060493\n|switch|p2a: Archaludon|Archaludon, L50, M|100/100|[from] Volt Switch\n|move|p2b: Kyogre|Origin Pulse|p1b: Calyrex\n|-resisted|p1b: Calyrex\n|-damage|p1b: Calyrex|19/100\n|move|p1b: Calyrex|Expanding Force|p2b: Kyogre|[spread] p2a,p2b\n|-resisted|p2a: Archaludon\n|-damage|p2a: Archaludon|61/100\n|-damage|p2b: Kyogre|0 fnt\n|-ability|p2a: Archaludon|Stamina|boost\n|-boost|p2a: Archaludon|def|1\n|faint|p2b: Kyogre\n|-ability|p1b: Calyrex|Grim Neigh|boost\n|-boost|p1b: Calyrex|spa|1\n|\n|-weather|SunnyDay|[upkeep]\n|-sideend|p2: marcos005ok|move: Tailwind\n|upkeep\n|\n|t:|1746060497\n|switch|p2b: Miraidon|Miraidon, L50, tera:Fairy|62/100\n|-fieldstart|move: Electric Terrain|[from] ability: Hadron Engine|[of] p2b: Miraidon\n|turn|9\n|\n|t:|1746060509\n|move|p1b: Calyrex|Astral Barrage|p2a: Archaludon|[spread] p2a,p2b\n|-damage|p2a: Archaludon|0 fnt\n|-damage|p2b: Miraidon|0 fnt\n|faint|p2a: Archaludon\n|faint|p2b: Miraidon\n|\n|win|Nobdyspecialvgc\n|raw|Nobdyspecialvgc's rating: 1171 &rarr; <strong>1189</strong><br />(+18 for winning)\n|raw|marcos005ok's rating: 1076 &rarr; <strong>1060</strong><br />(-16 for losing)\n", "uploadtime": 1746060513, "views": 8, "formatid": "gen9vgc2025regibo3", "rating": 1060, "private": 0, "password": null}