{"id": "gen9vgc2025regibo3-2353378331", "format": "[Gen 9] VGC 2025 Reg I (Bo3)", "players": ["Solunex", "tryson69"], "log": "|j|\u203dSolunex\n|j|\u2606tryson69\n|html|<table width=\"100%\"><tr><td align=\"left\">Solunex</td><td align=\"right\">tryson69</tr><tr><td align=\"left\"><i class=\"fa fa-circle\"></i> <i class=\"fa fa-circle-o\"></i> </td><td align=\"right\"><i class=\"fa fa-circle-o\"></i> <i class=\"fa fa-circle-o\"></i> </tr></table>\n|uhtml|bestof|<h2><strong>Game 2</strong> of <a href=\"/game-bestof3-gen9vgc2025regibo3-2353376332\">a best-of-3</a></h2>\n|t:|1745950808\n|gametype|doubles\n|player|p1|Solunex|2|1168\n|player|p2|tryson69|1|1071\n|teamsize|p1|6\n|teamsize|p2|6\n|gen|9\n|tier|[Gen 9] VGC 2025 Reg I (Bo3)\n|rated|\n|rule|Species Clause: Limit one of each Pok\u00e9mon\n|rule|Item Clause: Limit 1 of each item\n|clearpoke\n|poke|p1|Tornadus, L50, M|\n|poke|p1|Kyogre, L50|\n|poke|p1|Zacian-*, L50|\n|poke|p1|Amoonguss, L50, F|\n|poke|p1|Urshifu-*, L50, F|\n|poke|p1|Incineroar, L50, M|\n|poke|p2|Lunala, L50|\n|poke|p2|Koraidon, L50|\n|poke|p2|Grimmsnarl, L50, M|\n|poke|p2|Sneasler, L50, M|\n|poke|p2|Flutter Mane, L50|\n|poke|p2|Ogerpon-Wellspring, L50, F|\n|teampreview|4\n|showteam|p1|Tornadus||FocusSash|Prankster|Hurricane,IcyWind,Tailwind,Protect|||M|||50|,,,,,Dark]Kyogre||MysticWater|Drizzle|WaterSpout,OriginPulse,IceBeam,Protect||||||50|,,,,,Grass]Zacian-Crowned||RustedSword|IntrepidSword|behemothblade,PlayRough,Crunch,Protect||||||50|,,,,,Dragon]Amoonguss||RockyHelmet|EffectSpore|PollenPuff,Spore,RagePowder,Protect|||F|||50|,,,,,Water]Urshifu-Rapid-Strike||ChoiceScarf|UnseenFist|SurgingStrikes,CloseCombat,Coaching,Uturn|||F|||50|,,,,,Ghost]Incineroar||AssaultVest|Intimidate|FlareBlitz,KnockOff,FakeOut,Uturn|||M|||50|,,,,,Ghost\n|showteam|p2|Lunala||PowerHerb|ShadowShield|MoongeistBeam,MeteorBeam,WideGuard,DazzlingGleam||||||50|,,,,,Fairy]Koraidon||ClearAmulet|OrichalcumPulse|CollisionCourse,FlareBlitz,FlameCharge,Protect||||||50|,,,,,Fire]Grimmsnarl||LightClay|Prankster|LightScreen,Reflect,SpiritBreak,ThunderWave|||M|||50|,,,,,Ghost]Sneasler||FocusSash|Unburden|CloseCombat,FakeOut,DireClaw,Protect|||M|||50|,,,,,Fighting]Flutter Mane||EjectButton|Protosynthesis|Moonblast,ShadowBall,IcyWind,Protect||||||50|,,,,,Fairy]Ogerpon-Wellspring||WellspringMask|WaterAbsorb|IvyCudgel,HornLeech,FollowMe,SpikyShield|||F|||50|,,,,,Water\n|inactive|Battle timer is ON: inactive players will automatically lose when time's up. (requested by Solunex)\n|\n|t:|1745950830\n|start\n|switch|p1a: Zacian|Zacian-Crowned, L50|100/100\n|switch|p1b: Tornadus|Tornadus, L50, M|100/100\n|switch|p2a: Koraidon|Koraidon, L50|100/100\n|switch|p2b: Sneasler|Sneasler, L50, M|100/100\n|-ability|p1a: Zacian|Intrepid Sword|boost\n|-boost|p1a: Zacian|atk|1\n|-weather|SunnyDay|[from] ability: Orichalcum Pulse|[of] p2a: Koraidon\n|-activate|p2a: Koraidon|Orichalcum Pulse|[source]\n|turn|1\n|\n|t:|1745950842\n|-terastallize|p2a: Koraidon|Fire\n|move|p1b: Tornadus|Protect|p1b: Tornadus\n|-singleturn|p1b: Tornadus|Protect\n|move|p1a: Zacian|Protect|p1a: Zacian\n|-singleturn|p1a: Zacian|Protect\n|move|p2b: Sneasler|Fake Out|p1b: Tornadus\n|-activate|p1b: Tornadus|move: Protect\n|move|p2a: Koraidon|Flame Charge|p1a: Zacian\n|-activate|p1a: Zacian|move: Protect\n|\n|-weather|SunnyDay|[upkeep]\n|upkeep\n|turn|2\n|\n|t:|1745950864\n|-terastallize|p1a: Zacian|Dragon\n|move|p1b: Tornadus|Tailwind|p1b: Tornadus\n|-sidestart|p1: Solunex|move: Tailwind\n|move|p1a: Zacian|Crunch|p2a: Koraidon\n|-damage|p2a: Koraidon|65/100\n|move|p2a: Koraidon|Flare Blitz|p1a: Zacian\n|-resisted|p1a: Zacian\n|-damage|p1a: Zacian|44/100\n|-damage|p2a: Koraidon|49/100|[from] Recoil\n|move|p2b: Sneasler|Dire Claw|p1b: Tornadus\n|-damage|p1b: Tornadus|24/100\n|-status|p1b: Tornadus|psn\n|\n|-weather|SunnyDay|[upkeep]\n|-damage|p1b: Tornadus|12/100 psn|[from] psn\n|upkeep\n|turn|3\n|\n|t:|1745950884\n|switch|p1a: Kyogre|Kyogre, L50|100/100\n|-weather|RainDance|[from] ability: Drizzle|[of] p1a: Kyogre\n|move|p2a: Koraidon|Protect|p2a: Koraidon\n|-singleturn|p2a: Koraidon|Protect\n|move|p1b: Tornadus|Icy Wind|p2a: Koraidon|[spread] p2b\n|-activate|p2a: Koraidon|move: Protect\n|-damage|p2b: Sneasler|78/100\n|-unboost|p2b: Sneasler|spe|1\n|move|p2b: Sneasler|Dire Claw|p1a: Kyogre\n|-damage|p1a: Kyogre|55/100\n|\n|-weather|RainDance|[upkeep]\n|-damage|p1b: Tornadus|0 fnt|[from] psn\n|faint|p1b: Tornadus\n|upkeep\n|inactive|Solunex has 30 seconds left.\n|\n|t:|1745950910\n|switch|p1b: Incineroar|Incineroar, L50, M|100/100\n|-ability|p1b: Incineroar|Intimidate|boost\n|-fail|p2a: Koraidon|unboost|[from] item: Clear Amulet|[of] p2a: Koraidon\n|-unboost|p2b: Sneasler|atk|1\n|turn|4\n|\n|t:|1745950924\n|switch|p2a: Ogerpon|Ogerpon-Wellspring, L50, F|100/100\n|move|p2b: Sneasler|Protect|p2b: Sneasler\n|-singleturn|p2b: Sneasler|Protect\n|move|p1b: Incineroar|Fake Out|p2a: Ogerpon\n|-damage|p2a: Ogerpon|88/100\n|move|p1a: Kyogre|Origin Pulse|p2a: Ogerpon|[spread] \n|-activate|p2b: Sneasler|move: Protect\n|-heal|p2a: Ogerpon|100/100|[from] ability: Water Absorb|[of] p1a: Kyogre\n|\n|-weather|RainDance|[upkeep]\n|upkeep\n|turn|5\n|\n|t:|1745950943\n|switch|p1a: Zacian|Zacian-Crowned, L50, tera:Dragon|44/100\n|move|p2a: Ogerpon|Ivy Cudgel|p1b: Incineroar|[anim] Ivy Cudgel Water\n|-supereffective|p1b: Incineroar\n|-damage|p1b: Incineroar|0 fnt\n|faint|p1b: Incineroar\n|move|p2b: Sneasler|Dire Claw|p1a: Zacian\n|-damage|p1a: Zacian|15/100\n|\n|-weather|RainDance|[upkeep]\n|-sideend|p1: Solunex|move: Tailwind\n|upkeep\n|\n|t:|1745950955\n|switch|p1b: Kyogre|Kyogre, L50|55/100\n|turn|6\n|\n|t:|1745950968\n|move|p1a: Zacian|Play Rough|p2a: Ogerpon\n|-crit|p2a: Ogerpon\n|-damage|p2a: Ogerpon|11/100\n|move|p2a: Ogerpon|Horn Leech|p1b: Kyogre\n|-supereffective|p1b: Kyogre\n|-damage|p1b: Kyogre|0 fnt\n|-heal|p2a: Ogerpon|38/100|[from] drain|[of] p1b: Kyogre\n|faint|p1b: Kyogre\n|move|p2b: Sneasler|Dire Claw|p1a: Zacian\n|-damage|p1a: Zacian|0 fnt\n|faint|p1a: Zacian\n|\n|win|tryson69\n|inactive|Solunex has 30 seconds to confirm battle start!\n|inactive|tryson69 has 30 seconds to confirm battle start!\n||Solunex is ready for game 3.\n||tryson69 is ready for game 3.\n|uhtml|next|Next: <a href=\"/battle-gen9vgc2025regibo3-2353380428\"><strong>Game 3 of 3</strong></a>\n", "uploadtime": 1745950983, "views": 8, "formatid": "gen9vgc2025regibo3", "rating": null, "private": 0, "password": null}