{"id": "gen9vgc2025regibo3-2353427431", "format": "[Gen 9] VGC 2025 Reg I (Bo3)", "players": ["6squirrels", "brumo_150_"], "log": "|j|\u26066squirrels\n|j|\u2606brumo_150_\n|html|<table width=\"100%\"><tr><td align=\"left\">6squirrels</td><td align=\"right\">brumo_150_</tr><tr><td align=\"left\"><i class=\"fa fa-circle\"></i> <i class=\"fa fa-circle-o\"></i> </td><td align=\"right\"><i class=\"fa fa-circle-o\"></i> <i class=\"fa fa-circle\"></i> </tr></table>\n|uhtml|bestof|<h2><strong>Game 3</strong> of <a href=\"/game-bestof3-gen9vgc2025regibo3-2353418172\">a best-of-3</a></h2>\n|t:|1745955017\n|gametype|doubles\n|player|p1|6squirrels|elesa|1142\n|player|p2|brumo_150_|giovanni|1084\n|teamsize|p1|6\n|teamsize|p2|6\n|gen|9\n|tier|[Gen 9] VGC 2025 Reg I (Bo3)\n|rated|\n|rule|Species Clause: Limit one of each Pok\u00e9mon\n|rule|Item Clause: Limit 1 of each item\n|clearpoke\n|poke|p1|Calyrex-Shadow, L50|\n|poke|p1|Koraidon, L50|\n|poke|p1|Raging Bolt, L50|\n|poke|p1|Ogerpon-Cornerstone, L50, F|\n|poke|p1|Chi-Yu, L50|\n|poke|p1|Umbreon, L50, F|\n|poke|p2|Calyrex-Shadow, L50|\n|poke|p2|Terapagos, L50, M|\n|poke|p2|Rillaboom, L50, M|\n|poke|p2|Amoonguss, L50, M|\n|poke|p2|Urshifu-*, L50, M|\n|poke|p2|Incineroar, L50, F|\n|teampreview|4\n|showteam|p1|Calyrex-Shadow||FocusSash|AsOneSpectrier|Protect,AstralBarrage,Psychic,NastyPlot||||||50|,,,,,Ghost]Koraidon||ClearAmulet|OrichalcumPulse|Protect,FlameCharge,FlareBlitz,CollisionCourse||||||50|,,,,,Fire]Raging Bolt||AssaultVest|Protosynthesis|Thunderbolt,DracoMeteor,Thunderclap,Electroweb||||||50|,,,,,Electric]Ogerpon-Cornerstone||CornerstoneMask|Sturdy|SpikyShield,IvyCudgel,PowerWhip,FollowMe|||F|||50|,,,,,Rock]Chi-Yu||ChoiceScarf|BeadsofRuin|HeatWave,Overheat,DarkPulse,Snarl||||||50|,,,,,Ghost]Umbreon||SafetyGoggles|InnerFocus|FoulPlay,Moonlight,Taunt,Yawn|||F|||50|,,,,,Poison\n|showteam|p2|Calyrex-Shadow||FocusSash|AsOneSpectrier|AstralBarrage,Protect,WillOWisp,Disable||||||50|,,,,,Normal]Terapagos||Leftovers|TeraShift|Protect,CalmMind,TeraStarstorm,EarthPower|||M|||50|,,,,,Stellar]Rillaboom||AssaultVest|GrassySurge|FakeOut,Uturn,WoodHammer,GrassyGlide|||M|||50|,,,,,Fire]Amoonguss||RockyHelmet|Regenerator|Spore,RagePowder,ClearSmog,PollenPuff|||M|||50|,,,,,Fire]Urshifu-Rapid-Strike||ChoiceScarf|UnseenFist|SurgingStrikes,CloseCombat,AquaJet,IceSpinner|||M|||50|,,,,,Water]Incineroar||SafetyGoggles|Intimidate|WillOWisp,FakeOut,KnockOff,PartingShot|||F|||50|,,,,,Ghost\n|inactive|Battle timer is ON: inactive players will automatically lose when time's up. (requested by brumo_150_)\n|\n|t:|1745955047\n|start\n|switch|p1a: Koraidon|Koraidon, L50|100/100\n|switch|p1b: Umbreon|Umbreon, L50, F|100/100\n|switch|p2a: Terapagos|Terapagos, L50, M|100/100\n|switch|p2b: Urshifu|Urshifu-Rapid-Strike, L50, M|100/100\n|-activate|p2a: Terapagos|ability: Tera Shift\n|detailschange|p2a: Terapagos|Terapagos-Terastal, L50, M\n|-heal|p2a: Terapagos|100/100|[silent]\n|-weather|SunnyDay|[from] ability: Orichalcum Pulse|[of] p1a: Koraidon\n|-activate|p1a: Koraidon|Orichalcum Pulse|[source]\n|turn|1\n|inactive|6squirrels has 30 seconds left.\n|\n|t:|1745955072\n|move|p2a: Terapagos|Protect|p2a: Terapagos\n|-singleturn|p2a: Terapagos|Protect\n|move|p2b: Urshifu|Ice Spinner|p1a: Koraidon\n|-supereffective|p1a: Koraidon\n|-damage|p1a: Koraidon|44/100\n|move|p1a: Koraidon|Flame Charge|p2a: Terapagos\n|-activate|p2a: Terapagos|move: Protect\n|move|p1b: Umbreon|Yawn|p2a: Terapagos\n|-activate|p2a: Terapagos|move: Protect\n|\n|-weather|SunnyDay|[upkeep]\n|upkeep\n|turn|2\n|inactive|6squirrels has 30 seconds left.\n|inactive|brumo_150_ has 30 seconds left.\n|inactive|brumo_150_ has 20 seconds left.\n|\n|t:|1745955108\n|switch|p2a: Incineroar|Incineroar, L50, F|100/100\n|-ability|p2a: Incineroar|Intimidate|boost\n|-fail|p1a: Koraidon|unboost|[from] item: Clear Amulet|[of] p1a: Koraidon\n|-fail|p1b: Umbreon|unboost|Attack|[from] ability: Inner Focus|[of] p1b: Umbreon\n|-terastallize|p1a: Koraidon|Fire\n|move|p2b: Urshifu|Ice Spinner|p1a: Koraidon\n|-resisted|p1a: Koraidon\n|-damage|p1a: Koraidon|31/100\n|move|p1a: Koraidon|Collision Course|p2a: Incineroar\n|-supereffective|p2a: Incineroar\n|-damage|p2a: Incineroar|0 fnt\n|faint|p2a: Incineroar\n|move|p1b: Umbreon|Yawn|p2b: Urshifu\n|-start|p2b: Urshifu|move: Yawn|[of] p1b: Umbreon\n|\n|-weather|SunnyDay|[upkeep]\n|upkeep\n|\n|t:|1745955123\n|switch|p2a: Terapagos|Terapagos-Terastal, L50, M|100/100\n|turn|3\n|\n|t:|1745955138\n|switch|p2b: Calyrex|Calyrex-Shadow, L50|100/100\n|-ability|p2b: Calyrex|As One\n|-ability|p2b: Calyrex|Unnerve\n|move|p2a: Terapagos|Protect|p2a: Terapagos\n|-singleturn|p2a: Terapagos|Protect\n|move|p1a: Koraidon|Flame Charge|p2b: Calyrex\n|-damage|p2b: Calyrex|34/100\n|-boost|p1a: Koraidon|spe|1\n|move|p1b: Umbreon|Foul Play|p2b: Calyrex\n|-supereffective|p2b: Calyrex\n|-damage|p2b: Calyrex|0 fnt\n|faint|p2b: Calyrex\n|\n|-weather|SunnyDay|[upkeep]\n|upkeep\n|inactive|brumo_150_ has 30 seconds left.\n|inactive|brumo_150_ has 20 seconds left.\n|\n|t:|1745955174\n|switch|p2b: Urshifu|Urshifu-Rapid-Strike, L50, M|100/100\n|turn|4\n|inactive|6squirrels has 30 seconds left.\n|inactive|6squirrels has 20 seconds left.\n|inactive|6squirrels has 15 seconds left.\n|inactive|6squirrels has 10 seconds left.\n|inactive|6squirrels has 5 seconds left.\n|\n|t:|1745955229\n|move|p1a: Koraidon|Protect|p1a: Koraidon\n|-singleturn|p1a: Koraidon|Protect\n|move|p2b: Urshifu|Surging Strikes|p1a: Koraidon\n|-supereffective|p1a: Koraidon\n|-crit|p1a: Koraidon\n|-damage|p1a: Koraidon|13/100\n|-supereffective|p1a: Koraidon\n|-crit|p1a: Koraidon\n|-damage|p1a: Koraidon|0 fnt\n|faint|p1a: Koraidon\n|-hitcount|p1: Koraidon|2\n|move|p2a: Terapagos|Calm Mind|p2a: Terapagos\n|-boost|p2a: Terapagos|spa|1\n|-boost|p2a: Terapagos|spd|1\n|move|p1b: Umbreon|Foul Play|p2a: Terapagos\n|-activate|p2a: Terapagos|ability: Tera Shell\n|-resisted|p2a: Terapagos\n|-damage|p2a: Terapagos|89/100\n|\n|-weather|SunnyDay|[upkeep]\n|-heal|p2a: Terapagos|95/100|[from] item: Leftovers\n|upkeep\n|\n|t:|1745955253\n|switch|p1a: Chi-Yu|Chi-Yu, L50|100/100\n|-ability|p1a: Chi-Yu|Beads of Ruin\n|turn|5\n|\n|t:|1745955275\n|move|p1a: Chi-Yu|Snarl|p2b: Urshifu|[spread] p2a,p2b\n|-resisted|p2b: Urshifu\n|-damage|p2a: Terapagos|75/100\n|-damage|p2b: Urshifu|76/100\n|-unboost|p2a: Terapagos|spa|1\n|-unboost|p2b: Urshifu|spa|1\n|move|p2b: Urshifu|Surging Strikes|p1a: Chi-Yu\n|-supereffective|p1a: Chi-Yu\n|-crit|p1a: Chi-Yu\n|-damage|p1a: Chi-Yu|68/100\n|-supereffective|p1a: Chi-Yu\n|-crit|p1a: Chi-Yu\n|-damage|p1a: Chi-Yu|34/100\n|-supereffective|p1a: Chi-Yu\n|-crit|p1a: Chi-Yu\n|-damage|p1a: Chi-Yu|5/100\n|-hitcount|p1a: Chi-Yu|3\n|move|p2a: Terapagos|Calm Mind|p2a: Terapagos\n|-boost|p2a: Terapagos|spa|1\n|-boost|p2a: Terapagos|spd|1\n|move|p1b: Umbreon|Yawn|p2b: Urshifu\n|-start|p2b: Urshifu|move: Yawn|[of] p1b: Umbreon\n|\n|-weather|none\n|-heal|p2a: Terapagos|81/100|[from] item: Leftovers\n|upkeep\n|turn|6\n|inactive|6squirrels has 30 seconds left.\n|inactive|brumo_150_ has 30 seconds left.\n|inactive|6squirrels has 20 seconds left.\n|inactive|brumo_150_ has 20 seconds left.\n|inactive|6squirrels has 15 seconds left.\n|\n|t:|1745955320\n|-terastallize|p2a: Terapagos|Stellar\n|detailschange|p2a: Terapagos|Terapagos-Stellar, L50, M, tera:Stellar\n|-heal|p2a: Terapagos|86/100|[silent]\n|move|p1a: Chi-Yu|Snarl|p2a: Terapagos|[spread] p2a,p2b\n|-resisted|p2b: Urshifu\n|-crit|p2b: Urshifu\n|-damage|p2a: Terapagos|76/100\n|-damage|p2b: Urshifu|37/100\n|-unboost|p2a: Terapagos|spa|1\n|-unboost|p2b: Urshifu|spa|1\n|move|p2b: Urshifu|Surging Strikes|p1b: Umbreon\n|-crit|p1b: Umbreon\n|-damage|p1b: Umbreon|87/100\n|-crit|p1b: Umbreon\n|-damage|p1b: Umbreon|73/100\n|-crit|p1b: Umbreon\n|-damage|p1b: Umbreon|59/100\n|-hitcount|p1b: Umbreon|3\n|move|p2a: Terapagos|Tera Starstorm|p1a: Chi-Yu|[spread] p1a,p1b\n|-damage|p1a: Chi-Yu|0 fnt\n|-damage|p1b: Umbreon|24/100\n|faint|p1a: Chi-Yu\n|move|p1b: Umbreon|Yawn|p2a: Terapagos\n|-start|p2a: Terapagos|move: Yawn|[of] p1b: Umbreon\n|\n|-heal|p2a: Terapagos|82/100|[from] item: Leftovers\n|-end|p2b: Urshifu|move: Yawn|[silent]\n|-status|p2b: Urshifu|slp\n|upkeep\n|\n|t:|1745955342\n|switch|p1a: Calyrex|Calyrex-Shadow, L50|100/100\n|-ability|p1a: Calyrex|As One\n|-ability|p1a: Calyrex|Unnerve\n|turn|7\n|inactive|6squirrels has 30 seconds left.\n|\n|t:|1745955377\n|move|p1a: Calyrex|Psychic|p2b: Urshifu\n|-supereffective|p2b: Urshifu\n|-damage|p2b: Urshifu|0 fnt\n|faint|p2b: Urshifu\n|-ability|p1a: Calyrex|Grim Neigh|boost\n|-boost|p1a: Calyrex|spa|1\n|move|p2a: Terapagos|Tera Starstorm|p1b: Umbreon|[spread] p1a,p1b\n|-damage|p1a: Calyrex|57/100\n|-damage|p1b: Umbreon|0 fnt\n|faint|p1b: Umbreon\n|\n|-heal|p2a: Terapagos|88/100|[from] item: Leftovers\n|-end|p2a: Terapagos|move: Yawn|[silent]\n|-status|p2a: Terapagos|slp\n|upkeep\n|turn|8\n|\n|t:|1745955399\n|move|p1a: Calyrex|Nasty Plot|p1a: Calyrex\n|-boost|p1a: Calyrex|spa|2\n|cant|p2a: Terapagos|slp\n|\n|-heal|p2a: Terapagos|94/100 slp|[from] item: Leftovers\n|upkeep\n|turn|9\n|\n|t:|1745955409\n|move|p1a: Calyrex|Psychic|p2a: Terapagos\n|-damage|p2a: Terapagos|46/100 slp\n|cant|p2a: Terapagos|slp\n|\n|-heal|p2a: Terapagos|52/100 slp|[from] item: Leftovers\n|upkeep\n|turn|10\n|\n|t:|1745955423\n|cant|p2a: Terapagos|slp\n|move|p1a: Calyrex|Psychic|p2a: Terapagos\n|-damage|p2a: Terapagos|8/100 slp\n|\n|-heal|p2a: Terapagos|14/100 slp|[from] item: Leftovers\n|upkeep\n|turn|11\n|\n|t:|1745955431\n|-curestatus|p2a: Terapagos|slp|[msg]\n|move|p2a: Terapagos|Protect|p2a: Terapagos\n|-singleturn|p2a: Terapagos|Protect\n|move|p1a: Calyrex|Psychic|p2a: Terapagos\n|-activate|p2a: Terapagos|move: Protect\n|\n|-heal|p2a: Terapagos|20/100|[from] item: Leftovers\n|upkeep\n|turn|12\n|\n|t:|1745955443\n|move|p2a: Terapagos|Protect||[still]\n|-fail|p2a: Terapagos\n|move|p1a: Calyrex|Psychic|p2a: Terapagos\n|-damage|p2a: Terapagos|0 fnt\n|faint|p2a: Terapagos\n|\n|win|6squirrels\n|raw|6squirrels's rating: 1142 &rarr; <strong>1163</strong><br />(+21 for winning)\n|raw|brumo_150_'s rating: 1084 &rarr; <strong>1065</strong><br />(-19 for losing)\n|l|\u2606brumo_150_\n|player|p2|\n", "uploadtime": 1745956378, "views": 24, "formatid": "gen9vgc2025regibo3", "rating": 1065, "private": 0, "password": null}