{"id": "gen9vgc2025regibo3-2354613270", "format": "[Gen 9] VGC 2025 Reg I (Bo3)", "players": ["Ytterby", "wibe guarb"], "log": "|j|\u2606Ytterby\n|j|\u2606wibe guarb\n|html|<table width=\"100%\"><tr><td align=\"left\">Ytterby</td><td align=\"right\">wibe guarb</tr><tr><td align=\"left\"><i class=\"fa fa-circle-o\"></i> <i class=\"fa fa-circle-o\"></i> </td><td align=\"right\"><i class=\"fa fa-circle-o\"></i> <i class=\"fa fa-circle-o\"></i> </tr></table>\n|uhtml|bestof|<h2><strong>Game 1</strong> of <a href=\"/game-bestof3-gen9vgc2025regibo3-2354613269\">a best-of-3</a></h2>\n|t:|1746102875\n|gametype|doubles\n|player|p1|Ytterby|brycenman|\n|player|p2|wibe guarb|ninjaboy|\n|teamsize|p1|6\n|teamsize|p2|6\n|gen|9\n|tier|[Gen 9] VGC 2025 Reg I (Bo3)\n|rule|Species Clause: Limit one of each Pok\u00e9mon\n|rule|Item Clause: Limit 1 of each item\n|clearpoke\n|poke|p1|Ursaluna-Bloodmoon, L50, M|\n|poke|p1|Oranguru, L50, M|\n|poke|p1|Iron Hands, L50|\n|poke|p1|Calyrex-Ice, L50|\n|poke|p1|Miraidon, L50|\n|poke|p1|Zoroark-Hisui, L50, F|\n|poke|p2|Basculegion, L50, M|\n|poke|p2|Kyogre, L50|\n|poke|p2|Weezing-Galar, L50, M|\n|poke|p2|Dialga-Origin, L50|\n|poke|p2|Wo-Chien, L50|\n|poke|p2|Indeedee-F, L50, F|\n|teampreview|4\n|showteam|p1|Ursaluna-Bloodmoon||ThroatSpray|MindsEye|Protect,HyperVoice,BloodMoon,EarthPower|||M|||50|,,,,,Normal]Oranguru||ElectricSeed|InnerFocus|FoulPlay,TrickRoom,Instruct,Protect|||M|||50|,,,,,Dragon]Iron Hands||AssaultVest|QuarkDrive|FakeOut,WildCharge,DrainPunch,IronHead||||||50|,,,,,Grass]Calyrex-Ice||ClearAmulet|AsOneGlastrier|Protect,GlacialLance,HighHorsepower,TrickRoom||||||50|,,,,,Fire]Miraidon||ChoiceScarf|HadronEngine|ElectroDrift,DazzlingGleam,DracoMeteor,VoltSwitch||||||50|,,,,,Fairy]Zoroark-Hisui||ChoiceSpecs|Illusion|HyperBeam,HyperVoice,ShadowBall,Snarl|||F|||50|,,,,,Stellar\n|showteam|p2|Basculegion||ChoiceBand|SwiftSwim|WaveCrash,LastRespects,FlipTurn,AquaJet|||M|||50|,,,,,Grass]Kyogre||AssaultVest|Drizzle|WaterSpout,HydroPump,IceBeam,Thunder||||||50|,,,,,Grass]Weezing-Galar||CovertCloak|NeutralizingGas|StrangeSteam,WillOWisp,Taunt,Protect|||M|||50|,,,,,Grass]Dialga-Origin||AdamantCrystal|Pressure|DragonPulse,FlashCannon,TrickRoom,Protect||||||50|,,,,,Bug]Wo-Chien||Leftovers|TabletsofRuin|KnockOff,PollenPuff,LeechSeed,Protect||||||50|,,,,,Poison]Indeedee-F||SafetyGoggles|PsychicSurge|FollowMe,TrickRoom,HealPulse,Psychic|||F|||50|,,,,,Dragon\n|\n|t:|1746103087\n|start\n|switch|p1a: Ursaluna|Ursaluna-Bloodmoon, L50, M|100/100\n|switch|p1b: Oranguru|Oranguru, L50, M|100/100\n|switch|p2a: Weezing|Weezing-Galar, L50, M|100/100\n|switch|p2b: Dialga|Dialga-Origin, L50|100/100\n|-ability|p2a: Weezing|Neutralizing Gas\n|turn|1\n|\n|t:|1746103130\n|-terastallize|p2b: Dialga|Bug\n|-terastallize|p1a: Ursaluna|Normal\n|move|p2b: Dialga|Dragon Pulse|p1a: Ursaluna\n|-damage|p1a: Ursaluna|40/100\n|move|p2a: Weezing|Taunt|p1b: Oranguru\n|-start|p1b: Oranguru|move: Taunt\n|move|p1a: Ursaluna|Blood Moon|p2a: Weezing\n|-damage|p2a: Weezing|2/100\n|cant|p1b: Oranguru|move: Taunt|Trick Room\n|\n|upkeep\n|turn|2\n|\n|t:|1746103159\n|-end|p2a: Weezing|ability: Neutralizing Gas\n|-ability|p2b: Dialga|Pressure\n|switch|p2a: Wo-Chien|Wo-Chien, L50|100/100\n|-ability|p2a: Wo-Chien|Tablets of Ruin\n|move|p1a: Ursaluna|Protect|p1a: Ursaluna\n|-singleturn|p1a: Ursaluna|Protect\n|move|p2b: Dialga|Dragon Pulse|p1a: Ursaluna\n|-activate|p1a: Ursaluna|move: Protect\n|move|p1b: Oranguru|Foul Play|p2a: Wo-Chien\n|-resisted|p2a: Wo-Chien\n|-damage|p2a: Wo-Chien|93/100\n|\n|-heal|p2a: Wo-Chien|99/100|[from] item: Leftovers\n|upkeep\n|turn|3\n|\n|t:|1746103220\n|switch|p1b: Calyrex|Calyrex-Ice, L50|100/100\n|-ability|p1b: Calyrex|As One\n|-ability|p1b: Calyrex|Unnerve\n|switch|p1a: Iron Hands|Iron Hands, L50, shiny|100/100\n|move|p2b: Dialga|Dragon Pulse|p1a: Iron Hands\n|-damage|p1a: Iron Hands|71/100\n|move|p2a: Wo-Chien|Knock Off|p1b: Calyrex\n|-supereffective|p1b: Calyrex\n|-damage|p1b: Calyrex|63/100\n|-enditem|p1b: Calyrex|Clear Amulet|[from] move: Knock Off|[of] p2a: Wo-Chien\n|\n|-heal|p2a: Wo-Chien|100/100|[from] item: Leftovers\n|upkeep\n|turn|4\n|\n|t:|1746103257\n|move|p1a: Iron Hands|Fake Out|p2a: Wo-Chien\n|-damage|p2a: Wo-Chien|91/100\n|move|p2b: Dialga|Flash Cannon|p1b: Calyrex\n|-supereffective|p1b: Calyrex\n|-damage|p1b: Calyrex|0 fnt\n|faint|p1b: Calyrex\n|cant|p2a: Wo-Chien|flinch\n|\n|-heal|p2a: Wo-Chien|96/100|[from] item: Leftovers\n|upkeep\n|\n|t:|1746103284\n|switch|p1b: Oranguru|Oranguru, L50, M|100/100\n|turn|5\n|c|\u2606wibe guarb|!dt blood moon\n|raw|<ul class=\"utilichart\"><li class=\"result\"><span class=\"col movenamecol\"><a href=\"https://dex.pokemonshowdown.com/moves/bloodmoon\">Blood Moon</a></span> <span class=\"col typecol\"><img src=\"//play.pokemonshowdown.com/sprites/types/Normal.png\" alt=\"Normal\" width=\"32\" height=\"14\"><img src=\"//play.pokemonshowdown.com/sprites/categories/Special.png\" alt=\"Special\" width=\"32\" height=\"14\"></span> <span class=\"col labelcol\"><em>Power</em><br>140</span> <span class=\"col widelabelcol\"><em>Accuracy</em><br>100%</span> <span class=\"col pplabelcol\"><em>PP</em><br>8</span> <span class=\"col movedesccol\">Cannot be selected the turn after it's used.</span> </li><li style=\"clear:both\"></li></ul>\n|raw|<font size=\"1\"><font color=\"#686868\">Priority:</font> 0&nbsp;|&ThickSpace;<font color=\"#686868\">Gen:</font> 9&nbsp;|&ThickSpace;<font color=\"#686868\">Z-Power:</font> 200&nbsp;|&ThickSpace;<font color=\"#686868\">Target:</font> One Adjacent Pok\u00e9mon</font>\n\n|\n|t:|1746103353\n|move|p1b: Oranguru|Protect|p1b: Oranguru\n|-singleturn|p1b: Oranguru|Protect\n|move|p2b: Dialga|Dragon Pulse|p1b: Oranguru\n|-activate|p1b: Oranguru|move: Protect\n|move|p2a: Wo-Chien|Knock Off|p1b: Oranguru\n|-activate|p1b: Oranguru|move: Protect\n|move|p1a: Iron Hands|Drain Punch|p2a: Wo-Chien\n|-supereffective|p2a: Wo-Chien\n|-damage|p2a: Wo-Chien|39/100\n|-heal|p1a: Iron Hands|93/100|[from] drain|[of] p2a: Wo-Chien\n|\n|-heal|p2a: Wo-Chien|44/100|[from] item: Leftovers\n|upkeep\n|turn|6\n|\n|t:|1746103377\n|move|p2b: Dialga|Dragon Pulse|p1b: Oranguru\n|-damage|p1b: Oranguru|54/100\n|move|p2a: Wo-Chien|Knock Off|p1b: Oranguru\n|-supereffective|p1b: Oranguru\n|-damage|p1b: Oranguru|0 fnt\n|-enditem|p1b: Oranguru|Electric Seed|[from] move: Knock Off|[of] p2a: Wo-Chien\n|faint|p1b: Oranguru\n|move|p1a: Iron Hands|Drain Punch|p2a: Wo-Chien\n|-supereffective|p2a: Wo-Chien\n|-damage|p2a: Wo-Chien|0 fnt\n|-heal|p1a: Iron Hands|100/100|[from] drain|[of] p2a: Wo-Chien\n|faint|p2a: Wo-Chien\n|\n|upkeep\n|\n|t:|1746103390\n|switch|p2a: Weezing|Weezing-Galar, L50, M|2/100\n|switch|p1b: Ursaluna|Ursaluna-Bloodmoon, L50, M, tera:Normal|40/100\n|-ability|p2a: Weezing|Neutralizing Gas\n|turn|7\n|\n|t:|1746103442\n|move|p1b: Ursaluna|Protect|p1b: Ursaluna\n|-singleturn|p1b: Ursaluna|Protect\n|move|p2b: Dialga|Dragon Pulse|p1b: Ursaluna\n|-activate|p1b: Ursaluna|move: Protect\n|move|p2a: Weezing|Will-O-Wisp|p1a: Iron Hands|[miss]\n|-miss|p2a: Weezing|p1a: Iron Hands\n|move|p1a: Iron Hands|Wild Charge|p2a: Weezing\n|-damage|p2a: Weezing|0 fnt\n|faint|p2a: Weezing\n|-end|p2a: Weezing|ability: Neutralizing Gas\n|-ability|p2b: Dialga|Pressure\n|-damage|p1a: Iron Hands|99/100|[from] Recoil\n|\n|upkeep\n|\n|t:|1746103447\n|switch|p2a: Basculegion|Basculegion, L50, M|100/100\n|turn|8\n|\n|t:|1746103464\n|move|p2a: Basculegion|Last Respects|p1a: Iron Hands\n|-damage|p1a: Iron Hands|20/100\n|move|p2b: Dialga|Dragon Pulse|p1b: Ursaluna\n|-crit|p1b: Ursaluna\n|-damage|p1b: Ursaluna|0 fnt\n|faint|p1b: Ursaluna\n|move|p1a: Iron Hands|Wild Charge|p2a: Basculegion\n|-supereffective|p2a: Basculegion\n|-damage|p2a: Basculegion|0 fnt\n|faint|p2a: Basculegion\n|-damage|p1a: Iron Hands|0 fnt|[from] Recoil\n|faint|p1a: Iron Hands\n|-end|p1a: Iron Hands|Quark Drive|[silent]\n|\n|win|wibe guarb\n|inactive|Ytterby has 30 seconds to confirm battle start!\n|inactive|wibe guarb has 30 seconds to confirm battle start!\n||wibe guarb is ready for game 2.\n", "uploadtime": 1746103476, "views": 7, "formatid": "gen9vgc2025regibo3", "rating": null, "private": 0, "password": null}