{"id": "gen9vgc2025regibo3-2353741135", "format": "[Gen 9] VGC 2025 Reg I (Bo3)", "players": ["relooo", "Stellar Peformance"], "log": "|j|\u2606relooo\n|j|\u2606Stellar Peformance\n|html|<table width=\"100%\"><tr><td align=\"left\">relooo</td><td align=\"right\">Stellar Peformance</tr><tr><td align=\"left\"><i class=\"fa fa-circle\"></i> <i class=\"fa fa-circle-o\"></i> </td><td align=\"right\"><i class=\"fa fa-circle-o\"></i> <i class=\"fa fa-circle-o\"></i> </tr></table>\n|uhtml|bestof|<h2><strong>Game 2</strong> of <a href=\"/game-bestof3-gen9vgc2025regibo3-2353738686\">a best-of-3</a></h2>\n|t:|1745991939\n|gametype|doubles\n|player|p1|relooo|170|1074\n|player|p2|Stellar Peformance|iris|1150\n|teamsize|p1|6\n|teamsize|p2|6\n|gen|9\n|tier|[Gen 9] VGC 2025 Reg I (Bo3)\n|rated|\n|rule|Species Clause: Limit one of each Pok\u00e9mon\n|rule|Item Clause: Limit 1 of each item\n|clearpoke\n|poke|p1|Miraidon, L50|\n|poke|p1|Koraidon, L50|\n|poke|p1|Farigiraf, L50, F|\n|poke|p1|Incineroar, L50, M|\n|poke|p1|Flutter Mane, L50|\n|poke|p1|Iron Boulder, L50|\n|poke|p2|Miraidon, L50|\n|poke|p2|Incineroar, L50, F|\n|poke|p2|Landorus-Therian, L50, M|\n|poke|p2|Sinistcha-Masterpiece, L50|\n|poke|p2|Kyogre, L50|\n|poke|p2|Kingambit, L50, F|\n|teampreview|4\n|showteam|p1|Miraidon||ChoiceSpecs|HadronEngine|ElectroDrift,VoltSwitch,DazzlingGleam,DracoMeteor||||||50|,,,,,Fairy]Koraidon||LifeOrb|OrichalcumPulse|FlareBlitz,FlameCharge,CloseCombat,Protect||||||50|,,,,,Fire]Farigiraf||ElectricSeed|ArmorTail|TrickRoom,HelpingHand,GrassKnot,ThunderWave|||F|||50|,,,,,Grass]Incineroar||RockyHelmet|Intimidate|FakeOut,PartingShot,WillOWisp,KnockOff|||M|||50|,,,,,Ghost]Flutter Mane||FocusSash|Protosynthesis|Moonblast,ShadowBall,IcyWind,Protect||||||50|,,,,,Stellar]Iron Boulder||ChoiceBand|QuarkDrive|MightyCleave,PsychoCut,SacredSword,ThroatChop||||||50|,,,,,Dark\n|showteam|p2|Miraidon||CovertCloak|HadronEngine|ParabolicCharge,DragonPulse,CalmMind,Protect||||||50|,,,,,Electric]Incineroar||EjectPack|Intimidate|FakeOut,KnockOff,WillOWisp,PartingShot|||F|||50|,,,,,Grass]Landorus-Therian||ChoiceScarf|Intimidate|SandsearStorm,GrassKnot,Uturn,EarthPower|||M|||50|,,,,,Grass]Sinistcha-Masterpiece||EjectButton|Hospitality|MatchaGotcha,TrickRoom,ShadowBall,Protect||||||50|,,,,,Dark]Kyogre||Leftovers|Drizzle|WaterSpout,ThunderWave,IceBeam,Protect||||||50|,,,,,Grass]Kingambit||LifeOrb|Defiant|KowtowCleave,SuckerPunch,SwordsDance,Protect|||F|||50|,,,,,Dark\n|\n|t:|1745991975\n|start\n|switch|p1a: Miraidon|Miraidon, L50|100/100\n|switch|p1b: Flutter Mane|Flutter Mane, L50|100/100\n|switch|p2a: Landorus|Landorus-Therian, L50, M|100/100\n|switch|p2b: Kyogre|Kyogre, L50|100/100\n|-ability|p2a: Landorus|Intimidate|boost\n|-unboost|p1a: Miraidon|atk|1\n|-unboost|p1b: Flutter Mane|atk|1\n|-fieldstart|move: Electric Terrain|[from] ability: Hadron Engine|[of] p1a: Miraidon\n|-weather|RainDance|[from] ability: Drizzle|[of] p2b: Kyogre\n|turn|1\n|\n|t:|1745991991\n|switch|p1a: Koraidon|Koraidon, L50|100/100\n|-weather|SunnyDay|[from] ability: Orichalcum Pulse|[of] p1a: Koraidon\n|-activate|p1b: Flutter Mane|ability: Protosynthesis\n|-start|p1b: Flutter Mane|protosynthesisspe\n|-activate|p1a: Koraidon|Orichalcum Pulse|[source]\n|move|p2b: Kyogre|Protect|p2b: Kyogre\n|-singleturn|p2b: Kyogre|Protect\n|move|p1b: Flutter Mane|Icy Wind|p2b: Kyogre|[spread] p2a\n|-activate|p2b: Kyogre|move: Protect\n|-supereffective|p2a: Landorus\n|-damage|p2a: Landorus|33/100\n|-unboost|p2a: Landorus|spe|1\n|move|p2a: Landorus|U-turn|p1b: Flutter Mane\n|-resisted|p1b: Flutter Mane\n|-damage|p1b: Flutter Mane|90/100\n|\n|t:|1745992002\n|switch|p2a: Kingambit|Kingambit, L50, F|100/100|[from] U-turn\n|\n|-weather|SunnyDay|[upkeep]\n|upkeep\n|turn|2\n|\n|t:|1745992014\n|-end|p1b: Flutter Mane|Protosynthesis|[silent]\n|switch|p1b: Farigiraf|Farigiraf, L50, F|100/100\n|-enditem|p1b: Farigiraf|Electric Seed\n|-boost|p1b: Farigiraf|def|1|[from] item: Electric Seed\n|move|p2a: Kingambit|Protect|p2a: Kingambit\n|-singleturn|p2a: Kingambit|Protect\n|move|p1a: Koraidon|Close Combat|p2a: Kingambit\n|-activate|p2a: Kingambit|move: Protect\n|move|p2b: Kyogre|Thunder Wave|p1b: Farigiraf\n|-status|p1b: Farigiraf|par\n|\n|-weather|SunnyDay|[upkeep]\n|upkeep\n|turn|3\n|\n|t:|1745992043\n|switch|p2a: Sinistcha|Sinistcha-Masterpiece, L50|100/100\n|move|p1a: Koraidon|Close Combat|p2a: Sinistcha\n|-immune|p2a: Sinistcha\n|move|p2b: Kyogre|Thunder Wave|p1a: Koraidon\n|-status|p1a: Koraidon|par\n|move|p1b: Farigiraf|Grass Knot|p2b: Kyogre\n|-supereffective|p2b: Kyogre\n|-damage|p2b: Kyogre|65/100\n|\n|-weather|SunnyDay|[upkeep]\n|-heal|p2b: Kyogre|71/100|[from] item: Leftovers\n|upkeep\n|turn|4\n|\n|t:|1745992079\n|switch|p2b: Landorus|Landorus-Therian, L50, M|33/100\n|-ability|p2b: Landorus|Intimidate|boost\n|-unboost|p1a: Koraidon|atk|1\n|-unboost|p1b: Farigiraf|atk|1\n|move|p2a: Sinistcha|Protect|p2a: Sinistcha\n|-singleturn|p2a: Sinistcha|Protect\n|move|p1a: Koraidon|Flare Blitz|p2a: Sinistcha\n|-activate|p2a: Sinistcha|move: Protect\n|cant|p1b: Farigiraf|par\n|\n|-weather|SunnyDay|[upkeep]\n|upkeep\n|turn|5\n|\n|t:|1745992115\n|switch|p1a: Flutter Mane|Flutter Mane, L50|90/100\n|-activate|p1a: Flutter Mane|ability: Protosynthesis\n|-start|p1a: Flutter Mane|protosynthesisspe\n|switch|p2a: Kyogre|Kyogre, L50|71/100\n|-weather|RainDance|[from] ability: Drizzle|[of] p2a: Kyogre\n|-end|p1a: Flutter Mane|Protosynthesis\n|move|p2b: Landorus|U-turn|p1b: Farigiraf\n|-supereffective|p1b: Farigiraf\n|-damage|p1b: Farigiraf|81/100 par\n|\n|t:|1745992127\n|switch|p2b: Sinistcha|Sinistcha-Masterpiece, L50|100/100|[from] U-turn\n|-heal|p2a: Kyogre|95/100|[from] ability: Hospitality|[of] p2b: Sinistcha\n|move|p1b: Farigiraf|Grass Knot|p2b: Sinistcha\n|-resisted|p2b: Sinistcha\n|-damage|p2b: Sinistcha|98/100\n|-enditem|p2b: Sinistcha|Eject Button\n|\n|t:|1745992147\n|switch|p2b: Landorus|Landorus-Therian, L50, M|33/100\n|-ability|p2b: Landorus|Intimidate|boost\n|-unboost|p1a: Flutter Mane|atk|1\n|-unboost|p1b: Farigiraf|atk|1\n|\n|-weather|RainDance|[upkeep]\n|-heal|p2a: Kyogre|100/100|[from] item: Leftovers\n|-fieldend|move: Electric Terrain\n|upkeep\n|turn|6\n|\n|t:|1745992170\n|switch|p2b: Kingambit|Kingambit, L50, F|100/100\n|switch|p1b: Koraidon|Koraidon, L50|100/100 par\n|-weather|SunnyDay|[from] ability: Orichalcum Pulse|[of] p1b: Koraidon\n|-activate|p1a: Flutter Mane|ability: Protosynthesis\n|-start|p1a: Flutter Mane|protosynthesisspe\n|-activate|p1b: Koraidon|Orichalcum Pulse|[source]\n|move|p1a: Flutter Mane|Icy Wind|p2b: Kingambit|[spread] p2a,p2b\n|-resisted|p2a: Kyogre\n|-resisted|p2b: Kingambit\n|-damage|p2a: Kyogre|96/100\n|-damage|p2b: Kingambit|93/100\n|-unboost|p2a: Kyogre|spe|1\n|-unboost|p2b: Kingambit|spe|1\n|-ability|p2b: Kingambit|Defiant|boost\n|-boost|p2b: Kingambit|atk|2\n|move|p2a: Kyogre|Water Spout|p1a: Flutter Mane|[spread] p1a,p1b\n|-resisted|p1b: Koraidon\n|-damage|p1a: Flutter Mane|62/100\n|-damage|p1b: Koraidon|87/100 par\n|\n|-weather|SunnyDay|[upkeep]\n|-heal|p2a: Kyogre|100/100|[from] item: Leftovers\n|upkeep\n|turn|7\n|\n|t:|1745992196\n|-end|p1a: Flutter Mane|Protosynthesis|[silent]\n|switch|p1a: Farigiraf|Farigiraf, L50, F|81/100 par\n|switch|p2a: Landorus|Landorus-Therian, L50, M|33/100\n|-ability|p2a: Landorus|Intimidate|boost\n|-unboost|p1a: Farigiraf|atk|1\n|-unboost|p1b: Koraidon|atk|1\n|move|p2b: Kingambit|Protect|p2b: Kingambit\n|-singleturn|p2b: Kingambit|Protect\n|move|p1b: Koraidon|Close Combat|p2b: Kingambit\n|-activate|p2b: Kingambit|move: Protect\n|\n|-weather|SunnyDay|[upkeep]\n|upkeep\n|turn|8\n|\n|t:|1745992249\n|switch|p2b: Sinistcha|Sinistcha-Masterpiece, L50|98/100\n|-heal|p2a: Landorus|57/100|[from] ability: Hospitality|[of] p2b: Sinistcha\n|switch|p1a: Miraidon|Miraidon, L50|100/100\n|-fieldstart|move: Electric Terrain|[from] ability: Hadron Engine|[of] p1a: Miraidon\n|move|p2a: Landorus|U-turn|p1a: Miraidon\n|-damage|p1a: Miraidon|81/100\n|\n|t:|1745992261\n|switch|p2a: Kyogre|Kyogre, L50|100/100|[from] U-turn\n|-weather|RainDance|[from] ability: Drizzle|[of] p2a: Kyogre\n|move|p1b: Koraidon|Flare Blitz|p2b: Sinistcha\n|-supereffective|p2b: Sinistcha\n|-damage|p2b: Sinistcha|71/100\n|-damage|p1b: Koraidon|78/100 par|[from] Recoil\n|-damage|p1b: Koraidon|68/100 par|[from] item: Life Orb\n|\n|-weather|RainDance|[upkeep]\n|upkeep\n|turn|9\n|\n|t:|1745992292\n|switch|p2a: Landorus|Landorus-Therian, L50, M|57/100\n|-ability|p2a: Landorus|Intimidate|boost\n|-unboost|p1a: Miraidon|atk|1\n|-unboost|p1b: Koraidon|atk|1\n|switch|p1b: Farigiraf|Farigiraf, L50, F|81/100 par\n|move|p1a: Miraidon|Electro Drift|p2a: Landorus\n|-immune|p2a: Landorus\n|move|p2b: Sinistcha|Matcha Gotcha|p1a: Miraidon|[spread] p1b\n|-miss|p2b: Sinistcha|p1a: Miraidon\n|-damage|p1b: Farigiraf|58/100 par\n|-heal|p2b: Sinistcha|86/100|[from] drain|[of] p1b: Farigiraf\n|\n|-weather|RainDance|[upkeep]\n|upkeep\n|turn|10\n|\n|t:|1745992316\n|-terastallize|p1a: Miraidon|Fairy\n|move|p1b: Farigiraf|Helping Hand|p1a: Miraidon\n|-singleturn|p1a: Miraidon|Helping Hand|[of] p1b: Farigiraf\n|move|p2a: Landorus|Sandsear Storm|p1b: Farigiraf|[spread] p1a,p1b\n|-damage|p1a: Miraidon|55/100\n|-damage|p1b: Farigiraf|25/100 par\n|move|p1a: Miraidon|Electro Drift|p2b: Sinistcha\n|-resisted|p2b: Sinistcha\n|-damage|p2b: Sinistcha|0 fnt\n|faint|p2b: Sinistcha\n|\n|-weather|RainDance|[upkeep]\n|upkeep\n|\n|t:|1745992333\n|switch|p2b: Kingambit|Kingambit, L50, F|93/100\n|turn|11\n|\n|t:|1745992364\n|switch|p1a: Flutter Mane|Flutter Mane, L50|62/100\n|move|p2b: Kingambit|Protect|p2b: Kingambit\n|-singleturn|p2b: Kingambit|Protect\n|move|p2a: Landorus|Sandsear Storm|p1a: Flutter Mane|[spread] p1a,p1b\n|-damage|p1a: Flutter Mane|25/100\n|-damage|p1b: Farigiraf|0 fnt\n|faint|p1b: Farigiraf\n|\n|-weather|RainDance|[upkeep]\n|upkeep\n|\n|t:|1745992370\n|switch|p1b: Koraidon|Koraidon, L50|68/100 par\n|-weather|SunnyDay|[from] ability: Orichalcum Pulse|[of] p1b: Koraidon\n|-activate|p1a: Flutter Mane|ability: Protosynthesis\n|-start|p1a: Flutter Mane|protosynthesisspe\n|-activate|p1b: Koraidon|Orichalcum Pulse|[source]\n|turn|12\n|\n|t:|1745992391\n|switch|p2b: Kyogre|Kyogre, L50|100/100\n|-weather|RainDance|[from] ability: Drizzle|[of] p2b: Kyogre\n|-end|p1a: Flutter Mane|Protosynthesis\n|move|p1a: Flutter Mane|Protect|p1a: Flutter Mane\n|-singleturn|p1a: Flutter Mane|Protect\n|move|p2a: Landorus|Sandsear Storm|p1a: Flutter Mane|[spread] p1b\n|-activate|p1a: Flutter Mane|move: Protect\n|-damage|p1b: Koraidon|34/100 par\n|move|p1b: Koraidon|Close Combat|p2b: Kyogre\n|-damage|p2b: Kyogre|44/100\n|-unboost|p1b: Koraidon|def|1\n|-unboost|p1b: Koraidon|spd|1\n|-damage|p1b: Koraidon|24/100 par|[from] item: Life Orb\n|\n|-weather|RainDance|[upkeep]\n|-heal|p2b: Kyogre|50/100|[from] item: Leftovers\n|-fieldend|move: Electric Terrain\n|upkeep\n|turn|13\n|\n|t:|1745992439\n|cant|p1b: Koraidon|par\n|move|p2a: Landorus|Sandsear Storm|p1a: Flutter Mane|[spread] p1a,p1b\n|-damage|p1a: Flutter Mane|0 fnt\n|-damage|p1b: Koraidon|0 fnt\n|faint|p1a: Flutter Mane\n|-end|p1a: Flutter Mane|Protosynthesis|[silent]\n|faint|p1b: Koraidon\n|move|p2b: Kyogre|Ice Beam|p1: Flutter Mane|[notarget]\n|-fail|p2b: Kyogre\n|\n|-weather|RainDance|[upkeep]\n|-heal|p2b: Kyogre|56/100|[from] item: Leftovers\n|upkeep\n|\n|t:|1745992442\n|switch|p1a: Miraidon|Miraidon, L50, tera:Fairy|55/100\n|-fieldstart|move: Electric Terrain|[from] ability: Hadron Engine|[of] p1a: Miraidon\n|turn|14\n|\n|t:|1745992452\n|move|p2b: Kyogre|Protect|p2b: Kyogre\n|-singleturn|p2b: Kyogre|Protect\n|move|p2a: Landorus|Sandsear Storm|p1a: Miraidon\n|-damage|p1a: Miraidon|18/100\n|move|p1a: Miraidon|Dazzling Gleam|p2b: Kyogre|[spread] p2a\n|-activate|p2b: Kyogre|move: Protect\n|-damage|p2a: Landorus|0 fnt\n|faint|p2a: Landorus\n|\n|-weather|RainDance|[upkeep]\n|-heal|p2b: Kyogre|61/100|[from] item: Leftovers\n|upkeep\n|\n|t:|1745992462\n|switch|p2a: Kingambit|Kingambit, L50, F|93/100\n|turn|15\n|\n|t:|1745992470\n|-terastallize|p2a: Kingambit|Dark\n|move|p2a: Kingambit|Sucker Punch|p1a: Miraidon\n|-resisted|p1a: Miraidon\n|-damage|p1a: Miraidon|0 fnt\n|faint|p1a: Miraidon\n|-damage|p2a: Kingambit|84/100|[from] item: Life Orb\n|\n|win|Stellar Peformance\n|l|\u2606relooo\n|player|p1|\n||Stellar Peformance is ready for game 3.\n||relooo is ready for game 3.\n|uhtml|next|Next: <a href=\"/battle-gen9vgc2025regibo3-2353744220\"><strong>Game 3 of 3</strong></a>\n", "uploadtime": 1745992838, "views": 6, "formatid": "gen9vgc2025regibo3", "rating": null, "private": 0, "password": null}