{"id": "gen9vgc2025regibo3-2354450032", "format": "[Gen 9] VGC 2025 Reg I (Bo3)", "players": ["Moonlight Flutter", "KingNeptuno"], "log": "|j|\u2606Moonlight Flutter\n|j|\u2606KingNeptuno\n|html|<table width=\"100%\"><tr><td align=\"left\">Moonlight Flutter</td><td align=\"right\">KingNeptuno</tr><tr><td align=\"left\"><i class=\"fa fa-circle-o\"></i> <i class=\"fa fa-circle-o\"></i> </td><td align=\"right\"><i class=\"fa fa-circle-o\"></i> <i class=\"fa fa-circle-o\"></i> </tr></table>\n|uhtml|bestof|<h2><strong>Game 1</strong> of <a href=\"/game-bestof3-gen9vgc2025regibo3-2354450031\">a best-of-3</a></h2>\n|t:|1746073387\n|gametype|doubles\n|player|p1|Moonlight Flutter|dawn-masters2|1312\n|player|p2|KingNeptuno|silver|1213\n|teamsize|p1|6\n|teamsize|p2|6\n|gen|9\n|tier|[Gen 9] VGC 2025 Reg I (Bo3)\n|rated|\n|rule|Species Clause: Limit one of each Pok\u00e9mon\n|rule|Item Clause: Limit 1 of each item\n|clearpoke\n|poke|p1|Miraidon, L50|\n|poke|p1|Calyrex-Ice, L50|\n|poke|p1|Roaring Moon, L50|\n|poke|p1|Volcarona, L50, F|\n|poke|p1|Urshifu-*, L50, M|\n|poke|p1|Amoonguss, L50, F|\n|poke|p2|Calyrex-Shadow, L50|\n|poke|p2|Lunala, L50|\n|poke|p2|Ogerpon-Cornerstone, L50, F|\n|poke|p2|Rillaboom, L50, M|\n|poke|p2|Incineroar, L50, F|\n|poke|p2|Okidogi, L50, M|\n|teampreview|4\n|showteam|p1|Miraidon||ChoiceSpecs|HadronEngine|ElectroDrift,DracoMeteor,DazzlingGleam,VoltSwitch||||||50|,,,,,Fairy]Calyrex-Ice||ClearAmulet|AsOneGlastrier|GlacialLance,HighHorsepower,TrickRoom,Protect||||||50|,,,,,Normal]Roaring Moon||BoosterEnergy|Protosynthesis|KnockOff,Acrobatics,Tailwind,Protect||||||50|,,,,,Flying]Volcarona||CovertCloak|FlameBody|BugBuzz,FieryDance,QuiverDance,Protect|||F|||50|,,,,,Dark]Urshifu-Rapid-Strike||ChoiceScarf|UnseenFist|SurgingStrikes,CloseCombat,Coaching,Uturn|||M|||50|,,,,,Water]Amoonguss||RockyHelmet|Regenerator|Spore,RagePowder,Protect,PollenPuff|||F|||50|,,,,,Water\n|showteam|p2|Calyrex-Shadow||LifeOrb|AsOneSpectrier|AstralBarrage,Psyshock,NastyPlot,Protect||||||50|,,,,,Water]Lunala||Leftovers|ShadowShield|MoongeistBeam,Moonblast,CalmMind,WideGuard||||||50|,,,,,Fairy]Ogerpon-Cornerstone||CornerstoneMask|Sturdy|IvyCudgel,FollowMe,HornLeech,SpikyShield|||F|||50|,,,,,Rock]Rillaboom||ChoiceBand|GrassySurge|WoodHammer,GrassyGlide,HighHorsepower,Uturn|||M|||50|,,,,,Fire]Incineroar||SafetyGoggles|Intimidate|FakeOut,FlareBlitz,WillOWisp,KnockOff|||F|||50|,,,,,Ghost]Okidogi||AssaultVest|GuardDog|CloseCombat,PoisonJab,KnockOff,UpperHand|||M|||50|,,,,,Dark\n|\n|t:|1746073457\n|start\n|switch|p1a: Volcarona|Volcarona, L50, F|100/100\n|switch|p1b: Urshifu|Urshifu-Rapid-Strike, L50, M|100/100\n|switch|p2a: Ogerpon|Ogerpon-Cornerstone, L50, F|100/100\n|switch|p2b: Lunala|Lunala, L50|100/100\n|turn|1\n|\n|t:|1746073483\n|move|p1a: Volcarona|Protect|p1a: Volcarona\n|-singleturn|p1a: Volcarona|Protect\n|move|p1b: Urshifu|U-turn|p2a: Ogerpon\n|-supereffective|p2a: Ogerpon\n|-damage|p2a: Ogerpon|36/100\n|\n|t:|1746073487\n|switch|p1b: Miraidon|Miraidon, L50|100/100|[from] U-turn\n|-fieldstart|move: Electric Terrain|[from] ability: Hadron Engine|[of] p1b: Miraidon\n|move|p2a: Ogerpon|Ivy Cudgel|p1a: Volcarona|[anim] Ivy Cudgel Rock\n|-activate|p1a: Volcarona|move: Protect\n|move|p2b: Lunala|Calm Mind|p2b: Lunala\n|-boost|p2b: Lunala|spa|1\n|-boost|p2b: Lunala|spd|1\n|\n|upkeep\n|turn|2\n|\n|t:|1746073520\n|switch|p2a: Rillaboom|Rillaboom, L50, M|100/100\n|-fieldstart|move: Grassy Terrain|[from] ability: Grassy Surge|[of] p2a: Rillaboom\n|-terastallize|p1b: Miraidon|Fairy\n|move|p1b: Miraidon|Dazzling Gleam|p2b: Lunala|[spread] p2a,p2b\n|-damage|p2a: Rillaboom|50/100\n|-damage|p2b: Lunala|89/100\n|move|p1a: Volcarona|Quiver Dance|p1a: Volcarona\n|-boost|p1a: Volcarona|spa|1\n|-boost|p1a: Volcarona|spd|1\n|-boost|p1a: Volcarona|spe|1\n|move|p2b: Lunala|Moongeist Beam|p1a: Volcarona\n|-damage|p1a: Volcarona|50/100\n|\n|-heal|p1a: Volcarona|56/100|[from] Grassy Terrain\n|-heal|p2b: Lunala|95/100|[from] Grassy Terrain\n|-heal|p2b: Lunala|100/100|[from] item: Leftovers\n|-heal|p2a: Rillaboom|55/100|[from] Grassy Terrain\n|upkeep\n|turn|3\n|\n|t:|1746073546\n|switch|p1b: Roaring Moon|Roaring Moon, L50|100/100\n|-enditem|p1b: Roaring Moon|Booster Energy\n|-activate|p1b: Roaring Moon|ability: Protosynthesis|[fromitem]\n|-start|p1b: Roaring Moon|protosynthesisspe\n|move|p1a: Volcarona|Fiery Dance|p2a: Rillaboom\n|-supereffective|p2a: Rillaboom\n|-damage|p2a: Rillaboom|0 fnt\n|-boost|p1a: Volcarona|spa|1\n|faint|p2a: Rillaboom\n|move|p2b: Lunala|Calm Mind|p2b: Lunala\n|-boost|p2b: Lunala|spa|1\n|-boost|p2b: Lunala|spd|1\n|\n|-heal|p1a: Volcarona|62/100|[from] Grassy Terrain\n|upkeep\n|\n|t:|1746073559\n|switch|p2a: Ogerpon|Ogerpon-Cornerstone, L50, F|36/100\n|turn|4\n|\n|t:|1746073573\n|-terastallize|p2b: Lunala|Fairy\n|move|p2a: Ogerpon|Spiky Shield|p2a: Ogerpon\n|-singleturn|p2a: Ogerpon|move: Protect\n|move|p1b: Roaring Moon|Knock Off|p2a: Ogerpon\n|-activate|p2a: Ogerpon|move: Protect\n|-damage|p1b: Roaring Moon|88/100|[from] Spiky Shield|[of] p2a: Ogerpon\n|move|p1a: Volcarona|Quiver Dance|p1a: Volcarona\n|-boost|p1a: Volcarona|spa|1\n|-boost|p1a: Volcarona|spd|1\n|-boost|p1a: Volcarona|spe|1\n|move|p2b: Lunala|Moongeist Beam|p1a: Volcarona\n|-damage|p1a: Volcarona|10/100\n|\n|-heal|p1a: Volcarona|16/100|[from] Grassy Terrain\n|-heal|p1b: Roaring Moon|94/100|[from] Grassy Terrain\n|-heal|p2a: Ogerpon|42/100|[from] Grassy Terrain\n|upkeep\n|turn|5\n|\n|t:|1746073617\n|move|p2a: Ogerpon|Spiky Shield|p2a: Ogerpon\n|-singleturn|p2a: Ogerpon|move: Protect\n|move|p1a: Volcarona|Fiery Dance|p2b: Lunala\n|-crit|p2b: Lunala\n|-damage|p2b: Lunala|54/100\n|-boost|p1a: Volcarona|spa|1\n|move|p1b: Roaring Moon|Knock Off|p2b: Lunala\n|-resisted|p2b: Lunala\n|-crit|p2b: Lunala\n|-damage|p2b: Lunala|26/100\n|-enditem|p2b: Lunala|Leftovers|[from] move: Knock Off|[of] p1b: Roaring Moon\n|move|p2b: Lunala|Moongeist Beam|p1a: Volcarona\n|-damage|p1a: Volcarona|0 fnt\n|faint|p1a: Volcarona\n|\n|-heal|p1b: Roaring Moon|100/100|[from] Grassy Terrain\n|-heal|p2a: Ogerpon|48/100|[from] Grassy Terrain\n|-heal|p2b: Lunala|32/100|[from] Grassy Terrain\n|upkeep\n|\n|t:|1746073641\n|switch|p1a: Miraidon|Miraidon, L50, tera:Fairy|100/100\n|-fieldstart|move: Electric Terrain|[from] ability: Hadron Engine|[of] p1a: Miraidon\n|turn|6\n|\n|t:|1746073656\n|move|p2a: Ogerpon|Follow Me|p2a: Ogerpon\n|-singleturn|p2a: Ogerpon|move: Follow Me\n|move|p1b: Roaring Moon|Acrobatics|p2a: Ogerpon\n|-damage|p2a: Ogerpon|7/100\n|move|p1a: Miraidon|Dazzling Gleam|p2b: Lunala|[spread] p2a,p2b\n|-damage|p2a: Ogerpon|0 fnt\n|-damage|p2b: Lunala|11/100\n|faint|p2a: Ogerpon\n|move|p2b: Lunala|Moonblast|p1b: Roaring Moon\n|-supereffective|p1b: Roaring Moon\n|-damage|p1b: Roaring Moon|0 fnt\n|faint|p1b: Roaring Moon\n|-end|p1b: Roaring Moon|Protosynthesis|[silent]\n|\n|upkeep\n|\n|t:|1746073664\n|switch|p1b: Urshifu|Urshifu-Rapid-Strike, L50, M|100/100\n|switch|p2a: Calyrex|Calyrex-Shadow, L50|100/100\n|-ability|p2a: Calyrex|As One\n|-ability|p2a: Calyrex|Unnerve\n|turn|7\n|\n|t:|1746073673\n|move|p2b: Lunala|Wide Guard|p2b: Lunala\n|-singleturn|p2b: Lunala|Wide Guard\n|move|p1b: Urshifu|Surging Strikes|p2a: Calyrex\n|-crit|p2a: Calyrex\n|-damage|p2a: Calyrex|76/100\n|-crit|p2a: Calyrex\n|-damage|p2a: Calyrex|54/100\n|-crit|p2a: Calyrex\n|-damage|p2a: Calyrex|32/100\n|-hitcount|p2a: Calyrex|3\n|move|p2a: Calyrex|Astral Barrage|p1b: Urshifu|[spread] p1a,p1b\n|-damage|p1a: Miraidon|46/100\n|-damage|p1b: Urshifu|0 fnt\n|faint|p1b: Urshifu\n|-ability|p2a: Calyrex|Grim Neigh|boost\n|-boost|p2a: Calyrex|spa|1\n|-damage|p2a: Calyrex|22/100|[from] item: Life Orb\n|move|p1a: Miraidon|Dazzling Gleam|p2b: Lunala|[spread] \n|-activate|p2a: Calyrex|move: Wide Guard\n|-activate|p2b: Lunala|move: Wide Guard\n|\n|upkeep\n|turn|8\n|\n|t:|1746073691\n|move|p2b: Lunala|Wide Guard|p2b: Lunala\n|-singleturn|p2b: Lunala|Wide Guard\n|move|p2a: Calyrex|Astral Barrage|p1a: Miraidon\n|-damage|p1a: Miraidon|0 fnt\n|faint|p1a: Miraidon\n|-damage|p2a: Calyrex|12/100|[from] item: Life Orb\n|\n|win|KingNeptuno\n||KingNeptuno is ready for game 2.\n||Moonlight Flutter is ready for game 2.\n|uhtml|next|Next: <a href=\"/battle-gen9vgc2025regibo3-2354452095\"><strong>Game 2 of 3</strong></a>\n", "uploadtime": 1746073967, "views": 7, "formatid": "gen9vgc2025regibo3", "rating": null, "private": 0, "password": null}