{"id": "gen9vgc2025regibo3-2354321507", "format": "[Gen 9] VGC 2025 Reg I (Bo3)", "players": ["damage77", "Ulico"], "log": "|j|\u2606damage77\n|j|\u2606Ulico\n|html|<table width=\"100%\"><tr><td align=\"left\">damage77</td><td align=\"right\">Ulico</tr><tr><td align=\"left\"><i class=\"fa fa-circle-o\"></i> <i class=\"fa fa-circle-o\"></i> </td><td align=\"right\"><i class=\"fa fa-circle-o\"></i> <i class=\"fa fa-circle\"></i> </tr></table>\n|uhtml|bestof|<h2><strong>Game 2</strong> of <a href=\"/game-bestof3-gen9vgc2025regibo3-2354313816\">a best-of-3</a></h2>\n|t:|1746057099\n|gametype|doubles\n|player|p1|damage77|flint|\n|player|p2|Ulico|mrstone|\n|teamsize|p1|6\n|teamsize|p2|6\n|gen|9\n|tier|[Gen 9] VGC 2025 Reg I (Bo3)\n|rule|Species Clause: Limit one of each Pok\u00e9mon\n|rule|Item Clause: Limit 1 of each item\n|clearpoke\n|poke|p1|Koraidon, L50|\n|poke|p1|Brute Bonnet, L50|\n|poke|p1|Raging Bolt, L50|\n|poke|p1|Incineroar, L50, F|\n|poke|p1|Ogerpon-Cornerstone, L50, F|\n|poke|p1|Calyrex-Shadow, L50|\n|poke|p2|Miraidon, L50|\n|poke|p2|Whimsicott, L50, M|\n|poke|p2|Ogerpon-Hearthflame, L50, F|\n|poke|p2|Farigiraf, L50, F|\n|poke|p2|Iron Hands, L50|\n|poke|p2|Calyrex-Ice, L50|\n|teampreview|4\n|showteam|p1|Koraidon||LifeOrb|OrichalcumPulse|CloseCombat,FlareBlitz,FlameCharge,Protect||||||50|,,,,,Fire]Brute Bonnet||CovertCloak|Protosynthesis|Protect,SuckerPunch,Spore,RagePowder||||||50|,,,,,Water]Raging Bolt||AssaultVest|Protosynthesis|Thunderbolt,Thunderclap,DracoMeteor,Electroweb||||||50|,,,,,Fairy]Incineroar||SafetyGoggles|Intimidate|KnockOff,HelpingHand,PartingShot,FakeOut|||F|||50|,,,,,Water]Ogerpon-Cornerstone||CornerstoneMask|Sturdy|IvyCudgel,Taunt,FollowMe,SpikyShield|||F|||50|,,,,,Rock]Calyrex-Shadow||FocusSash|AsOneSpectrier|AstralBarrage,Psychic,NastyPlot,Protect||||||50|,,,,,Ghost\n|showteam|p2|Miraidon||ChoiceSpecs|HadronEngine|ElectroDrift,DracoMeteor,VoltSwitch,DazzlingGleam||||||50|,,,,,Fairy]Whimsicott||CovertCloak|Prankster|Moonblast,Tailwind,LightScreen,Encore|||M|||50|,,,,,Dark]Ogerpon-Hearthflame||HearthflameMask|MoldBreaker|IvyCudgel,WoodHammer,FollowMe,SpikyShield|||F|||50|,,,,,Fire]Farigiraf||ElectricSeed|ArmorTail|FoulPlay,PsychicNoise,TrickRoom,HelpingHand|||F|||50|,,,,,Water]Iron Hands||AssaultVest|QuarkDrive|DrainPunch,LowKick,WildCharge,FakeOut||||||50|,,,,,Water]Calyrex-Ice||ClearAmulet|AsOneGlastrier|Protect,GlacialLance,HighHorsepower,TrickRoom||||||50|,,,,,Water\n|\n|t:|1746057274\n|start\n|switch|p1a: Koraidon|Koraidon, L50|100/100\n|switch|p1b: Raging Bolt|Raging Bolt, L50|100/100\n|switch|p2a: Miraidon|Miraidon, L50|100/100\n|switch|p2b: Farigiraf|Farigiraf, L50, F|100/100\n|-weather|SunnyDay|[from] ability: Orichalcum Pulse|[of] p1a: Koraidon\n|-activate|p1b: Raging Bolt|ability: Protosynthesis\n|-start|p1b: Raging Bolt|protosynthesisspa\n|-activate|p1a: Koraidon|Orichalcum Pulse|[source]\n|-fieldstart|move: Electric Terrain|[from] ability: Hadron Engine|[of] p2a: Miraidon\n|-enditem|p2b: Farigiraf|Electric Seed\n|-boost|p2b: Farigiraf|def|1|[from] item: Electric Seed\n|turn|1\n|\n|t:|1746057645\n|-terastallize|p1b: Raging Bolt|Fairy\n|move|p1a: Koraidon|Close Combat|p2b: Farigiraf\n|-damage|p2b: Farigiraf|40/100\n|-unboost|p1a: Koraidon|def|1\n|-unboost|p1a: Koraidon|spd|1\n|-damage|p1a: Koraidon|91/100|[from] item: Life Orb\n|move|p2a: Miraidon|Volt Switch|p1a: Koraidon\n|-resisted|p1a: Koraidon\n|-damage|p1a: Koraidon|15/100\n|\n|t:|1746057662\n|switch|p2a: Iron Hands|Iron Hands, L50|100/100|[from] Volt Switch\n|-activate|p2a: Iron Hands|ability: Quark Drive\n|-start|p2a: Iron Hands|quarkdriveatk\n|move|p1b: Raging Bolt|Thunderbolt|p2b: Farigiraf\n|-damage|p2b: Farigiraf|0 fnt\n|faint|p2b: Farigiraf\n|\n|-weather|SunnyDay|[upkeep]\n|upkeep\n|\n|t:|1746057674\n|switch|p2b: Miraidon|Miraidon, L50|100/100\n|-activate|p2b: Miraidon|ability: Hadron Engine\n|turn|2\n|\n|t:|1746057799\n|switch|p1a: Calyrex|Calyrex-Shadow, L50|100/100\n|-ability|p1a: Calyrex|As One\n|-ability|p1a: Calyrex|Unnerve\n|-end|p1b: Raging Bolt|Protosynthesis|[silent]\n|switch|p1b: Ogerpon|Ogerpon-Cornerstone, L50, F|100/100\n|-terastallize|p2b: Miraidon|Fairy\n|move|p2a: Iron Hands|Fake Out|p1b: Ogerpon\n|-resisted|p1b: Ogerpon\n|-damage|p1b: Ogerpon|88/100\n|move|p2b: Miraidon|Dazzling Gleam|p1a: Calyrex|[spread] p1a,p1b\n|-damage|p1a: Calyrex|27/100\n|-damage|p1b: Ogerpon|8/100\n|\n|-weather|SunnyDay|[upkeep]\n|upkeep\n|turn|3\n|\n|t:|1746057910\n|move|p1b: Ogerpon|Spiky Shield|p1b: Ogerpon\n|-singleturn|p1b: Ogerpon|move: Protect\n|move|p1a: Calyrex|Psychic|p2a: Iron Hands\n|-supereffective|p2a: Iron Hands\n|-crit|p2a: Iron Hands\n|-damage|p2a: Iron Hands|8/100\n|move|p2b: Miraidon|Dazzling Gleam|p1a: Calyrex|[spread] p1a\n|-activate|p1b: Ogerpon|move: Protect\n|-damage|p1a: Calyrex|0 fnt\n|faint|p1a: Calyrex\n|move|p2a: Iron Hands|Wild Charge|p1b: Ogerpon\n|-activate|p1b: Ogerpon|move: Protect\n|-damage|p2a: Iron Hands|0 fnt|[from] Spiky Shield|[of] p1b: Ogerpon\n|faint|p2a: Iron Hands\n|-end|p2a: Iron Hands|Quark Drive|[silent]\n|\n|-weather|SunnyDay|[upkeep]\n|upkeep\n|\n|t:|1746057996\n|switch|p1a: Koraidon|Koraidon, L50|15/100\n|switch|p2a: Calyrex|Calyrex-Ice, L50|100/100\n|-ability|p2a: Calyrex|As One\n|-ability|p2a: Calyrex|Unnerve\n|-activate|p1a: Koraidon|ability: Orichalcum Pulse\n|turn|4\n|\n|t:|1746058136\n|move|p1a: Koraidon|Flare Blitz|p2b: Miraidon\n|-damage|p2b: Miraidon|0 fnt\n|faint|p2b: Miraidon\n|-damage|p1a: Koraidon|0 fnt|[from] Recoil\n|faint|p1a: Koraidon\n|move|p1b: Ogerpon|Ivy Cudgel|p2a: Calyrex|[anim] Ivy Cudgel Rock\n|-supereffective|p2a: Calyrex\n|-damage|p2a: Calyrex|33/100\n|move|p2a: Calyrex|Trick Room|p2a: Calyrex\n|-fieldstart|move: Trick Room|[of] p2a: Calyrex\n|\n|-weather|SunnyDay|[upkeep]\n|upkeep\n|\n|t:|1746058145\n|switch|p1a: Raging Bolt|Raging Bolt, L50, tera:Fairy|100/100\n|-activate|p1a: Raging Bolt|ability: Protosynthesis\n|-start|p1a: Raging Bolt|protosynthesisspa\n|turn|5\n|\n|t:|1746058186\n|move|p1a: Raging Bolt|Thunderclap|p2a: Calyrex\n|-damage|p2a: Calyrex|0 fnt\n|faint|p2a: Calyrex\n|\n|win|damage77\n||Ulico is ready for game 3.\n|inactive|damage77 has 30 seconds to confirm battle start!\n||damage77 is ready for game 3.\n|uhtml|next|Next: <a href=\"/battle-gen9vgc2025regibo3-2354330668\"><strong>Game 3 of 3</strong></a>\n|l|\u2606Ulico\n|player|p2|\n|j|\u2606Ulico\n|player|p2|Ulico|mrstone|\n", "uploadtime": 1746060312, "views": 8, "formatid": "gen9vgc2025regibo3", "rating": null, "private": 0, "password": null}