{"id": "gen9vgc2025regibo3-2354783298", "format": "[Gen 9] VGC 2025 Reg I (Bo3)", "players": ["Io18", "DY0SHY05"], "log": "|j|\u2606Io18\n|j|\u2606DY0SHY05\n|html|<table width=\"100%\"><tr><td align=\"left\">Io18</td><td align=\"right\">DY0SHY05</tr><tr><td align=\"left\"><i class=\"fa fa-circle-o\"></i> <i class=\"fa fa-circle-o\"></i> </td><td align=\"right\"><i class=\"fa fa-circle-o\"></i> <i class=\"fa fa-circle-o\"></i> </tr></table>\n|uhtml|bestof|<h2><strong>Game 1</strong> of <a href=\"/game-bestof3-gen9vgc2025regibo3-2354783293\">a best-of-3</a></h2>\n|t:|1746119390\n|gametype|doubles\n|player|p1|Io18|hugh|1079\n|player|p2|DY0SHY05|2|1000\n|teamsize|p1|6\n|teamsize|p2|6\n|gen|9\n|tier|[Gen 9] VGC 2025 Reg I (Bo3)\n|rated|\n|rule|Species Clause: Limit one of each Pok\u00e9mon\n|rule|Item Clause: Limit 1 of each item\n|clearpoke\n|poke|p1|Lunala, L50|\n|poke|p1|Koraidon, L50|\n|poke|p1|Flutter Mane, L50|\n|poke|p1|Iron Hands, L50|\n|poke|p1|Indeedee-F, L50, F|\n|poke|p1|Ogerpon-Cornerstone, L50, F|\n|poke|p2|Gothitelle, L50, M|\n|poke|p2|Scream Tail, L50|\n|poke|p2|Terapagos, L50, M|\n|poke|p2|Calyrex-Shadow, L50|\n|poke|p2|Amoonguss, L50, F|\n|poke|p2|Incineroar, L50, M|\n|teampreview|4\n|showteam|p1|Lunala||Leftovers|ShadowShield|ExpandingForce,MoongeistBeam,TrickRoom,WideGuard||||||50|,,,,,Fairy]Koraidon||ClearAmulet|OrichalcumPulse|CollisionCourse,FlameCharge,FlareBlitz,Protect||||||50|,,,,,Fire]Flutter Mane||FocusSash|Protosynthesis|DazzlingGleam,ShadowBall,IcyWind,Protect||||||50|,,,,,Fairy]Iron Hands||AssaultVest|QuarkDrive|DrainPunch,FakeOut,LowKick,WildCharge||||||50|,,,,,Water]Indeedee-F||PsychicSeed|PsychicSurge|HelpingHand,TrickRoom,FollowMe,DazzlingGleam|||F|||50|,,,,,Fairy]Ogerpon-Cornerstone||CornerstoneMask|Sturdy|HornLeech,IvyCudgel,SpikyShield,FollowMe|||F|||50|,,,,,Rock\n|showteam|p2|Gothitelle||Leftovers|ShadowTag|FakeOut,Psychic,TrickRoom,Taunt|||M|||50|,,,,,Dark]Scream Tail||BoosterEnergy|Protosynthesis|PerishSong,Encore,Disable,Protect||||||50|,,,,,Dark]Terapagos||SafetyGoggles|TeraShift|TeraStarstorm,Flamethrower,EarthPower,CalmMind|||M|||50|,,,,,Stellar]Calyrex-Shadow||ChoiceSpecs|AsOneSpectrier|AstralBarrage,DarkPulse,Psyshock,DrainingKiss||||||50|,,,,,Fairy]Amoonguss||RockyHelmet|Regenerator|PollenPuff,RagePowder,Protect,Spore|||F|||50|,,,,,Water]Incineroar||AssaultVest|Intimidate|FlareBlitz,FakeOut,KnockOff,CloseCombat|||M|||50|,,,,,Grass\n|inactive|Battle timer is ON: inactive players will automatically lose when time's up. (requested by Io18)\n|\n|t:|1746119447\n|start\n|switch|p1a: Koraidon|Koraidon, L50|100/100\n|switch|p1b: Flutter Mane|Flutter Mane, L50|100/100\n|switch|p2a: Calyrex|Calyrex-Shadow, L50|100/100\n|switch|p2b: Gothitelle|Gothitelle, L50, M|100/100\n|-ability|p2a: Calyrex|As One\n|-ability|p2a: Calyrex|Unnerve\n|-weather|SunnyDay|[from] ability: Orichalcum Pulse|[of] p1a: Koraidon\n|-activate|p1b: Flutter Mane|ability: Protosynthesis\n|-start|p1b: Flutter Mane|protosynthesisspa\n|-activate|p1a: Koraidon|Orichalcum Pulse|[source]\n|turn|1\n|inactive|Io18 has 30 seconds left.\n|inactive|Io18 has 20 seconds left.\n|\n|t:|1746119484\n|-terastallize|p2a: Calyrex|Fairy\n|-terastallize|p1a: Koraidon|Fire\n|move|p2b: Gothitelle|Fake Out|p1a: Koraidon\n|-damage|p1a: Koraidon|95/100\n|move|p2a: Calyrex|Astral Barrage|p1a: Koraidon|[spread] p1a,p1b\n|-supereffective|p1b: Flutter Mane\n|-damage|p1a: Koraidon|18/100\n|-enditem|p1b: Flutter Mane|Focus Sash\n|-damage|p1b: Flutter Mane|1/100\n|cant|p1a: Koraidon|flinch\n|move|p1b: Flutter Mane|Icy Wind|p2a: Calyrex|[spread] p2a,p2b\n|-damage|p2a: Calyrex|77/100\n|-damage|p2b: Gothitelle|85/100\n|-unboost|p2a: Calyrex|spe|1\n|-unboost|p2b: Gothitelle|spe|1\n|\n|-weather|SunnyDay|[upkeep]\n|-heal|p2b: Gothitelle|91/100|[from] item: Leftovers\n|upkeep\n|turn|2\n|inactive|Io18 has 30 seconds left.\n|inactive|DY0SHY05 has 30 seconds left.\n|inactive|Io18 has 20 seconds left.\n|inactive|DY0SHY05 has 20 seconds left.\n|inactive|Io18 has 15 seconds left.\n|inactive|DY0SHY05 has 15 seconds left.\n|inactive|DY0SHY05 has 10 seconds left.\n|inactive|DY0SHY05 has 5 seconds left.\n|\n|t:|1746119537\n|switch|p2a: Incineroar|Incineroar, L50, M|100/100\n|-ability|p2a: Incineroar|Intimidate|boost\n|-fail|p1a: Koraidon|unboost|[from] item: Clear Amulet|[of] p1a: Koraidon\n|-unboost|p1b: Flutter Mane|atk|1\n|move|p1a: Koraidon|Flame Charge|p2a: Incineroar\n|-resisted|p2a: Incineroar\n|-damage|p2a: Incineroar|74/100\n|-boost|p1a: Koraidon|spe|1\n|move|p1b: Flutter Mane|Shadow Ball|p2b: Gothitelle\n|-supereffective|p2b: Gothitelle\n|-crit|p2b: Gothitelle\n|-damage|p2b: Gothitelle|0 fnt\n|faint|p2b: Gothitelle\n|\n|-weather|SunnyDay|[upkeep]\n|upkeep\n|\n|t:|1746119552\n|switch|p2b: Calyrex|Calyrex-Shadow, L50, tera:Fairy|77/100\n|-ability|p2b: Calyrex|As One\n|-ability|p2b: Calyrex|Unnerve\n|turn|3\n|\n|t:|1746119575\n|move|p1a: Koraidon|Protect|p1a: Koraidon\n|-singleturn|p1a: Koraidon|Protect\n|move|p2a: Incineroar|Fake Out|p1a: Koraidon\n|-activate|p1a: Koraidon|move: Protect\n|move|p2b: Calyrex|Astral Barrage|p1a: Koraidon|[spread] p1b\n|-activate|p1a: Koraidon|move: Protect\n|-supereffective|p1b: Flutter Mane\n|-damage|p1b: Flutter Mane|0 fnt\n|faint|p1b: Flutter Mane\n|-end|p1b: Flutter Mane|Protosynthesis|[silent]\n|-ability|p2b: Calyrex|Grim Neigh|boost\n|-boost|p2b: Calyrex|spa|1\n|\n|-weather|SunnyDay|[upkeep]\n|upkeep\n|\n|t:|1746119587\n|switch|p1b: Iron Hands|Iron Hands, L50|100/100\n|turn|4\n|inactive|Io18 has 30 seconds left.\n|inactive|DY0SHY05 has 30 seconds left.\n|\n|t:|1746119615\n|switch|p2b: Scream Tail|Scream Tail, L50|100/100\n|-activate|p2b: Scream Tail|ability: Protosynthesis\n|-start|p2b: Scream Tail|protosynthesisspd\n|move|p1b: Iron Hands|Fake Out|p2a: Incineroar\n|-damage|p2a: Incineroar|58/100\n|move|p1a: Koraidon|Flame Charge|p2b: Scream Tail\n|-damage|p2b: Scream Tail|50/100\n|-boost|p1a: Koraidon|spe|1\n|cant|p2a: Incineroar|flinch\n|\n|-weather|SunnyDay|[upkeep]\n|upkeep\n|turn|5\n|inactive|DY0SHY05 has 30 seconds left.\n|inactive|DY0SHY05 has 20 seconds left.\n|inactive|Io18 has 30 seconds left.\n|inactive|DY0SHY05 has 15 seconds left.\n|inactive|DY0SHY05 has 10 seconds left.\n|inactive|Io18 has 20 seconds left.\n|\n|t:|1746119667\n|-end|p1b: Iron Hands|Quark Drive|[silent]\n|switch|p1b: Lunala|Lunala, L50|100/100\n|move|p1a: Koraidon|Collision Course|p2a: Incineroar\n|-supereffective|p2a: Incineroar\n|-damage|p2a: Incineroar|0 fnt\n|faint|p2a: Incineroar\n|move|p2b: Scream Tail|Perish Song|p2b: Scream Tail\n|-start|p1a: Koraidon|perish3|[silent]\n|-start|p1b: Lunala|perish3|[silent]\n|-start|p2b: Scream Tail|perish3|[silent]\n|-fieldactivate|move: Perish Song\n|\n|-weather|none\n|-end|p2b: Scream Tail|Protosynthesis\n|-start|p1a: Koraidon|perish3\n|-start|p2b: Scream Tail|perish3\n|-start|p1b: Lunala|perish3\n|upkeep\n|-enditem|p2b: Scream Tail|Booster Energy\n|-activate|p2b: Scream Tail|ability: Protosynthesis|[fromitem]\n|-start|p2b: Scream Tail|protosynthesisspd\n|\n|t:|1746119682\n|switch|p2a: Calyrex|Calyrex-Shadow, L50, tera:Fairy|77/100\n|-ability|p2a: Calyrex|As One\n|-ability|p2a: Calyrex|Unnerve\n|turn|6\n|\n|t:|1746119707\n|move|p1a: Koraidon|Flare Blitz|p2a: Calyrex\n|-damage|p2a: Calyrex|0 fnt\n|faint|p2a: Calyrex\n|-damage|p1a: Koraidon|0 fnt|[from] Recoil\n|faint|p1a: Koraidon\n|move|p2b: Scream Tail|Disable||[still]\n|-fail|p2b: Scream Tail\n|move|p1b: Lunala|Moongeist Beam|p2b: Scream Tail\n|-supereffective|p2b: Scream Tail\n|-damage|p2b: Scream Tail|0 fnt\n|faint|p2b: Scream Tail\n|-end|p2b: Scream Tail|Protosynthesis|[silent]\n|\n|win|Io18\n|l|\u2606DY0SHY05\n|player|p2|\n||Io18 is ready for game 2.\n|inactive|DY0SHY05 has 30 seconds to confirm battle start!\n|inactive|DY0SHY05 has 20 seconds to confirm battle start!\n|inactive|DY0SHY05 has 10 seconds to confirm battle start!\n|uhtml|next|Next: <a href=\"/battle-gen9vgc2025regibo3-2354787412\"><strong>Game 2 of 3</strong></a>\n", "uploadtime": 1746119747, "views": 7, "formatid": "gen9vgc2025regibo3", "rating": null, "private": 0, "password": null}