{"id": "gen9vgc2025regibo3-2353994341", "format": "[Gen 9] VGC 2025 Reg I (Bo3)", "players": ["200dollarteam", "juacox300"], "log": "|j|\u2606200dollarteam\n|j|\u2606juacox300\n|html|<table width=\"100%\"><tr><td align=\"left\">200dollarteam</td><td align=\"right\">juacox300</tr><tr><td align=\"left\"><i class=\"fa fa-circle-o\"></i> <i class=\"fa fa-circle-o\"></i> </td><td align=\"right\"><i class=\"fa fa-circle-o\"></i> <i class=\"fa fa-circle\"></i> </tr></table>\n|uhtml|bestof|<h2><strong>Game 2</strong> of <a href=\"/game-bestof3-gen9vgc2025regibo3-2353992500\">a best-of-3</a></h2>\n|t:|1746025827\n|gametype|doubles\n|player|p1|200dollarteam|shauntal|1350\n|player|p2|juacox300|unknown|1440\n|teamsize|p1|6\n|teamsize|p2|6\n|gen|9\n|tier|[Gen 9] VGC 2025 Reg I (Bo3)\n|rated|\n|rule|Species Clause: Limit one of each Pok\u00e9mon\n|rule|Item Clause: Limit 1 of each item\n|clearpoke\n|poke|p1|Zamazenta-*, L50|\n|poke|p1|Miraidon, L50|\n|poke|p1|Farigiraf, L50, M|\n|poke|p1|Iron Bundle, L50|\n|poke|p1|Incineroar, L50, F|\n|poke|p1|Ursaluna, L50, M|\n|poke|p2|Miraidon, L50|\n|poke|p2|Iron Hands, L50|\n|poke|p2|Calyrex-Ice, L50|\n|poke|p2|Incineroar, L50, M|\n|poke|p2|Chi-Yu, L50|\n|poke|p2|Alcremie-Salted-Cream, L50, F|\n|teampreview|4\n|showteam|p1|Zamazenta-Crowned||RustedShield|DauntlessShield|BodyPress,HeavySlam,WideGuard,Protect||||||50|,,,,,Dragon]Miraidon||ChoiceSpecs|HadronEngine|ElectroDrift,DracoMeteor,VoltSwitch,DazzlingGleam||||||50|,,,,,Fairy]Farigiraf||ElectricSeed|ArmorTail|Psychic,FoulPlay,HelpingHand,TrickRoom|||M|||50|,,,,,Water]Iron Bundle||FocusSash|QuarkDrive|IcyWind,FreezeDry,Encore,Protect||||||50|,,,,,Ghost]Incineroar||AssaultVest|Intimidate|KnockOff,FlareBlitz,Uturn,FakeOut|||F|||50|,,,,,Bug]Ursaluna||FlameOrb|Guts|Facade,HeadlongRush,Substitute,Protect|||M|||50|,,,,,Poison\n|showteam|p2|Miraidon||LifeOrb|HadronEngine|ElectroDrift,DracoMeteor,Protect,DazzlingGleam||||||50|,,,,,Fairy]Iron Hands||AssaultVest|QuarkDrive|WildCharge,LowKick,FakeOut,HeavySlam||||||50|,,,,,Fire]Calyrex-Ice||ClearAmulet|AsOneGlastrier|GlacialLance,HighHorsepower,Protect,TrickRoom||||||50|,,,,,Dragon]Incineroar||RockyHelmet|Intimidate|KnockOff,FlareBlitz,FakeOut,Taunt|||M|||50|,,,,,Poison]Chi-Yu||ChoiceScarf|BeadsofRuin|HeatWave,Snarl,Overheat,DarkPulse||||||50|,,,,,Ghost]Alcremie-Salted-Cream||CovertCloak|AromaVeil|AlluringVoice,Decorate,Protect,Encore|||F|||50|,,,,,Grass\n|inactive|Battle timer is ON: inactive players will automatically lose when time's up. (requested by 200dollarteam)\n|inactive|juacox300 has 60 seconds left.\n|\n|t:|1746025867\n|start\n|switch|p1a: Iron Bundle|Iron Bundle, L50|100/100\n|switch|p1b: Miraidon|Miraidon, L50|100/100\n|switch|p2a: Miraidon|Miraidon, L50|100/100\n|switch|p2b: Elena|Alcremie-Salted-Cream, L50, F|100/100\n|-fieldstart|move: Electric Terrain|[from] ability: Hadron Engine|[of] p2a: Miraidon\n|-activate|p1a: Iron Bundle|ability: Quark Drive\n|-start|p1a: Iron Bundle|quarkdrivespe\n|-activate|p1b: Miraidon|ability: Hadron Engine\n|turn|1\n|\n|t:|1746025876\n|-terastallize|p1b: Miraidon|Fairy\n|move|p2a: Miraidon|Protect|p2a: Miraidon\n|-singleturn|p2a: Miraidon|Protect\n|move|p2b: Elena|Protect|p2b: Elena\n|-singleturn|p2b: Elena|Protect\n|move|p1a: Iron Bundle|Icy Wind|p2b: Elena|[spread] \n|-activate|p2a: Miraidon|move: Protect\n|-activate|p2b: Elena|move: Protect\n|move|p1b: Miraidon|Dazzling Gleam|p2b: Elena|[spread] \n|-activate|p2a: Miraidon|move: Protect\n|-activate|p2b: Elena|move: Protect\n|\n|upkeep\n|turn|2\n|\n|t:|1746025884\n|-terastallize|p2a: Miraidon|Fairy\n|move|p1a: Iron Bundle|Icy Wind|p2b: Elena|[spread] p2a,p2b\n|-damage|p2a: Miraidon|82/100\n|-damage|p2b: Elena|83/100\n|-unboost|p2a: Miraidon|spe|1\n|move|p1b: Miraidon|Dazzling Gleam|p2b: Elena|[spread] p2a,p2b\n|-damage|p2a: Miraidon|27/100\n|-damage|p2b: Elena|29/100\n|move|p2a: Miraidon|Electro Drift|p1b: Miraidon\n|-damage|p1b: Miraidon|0 fnt\n|faint|p1b: Miraidon\n|-damage|p2a: Miraidon|17/100|[from] item: Life Orb\n|move|p2b: Elena|Decorate|p2a: Miraidon\n|-boost|p2a: Miraidon|atk|2\n|-boost|p2a: Miraidon|spa|2\n|\n|upkeep\n|\n|t:|1746025891\n|switch|p1b: Ursaluna|Ursaluna, L50, M|100/100\n|turn|3\n|\n|t:|1746025906\n|move|p2a: Miraidon|Protect|p2a: Miraidon\n|-singleturn|p2a: Miraidon|Protect\n|move|p1a: Iron Bundle|Freeze-Dry|p2a: Miraidon\n|-activate|p2a: Miraidon|move: Protect\n|move|p2b: Elena|Alluring Voice|p1a: Iron Bundle\n|-damage|p1a: Iron Bundle|36/100\n|move|p1b: Ursaluna|Substitute|p1b: Ursaluna\n|-start|p1b: Ursaluna|Substitute\n|-damage|p1b: Ursaluna|76/100\n|\n|-status|p1b: Ursaluna|brn|[from] item: Flame Orb\n|upkeep\n|turn|4\n|\n|t:|1746025920\n|move|p1b: Ursaluna|Protect|p1b: Ursaluna\n|-singleturn|p1b: Ursaluna|Protect\n|move|p1a: Iron Bundle|Freeze-Dry|p2a: Miraidon\n|-damage|p2a: Miraidon|0 fnt\n|faint|p2a: Miraidon\n|move|p2b: Elena|Encore|p1b: Ursaluna\n|-activate|p1b: Ursaluna|move: Protect\n|\n|-damage|p1b: Ursaluna|70/100 brn|[from] brn\n|upkeep\n|\n|t:|1746025930\n|switch|p2a: Chi-Yu|Chi-Yu, L50|100/100\n|-ability|p2a: Chi-Yu|Beads of Ruin\n|turn|5\n|\n|t:|1746025945\n|move|p1a: Iron Bundle|Freeze-Dry|p2b: Elena\n|-damage|p2b: Elena|0 fnt\n|faint|p2b: Elena\n|move|p2a: Chi-Yu|Heat Wave|p1a: Iron Bundle|[spread] p1a,p1b\n|-end|p1b: Ursaluna|Substitute\n|-damage|p1a: Iron Bundle|0 fnt\n|faint|p1a: Iron Bundle\n|-end|p1a: Iron Bundle|Quark Drive|[silent]\n|move|p1b: Ursaluna|Headlong Rush|p2a: Chi-Yu\n|-supereffective|p2a: Chi-Yu\n|-damage|p2a: Chi-Yu|0 fnt\n|-unboost|p1b: Ursaluna|def|1\n|-unboost|p1b: Ursaluna|spd|1\n|faint|p2a: Chi-Yu\n|\n|-damage|p1b: Ursaluna|64/100 brn|[from] brn\n|-fieldend|move: Electric Terrain\n|upkeep\n|\n|t:|1746025949\n|switch|p1a: Zamazenta|Zamazenta-Crowned, L50|100/100\n|switch|p2a: Calyrex|Calyrex-Ice, L50|100/100\n|-ability|p2a: Calyrex|As One\n|-ability|p2a: Calyrex|Unnerve\n|-ability|p1a: Zamazenta|Dauntless Shield|boost\n|-boost|p1a: Zamazenta|def|1\n|turn|6\n|\n|t:|1746025955\n|move|p1b: Ursaluna|Protect|p1b: Ursaluna\n|-singleturn|p1b: Ursaluna|Protect\n|move|p1a: Zamazenta|Body Press|p2a: Calyrex\n|-damage|p2a: Calyrex|55/100\n|move|p2a: Calyrex|High Horsepower|p1b: Ursaluna\n|-activate|p1b: Ursaluna|move: Protect\n|\n|-damage|p1b: Ursaluna|58/100 brn|[from] brn\n|upkeep\n|turn|7\n|-message|juacox300 forfeited.\n|\n|win|200dollarteam\n||juacox300 is ready for game 3.\n||200dollarteam is ready for game 3.\n|uhtml|next|Next: <a href=\"/battle-gen9vgc2025regibo3-2353995861\"><strong>Game 3 of 3</strong></a>\n|l|\u2606juacox300\n|player|p2|\n|l|\u2606200dollarteam\n|player|p1|\n", "uploadtime": 1746026271, "views": 9, "formatid": "gen9vgc2025regibo3", "rating": null, "private": 0, "password": null}