{"id": "gen9vgc2025regibo3-2354722826", "format": "[Gen 9] VGC 2025 Reg I (Bo3)", "players": ["Avigdor", "Cjpremo"], "log": "|j|\u2606Avigdor\n|j|\u2606Cjpremo\n|html|<table width=\"100%\"><tr><td align=\"left\">Avigdor</td><td align=\"right\">Cjpremo</tr><tr><td align=\"left\"><i class=\"fa fa-circle\"></i> <i class=\"fa fa-circle-o\"></i> </td><td align=\"right\"><i class=\"fa fa-circle-o\"></i> <i class=\"fa fa-circle-o\"></i> </tr></table>\n|uhtml|bestof|<h2><strong>Game 2</strong> of <a href=\"/game-bestof3-gen9vgc2025regibo3-2354719897\">a best-of-3</a></h2>\n|t:|1746114021\n|gametype|doubles\n|player|p1|Avigdor|265|1148\n|player|p2|Cjpremo|lance|1187\n|teamsize|p1|6\n|teamsize|p2|6\n|gen|9\n|tier|[Gen 9] VGC 2025 Reg I (Bo3)\n|rated|\n|rule|Species Clause: Limit one of each Pok\u00e9mon\n|rule|Item Clause: Limit 1 of each item\n|clearpoke\n|poke|p1|Archaludon, L50, M|\n|poke|p1|Miraidon, L50|\n|poke|p1|Kyogre, L50|\n|poke|p1|Tornadus, L50, M|\n|poke|p1|Chien-Pao, L50|\n|poke|p1|Ogerpon-Wellspring, L50, F|\n|poke|p2|Calyrex-Ice, L50|\n|poke|p2|Iron Hands, L50|\n|poke|p2|Volcarona, L50, F|\n|poke|p2|Miraidon, L50|\n|poke|p2|Grimmsnarl, L50, M|\n|poke|p2|Ditto, L50|\n|teampreview|4\n|showteam|p1|Archaludon||AssaultVest|Stamina|ElectroShot,DragonPulse,BodyPress,FlashCannon|||M|||50|,,,,,Fairy]Miraidon||ChoiceSpecs|HadronEngine|ElectroDrift,VoltSwitch,DazzlingGleam,DracoMeteor||||||50|,,,,,Fairy]Kyogre||ChoiceScarf|Drizzle|WaterSpout,OriginPulse,IceBeam,Thunder||||||50|,,,,,Grass]Tornadus||CovertCloak|Prankster|Taunt,Tailwind,BleakwindStorm,RainDance|||M|||50|,,,,,Dark]Chien-Pao||FocusSash|SwordofRuin|IcicleCrash,SacredSword,SuckerPunch,Protect||||||50|,,,,,Ghost]Ogerpon-Wellspring||WellspringMask|WaterAbsorb|FollowMe,IvyCudgel,WoodHammer,SpikyShield|||F|||50|,,,,,Water\n|showteam|p2|Calyrex-Ice||ClearAmulet|AsOneGlastrier|GlacialLance,HighHorsepower,Protect,TrickRoom||||||50|,,,,,Fire]Iron Hands||AssaultVest|QuarkDrive|DrainPunch,WildCharge,LowKick,FakeOut||||||50|,,,,,Water]Volcarona||Leftovers|FlameBody|FieryDance,QuiverDance,GigaDrain,Protect|||F|||50|,,,,,Water]Miraidon||ChoiceSpecs|HadronEngine|ElectroDrift,DracoMeteor,DazzlingGleam,VoltSwitch||||||50|,,,,,Fairy]Grimmsnarl||LightClay|Prankster|FoulPlay,ThunderWave,LightScreen,Reflect|||M|||50|,,,,,Ghost]Ditto||FocusSash|Imposter|Transform||||||50|,,,,,Normal\n|inactive|Battle timer is ON: inactive players will automatically lose when time's up. (requested by Avigdor)\n|inactive|Avigdor has 60 seconds left.\n|inactive|Cjpremo has 60 seconds left.\n|\n|t:|1746114086\n|start\n|switch|p1a: Miraidon|Miraidon, L50|100/100\n|switch|p1b: Tornadus|Tornadus, L50, M|100/100\n|switch|p2a: Grimmsnarl|Grimmsnarl, L50, M|100/100\n|switch|p2b: Iron Hands|Iron Hands, L50|100/100\n|-fieldstart|move: Electric Terrain|[from] ability: Hadron Engine|[of] p1a: Miraidon\n|-activate|p2b: Iron Hands|ability: Quark Drive\n|-start|p2b: Iron Hands|quarkdriveatk\n|turn|1\n|inactive|Avigdor has 30 seconds left.\n|inactive|Avigdor has 20 seconds left.\n|inactive|Avigdor has 15 seconds left.\n|\n|t:|1746114128\n|move|p2b: Iron Hands|Fake Out|p1a: Miraidon\n|-damage|p1a: Miraidon|82/100\n|move|p2a: Grimmsnarl|Light Screen|p2a: Grimmsnarl\n|-sidestart|p2: Cjpremo|move: Light Screen\n|cant|p1a: Miraidon|flinch\n|move|p1b: Tornadus|Bleakwind Storm|p2b: Iron Hands|[spread] p2a,p2b\n|-damage|p2a: Grimmsnarl|78/100\n|-damage|p2b: Iron Hands|89/100\n|-unboost|p2a: Grimmsnarl|spe|1\n|\n|upkeep\n|turn|2\n|inactive|Avigdor has 30 seconds left.\n|inactive|Cjpremo has 30 seconds left.\n|inactive|Avigdor has 20 seconds left.\n|\n|t:|1746114167\n|switch|p2a: Miraidon|Miraidon, L50|100/100\n|-activate|p2a: Miraidon|ability: Hadron Engine\n|move|p1a: Miraidon|Dazzling Gleam|p2b: Iron Hands|[spread] p2a,p2b\n|-supereffective|p2a: Miraidon\n|-supereffective|p2b: Iron Hands\n|-damage|p2a: Miraidon|43/100\n|-damage|p2b: Iron Hands|57/100\n|move|p1b: Tornadus|Bleakwind Storm|p2b: Iron Hands|[spread] p2a\n|-miss|p1b: Tornadus|p2b: Iron Hands\n|-resisted|p2a: Miraidon\n|-damage|p2a: Miraidon|33/100\n|move|p2b: Iron Hands|Low Kick|p1a: Miraidon\n|-crit|p1a: Miraidon\n|-damage|p1a: Miraidon|0 fnt\n|faint|p1a: Miraidon\n|\n|upkeep\n|\n|t:|1746114188\n|switch|p1a: Kyogre|Kyogre, L50|100/100\n|-weather|RainDance|[from] ability: Drizzle|[of] p1a: Kyogre\n|turn|3\n|inactive|Cjpremo has 30 seconds left.\n|inactive|Cjpremo has 20 seconds left.\n|inactive|Cjpremo has 15 seconds left.\n|\n|t:|1746114228\n|switch|p2a: Grimmsnarl|Grimmsnarl, L50, M|78/100\n|-terastallize|p1a: Kyogre|Grass\n|move|p1a: Kyogre|Water Spout|p2b: Iron Hands|[spread] p2a,p2b\n|-damage|p2a: Grimmsnarl|14/100\n|-damage|p2b: Iron Hands|26/100\n|move|p1b: Tornadus|Bleakwind Storm|p2b: Iron Hands|[spread] p2a,p2b\n|-damage|p2a: Grimmsnarl|0 fnt\n|-damage|p2b: Iron Hands|14/100\n|faint|p2a: Grimmsnarl\n|move|p2b: Iron Hands|Low Kick|p1a: Kyogre\n|-damage|p1a: Kyogre|14/100\n|\n|-weather|RainDance|[upkeep]\n|upkeep\n|\n|t:|1746114248\n|switch|p2a: Miraidon|Miraidon, L50|33/100\n|-activate|p2a: Miraidon|ability: Hadron Engine\n|turn|4\n|\n|t:|1746114266\n|switch|p1a: Archaludon|Archaludon, L50, M|100/100\n|move|p1b: Tornadus|Tailwind|p1b: Tornadus\n|-sidestart|p1: Avigdor|move: Tailwind\n|move|p2a: Miraidon|Electro Drift|p1b: Tornadus\n|-supereffective|p1b: Tornadus\n|-damage|p1b: Tornadus|0 fnt\n|faint|p1b: Tornadus\n|move|p2b: Iron Hands|Drain Punch|p1a: Archaludon\n|-supereffective|p1a: Archaludon\n|-damage|p1a: Archaludon|15/100\n|-heal|p2b: Iron Hands|46/100|[from] drain|[of] p1a: Archaludon\n|-ability|p1a: Archaludon|Stamina|boost\n|-boost|p1a: Archaludon|def|1\n|\n|-weather|RainDance|[upkeep]\n|upkeep\n|\n|t:|1746114276\n|switch|p1b: Kyogre|Kyogre, L50, tera:Grass|14/100\n|turn|5\n|\n|t:|1746114300\n|move|p1b: Kyogre|Ice Beam|p2a: Miraidon\n|-supereffective|p2a: Miraidon\n|-damage|p2a: Miraidon|0 fnt\n|faint|p2a: Miraidon\n|move|p1a: Archaludon|Body Press|p2b: Iron Hands\n|-damage|p2b: Iron Hands|17/100\n|move|p2b: Iron Hands|Drain Punch|p1a: Archaludon\n|-supereffective|p1a: Archaludon\n|-damage|p1a: Archaludon|0 fnt\n|-heal|p2b: Iron Hands|22/100|[from] drain|[of] p1a: Archaludon\n|faint|p1a: Archaludon\n|\n|-weather|RainDance|[upkeep]\n|-fieldend|move: Electric Terrain\n|-end|p2b: Iron Hands|Quark Drive\n|upkeep\n|\n|t:|1746114310\n|switch|p2a: Ditto|Ditto, L50|100/100\n|-transform|p2a: Ditto|p1b: Kyogre|[from] ability: Imposter\n|turn|6\n|\n|t:|1746114327\n|-terastallize|p2a: Ditto|Normal\n|move|p1b: Kyogre|Ice Beam|p2b: Iron Hands\n|-damage|p2b: Iron Hands|10/100\n|move|p2a: Ditto|Ice Beam|p1b: Kyogre\n|-supereffective|p1b: Kyogre\n|-damage|p1b: Kyogre|0 fnt\n|faint|p1b: Kyogre\n|\n|win|Cjpremo\n||Avigdor is ready for game 3.\n|inactive|Cjpremo has 30 seconds to confirm battle start!\n||Cjpremo is ready for game 3.\n|uhtml|next|Next: <a href=\"/battle-gen9vgc2025regibo3-2354726430\"><strong>Game 3 of 3</strong></a>\n", "uploadtime": 1746114509, "views": 22, "formatid": "gen9vgc2025regibo3", "rating": null, "private": 0, "password": null}