{"id": "gen9vgc2025regibo3-2353525212", "format": "[Gen 9] VGC 2025 Reg I (Bo3)", "players": ["goldentrubbish13", "HardTRIsWashed"], "log": "|j|\u2606goldentrubbish13\n|j|\u2606HardTRIsWashed\n|html|<table width=\"100%\"><tr><td align=\"left\">goldentrubbish13</td><td align=\"right\">HardTRIsWashed</tr><tr><td align=\"left\"><i class=\"fa fa-circle-o\"></i> <i class=\"fa fa-circle-o\"></i> </td><td align=\"right\"><i class=\"fa fa-circle-o\"></i> <i class=\"fa fa-circle-o\"></i> </tr></table>\n|uhtml|bestof|<h2><strong>Game 1</strong> of <a href=\"/game-bestof3-gen9vgc2025regibo3-2353525211\">a best-of-3</a></h2>\n|t:|1745964457\n|gametype|doubles\n|player|p1|goldentrubbish13|266|1086\n|player|p2|HardTRIsWashed|preschooler|1169\n|teamsize|p1|6\n|teamsize|p2|6\n|gen|9\n|tier|[Gen 9] VGC 2025 Reg I (Bo3)\n|rated|\n|rule|Species Clause: Limit one of each Pok\u00e9mon\n|rule|Item Clause: Limit 1 of each item\n|clearpoke\n|poke|p1|Calyrex-Shadow, L50|\n|poke|p1|Koraidon, L50|\n|poke|p1|Whimsicott, L50, M|\n|poke|p1|Ogerpon-Hearthflame, L50, F|\n|poke|p1|Incineroar, L50, M|\n|poke|p1|Iron Hands, L50|\n|poke|p2|Calyrex-Shadow, L50|\n|poke|p2|Terapagos, L50, M|\n|poke|p2|Incineroar, L50, F|\n|poke|p2|Rillaboom, L50, F|\n|poke|p2|Amoonguss, L50, F|\n|poke|p2|Urshifu-*, L50, F|\n|teampreview|4\n|showteam|p1|Calyrex-Shadow||FocusSash|AsOneSpectrier|AstralBarrage,Psychic,NastyPlot,Protect||||||50|,,,,,Ghost]Koraidon||LifeOrb|OrichalcumPulse|FlareBlitz,CloseCombat,FlameCharge,Protect||||||50|,,,,,Fire]Whimsicott||CovertCloak|Prankster|Moonblast,Tailwind,Encore,HelpingHand|||M|||50|,,,,,Dark]Ogerpon-Hearthflame||HearthflameMask|MoldBreaker|IvyCudgel,WoodHammer,FollowMe,SpikyShield|||F|||50|,,,,,Fire]Incineroar||RockyHelmet|Intimidate|FlareBlitz,Taunt,PartingShot,FakeOut|||M|||50|,,,,,Grass]Iron Hands||AssaultVest|QuarkDrive|WildCharge,DrainPunch,LowKick,FakeOut||||||50|,,,,,Water\n|showteam|p2|Calyrex-Shadow||FocusSash|AsOneSpectrier|AstralBarrage,WillOWisp,Disable,Protect||||||50|,,,,,Ghost]Terapagos||Leftovers|TeraShift|TeraStarstorm,EarthPower,CalmMind,Protect|||M|||50|,,,,,Stellar]Incineroar||SafetyGoggles|Intimidate|WillOWisp,KnockOff,FakeOut,PartingShot|||F|||50|,,,,,Bug]Rillaboom||AssaultVest|GrassySurge|FakeOut,WoodHammer,Uturn,GrassyGlide|||F|||50|,,,,,Grass]Amoonguss||RockyHelmet|Regenerator|Protect,Spore,RagePowder,SludgeBomb|||F|||50|,,,,,Water]Urshifu-Rapid-Strike||ChoiceScarf|UnseenFist|RockTomb,SurgingStrikes,Uturn,CloseCombat|||F|||50|,,,,,Water\n|inactive|Battle timer is ON: inactive players will automatically lose when time's up. (requested by goldentrubbish13)\n|\n|t:|1745964547\n|start\n|switch|p1a: Whimsicott|Whimsicott, L50, M|100/100\n|switch|p1b: Iron Hands|Iron Hands, L50|100/100\n|switch|p2a: Calyrex|Calyrex-Shadow, L50|100/100\n|switch|p2b: Incineroar|Incineroar, L50, F|100/100\n|-ability|p2a: Calyrex|As One\n|-ability|p2a: Calyrex|Unnerve\n|-ability|p2b: Incineroar|Intimidate|boost\n|-unboost|p1a: Whimsicott|atk|1\n|-unboost|p1b: Iron Hands|atk|1\n|turn|1\n|inactive|goldentrubbish13 has 30 seconds left.\n|inactive|HardTRIsWashed has 30 seconds left.\n|inactive|HardTRIsWashed has 20 seconds left.\n|\n|t:|1745964586\n|move|p1a: Whimsicott|Tailwind|p1a: Whimsicott\n|-sidestart|p1: goldentrubbish13|move: Tailwind\n|move|p2a: Calyrex|Astral Barrage|p1b: Iron Hands|[spread] p1a,p1b\n|-damage|p1a: Whimsicott|30/100\n|-damage|p1b: Iron Hands|72/100\n|move|p1b: Iron Hands|Wild Charge|p2a: Calyrex\n|-damage|p2a: Calyrex|60/100\n|-damage|p1b: Iron Hands|64/100|[from] Recoil\n|move|p2b: Incineroar|Will-O-Wisp|p1b: Iron Hands|[miss]\n|-miss|p2b: Incineroar|p1b: Iron Hands\n|\n|upkeep\n|turn|2\n|inactive|HardTRIsWashed has 30 seconds left.\n|inactive|HardTRIsWashed has 20 seconds left.\n|\n|t:|1745964622\n|move|p1a: Whimsicott|Moonblast|p2a: Calyrex\n|-damage|p2a: Calyrex|35/100\n|-unboost|p2a: Calyrex|spa|1\n|move|p2a: Calyrex|Astral Barrage|p1a: Whimsicott|[spread] p1a,p1b\n|-damage|p1a: Whimsicott|0 fnt\n|-damage|p1b: Iron Hands|48/100\n|faint|p1a: Whimsicott\n|-ability|p2a: Calyrex|Grim Neigh|boost\n|-boost|p2a: Calyrex|spa|1\n|move|p1b: Iron Hands|Drain Punch|p2b: Incineroar\n|-supereffective|p2b: Incineroar\n|-crit|p2b: Incineroar\n|-damage|p2b: Incineroar|0 fnt\n|-heal|p1b: Iron Hands|91/100|[from] drain|[of] p2b: Incineroar\n|faint|p2b: Incineroar\n|\n|upkeep\n|\n|t:|1745964641\n|switch|p1a: Koraidon|Koraidon, L50|100/100\n|switch|p2b: Terapagos|Terapagos, L50, M|100/100\n|-activate|p2b: Terapagos|ability: Tera Shift\n|detailschange|p2b: Terapagos|Terapagos-Terastal, L50, M\n|-heal|p2b: Terapagos|100/100|[silent]\n|-weather|SunnyDay|[from] ability: Orichalcum Pulse|[of] p1a: Koraidon\n|-activate|p1a: Koraidon|Orichalcum Pulse|[source]\n|turn|3\n|inactive|goldentrubbish13 has 30 seconds left.\n|inactive|HardTRIsWashed has 30 seconds left.\n|inactive|HardTRIsWashed has 20 seconds left.\n|inactive|HardTRIsWashed has 15 seconds left.\n|\n|t:|1745964685\n|move|p2a: Calyrex|Protect|p2a: Calyrex\n|-singleturn|p2a: Calyrex|Protect\n|move|p1a: Koraidon|Flare Blitz|p2a: Calyrex\n|-activate|p2a: Calyrex|move: Protect\n|move|p1b: Iron Hands|Drain Punch|p2b: Terapagos\n|-activate|p2b: Terapagos|ability: Tera Shell\n|-resisted|p2b: Terapagos\n|-damage|p2b: Terapagos|91/100\n|-heal|p1b: Iron Hands|95/100|[from] drain|[of] p2b: Terapagos\n|move|p2b: Terapagos|Calm Mind|p2b: Terapagos\n|-boost|p2b: Terapagos|spa|1\n|-boost|p2b: Terapagos|spd|1\n|\n|-weather|SunnyDay|[upkeep]\n|-heal|p2b: Terapagos|97/100|[from] item: Leftovers\n|upkeep\n|turn|4\n|inactive|goldentrubbish13 has 30 seconds left.\n|inactive|HardTRIsWashed has 30 seconds left.\n|inactive|HardTRIsWashed has 20 seconds left.\n|inactive|goldentrubbish13 has 20 seconds left.\n|\n|t:|1745964728\n|switch|p2a: Amoonguss|Amoonguss, L50, F|100/100\n|move|p2b: Terapagos|Protect|p2b: Terapagos\n|-singleturn|p2b: Terapagos|Protect\n|move|p1a: Koraidon|Close Combat|p2b: Terapagos\n|-activate|p2b: Terapagos|move: Protect\n|move|p1b: Iron Hands|Wild Charge|p2a: Amoonguss\n|-resisted|p2a: Amoonguss\n|-damage|p2a: Amoonguss|87/100\n|-damage|p1b: Iron Hands|78/100|[from] item: Rocky Helmet|[of] p2a: Amoonguss\n|-damage|p1b: Iron Hands|75/100|[from] Recoil\n|\n|-weather|SunnyDay|[upkeep]\n|-heal|p2b: Terapagos|100/100|[from] item: Leftovers\n|-sideend|p1: goldentrubbish13|move: Tailwind\n|upkeep\n|turn|5\n|inactive|HardTRIsWashed has 30 seconds left.\n|inactive|HardTRIsWashed has 20 seconds left.\n|inactive|HardTRIsWashed has 15 seconds left.\n|inactive|HardTRIsWashed has 10 seconds left.\n|inactive|HardTRIsWashed has 5 seconds left.\n|\n|t:|1745964783\n|move|p2a: Amoonguss|Protect|p2a: Amoonguss\n|-singleturn|p2a: Amoonguss|Protect\n|move|p1a: Koraidon|Flare Blitz|p2a: Amoonguss\n|-activate|p2a: Amoonguss|move: Protect\n|move|p2b: Terapagos|Tera Starstorm|p1a: Koraidon\n|-damage|p1a: Koraidon|30/100\n|move|p1b: Iron Hands|Wild Charge|p2a: Amoonguss\n|-activate|p2a: Amoonguss|move: Protect\n|\n|-weather|SunnyDay|[upkeep]\n|upkeep\n|turn|6\n|inactive|HardTRIsWashed has 30 seconds left.\n|inactive|HardTRIsWashed has 20 seconds left.\n|inactive|HardTRIsWashed has 15 seconds left.\n|inactive|goldentrubbish13 has 30 seconds left.\n|inactive|HardTRIsWashed has 10 seconds left.\n|inactive|goldentrubbish13 has 20 seconds left.\n|\n|t:|1745964839\n|move|p2a: Amoonguss|Rage Powder|p2a: Amoonguss\n|-singleturn|p2a: Amoonguss|move: Rage Powder\n|move|p1a: Koraidon|Flare Blitz|p2a: Amoonguss\n|-supereffective|p2a: Amoonguss\n|-damage|p2a: Amoonguss|0 fnt\n|-damage|p1a: Koraidon|14/100|[from] item: Rocky Helmet|[of] p2a: Amoonguss\n|faint|p2a: Amoonguss\n|-damage|p1a: Koraidon|0 fnt|[from] Recoil\n|faint|p1a: Koraidon\n|move|p2b: Terapagos|Tera Starstorm|p1b: Iron Hands\n|-damage|p1b: Iron Hands|39/100\n|move|p1b: Iron Hands|Drain Punch|p2b: Terapagos\n|-activate|p2b: Terapagos|ability: Tera Shell\n|-resisted|p2b: Terapagos\n|-damage|p2b: Terapagos|90/100\n|-heal|p1b: Iron Hands|43/100|[from] drain|[of] p2b: Terapagos\n|\n|-weather|SunnyDay|[upkeep]\n|-heal|p2b: Terapagos|96/100|[from] item: Leftovers\n|upkeep\n|\n|t:|1745964856\n|switch|p1a: Calyrex|Calyrex-Shadow, L50|100/100\n|switch|p2a: Calyrex|Calyrex-Shadow, L50|35/100\n|-ability|p2a: Calyrex|As One\n|-ability|p2a: Calyrex|Unnerve\n|-ability|p1a: Calyrex|As One\n|-ability|p1a: Calyrex|Unnerve\n|turn|7\n|inactive|HardTRIsWashed has 30 seconds left.\n|inactive|HardTRIsWashed has 20 seconds left.\n|\n|t:|1745964893\n|-terastallize|p2b: Terapagos|Stellar\n|detailschange|p2b: Terapagos|Terapagos-Stellar, L50, M, tera:Stellar\n|-heal|p2b: Terapagos|97/100|[silent]\n|-ability|p2b: Terapagos|Teraform Zero\n|-weather|none\n|move|p1a: Calyrex|Astral Barrage|p2a: Calyrex|[spread] p2a\n|-immune|p2b: Terapagos\n|-supereffective|p2a: Calyrex\n|-damage|p2a: Calyrex|0 fnt\n|faint|p2a: Calyrex\n|-ability|p1a: Calyrex|Grim Neigh|boost\n|-boost|p1a: Calyrex|spa|1\n|move|p2b: Terapagos|Earth Power|p1b: Iron Hands\n|-supereffective|p1b: Iron Hands\n|-damage|p1b: Iron Hands|0 fnt\n|faint|p1b: Iron Hands\n|-end|p1b: Iron Hands|Quark Drive|[silent]\n|\n|-heal|p2b: Terapagos|100/100|[from] item: Leftovers\n|upkeep\n|turn|8\n|inactive|goldentrubbish13 has 30 seconds left.\n|\n|t:|1745964921\n|move|p1a: Calyrex|Nasty Plot|p1a: Calyrex\n|-boost|p1a: Calyrex|spa|2\n|move|p2b: Terapagos|Tera Starstorm|p1a: Calyrex\n|-damage|p1a: Calyrex|25/100\n|\n|upkeep\n|turn|9\n|\n|t:|1745964932\n|move|p1a: Calyrex|Psychic|p2b: Terapagos\n|-damage|p2b: Terapagos|44/100\n|move|p2b: Terapagos|Tera Starstorm|p1a: Calyrex\n|-damage|p1a: Calyrex|0 fnt\n|faint|p1a: Calyrex\n|\n|win|HardTRIsWashed\n||HardTRIsWashed is ready for game 2.\n||goldentrubbish13 is ready for game 2.\n|uhtml|next|Next: <a href=\"/battle-gen9vgc2025regibo3-2353529644\"><strong>Game 2 of 3</strong></a>\n", "uploadtime": 1745965319, "views": 8, "formatid": "gen9vgc2025regibo3", "rating": null, "private": 0, "password": null}