{"id": "gen9vgc2025regibo3-2354631758", "format": "[Gen 9] VGC 2025 Reg I (Bo3)", "players": ["DrXJ13", "MaeveOG"], "log": "|j|\u2606DrXJ13\n|j|\u2606MaeveOG\n|html|<table width=\"100%\"><tr><td align=\"left\">DrXJ13</td><td align=\"right\">MaeveOG</tr><tr><td align=\"left\"><i class=\"fa fa-circle-o\"></i> <i class=\"fa fa-circle-o\"></i> </td><td align=\"right\"><i class=\"fa fa-circle-o\"></i> <i class=\"fa fa-circle-o\"></i> </tr></table>\n|uhtml|bestof|<h2><strong>Game 1</strong> of <a href=\"/game-bestof3-gen9vgc2025regibo3-2354631757\">a best-of-3</a></h2>\n|t:|1746105102\n|gametype|doubles\n|player|p1|DrXJ13|clair|1140\n|player|p2|MaeveOG|cynthia|1185\n|teamsize|p1|6\n|teamsize|p2|6\n|gen|9\n|tier|[Gen 9] VGC 2025 Reg I (Bo3)\n|rated|\n|rule|Species Clause: Limit one of each Pok\u00e9mon\n|rule|Item Clause: Limit 1 of each item\n|clearpoke\n|poke|p1|Calyrex-Shadow, L50|\n|poke|p1|Terapagos, L50, M|\n|poke|p1|Tornadus, L50, M|\n|poke|p1|Urshifu-*, L50, F|\n|poke|p1|Incineroar, L50, F|\n|poke|p1|Ogerpon-Cornerstone, L50, F|\n|poke|p2|Calyrex-Shadow, L50|\n|poke|p2|Koraidon, L50|\n|poke|p2|Rillaboom, L50, M|\n|poke|p2|Incineroar, L50, M|\n|poke|p2|Urshifu-*, L50, F|\n|poke|p2|Tornadus, L50, M|\n|teampreview|4\n|showteam|p1|Calyrex-Shadow||LifeOrb|AsOneSpectrier|AstralBarrage,DrainingKiss,NastyPlot,Protect||||||50|,,,,,Fairy]Terapagos||ChoiceSpecs|TeraShift|TeraStarstorm,HyperBeam,EarthPower,IceBeam|||M|||50|,,,,,Stellar]Tornadus||CovertCloak|Prankster|Tailwind,BleakwindStorm,Taunt,RainDance|||M|||50|,,,,,Dark]Urshifu-Rapid-Strike||MysticWater|UnseenFist|SurgingStrikes,CloseCombat,AquaJet,Detect|||F|||50|,,,,,Grass]Incineroar||SafetyGoggles|Intimidate|FakeOut,FlareBlitz,KnockOff,PartingShot|||F|||50|,,,,,Bug]Ogerpon-Cornerstone||CornerstoneMask|Sturdy|IvyCudgel,WoodHammer,FollowMe,SpikyShield|||F|||50|,,,,,Rock\n|showteam|p2|Calyrex-Shadow||LifeOrb|AsOneSpectrier|AstralBarrage,DrainingKiss,NastyPlot,Protect||||||50|,,,,,Fairy]Koraidon||ClearAmulet|OrichalcumPulse|CollisionCourse,FlameCharge,FlareBlitz,Protect||||||50|,,,,,Fire]Rillaboom||AssaultVest|GrassySurge|WoodHammer,GrassyGlide,FakeOut,Uturn|||M|||50|,,,,,Fire]Incineroar||SafetyGoggles|Intimidate|PartingShot,WillOWisp,KnockOff,FakeOut|||M|||50|,,,,,Ghost]Urshifu||FocusSash|UnseenFist|CloseCombat,WickedBlow,SuckerPunch,Detect|||F|||50|,,,,,Poison]Tornadus||CovertCloak|Prankster|BleakwindStorm,Tailwind,Protect,Taunt|||M|||50|,,,,,Dark\n|inactive|Battle timer is ON: inactive players will automatically lose when time's up. (requested by DrXJ13)\n|inactive|MaeveOG has 60 seconds left.\n|j| Nocturne1023\n|inactive|MaeveOG has 30 seconds left.\n|\n|t:|1746105165\n|start\n|switch|p1a: LuixenNoSkills|Terapagos, L50, M|100/100\n|switch|p1b: Maximiliano|Tornadus, L50, M|100/100\n|switch|p2a: Urshifu|Urshifu, L50, F|100/100\n|switch|p2b: Tornadus|Tornadus, L50, M|100/100\n|-activate|p1a: LuixenNoSkills|ability: Tera Shift\n|detailschange|p1a: LuixenNoSkills|Terapagos-Terastal, L50, M\n|-heal|p1a: LuixenNoSkills|100/100|[silent]\n|turn|1\n|\n|t:|1746105181\n|switch|p1a: Napolitana|Incineroar, L50, F|100/100\n|-ability|p1a: Napolitana|Intimidate|boost\n|-unboost|p2a: Urshifu|atk|1\n|-unboost|p2b: Tornadus|atk|1\n|move|p2b: Tornadus|Tailwind|p2b: Tornadus\n|-sidestart|p2: MaeveOG|move: Tailwind\n|move|p2a: Urshifu|Wicked Blow|p1a: Napolitana\n|-resisted|p1a: Napolitana\n|-crit|p1a: Napolitana\n|-damage|p1a: Napolitana|75/100\n|move|p1b: Maximiliano|Bleakwind Storm|p2a: Urshifu|[spread] p2b\n|-miss|p1b: Maximiliano|p2a: Urshifu\n|-damage|p2b: Tornadus|58/100\n|\n|upkeep\n|turn|2\n|\n|t:|1746105199\n|move|p2a: Urshifu|Detect|p2a: Urshifu\n|-singleturn|p2a: Urshifu|Protect\n|move|p2b: Tornadus|Taunt|p1b: Maximiliano\n|-start|p1b: Maximiliano|move: Taunt\n|move|p1b: Maximiliano|Bleakwind Storm|p2a: Urshifu|[spread] p2b\n|-activate|p2a: Urshifu|move: Protect\n|-damage|p2b: Tornadus|19/100\n|move|p1a: Napolitana|Parting Shot|p2a: Urshifu\n|-activate|p2a: Urshifu|move: Protect\n|\n|upkeep\n|turn|3\n|\n|t:|1746105220\n|switch|p1b: LuixenNoSkills|Terapagos-Terastal, L50, M|100/100\n|move|p2b: Tornadus|Bleakwind Storm|p1a: Napolitana|[spread] p1a,p1b\n|-activate|p1b: LuixenNoSkills|ability: Tera Shell\n|-resisted|p1b: LuixenNoSkills\n|-damage|p1a: Napolitana|49/100\n|-damage|p1b: LuixenNoSkills|88/100\n|-unboost|p1a: Napolitana|spe|1\n|-unboost|p1b: LuixenNoSkills|spe|1\n|move|p2a: Urshifu|Close Combat|p1a: Napolitana\n|-supereffective|p1a: Napolitana\n|-damage|p1a: Napolitana|0 fnt\n|-unboost|p2a: Urshifu|def|1\n|-unboost|p2a: Urshifu|spd|1\n|faint|p1a: Napolitana\n|\n|upkeep\n|\n|t:|1746105223\n|switch|p1a: Maximiliano|Tornadus, L50, M|100/100\n|turn|4\n|\n|t:|1746105251\n|-terastallize|p1b: LuixenNoSkills|Stellar\n|detailschange|p1b: LuixenNoSkills|Terapagos-Stellar, L50, M, tera:Stellar\n|-heal|p1b: LuixenNoSkills|91/100|[silent]\n|move|p2b: Tornadus|Taunt|p1a: Maximiliano\n|-start|p1a: Maximiliano|move: Taunt\n|cant|p1a: Maximiliano|move: Taunt|Tailwind\n|move|p2a: Urshifu|Close Combat|p1b: LuixenNoSkills\n|-supereffective|p1b: LuixenNoSkills\n|-damage|p1b: LuixenNoSkills|40/100\n|-unboost|p2a: Urshifu|def|1\n|-unboost|p2a: Urshifu|spd|1\n|move|p1b: LuixenNoSkills|Tera Starstorm|p2a: Urshifu|[spread] p2a,p2b\n|-enditem|p2a: Urshifu|Focus Sash\n|-damage|p2a: Urshifu|1/100\n|-damage|p2b: Tornadus|0 fnt\n|faint|p2b: Tornadus\n|\n|-sideend|p2: MaeveOG|move: Tailwind\n|upkeep\n|\n|t:|1746105272\n|switch|p2b: Koraidon|Koraidon, L50|100/100\n|-weather|SunnyDay|[from] ability: Orichalcum Pulse|[of] p2b: Koraidon\n|-activate|p2b: Koraidon|Orichalcum Pulse|[source]\n|turn|5\n|\n|t:|1746105290\n|-terastallize|p2b: Koraidon|Fire\n|move|p2b: Koraidon|Flare Blitz|p1a: Maximiliano\n|-damage|p1a: Maximiliano|0 fnt\n|faint|p1a: Maximiliano\n|-damage|p2b: Koraidon|66/100|[from] Recoil\n|move|p2a: Urshifu|Close Combat|p1b: LuixenNoSkills\n|-supereffective|p1b: LuixenNoSkills\n|-damage|p1b: LuixenNoSkills|0 fnt\n|-unboost|p2a: Urshifu|def|1\n|-unboost|p2a: Urshifu|spd|1\n|faint|p1b: LuixenNoSkills\n|\n|-weather|SunnyDay|[upkeep]\n|upkeep\n|\n|t:|1746105294\n|switch|p1b: Bragulat|Calyrex-Shadow, L50|100/100\n|-ability|p1b: Bragulat|As One\n|-ability|p1b: Bragulat|Unnerve\n|turn|6\n|\n|t:|1746105315\n|move|p2a: Urshifu|Sucker Punch|p1b: Bragulat\n|-supereffective|p1b: Bragulat\n|-damage|p1b: Bragulat|4/100\n|move|p1b: Bragulat|Astral Barrage|p2a: Urshifu|[spread] p2a,p2b\n|-resisted|p2a: Urshifu\n|-damage|p2a: Urshifu|0 fnt\n|-damage|p2b: Koraidon|4/100\n|faint|p2a: Urshifu\n|-ability|p1b: Bragulat|Grim Neigh|boost\n|-boost|p1b: Bragulat|spa|1\n|-damage|p1b: Bragulat|0 fnt|[from] item: Life Orb\n|faint|p1b: Bragulat\n|\n|win|MaeveOG\n|inactive|DrXJ13 has 30 seconds to confirm battle start!\n|inactive|MaeveOG has 30 seconds to confirm battle start!\n||DrXJ13 is ready for game 2.\n||MaeveOG is ready for game 2.\n|uhtml|next|Next: <a href=\"/battle-gen9vgc2025regibo3-2354633803\"><strong>Game 2 of 3</strong></a>\n", "uploadtime": 1746105521, "views": 5, "formatid": "gen9vgc2025regibo3", "rating": null, "private": 0, "password": null}