{"id": "gen9vgc2025regibo3-2354986841", "format": "[Gen 9] VGC 2025 Reg I (Bo3)", "players": ["beringvgc", "tobiasderraecher"], "log": "|j|\u2606beringvgc\n|j|\u2606tobiasderraecher\n|html|<table width=\"100%\"><tr><td align=\"left\">beringvgc</td><td align=\"right\">tobiasderraecher</tr><tr><td align=\"left\"><i class=\"fa fa-circle\"></i> <i class=\"fa fa-circle-o\"></i> </td><td align=\"right\"><i class=\"fa fa-circle-o\"></i> <i class=\"fa fa-circle-o\"></i> </tr></table>\n|uhtml|bestof|<h2><strong>Game 2</strong> of <a href=\"/game-bestof3-gen9vgc2025regibo3-2354983961\">a best-of-3</a></h2>\n|t:|1746138928\n|gametype|doubles\n|player|p1|beringvgc|1|1264\n|player|p2|tobiasderraecher|cyclist-gen4|1296\n|teamsize|p1|6\n|teamsize|p2|6\n|gen|9\n|tier|[Gen 9] VGC 2025 Reg I (Bo3)\n|rated|\n|rule|Species Clause: Limit one of each Pok\u00e9mon\n|rule|Item Clause: Limit 1 of each item\n|clearpoke\n|poke|p1|Koraidon, L50|\n|poke|p1|Brute Bonnet, L50|\n|poke|p1|Indeedee-F, L50, F|\n|poke|p1|Lunala, L50|\n|poke|p1|Whimsicott, L50, M|\n|poke|p1|Raging Bolt, L50|\n|poke|p2|Terapagos, L50, M|\n|poke|p2|Ho-Oh, L50|\n|poke|p2|Urshifu-*, L50, F|\n|poke|p2|Rillaboom, L50, M|\n|poke|p2|Toxapex, L50, F|\n|poke|p2|Flutter Mane, L50|\n|teampreview|4\n|showteam|p1|Koraidon||ClearAmulet|OrichalcumPulse|FlareBlitz,CollisionCourse,FlameCharge,Protect||||||50|,,,,,Fire]Brute Bonnet||RockyHelmet|Protosynthesis|RagePowder,SeedBomb,Spore,SuckerPunch||||||50|,,,,,Water]Indeedee-F||SafetyGoggles|PsychicSurge|FollowMe,TrickRoom,Psychic,HelpingHand|||F|||50|,,,,,Fairy]Lunala||PowerHerb|ShadowShield|MeteorBeam,MoongeistBeam,ExpandingForce,WideGuard||||||50|,,,,,Fairy]Whimsicott||CovertCloak|Prankster|Encore,SunnyDay,Moonblast,Tailwind|||M|||50|,,,,,Dark]Raging Bolt||AssaultVest|Protosynthesis|Thunderbolt,DracoMeteor,Thunderclap,Snarl||||||50|,,,,,Fairy\n|showteam|p2|Terapagos||Leftovers|TeraShift|TeraStarstorm,EarthPower,CalmMind,Protect|||M|||50|,,,,,Stellar]Ho-Oh||SitrusBerry|Regenerator|SacredFire,BraveBird,Tailwind,Protect||||||50|,,,,,Grass]Urshifu||FocusSash|UnseenFist|WickedBlow,CloseCombat,SuckerPunch,Detect|||F|||50|,,,,,Ghost]Rillaboom||AssaultVest|GrassySurge|GrassyGlide,WoodHammer,HighHorsepower,FakeOut|||M|||50|,,,,,Fire]Toxapex||MentalHerb|Regenerator|Infestation,ToxicSpikes,WideGuard,BanefulBunker|||F|||50|,,,,,Poison]Flutter Mane||BoosterEnergy|Protosynthesis|Moonblast,IcyWind,ThunderWave,Protect||||||50|,,,,,Normal\n|inactive|Battle timer is ON: inactive players will automatically lose when time's up. (requested by beringvgc)\n|\n|t:|1746138942\n|start\n|switch|p1a: Koraidon|Koraidon, L50|100/100\n|switch|p1b: Indeedee|Indeedee-F, L50, F|100/100\n|switch|p2a: Toxapex|Toxapex, L50, F|100/100\n|switch|p2b: Terapagos|Terapagos, L50, M|100/100\n|-activate|p2b: Terapagos|ability: Tera Shift\n|detailschange|p2b: Terapagos|Terapagos-Terastal, L50, M\n|-heal|p2b: Terapagos|100/100|[silent]\n|-weather|SunnyDay|[from] ability: Orichalcum Pulse|[of] p1a: Koraidon\n|-activate|p1a: Koraidon|Orichalcum Pulse|[source]\n|-fieldstart|move: Psychic Terrain|[from] ability: Psychic Surge|[of] p1b: Indeedee\n|turn|1\n|\n|t:|1746138957\n|move|p1a: Koraidon|Collision Course|p2b: Terapagos\n|-activate|p2b: Terapagos|ability: Tera Shell\n|-resisted|p2b: Terapagos\n|-damage|p2b: Terapagos|75/100\n|move|p2b: Terapagos|Calm Mind|p2b: Terapagos\n|-boost|p2b: Terapagos|spa|1\n|-boost|p2b: Terapagos|spd|1\n|move|p1b: Indeedee|Psychic|p2b: Terapagos\n|-damage|p2b: Terapagos|55/100\n|move|p2a: Toxapex|Toxic Spikes|p1a: Koraidon\n|-sidestart|p1: beringvgc|move: Toxic Spikes\n|\n|-weather|SunnyDay|[upkeep]\n|-heal|p2b: Terapagos|61/100|[from] item: Leftovers\n|upkeep\n|turn|2\n|\n|t:|1746138976\n|move|p1b: Indeedee|Helping Hand|p1a: Koraidon\n|-singleturn|p1a: Koraidon|Helping Hand|[of] p1b: Indeedee\n|move|p2b: Terapagos|Protect|p2b: Terapagos\n|-singleturn|p2b: Terapagos|Protect\n|move|p1a: Koraidon|Collision Course|p2b: Terapagos\n|-activate|p2b: Terapagos|move: Protect\n|move|p2a: Toxapex|Infestation|p1b: Indeedee\n|-supereffective|p1b: Indeedee\n|-damage|p1b: Indeedee|94/100\n|-activate|p1b: Indeedee|move: Infestation|[of] p2a: Toxapex\n|\n|-weather|SunnyDay|[upkeep]\n|-heal|p2b: Terapagos|68/100|[from] item: Leftovers\n|-damage|p1b: Indeedee|81/100|[from] move: Infestation|[partiallytrapped]\n|upkeep\n|turn|3\n|\n|t:|1746138994\n|switch|p2b: Ho-Oh|Ho-Oh, L50|100/100\n|move|p1b: Indeedee|Helping Hand|p1a: Koraidon\n|-singleturn|p1a: Koraidon|Helping Hand|[of] p1b: Indeedee\n|move|p2a: Toxapex|Baneful Bunker|p2a: Toxapex\n|-singleturn|p2a: Toxapex|move: Protect\n|move|p1a: Koraidon|Collision Course|p2b: Ho-Oh\n|-resisted|p2b: Ho-Oh\n|-damage|p2b: Ho-Oh|54/100\n|\n|-weather|SunnyDay|[upkeep]\n|-damage|p1b: Indeedee|69/100|[from] move: Infestation|[partiallytrapped]\n|upkeep\n|turn|4\n|\n|t:|1746139017\n|-terastallize|p1a: Koraidon|Fire\n|move|p1a: Koraidon|Flare Blitz|p2b: Ho-Oh\n|-resisted|p2b: Ho-Oh\n|-damage|p2b: Ho-Oh|5/100\n|-enditem|p2b: Ho-Oh|Sitrus Berry|[eat]\n|-heal|p2b: Ho-Oh|30/100|[from] item: Sitrus Berry\n|-damage|p1a: Koraidon|81/100|[from] Recoil\n|move|p2b: Ho-Oh|Brave Bird|p1a: Koraidon\n|-damage|p1a: Koraidon|27/100\n|-damage|p2b: Ho-Oh|16/100|[from] Recoil\n|move|p1b: Indeedee|Psychic|p2a: Toxapex\n|-supereffective|p2a: Toxapex\n|-damage|p2a: Toxapex|34/100\n|-unboost|p2a: Toxapex|spd|1\n|move|p2a: Toxapex|Infestation|p1a: Koraidon\n|-resisted|p1a: Koraidon\n|-damage|p1a: Koraidon|25/100\n|-activate|p1a: Koraidon|move: Infestation|[of] p2a: Toxapex\n|\n|-weather|SunnyDay|[upkeep]\n|-damage|p1a: Koraidon|13/100|[from] move: Infestation|[partiallytrapped]\n|-damage|p1b: Indeedee|56/100|[from] move: Infestation|[partiallytrapped]\n|upkeep\n|turn|5\n|inactive|beringvgc has 30 seconds left.\n|\n|t:|1746139045\n|move|p2b: Ho-Oh|Protect|p2b: Ho-Oh\n|-singleturn|p2b: Ho-Oh|Protect\n|move|p2a: Toxapex|Baneful Bunker|p2a: Toxapex\n|-singleturn|p2a: Toxapex|move: Protect\n|move|p1a: Koraidon|Collision Course|p2b: Ho-Oh\n|-activate|p2b: Ho-Oh|move: Protect\n|move|p1b: Indeedee|Psychic|p2a: Toxapex\n|-activate|p2a: Toxapex|move: Protect\n|\n|-weather|none\n|-damage|p1a: Koraidon|0 fnt|[from] move: Infestation|[partiallytrapped]\n|faint|p1a: Koraidon\n|-damage|p1b: Indeedee|44/100|[from] move: Infestation|[partiallytrapped]\n|-fieldend|move: Psychic Terrain\n|upkeep\n|\n|t:|1746139061\n|switch|p1a: Raging Bolt|Raging Bolt, L50|100/100\n|-status|p1a: Raging Bolt|psn\n|turn|6\n|\n|t:|1746139077\n|switch|p2a: Urshifu|Urshifu, L50, F|100/100\n|move|p1a: Raging Bolt|Thunderclap||[still]\n|-fail|p1a: Raging Bolt\n|move|p2b: Ho-Oh|Tailwind|p2b: Ho-Oh\n|-sidestart|p2: tobiasderraecher|move: Tailwind\n|move|p1b: Indeedee|Psychic|p2a: Urshifu\n|-immune|p2a: Urshifu\n|\n|-damage|p1a: Raging Bolt|88/100 psn|[from] psn\n|-end|p1b: Indeedee|Infestation|[partiallytrapped]|[silent]\n|upkeep\n|turn|7\n|\n|t:|1746139095\n|switch|p2b: Toxapex|Toxapex, L50, F|67/100\n|move|p1b: Indeedee|Helping Hand|p1a: Raging Bolt\n|-singleturn|p1a: Raging Bolt|Helping Hand|[of] p1b: Indeedee\n|move|p1a: Raging Bolt|Thunderclap|p2a: Urshifu\n|-damage|p2a: Urshifu|11/100\n|move|p2a: Urshifu|Wicked Blow|p1b: Indeedee\n|-supereffective|p1b: Indeedee\n|-crit|p1b: Indeedee\n|-damage|p1b: Indeedee|0 fnt\n|faint|p1b: Indeedee\n|\n|-damage|p1a: Raging Bolt|76/100 psn|[from] psn\n|upkeep\n|\n|t:|1746139105\n|switch|p1b: Lunala|Lunala, L50|100/100\n|-status|p1b: Lunala|psn\n|turn|8\n|\n|t:|1746139120\n|move|p2a: Urshifu|Detect|p2a: Urshifu\n|-singleturn|p2a: Urshifu|Protect\n|move|p2b: Toxapex|Baneful Bunker|p2b: Toxapex\n|-singleturn|p2b: Toxapex|move: Protect\n|move|p1b: Lunala|Wide Guard|p1b: Lunala\n|-singleturn|p1b: Lunala|Wide Guard\n|move|p1a: Raging Bolt|Thunderbolt|p2a: Urshifu\n|-activate|p2a: Urshifu|move: Protect\n|\n|-damage|p1b: Lunala|88/100 psn|[from] psn\n|-damage|p1a: Raging Bolt|64/100 psn|[from] psn\n|upkeep\n|turn|9\n|\n|t:|1746139142\n|switch|p2a: Ho-Oh|Ho-Oh, L50|49/100\n|move|p1a: Raging Bolt|Thunderclap||[still]\n|-fail|p1a: Raging Bolt\n|move|p1b: Lunala|Expanding Force|p2b: Toxapex\n|-supereffective|p2b: Toxapex\n|-damage|p2b: Toxapex|0 fnt\n|faint|p2b: Toxapex\n|\n|-damage|p1b: Lunala|76/100 psn|[from] psn\n|-damage|p1a: Raging Bolt|52/100 psn|[from] psn\n|-sideend|p2: tobiasderraecher|move: Tailwind\n|upkeep\n|\n|t:|1746139153\n|switch|p2b: Terapagos|Terapagos-Terastal, L50, M|68/100\n|turn|10\n|\n|t:|1746139166\n|move|p1b: Lunala|Meteor Beam||[still]\n|-prepare|p1b: Lunala|Meteor Beam\n|-boost|p1b: Lunala|spa|1\n|-enditem|p1b: Lunala|Power Herb\n|-anim|p1b: Lunala|Meteor Beam|p2b: Terapagos\n|-damage|p2b: Terapagos|6/100\n|move|p2a: Ho-Oh|Sacred Fire|p1b: Lunala\n|-damage|p1b: Lunala|35/100 psn\n|move|p2b: Terapagos|Calm Mind|p2b: Terapagos\n|-boost|p2b: Terapagos|spa|1\n|-boost|p2b: Terapagos|spd|1\n|move|p1a: Raging Bolt|Thunderbolt|p2b: Terapagos\n|-damage|p2b: Terapagos|0 fnt\n|faint|p2b: Terapagos\n|\n|-damage|p1b: Lunala|23/100 psn|[from] psn\n|-damage|p1a: Raging Bolt|40/100 psn|[from] psn\n|upkeep\n|\n|t:|1746139179\n|switch|p2b: Urshifu|Urshifu, L50, F|11/100\n|turn|11\n|inactive|tobiasderraecher has 30 seconds left.\n|\n|t:|1746139206\n|move|p2b: Urshifu|Detect|p2b: Urshifu\n|-singleturn|p2b: Urshifu|Protect\n|move|p2a: Ho-Oh|Protect|p2a: Ho-Oh\n|-singleturn|p2a: Ho-Oh|Protect\n|move|p1b: Lunala|Wide Guard|p1b: Lunala\n|-singleturn|p1b: Lunala|Wide Guard\n|move|p1a: Raging Bolt|Thunderclap||[still]\n|-fail|p1a: Raging Bolt\n|\n|-damage|p1b: Lunala|10/100 psn|[from] psn\n|-damage|p1a: Raging Bolt|28/100 psn|[from] psn\n|upkeep\n|turn|12\n|\n|t:|1746139221\n|move|p2b: Urshifu|Sucker Punch|p1a: Raging Bolt\n|-damage|p1a: Raging Bolt|0 fnt\n|faint|p1a: Raging Bolt\n|-end|p1a: Raging Bolt|Protosynthesis|[silent]\n|move|p1b: Lunala|Moongeist Beam|p2b: Urshifu\n|-resisted|p2b: Urshifu\n|-damage|p2b: Urshifu|0 fnt\n|faint|p2b: Urshifu\n|move|p2a: Ho-Oh|Sacred Fire|p1b: Lunala\n|-damage|p1b: Lunala|0 fnt\n|faint|p1b: Lunala\n|\n|win|tobiasderraecher\n||tobiasderraecher is ready for game 3.\n||beringvgc is ready for game 3.\n|uhtml|next|Next: <a href=\"/battle-gen9vgc2025regibo3-2354989463\"><strong>Game 3 of 3</strong></a>\n|l|\u2606beringvgc\n|player|p1|\n", "uploadtime": 1746139560, "views": 5, "formatid": "gen9vgc2025regibo3", "rating": null, "private": 0, "password": null}