{"id": "gen9vgc2025regibo3-2354677453", "format": "[Gen 9] VGC 2025 Reg I (Bo3)", "players": ["200dollarteam", "michael tester"], "log": "|j|\u2606200dollarteam\n|j|\u2606michael tester\n|html|<table width=\"100%\"><tr><td align=\"left\">200dollarteam</td><td align=\"right\">michael tester</tr><tr><td align=\"left\"><i class=\"fa fa-circle-o\"></i> <i class=\"fa fa-circle-o\"></i> </td><td align=\"right\"><i class=\"fa fa-circle-o\"></i> <i class=\"fa fa-circle\"></i> </tr></table>\n|uhtml|bestof|<h2><strong>Game 2</strong> of <a href=\"/game-bestof3-gen9vgc2025regibo3-2354670629\">a best-of-3</a></h2>\n|t:|1746109820\n|gametype|doubles\n|player|p1|200dollarteam|shauntal|1405\n|player|p2|michael tester|dancer|1417\n|teamsize|p1|6\n|teamsize|p2|6\n|gen|9\n|tier|[Gen 9] VGC 2025 Reg I (Bo3)\n|rated|\n|rule|Species Clause: Limit one of each Pok\u00e9mon\n|rule|Item Clause: Limit 1 of each item\n|clearpoke\n|poke|p1|Zamazenta-*, L50|\n|poke|p1|Miraidon, L50|\n|poke|p1|Farigiraf, L50, M|\n|poke|p1|Iron Bundle, L50|\n|poke|p1|Incineroar, L50, F|\n|poke|p1|Ursaluna, L50, F|\n|poke|p2|Terapagos, L50, M|\n|poke|p2|Rillaboom, L50, M|\n|poke|p2|Incineroar, L50, F|\n|poke|p2|Calyrex-Shadow, L50|\n|poke|p2|Urshifu-*, L50, F|\n|poke|p2|Amoonguss, L50, F|\n|teampreview|4\n|showteam|p1|Zamazenta-Crowned||RustedShield|DauntlessShield|BodyPress,HeavySlam,WideGuard,Protect||||||50|,,,,,Dragon]Miraidon||ChoiceSpecs|HadronEngine|ElectroDrift,DracoMeteor,VoltSwitch,DazzlingGleam||||||50|,,,,,Fairy]Farigiraf||ElectricSeed|ArmorTail|Psychic,FoulPlay,HelpingHand,TrickRoom|||M|||50|,,,,,Water]Iron Bundle||FocusSash|QuarkDrive|IcyWind,FreezeDry,Encore,Protect||||||50|,,,,,Ghost]Incineroar||AssaultVest|Intimidate|KnockOff,FlareBlitz,Uturn,FakeOut|||F|||50|,,,,,Bug]Ursaluna||FlameOrb|Guts|Facade,HeadlongRush,Substitute,Protect|||F|||50|,,,,,Poison\n|showteam|p2|Terapagos||Leftovers|TeraShift|TeraStarstorm,Protect,CalmMind,EarthPower|||M|||50|,,,,,Stellar]Rillaboom||AssaultVest|GrassySurge|FakeOut,GrassyGlide,WoodHammer,Uturn|||M|||50|,,,,,Water]Incineroar||SafetyGoggles|Intimidate|WillOWisp,KnockOff,FakeOut,PartingShot|||F|||50|,,,,,Bug]Calyrex-Shadow||FocusSash|AsOneSpectrier|AstralBarrage,Disable,Encore,Protect||||||50|,,,,,Ghost]Urshifu-Rapid-Strike||ChoiceScarf|UnseenFist|AquaJet,Uturn,CloseCombat,SurgingStrikes|||F|||50|,,,,,Water]Amoonguss||RockyHelmet|Regenerator|PollenPuff,Spore,RagePowder,Protect|||F|||50|,,,,,Water\n|inactive|Battle timer is ON: inactive players will automatically lose when time's up. (requested by 200dollarteam)\n|j| gaming daily\n|inactive|200dollarteam has 60 seconds left.\n|inactive|michael tester has 60 seconds left.\n|inactive|200dollarteam has 30 seconds left.\n|inactive|michael tester has 30 seconds left.\n|inactive|michael tester has 20 seconds left.\n|inactive|200dollarteam has 20 seconds left.\n|inactive|michael tester has 15 seconds left.\n|inactive|michael tester has 10 seconds left.\n|inactive|michael tester has 5 seconds left.\n|\n|t:|1746109906\n|start\n|switch|p1a: Incineroar|Incineroar, L50, F|100/100\n|switch|p1b: Farigiraf|Farigiraf, L50, M|100/100\n|switch|p2a: Calyrex|Calyrex-Shadow, L50|100/100\n|switch|p2b: Amoonguss|Amoonguss, L50, F|100/100\n|-ability|p2a: Calyrex|As One\n|-ability|p2a: Calyrex|Unnerve\n|-ability|p1a: Incineroar|Intimidate|boost\n|-unboost|p2a: Calyrex|atk|1\n|-unboost|p2b: Amoonguss|atk|1\n|turn|1\n|inactive|michael tester has 30 seconds left.\n|inactive|michael tester has 20 seconds left.\n|inactive|michael tester has 15 seconds left.\n|inactive|michael tester has 10 seconds left.\n|\n|t:|1746109954\n|switch|p1b: Ursaluna|Ursaluna, L50, F|100/100\n|move|p2a: Calyrex|Protect|p2a: Calyrex\n|-singleturn|p2a: Calyrex|Protect\n|move|p2b: Amoonguss|Protect|p2b: Amoonguss\n|-singleturn|p2b: Amoonguss|Protect\n|move|p1a: Incineroar|Fake Out|p2b: Amoonguss\n|-activate|p2b: Amoonguss|move: Protect\n|\n|-status|p1b: Ursaluna|brn|[from] item: Flame Orb\n|upkeep\n|turn|2\n|inactive|200dollarteam has 30 seconds left.\n|inactive|michael tester has 30 seconds left.\n|inactive|michael tester has 20 seconds left.\n|inactive|michael tester has 15 seconds left.\n|inactive|michael tester has 10 seconds left.\n|\n|t:|1746110000\n|switch|p1a: Farigiraf|Farigiraf, L50, M|100/100\n|move|p2a: Calyrex|Encore||[still]\n|-fail|p2a: Calyrex\n|move|p1b: Ursaluna|Headlong Rush|p2a: Calyrex\n|-crit|p2a: Calyrex\n|-enditem|p2a: Calyrex|Focus Sash\n|-damage|p2a: Calyrex|1/100\n|-unboost|p1b: Ursaluna|def|1\n|-unboost|p1b: Ursaluna|spd|1\n|move|p2b: Amoonguss|Spore|p1a: Farigiraf\n|-status|p1a: Farigiraf|slp|[from] move: Spore\n|\n|-damage|p1b: Ursaluna|95/100 brn|[from] brn\n|upkeep\n|turn|3\n|inactive|michael tester has 30 seconds left.\n|inactive|michael tester has 20 seconds left.\n|inactive|michael tester has 15 seconds left.\n|inactive|200dollarteam has 30 seconds left.\n|inactive|michael tester has 10 seconds left.\n|inactive|michael tester has 5 seconds left.\n|\n|t:|1746110050\n|switch|p1a: Incineroar|Incineroar, L50, F|100/100\n|-ability|p1a: Incineroar|Intimidate|boost\n|-unboost|p2a: Calyrex|atk|1\n|-unboost|p2b: Amoonguss|atk|1\n|switch|p2b: Terapagos|Terapagos, L50, M|100/100\n|-activate|p2b: Terapagos|ability: Tera Shift\n|detailschange|p2b: Terapagos|Terapagos-Terastal, L50, M\n|-heal|p2b: Terapagos|100/100|[silent]\n|move|p2a: Calyrex|Disable|p1b: Ursaluna\n|-start|p1b: Ursaluna|Disable|Headlong Rush\n|move|p1b: Ursaluna|Facade|p2b: Terapagos\n|-activate|p2b: Terapagos|ability: Tera Shell\n|-resisted|p2b: Terapagos\n|-damage|p2b: Terapagos|59/100\n|\n|-heal|p2b: Terapagos|65/100|[from] item: Leftovers\n|-damage|p1b: Ursaluna|89/100 brn|[from] brn\n|upkeep\n|turn|4\n|inactive|200dollarteam has 30 seconds left.\n|inactive|michael tester has 30 seconds left.\n|inactive|michael tester has 20 seconds left.\n|inactive|michael tester has 15 seconds left.\n|inactive|michael tester has 10 seconds left.\n|inactive|michael tester has 5 seconds left.\n|\n|t:|1746110104\n|switch|p2b: Rillaboom|Rillaboom, L50, M|100/100\n|-fieldstart|move: Grassy Terrain|[from] ability: Grassy Surge|[of] p2b: Rillaboom\n|move|p2a: Calyrex|Protect|p2a: Calyrex\n|-singleturn|p2a: Calyrex|Protect\n|move|p1a: Incineroar|Knock Off|p2a: Calyrex\n|-activate|p2a: Calyrex|move: Protect\n|move|p1b: Ursaluna|Facade|p2a: Calyrex\n|-activate|p2a: Calyrex|move: Protect\n|\n|-heal|p2a: Calyrex|7/100|[from] Grassy Terrain\n|-heal|p1b: Ursaluna|95/100 brn|[from] Grassy Terrain\n|-damage|p1b: Ursaluna|89/100 brn|[from] brn\n|upkeep\n|turn|5\n|inactive|michael tester has 30 seconds left.\n|inactive|michael tester has 20 seconds left.\n|inactive|michael tester has 15 seconds left.\n|inactive|michael tester has 10 seconds left.\n|inactive|michael tester has 5 seconds left.\n|\n|t:|1746110154\n|switch|p2a: Amoonguss|Amoonguss, L50, F|100/100\n|switch|p1b: Farigiraf|Farigiraf, L50, M|100/100 slp\n|move|p2b: Rillaboom|Wood Hammer|p1b: Farigiraf\n|-damage|p1b: Farigiraf|33/100 slp\n|-damage|p2b: Rillaboom|76/100|[from] Recoil\n|move|p1a: Incineroar|U-turn|p2a: Amoonguss\n|-damage|p2a: Amoonguss|84/100\n|-damage|p1a: Incineroar|84/100|[from] item: Rocky Helmet|[of] p2a: Amoonguss\n|inactive|200dollarteam has 30 seconds left.\n|\n|t:|1746110182\n|switch|p1a: Ursaluna|Ursaluna, L50, F|89/100 brn|[from] U-turn\n|\n|-heal|p2b: Rillaboom|82/100|[from] Grassy Terrain\n|-heal|p1b: Farigiraf|39/100 slp|[from] Grassy Terrain\n|-heal|p1a: Ursaluna|95/100 brn|[from] Grassy Terrain\n|-heal|p2a: Amoonguss|90/100|[from] Grassy Terrain\n|-damage|p1a: Ursaluna|89/100 brn|[from] brn\n|upkeep\n|turn|6\n|inactive|200dollarteam has 30 seconds left.\n|inactive|michael tester has 30 seconds left.\n|inactive|michael tester has 20 seconds left.\n|inactive|michael tester has 15 seconds left.\n|inactive|michael tester has 10 seconds left.\n|\n|t:|1746110232\n|-terastallize|p1a: Ursaluna|Poison\n|move|p2a: Amoonguss|Protect|p2a: Amoonguss\n|-singleturn|p2a: Amoonguss|Protect\n|move|p2b: Rillaboom|U-turn|p1b: Farigiraf\n|-supereffective|p1b: Farigiraf\n|-damage|p1b: Farigiraf|4/100 slp\n|\n|t:|1746110240\n|switch|p2b: Calyrex|Calyrex-Shadow, L50|7/100|[from] U-turn\n|-ability|p2b: Calyrex|As One\n|-ability|p2b: Calyrex|Unnerve\n|cant|p1b: Farigiraf|slp\n|move|p1a: Ursaluna|Headlong Rush|p2b: Calyrex\n|-damage|p2b: Calyrex|0 fnt\n|-unboost|p1a: Ursaluna|def|1\n|-unboost|p1a: Ursaluna|spd|1\n|faint|p2b: Calyrex\n|\n|-heal|p1b: Farigiraf|10/100 slp|[from] Grassy Terrain\n|-heal|p1a: Ursaluna|95/100 brn|[from] Grassy Terrain\n|-heal|p2a: Amoonguss|96/100|[from] Grassy Terrain\n|-damage|p1a: Ursaluna|89/100 brn|[from] brn\n|upkeep\n|\n|t:|1746110260\n|switch|p2b: Terapagos|Terapagos-Terastal, L50, M|65/100\n|turn|7\n|\n|t:|1746110272\n|-terastallize|p2b: Terapagos|Stellar\n|detailschange|p2b: Terapagos|Terapagos-Stellar, L50, M, tera:Stellar\n|-heal|p2b: Terapagos|74/100|[silent]\n|-ability|p2b: Terapagos|Teraform Zero\n|-fieldend|move: Grassy Terrain\n|-curestatus|p1b: Farigiraf|slp|[msg]\n|move|p1b: Farigiraf|Helping Hand|p1a: Ursaluna\n|-singleturn|p1a: Ursaluna|Helping Hand|[of] p1b: Farigiraf\n|move|p2b: Terapagos|Tera Starstorm|p1b: Farigiraf|[spread] p1a,p1b\n|-supereffective|p1a: Ursaluna\n|-damage|p1a: Ursaluna|4/100 brn\n|-damage|p1b: Farigiraf|0 fnt\n|faint|p1b: Farigiraf\n|move|p1a: Ursaluna|Facade|p2b: Terapagos\n|-damage|p2b: Terapagos|0 fnt\n|faint|p2b: Terapagos\n|move|p2a: Amoonguss|Pollen Puff|p2: Terapagos|[notarget]\n|-fail|p2a: Amoonguss\n|\n|-damage|p1a: Ursaluna|0 fnt|[from] brn\n|faint|p1a: Ursaluna\n|upkeep\n|\n|t:|1746110294\n|switch|p2b: Rillaboom|Rillaboom, L50, M|82/100\n|switch|p1b: Zamazenta|Zamazenta-Crowned, L50|100/100\n|switch|p1a: Incineroar|Incineroar, L50, F|84/100\n|-ability|p1b: Zamazenta|Dauntless Shield|boost\n|-boost|p1b: Zamazenta|def|1\n|-fieldstart|move: Grassy Terrain|[from] ability: Grassy Surge|[of] p2b: Rillaboom\n|-ability|p1a: Incineroar|Intimidate|boost\n|-unboost|p2a: Amoonguss|atk|1\n|-unboost|p2b: Rillaboom|atk|1\n|turn|8\n|-message|michael tester forfeited.\n|\n|win|200dollarteam\n||200dollarteam is ready for game 3.\n||michael tester is ready for game 3.\n|uhtml|next|Next: <a href=\"/battle-gen9vgc2025regibo3-2354682599\"><strong>Game 3 of 3</strong></a>\n|l|\u2606200dollarteam\n|player|p1|\n", "uploadtime": 1746110463, "views": 36, "formatid": "gen9vgc2025regibo3", "rating": null, "private": 0, "password": null}