{"id": "gen9vgc2025regibo3-2354222807", "format": "[Gen 9] VGC 2025 Reg I (Bo3)", "players": ["Playest", "TJMVI"], "log": "|j|\u2606Playest\n|j|\u2606TJMVI\n|html|<table width=\"100%\"><tr><td align=\"left\">Playest</td><td align=\"right\">TJMVI</tr><tr><td align=\"left\"><i class=\"fa fa-circle-o\"></i> <i class=\"fa fa-circle-o\"></i> </td><td align=\"right\"><i class=\"fa fa-circle-o\"></i> <i class=\"fa fa-circle-o\"></i> </tr></table>\n|uhtml|bestof|<h2><strong>Game 1</strong> of <a href=\"/game-bestof3-gen9vgc2025regibo3-2354222806\">a best-of-3</a></h2>\n|t:|1746046256\n|gametype|doubles\n|player|p1|Playest|infielder|1199\n|player|p2|TJMVI|lance|1083\n|teamsize|p1|6\n|teamsize|p2|6\n|gen|9\n|tier|[Gen 9] VGC 2025 Reg I (Bo3)\n|rated|\n|rule|Species Clause: Limit one of each Pok\u00e9mon\n|rule|Item Clause: Limit 1 of each item\n|clearpoke\n|poke|p1|Calyrex-Shadow, L50|\n|poke|p1|Miraidon, L50|\n|poke|p1|Urshifu-*, L50, F|\n|poke|p1|Tornadus, L50, M|\n|poke|p1|Chi-Yu, L50|\n|poke|p1|Indeedee-F, L50, F|\n|poke|p2|Chi-Yu, L50|\n|poke|p2|Calyrex-Shadow, L50|\n|poke|p2|Koraidon, L50|\n|poke|p2|Whimsicott, L50, F|\n|poke|p2|Indeedee-F, L50, F|\n|poke|p2|Iron Bundle, L50|\n|teampreview|4\n|showteam|p1|Calyrex-Shadow||FocusSash|AsOneSpectrier|Protect,Psychic,Taunt,AstralBarrage||||||50|,,,,,Normal]Miraidon||ChoiceSpecs|HadronEngine|ElectroDrift,DracoMeteor,DazzlingGleam,Snarl||||||50|,,,,,Fairy]Urshifu-Rapid-Strike||MysticWater|UnseenFist|Detect,AquaJet,CloseCombat,SurgingStrikes|||F|||50|,,,,,Water]Tornadus||CovertCloak|Prankster|Protect,Tailwind,RainDance,BleakwindStorm|||M|||50|,,,,,Dark]Chi-Yu||ChoiceScarf|BeadsofRuin|HeatWave,Snarl,DarkPulse,Overheat||||||50|,,,,,Ghost]Indeedee-F||RockyHelmet|Synchronize|FollowMe,FakeOut,TrickRoom,Psychic|||F|||50|,,,,,Grass\n|showteam|p2|Chi-Yu||ChoiceScarf|BeadsofRuin|Flamethrower,DarkPulse,Snarl,HeatWave||||||50|,,,,,Fire]Calyrex-Shadow||FocusSash|AsOneSpectrier|AstralBarrage,ExpandingForce,PollenPuff,Protect||||||50|,,,,,Ghost]Koraidon||LifeOrb|OrichalcumPulse|CollisionCourse,FlareBlitz,FlameCharge,Protect||||||50|,,,,,Fire]Whimsicott||CovertCloak|Prankster|Moonblast,Encore,Taunt,Tailwind|||F|||50|,,,,,Steel]Indeedee-F||SafetyGoggles|PsychicSurge|DazzlingGleam,HelpingHand,FollowMe,HealPulse|||F|||50|,,,,,Fairy]Iron Bundle||BoosterEnergy|QuarkDrive|FreezeDry,IcyWind,HydroPump,Protect||||||50|,,,,,Ice\n|inactive|Battle timer is ON: inactive players will automatically lose when time's up. (requested by TJMVI)\n|inactive|Playest also wants the timer to be on.\n|inactive|Playest has 60 seconds left.\n|\n|t:|1746046293\n|start\n|switch|p1a: Tornadus|Tornadus, L50, M|100/100\n|switch|p1b: Chi-Yu|Chi-Yu, L50|100/100\n|switch|p2a: Whimsicott|Whimsicott, L50, F|100/100\n|switch|p2b: Koraidon|Koraidon, L50|100/100\n|-ability|p1b: Chi-Yu|Beads of Ruin\n|-weather|SunnyDay|[from] ability: Orichalcum Pulse|[of] p2b: Koraidon\n|-activate|p2b: Koraidon|Orichalcum Pulse|[source]\n|turn|1\n|inactive|Playest has 30 seconds left.\n|inactive|TJMVI has 30 seconds left.\n|inactive|Playest has 20 seconds left.\n|inactive|TJMVI has 20 seconds left.\n|inactive|Playest has 15 seconds left.\n|inactive|TJMVI has 15 seconds left.\n|inactive|Playest has 10 seconds left.\n|inactive|TJMVI has 10 seconds left.\n|\n|t:|1746046342\n|-terastallize|p2b: Koraidon|Fire\n|-terastallize|p1a: Tornadus|Dark\n|move|p2a: Whimsicott|Tailwind|p2a: Whimsicott\n|-sidestart|p2: TJMVI|move: Tailwind\n|move|p2b: Koraidon|Flare Blitz|p1b: Chi-Yu\n|-resisted|p1b: Chi-Yu\n|-crit|p1b: Chi-Yu\n|-damage|p1b: Chi-Yu|0 fnt\n|faint|p1b: Chi-Yu\n|-damage|p2b: Koraidon|79/100|[from] Recoil\n|-damage|p2b: Koraidon|69/100|[from] item: Life Orb\n|move|p1a: Tornadus|Bleakwind Storm|p2b: Koraidon|[spread] p2a\n|-miss|p1a: Tornadus|p2b: Koraidon\n|-supereffective|p2a: Whimsicott\n|-crit|p2a: Whimsicott\n|-damage|p2a: Whimsicott|0 fnt\n|faint|p2a: Whimsicott\n|\n|-weather|SunnyDay|[upkeep]\n|upkeep\n|\n|t:|1746046361\n|switch|p2a: Calyrex|Calyrex-Shadow, L50|100/100\n|switch|p1b: Miraidon|Miraidon, L50|100/100\n|-ability|p2a: Calyrex|As One\n|-ability|p2a: Calyrex|Unnerve\n|-fieldstart|move: Electric Terrain|[from] ability: Hadron Engine|[of] p1b: Miraidon\n|turn|2\n|inactive|Playest has 30 seconds left.\n|inactive|Playest has 20 seconds left.\n|inactive|Playest has 15 seconds left.\n|\n|t:|1746046405\n|move|p1a: Tornadus|Rain Dance|p1a: Tornadus\n|-weather|RainDance\n|move|p2a: Calyrex|Pollen Puff|p2b: Koraidon\n|-heal|p2b: Koraidon|100/100\n|move|p2b: Koraidon|Collision Course|p1b: Miraidon\n|-damage|p1b: Miraidon|29/100\n|-damage|p2b: Koraidon|91/100|[from] item: Life Orb\n|move|p1b: Miraidon|Electro Drift|p2b: Koraidon\n|-damage|p2b: Koraidon|0 fnt\n|faint|p2b: Koraidon\n|\n|-weather|RainDance|[upkeep]\n|upkeep\n|\n|t:|1746046417\n|switch|p2b: Indeedee|Indeedee-F, L50, F|100/100\n|-fieldstart|move: Psychic Terrain|[from] ability: Psychic Surge|[of] p2b: Indeedee\n|turn|3\n|\n|t:|1746046437\n|move|p2a: Calyrex|Pollen Puff|p1a: Tornadus\n|-supereffective|p1a: Tornadus\n|-damage|p1a: Tornadus|10/100\n|move|p2b: Indeedee|Dazzling Gleam|p1b: Miraidon|[spread] p1a,p1b\n|-supereffective|p1a: Tornadus\n|-supereffective|p1b: Miraidon\n|-damage|p1a: Tornadus|0 fnt\n|-damage|p1b: Miraidon|4/100\n|faint|p1a: Tornadus\n|move|p1b: Miraidon|Electro Drift|p2a: Calyrex\n|-damage|p2a: Calyrex|15/100\n|\n|-weather|RainDance|[upkeep]\n|upkeep\n|\n|t:|1746046448\n|switch|p1a: Calyrex|Calyrex-Shadow, L50|100/100\n|-ability|p1a: Calyrex|As One\n|-ability|p1a: Calyrex|Unnerve\n|turn|4\n|inactive|Playest has 30 seconds left.\n|inactive|TJMVI has 30 seconds left.\n|\n|t:|1746046477\n|move|p1a: Calyrex|Protect|p1a: Calyrex\n|-singleturn|p1a: Calyrex|Protect\n|move|p2a: Calyrex|Expanding Force|p1a: Calyrex|[spread] p1b\n|-activate|p1a: Calyrex|move: Protect\n|-damage|p1b: Miraidon|0 fnt\n|faint|p1b: Miraidon\n|-ability|p2a: Calyrex|Grim Neigh|boost\n|-boost|p2a: Calyrex|spa|1\n|move|p2b: Indeedee|Dazzling Gleam|p1a: Calyrex\n|-activate|p1a: Calyrex|move: Protect\n|\n|-weather|RainDance|[upkeep]\n|-sideend|p2: TJMVI|move: Tailwind\n|upkeep\n|turn|5\n|\n|t:|1746046497\n|move|p1a: Calyrex|Astral Barrage|p2a: Calyrex|[spread] p2a\n|-immune|p2b: Indeedee\n|-supereffective|p2a: Calyrex\n|-damage|p2a: Calyrex|0 fnt\n|faint|p2a: Calyrex\n|-ability|p1a: Calyrex|Grim Neigh|boost\n|-boost|p1a: Calyrex|spa|1\n|move|p2b: Indeedee|Dazzling Gleam|p1a: Calyrex\n|-damage|p1a: Calyrex|82/100\n|\n|-weather|RainDance|[upkeep]\n|upkeep\n|turn|6\n|\n|t:|1746046508\n|move|p1a: Calyrex|Psychic|p2b: Indeedee\n|-resisted|p2b: Indeedee\n|-damage|p2b: Indeedee|49/100\n|move|p2b: Indeedee|Dazzling Gleam|p1a: Calyrex\n|-damage|p1a: Calyrex|66/100\n|\n|-weather|none\n|upkeep\n|turn|7\n|\n|t:|1746046512\n|move|p1a: Calyrex|Psychic|p2b: Indeedee\n|-resisted|p2b: Indeedee\n|-damage|p2b: Indeedee|2/100\n|move|p2b: Indeedee|Dazzling Gleam|p1a: Calyrex\n|-damage|p1a: Calyrex|48/100\n|\n|-fieldend|move: Psychic Terrain\n|upkeep\n|turn|8\n|\n|t:|1746046516\n|move|p1a: Calyrex|Psychic|p2b: Indeedee\n|-resisted|p2b: Indeedee\n|-damage|p2b: Indeedee|0 fnt\n|faint|p2b: Indeedee\n|\n|win|Playest\n||TJMVI is ready for game 2.\n|c|\u2606Playest|gg\n||Playest is ready for game 2.\n|uhtml|next|Next: <a href=\"/battle-gen9vgc2025regibo3-2354225374\"><strong>Game 2 of 3</strong></a>\n|l|\u2606TJMVI\n|player|p2|\n", "uploadtime": 1746046775, "views": 7, "formatid": "gen9vgc2025regibo3", "rating": null, "private": 0, "password": null}