{"id": "gen9vgc2025regibo3-2354750287", "format": "[Gen 9] VGC 2025 Reg I (Bo3)", "players": ["KingNeptuno", "BellsproutFanWill"], "log": "|j|\u2606KingNeptuno\n|j|\u203dBellsproutFanWill\n|html|<table width=\"100%\"><tr><td align=\"left\">KingNeptuno</td><td align=\"right\">BellsproutFanWill</tr><tr><td align=\"left\"><i class=\"fa fa-circle-o\"></i> <i class=\"fa fa-circle-o\"></i> </td><td align=\"right\"><i class=\"fa fa-circle-o\"></i> <i class=\"fa fa-circle-o\"></i> </tr></table>\n|uhtml|bestof|<h2><strong>Game 1</strong> of <a href=\"/game-bestof3-gen9vgc2025regibo3-2354750286\">a best-of-3</a></h2>\n|t:|1746116478\n|gametype|doubles\n|player|p1|KingNeptuno|silver|1245\n|player|p2|BellsproutFanWill|266|1243\n|teamsize|p1|6\n|teamsize|p2|6\n|gen|9\n|tier|[Gen 9] VGC 2025 Reg I (Bo3)\n|rated|\n|rule|Species Clause: Limit one of each Pok\u00e9mon\n|rule|Item Clause: Limit 1 of each item\n|clearpoke\n|poke|p1|Calyrex-Shadow, L50|\n|poke|p1|Lunala, L50|\n|poke|p1|Ogerpon-Cornerstone, L50, F|\n|poke|p1|Rillaboom, L50, M|\n|poke|p1|Incineroar, L50, F|\n|poke|p1|Okidogi, L50, M|\n|poke|p2|Oranguru, L50, F|\n|poke|p2|Calyrex-Ice, L50|\n|poke|p2|Iron Hands, L50|\n|poke|p2|Annihilape, L50, M|\n|poke|p2|Sinistcha-Masterpiece, L50|\n|poke|p2|Miraidon, L50|\n|teampreview|4\n|showteam|p1|Calyrex-Shadow||FocusSash|AsOneSpectrier|AstralBarrage,Psyshock,NastyPlot,Protect||||||50|,,,,,Water]Lunala||Leftovers|ShadowShield|MoongeistBeam,Moonblast,CalmMind,WideGuard||||||50|,,,,,Fairy]Ogerpon-Cornerstone||CornerstoneMask|Sturdy|IvyCudgel,FollowMe,HornLeech,SpikyShield|||F|||50|,,,,,Rock]Rillaboom||ChoiceBand|GrassySurge|WoodHammer,GrassyGlide,HighHorsepower,Uturn|||M|||50|,,,,,Fire]Incineroar||SafetyGoggles|Intimidate|FakeOut,FlareBlitz,WillOWisp,KnockOff|||F|||50|,,,,,Ghost]Okidogi||AssaultVest|GuardDog|CloseCombat,PoisonJab,KnockOff,UpperHand|||M|||50|,,,,,Dark\n|showteam|p2|Oranguru||MentalHerb|InnerFocus|TeraBlast,Instruct,TrickRoom,Encore|||F|||50|,,,,,Fairy]Calyrex-Ice||NeverMeltIce|AsOneGlastrier|GlacialLance,HighHorsepower,Protect,TrickRoom||||||50|,,,,,Water]Iron Hands||SitrusBerry|QuarkDrive|SwordsDance,ThunderPunch,DrainPunch,FakeOut||||||50|,,,,,Grass]Annihilape||ChoiceScarf|Defiant|ShadowClaw,Uturn,FinalGambit,Coaching|||M|||50|,,,,,Grass]Sinistcha-Masterpiece||FocusSash|Hospitality|MatchaGotcha,ShadowBall,RagePowder,TrickRoom||||||50|,,,,,Normal]Miraidon||LifeOrb|HadronEngine|ElectroDrift,DracoMeteor,Protect,VoltSwitch||||||50|,,,,,Electric\n|\n|t:|1746116528\n|start\n|switch|p1a: Lunala|Lunala, L50|100/100\n|switch|p1b: Ogerpon|Ogerpon-Cornerstone, L50, F|100/100\n|switch|p2a: Oranguru|Oranguru, L50, F|100/100\n|switch|p2b: Annihilape|Annihilape, L50, M|100/100\n|turn|1\n|\n|t:|1746116553\n|move|p1b: Ogerpon|Follow Me|p1b: Ogerpon\n|-singleturn|p1b: Ogerpon|move: Follow Me\n|move|p2b: Annihilape|Shadow Claw|p1b: Ogerpon\n|-damage|p1b: Ogerpon|65/100\n|move|p1a: Lunala|Calm Mind|p1a: Lunala\n|-boost|p1a: Lunala|spa|1\n|-boost|p1a: Lunala|spd|1\n|move|p2a: Oranguru|Trick Room|p2a: Oranguru\n|-fieldstart|move: Trick Room|[of] p2a: Oranguru\n|\n|upkeep\n|turn|2\n|\n|t:|1746116594\n|move|p1b: Ogerpon|Follow Me|p1b: Ogerpon\n|-singleturn|p1b: Ogerpon|move: Follow Me\n|move|p2a: Oranguru|Encore|p1b: Ogerpon\n|-start|p1b: Ogerpon|Encore\n|move|p1a: Lunala|Moonblast|p2b: Annihilape\n|-supereffective|p2b: Annihilape\n|-damage|p2b: Annihilape|0 fnt\n|faint|p2b: Annihilape\n|\n|upkeep\n|\n|t:|1746116605\n|switch|p2b: Calyrex|Calyrex-Ice, L50|100/100\n|-ability|p2b: Calyrex|As One\n|-ability|p2b: Calyrex|Unnerve\n|turn|3\n|\n|t:|1746116614\n|-terastallize|p2b: Calyrex|Water\n|move|p1a: Lunala|Wide Guard|p1a: Lunala\n|-singleturn|p1a: Lunala|Wide Guard\n|move|p1b: Ogerpon|Follow Me|p1b: Ogerpon\n|-singleturn|p1b: Ogerpon|move: Follow Me\n|move|p2b: Calyrex|Glacial Lance|p1b: Ogerpon|[spread] \n|-activate|p1a: Lunala|move: Wide Guard\n|-activate|p1b: Ogerpon|move: Wide Guard\n|move|p2a: Oranguru|Instruct|p1b: Ogerpon\n|-singleturn|p1b: Ogerpon|move: Instruct|[of] p2a: Oranguru\n|move|p1b: Ogerpon|Follow Me||[still]\n|-fail|p1b: Ogerpon\n|\n|upkeep\n|turn|4\n|\n|t:|1746116631\n|move|p1a: Lunala|Wide Guard|p1a: Lunala\n|-singleturn|p1a: Lunala|Wide Guard\n|move|p1b: Ogerpon|Follow Me|p1b: Ogerpon\n|-singleturn|p1b: Ogerpon|move: Follow Me\n|move|p2b: Calyrex|High Horsepower|p1b: Ogerpon\n|-damage|p1b: Ogerpon|17/100\n|move|p2a: Oranguru|Instruct|p1b: Ogerpon\n|-singleturn|p1b: Ogerpon|move: Instruct|[of] p2a: Oranguru\n|move|p1b: Ogerpon|Follow Me||[still]\n|-fail|p1b: Ogerpon\n|\n|upkeep\n|turn|5\n|\n|t:|1746116648\n|move|p1a: Lunala|Wide Guard|p1a: Lunala\n|-singleturn|p1a: Lunala|Wide Guard\n|move|p1b: Ogerpon|Follow Me|p1b: Ogerpon\n|-singleturn|p1b: Ogerpon|move: Follow Me\n|move|p2b: Calyrex|High Horsepower|p1b: Ogerpon\n|-damage|p1b: Ogerpon|0 fnt\n|faint|p1b: Ogerpon\n|-ability|p2b: Calyrex|Chilling Neigh|boost\n|-boost|p2b: Calyrex|atk|1\n|move|p2a: Oranguru|Encore|p1a: Lunala\n|-start|p1a: Lunala|Encore\n|\n|-fieldend|move: Trick Room\n|upkeep\n|\n|t:|1746116672\n|switch|p1b: Incineroar|Incineroar, L50, F|100/100\n|-ability|p1b: Incineroar|Intimidate|boost\n|-fail|p2a: Oranguru|unboost|Attack|[from] ability: Inner Focus|[of] p2a: Oranguru\n|-unboost|p2b: Calyrex|atk|1\n|turn|6\n|\n|t:|1746116687\n|switch|p2b: Sinistcha|Sinistcha-Masterpiece, L50|100/100\n|move|p1a: Lunala|Wide Guard|p1a: Lunala\n|-singleturn|p1a: Lunala|Wide Guard\n|move|p1b: Incineroar|Knock Off|p2a: Oranguru\n|-supereffective|p2a: Oranguru\n|-damage|p2a: Oranguru|27/100\n|-enditem|p2a: Oranguru|Mental Herb|[from] move: Knock Off|[of] p1b: Incineroar\n|move|p2a: Oranguru|Trick Room|p2a: Oranguru\n|-fieldstart|move: Trick Room|[of] p2a: Oranguru\n|\n|upkeep\n|turn|7\n|\n|t:|1746116704\n|move|p1a: Lunala|Wide Guard|p1a: Lunala\n|-singleturn|p1a: Lunala|Wide Guard\n|move|p2a: Oranguru|Tera Blast|p1b: Incineroar\n|-damage|p1b: Incineroar|76/100\n|move|p2b: Sinistcha|Shadow Ball|p1a: Lunala\n|-supereffective|p1a: Lunala\n|-damage|p1a: Lunala|59/100\n|move|p1b: Incineroar|Flare Blitz|p2a: Oranguru\n|-damage|p2a: Oranguru|0 fnt\n|faint|p2a: Oranguru\n|-damage|p1b: Incineroar|68/100|[from] Recoil\n|\n|-heal|p1a: Lunala|65/100|[from] item: Leftovers\n|upkeep\n|\n|t:|1746116718\n|switch|p2a: Calyrex|Calyrex-Ice, L50, tera:Water|100/100\n|-ability|p2a: Calyrex|As One\n|-ability|p2a: Calyrex|Unnerve\n|turn|8\n|\n|t:|1746116734\n|switch|p1b: Calyrex|Calyrex-Shadow, L50|100/100\n|-ability|p1b: Calyrex|As One\n|-ability|p1b: Calyrex|Unnerve\n|-terastallize|p1a: Lunala|Fairy\n|move|p1a: Lunala|Wide Guard|p1a: Lunala\n|-singleturn|p1a: Lunala|Wide Guard\n|move|p2a: Calyrex|High Horsepower|p1b: Calyrex|[miss]\n|-miss|p2a: Calyrex|p1b: Calyrex\n|move|p2b: Sinistcha|Shadow Ball|p1a: Lunala\n|-damage|p1a: Lunala|44/100\n|-unboost|p1a: Lunala|spd|1\n|\n|-heal|p1a: Lunala|50/100|[from] item: Leftovers\n|-end|p1a: Lunala|Encore\n|upkeep\n|turn|9\n|\n|t:|1746116757\n|switch|p1b: Incineroar|Incineroar, L50, F|68/100\n|-ability|p1b: Incineroar|Intimidate|boost\n|-unboost|p2a: Calyrex|atk|1\n|-unboost|p2b: Sinistcha|atk|1\n|move|p1a: Lunala|Wide Guard|p1a: Lunala\n|-singleturn|p1a: Lunala|Wide Guard\n|move|p2a: Calyrex|Glacial Lance|p1b: Incineroar|[spread] \n|-activate|p1a: Lunala|move: Wide Guard\n|-activate|p1b: Incineroar|move: Wide Guard\n|move|p2b: Sinistcha|Shadow Ball|p1b: Incineroar\n|-resisted|p1b: Incineroar\n|-damage|p1b: Incineroar|48/100\n|\n|-heal|p1a: Lunala|56/100|[from] item: Leftovers\n|upkeep\n|turn|10\n|\n|t:|1746116781\n|move|p2a: Calyrex|Protect|p2a: Calyrex\n|-singleturn|p2a: Calyrex|Protect\n|move|p1b: Incineroar|Fake Out|p2a: Calyrex\n|-activate|p2a: Calyrex|move: Protect\n|move|p2b: Sinistcha|Shadow Ball|p1a: Lunala\n|-damage|p1a: Lunala|27/100\n|move|p1a: Lunala|Moongeist Beam|p2b: Sinistcha\n|-supereffective|p2b: Sinistcha\n|-enditem|p2b: Sinistcha|Focus Sash\n|-damage|p2b: Sinistcha|1/100\n|\n|-heal|p1a: Lunala|33/100|[from] item: Leftovers\n|-fieldend|move: Trick Room\n|upkeep\n|turn|11\n|\n|t:|1746116815\n|move|p1a: Lunala|Moongeist Beam|p2b: Sinistcha\n|-supereffective|p2b: Sinistcha\n|-damage|p2b: Sinistcha|0 fnt\n|faint|p2b: Sinistcha\n|move|p1b: Incineroar|Will-O-Wisp|p2a: Calyrex\n|-status|p2a: Calyrex|brn\n|move|p2a: Calyrex|Trick Room|p2a: Calyrex\n|-fieldstart|move: Trick Room|[of] p2a: Calyrex\n|\n|-heal|p1a: Lunala|39/100|[from] item: Leftovers\n|-damage|p2a: Calyrex|95/100 brn|[from] brn\n|upkeep\n|turn|12\n|-message|BellsproutFanWill forfeited.\n|\n|win|KingNeptuno\n|l|\u203dBellsproutFanWill\n|player|p2|\n||KingNeptuno is ready for game 2.\n||BellsproutFanWill is ready for game 2.\n|uhtml|next|Next: <a href=\"/battle-gen9vgc2025regibo3-2354754219\"><strong>Game 2 of 3</strong></a>\n|l|\u2606KingNeptuno\n|player|p1|\n", "uploadtime": 1746117148, "views": 5, "formatid": "gen9vgc2025regibo3", "rating": null, "private": 0, "password": null}