{"id": "gen9vgc2025regibo3-2353844253", "format": "[Gen 9] VGC 2025 Reg I (Bo3)", "players": ["GIULIANO10", "Aathibar"], "log": "|j|\u2606GIULIANO10\n|j|\u2606Aathibar\n|html|<table width=\"100%\"><tr><td align=\"left\">GIULIANO10</td><td align=\"right\">Aathibar</tr><tr><td align=\"left\"><i class=\"fa fa-circle-o\"></i> <i class=\"fa fa-circle-o\"></i> </td><td align=\"right\"><i class=\"fa fa-circle-o\"></i> <i class=\"fa fa-circle-o\"></i> </tr></table>\n|uhtml|bestof|<h2><strong>Game 1</strong> of <a href=\"/game-bestof3-gen9vgc2025regibo3-2353844252\">a best-of-3</a></h2>\n|t:|1746009208\n|gametype|doubles\n|player|p1|GIULIANO10|2|1108\n|player|p2|Aathibar|n|1131\n|teamsize|p1|6\n|teamsize|p2|6\n|gen|9\n|tier|[Gen 9] VGC 2025 Reg I (Bo3)\n|rated|\n|rule|Species Clause: Limit one of each Pok\u00e9mon\n|rule|Item Clause: Limit 1 of each item\n|clearpoke\n|poke|p1|Terapagos, L50, M|\n|poke|p1|Incineroar, L50, F|\n|poke|p1|Rillaboom, L50, M|\n|poke|p1|Gastrodon, L50, M|\n|poke|p1|Zamazenta-*, L50|\n|poke|p1|Flutter Mane, L50|\n|poke|p2|Calyrex-Shadow, L50|\n|poke|p2|Koraidon, L50|\n|poke|p2|Toedscruel, L50, M|\n|poke|p2|Sableye, L50, M|\n|poke|p2|Indeedee-F, L50, F|\n|poke|p2|Incineroar, L50, M|\n|teampreview|4\n|showteam|p1|Terapagos||Leftovers|TeraShift|TeraStarstorm,Protect,CalmMind,Substitute|||M|||50|,,,,,Stellar]Incineroar||RockyHelmet|Intimidate|FakeOut,KnockOff,PartingShot,WillOWisp|||F|||50|,,,,,Water]Rillaboom||AssaultVest|GrassySurge|FakeOut,Uturn,GrassyGlide,WoodHammer|||M|||50|,,,,,Grass]Gastrodon||CovertCloak|StormDrain|MuddyWater,EarthPower,Yawn,Recover|||M|||50|,,,,,Fire]Zamazenta-Crowned||RustedShield|DauntlessShield|BodyPress,Protect,WideGuard,HeavySlam||||||50|,,,,,Fire]Flutter Mane||FocusSash|Protosynthesis|DazzlingGleam,ShadowBall,IcyWind,Protect||||||50|,,,,,Fairy\n|showteam|p2|Calyrex-Shadow||LifeOrb|AsOneSpectrier|AstralBarrage,DrainingKiss,Protect,NastyPlot||||||50|,,,,,Water]Koraidon||ClearAmulet|OrichalcumPulse|CollisionCourse,FlareBlitz,FlameCharge,Protect||||||50|,,,,,Fire]Toedscruel||CovertCloak|MyceliumMight|Spore,ScaryFace,RagePowder,FoulPlay|||M|||50|,,,,,Water]Sableye||IronBall|Prankster|FakeOut,SkillSwap,PoisonJab,Trick|||M|||50|,,,,,Dark]Indeedee-F||PsychicSeed|PsychicSurge|HelpingHand,TrickRoom,Imprison,Protect|||F|||50|,,,,,Fairy]Incineroar||SafetyGoggles|Intimidate|FakeOut,KnockOff,Protect,PartingShot|||M|||50|,,,,,Ghost\n|inactive|Battle timer is ON: inactive players will automatically lose when time's up. (requested by Aathibar)\n|inactive|GIULIANO10 has 60 seconds left.\n|\n|t:|1746009264\n|start\n|switch|p1a: Rillaboom|Rillaboom, L50, M|100/100\n|switch|p1b: Zamazenta|Zamazenta-Crowned, L50, shiny|100/100\n|switch|p2a: Toedscruel|Toedscruel, L50, M|100/100\n|switch|p2b: Sableye|Sableye, L50, M|100/100\n|-ability|p1b: Zamazenta|Dauntless Shield|boost\n|-boost|p1b: Zamazenta|def|1\n|-fieldstart|move: Grassy Terrain|[from] ability: Grassy Surge|[of] p1a: Rillaboom\n|turn|1\n|inactive|Aathibar has 30 seconds left.\n|inactive|Aathibar has 20 seconds left.\n|inactive|Aathibar has 15 seconds left.\n|\n|t:|1746009307\n|move|p2b: Sableye|Skill Swap|p2a: Toedscruel\n|-activate|p2b: Sableye|move: Skill Swap|||[of] p2a: Toedscruel\n|move|p2a: Toedscruel|Spore|p1b: Zamazenta\n|-status|p1b: Zamazenta|slp|[from] move: Spore\n|cant|p1b: Zamazenta|slp\n|move|p1a: Rillaboom|Wood Hammer|p2a: Toedscruel\n|-damage|p2a: Toedscruel|25/100\n|-damage|p1a: Rillaboom|77/100|[from] Recoil\n|\n|-heal|p2a: Toedscruel|31/100|[from] Grassy Terrain\n|-heal|p1a: Rillaboom|83/100|[from] Grassy Terrain\n|upkeep\n|turn|2\n|inactive|Aathibar has 30 seconds left.\n|\n|t:|1746009333\n|switch|p2b: Calyrex|Calyrex-Shadow, L50|100/100\n|-ability|p2b: Calyrex|As One\n|-ability|p2b: Calyrex|Unnerve\n|move|p2a: Toedscruel|Rage Powder|p2a: Toedscruel\n|-singleturn|p2a: Toedscruel|move: Rage Powder\n|cant|p1b: Zamazenta|slp\n|move|p1a: Rillaboom|Wood Hammer|p2b: Calyrex\n|-damage|p2b: Calyrex|6/100\n|-damage|p1a: Rillaboom|57/100|[from] Recoil\n|\n|-heal|p2b: Calyrex|12/100|[from] Grassy Terrain\n|-heal|p2a: Toedscruel|37/100|[from] Grassy Terrain\n|-heal|p1a: Rillaboom|63/100|[from] Grassy Terrain\n|upkeep\n|turn|3\n|\n|t:|1746009358\n|move|p1a: Rillaboom|Grassy Glide|p2b: Calyrex\n|-damage|p2b: Calyrex|0 fnt\n|faint|p2b: Calyrex\n|cant|p1b: Zamazenta|slp\n|move|p2a: Toedscruel|Foul Play|p1a: Rillaboom\n|-damage|p1a: Rillaboom|34/100\n|\n|-heal|p2a: Toedscruel|43/100|[from] Grassy Terrain\n|-heal|p1a: Rillaboom|40/100|[from] Grassy Terrain\n|upkeep\n|\n|t:|1746009367\n|switch|p2b: Koraidon|Koraidon, L50|100/100\n|-weather|SunnyDay|[from] ability: Orichalcum Pulse|[of] p2b: Koraidon\n|-activate|p2b: Koraidon|Orichalcum Pulse|[source]\n|turn|4\n|\n|t:|1746009383\n|-terastallize|p1b: Zamazenta|Fire\n|-terastallize|p2b: Koraidon|Fire\n|move|p2a: Toedscruel|Scary Face|p1b: Zamazenta\n|-unboost|p1b: Zamazenta|spe|2\n|move|p1a: Rillaboom|Grassy Glide|p2a: Toedscruel\n|-damage|p2a: Toedscruel|9/100\n|move|p2b: Koraidon|Flame Charge|p1a: Rillaboom\n|-supereffective|p1a: Rillaboom\n|-damage|p1a: Rillaboom|0 fnt\n|-boost|p2b: Koraidon|spe|1\n|faint|p1a: Rillaboom\n|-curestatus|p1b: Zamazenta|slp|[msg]\n|move|p1b: Zamazenta|Body Press|p2b: Koraidon\n|-damage|p2b: Koraidon|42/100\n|\n|-weather|SunnyDay|[upkeep]\n|-heal|p2b: Koraidon|48/100|[from] Grassy Terrain\n|-heal|p2a: Toedscruel|14/100|[from] Grassy Terrain\n|upkeep\n|\n|t:|1746009394\n|switch|p1a: Incineroar|Incineroar, L50, F|100/100\n|-ability|p1a: Incineroar|Intimidate|boost\n|-unboost|p2a: Toedscruel|atk|1\n|-fail|p2b: Koraidon|unboost|[from] item: Clear Amulet|[of] p2b: Koraidon\n|turn|5\n|\n|t:|1746009410\n|move|p2a: Toedscruel|Rage Powder|p2a: Toedscruel\n|-singleturn|p2a: Toedscruel|move: Rage Powder\n|move|p1a: Incineroar|Fake Out|p2a: Toedscruel\n|-damage|p2a: Toedscruel|3/100\n|move|p2b: Koraidon|Collision Course|p1a: Incineroar\n|-supereffective|p1a: Incineroar\n|-damage|p1a: Incineroar|0 fnt\n|-damage|p2b: Koraidon|31/100|[from] item: Rocky Helmet|[of] p1a: Incineroar\n|faint|p1a: Incineroar\n|move|p1b: Zamazenta|Body Press|p2a: Toedscruel\n|-damage|p2a: Toedscruel|0 fnt\n|faint|p2a: Toedscruel\n|\n|-weather|SunnyDay|[upkeep]\n|-heal|p2b: Koraidon|37/100|[from] Grassy Terrain\n|-fieldend|move: Grassy Terrain\n|upkeep\n|\n|t:|1746009426\n|switch|p2a: Sableye|Sableye, L50, M|100/100\n|switch|p1a: Terapagos|Terapagos, L50, M|100/100\n|-activate|p1a: Terapagos|ability: Tera Shift\n|detailschange|p1a: Terapagos|Terapagos-Terastal, L50, M\n|-heal|p1a: Terapagos|100/100|[silent]\n|turn|6\n|\n|t:|1746009449\n|move|p1a: Terapagos|Protect|p1a: Terapagos\n|-singleturn|p1a: Terapagos|Protect\n|move|p1b: Zamazenta|Protect|p1b: Zamazenta\n|-singleturn|p1b: Zamazenta|Protect\n|move|p2a: Sableye|Fake Out|p1a: Terapagos\n|-activate|p1a: Terapagos|move: Protect\n|move|p2b: Koraidon|Collision Course|p1a: Terapagos\n|-activate|p1a: Terapagos|move: Protect\n|\n|-weather|SunnyDay|[upkeep]\n|upkeep\n|turn|7\n|\n|t:|1746009470\n|move|p2a: Sableye|Skill Swap||[still]\n|-fail|p2a: Sableye\n|move|p2b: Koraidon|Collision Course|p1a: Terapagos\n|-activate|p1a: Terapagos|ability: Tera Shell\n|-resisted|p1a: Terapagos\n|-damage|p1a: Terapagos|68/100\n|move|p1a: Terapagos|Substitute|p1a: Terapagos\n|-start|p1a: Terapagos|Substitute\n|-damage|p1a: Terapagos|43/100\n|move|p1b: Zamazenta|Body Press|p2b: Koraidon\n|-damage|p2b: Koraidon|0 fnt\n|faint|p2b: Koraidon\n|\n|-weather|SunnyDay|[upkeep]\n|-heal|p1a: Terapagos|49/100|[from] item: Leftovers\n|upkeep\n|turn|8\n|-message|Aathibar forfeited.\n|\n|win|GIULIANO10\n|l|\u2606Aathibar\n|player|p2|\n||GIULIANO10 is ready for game 2.\n||Aathibar is ready for game 2.\n|uhtml|next|Next: <a href=\"/battle-gen9vgc2025regibo3-2353846094\"><strong>Game 2 of 3</strong></a>\n|l|\u2606GIULIANO10\n|player|p1|\n", "uploadtime": 1746009861, "views": 6, "formatid": "gen9vgc2025regibo3", "rating": null, "private": 0, "password": null}