{"id": "gen9vgc2025regibo3-2354562756", "format": "[Gen 9] VGC 2025 Reg I (Bo3)", "players": ["PresentBlue", "bilun1234"], "log": "|j|\u2606PresentBlue\n|j|\u2606bilun1234\n|html|<table width=\"100%\"><tr><td align=\"left\">PresentBlue</td><td align=\"right\">bilun1234</tr><tr><td align=\"left\"><i class=\"fa fa-circle-o\"></i> <i class=\"fa fa-circle-o\"></i> </td><td align=\"right\"><i class=\"fa fa-circle-o\"></i> <i class=\"fa fa-circle-o\"></i> </tr></table>\n|uhtml|bestof|<h2><strong>Game 1</strong> of <a href=\"/game-bestof3-gen9vgc2025regibo3-2354562755\">a best-of-3</a></h2>\n|t:|1746094975\n|gametype|doubles\n|player|p1|PresentBlue|102|1086\n|player|p2|bilun1234|2|1060\n|teamsize|p1|6\n|teamsize|p2|6\n|gen|9\n|tier|[Gen 9] VGC 2025 Reg I (Bo3)\n|rated|\n|rule|Species Clause: Limit one of each Pok\u00e9mon\n|rule|Item Clause: Limit 1 of each item\n|clearpoke\n|poke|p1|Blissey, L50, F|\n|poke|p1|Corviknight, L50, F|\n|poke|p1|Clodsire, L50, F|\n|poke|p1|Urshifu-*, L50, M|\n|poke|p1|Kyogre, L50|\n|poke|p1|Giratina, L50|\n|poke|p2|Calyrex-Ice, L50|\n|poke|p2|Miraidon, L50|\n|poke|p2|Charjabug, L50, F|\n|poke|p2|Archaludon, L50, F|\n|poke|p2|Pelipper, L50, F|\n|poke|p2|Farigiraf, L50, M|\n|teampreview|4\n|showteam|p1|Blissey||ShellBell|Healer|SoftBoiled,SeismicToss,DazzlingGleam,HelpingHand|||F|||50|,,,,,Normal]Corviknight||RockyHelmet|MirrorArmor|Roost,IronHead,Protect,Taunt|||F|||50|,,,,,Flying]Clodsire||SafetyGoggles|WaterAbsorb|ToxicSpikes,Toxic,Recover,Protect|||F|||50|,,,,,Steel]Urshifu-Rapid-Strike||FocusSash|UnseenFist|AquaJet,Protect,SurgingStrikes,DrainPunch|||M|||50|,,,,,Steel]Kyogre||SitrusBerry|Drizzle|Protect,Surf,IcyWind,Thunder||||||50|,,,,,Grass]Giratina||WeaknessPolicy|Telepathy|ConfuseRay,IcyWind,ShadowSneak,DragonTail||||||50|,,,,,Ghost\n|showteam|p2|Calyrex-Ice||ClearAmulet|AsOneGlastrier|TrickRoom,HighHorsepower,GlacialLance,Protect||||||50|,,,,,Water]Miraidon||SafetyGoggles|HadronEngine|DazzlingGleam,ElectroDrift,ParabolicCharge,Protect||||||50|,,,,,Fairy]Charjabug||Eviolite|Battery|StringShot,Protect,Lunge,StruggleBug|||F|||50|,,,,,Bug]Archaludon||AssaultVest|Stamina|ElectroShot,BodyPress,DragonPulse,Snarl|||F|||50|,,,,,Steel]Pelipper||DampRock|Drizzle|HelpingHand,Hurricane,Protect,Tailwind|||F|||50|,,,,,Dragon]Farigiraf||SitrusBerry|ArmorTail|HyperVoice,HelpingHand,TrickRoom,FoulPlay|||M|||50|,,,,,Grass\n|\n|t:|1746095057\n|start\n|switch|p1a: Clodsire|Clodsire, L50, F|100/100\n|switch|p1b: Kyogre|Kyogre, L50|100/100\n|switch|p2a: Calyrex|Calyrex-Ice, L50|100/100\n|switch|p2b: Farigiraf|Farigiraf, L50, M|100/100\n|-ability|p2a: Calyrex|As One\n|-ability|p2a: Calyrex|Unnerve\n|-weather|RainDance|[from] ability: Drizzle|[of] p1b: Kyogre\n|turn|1\n|\n|t:|1746095090\n|move|p2a: Calyrex|Protect|p2a: Calyrex\n|-singleturn|p2a: Calyrex|Protect\n|move|p1b: Kyogre|Surf|p2a: Calyrex|[spread] p2b\n|-activate|p2a: Calyrex|move: Protect\n|-immune|p1a: Clodsire|[from] ability: Water Absorb\n|-damage|p2b: Farigiraf|61/100\n|move|p1a: Clodsire|Toxic|p2a: Calyrex\n|-activate|p2a: Calyrex|move: Protect\n|move|p2b: Farigiraf|Trick Room|p2b: Farigiraf\n|-fieldstart|move: Trick Room|[of] p2b: Farigiraf\n|\n|-weather|RainDance|[upkeep]\n|upkeep\n|turn|2\n|\n|t:|1746095117\n|move|p2b: Farigiraf|Helping Hand|p2a: Calyrex\n|-singleturn|p2a: Calyrex|Helping Hand|[of] p2b: Farigiraf\n|move|p1a: Clodsire|Protect|p1a: Clodsire\n|-singleturn|p1a: Clodsire|Protect\n|move|p2a: Calyrex|Glacial Lance|p1b: Kyogre|[spread] p1b\n|-activate|p1a: Clodsire|move: Protect\n|-resisted|p1b: Kyogre\n|-damage|p1b: Kyogre|74/100\n|move|p1b: Kyogre|Surf|p2a: Calyrex|[spread] p2a,p2b\n|-activate|p1a: Clodsire|move: Protect\n|-damage|p2a: Calyrex|69/100\n|-damage|p2b: Farigiraf|20/100\n|-enditem|p2b: Farigiraf|Sitrus Berry|[eat]\n|-heal|p2b: Farigiraf|45/100|[from] item: Sitrus Berry\n|\n|-weather|RainDance|[upkeep]\n|upkeep\n|turn|3\n|\n|t:|1746095146\n|-terastallize|p2a: Calyrex|Water\n|move|p2b: Farigiraf|Helping Hand|p2a: Calyrex\n|-singleturn|p2a: Calyrex|Helping Hand|[of] p2b: Farigiraf\n|move|p1b: Kyogre|Protect|p1b: Kyogre\n|-singleturn|p1b: Kyogre|Protect\n|move|p1a: Clodsire|Toxic|p2a: Calyrex\n|-status|p2a: Calyrex|tox\n|move|p2a: Calyrex|Glacial Lance|p1a: Clodsire|[spread] p1a\n|-activate|p1b: Kyogre|move: Protect\n|-supereffective|p1a: Clodsire\n|-damage|p1a: Clodsire|0 fnt\n|faint|p1a: Clodsire\n|-ability|p2a: Calyrex|Chilling Neigh|boost\n|-boost|p2a: Calyrex|atk|1\n|\n|-weather|RainDance|[upkeep]\n|-damage|p2a: Calyrex|63/100 tox|[from] psn\n|upkeep\n|\n|t:|1746095173\n|switch|p1a: Urshifu|Urshifu-Rapid-Strike, L50, M|100/100\n|turn|4\n|\n|t:|1746095197\n|move|p2a: Calyrex|Protect|p2a: Calyrex\n|-singleturn|p2a: Calyrex|Protect\n|move|p1a: Urshifu|Protect|p1a: Urshifu\n|-singleturn|p1a: Urshifu|Protect\n|move|p2b: Farigiraf|Hyper Voice|p1a: Urshifu|[spread] p1b\n|-activate|p1a: Urshifu|move: Protect\n|-damage|p1b: Kyogre|58/100\n|move|p1b: Kyogre|Surf|p2a: Calyrex|[spread] p2b\n|-activate|p1a: Urshifu|move: Protect\n|-activate|p2a: Calyrex|move: Protect\n|-damage|p2b: Farigiraf|6/100\n|\n|-weather|RainDance|[upkeep]\n|-damage|p2a: Calyrex|51/100 tox|[from] psn\n|upkeep\n|turn|5\n|\n|t:|1746095234\n|move|p2b: Farigiraf|Helping Hand|p2a: Calyrex\n|-singleturn|p2a: Calyrex|Helping Hand|[of] p2b: Farigiraf\n|move|p2a: Calyrex|Glacial Lance|p1b: Kyogre|[spread] p1a,p1b\n|-resisted|p1a: Urshifu\n|-resisted|p1b: Kyogre\n|-damage|p1a: Urshifu|33/100\n|-damage|p1b: Kyogre|18/100\n|move|p1b: Kyogre|Icy Wind|p2b: Farigiraf|[spread] p2a\n|-miss|p1b: Kyogre|p2b: Farigiraf\n|-resisted|p2a: Calyrex\n|-damage|p2a: Calyrex|48/100 tox\n|move|p1a: Urshifu|Surging Strikes|p2a: Calyrex\n|-resisted|p2a: Calyrex\n|-crit|p2a: Calyrex\n|-damage|p2a: Calyrex|39/100 tox\n|-resisted|p2a: Calyrex\n|-crit|p2a: Calyrex\n|-damage|p2a: Calyrex|28/100 tox\n|-resisted|p2a: Calyrex\n|-crit|p2a: Calyrex\n|-damage|p2a: Calyrex|18/100 tox\n|-hitcount|p2a: Calyrex|3\n|\n|-weather|none\n|-damage|p2a: Calyrex|0 fnt|[from] psn\n|faint|p2a: Calyrex\n|-fieldend|move: Trick Room\n|upkeep\n|-enditem|p1b: Kyogre|Sitrus Berry|[eat]\n|-heal|p1b: Kyogre|43/100|[from] item: Sitrus Berry\n|\n|t:|1746095256\n|switch|p2a: Miraidon|Miraidon, L50|100/100\n|-fieldstart|move: Electric Terrain|[from] ability: Hadron Engine|[of] p2a: Miraidon\n|turn|6\n|\n|t:|1746095281\n|switch|p1a: Giratina|Giratina, L50|100/100\n|move|p2b: Farigiraf|Helping Hand|p2a: Miraidon\n|-singleturn|p2a: Miraidon|Helping Hand|[of] p2b: Farigiraf\n|move|p1b: Kyogre|Protect|p1b: Kyogre\n|-singleturn|p1b: Kyogre|Protect\n|move|p2a: Miraidon|Dazzling Gleam|p1b: Kyogre|[spread] p1a\n|-activate|p1b: Kyogre|move: Protect\n|-supereffective|p1a: Giratina\n|-damage|p1a: Giratina|58/100\n|-enditem|p1a: Giratina|Weakness Policy\n|-boost|p1a: Giratina|atk|2|[from] item: Weakness Policy\n|-boost|p1a: Giratina|spa|2|[from] item: Weakness Policy\n|\n|upkeep\n|turn|7\n|\n|t:|1746095322\n|switch|p2b: Charjabug|Charjabug, L50, F|100/100\n|-terastallize|p1a: Giratina|Ghost\n|move|p2a: Miraidon|Dazzling Gleam|p1b: Kyogre|[spread] p1a,p1b\n|-damage|p1a: Giratina|39/100\n|-damage|p1b: Kyogre|21/100\n|move|p1b: Kyogre|Icy Wind|p2a: Miraidon|[spread] p2a,p2b\n|-supereffective|p2a: Miraidon\n|-damage|p2a: Miraidon|78/100\n|-damage|p2b: Charjabug|91/100\n|-unboost|p2a: Miraidon|spe|1\n|-unboost|p2b: Charjabug|spe|1\n|move|p1a: Giratina|Dragon Tail|p2a: Miraidon\n|-supereffective|p2a: Miraidon\n|-damage|p2a: Miraidon|0 fnt\n|faint|p2a: Miraidon\n|\n|upkeep\n|\n|t:|1746095338\n|switch|p2a: Farigiraf|Farigiraf, L50, M|6/100\n|turn|8\n|\n|t:|1746095361\n|move|p1b: Kyogre|Icy Wind|p2b: Charjabug|[spread] p2a,p2b\n|-damage|p2a: Farigiraf|0 fnt\n|-damage|p2b: Charjabug|83/100\n|-unboost|p2b: Charjabug|spe|1\n|faint|p2a: Farigiraf\n|move|p2b: Charjabug|Struggle Bug|p1b: Kyogre|[spread] p1a,p1b\n|-resisted|p1a: Giratina\n|-damage|p1a: Giratina|37/100\n|-damage|p1b: Kyogre|16/100\n|-unboost|p1a: Giratina|spa|1\n|-unboost|p1b: Kyogre|spa|1\n|move|p1a: Giratina|Dragon Tail|p2b: Charjabug|[miss]\n|-miss|p1a: Giratina|p2b: Charjabug\n|\n|upkeep\n|turn|9\n|\n|t:|1746095388\n|move|p1b: Kyogre|Thunder|p2b: Charjabug|[miss]\n|-miss|p1b: Kyogre|p2b: Charjabug\n|move|p2b: Charjabug|Struggle Bug|p1b: Kyogre|[spread] p1a,p1b\n|-resisted|p1a: Giratina\n|-damage|p1a: Giratina|36/100\n|-damage|p1b: Kyogre|10/100\n|-unboost|p1a: Giratina|spa|1\n|-unboost|p1b: Kyogre|spa|1\n|move|p1a: Giratina|Dragon Tail|p2b: Charjabug\n|-damage|p2b: Charjabug|49/100\n|\n|upkeep\n|turn|10\n|\n|t:|1746095430\n|move|p1a: Giratina|Shadow Sneak|p2b: Charjabug\n|-damage|p2b: Charjabug|21/100\n|move|p1b: Kyogre|Thunder|p2b: Charjabug\n|-resisted|p2b: Charjabug\n|-damage|p2b: Charjabug|13/100\n|move|p2b: Charjabug|Lunge|p1b: Kyogre\n|-damage|p1b: Kyogre|0 fnt\n|faint|p1b: Kyogre\n|\n|-fieldend|move: Electric Terrain\n|upkeep\n|\n|t:|1746095440\n|switch|p1b: Urshifu|Urshifu-Rapid-Strike, L50, M|33/100\n|turn|11\n|\n|t:|1746095450\n|move|p1b: Urshifu|Surging Strikes|p2b: Charjabug\n|-crit|p2b: Charjabug\n|-damage|p2b: Charjabug|0 fnt\n|faint|p2b: Charjabug\n|-hitcount|p2: Charjabug|1\n|\n|win|PresentBlue\n|l|\u2606bilun1234\n|player|p2|\n|inactive|PresentBlue has 30 seconds to confirm battle start!\n|inactive|bilun1234 has 30 seconds to confirm battle start!\n|raw|PresentBlue's rating: 1059 &rarr; <strong>1089</strong><br />(+30 for winning)\n|raw|bilun1234's rating: 1041 &rarr; <strong>1026</strong><br />(-15 for losing)\n|l|\u2606PresentBlue\n|player|p1|\n", "uploadtime": 1746095817, "views": 7, "formatid": "gen9vgc2025regibo3", "rating": 1026, "private": 0, "password": null}