{"id": "gen9vgc2025regibo3-2354494951", "format": "[Gen 9] VGC 2025 Reg I (Bo3)", "players": ["Gworf", "stanhoff"], "log": "|j|\u2606Gworf\n|j|\u2606stanhoff\n|html|<table width=\"100%\"><tr><td align=\"left\">Gworf</td><td align=\"right\">stanhoff</tr><tr><td align=\"left\"><i class=\"fa fa-circle-o\"></i> <i class=\"fa fa-circle-o\"></i> </td><td align=\"right\"><i class=\"fa fa-circle-o\"></i> <i class=\"fa fa-circle\"></i> </tr></table>\n|uhtml|bestof|<h2><strong>Game 2</strong> of <a href=\"/game-bestof3-gen9vgc2025regibo3-2354493177\">a best-of-3</a></h2>\n|t:|1746081488\n|gametype|doubles\n|player|p1|Gworf|acetrainer-gen4dp|1171\n|player|p2|stanhoff|falkner|1175\n|teamsize|p1|6\n|teamsize|p2|6\n|gen|9\n|tier|[Gen 9] VGC 2025 Reg I (Bo3)\n|rated|\n|rule|Species Clause: Limit one of each Pok\u00e9mon\n|rule|Item Clause: Limit 1 of each item\n|clearpoke\n|poke|p1|Zamazenta-*, L50|\n|poke|p1|Calyrex-Shadow, L50|\n|poke|p1|Rillaboom, L50, M|\n|poke|p1|Ogerpon-Cornerstone, L50, F|\n|poke|p1|Tornadus, L50, M|\n|poke|p1|Ninetales, L50, F|\n|poke|p2|Calyrex-Shadow, L50|\n|poke|p2|Miraidon, L50|\n|poke|p2|Indeedee-F, L50, F|\n|poke|p2|Brute Bonnet, L50|\n|poke|p2|Iron Bundle, L50|\n|poke|p2|Sneasler, L50, F|\n|teampreview|4\n|showteam|p1|Zamazenta-Crowned||RustedShield|DauntlessShield|behemothbash,BodyPress,WideGuard,Protect||||||50|,,,,,Water]Calyrex-Shadow||FocusSash|AsOneSpectrier|AstralBarrage,Disable,Encore,Protect||||||50|,,,,,Ghost]Rillaboom||AssaultVest|GrassySurge|FakeOut,GrassyGlide,WoodHammer,Uturn|||M|||50|,,,,,Grass]Ogerpon-Cornerstone||CornerstoneMask|Sturdy|IvyCudgel,GrassyGlide,FollowMe,SpikyShield|||F|||50|,,,,,Rock]Tornadus||MentalHerb|Prankster|Tailwind,BleakwindStorm,Taunt,Substitute|||M|||50|,,,,,Ghost]Ninetales||LifeOrb|Drought|HeatWave,FireBlast,HelpingHand,Protect|||F|||50|,,,,,Fire\n|showteam|p2|Calyrex-Shadow||FocusSash|AsOneSpectrier|AstralBarrage,ExpandingForce,Disable,Protect||||||50|,,,,,Ghost]Miraidon||LifeOrb|HadronEngine|ElectroDrift,DracoMeteor,DazzlingGleam,Protect||||||50|,,,,,Fairy]Indeedee-F||PsychicSeed|PsychicSurge|FollowMe,AlluringVoice,TrickRoom,Imprison|||F|||50|,,,,,Fairy]Brute Bonnet||CovertCloak|Protosynthesis|Spore,SuckerPunch,SeedBomb,RagePowder||||||50|,,,,,Water]Iron Bundle||KingsRock|QuarkDrive|IcyWind,FreezeDry,Fling,Protect||||||50|,,,,,Grass]Sneasler||ElectricSeed|Unburden|FakeOut,Taunt,CloseCombat,Protect|||F|||50|,,,,,Dark\n|inactive|Battle timer is ON: inactive players will automatically lose when time's up. (requested by Gworf)\n|c|\u2606stanhoff|got lucky with miraidon positioning, able to shut off grassy glide priority\n|inactive|Gworf has 60 seconds left.\n|inactive|stanhoff has 60 seconds left.\n|c|\u2606Gworf|nah u played well im not even upset\n|c|\u2606Gworf|not my best work either tbh haha\n|c|\u2606stanhoff|the first few turns were funny\n|inactive|stanhoff has 30 seconds left.\n|\n|t:|1746081553\n|start\n|switch|p1a: Ninetales|Ninetales, L50, F|100/100\n|switch|p1b: Tornadus|Tornadus, L50, M|100/100\n|switch|p2a: Calyrex|Calyrex-Shadow, L50|100/100\n|switch|p2b: Brute Bonnet|Brute Bonnet, L50|100/100\n|-ability|p2a: Calyrex|As One\n|-ability|p2a: Calyrex|Unnerve\n|-weather|SunnyDay|[from] ability: Drought|[of] p1a: Ninetales\n|-activate|p2b: Brute Bonnet|ability: Protosynthesis\n|-start|p2b: Brute Bonnet|protosynthesisdef\n|turn|1\n|c|\u2606Gworf|yeah i was like wtfff\n|inactive|stanhoff has 30 seconds left.\n|inactive|stanhoff has 20 seconds left.\n|inactive|stanhoff has 15 seconds left.\n|\n|t:|1746081594\n|-terastallize|p2b: Brute Bonnet|Water\n|move|p1a: Ninetales|Protect|p1a: Ninetales\n|-singleturn|p1a: Ninetales|Protect\n|move|p1b: Tornadus|Tailwind|p1b: Tornadus\n|-sidestart|p1: Gworf|move: Tailwind\n|move|p2a: Calyrex|Astral Barrage|p1b: Tornadus|[spread] p1b\n|-activate|p1a: Ninetales|move: Protect\n|-damage|p1b: Tornadus|31/100\n|move|p2b: Brute Bonnet|Spore|p1b: Tornadus\n|-status|p1b: Tornadus|slp|[from] move: Spore\n|\n|-weather|SunnyDay|[upkeep]\n|upkeep\n|turn|2\n|inactive|Gworf has 30 seconds left.\n|\n|t:|1746081625\n|switch|p1a: Rillaboom|Rillaboom, L50, M|100/100\n|-fieldstart|move: Grassy Terrain|[from] ability: Grassy Surge|[of] p1a: Rillaboom\n|move|p2a: Calyrex|Protect|p2a: Calyrex\n|-singleturn|p2a: Calyrex|Protect\n|cant|p1b: Tornadus|slp\n|move|p2b: Brute Bonnet|Spore|p1a: Rillaboom\n|-immune|p1a: Rillaboom\n|\n|-weather|SunnyDay|[upkeep]\n|upkeep\n|turn|3\n|inactive|Gworf has 30 seconds left.\n|\n|t:|1746081656\n|move|p2b: Brute Bonnet|Sucker Punch|p1b: Tornadus\n|-damage|p1b: Tornadus|0 fnt\n|faint|p1b: Tornadus\n|move|p2a: Calyrex|Astral Barrage|p1a: Rillaboom\n|-damage|p1a: Rillaboom|45/100\n|move|p1a: Rillaboom|Wood Hammer|p2a: Calyrex\n|-damage|p2a: Calyrex|3/100\n|-damage|p1a: Rillaboom|18/100|[from] Recoil\n|\n|-weather|SunnyDay|[upkeep]\n|-heal|p2a: Calyrex|10/100|[from] Grassy Terrain\n|-heal|p1a: Rillaboom|24/100|[from] Grassy Terrain\n|upkeep\n|\n|t:|1746081677\n|switch|p1b: Ninetales|Ninetales, L50, F|100/100\n|turn|4\n|\n|t:|1746081690\n|move|p2a: Calyrex|Protect|p2a: Calyrex\n|-singleturn|p2a: Calyrex|Protect\n|move|p2b: Brute Bonnet|Sucker Punch|p1a: Rillaboom\n|-damage|p1a: Rillaboom|0 fnt\n|faint|p1a: Rillaboom\n|move|p1b: Ninetales|Heat Wave|p2b: Brute Bonnet|[spread] \n|-activate|p2a: Calyrex|move: Protect\n|-miss|p1b: Ninetales|p2b: Brute Bonnet\n|\n|-weather|SunnyDay|[upkeep]\n|-heal|p2a: Calyrex|16/100|[from] Grassy Terrain\n|-sideend|p1: Gworf|move: Tailwind\n|upkeep\n|c|\u2606Gworf|dang ive never seen a csr live that\n|c|\u2606stanhoff|wood hammer on terrain?\n|c|\u2606stanhoff|idk, im not calc'd for it\n|c|\u2606stanhoff|either way though, it is sash\n|inactive|Gworf has 30 seconds left.\n|inactive|Gworf has 20 seconds left.\n|c|\u2606Gworf|yeah oh ok i wasnt even paying attention to that lol too tired\n|inactive|Gworf has 15 seconds left.\n|\n|t:|1746081730\n|switch|p1a: Calyrex|Calyrex-Shadow, L50|100/100\n|-ability|p1a: Calyrex|As One\n|-ability|p1a: Calyrex|Unnerve\n|turn|5\n|\n|t:|1746081744\n|-terastallize|p1a: Calyrex|Ghost\n|move|p1b: Ninetales|Helping Hand|p1a: Calyrex\n|-singleturn|p1a: Calyrex|Helping Hand|[of] p1b: Ninetales\n|move|p2b: Brute Bonnet|Sucker Punch|p1a: Calyrex\n|-supereffective|p1a: Calyrex\n|-damage|p1a: Calyrex|27/100\n|move|p1a: Calyrex|Astral Barrage|p2b: Brute Bonnet|[spread] p2a,p2b\n|-supereffective|p2a: Calyrex\n|-damage|p2a: Calyrex|0 fnt\n|-damage|p2b: Brute Bonnet|24/100\n|faint|p2a: Calyrex\n|-ability|p1a: Calyrex|Grim Neigh|boost\n|-boost|p1a: Calyrex|spa|1\n|\n|-weather|none\n|-end|p2b: Brute Bonnet|Protosynthesis\n|-heal|p1a: Calyrex|33/100|[from] Grassy Terrain\n|-heal|p2b: Brute Bonnet|30/100|[from] Grassy Terrain\n|upkeep\n|\n|t:|1746081755\n|switch|p2a: Miraidon|Miraidon, L50|100/100\n|-fieldstart|move: Electric Terrain|[from] ability: Hadron Engine|[of] p2a: Miraidon\n|turn|6\n|inactive|Gworf has 30 seconds left.\n|\n|t:|1746081784\n|move|p2b: Brute Bonnet|Sucker Punch||[still]\n|-fail|p2b: Brute Bonnet\n|move|p1a: Calyrex|Disable|p2b: Brute Bonnet\n|-start|p2b: Brute Bonnet|Disable|Sucker Punch\n|move|p2a: Miraidon|Draco Meteor|p1b: Ninetales\n|-damage|p1b: Ninetales|0 fnt\n|-unboost|p2a: Miraidon|spa|2\n|faint|p1b: Ninetales\n|-damage|p2a: Miraidon|91/100|[from] item: Life Orb\n|\n|upkeep\n|turn|7\n|\n|t:|1746081795\n|-end|p2b: Brute Bonnet|Protosynthesis|[silent]\n|switch|p2b: Iron Bundle|Iron Bundle, L50|100/100\n|-activate|p2b: Iron Bundle|ability: Quark Drive\n|-start|p2b: Iron Bundle|quarkdrivespe\n|move|p2a: Miraidon|Protect|p2a: Miraidon\n|-singleturn|p2a: Miraidon|Protect\n|move|p1a: Calyrex|Astral Barrage|p2a: Miraidon|[spread] p2b\n|-activate|p2a: Miraidon|move: Protect\n|-damage|p2b: Iron Bundle|0 fnt\n|faint|p2b: Iron Bundle\n|-end|p2b: Iron Bundle|Quark Drive|[silent]\n|-ability|p1a: Calyrex|Grim Neigh|boost\n|-boost|p1a: Calyrex|spa|1\n|\n|upkeep\n|\n|t:|1746081805\n|switch|p2b: Brute Bonnet|Brute Bonnet, L50, tera:Water|30/100\n|turn|8\n|c|\u2606stanhoff|i think thats game\n|\n|t:|1746081817\n|move|p2b: Brute Bonnet|Sucker Punch||[still]\n|-fail|p2b: Brute Bonnet\n|move|p1a: Calyrex|Encore|p2a: Miraidon\n|-start|p2a: Miraidon|Encore\n|move|p2a: Miraidon|Protect||[still]\n|-fail|p2a: Miraidon\n|\n|upkeep\n|turn|9\n|inactive|Gworf has 30 seconds left.\n|inactive|stanhoff has 30 seconds left.\n|\n|t:|1746081845\n|move|p2a: Miraidon|Protect|p2a: Miraidon\n|-singleturn|p2a: Miraidon|Protect\n|move|p2b: Brute Bonnet|Sucker Punch||[still]\n|-fail|p2b: Brute Bonnet\n|move|p1a: Calyrex|Encore|p2b: Brute Bonnet\n|-start|p2b: Brute Bonnet|Encore\n|\n|upkeep\n|turn|10\n|\n|t:|1746081853\n|move|p2a: Miraidon|Protect|p2a: Miraidon\n|-singleturn|p2a: Miraidon|Protect\n|move|p2b: Brute Bonnet|Sucker Punch||[still]\n|-fail|p2b: Brute Bonnet\n|move|p1a: Calyrex|Disable|p2b: Brute Bonnet\n|-start|p2b: Brute Bonnet|Disable|Sucker Punch\n|\n|-end|p2a: Miraidon|Encore\n|-fieldend|move: Electric Terrain\n|upkeep\n|turn|11\n|\n|t:|1746081869\n|move|p1a: Calyrex|Astral Barrage|p2a: Miraidon|[spread] p2a,p2b\n|-crit|p2a: Miraidon\n|-damage|p2a: Miraidon|0 fnt\n|-damage|p2b: Brute Bonnet|0 fnt\n|faint|p2a: Miraidon\n|faint|p2b: Brute Bonnet\n|-end|p2b: Brute Bonnet|Protosynthesis|[silent]\n|\n|win|Gworf\n||Gworf is ready for game 3.\n|c|\u2606stanhoff|DAMN\n|c|\u2606stanhoff|nice\n|l|\u2606Gworf\n|player|p1|\n||stanhoff is ready for game 3.\n|uhtml|next|Next: <a href=\"/battle-gen9vgc2025regibo3-2354496901\"><strong>Game 3 of 3</strong></a>\n", "uploadtime": 1746082211, "views": 31, "formatid": "gen9vgc2025regibo3", "rating": null, "private": 0, "password": null}