{"id": "gen9vgc2025regibo3-2353618243", "format": "[Gen 9] VGC 2025 Reg I (Bo3)", "players": ["Taste the raynbow", "ControlGeek"], "log": "|j|\u2606Taste the raynbow\n|j|\u2606ControlGeek\n|html|<table width=\"100%\"><tr><td align=\"left\">Taste the raynbow</td><td align=\"right\">ControlGeek</tr><tr><td align=\"left\"><i class=\"fa fa-circle-o\"></i> <i class=\"fa fa-circle-o\"></i> </td><td align=\"right\"><i class=\"fa fa-circle-o\"></i> <i class=\"fa fa-circle-o\"></i> </tr></table>\n|uhtml|bestof|<h2><strong>Game 1</strong> of <a href=\"/game-bestof3-gen9vgc2025regibo3-2353618242\">a best-of-3</a></h2>\n|t:|1745975205\n|gametype|doubles\n|player|p1|Taste the raynbow|clerkf|\n|player|p2|ControlGeek|102|\n|teamsize|p1|6\n|teamsize|p2|6\n|gen|9\n|tier|[Gen 9] VGC 2025 Reg I (Bo3)\n|rule|Species Clause: Limit one of each Pok\u00e9mon\n|rule|Item Clause: Limit 1 of each item\n|clearpoke\n|poke|p1|Zamazenta-*, L50|\n|poke|p1|Calyrex-Shadow, L50|\n|poke|p1|Urshifu-*, L50, M|\n|poke|p1|Incineroar, L50, F|\n|poke|p1|Tornadus, L50, M|\n|poke|p1|Raging Bolt, L50|\n|poke|p2|Koraidon, L50|\n|poke|p2|Lunala, L50|\n|poke|p2|Whimsicott, L50, F|\n|poke|p2|Entei, L50|\n|poke|p2|Scream Tail, L50|\n|poke|p2|Frosmoth, L50, F|\n|teampreview|4\n|showteam|p1|Zamazenta-Crowned||RustedShield|DauntlessShield|BodyPress,WideGuard,Protect,HeavySlam||||||50|,,,,,Ghost]Calyrex-Shadow||FocusSash|AsOneSpectrier|AstralBarrage,PollenPuff,Encore,Protect||||||50|,,,,,Dark]Urshifu-Rapid-Strike||ChoiceScarf|UnseenFist|SurgingStrikes,CloseCombat,RockTomb,Uturn|||M|||50|,,,,,Water]Incineroar||SafetyGoggles|Intimidate|FakeOut,Uturn,HelpingHand,KnockOff|||F|||50|,,,,,Bug]Tornadus||RockyHelmet|Prankster|BleakwindStorm,Tailwind,Protect,RainDance|||M|||50|,,,,,Dark]Raging Bolt||AssaultVest|Protosynthesis|Electroweb,DracoMeteor,Thunderclap,VoltSwitch||||||50|,,,,,Electric\n|showteam|p2|Koraidon||LifeOrb|OrichalcumPulse|CloseCombat,FlareBlitz,FlameCharge,Protect||||||50|,,,,,Fire]Lunala||PowerHerb|ShadowShield|MoongeistBeam,MeteorBeam,TrickRoom,WideGuard||||||50|,,,,,Fairy]Whimsicott||FocusSash|Prankster|Moonblast,Tailwind,SunnyDay,MistyTerrain|||F|||50|,,,,,Ghost]Entei||ChoiceBand|InnerFocus|SacredFire,ExtremeSpeed,StompingTantrum,Crunch||||||50|,,,,,Normal]Scream Tail||BoosterEnergy|Protosynthesis|Encore,Disable,DazzlingGleam,Protect||||||50|,,,,,Fairy]Frosmoth||CovertCloak|IceScales|IceBeam,StruggleBug,HelpingHand,WideGuard|||F|||50|,,,,,Water\n|c|\u2606Taste the raynbow|glhf\n|inactive|Battle timer is ON: inactive players will automatically lose when time's up. (requested by ControlGeek)\n|\n|t:|1745975256\n|start\n|switch|p1a: Calyrex|Calyrex-Shadow, L50|100/100\n|switch|p1b: Tornadus|Tornadus, L50, M|100/100\n|switch|p2a: Joyboy|Koraidon, L50|100/100\n|switch|p2b: Puffle|Whimsicott, L50, F|100/100\n|-ability|p1a: Calyrex|As One\n|-ability|p1a: Calyrex|Unnerve\n|-weather|SunnyDay|[from] ability: Orichalcum Pulse|[of] p2a: Joyboy\n|-activate|p2a: Joyboy|Orichalcum Pulse|[source]\n|turn|1\n|inactive|Taste the raynbow has 30 seconds left.\n|c|\u2606ControlGeek|glhf\n|inactive|Taste the raynbow has 20 seconds left.\n|\n|t:|1745975292\n|move|p1b: Tornadus|Tailwind|p1b: Tornadus\n|-sidestart|p1: Taste the raynbow|move: Tailwind\n|move|p1a: Calyrex|Astral Barrage|p2b: Puffle|[spread] p2a,p2b\n|-damage|p2a: Joyboy|44/100\n|-damage|p2b: Puffle|1/100\n|move|p2a: Joyboy|Flare Blitz|p1a: Calyrex\n|-enditem|p1a: Calyrex|Focus Sash\n|-damage|p1a: Calyrex|1/100\n|-damage|p2a: Joyboy|11/100|[from] Recoil\n|-damage|p2a: Joyboy|1/100|[from] item: Life Orb\n|move|p2b: Puffle|Moonblast|p1a: Calyrex\n|-damage|p1a: Calyrex|0 fnt\n|faint|p1a: Calyrex\n|\n|-weather|SunnyDay|[upkeep]\n|upkeep\n|\n|t:|1745975311\n|switch|p1a: Incineroar|Incineroar, L50, F|100/100\n|-ability|p1a: Incineroar|Intimidate|boost\n|-unboost|p2a: Joyboy|atk|1\n|-unboost|p2b: Puffle|atk|1\n|turn|2\n|\n|t:|1745975329\n|switch|p2b: Khonshu|Lunala, L50|100/100\n|move|p2a: Joyboy|Protect|p2a: Joyboy\n|-singleturn|p2a: Joyboy|Protect\n|move|p1a: Incineroar|Fake Out|p2b: Khonshu\n|-immune|p2b: Khonshu\n|move|p1b: Tornadus|Bleakwind Storm|p2a: Joyboy|[spread] \n|-activate|p2a: Joyboy|move: Protect\n|-miss|p1b: Tornadus|p2b: Khonshu\n|\n|-weather|SunnyDay|[upkeep]\n|upkeep\n|turn|3\n|inactive|Taste the raynbow has 30 seconds left.\n|inactive|ControlGeek has 30 seconds left.\n|\n|t:|1745975359\n|switch|p1a: Raging Bolt|Raging Bolt, L50|100/100\n|-activate|p1a: Raging Bolt|ability: Protosynthesis\n|-start|p1a: Raging Bolt|protosynthesisspa\n|-terastallize|p2b: Khonshu|Fairy\n|move|p1b: Tornadus|Bleakwind Storm|p2b: Khonshu|[spread] p2a,p2b\n|-supereffective|p2a: Joyboy\n|-damage|p2a: Joyboy|0 fnt\n|-damage|p2b: Khonshu|90/100\n|faint|p2a: Joyboy\n|move|p2b: Khonshu|Trick Room|p2b: Khonshu\n|-fieldstart|move: Trick Room|[of] p2b: Khonshu\n|\n|-weather|SunnyDay|[upkeep]\n|upkeep\n|\n|t:|1745975374\n|switch|p2a: Flame Emperor|Entei, L50|100/100\n|turn|4\n|inactive|Taste the raynbow has 30 seconds left.\n|inactive|Taste the raynbow has 20 seconds left.\n|\n|t:|1745975417\n|-terastallize|p1a: Raging Bolt|Electric\n|move|p1b: Tornadus|Protect|p1b: Tornadus\n|-singleturn|p1b: Tornadus|Protect\n|move|p2a: Flame Emperor|Extreme Speed|p1b: Tornadus\n|-activate|p1b: Tornadus|move: Protect\n|move|p1a: Raging Bolt|Thunderclap|p2b: Khonshu\n|-damage|p2b: Khonshu|45/100\n|move|p2b: Khonshu|Meteor Beam||[still]\n|-prepare|p2b: Khonshu|Meteor Beam\n|-boost|p2b: Khonshu|spa|1\n|-enditem|p2b: Khonshu|Power Herb\n|-anim|p2b: Khonshu|Meteor Beam|p1a: Raging Bolt\n|-damage|p1a: Raging Bolt|65/100\n|\n|-weather|SunnyDay|[upkeep]\n|-sideend|p1: Taste the raynbow|move: Tailwind\n|upkeep\n|turn|5\n|inactive|Taste the raynbow has 30 seconds left.\n|inactive|ControlGeek has 30 seconds left.\n|inactive|Taste the raynbow has 20 seconds left.\n|\n|t:|1745975456\n|move|p2b: Khonshu|Wide Guard|p2b: Khonshu\n|-singleturn|p2b: Khonshu|Wide Guard\n|move|p2a: Flame Emperor|Extreme Speed|p1a: Raging Bolt\n|-damage|p1a: Raging Bolt|30/100\n|move|p1a: Raging Bolt|Thunderclap||[still]\n|-fail|p1a: Raging Bolt\n|move|p1b: Tornadus|Bleakwind Storm|p2a: Flame Emperor|[spread] \n|-activate|p2a: Flame Emperor|move: Wide Guard\n|-activate|p2b: Khonshu|move: Wide Guard\n|\n|-weather|none\n|-end|p1a: Raging Bolt|Protosynthesis\n|upkeep\n|turn|6\n|inactive|Taste the raynbow has 30 seconds left.\n|inactive|Taste the raynbow has 20 seconds left.\n|\n|t:|1745975491\n|-end|p1a: Raging Bolt|Protosynthesis|[silent]\n|switch|p1a: Incineroar|Incineroar, L50, F|100/100\n|-ability|p1a: Incineroar|Intimidate|boost\n|-fail|p2a: Flame Emperor|unboost|Attack|[from] ability: Inner Focus|[of] p2a: Flame Emperor\n|-unboost|p2b: Khonshu|atk|1\n|move|p2a: Flame Emperor|Extreme Speed|p1a: Incineroar\n|-damage|p1a: Incineroar|72/100\n|move|p2b: Khonshu|Moongeist Beam|p1b: Tornadus\n|-damage|p1b: Tornadus|10/100\n|move|p1b: Tornadus|Bleakwind Storm|p2b: Khonshu|[spread] p2a,p2b\n|-damage|p2a: Flame Emperor|65/100\n|-damage|p2b: Khonshu|24/100\n|-unboost|p2b: Khonshu|spe|1\n|\n|upkeep\n|turn|7\n|inactive|Taste the raynbow has 30 seconds left.\n|inactive|ControlGeek has 30 seconds left.\n|\n|t:|1745975520\n|move|p1b: Tornadus|Protect|p1b: Tornadus\n|-singleturn|p1b: Tornadus|Protect\n|move|p2a: Flame Emperor|Extreme Speed|p1b: Tornadus\n|-activate|p1b: Tornadus|move: Protect\n|move|p1a: Incineroar|Knock Off|p2a: Flame Emperor\n|-damage|p2a: Flame Emperor|27/100\n|-enditem|p2a: Flame Emperor|Choice Band|[from] move: Knock Off|[of] p1a: Incineroar\n|move|p2b: Khonshu|Meteor Beam||[still]\n|-prepare|p2b: Khonshu|Meteor Beam\n|-boost|p2b: Khonshu|spa|1\n|\n|-fieldend|move: Trick Room\n|upkeep\n|turn|8\n|inactive|Taste the raynbow has 30 seconds left.\n|inactive|Taste the raynbow has 20 seconds left.\n|inactive|Taste the raynbow has 15 seconds left.\n|\n|t:|1745975565\n|move|p2a: Flame Emperor|Extreme Speed|p1b: Tornadus\n|-damage|p1b: Tornadus|0 fnt\n|-damage|p2a: Flame Emperor|10/100|[from] item: Rocky Helmet|[of] p1b: Tornadus\n|faint|p1b: Tornadus\n|move|p2b: Khonshu|Meteor Beam|p1a: Incineroar|[from] lockedmove\n|-supereffective|p1a: Incineroar\n|-damage|p1a: Incineroar|0 fnt\n|faint|p1a: Incineroar\n|\n|upkeep\n|\n|t:|1745975575\n|switch|p1a: Raging Bolt|Raging Bolt, L50, tera:Electric|30/100\n|turn|9\n|\n|t:|1745975582\n|move|p2a: Flame Emperor|Extreme Speed|p1a: Raging Bolt\n|-crit|p1a: Raging Bolt\n|-damage|p1a: Raging Bolt|0 fnt\n|faint|p1a: Raging Bolt\n|-end|p1a: Raging Bolt|Protosynthesis|[silent]\n|\n|win|ControlGeek\n||Taste the raynbow is ready for game 2.\n||ControlGeek is ready for game 2.\n|uhtml|next|Next: <a href=\"/battle-gen9vgc2025regibo3-2353621336\"><strong>Game 2 of 3</strong></a>\n|l|\u2606Taste the raynbow\n|player|p1|\n", "uploadtime": 1745975944, "views": 14, "formatid": "gen9vgc2025regibo3", "rating": null, "private": 0, "password": null}