{"id": "gen9vgc2025regibo3-2354805612", "format": "[Gen 9] VGC 2025 Reg I (Bo3)", "players": ["maddokyoma", "wishlocals"], "log": "|j|\u2606maddokyoma\n|j|\u2606wishlocals\n|html|<table width=\"100%\"><tr><td align=\"left\">maddokyoma</td><td align=\"right\">wishlocals</tr><tr><td align=\"left\"><i class=\"fa fa-circle\"></i> <i class=\"fa fa-circle-o\"></i> </td><td align=\"right\"><i class=\"fa fa-circle-o\"></i> <i class=\"fa fa-circle\"></i> </tr></table>\n|uhtml|bestof|<h2><strong>Game 3</strong> of <a href=\"/game-bestof3-gen9vgc2025regibo3-2354800865\">a best-of-3</a></h2>\n|t:|1746121319\n|gametype|doubles\n|player|p1|maddokyoma|volo|1316\n|player|p2|wishlocals|265|1254\n|teamsize|p1|6\n|teamsize|p2|6\n|gen|9\n|tier|[Gen 9] VGC 2025 Reg I (Bo3)\n|rated|\n|rule|Species Clause: Limit one of each Pok\u00e9mon\n|rule|Item Clause: Limit 1 of each item\n|clearpoke\n|poke|p1|Miraidon, L50|\n|poke|p1|Iron Hands, L50|\n|poke|p1|Pelipper, L50, M|\n|poke|p1|Ogerpon-Wellspring, L50, F|\n|poke|p1|Farigiraf, L50, M|\n|poke|p1|Calyrex-Ice, L50|\n|poke|p2|Calyrex-Ice, L50|\n|poke|p2|Miraidon, L50|\n|poke|p2|Iron Hands, L50|\n|poke|p2|Ogerpon-Hearthflame, L50, F|\n|poke|p2|Urshifu-*, L50, F|\n|poke|p2|Farigiraf, L50, F|\n|teampreview|4\n|showteam|p1|Miraidon||LifeOrb|HadronEngine|Protect,DracoMeteor,ElectroDrift,VoltSwitch||||||50|,,,,,Electric]Iron Hands||ElectricSeed|QuarkDrive|Protect,SwordsDance,DrainPunch,ThunderPunch||||||50|,,,,,Grass]Pelipper||FocusSash|Drizzle|Tailwind,WideGuard,WeatherBall,Hurricane|||M|||50|,,,,,Ground]Ogerpon-Wellspring||WellspringMask|WaterAbsorb|FollowMe,SwordsDance,IvyCudgel,SpikyShield|||F|||50|,,,,,Water]Farigiraf||RockyHelmet|ArmorTail|DazzlingGleam,Protect,HelpingHand,TrickRoom|||M|||50|,,,,,Fairy]Calyrex-Ice||ClearAmulet|AsOneGlastrier|GlacialLance,HighHorsepower,TrickRoom,Protect||||||50|,,,,,Normal\n|showteam|p2|Calyrex-Ice||ClearAmulet|AsOneGlastrier|GlacialLance,HighHorsepower,TrickRoom,Protect||||||50|,,,,,Water]Miraidon||ChoiceSpecs|HadronEngine|ElectroDrift,DracoMeteor,DazzlingGleam,VoltSwitch||||||50|,,,,,Fairy]Iron Hands||AssaultVest|QuarkDrive|FakeOut,DrainPunch,WildCharge,LowKick||||||50|,,,,,Bug]Ogerpon-Hearthflame||HearthflameMask|MoldBreaker|IvyCudgel,PowerWhip,FollowMe,SpikyShield|||F|||50|,,,,,Fire]Urshifu-Rapid-Strike||FocusSash|UnseenFist|SurgingStrikes,CloseCombat,AquaJet,Detect|||F|||50|,,,,,Stellar]Farigiraf||ElectricSeed|ArmorTail|FoulPlay,TrickRoom,HelpingHand,Psychic|||F|||50|,,,,,Dark\n|inactive|Battle timer is ON: inactive players will automatically lose when time's up. (requested by maddokyoma)\n|inactive|maddokyoma has 60 seconds left.\n|\n|t:|1746121373\n|start\n|switch|p1a: Miraidon|Miraidon, L50|100/100\n|switch|p1b: Iron Hands|Iron Hands, L50|100/100\n|switch|p2a: Calyrex|Calyrex-Ice, L50|100/100\n|switch|p2b: Ogerpon|Ogerpon-Hearthflame, L50, F|100/100\n|-ability|p2a: Calyrex|As One\n|-ability|p2a: Calyrex|Unnerve\n|-fieldstart|move: Electric Terrain|[from] ability: Hadron Engine|[of] p1a: Miraidon\n|-activate|p1b: Iron Hands|ability: Quark Drive\n|-start|p1b: Iron Hands|quarkdriveatk\n|-enditem|p1b: Iron Hands|Electric Seed\n|-boost|p1b: Iron Hands|def|1|[from] item: Electric Seed\n|-ability|p2b: Ogerpon|Mold Breaker\n|turn|1\n|inactive|wishlocals has 30 seconds left.\n|\n|t:|1746121404\n|move|p2b: Ogerpon|Follow Me|p2b: Ogerpon\n|-singleturn|p2b: Ogerpon|move: Follow Me\n|move|p1a: Miraidon|Volt Switch|p2b: Ogerpon\n|-resisted|p2b: Ogerpon\n|-damage|p2b: Ogerpon|58/100\n|-damage|p1a: Miraidon|91/100|[from] item: Life Orb\n|\n|t:|1746121412\n|switch|p1a: Calyrex|Calyrex-Ice, L50|100/100|[from] Volt Switch\n|-ability|p1a: Calyrex|As One\n|-ability|p1a: Calyrex|Unnerve\n|move|p1b: Iron Hands|Swords Dance|p1b: Iron Hands\n|-boost|p1b: Iron Hands|atk|2\n|move|p2a: Calyrex|Trick Room|p2a: Calyrex\n|-fieldstart|move: Trick Room|[of] p2a: Calyrex\n|\n|upkeep\n|turn|2\n|inactive|maddokyoma has 30 seconds left.\n|\n|t:|1746121441\n|-terastallize|p2b: Ogerpon|Fire\n|detailschange|p2b: Ogerpon|Ogerpon-Hearthflame-Tera, L50, F, tera:Fire\n|-ability|p2b: Ogerpon|Embody Aspect (Hearthflame)|boost\n|-boost|p2b: Ogerpon|atk|1\n|move|p1b: Iron Hands|Drain Punch|p2a: Calyrex\n|-damage|p2a: Calyrex|31/100\n|move|p2a: Calyrex|High Horsepower|p1b: Iron Hands\n|-supereffective|p1b: Iron Hands\n|-damage|p1b: Iron Hands|64/100\n|move|p1a: Calyrex|High Horsepower|p2b: Ogerpon|[miss]\n|-miss|p1a: Calyrex|p2b: Ogerpon\n|move|p2b: Ogerpon|Ivy Cudgel|p1b: Iron Hands|[anim] Ivy Cudgel Fire\n|-crit|p1b: Iron Hands\n|-damage|p1b: Iron Hands|0 fnt\n|faint|p1b: Iron Hands\n|-end|p1b: Iron Hands|Quark Drive|[silent]\n|\n|upkeep\n|c|\u2606maddokyoma|azz\n|\n|t:|1746121461\n|switch|p1b: Pelipper|Pelipper, L50, M|100/100\n|-weather|RainDance|[from] ability: Drizzle|[of] p1b: Pelipper\n|turn|3\n|c|\u2606wishlocals|mi sa che sei italiano\n|c|\u2606maddokyoma|mi sa che mi conosci\n|inactive|maddokyoma has 30 seconds left.\n|inactive|wishlocals has 30 seconds left.\n|c|\u2606wishlocals|no\n|inactive|maddokyoma has 20 seconds left.\n|inactive|maddokyoma has 15 seconds left.\n|inactive|maddokyoma has 10 seconds left.\n|c|\u2606wishlocals|ma se scrivi azz solo italiano puoi essere\n|inactive|maddokyoma has 5 seconds left.\n|\n|t:|1746121513\n|move|p1b: Pelipper|Wide Guard|p1b: Pelipper\n|-singleturn|p1b: Pelipper|Wide Guard\n|move|p2b: Ogerpon|Follow Me|p2b: Ogerpon\n|-singleturn|p2b: Ogerpon|move: Follow Me\n|move|p2a: Calyrex|Glacial Lance|p1b: Pelipper|[spread] \n|-activate|p1a: Calyrex|move: Wide Guard\n|-activate|p1b: Pelipper|move: Wide Guard\n|move|p1a: Calyrex|High Horsepower|p2b: Ogerpon\n|-supereffective|p2b: Ogerpon\n|-damage|p2b: Ogerpon|0 fnt\n|faint|p2b: Ogerpon\n|-ability|p1a: Calyrex|Chilling Neigh|boost\n|-boost|p1a: Calyrex|atk|1\n|\n|-weather|RainDance|[upkeep]\n|upkeep\n|\n|t:|1746121527\n|switch|p2b: Iron Hands|Iron Hands, L50|100/100\n|-activate|p2b: Iron Hands|ability: Quark Drive\n|-start|p2b: Iron Hands|quarkdriveatk\n|turn|4\n|c|\u2606maddokyoma|giustamente\n|\n|t:|1746121563\n|move|p2a: Calyrex|Protect|p2a: Calyrex\n|-singleturn|p2a: Calyrex|Protect\n|move|p2b: Iron Hands|Low Kick|p1a: Calyrex\n|-damage|p1a: Calyrex|43/100\n|move|p1a: Calyrex|High Horsepower|p2a: Calyrex\n|-activate|p2a: Calyrex|move: Protect\n|move|p1b: Pelipper|Weather Ball|p2a: Calyrex\n|-activate|p2a: Calyrex|move: Protect\n|\n|-weather|RainDance|[upkeep]\n|upkeep\n|turn|5\n|\n|t:|1746121584\n|move|p2a: Calyrex|Glacial Lance|p1a: Calyrex|[spread] p1a,p1b\n|-resisted|p1a: Calyrex\n|-damage|p1a: Calyrex|24/100\n|-damage|p1b: Pelipper|25/100\n|move|p2b: Iron Hands|Low Kick|p1a: Calyrex\n|-damage|p1a: Calyrex|0 fnt\n|faint|p1a: Calyrex\n|move|p1b: Pelipper|Tailwind|p1b: Pelipper\n|-sidestart|p1: maddokyoma|move: Tailwind\n|\n|-weather|RainDance|[upkeep]\n|-fieldend|move: Trick Room\n|-fieldend|move: Electric Terrain\n|-end|p2b: Iron Hands|Quark Drive\n|upkeep\n|\n|t:|1746121593\n|switch|p1a: Miraidon|Miraidon, L50|91/100\n|-fieldstart|move: Electric Terrain|[from] ability: Hadron Engine|[of] p1a: Miraidon\n|-activate|p2b: Iron Hands|ability: Quark Drive\n|-start|p2b: Iron Hands|quarkdriveatk\n|turn|6\n|inactive|maddokyoma has 30 seconds left.\n|inactive|maddokyoma has 20 seconds left.\n|inactive|maddokyoma has 15 seconds left.\n|inactive|wishlocals has 30 seconds left.\n|\n|t:|1746121642\n|move|p1a: Miraidon|Protect|p1a: Miraidon\n|-singleturn|p1a: Miraidon|Protect\n|move|p1b: Pelipper|Weather Ball|p2a: Calyrex\n|-damage|p2a: Calyrex|0 fnt\n|faint|p2a: Calyrex\n|move|p2b: Iron Hands|Low Kick|p1a: Miraidon\n|-activate|p1a: Miraidon|move: Protect\n|\n|-weather|RainDance|[upkeep]\n|upkeep\n|\n|t:|1746121650\n|switch|p2a: Miraidon|Miraidon, L50|100/100\n|-activate|p2a: Miraidon|ability: Hadron Engine\n|turn|7\n|inactive|maddokyoma has 30 seconds left.\n|\n|t:|1746121678\n|move|p1a: Miraidon|Draco Meteor|p2a: Miraidon\n|-supereffective|p2a: Miraidon\n|-damage|p2a: Miraidon|0 fnt\n|-unboost|p1a: Miraidon|spa|2\n|faint|p2a: Miraidon\n|-damage|p1a: Miraidon|81/100|[from] item: Life Orb\n|move|p1b: Pelipper|Hurricane|p2b: Iron Hands\n|-damage|p2b: Iron Hands|74/100\n|-start|p2b: Iron Hands|confusion\n|-activate|p2b: Iron Hands|confusion\n|-damage|p2b: Iron Hands|63/100|[from] confusion\n|\n|-weather|none\n|upkeep\n|turn|8\n|inactive|wishlocals has 30 seconds left.\n|c|\u2606wishlocals|avevo vinto gg\n|c|\u2606maddokyoma|gg\n|\n|t:|1746121711\n|move|p1a: Miraidon|Protect|p1a: Miraidon\n|-singleturn|p1a: Miraidon|Protect\n|move|p1b: Pelipper|Hurricane|p2b: Iron Hands\n|-damage|p2b: Iron Hands|37/100\n|-end|p2b: Iron Hands|confusion\n|move|p2b: Iron Hands|Low Kick|p1a: Miraidon\n|-activate|p1a: Miraidon|move: Protect\n|\n|-sideend|p1: maddokyoma|move: Tailwind\n|upkeep\n|turn|9\n|\n|t:|1746121726\n|-terastallize|p1a: Miraidon|Electric\n|move|p1a: Miraidon|Electro Drift|p2b: Iron Hands\n|-resisted|p2b: Iron Hands\n|-damage|p2b: Iron Hands|15/100\n|-damage|p1a: Miraidon|72/100|[from] item: Life Orb\n|move|p1b: Pelipper|Hurricane|p2b: Iron Hands\n|-damage|p2b: Iron Hands|0 fnt\n|faint|p2b: Iron Hands\n|-end|p2b: Iron Hands|Quark Drive|[silent]\n|\n|win|maddokyoma\n|raw|maddokyoma's rating: 1316 &rarr; <strong>1332</strong><br />(+16 for winning)\n|raw|wishlocals's rating: 1254 &rarr; <strong>1233</strong><br />(-21 for losing)\n|l|\u2606wishlocals\n|player|p2|\n", "uploadtime": 1746121738, "views": 16, "formatid": "gen9vgc2025regibo3", "rating": 1233, "private": 0, "password": null}