{"id": "gen9vgc2025regibo3-2354043508", "format": "[Gen 9] VGC 2025 Reg I (Bo3)", "players": ["PEKORA999", "juacox300"], "log": "|j|\u2606PEKORA999\n|j|\u2606juacox300\n|html|<table width=\"100%\"><tr><td align=\"left\">PEKORA999</td><td align=\"right\">juacox300</tr><tr><td align=\"left\"><i class=\"fa fa-circle-o\"></i> <i class=\"fa fa-circle-o\"></i> </td><td align=\"right\"><i class=\"fa fa-circle-o\"></i> <i class=\"fa fa-circle\"></i> </tr></table>\n|uhtml|bestof|<h2><strong>Game 2</strong> of <a href=\"/game-bestof3-gen9vgc2025regibo3-2354041161\">a best-of-3</a></h2>\n|t:|1746030034\n|gametype|doubles\n|player|p1|PEKORA999|265|1383\n|player|p2|juacox300|unknown|1434\n|teamsize|p1|6\n|teamsize|p2|6\n|gen|9\n|tier|[Gen 9] VGC 2025 Reg I (Bo3)\n|rated|\n|rule|Species Clause: Limit one of each Pok\u00e9mon\n|rule|Item Clause: Limit 1 of each item\n|clearpoke\n|poke|p1|Groudon, L50|\n|poke|p1|Miraidon, L50|\n|poke|p1|Grimmsnarl, L50, M|\n|poke|p1|Iron Hands, L50|\n|poke|p1|Farigiraf, L50, M|\n|poke|p1|Volcarona, L50, M|\n|poke|p2|Miraidon, L50|\n|poke|p2|Iron Hands, L50|\n|poke|p2|Calyrex-Ice, L50|\n|poke|p2|Incineroar, L50, M|\n|poke|p2|Chi-Yu, L50|\n|poke|p2|Alcremie-Salted-Cream, L50, F|\n|teampreview|4\n|showteam|p1|Groudon||AssaultVest|Drought|PrecipiceBlades,HeatCrash,ThunderPunch,HighHorsepower||||||50|,,,,,Fire]Miraidon||ChoiceSpecs|HadronEngine|ElectroDrift,DazzlingGleam,VoltSwitch,DracoMeteor||||||50|,,,,,Fairy]Grimmsnarl||LightClay|Prankster|FoulPlay,ThunderWave,LightScreen,Reflect|||M|||50|,,,,,Ghost]Iron Hands||ClearAmulet|QuarkDrive|LowKick,HeavySlam,DrainPunch,FakeOut||||||50|,,,,,Grass]Farigiraf||ElectricSeed|ArmorTail|FoulPlay,Psychic,TrickRoom,HelpingHand|||M|||50|,,,,,Water]Volcarona||Leftovers|FlameBody|Protect,FieryDance,GigaDrain,QuiverDance|||M|||50|,,,,,Grass\n|showteam|p2|Miraidon||LifeOrb|HadronEngine|ElectroDrift,DracoMeteor,Protect,DazzlingGleam||||||50|,,,,,Fairy]Iron Hands||AssaultVest|QuarkDrive|WildCharge,LowKick,FakeOut,HeavySlam||||||50|,,,,,Fire]Calyrex-Ice||ClearAmulet|AsOneGlastrier|GlacialLance,HighHorsepower,Protect,TrickRoom||||||50|,,,,,Dragon]Incineroar||RockyHelmet|Intimidate|KnockOff,FlareBlitz,FakeOut,Taunt|||M|||50|,,,,,Poison]Chi-Yu||ChoiceScarf|BeadsofRuin|HeatWave,Snarl,Overheat,DarkPulse||||||50|,,,,,Ghost]Alcremie-Salted-Cream||CovertCloak|AromaVeil|AlluringVoice,Decorate,Protect,Encore|||F|||50|,,,,,Grass\n|\n|t:|1746030056\n|start\n|switch|p1a: Groudon|Groudon, L50|100/100\n|switch|p1b: Grimmsnarl|Grimmsnarl, L50, M|100/100\n|switch|p2a: Miraidon|Miraidon, L50|100/100\n|switch|p2b: Elena|Alcremie-Salted-Cream, L50, F|100/100\n|-fieldstart|move: Electric Terrain|[from] ability: Hadron Engine|[of] p2a: Miraidon\n|-weather|SunnyDay|[from] ability: Drought|[of] p1a: Groudon\n|turn|1\n|\n|t:|1746030062\n|move|p2a: Miraidon|Protect|p2a: Miraidon\n|-singleturn|p2a: Miraidon|Protect\n|move|p1b: Grimmsnarl|Light Screen|p1b: Grimmsnarl\n|-sidestart|p1: PEKORA999|move: Light Screen\n|move|p1a: Groudon|Precipice Blades|p2a: Miraidon|[spread] p2b\n|-activate|p2a: Miraidon|move: Protect\n|-damage|p2b: Elena|51/100\n|move|p2b: Elena|Decorate|p2a: Miraidon\n|-boost|p2a: Miraidon|atk|2\n|-boost|p2a: Miraidon|spa|2\n|\n|-weather|SunnyDay|[upkeep]\n|upkeep\n|turn|2\n|\n|t:|1746030073\n|-terastallize|p2a: Miraidon|Fairy\n|move|p1b: Grimmsnarl|Thunder Wave|p2a: Miraidon\n|-status|p2a: Miraidon|par\n|move|p1a: Groudon|Precipice Blades|p2b: Elena|[spread] p2a,p2b\n|-damage|p2a: Miraidon|49/100 par\n|-damage|p2b: Elena|0 fnt\n|faint|p2b: Elena\n|move|p2a: Miraidon|Draco Meteor|p1a: Groudon|[miss]\n|-miss|p2a: Miraidon|p1a: Groudon\n|\n|-weather|SunnyDay|[upkeep]\n|upkeep\n|\n|t:|1746030082\n|switch|p2b: Incineroar|Incineroar, L50, M|100/100\n|-ability|p2b: Incineroar|Intimidate|boost\n|-unboost|p1a: Groudon|atk|1\n|-unboost|p1b: Grimmsnarl|atk|1\n|turn|3\n|\n|t:|1746030096\n|switch|p1a: Fisto|Iron Hands, L50, shiny|100/100\n|-activate|p1a: Fisto|ability: Quark Drive\n|-start|p1a: Fisto|quarkdriveatk\n|move|p2b: Incineroar|Fake Out|p1a: Fisto\n|-damage|p1a: Fisto|92/100\n|move|p1b: Grimmsnarl|Reflect|p1b: Grimmsnarl\n|-sidestart|p1: PEKORA999|Reflect\n|move|p2a: Miraidon|Dazzling Gleam|p1a: Fisto|[spread] p1a,p1b\n|-supereffective|p1a: Fisto\n|-supereffective|p1b: Grimmsnarl\n|-damage|p1a: Fisto|0 fnt\n|-damage|p1b: Grimmsnarl|0 fnt\n|faint|p1a: Fisto\n|-end|p1a: Fisto|Quark Drive|[silent]\n|faint|p1b: Grimmsnarl\n|-damage|p2a: Miraidon|39/100 par|[from] item: Life Orb\n|\n|-weather|SunnyDay|[upkeep]\n|upkeep\n|\n|t:|1746030106\n|switch|p1b: Groudon|Groudon, L50|100/100\n|switch|p1a: Miraidon|Miraidon, L50|100/100\n|-activate|p1a: Miraidon|ability: Hadron Engine\n|turn|4\n|\n|t:|1746030120\n|-terastallize|p1a: Miraidon|Fairy\n|move|p2a: Miraidon|Protect|p2a: Miraidon\n|-singleturn|p2a: Miraidon|Protect\n|move|p1a: Miraidon|Dazzling Gleam|p2b: Incineroar|[spread] p2b\n|-activate|p2a: Miraidon|move: Protect\n|-damage|p2b: Incineroar|48/100\n|move|p1b: Groudon|Precipice Blades|p2a: Miraidon|[spread] p2b\n|-activate|p2a: Miraidon|move: Protect\n|-supereffective|p2b: Incineroar\n|-damage|p2b: Incineroar|0 fnt\n|faint|p2b: Incineroar\n|\n|-weather|SunnyDay|[upkeep]\n|upkeep\n|\n|t:|1746030122\n|switch|p2b: Calyrex|Calyrex-Ice, L50|100/100\n|-ability|p2b: Calyrex|As One\n|-ability|p2b: Calyrex|Unnerve\n|turn|5\n|\n|t:|1746030137\n|cant|p2a: Miraidon|par\n|move|p1a: Miraidon|Dazzling Gleam|p2a: Miraidon|[spread] p2a,p2b\n|-damage|p2a: Miraidon|0 fnt\n|-damage|p2b: Calyrex|58/100\n|faint|p2a: Miraidon\n|move|p1b: Groudon|Heat Crash|p2b: Calyrex\n|-supereffective|p2b: Calyrex\n|-damage|p2b: Calyrex|30/100\n|move|p2b: Calyrex|Trick Room|p2b: Calyrex\n|-fieldstart|move: Trick Room|[of] p2b: Calyrex\n|\n|-weather|none\n|-fieldend|move: Electric Terrain\n|upkeep\n|turn|6\n|\n|t:|1746030149\n|move|p2b: Calyrex|Glacial Lance|p1b: Groudon|[spread] p1a,p1b\n|-supereffective|p1b: Groudon\n|-damage|p1a: Miraidon|61/100\n|-damage|p1b: Groudon|52/100\n|move|p1b: Groudon|High Horsepower|p2b: Calyrex\n|-crit|p2b: Calyrex\n|-damage|p2b: Calyrex|0 fnt\n|faint|p2b: Calyrex\n|\n|win|PEKORA999\n||PEKORA999 is ready for game 3.\n||juacox300 is ready for game 3.\n|uhtml|next|Next: <a href=\"/battle-gen9vgc2025regibo3-2354044982\"><strong>Game 3 of 3</strong></a>\n", "uploadtime": 1746030494, "views": 16, "formatid": "gen9vgc2025regibo3", "rating": null, "private": 0, "password": null}