{"id": "gen9vgc2025regibo3-2354130981", "format": "[Gen 9] VGC 2025 Reg I (Bo3)", "players": ["markleshark", "McDubbieEnthusiast"], "log": "|j|\u2606markleshark\n|j|\u2606McDubbieEnthusiast\n|html|<table width=\"100%\"><tr><td align=\"left\">markleshark</td><td align=\"right\">McDubbieEnthusiast</tr><tr><td align=\"left\"><i class=\"fa fa-circle-o\"></i> <i class=\"fa fa-circle-o\"></i> </td><td align=\"right\"><i class=\"fa fa-circle-o\"></i> <i class=\"fa fa-circle-o\"></i> </tr></table>\n|uhtml|bestof|<h2><strong>Game 1</strong> of <a href=\"/game-bestof3-gen9vgc2025regibo3-2354130980\">a best-of-3</a></h2>\n|t:|1746037509\n|gametype|doubles\n|player|p1|markleshark|miku-fire|1181\n|player|p2|McDubbieEnthusiast|li|1179\n|teamsize|p1|6\n|teamsize|p2|6\n|gen|9\n|tier|[Gen 9] VGC 2025 Reg I (Bo3)\n|rated|\n|rule|Species Clause: Limit one of each Pok\u00e9mon\n|rule|Item Clause: Limit 1 of each item\n|clearpoke\n|poke|p1|Zacian-*, L50|\n|poke|p1|Kyogre, L50|\n|poke|p1|Tornadus, L50, M|\n|poke|p1|Amoonguss, L50, M|\n|poke|p1|Incineroar, L50, F|\n|poke|p1|Urshifu-*, L50, M|\n|poke|p2|Kyogre, L50|\n|poke|p2|Zamazenta-*, L50|\n|poke|p2|Ursaluna, L50, F|\n|poke|p2|Sinistcha, L50|\n|poke|p2|Tornadus, L50, M|\n|poke|p2|Chi-Yu, L50|\n|teampreview|4\n|showteam|p1|Zacian-Crowned||RustedSword|IntrepidSword|behemothblade,PlayRough,Substitute,Protect||||||50|,,,,,Fairy]Kyogre||MysticWater|Drizzle|WaterSpout,OriginPulse,IceBeam,Protect||||||50|,,,,,Grass]Tornadus||CovertCloak|Prankster|BleakwindStorm,Tailwind,RainDance,Taunt|||M|||50|,,,,,Dark]Amoonguss||RockyHelmet|Regenerator|PollenPuff,Spore,RagePowder,Protect|||M|||50|,,,,,Steel]Incineroar||SafetyGoggles|Intimidate|KnockOff,FakeOut,WillOWisp,PartingShot|||F|||50|,,,,,Water]Urshifu-Rapid-Strike||ChoiceScarf|UnseenFist|SurgingStrikes,CloseCombat,Uturn,Coaching|||M|||50|,,,,,Ghost\n|showteam|p2|Kyogre||LifeOrb|Drizzle|WaterSpout,IceBeam,Thunder,Protect||||||50|,,,,,Electric]Zamazenta-Crowned||RustedShield|DauntlessShield|BodyPress,HeavySlam,WideGuard,IronDefense||||||50|,,,,,Grass]Ursaluna||FlameOrb|Guts|Facade,HeadlongRush,Substitute,Protect|||F|||50|,,,,,Bug]Sinistcha||RockyHelmet|Hospitality|MatchaGotcha,Scald,RagePowder,TrickRoom||||||50|,,,,,Water]Tornadus||CovertCloak|Prankster|Hurricane,Tailwind,RainDance,Taunt|||M|||50|,,,,,Steel]Chi-Yu||ChoiceScarf|BeadsofRuin|HeatWave,DarkPulse,Snarl,Ruination||||||50|,,,,,Ghost\n|inactive|Battle timer is ON: inactive players will automatically lose when time's up. (requested by markleshark)\n|j| tealcofchulak\n|\n|t:|1746037539\n|start\n|switch|p1a: Kyogre|Kyogre, L50|100/100\n|switch|p1b: Tornadus|Tornadus, L50, M|100/100\n|switch|p2a: Zamazenta|Zamazenta-Crowned, L50, shiny|100/100\n|switch|p2b: ALL GAS|Tornadus, L50, M|100/100\n|-ability|p2a: Zamazenta|Dauntless Shield|boost\n|-boost|p2a: Zamazenta|def|1\n|-weather|RainDance|[from] ability: Drizzle|[of] p1a: Kyogre\n|turn|1\n|inactive|markleshark has 30 seconds left.\n|inactive|markleshark has 20 seconds left.\n|\n|t:|1746037575\n|switch|p1b: Urshifu|Urshifu-Rapid-Strike, L50, M|100/100\n|-terastallize|p2b: ALL GAS|Steel\n|move|p2a: Zamazenta|Wide Guard|p2a: Zamazenta\n|-singleturn|p2a: Zamazenta|Wide Guard\n|move|p2b: ALL GAS|Tailwind|p2b: ALL GAS\n|-sidestart|p2: McDubbieEnthusiast|move: Tailwind\n|move|p1a: Kyogre|Origin Pulse|p2b: ALL GAS|[spread] \n|-activate|p2a: Zamazenta|move: Wide Guard\n|-activate|p2b: ALL GAS|move: Wide Guard\n|\n|-weather|RainDance|[upkeep]\n|upkeep\n|turn|2\n|l| tealcofchulak\n|inactive|markleshark has 30 seconds left.\n|inactive|McDubbieEnthusiast has 30 seconds left.\n|inactive|markleshark has 20 seconds left.\n|\n|t:|1746037616\n|switch|p1a: Tornadus|Tornadus, L50, M|100/100\n|-terastallize|p1b: Urshifu|Ghost\n|move|p2a: Zamazenta|Heavy Slam|p1b: Urshifu\n|-damage|p1b: Urshifu|49/100\n|move|p2b: ALL GAS|Hurricane|p1b: Urshifu\n|-damage|p1b: Urshifu|0 fnt\n|faint|p1b: Urshifu\n|\n|-weather|RainDance|[upkeep]\n|upkeep\n|\n|t:|1746037640\n|switch|p1b: Kyogre|Kyogre, L50|100/100\n|turn|3\n|\n|t:|1746037654\n|move|p2b: ALL GAS|Taunt|p1a: Tornadus\n|-start|p1a: Tornadus|move: Taunt\n|cant|p1a: Tornadus|move: Taunt|Tailwind\n|move|p2a: Zamazenta|Body Press|p1b: Kyogre\n|-damage|p1b: Kyogre|42/100\n|move|p1b: Kyogre|Origin Pulse|p2a: Zamazenta|[spread] \n|-miss|p1b: Kyogre|p2a: Zamazenta\n|-miss|p1b: Kyogre|p2b: ALL GAS\n|\n|-weather|RainDance|[upkeep]\n|upkeep\n|turn|4\n|\n|t:|1746037670\n|move|p2a: Zamazenta|Body Press|p1b: Kyogre\n|-damage|p1b: Kyogre|0 fnt\n|faint|p1b: Kyogre\n|move|p2b: ALL GAS|Hurricane|p1a: Tornadus\n|-damage|p1a: Tornadus|40/100\n|move|p1a: Tornadus|Bleakwind Storm|p2b: ALL GAS|[spread] p2a,p2b\n|-resisted|p2b: ALL GAS\n|-damage|p2a: Zamazenta|78/100\n|-damage|p2b: ALL GAS|82/100\n|\n|-weather|RainDance|[upkeep]\n|-sideend|p2: McDubbieEnthusiast|move: Tailwind\n|upkeep\n|\n|t:|1746037675\n|switch|p1b: Zacian|Zacian-Crowned, L50|100/100\n|-ability|p1b: Zacian|Intrepid Sword|boost\n|-boost|p1b: Zacian|atk|1\n|turn|5\n|\n|t:|1746037684\n|move|p2b: ALL GAS|Tailwind|p2b: ALL GAS\n|-sidestart|p2: McDubbieEnthusiast|move: Tailwind\n|move|p2a: Zamazenta|Iron Defense|p2a: Zamazenta\n|-boost|p2a: Zamazenta|def|2\n|move|p1b: Zacian|Play Rough|p2a: Zamazenta\n|-damage|p2a: Zamazenta|61/100\n|move|p1a: Tornadus|Bleakwind Storm|p2b: ALL GAS|[spread] p2a,p2b\n|-resisted|p2b: ALL GAS\n|-crit|p2b: ALL GAS\n|-damage|p2a: Zamazenta|37/100\n|-damage|p2b: ALL GAS|51/100\n|-unboost|p2a: Zamazenta|spe|1\n|\n|-weather|none\n|-end|p1a: Tornadus|move: Taunt\n|upkeep\n|turn|6\n|\n|t:|1746037697\n|switch|p2b: SPINNIN'|Sinistcha, L50|100/100\n|-heal|p2a: Zamazenta|62/100|[from] ability: Hospitality|[of] p2b: SPINNIN'\n|move|p2a: Zamazenta|Body Press|p1b: Zacian\n|-damage|p1b: Zacian|14/100\n|move|p1b: Zacian|Play Rough|p2a: Zamazenta\n|-damage|p2a: Zamazenta|44/100\n|move|p1a: Tornadus|Bleakwind Storm|p2a: Zamazenta|[spread] p2b\n|-miss|p1a: Tornadus|p2a: Zamazenta\n|-supereffective|p2b: SPINNIN'\n|-damage|p2b: SPINNIN'|29/100\n|\n|upkeep\n|turn|7\n|\n|t:|1746037715\n|move|p2b: SPINNIN'|Rage Powder|p2b: SPINNIN'\n|-singleturn|p2b: SPINNIN'|move: Rage Powder\n|move|p2a: Zamazenta|Body Press|p1a: Tornadus\n|-resisted|p1a: Tornadus\n|-damage|p1a: Tornadus|0 fnt\n|faint|p1a: Tornadus\n|move|p1b: Zacian|Play Rough|p2b: SPINNIN'\n|-damage|p2b: SPINNIN'|0 fnt\n|-damage|p1b: Zacian|0 fnt|[from] item: Rocky Helmet|[of] p2b: SPINNIN'\n|faint|p2b: SPINNIN'\n|faint|p1b: Zacian\n|\n|win|McDubbieEnthusiast\n||markleshark is ready for game 2.\n||McDubbieEnthusiast is ready for game 2.\n|uhtml|next|Next: <a href=\"/battle-gen9vgc2025regibo3-2354133455\"><strong>Game 2 of 3</strong></a>\n", "uploadtime": 1746037986, "views": 11, "formatid": "gen9vgc2025regibo3", "rating": null, "private": 0, "password": null}