{"id": "gen9vgc2025regibo3-2354405700", "format": "[Gen 9] VGC 2025 Reg I (Bo3)", "players": ["byebyebirdie1", "BunsenBonnett"], "log": "|j|\u2606byebyebirdie1\n|j|\u2606BunsenBonnett\n|html|<table width=\"100%\"><tr><td align=\"left\">byebyebirdie1</td><td align=\"right\">BunsenBonnett</tr><tr><td align=\"left\"><i class=\"fa fa-circle-o\"></i> <i class=\"fa fa-circle-o\"></i> </td><td align=\"right\"><i class=\"fa fa-circle-o\"></i> <i class=\"fa fa-circle\"></i> </tr></table>\n|uhtml|bestof|<h2><strong>Game 2</strong> of <a href=\"/game-bestof3-gen9vgc2025regibo3-2354404014\">a best-of-3</a></h2>\n|t:|1746067395\n|gametype|doubles\n|player|p1|byebyebirdie1|169|1354\n|player|p2|BunsenBonnett|burglar|1546\n|teamsize|p1|6\n|teamsize|p2|6\n|gen|9\n|tier|[Gen 9] VGC 2025 Reg I (Bo3)\n|rated|\n|rule|Species Clause: Limit one of each Pok\u00e9mon\n|rule|Item Clause: Limit 1 of each item\n|clearpoke\n|poke|p1|Calyrex-Shadow, L50|\n|poke|p1|Chien-Pao, L50|\n|poke|p1|Rillaboom, L50, M|\n|poke|p1|Zamazenta-*, L50|\n|poke|p1|Incineroar, L50, F|\n|poke|p1|Farigiraf, L50, M|\n|poke|p2|Pelipper, L50, M|\n|poke|p2|Kingdra, L50, F|\n|poke|p2|Zacian-*, L50|\n|poke|p2|Lunala, L50|\n|poke|p2|Indeedee-F, L50, F|\n|poke|p2|Urshifu-*, L50, M|\n|teampreview|4\n|showteam|p1|Calyrex-Shadow||CovertCloak|AsOneSpectrier|AstralBarrage,Protect,NastyPlot,DrainingKiss||||||50|,,,,,Fairy]Chien-Pao||FocusSash|SwordofRuin|IcicleCrash,ThroatChop,SuckerPunch,Protect||||||50|,,,,,Stellar]Rillaboom||AssaultVest|GrassySurge|WoodHammer,FakeOut,GrassyGlide,Uturn|||M|||50|,,,,,Fire]Zamazenta-Crowned||RustedShield|DauntlessShield|behemothbash,BodyPress,WideGuard,Protect||||||50|,,,,,Dragon]Incineroar||RockyHelmet|Intimidate|FakeOut,WillOWisp,PartingShot,KnockOff|||F|||50|,,,,,Bug]Farigiraf||SafetyGoggles|ArmorTail|TrickRoom,FoulPlay,Psychic,HelpingHand|||M|||50|,,,,,Water\n|showteam|p2|Pelipper||CovertCloak|Drizzle|WeatherBall,HelpingHand,WideGuard,Hurricane|||M|||50|,,,,,Grass]Kingdra||LifeOrb|SwiftSwim|MuddyWater,DracoMeteor,WeatherBall,Protect|||F|||50|,,,,,Water]Zacian-Crowned||RustedSword|IntrepidSword|behemothblade,PlayRough,Protect,Substitute||||||50|,,,,,Grass]Lunala||PowerHerb|ShadowShield|MeteorBeam,MoongeistBeam,ExpandingForce,TrickRoom||||||50|,,,,,Water]Indeedee-F||RockyHelmet|PsychicSurge|FollowMe,DazzlingGleam,HelpingHand,TrickRoom|||F|||50|,,,,,Fairy]Urshifu||FocusSash|UnseenFist|WickedBlow,CloseCombat,SuckerPunch,Detect|||M|||50|,,,,,Dark\n|\n|t:|1746067413\n|start\n|switch|p1a: Rillaboom|Rillaboom, L50, M|100/100\n|switch|p1b: Chien-Pao|Chien-Pao, L50|100/100\n|switch|p2a: Indeedee|Indeedee-F, L50, F|100/100\n|switch|p2b: Lunala|Lunala, L50|100/100\n|-ability|p1b: Chien-Pao|Sword of Ruin\n|-fieldstart|move: Psychic Terrain|[from] ability: Psychic Surge|[of] p2a: Indeedee\n|-fieldstart|move: Grassy Terrain|[from] ability: Grassy Surge|[of] p1a: Rillaboom\n|turn|1\n|\n|t:|1746067469\n|switch|p1b: Zamazenta|Zamazenta-Crowned, L50|100/100\n|-ability|p1b: Zamazenta|Dauntless Shield|boost\n|-boost|p1b: Zamazenta|def|1\n|switch|p2b: Zacian|Zacian-Crowned, L50|100/100\n|-ability|p2b: Zacian|Intrepid Sword|boost\n|-boost|p2b: Zacian|atk|1\n|move|p1a: Rillaboom|U-turn|p2b: Zacian\n|-resisted|p2b: Zacian\n|-damage|p2b: Zacian|95/100\n|\n|t:|1746067480\n|switch|p1a: Calyrex|Calyrex-Shadow, L50|100/100|[from] U-turn\n|-ability|p1a: Calyrex|As One\n|-ability|p1a: Calyrex|Unnerve\n|move|p2a: Indeedee|Trick Room|p2a: Indeedee\n|-fieldstart|move: Trick Room|[of] p2a: Indeedee\n|\n|-heal|p2b: Zacian|100/100|[from] Grassy Terrain\n|upkeep\n|turn|2\n|\n|t:|1746067501\n|move|p2a: Indeedee|Follow Me|p2a: Indeedee\n|-singleturn|p2a: Indeedee|move: Follow Me\n|move|p1b: Zamazenta|Body Press|p2a: Indeedee\n|-damage|p2a: Indeedee|41/100\n|-damage|p1b: Zamazenta|84/100|[from] item: Rocky Helmet|[of] p2a: Indeedee\n|move|p2b: Zacian|Behemoth Blade|p1a: Calyrex\n|-damage|p1a: Calyrex|0 fnt\n|faint|p1a: Calyrex\n|\n|-heal|p2a: Indeedee|47/100|[from] Grassy Terrain\n|-heal|p1b: Zamazenta|90/100|[from] Grassy Terrain\n|upkeep\n|\n|t:|1746067513\n|switch|p1a: Chien-Pao|Chien-Pao, L50|100/100\n|-ability|p1a: Chien-Pao|Sword of Ruin\n|turn|3\n|\n|t:|1746067520\n|switch|p2a: Pelipper|Pelipper, L50, M|100/100\n|-weather|RainDance|[from] ability: Drizzle|[of] p2a: Pelipper\n|move|p1a: Chien-Pao|Protect|p1a: Chien-Pao\n|-singleturn|p1a: Chien-Pao|Protect\n|move|p1b: Zamazenta|Body Press|p2b: Zacian\n|-damage|p2b: Zacian|24/100\n|move|p2b: Zacian|Behemoth Blade|p1a: Chien-Pao\n|-activate|p1a: Chien-Pao|move: Protect\n|\n|-weather|RainDance|[upkeep]\n|-heal|p1b: Zamazenta|97/100|[from] Grassy Terrain\n|-heal|p2b: Zacian|30/100|[from] Grassy Terrain\n|upkeep\n|turn|4\n|\n|t:|1746067544\n|move|p2a: Pelipper|Weather Ball|p1a: Chien-Pao\n|-enditem|p1a: Chien-Pao|Focus Sash\n|-damage|p1a: Chien-Pao|1/100\n|move|p1b: Zamazenta|Body Press|p2b: Zacian\n|-damage|p2b: Zacian|0 fnt\n|faint|p2b: Zacian\n|move|p1a: Chien-Pao|Icicle Crash|p2a: Pelipper\n|-damage|p2a: Pelipper|37/100\n|\n|-weather|RainDance|[upkeep]\n|-heal|p1b: Zamazenta|100/100|[from] Grassy Terrain\n|-heal|p1a: Chien-Pao|7/100|[from] Grassy Terrain\n|upkeep\n|\n|t:|1746067550\n|switch|p2b: Lunala|Lunala, L50|100/100\n|turn|5\n|\n|t:|1746067575\n|-terastallize|p1b: Zamazenta|Dragon\n|move|p1a: Chien-Pao|Protect|p1a: Chien-Pao\n|-singleturn|p1a: Chien-Pao|Protect\n|move|p2a: Pelipper|Weather Ball|p1b: Zamazenta\n|-resisted|p1b: Zamazenta\n|-damage|p1b: Zamazenta|76/100\n|move|p2b: Lunala|Meteor Beam||[still]\n|-prepare|p2b: Lunala|Meteor Beam\n|-boost|p2b: Lunala|spa|1\n|-enditem|p2b: Lunala|Power Herb\n|-anim|p2b: Lunala|Meteor Beam|p1b: Zamazenta\n|-crit|p1b: Zamazenta\n|-damage|p1b: Zamazenta|0 fnt\n|faint|p1b: Zamazenta\n|\n|-weather|RainDance|[upkeep]\n|-heal|p1a: Chien-Pao|13/100|[from] Grassy Terrain\n|-fieldend|move: Trick Room\n|-fieldend|move: Grassy Terrain\n|upkeep\n|\n|t:|1746067591\n|switch|p1b: Rillaboom|Rillaboom, L50, M|100/100\n|-fieldstart|move: Grassy Terrain|[from] ability: Grassy Surge|[of] p1b: Rillaboom\n|turn|6\n|-message|byebyebirdie1 forfeited.\n|\n|win|BunsenBonnett\n|raw|byebyebirdie1's rating: 1354 &rarr; <strong>1344</strong><br />(-10 for losing)\n|raw|BunsenBonnett's rating: 1546 &rarr; <strong>1556</strong><br />(+10 for winning)\n", "uploadtime": 1746067614, "views": 18, "formatid": "gen9vgc2025regibo3", "rating": 1344, "private": 0, "password": null}