{"id": "gen9vgc2025regibo3-2354255644", "format": "[Gen 9] VGC 2025 Reg I (Bo3)", "players": ["MightyDynamo", "ryanplaytv"], "log": "|j|\u2606MightyDynamo\n|j|\u2606ryanplaytv\n|html|<table width=\"100%\"><tr><td align=\"left\">MightyDynamo</td><td align=\"right\">ryanplaytv</tr><tr><td align=\"left\"><i class=\"fa fa-circle-o\"></i> <i class=\"fa fa-circle-o\"></i> </td><td align=\"right\"><i class=\"fa fa-circle-o\"></i> <i class=\"fa fa-circle-o\"></i> </tr></table>\n|uhtml|bestof|<h2><strong>Game 1</strong> of <a href=\"/game-bestof3-gen9vgc2025regibo3-2354255643\">a best-of-3</a></h2>\n|t:|1746049636\n|gametype|doubles\n|player|p1|MightyDynamo|colress|1265\n|player|p2|ryanplaytv|hiker-gen4|1175\n|teamsize|p1|6\n|teamsize|p2|6\n|gen|9\n|tier|[Gen 9] VGC 2025 Reg I (Bo3)\n|rated|\n|rule|Species Clause: Limit one of each Pok\u00e9mon\n|rule|Item Clause: Limit 1 of each item\n|clearpoke\n|poke|p1|Miraidon, L50|\n|poke|p1|Urshifu-*, L50, F|\n|poke|p1|Calyrex-Ice, L50|\n|poke|p1|Farigiraf, L50, F|\n|poke|p1|Flutter Mane, L50|\n|poke|p1|Incineroar, L50, F|\n|poke|p2|Zamazenta-*, L50|\n|poke|p2|Chien-Pao, L50|\n|poke|p2|Dragonite, L50, M|\n|poke|p2|Whimsicott, L50, F|\n|poke|p2|Indeedee-F, L50, F|\n|poke|p2|Calyrex-Shadow, L50|\n|teampreview|4\n|showteam|p1|Miraidon||ChoiceSpecs|HadronEngine|ElectroDrift,DracoMeteor,DazzlingGleam,VoltSwitch||||||50|,,,,,Fairy]Urshifu||FocusSash|UnseenFist|SuckerPunch,WickedBlow,Coaching,Detect|||F|||50|,,,,,Fire]Calyrex-Ice||ElectricSeed|AsOneGlastrier|TrickRoom,GlacialLance,BodyPress,Imprison||||||50|,,,,,Fighting]Farigiraf||MentalHerb|ArmorTail|LightScreen,FoulPlay,TrickRoom,HelpingHand|||F|||50|,,,,,Water]Flutter Mane||BoosterEnergy|Protosynthesis|Moonblast,ShadowBall,IcyWind,Protect||||||50|,,,,,Fairy]Incineroar||RockyHelmet|Intimidate|FakeOut,Taunt,KnockOff,PartingShot|||F|||50|,,,,,Ghost\n|showteam|p2|Zamazenta-Crowned||RustedShield|DauntlessShield|HeavySlam,BodyPress,WideGuard,Protect||||||50|,,,,,Dragon]Chien-Pao||LifeOrb|SwordofRuin|IcicleCrash,ThroatChop,SuckerPunch,Protect||||||50|,,,,,Ghost]Dragonite||ChoiceBand|InnerFocus|Outrage,LowKick,AerialAce,ExtremeSpeed|||M|||50|,,,,,Normal]Whimsicott||CovertCloak|Prankster|Tailwind,Moonblast,MistyTerrain,Encore|||F|||50|,,,,,Water]Indeedee-F||SafetyGoggles|PsychicSurge|DazzlingGleam,FollowMe,HelpingHand,TrickRoom|||F|||50|,,,,,Water]Calyrex-Shadow||FocusSash|AsOneSpectrier|AstralBarrage,Psychic,ExpandingForce,Protect||||||50|,,,,,Psychic\n|inactive|Battle timer is ON: inactive players will automatically lose when time's up. (requested by MightyDynamo)\n|inactive|MightyDynamo has 60 seconds left.\n|inactive|ryanplaytv has 60 seconds left.\n|inactive|ryanplaytv has 30 seconds left.\n|\n|t:|1746049698\n|start\n|switch|p1a: Incineroar|Incineroar, L50, F|100/100\n|switch|p1b: Farigiraf|Farigiraf, L50, F, shiny|100/100\n|switch|p2a: Chien-Pao|Chien-Pao, L50|100/100\n|switch|p2b: Calyrex|Calyrex-Shadow, L50|100/100\n|-ability|p2b: Calyrex|As One\n|-ability|p2b: Calyrex|Unnerve\n|-ability|p2a: Chien-Pao|Sword of Ruin\n|-ability|p1a: Incineroar|Intimidate|boost\n|-unboost|p2a: Chien-Pao|atk|1\n|-unboost|p2b: Calyrex|atk|1\n|turn|1\n|inactive|MightyDynamo has 30 seconds left.\n|inactive|ryanplaytv has 30 seconds left.\n|inactive|MightyDynamo has 20 seconds left.\n|inactive|MightyDynamo has 15 seconds left.\n|inactive|MightyDynamo has 10 seconds left.\n|\n|t:|1746049745\n|switch|p2b: Whimsicott|Whimsicott, L50, F|100/100\n|switch|p2a: Zamazenta|Zamazenta-Crowned, L50|100/100\n|-ability|p2a: Zamazenta|Dauntless Shield|boost\n|-boost|p2a: Zamazenta|def|1\n|-terastallize|p1b: Farigiraf|Water\n|move|p1a: Incineroar|Knock Off|p2b: Whimsicott\n|-resisted|p2b: Whimsicott\n|-damage|p2b: Whimsicott|81/100\n|-enditem|p2b: Whimsicott|Covert Cloak|[from] move: Knock Off|[of] p1a: Incineroar\n|move|p1b: Farigiraf|Trick Room|p1b: Farigiraf\n|-fieldstart|move: Trick Room|[of] p1b: Farigiraf\n|\n|upkeep\n|turn|2\n|inactive|MightyDynamo has 30 seconds left.\n|inactive|MightyDynamo has 20 seconds left.\n|inactive|MightyDynamo has 15 seconds left.\n|inactive|MightyDynamo has 10 seconds left.\n|inactive|MightyDynamo has 5 seconds left.\n|\n|t:|1746049796\n|move|p2b: Whimsicott|Misty Terrain|p2b: Whimsicott\n|-fieldstart|move: Misty Terrain\n|move|p1b: Farigiraf|Light Screen|p1b: Farigiraf\n|-sidestart|p1: MightyDynamo|move: Light Screen\n|move|p1a: Incineroar|Parting Shot|p2a: Zamazenta\n|-unboost|p2a: Zamazenta|atk|1\n|-unboost|p2a: Zamazenta|spa|1\n|\n|t:|1746049802\n|switch|p1a: Calyrex|Calyrex-Ice, L50|100/100|[from] Parting Shot\n|-ability|p1a: Calyrex|As One\n|-ability|p1a: Calyrex|Unnerve\n|move|p2a: Zamazenta|Body Press|p1b: Farigiraf\n|-crit|p1b: Farigiraf\n|-damage|p1b: Farigiraf|9/100\n|\n|upkeep\n|turn|3\n|inactive|MightyDynamo has 30 seconds left.\n|\n|t:|1746049830\n|switch|p1b: Incineroar|Incineroar, L50, F|100/100\n|-ability|p1b: Incineroar|Intimidate|boost\n|-unboost|p2a: Zamazenta|atk|1\n|-unboost|p2b: Whimsicott|atk|1\n|move|p2a: Zamazenta|Wide Guard|p2a: Zamazenta\n|-singleturn|p2a: Zamazenta|Wide Guard\n|move|p1a: Calyrex|Imprison|p1a: Calyrex\n|-start|p1a: Calyrex|move: Imprison\n|move|p2b: Whimsicott|Moonblast|p1a: Calyrex\n|-crit|p1a: Calyrex\n|-damage|p1a: Calyrex|70/100\n|\n|upkeep\n|turn|4\n|inactive|ryanplaytv has 30 seconds left.\n|\n|t:|1746049856\n|move|p2b: Whimsicott|Encore|p1a: Calyrex\n|-start|p1a: Calyrex|Encore\n|move|p1a: Calyrex|Imprison||[still]\n|-fail|p1a: Calyrex\n|move|p1b: Incineroar|Parting Shot|p2b: Whimsicott\n|-unboost|p2b: Whimsicott|atk|1\n|-unboost|p2b: Whimsicott|spa|1\n|\n|t:|1746049877\n|switch|p1b: Miraidon|Miraidon, L50|100/100|[from] Parting Shot\n|-fieldstart|move: Electric Terrain|[from] ability: Hadron Engine|[of] p1b: Miraidon\n|-enditem|p1a: Calyrex|Electric Seed\n|-boost|p1a: Calyrex|def|1|[from] item: Electric Seed\n|move|p2a: Zamazenta|Heavy Slam|p1b: Miraidon\n|-resisted|p1b: Miraidon\n|-damage|p1b: Miraidon|93/100\n|\n|upkeep\n|turn|5\n|inactive|MightyDynamo has 30 seconds left.\n|inactive|MightyDynamo has 20 seconds left.\n|inactive|MightyDynamo has 15 seconds left.\n|inactive|MightyDynamo has 10 seconds left.\n|\n|t:|1746049923\n|switch|p1a: Incineroar|Incineroar, L50, F|100/100\n|-ability|p1a: Incineroar|Intimidate|boost\n|-unboost|p2a: Zamazenta|atk|1\n|-unboost|p2b: Whimsicott|atk|1\n|move|p2b: Whimsicott|Moonblast|p1b: Miraidon\n|-supereffective|p1b: Miraidon\n|-crit|p1b: Miraidon\n|-damage|p1b: Miraidon|34/100\n|move|p2a: Zamazenta|Heavy Slam|p1a: Incineroar\n|-resisted|p1a: Incineroar\n|-damage|p1a: Incineroar|93/100\n|-damage|p2a: Zamazenta|84/100|[from] item: Rocky Helmet|[of] p1a: Incineroar\n|move|p1b: Miraidon|Draco Meteor|p2a: Zamazenta\n|-resisted|p2a: Zamazenta\n|-damage|p2a: Zamazenta|37/100\n|-unboost|p1b: Miraidon|spa|2\n|\n|-fieldend|move: Trick Room\n|upkeep\n|turn|6\n|inactive|MightyDynamo has 30 seconds left.\n|inactive|ryanplaytv has 30 seconds left.\n|inactive|MightyDynamo has 20 seconds left.\n|\n|t:|1746049958\n|switch|p1b: Farigiraf|Farigiraf, L50, F, shiny, tera:Water|9/100\n|move|p2a: Zamazenta|Protect|p2a: Zamazenta\n|-singleturn|p2a: Zamazenta|Protect\n|move|p2b: Whimsicott|Moonblast|p1b: Farigiraf\n|-damage|p1b: Farigiraf|0 fnt\n|faint|p1b: Farigiraf\n|move|p1a: Incineroar|Parting Shot|p2b: Whimsicott\n|-unboost|p2b: Whimsicott|atk|1\n|-unboost|p2b: Whimsicott|spa|1\n|\n|t:|1746049969\n|switch|p1a: Calyrex|Calyrex-Ice, L50|70/100|[from] Parting Shot\n|-ability|p1a: Calyrex|As One\n|-ability|p1a: Calyrex|Unnerve\n|\n|-sideend|p1: MightyDynamo|move: Light Screen\n|upkeep\n|\n|t:|1746049976\n|switch|p1b: Miraidon|Miraidon, L50|34/100\n|-activate|p1b: Miraidon|ability: Hadron Engine\n|turn|7\n|\n|t:|1746049988\n|move|p2b: Whimsicott|Tailwind|p2b: Whimsicott\n|-sidestart|p2: ryanplaytv|move: Tailwind\n|move|p2a: Zamazenta|Body Press|p1b: Miraidon\n|-damage|p1b: Miraidon|0 fnt\n|faint|p1b: Miraidon\n|move|p1a: Calyrex|Trick Room|p1a: Calyrex\n|-fieldstart|move: Trick Room|[of] p1a: Calyrex\n|\n|upkeep\n|\n|t:|1746049994\n|switch|p1b: Incineroar|Incineroar, L50, F|93/100\n|-ability|p1b: Incineroar|Intimidate|boost\n|-unboost|p2a: Zamazenta|atk|1\n|-unboost|p2b: Whimsicott|atk|1\n|turn|8\n|\n|t:|1746050017\n|move|p1b: Incineroar|Fake Out|p2b: Whimsicott\n|-damage|p2b: Whimsicott|71/100\n|move|p2a: Zamazenta|Wide Guard|p2a: Zamazenta\n|-singleturn|p2a: Zamazenta|Wide Guard\n|cant|p2b: Whimsicott|flinch\n|move|p1a: Calyrex|Glacial Lance|p2a: Zamazenta|[spread] \n|-activate|p2a: Zamazenta|move: Wide Guard\n|-activate|p2b: Whimsicott|move: Wide Guard\n|\n|-fieldend|move: Electric Terrain\n|upkeep\n|turn|9\n|\n|t:|1746050028\n|move|p2a: Zamazenta|Wide Guard|p2a: Zamazenta\n|-singleturn|p2a: Zamazenta|Wide Guard\n|move|p2b: Whimsicott|Encore|p1a: Calyrex\n|-start|p1a: Calyrex|Encore\n|move|p1a: Calyrex|Glacial Lance|p2b: Whimsicott|[spread] \n|-activate|p2a: Zamazenta|move: Wide Guard\n|-activate|p2b: Whimsicott|move: Wide Guard\n|move|p1b: Incineroar|Taunt|p2b: Whimsicott\n|-start|p2b: Whimsicott|move: Taunt\n|\n|upkeep\n|turn|10\n|\n|t:|1746050040\n|move|p2a: Zamazenta|Wide Guard|p2a: Zamazenta\n|-singleturn|p2a: Zamazenta|Wide Guard\n|move|p1a: Calyrex|Glacial Lance|p2b: Whimsicott|[spread] \n|-activate|p2a: Zamazenta|move: Wide Guard\n|-activate|p2b: Whimsicott|move: Wide Guard\n|move|p1b: Incineroar|Taunt|p2a: Zamazenta\n|-start|p2a: Zamazenta|move: Taunt\n|move|p2b: Whimsicott|Moonblast|p1a: Calyrex\n|-damage|p1a: Calyrex|59/100\n|\n|-sideend|p2: ryanplaytv|move: Tailwind\n|upkeep\n|turn|11\n|\n|t:|1746050058\n|move|p1a: Calyrex|Glacial Lance|p2a: Zamazenta|[spread] p2a,p2b\n|-resisted|p2a: Zamazenta\n|-supereffective|p2b: Whimsicott\n|-damage|p2a: Zamazenta|27/100\n|-damage|p2b: Whimsicott|0 fnt\n|faint|p2b: Whimsicott\n|-ability|p1a: Calyrex|Chilling Neigh|boost\n|-boost|p1a: Calyrex|atk|1\n|move|p1b: Incineroar|Knock Off|p2a: Zamazenta\n|-resisted|p2a: Zamazenta\n|-damage|p2a: Zamazenta|22/100\n|move|p2a: Zamazenta|Body Press|p1a: Calyrex\n|-damage|p1a: Calyrex|26/100\n|\n|-end|p1a: Calyrex|Encore\n|-fieldend|move: Trick Room\n|upkeep\n|\n|t:|1746050064\n|switch|p2b: Chien-Pao|Chien-Pao, L50|100/100\n|-ability|p2b: Chien-Pao|Sword of Ruin\n|turn|12\n|\n|t:|1746050072\n|move|p2b: Chien-Pao|Throat Chop|p1a: Calyrex\n|-supereffective|p1a: Calyrex\n|-damage|p1a: Calyrex|0 fnt\n|faint|p1a: Calyrex\n|-damage|p2b: Chien-Pao|91/100|[from] item: Life Orb\n|move|p2a: Zamazenta|Body Press|p1b: Incineroar\n|-supereffective|p1b: Incineroar\n|-damage|p1b: Incineroar|0 fnt\n|-damage|p2a: Zamazenta|6/100|[from] item: Rocky Helmet|[of] p1b: Incineroar\n|faint|p1b: Incineroar\n|\n|win|ryanplaytv\n||MightyDynamo is ready for game 2.\n|inactive|ryanplaytv has 30 seconds to confirm battle start!\n||ryanplaytv is ready for game 2.\n|uhtml|next|Next: <a href=\"/battle-gen9vgc2025regibo3-2354259805\"><strong>Game 2 of 3</strong></a>\n", "uploadtime": 1746050072, "views": 15, "formatid": "gen9vgc2025regibo3", "rating": null, "private": 0, "password": null}