{"id": "gen9vgc2025regibo3-2354456992", "format": "[Gen 9] VGC 2025 Reg I (Bo3)", "players": ["caZISA", "papabell"], "log": "|j|\u2606caZISA\n|j|\u2606papabell\n|html|<table width=\"100%\"><tr><td align=\"left\">caZISA</td><td align=\"right\">papabell</tr><tr><td align=\"left\"><i class=\"fa fa-circle-o\"></i> <i class=\"fa fa-circle-o\"></i> </td><td align=\"right\"><i class=\"fa fa-circle-o\"></i> <i class=\"fa fa-circle\"></i> </tr></table>\n|uhtml|bestof|<h2><strong>Game 2</strong> of <a href=\"/game-bestof3-gen9vgc2025regibo3-2354454920\">a best-of-3</a></h2>\n|t:|1746074470\n|gametype|doubles\n|player|p1|caZISA|red|1356\n|player|p2|papabell|acetrainerf-gen4dp|1318\n|teamsize|p1|6\n|teamsize|p2|6\n|gen|9\n|tier|[Gen 9] VGC 2025 Reg I (Bo3)\n|rated|\n|rule|Species Clause: Limit one of each Pok\u00e9mon\n|rule|Item Clause: Limit 1 of each item\n|clearpoke\n|poke|p1|Calyrex-Ice, L50|\n|poke|p1|Kyogre, L50|\n|poke|p1|Landorus, L50, M|\n|poke|p1|Raging Bolt, L50|\n|poke|p1|Incineroar, L50, F|\n|poke|p1|Smeargle, L50, F|\n|poke|p2|Koraidon, L50|\n|poke|p2|Calyrex-Shadow, L50|\n|poke|p2|Brute Bonnet, L50|\n|poke|p2|Whimsicott, L50, M|\n|poke|p2|Chi-Yu, L50|\n|poke|p2|Clefairy, L50, F|\n|teampreview|4\n|showteam|p1|Calyrex-Ice||ClearAmulet|AsOneGlastrier|GlacialLance,CloseCombat,TrickRoom,Protect||||||50|,,,,,Water]Kyogre||MysticWater|Drizzle|WaterSpout,OriginPulse,IceBeam,Protect||||||50|,,,,,Water]Landorus||ChoiceScarf|SheerForce|SandsearStorm,EarthPower,SludgeBomb,Uturn|||M|||50|,,,,,Ghost]Raging Bolt||AssaultVest|Protosynthesis|Thunderbolt,DracoMeteor,Thunderclap,Snarl||||||50|,,,,,Fairy]Incineroar||SafetyGoggles|Intimidate|FakeOut,WillOWisp,KnockOff,PartingShot|||F|||50|,,,,,Ghost]Smeargle||FocusSash|Moody|FakeOut,Spore,FollowMe,WideGuard|||F|||50|,,,,,Grass\n|showteam|p2|Koraidon||LifeOrb|OrichalcumPulse|Protect,CloseCombat,FlareBlitz,FlameCharge||||||50|,,,,,Fire]Calyrex-Shadow||FocusSash|AsOneSpectrier|Protect,AstralBarrage,Psychic,Disable||||||50|,,,,,Ghost]Brute Bonnet||RockyHelmet|Protosynthesis|RagePowder,Spore,SuckerPunch,PollenPuff||||||50|,,,,,Water]Whimsicott||CovertCloak|Prankster|Moonblast,Tailwind,Encore,HelpingHand|||M|||50|,,,,,Dark]Chi-Yu||ChoiceScarf|BeadsofRuin|HeatWave,Overheat,Snarl,DarkPulse||||||50|,,,,,Fire]Clefairy||Eviolite|FriendGuard|Protect,FollowMe,AfterYou,HelpingHand|||F|||50|,,,,,Ground\n|inactive|Battle timer is ON: inactive players will automatically lose when time's up. (requested by papabell)\n|inactive|caZISA has 60 seconds left.\n|\n|t:|1746074525\n|start\n|switch|p1a: Tigre To\u00f1o|Incineroar, L50, F|100/100\n|switch|p1b: Gaspar|Calyrex-Ice, L50|100/100\n|switch|p2a: Koraidon|Koraidon, L50|100/100\n|switch|p2b: Brute Bonnet|Brute Bonnet, L50|100/100\n|-ability|p1b: Gaspar|As One\n|-ability|p1b: Gaspar|Unnerve\n|-weather|SunnyDay|[from] ability: Orichalcum Pulse|[of] p2a: Koraidon\n|-activate|p2b: Brute Bonnet|ability: Protosynthesis\n|-start|p2b: Brute Bonnet|protosynthesisdef\n|-activate|p2a: Koraidon|Orichalcum Pulse|[source]\n|-ability|p1a: Tigre To\u00f1o|Intimidate|boost\n|-unboost|p2a: Koraidon|atk|1\n|-unboost|p2b: Brute Bonnet|atk|1\n|turn|1\n|\n|t:|1746074547\n|-terastallize|p2a: Koraidon|Fire\n|move|p1a: Tigre To\u00f1o|Fake Out|p2b: Brute Bonnet\n|-damage|p2b: Brute Bonnet|95/100\n|-damage|p1a: Tigre To\u00f1o|84/100|[from] item: Rocky Helmet|[of] p2b: Brute Bonnet\n|move|p2a: Koraidon|Close Combat|p1a: Tigre To\u00f1o\n|-supereffective|p1a: Tigre To\u00f1o\n|-damage|p1a: Tigre To\u00f1o|0 fnt\n|-unboost|p2a: Koraidon|def|1\n|-unboost|p2a: Koraidon|spd|1\n|faint|p1a: Tigre To\u00f1o\n|-damage|p2a: Koraidon|91/100|[from] item: Life Orb\n|cant|p2b: Brute Bonnet|flinch\n|move|p1b: Gaspar|Glacial Lance|p2a: Koraidon|[spread] p2a,p2b\n|-resisted|p2a: Koraidon\n|-supereffective|p2b: Brute Bonnet\n|-damage|p2a: Koraidon|52/100\n|-damage|p2b: Brute Bonnet|34/100\n|\n|-weather|SunnyDay|[upkeep]\n|upkeep\n|\n|t:|1746074556\n|switch|p1a: Dory|Kyogre, L50|100/100\n|-weather|RainDance|[from] ability: Drizzle|[of] p1a: Dory\n|-end|p2b: Brute Bonnet|Protosynthesis\n|turn|2\n|\n|t:|1746074564\n|switch|p2a: Clefairy|Clefairy, L50, F|100/100\n|move|p1a: Dory|Ice Beam|p2b: Brute Bonnet\n|-supereffective|p2b: Brute Bonnet\n|-damage|p2b: Brute Bonnet|0 fnt\n|faint|p2b: Brute Bonnet\n|-end|p2b: Brute Bonnet|Protosynthesis|[silent]\n|move|p1b: Gaspar|Trick Room|p1b: Gaspar\n|-fieldstart|move: Trick Room|[of] p1b: Gaspar\n|\n|-weather|RainDance|[upkeep]\n|upkeep\n|\n|t:|1746074567\n|switch|p2b: Calyrex|Calyrex-Shadow, L50|100/100\n|-ability|p2b: Calyrex|As One\n|-ability|p2b: Calyrex|Unnerve\n|turn|3\n|\n|t:|1746074579\n|switch|p1b: Picasso|Smeargle, L50, F|100/100\n|move|p2a: Clefairy|Protect|p2a: Clefairy\n|-singleturn|p2a: Clefairy|Protect\n|move|p2b: Calyrex|Protect|p2b: Calyrex\n|-singleturn|p2b: Calyrex|Protect\n|move|p1a: Dory|Origin Pulse|p2a: Clefairy|[spread] \n|-activate|p2a: Clefairy|move: Protect\n|-activate|p2b: Calyrex|move: Protect\n|\n|-weather|RainDance|[upkeep]\n|-ability|p1b: Picasso|Moody|boost\n|-boost|p1b: Picasso|spe|2\n|-unboost|p1b: Picasso|def|1\n|upkeep\n|turn|4\n|\n|t:|1746074592\n|move|p2a: Clefairy|After You|p2b: Calyrex\n|-activate|p2b: Calyrex|move: After You\n|move|p2b: Calyrex|Disable|p1a: Dory\n|-start|p1a: Dory|Disable|Origin Pulse\n|move|p1a: Dory|Water Spout|p2b: Calyrex|[spread] p2a,p2b\n|-damage|p2a: Clefairy|0 fnt\n|-damage|p2b: Calyrex|14/100\n|faint|p2a: Clefairy\n|move|p1b: Picasso|Spore|p2b: Calyrex\n|-status|p2b: Calyrex|slp|[from] move: Spore\n|\n|-weather|RainDance|[upkeep]\n|-ability|p1b: Picasso|Moody|boost\n|-boost|p1b: Picasso|spe|2\n|-unboost|p1b: Picasso|spa|1\n|upkeep\n|\n|t:|1746074595\n|switch|p2a: Koraidon|Koraidon, L50, tera:Fire|52/100\n|-weather|SunnyDay|[from] ability: Orichalcum Pulse|[of] p2a: Koraidon\n|-activate|p2a: Koraidon|Orichalcum Pulse|[source]\n|turn|5\n|-message|papabell forfeited.\n|\n|win|caZISA\n|l|\u2606papabell\n|player|p2|\n||caZISA is ready for game 3.\n||papabell is ready for game 3.\n|uhtml|next|Next: <a href=\"/battle-gen9vgc2025regibo3-2354457842\"><strong>Game 3 of 3</strong></a>\n", "uploadtime": 1746074942, "views": 9, "formatid": "gen9vgc2025regibo3", "rating": null, "private": 0, "password": null}