{"id": "gen9vgc2025regibo3-2354719898", "format": "[Gen 9] VGC 2025 Reg I (Bo3)", "players": ["Avigdor", "Cjpremo"], "log": "|j|\u2606Avigdor\n|j|\u2606Cjpremo\n|html|<table width=\"100%\"><tr><td align=\"left\">Avigdor</td><td align=\"right\">Cjpremo</tr><tr><td align=\"left\"><i class=\"fa fa-circle-o\"></i> <i class=\"fa fa-circle-o\"></i> </td><td align=\"right\"><i class=\"fa fa-circle-o\"></i> <i class=\"fa fa-circle-o\"></i> </tr></table>\n|uhtml|bestof|<h2><strong>Game 1</strong> of <a href=\"/game-bestof3-gen9vgc2025regibo3-2354719897\">a best-of-3</a></h2>\n|t:|1746113761\n|gametype|doubles\n|player|p1|Avigdor|265|1148\n|player|p2|Cjpremo|lance|1187\n|teamsize|p1|6\n|teamsize|p2|6\n|gen|9\n|tier|[Gen 9] VGC 2025 Reg I (Bo3)\n|rated|\n|rule|Species Clause: Limit one of each Pok\u00e9mon\n|rule|Item Clause: Limit 1 of each item\n|clearpoke\n|poke|p1|Archaludon, L50, M|\n|poke|p1|Miraidon, L50|\n|poke|p1|Kyogre, L50|\n|poke|p1|Tornadus, L50, M|\n|poke|p1|Chien-Pao, L50|\n|poke|p1|Ogerpon-Wellspring, L50, F|\n|poke|p2|Calyrex-Ice, L50|\n|poke|p2|Iron Hands, L50|\n|poke|p2|Volcarona, L50, F|\n|poke|p2|Miraidon, L50|\n|poke|p2|Grimmsnarl, L50, M|\n|poke|p2|Ditto, L50|\n|teampreview|4\n|showteam|p1|Archaludon||AssaultVest|Stamina|ElectroShot,DragonPulse,BodyPress,FlashCannon|||M|||50|,,,,,Fairy]Miraidon||ChoiceSpecs|HadronEngine|ElectroDrift,VoltSwitch,DazzlingGleam,DracoMeteor||||||50|,,,,,Fairy]Kyogre||ChoiceScarf|Drizzle|WaterSpout,OriginPulse,IceBeam,Thunder||||||50|,,,,,Grass]Tornadus||CovertCloak|Prankster|Taunt,Tailwind,BleakwindStorm,RainDance|||M|||50|,,,,,Dark]Chien-Pao||FocusSash|SwordofRuin|IcicleCrash,SacredSword,SuckerPunch,Protect||||||50|,,,,,Ghost]Ogerpon-Wellspring||WellspringMask|WaterAbsorb|FollowMe,IvyCudgel,WoodHammer,SpikyShield|||F|||50|,,,,,Water\n|showteam|p2|Calyrex-Ice||ClearAmulet|AsOneGlastrier|GlacialLance,HighHorsepower,Protect,TrickRoom||||||50|,,,,,Fire]Iron Hands||AssaultVest|QuarkDrive|DrainPunch,WildCharge,LowKick,FakeOut||||||50|,,,,,Water]Volcarona||Leftovers|FlameBody|FieryDance,QuiverDance,GigaDrain,Protect|||F|||50|,,,,,Water]Miraidon||ChoiceSpecs|HadronEngine|ElectroDrift,DracoMeteor,DazzlingGleam,VoltSwitch||||||50|,,,,,Fairy]Grimmsnarl||LightClay|Prankster|FoulPlay,ThunderWave,LightScreen,Reflect|||M|||50|,,,,,Ghost]Ditto||FocusSash|Imposter|Transform||||||50|,,,,,Normal\n|inactive|Battle timer is ON: inactive players will automatically lose when time's up. (requested by Avigdor)\n|\n|t:|1746113805\n|start\n|switch|p1a: Kyogre|Kyogre, L50|100/100\n|switch|p1b: Archaludon|Archaludon, L50, M|100/100\n|switch|p2a: Grimmsnarl|Grimmsnarl, L50, M|100/100\n|switch|p2b: Miraidon|Miraidon, L50|100/100\n|-weather|RainDance|[from] ability: Drizzle|[of] p1a: Kyogre\n|-fieldstart|move: Electric Terrain|[from] ability: Hadron Engine|[of] p2b: Miraidon\n|turn|1\n|\n|t:|1746113827\n|-terastallize|p1a: Kyogre|Grass\n|move|p2a: Grimmsnarl|Thunder Wave|p1a: Kyogre\n|-status|p1a: Kyogre|par\n|move|p2b: Miraidon|Electro Drift|p1b: Archaludon\n|-resisted|p1b: Archaludon\n|-damage|p1b: Archaludon|40/100\n|-ability|p1b: Archaludon|Stamina|boost\n|-boost|p1b: Archaludon|def|1\n|move|p1b: Archaludon|Electro Shot||[still]\n|-prepare|p1b: Archaludon|Electro Shot\n|-boost|p1b: Archaludon|spa|1\n|-anim|p1b: Archaludon|Electro Shot|p2b: Miraidon\n|-resisted|p2b: Miraidon\n|-damage|p2b: Miraidon|81/100\n|cant|p1a: Kyogre|par\n|\n|-weather|RainDance|[upkeep]\n|upkeep\n|turn|2\n|inactive|Cjpremo has 30 seconds left.\n|inactive|Cjpremo has 20 seconds left.\n|inactive|Cjpremo has 15 seconds left.\n|inactive|Cjpremo has 10 seconds left.\n|inactive|Avigdor has 30 seconds left.\n|inactive|Cjpremo has 5 seconds left.\n|\n|t:|1746113881\n|switch|p2b: Ditto|Ditto, L50|100/100\n|-transform|p2b: Ditto|p1a: Kyogre|[from] ability: Imposter\n|move|p2a: Grimmsnarl|Light Screen|p2a: Grimmsnarl\n|-sidestart|p2: Cjpremo|move: Light Screen\n|move|p1b: Archaludon|Flash Cannon|p2b: Ditto\n|-resisted|p2b: Ditto\n|-damage|p2b: Ditto|80/100\n|-unboost|p2b: Ditto|spd|1\n|cant|p1a: Kyogre|par\n|\n|-weather|RainDance|[upkeep]\n|upkeep\n|-start|p2b: Ditto|typechange|Water|[silent]\n|turn|3\n|\n|t:|1746113902\n|move|p2a: Grimmsnarl|Reflect|p2a: Grimmsnarl\n|-sidestart|p2: Cjpremo|Reflect\n|move|p2b: Ditto|Origin Pulse|p1b: Archaludon|[spread] p1a,p1b\n|-resisted|p1a: Kyogre\n|-resisted|p1b: Archaludon\n|-damage|p1a: Kyogre|74/100 par\n|-damage|p1b: Archaludon|7/100\n|-ability|p1b: Archaludon|Stamina|boost\n|-boost|p1b: Archaludon|def|1\n|move|p1b: Archaludon|Electro Shot||[still]\n|-prepare|p1b: Archaludon|Electro Shot\n|-boost|p1b: Archaludon|spa|1\n|-anim|p1b: Archaludon|Electro Shot|p2b: Ditto\n|-supereffective|p2b: Ditto\n|-damage|p2b: Ditto|0 fnt\n|faint|p2b: Ditto\n|move|p1a: Kyogre|Thunder|p2a: Grimmsnarl\n|-damage|p2a: Grimmsnarl|65/100\n|\n|-weather|RainDance|[upkeep]\n|upkeep\n|\n|t:|1746113921\n|switch|p2b: Iron Hands|Iron Hands, L50|100/100\n|-activate|p2b: Iron Hands|ability: Quark Drive\n|-start|p2b: Iron Hands|quarkdriveatk\n|turn|4\n|\n|t:|1746113934\n|switch|p1a: Tornadus|Tornadus, L50, M|100/100\n|move|p1b: Archaludon|Flash Cannon|p2a: Grimmsnarl\n|-supereffective|p2a: Grimmsnarl\n|-damage|p2a: Grimmsnarl|0 fnt\n|faint|p2a: Grimmsnarl\n|move|p2b: Iron Hands|Low Kick|p1a: Tornadus\n|-resisted|p1a: Tornadus\n|-damage|p1a: Tornadus|59/100\n|\n|-weather|RainDance|[upkeep]\n|upkeep\n|\n|t:|1746113943\n|switch|p2a: Miraidon|Miraidon, L50|81/100\n|-activate|p2a: Miraidon|ability: Hadron Engine\n|turn|5\n|inactive|Cjpremo has 30 seconds left.\n|\n|t:|1746113976\n|-terastallize|p2a: Miraidon|Fairy\n|move|p1a: Tornadus|Tailwind|p1a: Tornadus\n|-sidestart|p1: Avigdor|move: Tailwind\n|move|p1b: Archaludon|Flash Cannon|p2a: Miraidon\n|-supereffective|p2a: Miraidon\n|-damage|p2a: Miraidon|0 fnt\n|faint|p2a: Miraidon\n|move|p2b: Iron Hands|Wild Charge|p1a: Tornadus\n|-supereffective|p1a: Tornadus\n|-damage|p1a: Tornadus|0 fnt\n|faint|p1a: Tornadus\n|-damage|p2b: Iron Hands|90/100|[from] Recoil\n|\n|-weather|none\n|-fieldend|move: Electric Terrain\n|-end|p2b: Iron Hands|Quark Drive\n|upkeep\n|\n|t:|1746113989\n|switch|p1a: Miraidon|Miraidon, L50|100/100\n|-fieldstart|move: Electric Terrain|[from] ability: Hadron Engine|[of] p1a: Miraidon\n|-activate|p2b: Iron Hands|ability: Quark Drive\n|-start|p2b: Iron Hands|quarkdriveatk\n|turn|6\n|\n|t:|1746114000\n|move|p1a: Miraidon|Dazzling Gleam|p2b: Iron Hands\n|-supereffective|p2b: Iron Hands\n|-damage|p2b: Iron Hands|45/100\n|move|p1b: Archaludon|Dragon Pulse|p2b: Iron Hands\n|-damage|p2b: Iron Hands|15/100\n|move|p2b: Iron Hands|Low Kick|p1b: Archaludon\n|-supereffective|p1b: Archaludon\n|-damage|p1b: Archaludon|0 fnt\n|faint|p1b: Archaludon\n|\n|upkeep\n|\n|t:|1746114009\n|switch|p1b: Kyogre|Kyogre, L50, tera:Grass|74/100 par\n|-weather|RainDance|[from] ability: Drizzle|[of] p1b: Kyogre\n|turn|7\n|\n|t:|1746114017\n|move|p1a: Miraidon|Dazzling Gleam|p2b: Iron Hands\n|-supereffective|p2b: Iron Hands\n|-damage|p2b: Iron Hands|0 fnt\n|faint|p2b: Iron Hands\n|-end|p2b: Iron Hands|Quark Drive|[silent]\n|\n|win|Avigdor\n||Avigdor is ready for game 2.\n||Cjpremo is ready for game 2.\n|uhtml|next|Next: <a href=\"/battle-gen9vgc2025regibo3-2354722826\"><strong>Game 2 of 3</strong></a>\n", "uploadtime": 1746114494, "views": 22, "formatid": "gen9vgc2025regibo3", "rating": null, "private": 0, "password": null}