{"id": "gen9vgc2025regibo3-2354337009", "format": "[Gen 9] VGC 2025 Reg I (Bo3)", "players": ["Membrayne", "jalo3705"], "log": "|j|\u2606Membrayne\n|j|\u2606jalo3705\n|html|<table width=\"100%\"><tr><td align=\"left\">Membrayne</td><td align=\"right\">jalo3705</tr><tr><td align=\"left\"><i class=\"fa fa-circle\"></i> <i class=\"fa fa-circle-o\"></i> </td><td align=\"right\"><i class=\"fa fa-circle-o\"></i> <i class=\"fa fa-circle-o\"></i> </tr></table>\n|uhtml|bestof|<h2><strong>Game 2</strong> of <a href=\"/game-bestof3-gen9vgc2025regibo3-2354334621\">a best-of-3</a></h2>\n|t:|1746058967\n|gametype|doubles\n|player|p1|Membrayne|hiker-gen4|1120\n|player|p2|jalo3705|265|1160\n|teamsize|p1|6\n|teamsize|p2|6\n|gen|9\n|tier|[Gen 9] VGC 2025 Reg I (Bo3)\n|rated|\n|rule|Species Clause: Limit one of each Pok\u00e9mon\n|rule|Item Clause: Limit 1 of each item\n|clearpoke\n|poke|p1|Lunala, L50|\n|poke|p1|Koraidon, L50|\n|poke|p1|Chi-Yu, L50|\n|poke|p1|Flutter Mane, L50|\n|poke|p1|Brute Bonnet, L50|\n|poke|p1|Ursaluna, L50, F|\n|poke|p2|Zekrom, L50|\n|poke|p2|Reshiram, L50|\n|poke|p2|Rillaboom, L50, M|\n|poke|p2|Incineroar, L50, F|\n|poke|p2|Tornadus, L50, M|\n|poke|p2|Weezing-Galar, L50, M|\n|teampreview|4\n|showteam|p1|Lunala||PowerHerb|ShadowShield|MoongeistBeam,MeteorBeam,WideGuard,TrickRoom||||||50|,,,,,Fairy]Koraidon||LifeOrb|OrichalcumPulse|CloseCombat,FlareBlitz,FlameCharge,Protect||||||50|,,,,,Fire]Chi-Yu||ChoiceScarf|BeadsofRuin|HeatWave,DarkPulse,Flamethrower,Snarl||||||50|,,,,,Ghost]Flutter Mane||FocusSash|Protosynthesis|Moonblast,ShadowBall,IcyWind,Protect||||||50|,,,,,Normal]Brute Bonnet||RockyHelmet|Protosynthesis|Spore,RagePowder,SuckerPunch,SeedBomb||||||50|,,,,,Water]Ursaluna||FlameOrb|Guts|Facade,Earthquake,HeadlongRush,Protect|||F|||50|,,,,,Water\n|showteam|p2|Zekrom||ClearAmulet|Teravolt|FusionBolt,DragonClaw,DragonDance,Protect||||||50|,,,,,Fairy]Reshiram||ChoiceScarf|Turboblaze|FusionFlare,EarthPower,DracoMeteor,ShadowBall||||||50|,,,,,Fairy]Rillaboom||AssaultVest|GrassySurge|WoodHammer,FakeOut,HighHorsepower,GrassyGlide|||M|||50|,,,,,Fire]Incineroar||SitrusBerry|Intimidate|FlareBlitz,KnockOff,FakeOut,PartingShot|||F|||50|,,,,,Grass]Tornadus||CovertCloak|Prankster|BleakwindStorm,RainDance,Tailwind,Taunt|||M|||50|,,,,,Flying]Weezing-Galar||Leftovers|NeutralizingGas|SludgeBomb,StrangeSteam,ClearSmog,Protect|||M|||50|,,,,,Grass\n|\n|t:|1746059013\n|start\n|switch|p1a: Chi-Yu|Chi-Yu, L50|100/100\n|switch|p1b: Lunala|Lunala, L50|100/100\n|switch|p2a: Zekrom|Zekrom, L50|100/100\n|switch|p2b: Weezing|Weezing-Galar, L50, M|100/100\n|-ability|p2b: Weezing|Neutralizing Gas\n|turn|1\n|inactive|Battle timer is ON: inactive players will automatically lose when time's up. (requested by jalo3705)\n|\n|t:|1746059040\n|switch|p1a: Ursaluna|Ursaluna, L50, F|100/100\n|move|p2a: Zekrom|Dragon Dance|p2a: Zekrom\n|-boost|p2a: Zekrom|atk|1\n|-boost|p2a: Zekrom|spe|1\n|move|p2b: Weezing|Strange Steam|p1b: Lunala\n|-damage|p1b: Lunala|83/100\n|-start|p1b: Lunala|confusion\n|-activate|p1b: Lunala|confusion\n|move|p1b: Lunala|Trick Room|p1b: Lunala\n|-fieldstart|move: Trick Room|[of] p1b: Lunala\n|\n|-status|p1a: Ursaluna|brn|[from] item: Flame Orb\n|upkeep\n|turn|2\n|inactive|jalo3705 has 30 seconds left.\n|inactive|jalo3705 has 20 seconds left.\n|inactive|jalo3705 has 15 seconds left.\n|inactive|jalo3705 has 10 seconds left.\n|inactive|jalo3705 has 5 seconds left.\n|\n|t:|1746059092\n|-end|p2b: Weezing|ability: Neutralizing Gas\n|-ability|p2a: Zekrom|Teravolt\n|switch|p2b: Rillaboom|Rillaboom, L50, M|100/100\n|-fieldstart|move: Grassy Terrain|[from] ability: Grassy Surge|[of] p2b: Rillaboom\n|move|p2a: Zekrom|Protect|p2a: Zekrom\n|-singleturn|p2a: Zekrom|Protect\n|move|p1a: Ursaluna|Headlong Rush|p2b: Rillaboom\n|-resisted|p2b: Rillaboom\n|-damage|p2b: Rillaboom|63/100\n|-unboost|p1a: Ursaluna|def|1\n|-unboost|p1a: Ursaluna|spd|1\n|-activate|p1b: Lunala|confusion\n|move|p1b: Lunala|Meteor Beam||[still]\n|-prepare|p1b: Lunala|Meteor Beam\n|-boost|p1b: Lunala|spa|1\n|-enditem|p1b: Lunala|Power Herb\n|-anim|p1b: Lunala|Meteor Beam|p2b: Rillaboom\n|-damage|p2b: Rillaboom|15/100\n|\n|-heal|p2b: Rillaboom|21/100|[from] Grassy Terrain\n|-heal|p1b: Lunala|89/100|[from] Grassy Terrain\n|-damage|p1a: Ursaluna|95/100 brn|[from] brn\n|upkeep\n|turn|3\n|inactive|Membrayne has 30 seconds left.\n|inactive|jalo3705 has 30 seconds left.\n|\n|t:|1746059125\n|switch|p1a: Chi-Yu|Chi-Yu, L50|100/100\n|-ability|p1a: Chi-Yu|Beads of Ruin\n|move|p2b: Rillaboom|Grassy Glide|p1a: Chi-Yu\n|-resisted|p1a: Chi-Yu\n|-damage|p1a: Chi-Yu|75/100\n|-end|p1b: Lunala|confusion\n|move|p1b: Lunala|Moongeist Beam|p2b: Rillaboom\n|-crit|p2b: Rillaboom\n|-damage|p2b: Rillaboom|0 fnt\n|faint|p2b: Rillaboom\n|move|p2a: Zekrom|Fusion Bolt|p1b: Lunala\n|-damage|p1b: Lunala|23/100\n|\n|-heal|p1b: Lunala|30/100|[from] Grassy Terrain\n|-heal|p1a: Chi-Yu|81/100|[from] Grassy Terrain\n|upkeep\n|\n|t:|1746059138\n|switch|p2b: Incineroar|Incineroar, L50, F|100/100\n|-ability|p2b: Incineroar|Intimidate|boost\n|-unboost|p1a: Chi-Yu|atk|1\n|-unboost|p1b: Lunala|atk|1\n|turn|4\n|\n|t:|1746059153\n|switch|p1a: Ursaluna|Ursaluna, L50, F|95/100 brn\n|move|p2b: Incineroar|Knock Off|p1b: Lunala\n|-supereffective|p1b: Lunala\n|-damage|p1b: Lunala|0 fnt\n|faint|p1b: Lunala\n|move|p2a: Zekrom|Fusion Bolt|p1a: Ursaluna\n|-immune|p1a: Ursaluna\n|\n|-heal|p1a: Ursaluna|100/100 brn|[from] Grassy Terrain\n|-damage|p1a: Ursaluna|95/100 brn|[from] brn\n|upkeep\n|\n|t:|1746059172\n|switch|p1b: Koraidon|Koraidon, L50|100/100\n|-weather|SunnyDay|[from] ability: Orichalcum Pulse|[of] p1b: Koraidon\n|-activate|p1b: Koraidon|Orichalcum Pulse|[source]\n|turn|5\n|\n|t:|1746059186\n|move|p2a: Zekrom|Protect|p2a: Zekrom\n|-singleturn|p2a: Zekrom|Protect\n|move|p1a: Ursaluna|Headlong Rush|p2b: Incineroar\n|-supereffective|p2b: Incineroar\n|-damage|p2b: Incineroar|0 fnt\n|-unboost|p1a: Ursaluna|def|1\n|-unboost|p1a: Ursaluna|spd|1\n|faint|p2b: Incineroar\n|move|p1b: Koraidon|Flare Blitz|p2a: Zekrom\n|-activate|p2a: Zekrom|move: Protect\n|\n|-weather|SunnyDay|[upkeep]\n|-heal|p1a: Ursaluna|100/100 brn|[from] Grassy Terrain\n|-damage|p1a: Ursaluna|95/100 brn|[from] brn\n|-fieldend|move: Trick Room\n|upkeep\n|\n|t:|1746059190\n|switch|p2b: Weezing|Weezing-Galar, L50, M|100/100\n|-ability|p2b: Weezing|Neutralizing Gas\n|turn|6\n|inactive|Membrayne has 30 seconds left.\n|inactive|jalo3705 has 30 seconds left.\n|inactive|Membrayne has 20 seconds left.\n|inactive|Membrayne has 15 seconds left.\n|\n|t:|1746059234\n|switch|p1a: Chi-Yu|Chi-Yu, L50|81/100\n|-terastallize|p1b: Koraidon|Fire\n|-terastallize|p2b: Weezing|Grass\n|move|p2a: Zekrom|Dragon Claw|p1a: Chi-Yu\n|-damage|p1a: Chi-Yu|0 fnt\n|faint|p1a: Chi-Yu\n|move|p1b: Koraidon|Flare Blitz|p2b: Weezing\n|-supereffective|p2b: Weezing\n|-damage|p2b: Weezing|0 fnt\n|faint|p2b: Weezing\n|-end|p2b: Weezing|ability: Neutralizing Gas\n|-ability|p2a: Zekrom|Teravolt\n|-activate|p1b: Koraidon|ability: Orichalcum Pulse\n|-damage|p1b: Koraidon|68/100|[from] Recoil\n|-damage|p1b: Koraidon|58/100|[from] item: Life Orb\n|\n|-weather|SunnyDay|[upkeep]\n|-heal|p1b: Koraidon|65/100|[from] Grassy Terrain\n|-fieldend|move: Grassy Terrain\n|upkeep\n|\n|t:|1746059255\n|switch|p1a: Ursaluna|Ursaluna, L50, F|95/100 brn\n|turn|7\n|\n|t:|1746059261\n|move|p2a: Zekrom|Protect|p2a: Zekrom\n|-singleturn|p2a: Zekrom|Protect\n|move|p1b: Koraidon|Close Combat|p2a: Zekrom\n|-activate|p2a: Zekrom|move: Protect\n|move|p1a: Ursaluna|Headlong Rush|p2a: Zekrom\n|-activate|p2a: Zekrom|move: Protect\n|\n|-weather|SunnyDay|[upkeep]\n|-damage|p1a: Ursaluna|89/100 brn|[from] brn\n|upkeep\n|turn|8\n|\n|t:|1746059277\n|move|p2a: Zekrom|Fusion Bolt|p1b: Koraidon\n|-damage|p1b: Koraidon|0 fnt\n|faint|p1b: Koraidon\n|move|p1a: Ursaluna|Headlong Rush|p2a: Zekrom\n|-supereffective|p2a: Zekrom\n|-damage|p2a: Zekrom|0 fnt\n|-unboost|p1a: Ursaluna|def|1\n|-unboost|p1a: Ursaluna|spd|1\n|faint|p2a: Zekrom\n|\n|win|Membrayne\n|raw|Membrayne's rating: 1120 &rarr; <strong>1148</strong><br />(+28 for winning)\n|raw|jalo3705's rating: 1160 &rarr; <strong>1132</strong><br />(-28 for losing)\n|l|\u2606jalo3705\n|player|p2|\n|l|\u2606Membrayne\n|player|p1|\n", "uploadtime": 1746059617, "views": 7, "formatid": "gen9vgc2025regibo3", "rating": 1132, "private": 0, "password": null}