{"id": "gen9vgc2025regibo3-2353962190", "format": "[Gen 9] VGC 2025 Reg I (Bo3)", "players": ["QrdeJegoMac", "double o dumbass"], "log": "|j|\u2606QrdeJegoMac\n|j|\u2606double o dumbass\n|html|<table width=\"100%\"><tr><td align=\"left\">QrdeJegoMac</td><td align=\"right\">double o dumbass</tr><tr><td align=\"left\"><i class=\"fa fa-circle\"></i> <i class=\"fa fa-circle-o\"></i> </td><td align=\"right\"><i class=\"fa fa-circle-o\"></i> <i class=\"fa fa-circle-o\"></i> </tr></table>\n|uhtml|bestof|<h2><strong>Game 2</strong> of <a href=\"/game-bestof3-gen9vgc2025regibo3-2353960430\">a best-of-3</a></h2>\n|t:|1746022969\n|gametype|doubles\n|player|p1|QrdeJegoMac|101|1143\n|player|p2|double o dumbass|will|1160\n|teamsize|p1|6\n|teamsize|p2|6\n|gen|9\n|tier|[Gen 9] VGC 2025 Reg I (Bo3)\n|rated|\n|rule|Species Clause: Limit one of each Pok\u00e9mon\n|rule|Item Clause: Limit 1 of each item\n|clearpoke\n|poke|p1|Farigiraf, L50, M|\n|poke|p1|Landorus, L50, M|\n|poke|p1|Ogerpon-Cornerstone, L50, F|\n|poke|p1|Calyrex-Ice, L50|\n|poke|p1|Miraidon, L50|\n|poke|p1|Whimsicott, L50, F|\n|poke|p2|Grimmsnarl, L50, M|\n|poke|p2|Calyrex-Shadow, L50|\n|poke|p2|Zamazenta-*, L50|\n|poke|p2|Primarina, L50, M|\n|poke|p2|Rillaboom, L50, M|\n|poke|p2|Urshifu-*, L50, F|\n|teampreview|4\n|showteam|p1|Farigiraf||SafetyGoggles|ArmorTail|FoulPlay,HelpingHand,TrickRoom,Psychic|||M|||50|,,,,,Water]Landorus||LifeOrb|SheerForce|Protect,SludgeBomb,EarthPower,SandsearStorm|||M|||50|,,,,,Poison]Ogerpon-Cornerstone||CornerstoneMask|Sturdy|IvyCudgel,PowerWhip,SpikyShield,FollowMe|||F|||50|,,,,,Rock]Calyrex-Ice||ClearAmulet|AsOneGlastrier|TrickRoom,GlacialLance,Protect,HighHorsepower||||||50|,,,,,Water]Miraidon||ChoiceSpecs|HadronEngine|ElectroDrift,DracoMeteor,VoltSwitch,DazzlingGleam||||||50|,,,,,Fairy]Whimsicott||CovertCloak|Prankster|Moonblast,Tailwind,LightScreen,Encore|||F|||50|,,,,,Dark\n|showteam|p2|Grimmsnarl||LightClay|Prankster|Reflect,LightScreen,SpiritBreak,ThunderWave|||M|||50|,,,,,Ghost]Calyrex-Shadow||LifeOrb|AsOneSpectrier|AstralBarrage,Psychic,NastyPlot,Protect||||||50|,,,,,Dark]Zamazenta-Crowned||RustedShield|DauntlessShield|BodyPress,HeavySlam,WideGuard,Protect||||||50|,,,,,Dragon]Primarina||AssaultVest|LiquidVoice|Moonblast,ShadowBall,HyperVoice,IcyWind|||M|||50|,,,,,Grass]Rillaboom||ChoiceBand|GrassySurge|WoodHammer,GrassyGlide,HighHorsepower,Uturn|||M|||50|,,,,,Grass]Urshifu||FocusSash|UnseenFist|WickedBlow,SuckerPunch,CloseCombat,Detect|||F|||50|,,,,,Dark\n|inactive|Battle timer is ON: inactive players will automatically lose when time's up. (requested by QrdeJegoMac)\n|inactive|double o dumbass also wants the timer to be on.\n|inactive|QrdeJegoMac has 60 seconds left.\n|\n|t:|1746023022\n|start\n|switch|p1a: Whimsicott|Whimsicott, L50, F|100/100\n|switch|p1b: Miraidon|Miraidon, L50|100/100\n|switch|p2a: Grimmsnarl|Grimmsnarl, L50, M|100/100\n|switch|p2b: Zamazenta|Zamazenta-Crowned, L50|100/100\n|-fieldstart|move: Electric Terrain|[from] ability: Hadron Engine|[of] p1b: Miraidon\n|-ability|p2b: Zamazenta|Dauntless Shield|boost\n|-boost|p2b: Zamazenta|def|1\n|turn|1\n|\n|t:|1746023034\n|switch|p1a: Farigiraf|Farigiraf, L50, M|100/100\n|move|p2a: Grimmsnarl|Light Screen|p2a: Grimmsnarl\n|-sidestart|p2: double o dumbass|move: Light Screen\n|move|p1b: Miraidon|Electro Drift|p2b: Zamazenta\n|-damage|p2b: Zamazenta|33/100\n|move|p2b: Zamazenta|Heavy Slam|p1a: Farigiraf\n|-damage|p1a: Farigiraf|64/100\n|\n|upkeep\n|turn|2\n|\n|t:|1746023049\n|switch|p2b: Rillaboom|Rillaboom, L50, M|100/100\n|-fieldstart|move: Grassy Terrain|[from] ability: Grassy Surge|[of] p2b: Rillaboom\n|move|p1a: Farigiraf|Helping Hand|p1b: Miraidon\n|-singleturn|p1b: Miraidon|Helping Hand|[of] p1a: Farigiraf\n|move|p1b: Miraidon|Electro Drift|p2a: Grimmsnarl\n|-damage|p2a: Grimmsnarl|27/100\n|move|p2a: Grimmsnarl|Spirit Break|p1b: Miraidon\n|-supereffective|p1b: Miraidon\n|-damage|p1b: Miraidon|36/100\n|-unboost|p1b: Miraidon|spa|1\n|\n|-heal|p1b: Miraidon|42/100|[from] Grassy Terrain\n|-heal|p1a: Farigiraf|70/100|[from] Grassy Terrain\n|-heal|p2a: Grimmsnarl|33/100|[from] Grassy Terrain\n|upkeep\n|turn|3\n|\n|t:|1746023069\n|switch|p1b: Whimsicott|Whimsicott, L50, F|100/100\n|move|p2a: Grimmsnarl|Reflect|p2a: Grimmsnarl\n|-sidestart|p2: double o dumbass|Reflect\n|move|p2b: Rillaboom|Wood Hammer|p1b: Whimsicott\n|-resisted|p1b: Whimsicott\n|-damage|p1b: Whimsicott|17/100\n|-damage|p2b: Rillaboom|78/100|[from] Recoil\n|move|p1a: Farigiraf|Foul Play|p2b: Rillaboom\n|-damage|p2b: Rillaboom|55/100\n|\n|-heal|p1b: Whimsicott|23/100|[from] Grassy Terrain\n|-heal|p2b: Rillaboom|60/100|[from] Grassy Terrain\n|-heal|p1a: Farigiraf|77/100|[from] Grassy Terrain\n|-heal|p2a: Grimmsnarl|39/100|[from] Grassy Terrain\n|upkeep\n|turn|4\n|\n|t:|1746023088\n|move|p1b: Whimsicott|Tailwind|p1b: Whimsicott\n|-sidestart|p1: QrdeJegoMac|move: Tailwind\n|move|p1a: Farigiraf|Foul Play|p2b: Rillaboom\n|-damage|p2b: Rillaboom|37/100\n|move|p2b: Rillaboom|Wood Hammer|p1a: Farigiraf\n|-damage|p1a: Farigiraf|0 fnt\n|faint|p1a: Farigiraf\n|-damage|p2b: Rillaboom|12/100|[from] Recoil\n|move|p2a: Grimmsnarl|Spirit Break|p1b: Whimsicott\n|-damage|p1b: Whimsicott|0 fnt\n|faint|p1b: Whimsicott\n|\n|-heal|p2b: Rillaboom|17/100|[from] Grassy Terrain\n|-heal|p2a: Grimmsnarl|45/100|[from] Grassy Terrain\n|upkeep\n|\n|t:|1746023091\n|switch|p1b: Miraidon|Miraidon, L50|42/100\n|switch|p1a: Landorus|Landorus, L50, M|100/100\n|-fieldstart|move: Electric Terrain|[from] ability: Hadron Engine|[of] p1b: Miraidon\n|turn|5\n|\n|t:|1746023109\n|switch|p2b: Zamazenta|Zamazenta-Crowned, L50|33/100\n|move|p1b: Miraidon|Dazzling Gleam|p2a: Grimmsnarl|[spread] p2a,p2b\n|-supereffective|p2a: Grimmsnarl\n|-damage|p2a: Grimmsnarl|0 fnt\n|-damage|p2b: Zamazenta|10/100\n|faint|p2a: Grimmsnarl\n|move|p1a: Landorus|Earth Power|p2b: Zamazenta\n|-supereffective|p2b: Zamazenta\n|-damage|p2b: Zamazenta|0 fnt\n|faint|p2b: Zamazenta\n|\n|upkeep\n|\n|t:|1746023117\n|switch|p2b: Calyrex|Calyrex-Shadow, L50|100/100\n|switch|p2a: Rillaboom|Rillaboom, L50, M|17/100\n|-ability|p2b: Calyrex|As One\n|-ability|p2b: Calyrex|Unnerve\n|-fieldstart|move: Grassy Terrain|[from] ability: Grassy Surge|[of] p2a: Rillaboom\n|turn|6\n|\n|t:|1746023141\n|-terastallize|p2a: Rillaboom|Grass\n|move|p2a: Rillaboom|Grassy Glide|p1a: Landorus\n|-damage|p1a: Landorus|1/100\n|move|p1b: Miraidon|Dazzling Gleam|p2b: Calyrex|[spread] p2a,p2b\n|-damage|p2a: Rillaboom|0 fnt\n|-damage|p2b: Calyrex|79/100\n|faint|p2a: Rillaboom\n|move|p1a: Landorus|Sludge Bomb|p2b: Calyrex\n|-resisted|p2b: Calyrex\n|-damage|p2b: Calyrex|64/100\n|move|p2b: Calyrex|Astral Barrage|p1b: Miraidon|[spread] p1a,p1b\n|-crit|p1b: Miraidon\n|-damage|p1a: Landorus|0 fnt\n|-damage|p1b: Miraidon|0 fnt\n|faint|p1a: Landorus\n|faint|p1b: Miraidon\n|-damage|p2b: Calyrex|54/100|[from] item: Life Orb\n|\n|win|double o dumbass\n||double o dumbass is ready for game 3.\n|inactive|QrdeJegoMac has 30 seconds to confirm battle start!\n||QrdeJegoMac is ready for game 3.\n|uhtml|next|Next: <a href=\"/battle-gen9vgc2025regibo3-2353964194\"><strong>Game 3 of 3</strong></a>\n", "uploadtime": 1746023370, "views": 23, "formatid": "gen9vgc2025regibo3", "rating": null, "private": 0, "password": null}