{"id": "gen9vgc2025regibo3-2354914077", "format": "[Gen 9] VGC 2025 Reg I (Bo3)", "players": ["Ziik", "Deandanger"], "log": "|j|\u2606Ziik\n|j|\u2606Deandanger\n|html|<table width=\"100%\"><tr><td align=\"left\">Ziik</td><td align=\"right\">Deandanger</tr><tr><td align=\"left\"><i class=\"fa fa-circle-o\"></i> <i class=\"fa fa-circle-o\"></i> </td><td align=\"right\"><i class=\"fa fa-circle-o\"></i> <i class=\"fa fa-circle-o\"></i> </tr></table>\n|uhtml|bestof|<h2><strong>Game 1</strong> of <a href=\"/game-bestof3-gen9vgc2025regibo3-2354914076\">a best-of-3</a></h2>\n|t:|1746131221\n|gametype|doubles\n|player|p1|Ziik|psychic|1167\n|player|p2|Deandanger|n|1102\n|teamsize|p1|6\n|teamsize|p2|6\n|gen|9\n|tier|[Gen 9] VGC 2025 Reg I (Bo3)\n|rated|\n|rule|Species Clause: Limit one of each Pok\u00e9mon\n|rule|Item Clause: Limit 1 of each item\n|clearpoke\n|poke|p1|Chien-Pao, L50|\n|poke|p1|Flutter Mane, L50|\n|poke|p1|Gouging Fire, L50|\n|poke|p1|Koraidon, L50|\n|poke|p1|Lunala, L50|\n|poke|p1|Whimsicott, L50, F|\n|poke|p2|Calyrex-Shadow, L50|\n|poke|p2|Kyogre, L50|\n|poke|p2|Indeedee-F, L50, F|\n|poke|p2|Whimsicott, L50, F|\n|poke|p2|Urshifu-*, L50, M|\n|poke|p2|Ogerpon-Cornerstone, L50, F|\n|teampreview|4\n|showteam|p1|Chien-Pao||FocusSash|SwordofRuin|Protect,SuckerPunch,SacredSword,IceSpinner||||||50|,,,,,Ghost]Flutter Mane||BoosterEnergy|Protosynthesis|Protect,IcyWind,Moonblast,Taunt||||||50|,,,,,Normal]Gouging Fire||ClearAmulet|Protosynthesis|BurningBulwark,Howl,Crunch,FlareBlitz||||||50|,,,,,Fairy]Koraidon||LifeOrb|OrichalcumPulse|Protect,BreakingSwipe,FlareBlitz,CloseCombat||||||50|,,,,,Fire]Lunala||PowerHerb|ShadowShield|MeteorBeam,MoongeistBeam,ExpandingForce,WideGuard||||||50|,,,,,Fairy]Whimsicott||CovertCloak|Prankster|Tailwind,LightScreen,Encore,Moonblast|||F|||50|,,,,,Dark\n|showteam|p2|Calyrex-Shadow||LifeOrb|AsOneSpectrier|AstralBarrage,ExpandingForce,NastyPlot,Protect||||||50|,,,,,Normal]Kyogre||AssaultVest|Drizzle|WaterSpout,Thunder,Blizzard,TeraBlast||||||50|,,,,,Steel]Indeedee-F||FocusSash|PsychicSurge|FollowMe,Reflect,Psychic,LightScreen|||F|||50|,,,,,Fairy]Whimsicott||SafetyGoggles|Prankster|Encore,Tailwind,Protect,Hurricane|||F|||50|,,,,,Water]Urshifu||ClearAmulet|UnseenFist|WickedBlow,SuckerPunch,Taunt,Protect|||M|||50|,,,,,Poison]Ogerpon-Cornerstone||CornerstoneMask|Sturdy|FollowMe,IvyCudgel,SpikyShield,Encore|||F|||50|,,,,,Rock\n|inactive|Battle timer is ON: inactive players will automatically lose when time's up. (requested by Ziik)\n|\n|t:|1746131251\n|start\n|switch|p1a: Gouging Fire|Gouging Fire, L50|100/100\n|switch|p1b: Koraidon|Koraidon, L50|100/100\n|switch|p2a: Indeedee|Indeedee-F, L50, F, shiny|100/100\n|switch|p2b: Calyrex|Calyrex-Shadow, L50|100/100\n|-ability|p2b: Calyrex|As One\n|-ability|p2b: Calyrex|Unnerve\n|-weather|SunnyDay|[from] ability: Orichalcum Pulse|[of] p1b: Koraidon\n|-activate|p1a: Gouging Fire|ability: Protosynthesis\n|-start|p1a: Gouging Fire|protosynthesisspe\n|-activate|p1b: Koraidon|Orichalcum Pulse|[source]\n|-fieldstart|move: Psychic Terrain|[from] ability: Psychic Surge|[of] p2a: Indeedee\n|turn|1\n|inactive|Deandanger has 30 seconds left.\n|\n|t:|1746131279\n|switch|p2a: Kyogre|Kyogre, L50|100/100\n|-weather|RainDance|[from] ability: Drizzle|[of] p2a: Kyogre\n|-end|p1a: Gouging Fire|Protosynthesis\n|move|p1b: Koraidon|Protect|p1b: Koraidon\n|-singleturn|p1b: Koraidon|Protect\n|move|p2b: Calyrex|Nasty Plot|p2b: Calyrex\n|-boost|p2b: Calyrex|spa|2\n|move|p1a: Gouging Fire|Crunch|p2a: Kyogre\n|-damage|p2a: Kyogre|80/100\n|\n|-weather|RainDance|[upkeep]\n|upkeep\n|turn|2\n|inactive|Ziik has 30 seconds left.\n|inactive|Ziik has 20 seconds left.\n|inactive|Ziik has 15 seconds left.\n|\n|t:|1746131319\n|-terastallize|p1a: Gouging Fire|Fairy\n|move|p2b: Calyrex|Expanding Force|p1b: Koraidon|[spread] p1a,p1b\n|-supereffective|p1b: Koraidon\n|-damage|p1a: Gouging Fire|0 fnt\n|-damage|p1b: Koraidon|0 fnt\n|faint|p1a: Gouging Fire\n|-end|p1a: Gouging Fire|Protosynthesis|[silent]\n|faint|p1b: Koraidon\n|-ability|p2b: Calyrex|Grim Neigh|boost\n|-boost|p2b: Calyrex|spa|2\n|-damage|p2b: Calyrex|91/100|[from] item: Life Orb\n|move|p2a: Kyogre|Water Spout|p1: Gouging Fire|[notarget]\n|-fail|p2a: Kyogre\n|\n|-weather|RainDance|[upkeep]\n|upkeep\n|\n|t:|1746131330\n|switch|p1b: Flutter Mane|Flutter Mane, L50|100/100\n|switch|p1a: Lunala|Lunala, L50|100/100\n|-enditem|p1b: Flutter Mane|Booster Energy\n|-activate|p1b: Flutter Mane|ability: Protosynthesis|[fromitem]\n|-start|p1b: Flutter Mane|protosynthesisspe\n|turn|3\n|\n|t:|1746131347\n|move|p1a: Lunala|Wide Guard|p1a: Lunala\n|-singleturn|p1a: Lunala|Wide Guard\n|move|p1b: Flutter Mane|Moonblast|p2a: Kyogre\n|-damage|p2a: Kyogre|61/100\n|move|p2b: Calyrex|Astral Barrage|p1b: Flutter Mane|[spread] \n|-activate|p1a: Lunala|move: Wide Guard\n|-activate|p1b: Flutter Mane|move: Wide Guard\n|move|p2a: Kyogre|Water Spout|p1a: Lunala|[spread] \n|-activate|p1a: Lunala|move: Wide Guard\n|-activate|p1b: Flutter Mane|move: Wide Guard\n|\n|-weather|RainDance|[upkeep]\n|upkeep\n|turn|4\n|\n|t:|1746131366\n|move|p1a: Lunala|Wide Guard|p1a: Lunala\n|-singleturn|p1a: Lunala|Wide Guard\n|move|p1b: Flutter Mane|Moonblast|p2a: Kyogre\n|-damage|p2a: Kyogre|42/100\n|move|p2b: Calyrex|Nasty Plot|p2b: Calyrex\n|-boost|p2b: Calyrex|spa|2\n|move|p2a: Kyogre|Thunder|p1b: Flutter Mane\n|-crit|p1b: Flutter Mane\n|-damage|p1b: Flutter Mane|44/100\n|\n|-weather|RainDance|[upkeep]\n|upkeep\n|turn|5\n|\n|t:|1746131384\n|move|p2b: Calyrex|Protect|p2b: Calyrex\n|-singleturn|p2b: Calyrex|Protect\n|move|p1a: Lunala|Wide Guard|p1a: Lunala\n|-singleturn|p1a: Lunala|Wide Guard\n|move|p1b: Flutter Mane|Moonblast|p2a: Kyogre\n|-damage|p2a: Kyogre|23/100\n|-unboost|p2a: Kyogre|spa|1\n|move|p2a: Kyogre|Thunder|p1b: Flutter Mane\n|-damage|p1b: Flutter Mane|18/100\n|\n|-weather|none\n|-fieldend|move: Psychic Terrain\n|upkeep\n|turn|6\n|\n|t:|1746131407\n|-terastallize|p2b: Calyrex|Normal\n|move|p1a: Lunala|Wide Guard|p1a: Lunala\n|-singleturn|p1a: Lunala|Wide Guard\n|move|p1b: Flutter Mane|Icy Wind|p2b: Calyrex|[spread] p2a,p2b\n|-resisted|p2a: Kyogre\n|-crit|p2b: Calyrex\n|-damage|p2a: Kyogre|20/100\n|-damage|p2b: Calyrex|71/100\n|-unboost|p2a: Kyogre|spe|1\n|-unboost|p2b: Calyrex|spe|1\n|move|p2b: Calyrex|Astral Barrage|p1b: Flutter Mane|[spread] \n|-activate|p1a: Lunala|move: Wide Guard\n|-activate|p1b: Flutter Mane|move: Wide Guard\n|move|p2a: Kyogre|Thunder|p1b: Flutter Mane|[miss]\n|-miss|p2a: Kyogre|p1b: Flutter Mane\n|\n|upkeep\n|turn|7\n|inactive|Deandanger has 30 seconds left.\n|inactive|Deandanger has 20 seconds left.\n|inactive|Ziik has 30 seconds left.\n|\n|t:|1746131448\n|switch|p2a: Whimsicott|Whimsicott, L50, F, shiny|100/100\n|move|p2b: Calyrex|Protect|p2b: Calyrex\n|-singleturn|p2b: Calyrex|Protect\n|move|p1b: Flutter Mane|Icy Wind|p2a: Whimsicott|[spread] p2a\n|-activate|p2b: Calyrex|move: Protect\n|-supereffective|p2a: Whimsicott\n|-crit|p2a: Whimsicott\n|-damage|p2a: Whimsicott|55/100\n|-unboost|p2a: Whimsicott|spe|1\n|move|p1a: Lunala|Meteor Beam||[still]\n|-prepare|p1a: Lunala|Meteor Beam\n|-boost|p1a: Lunala|spa|1\n|-enditem|p1a: Lunala|Power Herb\n|-anim|p1a: Lunala|Meteor Beam|p2b: Calyrex\n|-activate|p2b: Calyrex|move: Protect\n|\n|upkeep\n|turn|8\n|inactive|Deandanger has 30 seconds left.\n|\n|t:|1746131479\n|move|p1a: Lunala|Wide Guard|p1a: Lunala\n|-singleturn|p1a: Lunala|Wide Guard\n|move|p2a: Whimsicott|Encore|p1b: Flutter Mane\n|-start|p1b: Flutter Mane|Encore\n|move|p1b: Flutter Mane|Icy Wind|p2b: Calyrex|[spread] p2a,p2b\n|-supereffective|p2a: Whimsicott\n|-damage|p2a: Whimsicott|26/100\n|-damage|p2b: Calyrex|58/100\n|-unboost|p2a: Whimsicott|spe|1\n|-unboost|p2b: Calyrex|spe|1\n|move|p2b: Calyrex|Astral Barrage|p1b: Flutter Mane|[spread] \n|-activate|p1a: Lunala|move: Wide Guard\n|-activate|p1b: Flutter Mane|move: Wide Guard\n|\n|upkeep\n|turn|9\n|\n|t:|1746131498\n|move|p2b: Calyrex|Protect|p2b: Calyrex\n|-singleturn|p2b: Calyrex|Protect\n|move|p1a: Lunala|Wide Guard|p1a: Lunala\n|-singleturn|p1a: Lunala|Wide Guard\n|move|p2a: Whimsicott|Tailwind|p2a: Whimsicott\n|-sidestart|p2: Deandanger|move: Tailwind\n|move|p1b: Flutter Mane|Icy Wind|p2b: Calyrex|[spread] p2a\n|-activate|p2b: Calyrex|move: Protect\n|-supereffective|p2a: Whimsicott\n|-damage|p2a: Whimsicott|0 fnt\n|faint|p2a: Whimsicott\n|\n|upkeep\n|\n|t:|1746131509\n|switch|p2a: Indeedee|Indeedee-F, L50, F, shiny|100/100\n|-fieldstart|move: Psychic Terrain|[from] ability: Psychic Surge|[of] p2a: Indeedee\n|turn|10\n|\n|t:|1746131522\n|move|p1a: Lunala|Wide Guard|p1a: Lunala\n|-singleturn|p1a: Lunala|Wide Guard\n|move|p1b: Flutter Mane|Icy Wind|p2b: Calyrex|[spread] p2a,p2b\n|-damage|p2a: Indeedee|89/100\n|-damage|p2b: Calyrex|43/100\n|-unboost|p2a: Indeedee|spe|1\n|-unboost|p2b: Calyrex|spe|1\n|move|p2b: Calyrex|Astral Barrage|p1a: Lunala|[spread] \n|-activate|p1a: Lunala|move: Wide Guard\n|-activate|p1b: Flutter Mane|move: Wide Guard\n|move|p2a: Indeedee|Psychic|p1b: Flutter Mane\n|-damage|p1b: Flutter Mane|0 fnt\n|faint|p1b: Flutter Mane\n|-end|p1b: Flutter Mane|Protosynthesis|[silent]\n|\n|upkeep\n|turn|11\n|inactive|Ziik has 30 seconds left.\n|\n|t:|1746131555\n|move|p1a: Lunala|Wide Guard|p1a: Lunala\n|-singleturn|p1a: Lunala|Wide Guard\n|move|p2b: Calyrex|Astral Barrage|p1a: Lunala\n|-activate|p1a: Lunala|move: Wide Guard\n|move|p2a: Indeedee|Psychic|p1a: Lunala\n|-resisted|p1a: Lunala\n|-damage|p1a: Lunala|94/100\n|\n|upkeep\n|turn|12\n|\n|t:|1746131570\n|switch|p2a: Kyogre|Kyogre, L50|20/100\n|-weather|RainDance|[from] ability: Drizzle|[of] p2a: Kyogre\n|move|p1a: Lunala|Wide Guard|p1a: Lunala\n|-singleturn|p1a: Lunala|Wide Guard\n|move|p2b: Calyrex|Astral Barrage|p1a: Lunala\n|-activate|p1a: Lunala|move: Wide Guard\n|\n|-weather|RainDance|[upkeep]\n|-sideend|p2: Deandanger|move: Tailwind\n|upkeep\n|turn|13\n|\n|t:|1746131583\n|move|p1a: Lunala|Expanding Force|p2a: Kyogre|[spread] p2a,p2b\n|-damage|p2a: Kyogre|0 fnt\n|-damage|p2b: Calyrex|0 fnt\n|faint|p2a: Kyogre\n|faint|p2b: Calyrex\n|\n|-weather|RainDance|[upkeep]\n|upkeep\n|\n|t:|1746131590\n|switch|p2b: Indeedee|Indeedee-F, L50, F, shiny|89/100\n|turn|14\n|\n|t:|1746131596\n|move|p1a: Lunala|Expanding Force|p2b: Indeedee\n|-resisted|p2b: Indeedee\n|-damage|p2b: Indeedee|28/100\n|move|p2b: Indeedee|Psychic|p1a: Lunala\n|-resisted|p1a: Lunala\n|-damage|p1a: Lunala|81/100\n|\n|-weather|RainDance|[upkeep]\n|-fieldend|move: Psychic Terrain\n|upkeep\n|turn|15\n|\n|t:|1746131605\n|move|p1a: Lunala|Expanding Force|p2b: Indeedee\n|-resisted|p2b: Indeedee\n|-damage|p2b: Indeedee|0 fnt\n|faint|p2b: Indeedee\n|\n|win|Ziik\n||Deandanger is ready for game 2.\n|inactive|Ziik has 30 seconds to confirm battle start!\n||Ziik is ready for game 2.\n|uhtml|next|Next: <a href=\"/battle-gen9vgc2025regibo3-2354918134\"><strong>Game 2 of 3</strong></a>\n", "uploadtime": 1746131610, "views": 6, "formatid": "gen9vgc2025regibo3", "rating": null, "private": 0, "password": null}