{"id": "gen9vgc2025regibo3-2354195742", "format": "[Gen 9] VGC 2025 Reg I (Bo3)", "players": ["BelinVGC", "Jasondddd"], "log": "|j|\u2606BelinVGC\n|j|\u2606Jasondddd\n|html|<table width=\"100%\"><tr><td align=\"left\">BelinVGC</td><td align=\"right\">Jasondddd</tr><tr><td align=\"left\"><i class=\"fa fa-circle-o\"></i> <i class=\"fa fa-circle-o\"></i> </td><td align=\"right\"><i class=\"fa fa-circle-o\"></i> <i class=\"fa fa-circle\"></i> </tr></table>\n|uhtml|bestof|<h2><strong>Game 2</strong> of <a href=\"/game-bestof3-gen9vgc2025regibo3-2354191840\">a best-of-3</a></h2>\n|t:|1746043525\n|gametype|doubles\n|player|p1|BelinVGC|2|1337\n|player|p2|Jasondddd|170|1381\n|teamsize|p1|6\n|teamsize|p2|6\n|gen|9\n|tier|[Gen 9] VGC 2025 Reg I (Bo3)\n|rated|\n|rule|Species Clause: Limit one of each Pok\u00e9mon\n|rule|Item Clause: Limit 1 of each item\n|clearpoke\n|poke|p1|Kyogre, L50|\n|poke|p1|Zamazenta-*, L50|\n|poke|p1|Amoonguss, L50, M|\n|poke|p1|Chien-Pao, L50|\n|poke|p1|Urshifu-*, L50, M|\n|poke|p1|Roaring Moon, L50|\n|poke|p2|Zamazenta-*, L50|\n|poke|p2|Moltres, L50|\n|poke|p2|Calyrex-Shadow, L50|\n|poke|p2|Ogerpon-Cornerstone, L50, F|\n|poke|p2|Grimmsnarl, L50, M|\n|poke|p2|Rillaboom, L50, M|\n|teampreview|4\n|showteam|p1|Kyogre||MysticWater|Drizzle|WaterSpout,HydroPump,IceBeam,Protect||||||50|,,,,,Grass]Zamazenta-Crowned||RustedShield|DauntlessShield|behemothbash,BodyPress,WideGuard,Protect||||||50|,,,,,Grass]Amoonguss||RockyHelmet|Regenerator|RagePowder,Spore,SludgeBomb,Protect|||M|||50|,,,,,Fairy]Chien-Pao||FocusSash|SwordofRuin|IceSpinner,SuckerPunch,ThroatChop,Protect||||||50|,,,,,Ghost]Urshifu-Rapid-Strike||ChoiceScarf|UnseenFist|SurgingStrikes,CloseCombat,Uturn,Coaching|||M|||50|,,,,,Ghost]Roaring Moon||BoosterEnergy|Protosynthesis|KnockOff,Acrobatics,Tailwind,Protect||||||50|,,,,,Flying\n|showteam|p2|Zamazenta-Crowned||RustedShield|DauntlessShield|Protect,WideGuard,BodyPress,behemothbash||||||50|,,,,,Dragon]Moltres||CovertCloak|FlameBody|Protect,HeatWave,AirSlash,Tailwind||||||50|,,,,,Grass]Calyrex-Shadow||Leftovers|AsOneSpectrier|Protect,GigaDrain,AstralBarrage,CalmMind||||||50|,,,,,Grass]Ogerpon-Cornerstone||CornerstoneMask|Sturdy|SpikyShield,IvyCudgel,HornLeech,FollowMe|||F|||50|,,,,,Rock]Grimmsnarl||LightClay|Prankster|ThunderWave,LightScreen,Reflect,SpiritBreak|||M|||50|,,,,,Water]Rillaboom||AssaultVest|GrassySurge|FakeOut,Uturn,GrassyGlide,WoodHammer|||M|||50|,,,,,Fire\n|\n|t:|1746043553\n|start\n|switch|p1a: IlDoggo|Zamazenta-Crowned, L50|100/100\n|switch|p1b: Ilgattopardo|Chien-Pao, L50|100/100\n|switch|p2a: Zamazenta|Zamazenta-Crowned, L50|100/100\n|switch|p2b: Grimmsnarl|Grimmsnarl, L50, M|100/100\n|-ability|p1b: Ilgattopardo|Sword of Ruin\n|-ability|p2a: Zamazenta|Dauntless Shield|boost\n|-boost|p2a: Zamazenta|def|1\n|-ability|p1a: IlDoggo|Dauntless Shield|boost\n|-boost|p1a: IlDoggo|def|1\n|turn|1\n|\n|t:|1746043571\n|-terastallize|p1a: IlDoggo|Grass\n|move|p2b: Grimmsnarl|Reflect|p2b: Grimmsnarl\n|-sidestart|p2: Jasondddd|Reflect\n|move|p1b: Ilgattopardo|Ice Spinner|p2b: Grimmsnarl\n|-damage|p2b: Grimmsnarl|67/100\n|move|p2a: Zamazenta|Behemoth Bash|p1b: Ilgattopardo\n|-supereffective|p1b: Ilgattopardo\n|-enditem|p1b: Ilgattopardo|Focus Sash\n|-damage|p1b: Ilgattopardo|1/100\n|move|p1a: IlDoggo|Behemoth Bash|p2b: Grimmsnarl\n|-supereffective|p2b: Grimmsnarl\n|-damage|p2b: Grimmsnarl|0 fnt\n|faint|p2b: Grimmsnarl\n|\n|upkeep\n|\n|t:|1746043595\n|switch|p2b: Ogerpon|Ogerpon-Cornerstone, L50, F|100/100\n|turn|2\n|\n|t:|1746043624\n|move|p2b: Ogerpon|Spiky Shield|p2b: Ogerpon\n|-singleturn|p2b: Ogerpon|move: Protect\n|move|p1b: Ilgattopardo|Ice Spinner|p2b: Ogerpon\n|-activate|p2b: Ogerpon|move: Protect\n|-damage|p1b: Ilgattopardo|0 fnt|[from] Spiky Shield|[of] p2b: Ogerpon\n|faint|p1b: Ilgattopardo\n|move|p2a: Zamazenta|Body Press|p1a: IlDoggo\n|-damage|p1a: IlDoggo|71/100\n|move|p1a: IlDoggo|Body Press|p2a: Zamazenta\n|-supereffective|p2a: Zamazenta\n|-damage|p2a: Zamazenta|64/100\n|\n|upkeep\n|\n|t:|1746043632\n|switch|p1b: Storm|Roaring Moon, L50|100/100\n|-enditem|p1b: Storm|Booster Energy\n|-activate|p1b: Storm|ability: Protosynthesis|[fromitem]\n|-start|p1b: Storm|protosynthesisspe\n|turn|3\n|\n|t:|1746043651\n|move|p1b: Storm|Protect|p1b: Storm\n|-singleturn|p1b: Storm|Protect\n|move|p2a: Zamazenta|Body Press|p1b: Storm\n|-activate|p1b: Storm|move: Protect\n|move|p1a: IlDoggo|Body Press|p2a: Zamazenta\n|-supereffective|p2a: Zamazenta\n|-damage|p2a: Zamazenta|23/100\n|move|p2b: Ogerpon|Ivy Cudgel|p1a: IlDoggo|[anim] Ivy Cudgel Rock\n|-damage|p1a: IlDoggo|47/100\n|\n|upkeep\n|turn|4\n|\n|t:|1746043668\n|move|p2b: Ogerpon|Follow Me|p2b: Ogerpon\n|-singleturn|p2b: Ogerpon|move: Follow Me\n|move|p1b: Storm|Tailwind|p1b: Storm\n|-sidestart|p1: BelinVGC|move: Tailwind\n|move|p1a: IlDoggo|Body Press|p2b: Ogerpon\n|-supereffective|p2b: Ogerpon\n|-ability|p2b: Ogerpon|Sturdy\n|-damage|p2b: Ogerpon|1/100\n|move|p2a: Zamazenta|Body Press|p1b: Storm\n|-supereffective|p1b: Storm\n|-damage|p1b: Storm|0 fnt\n|faint|p1b: Storm\n|-end|p1b: Storm|Protosynthesis|[silent]\n|\n|upkeep\n|\n|t:|1746043678\n|switch|p1b: BigFish|Kyogre, L50|100/100\n|-weather|RainDance|[from] ability: Drizzle|[of] p1b: BigFish\n|turn|5\n|\n|t:|1746043699\n|move|p2a: Zamazenta|Protect|p2a: Zamazenta\n|-singleturn|p2a: Zamazenta|Protect\n|move|p2b: Ogerpon|Spiky Shield|p2b: Ogerpon\n|-singleturn|p2b: Ogerpon|move: Protect\n|move|p1a: IlDoggo|Body Press|p2b: Ogerpon\n|-activate|p2b: Ogerpon|move: Protect\n|-damage|p1a: IlDoggo|35/100|[from] Spiky Shield|[of] p2b: Ogerpon\n|move|p1b: BigFish|Water Spout|p2a: Zamazenta|[spread] \n|-activate|p2a: Zamazenta|move: Protect\n|-activate|p2b: Ogerpon|move: Protect\n|\n|-weather|RainDance|[upkeep]\n|upkeep\n|turn|6\n|\n|t:|1746043719\n|switch|p2b: Calyrex|Calyrex-Shadow, L50|100/100\n|-ability|p2b: Calyrex|As One\n|-ability|p2b: Calyrex|Unnerve\n|move|p2a: Zamazenta|Wide Guard|p2a: Zamazenta\n|-singleturn|p2a: Zamazenta|Wide Guard\n|move|p1a: IlDoggo|Body Press|p2a: Zamazenta\n|-supereffective|p2a: Zamazenta\n|-damage|p2a: Zamazenta|0 fnt\n|faint|p2a: Zamazenta\n|move|p1b: BigFish|Ice Beam|p2b: Calyrex\n|-damage|p2b: Calyrex|62/100\n|\n|-weather|RainDance|[upkeep]\n|-heal|p2b: Calyrex|68/100|[from] item: Leftovers\n|upkeep\n|\n|t:|1746043736\n|switch|p2a: Ogerpon|Ogerpon-Cornerstone, L50, F|1/100\n|turn|7\n|\n|t:|1746043750\n|move|p2b: Calyrex|Protect|p2b: Calyrex\n|-singleturn|p2b: Calyrex|Protect\n|move|p2a: Ogerpon|Spiky Shield|p2a: Ogerpon\n|-singleturn|p2a: Ogerpon|move: Protect\n|move|p1a: IlDoggo|Behemoth Bash|p2b: Calyrex\n|-activate|p2b: Calyrex|move: Protect\n|move|p1b: BigFish|Water Spout|p2b: Calyrex|[spread] \n|-activate|p2a: Ogerpon|move: Protect\n|-activate|p2b: Calyrex|move: Protect\n|\n|-weather|RainDance|[upkeep]\n|-heal|p2b: Calyrex|74/100|[from] item: Leftovers\n|-sideend|p1: BelinVGC|move: Tailwind\n|upkeep\n|turn|8\n|\n|t:|1746043780\n|-terastallize|p2b: Calyrex|Grass\n|move|p1b: BigFish|Protect|p1b: BigFish\n|-singleturn|p1b: BigFish|Protect\n|move|p2b: Calyrex|Astral Barrage|p1b: BigFish|[spread] p1a\n|-activate|p1b: BigFish|move: Protect\n|-damage|p1a: IlDoggo|0 fnt\n|faint|p1a: IlDoggo\n|-ability|p2b: Calyrex|Grim Neigh|boost\n|-boost|p2b: Calyrex|spa|1\n|move|p2a: Ogerpon|Horn Leech|p1b: BigFish\n|-activate|p1b: BigFish|move: Protect\n|\n|-weather|RainDance|[upkeep]\n|-heal|p2b: Calyrex|80/100|[from] item: Leftovers\n|-sideend|p2: Jasondddd|Reflect\n|upkeep\n|turn|9\n|-message|BelinVGC forfeited.\n|\n|win|Jasondddd\n|raw|BelinVGC's rating: 1337 &rarr; <strong>1320</strong><br />(-17 for losing)\n|raw|Jasondddd's rating: 1381 &rarr; <strong>1398</strong><br />(+17 for winning)\n|l|\u2606BelinVGC\n|player|p1|\n", "uploadtime": 1746043802, "views": 13, "formatid": "gen9vgc2025regibo3", "rating": 1320, "private": 0, "password": null}