{"id": "gen9vgc2025regibo3-2353591497", "format": "[Gen 9] VGC 2025 Reg I (Bo3)", "players": ["zozordy", "miraidons the goat"], "log": "|j|\u2606zozordy\n|j|\u2606miraidons the goat\n|html|<table width=\"100%\"><tr><td align=\"left\">zozordy</td><td align=\"right\">miraidons the goat</tr><tr><td align=\"left\"><i class=\"fa fa-circle-o\"></i> <i class=\"fa fa-circle-o\"></i> </td><td align=\"right\"><i class=\"fa fa-circle-o\"></i> <i class=\"fa fa-circle\"></i> </tr></table>\n|uhtml|bestof|<h2><strong>Game 2</strong> of <a href=\"/game-bestof3-gen9vgc2025regibo3-2353586461\">a best-of-3</a></h2>\n|t:|1745972025\n|gametype|doubles\n|player|p1|zozordy|cyclistf|\n|player|p2|miraidons the goat|lillie-masters|\n|teamsize|p1|6\n|teamsize|p2|6\n|gen|9\n|tier|[Gen 9] VGC 2025 Reg I (Bo3)\n|rule|Species Clause: Limit one of each Pok\u00e9mon\n|rule|Item Clause: Limit 1 of each item\n|clearpoke\n|poke|p1|Calyrex-Shadow, L50|\n|poke|p1|Zamazenta-*, L50|\n|poke|p1|Incineroar, L50, M|\n|poke|p1|Rillaboom, L50, F|\n|poke|p1|Tornadus, L50, M|\n|poke|p1|Urshifu-*, L50, F|\n|poke|p2|Calyrex-Shadow, L50|\n|poke|p2|Koraidon, L50|\n|poke|p2|Chi-Yu, L50|\n|poke|p2|Indeedee-F, L50, F|\n|poke|p2|Whimsicott, L50, F|\n|poke|p2|Ditto, L50|\n|teampreview|4\n|showteam|p1|Calyrex-Shadow||LifeOrb|AsOneSpectrier|AstralBarrage,Psychic,NastyPlot,Protect||||||50|,,,,,Dark]Zamazenta-Crowned||RustedShield|DauntlessShield|BodyPress,WideGuard,behemothbash,Protect||||||50|,,,,,Dragon]Incineroar||RockyHelmet|Intimidate|FakeOut,HelpingHand,KnockOff,PartingShot|||M|||50|,,,,,Ghost]Rillaboom||AssaultVest|GrassySurge|FakeOut,WoodHammer,GrassyGlide,Uturn|||F|||50|,,,,,Fire]Tornadus||CovertCloak|Prankster|BleakwindStorm,Taunt,Tailwind,RainDance|||M|||50|,,,,,Dark]Urshifu-Rapid-Strike||ChoiceScarf|UnseenFist|SurgingStrikes,Uturn,CloseCombat,AquaJet|||F|||50|,,,,,Water\n|showteam|p2|Calyrex-Shadow||ChoiceSpecs|AsOneSpectrier|AstralBarrage,ExpandingForce,PollenPuff,Psyshock||||||50|,,,,,Dark]Koraidon||LifeOrb|OrichalcumPulse|CloseCombat,FlareBlitz,DragonClaw,Protect||||||50|,,,,,Fire]Chi-Yu||ChoiceScarf|BeadsofRuin|Snarl,DarkPulse,HeatWave,Overheat||||||50|,,,,,Fire]Indeedee-F||PsychicSeed|PsychicSurge|FollowMe,TrickRoom,HelpingHand,ShadowBall|||F|||50|,,,,,Steel]Whimsicott||CovertCloak|Prankster|Tailwind,Encore,Moonblast,SunnyDay|||F|||50|,,,,,Dark]Ditto||FocusSash|Imposter|Transform||||||50|,,,,,Ghost\n|\n|t:|1745972101\n|start\n|switch|p1a: Tornadus|Tornadus, L50, M|100/100\n|switch|p1b: Urshifu|Urshifu-Rapid-Strike, L50, F|100/100\n|switch|p2a: better bike|Koraidon, L50|100/100\n|switch|p2b: mental trauma|Calyrex-Shadow, L50|100/100\n|-ability|p2b: mental trauma|As One\n|-ability|p2b: mental trauma|Unnerve\n|-weather|SunnyDay|[from] ability: Orichalcum Pulse|[of] p2a: better bike\n|-activate|p2a: better bike|Orichalcum Pulse|[source]\n|turn|1\n|\n|t:|1745972129\n|switch|p2b: fat|Indeedee-F, L50, F, shiny|100/100\n|-fieldstart|move: Psychic Terrain|[from] ability: Psychic Surge|[of] p2b: fat\n|-enditem|p2b: fat|Psychic Seed\n|-boost|p2b: fat|spd|1|[from] item: Psychic Seed\n|move|p1a: Tornadus|Rain Dance|p1a: Tornadus\n|-weather|RainDance\n|move|p1b: Urshifu|Surging Strikes|p2b: fat\n|-crit|p2b: fat\n|-damage|p2b: fat|66/100\n|-crit|p2b: fat\n|-damage|p2b: fat|33/100\n|-crit|p2b: fat\n|-damage|p2b: fat|0 fnt\n|faint|p2b: fat\n|-hitcount|p2: fat|3\n|move|p2a: better bike|Close Combat|p1b: Urshifu\n|-damage|p1b: Urshifu|8/100\n|-unboost|p2a: better bike|def|1\n|-unboost|p2a: better bike|spd|1\n|-damage|p2a: better bike|91/100|[from] item: Life Orb\n|\n|-weather|RainDance|[upkeep]\n|upkeep\n|\n|t:|1745972154\n|switch|p2b: copycat|Ditto, L50, shiny|100/100\n|-transform|p2b: copycat|p1a: Tornadus|[from] ability: Imposter\n|turn|2\n|\n|t:|1745972190\n|move|p1a: Tornadus|Tailwind|p1a: Tornadus\n|-sidestart|p1: zozordy|move: Tailwind\n|move|p1b: Urshifu|Surging Strikes|p2a: better bike\n|-resisted|p2a: better bike\n|-crit|p2a: better bike\n|-damage|p2a: better bike|67/100\n|-resisted|p2a: better bike\n|-crit|p2a: better bike\n|-damage|p2a: better bike|43/100\n|-resisted|p2a: better bike\n|-crit|p2a: better bike\n|-damage|p2a: better bike|23/100\n|-hitcount|p2a: better bike|3\n|move|p2a: better bike|Dragon Claw|p1b: Urshifu\n|-damage|p1b: Urshifu|0 fnt\n|faint|p1b: Urshifu\n|-damage|p2a: better bike|13/100|[from] item: Life Orb\n|move|p2b: copycat|Bleakwind Storm|p1a: Tornadus\n|-damage|p1a: Tornadus|50/100\n|\n|-weather|RainDance|[upkeep]\n|upkeep\n|\n|t:|1745972220\n|switch|p1b: Calyrex|Calyrex-Shadow, L50|100/100\n|-ability|p1b: Calyrex|As One\n|-ability|p1b: Calyrex|Unnerve\n|turn|3\n|c|\u2606miraidons the goat|u there\n|c|\u2606zozordy|Ye\n|\n|t:|1745972428\n|move|p2a: better bike|Protect|p2a: better bike\n|-singleturn|p2a: better bike|Protect\n|move|p1b: Calyrex|Astral Barrage|p2a: better bike|[spread] p2b\n|-activate|p2a: better bike|move: Protect\n|-damage|p2b: copycat|2/100\n|-damage|p1b: Calyrex|91/100|[from] item: Life Orb\n|move|p1a: Tornadus|Bleakwind Storm|p2a: better bike|[spread] p2b\n|-activate|p2a: better bike|move: Protect\n|-damage|p2b: copycat|0 fnt\n|faint|p2b: copycat\n|\n|-weather|RainDance|[upkeep]\n|upkeep\n|\n|t:|1745972479\n|switch|p2b: mental trauma|Calyrex-Shadow, L50|100/100\n|-ability|p2b: mental trauma|As One\n|-ability|p2b: mental trauma|Unnerve\n|turn|4\n|\n|t:|1745972508\n|-terastallize|p2b: mental trauma|Dark\n|move|p1b: Calyrex|Astral Barrage|p2a: better bike|[spread] p2a,p2b\n|-resisted|p2b: mental trauma\n|-damage|p2a: better bike|0 fnt\n|-damage|p2b: mental trauma|63/100\n|faint|p2a: better bike\n|-ability|p1b: Calyrex|Grim Neigh|boost\n|-boost|p1b: Calyrex|spa|1\n|-damage|p1b: Calyrex|82/100|[from] item: Life Orb\n|move|p1a: Tornadus|Bleakwind Storm|p2b: mental trauma\n|-damage|p2b: mental trauma|16/100\n|move|p2b: mental trauma|Astral Barrage|p1b: Calyrex|[spread] p1a,p1b\n|-supereffective|p1b: Calyrex\n|-damage|p1a: Tornadus|0 fnt\n|-damage|p1b: Calyrex|0 fnt\n|faint|p1a: Tornadus\n|faint|p1b: Calyrex\n|-ability|p2b: mental trauma|Grim Neigh|boost\n|-boost|p2b: mental trauma|spa|2\n|\n|-weather|RainDance|[upkeep]\n|upkeep\n|\n|t:|1745972531\n|switch|p1a: Zamazenta|Zamazenta-Crowned, L50|100/100\n|-ability|p1a: Zamazenta|Dauntless Shield|boost\n|-boost|p1a: Zamazenta|def|1\n|turn|5\n|\n|t:|1745972556\n|move|p1a: Zamazenta|Behemoth Bash|p2b: mental trauma\n|-damage|p2b: mental trauma|0 fnt\n|faint|p2b: mental trauma\n|\n|win|zozordy\n||zozordy is ready for game 3.\n|inactive|miraidons the goat has 30 seconds to confirm battle start!\n|inactive|miraidons the goat has 20 seconds to confirm battle start!\n||miraidons the goat is ready for game 3.\n|uhtml|next|Next: <a href=\"/battle-gen9vgc2025regibo3-2353596374\"><strong>Game 3 of 3</strong></a>\n", "uploadtime": 1745972560, "views": 15, "formatid": "gen9vgc2025regibo3", "rating": null, "private": 0, "password": null}