{"id": "gen9vgc2025regibo3-2354639582", "format": "[Gen 9] VGC 2025 Reg I (Bo3)", "players": ["Lugiabirb", "Metallicmadness"], "log": "|j|\u2606Lugiabirb\n|j|\u2606Metallicmadness\n|html|<table width=\"100%\"><tr><td align=\"left\">Lugiabirb</td><td align=\"right\">Metallicmadness</tr><tr><td align=\"left\"><i class=\"fa fa-circle\"></i> <i class=\"fa fa-circle-o\"></i> </td><td align=\"right\"><i class=\"fa fa-circle-o\"></i> <i class=\"fa fa-circle\"></i> </tr></table>\n|uhtml|bestof|<h2><strong>Game 3</strong> of <a href=\"/game-bestof3-gen9vgc2025regibo3-2354635196\">a best-of-3</a></h2>\n|t:|1746105969\n|gametype|doubles\n|player|p1|Lugiabirb|leon|1163\n|player|p2|Metallicmadness|byron|1215\n|teamsize|p1|6\n|teamsize|p2|6\n|gen|9\n|tier|[Gen 9] VGC 2025 Reg I (Bo3)\n|rated|\n|rule|Species Clause: Limit one of each Pok\u00e9mon\n|rule|Item Clause: Limit 1 of each item\n|clearpoke\n|poke|p1|Kyurem-Black, L50|\n|poke|p1|Lunala, L50|\n|poke|p1|Rillaboom, L50, M|\n|poke|p1|Incineroar, L50, M|\n|poke|p1|Ogerpon-Cornerstone, L50, F|\n|poke|p1|Tornadus, L50, M|\n|poke|p2|Groudon, L50|\n|poke|p2|Grimmsnarl, L50, M|\n|poke|p2|Incineroar, L50, F|\n|poke|p2|Amoonguss, L50, F|\n|poke|p2|Terapagos, L50, M|\n|poke|p2|Flutter Mane, L50|\n|teampreview|4\n|showteam|p1|Kyurem-Black||ClearAmulet|Teravolt|IcicleSpear,FusionBolt,DragonDance,Protect||||||50|,,,,,Ghost]Lunala||Leftovers|ShadowShield|MoongeistBeam,Moonblast,WideGuard,Protect||||||50|,,,,,Fairy]Rillaboom||AssaultVest|GrassySurge|FakeOut,GrassyGlide,WoodHammer,Uturn|||M|||50|,,,,,Fire]Incineroar||SafetyGoggles|Intimidate|FlareBlitz,FakeOut,PartingShot,KnockOff|||M|||50|,,,,,Ghost]Ogerpon-Cornerstone||CornerstoneMask|Sturdy|IvyCudgel,WoodHammer,FollowMe,SpikyShield|||F|||50|,,,,,Rock]Tornadus||CovertCloak|Prankster|BleakwindStorm,Tailwind,Taunt,Protect|||M|||50|,,,,,Dark\n|showteam|p2|Groudon||ClearAmulet|Drought|PrecipiceBlades,HeatCrash,WillOWisp,Protect||||||50|,,,,,Ground]Grimmsnarl||LightClay|Prankster|SpiritBreak,LightScreen,Reflect,ThunderWave|||M|||50|,,,,,Steel]Incineroar||SafetyGoggles|Intimidate|FlareBlitz,PartingShot,FakeOut,KnockOff|||F|||50|,,,,,Ghost]Amoonguss||SitrusBerry|Regenerator|PollenPuff,Spore,Protect,RagePowder|||F|||50|,,,,,Water]Terapagos||Leftovers|TeraShift|TeraStarstorm,EarthPower,CalmMind,Protect|||M|||50|,,,,,Stellar]Flutter Mane||FocusSash|Protosynthesis|Moonblast,ShadowBall,IcyWind,Protect||||||50|,,,,,Normal\n|inactive|Battle timer is ON: inactive players will automatically lose when time's up. (requested by Metallicmadness)\n|inactive|Metallicmadness has 60 seconds left.\n|inactive|Lugiabirb has 60 seconds left.\n|\n|t:|1746106007\n|start\n|switch|p1a: Kyurem|Kyurem-Black, L50|100/100\n|switch|p1b: Incineroar|Incineroar, L50, M|100/100\n|switch|p2a: Terapagos|Terapagos, L50, M|100/100\n|switch|p2b: Incineroar|Incineroar, L50, F|100/100\n|-activate|p2a: Terapagos|ability: Tera Shift\n|detailschange|p2a: Terapagos|Terapagos-Terastal, L50, M\n|-heal|p2a: Terapagos|100/100|[silent]\n|-ability|p1a: Kyurem|Teravolt\n|-ability|p2b: Incineroar|Intimidate|boost\n|-fail|p1a: Kyurem|unboost|[from] item: Clear Amulet|[of] p1a: Kyurem\n|-unboost|p1b: Incineroar|atk|1\n|-ability|p1b: Incineroar|Intimidate|boost\n|-unboost|p2a: Terapagos|atk|1\n|-unboost|p2b: Incineroar|atk|1\n|turn|1\n|\n|t:|1746106028\n|move|p2b: Incineroar|Fake Out|p1b: Incineroar\n|-damage|p1b: Incineroar|92/100\n|cant|p1b: Incineroar|flinch\n|move|p1a: Kyurem|Dragon Dance|p1a: Kyurem\n|-boost|p1a: Kyurem|atk|1\n|-boost|p1a: Kyurem|spe|1\n|move|p2a: Terapagos|Calm Mind|p2a: Terapagos\n|-boost|p2a: Terapagos|spa|1\n|-boost|p2a: Terapagos|spd|1\n|\n|upkeep\n|turn|2\n|\n|t:|1746106051\n|move|p1a: Kyurem|Protect|p1a: Kyurem\n|-singleturn|p1a: Kyurem|Protect\n|move|p2a: Terapagos|Protect|p2a: Terapagos\n|-singleturn|p2a: Terapagos|Protect\n|move|p2b: Incineroar|Knock Off|p1a: Kyurem\n|-activate|p1a: Kyurem|move: Protect\n|move|p1b: Incineroar|Parting Shot|p2b: Incineroar\n|-unboost|p2b: Incineroar|atk|1\n|-unboost|p2b: Incineroar|spa|1\n|\n|t:|1746106065\n|switch|p1b: Ogerpon|Ogerpon-Cornerstone, L50, F|100/100|[from] Parting Shot\n|\n|upkeep\n|turn|3\n|\n|t:|1746106085\n|move|p1a: Kyurem|Icicle Spear|p2a: Terapagos\n|-damage|p2a: Terapagos|80/100\n|-damage|p2a: Terapagos|60/100\n|-damage|p2a: Terapagos|40/100\n|-damage|p2a: Terapagos|18/100\n|-hitcount|p2a: Terapagos|4\n|move|p1b: Ogerpon|Ivy Cudgel|p2a: Terapagos|[anim] Ivy Cudgel Rock\n|-damage|p2a: Terapagos|0 fnt\n|faint|p2a: Terapagos\n|move|p2b: Incineroar|Knock Off|p1a: Kyurem\n|-damage|p1a: Kyurem|79/100\n|-enditem|p1a: Kyurem|Clear Amulet|[from] move: Knock Off|[of] p2b: Incineroar\n|\n|upkeep\n|\n|t:|1746106094\n|switch|p2a: Grimmsnarl|Grimmsnarl, L50, M|100/100\n|turn|4\n|\n|t:|1746106108\n|move|p1b: Ogerpon|Follow Me|p1b: Ogerpon\n|-singleturn|p1b: Ogerpon|move: Follow Me\n|move|p2a: Grimmsnarl|Thunder Wave|p1b: Ogerpon\n|-status|p1b: Ogerpon|par\n|move|p1a: Kyurem|Fusion Bolt|p2b: Incineroar\n|-damage|p2b: Incineroar|28/100\n|move|p2b: Incineroar|Parting Shot|p1b: Ogerpon\n|-unboost|p1b: Ogerpon|atk|1\n|-unboost|p1b: Ogerpon|spa|1\n|\n|t:|1746106118\n|switch|p2b: Amoonguss|Amoonguss, L50, F|100/100|[from] Parting Shot\n|\n|upkeep\n|turn|5\n|\n|t:|1746106141\n|-terastallize|p2b: Amoonguss|Water\n|move|p1b: Ogerpon|Follow Me|p1b: Ogerpon\n|-singleturn|p1b: Ogerpon|move: Follow Me\n|move|p2a: Grimmsnarl|Reflect|p2a: Grimmsnarl\n|-sidestart|p2: Metallicmadness|Reflect\n|move|p1a: Kyurem|Icicle Spear|p2b: Amoonguss\n|-resisted|p2b: Amoonguss\n|-damage|p2b: Amoonguss|92/100\n|-resisted|p2b: Amoonguss\n|-damage|p2b: Amoonguss|83/100\n|-resisted|p2b: Amoonguss\n|-crit|p2b: Amoonguss\n|-damage|p2b: Amoonguss|64/100\n|-hitcount|p2b: Amoonguss|3\n|move|p2b: Amoonguss|Spore|p1b: Ogerpon\n|-immune|p1b: Ogerpon\n|\n|upkeep\n|turn|6\n|\n|t:|1746106154\n|switch|p2b: Incineroar|Incineroar, L50, F|28/100\n|-ability|p2b: Incineroar|Intimidate|boost\n|-unboost|p1a: Kyurem|atk|1\n|-unboost|p1b: Ogerpon|atk|1\n|move|p1b: Ogerpon|Follow Me|p1b: Ogerpon\n|-singleturn|p1b: Ogerpon|move: Follow Me\n|move|p1a: Kyurem|Fusion Bolt|p2b: Incineroar\n|-damage|p2b: Incineroar|0 fnt\n|faint|p2b: Incineroar\n|move|p2a: Grimmsnarl|Spirit Break|p1b: Ogerpon\n|-damage|p1b: Ogerpon|61/100 par\n|-unboost|p1b: Ogerpon|spa|1\n|\n|upkeep\n|\n|t:|1746106162\n|switch|p2b: Amoonguss|Amoonguss, L50, F, tera:Water|97/100\n|turn|7\n|\n|t:|1746106170\n|move|p1b: Ogerpon|Follow Me|p1b: Ogerpon\n|-singleturn|p1b: Ogerpon|move: Follow Me\n|move|p1a: Kyurem|Dragon Dance|p1a: Kyurem\n|-boost|p1a: Kyurem|atk|1\n|-boost|p1a: Kyurem|spe|1\n|move|p2a: Grimmsnarl|Spirit Break|p1b: Ogerpon\n|-crit|p1b: Ogerpon\n|-damage|p1b: Ogerpon|2/100 par\n|-unboost|p1b: Ogerpon|spa|1\n|move|p2b: Amoonguss|Spore|p1b: Ogerpon\n|-immune|p1b: Ogerpon\n|\n|upkeep\n|turn|8\n|\n|t:|1746106177\n|move|p1b: Ogerpon|Follow Me|p1b: Ogerpon\n|-singleturn|p1b: Ogerpon|move: Follow Me\n|move|p1a: Kyurem|Fusion Bolt|p2b: Amoonguss\n|-supereffective|p2b: Amoonguss\n|-damage|p2b: Amoonguss|2/100\n|-enditem|p2b: Amoonguss|Sitrus Berry|[eat]\n|-heal|p2b: Amoonguss|27/100|[from] item: Sitrus Berry\n|move|p2a: Grimmsnarl|Spirit Break|p1b: Ogerpon\n|-damage|p1b: Ogerpon|0 fnt\n|faint|p1b: Ogerpon\n|move|p2b: Amoonguss|Spore|p1a: Kyurem\n|-status|p1a: Kyurem|slp|[from] move: Spore\n|\n|upkeep\n|\n|t:|1746106183\n|switch|p1b: Lunala|Lunala, L50|100/100\n|turn|9\n|\n|t:|1746106194\n|-terastallize|p1a: Kyurem|Ghost\n|cant|p1a: Kyurem|slp\n|move|p1b: Lunala|Moongeist Beam|p2b: Amoonguss\n|-crit|p2b: Amoonguss\n|-damage|p2b: Amoonguss|0 fnt\n|faint|p2b: Amoonguss\n|move|p2a: Grimmsnarl|Spirit Break|p1a: Kyurem\n|-damage|p1a: Kyurem|51/100 slp\n|-unboost|p1a: Kyurem|spa|1\n|\n|upkeep\n|turn|10\n|-message|Metallicmadness forfeited.\n|raw|Lugiabirb's rating: 1163 &rarr; <strong>1192</strong><br />(+29 for winning)\n|raw|Metallicmadness's rating: 1215 &rarr; <strong>1186</strong><br />(-29 for losing)\n|\n|win|Lugiabirb\n", "uploadtime": 1746106203, "views": 23, "formatid": "gen9vgc2025regibo3", "rating": 1186, "private": 0, "password": null}