{"id": "gen9vgc2025regibo3-2354375298", "format": "[Gen 9] VGC 2025 Reg I (Bo3)", "players": ["Catnip Enthusiast", "warriorooyt"], "log": "|j|\u2606Catnip Enthusiast\n|j|\u2606warriorooyt\n|html|<table width=\"100%\"><tr><td align=\"left\">Catnip Enthusiast</td><td align=\"right\">warriorooyt</tr><tr><td align=\"left\"><i class=\"fa fa-circle-o\"></i> <i class=\"fa fa-circle-o\"></i> </td><td align=\"right\"><i class=\"fa fa-circle-o\"></i> <i class=\"fa fa-circle\"></i> </tr></table>\n|uhtml|bestof|<h2><strong>Game 2</strong> of <a href=\"/game-bestof3-gen9vgc2025regibo3-2354373128\">a best-of-3</a></h2>\n|t:|1746063623\n|gametype|doubles\n|player|p1|Catnip Enthusiast|bianca|1232\n|player|p2|warriorooyt|169|1130\n|teamsize|p1|6\n|teamsize|p2|6\n|gen|9\n|tier|[Gen 9] VGC 2025 Reg I (Bo3)\n|rated|\n|rule|Species Clause: Limit one of each Pok\u00e9mon\n|rule|Item Clause: Limit 1 of each item\n|clearpoke\n|poke|p1|Zacian-*, L50|\n|poke|p1|Urshifu-*, L50, M|\n|poke|p1|Amoonguss, L50, F|\n|poke|p1|Kyogre, L50|\n|poke|p1|Tornadus, L50, M|\n|poke|p1|Chien-Pao, L50|\n|poke|p2|Kyogre, L50|\n|poke|p2|Archaludon, L50, M|\n|poke|p2|Calyrex-Ice, L50|\n|poke|p2|Indeedee-F, L50, F|\n|poke|p2|Armarouge, L50, M|\n|poke|p2|Smeargle, L50, M|\n|teampreview|4\n|showteam|p1|Zacian-Crowned||RustedSword|IntrepidSword|behemothblade,PlayRough,TeraBlast,Protect||||||50|,,,,,Ground]Urshifu-Rapid-Strike||ChoiceScarf|UnseenFist|SurgingStrikes,CloseCombat,Coaching,Uturn|||M|||50|,,,,,Ghost]Amoonguss||RockyHelmet|Regenerator|Spore,RagePowder,ClearSmog,Protect|||F|||50|,,,,,Water]Kyogre||MysticWater|Drizzle|WaterSpout,OriginPulse,IceBeam,Protect||||||50|,,,,,Grass]Tornadus||CovertCloak|Prankster|BleakwindStorm,RainDance,Tailwind,Taunt|||M|||50|,,,,,Dark]Chien-Pao||FocusSash|SwordofRuin|IceSpinner,SuckerPunch,ThroatChop,Protect||||||50|,,,,,Ghost\n|showteam|p2|Kyogre||ChoiceScarf|Drizzle|WaterSpout,OriginPulse,IceBeam,Thunder||||||50|,,,,,Water]Archaludon||AssaultVest|Stamina|DarkPulse,DracoMeteor,ElectroShot,FlashCannon|||M|||50|,,,,,Flying]Calyrex-Ice||NeverMeltIce|AsOneGlastrier|GlacialLance,HighHorsepower,TrickRoom,Protect||||||50|,,,,,Water]Indeedee-F||SitrusBerry|PsychicSurge|TrickRoom,FollowMe,HelpingHand,Psychic|||F|||50|,,,,,Grass]Armarouge||LifeOrb|FlashFire|ExpandingForce,ArmorCannon,Protect,DarkPulse|||M|||50|,,,,,Fire]Smeargle||FocusSash|Moody|FollowMe,WideGuard,Tailwind,FakeOut|||M|||50|,,,,,Ghost\n|\n|t:|1746063645\n|start\n|switch|p1a: Seafood Sam|Urshifu-Rapid-Strike, L50, M|100/100\n|switch|p1b: Arc De Triomphe|Zacian-Crowned, L50|100/100\n|switch|p2a: Kyogre|Kyogre, L50, shiny|100/100\n|switch|p2b: Archaludon|Archaludon, L50, M|100/100\n|-weather|RainDance|[from] ability: Drizzle|[of] p2a: Kyogre\n|-ability|p1b: Arc De Triomphe|Intrepid Sword|boost\n|-boost|p1b: Arc De Triomphe|atk|1\n|turn|1\n|\n|t:|1746063667\n|move|p1b: Arc De Triomphe|Protect|p1b: Arc De Triomphe\n|-singleturn|p1b: Arc De Triomphe|Protect\n|move|p2a: Kyogre|Water Spout|p1b: Arc De Triomphe|[spread] p1a\n|-activate|p1b: Arc De Triomphe|move: Protect\n|-resisted|p1a: Seafood Sam\n|-damage|p1a: Seafood Sam|26/100\n|move|p1a: Seafood Sam|Close Combat|p2a: Kyogre\n|-damage|p2a: Kyogre|21/100\n|-unboost|p1a: Seafood Sam|def|1\n|-unboost|p1a: Seafood Sam|spd|1\n|move|p2b: Archaludon|Electro Shot||[still]\n|-prepare|p2b: Archaludon|Electro Shot\n|-boost|p2b: Archaludon|spa|1\n|-anim|p2b: Archaludon|Electro Shot|p1a: Seafood Sam\n|-supereffective|p1a: Seafood Sam\n|-damage|p1a: Seafood Sam|0 fnt\n|faint|p1a: Seafood Sam\n|\n|-weather|RainDance|[upkeep]\n|upkeep\n|\n|t:|1746063687\n|switch|p1a: Bad Jawn|Amoonguss, L50, F|100/100\n|turn|2\n|\n|t:|1746063700\n|switch|p2a: Smeargle|Smeargle, L50, M|100/100\n|-terastallize|p1b: Arc De Triomphe|Ground\n|move|p1b: Arc De Triomphe|Behemoth Blade|p2a: Smeargle\n|-enditem|p2a: Smeargle|Focus Sash\n|-damage|p2a: Smeargle|1/100\n|move|p2b: Archaludon|Draco Meteor|p1a: Bad Jawn\n|-damage|p1a: Bad Jawn|11/100\n|-unboost|p2b: Archaludon|spa|2\n|move|p1a: Bad Jawn|Spore|p2b: Archaludon\n|-status|p2b: Archaludon|slp|[from] move: Spore\n|\n|-weather|RainDance|[upkeep]\n|-ability|p2a: Smeargle|Moody|boost\n|-boost|p2a: Smeargle|spe|2\n|-unboost|p2a: Smeargle|spd|1\n|upkeep\n|turn|3\n|\n|t:|1746063730\n|switch|p1a: Blue Moody Music|Kyogre, L50|100/100\n|move|p2a: Smeargle|Fake Out|p1a: Blue Moody Music\n|-damage|p1a: Blue Moody Music|95/100\n|move|p1b: Arc De Triomphe|Tera Blast|p2b: Archaludon|[anim] Tera Blast Ground\n|-supereffective|p2b: Archaludon\n|-damage|p2b: Archaludon|0 fnt\n|faint|p2b: Archaludon\n|\n|-weather|RainDance|[upkeep]\n|-ability|p2a: Smeargle|Moody|boost\n|-boost|p2a: Smeargle|def|2\n|-unboost|p2a: Smeargle|spd|1\n|upkeep\n|\n|t:|1746063740\n|switch|p2b: Kyogre|Kyogre, L50, shiny|21/100\n|turn|4\n|\n|t:|1746063763\n|move|p1b: Arc De Triomphe|Protect|p1b: Arc De Triomphe\n|-singleturn|p1b: Arc De Triomphe|Protect\n|move|p2a: Smeargle|Wide Guard|p2a: Smeargle\n|-singleturn|p2a: Smeargle|Wide Guard\n|move|p2b: Kyogre|Origin Pulse|p1b: Arc De Triomphe|[spread] p1a\n|-activate|p1b: Arc De Triomphe|move: Protect\n|-resisted|p1a: Blue Moody Music\n|-damage|p1a: Blue Moody Music|69/100\n|move|p1a: Blue Moody Music|Water Spout|p2a: Smeargle|[spread] \n|-activate|p2a: Smeargle|move: Wide Guard\n|-activate|p2b: Kyogre|move: Wide Guard\n|\n|-weather|RainDance|[upkeep]\n|-ability|p2a: Smeargle|Moody|boost\n|-boost|p2a: Smeargle|atk|2\n|-unboost|p2a: Smeargle|spd|1\n|upkeep\n|turn|5\n|\n|t:|1746063776\n|switch|p1b: Bad Jawn|Amoonguss, L50, F|44/100\n|move|p2a: Smeargle|Wide Guard|p2a: Smeargle\n|-singleturn|p2a: Smeargle|Wide Guard\n|move|p2b: Kyogre|Origin Pulse|p1b: Bad Jawn|[spread] p1a\n|-miss|p2b: Kyogre|p1b: Bad Jawn\n|-resisted|p1a: Blue Moody Music\n|-damage|p1a: Blue Moody Music|43/100\n|move|p1a: Blue Moody Music|Ice Beam|p2a: Smeargle\n|-damage|p2a: Smeargle|0 fnt\n|faint|p2a: Smeargle\n|\n|-weather|none\n|upkeep\n|\n|t:|1746063783\n|switch|p2a: Calyrex|Calyrex-Ice, L50|100/100\n|-ability|p2a: Calyrex|As One\n|-ability|p2a: Calyrex|Unnerve\n|turn|6\n|\n|t:|1746063798\n|move|p1b: Bad Jawn|Protect|p1b: Bad Jawn\n|-singleturn|p1b: Bad Jawn|Protect\n|move|p2b: Kyogre|Origin Pulse|p1b: Bad Jawn|[spread] p1a\n|-activate|p1b: Bad Jawn|move: Protect\n|-resisted|p1a: Blue Moody Music\n|-damage|p1a: Blue Moody Music|24/100\n|move|p1a: Blue Moody Music|Origin Pulse|p2a: Calyrex|[spread] p2a,p2b\n|-resisted|p2b: Kyogre\n|-damage|p2a: Calyrex|58/100\n|-damage|p2b: Kyogre|0 fnt\n|faint|p2b: Kyogre\n|move|p2a: Calyrex|Glacial Lance|p1b: Bad Jawn|[spread] p1a\n|-activate|p1b: Bad Jawn|move: Protect\n|-resisted|p1a: Blue Moody Music\n|-damage|p1a: Blue Moody Music|0 fnt\n|faint|p1a: Blue Moody Music\n|-ability|p2a: Calyrex|Chilling Neigh|boost\n|-boost|p2a: Calyrex|atk|1\n|\n|upkeep\n|\n|t:|1746063807\n|switch|p1a: Arc De Triomphe|Zacian-Crowned, L50, tera:Ground|100/100\n|turn|7\n|\n|t:|1746063821\n|-terastallize|p2a: Calyrex|Water\n|move|p1a: Arc De Triomphe|Tera Blast|p2a: Calyrex|[anim] Tera Blast Ground\n|-damage|p2a: Calyrex|30/100\n|move|p2a: Calyrex|Glacial Lance|p1b: Bad Jawn|[spread] p1a,p1b\n|-supereffective|p1a: Arc De Triomphe\n|-supereffective|p1b: Bad Jawn\n|-damage|p1a: Arc De Triomphe|0 fnt\n|-damage|p1b: Bad Jawn|0 fnt\n|faint|p1a: Arc De Triomphe\n|faint|p1b: Bad Jawn\n|\n|win|warriorooyt\n|raw|Catnip Enthusiast's rating: 1232 &rarr; <strong>1200</strong><br />(-32 for losing)\n|raw|warriorooyt's rating: 1130 &rarr; <strong>1162</strong><br />(+32 for winning)\n|l|\u2606Catnip Enthusiast\n|player|p1|\n|l|\u2606warriorooyt\n|player|p2|\n", "uploadtime": 1746064170, "views": 7, "formatid": "gen9vgc2025regibo3", "rating": 1162, "private": 0, "password": null}