{"id": "gen9vgc2025regibo3-2354253303", "format": "[Gen 9] VGC 2025 Reg I (Bo3)", "players": ["brr brr skibidi", "skibidiowisp"], "log": "|j|\u2606brr brr skibidi\n|j|\u2606skibidiowisp\n|html|<table width=\"100%\"><tr><td align=\"left\">brr brr skibidi</td><td align=\"right\">skibidiowisp</tr><tr><td align=\"left\"><i class=\"fa fa-circle\"></i> <i class=\"fa fa-circle-o\"></i> </td><td align=\"right\"><i class=\"fa fa-circle-o\"></i> <i class=\"fa fa-circle\"></i> </tr></table>\n|uhtml|bestof|<h2><strong>Game 3</strong> of <a href=\"/game-bestof3-gen9vgc2025regibo3-2354246658\">a best-of-3</a></h2>\n|t:|1746049391\n|gametype|doubles\n|player|p1|brr brr skibidi|cheren-gen5bw2|\n|player|p2|skibidiowisp|miku-fire|\n|teamsize|p1|6\n|teamsize|p2|6\n|gen|9\n|tier|[Gen 9] VGC 2025 Reg I (Bo3)\n|rule|Species Clause: Limit one of each Pok\u00e9mon\n|rule|Item Clause: Limit 1 of each item\n|clearpoke\n|poke|p1|Koraidon, L50|\n|poke|p1|Lunala, L50|\n|poke|p1|Indeedee-F, L50, F|\n|poke|p1|Flutter Mane, L50|\n|poke|p1|Incineroar, L50, F|\n|poke|p1|Raging Bolt, L50|\n|poke|p2|Kyogre, L50|\n|poke|p2|Calyrex-Ice, L50|\n|poke|p2|Incineroar, L50, M|\n|poke|p2|Roaring Moon, L50|\n|poke|p2|Rillaboom, L50, M|\n|poke|p2|Ogerpon-Cornerstone, L50, F|\n|teampreview|4\n|showteam|p1|Koraidon||LifeOrb|OrichalcumPulse|CloseCombat,FlareBlitz,FlameCharge,Protect||||||50|,,,,,Fire]Lunala||PowerHerb|ShadowShield|MoongeistBeam,MeteorBeam,WideGuard,ExpandingForce||||||50|,,,,,Water]Indeedee-F||SafetyGoggles|PsychicSurge|AlluringVoice,FollowMe,HelpingHand,TrickRoom|||F|||50|,,,,,Psychic]Flutter Mane||FocusSash|Protosynthesis|Moonblast,DazzlingGleam,IcyWind,Protect||||||50|,,,,,Fairy]Incineroar||RockyHelmet|Intimidate|FlareBlitz,KnockOff,FakeOut,PartingShot|||F|||50|,,,,,Water]Raging Bolt||AssaultVest|Protosynthesis|Thunderbolt,DracoMeteor,Thunderclap,VoltSwitch||||||50|,,,,,Electric\n|showteam|p2|Kyogre||Leftovers|Drizzle|HydroPump,OriginPulse,CalmMind,Protect||||||50|,,,,,Grass]Calyrex-Ice||NeverMeltIce|AsOneGlastrier|GlacialLance,HighHorsepower,TrickRoom,Protect||||||50|,,,,,Dragon]Incineroar||RockyHelmet|Intimidate|KnockOff,WillOWisp,PartingShot,FakeOut|||M|||50|,,,,,Ghost]Roaring Moon||BoosterEnergy|Protosynthesis|KnockOff,Tailwind,Protect,Acrobatics||||||50|,,,,,Poison]Rillaboom||AssaultVest|GrassySurge|FakeOut,GrassyGlide,Uturn,WoodHammer|||M|||50|,,,,,Fire]Ogerpon-Cornerstone||CornerstoneMask|Sturdy|IvyCudgel,FollowMe,SpikyShield,PowerWhip|||F|||50|,,,,,Rock\n|\n|t:|1746049407\n|start\n|switch|p1a: Koraidon|Koraidon, L50|100/100\n|switch|p1b: Flutter Mane|Flutter Mane, L50|100/100\n|switch|p2a: Roaring Moon|Roaring Moon, L50|100/100\n|switch|p2b: Incineroar|Incineroar, L50, M|100/100\n|-weather|SunnyDay|[from] ability: Orichalcum Pulse|[of] p1a: Koraidon\n|-activate|p1b: Flutter Mane|ability: Protosynthesis\n|-start|p1b: Flutter Mane|protosynthesisspe\n|-activate|p2a: Roaring Moon|ability: Protosynthesis\n|-start|p2a: Roaring Moon|protosynthesisspe\n|-activate|p1a: Koraidon|Orichalcum Pulse|[source]\n|-ability|p2b: Incineroar|Intimidate|boost\n|-unboost|p1a: Koraidon|atk|1\n|-unboost|p1b: Flutter Mane|atk|1\n|turn|1\n|\n|t:|1746049465\n|switch|p1a: Lunala|Lunala, L50|100/100\n|switch|p2b: Kyogre|Kyogre, L50|100/100\n|-weather|RainDance|[from] ability: Drizzle|[of] p2b: Kyogre\n|-end|p1b: Flutter Mane|Protosynthesis\n|-end|p2a: Roaring Moon|Protosynthesis\n|-enditem|p2a: Roaring Moon|Booster Energy\n|-activate|p2a: Roaring Moon|ability: Protosynthesis|[fromitem]\n|-start|p2a: Roaring Moon|protosynthesisspe\n|-terastallize|p2a: Roaring Moon|Poison\n|move|p2a: Roaring Moon|Knock Off|p1a: Lunala\n|-supereffective|p1a: Lunala\n|-damage|p1a: Lunala|20/100\n|-enditem|p1a: Lunala|Power Herb|[from] move: Knock Off|[of] p2a: Roaring Moon\n|move|p1b: Flutter Mane|Icy Wind|p2a: Roaring Moon|[spread] p2a,p2b\n|-resisted|p2b: Kyogre\n|-damage|p2a: Roaring Moon|88/100\n|-damage|p2b: Kyogre|96/100\n|-unboost|p2a: Roaring Moon|spe|1\n|-unboost|p2b: Kyogre|spe|1\n|\n|-weather|RainDance|[upkeep]\n|-heal|p2b: Kyogre|100/100|[from] item: Leftovers\n|upkeep\n|turn|2\n|\n|t:|1746049491\n|move|p1a: Lunala|Wide Guard|p1a: Lunala\n|-singleturn|p1a: Lunala|Wide Guard\n|move|p1b: Flutter Mane|Icy Wind|p2b: Kyogre|[spread] p2a,p2b\n|-resisted|p2b: Kyogre\n|-damage|p2a: Roaring Moon|74/100\n|-damage|p2b: Kyogre|96/100\n|-unboost|p2a: Roaring Moon|spe|1\n|-unboost|p2b: Kyogre|spe|1\n|move|p2a: Roaring Moon|Acrobatics|p1a: Lunala\n|-damage|p1a: Lunala|0 fnt\n|faint|p1a: Lunala\n|move|p2b: Kyogre|Calm Mind|p2b: Kyogre\n|-boost|p2b: Kyogre|spa|1\n|-boost|p2b: Kyogre|spd|1\n|\n|-weather|RainDance|[upkeep]\n|-heal|p2b: Kyogre|100/100|[from] item: Leftovers\n|upkeep\n|\n|t:|1746049498\n|switch|p1a: Koraidon|Koraidon, L50|100/100\n|-weather|SunnyDay|[from] ability: Orichalcum Pulse|[of] p1a: Koraidon\n|-activate|p1b: Flutter Mane|ability: Protosynthesis\n|-start|p1b: Flutter Mane|protosynthesisspe\n|-activate|p1a: Koraidon|Orichalcum Pulse|[source]\n|turn|3\n|\n|t:|1746049513\n|-end|p2a: Roaring Moon|Protosynthesis|[silent]\n|switch|p2a: Incineroar|Incineroar, L50, M|100/100\n|-ability|p2a: Incineroar|Intimidate|boost\n|-unboost|p1a: Koraidon|atk|1\n|-unboost|p1b: Flutter Mane|atk|1\n|-terastallize|p1a: Koraidon|Fire\n|move|p2b: Kyogre|Protect|p2b: Kyogre\n|-singleturn|p2b: Kyogre|Protect\n|move|p1b: Flutter Mane|Moonblast|p2a: Incineroar\n|-crit|p2a: Incineroar\n|-damage|p2a: Incineroar|27/100\n|-unboost|p2a: Incineroar|spa|1\n|move|p1a: Koraidon|Close Combat|p2b: Kyogre\n|-activate|p2b: Kyogre|move: Protect\n|\n|-weather|SunnyDay|[upkeep]\n|upkeep\n|turn|4\n|\n|t:|1746049533\n|move|p1a: Koraidon|Protect|p1a: Koraidon\n|-singleturn|p1a: Koraidon|Protect\n|move|p1b: Flutter Mane|Dazzling Gleam|p2a: Incineroar|[spread] p2a,p2b\n|-damage|p2a: Incineroar|0 fnt\n|-damage|p2b: Kyogre|86/100\n|faint|p2a: Incineroar\n|move|p2b: Kyogre|Calm Mind|p2b: Kyogre\n|-boost|p2b: Kyogre|spa|1\n|-boost|p2b: Kyogre|spd|1\n|\n|-weather|SunnyDay|[upkeep]\n|-heal|p2b: Kyogre|91/100|[from] item: Leftovers\n|upkeep\n|\n|t:|1746049546\n|switch|p2a: Roaring Moon|Roaring Moon, L50, tera:Poison|74/100\n|-activate|p2a: Roaring Moon|ability: Protosynthesis\n|-start|p2a: Roaring Moon|protosynthesisspe\n|turn|5\n|\n|t:|1746049564\n|switch|p2b: Calyrex|Calyrex-Ice, L50|100/100\n|-ability|p2b: Calyrex|As One\n|-ability|p2b: Calyrex|Unnerve\n|move|p1b: Flutter Mane|Moonblast|p2b: Calyrex\n|-damage|p2b: Calyrex|72/100\n|-unboost|p2b: Calyrex|spa|1\n|move|p2a: Roaring Moon|Tailwind|p2a: Roaring Moon\n|-sidestart|p2: skibidiowisp|move: Tailwind\n|move|p1a: Koraidon|Close Combat|p2b: Calyrex\n|-damage|p2b: Calyrex|28/100\n|-unboost|p1a: Koraidon|def|1\n|-unboost|p1a: Koraidon|spd|1\n|-damage|p1a: Koraidon|91/100|[from] item: Life Orb\n|\n|-weather|SunnyDay|[upkeep]\n|upkeep\n|turn|6\n|\n|t:|1746049585\n|move|p2a: Roaring Moon|Acrobatics|p1b: Flutter Mane\n|-damage|p1b: Flutter Mane|17/100\n|move|p1b: Flutter Mane|Dazzling Gleam|p2a: Roaring Moon|[spread] p2a,p2b\n|-resisted|p2a: Roaring Moon\n|-damage|p2a: Roaring Moon|60/100\n|-damage|p2b: Calyrex|7/100\n|move|p1a: Koraidon|Flame Charge|p2a: Roaring Moon\n|-damage|p2a: Roaring Moon|0 fnt\n|-boost|p1a: Koraidon|spe|1\n|faint|p2a: Roaring Moon\n|-end|p2a: Roaring Moon|Protosynthesis|[silent]\n|-damage|p1a: Koraidon|81/100|[from] item: Life Orb\n|move|p2b: Calyrex|Glacial Lance|p1a: Koraidon|[spread] p1a,p1b\n|-resisted|p1a: Koraidon\n|-damage|p1a: Koraidon|37/100\n|-damage|p1b: Flutter Mane|0 fnt\n|faint|p1b: Flutter Mane\n|-end|p1b: Flutter Mane|Protosynthesis|[silent]\n|-ability|p2b: Calyrex|Chilling Neigh|boost\n|-boost|p2b: Calyrex|atk|1\n|\n|-weather|SunnyDay|[upkeep]\n|upkeep\n|\n|t:|1746049602\n|switch|p1b: Raging Bolt|Raging Bolt, L50|100/100\n|switch|p2a: Kyogre|Kyogre, L50|91/100\n|-weather|RainDance|[from] ability: Drizzle|[of] p2a: Kyogre\n|turn|7\n|\n|t:|1746049619\n|move|p1b: Raging Bolt|Thunderclap|p2a: Kyogre\n|-supereffective|p2a: Kyogre\n|-damage|p2a: Kyogre|42/100\n|move|p1a: Koraidon|Flame Charge|p2b: Calyrex\n|-supereffective|p2b: Calyrex\n|-damage|p2b: Calyrex|0 fnt\n|-boost|p1a: Koraidon|spe|1\n|faint|p2b: Calyrex\n|-damage|p1a: Koraidon|28/100|[from] item: Life Orb\n|move|p2a: Kyogre|Origin Pulse|p1b: Raging Bolt|[spread] p1a,p1b\n|-supereffective|p1a: Koraidon\n|-resisted|p1b: Raging Bolt\n|-damage|p1a: Koraidon|0 fnt\n|-damage|p1b: Raging Bolt|82/100\n|faint|p1a: Koraidon\n|\n|-weather|RainDance|[upkeep]\n|-heal|p2a: Kyogre|48/100|[from] item: Leftovers\n|upkeep\n|turn|8\n|\n|t:|1746049643\n|move|p2a: Kyogre|Protect|p2a: Kyogre\n|-singleturn|p2a: Kyogre|Protect\n|move|p1b: Raging Bolt|Thunderbolt|p2a: Kyogre\n|-activate|p2a: Kyogre|move: Protect\n|\n|-weather|RainDance|[upkeep]\n|-heal|p2a: Kyogre|54/100|[from] item: Leftovers\n|-sideend|p2: skibidiowisp|move: Tailwind\n|upkeep\n|turn|9\n|\n|t:|1746049651\n|move|p2a: Kyogre|Calm Mind|p2a: Kyogre\n|-boost|p2a: Kyogre|spa|1\n|-boost|p2a: Kyogre|spd|1\n|move|p1b: Raging Bolt|Thunderbolt|p2a: Kyogre\n|-supereffective|p2a: Kyogre\n|-damage|p2a: Kyogre|9/100\n|\n|-weather|RainDance|[upkeep]\n|-heal|p2a: Kyogre|15/100|[from] item: Leftovers\n|upkeep\n|turn|10\n|\n|t:|1746049661\n|move|p2a: Kyogre|Protect|p2a: Kyogre\n|-singleturn|p2a: Kyogre|Protect\n|move|p1b: Raging Bolt|Thunderbolt|p2a: Kyogre\n|-activate|p2a: Kyogre|move: Protect\n|\n|-weather|RainDance|[upkeep]\n|-heal|p2a: Kyogre|21/100|[from] item: Leftovers\n|upkeep\n|turn|11\n|\n|t:|1746049667\n|move|p2a: Kyogre|Calm Mind|p2a: Kyogre\n|-boost|p2a: Kyogre|spa|1\n|-boost|p2a: Kyogre|spd|1\n|move|p1b: Raging Bolt|Thunderbolt|p2a: Kyogre\n|-supereffective|p2a: Kyogre\n|-damage|p2a: Kyogre|0 fnt\n|faint|p2a: Kyogre\n|\n|win|brr brr skibidi\n|l|\u2606skibidiowisp\n|player|p2|\n", "uploadtime": 1746049692, "views": 13, "formatid": "gen9vgc2025regibo3", "rating": null, "private": 0, "password": null}