{"id": "gen9vgc2025regibo3-2354839975", "format": "[Gen 9] VGC 2025 Reg I (Bo3)", "players": ["danicruz.music", "JeanChasuble"], "log": "|j|\u2606danicruz.music\n|j|\u2606JeanChasuble\n|html|<table width=\"100%\"><tr><td align=\"left\">danicruz.music</td><td align=\"right\">JeanChasuble</tr><tr><td align=\"left\"><i class=\"fa fa-circle-o\"></i> <i class=\"fa fa-circle-o\"></i> </td><td align=\"right\"><i class=\"fa fa-circle-o\"></i> <i class=\"fa fa-circle-o\"></i> </tr></table>\n|uhtml|bestof|<h2><strong>Game 1</strong> of <a href=\"/game-bestof3-gen9vgc2025regibo3-2354839974\">a best-of-3</a></h2>\n|t:|1746124282\n|gametype|doubles\n|player|p1|danicruz.music|whitney|1091\n|player|p2|JeanChasuble|cheren-gen5bw2|1165\n|teamsize|p1|6\n|teamsize|p2|6\n|gen|9\n|tier|[Gen 9] VGC 2025 Reg I (Bo3)\n|rated|\n|rule|Species Clause: Limit one of each Pok\u00e9mon\n|rule|Item Clause: Limit 1 of each item\n|clearpoke\n|poke|p1|Kyogre, L50|\n|poke|p1|Koraidon, L50|\n|poke|p1|Tornadus, L50, M|\n|poke|p1|Walking Wake, L50|\n|poke|p1|Charizard, L50, M|\n|poke|p1|Rotom-Heat, L50|\n|poke|p2|Terapagos, L50, M|\n|poke|p2|Calyrex-Shadow, L50|\n|poke|p2|Rillaboom, L50, M|\n|poke|p2|Incineroar, L50, F|\n|poke|p2|Urshifu-*, L50, M|\n|poke|p2|Ogerpon-Cornerstone, L50, F|\n|teampreview|4\n|showteam|p1|Kyogre||AssaultVest|Drizzle|OriginPulse,WaterSpout,TeraBlast,Thunder||||||50|,,,,,Ground]Koraidon||LoadedDice|OrichalcumPulse|ScaleShot,CollisionCourse,Protect,FlareBlitz||||||50|,,,,,Fire]Tornadus||FocusSash|Prankster|BleakwindStorm,Tailwind,SunnyDay,RainDance|||M|||50|,,,,,Dark]Walking Wake||BoosterEnergy|Protosynthesis|HydroSteam,DragonPulse,AquaJet,Protect||||||50|,,,,,Water]Charizard||ChoiceSpecs|SolarPower|Hurricane,WeatherBall,SolarBeam,Flamethrower|||M|||50|,,,,,Grass]Rotom-Heat||LifeOrb|Levitate|Electroweb,Overheat,Thunder,WillOWisp||||||50|,,,,,Electric\n|showteam|p2|Terapagos||ChoiceSpecs|TeraShift|TeraStarstorm,DarkPulse,EarthPower,HyperBeam|||M|||50|,,,,,Stellar]Calyrex-Shadow||FocusSash|AsOneSpectrier|AstralBarrage,Protect,Taunt,Psychic||||||50|,,,,,Ghost]Rillaboom||AssaultVest|GrassySurge|FakeOut,Uturn,WoodHammer,GrassyGlide|||M|||50|,,,,,Fire]Incineroar||SitrusBerry|Intimidate|FakeOut,WillOWisp,PartingShot,FlareBlitz|||F|||50|,,,,,Bug]Urshifu-Rapid-Strike||ChoiceScarf|UnseenFist|AquaJet,SurgingStrikes,CloseCombat,Uturn|||M|||50|,,,,,Water]Ogerpon-Cornerstone||CornerstoneMask|Sturdy|FollowMe,PowerWhip,IvyCudgel,SpikyShield|||F|||50|,,,,,Rock\n|inactive|Battle timer is ON: inactive players will automatically lose when time's up. (requested by danicruz.music)\n|inactive|JeanChasuble has 60 seconds left.\n|\n|t:|1746124327\n|start\n|switch|p1a: Kyogre|Kyogre, L50|100/100\n|switch|p1b: Tornadus|Tornadus, L50, M|100/100\n|switch|p2a: Terapagos|Terapagos, L50, M|100/100\n|switch|p2b: Rillaboom|Rillaboom, L50, M|100/100\n|-activate|p2a: Terapagos|ability: Tera Shift\n|detailschange|p2a: Terapagos|Terapagos-Terastal, L50, M\n|-heal|p2a: Terapagos|100/100|[silent]\n|-weather|RainDance|[from] ability: Drizzle|[of] p1a: Kyogre\n|-fieldstart|move: Grassy Terrain|[from] ability: Grassy Surge|[of] p2b: Rillaboom\n|turn|1\n|inactive|danicruz.music has 30 seconds left.\n|\n|t:|1746124357\n|switch|p1a: Charizard|Charizard, L50, M|100/100\n|-terastallize|p2a: Terapagos|Stellar\n|detailschange|p2a: Terapagos|Terapagos-Stellar, L50, M, tera:Stellar\n|-heal|p2a: Terapagos|100/100|[silent]\n|-ability|p2a: Terapagos|Teraform Zero\n|-weather|none\n|-fieldend|move: Grassy Terrain\n|move|p2b: Rillaboom|Fake Out|p1b: Tornadus\n|-damage|p1b: Tornadus|87/100\n|move|p2a: Terapagos|Tera Starstorm|p1b: Tornadus|[spread] p1a,p1b\n|-damage|p1a: Charizard|15/100\n|-damage|p1b: Tornadus|35/100\n|cant|p1b: Tornadus|flinch\n|\n|upkeep\n|turn|2\n|inactive|JeanChasuble has 30 seconds left.\n|\n|t:|1746124385\n|switch|p2b: Incineroar|Incineroar, L50, F|100/100\n|-ability|p2b: Incineroar|Intimidate|boost\n|-unboost|p1a: Charizard|atk|1\n|-unboost|p1b: Tornadus|atk|1\n|move|p1b: Tornadus|Tailwind|p1b: Tornadus\n|-sidestart|p1: danicruz.music|move: Tailwind\n|move|p1a: Charizard|Flamethrower|p2b: Incineroar\n|-resisted|p2b: Incineroar\n|-damage|p2b: Incineroar|74/100\n|move|p2a: Terapagos|Tera Starstorm|p1a: Charizard|[spread] p1a,p1b\n|-damage|p1a: Charizard|0 fnt\n|-damage|p1b: Tornadus|0 fnt\n|faint|p1a: Charizard\n|faint|p1b: Tornadus\n|\n|upkeep\n|\n|t:|1746124390\n|switch|p1a: Koraidon|Koraidon, L50|100/100\n|switch|p1b: Kyogre|Kyogre, L50|100/100\n|-weather|SunnyDay|[from] ability: Orichalcum Pulse|[of] p1a: Koraidon\n|-activate|p1a: Koraidon|Orichalcum Pulse|[source]\n|-weather|RainDance|[from] ability: Drizzle|[of] p1b: Kyogre\n|turn|3\n|\n|t:|1746124412\n|move|p2b: Incineroar|Fake Out|p1a: Koraidon\n|-damage|p1a: Koraidon|91/100\n|cant|p1a: Koraidon|flinch\n|move|p1b: Kyogre|Water Spout|p2a: Terapagos|[spread] p2a,p2b\n|-supereffective|p2b: Incineroar\n|-damage|p2a: Terapagos|32/100\n|-damage|p2b: Incineroar|0 fnt\n|faint|p2b: Incineroar\n|move|p2a: Terapagos|Tera Starstorm|p1a: Koraidon|[spread] p1a,p1b\n|-damage|p1a: Koraidon|32/100\n|-damage|p1b: Kyogre|74/100\n|\n|-weather|RainDance|[upkeep]\n|upkeep\n|\n|t:|1746124423\n|switch|p2b: Rillaboom|Rillaboom, L50, M|100/100\n|-fieldstart|move: Grassy Terrain|[from] ability: Grassy Surge|[of] p2b: Rillaboom\n|turn|4\n|\n|t:|1746124438\n|move|p2b: Rillaboom|Grassy Glide|p1b: Kyogre\n|-supereffective|p1b: Kyogre\n|-damage|p1b: Kyogre|12/100\n|move|p1a: Koraidon|Collision Course|p2a: Terapagos\n|-supereffective|p2a: Terapagos\n|-damage|p2a: Terapagos|0 fnt\n|faint|p2a: Terapagos\n|move|p1b: Kyogre|Thunder|p2b: Rillaboom\n|-resisted|p2b: Rillaboom\n|-damage|p2b: Rillaboom|85/100\n|-status|p2b: Rillaboom|par\n|\n|-weather|RainDance|[upkeep]\n|-heal|p1a: Koraidon|38/100|[from] Grassy Terrain\n|-heal|p1b: Kyogre|18/100|[from] Grassy Terrain\n|-heal|p2b: Rillaboom|90/100 par|[from] Grassy Terrain\n|upkeep\n|\n|t:|1746124452\n|switch|p2a: Urshifu|Urshifu-Rapid-Strike, L50, M|100/100\n|turn|5\n|\n|t:|1746124474\n|move|p2b: Rillaboom|Grassy Glide|p1b: Kyogre\n|-supereffective|p1b: Kyogre\n|-damage|p1b: Kyogre|0 fnt\n|faint|p1b: Kyogre\n|move|p1a: Koraidon|Scale Shot|p2b: Rillaboom\n|-damage|p2b: Rillaboom|78/100 par\n|-damage|p2b: Rillaboom|66/100 par\n|-damage|p2b: Rillaboom|53/100 par\n|-damage|p2b: Rillaboom|41/100 par\n|-damage|p2b: Rillaboom|29/100 par\n|-hitcount|p2b: Rillaboom|5\n|-unboost|p1a: Koraidon|def|1\n|-boost|p1a: Koraidon|spe|1\n|move|p2a: Urshifu|Close Combat|p1a: Koraidon\n|-damage|p1a: Koraidon|0 fnt\n|-unboost|p2a: Urshifu|def|1\n|-unboost|p2a: Urshifu|spd|1\n|faint|p1a: Koraidon\n|\n|win|JeanChasuble\n|l|\u2606danicruz.music\n|player|p1|\n||danicruz.music is ready for game 2.\n|inactive|JeanChasuble has 29 seconds to confirm battle start!\n||JeanChasuble is ready for game 2.\n|uhtml|next|Next: <a href=\"/battle-gen9vgc2025regibo3-2354842264\"><strong>Game 2 of 3</strong></a>\n|l|\u2606JeanChasuble\n|player|p2|\n", "uploadtime": 1746124812, "views": 5, "formatid": "gen9vgc2025regibo3", "rating": null, "private": 0, "password": null}