{"id": "gen9vgc2025regibo3-2353520834", "format": "[Gen 9] VGC 2025 Reg I (Bo3)", "players": ["Mongoos19", "GuevaraGaming2"], "log": "|j|\u2606Mongoos19\n|j|\u2606GuevaraGaming2\n|html|<table width=\"100%\"><tr><td align=\"left\">Mongoos19</td><td align=\"right\">GuevaraGaming2</tr><tr><td align=\"left\"><i class=\"fa fa-circle-o\"></i> <i class=\"fa fa-circle-o\"></i> </td><td align=\"right\"><i class=\"fa fa-circle-o\"></i> <i class=\"fa fa-circle\"></i> </tr></table>\n|uhtml|bestof|<h2><strong>Game 2</strong> of <a href=\"/game-bestof3-gen9vgc2025regibo3-2353519748\">a best-of-3</a></h2>\n|t:|1745963992\n|gametype|doubles\n|player|p1|Mongoos19|1|1326\n|player|p2|GuevaraGaming2|brendan-rs|1304\n|teamsize|p1|6\n|teamsize|p2|6\n|gen|9\n|tier|[Gen 9] VGC 2025 Reg I (Bo3)\n|rated|\n|rule|Species Clause: Limit one of each Pok\u00e9mon\n|rule|Item Clause: Limit 1 of each item\n|clearpoke\n|poke|p1|Tornadus, L50, M|\n|poke|p1|Calyrex-Shadow, L50|\n|poke|p1|Rillaboom, L50, F|\n|poke|p1|Incineroar, L50, M|\n|poke|p1|Kyogre, L50|\n|poke|p1|Frosmoth, L50, F|\n|poke|p2|Rillaboom, L50, F|\n|poke|p2|Tornadus, L50, M|\n|poke|p2|Zamazenta-*, L50|\n|poke|p2|Incineroar, L50, F|\n|poke|p2|Urshifu-*, L50, F|\n|poke|p2|Lunala, L50|\n|teampreview|4\n|showteam|p1|Tornadus||CovertCloak|Prankster|BleakwindStorm,RainDance,Tailwind,Protect|||M|||50|,,,,,Dark]Calyrex-Shadow||LifeOrb|AsOneSpectrier|AstralBarrage,Psychic,Encore,Protect||||||50|,,,,,Fairy]Rillaboom||AssaultVest|GrassySurge|FakeOut,WoodHammer,GrassyGlide,Uturn|||F|||50|,,,,,Fire]Incineroar||RockyHelmet|Intimidate|FakeOut,WillOWisp,KnockOff,PartingShot|||M|||50|,,,,,Ghost]Kyogre||MysticWater|Drizzle|WaterSpout,OriginPulse,IceBeam,Protect||||||50|,,,,,Grass]Frosmoth||SafetyGoggles|IceScales|BugBuzz,IcyWind,WideGuard,Protect|||F|||50|,,,,,Dragon\n|showteam|p2|Rillaboom||AssaultVest|GrassySurge|GrassyGlide,Uturn,WoodHammer,FakeOut|||F|||50|,,,,,Fire]Tornadus||FocusSash|Prankster|RainDance,Tailwind,Protect,BleakwindStorm|||M|||50|,,,,,Dark]Zamazenta-Crowned||RustedShield|DauntlessShield|BodyPress,HeavySlam,Protect,IronDefense||||||50|,,,,,Dragon]Incineroar||SafetyGoggles|Intimidate|KnockOff,PartingShot,Taunt,FakeOut|||F|||50|,,,,,Ghost]Urshifu-Rapid-Strike||ChoiceScarf|UnseenFist|SurgingStrikes,AquaJet,Uturn,CloseCombat|||F|||50|,,,,,Water]Lunala||Leftovers|ShadowShield|WideGuard,MoongeistBeam,Protect,Moonblast||||||50|,,,,,Fairy\n|inactive|Battle timer is ON: inactive players will automatically lose when time's up. (requested by Mongoos19)\n|\n|t:|1745964017\n|start\n|switch|p1a: Rillaboom|Rillaboom, L50, F|100/100\n|switch|p1b: Calyrex|Calyrex-Shadow, L50|100/100\n|switch|p2a: Lunala|Lunala, L50|100/100\n|switch|p2b: Rillaboom|Rillaboom, L50, F, shiny|100/100\n|-ability|p1b: Calyrex|As One\n|-ability|p1b: Calyrex|Unnerve\n|-fieldstart|move: Grassy Terrain|[from] ability: Grassy Surge|[of] p2b: Rillaboom\n|turn|1\n|inactive|Mongoos19 has 30 seconds left.\n|inactive|GuevaraGaming2 has 30 seconds left.\n|\n|t:|1745964044\n|-terastallize|p2a: Lunala|Fairy\n|move|p1b: Calyrex|Astral Barrage|p2a: Lunala|[spread] p2a,p2b\n|-damage|p2a: Lunala|75/100\n|-damage|p2b: Rillaboom|58/100\n|-damage|p1b: Calyrex|91/100|[from] item: Life Orb\n|move|p2a: Lunala|Moonblast|p1a: Rillaboom\n|-damage|p1a: Rillaboom|61/100\n|-unboost|p1a: Rillaboom|spa|1\n|move|p2b: Rillaboom|Wood Hammer|p1b: Calyrex\n|-damage|p1b: Calyrex|0 fnt\n|faint|p1b: Calyrex\n|-damage|p2b: Rillaboom|33/100|[from] Recoil\n|move|p1a: Rillaboom|U-turn|p2a: Lunala\n|-resisted|p2a: Lunala\n|-damage|p2a: Lunala|66/100\n|\n|t:|1745964051\n|switch|p1a: Kyogre|Kyogre, L50, shiny|100/100|[from] U-turn\n|-weather|RainDance|[from] ability: Drizzle|[of] p1a: Kyogre\n|\n|-weather|RainDance|[upkeep]\n|-heal|p2a: Lunala|72/100|[from] Grassy Terrain\n|-heal|p2a: Lunala|77/100|[from] item: Leftovers\n|-heal|p2b: Rillaboom|39/100|[from] Grassy Terrain\n|upkeep\n|\n|t:|1745964055\n|switch|p1b: Rillaboom|Rillaboom, L50, F|61/100\n|turn|2\n|\n|t:|1745964067\n|switch|p2b: Zamazenta|Zamazenta-Crowned, L50, shiny|100/100\n|-ability|p2b: Zamazenta|Dauntless Shield|boost\n|-boost|p2b: Zamazenta|def|1\n|-terastallize|p1a: Kyogre|Grass\n|move|p2a: Lunala|Wide Guard|p2a: Lunala\n|-singleturn|p2a: Lunala|Wide Guard\n|move|p1a: Kyogre|Ice Beam|p2b: Zamazenta\n|-resisted|p2b: Zamazenta\n|-damage|p2b: Zamazenta|89/100\n|move|p1b: Rillaboom|U-turn|p2b: Zamazenta\n|-resisted|p2b: Zamazenta\n|-damage|p2b: Zamazenta|87/100\n|\n|t:|1745964078\n|switch|p1b: Tornadus|Tornadus, L50, M, shiny|100/100|[from] U-turn\n|\n|-weather|RainDance|[upkeep]\n|-heal|p2b: Zamazenta|93/100|[from] Grassy Terrain\n|-heal|p2a: Lunala|83/100|[from] Grassy Terrain\n|-heal|p2a: Lunala|89/100|[from] item: Leftovers\n|upkeep\n|turn|3\n|\n|t:|1745964090\n|move|p2a: Lunala|Wide Guard|p2a: Lunala\n|-singleturn|p2a: Lunala|Wide Guard\n|move|p1b: Tornadus|Tailwind|p1b: Tornadus\n|-sidestart|p1: Mongoos19|move: Tailwind\n|move|p1a: Kyogre|Ice Beam|p2a: Lunala\n|-damage|p2a: Lunala|66/100\n|move|p2b: Zamazenta|Iron Defense|p2b: Zamazenta\n|-boost|p2b: Zamazenta|def|2\n|\n|-weather|RainDance|[upkeep]\n|-heal|p2b: Zamazenta|99/100|[from] Grassy Terrain\n|-heal|p2a: Lunala|72/100|[from] Grassy Terrain\n|-heal|p2a: Lunala|78/100|[from] item: Leftovers\n|upkeep\n|turn|4\n|\n|t:|1745964103\n|switch|p1b: Rillaboom|Rillaboom, L50, F|61/100\n|move|p1a: Kyogre|Protect|p1a: Kyogre\n|-singleturn|p1a: Kyogre|Protect\n|move|p2a: Lunala|Wide Guard|p2a: Lunala\n|-singleturn|p2a: Lunala|Wide Guard\n|move|p2b: Zamazenta|Body Press|p1a: Kyogre\n|-activate|p1a: Kyogre|move: Protect\n|\n|-weather|RainDance|[upkeep]\n|-heal|p1b: Rillaboom|68/100|[from] Grassy Terrain\n|-heal|p2b: Zamazenta|100/100|[from] Grassy Terrain\n|-heal|p2a: Lunala|84/100|[from] Grassy Terrain\n|-heal|p2a: Lunala|90/100|[from] item: Leftovers\n|upkeep\n|turn|5\n|\n|t:|1745964120\n|switch|p2a: Rillaboom|Rillaboom, L50, F, shiny|39/100\n|move|p2b: Zamazenta|Protect|p2b: Zamazenta\n|-singleturn|p2b: Zamazenta|Protect\n|move|p1b: Rillaboom|Fake Out|p2a: Rillaboom\n|-damage|p2a: Rillaboom|27/100\n|move|p1a: Kyogre|Water Spout|p2b: Zamazenta|[spread] p2a\n|-activate|p2b: Zamazenta|move: Protect\n|-resisted|p2a: Rillaboom\n|-damage|p2a: Rillaboom|0 fnt\n|faint|p2a: Rillaboom\n|\n|-weather|none\n|-heal|p1b: Rillaboom|74/100|[from] Grassy Terrain\n|-fieldend|move: Grassy Terrain\n|upkeep\n|\n|t:|1745964124\n|switch|p2a: Tornadus|Tornadus, L50, M, shiny|100/100\n|turn|6\n|\n|t:|1745964136\n|switch|p1b: Tornadus|Tornadus, L50, M, shiny|100/100\n|move|p2a: Tornadus|Tailwind|p2a: Tornadus\n|-sidestart|p2: GuevaraGaming2|move: Tailwind\n|move|p2b: Zamazenta|Body Press|p1a: Kyogre\n|-damage|p1a: Kyogre|0 fnt\n|faint|p1a: Kyogre\n|\n|-sideend|p1: Mongoos19|move: Tailwind\n|upkeep\n|-message|Mongoos19 forfeited.\n|raw|Mongoos19's rating: 1326 &rarr; <strong>1305</strong><br />(-21 for losing)\n|raw|GuevaraGaming2's rating: 1304 &rarr; <strong>1325</strong><br />(+21 for winning)\n|\n|win|GuevaraGaming2\n|l|\u2606Mongoos19\n|player|p1|\n|l|\u2606GuevaraGaming2\n|player|p2|\n", "uploadtime": 1745964492, "views": 13, "formatid": "gen9vgc2025regibo3", "rating": 1305, "private": 0, "password": null}