{"id": "gen9vgc2025regibo3-2354857147", "format": "[Gen 9] VGC 2025 Reg I (Bo3)", "players": ["aaronfriend", "Zalsto"], "log": "|j|\u2606aaronfriend\n|j|\u2606Zalsto\n|html|<table width=\"100%\"><tr><td align=\"left\">aaronfriend</td><td align=\"right\">Zalsto</tr><tr><td align=\"left\"><i class=\"fa fa-circle\"></i> <i class=\"fa fa-circle-o\"></i> </td><td align=\"right\"><i class=\"fa fa-circle-o\"></i> <i class=\"fa fa-circle-o\"></i> </tr></table>\n|uhtml|bestof|<h2><strong>Game 2</strong> of <a href=\"/game-bestof3-gen9vgc2025regibo3-2354854716\">a best-of-3</a></h2>\n|t:|1746125805\n|gametype|doubles\n|player|p1|aaronfriend|170|1151\n|player|p2|Zalsto|2|1107\n|teamsize|p1|6\n|teamsize|p2|6\n|gen|9\n|tier|[Gen 9] VGC 2025 Reg I (Bo3)\n|rated|\n|rule|Species Clause: Limit one of each Pok\u00e9mon\n|rule|Item Clause: Limit 1 of each item\n|clearpoke\n|poke|p1|Miraidon, L50|\n|poke|p1|Whimsicott, L50, M|\n|poke|p1|Farigiraf, L50, F|\n|poke|p1|Iron Hands, L50|\n|poke|p1|Calyrex-Shadow, L50|\n|poke|p1|Chi-Yu, L50|\n|poke|p2|Dialga-Origin, L50|\n|poke|p2|Groudon, L50|\n|poke|p2|Orthworm, L50, F|\n|poke|p2|Landorus-Therian, L50, M|\n|poke|p2|Flutter Mane, L50|\n|poke|p2|Ursaluna-Bloodmoon, L50, M|\n|teampreview|4\n|showteam|p1|Miraidon||ChoiceSpecs|HadronEngine|ElectroDrift,DracoMeteor,VoltSwitch,DazzlingGleam||||||50|,,,,,Fairy]Whimsicott||CovertCloak|Prankster|Tailwind,Encore,LightScreen,Moonblast|||M|||50|,,,,,Dark]Farigiraf||ElectricSeed|ArmorTail|Psychic,FoulPlay,HelpingHand,TrickRoom|||F|||50|,,,,,Dark]Iron Hands||AssaultVest|QuarkDrive|LowKick,DrainPunch,WildCharge,FakeOut||||||50|,,,,,Water]Calyrex-Shadow||FocusSash|AsOneSpectrier|AstralBarrage,ExpandingForce,PollenPuff,Protect||||||50|,,,,,Ghost]Chi-Yu||ChoiceScarf|BeadsofRuin|Snarl,Overheat,DarkPulse,HeatWave||||||50|,,,,,Ghost\n|showteam|p2|Dialga-Origin||AdamantCrystal|Telepathy|DracoMeteor,Protect,FlashCannon,TeraBlast||||||50|,,,,,Ghost]Groudon||ClearAmulet|Drought|Earthquake,HeatCrash,SwordsDance,Protect||||||50|,,,,,Fire]Orthworm||Leftovers|EarthEater|BodyPress,Protect,HelpingHand,ShedTail|||F|||50|,,,,,Water]Landorus-Therian||ChoiceScarf|Intimidate|Earthquake,TeraBlast,Uturn,RockSlide|||M|||50|,,,,,Flying]Flutter Mane||ChoiceSpecs|Protosynthesis|ShadowBall,Moonblast,DazzlingGleam,IcyWind||||||50|,,,,,Fairy]Ursaluna-Bloodmoon||AssaultVest|MindsEye|BloodMoon,HyperVoice,EarthPower,Protect|||M|||50|,,,,,Normal\n|inactive|Battle timer is ON: inactive players will automatically lose when time's up. (requested by Zalsto)\n|\n|t:|1746125874\n|start\n|switch|p1a: Miraidon|Miraidon, L50|100/100\n|switch|p1b: Whimsicott|Whimsicott, L50, M|100/100\n|switch|p2a: Groudon|Groudon, L50|100/100\n|switch|p2b: Ursaluna|Ursaluna-Bloodmoon, L50, M|100/100\n|-fieldstart|move: Electric Terrain|[from] ability: Hadron Engine|[of] p1a: Miraidon\n|-weather|SunnyDay|[from] ability: Drought|[of] p2a: Groudon\n|turn|1\n|inactive|aaronfriend has 30 seconds left.\n|inactive|aaronfriend has 20 seconds left.\n|\n|t:|1746125909\n|-terastallize|p1a: Miraidon|Fairy\n|-terastallize|p2a: Groudon|Fire\n|move|p1a: Miraidon|Draco Meteor|p2b: Ursaluna\n|-damage|p2b: Ursaluna|0 fnt\n|-unboost|p1a: Miraidon|spa|2\n|faint|p2b: Ursaluna\n|move|p1b: Whimsicott|Moonblast|p2a: Groudon\n|-resisted|p2a: Groudon\n|-damage|p2a: Groudon|88/100\n|move|p2a: Groudon|Heat Crash|p1b: Whimsicott\n|-supereffective|p1b: Whimsicott\n|-damage|p1b: Whimsicott|0 fnt\n|faint|p1b: Whimsicott\n|\n|-weather|SunnyDay|[upkeep]\n|upkeep\n|inactive|aaronfriend has 30 seconds left.\n|\n|t:|1746125939\n|switch|p1b: Iron Hands|Iron Hands, L50|100/100\n|switch|p2b: Flutter Mane|Flutter Mane, L50|100/100\n|-activate|p2b: Flutter Mane|ability: Protosynthesis\n|-start|p2b: Flutter Mane|protosynthesisspe\n|-activate|p1b: Iron Hands|ability: Quark Drive\n|-start|p1b: Iron Hands|quarkdriveatk\n|turn|2\n|inactive|Zalsto has 30 seconds left.\n|inactive|aaronfriend has 30 seconds left.\n|\n|t:|1746125976\n|switch|p1a: Calyrex|Calyrex-Shadow, L50|100/100\n|-ability|p1a: Calyrex|As One\n|-ability|p1a: Calyrex|Unnerve\n|move|p2a: Groudon|Protect|p2a: Groudon\n|-singleturn|p2a: Groudon|Protect\n|move|p2b: Flutter Mane|Moonblast|p1b: Iron Hands\n|-supereffective|p1b: Iron Hands\n|-damage|p1b: Iron Hands|30/100\n|move|p1b: Iron Hands|Low Kick|p2a: Groudon\n|-activate|p2a: Groudon|move: Protect\n|\n|-weather|SunnyDay|[upkeep]\n|upkeep\n|turn|3\n|inactive|aaronfriend has 30 seconds left.\n|inactive|Zalsto has 30 seconds left.\n|\n|t:|1746126010\n|move|p1a: Calyrex|Protect|p1a: Calyrex\n|-singleturn|p1a: Calyrex|Protect\n|move|p2b: Flutter Mane|Moonblast|p1b: Iron Hands\n|-supereffective|p1b: Iron Hands\n|-damage|p1b: Iron Hands|0 fnt\n|faint|p1b: Iron Hands\n|-end|p1b: Iron Hands|Quark Drive|[silent]\n|move|p2a: Groudon|Heat Crash|p1a: Calyrex\n|-activate|p1a: Calyrex|move: Protect\n|\n|-weather|SunnyDay|[upkeep]\n|upkeep\n|\n|t:|1746126014\n|switch|p1b: Miraidon|Miraidon, L50, tera:Fairy|100/100\n|-activate|p1b: Miraidon|ability: Hadron Engine\n|turn|4\n|\n|t:|1746126022\n|move|p2a: Groudon|Protect|p2a: Groudon\n|-singleturn|p2a: Groudon|Protect\n|move|p2b: Flutter Mane|Moonblast|p1a: Calyrex\n|-damage|p1a: Calyrex|34/100\n|-unboost|p1a: Calyrex|spa|1\n|move|p1a: Calyrex|Astral Barrage|p2a: Groudon|[spread] p2b\n|-activate|p2a: Groudon|move: Protect\n|-supereffective|p2b: Flutter Mane\n|-damage|p2b: Flutter Mane|25/100\n|move|p1b: Miraidon|Electro Drift|p2a: Groudon\n|-activate|p2a: Groudon|move: Protect\n|\n|-weather|SunnyDay|[upkeep]\n|upkeep\n|turn|5\n|\n|t:|1746126043\n|move|p1a: Calyrex|Protect|p1a: Calyrex\n|-singleturn|p1a: Calyrex|Protect\n|move|p2b: Flutter Mane|Moonblast|p1b: Miraidon\n|-damage|p1b: Miraidon|32/100\n|move|p1b: Miraidon|Electro Drift|p2a: Groudon\n|-damage|p2a: Groudon|0 fnt\n|faint|p2a: Groudon\n|\n|-weather|none\n|-end|p2b: Flutter Mane|Protosynthesis\n|-fieldend|move: Electric Terrain\n|upkeep\n|\n|t:|1746126052\n|switch|p2a: Dialga|Dialga-Origin, L50|100/100\n|turn|6\n|inactive|aaronfriend has 30 seconds left.\n|\n|t:|1746126081\n|move|p1a: Calyrex|Astral Barrage|p2a: Dialga|[spread] p2a,p2b\n|-supereffective|p2b: Flutter Mane\n|-damage|p2a: Dialga|75/100\n|-damage|p2b: Flutter Mane|0 fnt\n|faint|p2b: Flutter Mane\n|-end|p2b: Flutter Mane|Protosynthesis|[silent]\n|-ability|p1a: Calyrex|Grim Neigh|boost\n|-boost|p1a: Calyrex|spa|1\n|move|p1b: Miraidon|Electro Drift|p2a: Dialga\n|-resisted|p2a: Dialga\n|-damage|p2a: Dialga|46/100\n|move|p2a: Dialga|Flash Cannon|p1a: Calyrex\n|-damage|p1a: Calyrex|0 fnt\n|faint|p1a: Calyrex\n|\n|upkeep\n|turn|7\n|\n|t:|1746126092\n|move|p1b: Miraidon|Electro Drift|p2a: Dialga\n|-resisted|p2a: Dialga\n|-damage|p2a: Dialga|16/100\n|move|p2a: Dialga|Flash Cannon|p1b: Miraidon\n|-supereffective|p1b: Miraidon\n|-damage|p1b: Miraidon|0 fnt\n|faint|p1b: Miraidon\n|\n|win|Zalsto\n||aaronfriend is ready for game 3.\n||Zalsto is ready for game 3.\n|uhtml|next|Next: <a href=\"/battle-gen9vgc2025regibo3-2354860333\"><strong>Game 3 of 3</strong></a>\n|l|\u2606Zalsto\n|player|p2|\n|l|\u2606aaronfriend\n|player|p1|\n", "uploadtime": 1746126454, "views": 4, "formatid": "gen9vgc2025regibo3", "rating": null, "private": 0, "password": null}