{"id": "gen9vgc2025regibo3-2354451149", "format": "[Gen 9] VGC 2025 Reg I (Bo3)", "players": ["Soratami", "bayleyb123"], "log": "|j|\u2606Soratami\n|j|\u2606bayleyb123\n|html|<table width=\"100%\"><tr><td align=\"left\">Soratami</td><td align=\"right\">bayleyb123</tr><tr><td align=\"left\"><i class=\"fa fa-circle-o\"></i> <i class=\"fa fa-circle-o\"></i> </td><td align=\"right\"><i class=\"fa fa-circle-o\"></i> <i class=\"fa fa-circle-o\"></i> </tr></table>\n|uhtml|bestof|<h2><strong>Game 1</strong> of <a href=\"/game-bestof3-gen9vgc2025regibo3-2354451148\">a best-of-3</a></h2>\n|t:|1746073550\n|gametype|doubles\n|player|p1|Soratami|ethan|1161\n|player|p2|bayleyb123|brycenman|1149\n|teamsize|p1|6\n|teamsize|p2|6\n|gen|9\n|tier|[Gen 9] VGC 2025 Reg I (Bo3)\n|rated|\n|rule|Species Clause: Limit one of each Pok\u00e9mon\n|rule|Item Clause: Limit 1 of each item\n|clearpoke\n|poke|p1|Koraidon, L50|\n|poke|p1|Calyrex-Shadow, L50|\n|poke|p1|Chi-Yu, L50|\n|poke|p1|Venusaur, L50, F|\n|poke|p1|Indeedee-F, L50, F|\n|poke|p1|Walking Wake, L50|\n|poke|p2|Ho-Oh, L50|\n|poke|p2|Koraidon, L50|\n|poke|p2|Walking Wake, L50|\n|poke|p2|Rillaboom, L50, M|\n|poke|p2|Flutter Mane, L50|\n|poke|p2|Roaring Moon, L50|\n|teampreview|4\n|showteam|p1|Koraidon||LoadedDice|OrichalcumPulse|CloseCombat,FlareBlitz,ScaleShot,Protect||||||50|,,,,,Fire]Calyrex-Shadow||FocusSash|AsOneSpectrier|AstralBarrage,Disable,ExpandingForce,Protect||||||50|,,,,,Ghost]Chi-Yu||ChoiceScarf|BeadsofRuin|HeatWave,DarkPulse,Overheat,Snarl||||||50|,,,,,Fire]Venusaur||SitrusBerry|Chlorophyll|HelpingHand,SleepPowder,SolarBeam,Protect|||F|||50|,,,,,Water]Indeedee-F||RockyHelmet|PsychicSurge|FollowMe,Imprison,TrickRoom,ShadowBall|||F|||50|,,,,,Water]Walking Wake||ChoiceSpecs|Protosynthesis|DracoMeteor,HydroSteam,Flamethrower,FlipTurn||||||50|,,,,,Water\n|showteam|p2|Ho-Oh||SitrusBerry|Regenerator|SacredFire,Tailwind,BraveBird,Protect||||||50|,,,,,Water]Koraidon||ClearAmulet|OrichalcumPulse|CloseCombat,FlareBlitz,Uturn,Protect||||||50|,,,,,Fire]Walking Wake||LifeOrb|Protosynthesis|HydroSteam,Flamethrower,DracoMeteor,Protect||||||50|,,,,,Water]Rillaboom||AssaultVest|GrassySurge|WoodHammer,GrassyGlide,FakeOut,Uturn|||M|||50|,,,,,Fire]Flutter Mane||FocusSash|Protosynthesis|DazzlingGleam,Moonblast,IcyWind,Protect||||||50|,,,,,Fairy]Roaring Moon||CovertCloak|Protosynthesis|KnockOff,BreakingSwipe,Protect,IronHead||||||50|,,,,,Fairy\n|inactive|Battle timer is ON: inactive players will automatically lose when time's up. (requested by Soratami)\n|inactive|Soratami has 60 seconds left.\n|inactive|bayleyb123 has 60 seconds left.\n|\n|t:|1746073598\n|start\n|switch|p1a: Koraidon|Koraidon, L50|100/100\n|switch|p1b: Venusaur|Venusaur, L50, F|100/100\n|switch|p2a: Ho-Oh|Ho-Oh, L50, shiny|100/100\n|switch|p2b: Koraidon|Koraidon, L50|100/100\n|-weather|SunnyDay|[from] ability: Orichalcum Pulse|[of] p2b: Koraidon\n|-activate|p2b: Koraidon|Orichalcum Pulse|[source]\n|-activate|p1a: Koraidon|ability: Orichalcum Pulse\n|turn|1\n|\n|t:|1746073622\n|-terastallize|p1b: Venusaur|Water\n|move|p1b: Venusaur|Sleep Powder|p2a: Ho-Oh|[miss]\n|-miss|p1b: Venusaur|p2a: Ho-Oh\n|move|p2b: Koraidon|Flare Blitz|p1b: Venusaur\n|-resisted|p1b: Venusaur\n|-damage|p1b: Venusaur|60/100\n|-damage|p2b: Koraidon|86/100|[from] Recoil\n|move|p1a: Koraidon|Scale Shot|p2b: Koraidon\n|-supereffective|p2b: Koraidon\n|-damage|p2b: Koraidon|47/100\n|-supereffective|p2b: Koraidon\n|-damage|p2b: Koraidon|10/100\n|-supereffective|p2b: Koraidon\n|-damage|p2b: Koraidon|0 fnt\n|faint|p2b: Koraidon\n|-hitcount|p2: Koraidon|3\n|-unboost|p1a: Koraidon|def|1\n|-boost|p1a: Koraidon|spe|1\n|move|p2a: Ho-Oh|Tailwind|p2a: Ho-Oh\n|-sidestart|p2: bayleyb123|move: Tailwind\n|\n|-weather|SunnyDay|[upkeep]\n|upkeep\n|\n|t:|1746073632\n|switch|p2b: Flutter Mane|Flutter Mane, L50|100/100\n|-activate|p2b: Flutter Mane|ability: Protosynthesis\n|-start|p2b: Flutter Mane|protosynthesisspa\n|turn|2\n|\n|t:|1746073653\n|move|p1a: Koraidon|Protect|p1a: Koraidon\n|-singleturn|p1a: Koraidon|Protect\n|move|p2b: Flutter Mane|Dazzling Gleam|p1a: Koraidon|[spread] p1b\n|-activate|p1a: Koraidon|move: Protect\n|-damage|p1b: Venusaur|23/100\n|-enditem|p1b: Venusaur|Sitrus Berry|[eat]\n|-heal|p1b: Venusaur|47/100|[from] item: Sitrus Berry\n|move|p1b: Venusaur|Sleep Powder|p2b: Flutter Mane\n|-status|p2b: Flutter Mane|slp|[from] move: Sleep Powder\n|move|p2a: Ho-Oh|Brave Bird|p1b: Venusaur\n|-damage|p1b: Venusaur|0 fnt\n|faint|p1b: Venusaur\n|-damage|p2a: Ho-Oh|87/100|[from] Recoil\n|\n|-weather|SunnyDay|[upkeep]\n|upkeep\n|\n|t:|1746073668\n|switch|p1b: Calyrex|Calyrex-Shadow, L50|100/100\n|-ability|p1b: Calyrex|As One\n|-ability|p1b: Calyrex|Unnerve\n|turn|3\n|\n|t:|1746073682\n|cant|p2b: Flutter Mane|slp\n|move|p1a: Koraidon|Scale Shot|p2a: Ho-Oh|[miss]\n|-miss|p1a: Koraidon|p2a: Ho-Oh\n|move|p1b: Calyrex|Astral Barrage|p2a: Ho-Oh|[spread] p2a,p2b\n|-supereffective|p2b: Flutter Mane\n|-damage|p2a: Ho-Oh|53/100\n|-enditem|p2b: Flutter Mane|Focus Sash\n|-damage|p2b: Flutter Mane|1/100 slp\n|move|p2a: Ho-Oh|Brave Bird|p1a: Koraidon\n|-supereffective|p1a: Koraidon\n|-damage|p1a: Koraidon|0 fnt\n|faint|p1a: Koraidon\n|-damage|p2a: Ho-Oh|24/100|[from] Recoil\n|\n|-weather|SunnyDay|[upkeep]\n|upkeep\n|\n|t:|1746073697\n|switch|p1a: Indeedee|Indeedee-F, L50, F|100/100\n|-fieldstart|move: Psychic Terrain|[from] ability: Psychic Surge|[of] p1a: Indeedee\n|turn|4\n|\n|t:|1746073719\n|move|p1a: Indeedee|Follow Me|p1a: Indeedee\n|-singleturn|p1a: Indeedee|move: Follow Me\n|cant|p2b: Flutter Mane|slp\n|move|p1b: Calyrex|Astral Barrage|p2a: Ho-Oh|[spread] p2a,p2b\n|-supereffective|p2b: Flutter Mane\n|-damage|p2a: Ho-Oh|0 fnt\n|-damage|p2b: Flutter Mane|0 fnt\n|faint|p2a: Ho-Oh\n|faint|p2b: Flutter Mane\n|-end|p2b: Flutter Mane|Protosynthesis|[silent]\n|-ability|p1b: Calyrex|Grim Neigh|boost\n|-boost|p1b: Calyrex|spa|2\n|\n|-weather|SunnyDay|[upkeep]\n|-sideend|p2: bayleyb123|move: Tailwind\n|upkeep\n|\n|t:|1746073726\n|switch|p2b: Roaring Moon|Roaring Moon, L50|100/100\n|-activate|p2b: Roaring Moon|ability: Protosynthesis\n|-start|p2b: Roaring Moon|protosynthesisspe\n|turn|5\n|inactive|Soratami has 30 seconds left.\n|inactive|Soratami has 20 seconds left.\n|\n|t:|1746073763\n|move|p1b: Calyrex|Protect|p1b: Calyrex\n|-singleturn|p1b: Calyrex|Protect\n|move|p2b: Roaring Moon|Knock Off|p1b: Calyrex\n|-activate|p1b: Calyrex|move: Protect\n|move|p1a: Indeedee|Shadow Ball|p2b: Roaring Moon\n|-resisted|p2b: Roaring Moon\n|-damage|p2b: Roaring Moon|92/100\n|\n|-weather|none\n|-end|p2b: Roaring Moon|Protosynthesis\n|upkeep\n|turn|6\n|\n|t:|1746073777\n|move|p1a: Indeedee|Follow Me|p1a: Indeedee\n|-singleturn|p1a: Indeedee|move: Follow Me\n|move|p1b: Calyrex|Astral Barrage|p2b: Roaring Moon\n|-resisted|p2b: Roaring Moon\n|-damage|p2b: Roaring Moon|20/100\n|move|p2b: Roaring Moon|Knock Off|p1a: Indeedee\n|-supereffective|p1a: Indeedee\n|-damage|p1a: Indeedee|0 fnt\n|-damage|p2b: Roaring Moon|3/100|[from] item: Rocky Helmet|[of] p1a: Indeedee\n|-enditem|p1a: Indeedee|Rocky Helmet|[from] move: Knock Off|[of] p2b: Roaring Moon\n|faint|p1a: Indeedee\n|\n|upkeep\n|turn|7\n|\n|t:|1746073789\n|move|p1b: Calyrex|Astral Barrage|p2b: Roaring Moon\n|-resisted|p2b: Roaring Moon\n|-damage|p2b: Roaring Moon|0 fnt\n|faint|p2b: Roaring Moon\n|-end|p2b: Roaring Moon|Protosynthesis|[silent]\n|\n|win|Soratami\n|l|\u2606bayleyb123\n|player|p2|\n|raw|Soratami's rating: 1161 &rarr; <strong>1185</strong><br />(+24 for winning)\n|raw|bayleyb123's rating: 1149 &rarr; <strong>1125</strong><br />(-24 for losing)\n|l|\u2606Soratami\n|player|p1|\n", "uploadtime": 1746074106, "views": 7, "formatid": "gen9vgc2025regibo3", "rating": 1125, "private": 0, "password": null}