{"id": "gen9vgc2025regibo3-2354112854", "format": "[Gen 9] VGC 2025 Reg I (Bo3)", "players": ["lettitripppp", "HippoJust"], "log": "|j|\u2606lettitripppp\n|j|\u2606HippoJust\n|html|<table width=\"100%\"><tr><td align=\"left\">lettitripppp</td><td align=\"right\">HippoJust</tr><tr><td align=\"left\"><i class=\"fa fa-circle\"></i> <i class=\"fa fa-circle-o\"></i> </td><td align=\"right\"><i class=\"fa fa-circle-o\"></i> <i class=\"fa fa-circle\"></i> </tr></table>\n|uhtml|bestof|<h2><strong>Game 3</strong> of <a href=\"/game-bestof3-gen9vgc2025regibo3-2354108412\">a best-of-3</a></h2>\n|t:|1746035939\n|gametype|doubles\n|player|p1|lettitripppp|lucas|1081\n|player|p2|HippoJust|gambler|1103\n|teamsize|p1|6\n|teamsize|p2|6\n|gen|9\n|tier|[Gen 9] VGC 2025 Reg I (Bo3)\n|rated|\n|rule|Species Clause: Limit one of each Pok\u00e9mon\n|rule|Item Clause: Limit 1 of each item\n|clearpoke\n|poke|p1|Calyrex-Ice, L50|\n|poke|p1|Miraidon, L50|\n|poke|p1|Grimmsnarl, L50, M|\n|poke|p1|Iron Treads, L50|\n|poke|p1|Ogerpon-Hearthflame, L50, F|\n|poke|p1|Urshifu-*, L50, F|\n|poke|p2|Calyrex-Shadow, L50|\n|poke|p2|Koraidon, L50|\n|poke|p2|Ditto, L50|\n|poke|p2|Brute Bonnet, L50|\n|poke|p2|Whimsicott, L50, M|\n|poke|p2|Chi-Yu, L50|\n|teampreview|4\n|showteam|p1|Calyrex-Ice||ClearAmulet|AsOneGlastrier|HighHorsepower,GlacialLance,TrickRoom,Protect||||||50|,,,,,Fire]Miraidon||ChoiceSpecs|HadronEngine|DazzlingGleam,DracoMeteor,ElectroDrift,VoltSwitch||||||50|,,,,,Fairy]Grimmsnarl||LightClay|Prankster|ThunderWave,LightScreen,SpiritBreak,Reflect|||M|||50|,,,,,Ghost]Iron Treads||ChoiceBand|QuarkDrive|HighHorsepower,SteelRoller,RockSlide,IronHead||||||50|,,,,,Ghost]Ogerpon-Hearthflame||HearthflameMask|MoldBreaker|HornLeech,IvyCudgel,FollowMe,SpikyShield|||F|||50|,,,,,Fire]Urshifu||FocusSash|UnseenFist|CloseCombat,SuckerPunch,WickedBlow,Detect|||F|||50|,,,,,Stellar\n|showteam|p2|Calyrex-Shadow||LifeOrb|AsOneSpectrier|AstralBarrage,Psychic,Substitute,Protect||||||50|,,,,,Ghost]Koraidon||ClearAmulet|OrichalcumPulse|CollisionCourse,FlameCharge,FlareBlitz,Protect||||||50|,,,,,Fire]Ditto||FocusSash|Imposter|Transform||||||50|,,,,,Normal]Brute Bonnet||RockyHelmet|Protosynthesis|SeedBomb,SuckerPunch,Spore,RagePowder||||||50|,,,,,Water]Whimsicott||CovertCloak|Prankster|Moonblast,LightScreen,Tailwind,Encore|||M|||50|,,,,,Dark]Chi-Yu||ChoiceScarf|BeadsofRuin|HeatWave,Snarl,Overheat,DarkPulse||||||50|,,,,,Ghost\n|\n|t:|1746035955\n|start\n|switch|p1a: Calyrex|Calyrex-Ice, L50|100/100\n|switch|p1b: Ogerpon|Ogerpon-Hearthflame, L50, F|100/100\n|switch|p2a: Calyrex|Calyrex-Shadow, L50|100/100\n|switch|p2b: Chi-Yu|Chi-Yu, L50|100/100\n|-ability|p2a: Calyrex|As One\n|-ability|p2a: Calyrex|Unnerve\n|-ability|p1a: Calyrex|As One\n|-ability|p1a: Calyrex|Unnerve\n|-ability|p2b: Chi-Yu|Beads of Ruin\n|-ability|p1b: Ogerpon|Mold Breaker\n|turn|1\n|\n|t:|1746035975\n|-terastallize|p2a: Calyrex|Ghost\n|-terastallize|p1a: Calyrex|Fire\n|move|p1b: Ogerpon|Follow Me|p1b: Ogerpon\n|-singleturn|p1b: Ogerpon|move: Follow Me\n|move|p2b: Chi-Yu|Snarl|p1b: Ogerpon|[spread] p1a,p1b\n|-crit|p1b: Ogerpon\n|-damage|p1a: Calyrex|82/100\n|-damage|p1b: Ogerpon|46/100\n|-unboost|p1b: Ogerpon|spa|1\n|move|p2a: Calyrex|Astral Barrage|p1a: Calyrex|[spread] p1a,p1b\n|-damage|p1a: Calyrex|2/100\n|-damage|p1b: Ogerpon|0 fnt\n|faint|p1b: Ogerpon\n|-ability|p2a: Calyrex|Grim Neigh|boost\n|-boost|p2a: Calyrex|spa|1\n|-damage|p2a: Calyrex|91/100|[from] item: Life Orb\n|move|p1a: Calyrex|Trick Room|p1a: Calyrex\n|-fieldstart|move: Trick Room|[of] p1a: Calyrex\n|\n|upkeep\n|\n|t:|1746035990\n|switch|p1b: Urshifu|Urshifu, L50, F|100/100\n|turn|2\n|\n|t:|1746035999\n|move|p2a: Calyrex|Protect|p2a: Calyrex\n|-singleturn|p2a: Calyrex|Protect\n|move|p1a: Calyrex|High Horsepower|p2b: Chi-Yu|[miss]\n|-miss|p1a: Calyrex|p2b: Chi-Yu\n|move|p1b: Urshifu|Wicked Blow|p2a: Calyrex\n|-supereffective|p2a: Calyrex\n|-crit|p2a: Calyrex\n|-damage|p2a: Calyrex|0 fnt\n|faint|p2a: Calyrex\n|move|p2b: Chi-Yu|Snarl|p1b: Urshifu|[spread] p1a,p1b\n|-resisted|p1b: Urshifu\n|-damage|p1a: Calyrex|0 fnt\n|-damage|p1b: Urshifu|89/100\n|-unboost|p1b: Urshifu|spa|1\n|faint|p1a: Calyrex\n|\n|upkeep\n|\n|t:|1746036011\n|switch|p1a: Miraidon|Miraidon, L50|100/100\n|switch|p2a: Brute Bonnet|Brute Bonnet, L50|100/100\n|-fieldstart|move: Electric Terrain|[from] ability: Hadron Engine|[of] p1a: Miraidon\n|turn|3\n|\n|t:|1746036017\n|move|p2a: Brute Bonnet|Spore|p1b: Urshifu\n|-activate|p1b: Urshifu|move: Electric Terrain\n|move|p1b: Urshifu|Close Combat|p2a: Brute Bonnet\n|-supereffective|p2a: Brute Bonnet\n|-damage|p2a: Brute Bonnet|17/100\n|-unboost|p1b: Urshifu|def|1\n|-unboost|p1b: Urshifu|spd|1\n|-damage|p1b: Urshifu|73/100|[from] item: Rocky Helmet|[of] p2a: Brute Bonnet\n|move|p1a: Miraidon|Electro Drift|p2b: Chi-Yu\n|-damage|p2b: Chi-Yu|0 fnt\n|faint|p2b: Chi-Yu\n|\n|upkeep\n|\n|t:|1746036024\n|switch|p2b: Koraidon|Koraidon, L50|100/100\n|-weather|SunnyDay|[from] ability: Orichalcum Pulse|[of] p2b: Koraidon\n|-activate|p2a: Brute Bonnet|ability: Protosynthesis\n|-start|p2a: Brute Bonnet|protosynthesisdef\n|-activate|p2b: Koraidon|Orichalcum Pulse|[source]\n|turn|4\n|\n|t:|1746036055\n|move|p2a: Brute Bonnet|Rage Powder|p2a: Brute Bonnet\n|-singleturn|p2a: Brute Bonnet|move: Rage Powder\n|move|p1b: Urshifu|Close Combat|p2a: Brute Bonnet\n|-supereffective|p2a: Brute Bonnet\n|-damage|p2a: Brute Bonnet|0 fnt\n|-unboost|p1b: Urshifu|def|1\n|-unboost|p1b: Urshifu|spd|1\n|-damage|p1b: Urshifu|56/100|[from] item: Rocky Helmet|[of] p2a: Brute Bonnet\n|faint|p2a: Brute Bonnet\n|-end|p2a: Brute Bonnet|Protosynthesis|[silent]\n|move|p1a: Miraidon|Electro Drift|p2b: Koraidon\n|-resisted|p2b: Koraidon\n|-damage|p2b: Koraidon|25/100\n|move|p2b: Koraidon|Flare Blitz|p1b: Urshifu\n|-damage|p1b: Urshifu|0 fnt\n|faint|p1b: Urshifu\n|-damage|p2b: Koraidon|9/100|[from] Recoil\n|\n|-weather|SunnyDay|[upkeep]\n|upkeep\n|turn|5\n|\n|t:|1746036070\n|move|p2b: Koraidon|Protect|p2b: Koraidon\n|-singleturn|p2b: Koraidon|Protect\n|move|p1a: Miraidon|Electro Drift|p2b: Koraidon\n|-activate|p2b: Koraidon|move: Protect\n|\n|-weather|SunnyDay|[upkeep]\n|-fieldend|move: Trick Room\n|upkeep\n|turn|6\n|\n|t:|1746036075\n|move|p2b: Koraidon|Collision Course|p1a: Miraidon\n|-damage|p1a: Miraidon|33/100\n|move|p1a: Miraidon|Electro Drift|p2b: Koraidon\n|-resisted|p2b: Koraidon\n|-damage|p2b: Koraidon|0 fnt\n|faint|p2b: Koraidon\n|\n|win|lettitripppp\n|raw|lettitripppp's rating: 1081 &rarr; <strong>1111</strong><br />(+30 for winning)\n|raw|HippoJust's rating: 1103 &rarr; <strong>1076</strong><br />(-27 for losing)\n", "uploadtime": 1746036081, "views": 7, "formatid": "gen9vgc2025regibo3", "rating": 1076, "private": 0, "password": null}