{"id": "gen9vgc2025regibo3-2354867619", "format": "[Gen 9] VGC 2025 Reg I (Bo3)", "players": ["ZKShadows", "Pokedude122"], "log": "|j|\u2606ZKShadows\n|j|\u2606Pokedude122\n|html|<table width=\"100%\"><tr><td align=\"left\">ZKShadows</td><td align=\"right\">Pokedude122</tr><tr><td align=\"left\"><i class=\"fa fa-circle\"></i> <i class=\"fa fa-circle-o\"></i> </td><td align=\"right\"><i class=\"fa fa-circle-o\"></i> <i class=\"fa fa-circle-o\"></i> </tr></table>\n|uhtml|bestof|<h2><strong>Game 2</strong> of <a href=\"/game-bestof3-gen9vgc2025regibo3-2354859902\">a best-of-3</a></h2>\n|t:|1746126770\n|gametype|doubles\n|player|p1|ZKShadows|giovanni|\n|player|p2|Pokedude122|101|\n|teamsize|p1|6\n|teamsize|p2|6\n|gen|9\n|tier|[Gen 9] VGC 2025 Reg I (Bo3)\n|rule|Species Clause: Limit one of each Pok\u00e9mon\n|rule|Item Clause: Limit 1 of each item\n|clearpoke\n|poke|p1|Trevenant, L50, F|\n|poke|p1|Torkoal, L50, M|\n|poke|p1|Murkrow, L50, M|\n|poke|p1|Incineroar, L50, F|\n|poke|p1|Roaring Moon, L50|\n|poke|p1|Sandy Shocks, L50|\n|poke|p2|Garchomp, L50, F|\n|poke|p2|Volcarona, L50, F|\n|poke|p2|Milotic, L50, M|\n|poke|p2|Spiritomb, L50, M|\n|poke|p2|Corviknight, L50, M|\n|poke|p2|Gardevoir, L50, M|\n|teampreview|4\n|showteam|p1|Trevenant||SitrusBerry|Harvest|HornLeech,WillOWisp,ShadowClaw,TrickRoom|||F|||50|,,,,,Fire]Torkoal||EjectPack|Drought|Overheat,HelpingHand,Protect,BodyPress|||M|||50|,,,,,Fire]Murkrow||Eviolite|Prankster|Tailwind,FoulPlay,ThunderWave,Protect|||M|||50|,,,,,Dark]Incineroar||AssaultVest|Intimidate|Uturn,KnockOff,FlareBlitz,FakeOut|||F|||50|,,,,,Fire]Roaring Moon||ClearAmulet|Protosynthesis|DragonDance,KnockOff,BreakingSwipe,Protect||||||50|,,,,,Flying]Sandy Shocks||LifeOrb|Protosynthesis|VoltSwitch,EarthPower,PowerGem,Protect||||||50|,,,,,Electric\n|showteam|p2|Garchomp||LifeOrb|RoughSkin|Earthquake,Protect,DragonClaw,RockSlide|||F|||50|,,,,,Ground]Volcarona||CovertCloak|FlameBody|Flamethrower,RagePowder,BugBuzz,Protect|||F|||50|,,,,,Grass]Milotic||ZoomLens|Competitive|Coil,Hypnosis,MuddyWater,Recover|||M|||50|,,,,,Dragon]Spiritomb||SitrusBerry|Infiltrator|CalmMind,DarkPulse,WillOWisp,PainSplit|||M|||50|,,,,,Grass]Corviknight||RockyHelmet|Pressure|Tailwind,BodyPress,IronDefense,Roost|||M|||50|,,,,,Dragon]Gardevoir||FocusSash|Telepathy|MysticalFire,Moonblast,Imprison,TrickRoom|||M|||50|,,,,,Fire\n|\n|t:|1746126811\n|start\n|switch|p1a: Torkoal|Torkoal, L50, M|100/100\n|switch|p1b: Roaring Moon|Roaring Moon, L50|100/100\n|switch|p2a: Gardevoir|Gardevoir, L50, M|100/100\n|switch|p2b: Spiritomb|Spiritomb, L50, M|100/100\n|-weather|SunnyDay|[from] ability: Drought|[of] p1a: Torkoal\n|-activate|p1b: Roaring Moon|ability: Protosynthesis\n|-start|p1b: Roaring Moon|protosynthesisatk\n|turn|1\n|\n|t:|1746126865\n|move|p1b: Roaring Moon|Protect|p1b: Roaring Moon\n|-singleturn|p1b: Roaring Moon|Protect\n|move|p2a: Gardevoir|Moonblast|p1b: Roaring Moon\n|-activate|p1b: Roaring Moon|move: Protect\n|move|p2b: Spiritomb|Calm Mind|p2b: Spiritomb\n|-boost|p2b: Spiritomb|spa|1\n|-boost|p2b: Spiritomb|spd|1\n|move|p1a: Torkoal|Overheat|p2a: Gardevoir\n|-damage|p2a: Gardevoir|42/100\n|-unboost|p1a: Torkoal|spa|2\n|-enditem|p1a: Torkoal|Eject Pack\n|\n|t:|1746126883\n|switch|p1a: Murkrow|Murkrow, L50, M|100/100\n|\n|-weather|SunnyDay|[upkeep]\n|upkeep\n|turn|2\n|\n|t:|1746126906\n|switch|p2a: Garchomp|Garchomp, L50, F|100/100\n|move|p1a: Murkrow|Tailwind|p1a: Murkrow\n|-sidestart|p1: ZKShadows|move: Tailwind\n|move|p1b: Roaring Moon|Knock Off|p2a: Garchomp\n|-damage|p2a: Garchomp|27/100\n|-damage|p1b: Roaring Moon|88/100|[from] ability: Rough Skin|[of] p2a: Garchomp\n|-enditem|p2a: Garchomp|Life Orb|[from] move: Knock Off|[of] p1b: Roaring Moon\n|move|p2b: Spiritomb|Will-O-Wisp|p1b: Roaring Moon\n|-status|p1b: Roaring Moon|brn\n|\n|-weather|SunnyDay|[upkeep]\n|-damage|p1b: Roaring Moon|82/100 brn|[from] brn\n|upkeep\n|turn|3\n|\n|t:|1746126960\n|switch|p2a: Milotic|Milotic, L50, M|100/100\n|move|p1a: Murkrow|Thunder Wave|p2a: Milotic\n|-status|p2a: Milotic|par\n|move|p1b: Roaring Moon|Breaking Swipe|p2a: Milotic|[spread] p2a,p2b\n|-damage|p2a: Milotic|88/100 par\n|-damage|p2b: Spiritomb|85/100\n|-unboost|p2a: Milotic|atk|1\n|-ability|p2a: Milotic|Competitive|boost\n|-boost|p2a: Milotic|spa|2\n|-unboost|p2b: Spiritomb|atk|1\n|move|p2b: Spiritomb|Dark Pulse|p1b: Roaring Moon\n|-resisted|p1b: Roaring Moon\n|-damage|p1b: Roaring Moon|62/100 brn\n|\n|-weather|SunnyDay|[upkeep]\n|-damage|p1b: Roaring Moon|56/100 brn|[from] brn\n|upkeep\n|turn|4\n|\n|t:|1746126988\n|switch|p1a: Sandy Shocks|Sandy Shocks, L50|100/100\n|-activate|p1a: Sandy Shocks|ability: Protosynthesis\n|-start|p1a: Sandy Shocks|protosynthesisspa\n|move|p1b: Roaring Moon|Dragon Dance|p1b: Roaring Moon\n|-boost|p1b: Roaring Moon|atk|1\n|-boost|p1b: Roaring Moon|spe|1\n|move|p2a: Milotic|Coil|p2a: Milotic\n|-boost|p2a: Milotic|atk|1\n|-boost|p2a: Milotic|def|1\n|-boost|p2a: Milotic|accuracy|1\n|move|p2b: Spiritomb|Calm Mind|p2b: Spiritomb\n|-boost|p2b: Spiritomb|spa|1\n|-boost|p2b: Spiritomb|spd|1\n|\n|-weather|SunnyDay|[upkeep]\n|-damage|p1b: Roaring Moon|50/100 brn|[from] brn\n|upkeep\n|turn|5\n|\n|t:|1746127031\n|-terastallize|p1a: Sandy Shocks|Electric\n|move|p1b: Roaring Moon|Dragon Dance|p1b: Roaring Moon\n|-boost|p1b: Roaring Moon|atk|1\n|-boost|p1b: Roaring Moon|spe|1\n|move|p1a: Sandy Shocks|Volt Switch|p2a: Milotic\n|-supereffective|p2a: Milotic\n|-damage|p2a: Milotic|0 fnt\n|faint|p2a: Milotic\n|-damage|p1a: Sandy Shocks|91/100|[from] item: Life Orb\n|\n|t:|1746127041\n|-end|p1a: Sandy Shocks|Protosynthesis|[silent]\n|switch|p1a: Murkrow|Murkrow, L50, M|100/100|[from] Volt Switch\n|move|p2b: Spiritomb|Dark Pulse|p1b: Roaring Moon\n|-resisted|p1b: Roaring Moon\n|-damage|p1b: Roaring Moon|21/100 brn\n|\n|-weather|none\n|-end|p1b: Roaring Moon|Protosynthesis\n|-damage|p1b: Roaring Moon|15/100 brn|[from] brn\n|-sideend|p1: ZKShadows|move: Tailwind\n|upkeep\n|\n|t:|1746127055\n|switch|p2a: Gardevoir|Gardevoir, L50, M|42/100\n|turn|6\n|\n|t:|1746127083\n|move|p1a: Murkrow|Tailwind|p1a: Murkrow\n|-sidestart|p1: ZKShadows|move: Tailwind\n|move|p1b: Roaring Moon|Knock Off|p2a: Gardevoir\n|-damage|p2a: Gardevoir|0 fnt\n|-enditem|p2a: Gardevoir|Focus Sash|[from] move: Knock Off|[of] p1b: Roaring Moon\n|faint|p2a: Gardevoir\n|move|p2b: Spiritomb|Dark Pulse|p1b: Roaring Moon\n|-resisted|p1b: Roaring Moon\n|-damage|p1b: Roaring Moon|0 fnt\n|faint|p1b: Roaring Moon\n|-end|p1b: Roaring Moon|Protosynthesis|[silent]\n|\n|upkeep\n|\n|t:|1746127093\n|switch|p1b: Torkoal|Torkoal, L50, M|100/100\n|switch|p2a: Garchomp|Garchomp, L50, F|27/100\n|-weather|SunnyDay|[from] ability: Drought|[of] p1b: Torkoal\n|turn|7\n|\n|t:|1746127110\n|move|p1b: Torkoal|Protect|p1b: Torkoal\n|-singleturn|p1b: Torkoal|Protect\n|move|p1a: Murkrow|Foul Play|p2a: Garchomp\n|-damage|p2a: Garchomp|0 fnt\n|-damage|p1a: Murkrow|89/100|[from] ability: Rough Skin|[of] p2a: Garchomp\n|faint|p2a: Garchomp\n|move|p2b: Spiritomb|Calm Mind|p2b: Spiritomb\n|-boost|p2b: Spiritomb|spa|1\n|-boost|p2b: Spiritomb|spd|1\n|\n|-weather|SunnyDay|[upkeep]\n|upkeep\n|turn|8\n|\n|t:|1746127130\n|switch|p1a: Sandy Shocks|Sandy Shocks, L50, tera:Electric|91/100\n|-activate|p1a: Sandy Shocks|ability: Protosynthesis\n|-start|p1a: Sandy Shocks|protosynthesisspa\n|move|p1b: Torkoal|Overheat|p2b: Spiritomb\n|-damage|p2b: Spiritomb|58/100\n|-unboost|p1b: Torkoal|spa|2\n|move|p2b: Spiritomb|Dark Pulse|p1b: Torkoal\n|-damage|p1b: Torkoal|0 fnt\n|faint|p1b: Torkoal\n|\n|-weather|SunnyDay|[upkeep]\n|upkeep\n|\n|t:|1746127143\n|switch|p1b: Murkrow|Murkrow, L50, M|89/100\n|turn|9\n|\n|t:|1746127219\n|move|p1a: Sandy Shocks|Volt Switch|p2b: Spiritomb\n|-damage|p2b: Spiritomb|22/100\n|-enditem|p2b: Spiritomb|Sitrus Berry|[eat]\n|-heal|p2b: Spiritomb|46/100|[from] item: Sitrus Berry\n|-damage|p1a: Sandy Shocks|81/100|[from] item: Life Orb\n|move|p1b: Murkrow|Foul Play|p2b: Spiritomb\n|-damage|p2b: Spiritomb|29/100\n|move|p2b: Spiritomb|Dark Pulse|p1a: Sandy Shocks\n|-damage|p1a: Sandy Shocks|0 fnt\n|faint|p1a: Sandy Shocks\n|-end|p1a: Sandy Shocks|Protosynthesis|[silent]\n|\n|-weather|SunnyDay|[upkeep]\n|-sideend|p1: ZKShadows|move: Tailwind\n|upkeep\n|turn|10\n|\n|t:|1746127244\n|move|p1b: Murkrow|Foul Play|p2b: Spiritomb\n|-damage|p2b: Spiritomb|11/100\n|move|p2b: Spiritomb|Dark Pulse|p1b: Murkrow\n|-resisted|p1b: Murkrow\n|-damage|p1b: Murkrow|56/100\n|\n|-weather|SunnyDay|[upkeep]\n|upkeep\n|turn|11\n|\n|t:|1746127254\n|move|p1b: Murkrow|Foul Play|p2b: Spiritomb\n|-damage|p2b: Spiritomb|0 fnt\n|faint|p2b: Spiritomb\n|\n|win|ZKShadows\n", "uploadtime": 1746127259, "views": 7, "formatid": "gen9vgc2025regibo3", "rating": null, "private": 0, "password": null}