{"id": "gen9vgc2025regibo3-2353461222", "format": "[Gen 9] VGC 2025 Reg I (Bo3)", "players": ["WynnXP", "dr. shio"], "log": "|j|\u2606WynnXP\n|j|\u2606dr. shio\n|html|<table width=\"100%\"><tr><td align=\"left\">WynnXP</td><td align=\"right\">dr. shio</tr><tr><td align=\"left\"><i class=\"fa fa-circle-o\"></i> <i class=\"fa fa-circle-o\"></i> </td><td align=\"right\"><i class=\"fa fa-circle-o\"></i> <i class=\"fa fa-circle-o\"></i> </tr></table>\n|uhtml|bestof|<h2><strong>Game 1</strong> of <a href=\"/game-bestof3-gen9vgc2025regibo3-2353461220\">a best-of-3</a></h2>\n|t:|1745958045\n|gametype|doubles\n|player|p1|WynnXP|clerkf|1000\n|player|p2|dr. shio|dawn|1000\n|teamsize|p1|6\n|teamsize|p2|6\n|gen|9\n|tier|[Gen 9] VGC 2025 Reg I (Bo3)\n|rated|\n|rule|Species Clause: Limit one of each Pok\u00e9mon\n|rule|Item Clause: Limit 1 of each item\n|clearpoke\n|poke|p1|Zamazenta-*, L50|\n|poke|p1|Chien-Pao, L50|\n|poke|p1|Rayquaza, L50|\n|poke|p1|Smeargle, L50, F|\n|poke|p1|Pikachu, L50, F|\n|poke|p1|Hydreigon, L50, M|\n|poke|p2|Giratina-Origin, L50|\n|poke|p2|Dialga-Origin, L50|\n|poke|p2|Incineroar, L50, M|\n|poke|p2|Grimmsnarl, L50, M|\n|poke|p2|Ursaluna, L50, F|\n|poke|p2|Sinistcha, L50|\n|teampreview|4\n|showteam|p1|Zamazenta-Crowned||RustedShield|DauntlessShield|BodyPress,IronDefense,WideGuard,Protect||||||50|,,,,,Grass]Chien-Pao||FocusSash|SwordofRuin|IceSpinner,SacredSword,SuckerPunch,Protect||||||50|,,,,,Ghost]Rayquaza||AssaultVest|AirLock|DragonAscent,ExtremeSpeed,DracoMeteor,Protect||||||50|,,,,,Steel]Smeargle||Leftovers|Moody|CottonGuard,BatonPass,Tailwind,HealBell|||F|||50|,,,,,Steel]Pikachu||LightClay|LightningRod|Nuzzle,FakeOut,LightScreen,VoltSwitch|||F|||50|,,,,,Electric]Hydreigon||LifeOrb|Levitate|DracoMeteor,DarkPulse,Uturn,Flamethrower|||M|||50|,,,,,Dark\n|showteam|p2|Giratina-Origin||GriseousCore|Levitate|CalmMind,Protect,DragonPulse,ShadowBall||||||50|,,,,,Fire]Dialga-Origin||AdamantCrystal|Telepathy|Protect,TrickRoom,FlashCannon,DragonPulse||||||50|,,,,,Bug]Incineroar||Leftovers|Intimidate|FakeOut,Protect,PartingShot,KnockOff|||M|||50|,,,,,Bug]Grimmsnarl||LightClay|Prankster|SpiritBreak,Reflect,FakeOut,PartingShot|||M|||50|,,,,,Ghost]Ursaluna||FlameOrb|Guts|Protect,Earthquake,HeadlongRush,Facade|||F|||50|,,,,,Ghost]Sinistcha||RockyHelmet|Hospitality|Protect,LifeDew,RagePowder,MatchaGotcha||||||50|,,,,,Water\n|\n|t:|1745958142\n|start\n|switch|p1a: Pikachu|Pikachu, L50, F|100/100\n|switch|p1b: Smeargle|Smeargle, L50, F, shiny|100/100\n|switch|p2a: Grimmsnarl|Grimmsnarl, L50, M, shiny|100/100\n|switch|p2b: Dialga|Dialga-Origin, L50, shiny|100/100\n|turn|1\n|\n|t:|1745958180\n|move|p1a: Pikachu|Fake Out|p2b: Dialga\n|-resisted|p2b: Dialga\n|-damage|p2b: Dialga|99/100\n|move|p2a: Grimmsnarl|Fake Out|p1a: Pikachu\n|-damage|p1a: Pikachu|73/100\n|move|p1b: Smeargle|Tailwind|p1b: Smeargle\n|-sidestart|p1: WynnXP|move: Tailwind\n|cant|p2b: Dialga|flinch\n|\n|-ability|p1b: Smeargle|Moody|boost\n|-boost|p1b: Smeargle|spd|2\n|-unboost|p1b: Smeargle|def|1\n|upkeep\n|turn|2\n|\n|t:|1745958211\n|move|p2b: Dialga|Protect|p2b: Dialga\n|-singleturn|p2b: Dialga|Protect\n|move|p1a: Pikachu|Nuzzle|p2b: Dialga\n|-activate|p2b: Dialga|move: Protect\n|move|p1b: Smeargle|Cotton Guard|p1b: Smeargle\n|-boost|p1b: Smeargle|def|3\n|move|p2a: Grimmsnarl|Spirit Break|p1a: Pikachu\n|-damage|p1a: Pikachu|0 fnt\n|faint|p1a: Pikachu\n|\n|-ability|p1b: Smeargle|Moody|boost\n|-boost|p1b: Smeargle|spa|2\n|-unboost|p1b: Smeargle|def|1\n|upkeep\n|\n|t:|1745958225\n|switch|p1a: Chien-Pao|Chien-Pao, L50|100/100\n|-ability|p1a: Chien-Pao|Sword of Ruin\n|turn|3\n|\n|t:|1745958232\n|move|p1a: Chien-Pao|Protect|p1a: Chien-Pao\n|-singleturn|p1a: Chien-Pao|Protect\n|move|p2a: Grimmsnarl|Reflect|p2a: Grimmsnarl\n|-sidestart|p2: dr. shio|Reflect\n|move|p1b: Smeargle|Baton Pass|p1b: Smeargle\n|\n|t:|1745958236\n|switch|p1b: Zamazenta|Zamazenta-Crowned, L50|100/100|[from] Baton Pass\n|-ability|p1b: Zamazenta|Dauntless Shield|boost\n|-boost|p1b: Zamazenta|def|1\n|move|p2b: Dialga|Flash Cannon|p1a: Chien-Pao\n|-activate|p1a: Chien-Pao|move: Protect\n|\n|upkeep\n|turn|4\n|\n|t:|1745958279\n|move|p2b: Dialga|Protect|p2b: Dialga\n|-singleturn|p2b: Dialga|Protect\n|move|p2a: Grimmsnarl|Parting Shot|p1a: Chien-Pao\n|-hint|Since gen 7, Dark is immune to Prankster moves.\n|-immune|p1a: Chien-Pao\n|move|p1a: Chien-Pao|Ice Spinner|p2a: Grimmsnarl\n|-damage|p2a: Grimmsnarl|63/100\n|move|p1b: Zamazenta|Body Press|p2b: Dialga\n|-activate|p2b: Dialga|move: Protect\n|\n|-sideend|p1: WynnXP|move: Tailwind\n|upkeep\n|turn|5\n|\n|t:|1745958299\n|switch|p1a: Smeargle|Smeargle, L50, F, shiny|100/100\n|-terastallize|p2b: Dialga|Bug\n|move|p1b: Zamazenta|Iron Defense|p1b: Zamazenta\n|-boost|p1b: Zamazenta|def|2\n|move|p2b: Dialga|Flash Cannon|p1a: Smeargle\n|-damage|p1a: Smeargle|0 fnt\n|faint|p1a: Smeargle\n|move|p2a: Grimmsnarl|Spirit Break|p1b: Zamazenta\n|-damage|p1b: Zamazenta|95/100\n|-unboost|p1b: Zamazenta|spa|1\n|\n|upkeep\n|\n|t:|1745958311\n|switch|p1a: Chien-Pao|Chien-Pao, L50|100/100\n|-ability|p1a: Chien-Pao|Sword of Ruin\n|turn|6\n|\n|t:|1745958324\n|move|p1a: Chien-Pao|Protect|p1a: Chien-Pao\n|-singleturn|p1a: Chien-Pao|Protect\n|move|p1b: Zamazenta|Protect|p1b: Zamazenta\n|-singleturn|p1b: Zamazenta|Protect\n|move|p2b: Dialga|Flash Cannon|p1a: Chien-Pao\n|-activate|p1a: Chien-Pao|move: Protect\n|move|p2a: Grimmsnarl|Spirit Break|p1a: Chien-Pao\n|-activate|p1a: Chien-Pao|move: Protect\n|\n|upkeep\n|turn|7\n|\n|t:|1745958345\n|move|p1a: Chien-Pao|Ice Spinner|p2b: Dialga\n|-damage|p2b: Dialga|71/100\n|move|p1b: Zamazenta|Body Press|p2b: Dialga\n|-resisted|p2b: Dialga\n|-damage|p2b: Dialga|22/100\n|move|p2b: Dialga|Flash Cannon|p1a: Chien-Pao\n|-supereffective|p1a: Chien-Pao\n|-enditem|p1a: Chien-Pao|Focus Sash\n|-damage|p1a: Chien-Pao|1/100\n|move|p2a: Grimmsnarl|Spirit Break|p1a: Chien-Pao\n|-supereffective|p1a: Chien-Pao\n|-damage|p1a: Chien-Pao|0 fnt\n|faint|p1a: Chien-Pao\n|\n|upkeep\n|turn|8\n|\n|t:|1745958363\n|move|p2b: Dialga|Protect|p2b: Dialga\n|-singleturn|p2b: Dialga|Protect\n|move|p2a: Grimmsnarl|Parting Shot|p1b: Zamazenta\n|-unboost|p1b: Zamazenta|atk|1\n|-unboost|p1b: Zamazenta|spa|1\n|\n|t:|1745958369\n|switch|p2a: Giratina|Giratina-Origin, L50, shiny|100/100|[from] Parting Shot\n|move|p1b: Zamazenta|Body Press|p2b: Dialga\n|-activate|p2b: Dialga|move: Protect\n|\n|upkeep\n|turn|9\n|\n|t:|1745958387\n|move|p1b: Zamazenta|Body Press|p2b: Dialga\n|-resisted|p2b: Dialga\n|-damage|p2b: Dialga|0 fnt\n|faint|p2b: Dialga\n|move|p2a: Giratina|Calm Mind|p2a: Giratina\n|-boost|p2a: Giratina|spa|1\n|-boost|p2a: Giratina|spd|1\n|\n|upkeep\n|\n|t:|1745958396\n|switch|p2b: Incineroar|Incineroar, L50, M, shiny|100/100\n|-ability|p2b: Incineroar|Intimidate|boost\n|-unboost|p1b: Zamazenta|atk|1\n|turn|10\n|\n|t:|1745958402\n|move|p1b: Zamazenta|Protect|p1b: Zamazenta\n|-singleturn|p1b: Zamazenta|Protect\n|move|p2b: Incineroar|Fake Out|p1b: Zamazenta\n|-activate|p1b: Zamazenta|move: Protect\n|move|p2a: Giratina|Calm Mind|p2a: Giratina\n|-boost|p2a: Giratina|spa|1\n|-boost|p2a: Giratina|spd|1\n|\n|-sideend|p2: dr. shio|Reflect\n|upkeep\n|turn|11\n|\n|t:|1745958426\n|move|p1b: Zamazenta|Body Press|p2a: Giratina\n|-immune|p2a: Giratina\n|move|p2a: Giratina|Calm Mind|p2a: Giratina\n|-boost|p2a: Giratina|spa|1\n|-boost|p2a: Giratina|spd|1\n|move|p2b: Incineroar|Parting Shot|p1b: Zamazenta\n|-unboost|p1b: Zamazenta|atk|1\n|-unboost|p1b: Zamazenta|spa|1\n|\n|t:|1745958434\n|switch|p2b: Grimmsnarl|Grimmsnarl, L50, M, shiny|63/100|[from] Parting Shot\n|\n|upkeep\n|turn|12\n|\n|t:|1745958446\n|move|p2b: Grimmsnarl|Fake Out|p1b: Zamazenta\n|-resisted|p1b: Zamazenta\n|-damage|p1b: Zamazenta|94/100\n|cant|p1b: Zamazenta|flinch\n|move|p2a: Giratina|Shadow Ball|p1b: Zamazenta\n|-crit|p1b: Zamazenta\n|-damage|p1b: Zamazenta|0 fnt\n|faint|p1b: Zamazenta\n|\n|win|dr. shio\n||WynnXP is ready for game 2.\n||dr. shio is ready for game 2.\n|uhtml|next|Next: <a href=\"/battle-gen9vgc2025regibo3-2353465664\"><strong>Game 2 of 3</strong></a>\n|l|\u2606WynnXP\n|player|p1|\n", "uploadtime": 1745959152, "views": 9, "formatid": "gen9vgc2025regibo3", "rating": null, "private": 0, "password": null}