{"id": "gen9vgc2025regibo3-2354209171", "format": "[Gen 9] VGC 2025 Reg I (Bo3)", "players": ["Playest", "Pachi 100"], "log": "|j|\u2606Playest\n|j|\u2606Pachi 100\n|html|<table width=\"100%\"><tr><td align=\"left\">Playest</td><td align=\"right\">Pachi 100</tr><tr><td align=\"left\"><i class=\"fa fa-circle-o\"></i> <i class=\"fa fa-circle-o\"></i> </td><td align=\"right\"><i class=\"fa fa-circle-o\"></i> <i class=\"fa fa-circle-o\"></i> </tr></table>\n|uhtml|bestof|<h2><strong>Game 1</strong> of <a href=\"/game-bestof3-gen9vgc2025regibo3-2354209169\">a best-of-3</a></h2>\n|t:|1746044860\n|gametype|doubles\n|player|p1|Playest|infielder|1207\n|player|p2|Pachi 100|170|1160\n|teamsize|p1|6\n|teamsize|p2|6\n|gen|9\n|tier|[Gen 9] VGC 2025 Reg I (Bo3)\n|rated|\n|rule|Species Clause: Limit one of each Pok\u00e9mon\n|rule|Item Clause: Limit 1 of each item\n|clearpoke\n|poke|p1|Calyrex-Shadow, L50|\n|poke|p1|Miraidon, L50|\n|poke|p1|Urshifu-*, L50, M|\n|poke|p1|Tornadus, L50, M|\n|poke|p1|Chi-Yu, L50|\n|poke|p1|Indeedee-F, L50, F|\n|poke|p2|Groudon, L50|\n|poke|p2|Archaludon, L50, M|\n|poke|p2|Lunala, L50|\n|poke|p2|Raging Bolt, L50|\n|poke|p2|Whimsicott, L50, M|\n|poke|p2|Roaring Moon, L50|\n|teampreview|4\n|showteam|p1|Calyrex-Shadow||FocusSash|AsOneSpectrier|Protect,Psychic,Taunt,AstralBarrage||||||50|,,,,,Normal]Miraidon||ChoiceSpecs|HadronEngine|ElectroDrift,DracoMeteor,DazzlingGleam,Snarl||||||50|,,,,,Fairy]Urshifu-Rapid-Strike||MysticWater|UnseenFist|Detect,AquaJet,CloseCombat,SurgingStrikes|||M|||50|,,,,,Water]Tornadus||CovertCloak|Prankster|Protect,Tailwind,RainDance,BleakwindStorm|||M|||50|,,,,,Dark]Chi-Yu||ChoiceScarf|BeadsofRuin|HeatWave,Snarl,DarkPulse,Overheat||||||50|,,,,,Ghost]Indeedee-F||RockyHelmet|Synchronize|FollowMe,FakeOut,TrickRoom,Psychic|||F|||50|,,,,,Grass\n|showteam|p2|Groudon||ClearAmulet|Drought|PrecipiceBlades,HeatCrash,Protect,RockBlast||||||50|,,,,,Poison]Archaludon||AssaultVest|Stamina|BodyPress,DragonTail,FoulPlay,BreakingSwipe|||M|||50|,,,,,Fighting]Lunala||PowerHerb|ShadowShield|Protect,MeteorBeam,MoongeistBeam,Moonblast||||||50|,,,,,Fairy]Raging Bolt||SafetyGoggles|Protosynthesis|Thunderclap,DracoMeteor,WeatherBall,Protect||||||50|,,,,,Fairy]Whimsicott||FocusSash|Prankster|Encore,Tailwind,LightScreen,FakeTears|||M|||50|,,,,,Poison]Roaring Moon||BoosterEnergy|Protosynthesis|DragonClaw,ThroatChop,Protect,Acrobatics||||||50|,,,,,Flying\n|inactive|Battle timer is ON: inactive players will automatically lose when time's up. (requested by Playest)\n|\n|t:|1746044884\n|start\n|switch|p1a: Indeedee|Indeedee-F, L50, F|100/100\n|switch|p1b: Chi-Yu|Chi-Yu, L50|100/100\n|switch|p2a: Lunala|Lunala, L50|100/100\n|switch|p2b: Whimsicott|Whimsicott, L50, M|100/100\n|-ability|p1b: Chi-Yu|Beads of Ruin\n|turn|1\n|inactive|Pachi 100 has 30 seconds left.\n|\n|t:|1746044914\n|move|p2a: Lunala|Protect|p2a: Lunala\n|-singleturn|p2a: Lunala|Protect\n|move|p1a: Indeedee|Fake Out|p2b: Whimsicott\n|-damage|p2b: Whimsicott|93/100\n|cant|p2b: Whimsicott|flinch\n|move|p1b: Chi-Yu|Snarl|p2b: Whimsicott|[spread] p2b\n|-activate|p2a: Lunala|move: Protect\n|-resisted|p2b: Whimsicott\n|-damage|p2b: Whimsicott|76/100\n|-unboost|p2b: Whimsicott|spa|1\n|\n|upkeep\n|turn|2\n|\n|t:|1746044934\n|-terastallize|p2a: Lunala|Fairy\n|move|p1a: Indeedee|Follow Me|p1a: Indeedee\n|-singleturn|p1a: Indeedee|move: Follow Me\n|move|p2b: Whimsicott|Tailwind|p2b: Whimsicott\n|-sidestart|p2: Pachi 100|move: Tailwind\n|move|p2a: Lunala|Meteor Beam||[still]\n|-prepare|p2a: Lunala|Meteor Beam\n|-boost|p2a: Lunala|spa|1\n|-enditem|p2a: Lunala|Power Herb\n|-anim|p2a: Lunala|Meteor Beam|p1a: Indeedee\n|-damage|p1a: Indeedee|25/100\n|move|p1b: Chi-Yu|Snarl|p2b: Whimsicott|[spread] p2a,p2b\n|-resisted|p2a: Lunala\n|-resisted|p2b: Whimsicott\n|-damage|p2a: Lunala|95/100\n|-damage|p2b: Whimsicott|59/100\n|-unboost|p2a: Lunala|spa|1\n|-unboost|p2b: Whimsicott|spa|1\n|\n|upkeep\n|turn|3\n|inactive|Playest has 30 seconds left.\n|\n|t:|1746044963\n|move|p1a: Indeedee|Follow Me|p1a: Indeedee\n|-singleturn|p1a: Indeedee|move: Follow Me\n|move|p2b: Whimsicott|Light Screen|p2b: Whimsicott\n|-sidestart|p2: Pachi 100|move: Light Screen\n|move|p2a: Lunala|Moonblast|p1a: Indeedee\n|-damage|p1a: Indeedee|0 fnt\n|faint|p1a: Indeedee\n|move|p1b: Chi-Yu|Snarl|p2a: Lunala|[spread] p2a,p2b\n|-resisted|p2a: Lunala\n|-resisted|p2b: Whimsicott\n|-damage|p2a: Lunala|88/100\n|-damage|p2b: Whimsicott|48/100\n|-unboost|p2a: Lunala|spa|1\n|-unboost|p2b: Whimsicott|spa|1\n|\n|upkeep\n|\n|t:|1746044983\n|switch|p1a: Miraidon|Miraidon, L50|100/100\n|-fieldstart|move: Electric Terrain|[from] ability: Hadron Engine|[of] p1a: Miraidon\n|turn|4\n|\n|t:|1746044996\n|-terastallize|p1a: Miraidon|Fairy\n|move|p2b: Whimsicott|Fake Tears|p1a: Miraidon\n|-unboost|p1a: Miraidon|spd|2\n|move|p2a: Lunala|Moonblast|p1a: Miraidon\n|-damage|p1a: Miraidon|18/100\n|move|p1b: Chi-Yu|Snarl|p2a: Lunala|[spread] p2a,p2b\n|-resisted|p2a: Lunala\n|-resisted|p2b: Whimsicott\n|-damage|p2a: Lunala|81/100\n|-damage|p2b: Whimsicott|36/100\n|-unboost|p2a: Lunala|spa|1\n|-unboost|p2b: Whimsicott|spa|1\n|move|p1a: Miraidon|Electro Drift|p2a: Lunala\n|-damage|p2a: Lunala|0 fnt\n|faint|p2a: Lunala\n|\n|upkeep\n|\n|t:|1746045008\n|switch|p2a: Archaludon|Archaludon, L50, M, shiny|100/100\n|turn|5\n|inactive|Playest has 30 seconds left.\n|inactive|Pachi 100 has 30 seconds left.\n|\n|t:|1746045043\n|switch|p1b: Calyrex|Calyrex-Shadow, L50|100/100\n|-ability|p1b: Calyrex|As One\n|-ability|p1b: Calyrex|Unnerve\n|move|p2b: Whimsicott|Encore|p1a: Miraidon\n|-start|p1a: Miraidon|Encore\n|move|p2a: Archaludon|Body Press|p1b: Calyrex\n|-immune|p1b: Calyrex\n|move|p1a: Miraidon|Electro Drift|p2b: Whimsicott\n|-resisted|p2b: Whimsicott\n|-damage|p2b: Whimsicott|0 fnt\n|faint|p2b: Whimsicott\n|\n|-sideend|p2: Pachi 100|move: Tailwind\n|upkeep\n|\n|t:|1746045047\n|switch|p2b: Roaring Moon|Roaring Moon, L50|100/100\n|-enditem|p2b: Roaring Moon|Booster Energy\n|-activate|p2b: Roaring Moon|ability: Protosynthesis|[fromitem]\n|-start|p2b: Roaring Moon|protosynthesisspe\n|turn|6\n|inactive|Playest has 30 seconds left.\n|\n|t:|1746045076\n|move|p2b: Roaring Moon|Throat Chop|p1b: Calyrex\n|-supereffective|p1b: Calyrex\n|-enditem|p1b: Calyrex|Focus Sash\n|-damage|p1b: Calyrex|1/100\n|-start|p1b: Calyrex|Throat Chop|[silent]\n|move|p1b: Calyrex|Astral Barrage|p2b: Roaring Moon|[spread] p2a,p2b\n|-resisted|p2b: Roaring Moon\n|-damage|p2a: Archaludon|78/100\n|-damage|p2b: Roaring Moon|83/100\n|-ability|p2a: Archaludon|Stamina|boost\n|-boost|p2a: Archaludon|def|1\n|move|p1a: Miraidon|Electro Drift|p2b: Roaring Moon\n|-resisted|p2b: Roaring Moon\n|-damage|p2b: Roaring Moon|36/100\n|move|p2a: Archaludon|Body Press|p1a: Miraidon\n|-resisted|p1a: Miraidon\n|-crit|p1a: Miraidon\n|-damage|p1a: Miraidon|0 fnt\n|faint|p1a: Miraidon\n|\n|upkeep\n|\n|t:|1746045092\n|switch|p1a: Chi-Yu|Chi-Yu, L50|100/100\n|-ability|p1a: Chi-Yu|Beads of Ruin\n|turn|7\n|\n|t:|1746045107\n|move|p1b: Calyrex|Protect|p1b: Calyrex\n|-singleturn|p1b: Calyrex|Protect\n|move|p2b: Roaring Moon|Throat Chop|p1b: Calyrex\n|-activate|p1b: Calyrex|move: Protect\n|move|p1a: Chi-Yu|Heat Wave|p2a: Archaludon|[spread] p2b\n|-miss|p1a: Chi-Yu|p2a: Archaludon\n|-resisted|p2b: Roaring Moon\n|-damage|p2b: Roaring Moon|18/100\n|move|p2a: Archaludon|Body Press|p1a: Chi-Yu\n|-supereffective|p1a: Chi-Yu\n|-damage|p1a: Chi-Yu|0 fnt\n|faint|p1a: Chi-Yu\n|\n|-end|p1b: Calyrex|Throat Chop|[silent]\n|-sideend|p2: Pachi 100|move: Light Screen\n|upkeep\n|turn|8\n|\n|t:|1746045127\n|move|p2b: Roaring Moon|Throat Chop|p1b: Calyrex\n|-supereffective|p1b: Calyrex\n|-damage|p1b: Calyrex|0 fnt\n|faint|p1b: Calyrex\n|\n|win|Pachi 100\n||Playest is ready for game 2.\n||Pachi 100 is ready for game 2.\n|uhtml|next|Next: <a href=\"/battle-gen9vgc2025regibo3-2354211873\"><strong>Game 2 of 3</strong></a>\n|l|\u2606Pachi 100\n|player|p2|\n", "uploadtime": 1746045137, "views": 14, "formatid": "gen9vgc2025regibo3", "rating": null, "private": 0, "password": null}