{"id": "gen9vgc2025regibo3-2354237332", "format": "[Gen 9] VGC 2025 Reg I (Bo3)", "players": ["Mona Aster", "Queenthinng"], "log": "|j|\u2606Mona Aster\n|j|\u2606Queenthinng\n|html|<table width=\"100%\"><tr><td align=\"left\">Mona Aster</td><td align=\"right\">Queenthinng</tr><tr><td align=\"left\"><i class=\"fa fa-circle-o\"></i> <i class=\"fa fa-circle-o\"></i> </td><td align=\"right\"><i class=\"fa fa-circle-o\"></i> <i class=\"fa fa-circle\"></i> </tr></table>\n|uhtml|bestof|<h2><strong>Game 2</strong> of <a href=\"/game-bestof3-gen9vgc2025regibo3-2354233619\">a best-of-3</a></h2>\n|t:|1746047737\n|gametype|doubles\n|player|p1|Mona Aster|265|1144\n|player|p2|Queenthinng|acetrainerf|1073\n|teamsize|p1|6\n|teamsize|p2|6\n|gen|9\n|tier|[Gen 9] VGC 2025 Reg I (Bo3)\n|rated|\n|rule|Species Clause: Limit one of each Pok\u00e9mon\n|rule|Item Clause: Limit 1 of each item\n|clearpoke\n|poke|p1|Lunala, L50|\n|poke|p1|Groudon, L50|\n|poke|p1|Incineroar, L50, M|\n|poke|p1|Flutter Mane, L50|\n|poke|p1|Urshifu-*, L50, M|\n|poke|p1|Raging Bolt, L50|\n|poke|p2|Ho-Oh, L50|\n|poke|p2|Koraidon, L50|\n|poke|p2|Ting-Lu, L50|\n|poke|p2|Rillaboom, L50, M|\n|poke|p2|Flutter Mane, L50|\n|poke|p2|Amoonguss, L50, F|\n|teampreview|4\n|showteam|p1|Lunala||PowerHerb|ShadowShield|TrickRoom,MeteorBeam,WideGuard,MoongeistBeam||||||50|,,,,,Water]Groudon||ClearAmulet|Drought|Protect,PrecipiceBlades,HeatCrash,Substitute||||||50|,,,,,Fire]Incineroar||SafetyGoggles|Intimidate|FlareBlitz,KnockOff,FakeOut,PartingShot|||M|||50|,,,,,Ghost]Flutter Mane||FocusSash|Protosynthesis|Moonblast,Taunt,IcyWind,Protect||||||50|,,,,,Grass]Urshifu||ChoiceScarf|UnseenFist|WickedBlow,CloseCombat,Uturn,IronHead|||M|||50|,,,,,Stellar]Raging Bolt||AssaultVest|Protosynthesis|Electroweb,Thunderclap,WeatherBall,DracoMeteor||||||50|,,,,,Electric\n|showteam|p2|Ho-Oh||CovertCloak|Regenerator|SacredFire,BraveBird,Protect,Tailwind||||||50|,,,,,Grass]Koraidon||LifeOrb|OrichalcumPulse|FlareBlitz,CloseCombat,DragonClaw,Protect||||||50|,,,,,Fire]Ting-Lu||AssaultVest|VesselofRuin|ThroatChop,StompingTantrum,HeavySlam,Fissure||||||50|,,,,,Poison]Rillaboom||MiracleSeed|GrassySurge|WoodHammer,GrassyGlide,FakeOut,Protect|||M|||50|,,,,,Grass]Flutter Mane||FocusSash|Protosynthesis|Moonblast,ShadowBall,IcyWind,Protect||||||50|,,,,,Fairy]Amoonguss||RockyHelmet|Regenerator|Spore,RagePowder,PollenPuff,Protect|||F|||50|,,,,,Fairy\n|inactive|Battle timer is ON: inactive players will automatically lose when time's up. (requested by Queenthinng)\n|inactive|Mona Aster has 60 seconds left.\n|\n|t:|1746047797\n|start\n|switch|p1a: Urshifu|Urshifu, L50, M|100/100\n|switch|p1b: Lunala|Lunala, L50|100/100\n|switch|p2a: Koraidon|Koraidon, L50|100/100\n|switch|p2b: Ting-Lu|Ting-Lu, L50|100/100\n|-weather|SunnyDay|[from] ability: Orichalcum Pulse|[of] p2a: Koraidon\n|-activate|p2a: Koraidon|Orichalcum Pulse|[source]\n|-ability|p2b: Ting-Lu|Vessel of Ruin\n|turn|1\n|inactive|Mona Aster has 30 seconds left.\n|inactive|Queenthinng has 30 seconds left.\n|\n|t:|1746047831\n|-terastallize|p2b: Ting-Lu|Poison\n|move|p1a: Urshifu|Close Combat|p2b: Ting-Lu\n|-resisted|p2b: Ting-Lu\n|-damage|p2b: Ting-Lu|79/100\n|-unboost|p1a: Urshifu|def|1\n|-unboost|p1a: Urshifu|spd|1\n|move|p2a: Koraidon|Dragon Claw|p1b: Lunala\n|-damage|p1b: Lunala|73/100\n|-damage|p2a: Koraidon|91/100|[from] item: Life Orb\n|move|p1b: Lunala|Moongeist Beam|p2a: Koraidon\n|-damage|p2a: Koraidon|47/100\n|move|p2b: Ting-Lu|Throat Chop|p1b: Lunala\n|-supereffective|p1b: Lunala\n|-damage|p1b: Lunala|0 fnt\n|faint|p1b: Lunala\n|\n|-weather|SunnyDay|[upkeep]\n|upkeep\n|\n|t:|1746047853\n|switch|p1b: Groudon|Groudon, L50|100/100\n|turn|2\n|inactive|Queenthinng has 30 seconds left.\n|\n|t:|1746047883\n|switch|p2a: Amoonguss|Amoonguss, L50, F|100/100\n|move|p1a: Urshifu|Close Combat|p2a: Amoonguss\n|-resisted|p2a: Amoonguss\n|-damage|p2a: Amoonguss|72/100\n|-unboost|p1a: Urshifu|def|1\n|-unboost|p1a: Urshifu|spd|1\n|-damage|p1a: Urshifu|84/100|[from] item: Rocky Helmet|[of] p2a: Amoonguss\n|move|p1b: Groudon|Precipice Blades|p2a: Amoonguss|[spread] p2a,p2b\n|-supereffective|p2b: Ting-Lu\n|-damage|p2a: Amoonguss|30/100\n|-damage|p2b: Ting-Lu|14/100\n|move|p2b: Ting-Lu|Stomping Tantrum|p1a: Urshifu\n|-damage|p1a: Urshifu|14/100\n|\n|-weather|SunnyDay|[upkeep]\n|upkeep\n|turn|3\n|inactive|Mona Aster has 30 seconds left.\n|\n|t:|1746047917\n|switch|p2b: Ho-Oh|Ho-Oh, L50|100/100\n|move|p2a: Amoonguss|Protect|p2a: Amoonguss\n|-singleturn|p2a: Amoonguss|Protect\n|move|p1a: Urshifu|Close Combat|p2b: Ho-Oh\n|-resisted|p2b: Ho-Oh\n|-damage|p2b: Ho-Oh|75/100\n|-unboost|p1a: Urshifu|def|1\n|-unboost|p1a: Urshifu|spd|1\n|move|p1b: Groudon|Heat Crash|p2a: Amoonguss\n|-activate|p2a: Amoonguss|move: Protect\n|\n|-weather|SunnyDay|[upkeep]\n|upkeep\n|turn|4\n|\n|t:|1746047941\n|switch|p2a: Ting-Lu|Ting-Lu, L50, tera:Poison|14/100\n|-ability|p2a: Ting-Lu|Vessel of Ruin\n|-terastallize|p1b: Groudon|Fire\n|move|p1a: Urshifu|Close Combat|p2a: Ting-Lu\n|-resisted|p2a: Ting-Lu\n|-damage|p2a: Ting-Lu|0 fnt\n|-unboost|p1a: Urshifu|def|1\n|-unboost|p1a: Urshifu|spd|1\n|faint|p2a: Ting-Lu\n|move|p1b: Groudon|Substitute|p1b: Groudon\n|-start|p1b: Groudon|Substitute\n|-damage|p1b: Groudon|76/100\n|move|p2b: Ho-Oh|Tailwind|p2b: Ho-Oh\n|-sidestart|p2: Queenthinng|move: Tailwind\n|\n|-weather|SunnyDay|[upkeep]\n|upkeep\n|\n|t:|1746047954\n|switch|p2a: Koraidon|Koraidon, L50|47/100\n|-activate|p2a: Koraidon|ability: Orichalcum Pulse\n|turn|5\n|inactive|Queenthinng has 30 seconds left.\n|\n|t:|1746047980\n|move|p2a: Koraidon|Dragon Claw|p1b: Groudon\n|-end|p1b: Groudon|Substitute\n|-damage|p2a: Koraidon|38/100|[from] item: Life Orb\n|move|p2b: Ho-Oh|Brave Bird|p1a: Urshifu\n|-supereffective|p1a: Urshifu\n|-damage|p1a: Urshifu|0 fnt\n|faint|p1a: Urshifu\n|-damage|p2b: Ho-Oh|71/100|[from] Recoil\n|move|p1b: Groudon|Precipice Blades|p2b: Ho-Oh|[spread] \n|-immune|p2b: Ho-Oh\n|-miss|p1b: Groudon|p2a: Koraidon\n|\n|-weather|none\n|upkeep\n|\n|t:|1746047993\n|switch|p1a: Flutter Mane|Flutter Mane, L50|100/100\n|turn|6\n|\n|t:|1746048005\n|move|p1a: Flutter Mane|Protect|p1a: Flutter Mane\n|-singleturn|p1a: Flutter Mane|Protect\n|move|p2a: Koraidon|Flare Blitz|p1a: Flutter Mane\n|-activate|p1a: Flutter Mane|move: Protect\n|move|p2b: Ho-Oh|Brave Bird|p1b: Groudon\n|-damage|p1b: Groudon|38/100\n|-damage|p2b: Ho-Oh|59/100|[from] Recoil\n|move|p1b: Groudon|Precipice Blades|p2b: Ho-Oh|[spread] p2a\n|-immune|p2b: Ho-Oh\n|-damage|p2a: Koraidon|0 fnt\n|faint|p2a: Koraidon\n|\n|upkeep\n|\n|t:|1746048018\n|switch|p2a: Amoonguss|Amoonguss, L50, F|63/100\n|turn|7\n|\n|t:|1746048041\n|move|p1b: Groudon|Protect|p1b: Groudon\n|-singleturn|p1b: Groudon|Protect\n|move|p2b: Ho-Oh|Brave Bird|p1b: Groudon\n|-activate|p1b: Groudon|move: Protect\n|move|p1a: Flutter Mane|Taunt|p2a: Amoonguss\n|-start|p2a: Amoonguss|move: Taunt\n|move|p2a: Amoonguss|Pollen Puff|p2b: Ho-Oh\n|-heal|p2b: Ho-Oh|100/100\n|\n|-sideend|p2: Queenthinng|move: Tailwind\n|upkeep\n|turn|8\n|\n|t:|1746048057\n|move|p1a: Flutter Mane|Taunt|p2b: Ho-Oh\n|-start|p2b: Ho-Oh|move: Taunt\n|move|p2b: Ho-Oh|Brave Bird|p1b: Groudon\n|-damage|p1b: Groudon|1/100\n|-damage|p2b: Ho-Oh|89/100|[from] Recoil\n|move|p1b: Groudon|Heat Crash|p2a: Amoonguss\n|-supereffective|p2a: Amoonguss\n|-damage|p2a: Amoonguss|0 fnt\n|-damage|p1b: Groudon|0 fnt|[from] item: Rocky Helmet|[of] p2a: Amoonguss\n|faint|p2a: Amoonguss\n|faint|p1b: Groudon\n|\n|upkeep\n|turn|9\n|\n|t:|1746048074\n|move|p1a: Flutter Mane|Moonblast|p2b: Ho-Oh\n|-resisted|p2b: Ho-Oh\n|-damage|p2b: Ho-Oh|75/100\n|move|p2b: Ho-Oh|Sacred Fire|p1a: Flutter Mane\n|-damage|p1a: Flutter Mane|4/100\n|-status|p1a: Flutter Mane|brn\n|\n|-damage|p1a: Flutter Mane|0 fnt|[from] brn\n|faint|p1a: Flutter Mane\n|-end|p1a: Flutter Mane|Protosynthesis|[silent]\n|\n|win|Queenthinng\n|raw|Mona Aster's rating: 1144 &rarr; <strong>1114</strong><br />(-30 for losing)\n|raw|Queenthinng's rating: 1073 &rarr; <strong>1108</strong><br />(+35 for winning)\n", "uploadtime": 1746048084, "views": 8, "formatid": "gen9vgc2025regibo3", "rating": 1108, "private": 0, "password": null}