{"id": "gen9vgc2025regibo3-2354033176", "format": "[Gen 9] VGC 2025 Reg I (Bo3)", "players": ["yuknvykkko", "JusttestingforVGC"], "log": "|j|\u2606yuknvykkko\n|j|\u2606JusttestingforVGC\n|html|<table width=\"100%\"><tr><td align=\"left\">yuknvykkko</td><td align=\"right\">JusttestingforVGC</tr><tr><td align=\"left\"><i class=\"fa fa-circle-o\"></i> <i class=\"fa fa-circle-o\"></i> </td><td align=\"right\"><i class=\"fa fa-circle-o\"></i> <i class=\"fa fa-circle-o\"></i> </tr></table>\n|uhtml|bestof|<h2><strong>Game 1</strong> of <a href=\"/game-bestof3-gen9vgc2025regibo3-2354033175\">a best-of-3</a></h2>\n|t:|1746029162\n|gametype|doubles\n|player|p1|yuknvykkko|265|1171\n|player|p2|JusttestingforVGC|steven|1149\n|teamsize|p1|6\n|teamsize|p2|6\n|gen|9\n|tier|[Gen 9] VGC 2025 Reg I (Bo3)\n|rated|\n|rule|Species Clause: Limit one of each Pok\u00e9mon\n|rule|Item Clause: Limit 1 of each item\n|clearpoke\n|poke|p1|Lunala, L50|\n|poke|p1|Koraidon, L50|\n|poke|p1|Flutter Mane, L50|\n|poke|p1|Indeedee-F, L50, F|\n|poke|p1|Ogerpon-Cornerstone, L50, F|\n|poke|p1|Chi-Yu, L50|\n|poke|p2|Great Tusk, L50|\n|poke|p2|Torkoal, L50, F|\n|poke|p2|Ho-Oh, L50|\n|poke|p2|Lunala, L50|\n|poke|p2|Flutter Mane, L50|\n|poke|p2|Crabominable, L50, F|\n|teampreview|4\n|showteam|p1|Lunala||PowerHerb|ShadowShield|Protect,ExpandingForce,MoongeistBeam,MeteorBeam||||||50|,,,,,Water]Koraidon||LifeOrb|OrichalcumPulse|Protect,FlareBlitz,FlameCharge,CloseCombat||||||50|,,,,,Fire]Flutter Mane||FocusSash|Protosynthesis|Protect,Moonblast,ShadowBall,IcyWind||||||50|,,,,,Normal]Indeedee-F||RockyHelmet|PsychicSurge|FollowMe,HelpingHand,ShadowBall,TrickRoom|||F|||50|,,,,,Water]Ogerpon-Cornerstone||CornerstoneMask|Sturdy|Protect,IvyCudgel,PowerWhip,FollowMe|||F|||50|,,,,,Rock]Chi-Yu||ChoiceScarf|BeadsofRuin|HeatWave,Snarl,DarkPulse,Overheat||||||50|,,,,,Fire\n|showteam|p2|Great Tusk||ChoiceScarf|Protosynthesis|HeadlongRush,CloseCombat,Earthquake,RockSlide||||||50|,,,,,Ground]Torkoal||EjectPack|Drought|Protect,HelpingHand,Eruption,Overheat|||F|||50|,,,,,Flying]Ho-Oh||WideLens|Regenerator|BraveBird,SacredFire,Protect,Tailwind||||||50|,,,,,Grass]Lunala||PowerHerb|ShadowShield|TrickRoom,MeteorBeam,Psychic,MoongeistBeam||||||50|,,,,,Water]Flutter Mane||FocusSash|Protosynthesis|Moonblast,ShadowBall,IcyWind,Protect||||||50|,,,,,Fairy]Crabominable||LifeOrb|HyperCutter|Protect,IceHammer,DrainPunch,Substitute|||F|||50|,,,,,Fighting\n|inactive|Battle timer is ON: inactive players will automatically lose when time's up. (requested by JusttestingforVGC)\n|inactive|JusttestingforVGC has 60 seconds left.\n|\n|t:|1746029202\n|start\n|switch|p1a: Lunala|Lunala, L50|100/100\n|switch|p1b: Indeedee|Indeedee-F, L50, F|100/100\n|switch|p2a: Flutter Mane|Flutter Mane, L50|100/100\n|switch|p2b: Lunala|Lunala, L50|100/100\n|-fieldstart|move: Psychic Terrain|[from] ability: Psychic Surge|[of] p1b: Indeedee\n|turn|1\n|inactive|yuknvykkko has 30 seconds left.\n|inactive|JusttestingforVGC has 30 seconds left.\n|\n|t:|1746029235\n|-terastallize|p1a: Lunala|Water\n|move|p2a: Flutter Mane|Moonblast|p1b: Indeedee\n|-damage|p1b: Indeedee|51/100\n|move|p1a: Lunala|Meteor Beam||[still]\n|-prepare|p1a: Lunala|Meteor Beam\n|-boost|p1a: Lunala|spa|1\n|-enditem|p1a: Lunala|Power Herb\n|-anim|p1a: Lunala|Meteor Beam|p2b: Lunala\n|-damage|p2b: Lunala|80/100\n|move|p2b: Lunala|Meteor Beam||[still]\n|-prepare|p2b: Lunala|Meteor Beam\n|-boost|p2b: Lunala|spa|1\n|-enditem|p2b: Lunala|Power Herb\n|-anim|p2b: Lunala|Meteor Beam|p1b: Indeedee\n|-damage|p1b: Indeedee|0 fnt\n|faint|p1b: Indeedee\n|\n|upkeep\n|\n|t:|1746029259\n|switch|p1b: Flutter Mane|Flutter Mane, L50|100/100\n|turn|2\n|\n|t:|1746029275\n|-terastallize|p2b: Lunala|Water\n|move|p1b: Flutter Mane|Icy Wind|p2a: Flutter Mane|[spread] p2a,p2b\n|-resisted|p2b: Lunala\n|-damage|p2a: Flutter Mane|86/100\n|-damage|p2b: Lunala|75/100\n|-unboost|p2a: Flutter Mane|spe|1\n|-unboost|p2b: Lunala|spe|1\n|move|p1a: Lunala|Moongeist Beam|p2b: Lunala\n|-damage|p2b: Lunala|22/100\n|move|p2a: Flutter Mane|Moonblast|p1a: Lunala\n|-damage|p1a: Lunala|80/100\n|-unboost|p1a: Lunala|spa|1\n|move|p2b: Lunala|Trick Room|p2b: Lunala\n|-fieldstart|move: Trick Room|[of] p2b: Lunala\n|\n|upkeep\n|turn|3\n|\n|t:|1746029298\n|move|p1a: Lunala|Protect|p1a: Lunala\n|-singleturn|p1a: Lunala|Protect\n|move|p1b: Flutter Mane|Protect|p1b: Flutter Mane\n|-singleturn|p1b: Flutter Mane|Protect\n|move|p2b: Lunala|Moongeist Beam|p1a: Lunala\n|-activate|p1a: Lunala|move: Protect\n|move|p2a: Flutter Mane|Moonblast|p1a: Lunala\n|-activate|p1a: Lunala|move: Protect\n|\n|upkeep\n|turn|4\n|\n|t:|1746029312\n|move|p2b: Lunala|Psychic|p1a: Lunala\n|-damage|p1a: Lunala|4/100\n|move|p2a: Flutter Mane|Shadow Ball|p1b: Flutter Mane\n|-supereffective|p1b: Flutter Mane\n|-damage|p1b: Flutter Mane|7/100\n|move|p1a: Lunala|Moongeist Beam|p2b: Lunala\n|-damage|p2b: Lunala|0 fnt\n|faint|p2b: Lunala\n|move|p1b: Flutter Mane|Shadow Ball|p2a: Flutter Mane\n|-supereffective|p2a: Flutter Mane\n|-damage|p2a: Flutter Mane|0 fnt\n|faint|p2a: Flutter Mane\n|-end|p2a: Flutter Mane|Protosynthesis|[silent]\n|\n|upkeep\n|\n|t:|1746029316\n|switch|p2b: Crabominable|Crabominable, L50, F|100/100\n|switch|p2a: Ho-Oh|Ho-Oh, L50|100/100\n|turn|5\n|\n|t:|1746029334\n|move|p1a: Lunala|Protect|p1a: Lunala\n|-singleturn|p1a: Lunala|Protect\n|move|p1b: Flutter Mane|Protect|p1b: Flutter Mane\n|-singleturn|p1b: Flutter Mane|Protect\n|move|p2b: Crabominable|Drain Punch|p1a: Lunala\n|-activate|p1a: Lunala|move: Protect\n|move|p2a: Ho-Oh|Brave Bird|p1b: Flutter Mane\n|-activate|p1b: Flutter Mane|move: Protect\n|\n|-fieldend|move: Psychic Terrain\n|upkeep\n|turn|6\n|\n|t:|1746029355\n|move|p2b: Crabominable|Ice Hammer|p1a: Lunala\n|-resisted|p1a: Lunala\n|-damage|p1a: Lunala|0 fnt\n|-unboost|p2b: Crabominable|spe|1\n|faint|p1a: Lunala\n|-damage|p2b: Crabominable|91/100|[from] item: Life Orb\n|move|p2a: Ho-Oh|Brave Bird|p1b: Flutter Mane\n|-crit|p1b: Flutter Mane\n|-damage|p1b: Flutter Mane|0 fnt\n|faint|p1b: Flutter Mane\n|-end|p1b: Flutter Mane|Protosynthesis|[silent]\n|-damage|p2a: Ho-Oh|99/100|[from] Recoil\n|\n|-fieldend|move: Trick Room\n|upkeep\n|\n|t:|1746029359\n|switch|p1b: Koraidon|Koraidon, L50|100/100\n|-weather|SunnyDay|[from] ability: Orichalcum Pulse|[of] p1b: Koraidon\n|-activate|p1b: Koraidon|Orichalcum Pulse|[source]\n|turn|7\n|\n|t:|1746029372\n|move|p1b: Koraidon|Flame Charge|p2b: Crabominable\n|-supereffective|p2b: Crabominable\n|-damage|p2b: Crabominable|0 fnt\n|-boost|p1b: Koraidon|spe|1\n|faint|p2b: Crabominable\n|-damage|p1b: Koraidon|91/100|[from] item: Life Orb\n|move|p2a: Ho-Oh|Tailwind|p2a: Ho-Oh\n|-sidestart|p2: JusttestingforVGC|move: Tailwind\n|\n|-weather|SunnyDay|[upkeep]\n|upkeep\n|turn|8\n|\n|t:|1746029387\n|move|p1b: Koraidon|Protect|p1b: Koraidon\n|-singleturn|p1b: Koraidon|Protect\n|move|p2a: Ho-Oh|Brave Bird|p1b: Koraidon\n|-activate|p1b: Koraidon|move: Protect\n|\n|-weather|SunnyDay|[upkeep]\n|upkeep\n|turn|9\n|\n|t:|1746029395\n|move|p1b: Koraidon|Close Combat|p2a: Ho-Oh\n|-resisted|p2a: Ho-Oh\n|-damage|p2a: Ho-Oh|50/100\n|-unboost|p1b: Koraidon|def|1\n|-unboost|p1b: Koraidon|spd|1\n|-damage|p1b: Koraidon|82/100|[from] item: Life Orb\n|move|p2a: Ho-Oh|Brave Bird|p1b: Koraidon\n|-supereffective|p1b: Koraidon\n|-damage|p1b: Koraidon|0 fnt\n|faint|p1b: Koraidon\n|-damage|p2a: Ho-Oh|28/100|[from] Recoil\n|\n|win|JusttestingforVGC\n||JusttestingforVGC is ready for game 2.\n||yuknvykkko is ready for game 2.\n|uhtml|next|Next: <a href=\"/battle-gen9vgc2025regibo3-2354035992\"><strong>Game 2 of 3</strong></a>\n|l|\u2606yuknvykkko\n|player|p1|\n|l|\u2606JusttestingforVGC\n|player|p2|\n", "uploadtime": 1746029662, "views": 7, "formatid": "gen9vgc2025regibo3", "rating": null, "private": 0, "password": null}