{"id": "gen9vgc2025regibo3-2353675320", "format": "[Gen 9] VGC 2025 Reg I (Bo3)", "players": ["RapiAnisNeon", "is_katabo"], "log": "|j|\u2606RapiAnisNeon\n|j|\u2606is_katabo\n|html|<table width=\"100%\"><tr><td align=\"left\">RapiAnisNeon</td><td align=\"right\">is_katabo</tr><tr><td align=\"left\"><i class=\"fa fa-circle\"></i> <i class=\"fa fa-circle-o\"></i> </td><td align=\"right\"><i class=\"fa fa-circle-o\"></i> <i class=\"fa fa-circle\"></i> </tr></table>\n|uhtml|bestof|<h2><strong>Game 3</strong> of <a href=\"/game-bestof3-gen9vgc2025regibo3-2353671972\">a best-of-3</a></h2>\n|t:|1745982106\n|gametype|doubles\n|player|p1|RapiAnisNeon|265|1139\n|player|p2|is_katabo|caitlin|1213\n|teamsize|p1|6\n|teamsize|p2|6\n|gen|9\n|tier|[Gen 9] VGC 2025 Reg I (Bo3)\n|rated|\n|rule|Species Clause: Limit one of each Pok\u00e9mon\n|rule|Item Clause: Limit 1 of each item\n|clearpoke\n|poke|p1|Miraidon, L50|\n|poke|p1|Farigiraf, L50, M|\n|poke|p1|Calyrex-Ice, L50|\n|poke|p1|Ursaluna-Bloodmoon, L50, M|\n|poke|p1|Rillaboom, L50, M|\n|poke|p1|Iron Hands, L50|\n|poke|p2|Koraidon, L50|\n|poke|p2|Calyrex-Shadow, L50|\n|poke|p2|Incineroar, L50, F|\n|poke|p2|Indeedee-F, L50, F|\n|poke|p2|Ogerpon-Cornerstone, L50, F|\n|poke|p2|Raging Bolt, L50|\n|teampreview|4\n|showteam|p1|Miraidon||ChoiceSpecs|HadronEngine|ElectroDrift,DazzlingGleam,VoltSwitch,DracoMeteor||||||50|,,,,,Fairy]Farigiraf||MentalHerb|ArmorTail|TrickRoom,HelpingHand,FoulPlay,Protect|||M|||50|,,,,,Fairy]Calyrex-Ice||ClearAmulet|AsOneGlastrier|GlacialLance,HighHorsepower,Protect,TrickRoom||||||50|,,,,,Fire]Ursaluna-Bloodmoon||LifeOrb|MindsEye|HyperVoice,BloodMoon,EarthPower,Protect|||M|||50|,,,,,Ghost]Rillaboom||GrassySeed|GrassySurge|FakeOut,GrassyGlide,WoodHammer,Taunt|||M|||50|,,,,,Grass]Iron Hands||AssaultVest|QuarkDrive|FakeOut,DrainPunch,WildCharge,BrickBreak||||||50|,,,,,Fighting\n|showteam|p2|Koraidon||LifeOrb|OrichalcumPulse|CloseCombat,FlameCharge,FlareBlitz,Protect||||||50|,,,,,Fire]Calyrex-Shadow||FocusSash|AsOneSpectrier|AstralBarrage,ExpandingForce,Psychic,Protect||||||50|,,,,,Ghost]Incineroar||SafetyGoggles|Intimidate|FakeOut,KnockOff,PartingShot,Taunt|||F|||50|,,,,,Bug]Indeedee-F||RockyHelmet|PsychicSurge|Psychic,FollowMe,HelpingHand,TrickRoom|||F|||50|,,,,,Water]Ogerpon-Cornerstone||CornerstoneMask|Sturdy|IvyCudgel,PowerWhip,FollowMe,SpikyShield|||F|||50|,,,,,Rock]Raging Bolt||AssaultVest|Protosynthesis|DracoMeteor,Electroweb,Thunderbolt,Thunderclap||||||50|,,,,,Fairy\n|\n|t:|1745982133\n|start\n|switch|p1a: Miraidon|Miraidon, L50|100/100\n|switch|p1b: Farigiraf|Farigiraf, L50, M|100/100\n|switch|p2a: Jockey|Calyrex-Shadow, L50|100/100\n|switch|p2b: Goat|Indeedee-F, L50, F|100/100\n|-ability|p2a: Jockey|As One\n|-ability|p2a: Jockey|Unnerve\n|-fieldstart|move: Electric Terrain|[from] ability: Hadron Engine|[of] p1a: Miraidon\n|-fieldstart|move: Psychic Terrain|[from] ability: Psychic Surge|[of] p2b: Goat\n|turn|1\n|\n|t:|1745982152\n|move|p2a: Jockey|Expanding Force|p1a: Miraidon|[spread] p1a,p1b\n|-resisted|p1b: Farigiraf\n|-damage|p1a: Miraidon|34/100\n|-damage|p1b: Farigiraf|65/100\n|move|p1a: Miraidon|Volt Switch|p2a: Jockey\n|-damage|p2a: Jockey|44/100\n|\n|t:|1745982160\n|switch|p1a: Ursaluna|Ursaluna-Bloodmoon, L50, M|100/100|[from] Volt Switch\n|move|p2b: Goat|Trick Room|p2b: Goat\n|-fieldstart|move: Trick Room|[of] p2b: Goat\n|move|p1b: Farigiraf|Trick Room|p1b: Farigiraf\n|-fieldend|move: Trick Room\n|\n|upkeep\n|turn|2\n|\n|t:|1745982200\n|move|p2b: Goat|Helping Hand|p2a: Jockey\n|-singleturn|p2a: Jockey|Helping Hand|[of] p2b: Goat\n|move|p1a: Ursaluna|Protect|p1a: Ursaluna\n|-singleturn|p1a: Ursaluna|Protect\n|move|p2a: Jockey|Expanding Force|p1a: Ursaluna|[spread] p1b\n|-activate|p1a: Ursaluna|move: Protect\n|-resisted|p1b: Farigiraf\n|-damage|p1b: Farigiraf|18/100\n|move|p1b: Farigiraf|Foul Play|p2a: Jockey\n|-supereffective|p2a: Jockey\n|-damage|p2a: Jockey|0 fnt\n|faint|p2a: Jockey\n|\n|upkeep\n|\n|t:|1745982214\n|switch|p2a: Chicken|Koraidon, L50|100/100\n|-weather|SunnyDay|[from] ability: Orichalcum Pulse|[of] p2a: Chicken\n|-activate|p2a: Chicken|Orichalcum Pulse|[source]\n|turn|3\n|\n|t:|1745982229\n|-terastallize|p1a: Ursaluna|Ghost\n|move|p2b: Goat|Follow Me|p2b: Goat\n|-singleturn|p2b: Goat|move: Follow Me\n|move|p2a: Chicken|Flame Charge|p1b: Farigiraf\n|-damage|p1b: Farigiraf|0 fnt\n|-boost|p2a: Chicken|spe|1\n|faint|p1b: Farigiraf\n|-damage|p2a: Chicken|91/100|[from] item: Life Orb\n|move|p1a: Ursaluna|Blood Moon|p2b: Goat\n|-damage|p2b: Goat|3/100\n|-damage|p1a: Ursaluna|91/100|[from] item: Life Orb\n|\n|-weather|SunnyDay|[upkeep]\n|upkeep\n|\n|t:|1745982238\n|switch|p1b: Calyrex|Calyrex-Ice, L50|100/100\n|-ability|p1b: Calyrex|As One\n|-ability|p1b: Calyrex|Unnerve\n|turn|4\n|\n|t:|1745982259\n|move|p2a: Chicken|Flare Blitz|p1b: Calyrex\n|-supereffective|p1b: Calyrex\n|-damage|p1b: Calyrex|0 fnt\n|faint|p1b: Calyrex\n|-damage|p2a: Chicken|57/100|[from] Recoil\n|-damage|p2a: Chicken|48/100|[from] item: Life Orb\n|move|p2b: Goat|Psychic|p1a: Ursaluna\n|-damage|p1a: Ursaluna|47/100\n|move|p1a: Ursaluna|Hyper Voice|p2a: Chicken|[spread] p2a,p2b\n|-damage|p2a: Chicken|0 fnt\n|-damage|p2b: Goat|0 fnt\n|faint|p2a: Chicken\n|faint|p2b: Goat\n|-damage|p1a: Ursaluna|37/100|[from] item: Life Orb\n|\n|-weather|SunnyDay|[upkeep]\n|upkeep\n|\n|t:|1745982274\n|switch|p2a: Iron Golem|Ogerpon-Cornerstone, L50, F|100/100\n|switch|p1b: Miraidon|Miraidon, L50|34/100\n|-fieldstart|move: Electric Terrain|[from] ability: Hadron Engine|[of] p1b: Miraidon\n|turn|5\n|\n|t:|1745982289\n|move|p2a: Iron Golem|Spiky Shield|p2a: Iron Golem\n|-singleturn|p2a: Iron Golem|move: Protect\n|move|p1b: Miraidon|Draco Meteor|p2a: Iron Golem\n|-activate|p2a: Iron Golem|move: Protect\n|move|p1a: Ursaluna|Earth Power|p2a: Iron Golem\n|-activate|p2a: Iron Golem|move: Protect\n|\n|-weather|SunnyDay|[upkeep]\n|upkeep\n|turn|6\n|\n|t:|1745982298\n|move|p1b: Miraidon|Draco Meteor|p2a: Iron Golem\n|-ability|p2a: Iron Golem|Sturdy\n|-damage|p2a: Iron Golem|1/100\n|-unboost|p1b: Miraidon|spa|2\n|move|p2a: Iron Golem|Ivy Cudgel|p1b: Miraidon|[anim] Ivy Cudgel Rock\n|-damage|p1b: Miraidon|0 fnt\n|faint|p1b: Miraidon\n|move|p1a: Ursaluna|Earth Power|p2a: Iron Golem\n|-damage|p2a: Iron Golem|0 fnt\n|faint|p2a: Iron Golem\n|-damage|p1a: Ursaluna|28/100|[from] item: Life Orb\n|\n|win|RapiAnisNeon\n|raw|RapiAnisNeon's rating: 1139 &rarr; <strong>1169</strong><br />(+30 for winning)\n|raw|is_katabo's rating: 1213 &rarr; <strong>1183</strong><br />(-30 for losing)\n", "uploadtime": 1745982315, "views": 11, "formatid": "gen9vgc2025regibo3", "rating": 1169, "private": 0, "password": null}