{"id": "gen9vgc2025regibo3-2353421795", "format": "[Gen 9] VGC 2025 Reg I (Bo3)", "players": ["6squirrels", "brumo_150_"], "log": "|j|\u26066squirrels\n|j|\u2606brumo_150_\n|html|<table width=\"100%\"><tr><td align=\"left\">6squirrels</td><td align=\"right\">brumo_150_</tr><tr><td align=\"left\"><i class=\"fa fa-circle\"></i> <i class=\"fa fa-circle-o\"></i> </td><td align=\"right\"><i class=\"fa fa-circle-o\"></i> <i class=\"fa fa-circle-o\"></i> </tr></table>\n|uhtml|bestof|<h2><strong>Game 2</strong> of <a href=\"/game-bestof3-gen9vgc2025regibo3-2353418172\">a best-of-3</a></h2>\n|t:|1745954518\n|gametype|doubles\n|player|p1|6squirrels|elesa|1142\n|player|p2|brumo_150_|giovanni|1084\n|teamsize|p1|6\n|teamsize|p2|6\n|gen|9\n|tier|[Gen 9] VGC 2025 Reg I (Bo3)\n|rated|\n|rule|Species Clause: Limit one of each Pok\u00e9mon\n|rule|Item Clause: Limit 1 of each item\n|clearpoke\n|poke|p1|Calyrex-Shadow, L50|\n|poke|p1|Koraidon, L50|\n|poke|p1|Raging Bolt, L50|\n|poke|p1|Ogerpon-Cornerstone, L50, F|\n|poke|p1|Chi-Yu, L50|\n|poke|p1|Umbreon, L50, F|\n|poke|p2|Calyrex-Shadow, L50|\n|poke|p2|Terapagos, L50, M|\n|poke|p2|Rillaboom, L50, M|\n|poke|p2|Amoonguss, L50, M|\n|poke|p2|Urshifu-*, L50, M|\n|poke|p2|Incineroar, L50, F|\n|teampreview|4\n|showteam|p1|Calyrex-Shadow||FocusSash|AsOneSpectrier|Protect,AstralBarrage,Psychic,NastyPlot||||||50|,,,,,Ghost]Koraidon||ClearAmulet|OrichalcumPulse|Protect,FlameCharge,FlareBlitz,CollisionCourse||||||50|,,,,,Fire]Raging Bolt||AssaultVest|Protosynthesis|Thunderbolt,DracoMeteor,Thunderclap,Electroweb||||||50|,,,,,Electric]Ogerpon-Cornerstone||CornerstoneMask|Sturdy|SpikyShield,IvyCudgel,PowerWhip,FollowMe|||F|||50|,,,,,Rock]Chi-Yu||ChoiceScarf|BeadsofRuin|HeatWave,Overheat,DarkPulse,Snarl||||||50|,,,,,Ghost]Umbreon||SafetyGoggles|InnerFocus|FoulPlay,Moonlight,Taunt,Yawn|||F|||50|,,,,,Poison\n|showteam|p2|Calyrex-Shadow||FocusSash|AsOneSpectrier|AstralBarrage,Protect,WillOWisp,Disable||||||50|,,,,,Normal]Terapagos||Leftovers|TeraShift|Protect,CalmMind,TeraStarstorm,EarthPower|||M|||50|,,,,,Stellar]Rillaboom||AssaultVest|GrassySurge|FakeOut,Uturn,WoodHammer,GrassyGlide|||M|||50|,,,,,Fire]Amoonguss||RockyHelmet|Regenerator|Spore,RagePowder,ClearSmog,PollenPuff|||M|||50|,,,,,Fire]Urshifu-Rapid-Strike||ChoiceScarf|UnseenFist|SurgingStrikes,CloseCombat,AquaJet,IceSpinner|||M|||50|,,,,,Water]Incineroar||SafetyGoggles|Intimidate|WillOWisp,FakeOut,KnockOff,PartingShot|||F|||50|,,,,,Ghost\n|inactive|Battle timer is ON: inactive players will automatically lose when time's up. (requested by brumo_150_)\n|\n|t:|1745954559\n|start\n|switch|p1a: Koraidon|Koraidon, L50|100/100\n|switch|p1b: Umbreon|Umbreon, L50, F|100/100\n|switch|p2a: Terapagos|Terapagos, L50, M|100/100\n|switch|p2b: Urshifu|Urshifu-Rapid-Strike, L50, M|100/100\n|-activate|p2a: Terapagos|ability: Tera Shift\n|detailschange|p2a: Terapagos|Terapagos-Terastal, L50, M\n|-heal|p2a: Terapagos|100/100|[silent]\n|-weather|SunnyDay|[from] ability: Orichalcum Pulse|[of] p1a: Koraidon\n|-activate|p1a: Koraidon|Orichalcum Pulse|[source]\n|turn|1\n|inactive|6squirrels has 30 seconds left.\n|inactive|brumo_150_ has 30 seconds left.\n|\n|t:|1745954593\n|move|p2b: Urshifu|Surging Strikes|p1a: Koraidon\n|-resisted|p1a: Koraidon\n|-crit|p1a: Koraidon\n|-damage|p1a: Koraidon|95/100\n|-resisted|p1a: Koraidon\n|-crit|p1a: Koraidon\n|-damage|p1a: Koraidon|91/100\n|-resisted|p1a: Koraidon\n|-crit|p1a: Koraidon\n|-damage|p1a: Koraidon|86/100\n|-hitcount|p1a: Koraidon|3\n|move|p1a: Koraidon|Flame Charge|p2a: Terapagos\n|-activate|p2a: Terapagos|ability: Tera Shell\n|-resisted|p2a: Terapagos\n|-damage|p2a: Terapagos|85/100\n|-boost|p1a: Koraidon|spe|1\n|move|p2a: Terapagos|Calm Mind|p2a: Terapagos\n|-boost|p2a: Terapagos|spa|1\n|-boost|p2a: Terapagos|spd|1\n|move|p1b: Umbreon|Yawn|p2a: Terapagos\n|-start|p2a: Terapagos|move: Yawn|[of] p1b: Umbreon\n|\n|-weather|SunnyDay|[upkeep]\n|-heal|p2a: Terapagos|91/100|[from] item: Leftovers\n|upkeep\n|turn|2\n|inactive|6squirrels has 30 seconds left.\n|inactive|brumo_150_ has 30 seconds left.\n|inactive|6squirrels has 20 seconds left.\n|inactive|brumo_150_ has 20 seconds left.\n|inactive|6squirrels has 15 seconds left.\n|inactive|brumo_150_ has 15 seconds left.\n|\n|t:|1745954635\n|move|p1a: Koraidon|Flame Charge|p2a: Terapagos\n|-damage|p2a: Terapagos|59/100\n|-boost|p1a: Koraidon|spe|1\n|move|p2b: Urshifu|Surging Strikes|p1a: Koraidon\n|-resisted|p1a: Koraidon\n|-crit|p1a: Koraidon\n|-damage|p1a: Koraidon|81/100\n|-resisted|p1a: Koraidon\n|-crit|p1a: Koraidon\n|-damage|p1a: Koraidon|76/100\n|-resisted|p1a: Koraidon\n|-crit|p1a: Koraidon\n|-damage|p1a: Koraidon|72/100\n|-hitcount|p1a: Koraidon|3\n|move|p2a: Terapagos|Tera Starstorm|p1b: Umbreon\n|-damage|p1b: Umbreon|41/100\n|move|p1b: Umbreon|Yawn|p2b: Urshifu\n|-start|p2b: Urshifu|move: Yawn|[of] p1b: Umbreon\n|\n|-weather|SunnyDay|[upkeep]\n|-heal|p2a: Terapagos|65/100|[from] item: Leftovers\n|-end|p2a: Terapagos|move: Yawn|[silent]\n|-status|p2a: Terapagos|slp\n|upkeep\n|turn|3\n|inactive|6squirrels has 30 seconds left.\n|inactive|brumo_150_ has 30 seconds left.\n|inactive|6squirrels has 20 seconds left.\n|inactive|brumo_150_ has 20 seconds left.\n|\n|t:|1745954675\n|switch|p2b: Rillaboom|Rillaboom, L50, M|100/100\n|-fieldstart|move: Grassy Terrain|[from] ability: Grassy Surge|[of] p2b: Rillaboom\n|cant|p2a: Terapagos|slp\n|move|p1a: Koraidon|Flame Charge|p2a: Terapagos\n|-damage|p2a: Terapagos|32/100 slp\n|-boost|p1a: Koraidon|spe|1\n|move|p1b: Umbreon|Moonlight|p1b: Umbreon\n|-heal|p1b: Umbreon|100/100\n|\n|-weather|SunnyDay|[upkeep]\n|-heal|p1a: Koraidon|78/100|[from] Grassy Terrain\n|-heal|p2a: Terapagos|38/100 slp|[from] Grassy Terrain\n|-heal|p2a: Terapagos|44/100 slp|[from] item: Leftovers\n|upkeep\n|turn|4\n|inactive|6squirrels has 30 seconds left.\n|inactive|brumo_150_ has 30 seconds left.\n|inactive|brumo_150_ has 20 seconds left.\n|inactive|brumo_150_ has 15 seconds left.\n|inactive|brumo_150_ has 10 seconds left.\n|inactive|brumo_150_ has 5 seconds left.\n|\n|t:|1745954728\n|move|p2b: Rillaboom|Fake Out|p1a: Koraidon\n|-damage|p1a: Koraidon|65/100\n|cant|p1a: Koraidon|flinch\n|cant|p2a: Terapagos|slp\n|move|p1b: Umbreon|Yawn|p2b: Rillaboom\n|-start|p2b: Rillaboom|move: Yawn|[of] p1b: Umbreon\n|\n|-weather|SunnyDay|[upkeep]\n|-heal|p1a: Koraidon|71/100|[from] Grassy Terrain\n|-heal|p2a: Terapagos|50/100 slp|[from] Grassy Terrain\n|-heal|p2a: Terapagos|56/100 slp|[from] item: Leftovers\n|upkeep\n|turn|5\n|\n|t:|1745954753\n|switch|p2b: Urshifu|Urshifu-Rapid-Strike, L50, M|100/100\n|cant|p2a: Terapagos|slp\n|move|p1a: Koraidon|Collision Course|p2a: Terapagos\n|-supereffective|p2a: Terapagos\n|-damage|p2a: Terapagos|0 fnt\n|faint|p2a: Terapagos\n|move|p1b: Umbreon|Foul Play|p2b: Urshifu\n|-resisted|p2b: Urshifu\n|-damage|p2b: Urshifu|72/100\n|\n|-weather|none\n|-heal|p1a: Koraidon|76/100|[from] Grassy Terrain\n|-heal|p2b: Urshifu|78/100|[from] Grassy Terrain\n|upkeep\n|\n|t:|1745954774\n|switch|p2a: Rillaboom|Rillaboom, L50, M|100/100\n|turn|6\n|\n|t:|1745954793\n|move|p2a: Rillaboom|Fake Out|p1a: Koraidon\n|-damage|p1a: Koraidon|64/100\n|cant|p1a: Koraidon|flinch\n|move|p2b: Urshifu|Ice Spinner|p1a: Koraidon\n|-supereffective|p1a: Koraidon\n|-damage|p1a: Koraidon|8/100\n|-fieldend|move: Grassy Terrain\n|move|p1b: Umbreon|Yawn|p2b: Urshifu\n|-start|p2b: Urshifu|move: Yawn|[of] p1b: Umbreon\n|\n|upkeep\n|turn|7\n|inactive|6squirrels has 30 seconds left.\n|inactive|brumo_150_ has 30 seconds left.\n|\n|t:|1745954830\n|-terastallize|p2a: Rillaboom|Fire\n|move|p1a: Koraidon|Flare Blitz|p2a: Rillaboom\n|-resisted|p2a: Rillaboom\n|-damage|p2a: Rillaboom|82/100\n|-damage|p1a: Koraidon|1/100|[from] Recoil\n|move|p2b: Urshifu|Ice Spinner|p1a: Koraidon\n|-supereffective|p1a: Koraidon\n|-damage|p1a: Koraidon|0 fnt\n|faint|p1a: Koraidon\n|move|p2a: Rillaboom|U-turn|p1b: Umbreon\n|-supereffective|p1b: Umbreon\n|-damage|p1b: Umbreon|69/100\n|inactive|brumo_150_ has 30 seconds left.\n|\n|t:|1745954857\n|switch|p2a: Calyrex|Calyrex-Shadow, L50|100/100|[from] U-turn\n|-ability|p2a: Calyrex|As One\n|-ability|p2a: Calyrex|Unnerve\n|move|p1b: Umbreon|Foul Play|p2b: Urshifu\n|-resisted|p2b: Urshifu\n|-damage|p2b: Urshifu|51/100\n|\n|-end|p2b: Urshifu|move: Yawn|[silent]\n|-status|p2b: Urshifu|slp\n|upkeep\n|\n|t:|1745954880\n|switch|p1a: Chi-Yu|Chi-Yu, L50|100/100\n|-ability|p1a: Chi-Yu|Beads of Ruin\n|turn|8\n|\n|t:|1745954897\n|switch|p2b: Rillaboom|Rillaboom, L50, M, tera:Fire|82/100\n|-fieldstart|move: Grassy Terrain|[from] ability: Grassy Surge|[of] p2b: Rillaboom\n|move|p2a: Calyrex|Protect|p2a: Calyrex\n|-singleturn|p2a: Calyrex|Protect\n|move|p1a: Chi-Yu|Heat Wave|p2b: Rillaboom|[spread] p2b\n|-activate|p2a: Calyrex|move: Protect\n|-resisted|p2b: Rillaboom\n|-damage|p2b: Rillaboom|65/100\n|move|p1b: Umbreon|Foul Play|p2a: Calyrex\n|-activate|p2a: Calyrex|move: Protect\n|\n|-heal|p2b: Rillaboom|71/100|[from] Grassy Terrain\n|-heal|p1b: Umbreon|75/100|[from] Grassy Terrain\n|upkeep\n|turn|9\n|inactive|brumo_150_ has 30 seconds left.\n|inactive|brumo_150_ has 20 seconds left.\n|\n|t:|1745954934\n|switch|p2a: Urshifu|Urshifu-Rapid-Strike, L50, M|51/100 slp\n|-terastallize|p1a: Chi-Yu|Ghost\n|move|p1a: Chi-Yu|Heat Wave|p2b: Rillaboom|[spread] p2a,p2b\n|-resisted|p2a: Urshifu\n|-resisted|p2b: Rillaboom\n|-crit|p2b: Rillaboom\n|-damage|p2a: Urshifu|6/100 slp\n|-damage|p2b: Rillaboom|43/100\n|move|p2b: Rillaboom|Wood Hammer|p1b: Umbreon\n|-damage|p1b: Umbreon|26/100\n|-damage|p2b: Rillaboom|28/100|[from] Recoil\n|move|p1b: Umbreon|Foul Play|p2a: Urshifu\n|-resisted|p2a: Urshifu\n|-damage|p2a: Urshifu|0 fnt\n|faint|p2a: Urshifu\n|\n|-heal|p2b: Rillaboom|33/100|[from] Grassy Terrain\n|-heal|p1b: Umbreon|32/100|[from] Grassy Terrain\n|upkeep\n|\n|t:|1745954949\n|switch|p2a: Calyrex|Calyrex-Shadow, L50|100/100\n|-ability|p2a: Calyrex|As One\n|-ability|p2a: Calyrex|Unnerve\n|turn|10\n|inactive|6squirrels has 30 seconds left.\n|\n|t:|1745954976\n|switch|p1a: Calyrex|Calyrex-Shadow, L50|100/100\n|-ability|p1a: Calyrex|As One\n|-ability|p1a: Calyrex|Unnerve\n|move|p2a: Calyrex|Astral Barrage|p1a: Calyrex|[spread] p1a,p1b\n|-supereffective|p1a: Calyrex\n|-resisted|p1b: Umbreon\n|-enditem|p1a: Calyrex|Focus Sash\n|-damage|p1a: Calyrex|1/100\n|-damage|p1b: Umbreon|16/100\n|move|p2b: Rillaboom|Wood Hammer|p1b: Umbreon\n|-damage|p1b: Umbreon|0 fnt\n|faint|p1b: Umbreon\n|-damage|p2b: Rillaboom|29/100|[from] Recoil\n|\n|-heal|p1a: Calyrex|7/100|[from] Grassy Terrain\n|-heal|p2b: Rillaboom|34/100|[from] Grassy Terrain\n|upkeep\n|\n|t:|1745954994\n|switch|p1b: Chi-Yu|Chi-Yu, L50, tera:Ghost|100/100\n|-ability|p1b: Chi-Yu|Beads of Ruin\n|turn|11\n|\n|t:|1745955009\n|move|p2b: Rillaboom|Grassy Glide|p1a: Calyrex\n|-damage|p1a: Calyrex|0 fnt\n|faint|p1a: Calyrex\n|move|p1b: Chi-Yu|Dark Pulse|p2a: Calyrex\n|-supereffective|p2a: Calyrex\n|-enditem|p2a: Calyrex|Focus Sash\n|-damage|p2a: Calyrex|1/100\n|move|p2a: Calyrex|Astral Barrage|p1b: Chi-Yu\n|-supereffective|p1b: Chi-Yu\n|-damage|p1b: Chi-Yu|0 fnt\n|faint|p1b: Chi-Yu\n|\n|win|brumo_150_\n||6squirrels is ready for game 3.\n||brumo_150_ is ready for game 3.\n|uhtml|next|Next: <a href=\"/battle-gen9vgc2025regibo3-2353427431\"><strong>Game 3 of 3</strong></a>\n|l|\u2606brumo_150_\n|player|p2|\n", "uploadtime": 1745956347, "views": 24, "formatid": "gen9vgc2025regibo3", "rating": null, "private": 0, "password": null}