{"id": "gen9vgc2025regibo3-2355103856", "format": "[Gen 9] VGC 2025 Reg I (Bo3)", "players": ["is_katabo", "zzzaap"], "log": "|j|\u2606is_katabo\n|j|\u2606zzzaap\n|html|<table width=\"100%\"><tr><td align=\"left\">is_katabo</td><td align=\"right\">zzzaap</tr><tr><td align=\"left\"><i class=\"fa fa-circle\"></i> <i class=\"fa fa-circle-o\"></i> </td><td align=\"right\"><i class=\"fa fa-circle-o\"></i> <i class=\"fa fa-circle\"></i> </tr></table>\n|uhtml|bestof|<h2><strong>Game 3</strong> of <a href=\"/game-bestof3-gen9vgc2025regibo3-2355100010\">a best-of-3</a></h2>\n|t:|1746152941\n|gametype|doubles\n|player|p1|is_katabo|caitlin|1223\n|player|p2|zzzaap|sailor|1155\n|teamsize|p1|6\n|teamsize|p2|6\n|gen|9\n|tier|[Gen 9] VGC 2025 Reg I (Bo3)\n|rated|\n|rule|Species Clause: Limit one of each Pok\u00e9mon\n|rule|Item Clause: Limit 1 of each item\n|clearpoke\n|poke|p1|Koraidon, L50|\n|poke|p1|Calyrex-Shadow, L50|\n|poke|p1|Chi-Yu, L50|\n|poke|p1|Indeedee-F, L50, F|\n|poke|p1|Brute Bonnet, L50|\n|poke|p1|Flutter Mane, L50|\n|poke|p2|Landorus, L50, M|\n|poke|p2|Terapagos, L50, M|\n|poke|p2|Ogerpon-Hearthflame, L50, F|\n|poke|p2|Calyrex-Shadow, L50|\n|poke|p2|Rillaboom, L50, F|\n|poke|p2|Incineroar, L50, F|\n|teampreview|4\n|showteam|p1|Koraidon||LifeOrb|OrichalcumPulse|CloseCombat,FlareBlitz,FlameCharge,Protect||||||50|,,,,,Fire]Calyrex-Shadow||FocusSash|AsOneSpectrier|AstralBarrage,ExpandingForce,ShadowBall,Protect||||||50|,,,,,Ghost]Chi-Yu||ChoiceScarf|BeadsofRuin|DarkPulse,Snarl,HeatWave,Overheat||||||50|,,,,,Ghost]Indeedee-F||RockyHelmet|PsychicSurge|Psychic,FollowMe,HelpingHand,TrickRoom|||F|||50|,,,,,Water]Brute Bonnet||CovertCloak|Protosynthesis|SeedBomb,SuckerPunch,RagePowder,Spore||||||50|,,,,,Fairy]Flutter Mane||BoosterEnergy|Protosynthesis|Moonblast,IcyWind,Taunt,Protect||||||50|,,,,,Water\n|showteam|p2|Landorus||ChoiceScarf|SheerForce|EarthPower,SludgeBomb,SandsearStorm,Uturn|||M|||50|,,,,,Poison]Terapagos||LifeOrb|TeraShift|TeraStarstorm,DazzlingGleam,EarthPower,Protect|||M|||50|,,,,,Stellar]Ogerpon-Hearthflame||HearthflameMask|MoldBreaker|FollowMe,SpikyShield,IvyCudgel,StompingTantrum|||F|||50|,,,,,Fire]Calyrex-Shadow||GrassySeed|AsOneSpectrier|GigaDrain,AstralBarrage,Protect,Encore||||||50|,,,,,Grass]Rillaboom||AssaultVest|GrassySurge|FakeOut,WoodHammer,GrassyGlide,Uturn|||F|||50|,,,,,Fire]Incineroar||SafetyGoggles|Intimidate|FakeOut,FlareBlitz,KnockOff,PartingShot|||F|||50|,,,,,Ghost\n|\n|t:|1746152975\n|start\n|switch|p1a: Jockey|Calyrex-Shadow, L50|100/100\n|switch|p1b: Goat|Indeedee-F, L50, F|100/100\n|switch|p2a: Landorus|Landorus, L50, M|100/100\n|switch|p2b: Rillaboom|Rillaboom, L50, F|100/100\n|-ability|p1a: Jockey|As One\n|-ability|p1a: Jockey|Unnerve\n|-fieldstart|move: Grassy Terrain|[from] ability: Grassy Surge|[of] p2b: Rillaboom\n|-fieldstart|move: Psychic Terrain|[from] ability: Psychic Surge|[of] p1b: Goat\n|turn|1\n|\n|t:|1746153013\n|move|p1b: Goat|Follow Me|p1b: Goat\n|-singleturn|p1b: Goat|move: Follow Me\n|move|p2a: Landorus|Sandsear Storm|p1a: Jockey|[spread] p1a,p1b\n|-damage|p1a: Jockey|54/100\n|-damage|p1b: Goat|61/100\n|move|p1a: Jockey|Expanding Force|p2a: Landorus|[spread] p2a,p2b\n|-damage|p2a: Landorus|19/100\n|-damage|p2b: Rillaboom|57/100\n|move|p2b: Rillaboom|U-turn|p1b: Goat\n|-supereffective|p1b: Goat\n|-damage|p1b: Goat|19/100\n|-damage|p2b: Rillaboom|41/100|[from] item: Rocky Helmet|[of] p1b: Goat\n|\n|t:|1746153026\n|switch|p2b: Calyrex|Calyrex-Shadow, L50|100/100|[from] U-turn\n|-ability|p2b: Calyrex|As One\n|-ability|p2b: Calyrex|Unnerve\n|\n|upkeep\n|turn|2\n|\n|t:|1746153044\n|switch|p2a: Rillaboom|Rillaboom, L50, F|41/100\n|-fieldstart|move: Grassy Terrain|[from] ability: Grassy Surge|[of] p2a: Rillaboom\n|-enditem|p2b: Calyrex|Grassy Seed\n|-boost|p2b: Calyrex|def|1|[from] item: Grassy Seed\n|-terastallize|p2b: Calyrex|Grass\n|move|p1a: Jockey|Protect|p1a: Jockey\n|-singleturn|p1a: Jockey|Protect\n|move|p2b: Calyrex|Giga Drain|p1b: Goat\n|-damage|p1b: Goat|0 fnt\n|faint|p1b: Goat\n|-ability|p2b: Calyrex|Grim Neigh|boost\n|-boost|p2b: Calyrex|spa|1\n|\n|-heal|p1a: Jockey|60/100|[from] Grassy Terrain\n|-heal|p2a: Rillaboom|47/100|[from] Grassy Terrain\n|upkeep\n|\n|t:|1746153059\n|switch|p1b: Pufferfish|Chi-Yu, L50|100/100\n|-ability|p1b: Pufferfish|Beads of Ruin\n|turn|3\n|\n|t:|1746153087\n|-terastallize|p1b: Pufferfish|Ghost\n|move|p1b: Pufferfish|Heat Wave|p2a: Rillaboom|[spread] p2a,p2b\n|-supereffective|p2a: Rillaboom\n|-supereffective|p2b: Calyrex\n|-damage|p2a: Rillaboom|0 fnt\n|-damage|p2b: Calyrex|2/100\n|faint|p2a: Rillaboom\n|move|p1a: Jockey|Astral Barrage|p2b: Calyrex\n|-damage|p2b: Calyrex|0 fnt\n|faint|p2b: Calyrex\n|-ability|p1a: Jockey|Grim Neigh|boost\n|-boost|p1a: Jockey|spa|1\n|\n|-heal|p1a: Jockey|66/100|[from] Grassy Terrain\n|upkeep\n|\n|t:|1746153103\n|switch|p2b: Terapagos|Terapagos, L50, M|100/100\n|switch|p2a: Landorus|Landorus, L50, M|19/100\n|-activate|p2b: Terapagos|ability: Tera Shift\n|detailschange|p2b: Terapagos|Terapagos-Terastal, L50, M\n|-heal|p2b: Terapagos|100/100|[silent]\n|turn|4\n|\n|t:|1746153116\n|move|p2a: Landorus|Sandsear Storm|p1a: Jockey|[spread] p1b\n|-miss|p2a: Landorus|p1a: Jockey\n|-damage|p1b: Pufferfish|49/100\n|move|p1b: Pufferfish|Heat Wave|p2b: Terapagos|[spread] p2a,p2b\n|-activate|p2b: Terapagos|ability: Tera Shell\n|-resisted|p2b: Terapagos\n|-damage|p2a: Landorus|0 fnt\n|-damage|p2b: Terapagos|77/100\n|faint|p2a: Landorus\n|move|p1a: Jockey|Astral Barrage|p2b: Terapagos\n|-immune|p2b: Terapagos\n|move|p2b: Terapagos|Dazzling Gleam|p1b: Pufferfish|[spread] p1a,p1b\n|-damage|p1a: Jockey|33/100\n|-damage|p1b: Pufferfish|16/100\n|-damage|p2b: Terapagos|67/100|[from] item: Life Orb\n|\n|-heal|p1b: Pufferfish|22/100|[from] Grassy Terrain\n|-heal|p1a: Jockey|40/100|[from] Grassy Terrain\n|-heal|p2b: Terapagos|73/100|[from] Grassy Terrain\n|upkeep\n|turn|5\n|\n|t:|1746153137\n|move|p1b: Pufferfish|Heat Wave|p2b: Terapagos\n|-damage|p2b: Terapagos|7/100\n|move|p1a: Jockey|Expanding Force|p2b: Terapagos\n|-damage|p2b: Terapagos|0 fnt\n|faint|p2b: Terapagos\n|\n|win|is_katabo\n|raw|is_katabo's rating: 1223 &rarr; <strong>1243</strong><br />(+20 for winning)\n|raw|zzzaap's rating: 1155 &rarr; <strong>1135</strong><br />(-20 for losing)\n", "uploadtime": 1746153144, "views": 3, "formatid": "gen9vgc2025regibo3", "rating": 1135, "private": 0, "password": null}