{"id": "gen9vgc2025regibo3-2353843921", "format": "[Gen 9] VGC 2025 Reg I (Bo3)", "players": ["krypton100", "TheIceRider"], "log": "|j|\u2606krypton100\n|j|\u2606TheIceRider\n|html|<table width=\"100%\"><tr><td align=\"left\">krypton100</td><td align=\"right\">TheIceRider</tr><tr><td align=\"left\"><i class=\"fa fa-circle-o\"></i> <i class=\"fa fa-circle-o\"></i> </td><td align=\"right\"><i class=\"fa fa-circle-o\"></i> <i class=\"fa fa-circle-o\"></i> </tr></table>\n|uhtml|bestof|<h2><strong>Game 1</strong> of <a href=\"/game-bestof3-gen9vgc2025regibo3-2353843920\">a best-of-3</a></h2>\n|t:|1746009155\n|gametype|doubles\n|player|p1|krypton100|169|1055\n|player|p2|TheIceRider|red|1068\n|teamsize|p1|6\n|teamsize|p2|6\n|gen|9\n|tier|[Gen 9] VGC 2025 Reg I (Bo3)\n|rated|\n|rule|Species Clause: Limit one of each Pok\u00e9mon\n|rule|Item Clause: Limit 1 of each item\n|clearpoke\n|poke|p1|Ogerpon-Cornerstone, L50, F|\n|poke|p1|Zacian-*, L50|\n|poke|p1|Kyogre, L50|\n|poke|p1|Amoonguss, L50, M|\n|poke|p1|Urshifu-*, L50, F|\n|poke|p1|Tornadus, L50, M|\n|poke|p2|Kyogre, L50|\n|poke|p2|Tornadus, L50, M|\n|poke|p2|Landorus, L50, M|\n|poke|p2|Torterra, L50, F|\n|poke|p2|Zacian-*, L50|\n|poke|p2|Archaludon, L50, F|\n|teampreview|4\n|showteam|p1|Ogerpon-Cornerstone||CornerstoneMask|Sturdy|IvyCudgel,FollowMe,SpikyShield,HelpingHand|||F|||50|,,,,,Rock]Zacian-Crowned||RustedSword|IntrepidSword|PlayRough,behemothblade,Protect,QuickAttack||||||50|,,,,,Normal]Kyogre||MysticWater|Drizzle|OriginPulse,IceBeam,WaterSpout,Protect||||||50|,,,,,Grass]Amoonguss||RockyHelmet|Regenerator|Spore,RagePowder,PollenPuff,Protect|||M|||50|,,,,,Water]Urshifu-Rapid-Strike||ChoiceScarf|UnseenFist|SurgingStrikes,CloseCombat,Uturn,RainDance|||F|||50|,,,,,Water]Tornadus||CovertCloak|Prankster|BleakwindStorm,Tailwind,Taunt,RainDance|||M|||50|,,,,,Ground\n|showteam|p2|Kyogre||ChoiceSpecs|Drizzle|WaterSpout,OriginPulse,Thunder,IceBeam||||||50|,,,,,Water]Tornadus||FocusSash|Prankster|BleakwindStorm,Tailwind,RainDance,Taunt|||M|||50|,,,,,Ghost]Landorus||LifeOrb|SheerForce|EarthPower,SludgeBomb,Substitute,Protect|||M|||50|,,,,,Poison]Torterra||CovertCloak|ShellArmor|SeedBomb,SwordsDance,WideGuard,Protect|||F|||50|,,,,,Grass]Zacian-Crowned||RustedSword|IntrepidSword|behemothblade,PlayRough,SacredSword,Protect||||||50|,,,,,Stellar]Archaludon||AssaultVest|Stalwart|ElectroShot,FlashCannon,DracoMeteor,DragonPulse|||F|||50|,,,,,Electric\n|\n|t:|1746009216\n|start\n|switch|p1a: Vientin|Tornadus, L50, M|100/100\n|switch|p1b: Pececillo|Kyogre, L50|100/100\n|switch|p2a: Archaludon|Archaludon, L50, F|100/100\n|switch|p2b: Tornadus|Tornadus, L50, M|100/100\n|-weather|RainDance|[from] ability: Drizzle|[of] p1b: Pececillo\n|turn|1\n|\n|t:|1746009267\n|-terastallize|p1b: Pececillo|Grass\n|move|p2b: Tornadus|Tailwind|p2b: Tornadus\n|-sidestart|p2: TheIceRider|move: Tailwind\n|move|p1a: Vientin|Tailwind|p1a: Vientin\n|-sidestart|p1: krypton100|move: Tailwind\n|move|p2a: Archaludon|Electro Shot||[still]\n|-prepare|p2a: Archaludon|Electro Shot\n|-boost|p2a: Archaludon|spa|1\n|-anim|p2a: Archaludon|Electro Shot|p1b: Pececillo\n|-resisted|p1b: Pececillo\n|-damage|p1b: Pececillo|77/100\n|move|p1b: Pececillo|Ice Beam|p2a: Archaludon\n|-damage|p2a: Archaludon|62/100\n|\n|-weather|RainDance|[upkeep]\n|upkeep\n|turn|2\n|\n|t:|1746009317\n|move|p2b: Tornadus|Bleakwind Storm|p1b: Pececillo|[spread] p1a,p1b\n|-supereffective|p1b: Pececillo\n|-damage|p1a: Vientin|50/100\n|-damage|p1b: Pececillo|32/100\n|move|p1a: Vientin|Bleakwind Storm|p2a: Archaludon|[spread] p2a,p2b\n|-resisted|p2a: Archaludon\n|-damage|p2a: Archaludon|43/100\n|-damage|p2b: Tornadus|45/100\n|move|p2a: Archaludon|Electro Shot||[still]\n|-prepare|p2a: Archaludon|Electro Shot\n|-boost|p2a: Archaludon|spa|1\n|-anim|p2a: Archaludon|Electro Shot|p1b: Pececillo\n|-resisted|p1b: Pececillo\n|-damage|p1b: Pececillo|3/100\n|move|p1b: Pececillo|Origin Pulse|p2b: Tornadus|[spread] p2b\n|-miss|p1b: Pececillo|p2a: Archaludon\n|-damage|p2b: Tornadus|0 fnt\n|faint|p2b: Tornadus\n|\n|-weather|RainDance|[upkeep]\n|upkeep\n|\n|t:|1746009336\n|switch|p2b: Zacian|Zacian-Crowned, L50|100/100\n|-ability|p2b: Zacian|Intrepid Sword|boost\n|-boost|p2b: Zacian|atk|1\n|turn|3\n|\n|t:|1746009355\n|move|p1b: Pececillo|Protect|p1b: Pececillo\n|-singleturn|p1b: Pececillo|Protect\n|move|p2b: Zacian|Behemoth Blade|p1b: Pececillo\n|-activate|p1b: Pececillo|move: Protect\n|move|p1a: Vientin|Bleakwind Storm|p2b: Zacian|[spread] p2a,p2b\n|-resisted|p2a: Archaludon\n|-crit|p2a: Archaludon\n|-resisted|p2b: Zacian\n|-damage|p2a: Archaludon|14/100\n|-damage|p2b: Zacian|84/100\n|-unboost|p2a: Archaludon|spe|1\n|move|p2a: Archaludon|Electro Shot||[still]\n|-prepare|p2a: Archaludon|Electro Shot\n|-boost|p2a: Archaludon|spa|1\n|-anim|p2a: Archaludon|Electro Shot|p1a: Vientin\n|-supereffective|p1a: Vientin\n|-damage|p1a: Vientin|0 fnt\n|faint|p1a: Vientin\n|\n|-weather|RainDance|[upkeep]\n|upkeep\n|\n|t:|1746009376\n|switch|p1a: Zacian|Zacian-Crowned, L50|100/100\n|-ability|p1a: Zacian|Intrepid Sword|boost\n|-boost|p1a: Zacian|atk|1\n|turn|4\n|\n|t:|1746009439\n|move|p2b: Zacian|Behemoth Blade|p1b: Pececillo\n|-damage|p1b: Pececillo|0 fnt\n|faint|p1b: Pececillo\n|move|p1a: Zacian|Behemoth Blade|p2b: Zacian\n|-damage|p2b: Zacian|0 fnt\n|faint|p2b: Zacian\n|move|p2a: Archaludon|Flash Cannon|p1a: Zacian\n|-damage|p1a: Zacian|5/100\n|\n|-weather|RainDance|[upkeep]\n|-sideend|p2: TheIceRider|move: Tailwind\n|-sideend|p1: krypton100|move: Tailwind\n|upkeep\n|\n|t:|1746009451\n|switch|p2b: Kyogre|Kyogre, L50|100/100\n|switch|p1b: El setas|Amoonguss, L50, M|100/100\n|turn|5\n|\n|t:|1746009472\n|-terastallize|p2b: Kyogre|Water\n|move|p1a: Zacian|Behemoth Blade|p2b: Kyogre\n|-resisted|p2b: Kyogre\n|-damage|p2b: Kyogre|50/100\n|move|p2b: Kyogre|Origin Pulse|p1b: El setas|[spread] p1a\n|-miss|p2b: Kyogre|p1b: El setas\n|-damage|p1a: Zacian|0 fnt\n|faint|p1a: Zacian\n|move|p2a: Archaludon|Flash Cannon|p1b: El setas\n|-damage|p1b: El setas|6/100\n|move|p1b: El setas|Pollen Puff|p2a: Archaludon\n|-resisted|p2a: Archaludon\n|-damage|p2a: Archaludon|5/100\n|\n|-weather|none\n|upkeep\n|turn|6\n|\n|t:|1746009491\n|move|p2b: Kyogre|Origin Pulse|p1b: El setas\n|-resisted|p1b: El setas\n|-damage|p1b: El setas|0 fnt\n|faint|p1b: El setas\n|\n|win|TheIceRider\n||krypton100 is ready for game 2.\n||TheIceRider is ready for game 2.\n|uhtml|next|Next: <a href=\"/battle-gen9vgc2025regibo3-2353846116\"><strong>Game 2 of 3</strong></a>\n|l|\u2606krypton100\n|player|p1|\n", "uploadtime": 1746009861, "views": 6, "formatid": "gen9vgc2025regibo3", "rating": null, "private": 0, "password": null}