{"id": "gen9vgc2025regibo3-2354468520", "format": "[Gen 9] VGC 2025 Reg I (Bo3)", "players": ["Catnip Enthusiast", "sergio23perez"], "log": "|j|\u2606Catnip Enthusiast\n|j|\u2606sergio23perez\n|html|<table width=\"100%\"><tr><td align=\"left\">Catnip Enthusiast</td><td align=\"right\">sergio23perez</tr><tr><td align=\"left\"><i class=\"fa fa-circle-o\"></i> <i class=\"fa fa-circle-o\"></i> </td><td align=\"right\"><i class=\"fa fa-circle-o\"></i> <i class=\"fa fa-circle\"></i> </tr></table>\n|uhtml|bestof|<h2><strong>Game 2</strong> of <a href=\"/game-bestof3-gen9vgc2025regibo3-2354467237\">a best-of-3</a></h2>\n|t:|1746076437\n|gametype|doubles\n|player|p1|Catnip Enthusiast|bianca|1270\n|player|p2|sergio23perez|2|1282\n|teamsize|p1|6\n|teamsize|p2|6\n|gen|9\n|tier|[Gen 9] VGC 2025 Reg I (Bo3)\n|rated|\n|rule|Species Clause: Limit one of each Pok\u00e9mon\n|rule|Item Clause: Limit 1 of each item\n|clearpoke\n|poke|p1|Terapagos, L50, M|\n|poke|p1|Rillaboom, L50, F|\n|poke|p1|Koraidon, L50|\n|poke|p1|Volcarona, L50, M|\n|poke|p1|Grimmsnarl, L50, M|\n|poke|p1|Regieleki, L50|\n|poke|p2|Miraidon, L50|\n|poke|p2|Ho-Oh, L50|\n|poke|p2|Urshifu-*, L50, F|\n|poke|p2|Iron Hands, L50|\n|poke|p2|Iron Treads, L50|\n|poke|p2|Farigiraf, L50, M|\n|teampreview|4\n|showteam|p1|Terapagos||Leftovers|TeraShift|TeraStarstorm,CalmMind,EarthPower,Protect|||M|||50|,,,,,Stellar]Rillaboom||AssaultVest|GrassySurge|WoodHammer,GrassyGlide,Uturn,FakeOut|||F|||50|,,,,,Fire]Koraidon||LifeOrb|OrichalcumPulse|CollisionCourse,FlareBlitz,FlameCharge,Protect||||||50|,,,,,Fire]Volcarona||RockyHelmet|FlameBody|Flamethrower,RagePowder,Protect,WillOWisp|||M|||50|,,,,,Water]Grimmsnarl||CovertCloak|Prankster|SpiritBreak,FakeOut,Reflect,ScaryFace|||M|||50|,,,,,Ghost]Regieleki||FocusSash|Transistor|Electroweb,VoltSwitch,Thunderbolt,Protect||||||50|,,,,,Ghost\n|showteam|p2|Miraidon||ChoiceSpecs|HadronEngine|DazzlingGleam,ElectroDrift,DracoMeteor,VoltSwitch||||||50|,,,,,Fairy]Ho-Oh||ClearAmulet|Regenerator|Tailwind,Protect,SacredFire,BraveBird||||||50|,,,,,Grass]Urshifu-Rapid-Strike||ChoiceScarf|UnseenFist|AquaJet,CloseCombat,Uturn,SurgingStrikes|||F|||50|,,,,,Water]Iron Hands||AssaultVest|QuarkDrive|WildCharge,LowKick,HeavySlam,FakeOut||||||50|,,,,,Poison]Iron Treads||ChoiceBand|QuarkDrive|HighHorsepower,IronHead,SteelRoller,RockSlide||||||50|,,,,,Ghost]Farigiraf||ElectricSeed|ArmorTail|Psychic,Roar,TrickRoom,HelpingHand|||M|||50|,,,,,Water\n|inactive|Battle timer is ON: inactive players will automatically lose when time's up. (requested by sergio23perez)\n|inactive|Catnip Enthusiast has 60 seconds left.\n|\n|t:|1746076478\n|start\n|switch|p1a: Mr. Unlimited|Terapagos, L50, M|100/100\n|switch|p1b: Regieleki|Regieleki, L50|100/100\n|switch|p2a: Ho-Oh|Ho-Oh, L50|100/100\n|switch|p2b: mythicdreamr|Farigiraf, L50, M, shiny|100/100\n|-activate|p1a: Mr. Unlimited|ability: Tera Shift\n|detailschange|p1a: Mr. Unlimited|Terapagos-Terastal, L50, M\n|-heal|p1a: Mr. Unlimited|100/100|[silent]\n|turn|1\n|\n|t:|1746076493\n|move|p1b: Regieleki|Thunderbolt|p2a: Ho-Oh\n|-supereffective|p2a: Ho-Oh\n|-damage|p2a: Ho-Oh|44/100\n|move|p1a: Mr. Unlimited|Tera Starstorm|p2b: mythicdreamr\n|-damage|p2b: mythicdreamr|46/100\n|move|p2a: Ho-Oh|Sacred Fire|p1b: Regieleki\n|-enditem|p1b: Regieleki|Focus Sash\n|-damage|p1b: Regieleki|1/100\n|-status|p1b: Regieleki|brn\n|move|p2b: mythicdreamr|Roar|p1a: Mr. Unlimited\n|drag|p1a: Kate|Volcarona, L50, M|100/100\n|\n|-damage|p1b: Regieleki|0 fnt|[from] brn\n|faint|p1b: Regieleki\n|upkeep\n|\n|t:|1746076503\n|switch|p1b: Mr. Unlimited|Terapagos-Terastal, L50, M|100/100\n|turn|2\n|\n|t:|1746076521\n|move|p1a: Kate|Protect|p1a: Kate\n|-singleturn|p1a: Kate|Protect\n|move|p1b: Mr. Unlimited|Calm Mind|p1b: Mr. Unlimited\n|-boost|p1b: Mr. Unlimited|spa|1\n|-boost|p1b: Mr. Unlimited|spd|1\n|move|p2a: Ho-Oh|Brave Bird|p1a: Kate\n|-activate|p1a: Kate|move: Protect\n|move|p2b: mythicdreamr|Roar|p1b: Mr. Unlimited\n|drag|p1b: Never Zero|Rillaboom, L50, F|100/100\n|-fieldstart|move: Grassy Terrain|[from] ability: Grassy Surge|[of] p1b: Never Zero\n|\n|-heal|p2b: mythicdreamr|53/100|[from] Grassy Terrain\n|upkeep\n|turn|3\n|\n|t:|1746076541\n|switch|p1a: Mr. Unlimited|Terapagos-Terastal, L50, M|100/100\n|move|p1b: Never Zero|Fake Out||[still]\n|cant|p2b: mythicdreamr|ability: Armor Tail|Fake Out|[of] p1b: Never Zero\n|move|p2a: Ho-Oh|Brave Bird|p1b: Never Zero\n|-supereffective|p1b: Never Zero\n|-damage|p1b: Never Zero|0 fnt\n|faint|p1b: Never Zero\n|-damage|p2a: Ho-Oh|14/100|[from] Recoil\n|move|p2b: mythicdreamr|Psychic|p1a: Mr. Unlimited\n|-activate|p1a: Mr. Unlimited|ability: Tera Shell\n|-resisted|p1a: Mr. Unlimited\n|-damage|p1a: Mr. Unlimited|87/100\n|\n|-heal|p1a: Mr. Unlimited|93/100|[from] Grassy Terrain\n|-heal|p1a: Mr. Unlimited|99/100|[from] item: Leftovers\n|-heal|p2b: mythicdreamr|59/100|[from] Grassy Terrain\n|upkeep\n|\n|t:|1746076547\n|switch|p1b: Kate|Volcarona, L50, M|100/100\n|turn|4\n|\n|t:|1746076558\n|move|p1b: Kate|Protect|p1b: Kate\n|-singleturn|p1b: Kate|Protect\n|move|p1a: Mr. Unlimited|Tera Starstorm|p2a: Ho-Oh\n|-damage|p2a: Ho-Oh|0 fnt\n|faint|p2a: Ho-Oh\n|move|p2b: mythicdreamr|Psychic|p1a: Mr. Unlimited\n|-damage|p1a: Mr. Unlimited|71/100\n|\n|-heal|p1a: Mr. Unlimited|77/100|[from] Grassy Terrain\n|-heal|p1a: Mr. Unlimited|83/100|[from] item: Leftovers\n|-heal|p2b: mythicdreamr|65/100|[from] Grassy Terrain\n|upkeep\n|\n|t:|1746076566\n|switch|p2a: Miraidon|Miraidon, L50|100/100\n|-fieldstart|move: Electric Terrain|[from] ability: Hadron Engine|[of] p2a: Miraidon\n|-enditem|p2b: mythicdreamr|Electric Seed\n|-boost|p2b: mythicdreamr|def|1|[from] item: Electric Seed\n|turn|5\n|\n|t:|1746076574\n|switch|p2b: partypirate|Iron Hands, L50|100/100\n|-activate|p2b: partypirate|ability: Quark Drive\n|-start|p2b: partypirate|quarkdriveatk\n|-terastallize|p1a: Mr. Unlimited|Stellar\n|detailschange|p1a: Mr. Unlimited|Terapagos-Stellar, L50, M, tera:Stellar\n|-heal|p1a: Mr. Unlimited|87/100|[silent]\n|-ability|p1a: Mr. Unlimited|Teraform Zero\n|-fieldend|move: Electric Terrain\n|-end|p2b: partypirate|Quark Drive\n|move|p2a: Miraidon|Electro Drift|p1b: Kate\n|-damage|p1b: Kate|19/100\n|-damage|p2a: Miraidon|84/100|[from] item: Rocky Helmet|[of] p1b: Kate\n|-status|p2a: Miraidon|brn|[from] ability: Flame Body|[of] p1b: Kate\n|move|p1b: Kate|Flamethrower|p2a: Miraidon\n|-resisted|p2a: Miraidon\n|-damage|p2a: Miraidon|65/100 brn\n|move|p1a: Mr. Unlimited|Tera Starstorm|p2b: partypirate|[spread] p2a,p2b\n|-damage|p2a: Miraidon|29/100 brn\n|-damage|p2b: partypirate|83/100\n|\n|-heal|p1a: Mr. Unlimited|94/100|[from] item: Leftovers\n|-damage|p2a: Miraidon|23/100 brn|[from] brn\n|upkeep\n|turn|6\n|\n|t:|1746076594\n|move|p2b: partypirate|Fake Out|p1a: Mr. Unlimited\n|-damage|p1a: Mr. Unlimited|84/100\n|move|p1b: Kate|Rage Powder|p1b: Kate\n|-singleturn|p1b: Kate|move: Rage Powder\n|move|p2a: Miraidon|Electro Drift|p1b: Kate\n|-damage|p1b: Kate|0 fnt\n|-damage|p2a: Miraidon|6/100 brn|[from] item: Rocky Helmet|[of] p1b: Kate\n|faint|p1b: Kate\n|cant|p1a: Mr. Unlimited|flinch\n|\n|-heal|p1a: Mr. Unlimited|90/100|[from] item: Leftovers\n|-damage|p2a: Miraidon|0 fnt|[from] brn\n|faint|p2a: Miraidon\n|upkeep\n|\n|t:|1746076602\n|switch|p2a: mythicdreamr|Farigiraf, L50, M, shiny|65/100\n|turn|7\n|\n|t:|1746076613\n|move|p2a: mythicdreamr|Helping Hand|p2b: partypirate\n|-singleturn|p2b: partypirate|Helping Hand|[of] p2a: mythicdreamr\n|move|p1a: Mr. Unlimited|Calm Mind|p1a: Mr. Unlimited\n|-boost|p1a: Mr. Unlimited|spa|1\n|-boost|p1a: Mr. Unlimited|spd|1\n|move|p2b: partypirate|Low Kick|p1a: Mr. Unlimited\n|-supereffective|p1a: Mr. Unlimited\n|-damage|p1a: Mr. Unlimited|0 fnt\n|faint|p1a: Mr. Unlimited\n|\n|win|sergio23perez\n|raw|Catnip Enthusiast's rating: 1270 &rarr; <strong>1246</strong><br />(-24 for losing)\n|raw|sergio23perez's rating: 1282 &rarr; <strong>1306</strong><br />(+24 for winning)\n|l|\u2606Catnip Enthusiast\n|player|p1|\n|l|\u2606sergio23perez\n|player|p2|\n", "uploadtime": 1746076893, "views": 7, "formatid": "gen9vgc2025regibo3", "rating": 1246, "private": 0, "password": null}