{"id": "gen9vgc2025regibo3-2355071995", "format": "[Gen 9] VGC 2025 Reg I (Bo3)", "players": ["Super\u2665Lucy", "Jakz"], "log": "|j|\u2606Super\u2665Lucy\n|j|\u2606Jakz\n|html|<table width=\"100%\"><tr><td align=\"left\">Super\u2665Lucy</td><td align=\"right\">Jakz</tr><tr><td align=\"left\"><i class=\"fa fa-circle-o\"></i> <i class=\"fa fa-circle-o\"></i> </td><td align=\"right\"><i class=\"fa fa-circle-o\"></i> <i class=\"fa fa-circle\"></i> </tr></table>\n|uhtml|bestof|<h2><strong>Game 2</strong> of <a href=\"/game-bestof3-gen9vgc2025regibo3-2355067630\">a best-of-3</a></h2>\n|t:|1746148976\n|gametype|doubles\n|player|p1|Super\u2665Lucy|2|\n|player|p2|Jakz|skier|\n|teamsize|p1|6\n|teamsize|p2|6\n|gen|9\n|tier|[Gen 9] VGC 2025 Reg I (Bo3)\n|rule|Species Clause: Limit one of each Pok\u00e9mon\n|rule|Item Clause: Limit 1 of each item\n|clearpoke\n|poke|p1|Koraidon, L50|\n|poke|p1|Calyrex-Shadow, L50|\n|poke|p1|Weezing-Galar, L50, F|\n|poke|p1|Shiftry, L50, M|\n|poke|p1|Incineroar, L50, M|\n|poke|p1|Raging Bolt, L50|\n|poke|p2|Zamazenta-*, L50|\n|poke|p2|Kyogre, L50|\n|poke|p2|Amoonguss, L50, F|\n|poke|p2|Chien-Pao, L50|\n|poke|p2|Urshifu-*, L50, F|\n|poke|p2|Tornadus, L50, M|\n|teampreview|4\n|showteam|p1|Koraidon||AbilityShield|OrichalcumPulse|FlameCharge,FlareBlitz,CollisionCourse,Protect||||||50|,,,,,Fire]Calyrex-Shadow||LifeOrb|AsOneSpectrier|AstralBarrage,Hex,PollenPuff,Protect||||||50|,,,,,Dark]Weezing-Galar||MentalHerb|NeutralizingGas|StrangeSteam,WillOWisp,PoisonGas,Protect|||F|||50|,,,,,Water]Shiftry||FocusSash|Chlorophyll|Tailwind,FakeOut,KnockOff,Endeavor|||M|||50|,,,,,Ghost]Incineroar||RockyHelmet|Intimidate|Taunt,KnockOff,PartingShot,FakeOut|||M|||50|,,,,,Bug]Raging Bolt||AssaultVest|Protosynthesis|DracoMeteor,Thunderbolt,Thunderclap,Snarl||||||50|,,,,,Electric\n|showteam|p2|Zamazenta-Crowned||RustedShield|DauntlessShield|BodyPress,behemothbash,WideGuard,Protect||||||50|,,,,,Dragon]Kyogre||MysticWater|Drizzle|WaterSpout,OriginPulse,IceBeam,Protect||||||50|,,,,,Grass]Amoonguss||RockyHelmet|Regenerator|Spore,RagePowder,PollenPuff,Protect|||F|||50|,,,,,Water]Chien-Pao||FocusSash|SwordofRuin|IceSpinner,SuckerPunch,ThroatChop,Protect||||||50|,,,,,Ghost]Urshifu-Rapid-Strike||ChoiceScarf|UnseenFist|SurgingStrikes,CloseCombat,Uturn,Coaching|||F|||50|,,,,,Ghost]Tornadus||CovertCloak|Prankster|BleakwindStorm,Tailwind,Taunt,RainDance|||M|||50|,,,,,Steel\n|j| byebyebirdie1\n|\n|t:|1746149053\n|start\n|switch|p1a: Incineroar|Incineroar, L50, M|100/100\n|switch|p1b: Weezing|Weezing-Galar, L50, F|100/100\n|switch|p2a: Tornadus|Tornadus, L50, M|100/100\n|switch|p2b: Amoonguss|Amoonguss, L50, F|100/100\n|-ability|p1b: Weezing|Neutralizing Gas\n|turn|1\n|\n|t:|1746149081\n|-end|p1b: Weezing|ability: Neutralizing Gas\n|-ability|p1a: Incineroar|Intimidate|boost\n|-unboost|p2a: Tornadus|atk|1\n|-unboost|p2b: Amoonguss|atk|1\n|switch|p1b: Calyrex|Calyrex-Shadow, L50|100/100\n|-ability|p1b: Calyrex|As One\n|-ability|p1b: Calyrex|Unnerve\n|move|p2a: Tornadus|Taunt|p1b: Calyrex\n|-start|p1b: Calyrex|move: Taunt\n|move|p1a: Incineroar|Taunt|p2b: Amoonguss\n|-start|p2b: Amoonguss|move: Taunt\n|cant|p2b: Amoonguss|move: Taunt|Spore\n|\n|upkeep\n|turn|2\n|\n|t:|1746149153\n|move|p2a: Tornadus|Tailwind|p2a: Tornadus\n|-sidestart|p2: Jakz|move: Tailwind\n|move|p1b: Calyrex|Astral Barrage|p2b: Amoonguss|[spread] p2a,p2b\n|-damage|p2a: Tornadus|20/100\n|-damage|p2b: Amoonguss|37/100\n|-damage|p1b: Calyrex|91/100|[from] item: Life Orb\n|move|p1a: Incineroar|Parting Shot|p2b: Amoonguss\n|-unboost|p2b: Amoonguss|atk|1\n|-unboost|p2b: Amoonguss|spa|1\n|\n|t:|1746149166\n|switch|p1a: Weezing|Weezing-Galar, L50, F|100/100|[from] Parting Shot\n|-ability|p1a: Weezing|Neutralizing Gas\n|move|p2b: Amoonguss|Pollen Puff|p1b: Calyrex\n|-damage|p1b: Calyrex|78/100\n|\n|upkeep\n|turn|3\n|\n|t:|1746149225\n|switch|p2b: Kyogre|Kyogre, L50|100/100\n|move|p1a: Weezing|Protect|p1a: Weezing\n|-singleturn|p1a: Weezing|Protect\n|move|p2a: Tornadus|Bleakwind Storm|p1a: Weezing|[spread] p1b\n|-activate|p1a: Weezing|move: Protect\n|-damage|p1b: Calyrex|48/100\n|move|p1b: Calyrex|Astral Barrage|p2b: Kyogre|[spread] p2a,p2b\n|-crit|p2a: Tornadus\n|-damage|p2a: Tornadus|0 fnt\n|-damage|p2b: Kyogre|52/100\n|faint|p2a: Tornadus\n|-ability|p1b: Calyrex|Grim Neigh|boost\n|-boost|p1b: Calyrex|spa|1\n|-damage|p1b: Calyrex|38/100|[from] item: Life Orb\n|\n|-end|p1b: Calyrex|move: Taunt\n|upkeep\n|\n|t:|1746149245\n|switch|p2a: Zamazenta|Zamazenta-Crowned, L50|100/100\n|turn|4\n|\n|t:|1746149266\n|switch|p1b: Koraidon|Koraidon, L50|100/100\n|-weather|SunnyDay|[from] ability: Orichalcum Pulse|[of] p1b: Koraidon\n|-activate|p1b: Koraidon|Orichalcum Pulse|[source]\n|-terastallize|p1a: Weezing|Water\n|move|p2a: Zamazenta|Behemoth Bash|p1a: Weezing\n|-resisted|p1a: Weezing\n|-damage|p1a: Weezing|84/100\n|move|p2b: Kyogre|Ice Beam|p1b: Koraidon\n|-supereffective|p1b: Koraidon\n|-damage|p1b: Koraidon|26/100\n|move|p1a: Weezing|Poison Gas|p2b: Kyogre|[spread] p2a,p2b\n|-immune|p2a: Zamazenta\n|-status|p2b: Kyogre|psn\n|\n|-weather|SunnyDay|[upkeep]\n|-damage|p2b: Kyogre|40/100 psn|[from] psn\n|upkeep\n|turn|5\n|\n|t:|1746149293\n|-terastallize|p2a: Zamazenta|Dragon\n|move|p1b: Koraidon|Protect|p1b: Koraidon\n|-singleturn|p1b: Koraidon|Protect\n|move|p2a: Zamazenta|Body Press|p1a: Weezing\n|-damage|p1a: Weezing|45/100\n|move|p2b: Kyogre|Ice Beam|p1b: Koraidon\n|-activate|p1b: Koraidon|move: Protect\n|move|p1a: Weezing|Will-O-Wisp|p2a: Zamazenta\n|-status|p2a: Zamazenta|brn\n|\n|-weather|SunnyDay|[upkeep]\n|-damage|p2b: Kyogre|28/100 psn|[from] psn\n|-damage|p2a: Zamazenta|95/100 brn|[from] brn\n|-sideend|p2: Jakz|move: Tailwind\n|upkeep\n|turn|6\n|\n|t:|1746149311\n|move|p1b: Koraidon|Flare Blitz|p2b: Kyogre\n|-resisted|p2b: Kyogre\n|-damage|p2b: Kyogre|0 fnt\n|faint|p2b: Kyogre\n|-damage|p1b: Koraidon|16/100|[from] Recoil\n|move|p2a: Zamazenta|Body Press|p1b: Koraidon\n|-damage|p1b: Koraidon|0 fnt\n|faint|p1b: Koraidon\n|move|p1a: Weezing|Strange Steam|p2a: Zamazenta\n|-supereffective|p2a: Zamazenta\n|-damage|p2a: Zamazenta|51/100 brn\n|\n|-weather|SunnyDay|[upkeep]\n|-damage|p2a: Zamazenta|45/100 brn|[from] brn\n|upkeep\n|\n|t:|1746149328\n|switch|p1b: Calyrex|Calyrex-Shadow, L50|38/100\n|switch|p2b: Amoonguss|Amoonguss, L50, F|37/100\n|-ability|p1b: Calyrex|As One\n|-ability|p1b: Calyrex|Unnerve\n|turn|7\n|\n|t:|1746149337\n|move|p2a: Zamazenta|Protect|p2a: Zamazenta\n|-singleturn|p2a: Zamazenta|Protect\n|move|p1b: Calyrex|Hex|p2b: Amoonguss\n|-damage|p2b: Amoonguss|0 fnt\n|faint|p2b: Amoonguss\n|-ability|p1b: Calyrex|Grim Neigh|boost\n|-boost|p1b: Calyrex|spa|1\n|-damage|p1b: Calyrex|29/100|[from] item: Life Orb\n|move|p1a: Weezing|Strange Steam|p2a: Zamazenta\n|-activate|p2a: Zamazenta|move: Protect\n|\n|-weather|SunnyDay|[upkeep]\n|-damage|p2a: Zamazenta|39/100 brn|[from] brn\n|upkeep\n|turn|8\n|\n|t:|1746149352\n|move|p1b: Calyrex|Hex|p2a: Zamazenta\n|-damage|p2a: Zamazenta|0 fnt\n|faint|p2a: Zamazenta\n|-damage|p1b: Calyrex|19/100|[from] item: Life Orb\n|\n|win|Super\u2665Lucy\n|inactive|Super\u2665Lucy has 30 seconds to confirm battle start!\n|inactive|Jakz has 30 seconds to confirm battle start!\n||Super\u2665Lucy is ready for game 3.\n|inactive|Jakz has 20 seconds to confirm battle start!\n||Jakz is ready for game 3.\n|uhtml|next|Next: <a href=\"/battle-gen9vgc2025regibo3-2355075243\"><strong>Game 3 of 3</strong></a>\n", "uploadtime": 1746149357, "views": 3, "formatid": "gen9vgc2025regibo3", "rating": null, "private": 0, "password": null}