{"id": "gen9vgc2025regibo3-2354376919", "format": "[Gen 9] VGC 2025 Reg I (Bo3)", "players": ["StrayCat97", "ieatsteakwelldone"], "log": "|j|\u2606StrayCat97\n|j|\u2606ieatsteakwelldone\n|html|<table width=\"100%\"><tr><td align=\"left\">StrayCat97</td><td align=\"right\">ieatsteakwelldone</tr><tr><td align=\"left\"><i class=\"fa fa-circle-o\"></i> <i class=\"fa fa-circle-o\"></i> </td><td align=\"right\"><i class=\"fa fa-circle-o\"></i> <i class=\"fa fa-circle\"></i> </tr></table>\n|uhtml|bestof|<h2><strong>Game 2</strong> of <a href=\"/game-bestof3-gen9vgc2025regibo3-2354375320\">a best-of-3</a></h2>\n|t:|1746063826\n|gametype|doubles\n|player|p1|StrayCat97|blackbelt-gen4dp|1093\n|player|p2|ieatsteakwelldone|2|1144\n|teamsize|p1|6\n|teamsize|p2|6\n|gen|9\n|tier|[Gen 9] VGC 2025 Reg I (Bo3)\n|rated|\n|rule|Species Clause: Limit one of each Pok\u00e9mon\n|rule|Item Clause: Limit 1 of each item\n|clearpoke\n|poke|p1|Groudon, L50|\n|poke|p1|Lunala, L50|\n|poke|p1|Indeedee-F, L50, F|\n|poke|p1|Slither Wing, L50|\n|poke|p1|Talonflame, L50, F|\n|poke|p1|Chandelure, L50, F|\n|poke|p2|Miraidon, L50|\n|poke|p2|Chien-Pao, L50|\n|poke|p2|Farigiraf, L50, M|\n|poke|p2|Zamazenta-*, L50|\n|poke|p2|Iron Hands, L50|\n|poke|p2|Entei, L50|\n|teampreview|4\n|showteam|p1|Groudon||ClearAmulet|Drought|PrecipiceBlades,HeatCrash,Protect,SwordsDance||||||50|,,,,,Fire]Lunala||PowerHerb|ShadowShield|ExpandingForce,WideGuard,MeteorBeam,MoongeistBeam||||||50|,,,,,Dark]Indeedee-F||RockyHelmet|PsychicSurge|TrickRoom,FollowMe,HelpingHand,Psychic|||F|||50|,,,,,Water]Slither Wing||FocusSash|Protosynthesis|CloseCombat,FirstImpression,Uturn,FlareBlitz||||||50|,,,,,Steel]Talonflame||CovertCloak|GaleWings|Tailwind,FlareBlitz,Taunt,WillOWisp|||F|||50|,,,,,Ghost]Chandelure||LifeOrb|FlashFire|HeatWave,ShadowBall,Protect,Haze|||F|||50|,,,,,Grass\n|showteam|p2|Miraidon||ChoiceScarf|HadronEngine|ElectroDrift,Discharge,DracoMeteor,VoltSwitch||||||50|,,,,,Electric]Chien-Pao||FocusSash|SwordofRuin|Protect,IcicleCrash,SuckerPunch,ThroatChop||||||50|,,,,,Ghost]Farigiraf||ElectricSeed|ArmorTail|Psychic,FoulPlay,TrickRoom,HelpingHand|||M|||50|,,,,,Water]Zamazenta-Crowned||RustedShield|DauntlessShield|BodyPress,behemothbash,WideGuard,Protect||||||50|,,,,,Dragon]Iron Hands||AssaultVest|QuarkDrive|FakeOut,DrainPunch,WildCharge,LowKick||||||50|,,,,,Grass]Entei||LifeOrb|InnerFocus|SacredFire,ExtremeSpeed,StoneEdge,Protect||||||50|,,,,,Normal\n|\n|t:|1746063875\n|start\n|switch|p1a: Indeedee|Indeedee-F, L50, F|100/100\n|switch|p1b: Groudon|Groudon, L50, shiny|100/100\n|switch|p2a: Miraidon|Miraidon, L50|100/100\n|switch|p2b: Chien-Pao|Chien-Pao, L50|100/100\n|-fieldstart|move: Electric Terrain|[from] ability: Hadron Engine|[of] p2a: Miraidon\n|-ability|p2b: Chien-Pao|Sword of Ruin\n|-weather|SunnyDay|[from] ability: Drought|[of] p1b: Groudon\n|-fieldstart|move: Psychic Terrain|[from] ability: Psychic Surge|[of] p1a: Indeedee\n|turn|1\n|\n|t:|1746063906\n|move|p2a: Miraidon|Volt Switch|p1a: Indeedee\n|-damage|p1a: Indeedee|63/100\n|\n|t:|1746063926\n|switch|p2a: Zamazenta|Zamazenta-Crowned, L50|100/100|[from] Volt Switch\n|-ability|p2a: Zamazenta|Dauntless Shield|boost\n|-boost|p2a: Zamazenta|def|1\n|move|p2b: Chien-Pao|Icicle Crash|p1b: Groudon|[miss]\n|-miss|p2b: Chien-Pao|p1b: Groudon\n|move|p1b: Groudon|Precipice Blades|p2a: Zamazenta|[spread] p2a,p2b\n|-supereffective|p2a: Zamazenta\n|-damage|p2a: Zamazenta|43/100\n|-damage|p2b: Chien-Pao|33/100\n|move|p1a: Indeedee|Trick Room|p1a: Indeedee\n|-fieldstart|move: Trick Room|[of] p1a: Indeedee\n|\n|-weather|SunnyDay|[upkeep]\n|upkeep\n|turn|2\n|\n|t:|1746063952\n|move|p1a: Indeedee|Follow Me|p1a: Indeedee\n|-singleturn|p1a: Indeedee|move: Follow Me\n|move|p1b: Groudon|Heat Crash|p2b: Chien-Pao\n|-supereffective|p2b: Chien-Pao\n|-damage|p2b: Chien-Pao|0 fnt\n|faint|p2b: Chien-Pao\n|move|p2a: Zamazenta|Body Press|p1a: Indeedee\n|-damage|p1a: Indeedee|0 fnt\n|-damage|p2a: Zamazenta|27/100|[from] item: Rocky Helmet|[of] p1a: Indeedee\n|faint|p1a: Indeedee\n|\n|-weather|SunnyDay|[upkeep]\n|upkeep\n|\n|t:|1746063979\n|switch|p1a: Lunala|Lunala, L50|100/100\n|switch|p2b: Iron Hands|Iron Hands, L50|100/100\n|turn|3\n|\n|t:|1746064002\n|move|p2a: Zamazenta|Wide Guard|p2a: Zamazenta\n|-singleturn|p2a: Zamazenta|Wide Guard\n|move|p2b: Iron Hands|Low Kick|p1b: Groudon\n|-damage|p1b: Groudon|53/100\n|move|p1b: Groudon|Precipice Blades|p2a: Zamazenta|[spread] \n|-activate|p2a: Zamazenta|move: Wide Guard\n|-activate|p2b: Iron Hands|move: Wide Guard\n|move|p1a: Lunala|Meteor Beam||[still]\n|-prepare|p1a: Lunala|Meteor Beam\n|-boost|p1a: Lunala|spa|1\n|-enditem|p1a: Lunala|Power Herb\n|-anim|p1a: Lunala|Meteor Beam|p2a: Zamazenta\n|-resisted|p2a: Zamazenta\n|-damage|p2a: Zamazenta|14/100\n|\n|-weather|SunnyDay|[upkeep]\n|upkeep\n|turn|4\n|\n|t:|1746064020\n|move|p1b: Groudon|Protect|p1b: Groudon\n|-singleturn|p1b: Groudon|Protect\n|move|p2a: Zamazenta|Wide Guard|p2a: Zamazenta\n|-singleturn|p2a: Zamazenta|Wide Guard\n|move|p2b: Iron Hands|Low Kick|p1b: Groudon\n|-activate|p1b: Groudon|move: Protect\n|move|p1a: Lunala|Moongeist Beam|p2a: Zamazenta\n|-damage|p2a: Zamazenta|0 fnt\n|faint|p2a: Zamazenta\n|\n|-weather|SunnyDay|[upkeep]\n|upkeep\n|\n|t:|1746064022\n|switch|p2a: Miraidon|Miraidon, L50|100/100\n|-fieldstart|move: Electric Terrain|[from] ability: Hadron Engine|[of] p2a: Miraidon\n|-activate|p2b: Iron Hands|ability: Quark Drive\n|-start|p2b: Iron Hands|quarkdriveatk\n|turn|5\n|\n|t:|1746064049\n|-terastallize|p2a: Miraidon|Electric\n|move|p2b: Iron Hands|Low Kick|p1b: Groudon\n|-damage|p1b: Groudon|0 fnt\n|faint|p1b: Groudon\n|move|p1a: Lunala|Moongeist Beam|p2a: Miraidon\n|-damage|p2a: Miraidon|17/100\n|move|p2a: Miraidon|Electro Drift|p1a: Lunala\n|-damage|p1a: Lunala|56/100\n|\n|-weather|none\n|-fieldend|move: Trick Room\n|upkeep\n|\n|t:|1746064054\n|switch|p1b: Chandelure|Chandelure, L50, F|100/100\n|turn|6\n|\n|t:|1746064069\n|-terastallize|p1b: Chandelure|Grass\n|move|p2a: Miraidon|Electro Drift|p1a: Lunala\n|-damage|p1a: Lunala|0 fnt\n|faint|p1a: Lunala\n|move|p1b: Chandelure|Heat Wave|p2a: Miraidon|[spread] p2a\n|-miss|p1b: Chandelure|p2b: Iron Hands\n|-damage|p2a: Miraidon|0 fnt\n|faint|p2a: Miraidon\n|-damage|p1b: Chandelure|91/100|[from] item: Life Orb\n|move|p2b: Iron Hands|Wild Charge|p1b: Chandelure\n|-resisted|p1b: Chandelure\n|-damage|p1b: Chandelure|38/100\n|-damage|p2b: Iron Hands|93/100|[from] Recoil\n|\n|upkeep\n|turn|7\n|\n|t:|1746064078\n|move|p1b: Chandelure|Heat Wave|p2b: Iron Hands\n|-damage|p2b: Iron Hands|52/100\n|-damage|p1b: Chandelure|29/100|[from] item: Life Orb\n|move|p2b: Iron Hands|Drain Punch|p1b: Chandelure\n|-damage|p1b: Chandelure|0 fnt\n|-heal|p2b: Iron Hands|60/100|[from] drain|[of] p1b: Chandelure\n|faint|p1b: Chandelure\n|\n|win|ieatsteakwelldone\n|raw|StrayCat97's rating: 1093 &rarr; <strong>1073</strong><br />(-20 for losing)\n|raw|ieatsteakwelldone's rating: 1144 &rarr; <strong>1165</strong><br />(+21 for winning)\n|l|\u2606StrayCat97\n|player|p1|\n", "uploadtime": 1746064084, "views": 7, "formatid": "gen9vgc2025regibo3", "rating": 1073, "private": 0, "password": null}