{"id": "gen9vgc2025regibo3-2353893989", "format": "[Gen 9] VGC 2025 Reg I (Bo3)", "players": ["WithoutHands", "tornadoboy1234"], "log": "|j|\u2606WithoutHands\n|j|\u2606tornadoboy1234\n|html|<table width=\"100%\"><tr><td align=\"left\">WithoutHands</td><td align=\"right\">tornadoboy1234</tr><tr><td align=\"left\"><i class=\"fa fa-circle-o\"></i> <i class=\"fa fa-circle-o\"></i> </td><td align=\"right\"><i class=\"fa fa-circle-o\"></i> <i class=\"fa fa-circle\"></i> </tr></table>\n|uhtml|bestof|<h2><strong>Game 2</strong> of <a href=\"/game-bestof3-gen9vgc2025regibo3-2353890791\">a best-of-3</a></h2>\n|t:|1746015960\n|gametype|doubles\n|player|p1|WithoutHands|1|1406\n|player|p2|tornadoboy1234|sabrina|1334\n|teamsize|p1|6\n|teamsize|p2|6\n|gen|9\n|tier|[Gen 9] VGC 2025 Reg I (Bo3)\n|rated|\n|rule|Species Clause: Limit one of each Pok\u00e9mon\n|rule|Item Clause: Limit 1 of each item\n|clearpoke\n|poke|p1|Calyrex-Shadow, L50|\n|poke|p1|Zamazenta-*, L50|\n|poke|p1|Amoonguss, L50, F|\n|poke|p1|Chien-Pao, L50|\n|poke|p1|Urshifu-*, L50, M|\n|poke|p1|Pelipper, L50, M|\n|poke|p2|Kyogre, L50|\n|poke|p2|Lunala, L50|\n|poke|p2|Incineroar, L50, F|\n|poke|p2|Rillaboom, L50, F|\n|poke|p2|Urshifu-*, L50, F|\n|poke|p2|Amoonguss, L50, M|\n|teampreview|4\n|showteam|p1|Calyrex-Shadow||LifeOrb|AsOneSpectrier|Protect,Imprison,Psychic,AstralBarrage||||||50|,,,,,Water]Zamazenta-Crowned||RustedShield|DauntlessShield|BodyPress,behemothbash,WideGuard,Protect||||||50|,,,,,Dragon]Amoonguss||RockyHelmet|Regenerator|Spore,SludgeBomb,RagePowder,Protect|||F|||50|,,,,,Water]Chien-Pao||FocusSash|SwordofRuin|IceSpinner,SuckerPunch,ThroatChop,Protect||||||50|,,,,,Stellar]Urshifu-Rapid-Strike||MysticWater|UnseenFist|SurgingStrikes,CloseCombat,AquaJet,Detect|||M|||50|,,,,,Grass]Pelipper||CovertCloak|Drizzle|WeatherBall,Hurricane,WideGuard,Tailwind|||M|||50|,,,,,Grass\n|showteam|p2|Kyogre||ChoiceScarf|Drizzle|WaterSpout,OriginPulse,IceBeam,Thunder||||||50|,,,,,Water]Lunala||Leftovers|ShadowShield|MoongeistBeam,Moonblast,CalmMind,Protect||||||50|,,,,,Fairy]Incineroar||ChopleBerry|Intimidate|FakeOut,KnockOff,WillOWisp,PartingShot|||F|||50|,,,,,Grass]Rillaboom||AssaultVest|GrassySurge|FakeOut,DrumBeating,Uturn,GrassyGlide|||F|||50|,,,,,Fire]Urshifu-Rapid-Strike||FocusSash|UnseenFist|SurgingStrikes,CloseCombat,AquaJet,Detect|||F|||50|,,,,,Stellar]Amoonguss||RockyHelmet|Regenerator|PollenPuff,Spore,RagePowder,Protect|||M|||50|,,,,,Steel\n|inactive|Battle timer is ON: inactive players will automatically lose when time's up. (requested by WithoutHands)\n|inactive|WithoutHands has 60 seconds left.\n|\n|t:|1746016031\n|start\n|switch|p1a: Urshifu|Urshifu-Rapid-Strike, L50, M|100/100\n|switch|p1b: Amoonguss|Amoonguss, L50, F|100/100\n|switch|p2a: Lunala|Lunala, L50|100/100\n|switch|p2b: Incineroar|Incineroar, L50, F|100/100\n|-ability|p2b: Incineroar|Intimidate|boost\n|-unboost|p1a: Urshifu|atk|1\n|-unboost|p1b: Amoonguss|atk|1\n|turn|1\n|inactive|WithoutHands has 30 seconds left.\n|inactive|tornadoboy1234 has 30 seconds left.\n|inactive|WithoutHands has 20 seconds left.\n|inactive|tornadoboy1234 has 20 seconds left.\n|inactive|tornadoboy1234 has 15 seconds left.\n|inactive|WithoutHands has 15 seconds left.\n|inactive|tornadoboy1234 has 10 seconds left.\n|inactive|WithoutHands has 10 seconds left.\n|\n|t:|1746016086\n|switch|p2a: Rillaboom|Rillaboom, L50, F|100/100\n|-fieldstart|move: Grassy Terrain|[from] ability: Grassy Surge|[of] p2a: Rillaboom\n|move|p1a: Urshifu|Surging Strikes|p2a: Rillaboom\n|-resisted|p2a: Rillaboom\n|-crit|p2a: Rillaboom\n|-damage|p2a: Rillaboom|89/100\n|-resisted|p2a: Rillaboom\n|-crit|p2a: Rillaboom\n|-damage|p2a: Rillaboom|76/100\n|-resisted|p2a: Rillaboom\n|-crit|p2a: Rillaboom\n|-damage|p2a: Rillaboom|64/100\n|-hitcount|p2a: Rillaboom|3\n|move|p2b: Incineroar|Will-O-Wisp|p1a: Urshifu\n|-status|p1a: Urshifu|brn\n|move|p1b: Amoonguss|Spore|p2a: Rillaboom\n|-immune|p2a: Rillaboom\n|\n|-heal|p2a: Rillaboom|70/100|[from] Grassy Terrain\n|-damage|p1a: Urshifu|94/100 brn|[from] brn\n|upkeep\n|turn|2\n|inactive|tornadoboy1234 has 30 seconds left.\n|inactive|tornadoboy1234 has 20 seconds left.\n|\n|t:|1746016123\n|move|p1a: Urshifu|Detect|p1a: Urshifu\n|-singleturn|p1a: Urshifu|Protect\n|move|p2a: Rillaboom|U-turn|p1b: Amoonguss\n|-damage|p1b: Amoonguss|85/100\n|-damage|p2a: Rillaboom|53/100|[from] item: Rocky Helmet|[of] p1b: Amoonguss\n|\n|t:|1746016128\n|switch|p2a: Lunala|Lunala, L50|100/100|[from] U-turn\n|move|p2b: Incineroar|Will-O-Wisp|p2a: Lunala|[miss]\n|-miss|p2b: Incineroar|p2a: Lunala\n|move|p1b: Amoonguss|Spore|p2b: Incineroar\n|-status|p2b: Incineroar|slp|[from] move: Spore\n|\n|-heal|p1a: Urshifu|100/100 brn|[from] Grassy Terrain\n|-heal|p1b: Amoonguss|91/100|[from] Grassy Terrain\n|-damage|p1a: Urshifu|94/100 brn|[from] brn\n|upkeep\n|turn|3\n|\n|t:|1746016147\n|move|p2a: Lunala|Protect|p2a: Lunala\n|-singleturn|p2a: Lunala|Protect\n|move|p1a: Urshifu|Surging Strikes|p2b: Incineroar\n|-supereffective|p2b: Incineroar\n|-crit|p2b: Incineroar\n|-damage|p2b: Incineroar|82/100 slp\n|-supereffective|p2b: Incineroar\n|-crit|p2b: Incineroar\n|-damage|p2b: Incineroar|64/100 slp\n|-supereffective|p2b: Incineroar\n|-crit|p2b: Incineroar\n|-damage|p2b: Incineroar|47/100 slp\n|-hitcount|p2b: Incineroar|3\n|cant|p2b: Incineroar|slp\n|move|p1b: Amoonguss|Spore|p2a: Lunala\n|-activate|p2a: Lunala|move: Protect\n|\n|-heal|p1a: Urshifu|100/100 brn|[from] Grassy Terrain\n|-heal|p2b: Incineroar|52/100 slp|[from] Grassy Terrain\n|-heal|p1b: Amoonguss|97/100|[from] Grassy Terrain\n|-damage|p1a: Urshifu|94/100 brn|[from] brn\n|upkeep\n|turn|4\n|\n|t:|1746016164\n|move|p1a: Urshifu|Surging Strikes|p2b: Incineroar\n|-supereffective|p2b: Incineroar\n|-crit|p2b: Incineroar\n|-damage|p2b: Incineroar|36/100 slp\n|-supereffective|p2b: Incineroar\n|-crit|p2b: Incineroar\n|-damage|p2b: Incineroar|16/100 slp\n|-supereffective|p2b: Incineroar\n|-crit|p2b: Incineroar\n|-damage|p2b: Incineroar|0 fnt\n|faint|p2b: Incineroar\n|-hitcount|p2: Incineroar|3\n|move|p2a: Lunala|Calm Mind|p2a: Lunala\n|-boost|p2a: Lunala|spa|1\n|-boost|p2a: Lunala|spd|1\n|move|p1b: Amoonguss|Spore|p2a: Lunala\n|-status|p2a: Lunala|slp|[from] move: Spore\n|\n|-heal|p1a: Urshifu|100/100 brn|[from] Grassy Terrain\n|-heal|p1b: Amoonguss|100/100|[from] Grassy Terrain\n|-damage|p1a: Urshifu|94/100 brn|[from] brn\n|upkeep\n|\n|t:|1746016180\n|switch|p2b: Rillaboom|Rillaboom, L50, F|53/100\n|turn|5\n|\n|t:|1746016188\n|switch|p1a: Zamazenta|Zamazenta-Crowned, L50|100/100\n|-ability|p1a: Zamazenta|Dauntless Shield|boost\n|-boost|p1a: Zamazenta|def|1\n|move|p2b: Rillaboom|Drum Beating|p1b: Amoonguss\n|-resisted|p1b: Amoonguss\n|-damage|p1b: Amoonguss|93/100\n|-unboost|p1b: Amoonguss|spe|1\n|cant|p2a: Lunala|slp\n|move|p1b: Amoonguss|Sludge Bomb|p2b: Rillaboom\n|-supereffective|p2b: Rillaboom\n|-damage|p2b: Rillaboom|10/100\n|\n|-heal|p2b: Rillaboom|16/100|[from] Grassy Terrain\n|-heal|p1b: Amoonguss|99/100|[from] Grassy Terrain\n|-fieldend|move: Grassy Terrain\n|upkeep\n|turn|6\n|inactive|tornadoboy1234 has 30 seconds left.\n|inactive|tornadoboy1234 has 20 seconds left.\n|inactive|tornadoboy1234 has 15 seconds left.\n|inactive|tornadoboy1234 has 10 seconds left.\n|\n|t:|1746016234\n|switch|p1b: Calyrex|Calyrex-Shadow, L50|100/100\n|-ability|p1b: Calyrex|As One\n|-ability|p1b: Calyrex|Unnerve\n|cant|p2a: Lunala|slp\n|move|p1a: Zamazenta|Body Press|p2b: Rillaboom\n|-damage|p2b: Rillaboom|0 fnt\n|faint|p2b: Rillaboom\n|\n|upkeep\n|\n|t:|1746016241\n|switch|p2b: Kyogre|Kyogre, L50|100/100\n|-weather|RainDance|[from] ability: Drizzle|[of] p2b: Kyogre\n|turn|7\n|\n|t:|1746016258\n|move|p1b: Calyrex|Protect|p1b: Calyrex\n|-singleturn|p1b: Calyrex|Protect\n|move|p1a: Zamazenta|Protect|p1a: Zamazenta\n|-singleturn|p1a: Zamazenta|Protect\n|move|p2b: Kyogre|Thunder|p1b: Calyrex\n|-activate|p1b: Calyrex|move: Protect\n|cant|p2a: Lunala|slp\n|\n|-weather|RainDance|[upkeep]\n|upkeep\n|turn|8\n|inactive|tornadoboy1234 has 30 seconds left.\n|\n|t:|1746016292\n|-terastallize|p2a: Lunala|Fairy\n|move|p2b: Kyogre|Thunder|p1a: Zamazenta\n|-damage|p1a: Zamazenta|68/100\n|move|p1b: Calyrex|Astral Barrage|p2a: Lunala|[spread] p2a,p2b\n|-damage|p2a: Lunala|84/100 slp\n|-damage|p2b: Kyogre|47/100\n|-damage|p1b: Calyrex|91/100|[from] item: Life Orb\n|move|p1a: Zamazenta|Behemoth Bash|p2a: Lunala\n|-supereffective|p2a: Lunala\n|-damage|p2a: Lunala|32/100 slp\n|-curestatus|p2a: Lunala|slp|[msg]\n|move|p2a: Lunala|Moongeist Beam|p1a: Zamazenta\n|-damage|p1a: Zamazenta|10/100\n|\n|-weather|RainDance|[upkeep]\n|-heal|p2a: Lunala|38/100|[from] item: Leftovers\n|upkeep\n|turn|9\n|inactive|WithoutHands has 30 seconds left.\n|inactive|tornadoboy1234 has 30 seconds left.\n|\n|t:|1746016325\n|move|p2b: Kyogre|Thunder|p1a: Zamazenta\n|-damage|p1a: Zamazenta|0 fnt\n|faint|p1a: Zamazenta\n|move|p1b: Calyrex|Astral Barrage|p2a: Lunala|[spread] p2a,p2b\n|-damage|p2a: Lunala|3/100\n|-damage|p2b: Kyogre|0 fnt\n|faint|p2b: Kyogre\n|-ability|p1b: Calyrex|Grim Neigh|boost\n|-boost|p1b: Calyrex|spa|1\n|-damage|p1b: Calyrex|81/100|[from] item: Life Orb\n|move|p2a: Lunala|Moongeist Beam|p1b: Calyrex\n|-supereffective|p1b: Calyrex\n|-damage|p1b: Calyrex|0 fnt\n|faint|p1b: Calyrex\n|\n|-weather|RainDance|[upkeep]\n|-heal|p2a: Lunala|10/100|[from] item: Leftovers\n|upkeep\n|\n|t:|1746016328\n|switch|p1b: Amoonguss|Amoonguss, L50, F|100/100\n|switch|p1a: Urshifu|Urshifu-Rapid-Strike, L50, M|94/100 brn\n|turn|10\n|-message|tornadoboy1234 forfeited.\n|\n|win|WithoutHands\n||tornadoboy1234 is ready for game 3.\n||WithoutHands is ready for game 3.\n|uhtml|next|Next: <a href=\"/battle-gen9vgc2025regibo3-2353897073\"><strong>Game 3 of 3</strong></a>\n", "uploadtime": 1746016974, "views": 12, "formatid": "gen9vgc2025regibo3", "rating": null, "private": 0, "password": null}