{"id": "gen9vgc2025regibo3-2354356657", "format": "[Gen 9] VGC 2025 Reg I (Bo3)", "players": ["TheParasectKing", "Pollidelcampo"], "log": "|j|\u2606TheParasectKing\n|j|\u2606Pollidelcampo\n|html|<table width=\"100%\"><tr><td align=\"left\">TheParasectKing</td><td align=\"right\">Pollidelcampo</tr><tr><td align=\"left\"><i class=\"fa fa-circle\"></i> <i class=\"fa fa-circle-o\"></i> </td><td align=\"right\"><i class=\"fa fa-circle-o\"></i> <i class=\"fa fa-circle-o\"></i> </tr></table>\n|uhtml|bestof|<h2><strong>Game 2</strong> of <a href=\"/game-bestof3-gen9vgc2025regibo3-2354354926\">a best-of-3</a></h2>\n|t:|1746061356\n|gametype|doubles\n|player|p1|TheParasectKing|acetrainer-gen4dp|1193\n|player|p2|Pollidelcampo|2|1187\n|teamsize|p1|6\n|teamsize|p2|6\n|gen|9\n|tier|[Gen 9] VGC 2025 Reg I (Bo3)\n|rated|\n|rule|Species Clause: Limit one of each Pok\u00e9mon\n|rule|Item Clause: Limit 1 of each item\n|clearpoke\n|poke|p1|Calyrex-Shadow, L50|\n|poke|p1|Rillaboom, L50, F|\n|poke|p1|Incineroar, L50, F|\n|poke|p1|Ogerpon-Hearthflame, L50, F|\n|poke|p1|Urshifu-*, L50, M|\n|poke|p1|Eternatus, L50|\n|poke|p2|Zamazenta-*, L50|\n|poke|p2|Calyrex-Shadow, L50|\n|poke|p2|Chien-Pao, L50|\n|poke|p2|Urshifu-*, L50, M|\n|poke|p2|Tornadus, L50, M|\n|poke|p2|Rillaboom, L50, F|\n|teampreview|4\n|showteam|p1|Calyrex-Shadow||LifeOrb|AsOneSpectrier|AstralBarrage,Psychic,NastyPlot,Protect||||||50|,,,,,Dark]Rillaboom||AssaultVest|GrassySurge|Uturn,WoodHammer,FakeOut,GrassyGlide|||F|||50|,,,,,Water]Incineroar||RockyHelmet|Intimidate|FakeOut,WillOWisp,KnockOff,Uturn|||F|||50|,,,,,Bug]Ogerpon-Hearthflame||HearthflameMask|MoldBreaker|FollowMe,WoodHammer,SpikyShield,IvyCudgel|||F|||50|,,,,,Fire]Urshifu-Rapid-Strike||ChoiceScarf|UnseenFist|SurgingStrikes,CloseCombat,AquaJet,Uturn|||M|||50|,,,,,Water]Eternatus||Leftovers|Pressure|Flamethrower,CosmicPower,Recover,Protect||||||50|,,,,,Dark\n|showteam|p2|Zamazenta-Crowned||RustedShield|DauntlessShield|BodyPress,HeavySlam,WideGuard,Protect||||||50|,,,,,Dragon]Calyrex-Shadow||FocusSash|AsOneSpectrier|AstralBarrage,Psychic,Encore,Protect||||||50|,,,,,Ghost]Chien-Pao||LifeOrb|SwordofRuin|IcicleCrash,Crunch,IceShard,Protect||||||50|,,,,,Ghost]Urshifu-Rapid-Strike||MysticWater|UnseenFist|SurgingStrikes,AquaJet,Taunt,Detect|||M|||50|,,,,,Water]Tornadus||RockyHelmet|Prankster|BleakwindStorm,Tailwind,RainDance,Protect|||M|||50|,,,,,Normal]Rillaboom||AssaultVest|GrassySurge|WoodHammer,GrassyGlide,KnockOff,FakeOut|||F|||50|,,,,,Fire\n|inactive|Battle timer is ON: inactive players will automatically lose when time's up. (requested by Pollidelcampo)\n|inactive|TheParasectKing also wants the timer to be on.\n|\n|t:|1746061381\n|start\n|switch|p1a: Ogerpon|Ogerpon-Hearthflame, L50, F|100/100\n|switch|p1b: Incineroar|Incineroar, L50, F|100/100\n|switch|p2a: Tornadus|Tornadus, L50, M|100/100\n|switch|p2b: Urshifu|Urshifu-Rapid-Strike, L50, M|100/100\n|-ability|p1a: Ogerpon|Mold Breaker\n|-ability|p1b: Incineroar|Intimidate|boost\n|-unboost|p2a: Tornadus|atk|1\n|-unboost|p2b: Urshifu|atk|1\n|turn|1\n|\n|t:|1746061394\n|switch|p2b: Zamazenta|Zamazenta-Crowned, L50|100/100\n|-ability|p2b: Zamazenta|Dauntless Shield|boost\n|-boost|p2b: Zamazenta|def|1\n|move|p1b: Incineroar|Fake Out|p2a: Tornadus\n|-damage|p2a: Tornadus|86/100\n|-damage|p1b: Incineroar|84/100|[from] item: Rocky Helmet|[of] p2a: Tornadus\n|move|p1a: Ogerpon|Wood Hammer|p2b: Zamazenta\n|-resisted|p2b: Zamazenta\n|-damage|p2b: Zamazenta|88/100\n|-damage|p1a: Ogerpon|95/100|[from] Recoil\n|cant|p2a: Tornadus|flinch\n|\n|upkeep\n|turn|2\n|\n|t:|1746061409\n|move|p1a: Ogerpon|Spiky Shield|p1a: Ogerpon\n|-singleturn|p1a: Ogerpon|move: Protect\n|move|p2a: Tornadus|Rain Dance|p2a: Tornadus\n|-weather|RainDance\n|move|p2b: Zamazenta|Body Press|p1b: Incineroar\n|-supereffective|p1b: Incineroar\n|-damage|p1b: Incineroar|0 fnt\n|-damage|p2b: Zamazenta|71/100|[from] item: Rocky Helmet|[of] p1b: Incineroar\n|faint|p1b: Incineroar\n|\n|-weather|RainDance|[upkeep]\n|upkeep\n|\n|t:|1746061417\n|switch|p1b: Rillaboom|Rillaboom, L50, F|100/100\n|-fieldstart|move: Grassy Terrain|[from] ability: Grassy Surge|[of] p1b: Rillaboom\n|turn|3\n|inactive|TheParasectKing has 30 seconds left.\n|\n|t:|1746061443\n|move|p1b: Rillaboom|Fake Out|p2a: Tornadus\n|-damage|p2a: Tornadus|67/100\n|-damage|p1b: Rillaboom|84/100|[from] item: Rocky Helmet|[of] p2a: Tornadus\n|move|p1a: Ogerpon|Ivy Cudgel|p2b: Zamazenta|[anim] Ivy Cudgel Fire\n|-supereffective|p2b: Zamazenta\n|-damage|p2b: Zamazenta|52/100\n|move|p2b: Zamazenta|Body Press|p1a: Ogerpon\n|-damage|p1a: Ogerpon|4/100\n|cant|p2a: Tornadus|flinch\n|\n|-weather|RainDance|[upkeep]\n|-heal|p1a: Ogerpon|10/100|[from] Grassy Terrain\n|-heal|p2b: Zamazenta|58/100|[from] Grassy Terrain\n|-heal|p1b: Rillaboom|90/100|[from] Grassy Terrain\n|upkeep\n|turn|4\n|inactive|TheParasectKing has 30 seconds left.\n|\n|t:|1746061468\n|switch|p1b: Calyrex|Calyrex-Shadow, L50|100/100\n|-ability|p1b: Calyrex|As One\n|-ability|p1b: Calyrex|Unnerve\n|move|p1a: Ogerpon|Ivy Cudgel|p2a: Tornadus|[anim] Ivy Cudgel Fire\n|-crit|p2a: Tornadus\n|-damage|p2a: Tornadus|16/100\n|move|p2b: Zamazenta|Body Press|p1b: Calyrex\n|-immune|p1b: Calyrex\n|move|p2a: Tornadus|Bleakwind Storm|p1a: Ogerpon|[spread] p1a,p1b\n|-supereffective|p1a: Ogerpon\n|-damage|p1a: Ogerpon|0 fnt\n|-damage|p1b: Calyrex|68/100\n|-unboost|p1b: Calyrex|spe|1\n|faint|p1a: Ogerpon\n|\n|-weather|RainDance|[upkeep]\n|-heal|p2b: Zamazenta|64/100|[from] Grassy Terrain\n|-heal|p1b: Calyrex|74/100|[from] Grassy Terrain\n|upkeep\n|\n|t:|1746061470\n|switch|p1a: Rillaboom|Rillaboom, L50, F|90/100\n|turn|5\n|\n|t:|1746061490\n|move|p2a: Tornadus|Protect|p2a: Tornadus\n|-singleturn|p2a: Tornadus|Protect\n|move|p1a: Rillaboom|Fake Out|p2b: Zamazenta\n|-resisted|p2b: Zamazenta\n|-damage|p2b: Zamazenta|61/100\n|cant|p2b: Zamazenta|flinch\n|move|p1b: Calyrex|Psychic|p2a: Tornadus\n|-activate|p2a: Tornadus|move: Protect\n|\n|-weather|RainDance|[upkeep]\n|-heal|p2b: Zamazenta|68/100|[from] Grassy Terrain\n|-heal|p1b: Calyrex|80/100|[from] Grassy Terrain\n|-heal|p1a: Rillaboom|96/100|[from] Grassy Terrain\n|upkeep\n|turn|6\n|inactive|TheParasectKing has 30 seconds left.\n|inactive|TheParasectKing has 20 seconds left.\n|inactive|TheParasectKing has 15 seconds left.\n|\n|t:|1746061531\n|move|p2a: Tornadus|Tailwind|p2a: Tornadus\n|-sidestart|p2: Pollidelcampo|move: Tailwind\n|move|p1a: Rillaboom|Grassy Glide|p2a: Tornadus\n|-resisted|p2a: Tornadus\n|-damage|p2a: Tornadus|0 fnt\n|-damage|p1a: Rillaboom|79/100|[from] item: Rocky Helmet|[of] p2a: Tornadus\n|faint|p2a: Tornadus\n|move|p2b: Zamazenta|Heavy Slam|p1b: Calyrex\n|-damage|p1b: Calyrex|16/100\n|move|p1b: Calyrex|Psychic|p2b: Zamazenta\n|-damage|p2b: Zamazenta|14/100\n|-damage|p1b: Calyrex|7/100|[from] item: Life Orb\n|\n|-weather|none\n|-heal|p2b: Zamazenta|20/100|[from] Grassy Terrain\n|-heal|p1b: Calyrex|13/100|[from] Grassy Terrain\n|-heal|p1a: Rillaboom|85/100|[from] Grassy Terrain\n|upkeep\n|\n|t:|1746061544\n|switch|p2a: Calyrex|Calyrex-Shadow, L50|100/100\n|-ability|p2a: Calyrex|As One\n|-ability|p2a: Calyrex|Unnerve\n|turn|7\n|\n|t:|1746061556\n|-terastallize|p2a: Calyrex|Ghost\n|move|p1b: Calyrex|Protect|p1b: Calyrex\n|-singleturn|p1b: Calyrex|Protect\n|move|p1a: Rillaboom|Grassy Glide|p2a: Calyrex\n|-damage|p2a: Calyrex|57/100\n|move|p2a: Calyrex|Astral Barrage|p1a: Rillaboom|[spread] p1a\n|-activate|p1b: Calyrex|move: Protect\n|-damage|p1a: Rillaboom|35/100\n|move|p2b: Zamazenta|Body Press|p1a: Rillaboom\n|-crit|p1a: Rillaboom\n|-damage|p1a: Rillaboom|0 fnt\n|faint|p1a: Rillaboom\n|\n|-heal|p2a: Calyrex|64/100|[from] Grassy Terrain\n|-heal|p2b: Zamazenta|27/100|[from] Grassy Terrain\n|-heal|p1b: Calyrex|19/100|[from] Grassy Terrain\n|-fieldend|move: Grassy Terrain\n|upkeep\n|turn|8\n|-message|TheParasectKing forfeited.\n|\n|win|Pollidelcampo\n||TheParasectKing is ready for game 3.\n||Pollidelcampo is ready for game 3.\n|uhtml|next|Next: <a href=\"/battle-gen9vgc2025regibo3-2354358386\"><strong>Game 3 of 3</strong></a>\n|l|\u2606Pollidelcampo\n|player|p2|\n", "uploadtime": 1746061718, "views": 12, "formatid": "gen9vgc2025regibo3", "rating": null, "private": 0, "password": null}