{"id": "gen9vgc2025regibo3-2354067184", "format": "[Gen 9] VGC 2025 Reg I (Bo3)", "players": ["NETDlDO", "georgie.Young"], "log": "|j|\u2606NETDlDO\n|j|\u2606georgie.Young\n|html|<table width=\"100%\"><tr><td align=\"left\">NETDlDO</td><td align=\"right\">georgie.Young</tr><tr><td align=\"left\"><i class=\"fa fa-circle-o\"></i> <i class=\"fa fa-circle-o\"></i> </td><td align=\"right\"><i class=\"fa fa-circle-o\"></i> <i class=\"fa fa-circle\"></i> </tr></table>\n|uhtml|bestof|<h2><strong>Game 2</strong> of <a href=\"/game-bestof3-gen9vgc2025regibo3-2354064191\">a best-of-3</a></h2>\n|t:|1746032026\n|gametype|doubles\n|player|p1|NETDlDO|bruno|1087\n|player|p2|georgie.Young|caitlin|1163\n|teamsize|p1|6\n|teamsize|p2|6\n|gen|9\n|tier|[Gen 9] VGC 2025 Reg I (Bo3)\n|rated|\n|rule|Species Clause: Limit one of each Pok\u00e9mon\n|rule|Item Clause: Limit 1 of each item\n|clearpoke\n|poke|p1|Miraidon, L50|\n|poke|p1|Ho-Oh, L50|\n|poke|p1|Farigiraf, L50, F|\n|poke|p1|Urshifu-*, L50, F|\n|poke|p1|Ogerpon-Cornerstone, L50, F|\n|poke|p1|Grimmsnarl, L50, M|\n|poke|p2|Calyrex-Shadow, L50|\n|poke|p2|Kyogre, L50|\n|poke|p2|Tornadus, L50, M|\n|poke|p2|Brute Bonnet, L50|\n|poke|p2|Farigiraf, L50, M|\n|poke|p2|Raging Bolt, L50|\n|teampreview|4\n|showteam|p1|Miraidon||ChoiceSpecs|HadronEngine|ElectroDrift,VoltSwitch,DracoMeteor,DazzlingGleam||||||50|,,,,,Fairy]Ho-Oh||Leftovers|Regenerator|Tailwind,SacredFire,Protect,LifeDew||||||50|,,,,,Steel]Farigiraf||ElectricSeed|ArmorTail|Psychic,FoulPlay,TrickRoom,HelpingHand|||F|||50|,,,,,Fairy]Urshifu-Rapid-Strike||FocusSash|UnseenFist|Taunt,SurgingStrikes,CloseCombat,Detect|||F|||50|,,,,,Water]Ogerpon-Cornerstone||CornerstoneMask|Sturdy|IvyCudgel,SpikyShield,FollowMe,BrickBreak|||F|||50|,,,,,Rock]Grimmsnarl||LightClay|Prankster|FakeOut,LightScreen,Reflect,SpiritBreak|||M|||50|,,,,,Dark\n|showteam|p2|Calyrex-Shadow||LifeOrb|AsOneSpectrier|AstralBarrage,Psychic,Encore,Protect||||||50|,,,,,Dark]Kyogre||MysticWater|Drizzle|WaterSpout,OriginPulse,IceBeam,Protect||||||50|,,,,,Grass]Tornadus||FocusSash|Prankster|Taunt,Tailwind,BleakwindStorm,RainDance|||M|||50|,,,,,Flying]Brute Bonnet||CovertCloak|Protosynthesis|SeedBomb,SuckerPunch,Spore,RagePowder||||||50|,,,,,Water]Farigiraf||SafetyGoggles|ArmorTail|Psychic,FoulPlay,HelpingHand,TrickRoom|||M|||50|,,,,,Dark]Raging Bolt||AssaultVest|Protosynthesis|Thunderbolt,DracoMeteor,Thunderclap,Snarl||||||50|,,,,,Fairy\n|\n|t:|1746032064\n|start\n|switch|p1a: Miraidon|Miraidon, L50|100/100\n|switch|p1b: Urshifu|Urshifu-Rapid-Strike, L50, F|100/100\n|switch|p2a: Farigiraf|Farigiraf, L50, M|100/100\n|switch|p2b: Brute Bonnet|Brute Bonnet, L50|100/100\n|-fieldstart|move: Electric Terrain|[from] ability: Hadron Engine|[of] p1a: Miraidon\n|turn|1\n|\n|t:|1746032092\n|move|p2b: Brute Bonnet|Rage Powder|p2b: Brute Bonnet\n|-singleturn|p2b: Brute Bonnet|move: Rage Powder\n|move|p1a: Miraidon|Volt Switch|p2b: Brute Bonnet\n|-resisted|p2b: Brute Bonnet\n|-damage|p2b: Brute Bonnet|57/100\n|\n|t:|1746032098\n|switch|p1a: Grimmsnarl|Grimmsnarl, L50, M|100/100|[from] Volt Switch\n|move|p1b: Urshifu|Taunt|p2b: Brute Bonnet\n|-start|p2b: Brute Bonnet|move: Taunt\n|move|p2a: Farigiraf|Trick Room|p2a: Farigiraf\n|-fieldstart|move: Trick Room|[of] p2a: Farigiraf\n|\n|upkeep\n|turn|2\n|\n|t:|1746032121\n|move|p1a: Grimmsnarl|Light Screen|p1a: Grimmsnarl\n|-sidestart|p1: NETDlDO|move: Light Screen\n|move|p2a: Farigiraf|Psychic|p1b: Urshifu\n|-supereffective|p1b: Urshifu\n|-damage|p1b: Urshifu|32/100\n|move|p2b: Brute Bonnet|Seed Bomb|p1b: Urshifu\n|-supereffective|p1b: Urshifu\n|-damage|p1b: Urshifu|0 fnt\n|faint|p1b: Urshifu\n|\n|upkeep\n|\n|t:|1746032129\n|switch|p1b: Ho-Oh|Ho-Oh, L50|100/100\n|turn|3\n|\n|t:|1746032158\n|move|p1b: Ho-Oh|Protect|p1b: Ho-Oh\n|-singleturn|p1b: Ho-Oh|Protect\n|move|p1a: Grimmsnarl|Reflect|p1a: Grimmsnarl\n|-sidestart|p1: NETDlDO|Reflect\n|move|p2b: Brute Bonnet|Sucker Punch||[still]\n|-fail|p2b: Brute Bonnet\n|move|p2a: Farigiraf|Psychic|p1b: Ho-Oh\n|-activate|p1b: Ho-Oh|move: Protect\n|\n|upkeep\n|turn|4\n|\n|t:|1746032181\n|switch|p2a: Kyogre|Kyogre, L50|100/100\n|-weather|RainDance|[from] ability: Drizzle|[of] p2a: Kyogre\n|move|p2b: Brute Bonnet|Sucker Punch|p1b: Ho-Oh\n|-damage|p1b: Ho-Oh|83/100\n|move|p1a: Grimmsnarl|Spirit Break|p2b: Brute Bonnet\n|-supereffective|p2b: Brute Bonnet\n|-damage|p2b: Brute Bonnet|15/100\n|move|p1b: Ho-Oh|Sacred Fire|p2a: Kyogre\n|-resisted|p2a: Kyogre\n|-damage|p2a: Kyogre|92/100\n|-status|p2a: Kyogre|brn\n|\n|-weather|RainDance|[upkeep]\n|-heal|p1b: Ho-Oh|89/100|[from] item: Leftovers\n|-damage|p2a: Kyogre|86/100 brn|[from] brn\n|-end|p2b: Brute Bonnet|move: Taunt\n|upkeep\n|turn|5\n|\n|t:|1746032203\n|move|p2b: Brute Bonnet|Rage Powder|p2b: Brute Bonnet\n|-singleturn|p2b: Brute Bonnet|move: Rage Powder\n|move|p1a: Grimmsnarl|Spirit Break|p2b: Brute Bonnet\n|-supereffective|p2b: Brute Bonnet\n|-damage|p2b: Brute Bonnet|0 fnt\n|faint|p2b: Brute Bonnet\n|-end|p2b: Brute Bonnet|Protosynthesis|[silent]\n|move|p2a: Kyogre|Water Spout|p1b: Ho-Oh|[spread] p1a,p1b\n|-supereffective|p1b: Ho-Oh\n|-damage|p1a: Grimmsnarl|33/100\n|-damage|p1b: Ho-Oh|10/100\n|move|p1b: Ho-Oh|Sacred Fire|p2a: Kyogre\n|-resisted|p2a: Kyogre\n|-damage|p2a: Kyogre|76/100 brn\n|\n|-weather|RainDance|[upkeep]\n|-heal|p1b: Ho-Oh|16/100|[from] item: Leftovers\n|-damage|p2a: Kyogre|70/100 brn|[from] brn\n|-fieldend|move: Trick Room\n|-fieldend|move: Electric Terrain\n|upkeep\n|\n|t:|1746032214\n|switch|p2b: Raging Bolt|Raging Bolt, L50|100/100\n|turn|6\n|\n|t:|1746032241\n|move|p1b: Ho-Oh|Sacred Fire|p2b: Raging Bolt|[miss]\n|-miss|p1b: Ho-Oh|p2b: Raging Bolt\n|move|p2a: Kyogre|Origin Pulse|p1b: Ho-Oh|[spread] p1a,p1b\n|-supereffective|p1b: Ho-Oh\n|-damage|p1a: Grimmsnarl|0 fnt\n|-damage|p1b: Ho-Oh|0 fnt\n|faint|p1a: Grimmsnarl\n|faint|p1b: Ho-Oh\n|move|p2b: Raging Bolt|Thunderbolt|p1: Grimmsnarl|[notarget]\n|-fail|p2b: Raging Bolt\n|\n|-weather|RainDance|[upkeep]\n|-damage|p2a: Kyogre|64/100 brn|[from] brn\n|upkeep\n|\n|t:|1746032252\n|switch|p1b: Miraidon|Miraidon, L50|100/100\n|-fieldstart|move: Electric Terrain|[from] ability: Hadron Engine|[of] p1b: Miraidon\n|turn|7\n|inactive|Battle timer is ON: inactive players will automatically lose when time's up. (requested by georgie.Young)\n|\n|t:|1746032305\n|-end|p2b: Raging Bolt|Protosynthesis|[silent]\n|switch|p2b: Farigiraf|Farigiraf, L50, M|100/100\n|-terastallize|p1b: Miraidon|Fairy\n|move|p2a: Kyogre|Protect|p2a: Kyogre\n|-singleturn|p2a: Kyogre|Protect\n|move|p1b: Miraidon|Electro Drift|p2a: Kyogre\n|-activate|p2a: Kyogre|move: Protect\n|\n|-weather|RainDance|[upkeep]\n|-damage|p2a: Kyogre|58/100 brn|[from] brn\n|upkeep\n|turn|8\n|\n|t:|1746032322\n|switch|p2a: Raging Bolt|Raging Bolt, L50|100/100\n|move|p1b: Miraidon|Electro Drift|p2a: Raging Bolt\n|-resisted|p2a: Raging Bolt\n|-damage|p2a: Raging Bolt|77/100\n|move|p2b: Farigiraf|Psychic|p1b: Miraidon\n|-damage|p1b: Miraidon|80/100\n|\n|-weather|none\n|upkeep\n|turn|9\n|\n|t:|1746032333\n|move|p1b: Miraidon|Electro Drift|p2b: Farigiraf\n|-damage|p2b: Farigiraf|0 fnt\n|faint|p2b: Farigiraf\n|move|p2a: Raging Bolt|Thunderbolt|p1b: Miraidon\n|-damage|p1b: Miraidon|39/100\n|-status|p1b: Miraidon|par\n|\n|-sideend|p1: NETDlDO|move: Light Screen\n|upkeep\n|\n|t:|1746032336\n|switch|p2b: Kyogre|Kyogre, L50|58/100 brn\n|-weather|RainDance|[from] ability: Drizzle|[of] p2b: Kyogre\n|turn|10\n|c|\u2606georgie.Young|ggs\n|\n|t:|1746032344\n|move|p2b: Kyogre|Water Spout|p1b: Miraidon\n|-damage|p1b: Miraidon|0 fnt\n|faint|p1b: Miraidon\n|\n|win|georgie.Young\n|raw|NETDlDO's rating: 1087 &rarr; <strong>1067</strong><br />(-20 for losing)\n|raw|georgie.Young's rating: 1134 &rarr; <strong>1156</strong><br />(+22 for winning)\n|c|\u2606NETDlDO|gg\n", "uploadtime": 1746032391, "views": 7, "formatid": "gen9vgc2025regibo3", "rating": 1067, "private": 0, "password": null}