{"id": "gen9vgc2025regibo3-2354119838", "format": "[Gen 9] VGC 2025 Reg I (Bo3)", "players": ["birdupsnaildown", "pokeomis"], "log": "|j|\u2606birdupsnaildown\n|j|\u2606pokeomis\n|html|<table width=\"100%\"><tr><td align=\"left\">birdupsnaildown</td><td align=\"right\">pokeomis</tr><tr><td align=\"left\"><i class=\"fa fa-circle-o\"></i> <i class=\"fa fa-circle-o\"></i> </td><td align=\"right\"><i class=\"fa fa-circle-o\"></i> <i class=\"fa fa-circle-o\"></i> </tr></table>\n|uhtml|bestof|<h2><strong>Game 1</strong> of <a href=\"/game-bestof3-gen9vgc2025regibo3-2354119837\">a best-of-3</a></h2>\n|t:|1746036544\n|gametype|doubles\n|player|p1|birdupsnaildown|169|1232\n|player|p2|pokeomis|rocketgrunt|1211\n|teamsize|p1|6\n|teamsize|p2|6\n|gen|9\n|tier|[Gen 9] VGC 2025 Reg I (Bo3)\n|rated|\n|rule|Species Clause: Limit one of each Pok\u00e9mon\n|rule|Item Clause: Limit 1 of each item\n|clearpoke\n|poke|p1|Koraidon, L50|\n|poke|p1|Flutter Mane, L50|\n|poke|p1|Incineroar, L50, M|\n|poke|p1|Raging Bolt, L50|\n|poke|p1|Lunala, L50|\n|poke|p1|Ursaluna, L50, F|\n|poke|p2|Calyrex-Shadow, L50|\n|poke|p2|Chi-Yu, L50|\n|poke|p2|Koraidon, L50|\n|poke|p2|Weezing-Galar, L50, F|\n|poke|p2|Brute Bonnet, L50|\n|poke|p2|Landorus-Therian, L50, M|\n|teampreview|4\n|showteam|p1|Koraidon||LifeOrb|OrichalcumPulse|FlareBlitz,CloseCombat,FlameCharge,Protect||||||50|,,,,,Fire]Flutter Mane||FocusSash|Protosynthesis|Moonblast,Protect,ShadowBall,IcyWind||||||50|,,,,,Fairy]Incineroar||SafetyGoggles|Intimidate|FlareBlitz,Taunt,PartingShot,FakeOut|||M|||50|,,,,,Dragon]Raging Bolt||AssaultVest|Protosynthesis|Thunderbolt,Electroweb,DracoMeteor,Thunderclap||||||50|,,,,,Electric]Lunala||PowerHerb|ShadowShield|MoongeistBeam,MeteorBeam,WideGuard,TrickRoom||||||50|,,,,,Water]Ursaluna||FlameOrb|Guts|Facade,HeadlongRush,Earthquake,Protect|||F|||50|,,,,,Normal\n|showteam|p2|Calyrex-Shadow||FocusSash|AsOneSpectrier|Protect,AstralBarrage,Psychic,Encore||||||50|,,,,,Ghost]Chi-Yu||ChoiceScarf|BeadsofRuin|Overheat,HeatWave,DarkPulse,Snarl||||||50|,,,,,Ghost]Koraidon||AbilityShield|OrichalcumPulse|Protect,CloseCombat,FlameCharge,FlareBlitz||||||50|,,,,,Fire]Weezing-Galar||SafetyGoggles|NeutralizingGas|Protect,StrangeSteam,PoisonGas,Taunt|||F|||50|,,,,,Water]Brute Bonnet||CovertCloak|Protosynthesis|Spore,SuckerPunch,RagePowder,SeedBomb||||||50|,,,,,Water]Landorus-Therian||AssaultVest|Intimidate|StompingTantrum,RockSlide,Uturn,TeraBlast|||M|||50|,,,,,Poison\n|inactive|Battle timer is ON: inactive players will automatically lose when time's up. (requested by pokeomis)\n|inactive|birdupsnaildown has 60 seconds left.\n|\n|t:|1746036594\n|start\n|switch|p1a: Koraidon|Koraidon, L50|100/100\n|switch|p1b: Flutter Mane|Flutter Mane, L50|100/100\n|switch|p2a: Koraidon|Koraidon, L50|100/100\n|switch|p2b: Weezing|Weezing-Galar, L50, F|100/100\n|-ability|p2b: Weezing|Neutralizing Gas\n|-block|p2a: Koraidon|item: Ability Shield\n|-weather|SunnyDay|[from] ability: Orichalcum Pulse|[of] p2a: Koraidon\n|-activate|p2a: Koraidon|Orichalcum Pulse|[source]\n|turn|1\n|inactive|birdupsnaildown has 30 seconds left.\n|inactive|pokeomis has 30 seconds left.\n|inactive|birdupsnaildown has 20 seconds left.\n|inactive|pokeomis has 20 seconds left.\n|inactive|birdupsnaildown has 15 seconds left.\n|inactive|pokeomis has 15 seconds left.\n|inactive|birdupsnaildown has 10 seconds left.\n|\n|t:|1746036640\n|-terastallize|p2a: Koraidon|Fire\n|-terastallize|p1a: Koraidon|Fire\n|move|p2a: Koraidon|Flame Charge|p1b: Flutter Mane\n|-enditem|p1b: Flutter Mane|Focus Sash\n|-damage|p1b: Flutter Mane|1/100\n|-boost|p2a: Koraidon|spe|1\n|move|p1a: Koraidon|Flare Blitz|p2b: Weezing\n|-damage|p2b: Weezing|0 fnt\n|faint|p2b: Weezing\n|-end|p2b: Weezing|ability: Neutralizing Gas\n|-activate|p1b: Flutter Mane|ability: Protosynthesis\n|-start|p1b: Flutter Mane|protosynthesisspe\n|-activate|p1a: Koraidon|ability: Orichalcum Pulse\n|-damage|p1a: Koraidon|68/100|[from] Recoil\n|-damage|p1a: Koraidon|58/100|[from] item: Life Orb\n|move|p1b: Flutter Mane|Icy Wind|p2a: Koraidon\n|-resisted|p2a: Koraidon\n|-damage|p2a: Koraidon|90/100\n|-unboost|p2a: Koraidon|spe|1\n|\n|-weather|SunnyDay|[upkeep]\n|upkeep\n|inactive|pokeomis has 30 seconds left.\n|\n|t:|1746036665\n|switch|p2b: Calyrex|Calyrex-Shadow, L50|100/100\n|-ability|p2b: Calyrex|As One\n|-ability|p2b: Calyrex|Unnerve\n|turn|2\n|\n|t:|1746036681\n|move|p1b: Flutter Mane|Icy Wind|p2a: Koraidon|[spread] p2a,p2b\n|-resisted|p2a: Koraidon\n|-damage|p2a: Koraidon|82/100\n|-damage|p2b: Calyrex|87/100\n|-unboost|p2a: Koraidon|spe|1\n|-unboost|p2b: Calyrex|spe|1\n|move|p1a: Koraidon|Flare Blitz|p2b: Calyrex\n|-crit|p2b: Calyrex\n|-damage|p2b: Calyrex|0 fnt\n|faint|p2b: Calyrex\n|-damage|p1a: Koraidon|30/100|[from] Recoil\n|-damage|p1a: Koraidon|20/100|[from] item: Life Orb\n|move|p2a: Koraidon|Flame Charge|p1a: Koraidon\n|-resisted|p1a: Koraidon\n|-damage|p1a: Koraidon|0 fnt\n|-boost|p2a: Koraidon|spe|1\n|faint|p1a: Koraidon\n|\n|-weather|SunnyDay|[upkeep]\n|upkeep\n|\n|t:|1746036700\n|switch|p2b: Chi-Yu|Chi-Yu, L50|100/100\n|switch|p1a: Incineroar|Incineroar, L50, M|100/100\n|-ability|p2b: Chi-Yu|Beads of Ruin\n|-ability|p1a: Incineroar|Intimidate|boost\n|-unboost|p2a: Koraidon|atk|1\n|-unboost|p2b: Chi-Yu|atk|1\n|turn|3\n|\n|t:|1746036719\n|move|p1a: Incineroar|Fake Out|p2b: Chi-Yu\n|-damage|p2b: Chi-Yu|83/100\n|move|p1b: Flutter Mane|Shadow Ball|p2a: Koraidon\n|-damage|p2a: Koraidon|22/100\n|-unboost|p2a: Koraidon|spd|1\n|cant|p2b: Chi-Yu|flinch\n|move|p2a: Koraidon|Flame Charge|p1b: Flutter Mane\n|-damage|p1b: Flutter Mane|0 fnt\n|-boost|p2a: Koraidon|spe|1\n|faint|p1b: Flutter Mane\n|-end|p1b: Flutter Mane|Protosynthesis|[silent]\n|\n|-weather|SunnyDay|[upkeep]\n|upkeep\n|\n|t:|1746036729\n|switch|p1b: Raging Bolt|Raging Bolt, L50|100/100\n|-activate|p1b: Raging Bolt|ability: Protosynthesis\n|-start|p1b: Raging Bolt|protosynthesisspa\n|turn|4\n|inactive|birdupsnaildown has 30 seconds left.\n|\n|t:|1746036757\n|move|p2a: Koraidon|Protect|p2a: Koraidon\n|-singleturn|p2a: Koraidon|Protect\n|move|p1b: Raging Bolt|Thunderclap||[still]\n|-fail|p1b: Raging Bolt\n|move|p2b: Chi-Yu|Snarl|p1b: Raging Bolt|[spread] p1a,p1b\n|-resisted|p1a: Incineroar\n|-damage|p1a: Incineroar|90/100\n|-damage|p1b: Raging Bolt|85/100\n|-unboost|p1a: Incineroar|spa|1\n|-unboost|p1b: Raging Bolt|spa|1\n|move|p1a: Incineroar|Flare Blitz|p2b: Chi-Yu\n|-resisted|p2b: Chi-Yu\n|-damage|p2b: Chi-Yu|29/100\n|-damage|p1a: Incineroar|78/100|[from] Recoil\n|\n|-weather|SunnyDay|[upkeep]\n|upkeep\n|turn|5\n|inactive|pokeomis has 30 seconds left.\n|\n|t:|1746036782\n|move|p1b: Raging Bolt|Thunderclap|p2a: Koraidon\n|-damage|p2a: Koraidon|0 fnt\n|faint|p2a: Koraidon\n|move|p2b: Chi-Yu|Snarl|p1b: Raging Bolt|[spread] p1a,p1b\n|-resisted|p1a: Incineroar\n|-damage|p1a: Incineroar|66/100\n|-damage|p1b: Raging Bolt|68/100\n|-unboost|p1a: Incineroar|spa|1\n|-unboost|p1b: Raging Bolt|spa|1\n|move|p1a: Incineroar|Flare Blitz|p2b: Chi-Yu\n|-resisted|p2b: Chi-Yu\n|-damage|p2b: Chi-Yu|0 fnt\n|faint|p2b: Chi-Yu\n|-damage|p1a: Incineroar|60/100|[from] Recoil\n|\n|win|birdupsnaildown\n||birdupsnaildown is ready for game 2.\n||pokeomis is ready for game 2.\n|uhtml|next|Next: <a href=\"/battle-gen9vgc2025regibo3-2354122689\"><strong>Game 2 of 3</strong></a>\n", "uploadtime": 1746037154, "views": 8, "formatid": "gen9vgc2025regibo3", "rating": null, "private": 0, "password": null}