{"id": "gen9vgc2025regibo3-2353510237", "format": "[Gen 9] VGC 2025 Reg I (Bo3)", "players": ["lokkont", "sushirocket"], "log": "|j|\u2606lokkont\n|j|\u2606sushirocket\n|html|<table width=\"100%\"><tr><td align=\"left\">lokkont</td><td align=\"right\">sushirocket</tr><tr><td align=\"left\"><i class=\"fa fa-circle-o\"></i> <i class=\"fa fa-circle-o\"></i> </td><td align=\"right\"><i class=\"fa fa-circle-o\"></i> <i class=\"fa fa-circle\"></i> </tr></table>\n|uhtml|bestof|<h2><strong>Game 2</strong> of <a href=\"/game-bestof3-gen9vgc2025regibo3-2353507599\">a best-of-3</a></h2>\n|t:|1745962864\n|gametype|doubles\n|player|p1|lokkont|1|1217\n|player|p2|sushirocket|volkner|1204\n|teamsize|p1|6\n|teamsize|p2|6\n|gen|9\n|tier|[Gen 9] VGC 2025 Reg I (Bo3)\n|rated|\n|rule|Species Clause: Limit one of each Pok\u00e9mon\n|rule|Item Clause: Limit 1 of each item\n|clearpoke\n|poke|p1|Calyrex-Shadow, L50|\n|poke|p1|Zamazenta-*, L50|\n|poke|p1|Urshifu-*, L50, M|\n|poke|p1|Rillaboom, L50, M|\n|poke|p1|Incineroar, L50, M|\n|poke|p1|Pelipper, L50, M|\n|poke|p2|Giratina-Origin, L50|\n|poke|p2|Dondozo, L50, F|\n|poke|p2|Ting-Lu, L50|\n|poke|p2|Raging Bolt, L50|\n|poke|p2|Zamazenta-*, L50|\n|poke|p2|Volcarona, L50, F|\n|teampreview|4\n|showteam|p1|Calyrex-Shadow||LifeOrb|AsOneSpectrier|Protect,AstralBarrage,Substitute,Psychic||||||50|,,,,,Dark]Zamazenta-Crowned||RustedShield|DauntlessShield|HeavySlam,BodyPress,Protect,WideGuard||||||50|,,,,,Dragon]Urshifu-Rapid-Strike||ChoiceScarf|UnseenFist|SurgingStrikes,CloseCombat,AquaJet,Uturn|||M|||50|,,,,,Ghost]Rillaboom||AssaultVest|GrassySurge|FakeOut,GrassyGlide,WoodHammer,Uturn|||M|||50|,,,,,Fire]Incineroar||SafetyGoggles|Intimidate|FakeOut,WillOWisp,KnockOff,PartingShot|||M|||50|,,,,,Bug]Pelipper||FocusSash|Drizzle|WeatherBall,Hurricane,Tailwind,Protect|||M|||50|,,,,,Ghost\n|showteam|p2|Giratina-Origin||GriseousCore|Levitate|Poltergeist,DragonClaw,ShadowSneak,Protect||||||50|,,,,,Fire]Dondozo||Leftovers|Unaware|WaveCrash,Fissure,Yawn,Protect|||F|||50|,,,,,Poison]Ting-Lu||RockyHelmet|VesselofRuin|SandTomb,Ruination,Taunt,Protect||||||50|,,,,,Poison]Raging Bolt||AssaultVest|Protosynthesis|Electroweb,DracoMeteor,Thunderclap,Thunderbolt||||||50|,,,,,Electric]Zamazenta-Crowned||RustedShield|DauntlessShield|BodyPress,behemothbash,WideGuard,Protect||||||50|,,,,,Dragon]Volcarona||SitrusBerry|FlameBody|FieryDance,QuiverDance,GigaDrain,Protect|||F|||50|,,,,,Grass\n|inactive|Battle timer is ON: inactive players will automatically lose when time's up. (requested by sushirocket)\n|\n|t:|1745962886\n|start\n|switch|p1a: Calyrex|Calyrex-Shadow, L50|100/100\n|switch|p1b: Incineroar|Incineroar, L50, M|100/100\n|switch|p2a: Zamazenta|Zamazenta-Crowned, L50|100/100\n|switch|p2b: Raging Bolt|Raging Bolt, L50|100/100\n|-ability|p1a: Calyrex|As One\n|-ability|p1a: Calyrex|Unnerve\n|-ability|p2a: Zamazenta|Dauntless Shield|boost\n|-boost|p2a: Zamazenta|def|1\n|-ability|p1b: Incineroar|Intimidate|boost\n|-unboost|p2a: Zamazenta|atk|1\n|-unboost|p2b: Raging Bolt|atk|1\n|turn|1\n|\n|t:|1745962909\n|-terastallize|p1b: Incineroar|Bug\n|move|p1b: Incineroar|Fake Out|p2b: Raging Bolt\n|-damage|p2b: Raging Bolt|92/100\n|move|p1a: Calyrex|Psychic|p2a: Zamazenta\n|-damage|p2a: Zamazenta|47/100\n|-unboost|p2a: Zamazenta|spd|1\n|-damage|p1a: Calyrex|91/100|[from] item: Life Orb\n|move|p2a: Zamazenta|Body Press|p1b: Incineroar\n|-resisted|p1b: Incineroar\n|-damage|p1b: Incineroar|76/100\n|cant|p2b: Raging Bolt|flinch\n|\n|upkeep\n|turn|2\n|\n|t:|1745962929\n|move|p2a: Zamazenta|Protect|p2a: Zamazenta\n|-singleturn|p2a: Zamazenta|Protect\n|move|p1a: Calyrex|Astral Barrage|p2a: Zamazenta|[spread] p2b\n|-activate|p2a: Zamazenta|move: Protect\n|-crit|p2b: Raging Bolt\n|-damage|p2b: Raging Bolt|38/100\n|-damage|p1a: Calyrex|81/100|[from] item: Life Orb\n|move|p2b: Raging Bolt|Electroweb|p1b: Incineroar|[spread] p1a,p1b\n|-damage|p1a: Calyrex|61/100\n|-damage|p1b: Incineroar|57/100\n|-unboost|p1a: Calyrex|spe|1\n|-unboost|p1b: Incineroar|spe|1\n|move|p1b: Incineroar|Parting Shot|p2b: Raging Bolt\n|-unboost|p2b: Raging Bolt|atk|1\n|-unboost|p2b: Raging Bolt|spa|1\n|\n|t:|1745962945\n|switch|p1b: Zamazenta|Zamazenta-Crowned, L50|100/100|[from] Parting Shot\n|-ability|p1b: Zamazenta|Dauntless Shield|boost\n|-boost|p1b: Zamazenta|def|1\n|\n|upkeep\n|turn|3\n|\n|t:|1745962956\n|switch|p1a: Rillaboom|Rillaboom, L50, M|100/100\n|-fieldstart|move: Grassy Terrain|[from] ability: Grassy Surge|[of] p1a: Rillaboom\n|move|p1b: Zamazenta|Protect|p1b: Zamazenta\n|-singleturn|p1b: Zamazenta|Protect\n|move|p2b: Raging Bolt|Thunderclap||[still]\n|-fail|p2b: Raging Bolt\n|move|p2a: Zamazenta|Body Press|p1b: Zamazenta\n|-activate|p1b: Zamazenta|move: Protect\n|\n|-heal|p2a: Zamazenta|53/100|[from] Grassy Terrain\n|-heal|p2b: Raging Bolt|44/100|[from] Grassy Terrain\n|upkeep\n|turn|4\n|\n|t:|1745962971\n|move|p2a: Zamazenta|Protect|p2a: Zamazenta\n|-singleturn|p2a: Zamazenta|Protect\n|move|p1a: Rillaboom|Fake Out|p2a: Zamazenta\n|-activate|p2a: Zamazenta|move: Protect\n|move|p1b: Zamazenta|Body Press|p2b: Raging Bolt\n|-damage|p2b: Raging Bolt|0 fnt\n|faint|p2b: Raging Bolt\n|-end|p2b: Raging Bolt|Protosynthesis|[silent]\n|\n|-heal|p2a: Zamazenta|59/100|[from] Grassy Terrain\n|upkeep\n|\n|t:|1745962978\n|switch|p2b: Ting-Lu|Ting-Lu, L50|100/100\n|-ability|p2b: Ting-Lu|Vessel of Ruin\n|turn|5\n|\n|t:|1745962998\n|switch|p1a: Incineroar|Incineroar, L50, M, tera:Bug|57/100\n|-ability|p1a: Incineroar|Intimidate|boost\n|-unboost|p2a: Zamazenta|atk|1\n|-unboost|p2b: Ting-Lu|atk|1\n|-terastallize|p2b: Ting-Lu|Poison\n|move|p1b: Zamazenta|Body Press|p2a: Zamazenta\n|-supereffective|p2a: Zamazenta\n|-damage|p2a: Zamazenta|0 fnt\n|faint|p2a: Zamazenta\n|move|p2b: Ting-Lu|Sand Tomb|p1b: Zamazenta|[miss]\n|-miss|p2b: Ting-Lu|p1b: Zamazenta\n|\n|-heal|p1a: Incineroar|63/100|[from] Grassy Terrain\n|upkeep\n|\n|t:|1745963008\n|switch|p2a: Giratina|Giratina-Origin, L50|100/100\n|turn|6\n|\n|t:|1745963032\n|move|p2a: Giratina|Protect|p2a: Giratina\n|-singleturn|p2a: Giratina|Protect\n|move|p1b: Zamazenta|Body Press|p2b: Ting-Lu\n|-resisted|p2b: Ting-Lu\n|-crit|p2b: Ting-Lu\n|-damage|p2b: Ting-Lu|73/100\n|-damage|p1b: Zamazenta|84/100|[from] item: Rocky Helmet|[of] p2b: Ting-Lu\n|move|p1a: Incineroar|Parting Shot|p2a: Giratina\n|-activate|p2a: Giratina|move: Protect\n|move|p2b: Ting-Lu|Sand Tomb|p1a: Incineroar\n|-resisted|p1a: Incineroar\n|-damage|p1a: Incineroar|59/100\n|-activate|p1a: Incineroar|move: Sand Tomb|[of] p2b: Ting-Lu\n|\n|-heal|p1b: Zamazenta|90/100|[from] Grassy Terrain\n|-heal|p1a: Incineroar|65/100|[from] Grassy Terrain\n|-heal|p2b: Ting-Lu|79/100|[from] Grassy Terrain\n|-damage|p1a: Incineroar|53/100|[from] move: Sand Tomb|[partiallytrapped]\n|upkeep\n|turn|7\n|\n|t:|1745963047\n|move|p1b: Zamazenta|Body Press|p2b: Ting-Lu\n|-resisted|p2b: Ting-Lu\n|-damage|p2b: Ting-Lu|62/100\n|-damage|p1b: Zamazenta|73/100|[from] item: Rocky Helmet|[of] p2b: Ting-Lu\n|move|p2a: Giratina|Poltergeist|p1a: Incineroar\n|-activate|p1a: Incineroar|move: Poltergeist|Safety Goggles\n|-damage|p1a: Incineroar|3/100\n|move|p1a: Incineroar|Parting Shot|p2a: Giratina\n|-unboost|p2a: Giratina|atk|1\n|-unboost|p2a: Giratina|spa|1\n|\n|t:|1745963058\n|switch|p1a: Calyrex|Calyrex-Shadow, L50|61/100|[from] Parting Shot\n|-ability|p1a: Calyrex|As One\n|-ability|p1a: Calyrex|Unnerve\n|move|p2b: Ting-Lu|Sand Tomb|p1b: Zamazenta\n|-supereffective|p1b: Zamazenta\n|-damage|p1b: Zamazenta|65/100\n|-activate|p1b: Zamazenta|move: Sand Tomb|[of] p2b: Ting-Lu\n|\n|-heal|p1a: Calyrex|67/100|[from] Grassy Terrain\n|-heal|p1b: Zamazenta|71/100|[from] Grassy Terrain\n|-heal|p2b: Ting-Lu|68/100|[from] Grassy Terrain\n|-damage|p1b: Zamazenta|58/100|[from] move: Sand Tomb|[partiallytrapped]\n|-fieldend|move: Grassy Terrain\n|upkeep\n|turn|8\n|inactive|lokkont has 30 seconds left.\n|\n|t:|1745963087\n|switch|p1a: Incineroar|Incineroar, L50, M, tera:Bug|3/100\n|-ability|p1a: Incineroar|Intimidate|boost\n|-unboost|p2a: Giratina|atk|1\n|-unboost|p2b: Ting-Lu|atk|1\n|move|p2a: Giratina|Shadow Sneak|p1a: Incineroar\n|-damage|p1a: Incineroar|0 fnt\n|faint|p1a: Incineroar\n|move|p1b: Zamazenta|Body Press|p2b: Ting-Lu\n|-resisted|p2b: Ting-Lu\n|-crit|p2b: Ting-Lu\n|-damage|p2b: Ting-Lu|40/100\n|-damage|p1b: Zamazenta|42/100|[from] item: Rocky Helmet|[of] p2b: Ting-Lu\n|move|p2b: Ting-Lu|Ruination|p1b: Zamazenta|[miss]\n|-miss|p2b: Ting-Lu|p1b: Zamazenta\n|\n|-damage|p1b: Zamazenta|29/100|[from] move: Sand Tomb|[partiallytrapped]\n|upkeep\n|\n|t:|1745963094\n|switch|p1a: Calyrex|Calyrex-Shadow, L50|67/100\n|-ability|p1a: Calyrex|As One\n|-ability|p1a: Calyrex|Unnerve\n|turn|9\n|\n|t:|1745963103\n|move|p2b: Ting-Lu|Protect|p2b: Ting-Lu\n|-singleturn|p2b: Ting-Lu|Protect\n|move|p2a: Giratina|Shadow Sneak|p1a: Calyrex\n|-supereffective|p1a: Calyrex\n|-damage|p1a: Calyrex|14/100\n|move|p1a: Calyrex|Astral Barrage|p2a: Giratina|[spread] p2a\n|-activate|p2b: Ting-Lu|move: Protect\n|-supereffective|p2a: Giratina\n|-damage|p2a: Giratina|19/100\n|-damage|p1a: Calyrex|4/100|[from] item: Life Orb\n|move|p1b: Zamazenta|Body Press|p2b: Ting-Lu\n|-activate|p2b: Ting-Lu|move: Protect\n|\n|-damage|p1b: Zamazenta|17/100|[from] move: Sand Tomb|[partiallytrapped]\n|upkeep\n|turn|10\n|\n|t:|1745963118\n|move|p1a: Calyrex|Protect|p1a: Calyrex\n|-singleturn|p1a: Calyrex|Protect\n|move|p2a: Giratina|Shadow Sneak|p1a: Calyrex\n|-activate|p1a: Calyrex|move: Protect\n|move|p1b: Zamazenta|Heavy Slam|p2a: Giratina\n|-damage|p2a: Giratina|7/100\n|move|p2b: Ting-Lu|Ruination|p1b: Zamazenta\n|-damage|p1b: Zamazenta|9/100\n|\n|-damage|p1b: Zamazenta|0 fnt|[from] move: Sand Tomb|[partiallytrapped]\n|faint|p1b: Zamazenta\n|upkeep\n|\n|t:|1745963121\n|switch|p1b: Rillaboom|Rillaboom, L50, M|100/100\n|-fieldstart|move: Grassy Terrain|[from] ability: Grassy Surge|[of] p1b: Rillaboom\n|turn|11\n|\n|t:|1745963135\n|move|p2a: Giratina|Shadow Sneak|p1a: Calyrex\n|-supereffective|p1a: Calyrex\n|-damage|p1a: Calyrex|0 fnt\n|faint|p1a: Calyrex\n|move|p1b: Rillaboom|Grassy Glide|p2a: Giratina\n|-resisted|p2a: Giratina\n|-damage|p2a: Giratina|0 fnt\n|faint|p2a: Giratina\n|move|p2b: Ting-Lu|Sand Tomb|p1b: Rillaboom\n|-resisted|p1b: Rillaboom\n|-damage|p1b: Rillaboom|97/100\n|-activate|p1b: Rillaboom|move: Sand Tomb|[of] p2b: Ting-Lu\n|\n|-heal|p1b: Rillaboom|100/100|[from] Grassy Terrain\n|-heal|p2b: Ting-Lu|46/100|[from] Grassy Terrain\n|-damage|p1b: Rillaboom|88/100|[from] move: Sand Tomb|[partiallytrapped]\n|upkeep\n|turn|12\n|\n|t:|1745963144\n|move|p2b: Ting-Lu|Protect|p2b: Ting-Lu\n|-singleturn|p2b: Ting-Lu|Protect\n|move|p1b: Rillaboom|Wood Hammer|p2b: Ting-Lu\n|-activate|p2b: Ting-Lu|move: Protect\n|\n|-heal|p1b: Rillaboom|94/100|[from] Grassy Terrain\n|-heal|p2b: Ting-Lu|52/100|[from] Grassy Terrain\n|-damage|p1b: Rillaboom|82/100|[from] move: Sand Tomb|[partiallytrapped]\n|upkeep\n|turn|13\n|\n|t:|1745963147\n|move|p1b: Rillaboom|Wood Hammer|p2b: Ting-Lu\n|-resisted|p2b: Ting-Lu\n|-damage|p2b: Ting-Lu|32/100\n|-damage|p1b: Rillaboom|65/100|[from] item: Rocky Helmet|[of] p2b: Ting-Lu\n|-damage|p1b: Rillaboom|56/100|[from] Recoil\n|move|p2b: Ting-Lu|Ruination|p1b: Rillaboom\n|-damage|p1b: Rillaboom|29/100\n|\n|-heal|p1b: Rillaboom|35/100|[from] Grassy Terrain\n|-heal|p2b: Ting-Lu|38/100|[from] Grassy Terrain\n|-damage|p1b: Rillaboom|22/100|[from] move: Sand Tomb|[partiallytrapped]\n|upkeep\n|turn|14\n|\n|t:|1745963157\n|move|p1b: Rillaboom|Wood Hammer|p2b: Ting-Lu\n|-resisted|p2b: Ting-Lu\n|-damage|p2b: Ting-Lu|18/100\n|-damage|p1b: Rillaboom|6/100|[from] item: Rocky Helmet|[of] p2b: Ting-Lu\n|-damage|p1b: Rillaboom|0 fnt|[from] Recoil\n|faint|p1b: Rillaboom\n|\n|win|sushirocket\n|raw|lokkont's rating: 1217 &rarr; <strong>1191</strong><br />(-26 for losing)\n|raw|sushirocket's rating: 1204 &rarr; <strong>1230</strong><br />(+26 for winning)\n|l|\u2606lokkont\n|player|p1|\n", "uploadtime": 1745963250, "views": 29, "formatid": "gen9vgc2025regibo3", "rating": 1191, "private": 0, "password": null}