{"id": "gen9vgc2025regibo3-2354191471", "format": "[Gen 9] VGC 2025 Reg I (Bo3)", "players": ["tzarii", "OhDaGuru"], "log": "|j|\u2606tzarii\n|j|\u2606OhDaGuru\n|html|<table width=\"100%\"><tr><td align=\"left\">tzarii</td><td align=\"right\">OhDaGuru</tr><tr><td align=\"left\"><i class=\"fa fa-circle-o\"></i> <i class=\"fa fa-circle-o\"></i> </td><td align=\"right\"><i class=\"fa fa-circle-o\"></i> <i class=\"fa fa-circle\"></i> </tr></table>\n|uhtml|bestof|<h2><strong>Game 2</strong> of <a href=\"/game-bestof3-gen9vgc2025regibo3-2354185847\">a best-of-3</a></h2>\n|t:|1746043108\n|gametype|doubles\n|player|p1|tzarii|lady-gen4|1168\n|player|p2|OhDaGuru|266|1255\n|teamsize|p1|6\n|teamsize|p2|6\n|gen|9\n|tier|[Gen 9] VGC 2025 Reg I (Bo3)\n|rated|\n|rule|Species Clause: Limit one of each Pok\u00e9mon\n|rule|Item Clause: Limit 1 of each item\n|clearpoke\n|poke|p1|Koraidon, L50|\n|poke|p1|Groudon, L50|\n|poke|p1|Flutter Mane, L50|\n|poke|p1|Scovillain, L50, M|\n|poke|p1|Rillaboom, L50, F|\n|poke|p1|Scream Tail, L50|\n|poke|p2|Kyogre, L50|\n|poke|p2|Miraidon, L50|\n|poke|p2|Tornadus, L50, M|\n|poke|p2|Iron Hands, L50|\n|poke|p2|Farigiraf, L50, F|\n|poke|p2|Iron Treads, L50|\n|teampreview|4\n|showteam|p1|Koraidon||ClearAmulet|OrichalcumPulse|FlameCharge,CloseCombat,FlareBlitz,Protect||||||50|,,,,,Fire]Groudon||AssaultVest|Drought|PrecipiceBlades,HeatCrash,RockSlide,HighHorsepower||||||50|,,,,,Water]Flutter Mane||FocusSash|Protosynthesis|Moonblast,IcyWind,ShadowBall,Protect||||||50|,,,,,Fairy]Scovillain||CovertCloak|Chlorophyll|Overheat,SpicyExtract,WillOWisp,ScaryFace|||M|||50|,,,,,Fire]Rillaboom||MiracleSeed|GrassySurge|FakeOut,GrassyGlide,WoodHammer,Protect|||F|||50|,,,,,Water]Scream Tail||RedCard|Protosynthesis|StealthRock,Encore,Disable,Protect||||||50|,,,,,Dark\n|showteam|p2|Kyogre||MysticWater|Drizzle|WaterSpout,OriginPulse,IceBeam,Protect||||||50|,,,,,Grass]Miraidon||ChoiceSpecs|HadronEngine|ElectroDrift,DracoMeteor,DazzlingGleam,VoltSwitch||||||50|,,,,,Fairy]Tornadus||FocusSash|Prankster|BleakwindStorm,Tailwind,RainDance,Protect|||M|||50|,,,,,Ghost]Iron Hands||AssaultVest|QuarkDrive|WildCharge,DrainPunch,LowKick,FakeOut||||||50|,,,,,Water]Farigiraf||ElectricSeed|ArmorTail|FoulPlay,PsychicNoise,TrickRoom,HelpingHand|||F|||50|,,,,,Water]Iron Treads||LifeOrb|QuarkDrive|HighHorsepower,SteelRoller,KnockOff,Protect||||||50|,,,,,Ghost\n|inactive|Battle timer is ON: inactive players will automatically lose when time's up. (requested by OhDaGuru)\n|\n|t:|1746043125\n|start\n|switch|p1a: Groudon|Groudon, L50|100/100\n|switch|p1b: Scream Tail|Scream Tail, L50|100/100\n|switch|p2a: Miraidon|Miraidon, L50|100/100\n|switch|p2b: Tornadus|Tornadus, L50, M|100/100\n|-fieldstart|move: Electric Terrain|[from] ability: Hadron Engine|[of] p2a: Miraidon\n|-weather|SunnyDay|[from] ability: Drought|[of] p1a: Groudon\n|-activate|p1b: Scream Tail|ability: Protosynthesis\n|-start|p1b: Scream Tail|protosynthesisspe\n|turn|1\n|inactive|tzarii has 30 seconds left.\n|inactive|OhDaGuru has 30 seconds left.\n|inactive|tzarii has 20 seconds left.\n|inactive|tzarii has 15 seconds left.\n|inactive|OhDaGuru has 20 seconds left.\n|inactive|tzarii has 10 seconds left.\n|\n|t:|1746043171\n|switch|p1a: Rillaboom|Rillaboom, L50, F|100/100\n|-fieldstart|move: Grassy Terrain|[from] ability: Grassy Surge|[of] p1a: Rillaboom\n|-terastallize|p2a: Miraidon|Fairy\n|move|p2b: Tornadus|Tailwind|p2b: Tornadus\n|-sidestart|p2: OhDaGuru|move: Tailwind\n|move|p2a: Miraidon|Volt Switch|p1b: Scream Tail\n|-damage|p1b: Scream Tail|60/100\n|-enditem|p1b: Scream Tail|Red Card|[of] p2a: Miraidon\n|drag|p2a: Iron Hands|Iron Hands, L50|100/100\n|move|p1b: Scream Tail|Stealth Rock|p2a: Iron Hands\n|-sidestart|p2: OhDaGuru|move: Stealth Rock\n|\n|-weather|SunnyDay|[upkeep]\n|-heal|p1b: Scream Tail|65/100|[from] Grassy Terrain\n|upkeep\n|turn|2\n|inactive|tzarii has 30 seconds left.\n|inactive|OhDaGuru has 30 seconds left.\n|inactive|tzarii has 20 seconds left.\n|inactive|OhDaGuru has 20 seconds left.\n|inactive|tzarii has 15 seconds left.\n|inactive|OhDaGuru has 15 seconds left.\n|inactive|tzarii has 10 seconds left.\n|inactive|OhDaGuru has 10 seconds left.\n|\n|t:|1746043217\n|switch|p1a: Groudon|Groudon, L50|100/100\n|move|p2a: Iron Hands|Fake Out|p1a: Groudon\n|-damage|p1a: Groudon|90/100\n|move|p2b: Tornadus|Bleakwind Storm|p1b: Scream Tail|[spread] p1a,p1b\n|-damage|p1a: Groudon|68/100\n|-damage|p1b: Scream Tail|38/100\n|move|p1b: Scream Tail|Disable|p2b: Tornadus\n|-start|p2b: Tornadus|Disable|Bleakwind Storm\n|\n|-weather|SunnyDay|[upkeep]\n|-heal|p1b: Scream Tail|44/100|[from] Grassy Terrain\n|-heal|p1a: Groudon|74/100|[from] Grassy Terrain\n|upkeep\n|turn|3\n|inactive|tzarii has 30 seconds left.\n|\n|t:|1746043243\n|-end|p2a: Iron Hands|Quark Drive|[silent]\n|switch|p2a: Kyogre|Kyogre, L50|100/100\n|-damage|p2a: Kyogre|88/100|[from] Stealth Rock\n|-weather|RainDance|[from] ability: Drizzle|[of] p2a: Kyogre\n|-end|p1b: Scream Tail|Protosynthesis\n|move|p2b: Tornadus|Rain Dance||[still]\n|-fail|p2b: Tornadus\n|move|p1b: Scream Tail|Encore||[still]\n|-fail|p1b: Scream Tail\n|move|p1a: Groudon|Precipice Blades|p2a: Kyogre|[spread] p2a\n|-immune|p2b: Tornadus\n|-damage|p2a: Kyogre|44/100\n|\n|-weather|RainDance|[upkeep]\n|-heal|p2a: Kyogre|50/100|[from] Grassy Terrain\n|-heal|p1b: Scream Tail|50/100|[from] Grassy Terrain\n|-heal|p1a: Groudon|79/100|[from] Grassy Terrain\n|upkeep\n|turn|4\n|inactive|tzarii has 30 seconds left.\n|inactive|tzarii has 20 seconds left.\n|inactive|tzarii has 15 seconds left.\n|\n|t:|1746043287\n|-end|p1b: Scream Tail|Protosynthesis|[silent]\n|switch|p1b: Rillaboom|Rillaboom, L50, F|100/100\n|switch|p1a: Koraidon|Koraidon, L50|100/100\n|-weather|SunnyDay|[from] ability: Orichalcum Pulse|[of] p1a: Koraidon\n|-activate|p1a: Koraidon|Orichalcum Pulse|[source]\n|move|p2b: Tornadus|Rain Dance|p2b: Tornadus\n|-weather|RainDance\n|move|p2a: Kyogre|Origin Pulse|p1a: Koraidon|[spread] p1b\n|-miss|p2a: Kyogre|p1a: Koraidon\n|-resisted|p1b: Rillaboom\n|-damage|p1b: Rillaboom|46/100\n|\n|-weather|RainDance|[upkeep]\n|-heal|p2a: Kyogre|56/100|[from] Grassy Terrain\n|-heal|p1b: Rillaboom|52/100|[from] Grassy Terrain\n|-sideend|p2: OhDaGuru|move: Tailwind\n|upkeep\n|turn|5\n|inactive|tzarii has 30 seconds left.\n|inactive|OhDaGuru has 30 seconds left.\n|inactive|tzarii has 20 seconds left.\n|inactive|tzarii has 15 seconds left.\n|inactive|tzarii has 10 seconds left.\n|inactive|OhDaGuru has 20 seconds left.\n|\n|t:|1746043335\n|switch|p2a: Miraidon|Miraidon, L50, tera:Fairy|100/100\n|-damage|p2a: Miraidon|88/100|[from] Stealth Rock\n|-fieldstart|move: Electric Terrain|[from] ability: Hadron Engine|[of] p2a: Miraidon\n|move|p2b: Tornadus|Tailwind|p2b: Tornadus\n|-sidestart|p2: OhDaGuru|move: Tailwind\n|move|p1a: Koraidon|Close Combat|p2a: Miraidon\n|-resisted|p2a: Miraidon\n|-damage|p2a: Miraidon|58/100\n|-unboost|p1a: Koraidon|def|1\n|-unboost|p1a: Koraidon|spd|1\n|move|p1b: Rillaboom|Grassy Glide|p2a: Miraidon\n|-damage|p2a: Miraidon|27/100\n|\n|-weather|RainDance|[upkeep]\n|upkeep\n|turn|6\n|inactive|tzarii has 30 seconds left.\n|inactive|OhDaGuru has 30 seconds left.\n|inactive|tzarii has 20 seconds left.\n|inactive|OhDaGuru has 20 seconds left.\n|inactive|tzarii has 15 seconds left.\n|inactive|OhDaGuru has 15 seconds left.\n|inactive|tzarii has 10 seconds left.\n|inactive|tzarii has 5 seconds left.\n|\n|t:|1746043388\n|switch|p1b: Groudon|Groudon, L50|79/100\n|-weather|SunnyDay|[from] ability: Drought|[of] p1b: Groudon\n|move|p2b: Tornadus|Protect|p2b: Tornadus\n|-singleturn|p2b: Tornadus|Protect\n|move|p1a: Koraidon|Protect|p1a: Koraidon\n|-singleturn|p1a: Koraidon|Protect\n|move|p2a: Miraidon|Draco Meteor|p1b: Groudon\n|-damage|p1b: Groudon|8/100\n|-unboost|p2a: Miraidon|spa|2\n|\n|-weather|SunnyDay|[upkeep]\n|-end|p2b: Tornadus|Disable\n|upkeep\n|turn|7\n|inactive|tzarii has 30 seconds left.\n|inactive|tzarii has 20 seconds left.\n|\n|t:|1746043428\n|switch|p2a: Kyogre|Kyogre, L50|56/100\n|-damage|p2a: Kyogre|43/100|[from] Stealth Rock\n|-weather|RainDance|[from] ability: Drizzle|[of] p2a: Kyogre\n|switch|p1b: Scream Tail|Scream Tail, L50|50/100\n|-terastallize|p1a: Koraidon|Fire\n|move|p2b: Tornadus|Bleakwind Storm|p1b: Scream Tail|[spread] p1a,p1b\n|-damage|p1a: Koraidon|34/100\n|-damage|p1b: Scream Tail|19/100\n|move|p1a: Koraidon|Close Combat|p2a: Kyogre\n|-damage|p2a: Kyogre|0 fnt\n|-unboost|p1a: Koraidon|def|1\n|-unboost|p1a: Koraidon|spd|1\n|faint|p2a: Kyogre\n|\n|-weather|RainDance|[upkeep]\n|upkeep\n|\n|t:|1746043448\n|switch|p2a: Miraidon|Miraidon, L50, tera:Fairy|27/100\n|-damage|p2a: Miraidon|14/100|[from] Stealth Rock\n|-activate|p2a: Miraidon|ability: Hadron Engine\n|turn|8\n|\n|t:|1746043472\n|switch|p1a: Groudon|Groudon, L50|8/100\n|-weather|SunnyDay|[from] ability: Drought|[of] p1a: Groudon\n|-activate|p1b: Scream Tail|ability: Protosynthesis\n|-start|p1b: Scream Tail|protosynthesisspe\n|move|p1b: Scream Tail|Protect|p1b: Scream Tail\n|-singleturn|p1b: Scream Tail|Protect\n|move|p2b: Tornadus|Rain Dance|p2b: Tornadus\n|-weather|RainDance\n|-end|p1b: Scream Tail|Protosynthesis\n|move|p2a: Miraidon|Dazzling Gleam|p1b: Scream Tail|[spread] p1a\n|-activate|p1b: Scream Tail|move: Protect\n|-damage|p1a: Groudon|0 fnt\n|faint|p1a: Groudon\n|\n|-weather|RainDance|[upkeep]\n|-sideend|p2: OhDaGuru|move: Tailwind\n|upkeep\n|inactive|tzarii has 30 seconds left.\n|\n|t:|1746043501\n|switch|p1a: Rillaboom|Rillaboom, L50, F|52/100\n|-fieldstart|move: Grassy Terrain|[from] ability: Grassy Surge|[of] p1a: Rillaboom\n|turn|9\n|\n|t:|1746043524\n|switch|p2a: Iron Hands|Iron Hands, L50|100/100\n|-damage|p2a: Iron Hands|95/100|[from] Stealth Rock\n|move|p1a: Rillaboom|Grassy Glide|p2a: Iron Hands\n|-damage|p2a: Iron Hands|60/100\n|move|p1b: Scream Tail|Encore|p2b: Tornadus\n|-start|p2b: Tornadus|Encore\n|move|p2b: Tornadus|Rain Dance||[still]\n|-fail|p2b: Tornadus\n|\n|-weather|RainDance|[upkeep]\n|-heal|p1b: Scream Tail|24/100|[from] Grassy Terrain\n|-heal|p1a: Rillaboom|58/100|[from] Grassy Terrain\n|-heal|p2a: Iron Hands|66/100|[from] Grassy Terrain\n|upkeep\n|turn|10\n|inactive|tzarii has 30 seconds left.\n|inactive|OhDaGuru has 30 seconds left.\n|inactive|tzarii has 20 seconds left.\n|inactive|OhDaGuru has 20 seconds left.\n|inactive|tzarii has 15 seconds left.\n|inactive|OhDaGuru has 15 seconds left.\n|inactive|tzarii has 10 seconds left.\n|\n|t:|1746043570\n|switch|p2b: Miraidon|Miraidon, L50, tera:Fairy|14/100\n|-damage|p2b: Miraidon|2/100|[from] Stealth Rock\n|-fieldstart|move: Electric Terrain|[from] ability: Hadron Engine|[of] p2b: Miraidon\n|-activate|p2a: Iron Hands|ability: Quark Drive\n|-start|p2a: Iron Hands|quarkdriveatk\n|move|p1b: Scream Tail|Protect|p1b: Scream Tail\n|-singleturn|p1b: Scream Tail|Protect\n|move|p1a: Rillaboom|Grassy Glide|p2b: Miraidon\n|-damage|p2b: Miraidon|0 fnt\n|faint|p2b: Miraidon\n|move|p2a: Iron Hands|Drain Punch|p1a: Rillaboom\n|-damage|p1a: Rillaboom|6/100\n|-heal|p2a: Iron Hands|88/100|[from] drain|[of] p1a: Rillaboom\n|\n|-weather|RainDance|[upkeep]\n|upkeep\n|inactive|tzarii has 25 seconds left this turn.\n|\n|t:|1746043576\n|switch|p2b: Tornadus|Tornadus, L50, M|100/100\n|-damage|p2b: Tornadus|76/100|[from] Stealth Rock\n|turn|11\n|inactive|tzarii has 25 seconds left this turn.\n|inactive|tzarii has 20 seconds left.\n|inactive|tzarii has 15 seconds left.\n|inactive|tzarii has 10 seconds left.\n|inactive|tzarii has 5 seconds left.\n|\n|t:|1746043597\n|switch|p1a: Koraidon|Koraidon, L50, tera:Fire|34/100\n|-weather|SunnyDay|[from] ability: Orichalcum Pulse|[of] p1a: Koraidon\n|-activate|p1b: Scream Tail|ability: Protosynthesis\n|-start|p1b: Scream Tail|protosynthesisspe\n|-activate|p1a: Koraidon|Orichalcum Pulse|[source]\n|move|p2b: Tornadus|Tailwind|p2b: Tornadus\n|-sidestart|p2: OhDaGuru|move: Tailwind\n|move|p1b: Scream Tail|Stealth Rock||[still]\n|-fail|p1b: Scream Tail\n|move|p2a: Iron Hands|Low Kick|p1a: Koraidon\n|-damage|p1a: Koraidon|0 fnt\n|faint|p1a: Koraidon\n|\n|-weather|SunnyDay|[upkeep]\n|upkeep\n|inactive|tzarii has 5 seconds left this turn.\n|\n|t:|1746043601\n|switch|p1a: Rillaboom|Rillaboom, L50, F|6/100\n|-fieldstart|move: Grassy Terrain|[from] ability: Grassy Surge|[of] p1a: Rillaboom\n|-end|p2a: Iron Hands|Quark Drive\n|turn|12\n|inactive|tzarii has 5 seconds left this turn.\n|-message|tzarii lost due to inactivity.\n|\n|win|OhDaGuru\n|raw|tzarii's rating: 1168 &rarr; <strong>1149</strong><br />(-19 for losing)\n|raw|OhDaGuru's rating: 1255 &rarr; <strong>1274</strong><br />(+19 for winning)\n|l|\u2606tzarii\n|player|p1|\n|c|\u2606OhDaGuru|lol\n", "uploadtime": 1746043617, "views": 23, "formatid": "gen9vgc2025regibo3", "rating": 1149, "private": 0, "password": null}