{"id": "gen9vgc2025regibo3-2355131503", "format": "[Gen 9] VGC 2025 Reg I (Bo3)", "players": ["Bionicsonic", "Terrabyu"], "log": "|j|\u2606Bionicsonic\n|j|\u2606Terrabyu\n|html|<table width=\"100%\"><tr><td align=\"left\">Bionicsonic</td><td align=\"right\">Terrabyu</tr><tr><td align=\"left\"><i class=\"fa fa-circle\"></i> <i class=\"fa fa-circle-o\"></i> </td><td align=\"right\"><i class=\"fa fa-circle-o\"></i> <i class=\"fa fa-circle-o\"></i> </tr></table>\n|uhtml|bestof|<h2><strong>Game 2</strong> of <a href=\"/game-bestof3-gen9vgc2025regibo3-2355128340\">a best-of-3</a></h2>\n|t:|1746156490\n|gametype|doubles\n|player|p1|Bionicsonic|riley|\n|player|p2|Terrabyu|marlon|\n|teamsize|p1|6\n|teamsize|p2|6\n|gen|9\n|tier|[Gen 9] VGC 2025 Reg I (Bo3)\n|rule|Species Clause: Limit one of each Pok\u00e9mon\n|rule|Item Clause: Limit 1 of each item\n|clearpoke\n|poke|p1|Pelipper, L50, F|\n|poke|p1|Palafin, L50, F|\n|poke|p1|Archaludon, L50, F|\n|poke|p1|Rillaboom, L50, M|\n|poke|p1|Baxcalibur, L50, F|\n|poke|p1|Clefairy, L50, M|\n|poke|p2|Araquanid, L50, F|\n|poke|p2|Incineroar, L50, F|\n|poke|p2|Lilligant-Hisui, L50, F|\n|poke|p2|Torkoal, L50, M|\n|poke|p2|Dusclops, L50, M|\n|poke|p2|Ursaluna, L50, M|\n|teampreview|4\n|showteam|p1|Pelipper||FocusSash|Drizzle|WideGuard,Protect,Tailwind,Hurricane|||F|||50|,,,,,Ghost]Palafin||ChoiceBand|ZerotoHero|JetPunch,CloseCombat,FlipTurn,WaveCrash|||F|||50|,,,,,Fire]Archaludon||AssaultVest|Stamina|DracoMeteor,FlashCannon,ElectroShot,BodyPress|||F|||50|,,,,,Grass]Rillaboom||MiracleSeed|GrassySurge|WoodHammer,Uturn,FakeOut,Protect|||M|||50|,,,,,Fire]Baxcalibur||ClearAmulet|ThermalExchange|IceShard,GlaiveRush,Protect,SwordsDance|||F|||50|,,,,,Poison]Clefairy||Eviolite|FriendGuard|FollowMe,Protect,Imprison,Sing|||M|||50|,,,,,Grass\n|showteam|p2|Araquanid||Leftovers|WaterBubble|Liquidation,LeechLife,Protect,WideGuard|||F|||50|,,,,,Steel]Incineroar||SitrusBerry|Intimidate|FakeOut,FlareBlitz,KnockOff,PartingShot|||F|||50|,,,,,Ghost]Lilligant-Hisui||FocusSash|Chlorophyll|AfterYou,LeafBlade,CloseCombat,Protect|||F|||50|,,,,,Flying]Torkoal||Charcoal|Drought|Eruption,EarthPower,WeatherBall,Protect|||M|||50|,,,,,Fire]Dusclops||Eviolite|Pressure|TrickRoom,PainSplit,NightShade,WillOWisp|||M|||50|,,,,,Fairy]Ursaluna||FlameOrb|Guts|Facade,HeadlongRush,Protect,Earthquake|||M|||50|,,,,,Ghost\n|\n|t:|1746156535\n|start\n|switch|p1a: Plipper|Pelipper, L50, F, shiny|100/100\n|switch|p1b: Dundundoodididi|Archaludon, L50, F|100/100\n|switch|p2a: Lilligant|Lilligant-Hisui, L50, F, shiny|100/100\n|switch|p2b: Torkoal|Torkoal, L50, M|100/100\n|-weather|RainDance|[from] ability: Drizzle|[of] p1a: Plipper\n|-weather|SunnyDay|[from] ability: Drought|[of] p2b: Torkoal\n|turn|1\n|\n|t:|1746156571\n|move|p2b: Torkoal|Protect|p2b: Torkoal\n|-singleturn|p2b: Torkoal|Protect\n|move|p2a: Lilligant|Close Combat|p1b: Dundundoodididi\n|-supereffective|p1b: Dundundoodididi\n|-damage|p1b: Dundundoodididi|21/100\n|-unboost|p2a: Lilligant|def|1\n|-unboost|p2a: Lilligant|spd|1\n|-ability|p1b: Dundundoodididi|Stamina|boost\n|-boost|p1b: Dundundoodididi|def|1\n|move|p1a: Plipper|Tailwind|p1a: Plipper\n|-sidestart|p1: Bionicsonic|move: Tailwind\n|move|p1b: Dundundoodididi|Draco Meteor|p2b: Torkoal\n|-activate|p2b: Torkoal|move: Protect\n|\n|-weather|SunnyDay|[upkeep]\n|upkeep\n|turn|2\n|\n|t:|1746156609\n|switch|p1a: NoHope|Palafin, L50, F, shiny|100/100\n|switch|p2b: Dusclops|Dusclops, L50, M|100/100\n|-ability|p2b: Dusclops|Pressure\n|move|p2a: Lilligant|Close Combat|p1b: Dundundoodididi\n|-supereffective|p1b: Dundundoodididi\n|-damage|p1b: Dundundoodididi|0 fnt\n|-unboost|p2a: Lilligant|def|1\n|-unboost|p2a: Lilligant|spd|1\n|faint|p1b: Dundundoodididi\n|\n|-weather|SunnyDay|[upkeep]\n|upkeep\n|\n|t:|1746156621\n|switch|p1b: Plipper|Pelipper, L50, F, shiny|100/100\n|-weather|RainDance|[from] ability: Drizzle|[of] p1b: Plipper\n|turn|3\n|\n|t:|1746156632\n|switch|p2a: Torkoal|Torkoal, L50, M|100/100\n|-weather|SunnyDay|[from] ability: Drought|[of] p2a: Torkoal\n|move|p1a: NoHope|Flip Turn|p2b: Dusclops\n|-damage|p2b: Dusclops|91/100\n|\n|t:|1746156640\n|detailschange|p1a: NoHope|Palafin-Hero, L50, F, shiny\n|switch|p1a: BurrBurrBurr|Baxcalibur, L50, F|100/100|[from] Flip Turn\n|move|p1b: Plipper|Hurricane|p2a: Torkoal|[miss]\n|-miss|p1b: Plipper|p2a: Torkoal\n|move|p2b: Dusclops|Trick Room|p2b: Dusclops\n|-fieldstart|move: Trick Room|[of] p2b: Dusclops\n|\n|-weather|SunnyDay|[upkeep]\n|upkeep\n|turn|4\n|\n|t:|1746156674\n|move|p1b: Plipper|Wide Guard|p1b: Plipper\n|-singleturn|p1b: Plipper|Wide Guard\n|move|p2a: Torkoal|Eruption|p1a: BurrBurrBurr|[spread] \n|-activate|p1a: BurrBurrBurr|move: Wide Guard\n|-activate|p1b: Plipper|move: Wide Guard\n|move|p2b: Dusclops|Will-O-Wisp|p1b: Plipper\n|-status|p1b: Plipper|brn\n|move|p1a: BurrBurrBurr|Glaive Rush|p2a: Torkoal\n|-damage|p2a: Torkoal|44/100\n|-singlemove|p1a: BurrBurrBurr|Glaive Rush|[silent]\n|\n|-weather|SunnyDay|[upkeep]\n|-damage|p1b: Plipper|95/100 brn|[from] brn\n|-sideend|p1: Bionicsonic|move: Tailwind\n|upkeep\n|turn|5\n|\n|t:|1746156702\n|switch|p2a: Incineroar|Incineroar, L50, F|100/100\n|-ability|p2a: Incineroar|Intimidate|boost\n|-fail|p1a: BurrBurrBurr|unboost|[from] item: Clear Amulet|[of] p1a: BurrBurrBurr\n|-unboost|p1b: Plipper|atk|1\n|switch|p1b: NoHope|Palafin-Hero, L50, F, shiny|100/100\n|-activate|p1b: NoHope|ability: Zero to Hero\n|move|p2b: Dusclops|Night Shade|p1a: BurrBurrBurr\n|-damage|p1a: BurrBurrBurr|74/100\n|move|p1a: BurrBurrBurr|Glaive Rush|p2a: Incineroar\n|-damage|p2a: Incineroar|53/100\n|-singlemove|p1a: BurrBurrBurr|Glaive Rush|[silent]\n|\n|-weather|SunnyDay|[upkeep]\n|upkeep\n|turn|6\n|\n|t:|1746156749\n|move|p2a: Incineroar|Fake Out|p1a: BurrBurrBurr\n|-damage|p1a: BurrBurrBurr|53/100\n|move|p1b: NoHope|Jet Punch|p2a: Incineroar\n|-supereffective|p2a: Incineroar\n|-damage|p2a: Incineroar|14/100\n|-enditem|p2a: Incineroar|Sitrus Berry|[eat]\n|-heal|p2a: Incineroar|39/100|[from] item: Sitrus Berry\n|move|p2b: Dusclops|Will-O-Wisp|p1b: NoHope\n|-status|p1b: NoHope|brn\n|cant|p1a: BurrBurrBurr|flinch\n|\n|-weather|SunnyDay|[upkeep]\n|-damage|p1b: NoHope|94/100 brn|[from] brn\n|upkeep\n|turn|7\n|\n|t:|1746156772\n|move|p1b: NoHope|Jet Punch|p2b: Dusclops\n|-damage|p2b: Dusclops|84/100\n|move|p2b: Dusclops|Night Shade|p1a: BurrBurrBurr\n|-damage|p1a: BurrBurrBurr|27/100\n|move|p2a: Incineroar|Knock Off|p1b: NoHope\n|-damage|p1b: NoHope|56/100 brn\n|-enditem|p1b: NoHope|Choice Band|[from] move: Knock Off|[of] p2a: Incineroar\n|move|p1a: BurrBurrBurr|Glaive Rush|p2a: Incineroar\n|-damage|p2a: Incineroar|0 fnt\n|-singlemove|p1a: BurrBurrBurr|Glaive Rush|[silent]\n|faint|p2a: Incineroar\n|\n|-weather|none\n|-damage|p1b: NoHope|50/100 brn|[from] brn\n|-fieldend|move: Trick Room\n|upkeep\n|\n|t:|1746156783\n|switch|p2a: Lilligant|Lilligant-Hisui, L50, F, shiny|100/100\n|turn|8\n|\n|t:|1746156814\n|-terastallize|p1b: NoHope|Fire\n|move|p2a: Lilligant|Protect|p2a: Lilligant\n|-singleturn|p2a: Lilligant|Protect\n|move|p1b: NoHope|Wave Crash|p2b: Dusclops\n|-damage|p2b: Dusclops|62/100\n|-damage|p1b: NoHope|44/100 brn|[from] Recoil\n|move|p1a: BurrBurrBurr|Glaive Rush|p2a: Lilligant\n|-activate|p2a: Lilligant|move: Protect\n|move|p2b: Dusclops|Trick Room|p2b: Dusclops\n|-fieldstart|move: Trick Room|[of] p2b: Dusclops\n|\n|-damage|p1b: NoHope|38/100 brn|[from] brn\n|upkeep\n|turn|9\n|\n|t:|1746156858\n|switch|p1a: Plipper|Pelipper, L50, F, shiny|95/100 brn\n|-weather|RainDance|[from] ability: Drizzle|[of] p1a: Plipper\n|move|p2b: Dusclops|Night Shade|p1b: NoHope\n|-damage|p1b: NoHope|10/100 brn\n|move|p2a: Lilligant|Close Combat|p1a: Plipper\n|-resisted|p1a: Plipper\n|-damage|p1a: Plipper|58/100 brn\n|-unboost|p2a: Lilligant|def|1\n|-unboost|p2a: Lilligant|spd|1\n|move|p1b: NoHope|Wave Crash|p2b: Dusclops\n|-damage|p2b: Dusclops|30/100\n|-damage|p1b: NoHope|2/100 brn|[from] Recoil\n|\n|-weather|RainDance|[upkeep]\n|-damage|p1a: Plipper|52/100 brn|[from] brn\n|-damage|p1b: NoHope|0 fnt|[from] brn\n|faint|p1b: NoHope\n|upkeep\n|\n|t:|1746156874\n|switch|p1b: BurrBurrBurr|Baxcalibur, L50, F|27/100\n|turn|10\n|\n|t:|1746156886\n|switch|p2a: Torkoal|Torkoal, L50, M|44/100\n|-weather|SunnyDay|[from] ability: Drought|[of] p2a: Torkoal\n|move|p2b: Dusclops|Pain Split|p1a: Plipper\n|-sethp|p1a: Plipper|40/100 brn|[from] move: Pain Split|[silent]\n|-sethp|p2b: Dusclops|41/100|[from] move: Pain Split\n|move|p1a: Plipper|Hurricane|p2a: Torkoal|[miss]\n|-miss|p1a: Plipper|p2a: Torkoal\n|move|p1b: BurrBurrBurr|Glaive Rush|p2b: Dusclops\n|-damage|p2b: Dusclops|0 fnt\n|-singlemove|p1b: BurrBurrBurr|Glaive Rush|[silent]\n|faint|p2b: Dusclops\n|\n|-weather|SunnyDay|[upkeep]\n|-damage|p1a: Plipper|35/100 brn|[from] brn\n|upkeep\n|\n|t:|1746156897\n|switch|p2b: Lilligant|Lilligant-Hisui, L50, F, shiny|100/100\n|turn|11\n|\n|t:|1746156928\n|-terastallize|p2b: Lilligant|Flying\n|move|p1a: Plipper|Wide Guard|p1a: Plipper\n|-singleturn|p1a: Plipper|Wide Guard\n|move|p2a: Torkoal|Weather Ball|p1b: BurrBurrBurr\n|-damage|p1b: BurrBurrBurr|0 fnt\n|faint|p1b: BurrBurrBurr\n|move|p2b: Lilligant|Leaf Blade|p1a: Plipper\n|-damage|p1a: Plipper|0 fnt\n|faint|p1a: Plipper\n|\n|win|Terrabyu\n||Terrabyu is ready for game 3.\n|inactive|Bionicsonic has 30 seconds to confirm battle start!\n||Bionicsonic is ready for game 3.\n|uhtml|next|Next: <a href=\"/battle-gen9vgc2025regibo3-2355134854\"><strong>Game 3 of 3</strong></a>\n|l|\u2606Terrabyu\n|player|p2|\n|l|\u2606Bionicsonic\n|player|p1|\n", "uploadtime": 1746157306, "views": 3, "formatid": "gen9vgc2025regibo3", "rating": null, "private": 0, "password": null}