{"id": "gen9vgc2025regibo3-2354788763", "format": "[Gen 9] VGC 2025 Reg I (Bo3)", "players": ["Solunex", "kotamager34"], "log": "|j|\u203dSolunex\n|j|\u2606kotamager34\n|html|<table width=\"100%\"><tr><td align=\"left\">Solunex</td><td align=\"right\">kotamager34</tr><tr><td align=\"left\"><i class=\"fa fa-circle\"></i> <i class=\"fa fa-circle-o\"></i> </td><td align=\"right\"><i class=\"fa fa-circle-o\"></i> <i class=\"fa fa-circle-o\"></i> </tr></table>\n|uhtml|bestof|<h2><strong>Game 2</strong> of <a href=\"/game-bestof3-gen9vgc2025regibo3-2354786000\">a best-of-3</a></h2>\n|t:|1746119865\n|gametype|doubles\n|player|p1|Solunex|101|1113\n|player|p2|kotamager34|ghetsis|1116\n|teamsize|p1|6\n|teamsize|p2|6\n|gen|9\n|tier|[Gen 9] VGC 2025 Reg I (Bo3)\n|rated|\n|rule|Species Clause: Limit one of each Pok\u00e9mon\n|rule|Item Clause: Limit 1 of each item\n|clearpoke\n|poke|p1|Rillaboom, L50, M|\n|poke|p1|Kyogre, L50|\n|poke|p1|Calyrex-Ice, L50|\n|poke|p1|Moltres-Galar, L50|\n|poke|p1|Tornadus, L50, M|\n|poke|p1|Landorus, L50, M|\n|poke|p2|Ting-Lu, L50|\n|poke|p2|Ogerpon-Hearthflame, L50, F|\n|poke|p2|Indeedee-F, L50, F|\n|poke|p2|Lunala, L50|\n|poke|p2|Koraidon, L50|\n|poke|p2|Brute Bonnet, L50|\n|teampreview|4\n|showteam|p1|Rillaboom||AssaultVest|GrassySurge|WoodHammer,GrassyGlide,FakeOut,Uturn|||M|||50|,,,,,Fire]Kyogre||MysticWater|Drizzle|WaterSpout,OriginPulse,IceBeam,Protect||||||50|,,,,,Water]Calyrex-Ice||ClearAmulet|AsOneGlastrier|GlacialLance,HighHorsepower,TrickRoom,Protect||||||50|,,,,,Grass]Moltres-Galar||Leftovers|Berserk|FieryWrath,Hurricane,HelpingHand,Protect||||||50|,,,,,Poison]Tornadus||CovertCloak|Prankster|BleakwindStorm,RainDance,Tailwind,Taunt|||M|||50|,,,,,Dark]Landorus||LifeOrb|SheerForce|SandsearStorm,EarthPower,SludgeBomb,Protect|||M|||50|,,,,,Ghost\n|showteam|p2|Ting-Lu||AssaultVest|VesselofRuin|LashOut,StompingTantrum,SandTomb,TeraBlast||||||50|,,,,,Fairy]Ogerpon-Hearthflame||HearthflameMask|MoldBreaker|SpikyShield,FollowMe,IvyCudgel,WoodHammer|||F|||50|,,,,,Fire]Indeedee-F||RockyHelmet|PsychicSurge|DazzlingGleam,FollowMe,HelpingHand,TrickRoom|||F|||50|,,,,,Fairy]Lunala||PowerHerb|ShadowShield|MoongeistBeam,MeteorBeam,ExpandingForce,TrickRoom||||||50|,,,,,Water]Koraidon||ClearAmulet|OrichalcumPulse|CollisionCourse,FlareBlitz,FlameCharge,Protect||||||50|,,,,,Fire]Brute Bonnet||CovertCloak|Protosynthesis|SuckerPunch,Spore,RagePowder,SeedBomb||||||50|,,,,,Water\n|inactive|Battle timer is ON: inactive players will automatically lose when time's up. (requested by kotamager34)\n|inactive|kotamager34 has 60 seconds left.\n|\n|t:|1746119899\n|start\n|switch|p1a: Calyrex|Calyrex-Ice, L50|100/100\n|switch|p1b: Rillaboom|Rillaboom, L50, M|100/100\n|switch|p2a: Scarlet johanson|Koraidon, L50|100/100\n|switch|p2b: Indeedee|Indeedee-F, L50, F|100/100\n|-ability|p1a: Calyrex|As One\n|-ability|p1a: Calyrex|Unnerve\n|-weather|SunnyDay|[from] ability: Orichalcum Pulse|[of] p2a: Scarlet johanson\n|-activate|p2a: Scarlet johanson|Orichalcum Pulse|[source]\n|-fieldstart|move: Grassy Terrain|[from] ability: Grassy Surge|[of] p1b: Rillaboom\n|-fieldstart|move: Psychic Terrain|[from] ability: Psychic Surge|[of] p2b: Indeedee\n|turn|1\n|inactive|Solunex has 30 seconds left.\n|inactive|kotamager34 has 30 seconds left.\n|\n|t:|1746119930\n|switch|p2a: Ogerpon|Ogerpon-Hearthflame, L50, F|100/100\n|-ability|p2a: Ogerpon|Mold Breaker\n|-terastallize|p1b: Rillaboom|Fire\n|move|p1a: Calyrex|Protect|p1a: Calyrex\n|-singleturn|p1a: Calyrex|Protect\n|move|p1b: Rillaboom|U-turn|p2a: Ogerpon\n|-damage|p2a: Ogerpon|74/100\n|\n|t:|1746119944\n|switch|p1b: Kyogre|Kyogre, L50|100/100|[from] U-turn\n|-weather|RainDance|[from] ability: Drizzle|[of] p1b: Kyogre\n|move|p2b: Indeedee|Dazzling Gleam|p1a: Calyrex|[spread] p1b\n|-activate|p1a: Calyrex|move: Protect\n|-crit|p1b: Kyogre\n|-damage|p1b: Kyogre|85/100\n|\n|-weather|RainDance|[upkeep]\n|upkeep\n|turn|2\n|\n|t:|1746119958\n|switch|p2b: Scarlet johanson|Koraidon, L50|100/100\n|-weather|SunnyDay|[from] ability: Orichalcum Pulse|[of] p2b: Scarlet johanson\n|-activate|p2b: Scarlet johanson|Orichalcum Pulse|[source]\n|switch|p1a: Rillaboom|Rillaboom, L50, M, tera:Fire|100/100\n|-fieldstart|move: Grassy Terrain|[from] ability: Grassy Surge|[of] p1a: Rillaboom\n|move|p2a: Ogerpon|Ivy Cudgel|p1a: Rillaboom|[anim] Ivy Cudgel Fire\n|-resisted|p1a: Rillaboom\n|-damage|p1a: Rillaboom|64/100\n|move|p1b: Kyogre|Ice Beam|p2b: Scarlet johanson\n|-supereffective|p2b: Scarlet johanson\n|-damage|p2b: Scarlet johanson|32/100\n|\n|-weather|SunnyDay|[upkeep]\n|-heal|p2b: Scarlet johanson|38/100|[from] Grassy Terrain\n|-heal|p2a: Ogerpon|80/100|[from] Grassy Terrain\n|-heal|p1b: Kyogre|91/100|[from] Grassy Terrain\n|-heal|p1a: Rillaboom|70/100|[from] Grassy Terrain\n|upkeep\n|turn|3\n|inactive|Solunex has 30 seconds left.\n|\n|t:|1746119990\n|switch|p2b: Indeedee|Indeedee-F, L50, F|100/100\n|-fieldstart|move: Psychic Terrain|[from] ability: Psychic Surge|[of] p2b: Indeedee\n|switch|p1b: Moltres|Moltres-Galar, L50|100/100\n|move|p2a: Ogerpon|Wood Hammer|p1b: Moltres\n|-resisted|p1b: Moltres\n|-damage|p1b: Moltres|73/100\n|-damage|p2a: Ogerpon|71/100|[from] Recoil\n|move|p1a: Rillaboom|U-turn|p2a: Ogerpon\n|-damage|p2a: Ogerpon|47/100\n|\n|t:|1746120003\n|switch|p1a: Kyogre|Kyogre, L50|91/100|[from] U-turn\n|-weather|RainDance|[from] ability: Drizzle|[of] p1a: Kyogre\n|\n|-weather|RainDance|[upkeep]\n|-heal|p1b: Moltres|79/100|[from] item: Leftovers\n|upkeep\n|turn|4\n|\n|t:|1746120017\n|switch|p1a: Rillaboom|Rillaboom, L50, M, tera:Fire|70/100\n|-fieldstart|move: Grassy Terrain|[from] ability: Grassy Surge|[of] p1a: Rillaboom\n|move|p2a: Ogerpon|Wood Hammer|p1a: Rillaboom\n|-resisted|p1a: Rillaboom\n|-damage|p1a: Rillaboom|34/100\n|-damage|p2a: Ogerpon|34/100|[from] Recoil\n|move|p1b: Moltres|Hurricane|p2a: Ogerpon\n|-supereffective|p2a: Ogerpon\n|-damage|p2a: Ogerpon|0 fnt\n|faint|p2a: Ogerpon\n|move|p2b: Indeedee|Trick Room|p2b: Indeedee\n|-fieldstart|move: Trick Room|[of] p2b: Indeedee\n|\n|-weather|RainDance|[upkeep]\n|-heal|p1a: Rillaboom|39/100|[from] Grassy Terrain\n|-heal|p1b: Moltres|85/100|[from] item: Leftovers\n|upkeep\n|\n|t:|1746120023\n|switch|p2a: Lunala|Lunala, L50|100/100\n|turn|5\n|inactive|Solunex has 30 seconds left.\n|\n|t:|1746120049\n|move|p2b: Indeedee|Helping Hand|p2a: Lunala\n|-singleturn|p2a: Lunala|Helping Hand|[of] p2b: Indeedee\n|move|p1a: Rillaboom|Fake Out|p2b: Indeedee\n|-damage|p2b: Indeedee|88/100\n|-damage|p1a: Rillaboom|23/100|[from] item: Rocky Helmet|[of] p2b: Indeedee\n|move|p1b: Moltres|Fiery Wrath|p2b: Indeedee|[spread] p2a,p2b\n|-supereffective|p2a: Lunala\n|-supereffective|p2b: Indeedee\n|-damage|p2a: Lunala|60/100\n|-damage|p2b: Indeedee|33/100\n|cant|p2a: Lunala|flinch\n|\n|-weather|RainDance|[upkeep]\n|-heal|p2b: Indeedee|39/100|[from] Grassy Terrain\n|-heal|p1a: Rillaboom|29/100|[from] Grassy Terrain\n|-heal|p1b: Moltres|91/100|[from] item: Leftovers\n|-heal|p2a: Lunala|67/100|[from] Grassy Terrain\n|upkeep\n|turn|6\n|\n|t:|1746120066\n|-terastallize|p2a: Lunala|Water\n|move|p2b: Indeedee|Follow Me|p2b: Indeedee\n|-singleturn|p2b: Indeedee|move: Follow Me\n|move|p1a: Rillaboom|Grassy Glide|p2b: Indeedee\n|-damage|p2b: Indeedee|4/100\n|-damage|p1a: Rillaboom|12/100|[from] item: Rocky Helmet|[of] p2b: Indeedee\n|move|p1b: Moltres|Fiery Wrath|p2a: Lunala|[spread] p2a,p2b\n|-supereffective|p2b: Indeedee\n|-damage|p2a: Lunala|48/100\n|-damage|p2b: Indeedee|0 fnt\n|faint|p2b: Indeedee\n|move|p2a: Lunala|Meteor Beam||[still]\n|-prepare|p2a: Lunala|Meteor Beam\n|-boost|p2a: Lunala|spa|1\n|-enditem|p2a: Lunala|Power Herb\n|-anim|p2a: Lunala|Meteor Beam|p1b: Moltres\n|-supereffective|p1b: Moltres\n|-damage|p1b: Moltres|0 fnt\n|faint|p1b: Moltres\n|\n|-weather|RainDance|[upkeep]\n|-heal|p1a: Rillaboom|18/100|[from] Grassy Terrain\n|-heal|p2a: Lunala|54/100|[from] Grassy Terrain\n|upkeep\n|\n|t:|1746120084\n|switch|p2b: Scarlet johanson|Koraidon, L50|38/100\n|switch|p1b: Calyrex|Calyrex-Ice, L50|100/100\n|-ability|p1b: Calyrex|As One\n|-ability|p1b: Calyrex|Unnerve\n|-weather|SunnyDay|[from] ability: Orichalcum Pulse|[of] p2b: Scarlet johanson\n|-activate|p2b: Scarlet johanson|Orichalcum Pulse|[source]\n|turn|7\n|\n|t:|1746120090\n|move|p2b: Scarlet johanson|Protect|p2b: Scarlet johanson\n|-singleturn|p2b: Scarlet johanson|Protect\n|move|p1a: Rillaboom|Grassy Glide|p2a: Lunala\n|-supereffective|p2a: Lunala\n|-damage|p2a: Lunala|0 fnt\n|faint|p2a: Lunala\n|move|p1b: Calyrex|Glacial Lance|p2b: Scarlet johanson\n|-activate|p2b: Scarlet johanson|move: Protect\n|\n|-weather|SunnyDay|[upkeep]\n|-heal|p1a: Rillaboom|24/100|[from] Grassy Terrain\n|-heal|p2b: Scarlet johanson|44/100|[from] Grassy Terrain\n|upkeep\n|turn|8\n|-message|kotamager34 forfeited.\n|\n|win|Solunex\n|raw|Solunex's rating: 1113 &rarr; <strong>1138</strong><br />(+25 for winning)\n|raw|kotamager34's rating: 1116 &rarr; <strong>1091</strong><br />(-25 for losing)\n|l|\u2606kotamager34\n|player|p2|\n", "uploadtime": 1746120147, "views": 7, "formatid": "gen9vgc2025regibo3", "rating": 1091, "private": 0, "password": null}