{"id": "gen9vgc2025regibo3-2354253305", "format": "[Gen 9] VGC 2025 Reg I (Bo3)", "players": ["Jbsmah", "PeePooBum"], "log": "|j|\u2606Jbsmah\n|j|\u2606PeePooBum\n|html|<table width=\"100%\"><tr><td align=\"left\">Jbsmah</td><td align=\"right\">PeePooBum</tr><tr><td align=\"left\"><i class=\"fa fa-circle-o\"></i> <i class=\"fa fa-circle-o\"></i> </td><td align=\"right\"><i class=\"fa fa-circle-o\"></i> <i class=\"fa fa-circle\"></i> </tr></table>\n|uhtml|bestof|<h2><strong>Game 2</strong> of <a href=\"/game-bestof3-gen9vgc2025regibo3-2354250383\">a best-of-3</a></h2>\n|t:|1746049391\n|gametype|doubles\n|player|p1|Jbsmah|170|1139\n|player|p2|PeePooBum|101|1129\n|teamsize|p1|6\n|teamsize|p2|6\n|gen|9\n|tier|[Gen 9] VGC 2025 Reg I (Bo3)\n|rated|\n|rule|Species Clause: Limit one of each Pok\u00e9mon\n|rule|Item Clause: Limit 1 of each item\n|clearpoke\n|poke|p1|Calyrex-Ice, L50|\n|poke|p1|Farigiraf, L50, F|\n|poke|p1|Iron Valiant, L50|\n|poke|p1|Miraidon, L50|\n|poke|p1|Iron Hands, L50|\n|poke|p1|Ogerpon-Cornerstone, L50, F|\n|poke|p2|Koraidon, L50|\n|poke|p2|Solgaleo, L50|\n|poke|p2|Flutter Mane, L50|\n|poke|p2|Brute Bonnet, L50|\n|poke|p2|Gastrodon-East, L50, M|\n|poke|p2|Rotom-Wash, L50|\n|teampreview|4\n|showteam|p1|Calyrex-Ice||ClearAmulet|AsOneGlastrier|GlacialLance,HighHorsepower,TrickRoom,Protect||||||50|,,,,,Fire]Farigiraf||ElectricSeed|ArmorTail|Psychic,FoulPlay,TrickRoom,Protect|||F|||50|,,,,,Water]Iron Valiant||FocusSash|QuarkDrive|Moonblast,WideGuard,Coaching,Protect||||||50|,,,,,Ghost]Miraidon||ChoiceSpecs|HadronEngine|ElectroDrift,VoltSwitch,DazzlingGleam,DracoMeteor||||||50|,,,,,Fairy]Iron Hands||AssaultVest|QuarkDrive|FakeOut,WildCharge,DrainPunch,LowKick||||||50|,,,,,Water]Ogerpon-Cornerstone||CornerstoneMask|Sturdy|IvyCudgel,PowerWhip,FollowMe,SpikyShield|||F|||50|,,,,,Rock\n|showteam|p2|Koraidon||ClearAmulet|OrichalcumPulse|FlareBlitz,FlameCharge,CollisionCourse,Protect||||||50|,,,,,Fire]Solgaleo||WeaknessPolicy|FullMetalBody|SunsteelStrike,PsychicFangs,WideGuard,Protect||||||50|,,,,,Flying]Flutter Mane||FocusSash|Protosynthesis|Moonblast,ShadowBall,IcyWind,Protect||||||50|,,,,,Normal]Brute Bonnet||RockyHelmet|Protosynthesis|Spore,RagePowder,SeedBomb,SuckerPunch||||||50|,,,,,Water]Gastrodon-East||SafetyGoggles|StormDrain|ClearSmog,EarthPower,Yawn,Recover|||M|||50|,,,,,Fire]Rotom-Wash||SitrusBerry|Levitate|Electroweb,Thunderbolt,HydroPump,Protect||||||50|,,,,,Fire\n|\n|t:|1746049405\n|start\n|switch|p1a: Farigiraf|Farigiraf, L50, F|100/100\n|switch|p1b: Miraidon|Miraidon, L50|100/100\n|switch|p2a: Brute Bonnet|Brute Bonnet, L50|100/100\n|switch|p2b: Solgaleo|Solgaleo, L50|100/100\n|-fieldstart|move: Electric Terrain|[from] ability: Hadron Engine|[of] p1b: Miraidon\n|-enditem|p1a: Farigiraf|Electric Seed\n|-boost|p1a: Farigiraf|def|1|[from] item: Electric Seed\n|turn|1\n|\n|t:|1746049433\n|move|p2a: Brute Bonnet|Rage Powder|p2a: Brute Bonnet\n|-singleturn|p2a: Brute Bonnet|move: Rage Powder\n|move|p1b: Miraidon|Volt Switch|p2a: Brute Bonnet\n|-resisted|p2a: Brute Bonnet\n|-damage|p2a: Brute Bonnet|69/100\n|\n|t:|1746049439\n|switch|p1b: Calyrex|Calyrex-Ice, L50|100/100|[from] Volt Switch\n|-ability|p1b: Calyrex|As One\n|-ability|p1b: Calyrex|Unnerve\n|move|p2b: Solgaleo|Sunsteel Strike|p1a: Farigiraf\n|-damage|p1a: Farigiraf|75/100\n|move|p1a: Farigiraf|Trick Room|p1a: Farigiraf\n|-fieldstart|move: Trick Room|[of] p1a: Farigiraf\n|\n|upkeep\n|turn|2\n|inactive|Battle timer is ON: inactive players will automatically lose when time's up. (requested by Jbsmah)\n|\n|t:|1746049474\n|switch|p1b: Iron Hands|Iron Hands, L50|100/100\n|-activate|p1b: Iron Hands|ability: Quark Drive\n|-start|p1b: Iron Hands|quarkdriveatk\n|move|p2b: Solgaleo|Wide Guard|p2b: Solgaleo\n|-singleturn|p2b: Solgaleo|Wide Guard\n|move|p2a: Brute Bonnet|Seed Bomb|p1a: Farigiraf\n|-damage|p1a: Farigiraf|56/100\n|move|p1a: Farigiraf|Foul Play|p2a: Brute Bonnet\n|-resisted|p2a: Brute Bonnet\n|-damage|p2a: Brute Bonnet|60/100\n|-damage|p1a: Farigiraf|40/100|[from] item: Rocky Helmet|[of] p2a: Brute Bonnet\n|\n|upkeep\n|turn|3\n|inactive|PeePooBum has 30 seconds left.\n|\n|t:|1746049505\n|-end|p2a: Brute Bonnet|Protosynthesis|[silent]\n|switch|p2a: Gastrodon|Gastrodon-East, L50, M|100/100\n|move|p1b: Iron Hands|Low Kick|p2b: Solgaleo\n|-damage|p2b: Solgaleo|40/100\n|move|p1a: Farigiraf|Foul Play|p2b: Solgaleo\n|-supereffective|p2b: Solgaleo\n|-damage|p2b: Solgaleo|1/100\n|-enditem|p2b: Solgaleo|Weakness Policy\n|-boost|p2b: Solgaleo|atk|2|[from] item: Weakness Policy\n|-boost|p2b: Solgaleo|spa|2|[from] item: Weakness Policy\n|move|p2b: Solgaleo|Sunsteel Strike|p1a: Farigiraf\n|-damage|p1a: Farigiraf|0 fnt\n|faint|p1a: Farigiraf\n|\n|upkeep\n|\n|t:|1746049513\n|switch|p1a: Calyrex|Calyrex-Ice, L50|100/100\n|-ability|p1a: Calyrex|As One\n|-ability|p1a: Calyrex|Unnerve\n|turn|4\n|\n|t:|1746049539\n|move|p2b: Solgaleo|Protect|p2b: Solgaleo\n|-singleturn|p2b: Solgaleo|Protect\n|move|p1a: Calyrex|High Horsepower|p2b: Solgaleo\n|-activate|p2b: Solgaleo|move: Protect\n|move|p1b: Iron Hands|Low Kick|p2a: Gastrodon\n|-damage|p2a: Gastrodon|52/100\n|move|p2a: Gastrodon|Earth Power|p1b: Iron Hands\n|-supereffective|p1b: Iron Hands\n|-damage|p1b: Iron Hands|72/100\n|\n|upkeep\n|turn|5\n|inactive|PeePooBum has 30 seconds left.\n|\n|t:|1746049566\n|move|p2b: Solgaleo|Wide Guard|p2b: Solgaleo\n|-singleturn|p2b: Solgaleo|Wide Guard\n|move|p1a: Calyrex|High Horsepower|p2b: Solgaleo\n|-supereffective|p2b: Solgaleo\n|-damage|p2b: Solgaleo|0 fnt\n|faint|p2b: Solgaleo\n|-ability|p1a: Calyrex|Chilling Neigh|boost\n|-boost|p1a: Calyrex|atk|1\n|move|p1b: Iron Hands|Low Kick|p2a: Gastrodon\n|-damage|p2a: Gastrodon|11/100\n|move|p2a: Gastrodon|Recover|p2a: Gastrodon\n|-heal|p2a: Gastrodon|61/100\n|\n|-fieldend|move: Trick Room\n|-fieldend|move: Electric Terrain\n|-end|p1b: Iron Hands|Quark Drive\n|upkeep\n|\n|t:|1746049585\n|switch|p2b: Koraidon|Koraidon, L50|100/100\n|-weather|SunnyDay|[from] ability: Orichalcum Pulse|[of] p2b: Koraidon\n|-activate|p2b: Koraidon|Orichalcum Pulse|[source]\n|turn|6\n|inactive|PeePooBum has 30 seconds left.\n|inactive|PeePooBum has 20 seconds left.\n|\n|t:|1746049623\n|-end|p1b: Iron Hands|Quark Drive|[silent]\n|switch|p1b: Miraidon|Miraidon, L50|100/100\n|-fieldstart|move: Electric Terrain|[from] ability: Hadron Engine|[of] p1b: Miraidon\n|-terastallize|p2b: Koraidon|Fire\n|-terastallize|p1a: Calyrex|Fire\n|move|p2b: Koraidon|Flame Charge|p1a: Calyrex\n|-resisted|p1a: Calyrex\n|-damage|p1a: Calyrex|80/100\n|-boost|p2b: Koraidon|spe|1\n|move|p2a: Gastrodon|Clear Smog|p1a: Calyrex\n|-damage|p1a: Calyrex|73/100\n|-clearboost|p1a: Calyrex\n|move|p1a: Calyrex|Trick Room|p1a: Calyrex\n|-fieldstart|move: Trick Room|[of] p1a: Calyrex\n|\n|-weather|SunnyDay|[upkeep]\n|upkeep\n|turn|7\n|inactive|PeePooBum has 30 seconds left.\n|inactive|PeePooBum has 20 seconds left.\n|\n|t:|1746049660\n|move|p2b: Koraidon|Protect|p2b: Koraidon\n|-singleturn|p2b: Koraidon|Protect\n|move|p1a: Calyrex|Glacial Lance|p2a: Gastrodon|[spread] p2a\n|-activate|p2b: Koraidon|move: Protect\n|-damage|p2a: Gastrodon|0 fnt\n|faint|p2a: Gastrodon\n|-ability|p1a: Calyrex|Chilling Neigh|boost\n|-boost|p1a: Calyrex|atk|1\n|move|p1b: Miraidon|Electro Drift|p2b: Koraidon\n|-activate|p2b: Koraidon|move: Protect\n|\n|-weather|SunnyDay|[upkeep]\n|upkeep\n|\n|t:|1746049675\n|switch|p2a: Brute Bonnet|Brute Bonnet, L50|60/100\n|-activate|p2a: Brute Bonnet|ability: Protosynthesis\n|-start|p2a: Brute Bonnet|protosynthesisatk\n|turn|8\n|inactive|PeePooBum has 30 seconds left.\n|\n|t:|1746049703\n|move|p2a: Brute Bonnet|Sucker Punch|p1a: Calyrex\n|-damage|p1a: Calyrex|50/100\n|move|p1a: Calyrex|Glacial Lance|p2a: Brute Bonnet|[spread] p2a,p2b\n|-supereffective|p2a: Brute Bonnet\n|-resisted|p2b: Koraidon\n|-damage|p2a: Brute Bonnet|0 fnt\n|-damage|p2b: Koraidon|60/100\n|faint|p2a: Brute Bonnet\n|-end|p2a: Brute Bonnet|Protosynthesis|[silent]\n|-ability|p1a: Calyrex|Chilling Neigh|boost\n|-boost|p1a: Calyrex|atk|1\n|move|p1b: Miraidon|Electro Drift|p2b: Koraidon\n|-damage|p2b: Koraidon|0 fnt\n|faint|p2b: Koraidon\n|\n|win|Jbsmah\n||Jbsmah is ready for game 3.\n|inactive|PeePooBum has 30 seconds to confirm battle start!\n||PeePooBum is ready for game 3.\n|uhtml|next|Next: <a href=\"/battle-gen9vgc2025regibo3-2354256452\"><strong>Game 3 of 3</strong></a>\n|l|\u2606Jbsmah\n|player|p1|\n", "uploadtime": 1746050053, "views": 6, "formatid": "gen9vgc2025regibo3", "rating": null, "private": 0, "password": null}