{"id": "gen9vgc2025regibo3-2354168608", "format": "[Gen 9] VGC 2025 Reg I (Bo3)", "players": ["Feddouu", "CerealesIsTaken"], "log": "|j|\u2606Feddouu\n|j|\u2606CerealesIsTaken\n|html|<table width=\"100%\"><tr><td align=\"left\">Feddouu</td><td align=\"right\">CerealesIsTaken</tr><tr><td align=\"left\"><i class=\"fa fa-circle-o\"></i> <i class=\"fa fa-circle-o\"></i> </td><td align=\"right\"><i class=\"fa fa-circle-o\"></i> <i class=\"fa fa-circle-o\"></i> </tr></table>\n|uhtml|bestof|<h2><strong>Game 1</strong> of <a href=\"/game-bestof3-gen9vgc2025regibo3-2354168607\">a best-of-3</a></h2>\n|t:|1746040909\n|gametype|doubles\n|player|p1|Feddouu|266|1172\n|player|p2|CerealesIsTaken|pokekid|1169\n|teamsize|p1|6\n|teamsize|p2|6\n|gen|9\n|tier|[Gen 9] VGC 2025 Reg I (Bo3)\n|rated|\n|rule|Species Clause: Limit one of each Pok\u00e9mon\n|rule|Item Clause: Limit 1 of each item\n|clearpoke\n|poke|p1|Chien-Pao, L50|\n|poke|p1|Calyrex-Shadow, L50|\n|poke|p1|Urshifu-*, L50, F|\n|poke|p1|Iron Hands, L50|\n|poke|p1|Weezing-Galar, L50, M|\n|poke|p1|Zacian-*, L50|\n|poke|p2|Miraidon, L50|\n|poke|p2|Zamazenta-*, L50|\n|poke|p2|Grimmsnarl, L50, M|\n|poke|p2|Volcarona, L50, F|\n|poke|p2|Iron Hands, L50|\n|poke|p2|Ditto, L50|\n|teampreview|4\n|showteam|p1|Chien-Pao||LifeOrb|SwordofRuin|ThroatChop,SuckerPunch,IceSpinner,Protect||||||50|,,,,,Stellar]Calyrex-Shadow||FocusSash|AsOneSpectrier|AstralBarrage,Encore,Psychic,Protect||||||50|,,,,,Ghost]Urshifu-Rapid-Strike||ChoiceScarf|UnseenFist|SurgingStrikes,CloseCombat,Uturn,AquaJet|||F|||50|,,,,,Water]Iron Hands||AssaultVest|QuarkDrive|FakeOut,HeavySlam,WildCharge,LowKick||||||50|,,,,,Water]Weezing-Galar||RockyHelmet|NeutralizingGas|DazzlingGleam,Taunt,Protect,ToxicSpikes|||M|||50|,,,,,Water]Zacian-Crowned||RustedSword|IntrepidSword|behemothblade,PlayRough,Protect,SacredSword||||||50|,,,,,Fairy\n|showteam|p2|Miraidon||ChoiceSpecs|HadronEngine|ElectroDrift,DracoMeteor,DazzlingGleam,VoltSwitch||||||50|,,,,,Fairy]Zamazenta-Crowned||RustedShield|DauntlessShield|BodyPress,behemothbash,WideGuard,Protect||||||50|,,,,,Dragon]Grimmsnarl||LightClay|Prankster|ThunderWave,FoulPlay,Reflect,LightScreen|||M|||50|,,,,,Ghost]Volcarona||SitrusBerry|FlameBody|FieryDance,GigaDrain,QuiverDance,Protect|||F|||50|,,,,,Grass]Iron Hands||AssaultVest|QuarkDrive|FakeOut,WildCharge,DrainPunch,VoltSwitch||||||50|,,,,,Water]Ditto||FocusSash|Imposter|Transform||||||50|,,,,,Normal\n|inactive|Battle timer is ON: inactive players will automatically lose when time's up. (requested by CerealesIsTaken)\n|\n|t:|1746040975\n|start\n|switch|p1a: Weezing|Weezing-Galar, L50, M|100/100\n|switch|p1b: Zacian|Zacian-Crowned, L50|100/100\n|switch|p2a: Zamazenta|Zamazenta-Crowned, L50|100/100\n|switch|p2b: Grimmsnarl|Grimmsnarl, L50, M, shiny|100/100\n|-ability|p1a: Weezing|Neutralizing Gas\n|turn|1\n|\n|t:|1746040992\n|-terastallize|p2b: Grimmsnarl|Ghost\n|move|p1b: Zacian|Behemoth Blade|p2b: Grimmsnarl\n|-damage|p2b: Grimmsnarl|38/100\n|move|p2a: Zamazenta|Body Press|p1b: Zacian\n|-damage|p1b: Zacian|52/100\n|move|p1a: Weezing|Dazzling Gleam|p2a: Zamazenta|[spread] p2a,p2b\n|-damage|p2a: Zamazenta|87/100\n|-damage|p2b: Grimmsnarl|22/100\n|move|p2b: Grimmsnarl|Thunder Wave|p1b: Zacian\n|-status|p1b: Zacian|par\n|\n|upkeep\n|turn|2\n|inactive|CerealesIsTaken has 30 seconds left.\n|\n|t:|1746041019\n|move|p2a: Zamazenta|Behemoth Bash|p1a: Weezing\n|-supereffective|p1a: Weezing\n|-damage|p1a: Weezing|38/100\n|-damage|p2a: Zamazenta|71/100|[from] item: Rocky Helmet|[of] p1a: Weezing\n|move|p1b: Zacian|Play Rough|p2a: Zamazenta\n|-damage|p2a: Zamazenta|38/100\n|move|p1a: Weezing|Toxic Spikes|p2a: Zamazenta\n|-sidestart|p2: CerealesIsTaken|move: Toxic Spikes\n|move|p2b: Grimmsnarl|Reflect|p2b: Grimmsnarl\n|-sidestart|p2: CerealesIsTaken|Reflect\n|\n|upkeep\n|turn|3\n|\n|t:|1746041043\n|move|p2a: Zamazenta|Behemoth Bash|p1a: Weezing\n|-supereffective|p1a: Weezing\n|-damage|p1a: Weezing|0 fnt\n|-damage|p2a: Zamazenta|21/100|[from] item: Rocky Helmet|[of] p1a: Weezing\n|faint|p1a: Weezing\n|-end|p1a: Weezing|ability: Neutralizing Gas\n|-ability|p2a: Zamazenta|Dauntless Shield|boost\n|-boost|p2a: Zamazenta|def|1\n|-ability|p1b: Zacian|Intrepid Sword|boost\n|-boost|p1b: Zacian|atk|1\n|move|p2b: Grimmsnarl|Light Screen|p2b: Grimmsnarl\n|-sidestart|p2: CerealesIsTaken|move: Light Screen\n|move|p1b: Zacian|Sacred Sword|p2a: Zamazenta\n|-supereffective|p2a: Zamazenta\n|-crit|p2a: Zamazenta\n|-damage|p2a: Zamazenta|0 fnt\n|faint|p2a: Zamazenta\n|\n|upkeep\n|\n|t:|1746041055\n|switch|p2a: Miraidon|Miraidon, L50|100/100\n|switch|p1a: Calyrex|Calyrex-Shadow, L50|100/100\n|-ability|p1a: Calyrex|As One\n|-ability|p1a: Calyrex|Unnerve\n|-status|p2a: Miraidon|psn\n|-fieldstart|move: Electric Terrain|[from] ability: Hadron Engine|[of] p2a: Miraidon\n|turn|4\n|inactive|CerealesIsTaken has 30 seconds left.\n|\n|t:|1746041082\n|move|p1a: Calyrex|Protect|p1a: Calyrex\n|-singleturn|p1a: Calyrex|Protect\n|move|p2b: Grimmsnarl|Thunder Wave|p1a: Calyrex\n|-activate|p1a: Calyrex|move: Protect\n|move|p2a: Miraidon|Volt Switch|p1b: Zacian\n|-damage|p1b: Zacian|0 fnt\n|faint|p1b: Zacian\n|\n|t:|1746041084\n|switch|p2a: Ditto|Ditto, L50|100/100|[from] Volt Switch\n|-status|p2a: Ditto|psn\n|\n|-damage|p2a: Ditto|88/100 psn|[from] psn\n|upkeep\n|\n|t:|1746041095\n|switch|p1b: Iron Hands|Iron Hands, L50|100/100\n|-activate|p1b: Iron Hands|ability: Quark Drive\n|-start|p1b: Iron Hands|quarkdriveatk\n|turn|5\n|\n|t:|1746041104\n|switch|p2a: Miraidon|Miraidon, L50|100/100 psn\n|-activate|p2a: Miraidon|ability: Hadron Engine\n|move|p1a: Calyrex|Protect||[still]\n|-fail|p1a: Calyrex\n|move|p2b: Grimmsnarl|Thunder Wave|p1a: Calyrex\n|-status|p1a: Calyrex|par\n|move|p1b: Iron Hands|Wild Charge|p2b: Grimmsnarl\n|-damage|p2b: Grimmsnarl|0 fnt\n|faint|p2b: Grimmsnarl\n|-damage|p1b: Iron Hands|96/100|[from] Recoil\n|\n|-damage|p2a: Miraidon|88/100 psn|[from] psn\n|upkeep\n|\n|t:|1746041107\n|switch|p2b: Ditto|Ditto, L50|88/100 psn\n|-transform|p2b: Ditto|p1a: Calyrex|[from] ability: Imposter\n|-ability|p2b: Ditto|As One\n|-ability|p2b: Ditto|Unnerve\n|turn|6\n|\n|t:|1746041131\n|move|p2b: Ditto|Protect|p2b: Ditto\n|-singleturn|p2b: Ditto|Protect\n|move|p2a: Miraidon|Dazzling Gleam|p1b: Iron Hands|[spread] p1a,p1b\n|-supereffective|p1b: Iron Hands\n|-damage|p1a: Calyrex|60/100 par\n|-damage|p1b: Iron Hands|48/100\n|move|p1a: Calyrex|Astral Barrage|p2a: Miraidon|[spread] p2a\n|-activate|p2b: Ditto|move: Protect\n|-damage|p2a: Miraidon|53/100 psn\n|move|p1b: Iron Hands|Low Kick|p2a: Miraidon\n|-damage|p2a: Miraidon|0 fnt\n|faint|p2a: Miraidon\n|\n|-damage|p2b: Ditto|76/100 psn|[from] psn\n|upkeep\n|turn|7\n|\n|t:|1746041147\n|move|p1a: Calyrex|Protect|p1a: Calyrex\n|-singleturn|p1a: Calyrex|Protect\n|move|p2b: Ditto|Astral Barrage|p1b: Iron Hands|[spread] p1b\n|-activate|p1a: Calyrex|move: Protect\n|-damage|p1b: Iron Hands|21/100\n|move|p1b: Iron Hands|Wild Charge|p2b: Ditto\n|-damage|p2b: Ditto|0 fnt\n|faint|p2b: Ditto\n|-damage|p1b: Iron Hands|9/100|[from] Recoil\n|\n|win|Feddouu\n||CerealesIsTaken is ready for game 2.\n||Feddouu is ready for game 2.\n|uhtml|next|Next: <a href=\"/battle-gen9vgc2025regibo3-2354171149\"><strong>Game 2 of 3</strong></a>\n|l|\u2606Feddouu\n|player|p1|\n", "uploadtime": 1746041572, "views": 8, "formatid": "gen9vgc2025regibo3", "rating": null, "private": 0, "password": null}