{"id": "gen9vgc2025regibo3-2353717615", "format": "[Gen 9] VGC 2025 Reg I (Bo3)", "players": ["PokemonmasterN2009", "Snickers23"], "log": "|j|\u2606PokemonmasterN2009\n|j|\u2606Snickers23\n|html|<table width=\"100%\"><tr><td align=\"left\">PokemonmasterN2009</td><td align=\"right\">Snickers23</tr><tr><td align=\"left\"><i class=\"fa fa-circle-o\"></i> <i class=\"fa fa-circle-o\"></i> </td><td align=\"right\"><i class=\"fa fa-circle-o\"></i> <i class=\"fa fa-circle-o\"></i> </tr></table>\n|uhtml|bestof|<h2><strong>Game 1</strong> of <a href=\"/game-bestof3-gen9vgc2025regibo3-2353717614\">a best-of-3</a></h2>\n|t:|1745988012\n|gametype|doubles\n|player|p1|PokemonmasterN2009|steven|1462\n|player|p2|Snickers23|rosa|1318\n|teamsize|p1|6\n|teamsize|p2|6\n|gen|9\n|tier|[Gen 9] VGC 2025 Reg I (Bo3)\n|rated|\n|rule|Species Clause: Limit one of each Pok\u00e9mon\n|rule|Item Clause: Limit 1 of each item\n|clearpoke\n|poke|p1|Calyrex-Ice, L50|\n|poke|p1|Smeargle, L50, M|\n|poke|p1|Kyogre, L50|\n|poke|p1|Farigiraf, L50, M|\n|poke|p1|Amoonguss, L50, M|\n|poke|p1|Rillaboom, L50, F|\n|poke|p2|Calyrex-Shadow, L50|\n|poke|p2|Zamazenta-*, L50|\n|poke|p2|Incineroar, L50, M|\n|poke|p2|Rillaboom, L50, F|\n|poke|p2|Clefairy, L50, M|\n|poke|p2|Urshifu-*, L50, F|\n|teampreview|4\n|showteam|p1|Calyrex-Ice||ClearAmulet|AsOneGlastrier|TrickRoom,GlacialLance,HighHorsepower,Protect||||||50|,,,,,Water]Smeargle||FocusSash|OwnTempo|Spore,FollowMe,WideGuard,Decorate|||M|||50|,,,,,Grass]Kyogre||IronBall|Drizzle|WaterSpout,HydroPump,Thunder,IceBeam||||||50|,,,,,Grass]Farigiraf||ThroatSpray|ArmorTail|TrickRoom,HyperVoice,Roar,PsychicNoise|||M|||50|,,,,,Water]Amoonguss||MentalHerb|Regenerator|RagePowder,ClearSmog,Spore,PollenPuff|||M|||50|,,,,,Water]Rillaboom||MiracleSeed|GrassySurge|GrassyGlide,WoodHammer,Taunt,FakeOut|||F|||50|,,,,,Grass\n|showteam|p2|Calyrex-Shadow||SpellTag|AsOneSpectrier|AstralBarrage,Psychic,NastyPlot,Protect||||||50|,,,,,Dark]Zamazenta-Crowned||RustedShield|DauntlessShield|BodyPress,HeavySlam,WideGuard,Protect||||||50|,,,,,Water]Incineroar||SafetyGoggles|Intimidate|FlareBlitz,KnockOff,PartingShot,FakeOut|||M|||50|,,,,,Ghost]Rillaboom||AssaultVest|GrassySurge|WoodHammer,GrassyGlide,Uturn,FakeOut|||F|||50|,,,,,Fire]Clefairy||Eviolite|FriendGuard|FollowMe,IcyWind,HelpingHand,Protect|||M|||50|,,,,,Grass]Urshifu-Rapid-Strike||ChoiceScarf|UnseenFist|SurgingStrikes,CloseCombat,Uturn,RainDance|||F|||50|,,,,,Water\n|inactive|Battle timer is ON: inactive players will automatically lose when time's up. (requested by PokemonmasterN2009)\n|inactive|Snickers23 has 60 seconds left.\n|\n|t:|1745988055\n|start\n|switch|p1a: Mr. Snoopy|Smeargle, L50, M, shiny|100/100\n|switch|p1b: Mr. Rider|Calyrex-Ice, L50|100/100\n|switch|p2a: Calyrex|Calyrex-Shadow, L50|100/100\n|switch|p2b: Incineroar|Incineroar, L50, M, shiny|100/100\n|-ability|p2a: Calyrex|As One\n|-ability|p2a: Calyrex|Unnerve\n|-ability|p1b: Mr. Rider|As One\n|-ability|p1b: Mr. Rider|Unnerve\n|-ability|p2b: Incineroar|Intimidate|boost\n|-fail|p1a: Mr. Snoopy|unboost|Attack|[from] ability: Own Tempo|[of] p1a: Mr. Snoopy\n|-fail|p1b: Mr. Rider|unboost|[from] item: Clear Amulet|[of] p1b: Mr. Rider\n|turn|1\n|\n|t:|1745988064\n|switch|p2b: Clefairy|Clefairy, L50, M, shiny|100/100\n|-terastallize|p1b: Mr. Rider|Water\n|move|p2a: Calyrex|Nasty Plot|p2a: Calyrex\n|-boost|p2a: Calyrex|spa|2\n|move|p1a: Mr. Snoopy|Decorate|p1b: Mr. Rider\n|-boost|p1b: Mr. Rider|atk|2\n|-boost|p1b: Mr. Rider|spa|2\n|move|p1b: Mr. Rider|Trick Room|p1b: Mr. Rider\n|-fieldstart|move: Trick Room|[of] p1b: Mr. Rider\n|\n|upkeep\n|turn|2\n|\n|t:|1745988086\n|move|p2b: Clefairy|Follow Me|p2b: Clefairy\n|-singleturn|p2b: Clefairy|move: Follow Me\n|move|p1a: Mr. Snoopy|Decorate|p2b: Clefairy\n|-boost|p2b: Clefairy|atk|2\n|-boost|p2b: Clefairy|spa|2\n|move|p1b: Mr. Rider|Glacial Lance|p2b: Clefairy|[spread] p2a,p2b\n|-damage|p2a: Calyrex|5/100\n|-damage|p2b: Clefairy|16/100\n|move|p2a: Calyrex|Astral Barrage|p1a: Mr. Snoopy|[spread] p1b\n|-immune|p1a: Mr. Snoopy\n|-damage|p1b: Mr. Rider|16/100\n|\n|upkeep\n|turn|3\n|\n|t:|1745988110\n|move|p2a: Calyrex|Protect|p2a: Calyrex\n|-singleturn|p2a: Calyrex|Protect\n|move|p1a: Mr. Snoopy|Wide Guard|p1a: Mr. Snoopy\n|-singleturn|p1a: Mr. Snoopy|Wide Guard\n|move|p2b: Clefairy|Icy Wind|p1b: Mr. Rider|[spread] \n|-activate|p1a: Mr. Snoopy|move: Wide Guard\n|-activate|p1b: Mr. Rider|move: Wide Guard\n|move|p1b: Mr. Rider|Glacial Lance|p2b: Clefairy|[spread] p2b\n|-activate|p2a: Calyrex|move: Protect\n|-damage|p2b: Clefairy|0 fnt\n|faint|p2b: Clefairy\n|-ability|p1b: Mr. Rider|Chilling Neigh|boost\n|-boost|p1b: Mr. Rider|atk|1\n|\n|upkeep\n|\n|t:|1745988128\n|switch|p2b: Incineroar|Incineroar, L50, M, shiny|100/100\n|-ability|p2b: Incineroar|Intimidate|boost\n|-fail|p1a: Mr. Snoopy|unboost|Attack|[from] ability: Own Tempo|[of] p1a: Mr. Snoopy\n|-fail|p1b: Mr. Rider|unboost|[from] item: Clear Amulet|[of] p1b: Mr. Rider\n|turn|4\n|\n|t:|1745988137\n|switch|p2a: Zamazenta|Zamazenta-Crowned, L50, shiny|100/100\n|-ability|p2a: Zamazenta|Dauntless Shield|boost\n|-boost|p2a: Zamazenta|def|1\n|move|p2b: Incineroar|Fake Out|p1b: Mr. Rider\n|-damage|p1b: Mr. Rider|9/100\n|move|p1a: Mr. Snoopy|Spore|p2a: Zamazenta\n|-status|p2a: Zamazenta|slp|[from] move: Spore\n|cant|p1b: Mr. Rider|flinch\n|\n|upkeep\n|turn|5\n|inactive|Snickers23 has 30 seconds left.\n|\n|t:|1745988163\n|-terastallize|p2a: Zamazenta|Water\n|move|p1b: Mr. Rider|Protect|p1b: Mr. Rider\n|-singleturn|p1b: Mr. Rider|Protect\n|move|p1a: Mr. Snoopy|Decorate|p1b: Mr. Rider\n|-boost|p1b: Mr. Rider|atk|2\n|-boost|p1b: Mr. Rider|spa|2\n|move|p2b: Incineroar|Knock Off|p1b: Mr. Rider\n|-activate|p1b: Mr. Rider|move: Protect\n|cant|p2a: Zamazenta|slp\n|\n|-fieldend|move: Trick Room\n|upkeep\n|turn|6\n|\n|t:|1745988178\n|move|p1a: Mr. Snoopy|Follow Me|p1a: Mr. Snoopy\n|-singleturn|p1a: Mr. Snoopy|move: Follow Me\n|cant|p2a: Zamazenta|slp\n|move|p2b: Incineroar|Knock Off|p1a: Mr. Snoopy\n|-damage|p1a: Mr. Snoopy|52/100\n|-enditem|p1a: Mr. Snoopy|Focus Sash|[from] move: Knock Off|[of] p2b: Incineroar\n|move|p1b: Mr. Rider|Trick Room|p1b: Mr. Rider\n|-fieldstart|move: Trick Room|[of] p1b: Mr. Rider\n|\n|upkeep\n|turn|7\n|\n|t:|1745988196\n|move|p1a: Mr. Snoopy|Follow Me|p1a: Mr. Snoopy\n|-singleturn|p1a: Mr. Snoopy|move: Follow Me\n|move|p1b: Mr. Rider|High Horsepower|p2b: Incineroar\n|-supereffective|p2b: Incineroar\n|-damage|p2b: Incineroar|0 fnt\n|faint|p2b: Incineroar\n|-ability|p1b: Mr. Rider|Chilling Neigh|boost\n|-boost|p1b: Mr. Rider|atk|1\n|cant|p2a: Zamazenta|slp\n|\n|upkeep\n|-message|Snickers23 forfeited.\n|\n|win|PokemonmasterN2009\n||PokemonmasterN2009 is ready for game 2.\n||Snickers23 is ready for game 2.\n|uhtml|next|Next: <a href=\"/battle-gen9vgc2025regibo3-2353718929\"><strong>Game 2 of 3</strong></a>\n|l|\u2606PokemonmasterN2009\n|player|p1|\n|l|\u2606Snickers23\n|player|p2|\n", "uploadtime": 1745988529, "views": 7, "formatid": "gen9vgc2025regibo3", "rating": null, "private": 0, "password": null}