{"id": "gen9vgc2025regibo3-2353349228", "format": "[Gen 9] VGC 2025 Reg I (Bo3)", "players": ["360pk", "Jakobtc"], "log": "|j|\u2606360pk\n|j|\u2606Jakobtc\n|html|<table width=\"100%\"><tr><td align=\"left\">360pk</td><td align=\"right\">Jakobtc</tr><tr><td align=\"left\"><i class=\"fa fa-circle\"></i> <i class=\"fa fa-circle-o\"></i> </td><td align=\"right\"><i class=\"fa fa-circle-o\"></i> <i class=\"fa fa-circle\"></i> </tr></table>\n|uhtml|bestof|<h2><strong>Game 3</strong> of <a href=\"/game-bestof3-gen9vgc2025regibo3-2353341561\">a best-of-3</a></h2>\n|t:|1745948442\n|gametype|doubles\n|player|p1|360pk|2|1403\n|player|p2|Jakobtc|riley|1335\n|teamsize|p1|6\n|teamsize|p2|6\n|gen|9\n|tier|[Gen 9] VGC 2025 Reg I (Bo3)\n|rated|\n|rule|Species Clause: Limit one of each Pok\u00e9mon\n|rule|Item Clause: Limit 1 of each item\n|clearpoke\n|poke|p1|Koraidon, L50|\n|poke|p1|Terapagos, L50, M|\n|poke|p1|Incineroar, L50, M|\n|poke|p1|Rillaboom, L50, F|\n|poke|p1|Ogerpon-Cornerstone, L50, F|\n|poke|p1|Flutter Mane, L50|\n|poke|p2|Calyrex-Shadow, L50|\n|poke|p2|Zacian-*, L50|\n|poke|p2|Incineroar, L50, F|\n|poke|p2|Rillaboom, L50, M|\n|poke|p2|Urshifu-*, L50, F|\n|poke|p2|Tornadus, L50, M|\n|teampreview|4\n|showteam|p1|Koraidon||LifeOrb|OrichalcumPulse|CloseCombat,FlareBlitz,FlameCharge,Protect||||||50|,,,,,Fire]Terapagos||Leftovers|TeraShift|TeraStarstorm,EarthPower,CalmMind,Protect|||M|||50|,,,,,Stellar]Incineroar||RockyHelmet|Intimidate|FlareBlitz,KnockOff,FakeOut,PartingShot|||M|||50|,,,,,Bug]Rillaboom||AssaultVest|GrassySurge|WoodHammer,GrassyGlide,Uturn,FakeOut|||F|||50|,,,,,Water]Ogerpon-Cornerstone||CornerstoneMask|Sturdy|IvyCudgel,PowerWhip,FollowMe,SpikyShield|||F|||50|,,,,,Rock]Flutter Mane||FocusSash|Protosynthesis|Moonblast,ShadowBall,IcyWind,Protect||||||50|,,,,,Normal\n|showteam|p2|Calyrex-Shadow||FocusSash|AsOneSpectrier|AstralBarrage,Psychic,Taunt,Protect||||||50|,,,,,Stellar]Zacian-Crowned||RustedSword|IntrepidSword|behemothblade,PlayRough,SacredSword,Protect||||||50|,,,,,Water]Incineroar||SafetyGoggles|Intimidate|FakeOut,KnockOff,HelpingHand,PartingShot|||F|||50|,,,,,Bug]Rillaboom||AssaultVest|GrassySurge|FakeOut,GrassyGlide,WoodHammer,Uturn|||M|||50|,,,,,Fire]Urshifu-Rapid-Strike||ChoiceScarf|UnseenFist|SurgingStrikes,CloseCombat,AquaJet,Uturn|||F|||50|,,,,,Water]Tornadus||CovertCloak|Prankster|BleakwindStorm,Tailwind,RainDance,Protect|||M|||50|,,,,,Dark\n|inactive|Battle timer is ON: inactive players will automatically lose when time's up. (requested by 360pk)\n|\n|t:|1745948470\n|start\n|switch|p1a: Incineroar|Incineroar, L50, M|100/100\n|switch|p1b: Terapagos|Terapagos, L50, M|100/100\n|switch|p2a: Incineroar|Incineroar, L50, F|100/100\n|switch|p2b: Tornadus|Tornadus, L50, M|100/100\n|-activate|p1b: Terapagos|ability: Tera Shift\n|detailschange|p1b: Terapagos|Terapagos-Terastal, L50, M\n|-heal|p1b: Terapagos|100/100|[silent]\n|-ability|p1a: Incineroar|Intimidate|boost\n|-unboost|p2a: Incineroar|atk|1\n|-unboost|p2b: Tornadus|atk|1\n|-ability|p2a: Incineroar|Intimidate|boost\n|-unboost|p1a: Incineroar|atk|1\n|-unboost|p1b: Terapagos|atk|1\n|turn|1\n|\n|t:|1745948486\n|move|p2a: Incineroar|Fake Out|p1a: Incineroar\n|-damage|p1a: Incineroar|95/100\n|-damage|p2a: Incineroar|84/100|[from] item: Rocky Helmet|[of] p1a: Incineroar\n|move|p2b: Tornadus|Bleakwind Storm|p1b: Terapagos|[spread] p1a,p1b\n|-activate|p1b: Terapagos|ability: Tera Shell\n|-resisted|p1b: Terapagos\n|-damage|p1a: Incineroar|64/100\n|-damage|p1b: Terapagos|86/100\n|-unboost|p1b: Terapagos|spe|1\n|move|p1b: Terapagos|Calm Mind|p1b: Terapagos\n|-boost|p1b: Terapagos|spa|1\n|-boost|p1b: Terapagos|spd|1\n|cant|p1a: Incineroar|flinch\n|\n|-heal|p1b: Terapagos|92/100|[from] item: Leftovers\n|upkeep\n|turn|2\n|\n|t:|1745948501\n|move|p2b: Tornadus|Bleakwind Storm|p1b: Terapagos|[spread] p1a,p1b\n|-damage|p1a: Incineroar|31/100\n|-damage|p1b: Terapagos|73/100\n|-unboost|p1a: Incineroar|spe|1\n|-unboost|p1b: Terapagos|spe|1\n|move|p1b: Terapagos|Calm Mind|p1b: Terapagos\n|-boost|p1b: Terapagos|spa|1\n|-boost|p1b: Terapagos|spd|1\n|move|p2a: Incineroar|Parting Shot|p1b: Terapagos\n|-unboost|p1b: Terapagos|atk|1\n|-unboost|p1b: Terapagos|spa|1\n|\n|t:|1745948512\n|switch|p2a: Urshifu|Urshifu-Rapid-Strike, L50, F|100/100|[from] Parting Shot\n|move|p1a: Incineroar|Knock Off|p2b: Tornadus\n|-damage|p2b: Tornadus|68/100\n|-enditem|p2b: Tornadus|Covert Cloak|[from] move: Knock Off|[of] p1a: Incineroar\n|\n|-heal|p1b: Terapagos|80/100|[from] item: Leftovers\n|upkeep\n|turn|3\n|\n|t:|1745948523\n|switch|p1a: Rillaboom|Rillaboom, L50, F|100/100\n|-fieldstart|move: Grassy Terrain|[from] ability: Grassy Surge|[of] p1a: Rillaboom\n|-terastallize|p1b: Terapagos|Stellar\n|detailschange|p1b: Terapagos|Terapagos-Stellar, L50, M, tera:Stellar\n|-heal|p1b: Terapagos|85/100|[silent]\n|-ability|p1b: Terapagos|Teraform Zero\n|-fieldend|move: Grassy Terrain\n|move|p2a: Urshifu|Close Combat|p1b: Terapagos\n|-supereffective|p1b: Terapagos\n|-damage|p1b: Terapagos|12/100\n|-unboost|p2a: Urshifu|def|1\n|-unboost|p2a: Urshifu|spd|1\n|move|p2b: Tornadus|Bleakwind Storm|p1b: Terapagos|[spread] p1b\n|-miss|p2b: Tornadus|p1a: Rillaboom\n|-damage|p1b: Terapagos|1/100\n|move|p1b: Terapagos|Tera Starstorm|p2a: Urshifu|[spread] p2a,p2b\n|-crit|p2a: Urshifu\n|-damage|p2a: Urshifu|0 fnt\n|-damage|p2b: Tornadus|7/100\n|faint|p2a: Urshifu\n|\n|-heal|p1b: Terapagos|8/100|[from] item: Leftovers\n|upkeep\n|inactive|Jakobtc has 30 seconds left.\n|inactive|Jakobtc has 20 seconds left.\n|\n|t:|1745948560\n|switch|p2a: Calyrex|Calyrex-Shadow, L50|100/100\n|-ability|p2a: Calyrex|As One\n|-ability|p2a: Calyrex|Unnerve\n|turn|4\n|\n|t:|1745948577\n|switch|p1b: Incineroar|Incineroar, L50, M|31/100\n|-ability|p1b: Incineroar|Intimidate|boost\n|-unboost|p2a: Calyrex|atk|1\n|-unboost|p2b: Tornadus|atk|1\n|-terastallize|p2a: Calyrex|Stellar\n|move|p2b: Tornadus|Protect|p2b: Tornadus\n|-singleturn|p2b: Tornadus|Protect\n|move|p1a: Rillaboom|Fake Out|p2b: Tornadus\n|-activate|p2b: Tornadus|move: Protect\n|move|p2a: Calyrex|Psychic|p1b: Incineroar\n|-immune|p1b: Incineroar\n|\n|upkeep\n|turn|5\n|\n|t:|1745948590\n|switch|p1b: Terapagos|Terapagos-Stellar, L50, M, tera:Stellar|8/100\n|move|p2a: Calyrex|Astral Barrage|p1a: Rillaboom|[spread] p1a\n|-immune|p1b: Terapagos\n|-damage|p1a: Rillaboom|60/100\n|move|p2b: Tornadus|Bleakwind Storm|p1b: Terapagos|[spread] p1a,p1b\n|-supereffective|p1a: Rillaboom\n|-damage|p1a: Rillaboom|18/100\n|-damage|p1b: Terapagos|0 fnt\n|-unboost|p1a: Rillaboom|spe|1\n|faint|p1b: Terapagos\n|move|p1a: Rillaboom|U-turn|p2a: Calyrex\n|-damage|p2a: Calyrex|72/100\n|-message|360pk forfeited.\n|\n|win|Jakobtc\n|raw|360pk's rating: 1403 &rarr; <strong>1379</strong><br />(-24 for losing)\n|raw|Jakobtc's rating: 1335 &rarr; <strong>1359</strong><br />(+24 for winning)\n|l|\u2606360pk\n|player|p1|\n", "uploadtime": 1745948606, "views": 20, "formatid": "gen9vgc2025regibo3", "rating": 1359, "private": 0, "password": null}