{"id": "gen9vgc2025regibo3-2354579490", "format": "[Gen 9] VGC 2025 Reg I (Bo3)", "players": ["abuelocebolleta", "waz00"], "log": "|j|\u2606abuelocebolleta\n|j|\u2606waz00\n|html|<table width=\"100%\"><tr><td align=\"left\">abuelocebolleta</td><td align=\"right\">waz00</tr><tr><td align=\"left\"><i class=\"fa fa-circle\"></i> <i class=\"fa fa-circle-o\"></i> </td><td align=\"right\"><i class=\"fa fa-circle-o\"></i> <i class=\"fa fa-circle-o\"></i> </tr></table>\n|uhtml|bestof|<h2><strong>Game 2</strong> of <a href=\"/game-bestof3-gen9vgc2025regibo3-2354578063\">a best-of-3</a></h2>\n|t:|1746097899\n|gametype|doubles\n|player|p1|abuelocebolleta|265|1000\n|player|p2|waz00|nate|1000\n|teamsize|p1|6\n|teamsize|p2|6\n|gen|9\n|tier|[Gen 9] VGC 2025 Reg I (Bo3)\n|rated|\n|rule|Species Clause: Limit one of each Pok\u00e9mon\n|rule|Item Clause: Limit 1 of each item\n|clearpoke\n|poke|p1|Koraidon, L50|\n|poke|p1|Necrozma-Dusk-Mane, L50|\n|poke|p1|Venusaur, L50, M|\n|poke|p1|Scream Tail, L50|\n|poke|p1|Raging Bolt, L50|\n|poke|p1|Roaring Moon, L50|\n|poke|p2|Miraidon, L50|\n|poke|p2|Lunala, L50|\n|poke|p2|Whimsicott, L50, F|\n|poke|p2|Chi-Yu, L50|\n|poke|p2|Urshifu-*, L50, M|\n|poke|p2|Iron Hands, L50|\n|teampreview|4\n|showteam|p1|Koraidon||ClearAmulet|OrichalcumPulse|FlareBlitz,CollisionCourse,DragonClaw,Uturn||||||50|,,,,,Fire]Necrozma-Dusk-Mane||RoomService|PrismArmor|SunsteelStrike,PsychicFangs,Thief,MorningSun||||||50|,,,,,Steel]Venusaur||LifeOrb|Chlorophyll|WeatherBall,SolarBeam,SludgeBomb,Protect|||M|||50|,,,,,Fire]Scream Tail||Leftovers|Protosynthesis|LightScreen,Disable,Reflect,PsychicFangs||||||50|,,,,,Dark]Raging Bolt||AssaultVest|Protosynthesis|DragonPulse,Thunderclap,Thunder,VoltSwitch||||||50|,,,,,Electric]Roaring Moon||ChoiceScarf|Protosynthesis|DragonClaw,IronHead,Uturn,KnockOff||||||50|,,,,,Steel\n|showteam|p2|Miraidon||ChoiceSpecs|HadronEngine|ElectroDrift,VoltSwitch,DazzlingGleam,DracoMeteor||||||50|,,,,,Fairy]Lunala||ElectricSeed|ShadowShield|MoongeistBeam,Moonblast,WideGuard,TrickRoom||||||50|,,,,,Fairy]Whimsicott||CovertCloak|Prankster|Moonblast,Tailwind,LightScreen,Encore|||F|||50|,,,,,Dark]Chi-Yu||ChoiceScarf|BeadsofRuin|Snarl,Overheat,DarkPulse,HeatWave||||||50|,,,,,Ghost]Urshifu-Rapid-Strike||FocusSash|UnseenFist|SurgingStrikes,CloseCombat,AquaJet,Protect|||M|||50|,,,,,Stellar]Iron Hands||AssaultVest|QuarkDrive|FakeOut,DrainPunch,LowKick,WildCharge||||||50|,,,,,Water\n|inactive|Battle timer is ON: inactive players will automatically lose when time's up. (requested by waz00)\n|inactive|abuelocebolleta has 60 seconds left.\n|\n|t:|1746097971\n|start\n|switch|p1a: Koraidon|Koraidon, L50|100/100\n|switch|p1b: Venusaur|Venusaur, L50, M|100/100\n|switch|p2a: Chi-Yu|Chi-Yu, L50|100/100\n|switch|p2b: Whimsicott|Whimsicott, L50, F|100/100\n|-ability|p2a: Chi-Yu|Beads of Ruin\n|-weather|SunnyDay|[from] ability: Orichalcum Pulse|[of] p1a: Koraidon\n|-activate|p1a: Koraidon|Orichalcum Pulse|[source]\n|turn|1\n|\n|t:|1746097991\n|move|p2b: Whimsicott|Light Screen|p2b: Whimsicott\n|-sidestart|p2: waz00|move: Light Screen\n|move|p1b: Venusaur|Sludge Bomb|p2b: Whimsicott\n|-supereffective|p2b: Whimsicott\n|-damage|p2b: Whimsicott|0 fnt\n|faint|p2b: Whimsicott\n|-damage|p1b: Venusaur|91/100|[from] item: Life Orb\n|move|p2a: Chi-Yu|Overheat|p1b: Venusaur\n|-supereffective|p1b: Venusaur\n|-damage|p1b: Venusaur|0 fnt\n|-unboost|p2a: Chi-Yu|spa|2\n|faint|p1b: Venusaur\n|move|p1a: Koraidon|Collision Course|p2a: Chi-Yu\n|-supereffective|p2a: Chi-Yu\n|-damage|p2a: Chi-Yu|0 fnt\n|faint|p2a: Chi-Yu\n|\n|-weather|SunnyDay|[upkeep]\n|upkeep\n|\n|t:|1746098008\n|switch|p2b: Iron Hands|Iron Hands, L50|100/100\n|switch|p2a: AfreakingFox|Miraidon, L50|100/100\n|switch|p1b: Scream Tail|Scream Tail, L50, shiny|100/100\n|-fieldstart|move: Electric Terrain|[from] ability: Hadron Engine|[of] p2a: AfreakingFox\n|-activate|p2b: Iron Hands|ability: Quark Drive\n|-start|p2b: Iron Hands|quarkdriveatk\n|-activate|p1b: Scream Tail|ability: Protosynthesis\n|-start|p1b: Scream Tail|protosynthesisspe\n|turn|2\n|inactive|abuelocebolleta has 30 seconds left.\n|inactive|abuelocebolleta has 20 seconds left.\n|\n|t:|1746098047\n|move|p1b: Scream Tail|Light Screen|p1b: Scream Tail\n|-sidestart|p1: abuelocebolleta|move: Light Screen\n|move|p2a: AfreakingFox|Electro Drift|p1a: Koraidon\n|-resisted|p1a: Koraidon\n|-damage|p1a: Koraidon|59/100\n|move|p1a: Koraidon|Dragon Claw|p2a: AfreakingFox\n|-supereffective|p2a: AfreakingFox\n|-damage|p2a: AfreakingFox|0 fnt\n|faint|p2a: AfreakingFox\n|move|p2b: Iron Hands|Low Kick|p1a: Koraidon\n|-damage|p1a: Koraidon|0 fnt\n|faint|p1a: Koraidon\n|\n|-weather|SunnyDay|[upkeep]\n|upkeep\n|\n|t:|1746098060\n|switch|p1a: Raging Bolt|Raging Bolt, L50|100/100\n|-activate|p1a: Raging Bolt|ability: Protosynthesis\n|-start|p1a: Raging Bolt|protosynthesisspa\n|turn|3\n|\n|t:|1746098075\n|-terastallize|p1a: Raging Bolt|Electric\n|move|p1b: Scream Tail|Reflect|p1b: Scream Tail\n|-sidestart|p1: abuelocebolleta|Reflect\n|move|p1a: Raging Bolt|Dragon Pulse|p2b: Iron Hands\n|-damage|p2b: Iron Hands|80/100\n|move|p2b: Iron Hands|Drain Punch|p1b: Scream Tail\n|-resisted|p1b: Scream Tail\n|-damage|p1b: Scream Tail|93/100\n|-heal|p2b: Iron Hands|83/100|[from] drain|[of] p1b: Scream Tail\n|\n|-weather|SunnyDay|[upkeep]\n|-heal|p1b: Scream Tail|98/100|[from] item: Leftovers\n|upkeep\n|turn|4\n|\n|t:|1746098091\n|move|p1b: Scream Tail|Psychic Fangs|p2b: Iron Hands\n|-sideend|p2: waz00|move: Light Screen\n|-supereffective|p2b: Iron Hands\n|-damage|p2b: Iron Hands|58/100\n|move|p1a: Raging Bolt|Dragon Pulse|p2b: Iron Hands\n|-damage|p2b: Iron Hands|26/100\n|move|p2b: Iron Hands|Drain Punch|p1a: Raging Bolt\n|-damage|p1a: Raging Bolt|68/100\n|-heal|p2b: Iron Hands|42/100|[from] drain|[of] p1a: Raging Bolt\n|\n|-weather|SunnyDay|[upkeep]\n|-heal|p1b: Scream Tail|100/100|[from] item: Leftovers\n|upkeep\n|turn|5\n|\n|t:|1746098106\n|move|p1b: Scream Tail|Psychic Fangs|p2b: Iron Hands\n|-supereffective|p2b: Iron Hands\n|-damage|p2b: Iron Hands|15/100\n|move|p1a: Raging Bolt|Dragon Pulse|p2b: Iron Hands\n|-damage|p2b: Iron Hands|0 fnt\n|faint|p2b: Iron Hands\n|-end|p2b: Iron Hands|Quark Drive|[silent]\n|\n|win|abuelocebolleta\n|raw|abuelocebolleta's rating: 1000 &rarr; <strong>1040</strong><br />(+40 for winning)\n|raw|waz00's rating: 1000 &rarr; <strong>1000</strong><br />(+0 for losing)\n|l|\u2606abuelocebolleta\n|player|p1|\n", "uploadtime": 1746098116, "views": 8, "formatid": "gen9vgc2025regibo3", "rating": 1000, "private": 0, "password": null}