{"id": "gen9vgc2025regibo3-2353637465", "format": "[Gen 9] VGC 2025 Reg I (Bo3)", "players": ["CityPopThatThang", "EtienneN7"], "log": "|j|\u2606CityPopThatThang\n|j|\u2606EtienneN7\n|html|<table width=\"100%\"><tr><td align=\"left\">CityPopThatThang</td><td align=\"right\">EtienneN7</tr><tr><td align=\"left\"><i class=\"fa fa-circle-o\"></i> <i class=\"fa fa-circle-o\"></i> </td><td align=\"right\"><i class=\"fa fa-circle-o\"></i> <i class=\"fa fa-circle-o\"></i> </tr></table>\n|uhtml|bestof|<h2><strong>Game 1</strong> of <a href=\"/game-bestof3-gen9vgc2025regibo3-2353637464\">a best-of-3</a></h2>\n|t:|1745977474\n|gametype|doubles\n|player|p1|CityPopThatThang|guzma|1106\n|player|p2|EtienneN7|dawn|1052\n|teamsize|p1|6\n|teamsize|p2|6\n|gen|9\n|tier|[Gen 9] VGC 2025 Reg I (Bo3)\n|rated|\n|rule|Species Clause: Limit one of each Pok\u00e9mon\n|rule|Item Clause: Limit 1 of each item\n|clearpoke\n|poke|p1|Calyrex-Ice, L50|\n|poke|p1|Lunala, L50|\n|poke|p1|Indeedee-F, L50, F|\n|poke|p1|Ursaluna-Bloodmoon, L50, M|\n|poke|p1|Urshifu-*, L50, F|\n|poke|p1|Smeargle, L50, F|\n|poke|p2|Zamazenta-*, L50|\n|poke|p2|Incineroar, L50, F|\n|poke|p2|Amoonguss, L50, F|\n|poke|p2|Miraidon, L50|\n|poke|p2|Tornadus, L50, M|\n|poke|p2|Urshifu-*, L50, F|\n|teampreview|4\n|showteam|p1|Calyrex-Ice||NeverMeltIce|AsOneGlastrier|GlacialLance,HighHorsepower,TrickRoom,Protect||||||50|,,,,,Fire]Lunala||PowerHerb|ShadowShield|MoongeistBeam,ExpandingForce,MeteorBeam,TrickRoom||||||50|,,,,,Water]Indeedee-F||PsychicSeed|PsychicSurge|AlluringVoice,TrickRoom,FollowMe,HealPulse|||F|||50|,,,,,Fairy]Ursaluna-Bloodmoon||LifeOrb|MindsEye|HyperVoice,EarthPower,BloodMoon,Protect|||M|||50|,,,,,Poison]Urshifu||ChoiceBand|UnseenFist|WickedBlow,CloseCombat,SuckerPunch,IronHead|||F|||50|,,,,,Grass]Smeargle||FocusSash|OwnTempo|FollowMe,FakeOut,Spore,Decorate|||F|||50|,,,,,Grass\n|showteam|p2|Zamazenta-Crowned||RustedShield|DauntlessShield|BodyPress,behemothbash,WideGuard,Protect||||||50|,,,,,Dragon]Incineroar||RockyHelmet|Intimidate|FakeOut,PartingShot,DarkestLariat,WillOWisp|||F|||50|,,,,,Ghost]Amoonguss||SitrusBerry|Regenerator|RagePowder,Spore,SludgeBomb,PollenPuff|||F|||50|,,,,,Dark]Miraidon||LifeOrb|HadronEngine|DragonPulse,Discharge,VoltSwitch,Overheat||||||50|,,,,,Fire]Tornadus||CovertCloak|Prankster|Tailwind,Taunt,Sandstorm,BleakwindStorm|||M|||50|,,,,,Flying]Urshifu||FocusSash|UnseenFist|WickedBlow,Detect,IronHead,CloseCombat|||F|||50|,,,,,Steel\n|\n|t:|1745977511\n|start\n|switch|p1a: Calyrex|Calyrex-Ice, L50|100/100\n|switch|p1b: Lunala|Lunala, L50|100/100\n|switch|p2a: Among us?|Amoonguss, L50, F|100/100\n|switch|p2b: Yogi|Urshifu, L50, F|100/100\n|-ability|p1a: Calyrex|As One\n|-ability|p1a: Calyrex|Unnerve\n|turn|1\n|\n|t:|1745977539\n|-terastallize|p1b: Lunala|Water\n|move|p2b: Yogi|Wicked Blow|p1b: Lunala\n|-crit|p1b: Lunala\n|-damage|p1b: Lunala|73/100\n|move|p1b: Lunala|Meteor Beam||[still]\n|-prepare|p1b: Lunala|Meteor Beam\n|-boost|p1b: Lunala|spa|1\n|-enditem|p1b: Lunala|Power Herb\n|-anim|p1b: Lunala|Meteor Beam|p2a: Among us?\n|-damage|p2a: Among us?|37/100\n|move|p1a: Calyrex|Glacial Lance|p2a: Among us?|[spread] p2a,p2b\n|-supereffective|p2a: Among us?\n|-damage|p2a: Among us?|0 fnt\n|-damage|p2b: Yogi|25/100\n|faint|p2a: Among us?\n|-ability|p1a: Calyrex|Chilling Neigh|boost\n|-boost|p1a: Calyrex|atk|1\n|\n|upkeep\n|\n|t:|1745977554\n|switch|p2a: Woof Woof|Zamazenta-Crowned, L50|100/100\n|-ability|p2a: Woof Woof|Dauntless Shield|boost\n|-boost|p2a: Woof Woof|def|1\n|turn|2\n|\n|t:|1745977575\n|move|p2b: Yogi|Wicked Blow|p1a: Calyrex\n|-supereffective|p1a: Calyrex\n|-crit|p1a: Calyrex\n|-damage|p1a: Calyrex|14/100\n|move|p2a: Woof Woof|Body Press|p1b: Lunala\n|-damage|p1b: Lunala|10/100\n|move|p1a: Calyrex|Glacial Lance|p2b: Yogi|[spread] p2a,p2b\n|-resisted|p2a: Woof Woof\n|-damage|p2a: Woof Woof|82/100\n|-damage|p2b: Yogi|0 fnt\n|faint|p2b: Yogi\n|-ability|p1a: Calyrex|Chilling Neigh|boost\n|-boost|p1a: Calyrex|atk|1\n|move|p1b: Lunala|Trick Room|p1b: Lunala\n|-fieldstart|move: Trick Room|[of] p1b: Lunala\n|\n|upkeep\n|\n|t:|1745977588\n|switch|p2b: Meow Meow|Incineroar, L50, F|100/100\n|-ability|p2b: Meow Meow|Intimidate|boost\n|-unboost|p1a: Calyrex|atk|1\n|-unboost|p1b: Lunala|atk|1\n|turn|3\n|\n|t:|1745977613\n|switch|p1b: Indeedee|Indeedee-F, L50, F|100/100\n|-fieldstart|move: Psychic Terrain|[from] ability: Psychic Surge|[of] p1b: Indeedee\n|-enditem|p1b: Indeedee|Psychic Seed\n|-boost|p1b: Indeedee|spd|1|[from] item: Psychic Seed\n|move|p2b: Meow Meow|Fake Out|p1a: Calyrex\n|-activate|p1a: Calyrex|move: Psychic Terrain\n|move|p1a: Calyrex|High Horsepower|p2b: Meow Meow\n|-supereffective|p2b: Meow Meow\n|-crit|p2b: Meow Meow\n|-damage|p2b: Meow Meow|0 fnt\n|-damage|p1a: Calyrex|0 fnt|[from] item: Rocky Helmet|[of] p2b: Meow Meow\n|faint|p2b: Meow Meow\n|faint|p1a: Calyrex\n|move|p2a: Woof Woof|Body Press|p1b: Indeedee\n|-damage|p1b: Indeedee|30/100\n|\n|upkeep\n|\n|t:|1745977624\n|switch|p1a: Ursaluna|Ursaluna-Bloodmoon, L50, M|100/100\n|turn|4\n|\n|t:|1745977635\n|-terastallize|p2a: Woof Woof|Dragon\n|move|p1b: Indeedee|Follow Me|p1b: Indeedee\n|-singleturn|p1b: Indeedee|move: Follow Me\n|move|p1a: Ursaluna|Earth Power|p2a: Woof Woof\n|-crit|p2a: Woof Woof\n|-damage|p2a: Woof Woof|17/100\n|-damage|p1a: Ursaluna|91/100|[from] item: Life Orb\n|move|p2a: Woof Woof|Body Press|p1b: Indeedee\n|-damage|p1b: Indeedee|0 fnt\n|faint|p1b: Indeedee\n|\n|upkeep\n|\n|t:|1745977638\n|switch|p1b: Lunala|Lunala, L50, tera:Water|10/100\n|turn|5\n|\n|t:|1745977648\n|move|p2a: Woof Woof|Protect|p2a: Woof Woof\n|-singleturn|p2a: Woof Woof|Protect\n|move|p1a: Ursaluna|Blood Moon|p2a: Woof Woof\n|-activate|p2a: Woof Woof|move: Protect\n|move|p1b: Lunala|Expanding Force|p2a: Woof Woof\n|-activate|p2a: Woof Woof|move: Protect\n|\n|upkeep\n|turn|6\n|\n|t:|1745977658\n|move|p2a: Woof Woof|Protect||[still]\n|-fail|p2a: Woof Woof\n|move|p1a: Ursaluna|Hyper Voice|p2a: Woof Woof\n|-damage|p2a: Woof Woof|0 fnt\n|faint|p2a: Woof Woof\n|-damage|p1a: Ursaluna|81/100|[from] item: Life Orb\n|\n|win|CityPopThatThang\n||CityPopThatThang is ready for game 2.\n||EtienneN7 is ready for game 2.\n|uhtml|next|Next: <a href=\"/battle-gen9vgc2025regibo3-2353639039\"><strong>Game 2 of 3</strong></a>\n|l|\u2606CityPopThatThang\n|player|p1|\n", "uploadtime": 1745977660, "views": 20, "formatid": "gen9vgc2025regibo3", "rating": null, "private": 0, "password": null}