{"id": "gen9vgc2025regibo3-2353440532", "format": "[Gen 9] VGC 2025 Reg I (Bo3)", "players": ["Mentalsyndrome", "clawboi"], "log": "|j|\u2606Mentalsyndrome\n|j|\u2606clawboi\n|html|<table width=\"100%\"><tr><td align=\"left\">Mentalsyndrome</td><td align=\"right\">clawboi</tr><tr><td align=\"left\"><i class=\"fa fa-circle-o\"></i> <i class=\"fa fa-circle-o\"></i> </td><td align=\"right\"><i class=\"fa fa-circle-o\"></i> <i class=\"fa fa-circle-o\"></i> </tr></table>\n|uhtml|bestof|<h2><strong>Game 1</strong> of <a href=\"/game-bestof3-gen9vgc2025regibo3-2353440531\">a best-of-3</a></h2>\n|t:|1745956179\n|gametype|doubles\n|player|p1|Mentalsyndrome|101|1229\n|player|p2|clawboi|265|1218\n|teamsize|p1|6\n|teamsize|p2|6\n|gen|9\n|tier|[Gen 9] VGC 2025 Reg I (Bo3)\n|rated|\n|rule|Species Clause: Limit one of each Pok\u00e9mon\n|rule|Item Clause: Limit 1 of each item\n|clearpoke\n|poke|p1|Bastiodon, L50, M|\n|poke|p1|Flutter Mane, L50|\n|poke|p1|Grimmsnarl, L50, M|\n|poke|p1|Koraidon, L50|\n|poke|p1|Groudon, L50|\n|poke|p1|Brute Bonnet, L50|\n|poke|p2|Miraidon, L50|\n|poke|p2|Ho-Oh, L50|\n|poke|p2|Farigiraf, L50, F|\n|poke|p2|Iron Hands, L50|\n|poke|p2|Iron Valiant, L50|\n|poke|p2|Ursaluna, L50, M|\n|teampreview|4\n|showteam|p1|Bastiodon||Leftovers|Sturdy|IronDefense,BodyPress,WideGuard,FoulPlay|||M|||50|,,,,,Water]Flutter Mane||FocusSash|Protosynthesis|IcyWind,Moonblast,Protect,Taunt||||||50|,,,,,Normal]Grimmsnarl||LightClay|Prankster|Reflect,LightScreen,SpiritBreak,ThunderWave|||M|||50|,,,,,Ghost]Koraidon||ClearAmulet|OrichalcumPulse|FlareBlitz,FlameCharge,CloseCombat,Protect||||||50|,,,,,Fire]Groudon||AssaultVest|Drought|PrecipiceBlades,HeatCrash,ThunderPunch,HighHorsepower||||||50|,,,,,Fire]Brute Bonnet||CovertCloak|Protosynthesis|SuckerPunch,Spore,RagePowder,SeedBomb||||||50|,,,,,Poison\n|showteam|p2|Miraidon||LifeOrb|HadronEngine|ElectroDrift,VoltSwitch,DracoMeteor,Protect||||||50|,,,,,Electric]Ho-Oh||ClearAmulet|Regenerator|SacredFire,BraveBird,Tailwind,Protect||||||50|,,,,,Grass]Farigiraf||ElectricSeed|ArmorTail|Psychic,FoulPlay,HelpingHand,TrickRoom|||F|||50|,,,,,Water]Iron Hands||AssaultVest|QuarkDrive|FakeOut,WildCharge,VoltSwitch,DrainPunch||||||50|,,,,,Bug]Iron Valiant||FocusSash|QuarkDrive|Moonblast,WideGuard,Disable,Protect||||||50|,,,,,Steel]Ursaluna||FlameOrb|Guts|Facade,HeadlongRush,Earthquake,Protect|||M|||50|,,,,,Ghost\n|inactive|Battle timer is ON: inactive players will automatically lose when time's up. (requested by Mentalsyndrome)\n|inactive|Mentalsyndrome has 60 seconds left.\n|inactive|clawboi has 60 seconds left.\n|inactive|Mentalsyndrome has 30 seconds left.\n|inactive|clawboi has 30 seconds left.\n|inactive|clawboi has 20 seconds left.\n|inactive|clawboi has 15 seconds left.\n|inactive|clawboi has 10 seconds left.\n|\n|t:|1745956264\n|start\n|switch|p1a: Don Steadman|Flutter Mane, L50|100/100\n|switch|p1b: Don Hotwheels|Koraidon, L50|100/100\n|switch|p2a: Farigiraf|Farigiraf, L50, F|100/100\n|switch|p2b: Iron Hands|Iron Hands, L50|100/100\n|-weather|SunnyDay|[from] ability: Orichalcum Pulse|[of] p1b: Don Hotwheels\n|-activate|p1a: Don Steadman|ability: Protosynthesis\n|-start|p1a: Don Steadman|protosynthesisspe\n|-activate|p1b: Don Hotwheels|Orichalcum Pulse|[source]\n|turn|1\n|\n|t:|1745956277\n|move|p2a: Farigiraf|Helping Hand|p2b: Iron Hands\n|-singleturn|p2b: Iron Hands|Helping Hand|[of] p2a: Farigiraf\n|move|p1b: Don Hotwheels|Protect|p1b: Don Hotwheels\n|-singleturn|p1b: Don Hotwheels|Protect\n|move|p1a: Don Steadman|Taunt|p2a: Farigiraf\n|-start|p2a: Farigiraf|move: Taunt\n|move|p2b: Iron Hands|Wild Charge|p1a: Don Steadman\n|-enditem|p1a: Don Steadman|Focus Sash\n|-damage|p1a: Don Steadman|1/100\n|-damage|p2b: Iron Hands|86/100|[from] Recoil\n|\n|-weather|SunnyDay|[upkeep]\n|upkeep\n|turn|2\n|\n|t:|1745956296\n|-terastallize|p1b: Don Hotwheels|Fire\n|move|p1a: Don Steadman|Moonblast|p2b: Iron Hands\n|-supereffective|p2b: Iron Hands\n|-damage|p2b: Iron Hands|37/100\n|move|p1b: Don Hotwheels|Flare Blitz|p2b: Iron Hands\n|-damage|p2b: Iron Hands|0 fnt\n|faint|p2b: Iron Hands\n|-end|p2b: Iron Hands|Quark Drive|[silent]\n|-damage|p1b: Don Hotwheels|85/100|[from] Recoil\n|move|p2a: Farigiraf|Psychic|p1b: Don Hotwheels\n|-damage|p1b: Don Hotwheels|52/100\n|\n|-weather|SunnyDay|[upkeep]\n|upkeep\n|\n|t:|1745956303\n|switch|p2b: Ho-Oh|Ho-Oh, L50|100/100\n|turn|3\n|\n|t:|1745956323\n|move|p1a: Don Steadman|Protect|p1a: Don Steadman\n|-singleturn|p1a: Don Steadman|Protect\n|move|p1b: Don Hotwheels|Flare Blitz|p2a: Farigiraf\n|-damage|p2a: Farigiraf|0 fnt\n|faint|p2a: Farigiraf\n|-damage|p1b: Don Hotwheels|12/100|[from] Recoil\n|move|p2b: Ho-Oh|Tailwind|p2b: Ho-Oh\n|-sidestart|p2: clawboi|move: Tailwind\n|\n|-weather|SunnyDay|[upkeep]\n|upkeep\n|\n|t:|1745956325\n|switch|p2a: Ursaluna|Ursaluna, L50, M|100/100\n|turn|4\n|\n|t:|1745956335\n|move|p1b: Don Hotwheels|Protect|p1b: Don Hotwheels\n|-singleturn|p1b: Don Hotwheels|Protect\n|move|p1a: Don Steadman|Taunt|p2b: Ho-Oh\n|-start|p2b: Ho-Oh|move: Taunt\n|move|p2b: Ho-Oh|Brave Bird|p1b: Don Hotwheels\n|-activate|p1b: Don Hotwheels|move: Protect\n|move|p2a: Ursaluna|Earthquake|p1a: Don Steadman|[spread] p1a\n|-activate|p1b: Don Hotwheels|move: Protect\n|-immune|p2b: Ho-Oh\n|-damage|p1a: Don Steadman|0 fnt\n|faint|p1a: Don Steadman\n|-end|p1a: Don Steadman|Protosynthesis|[silent]\n|\n|-weather|SunnyDay|[upkeep]\n|-status|p2a: Ursaluna|brn|[from] item: Flame Orb\n|upkeep\n|\n|t:|1745956345\n|switch|p1a: Groudon|Groudon, L50|100/100\n|turn|5\n|\n|t:|1745956354\n|switch|p1b: Don Screens|Grimmsnarl, L50, M|100/100\n|move|p2b: Ho-Oh|Sacred Fire|p1a: Groudon\n|-damage|p1a: Groudon|48/100\n|move|p2a: Ursaluna|Earthquake|p1b: Don Screens|[spread] p1a,p1b\n|-immune|p2b: Ho-Oh\n|-damage|p1a: Groudon|5/100\n|-damage|p1b: Don Screens|37/100\n|move|p1a: Groudon|Thunder Punch|p2b: Ho-Oh\n|-supereffective|p2b: Ho-Oh\n|-damage|p2b: Ho-Oh|50/100\n|\n|-weather|none\n|-damage|p2a: Ursaluna|94/100 brn|[from] brn\n|upkeep\n|turn|6\n|\n|t:|1745956372\n|move|p1b: Don Screens|Reflect|p1b: Don Screens\n|-sidestart|p1: Mentalsyndrome|Reflect\n|move|p2b: Ho-Oh|Sacred Fire|p1b: Don Screens\n|-damage|p1b: Don Screens|3/100\n|-status|p1b: Don Screens|brn\n|move|p2a: Ursaluna|Earthquake|p1a: Groudon|[spread] p1a,p1b\n|-immune|p2b: Ho-Oh\n|-crit|p1a: Groudon\n|-damage|p1a: Groudon|0 fnt\n|-damage|p1b: Don Screens|0 fnt\n|faint|p1a: Groudon\n|faint|p1b: Don Screens\n|\n|-damage|p2a: Ursaluna|88/100 brn|[from] brn\n|-end|p2b: Ho-Oh|move: Taunt\n|-sideend|p2: clawboi|move: Tailwind\n|upkeep\n|\n|t:|1745956375\n|switch|p1b: Don Hotwheels|Koraidon, L50, tera:Fire|12/100\n|-weather|SunnyDay|[from] ability: Orichalcum Pulse|[of] p1b: Don Hotwheels\n|-activate|p1b: Don Hotwheels|Orichalcum Pulse|[source]\n|turn|7\n|\n|t:|1745956382\n|-terastallize|p2a: Ursaluna|Ghost\n|move|p1b: Don Hotwheels|Close Combat|p2a: Ursaluna\n|-immune|p2a: Ursaluna\n|move|p2b: Ho-Oh|Brave Bird|p1b: Don Hotwheels\n|-damage|p1b: Don Hotwheels|0 fnt\n|faint|p1b: Don Hotwheels\n|-damage|p2b: Ho-Oh|47/100|[from] Recoil\n|\n|win|clawboi\n", "uploadtime": 1745956384, "views": 9, "formatid": "gen9vgc2025regibo3", "rating": null, "private": 0, "password": null}