{"id": "gen9vgc2025regibo3-2355139373", "format": "[Gen 9] VGC 2025 Reg I (Bo3)", "players": ["mluz17", "Jabim"], "log": "|j|\u2606mluz17\n|j|\u2606Jabim\n|html|<table width=\"100%\"><tr><td align=\"left\">mluz17</td><td align=\"right\">Jabim</tr><tr><td align=\"left\"><i class=\"fa fa-circle-o\"></i> <i class=\"fa fa-circle-o\"></i> </td><td align=\"right\"><i class=\"fa fa-circle-o\"></i> <i class=\"fa fa-circle-o\"></i> </tr></table>\n|uhtml|bestof|<h2><strong>Game 1</strong> of <a href=\"/game-bestof3-gen9vgc2025regibo3-2355139372\">a best-of-3</a></h2>\n|t:|1746157565\n|gametype|doubles\n|player|p1|mluz17|266|\n|player|p2|Jabim|chuck|\n|teamsize|p1|6\n|teamsize|p2|6\n|gen|9\n|tier|[Gen 9] VGC 2025 Reg I (Bo3)\n|rule|Species Clause: Limit one of each Pok\u00e9mon\n|rule|Item Clause: Limit 1 of each item\n|clearpoke\n|poke|p1|Tornadus, L50, M|\n|poke|p1|Calyrex-Shadow, L50|\n|poke|p1|Urshifu-*, L50, M|\n|poke|p1|Zamazenta-*, L50|\n|poke|p1|Indeedee-F, L50, F|\n|poke|p1|Chien-Pao, L50|\n|poke|p2|Kyogre, L50|\n|poke|p2|Miraidon, L50|\n|poke|p2|Tsareena, L50, F|\n|poke|p2|Tornadus, L50, M|\n|poke|p2|Iron Hands, L50|\n|poke|p2|Clefairy, L50, F|\n|teampreview|4\n|showteam|p1|Tornadus||CovertCloak|Prankster|BleakwindStorm,Taunt,RainDance,Tailwind|||M|||50|,,,,,Dark]Calyrex-Shadow||FocusSash|AsOneSpectrier|AstralBarrage,Psychic,Encore,Protect||||||50|,,,,,Fairy]Urshifu-Rapid-Strike||ChoiceScarf|UnseenFist|SurgingStrikes,CloseCombat,AquaJet,Uturn|||M|||50|,,,,,Ghost]Zamazenta-Crowned||RustedShield|DauntlessShield|BodyPress,HeavySlam,WideGuard,Protect||||||50|,,,,,Dragon]Indeedee-F||RockyHelmet|PsychicSurge|FollowMe,DazzlingGleam,TrickRoom,HelpingHand|||F|||50|,,,,,Fairy]Chien-Pao||LifeOrb|SwordofRuin|IceSpinner,SuckerPunch,Protect,IceShard||||||50|,,,,,Water\n|showteam|p2|Kyogre||ChoiceScarf|Drizzle|WaterSpout,OriginPulse,IceBeam,HyperBeam||||||50|,,,,,Grass]Miraidon||ChoiceSpecs|HadronEngine|Thunder,VoltSwitch,DazzlingGleam,DracoMeteor||||||50|,,,,,Fairy]Tsareena||WideLens|QueenlyMajesty|PowerWhip,TripleAxel,KnockOff,Taunt|||F|||50|,,,,,Dark]Tornadus||CovertCloak|Prankster|BleakwindStorm,RainDance,Protect,Tailwind|||M|||50|,,,,,Steel]Iron Hands||AssaultVest|QuarkDrive|LowKick,DrainPunch,FakeOut,HeavySlam||||||50|,,,,,Water]Clefairy||Eviolite|FriendGuard|HelpingHand,Encore,FollowMe,HealPulse|||F|||50|,,,,,Water\n|\n|t:|1746157729\n|start\n|switch|p1a: Zamazenta|Zamazenta-Crowned, L50|100/100\n|switch|p1b: Urshifu|Urshifu-Rapid-Strike, L50, M|100/100\n|switch|p2a: Iron Hands|Iron Hands, L50, shiny|100/100\n|switch|p2b: Miraidon|Miraidon, L50|100/100\n|-fieldstart|move: Electric Terrain|[from] ability: Hadron Engine|[of] p2b: Miraidon\n|-activate|p2a: Iron Hands|ability: Quark Drive\n|-start|p2a: Iron Hands|quarkdriveatk\n|-ability|p1a: Zamazenta|Dauntless Shield|boost\n|-boost|p1a: Zamazenta|def|1\n|turn|1\n|\n|t:|1746157910\n|move|p1a: Zamazenta|Protect|p1a: Zamazenta\n|-singleturn|p1a: Zamazenta|Protect\n|move|p2a: Iron Hands|Fake Out|p1b: Urshifu\n|-damage|p1b: Urshifu|79/100\n|cant|p1b: Urshifu|flinch\n|move|p2b: Miraidon|Volt Switch|p1b: Urshifu\n|-supereffective|p1b: Urshifu\n|-damage|p1b: Urshifu|0 fnt\n|faint|p1b: Urshifu\n|\n|t:|1746157956\n|switch|p2b: Tsareena|Tsareena, L50, F|100/100|[from] Volt Switch\n|\n|upkeep\n|\n|t:|1746157966\n|switch|p1b: Chien-Pao|Chien-Pao, L50|100/100\n|-ability|p1b: Chien-Pao|Sword of Ruin\n|turn|2\n|\n|t:|1746158039\n|move|p1b: Chien-Pao|Ice Spinner|p2b: Tsareena\n|-supereffective|p2b: Tsareena\n|-damage|p2b: Tsareena|0 fnt\n|-fieldend|move: Electric Terrain\n|-end|p2a: Iron Hands|Quark Drive\n|faint|p2b: Tsareena\n|-damage|p1b: Chien-Pao|91/100|[from] item: Life Orb\n|move|p1a: Zamazenta|Body Press|p2a: Iron Hands\n|-damage|p2a: Iron Hands|40/100\n|move|p2a: Iron Hands|Drain Punch|p1a: Zamazenta\n|-supereffective|p1a: Zamazenta\n|-damage|p1a: Zamazenta|56/100\n|-heal|p2a: Iron Hands|57/100|[from] drain|[of] p1a: Zamazenta\n|\n|upkeep\n|\n|t:|1746158055\n|switch|p2b: Tornadus|Tornadus, L50, M|100/100\n|turn|3\n|\n|t:|1746158092\n|-terastallize|p2a: Iron Hands|Water\n|move|p1b: Chien-Pao|Ice Shard|p2b: Tornadus\n|-supereffective|p2b: Tornadus\n|-damage|p2b: Tornadus|9/100\n|-damage|p1b: Chien-Pao|81/100|[from] item: Life Orb\n|move|p2b: Tornadus|Tailwind|p2b: Tornadus\n|-sidestart|p2: Jabim|move: Tailwind\n|move|p1a: Zamazenta|Body Press|p2a: Iron Hands\n|-damage|p2a: Iron Hands|0 fnt\n|faint|p2a: Iron Hands\n|-end|p2a: Iron Hands|Quark Drive|[silent]\n|\n|upkeep\n|\n|t:|1746158103\n|switch|p2a: Miraidon|Miraidon, L50|100/100\n|-fieldstart|move: Electric Terrain|[from] ability: Hadron Engine|[of] p2a: Miraidon\n|turn|4\n|\n|t:|1746158116\n|move|p1b: Chien-Pao|Protect|p1b: Chien-Pao\n|-singleturn|p1b: Chien-Pao|Protect\n|move|p1a: Zamazenta|Protect|p1a: Zamazenta\n|-singleturn|p1a: Zamazenta|Protect\n|move|p2a: Miraidon|Dazzling Gleam|p1a: Zamazenta|[spread] \n|-activate|p1a: Zamazenta|move: Protect\n|-activate|p1b: Chien-Pao|move: Protect\n|move|p2b: Tornadus|Bleakwind Storm|p1a: Zamazenta|[spread] \n|-activate|p1a: Zamazenta|move: Protect\n|-activate|p1b: Chien-Pao|move: Protect\n|\n|upkeep\n|turn|5\n|\n|t:|1746158142\n|move|p1a: Zamazenta|Wide Guard|p1a: Zamazenta\n|-singleturn|p1a: Zamazenta|Wide Guard\n|move|p1b: Chien-Pao|Ice Shard|p2b: Tornadus\n|-supereffective|p2b: Tornadus\n|-damage|p2b: Tornadus|0 fnt\n|faint|p2b: Tornadus\n|-damage|p1b: Chien-Pao|71/100|[from] item: Life Orb\n|move|p2a: Miraidon|Dazzling Gleam|p1a: Zamazenta|[spread] \n|-activate|p1a: Zamazenta|move: Wide Guard\n|-activate|p1b: Chien-Pao|move: Wide Guard\n|\n|upkeep\n|turn|6\n|\n|t:|1746158156\n|move|p1a: Zamazenta|Wide Guard|p1a: Zamazenta\n|-singleturn|p1a: Zamazenta|Wide Guard\n|move|p2a: Miraidon|Dazzling Gleam|p1b: Chien-Pao|[spread] \n|-activate|p1a: Zamazenta|move: Wide Guard\n|-activate|p1b: Chien-Pao|move: Wide Guard\n|move|p1b: Chien-Pao|Ice Spinner|p2a: Miraidon\n|-supereffective|p2a: Miraidon\n|-crit|p2a: Miraidon\n|-damage|p2a: Miraidon|0 fnt\n|-fieldend|move: Electric Terrain\n|faint|p2a: Miraidon\n|-damage|p1b: Chien-Pao|62/100|[from] item: Life Orb\n|\n|win|mluz17\n|inactive|mluz17 has 30 seconds to confirm battle start!\n|inactive|Jabim has 30 seconds to confirm battle start!\n|l|\u2606Jabim\n|player|p2|\n|inactive|mluz17 has 20 seconds to confirm battle start!\n|inactive|Jabim has 20 seconds to confirm battle start!\n|inactive|mluz17 has 10 seconds to confirm battle start!\n|inactive|Jabim has 10 seconds to confirm battle start!\n||mluz17 is ready for game 2.\n|uhtml|next|Next: <a href=\"/battle-gen9vgc2025regibo3-2355143901\"><strong>Game 2 of 3</strong></a>\n", "uploadtime": 1746158749, "views": 2, "formatid": "gen9vgc2025regibo3", "rating": null, "private": 0, "password": null}