{"id": "gen9vgc2025regibo3-2353766031", "format": "[Gen 9] VGC 2025 Reg I (Bo3)", "players": ["Adrinhoo", "bertcamem"], "log": "|j|\u2606Adrinhoo\n|j|\u2606bertcamem\n|html|<table width=\"100%\"><tr><td align=\"left\">Adrinhoo</td><td align=\"right\">bertcamem</tr><tr><td align=\"left\"><i class=\"fa fa-circle\"></i> <i class=\"fa fa-circle-o\"></i> </td><td align=\"right\"><i class=\"fa fa-circle-o\"></i> <i class=\"fa fa-circle\"></i> </tr></table>\n|uhtml|bestof|<h2><strong>Game 3</strong> of <a href=\"/game-bestof3-gen9vgc2025regibo3-2353763722\">a best-of-3</a></h2>\n|t:|1745996314\n|gametype|doubles\n|player|p1|Adrinhoo|pokekid|1208\n|player|p2|bertcamem|169|1293\n|teamsize|p1|6\n|teamsize|p2|6\n|gen|9\n|tier|[Gen 9] VGC 2025 Reg I (Bo3)\n|rated|\n|rule|Species Clause: Limit one of each Pok\u00e9mon\n|rule|Item Clause: Limit 1 of each item\n|clearpoke\n|poke|p1|Zacian-*, L50|\n|poke|p1|Lunala, L50|\n|poke|p1|Urshifu-*, L50, M|\n|poke|p1|Rillaboom, L50, F|\n|poke|p1|Regidrago, L50|\n|poke|p1|Whimsicott, L50, F|\n|poke|p2|Koraidon, L50|\n|poke|p2|Ho-Oh, L50|\n|poke|p2|Gurdurr, L50, M|\n|poke|p2|Flutter Mane, L50|\n|poke|p2|Rillaboom, L50, F|\n|poke|p2|Raging Bolt, L50|\n|teampreview|4\n|showteam|p1|Zacian-Crowned||RustedSword|IntrepidSword|behemothblade,PlayRough,SacredSword,Protect||||||50|,,,,,Fire]Lunala||PowerHerb|ShadowShield|MeteorBeam,MoongeistBeam,TrickRoom,WideGuard||||||50|,,,,,Water]Urshifu-Rapid-Strike||ChoiceScarf|UnseenFist|SurgingStrikes,CloseCombat,Coaching,Uturn|||M|||50|,,,,,Ghost]Rillaboom||AssaultVest|GrassySurge|FakeOut,GrassyGlide,WoodHammer,Uturn|||F|||50|,,,,,Fire]Regidrago||ChoiceSpecs|DragonsMaw|DragonEnergy,DracoMeteor,TeraBlast,EarthPower||||||50|,,,,,Ghost]Whimsicott||CovertCloak|Prankster|Moonblast,Tailwind,LightScreen,Encore|||F|||50|,,,,,Dark\n|showteam|p2|Koraidon||LifeOrb|OrichalcumPulse|FlareBlitz,CloseCombat,Protect,Uturn||||||50|,,,,,Fire]Ho-Oh||ClearAmulet|Regenerator|SacredFire,BraveBird,Protect,Tailwind||||||50|,,,,,Grass]Gurdurr||Eviolite|IronFist|DrainPunch,Coaching,WideGuard,HelpingHand|||M|||50|,,,,,Water]Flutter Mane||FocusSash|Protosynthesis|Moonblast,ShadowBall,Taunt,IcyWind||||||50|,,,,,Normal]Rillaboom||AssaultVest|GrassySurge|FakeOut,GrassyGlide,HighHorsepower,Uturn|||F|||50|,,,,,Fire]Raging Bolt||BoosterEnergy|Protosynthesis|Protect,Thunderclap,Thunderbolt,DracoMeteor||||||50|,,,,,Fairy\n|inactive|Battle timer is ON: inactive players will automatically lose when time's up. (requested by bertcamem)\n|inactive|Adrinhoo also wants the timer to be on.\n|\n|t:|1745996335\n|start\n|switch|p1a: Zacian|Zacian-Crowned, L50|100/100\n|switch|p1b: Lunala|Lunala, L50|100/100\n|switch|p2a: Sun|Koraidon, L50|100/100\n|switch|p2b: Magician|Flutter Mane, L50|100/100\n|-ability|p1a: Zacian|Intrepid Sword|boost\n|-boost|p1a: Zacian|atk|1\n|-weather|SunnyDay|[from] ability: Orichalcum Pulse|[of] p2a: Sun\n|-activate|p2b: Magician|ability: Protosynthesis\n|-start|p2b: Magician|protosynthesisspe\n|-activate|p2a: Sun|Orichalcum Pulse|[source]\n|turn|1\n|inactive|bertcamem has 30 seconds left.\n|inactive|bertcamem has 20 seconds left.\n|inactive|bertcamem has 15 seconds left.\n|\n|t:|1745996380\n|move|p2b: Magician|Icy Wind|p1b: Lunala|[spread] p1a,p1b\n|-resisted|p1a: Zacian\n|-damage|p1a: Zacian|95/100\n|-damage|p1b: Lunala|96/100\n|-unboost|p1a: Zacian|spe|1\n|-unboost|p1b: Lunala|spe|1\n|move|p2a: Sun|U-turn|p1b: Lunala\n|-damage|p1b: Lunala|59/100\n|-damage|p2a: Sun|91/100|[from] item: Life Orb\n|\n|t:|1745996383\n|switch|p2a: Emperor|Ho-Oh, L50|100/100|[from] U-turn\n|move|p1a: Zacian|Behemoth Blade|p2b: Magician\n|-supereffective|p2b: Magician\n|-enditem|p2b: Magician|Focus Sash\n|-damage|p2b: Magician|1/100\n|move|p1b: Lunala|Moongeist Beam|p2b: Magician\n|-supereffective|p2b: Magician\n|-damage|p2b: Magician|0 fnt\n|faint|p2b: Magician\n|-end|p2b: Magician|Protosynthesis|[silent]\n|\n|-weather|SunnyDay|[upkeep]\n|upkeep\n|\n|t:|1745996392\n|switch|p2b: Tower|Raging Bolt, L50|100/100\n|-activate|p2b: Tower|ability: Protosynthesis\n|-start|p2b: Tower|protosynthesisspa\n|turn|2\n|inactive|bertcamem has 30 seconds left.\n|\n|t:|1745996417\n|-terastallize|p1a: Zacian|Fire\n|-terastallize|p2b: Tower|Fairy\n|move|p1a: Zacian|Play Rough|p2b: Tower\n|-damage|p2b: Tower|32/100\n|move|p2a: Emperor|Sacred Fire|p1b: Lunala\n|-damage|p1b: Lunala|0 fnt\n|faint|p1b: Lunala\n|move|p2b: Tower|Thunderbolt|p1a: Zacian\n|-damage|p1a: Zacian|40/100\n|\n|-weather|SunnyDay|[upkeep]\n|upkeep\n|\n|t:|1745996428\n|switch|p1b: Whimsicott|Whimsicott, L50, F|100/100\n|turn|3\n|\n|t:|1745996442\n|switch|p1a: Regidrago|Regidrago, L50|100/100\n|move|p1b: Whimsicott|Tailwind|p1b: Whimsicott\n|-sidestart|p1: Adrinhoo|move: Tailwind\n|move|p2b: Tower|Thunderclap||[still]\n|-fail|p2b: Tower\n|move|p2a: Emperor|Sacred Fire|p1b: Whimsicott\n|-supereffective|p1b: Whimsicott\n|-damage|p1b: Whimsicott|0 fnt\n|faint|p1b: Whimsicott\n|\n|-weather|SunnyDay|[upkeep]\n|upkeep\n|\n|t:|1745996444\n|switch|p1b: Zacian|Zacian-Crowned, L50, tera:Fire|40/100\n|turn|4\n|\n|t:|1745996457\n|move|p2b: Tower|Protect|p2b: Tower\n|-singleturn|p2b: Tower|Protect\n|move|p1b: Zacian|Behemoth Blade|p2b: Tower\n|-activate|p2b: Tower|move: Protect\n|move|p1a: Regidrago|Dragon Energy|p2b: Tower|[spread] p2a\n|-activate|p2b: Tower|move: Protect\n|-crit|p2a: Emperor\n|-damage|p2a: Emperor|0 fnt\n|faint|p2a: Emperor\n|\n|-weather|SunnyDay|[upkeep]\n|upkeep\n|\n|t:|1745996461\n|switch|p2a: Sun|Koraidon, L50|91/100\n|-activate|p2a: Sun|ability: Orichalcum Pulse\n|turn|5\n|\n|t:|1745996473\n|move|p2a: Sun|Protect|p2a: Sun\n|-singleturn|p2a: Sun|Protect\n|move|p2b: Tower|Thunderclap|p1b: Zacian\n|-damage|p1b: Zacian|0 fnt\n|faint|p1b: Zacian\n|move|p1a: Regidrago|Dragon Energy|p2a: Sun|[spread] \n|-activate|p2a: Sun|move: Protect\n|-immune|p2b: Tower\n|\n|-weather|none\n|-end|p2b: Tower|Protosynthesis\n|upkeep\n|-enditem|p2b: Tower|Booster Energy\n|-activate|p2b: Tower|ability: Protosynthesis|[fromitem]\n|-start|p2b: Tower|protosynthesisspa\n|turn|6\n|\n|t:|1745996485\n|move|p1a: Regidrago|Dragon Energy|p2a: Sun|[spread] p2a\n|-immune|p2b: Tower\n|-supereffective|p2a: Sun\n|-damage|p2a: Sun|0 fnt\n|faint|p2a: Sun\n|move|p2b: Tower|Thunderbolt|p1a: Regidrago\n|-resisted|p1a: Regidrago\n|-damage|p1a: Regidrago|65/100\n|\n|-sideend|p1: Adrinhoo|move: Tailwind\n|upkeep\n|turn|7\n|\n|t:|1745996492\n|move|p1a: Regidrago|Dragon Energy|p2b: Tower\n|-immune|p2b: Tower\n|move|p2b: Tower|Thunderbolt|p1a: Regidrago\n|-resisted|p1a: Regidrago\n|-damage|p1a: Regidrago|29/100\n|\n|upkeep\n|turn|8\n|\n|t:|1745996495\n|move|p1a: Regidrago|Dragon Energy|p2b: Tower\n|-immune|p2b: Tower\n|move|p2b: Tower|Thunderbolt|p1a: Regidrago\n|-resisted|p1a: Regidrago\n|-damage|p1a: Regidrago|0 fnt\n|faint|p1a: Regidrago\n|\n|win|bertcamem\n|raw|Adrinhoo's rating: 1208 &rarr; <strong>1189</strong><br />(-19 for losing)\n|raw|bertcamem's rating: 1293 &rarr; <strong>1312</strong><br />(+19 for winning)\n|l|\u2606Adrinhoo\n|player|p1|\n", "uploadtime": 1745996526, "views": 17, "formatid": "gen9vgc2025regibo3", "rating": 1189, "private": 0, "password": null}