{"id": "gen9vgc2025regibo3-2355125071", "format": "[Gen 9] VGC 2025 Reg I (Bo3)", "players": ["chamoy-pt2", "byebyebirdie1"], "log": "|j|\u2606chamoy-pt2\n|j|\u2606byebyebirdie1\n|html|<table width=\"100%\"><tr><td align=\"left\">chamoy-pt2</td><td align=\"right\">byebyebirdie1</tr><tr><td align=\"left\"><i class=\"fa fa-circle-o\"></i> <i class=\"fa fa-circle-o\"></i> </td><td align=\"right\"><i class=\"fa fa-circle-o\"></i> <i class=\"fa fa-circle\"></i> </tr></table>\n|uhtml|bestof|<h2><strong>Game 2</strong> of <a href=\"/game-bestof3-gen9vgc2025regibo3-2355122749\">a best-of-3</a></h2>\n|t:|1746155648\n|gametype|doubles\n|player|p1|chamoy-pt2|265|1142\n|player|p2|byebyebirdie1|101|1232\n|teamsize|p1|6\n|teamsize|p2|6\n|gen|9\n|tier|[Gen 9] VGC 2025 Reg I (Bo3)\n|rated|\n|rule|Species Clause: Limit one of each Pok\u00e9mon\n|rule|Item Clause: Limit 1 of each item\n|clearpoke\n|poke|p1|Lunala, L50|\n|poke|p1|Miraidon, L50|\n|poke|p1|Iron Hands, L50|\n|poke|p1|Urshifu-*, L50, F|\n|poke|p1|Ogerpon-Hearthflame, L50, F|\n|poke|p1|Grimmsnarl, L50, M|\n|poke|p2|Calyrex-Shadow, L50|\n|poke|p2|Rillaboom, L50, F|\n|poke|p2|Zamazenta-*, L50|\n|poke|p2|Incineroar, L50, M|\n|poke|p2|Ogerpon-Hearthflame, L50, F|\n|poke|p2|Raging Bolt, L50|\n|teampreview|4\n|showteam|p1|Lunala||PowerHerb|ShadowShield|MeteorBeam,MoongeistBeam,TrickRoom,WideGuard||||||50|,,,,,Normal]Miraidon||ChoiceSpecs|HadronEngine|ElectroDrift,DracoMeteor,VoltSwitch,DazzlingGleam||||||50|,,,,,Ghost]Iron Hands||AssaultVest|QuarkDrive|FakeOut,DrainPunch,WildCharge,CloseCombat||||||50|,,,,,Grass]Urshifu-Rapid-Strike||ChoiceScarf|UnseenFist|SurgingStrikes,CloseCombat,AquaJet,Uturn|||F|||50|,,,,,Stellar]Ogerpon-Hearthflame||HearthflameMask|MoldBreaker|IvyCudgel,WoodHammer,FollowMe,SpikyShield|||F|||50|,,,,,Fire]Grimmsnarl||SitrusBerry|Prankster|SpiritBreak,PartingShot,ThunderWave,Taunt|||M|||50|,,,,,Water\n|showteam|p2|Calyrex-Shadow||SpellTag|AsOneSpectrier|Protect,AstralBarrage,Psychic,NastyPlot||||||50|,,,,,Water]Rillaboom||AssaultVest|GrassySurge|WoodHammer,FakeOut,GrassyGlide,Uturn|||F|||50|,,,,,Fire]Zamazenta-Crowned||RustedShield|DauntlessShield|behemothbash,BodyPress,WideGuard,Protect||||||50|,,,,,Dragon]Incineroar||SafetyGoggles|Intimidate|FakeOut,WillOWisp,PartingShot,KnockOff|||M|||50|,,,,,Bug]Ogerpon-Hearthflame||HearthflameMask|MoldBreaker|IvyCudgel,FollowMe,SpikyShield,WoodHammer|||F|||50|,,,,,Fire]Raging Bolt||BoosterEnergy|Protosynthesis|Protect,Thunderbolt,Thunderclap,DracoMeteor||||||50|,,,,,Electric\n|\n|t:|1746155676\n|start\n|switch|p1a: Lunala|Lunala, L50|100/100\n|switch|p1b: Miraidon|Miraidon, L50|100/100\n|switch|p2a: Raging Bolt|Raging Bolt, L50|100/100\n|switch|p2b: Rillaboom|Rillaboom, L50, F|100/100\n|-fieldstart|move: Electric Terrain|[from] ability: Hadron Engine|[of] p1b: Miraidon\n|-fieldstart|move: Grassy Terrain|[from] ability: Grassy Surge|[of] p2b: Rillaboom\n|-enditem|p2a: Raging Bolt|Booster Energy\n|-activate|p2a: Raging Bolt|ability: Protosynthesis|[fromitem]\n|-start|p2a: Raging Bolt|protosynthesisspa\n|turn|1\n|inactive|Battle timer is ON: inactive players will automatically lose when time's up. (requested by chamoy-pt2)\n|\n|t:|1746155715\n|-terastallize|p1b: Miraidon|Ghost\n|-terastallize|p2a: Raging Bolt|Electric\n|move|p2b: Rillaboom|Grassy Glide|p1a: Lunala\n|-damage|p1a: Lunala|87/100\n|move|p1b: Miraidon|Draco Meteor|p2a: Raging Bolt\n|-damage|p2a: Raging Bolt|15/100\n|-unboost|p1b: Miraidon|spa|2\n|move|p1a: Lunala|Meteor Beam||[still]\n|-prepare|p1a: Lunala|Meteor Beam\n|-boost|p1a: Lunala|spa|1\n|-enditem|p1a: Lunala|Power Herb\n|-anim|p1a: Lunala|Meteor Beam|p2a: Raging Bolt\n|-damage|p2a: Raging Bolt|0 fnt\n|faint|p2a: Raging Bolt\n|-end|p2a: Raging Bolt|Protosynthesis|[silent]\n|\n|-heal|p1a: Lunala|93/100|[from] Grassy Terrain\n|upkeep\n|\n|t:|1746155735\n|switch|p2a: Zamazenta|Zamazenta-Crowned, L50|100/100\n|-ability|p2a: Zamazenta|Dauntless Shield|boost\n|-boost|p2a: Zamazenta|def|1\n|turn|2\n|\n|t:|1746155744\n|switch|p1b: Iron Hands|Iron Hands, L50|100/100\n|move|p2a: Zamazenta|Behemoth Bash|p1a: Lunala\n|-damage|p1a: Lunala|66/100\n|move|p2b: Rillaboom|Wood Hammer|p1a: Lunala\n|-damage|p1a: Lunala|3/100\n|-damage|p2b: Rillaboom|76/100|[from] Recoil\n|move|p1a: Lunala|Trick Room|p1a: Lunala\n|-fieldstart|move: Trick Room|[of] p1a: Lunala\n|\n|-heal|p2b: Rillaboom|82/100|[from] Grassy Terrain\n|-heal|p1a: Lunala|9/100|[from] Grassy Terrain\n|upkeep\n|turn|3\n|inactive|chamoy-pt2 has 30 seconds left.\n|inactive|chamoy-pt2 has 20 seconds left.\n|inactive|chamoy-pt2 has 15 seconds left.\n|inactive|chamoy-pt2 has 10 seconds left.\n|\n|t:|1746155791\n|move|p1b: Iron Hands|Drain Punch|p2b: Rillaboom\n|-damage|p2b: Rillaboom|38/100\n|move|p2b: Rillaboom|U-turn|p1a: Lunala\n|-damage|p1a: Lunala|0 fnt\n|faint|p1a: Lunala\n|\n|t:|1746155797\n|switch|p2b: Calyrex|Calyrex-Shadow, L50|100/100|[from] U-turn\n|-ability|p2b: Calyrex|As One\n|-ability|p2b: Calyrex|Unnerve\n|move|p2a: Zamazenta|Body Press|p1b: Iron Hands\n|-damage|p1b: Iron Hands|52/100\n|\n|-heal|p1b: Iron Hands|58/100|[from] Grassy Terrain\n|upkeep\n|\n|t:|1746155802\n|switch|p1a: Miraidon|Miraidon, L50, tera:Ghost|100/100\n|-fieldstart|move: Electric Terrain|[from] ability: Hadron Engine|[of] p1a: Miraidon\n|-activate|p1b: Iron Hands|ability: Quark Drive\n|-start|p1b: Iron Hands|quarkdriveatk\n|turn|4\n|\n|t:|1746155823\n|move|p2a: Zamazenta|Protect|p2a: Zamazenta\n|-singleturn|p2a: Zamazenta|Protect\n|move|p2b: Calyrex|Protect|p2b: Calyrex\n|-singleturn|p2b: Calyrex|Protect\n|move|p1b: Iron Hands|Drain Punch|p2a: Zamazenta\n|-activate|p2a: Zamazenta|move: Protect\n|move|p1a: Miraidon|Volt Switch|p2a: Zamazenta\n|-activate|p2a: Zamazenta|move: Protect\n|\n|upkeep\n|turn|5\n|\n|t:|1746155845\n|switch|p2a: Rillaboom|Rillaboom, L50, F|38/100\n|-fieldstart|move: Grassy Terrain|[from] ability: Grassy Surge|[of] p2a: Rillaboom\n|-end|p1b: Iron Hands|Quark Drive\n|move|p1b: Iron Hands|Close Combat|p2a: Rillaboom\n|-damage|p2a: Rillaboom|0 fnt\n|-unboost|p1b: Iron Hands|def|1\n|-unboost|p1b: Iron Hands|spd|1\n|faint|p2a: Rillaboom\n|move|p1a: Miraidon|Volt Switch|p2b: Calyrex\n|-damage|p2b: Calyrex|50/100\n|\n|t:|1746155855\n|switch|p1a: Urshifu|Urshifu-Rapid-Strike, L50, F|100/100|[from] Volt Switch\n|move|p2b: Calyrex|Astral Barrage|p1b: Iron Hands|[spread] p1a,p1b\n|-damage|p1a: Urshifu|14/100\n|-damage|p1b: Iron Hands|15/100\n|\n|-heal|p1b: Iron Hands|21/100|[from] Grassy Terrain\n|-heal|p2b: Calyrex|56/100|[from] Grassy Terrain\n|-heal|p1a: Urshifu|20/100|[from] Grassy Terrain\n|upkeep\n|\n|t:|1746155865\n|switch|p2a: Zamazenta|Zamazenta-Crowned, L50|100/100\n|turn|6\n|inactive|chamoy-pt2 has 30 seconds left.\n|\n|t:|1746155894\n|switch|p1a: Miraidon|Miraidon, L50, tera:Ghost|100/100\n|-fieldstart|move: Electric Terrain|[from] ability: Hadron Engine|[of] p1a: Miraidon\n|-activate|p1b: Iron Hands|ability: Quark Drive\n|-start|p1b: Iron Hands|quarkdriveatk\n|move|p2b: Calyrex|Protect|p2b: Calyrex\n|-singleturn|p2b: Calyrex|Protect\n|move|p1b: Iron Hands|Close Combat|p2a: Zamazenta\n|-supereffective|p2a: Zamazenta\n|-damage|p2a: Zamazenta|0 fnt\n|-unboost|p1b: Iron Hands|def|1\n|-unboost|p1b: Iron Hands|spd|1\n|faint|p2a: Zamazenta\n|\n|-fieldend|move: Trick Room\n|upkeep\n|turn|7\n|\n|t:|1746155910\n|move|p2b: Calyrex|Astral Barrage|p1a: Miraidon|[spread] p1a,p1b\n|-supereffective|p1a: Miraidon\n|-damage|p1a: Miraidon|0 fnt\n|-damage|p1b: Iron Hands|0 fnt\n|faint|p1a: Miraidon\n|faint|p1b: Iron Hands\n|-end|p1b: Iron Hands|Quark Drive|[silent]\n|-ability|p2b: Calyrex|Grim Neigh|boost\n|-boost|p2b: Calyrex|spa|2\n|\n|upkeep\n|\n|t:|1746155912\n|switch|p1b: Urshifu|Urshifu-Rapid-Strike, L50, F|20/100\n|turn|8\n|\n|t:|1746155915\n|move|p1b: Urshifu|Surging Strikes|p2b: Calyrex\n|-crit|p2b: Calyrex\n|-damage|p2b: Calyrex|33/100\n|-crit|p2b: Calyrex\n|-damage|p2b: Calyrex|10/100\n|-crit|p2b: Calyrex\n|-damage|p2b: Calyrex|0 fnt\n|faint|p2b: Calyrex\n|-hitcount|p2: Calyrex|3\n|\n|win|chamoy-pt2\n||chamoy-pt2 is ready for game 3.\n|inactive|byebyebirdie1 has 30 seconds to confirm battle start!\n||byebyebirdie1 is ready for game 3.\n|uhtml|next|Next: <a href=\"/battle-gen9vgc2025regibo3-2355127214\"><strong>Game 3 of 3</strong></a>\n|l|\u2606chamoy-pt2\n|player|p1|\n", "uploadtime": 1746155918, "views": 4, "formatid": "gen9vgc2025regibo3", "rating": null, "private": 0, "password": null}