{"id": "gen9vgc2025regibo3-2354290149", "format": "[Gen 9] VGC 2025 Reg I (Bo3)", "players": ["miraidons the goat", "d_malicious"], "log": "|j|\u2606miraidons the goat\n|j|\u2606d_malicious\n|html|<table width=\"100%\"><tr><td align=\"left\">miraidons the goat</td><td align=\"right\">d_malicious</tr><tr><td align=\"left\"><i class=\"fa fa-circle-o\"></i> <i class=\"fa fa-circle-o\"></i> </td><td align=\"right\"><i class=\"fa fa-circle-o\"></i> <i class=\"fa fa-circle\"></i> </tr></table>\n|uhtml|bestof|<h2><strong>Game 2</strong> of <a href=\"/game-bestof3-gen9vgc2025regibo3-2354287968\">a best-of-3</a></h2>\n|t:|1746053468\n|gametype|doubles\n|player|p1|miraidons the goat|lisia-masters|1165\n|player|p2|d_malicious|worker-gen4|1213\n|teamsize|p1|6\n|teamsize|p2|6\n|gen|9\n|tier|[Gen 9] VGC 2025 Reg I (Bo3)\n|rated|\n|rule|Species Clause: Limit one of each Pok\u00e9mon\n|rule|Item Clause: Limit 1 of each item\n|clearpoke\n|poke|p1|Calyrex-Shadow, L50|\n|poke|p1|Koraidon, L50|\n|poke|p1|Chi-Yu, L50|\n|poke|p1|Indeedee-F, L50, F|\n|poke|p1|Whimsicott, L50, M|\n|poke|p1|Ditto, L50|\n|poke|p2|Koraidon, L50|\n|poke|p2|Flutter Mane, L50|\n|poke|p2|Brute Bonnet, L50|\n|poke|p2|Chi-Yu, L50|\n|poke|p2|Ogerpon-Cornerstone, L50, F|\n|poke|p2|Lunala, L50|\n|teampreview|4\n|showteam|p1|Calyrex-Shadow||ChoiceSpecs|AsOneSpectrier|AstralBarrage,ExpandingForce,PollenPuff,Psyshock||||||50|,,,,,Dark]Koraidon||LifeOrb|OrichalcumPulse|CloseCombat,FlareBlitz,DragonClaw,Protect||||||50|,,,,,Fire]Chi-Yu||ChoiceScarf|BeadsofRuin|Snarl,DarkPulse,HeatWave,Overheat||||||50|,,,,,Fire]Indeedee-F||PsychicSeed|PsychicSurge|FollowMe,TrickRoom,HelpingHand,Psychic|||F|||50|,,,,,Steel]Whimsicott||CovertCloak|Prankster|Tailwind,Encore,Moonblast,SunnyDay|||M|||50|,,,,,Dark]Ditto||FocusSash|Imposter|Transform||||||50|,,,,,Ghost\n|showteam|p2|Koraidon||LifeOrb|OrichalcumPulse|CloseCombat,FlareBlitz,FlameCharge,Protect||||||50|,,,,,Fire]Flutter Mane||FocusSash|Protosynthesis|Moonblast,ShadowBall,IcyWind,Protect||||||50|,,,,,Normal]Brute Bonnet||CovertCloak|Protosynthesis|SeedBomb,SuckerPunch,Spore,RagePowder||||||50|,,,,,Water]Chi-Yu||ChoiceScarf|BeadsofRuin|HeatWave,Flamethrower,DarkPulse,Snarl||||||50|,,,,,Ghost]Ogerpon-Cornerstone||CornerstoneMask|Sturdy|SpikyShield,IvyCudgel,Taunt,FollowMe|||F|||50|,,,,,Rock]Lunala||PowerHerb|ShadowShield|MoongeistBeam,MeteorBeam,WideGuard,TrickRoom||||||50|,,,,,Water\n|\n|t:|1746053498\n|start\n|switch|p1a: better bike|Koraidon, L50|100/100\n|switch|p1b: ghold fish|Chi-Yu, L50|100/100\n|switch|p2a: Brute Bonnet|Brute Bonnet, L50|100/100\n|switch|p2b: Chi-Yu|Chi-Yu, L50|100/100\n|-ability|p2b: Chi-Yu|Beads of Ruin\n|-ability|p1b: ghold fish|Beads of Ruin\n|-weather|SunnyDay|[from] ability: Orichalcum Pulse|[of] p1a: better bike\n|-activate|p2a: Brute Bonnet|ability: Protosynthesis\n|-start|p2a: Brute Bonnet|protosynthesisdef\n|-activate|p1a: better bike|Orichalcum Pulse|[source]\n|turn|1\n|\n|t:|1746053521\n|-terastallize|p2a: Brute Bonnet|Water\n|move|p1b: ghold fish|Heat Wave|p2b: Chi-Yu|[spread] p2a,p2b\n|-resisted|p2a: Brute Bonnet\n|-resisted|p2b: Chi-Yu\n|-damage|p2a: Brute Bonnet|70/100\n|-damage|p2b: Chi-Yu|62/100\n|move|p2b: Chi-Yu|Heat Wave|p1a: better bike|[spread] p1a,p1b\n|-resisted|p1a: better bike\n|-resisted|p1b: ghold fish\n|-damage|p1a: better bike|62/100\n|-damage|p1b: ghold fish|67/100\n|move|p1a: better bike|Dragon Claw|p2b: Chi-Yu\n|-damage|p2b: Chi-Yu|0 fnt\n|faint|p2b: Chi-Yu\n|-damage|p1a: better bike|52/100|[from] item: Life Orb\n|move|p2a: Brute Bonnet|Spore|p1b: ghold fish\n|-status|p1b: ghold fish|slp|[from] move: Spore\n|\n|-weather|SunnyDay|[upkeep]\n|upkeep\n|\n|t:|1746053544\n|switch|p2b: Lunala|Lunala, L50|100/100\n|turn|2\n|\n|t:|1746053584\n|move|p1a: better bike|Protect|p1a: better bike\n|-singleturn|p1a: better bike|Protect\n|move|p2a: Brute Bonnet|Rage Powder|p2a: Brute Bonnet\n|-singleturn|p2a: Brute Bonnet|move: Rage Powder\n|cant|p1b: ghold fish|slp\n|move|p2b: Lunala|Meteor Beam||[still]\n|-prepare|p2b: Lunala|Meteor Beam\n|-boost|p2b: Lunala|spa|1\n|-enditem|p2b: Lunala|Power Herb\n|-anim|p2b: Lunala|Meteor Beam|p1b: ghold fish\n|-supereffective|p1b: ghold fish\n|-damage|p1b: ghold fish|0 fnt\n|faint|p1b: ghold fish\n|\n|-weather|SunnyDay|[upkeep]\n|upkeep\n|\n|t:|1746053598\n|switch|p1b: mental trauma|Calyrex-Shadow, L50|100/100\n|-ability|p1b: mental trauma|As One\n|-ability|p1b: mental trauma|Unnerve\n|turn|3\n|\n|t:|1746053637\n|move|p2b: Lunala|Wide Guard|p2b: Lunala\n|-singleturn|p2b: Lunala|Wide Guard\n|move|p1b: mental trauma|Astral Barrage|p2b: Lunala|[spread] \n|-activate|p2a: Brute Bonnet|move: Wide Guard\n|-activate|p2b: Lunala|move: Wide Guard\n|move|p1a: better bike|Dragon Claw|p2a: Brute Bonnet\n|-damage|p2a: Brute Bonnet|21/100\n|-damage|p1a: better bike|43/100|[from] item: Life Orb\n|move|p2a: Brute Bonnet|Spore|p1a: better bike\n|-status|p1a: better bike|slp|[from] move: Spore\n|\n|-weather|SunnyDay|[upkeep]\n|upkeep\n|turn|4\n|\n|t:|1746053659\n|switch|p1b: copycat|Ditto, L50, shiny|100/100\n|-transform|p1b: copycat|p2a: Brute Bonnet|[from] ability: Imposter\n|move|p2b: Lunala|Wide Guard|p2b: Lunala\n|-singleturn|p2b: Lunala|Wide Guard\n|cant|p1a: better bike|slp\n|move|p2a: Brute Bonnet|Spore|p1b: copycat\n|-immune|p1b: copycat\n|\n|-weather|SunnyDay|[upkeep]\n|upkeep\n|-start|p1b: copycat|typechange|Grass/Dark|[silent]\n|turn|5\n|\n|t:|1746053690\n|cant|p1a: better bike|slp\n|move|p2b: Lunala|Moongeist Beam|p1a: better bike\n|-damage|p1a: better bike|0 fnt\n|faint|p1a: better bike\n|move|p2a: Brute Bonnet|Seed Bomb|p1b: copycat\n|-resisted|p1b: copycat\n|-damage|p1b: copycat|85/100\n|move|p1b: copycat|Spore|p2b: Lunala\n|-status|p2b: Lunala|slp|[from] move: Spore\n|\n|-weather|none\n|-end|p2a: Brute Bonnet|Protosynthesis\n|upkeep\n|\n|t:|1746053707\n|switch|p1a: mental trauma|Calyrex-Shadow, L50|100/100\n|-ability|p1a: mental trauma|As One\n|-ability|p1a: mental trauma|Unnerve\n|turn|6\n|\n|t:|1746053717\n|cant|p2b: Lunala|slp\n|move|p2a: Brute Bonnet|Sucker Punch|p1a: mental trauma\n|-supereffective|p1a: mental trauma\n|-damage|p1a: mental trauma|0 fnt\n|faint|p1a: mental trauma\n|move|p1b: copycat|Spore|p2a: Brute Bonnet\n|-status|p2a: Brute Bonnet|slp|[from] move: Spore\n|\n|upkeep\n|turn|7\n|-message|miraidons the goat forfeited.\n|\n|win|d_malicious\n|raw|miraidons the goat's rating: 1165 &rarr; <strong>1143</strong><br />(-22 for losing)\n|raw|d_malicious's rating: 1213 &rarr; <strong>1235</strong><br />(+22 for winning)\n", "uploadtime": 1746053735, "views": 13, "formatid": "gen9vgc2025regibo3", "rating": 1143, "private": 0, "password": null}