{"id": "gen9vgc2025regibo3-2355128960", "format": "[Gen 9] VGC 2025 Reg I (Bo3)", "players": ["ShinigamiRowlet", "stanhoff"], "log": "|j|\u2606ShinigamiRowlet\n|j|\u2606stanhoff\n|html|<table width=\"100%\"><tr><td align=\"left\">ShinigamiRowlet</td><td align=\"right\">stanhoff</tr><tr><td align=\"left\"><i class=\"fa fa-circle-o\"></i> <i class=\"fa fa-circle-o\"></i> </td><td align=\"right\"><i class=\"fa fa-circle-o\"></i> <i class=\"fa fa-circle-o\"></i> </tr></table>\n|uhtml|bestof|<h2><strong>Game 1</strong> of <a href=\"/game-bestof3-gen9vgc2025regibo3-2355128959\">a best-of-3</a></h2>\n|t:|1746156152\n|gametype|doubles\n|player|p1|ShinigamiRowlet|li|1177\n|player|p2|stanhoff|falkner|1132\n|teamsize|p1|6\n|teamsize|p2|6\n|gen|9\n|tier|[Gen 9] VGC 2025 Reg I (Bo3)\n|rated|\n|rule|Species Clause: Limit one of each Pok\u00e9mon\n|rule|Item Clause: Limit 1 of each item\n|clearpoke\n|poke|p1|Terapagos, L50, M|\n|poke|p1|Incineroar, L50, F|\n|poke|p1|Amoonguss, L50, F|\n|poke|p1|Calyrex-Shadow, L50|\n|poke|p1|Tornadus, L50, M|\n|poke|p1|Urshifu-*, L50, F|\n|poke|p2|Calyrex-Shadow, L50|\n|poke|p2|Miraidon, L50|\n|poke|p2|Indeedee-F, L50, F|\n|poke|p2|Brute Bonnet, L50|\n|poke|p2|Iron Bundle, L50|\n|poke|p2|Sneasler, L50, M|\n|teampreview|4\n|showteam|p1|Terapagos||Leftovers|TeraShift|TeraStarstorm,EarthPower,CalmMind,Protect|||M|||50|,,,,,Stellar]Incineroar||SafetyGoggles|Intimidate|FakeOut,WillOWisp,KnockOff,PartingShot|||F|||50|,,,,,Ghost]Amoonguss||RockyHelmet|Regenerator|PollenPuff,Spore,Protect,RagePowder|||F|||50|,,,,,Water]Calyrex-Shadow||FocusSash|AsOneSpectrier|AstralBarrage,Psychic,Encore,Protect||||||50|,,,,,Ghost]Tornadus||CovertCloak|Prankster|Tailwind,RainDance,BleakwindStorm,Protect|||M|||50|,,,,,Dark]Urshifu-Rapid-Strike||MysticWater|UnseenFist|SurgingStrikes,Taunt,AquaJet,Detect|||F|||50|,,,,,Water\n|showteam|p2|Calyrex-Shadow||FocusSash|AsOneSpectrier|AstralBarrage,ExpandingForce,Disable,Protect||||||50|,,,,,Ghost]Miraidon||LifeOrb|HadronEngine|ElectroDrift,DracoMeteor,DazzlingGleam,Protect||||||50|,,,,,Fairy]Indeedee-F||PsychicSeed|PsychicSurge|FollowMe,AlluringVoice,TrickRoom,Imprison|||F|||50|,,,,,Fairy]Brute Bonnet||CovertCloak|Protosynthesis|Spore,SuckerPunch,SeedBomb,RagePowder||||||50|,,,,,Water]Iron Bundle||KingsRock|QuarkDrive|IcyWind,FreezeDry,Fling,Protect||||||50|,,,,,Grass]Sneasler||ElectricSeed|Unburden|FakeOut,Taunt,CloseCombat,Protect|||M|||50|,,,,,Dark\n|inactive|Battle timer is ON: inactive players will automatically lose when time's up. (requested by stanhoff)\n|inactive|ShinigamiRowlet has 60 seconds left.\n|inactive|stanhoff has 60 seconds left.\n|\n|t:|1746156209\n|start\n|switch|p1a: Terapagos|Terapagos, L50, M|100/100\n|switch|p1b: Incineroar|Incineroar, L50, F|100/100\n|switch|p2a: Calyrex|Calyrex-Shadow, L50|100/100\n|switch|p2b: Brute Bonnet|Brute Bonnet, L50|100/100\n|-activate|p1a: Terapagos|ability: Tera Shift\n|detailschange|p1a: Terapagos|Terapagos-Terastal, L50, M\n|-heal|p1a: Terapagos|100/100|[silent]\n|-ability|p2a: Calyrex|As One\n|-ability|p2a: Calyrex|Unnerve\n|-ability|p1b: Incineroar|Intimidate|boost\n|-unboost|p2a: Calyrex|atk|1\n|-unboost|p2b: Brute Bonnet|atk|1\n|turn|1\n|inactive|ShinigamiRowlet has 30 seconds left.\n|inactive|ShinigamiRowlet has 20 seconds left.\n|inactive|stanhoff has 30 seconds left.\n|inactive|ShinigamiRowlet has 15 seconds left.\n|\n|t:|1746156251\n|switch|p1a: Amoonguss|Amoonguss, L50, F, shiny|100/100\n|move|p2b: Brute Bonnet|Rage Powder|p2b: Brute Bonnet\n|-singleturn|p2b: Brute Bonnet|move: Rage Powder\n|move|p2a: Calyrex|Disable||[still]\n|-fail|p2a: Calyrex\n|move|p1b: Incineroar|Knock Off|p2a: Calyrex\n|-supereffective|p2a: Calyrex\n|-enditem|p2a: Calyrex|Focus Sash\n|-damage|p2a: Calyrex|1/100\n|\n|upkeep\n|turn|2\n|inactive|ShinigamiRowlet has 30 seconds left.\n|inactive|stanhoff has 30 seconds left.\n|inactive|stanhoff has 20 seconds left.\n|inactive|stanhoff has 15 seconds left.\n|\n|t:|1746156292\n|move|p2a: Calyrex|Expanding Force|p1a: Amoonguss\n|-supereffective|p1a: Amoonguss\n|-damage|p1a: Amoonguss|27/100\n|move|p1b: Incineroar|Knock Off|p2a: Calyrex\n|-supereffective|p2a: Calyrex\n|-damage|p2a: Calyrex|0 fnt\n|faint|p2a: Calyrex\n|move|p2b: Brute Bonnet|Seed Bomb|p1a: Amoonguss\n|-resisted|p1a: Amoonguss\n|-damage|p1a: Amoonguss|21/100\n|move|p1a: Amoonguss|Pollen Puff|p2b: Brute Bonnet\n|-supereffective|p2b: Brute Bonnet\n|-damage|p2b: Brute Bonnet|42/100\n|\n|upkeep\n|\n|t:|1746156304\n|switch|p2a: Miraidon|Miraidon, L50|100/100\n|-fieldstart|move: Electric Terrain|[from] ability: Hadron Engine|[of] p2a: Miraidon\n|turn|3\n|inactive|ShinigamiRowlet has 30 seconds left.\n|inactive|stanhoff has 30 seconds left.\n|\n|t:|1746156338\n|-terastallize|p2a: Miraidon|Fairy\n|move|p2a: Miraidon|Dazzling Gleam|p1b: Incineroar|[spread] p1a,p1b\n|-resisted|p1a: Amoonguss\n|-crit|p1a: Amoonguss\n|-damage|p1a: Amoonguss|0 fnt\n|-damage|p1b: Incineroar|57/100\n|faint|p1a: Amoonguss\n|-damage|p2a: Miraidon|91/100|[from] item: Life Orb\n|move|p1b: Incineroar|Parting Shot|p2a: Miraidon\n|-unboost|p2a: Miraidon|atk|1\n|-unboost|p2a: Miraidon|spa|1\n|\n|t:|1746156353\n|switch|p1b: Terapagos|Terapagos-Terastal, L50, M|100/100|[from] Parting Shot\n|move|p2b: Brute Bonnet|Seed Bomb|p1b: Terapagos\n|-activate|p1b: Terapagos|ability: Tera Shell\n|-resisted|p1b: Terapagos\n|-damage|p1b: Terapagos|92/100\n|\n|-heal|p1b: Terapagos|98/100|[from] item: Leftovers\n|upkeep\n|\n|t:|1746156369\n|switch|p1a: Incineroar|Incineroar, L50, F|57/100\n|-ability|p1a: Incineroar|Intimidate|boost\n|-unboost|p2a: Miraidon|atk|1\n|-unboost|p2b: Brute Bonnet|atk|1\n|turn|4\n|\n|t:|1746156390\n|switch|p2a: Iron Bundle|Iron Bundle, L50|100/100\n|-activate|p2a: Iron Bundle|ability: Quark Drive\n|-start|p2a: Iron Bundle|quarkdrivespe\n|move|p2b: Brute Bonnet|Rage Powder|p2b: Brute Bonnet\n|-singleturn|p2b: Brute Bonnet|move: Rage Powder\n|move|p1b: Terapagos|Tera Starstorm|p2b: Brute Bonnet\n|-damage|p2b: Brute Bonnet|8/100\n|move|p1a: Incineroar|Knock Off|p2b: Brute Bonnet\n|-resisted|p2b: Brute Bonnet\n|-damage|p2b: Brute Bonnet|0 fnt\n|-enditem|p2b: Brute Bonnet|Covert Cloak|[from] move: Knock Off|[of] p1a: Incineroar\n|faint|p2b: Brute Bonnet\n|-end|p2b: Brute Bonnet|Protosynthesis|[silent]\n|\n|-heal|p1b: Terapagos|100/100|[from] item: Leftovers\n|upkeep\n|\n|t:|1746156399\n|switch|p2b: Miraidon|Miraidon, L50, tera:Fairy|91/100\n|-activate|p2b: Miraidon|ability: Hadron Engine\n|turn|5\n|inactive|ShinigamiRowlet has 30 seconds left.\n|\n|t:|1746156428\n|move|p1b: Terapagos|Protect|p1b: Terapagos\n|-singleturn|p1b: Terapagos|Protect\n|move|p2a: Iron Bundle|Fling|p1b: Terapagos\n|-activate|p1b: Terapagos|move: Protect\n|-enditem|p2a: Iron Bundle|King's Rock|[from] move: Fling\n|move|p2b: Miraidon|Electro Drift|p1a: Incineroar\n|-damage|p1a: Incineroar|0 fnt\n|faint|p1a: Incineroar\n|-damage|p2b: Miraidon|81/100|[from] item: Life Orb\n|\n|upkeep\n|\n|t:|1746156436\n|switch|p1a: Calyrex|Calyrex-Shadow, L50|100/100\n|-ability|p1a: Calyrex|As One\n|-ability|p1a: Calyrex|Unnerve\n|turn|6\n|\n|t:|1746156452\n|-terastallize|p1b: Terapagos|Stellar\n|detailschange|p1b: Terapagos|Terapagos-Stellar, L50, M, tera:Stellar\n|-heal|p1b: Terapagos|100/100|[silent]\n|-ability|p1b: Terapagos|Teraform Zero\n|-fieldend|move: Electric Terrain\n|-end|p2a: Iron Bundle|Quark Drive\n|move|p2b: Miraidon|Protect|p2b: Miraidon\n|-singleturn|p2b: Miraidon|Protect\n|move|p1a: Calyrex|Astral Barrage|p2a: Iron Bundle|[spread] p2a\n|-activate|p2b: Miraidon|move: Protect\n|-damage|p2a: Iron Bundle|0 fnt\n|faint|p2a: Iron Bundle\n|-end|p2a: Iron Bundle|Quark Drive|[silent]\n|-ability|p1a: Calyrex|Grim Neigh|boost\n|-boost|p1a: Calyrex|spa|1\n|move|p1b: Terapagos|Tera Starstorm|p2b: Miraidon\n|-activate|p2b: Miraidon|move: Protect\n|\n|upkeep\n|turn|7\n|\n|t:|1746156476\n|move|p1a: Calyrex|Encore|p2b: Miraidon\n|-start|p2b: Miraidon|Encore\n|move|p2b: Miraidon|Protect||[still]\n|-fail|p2b: Miraidon\n|move|p1b: Terapagos|Earth Power|p2b: Miraidon\n|-damage|p2b: Miraidon|52/100\n|\n|upkeep\n|turn|8\n|\n|t:|1746156483\n|move|p2b: Miraidon|Protect|p2b: Miraidon\n|-singleturn|p2b: Miraidon|Protect\n|move|p1a: Calyrex|Astral Barrage|p2b: Miraidon\n|-activate|p2b: Miraidon|move: Protect\n|move|p1b: Terapagos|Tera Starstorm|p2b: Miraidon\n|-activate|p2b: Miraidon|move: Protect\n|\n|upkeep\n|turn|9\n|\n|t:|1746156486\n|move|p2b: Miraidon|Protect||[still]\n|-fail|p2b: Miraidon\n|move|p1a: Calyrex|Astral Barrage|p2b: Miraidon\n|-damage|p2b: Miraidon|0 fnt\n|faint|p2b: Miraidon\n|\n|win|ShinigamiRowlet\n||stanhoff is ready for game 2.\n||ShinigamiRowlet is ready for game 2.\n|uhtml|next|Next: <a href=\"/battle-gen9vgc2025regibo3-2355131540\"><strong>Game 2 of 3</strong></a>\n", "uploadtime": 1746157451, "views": 4, "formatid": "gen9vgc2025regibo3", "rating": null, "private": 0, "password": null}