{"id": "gen9vgc2025regibo3-2353570174", "format": "[Gen 9] VGC 2025 Reg I (Bo3)", "players": ["ShDw Ace", "mad skwovet"], "log": "|j|\u2606ShDw Ace\n|j|\u2606mad skwovet\n|html|<table width=\"100%\"><tr><td align=\"left\">ShDw Ace</td><td align=\"right\">mad skwovet</tr><tr><td align=\"left\"><i class=\"fa fa-circle-o\"></i> <i class=\"fa fa-circle-o\"></i> </td><td align=\"right\"><i class=\"fa fa-circle-o\"></i> <i class=\"fa fa-circle-o\"></i> </tr></table>\n|uhtml|bestof|<h2><strong>Game 1</strong> of <a href=\"/game-bestof3-gen9vgc2025regibo3-2353570173\">a best-of-3</a></h2>\n|t:|1745969538\n|gametype|doubles\n|player|p1|ShDw Ace|steven|1108\n|player|p2|mad skwovet|pokemaniac|1094\n|teamsize|p1|6\n|teamsize|p2|6\n|gen|9\n|tier|[Gen 9] VGC 2025 Reg I (Bo3)\n|rated|\n|rule|Species Clause: Limit one of each Pok\u00e9mon\n|rule|Item Clause: Limit 1 of each item\n|clearpoke\n|poke|p1|Calyrex-Shadow, L50|\n|poke|p1|Muk-Alola, L50, M|\n|poke|p1|Smeargle, L50, M|\n|poke|p1|Dialga, L50|\n|poke|p1|Rillaboom, L50, M|\n|poke|p1|Torkoal, L50, M|\n|poke|p2|Miraidon, L50|\n|poke|p2|Ho-Oh, L50|\n|poke|p2|Ditto, L50|\n|poke|p2|Iron Hands, L50|\n|poke|p2|Farigiraf, L50, F|\n|poke|p2|Ogerpon-Cornerstone, L50, F|\n|teampreview|4\n|showteam|p1|Calyrex-Shadow||ClearAmulet|AsOneSpectrier|PsychUp,StoredPower,AstralBarrage,Protect||||||50|,,,,,Fairy]Muk-Alola||BlackSludge|PowerofAlchemy|Minimize,Protect,PoisonJab,KnockOff|||M|||50|,,,,,Grass]Smeargle||FocusSash|Moody|Spore,FollowMe,Explosion,FakeOut|||M|||50|,,,,,Ghost]Dialga||Leftovers|Pressure|PsychUp,ThunderWave,FlashCannon,Flamethrower||||||50|,,,,,Fire]Rillaboom||AssaultVest|GrassySurge|Uturn,GrassyGlide,FakeOut,Earthquake|||M|||50|,,,,,Fire]Torkoal||AirBalloon|Drought|Protect,BodyPress,ClearSmog,Overheat|||M|||50|,,,,,Water\n|showteam|p2|Miraidon||ChoiceSpecs|HadronEngine|VoltSwitch,ElectroDrift,DracoMeteor,DazzlingGleam||||||50|,,,,,Fairy]Ho-Oh||ClearAmulet|Regenerator|BraveBird,SacredFire,Tailwind,Protect||||||50|,,,,,Grass]Ditto||FocusSash|Imposter|Transform||||||50|,,,,,Normal]Iron Hands||AssaultVest|QuarkDrive|FakeOut,LowKick,DrainPunch,HeavySlam||||||50|,,,,,Bug]Farigiraf||ElectricSeed|ArmorTail|FoulPlay,HelpingHand,TrickRoom,PsychicNoise|||F|||50|,,,,,Water]Ogerpon-Cornerstone||CornerstoneMask|Sturdy|IvyCudgel,WoodHammer,FollowMe,SpikyShield|||F|||50|,,,,,Rock\n|inactive|Battle timer is ON: inactive players will automatically lose when time's up. (requested by ShDw Ace)\n|\n|t:|1745969566\n|start\n|switch|p1a: Muk|Muk-Alola, L50, M, shiny|100/100\n|switch|p1b: Smeargle|Smeargle, L50, M, shiny|100/100\n|switch|p2a: Miraidon|Miraidon, L50|100/100\n|switch|p2b: Ogerpon|Ogerpon-Cornerstone, L50, F|100/100\n|-fieldstart|move: Electric Terrain|[from] ability: Hadron Engine|[of] p2a: Miraidon\n|turn|1\n|\n|t:|1745969587\n|move|p1b: Smeargle|Fake Out|p2b: Ogerpon\n|-resisted|p2b: Ogerpon\n|-damage|p2b: Ogerpon|97/100\n|move|p2a: Miraidon|Volt Switch|p1b: Smeargle\n|-enditem|p1b: Smeargle|Focus Sash\n|-damage|p1b: Smeargle|1/100\n|\n|t:|1745969594\n|switch|p2a: Ho-Oh|Ho-Oh, L50|100/100|[from] Volt Switch\n|cant|p2b: Ogerpon|flinch\n|move|p1a: Muk|Minimize|p1a: Muk\n|-boost|p1a: Muk|evasion|2\n|\n|-ability|p1b: Smeargle|Moody|boost\n|-boost|p1b: Smeargle|spe|2\n|-unboost|p1b: Smeargle|spa|1\n|upkeep\n|turn|2\n|inactive|mad skwovet has 30 seconds left.\n|inactive|mad skwovet has 20 seconds left.\n|inactive|mad skwovet has 15 seconds left.\n|\n|t:|1745969635\n|-terastallize|p2a: Ho-Oh|Grass\n|move|p1b: Smeargle|Spore|p2a: Ho-Oh\n|-immune|p2a: Ho-Oh\n|move|p2b: Ogerpon|Ivy Cudgel|p1b: Smeargle|[anim] Ivy Cudgel Rock\n|-damage|p1b: Smeargle|0 fnt\n|faint|p1b: Smeargle\n|-ability|p1a: Muk|Moody|[from] ability: Power of Alchemy|[of] p1b: Smeargle\n|move|p2a: Ho-Oh|Tailwind|p2a: Ho-Oh\n|-sidestart|p2: mad skwovet|move: Tailwind\n|move|p1a: Muk|Minimize|p1a: Muk\n|-boost|p1a: Muk|evasion|2\n|\n|-ability|p1a: Muk|Moody|boost\n|-boost|p1a: Muk|spe|2\n|-unboost|p1a: Muk|spd|1\n|upkeep\n|\n|t:|1745969654\n|switch|p1b: Rillaboom|Rillaboom, L50, M, shiny|100/100\n|-fieldstart|move: Grassy Terrain|[from] ability: Grassy Surge|[of] p1b: Rillaboom\n|turn|3\n|\n|t:|1745969665\n|move|p1b: Rillaboom|Fake Out|p2a: Ho-Oh\n|-damage|p2a: Ho-Oh|88/100\n|move|p2b: Ogerpon|Ivy Cudgel|p1b: Rillaboom|[anim] Ivy Cudgel Rock\n|-damage|p1b: Rillaboom|31/100\n|cant|p2a: Ho-Oh|flinch\n|move|p1a: Muk|Minimize|p1a: Muk\n|-boost|p1a: Muk|evasion|2\n|\n|-heal|p2b: Ogerpon|100/100|[from] Grassy Terrain\n|-heal|p2a: Ho-Oh|94/100|[from] Grassy Terrain\n|-heal|p1b: Rillaboom|37/100|[from] Grassy Terrain\n|-ability|p1a: Muk|Moody|boost\n|-boost|p1a: Muk|def|2\n|-unboost|p1a: Muk|atk|1\n|upkeep\n|turn|4\n|\n|t:|1745969686\n|move|p1b: Rillaboom|Grassy Glide|p2b: Ogerpon\n|-damage|p2b: Ogerpon|50/100\n|move|p2b: Ogerpon|Ivy Cudgel|p1b: Rillaboom|[anim] Ivy Cudgel Rock\n|-damage|p1b: Rillaboom|0 fnt\n|faint|p1b: Rillaboom\n|move|p2a: Ho-Oh|Sacred Fire|p1a: Muk\n|-damage|p1a: Muk|71/100\n|move|p1a: Muk|Knock Off|p2a: Ho-Oh\n|-damage|p2a: Ho-Oh|73/100\n|-enditem|p2a: Ho-Oh|Clear Amulet|[from] move: Knock Off|[of] p1a: Muk\n|\n|-heal|p2b: Ogerpon|56/100|[from] Grassy Terrain\n|-heal|p2a: Ho-Oh|78/100|[from] Grassy Terrain\n|-heal|p1a: Muk|77/100|[from] Grassy Terrain\n|-heal|p1a: Muk|83/100|[from] item: Black Sludge\n|-ability|p1a: Muk|Moody|boost\n|-boost|p1a: Muk|spa|2\n|-unboost|p1a: Muk|def|1\n|upkeep\n|\n|t:|1745969706\n|switch|p1b: Dialga|Dialga, L50, shiny|100/100\n|-ability|p1b: Dialga|Pressure\n|turn|5\n|\n|t:|1745969719\n|move|p1a: Muk|Protect|p1a: Muk\n|-singleturn|p1a: Muk|Protect\n|move|p2b: Ogerpon|Ivy Cudgel|p1a: Muk|[anim] Ivy Cudgel Rock\n|-activate|p1a: Muk|move: Protect\n|move|p2a: Ho-Oh|Sacred Fire|p1b: Dialga\n|-damage|p1b: Dialga|65/100\n|move|p1b: Dialga|Psych Up|p1a: Muk\n|-copyboost|p1b: Dialga|p1a: Muk|[from] move: Psych Up\n|\n|-heal|p2b: Ogerpon|61/100|[from] Grassy Terrain\n|-heal|p2a: Ho-Oh|84/100|[from] Grassy Terrain\n|-heal|p1b: Dialga|71/100|[from] Grassy Terrain\n|-heal|p1b: Dialga|77/100|[from] item: Leftovers\n|-heal|p1a: Muk|89/100|[from] Grassy Terrain\n|-heal|p1a: Muk|95/100|[from] item: Black Sludge\n|-sideend|p2: mad skwovet|move: Tailwind\n|-ability|p1a: Muk|Moody|boost\n|-boost|p1a: Muk|spa|2\n|-unboost|p1a: Muk|def|1\n|upkeep\n|turn|6\n|inactive|ShDw Ace has 30 seconds left.\n|\n|t:|1745969746\n|-terastallize|p1b: Dialga|Fire\n|move|p2b: Ogerpon|Follow Me|p2b: Ogerpon\n|-singleturn|p2b: Ogerpon|move: Follow Me\n|move|p1b: Dialga|Flash Cannon|p2b: Ogerpon\n|-supereffective|p2b: Ogerpon\n|-damage|p2b: Ogerpon|0 fnt\n|faint|p2b: Ogerpon\n|move|p1a: Muk|Poison Jab|p2a: Ho-Oh\n|-supereffective|p2a: Ho-Oh\n|-damage|p2a: Ho-Oh|43/100\n|move|p2a: Ho-Oh|Tailwind|p2a: Ho-Oh\n|-sidestart|p2: mad skwovet|move: Tailwind\n|\n|-heal|p2a: Ho-Oh|49/100|[from] Grassy Terrain\n|-heal|p1b: Dialga|83/100|[from] Grassy Terrain\n|-heal|p1b: Dialga|88/100|[from] item: Leftovers\n|-heal|p1a: Muk|100/100|[from] Grassy Terrain\n|-ability|p1a: Muk|Moody|boost\n|-boost|p1a: Muk|def|2\n|-unboost|p1a: Muk|spa|1\n|upkeep\n|\n|t:|1745969769\n|switch|p2b: Miraidon|Miraidon, L50|100/100\n|-fieldstart|move: Electric Terrain|[from] ability: Hadron Engine|[of] p2b: Miraidon\n|turn|7\n|\n|t:|1745969779\n|switch|p2a: Ditto|Ditto, L50|100/100\n|-transform|p2a: Ditto|p1b: Dialga|[from] ability: Imposter\n|-ability|p2a: Ditto|Pressure\n|move|p2b: Miraidon|Volt Switch|p1b: Dialga|[miss]\n|-miss|p2b: Miraidon|p1b: Dialga\n|move|p1b: Dialga|Flamethrower|p2a: Ditto|[miss]\n|-miss|p1b: Dialga|p2a: Ditto\n|move|p1a: Muk|Poison Jab|p2a: Ditto\n|-immune|p2a: Ditto\n|\n|-heal|p1b: Dialga|94/100|[from] item: Leftovers\n|-ability|p1a: Muk|Moody|boost\n|-boost|p1a: Muk|atk|2\n|-unboost|p1a: Muk|spd|1\n|upkeep\n|-start|p2a: Ditto|typechange|Steel/Dragon|[silent]\n|turn|8\n|inactive|mad skwovet has 30 seconds left.\n|\n|t:|1745969808\n|move|p2a: Ditto|Flash Cannon|p1a: Muk\n|-damage|p1a: Muk|0 fnt\n|faint|p1a: Muk\n|move|p2b: Miraidon|Volt Switch|p1b: Dialga|[miss]\n|-miss|p2b: Miraidon|p1b: Dialga\n|move|p1b: Dialga|Flamethrower|p2a: Ditto\n|-enditem|p2a: Ditto|Focus Sash\n|-damage|p2a: Ditto|1/100\n|\n|-heal|p1b: Dialga|99/100|[from] item: Leftovers\n|upkeep\n|turn|9\n|\n|t:|1745969827\n|move|p2a: Ditto|Thunder Wave|p1b: Dialga|[miss]\n|-miss|p2a: Ditto|p1b: Dialga\n|move|p2b: Miraidon|Volt Switch|p1b: Dialga|[miss]\n|-miss|p2b: Miraidon|p1b: Dialga\n|move|p1b: Dialga|Flamethrower|p2a: Ditto|[miss]\n|-miss|p1b: Dialga|p2a: Ditto\n|\n|-heal|p1b: Dialga|100/100|[from] item: Leftovers\n|-sideend|p2: mad skwovet|move: Tailwind\n|upkeep\n|turn|10\n|\n|t:|1745969840\n|move|p1b: Dialga|Flamethrower|p2a: Ditto|[miss]\n|-miss|p1b: Dialga|p2a: Ditto\n|move|p2a: Ditto|Thunder Wave|p1b: Dialga|[miss]\n|-miss|p2a: Ditto|p1b: Dialga\n|move|p2b: Miraidon|Volt Switch|p1b: Dialga|[miss]\n|-miss|p2b: Miraidon|p1b: Dialga\n|\n|upkeep\n|turn|11\n|\n|t:|1745969851\n|move|p2a: Ditto|Thunder Wave|p1b: Dialga|[miss]\n|-miss|p2a: Ditto|p1b: Dialga\n|move|p1b: Dialga|Flamethrower|p2a: Ditto\n|-damage|p2a: Ditto|0 fnt\n|faint|p2a: Ditto\n|move|p2b: Miraidon|Volt Switch|p1b: Dialga|[miss]\n|-miss|p2b: Miraidon|p1b: Dialga\n|\n|-fieldend|move: Electric Terrain\n|upkeep\n|\n|t:|1745969858\n|switch|p2a: Ho-Oh|Ho-Oh, L50, tera:Grass|82/100\n|turn|12\n|\n|t:|1745969867\n|move|p2a: Ho-Oh|Protect|p2a: Ho-Oh\n|-singleturn|p2a: Ho-Oh|Protect\n|move|p1b: Dialga|Flamethrower|p2a: Ho-Oh\n|-activate|p2a: Ho-Oh|move: Protect\n|move|p2b: Miraidon|Volt Switch|p1b: Dialga|[miss]\n|-miss|p2b: Miraidon|p1b: Dialga\n|\n|upkeep\n|turn|13\n|\n|t:|1745969878\n|move|p2a: Ho-Oh|Protect||[still]\n|-fail|p2a: Ho-Oh\n|move|p1b: Dialga|Flash Cannon|p2b: Miraidon\n|-resisted|p2b: Miraidon\n|-damage|p2b: Miraidon|69/100\n|move|p2b: Miraidon|Volt Switch|p1b: Dialga\n|-crit|p1b: Dialga\n|-damage|p1b: Dialga|0 fnt\n|faint|p1b: Dialga\n|\n|win|mad skwovet\n|raw|ShDw Ace's rating: 1108 &rarr; <strong>1082</strong><br />(-26 for losing)\n|raw|mad skwovet's rating: 1094 &rarr; <strong>1121</strong><br />(+27 for winning)\n|l|\u2606ShDw Ace\n|player|p1|\n", "uploadtime": 1745969892, "views": 20, "formatid": "gen9vgc2025regibo3", "rating": 1082, "private": 0, "password": null}