{"id": "gen9vgc2025regibo3-2354564547", "format": "[Gen 9] VGC 2025 Reg I (Bo3)", "players": ["DrXJ13", "rostas_mark3"], "log": "|j|\u2606DrXJ13\n|j|\u2606rostas_mark3\n|html|<table width=\"100%\"><tr><td align=\"left\">DrXJ13</td><td align=\"right\">rostas_mark3</tr><tr><td align=\"left\"><i class=\"fa fa-circle-o\"></i> <i class=\"fa fa-circle-o\"></i> </td><td align=\"right\"><i class=\"fa fa-circle-o\"></i> <i class=\"fa fa-circle-o\"></i> </tr></table>\n|uhtml|bestof|<h2><strong>Game 1</strong> of <a href=\"/game-bestof3-gen9vgc2025regibo3-2354564546\">a best-of-3</a></h2>\n|t:|1746095293\n|gametype|doubles\n|player|p1|DrXJ13|clair|1112\n|player|p2|rostas_mark3|101|1186\n|teamsize|p1|6\n|teamsize|p2|6\n|gen|9\n|tier|[Gen 9] VGC 2025 Reg I (Bo3)\n|rated|\n|rule|Species Clause: Limit one of each Pok\u00e9mon\n|rule|Item Clause: Limit 1 of each item\n|clearpoke\n|poke|p1|Calyrex-Shadow, L50|\n|poke|p1|Terapagos, L50, M|\n|poke|p1|Tornadus, L50, M|\n|poke|p1|Urshifu-*, L50, F|\n|poke|p1|Incineroar, L50, F|\n|poke|p1|Ogerpon-Cornerstone, L50, F|\n|poke|p2|Calyrex-Shadow, L50|\n|poke|p2|Zamazenta-*, L50|\n|poke|p2|Tornadus, L50, M|\n|poke|p2|Chien-Pao, L50|\n|poke|p2|Urshifu-*, L50, F|\n|poke|p2|Rillaboom, L50, M|\n|teampreview|4\n|showteam|p1|Calyrex-Shadow||LifeOrb|AsOneSpectrier|AstralBarrage,DrainingKiss,NastyPlot,Protect||||||50|,,,,,Fairy]Terapagos||ChoiceSpecs|TeraShift|TeraStarstorm,HyperBeam,EarthPower,IceBeam|||M|||50|,,,,,Stellar]Tornadus||CovertCloak|Prankster|Tailwind,BleakwindStorm,Taunt,RainDance|||M|||50|,,,,,Dark]Urshifu-Rapid-Strike||MysticWater|UnseenFist|SurgingStrikes,CloseCombat,AquaJet,Detect|||F|||50|,,,,,Grass]Incineroar||RockyHelmet|Intimidate|FakeOut,FlareBlitz,KnockOff,PartingShot|||F|||50|,,,,,Ghost]Ogerpon-Cornerstone||CornerstoneMask|Sturdy|IvyCudgel,WoodHammer,FollowMe,SpikyShield|||F|||50|,,,,,Rock\n|showteam|p2|Calyrex-Shadow||FocusSash|AsOneSpectrier|AstralBarrage,Psychic,Encore,Protect||||||50|,,,,,Dark]Zamazenta-Crowned||RustedShield|DauntlessShield|BodyPress,HeavySlam,WideGuard,Protect||||||50|,,,,,Ghost]Tornadus||RockyHelmet|Prankster|Tailwind,BleakwindStorm,RainDance,Taunt|||M|||50|,,,,,Dark]Chien-Pao||LifeOrb|SwordofRuin|IceSpinner,SuckerPunch,Crunch,Protect||||||50|,,,,,Stellar]Urshifu-Rapid-Strike||MysticWater|UnseenFist|SurgingStrikes,AquaJet,CloseCombat,Detect|||F|||50|,,,,,Water]Rillaboom||AssaultVest|GrassySurge|WoodHammer,GrassyGlide,Uturn,FakeOut|||M|||50|,,,,,Fire\n|inactive|Battle timer is ON: inactive players will automatically lose when time's up. (requested by rostas_mark3)\n|inactive|DrXJ13 also wants the timer to be on.\n|inactive|DrXJ13 has 60 seconds left.\n|inactive|rostas_mark3 has 60 seconds left.\n|\n|t:|1746095350\n|start\n|switch|p1a: Bragulat|Calyrex-Shadow, L50|100/100\n|switch|p1b: Maximiliano|Tornadus, L50, M|100/100\n|switch|p2a: Calyrex|Calyrex-Shadow, L50|100/100\n|switch|p2b: Zamazenta|Zamazenta-Crowned, L50|100/100\n|-ability|p2a: Calyrex|As One\n|-ability|p2a: Calyrex|Unnerve\n|-ability|p1a: Bragulat|As One\n|-ability|p1a: Bragulat|Unnerve\n|-ability|p2b: Zamazenta|Dauntless Shield|boost\n|-boost|p2b: Zamazenta|def|1\n|turn|1\n|\n|t:|1746095369\n|-terastallize|p2a: Calyrex|Dark\n|-terastallize|p1a: Bragulat|Fairy\n|move|p2b: Zamazenta|Wide Guard|p2b: Zamazenta\n|-singleturn|p2b: Zamazenta|Wide Guard\n|move|p1b: Maximiliano|Tailwind|p1b: Maximiliano\n|-sidestart|p1: DrXJ13|move: Tailwind\n|move|p1a: Bragulat|Nasty Plot|p1a: Bragulat\n|-boost|p1a: Bragulat|spa|2\n|move|p2a: Calyrex|Astral Barrage|p1b: Maximiliano|[spread] p1a,p1b\n|-damage|p1a: Bragulat|49/100\n|-damage|p1b: Maximiliano|32/100\n|\n|upkeep\n|turn|2\n|\n|t:|1746095388\n|switch|p1b: Napolitana|Incineroar, L50, F|100/100\n|-ability|p1b: Napolitana|Intimidate|boost\n|-unboost|p2a: Calyrex|atk|1\n|-unboost|p2b: Zamazenta|atk|1\n|move|p1a: Bragulat|Protect|p1a: Bragulat\n|-singleturn|p1a: Bragulat|Protect\n|move|p2b: Zamazenta|Wide Guard|p2b: Zamazenta\n|-singleturn|p2b: Zamazenta|Wide Guard\n|move|p2a: Calyrex|Astral Barrage|p1b: Napolitana|[spread] p1b\n|-activate|p1a: Bragulat|move: Protect\n|-resisted|p1b: Napolitana\n|-damage|p1b: Napolitana|80/100\n|\n|upkeep\n|turn|3\n|\n|t:|1746095409\n|move|p2a: Calyrex|Protect|p2a: Calyrex\n|-singleturn|p2a: Calyrex|Protect\n|move|p2b: Zamazenta|Protect||[still]\n|-fail|p2b: Zamazenta\n|move|p1b: Napolitana|Fake Out|p2b: Zamazenta\n|-resisted|p2b: Zamazenta\n|-damage|p2b: Zamazenta|98/100\n|move|p1a: Bragulat|Draining Kiss|p2a: Calyrex\n|-activate|p2a: Calyrex|move: Protect\n|\n|upkeep\n|turn|4\n|inactive|rostas_mark3 has 30 seconds left.\n|inactive|rostas_mark3 has 20 seconds left.\n|inactive|rostas_mark3 has 15 seconds left.\n|\n|t:|1746095452\n|move|p1a: Bragulat|Draining Kiss|p2a: Calyrex\n|-supereffective|p2a: Calyrex\n|-enditem|p2a: Calyrex|Focus Sash\n|-damage|p2a: Calyrex|1/100\n|-heal|p1a: Bragulat|100/100|[from] drain|[of] p2a: Calyrex\n|-damage|p1a: Bragulat|91/100|[from] item: Life Orb\n|move|p2a: Calyrex|Astral Barrage|p1b: Napolitana|[spread] p1a,p1b\n|-resisted|p1b: Napolitana\n|-damage|p1a: Bragulat|39/100\n|-damage|p1b: Napolitana|56/100\n|move|p2b: Zamazenta|Body Press|p1b: Napolitana\n|-supereffective|p1b: Napolitana\n|-damage|p1b: Napolitana|0 fnt\n|-damage|p2b: Zamazenta|82/100|[from] item: Rocky Helmet|[of] p1b: Napolitana\n|faint|p1b: Napolitana\n|\n|-sideend|p1: DrXJ13|move: Tailwind\n|upkeep\n|\n|t:|1746095456\n|switch|p1b: Maximiliano|Tornadus, L50, M|32/100\n|turn|5\n|inactive|DrXJ13 has 30 seconds left.\n|inactive|rostas_mark3 has 30 seconds left.\n|\n|t:|1746095488\n|move|p2a: Calyrex|Protect|p2a: Calyrex\n|-singleturn|p2a: Calyrex|Protect\n|move|p1a: Bragulat|Protect|p1a: Bragulat\n|-singleturn|p1a: Bragulat|Protect\n|move|p1b: Maximiliano|Taunt|p2b: Zamazenta\n|-start|p2b: Zamazenta|move: Taunt\n|move|p2b: Zamazenta|Heavy Slam|p1b: Maximiliano\n|-damage|p1b: Maximiliano|0 fnt\n|faint|p1b: Maximiliano\n|\n|upkeep\n|\n|t:|1746095491\n|switch|p1b: Sigmashio|Urshifu-Rapid-Strike, L50, F|100/100\n|turn|6\n|\n|t:|1746095513\n|move|p1b: Sigmashio|Aqua Jet|p2a: Calyrex\n|-damage|p2a: Calyrex|0 fnt\n|faint|p2a: Calyrex\n|move|p1a: Bragulat|Astral Barrage|p2b: Zamazenta\n|-damage|p2b: Zamazenta|0 fnt\n|faint|p2b: Zamazenta\n|-ability|p1a: Bragulat|Grim Neigh|boost\n|-boost|p1a: Bragulat|spa|1\n|-damage|p1a: Bragulat|30/100|[from] item: Life Orb\n|\n|upkeep\n|\n|t:|1746095521\n|switch|p2a: Urshifu|Urshifu-Rapid-Strike, L50, F|100/100\n|switch|p2b: Tornadus|Tornadus, L50, M|100/100\n|turn|7\n|\n|t:|1746095544\n|move|p2b: Tornadus|Tailwind|p2b: Tornadus\n|-sidestart|p2: rostas_mark3|move: Tailwind\n|move|p2a: Urshifu|Aqua Jet|p1a: Bragulat\n|-crit|p1a: Bragulat\n|-damage|p1a: Bragulat|0 fnt\n|faint|p1a: Bragulat\n|move|p1b: Sigmashio|Surging Strikes|p2b: Tornadus\n|-crit|p2b: Tornadus\n|-damage|p2b: Tornadus|71/100\n|-damage|p1b: Sigmashio|84/100|[from] item: Rocky Helmet|[of] p2b: Tornadus\n|-crit|p2b: Tornadus\n|-damage|p2b: Tornadus|40/100\n|-damage|p1b: Sigmashio|67/100|[from] item: Rocky Helmet|[of] p2b: Tornadus\n|-crit|p2b: Tornadus\n|-damage|p2b: Tornadus|10/100\n|-damage|p1b: Sigmashio|51/100|[from] item: Rocky Helmet|[of] p2b: Tornadus\n|-hitcount|p2b: Tornadus|3\n|\n|upkeep\n|turn|8\n|\n|t:|1746095553\n|move|p1b: Sigmashio|Aqua Jet|p2b: Tornadus\n|-damage|p2b: Tornadus|0 fnt\n|-damage|p1b: Sigmashio|34/100|[from] item: Rocky Helmet|[of] p2b: Tornadus\n|faint|p2b: Tornadus\n|move|p2a: Urshifu|Close Combat|p1b: Sigmashio\n|-damage|p1b: Sigmashio|0 fnt\n|-unboost|p2a: Urshifu|def|1\n|-unboost|p2a: Urshifu|spd|1\n|faint|p1b: Sigmashio\n|\n|win|rostas_mark3\n||DrXJ13 is ready for game 2.\n|inactive|rostas_mark3 has 30 seconds to confirm battle start!\n|inactive|rostas_mark3 has 20 seconds to confirm battle start!\n||rostas_mark3 is ready for game 2.\n|uhtml|next|Next: <a href=\"/battle-gen9vgc2025regibo3-2354566126\"><strong>Game 2 of 3</strong></a>\n|l|\u2606DrXJ13\n|player|p1|\n", "uploadtime": 1746095793, "views": 12, "formatid": "gen9vgc2025regibo3", "rating": null, "private": 0, "password": null}