{"id": "gen9vgc2025regibo3-2353583113", "format": "[Gen 9] VGC 2025 Reg I (Bo3)", "players": ["miraidons the goat", "miardy"], "log": "|j|\u2606miraidons the goat\n|j|\u2606miardy\n|html|<table width=\"100%\"><tr><td align=\"left\">miraidons the goat</td><td align=\"right\">miardy</tr><tr><td align=\"left\"><i class=\"fa fa-circle\"></i> <i class=\"fa fa-circle-o\"></i> </td><td align=\"right\"><i class=\"fa fa-circle-o\"></i> <i class=\"fa fa-circle-o\"></i> </tr></table>\n|uhtml|bestof|<h2><strong>Game 2</strong> of <a href=\"/game-bestof3-gen9vgc2025regibo3-2353580914\">a best-of-3</a></h2>\n|t:|1745971040\n|gametype|doubles\n|player|p1|miraidons the goat|lisia-masters|\n|player|p2|miardy|unknownf|\n|teamsize|p1|6\n|teamsize|p2|6\n|gen|9\n|tier|[Gen 9] VGC 2025 Reg I (Bo3)\n|rule|Species Clause: Limit one of each Pok\u00e9mon\n|rule|Item Clause: Limit 1 of each item\n|clearpoke\n|poke|p1|Calyrex-Shadow, L50|\n|poke|p1|Koraidon, L50|\n|poke|p1|Chi-Yu, L50|\n|poke|p1|Indeedee-F, L50, F|\n|poke|p1|Whimsicott, L50, M|\n|poke|p1|Ditto, L50|\n|poke|p2|Koraidon, L50|\n|poke|p2|Lunala, L50|\n|poke|p2|Chi-Yu, L50|\n|poke|p2|Ursaluna, L50, M|\n|poke|p2|Brute Bonnet, L50|\n|poke|p2|Flutter Mane, L50|\n|teampreview|4\n|showteam|p1|Calyrex-Shadow||ChoiceSpecs|AsOneSpectrier|AstralBarrage,ExpandingForce,PollenPuff,Psyshock||||||50|,,,,,Dark]Koraidon||LifeOrb|OrichalcumPulse|CloseCombat,FlareBlitz,DragonClaw,Protect||||||50|,,,,,Fire]Chi-Yu||ChoiceScarf|BeadsofRuin|Snarl,DarkPulse,HeatWave,Overheat||||||50|,,,,,Fire]Indeedee-F||PsychicSeed|PsychicSurge|FollowMe,TrickRoom,HelpingHand,ShadowBall|||F|||50|,,,,,Steel]Whimsicott||CovertCloak|Prankster|Tailwind,Encore,Moonblast,SunnyDay|||M|||50|,,,,,Dark]Ditto||FocusSash|Imposter|Transform||||||50|,,,,,Ghost\n|showteam|p2|Koraidon||LifeOrb|OrichalcumPulse|FlareBlitz,FlameCharge,CloseCombat,Protect||||||50|,,,,,Fire]Lunala||Leftovers|ShadowShield|MoongeistBeam,Moonblast,WideGuard,TrickRoom||||||50|,,,,,Water]Chi-Yu||ChoiceScarf|BeadsofRuin|Overheat,HeatWave,DarkPulse,Snarl||||||50|,,,,,Ghost]Ursaluna||FlameOrb|Guts|Facade,Earthquake,HeadlongRush,Protect|||M|||50|,,,,,Water]Brute Bonnet||CovertCloak|Protosynthesis|SeedBomb,SuckerPunch,Spore,RagePowder||||||50|,,,,,Water]Flutter Mane||FocusSash|Protosynthesis|Moonblast,IcyWind,ShadowBall,Protect||||||50|,,,,,Normal\n|j| zozordy\n|c| zozordy|Miardy got cooked\n|\n|t:|1745971067\n|start\n|switch|p1a: fat|Indeedee-F, L50, F, shiny|100/100\n|switch|p1b: mental trauma|Calyrex-Shadow, L50|100/100\n|switch|p2a: Koraidon|Koraidon, L50|100/100\n|switch|p2b: Chi-Yu|Chi-Yu, L50|100/100\n|-ability|p1b: mental trauma|As One\n|-ability|p1b: mental trauma|Unnerve\n|-ability|p2b: Chi-Yu|Beads of Ruin\n|-weather|SunnyDay|[from] ability: Orichalcum Pulse|[of] p2a: Koraidon\n|-activate|p2a: Koraidon|Orichalcum Pulse|[source]\n|-fieldstart|move: Psychic Terrain|[from] ability: Psychic Surge|[of] p1a: fat\n|-enditem|p1a: fat|Psychic Seed\n|-boost|p1a: fat|spd|1|[from] item: Psychic Seed\n|turn|1\n|c|\u2606miraidons the goat|real\n|c|\u2606miraidons the goat|I'm washed trust\n|c|\u2606miardy|???\n|c|\u2606miraidons the goat|this my first day in 3 days playing pokemon\n|c|\u2606miraidons the goat|got really tilted Friday night and took the weekend off\n|\n|t:|1745971129\n|-terastallize|p1b: mental trauma|Dark\n|move|p1a: fat|Helping Hand|p1b: mental trauma\n|-singleturn|p1b: mental trauma|Helping Hand|[of] p1a: fat\n|move|p2a: Koraidon|Protect|p2a: Koraidon\n|-singleturn|p2a: Koraidon|Protect\n|move|p2b: Chi-Yu|Snarl|p1b: mental trauma|[spread] p1a,p1b\n|-supereffective|p1a: fat\n|-resisted|p1b: mental trauma\n|-damage|p1a: fat|63/100\n|-damage|p1b: mental trauma|84/100\n|-unboost|p1a: fat|spa|1\n|-unboost|p1b: mental trauma|spa|1\n|move|p1b: mental trauma|Astral Barrage|p2a: Koraidon|[spread] p2b\n|-activate|p2a: Koraidon|move: Protect\n|-resisted|p2b: Chi-Yu\n|-damage|p2b: Chi-Yu|54/100\n|\n|-weather|SunnyDay|[upkeep]\n|upkeep\n|turn|2\n|c| zozordy|Erm\n|c| zozordy|Tilted\n|c|\u2606miraidons the goat|lost my elo\n|c|\u2606miraidons the goat|yes\n|c| zozordy|U mean tired\n|c|\u2606miraidons the goat|no I lost like 8 In a row\n|c|\u2606miraidons the goat|on ladder\n|c| zozordy|Oh\n|\n|t:|1745971168\n|switch|p2b: Brute Bonnet|Brute Bonnet, L50|100/100\n|-activate|p2b: Brute Bonnet|ability: Protosynthesis\n|-start|p2b: Brute Bonnet|protosynthesisdef\n|switch|p1b: copycat|Ditto, L50, shiny|100/100\n|-transform|p1b: copycat|p2a: Koraidon|[from] ability: Imposter\n|-activate|p1b: copycat|ability: Orichalcum Pulse\n|move|p2a: Koraidon|Flare Blitz|p1b: copycat\n|-resisted|p1b: copycat\n|-damage|p1b: copycat|44/100\n|-status|p1b: copycat|brn\n|-damage|p2a: Koraidon|84/100|[from] Recoil\n|-damage|p2a: Koraidon|74/100|[from] item: Life Orb\n|move|p1a: fat|Shadow Ball|p2b: Brute Bonnet\n|-resisted|p2b: Brute Bonnet\n|-damage|p2b: Brute Bonnet|96/100\n|\n|-weather|SunnyDay|[upkeep]\n|-damage|p1b: copycat|38/100 brn|[from] brn\n|upkeep\n|turn|3\n|c|\u2606miraidons the goat|wow\n|c|\u2606miraidons the goat|wow\n|c|\u2606miraidons the goat|wow\n|c|\u2606miraidons the goat|wow\n|\n|t:|1745971199\n|move|p1a: fat|Helping Hand|p1b: copycat\n|-singleturn|p1b: copycat|Helping Hand|[of] p1a: fat\n|move|p2b: Brute Bonnet|Sucker Punch||[still]\n|-fail|p2b: Brute Bonnet\n|move|p1b: copycat|Close Combat|p2b: Brute Bonnet\n|-supereffective|p2b: Brute Bonnet\n|-damage|p2b: Brute Bonnet|27/100\n|-unboost|p1b: copycat|def|1\n|-unboost|p1b: copycat|spd|1\n|move|p2a: Koraidon|Flare Blitz|p1b: copycat\n|-resisted|p1b: copycat\n|-crit|p1b: copycat\n|-damage|p1b: copycat|0 fnt\n|faint|p1b: copycat\n|-damage|p2a: Koraidon|63/100|[from] Recoil\n|-damage|p2a: Koraidon|54/100|[from] item: Life Orb\n|\n|-weather|SunnyDay|[upkeep]\n|upkeep\n|c|\u2606miraidons the goat|you have activated my trap card\n|\n|t:|1745971220\n|switch|p1b: mental trauma|Calyrex-Shadow, L50, tera:Dark|84/100\n|-ability|p1b: mental trauma|As One\n|-ability|p1b: mental trauma|Unnerve\n|turn|4\n|c|\u2606miraidons the goat|also don't use sucker Punch on psychic terrain\n|c|\u2606miraidons the goat|it doesn't work\n|\n|t:|1745971235\n|move|p1a: fat|Helping Hand|p1b: mental trauma\n|-singleturn|p1b: mental trauma|Helping Hand|[of] p1a: fat\n|move|p2a: Koraidon|Protect|p2a: Koraidon\n|-singleturn|p2a: Koraidon|Protect\n|move|p1b: mental trauma|Astral Barrage|p2a: Koraidon|[spread] p2b\n|-activate|p2a: Koraidon|move: Protect\n|-resisted|p2b: Brute Bonnet\n|-damage|p2b: Brute Bonnet|0 fnt\n|faint|p2b: Brute Bonnet\n|-end|p2b: Brute Bonnet|Protosynthesis|[silent]\n|-ability|p1b: mental trauma|Grim Neigh|boost\n|-boost|p1b: mental trauma|spa|1\n|\n|-weather|SunnyDay|[upkeep]\n|upkeep\n|c|\u2606miardy|oh ye\n|\n|t:|1745971255\n|switch|p2b: Lunala|Lunala, L50|100/100\n|turn|5\n|c| zozordy|U should know that\n|c|\u2606miraidons the goat|dw I did that before\n|c|\u2606miraidons the goat|so\n|\n|t:|1745971286\n|move|p2b: Lunala|Wide Guard|p2b: Lunala\n|-singleturn|p2b: Lunala|Wide Guard\n|move|p1a: fat|Follow Me|p1a: fat\n|-singleturn|p1a: fat|move: Follow Me\n|move|p1b: mental trauma|Astral Barrage|p2a: Koraidon|[spread] \n|-activate|p2a: Koraidon|move: Wide Guard\n|-activate|p2b: Lunala|move: Wide Guard\n|move|p2a: Koraidon|Flare Blitz|p1a: fat\n|-damage|p1a: fat|0 fnt\n|faint|p1a: fat\n|-damage|p2a: Koraidon|32/100|[from] Recoil\n|-damage|p2a: Koraidon|23/100|[from] item: Life Orb\n|\n|-weather|none\n|-fieldend|move: Psychic Terrain\n|upkeep\n|\n|t:|1745971302\n|switch|p1a: better bike|Koraidon, L50|100/100\n|-weather|SunnyDay|[from] ability: Orichalcum Pulse|[of] p1a: better bike\n|-activate|p1a: better bike|Orichalcum Pulse|[source]\n|turn|6\n|c| zozordy|Well i ran lunala indeedee for a long time in reg g\n|c|\u2606miardy|wide guard\n|c| zozordy|Amd battled her alot\n|c|\u2606miraidons the goat|I dislike moon\n|c|\u2606miraidons the goat|tbh\n|c|\u2606miraidons the goat|moon is very annoying\n|\n|t:|1745971342\n|move|p2b: Lunala|Wide Guard|p2b: Lunala\n|-singleturn|p2b: Lunala|Wide Guard\n|move|p1b: mental trauma|Astral Barrage|p2b: Lunala|[spread] \n|-activate|p2a: Koraidon|move: Wide Guard\n|-activate|p2b: Lunala|move: Wide Guard\n|move|p1a: better bike|Dragon Claw|p2a: Koraidon\n|-supereffective|p2a: Koraidon\n|-damage|p2a: Koraidon|0 fnt\n|faint|p2a: Koraidon\n|-damage|p1a: better bike|91/100|[from] item: Life Orb\n|\n|-weather|SunnyDay|[upkeep]\n|upkeep\n|c|\u2606miraidons the goat|has very annoying movepool\n|\n|t:|1745971356\n|switch|p2a: Chi-Yu|Chi-Yu, L50|54/100\n|-ability|p2a: Chi-Yu|Beads of Ruin\n|turn|7\n|\n|t:|1745971364\n|move|p2b: Lunala|Wide Guard|p2b: Lunala\n|-singleturn|p2b: Lunala|Wide Guard\n|move|p2a: Chi-Yu|Overheat|p1b: mental trauma\n|-damage|p1b: mental trauma|0 fnt\n|-unboost|p2a: Chi-Yu|spa|2\n|faint|p1b: mental trauma\n|move|p1a: better bike|Dragon Claw|p2a: Chi-Yu\n|-damage|p2a: Chi-Yu|0 fnt\n|faint|p2a: Chi-Yu\n|-damage|p1a: better bike|81/100|[from] item: Life Orb\n|\n|-weather|SunnyDay|[upkeep]\n|upkeep\n|turn|8\n|c| zozordy|Am eating ramen\n|\n|t:|1745971378\n|-terastallize|p2b: Lunala|Water\n|move|p1a: better bike|Dragon Claw|p2b: Lunala\n|-damage|p2b: Lunala|74/100\n|-damage|p1a: better bike|71/100|[from] item: Life Orb\n|move|p2b: Lunala|Moongeist Beam|p1a: better bike\n|-damage|p1a: better bike|16/100\n|\n|-weather|SunnyDay|[upkeep]\n|-heal|p2b: Lunala|80/100|[from] item: Leftovers\n|upkeep\n|turn|9\n|\n|t:|1745971390\n|move|p1a: better bike|Close Combat|p2b: Lunala\n|-damage|p2b: Lunala|0 fnt\n|-unboost|p1a: better bike|def|1\n|-unboost|p1a: better bike|spd|1\n|faint|p2b: Lunala\n|-damage|p1a: better bike|7/100|[from] item: Life Orb\n|\n|win|miraidons the goat\n|c|\u2606miardy|ahhhhh\n|c|\u2606miraidons the goat|I love life orb koraidon\n|l| zozordy\n|c|\u2606miraidons the goat|ok zozordy do u wanna battle now\n|c|\u2606miraidons the goat|or not\n|c|\u2606miraidons the goat|do u wanna battle again miardy\n|c|\u2606miardy|no\n|c|\u2606miraidons the goat|ok\n|c|\u2606miraidons the goat|gg\n|l|\u2606miraidons the goat\n|player|p1|\n|c|\u2606miardy|gg\n|j|\u2606miraidons the goat\n|player|p1|miraidons the goat|lillie-masters|\n", "uploadtime": 1745971399, "views": 18, "formatid": "gen9vgc2025regibo3", "rating": null, "private": 0, "password": null}