{"id": "gen9vgc2025regibo3-2353630005", "format": "[Gen 9] VGC 2025 Reg I (Bo3)", "players": ["Fabricio19jr", "R0gueVGC"], "log": "|j|\u2606Fabricio19jr\n|j|\u2606R0gueVGC\n|html|<table width=\"100%\"><tr><td align=\"left\">Fabricio19jr</td><td align=\"right\">R0gueVGC</tr><tr><td align=\"left\"><i class=\"fa fa-circle-o\"></i> <i class=\"fa fa-circle-o\"></i> </td><td align=\"right\"><i class=\"fa fa-circle-o\"></i> <i class=\"fa fa-circle\"></i> </tr></table>\n|uhtml|bestof|<h2><strong>Game 2</strong> of <a href=\"/game-bestof3-gen9vgc2025regibo3-2353628372\">a best-of-3</a></h2>\n|t:|1745976622\n|gametype|doubles\n|player|p1|Fabricio19jr|2|\n|player|p2|R0gueVGC|ingo|\n|teamsize|p1|6\n|teamsize|p2|6\n|gen|9\n|tier|[Gen 9] VGC 2025 Reg I (Bo3)\n|rule|Species Clause: Limit one of each Pok\u00e9mon\n|rule|Item Clause: Limit 1 of each item\n|clearpoke\n|poke|p1|Calyrex-Shadow, L50|\n|poke|p1|Koraidon, L50|\n|poke|p1|Ogerpon-Cornerstone, L50, F|\n|poke|p1|Brute Bonnet, L50|\n|poke|p1|Chi-Yu, L50|\n|poke|p1|Whimsicott, L50, F|\n|poke|p2|Zacian-*, L50|\n|poke|p2|Miraidon, L50|\n|poke|p2|Annihilape, L50, M|\n|poke|p2|Iron Hands, L50|\n|poke|p2|Farigiraf, L50, M|\n|poke|p2|Whimsicott, L50, F|\n|teampreview|4\n|showteam|p1|Calyrex-Shadow||FocusSash|AsOneSpectrier|AstralBarrage,DrainingKiss,NastyPlot,Protect||||||50|,,,,,Fairy]Koraidon||LifeOrb|OrichalcumPulse|FlareBlitz,CloseCombat,FlameCharge,Protect||||||50|,,,,,Fire]Ogerpon-Cornerstone||CornerstoneMask|Sturdy|IvyCudgel,PowerWhip,FollowMe,SpikyShield|||F|||50|,,,,,Rock]Brute Bonnet||RockyHelmet|Protosynthesis|SeedBomb,SuckerPunch,Spore,RagePowder||||||50|,,,,,Water]Chi-Yu||ChoiceScarf|BeadsofRuin|DarkPulse,Snarl,HeatWave,Overheat||||||50|,,,,,Ghost]Whimsicott||CovertCloak|Prankster|Tailwind,Encore,Moonblast,LightScreen|||F|||50|,,,,,Dark\n|showteam|p2|Zacian-Crowned||RustedSword|IntrepidSword|Protect,Substitute,behemothblade,PlayRough||||||50|,,,,,Normal]Miraidon||ChoiceSpecs|HadronEngine|VoltSwitch,ElectroDrift,DracoMeteor,DazzlingGleam||||||50|,,,,,Fairy]Annihilape||ChoiceScarf|Defiant|FinalGambit,CloseCombat,ShadowClaw,Uturn|||M|||50|,,,,,Grass]Iron Hands||AssaultVest|QuarkDrive|FakeOut,DrainPunch,LowKick,WildCharge||||||50|,,,,,Water]Farigiraf||ElectricSeed|ArmorTail|FoulPlay,TrickRoom,Psychic,HelpingHand|||M|||50|,,,,,Water]Whimsicott||CovertCloak|Prankster|Moonblast,Tailwind,LightScreen,Encore|||F|||50|,,,,,Dark\n|inactive|Battle timer is ON: inactive players will automatically lose when time's up. (requested by R0gueVGC)\n|\n|t:|1745976641\n|start\n|switch|p1a: Chi-Yu|Chi-Yu, L50|100/100\n|switch|p1b: Whimsicott|Whimsicott, L50, F|100/100\n|switch|p2a: Iron Hands|Iron Hands, L50|100/100\n|switch|p2b: Farigiraf|Farigiraf, L50, M|100/100\n|-ability|p1a: Chi-Yu|Beads of Ruin\n|turn|1\n|inactive|Fabricio19jr has 30 seconds left.\n|\n|t:|1745976674\n|-terastallize|p1a: Chi-Yu|Ghost\n|-terastallize|p2b: Farigiraf|Water\n|move|p1b: Whimsicott|Light Screen|p1b: Whimsicott\n|-sidestart|p1: Fabricio19jr|move: Light Screen\n|move|p1a: Chi-Yu|Dark Pulse|p2b: Farigiraf\n|-damage|p2b: Farigiraf|37/100\n|move|p2a: Iron Hands|Drain Punch|p1a: Chi-Yu\n|-immune|p1a: Chi-Yu\n|move|p2b: Farigiraf|Trick Room|p2b: Farigiraf\n|-fieldstart|move: Trick Room|[of] p2b: Farigiraf\n|\n|upkeep\n|turn|2\n|\n|t:|1745976697\n|move|p2b: Farigiraf|Helping Hand|p2a: Iron Hands\n|-singleturn|p2a: Iron Hands|Helping Hand|[of] p2b: Farigiraf\n|move|p2a: Iron Hands|Wild Charge|p1a: Chi-Yu\n|-damage|p1a: Chi-Yu|0 fnt\n|faint|p1a: Chi-Yu\n|-damage|p2a: Iron Hands|87/100|[from] Recoil\n|move|p1b: Whimsicott|Moonblast|p2a: Iron Hands\n|-supereffective|p2a: Iron Hands\n|-damage|p2a: Iron Hands|61/100\n|\n|upkeep\n|\n|t:|1745976709\n|switch|p1a: Calyrex|Calyrex-Shadow, L50|100/100\n|-ability|p1a: Calyrex|As One\n|-ability|p1a: Calyrex|Unnerve\n|turn|3\n|\n|t:|1745976720\n|move|p1a: Calyrex|Protect|p1a: Calyrex\n|-singleturn|p1a: Calyrex|Protect\n|move|p2a: Iron Hands|Drain Punch|p1b: Whimsicott\n|-resisted|p1b: Whimsicott\n|-damage|p1b: Whimsicott|74/100\n|-heal|p2a: Iron Hands|70/100|[from] drain|[of] p1b: Whimsicott\n|move|p2b: Farigiraf|Foul Play|p1a: Calyrex\n|-activate|p1a: Calyrex|move: Protect\n|move|p1b: Whimsicott|Moonblast|p2b: Farigiraf\n|-damage|p2b: Farigiraf|14/100\n|-unboost|p2b: Farigiraf|spa|1\n|\n|upkeep\n|turn|4\n|inactive|Fabricio19jr has 30 seconds left.\n|\n|t:|1745976747\n|switch|p1a: Koraidon|Koraidon, L50|100/100\n|-weather|SunnyDay|[from] ability: Orichalcum Pulse|[of] p1a: Koraidon\n|-activate|p1a: Koraidon|Orichalcum Pulse|[source]\n|move|p2a: Iron Hands|Wild Charge|p1a: Koraidon\n|-resisted|p1a: Koraidon\n|-damage|p1a: Koraidon|76/100\n|-damage|p2a: Iron Hands|65/100|[from] Recoil\n|move|p2b: Farigiraf|Foul Play|p1a: Koraidon\n|-resisted|p1a: Koraidon\n|-damage|p1a: Koraidon|61/100\n|move|p1b: Whimsicott|Moonblast|p2b: Farigiraf\n|-damage|p2b: Farigiraf|0 fnt\n|faint|p2b: Farigiraf\n|\n|-weather|SunnyDay|[upkeep]\n|upkeep\n|\n|t:|1745976754\n|switch|p2b: Miraidon|Miraidon, L50|100/100\n|-fieldstart|move: Electric Terrain|[from] ability: Hadron Engine|[of] p2b: Miraidon\n|-activate|p2a: Iron Hands|ability: Quark Drive\n|-start|p2a: Iron Hands|quarkdriveatk\n|turn|5\n|\n|t:|1745976776\n|move|p1a: Koraidon|Protect|p1a: Koraidon\n|-singleturn|p1a: Koraidon|Protect\n|move|p1b: Whimsicott|Tailwind|p1b: Whimsicott\n|-sidestart|p1: Fabricio19jr|move: Tailwind\n|move|p2a: Iron Hands|Low Kick|p1a: Koraidon\n|-activate|p1a: Koraidon|move: Protect\n|move|p2b: Miraidon|Dazzling Gleam|p1a: Koraidon|[spread] p1b\n|-activate|p1a: Koraidon|move: Protect\n|-damage|p1b: Whimsicott|37/100\n|\n|-weather|SunnyDay|[upkeep]\n|-sideend|p1: Fabricio19jr|move: Light Screen\n|-fieldend|move: Trick Room\n|upkeep\n|turn|6\n|inactive|Fabricio19jr has 30 seconds left.\n|inactive|Fabricio19jr has 20 seconds left.\n|\n|t:|1745976812\n|move|p1b: Whimsicott|Encore|p2a: Iron Hands\n|-start|p2a: Iron Hands|Encore\n|move|p1a: Koraidon|Close Combat|p2b: Miraidon\n|-damage|p2b: Miraidon|0 fnt\n|-unboost|p1a: Koraidon|def|1\n|-unboost|p1a: Koraidon|spd|1\n|faint|p2b: Miraidon\n|-damage|p1a: Koraidon|51/100|[from] item: Life Orb\n|move|p2a: Iron Hands|Low Kick|p1a: Koraidon\n|-damage|p1a: Koraidon|0 fnt\n|faint|p1a: Koraidon\n|\n|-weather|SunnyDay|[upkeep]\n|upkeep\n|\n|t:|1745976824\n|switch|p2b: Zacian|Zacian-Crowned, L50|100/100\n|switch|p1a: Calyrex|Calyrex-Shadow, L50|100/100\n|-ability|p1a: Calyrex|As One\n|-ability|p1a: Calyrex|Unnerve\n|-ability|p2b: Zacian|Intrepid Sword|boost\n|-boost|p2b: Zacian|atk|1\n|turn|7\n|inactive|Fabricio19jr has 30 seconds left.\n|\n|t:|1745976851\n|move|p1a: Calyrex|Astral Barrage|p2b: Zacian|[spread] p2a,p2b\n|-damage|p2a: Iron Hands|38/100\n|-damage|p2b: Zacian|62/100\n|move|p1b: Whimsicott|Moonblast|p2b: Zacian\n|-resisted|p2b: Zacian\n|-damage|p2b: Zacian|52/100\n|-unboost|p2b: Zacian|spa|1\n|move|p2b: Zacian|Behemoth Blade|p1a: Calyrex\n|-damage|p1a: Calyrex|9/100\n|move|p2a: Iron Hands|Low Kick|p1b: Whimsicott\n|-resisted|p1b: Whimsicott\n|-crit|p1b: Whimsicott\n|-damage|p1b: Whimsicott|23/100\n|\n|-weather|SunnyDay|[upkeep]\n|upkeep\n|turn|8\n|inactive|Fabricio19jr has 30 seconds left.\n|inactive|Fabricio19jr has 20 seconds left.\n|inactive|Fabricio19jr has 15 seconds left.\n|inactive|Fabricio19jr has 10 seconds left.\n|\n|t:|1745976896\n|move|p1a: Calyrex|Protect|p1a: Calyrex\n|-singleturn|p1a: Calyrex|Protect\n|move|p1b: Whimsicott|Moonblast|p2b: Zacian\n|-resisted|p2b: Zacian\n|-damage|p2b: Zacian|40/100\n|move|p2b: Zacian|Behemoth Blade|p1a: Calyrex\n|-activate|p1a: Calyrex|move: Protect\n|move|p2a: Iron Hands|Low Kick|p1b: Whimsicott\n|-resisted|p1b: Whimsicott\n|-damage|p1b: Whimsicott|13/100\n|\n|-weather|none\n|-end|p2a: Iron Hands|Encore\n|-sideend|p1: Fabricio19jr|move: Tailwind\n|upkeep\n|turn|9\n|inactive|Fabricio19jr has 30 seconds left.\n|inactive|Fabricio19jr has 20 seconds left.\n|inactive|Fabricio19jr has 15 seconds left.\n|inactive|Fabricio19jr has 10 seconds left.\n|c|\u2606R0gueVGC|hurr pls\n|inactive|Fabricio19jr has 5 seconds left.\n|\n|t:|1745976951\n|move|p1b: Whimsicott|Tailwind|p1b: Whimsicott\n|-sidestart|p1: Fabricio19jr|move: Tailwind\n|move|p1a: Calyrex|Astral Barrage|p2b: Zacian|[spread] p2a,p2b\n|-damage|p2a: Iron Hands|13/100\n|-damage|p2b: Zacian|0 fnt\n|faint|p2b: Zacian\n|-ability|p1a: Calyrex|Grim Neigh|boost\n|-boost|p1a: Calyrex|spa|1\n|move|p2a: Iron Hands|Wild Charge|p1a: Calyrex\n|-damage|p1a: Calyrex|0 fnt\n|faint|p1a: Calyrex\n|-damage|p2a: Iron Hands|11/100|[from] Recoil\n|\n|-fieldend|move: Electric Terrain\n|-end|p2a: Iron Hands|Quark Drive\n|upkeep\n|turn|10\n|c|\u2606R0gueVGC|I have to eat\n|c|\u2606R0gueVGC|oh\n|\n|t:|1745976971\n|move|p1b: Whimsicott|Moonblast|p2a: Iron Hands\n|-supereffective|p2a: Iron Hands\n|-damage|p2a: Iron Hands|0 fnt\n|faint|p2a: Iron Hands\n|-end|p2a: Iron Hands|Quark Drive|[silent]\n|\n|win|Fabricio19jr\n|c|\u2606R0gueVGC|its a roll\n||R0gueVGC is ready for game 3.\n|inactive|Fabricio19jr has 30 seconds to confirm battle start!\n|inactive|Fabricio19jr has 20 seconds to confirm battle start!\n|c|\u2606Fabricio19jr|Well do you like to play game 3 frien\n|c|\u2606R0gueVGC|yes\n|inactive|Fabricio19jr has 10 seconds to confirm battle start!\n||Fabricio19jr is ready for game 3.\n|uhtml|next|Next: <a href=\"/battle-gen9vgc2025regibo3-2353633361\"><strong>Game 3 of 3</strong></a>\n|l|\u2606R0gueVGC\n|player|p2|\n|j| TViewierVGC\n|l| TViewierVGC\n", "uploadtime": 1745977973, "views": 7, "formatid": "gen9vgc2025regibo3", "rating": null, "private": 0, "password": null}