{"id": "gen9vgc2025regibo3-2353708706", "format": "[Gen 9] VGC 2025 Reg I (Bo3)", "players": ["playest003", "Joe870502"], "log": "|j|\u2606playest003\n|j|\u2606Joe870502\n|html|<table width=\"100%\"><tr><td align=\"left\">playest003</td><td align=\"right\">Joe870502</tr><tr><td align=\"left\"><i class=\"fa fa-circle-o\"></i> <i class=\"fa fa-circle-o\"></i> </td><td align=\"right\"><i class=\"fa fa-circle-o\"></i> <i class=\"fa fa-circle-o\"></i> </tr></table>\n|uhtml|bestof|<h2><strong>Game 1</strong> of <a href=\"/game-bestof3-gen9vgc2025regibo3-2353708705\">a best-of-3</a></h2>\n|t:|1745986661\n|gametype|doubles\n|player|p1|playest003|infielder|1188\n|player|p2|Joe870502|dawn|1249\n|teamsize|p1|6\n|teamsize|p2|6\n|gen|9\n|tier|[Gen 9] VGC 2025 Reg I (Bo3)\n|rated|\n|rule|Species Clause: Limit one of each Pok\u00e9mon\n|rule|Item Clause: Limit 1 of each item\n|clearpoke\n|poke|p1|Calyrex-Ice, L50|\n|poke|p1|Indeedee-F, L50, F|\n|poke|p1|Smeargle, L50, F|\n|poke|p1|Miraidon, L50|\n|poke|p1|Urshifu-*, L50, M|\n|poke|p1|Torkoal, L50, M|\n|poke|p2|Calyrex-Shadow, L50|\n|poke|p2|Koraidon, L50|\n|poke|p2|Ditto, L50|\n|poke|p2|Brute Bonnet, L50|\n|poke|p2|Chi-Yu, L50|\n|poke|p2|Raging Bolt, L50|\n|teampreview|4\n|showteam|p1|Calyrex-Ice||ClearAmulet|AsOneGlastrier|Protect,TrickRoom,CloseCombat,GlacialLance||||||50|,,,,,Fire]Indeedee-F||RockyHelmet|PsychicSurge|ShadowBall,FollowMe,TrickRoom,HelpingHand|||F|||50|,,,,,Fairy]Smeargle||FocusSash|Technician|FollowMe,FakeOut,Spore,Decorate|||F|||50|,,,,,Grass]Miraidon||LifeOrb|HadronEngine|Protect,ElectroDrift,DracoMeteor,DazzlingGleam||||||50|,,,,,Stellar]Urshifu||ChoiceBand|UnseenFist|WickedBlow,CloseCombat,SuckerPunch,IronHead|||M|||50|,,,,,Grass]Torkoal||ChoiceSpecs|Drought|Eruption,HeatWave,EarthPower,WeatherBall|||M|||50|,,,,,Fire\n|showteam|p2|Calyrex-Shadow||LifeOrb|AsOneSpectrier|AstralBarrage,Psychic,PollenPuff,Protect||||||50|,,,,,Dark]Koraidon||ClearAmulet|OrichalcumPulse|FlareBlitz,FlameCharge,CollisionCourse,Protect||||||50|,,,,,Fire]Ditto||FocusSash|Imposter|Transform||||||50|,,,,,Normal]Brute Bonnet||CovertCloak|Protosynthesis|RagePowder,Spore,SeedBomb,SuckerPunch||||||50|,,,,,Water]Chi-Yu||ChoiceScarf|BeadsofRuin|HeatWave,DarkPulse,Snarl,Overheat||||||50|,,,,,Ghost]Raging Bolt||AssaultVest|Protosynthesis|Thunderclap,Electroweb,Thunderbolt,DragonPulse||||||50|,,,,,Electric\n|inactive|Battle timer is ON: inactive players will automatically lose when time's up. (requested by Joe870502)\n|inactive|playest003 also wants the timer to be on.\n|inactive|playest003 has 60 seconds left.\n|\n|t:|1745986715\n|start\n|switch|p1a: Calyrex|Calyrex-Ice, L50|100/100\n|switch|p1b: Smeargle|Smeargle, L50, F|100/100\n|switch|p2a: Brute Bonnet|Brute Bonnet, L50|100/100\n|switch|p2b: Calyrex|Calyrex-Shadow, L50|100/100\n|-ability|p2b: Calyrex|As One\n|-ability|p2b: Calyrex|Unnerve\n|-ability|p1a: Calyrex|As One\n|-ability|p1a: Calyrex|Unnerve\n|turn|1\n|inactive|playest003 has 30 seconds left.\n|\n|t:|1745986741\n|move|p1a: Calyrex|Protect|p1a: Calyrex\n|-singleturn|p1a: Calyrex|Protect\n|move|p2a: Brute Bonnet|Rage Powder|p2a: Brute Bonnet\n|-singleturn|p2a: Brute Bonnet|move: Rage Powder\n|move|p2b: Calyrex|Astral Barrage|p1b: Smeargle|[spread] \n|-activate|p1a: Calyrex|move: Protect\n|-immune|p1b: Smeargle\n|move|p1b: Smeargle|Spore|p2a: Brute Bonnet\n|-immune|p2a: Brute Bonnet\n|\n|upkeep\n|turn|2\n|inactive|playest003 has 30 seconds left.\n|\n|t:|1745986771\n|-terastallize|p1a: Calyrex|Fire\n|move|p2b: Calyrex|Protect|p2b: Calyrex\n|-singleturn|p2b: Calyrex|Protect\n|move|p1b: Smeargle|Decorate|p1a: Calyrex\n|-boost|p1a: Calyrex|atk|2\n|-boost|p1a: Calyrex|spa|2\n|move|p2a: Brute Bonnet|Spore|p1a: Calyrex\n|-status|p1a: Calyrex|slp|[from] move: Spore\n|cant|p1a: Calyrex|slp\n|\n|upkeep\n|turn|3\n|\n|t:|1745986792\n|move|p2a: Brute Bonnet|Rage Powder|p2a: Brute Bonnet\n|-singleturn|p2a: Brute Bonnet|move: Rage Powder\n|move|p2b: Calyrex|Astral Barrage|p1a: Calyrex|[spread] p1a\n|-immune|p1b: Smeargle\n|-damage|p1a: Calyrex|57/100 slp\n|-damage|p2b: Calyrex|91/100|[from] item: Life Orb\n|move|p1b: Smeargle|Spore|p2a: Brute Bonnet\n|-immune|p2a: Brute Bonnet\n|cant|p1a: Calyrex|slp\n|\n|upkeep\n|turn|4\n|\n|t:|1745986810\n|-end|p2a: Brute Bonnet|Protosynthesis|[silent]\n|switch|p2a: Chi-Yu|Chi-Yu, L50|100/100\n|-ability|p2a: Chi-Yu|Beads of Ruin\n|move|p2b: Calyrex|Astral Barrage|p1b: Smeargle|[spread] p1a\n|-immune|p1b: Smeargle\n|-damage|p1a: Calyrex|0 fnt\n|faint|p1a: Calyrex\n|-ability|p2b: Calyrex|Grim Neigh|boost\n|-boost|p2b: Calyrex|spa|1\n|-damage|p2b: Calyrex|81/100|[from] item: Life Orb\n|move|p1b: Smeargle|Spore|p2b: Calyrex\n|-status|p2b: Calyrex|slp|[from] move: Spore\n|\n|upkeep\n|\n|t:|1745986826\n|switch|p1a: Miraidon|Miraidon, L50|100/100\n|-fieldstart|move: Electric Terrain|[from] ability: Hadron Engine|[of] p1a: Miraidon\n|turn|5\n|\n|t:|1745986839\n|move|p2a: Chi-Yu|Snarl|p1a: Miraidon|[spread] p1a,p1b\n|-damage|p1a: Miraidon|77/100\n|-damage|p1b: Smeargle|30/100\n|-unboost|p1a: Miraidon|spa|1\n|-unboost|p1b: Smeargle|spa|1\n|cant|p2b: Calyrex|slp\n|move|p1a: Miraidon|Electro Drift|p2b: Calyrex\n|-crit|p2b: Calyrex\n|-damage|p2b: Calyrex|0 fnt\n|faint|p2b: Calyrex\n|-damage|p1a: Miraidon|68/100|[from] item: Life Orb\n|move|p1b: Smeargle|Spore|p2a: Chi-Yu\n|-activate|p2a: Chi-Yu|move: Electric Terrain\n|\n|upkeep\n|\n|t:|1745986851\n|switch|p2b: Brute Bonnet|Brute Bonnet, L50|100/100\n|turn|6\n|inactive|playest003 has 30 seconds left.\n|\n|t:|1745986876\n|move|p1b: Smeargle|Follow Me|p1b: Smeargle\n|-singleturn|p1b: Smeargle|move: Follow Me\n|move|p2b: Brute Bonnet|Rage Powder|p2b: Brute Bonnet\n|-singleturn|p2b: Brute Bonnet|move: Rage Powder\n|move|p2a: Chi-Yu|Snarl|p1b: Smeargle|[spread] p1a,p1b\n|-damage|p1a: Miraidon|44/100\n|-damage|p1b: Smeargle|0 fnt\n|-unboost|p1a: Miraidon|spa|1\n|faint|p1b: Smeargle\n|move|p1a: Miraidon|Dazzling Gleam|p2b: Brute Bonnet|[spread] p2a,p2b\n|-supereffective|p2b: Brute Bonnet\n|-damage|p2a: Chi-Yu|77/100\n|-damage|p2b: Brute Bonnet|57/100\n|-damage|p1a: Miraidon|34/100|[from] item: Life Orb\n|\n|upkeep\n|\n|t:|1745986888\n|switch|p1b: Urshifu|Urshifu, L50, M|100/100\n|turn|7\n|\n|t:|1745986898\n|move|p1a: Miraidon|Protect|p1a: Miraidon\n|-singleturn|p1a: Miraidon|Protect\n|move|p2a: Chi-Yu|Snarl|p1a: Miraidon|[spread] p1b\n|-activate|p1a: Miraidon|move: Protect\n|-resisted|p1b: Urshifu\n|-damage|p1b: Urshifu|92/100\n|-unboost|p1b: Urshifu|spa|1\n|move|p1b: Urshifu|Close Combat|p2a: Chi-Yu\n|-supereffective|p2a: Chi-Yu\n|-damage|p2a: Chi-Yu|0 fnt\n|-unboost|p1b: Urshifu|def|1\n|-unboost|p1b: Urshifu|spd|1\n|faint|p2a: Chi-Yu\n|move|p2b: Brute Bonnet|Seed Bomb|p1b: Urshifu\n|-damage|p1b: Urshifu|47/100\n|\n|upkeep\n|\n|t:|1745986905\n|switch|p2a: Ditto|Ditto, L50|100/100\n|-transform|p2a: Ditto|p1b: Urshifu|[from] ability: Imposter\n|turn|8\n|\n|t:|1745986920\n|move|p2b: Brute Bonnet|Rage Powder|p2b: Brute Bonnet\n|-singleturn|p2b: Brute Bonnet|move: Rage Powder\n|move|p2a: Ditto|Sucker Punch|p1a: Miraidon\n|-damage|p1a: Miraidon|0 fnt\n|faint|p1a: Miraidon\n|move|p1b: Urshifu|Close Combat|p2b: Brute Bonnet\n|-supereffective|p2b: Brute Bonnet\n|-damage|p2b: Brute Bonnet|0 fnt\n|-unboost|p1b: Urshifu|def|1\n|-unboost|p1b: Urshifu|spd|1\n|faint|p2b: Brute Bonnet\n|-end|p2b: Brute Bonnet|Protosynthesis|[silent]\n|\n|upkeep\n|turn|9\n|\n|t:|1745986928\n|move|p2a: Ditto|Close Combat|p1b: Urshifu\n|-supereffective|p1b: Urshifu\n|-damage|p1b: Urshifu|0 fnt\n|-unboost|p2a: Ditto|def|1\n|-unboost|p2a: Ditto|spd|1\n|faint|p1b: Urshifu\n|\n|win|Joe870502\n||playest003 is ready for game 2.\n||Joe870502 is ready for game 2.\n|uhtml|next|Next: <a href=\"/battle-gen9vgc2025regibo3-2353710587\"><strong>Game 2 of 3</strong></a>\n|l|\u2606Joe870502\n|player|p2|\n|l|\u2606playest003\n|player|p1|\n|j|\u2606playest003\n|player|p1|playest003|infielder|\n|l|\u2606playest003\n|player|p1|\n|j|\u2606playest003\n|player|p1|playest003|infielder|\n", "uploadtime": 1745986954, "views": 11, "formatid": "gen9vgc2025regibo3", "rating": null, "private": 0, "password": null}