{"id": "gen9vgc2025regibo3-2354754127", "format": "[Gen 9] VGC 2025 Reg I (Bo3)", "players": ["sarabiia", "twitchy1989"], "log": "|j|\u2606sarabiia\n|j|\u2606twitchy1989\n|html|<table width=\"100%\"><tr><td align=\"left\">sarabiia</td><td align=\"right\">twitchy1989</tr><tr><td align=\"left\"><i class=\"fa fa-circle-o\"></i> <i class=\"fa fa-circle-o\"></i> </td><td align=\"right\"><i class=\"fa fa-circle-o\"></i> <i class=\"fa fa-circle-o\"></i> </tr></table>\n|uhtml|bestof|<h2><strong>Game 1</strong> of <a href=\"/game-bestof3-gen9vgc2025regibo3-2354754126\">a best-of-3</a></h2>\n|t:|1746116823\n|gametype|doubles\n|player|p1|sarabiia|lucas|1050\n|player|p2|twitchy1989|265|1070\n|teamsize|p1|6\n|teamsize|p2|6\n|gen|9\n|tier|[Gen 9] VGC 2025 Reg I (Bo3)\n|rated|\n|rule|Species Clause: Limit one of each Pok\u00e9mon\n|rule|Item Clause: Limit 1 of each item\n|clearpoke\n|poke|p1|Kyogre, L50|\n|poke|p1|Zacian-*, L50|\n|poke|p1|Rillaboom, L50, M|\n|poke|p1|Roaring Moon, L50|\n|poke|p1|Volcarona, L50, M|\n|poke|p1|Farigiraf, L50, F|\n|poke|p2|Koraidon, L50|\n|poke|p2|Lunala, L50|\n|poke|p2|Chi-Yu, L50|\n|poke|p2|Flutter Mane, L50|\n|poke|p2|Brute Bonnet, L50|\n|poke|p2|Iron Hands, L50|\n|teampreview|4\n|showteam|p1|Kyogre||Leftovers|Drizzle|OriginPulse,IceBeam,CalmMind,Protect||||||50|,,,,,Grass]Zacian-Crowned||RustedSword|IntrepidSword|behemothblade,PlayRough,TeraBlast,Protect||||||50|,,,,,Ground]Rillaboom||AssaultVest|GrassySurge|FakeOut,GrassyGlide,Uturn,WoodHammer|||M|||50|,,,,,Grass]Roaring Moon||BoosterEnergy|Protosynthesis|Acrobatics,Tailwind,KnockOff,Taunt||||||50|,,,,,Flying]Volcarona||RockyHelmet|FlameBody|FieryDance,BugBuzz,RagePowder,QuiverDance|||M|||50|,,,,,Grass]Farigiraf||SitrusBerry|ArmorTail|FoulPlay,HelpingHand,PsychicNoise,TrickRoom|||F|||50|,,,,,Dark\n|showteam|p2|Koraidon||ClearAmulet|OrichalcumPulse|FlareBlitz,Outrage,CollisionCourse,Protect||||||50|,,,,,Fire]Lunala||MentalHerb|ShadowShield|MoongeistBeam,Moonblast,WideGuard,TrickRoom||||||50|,,,,,Water]Chi-Yu||ChoiceScarf|BeadsofRuin|DarkPulse,Flamethrower,Snarl,HeatWave||||||50|,,,,,Ghost]Flutter Mane||FocusSash|Protosynthesis|Moonblast,ShadowBall,IcyWind,Protect||||||50|,,,,,Normal]Brute Bonnet||CovertCloak|Protosynthesis|RagePowder,SuckerPunch,SeedBomb,Spore||||||50|,,,,,Water]Iron Hands||AssaultVest|QuarkDrive|FakeOut,DrainPunch,WildCharge,VoltSwitch||||||50|,,,,,Fire\n|inactive|Battle timer is ON: inactive players will automatically lose when time's up. (requested by sarabiia)\n|inactive|sarabiia has 60 seconds left.\n|inactive|twitchy1989 has 60 seconds left.\n|inactive|sarabiia has 30 seconds left.\n|inactive|sarabiia has 20 seconds left.\n|\n|t:|1746116896\n|start\n|switch|p1a: Zacian|Zacian-Crowned, L50|100/100\n|switch|p1b: Farigiraf|Farigiraf, L50, F|100/100\n|switch|p2a: Lunala|Lunala, L50|100/100\n|switch|p2b: Flutter Mane|Flutter Mane, L50|100/100\n|-ability|p1a: Zacian|Intrepid Sword|boost\n|-boost|p1a: Zacian|atk|1\n|turn|1\n|inactive|twitchy1989 has 30 seconds left.\n|inactive|sarabiia has 30 seconds left.\n|inactive|twitchy1989 has 20 seconds left.\n|inactive|twitchy1989 has 15 seconds left.\n|inactive|twitchy1989 has 10 seconds left.\n|inactive|twitchy1989 has 5 seconds left.\n|\n|t:|1746116948\n|-end|p2b: Flutter Mane|Protosynthesis|[silent]\n|switch|p2b: Koraidon|Koraidon, L50|100/100\n|-weather|SunnyDay|[from] ability: Orichalcum Pulse|[of] p2b: Koraidon\n|-activate|p2b: Koraidon|Orichalcum Pulse|[source]\n|-terastallize|p2a: Lunala|Water\n|move|p1a: Zacian|Play Rough|p2a: Lunala\n|-damage|p2a: Lunala|66/100\n|-unboost|p2a: Lunala|atk|1\n|move|p2a: Lunala|Moonblast|p1b: Farigiraf\n|-damage|p1b: Farigiraf|71/100\n|move|p1b: Farigiraf|Trick Room|p1b: Farigiraf\n|-fieldstart|move: Trick Room|[of] p1b: Farigiraf\n|\n|-weather|SunnyDay|[upkeep]\n|upkeep\n|turn|2\n|inactive|sarabiia has 30 seconds left.\n|inactive|sarabiia has 20 seconds left.\n|inactive|sarabiia has 15 seconds left.\n|inactive|sarabiia has 10 seconds left.\n|\n|t:|1746116995\n|switch|p1a: Kyogre|Kyogre, L50|100/100\n|-weather|RainDance|[from] ability: Drizzle|[of] p1a: Kyogre\n|move|p2b: Koraidon|Protect|p2b: Koraidon\n|-singleturn|p2b: Koraidon|Protect\n|move|p1b: Farigiraf|Psychic Noise|p2a: Lunala\n|-damage|p2a: Lunala|42/100\n|-start|p2a: Lunala|move: Heal Block\n|-enditem|p2a: Lunala|Mental Herb\n|-end|p2a: Lunala|move: Heal Block\n|move|p2a: Lunala|Trick Room|p2a: Lunala\n|-fieldend|move: Trick Room\n|\n|-weather|RainDance|[upkeep]\n|upkeep\n|turn|3\n|inactive|sarabiia has 30 seconds left.\n|inactive|sarabiia has 20 seconds left.\n|inactive|sarabiia has 15 seconds left.\n|\n|t:|1746117039\n|switch|p2b: Flutter Mane|Flutter Mane, L50|100/100\n|move|p1a: Kyogre|Protect|p1a: Kyogre\n|-singleturn|p1a: Kyogre|Protect\n|move|p2a: Lunala|Wide Guard|p2a: Lunala\n|-singleturn|p2a: Lunala|Wide Guard\n|move|p1b: Farigiraf|Trick Room|p1b: Farigiraf\n|-fieldstart|move: Trick Room|[of] p1b: Farigiraf\n|\n|-weather|RainDance|[upkeep]\n|upkeep\n|turn|4\n|inactive|twitchy1989 has 30 seconds left.\n|inactive|twitchy1989 has 20 seconds left.\n|inactive|twitchy1989 has 15 seconds left.\n|\n|t:|1746117083\n|move|p2a: Lunala|Wide Guard|p2a: Lunala\n|-singleturn|p2a: Lunala|Wide Guard\n|move|p1b: Farigiraf|Psychic Noise|p2b: Flutter Mane\n|-damage|p2b: Flutter Mane|63/100\n|-start|p2b: Flutter Mane|move: Heal Block\n|move|p1a: Kyogre|Calm Mind|p1a: Kyogre\n|-boost|p1a: Kyogre|spa|1\n|-boost|p1a: Kyogre|spd|1\n|move|p2b: Flutter Mane|Moonblast|p1a: Kyogre\n|-damage|p1a: Kyogre|75/100\n|-unboost|p1a: Kyogre|spa|1\n|\n|-weather|RainDance|[upkeep]\n|-heal|p1a: Kyogre|82/100|[from] item: Leftovers\n|upkeep\n|turn|5\n|inactive|twitchy1989 has 30 seconds left.\n|\n|t:|1746117116\n|move|p2a: Lunala|Wide Guard|p2a: Lunala\n|-singleturn|p2a: Lunala|Wide Guard\n|move|p1b: Farigiraf|Psychic Noise|p2a: Lunala\n|-damage|p2a: Lunala|17/100\n|-start|p2a: Lunala|move: Heal Block\n|move|p1a: Kyogre|Calm Mind|p1a: Kyogre\n|-boost|p1a: Kyogre|spa|1\n|-boost|p1a: Kyogre|spd|1\n|move|p2b: Flutter Mane|Moonblast|p1a: Kyogre\n|-crit|p1a: Kyogre\n|-damage|p1a: Kyogre|29/100\n|\n|-weather|RainDance|[upkeep]\n|-heal|p1a: Kyogre|35/100|[from] item: Leftovers\n|-end|p2b: Flutter Mane|move: Heal Block\n|upkeep\n|turn|6\n|inactive|sarabiia has 30 seconds left.\n|inactive|twitchy1989 has 30 seconds left.\n|\n|t:|1746117142\n|move|p2a: Lunala|Wide Guard|p2a: Lunala\n|-singleturn|p2a: Lunala|Wide Guard\n|move|p1b: Farigiraf|Psychic Noise|p2a: Lunala\n|-damage|p2a: Lunala|0 fnt\n|faint|p2a: Lunala\n|move|p1a: Kyogre|Ice Beam|p2b: Flutter Mane\n|-damage|p2b: Flutter Mane|10/100\n|move|p2b: Flutter Mane|Moonblast|p1a: Kyogre\n|-damage|p1a: Kyogre|18/100\n|\n|-weather|none\n|-heal|p1a: Kyogre|24/100|[from] item: Leftovers\n|upkeep\n|\n|t:|1746117158\n|switch|p2a: Koraidon|Koraidon, L50|100/100\n|-weather|SunnyDay|[from] ability: Orichalcum Pulse|[of] p2a: Koraidon\n|-activate|p2b: Flutter Mane|ability: Protosynthesis\n|-start|p2b: Flutter Mane|protosynthesisspe\n|-activate|p2a: Koraidon|Orichalcum Pulse|[source]\n|turn|7\n|\n|t:|1746117173\n|switch|p1a: Zacian|Zacian-Crowned, L50|100/100\n|move|p2a: Koraidon|Protect|p2a: Koraidon\n|-singleturn|p2a: Koraidon|Protect\n|move|p2b: Flutter Mane|Protect|p2b: Flutter Mane\n|-singleturn|p2b: Flutter Mane|Protect\n|move|p1b: Farigiraf|Psychic Noise|p2b: Flutter Mane\n|-activate|p2b: Flutter Mane|move: Protect\n|\n|-weather|SunnyDay|[upkeep]\n|-fieldend|move: Trick Room\n|upkeep\n|turn|8\n|inactive|sarabiia has 30 seconds left.\n|inactive|twitchy1989 has 30 seconds left.\n|inactive|twitchy1989 has 20 seconds left.\n|inactive|twitchy1989 has 15 seconds left.\n|inactive|sarabiia has 20 seconds left.\n|inactive|sarabiia has 15 seconds left.\n|\n|t:|1746117223\n|switch|p1a: Kyogre|Kyogre, L50|24/100\n|-weather|RainDance|[from] ability: Drizzle|[of] p1a: Kyogre\n|-end|p2b: Flutter Mane|Protosynthesis\n|move|p2b: Flutter Mane|Shadow Ball|p1a: Kyogre\n|-damage|p1a: Kyogre|0 fnt\n|faint|p1a: Kyogre\n|move|p2a: Koraidon|Collision Course|p1b: Farigiraf\n|-damage|p1b: Farigiraf|18/100\n|-enditem|p1b: Farigiraf|Sitrus Berry|[eat]\n|-heal|p1b: Farigiraf|43/100|[from] item: Sitrus Berry\n|move|p1b: Farigiraf|Psychic Noise|p2b: Flutter Mane\n|-damage|p2b: Flutter Mane|0 fnt\n|faint|p2b: Flutter Mane\n|-end|p2b: Flutter Mane|Protosynthesis|[silent]\n|\n|-weather|RainDance|[upkeep]\n|upkeep\n|\n|t:|1746117244\n|switch|p2b: Chi-Yu|Chi-Yu, L50|100/100\n|switch|p1a: Zacian|Zacian-Crowned, L50|100/100\n|-ability|p2b: Chi-Yu|Beads of Ruin\n|turn|9\n|inactive|sarabiia has 30 seconds left.\n|\n|t:|1746117269\n|move|p1a: Zacian|Protect|p1a: Zacian\n|-singleturn|p1a: Zacian|Protect\n|move|p2a: Koraidon|Protect|p2a: Koraidon\n|-singleturn|p2a: Koraidon|Protect\n|move|p2b: Chi-Yu|Dark Pulse|p1b: Farigiraf\n|-supereffective|p1b: Farigiraf\n|-damage|p1b: Farigiraf|0 fnt\n|faint|p1b: Farigiraf\n|\n|-weather|RainDance|[upkeep]\n|upkeep\n|\n|t:|1746117278\n|switch|p1b: Roaring Moon|Roaring Moon, L50|100/100\n|-enditem|p1b: Roaring Moon|Booster Energy\n|-activate|p1b: Roaring Moon|ability: Protosynthesis|[fromitem]\n|-start|p1b: Roaring Moon|protosynthesisspe\n|turn|10\n|inactive|sarabiia has 30 seconds left.\n|inactive|twitchy1989 has 30 seconds left.\n|inactive|twitchy1989 has 20 seconds left.\n|\n|t:|1746117313\n|move|p1b: Roaring Moon|Tailwind|p1b: Roaring Moon\n|-sidestart|p1: sarabiia|move: Tailwind\n|move|p1a: Zacian|Play Rough|p2a: Koraidon\n|-supereffective|p2a: Koraidon\n|-damage|p2a: Koraidon|0 fnt\n|faint|p2a: Koraidon\n|move|p2b: Chi-Yu|Dark Pulse|p1b: Roaring Moon\n|-resisted|p1b: Roaring Moon\n|-crit|p1b: Roaring Moon\n|-damage|p1b: Roaring Moon|58/100\n|\n|-weather|RainDance|[upkeep]\n|upkeep\n|turn|11\n|\n|t:|1746117326\n|-terastallize|p1a: Zacian|Ground\n|move|p1b: Roaring Moon|Acrobatics|p2b: Chi-Yu\n|-damage|p2b: Chi-Yu|51/100\n|move|p1a: Zacian|Tera Blast|p2b: Chi-Yu|[anim] Tera Blast Ground\n|-supereffective|p2b: Chi-Yu\n|-damage|p2b: Chi-Yu|0 fnt\n|faint|p2b: Chi-Yu\n|\n|win|sarabiia\n||sarabiia is ready for game 2.\n|inactive|twitchy1989 has 30 seconds to confirm battle start!\n", "uploadtime": 1746117332, "views": 8, "formatid": "gen9vgc2025regibo3", "rating": null, "private": 0, "password": null}