{"id": "gen9vgc2025regibo3-2354231116", "format": "[Gen 9] VGC 2025 Reg I (Bo3)", "players": ["Localbearlover123", "StarryEyedDetect"], "log": "|j|\u2606Localbearlover123\n|j|\u2606StarryEyedDetect\n|html|<table width=\"100%\"><tr><td align=\"left\">Localbearlover123</td><td align=\"right\">StarryEyedDetect</tr><tr><td align=\"left\"><i class=\"fa fa-circle-o\"></i> <i class=\"fa fa-circle-o\"></i> </td><td align=\"right\"><i class=\"fa fa-circle-o\"></i> <i class=\"fa fa-circle-o\"></i> </tr></table>\n|uhtml|bestof|<h2><strong>Game 1</strong> of <a href=\"/game-bestof3-gen9vgc2025regibo3-2354231115\">a best-of-3</a></h2>\n|t:|1746047109\n|gametype|doubles\n|player|p1|Localbearlover123|lucas|1091\n|player|p2|StarryEyedDetect|266|1049\n|teamsize|p1|6\n|teamsize|p2|6\n|gen|9\n|tier|[Gen 9] VGC 2025 Reg I (Bo3)\n|rated|\n|rule|Species Clause: Limit one of each Pok\u00e9mon\n|rule|Item Clause: Limit 1 of each item\n|clearpoke\n|poke|p1|Calyrex-Shadow, L50|\n|poke|p1|Incineroar, L50, M|\n|poke|p1|Rillaboom, L50, M|\n|poke|p1|Ogerpon-Hearthflame, L50, F|\n|poke|p1|Chien-Pao, L50|\n|poke|p1|Zamazenta-*, L50|\n|poke|p2|Ho-Oh, L50|\n|poke|p2|Miraidon, L50|\n|poke|p2|Farigiraf, L50, F|\n|poke|p2|Iron Hands, L50|\n|poke|p2|Ogerpon-Wellspring, L50, F|\n|poke|p2|Iron Treads, L50|\n|teampreview|4\n|showteam|p1|Calyrex-Shadow||LifeOrb|AsOneSpectrier|AstralBarrage,Protect,NastyPlot,Psychic||||||50|,,,,,Normal]Incineroar||SafetyGoggles|Intimidate|FakeOut,KnockOff,FlareBlitz,PartingShot|||M|||50|,,,,,Ghost]Rillaboom||AssaultVest|GrassySurge|GrassyGlide,FakeOut,DrumBeating,Uturn|||M|||50|,,,,,Fire]Ogerpon-Hearthflame||HearthflameMask|MoldBreaker|IvyCudgel,SpikyShield,HornLeech,FollowMe|||F|||50|,,,,,Fire]Chien-Pao||FocusSash|SwordofRuin|IcicleCrash,IceSpinner,SuckerPunch,Protect||||||50|,,,,,Dark]Zamazenta-Crowned||RustedShield|DauntlessShield|BodyPress,behemothbash,WideGuard,HeavySlam||||||50|,,,,,Fire\n|showteam|p2|Ho-Oh||ClearAmulet|Regenerator|SacredFire,BraveBird,Tailwind,Protect||||||50|,,,,,Grass]Miraidon||LifeOrb|HadronEngine|ElectroDrift,VoltSwitch,DracoMeteor,Protect||||||50|,,,,,Electric]Farigiraf||ElectricSeed|ArmorTail|Psychic,FoulPlay,HelpingHand,TrickRoom|||F|||50|,,,,,Water]Iron Hands||AssaultVest|QuarkDrive|FakeOut,DrainPunch,WildCharge,VoltSwitch||||||50|,,,,,Bug]Ogerpon-Wellspring||WellspringMask|WaterAbsorb|IvyCudgel,WoodHammer,FollowMe,SpikyShield|||F|||50|,,,,,Water]Iron Treads||BoosterEnergy|QuarkDrive|Earthquake,IceSpinner,IronHead,SteelRoller||||||50|,,,,,Ground\n|inactive|Battle timer is ON: inactive players will automatically lose when time's up. (requested by Localbearlover123)\n|\n|t:|1746047197\n|start\n|switch|p1a: Ogerpon|Ogerpon-Hearthflame, L50, F|100/100\n|switch|p1b: Rillaboom|Rillaboom, L50, M, shiny|100/100\n|switch|p2a: Ho-Oh|Ho-Oh, L50|100/100\n|switch|p2b: Iron Treads|Iron Treads, L50|100/100\n|-ability|p1a: Ogerpon|Mold Breaker\n|-fieldstart|move: Grassy Terrain|[from] ability: Grassy Surge|[of] p1b: Rillaboom\n|-enditem|p2b: Iron Treads|Booster Energy\n|-activate|p2b: Iron Treads|ability: Quark Drive|[fromitem]\n|-start|p2b: Iron Treads|quarkdriveatk\n|turn|1\n|inactive|Localbearlover123 has 30 seconds left.\n|inactive|Localbearlover123 has 20 seconds left.\n|\n|t:|1746047236\n|move|p1b: Rillaboom|Fake Out|p2a: Ho-Oh\n|-damage|p2a: Ho-Oh|88/100\n|move|p2b: Iron Treads|Earthquake|p1a: Ogerpon|[spread] p1a,p1b\n|-immune|p2a: Ho-Oh\n|-resisted|p1b: Rillaboom\n|-damage|p1a: Ogerpon|73/100\n|-damage|p1b: Rillaboom|89/100\n|move|p1a: Ogerpon|Ivy Cudgel|p2b: Iron Treads|[anim] Ivy Cudgel Fire\n|-supereffective|p2b: Iron Treads\n|-damage|p2b: Iron Treads|2/100\n|cant|p2a: Ho-Oh|flinch\n|\n|-heal|p2b: Iron Treads|8/100|[from] Grassy Terrain\n|-heal|p1a: Ogerpon|79/100|[from] Grassy Terrain\n|-heal|p1b: Rillaboom|95/100|[from] Grassy Terrain\n|upkeep\n|turn|2\n|inactive|StarryEyedDetect has 30 seconds left.\n|inactive|StarryEyedDetect has 20 seconds left.\n|inactive|StarryEyedDetect has 15 seconds left.\n|inactive|StarryEyedDetect has 10 seconds left.\n|\n|t:|1746047283\n|-terastallize|p2b: Iron Treads|Ground\n|move|p1a: Ogerpon|Spiky Shield|p1a: Ogerpon\n|-singleturn|p1a: Ogerpon|move: Protect\n|move|p1b: Rillaboom|Grassy Glide|p2a: Ho-Oh\n|-resisted|p2a: Ho-Oh\n|-damage|p2a: Ho-Oh|79/100\n|move|p2b: Iron Treads|Earthquake|p1a: Ogerpon|[spread] p1b\n|-activate|p1a: Ogerpon|move: Protect\n|-immune|p2a: Ho-Oh\n|-resisted|p1b: Rillaboom\n|-damage|p1b: Rillaboom|77/100\n|move|p2a: Ho-Oh|Sacred Fire|p1b: Rillaboom\n|-supereffective|p1b: Rillaboom\n|-damage|p1b: Rillaboom|0 fnt\n|faint|p1b: Rillaboom\n|\n|-heal|p2b: Iron Treads|14/100|[from] Grassy Terrain\n|-heal|p1a: Ogerpon|85/100|[from] Grassy Terrain\n|upkeep\n|\n|t:|1746047305\n|switch|p1b: Chien-Pao|Chien-Pao, L50|100/100\n|-ability|p1b: Chien-Pao|Sword of Ruin\n|turn|3\n|\n|t:|1746047322\n|move|p1b: Chien-Pao|Icicle Crash|p2a: Ho-Oh\n|-damage|p2a: Ho-Oh|32/100\n|move|p2b: Iron Treads|Earthquake|p1a: Ogerpon|[spread] p1a,p1b\n|-immune|p2a: Ho-Oh\n|-damage|p1a: Ogerpon|30/100\n|-damage|p1b: Chien-Pao|50/100\n|move|p1a: Ogerpon|Horn Leech|p2b: Iron Treads\n|-supereffective|p2b: Iron Treads\n|-damage|p2b: Iron Treads|0 fnt\n|-heal|p1a: Ogerpon|36/100|[from] drain|[of] p2b: Iron Treads\n|faint|p2b: Iron Treads\n|-end|p2b: Iron Treads|Quark Drive|[silent]\n|move|p2a: Ho-Oh|Tailwind|p2a: Ho-Oh\n|-sidestart|p2: StarryEyedDetect|move: Tailwind\n|\n|-heal|p1b: Chien-Pao|56/100|[from] Grassy Terrain\n|-heal|p1a: Ogerpon|42/100|[from] Grassy Terrain\n|upkeep\n|inactive|StarryEyedDetect has 30 seconds left.\n|\n|t:|1746047353\n|switch|p2b: Iron Hands|Iron Hands, L50|100/100\n|turn|4\n|\n|t:|1746047367\n|move|p1b: Chien-Pao|Protect|p1b: Chien-Pao\n|-singleturn|p1b: Chien-Pao|Protect\n|move|p1a: Ogerpon|Spiky Shield|p1a: Ogerpon\n|-singleturn|p1a: Ogerpon|move: Protect\n|move|p2b: Iron Hands|Fake Out|p1a: Ogerpon\n|-activate|p1a: Ogerpon|move: Protect\n|-damage|p2b: Iron Hands|88/100|[from] Spiky Shield|[of] p1a: Ogerpon\n|move|p2a: Ho-Oh|Sacred Fire|p1b: Chien-Pao\n|-activate|p1b: Chien-Pao|move: Protect\n|\n|-heal|p1b: Chien-Pao|62/100|[from] Grassy Terrain\n|-heal|p2b: Iron Hands|94/100|[from] Grassy Terrain\n|-heal|p1a: Ogerpon|48/100|[from] Grassy Terrain\n|upkeep\n|turn|5\n|inactive|Localbearlover123 has 30 seconds left.\n|inactive|StarryEyedDetect has 30 seconds left.\n|\n|t:|1746047393\n|-terastallize|p1b: Chien-Pao|Dark\n|move|p1b: Chien-Pao|Sucker Punch|p2a: Ho-Oh\n|-damage|p2a: Ho-Oh|0 fnt\n|faint|p2a: Ho-Oh\n|move|p2b: Iron Hands|Drain Punch|p1b: Chien-Pao\n|-supereffective|p1b: Chien-Pao\n|-damage|p1b: Chien-Pao|0 fnt\n|-heal|p2b: Iron Hands|100/100|[from] drain|[of] p1b: Chien-Pao\n|faint|p1b: Chien-Pao\n|move|p1a: Ogerpon|Ivy Cudgel|p2b: Iron Hands|[anim] Ivy Cudgel Fire\n|-damage|p2b: Iron Hands|62/100\n|\n|-heal|p2b: Iron Hands|68/100|[from] Grassy Terrain\n|-heal|p1a: Ogerpon|54/100|[from] Grassy Terrain\n|-fieldend|move: Grassy Terrain\n|upkeep\n|\n|t:|1746047412\n|switch|p1b: Zamazenta|Zamazenta-Crowned, L50, shiny|100/100\n|switch|p2a: Miraidon|Miraidon, L50|100/100\n|-fieldstart|move: Electric Terrain|[from] ability: Hadron Engine|[of] p2a: Miraidon\n|-activate|p2b: Iron Hands|ability: Quark Drive\n|-start|p2b: Iron Hands|quarkdriveatk\n|-ability|p1b: Zamazenta|Dauntless Shield|boost\n|-boost|p1b: Zamazenta|def|1\n|turn|6\n|inactive|StarryEyedDetect has 30 seconds left.\n|inactive|Localbearlover123 has 30 seconds left.\n|inactive|StarryEyedDetect has 20 seconds left.\n|\n|t:|1746047449\n|move|p2a: Miraidon|Electro Drift|p1a: Ogerpon\n|-resisted|p1a: Ogerpon\n|-damage|p1a: Ogerpon|0 fnt\n|faint|p1a: Ogerpon\n|-damage|p2a: Miraidon|91/100|[from] item: Life Orb\n|move|p1b: Zamazenta|Body Press|p2a: Miraidon\n|-damage|p2a: Miraidon|22/100\n|move|p2b: Iron Hands|Drain Punch|p1b: Zamazenta\n|-supereffective|p1b: Zamazenta\n|-crit|p1b: Zamazenta\n|-damage|p1b: Zamazenta|0 fnt\n|-heal|p2b: Iron Hands|100/100|[from] drain|[of] p1b: Zamazenta\n|faint|p1b: Zamazenta\n|\n|win|StarryEyedDetect\n|inactive|Localbearlover123 has 30 seconds to confirm battle start!\n|inactive|StarryEyedDetect has 30 seconds to confirm battle start!\n|inactive|Localbearlover123 has 20 seconds to confirm battle start!\n|inactive|StarryEyedDetect has 20 seconds to confirm battle start!\n|raw|Localbearlover123's rating: 1091 &rarr; <strong>1065</strong><br />(-26 for losing)\n|raw|StarryEyedDetect's rating: 1049 &rarr; <strong>1086</strong><br />(+37 for winning)\n|l|\u2606Localbearlover123\n|player|p1|\n", "uploadtime": 1746049571, "views": 7, "formatid": "gen9vgc2025regibo3", "rating": 1065, "private": 0, "password": null}