{"id": "gen9vgc2025regibo3-2353998271", "format": "[Gen 9] VGC 2025 Reg I (Bo3)", "players": ["Tlayer4002", "Yinzo"], "log": "|j|\u2606Tlayer4002\n|j|\u2606Yinzo\n|html|<table width=\"100%\"><tr><td align=\"left\">Tlayer4002</td><td align=\"right\">Yinzo</tr><tr><td align=\"left\"><i class=\"fa fa-circle-o\"></i> <i class=\"fa fa-circle-o\"></i> </td><td align=\"right\"><i class=\"fa fa-circle-o\"></i> <i class=\"fa fa-circle\"></i> </tr></table>\n|uhtml|bestof|<h2><strong>Game 2</strong> of <a href=\"/game-bestof3-gen9vgc2025regibo3-2353993758\">a best-of-3</a></h2>\n|t:|1746026169\n|gametype|doubles\n|player|p1|Tlayer4002|265|\n|player|p2|Yinzo|1|\n|teamsize|p1|6\n|teamsize|p2|6\n|gen|9\n|tier|[Gen 9] VGC 2025 Reg I (Bo3)\n|rule|Species Clause: Limit one of each Pok\u00e9mon\n|rule|Item Clause: Limit 1 of each item\n|clearpoke\n|poke|p1|Calyrex-Shadow, L50|\n|poke|p1|Zamazenta-*, L50|\n|poke|p1|Incineroar, L50, F|\n|poke|p1|Rillaboom, L50, F|\n|poke|p1|Urshifu-*, L50, F|\n|poke|p1|Tornadus, L50, M|\n|poke|p2|Miraidon, L50|\n|poke|p2|Calyrex-Ice, L50|\n|poke|p2|Whimsicott, L50, M|\n|poke|p2|Ogerpon-Hearthflame, L50, F|\n|poke|p2|Farigiraf, L50, M|\n|poke|p2|Urshifu-*, L50, M|\n|teampreview|4\n|showteam|p1|Calyrex-Shadow||FocusSash|AsOneSpectrier|AstralBarrage,Psychic,NastyPlot,Protect||||||50|,,,,,Ghost]Zamazenta-Crowned||RustedShield|DauntlessShield|BodyPress,HeavySlam,WideGuard,Protect||||||50|,,,,,Fire]Incineroar||RockyHelmet|Intimidate|FakeOut,FlareBlitz,KnockOff,PartingShot|||F|||50|,,,,,Bug]Rillaboom||AssaultVest|GrassySurge|FakeOut,WoodHammer,GrassyGlide,Uturn|||F|||50|,,,,,Fire]Urshifu-Rapid-Strike||ChoiceScarf|UnseenFist|SurgingStrikes,AquaJet,CloseCombat,Uturn|||F|||50|,,,,,Water]Tornadus||CovertCloak|Prankster|BleakwindStorm,Tailwind,RainDance,Taunt|||M|||50|,,,,,Dark\n|showteam|p2|Miraidon||ChoiceSpecs|HadronEngine|ElectroDrift,DracoMeteor,VoltSwitch,DazzlingGleam||||||50|,,,,,Fairy]Calyrex-Ice||IciclePlate|AsOneGlastrier|Protect,GlacialLance,HighHorsepower,TrickRoom||||||50|,,,,,Water]Whimsicott||CovertCloak|Prankster|Moonblast,Tailwind,LightScreen,Encore|||M|||50|,,,,,Dark]Ogerpon-Hearthflame||HearthflameMask|MoldBreaker|IvyCudgel,WoodHammer,FollowMe,SpikyShield|||F|||50|,,,,,Fire]Farigiraf||ElectricSeed|ArmorTail|FoulPlay,PsychicNoise,TrickRoom,HelpingHand|||M|||50|,,,,,Water]Urshifu-Rapid-Strike||ChoiceScarf|UnseenFist|SurgingStrikes,CloseCombat,Coaching,Uturn|||M|||50|,,,,,Water\n|inactive|Battle timer is ON: inactive players will automatically lose when time's up. (requested by Yinzo)\n|inactive|Tlayer4002 has 60 seconds left.\n|inactive|Yinzo has 60 seconds left.\n|inactive|Tlayer4002 has 30 seconds left.\n|inactive|Yinzo has 30 seconds left.\n|inactive|Tlayer4002 has 20 seconds left.\n|inactive|Tlayer4002 has 15 seconds left.\n|\n|t:|1746026248\n|start\n|switch|p1a: Rillaboom|Rillaboom, L50, F|100/100\n|switch|p1b: Zamazenta|Zamazenta-Crowned, L50|100/100\n|switch|p2a: Farigiraf|Farigiraf, L50, M|100/100\n|switch|p2b: Miraidon|Miraidon, L50|100/100\n|-fieldstart|move: Electric Terrain|[from] ability: Hadron Engine|[of] p2b: Miraidon\n|-enditem|p2a: Farigiraf|Electric Seed\n|-boost|p2a: Farigiraf|def|1|[from] item: Electric Seed\n|-ability|p1b: Zamazenta|Dauntless Shield|boost\n|-boost|p1b: Zamazenta|def|1\n|-fieldstart|move: Grassy Terrain|[from] ability: Grassy Surge|[of] p1a: Rillaboom\n|turn|1\n|inactive|Yinzo has 30 seconds left.\n|inactive|Yinzo has 20 seconds left.\n|inactive|Yinzo has 15 seconds left.\n|inactive|Yinzo has 10 seconds left.\n|\n|t:|1746026296\n|move|p2b: Miraidon|Volt Switch|p1b: Zamazenta\n|-damage|p1b: Zamazenta|61/100\n|\n|t:|1746026301\n|switch|p2b: Whimsicott|Whimsicott, L50, M|100/100|[from] Volt Switch\n|move|p1b: Zamazenta|Body Press|p2a: Farigiraf\n|-damage|p2a: Farigiraf|67/100\n|move|p1a: Rillaboom|Wood Hammer|p2a: Farigiraf\n|-damage|p2a: Farigiraf|22/100\n|-damage|p1a: Rillaboom|85/100|[from] Recoil\n|move|p2a: Farigiraf|Psychic Noise|p1b: Zamazenta\n|-damage|p1b: Zamazenta|40/100\n|-start|p1b: Zamazenta|move: Heal Block\n|\n|-heal|p1a: Rillaboom|90/100|[from] Grassy Terrain\n|-heal|p2a: Farigiraf|29/100|[from] Grassy Terrain\n|upkeep\n|turn|2\n|inactive|Yinzo has 30 seconds left.\n|inactive|Yinzo has 20 seconds left.\n|inactive|Tlayer4002 has 30 seconds left.\n|inactive|Yinzo has 15 seconds left.\n|inactive|Tlayer4002 has 20 seconds left.\n|\n|t:|1746026353\n|switch|p2a: Miraidon|Miraidon, L50|100/100\n|-fieldstart|move: Electric Terrain|[from] ability: Hadron Engine|[of] p2a: Miraidon\n|move|p2b: Whimsicott|Encore|p1b: Zamazenta\n|-start|p1b: Zamazenta|Encore\n|move|p1b: Zamazenta|Body Press|p2a: Miraidon\n|-damage|p2a: Miraidon|46/100\n|move|p1a: Rillaboom|Wood Hammer|p2a: Miraidon\n|-resisted|p2a: Miraidon\n|-damage|p2a: Miraidon|14/100\n|-damage|p1a: Rillaboom|81/100|[from] Recoil\n|\n|-end|p1b: Zamazenta|move: Heal Block\n|upkeep\n|turn|3\n|inactive|Tlayer4002 has 30 seconds left.\n|inactive|Yinzo has 30 seconds left.\n|inactive|Tlayer4002 has 20 seconds left.\n|inactive|Yinzo has 20 seconds left.\n|inactive|Tlayer4002 has 15 seconds left.\n|\n|t:|1746026396\n|switch|p1b: Incineroar|Incineroar, L50, F|100/100\n|-ability|p1b: Incineroar|Intimidate|boost\n|-unboost|p2a: Miraidon|atk|1\n|-unboost|p2b: Whimsicott|atk|1\n|move|p2a: Miraidon|Draco Meteor|p1a: Rillaboom\n|-damage|p1a: Rillaboom|0 fnt\n|-unboost|p2a: Miraidon|spa|2\n|faint|p1a: Rillaboom\n|move|p2b: Whimsicott|Moonblast|p1b: Incineroar\n|-damage|p1b: Incineroar|75/100\n|-unboost|p1b: Incineroar|spa|1\n|\n|upkeep\n|\n|t:|1746026416\n|switch|p1a: Calyrex|Calyrex-Shadow, L50|100/100\n|-ability|p1a: Calyrex|As One\n|-ability|p1a: Calyrex|Unnerve\n|turn|4\n|inactive|Tlayer4002 has 30 seconds left.\n|inactive|Yinzo has 30 seconds left.\n|\n|t:|1746026444\n|switch|p2a: Farigiraf|Farigiraf, L50, M|29/100\n|move|p2b: Whimsicott|Tailwind|p2b: Whimsicott\n|-sidestart|p2: Yinzo|move: Tailwind\n|move|p1a: Calyrex|Psychic|p2a: Farigiraf\n|-resisted|p2a: Farigiraf\n|-damage|p2a: Farigiraf|4/100\n|move|p1b: Incineroar|Flare Blitz|p2b: Whimsicott\n|-supereffective|p2b: Whimsicott\n|-damage|p2b: Whimsicott|0 fnt\n|faint|p2b: Whimsicott\n|-damage|p1b: Incineroar|49/100|[from] Recoil\n|\n|upkeep\n|inactive|Yinzo has 30 seconds left.\n|\n|t:|1746026470\n|switch|p2b: Miraidon|Miraidon, L50|14/100\n|-activate|p2b: Miraidon|ability: Hadron Engine\n|turn|5\n|inactive|Yinzo has 30 seconds left.\n|inactive|Yinzo has 20 seconds left.\n|\n|t:|1746026507\n|move|p2b: Miraidon|Volt Switch|p1b: Incineroar\n|-damage|p1b: Incineroar|0 fnt\n|faint|p1b: Incineroar\n|\n|t:|1746026512\n|switch|p2b: Ogerpon|Ogerpon-Hearthflame, L50, F|100/100|[from] Volt Switch\n|-ability|p2b: Ogerpon|Mold Breaker\n|move|p1a: Calyrex|Psychic|p2a: Farigiraf\n|-resisted|p2a: Farigiraf\n|-damage|p2a: Farigiraf|0 fnt\n|faint|p2a: Farigiraf\n|-ability|p1a: Calyrex|Grim Neigh|boost\n|-boost|p1a: Calyrex|spa|1\n|\n|upkeep\n|\n|t:|1746026521\n|switch|p2a: Miraidon|Miraidon, L50|14/100\n|switch|p1b: Zamazenta|Zamazenta-Crowned, L50|40/100\n|-activate|p2a: Miraidon|ability: Hadron Engine\n|turn|6\n|inactive|Yinzo has 30 seconds left.\n|inactive|Yinzo has 20 seconds left.\n|inactive|Yinzo has 15 seconds left.\n|inactive|Yinzo has 10 seconds left.\n|inactive|Yinzo has 5 seconds left.\n|\n|t:|1746026572\n|move|p1a: Calyrex|Protect|p1a: Calyrex\n|-singleturn|p1a: Calyrex|Protect\n|move|p1b: Zamazenta|Protect|p1b: Zamazenta\n|-singleturn|p1b: Zamazenta|Protect\n|move|p2a: Miraidon|Electro Drift|p1b: Zamazenta\n|-activate|p1b: Zamazenta|move: Protect\n|move|p2b: Ogerpon|Ivy Cudgel|p1a: Calyrex|[anim] Ivy Cudgel Fire\n|-activate|p1a: Calyrex|move: Protect\n|\n|-fieldend|move: Electric Terrain\n|upkeep\n|turn|7\n|\n|t:|1746026588\n|-terastallize|p2b: Ogerpon|Fire\n|detailschange|p2b: Ogerpon|Ogerpon-Hearthflame-Tera, L50, F, tera:Fire\n|-ability|p2b: Ogerpon|Embody Aspect (Hearthflame)|boost\n|-boost|p2b: Ogerpon|atk|1\n|-terastallize|p1b: Zamazenta|Fire\n|move|p2a: Miraidon|Electro Drift|p1a: Calyrex\n|-damage|p1a: Calyrex|9/100\n|move|p2b: Ogerpon|Ivy Cudgel|p1a: Calyrex|[anim] Ivy Cudgel Fire\n|-crit|p1a: Calyrex\n|-damage|p1a: Calyrex|0 fnt\n|faint|p1a: Calyrex\n|move|p1b: Zamazenta|Body Press|p2a: Miraidon\n|-damage|p2a: Miraidon|0 fnt\n|faint|p2a: Miraidon\n|\n|-sideend|p2: Yinzo|move: Tailwind\n|upkeep\n|turn|8\n|inactive|Yinzo has 30 seconds left.\n|\n|t:|1746026615\n|move|p1b: Zamazenta|Protect|p1b: Zamazenta\n|-singleturn|p1b: Zamazenta|Protect\n|move|p2b: Ogerpon|Ivy Cudgel|p1b: Zamazenta|[anim] Ivy Cudgel Fire\n|-activate|p1b: Zamazenta|move: Protect\n|\n|upkeep\n|turn|9\n|\n|t:|1746026619\n|move|p1b: Zamazenta|Body Press|p2b: Ogerpon\n|-damage|p2b: Ogerpon|54/100\n|move|p2b: Ogerpon|Ivy Cudgel|p1b: Zamazenta|[anim] Ivy Cudgel Fire\n|-resisted|p1b: Zamazenta\n|-damage|p1b: Zamazenta|3/100\n|\n|upkeep\n|turn|10\n|\n|t:|1746026633\n|move|p2b: Ogerpon|Spiky Shield|p2b: Ogerpon\n|-singleturn|p2b: Ogerpon|move: Protect\n|move|p1b: Zamazenta|Body Press|p2b: Ogerpon\n|-activate|p2b: Ogerpon|move: Protect\n|-damage|p1b: Zamazenta|0 fnt|[from] Spiky Shield|[of] p2b: Ogerpon\n|faint|p1b: Zamazenta\n|\n|win|Yinzo\n|c|\u2606Yinzo|ggs!\n|c|\u2606Tlayer4002|ggs\n|c|\u2606Yinzo|Focus sash hat es am ende echt kniffling gemacht\n", "uploadtime": 1746026811, "views": 6, "formatid": "gen9vgc2025regibo3", "rating": null, "private": 0, "password": null}