{"id": "gen9vgc2025regibo3-2354954413", "format": "[Gen 9] VGC 2025 Reg I (Bo3)", "players": ["grampa27", "mathhews"], "log": "|j|\u2606grampa27\n|j|\u2606mathhews\n|html|<table width=\"100%\"><tr><td align=\"left\">grampa27</td><td align=\"right\">mathhews</tr><tr><td align=\"left\"><i class=\"fa fa-circle-o\"></i> <i class=\"fa fa-circle-o\"></i> </td><td align=\"right\"><i class=\"fa fa-circle-o\"></i> <i class=\"fa fa-circle\"></i> </tr></table>\n|uhtml|bestof|<h2><strong>Game 2</strong> of <a href=\"/game-bestof3-gen9vgc2025regibo3-2354952047\">a best-of-3</a></h2>\n|t:|1746135340\n|gametype|doubles\n|player|p1|grampa27|101|1149\n|player|p2|mathhews|102|1168\n|teamsize|p1|6\n|teamsize|p2|6\n|gen|9\n|tier|[Gen 9] VGC 2025 Reg I (Bo3)\n|rated|\n|rule|Species Clause: Limit one of each Pok\u00e9mon\n|rule|Item Clause: Limit 1 of each item\n|clearpoke\n|poke|p1|Miraidon, L50|\n|poke|p1|Farigiraf, L50, F|\n|poke|p1|Incineroar, L50, F|\n|poke|p1|Calyrex-Ice, L50|\n|poke|p1|Whimsicott, L50, M|\n|poke|p1|Urshifu-*, L50, F|\n|poke|p2|Calyrex-Ice, L50|\n|poke|p2|Incineroar, L50, F|\n|poke|p2|Farigiraf, L50, M|\n|poke|p2|Miraidon, L50|\n|poke|p2|Ursaluna-Bloodmoon, L50, M|\n|poke|p2|Iron Boulder, L50|\n|teampreview|4\n|showteam|p1|Miraidon||AssaultVest|HadronEngine|VoltSwitch,ElectroDrift,DazzlingGleam,DracoMeteor||||||50|,,,,,Electric]Farigiraf||ElectricSeed|ArmorTail|FoulPlay,TrickRoom,HelpingHand,HyperVoice|||F|||50|,,,,,Dark]Incineroar||RockyHelmet|Intimidate|FakeOut,PartingShot,Protect,KnockOff|||F|||50|,,,,,Water]Calyrex-Ice||ClearAmulet|AsOneGlastrier|GlacialLance,HighHorsepower,Protect,TrickRoom||||||50|,,,,,Water]Whimsicott||CovertCloak|Prankster|Tailwind,Moonblast,Encore,Tickle|||M|||50|,,,,,Dark]Urshifu-Rapid-Strike||FocusSash|UnseenFist|SurgingStrikes,Taunt,CloseCombat,Protect|||F|||50|,,,,,Water\n|showteam|p2|Calyrex-Ice||ClearAmulet|AsOneGlastrier|GlacialLance,HighHorsepower,TrickRoom,Protect||||||50|,,,,,Fire]Incineroar||RockyHelmet|Intimidate|FakeOut,WillOWisp,KnockOff,PartingShot|||F|||50|,,,,,Bug]Farigiraf||MentalHerb|ArmorTail|FoulPlay,HelpingHand,TrickRoom,Psychic|||M|||50|,,,,,Grass]Miraidon||ChoiceSpecs|HadronEngine|ElectroDrift,VoltSwitch,DazzlingGleam,DracoMeteor||||||50|,,,,,Fairy]Ursaluna-Bloodmoon||LifeOrb|MindsEye|BloodMoon,HyperVoice,EarthPower,Protect|||M|||50|,,,,,Grass]Iron Boulder||ChoiceBand|QuarkDrive|MightyCleave,PsychoCut,SacredSword,RockTomb||||||50|,,,,,Rock\n|inactive|Battle timer is ON: inactive players will automatically lose when time's up. (requested by mathhews)\n|inactive|mathhews has 60 seconds left.\n|inactive|mathhews has 30 seconds left.\n|inactive|mathhews has 20 seconds left.\n|inactive|mathhews has 15 seconds left.\n|inactive|mathhews has 10 seconds left.\n|inactive|mathhews has 5 seconds left.\n|\n|t:|1746135452\n|start\n|switch|p1a: Whimsicott|Whimsicott, L50, M|100/100\n|switch|p1b: Urshifu|Urshifu-Rapid-Strike, L50, F|100/100\n|switch|p2a: Calyrex|Calyrex-Ice, L50|100/100\n|switch|p2b: Incineroar|Incineroar, L50, F|100/100\n|-ability|p2a: Calyrex|As One\n|-ability|p2a: Calyrex|Unnerve\n|-ability|p2b: Incineroar|Intimidate|boost\n|-unboost|p1a: Whimsicott|atk|1\n|-unboost|p1b: Urshifu|atk|1\n|turn|1\n|\n|t:|1746135474\n|switch|p1a: Calyrex|Calyrex-Ice, L50|100/100\n|-ability|p1a: Calyrex|As One\n|-ability|p1a: Calyrex|Unnerve\n|move|p1b: Urshifu|Protect|p1b: Urshifu\n|-singleturn|p1b: Urshifu|Protect\n|move|p2b: Incineroar|Fake Out|p1b: Urshifu\n|-activate|p1b: Urshifu|move: Protect\n|move|p2a: Calyrex|Glacial Lance|p1b: Urshifu|[spread] p1a\n|-activate|p1b: Urshifu|move: Protect\n|-resisted|p1a: Calyrex\n|-damage|p1a: Calyrex|82/100\n|\n|upkeep\n|turn|2\n|\n|t:|1746135497\n|-terastallize|p2b: Incineroar|Bug\n|move|p1b: Urshifu|Taunt|p2b: Incineroar\n|-start|p2b: Incineroar|move: Taunt\n|move|p1a: Calyrex|Glacial Lance|p2a: Calyrex|[spread] p2a,p2b\n|-resisted|p2a: Calyrex\n|-damage|p2a: Calyrex|83/100\n|-damage|p2b: Incineroar|60/100\n|cant|p2b: Incineroar|move: Taunt|Will-O-Wisp\n|move|p2a: Calyrex|Glacial Lance|p1a: Calyrex|[spread] p1a,p1b\n|-resisted|p1a: Calyrex\n|-resisted|p1b: Urshifu\n|-damage|p1a: Calyrex|63/100\n|-damage|p1b: Urshifu|70/100\n|\n|upkeep\n|turn|3\n|inactive|grampa27 has 30 seconds left.\n|inactive|grampa27 has 20 seconds left.\n|\n|t:|1746135533\n|move|p1a: Calyrex|Protect|p1a: Calyrex\n|-singleturn|p1a: Calyrex|Protect\n|move|p1b: Urshifu|Surging Strikes|p2a: Calyrex\n|-crit|p2a: Calyrex\n|-damage|p2a: Calyrex|70/100\n|-crit|p2a: Calyrex\n|-damage|p2a: Calyrex|58/100\n|-crit|p2a: Calyrex\n|-damage|p2a: Calyrex|46/100\n|-hitcount|p2a: Calyrex|3\n|move|p2b: Incineroar|Knock Off|p1a: Calyrex\n|-activate|p1a: Calyrex|move: Protect\n|move|p2a: Calyrex|Glacial Lance|p1a: Calyrex|[spread] p1b\n|-activate|p1a: Calyrex|move: Protect\n|-resisted|p1b: Urshifu\n|-damage|p1b: Urshifu|40/100\n|\n|upkeep\n|turn|4\n|inactive|grampa27 has 30 seconds left.\n|inactive|mathhews has 30 seconds left.\n|\n|t:|1746135567\n|-terastallize|p1a: Calyrex|Water\n|move|p1b: Urshifu|Surging Strikes|p2a: Calyrex\n|-crit|p2a: Calyrex\n|-damage|p2a: Calyrex|34/100\n|-crit|p2a: Calyrex\n|-damage|p2a: Calyrex|23/100\n|-crit|p2a: Calyrex\n|-damage|p2a: Calyrex|11/100\n|-hitcount|p2a: Calyrex|3\n|move|p1a: Calyrex|Glacial Lance|p2a: Calyrex|[spread] p2a,p2b\n|-resisted|p2a: Calyrex\n|-damage|p2a: Calyrex|0 fnt\n|-damage|p2b: Incineroar|15/100\n|faint|p2a: Calyrex\n|-ability|p1a: Calyrex|Chilling Neigh|boost\n|-boost|p1a: Calyrex|atk|1\n|move|p2b: Incineroar|Knock Off|p1a: Calyrex\n|-crit|p1a: Calyrex\n|-damage|p1a: Calyrex|29/100\n|-enditem|p1a: Calyrex|Clear Amulet|[from] move: Knock Off|[of] p2b: Incineroar\n|\n|-end|p2b: Incineroar|move: Taunt\n|upkeep\n|\n|t:|1746135585\n|switch|p2a: Miraidon|Miraidon, L50|100/100\n|-fieldstart|move: Electric Terrain|[from] ability: Hadron Engine|[of] p2a: Miraidon\n|turn|5\n|\n|t:|1746135593\n|switch|p2b: Farigiraf|Farigiraf, L50, M, shiny|100/100\n|move|p1b: Urshifu|Protect|p1b: Urshifu\n|-singleturn|p1b: Urshifu|Protect\n|move|p2a: Miraidon|Dazzling Gleam|p1a: Calyrex|[spread] p1a\n|-activate|p1b: Urshifu|move: Protect\n|-damage|p1a: Calyrex|0 fnt\n|faint|p1a: Calyrex\n|\n|upkeep\n|\n|t:|1746135605\n|switch|p1a: Whimsicott|Whimsicott, L50, M|100/100\n|turn|6\n|\n|t:|1746135628\n|move|p1a: Whimsicott|Tailwind|p1a: Whimsicott\n|-sidestart|p1: grampa27|move: Tailwind\n|move|p1b: Urshifu|Close Combat|p2a: Miraidon\n|-damage|p2a: Miraidon|64/100\n|-unboost|p1b: Urshifu|def|1\n|-unboost|p1b: Urshifu|spd|1\n|move|p2a: Miraidon|Dazzling Gleam|p1a: Whimsicott|[spread] p1a,p1b\n|-supereffective|p1b: Urshifu\n|-damage|p1a: Whimsicott|35/100\n|-damage|p1b: Urshifu|0 fnt\n|faint|p1b: Urshifu\n|move|p2b: Farigiraf|Trick Room|p2b: Farigiraf\n|-fieldstart|move: Trick Room|[of] p2b: Farigiraf\n|\n|upkeep\n|\n|t:|1746135639\n|switch|p1b: Miraidon|Miraidon, L50|100/100\n|-activate|p1b: Miraidon|ability: Hadron Engine\n|turn|7\n|\n|t:|1746135649\n|move|p2b: Farigiraf|Helping Hand|p2a: Miraidon\n|-singleturn|p2a: Miraidon|Helping Hand|[of] p2b: Farigiraf\n|move|p2a: Miraidon|Dazzling Gleam|p1b: Miraidon|[spread] p1a,p1b\n|-supereffective|p1b: Miraidon\n|-damage|p1a: Whimsicott|0 fnt\n|-damage|p1b: Miraidon|10/100\n|faint|p1a: Whimsicott\n|move|p1b: Miraidon|Dazzling Gleam|p2b: Farigiraf|[spread] p2a,p2b\n|-supereffective|p2a: Miraidon\n|-damage|p2a: Miraidon|13/100\n|-damage|p2b: Farigiraf|68/100\n|\n|upkeep\n|turn|8\n|-message|grampa27 forfeited.\n|\n|win|mathhews\n|raw|grampa27's rating: 1149 &rarr; <strong>1125</strong><br />(-24 for losing)\n|raw|mathhews's rating: 1168 &rarr; <strong>1192</strong><br />(+24 for winning)\n|l|\u2606grampa27\n|player|p1|\n|l|\u2606mathhews\n|player|p2|\n|j|\u2606grampa27\n|player|p1|grampa27|101|\n", "uploadtime": 1746135890, "views": 6, "formatid": "gen9vgc2025regibo3", "rating": 1125, "private": 0, "password": null}