{"id": "gen9vgc2025regibo3-2354556509", "format": "[Gen 9] VGC 2025 Reg I (Bo3)", "players": ["boonanar", "nbapokemon"], "log": "|j|\u2606boonanar\n|j|\u2606nbapokemon\n|html|<table width=\"100%\"><tr><td align=\"left\">boonanar</td><td align=\"right\">nbapokemon</tr><tr><td align=\"left\"><i class=\"fa fa-circle\"></i> <i class=\"fa fa-circle-o\"></i> </td><td align=\"right\"><i class=\"fa fa-circle-o\"></i> <i class=\"fa fa-circle-o\"></i> </tr></table>\n|uhtml|bestof|<h2><strong>Game 2</strong> of <a href=\"/game-bestof3-gen9vgc2025regibo3-2354554935\">a best-of-3</a></h2>\n|t:|1746093827\n|gametype|doubles\n|player|p1|boonanar|veteranf|1107\n|player|p2|nbapokemon|169|1053\n|teamsize|p1|6\n|teamsize|p2|6\n|gen|9\n|tier|[Gen 9] VGC 2025 Reg I (Bo3)\n|rated|\n|rule|Species Clause: Limit one of each Pok\u00e9mon\n|rule|Item Clause: Limit 1 of each item\n|clearpoke\n|poke|p1|Calyrex-Shadow, L50|\n|poke|p1|Indeedee-F, L50, F|\n|poke|p1|Zamazenta-*, L50|\n|poke|p1|Incineroar, L50, M|\n|poke|p1|Urshifu-*, L50, F|\n|poke|p1|Ogerpon-Hearthflame, L50, F|\n|poke|p2|Calyrex-Shadow, L50|\n|poke|p2|Koraidon, L50|\n|poke|p2|Incineroar, L50, M|\n|poke|p2|Tornadus, L50, M|\n|poke|p2|Flutter Mane, L50|\n|poke|p2|Snorlax, L50, M|\n|teampreview|4\n|showteam|p1|Calyrex-Shadow||ChoiceSpecs|AsOneSpectrier|AstralBarrage,ExpandingForce,PollenPuff,ShadowBall||||||50|,,,,,Dark]Indeedee-F||RockyHelmet|PsychicSurge|FollowMe,TrickRoom,Psychic,HelpingHand|||F|||50|,,,,,Fairy]Zamazenta-Crowned||RustedShield|DauntlessShield|behemothbash,BodyPress,Protect,WideGuard||||||50|,,,,,Dragon]Incineroar||SafetyGoggles|Intimidate|WillOWisp,PartingShot,KnockOff,FakeOut|||M|||50|,,,,,Ghost]Urshifu-Rapid-Strike||FocusSash|UnseenFist|Protect,CloseCombat,AquaJet,SurgingStrikes|||F|||50|,,,,,Water]Ogerpon-Hearthflame||HearthflameMask|MoldBreaker|WoodHammer,FollowMe,SpikyShield,IvyCudgel|||F|||50|,,,,,Fire\n|showteam|p2|Calyrex-Shadow||FocusSash|AsOneSpectrier|Protect,AstralBarrage,GigaDrain,NastyPlot||||||50|,,,,,Grass]Koraidon||ClearAmulet|OrichalcumPulse|CollisionCourse,Protect,FlareBlitz,DrainPunch||||||50|,,,,,Fighting]Incineroar||SafetyGoggles|Intimidate|FakeOut,KnockOff,PartingShot,Snarl|||M|||50|,,,,,Fire]Tornadus||CovertCloak|Prankster|Tailwind,BleakwindStorm,SunnyDay,Taunt|||M|||50|,,,,,Ground]Flutter Mane||ChoiceSpecs|Protosynthesis|DazzlingGleam,Moonblast,ShadowBall,MysticalFire||||||50|,,,,,Fairy]Snorlax||Leftovers|ThickFat|HelpingHand,Encore,Curse,BodyPress|||M|||50|,,,,,Ghost\n|inactive|Battle timer is ON: inactive players will automatically lose when time's up. (requested by boonanar)\n|\n|t:|1746093843\n|start\n|switch|p1a: Calyrex|Calyrex-Shadow, L50|100/100\n|switch|p1b: Ogerpon|Ogerpon-Hearthflame, L50, F|100/100\n|switch|p2a: Flutter Mane|Flutter Mane, L50|100/100\n|switch|p2b: Koraidon|Koraidon, L50|100/100\n|-ability|p1a: Calyrex|As One\n|-ability|p1a: Calyrex|Unnerve\n|-weather|SunnyDay|[from] ability: Orichalcum Pulse|[of] p2b: Koraidon\n|-activate|p2a: Flutter Mane|ability: Protosynthesis\n|-start|p2a: Flutter Mane|protosynthesisspa\n|-activate|p2b: Koraidon|Orichalcum Pulse|[source]\n|-ability|p1b: Ogerpon|Mold Breaker\n|turn|1\n|inactive|boonanar has 30 seconds left.\n|inactive|nbapokemon has 30 seconds left.\n|inactive|nbapokemon has 20 seconds left.\n|\n|t:|1746093880\n|-terastallize|p2a: Flutter Mane|Fairy\n|move|p2b: Koraidon|Protect|p2b: Koraidon\n|-singleturn|p2b: Koraidon|Protect\n|move|p1b: Ogerpon|Follow Me|p1b: Ogerpon\n|-singleturn|p1b: Ogerpon|move: Follow Me\n|move|p1a: Calyrex|Expanding Force|p2b: Koraidon\n|-activate|p2b: Koraidon|move: Protect\n|move|p2a: Flutter Mane|Dazzling Gleam|p1a: Calyrex|[spread] p1a,p1b\n|-resisted|p1b: Ogerpon\n|-damage|p1a: Calyrex|3/100\n|-damage|p1b: Ogerpon|51/100\n|\n|-weather|SunnyDay|[upkeep]\n|upkeep\n|turn|2\n|\n|t:|1746093896\n|switch|p2b: Snorlax|Snorlax, L50, M|100/100\n|switch|p1b: Indeedee|Indeedee-F, L50, F|100/100\n|-fieldstart|move: Psychic Terrain|[from] ability: Psychic Surge|[of] p1b: Indeedee\n|move|p1a: Calyrex|Expanding Force|p2a: Flutter Mane|[spread] p2a,p2b\n|-crit|p2a: Flutter Mane\n|-damage|p2a: Flutter Mane|0 fnt\n|-damage|p2b: Snorlax|54/100\n|faint|p2a: Flutter Mane\n|-end|p2a: Flutter Mane|Protosynthesis|[silent]\n|-ability|p1a: Calyrex|Grim Neigh|boost\n|-boost|p1a: Calyrex|spa|1\n|\n|-weather|SunnyDay|[upkeep]\n|-heal|p2b: Snorlax|60/100|[from] item: Leftovers\n|upkeep\n|\n|t:|1746093913\n|switch|p2a: Calyrex|Calyrex-Shadow, L50|100/100\n|-ability|p2a: Calyrex|As One\n|-ability|p2a: Calyrex|Unnerve\n|turn|3\n|\n|t:|1746093927\n|switch|p1a: Ogerpon|Ogerpon-Hearthflame, L50, F|51/100\n|-ability|p1a: Ogerpon|Mold Breaker\n|move|p2a: Calyrex|Giga Drain|p1a: Ogerpon\n|-resisted|p1a: Ogerpon\n|-damage|p1a: Ogerpon|43/100\n|move|p1b: Indeedee|Psychic|p2b: Snorlax\n|-damage|p2b: Snorlax|44/100\n|move|p2b: Snorlax|Curse|p2b: Snorlax\n|-unboost|p2b: Snorlax|spe|1\n|-boost|p2b: Snorlax|atk|1\n|-boost|p2b: Snorlax|def|1\n|\n|-weather|SunnyDay|[upkeep]\n|-heal|p2b: Snorlax|50/100|[from] item: Leftovers\n|upkeep\n|turn|4\n|inactive|nbapokemon has 30 seconds left.\n|inactive|boonanar has 30 seconds left.\n|inactive|nbapokemon has 20 seconds left.\n|\n|t:|1746093966\n|switch|p1b: Zamazenta|Zamazenta-Crowned, L50|100/100\n|-ability|p1b: Zamazenta|Dauntless Shield|boost\n|-boost|p1b: Zamazenta|def|1\n|move|p2a: Calyrex|Giga Drain|p1b: Zamazenta\n|-resisted|p1b: Zamazenta\n|-damage|p1b: Zamazenta|89/100\n|move|p1a: Ogerpon|Ivy Cudgel|p2a: Calyrex|[anim] Ivy Cudgel Fire\n|-enditem|p2a: Calyrex|Focus Sash\n|-damage|p2a: Calyrex|1/100\n|move|p2b: Snorlax|Body Press|p1b: Zamazenta\n|-supereffective|p1b: Zamazenta\n|-damage|p1b: Zamazenta|72/100\n|\n|-weather|SunnyDay|[upkeep]\n|-heal|p2b: Snorlax|56/100|[from] item: Leftovers\n|upkeep\n|turn|5\n|inactive|nbapokemon has 30 seconds left.\n|\n|t:|1746093993\n|move|p2a: Calyrex|Protect|p2a: Calyrex\n|-singleturn|p2a: Calyrex|Protect\n|move|p1b: Zamazenta|Body Press|p2b: Snorlax\n|-supereffective|p2b: Snorlax\n|-damage|p2b: Snorlax|0 fnt\n|faint|p2b: Snorlax\n|move|p1a: Ogerpon|Ivy Cudgel|p2a: Calyrex|[anim] Ivy Cudgel Fire\n|-activate|p2a: Calyrex|move: Protect\n|\n|-weather|none\n|upkeep\n|\n|t:|1746094001\n|switch|p2b: Koraidon|Koraidon, L50|100/100\n|-weather|SunnyDay|[from] ability: Orichalcum Pulse|[of] p2b: Koraidon\n|-activate|p2b: Koraidon|Orichalcum Pulse|[source]\n|turn|6\n|\n|t:|1746094014\n|move|p1a: Ogerpon|Follow Me|p1a: Ogerpon\n|-singleturn|p1a: Ogerpon|move: Follow Me\n|move|p2a: Calyrex|Astral Barrage|p1b: Zamazenta|[spread] p1a,p1b\n|-damage|p1a: Ogerpon|0 fnt\n|-damage|p1b: Zamazenta|30/100\n|faint|p1a: Ogerpon\n|-ability|p2a: Calyrex|Grim Neigh|boost\n|-boost|p2a: Calyrex|spa|1\n|move|p2b: Koraidon|Collision Course|p1b: Zamazenta\n|-supereffective|p1b: Zamazenta\n|-damage|p1b: Zamazenta|0 fnt\n|faint|p1b: Zamazenta\n|\n|-weather|SunnyDay|[upkeep]\n|-fieldend|move: Psychic Terrain\n|upkeep\n|\n|t:|1746094020\n|switch|p1b: Indeedee|Indeedee-F, L50, F|100/100\n|switch|p1a: Calyrex|Calyrex-Shadow, L50|3/100\n|-ability|p1a: Calyrex|As One\n|-ability|p1a: Calyrex|Unnerve\n|-fieldstart|move: Psychic Terrain|[from] ability: Psychic Surge|[of] p1b: Indeedee\n|turn|7\n|\n|t:|1746094038\n|move|p1b: Indeedee|Follow Me|p1b: Indeedee\n|-singleturn|p1b: Indeedee|move: Follow Me\n|move|p2a: Calyrex|Astral Barrage|p1a: Calyrex|[spread] p1a\n|-immune|p1b: Indeedee\n|-supereffective|p1a: Calyrex\n|-damage|p1a: Calyrex|0 fnt\n|faint|p1a: Calyrex\n|-ability|p2a: Calyrex|Grim Neigh|boost\n|-boost|p2a: Calyrex|spa|1\n|move|p2b: Koraidon|Collision Course|p1b: Indeedee\n|-damage|p1b: Indeedee|34/100\n|-damage|p2b: Koraidon|84/100|[from] item: Rocky Helmet|[of] p1b: Indeedee\n|\n|-weather|SunnyDay|[upkeep]\n|upkeep\n|turn|8\n|\n|t:|1746094060\n|move|p2a: Calyrex|Giga Drain|p1b: Indeedee\n|-damage|p1b: Indeedee|0 fnt\n|-heal|p2a: Calyrex|18/100|[from] drain|[of] p1b: Indeedee\n|faint|p1b: Indeedee\n|\n|win|nbapokemon\n||boonanar is ready for game 3.\n||nbapokemon is ready for game 3.\n|uhtml|next|Next: <a href=\"/battle-gen9vgc2025regibo3-2354557793\"><strong>Game 3 of 3</strong></a>\n|l|\u2606nbapokemon\n|player|p2|\n|l|\u2606boonanar\n|player|p1|\n", "uploadtime": 1746094438, "views": 12, "formatid": "gen9vgc2025regibo3", "rating": null, "private": 0, "password": null}