{"id": "gen9vgc2025regibo3-2353723630", "format": "[Gen 9] VGC 2025 Reg I (Bo3)", "players": ["mayorga9099", "Epiphany850"], "log": "|j|\u2606mayorga9099\n|j|\u2606Epiphany850\n|html|<table width=\"100%\"><tr><td align=\"left\">mayorga9099</td><td align=\"right\">Epiphany850</tr><tr><td align=\"left\"><i class=\"fa fa-circle-o\"></i> <i class=\"fa fa-circle-o\"></i> </td><td align=\"right\"><i class=\"fa fa-circle-o\"></i> <i class=\"fa fa-circle-o\"></i> </tr></table>\n|uhtml|bestof|<h2><strong>Game 1</strong> of <a href=\"/game-bestof3-gen9vgc2025regibo3-2353723629\">a best-of-3</a></h2>\n|t:|1745988982\n|gametype|doubles\n|player|p1|mayorga9099|ethan|1100\n|player|p2|Epiphany850|170|1138\n|teamsize|p1|6\n|teamsize|p2|6\n|gen|9\n|tier|[Gen 9] VGC 2025 Reg I (Bo3)\n|rated|\n|rule|Species Clause: Limit one of each Pok\u00e9mon\n|rule|Item Clause: Limit 1 of each item\n|clearpoke\n|poke|p1|Terapagos, L50, M|\n|poke|p1|Ho-Oh, L50|\n|poke|p1|Urshifu-*, L50, M|\n|poke|p1|Rillaboom, L50, F|\n|poke|p1|Toxapex, L50, M|\n|poke|p1|Flutter Mane, L50|\n|poke|p2|Koraidon, L50|\n|poke|p2|Lunala, L50|\n|poke|p2|Raging Bolt, L50|\n|poke|p2|Chi-Yu, L50|\n|poke|p2|Tornadus, L50, M|\n|poke|p2|Brute Bonnet, L50|\n|teampreview|4\n|showteam|p1|Terapagos||Leftovers|TeraShift|TeraStarstorm,EarthPower,Substitute,Protect|||M|||50|,,,,,Stellar]Ho-Oh||SitrusBerry|Regenerator|SacredFire,BraveBird,Tailwind,Protect||||||50|,,,,,Grass]Urshifu||FocusSash|UnseenFist|WickedBlow,CloseCombat,SuckerPunch,Detect|||M|||50|,,,,,Ghost]Rillaboom||AssaultVest|GrassySurge|GrassyGlide,WoodHammer,HighHorsepower,FakeOut|||F|||50|,,,,,Fire]Toxapex||MentalHerb|Regenerator|Infestation,ToxicSpikes,WideGuard,BanefulBunker|||M|||50|,,,,,Poison]Flutter Mane||BoosterEnergy|Protosynthesis|Moonblast,IcyWind,ThunderWave,Protect||||||50|,,,,,Normal\n|showteam|p2|Koraidon||LifeOrb|OrichalcumPulse|FlareBlitz,FlameCharge,CloseCombat,Protect||||||50|,,,,,Fire]Lunala||PowerHerb|ShadowShield|MeteorBeam,WideGuard,MoongeistBeam,TrickRoom||||||50|,,,,,Fairy]Raging Bolt||AssaultVest|Protosynthesis|Thunderclap,Thunderbolt,DracoMeteor,Electroweb||||||50|,,,,,Fairy]Chi-Yu||ChoiceScarf|BeadsofRuin|Overheat,HeatWave,Snarl,DarkPulse||||||50|,,,,,Ghost]Tornadus||SafetyGoggles|Prankster|Tailwind,Taunt,Protect,BleakwindStorm|||M|||50|,,,,,Ghost]Brute Bonnet||CovertCloak|Protosynthesis|Spore,RagePowder,SeedBomb,SuckerPunch||||||50|,,,,,Water\n|inactive|Battle timer is ON: inactive players will automatically lose when time's up. (requested by mayorga9099)\n|inactive|Epiphany850 has 60 seconds left.\n|\n|t:|1745989083\n|start\n|switch|p1a: Terapagos|Terapagos, L50, M|100/100\n|switch|p1b: Toxapex|Toxapex, L50, M|100/100\n|switch|p2a: Tornadus|Tornadus, L50, M|100/100\n|switch|p2b: Chi-Yu|Chi-Yu, L50|100/100\n|-activate|p1a: Terapagos|ability: Tera Shift\n|detailschange|p1a: Terapagos|Terapagos-Terastal, L50, M\n|-heal|p1a: Terapagos|100/100|[silent]\n|-ability|p2b: Chi-Yu|Beads of Ruin\n|turn|1\n|inactive|Epiphany850 has 30 seconds left.\n|inactive|Epiphany850 has 20 seconds left.\n|inactive|Epiphany850 has 15 seconds left.\n|inactive|Epiphany850 has 10 seconds left.\n|\n|t:|1745989128\n|move|p2a: Tornadus|Taunt|p1b: Toxapex\n|-start|p1b: Toxapex|move: Taunt\n|-enditem|p1b: Toxapex|Mental Herb\n|-end|p1b: Toxapex|move: Taunt\n|move|p2b: Chi-Yu|Overheat|p1a: Terapagos\n|-activate|p1a: Terapagos|ability: Tera Shell\n|-resisted|p1a: Terapagos\n|-damage|p1a: Terapagos|52/100\n|-unboost|p2b: Chi-Yu|spa|2\n|move|p1a: Terapagos|Earth Power|p2b: Chi-Yu\n|-supereffective|p2b: Chi-Yu\n|-damage|p2b: Chi-Yu|27/100\n|move|p1b: Toxapex|Toxic Spikes|p2b: Chi-Yu\n|-sidestart|p2: Epiphany850|move: Toxic Spikes\n|\n|-heal|p1a: Terapagos|58/100|[from] item: Leftovers\n|upkeep\n|turn|2\n|inactive|mayorga9099 has 30 seconds left.\n|\n|t:|1745989159\n|switch|p2b: Lunala|Lunala, L50|100/100\n|-status|p2b: Lunala|psn\n|switch|p1b: Ho-Oh|Ho-Oh, L50|100/100\n|move|p1a: Terapagos|Protect|p1a: Terapagos\n|-singleturn|p1a: Terapagos|Protect\n|move|p2a: Tornadus|Taunt|p1b: Ho-Oh\n|-start|p1b: Ho-Oh|move: Taunt\n|\n|-heal|p1a: Terapagos|64/100|[from] item: Leftovers\n|-damage|p2b: Lunala|88/100 psn|[from] psn\n|upkeep\n|turn|3\n|inactive|mayorga9099 has 30 seconds left.\n|inactive|Epiphany850 has 30 seconds left.\n|\n|t:|1745989191\n|switch|p1b: Toxapex|Toxapex, L50, M|100/100\n|-terastallize|p1a: Terapagos|Stellar\n|detailschange|p1a: Terapagos|Terapagos-Stellar, L50, M, tera:Stellar\n|-heal|p1a: Terapagos|74/100|[silent]\n|move|p2a: Tornadus|Taunt|p1a: Terapagos\n|-start|p1a: Terapagos|move: Taunt\n|move|p1a: Terapagos|Tera Starstorm|p2a: Tornadus|[spread] p2a,p2b\n|-crit|p2a: Tornadus\n|-damage|p2a: Tornadus|32/100\n|-damage|p2b: Lunala|58/100 psn\n|move|p2b: Lunala|Meteor Beam||[still]\n|-prepare|p2b: Lunala|Meteor Beam\n|-boost|p2b: Lunala|spa|1\n|-enditem|p2b: Lunala|Power Herb\n|-anim|p2b: Lunala|Meteor Beam|p1b: Toxapex\n|-damage|p1b: Toxapex|42/100\n|\n|-heal|p1a: Terapagos|80/100|[from] item: Leftovers\n|-damage|p2b: Lunala|46/100 psn|[from] psn\n|upkeep\n|turn|4\n|inactive|mayorga9099 has 30 seconds left.\n|inactive|Epiphany850 has 30 seconds left.\n|\n|t:|1745989223\n|switch|p1b: Ho-Oh|Ho-Oh, L50|100/100\n|move|p2a: Tornadus|Tailwind|p2a: Tornadus\n|-sidestart|p2: Epiphany850|move: Tailwind\n|move|p2b: Lunala|Moongeist Beam|p1b: Ho-Oh\n|-damage|p1b: Ho-Oh|48/100\n|-enditem|p1b: Ho-Oh|Sitrus Berry|[eat]\n|-heal|p1b: Ho-Oh|73/100|[from] item: Sitrus Berry\n|move|p1a: Terapagos|Tera Starstorm|p2b: Lunala|[spread] p2a,p2b\n|-crit|p2a: Tornadus\n|-damage|p2a: Tornadus|0 fnt\n|-damage|p2b: Lunala|18/100 psn\n|faint|p2a: Tornadus\n|\n|-heal|p1a: Terapagos|86/100|[from] item: Leftovers\n|-damage|p2b: Lunala|6/100 psn|[from] psn\n|upkeep\n|\n|t:|1745989238\n|switch|p2a: Koraidon|Koraidon, L50|100/100\n|-status|p2a: Koraidon|psn\n|-weather|SunnyDay|[from] ability: Orichalcum Pulse|[of] p2a: Koraidon\n|-activate|p2a: Koraidon|Orichalcum Pulse|[source]\n|turn|5\n|\n|t:|1745989251\n|switch|p1a: Toxapex|Toxapex, L50, M|75/100\n|-terastallize|p2a: Koraidon|Fire\n|move|p1b: Ho-Oh|Protect|p1b: Ho-Oh\n|-singleturn|p1b: Ho-Oh|Protect\n|move|p2a: Koraidon|Flare Blitz|p1a: Toxapex\n|-resisted|p1a: Toxapex\n|-damage|p1a: Toxapex|28/100\n|-damage|p2a: Koraidon|87/100 psn|[from] Recoil\n|-damage|p2a: Koraidon|77/100 psn|[from] item: Life Orb\n|move|p2b: Lunala|Moongeist Beam|p1b: Ho-Oh\n|-activate|p1b: Ho-Oh|move: Protect\n|\n|-weather|SunnyDay|[upkeep]\n|-damage|p2a: Koraidon|65/100 psn|[from] psn\n|-damage|p2b: Lunala|0 fnt|[from] psn\n|faint|p2b: Lunala\n|upkeep\n|\n|t:|1745989271\n|switch|p2b: Chi-Yu|Chi-Yu, L50|27/100\n|-status|p2b: Chi-Yu|psn\n|-ability|p2b: Chi-Yu|Beads of Ruin\n|turn|6\n|inactive|Epiphany850 has 30 seconds left.\n|\n|t:|1745989297\n|move|p1a: Toxapex|Baneful Bunker|p1a: Toxapex\n|-singleturn|p1a: Toxapex|move: Protect\n|move|p2b: Chi-Yu|Heat Wave|p1b: Ho-Oh|[spread] p1b\n|-activate|p1a: Toxapex|move: Protect\n|-resisted|p1b: Ho-Oh\n|-damage|p1b: Ho-Oh|49/100\n|move|p2a: Koraidon|Flare Blitz|p1a: Toxapex\n|-activate|p1a: Toxapex|move: Protect\n|move|p1b: Ho-Oh|Tailwind|p1b: Ho-Oh\n|-sidestart|p1: mayorga9099|move: Tailwind\n|\n|-weather|SunnyDay|[upkeep]\n|-damage|p2b: Chi-Yu|15/100 psn|[from] psn\n|-damage|p2a: Koraidon|52/100 psn|[from] psn\n|upkeep\n|turn|7\n|inactive|mayorga9099 has 30 seconds left.\n|inactive|mayorga9099 has 20 seconds left.\n|\n|t:|1745989333\n|move|p1a: Toxapex|Wide Guard|p1a: Toxapex\n|-singleturn|p1a: Toxapex|Wide Guard\n|move|p2b: Chi-Yu|Heat Wave|p1a: Toxapex|[spread] \n|-activate|p1a: Toxapex|move: Wide Guard\n|-activate|p1b: Ho-Oh|move: Wide Guard\n|move|p2a: Koraidon|Flare Blitz|p1a: Toxapex\n|-resisted|p1a: Toxapex\n|-damage|p1a: Toxapex|0 fnt\n|faint|p1a: Toxapex\n|-damage|p2a: Koraidon|44/100 psn|[from] Recoil\n|-damage|p2a: Koraidon|35/100 psn|[from] item: Life Orb\n|move|p1b: Ho-Oh|Brave Bird|p2a: Koraidon\n|-damage|p2a: Koraidon|0 fnt\n|faint|p2a: Koraidon\n|-damage|p1b: Ho-Oh|40/100|[from] Recoil\n|\n|-weather|SunnyDay|[upkeep]\n|-damage|p2b: Chi-Yu|3/100 psn|[from] psn\n|-sideend|p2: Epiphany850|move: Tailwind\n|upkeep\n|\n|t:|1745989355\n|switch|p1a: Terapagos|Terapagos-Stellar, L50, M, tera:Stellar|86/100\n|turn|8\n|\n|t:|1745989359\n|move|p1a: Terapagos|Protect|p1a: Terapagos\n|-singleturn|p1a: Terapagos|Protect\n|move|p1b: Ho-Oh|Protect|p1b: Ho-Oh\n|-singleturn|p1b: Ho-Oh|Protect\n|move|p2b: Chi-Yu|Heat Wave|p1b: Ho-Oh|[spread] \n|-activate|p1a: Terapagos|move: Protect\n|-activate|p1b: Ho-Oh|move: Protect\n|\n|-weather|SunnyDay|[upkeep]\n|-heal|p1a: Terapagos|92/100|[from] item: Leftovers\n|-damage|p2b: Chi-Yu|0 fnt|[from] psn\n|faint|p2b: Chi-Yu\n|\n|win|mayorga9099\n||mayorga9099 is ready for game 2.\n|inactive|Epiphany850 has 30 seconds to confirm battle start!\n||Epiphany850 is ready for game 2.\n|uhtml|next|Next: <a href=\"/battle-gen9vgc2025regibo3-2353726015\"><strong>Game 2 of 3</strong></a>\n", "uploadtime": 1745989641, "views": 5, "formatid": "gen9vgc2025regibo3", "rating": null, "private": 0, "password": null}