{"id": "gen9vgc2025regibo3-2354556891", "format": "[Gen 9] VGC 2025 Reg I (Bo3)", "players": ["blackkobraVGC", "dixonkr"], "log": "|j|\u2606blackkobraVGC\n|j|\u2606dixonkr\n|html|<table width=\"100%\"><tr><td align=\"left\">blackkobraVGC</td><td align=\"right\">dixonkr</tr><tr><td align=\"left\"><i class=\"fa fa-circle\"></i> <i class=\"fa fa-circle-o\"></i> </td><td align=\"right\"><i class=\"fa fa-circle-o\"></i> <i class=\"fa fa-circle-o\"></i> </tr></table>\n|uhtml|bestof|<h2><strong>Game 2</strong> of <a href=\"/game-bestof3-gen9vgc2025regibo3-2354555078\">a best-of-3</a></h2>\n|t:|1746093899\n|gametype|doubles\n|player|p1|blackkobraVGC|alder|1149\n|player|p2|dixonkr|lady|1240\n|teamsize|p1|6\n|teamsize|p2|6\n|gen|9\n|tier|[Gen 9] VGC 2025 Reg I (Bo3)\n|rated|\n|rule|Species Clause: Limit one of each Pok\u00e9mon\n|rule|Item Clause: Limit 1 of each item\n|clearpoke\n|poke|p1|Ho-Oh, L50|\n|poke|p1|Miraidon, L50|\n|poke|p1|Farigiraf, L50, M|\n|poke|p1|Iron Hands, L50|\n|poke|p1|Urshifu-*, L50, M|\n|poke|p1|Iron Treads, L50|\n|poke|p2|Calyrex-Shadow, L50|\n|poke|p2|Smeargle, L50, M|\n|poke|p2|Zamazenta-*, L50|\n|poke|p2|Rillaboom, L50, F|\n|poke|p2|Ogerpon-Hearthflame, L50, F|\n|poke|p2|Incineroar, L50, M|\n|teampreview|4\n|showteam|p1|Ho-Oh||ClearAmulet|Regenerator|BraveBird,SacredFire,Tailwind,Protect||||||50|,,,,,Grass]Miraidon||ChoiceSpecs|HadronEngine|ElectroDrift,VoltSwitch,DazzlingGleam,DracoMeteor||||||50|,,,,,Fairy]Farigiraf||ElectricSeed|ArmorTail|Psychic,FoulPlay,TrickRoom,HelpingHand|||M|||50|,,,,,Water]Iron Hands||AssaultVest|QuarkDrive|FakeOut,DrainPunch,WildCharge,LowKick||||||50|,,,,,Water]Urshifu||FocusSash|UnseenFist|WickedBlow,CloseCombat,SuckerPunch,Protect|||M|||50|,,,,,Dark]Iron Treads||ChoiceBand|QuarkDrive|HighHorsepower,IronHead,RockSlide,Earthquake||||||50|,,,,,Ghost\n|showteam|p2|Calyrex-Shadow||LifeOrb|AsOneSpectrier|AstralBarrage,Psychic,NastyPlot,Protect||||||50|,,,,,Dark]Smeargle||FocusSash|Moody|FollowMe,Spore,WideGuard,SpikyShield|||M|||50|,,,,,Ghost]Zamazenta-Crowned||RustedShield|DauntlessShield|BodyPress,WideGuard,behemothbash,Protect||||||50|,,,,,Fire]Rillaboom||AssaultVest|GrassySurge|WoodHammer,GrassyGlide,FakeOut,Uturn|||F|||50|,,,,,Fire]Ogerpon-Hearthflame||HearthflameMask|MoldBreaker|IvyCudgel,GrassyGlide,FollowMe,SpikyShield|||F|||50|,,,,,Fire]Incineroar||RockyHelmet|Intimidate|KnockOff,PartingShot,FakeOut,HelpingHand|||M|||50|,,,,,Water\n|inactive|Battle timer is ON: inactive players will automatically lose when time's up. (requested by dixonkr)\n|inactive|dixonkr has 60 seconds left.\n|inactive|dixonkr has 30 seconds left.\n|\n|t:|1746093969\n|start\n|switch|p1a: Iron Hands|Iron Hands, L50|100/100\n|switch|p1b: Urshifu|Urshifu, L50, M|100/100\n|switch|p2a: Smeargle|Smeargle, L50, M|100/100\n|switch|p2b: Calyrex|Calyrex-Shadow, L50|100/100\n|-ability|p2b: Calyrex|As One\n|-ability|p2b: Calyrex|Unnerve\n|turn|1\n|inactive|blackkobraVGC has 30 seconds left.\n|inactive|dixonkr has 30 seconds left.\n|inactive|blackkobraVGC has 20 seconds left.\n|inactive|dixonkr has 20 seconds left.\n|inactive|dixonkr has 15 seconds left.\n|inactive|dixonkr has 10 seconds left.\n|\n|t:|1746094019\n|switch|p2b: Rillaboom|Rillaboom, L50, F|100/100\n|-fieldstart|move: Grassy Terrain|[from] ability: Grassy Surge|[of] p2b: Rillaboom\n|-terastallize|p2a: Smeargle|Ghost\n|move|p1b: Urshifu|Wicked Blow|p2b: Rillaboom\n|-crit|p2b: Rillaboom\n|-damage|p2b: Rillaboom|37/100\n|move|p2a: Smeargle|Spore|p1b: Urshifu\n|-status|p1b: Urshifu|slp|[from] move: Spore\n|move|p1a: Iron Hands|Wild Charge|p2b: Rillaboom\n|-resisted|p2b: Rillaboom\n|-damage|p2b: Rillaboom|13/100\n|-damage|p1a: Iron Hands|96/100|[from] Recoil\n|\n|-heal|p2b: Rillaboom|19/100|[from] Grassy Terrain\n|-heal|p1a: Iron Hands|100/100|[from] Grassy Terrain\n|-ability|p2a: Smeargle|Moody|boost\n|-boost|p2a: Smeargle|spd|2\n|-unboost|p2a: Smeargle|def|1\n|upkeep\n|turn|2\n|inactive|blackkobraVGC has 30 seconds left.\n|inactive|dixonkr has 30 seconds left.\n|inactive|blackkobraVGC has 20 seconds left.\n|inactive|blackkobraVGC has 15 seconds left.\n|\n|t:|1746094062\n|cant|p1b: Urshifu|slp\n|move|p2a: Smeargle|Spore|p1a: Iron Hands\n|-status|p1a: Iron Hands|slp|[from] move: Spore\n|move|p2b: Rillaboom|U-turn|p1b: Urshifu\n|-damage|p1b: Urshifu|79/100 slp\n|\n|t:|1746094070\n|switch|p2b: Calyrex|Calyrex-Shadow, L50|100/100|[from] U-turn\n|-ability|p2b: Calyrex|As One\n|-ability|p2b: Calyrex|Unnerve\n|cant|p1a: Iron Hands|slp\n|\n|-heal|p1b: Urshifu|86/100 slp|[from] Grassy Terrain\n|-ability|p2a: Smeargle|Moody|boost\n|-boost|p2a: Smeargle|spd|2\n|-unboost|p2a: Smeargle|spa|1\n|upkeep\n|turn|3\n|\n|t:|1746094087\n|move|p2a: Smeargle|Follow Me|p2a: Smeargle\n|-singleturn|p2a: Smeargle|move: Follow Me\n|move|p2b: Calyrex|Nasty Plot|p2b: Calyrex\n|-boost|p2b: Calyrex|spa|2\n|-curestatus|p1b: Urshifu|slp|[msg]\n|move|p1b: Urshifu|Wicked Blow|p2a: Smeargle\n|-supereffective|p2a: Smeargle\n|-crit|p2a: Smeargle\n|-enditem|p2a: Smeargle|Focus Sash\n|-damage|p2a: Smeargle|1/100\n|cant|p1a: Iron Hands|slp\n|\n|-heal|p1b: Urshifu|92/100|[from] Grassy Terrain\n|-heal|p2a: Smeargle|7/100|[from] Grassy Terrain\n|-ability|p2a: Smeargle|Moody|boost\n|-boost|p2a: Smeargle|spe|2\n|-unboost|p2a: Smeargle|atk|1\n|upkeep\n|turn|4\n|inactive|dixonkr has 30 seconds left.\n|\n|t:|1746094117\n|-end|p1a: Iron Hands|Quark Drive|[silent]\n|switch|p1a: Farigiraf|Farigiraf, L50, M|100/100\n|move|p1b: Urshifu|Protect|p1b: Urshifu\n|-singleturn|p1b: Urshifu|Protect\n|move|p2a: Smeargle|Follow Me|p2a: Smeargle\n|-singleturn|p2a: Smeargle|move: Follow Me\n|move|p2b: Calyrex|Astral Barrage|p1b: Urshifu|[spread] \n|-activate|p1b: Urshifu|move: Protect\n|-immune|p1a: Farigiraf\n|\n|-heal|p2a: Smeargle|13/100|[from] Grassy Terrain\n|-heal|p1b: Urshifu|98/100|[from] Grassy Terrain\n|-ability|p2a: Smeargle|Moody|boost\n|-boost|p2a: Smeargle|spe|2\n|-unboost|p2a: Smeargle|spa|1\n|upkeep\n|turn|5\n|inactive|blackkobraVGC has 30 seconds left.\n|inactive|dixonkr has 30 seconds left.\n|inactive|blackkobraVGC has 20 seconds left.\n|inactive|dixonkr has 20 seconds left.\n|inactive|blackkobraVGC has 15 seconds left.\n|inactive|dixonkr has 15 seconds left.\n|inactive|dixonkr has 10 seconds left.\n|\n|t:|1746094163\n|move|p2a: Smeargle|Follow Me|p2a: Smeargle\n|-singleturn|p2a: Smeargle|move: Follow Me\n|move|p1b: Urshifu|Sucker Punch||[still]\n|-fail|p1b: Urshifu\n|move|p2b: Calyrex|Astral Barrage|p1b: Urshifu|[spread] p1b\n|-immune|p1a: Farigiraf\n|-resisted|p1b: Urshifu\n|-damage|p1b: Urshifu|0 fnt\n|faint|p1b: Urshifu\n|-ability|p2b: Calyrex|Grim Neigh|boost\n|-boost|p2b: Calyrex|spa|1\n|-damage|p2b: Calyrex|91/100|[from] item: Life Orb\n|move|p1a: Farigiraf|Trick Room|p1a: Farigiraf\n|-fieldstart|move: Trick Room|[of] p1a: Farigiraf\n|\n|-heal|p2b: Calyrex|97/100|[from] Grassy Terrain\n|-heal|p2a: Smeargle|19/100|[from] Grassy Terrain\n|-fieldend|move: Grassy Terrain\n|-ability|p2a: Smeargle|Moody|boost\n|-boost|p2a: Smeargle|atk|2\n|-unboost|p2a: Smeargle|spa|1\n|upkeep\n|\n|t:|1746094175\n|switch|p1b: Miraidon|Miraidon, L50|100/100\n|-fieldstart|move: Electric Terrain|[from] ability: Hadron Engine|[of] p1b: Miraidon\n|-enditem|p1a: Farigiraf|Electric Seed\n|-boost|p1a: Farigiraf|def|1|[from] item: Electric Seed\n|turn|6\n|\n|t:|1746094191\n|move|p2b: Calyrex|Protect|p2b: Calyrex\n|-singleturn|p2b: Calyrex|Protect\n|move|p2a: Smeargle|Spiky Shield|p2a: Smeargle\n|-singleturn|p2a: Smeargle|move: Protect\n|move|p1a: Farigiraf|Foul Play|p2b: Calyrex\n|-activate|p2b: Calyrex|move: Protect\n|move|p1b: Miraidon|Volt Switch|p2a: Smeargle\n|-activate|p2a: Smeargle|move: Protect\n|\n|-ability|p2a: Smeargle|Moody|boost\n|-boost|p2a: Smeargle|def|2\n|-unboost|p2a: Smeargle|spe|1\n|upkeep\n|turn|7\n|inactive|dixonkr has 30 seconds left.\n|inactive|blackkobraVGC has 30 seconds left.\n|inactive|dixonkr has 20 seconds left.\n|inactive|dixonkr has 15 seconds left.\n|inactive|dixonkr has 10 seconds left.\n|inactive|dixonkr has 5 seconds left.\n|\n|t:|1746094246\n|move|p2a: Smeargle|Follow Me|p2a: Smeargle\n|-singleturn|p2a: Smeargle|move: Follow Me\n|move|p1a: Farigiraf|Foul Play|p2a: Smeargle\n|-supereffective|p2a: Smeargle\n|-damage|p2a: Smeargle|3/100\n|move|p1b: Miraidon|Volt Switch|p2a: Smeargle\n|-damage|p2a: Smeargle|0 fnt\n|faint|p2a: Smeargle\n|\n|t:|1746094254\n|switch|p1b: Iron Hands|Iron Hands, L50|100/100 slp|[from] Volt Switch\n|-activate|p1b: Iron Hands|ability: Quark Drive\n|-start|p1b: Iron Hands|quarkdriveatk\n|move|p2b: Calyrex|Astral Barrage|p1b: Iron Hands|[spread] p1b\n|-immune|p1a: Farigiraf\n|-damage|p1b: Iron Hands|0 fnt\n|faint|p1b: Iron Hands\n|-end|p1b: Iron Hands|Quark Drive|[silent]\n|-ability|p2b: Calyrex|Grim Neigh|boost\n|-boost|p2b: Calyrex|spa|1\n|-damage|p2b: Calyrex|88/100|[from] item: Life Orb\n|\n|upkeep\n|inactive|dixonkr has 30 seconds left.\n|\n|t:|1746094282\n|switch|p1b: Miraidon|Miraidon, L50|100/100\n|switch|p2a: Ogerpon|Ogerpon-Hearthflame, L50, F|100/100\n|-ability|p2a: Ogerpon|Mold Breaker\n|-activate|p1b: Miraidon|ability: Hadron Engine\n|turn|8\n|\n|t:|1746094305\n|switch|p2a: Rillaboom|Rillaboom, L50, F|19/100\n|-fieldstart|move: Grassy Terrain|[from] ability: Grassy Surge|[of] p2a: Rillaboom\n|-terastallize|p1b: Miraidon|Fairy\n|move|p1a: Farigiraf|Helping Hand|p1b: Miraidon\n|-singleturn|p1b: Miraidon|Helping Hand|[of] p1a: Farigiraf\n|move|p2b: Calyrex|Protect|p2b: Calyrex\n|-singleturn|p2b: Calyrex|Protect\n|move|p1b: Miraidon|Dazzling Gleam|p2a: Rillaboom|[spread] p2a\n|-activate|p2b: Calyrex|move: Protect\n|-damage|p2a: Rillaboom|0 fnt\n|faint|p2a: Rillaboom\n|\n|-heal|p2b: Calyrex|94/100|[from] Grassy Terrain\n|upkeep\n|\n|t:|1746094323\n|switch|p2a: Ogerpon|Ogerpon-Hearthflame, L50, F|100/100\n|-ability|p2a: Ogerpon|Mold Breaker\n|turn|9\n|inactive|dixonkr has 30 seconds left.\n|inactive|dixonkr has 20 seconds left.\n|\n|t:|1746094359\n|move|p1a: Farigiraf|Helping Hand|p1b: Miraidon\n|-singleturn|p1b: Miraidon|Helping Hand|[of] p1a: Farigiraf\n|move|p2b: Calyrex|Protect||[still]\n|-fail|p2b: Calyrex\n|move|p2a: Ogerpon|Ivy Cudgel|p1b: Miraidon|[anim] Ivy Cudgel Fire\n|-damage|p1b: Miraidon|48/100\n|move|p1b: Miraidon|Dazzling Gleam|p2b: Calyrex|[spread] p2a,p2b\n|-resisted|p2a: Ogerpon\n|-damage|p2a: Ogerpon|67/100\n|-damage|p2b: Calyrex|19/100\n|\n|-heal|p2a: Ogerpon|73/100|[from] Grassy Terrain\n|-heal|p1b: Miraidon|54/100|[from] Grassy Terrain\n|-heal|p2b: Calyrex|26/100|[from] Grassy Terrain\n|-fieldend|move: Trick Room\n|upkeep\n|turn|10\n|inactive|blackkobraVGC has 30 seconds left.\n|inactive|dixonkr has 30 seconds left.\n|inactive|blackkobraVGC has 20 seconds left.\n|inactive|blackkobraVGC has 15 seconds left.\n|inactive|blackkobraVGC has 10 seconds left.\n|inactive|blackkobraVGC has 5 seconds left.\n|inactive|dixonkr has 20 seconds left.\n|inactive|dixonkr has 15 seconds left.\n|inactive|dixonkr has 10 seconds left.\n|\n|t:|1746094429\n|move|p2b: Calyrex|Astral Barrage|p1a: Farigiraf|[spread] p1b\n|-immune|p1a: Farigiraf\n|-damage|p1b: Miraidon|0 fnt\n|faint|p1b: Miraidon\n|-ability|p2b: Calyrex|Grim Neigh|boost\n|-boost|p2b: Calyrex|spa|1\n|-damage|p2b: Calyrex|16/100|[from] item: Life Orb\n|move|p2a: Ogerpon|Ivy Cudgel|p1a: Farigiraf|[anim] Ivy Cudgel Fire\n|-damage|p1a: Farigiraf|73/100\n|move|p1a: Farigiraf|Trick Room|p1a: Farigiraf\n|-fieldstart|move: Trick Room|[of] p1a: Farigiraf\n|\n|-heal|p1a: Farigiraf|80/100|[from] Grassy Terrain\n|-heal|p2a: Ogerpon|79/100|[from] Grassy Terrain\n|-heal|p2b: Calyrex|22/100|[from] Grassy Terrain\n|upkeep\n|turn|11\n|inactive|dixonkr has 30 seconds left.\n|\n|t:|1746094452\n|move|p2a: Ogerpon|Follow Me|p2a: Ogerpon\n|-singleturn|p2a: Ogerpon|move: Follow Me\n|move|p1a: Farigiraf|Psychic|p2a: Ogerpon\n|-damage|p2a: Ogerpon|46/100\n|move|p2b: Calyrex|Psychic|p1a: Farigiraf\n|-resisted|p1a: Farigiraf\n|-damage|p1a: Farigiraf|0 fnt\n|faint|p1a: Farigiraf\n|-damage|p2b: Calyrex|13/100|[from] item: Life Orb\n|\n|win|dixonkr\n|inactive|dixonkr has 30 seconds left this turn.\n||dixonkr is ready for game 3.\n|inactive|blackkobraVGC has 30 seconds to confirm battle start!\n|inactive|blackkobraVGC has 20 seconds to confirm battle start!\n||blackkobraVGC is ready for game 3.\n|uhtml|next|Next: <a href=\"/battle-gen9vgc2025regibo3-2354559971\"><strong>Game 3 of 3</strong></a>\n", "uploadtime": 1746094749, "views": 12, "formatid": "gen9vgc2025regibo3", "rating": null, "private": 0, "password": null}