{"id": "gen9vgc2025regibo3-2353586462", "format": "[Gen 9] VGC 2025 Reg I (Bo3)", "players": ["zozordy", "miraidons the goat"], "log": "|j|\u2606zozordy\n|j|\u2606miraidons the goat\n|html|<table width=\"100%\"><tr><td align=\"left\">zozordy</td><td align=\"right\">miraidons the goat</tr><tr><td align=\"left\"><i class=\"fa fa-circle-o\"></i> <i class=\"fa fa-circle-o\"></i> </td><td align=\"right\"><i class=\"fa fa-circle-o\"></i> <i class=\"fa fa-circle-o\"></i> </tr></table>\n|uhtml|bestof|<h2><strong>Game 1</strong> of <a href=\"/game-bestof3-gen9vgc2025regibo3-2353586461\">a best-of-3</a></h2>\n|t:|1745971433\n|gametype|doubles\n|player|p1|zozordy|cyclistf|\n|player|p2|miraidons the goat|lillie-masters|\n|teamsize|p1|6\n|teamsize|p2|6\n|gen|9\n|tier|[Gen 9] VGC 2025 Reg I (Bo3)\n|rule|Species Clause: Limit one of each Pok\u00e9mon\n|rule|Item Clause: Limit 1 of each item\n|clearpoke\n|poke|p1|Calyrex-Shadow, L50|\n|poke|p1|Zamazenta-*, L50|\n|poke|p1|Incineroar, L50, M|\n|poke|p1|Rillaboom, L50, F|\n|poke|p1|Tornadus, L50, M|\n|poke|p1|Urshifu-*, L50, F|\n|poke|p2|Calyrex-Shadow, L50|\n|poke|p2|Koraidon, L50|\n|poke|p2|Chi-Yu, L50|\n|poke|p2|Indeedee-F, L50, F|\n|poke|p2|Whimsicott, L50, F|\n|poke|p2|Ditto, L50|\n|teampreview|4\n|showteam|p1|Calyrex-Shadow||LifeOrb|AsOneSpectrier|AstralBarrage,Psychic,NastyPlot,Protect||||||50|,,,,,Dark]Zamazenta-Crowned||RustedShield|DauntlessShield|BodyPress,WideGuard,behemothbash,Protect||||||50|,,,,,Dragon]Incineroar||RockyHelmet|Intimidate|FakeOut,HelpingHand,KnockOff,PartingShot|||M|||50|,,,,,Ghost]Rillaboom||AssaultVest|GrassySurge|FakeOut,WoodHammer,GrassyGlide,Uturn|||F|||50|,,,,,Fire]Tornadus||CovertCloak|Prankster|BleakwindStorm,Taunt,Tailwind,RainDance|||M|||50|,,,,,Dark]Urshifu-Rapid-Strike||ChoiceScarf|UnseenFist|SurgingStrikes,Uturn,CloseCombat,AquaJet|||F|||50|,,,,,Water\n|showteam|p2|Calyrex-Shadow||ChoiceSpecs|AsOneSpectrier|AstralBarrage,ExpandingForce,PollenPuff,Psyshock||||||50|,,,,,Dark]Koraidon||LifeOrb|OrichalcumPulse|CloseCombat,FlareBlitz,DragonClaw,Protect||||||50|,,,,,Fire]Chi-Yu||ChoiceScarf|BeadsofRuin|Snarl,DarkPulse,HeatWave,Overheat||||||50|,,,,,Fire]Indeedee-F||PsychicSeed|PsychicSurge|FollowMe,TrickRoom,HelpingHand,ShadowBall|||F|||50|,,,,,Steel]Whimsicott||CovertCloak|Prankster|Tailwind,Encore,Moonblast,SunnyDay|||F|||50|,,,,,Dark]Ditto||FocusSash|Imposter|Transform||||||50|,,,,,Ghost\n|c|\u2606miraidons the goat|wow 2 fake outs\n|c|\u2606zozordy|Me who rread a 19 page long scrpt abt incin\n|c|\u2606miraidons the goat|same\n|c|\u2606miraidons the goat|incin just isn't my playstle\n|\n|t:|1745971597\n|start\n|switch|p1a: Rillaboom|Rillaboom, L50, F|100/100\n|switch|p1b: Incineroar|Incineroar, L50, M|100/100\n|switch|p2a: fat|Indeedee-F, L50, F, shiny|100/100\n|switch|p2b: mental trauma|Calyrex-Shadow, L50|100/100\n|-ability|p2b: mental trauma|As One\n|-ability|p2b: mental trauma|Unnerve\n|-fieldstart|move: Grassy Terrain|[from] ability: Grassy Surge|[of] p1a: Rillaboom\n|-fieldstart|move: Psychic Terrain|[from] ability: Psychic Surge|[of] p2a: fat\n|-enditem|p2a: fat|Psychic Seed\n|-boost|p2a: fat|spd|1|[from] item: Psychic Seed\n|-ability|p1b: Incineroar|Intimidate|boost\n|-unboost|p2a: fat|atk|1\n|-unboost|p2b: mental trauma|atk|1\n|turn|1\n|\n|t:|1745971691\n|move|p2a: fat|Follow Me|p2a: fat\n|-singleturn|p2a: fat|move: Follow Me\n|move|p2b: mental trauma|Astral Barrage|p1b: Incineroar|[spread] p1a,p1b\n|-resisted|p1b: Incineroar\n|-damage|p1a: Rillaboom|37/100\n|-damage|p1b: Incineroar|61/100\n|move|p1a: Rillaboom|U-turn|p2a: fat\n|-supereffective|p2a: fat\n|-damage|p2a: fat|53/100\n|\n|t:|1745971707\n|switch|p1a: Calyrex|Calyrex-Shadow, L50|100/100|[from] U-turn\n|-ability|p1a: Calyrex|As One\n|-ability|p1a: Calyrex|Unnerve\n|move|p1b: Incineroar|Parting Shot|p2a: fat\n|-unboost|p2a: fat|atk|1\n|-unboost|p2a: fat|spa|1\n|\n|t:|1745971718\n|switch|p1b: Zamazenta|Zamazenta-Crowned, L50|100/100|[from] Parting Shot\n|-ability|p1b: Zamazenta|Dauntless Shield|boost\n|-boost|p1b: Zamazenta|def|1\n|\n|upkeep\n|turn|2\n|\n|t:|1745971761\n|-terastallize|p2b: mental trauma|Dark\n|move|p1b: Zamazenta|Wide Guard|p1b: Zamazenta\n|-singleturn|p1b: Zamazenta|Wide Guard\n|move|p2b: mental trauma|Astral Barrage|p1a: Calyrex|[spread] \n|-activate|p1a: Calyrex|move: Wide Guard\n|-activate|p1b: Zamazenta|move: Wide Guard\n|move|p1a: Calyrex|Astral Barrage|p2b: mental trauma|[spread] p2b\n|-immune|p2a: fat\n|-resisted|p2b: mental trauma\n|-damage|p2b: mental trauma|65/100\n|-damage|p1a: Calyrex|91/100|[from] item: Life Orb\n|move|p2a: fat|Shadow Ball|p1a: Calyrex\n|-supereffective|p1a: Calyrex\n|-damage|p1a: Calyrex|40/100\n|\n|upkeep\n|turn|3\n|\n|t:|1745971788\n|-terastallize|p1a: Calyrex|Dark\n|move|p1b: Zamazenta|Wide Guard|p1b: Zamazenta\n|-singleturn|p1b: Zamazenta|Wide Guard\n|move|p2a: fat|Follow Me|p2a: fat\n|-singleturn|p2a: fat|move: Follow Me\n|move|p1a: Calyrex|Psychic|p2a: fat\n|-resisted|p2a: fat\n|-damage|p2a: fat|29/100\n|-unboost|p2a: fat|spd|1\n|-damage|p1a: Calyrex|30/100|[from] item: Life Orb\n|move|p2b: mental trauma|Astral Barrage|p1a: Calyrex|[spread] \n|-activate|p1a: Calyrex|move: Wide Guard\n|-activate|p1b: Zamazenta|move: Wide Guard\n|\n|upkeep\n|turn|4\n|\n|t:|1745971821\n|move|p1a: Calyrex|Nasty Plot|p1a: Calyrex\n|-boost|p1a: Calyrex|spa|2\n|move|p2b: mental trauma|Astral Barrage|p1a: Calyrex|[spread] p1a,p1b\n|-resisted|p1a: Calyrex\n|-damage|p1a: Calyrex|0 fnt\n|-damage|p1b: Zamazenta|36/100\n|faint|p1a: Calyrex\n|-ability|p2b: mental trauma|Grim Neigh|boost\n|-boost|p2b: mental trauma|spa|1\n|move|p1b: Zamazenta|Behemoth Bash|p2b: mental trauma\n|-damage|p2b: mental trauma|16/100\n|move|p2a: fat|Shadow Ball|p1b: Zamazenta\n|-damage|p1b: Zamazenta|26/100\n|\n|upkeep\n|\n|t:|1745971873\n|switch|p1a: Incineroar|Incineroar, L50, M|61/100\n|-ability|p1a: Incineroar|Intimidate|boost\n|-unboost|p2a: fat|atk|1\n|-unboost|p2b: mental trauma|atk|1\n|turn|5\n|\n|t:|1745971914\n|move|p1a: Incineroar|Helping Hand|p1b: Zamazenta\n|-singleturn|p1b: Zamazenta|Helping Hand|[of] p1a: Incineroar\n|move|p2a: fat|Follow Me|p2a: fat\n|-singleturn|p2a: fat|move: Follow Me\n|move|p2b: mental trauma|Astral Barrage|p1b: Zamazenta|[spread] p1a,p1b\n|-resisted|p1a: Incineroar\n|-damage|p1a: Incineroar|5/100\n|-damage|p1b: Zamazenta|0 fnt\n|faint|p1b: Zamazenta\n|-ability|p2b: mental trauma|Grim Neigh|boost\n|-boost|p2b: mental trauma|spa|1\n|\n|-fieldend|move: Psychic Terrain\n|upkeep\n|\n|t:|1745971928\n|switch|p1b: Rillaboom|Rillaboom, L50, F|37/100\n|-fieldstart|move: Grassy Terrain|[from] ability: Grassy Surge|[of] p1b: Rillaboom\n|turn|6\n|\n|t:|1745972006\n|move|p2a: fat|Follow Me|p2a: fat\n|-singleturn|p2a: fat|move: Follow Me\n|move|p1b: Rillaboom|Grassy Glide|p2a: fat\n|-damage|p2a: fat|0 fnt\n|faint|p2a: fat\n|move|p2b: mental trauma|Astral Barrage|p1b: Rillaboom|[spread] p1a,p1b\n|-resisted|p1a: Incineroar\n|-damage|p1a: Incineroar|0 fnt\n|-damage|p1b: Rillaboom|0 fnt\n|faint|p1a: Incineroar\n|faint|p1b: Rillaboom\n|\n|win|miraidons the goat\n|inactive|zozordy has 30 seconds to confirm battle start!\n|inactive|miraidons the goat has 30 seconds to confirm battle start!\n||zozordy is ready for game 2.\n||miraidons the goat is ready for game 2.\n|uhtml|next|Next: <a href=\"/battle-gen9vgc2025regibo3-2353591497\"><strong>Game 2 of 3</strong></a>\n", "uploadtime": 1745972014, "views": 17, "formatid": "gen9vgc2025regibo3", "rating": null, "private": 0, "password": null}