{"id": "gen9vgc2025regibo3-2353653973", "format": "[Gen 9] VGC 2025 Reg I (Bo3)", "players": ["puli95", "owex22"], "log": "|j|\u2606puli95\n|j|\u2606owex22\n|html|<table width=\"100%\"><tr><td align=\"left\">puli95</td><td align=\"right\">owex22</tr><tr><td align=\"left\"><i class=\"fa fa-circle-o\"></i> <i class=\"fa fa-circle-o\"></i> </td><td align=\"right\"><i class=\"fa fa-circle-o\"></i> <i class=\"fa fa-circle\"></i> </tr></table>\n|uhtml|bestof|<h2><strong>Game 2</strong> of <a href=\"/game-bestof3-gen9vgc2025regibo3-2353652471\">a best-of-3</a></h2>\n|t:|1745979468\n|gametype|doubles\n|player|p1|puli95|101|1143\n|player|p2|owex22|265|1142\n|teamsize|p1|6\n|teamsize|p2|6\n|gen|9\n|tier|[Gen 9] VGC 2025 Reg I (Bo3)\n|rated|\n|rule|Species Clause: Limit one of each Pok\u00e9mon\n|rule|Item Clause: Limit 1 of each item\n|clearpoke\n|poke|p1|Lunala, L50|\n|poke|p1|Amoonguss, L50, F|\n|poke|p1|Koraidon, L50|\n|poke|p1|Indeedee-F, L50, F|\n|poke|p1|Iron Hands, L50|\n|poke|p1|Chien-Pao, L50|\n|poke|p2|Groudon, L50|\n|poke|p2|Miraidon, L50|\n|poke|p2|Brute Bonnet, L50|\n|poke|p2|Hitmontop, L50, M|\n|poke|p2|Tornadus, L50, M|\n|poke|p2|Iron Crown, L50|\n|teampreview|4\n|showteam|p1|Lunala||PowerHerb|ShadowShield|MoongeistBeam,MeteorBeam,Hypnosis,Protect||||||50|,,,,,Fairy]Amoonguss||CovertCloak|EffectSpore|SludgeBomb,RagePowder,Spore,Protect|||F|||50|,,,,,Fairy]Koraidon||ClearAmulet|OrichalcumPulse|CloseCombat,FlareBlitz,FlameCharge,Protect||||||50|,,,,,Fire]Indeedee-F||RockyHelmet|PsychicSurge|AlluringVoice,FollowMe,TrickRoom,HelpingHand|||F|||50|,,,,,Fire]Iron Hands||AssaultVest|QuarkDrive|DrainPunch,WildCharge,FakeOut,LowKick||||||50|,,,,,Water]Chien-Pao||FocusSash|SwordofRuin|IcicleCrash,ThroatChop,SuckerPunch,Protect||||||50|,,,,,Ghost\n|showteam|p2|Groudon||ClearAmulet|Drought|PrecipiceBlades,HeatCrash,SwordsDance,Protect||||||50|,,,,,Water]Miraidon||ChoiceScarf|HadronEngine|DracoMeteor,ElectroDrift,VoltSwitch,DazzlingGleam||||||50|,,,,,Fairy]Brute Bonnet||CovertCloak|Protosynthesis|RagePowder,SuckerPunch,Crunch,Taunt||||||50|,,,,,Water]Hitmontop||SafetyGoggles|Intimidate|FakeOut,WideGuard,Coaching,CloseCombat|||M|||50|,,,,,Steel]Tornadus||FocusSash|Prankster|Tailwind,BleakwindStorm,NastyPlot,WeatherBall|||M|||50|,,,,,Ghost]Iron Crown||ChoiceSpecs|QuarkDrive|TachyonCutter,Psyshock,FocusBlast,VoltSwitch||||||50|,,,,,Steel\n|inactive|Battle timer is ON: inactive players will automatically lose when time's up. (requested by owex22)\n|\n|t:|1745979493\n|start\n|switch|p1a: Chien-Pao|Chien-Pao, L50|100/100\n|switch|p1b: Iron Hands|Iron Hands, L50|100/100\n|switch|p2a: Tornadus|Tornadus, L50, M|100/100\n|switch|p2b: Groudon|Groudon, L50|100/100\n|-ability|p1a: Chien-Pao|Sword of Ruin\n|-weather|SunnyDay|[from] ability: Drought|[of] p2b: Groudon\n|turn|1\n|inactive|owex22 has 30 seconds left.\n|\n|t:|1745979525\n|move|p2b: Groudon|Protect|p2b: Groudon\n|-singleturn|p2b: Groudon|Protect\n|move|p1b: Iron Hands|Fake Out|p2b: Groudon\n|-activate|p2b: Groudon|move: Protect\n|move|p2a: Tornadus|Tailwind|p2a: Tornadus\n|-sidestart|p2: owex22|move: Tailwind\n|move|p1a: Chien-Pao|Icicle Crash|p2a: Tornadus\n|-supereffective|p2a: Tornadus\n|-enditem|p2a: Tornadus|Focus Sash\n|-damage|p2a: Tornadus|1/100\n|\n|-weather|SunnyDay|[upkeep]\n|upkeep\n|turn|2\n|\n|t:|1745979545\n|-terastallize|p1b: Iron Hands|Water\n|move|p2a: Tornadus|Tailwind||[still]\n|-fail|p2a: Tornadus\n|move|p2b: Groudon|Precipice Blades|p1b: Iron Hands|[spread] p1a,p1b\n|-damage|p1a: Chien-Pao|16/100\n|-damage|p1b: Iron Hands|49/100\n|move|p1a: Chien-Pao|Icicle Crash|p2b: Groudon\n|-supereffective|p2b: Groudon\n|-damage|p2b: Groudon|27/100\n|move|p1b: Iron Hands|Drain Punch|p2b: Groudon\n|-damage|p2b: Groudon|0 fnt\n|-heal|p1b: Iron Hands|59/100|[from] drain|[of] p2b: Groudon\n|faint|p2b: Groudon\n|\n|-weather|SunnyDay|[upkeep]\n|upkeep\n|\n|t:|1745979558\n|switch|p2b: Miraidon|Miraidon, L50|100/100\n|-fieldstart|move: Electric Terrain|[from] ability: Hadron Engine|[of] p2b: Miraidon\n|-activate|p1b: Iron Hands|ability: Quark Drive\n|-start|p1b: Iron Hands|quarkdriveatk\n|turn|3\n|\n|t:|1745979572\n|-end|p1b: Iron Hands|Quark Drive|[silent]\n|switch|p1b: Amoonguss|Amoonguss, L50, F|100/100\n|move|p1a: Chien-Pao|Sucker Punch|p2b: Miraidon\n|-damage|p2b: Miraidon|49/100\n|move|p2b: Miraidon|Volt Switch|p1b: Amoonguss\n|-resisted|p1b: Amoonguss\n|-damage|p1b: Amoonguss|76/100\n|\n|t:|1745979579\n|switch|p2b: Iron Crown|Iron Crown, L50|100/100|[from] Volt Switch\n|-activate|p2b: Iron Crown|ability: Quark Drive\n|-start|p2b: Iron Crown|quarkdrivespe\n|move|p2a: Tornadus|Weather Ball|p1a: Chien-Pao\n|-supereffective|p1a: Chien-Pao\n|-damage|p1a: Chien-Pao|0 fnt\n|faint|p1a: Chien-Pao\n|\n|-weather|SunnyDay|[upkeep]\n|upkeep\n|\n|t:|1745979591\n|switch|p1a: Koraidon|Koraidon, L50|100/100\n|-activate|p1a: Koraidon|ability: Orichalcum Pulse\n|turn|4\n|\n|t:|1745979610\n|move|p1b: Amoonguss|Rage Powder|p1b: Amoonguss\n|-singleturn|p1b: Amoonguss|move: Rage Powder\n|move|p2b: Iron Crown|Tachyon Cutter|p1b: Amoonguss\n|-damage|p1b: Amoonguss|50/100\n|-damage|p1b: Amoonguss|24/100\n|-hitcount|p1b: Amoonguss|2\n|move|p2a: Tornadus|Bleakwind Storm|p1b: Amoonguss|[spread] p1b\n|-miss|p2a: Tornadus|p1a: Koraidon\n|-supereffective|p1b: Amoonguss\n|-damage|p1b: Amoonguss|0 fnt\n|faint|p1b: Amoonguss\n|move|p1a: Koraidon|Flame Charge|p2a: Tornadus\n|-damage|p2a: Tornadus|0 fnt\n|-boost|p1a: Koraidon|spe|1\n|faint|p2a: Tornadus\n|\n|-weather|SunnyDay|[upkeep]\n|-sideend|p2: owex22|move: Tailwind\n|upkeep\n|\n|t:|1745979626\n|switch|p2a: Miraidon|Miraidon, L50|49/100\n|switch|p1b: Iron Hands|Iron Hands, L50, tera:Water|59/100\n|-activate|p2a: Miraidon|ability: Hadron Engine\n|-activate|p1b: Iron Hands|ability: Quark Drive\n|-start|p1b: Iron Hands|quarkdriveatk\n|turn|5\n|\n|t:|1745979650\n|-terastallize|p2b: Iron Crown|Steel\n|move|p1b: Iron Hands|Fake Out|p2b: Iron Crown\n|-resisted|p2b: Iron Crown\n|-damage|p2b: Iron Crown|90/100\n|move|p2a: Miraidon|Electro Drift|p1a: Koraidon\n|-resisted|p1a: Koraidon\n|-damage|p1a: Koraidon|57/100\n|move|p1a: Koraidon|Close Combat|p2a: Miraidon\n|-damage|p2a: Miraidon|0 fnt\n|-unboost|p1a: Koraidon|def|1\n|-unboost|p1a: Koraidon|spd|1\n|faint|p2a: Miraidon\n|cant|p2b: Iron Crown|flinch\n|\n|-weather|none\n|upkeep\n|turn|6\n|\n|t:|1745979672\n|move|p1a: Koraidon|Close Combat|p2b: Iron Crown\n|-supereffective|p2b: Iron Crown\n|-crit|p2b: Iron Crown\n|-damage|p2b: Iron Crown|0 fnt\n|-unboost|p1a: Koraidon|def|1\n|-unboost|p1a: Koraidon|spd|1\n|faint|p2b: Iron Crown\n|-end|p2b: Iron Crown|Quark Drive|[silent]\n|\n|win|puli95\n|l|\u2606owex22\n|player|p2|\n||puli95 is ready for game 3.\n||owex22 is ready for game 3.\n|uhtml|next|Next: <a href=\"/battle-gen9vgc2025regibo3-2353655683\"><strong>Game 3 of 3</strong></a>\n|l|\u2606puli95\n|player|p1|\n", "uploadtime": 1745979956, "views": 6, "formatid": "gen9vgc2025regibo3", "rating": null, "private": 0, "password": null}