{"id": "gen9vgc2025regibo3-2354490817", "format": "[Gen 9] VGC 2025 Reg I (Bo3)", "players": ["merrypasta", "papulistico"], "log": "|j|\u2606merrypasta\n|j|\u2606papulistico\n|html|<table width=\"100%\"><tr><td align=\"left\">merrypasta</td><td align=\"right\">papulistico</tr><tr><td align=\"left\"><i class=\"fa fa-circle-o\"></i> <i class=\"fa fa-circle-o\"></i> </td><td align=\"right\"><i class=\"fa fa-circle-o\"></i> <i class=\"fa fa-circle-o\"></i> </tr></table>\n|uhtml|bestof|<h2><strong>Game 1</strong> of <a href=\"/game-bestof3-gen9vgc2025regibo3-2354490816\">a best-of-3</a></h2>\n|t:|1746080652\n|gametype|doubles\n|player|p1|merrypasta|lady|1048\n|player|p2|papulistico|nate|1096\n|teamsize|p1|6\n|teamsize|p2|6\n|gen|9\n|tier|[Gen 9] VGC 2025 Reg I (Bo3)\n|rated|\n|rule|Species Clause: Limit one of each Pok\u00e9mon\n|rule|Item Clause: Limit 1 of each item\n|clearpoke\n|poke|p1|Lunala, L50|\n|poke|p1|Indeedee-F, L50, F|\n|poke|p1|Zacian-*, L50|\n|poke|p1|Volcarona, L50, F|\n|poke|p1|Roaring Moon, L50|\n|poke|p1|Milotic, L50, F|\n|poke|p2|Miraidon, L50|\n|poke|p2|Calyrex-Ice, L50|\n|poke|p2|Ogerpon-Hearthflame, L50, F|\n|poke|p2|Iron Hands, L50|\n|poke|p2|Farigiraf, L50, F|\n|poke|p2|Urshifu-*, L50, M|\n|teampreview|4\n|showteam|p1|Lunala||PowerHerb|ShadowShield|MoongeistBeam,ExpandingForce,MeteorBeam,WideGuard||||||50|,,,,,Dark]Indeedee-F||PsychicSeed|PsychicSurge|Psychic,FollowMe,HelpingHand,TrickRoom|||F|||50|,,,,,Fairy]Zacian-Crowned||RustedSword|IntrepidSword|behemothblade,PlayRough,Protect,SwordsDance||||||50|,,,,,Water]Volcarona||CovertCloak|FlameBody|FieryDance,RagePowder,Protect,WillOWisp|||F|||50|,,,,,Dragon]Roaring Moon||BoosterEnergy|Protosynthesis|KnockOff,Acrobatics,Protect,Tailwind||||||50|,,,,,Flying]Milotic||SafetyGoggles|Competitive|Scald,IcyWind,Protect,Safeguard|||F|||50|,,,,,Grass\n|showteam|p2|Miraidon||ChoiceSpecs|HadronEngine|ElectroDrift,DracoMeteor,VoltSwitch,DazzlingGleam||||||50|,,,,,Fairy]Calyrex-Ice||ClearAmulet|AsOneGlastrier|GlacialLance,HighHorsepower,TrickRoom,Protect||||||50|,,,,,Fire]Ogerpon-Hearthflame||HearthflameMask|MoldBreaker|IvyCudgel,HelpingHand,FollowMe,SpikyShield|||F|||50|,,,,,Fire]Iron Hands||AssaultVest|QuarkDrive|DrainPunch,WildCharge,FakeOut,LowKick||||||50|,,,,,Bug]Farigiraf||ElectricSeed|ArmorTail|FoulPlay,HelpingHand,TrickRoom,Imprison|||F|||50|,,,,,Water]Urshifu||FocusSash|UnseenFist|WickedBlow,CloseCombat,Protect,SuckerPunch|||M|||50|,,,,,Dark\n|\n|t:|1746080685\n|start\n|switch|p1a: Zacian|Zacian-Crowned, L50|100/100\n|switch|p1b: Roaring Moon|Roaring Moon, L50|100/100\n|switch|p2a: Iron Hands|Iron Hands, L50|100/100\n|switch|p2b: Calyrex|Calyrex-Ice, L50|100/100\n|-ability|p2b: Calyrex|As One\n|-ability|p2b: Calyrex|Unnerve\n|-ability|p1a: Zacian|Intrepid Sword|boost\n|-boost|p1a: Zacian|atk|1\n|-enditem|p1b: Roaring Moon|Booster Energy\n|-activate|p1b: Roaring Moon|ability: Protosynthesis|[fromitem]\n|-start|p1b: Roaring Moon|protosynthesisspe\n|turn|1\n|\n|t:|1746080705\n|-terastallize|p2b: Calyrex|Fire\n|move|p2a: Iron Hands|Fake Out|p1a: Zacian\n|-resisted|p1a: Zacian\n|-damage|p1a: Zacian|93/100\n|move|p1b: Roaring Moon|Knock Off|p2b: Calyrex\n|-damage|p2b: Calyrex|77/100\n|-enditem|p2b: Calyrex|Clear Amulet|[from] move: Knock Off|[of] p1b: Roaring Moon\n|cant|p1a: Zacian|flinch\n|move|p2b: Calyrex|Trick Room|p2b: Calyrex\n|-fieldstart|move: Trick Room|[of] p2b: Calyrex\n|\n|upkeep\n|turn|2\n|\n|t:|1746080743\n|-end|p1b: Roaring Moon|Protosynthesis|[silent]\n|switch|p1b: Indeedee|Indeedee-F, L50, F|100/100\n|-fieldstart|move: Psychic Terrain|[from] ability: Psychic Surge|[of] p1b: Indeedee\n|-enditem|p1b: Indeedee|Psychic Seed\n|-boost|p1b: Indeedee|spd|1|[from] item: Psychic Seed\n|move|p1a: Zacian|Protect|p1a: Zacian\n|-singleturn|p1a: Zacian|Protect\n|move|p2b: Calyrex|Glacial Lance|p1b: Indeedee|[spread] p1b\n|-activate|p1a: Zacian|move: Protect\n|-damage|p1b: Indeedee|49/100\n|move|p2a: Iron Hands|Wild Charge|p1a: Zacian\n|-activate|p1a: Zacian|move: Protect\n|\n|upkeep\n|turn|3\n|\n|t:|1746080777\n|-terastallize|p1a: Zacian|Water\n|move|p2b: Calyrex|Glacial Lance|p1a: Zacian|[spread] p1a,p1b\n|-resisted|p1a: Zacian\n|-damage|p1a: Zacian|74/100\n|-damage|p1b: Indeedee|0 fnt\n|faint|p1b: Indeedee\n|-ability|p2b: Calyrex|Chilling Neigh|boost\n|-boost|p2b: Calyrex|atk|1\n|move|p2a: Iron Hands|Low Kick|p1a: Zacian\n|-damage|p1a: Zacian|14/100\n|move|p1a: Zacian|Swords Dance|p1a: Zacian\n|-boost|p1a: Zacian|atk|2\n|\n|upkeep\n|\n|t:|1746080790\n|switch|p1b: Lunala|Lunala, L50|100/100\n|turn|4\n|\n|t:|1746080804\n|move|p2b: Calyrex|Protect|p2b: Calyrex\n|-singleturn|p2b: Calyrex|Protect\n|move|p1a: Zacian|Protect|p1a: Zacian\n|-singleturn|p1a: Zacian|Protect\n|move|p2a: Iron Hands|Wild Charge|p1a: Zacian\n|-activate|p1a: Zacian|move: Protect\n|move|p1b: Lunala|Meteor Beam||[still]\n|-prepare|p1b: Lunala|Meteor Beam\n|-boost|p1b: Lunala|spa|1\n|-enditem|p1b: Lunala|Power Herb\n|-anim|p1b: Lunala|Meteor Beam|p2b: Calyrex\n|-activate|p2b: Calyrex|move: Protect\n|\n|upkeep\n|turn|5\n|c|\u2606merrypasta|vrrrroom vrooooommmm\n|c|\u2606merrypasta|no i mean\n|c|\u2606merrypasta|broom broooooom\n|\n|t:|1746080835\n|move|p1a: Zacian|Protect|p1a: Zacian\n|-singleturn|p1a: Zacian|Protect\n|move|p2b: Calyrex|High Horsepower|p1a: Zacian\n|-activate|p1a: Zacian|move: Protect\n|move|p2a: Iron Hands|Wild Charge|p1b: Lunala\n|-damage|p1b: Lunala|79/100\n|-damage|p2a: Iron Hands|96/100|[from] Recoil\n|move|p1b: Lunala|Expanding Force|p2b: Calyrex|[spread] p2a,p2b\n|-supereffective|p2a: Iron Hands\n|-damage|p2a: Iron Hands|0 fnt\n|-damage|p2b: Calyrex|8/100\n|faint|p2a: Iron Hands\n|-end|p2a: Iron Hands|Quark Drive|[silent]\n|\n|-fieldend|move: Trick Room\n|upkeep\n|\n|t:|1746080844\n|switch|p2a: Ogerpon|Ogerpon-Hearthflame, L50, F|100/100\n|-ability|p2a: Ogerpon|Mold Breaker\n|turn|6\n|\n|t:|1746080868\n|move|p2a: Ogerpon|Spiky Shield|p2a: Ogerpon\n|-singleturn|p2a: Ogerpon|move: Protect\n|move|p2b: Calyrex|Protect|p2b: Calyrex\n|-singleturn|p2b: Calyrex|Protect\n|move|p1a: Zacian|Behemoth Blade|p2a: Ogerpon\n|-activate|p2a: Ogerpon|move: Protect\n|-damage|p1a: Zacian|2/100|[from] Spiky Shield|[of] p2a: Ogerpon\n|move|p1b: Lunala|Expanding Force|p2a: Ogerpon|[spread] \n|-activate|p2a: Ogerpon|move: Protect\n|-activate|p2b: Calyrex|move: Protect\n|\n|-fieldend|move: Psychic Terrain\n|upkeep\n|turn|7\n|\n|t:|1746080884\n|move|p2a: Ogerpon|Follow Me|p2a: Ogerpon\n|-singleturn|p2a: Ogerpon|move: Follow Me\n|move|p1a: Zacian|Behemoth Blade|p2a: Ogerpon\n|-resisted|p2a: Ogerpon\n|-damage|p2a: Ogerpon|14/100\n|move|p1b: Lunala|Moongeist Beam|p2a: Ogerpon\n|-damage|p2a: Ogerpon|0 fnt\n|faint|p2a: Ogerpon\n|move|p2b: Calyrex|Glacial Lance|p1b: Lunala|[spread] p1a,p1b\n|-resisted|p1a: Zacian\n|-damage|p1a: Zacian|0 fnt\n|-damage|p1b: Lunala|23/100\n|faint|p1a: Zacian\n|-ability|p2b: Calyrex|Chilling Neigh|boost\n|-boost|p2b: Calyrex|atk|1\n|\n|upkeep\n|\n|t:|1746080901\n|switch|p1a: Roaring Moon|Roaring Moon, L50|100/100\n|switch|p2a: Miraidon|Miraidon, L50|100/100\n|-fieldstart|move: Electric Terrain|[from] ability: Hadron Engine|[of] p2a: Miraidon\n|turn|8\n|\n|t:|1746080911\n|move|p2b: Calyrex|Protect|p2b: Calyrex\n|-singleturn|p2b: Calyrex|Protect\n|move|p1b: Lunala|Wide Guard|p1b: Lunala\n|-singleturn|p1b: Lunala|Wide Guard\n|move|p2a: Miraidon|Electro Drift|p1b: Lunala\n|-damage|p1b: Lunala|0 fnt\n|faint|p1b: Lunala\n|move|p1a: Roaring Moon|Knock Off|p2b: Calyrex\n|-activate|p2b: Calyrex|move: Protect\n|\n|upkeep\n|turn|9\n|\n|t:|1746080921\n|move|p2a: Miraidon|Electro Drift|p1a: Roaring Moon\n|-resisted|p1a: Roaring Moon\n|-damage|p1a: Roaring Moon|40/100\n|move|p1a: Roaring Moon|Knock Off|p2b: Calyrex\n|-damage|p2b: Calyrex|0 fnt\n|faint|p2b: Calyrex\n|\n|upkeep\n|turn|10\n|\n|t:|1746080931\n|move|p2a: Miraidon|Electro Drift|p1a: Roaring Moon\n|-resisted|p1a: Roaring Moon\n|-damage|p1a: Roaring Moon|0 fnt\n|faint|p1a: Roaring Moon\n|-end|p1a: Roaring Moon|Protosynthesis|[silent]\n|\n|win|papulistico\n|c|\u2606papulistico|gg\n||merrypasta is ready for game 2.\n|c|\u2606merrypasta|gg\n||papulistico is ready for game 2.\n|uhtml|next|Next: <a href=\"/battle-gen9vgc2025regibo3-2354492239\"><strong>Game 2 of 3</strong></a>\n|l|\u2606merrypasta\n|player|p1|\n", "uploadtime": 1746081214, "views": 23, "formatid": "gen9vgc2025regibo3", "rating": null, "private": 0, "password": null}