{"id": "gen9vgc2025regibo3-2355038534", "format": "[Gen 9] VGC 2025 Reg I (Bo3)", "players": ["AceTrainerJohny", "TurquoiseYoshi"], "log": "|j|\u2606AceTrainerJohny\n|j|\u2606TurquoiseYoshi\n|html|<table width=\"100%\"><tr><td align=\"left\">AceTrainerJohny</td><td align=\"right\">TurquoiseYoshi</tr><tr><td align=\"left\"><i class=\"fa fa-circle-o\"></i> <i class=\"fa fa-circle-o\"></i> </td><td align=\"right\"><i class=\"fa fa-circle-o\"></i> <i class=\"fa fa-circle\"></i> </tr></table>\n|uhtml|bestof|<h2><strong>Game 2</strong> of <a href=\"/game-bestof3-gen9vgc2025regibo3-2355036880\">a best-of-3</a></h2>\n|t:|1746144986\n|gametype|doubles\n|player|p1|AceTrainerJohny|acetrainer-gen4dp|1140\n|player|p2|TurquoiseYoshi|rika|1141\n|teamsize|p1|6\n|teamsize|p2|6\n|gen|9\n|tier|[Gen 9] VGC 2025 Reg I (Bo3)\n|rated|\n|rule|Species Clause: Limit one of each Pok\u00e9mon\n|rule|Item Clause: Limit 1 of each item\n|clearpoke\n|poke|p1|Calyrex-Ice, L50|\n|poke|p1|Palkia, L50|\n|poke|p1|Ursaluna, L50, M|\n|poke|p1|Indeedee-F, L50, F|\n|poke|p1|Iron Crown, L50|\n|poke|p1|Chi-Yu, L50|\n|poke|p2|Kyurem-White, L50|\n|poke|p2|Tornadus, L50, M|\n|poke|p2|Calyrex-Shadow, L50|\n|poke|p2|Indeedee-F, L50, F|\n|poke|p2|Dondozo, L50, F|\n|poke|p2|Tatsugiri-Droopy, L50, F|\n|teampreview|4\n|showteam|p1|Calyrex-Ice||ClearAmulet|AsOneGlastrier|Protect,TrickRoom,GlacialLance,HighHorsepower||||||50|,,,,,Fire]Palkia||LustrousOrb|Telepathy|TrickRoom,SpacialRend,HydroPump,Protect||||||50|,,,,,Poison]Ursaluna||FlameOrb|Guts|Protect,Facade,Earthquake,ThroatChop|||M|||50|,,,,,Ghost]Indeedee-F||RockyHelmet|PsychicSurge|FollowMe,TrickRoom,AlluringVoice,HelpingHand|||F|||50|,,,,,Grass]Iron Crown||BoosterEnergy|QuarkDrive|TachyonCutter,ExpandingForce,Protect,CalmMind||||||50|,,,,,Stellar]Chi-Yu||ChoiceScarf|BeadsofRuin|Overheat,Snarl,HeatWave,DarkPulse||||||50|,,,,,Ghost\n|showteam|p2|Kyurem-White||AssaultVest|Turboblaze|FreezeDry,EarthPower,ShadowBall,Blizzard||||||50|,,,,,Ground]Tornadus||CovertCloak|Prankster|BleakwindStorm,Tailwind,Snowscape,Taunt|||M|||50|,,,,,Dark]Calyrex-Shadow||LifeOrb|AsOneSpectrier|AstralBarrage,ExpandingForce,PollenPuff,Protect||||||50|,,,,,Normal]Indeedee-F||RockyHelmet|PsychicSurge|FollowMe,HelpingHand,TrickRoom,AlluringVoice|||F|||50|,,,,,Fairy]Dondozo||Leftovers|Unaware|BodyPress,OrderUp,Earthquake,Protect|||F|||50|,,,,,Grass]Tatsugiri-Droopy||ChoiceScarf|Commander|MuddyWater,DracoMeteor,IcyWind,SleepTalk|||F|||50|,,,,,Stellar\n|inactive|Battle timer is ON: inactive players will automatically lose when time's up. (requested by TurquoiseYoshi)\n|\n|t:|1746145015\n|start\n|switch|p1a: Indeedee|Indeedee-F, L50, F|100/100\n|switch|p1b: Iron Crown|Iron Crown, L50|100/100\n|switch|p2a: jovial|Calyrex-Shadow, L50|100/100\n|switch|p2b: Indeedee|Indeedee-F, L50, F|100/100\n|-ability|p2a: jovial|As One\n|-ability|p2a: jovial|Unnerve\n|-fieldstart|move: Psychic Terrain|[from] ability: Psychic Surge|[of] p2b: Indeedee\n|-enditem|p1b: Iron Crown|Booster Energy\n|-activate|p1b: Iron Crown|ability: Quark Drive|[fromitem]\n|-start|p1b: Iron Crown|quarkdrivespe\n|turn|1\n|inactive|AceTrainerJohny has 30 seconds left.\n|inactive|TurquoiseYoshi has 30 seconds left.\n|\n|t:|1746145047\n|move|p1b: Iron Crown|Expanding Force|p2a: jovial|[spread] p2a,p2b\n|-resisted|p2a: jovial\n|-resisted|p2b: Indeedee\n|-damage|p2a: jovial|74/100\n|-damage|p2b: Indeedee|74/100\n|move|p2a: jovial|Astral Barrage|p1a: Indeedee|[spread] p1b\n|-immune|p1a: Indeedee\n|-supereffective|p1b: Iron Crown\n|-damage|p1b: Iron Crown|0 fnt\n|faint|p1b: Iron Crown\n|-end|p1b: Iron Crown|Quark Drive|[silent]\n|-ability|p2a: jovial|Grim Neigh|boost\n|-boost|p2a: jovial|spa|1\n|-damage|p2a: jovial|64/100|[from] item: Life Orb\n|move|p2b: Indeedee|Trick Room|p2b: Indeedee\n|-fieldstart|move: Trick Room|[of] p2b: Indeedee\n|move|p1a: Indeedee|Trick Room|p1a: Indeedee\n|-fieldend|move: Trick Room\n|\n|upkeep\n|\n|t:|1746145063\n|switch|p1b: Palkia|Palkia, L50, shiny|100/100\n|turn|2\n|\n|t:|1746145087\n|move|p1b: Palkia|Protect|p1b: Palkia\n|-singleturn|p1b: Palkia|Protect\n|move|p2a: jovial|Expanding Force|p1a: Indeedee|[spread] p1a\n|-activate|p1b: Palkia|move: Protect\n|-resisted|p1a: Indeedee\n|-damage|p1a: Indeedee|41/100\n|-damage|p2a: jovial|55/100|[from] item: Life Orb\n|move|p2b: Indeedee|Alluring Voice|p1a: Indeedee\n|-damage|p1a: Indeedee|25/100\n|move|p1a: Indeedee|Trick Room|p1a: Indeedee\n|-fieldstart|move: Trick Room|[of] p1a: Indeedee\n|\n|upkeep\n|turn|3\n|\n|t:|1746145104\n|move|p1a: Indeedee|Helping Hand|p1b: Palkia\n|-singleturn|p1b: Palkia|Helping Hand|[of] p1a: Indeedee\n|move|p2a: jovial|Protect|p2a: jovial\n|-singleturn|p2a: jovial|Protect\n|move|p1b: Palkia|Hydro Pump|p2b: Indeedee\n|-damage|p2b: Indeedee|0 fnt\n|faint|p2b: Indeedee\n|\n|upkeep\n|\n|t:|1746145112\n|switch|p2b: big easy|Dondozo, L50, F|100/100\n|turn|4\n|\n|t:|1746145120\n|switch|p2a: flight time|Tatsugiri-Droopy, L50, F|100/100\n|-activate|p2a: flight time|ability: Commander|[of] p2b: big easy\n|-boost|p2b: big easy|atk|2\n|-boost|p2b: big easy|spa|2\n|-boost|p2b: big easy|spe|2\n|-boost|p2b: big easy|def|2\n|-boost|p2b: big easy|spd|2\n|move|p1a: Indeedee|Alluring Voice|p2b: big easy\n|-damage|p2b: big easy|93/100\n|-start|p2b: big easy|confusion\n|move|p1b: Palkia|Spacial Rend|p2a: flight time|[miss]\n|-miss|p1b: Palkia|p2a: flight time\n|-activate|p2b: big easy|confusion\n|move|p2b: big easy|Order Up|p1a: Indeedee\n|-damage|p1a: Indeedee|0 fnt\n|faint|p1a: Indeedee\n|-boost|p2b: big easy|def|1\n|\n|-heal|p2b: big easy|99/100|[from] item: Leftovers\n|upkeep\n|\n|t:|1746145137\n|switch|p1a: Calyrex|Calyrex-Ice, L50|100/100\n|-ability|p1a: Calyrex|As One\n|-ability|p1a: Calyrex|Unnerve\n|turn|5\n|\n|t:|1746145148\n|move|p1a: Calyrex|High Horsepower|p2b: big easy\n|-damage|p2b: big easy|89/100\n|move|p1b: Palkia|Spacial Rend|p2b: big easy\n|-damage|p2b: big easy|57/100\n|-activate|p2b: big easy|confusion\n|-damage|p2b: big easy|53/100|[from] confusion\n|\n|-heal|p2b: big easy|59/100|[from] item: Leftovers\n|-fieldend|move: Psychic Terrain\n|upkeep\n|turn|6\n|\n|t:|1746145159\n|-activate|p2b: big easy|confusion\n|move|p2b: big easy|Protect|p2b: big easy\n|-singleturn|p2b: big easy|Protect\n|move|p1a: Calyrex|Trick Room|p1a: Calyrex\n|-fieldend|move: Trick Room\n|move|p1b: Palkia|Trick Room|p1b: Palkia\n|-fieldstart|move: Trick Room|[of] p1b: Palkia\n|\n|-heal|p2b: big easy|65/100|[from] item: Leftovers\n|upkeep\n|turn|7\n|\n|t:|1746145170\n|move|p1a: Calyrex|High Horsepower|p2b: big easy\n|-damage|p2b: big easy|56/100\n|move|p1b: Palkia|Spacial Rend|p2b: big easy\n|-damage|p2b: big easy|27/100\n|-activate|p2b: big easy|confusion\n|move|p2b: big easy|Order Up|p1b: Palkia\n|-supereffective|p1b: Palkia\n|-damage|p1b: Palkia|32/100\n|-boost|p2b: big easy|def|1\n|\n|-heal|p2b: big easy|33/100|[from] item: Leftovers\n|upkeep\n|turn|8\n|\n|t:|1746145185\n|-end|p2b: big easy|confusion\n|move|p2b: big easy|Protect|p2b: big easy\n|-singleturn|p2b: big easy|Protect\n|move|p1a: Calyrex|High Horsepower|p2b: big easy\n|-activate|p2b: big easy|move: Protect\n|move|p1b: Palkia|Spacial Rend|p2b: big easy\n|-activate|p2b: big easy|move: Protect\n|\n|-heal|p2b: big easy|39/100|[from] item: Leftovers\n|upkeep\n|turn|9\n|\n|t:|1746145198\n|move|p1a: Calyrex|High Horsepower|p2b: big easy\n|-damage|p2b: big easy|32/100\n|move|p1b: Palkia|Spacial Rend|p2b: big easy\n|-damage|p2b: big easy|1/100\n|move|p2b: big easy|Order Up|p1b: Palkia\n|-supereffective|p1b: Palkia\n|-damage|p1b: Palkia|0 fnt\n|faint|p1b: Palkia\n|-boost|p2b: big easy|def|1\n|\n|-heal|p2b: big easy|7/100|[from] item: Leftovers\n|upkeep\n|turn|10\n|\n|t:|1746145211\n|move|p2b: big easy|Protect|p2b: big easy\n|-singleturn|p2b: big easy|Protect\n|move|p1a: Calyrex|High Horsepower|p2b: big easy\n|-activate|p2b: big easy|move: Protect\n|\n|-heal|p2b: big easy|13/100|[from] item: Leftovers\n|-fieldend|move: Trick Room\n|upkeep\n|turn|11\n|\n|t:|1746145220\n|move|p2b: big easy|Body Press|p1a: Calyrex\n|-damage|p1a: Calyrex|46/100\n|move|p1a: Calyrex|High Horsepower|p2b: big easy\n|-damage|p2b: big easy|7/100\n|\n|-heal|p2b: big easy|13/100|[from] item: Leftovers\n|upkeep\n|turn|12\n|-message|AceTrainerJohny forfeited.\n|raw|AceTrainerJohny's rating: 1140 &rarr; <strong>1115</strong><br />(-25 for losing)\n|raw|TurquoiseYoshi's rating: 1141 &rarr; <strong>1166</strong><br />(+25 for winning)\n|\n|win|TurquoiseYoshi\n|l|\u2606AceTrainerJohny\n|player|p1|\n", "uploadtime": 1746145229, "views": 20, "formatid": "gen9vgc2025regibo3", "rating": 1115, "private": 0, "password": null}