{"id": "gen9vgc2025regibo3-2355101535", "format": "[Gen 9] VGC 2025 Reg I (Bo3)", "players": ["kira0vexel", "Fross039"], "log": "|j|\u2606kira0vexel\n|j|\u2606Fross039\n|html|<table width=\"100%\"><tr><td align=\"left\">kira0vexel</td><td align=\"right\">Fross039</tr><tr><td align=\"left\"><i class=\"fa fa-circle-o\"></i> <i class=\"fa fa-circle-o\"></i> </td><td align=\"right\"><i class=\"fa fa-circle-o\"></i> <i class=\"fa fa-circle\"></i> </tr></table>\n|uhtml|bestof|<h2><strong>Game 2</strong> of <a href=\"/game-bestof3-gen9vgc2025regibo3-2355099994\">a best-of-3</a></h2>\n|t:|1746152648\n|gametype|doubles\n|player|p1|kira0vexel|koga|\n|player|p2|Fross039|grimsley|\n|teamsize|p1|6\n|teamsize|p2|6\n|gen|9\n|tier|[Gen 9] VGC 2025 Reg I (Bo3)\n|rule|Species Clause: Limit one of each Pok\u00e9mon\n|rule|Item Clause: Limit 1 of each item\n|clearpoke\n|poke|p1|Gastrodon, L50, M|\n|poke|p1|Primarina, L50, F|\n|poke|p1|Tauros-Paldea-Aqua, L50, M|\n|poke|p1|Cloyster, L50, F|\n|poke|p1|Swampert, L50, M|\n|poke|p1|Quaquaval, L50, M|\n|poke|p2|Kingambit, L50, F|\n|poke|p2|Gholdengo, L50|\n|poke|p2|Archaludon, L50, M|\n|poke|p2|Goodra-Hisui, L50, F|\n|poke|p2|Klefki, L50, M|\n|poke|p2|Duraludon, L50, F|\n|teampreview|4\n|showteam|p1|Gastrodon||Leftovers|StormDrain|Blizzard,ClearSmog,IceBeam,HydroPump|||M|||50|,,,,,Ice]Primarina||ThroatSpray|LiquidVoice|AlluringVoice,HyperVoice,DisarmingVoice,Blizzard|||F|||50|,,,,,Water]Tauros-Paldea-Aqua||LifeOrb|AngerPoint|AquaJet,CloseCombat,WaveCrash,RockSlide|||M|||50|,,,,,Fighting]Cloyster||WhiteHerb|SkillLink|ShellSmash,IcicleSpear,RockBlast,RazorShell|||F|||50|,,,,,Water]Swampert||AssaultVest|Torrent|Earthquake,Surf,BrickBreak,FlipTurn|||M|||50|,,,,,Fighting]Quaquaval||ExpertBelt|Moxie|BrickBreak,AquaStep,KnockOff,LowKick|||M|||50|,,,,,Water\n|showteam|p2|Kingambit||ChoiceBand|SupremeOverlord|SuckerPunch,IronHead,BrickBreak,StoneEdge|||F|||50|,,,,,Dark]Gholdengo||ChoiceSpecs|GoodasGold|MakeItRain,ShadowBall,DazzlingGleam,PowerGem||||||50|,,,,,Steel]Archaludon||AssaultVest|Stamina|ElectroShot,DragonPulse,FlashCannon,DarkPulse|||M|||50|,,,,,Steel]Goodra-Hisui||Leftovers|Gooey|Thunderbolt,DragonPulse,KnockOff,LifeDew|||F|||50|,,,,,Steel]Klefki||LightClay|Prankster|LightScreen,Reflect,ThunderWave,DazzlingGleam|||M|||50|,,,,,Steel]Duraludon||Eviolite|Stalwart|IronDefense,BodyPress,DracoMeteor,ThunderWave|||F|||50|,,,,,Steel\n|\n|t:|1746152667\n|start\n|switch|p1a: Arianan't|Primarina, L50, F, shiny|100/100\n|switch|p1b: Gastrodon|Gastrodon, L50, M|100/100\n|switch|p2a: Klefki|Klefki, L50, M|100/100\n|switch|p2b: Duraludon|Duraludon, L50, F|100/100\n|turn|1\n|inactive|Battle timer is ON: inactive players will automatically lose when time's up. (requested by Fross039)\n|\n|t:|1746152708\n|move|p2a: Klefki|Light Screen|p2a: Klefki\n|-sidestart|p2: Fross039|move: Light Screen\n|move|p2b: Duraludon|Iron Defense|p2b: Duraludon\n|-boost|p2b: Duraludon|def|2\n|move|p1a: Arianan't|Hyper Voice|p2b: Duraludon|[spread] p2a,p2b\n|-resisted|p2b: Duraludon\n|-crit|p2b: Duraludon\n|-damage|p2a: Klefki|74/100\n|-damage|p2b: Duraludon|82/100\n|-enditem|p1a: Arianan't|Throat Spray\n|-boost|p1a: Arianan't|spa|1|[from] item: Throat Spray\n|move|p1b: Gastrodon|Hydro Pump|p2a: Klefki\n|-damage|p2a: Klefki|43/100\n|\n|upkeep\n|turn|2\n|inactive|Fross039 has 30 seconds left.\n|\n|t:|1746152742\n|-terastallize|p1a: Arianan't|Water\n|move|p2b: Duraludon|Body Press|p1b: Gastrodon\n|-damage|p1b: Gastrodon|55/100\n|move|p2a: Klefki|Dazzling Gleam|p1a: Arianan't|[spread] p1a,p1b\n|-damage|p1a: Arianan't|86/100\n|-damage|p1b: Gastrodon|37/100\n|move|p1a: Arianan't|Hyper Voice|p2a: Klefki|[spread] p2a,p2b\n|-resisted|p2b: Duraludon\n|-damage|p2a: Klefki|0 fnt\n|-damage|p2b: Duraludon|62/100\n|faint|p2a: Klefki\n|move|p1b: Gastrodon|Hydro Pump|p2b: Duraludon\n|-resisted|p2b: Duraludon\n|-damage|p2b: Duraludon|51/100\n|\n|-heal|p1b: Gastrodon|43/100|[from] item: Leftovers\n|upkeep\n|\n|t:|1746152752\n|switch|p2a: Gholdengo|Gholdengo, L50|100/100\n|turn|3\n|\n|t:|1746152763\n|move|p2a: Gholdengo|Make It Rain|p1b: Gastrodon|[spread] p1a,p1b\n|-resisted|p1a: Arianan't\n|-resisted|p1b: Gastrodon\n|-damage|p1a: Arianan't|55/100\n|-damage|p1b: Gastrodon|10/100\n|-unboost|p2a: Gholdengo|spa|1\n|move|p2b: Duraludon|Body Press|p1a: Arianan't\n|-damage|p1a: Arianan't|8/100\n|move|p1a: Arianan't|Hyper Voice|p2a: Gholdengo|[spread] p2a,p2b\n|-resisted|p2b: Duraludon\n|-damage|p2a: Gholdengo|36/100\n|-damage|p2b: Duraludon|33/100\n|move|p1b: Gastrodon|Blizzard|p2a: Gholdengo|[spread] p2a,p2b\n|-resisted|p2a: Gholdengo\n|-damage|p2a: Gholdengo|26/100\n|-damage|p2b: Duraludon|22/100\n|\n|-heal|p1b: Gastrodon|16/100|[from] item: Leftovers\n|upkeep\n|turn|4\n|inactive|kira0vexel has 30 seconds left.\n|\n|t:|1746152788\n|move|p2a: Gholdengo|Make It Rain|p1a: Arianan't|[spread] p1a,p1b\n|-resisted|p1a: Arianan't\n|-resisted|p1b: Gastrodon\n|-damage|p1a: Arianan't|0 fnt\n|-damage|p1b: Gastrodon|0 fnt\n|-unboost|p2a: Gholdengo|spa|1\n|faint|p1a: Arianan't\n|faint|p1b: Gastrodon\n|move|p2b: Duraludon|Iron Defense|p2b: Duraludon\n|-boost|p2b: Duraludon|def|2\n|\n|upkeep\n|\n|t:|1746152799\n|switch|p1a: Cloro|Quaquaval, L50, M, shiny|100/100\n|switch|p1b: Tauros|Tauros-Paldea-Aqua, L50, M|100/100\n|turn|5\n|\n|t:|1746152813\n|move|p1b: Tauros|Aqua Jet|p2a: Gholdengo\n|-damage|p2a: Gholdengo|0 fnt\n|faint|p2a: Gholdengo\n|-damage|p1b: Tauros|90/100|[from] item: Life Orb\n|move|p1a: Cloro|Brick Break|p2b: Duraludon\n|-sideend|p2: Fross039|move: Light Screen\n|-supereffective|p2b: Duraludon\n|-damage|p2b: Duraludon|2/100\n|move|p2b: Duraludon|Body Press|p1a: Cloro\n|-damage|p1a: Cloro|16/100\n|\n|upkeep\n|\n|t:|1746152824\n|switch|p2a: Kingambit|Kingambit, L50, F|100/100\n|-activate|p2a: Kingambit|ability: Supreme Overlord\n|-start|p2a: Kingambit|fallen2|[silent]\n|turn|6\n|inactive|Fross039 has 30 seconds left.\n|\n|t:|1746152855\n|move|p1b: Tauros|Aqua Jet|p2b: Duraludon\n|-resisted|p2b: Duraludon\n|-damage|p2b: Duraludon|0 fnt\n|faint|p2b: Duraludon\n|-damage|p1b: Tauros|80/100|[from] item: Life Orb\n|move|p2a: Kingambit|Sucker Punch|p1a: Cloro\n|-resisted|p1a: Cloro\n|-damage|p1a: Cloro|0 fnt\n|faint|p1a: Cloro\n|\n|upkeep\n|turn|7\n|\n|t:|1746152866\n|move|p2a: Kingambit|Sucker Punch|p1b: Tauros\n|-resisted|p1b: Tauros\n|-crit|p1b: Tauros\n|-damage|p1b: Tauros|22/100\n|-setboost|p1b: Tauros|atk|6|[from] ability: Anger Point\n|move|p1b: Tauros|Close Combat|p2a: Kingambit\n|-supereffective|p2a: Kingambit\n|-damage|p2a: Kingambit|0 fnt\n|-unboost|p1b: Tauros|def|1\n|-unboost|p1b: Tauros|spd|1\n|faint|p2a: Kingambit\n|-end|p2a: Kingambit|fallen2|[silent]\n|-damage|p1b: Tauros|12/100|[from] item: Life Orb\n|\n|win|kira0vexel\n||kira0vexel is ready for game 3.\n|inactive|Fross039 has 30 seconds to confirm battle start!\n||Fross039 is ready for game 3.\n|uhtml|next|Next: <a href=\"/battle-gen9vgc2025regibo3-2355103351\"><strong>Game 3 of 3</strong></a>\n|l|\u2606Fross039\n|player|p2|\n|l|\u2606kira0vexel\n|player|p1|\n", "uploadtime": 1746153206, "views": 4, "formatid": "gen9vgc2025regibo3", "rating": null, "private": 0, "password": null}