{"id": "gen9vgc2025regibo3-2353986299", "format": "[Gen 9] VGC 2025 Reg I (Bo3)", "players": ["DaddyG14", "aurora esposito"], "log": "|j|\u2606DaddyG14\n|j|\u203daurora esposito\n|html|<table width=\"100%\"><tr><td align=\"left\">DaddyG14</td><td align=\"right\">aurora esposito</tr><tr><td align=\"left\"><i class=\"fa fa-circle-o\"></i> <i class=\"fa fa-circle-o\"></i> </td><td align=\"right\"><i class=\"fa fa-circle-o\"></i> <i class=\"fa fa-circle-o\"></i> </tr></table>\n|uhtml|bestof|<h2><strong>Game 1</strong> of <a href=\"/game-bestof3-gen9vgc2025regibo3-2353986296\">a best-of-3</a></h2>\n|t:|1746025121\n|gametype|doubles\n|player|p1|DaddyG14|red|1024\n|player|p2|aurora esposito|169|1031\n|teamsize|p1|6\n|teamsize|p2|6\n|gen|9\n|tier|[Gen 9] VGC 2025 Reg I (Bo3)\n|rated|\n|rule|Species Clause: Limit one of each Pok\u00e9mon\n|rule|Item Clause: Limit 1 of each item\n|clearpoke\n|poke|p1|Calyrex-Ice, L50|\n|poke|p1|Necrozma-Dusk-Mane, L50|\n|poke|p1|Indeedee-F, L50, F|\n|poke|p1|Ursaluna-Bloodmoon, L50, M|\n|poke|p1|Vikavolt, L50, M|\n|poke|p1|Sinistcha-Masterpiece, L50|\n|poke|p2|Ting-Lu, L50|\n|poke|p2|Giratina, L50|\n|poke|p2|Thundurus, L50, M|\n|poke|p2|Gouging Fire, L50|\n|poke|p2|Ho-Oh, L50|\n|poke|p2|Cresselia, L50, F|\n|teampreview|4\n|showteam|p1|Calyrex-Ice||ClearAmulet|AsOneGlastrier|GlacialLance,CloseCombat,HighHorsepower,Protect||||||50|,,,,,Dark]Necrozma-Dusk-Mane||WeaknessPolicy|PrismArmor|SunsteelStrike,PhotonGeyser,TrickRoom,BrickBreak||||||50|,,,,,Water]Indeedee-F||MentalHerb|PsychicSurge|TrickRoom,FollowMe,HealPulse,HelpingHand|||F|||50|,,,,,Water]Ursaluna-Bloodmoon||LifeOrb|MindsEye|BloodMoon,EarthPower,HyperVoice,Protect|||M|||50|,,,,,Ground]Vikavolt||ChoiceSpecs|Levitate|Discharge,BugBuzz,VoltSwitch,EnergyBall|||M|||50|,,,,,Electric]Sinistcha-Masterpiece||SitrusBerry|Hospitality|RagePowder,StrengthSap,TrickRoom,MatchaGotcha||||||50|,,,,,Water\n|showteam|p2|Ting-Lu||SafetyGoggles|VesselofRuin|Protect,Taunt,Ruination,SandTomb||||||50|,,,,,Poison]Giratina||Leftovers|Telepathy|Hex,CalmMind,Substitute,AuraSphere||||||50|,,,,,Fairy]Thundurus||CovertCloak|Prankster|ThunderWave,Electroweb,Protect,WildboltStorm|||M|||50|,,,,,Electric]Gouging Fire||BoosterEnergy|Protosynthesis|FlareBlitz,Howl,BurningBulwark,BreakingSwipe||||||50|,,,,,Dragon]Ho-Oh||RockyHelmet|Regenerator|WillOWisp,SunnyDay,SacredFire,Protect||||||50|,,,,,Water]Cresselia||LightClay|Levitate|LunarBlessing,IcyWind,Reflect,LightScreen|||F|||50|,,,,,Psychic\n|inactive|Battle timer is ON: inactive players will automatically lose when time's up. (requested by DaddyG14)\n|\n|t:|1746025145\n|start\n|switch|p1a: Calyrex|Calyrex-Ice, L50|100/100\n|switch|p1b: Indeedee|Indeedee-F, L50, F|100/100\n|switch|p2a: Gouging Fire|Gouging Fire, L50|100/100\n|switch|p2b: Ho-Oh|Ho-Oh, L50|100/100\n|-ability|p1a: Calyrex|As One\n|-ability|p1a: Calyrex|Unnerve\n|-fieldstart|move: Psychic Terrain|[from] ability: Psychic Surge|[of] p1b: Indeedee\n|-enditem|p2a: Gouging Fire|Booster Energy\n|-activate|p2a: Gouging Fire|ability: Protosynthesis|[fromitem]\n|-start|p2a: Gouging Fire|protosynthesisatk\n|turn|1\n|inactive|aurora esposito has 30 seconds left.\n|inactive|aurora esposito has 20 seconds left.\n|\n|t:|1746025182\n|move|p1a: Calyrex|Protect|p1a: Calyrex\n|-singleturn|p1a: Calyrex|Protect\n|move|p2a: Gouging Fire|Breaking Swipe|p1a: Calyrex|[spread] p1b\n|-activate|p1a: Calyrex|move: Protect\n|-damage|p1b: Indeedee|64/100\n|-unboost|p1b: Indeedee|atk|1\n|move|p2b: Ho-Oh|Will-O-Wisp|p1a: Calyrex\n|-activate|p1a: Calyrex|move: Protect\n|move|p1b: Indeedee|Trick Room|p1b: Indeedee\n|-fieldstart|move: Trick Room|[of] p1b: Indeedee\n|\n|upkeep\n|turn|2\n|\n|t:|1746025201\n|-terastallize|p2b: Ho-Oh|Water\n|move|p2a: Gouging Fire|Burning Bulwark|p2a: Gouging Fire\n|-singleturn|p2a: Gouging Fire|move: Protect\n|move|p1b: Indeedee|Follow Me|p1b: Indeedee\n|-singleturn|p1b: Indeedee|move: Follow Me\n|move|p1a: Calyrex|Glacial Lance|p2a: Gouging Fire|[spread] p2b\n|-activate|p2a: Gouging Fire|move: Protect\n|-resisted|p2b: Ho-Oh\n|-damage|p2b: Ho-Oh|80/100\n|move|p2b: Ho-Oh|Will-O-Wisp|p1b: Indeedee\n|-status|p1b: Indeedee|brn\n|\n|-damage|p1b: Indeedee|58/100 brn|[from] brn\n|upkeep\n|turn|3\n|inactive|aurora esposito has 30 seconds left.\n|\n|t:|1746025231\n|move|p1b: Indeedee|Follow Me|p1b: Indeedee\n|-singleturn|p1b: Indeedee|move: Follow Me\n|move|p1a: Calyrex|High Horsepower|p2a: Gouging Fire\n|-supereffective|p2a: Gouging Fire\n|-damage|p2a: Gouging Fire|23/100\n|move|p2b: Ho-Oh|Sacred Fire|p1b: Indeedee\n|-damage|p1b: Indeedee|2/100 brn\n|move|p2a: Gouging Fire|Flare Blitz|p1b: Indeedee\n|-damage|p1b: Indeedee|0 fnt\n|faint|p1b: Indeedee\n|-damage|p2a: Gouging Fire|23/100|[from] Recoil\n|\n|upkeep\n|inactive|DaddyG14 has 30 seconds left.\n|\n|t:|1746025260\n|switch|p1b: Sinistcha|Sinistcha-Masterpiece, L50|100/100\n|turn|4\n|\n|t:|1746025273\n|move|p2a: Gouging Fire|Burning Bulwark|p2a: Gouging Fire\n|-singleturn|p2a: Gouging Fire|move: Protect\n|move|p1b: Sinistcha|Rage Powder|p1b: Sinistcha\n|-singleturn|p1b: Sinistcha|move: Rage Powder\n|move|p1a: Calyrex|Glacial Lance|p2a: Gouging Fire|[spread] p2b\n|-activate|p2a: Gouging Fire|move: Protect\n|-resisted|p2b: Ho-Oh\n|-damage|p2b: Ho-Oh|61/100\n|move|p2b: Ho-Oh|Sacred Fire|p1b: Sinistcha\n|-supereffective|p1b: Sinistcha\n|-damage|p1b: Sinistcha|33/100\n|-enditem|p1b: Sinistcha|Sitrus Berry|[eat]\n|-heal|p1b: Sinistcha|58/100|[from] item: Sitrus Berry\n|\n|upkeep\n|turn|5\n|inactive|DaddyG14 has 30 seconds left.\n|\n|t:|1746025299\n|move|p1a: Calyrex|Glacial Lance|p2a: Gouging Fire|[spread] p2a,p2b\n|-resisted|p2b: Ho-Oh\n|-damage|p2a: Gouging Fire|0 fnt\n|-damage|p2b: Ho-Oh|43/100\n|faint|p2a: Gouging Fire\n|-end|p2a: Gouging Fire|Protosynthesis|[silent]\n|-ability|p1a: Calyrex|Chilling Neigh|boost\n|-boost|p1a: Calyrex|atk|1\n|move|p1b: Sinistcha|Strength Sap|p2b: Ho-Oh\n|-unboost|p2b: Ho-Oh|atk|1\n|-heal|p1b: Sinistcha|100/100\n|move|p2b: Ho-Oh|Will-O-Wisp|p1a: Calyrex\n|-status|p1a: Calyrex|brn\n|\n|-damage|p1a: Calyrex|95/100 brn|[from] brn\n|-fieldend|move: Trick Room\n|-fieldend|move: Psychic Terrain\n|upkeep\n|\n|t:|1746025306\n|switch|p2a: Giratina|Giratina, L50|100/100\n|turn|6\n|\n|t:|1746025320\n|switch|p2a: Thundurus|Thundurus, L50, M|100/100\n|move|p2b: Ho-Oh|Sunny Day|p2b: Ho-Oh\n|-weather|SunnyDay\n|move|p1a: Calyrex|Glacial Lance|p2b: Ho-Oh|[spread] p2a,p2b\n|-supereffective|p2a: Thundurus\n|-resisted|p2b: Ho-Oh\n|-damage|p2a: Thundurus|0 fnt\n|-damage|p2b: Ho-Oh|28/100\n|faint|p2a: Thundurus\n|-ability|p1a: Calyrex|Chilling Neigh|boost\n|-boost|p1a: Calyrex|atk|1\n|move|p1b: Sinistcha|Trick Room|p1b: Sinistcha\n|-fieldstart|move: Trick Room|[of] p1b: Sinistcha\n|\n|-weather|SunnyDay|[upkeep]\n|-damage|p1a: Calyrex|89/100 brn|[from] brn\n|upkeep\n|\n|t:|1746025327\n|switch|p2a: Giratina|Giratina, L50|100/100\n|turn|7\n|\n|t:|1746025339\n|move|p1b: Sinistcha|Rage Powder|p1b: Sinistcha\n|-singleturn|p1b: Sinistcha|move: Rage Powder\n|move|p1a: Calyrex|Glacial Lance|p2a: Giratina|[spread] p2a,p2b\n|-supereffective|p2a: Giratina\n|-resisted|p2b: Ho-Oh\n|-damage|p2a: Giratina|27/100\n|-damage|p2b: Ho-Oh|8/100\n|move|p2b: Ho-Oh|Sacred Fire|p1b: Sinistcha\n|-supereffective|p1b: Sinistcha\n|-damage|p1b: Sinistcha|43/100\n|move|p2a: Giratina|Substitute|p2a: Giratina\n|-start|p2a: Giratina|Substitute\n|-damage|p2a: Giratina|2/100\n|\n|-weather|SunnyDay|[upkeep]\n|-heal|p2a: Giratina|8/100|[from] item: Leftovers\n|-damage|p1a: Calyrex|83/100 brn|[from] brn\n|upkeep\n|turn|8\n|\n|t:|1746025360\n|move|p1a: Calyrex|Glacial Lance|p2b: Ho-Oh|[spread] p2a,p2b\n|-supereffective|p2a: Giratina\n|-end|p2a: Giratina|Substitute\n|-resisted|p2b: Ho-Oh\n|-damage|p2b: Ho-Oh|0 fnt\n|faint|p2b: Ho-Oh\n|-ability|p1a: Calyrex|Chilling Neigh|boost\n|-boost|p1a: Calyrex|atk|1\n|move|p1b: Sinistcha|Matcha Gotcha|p2a: Giratina\n|-resisted|p2a: Giratina\n|-damage|p2a: Giratina|0 fnt\n|-heal|p1b: Sinistcha|49/100|[from] drain|[of] p2a: Giratina\n|faint|p2a: Giratina\n|\n|win|DaddyG14\n||aurora esposito is ready for game 2.\n|inactive|DaddyG14 has 30 seconds to confirm battle start!\n||DaddyG14 is ready for game 2.\n|uhtml|next|Next: <a href=\"/battle-gen9vgc2025regibo3-2353989132\"><strong>Game 2 of 3</strong></a>\n|l|\u2606DaddyG14\n|player|p1|\n", "uploadtime": 1746025580, "views": 7, "formatid": "gen9vgc2025regibo3", "rating": null, "private": 0, "password": null}