{"id": "gen9vgc2025regibo3-2354213605", "format": "[Gen 9] VGC 2025 Reg I (Bo3)", "players": ["PanzerottoModugno", "mayorga9099"], "log": "|j|\u2606PanzerottoModugno\n|j|\u2606mayorga9099\n|html|<table width=\"100%\"><tr><td align=\"left\">PanzerottoModugno</td><td align=\"right\">mayorga9099</tr><tr><td align=\"left\"><i class=\"fa fa-circle-o\"></i> <i class=\"fa fa-circle-o\"></i> </td><td align=\"right\"><i class=\"fa fa-circle-o\"></i> <i class=\"fa fa-circle-o\"></i> </tr></table>\n|uhtml|bestof|<h2><strong>Game 1</strong> of <a href=\"/game-bestof3-gen9vgc2025regibo3-2354213604\">a best-of-3</a></h2>\n|t:|1746045306\n|gametype|doubles\n|player|p1|PanzerottoModugno|266|1275\n|player|p2|mayorga9099|ethan|1164\n|teamsize|p1|6\n|teamsize|p2|6\n|gen|9\n|tier|[Gen 9] VGC 2025 Reg I (Bo3)\n|rated|\n|rule|Species Clause: Limit one of each Pok\u00e9mon\n|rule|Item Clause: Limit 1 of each item\n|clearpoke\n|poke|p1|Koraidon, L50|\n|poke|p1|Calyrex-Shadow, L50|\n|poke|p1|Brute Bonnet, L50|\n|poke|p1|Flutter Mane, L50|\n|poke|p1|Raging Bolt, L50|\n|poke|p1|Indeedee-F, L50, F|\n|poke|p2|Calyrex-Shadow, L50|\n|poke|p2|Ho-Oh, L50|\n|poke|p2|Torkoal, L50, M|\n|poke|p2|Rillaboom, L50, F|\n|poke|p2|Urshifu-*, L50, F|\n|poke|p2|Raging Bolt, L50|\n|teampreview|4\n|showteam|p1|Koraidon||ClearAmulet|OrichalcumPulse|CollisionCourse,FlareBlitz,FlameCharge,Protect||||||50|,,,,,Fire]Calyrex-Shadow||LifeOrb|AsOneSpectrier|AstralBarrage,Psychic,NastyPlot,Protect||||||50|,,,,,Dark]Brute Bonnet||CovertCloak|Protosynthesis|SuckerPunch,SeedBomb,RagePowder,Spore||||||50|,,,,,Water]Flutter Mane||FocusSash|Protosynthesis|Moonblast,IcyWind,Taunt,Protect||||||50|,,,,,Fairy]Raging Bolt||AssaultVest|Protosynthesis|Thunderbolt,Thunderclap,Snarl,DragonPulse||||||50|,,,,,Electric]Indeedee-F||PsychicSeed|PsychicSurge|FollowMe,TrickRoom,Psychic,HelpingHand|||F|||50|,,,,,Fairy\n|showteam|p2|Calyrex-Shadow||FocusSash|AsOneSpectrier|AstralBarrage,Psychic,Protect,Encore||||||50|,,,,,Dark]Ho-Oh||RockyHelmet|Regenerator|SacredFire,Recover,Protect,BraveBird||||||50|,,,,,Normal]Torkoal||Charcoal|Drought|Eruption,EarthPower,HeavySlam,Protect|||M|||50|,,,,,Fire]Rillaboom||MiracleSeed|GrassySurge|WoodHammer,GrassyGlide,Uturn,FakeOut|||F|||50|,,,,,Fire]Urshifu-Rapid-Strike||ChoiceScarf|UnseenFist|SurgingStrikes,CloseCombat,Uturn,PoisonJab|||F|||50|,,,,,Water]Raging Bolt||AssaultVest|Protosynthesis|Thunderclap,Electroweb,DracoMeteor,Snarl||||||50|,,,,,Electric\n|inactive|Battle timer is ON: inactive players will automatically lose when time's up. (requested by mayorga9099)\n|inactive|PanzerottoModugno has 60 seconds left.\n|\n|t:|1746045370\n|start\n|switch|p1a: Calyrex|Calyrex-Shadow, L50|100/100\n|switch|p1b: Raging Bolt|Raging Bolt, L50|100/100\n|switch|p2a: Calyrex|Calyrex-Shadow, L50|100/100\n|switch|p2b: Raging Bolt|Raging Bolt, L50|100/100\n|-ability|p1a: Calyrex|As One\n|-ability|p1a: Calyrex|Unnerve\n|-ability|p2a: Calyrex|As One\n|-ability|p2a: Calyrex|Unnerve\n|turn|1\n|inactive|PanzerottoModugno has 30 seconds left.\n|\n|t:|1746045398\n|-terastallize|p1a: Calyrex|Dark\n|move|p2a: Calyrex|Protect|p2a: Calyrex\n|-singleturn|p2a: Calyrex|Protect\n|move|p1a: Calyrex|Astral Barrage|p2b: Raging Bolt|[spread] p2b\n|-activate|p2a: Calyrex|move: Protect\n|-damage|p2b: Raging Bolt|65/100\n|-damage|p1a: Calyrex|91/100|[from] item: Life Orb\n|move|p1b: Raging Bolt|Thunderbolt|p2a: Calyrex\n|-activate|p2a: Calyrex|move: Protect\n|move|p2b: Raging Bolt|Electroweb|p1b: Raging Bolt|[spread] p1a,p1b\n|-resisted|p1b: Raging Bolt\n|-damage|p1a: Calyrex|69/100\n|-damage|p1b: Raging Bolt|98/100\n|-unboost|p1a: Calyrex|spe|1\n|-unboost|p1b: Raging Bolt|spe|1\n|\n|upkeep\n|turn|2\n|inactive|mayorga9099 has 30 seconds left.\n|inactive|mayorga9099 has 20 seconds left.\n|\n|t:|1746045434\n|-terastallize|p2b: Raging Bolt|Electric\n|move|p2b: Raging Bolt|Thunderclap||[still]\n|-fail|p2b: Raging Bolt\n|move|p2a: Calyrex|Astral Barrage|p1a: Calyrex|[spread] p1a,p1b\n|-resisted|p1a: Calyrex\n|-crit|p1b: Raging Bolt\n|-damage|p1a: Calyrex|41/100\n|-damage|p1b: Raging Bolt|54/100\n|move|p1a: Calyrex|Nasty Plot|p1a: Calyrex\n|-boost|p1a: Calyrex|spa|2\n|move|p1b: Raging Bolt|Snarl|p2b: Raging Bolt|[spread] p2a,p2b\n|-supereffective|p2a: Calyrex\n|-damage|p2a: Calyrex|44/100\n|-damage|p2b: Raging Bolt|56/100\n|-unboost|p2a: Calyrex|spa|1\n|-unboost|p2b: Raging Bolt|spa|1\n|\n|upkeep\n|turn|3\n|inactive|PanzerottoModugno has 30 seconds left.\n|inactive|mayorga9099 has 30 seconds left.\n|inactive|PanzerottoModugno has 20 seconds left.\n|\n|t:|1746045472\n|switch|p2a: Rillaboom|Rillaboom, L50, F|100/100\n|-fieldstart|move: Grassy Terrain|[from] ability: Grassy Surge|[of] p2a: Rillaboom\n|move|p1a: Calyrex|Protect|p1a: Calyrex\n|-singleturn|p1a: Calyrex|Protect\n|move|p2b: Raging Bolt|Thunderclap||[still]\n|-fail|p2b: Raging Bolt\n|move|p1b: Raging Bolt|Snarl|p2b: Raging Bolt|[spread] p2b\n|-miss|p1b: Raging Bolt|p2a: Rillaboom\n|-damage|p2b: Raging Bolt|48/100\n|-unboost|p2b: Raging Bolt|spa|1\n|\n|-heal|p1a: Calyrex|47/100|[from] Grassy Terrain\n|-heal|p2b: Raging Bolt|54/100|[from] Grassy Terrain\n|-heal|p1b: Raging Bolt|60/100|[from] Grassy Terrain\n|upkeep\n|turn|4\n|\n|t:|1746045486\n|-end|p1b: Raging Bolt|Protosynthesis|[silent]\n|switch|p1b: Koraidon|Koraidon, L50|100/100\n|-weather|SunnyDay|[from] ability: Orichalcum Pulse|[of] p1b: Koraidon\n|-activate|p2b: Raging Bolt|ability: Protosynthesis\n|-start|p2b: Raging Bolt|protosynthesisdef\n|-activate|p1b: Koraidon|Orichalcum Pulse|[source]\n|move|p2a: Rillaboom|Grassy Glide|p1a: Calyrex\n|-damage|p1a: Calyrex|3/100\n|move|p1a: Calyrex|Astral Barrage|p2b: Raging Bolt|[spread] p2a,p2b\n|-damage|p2a: Rillaboom|0 fnt\n|-damage|p2b: Raging Bolt|0 fnt\n|faint|p2a: Rillaboom\n|faint|p2b: Raging Bolt\n|-end|p2b: Raging Bolt|Protosynthesis|[silent]\n|-ability|p1a: Calyrex|Grim Neigh|boost\n|-boost|p1a: Calyrex|spa|2\n|-damage|p1a: Calyrex|0 fnt|[from] item: Life Orb\n|faint|p1a: Calyrex\n|\n|-weather|SunnyDay|[upkeep]\n|upkeep\n|\n|t:|1746045501\n|switch|p1a: Flutter Mane|Flutter Mane, L50|100/100\n|switch|p2a: Ho-Oh|Ho-Oh, L50|100/100\n|switch|p2b: Calyrex|Calyrex-Shadow, L50|44/100\n|-ability|p2b: Calyrex|As One\n|-ability|p2b: Calyrex|Unnerve\n|-activate|p1a: Flutter Mane|ability: Protosynthesis\n|-start|p1a: Flutter Mane|protosynthesisspe\n|turn|5\n|\n|t:|1746045526\n|move|p1a: Flutter Mane|Protect|p1a: Flutter Mane\n|-singleturn|p1a: Flutter Mane|Protect\n|move|p2b: Calyrex|Protect|p2b: Calyrex\n|-singleturn|p2b: Calyrex|Protect\n|move|p1b: Koraidon|Protect|p1b: Koraidon\n|-singleturn|p1b: Koraidon|Protect\n|move|p2a: Ho-Oh|Sacred Fire|p1a: Flutter Mane\n|-activate|p1a: Flutter Mane|move: Protect\n|\n|-weather|SunnyDay|[upkeep]\n|-heal|p2b: Calyrex|50/100|[from] Grassy Terrain\n|upkeep\n|turn|6\n|\n|t:|1746045542\n|move|p1a: Flutter Mane|Icy Wind|p2b: Calyrex|[spread] p2a,p2b\n|-damage|p2a: Ho-Oh|92/100\n|-damage|p2b: Calyrex|35/100\n|-unboost|p2a: Ho-Oh|spe|1\n|-unboost|p2b: Calyrex|spe|1\n|move|p1b: Koraidon|Flare Blitz|p2b: Calyrex\n|-damage|p2b: Calyrex|0 fnt\n|faint|p2b: Calyrex\n|-damage|p1b: Koraidon|90/100|[from] Recoil\n|move|p2a: Ho-Oh|Sacred Fire|p1b: Koraidon\n|-resisted|p1b: Koraidon\n|-damage|p1b: Koraidon|55/100\n|-status|p1b: Koraidon|brn\n|\n|-weather|SunnyDay|[upkeep]\n|-heal|p1b: Koraidon|61/100 brn|[from] Grassy Terrain\n|-damage|p1b: Koraidon|55/100 brn|[from] brn\n|upkeep\n|turn|7\n|inactive|PanzerottoModugno has 30 seconds left.\n|\n|t:|1746045568\n|move|p1a: Flutter Mane|Icy Wind|p2a: Ho-Oh\n|-damage|p2a: Ho-Oh|80/100\n|-unboost|p2a: Ho-Oh|spe|1\n|move|p1b: Koraidon|Flare Blitz|p2a: Ho-Oh\n|-resisted|p2a: Ho-Oh\n|-damage|p2a: Ho-Oh|63/100\n|-damage|p1b: Koraidon|38/100 brn|[from] item: Rocky Helmet|[of] p2a: Ho-Oh\n|-damage|p1b: Koraidon|32/100 brn|[from] Recoil\n|move|p2a: Ho-Oh|Sacred Fire|p1a: Flutter Mane\n|-enditem|p1a: Flutter Mane|Focus Sash\n|-damage|p1a: Flutter Mane|1/100\n|-status|p1a: Flutter Mane|brn\n|\n|-weather|SunnyDay|[upkeep]\n|-heal|p1a: Flutter Mane|7/100 brn|[from] Grassy Terrain\n|-heal|p1b: Koraidon|38/100 brn|[from] Grassy Terrain\n|-damage|p1a: Flutter Mane|1/100 brn|[from] brn\n|-damage|p1b: Koraidon|32/100 brn|[from] brn\n|-fieldend|move: Grassy Terrain\n|upkeep\n|turn|8\n|\n|t:|1746045580\n|move|p1a: Flutter Mane|Moonblast|p2a: Ho-Oh\n|-resisted|p2a: Ho-Oh\n|-damage|p2a: Ho-Oh|49/100\n|-unboost|p2a: Ho-Oh|spa|1\n|move|p1b: Koraidon|Flare Blitz|p2a: Ho-Oh\n|-resisted|p2a: Ho-Oh\n|-damage|p2a: Ho-Oh|31/100\n|-damage|p1b: Koraidon|15/100 brn|[from] item: Rocky Helmet|[of] p2a: Ho-Oh\n|-damage|p1b: Koraidon|8/100 brn|[from] Recoil\n|move|p2a: Ho-Oh|Recover|p2a: Ho-Oh\n|-heal|p2a: Ho-Oh|82/100\n|\n|-weather|none\n|-end|p1a: Flutter Mane|Protosynthesis\n|-damage|p1a: Flutter Mane|0 fnt|[from] brn\n|faint|p1a: Flutter Mane\n|-end|p1a: Flutter Mane|Protosynthesis|[silent]\n|-damage|p1b: Koraidon|2/100 brn|[from] brn\n|upkeep\n|\n|t:|1746045588\n|switch|p1a: Raging Bolt|Raging Bolt, L50|60/100\n|turn|9\n|\n|t:|1746045595\n|move|p2a: Ho-Oh|Protect|p2a: Ho-Oh\n|-singleturn|p2a: Ho-Oh|Protect\n|move|p1b: Koraidon|Flare Blitz|p2a: Ho-Oh\n|-activate|p2a: Ho-Oh|move: Protect\n|move|p1a: Raging Bolt|Thunderbolt|p2a: Ho-Oh\n|-activate|p2a: Ho-Oh|move: Protect\n|\n|-damage|p1b: Koraidon|0 fnt|[from] brn\n|faint|p1b: Koraidon\n|upkeep\n|turn|10\n|\n|t:|1746045608\n|move|p1a: Raging Bolt|Thunderbolt|p2a: Ho-Oh\n|-supereffective|p2a: Ho-Oh\n|-damage|p2a: Ho-Oh|27/100\n|move|p2a: Ho-Oh|Sacred Fire|p1a: Raging Bolt\n|-resisted|p1a: Raging Bolt\n|-damage|p1a: Raging Bolt|36/100\n|-status|p1a: Raging Bolt|brn\n|\n|-damage|p1a: Raging Bolt|30/100 brn|[from] brn\n|upkeep\n|turn|11\n|\n|t:|1746045616\n|move|p2a: Ho-Oh|Protect|p2a: Ho-Oh\n|-singleturn|p2a: Ho-Oh|Protect\n|move|p1a: Raging Bolt|Thunderbolt|p2a: Ho-Oh\n|-activate|p2a: Ho-Oh|move: Protect\n|\n|-damage|p1a: Raging Bolt|23/100 brn|[from] brn\n|upkeep\n|turn|12\n|\n|t:|1746045622\n|move|p1a: Raging Bolt|Thunderbolt|p2a: Ho-Oh\n|-supereffective|p2a: Ho-Oh\n|-damage|p2a: Ho-Oh|0 fnt\n|faint|p2a: Ho-Oh\n|\n|win|PanzerottoModugno\n||mayorga9099 is ready for game 2.\n||PanzerottoModugno is ready for game 2.\n|uhtml|next|Next: <a href=\"/battle-gen9vgc2025regibo3-2354216748\"><strong>Game 2 of 3</strong></a>\n|l|\u2606mayorga9099\n|player|p2|\n", "uploadtime": 1746045802, "views": 6, "formatid": "gen9vgc2025regibo3", "rating": null, "private": 0, "password": null}