{"id": "gen9vgc2025regibo3-2353701648", "format": "[Gen 9] VGC 2025 Reg I (Bo3)", "players": ["Beh2242", "arkjsmith"], "log": "|j|\u2606Beh2242\n|j|\u2606arkjsmith\n|html|<table width=\"100%\"><tr><td align=\"left\">Beh2242</td><td align=\"right\">arkjsmith</tr><tr><td align=\"left\"><i class=\"fa fa-circle-o\"></i> <i class=\"fa fa-circle-o\"></i> </td><td align=\"right\"><i class=\"fa fa-circle-o\"></i> <i class=\"fa fa-circle\"></i> </tr></table>\n|uhtml|bestof|<h2><strong>Game 2</strong> of <a href=\"/game-bestof3-gen9vgc2025regibo3-2353699717\">a best-of-3</a></h2>\n|t:|1745985622\n|gametype|doubles\n|player|p1|Beh2242|lucas-gen4pt|1264\n|player|p2|arkjsmith|roxie|1167\n|teamsize|p1|6\n|teamsize|p2|6\n|gen|9\n|tier|[Gen 9] VGC 2025 Reg I (Bo3)\n|rated|\n|rule|Species Clause: Limit one of each Pok\u00e9mon\n|rule|Item Clause: Limit 1 of each item\n|clearpoke\n|poke|p1|Lunala, L50|\n|poke|p1|Indeedee-F, L50, F|\n|poke|p1|Whimsicott, L50, F|\n|poke|p1|Calyrex-Ice, L50|\n|poke|p1|Urshifu-*, L50, F|\n|poke|p1|Incineroar, L50, F|\n|poke|p2|Koraidon, L50|\n|poke|p2|Flutter Mane, L50|\n|poke|p2|Zacian-*, L50|\n|poke|p2|Indeedee-F, L50, F|\n|poke|p2|Chi-Yu, L50|\n|poke|p2|Brute Bonnet, L50|\n|teampreview|4\n|showteam|p1|Lunala||PowerHerb|ShadowShield|MeteorBeam,ExpandingForce,MoongeistBeam,TrickRoom||||||50|,,,,,Water]Indeedee-F||SafetyGoggles|PsychicSurge|FollowMe,HealPulse,Psychic,TrickRoom|||F|||50|,,,,,Fairy]Whimsicott||CovertCloak|Prankster|Tailwind,Moonblast,Encore,LightScreen|||F|||50|,,,,,Dark]Calyrex-Ice||ClearAmulet|AsOneGlastrier|GlacialLance,CloseCombat,TrickRoom,Protect||||||50|,,,,,Grass]Urshifu-Rapid-Strike||FocusSash|UnseenFist|SurgingStrikes,CloseCombat,AquaJet,Detect|||F|||50|,,,,,Water]Incineroar||RockyHelmet|Intimidate|FakeOut,FlareBlitz,KnockOff,PartingShot|||F|||50|,,,,,Water\n|showteam|p2|Koraidon||LifeOrb|OrichalcumPulse|CloseCombat,FlareBlitz,FlameCharge,Protect||||||50|,,,,,Fire]Flutter Mane||FocusSash|Protosynthesis|Moonblast,ShadowBall,IcyWind,Protect||||||50|,,,,,Normal]Zacian-Crowned||RustedSword|IntrepidSword|behemothblade,PlayRough,Substitute,Protect||||||50|,,,,,Water]Indeedee-F||PsychicSeed|PsychicSurge|Psychic,FollowMe,HelpingHand,TrickRoom|||F|||50|,,,,,Water]Chi-Yu||ChoiceScarf|BeadsofRuin|Overheat,HeatWave,Flamethrower,Snarl||||||50|,,,,,Fire]Brute Bonnet||CovertCloak|Protosynthesis|SeedBomb,SuckerPunch,Spore,RagePowder||||||50|,,,,,Water\n|inactive|Battle timer is ON: inactive players will automatically lose when time's up. (requested by arkjsmith)\n|\n|t:|1745985636\n|start\n|switch|p1a: Lunala|Lunala, L50|100/100\n|switch|p1b: Indeedee|Indeedee-F, L50, F|100/100\n|switch|p2a: Zacian|Zacian-Crowned, L50, shiny|100/100\n|switch|p2b: Brute Bonnet|Brute Bonnet, L50|100/100\n|-ability|p2a: Zacian|Intrepid Sword|boost\n|-boost|p2a: Zacian|atk|1\n|-fieldstart|move: Psychic Terrain|[from] ability: Psychic Surge|[of] p1b: Indeedee\n|turn|1\n|inactive|arkjsmith has 30 seconds left.\n|\n|t:|1745985663\n|move|p1b: Indeedee|Follow Me|p1b: Indeedee\n|-singleturn|p1b: Indeedee|move: Follow Me\n|move|p2a: Zacian|Behemoth Blade|p1b: Indeedee\n|-damage|p1b: Indeedee|11/100\n|move|p2b: Brute Bonnet|Spore|p1b: Indeedee\n|-activate|p1b: Indeedee|item: Safety Goggles|Spore\n|move|p1a: Lunala|Trick Room|p1a: Lunala\n|-fieldstart|move: Trick Room|[of] p1a: Lunala\n|\n|upkeep\n|turn|2\n|\n|t:|1745985678\n|-terastallize|p1a: Lunala|Water\n|move|p2a: Zacian|Protect|p2a: Zacian\n|-singleturn|p2a: Zacian|Protect\n|move|p1b: Indeedee|Follow Me|p1b: Indeedee\n|-singleturn|p1b: Indeedee|move: Follow Me\n|move|p2b: Brute Bonnet|Seed Bomb|p1b: Indeedee\n|-damage|p1b: Indeedee|0 fnt\n|faint|p1b: Indeedee\n|move|p1a: Lunala|Meteor Beam||[still]\n|-prepare|p1a: Lunala|Meteor Beam\n|-boost|p1a: Lunala|spa|1\n|-enditem|p1a: Lunala|Power Herb\n|-anim|p1a: Lunala|Meteor Beam|p2b: Brute Bonnet\n|-damage|p2b: Brute Bonnet|44/100\n|\n|upkeep\n|\n|t:|1745985690\n|switch|p1b: Incineroar|Incineroar, L50, F|100/100\n|-ability|p1b: Incineroar|Intimidate|boost\n|-unboost|p2a: Zacian|atk|1\n|-unboost|p2b: Brute Bonnet|atk|1\n|turn|3\n|\n|t:|1745985708\n|move|p2b: Brute Bonnet|Seed Bomb|p1a: Lunala\n|-supereffective|p1a: Lunala\n|-crit|p1a: Lunala\n|-damage|p1a: Lunala|61/100\n|move|p1b: Incineroar|Flare Blitz|p2a: Zacian\n|-supereffective|p2a: Zacian\n|-damage|p2a: Zacian|6/100\n|-damage|p1b: Incineroar|73/100|[from] Recoil\n|move|p1a: Lunala|Moongeist Beam|p2a: Zacian\n|-damage|p2a: Zacian|0 fnt\n|faint|p2a: Zacian\n|\n|upkeep\n|\n|t:|1745985717\n|switch|p2a: Dirk|Koraidon, L50|100/100\n|-weather|SunnyDay|[from] ability: Orichalcum Pulse|[of] p2a: Dirk\n|-activate|p2b: Brute Bonnet|ability: Protosynthesis\n|-start|p2b: Brute Bonnet|protosynthesisdef\n|-activate|p2a: Dirk|Orichalcum Pulse|[source]\n|turn|4\n|\n|t:|1745985732\n|switch|p1a: Whimsicott|Whimsicott, L50, F|100/100\n|move|p2b: Brute Bonnet|Spore|p1a: Whimsicott\n|-immune|p1a: Whimsicott\n|move|p1b: Incineroar|Flare Blitz|p2b: Brute Bonnet\n|-supereffective|p2b: Brute Bonnet\n|-damage|p2b: Brute Bonnet|0 fnt\n|faint|p2b: Brute Bonnet\n|-end|p2b: Brute Bonnet|Protosynthesis|[silent]\n|-damage|p1b: Incineroar|58/100|[from] Recoil\n|move|p2a: Dirk|Close Combat|p1b: Incineroar\n|-supereffective|p1b: Incineroar\n|-damage|p1b: Incineroar|0 fnt\n|-unboost|p2a: Dirk|def|1\n|-unboost|p2a: Dirk|spd|1\n|-damage|p2a: Dirk|84/100|[from] item: Rocky Helmet|[of] p1b: Incineroar\n|faint|p1b: Incineroar\n|-damage|p2a: Dirk|74/100|[from] item: Life Orb\n|\n|-weather|SunnyDay|[upkeep]\n|upkeep\n|\n|t:|1745985749\n|switch|p2b: Rusty|Chi-Yu, L50|100/100\n|switch|p1b: Lunala|Lunala, L50, tera:Water|61/100\n|-ability|p2b: Rusty|Beads of Ruin\n|turn|5\n|\n|t:|1745985767\n|move|p2a: Dirk|Protect|p2a: Dirk\n|-singleturn|p2a: Dirk|Protect\n|move|p1a: Whimsicott|Light Screen|p1a: Whimsicott\n|-sidestart|p1: Beh2242|move: Light Screen\n|move|p1b: Lunala|Moongeist Beam|p2b: Rusty\n|-resisted|p2b: Rusty\n|-damage|p2b: Rusty|66/100\n|move|p2b: Rusty|Heat Wave|p1b: Lunala|[spread] p1a,p1b\n|-supereffective|p1a: Whimsicott\n|-resisted|p1b: Lunala\n|-damage|p1a: Whimsicott|0 fnt\n|-damage|p1b: Lunala|40/100\n|-status|p1b: Lunala|brn\n|faint|p1a: Whimsicott\n|\n|-weather|SunnyDay|[upkeep]\n|-damage|p1b: Lunala|34/100 brn|[from] brn\n|-fieldend|move: Trick Room\n|-fieldend|move: Psychic Terrain\n|upkeep\n|turn|6\n|-message|Beh2242 forfeited.\n|\n|win|arkjsmith\n|raw|Beh2242's rating: 1264 &rarr; <strong>1232</strong><br />(-32 for losing)\n|raw|arkjsmith's rating: 1167 &rarr; <strong>1199</strong><br />(+32 for winning)\n|l|\u2606Beh2242\n|player|p1|\n|l|\u2606arkjsmith\n|player|p2|\n", "uploadtime": 1745986165, "views": 6, "formatid": "gen9vgc2025regibo3", "rating": 1199, "private": 0, "password": null}