{"id": "gen9vgc2025regibo3-2353831057", "format": "[Gen 9] VGC 2025 Reg I (Bo3)", "players": ["We_Love_The_Gong", "Slackermaru"], "log": "|j|\u2606We_Love_The_Gong\n|j|\u2606Slackermaru\n|html|<table width=\"100%\"><tr><td align=\"left\">We_Love_The_Gong</td><td align=\"right\">Slackermaru</tr><tr><td align=\"left\"><i class=\"fa fa-circle-o\"></i> <i class=\"fa fa-circle-o\"></i> </td><td align=\"right\"><i class=\"fa fa-circle-o\"></i> <i class=\"fa fa-circle-o\"></i> </tr></table>\n|uhtml|bestof|<h2><strong>Game 1</strong> of <a href=\"/game-bestof3-gen9vgc2025regibo3-2353831056\">a best-of-3</a></h2>\n|t:|1746007145\n|gametype|doubles\n|player|p1|We_Love_The_Gong|fantina|1342\n|player|p2|Slackermaru|workerice|1414\n|teamsize|p1|6\n|teamsize|p2|6\n|gen|9\n|tier|[Gen 9] VGC 2025 Reg I (Bo3)\n|rated|\n|rule|Species Clause: Limit one of each Pok\u00e9mon\n|rule|Item Clause: Limit 1 of each item\n|clearpoke\n|poke|p1|Miraidon, L50|\n|poke|p1|Mandibuzz, L50, F|\n|poke|p1|Ursaluna, L50, F|\n|poke|p1|Urshifu-*, L50, M|\n|poke|p1|Lunala, L50|\n|poke|p1|Iron Hands, L50|\n|poke|p2|Koraidon, L50|\n|poke|p2|Brute Bonnet, L50|\n|poke|p2|Flutter Mane, L50|\n|poke|p2|Lunala, L50|\n|poke|p2|Chi-Yu, L50|\n|poke|p2|Indeedee-F, L50, F|\n|teampreview|4\n|showteam|p1|Miraidon||LifeOrb|HadronEngine|ElectroBall,VoltSwitch,DracoMeteor,Protect||||||50|,,,,,Electric]Mandibuzz||ElectricSeed|Overcoat|FoulPlay,Taunt,Tailwind,Roost|||F|||50|,,,,,Water]Ursaluna||FlameOrb|Guts|Facade,HeadlongRush,Earthquake,Protect|||F|||50|,,,,,Normal]Urshifu-Rapid-Strike||FocusSash|UnseenFist|SurgingStrikes,AquaJet,CloseCombat,Detect|||M|||50|,,,,,Stellar]Lunala||PowerHerb|ShadowShield|MoongeistBeam,MeteorBeam,WideGuard,TrickRoom||||||50|,,,,,Fairy]Iron Hands||AssaultVest|QuarkDrive|FakeOut,DrainPunch,LowKick,HeavySlam||||||50|,,,,,Bug\n|showteam|p2|Koraidon||LifeOrb|OrichalcumPulse|CloseCombat,FlareBlitz,FlameCharge,Protect||||||50|,,,,,Fire]Brute Bonnet||CovertCloak|Protosynthesis|SuckerPunch,SeedBomb,Spore,RagePowder||||||50|,,,,,Water]Flutter Mane||FocusSash|Protosynthesis|Protect,Moonblast,ShadowBall,IcyWind||||||50|,,,,,Normal]Lunala||PowerHerb|ShadowShield|MoongeistBeam,ExpandingForce,MeteorBeam,WideGuard||||||50|,,,,,Water]Chi-Yu||ChoiceScarf|BeadsofRuin|HeatWave,Overheat,DarkPulse,Snarl||||||50|,,,,,Ghost]Indeedee-F||PsychicSeed|PsychicSurge|Psychic,FollowMe,TrickRoom,HelpingHand|||F|||50|,,,,,Water\n|\n|t:|1746007188\n|start\n|switch|p1a: Miraidon|Miraidon, L50|100/100\n|switch|p1b: Mandibuzz|Mandibuzz, L50, F|100/100\n|switch|p2a: Koraidon|Koraidon, L50|100/100\n|switch|p2b: Brute Bonnet|Brute Bonnet, L50, shiny|100/100\n|-weather|SunnyDay|[from] ability: Orichalcum Pulse|[of] p2a: Koraidon\n|-activate|p2b: Brute Bonnet|ability: Protosynthesis\n|-start|p2b: Brute Bonnet|protosynthesisdef\n|-activate|p2a: Koraidon|Orichalcum Pulse|[source]\n|-fieldstart|move: Electric Terrain|[from] ability: Hadron Engine|[of] p1a: Miraidon\n|-enditem|p1b: Mandibuzz|Electric Seed\n|-boost|p1b: Mandibuzz|def|1|[from] item: Electric Seed\n|turn|1\n|\n|t:|1746007216\n|-terastallize|p2a: Koraidon|Fire\n|move|p2b: Brute Bonnet|Rage Powder|p2b: Brute Bonnet\n|-singleturn|p2b: Brute Bonnet|move: Rage Powder\n|move|p2a: Koraidon|Flare Blitz|p1b: Mandibuzz\n|-damage|p1b: Mandibuzz|23/100\n|-status|p1b: Mandibuzz|brn\n|-damage|p2a: Koraidon|70/100|[from] Recoil\n|-damage|p2a: Koraidon|60/100|[from] item: Life Orb\n|move|p1a: Miraidon|Volt Switch|p2b: Brute Bonnet\n|-resisted|p2b: Brute Bonnet\n|-crit|p2b: Brute Bonnet\n|-damage|p2b: Brute Bonnet|54/100\n|-damage|p1a: Miraidon|91/100|[from] item: Life Orb\n|\n|t:|1746007222\n|switch|p1a: Lunala|Lunala, L50|100/100|[from] Volt Switch\n|move|p1b: Mandibuzz|Tailwind|p1b: Mandibuzz\n|-sidestart|p1: We_Love_The_Gong|move: Tailwind\n|\n|-weather|SunnyDay|[upkeep]\n|-damage|p1b: Mandibuzz|17/100 brn|[from] brn\n|upkeep\n|turn|2\n|\n|t:|1746007245\n|switch|p2a: Indeedee|Indeedee-F, L50, F|100/100\n|-fieldstart|move: Psychic Terrain|[from] ability: Psychic Surge|[of] p2a: Indeedee\n|-enditem|p2a: Indeedee|Psychic Seed\n|-boost|p2a: Indeedee|spd|1|[from] item: Psychic Seed\n|-terastallize|p1a: Lunala|Fairy\n|move|p1a: Lunala|Meteor Beam||[still]\n|-prepare|p1a: Lunala|Meteor Beam\n|-boost|p1a: Lunala|spa|1\n|-enditem|p1a: Lunala|Power Herb\n|-anim|p1a: Lunala|Meteor Beam|p2a: Indeedee\n|-damage|p2a: Indeedee|51/100\n|move|p1b: Mandibuzz|Roost|p1b: Mandibuzz\n|-heal|p1b: Mandibuzz|67/100 brn\n|-singleturn|p1b: Mandibuzz|move: Roost\n|move|p2b: Brute Bonnet|Spore|p1a: Lunala\n|-status|p1a: Lunala|slp|[from] move: Spore\n|\n|-weather|SunnyDay|[upkeep]\n|-damage|p1b: Mandibuzz|61/100 brn|[from] brn\n|upkeep\n|turn|3\n|inactive|Battle timer is ON: inactive players will automatically lose when time's up. (requested by We_Love_The_Gong)\n|\n|t:|1746007274\n|cant|p1a: Lunala|slp\n|move|p1b: Mandibuzz|Taunt|p2a: Indeedee\n|-start|p2a: Indeedee|move: Taunt\n|move|p2a: Indeedee|Psychic|p1a: Lunala\n|-damage|p1a: Lunala|87/100 slp\n|move|p2b: Brute Bonnet|Seed Bomb|p1a: Lunala\n|-damage|p1a: Lunala|60/100 slp\n|\n|-weather|SunnyDay|[upkeep]\n|-damage|p1b: Mandibuzz|55/100 brn|[from] brn\n|upkeep\n|turn|4\n|j| ROMS LAB\n|\n|t:|1746007294\n|-end|p2b: Brute Bonnet|Protosynthesis|[silent]\n|switch|p2b: Lunala|Lunala, L50|100/100\n|cant|p1a: Lunala|slp\n|move|p1b: Mandibuzz|Foul Play|p2b: Lunala\n|-supereffective|p2b: Lunala\n|-damage|p2b: Lunala|78/100\n|move|p2a: Indeedee|Psychic|p1a: Lunala\n|-crit|p1a: Lunala\n|-damage|p1a: Lunala|14/100 slp\n|\n|-weather|SunnyDay|[upkeep]\n|-damage|p1b: Mandibuzz|49/100 brn|[from] brn\n|-sideend|p1: We_Love_The_Gong|move: Tailwind\n|upkeep\n|turn|5\n|\n|t:|1746007310\n|cant|p1a: Lunala|slp\n|move|p2b: Lunala|Meteor Beam||[still]\n|-prepare|p2b: Lunala|Meteor Beam\n|-boost|p2b: Lunala|spa|1\n|-enditem|p2b: Lunala|Power Herb\n|-anim|p2b: Lunala|Meteor Beam|p1b: Mandibuzz|[miss]\n|-miss|p2b: Lunala|p1b: Mandibuzz\n|move|p1b: Mandibuzz|Tailwind|p1b: Mandibuzz\n|-sidestart|p1: We_Love_The_Gong|move: Tailwind\n|move|p2a: Indeedee|Psychic|p1a: Lunala\n|-damage|p1a: Lunala|0 fnt\n|faint|p1a: Lunala\n|\n|-weather|none\n|-damage|p1b: Mandibuzz|43/100 brn|[from] brn\n|-end|p2a: Indeedee|move: Taunt\n|upkeep\n|inactive|We_Love_The_Gong has 30 seconds left.\n|inactive|We_Love_The_Gong has 20 seconds left.\n|inactive|We_Love_The_Gong has 15 seconds left.\n|\n|t:|1746007352\n|switch|p1a: Miraidon|Miraidon, L50|91/100\n|-fieldstart|move: Electric Terrain|[from] ability: Hadron Engine|[of] p1a: Miraidon\n|turn|6\n|\n|t:|1746007365\n|move|p1a: Miraidon|Protect|p1a: Miraidon\n|-singleturn|p1a: Miraidon|Protect\n|move|p2a: Indeedee|Follow Me|p2a: Indeedee\n|-singleturn|p2a: Indeedee|move: Follow Me\n|move|p1b: Mandibuzz|Taunt|p2a: Indeedee\n|-start|p2a: Indeedee|move: Taunt\n|move|p2b: Lunala|Moongeist Beam|p1a: Miraidon\n|-activate|p1a: Miraidon|move: Protect\n|\n|-damage|p1b: Mandibuzz|37/100 brn|[from] brn\n|upkeep\n|turn|7\n|\n|t:|1746007385\n|switch|p2a: Brute Bonnet|Brute Bonnet, L50, shiny|54/100\n|move|p1a: Miraidon|Electro Ball|p2b: Lunala\n|-damage|p2b: Lunala|6/100\n|-damage|p1a: Miraidon|81/100|[from] item: Life Orb\n|move|p1b: Mandibuzz|Roost|p1b: Mandibuzz\n|-heal|p1b: Mandibuzz|87/100 brn\n|-singleturn|p1b: Mandibuzz|move: Roost\n|move|p2b: Lunala|Moongeist Beam|p1a: Miraidon\n|-damage|p1a: Miraidon|12/100\n|\n|-damage|p1b: Mandibuzz|81/100 brn|[from] brn\n|upkeep\n|turn|8\n|\n|t:|1746007407\n|switch|p1a: Ursaluna|Ursaluna, L50, F|100/100\n|move|p2a: Brute Bonnet|Sucker Punch||[still]\n|-fail|p2a: Brute Bonnet\n|move|p1b: Mandibuzz|Foul Play|p2b: Lunala\n|-supereffective|p2b: Lunala\n|-damage|p2b: Lunala|0 fnt\n|faint|p2b: Lunala\n|\n|-damage|p1b: Mandibuzz|75/100 brn|[from] brn\n|-sideend|p1: We_Love_The_Gong|move: Tailwind\n|-status|p1a: Ursaluna|brn|[from] item: Flame Orb\n|upkeep\n|\n|t:|1746007419\n|switch|p2b: Koraidon|Koraidon, L50, tera:Fire|60/100\n|-weather|SunnyDay|[from] ability: Orichalcum Pulse|[of] p2b: Koraidon\n|-activate|p2a: Brute Bonnet|ability: Protosynthesis\n|-start|p2a: Brute Bonnet|protosynthesisdef\n|-activate|p2b: Koraidon|Orichalcum Pulse|[source]\n|turn|9\n|inactive|Slackermaru has 30 seconds left.\n|\n|t:|1746007450\n|switch|p1a: Miraidon|Miraidon, L50|12/100\n|-activate|p1a: Miraidon|ability: Hadron Engine\n|move|p2a: Brute Bonnet|Rage Powder|p2a: Brute Bonnet\n|-singleturn|p2a: Brute Bonnet|move: Rage Powder\n|move|p2b: Koraidon|Close Combat|p1a: Miraidon\n|-damage|p1a: Miraidon|0 fnt\n|-unboost|p2b: Koraidon|def|1\n|-unboost|p2b: Koraidon|spd|1\n|faint|p1a: Miraidon\n|-damage|p2b: Koraidon|50/100|[from] item: Life Orb\n|move|p1b: Mandibuzz|Foul Play|p2b: Koraidon\n|-damage|p2b: Koraidon|14/100\n|\n|-weather|SunnyDay|[upkeep]\n|-damage|p1b: Mandibuzz|69/100 brn|[from] brn\n|upkeep\n|\n|t:|1746007462\n|switch|p1a: Ursaluna|Ursaluna, L50, F|100/100 brn\n|turn|10\n|\n|t:|1746007472\n|move|p1a: Ursaluna|Protect|p1a: Ursaluna\n|-singleturn|p1a: Ursaluna|Protect\n|move|p2b: Koraidon|Flare Blitz|p1b: Mandibuzz\n|-damage|p1b: Mandibuzz|0 fnt\n|faint|p1b: Mandibuzz\n|-damage|p2b: Koraidon|0 fnt|[from] Recoil\n|faint|p2b: Koraidon\n|move|p2a: Brute Bonnet|Seed Bomb|p1a: Ursaluna\n|-activate|p1a: Ursaluna|move: Protect\n|\n|-weather|SunnyDay|[upkeep]\n|-damage|p1a: Ursaluna|94/100 brn|[from] brn\n|-fieldend|move: Electric Terrain\n|upkeep\n|\n|t:|1746007483\n|switch|p2b: Indeedee|Indeedee-F, L50, F|51/100\n|-fieldstart|move: Psychic Terrain|[from] ability: Psychic Surge|[of] p2b: Indeedee\n|turn|11\n|\n|t:|1746007491\n|move|p2b: Indeedee|Helping Hand|p2a: Brute Bonnet\n|-singleturn|p2a: Brute Bonnet|Helping Hand|[of] p2b: Indeedee\n|move|p2a: Brute Bonnet|Seed Bomb|p1a: Ursaluna\n|-supereffective|p1a: Ursaluna\n|-damage|p1a: Ursaluna|13/100 brn\n|move|p1a: Ursaluna|Earthquake|p2a: Brute Bonnet|[spread] p2a,p2b\n|-resisted|p2a: Brute Bonnet\n|-damage|p2a: Brute Bonnet|38/100\n|-damage|p2b: Indeedee|0 fnt\n|faint|p2b: Indeedee\n|\n|-weather|SunnyDay|[upkeep]\n|-damage|p1a: Ursaluna|7/100 brn|[from] brn\n|upkeep\n|turn|12\n|-message|We_Love_The_Gong forfeited.\n|\n|win|Slackermaru\n||We_Love_The_Gong is ready for game 2.\n||Slackermaru is ready for game 2.\n|uhtml|next|Next: <a href=\"/battle-gen9vgc2025regibo3-2353833231\"><strong>Game 2 of 3</strong></a>\n|l|\u2606Slackermaru\n|player|p2|\n|l| ROMS LAB\n|l|\u2606We_Love_The_Gong\n|player|p1|\n", "uploadtime": 1746007791, "views": 6, "formatid": "gen9vgc2025regibo3", "rating": null, "private": 0, "password": null}