{"id": "gen9vgc2025regibo3-2353301005", "format": "[Gen 9] VGC 2025 Reg I (Bo3)", "players": ["bruinbroker01", "Testing Reg I"], "log": "|j|\u2606bruinbroker01\n|j|\u2606Testing Reg I\n|html|<table width=\"100%\"><tr><td align=\"left\">bruinbroker01</td><td align=\"right\">Testing Reg I</tr><tr><td align=\"left\"><i class=\"fa fa-circle\"></i> <i class=\"fa fa-circle-o\"></i> </td><td align=\"right\"><i class=\"fa fa-circle-o\"></i> <i class=\"fa fa-circle-o\"></i> </tr></table>\n|uhtml|bestof|<h2><strong>Game 2</strong> of <a href=\"/game-bestof3-gen9vgc2025regibo3-2353297163\">a best-of-3</a></h2>\n|t:|1745944575\n|gametype|doubles\n|player|p1|bruinbroker01|265|1152\n|player|p2|Testing Reg I|2|1049\n|teamsize|p1|6\n|teamsize|p2|6\n|gen|9\n|tier|[Gen 9] VGC 2025 Reg I (Bo3)\n|rated|\n|rule|Species Clause: Limit one of each Pok\u00e9mon\n|rule|Item Clause: Limit 1 of each item\n|clearpoke\n|poke|p1|Indeedee-F, L50, F|\n|poke|p1|Calyrex-Ice, L50|\n|poke|p1|Ursaluna-Bloodmoon, L50, M|\n|poke|p1|Smeargle, L50, M|\n|poke|p1|Urshifu-*, L50, F|\n|poke|p1|Lunala, L50|\n|poke|p2|Zamazenta-*, L50|\n|poke|p2|Ho-Oh, L50|\n|poke|p2|Tyranitar, L50, M|\n|poke|p2|Garchomp, L50, F|\n|poke|p2|Cresselia, L50, F|\n|poke|p2|Houndstone, L50, M|\n|teampreview|4\n|showteam|p1|Indeedee-F||RockyHelmet|PsychicSurge|Psychic,TrickRoom,FollowMe,HelpingHand|||F|||50|,,,,,Fairy]Calyrex-Ice||ClearAmulet|AsOneGlastrier|GlacialLance,HighHorsepower,TrickRoom,Protect||||||50|,,,,,Fire]Ursaluna-Bloodmoon||LifeOrb|MindsEye|EarthPower,HyperVoice,BloodMoon,Protect|||M|||50|,,,,,Normal]Smeargle||FocusSash|OwnTempo|FollowMe,FakeOut,Decorate,Spore|||M|||50|,,,,,Grass]Urshifu||ChoiceBand|UnseenFist|WickedBlow,SuckerPunch,CloseCombat,IronHead|||F|||50|,,,,,Grass]Lunala||PowerHerb|ShadowShield|ExpandingForce,TrickRoom,MoongeistBeam,MeteorBeam||||||50|,,,,,Grass\n|showteam|p2|Zamazenta-Crowned||RustedShield|DauntlessShield|Trailblaze,BodyPress,behemothbash,WideGuard||||||50|,,,,,Fighting]Ho-Oh||Leftovers|Regenerator|SacredFire,BraveBird,Sandstorm,Tailwind||||||50|,,,,,Grass]Tyranitar||ClearAmulet|SandStream|HelpingHand,KnockOff,RockSlide,Protect|||M|||50|,,,,,Poison]Garchomp||SitrusBerry|SandVeil|SwordsDance,Earthquake,Outrage,Protect|||F|||50|,,,,,Ground]Cresselia||SafetyGoggles|Levitate|SkillSwap,LunarBlessing,Moonblast,TrickRoom|||F|||50|,,,,,Fairy]Houndstone||ChoiceBand|SandRush|ShadowSneak,LastRespects,PsychicFangs,PlayRough|||M|||50|,,,,,Ghost\n|\n|t:|1745944593\n|start\n|switch|p1a: Indeedee|Indeedee-F, L50, F, shiny|100/100\n|switch|p1b: Lunala|Lunala, L50|100/100\n|switch|p2a: Tyranitar|Tyranitar, L50, M, shiny|100/100\n|switch|p2b: Cresselia|Cresselia, L50, F|100/100\n|-fieldstart|move: Psychic Terrain|[from] ability: Psychic Surge|[of] p1a: Indeedee\n|-weather|Sandstorm|[from] ability: Sand Stream|[of] p2a: Tyranitar\n|turn|1\n|\n|t:|1745944647\n|switch|p1a: Calyrex|Calyrex-Ice, L50|100/100\n|-ability|p1a: Calyrex|As One\n|-ability|p1a: Calyrex|Unnerve\n|move|p1b: Lunala|Meteor Beam||[still]\n|-prepare|p1b: Lunala|Meteor Beam\n|-boost|p1b: Lunala|spa|1\n|-enditem|p1b: Lunala|Power Herb\n|-anim|p1b: Lunala|Meteor Beam|p2b: Cresselia\n|-damage|p2b: Cresselia|60/100\n|move|p2b: Cresselia|Skill Swap|p2a: Tyranitar\n|-activate|p2b: Cresselia|move: Skill Swap|||[of] p2a: Tyranitar\n|move|p2a: Tyranitar|Rock Slide|p1a: Calyrex|[spread] p1a\n|-miss|p2a: Tyranitar|p1b: Lunala\n|-supereffective|p1a: Calyrex\n|-damage|p1a: Calyrex|72/100\n|\n|-weather|Sandstorm|[upkeep]\n|-damage|p1b: Lunala|94/100|[from] Sandstorm\n|-damage|p1a: Calyrex|66/100|[from] Sandstorm\n|upkeep\n|turn|2\n|\n|t:|1745944674\n|move|p1a: Calyrex|Protect|p1a: Calyrex\n|-singleturn|p1a: Calyrex|Protect\n|move|p1b: Lunala|Expanding Force|p2b: Cresselia|[spread] p2b\n|-immune|p2a: Tyranitar\n|-resisted|p2b: Cresselia\n|-crit|p2b: Cresselia\n|-damage|p2b: Cresselia|14/100\n|move|p2b: Cresselia|Lunar Blessing|p2b: Cresselia|[spread] p2a,p2b\n|-heal|p2b: Cresselia|39/100\n|move|p2a: Tyranitar|Rock Slide|p1b: Lunala|[spread] \n|-activate|p1a: Calyrex|move: Protect\n|-miss|p2a: Tyranitar|p1b: Lunala\n|\n|-weather|Sandstorm|[upkeep]\n|-damage|p1b: Lunala|88/100|[from] Sandstorm\n|-damage|p1a: Calyrex|60/100|[from] Sandstorm\n|upkeep\n|turn|3\n|\n|t:|1745944704\n|move|p1b: Lunala|Moongeist Beam|p2b: Cresselia\n|-supereffective|p2b: Cresselia\n|-damage|p2b: Cresselia|0 fnt\n|faint|p2b: Cresselia\n|move|p2a: Tyranitar|Knock Off|p1a: Calyrex\n|-supereffective|p1a: Calyrex\n|-damage|p1a: Calyrex|7/100\n|-enditem|p1a: Calyrex|Clear Amulet|[from] move: Knock Off|[of] p2a: Tyranitar\n|move|p1a: Calyrex|Glacial Lance|p2a: Tyranitar\n|-damage|p2a: Tyranitar|40/100\n|\n|-weather|Sandstorm|[upkeep]\n|-damage|p1b: Lunala|82/100|[from] Sandstorm\n|-damage|p1a: Calyrex|1/100|[from] Sandstorm\n|upkeep\n|\n|t:|1745944712\n|switch|p2b: Garchomp|Garchomp, L50, F, shiny|100/100\n|turn|4\n|\n|t:|1745944724\n|move|p2b: Garchomp|Protect|p2b: Garchomp\n|-singleturn|p2b: Garchomp|Protect\n|move|p2a: Tyranitar|Protect|p2a: Tyranitar\n|-singleturn|p2a: Tyranitar|Protect\n|move|p1a: Calyrex|Protect|p1a: Calyrex\n|-singleturn|p1a: Calyrex|Protect\n|move|p1b: Lunala|Trick Room|p1b: Lunala\n|-fieldstart|move: Trick Room|[of] p1b: Lunala\n|\n|-weather|Sandstorm|[upkeep]\n|-damage|p1a: Calyrex|0 fnt|[from] Sandstorm\n|-damage|p1b: Lunala|75/100|[from] Sandstorm\n|faint|p1a: Calyrex\n|upkeep\n|\n|t:|1745944735\n|switch|p1a: Smeargle|Smeargle, L50, M, shiny|100/100\n|turn|5\n|\n|t:|1745944749\n|move|p1a: Smeargle|Spore|p2b: Garchomp\n|-status|p2b: Garchomp|slp|[from] move: Spore\n|move|p2a: Tyranitar|Knock Off|p1b: Lunala\n|-supereffective|p1b: Lunala\n|-damage|p1b: Lunala|0 fnt\n|faint|p1b: Lunala\n|cant|p2b: Garchomp|slp\n|\n|-weather|none\n|-fieldend|move: Psychic Terrain\n|upkeep\n|\n|t:|1745944758\n|switch|p1b: Indeedee|Indeedee-F, L50, F, shiny|100/100\n|-fieldstart|move: Psychic Terrain|[from] ability: Psychic Surge|[of] p1b: Indeedee\n|turn|6\n|\n|t:|1745944767\n|switch|p2a: Zamazenta|Zamazenta-Crowned, L50|100/100\n|-ability|p2a: Zamazenta|Dauntless Shield|boost\n|-boost|p2a: Zamazenta|def|1\n|move|p1a: Smeargle|Spore|p2a: Zamazenta\n|-status|p2a: Zamazenta|slp|[from] move: Spore\n|move|p1b: Indeedee|Psychic|p2b: Garchomp\n|-damage|p2b: Garchomp|58/100 slp\n|cant|p2b: Garchomp|slp\n|\n|upkeep\n|turn|7\n|\n|t:|1745944791\n|switch|p2a: Tyranitar|Tyranitar, L50, M, shiny|40/100\n|-weather|Sandstorm|[from] ability: Sand Stream|[of] p2a: Tyranitar\n|move|p1a: Smeargle|Spore|p2a: Tyranitar\n|-status|p2a: Tyranitar|slp|[from] move: Spore\n|move|p1b: Indeedee|Psychic|p2b: Garchomp\n|-damage|p2b: Garchomp|14/100 slp\n|-enditem|p2b: Garchomp|Sitrus Berry|[eat]\n|-heal|p2b: Garchomp|39/100 slp|[from] item: Sitrus Berry\n|cant|p2b: Garchomp|slp\n|\n|-weather|Sandstorm|[upkeep]\n|-damage|p1a: Smeargle|94/100|[from] Sandstorm\n|-damage|p1b: Indeedee|94/100|[from] Sandstorm\n|upkeep\n|turn|8\n|\n|t:|1745944821\n|-curestatus|p2b: Garchomp|slp|[msg]\n|move|p2b: Garchomp|Protect|p2b: Garchomp\n|-singleturn|p2b: Garchomp|Protect\n|move|p1a: Smeargle|Spore|p2a: Tyranitar\n|-fail|p2a: Tyranitar|slp\n|cant|p2a: Tyranitar|slp\n|move|p1b: Indeedee|Psychic|p2b: Garchomp\n|-activate|p2b: Garchomp|move: Protect\n|\n|-weather|Sandstorm|[upkeep]\n|-damage|p1a: Smeargle|88/100|[from] Sandstorm\n|-damage|p1b: Indeedee|88/100|[from] Sandstorm\n|-fieldend|move: Trick Room\n|upkeep\n|turn|9\n|\n|t:|1745944850\n|move|p2b: Garchomp|Swords Dance|p2b: Garchomp\n|-boost|p2b: Garchomp|atk|2\n|move|p1b: Indeedee|Psychic|p2b: Garchomp\n|-damage|p2b: Garchomp|0 fnt\n|faint|p2b: Garchomp\n|cant|p2a: Tyranitar|slp\n|move|p1a: Smeargle|Spore|p2a: Tyranitar\n|-fail|p2a: Tyranitar|slp\n|\n|-weather|Sandstorm|[upkeep]\n|-damage|p1b: Indeedee|82/100|[from] Sandstorm\n|-damage|p1a: Smeargle|82/100|[from] Sandstorm\n|upkeep\n|\n|t:|1745944859\n|switch|p2b: Zamazenta|Zamazenta-Crowned, L50|100/100 slp\n|turn|10\n|\n|t:|1745944870\n|cant|p2b: Zamazenta|slp\n|move|p1b: Indeedee|Psychic|p2b: Zamazenta\n|-damage|p2b: Zamazenta|70/100 slp\n|cant|p2a: Tyranitar|slp\n|move|p1a: Smeargle|Spore|p2a: Tyranitar\n|-fail|p2a: Tyranitar|slp\n|\n|-weather|Sandstorm|[upkeep]\n|-damage|p1b: Indeedee|76/100|[from] Sandstorm\n|-damage|p1a: Smeargle|75/100|[from] Sandstorm\n|-fieldend|move: Psychic Terrain\n|upkeep\n|turn|11\n|\n|t:|1745944885\n|cant|p2b: Zamazenta|slp\n|move|p1b: Indeedee|Psychic|p2b: Zamazenta\n|-damage|p2b: Zamazenta|43/100 slp\n|-curestatus|p2a: Tyranitar|slp|[msg]\n|move|p2a: Tyranitar|Knock Off|p1b: Indeedee\n|-supereffective|p1b: Indeedee\n|-damage|p1b: Indeedee|0 fnt\n|-damage|p2a: Tyranitar|23/100|[from] item: Rocky Helmet|[of] p1b: Indeedee\n|-enditem|p1b: Indeedee|Rocky Helmet|[from] move: Knock Off|[of] p2a: Tyranitar\n|faint|p1b: Indeedee\n|move|p1a: Smeargle|Decorate|p1: Indeedee|[notarget]\n|-fail|p1a: Smeargle\n|\n|-weather|none\n|upkeep\n|turn|12\n|\n|t:|1745944898\n|cant|p2b: Zamazenta|slp\n|move|p2a: Tyranitar|Rock Slide|p1a: Smeargle\n|-damage|p1a: Smeargle|22/100\n|move|p1a: Smeargle|Spore|p2a: Tyranitar\n|-status|p2a: Tyranitar|slp|[from] move: Spore\n|\n|upkeep\n|turn|13\n|\n|t:|1745944908\n|move|p1a: Smeargle|Fake Out||[still]\n|-hint|Fake Out only works on your first turn out.\n|-fail|p1a: Smeargle\n|-curestatus|p2b: Zamazenta|slp|[msg]\n|move|p2b: Zamazenta|Body Press|p1a: Smeargle\n|-supereffective|p1a: Smeargle\n|-damage|p1a: Smeargle|0 fnt\n|faint|p1a: Smeargle\n|\n|win|Testing Reg I\n|l|\u2606Testing Reg I\n|player|p2|\n||Testing Reg I is ready for game 3.\n||bruinbroker01 is ready for game 3.\n|uhtml|next|Next: <a href=\"/battle-gen9vgc2025regibo3-2353305207\"><strong>Game 3 of 3</strong></a>\n", "uploadtime": 1745945095, "views": 7, "formatid": "gen9vgc2025regibo3", "rating": null, "private": 0, "password": null}