{"id": "gen9vgc2025regibo3-2354249950", "format": "[Gen 9] VGC 2025 Reg I (Bo3)", "players": ["the rial rondo", "jony_vgc"], "log": "|j|\u2606the rial rondo\n|j|\u2606jony_vgc\n|html|<table width=\"100%\"><tr><td align=\"left\">the rial rondo</td><td align=\"right\">jony_vgc</tr><tr><td align=\"left\"><i class=\"fa fa-circle-o\"></i> <i class=\"fa fa-circle-o\"></i> </td><td align=\"right\"><i class=\"fa fa-circle-o\"></i> <i class=\"fa fa-circle-o\"></i> </tr></table>\n|uhtml|bestof|<h2><strong>Game 1</strong> of <a href=\"/game-bestof3-gen9vgc2025regibo3-2354249949\">a best-of-3</a></h2>\n|t:|1746049038\n|gametype|doubles\n|player|p1|the rial rondo|policeman-gen4|\n|player|p2|jony_vgc|wattson|\n|teamsize|p1|6\n|teamsize|p2|6\n|gen|9\n|tier|[Gen 9] VGC 2025 Reg I (Bo3)\n|rule|Species Clause: Limit one of each Pok\u00e9mon\n|rule|Item Clause: Limit 1 of each item\n|clearpoke\n|poke|p1|Calyrex-Shadow, L50|\n|poke|p1|Koraidon, L50|\n|poke|p1|Raging Bolt, L50|\n|poke|p1|Chi-Yu, L50|\n|poke|p1|Brute Bonnet, L50|\n|poke|p1|Whimsicott, L50, F|\n|poke|p2|Lunala, L50|\n|poke|p2|Scream Tail, L50|\n|poke|p2|Kyogre, L50|\n|poke|p2|Incineroar, L50, M|\n|poke|p2|Rillaboom, L50, M|\n|poke|p2|Landorus, L50, M|\n|teampreview|4\n|showteam|p1|Calyrex-Shadow||LifeOrb|AsOneSpectrier|AstralBarrage,Psychic,Disable,Protect||||||50|,,,,,Dark]Koraidon||ClearAmulet|OrichalcumPulse|CollisionCourse,FlareBlitz,FlameCharge,Protect||||||50|,,,,,Fire]Raging Bolt||AssaultVest|Protosynthesis|Electroweb,Thunderclap,VoltSwitch,DracoMeteor||||||50|,,,,,Electric]Chi-Yu||ChoiceScarf|BeadsofRuin|Snarl,Overheat,HeatWave,DarkPulse||||||50|,,,,,Ghost]Brute Bonnet||RockyHelmet|Protosynthesis|SeedBomb,SuckerPunch,Spore,RagePowder||||||50|,,,,,Water]Whimsicott||CovertCloak|Prankster|LightScreen,Tailwind,Moonblast,Encore|||F|||50|,,,,,Dark\n|showteam|p2|Lunala||Leftovers|ShadowShield|Protect,CalmMind,MoongeistBeam,Moonblast||||||50|,,,,,Fairy]Scream Tail||BoosterEnergy|Protosynthesis|Protect,Disable,DazzlingGleam,Encore||||||50|,,,,,Grass]Kyogre||ChoiceSpecs|Drizzle|OriginPulse,HydroPump,IceBeam,Thunderbolt||||||50|,,,,,Poison]Incineroar||RockyHelmet|Intimidate|PartingShot,FlareBlitz,Taunt,FakeOut|||M|||50|,,,,,Water]Rillaboom||AssaultVest|GrassySurge|GrassyGlide,FakeOut,WoodHammer,Uturn|||M|||50|,,,,,Fire]Landorus||ChoiceScarf|SheerForce|SludgeBomb,Psychic,SandsearStorm,WeatherBall|||M|||50|,,,,,Dark\n|\n|t:|1746049098\n|start\n|switch|p1a: Chi-Yu|Chi-Yu, L50|100/100\n|switch|p1b: Calyrex|Calyrex-Shadow, L50|100/100\n|switch|p2a: Lunala|Lunala, L50|100/100\n|switch|p2b: Incineroar|Incineroar, L50, M|100/100\n|-ability|p1b: Calyrex|As One\n|-ability|p1b: Calyrex|Unnerve\n|-ability|p1a: Chi-Yu|Beads of Ruin\n|-ability|p2b: Incineroar|Intimidate|boost\n|-unboost|p1a: Chi-Yu|atk|1\n|-unboost|p1b: Calyrex|atk|1\n|turn|1\n|\n|t:|1746049171\n|-terastallize|p2a: Lunala|Fairy\n|move|p2b: Incineroar|Fake Out|p1a: Chi-Yu\n|-damage|p1a: Chi-Yu|84/100\n|cant|p1a: Chi-Yu|flinch\n|move|p1b: Calyrex|Astral Barrage|p2b: Incineroar|[spread] p2a,p2b\n|-resisted|p2b: Incineroar\n|-damage|p2a: Lunala|69/100\n|-damage|p2b: Incineroar|59/100\n|-damage|p1b: Calyrex|91/100|[from] item: Life Orb\n|move|p2a: Lunala|Moonblast|p1a: Chi-Yu\n|-damage|p1a: Chi-Yu|33/100\n|-unboost|p1a: Chi-Yu|spa|1\n|\n|-heal|p2a: Lunala|75/100|[from] item: Leftovers\n|upkeep\n|turn|2\n|\n|t:|1746049186\n|-terastallize|p1b: Calyrex|Dark\n|move|p2a: Lunala|Protect|p2a: Lunala\n|-singleturn|p2a: Lunala|Protect\n|move|p1a: Chi-Yu|Snarl|p2b: Incineroar|[spread] p2b\n|-activate|p2a: Lunala|move: Protect\n|-resisted|p2b: Incineroar\n|-damage|p2b: Incineroar|50/100\n|-unboost|p2b: Incineroar|spa|1\n|move|p1b: Calyrex|Astral Barrage|p2a: Lunala|[spread] p2b\n|-activate|p2a: Lunala|move: Protect\n|-resisted|p2b: Incineroar\n|-damage|p2b: Incineroar|12/100\n|-damage|p1b: Calyrex|82/100|[from] item: Life Orb\n|move|p2b: Incineroar|Parting Shot|p1b: Calyrex\n|-unboost|p1b: Calyrex|atk|1\n|-unboost|p1b: Calyrex|spa|1\n|\n|t:|1746049206\n|switch|p2b: Rillaboom|Rillaboom, L50, M|100/100|[from] Parting Shot\n|-fieldstart|move: Grassy Terrain|[from] ability: Grassy Surge|[of] p2b: Rillaboom\n|\n|-heal|p1a: Chi-Yu|39/100|[from] Grassy Terrain\n|-heal|p1b: Calyrex|88/100|[from] Grassy Terrain\n|-heal|p2a: Lunala|81/100|[from] Grassy Terrain\n|-heal|p2a: Lunala|88/100|[from] item: Leftovers\n|upkeep\n|turn|3\n|\n|t:|1746049227\n|move|p1b: Calyrex|Protect|p1b: Calyrex\n|-singleturn|p1b: Calyrex|Protect\n|move|p2b: Rillaboom|Grassy Glide|p1a: Chi-Yu\n|-resisted|p1a: Chi-Yu\n|-damage|p1a: Chi-Yu|9/100\n|move|p1a: Chi-Yu|Snarl|p2a: Lunala|[spread] p2a,p2b\n|-resisted|p2a: Lunala\n|-damage|p2a: Lunala|80/100\n|-damage|p2b: Rillaboom|84/100\n|-unboost|p2a: Lunala|spa|1\n|-unboost|p2b: Rillaboom|spa|1\n|move|p2a: Lunala|Moonblast|p1b: Calyrex\n|-activate|p1b: Calyrex|move: Protect\n|\n|-heal|p1a: Chi-Yu|15/100|[from] Grassy Terrain\n|-heal|p1b: Calyrex|94/100|[from] Grassy Terrain\n|-heal|p2a: Lunala|87/100|[from] Grassy Terrain\n|-heal|p2a: Lunala|93/100|[from] item: Leftovers\n|-heal|p2b: Rillaboom|90/100|[from] Grassy Terrain\n|upkeep\n|turn|4\n|\n|t:|1746049254\n|switch|p1a: Koraidon|Koraidon, L50|100/100\n|-weather|SunnyDay|[from] ability: Orichalcum Pulse|[of] p1a: Koraidon\n|-activate|p1a: Koraidon|Orichalcum Pulse|[source]\n|move|p1b: Calyrex|Disable|p2a: Lunala\n|-start|p2a: Lunala|Disable|Moonblast\n|move|p2a: Lunala|Calm Mind|p2a: Lunala\n|-boost|p2a: Lunala|spa|1\n|-boost|p2a: Lunala|spd|1\n|move|p2b: Rillaboom|U-turn|p1b: Calyrex\n|-supereffective|p1b: Calyrex\n|-damage|p1b: Calyrex|39/100\n|\n|t:|1746049261\n|switch|p2b: Kyogre|Kyogre, L50|100/100|[from] U-turn\n|-weather|RainDance|[from] ability: Drizzle|[of] p2b: Kyogre\n|\n|-weather|RainDance|[upkeep]\n|-heal|p1b: Calyrex|45/100|[from] Grassy Terrain\n|-heal|p2a: Lunala|99/100|[from] Grassy Terrain\n|-heal|p2a: Lunala|100/100|[from] item: Leftovers\n|upkeep\n|turn|5\n|\n|t:|1746049274\n|switch|p1b: Raging Bolt|Raging Bolt, L50|100/100\n|move|p1a: Koraidon|Collision Course|p2b: Kyogre\n|-damage|p2b: Kyogre|69/100\n|move|p2a: Lunala|Moongeist Beam|p1a: Koraidon\n|-damage|p1a: Koraidon|57/100\n|move|p2b: Kyogre|Origin Pulse|p1a: Koraidon|[spread] p1a\n|-miss|p2b: Kyogre|p1b: Raging Bolt\n|-resisted|p1a: Koraidon\n|-damage|p1a: Koraidon|10/100\n|\n|-weather|RainDance|[upkeep]\n|-heal|p1a: Koraidon|16/100|[from] Grassy Terrain\n|-heal|p2b: Kyogre|74/100|[from] Grassy Terrain\n|upkeep\n|turn|6\n|\n|t:|1746049309\n|switch|p1a: Calyrex|Calyrex-Shadow, L50, tera:Dark|45/100\n|-ability|p1a: Calyrex|As One\n|-ability|p1a: Calyrex|Unnerve\n|switch|p2b: Rillaboom|Rillaboom, L50, M|90/100\n|move|p2a: Lunala|Calm Mind|p2a: Lunala\n|-boost|p2a: Lunala|spa|1\n|-boost|p2a: Lunala|spd|1\n|move|p1b: Raging Bolt|Electroweb|p2a: Lunala|[spread] p2a,p2b\n|-resisted|p2b: Rillaboom\n|-damage|p2a: Lunala|97/100\n|-damage|p2b: Rillaboom|81/100\n|-unboost|p2a: Lunala|spe|1\n|-unboost|p2b: Rillaboom|spe|1\n|\n|-weather|RainDance|[upkeep]\n|-heal|p1a: Calyrex|51/100|[from] Grassy Terrain\n|-heal|p2a: Lunala|100/100|[from] Grassy Terrain\n|-heal|p2b: Rillaboom|87/100|[from] Grassy Terrain\n|-fieldend|move: Grassy Terrain\n|upkeep\n|turn|7\n|\n|t:|1746049347\n|move|p1a: Calyrex|Astral Barrage|p2a: Lunala|[spread] p2a,p2b\n|-crit|p2a: Lunala\n|-damage|p2a: Lunala|66/100\n|-damage|p2b: Rillaboom|35/100\n|-damage|p1a: Calyrex|42/100|[from] item: Life Orb\n|move|p1b: Raging Bolt|Draco Meteor|p2b: Rillaboom\n|-damage|p2b: Rillaboom|0 fnt\n|-unboost|p1b: Raging Bolt|spa|2\n|faint|p2b: Rillaboom\n|move|p2a: Lunala|Calm Mind|p2a: Lunala\n|-boost|p2a: Lunala|spa|1\n|-boost|p2a: Lunala|spd|1\n|\n|-weather|RainDance|[upkeep]\n|-heal|p2a: Lunala|73/100|[from] item: Leftovers\n|-end|p2a: Lunala|Disable\n|upkeep\n|\n|t:|1746049354\n|switch|p2b: Incineroar|Incineroar, L50, M|12/100\n|-ability|p2b: Incineroar|Intimidate|boost\n|-unboost|p1a: Calyrex|atk|1\n|-unboost|p1b: Raging Bolt|atk|1\n|turn|8\n|\n|t:|1746049370\n|move|p2b: Incineroar|Fake Out|p1a: Calyrex\n|-damage|p1a: Calyrex|29/100\n|cant|p1a: Calyrex|flinch\n|move|p1b: Raging Bolt|Volt Switch|p2b: Incineroar\n|-damage|p2b: Incineroar|0 fnt\n|faint|p2b: Incineroar\n|\n|t:|1746049379\n|-end|p1b: Raging Bolt|Protosynthesis|[silent]\n|switch|p1b: Chi-Yu|Chi-Yu, L50|15/100|[from] Volt Switch\n|-ability|p1b: Chi-Yu|Beads of Ruin\n|move|p2a: Lunala|Moonblast|p1b: Chi-Yu\n|-damage|p1b: Chi-Yu|0 fnt\n|faint|p1b: Chi-Yu\n|\n|-weather|none\n|-heal|p2a: Lunala|79/100|[from] item: Leftovers\n|upkeep\n|\n|t:|1746049387\n|switch|p1b: Raging Bolt|Raging Bolt, L50|100/100\n|switch|p2b: Kyogre|Kyogre, L50|74/100\n|-weather|RainDance|[from] ability: Drizzle|[of] p2b: Kyogre\n|turn|9\n|\n|t:|1746049450\n|move|p1a: Calyrex|Protect|p1a: Calyrex\n|-singleturn|p1a: Calyrex|Protect\n|move|p2b: Kyogre|Ice Beam|p1a: Calyrex\n|-activate|p1a: Calyrex|move: Protect\n|move|p1b: Raging Bolt|Volt Switch|p2b: Kyogre\n|-supereffective|p2b: Kyogre\n|-damage|p2b: Kyogre|24/100\n|\n|t:|1746049458\n|-end|p1b: Raging Bolt|Protosynthesis|[silent]\n|switch|p1b: Koraidon|Koraidon, L50|16/100|[from] Volt Switch\n|-weather|SunnyDay|[from] ability: Orichalcum Pulse|[of] p1b: Koraidon\n|-activate|p1b: Koraidon|Orichalcum Pulse|[source]\n|move|p2a: Lunala|Moonblast|p1b: Koraidon\n|-supereffective|p1b: Koraidon\n|-damage|p1b: Koraidon|0 fnt\n|faint|p1b: Koraidon\n|\n|-weather|SunnyDay|[upkeep]\n|-heal|p2a: Lunala|85/100|[from] item: Leftovers\n|upkeep\n|\n|t:|1746049464\n|switch|p1b: Raging Bolt|Raging Bolt, L50|100/100\n|-activate|p1b: Raging Bolt|ability: Protosynthesis\n|-start|p1b: Raging Bolt|protosynthesisspa\n|turn|10\n|\n|t:|1746049478\n|move|p1a: Calyrex|Astral Barrage|p2b: Kyogre|[spread] p2a,p2b\n|-damage|p2a: Lunala|67/100\n|-damage|p2b: Kyogre|0 fnt\n|faint|p2b: Kyogre\n|-ability|p1a: Calyrex|Grim Neigh|boost\n|-boost|p1a: Calyrex|spa|1\n|-damage|p1a: Calyrex|19/100|[from] item: Life Orb\n|move|p1b: Raging Bolt|Electroweb|p2a: Lunala\n|-damage|p2a: Lunala|55/100\n|-unboost|p2a: Lunala|spe|1\n|move|p2a: Lunala|Moonblast|p1b: Raging Bolt\n|-supereffective|p1b: Raging Bolt\n|-damage|p1b: Raging Bolt|0 fnt\n|faint|p1b: Raging Bolt\n|-end|p1b: Raging Bolt|Protosynthesis|[silent]\n|\n|-weather|SunnyDay|[upkeep]\n|-heal|p2a: Lunala|61/100|[from] item: Leftovers\n|upkeep\n|turn|11\n|\n|t:|1746049490\n|move|p1a: Calyrex|Astral Barrage|p2a: Lunala\n|-damage|p2a: Lunala|22/100\n|-damage|p1a: Calyrex|10/100|[from] item: Life Orb\n|move|p2a: Lunala|Moonblast|p1a: Calyrex\n|-supereffective|p1a: Calyrex\n|-damage|p1a: Calyrex|0 fnt\n|faint|p1a: Calyrex\n|\n|win|jony_vgc\n", "uploadtime": 1746049491, "views": 12, "formatid": "gen9vgc2025regibo3", "rating": null, "private": 0, "password": null}