{"id": "gen9vgc2025regibo3-2354576896", "format": "[Gen 9] VGC 2025 Reg I (Bo3)", "players": ["hfchcggjhgvchcfu", "thepartysneverover"], "log": "|j|\u2606hfchcggjhgvchcfu\n|j|\u2606thepartysneverover\n|html|<table width=\"100%\"><tr><td align=\"left\">hfchcggjhgvchcfu</td><td align=\"right\">thepartysneverover</tr><tr><td align=\"left\"><i class=\"fa fa-circle-o\"></i> <i class=\"fa fa-circle-o\"></i> </td><td align=\"right\"><i class=\"fa fa-circle-o\"></i> <i class=\"fa fa-circle-o\"></i> </tr></table>\n|uhtml|bestof|<h2><strong>Game 1</strong> of <a href=\"/game-bestof3-gen9vgc2025regibo3-2354576894\">a best-of-3</a></h2>\n|t:|1746097458\n|gametype|doubles\n|player|p1|hfchcggjhgvchcfu|169|1000\n|player|p2|thepartysneverover|ethan|1091\n|teamsize|p1|6\n|teamsize|p2|6\n|gen|9\n|tier|[Gen 9] VGC 2025 Reg I (Bo3)\n|rated|\n|rule|Species Clause: Limit one of each Pok\u00e9mon\n|rule|Item Clause: Limit 1 of each item\n|clearpoke\n|poke|p1|Miraidon, L50|\n|poke|p1|Koraidon, L50|\n|poke|p1|Iron Bundle, L50|\n|poke|p1|Iron Valiant, L50|\n|poke|p1|Gouging Fire, L50|\n|poke|p1|Brute Bonnet, L50|\n|poke|p2|Eternatus, L50|\n|poke|p2|Ogerpon-Cornerstone, L50, F|\n|poke|p2|Ho-Oh, L50|\n|poke|p2|Chien-Pao, L50|\n|poke|p2|Iron Valiant, L50|\n|poke|p2|Urshifu-*, L50, M|\n|teampreview|4\n|showteam|p1|Miraidon||LifeOrb|HadronEngine|ElectroDrift,DracoMeteor,DazzlingGleam,Protect||||||50|,,,,,Fairy]Koraidon||ChoiceScarf|OrichalcumPulse|CollisionCourse,FlareBlitz,WildCharge,DragonClaw||||||50|,,,,,Fire]Iron Bundle||BoosterEnergy|QuarkDrive|IcyWind,FreezeDry,HydroPump,Protect||||||50|,,,,,Ice]Iron Valiant||FocusSash|QuarkDrive|Protect,WideGuard,SpiritBreak,Encore||||||50|,,,,,Fairy]Gouging Fire||RockyHelmet|Protosynthesis|BurningBulwark,FlareBlitz,Howl,BreakingSwipe||||||50|,,,,,Steel]Brute Bonnet||SitrusBerry|Protosynthesis|ClearSmog,RagePowder,Spore,SuckerPunch||||||50|,,,,,Dark\n|showteam|p2|Eternatus||PowerHerb|Pressure|SludgeBomb,DynamaxCannon,MeteorBeam,Protect||||||50|,,,,,Water]Ogerpon-Cornerstone||CornerstoneMask|Sturdy|SpikyShield,IvyCudgel,PowerWhip,FollowMe|||F|||50|,,,,,Rock]Ho-Oh||ClearAmulet|Regenerator|Protect,SacredFire,BraveBird,Tailwind||||||50|,,,,,Grass]Chien-Pao||FocusSash|SwordofRuin|IceSpinner,SuckerPunch,ThroatChop,Protect||||||50|,,,,,Stellar]Iron Valiant||BoosterEnergy|QuarkDrive|Moonblast,WideGuard,Encore,Protect||||||50|,,,,,Ghost]Urshifu-Rapid-Strike||MysticWater|UnseenFist|SurgingStrikes,CloseCombat,Taunt,Detect|||M|||50|,,,,,Water\n|inactive|Battle timer is ON: inactive players will automatically lose when time's up. (requested by hfchcggjhgvchcfu)\n|inactive|thepartysneverover has 60 seconds left.\n|\n|t:|1746097502\n|start\n|switch|p1a: Brute Bonnet|Brute Bonnet, L50|100/100\n|switch|p1b: Koraidon|Koraidon, L50|100/100\n|switch|p2a: Iron Valiant|Iron Valiant, L50|100/100\n|switch|p2b: Eternatus|Eternatus, L50|100/100\n|-weather|SunnyDay|[from] ability: Orichalcum Pulse|[of] p1b: Koraidon\n|-activate|p1a: Brute Bonnet|ability: Protosynthesis\n|-start|p1a: Brute Bonnet|protosynthesisspd\n|-activate|p1b: Koraidon|Orichalcum Pulse|[source]\n|-ability|p2b: Eternatus|Pressure\n|-enditem|p2a: Iron Valiant|Booster Energy\n|-activate|p2a: Iron Valiant|ability: Quark Drive|[fromitem]\n|-start|p2a: Iron Valiant|quarkdrivespe\n|turn|1\n|inactive|hfchcggjhgvchcfu has 30 seconds left.\n|inactive|thepartysneverover has 30 seconds left.\n|\n|t:|1746097531\n|-terastallize|p1b: Koraidon|Fire\n|-terastallize|p2b: Eternatus|Water\n|move|p1b: Koraidon|Flare Blitz|p2a: Iron Valiant\n|-damage|p2a: Iron Valiant|0 fnt\n|faint|p2a: Iron Valiant\n|-end|p2a: Iron Valiant|Quark Drive|[silent]\n|-damage|p1b: Koraidon|66/100|[from] Recoil\n|move|p2b: Eternatus|Meteor Beam||[still]\n|-prepare|p2b: Eternatus|Meteor Beam\n|-boost|p2b: Eternatus|spa|1\n|-enditem|p2b: Eternatus|Power Herb\n|-anim|p2b: Eternatus|Meteor Beam|p1a: Brute Bonnet\n|-damage|p1a: Brute Bonnet|71/100\n|move|p1a: Brute Bonnet|Spore|p2b: Eternatus\n|-status|p2b: Eternatus|slp|[from] move: Spore\n|\n|-weather|SunnyDay|[upkeep]\n|upkeep\n|\n|t:|1746097545\n|switch|p2a: Ogerpon|Ogerpon-Cornerstone, L50, F|100/100\n|turn|2\n|\n|t:|1746097556\n|move|p1b: Koraidon|Flare Blitz|p2a: Ogerpon\n|-ability|p2a: Ogerpon|Sturdy\n|-damage|p2a: Ogerpon|1/100\n|-damage|p1b: Koraidon|37/100|[from] Recoil\n|cant|p2b: Eternatus|slp\n|move|p2a: Ogerpon|Ivy Cudgel|p1b: Koraidon|[anim] Ivy Cudgel Rock\n|-supereffective|p1b: Koraidon\n|-damage|p1b: Koraidon|0 fnt\n|faint|p1b: Koraidon\n|move|p1a: Brute Bonnet|Clear Smog|p2b: Eternatus\n|-damage|p2b: Eternatus|92/100 slp\n|-clearboost|p2b: Eternatus\n|\n|-weather|SunnyDay|[upkeep]\n|upkeep\n|\n|t:|1746097565\n|switch|p1b: Iron Bundle|Iron Bundle, L50|100/100\n|-enditem|p1b: Iron Bundle|Booster Energy\n|-activate|p1b: Iron Bundle|ability: Quark Drive|[fromitem]\n|-start|p1b: Iron Bundle|quarkdrivespe\n|turn|3\n|\n|t:|1746097576\n|move|p2a: Ogerpon|Follow Me|p2a: Ogerpon\n|-singleturn|p2a: Ogerpon|move: Follow Me\n|move|p1a: Brute Bonnet|Sucker Punch||[still]\n|-fail|p1a: Brute Bonnet\n|move|p1b: Iron Bundle|Freeze-Dry|p2a: Ogerpon\n|-supereffective|p2a: Ogerpon\n|-damage|p2a: Ogerpon|0 fnt\n|faint|p2a: Ogerpon\n|-curestatus|p2b: Eternatus|slp|[msg]\n|move|p2b: Eternatus|Dynamax Cannon|p1b: Iron Bundle\n|-damage|p1b: Iron Bundle|0 fnt\n|faint|p1b: Iron Bundle\n|-end|p1b: Iron Bundle|Quark Drive|[silent]\n|\n|-weather|SunnyDay|[upkeep]\n|upkeep\n|\n|t:|1746097584\n|switch|p1b: Miraidon|Miraidon, L50|100/100\n|switch|p2a: Ho-Oh|Ho-Oh, L50|100/100\n|-fieldstart|move: Electric Terrain|[from] ability: Hadron Engine|[of] p1b: Miraidon\n|turn|4\n|\n|t:|1746097600\n|move|p2b: Eternatus|Protect|p2b: Eternatus\n|-singleturn|p2b: Eternatus|Protect\n|move|p1b: Miraidon|Electro Drift|p2b: Eternatus\n|-activate|p2b: Eternatus|move: Protect\n|move|p2a: Ho-Oh|Tailwind|p2a: Ho-Oh\n|-sidestart|p2: thepartysneverover|move: Tailwind\n|move|p1a: Brute Bonnet|Spore|p2a: Ho-Oh\n|-status|p2a: Ho-Oh|slp|[from] move: Spore\n|\n|-weather|SunnyDay|[upkeep]\n|upkeep\n|turn|5\n|\n|t:|1746097623\n|move|p1a: Brute Bonnet|Rage Powder|p1a: Brute Bonnet\n|-singleturn|p1a: Brute Bonnet|move: Rage Powder\n|move|p2b: Eternatus|Dynamax Cannon|p1a: Brute Bonnet\n|-damage|p1a: Brute Bonnet|45/100\n|-enditem|p1a: Brute Bonnet|Sitrus Berry|[eat]\n|-heal|p1a: Brute Bonnet|69/100|[from] item: Sitrus Berry\n|cant|p2a: Ho-Oh|slp\n|move|p1b: Miraidon|Electro Drift|p2b: Eternatus\n|-supereffective|p2b: Eternatus\n|-damage|p2b: Eternatus|0 fnt\n|faint|p2b: Eternatus\n|-damage|p1b: Miraidon|91/100|[from] item: Life Orb\n|\n|-weather|none\n|-end|p1a: Brute Bonnet|Protosynthesis\n|upkeep\n|turn|6\n|\n|t:|1746097638\n|-curestatus|p2a: Ho-Oh|slp|[msg]\n|move|p2a: Ho-Oh|Sacred Fire|p1b: Miraidon\n|-resisted|p1b: Miraidon\n|-damage|p1b: Miraidon|67/100\n|-status|p1b: Miraidon|brn\n|move|p1b: Miraidon|Electro Drift|p2a: Ho-Oh\n|-supereffective|p2a: Ho-Oh\n|-damage|p2a: Ho-Oh|0 fnt\n|faint|p2a: Ho-Oh\n|-damage|p1b: Miraidon|57/100 brn|[from] item: Life Orb\n|\n|win|hfchcggjhgvchcfu\n", "uploadtime": 1746097638, "views": 7, "formatid": "gen9vgc2025regibo3", "rating": null, "private": 0, "password": null}