{"id": "gen9vgc2025regibo3-2354199934", "format": "[Gen 9] VGC 2025 Reg I (Bo3)", "players": ["Slaymien66", "Pachi 100"], "log": "|j|\u2606Slaymien66\n|j|\u2606Pachi 100\n|html|<table width=\"100%\"><tr><td align=\"left\">Slaymien66</td><td align=\"right\">Pachi 100</tr><tr><td align=\"left\"><i class=\"fa fa-circle-o\"></i> <i class=\"fa fa-circle-o\"></i> </td><td align=\"right\"><i class=\"fa fa-circle-o\"></i> <i class=\"fa fa-circle-o\"></i> </tr></table>\n|uhtml|bestof|<h2><strong>Game 1</strong> of <a href=\"/game-bestof3-gen9vgc2025regibo3-2354199933\">a best-of-3</a></h2>\n|t:|1746043939\n|gametype|doubles\n|player|p1|Slaymien66|bruno|1172\n|player|p2|Pachi 100|170|1132\n|teamsize|p1|6\n|teamsize|p2|6\n|gen|9\n|tier|[Gen 9] VGC 2025 Reg I (Bo3)\n|rated|\n|rule|Species Clause: Limit one of each Pok\u00e9mon\n|rule|Item Clause: Limit 1 of each item\n|clearpoke\n|poke|p1|Koraidon, L50|\n|poke|p1|Raging Bolt, L50|\n|poke|p1|Calyrex-Shadow, L50|\n|poke|p1|Chi-Yu, L50|\n|poke|p1|Rillaboom, L50, F|\n|poke|p1|Amoonguss, L50, M|\n|poke|p2|Groudon, L50|\n|poke|p2|Archaludon, L50, M|\n|poke|p2|Lunala, L50|\n|poke|p2|Raging Bolt, L50|\n|poke|p2|Whimsicott, L50, F|\n|poke|p2|Roaring Moon, L50|\n|teampreview|4\n|showteam|p1|Koraidon||ClearAmulet|OrichalcumPulse|CollisionCourse,FlareBlitz,FlameCharge,Protect||||||50|,,,,,Fire]Raging Bolt||Magnet|Protosynthesis|Protect,Thunderclap,Thunderbolt,DracoMeteor||||||50|,,,,,Electric]Calyrex-Shadow||FocusSash|AsOneSpectrier|AstralBarrage,NastyPlot,Protect,DrainingKiss||||||50|,,,,,Ghost]Chi-Yu||ChoiceScarf|BeadsofRuin|DarkPulse,HeatWave,Overheat,Snarl||||||50|,,,,,Ghost]Rillaboom||AssaultVest|GrassySurge|FakeOut,GrassyGlide,Uturn,WoodHammer|||F|||50|,,,,,Grass]Amoonguss||SitrusBerry|Regenerator|Spore,RagePowder,SludgeBomb,PollenPuff|||M|||50|,,,,,Water\n|showteam|p2|Groudon||ClearAmulet|Drought|PrecipiceBlades,HeatCrash,Protect,RockBlast||||||50|,,,,,Poison]Archaludon||AssaultVest|Stamina|BodyPress,DragonTail,FoulPlay,BreakingSwipe|||M|||50|,,,,,Fighting]Lunala||PowerHerb|ShadowShield|Protect,MeteorBeam,MoongeistBeam,Moonblast||||||50|,,,,,Fairy]Raging Bolt||SafetyGoggles|Protosynthesis|Thunderclap,DracoMeteor,WeatherBall,Protect||||||50|,,,,,Fairy]Whimsicott||FocusSash|Prankster|Encore,Tailwind,LightScreen,FakeTears|||F|||50|,,,,,Poison]Roaring Moon||BoosterEnergy|Protosynthesis|DragonClaw,ThroatChop,Protect,Acrobatics||||||50|,,,,,Flying\n|\n|t:|1746044055\n|start\n|switch|p1a: Fern|Rillaboom, L50, F|100/100\n|switch|p1b: Calyrex|Calyrex-Shadow, L50|100/100\n|switch|p2a: Lunala|Lunala, L50|100/100\n|switch|p2b: Whimsicott|Whimsicott, L50, F|100/100\n|-ability|p1b: Calyrex|As One\n|-ability|p1b: Calyrex|Unnerve\n|-fieldstart|move: Grassy Terrain|[from] ability: Grassy Surge|[of] p1a: Fern\n|turn|1\n|\n|t:|1746044081\n|move|p2a: Lunala|Protect|p2a: Lunala\n|-singleturn|p2a: Lunala|Protect\n|move|p1a: Fern|Fake Out|p2b: Whimsicott\n|-damage|p2b: Whimsicott|87/100\n|cant|p2b: Whimsicott|flinch\n|move|p1b: Calyrex|Nasty Plot|p1b: Calyrex\n|-boost|p1b: Calyrex|spa|2\n|\n|-heal|p2b: Whimsicott|93/100|[from] Grassy Terrain\n|upkeep\n|turn|2\n|\n|t:|1746044129\n|switch|p1b: Amoonguss|Amoonguss, L50, M|100/100\n|-terastallize|p2a: Lunala|Fairy\n|move|p2b: Whimsicott|Tailwind|p2b: Whimsicott\n|-sidestart|p2: Pachi 100|move: Tailwind\n|move|p2a: Lunala|Moongeist Beam|p1b: Amoonguss\n|-damage|p1b: Amoonguss|58/100\n|move|p1a: Fern|U-turn|p2a: Lunala\n|-resisted|p2a: Lunala\n|-damage|p2a: Lunala|96/100\n|\n|t:|1746044140\n|switch|p1a: Calyrex|Calyrex-Shadow, L50|100/100|[from] U-turn\n|-ability|p1a: Calyrex|As One\n|-ability|p1a: Calyrex|Unnerve\n|\n|-heal|p2b: Whimsicott|99/100|[from] Grassy Terrain\n|-heal|p2a: Lunala|100/100|[from] Grassy Terrain\n|-heal|p1b: Amoonguss|64/100|[from] Grassy Terrain\n|upkeep\n|turn|3\n|\n|t:|1746044158\n|move|p1a: Calyrex|Protect|p1a: Calyrex\n|-singleturn|p1a: Calyrex|Protect\n|move|p2b: Whimsicott|Light Screen|p2b: Whimsicott\n|-sidestart|p2: Pachi 100|move: Light Screen\n|move|p2a: Lunala|Meteor Beam||[still]\n|-prepare|p2a: Lunala|Meteor Beam\n|-boost|p2a: Lunala|spa|1\n|-enditem|p2a: Lunala|Power Herb\n|-anim|p2a: Lunala|Meteor Beam|p1b: Amoonguss\n|-damage|p1b: Amoonguss|15/100\n|-enditem|p1b: Amoonguss|Sitrus Berry|[eat]\n|-heal|p1b: Amoonguss|40/100|[from] item: Sitrus Berry\n|move|p1b: Amoonguss|Sludge Bomb|p2b: Whimsicott\n|-supereffective|p2b: Whimsicott\n|-damage|p2b: Whimsicott|15/100\n|-status|p2b: Whimsicott|psn\n|\n|-heal|p2b: Whimsicott|21/100 psn|[from] Grassy Terrain\n|-heal|p1b: Amoonguss|46/100|[from] Grassy Terrain\n|-damage|p2b: Whimsicott|9/100 psn|[from] psn\n|upkeep\n|turn|4\n|\n|t:|1746044209\n|switch|p1b: Fern|Rillaboom, L50, F|100/100\n|move|p2b: Whimsicott|Encore|p1a: Calyrex\n|-start|p1a: Calyrex|Encore\n|move|p2a: Lunala|Moongeist Beam|p1b: Fern\n|-damage|p1b: Fern|50/100\n|move|p1a: Calyrex|Protect||[still]\n|-fail|p1a: Calyrex\n|\n|-heal|p2b: Whimsicott|15/100 psn|[from] Grassy Terrain\n|-heal|p1b: Fern|56/100|[from] Grassy Terrain\n|-damage|p2b: Whimsicott|3/100 psn|[from] psn\n|upkeep\n|turn|5\n|\n|t:|1746044229\n|switch|p1a: Raging Bolt|Raging Bolt, L50|100/100\n|switch|p1b: Amoonguss|Amoonguss, L50, M|79/100\n|move|p2b: Whimsicott|Fake Tears|p1b: Amoonguss\n|-unboost|p1b: Amoonguss|spd|2\n|move|p2a: Lunala|Moongeist Beam|p1b: Amoonguss\n|-damage|p1b: Amoonguss|0 fnt\n|faint|p1b: Amoonguss\n|\n|-heal|p2b: Whimsicott|9/100 psn|[from] Grassy Terrain\n|-damage|p2b: Whimsicott|0 fnt|[from] psn\n|faint|p2b: Whimsicott\n|-sideend|p2: Pachi 100|move: Tailwind\n|-fieldend|move: Grassy Terrain\n|upkeep\n|\n|t:|1746044243\n|switch|p2b: Roaring Moon|Roaring Moon, L50|100/100\n|switch|p1b: Calyrex|Calyrex-Shadow, L50|100/100\n|-ability|p1b: Calyrex|As One\n|-ability|p1b: Calyrex|Unnerve\n|-enditem|p2b: Roaring Moon|Booster Energy\n|-activate|p2b: Roaring Moon|ability: Protosynthesis|[fromitem]\n|-start|p2b: Roaring Moon|protosynthesisspe\n|turn|6\n|\n|t:|1746044261\n|move|p1b: Calyrex|Protect|p1b: Calyrex\n|-singleturn|p1b: Calyrex|Protect\n|move|p2b: Roaring Moon|Throat Chop|p1b: Calyrex\n|-activate|p1b: Calyrex|move: Protect\n|move|p2a: Lunala|Moonblast|p1a: Raging Bolt\n|-supereffective|p1a: Raging Bolt\n|-damage|p1a: Raging Bolt|0 fnt\n|faint|p1a: Raging Bolt\n|-end|p1a: Raging Bolt|Protosynthesis|[silent]\n|\n|upkeep\n|\n|t:|1746044271\n|switch|p1a: Fern|Rillaboom, L50, F|56/100\n|-fieldstart|move: Grassy Terrain|[from] ability: Grassy Surge|[of] p1a: Fern\n|turn|7\n|\n|t:|1746044289\n|move|p2b: Roaring Moon|Protect|p2b: Roaring Moon\n|-singleturn|p2b: Roaring Moon|Protect\n|move|p1a: Fern|Fake Out|p2a: Lunala\n|-damage|p2a: Lunala|95/100\n|move|p1b: Calyrex|Nasty Plot|p1b: Calyrex\n|-boost|p1b: Calyrex|spa|2\n|cant|p2a: Lunala|flinch\n|\n|-heal|p2a: Lunala|100/100|[from] Grassy Terrain\n|-heal|p1a: Fern|61/100|[from] Grassy Terrain\n|-sideend|p2: Pachi 100|move: Light Screen\n|upkeep\n|turn|8\n|\n|t:|1746044311\n|move|p2b: Roaring Moon|Throat Chop|p1b: Calyrex\n|-supereffective|p1b: Calyrex\n|-enditem|p1b: Calyrex|Focus Sash\n|-damage|p1b: Calyrex|1/100\n|-start|p1b: Calyrex|Throat Chop|[silent]\n|move|p1b: Calyrex|Draining Kiss|p2b: Roaring Moon\n|-supereffective|p2b: Roaring Moon\n|-damage|p2b: Roaring Moon|0 fnt\n|-heal|p1b: Calyrex|78/100|[from] drain|[of] p2b: Roaring Moon\n|faint|p2b: Roaring Moon\n|-end|p2b: Roaring Moon|Protosynthesis|[silent]\n|-ability|p1b: Calyrex|Grim Neigh|boost\n|-boost|p1b: Calyrex|spa|1\n|move|p2a: Lunala|Moongeist Beam|p1b: Calyrex\n|-supereffective|p1b: Calyrex\n|-damage|p1b: Calyrex|0 fnt\n|faint|p1b: Calyrex\n|move|p1a: Fern|Wood Hammer|p2a: Lunala\n|-damage|p2a: Lunala|71/100\n|-damage|p1a: Fern|52/100|[from] Recoil\n|\n|-heal|p2a: Lunala|77/100|[from] Grassy Terrain\n|-heal|p1a: Fern|58/100|[from] Grassy Terrain\n|upkeep\n|\n|t:|1746044314\n|switch|p2b: Archaludon|Archaludon, L50, M, shiny|100/100\n|turn|9\n|-message|Slaymien66 forfeited.\n|\n|win|Pachi 100\n||Pachi 100 is ready for game 2.\n||Slaymien66 is ready for game 2.\n|uhtml|next|Next: <a href=\"/battle-gen9vgc2025regibo3-2354203886\"><strong>Game 2 of 3</strong></a>\n", "uploadtime": 1746044453, "views": 13, "formatid": "gen9vgc2025regibo3", "rating": null, "private": 0, "password": null}