{"id": "gen9vgc2025regibo3-2354310919", "format": "[Gen 9] VGC 2025 Reg I (Bo3)", "players": ["is_katabo", "7amont"], "log": "|j|\u2606is_katabo\n|j|\u26067amont\n|html|<table width=\"100%\"><tr><td align=\"left\">is_katabo</td><td align=\"right\">7amont</tr><tr><td align=\"left\"><i class=\"fa fa-circle-o\"></i> <i class=\"fa fa-circle-o\"></i> </td><td align=\"right\"><i class=\"fa fa-circle-o\"></i> <i class=\"fa fa-circle-o\"></i> </tr></table>\n|uhtml|bestof|<h2><strong>Game 1</strong> of <a href=\"/game-bestof3-gen9vgc2025regibo3-2354310918\">a best-of-3</a></h2>\n|t:|1746055872\n|gametype|doubles\n|player|p1|is_katabo|caitlin|1153\n|player|p2|7amont|burglar|1050\n|teamsize|p1|6\n|teamsize|p2|6\n|gen|9\n|tier|[Gen 9] VGC 2025 Reg I (Bo3)\n|rated|\n|rule|Species Clause: Limit one of each Pok\u00e9mon\n|rule|Item Clause: Limit 1 of each item\n|clearpoke\n|poke|p1|Koraidon, L50|\n|poke|p1|Calyrex-Shadow, L50|\n|poke|p1|Incineroar, L50, F|\n|poke|p1|Indeedee-F, L50, F|\n|poke|p1|Brute Bonnet, L50|\n|poke|p1|Flutter Mane, L50|\n|poke|p2|Kingambit, L50, F|\n|poke|p2|Calyrex-Shadow, L50|\n|poke|p2|Grimmsnarl, L50, M|\n|poke|p2|Urshifu-*, L50, M|\n|poke|p2|Kyogre, L50|\n|poke|p2|Ogerpon-Wellspring, L50, F|\n|teampreview|4\n|showteam|p1|Koraidon||LifeOrb|OrichalcumPulse|CloseCombat,FlameCharge,FlareBlitz,Protect||||||50|,,,,,Fire]Calyrex-Shadow||FocusSash|AsOneSpectrier|AstralBarrage,ExpandingForce,Psychic,Protect||||||50|,,,,,Ghost]Incineroar||SafetyGoggles|Intimidate|FakeOut,KnockOff,PartingShot,Taunt|||F|||50|,,,,,Bug]Indeedee-F||RockyHelmet|PsychicSurge|Psychic,FollowMe,HelpingHand,TrickRoom|||F|||50|,,,,,Water]Brute Bonnet||CovertCloak|Protosynthesis|SeedBomb,SuckerPunch,RagePowder,Spore||||||50|,,,,,Fairy]Flutter Mane||BoosterEnergy|Protosynthesis|Moonblast,IcyWind,Taunt,Protect||||||50|,,,,,Water\n|showteam|p2|Kingambit||BlackGlasses|Defiant|Protect,SwordsDance,SuckerPunch,KowtowCleave|||F|||50|,,,,,Fairy]Calyrex-Shadow||FocusSash|AsOneSpectrier|Protect,AstralBarrage,Psychic,NastyPlot||||||50|,,,,,Ghost]Grimmsnarl||LightClay|Prankster|Reflect,LightScreen,MistyTerrain,ThunderWave|||M|||50|,,,,,Steel]Urshifu-Rapid-Strike||ChoiceScarf|UnseenFist|AquaJet,CloseCombat,SurgingStrikes,Uturn|||M|||50|,,,,,Water]Kyogre||AssaultVest|Drizzle|Surf,OriginPulse,Thunder,IceBeam||||||50|,,,,,Grass]Ogerpon-Wellspring||WellspringMask|WaterAbsorb|SpikyShield,FollowMe,IvyCudgel,HornLeech|||F|||50|,,,,,Water\n|inactive|Battle timer is ON: inactive players will automatically lose when time's up. (requested by 7amont)\n|inactive|is_katabo has 60 seconds left.\n|\n|t:|1746055917\n|start\n|switch|p1a: Jockey|Calyrex-Shadow, L50|100/100\n|switch|p1b: Goat|Indeedee-F, L50, F|100/100\n|switch|p2a: Kingambit|Kingambit, L50, F|100/100\n|switch|p2b: Urshifu|Urshifu-Rapid-Strike, L50, M|100/100\n|-ability|p1a: Jockey|As One\n|-ability|p1a: Jockey|Unnerve\n|-fieldstart|move: Psychic Terrain|[from] ability: Psychic Surge|[of] p1b: Goat\n|turn|1\n|\n|t:|1746055934\n|-terastallize|p1b: Goat|Water\n|move|p1b: Goat|Follow Me|p1b: Goat\n|-singleturn|p1b: Goat|move: Follow Me\n|move|p2b: Urshifu|U-turn|p1b: Goat\n|-damage|p1b: Goat|73/100\n|-damage|p2b: Urshifu|84/100|[from] item: Rocky Helmet|[of] p1b: Goat\n|\n|t:|1746055940\n|switch|p2b: Kyogre|Kyogre, L50|100/100|[from] U-turn\n|-weather|RainDance|[from] ability: Drizzle|[of] p2b: Kyogre\n|move|p1a: Jockey|Astral Barrage|p2b: Kyogre|[spread] p2a,p2b\n|-resisted|p2a: Kingambit\n|-damage|p2a: Kingambit|77/100\n|-damage|p2b: Kyogre|72/100\n|move|p2a: Kingambit|Swords Dance|p2a: Kingambit\n|-boost|p2a: Kingambit|atk|2\n|\n|-weather|RainDance|[upkeep]\n|upkeep\n|turn|2\n|\n|t:|1746055959\n|move|p2a: Kingambit|Protect|p2a: Kingambit\n|-singleturn|p2a: Kingambit|Protect\n|move|p1b: Goat|Follow Me|p1b: Goat\n|-singleturn|p1b: Goat|move: Follow Me\n|move|p1a: Jockey|Astral Barrage|p2b: Kyogre|[spread] p2b\n|-activate|p2a: Kingambit|move: Protect\n|-damage|p2b: Kyogre|45/100\n|move|p2b: Kyogre|Surf|p1b: Goat|[spread] p1a,p1b\n|-activate|p2a: Kingambit|move: Protect\n|-resisted|p1b: Goat\n|-damage|p1a: Jockey|39/100\n|-damage|p1b: Goat|43/100\n|\n|-weather|RainDance|[upkeep]\n|upkeep\n|turn|3\n|inactive|7amont has 30 seconds left.\n|\n|t:|1746055990\n|switch|p2b: Ogerpon|Ogerpon-Wellspring, L50, F|100/100\n|move|p1a: Jockey|Protect|p1a: Jockey\n|-singleturn|p1a: Jockey|Protect\n|move|p1b: Goat|Psychic|p2b: Ogerpon\n|-damage|p2b: Ogerpon|58/100\n|move|p2a: Kingambit|Kowtow Cleave|p1a: Jockey\n|-activate|p1a: Jockey|move: Protect\n|\n|-weather|RainDance|[upkeep]\n|upkeep\n|turn|4\n|\n|t:|1746056009\n|switch|p1a: Chicken|Koraidon, L50|100/100\n|-weather|SunnyDay|[from] ability: Orichalcum Pulse|[of] p1a: Chicken\n|-activate|p1a: Chicken|Orichalcum Pulse|[source]\n|move|p2b: Ogerpon|Spiky Shield|p2b: Ogerpon\n|-singleturn|p2b: Ogerpon|move: Protect\n|move|p1b: Goat|Psychic|p2b: Ogerpon\n|-activate|p2b: Ogerpon|move: Protect\n|move|p2a: Kingambit|Kowtow Cleave|p1a: Chicken\n|-resisted|p1a: Chicken\n|-damage|p1a: Chicken|49/100\n|\n|-weather|SunnyDay|[upkeep]\n|upkeep\n|turn|5\n|\n|t:|1746056029\n|switch|p2b: Kyogre|Kyogre, L50|45/100\n|-weather|RainDance|[from] ability: Drizzle|[of] p2b: Kyogre\n|-terastallize|p2a: Kingambit|Fairy\n|move|p1b: Goat|Follow Me|p1b: Goat\n|-singleturn|p1b: Goat|move: Follow Me\n|move|p1a: Chicken|Close Combat|p2b: Kyogre\n|-damage|p2b: Kyogre|0 fnt\n|-unboost|p1a: Chicken|def|1\n|-unboost|p1a: Chicken|spd|1\n|faint|p2b: Kyogre\n|-damage|p1a: Chicken|40/100|[from] item: Life Orb\n|move|p2a: Kingambit|Kowtow Cleave|p1b: Goat\n|-damage|p1b: Goat|0 fnt\n|-damage|p2a: Kingambit|61/100|[from] item: Rocky Helmet|[of] p1b: Goat\n|faint|p1b: Goat\n|\n|-weather|RainDance|[upkeep]\n|-fieldend|move: Psychic Terrain\n|upkeep\n|\n|t:|1746056047\n|switch|p2b: Urshifu|Urshifu-Rapid-Strike, L50, M|84/100\n|switch|p1b: Shulker Box|Brute Bonnet, L50|100/100\n|turn|6\n|\n|t:|1746056070\n|move|p1b: Shulker Box|Rage Powder|p1b: Shulker Box\n|-singleturn|p1b: Shulker Box|move: Rage Powder\n|move|p2b: Urshifu|U-turn|p1b: Shulker Box\n|-supereffective|p1b: Shulker Box\n|-damage|p1b: Shulker Box|31/100\n|\n|t:|1746056074\n|switch|p2b: Ogerpon|Ogerpon-Wellspring, L50, F|58/100|[from] U-turn\n|move|p1a: Chicken|Flame Charge|p2b: Ogerpon\n|-damage|p2b: Ogerpon|43/100\n|-boost|p1a: Chicken|spe|1\n|-damage|p1a: Chicken|30/100|[from] item: Life Orb\n|move|p2a: Kingambit|Kowtow Cleave|p1b: Shulker Box\n|-resisted|p1b: Shulker Box\n|-damage|p1b: Shulker Box|0 fnt\n|faint|p1b: Shulker Box\n|-end|p1b: Shulker Box|Protosynthesis|[silent]\n|\n|-weather|RainDance|[upkeep]\n|upkeep\n|\n|t:|1746056086\n|switch|p1b: Jockey|Calyrex-Shadow, L50|39/100\n|-ability|p1b: Jockey|As One\n|-ability|p1b: Jockey|Unnerve\n|turn|7\n|\n|t:|1746056097\n|move|p1b: Jockey|Protect|p1b: Jockey\n|-singleturn|p1b: Jockey|Protect\n|move|p2b: Ogerpon|Spiky Shield|p2b: Ogerpon\n|-singleturn|p2b: Ogerpon|move: Protect\n|move|p2a: Kingambit|Sucker Punch|p1a: Chicken\n|-resisted|p1a: Chicken\n|-damage|p1a: Chicken|0 fnt\n|faint|p1a: Chicken\n|\n|-weather|RainDance|[upkeep]\n|upkeep\n|turn|8\n|-message|is_katabo forfeited.\n|\n|win|7amont\n||7amont is ready for game 2.\n", "uploadtime": 1746056108, "views": 6, "formatid": "gen9vgc2025regibo3", "rating": null, "private": 0, "password": null}