{"id": "gen9vgc2025regibo3-2355119706", "format": "[Gen 9] VGC 2025 Reg I (Bo3)", "players": ["jalo3705", "The median voter"], "log": "|j|\u2606jalo3705\n|j|\u2606The median voter\n|html|<table width=\"100%\"><tr><td align=\"left\">jalo3705</td><td align=\"right\">The median voter</tr><tr><td align=\"left\"><i class=\"fa fa-circle\"></i> <i class=\"fa fa-circle-o\"></i> </td><td align=\"right\"><i class=\"fa fa-circle-o\"></i> <i class=\"fa fa-circle\"></i> </tr></table>\n|uhtml|bestof|<h2><strong>Game 3</strong> of <a href=\"/game-bestof3-gen9vgc2025regibo3-2355116148\">a best-of-3</a></h2>\n|t:|1746154957\n|gametype|doubles\n|player|p1|jalo3705|101|1114\n|player|p2|The median voter|scientist-gen4dp|1154\n|teamsize|p1|6\n|teamsize|p2|6\n|gen|9\n|tier|[Gen 9] VGC 2025 Reg I (Bo3)\n|rated|\n|rule|Species Clause: Limit one of each Pok\u00e9mon\n|rule|Item Clause: Limit 1 of each item\n|clearpoke\n|poke|p1|Zekrom, L50|\n|poke|p1|Reshiram, L50|\n|poke|p1|Rillaboom, L50, F|\n|poke|p1|Incineroar, L50, F|\n|poke|p1|Corviknight, L50, F|\n|poke|p1|Farigiraf, L50, F|\n|poke|p2|Iron Jugulis, L50|\n|poke|p2|Miraidon, L50|\n|poke|p2|Calyrex-Ice, L50|\n|poke|p2|Iron Hands, L50|\n|poke|p2|Farigiraf, L50, M|\n|poke|p2|Volcarona, L50, F|\n|teampreview|4\n|showteam|p1|Zekrom||ClearAmulet|Teravolt|FusionBolt,DragonClaw,DragonDance,Protect||||||50|,,,,,Fairy]Reshiram||ChoiceScarf|Turboblaze|FusionFlare,ShadowBall,DracoMeteor,HeatWave||||||50|,,,,,Fairy]Rillaboom||AssaultVest|GrassySurge|WoodHammer,FakeOut,HighHorsepower,GrassyGlide|||F|||50|,,,,,Fire]Incineroar||SitrusBerry|Intimidate|FlareBlitz,KnockOff,FakeOut,PartingShot|||F|||50|,,,,,Grass]Corviknight||CovertCloak|MirrorArmor|Taunt,BulkUp,BraveBird,Roost|||F|||50|,,,,,Dragon]Farigiraf||GrassySeed|ArmorTail|TrickRoom,Imprison,DazzlingGleam,HelpingHand|||F|||50|,,,,,Fairy\n|showteam|p2|Iron Jugulis||BoosterEnergy|QuarkDrive|Tailwind,Snarl,Protect,AirSlash||||||50|,,,,,Water]Miraidon||ChoiceSpecs|HadronEngine|VoltSwitch,DazzlingGleam,ElectroDrift,DracoMeteor||||||50|,,,,,Fairy]Calyrex-Ice||ClearAmulet|AsOneGlastrier|GlacialLance,HighHorsepower,Protect,TrickRoom||||||50|,,,,,Fire]Iron Hands||AssaultVest|QuarkDrive|FakeOut,WildCharge,LowKick,HeavySlam||||||50|,,,,,Water]Farigiraf||ElectricSeed|ArmorTail|TrickRoom,HelpingHand,Psychic,FoulPlay|||M|||50|,,,,,Water]Volcarona||SitrusBerry|FlameBody|RagePowder,Protect,HeatWave,QuiverDance|||F|||50|,,,,,Water\n|inactive|Battle timer is ON: inactive players will automatically lose when time's up. (requested by jalo3705)\n|\n|t:|1746154986\n|start\n|switch|p1a: Incineroar|Incineroar, L50, F|100/100\n|switch|p1b: Reshiram|Reshiram, L50|100/100\n|switch|p2a: Miraidon|Miraidon, L50|100/100\n|switch|p2b: Volcarona|Volcarona, L50, F|100/100\n|-ability|p1b: Reshiram|Turboblaze\n|-fieldstart|move: Electric Terrain|[from] ability: Hadron Engine|[of] p2a: Miraidon\n|-ability|p1a: Incineroar|Intimidate|boost\n|-unboost|p2a: Miraidon|atk|1\n|-unboost|p2b: Volcarona|atk|1\n|turn|1\n|\n|t:|1746154999\n|switch|p1b: Rillaboom|Rillaboom, L50, F|100/100\n|-fieldstart|move: Grassy Terrain|[from] ability: Grassy Surge|[of] p1b: Rillaboom\n|switch|p2b: Farigiraf|Farigiraf, L50, M|100/100\n|-terastallize|p2a: Miraidon|Fairy\n|move|p2a: Miraidon|Draco Meteor|p1b: Rillaboom\n|-damage|p1b: Rillaboom|15/100\n|-unboost|p2a: Miraidon|spa|2\n|move|p1a: Incineroar|Knock Off|p2a: Miraidon\n|-resisted|p2a: Miraidon\n|-damage|p2a: Miraidon|83/100\n|-enditem|p2a: Miraidon|Choice Specs|[from] move: Knock Off|[of] p1a: Incineroar\n|\n|-heal|p2a: Miraidon|89/100|[from] Grassy Terrain\n|-heal|p1b: Rillaboom|20/100|[from] Grassy Terrain\n|upkeep\n|turn|2\n|inactive|jalo3705 has 30 seconds left.\n|\n|t:|1746155025\n|switch|p2a: Calyrex|Calyrex-Ice, L50|100/100\n|-ability|p2a: Calyrex|As One\n|-ability|p2a: Calyrex|Unnerve\n|move|p1b: Rillaboom|Wood Hammer|p2b: Farigiraf\n|-crit|p2b: Farigiraf\n|-damage|p2b: Farigiraf|21/100\n|-damage|p1b: Rillaboom|0 fnt|[from] Recoil\n|faint|p1b: Rillaboom\n|move|p1a: Incineroar|Knock Off|p2b: Farigiraf\n|-supereffective|p2b: Farigiraf\n|-damage|p2b: Farigiraf|0 fnt\n|-enditem|p2b: Farigiraf|Electric Seed|[from] move: Knock Off|[of] p1a: Incineroar\n|faint|p2b: Farigiraf\n|\n|upkeep\n|inactive|The median voter has 30 seconds left.\n|\n|t:|1746155051\n|switch|p1b: Reshiram|Reshiram, L50|100/100\n|switch|p2b: Volcarona|Volcarona, L50, F|100/100\n|-ability|p1b: Reshiram|Turboblaze\n|turn|3\n|\n|t:|1746155067\n|switch|p2a: Miraidon|Miraidon, L50, tera:Fairy|89/100\n|-fieldstart|move: Electric Terrain|[from] ability: Hadron Engine|[of] p2a: Miraidon\n|move|p1b: Reshiram|Heat Wave|p2a: Miraidon|[spread] p2a,p2b\n|-damage|p2a: Miraidon|56/100\n|-damage|p2b: Volcarona|63/100\n|move|p2b: Volcarona|Quiver Dance|p2b: Volcarona\n|-boost|p2b: Volcarona|spa|1\n|-boost|p2b: Volcarona|spd|1\n|-boost|p2b: Volcarona|spe|1\n|move|p1a: Incineroar|Knock Off|p2b: Volcarona\n|-damage|p2b: Volcarona|30/100\n|-enditem|p2b: Volcarona|Sitrus Berry|[from] move: Knock Off|[of] p1a: Incineroar\n|\n|upkeep\n|turn|4\n|inactive|jalo3705 has 30 seconds left.\n|\n|t:|1746155093\n|switch|p1b: Farigiraf|Farigiraf, L50, F|100/100\n|move|p2b: Volcarona|Quiver Dance|p2b: Volcarona\n|-boost|p2b: Volcarona|spa|1\n|-boost|p2b: Volcarona|spd|1\n|-boost|p2b: Volcarona|spe|1\n|move|p2a: Miraidon|Electro Drift|p1a: Incineroar\n|-damage|p1a: Incineroar|27/100\n|-enditem|p1a: Incineroar|Sitrus Berry|[eat]\n|-heal|p1a: Incineroar|52/100|[from] item: Sitrus Berry\n|move|p1a: Incineroar|Flare Blitz|p2b: Volcarona\n|-damage|p2b: Volcarona|0 fnt\n|faint|p2b: Volcarona\n|-damage|p1a: Incineroar|43/100|[from] Recoil\n|\n|upkeep\n|\n|t:|1746155104\n|switch|p2b: Calyrex|Calyrex-Ice, L50|100/100\n|-ability|p2b: Calyrex|As One\n|-ability|p2b: Calyrex|Unnerve\n|turn|5\n|\n|t:|1746155126\n|move|p2a: Miraidon|Electro Drift|p1b: Farigiraf\n|-damage|p1b: Farigiraf|29/100\n|move|p1a: Incineroar|Parting Shot|p2a: Miraidon\n|-unboost|p2a: Miraidon|atk|1\n|-unboost|p2a: Miraidon|spa|1\n|\n|t:|1746155132\n|switch|p1a: Reshiram|Reshiram, L50|100/100|[from] Parting Shot\n|-ability|p1a: Reshiram|Turboblaze\n|move|p1b: Farigiraf|Dazzling Gleam|p2b: Calyrex|[spread] p2a,p2b\n|-damage|p2a: Miraidon|43/100\n|-damage|p2b: Calyrex|91/100\n|move|p2b: Calyrex|Trick Room|p2b: Calyrex\n|-fieldstart|move: Trick Room|[of] p2b: Calyrex\n|\n|upkeep\n|turn|6\n|\n|t:|1746155142\n|-terastallize|p1a: Reshiram|Fairy\n|move|p1b: Farigiraf|Helping Hand|p1a: Reshiram\n|-singleturn|p1a: Reshiram|Helping Hand|[of] p1b: Farigiraf\n|move|p2b: Calyrex|Glacial Lance|p1b: Farigiraf|[spread] p1a,p1b\n|-damage|p1a: Reshiram|49/100\n|-damage|p1b: Farigiraf|0 fnt\n|faint|p1b: Farigiraf\n|-ability|p2b: Calyrex|Chilling Neigh|boost\n|-boost|p2b: Calyrex|atk|1\n|move|p2a: Miraidon|Draco Meteor|p1a: Reshiram\n|-immune|p1a: Reshiram\n|move|p1a: Reshiram|Heat Wave|p2a: Miraidon|[spread] p2a,p2b\n|-supereffective|p2b: Calyrex\n|-crit|p2b: Calyrex\n|-damage|p2a: Miraidon|0 fnt\n|-damage|p2b: Calyrex|0 fnt\n|faint|p2a: Miraidon\n|faint|p2b: Calyrex\n|\n|win|jalo3705\n|raw|jalo3705's rating: 1114 &rarr; <strong>1142</strong><br />(+28 for winning)\n|raw|The median voter's rating: 1154 &rarr; <strong>1126</strong><br />(-28 for losing)\n|l|\u2606jalo3705\n|player|p1|\n|l|\u2606The median voter\n|player|p2|\n", "uploadtime": 1746155528, "views": 4, "formatid": "gen9vgc2025regibo3", "rating": 1126, "private": 0, "password": null}