{"id": "gen9vgc2025regibo3-2354058409", "format": "[Gen 9] VGC 2025 Reg I (Bo3)", "players": ["AndSB", "8bitbidoof"], "log": "|j|\u2606AndSB\n|j|\u26068bitbidoof\n|html|<table width=\"100%\"><tr><td align=\"left\">AndSB</td><td align=\"right\">8bitbidoof</tr><tr><td align=\"left\"><i class=\"fa fa-circle-o\"></i> <i class=\"fa fa-circle-o\"></i> </td><td align=\"right\"><i class=\"fa fa-circle-o\"></i> <i class=\"fa fa-circle-o\"></i> </tr></table>\n|uhtml|bestof|<h2><strong>Game 1</strong> of <a href=\"/game-bestof3-gen9vgc2025regibo3-2354058408\">a best-of-3</a></h2>\n|t:|1746031285\n|gametype|doubles\n|player|p1|AndSB|169|1155\n|player|p2|8bitbidoof|102|1183\n|teamsize|p1|6\n|teamsize|p2|6\n|gen|9\n|tier|[Gen 9] VGC 2025 Reg I (Bo3)\n|rated|\n|rule|Species Clause: Limit one of each Pok\u00e9mon\n|rule|Item Clause: Limit 1 of each item\n|clearpoke\n|poke|p1|Sneasler, L50, F|\n|poke|p1|Calyrex-Shadow, L50|\n|poke|p1|Dondozo, L50, M|\n|poke|p1|Tatsugiri-Droopy, L50, M|\n|poke|p1|Chi-Yu, L50|\n|poke|p1|Miraidon, L50|\n|poke|p2|Koraidon, L50|\n|poke|p2|Flutter Mane, L50|\n|poke|p2|Brute Bonnet, L50|\n|poke|p2|Chi-Yu, L50|\n|poke|p2|Lunala, L50|\n|poke|p2|Ursaluna, L50, M|\n|teampreview|4\n|showteam|p1|Sneasler||ElectricSeed|Unburden|CloseCombat,DireClaw,ToxicSpikes,FakeOut|||F|||50|,,,,,Dark]Calyrex-Shadow||LifeOrb|AsOneSpectrier|AstralBarrage,Psychic,Encore,Protect||||||50|,,,,,Dark]Dondozo||Leftovers|Unaware|Earthquake,BodyPress,OrderUp,Protect|||M|||50|,,,,,Grass]Tatsugiri-Droopy||FocusSash|Commander|DracoMeteor,MuddyWater,HelpingHand,Protect|||M|||50|,,,,,Stellar]Chi-Yu||ChoiceScarf|BeadsofRuin|Overheat,HeatWave,ScaryFace,Snarl||||||50|,,,,,Ghost]Miraidon||AssaultVest|HadronEngine|ElectroDrift,DracoMeteor,DazzlingGleam,VoltSwitch||||||50|,,,,,Fairy\n|showteam|p2|Koraidon||ClearAmulet|OrichalcumPulse|FlareBlitz,CollisionCourse,FlameCharge,Protect||||||50|,,,,,Fire]Flutter Mane||FocusSash|Protosynthesis|Moonblast,ShadowBall,IcyWind,Protect||||||50|,,,,,Normal]Brute Bonnet||CovertCloak|Protosynthesis|SeedBomb,SuckerPunch,Spore,RagePowder||||||50|,,,,,Water]Chi-Yu||ChoiceScarf|BeadsofRuin|HeatWave,DarkPulse,Overheat,Snarl||||||50|,,,,,Ghost]Lunala||PowerHerb|ShadowShield|MoongeistBeam,MeteorBeam,WideGuard,TrickRoom||||||50|,,,,,Normal]Ursaluna||FlameOrb|Guts|Facade,HeadlongRush,Earthquake,Protect|||M|||50|,,,,,Water\n|inactive|Battle timer is ON: inactive players will automatically lose when time's up. (requested by 8bitbidoof)\n|inactive|AndSB has 60 seconds left.\n|inactive|8bitbidoof has 60 seconds left.\n|inactive|8bitbidoof has 30 seconds left.\n|inactive|8bitbidoof has 20 seconds left.\n|inactive|8bitbidoof has 15 seconds left.\n|inactive|8bitbidoof has 10 seconds left.\n|inactive|8bitbidoof has 5 seconds left.\n|\n|t:|1746031371\n|start\n|switch|p1a: Sneasler|Sneasler, L50, F|100/100\n|switch|p1b: Dondozo|Dondozo, L50, M|100/100\n|switch|p2a: Chi-Yu|Chi-Yu, L50|100/100\n|switch|p2b: Koraidon|Koraidon, L50|100/100\n|-ability|p2a: Chi-Yu|Beads of Ruin\n|-weather|SunnyDay|[from] ability: Orichalcum Pulse|[of] p2b: Koraidon\n|-activate|p2b: Koraidon|Orichalcum Pulse|[source]\n|turn|1\n|inactive|8bitbidoof has 30 seconds left.\n|inactive|8bitbidoof has 20 seconds left.\n|inactive|8bitbidoof has 15 seconds left.\n|inactive|8bitbidoof has 10 seconds left.\n|\n|t:|1746031419\n|switch|p2a: Lunala|Lunala, L50|100/100\n|move|p1b: Dondozo|Protect|p1b: Dondozo\n|-singleturn|p1b: Dondozo|Protect\n|move|p1a: Sneasler|Toxic Spikes|p2a: Lunala\n|-sidestart|p2: 8bitbidoof|move: Toxic Spikes\n|move|p2b: Koraidon|Flame Charge|p1a: Sneasler\n|-crit|p1a: Sneasler\n|-damage|p1a: Sneasler|7/100\n|-boost|p2b: Koraidon|spe|1\n|\n|-weather|SunnyDay|[upkeep]\n|upkeep\n|turn|2\n|inactive|AndSB has 30 seconds left.\n|inactive|8bitbidoof has 30 seconds left.\n|inactive|8bitbidoof has 20 seconds left.\n|inactive|8bitbidoof has 15 seconds left.\n|\n|t:|1746031462\n|switch|p2b: Ursaluna|Ursaluna, L50, M|100/100\n|-status|p2b: Ursaluna|psn\n|switch|p1a: Tatsugiri|Tatsugiri-Droopy, L50, M|100/100\n|-activate|p1a: Tatsugiri|ability: Commander|[of] p1b: Dondozo\n|-boost|p1b: Dondozo|atk|2\n|-boost|p1b: Dondozo|spa|2\n|-boost|p1b: Dondozo|spe|2\n|-boost|p1b: Dondozo|def|2\n|-boost|p1b: Dondozo|spd|2\n|move|p1b: Dondozo|Order Up|p2b: Ursaluna\n|-damage|p2b: Ursaluna|72/100 psn\n|-boost|p1b: Dondozo|def|1\n|move|p2a: Lunala|Moongeist Beam|p1b: Dondozo\n|-damage|p1b: Dondozo|75/100\n|\n|-weather|SunnyDay|[upkeep]\n|-heal|p1b: Dondozo|81/100|[from] item: Leftovers\n|-damage|p2b: Ursaluna|60/100 psn|[from] psn\n|upkeep\n|turn|3\n|\n|t:|1746031487\n|move|p1b: Dondozo|Protect|p1b: Dondozo\n|-singleturn|p1b: Dondozo|Protect\n|move|p2b: Ursaluna|Protect|p2b: Ursaluna\n|-singleturn|p2b: Ursaluna|Protect\n|move|p2a: Lunala|Trick Room|p2a: Lunala\n|-fieldstart|move: Trick Room|[of] p2a: Lunala\n|\n|-weather|SunnyDay|[upkeep]\n|-heal|p1b: Dondozo|88/100|[from] item: Leftovers\n|-damage|p2b: Ursaluna|47/100 psn|[from] psn\n|upkeep\n|turn|4\n|\n|t:|1746031506\n|move|p2b: Ursaluna|Facade|p1b: Dondozo\n|-damage|p1b: Dondozo|58/100\n|move|p2a: Lunala|Meteor Beam||[still]\n|-prepare|p2a: Lunala|Meteor Beam\n|-boost|p2a: Lunala|spa|1\n|-enditem|p2a: Lunala|Power Herb\n|-anim|p2a: Lunala|Meteor Beam|p1b: Dondozo\n|-damage|p1b: Dondozo|37/100\n|move|p1b: Dondozo|Order Up|p2a: Lunala\n|-damage|p2a: Lunala|87/100\n|-boost|p1b: Dondozo|def|1\n|\n|-weather|SunnyDay|[upkeep]\n|-heal|p1b: Dondozo|43/100|[from] item: Leftovers\n|-damage|p2b: Ursaluna|35/100 psn|[from] psn\n|upkeep\n|turn|5\n|\n|t:|1746031522\n|move|p2b: Ursaluna|Protect|p2b: Ursaluna\n|-singleturn|p2b: Ursaluna|Protect\n|move|p1b: Dondozo|Protect|p1b: Dondozo\n|-singleturn|p1b: Dondozo|Protect\n|move|p2a: Lunala|Moongeist Beam|p1b: Dondozo\n|-activate|p1b: Dondozo|move: Protect\n|\n|-weather|none\n|-heal|p1b: Dondozo|49/100|[from] item: Leftovers\n|-damage|p2b: Ursaluna|23/100 psn|[from] psn\n|upkeep\n|turn|6\n|\n|t:|1746031538\n|move|p2b: Ursaluna|Facade|p1b: Dondozo\n|-damage|p1b: Dondozo|25/100\n|move|p2a: Lunala|Moongeist Beam|p1b: Dondozo\n|-damage|p1b: Dondozo|0 fnt\n|faint|p1b: Dondozo\n|\n|-damage|p2b: Ursaluna|11/100 psn|[from] psn\n|upkeep\n|\n|t:|1746031548\n|switch|p1b: Sneasler|Sneasler, L50, F|7/100\n|turn|7\n|inactive|8bitbidoof has 30 seconds left.\n|inactive|8bitbidoof has 20 seconds left.\n|\n|t:|1746031587\n|move|p1a: Tatsugiri|Protect|p1a: Tatsugiri\n|-singleturn|p1a: Tatsugiri|Protect\n|move|p1b: Sneasler|Fake Out|p2b: Ursaluna\n|-damage|p2b: Ursaluna|0 fnt\n|faint|p2b: Ursaluna\n|move|p2a: Lunala|Moongeist Beam|p1b: Sneasler\n|-damage|p1b: Sneasler|0 fnt\n|faint|p1b: Sneasler\n|\n|-fieldend|move: Trick Room\n|upkeep\n|inactive|8bitbidoof has 30 seconds left.\n|\n|t:|1746031620\n|switch|p1b: Calyrex|Calyrex-Shadow, L50|100/100\n|switch|p2b: Chi-Yu|Chi-Yu, L50|100/100\n|-ability|p1b: Calyrex|As One\n|-ability|p1b: Calyrex|Unnerve\n|-status|p2b: Chi-Yu|psn\n|-ability|p2b: Chi-Yu|Beads of Ruin\n|turn|8\n|inactive|8bitbidoof has 30 seconds left.\n|\n|t:|1746031651\n|move|p2b: Chi-Yu|Heat Wave|p1b: Calyrex|[spread] p1b\n|-miss|p2b: Chi-Yu|p1a: Tatsugiri\n|-damage|p1b: Calyrex|43/100\n|move|p1b: Calyrex|Encore|p2a: Lunala\n|-start|p2a: Lunala|Encore\n|move|p1a: Tatsugiri|Muddy Water|p2b: Chi-Yu|[spread] p2a,p2b\n|-supereffective|p2b: Chi-Yu\n|-damage|p2a: Lunala|56/100\n|-damage|p2b: Chi-Yu|13/100 psn\n|-unboost|p2a: Lunala|accuracy|1\n|move|p2a: Lunala|Moongeist Beam|p1a: Tatsugiri\n|-enditem|p1a: Tatsugiri|Focus Sash\n|-damage|p1a: Tatsugiri|1/100\n|\n|-damage|p2b: Chi-Yu|1/100 psn|[from] psn\n|upkeep\n|turn|9\n|inactive|8bitbidoof has 30 seconds left.\n|\n|t:|1746031681\n|switch|p2a: Koraidon|Koraidon, L50|100/100\n|-status|p2a: Koraidon|psn\n|-weather|SunnyDay|[from] ability: Orichalcum Pulse|[of] p2a: Koraidon\n|-activate|p2a: Koraidon|Orichalcum Pulse|[source]\n|move|p1b: Calyrex|Protect|p1b: Calyrex\n|-singleturn|p1b: Calyrex|Protect\n|move|p1a: Tatsugiri|Protect|p1a: Tatsugiri\n|-singleturn|p1a: Tatsugiri|Protect\n|move|p2b: Chi-Yu|Heat Wave|p1b: Calyrex|[spread] \n|-activate|p1a: Tatsugiri|move: Protect\n|-activate|p1b: Calyrex|move: Protect\n|\n|-weather|SunnyDay|[upkeep]\n|-damage|p2b: Chi-Yu|0 fnt|[from] psn\n|faint|p2b: Chi-Yu\n|-damage|p2a: Koraidon|88/100 psn|[from] psn\n|upkeep\n|\n|t:|1746031683\n|switch|p2b: Lunala|Lunala, L50|56/100\n|-status|p2b: Lunala|psn\n|turn|10\n|inactive|AndSB has 30 seconds left.\n|\n|t:|1746031718\n|-terastallize|p1a: Tatsugiri|Stellar\n|move|p1b: Calyrex|Psychic|p2a: Koraidon\n|-supereffective|p2a: Koraidon\n|-damage|p2a: Koraidon|0 fnt\n|faint|p2a: Koraidon\n|-ability|p1b: Calyrex|Grim Neigh|boost\n|-boost|p1b: Calyrex|spa|1\n|-damage|p1b: Calyrex|33/100|[from] item: Life Orb\n|move|p1a: Tatsugiri|Draco Meteor|p2b: Lunala|[miss]\n|-miss|p1a: Tatsugiri|p2b: Lunala\n|move|p2b: Lunala|Moongeist Beam|p1a: Tatsugiri\n|-damage|p1a: Tatsugiri|0 fnt\n|faint|p1a: Tatsugiri\n|\n|-weather|SunnyDay|[upkeep]\n|-damage|p2b: Lunala|43/100 psn|[from] psn\n|upkeep\n|turn|11\n|\n|t:|1746031730\n|-terastallize|p2b: Lunala|Normal\n|move|p1b: Calyrex|Protect|p1b: Calyrex\n|-singleturn|p1b: Calyrex|Protect\n|move|p2b: Lunala|Moongeist Beam|p1b: Calyrex\n|-activate|p1b: Calyrex|move: Protect\n|\n|-weather|SunnyDay|[upkeep]\n|-damage|p2b: Lunala|30/100 psn|[from] psn\n|upkeep\n|turn|12\n|\n|t:|1746031740\n|move|p1b: Calyrex|Psychic|p2b: Lunala\n|-damage|p2b: Lunala|0 fnt\n|faint|p2b: Lunala\n|-damage|p1b: Calyrex|23/100|[from] item: Life Orb\n|\n|win|AndSB\n||AndSB is ready for game 2.\n", "uploadtime": 1746031746, "views": 34, "formatid": "gen9vgc2025regibo3", "rating": null, "private": 0, "password": null}