{"id": "gen9vgc2025regibo3-2354497555", "format": "[Gen 9] VGC 2025 Reg I (Bo3)", "players": ["onda apan", "crochet A31"], "log": "|j|\u2606onda apan\n|j|\u2606crochet A31\n|html|<table width=\"100%\"><tr><td align=\"left\">onda apan</td><td align=\"right\">crochet A31</tr><tr><td align=\"left\"><i class=\"fa fa-circle-o\"></i> <i class=\"fa fa-circle-o\"></i> </td><td align=\"right\"><i class=\"fa fa-circle-o\"></i> <i class=\"fa fa-circle-o\"></i> </tr></table>\n|uhtml|bestof|<h2><strong>Game 1</strong> of <a href=\"/game-bestof3-gen9vgc2025regibo3-2354497553\">a best-of-3</a></h2>\n|t:|1746082011\n|gametype|doubles\n|player|p1|onda apan|170|1134\n|player|p2|crochet A31|blackbelt|1078\n|teamsize|p1|6\n|teamsize|p2|6\n|gen|9\n|tier|[Gen 9] VGC 2025 Reg I (Bo3)\n|rated|\n|rule|Species Clause: Limit one of each Pok\u00e9mon\n|rule|Item Clause: Limit 1 of each item\n|clearpoke\n|poke|p1|Koraidon, L50|\n|poke|p1|Ho-Oh, L50|\n|poke|p1|Ting-Lu, L50|\n|poke|p1|Brute Bonnet, L50|\n|poke|p1|Flutter Mane, L50|\n|poke|p1|Hitmontop, L50, M|\n|poke|p2|Calyrex-Ice, L50|\n|poke|p2|Indeedee-F, L50, F|\n|poke|p2|Ninetales-Alola, L50, F|\n|poke|p2|Baxcalibur, L50, M|\n|poke|p2|Latias, L50, F|\n|poke|p2|Solgaleo, L50|\n|teampreview|4\n|showteam|p1|Koraidon||LifeOrb|OrichalcumPulse|CloseCombat,FlameCharge,FlareBlitz,Protect||||||50|,,,,,Fire]Ho-Oh||ClearAmulet|Regenerator|SacredFire,Tailwind,Protect,BraveBird||||||50|,,,,,Grass]Ting-Lu||AssaultVest|VesselofRuin|SandTomb,Ruination,StompingTantrum,ThroatChop||||||50|,,,,,Poison]Brute Bonnet||CovertCloak|Protosynthesis|Spore,RagePowder,SuckerPunch,SeedBomb||||||50|,,,,,Water]Flutter Mane||BoosterEnergy|Protosynthesis|IcyWind,Moonblast,ShadowBall,Protect||||||50|,,,,,Fairy]Hitmontop||EjectPack|Intimidate|Coaching,CloseCombat,FakeOut,WideGuard|||M|||50|,,,,,Steel\n|showteam|p2|Calyrex-Ice||ClearAmulet|AsOneGlastrier|GlacialLance,HighHorsepower,TrickRoom,Protect||||||50|,,,,,Ground]Indeedee-F||PsychicSeed|PsychicSurge|FollowMe,HelpingHand,TrickRoom,HyperVoice|||F|||50|,,,,,Steel]Ninetales-Alola||IcyRock|SnowWarning|AuroraVeil,Blizzard,DazzlingGleam,Protect|||F|||50|,,,,,Steel]Baxcalibur||LoadedDice|ThermalExchange|GlaiveRush,IceShard,IcicleSpear,ScaleShot|||M|||50|,,,,,Dragon]Latias||CovertCloak|Levitate|Tailwind,Reflect,LightScreen,DragonPulse|||F|||50|,,,,,Water]Solgaleo||SafetyGoggles|FullMetalBody|PsychicFangs,RockSlide,SunsteelStrike,WideGuard||||||50|,,,,,Stellar\n|\n|t:|1746082096\n|start\n|switch|p1a: Ho-Oh|Ho-Oh, L50|100/100\n|switch|p1b: Flutter Mane|Flutter Mane, L50|100/100\n|switch|p2a: Latias|Latias, L50, F, shiny|100/100\n|switch|p2b: Solgaleo|Solgaleo, L50|100/100\n|-enditem|p1b: Flutter Mane|Booster Energy\n|-activate|p1b: Flutter Mane|ability: Protosynthesis|[fromitem]\n|-start|p1b: Flutter Mane|protosynthesisspe\n|turn|1\n|\n|t:|1746082121\n|move|p1b: Flutter Mane|Moonblast|p2a: Latias\n|-supereffective|p2a: Latias\n|-damage|p2a: Latias|19/100\n|move|p2a: Latias|Tailwind|p2a: Latias\n|-sidestart|p2: crochet A31|move: Tailwind\n|move|p2b: Solgaleo|Rock Slide|p1a: Ho-Oh|[spread] p1a,p1b\n|-supereffective|p1a: Ho-Oh\n|-damage|p1a: Ho-Oh|22/100\n|-damage|p1b: Flutter Mane|55/100\n|move|p1a: Ho-Oh|Sacred Fire|p2b: Solgaleo\n|-supereffective|p2b: Solgaleo\n|-damage|p2b: Solgaleo|7/100\n|\n|upkeep\n|turn|2\n|\n|t:|1746082151\n|move|p1a: Ho-Oh|Protect|p1a: Ho-Oh\n|-singleturn|p1a: Ho-Oh|Protect\n|move|p2a: Latias|Dragon Pulse|p1a: Ho-Oh\n|-activate|p1a: Ho-Oh|move: Protect\n|move|p2b: Solgaleo|Sunsteel Strike|p1b: Flutter Mane\n|-supereffective|p1b: Flutter Mane\n|-damage|p1b: Flutter Mane|0 fnt\n|faint|p1b: Flutter Mane\n|-end|p1b: Flutter Mane|Protosynthesis|[silent]\n|\n|upkeep\n|\n|t:|1746082173\n|switch|p1b: Koraidon|Koraidon, L50|100/100\n|-weather|SunnyDay|[from] ability: Orichalcum Pulse|[of] p1b: Koraidon\n|-activate|p1b: Koraidon|Orichalcum Pulse|[source]\n|turn|3\n|inactive|Battle timer is ON: inactive players will automatically lose when time's up. (requested by onda apan)\n|\n|t:|1746082200\n|switch|p1a: Hitmontop|Hitmontop, L50, M|100/100\n|-ability|p1a: Hitmontop|Intimidate|boost\n|-unboost|p2a: Latias|atk|1\n|-fail|p2b: Solgaleo|unboost|[from] ability: Full Metal Body|[of] p2b: Solgaleo\n|move|p1b: Koraidon|Protect|p1b: Koraidon\n|-singleturn|p1b: Koraidon|Protect\n|move|p2a: Latias|Reflect|p2a: Latias\n|-sidestart|p2: crochet A31|Reflect\n|move|p2b: Solgaleo|Psychic Fangs|p1b: Koraidon\n|-activate|p1b: Koraidon|move: Protect\n|\n|-weather|SunnyDay|[upkeep]\n|upkeep\n|turn|4\n|inactive|onda apan has 30 seconds left.\n|inactive|crochet A31 has 30 seconds left.\n|inactive|onda apan has 20 seconds left.\n|\n|t:|1746082237\n|-terastallize|p1b: Koraidon|Fire\n|move|p1a: Hitmontop|Fake Out|p2a: Latias\n|-damage|p2a: Latias|12/100\n|move|p2a: Latias|Dragon Pulse|p1b: Koraidon\n|-damage|p1b: Koraidon|68/100\n|move|p2b: Solgaleo|Psychic Fangs|p1b: Koraidon\n|-damage|p1b: Koraidon|25/100\n|move|p1b: Koraidon|Flame Charge|p2b: Solgaleo\n|-supereffective|p2b: Solgaleo\n|-damage|p2b: Solgaleo|0 fnt\n|-boost|p1b: Koraidon|spe|1\n|faint|p2b: Solgaleo\n|-damage|p1b: Koraidon|15/100|[from] item: Life Orb\n|\n|-weather|SunnyDay|[upkeep]\n|-sideend|p2: crochet A31|move: Tailwind\n|upkeep\n|\n|t:|1746082258\n|switch|p2b: Ninetales|Ninetales-Alola, L50, F|100/100\n|-weather|Snowscape|[from] ability: Snow Warning|[of] p2b: Ninetales\n|turn|5\n|inactive|onda apan has 30 seconds left.\n|inactive|onda apan has 20 seconds left.\n|inactive|onda apan has 15 seconds left.\n|\n|t:|1746082300\n|move|p1b: Koraidon|Flare Blitz|p2b: Ninetales\n|-supereffective|p2b: Ninetales\n|-damage|p2b: Ninetales|0 fnt\n|faint|p2b: Ninetales\n|-damage|p1b: Koraidon|0 fnt|[from] Recoil\n|faint|p1b: Koraidon\n|move|p2a: Latias|Tailwind|p2a: Latias\n|-sidestart|p2: crochet A31|move: Tailwind\n|move|p1a: Hitmontop|Close Combat|p2a: Latias\n|-resisted|p2a: Latias\n|-damage|p2a: Latias|0 fnt\n|-unboost|p1a: Hitmontop|def|1\n|-unboost|p1a: Hitmontop|spd|1\n|-enditem|p1a: Hitmontop|Eject Pack\n|faint|p2a: Latias\n|\n|t:|1746082313\n|switch|p1a: Ho-Oh|Ho-Oh, L50|55/100\n|\n|-weather|Snowscape|[upkeep]\n|upkeep\n|\n|t:|1746082318\n|switch|p1b: Hitmontop|Hitmontop, L50, M|100/100\n|switch|p2a: Baxcalibur|Baxcalibur, L50, M|100/100\n|-ability|p1b: Hitmontop|Intimidate|boost\n|-unboost|p2a: Baxcalibur|atk|1\n|turn|6\n|\n|t:|1746082339\n|move|p1b: Hitmontop|Fake Out|p2a: Baxcalibur\n|-damage|p2a: Baxcalibur|96/100\n|cant|p2a: Baxcalibur|flinch\n|move|p1a: Ho-Oh|Sacred Fire|p2a: Baxcalibur\n|-crit|p2a: Baxcalibur\n|-damage|p2a: Baxcalibur|46/100\n|-ability|p2a: Baxcalibur|Thermal Exchange|boost\n|-boost|p2a: Baxcalibur|atk|1\n|\n|-weather|Snowscape|[upkeep]\n|upkeep\n|turn|7\n|inactive|crochet A31 has 30 seconds left.\n|\n|t:|1746082369\n|-terastallize|p2a: Baxcalibur|Dragon\n|move|p1a: Ho-Oh|Protect|p1a: Ho-Oh\n|-singleturn|p1a: Ho-Oh|Protect\n|move|p2a: Baxcalibur|Scale Shot|p1b: Hitmontop\n|-damage|p1b: Hitmontop|76/100\n|-damage|p1b: Hitmontop|55/100\n|-damage|p1b: Hitmontop|30/100\n|-damage|p1b: Hitmontop|8/100\n|-damage|p1b: Hitmontop|0 fnt\n|faint|p1b: Hitmontop\n|-hitcount|p1: Hitmontop|5\n|-unboost|p2a: Baxcalibur|def|1\n|-boost|p2a: Baxcalibur|spe|1\n|\n|-weather|Snowscape|[upkeep]\n|-sideend|p2: crochet A31|Reflect\n|upkeep\n|turn|8\n|inactive|crochet A31 has 30 seconds left.\n|\n|t:|1746082400\n|move|p2a: Baxcalibur|Scale Shot|p1a: Ho-Oh\n|-damage|p1a: Ho-Oh|36/100\n|-damage|p1a: Ho-Oh|17/100\n|-damage|p1a: Ho-Oh|0 fnt\n|faint|p1a: Ho-Oh\n|-hitcount|p1: Ho-Oh|3\n|\n|win|crochet A31\n||crochet A31 is ready for game 2.\n||onda apan is ready for game 2.\n|uhtml|next|Next: <a href=\"/battle-gen9vgc2025regibo3-2354499588\"><strong>Game 2 of 3</strong></a>\n|l|\u2606crochet A31\n|player|p2|\n", "uploadtime": 1746082746, "views": 23, "formatid": "gen9vgc2025regibo3", "rating": null, "private": 0, "password": null}