{"id": "gen9vgc2025regibo3-2354849879", "format": "[Gen 9] VGC 2025 Reg I (Bo3)", "players": ["Schmixed_007", "PandaMan7567"], "log": "|j|\u2606Schmixed_007\n|j|\u2606PandaMan7567\n|html|<table width=\"100%\"><tr><td align=\"left\">Schmixed_007</td><td align=\"right\">PandaMan7567</tr><tr><td align=\"left\"><i class=\"fa fa-circle-o\"></i> <i class=\"fa fa-circle-o\"></i> </td><td align=\"right\"><i class=\"fa fa-circle-o\"></i> <i class=\"fa fa-circle-o\"></i> </tr></table>\n|uhtml|bestof|<h2><strong>Game 1</strong> of <a href=\"/game-bestof3-gen9vgc2025regibo3-2354849878\">a best-of-3</a></h2>\n|t:|1746125160\n|gametype|doubles\n|player|p1|Schmixed_007|265|1285\n|player|p2|PandaMan7567|102|1457\n|teamsize|p1|6\n|teamsize|p2|6\n|gen|9\n|tier|[Gen 9] VGC 2025 Reg I (Bo3)\n|rated|\n|rule|Species Clause: Limit one of each Pok\u00e9mon\n|rule|Item Clause: Limit 1 of each item\n|clearpoke\n|poke|p1|Incineroar, L50, M|\n|poke|p1|Miraidon, L50|\n|poke|p1|Calyrex-Ice, L50|\n|poke|p1|Iron Treads, L50|\n|poke|p1|Ogerpon-Cornerstone, L50, F|\n|poke|p1|Grimmsnarl, L50, M|\n|poke|p2|Calyrex-Ice, L50|\n|poke|p2|Zamazenta-*, L50|\n|poke|p2|Urshifu-*, L50, M|\n|poke|p2|Landorus, L50, M|\n|poke|p2|Amoonguss, L50, M|\n|poke|p2|Pelipper, L50, M|\n|teampreview|4\n|showteam|p1|Incineroar||RockyHelmet|Intimidate|FakeOut,WillOWisp,Uturn,KnockOff|||M|||50|,,,,,Bug]Miraidon||ChoiceSpecs|HadronEngine|ElectroDrift,VoltSwitch,DazzlingGleam,DracoMeteor||||||50|,,,,,Fairy]Calyrex-Ice||ClearAmulet|AsOneGlastrier|GlacialLance,HighHorsepower,Protect,TrickRoom||||||50|,,,,,Fire]Iron Treads||ChoiceBand|QuarkDrive|SteelRoller,HighHorsepower,IronHead,RockSlide||||||50|,,,,,Ghost]Ogerpon-Cornerstone||CornerstoneMask|Sturdy|IvyCudgel,PowerWhip,SpikyShield,FollowMe|||F|||50|,,,,,Rock]Grimmsnarl||CovertCloak|Prankster|ThunderWave,LightScreen,Reflect,FoulPlay|||M|||50|,,,,,Steel\n|showteam|p2|Calyrex-Ice||NeverMeltIce|AsOneGlastrier|GlacialLance,HighHorsepower,TrickRoom,Protect||||||50|,,,,,Grass]Zamazenta-Crowned||RustedShield|DauntlessShield|BodyPress,WideGuard,Imprison,Protect||||||50|,,,,,Dragon]Urshifu-Rapid-Strike||ChoiceScarf|UnseenFist|SurgingStrikes,CloseCombat,Coaching,Uturn|||M|||50|,,,,,Ghost]Landorus||LifeOrb|SheerForce|EarthPower,SandsearStorm,SludgeBomb,Protect|||M|||50|,,,,,Water]Amoonguss||RockyHelmet|Regenerator|PollenPuff,Spore,RagePowder,Protect|||M|||50|,,,,,Water]Pelipper||FocusSash|Drizzle|WeatherBall,Hurricane,WideGuard,Protect|||M|||50|,,,,,Ghost\n|inactive|Battle timer is ON: inactive players will automatically lose when time's up. (requested by PandaMan7567)\n|inactive|PandaMan7567 has 60 seconds left.\n|\n|t:|1746125223\n|start\n|switch|p1a: Iron Treads|Iron Treads, L50|100/100\n|switch|p1b: Miraidon|Miraidon, L50|100/100\n|switch|p2a: Calyrex|Calyrex-Ice, L50|100/100\n|switch|p2b: Amoonguss|Amoonguss, L50, M|100/100\n|-ability|p2a: Calyrex|As One\n|-ability|p2a: Calyrex|Unnerve\n|-fieldstart|move: Electric Terrain|[from] ability: Hadron Engine|[of] p1b: Miraidon\n|-activate|p1a: Iron Treads|ability: Quark Drive\n|-start|p1a: Iron Treads|quarkdrivespe\n|turn|1\n|inactive|Schmixed_007 has 30 seconds left.\n|\n|t:|1746125254\n|move|p2b: Amoonguss|Rage Powder|p2b: Amoonguss\n|-singleturn|p2b: Amoonguss|move: Rage Powder\n|move|p1a: Iron Treads|Rock Slide|p2a: Calyrex|[spread] p2a,p2b\n|-supereffective|p2a: Calyrex\n|-damage|p2a: Calyrex|66/100\n|-damage|p2b: Amoonguss|80/100\n|move|p1b: Miraidon|Volt Switch|p2b: Amoonguss\n|-resisted|p2b: Amoonguss\n|-damage|p2b: Amoonguss|42/100\n|\n|t:|1746125261\n|switch|p1b: Incineroar|Incineroar, L50, M|100/100|[from] Volt Switch\n|-ability|p1b: Incineroar|Intimidate|boost\n|-unboost|p2a: Calyrex|atk|1\n|-unboost|p2b: Amoonguss|atk|1\n|cant|p2a: Calyrex|flinch\n|\n|upkeep\n|turn|2\n|\n|t:|1746125272\n|switch|p2a: Zamazenta|Zamazenta-Crowned, L50|100/100\n|-ability|p2a: Zamazenta|Dauntless Shield|boost\n|-boost|p2a: Zamazenta|def|1\n|switch|p2b: Urshifu|Urshifu-Rapid-Strike, L50, M|100/100\n|move|p1a: Iron Treads|Rock Slide|p2a: Zamazenta|[spread] p2a,p2b\n|-resisted|p2a: Zamazenta\n|-resisted|p2b: Urshifu\n|-damage|p2a: Zamazenta|98/100\n|-damage|p2b: Urshifu|87/100\n|move|p1b: Incineroar|Knock Off|p2a: Zamazenta\n|-resisted|p2a: Zamazenta\n|-damage|p2a: Zamazenta|93/100\n|\n|upkeep\n|turn|3\n|inactive|Schmixed_007 has 30 seconds left.\n|inactive|PandaMan7567 has 30 seconds left.\n|\n|t:|1746125299\n|-end|p1a: Iron Treads|Quark Drive|[silent]\n|switch|p1a: Miraidon|Miraidon, L50|100/100\n|-activate|p1a: Miraidon|ability: Hadron Engine\n|-terastallize|p1b: Incineroar|Bug\n|move|p2b: Urshifu|U-turn|p1b: Incineroar\n|-damage|p1b: Incineroar|81/100\n|-damage|p2b: Urshifu|70/100|[from] item: Rocky Helmet|[of] p1b: Incineroar\n|\n|t:|1746125311\n|switch|p2b: Amoonguss|Amoonguss, L50, M|75/100|[from] U-turn\n|move|p2a: Zamazenta|Body Press|p1a: Miraidon\n|-damage|p1a: Miraidon|35/100\n|move|p1b: Incineroar|Will-O-Wisp|p2b: Amoonguss|[miss]\n|-miss|p1b: Incineroar|p2b: Amoonguss\n|\n|upkeep\n|turn|4\n|\n|t:|1746125324\n|move|p2b: Amoonguss|Rage Powder|p2b: Amoonguss\n|-singleturn|p2b: Amoonguss|move: Rage Powder\n|move|p1a: Miraidon|Volt Switch|p2b: Amoonguss\n|-resisted|p2b: Amoonguss\n|-damage|p2b: Amoonguss|36/100\n|\n|t:|1746125329\n|switch|p1a: Calyrex|Calyrex-Ice, L50|100/100|[from] Volt Switch\n|-ability|p1a: Calyrex|As One\n|-ability|p1a: Calyrex|Unnerve\n|move|p2a: Zamazenta|Body Press|p1a: Calyrex\n|-damage|p1a: Calyrex|57/100\n|move|p1b: Incineroar|Knock Off|p2b: Amoonguss\n|-damage|p2b: Amoonguss|7/100\n|-damage|p1b: Incineroar|64/100|[from] item: Rocky Helmet|[of] p2b: Amoonguss\n|-enditem|p2b: Amoonguss|Rocky Helmet|[from] move: Knock Off|[of] p1b: Incineroar\n|\n|upkeep\n|turn|5\n|inactive|PandaMan7567 has 30 seconds left.\n|\n|t:|1746125358\n|switch|p1b: Miraidon|Miraidon, L50|35/100\n|-activate|p1b: Miraidon|ability: Hadron Engine\n|switch|p2b: Calyrex|Calyrex-Ice, L50|66/100\n|-ability|p2b: Calyrex|As One\n|-ability|p2b: Calyrex|Unnerve\n|move|p2a: Zamazenta|Body Press|p1a: Calyrex\n|-damage|p1a: Calyrex|11/100\n|move|p1a: Calyrex|Glacial Lance|p2a: Zamazenta|[spread] p2a,p2b\n|-resisted|p2a: Zamazenta\n|-resisted|p2b: Calyrex\n|-damage|p2a: Zamazenta|79/100\n|-damage|p2b: Calyrex|49/100\n|\n|-fieldend|move: Electric Terrain\n|upkeep\n|turn|6\n|\n|t:|1746125380\n|move|p2a: Zamazenta|Protect|p2a: Zamazenta\n|-singleturn|p2a: Zamazenta|Protect\n|move|p1b: Miraidon|Electro Drift|p2b: Calyrex\n|-damage|p2b: Calyrex|0 fnt\n|faint|p2b: Calyrex\n|move|p1a: Calyrex|High Horsepower|p2a: Zamazenta\n|-activate|p2a: Zamazenta|move: Protect\n|\n|upkeep\n|\n|t:|1746125387\n|switch|p2b: Urshifu|Urshifu-Rapid-Strike, L50, M|70/100\n|turn|7\n|\n|t:|1746125406\n|switch|p1b: Incineroar|Incineroar, L50, M, tera:Bug|64/100\n|-ability|p1b: Incineroar|Intimidate|boost\n|-unboost|p2a: Zamazenta|atk|1\n|-unboost|p2b: Urshifu|atk|1\n|move|p1a: Calyrex|Protect|p1a: Calyrex\n|-singleturn|p1a: Calyrex|Protect\n|move|p2b: Urshifu|Close Combat|p1b: Incineroar\n|-resisted|p1b: Incineroar\n|-damage|p1b: Incineroar|46/100\n|-unboost|p2b: Urshifu|def|1\n|-unboost|p2b: Urshifu|spd|1\n|-damage|p2b: Urshifu|54/100|[from] item: Rocky Helmet|[of] p1b: Incineroar\n|move|p2a: Zamazenta|Body Press|p1a: Calyrex\n|-activate|p1a: Calyrex|move: Protect\n|\n|upkeep\n|turn|8\n|j| s10 ultra baby\n|inactive|Schmixed_007 has 30 seconds left.\n|inactive|PandaMan7567 has 30 seconds left.\n|inactive|Schmixed_007 has 20 seconds left.\n|\n|t:|1746125445\n|move|p2b: Urshifu|Close Combat|p1b: Incineroar\n|-resisted|p1b: Incineroar\n|-damage|p1b: Incineroar|28/100\n|-unboost|p2b: Urshifu|def|1\n|-unboost|p2b: Urshifu|spd|1\n|-damage|p2b: Urshifu|37/100|[from] item: Rocky Helmet|[of] p1b: Incineroar\n|move|p2a: Zamazenta|Body Press|p1b: Incineroar\n|-resisted|p1b: Incineroar\n|-damage|p1b: Incineroar|2/100\n|-damage|p2a: Zamazenta|63/100|[from] item: Rocky Helmet|[of] p1b: Incineroar\n|move|p1b: Incineroar|Will-O-Wisp|p2a: Zamazenta\n|-status|p2a: Zamazenta|brn\n|move|p1a: Calyrex|High Horsepower|p2a: Zamazenta\n|-supereffective|p2a: Zamazenta\n|-damage|p2a: Zamazenta|28/100 brn\n|\n|-damage|p2a: Zamazenta|22/100 brn|[from] brn\n|upkeep\n|turn|9\n|\n|t:|1746125466\n|switch|p2b: Amoonguss|Amoonguss, L50, M|41/100\n|move|p2a: Zamazenta|Body Press|p1a: Calyrex\n|-damage|p1a: Calyrex|0 fnt\n|faint|p1a: Calyrex\n|move|p1b: Incineroar|Will-O-Wisp|p2b: Amoonguss\n|-status|p2b: Amoonguss|brn\n|\n|-damage|p2a: Zamazenta|16/100 brn|[from] brn\n|-damage|p2b: Amoonguss|35/100 brn|[from] brn\n|upkeep\n|\n|t:|1746125483\n|switch|p1a: Miraidon|Miraidon, L50|35/100\n|-fieldstart|move: Electric Terrain|[from] ability: Hadron Engine|[of] p1a: Miraidon\n|turn|10\n|\n|t:|1746125502\n|move|p1a: Miraidon|Dazzling Gleam|p2b: Amoonguss|[spread] p2a,p2b\n|-resisted|p2b: Amoonguss\n|-damage|p2a: Zamazenta|0 fnt\n|-damage|p2b: Amoonguss|17/100 brn\n|faint|p2a: Zamazenta\n|move|p1b: Incineroar|Knock Off|p2b: Amoonguss\n|-damage|p2b: Amoonguss|0 fnt\n|faint|p2b: Amoonguss\n|\n|upkeep\n|\n|t:|1746125505\n|switch|p2b: Urshifu|Urshifu-Rapid-Strike, L50, M|37/100\n|turn|11\n|-message|PandaMan7567 forfeited.\n|\n|win|Schmixed_007\n||PandaMan7567 is ready for game 2.\n||Schmixed_007 is ready for game 2.\n|uhtml|next|Next: <a href=\"/battle-gen9vgc2025regibo3-2354853906\"><strong>Game 2 of 3</strong></a>\n|l| s10 ultra baby\n|l|\u2606Schmixed_007\n|player|p1|\n", "uploadtime": 1746125922, "views": 6, "formatid": "gen9vgc2025regibo3", "rating": null, "private": 0, "password": null}