{"id": "gen9vgc2025regibo3-2353444207", "format": "[Gen 9] VGC 2025 Reg I (Bo3)", "players": ["VoiSimp", "MMcookiegamer"], "log": "|j|\u2606VoiSimp\n|j|\u2606MMcookiegamer\n|html|<table width=\"100%\"><tr><td align=\"left\">VoiSimp</td><td align=\"right\">MMcookiegamer</tr><tr><td align=\"left\"><i class=\"fa fa-circle\"></i> <i class=\"fa fa-circle-o\"></i> </td><td align=\"right\"><i class=\"fa fa-circle-o\"></i> <i class=\"fa fa-circle\"></i> </tr></table>\n|uhtml|bestof|<h2><strong>Game 3</strong> of <a href=\"/game-bestof3-gen9vgc2025regibo3-2353437368\">a best-of-3</a></h2>\n|t:|1745956499\n|gametype|doubles\n|player|p1|VoiSimp|pokemaniac|1078\n|player|p2|MMcookiegamer|yellow|1071\n|teamsize|p1|6\n|teamsize|p2|6\n|gen|9\n|tier|[Gen 9] VGC 2025 Reg I (Bo3)\n|rated|\n|rule|Species Clause: Limit one of each Pok\u00e9mon\n|rule|Item Clause: Limit 1 of each item\n|clearpoke\n|poke|p1|Calyrex-Shadow, L50|\n|poke|p1|Incineroar, L50, M|\n|poke|p1|Koraidon, L50|\n|poke|p1|Farigiraf, L50, F|\n|poke|p1|Amoonguss, L50, F|\n|poke|p1|Scream Tail, L50|\n|poke|p2|Calyrex-Shadow, L50|\n|poke|p2|Chi-Yu, L50|\n|poke|p2|Miraidon, L50|\n|poke|p2|Whimsicott, L50, F|\n|poke|p2|Urshifu-*, L50, M|\n|poke|p2|Iron Hands, L50|\n|teampreview|4\n|showteam|p1|Calyrex-Shadow||FocusSash|AsOneSpectrier|AstralBarrage,PollenPuff,NastyPlot,Protect||||||50|,,,,,Normal]Incineroar||SafetyGoggles|Intimidate|KnockOff,Taunt,FakeOut,PartingShot|||M|||50|,,,,,Bug]Koraidon||LifeOrb|OrichalcumPulse|CloseCombat,FlareBlitz,FlameCharge,Protect||||||50|,,,,,Fire]Farigiraf||Leftovers|ArmorTail|Psychic,TrickRoom,Imprison,Protect|||F|||50|,,,,,Fairy]Amoonguss||MentalHerb|Regenerator|SludgeBomb,Spore,RagePowder,Protect|||F|||50|,,,,,Dark]Scream Tail||BoosterEnergy|Protosynthesis|ThunderWave,Disable,Encore,Protect||||||50|,,,,,Dark\n|showteam|p2|Calyrex-Shadow||FocusSash|AsOneSpectrier|AstralBarrage,Psychic,Protect,NastyPlot||||||50|,,,,,Water]Chi-Yu||ChoiceScarf|BeadsofRuin|Overheat,HeatWave,DarkPulse,Snarl||||||50|,,,,,Ghost]Miraidon||ChoiceSpecs|HadronEngine|DracoMeteor,ElectroDrift,DazzlingGleam,VoltSwitch||||||50|,,,,,Fairy]Whimsicott||CovertCloak|Prankster|Moonblast,Tailwind,Encore,LightScreen|||F|||50|,,,,,Dark]Urshifu-Rapid-Strike||MysticWater|UnseenFist|CloseCombat,AquaJet,SurgingStrikes,Detect|||M|||50|,,,,,Water]Iron Hands||AssaultVest|QuarkDrive|DrainPunch,LowKick,HeavySlam,FakeOut||||||50|,,,,,Water\n|\n|t:|1745956549\n|start\n|switch|p1a: Scream Tail|Scream Tail, L50|100/100\n|switch|p1b: Incineroar|Incineroar, L50, M|100/100\n|switch|p2a: Pluisbal|Whimsicott, L50, F|100/100\n|switch|p2b: Vroem Vroem|Miraidon, L50|100/100\n|-fieldstart|move: Electric Terrain|[from] ability: Hadron Engine|[of] p2b: Vroem Vroem\n|-ability|p1b: Incineroar|Intimidate|boost\n|-unboost|p2a: Pluisbal|atk|1\n|-unboost|p2b: Vroem Vroem|atk|1\n|-enditem|p1a: Scream Tail|Booster Energy\n|-activate|p1a: Scream Tail|ability: Protosynthesis|[fromitem]\n|-start|p1a: Scream Tail|protosynthesisspe\n|turn|1\n|\n|t:|1745956571\n|switch|p2b: Calyrex|Calyrex-Shadow, L50|100/100\n|-ability|p2b: Calyrex|As One\n|-ability|p2b: Calyrex|Unnerve\n|move|p1b: Incineroar|Fake Out|p2b: Calyrex\n|-immune|p2b: Calyrex\n|move|p2a: Pluisbal|Tailwind|p2a: Pluisbal\n|-sidestart|p2: MMcookiegamer|move: Tailwind\n|move|p1a: Scream Tail|Thunder Wave|p2a: Pluisbal\n|-status|p2a: Pluisbal|par\n|\n|upkeep\n|turn|2\n|\n|t:|1745956585\n|-terastallize|p2b: Calyrex|Water\n|cant|p2a: Pluisbal|par\n|move|p2b: Calyrex|Astral Barrage|p1a: Scream Tail|[spread] p1a,p1b\n|-supereffective|p1a: Scream Tail\n|-resisted|p1b: Incineroar\n|-damage|p1a: Scream Tail|27/100\n|-damage|p1b: Incineroar|81/100\n|move|p1a: Scream Tail|Thunder Wave|p2b: Calyrex\n|-status|p2b: Calyrex|par\n|move|p1b: Incineroar|Parting Shot|p2b: Calyrex\n|-unboost|p2b: Calyrex|atk|1\n|-unboost|p2b: Calyrex|spa|1\n|\n|t:|1745956605\n|switch|p1b: Calyrex|Calyrex-Shadow, L50|100/100|[from] Parting Shot\n|-ability|p1b: Calyrex|As One\n|-ability|p1b: Calyrex|Unnerve\n|\n|upkeep\n|turn|3\n|\n|t:|1745956617\n|-end|p1a: Scream Tail|Protosynthesis|[silent]\n|switch|p1a: Incineroar|Incineroar, L50, M|81/100\n|-ability|p1a: Incineroar|Intimidate|boost\n|-unboost|p2a: Pluisbal|atk|1\n|-unboost|p2b: Calyrex|atk|1\n|-terastallize|p1b: Calyrex|Normal\n|cant|p2a: Pluisbal|par\n|move|p1b: Calyrex|Astral Barrage|p2a: Pluisbal|[spread] p2a,p2b\n|-damage|p2a: Pluisbal|42/100 par\n|-damage|p2b: Calyrex|44/100 par\n|move|p2b: Calyrex|Astral Barrage|p1a: Incineroar|[spread] p1a\n|-immune|p1b: Calyrex\n|-resisted|p1a: Incineroar\n|-damage|p1a: Incineroar|68/100\n|\n|upkeep\n|turn|4\n|\n|t:|1745956643\n|move|p1b: Calyrex|Astral Barrage|p2a: Pluisbal|[spread] p2a,p2b\n|-crit|p2b: Calyrex\n|-damage|p2a: Pluisbal|0 fnt\n|-damage|p2b: Calyrex|0 fnt\n|faint|p2a: Pluisbal\n|faint|p2b: Calyrex\n|-ability|p1b: Calyrex|Grim Neigh|boost\n|-boost|p1b: Calyrex|spa|2\n|move|p1a: Incineroar|Knock Off|p2: Pluisbal|[notarget]\n|-fail|p1a: Incineroar\n|\n|-sideend|p2: MMcookiegamer|move: Tailwind\n|upkeep\n|\n|t:|1745956647\n|switch|p2b: Vissie|Chi-Yu, L50|100/100\n|switch|p2a: Vroem Vroem|Miraidon, L50|100/100\n|-ability|p2b: Vissie|Beads of Ruin\n|-activate|p2a: Vroem Vroem|ability: Hadron Engine\n|turn|5\n|\n|t:|1745956670\n|switch|p1a: Koraidon|Koraidon, L50|100/100\n|-weather|SunnyDay|[from] ability: Orichalcum Pulse|[of] p1a: Koraidon\n|-activate|p1a: Koraidon|Orichalcum Pulse|[source]\n|move|p1b: Calyrex|Protect|p1b: Calyrex\n|-singleturn|p1b: Calyrex|Protect\n|move|p2b: Vissie|Heat Wave|p1a: Koraidon|[spread] p1a\n|-activate|p1b: Calyrex|move: Protect\n|-resisted|p1a: Koraidon\n|-damage|p1a: Koraidon|56/100\n|-status|p1a: Koraidon|brn\n|move|p2a: Vroem Vroem|Electro Drift|p1b: Calyrex\n|-activate|p1b: Calyrex|move: Protect\n|\n|-weather|SunnyDay|[upkeep]\n|-damage|p1a: Koraidon|50/100 brn|[from] brn\n|-fieldend|move: Electric Terrain\n|upkeep\n|turn|6\n|\n|t:|1745956689\n|move|p2b: Vissie|Heat Wave|p1a: Koraidon|[spread] p1b\n|-miss|p2b: Vissie|p1a: Koraidon\n|-damage|p1b: Calyrex|12/100\n|move|p1b: Calyrex|Astral Barrage|p2b: Vissie|[spread] p2a,p2b\n|-resisted|p2b: Vissie\n|-damage|p2a: Vroem Vroem|0 fnt\n|-damage|p2b: Vissie|38/100\n|faint|p2a: Vroem Vroem\n|-ability|p1b: Calyrex|Grim Neigh|boost\n|-boost|p1b: Calyrex|spa|1\n|move|p1a: Koraidon|Close Combat|p2b: Vissie\n|-supereffective|p2b: Vissie\n|-damage|p2b: Vissie|0 fnt\n|-unboost|p1a: Koraidon|def|1\n|-unboost|p1a: Koraidon|spd|1\n|faint|p2b: Vissie\n|-damage|p1a: Koraidon|40/100 brn|[from] item: Life Orb\n|\n|win|VoiSimp\n|raw|VoiSimp's rating: 1078 &rarr; <strong>1106</strong><br />(+28 for winning)\n|raw|MMcookiegamer's rating: 1071 &rarr; <strong>1051</strong><br />(-20 for losing)\n", "uploadtime": 1745956696, "views": 10, "formatid": "gen9vgc2025regibo3", "rating": 1051, "private": 0, "password": null}