{"id": "gen9vgc2025regibo3-2354845782", "format": "[Gen 9] VGC 2025 Reg I (Bo3)", "players": ["moik.trainer", "albermapruebas2"], "log": "|j|\u2606moik.trainer\n|j|\u2606albermapruebas2\n|html|<table width=\"100%\"><tr><td align=\"left\">moik.trainer</td><td align=\"right\">albermapruebas2</tr><tr><td align=\"left\"><i class=\"fa fa-circle-o\"></i> <i class=\"fa fa-circle-o\"></i> </td><td align=\"right\"><i class=\"fa fa-circle-o\"></i> <i class=\"fa fa-circle-o\"></i> </tr></table>\n|uhtml|bestof|<h2><strong>Game 1</strong> of <a href=\"/game-bestof3-gen9vgc2025regibo3-2354845781\">a best-of-3</a></h2>\n|t:|1746124802\n|gametype|doubles\n|player|p1|moik.trainer|266|1048\n|player|p2|albermapruebas2|roughneck|1000\n|teamsize|p1|6\n|teamsize|p2|6\n|gen|9\n|tier|[Gen 9] VGC 2025 Reg I (Bo3)\n|rated|\n|rule|Species Clause: Limit one of each Pok\u00e9mon\n|rule|Item Clause: Limit 1 of each item\n|clearpoke\n|poke|p1|Indeedee-F, L50, F|\n|poke|p1|Koraidon, L50|\n|poke|p1|Whimsicott, L50, F|\n|poke|p1|Chi-Yu, L50|\n|poke|p1|Terapagos, L50, M|\n|poke|p1|Raging Bolt, L50|\n|poke|p2|Zamazenta-*, L50|\n|poke|p2|Calyrex-Shadow, L50|\n|poke|p2|Incineroar, L50, M|\n|poke|p2|Rillaboom, L50, F|\n|poke|p2|Urshifu-*, L50, F|\n|poke|p2|Tornadus, L50, M|\n|teampreview|4\n|showteam|p1|Indeedee-F||RockyHelmet|PsychicSurge|TrickRoom,HelpingHand,FollowMe,AlluringVoice|||F|||50|,,,,,Grass]Koraidon||LifeOrb|OrichalcumPulse|FlameCharge,CollisionCourse,FlareBlitz,Protect||||||50|,,,,,Fire]Whimsicott||CovertCloak|Prankster|SunnyDay,Tailwind,CottonSpore,Protect|||F|||50|,,,,,Dark]Chi-Yu||ChoiceScarf|BeadsofRuin|Overheat,HeatWave,Psychic,DarkPulse||||||50|,,,,,Ghost]Terapagos||Leftovers|TeraShift|DarkPulse,TeraStarstorm,Protect,CalmMind|||M|||50|,,,,,Stellar]Raging Bolt||AssaultVest|Protosynthesis|Thunderclap,VoltSwitch,Electroweb,DracoMeteor||||||50|,,,,,Fairy\n|showteam|p2|Zamazenta-Crowned||RustedShield|DauntlessShield|BodyPress,HeavySlam,WideGuard,Protect||||||50|,,,,,Dragon]Calyrex-Shadow||LifeOrb|AsOneSpectrier|AstralBarrage,Psychic,NastyPlot,Protect||||||50|,,,,,Dark]Incineroar||RockyHelmet|Intimidate|FakeOut,KnockOff,WillOWisp,PartingShot|||M|||50|,,,,,Bug]Rillaboom||AssaultVest|GrassySurge|FakeOut,WoodHammer,GrassyGlide,Uturn|||F|||50|,,,,,Water]Urshifu-Rapid-Strike||ChoiceScarf|UnseenFist|SurgingStrikes,CloseCombat,AquaJet,Uturn|||F|||50|,,,,,Water]Tornadus||CovertCloak|Prankster|BleakwindStorm,Taunt,RainDance,Tailwind|||M|||50|,,,,,Dark\n|inactive|Battle timer is ON: inactive players will automatically lose when time's up. (requested by moik.trainer)\n|inactive|moik.trainer has 60 seconds left.\n|inactive|moik.trainer has 30 seconds left.\n|\n|t:|1746124898\n|start\n|switch|p1a: Indeedee|Indeedee-F, L50, F|100/100\n|switch|p1b: Terapagos|Terapagos, L50, M|100/100\n|switch|p2a: Tornadus|Tornadus, L50, M|100/100\n|switch|p2b: Urshifu|Urshifu-Rapid-Strike, L50, F|100/100\n|-activate|p1b: Terapagos|ability: Tera Shift\n|detailschange|p1b: Terapagos|Terapagos-Terastal, L50, M\n|-heal|p1b: Terapagos|100/100|[silent]\n|-fieldstart|move: Psychic Terrain|[from] ability: Psychic Surge|[of] p1a: Indeedee\n|turn|1\n|inactive|albermapruebas2 has 30 seconds left.\n|inactive|albermapruebas2 has 20 seconds left.\n|inactive|albermapruebas2 has 15 seconds left.\n|inactive|albermapruebas2 has 10 seconds left.\n|\n|t:|1746124945\n|switch|p2a: Calyrex|Calyrex-Shadow, L50|100/100\n|-ability|p2a: Calyrex|As One\n|-ability|p2a: Calyrex|Unnerve\n|move|p2b: Urshifu|Surging Strikes|p1b: Terapagos\n|-activate|p1b: Terapagos|ability: Tera Shell\n|-resisted|p1b: Terapagos\n|-crit|p1b: Terapagos\n|-damage|p1b: Terapagos|92/100\n|-resisted|p1b: Terapagos\n|-crit|p1b: Terapagos\n|-damage|p1b: Terapagos|84/100\n|-resisted|p1b: Terapagos\n|-crit|p1b: Terapagos\n|-damage|p1b: Terapagos|76/100\n|-hitcount|p1b: Terapagos|3\n|move|p1b: Terapagos|Calm Mind|p1b: Terapagos\n|-boost|p1b: Terapagos|spa|1\n|-boost|p1b: Terapagos|spd|1\n|move|p1a: Indeedee|Trick Room|p1a: Indeedee\n|-fieldstart|move: Trick Room|[of] p1a: Indeedee\n|\n|-heal|p1b: Terapagos|82/100|[from] item: Leftovers\n|upkeep\n|turn|2\n|inactive|moik.trainer has 30 seconds left.\n|inactive|albermapruebas2 has 30 seconds left.\n|inactive|albermapruebas2 has 20 seconds left.\n|inactive|albermapruebas2 has 15 seconds left.\n|\n|t:|1746124989\n|move|p1a: Indeedee|Follow Me|p1a: Indeedee\n|-singleturn|p1a: Indeedee|move: Follow Me\n|move|p1b: Terapagos|Dark Pulse|p2a: Calyrex\n|-supereffective|p2a: Calyrex\n|-damage|p2a: Calyrex|0 fnt\n|faint|p2a: Calyrex\n|move|p2b: Urshifu|Surging Strikes|p1a: Indeedee\n|-crit|p1a: Indeedee\n|-damage|p1a: Indeedee|78/100\n|-damage|p2b: Urshifu|84/100|[from] item: Rocky Helmet|[of] p1a: Indeedee\n|-crit|p1a: Indeedee\n|-damage|p1a: Indeedee|58/100\n|-damage|p2b: Urshifu|68/100|[from] item: Rocky Helmet|[of] p1a: Indeedee\n|-crit|p1a: Indeedee\n|-damage|p1a: Indeedee|37/100\n|-damage|p2b: Urshifu|51/100|[from] item: Rocky Helmet|[of] p1a: Indeedee\n|-hitcount|p1a: Indeedee|3\n|\n|-heal|p1b: Terapagos|88/100|[from] item: Leftovers\n|upkeep\n|inactive|albermapruebas2 has 30 seconds left.\n|\n|t:|1746125020\n|switch|p2a: Tornadus|Tornadus, L50, M|100/100\n|turn|3\n|inactive|moik.trainer has 30 seconds left.\n|\n|t:|1746125052\n|-terastallize|p1b: Terapagos|Stellar\n|detailschange|p1b: Terapagos|Terapagos-Stellar, L50, M, tera:Stellar\n|-heal|p1b: Terapagos|91/100|[silent]\n|-ability|p1b: Terapagos|Teraform Zero\n|-fieldend|move: Psychic Terrain\n|move|p1a: Indeedee|Helping Hand|p1b: Terapagos\n|-singleturn|p1b: Terapagos|Helping Hand|[of] p1a: Indeedee\n|move|p2a: Tornadus|Rain Dance|p2a: Tornadus\n|-weather|RainDance\n|move|p1b: Terapagos|Tera Starstorm|p2a: Tornadus|[spread] p2a,p2b\n|-damage|p2a: Tornadus|4/100\n|-damage|p2b: Urshifu|0 fnt\n|faint|p2b: Urshifu\n|\n|-weather|RainDance|[upkeep]\n|-heal|p1b: Terapagos|97/100|[from] item: Leftovers\n|upkeep\n|\n|t:|1746125070\n|switch|p2b: Zamazenta|Zamazenta-Crowned, L50|100/100\n|-ability|p2b: Zamazenta|Dauntless Shield|boost\n|-boost|p2b: Zamazenta|def|1\n|turn|4\n|\n|t:|1746125080\n|move|p1a: Indeedee|Helping Hand|p1b: Terapagos\n|-singleturn|p1b: Terapagos|Helping Hand|[of] p1a: Indeedee\n|move|p2b: Zamazenta|Wide Guard|p2b: Zamazenta\n|-singleturn|p2b: Zamazenta|Wide Guard\n|move|p1b: Terapagos|Tera Starstorm|p2b: Zamazenta|[spread] \n|-activate|p2a: Tornadus|move: Wide Guard\n|-activate|p2b: Zamazenta|move: Wide Guard\n|move|p2a: Tornadus|Bleakwind Storm|p1b: Terapagos|[spread] p1a,p1b\n|-damage|p1a: Indeedee|10/100\n|-damage|p1b: Terapagos|84/100\n|\n|-weather|RainDance|[upkeep]\n|-heal|p1b: Terapagos|90/100|[from] item: Leftovers\n|upkeep\n|turn|5\n|inactive|moik.trainer has 30 seconds left.\n|inactive|albermapruebas2 has 30 seconds left.\n|\n|t:|1746125110\n|move|p1b: Terapagos|Protect|p1b: Terapagos\n|-singleturn|p1b: Terapagos|Protect\n|move|p1a: Indeedee|Alluring Voice|p2a: Tornadus\n|-damage|p2a: Tornadus|0 fnt\n|faint|p2a: Tornadus\n|move|p2b: Zamazenta|Body Press|p1b: Terapagos\n|-activate|p1b: Terapagos|move: Protect\n|\n|-weather|RainDance|[upkeep]\n|-heal|p1b: Terapagos|96/100|[from] item: Leftovers\n|-fieldend|move: Trick Room\n|upkeep\n|turn|6\n|\n|t:|1746125125\n|switch|p1a: Koraidon|Koraidon, L50|100/100\n|-weather|SunnyDay|[from] ability: Orichalcum Pulse|[of] p1a: Koraidon\n|-activate|p1a: Koraidon|Orichalcum Pulse|[source]\n|move|p2b: Zamazenta|Body Press|p1b: Terapagos\n|-supereffective|p1b: Terapagos\n|-damage|p1b: Terapagos|15/100\n|move|p1b: Terapagos|Tera Starstorm|p2b: Zamazenta\n|-damage|p2b: Zamazenta|47/100\n|\n|-weather|SunnyDay|[upkeep]\n|-heal|p1b: Terapagos|21/100|[from] item: Leftovers\n|upkeep\n|turn|7\n|\n|t:|1746125137\n|move|p1a: Koraidon|Flare Blitz|p2b: Zamazenta\n|-supereffective|p2b: Zamazenta\n|-damage|p2b: Zamazenta|0 fnt\n|faint|p2b: Zamazenta\n|-damage|p1a: Koraidon|86/100|[from] Recoil\n|-damage|p1a: Koraidon|77/100|[from] item: Life Orb\n|\n|win|moik.trainer\n||moik.trainer is ready for game 2.\n||albermapruebas2 is ready for game 2.\n|uhtml|next|Next: <a href=\"/battle-gen9vgc2025regibo3-2354849720\"><strong>Game 2 of 3</strong></a>\n|l|\u2606moik.trainer\n|player|p1|\n", "uploadtime": 1746125490, "views": 6, "formatid": "gen9vgc2025regibo3", "rating": null, "private": 0, "password": null}