{"id": "gen9vgc2025regibo3-2353317618", "format": "[Gen 9] VGC 2025 Reg I (Bo3)", "players": ["Mommy moma", "dambro222"], "log": "|j|\u2606Mommy moma\n|j|\u2606dambro222\n|html|<table width=\"100%\"><tr><td align=\"left\">Mommy moma</td><td align=\"right\">dambro222</tr><tr><td align=\"left\"><i class=\"fa fa-circle-o\"></i> <i class=\"fa fa-circle-o\"></i> </td><td align=\"right\"><i class=\"fa fa-circle-o\"></i> <i class=\"fa fa-circle\"></i> </tr></table>\n|uhtml|bestof|<h2><strong>Game 2</strong> of <a href=\"/game-bestof3-gen9vgc2025regibo3-2353314814\">a best-of-3</a></h2>\n|t:|1745945911\n|gametype|doubles\n|player|p1|Mommy moma|firebreather|1047\n|player|p2|dambro222|1|1087\n|teamsize|p1|6\n|teamsize|p2|6\n|gen|9\n|tier|[Gen 9] VGC 2025 Reg I (Bo3)\n|rated|\n|rule|Species Clause: Limit one of each Pok\u00e9mon\n|rule|Item Clause: Limit 1 of each item\n|clearpoke\n|poke|p1|Ho-Oh, L50|\n|poke|p1|Koraidon, L50|\n|poke|p1|Ogerpon-Wellspring, L50, F|\n|poke|p1|Flutter Mane, L50|\n|poke|p1|Incineroar, L50, M|\n|poke|p1|Rillaboom, L50, F|\n|poke|p2|Ho-Oh, L50|\n|poke|p2|Miraidon, L50|\n|poke|p2|Flutter Mane, L50|\n|poke|p2|Iron Hands, L50|\n|poke|p2|Urshifu-*, L50, M|\n|poke|p2|Iron Treads, L50|\n|teampreview|4\n|showteam|p1|Ho-Oh||AssaultVest|Regenerator|BraveBird,SacredFire,Earthquake,ZenHeadbutt||||||50|,,,,,Ground]Koraidon||LifeOrb|OrichalcumPulse|CloseCombat,DragonClaw,FlareBlitz,Protect||||||50|,,,,,Fire]Ogerpon-Wellspring||WellspringMask|WaterAbsorb|FollowMe,HornLeech,Taunt,SpikyShield|||F|||50|,,,,,Water]Flutter Mane||FocusSash|Protosynthesis|Moonblast,ShadowBall,IcyWind,Protect||||||50|,,,,,Normal]Incineroar||SafetyGoggles|Intimidate|WillOWisp,PartingShot,KnockOff,FakeOut|||M|||50|,,,,,Ghost]Rillaboom||ChoiceBand|GrassySurge|Uturn,WoodHammer,GrassyGlide,HammerArm|||F|||50|,,,,,Grass\n|showteam|p2|Ho-Oh||ClearAmulet|Regenerator|SacredFire,BraveBird,Tailwind,Protect||||||50|,,,,,Dragon]Miraidon||CovertCloak|HadronEngine|ElectroDrift,VoltSwitch,DracoMeteor,Protect||||||50|,,,,,Electric]Flutter Mane||BoosterEnergy|Protosynthesis|Moonblast,ShadowBall,IcyWind,Protect||||||50|,,,,,Fairy]Iron Hands||AssaultVest|QuarkDrive|FakeOut,DrainPunch,WildCharge,LowKick||||||50|,,,,,Water]Urshifu||FocusSash|UnseenFist|WickedBlow,CloseCombat,SuckerPunch,Detect|||M|||50|,,,,,Poison]Iron Treads||ChoiceBand|QuarkDrive|IronHead,HighHorsepower,KnockOff,SteelRoller||||||50|,,,,,Water\n|\n|t:|1745945926\n|start\n|switch|p1a: Koraidon|Koraidon, L50|100/100\n|switch|p1b: Flutter Mane|Flutter Mane, L50|100/100\n|switch|p2a: Miraidon|Miraidon, L50|100/100\n|switch|p2b: Iron Treads|Iron Treads, L50|100/100\n|-weather|SunnyDay|[from] ability: Orichalcum Pulse|[of] p1a: Koraidon\n|-activate|p1b: Flutter Mane|ability: Protosynthesis\n|-start|p1b: Flutter Mane|protosynthesisspe\n|-activate|p1a: Koraidon|Orichalcum Pulse|[source]\n|-fieldstart|move: Electric Terrain|[from] ability: Hadron Engine|[of] p2a: Miraidon\n|-activate|p2b: Iron Treads|ability: Quark Drive\n|-start|p2b: Iron Treads|quarkdrivespe\n|turn|1\n|\n|t:|1745945953\n|move|p2a: Miraidon|Protect|p2a: Miraidon\n|-singleturn|p2a: Miraidon|Protect\n|move|p1b: Flutter Mane|Moonblast|p2a: Miraidon\n|-activate|p2a: Miraidon|move: Protect\n|move|p2b: Iron Treads|High Horsepower|p1b: Flutter Mane\n|-enditem|p1b: Flutter Mane|Focus Sash\n|-damage|p1b: Flutter Mane|1/100\n|move|p1a: Koraidon|Close Combat|p2b: Iron Treads\n|-supereffective|p2b: Iron Treads\n|-damage|p2b: Iron Treads|0 fnt\n|-unboost|p1a: Koraidon|def|1\n|-unboost|p1a: Koraidon|spd|1\n|faint|p2b: Iron Treads\n|-end|p2b: Iron Treads|Quark Drive|[silent]\n|-damage|p1a: Koraidon|91/100|[from] item: Life Orb\n|\n|-weather|SunnyDay|[upkeep]\n|upkeep\n|j| DaraghJohn\n|\n|t:|1745945966\n|switch|p2b: Flutter Mane|Flutter Mane, L50|100/100\n|-activate|p2b: Flutter Mane|ability: Protosynthesis\n|-start|p2b: Flutter Mane|protosynthesisspe\n|turn|2\n|\n|t:|1745945977\n|switch|p1a: Ho-Oh|Ho-Oh, L50|100/100\n|move|p1b: Flutter Mane|Moonblast|p2a: Miraidon\n|-supereffective|p2a: Miraidon\n|-damage|p2a: Miraidon|17/100\n|move|p2b: Flutter Mane|Icy Wind|p1a: Ho-Oh|[spread] p1b\n|-miss|p2b: Flutter Mane|p1a: Ho-Oh\n|-damage|p1b: Flutter Mane|0 fnt\n|faint|p1b: Flutter Mane\n|-end|p1b: Flutter Mane|Protosynthesis|[silent]\n|move|p2a: Miraidon|Electro Drift|p1a: Ho-Oh\n|-supereffective|p1a: Ho-Oh\n|-damage|p1a: Ho-Oh|19/100\n|\n|-weather|SunnyDay|[upkeep]\n|upkeep\n|\n|t:|1745945998\n|switch|p1b: Incineroar|Incineroar, L50, M|100/100\n|-ability|p1b: Incineroar|Intimidate|boost\n|-unboost|p2a: Miraidon|atk|1\n|-unboost|p2b: Flutter Mane|atk|1\n|turn|3\n|\n|t:|1745946018\n|-terastallize|p2a: Miraidon|Electric\n|move|p1b: Incineroar|Fake Out|p2a: Miraidon\n|-damage|p2a: Miraidon|9/100\n|move|p2b: Flutter Mane|Icy Wind|p1b: Incineroar|[spread] p1a,p1b\n|-resisted|p1b: Incineroar\n|-damage|p1a: Ho-Oh|15/100\n|-damage|p1b: Incineroar|96/100\n|-unboost|p1a: Ho-Oh|spe|1\n|-unboost|p1b: Incineroar|spe|1\n|move|p2a: Miraidon|Electro Drift|p1b: Incineroar\n|-crit|p1b: Incineroar\n|-damage|p1b: Incineroar|0 fnt\n|faint|p1b: Incineroar\n|move|p1a: Ho-Oh|Sacred Fire|p2b: Flutter Mane\n|-damage|p2b: Flutter Mane|9/100\n|-status|p2b: Flutter Mane|brn\n|\n|-weather|SunnyDay|[upkeep]\n|-damage|p2b: Flutter Mane|2/100 brn|[from] brn\n|upkeep\n|\n|t:|1745946049\n|switch|p1b: Koraidon|Koraidon, L50|91/100\n|-activate|p1b: Koraidon|ability: Orichalcum Pulse\n|turn|4\n|\n|t:|1745946075\n|-end|p2b: Flutter Mane|Protosynthesis|[silent]\n|switch|p2b: Ho-Oh|Ho-Oh, L50|100/100\n|move|p1b: Koraidon|Protect|p1b: Koraidon\n|-singleturn|p1b: Koraidon|Protect\n|move|p2a: Miraidon|Electro Drift|p1a: Ho-Oh\n|-supereffective|p1a: Ho-Oh\n|-damage|p1a: Ho-Oh|0 fnt\n|faint|p1a: Ho-Oh\n|\n|-weather|SunnyDay|[upkeep]\n|upkeep\n|turn|5\n|-message|Mommy moma forfeited.\n|\n|win|dambro222\n|raw|Mommy moma's rating: 1047 &rarr; <strong>1032</strong><br />(-15 for losing)\n|raw|dambro222's rating: 1087 &rarr; <strong>1111</strong><br />(+24 for winning)\n|l|\u2606Mommy moma\n|player|p1|\n", "uploadtime": 1745946112, "views": 14, "formatid": "gen9vgc2025regibo3", "rating": 1032, "private": 0, "password": null}