{"id": "gen9vgc2025regibo3-2353713396", "format": "[Gen 9] VGC 2025 Reg I (Bo3)", "players": ["sindreck", "playest003"], "log": "|j|\u2606sindreck\n|j|\u2606playest003\n|html|<table width=\"100%\"><tr><td align=\"left\">sindreck</td><td align=\"right\">playest003</tr><tr><td align=\"left\"><i class=\"fa fa-circle-o\"></i> <i class=\"fa fa-circle-o\"></i> </td><td align=\"right\"><i class=\"fa fa-circle-o\"></i> <i class=\"fa fa-circle-o\"></i> </tr></table>\n|uhtml|bestof|<h2><strong>Game 1</strong> of <a href=\"/game-bestof3-gen9vgc2025regibo3-2353713394\">a best-of-3</a></h2>\n|t:|1745987360\n|gametype|doubles\n|player|p1|sindreck|169|1105\n|player|p2|playest003|infielder|1167\n|teamsize|p1|6\n|teamsize|p2|6\n|gen|9\n|tier|[Gen 9] VGC 2025 Reg I (Bo3)\n|rated|\n|rule|Species Clause: Limit one of each Pok\u00e9mon\n|rule|Item Clause: Limit 1 of each item\n|clearpoke\n|poke|p1|Miraidon, L50|\n|poke|p1|Groudon, L50|\n|poke|p1|Raging Bolt, L50|\n|poke|p1|Flutter Mane, L50|\n|poke|p1|Chi-Yu, L50|\n|poke|p1|Toxapex, L50, F|\n|poke|p2|Calyrex-Ice, L50|\n|poke|p2|Indeedee-F, L50, F|\n|poke|p2|Smeargle, L50, F|\n|poke|p2|Miraidon, L50|\n|poke|p2|Urshifu-*, L50, M|\n|poke|p2|Torkoal, L50, F|\n|teampreview|4\n|showteam|p1|Miraidon||ChoiceSpecs|HadronEngine|VoltSwitch,Discharge,DazzlingGleam,DracoMeteor||||||50|,,,,,Fairy]Groudon||ClearAmulet|Drought|PrecipiceBlades,HighHorsepower,HeatCrash,Protect||||||50|,,,,,Fire]Raging Bolt||AssaultVest|Protosynthesis|Thunderclap,Discharge,Snarl,DragonPulse||||||50|,,,,,Water]Flutter Mane||FocusSash|Protosynthesis|DazzlingGleam,ShadowBall,IcyWind,Protect||||||50|,,,,,Normal]Chi-Yu||ChoiceScarf|BeadsofRuin|HeatWave,Snarl,Overheat,DarkPulse||||||50|,,,,,Ghost]Toxapex||RockyHelmet|Regenerator|Infestation,Haze,WideGuard,BanefulBunker|||F|||50|,,,,,Grass\n|showteam|p2|Calyrex-Ice||ClearAmulet|AsOneGlastrier|Protect,TrickRoom,CloseCombat,GlacialLance||||||50|,,,,,Fire]Indeedee-F||RockyHelmet|PsychicSurge|ShadowBall,FollowMe,TrickRoom,HelpingHand|||F|||50|,,,,,Fairy]Smeargle||FocusSash|Technician|FollowMe,FakeOut,Spore,Decorate|||F|||50|,,,,,Grass]Miraidon||LifeOrb|HadronEngine|Protect,ElectroDrift,DracoMeteor,DazzlingGleam||||||50|,,,,,Stellar]Urshifu||ChoiceBand|UnseenFist|WickedBlow,CloseCombat,SuckerPunch,IronHead|||M|||50|,,,,,Grass]Torkoal||ChoiceSpecs|Drought|Eruption,HeatWave,EarthPower,WeatherBall|||F|||50|,,,,,Fire\n|inactive|Battle timer is ON: inactive players will automatically lose when time's up. (requested by playest003)\n|\n|t:|1745987389\n|start\n|switch|p1a: Flutter Mane|Flutter Mane, L50|100/100\n|switch|p1b: Miraidon|Miraidon, L50|100/100\n|switch|p2a: Smeargle|Smeargle, L50, F|100/100\n|switch|p2b: Calyrex|Calyrex-Ice, L50|100/100\n|-ability|p2b: Calyrex|As One\n|-ability|p2b: Calyrex|Unnerve\n|-fieldstart|move: Electric Terrain|[from] ability: Hadron Engine|[of] p1b: Miraidon\n|turn|1\n|\n|t:|1745987404\n|switch|p1b: Toxapex|Toxapex, L50, F|100/100\n|move|p2a: Smeargle|Fake Out|p1b: Toxapex\n|-damage|p1b: Toxapex|95/100\n|-damage|p2a: Smeargle|84/100|[from] item: Rocky Helmet|[of] p1b: Toxapex\n|move|p1a: Flutter Mane|Dazzling Gleam|p2b: Calyrex|[spread] p2a,p2b\n|-damage|p2a: Smeargle|0 fnt\n|-damage|p2b: Calyrex|78/100\n|faint|p2a: Smeargle\n|move|p2b: Calyrex|Trick Room|p2b: Calyrex\n|-fieldstart|move: Trick Room|[of] p2b: Calyrex\n|\n|upkeep\n|\n|t:|1745987422\n|switch|p2a: Miraidon|Miraidon, L50|100/100\n|-activate|p2a: Miraidon|ability: Hadron Engine\n|turn|2\n|\n|t:|1745987437\n|move|p1b: Toxapex|Baneful Bunker|p1b: Toxapex\n|-singleturn|p1b: Toxapex|move: Protect\n|move|p1a: Flutter Mane|Protect|p1a: Flutter Mane\n|-singleturn|p1a: Flutter Mane|Protect\n|move|p2b: Calyrex|Glacial Lance|p1b: Toxapex|[spread] \n|-activate|p1a: Flutter Mane|move: Protect\n|-activate|p1b: Toxapex|move: Protect\n|move|p2a: Miraidon|Electro Drift|p1a: Flutter Mane\n|-activate|p1a: Flutter Mane|move: Protect\n|\n|upkeep\n|turn|3\n|\n|t:|1745987466\n|-end|p1a: Flutter Mane|Protosynthesis|[silent]\n|switch|p1a: Groudon|Groudon, L50|100/100\n|-weather|SunnyDay|[from] ability: Drought|[of] p1a: Groudon\n|-terastallize|p1b: Toxapex|Grass\n|move|p1b: Toxapex|Wide Guard|p1b: Toxapex\n|-singleturn|p1b: Toxapex|Wide Guard\n|move|p2b: Calyrex|Glacial Lance|p1a: Groudon|[spread] \n|-activate|p1a: Groudon|move: Wide Guard\n|-activate|p1b: Toxapex|move: Wide Guard\n|move|p2a: Miraidon|Electro Drift|p1b: Toxapex\n|-resisted|p1b: Toxapex\n|-damage|p1b: Toxapex|50/100\n|-damage|p2a: Miraidon|84/100|[from] item: Rocky Helmet|[of] p1b: Toxapex\n|-damage|p2a: Miraidon|74/100|[from] item: Life Orb\n|\n|-weather|SunnyDay|[upkeep]\n|upkeep\n|turn|4\n|inactive|sindreck has 30 seconds left.\n|inactive|playest003 has 30 seconds left.\n|\n|t:|1745987496\n|move|p1b: Toxapex|Infestation|p2b: Calyrex\n|-supereffective|p2b: Calyrex\n|-damage|p2b: Calyrex|73/100\n|-activate|p2b: Calyrex|move: Infestation|[of] p1b: Toxapex\n|move|p2b: Calyrex|Close Combat|p1b: Toxapex\n|-damage|p1b: Toxapex|15/100\n|-unboost|p2b: Calyrex|def|1\n|-unboost|p2b: Calyrex|spd|1\n|-damage|p2b: Calyrex|57/100|[from] item: Rocky Helmet|[of] p1b: Toxapex\n|move|p1a: Groudon|Heat Crash|p2b: Calyrex\n|-supereffective|p2b: Calyrex\n|-crit|p2b: Calyrex\n|-damage|p2b: Calyrex|0 fnt\n|faint|p2b: Calyrex\n|move|p2a: Miraidon|Draco Meteor|p1a: Groudon\n|-damage|p1a: Groudon|0 fnt\n|-unboost|p2a: Miraidon|spa|2\n|faint|p1a: Groudon\n|-damage|p2a: Miraidon|65/100|[from] item: Life Orb\n|\n|-weather|SunnyDay|[upkeep]\n|upkeep\n|inactive|sindreck has 30 seconds left.\n|\n|t:|1745987522\n|switch|p2b: Urshifu|Urshifu, L50, M|100/100\n|switch|p1a: Flutter Mane|Flutter Mane, L50|100/100\n|-activate|p1a: Flutter Mane|ability: Protosynthesis\n|-start|p1a: Flutter Mane|protosynthesisspe\n|turn|5\n|c|\u2606playest003|toxapex too stong\n|\n|t:|1745987541\n|-end|p1a: Flutter Mane|Protosynthesis|[silent]\n|switch|p1a: Miraidon|Miraidon, L50|100/100\n|-activate|p1a: Miraidon|ability: Hadron Engine\n|-terastallize|p2b: Urshifu|Grass\n|move|p1b: Toxapex|Infestation|p2b: Urshifu\n|-supereffective|p2b: Urshifu\n|-damage|p2b: Urshifu|93/100\n|-activate|p2b: Urshifu|move: Infestation|[of] p1b: Toxapex\n|move|p2b: Urshifu|Wicked Blow|p1a: Miraidon\n|-crit|p1a: Miraidon\n|-damage|p1a: Miraidon|0 fnt\n|faint|p1a: Miraidon\n|move|p2a: Miraidon|Dazzling Gleam|p1b: Toxapex\n|-damage|p1b: Toxapex|0 fnt\n|faint|p1b: Toxapex\n|-damage|p2a: Miraidon|55/100|[from] item: Life Orb\n|\n|-weather|SunnyDay|[upkeep]\n|-end|p2b: Urshifu|Infestation|[partiallytrapped]|[silent]\n|-fieldend|move: Trick Room\n|-fieldend|move: Electric Terrain\n|upkeep\n|\n|t:|1745987555\n|switch|p1a: Flutter Mane|Flutter Mane, L50|100/100\n|-activate|p1a: Flutter Mane|ability: Protosynthesis\n|-start|p1a: Flutter Mane|protosynthesisspe\n|turn|6\n|\n|t:|1745987577\n|move|p1a: Flutter Mane|Shadow Ball|p2b: Urshifu\n|-damage|p2b: Urshifu|43/100\n|move|p2a: Miraidon|Electro Drift|p1a: Flutter Mane\n|-damage|p1a: Flutter Mane|64/100\n|-damage|p2a: Miraidon|46/100|[from] item: Life Orb\n|move|p2b: Urshifu|Wicked Blow|p1a: Flutter Mane\n|-crit|p1a: Flutter Mane\n|-damage|p1a: Flutter Mane|0 fnt\n|faint|p1a: Flutter Mane\n|-end|p1a: Flutter Mane|Protosynthesis|[silent]\n|\n|win|playest003\n||sindreck is ready for game 2.\n|inactive|playest003 has 30 seconds to confirm battle start!\n||playest003 is ready for game 2.\n|uhtml|next|Next: <a href=\"/battle-gen9vgc2025regibo3-2353714857\"><strong>Game 2 of 3</strong></a>\n|l|\u2606sindreck\n|player|p1|\n|l|\u2606playest003\n|player|p2|\n|j|\u2606playest003\n|player|p2|playest003|infielder|\n|l|\u2606playest003\n|player|p2|\n", "uploadtime": 1745987719, "views": 12, "formatid": "gen9vgc2025regibo3", "rating": null, "private": 0, "password": null}