{"id": "gen9vgc2025regibo3-2354682859", "format": "[Gen 9] VGC 2025 Reg I (Bo3)", "players": ["owvjnwojdn", "rubentino"], "log": "|j|\u2606owvjnwojdn\n|j|\u2606rubentino\n|html|<table width=\"100%\"><tr><td align=\"left\">owvjnwojdn</td><td align=\"right\">rubentino</tr><tr><td align=\"left\"><i class=\"fa fa-circle-o\"></i> <i class=\"fa fa-circle-o\"></i> </td><td align=\"right\"><i class=\"fa fa-circle-o\"></i> <i class=\"fa fa-circle\"></i> </tr></table>\n|uhtml|bestof|<h2><strong>Game 2</strong> of <a href=\"/game-bestof3-gen9vgc2025regibo3-2354678704\">a best-of-3</a></h2>\n|t:|1746110348\n|gametype|doubles\n|player|p1|owvjnwojdn|hilda|1081\n|player|p2|rubentino|1|1069\n|teamsize|p1|6\n|teamsize|p2|6\n|gen|9\n|tier|[Gen 9] VGC 2025 Reg I (Bo3)\n|rated|\n|rule|Species Clause: Limit one of each Pok\u00e9mon\n|rule|Item Clause: Limit 1 of each item\n|clearpoke\n|poke|p1|Lunala, L50|\n|poke|p1|Koraidon, L50|\n|poke|p1|Flutter Mane, L50|\n|poke|p1|Indeedee-F, L50, F|\n|poke|p1|Ogerpon-Cornerstone, L50, F|\n|poke|p1|Chi-Yu, L50|\n|poke|p2|Terapagos, L50, M|\n|poke|p2|Calyrex-Shadow, L50|\n|poke|p2|Incineroar, L50, F|\n|poke|p2|Rillaboom, L50, F|\n|poke|p2|Urshifu-*, L50, F|\n|poke|p2|Amoonguss, L50, F|\n|teampreview|4\n|showteam|p1|Lunala||PowerHerb|ShadowShield|Protect,ExpandingForce,MoongeistBeam,MeteorBeam||||||50|,,,,,Water]Koraidon||LifeOrb|OrichalcumPulse|Protect,FlareBlitz,FlameCharge,CloseCombat||||||50|,,,,,Fire]Flutter Mane||FocusSash|Protosynthesis|Protect,Moonblast,ShadowBall,IcyWind||||||50|,,,,,Normal]Indeedee-F||RockyHelmet|PsychicSurge|FollowMe,HelpingHand,ShadowBall,TrickRoom|||F|||50|,,,,,Water]Ogerpon-Cornerstone||CornerstoneMask|Sturdy|SpikyShield,IvyCudgel,PowerWhip,FollowMe|||F|||50|,,,,,Rock]Chi-Yu||ChoiceScarf|BeadsofRuin|HeatWave,Snarl,DarkPulse,Overheat||||||50|,,,,,Ghost\n|showteam|p2|Terapagos||Leftovers|TeraShift|TeraStarstorm,EarthPower,CalmMind,Protect|||M|||50|,,,,,Stellar]Calyrex-Shadow||FocusSash|AsOneSpectrier|AstralBarrage,Encore,Disable,Protect||||||50|,,,,,Ghost]Incineroar||SafetyGoggles|Intimidate|FakeOut,KnockOff,WillOWisp,PartingShot|||F|||50|,,,,,Bug]Rillaboom||AssaultVest|GrassySurge|FakeOut,WoodHammer,GrassyGlide,Uturn|||F|||50|,,,,,Water]Urshifu-Rapid-Strike||ChoiceScarf|UnseenFist|SurgingStrikes,CloseCombat,AquaJet,Uturn|||F|||50|,,,,,Water]Amoonguss||RockyHelmet|Regenerator|SludgeBomb,Spore,RagePowder,Protect|||F|||50|,,,,,Water\n|inactive|Battle timer is ON: inactive players will automatically lose when time's up. (requested by owvjnwojdn)\n|\n|t:|1746110407\n|start\n|switch|p1a: Chi-Yu|Chi-Yu, L50|100/100\n|switch|p1b: Flutter Mane|Flutter Mane, L50|100/100\n|switch|p2a: Calyrex|Calyrex-Shadow, L50|100/100\n|switch|p2b: Incineroar|Incineroar, L50, F|100/100\n|-ability|p2a: Calyrex|As One\n|-ability|p2a: Calyrex|Unnerve\n|-ability|p1a: Chi-Yu|Beads of Ruin\n|-ability|p2b: Incineroar|Intimidate|boost\n|-unboost|p1a: Chi-Yu|atk|1\n|-unboost|p1b: Flutter Mane|atk|1\n|turn|1\n|inactive|owvjnwojdn has 30 seconds left.\n|\n|t:|1746110433\n|move|p2a: Calyrex|Protect|p2a: Calyrex\n|-singleturn|p2a: Calyrex|Protect\n|move|p1a: Chi-Yu|Snarl|p2a: Calyrex|[spread] p2b\n|-activate|p2a: Calyrex|move: Protect\n|-resisted|p2b: Incineroar\n|-damage|p2b: Incineroar|86/100\n|-unboost|p2b: Incineroar|spa|1\n|move|p1b: Flutter Mane|Icy Wind|p2b: Incineroar|[spread] p2b\n|-activate|p2a: Calyrex|move: Protect\n|-resisted|p2b: Incineroar\n|-damage|p2b: Incineroar|77/100\n|-unboost|p2b: Incineroar|spe|1\n|move|p2b: Incineroar|Knock Off|p1a: Chi-Yu\n|-resisted|p1a: Chi-Yu\n|-damage|p1a: Chi-Yu|68/100\n|-enditem|p1a: Chi-Yu|Choice Scarf|[from] move: Knock Off|[of] p2b: Incineroar\n|\n|upkeep\n|turn|2\n|inactive|owvjnwojdn has 30 seconds left.\n|\n|t:|1746110471\n|move|p2a: Calyrex|Disable|p1a: Chi-Yu\n|-start|p1a: Chi-Yu|Disable|Snarl\n|move|p1b: Flutter Mane|Icy Wind|p2b: Incineroar|[spread] p2a,p2b\n|-resisted|p2b: Incineroar\n|-damage|p2a: Calyrex|81/100\n|-damage|p2b: Incineroar|69/100\n|-unboost|p2a: Calyrex|spe|1\n|-unboost|p2b: Incineroar|spe|1\n|cant|p1a: Chi-Yu|Disable|Snarl\n|move|p2b: Incineroar|Parting Shot|p1b: Flutter Mane\n|-unboost|p1b: Flutter Mane|atk|1\n|-unboost|p1b: Flutter Mane|spa|1\n|\n|t:|1746110482\n|switch|p2b: Urshifu|Urshifu-Rapid-Strike, L50, F|100/100|[from] Parting Shot\n|\n|upkeep\n|turn|3\n|inactive|owvjnwojdn has 30 seconds left.\n|inactive|rubentino has 30 seconds left.\n|inactive|rubentino has 20 seconds left.\n|\n|t:|1746110518\n|switch|p1a: Koraidon|Koraidon, L50|100/100\n|-weather|SunnyDay|[from] ability: Orichalcum Pulse|[of] p1a: Koraidon\n|-activate|p1b: Flutter Mane|ability: Protosynthesis\n|-start|p1b: Flutter Mane|protosynthesisspe\n|-activate|p1a: Koraidon|Orichalcum Pulse|[source]\n|switch|p2a: Incineroar|Incineroar, L50, F|69/100\n|-ability|p2a: Incineroar|Intimidate|boost\n|-unboost|p1a: Koraidon|atk|1\n|-unboost|p1b: Flutter Mane|atk|1\n|move|p1b: Flutter Mane|Moonblast|p2b: Urshifu\n|-supereffective|p2b: Urshifu\n|-damage|p2b: Urshifu|8/100\n|-unboost|p2b: Urshifu|spa|1\n|move|p2b: Urshifu|Surging Strikes|p1a: Koraidon\n|-resisted|p1a: Koraidon\n|-crit|p1a: Koraidon\n|-damage|p1a: Koraidon|96/100\n|-resisted|p1a: Koraidon\n|-crit|p1a: Koraidon\n|-damage|p1a: Koraidon|92/100\n|-resisted|p1a: Koraidon\n|-crit|p1a: Koraidon\n|-damage|p1a: Koraidon|88/100\n|-hitcount|p1a: Koraidon|3\n|\n|-weather|SunnyDay|[upkeep]\n|upkeep\n|turn|4\n|inactive|owvjnwojdn has 30 seconds left.\n|inactive|owvjnwojdn has 20 seconds left.\n|inactive|owvjnwojdn has 15 seconds left.\n|inactive|owvjnwojdn has 10 seconds left.\n|\n|t:|1746110565\n|switch|p2b: Terapagos|Terapagos, L50, M|100/100\n|-activate|p2b: Terapagos|ability: Tera Shift\n|detailschange|p2b: Terapagos|Terapagos-Terastal, L50, M\n|-heal|p2b: Terapagos|100/100|[silent]\n|move|p2a: Incineroar|Fake Out|p1a: Koraidon\n|-damage|p1a: Koraidon|79/100\n|move|p1b: Flutter Mane|Moonblast|p2b: Terapagos\n|-activate|p2b: Terapagos|ability: Tera Shell\n|-resisted|p2b: Terapagos\n|-damage|p2b: Terapagos|86/100\n|cant|p1a: Koraidon|flinch\n|\n|-weather|SunnyDay|[upkeep]\n|-heal|p2b: Terapagos|93/100|[from] item: Leftovers\n|upkeep\n|turn|5\n|inactive|owvjnwojdn has 30 seconds left.\n|inactive|owvjnwojdn has 20 seconds left.\n|inactive|owvjnwojdn has 15 seconds left.\n|inactive|owvjnwojdn has 10 seconds left.\n|inactive|owvjnwojdn has 5 seconds left.\n|\n|t:|1746110620\n|move|p1b: Flutter Mane|Protect|p1b: Flutter Mane\n|-singleturn|p1b: Flutter Mane|Protect\n|move|p1a: Koraidon|Protect|p1a: Koraidon\n|-singleturn|p1a: Koraidon|Protect\n|move|p2b: Terapagos|Protect|p2b: Terapagos\n|-singleturn|p2b: Terapagos|Protect\n|move|p2a: Incineroar|Parting Shot|p1a: Koraidon\n|-activate|p1a: Koraidon|move: Protect\n|\n|-weather|SunnyDay|[upkeep]\n|-heal|p2b: Terapagos|99/100|[from] item: Leftovers\n|upkeep\n|turn|6\n|inactive|owvjnwojdn has 30 seconds left.\n|inactive|rubentino has 30 seconds left.\n|\n|t:|1746110649\n|switch|p2b: Calyrex|Calyrex-Shadow, L50|81/100\n|-ability|p2b: Calyrex|As One\n|-ability|p2b: Calyrex|Unnerve\n|move|p1b: Flutter Mane|Shadow Ball|p2b: Calyrex\n|-supereffective|p2b: Calyrex\n|-damage|p2b: Calyrex|0 fnt\n|faint|p2b: Calyrex\n|move|p1a: Koraidon|Close Combat|p2a: Incineroar\n|-supereffective|p2a: Incineroar\n|-damage|p2a: Incineroar|0 fnt\n|-unboost|p1a: Koraidon|def|1\n|-unboost|p1a: Koraidon|spd|1\n|faint|p2a: Incineroar\n|-damage|p1a: Koraidon|69/100|[from] item: Life Orb\n|\n|-weather|SunnyDay|[upkeep]\n|upkeep\n|\n|t:|1746110667\n|switch|p2b: Urshifu|Urshifu-Rapid-Strike, L50, F|8/100\n|switch|p2a: Terapagos|Terapagos-Terastal, L50, M|99/100\n|turn|7\n|\n|t:|1746110691\n|switch|p1a: Chi-Yu|Chi-Yu, L50|68/100\n|-ability|p1a: Chi-Yu|Beads of Ruin\n|-terastallize|p2a: Terapagos|Stellar\n|detailschange|p2a: Terapagos|Terapagos-Stellar, L50, M, tera:Stellar\n|-heal|p2a: Terapagos|99/100|[silent]\n|-ability|p2a: Terapagos|Teraform Zero\n|-weather|none\n|-end|p1b: Flutter Mane|Protosynthesis\n|move|p2b: Urshifu|Close Combat|p1a: Chi-Yu\n|-supereffective|p1a: Chi-Yu\n|-damage|p1a: Chi-Yu|0 fnt\n|-unboost|p2b: Urshifu|def|1\n|-unboost|p2b: Urshifu|spd|1\n|faint|p1a: Chi-Yu\n|move|p1b: Flutter Mane|Moonblast|p2b: Urshifu\n|-supereffective|p2b: Urshifu\n|-damage|p2b: Urshifu|0 fnt\n|faint|p2b: Urshifu\n|move|p2a: Terapagos|Tera Starstorm|p1b: Flutter Mane\n|-damage|p1b: Flutter Mane|51/100\n|\n|-heal|p2a: Terapagos|100/100|[from] item: Leftovers\n|upkeep\n|-message|rubentino forfeited.\n|\n|win|owvjnwojdn\n", "uploadtime": 1746110712, "views": 9, "formatid": "gen9vgc2025regibo3", "rating": null, "private": 0, "password": null}