{"id": "gen9vgc2025regibo3-2354772858", "format": "[Gen 9] VGC 2025 Reg I (Bo3)", "players": ["LeonardPlayz", "Hossss"], "log": "|j|\u2606LeonardPlayz\n|j|\u2606Hossss\n|html|<table width=\"100%\"><tr><td align=\"left\">LeonardPlayz</td><td align=\"right\">Hossss</tr><tr><td align=\"left\"><i class=\"fa fa-circle\"></i> <i class=\"fa fa-circle-o\"></i> </td><td align=\"right\"><i class=\"fa fa-circle-o\"></i> <i class=\"fa fa-circle\"></i> </tr></table>\n|uhtml|bestof|<h2><strong>Game 3</strong> of <a href=\"/game-bestof3-gen9vgc2025regibo3-2354767924\">a best-of-3</a></h2>\n|t:|1746118479\n|gametype|doubles\n|player|p1|LeonardPlayz|hilbert-wonderlauncher|1104\n|player|p2|Hossss|n|1172\n|teamsize|p1|6\n|teamsize|p2|6\n|gen|9\n|tier|[Gen 9] VGC 2025 Reg I (Bo3)\n|rated|\n|rule|Species Clause: Limit one of each Pok\u00e9mon\n|rule|Item Clause: Limit 1 of each item\n|clearpoke\n|poke|p1|Kyurem-White, L50|\n|poke|p1|Koraidon, L50|\n|poke|p1|Incineroar, L50, F|\n|poke|p1|Flutter Mane, L50|\n|poke|p1|Indeedee-F, L50, F|\n|poke|p1|Ogerpon-Cornerstone, L50, F|\n|poke|p2|Calyrex-Shadow, L50|\n|poke|p2|Zamazenta-*, L50|\n|poke|p2|Urshifu-*, L50, M|\n|poke|p2|Volcarona, L50, M|\n|poke|p2|Grimmsnarl, L50, M|\n|poke|p2|Rillaboom, L50, F|\n|teampreview|4\n|showteam|p1|Kyurem-White||CovertCloak|Turboblaze|FusionFlare,EarthPower,FreezeDry,Protect||||||50|,,,,,Fire]Koraidon||LifeOrb|OrichalcumPulse|FlareBlitz,CloseCombat,FlameCharge,Protect||||||50|,,,,,Fire]Incineroar||AssaultVest|Intimidate|FakeOut,FlareBlitz,KnockOff,Uturn|||F|||50|,,,,,Grass]Flutter Mane||ChoiceSpecs|Protosynthesis|Moonblast,ShadowBall,Thunderbolt,IcyWind||||||50|,,,,,Fairy]Indeedee-F||RockyHelmet|PsychicSurge|FollowMe,HelpingHand,Imprison,TrickRoom|||F|||50|,,,,,Water]Ogerpon-Cornerstone||CornerstoneMask|Sturdy|FollowMe,IvyCudgel,HornLeech,SpikyShield|||F|||50|,,,,,Rock\n|showteam|p2|Calyrex-Shadow||LifeOrb|AsOneSpectrier|Protect,NastyPlot,AstralBarrage,DrainingKiss||||||50|,,,,,Fairy]Zamazenta-Crowned||RustedShield|DauntlessShield|Protect,WideGuard,behemothbash,BodyPress||||||50|,,,,,Dragon]Urshifu-Rapid-Strike||ChoiceScarf|UnseenFist|IceSpinner,SurgingStrikes,CloseCombat,Uturn|||M|||50|,,,,,Water]Volcarona||RockyHelmet|FlameBody|Protect,RagePowder,Tailwind,FieryDance|||M|||50|,,,,,Water]Grimmsnarl||CovertCloak|Prankster|Reflect,LightScreen,ThunderWave,SpiritBreak|||M|||50|,,,,,Grass]Rillaboom||AssaultVest|GrassySurge|WoodHammer,GrassyGlide,Uturn,FakeOut|||F|||50|,,,,,Water\n|inactive|Battle timer is ON: inactive players will automatically lose when time's up. (requested by LeonardPlayz)\n|\n|t:|1746118503\n|start\n|switch|p1a: Flutter Mane|Flutter Mane, L50|100/100\n|switch|p1b: Ogerpon|Ogerpon-Cornerstone, L50, F|100/100\n|switch|p2a: Volcarona|Volcarona, L50, M, shiny|100/100\n|switch|p2b: Grimmsnarl|Grimmsnarl, L50, M, shiny|100/100\n|turn|1\n|\n|t:|1746118525\n|-terastallize|p2a: Volcarona|Water\n|move|p2b: Grimmsnarl|Thunder Wave|p1a: Flutter Mane\n|-status|p1a: Flutter Mane|par\n|move|p1b: Ogerpon|Ivy Cudgel|p2a: Volcarona|[anim] Ivy Cudgel Rock\n|-damage|p2a: Volcarona|41/100\n|move|p2a: Volcarona|Tailwind|p2a: Volcarona\n|-sidestart|p2: Hossss|move: Tailwind\n|move|p1a: Flutter Mane|Moonblast|p2b: Grimmsnarl\n|-supereffective|p2b: Grimmsnarl\n|-damage|p2b: Grimmsnarl|0 fnt\n|faint|p2b: Grimmsnarl\n|\n|upkeep\n|\n|t:|1746118537\n|switch|p2b: Calyrex|Calyrex-Shadow, L50|100/100\n|-ability|p2b: Calyrex|As One\n|-ability|p2b: Calyrex|Unnerve\n|turn|2\n|\n|t:|1746118553\n|-terastallize|p1a: Flutter Mane|Fairy\n|move|p1b: Ogerpon|Follow Me|p1b: Ogerpon\n|-singleturn|p1b: Ogerpon|move: Follow Me\n|move|p2b: Calyrex|Astral Barrage|p1a: Flutter Mane|[spread] p1a,p1b\n|-damage|p1a: Flutter Mane|32/100 par\n|-damage|p1b: Ogerpon|17/100\n|-damage|p2b: Calyrex|91/100|[from] item: Life Orb\n|move|p2a: Volcarona|Fiery Dance|p1b: Ogerpon\n|-damage|p1b: Ogerpon|0 fnt\n|faint|p1b: Ogerpon\n|move|p1a: Flutter Mane|Moonblast|p2b: Calyrex\n|-damage|p2b: Calyrex|0 fnt\n|faint|p2b: Calyrex\n|\n|upkeep\n|\n|t:|1746118568\n|switch|p2b: Urshifu|Urshifu-Rapid-Strike, L50, M|100/100\n|switch|p1b: Incineroar|Incineroar, L50, F|100/100\n|-ability|p1b: Incineroar|Intimidate|boost\n|-unboost|p2a: Volcarona|atk|1\n|-unboost|p2b: Urshifu|atk|1\n|turn|3\n|\n|t:|1746118592\n|-end|p1a: Flutter Mane|Protosynthesis|[silent]\n|switch|p1a: Koraidon|Koraidon, L50|100/100\n|-weather|SunnyDay|[from] ability: Orichalcum Pulse|[of] p1a: Koraidon\n|-activate|p1a: Koraidon|Orichalcum Pulse|[source]\n|move|p1b: Incineroar|Fake Out|p2b: Urshifu\n|-damage|p2b: Urshifu|90/100\n|cant|p2b: Urshifu|flinch\n|move|p2a: Volcarona|Fiery Dance|p1a: Koraidon\n|-resisted|p1a: Koraidon\n|-damage|p1a: Koraidon|72/100\n|\n|-weather|SunnyDay|[upkeep]\n|upkeep\n|turn|4\n|inactive|Hossss has 30 seconds left.\n|\n|t:|1746118626\n|switch|p1a: Flutter Mane|Flutter Mane, L50, tera:Fairy|32/100 par\n|-activate|p1a: Flutter Mane|ability: Protosynthesis\n|-start|p1a: Flutter Mane|protosynthesisspe\n|move|p2b: Urshifu|Surging Strikes|p1a: Flutter Mane\n|-crit|p1a: Flutter Mane\n|-damage|p1a: Flutter Mane|9/100 par\n|-crit|p1a: Flutter Mane\n|-damage|p1a: Flutter Mane|0 fnt\n|faint|p1a: Flutter Mane\n|-end|p1a: Flutter Mane|Protosynthesis|[silent]\n|-hitcount|p1: Flutter Mane|2\n|move|p2a: Volcarona|Fiery Dance|p1b: Incineroar\n|-resisted|p1b: Incineroar\n|-damage|p1b: Incineroar|85/100\n|move|p1b: Incineroar|U-turn|p2a: Volcarona\n|-damage|p2a: Volcarona|24/100\n|-damage|p1b: Incineroar|68/100|[from] item: Rocky Helmet|[of] p2a: Volcarona\n|\n|t:|1746118639\n|switch|p1b: Koraidon|Koraidon, L50|72/100|[from] U-turn\n|-activate|p1b: Koraidon|ability: Orichalcum Pulse\n|\n|-weather|SunnyDay|[upkeep]\n|-sideend|p2: Hossss|move: Tailwind\n|upkeep\n|\n|t:|1746118643\n|switch|p1a: Incineroar|Incineroar, L50, F|68/100\n|-ability|p1a: Incineroar|Intimidate|boost\n|-unboost|p2a: Volcarona|atk|1\n|-unboost|p2b: Urshifu|atk|1\n|turn|5\n|\n|t:|1746118657\n|move|p2a: Volcarona|Protect|p2a: Volcarona\n|-singleturn|p2a: Volcarona|Protect\n|move|p1a: Incineroar|Fake Out|p2b: Urshifu\n|-damage|p2b: Urshifu|79/100\n|cant|p2b: Urshifu|flinch\n|move|p1b: Koraidon|Close Combat|p2b: Urshifu\n|-damage|p2b: Urshifu|0 fnt\n|-unboost|p1b: Koraidon|def|1\n|-unboost|p1b: Koraidon|spd|1\n|faint|p2b: Urshifu\n|-damage|p1b: Koraidon|63/100|[from] item: Life Orb\n|\n|-weather|SunnyDay|[upkeep]\n|upkeep\n|turn|6\n|c|\u2606Hossss|cringe\n|-message|Hossss forfeited.\n|\n|win|LeonardPlayz\n|raw|LeonardPlayz's rating: 1104 &rarr; <strong>1134</strong><br />(+30 for winning)\n|raw|Hossss's rating: 1172 &rarr; <strong>1142</strong><br />(-30 for losing)\n|l|\u2606Hossss\n|player|p2|\n|c|\u2606LeonardPlayz|gg\n", "uploadtime": 1746118677, "views": 30, "formatid": "gen9vgc2025regibo3", "rating": 1134, "private": 0, "password": null}