{"id": "gen9vgc2025regibo3-2354183111", "format": "[Gen 9] VGC 2025 Reg I (Bo3)", "players": ["entei enthusiast", "PandasonPanda"], "log": "|j|\u2606entei enthusiast\n|j|\u2606PandasonPanda\n|html|<table width=\"100%\"><tr><td align=\"left\">entei enthusiast</td><td align=\"right\">PandasonPanda</tr><tr><td align=\"left\"><i class=\"fa fa-circle\"></i> <i class=\"fa fa-circle-o\"></i> </td><td align=\"right\"><i class=\"fa fa-circle-o\"></i> <i class=\"fa fa-circle-o\"></i> </tr></table>\n|uhtml|bestof|<h2><strong>Game 2</strong> of <a href=\"/game-bestof3-gen9vgc2025regibo3-2354181206\">a best-of-3</a></h2>\n|t:|1746042319\n|gametype|doubles\n|player|p1|entei enthusiast|nate-masters|1336\n|player|p2|PandasonPanda|veteran|1195\n|teamsize|p1|6\n|teamsize|p2|6\n|gen|9\n|tier|[Gen 9] VGC 2025 Reg I (Bo3)\n|rated|\n|rule|Species Clause: Limit one of each Pok\u00e9mon\n|rule|Item Clause: Limit 1 of each item\n|clearpoke\n|poke|p1|Koraidon, L50|\n|poke|p1|Lunala, L50|\n|poke|p1|Flutter Mane, L50|\n|poke|p1|Chi-Yu, L50|\n|poke|p1|Ursaluna, L50, F|\n|poke|p1|Brute Bonnet, L50|\n|poke|p2|Calyrex-Ice, L50|\n|poke|p2|Terapagos, L50, M|\n|poke|p2|Landorus-Therian, L50, M|\n|poke|p2|Incineroar, L50, F|\n|poke|p2|Farigiraf, L50, F|\n|poke|p2|Clefairy, L50, F|\n|teampreview|4\n|showteam|p1|Koraidon||LifeOrb|OrichalcumPulse|FlareBlitz,FlameCharge,CloseCombat,Protect||||||50|,,,,,Fire]Lunala||PowerHerb|ShadowShield|WideGuard,MeteorBeam,MoongeistBeam,TrickRoom||||||50|,,,,,Water]Flutter Mane||FocusSash|Protosynthesis|Moonblast,IcyWind,ShadowBall,Protect||||||50|,,,,,Normal]Chi-Yu||ChoiceScarf|BeadsofRuin|Flamethrower,HeatWave,DarkPulse,Snarl||||||50|,,,,,Ghost]Ursaluna||FlameOrb|Guts|Facade,Earthquake,HeadlongRush,Protect|||F|||50|,,,,,Ghost]Brute Bonnet||CovertCloak|Protosynthesis|SeedBomb,SuckerPunch,Spore,RagePowder||||||50|,,,,,Water\n|showteam|p2|Calyrex-Ice||ClearAmulet|AsOneGlastrier|GlacialLance,HighHorsepower,TrickRoom,Protect||||||50|,,,,,Fire]Terapagos||Leftovers|TeraShift|TeraStarstorm,EarthPower,CalmMind,Protect|||M|||50|,,,,,Stellar]Landorus-Therian||AssaultVest|Intimidate|Earthquake,Crunch,Uturn,Outrage|||M|||50|,,,,,Dragon]Incineroar||RockyHelmet|Intimidate|PartingShot,KnockOff,FakeOut,FlareBlitz|||F|||50|,,,,,Ghost]Farigiraf||SafetyGoggles|ArmorTail|TrickRoom,HyperVoice,HelpingHand,Roar|||F|||50|,,,,,Water]Clefairy||Eviolite|FriendGuard|FollowMe,LifeDew,HelpingHand,AfterYou|||F|||50|,,,,,Grass\n|inactive|Battle timer is ON: inactive players will automatically lose when time's up. (requested by PandasonPanda)\n|\n|t:|1746042355\n|start\n|switch|p1a: Rhapthorne|Lunala, L50|100/100\n|switch|p1b: Catachan|Brute Bonnet, L50|100/100\n|switch|p2a: Calyrex|Calyrex-Ice, L50|100/100\n|switch|p2b: Clefairy|Clefairy, L50, F, shiny|100/100\n|-ability|p2a: Calyrex|As One\n|-ability|p2a: Calyrex|Unnerve\n|turn|1\n|\n|t:|1746042370\n|-terastallize|p1b: Catachan|Water\n|-terastallize|p2b: Clefairy|Grass\n|move|p2b: Clefairy|Follow Me|p2b: Clefairy\n|-singleturn|p2b: Clefairy|move: Follow Me\n|move|p1a: Rhapthorne|Meteor Beam||[still]\n|-prepare|p1a: Rhapthorne|Meteor Beam\n|-boost|p1a: Rhapthorne|spa|1\n|-enditem|p1a: Rhapthorne|Power Herb\n|-anim|p1a: Rhapthorne|Meteor Beam|p2b: Clefairy\n|-damage|p2b: Clefairy|51/100\n|move|p1b: Catachan|Spore|p2b: Clefairy\n|-immune|p2b: Clefairy\n|move|p2a: Calyrex|Trick Room|p2a: Calyrex\n|-fieldstart|move: Trick Room|[of] p2a: Calyrex\n|\n|upkeep\n|turn|2\n|\n|t:|1746042383\n|-end|p1b: Catachan|Protosynthesis|[silent]\n|switch|p1b: Yao Guai|Ursaluna, L50, F|100/100\n|move|p1a: Rhapthorne|Wide Guard|p1a: Rhapthorne\n|-singleturn|p1a: Rhapthorne|Wide Guard\n|move|p2b: Clefairy|Follow Me|p2b: Clefairy\n|-singleturn|p2b: Clefairy|move: Follow Me\n|move|p2a: Calyrex|Glacial Lance|p1b: Yao Guai|[spread] \n|-activate|p1a: Rhapthorne|move: Wide Guard\n|-activate|p1b: Yao Guai|move: Wide Guard\n|\n|-status|p1b: Yao Guai|brn|[from] item: Flame Orb\n|upkeep\n|turn|3\n|inactive|entei enthusiast has 30 seconds left.\n|\n|t:|1746042412\n|move|p1a: Rhapthorne|Wide Guard|p1a: Rhapthorne\n|-singleturn|p1a: Rhapthorne|Wide Guard\n|move|p2b: Clefairy|Follow Me|p2b: Clefairy\n|-singleturn|p2b: Clefairy|move: Follow Me\n|move|p2a: Calyrex|Glacial Lance|p1a: Rhapthorne|[spread] \n|-activate|p1a: Rhapthorne|move: Wide Guard\n|-activate|p1b: Yao Guai|move: Wide Guard\n|move|p1b: Yao Guai|Facade|p2b: Clefairy\n|-damage|p2b: Clefairy|0 fnt\n|faint|p2b: Clefairy\n|\n|-damage|p1b: Yao Guai|95/100 brn|[from] brn\n|upkeep\n|\n|t:|1746042415\n|switch|p2b: Incineroar|Incineroar, L50, F, shiny|100/100\n|-ability|p2b: Incineroar|Intimidate|boost\n|-unboost|p1a: Rhapthorne|atk|1\n|-unboost|p1b: Yao Guai|atk|1\n|turn|4\n|inactive|PandasonPanda has 30 seconds left.\n|\n|t:|1746042442\n|move|p1b: Yao Guai|Protect|p1b: Yao Guai\n|-singleturn|p1b: Yao Guai|Protect\n|move|p2a: Calyrex|Protect|p2a: Calyrex\n|-singleturn|p2a: Calyrex|Protect\n|move|p2b: Incineroar|Knock Off|p1a: Rhapthorne\n|-supereffective|p1a: Rhapthorne\n|-damage|p1a: Rhapthorne|56/100\n|move|p1a: Rhapthorne|Moongeist Beam|p2a: Calyrex\n|-activate|p2a: Calyrex|move: Protect\n|\n|-damage|p1b: Yao Guai|89/100 brn|[from] brn\n|upkeep\n|turn|5\n|\n|t:|1746042460\n|switch|p2b: Farigiraf|Farigiraf, L50, F, shiny|100/100\n|move|p1a: Rhapthorne|Wide Guard|p1a: Rhapthorne\n|-singleturn|p1a: Rhapthorne|Wide Guard\n|move|p2a: Calyrex|Glacial Lance|p1b: Yao Guai|[spread] \n|-activate|p1a: Rhapthorne|move: Wide Guard\n|-activate|p1b: Yao Guai|move: Wide Guard\n|move|p1b: Yao Guai|Earthquake|p2b: Farigiraf|[spread] p2a,p2b\n|-activate|p1a: Rhapthorne|move: Wide Guard\n|-damage|p2a: Calyrex|74/100\n|-damage|p2b: Farigiraf|60/100\n|\n|-damage|p1b: Yao Guai|83/100 brn|[from] brn\n|-fieldend|move: Trick Room\n|upkeep\n|turn|6\n|inactive|entei enthusiast has 30 seconds left.\n|\n|t:|1746042487\n|move|p2b: Farigiraf|Helping Hand|p2a: Calyrex\n|-singleturn|p2a: Calyrex|Helping Hand|[of] p2b: Farigiraf\n|move|p1a: Rhapthorne|Moongeist Beam|p2a: Calyrex\n|-supereffective|p2a: Calyrex\n|-damage|p2a: Calyrex|0 fnt\n|faint|p2a: Calyrex\n|move|p1b: Yao Guai|Headlong Rush|p2b: Farigiraf\n|-damage|p2b: Farigiraf|0 fnt\n|-unboost|p1b: Yao Guai|def|1\n|-unboost|p1b: Yao Guai|spd|1\n|faint|p2b: Farigiraf\n|\n|-damage|p1b: Yao Guai|77/100 brn|[from] brn\n|upkeep\n|c|\u2606entei enthusiast|gg\n|-message|PandasonPanda forfeited.\n|\n|win|entei enthusiast\n|raw|entei enthusiast's rating: 1336 &rarr; <strong>1348</strong><br />(+12 for winning)\n|raw|PandasonPanda's rating: 1195 &rarr; <strong>1180</strong><br />(-15 for losing)\n|l|\u2606PandasonPanda\n|player|p2|\n", "uploadtime": 1746042515, "views": 12, "formatid": "gen9vgc2025regibo3", "rating": 1180, "private": 0, "password": null}