{"id": "gen9vgc2025regibo3-2353743028", "format": "[Gen 9] VGC 2025 Reg I (Bo3)", "players": ["Cedric Bonnaville", "cap4816"], "log": "|j|\u2606Cedric Bonnaville\n|j|\u2606cap4816\n|html|<table width=\"100%\"><tr><td align=\"left\">Cedric Bonnaville</td><td align=\"right\">cap4816</tr><tr><td align=\"left\"><i class=\"fa fa-circle-o\"></i> <i class=\"fa fa-circle-o\"></i> </td><td align=\"right\"><i class=\"fa fa-circle-o\"></i> <i class=\"fa fa-circle\"></i> </tr></table>\n|uhtml|bestof|<h2><strong>Game 2</strong> of <a href=\"/game-bestof3-gen9vgc2025regibo3-2353740866\">a best-of-3</a></h2>\n|t:|1745992269\n|gametype|doubles\n|player|p1|Cedric Bonnaville|hilbert-wonderlauncher|1165\n|player|p2|cap4816|pokekid|1073\n|teamsize|p1|6\n|teamsize|p2|6\n|gen|9\n|tier|[Gen 9] VGC 2025 Reg I (Bo3)\n|rated|\n|rule|Species Clause: Limit one of each Pok\u00e9mon\n|rule|Item Clause: Limit 1 of each item\n|clearpoke\n|poke|p1|Incineroar, L50, F|\n|poke|p1|Miraidon, L50|\n|poke|p1|Farigiraf, L50, M|\n|poke|p1|Urshifu-*, L50, F|\n|poke|p1|Kyogre, L50|\n|poke|p1|Rillaboom, L50, F|\n|poke|p2|Flygon, L50, F|\n|poke|p2|Whimsicott, L50, F|\n|poke|p2|Solgaleo, L50|\n|poke|p2|Giratina, L50|\n|poke|p2|Incineroar, L50, M|\n|poke|p2|Landorus, L50, M|\n|teampreview|4\n|showteam|p1|Incineroar||SitrusBerry|Intimidate|FakeOut,KnockOff,PartingShot,FlareBlitz|||F|||50|,,,,,Ghost]Miraidon||LifeOrb|HadronEngine|ElectroDrift,DazzlingGleam,VoltSwitch,Protect||||||50|,,,,,Fairy]Farigiraf||ThroatSpray|ArmorTail|Protect,TrickRoom,Psychic,HyperVoice|||M|||50|,,,,,Fairy]Urshifu-Rapid-Strike||FocusSash|UnseenFist|Detect,SurgingStrikes,CloseCombat,AquaJet|||F|||50|,,,,,Stellar]Kyogre||Leftovers|Drizzle|WaterSpout,OriginPulse,IceBeam,Thunder||||||50|,,,,,Water]Rillaboom||AssaultVest|GrassySurge|FakeOut,GrassyGlide,WoodHammer,Uturn|||F|||50|,,,,,Grass\n|showteam|p2|Flygon||ClearAmulet|Levitate|Earthquake,ThroatChop,DragonDance,Protect|||F|||50|,,,,,Normal]Whimsicott||CovertCloak|Prankster|DazzlingGleam,Tailwind,Encore,Protect|||F|||50|,,,,,Dark]Solgaleo||WeaknessPolicy|FullMetalBody|SunsteelStrike,PsychicFangs,Earthquake,Protect||||||50|,,,,,Stellar]Giratina||Leftovers|Pressure|ShadowSneak,Poltergeist,Bulldoze,WillOWisp||||||50|,,,,,Dark]Incineroar||RockyHelmet|Intimidate|FakeOut,FlareBlitz,Snarl,PartingShot|||M|||50|,,,,,Grass]Landorus||LifeOrb|SheerForce|SandsearStorm,SludgeBomb,Taunt,Protect|||M|||50|,,,,,Ghost\n|c|\u2606Cedric Bonnaville|glhf\n|c|\u2606Cedric Bonnaville|u were rlly unlucky in that first game\n|\n|t:|1745992327\n|start\n|switch|p1a: Kyogre|Kyogre, L50|100/100\n|switch|p1b: Urshifu|Urshifu-Rapid-Strike, L50, F|100/100\n|switch|p2a: \u967d\u5149\u958b\u6717\u7684\u5927\u845b\u683c|Solgaleo, L50, shiny|100/100\n|switch|p2b: \u80cc\u5fc3\u7684\u5927\u845b\u683c|Incineroar, L50, M|100/100\n|-weather|RainDance|[from] ability: Drizzle|[of] p1a: Kyogre\n|-ability|p2b: \u80cc\u5fc3\u7684\u5927\u845b\u683c|Intimidate|boost\n|-unboost|p1a: Kyogre|atk|1\n|-unboost|p1b: Urshifu|atk|1\n|turn|1\n|c|\u2606cap4816|ya double miss\n|\n|t:|1745992365\n|switch|p2a: \u4e0d\u662f\u5927\u845b\u683c|Whimsicott, L50, F, shiny|100/100\n|switch|p1a: Farigiraf|Farigiraf, L50, M|100/100\n|-terastallize|p2b: \u80cc\u5fc3\u7684\u5927\u845b\u683c|Grass\n|move|p1b: Urshifu|Surging Strikes|p2a: \u4e0d\u662f\u5927\u845b\u683c\n|-resisted|p2a: \u4e0d\u662f\u5927\u845b\u683c\n|-crit|p2a: \u4e0d\u662f\u5927\u845b\u683c\n|-damage|p2a: \u4e0d\u662f\u5927\u845b\u683c|83/100\n|-resisted|p2a: \u4e0d\u662f\u5927\u845b\u683c\n|-crit|p2a: \u4e0d\u662f\u5927\u845b\u683c\n|-damage|p2a: \u4e0d\u662f\u5927\u845b\u683c|64/100\n|-resisted|p2a: \u4e0d\u662f\u5927\u845b\u683c\n|-crit|p2a: \u4e0d\u662f\u5927\u845b\u683c\n|-damage|p2a: \u4e0d\u662f\u5927\u845b\u683c|45/100\n|-hitcount|p2a: \u4e0d\u662f\u5927\u845b\u683c|3\n|move|p2b: \u80cc\u5fc3\u7684\u5927\u845b\u683c|Snarl|p1b: Urshifu|[spread] p1b\n|-miss|p2b: \u80cc\u5fc3\u7684\u5927\u845b\u683c|p1a: Farigiraf\n|-resisted|p1b: Urshifu\n|-damage|p1b: Urshifu|92/100\n|-unboost|p1b: Urshifu|spa|1\n|\n|-weather|RainDance|[upkeep]\n|upkeep\n|turn|2\n|\n|t:|1745992414\n|switch|p1b: Kyogre|Kyogre, L50|100/100\n|move|p2a: \u4e0d\u662f\u5927\u845b\u683c|Dazzling Gleam|p1b: Kyogre|[spread] p1a,p1b\n|-damage|p1a: Farigiraf|88/100\n|-damage|p1b: Kyogre|89/100\n|move|p2b: \u80cc\u5fc3\u7684\u5927\u845b\u683c|Snarl|p1b: Kyogre|[spread] p1a,p1b\n|-supereffective|p1a: Farigiraf\n|-damage|p1a: Farigiraf|72/100\n|-damage|p1b: Kyogre|82/100\n|-unboost|p1a: Farigiraf|spa|1\n|-unboost|p1b: Kyogre|spa|1\n|move|p1a: Farigiraf|Trick Room|p1a: Farigiraf\n|-fieldstart|move: Trick Room|[of] p1a: Farigiraf\n|\n|-weather|RainDance|[upkeep]\n|-heal|p1b: Kyogre|87/100|[from] item: Leftovers\n|upkeep\n|turn|3\n|\n|t:|1745992445\n|move|p2a: \u4e0d\u662f\u5927\u845b\u683c|Protect|p2a: \u4e0d\u662f\u5927\u845b\u683c\n|-singleturn|p2a: \u4e0d\u662f\u5927\u845b\u683c|Protect\n|move|p1a: Farigiraf|Hyper Voice|p2a: \u4e0d\u662f\u5927\u845b\u683c|[spread] p2b\n|-activate|p2a: \u4e0d\u662f\u5927\u845b\u683c|move: Protect\n|-damage|p2b: \u80cc\u5fc3\u7684\u5927\u845b\u683c|89/100\n|-enditem|p1a: Farigiraf|Throat Spray\n|-boost|p1a: Farigiraf|spa|1|[from] item: Throat Spray\n|move|p2b: \u80cc\u5fc3\u7684\u5927\u845b\u683c|Snarl|p1b: Kyogre|[spread] p1a,p1b\n|-supereffective|p1a: Farigiraf\n|-crit|p1b: Kyogre\n|-damage|p1a: Farigiraf|58/100\n|-damage|p1b: Kyogre|78/100\n|-unboost|p1a: Farigiraf|spa|1\n|-unboost|p1b: Kyogre|spa|1\n|move|p1b: Kyogre|Ice Beam|p2a: \u4e0d\u662f\u5927\u845b\u683c\n|-activate|p2a: \u4e0d\u662f\u5927\u845b\u683c|move: Protect\n|\n|-weather|RainDance|[upkeep]\n|-heal|p1b: Kyogre|84/100|[from] item: Leftovers\n|upkeep\n|turn|4\n|\n|t:|1745992482\n|switch|p1b: Urshifu|Urshifu-Rapid-Strike, L50, F|92/100\n|switch|p2a: \u967d\u5149\u958b\u6717\u7684\u5927\u845b\u683c|Solgaleo, L50, shiny|100/100\n|move|p1a: Farigiraf|Protect|p1a: Farigiraf\n|-singleturn|p1a: Farigiraf|Protect\n|move|p2b: \u80cc\u5fc3\u7684\u5927\u845b\u683c|Snarl|p1b: Urshifu|[spread] p1b\n|-activate|p1a: Farigiraf|move: Protect\n|-resisted|p1b: Urshifu\n|-damage|p1b: Urshifu|85/100\n|-unboost|p1b: Urshifu|spa|1\n|\n|-weather|RainDance|[upkeep]\n|upkeep\n|turn|5\n|\n|t:|1745992513\n|switch|p1a: Kyogre|Kyogre, L50|84/100\n|switch|p2a: \u4e0d\u662f\u5927\u845b\u683c|Whimsicott, L50, F, shiny|45/100\n|-terastallize|p1b: Urshifu|Stellar\n|move|p2b: \u80cc\u5fc3\u7684\u5927\u845b\u683c|Snarl|p1a: Kyogre|[spread] p1a\n|-miss|p2b: \u80cc\u5fc3\u7684\u5927\u845b\u683c|p1b: Urshifu\n|-damage|p1a: Kyogre|77/100\n|-unboost|p1a: Kyogre|spa|1\n|move|p1b: Urshifu|Close Combat|p2b: \u80cc\u5fc3\u7684\u5927\u845b\u683c\n|-damage|p2b: \u80cc\u5fc3\u7684\u5927\u845b\u683c|16/100\n|-unboost|p1b: Urshifu|def|1\n|-unboost|p1b: Urshifu|spd|1\n|-damage|p1b: Urshifu|68/100|[from] item: Rocky Helmet|[of] p2b: \u80cc\u5fc3\u7684\u5927\u845b\u683c\n|\n|-weather|none\n|-heal|p1a: Kyogre|83/100|[from] item: Leftovers\n|upkeep\n|turn|6\n|\n|t:|1745992553\n|move|p2a: \u4e0d\u662f\u5927\u845b\u683c|Protect|p2a: \u4e0d\u662f\u5927\u845b\u683c\n|-singleturn|p2a: \u4e0d\u662f\u5927\u845b\u683c|Protect\n|move|p1b: Urshifu|Aqua Jet|p2b: \u80cc\u5fc3\u7684\u5927\u845b\u683c\n|-resisted|p2b: \u80cc\u5fc3\u7684\u5927\u845b\u683c\n|-damage|p2b: \u80cc\u5fc3\u7684\u5927\u845b\u683c|3/100\n|-damage|p1b: Urshifu|52/100|[from] item: Rocky Helmet|[of] p2b: \u80cc\u5fc3\u7684\u5927\u845b\u683c\n|move|p2b: \u80cc\u5fc3\u7684\u5927\u845b\u683c|Snarl|p1a: Kyogre|[spread] p1a,p1b\n|-resisted|p1b: Urshifu\n|-damage|p1a: Kyogre|76/100\n|-damage|p1b: Urshifu|40/100\n|-unboost|p1a: Kyogre|spa|1\n|-unboost|p1b: Urshifu|spa|1\n|move|p1a: Kyogre|Ice Beam|p2a: \u4e0d\u662f\u5927\u845b\u683c\n|-activate|p2a: \u4e0d\u662f\u5927\u845b\u683c|move: Protect\n|\n|-heal|p1a: Kyogre|82/100|[from] item: Leftovers\n|-fieldend|move: Trick Room\n|upkeep\n|turn|7\n|\n|t:|1745992586\n|switch|p1a: Farigiraf|Farigiraf, L50, M|58/100\n|switch|p2b: \u967d\u5149\u958b\u6717\u7684\u5927\u845b\u683c|Solgaleo, L50, shiny|100/100\n|move|p1b: Urshifu|Detect|p1b: Urshifu\n|-singleturn|p1b: Urshifu|Protect\n|move|p2a: \u4e0d\u662f\u5927\u845b\u683c|Tailwind|p2a: \u4e0d\u662f\u5927\u845b\u683c\n|-sidestart|p2: cap4816|move: Tailwind\n|\n|upkeep\n|turn|8\n|\n|t:|1745992608\n|switch|p1b: Kyogre|Kyogre, L50|82/100\n|-weather|RainDance|[from] ability: Drizzle|[of] p1b: Kyogre\n|move|p2a: \u4e0d\u662f\u5927\u845b\u683c|Dazzling Gleam|p1a: Farigiraf|[spread] p1a,p1b\n|-damage|p1a: Farigiraf|46/100\n|-damage|p1b: Kyogre|72/100\n|move|p2b: \u967d\u5149\u958b\u6717\u7684\u5927\u845b\u683c|Earthquake|p1b: Kyogre|[spread] p2a,p1a,p1b\n|-resisted|p2a: \u4e0d\u662f\u5927\u845b\u683c\n|-crit|p1a: Farigiraf\n|-damage|p2a: \u4e0d\u662f\u5927\u845b\u683c|29/100\n|-damage|p1a: Farigiraf|0 fnt\n|-damage|p1b: Kyogre|43/100\n|faint|p1a: Farigiraf\n|\n|-weather|RainDance|[upkeep]\n|-heal|p1b: Kyogre|48/100|[from] item: Leftovers\n|upkeep\n|\n|t:|1745992623\n|switch|p1a: Urshifu|Urshifu-Rapid-Strike, L50, F, tera:Stellar|40/100\n|turn|9\n|\n|t:|1745992643\n|move|p2a: \u4e0d\u662f\u5927\u845b\u683c|Protect|p2a: \u4e0d\u662f\u5927\u845b\u683c\n|-singleturn|p2a: \u4e0d\u662f\u5927\u845b\u683c|Protect\n|move|p1a: Urshifu|Aqua Jet|p2a: \u4e0d\u662f\u5927\u845b\u683c\n|-resisted|p2a: \u4e0d\u662f\u5927\u845b\u683c\n|-damage|p2a: \u4e0d\u662f\u5927\u845b\u683c|11/100\n|move|p2b: \u967d\u5149\u958b\u6717\u7684\u5927\u845b\u683c|Earthquake|p1a: Urshifu|[spread] p1a,p1b\n|-activate|p2a: \u4e0d\u662f\u5927\u845b\u683c|move: Protect\n|-damage|p1a: Urshifu|12/100\n|-damage|p1b: Kyogre|22/100\n|move|p1b: Kyogre|Origin Pulse|p2a: \u4e0d\u662f\u5927\u845b\u683c|[spread] p2b\n|-activate|p2a: \u4e0d\u662f\u5927\u845b\u683c|move: Protect\n|-damage|p2b: \u967d\u5149\u958b\u6717\u7684\u5927\u845b\u683c|38/100\n|\n|-weather|RainDance|[upkeep]\n|-heal|p1b: Kyogre|28/100|[from] item: Leftovers\n|upkeep\n|turn|10\n|\n|t:|1745992667\n|switch|p2a: \u62b1\u80f8\u7684\u5927\u845b\u683c|Landorus, L50, M|100/100\n|move|p1a: Urshifu|Aqua Jet|p2b: \u967d\u5149\u958b\u6717\u7684\u5927\u845b\u683c\n|-damage|p2b: \u967d\u5149\u958b\u6717\u7684\u5927\u845b\u683c|17/100\n|move|p2b: \u967d\u5149\u958b\u6717\u7684\u5927\u845b\u683c|Earthquake|p1b: Kyogre|[spread] p1a,p1b\n|-immune|p2a: \u62b1\u80f8\u7684\u5927\u845b\u683c\n|-damage|p1a: Urshifu|0 fnt\n|-damage|p1b: Kyogre|0 fnt\n|faint|p1a: Urshifu\n|faint|p1b: Kyogre\n|\n|-weather|RainDance|[upkeep]\n|-sideend|p2: cap4816|move: Tailwind\n|upkeep\n|\n|t:|1745992679\n|switch|p1a: Miraidon|Miraidon, L50|100/100\n|-fieldstart|move: Electric Terrain|[from] ability: Hadron Engine|[of] p1a: Miraidon\n|turn|11\n|\n|t:|1745992695\n|move|p1a: Miraidon|Dazzling Gleam|p2b: \u967d\u5149\u958b\u6717\u7684\u5927\u845b\u683c|[spread] p2a,p2b\n|-resisted|p2b: \u967d\u5149\u958b\u6717\u7684\u5927\u845b\u683c\n|-damage|p2a: \u62b1\u80f8\u7684\u5927\u845b\u683c|54/100\n|-damage|p2b: \u967d\u5149\u958b\u6717\u7684\u5927\u845b\u683c|3/100\n|-damage|p1a: Miraidon|91/100|[from] item: Life Orb\n|move|p2a: \u62b1\u80f8\u7684\u5927\u845b\u683c|Sandsear Storm|p1a: Miraidon\n|-supereffective|p1a: Miraidon\n|-damage|p1a: Miraidon|0 fnt\n|faint|p1a: Miraidon\n|\n|win|cap4816\n|raw|Cedric Bonnaville's rating: 1165 &rarr; <strong>1134</strong><br />(-31 for losing)\n|raw|cap4816's rating: 1073 &rarr; <strong>1110</strong><br />(+37 for winning)\n|c|\u2606Cedric Bonnaville|gg\n|c|\u2606cap4816|GG\n|c|\u2606cap4816|Snarl\n", "uploadtime": 1745992711, "views": 17, "formatid": "gen9vgc2025regibo3", "rating": 1110, "private": 0, "password": null}