{"id": "gen9vgc2025regibo3-2353723935", "format": "[Gen 9] VGC 2025 Reg I (Bo3)", "players": ["PresentBlue", "LastChanceShot"], "log": "|j|\u2606PresentBlue\n|j|\u2606LastChanceShot\n|html|<table width=\"100%\"><tr><td align=\"left\">PresentBlue</td><td align=\"right\">LastChanceShot</tr><tr><td align=\"left\"><i class=\"fa fa-circle-o\"></i> <i class=\"fa fa-circle-o\"></i> </td><td align=\"right\"><i class=\"fa fa-circle-o\"></i> <i class=\"fa fa-circle-o\"></i> </tr></table>\n|uhtml|bestof|<h2><strong>Game 1</strong> of <a href=\"/game-bestof3-gen9vgc2025regibo3-2353723934\">a best-of-3</a></h2>\n|t:|1745989035\n|gametype|doubles\n|player|p1|PresentBlue|101|1115\n|player|p2|LastChanceShot|1|1050\n|teamsize|p1|6\n|teamsize|p2|6\n|gen|9\n|tier|[Gen 9] VGC 2025 Reg I (Bo3)\n|rated|\n|rule|Species Clause: Limit one of each Pok\u00e9mon\n|rule|Item Clause: Limit 1 of each item\n|clearpoke\n|poke|p1|Blissey, L50, F|\n|poke|p1|Corviknight, L50, M|\n|poke|p1|Clodsire, L50, F|\n|poke|p1|Urshifu-*, L50, F|\n|poke|p1|Kyogre, L50|\n|poke|p1|Giratina, L50|\n|poke|p2|Ursaluna-Bloodmoon, L50, M|\n|poke|p2|Calyrex-Ice, L50|\n|poke|p2|Chien-Pao, L50|\n|poke|p2|Rillaboom, L50, F|\n|poke|p2|Lunala, L50|\n|poke|p2|Indeedee-F, L50, F|\n|teampreview|4\n|showteam|p1|Blissey||ShellBell|Healer|SoftBoiled,SeismicToss,DazzlingGleam,HelpingHand|||F|||50|,,,,,Normal]Corviknight||RockyHelmet|MirrorArmor|Roost,IronHead,Protect,Taunt|||M|||50|,,,,,Flying]Clodsire||SafetyGoggles|WaterAbsorb|ToxicSpikes,Toxic,Recover,Protect|||F|||50|,,,,,Steel]Urshifu-Rapid-Strike||FocusSash|UnseenFist|AquaJet,Protect,SurgingStrikes,DrainPunch|||F|||50|,,,,,Steel]Kyogre||SitrusBerry|Drizzle|Protect,Surf,IcyWind,Thunder||||||50|,,,,,Grass]Giratina||WeaknessPolicy|Telepathy|ConfuseRay,IcyWind,ShadowSneak,DragonTail||||||50|,,,,,Ghost\n|showteam|p2|Ursaluna-Bloodmoon||LifeOrb|MindsEye|BloodMoon,HyperVoice,Protect,EarthPower|||M|||50|,,,,,Normal]Calyrex-Ice||ClearAmulet|AsOneGlastrier|TrickRoom,GlacialLance,HighHorsepower,Protect||||||50|,,,,,Fire]Chien-Pao||FocusSash|SwordofRuin|Haze,SuckerPunch,IceShard,SacredSword||||||50|,,,,,Fighting]Rillaboom||SitrusBerry|GrassySurge|Taunt,FakeOut,WoodHammer,GrassyGlide|||F|||50|,,,,,Water]Lunala||SafetyGoggles|ShadowShield|MoongeistBeam,ExpandingForce,WideGuard,TrickRoom||||||50|,,,,,Dark]Indeedee-F||PsychicSeed|PsychicSurge|FollowMe,HelpingHand,ShadowBall,TrickRoom|||F|||50|,,,,,Psychic\n|\n|t:|1745989089\n|start\n|switch|p1a: Urshifu|Urshifu-Rapid-Strike, L50, F|100/100\n|switch|p1b: Kyogre|Kyogre, L50|100/100\n|switch|p2a: Lunala|Lunala, L50|100/100\n|switch|p2b: Calyrex|Calyrex-Ice, L50|100/100\n|-ability|p2b: Calyrex|As One\n|-ability|p2b: Calyrex|Unnerve\n|-weather|RainDance|[from] ability: Drizzle|[of] p1b: Kyogre\n|turn|1\n|\n|t:|1745989123\n|move|p1a: Urshifu|Protect|p1a: Urshifu\n|-singleturn|p1a: Urshifu|Protect\n|move|p2a: Lunala|Wide Guard|p2a: Lunala\n|-singleturn|p2a: Lunala|Wide Guard\n|move|p1b: Kyogre|Surf|p2b: Calyrex|[spread] \n|-activate|p2a: Lunala|move: Wide Guard\n|-activate|p2b: Calyrex|move: Wide Guard\n|-activate|p1a: Urshifu|move: Protect\n|move|p2b: Calyrex|Trick Room|p2b: Calyrex\n|-fieldstart|move: Trick Room|[of] p2b: Calyrex\n|\n|-weather|RainDance|[upkeep]\n|upkeep\n|turn|2\n|\n|t:|1745989149\n|switch|p1a: Clodsire|Clodsire, L50, F|100/100\n|move|p2b: Calyrex|High Horsepower|p1b: Kyogre\n|-damage|p1b: Kyogre|73/100\n|move|p2a: Lunala|Expanding Force|p1a: Clodsire\n|-supereffective|p1a: Clodsire\n|-damage|p1a: Clodsire|30/100\n|move|p1b: Kyogre|Surf|p2b: Calyrex|[spread] p2a,p2b\n|-heal|p1a: Clodsire|55/100|[from] ability: Water Absorb|[of] p1b: Kyogre\n|-damage|p2a: Lunala|86/100\n|-damage|p2b: Calyrex|71/100\n|\n|-weather|RainDance|[upkeep]\n|upkeep\n|turn|3\n|\n|t:|1745989187\n|move|p1a: Clodsire|Recover|p1a: Clodsire\n|-heal|p1a: Clodsire|100/100\n|move|p2b: Calyrex|Glacial Lance|p1a: Clodsire|[spread] p1a,p1b\n|-supereffective|p1a: Clodsire\n|-resisted|p1b: Kyogre\n|-damage|p1a: Clodsire|0 fnt\n|-damage|p1b: Kyogre|54/100\n|faint|p1a: Clodsire\n|-ability|p2b: Calyrex|Chilling Neigh|boost\n|-boost|p2b: Calyrex|atk|1\n|move|p2a: Lunala|Expanding Force|p1b: Kyogre\n|-damage|p1b: Kyogre|25/100\n|move|p1b: Kyogre|Surf|p2b: Calyrex|[spread] p2a,p2b\n|-damage|p2a: Lunala|54/100\n|-damage|p2b: Calyrex|41/100\n|\n|-weather|RainDance|[upkeep]\n|upkeep\n|\n|t:|1745989205\n|switch|p1a: Giratina|Giratina, L50|100/100\n|turn|4\n|\n|t:|1745989217\n|move|p1b: Kyogre|Protect|p1b: Kyogre\n|-singleturn|p1b: Kyogre|Protect\n|move|p2b: Calyrex|Glacial Lance|p1a: Giratina|[spread] p1a\n|-activate|p1b: Kyogre|move: Protect\n|-supereffective|p1a: Giratina\n|-damage|p1a: Giratina|2/100\n|-enditem|p1a: Giratina|Weakness Policy\n|-boost|p1a: Giratina|atk|2|[from] item: Weakness Policy\n|-boost|p1a: Giratina|spa|2|[from] item: Weakness Policy\n|move|p2a: Lunala|Moongeist Beam|p1a: Giratina\n|-supereffective|p1a: Giratina\n|-damage|p1a: Giratina|0 fnt\n|faint|p1a: Giratina\n|\n|-weather|RainDance|[upkeep]\n|upkeep\n|\n|t:|1745989231\n|switch|p1a: Urshifu|Urshifu-Rapid-Strike, L50, F|100/100\n|turn|5\n|\n|t:|1745989258\n|move|p1a: Urshifu|Protect|p1a: Urshifu\n|-singleturn|p1a: Urshifu|Protect\n|move|p2b: Calyrex|Glacial Lance|p1a: Urshifu|[spread] p1b\n|-activate|p1a: Urshifu|move: Protect\n|-resisted|p1b: Kyogre\n|-damage|p1b: Kyogre|0 fnt\n|faint|p1b: Kyogre\n|-ability|p2b: Calyrex|Chilling Neigh|boost\n|-boost|p2b: Calyrex|atk|1\n|move|p2a: Lunala|Expanding Force|p1a: Urshifu\n|-activate|p1a: Urshifu|move: Protect\n|\n|-weather|none\n|-fieldend|move: Trick Room\n|upkeep\n|turn|6\n|\n|t:|1745989280\n|move|p1a: Urshifu|Surging Strikes|p2b: Calyrex\n|-crit|p2b: Calyrex\n|-damage|p2b: Calyrex|29/100\n|-crit|p2b: Calyrex\n|-damage|p2b: Calyrex|16/100\n|-crit|p2b: Calyrex\n|-damage|p2b: Calyrex|2/100\n|-hitcount|p2b: Calyrex|3\n|move|p2a: Lunala|Expanding Force|p1a: Urshifu\n|-supereffective|p1a: Urshifu\n|-enditem|p1a: Urshifu|Focus Sash\n|-damage|p1a: Urshifu|1/100\n|move|p2b: Calyrex|Glacial Lance|p1a: Urshifu\n|-resisted|p1a: Urshifu\n|-damage|p1a: Urshifu|0 fnt\n|faint|p1a: Urshifu\n|\n|win|LastChanceShot\n|l|\u2606PresentBlue\n|player|p1|\n|inactive|PresentBlue has 30 seconds to confirm battle start!\n|inactive|LastChanceShot has 30 seconds to confirm battle start!\n||LastChanceShot is ready for game 2.\n|inactive|PresentBlue has 20 seconds to confirm battle start!\n|inactive|PresentBlue has 10 seconds to confirm battle start!\n|uhtml|next|Next: <a href=\"/battle-gen9vgc2025regibo3-2353725687\"><strong>Game 2 of 3</strong></a>\n|l|\u2606LastChanceShot\n|player|p2|\n", "uploadtime": 1745989641, "views": 6, "formatid": "gen9vgc2025regibo3", "rating": null, "private": 0, "password": null}