{"id": "gen9vgc2025regibo3-2354805508", "format": "[Gen 9] VGC 2025 Reg I (Bo3)", "players": ["psychor&r", "cc521"], "log": "|j|\u2606psychor&r\n|j|\u2606cc521\n|html|<table width=\"100%\"><tr><td align=\"left\">psychor&amp;r</td><td align=\"right\">cc521</tr><tr><td align=\"left\"><i class=\"fa fa-circle\"></i> <i class=\"fa fa-circle-o\"></i> </td><td align=\"right\"><i class=\"fa fa-circle-o\"></i> <i class=\"fa fa-circle\"></i> </tr></table>\n|uhtml|bestof|<h2><strong>Game 3</strong> of <a href=\"/game-bestof3-gen9vgc2025regibo3-2354798154\">a best-of-3</a></h2>\n|t:|1746121311\n|gametype|doubles\n|player|p1|psychor&r|266|1084\n|player|p2|cc521|170|1059\n|teamsize|p1|6\n|teamsize|p2|6\n|gen|9\n|tier|[Gen 9] VGC 2025 Reg I (Bo3)\n|rated|\n|rule|Species Clause: Limit one of each Pok\u00e9mon\n|rule|Item Clause: Limit 1 of each item\n|clearpoke\n|poke|p1|Miraidon, L50|\n|poke|p1|Ho-Oh, L50|\n|poke|p1|Iron Treads, L50|\n|poke|p1|Iron Hands, L50|\n|poke|p1|Farigiraf, L50, F|\n|poke|p1|Urshifu-*, L50, F|\n|poke|p2|Koraidon, L50|\n|poke|p2|Miraidon, L50|\n|poke|p2|Incineroar, L50, M|\n|poke|p2|Farigiraf, L50, F|\n|poke|p2|Ogerpon-Cornerstone, L50, F|\n|poke|p2|Raging Bolt, L50|\n|teampreview|4\n|showteam|p1|Miraidon||ChoiceSpecs|HadronEngine|ElectroDrift,VoltSwitch,DracoMeteor,DazzlingGleam||||||50|,,,,,Fairy]Ho-Oh||ClearAmulet|Regenerator|SacredFire,BraveBird,Tailwind,Protect||||||50|,,,,,Grass]Iron Treads||ChoiceBand|QuarkDrive|HighHorsepower,Earthquake,IronHead,RockSlide||||||50|,,,,,Ghost]Iron Hands||AssaultVest|QuarkDrive|DrainPunch,LowKick,WildCharge,FakeOut||||||50|,,,,,Water]Farigiraf||ElectricSeed|ArmorTail|Psychic,TrickRoom,FoulPlay,HelpingHand|||F|||50|,,,,,Water]Urshifu||FocusSash|UnseenFist|WickedBlow,SuckerPunch,CloseCombat,Detect|||F|||50|,,,,,Dark\n|showteam|p2|Koraidon||LifeOrb|OrichalcumPulse|CollisionCourse,FlareBlitz,DragonCheer,Protect||||||50|,,,,,Fire]Miraidon||ChoiceSpecs|HadronEngine|ElectroDrift,DracoMeteor,VoltSwitch,DazzlingGleam||||||50|,,,,,Fairy]Incineroar||ChopleBerry|Intimidate|WillOWisp,FakeOut,KnockOff,Uturn|||M|||50|,,,,,Grass]Farigiraf||ElectricSeed|ArmorTail|Roar,FoulPlay,TrickRoom,HelpingHand|||F|||50|,,,,,Ground]Ogerpon-Cornerstone||CornerstoneMask|Sturdy|FollowMe,IvyCudgel,HornLeech,SpikyShield|||F|||50|,,,,,Rock]Raging Bolt||AssaultVest|Protosynthesis|Thunderclap,RisingVoltage,DracoMeteor,Snarl||||||50|,,,,,Electric\n|\n|t:|1746121343\n|start\n|switch|p1a: Miraidon|Miraidon, L50|100/100\n|switch|p1b: Iron Treads|Iron Treads, L50|100/100\n|switch|p2a: Miraidon|Miraidon, L50|100/100\n|switch|p2b: Farigiraf|Farigiraf, L50, F|100/100\n|-fieldstart|move: Electric Terrain|[from] ability: Hadron Engine|[of] p2a: Miraidon\n|-activate|p1b: Iron Treads|ability: Quark Drive\n|-start|p1b: Iron Treads|quarkdrivespe\n|-enditem|p2b: Farigiraf|Electric Seed\n|-boost|p2b: Farigiraf|def|1|[from] item: Electric Seed\n|-activate|p1a: Miraidon|ability: Hadron Engine\n|turn|1\n|\n|t:|1746121417\n|-terastallize|p2a: Miraidon|Fairy\n|move|p1b: Iron Treads|High Horsepower|p2a: Miraidon\n|-damage|p2a: Miraidon|35/100\n|move|p1a: Miraidon|Volt Switch|p2b: Farigiraf\n|-damage|p2b: Farigiraf|21/100\n|\n|t:|1746121425\n|switch|p1a: Farigiraf|Farigiraf, L50, F, shiny|100/100|[from] Volt Switch\n|-enditem|p1a: Farigiraf|Electric Seed\n|-boost|p1a: Farigiraf|def|1|[from] item: Electric Seed\n|move|p2a: Miraidon|Dazzling Gleam|p1a: Farigiraf|[spread] p1a,p1b\n|-resisted|p1b: Iron Treads\n|-damage|p1a: Farigiraf|36/100\n|-damage|p1b: Iron Treads|51/100\n|move|p2b: Farigiraf|Trick Room|p2b: Farigiraf\n|-fieldstart|move: Trick Room|[of] p2b: Farigiraf\n|\n|upkeep\n|turn|2\n|\n|t:|1746121464\n|switch|p2a: Incineroar|Incineroar, L50, M|100/100\n|-ability|p2a: Incineroar|Intimidate|boost\n|-unboost|p1a: Farigiraf|atk|1\n|-unboost|p1b: Iron Treads|atk|1\n|move|p2b: Farigiraf|Foul Play|p1a: Farigiraf\n|-supereffective|p1a: Farigiraf\n|-damage|p1a: Farigiraf|24/100\n|move|p1a: Farigiraf|Psychic|p2a: Incineroar\n|-immune|p2a: Incineroar\n|move|p1b: Iron Treads|High Horsepower|p2a: Incineroar|[miss]\n|-miss|p1b: Iron Treads|p2a: Incineroar\n|\n|upkeep\n|turn|3\n|inactive|Battle timer is ON: inactive players will automatically lose when time's up. (requested by cc521)\n|inactive|psychor&r has 60 seconds left.\n|inactive|psychor&r has 30 seconds left.\n|inactive|psychor&r has 20 seconds left.\n|c|\u2606cc521|wakeup bro\n|inactive|psychor&r has 15 seconds left.\n|inactive|psychor&r has 10 seconds left.\n|inactive|psychor&r has 5 seconds left.\n|\n|t:|1746121624\n|move|p2a: Incineroar|Will-O-Wisp|p1b: Iron Treads|[miss]\n|-miss|p2a: Incineroar|p1b: Iron Treads\n|move|p1a: Farigiraf|Psychic|p2a: Incineroar\n|-immune|p2a: Incineroar\n|move|p1b: Iron Treads|High Horsepower|p2a: Incineroar\n|-supereffective|p2a: Incineroar\n|-damage|p2a: Incineroar|29/100\n|move|p2b: Farigiraf|Roar|p1a: Farigiraf\n|drag|p1a: Miraidon|Miraidon, L50|100/100\n|-activate|p1a: Miraidon|ability: Hadron Engine\n|\n|upkeep\n|turn|4\n|inactive|psychor&r has 30 seconds left.\n|inactive|cc521 has 30 seconds left.\n|inactive|psychor&r has 20 seconds left.\n|inactive|psychor&r has 15 seconds left.\n|inactive|psychor&r has 10 seconds left.\n|inactive|psychor&r has 5 seconds left.\n|\n|t:|1746121679\n|move|p2b: Farigiraf|Helping Hand|p2a: Incineroar\n|-singleturn|p2a: Incineroar|Helping Hand|[of] p2b: Farigiraf\n|move|p2a: Incineroar|Knock Off|p1a: Miraidon\n|-damage|p1a: Miraidon|50/100\n|-enditem|p1a: Miraidon|Choice Specs|[from] move: Knock Off|[of] p2a: Incineroar\n|move|p1a: Miraidon|Electro Drift|p2b: Farigiraf\n|-damage|p2b: Farigiraf|0 fnt\n|faint|p2b: Farigiraf\n|move|p1b: Iron Treads|High Horsepower|p2a: Incineroar\n|-supereffective|p2a: Incineroar\n|-crit|p2a: Incineroar\n|-damage|p2a: Incineroar|0 fnt\n|faint|p2a: Incineroar\n|\n|upkeep\n|\n|t:|1746121690\n|switch|p2b: Koraidon|Koraidon, L50|100/100\n|switch|p2a: Miraidon|Miraidon, L50, tera:Fairy|35/100\n|-activate|p2a: Miraidon|ability: Hadron Engine\n|-weather|SunnyDay|[from] ability: Orichalcum Pulse|[of] p2b: Koraidon\n|-activate|p2b: Koraidon|Orichalcum Pulse|[source]\n|turn|5\n|inactive|psychor&r has 30 seconds left.\n|inactive|psychor&r has 20 seconds left.\n|inactive|psychor&r has 15 seconds left.\n|inactive|psychor&r has 10 seconds left.\n|inactive|psychor&r has 5 seconds left.\n|\n|t:|1746121745\n|move|p1a: Miraidon|Electro Drift|p2b: Koraidon\n|-resisted|p2b: Koraidon\n|-damage|p2b: Koraidon|51/100\n|move|p2a: Miraidon|Dazzling Gleam|p1a: Miraidon|[spread] p1a,p1b\n|-supereffective|p1a: Miraidon\n|-resisted|p1b: Iron Treads\n|-damage|p1a: Miraidon|0 fnt\n|-damage|p1b: Iron Treads|5/100\n|faint|p1a: Miraidon\n|move|p2b: Koraidon|Flare Blitz|p1b: Iron Treads\n|-supereffective|p1b: Iron Treads\n|-damage|p1b: Iron Treads|0 fnt\n|faint|p1b: Iron Treads\n|-end|p1b: Iron Treads|Quark Drive|[silent]\n|-damage|p2b: Koraidon|49/100|[from] Recoil\n|-damage|p2b: Koraidon|40/100|[from] item: Life Orb\n|\n|-weather|SunnyDay|[upkeep]\n|-fieldend|move: Trick Room\n|-fieldend|move: Electric Terrain\n|upkeep\n|inactive|psychor&r has 30 seconds left.\n|inactive|psychor&r has 20 seconds left.\n|inactive|psychor&r has 15 seconds left.\n|inactive|psychor&r has 10 seconds left.\n|inactive|psychor&r has 5 seconds left.\n|\n|t:|1746121800\n|switch|p1a: Iron Hands|Iron Hands, L50|100/100\n|switch|p1b: Farigiraf|Farigiraf, L50, F, shiny|24/100\n|turn|6\n|inactive|psychor&r has 30 seconds left.\n|inactive|psychor&r has 20 seconds left.\n|inactive|psychor&r has 15 seconds left.\n|inactive|psychor&r has 10 seconds left.\n|inactive|psychor&r has 5 seconds left.\n|\n|t:|1746121855\n|move|p2b: Koraidon|Flare Blitz|p1a: Iron Hands\n|-damage|p1a: Iron Hands|30/100\n|-status|p1a: Iron Hands|brn\n|-damage|p2b: Koraidon|8/100|[from] Recoil\n|-damage|p2b: Koraidon|0 fnt|[from] item: Life Orb\n|faint|p2b: Koraidon\n|move|p2a: Miraidon|Dazzling Gleam|p1a: Iron Hands|[spread] p1a,p1b\n|-supereffective|p1a: Iron Hands\n|-damage|p1a: Iron Hands|0 fnt\n|-damage|p1b: Farigiraf|0 fnt\n|faint|p1a: Iron Hands\n|-end|p1a: Iron Hands|Quark Drive|[silent]\n|faint|p1b: Farigiraf\n|\n|win|cc521\n|raw|psychor&amp;r's rating: 1084 &rarr; <strong>1060</strong><br />(-24 for losing)\n|raw|cc521's rating: 1059 &rarr; <strong>1092</strong><br />(+33 for winning)\n", "uploadtime": 1746121863, "views": 8, "formatid": "gen9vgc2025regibo3", "rating": 1060, "private": 0, "password": null}