{"id": "gen9vgc2025regibo3-2355037893", "format": "[Gen 9] VGC 2025 Reg I (Bo3)", "players": ["maddokyoma", "Jayson_Ubo"], "log": "|j|\u2606maddokyoma\n|j|\u2606Jayson_Ubo\n|html|<table width=\"100%\"><tr><td align=\"left\">maddokyoma</td><td align=\"right\">Jayson_Ubo</tr><tr><td align=\"left\"><i class=\"fa fa-circle-o\"></i> <i class=\"fa fa-circle-o\"></i> </td><td align=\"right\"><i class=\"fa fa-circle-o\"></i> <i class=\"fa fa-circle-o\"></i> </tr></table>\n|uhtml|bestof|<h2><strong>Game 1</strong> of <a href=\"/game-bestof3-gen9vgc2025regibo3-2355037892\">a best-of-3</a></h2>\n|t:|1746144907\n|gametype|doubles\n|player|p1|maddokyoma|volo|1352\n|player|p2|Jayson_Ubo|hilbert|1312\n|teamsize|p1|6\n|teamsize|p2|6\n|gen|9\n|tier|[Gen 9] VGC 2025 Reg I (Bo3)\n|rated|\n|rule|Species Clause: Limit one of each Pok\u00e9mon\n|rule|Item Clause: Limit 1 of each item\n|clearpoke\n|poke|p1|Miraidon, L50|\n|poke|p1|Iron Hands, L50|\n|poke|p1|Pelipper, L50, M|\n|poke|p1|Ogerpon-Wellspring, L50, F|\n|poke|p1|Farigiraf, L50, F|\n|poke|p1|Calyrex-Ice, L50|\n|poke|p2|Sneasler, L50, M|\n|poke|p2|Calyrex-Shadow, L50|\n|poke|p2|Chi-Yu, L50|\n|poke|p2|Miraidon, L50|\n|poke|p2|Dondozo, L50, M|\n|poke|p2|Tatsugiri-Droopy, L50, M|\n|teampreview|4\n|showteam|p1|Miraidon||LifeOrb|HadronEngine|Protect,DracoMeteor,ElectroDrift,VoltSwitch||||||50|,,,,,Electric]Iron Hands||ElectricSeed|QuarkDrive|Protect,SwordsDance,DrainPunch,ThunderPunch||||||50|,,,,,Grass]Pelipper||FocusSash|Drizzle|Tailwind,WideGuard,WeatherBall,Hurricane|||M|||50|,,,,,Ground]Ogerpon-Wellspring||WellspringMask|WaterAbsorb|FollowMe,SwordsDance,IvyCudgel,SpikyShield|||F|||50|,,,,,Water]Farigiraf||RockyHelmet|ArmorTail|DazzlingGleam,Protect,HelpingHand,TrickRoom|||F|||50|,,,,,Fairy]Calyrex-Ice||ClearAmulet|AsOneGlastrier|GlacialLance,HighHorsepower,TrickRoom,Protect||||||50|,,,,,Normal\n|showteam|p2|Sneasler||ElectricSeed|Unburden|CloseCombat,ToxicSpikes,FakeOut,DireClaw|||M|||50|,,,,,Dark]Calyrex-Shadow||LifeOrb|AsOneSpectrier|AstralBarrage,Disable,Protect,Psychic||||||50|,,,,,Dark]Chi-Yu||ChoiceScarf|BeadsofRuin|HeatWave,DarkPulse,Snarl,Overheat||||||50|,,,,,Ghost]Miraidon||AssaultVest|HadronEngine|ElectroDrift,DazzlingGleam,VoltSwitch,DracoMeteor||||||50|,,,,,Fairy]Dondozo||Leftovers|Unaware|Earthquake,BodyPress,Protect,OrderUp|||M|||50|,,,,,Grass]Tatsugiri-Droopy||FocusSash|Commander|DracoMeteor,HelpingHand,Protect,MuddyWater|||M|||50|,,,,,Stellar\n|l|\u2606Jayson_Ubo\n|player|p2|\n|inactive|Battle timer is ON: inactive players will automatically lose when time's up. (requested by maddokyoma)\n|j|\u2606Jayson_Ubo\n|inactive|Jayson_Ubo reconnected and has 90 seconds left.\n|player|p2|Jayson_Ubo|hilbert|\n|inactive|Jayson_Ubo also wants the timer to be on.\n|inactive|maddokyoma has 60 seconds left.\n|\n|t:|1746144973\n|start\n|switch|p1a: Miraidon|Miraidon, L50|100/100\n|switch|p1b: Calyrex|Calyrex-Ice, L50|100/100\n|switch|p2a: Sneasler|Sneasler, L50, M|100/100\n|switch|p2b: Miraidon|Miraidon, L50|100/100\n|-ability|p1b: Calyrex|As One\n|-ability|p1b: Calyrex|Unnerve\n|-fieldstart|move: Electric Terrain|[from] ability: Hadron Engine|[of] p1a: Miraidon\n|-enditem|p2a: Sneasler|Electric Seed\n|-boost|p2a: Sneasler|def|1|[from] item: Electric Seed\n|-activate|p2b: Miraidon|ability: Hadron Engine\n|turn|1\n|\n|t:|1746144998\n|move|p1a: Miraidon|Protect|p1a: Miraidon\n|-singleturn|p1a: Miraidon|Protect\n|move|p2a: Sneasler|Toxic Spikes|p1b: Calyrex\n|-sidestart|p1: maddokyoma|move: Toxic Spikes\n|move|p2b: Miraidon|Draco Meteor|p1a: Miraidon\n|-activate|p1a: Miraidon|move: Protect\n|move|p1b: Calyrex|Trick Room|p1b: Calyrex\n|-fieldstart|move: Trick Room|[of] p1b: Calyrex\n|\n|upkeep\n|turn|2\n|\n|t:|1746145018\n|switch|p2b: Tatsugiri|Tatsugiri-Droopy, L50, M|100/100\n|switch|p2a: Dondozo|Dondozo, L50, M|100/100\n|-activate|p2b: Tatsugiri|ability: Commander|[of] p2a: Dondozo\n|-boost|p2a: Dondozo|atk|2\n|-boost|p2a: Dondozo|spa|2\n|-boost|p2a: Dondozo|spe|2\n|-boost|p2a: Dondozo|def|2\n|-boost|p2a: Dondozo|spd|2\n|move|p1b: Calyrex|Glacial Lance|p2b: Tatsugiri|[spread] p2a\n|-miss|p1b: Calyrex|p2b: Tatsugiri\n|-resisted|p2a: Dondozo\n|-damage|p2a: Dondozo|92/100\n|move|p1a: Miraidon|Volt Switch|p2a: Dondozo\n|-supereffective|p2a: Dondozo\n|-damage|p2a: Dondozo|20/100\n|-damage|p1a: Miraidon|91/100|[from] item: Life Orb\n|\n|t:|1746145034\n|switch|p1a: Iron Hands|Iron Hands, L50|100/100|[from] Volt Switch\n|-status|p1a: Iron Hands|psn\n|-enditem|p1a: Iron Hands|Electric Seed\n|-boost|p1a: Iron Hands|def|1|[from] item: Electric Seed\n|-activate|p1a: Iron Hands|ability: Quark Drive\n|-start|p1a: Iron Hands|quarkdriveatk\n|\n|-heal|p2a: Dondozo|26/100|[from] item: Leftovers\n|-damage|p1a: Iron Hands|88/100 psn|[from] psn\n|upkeep\n|turn|3\n|\n|t:|1746145048\n|move|p2a: Dondozo|Protect|p2a: Dondozo\n|-singleturn|p2a: Dondozo|Protect\n|move|p1a: Iron Hands|Swords Dance|p1a: Iron Hands\n|-boost|p1a: Iron Hands|atk|2\n|move|p1b: Calyrex|High Horsepower|p2a: Dondozo\n|-activate|p2a: Dondozo|move: Protect\n|\n|-heal|p2a: Dondozo|32/100|[from] item: Leftovers\n|-damage|p1a: Iron Hands|76/100 psn|[from] psn\n|upkeep\n|turn|4\n|\n|t:|1746145055\n|-terastallize|p2a: Dondozo|Grass\n|move|p1a: Iron Hands|Thunder Punch|p2a: Dondozo\n|-resisted|p2a: Dondozo\n|-damage|p2a: Dondozo|21/100\n|-status|p2a: Dondozo|par\n|move|p1b: Calyrex|Glacial Lance|p2b: Tatsugiri|[spread] p2a\n|-miss|p1b: Calyrex|p2b: Tatsugiri\n|-supereffective|p2a: Dondozo\n|-damage|p2a: Dondozo|0 fnt\n|faint|p2a: Dondozo\n|-ability|p1b: Calyrex|Chilling Neigh|boost\n|-boost|p1b: Calyrex|atk|1\n|\n|-damage|p1a: Iron Hands|64/100 psn|[from] psn\n|upkeep\n|\n|t:|1746145068\n|switch|p2a: Sneasler|Sneasler, L50, M|100/100\n|turn|5\n|\n|t:|1746145081\n|move|p2a: Sneasler|Fake Out|p1b: Calyrex\n|-damage|p1b: Calyrex|92/100\n|move|p1a: Iron Hands|Drain Punch|p2b: Tatsugiri\n|-enditem|p2b: Tatsugiri|Focus Sash\n|-damage|p2b: Tatsugiri|1/100\n|-heal|p1a: Iron Hands|91/100 psn|[from] drain|[of] p2b: Tatsugiri\n|cant|p1b: Calyrex|flinch\n|move|p2b: Tatsugiri|Muddy Water|p1b: Calyrex|[spread] p1a\n|-miss|p2b: Tatsugiri|p1b: Calyrex\n|-damage|p1a: Iron Hands|57/100 psn\n|\n|-damage|p1a: Iron Hands|45/100 psn|[from] psn\n|-fieldend|move: Trick Room\n|-fieldend|move: Electric Terrain\n|-end|p1a: Iron Hands|Quark Drive\n|upkeep\n|turn|6\n|inactive|maddokyoma has 30 seconds left.\n|\n|t:|1746145110\n|move|p2a: Sneasler|Dire Claw|p1b: Calyrex\n|-damage|p1b: Calyrex|64/100\n|-status|p1b: Calyrex|psn\n|move|p2b: Tatsugiri|Muddy Water|p1b: Calyrex|[spread] p1a,p1b\n|-damage|p1a: Iron Hands|9/100 psn\n|-damage|p1b: Calyrex|41/100 psn\n|-unboost|p1a: Iron Hands|accuracy|1\n|move|p1b: Calyrex|Glacial Lance|p2a: Sneasler|[spread] p2a,p2b\n|-damage|p2a: Sneasler|0 fnt\n|-damage|p2b: Tatsugiri|0 fnt\n|faint|p2a: Sneasler\n|faint|p2b: Tatsugiri\n|-ability|p1b: Calyrex|Chilling Neigh|boost\n|-boost|p1b: Calyrex|atk|2\n|move|p1a: Iron Hands|Thunder Punch|p2: Sneasler|[notarget]\n|-fail|p1a: Iron Hands\n|\n|-damage|p1b: Calyrex|29/100 psn|[from] psn\n|-damage|p1a: Iron Hands|0 fnt|[from] psn\n|faint|p1a: Iron Hands\n|-end|p1a: Iron Hands|Quark Drive|[silent]\n|upkeep\n|\n|t:|1746145130\n|switch|p2b: Miraidon|Miraidon, L50|100/100\n|switch|p1a: Pelipper|Pelipper, L50, M|100/100\n|-fieldstart|move: Electric Terrain|[from] ability: Hadron Engine|[of] p2b: Miraidon\n|-weather|RainDance|[from] ability: Drizzle|[of] p1a: Pelipper\n|turn|7\n|\n|t:|1746145147\n|-terastallize|p1a: Pelipper|Ground\n|move|p2b: Miraidon|Electro Drift|p1b: Calyrex\n|-damage|p1b: Calyrex|0 fnt\n|faint|p1b: Calyrex\n|move|p1a: Pelipper|Tailwind|p1a: Pelipper\n|-sidestart|p1: maddokyoma|move: Tailwind\n|\n|-weather|RainDance|[upkeep]\n|upkeep\n|\n|t:|1746145155\n|switch|p1b: Miraidon|Miraidon, L50|91/100\n|-status|p1b: Miraidon|psn\n|-activate|p1b: Miraidon|ability: Hadron Engine\n|turn|8\n|\n|t:|1746145163\n|move|p1b: Miraidon|Protect|p1b: Miraidon\n|-singleturn|p1b: Miraidon|Protect\n|move|p1a: Pelipper|Hurricane|p2b: Miraidon\n|-resisted|p2b: Miraidon\n|-damage|p2b: Miraidon|87/100\n|move|p2b: Miraidon|Draco Meteor|p1b: Miraidon\n|-activate|p1b: Miraidon|move: Protect\n|\n|-weather|RainDance|[upkeep]\n|-damage|p1b: Miraidon|78/100 psn|[from] psn\n|upkeep\n|turn|9\n|\n|t:|1746145174\n|move|p1b: Miraidon|Draco Meteor|p2b: Miraidon\n|-supereffective|p2b: Miraidon\n|-damage|p2b: Miraidon|0 fnt\n|-unboost|p1b: Miraidon|spa|2\n|faint|p2b: Miraidon\n|-damage|p1b: Miraidon|69/100 psn|[from] item: Life Orb\n|\n|win|maddokyoma\n", "uploadtime": 1746145177, "views": 25, "formatid": "gen9vgc2025regibo3", "rating": null, "private": 0, "password": null}