{"id": "gen9vgc2025regibo3-2353333187", "format": "[Gen 9] VGC 2025 Reg I (Bo3)", "players": ["Qicide", "caZISA"], "log": "|j|\u2606Qicide\n|j|\u2606caZISA\n|html|<table width=\"100%\"><tr><td align=\"left\">Qicide</td><td align=\"right\">caZISA</tr><tr><td align=\"left\"><i class=\"fa fa-circle\"></i> <i class=\"fa fa-circle-o\"></i> </td><td align=\"right\"><i class=\"fa fa-circle-o\"></i> <i class=\"fa fa-circle-o\"></i> </tr></table>\n|uhtml|bestof|<h2><strong>Game 2</strong> of <a href=\"/game-bestof3-gen9vgc2025regibo3-2353331001\">a best-of-3</a></h2>\n|t:|1745947173\n|gametype|doubles\n|player|p1|Qicide|red|1320\n|player|p2|caZISA|red|1307\n|teamsize|p1|6\n|teamsize|p2|6\n|gen|9\n|tier|[Gen 9] VGC 2025 Reg I (Bo3)\n|rated|\n|rule|Species Clause: Limit one of each Pok\u00e9mon\n|rule|Item Clause: Limit 1 of each item\n|clearpoke\n|poke|p1|Chi-Yu, L50|\n|poke|p1|Calyrex-Shadow, L50|\n|poke|p1|Tornadus, L50, M|\n|poke|p1|Groudon, L50|\n|poke|p1|Raging Bolt, L50|\n|poke|p1|Urshifu-*, L50, F|\n|poke|p2|Calyrex-Ice, L50|\n|poke|p2|Kyogre, L50|\n|poke|p2|Landorus, L50, M|\n|poke|p2|Raging Bolt, L50|\n|poke|p2|Incineroar, L50, M|\n|poke|p2|Smeargle, L50, F|\n|teampreview|4\n|showteam|p1|Chi-Yu||ChoiceScarf|BeadsofRuin|HeatWave,Overheat,DarkPulse,Snarl||||||50|,,,,,Ghost]Calyrex-Shadow||LifeOrb|AsOneSpectrier|AstralBarrage,Psychic,Encore,Protect||||||50|,,,,,Normal]Tornadus||RockyHelmet|Prankster|BleakwindStorm,Tailwind,Protect,SunnyDay|||M|||50|,,,,,Dark]Groudon||ClearAmulet|Drought|HeatCrash,PrecipiceBlades,HighHorsepower,Protect||||||50|,,,,,Fire]Raging Bolt||AssaultVest|Protosynthesis|Thunderbolt,Electroweb,Thunderclap,DracoMeteor||||||50|,,,,,Electric]Urshifu||FocusSash|UnseenFist|WickedBlow,SuckerPunch,CloseCombat,Protect|||F|||50|,,,,,Dark\n|showteam|p2|Calyrex-Ice||ClearAmulet|AsOneGlastrier|GlacialLance,HighHorsepower,TrickRoom,Protect||||||50|,,,,,Grass]Kyogre||MysticWater|Drizzle|WaterSpout,OriginPulse,IceBeam,Protect||||||50|,,,,,Water]Landorus||ChoiceScarf|SheerForce|SandsearStorm,EarthPower,SludgeBomb,Uturn|||M|||50|,,,,,Ghost]Raging Bolt||AssaultVest|Protosynthesis|Thunderbolt,DracoMeteor,Thunderclap,Snarl||||||50|,,,,,Fairy]Incineroar||SafetyGoggles|Intimidate|FakeOut,WillOWisp,KnockOff,PartingShot|||M|||50|,,,,,Ghost]Smeargle||FocusSash|Moody|FakeOut,Spore,FollowMe,WideGuard|||F|||50|,,,,,Grass\n|inactive|Battle timer is ON: inactive players will automatically lose when time's up. (requested by Qicide)\n|\n|t:|1745947190\n|start\n|switch|p1a: Tornadus|Tornadus, L50, M|100/100\n|switch|p1b: Chi-Yu|Chi-Yu, L50|100/100\n|switch|p2a: Littlefoot|Raging Bolt, L50|100/100\n|switch|p2b: Gaspar|Calyrex-Ice, L50|100/100\n|-ability|p2b: Gaspar|As One\n|-ability|p2b: Gaspar|Unnerve\n|-ability|p1b: Chi-Yu|Beads of Ruin\n|turn|1\n|\n|t:|1745947200\n|move|p2b: Gaspar|Protect|p2b: Gaspar\n|-singleturn|p2b: Gaspar|Protect\n|move|p1b: Chi-Yu|Snarl|p2a: Littlefoot|[spread] p2a\n|-activate|p2b: Gaspar|move: Protect\n|-damage|p2a: Littlefoot|84/100\n|-unboost|p2a: Littlefoot|spa|1\n|move|p1a: Tornadus|Bleakwind Storm|p2b: Gaspar|[spread] p2a\n|-activate|p2b: Gaspar|move: Protect\n|-resisted|p2a: Littlefoot\n|-damage|p2a: Littlefoot|69/100\n|move|p2a: Littlefoot|Snarl|p1b: Chi-Yu|[spread] p1a,p1b\n|-resisted|p1b: Chi-Yu\n|-damage|p1a: Tornadus|82/100\n|-damage|p1b: Chi-Yu|94/100\n|-unboost|p1a: Tornadus|spa|1\n|-unboost|p1b: Chi-Yu|spa|1\n|\n|upkeep\n|turn|2\n|\n|t:|1745947215\n|-terastallize|p2b: Gaspar|Grass\n|move|p2a: Littlefoot|Thunderclap|p1a: Tornadus\n|-supereffective|p1a: Tornadus\n|-damage|p1a: Tornadus|0 fnt\n|faint|p1a: Tornadus\n|move|p1b: Chi-Yu|Snarl|p2a: Littlefoot|[spread] p2b\n|-miss|p1b: Chi-Yu|p2a: Littlefoot\n|-damage|p2b: Gaspar|87/100\n|move|p2b: Gaspar|Trick Room|p2b: Gaspar\n|-fieldstart|move: Trick Room|[of] p2b: Gaspar\n|\n|upkeep\n|\n|t:|1745947221\n|switch|p1a: Urshifu|Urshifu, L50, F|100/100\n|turn|3\n|\n|t:|1745947236\n|move|p1a: Urshifu|Sucker Punch|p2b: Gaspar\n|-damage|p2b: Gaspar|62/100\n|move|p2b: Gaspar|Glacial Lance|p1b: Chi-Yu|[spread] p1a,p1b\n|-resisted|p1b: Chi-Yu\n|-damage|p1a: Urshifu|43/100\n|-damage|p1b: Chi-Yu|44/100\n|move|p2a: Littlefoot|Thunderbolt|p1a: Urshifu\n|-damage|p1a: Urshifu|0 fnt\n|faint|p1a: Urshifu\n|move|p1b: Chi-Yu|Snarl|p2b: Gaspar|[spread] p2a,p2b\n|-crit|p2b: Gaspar\n|-damage|p2a: Littlefoot|57/100\n|-damage|p2b: Gaspar|29/100\n|-unboost|p2a: Littlefoot|spa|1\n|\n|upkeep\n|\n|t:|1745947244\n|switch|p1a: Raging Bolt|Raging Bolt, L50|100/100\n|turn|4\n|\n|t:|1745947260\n|-end|p2a: Littlefoot|Protosynthesis|[silent]\n|switch|p2a: Tigre To\u00f1o|Incineroar, L50, M|100/100\n|-ability|p2a: Tigre To\u00f1o|Intimidate|boost\n|-unboost|p1a: Raging Bolt|atk|1\n|-unboost|p1b: Chi-Yu|atk|1\n|-terastallize|p1a: Raging Bolt|Electric\n|move|p2b: Gaspar|Protect|p2b: Gaspar\n|-singleturn|p2b: Gaspar|Protect\n|move|p1a: Raging Bolt|Thunderclap||[still]\n|-fail|p1a: Raging Bolt\n|move|p1b: Chi-Yu|Snarl|p2a: Tigre To\u00f1o|[spread] p2a\n|-activate|p2b: Gaspar|move: Protect\n|-resisted|p2a: Tigre To\u00f1o\n|-damage|p2a: Tigre To\u00f1o|91/100\n|-unboost|p2a: Tigre To\u00f1o|spa|1\n|\n|upkeep\n|turn|5\n|\n|t:|1745947271\n|move|p2a: Tigre To\u00f1o|Fake Out|p1a: Raging Bolt\n|-damage|p1a: Raging Bolt|90/100\n|cant|p1a: Raging Bolt|flinch\n|move|p2b: Gaspar|Glacial Lance|p1b: Chi-Yu|[spread] p1a,p1b\n|-resisted|p1b: Chi-Yu\n|-damage|p1a: Raging Bolt|37/100\n|-damage|p1b: Chi-Yu|0 fnt\n|faint|p1b: Chi-Yu\n|-ability|p2b: Gaspar|Chilling Neigh|boost\n|-boost|p2b: Gaspar|atk|1\n|\n|upkeep\n|turn|6\n|\n|t:|1745947282\n|move|p2b: Gaspar|Protect|p2b: Gaspar\n|-singleturn|p2b: Gaspar|Protect\n|move|p2a: Tigre To\u00f1o|Parting Shot|p1a: Raging Bolt\n|-unboost|p1a: Raging Bolt|atk|1\n|-unboost|p1a: Raging Bolt|spa|1\n|\n|t:|1745947287\n|switch|p2a: Picasso|Smeargle, L50, F|100/100|[from] Parting Shot\n|move|p1a: Raging Bolt|Electroweb|p2a: Picasso|[spread] p2a\n|-activate|p2b: Gaspar|move: Protect\n|-damage|p2a: Picasso|39/100\n|-unboost|p2a: Picasso|spe|1\n|\n|-fieldend|move: Trick Room\n|-ability|p2a: Picasso|Moody|boost\n|-boost|p2a: Picasso|spe|2\n|-unboost|p2a: Picasso|spd|1\n|upkeep\n|turn|7\n|\n|t:|1745947296\n|move|p2a: Picasso|Spore|p1a: Raging Bolt\n|-status|p1a: Raging Bolt|slp|[from] move: Spore\n|cant|p1a: Raging Bolt|slp\n|move|p2b: Gaspar|Glacial Lance|p1a: Raging Bolt\n|-damage|p1a: Raging Bolt|0 fnt\n|faint|p1a: Raging Bolt\n|-end|p1a: Raging Bolt|Protosynthesis|[silent]\n|\n|win|caZISA\n", "uploadtime": 1745947298, "views": 16, "formatid": "gen9vgc2025regibo3", "rating": null, "private": 0, "password": null}