{"id": "gen9vgc2025regibo3-2354197514", "format": "[Gen 9] VGC 2025 Reg I (Bo3)", "players": ["ShDw Ace", "ste1995"], "log": "|j|\u2606ShDw Ace\n|j|\u2606ste1995\n|html|<table width=\"100%\"><tr><td align=\"left\">ShDw Ace</td><td align=\"right\">ste1995</tr><tr><td align=\"left\"><i class=\"fa fa-circle-o\"></i> <i class=\"fa fa-circle-o\"></i> </td><td align=\"right\"><i class=\"fa fa-circle-o\"></i> <i class=\"fa fa-circle-o\"></i> </tr></table>\n|uhtml|bestof|<h2><strong>Game 1</strong> of <a href=\"/game-bestof3-gen9vgc2025regibo3-2354197513\">a best-of-3</a></h2>\n|t:|1746043697\n|gametype|doubles\n|player|p1|ShDw Ace|steven|1109\n|player|p2|ste1995|backpacker|1089\n|teamsize|p1|6\n|teamsize|p2|6\n|gen|9\n|tier|[Gen 9] VGC 2025 Reg I (Bo3)\n|rated|\n|rule|Species Clause: Limit one of each Pok\u00e9mon\n|rule|Item Clause: Limit 1 of each item\n|clearpoke\n|poke|p1|Calyrex-Shadow, L50|\n|poke|p1|Muk-Alola, L50, M|\n|poke|p1|Smeargle, L50, M|\n|poke|p1|Dialga, L50|\n|poke|p1|Rillaboom, L50, M|\n|poke|p1|Torkoal, L50, M|\n|poke|p2|Lunala, L50|\n|poke|p2|Koraidon, L50|\n|poke|p2|Flutter Mane, L50|\n|poke|p2|Indeedee-F, L50, F|\n|poke|p2|Ogerpon-Cornerstone, L50, F|\n|poke|p2|Chi-Yu, L50|\n|teampreview|4\n|showteam|p1|Calyrex-Shadow||ClearAmulet|AsOneSpectrier|PsychUp,StoredPower,AstralBarrage,Protect||||||50|,,,,,Fairy]Muk-Alola||BlackSludge|PowerofAlchemy|Minimize,Protect,PoisonJab,KnockOff|||M|||50|,,,,,Grass]Smeargle||FocusSash|Moody|Spore,FollowMe,Explosion,FakeOut|||M|||50|,,,,,Ghost]Dialga||Leftovers|Pressure|PsychUp,ThunderWave,FlashCannon,Flamethrower||||||50|,,,,,Fire]Rillaboom||AssaultVest|GrassySurge|Uturn,GrassyGlide,FakeOut,Earthquake|||M|||50|,,,,,Fire]Torkoal||AirBalloon|Drought|Protect,BodyPress,ClearSmog,Overheat|||M|||50|,,,,,Water\n|showteam|p2|Lunala||PowerHerb|ShadowShield|MeteorBeam,Moonblast,WideGuard,MoongeistBeam||||||50|,,,,,Fairy]Koraidon||LifeOrb|OrichalcumPulse|FlareBlitz,FlameCharge,CloseCombat,Protect||||||50|,,,,,Fire]Flutter Mane||BoosterEnergy|Protosynthesis|ShadowBall,Moonblast,Protect,IcyWind||||||50|,,,,,Normal]Indeedee-F||RockyHelmet|PsychicSurge|FollowMe,HelpingHand,ShadowBall,TrickRoom|||F|||50|,,,,,Water]Ogerpon-Cornerstone||CornerstoneMask|Sturdy|IvyCudgel,HornLeech,FollowMe,SpikyShield|||F|||50|,,,,,Rock]Chi-Yu||ChoiceScarf|BeadsofRuin|HeatWave,Overheat,DarkPulse,Snarl||||||50|,,,,,Ghost\n|inactive|Battle timer is ON: inactive players will automatically lose when time's up. (requested by ShDw Ace)\n|inactive|ste1995 has 60 seconds left.\n|inactive|ste1995 has 30 seconds left.\n|inactive|ste1995 has 20 seconds left.\n|inactive|ste1995 has 15 seconds left.\n|\n|t:|1746043817\n|start\n|switch|p1a: Muk|Muk-Alola, L50, M, shiny|100/100\n|switch|p1b: Smeargle|Smeargle, L50, M, shiny|100/100\n|switch|p2a: Flutter Mane|Flutter Mane, L50|100/100\n|switch|p2b: Chi-Yu|Chi-Yu, L50|100/100\n|-ability|p2b: Chi-Yu|Beads of Ruin\n|-enditem|p2a: Flutter Mane|Booster Energy\n|-activate|p2a: Flutter Mane|ability: Protosynthesis|[fromitem]\n|-start|p2a: Flutter Mane|protosynthesisspe\n|turn|1\n|inactive|ShDw Ace has 30 seconds left.\n|inactive|ste1995 has 30 seconds left.\n|inactive|ste1995 has 20 seconds left.\n|inactive|ste1995 has 15 seconds left.\n|inactive|ste1995 has 10 seconds left.\n|inactive|ste1995 has 5 seconds left.\n|\n|t:|1746043867\n|move|p2a: Flutter Mane|Icy Wind|p1a: Muk|[spread] p1a,p1b\n|-damage|p1a: Muk|90/100\n|-damage|p1b: Smeargle|66/100\n|-unboost|p1a: Muk|spe|1\n|-unboost|p1b: Smeargle|spe|1\n|move|p2b: Chi-Yu|Heat Wave|p1a: Muk|[spread] p1a,p1b\n|-crit|p1a: Muk\n|-damage|p1a: Muk|44/100\n|-damage|p1b: Smeargle|0 fnt\n|faint|p1b: Smeargle\n|-ability|p1a: Muk|Moody|[from] ability: Power of Alchemy|[of] p1b: Smeargle\n|move|p1a: Muk|Minimize|p1a: Muk\n|-boost|p1a: Muk|evasion|2\n|\n|-heal|p1a: Muk|50/100|[from] item: Black Sludge\n|-ability|p1a: Muk|Moody|boost\n|-boost|p1a: Muk|def|2\n|-unboost|p1a: Muk|atk|1\n|upkeep\n|\n|t:|1746043888\n|switch|p1b: Rillaboom|Rillaboom, L50, M, shiny|100/100\n|-fieldstart|move: Grassy Terrain|[from] ability: Grassy Surge|[of] p1b: Rillaboom\n|turn|2\n|inactive|ste1995 has 30 seconds left.\n|\n|t:|1746043919\n|-terastallize|p2b: Chi-Yu|Ghost\n|move|p1a: Muk|Protect|p1a: Muk\n|-singleturn|p1a: Muk|Protect\n|move|p1b: Rillaboom|Grassy Glide|p2a: Flutter Mane\n|-damage|p2a: Flutter Mane|43/100\n|move|p2a: Flutter Mane|Moonblast|p1a: Muk\n|-activate|p1a: Muk|move: Protect\n|move|p2b: Chi-Yu|Heat Wave|p1b: Rillaboom|[spread] p1b\n|-activate|p1a: Muk|move: Protect\n|-supereffective|p1b: Rillaboom\n|-damage|p1b: Rillaboom|35/100\n|\n|-heal|p2a: Flutter Mane|49/100|[from] Grassy Terrain\n|-heal|p1b: Rillaboom|41/100|[from] Grassy Terrain\n|-heal|p1a: Muk|56/100|[from] Grassy Terrain\n|-heal|p1a: Muk|62/100|[from] item: Black Sludge\n|-ability|p1a: Muk|Moody|boost\n|-boost|p1a: Muk|def|2\n|-unboost|p1a: Muk|spe|1\n|upkeep\n|turn|3\n|inactive|ShDw Ace has 30 seconds left.\n|inactive|ste1995 has 30 seconds left.\n|\n|t:|1746043949\n|move|p2a: Flutter Mane|Protect|p2a: Flutter Mane\n|-singleturn|p2a: Flutter Mane|Protect\n|move|p1b: Rillaboom|Grassy Glide|p2a: Flutter Mane\n|-activate|p2a: Flutter Mane|move: Protect\n|move|p2b: Chi-Yu|Heat Wave|p1b: Rillaboom|[spread] p1a,p1b\n|-supereffective|p1b: Rillaboom\n|-damage|p1a: Muk|32/100\n|-damage|p1b: Rillaboom|0 fnt\n|faint|p1b: Rillaboom\n|move|p1a: Muk|Minimize|p1a: Muk\n|-boost|p1a: Muk|evasion|2\n|\n|-heal|p2a: Flutter Mane|55/100|[from] Grassy Terrain\n|-heal|p1a: Muk|38/100|[from] Grassy Terrain\n|-heal|p1a: Muk|44/100|[from] item: Black Sludge\n|-ability|p1a: Muk|Moody|boost\n|-boost|p1a: Muk|spa|2\n|-unboost|p1a: Muk|spe|1\n|upkeep\n|\n|t:|1746043968\n|switch|p1b: Dialga|Dialga, L50, shiny|100/100\n|-ability|p1b: Dialga|Pressure\n|turn|4\n|inactive|ste1995 has 30 seconds left.\n|inactive|ste1995 has 20 seconds left.\n|\n|t:|1746044007\n|-terastallize|p1b: Dialga|Fire\n|move|p1a: Muk|Protect|p1a: Muk\n|-singleturn|p1a: Muk|Protect\n|move|p2a: Flutter Mane|Shadow Ball|p1b: Dialga\n|-damage|p1b: Dialga|56/100\n|move|p2b: Chi-Yu|Heat Wave|p1b: Dialga|[spread] p1b\n|-activate|p1a: Muk|move: Protect\n|-resisted|p1b: Dialga\n|-damage|p1b: Dialga|32/100\n|move|p1b: Dialga|Psych Up|p1a: Muk\n|-copyboost|p1b: Dialga|p1a: Muk|[from] move: Psych Up\n|\n|-heal|p2a: Flutter Mane|60/100|[from] Grassy Terrain\n|-heal|p1b: Dialga|38/100|[from] Grassy Terrain\n|-heal|p1b: Dialga|44/100|[from] item: Leftovers\n|-heal|p1a: Muk|50/100|[from] Grassy Terrain\n|-heal|p1a: Muk|57/100|[from] item: Black Sludge\n|-ability|p1a: Muk|Moody|boost\n|-boost|p1a: Muk|atk|2\n|-unboost|p1a: Muk|def|1\n|upkeep\n|turn|5\n|inactive|ShDw Ace has 30 seconds left.\n|inactive|ste1995 has 30 seconds left.\n|inactive|ste1995 has 20 seconds left.\n|inactive|ste1995 has 15 seconds left.\n|\n|t:|1746044050\n|move|p2a: Flutter Mane|Moonblast|p1a: Muk\n|-damage|p1a: Muk|24/100\n|-unboost|p1a: Muk|spa|1\n|move|p2b: Chi-Yu|Heat Wave|p1b: Dialga|[spread] p1b\n|-miss|p2b: Chi-Yu|p1a: Muk\n|-resisted|p1b: Dialga\n|-damage|p1b: Dialga|21/100\n|move|p1b: Dialga|Flamethrower|p2b: Chi-Yu\n|-damage|p2b: Chi-Yu|0 fnt\n|faint|p2b: Chi-Yu\n|move|p1a: Muk|Minimize|p1a: Muk\n|-boost|p1a: Muk|evasion|2\n|\n|-heal|p2a: Flutter Mane|66/100|[from] Grassy Terrain\n|-heal|p1b: Dialga|27/100|[from] Grassy Terrain\n|-heal|p1b: Dialga|33/100|[from] item: Leftovers\n|-heal|p1a: Muk|30/100|[from] Grassy Terrain\n|-heal|p1a: Muk|36/100|[from] item: Black Sludge\n|-ability|p1a: Muk|Moody|boost\n|-boost|p1a: Muk|def|2\n|-unboost|p1a: Muk|spe|1\n|upkeep\n|inactive|ste1995 has 30 seconds left.\n|\n|t:|1746044081\n|switch|p2b: Koraidon|Koraidon, L50|100/100\n|-weather|SunnyDay|[from] ability: Orichalcum Pulse|[of] p2b: Koraidon\n|-activate|p2b: Koraidon|Orichalcum Pulse|[source]\n|turn|6\n|inactive|ste1995 has 30 seconds left.\n|inactive|ste1995 has 20 seconds left.\n|inactive|ste1995 has 15 seconds left.\n|inactive|ste1995 has 10 seconds left.\n|\n|t:|1746044127\n|move|p1a: Muk|Protect|p1a: Muk\n|-singleturn|p1a: Muk|Protect\n|move|p2a: Flutter Mane|Shadow Ball|p1b: Dialga\n|-damage|p1b: Dialga|2/100\n|move|p2b: Koraidon|Close Combat|p1a: Muk\n|-activate|p1a: Muk|move: Protect\n|move|p1b: Dialga|Psych Up|p1a: Muk\n|-copyboost|p1b: Dialga|p1a: Muk|[from] move: Psych Up\n|\n|-weather|SunnyDay|[upkeep]\n|-heal|p2a: Flutter Mane|72/100|[from] Grassy Terrain\n|-heal|p1b: Dialga|8/100|[from] Grassy Terrain\n|-heal|p1b: Dialga|14/100|[from] item: Leftovers\n|-heal|p1a: Muk|42/100|[from] Grassy Terrain\n|-heal|p1a: Muk|48/100|[from] item: Black Sludge\n|-fieldend|move: Grassy Terrain\n|-ability|p1a: Muk|Moody|boost\n|-boost|p1a: Muk|atk|2\n|-unboost|p1a: Muk|spa|1\n|upkeep\n|turn|7\n|inactive|ShDw Ace has 30 seconds left.\n|inactive|ste1995 has 30 seconds left.\n|\n|t:|1746044161\n|move|p2a: Flutter Mane|Moonblast|p1a: Muk\n|-damage|p1a: Muk|21/100\n|move|p2b: Koraidon|Close Combat|p1a: Muk|[miss]\n|-miss|p2b: Koraidon|p1a: Muk\n|move|p1b: Dialga|Flash Cannon|p2a: Flutter Mane\n|-supereffective|p2a: Flutter Mane\n|-damage|p2a: Flutter Mane|0 fnt\n|faint|p2a: Flutter Mane\n|-end|p2a: Flutter Mane|Protosynthesis|[silent]\n|move|p1a: Muk|Knock Off|p2b: Koraidon\n|-resisted|p2b: Koraidon\n|-damage|p2b: Koraidon|68/100\n|-enditem|p2b: Koraidon|Life Orb|[from] move: Knock Off|[of] p1a: Muk\n|\n|-weather|SunnyDay|[upkeep]\n|-heal|p1b: Dialga|20/100|[from] item: Leftovers\n|-heal|p1a: Muk|27/100|[from] item: Black Sludge\n|-ability|p1a: Muk|Moody|boost\n|-boost|p1a: Muk|spe|2\n|-unboost|p1a: Muk|spd|1\n|upkeep\n|\n|t:|1746044178\n|switch|p2a: Indeedee|Indeedee-F, L50, F|100/100\n|-fieldstart|move: Psychic Terrain|[from] ability: Psychic Surge|[of] p2a: Indeedee\n|turn|8\n|\n|t:|1746044198\n|move|p1a: Muk|Protect|p1a: Muk\n|-singleturn|p1a: Muk|Protect\n|move|p2a: Indeedee|Follow Me|p2a: Indeedee\n|-singleturn|p2a: Indeedee|move: Follow Me\n|move|p2b: Koraidon|Close Combat|p1b: Dialga\n|-damage|p1b: Dialga|5/100\n|-unboost|p2b: Koraidon|def|1\n|-unboost|p2b: Koraidon|spd|1\n|move|p1b: Dialga|Flash Cannon|p2a: Indeedee\n|-damage|p2a: Indeedee|39/100\n|-unboost|p2a: Indeedee|spd|1\n|\n|-weather|SunnyDay|[upkeep]\n|-heal|p1b: Dialga|11/100|[from] item: Leftovers\n|-heal|p1a: Muk|33/100|[from] item: Black Sludge\n|-ability|p1a: Muk|Moody|boost\n|-boost|p1a: Muk|atk|2\n|-unboost|p1a: Muk|spd|1\n|upkeep\n|turn|9\n|inactive|ShDw Ace has 30 seconds left.\n|inactive|ste1995 has 30 seconds left.\n|inactive|ste1995 has 20 seconds left.\n|inactive|ste1995 has 15 seconds left.\n|inactive|ste1995 has 10 seconds left.\n|inactive|ste1995 has 5 seconds left.\n|\n|t:|1746044251\n|move|p2a: Indeedee|Helping Hand|p2b: Koraidon\n|-singleturn|p2b: Koraidon|Helping Hand|[of] p2a: Indeedee\n|move|p2b: Koraidon|Close Combat|p1a: Muk|[miss]\n|-miss|p2b: Koraidon|p1a: Muk\n|move|p1b: Dialga|Flash Cannon|p2a: Indeedee\n|-damage|p2a: Indeedee|0 fnt\n|faint|p2a: Indeedee\n|move|p1a: Muk|Poison Jab|p2b: Koraidon\n|-crit|p2b: Koraidon\n|-damage|p2b: Koraidon|0 fnt\n|faint|p2b: Koraidon\n|\n|win|ShDw Ace\n|inactive|ShDw Ace has 30 seconds to confirm battle start!\n|inactive|ste1995 has 30 seconds to confirm battle start!\n||ste1995 is ready for game 2.\n||ShDw Ace is ready for game 2.\n|uhtml|next|Next: <a href=\"/battle-gen9vgc2025regibo3-2354203267\"><strong>Game 2 of 3</strong></a>\n", "uploadtime": 1746044378, "views": 6, "formatid": "gen9vgc2025regibo3", "rating": null, "private": 0, "password": null}