{"id": "gen9vgc2025regibo3-2354873325", "format": "[Gen 9] VGC 2025 Reg I (Bo3)", "players": ["panzerottomodugno", "amarin93"], "log": "|j|\u2606panzerottomodugno\n|j|\u2606amarin93\n|html|<table width=\"100%\"><tr><td align=\"left\">panzerottomodugno</td><td align=\"right\">amarin93</tr><tr><td align=\"left\"><i class=\"fa fa-circle\"></i> <i class=\"fa fa-circle-o\"></i> </td><td align=\"right\"><i class=\"fa fa-circle-o\"></i> <i class=\"fa fa-circle\"></i> </tr></table>\n|uhtml|bestof|<h2><strong>Game 3</strong> of <a href=\"/game-bestof3-gen9vgc2025regibo3-2354869750\">a best-of-3</a></h2>\n|t:|1746127311\n|gametype|doubles\n|player|p1|panzerottomodugno|pokemonranger-gen4|1244\n|player|p2|amarin93|lucas-gen4pt|1266\n|teamsize|p1|6\n|teamsize|p2|6\n|gen|9\n|tier|[Gen 9] VGC 2025 Reg I (Bo3)\n|rated|\n|rule|Species Clause: Limit one of each Pok\u00e9mon\n|rule|Item Clause: Limit 1 of each item\n|clearpoke\n|poke|p1|Calyrex-Shadow, L50|\n|poke|p1|Chien-Pao, L50|\n|poke|p1|Rillaboom, L50, F|\n|poke|p1|Zamazenta-*, L50|\n|poke|p1|Tornadus, L50, M|\n|poke|p1|Urshifu-*, L50, F|\n|poke|p2|Groudon, L50|\n|poke|p2|Mewtwo, L50|\n|poke|p2|Charizard, L50, M|\n|poke|p2|Flutter Mane, L50|\n|poke|p2|Iron Valiant, L50|\n|poke|p2|Raging Bolt, L50|\n|teampreview|4\n|showteam|p1|Calyrex-Shadow||LifeOrb|AsOneSpectrier|AstralBarrage,Psychic,NastyPlot,Protect||||||50|,,,,,Dark]Chien-Pao||FocusSash|SwordofRuin|IcicleCrash,SuckerPunch,Crunch,Protect||||||50|,,,,,Ghost]Rillaboom||AssaultVest|GrassySurge|FakeOut,GrassyGlide,WoodHammer,Uturn|||F|||50|,,,,,Fire]Zamazenta-Crowned||RustedShield|DauntlessShield|BodyPress,HeavySlam,WideGuard,Protect||||||50|,,,,,Dragon]Tornadus||CovertCloak|Prankster|Tailwind,BleakwindStorm,RainDance,Protect|||M|||50|,,,,,Dark]Urshifu-Rapid-Strike||ChoiceScarf|UnseenFist|SurgingStrikes,CloseCombat,AquaJet,Uturn|||F|||50|,,,,,Water\n|showteam|p2|Groudon||ClearAmulet|Drought|ThunderPunch,PrecipiceBlades,HeatCrash,Protect||||||50|,,,,,Fire]Mewtwo||CovertCloak|Unnerve|Psystrike,Gravity,AuraSphere,Protect||||||50|,,,,,Normal]Charizard||LifeOrb|SolarPower|HeatWave,Overheat,AirSlash,Protect|||M|||50|,,,,,Fire]Flutter Mane||FocusSash|Protosynthesis|Moonblast,IcyWind,ShadowBall,Taunt||||||50|,,,,,Normal]Iron Valiant||BoosterEnergy|QuarkDrive|Coaching,WideGuard,CloseCombat,Protect||||||50|,,,,,Ghost]Raging Bolt||AssaultVest|Protosynthesis|Snarl,Thunderbolt,Thunderclap,DragonPulse||||||50|,,,,,Electric\n|\n|t:|1746127334\n|start\n|switch|p1a: Tornadus|Tornadus, L50, M|100/100\n|switch|p1b: Urshifu|Urshifu-Rapid-Strike, L50, F|100/100\n|switch|p2a: Iron Valiant|Iron Valiant, L50|100/100\n|switch|p2b: Raging Bolt|Raging Bolt, L50|100/100\n|-enditem|p2a: Iron Valiant|Booster Energy\n|-activate|p2a: Iron Valiant|ability: Quark Drive|[fromitem]\n|-start|p2a: Iron Valiant|quarkdrivespe\n|turn|1\n|\n|t:|1746127369\n|switch|p1b: Zamazenta|Zamazenta-Crowned, L50|100/100\n|-ability|p1b: Zamazenta|Dauntless Shield|boost\n|-boost|p1b: Zamazenta|def|1\n|-terastallize|p1a: Tornadus|Dark\n|move|p1a: Tornadus|Tailwind|p1a: Tornadus\n|-sidestart|p1: panzerottomodugno|move: Tailwind\n|move|p2a: Iron Valiant|Coaching|p2b: Raging Bolt\n|-boost|p2b: Raging Bolt|atk|1\n|-boost|p2b: Raging Bolt|def|1\n|move|p2b: Raging Bolt|Thunderbolt|p1a: Tornadus\n|-damage|p1a: Tornadus|39/100\n|\n|upkeep\n|turn|2\n|\n|t:|1746127389\n|move|p1a: Tornadus|Protect|p1a: Tornadus\n|-singleturn|p1a: Tornadus|Protect\n|move|p2a: Iron Valiant|Wide Guard|p2a: Iron Valiant\n|-singleturn|p2a: Iron Valiant|Wide Guard\n|move|p1b: Zamazenta|Body Press|p2b: Raging Bolt\n|-crit|p2b: Raging Bolt\n|-damage|p2b: Raging Bolt|27/100\n|move|p2b: Raging Bolt|Thunderbolt|p1a: Tornadus\n|-activate|p1a: Tornadus|move: Protect\n|\n|upkeep\n|turn|3\n|\n|t:|1746127413\n|switch|p1a: Calyrex|Calyrex-Shadow, L50|100/100\n|-ability|p1a: Calyrex|As One\n|-ability|p1a: Calyrex|Unnerve\n|-terastallize|p2a: Iron Valiant|Ghost\n|move|p2b: Raging Bolt|Thunderclap|p1b: Zamazenta\n|-damage|p1b: Zamazenta|70/100\n|move|p1b: Zamazenta|Body Press|p2b: Raging Bolt\n|-damage|p2b: Raging Bolt|0 fnt\n|faint|p2b: Raging Bolt\n|-end|p2b: Raging Bolt|Protosynthesis|[silent]\n|move|p2a: Iron Valiant|Close Combat|p1a: Calyrex\n|-immune|p1a: Calyrex\n|\n|upkeep\n|\n|t:|1746127430\n|switch|p2b: Groudon|Groudon, L50|100/100\n|-weather|SunnyDay|[from] ability: Drought|[of] p2b: Groudon\n|turn|4\n|\n|t:|1746127440\n|move|p2a: Iron Valiant|Wide Guard|p2a: Iron Valiant\n|-singleturn|p2a: Iron Valiant|Wide Guard\n|move|p1a: Calyrex|Psychic|p2b: Groudon\n|-damage|p2b: Groudon|48/100\n|-damage|p1a: Calyrex|91/100|[from] item: Life Orb\n|move|p1b: Zamazenta|Body Press|p2b: Groudon\n|-damage|p2b: Groudon|4/100\n|move|p2b: Groudon|Heat Crash|p1a: Calyrex\n|-damage|p1a: Calyrex|23/100\n|\n|-weather|SunnyDay|[upkeep]\n|-sideend|p1: panzerottomodugno|move: Tailwind\n|upkeep\n|turn|5\n|\n|t:|1746127457\n|move|p1a: Calyrex|Protect|p1a: Calyrex\n|-singleturn|p1a: Calyrex|Protect\n|move|p2b: Groudon|Protect|p2b: Groudon\n|-singleturn|p2b: Groudon|Protect\n|move|p2a: Iron Valiant|Close Combat|p1b: Zamazenta\n|-supereffective|p1b: Zamazenta\n|-damage|p1b: Zamazenta|19/100\n|-unboost|p2a: Iron Valiant|def|1\n|-unboost|p2a: Iron Valiant|spd|1\n|move|p1b: Zamazenta|Body Press|p2b: Groudon\n|-activate|p2b: Groudon|move: Protect\n|\n|-weather|SunnyDay|[upkeep]\n|upkeep\n|turn|6\n|\n|t:|1746127473\n|move|p1b: Zamazenta|Protect|p1b: Zamazenta\n|-singleturn|p1b: Zamazenta|Protect\n|move|p2a: Iron Valiant|Wide Guard|p2a: Iron Valiant\n|-singleturn|p2a: Iron Valiant|Wide Guard\n|move|p1a: Calyrex|Psychic|p2b: Groudon\n|-damage|p2b: Groudon|0 fnt\n|faint|p2b: Groudon\n|-ability|p1a: Calyrex|Grim Neigh|boost\n|-boost|p1a: Calyrex|spa|1\n|-damage|p1a: Calyrex|13/100|[from] item: Life Orb\n|\n|-weather|SunnyDay|[upkeep]\n|upkeep\n|\n|t:|1746127484\n|switch|p2b: Charizard|Charizard, L50, M, shiny|100/100\n|turn|7\n|\n|t:|1746127501\n|move|p2a: Iron Valiant|Wide Guard|p2a: Iron Valiant\n|-singleturn|p2a: Iron Valiant|Wide Guard\n|move|p1b: Zamazenta|Wide Guard|p1b: Zamazenta\n|-singleturn|p1b: Zamazenta|Wide Guard\n|move|p1a: Calyrex|Psychic|p2b: Charizard\n|-damage|p2b: Charizard|0 fnt\n|faint|p2b: Charizard\n|-ability|p1a: Calyrex|Grim Neigh|boost\n|-boost|p1a: Calyrex|spa|1\n|-damage|p1a: Calyrex|4/100|[from] item: Life Orb\n|\n|-weather|SunnyDay|[upkeep]\n|upkeep\n|turn|8\n|-message|amarin93 forfeited.\n|\n|win|panzerottomodugno\n|raw|panzerottomodugno's rating: 1244 &rarr; <strong>1271</strong><br />(+27 for winning)\n|raw|amarin93's rating: 1266 &rarr; <strong>1239</strong><br />(-27 for losing)\n|l|\u2606amarin93\n|player|p2|\n", "uploadtime": 1746127521, "views": 5, "formatid": "gen9vgc2025regibo3", "rating": 1239, "private": 0, "password": null}