{"id": "gen9vgc2025regibo3-2354213933", "format": "[Gen 9] VGC 2025 Reg I (Bo3)", "players": ["Saffox", "StarryEyedDetect"], "log": "|j|\u2606Saffox\n|j|\u2606StarryEyedDetect\n|html|<table width=\"100%\"><tr><td align=\"left\">Saffox</td><td align=\"right\">StarryEyedDetect</tr><tr><td align=\"left\"><i class=\"fa fa-circle\"></i> <i class=\"fa fa-circle-o\"></i> </td><td align=\"right\"><i class=\"fa fa-circle-o\"></i> <i class=\"fa fa-circle\"></i> </tr></table>\n|uhtml|bestof|<h2><strong>Game 3</strong> of <a href=\"/game-bestof3-gen9vgc2025regibo3-2354205833\">a best-of-3</a></h2>\n|t:|1746045341\n|gametype|doubles\n|player|p1|Saffox|2|1113\n|player|p2|StarryEyedDetect|266|1000\n|teamsize|p1|6\n|teamsize|p2|6\n|gen|9\n|tier|[Gen 9] VGC 2025 Reg I (Bo3)\n|rated|\n|rule|Species Clause: Limit one of each Pok\u00e9mon\n|rule|Item Clause: Limit 1 of each item\n|clearpoke\n|poke|p1|Groudon, L50|\n|poke|p1|Lunala, L50|\n|poke|p1|Farigiraf, L50, M|\n|poke|p1|Incineroar, L50, F|\n|poke|p1|Ogerpon-Wellspring, L50, F|\n|poke|p1|Dragonite, L50, F|\n|poke|p2|Ho-Oh, L50|\n|poke|p2|Miraidon, L50|\n|poke|p2|Farigiraf, L50, F|\n|poke|p2|Iron Hands, L50|\n|poke|p2|Ogerpon-Wellspring, L50, F|\n|poke|p2|Iron Treads, L50|\n|teampreview|4\n|showteam|p1|Groudon||AssaultVest|Drought|HeatCrash,PrecipiceBlades,ThunderPunch,StompingTantrum||||||50|,,,,,Fire]Lunala||PowerHerb|ShadowShield|TrickRoom,MeteorBeam,Moonblast,MoongeistBeam||||||50|,,,,,Fairy]Farigiraf||SitrusBerry|ArmorTail|TrickRoom,HelpingHand,HyperVoice,FoulPlay|||M|||50|,,,,,Normal]Incineroar||SafetyGoggles|Intimidate|FakeOut,PartingShot,KnockOff,FlareBlitz|||F|||50|,,,,,Water]Ogerpon-Wellspring||WellspringMask|WaterAbsorb|SpikyShield,FollowMe,IvyCudgel,HornLeech|||F|||50|,,,,,Water]Dragonite||ChoiceBand|InnerFocus|AerialAce,ExtremeSpeed,IceSpinner,FirePunch|||F|||50|,,,,,Normal\n|showteam|p2|Ho-Oh||ClearAmulet|Regenerator|SacredFire,BraveBird,Tailwind,Protect||||||50|,,,,,Grass]Miraidon||LifeOrb|HadronEngine|ElectroDrift,VoltSwitch,DracoMeteor,Protect||||||50|,,,,,Electric]Farigiraf||ElectricSeed|ArmorTail|Psychic,FoulPlay,HelpingHand,TrickRoom|||F|||50|,,,,,Water]Iron Hands||AssaultVest|QuarkDrive|FakeOut,DrainPunch,WildCharge,VoltSwitch||||||50|,,,,,Bug]Ogerpon-Wellspring||WellspringMask|WaterAbsorb|IvyCudgel,WoodHammer,FollowMe,SpikyShield|||F|||50|,,,,,Water]Iron Treads||BoosterEnergy|QuarkDrive|Earthquake,IceSpinner,IronHead,SteelRoller||||||50|,,,,,Ground\n|inactive|Battle timer is ON: inactive players will automatically lose when time's up. (requested by Saffox)\n|j| acetrainerjuno\n|inactive|StarryEyedDetect has 60 seconds left.\n|\n|t:|1746045378\n|start\n|switch|p1a: Bloody Mary|Lunala, L50, shiny|100/100\n|switch|p1b: Winner|Incineroar, L50, F|100/100\n|switch|p2a: Ho-Oh|Ho-Oh, L50|100/100\n|switch|p2b: Miraidon|Miraidon, L50|100/100\n|-fieldstart|move: Electric Terrain|[from] ability: Hadron Engine|[of] p2b: Miraidon\n|-ability|p1b: Winner|Intimidate|boost\n|-fail|p2a: Ho-Oh|unboost|[from] item: Clear Amulet|[of] p2a: Ho-Oh\n|-unboost|p2b: Miraidon|atk|1\n|turn|1\n|inactive|Saffox has 30 seconds left.\n|inactive|StarryEyedDetect has 30 seconds left.\n|\n|t:|1746045410\n|switch|p2b: Ogerpon|Ogerpon-Wellspring, L50, F|100/100\n|-terastallize|p2a: Ho-Oh|Grass\n|move|p1b: Winner|Fake Out|p2a: Ho-Oh\n|-damage|p2a: Ho-Oh|91/100\n|cant|p2a: Ho-Oh|flinch\n|move|p1a: Bloody Mary|Trick Room|p1a: Bloody Mary\n|-fieldstart|move: Trick Room|[of] p1a: Bloody Mary\n|\n|upkeep\n|turn|2\n|inactive|Saffox has 30 seconds left.\n|\n|t:|1746045436\n|move|p2a: Ho-Oh|Protect|p2a: Ho-Oh\n|-singleturn|p2a: Ho-Oh|Protect\n|move|p1b: Winner|Flare Blitz|p2a: Ho-Oh\n|-activate|p2a: Ho-Oh|move: Protect\n|move|p1a: Bloody Mary|Meteor Beam||[still]\n|-prepare|p1a: Bloody Mary|Meteor Beam\n|-boost|p1a: Bloody Mary|spa|1\n|-enditem|p1a: Bloody Mary|Power Herb\n|-anim|p1a: Bloody Mary|Meteor Beam|p2b: Ogerpon\n|-damage|p2b: Ogerpon|22/100\n|move|p2b: Ogerpon|Ivy Cudgel|p1b: Winner|[anim] Ivy Cudgel Water\n|-supereffective|p1b: Winner\n|-damage|p1b: Winner|7/100\n|\n|upkeep\n|turn|3\n|inactive|StarryEyedDetect has 30 seconds left.\n|\n|t:|1746045467\n|move|p2b: Ogerpon|Spiky Shield|p2b: Ogerpon\n|-singleturn|p2b: Ogerpon|move: Protect\n|move|p1b: Winner|Flare Blitz|p2a: Ho-Oh\n|-supereffective|p2a: Ho-Oh\n|-damage|p2a: Ho-Oh|5/100\n|-damage|p1b: Winner|0 fnt|[from] Recoil\n|faint|p1b: Winner\n|move|p1a: Bloody Mary|Moongeist Beam|p2b: Ogerpon\n|-activate|p2b: Ogerpon|move: Protect\n|move|p2a: Ho-Oh|Sacred Fire|p1a: Bloody Mary\n|-damage|p1a: Bloody Mary|80/100\n|\n|upkeep\n|\n|t:|1746045487\n|switch|p1b: Speedy Gonzales|Dragonite, L50, F|100/100\n|turn|4\n|inactive|StarryEyedDetect has 30 seconds left.\n|\n|t:|1746045513\n|switch|p2a: Iron Treads|Iron Treads, L50|100/100\n|-activate|p2a: Iron Treads|ability: Quark Drive\n|-start|p2a: Iron Treads|quarkdriveatk\n|-terastallize|p1b: Speedy Gonzales|Normal\n|move|p2b: Ogerpon|Spiky Shield||[still]\n|-fail|p2b: Ogerpon\n|move|p1b: Speedy Gonzales|Extreme Speed|p2a: Iron Treads\n|-resisted|p2a: Iron Treads\n|-damage|p2a: Iron Treads|68/100\n|move|p1a: Bloody Mary|Moongeist Beam|p2b: Ogerpon\n|-damage|p2b: Ogerpon|0 fnt\n|faint|p2b: Ogerpon\n|\n|upkeep\n|\n|t:|1746045528\n|switch|p2b: Miraidon|Miraidon, L50|100/100\n|-activate|p2b: Miraidon|ability: Hadron Engine\n|turn|5\n|\n|t:|1746045539\n|move|p2b: Miraidon|Protect|p2b: Miraidon\n|-singleturn|p2b: Miraidon|Protect\n|move|p1b: Speedy Gonzales|Extreme Speed|p2b: Miraidon\n|-activate|p2b: Miraidon|move: Protect\n|move|p1a: Bloody Mary|Moonblast|p2b: Miraidon\n|-activate|p2b: Miraidon|move: Protect\n|move|p2a: Iron Treads|Ice Spinner|p1b: Speedy Gonzales\n|-crit|p1b: Speedy Gonzales\n|-damage|p1b: Speedy Gonzales|50/100\n|-fieldend|move: Electric Terrain\n|-end|p2a: Iron Treads|Quark Drive\n|-enditem|p2a: Iron Treads|Booster Energy\n|-activate|p2a: Iron Treads|ability: Quark Drive|[fromitem]\n|-start|p2a: Iron Treads|quarkdriveatk\n|\n|-fieldend|move: Trick Room\n|upkeep\n|turn|6\n|\n|t:|1746045562\n|move|p1b: Speedy Gonzales|Extreme Speed|p2b: Miraidon\n|-damage|p2b: Miraidon|32/100\n|move|p2b: Miraidon|Draco Meteor|p1a: Bloody Mary\n|-damage|p1a: Bloody Mary|26/100\n|-unboost|p2b: Miraidon|spa|2\n|-damage|p2b: Miraidon|22/100|[from] item: Life Orb\n|move|p2a: Iron Treads|Ice Spinner|p1b: Speedy Gonzales\n|-damage|p1b: Speedy Gonzales|19/100\n|move|p1a: Bloody Mary|Moonblast|p2b: Miraidon\n|-supereffective|p2b: Miraidon\n|-damage|p2b: Miraidon|0 fnt\n|faint|p2b: Miraidon\n|\n|upkeep\n|\n|t:|1746045576\n|switch|p2b: Ho-Oh|Ho-Oh, L50, tera:Grass|39/100\n|turn|7\n|inactive|Saffox has 30 seconds left.\n|inactive|StarryEyedDetect has 30 seconds left.\n|\n|t:|1746045609\n|move|p1b: Speedy Gonzales|Extreme Speed|p2a: Iron Treads\n|-resisted|p2a: Iron Treads\n|-damage|p2a: Iron Treads|35/100\n|move|p2a: Iron Treads|Iron Head|p1a: Bloody Mary\n|-damage|p1a: Bloody Mary|0 fnt\n|faint|p1a: Bloody Mary\n|move|p2b: Ho-Oh|Tailwind|p2b: Ho-Oh\n|-sidestart|p2: StarryEyedDetect|move: Tailwind\n|\n|upkeep\n|l| acetrainerjuno\n|\n|t:|1746045617\n|switch|p1a: Godzilla|Groudon, L50|100/100\n|-weather|SunnyDay|[from] ability: Drought|[of] p1a: Godzilla\n|turn|8\n|inactive|Saffox has 30 seconds left.\n|\n|t:|1746045651\n|move|p2b: Ho-Oh|Protect|p2b: Ho-Oh\n|-singleturn|p2b: Ho-Oh|Protect\n|move|p1b: Speedy Gonzales|Extreme Speed|p2b: Ho-Oh\n|-activate|p2b: Ho-Oh|move: Protect\n|move|p2a: Iron Treads|Ice Spinner|p1b: Speedy Gonzales\n|-damage|p1b: Speedy Gonzales|0 fnt\n|faint|p1b: Speedy Gonzales\n|move|p1a: Godzilla|Stomping Tantrum|p2a: Iron Treads\n|-supereffective|p2a: Iron Treads\n|-damage|p2a: Iron Treads|0 fnt\n|faint|p2a: Iron Treads\n|-end|p2a: Iron Treads|Quark Drive|[silent]\n|\n|-weather|SunnyDay|[upkeep]\n|upkeep\n|turn|9\n|\n|t:|1746045666\n|move|p2b: Ho-Oh|Sacred Fire|p1a: Godzilla\n|-damage|p1a: Godzilla|43/100\n|move|p1a: Godzilla|Heat Crash|p2b: Ho-Oh\n|-supereffective|p2b: Ho-Oh\n|-damage|p2b: Ho-Oh|0 fnt\n|faint|p2b: Ho-Oh\n|\n|win|Saffox\n|raw|Saffox's rating: 1113 &rarr; <strong>1130</strong><br />(+17 for winning)\n|raw|StarryEyedDetect's rating: 1000 &rarr; <strong>1000</strong><br />(+0 for losing)\n|l|\u2606Saffox\n|player|p1|\n", "uploadtime": 1746045678, "views": 9, "formatid": "gen9vgc2025regibo3", "rating": 1000, "private": 0, "password": null}