{"id": "gen9vgc2025regibo3-2354622403", "format": "[Gen 9] VGC 2025 Reg I (Bo3)", "players": ["aloneamongamongus", "MarceloCe13"], "log": "|j|\u2606aloneamongamongus\n|j|\u2606MarceloCe13\n|html|<table width=\"100%\"><tr><td align=\"left\">aloneamongamongus</td><td align=\"right\">MarceloCe13</tr><tr><td align=\"left\"><i class=\"fa fa-circle-o\"></i> <i class=\"fa fa-circle-o\"></i> </td><td align=\"right\"><i class=\"fa fa-circle-o\"></i> <i class=\"fa fa-circle\"></i> </tr></table>\n|uhtml|bestof|<h2><strong>Game 2</strong> of <a href=\"/game-bestof3-gen9vgc2025regibo3-2354617907\">a best-of-3</a></h2>\n|t:|1746104004\n|gametype|doubles\n|player|p1|aloneamongamongus|ghetsis|1155\n|player|p2|MarceloCe13|169|1179\n|teamsize|p1|6\n|teamsize|p2|6\n|gen|9\n|tier|[Gen 9] VGC 2025 Reg I (Bo3)\n|rated|\n|rule|Species Clause: Limit one of each Pok\u00e9mon\n|rule|Item Clause: Limit 1 of each item\n|clearpoke\n|poke|p1|Terapagos, L50, M|\n|poke|p1|Calyrex-Shadow, L50|\n|poke|p1|Incineroar, L50, M|\n|poke|p1|Rillaboom, L50, F|\n|poke|p1|Amoonguss, L50, F|\n|poke|p1|Urshifu-*, L50, F|\n|poke|p2|Miraidon, L50|\n|poke|p2|Calyrex-Ice, L50|\n|poke|p2|Iron Hands, L50|\n|poke|p2|Farigiraf, L50, M|\n|poke|p2|Ogerpon-Cornerstone, L50, F|\n|poke|p2|Incineroar, L50, F|\n|teampreview|4\n|showteam|p1|Terapagos||Leftovers|TeraShift|TeraStarstorm,EarthPower,CalmMind,Protect|||M|||50|,,,,,Stellar]Calyrex-Shadow||FocusSash|AsOneSpectrier|AstralBarrage,WillOWisp,Disable,Protect||||||50|,,,,,Dark]Incineroar||SafetyGoggles|Intimidate|FakeOut,KnockOff,PartingShot,WillOWisp|||M|||50|,,,,,Ghost]Rillaboom||AssaultVest|GrassySurge|FakeOut,GrassyGlide,WoodHammer,Uturn|||F|||50|,,,,,Fire]Amoonguss||RockyHelmet|Regenerator|Spore,RagePowder,SludgeBomb,Protect|||F|||50|,,,,,Water]Urshifu-Rapid-Strike||ChoiceScarf|UnseenFist|SurgingStrikes,AquaJet,CloseCombat,Uturn|||F|||50|,,,,,Water\n|showteam|p2|Miraidon||ChoiceSpecs|HadronEngine|ElectroDrift,DracoMeteor,VoltSwitch,DazzlingGleam||||||50|,,,,,Fairy]Calyrex-Ice||ClearAmulet|AsOneGlastrier|GlacialLance,HighHorsepower,TrickRoom,Protect||||||50|,,,,,Water]Iron Hands||AssaultVest|QuarkDrive|DrainPunch,LowKick,WildCharge,FakeOut||||||50|,,,,,Bug]Farigiraf||ElectricSeed|ArmorTail|FoulPlay,PsychicNoise,TrickRoom,HelpingHand|||M|||50|,,,,,Water]Ogerpon-Cornerstone||CornerstoneMask|Sturdy|IvyCudgel,Encore,FollowMe,SpikyShield|||F|||50|,,,,,Rock]Incineroar||RockyHelmet|Intimidate|KnockOff,FakeOut,WillOWisp,PartingShot|||F|||50|,,,,,Bug\n|inactive|Battle timer is ON: inactive players will automatically lose when time's up. (requested by aloneamongamongus)\n|\n|t:|1746104030\n|start\n|switch|p1a: Calyrex|Calyrex-Shadow, L50|100/100\n|switch|p1b: Rillaboom|Rillaboom, L50, F|100/100\n|switch|p2a: Calyrex|Calyrex-Ice, L50|100/100\n|switch|p2b: Incineroar|Incineroar, L50, F|100/100\n|-ability|p1a: Calyrex|As One\n|-ability|p1a: Calyrex|Unnerve\n|-ability|p2a: Calyrex|As One\n|-ability|p2a: Calyrex|Unnerve\n|-fieldstart|move: Grassy Terrain|[from] ability: Grassy Surge|[of] p1b: Rillaboom\n|-ability|p2b: Incineroar|Intimidate|boost\n|-unboost|p1a: Calyrex|atk|1\n|-unboost|p1b: Rillaboom|atk|1\n|turn|1\n|inactive|aloneamongamongus has 30 seconds left.\n|inactive|MarceloCe13 has 30 seconds left.\n|inactive|aloneamongamongus has 20 seconds left.\n|inactive|MarceloCe13 has 20 seconds left.\n|inactive|aloneamongamongus has 15 seconds left.\n|inactive|MarceloCe13 has 15 seconds left.\n|\n|t:|1746104072\n|switch|p2b: Farigiraf|Farigiraf, L50, M|100/100\n|-terastallize|p2a: Calyrex|Water\n|move|p1b: Rillaboom|Fake Out||[still]\n|cant|p2b: Farigiraf|ability: Armor Tail|Fake Out|[of] p1b: Rillaboom\n|move|p1a: Calyrex|Astral Barrage|p2b: Farigiraf|[spread] p2a\n|-immune|p2b: Farigiraf\n|-damage|p2a: Calyrex|64/100\n|move|p2a: Calyrex|Trick Room|p2a: Calyrex\n|-fieldstart|move: Trick Room|[of] p2a: Calyrex\n|\n|-heal|p2a: Calyrex|70/100|[from] Grassy Terrain\n|upkeep\n|turn|2\n|inactive|aloneamongamongus has 30 seconds left.\n|inactive|MarceloCe13 has 30 seconds left.\n|inactive|aloneamongamongus has 20 seconds left.\n|inactive|MarceloCe13 has 20 seconds left.\n|inactive|MarceloCe13 has 15 seconds left.\n|inactive|MarceloCe13 has 10 seconds left.\n|inactive|MarceloCe13 has 5 seconds left.\n|\n|t:|1746104130\n|switch|p1a: Incineroar|Incineroar, L50, M|100/100\n|-ability|p1a: Incineroar|Intimidate|boost\n|-fail|p2a: Calyrex|unboost|[from] item: Clear Amulet|[of] p2a: Calyrex\n|-unboost|p2b: Farigiraf|atk|1\n|-terastallize|p1b: Rillaboom|Fire\n|move|p2a: Calyrex|Protect|p2a: Calyrex\n|-singleturn|p2a: Calyrex|Protect\n|move|p2b: Farigiraf|Psychic Noise|p1b: Rillaboom\n|-damage|p1b: Rillaboom|82/100\n|-start|p1b: Rillaboom|move: Heal Block\n|move|p1b: Rillaboom|U-turn|p2a: Calyrex\n|-activate|p2a: Calyrex|move: Protect\n|\n|-heal|p2a: Calyrex|76/100|[from] Grassy Terrain\n|upkeep\n|turn|3\n|inactive|aloneamongamongus has 30 seconds left.\n|inactive|MarceloCe13 has 30 seconds left.\n|inactive|aloneamongamongus has 20 seconds left.\n|inactive|MarceloCe13 has 20 seconds left.\n|inactive|aloneamongamongus has 15 seconds left.\n|inactive|aloneamongamongus has 10 seconds left.\n|inactive|aloneamongamongus has 5 seconds left.\n|\n|t:|1746104182\n|switch|p2a: Incineroar|Incineroar, L50, F|100/100\n|-ability|p2a: Incineroar|Intimidate|boost\n|-unboost|p1a: Incineroar|atk|1\n|-unboost|p1b: Rillaboom|atk|1\n|switch|p2b: Iron Hands|Iron Hands, L50|100/100\n|move|p1a: Incineroar|Knock Off|p2a: Incineroar\n|-resisted|p2a: Incineroar\n|-damage|p2a: Incineroar|90/100\n|-damage|p1a: Incineroar|84/100|[from] item: Rocky Helmet|[of] p2a: Incineroar\n|-enditem|p2a: Incineroar|Rocky Helmet|[from] move: Knock Off|[of] p1a: Incineroar\n|move|p1b: Rillaboom|U-turn|p2a: Incineroar\n|-damage|p2a: Incineroar|80/100\n|inactive|aloneamongamongus has 30 seconds left.\n|\n|t:|1746104213\n|switch|p1b: Terapagos|Terapagos, L50, M|100/100|[from] U-turn\n|-activate|p1b: Terapagos|ability: Tera Shift\n|detailschange|p1b: Terapagos|Terapagos-Terastal, L50, M\n|-heal|p1b: Terapagos|100/100|[silent]\n|\n|-heal|p1a: Incineroar|90/100|[from] Grassy Terrain\n|-heal|p2a: Incineroar|86/100|[from] Grassy Terrain\n|upkeep\n|turn|4\n|inactive|aloneamongamongus has 30 seconds left.\n|inactive|MarceloCe13 has 30 seconds left.\n|inactive|aloneamongamongus has 20 seconds left.\n|inactive|MarceloCe13 has 20 seconds left.\n|inactive|aloneamongamongus has 15 seconds left.\n|inactive|MarceloCe13 has 15 seconds left.\n|\n|t:|1746104255\n|switch|p1a: Rillaboom|Rillaboom, L50, F, tera:Fire|82/100\n|move|p2b: Iron Hands|Wild Charge|p1a: Rillaboom\n|-damage|p1a: Rillaboom|34/100\n|-damage|p2b: Iron Hands|90/100|[from] Recoil\n|move|p2a: Incineroar|Parting Shot|p1a: Rillaboom\n|-unboost|p1a: Rillaboom|atk|1\n|-unboost|p1a: Rillaboom|spa|1\n|\n|t:|1746104263\n|switch|p2a: Calyrex|Calyrex-Ice, L50, tera:Water|76/100|[from] Parting Shot\n|-ability|p2a: Calyrex|As One\n|-ability|p2a: Calyrex|Unnerve\n|move|p1b: Terapagos|Calm Mind|p1b: Terapagos\n|-boost|p1b: Terapagos|spa|1\n|-boost|p1b: Terapagos|spd|1\n|\n|-heal|p2b: Iron Hands|96/100|[from] Grassy Terrain\n|-heal|p2a: Calyrex|82/100|[from] Grassy Terrain\n|-heal|p1a: Rillaboom|40/100|[from] Grassy Terrain\n|upkeep\n|turn|5\n|inactive|aloneamongamongus has 30 seconds left.\n|inactive|aloneamongamongus has 20 seconds left.\n|inactive|aloneamongamongus has 15 seconds left.\n|inactive|aloneamongamongus has 10 seconds left.\n|inactive|aloneamongamongus has 5 seconds left.\n|\n|t:|1746104313\n|-end|p2b: Iron Hands|Quark Drive|[silent]\n|switch|p2b: Farigiraf|Farigiraf, L50, M|100/100\n|switch|p1a: Incineroar|Incineroar, L50, M|90/100\n|-ability|p1a: Incineroar|Intimidate|boost\n|-fail|p2a: Calyrex|unboost|[from] item: Clear Amulet|[of] p2a: Calyrex\n|-unboost|p2b: Farigiraf|atk|1\n|move|p2a: Calyrex|High Horsepower|p1a: Incineroar\n|-supereffective|p1a: Incineroar\n|-damage|p1a: Incineroar|25/100\n|move|p1b: Terapagos|Tera Starstorm|p2a: Calyrex\n|-damage|p2a: Calyrex|34/100\n|\n|-heal|p2a: Calyrex|40/100|[from] Grassy Terrain\n|-heal|p1a: Incineroar|31/100|[from] Grassy Terrain\n|-fieldend|move: Trick Room\n|-fieldend|move: Grassy Terrain\n|upkeep\n|turn|6\n|inactive|aloneamongamongus has 30 seconds left.\n|inactive|MarceloCe13 has 30 seconds left.\n|inactive|aloneamongamongus has 20 seconds left.\n|inactive|MarceloCe13 has 20 seconds left.\n|inactive|aloneamongamongus has 15 seconds left.\n|inactive|MarceloCe13 has 15 seconds left.\n|inactive|aloneamongamongus has 10 seconds left.\n|inactive|MarceloCe13 has 10 seconds left.\n|inactive|aloneamongamongus has 5 seconds left.\n|inactive|MarceloCe13 has 5 seconds left.\n|\n|t:|1746104367\n|switch|p2a: Iron Hands|Iron Hands, L50|96/100\n|move|p1b: Terapagos|Tera Starstorm|p2b: Farigiraf\n|-damage|p2b: Farigiraf|34/100\n|move|p1a: Incineroar|Will-O-Wisp|p2a: Iron Hands\n|-status|p2a: Iron Hands|brn\n|move|p2b: Farigiraf|Trick Room|p2b: Farigiraf\n|-fieldstart|move: Trick Room|[of] p2b: Farigiraf\n|\n|-damage|p2a: Iron Hands|90/100 brn|[from] brn\n|upkeep\n|turn|7\n|inactive|aloneamongamongus has 30 seconds left.\n|inactive|aloneamongamongus has 20 seconds left.\n|inactive|aloneamongamongus has 15 seconds left.\n|inactive|aloneamongamongus has 10 seconds left.\n|inactive|MarceloCe13 has 30 seconds left.\n|\n|t:|1746104415\n|switch|p1a: Rillaboom|Rillaboom, L50, F, tera:Fire|40/100\n|-fieldstart|move: Grassy Terrain|[from] ability: Grassy Surge|[of] p1a: Rillaboom\n|move|p2a: Iron Hands|Wild Charge|p1a: Rillaboom\n|-damage|p1a: Rillaboom|15/100\n|-damage|p2a: Iron Hands|84/100 brn|[from] Recoil\n|move|p2b: Farigiraf|Psychic Noise|p1b: Terapagos\n|-activate|p1b: Terapagos|ability: Tera Shell\n|-resisted|p1b: Terapagos\n|-damage|p1b: Terapagos|93/100\n|-start|p1b: Terapagos|move: Heal Block\n|move|p1b: Terapagos|Earth Power|p2a: Iron Hands\n|-supereffective|p2a: Iron Hands\n|-damage|p2a: Iron Hands|47/100 brn\n|\n|-heal|p2a: Iron Hands|53/100 brn|[from] Grassy Terrain\n|-heal|p2b: Farigiraf|40/100|[from] Grassy Terrain\n|-heal|p1a: Rillaboom|21/100|[from] Grassy Terrain\n|-damage|p2a: Iron Hands|47/100 brn|[from] brn\n|upkeep\n|turn|8\n|inactive|aloneamongamongus has 30 seconds left.\n|inactive|MarceloCe13 has 30 seconds left.\n|inactive|aloneamongamongus has 20 seconds left.\n|inactive|MarceloCe13 has 20 seconds left.\n|inactive|aloneamongamongus has 15 seconds left.\n|inactive|MarceloCe13 has 15 seconds left.\n|inactive|aloneamongamongus has 10 seconds left.\n|inactive|MarceloCe13 has 10 seconds left.\n|inactive|MarceloCe13 has 5 seconds left.\n|\n|t:|1746104466\n|move|p2b: Farigiraf|Helping Hand|p2a: Iron Hands\n|-singleturn|p2a: Iron Hands|Helping Hand|[of] p2b: Farigiraf\n|move|p2a: Iron Hands|Drain Punch|p1a: Rillaboom\n|-damage|p1a: Rillaboom|0 fnt\n|-heal|p2a: Iron Hands|56/100 brn|[from] drain|[of] p1a: Rillaboom\n|faint|p1a: Rillaboom\n|move|p1b: Terapagos|Tera Starstorm|p2b: Farigiraf\n|-damage|p2b: Farigiraf|0 fnt\n|faint|p2b: Farigiraf\n|\n|-heal|p2a: Iron Hands|62/100 brn|[from] Grassy Terrain\n|-damage|p2a: Iron Hands|56/100 brn|[from] brn\n|-end|p1b: Terapagos|move: Heal Block\n|upkeep\n|inactive|aloneamongamongus has 30 seconds left.\n|\n|t:|1746104491\n|switch|p2b: Calyrex|Calyrex-Ice, L50, tera:Water|40/100\n|switch|p1a: Incineroar|Incineroar, L50, M|31/100\n|-ability|p2b: Calyrex|As One\n|-ability|p2b: Calyrex|Unnerve\n|-ability|p1a: Incineroar|Intimidate|boost\n|-unboost|p2a: Iron Hands|atk|1\n|-fail|p2b: Calyrex|unboost|[from] item: Clear Amulet|[of] p2b: Calyrex\n|turn|9\n|inactive|aloneamongamongus has 30 seconds left this turn.\n|inactive|aloneamongamongus has 20 seconds left.\n|inactive|aloneamongamongus has 15 seconds left.\n|inactive|aloneamongamongus has 10 seconds left.\n|inactive|aloneamongamongus has 5 seconds left.\n|inactive|MarceloCe13 has 30 seconds left.\n|\n|t:|1746104525\n|move|p1a: Incineroar|Fake Out|p2b: Calyrex\n|-damage|p2b: Calyrex|33/100\n|cant|p2b: Calyrex|flinch\n|move|p2a: Iron Hands|Drain Punch|p1b: Terapagos\n|-supereffective|p1b: Terapagos\n|-damage|p1b: Terapagos|72/100\n|-heal|p2a: Iron Hands|65/100 brn|[from] drain|[of] p1b: Terapagos\n|move|p1b: Terapagos|Earth Power|p2a: Iron Hands\n|-supereffective|p2a: Iron Hands\n|-damage|p2a: Iron Hands|31/100 brn\n|\n|-heal|p2b: Calyrex|39/100|[from] Grassy Terrain\n|-heal|p2a: Iron Hands|37/100 brn|[from] Grassy Terrain\n|-heal|p1a: Incineroar|37/100|[from] Grassy Terrain\n|-heal|p1b: Terapagos|78/100|[from] Grassy Terrain\n|-heal|p1b: Terapagos|84/100|[from] item: Leftovers\n|-damage|p2a: Iron Hands|31/100 brn|[from] brn\n|upkeep\n|turn|10\n|inactive|aloneamongamongus has 5 seconds left this turn.\n|inactive|MarceloCe13 has 30 seconds left.\n|\n|t:|1746104557\n|move|p1b: Terapagos|Protect|p1b: Terapagos\n|-singleturn|p1b: Terapagos|Protect\n|move|p2b: Calyrex|High Horsepower|p1a: Incineroar\n|-supereffective|p1a: Incineroar\n|-damage|p1a: Incineroar|0 fnt\n|faint|p1a: Incineroar\n|-ability|p2b: Calyrex|Chilling Neigh|boost\n|-boost|p2b: Calyrex|atk|1\n|move|p2a: Iron Hands|Drain Punch|p1b: Terapagos\n|-activate|p1b: Terapagos|move: Protect\n|\n|-heal|p2b: Calyrex|44/100|[from] Grassy Terrain\n|-heal|p2a: Iron Hands|37/100 brn|[from] Grassy Terrain\n|-heal|p1b: Terapagos|91/100|[from] Grassy Terrain\n|-heal|p1b: Terapagos|97/100|[from] item: Leftovers\n|-damage|p2a: Iron Hands|31/100 brn|[from] brn\n|-fieldend|move: Trick Room\n|upkeep\n|inactive|aloneamongamongus has 5 seconds left this turn.\n|inactive|MarceloCe13 has 30 seconds left this turn.\n|\n|t:|1746104559\n|switch|p1a: Calyrex|Calyrex-Shadow, L50|100/100\n|-ability|p1a: Calyrex|As One\n|-ability|p1a: Calyrex|Unnerve\n|turn|11\n|inactive|aloneamongamongus has 5 seconds left this turn.\n|inactive|MarceloCe13 has 30 seconds left this turn.\n|inactive|MarceloCe13 has 20 seconds left.\n|inactive|MarceloCe13 has 15 seconds left.\n|inactive|MarceloCe13 has 10 seconds left.\n|\n|t:|1746104581\n|move|p2b: Calyrex|Protect|p2b: Calyrex\n|-singleturn|p2b: Calyrex|Protect\n|move|p1a: Calyrex|Astral Barrage|p2b: Calyrex|[spread] p2a\n|-activate|p2b: Calyrex|move: Protect\n|-damage|p2a: Iron Hands|4/100 brn\n|move|p1b: Terapagos|Tera Starstorm|p2b: Calyrex\n|-activate|p2b: Calyrex|move: Protect\n|move|p2a: Iron Hands|Drain Punch|p1b: Terapagos\n|-supereffective|p1b: Terapagos\n|-damage|p1b: Terapagos|74/100\n|-heal|p2a: Iron Hands|13/100 brn|[from] drain|[of] p1b: Terapagos\n|\n|-heal|p1b: Terapagos|81/100|[from] Grassy Terrain\n|-heal|p1b: Terapagos|87/100|[from] item: Leftovers\n|-heal|p2a: Iron Hands|19/100 brn|[from] Grassy Terrain\n|-heal|p2b: Calyrex|50/100|[from] Grassy Terrain\n|-damage|p2a: Iron Hands|13/100 brn|[from] brn\n|-fieldend|move: Grassy Terrain\n|upkeep\n|turn|12\n|inactive|aloneamongamongus has 5 seconds left this turn.\n|inactive|MarceloCe13 has 10 seconds left this turn.\n|inactive|MarceloCe13 has 5 seconds left.\n|-message|MarceloCe13 lost due to inactivity.\n|\n|win|aloneamongamongus\n||aloneamongamongus is ready for game 3.\n|inactive|MarceloCe13 has 30 seconds to confirm battle start!\n", "uploadtime": 1746104601, "views": 9, "formatid": "gen9vgc2025regibo3", "rating": null, "private": 0, "password": null}