{"id": "gen9vgc2025regibo3-2354058830", "format": "[Gen 9] VGC 2025 Reg I (Bo3)", "players": ["udilson", "Galletitas Coquis"], "log": "|j|\u2606udilson\n|j|\u2606Galletitas Coquis\n|html|<table width=\"100%\"><tr><td align=\"left\">udilson</td><td align=\"right\">Galletitas Coquis</tr><tr><td align=\"left\"><i class=\"fa fa-circle-o\"></i> <i class=\"fa fa-circle-o\"></i> </td><td align=\"right\"><i class=\"fa fa-circle-o\"></i> <i class=\"fa fa-circle-o\"></i> </tr></table>\n|uhtml|bestof|<h2><strong>Game 1</strong> of <a href=\"/game-bestof3-gen9vgc2025regibo3-2354058828\">a best-of-3</a></h2>\n|t:|1746031321\n|gametype|doubles\n|player|p1|udilson|nate|1029\n|player|p2|Galletitas Coquis|pryce|1133\n|teamsize|p1|6\n|teamsize|p2|6\n|gen|9\n|tier|[Gen 9] VGC 2025 Reg I (Bo3)\n|rated|\n|rule|Species Clause: Limit one of each Pok\u00e9mon\n|rule|Item Clause: Limit 1 of each item\n|clearpoke\n|poke|p1|Charizard, L50, F|\n|poke|p1|Registeel, L50|\n|poke|p1|Malamar, L50, F|\n|poke|p1|Clawitzer, L50, M|\n|poke|p1|Florges, L50, F|\n|poke|p1|Trevenant, L50, F|\n|poke|p2|Lunala, L50|\n|poke|p2|Rillaboom, L50, F|\n|poke|p2|Ogerpon-Hearthflame, L50, F|\n|poke|p2|Groudon, L50|\n|poke|p2|Grimmsnarl, L50, M|\n|poke|p2|Iron Bundle, L50|\n|teampreview|4\n|showteam|p1|Charizard||ClearAmulet|Blaze|AirSlash,HeatWave,WillOWisp,DragonPulse|||F|||50|,,,,,Dragon]Registeel||RockyHelmet|ClearBody|IronHead,BodyPress,ThunderWave,Protect||||||50|,,,,,Fairy]Malamar||MentalHerb|Contrary|Superpower,KnockOff,SkillSwap,TrickRoom|||F|||50|,,,,,Poison]Clawitzer||AssaultVest|MegaLauncher|MuddyWater,AuraSphere,DarkPulse,IceBeam|||M|||50|,,,,,Water]Florges||Leftovers|FlowerVeil|DazzlingGleam,Wish,Protect,HelpingHand|||F|||50|,,,,,Fairy]Trevenant||SitrusBerry|Harvest|HornLeech,LeechSeed,Protect,WillOWisp|||F|||50|,,,,,Ghost\n|showteam|p2|Lunala||PowerHerb|ShadowShield|MoongeistBeam,MeteorBeam,TrickRoom,WideGuard||||||50|,,,,,Fairy]Rillaboom||AssaultVest|GrassySurge|DrumBeating,GrassyGlide,Uturn,FakeOut|||F|||50|,,,,,Fire]Ogerpon-Hearthflame||HearthflameMask|MoldBreaker|SpikyShield,IvyCudgel,WoodHammer,FollowMe|||F|||50|,,,,,Fire]Groudon||ClearAmulet|Drought|Protect,PrecipiceBlades,HighHorsepower,HeatCrash||||||50|,,,,,Fire]Grimmsnarl||LightClay|Prankster|FoulPlay,Reflect,LightScreen,ThunderWave|||M|||50|,,,,,Ghost]Iron Bundle||FocusSash|QuarkDrive|Protect,FreezeDry,IcyWind,Encore||||||50|,,,,,Ghost\n|\n|t:|1746031371\n|start\n|switch|p1a: Registeel|Registeel, L50|100/100\n|switch|p1b: Malamar|Malamar, L50, F|100/100\n|switch|p2a: Grimmsnarl|Grimmsnarl, L50, M|100/100\n|switch|p2b: Groudon|Groudon, L50|100/100\n|-weather|SunnyDay|[from] ability: Drought|[of] p2b: Groudon\n|turn|1\n|\n|t:|1746031397\n|-terastallize|p1a: Registeel|Fairy\n|move|p2a: Grimmsnarl|Reflect|p2a: Grimmsnarl\n|-sidestart|p2: Galletitas Coquis|Reflect\n|move|p2b: Groudon|Precipice Blades|p1a: Registeel|[spread] p1a,p1b\n|-damage|p1a: Registeel|68/100\n|-damage|p1b: Malamar|44/100\n|move|p1a: Registeel|Iron Head|p2a: Grimmsnarl\n|-supereffective|p2a: Grimmsnarl\n|-damage|p2a: Grimmsnarl|76/100\n|move|p1b: Malamar|Trick Room|p1b: Malamar\n|-fieldstart|move: Trick Room|[of] p1b: Malamar\n|\n|-weather|SunnyDay|[upkeep]\n|upkeep\n|turn|2\n|\n|t:|1746031441\n|move|p1a: Registeel|Protect|p1a: Registeel\n|-singleturn|p1a: Registeel|Protect\n|move|p2a: Grimmsnarl|Thunder Wave|p1a: Registeel\n|-activate|p1a: Registeel|move: Protect\n|move|p1b: Malamar|Superpower|p2b: Groudon\n|-damage|p2b: Groudon|90/100\n|-boost|p1b: Malamar|atk|1\n|-boost|p1b: Malamar|def|1\n|move|p2b: Groudon|Precipice Blades|p1b: Malamar|[spread] p1b\n|-activate|p1a: Registeel|move: Protect\n|-damage|p1b: Malamar|8/100\n|\n|-weather|SunnyDay|[upkeep]\n|upkeep\n|turn|3\n|\n|t:|1746031493\n|move|p1a: Registeel|Body Press|p2b: Groudon\n|-damage|p2b: Groudon|78/100\n|move|p2a: Grimmsnarl|Foul Play|p1b: Malamar\n|-damage|p1b: Malamar|0 fnt\n|faint|p1b: Malamar\n|move|p2b: Groudon|High Horsepower|p1a: Registeel\n|-damage|p1a: Registeel|31/100\n|-damage|p2b: Groudon|61/100|[from] item: Rocky Helmet|[of] p1a: Registeel\n|\n|-weather|SunnyDay|[upkeep]\n|upkeep\n|\n|t:|1746031509\n|switch|p1b: Charizard|Charizard, L50, F, shiny|100/100\n|turn|4\n|\n|t:|1746031521\n|move|p2b: Groudon|Protect|p2b: Groudon\n|-singleturn|p2b: Groudon|Protect\n|move|p2a: Grimmsnarl|Light Screen|p2a: Grimmsnarl\n|-sidestart|p2: Galletitas Coquis|move: Light Screen\n|move|p1a: Registeel|Body Press|p2b: Groudon\n|-activate|p2b: Groudon|move: Protect\n|move|p1b: Charizard|Heat Wave|p2b: Groudon|[spread] p2a\n|-activate|p2b: Groudon|move: Protect\n|-damage|p2a: Grimmsnarl|45/100\n|\n|-weather|SunnyDay|[upkeep]\n|upkeep\n|turn|5\n|\n|t:|1746031546\n|move|p1a: Registeel|Body Press|p2b: Groudon\n|-damage|p2b: Groudon|50/100\n|move|p2a: Grimmsnarl|Foul Play|p1b: Charizard\n|-crit|p1b: Charizard\n|-damage|p1b: Charizard|51/100\n|move|p2b: Groudon|Heat Crash|p1a: Registeel\n|-crit|p1a: Registeel\n|-damage|p1a: Registeel|0 fnt\n|-damage|p2b: Groudon|34/100|[from] item: Rocky Helmet|[of] p1a: Registeel\n|faint|p1a: Registeel\n|move|p1b: Charizard|Heat Wave|p2a: Grimmsnarl|[spread] p2a,p2b\n|-damage|p2a: Grimmsnarl|16/100\n|-damage|p2b: Groudon|3/100\n|\n|-weather|none\n|-fieldend|move: Trick Room\n|upkeep\n|\n|t:|1746031562\n|switch|p1a: Florges|Florges, L50, F|100/100\n|turn|6\n|\n|t:|1746031613\n|move|p1b: Charizard|Heat Wave|p2a: Grimmsnarl|[spread] p2a,p2b\n|-damage|p2a: Grimmsnarl|0 fnt\n|-damage|p2b: Groudon|0 fnt\n|faint|p2a: Grimmsnarl\n|faint|p2b: Groudon\n|move|p1a: Florges|Dazzling Gleam|p2: Grimmsnarl|[notarget]\n|-fail|p1a: Florges\n|\n|upkeep\n|\n|t:|1746031622\n|switch|p2b: Lunala|Lunala, L50|100/100\n|switch|p2a: Rillaboom|Rillaboom, L50, F|100/100\n|-fieldstart|move: Grassy Terrain|[from] ability: Grassy Surge|[of] p2a: Rillaboom\n|turn|7\n|\n|t:|1746031637\n|move|p1a: Florges|Helping Hand|p1b: Charizard\n|-singleturn|p1b: Charizard|Helping Hand|[of] p1a: Florges\n|move|p2a: Rillaboom|Fake Out|p1b: Charizard\n|-damage|p1b: Charizard|34/100\n|cant|p1b: Charizard|flinch\n|move|p2b: Lunala|Meteor Beam||[still]\n|-prepare|p2b: Lunala|Meteor Beam\n|-boost|p2b: Lunala|spa|1\n|-enditem|p2b: Lunala|Power Herb\n|-anim|p2b: Lunala|Meteor Beam|p1b: Charizard\n|-supereffective|p1b: Charizard\n|-damage|p1b: Charizard|0 fnt\n|faint|p1b: Charizard\n|\n|upkeep\n|turn|8\n|\n|t:|1746031654\n|move|p2a: Rillaboom|Drum Beating|p1a: Florges\n|-damage|p1a: Florges|62/100\n|-unboost|p1a: Florges|spe|1\n|move|p2b: Lunala|Moongeist Beam|p1a: Florges\n|-damage|p1a: Florges|8/100\n|move|p1a: Florges|Dazzling Gleam|p2b: Lunala|[spread] p2a,p2b\n|-damage|p2a: Rillaboom|88/100\n|-damage|p2b: Lunala|96/100\n|\n|-heal|p2a: Rillaboom|94/100|[from] Grassy Terrain\n|-heal|p2b: Lunala|100/100|[from] Grassy Terrain\n|-heal|p1a: Florges|14/100|[from] Grassy Terrain\n|-heal|p1a: Florges|20/100|[from] item: Leftovers\n|-sideend|p2: Galletitas Coquis|Reflect\n|upkeep\n|turn|9\n|\n|t:|1746031697\n|move|p1a: Florges|Protect|p1a: Florges\n|-singleturn|p1a: Florges|Protect\n|move|p2a: Rillaboom|Drum Beating|p1a: Florges\n|-activate|p1a: Florges|move: Protect\n|move|p2b: Lunala|Moongeist Beam|p1a: Florges\n|-activate|p1a: Florges|move: Protect\n|\n|-heal|p2a: Rillaboom|100/100|[from] Grassy Terrain\n|-heal|p1a: Florges|26/100|[from] Grassy Terrain\n|-heal|p1a: Florges|32/100|[from] item: Leftovers\n|upkeep\n|turn|10\n|\n|t:|1746031714\n|move|p2a: Rillaboom|Drum Beating|p1a: Florges\n|-damage|p1a: Florges|0 fnt\n|faint|p1a: Florges\n|\n|win|Galletitas Coquis\n|l|\u2606udilson\n|player|p1|\n|inactive|udilson has 30 seconds to confirm battle start!\n|inactive|Galletitas Coquis has 30 seconds to confirm battle start!\n||Galletitas Coquis is ready for game 2.\n|inactive|udilson has 20 seconds to confirm battle start!\n|inactive|udilson has 10 seconds to confirm battle start!\n|uhtml|next|Next: <a href=\"/battle-gen9vgc2025regibo3-2354063981\"><strong>Game 2 of 3</strong></a>\n", "uploadtime": 1746031882, "views": 9, "formatid": "gen9vgc2025regibo3", "rating": null, "private": 0, "password": null}