{"id": "gen9vgc2025regibo3-2354452095", "format": "[Gen 9] VGC 2025 Reg I (Bo3)", "players": ["Moonlight Flutter", "KingNeptuno"], "log": "|j|\u2606Moonlight Flutter\n|j|\u2606KingNeptuno\n|html|<table width=\"100%\"><tr><td align=\"left\">Moonlight Flutter</td><td align=\"right\">KingNeptuno</tr><tr><td align=\"left\"><i class=\"fa fa-circle-o\"></i> <i class=\"fa fa-circle-o\"></i> </td><td align=\"right\"><i class=\"fa fa-circle-o\"></i> <i class=\"fa fa-circle\"></i> </tr></table>\n|uhtml|bestof|<h2><strong>Game 2</strong> of <a href=\"/game-bestof3-gen9vgc2025regibo3-2354450031\">a best-of-3</a></h2>\n|t:|1746073695\n|gametype|doubles\n|player|p1|Moonlight Flutter|dawn-masters2|1312\n|player|p2|KingNeptuno|silver|1213\n|teamsize|p1|6\n|teamsize|p2|6\n|gen|9\n|tier|[Gen 9] VGC 2025 Reg I (Bo3)\n|rated|\n|rule|Species Clause: Limit one of each Pok\u00e9mon\n|rule|Item Clause: Limit 1 of each item\n|clearpoke\n|poke|p1|Miraidon, L50|\n|poke|p1|Calyrex-Ice, L50|\n|poke|p1|Roaring Moon, L50|\n|poke|p1|Volcarona, L50, F|\n|poke|p1|Urshifu-*, L50, M|\n|poke|p1|Amoonguss, L50, F|\n|poke|p2|Calyrex-Shadow, L50|\n|poke|p2|Lunala, L50|\n|poke|p2|Ogerpon-Cornerstone, L50, F|\n|poke|p2|Rillaboom, L50, M|\n|poke|p2|Incineroar, L50, F|\n|poke|p2|Okidogi, L50, M|\n|teampreview|4\n|showteam|p1|Miraidon||ChoiceSpecs|HadronEngine|ElectroDrift,DracoMeteor,DazzlingGleam,VoltSwitch||||||50|,,,,,Fairy]Calyrex-Ice||ClearAmulet|AsOneGlastrier|GlacialLance,HighHorsepower,TrickRoom,Protect||||||50|,,,,,Normal]Roaring Moon||BoosterEnergy|Protosynthesis|KnockOff,Acrobatics,Tailwind,Protect||||||50|,,,,,Flying]Volcarona||CovertCloak|FlameBody|BugBuzz,FieryDance,QuiverDance,Protect|||F|||50|,,,,,Dark]Urshifu-Rapid-Strike||ChoiceScarf|UnseenFist|SurgingStrikes,CloseCombat,Coaching,Uturn|||M|||50|,,,,,Water]Amoonguss||RockyHelmet|Regenerator|Spore,RagePowder,Protect,PollenPuff|||F|||50|,,,,,Water\n|showteam|p2|Calyrex-Shadow||LifeOrb|AsOneSpectrier|AstralBarrage,Psyshock,NastyPlot,Protect||||||50|,,,,,Water]Lunala||Leftovers|ShadowShield|MoongeistBeam,Moonblast,CalmMind,WideGuard||||||50|,,,,,Fairy]Ogerpon-Cornerstone||CornerstoneMask|Sturdy|IvyCudgel,FollowMe,HornLeech,SpikyShield|||F|||50|,,,,,Rock]Rillaboom||ChoiceBand|GrassySurge|WoodHammer,GrassyGlide,HighHorsepower,Uturn|||M|||50|,,,,,Fire]Incineroar||SafetyGoggles|Intimidate|FakeOut,FlareBlitz,WillOWisp,KnockOff|||F|||50|,,,,,Ghost]Okidogi||AssaultVest|GuardDog|CloseCombat,PoisonJab,KnockOff,UpperHand|||M|||50|,,,,,Dark\n|\n|t:|1746073717\n|start\n|switch|p1a: Miraidon|Miraidon, L50|100/100\n|switch|p1b: Urshifu|Urshifu-Rapid-Strike, L50, M|100/100\n|switch|p2a: Ogerpon|Ogerpon-Cornerstone, L50, F|100/100\n|switch|p2b: Lunala|Lunala, L50|100/100\n|-fieldstart|move: Electric Terrain|[from] ability: Hadron Engine|[of] p1a: Miraidon\n|turn|1\n|\n|t:|1746073733\n|move|p2a: Ogerpon|Follow Me|p2a: Ogerpon\n|-singleturn|p2a: Ogerpon|move: Follow Me\n|move|p1b: Urshifu|U-turn|p2a: Ogerpon\n|-supereffective|p2a: Ogerpon\n|-damage|p2a: Ogerpon|36/100\n|\n|t:|1746073738\n|switch|p1b: Volcarona|Volcarona, L50, F|100/100|[from] U-turn\n|move|p1a: Miraidon|Volt Switch|p2a: Ogerpon\n|-resisted|p2a: Ogerpon\n|-damage|p2a: Ogerpon|0 fnt\n|faint|p2a: Ogerpon\n|\n|t:|1746073747\n|switch|p1a: Roaring Moon|Roaring Moon, L50|100/100|[from] Volt Switch\n|-enditem|p1a: Roaring Moon|Booster Energy\n|-activate|p1a: Roaring Moon|ability: Protosynthesis|[fromitem]\n|-start|p1a: Roaring Moon|protosynthesisspe\n|move|p2b: Lunala|Calm Mind|p2b: Lunala\n|-boost|p2b: Lunala|spa|1\n|-boost|p2b: Lunala|spd|1\n|\n|upkeep\n|\n|t:|1746073754\n|switch|p2a: Rillaboom|Rillaboom, L50, M|100/100\n|-fieldstart|move: Grassy Terrain|[from] ability: Grassy Surge|[of] p2a: Rillaboom\n|turn|2\n|\n|t:|1746073766\n|-terastallize|p2b: Lunala|Fairy\n|move|p1a: Roaring Moon|Protect|p1a: Roaring Moon\n|-singleturn|p1a: Roaring Moon|Protect\n|move|p1b: Volcarona|Quiver Dance|p1b: Volcarona\n|-boost|p1b: Volcarona|spa|1\n|-boost|p1b: Volcarona|spd|1\n|-boost|p1b: Volcarona|spe|1\n|move|p2b: Lunala|Moonblast|p1a: Roaring Moon\n|-activate|p1a: Roaring Moon|move: Protect\n|move|p2a: Rillaboom|U-turn|p1a: Roaring Moon\n|-activate|p1a: Roaring Moon|move: Protect\n|\n|upkeep\n|turn|3\n|\n|t:|1746073794\n|move|p1a: Roaring Moon|Knock Off|p2b: Lunala\n|-resisted|p2b: Lunala\n|-damage|p2b: Lunala|91/100\n|-enditem|p2b: Lunala|Leftovers|[from] move: Knock Off|[of] p1a: Roaring Moon\n|move|p1b: Volcarona|Quiver Dance|p1b: Volcarona\n|-boost|p1b: Volcarona|spa|1\n|-boost|p1b: Volcarona|spd|1\n|-boost|p1b: Volcarona|spe|1\n|move|p2b: Lunala|Moonblast|p1a: Roaring Moon\n|-supereffective|p1a: Roaring Moon\n|-damage|p1a: Roaring Moon|0 fnt\n|faint|p1a: Roaring Moon\n|-end|p1a: Roaring Moon|Protosynthesis|[silent]\n|move|p2a: Rillaboom|U-turn|p1b: Volcarona\n|-resisted|p1b: Volcarona\n|-damage|p1b: Volcarona|81/100\n|-status|p2a: Rillaboom|brn|[from] ability: Flame Body|[of] p1b: Volcarona\n|\n|t:|1746073805\n|switch|p2a: Calyrex|Calyrex-Shadow, L50|100/100|[from] U-turn\n|-ability|p2a: Calyrex|As One\n|-ability|p2a: Calyrex|Unnerve\n|\n|-heal|p1b: Volcarona|87/100|[from] Grassy Terrain\n|-heal|p2b: Lunala|97/100|[from] Grassy Terrain\n|upkeep\n|\n|t:|1746073818\n|switch|p1a: Urshifu|Urshifu-Rapid-Strike, L50, M|100/100\n|turn|4\n|\n|t:|1746073836\n|-terastallize|p1a: Urshifu|Water\n|move|p1b: Volcarona|Fiery Dance|p2b: Lunala\n|-damage|p2b: Lunala|66/100\n|-boost|p1b: Volcarona|spa|1\n|move|p1a: Urshifu|Surging Strikes|p2b: Lunala\n|-crit|p2b: Lunala\n|-damage|p2b: Lunala|42/100\n|-crit|p2b: Lunala\n|-damage|p2b: Lunala|17/100\n|-crit|p2b: Lunala\n|-damage|p2b: Lunala|0 fnt\n|faint|p2b: Lunala\n|-hitcount|p2: Lunala|3\n|move|p2a: Calyrex|Astral Barrage|p1a: Urshifu|[spread] p1a,p1b\n|-damage|p1a: Urshifu|4/100\n|-damage|p1b: Volcarona|56/100\n|-damage|p2a: Calyrex|91/100|[from] item: Life Orb\n|\n|-heal|p1b: Volcarona|62/100|[from] Grassy Terrain\n|-heal|p1a: Urshifu|11/100|[from] Grassy Terrain\n|-heal|p2a: Calyrex|97/100|[from] Grassy Terrain\n|upkeep\n|\n|t:|1746073841\n|switch|p2b: Rillaboom|Rillaboom, L50, M|100/100 brn\n|turn|5\n|\n|t:|1746073859\n|move|p1b: Volcarona|Bug Buzz|p2a: Calyrex\n|-damage|p2a: Calyrex|0 fnt\n|faint|p2a: Calyrex\n|move|p1a: Urshifu|Surging Strikes|p2b: Rillaboom\n|-resisted|p2b: Rillaboom\n|-crit|p2b: Rillaboom\n|-damage|p2b: Rillaboom|88/100 brn\n|-resisted|p2b: Rillaboom\n|-crit|p2b: Rillaboom\n|-damage|p2b: Rillaboom|74/100 brn\n|-resisted|p2b: Rillaboom\n|-crit|p2b: Rillaboom\n|-damage|p2b: Rillaboom|61/100 brn\n|-hitcount|p2b: Rillaboom|3\n|move|p2b: Rillaboom|High Horsepower|p1a: Urshifu\n|-damage|p1a: Urshifu|0 fnt\n|faint|p1a: Urshifu\n|\n|-heal|p1b: Volcarona|68/100|[from] Grassy Terrain\n|-heal|p2b: Rillaboom|67/100 brn|[from] Grassy Terrain\n|-damage|p2b: Rillaboom|61/100 brn|[from] brn\n|upkeep\n|\n|t:|1746073862\n|switch|p1a: Miraidon|Miraidon, L50|100/100\n|-fieldstart|move: Electric Terrain|[from] ability: Hadron Engine|[of] p1a: Miraidon\n|turn|6\n|\n|t:|1746073866\n|move|p1b: Volcarona|Fiery Dance|p2b: Rillaboom\n|-supereffective|p2b: Rillaboom\n|-damage|p2b: Rillaboom|0 fnt\n|-boost|p1b: Volcarona|spa|1\n|faint|p2b: Rillaboom\n|\n|win|Moonlight Flutter\n||Moonlight Flutter is ready for game 3.\n|inactive|KingNeptuno has 30 seconds to confirm battle start!\n||KingNeptuno is ready for game 3.\n|uhtml|next|Next: <a href=\"/battle-gen9vgc2025regibo3-2354453290\"><strong>Game 3 of 3</strong></a>\n|l|\u2606Moonlight Flutter\n|player|p1|\n|l|\u2606KingNeptuno\n|player|p2|\n", "uploadtime": 1746074245, "views": 8, "formatid": "gen9vgc2025regibo3", "rating": null, "private": 0, "password": null}