{"id": "gen9vgc2025regibo3-2353422857", "format": "[Gen 9] VGC 2025 Reg I (Bo3)", "players": ["frncee", "NewbyVGC"], "log": "|j|\u2606frncee\n|j|\u2606NewbyVGC\n|html|<table width=\"100%\"><tr><td align=\"left\">frncee</td><td align=\"right\">NewbyVGC</tr><tr><td align=\"left\"><i class=\"fa fa-circle\"></i> <i class=\"fa fa-circle-o\"></i> </td><td align=\"right\"><i class=\"fa fa-circle-o\"></i> <i class=\"fa fa-circle-o\"></i> </tr></table>\n|uhtml|bestof|<h2><strong>Game 2</strong> of <a href=\"/game-bestof3-gen9vgc2025regibo3-2353418050\">a best-of-3</a></h2>\n|t:|1745954616\n|gametype|doubles\n|player|p1|frncee|ash-alola|1000\n|player|p2|NewbyVGC|170|1000\n|teamsize|p1|6\n|teamsize|p2|6\n|gen|9\n|tier|[Gen 9] VGC 2025 Reg I (Bo3)\n|rated|\n|rule|Species Clause: Limit one of each Pok\u00e9mon\n|rule|Item Clause: Limit 1 of each item\n|clearpoke\n|poke|p1|Terapagos, L50, M|\n|poke|p1|Calyrex-Shadow, L50|\n|poke|p1|Grimmsnarl, L50, M|\n|poke|p1|Incineroar, L50, F|\n|poke|p1|Amoonguss, L50, M|\n|poke|p1|Raging Bolt, L50|\n|poke|p2|Koraidon, L50|\n|poke|p2|Lunala, L50|\n|poke|p2|Indeedee-F, L50, F|\n|poke|p2|Walking Wake, L50|\n|poke|p2|Brute Bonnet, L50|\n|poke|p2|Incineroar, L50, F|\n|teampreview|4\n|showteam|p1|Terapagos||Leftovers|TeraShift|TeraStarstorm,EarthPower,CalmMind,Protect|||M|||50|,,,,,Stellar]Calyrex-Shadow||FocusSash|AsOneSpectrier|AstralBarrage,Psychic,Encore,Protect||||||50|,,,,,Ghost]Grimmsnarl||LightClay|Prankster|LightScreen,Reflect,ThunderWave,SpiritBreak|||M|||50|,,,,,Ghost]Incineroar||SafetyGoggles|Intimidate|FakeOut,KnockOff,WillOWisp,PartingShot|||F|||50|,,,,,Bug]Amoonguss||RockyHelmet|Regenerator|Spore,RagePowder,ClearSmog,Protect|||M|||50|,,,,,Water]Raging Bolt||AssaultVest|Protosynthesis|Electroweb,Thunderclap,Snarl,VoltSwitch||||||50|,,,,,Fairy\n|showteam|p2|Koraidon||ClearAmulet|OrichalcumPulse|FlareBlitz,CollisionCourse,FlameCharge,Protect||||||50|,,,,,Fire]Lunala||PowerHerb|ShadowShield|MoongeistBeam,ExpandingForce,MeteorBeam,WideGuard||||||50|,,,,,Fairy]Indeedee-F||PsychicSeed|PsychicSurge|FollowMe,HelpingHand,TrickRoom,DazzlingGleam|||F|||50|,,,,,Fairy]Walking Wake||MysticWater|Protosynthesis|HydroSteam,DracoMeteor,Snarl,Protect||||||50|,,,,,Water]Brute Bonnet||CovertCloak|Protosynthesis|SeedBomb,SuckerPunch,RagePowder,Spore||||||50|,,,,,Water]Incineroar||AssaultVest|Intimidate|FakeOut,FlareBlitz,KnockOff,Uturn|||F|||50|,,,,,Bug\n|\n|t:|1745954652\n|start\n|switch|p1a: Terapagos|Terapagos, L50, M|100/100\n|switch|p1b: Grimmsnarl|Grimmsnarl, L50, M|100/100\n|switch|p2a: Indeedee|Indeedee-F, L50, F|100/100\n|switch|p2b: Lunala|Lunala, L50|100/100\n|-activate|p1a: Terapagos|ability: Tera Shift\n|detailschange|p1a: Terapagos|Terapagos-Terastal, L50, M\n|-heal|p1a: Terapagos|100/100|[silent]\n|-fieldstart|move: Psychic Terrain|[from] ability: Psychic Surge|[of] p2a: Indeedee\n|-enditem|p2a: Indeedee|Psychic Seed\n|-boost|p2a: Indeedee|spd|1|[from] item: Psychic Seed\n|turn|1\n|\n|t:|1745954685\n|switch|p2a: Koraidon|Koraidon, L50|100/100\n|-weather|SunnyDay|[from] ability: Orichalcum Pulse|[of] p2a: Koraidon\n|-activate|p2a: Koraidon|Orichalcum Pulse|[source]\n|move|p1b: Grimmsnarl|Light Screen|p1b: Grimmsnarl\n|-sidestart|p1: frncee|move: Light Screen\n|move|p2b: Lunala|Meteor Beam||[still]\n|-prepare|p2b: Lunala|Meteor Beam\n|-boost|p2b: Lunala|spa|1\n|-enditem|p2b: Lunala|Power Herb\n|-anim|p2b: Lunala|Meteor Beam|p1b: Grimmsnarl\n|-damage|p1b: Grimmsnarl|62/100\n|move|p1a: Terapagos|Calm Mind|p1a: Terapagos\n|-boost|p1a: Terapagos|spa|1\n|-boost|p1a: Terapagos|spd|1\n|\n|-weather|SunnyDay|[upkeep]\n|upkeep\n|turn|2\n|\n|t:|1745954719\n|-terastallize|p2a: Koraidon|Fire\n|move|p1b: Grimmsnarl|Reflect|p1b: Grimmsnarl\n|-sidestart|p1: frncee|Reflect\n|move|p2a: Koraidon|Flame Charge|p1b: Grimmsnarl\n|-damage|p1b: Grimmsnarl|8/100\n|-boost|p2a: Koraidon|spe|1\n|move|p2b: Lunala|Moongeist Beam|p1b: Grimmsnarl\n|-resisted|p1b: Grimmsnarl\n|-damage|p1b: Grimmsnarl|0 fnt\n|faint|p1b: Grimmsnarl\n|move|p1a: Terapagos|Calm Mind|p1a: Terapagos\n|-boost|p1a: Terapagos|spa|1\n|-boost|p1a: Terapagos|spd|1\n|\n|-weather|SunnyDay|[upkeep]\n|upkeep\n|\n|t:|1745954737\n|switch|p1b: Amoonguss|Amoonguss, L50, M|100/100\n|turn|3\n|\n|t:|1745954744\n|-terastallize|p1a: Terapagos|Stellar\n|detailschange|p1a: Terapagos|Terapagos-Stellar, L50, M, tera:Stellar\n|-heal|p1a: Terapagos|100/100|[silent]\n|-ability|p1a: Terapagos|Teraform Zero\n|-weather|none\n|-fieldend|move: Psychic Terrain\n|move|p2b: Lunala|Wide Guard|p2b: Lunala\n|-singleturn|p2b: Lunala|Wide Guard\n|move|p1b: Amoonguss|Rage Powder|p1b: Amoonguss\n|-singleturn|p1b: Amoonguss|move: Rage Powder\n|move|p2a: Koraidon|Flare Blitz|p1b: Amoonguss\n|-supereffective|p1b: Amoonguss\n|-damage|p1b: Amoonguss|37/100\n|-damage|p2a: Koraidon|84/100|[from] item: Rocky Helmet|[of] p1b: Amoonguss\n|-damage|p2a: Koraidon|61/100|[from] Recoil\n|move|p1a: Terapagos|Tera Starstorm|p2a: Koraidon|[spread] \n|-activate|p2a: Koraidon|move: Wide Guard\n|-activate|p2b: Lunala|move: Wide Guard\n|\n|upkeep\n|turn|4\n|\n|t:|1745954767\n|move|p2a: Koraidon|Protect|p2a: Koraidon\n|-singleturn|p2a: Koraidon|Protect\n|move|p2b: Lunala|Moongeist Beam|p1b: Amoonguss\n|-crit|p1b: Amoonguss\n|-damage|p1b: Amoonguss|0 fnt\n|faint|p1b: Amoonguss\n|move|p1a: Terapagos|Earth Power|p2a: Koraidon\n|-activate|p2a: Koraidon|move: Protect\n|\n|upkeep\n|\n|t:|1745954778\n|switch|p1b: Calyrex|Calyrex-Shadow, L50|100/100\n|-ability|p1b: Calyrex|As One\n|-ability|p1b: Calyrex|Unnerve\n|turn|5\n|\n|t:|1745954814\n|move|p1b: Calyrex|Protect|p1b: Calyrex\n|-singleturn|p1b: Calyrex|Protect\n|move|p2b: Lunala|Wide Guard|p2b: Lunala\n|-singleturn|p2b: Lunala|Wide Guard\n|move|p2a: Koraidon|Collision Course|p1a: Terapagos\n|-supereffective|p1a: Terapagos\n|-damage|p1a: Terapagos|46/100\n|move|p1a: Terapagos|Earth Power|p2a: Koraidon\n|-supereffective|p2a: Koraidon\n|-damage|p2a: Koraidon|0 fnt\n|faint|p2a: Koraidon\n|\n|-heal|p1a: Terapagos|52/100|[from] item: Leftovers\n|upkeep\n|\n|t:|1745954831\n|switch|p2a: Brute Bonnet|Brute Bonnet, L50|100/100\n|turn|6\n|\n|t:|1745954850\n|move|p2b: Lunala|Wide Guard|p2b: Lunala\n|-singleturn|p2b: Lunala|Wide Guard\n|move|p1b: Calyrex|Encore|p2b: Lunala\n|-start|p2b: Lunala|Encore\n|move|p1a: Terapagos|Earth Power|p2a: Brute Bonnet\n|-resisted|p2a: Brute Bonnet\n|-damage|p2a: Brute Bonnet|63/100\n|move|p2a: Brute Bonnet|Spore|p1b: Calyrex\n|-status|p1b: Calyrex|slp|[from] move: Spore\n|\n|-heal|p1a: Terapagos|58/100|[from] item: Leftovers\n|upkeep\n|turn|7\n|\n|t:|1745954870\n|move|p2b: Lunala|Wide Guard|p2b: Lunala\n|-singleturn|p2b: Lunala|Wide Guard\n|cant|p1b: Calyrex|slp\n|move|p1a: Terapagos|Earth Power|p2b: Lunala\n|-damage|p2b: Lunala|73/100\n|move|p2a: Brute Bonnet|Spore|p1a: Terapagos\n|-status|p1a: Terapagos|slp|[from] move: Spore\n|\n|-heal|p1a: Terapagos|64/100 slp|[from] item: Leftovers\n|upkeep\n|turn|8\n|\n|t:|1745954893\n|move|p2b: Lunala|Wide Guard|p2b: Lunala\n|-singleturn|p2b: Lunala|Wide Guard\n|cant|p1b: Calyrex|slp\n|cant|p1a: Terapagos|slp\n|move|p2a: Brute Bonnet|Seed Bomb|p1b: Calyrex\n|-damage|p1b: Calyrex|72/100 slp\n|\n|-heal|p1a: Terapagos|71/100 slp|[from] item: Leftovers\n|-sideend|p1: frncee|move: Light Screen\n|upkeep\n|turn|9\n|\n|t:|1745954907\n|move|p2b: Lunala|Wide Guard|p2b: Lunala\n|-singleturn|p2b: Lunala|Wide Guard\n|move|p2a: Brute Bonnet|Sucker Punch|p1b: Calyrex\n|-supereffective|p1b: Calyrex\n|-damage|p1b: Calyrex|0 fnt\n|faint|p1b: Calyrex\n|cant|p1a: Terapagos|slp\n|\n|-heal|p1a: Terapagos|77/100 slp|[from] item: Leftovers\n|-end|p2b: Lunala|Encore\n|-sideend|p1: frncee|Reflect\n|upkeep\n|turn|10\n|\n|t:|1745954923\n|move|p2b: Lunala|Wide Guard|p2b: Lunala\n|-singleturn|p2b: Lunala|Wide Guard\n|-curestatus|p1a: Terapagos|slp|[msg]\n|move|p1a: Terapagos|Tera Starstorm|p2a: Brute Bonnet|[spread] \n|-activate|p2a: Brute Bonnet|move: Wide Guard\n|-activate|p2b: Lunala|move: Wide Guard\n|move|p2a: Brute Bonnet|Spore|p1a: Terapagos\n|-status|p1a: Terapagos|slp|[from] move: Spore\n|\n|-heal|p1a: Terapagos|83/100 slp|[from] item: Leftovers\n|upkeep\n|turn|11\n|\n|t:|1745954939\n|-end|p2a: Brute Bonnet|Protosynthesis|[silent]\n|switch|p2a: Indeedee|Indeedee-F, L50, F|100/100\n|-fieldstart|move: Psychic Terrain|[from] ability: Psychic Surge|[of] p2a: Indeedee\n|move|p2b: Lunala|Expanding Force|p1a: Terapagos\n|-damage|p1a: Terapagos|37/100 slp\n|cant|p1a: Terapagos|slp\n|\n|-heal|p1a: Terapagos|44/100 slp|[from] item: Leftovers\n|upkeep\n|turn|12\n|\n|t:|1745954950\n|move|p2a: Indeedee|Helping Hand|p2b: Lunala\n|-singleturn|p2b: Lunala|Helping Hand|[of] p2a: Indeedee\n|-curestatus|p1a: Terapagos|slp|[msg]\n|move|p1a: Terapagos|Protect|p1a: Terapagos\n|-singleturn|p1a: Terapagos|Protect\n|move|p2b: Lunala|Expanding Force|p1a: Terapagos\n|-activate|p1a: Terapagos|move: Protect\n|\n|-heal|p1a: Terapagos|50/100|[from] item: Leftovers\n|upkeep\n|turn|13\n|\n|t:|1745954975\n|move|p2a: Indeedee|Helping Hand|p2b: Lunala\n|-singleturn|p2b: Lunala|Helping Hand|[of] p2a: Indeedee\n|move|p2b: Lunala|Expanding Force|p1a: Terapagos\n|-damage|p1a: Terapagos|0 fnt\n|faint|p1a: Terapagos\n|\n|win|NewbyVGC\n||NewbyVGC is ready for game 3.\n|inactive|frncee has 30 seconds to confirm battle start!\n|inactive|frncee has 20 seconds to confirm battle start!\n|inactive|frncee has 10 seconds to confirm battle start!\n", "uploadtime": 1745955011, "views": 9, "formatid": "gen9vgc2025regibo3", "rating": null, "private": 0, "password": null}