{"id": "gen9vgc2025regibo3-2354472119", "format": "[Gen 9] VGC 2025 Reg I (Bo3)", "players": ["VeganCannibal", "chuybreton8"], "log": "|j|\u2606VeganCannibal\n|j|\u2606chuybreton8\n|html|<table width=\"100%\"><tr><td align=\"left\">VeganCannibal</td><td align=\"right\">chuybreton8</tr><tr><td align=\"left\"><i class=\"fa fa-circle\"></i> <i class=\"fa fa-circle-o\"></i> </td><td align=\"right\"><i class=\"fa fa-circle-o\"></i> <i class=\"fa fa-circle-o\"></i> </tr></table>\n|uhtml|bestof|<h2><strong>Game 2</strong> of <a href=\"/game-bestof3-gen9vgc2025regibo3-2354470386\">a best-of-3</a></h2>\n|t:|1746077081\n|gametype|doubles\n|player|p1|VeganCannibal|101|1336\n|player|p2|chuybreton8|1|1397\n|teamsize|p1|6\n|teamsize|p2|6\n|gen|9\n|tier|[Gen 9] VGC 2025 Reg I (Bo3)\n|rated|\n|rule|Species Clause: Limit one of each Pok\u00e9mon\n|rule|Item Clause: Limit 1 of each item\n|clearpoke\n|poke|p1|Calyrex-Shadow, L50|\n|poke|p1|Zamazenta-*, L50|\n|poke|p1|Roaring Moon, L50|\n|poke|p1|Weezing-Galar, L50, F|\n|poke|p1|Dondozo, L50, F|\n|poke|p1|Tatsugiri-Droopy, L50, F|\n|poke|p2|Koraidon, L50|\n|poke|p2|Lunala, L50|\n|poke|p2|Raging Bolt, L50|\n|poke|p2|Chi-Yu, L50|\n|poke|p2|Brute Bonnet, L50|\n|poke|p2|Ursaluna, L50, M|\n|teampreview|4\n|showteam|p1|Calyrex-Shadow||FocusSash|AsOneSpectrier|AstralBarrage,Psychic,Encore,Protect||||||50|,,,,,Ghost]Zamazenta-Crowned||RustedShield|DauntlessShield|BodyPress,behemothbash,WideGuard,Imprison||||||50|,,,,,Dragon]Roaring Moon||BoosterEnergy|Protosynthesis|Protect,KnockOff,Tailwind,Taunt||||||50|,,,,,Poison]Weezing-Galar||CovertCloak|NeutralizingGas|Protect,DazzlingGleam,ToxicSpikes,Toxic|||F|||50|,,,,,Dark]Dondozo||Leftovers|Unaware|Protect,WaveCrash,OrderUp,BodyPress|||F|||50|,,,,,Grass]Tatsugiri-Droopy||SafetyGoggles|Commander|Protect,DragonPulse,HelpingHand,Taunt|||F|||50|,,,,,Poison\n|showteam|p2|Koraidon||ClearAmulet|OrichalcumPulse|CollisionCourse,FlareBlitz,FlameCharge,Protect||||||50|,,,,,Fire]Lunala||PowerHerb|ShadowShield|TrickRoom,MoongeistBeam,MeteorBeam,WideGuard||||||50|,,,,,Water]Raging Bolt||AssaultVest|Protosynthesis|Electroweb,DracoMeteor,Thunderclap,Thunderbolt||||||50|,,,,,Fairy]Chi-Yu||FocusSash|BeadsofRuin|HeatWave,Protect,Taunt,Snarl||||||50|,,,,,Ghost]Brute Bonnet||CovertCloak|Protosynthesis|SuckerPunch,Spore,SeedBomb,RagePowder||||||50|,,,,,Water]Ursaluna||FlameOrb|Guts|Facade,HeadlongRush,Protect,Earthquake|||M|||50|,,,,,Water\n|inactive|Battle timer is ON: inactive players will automatically lose when time's up. (requested by VeganCannibal)\n|inactive|VeganCannibal has 60 seconds left.\n|inactive|chuybreton8 has 60 seconds left.\n|inactive|VeganCannibal has 30 seconds left.\n|inactive|VeganCannibal has 20 seconds left.\n|\n|t:|1746077155\n|start\n|switch|p1a: Roaring Moon|Roaring Moon, L50|100/100\n|switch|p1b: Calyrex|Calyrex-Shadow, L50|100/100\n|switch|p2a: Lunala|Lunala, L50|100/100\n|switch|p2b: Brute Bonnet|Brute Bonnet, L50, shiny|100/100\n|-ability|p1b: Calyrex|As One\n|-ability|p1b: Calyrex|Unnerve\n|-enditem|p1a: Roaring Moon|Booster Energy\n|-activate|p1a: Roaring Moon|ability: Protosynthesis|[fromitem]\n|-start|p1a: Roaring Moon|protosynthesisspe\n|turn|1\n|inactive|VeganCannibal has 30 seconds left.\n|inactive|chuybreton8 has 30 seconds left.\n|\n|t:|1746077188\n|-terastallize|p2a: Lunala|Water\n|move|p2b: Brute Bonnet|Rage Powder|p2b: Brute Bonnet\n|-singleturn|p2b: Brute Bonnet|move: Rage Powder\n|move|p1a: Roaring Moon|Knock Off|p2b: Brute Bonnet\n|-resisted|p2b: Brute Bonnet\n|-damage|p2b: Brute Bonnet|86/100\n|-enditem|p2b: Brute Bonnet|Covert Cloak|[from] move: Knock Off|[of] p1a: Roaring Moon\n|move|p1b: Calyrex|Astral Barrage|p2b: Brute Bonnet|[spread] p2a,p2b\n|-resisted|p2b: Brute Bonnet\n|-damage|p2a: Lunala|79/100\n|-damage|p2b: Brute Bonnet|65/100\n|move|p2a: Lunala|Trick Room|p2a: Lunala\n|-fieldstart|move: Trick Room|[of] p2a: Lunala\n|\n|upkeep\n|turn|2\n|inactive|VeganCannibal has 30 seconds left.\n|\n|t:|1746077216\n|switch|p1b: Dondozo|Dondozo, L50, F|100/100\n|-end|p1a: Roaring Moon|Protosynthesis|[silent]\n|switch|p1a: Tatsugiri|Tatsugiri-Droopy, L50, F, shiny|100/100\n|-activate|p1a: Tatsugiri|ability: Commander|[of] p1b: Dondozo\n|-boost|p1b: Dondozo|atk|2\n|-boost|p1b: Dondozo|spa|2\n|-boost|p1b: Dondozo|spe|2\n|-boost|p1b: Dondozo|def|2\n|-boost|p1b: Dondozo|spd|2\n|move|p2b: Brute Bonnet|Spore|p1a: Tatsugiri|[miss]\n|-miss|p2b: Brute Bonnet|p1a: Tatsugiri\n|move|p2a: Lunala|Meteor Beam||[still]\n|-prepare|p2a: Lunala|Meteor Beam\n|-boost|p2a: Lunala|spa|1\n|-enditem|p2a: Lunala|Power Herb\n|-anim|p2a: Lunala|Meteor Beam|p1b: Dondozo\n|-damage|p1b: Dondozo|82/100\n|\n|-heal|p1b: Dondozo|88/100|[from] item: Leftovers\n|upkeep\n|turn|3\n|\n|t:|1746077230\n|-terastallize|p1b: Dondozo|Grass\n|move|p2b: Brute Bonnet|Seed Bomb|p1b: Dondozo\n|-resisted|p1b: Dondozo\n|-damage|p1b: Dondozo|84/100\n|move|p1b: Dondozo|Order Up|p2a: Lunala\n|-damage|p2a: Lunala|50/100\n|-boost|p1b: Dondozo|def|1\n|move|p2a: Lunala|Moongeist Beam|p1b: Dondozo\n|-damage|p1b: Dondozo|53/100\n|\n|-heal|p1b: Dondozo|59/100|[from] item: Leftovers\n|upkeep\n|turn|4\n|\n|t:|1746077250\n|move|p2b: Brute Bonnet|Sucker Punch|p1b: Dondozo\n|-damage|p1b: Dondozo|52/100\n|move|p1b: Dondozo|Order Up|p2b: Brute Bonnet\n|-damage|p2b: Brute Bonnet|39/100\n|-boost|p1b: Dondozo|def|1\n|move|p2a: Lunala|Moongeist Beam|p1b: Dondozo\n|-damage|p1b: Dondozo|17/100\n|\n|-heal|p1b: Dondozo|23/100|[from] item: Leftovers\n|upkeep\n|turn|5\n|\n|t:|1746077271\n|move|p2b: Brute Bonnet|Sucker Punch|p1b: Dondozo\n|-crit|p1b: Dondozo\n|-damage|p1b: Dondozo|0 fnt\n|faint|p1b: Dondozo\n|move|p2a: Lunala|Moongeist Beam|p1a: Tatsugiri\n|-damage|p1a: Tatsugiri|23/100\n|\n|-fieldend|move: Trick Room\n|upkeep\n|\n|t:|1746077282\n|switch|p1b: Calyrex|Calyrex-Shadow, L50|100/100\n|-ability|p1b: Calyrex|As One\n|-ability|p1b: Calyrex|Unnerve\n|turn|6\n|\n|t:|1746077293\n|move|p1a: Tatsugiri|Helping Hand|p1b: Calyrex\n|-singleturn|p1b: Calyrex|Helping Hand|[of] p1a: Tatsugiri\n|move|p2a: Lunala|Wide Guard|p2a: Lunala\n|-singleturn|p2a: Lunala|Wide Guard\n|move|p2b: Brute Bonnet|Sucker Punch|p1b: Calyrex\n|-supereffective|p1b: Calyrex\n|-enditem|p1b: Calyrex|Focus Sash\n|-damage|p1b: Calyrex|1/100\n|move|p1b: Calyrex|Astral Barrage|p2b: Brute Bonnet|[spread] \n|-activate|p2a: Lunala|move: Wide Guard\n|-activate|p2b: Brute Bonnet|move: Wide Guard\n|\n|upkeep\n|turn|7\n|\n|t:|1746077312\n|switch|p1b: Roaring Moon|Roaring Moon, L50|100/100\n|move|p2b: Brute Bonnet|Sucker Punch||[still]\n|-fail|p2b: Brute Bonnet\n|move|p2a: Lunala|Moongeist Beam|p1a: Tatsugiri\n|-damage|p1a: Tatsugiri|0 fnt\n|faint|p1a: Tatsugiri\n|\n|upkeep\n|\n|t:|1746077320\n|switch|p1a: Calyrex|Calyrex-Shadow, L50|1/100\n|-ability|p1a: Calyrex|As One\n|-ability|p1a: Calyrex|Unnerve\n|turn|8\n|\n|t:|1746077329\n|move|p1a: Calyrex|Protect|p1a: Calyrex\n|-singleturn|p1a: Calyrex|Protect\n|move|p2b: Brute Bonnet|Sucker Punch||[still]\n|-fail|p2b: Brute Bonnet\n|move|p1b: Roaring Moon|Tailwind|p1b: Roaring Moon\n|-sidestart|p1: VeganCannibal|move: Tailwind\n|move|p2a: Lunala|Trick Room|p2a: Lunala\n|-fieldstart|move: Trick Room|[of] p2a: Lunala\n|\n|upkeep\n|turn|9\n|-message|VeganCannibal forfeited.\n|\n|win|chuybreton8\n|l|\u2606VeganCannibal\n|player|p1|\n||VeganCannibal is ready for game 3.\n||chuybreton8 is ready for game 3.\n|uhtml|next|Next: <a href=\"/battle-gen9vgc2025regibo3-2354473527\"><strong>Game 3 of 3</strong></a>\n", "uploadtime": 1746077730, "views": 7, "formatid": "gen9vgc2025regibo3", "rating": null, "private": 0, "password": null}