{"id": "gen9vgc2025regibo3-2354911418", "format": "[Gen 9] VGC 2025 Reg I (Bo3)", "players": ["Markusvgc", "toothey"], "log": "|j|\u2606Markusvgc\n|j|\u2606toothey\n|html|<table width=\"100%\"><tr><td align=\"left\">Markusvgc</td><td align=\"right\">toothey</tr><tr><td align=\"left\"><i class=\"fa fa-circle-o\"></i> <i class=\"fa fa-circle-o\"></i> </td><td align=\"right\"><i class=\"fa fa-circle-o\"></i> <i class=\"fa fa-circle-o\"></i> </tr></table>\n|uhtml|bestof|<h2><strong>Game 1</strong> of <a href=\"/game-bestof3-gen9vgc2025regibo3-2354911417\">a best-of-3</a></h2>\n|t:|1746130959\n|gametype|doubles\n|player|p1|Markusvgc|170|1107\n|player|p2|toothey|2|1017\n|teamsize|p1|6\n|teamsize|p2|4\n|gen|9\n|tier|[Gen 9] VGC 2025 Reg I (Bo3)\n|rated|\n|rule|Species Clause: Limit one of each Pok\u00e9mon\n|rule|Item Clause: Limit 1 of each item\n|clearpoke\n|poke|p1|Kyogre, L50|\n|poke|p1|Zacian-*, L50|\n|poke|p1|Urshifu-*, L50, M|\n|poke|p1|Tornadus, L50, M|\n|poke|p1|Chien-Pao, L50|\n|poke|p1|Ogerpon, L50, F|\n|poke|p2|Zamazenta-*, L50|\n|poke|p2|Ogerpon-Hearthflame, L50, F|\n|poke|p2|Lugia, L50|\n|poke|p2|Fezandipiti, L50, M|\n|teampreview|4\n|showteam|p1|Kyogre||ChoiceScarf|Drizzle|WaterSpout,HydroPump,Thunder,IceBeam||||||50|,,,,,Grass]Zacian-Crowned||RustedSword|IntrepidSword|PlayRough,behemothblade,SacredSword,Protect||||||50|,,,,,Stellar]Urshifu-Rapid-Strike||FocusSash|UnseenFist|CloseCombat,AquaJet,SurgingStrikes,Protect|||M|||50|,,,,,Water]Tornadus||CovertCloak|Prankster|BleakwindStorm,Tailwind,RainDance,Taunt|||M|||50|,,,,,Dark]Chien-Pao||LifeOrb|SwordofRuin|SuckerPunch,IceShard,IceSpinner,Protect||||||50|,,,,,Fire]Ogerpon||ScopeLens|Defiant|IvyCudgel,KnockOff,FollowMe,SpikyShield|||F|||50|,,,,,Grass\n|showteam|p2|Zamazenta-Crowned||RustedShield|DauntlessShield|IronDefense,WideGuard,BodyPress,behemothbash||||||50|,,,,,Dragon]Ogerpon-Hearthflame||HearthflameMask|MoldBreaker|IvyCudgel,SpikyShield,FollowMe,HornLeech|||F|||50|,,,,,Fire]Lugia||Leftovers|Multiscale|IcyWind,Aeroblast,Protect,ShadowBall||||||50|,,,,,Dark]Fezandipiti||SafetyGoggles|ToxicChain|DazzlingGleam,Roost,Protect,SludgeBomb|||M|||50|,,,,,Steel\n|j| TheJagle\n|\n|t:|1746130977\n|start\n|switch|p1a: Zacian|Zacian-Crowned, L50, shiny|100/100\n|switch|p1b: Chien-Pao|Chien-Pao, L50|100/100\n|switch|p2a: Lugia|Lugia, L50|100/100\n|switch|p2b: Fezandipiti|Fezandipiti, L50, M|100/100\n|-ability|p1a: Zacian|Intrepid Sword|boost\n|-boost|p1a: Zacian|atk|1\n|-ability|p1b: Chien-Pao|Sword of Ruin\n|turn|1\n|\n|t:|1746131019\n|-terastallize|p2b: Fezandipiti|Steel\n|move|p1a: Zacian|Behemoth Blade|p2b: Fezandipiti\n|-resisted|p2b: Fezandipiti\n|-damage|p2b: Fezandipiti|42/100\n|move|p1b: Chien-Pao|Ice Spinner|p2a: Lugia\n|-supereffective|p2a: Lugia\n|-damage|p2a: Lugia|51/100\n|-damage|p1b: Chien-Pao|91/100|[from] item: Life Orb\n|move|p2a: Lugia|Icy Wind|p1b: Chien-Pao|[spread] p1a,p1b\n|-resisted|p1a: Zacian\n|-resisted|p1b: Chien-Pao\n|-damage|p1a: Zacian|97/100\n|-damage|p1b: Chien-Pao|84/100\n|-unboost|p1a: Zacian|spe|1\n|-unboost|p1b: Chien-Pao|spe|1\n|move|p2b: Fezandipiti|Dazzling Gleam|p1a: Zacian|[spread] p1a,p1b\n|-resisted|p1a: Zacian\n|-supereffective|p1b: Chien-Pao\n|-damage|p1a: Zacian|87/100\n|-damage|p1b: Chien-Pao|10/100\n|\n|-heal|p2a: Lugia|57/100|[from] item: Leftovers\n|upkeep\n|turn|2\n|l|\u2606toothey\n|player|p2|\n|j|\u2606toothey\n|player|p2|toothey|2|\n|\n|t:|1746131100\n|move|p1b: Chien-Pao|Sucker Punch||[still]\n|-fail|p1b: Chien-Pao\n|move|p2a: Lugia|Icy Wind|p1b: Chien-Pao|[spread] p1a,p1b\n|-resisted|p1a: Zacian\n|-resisted|p1b: Chien-Pao\n|-damage|p1a: Zacian|83/100\n|-damage|p1b: Chien-Pao|2/100\n|-unboost|p1a: Zacian|spe|1\n|-unboost|p1b: Chien-Pao|spe|1\n|move|p2b: Fezandipiti|Roost|p2b: Fezandipiti\n|-heal|p2b: Fezandipiti|92/100\n|move|p1a: Zacian|Behemoth Blade|p2a: Lugia\n|-crit|p2a: Lugia\n|-damage|p2a: Lugia|0 fnt\n|faint|p2a: Lugia\n|\n|upkeep\n|\n|t:|1746131114\n|switch|p2a: Ogerpon|Ogerpon-Hearthflame, L50, F|100/100\n|-ability|p2a: Ogerpon|Mold Breaker\n|turn|3\n|\n|t:|1746131131\n|move|p1b: Chien-Pao|Protect|p1b: Chien-Pao\n|-singleturn|p1b: Chien-Pao|Protect\n|move|p2a: Ogerpon|Ivy Cudgel|p1a: Zacian|[anim] Ivy Cudgel Fire\n|-supereffective|p1a: Zacian\n|-damage|p1a: Zacian|0 fnt\n|faint|p1a: Zacian\n|move|p2b: Fezandipiti|Dazzling Gleam|p1b: Chien-Pao\n|-activate|p1b: Chien-Pao|move: Protect\n|\n|upkeep\n|\n|t:|1746131141\n|switch|p1a: Kyogre|Kyogre, L50|100/100\n|-weather|RainDance|[from] ability: Drizzle|[of] p1a: Kyogre\n|turn|4\n|\n|t:|1746131171\n|-terastallize|p1a: Kyogre|Grass\n|move|p2a: Ogerpon|Spiky Shield|p2a: Ogerpon\n|-singleturn|p2a: Ogerpon|move: Protect\n|move|p1b: Chien-Pao|Sucker Punch|p2b: Fezandipiti\n|-damage|p2b: Fezandipiti|22/100\n|-damage|p1b: Chien-Pao|0 fnt|[from] item: Life Orb\n|faint|p1b: Chien-Pao\n|move|p1a: Kyogre|Water Spout|p2a: Ogerpon|[spread] p2b\n|-activate|p2a: Ogerpon|move: Protect\n|-damage|p2b: Fezandipiti|0 fnt\n|faint|p2b: Fezandipiti\n|\n|-weather|RainDance|[upkeep]\n|upkeep\n|\n|t:|1746131187\n|switch|p1b: Urshifu|Urshifu-Rapid-Strike, L50, M|100/100\n|switch|p2b: Zamazenta|Zamazenta-Crowned, L50|100/100\n|-ability|p2b: Zamazenta|Dauntless Shield|boost\n|-boost|p2b: Zamazenta|def|1\n|turn|5\n|\n|t:|1746131227\n|move|p2b: Zamazenta|Wide Guard|p2b: Zamazenta\n|-singleturn|p2b: Zamazenta|Wide Guard\n|move|p1a: Kyogre|Water Spout|p2b: Zamazenta|[spread] \n|-activate|p2a: Ogerpon|move: Wide Guard\n|-activate|p2b: Zamazenta|move: Wide Guard\n|move|p2a: Ogerpon|Horn Leech|p1b: Urshifu\n|-supereffective|p1b: Urshifu\n|-damage|p1b: Urshifu|5/100\n|move|p1b: Urshifu|Surging Strikes|p2a: Ogerpon\n|-crit|p2a: Ogerpon\n|-damage|p2a: Ogerpon|53/100\n|-crit|p2a: Ogerpon\n|-damage|p2a: Ogerpon|8/100\n|-crit|p2a: Ogerpon\n|-damage|p2a: Ogerpon|0 fnt\n|faint|p2a: Ogerpon\n|-hitcount|p2: Ogerpon|3\n|\n|-weather|RainDance|[upkeep]\n|upkeep\n|turn|6\n|l| TheJagle\n|\n|t:|1746131292\n|move|p1b: Urshifu|Protect|p1b: Urshifu\n|-singleturn|p1b: Urshifu|Protect\n|move|p2b: Zamazenta|Wide Guard|p2b: Zamazenta\n|-singleturn|p2b: Zamazenta|Wide Guard\n|move|p1a: Kyogre|Water Spout|p2b: Zamazenta\n|-activate|p2b: Zamazenta|move: Wide Guard\n|\n|-weather|RainDance|[upkeep]\n|upkeep\n|turn|7\n|\n|t:|1746131306\n|move|p1a: Kyogre|Water Spout|p2b: Zamazenta\n|-damage|p2b: Zamazenta|6/100\n|move|p2b: Zamazenta|Body Press|p1b: Urshifu\n|-damage|p1b: Urshifu|0 fnt\n|faint|p1b: Urshifu\n|\n|-weather|RainDance|[upkeep]\n|upkeep\n|turn|8\n|\n|t:|1746131315\n|move|p2b: Zamazenta|Wide Guard|p2b: Zamazenta\n|-singleturn|p2b: Zamazenta|Wide Guard\n|move|p1a: Kyogre|Water Spout|p2b: Zamazenta\n|-activate|p2b: Zamazenta|move: Wide Guard\n|\n|-weather|none\n|upkeep\n|turn|9\n|\n|t:|1746131323\n|move|p2b: Zamazenta|Wide Guard|p2b: Zamazenta\n|-singleturn|p2b: Zamazenta|Wide Guard\n|move|p1a: Kyogre|Water Spout|p2b: Zamazenta\n|-activate|p2b: Zamazenta|move: Wide Guard\n|\n|upkeep\n|turn|10\n|\n|t:|1746131330\n|move|p2b: Zamazenta|Wide Guard|p2b: Zamazenta\n|-singleturn|p2b: Zamazenta|Wide Guard\n|move|p1a: Kyogre|Water Spout|p2b: Zamazenta\n|-activate|p2b: Zamazenta|move: Wide Guard\n|\n|upkeep\n|turn|11\n|\n|t:|1746131338\n|move|p2b: Zamazenta|Wide Guard|p2b: Zamazenta\n|-singleturn|p2b: Zamazenta|Wide Guard\n|move|p1a: Kyogre|Water Spout|p2b: Zamazenta\n|-activate|p2b: Zamazenta|move: Wide Guard\n|\n|upkeep\n|turn|12\n|\n|t:|1746131345\n|-activate|p1a: Kyogre|move: Struggle\n|move|p1a: Kyogre|Struggle|p2b: Zamazenta\n|-damage|p2b: Zamazenta|2/100\n|-damage|p1a: Kyogre|75/100|[from] recoil\n|move|p2b: Zamazenta|Body Press|p1a: Kyogre\n|-damage|p1a: Kyogre|0 fnt\n|faint|p1a: Kyogre\n|\n|win|toothey\n||toothey is ready for game 2.\n|inactive|Markusvgc has 30 seconds to confirm battle start!\n||Markusvgc is ready for game 2.\n|uhtml|next|Next: <a href=\"/battle-gen9vgc2025regibo3-2354915501\"><strong>Game 2 of 3</strong></a>\n", "uploadtime": 1746131673, "views": 5, "formatid": "gen9vgc2025regibo3", "rating": null, "private": 0, "password": null}