{"id": "gen9vgc2025regibo3-2353731156", "format": "[Gen 9] VGC 2025 Reg I (Bo3)", "players": ["dghdkgd", "lettitripppp"], "log": "|j|\u2606dghdkgd\n|j|\u2606lettitripppp\n|html|<table width=\"100%\"><tr><td align=\"left\">dghdkgd</td><td align=\"right\">lettitripppp</tr><tr><td align=\"left\"><i class=\"fa fa-circle-o\"></i> <i class=\"fa fa-circle-o\"></i> </td><td align=\"right\"><i class=\"fa fa-circle-o\"></i> <i class=\"fa fa-circle\"></i> </tr></table>\n|uhtml|bestof|<h2><strong>Game 2</strong> of <a href=\"/game-bestof3-gen9vgc2025regibo3-2353729293\">a best-of-3</a></h2>\n|t:|1745990228\n|gametype|doubles\n|player|p1|dghdkgd|265|1076\n|player|p2|lettitripppp|lucas|1094\n|teamsize|p1|6\n|teamsize|p2|6\n|gen|9\n|tier|[Gen 9] VGC 2025 Reg I (Bo3)\n|rated|\n|rule|Species Clause: Limit one of each Pok\u00e9mon\n|rule|Item Clause: Limit 1 of each item\n|clearpoke\n|poke|p1|Rayquaza, L50|\n|poke|p1|Solgaleo, L50|\n|poke|p1|Incineroar, L50, F|\n|poke|p1|Rillaboom, L50, F|\n|poke|p1|Flutter Mane, L50|\n|poke|p1|Gliscor, L50, M|\n|poke|p2|Calyrex-Ice, L50|\n|poke|p2|Miraidon, L50|\n|poke|p2|Grimmsnarl, L50, M|\n|poke|p2|Iron Treads, L50|\n|poke|p2|Ogerpon-Hearthflame, L50, F|\n|poke|p2|Urshifu-*, L50, M|\n|teampreview|4\n|showteam|p1|Rayquaza||ClearAmulet|AirLock|DragonAscent,ExtremeSpeed,Protect,SwordsDance||||||50|,,,,,Normal]Solgaleo||WeaknessPolicy|FullMetalBody|CloseCombat,KnockOff,SunsteelStrike,Protect||||||50|,,,,,Dark]Incineroar||SitrusBerry|Intimidate|PartingShot,KnockOff,FakeOut,FlareBlitz|||F|||50|,,,,,Grass]Rillaboom||AssaultVest|GrassySurge|HighHorsepower,Uturn,FakeOut,GrassyGlide|||F|||50|,,,,,Ground]Flutter Mane||BoosterEnergy|Protosynthesis|IcyWind,ShadowBall,Moonblast,Protect||||||50|,,,,,Fairy]Gliscor||RockyHelmet|HyperCutter|Tailwind,Earthquake,Protect,Feint|||M|||50|,,,,,Water\n|showteam|p2|Calyrex-Ice||ClearAmulet|AsOneGlastrier|HighHorsepower,GlacialLance,TrickRoom,Protect||||||50|,,,,,Fire]Miraidon||ChoiceSpecs|HadronEngine|DazzlingGleam,DracoMeteor,ElectroDrift,VoltSwitch||||||50|,,,,,Fairy]Grimmsnarl||LightClay|Prankster|ThunderWave,LightScreen,SpiritBreak,Reflect|||M|||50|,,,,,Ghost]Iron Treads||ChoiceBand|QuarkDrive|HighHorsepower,SteelRoller,RockSlide,IronHead||||||50|,,,,,Ghost]Ogerpon-Hearthflame||HearthflameMask|MoldBreaker|HornLeech,IvyCudgel,FollowMe,SpikyShield|||F|||50|,,,,,Fire]Urshifu||FocusSash|UnseenFist|CloseCombat,SuckerPunch,WickedBlow,Detect|||M|||50|,,,,,Stellar\n|inactive|Battle timer is ON: inactive players will automatically lose when time's up. (requested by dghdkgd)\n|\n|t:|1745990246\n|start\n|switch|p1a: Flutter Mane|Flutter Mane, L50, shiny|100/100\n|switch|p1b: Rayquaza|Rayquaza, L50, shiny|100/100\n|switch|p2a: Calyrex|Calyrex-Ice, L50|100/100\n|switch|p2b: Ogerpon|Ogerpon-Hearthflame, L50, F|100/100\n|-ability|p2a: Calyrex|As One\n|-ability|p2a: Calyrex|Unnerve\n|-ability|p2b: Ogerpon|Mold Breaker\n|-ability|p1b: Rayquaza|Air Lock\n|-enditem|p1a: Flutter Mane|Booster Energy\n|-activate|p1a: Flutter Mane|ability: Protosynthesis|[fromitem]\n|-start|p1a: Flutter Mane|protosynthesisspe\n|turn|1\n|inactive|dghdkgd has 30 seconds left.\n|\n|t:|1745990272\n|move|p2b: Ogerpon|Follow Me|p2b: Ogerpon\n|-singleturn|p2b: Ogerpon|move: Follow Me\n|move|p1a: Flutter Mane|Shadow Ball|p2b: Ogerpon\n|-damage|p2b: Ogerpon|57/100\n|move|p1b: Rayquaza|Dragon Ascent|p2b: Ogerpon\n|-supereffective|p2b: Ogerpon\n|-damage|p2b: Ogerpon|0 fnt\n|-unboost|p1b: Rayquaza|def|1\n|-unboost|p1b: Rayquaza|spd|1\n|faint|p2b: Ogerpon\n|move|p2a: Calyrex|Trick Room|p2a: Calyrex\n|-fieldstart|move: Trick Room|[of] p2a: Calyrex\n|\n|upkeep\n|\n|t:|1745990282\n|switch|p2b: Urshifu|Urshifu, L50, M|100/100\n|turn|2\n|\n|t:|1745990292\n|-end|p1a: Flutter Mane|Protosynthesis|[silent]\n|switch|p1a: Incineroar|Incineroar, L50, F, shiny|100/100\n|-ability|p1a: Incineroar|Intimidate|boost\n|-fail|p2a: Calyrex|unboost|[from] item: Clear Amulet|[of] p2a: Calyrex\n|-unboost|p2b: Urshifu|atk|1\n|move|p1b: Rayquaza|Protect|p1b: Rayquaza\n|-singleturn|p1b: Rayquaza|Protect\n|move|p2a: Calyrex|Glacial Lance|p1b: Rayquaza|[spread] p1a\n|-activate|p1b: Rayquaza|move: Protect\n|-resisted|p1a: Incineroar\n|-damage|p1a: Incineroar|79/100\n|move|p2b: Urshifu|Wicked Blow|p1a: Incineroar\n|-resisted|p1a: Incineroar\n|-crit|p1a: Incineroar\n|-damage|p1a: Incineroar|51/100\n|\n|upkeep\n|turn|3\n|inactive|dghdkgd has 30 seconds left.\n|inactive|dghdkgd has 20 seconds left.\n|\n|t:|1745990329\n|switch|p1b: Solgaleo|Solgaleo, L50, shiny|100/100\n|move|p1a: Incineroar|Fake Out|p2a: Calyrex\n|-damage|p2a: Calyrex|94/100\n|cant|p2a: Calyrex|flinch\n|move|p2b: Urshifu|Close Combat|p1a: Incineroar\n|-supereffective|p1a: Incineroar\n|-damage|p1a: Incineroar|0 fnt\n|-unboost|p2b: Urshifu|def|1\n|-unboost|p2b: Urshifu|spd|1\n|faint|p1a: Incineroar\n|\n|upkeep\n|\n|t:|1745990342\n|switch|p1a: Rayquaza|Rayquaza, L50, shiny|100/100\n|-ability|p1a: Rayquaza|Air Lock\n|turn|4\n|\n|t:|1745990355\n|-terastallize|p2a: Calyrex|Fire\n|move|p1a: Rayquaza|Protect|p1a: Rayquaza\n|-singleturn|p1a: Rayquaza|Protect\n|move|p2a: Calyrex|Glacial Lance|p1a: Rayquaza|[spread] p1b\n|-activate|p1a: Rayquaza|move: Protect\n|-resisted|p1b: Solgaleo\n|-damage|p1b: Solgaleo|78/100\n|move|p1b: Solgaleo|Sunsteel Strike|p2a: Calyrex\n|-resisted|p2a: Calyrex\n|-damage|p2a: Calyrex|76/100\n|move|p2b: Urshifu|Wicked Blow|p1a: Rayquaza\n|-crit|p1a: Rayquaza\n|-damage|p1a: Rayquaza|50/100\n|\n|upkeep\n|turn|5\n|\n|t:|1745990379\n|-terastallize|p1a: Rayquaza|Normal\n|move|p2a: Calyrex|Glacial Lance|p1b: Solgaleo|[spread] p1a,p1b\n|-resisted|p1b: Solgaleo\n|-damage|p1a: Rayquaza|6/100\n|-damage|p1b: Solgaleo|57/100\n|move|p1a: Rayquaza|Swords Dance|p1a: Rayquaza\n|-boost|p1a: Rayquaza|atk|2\n|move|p1b: Solgaleo|Close Combat|p2a: Calyrex\n|-damage|p2a: Calyrex|46/100\n|-unboost|p1b: Solgaleo|def|1\n|-unboost|p1b: Solgaleo|spd|1\n|move|p2b: Urshifu|Wicked Blow|p1b: Solgaleo\n|-supereffective|p1b: Solgaleo\n|-crit|p1b: Solgaleo\n|-damage|p1b: Solgaleo|0 fnt\n|faint|p1b: Solgaleo\n|\n|-fieldend|move: Trick Room\n|upkeep\n|\n|t:|1745990395\n|switch|p1b: Flutter Mane|Flutter Mane, L50, shiny|100/100\n|turn|6\n|\n|t:|1745990413\n|move|p1a: Rayquaza|Extreme Speed|p2a: Calyrex\n|-damage|p2a: Calyrex|0 fnt\n|faint|p2a: Calyrex\n|move|p2b: Urshifu|Sucker Punch|p1b: Flutter Mane\n|-damage|p1b: Flutter Mane|36/100\n|move|p1b: Flutter Mane|Moonblast|p2b: Urshifu\n|-supereffective|p2b: Urshifu\n|-enditem|p2b: Urshifu|Focus Sash\n|-damage|p2b: Urshifu|1/100\n|-unboost|p2b: Urshifu|spa|1\n|\n|upkeep\n|\n|t:|1745990421\n|switch|p2a: Miraidon|Miraidon, L50|100/100\n|-fieldstart|move: Electric Terrain|[from] ability: Hadron Engine|[of] p2a: Miraidon\n|turn|7\n|\n|t:|1745990428\n|move|p1a: Rayquaza|Extreme Speed|p2b: Urshifu\n|-damage|p2b: Urshifu|0 fnt\n|faint|p2b: Urshifu\n|move|p1b: Flutter Mane|Moonblast|p2a: Miraidon\n|-supereffective|p2a: Miraidon\n|-damage|p2a: Miraidon|11/100\n|-unboost|p2a: Miraidon|spa|1\n|move|p2a: Miraidon|Dazzling Gleam|p1b: Flutter Mane|[spread] p1a,p1b\n|-damage|p1a: Rayquaza|0 fnt\n|-damage|p1b: Flutter Mane|3/100\n|faint|p1a: Rayquaza\n|\n|upkeep\n|turn|8\n|c|\u2606lettitripppp|luck\n|-message|lettitripppp forfeited.\n|\n|win|dghdkgd\n|l|\u2606lettitripppp\n|player|p2|\n||lettitripppp is ready for game 3.\n||dghdkgd is ready for game 3.\n|uhtml|next|Next: <a href=\"/battle-gen9vgc2025regibo3-2353732504\"><strong>Game 3 of 3</strong></a>\n|l|\u2606dghdkgd\n|player|p1|\n", "uploadtime": 1745990753, "views": 22, "formatid": "gen9vgc2025regibo3", "rating": null, "private": 0, "password": null}