{"id": "gen9vgc2025regibo3-2354386398", "format": "[Gen 9] VGC 2025 Reg I (Bo3)", "players": ["BlueKnightmare", "Fubuu"], "log": "|j|\u2606BlueKnightmare\n|j|\u2606Fubuu\n|html|<table width=\"100%\"><tr><td align=\"left\">BlueKnightmare</td><td align=\"right\">Fubuu</tr><tr><td align=\"left\"><i class=\"fa fa-circle-o\"></i> <i class=\"fa fa-circle-o\"></i> </td><td align=\"right\"><i class=\"fa fa-circle-o\"></i> <i class=\"fa fa-circle-o\"></i> </tr></table>\n|uhtml|bestof|<h2><strong>Game 1</strong> of <a href=\"/game-bestof3-gen9vgc2025regibo3-2354386397\">a best-of-3</a></h2>\n|t:|1746064993\n|gametype|doubles\n|player|p1|BlueKnightmare|turo-ai|1155\n|player|p2|Fubuu|266|1154\n|teamsize|p1|6\n|teamsize|p2|6\n|gen|9\n|tier|[Gen 9] VGC 2025 Reg I (Bo3)\n|rated|\n|rule|Species Clause: Limit one of each Pok\u00e9mon\n|rule|Item Clause: Limit 1 of each item\n|clearpoke\n|poke|p1|Palkia, L50|\n|poke|p1|Calyrex-Ice, L50|\n|poke|p1|Pelipper, L50, M|\n|poke|p1|Rillaboom, L50, M|\n|poke|p1|Incineroar, L50, F|\n|poke|p1|Iron Treads, L50|\n|poke|p2|Eternatus, L50|\n|poke|p2|Terapagos, L50, M|\n|poke|p2|Riolu, L50, F|\n|poke|p2|Flutter Mane, L50|\n|poke|p2|Incineroar, L50, F|\n|poke|p2|Amoonguss, L50, F|\n|teampreview|4\n|showteam|p1|Palkia||WideLens|Pressure|HydroPump,TrickRoom,Protect,SpacialRend||||||50|,,,,,Water]Calyrex-Ice||ClearAmulet|AsOneGlastrier|CloseCombat,Protect,TrickRoom,GlacialLance||||||50|,,,,,Fire]Pelipper||FocusSash|Drizzle|WeatherBall,Tailwind,WideGuard,Hurricane|||M|||50|,,,,,Ground]Rillaboom||AssaultVest|GrassySurge|FakeOut,GrassyGlide,Uturn,WoodHammer|||M|||50|,,,,,Fire]Incineroar||CovertCloak|Intimidate|FakeOut,KnockOff,PartingShot,Taunt|||F|||50|,,,,,Ghost]Iron Treads||LifeOrb|QuarkDrive|Protect,IronHead,HighHorsepower,SteelRoller||||||50|,,,,,Water\n|showteam|p2|Eternatus||AirBalloon|Pressure|DynamaxCannon,Flamethrower,SludgeBomb,Protect||||||50|,,,,,Steel]Terapagos||PowerHerb|TeraShift|TeraStarstorm,MeteorBeam,Roar,Protect|||M|||50|,,,,,Stellar]Riolu||FocusSash|Prankster|HelpingHand,SunnyDay,Copycat,RainDance|||F|||50|,,,,,Fighting]Flutter Mane||BoosterEnergy|Protosynthesis|DazzlingGleam,ShadowBall,Moonblast,Protect||||||50|,,,,,Fairy]Incineroar||SafetyGoggles|Intimidate|FlareBlitz,KnockOff,PartingShot,FakeOut|||F|||50|,,,,,Ghost]Amoonguss||MentalHerb|Regenerator|PollenPuff,RagePowder,Spore,Protect|||F|||50|,,,,,Dark\n|c|\u2606BlueKnightmare|gl hf\n|c|\u2606Fubuu|gl\n|\n|t:|1746065040\n|start\n|switch|p1a: Incineroar|Incineroar, L50, F|100/100\n|switch|p1b: Calyrex|Calyrex-Ice, L50|100/100\n|switch|p2a: Eternatus|Eternatus, L50|100/100\n|switch|p2b: Terapagos|Terapagos, L50, M|100/100\n|-activate|p2b: Terapagos|ability: Tera Shift\n|detailschange|p2b: Terapagos|Terapagos-Terastal, L50, M\n|-heal|p2b: Terapagos|100/100|[silent]\n|-ability|p1b: Calyrex|As One\n|-ability|p1b: Calyrex|Unnerve\n|-ability|p2a: Eternatus|Pressure\n|-item|p2a: Eternatus|Air Balloon\n|-ability|p1a: Incineroar|Intimidate|boost\n|-unboost|p2a: Eternatus|atk|1\n|-unboost|p2b: Terapagos|atk|1\n|turn|1\n|\n|t:|1746065064\n|switch|p2a: Incineroar|Incineroar, L50, F|100/100\n|-ability|p2a: Incineroar|Intimidate|boost\n|-unboost|p1a: Incineroar|atk|1\n|-fail|p1b: Calyrex|unboost|[from] item: Clear Amulet|[of] p1b: Calyrex\n|move|p1a: Incineroar|Fake Out|p2b: Terapagos\n|-activate|p2b: Terapagos|ability: Tera Shell\n|-resisted|p2b: Terapagos\n|-damage|p2b: Terapagos|98/100\n|cant|p2b: Terapagos|flinch\n|move|p1b: Calyrex|Glacial Lance|p2b: Terapagos|[spread] p2a,p2b\n|-resisted|p2a: Incineroar\n|-damage|p2a: Incineroar|81/100\n|-damage|p2b: Terapagos|53/100\n|\n|upkeep\n|turn|2\n|\n|t:|1746065089\n|move|p1b: Calyrex|Protect|p1b: Calyrex\n|-singleturn|p1b: Calyrex|Protect\n|move|p2a: Incineroar|Fake Out|p1a: Incineroar\n|-damage|p1a: Incineroar|92/100\n|move|p2b: Terapagos|Meteor Beam||[still]\n|-prepare|p2b: Terapagos|Meteor Beam\n|-boost|p2b: Terapagos|spa|1\n|-enditem|p2b: Terapagos|Power Herb\n|-anim|p2b: Terapagos|Meteor Beam|p1a: Incineroar\n|-supereffective|p1a: Incineroar\n|-damage|p1a: Incineroar|0 fnt\n|faint|p1a: Incineroar\n|\n|upkeep\n|\n|t:|1746065097\n|switch|p1a: Iron Treads|Iron Treads, L50|100/100\n|turn|3\n|\n|t:|1746065110\n|-terastallize|p2b: Terapagos|Stellar\n|detailschange|p2b: Terapagos|Terapagos-Stellar, L50, M, tera:Stellar\n|-heal|p2b: Terapagos|65/100|[silent]\n|move|p1a: Iron Treads|High Horsepower|p2a: Incineroar\n|-supereffective|p2a: Incineroar\n|-damage|p2a: Incineroar|0 fnt\n|faint|p2a: Incineroar\n|-damage|p1a: Iron Treads|91/100|[from] item: Life Orb\n|move|p2b: Terapagos|Tera Starstorm|p1b: Calyrex|[spread] p1a,p1b\n|-damage|p1a: Iron Treads|5/100\n|-damage|p1b: Calyrex|62/100\n|move|p1b: Calyrex|Close Combat|p2b: Terapagos\n|-supereffective|p2b: Terapagos\n|-damage|p2b: Terapagos|6/100\n|-unboost|p1b: Calyrex|def|1\n|-unboost|p1b: Calyrex|spd|1\n|\n|upkeep\n|\n|t:|1746065126\n|switch|p2a: Eternatus|Eternatus, L50|100/100\n|-ability|p2a: Eternatus|Pressure\n|-item|p2a: Eternatus|Air Balloon\n|turn|4\n|\n|t:|1746065151\n|switch|p1b: Palki|Palkia, L50|100/100\n|-ability|p1b: Palki|Pressure\n|move|p2a: Eternatus|Protect|p2a: Eternatus\n|-singleturn|p2a: Eternatus|Protect\n|move|p1a: Iron Treads|Protect|p1a: Iron Treads\n|-singleturn|p1a: Iron Treads|Protect\n|move|p2b: Terapagos|Protect||[still]\n|-fail|p2b: Terapagos\n|\n|upkeep\n|turn|5\n|c|\u2606BlueKnightmare|the pins pagos makes are crazyy\n|\n|t:|1746065182\n|move|p2a: Eternatus|Flamethrower|p1a: Iron Treads\n|-supereffective|p1a: Iron Treads\n|-damage|p1a: Iron Treads|0 fnt\n|faint|p1a: Iron Treads\n|-end|p1a: Iron Treads|Quark Drive|[silent]\n|move|p2b: Terapagos|Tera Starstorm|p1b: Palki\n|-damage|p1b: Palki|41/100\n|move|p1b: Palki|Trick Room|p1b: Palki\n|-fieldstart|move: Trick Room|[of] p1b: Palki\n|\n|upkeep\n|\n|t:|1746065190\n|switch|p1a: Calyrex|Calyrex-Ice, L50|62/100\n|-ability|p1a: Calyrex|As One\n|-ability|p1a: Calyrex|Unnerve\n|turn|6\n|inactive|Battle timer is ON: inactive players will automatically lose when time's up. (requested by BlueKnightmare)\n|\n|t:|1746065212\n|move|p2a: Eternatus|Protect|p2a: Eternatus\n|-singleturn|p2a: Eternatus|Protect\n|move|p1a: Calyrex|Glacial Lance|p2a: Eternatus|[spread] p2b\n|-activate|p2a: Eternatus|move: Protect\n|-damage|p2b: Terapagos|0 fnt\n|faint|p2b: Terapagos\n|-ability|p1a: Calyrex|Chilling Neigh|boost\n|-boost|p1a: Calyrex|atk|1\n|move|p1b: Palki|Spacial Rend|p2a: Eternatus\n|-activate|p2a: Eternatus|move: Protect\n|\n|upkeep\n|\n|t:|1746065222\n|switch|p2b: Amoonguss|Amoonguss, L50, F|100/100\n|turn|7\n|\n|t:|1746065237\n|move|p2b: Amoonguss|Spore|p1a: Calyrex\n|-status|p1a: Calyrex|slp|[from] move: Spore\n|cant|p1a: Calyrex|slp\n|move|p1b: Palki|Spacial Rend|p2a: Eternatus\n|-supereffective|p2a: Eternatus\n|-damage|p2a: Eternatus|3/100\n|-enditem|p2a: Eternatus|Air Balloon\n|move|p2a: Eternatus|Dynamax Cannon|p1b: Palki\n|-supereffective|p1b: Palki\n|-damage|p1b: Palki|0 fnt\n|faint|p1b: Palki\n|\n|upkeep\n|turn|8\n|\n|t:|1746065260\n|-terastallize|p1a: Calyrex|Fire\n|move|p2b: Amoonguss|Pollen Puff|p1a: Calyrex\n|-resisted|p1a: Calyrex\n|-damage|p1a: Calyrex|56/100 slp\n|-curestatus|p1a: Calyrex|slp|[msg]\n|move|p1a: Calyrex|Glacial Lance|p2a: Eternatus|[spread] p2a,p2b\n|-supereffective|p2a: Eternatus\n|-crit|p2a: Eternatus\n|-supereffective|p2b: Amoonguss\n|-damage|p2a: Eternatus|0 fnt\n|-damage|p2b: Amoonguss|0 fnt\n|faint|p2a: Eternatus\n|faint|p2b: Amoonguss\n|\n|win|BlueKnightmare\n|c|\u2606BlueKnightmare|gg wp\n|inactive|BlueKnightmare has 30 seconds to confirm battle start!\n|inactive|Fubuu has 30 seconds to confirm battle start!\n||BlueKnightmare is ready for game 2.\n|c|\u2606Fubuu|wow... 2 turns too fast\n||Fubuu is ready for game 2.\n|uhtml|next|Next: <a href=\"/battle-gen9vgc2025regibo3-2354388701\"><strong>Game 2 of 3</strong></a>\n|l|\u2606Fubuu\n|player|p2|\n|l|\u2606BlueKnightmare\n|player|p1|\n", "uploadtime": 1746065592, "views": 8, "formatid": "gen9vgc2025regibo3", "rating": null, "private": 0, "password": null}