{"id": "gen9vgc2025regibo3-2354717700", "format": "[Gen 9] VGC 2025 Reg I (Bo3)", "players": ["PandasonPanda", "GIULIANO10"], "log": "|j|\u2606PandasonPanda\n|j|\u2606GIULIANO10\n|html|<table width=\"100%\"><tr><td align=\"left\">PandasonPanda</td><td align=\"right\">GIULIANO10</tr><tr><td align=\"left\"><i class=\"fa fa-circle\"></i> <i class=\"fa fa-circle-o\"></i> </td><td align=\"right\"><i class=\"fa fa-circle-o\"></i> <i class=\"fa fa-circle-o\"></i> </tr></table>\n|uhtml|bestof|<h2><strong>Game 2</strong> of <a href=\"/game-bestof3-gen9vgc2025regibo3-2354714275\">a best-of-3</a></h2>\n|t:|1746113569\n|gametype|doubles\n|player|p1|PandasonPanda|veteran|1172\n|player|p2|GIULIANO10|169|1097\n|teamsize|p1|6\n|teamsize|p2|6\n|gen|9\n|tier|[Gen 9] VGC 2025 Reg I (Bo3)\n|rated|\n|rule|Species Clause: Limit one of each Pok\u00e9mon\n|rule|Item Clause: Limit 1 of each item\n|clearpoke\n|poke|p1|Charizard, L50, M|\n|poke|p1|Groudon, L50|\n|poke|p1|Incineroar, L50, F|\n|poke|p1|Jumpluff, L50, M|\n|poke|p1|Zamazenta-*, L50|\n|poke|p1|Rillaboom, L50, M|\n|poke|p2|Terapagos, L50, M|\n|poke|p2|Incineroar, L50, F|\n|poke|p2|Rillaboom, L50, M|\n|poke|p2|Gastrodon, L50, F|\n|poke|p2|Zamazenta-*, L50|\n|poke|p2|Flutter Mane, L50|\n|teampreview|4\n|showteam|p1|Charizard||ChoiceSpecs|SolarPower|Overheat,DragonPulse,SolarBeam,HeatWave|||M|||50|,,,,,Ghost]Groudon||ClearAmulet|Drought|SwordsDance,Protect,PrecipiceBlades,HeatCrash||||||50|,,,,,Fire]Incineroar||SitrusBerry|Intimidate|PartingShot,FakeOut,FlareBlitz,KnockOff|||F|||50|,,,,,Ghost]Jumpluff||CovertCloak|Chlorophyll|SunnyDay,Tailwind,SleepPowder,RagePowder|||M|||50|,,,,,Fire]Zamazenta-Crowned||RustedShield|DauntlessShield|behemothbash,BodyPress,WideGuard,Protect||||||50|,,,,,Grass]Rillaboom||AssaultVest|GrassySurge|GrassyGlide,WoodHammer,FakeOut,DrainPunch|||M|||50|,,,,,Grass\n|showteam|p2|Terapagos||Leftovers|TeraShift|TeraStarstorm,Protect,CalmMind,Substitute|||M|||50|,,,,,Stellar]Incineroar||RockyHelmet|Intimidate|FakeOut,KnockOff,PartingShot,WillOWisp|||F|||50|,,,,,Water]Rillaboom||AssaultVest|GrassySurge|FakeOut,Uturn,GrassyGlide,WoodHammer|||M|||50|,,,,,Grass]Gastrodon||CovertCloak|StormDrain|MuddyWater,EarthPower,Yawn,Recover|||F|||50|,,,,,Fire]Zamazenta-Crowned||RustedShield|DauntlessShield|BodyPress,Protect,WideGuard,HeavySlam||||||50|,,,,,Fire]Flutter Mane||FocusSash|Protosynthesis|DazzlingGleam,ShadowBall,IcyWind,Protect||||||50|,,,,,Fairy\n|inactive|Battle timer is ON: inactive players will automatically lose when time's up. (requested by PandasonPanda)\n|\n|t:|1746113605\n|start\n|switch|p1a: Groudon|Groudon, L50|100/100\n|switch|p1b: Rillaboom|Rillaboom, L50, M|100/100\n|switch|p2a: Flutter Mane|Flutter Mane, L50|100/100\n|switch|p2b: Terapagos|Terapagos, L50, M|100/100\n|-activate|p2b: Terapagos|ability: Tera Shift\n|detailschange|p2b: Terapagos|Terapagos-Terastal, L50, M\n|-heal|p2b: Terapagos|100/100|[silent]\n|-fieldstart|move: Grassy Terrain|[from] ability: Grassy Surge|[of] p1b: Rillaboom\n|-weather|SunnyDay|[from] ability: Drought|[of] p1a: Groudon\n|-activate|p2a: Flutter Mane|ability: Protosynthesis\n|-start|p2a: Flutter Mane|protosynthesisspe\n|turn|1\n|inactive|PandasonPanda has 30 seconds left.\n|inactive|GIULIANO10 has 30 seconds left.\n|\n|t:|1746113644\n|move|p2b: Terapagos|Protect|p2b: Terapagos\n|-singleturn|p2b: Terapagos|Protect\n|move|p1b: Rillaboom|Grassy Glide|p2a: Flutter Mane\n|-damage|p2a: Flutter Mane|39/100\n|move|p2a: Flutter Mane|Shadow Ball|p1a: Groudon\n|-damage|p1a: Groudon|60/100\n|move|p1a: Groudon|Precipice Blades|p2a: Flutter Mane|[spread] p2a\n|-activate|p2b: Terapagos|move: Protect\n|-damage|p2a: Flutter Mane|0 fnt\n|faint|p2a: Flutter Mane\n|-end|p2a: Flutter Mane|Protosynthesis|[silent]\n|\n|-weather|SunnyDay|[upkeep]\n|-heal|p1a: Groudon|66/100|[from] Grassy Terrain\n|upkeep\n|\n|t:|1746113657\n|switch|p2a: Zamazenta|Zamazenta-Crowned, L50, shiny|100/100\n|-ability|p2a: Zamazenta|Dauntless Shield|boost\n|-boost|p2a: Zamazenta|def|1\n|turn|2\n|\n|t:|1746113678\n|-terastallize|p2a: Zamazenta|Fire\n|move|p1b: Rillaboom|Grassy Glide|p1a: Groudon\n|-supereffective|p1a: Groudon\n|-damage|p1a: Groudon|27/100\n|move|p2a: Zamazenta|Body Press|p1b: Rillaboom\n|-damage|p1b: Rillaboom|24/100\n|move|p1a: Groudon|Precipice Blades|p2a: Zamazenta|[spread] p2a,p2b\n|-supereffective|p2a: Zamazenta\n|-activate|p2b: Terapagos|ability: Tera Shell\n|-resisted|p2b: Terapagos\n|-damage|p2a: Zamazenta|66/100\n|-damage|p2b: Terapagos|83/100\n|move|p2b: Terapagos|Substitute|p2b: Terapagos\n|-start|p2b: Terapagos|Substitute\n|-damage|p2b: Terapagos|58/100\n|\n|-weather|SunnyDay|[upkeep]\n|-heal|p2a: Zamazenta|72/100|[from] Grassy Terrain\n|-heal|p1b: Rillaboom|30/100|[from] Grassy Terrain\n|-heal|p1a: Groudon|33/100|[from] Grassy Terrain\n|-heal|p2b: Terapagos|64/100|[from] Grassy Terrain\n|-heal|p2b: Terapagos|70/100|[from] item: Leftovers\n|upkeep\n|turn|3\n|c|\u2606PandasonPanda|wtf\n|\n|t:|1746113699\n|move|p2a: Zamazenta|Body Press|p1a: Groudon\n|-damage|p1a: Groudon|0 fnt\n|faint|p1a: Groudon\n|move|p1b: Rillaboom|Drain Punch|p2a: Zamazenta\n|-damage|p2a: Zamazenta|61/100\n|-heal|p1b: Rillaboom|35/100|[from] drain|[of] p2a: Zamazenta\n|move|p2b: Terapagos|Tera Starstorm|p1b: Rillaboom\n|-damage|p1b: Rillaboom|0 fnt\n|faint|p1b: Rillaboom\n|\n|-weather|SunnyDay|[upkeep]\n|-heal|p2a: Zamazenta|67/100|[from] Grassy Terrain\n|-heal|p2b: Terapagos|75/100|[from] Grassy Terrain\n|-heal|p2b: Terapagos|81/100|[from] item: Leftovers\n|upkeep\n|c|\u2606GIULIANO10|lol\n|\n|t:|1746113703\n|switch|p1b: Charizard|Charizard, L50, M|100/100\n|switch|p1a: Zamazenta|Zamazenta-Crowned, L50|100/100\n|-ability|p1a: Zamazenta|Dauntless Shield|boost\n|-boost|p1a: Zamazenta|def|1\n|turn|4\n|c|\u2606PandasonPanda|my\n|c|\u2606PandasonPanda|mouse\n|c|\u2606PandasonPanda|double clicked\n|c|\u2606PandasonPanda|grass glide is in first slot\n|inactive|PandasonPanda has 30 seconds left.\n|c|\u2606GIULIANO10|unlucky\n|inactive|PandasonPanda has 20 seconds left.\n|inactive|PandasonPanda has 15 seconds left.\n|inactive|PandasonPanda has 10 seconds left.\n|inactive|PandasonPanda has 5 seconds left.\n|\n|t:|1746113757\n|move|p1a: Zamazenta|Protect|p1a: Zamazenta\n|-singleturn|p1a: Zamazenta|Protect\n|move|p2a: Zamazenta|Protect|p2a: Zamazenta\n|-singleturn|p2a: Zamazenta|Protect\n|move|p1b: Charizard|Solar Beam||[still]\n|-prepare|p1b: Charizard|Solar Beam\n|-anim|p1b: Charizard|Solar Beam|p2a: Zamazenta\n|-activate|p2a: Zamazenta|move: Protect\n|move|p2b: Terapagos|Tera Starstorm|p1b: Charizard\n|-damage|p1b: Charizard|27/100\n|\n|-weather|SunnyDay|[upkeep]\n|-damage|p1b: Charizard|15/100|[from] ability: Solar Power|[of] p1b: Charizard\n|-heal|p2a: Zamazenta|73/100|[from] Grassy Terrain\n|-heal|p2b: Terapagos|87/100|[from] Grassy Terrain\n|-heal|p2b: Terapagos|93/100|[from] item: Leftovers\n|upkeep\n|turn|5\n|-message|PandasonPanda forfeited.\n|\n|win|GIULIANO10\n|l|\u2606PandasonPanda\n|player|p1|\n||PandasonPanda is ready for game 3.\n||GIULIANO10 is ready for game 3.\n|uhtml|next|Next: <a href=\"/battle-gen9vgc2025regibo3-2354720042\"><strong>Game 3 of 3</strong></a>\n", "uploadtime": 1746114047, "views": 5, "formatid": "gen9vgc2025regibo3", "rating": null, "private": 0, "password": null}