{"id": "gen9vgc2025regibo3-2353990678", "format": "[Gen 9] VGC 2025 Reg I (Bo3)", "players": ["D8finest", "hihatvgc"], "log": "|j|\u2606D8finest\n|j|\u2606hihatvgc\n|html|<table width=\"100%\"><tr><td align=\"left\">D8finest</td><td align=\"right\">hihatvgc</tr><tr><td align=\"left\"><i class=\"fa fa-circle-o\"></i> <i class=\"fa fa-circle-o\"></i> </td><td align=\"right\"><i class=\"fa fa-circle-o\"></i> <i class=\"fa fa-circle-o\"></i> </tr></table>\n|uhtml|bestof|<h2><strong>Game 1</strong> of <a href=\"/game-bestof3-gen9vgc2025regibo3-2353990677\">a best-of-3</a></h2>\n|t:|1746025508\n|gametype|doubles\n|player|p1|D8finest|102|1354\n|player|p2|hihatvgc|266|1319\n|teamsize|p1|6\n|teamsize|p2|6\n|gen|9\n|tier|[Gen 9] VGC 2025 Reg I (Bo3)\n|rated|\n|rule|Species Clause: Limit one of each Pok\u00e9mon\n|rule|Item Clause: Limit 1 of each item\n|clearpoke\n|poke|p1|Ogerpon-Cornerstone, L50, F|\n|poke|p1|Incineroar, L50, M|\n|poke|p1|Rillaboom, L50, F|\n|poke|p1|Terapagos, L50, M|\n|poke|p1|Koraidon, L50|\n|poke|p1|Flutter Mane, L50|\n|poke|p2|Ho-Oh, L50|\n|poke|p2|Zamazenta-*, L50|\n|poke|p2|Pikachu-Sinnoh, L50, M|\n|poke|p2|Ogerpon-Wellspring, L50, F|\n|poke|p2|Landorus, L50, M|\n|poke|p2|Grimmsnarl, L50, M|\n|teampreview|4\n|showteam|p1|Ogerpon-Cornerstone||CornerstoneMask|Sturdy|FollowMe,IvyCudgel,KnockOff,SpikyShield|||F|||50|,,,,,Rock]Incineroar||RockyHelmet|Intimidate|FakeOut,PartingShot,FlareBlitz,WillOWisp|||M|||50|,,,,,Bug]Rillaboom||AssaultVest|GrassySurge|FakeOut,WoodHammer,GrassyGlide,Uturn|||F|||50|,,,,,Water]Terapagos||Leftovers|TeraShift|EarthPower,TeraStarstorm,CalmMind,Protect|||M|||50|,,,,,Stellar]Koraidon||LifeOrb|OrichalcumPulse|CloseCombat,FlareBlitz,FlameCharge,Protect||||||50|,,,,,Fire]Flutter Mane||FocusSash|Protosynthesis|IcyWind,Moonblast,ShadowBall,Protect||||||50|,,,,,Ghost\n|showteam|p2|Ho-Oh||Leftovers|Regenerator|SacredFire,BraveBird,LifeDew,Protect||||||50|,,,,,Grass]Zamazenta-Crowned||RustedShield|DauntlessShield|BodyPress,behemothbash,WideGuard,Protect||||||50|,,,,,Grass]Pikachu-Sinnoh||FocusSash|LightningRod|Nuzzle,FakeOut,Endeavor,KnockOff|||M|||50|,,,,,Ghost]Ogerpon-Wellspring||WellspringMask|WaterAbsorb|IvyCudgel,HornLeech,FollowMe,SpikyShield|||F|||50|,,,,,Water]Landorus||ChoiceScarf|SheerForce|SandsearStorm,EarthPower,SludgeBomb,Crunch|||M|||50|,,,,,Water]Grimmsnarl||LightClay|Prankster|Reflect,LightScreen,SpiritBreak,ThunderWave|||M|||50|,,,,,Water\n|inactive|Battle timer is ON: inactive players will automatically lose when time's up. (requested by hihatvgc)\n|inactive|hihatvgc has 60 seconds left.\n|inactive|hihatvgc has 30 seconds left.\n|inactive|hihatvgc has 20 seconds left.\n|inactive|hihatvgc has 15 seconds left.\n|inactive|hihatvgc has 10 seconds left.\n|\n|t:|1746025600\n|start\n|switch|p1a: Incineroar|Incineroar, L50, M|100/100\n|switch|p1b: Terapagos|Terapagos, L50, M|100/100\n|switch|p2a: Ho-Oh|Ho-Oh, L50|100/100\n|switch|p2b: Ogerpon|Ogerpon-Wellspring, L50, F|100/100\n|-activate|p1b: Terapagos|ability: Tera Shift\n|detailschange|p1b: Terapagos|Terapagos-Terastal, L50, M\n|-heal|p1b: Terapagos|100/100|[silent]\n|-ability|p1a: Incineroar|Intimidate|boost\n|-unboost|p2a: Ho-Oh|atk|1\n|-unboost|p2b: Ogerpon|atk|1\n|turn|1\n|\n|t:|1746025614\n|move|p1a: Incineroar|Fake Out|p2a: Ho-Oh\n|-damage|p2a: Ho-Oh|92/100\n|move|p2b: Ogerpon|Ivy Cudgel|p1b: Terapagos|[anim] Ivy Cudgel Water\n|-activate|p1b: Terapagos|ability: Tera Shell\n|-resisted|p1b: Terapagos\n|-damage|p1b: Terapagos|89/100\n|move|p1b: Terapagos|Calm Mind|p1b: Terapagos\n|-boost|p1b: Terapagos|spa|1\n|-boost|p1b: Terapagos|spd|1\n|cant|p2a: Ho-Oh|flinch\n|\n|-heal|p1b: Terapagos|95/100|[from] item: Leftovers\n|-heal|p2a: Ho-Oh|98/100|[from] item: Leftovers\n|upkeep\n|turn|2\n|\n|t:|1746025629\n|move|p2b: Ogerpon|Ivy Cudgel|p1a: Incineroar|[anim] Ivy Cudgel Water\n|-supereffective|p1a: Incineroar\n|-damage|p1a: Incineroar|47/100\n|move|p1b: Terapagos|Calm Mind|p1b: Terapagos\n|-boost|p1b: Terapagos|spa|1\n|-boost|p1b: Terapagos|spd|1\n|move|p2a: Ho-Oh|Brave Bird|p1a: Incineroar\n|-damage|p1a: Incineroar|18/100\n|-damage|p2a: Ho-Oh|81/100|[from] item: Rocky Helmet|[of] p1a: Incineroar\n|-damage|p2a: Ho-Oh|72/100|[from] Recoil\n|move|p1a: Incineroar|Parting Shot|p2a: Ho-Oh\n|-unboost|p2a: Ho-Oh|atk|1\n|-unboost|p2a: Ho-Oh|spa|1\n|\n|t:|1746025633\n|switch|p1a: Ogerpon|Ogerpon-Cornerstone, L50, F|100/100|[from] Parting Shot\n|\n|-heal|p1b: Terapagos|100/100|[from] item: Leftovers\n|-heal|p2a: Ho-Oh|78/100|[from] item: Leftovers\n|upkeep\n|turn|3\n|\n|t:|1746025642\n|switch|p2a: Zamazenta|Zamazenta-Crowned, L50|100/100\n|-ability|p2a: Zamazenta|Dauntless Shield|boost\n|-boost|p2a: Zamazenta|def|1\n|move|p1a: Ogerpon|Spiky Shield|p1a: Ogerpon\n|-singleturn|p1a: Ogerpon|move: Protect\n|move|p2b: Ogerpon|Ivy Cudgel|p1a: Ogerpon|[anim] Ivy Cudgel Water\n|-activate|p1a: Ogerpon|move: Protect\n|move|p1b: Terapagos|Calm Mind|p1b: Terapagos\n|-boost|p1b: Terapagos|spa|1\n|-boost|p1b: Terapagos|spd|1\n|\n|upkeep\n|turn|4\n|inactive|hihatvgc has 30 seconds left.\n|inactive|hihatvgc has 20 seconds left.\n|\n|t:|1746025681\n|switch|p1a: Incineroar|Incineroar, L50, M|18/100\n|-ability|p1a: Incineroar|Intimidate|boost\n|-unboost|p2a: Zamazenta|atk|1\n|-unboost|p2b: Ogerpon|atk|1\n|-terastallize|p2a: Zamazenta|Grass\n|move|p2a: Zamazenta|Body Press|p1b: Terapagos\n|-activate|p1b: Terapagos|ability: Tera Shell\n|-resisted|p1b: Terapagos\n|-damage|p1b: Terapagos|78/100\n|move|p2b: Ogerpon|Ivy Cudgel|p1b: Terapagos|[anim] Ivy Cudgel Water\n|-damage|p1b: Terapagos|57/100\n|move|p1b: Terapagos|Tera Starstorm|p2b: Ogerpon\n|-damage|p2b: Ogerpon|0 fnt\n|faint|p2b: Ogerpon\n|\n|-heal|p1b: Terapagos|64/100|[from] item: Leftovers\n|upkeep\n|\n|t:|1746025692\n|switch|p2b: Ho-Oh|Ho-Oh, L50|100/100\n|turn|5\n|\n|t:|1746025704\n|switch|p1a: Ogerpon|Ogerpon-Cornerstone, L50, F|100/100\n|move|p2a: Zamazenta|Body Press|p1b: Terapagos\n|-supereffective|p1b: Terapagos\n|-damage|p1b: Terapagos|0 fnt\n|faint|p1b: Terapagos\n|move|p2b: Ho-Oh|Brave Bird|p1a: Ogerpon\n|-damage|p1a: Ogerpon|34/100\n|-damage|p2b: Ho-Oh|84/100|[from] Recoil\n|\n|-heal|p2b: Ho-Oh|90/100|[from] item: Leftovers\n|upkeep\n|\n|t:|1746025709\n|switch|p1b: Koraidon|Koraidon, L50|100/100\n|-weather|SunnyDay|[from] ability: Orichalcum Pulse|[of] p1b: Koraidon\n|-activate|p1b: Koraidon|Orichalcum Pulse|[source]\n|turn|6\n|inactive|hihatvgc has 30 seconds left.\n|\n|t:|1746025743\n|switch|p2b: Landorus|Landorus, L50, M|100/100\n|-terastallize|p1b: Koraidon|Fire\n|move|p2a: Zamazenta|Protect|p2a: Zamazenta\n|-singleturn|p2a: Zamazenta|Protect\n|move|p1b: Koraidon|Flare Blitz|p2a: Zamazenta\n|-activate|p2a: Zamazenta|move: Protect\n|move|p1a: Ogerpon|Ivy Cudgel|p2b: Landorus|[anim] Ivy Cudgel Rock\n|-crit|p2b: Landorus\n|-damage|p2b: Landorus|0 fnt\n|faint|p2b: Landorus\n|\n|-weather|SunnyDay|[upkeep]\n|upkeep\n|\n|t:|1746025756\n|switch|p2b: Ho-Oh|Ho-Oh, L50|100/100\n|turn|7\n|\n|t:|1746025765\n|move|p1b: Koraidon|Flare Blitz|p2a: Zamazenta\n|-supereffective|p2a: Zamazenta\n|-damage|p2a: Zamazenta|0 fnt\n|faint|p2a: Zamazenta\n|-damage|p1b: Koraidon|69/100|[from] Recoil\n|-damage|p1b: Koraidon|59/100|[from] item: Life Orb\n|move|p1a: Ogerpon|Ivy Cudgel|p2b: Ho-Oh|[anim] Ivy Cudgel Rock\n|-supereffective|p2b: Ho-Oh\n|-crit|p2b: Ho-Oh\n|-damage|p2b: Ho-Oh|0 fnt\n|faint|p2b: Ho-Oh\n|\n|win|D8finest\n||D8finest is ready for game 2.\n|inactive|hihatvgc has 30 seconds to confirm battle start!\n|inactive|hihatvgc has 20 seconds to confirm battle start!\n|inactive|hihatvgc has 10 seconds to confirm battle start!\n|l|\u2606D8finest\n|player|p1|\n||hihatvgc is ready for game 2.\n|uhtml|next|Next: <a href=\"/battle-gen9vgc2025regibo3-2353994033\"><strong>Game 2 of 3</strong></a>\n|j|\u2606D8finest\n|player|p1|D8finest|102|\n|l|\u2606D8finest\n|player|p1|\n", "uploadtime": 1746026133, "views": 6, "formatid": "gen9vgc2025regibo3", "rating": null, "private": 0, "password": null}