{"id": "gen9vgc2025regibo3-2354975211", "format": "[Gen 9] VGC 2025 Reg I (Bo3)", "players": ["iiFWM", "tobiasderraecher"], "log": "|j|\u2606iiFWM\n|j|\u2606tobiasderraecher\n|html|<table width=\"100%\"><tr><td align=\"left\">iiFWM</td><td align=\"right\">tobiasderraecher</tr><tr><td align=\"left\"><i class=\"fa fa-circle-o\"></i> <i class=\"fa fa-circle-o\"></i> </td><td align=\"right\"><i class=\"fa fa-circle-o\"></i> <i class=\"fa fa-circle-o\"></i> </tr></table>\n|uhtml|bestof|<h2><strong>Game 1</strong> of <a href=\"/game-bestof3-gen9vgc2025regibo3-2354975210\">a best-of-3</a></h2>\n|t:|1746137621\n|gametype|doubles\n|player|p1|iiFWM|cyrus|1331\n|player|p2|tobiasderraecher|cyclist-gen4|1266\n|teamsize|p1|6\n|teamsize|p2|6\n|gen|9\n|tier|[Gen 9] VGC 2025 Reg I (Bo3)\n|rated|\n|rule|Species Clause: Limit one of each Pok\u00e9mon\n|rule|Item Clause: Limit 1 of each item\n|clearpoke\n|poke|p1|Miraidon, L50|\n|poke|p1|Ho-Oh, L50|\n|poke|p1|Iron Treads, L50|\n|poke|p1|Iron Hands, L50|\n|poke|p1|Farigiraf, L50, F|\n|poke|p1|Chien-Pao, L50|\n|poke|p2|Koraidon, L50|\n|poke|p2|Ho-Oh, L50|\n|poke|p2|Walking Wake, L50|\n|poke|p2|Rillaboom, L50, F|\n|poke|p2|Sandy Shocks, L50|\n|poke|p2|Cobalion, L50|\n|teampreview|4\n|showteam|p1|Miraidon||ChoiceSpecs|HadronEngine|ElectroDrift,DracoMeteor,DazzlingGleam,VoltSwitch||||||50|,,,,,Fairy]Ho-Oh||ClearAmulet|Regenerator|Tailwind,SacredFire,BraveBird,Protect||||||50|,,,,,Grass]Iron Treads||ChoiceBand|QuarkDrive|SteelRoller,IronHead,HighHorsepower,Earthquake||||||50|,,,,,Ghost]Iron Hands||AssaultVest|QuarkDrive|DrainPunch,FakeOut,LowKick,HeavySlam||||||50|,,,,,Water]Farigiraf||ElectricSeed|ArmorTail|FoulPlay,Psychic,TrickRoom,HelpingHand|||F|||50|,,,,,Water]Chien-Pao||FocusSash|SwordofRuin|IcicleCrash,Crunch,SuckerPunch,Protect||||||50|,,,,,Stellar\n|showteam|p2|Koraidon||LifeOrb|OrichalcumPulse|FlareBlitz,CloseCombat,FlameCharge,Protect||||||50|,,,,,Fire]Ho-Oh||ClearAmulet|Regenerator|SacredFire,BraveBird,Recover,Protect||||||50|,,,,,Grass]Walking Wake||ChoiceSpecs|Protosynthesis|DracoMeteor,HydroSteam,Snarl,MudShot||||||50|,,,,,Steel]Rillaboom||AssaultVest|GrassySurge|WoodHammer,GrassyGlide,FakeOut,Uturn|||F|||50|,,,,,Fire]Sandy Shocks||FocusSash|Protosynthesis|EarthPower,Thunderbolt,Electroweb,Protect||||||50|,,,,,Stellar]Cobalion||GrassySeed|Justified|BodyPress,IronDefense,Coaching,Protect||||||50|,,,,,Fairy\n|inactive|Battle timer is ON: inactive players will automatically lose when time's up. (requested by iiFWM)\n|inactive|iiFWM has 60 seconds left.\n|inactive|tobiasderraecher has 60 seconds left.\n|\n|t:|1746137670\n|start\n|switch|p1a: Miraidon|Miraidon, L50|100/100\n|switch|p1b: Iron Treads|Iron Treads, L50|100/100\n|switch|p2a: Koraidon|Koraidon, L50|100/100\n|switch|p2b: Rillaboom|Rillaboom, L50, F|100/100\n|-fieldstart|move: Electric Terrain|[from] ability: Hadron Engine|[of] p1a: Miraidon\n|-activate|p1b: Iron Treads|ability: Quark Drive\n|-start|p1b: Iron Treads|quarkdrivespe\n|-weather|SunnyDay|[from] ability: Orichalcum Pulse|[of] p2a: Koraidon\n|-activate|p2a: Koraidon|Orichalcum Pulse|[source]\n|-fieldstart|move: Grassy Terrain|[from] ability: Grassy Surge|[of] p2b: Rillaboom\n|-end|p1b: Iron Treads|Quark Drive\n|turn|1\n|inactive|iiFWM has 30 seconds left.\n|inactive|tobiasderraecher has 30 seconds left.\n|\n|t:|1746137698\n|-end|p1b: Iron Treads|Quark Drive|[silent]\n|switch|p1b: Farigiraf|Farigiraf, L50, F|100/100\n|-terastallize|p1a: Miraidon|Fairy\n|move|p2b: Rillaboom|Fake Out||[still]\n|cant|p1b: Farigiraf|ability: Armor Tail|Fake Out|[of] p2b: Rillaboom\n|move|p1a: Miraidon|Dazzling Gleam|p2a: Koraidon|[spread] p2a,p2b\n|-supereffective|p2a: Koraidon\n|-damage|p2a: Koraidon|0 fnt\n|-damage|p2b: Rillaboom|68/100\n|faint|p2a: Koraidon\n|\n|-weather|SunnyDay|[upkeep]\n|-heal|p2b: Rillaboom|74/100|[from] Grassy Terrain\n|upkeep\n|\n|t:|1746137710\n|switch|p2a: Walking Wake|Walking Wake, L50|100/100\n|-activate|p2a: Walking Wake|ability: Protosynthesis\n|-start|p2a: Walking Wake|protosynthesisspe\n|turn|2\n|inactive|iiFWM has 30 seconds left.\n|inactive|iiFWM has 20 seconds left.\n|inactive|iiFWM has 15 seconds left.\n|inactive|iiFWM has 10 seconds left.\n|\n|t:|1746137756\n|switch|p1a: Iron Treads|Iron Treads, L50|100/100\n|-terastallize|p2a: Walking Wake|Steel\n|move|p2a: Walking Wake|Hydro Steam|p1a: Iron Treads\n|-supereffective|p1a: Iron Treads\n|-damage|p1a: Iron Treads|0 fnt\n|faint|p1a: Iron Treads\n|-end|p1a: Iron Treads|Quark Drive|[silent]\n|move|p2b: Rillaboom|Wood Hammer|p1b: Farigiraf\n|-damage|p1b: Farigiraf|41/100\n|-damage|p2b: Rillaboom|53/100|[from] Recoil\n|move|p1b: Farigiraf|Trick Room|p1b: Farigiraf\n|-fieldstart|move: Trick Room|[of] p1b: Farigiraf\n|\n|-weather|SunnyDay|[upkeep]\n|-heal|p1b: Farigiraf|47/100|[from] Grassy Terrain\n|-heal|p2b: Rillaboom|58/100|[from] Grassy Terrain\n|upkeep\n|\n|t:|1746137774\n|switch|p1a: Miraidon|Miraidon, L50, tera:Fairy|100/100\n|-fieldstart|move: Electric Terrain|[from] ability: Hadron Engine|[of] p1a: Miraidon\n|-enditem|p1b: Farigiraf|Electric Seed\n|-boost|p1b: Farigiraf|def|1|[from] item: Electric Seed\n|turn|3\n|inactive|iiFWM has 30 seconds left.\n|inactive|tobiasderraecher has 30 seconds left.\n|\n|t:|1746137807\n|-end|p2a: Walking Wake|Protosynthesis|[silent]\n|switch|p2a: Sandy Shocks|Sandy Shocks, L50|100/100\n|-activate|p2a: Sandy Shocks|ability: Protosynthesis\n|-start|p2a: Sandy Shocks|protosynthesisspe\n|move|p1b: Farigiraf|Psychic|p2a: Sandy Shocks\n|-damage|p2a: Sandy Shocks|58/100\n|move|p2b: Rillaboom|U-turn|p1b: Farigiraf\n|-supereffective|p1b: Farigiraf\n|-damage|p1b: Farigiraf|26/100\n|\n|t:|1746137816\n|switch|p2b: Walking Wake|Walking Wake, L50, tera:Steel|100/100|[from] U-turn\n|-activate|p2b: Walking Wake|ability: Protosynthesis\n|-start|p2b: Walking Wake|protosynthesisspe\n|move|p1a: Miraidon|Electro Drift|p2a: Sandy Shocks\n|-immune|p2a: Sandy Shocks\n|\n|-weather|SunnyDay|[upkeep]\n|upkeep\n|turn|4\n|inactive|tobiasderraecher has 30 seconds left.\n|inactive|iiFWM has 30 seconds left.\n|inactive|iiFWM has 20 seconds left.\n|\n|t:|1746137861\n|switch|p1a: Ho-Oh|Ho-Oh, L50|100/100\n|-end|p2b: Walking Wake|Protosynthesis|[silent]\n|switch|p2b: Rillaboom|Rillaboom, L50, F|58/100\n|-fieldstart|move: Grassy Terrain|[from] ability: Grassy Surge|[of] p2b: Rillaboom\n|move|p1b: Farigiraf|Psychic|p2a: Sandy Shocks\n|-damage|p2a: Sandy Shocks|13/100\n|-unboost|p2a: Sandy Shocks|spd|1\n|move|p2a: Sandy Shocks|Thunderbolt|p1a: Ho-Oh\n|-supereffective|p1a: Ho-Oh\n|-damage|p1a: Ho-Oh|47/100\n|\n|-weather|SunnyDay|[upkeep]\n|-heal|p1b: Farigiraf|32/100|[from] Grassy Terrain\n|-heal|p2b: Rillaboom|64/100|[from] Grassy Terrain\n|-heal|p2a: Sandy Shocks|19/100|[from] Grassy Terrain\n|upkeep\n|turn|5\n|\n|t:|1746137882\n|move|p2a: Sandy Shocks|Protect|p2a: Sandy Shocks\n|-singleturn|p2a: Sandy Shocks|Protect\n|move|p1b: Farigiraf|Psychic|p2a: Sandy Shocks\n|-activate|p2a: Sandy Shocks|move: Protect\n|move|p2b: Rillaboom|U-turn|p1b: Farigiraf\n|-supereffective|p1b: Farigiraf\n|-damage|p1b: Farigiraf|7/100\n|\n|t:|1746137889\n|switch|p2b: Walking Wake|Walking Wake, L50, tera:Steel|100/100|[from] U-turn\n|-activate|p2b: Walking Wake|ability: Protosynthesis\n|-start|p2b: Walking Wake|protosynthesisspe\n|move|p1a: Ho-Oh|Sacred Fire|p2b: Walking Wake\n|-supereffective|p2b: Walking Wake\n|-damage|p2b: Walking Wake|0 fnt\n|faint|p2b: Walking Wake\n|-end|p2b: Walking Wake|Protosynthesis|[silent]\n|\n|-weather|none\n|-end|p2a: Sandy Shocks|Protosynthesis\n|-heal|p1b: Farigiraf|13/100|[from] Grassy Terrain\n|-heal|p2a: Sandy Shocks|25/100|[from] Grassy Terrain\n|upkeep\n|\n|t:|1746137897\n|switch|p2b: Rillaboom|Rillaboom, L50, F|64/100\n|turn|6\n|\n|t:|1746137925\n|move|p1a: Ho-Oh|Protect|p1a: Ho-Oh\n|-singleturn|p1a: Ho-Oh|Protect\n|move|p1b: Farigiraf|Psychic|p2a: Sandy Shocks\n|-damage|p2a: Sandy Shocks|0 fnt\n|faint|p2a: Sandy Shocks\n|-end|p2a: Sandy Shocks|Protosynthesis|[silent]\n|move|p2b: Rillaboom|U-turn|p1b: Farigiraf\n|-supereffective|p1b: Farigiraf\n|-damage|p1b: Farigiraf|0 fnt\n|faint|p1b: Farigiraf\n|\n|-heal|p2b: Rillaboom|70/100|[from] Grassy Terrain\n|-fieldend|move: Trick Room\n|upkeep\n|\n|t:|1746137932\n|switch|p1b: Miraidon|Miraidon, L50, tera:Fairy|100/100\n|-fieldstart|move: Electric Terrain|[from] ability: Hadron Engine|[of] p1b: Miraidon\n|turn|7\n|-message|tobiasderraecher forfeited.\n|\n|win|iiFWM\n||tobiasderraecher is ready for game 2.\n||iiFWM is ready for game 2.\n|uhtml|next|Next: <a href=\"/battle-gen9vgc2025regibo3-2354978152\"><strong>Game 2 of 3</strong></a>\n", "uploadtime": 1746138337, "views": 5, "formatid": "gen9vgc2025regibo3", "rating": null, "private": 0, "password": null}