{"id": "gen9vgc2025regibo3-2354386895", "format": "[Gen 9] VGC 2025 Reg I (Bo3)", "players": ["nintendoswitch200", "drwildy"], "log": "|j|\u2606nintendoswitch200\n|j|\u2606drwildy\n|html|<table width=\"100%\"><tr><td align=\"left\">nintendoswitch200</td><td align=\"right\">drwildy</tr><tr><td align=\"left\"><i class=\"fa fa-circle-o\"></i> <i class=\"fa fa-circle-o\"></i> </td><td align=\"right\"><i class=\"fa fa-circle-o\"></i> <i class=\"fa fa-circle\"></i> </tr></table>\n|uhtml|bestof|<h2><strong>Game 2</strong> of <a href=\"/game-bestof3-gen9vgc2025regibo3-2354385381\">a best-of-3</a></h2>\n|t:|1746065054\n|gametype|doubles\n|player|p1|nintendoswitch200|turo|1226\n|player|p2|drwildy|ninjaboy|1134\n|teamsize|p1|6\n|teamsize|p2|6\n|gen|9\n|tier|[Gen 9] VGC 2025 Reg I (Bo3)\n|rated|\n|rule|Species Clause: Limit one of each Pok\u00e9mon\n|rule|Item Clause: Limit 1 of each item\n|clearpoke\n|poke|p1|Urshifu-*, L50, M|\n|poke|p1|Incineroar, L50, M|\n|poke|p1|Calyrex-Shadow, L50|\n|poke|p1|Raging Bolt, L50|\n|poke|p1|Rillaboom, L50, F|\n|poke|p1|Zamazenta-*, L50|\n|poke|p2|Eternatus, L50|\n|poke|p2|Koraidon, L50|\n|poke|p2|Whimsicott, L50, F|\n|poke|p2|Rillaboom, L50, M|\n|poke|p2|Walking Wake, L50|\n|poke|p2|Chi-Yu, L50|\n|teampreview|4\n|showteam|p1|Urshifu-Rapid-Strike||FocusSash|UnseenFist|Detect,SurgingStrikes,CloseCombat,AquaJet|||M|||50|,,,,,Stellar]Incineroar||SafetyGoggles|Intimidate|FakeOut,PartingShot,HelpingHand,KnockOff|||M|||50|,,,,,Ghost]Calyrex-Shadow||CovertCloak|AsOneSpectrier|Protect,NastyPlot,AstralBarrage,Psyshock||||||50|,,,,,Water]Raging Bolt||BoosterEnergy|Protosynthesis|Protect,Thunderclap,DragonPulse,Thunderbolt||||||50|,,,,,Fairy]Rillaboom||AssaultVest|GrassySurge|FakeOut,GrassyGlide,WoodHammer,Uturn|||F|||50|,,,,,Fire]Zamazenta-Crowned||RustedShield|DauntlessShield|Protect,BodyPress,WideGuard,HeavySlam||||||50|,,,,,Dragon\n|showteam|p2|Eternatus||LifeOrb|Pressure|DynamaxCannon,SludgeBomb,Protect,Flamethrower||||||50|,,,,,Bug]Koraidon||ClearAmulet|OrichalcumPulse|CloseCombat,FlareBlitz,FlameCharge,Protect||||||50|,,,,,Fire]Whimsicott||CovertCloak|Prankster|Tailwind,Encore,SunnyDay,Moonblast|||F|||50|,,,,,Dark]Rillaboom||AssaultVest|GrassySurge|WoodHammer,GrassyGlide,Uturn,FakeOut|||M|||50|,,,,,Fire]Walking Wake||ChoiceSpecs|Protosynthesis|HydroSteam,DracoMeteor,Flamethrower,Snarl||||||50|,,,,,Ghost]Chi-Yu||ChoiceScarf|BeadsofRuin|DarkPulse,Snarl,HeatWave,Overheat||||||50|,,,,,Ghost\n|inactive|Battle timer is ON: inactive players will automatically lose when time's up. (requested by nintendoswitch200)\n|inactive|drwildy has 60 seconds left.\n|inactive|drwildy has 30 seconds left.\n|\n|t:|1746065122\n|start\n|switch|p1a: Calyrex|Calyrex-Shadow, L50|100/100\n|switch|p1b: Incineroar|Incineroar, L50, M|100/100\n|switch|p2a: Koraidon|Koraidon, L50|100/100\n|switch|p2b: Whimsicott|Whimsicott, L50, F, shiny|100/100\n|-ability|p1a: Calyrex|As One\n|-ability|p1a: Calyrex|Unnerve\n|-weather|SunnyDay|[from] ability: Orichalcum Pulse|[of] p2a: Koraidon\n|-activate|p2a: Koraidon|Orichalcum Pulse|[source]\n|-ability|p1b: Incineroar|Intimidate|boost\n|-fail|p2a: Koraidon|unboost|[from] item: Clear Amulet|[of] p2a: Koraidon\n|-unboost|p2b: Whimsicott|atk|1\n|turn|1\n|inactive|nintendoswitch200 has 30 seconds left.\n|\n|t:|1746065153\n|switch|p1b: Rillaboom|Rillaboom, L50, F|100/100\n|-fieldstart|move: Grassy Terrain|[from] ability: Grassy Surge|[of] p1b: Rillaboom\n|-terastallize|p1a: Calyrex|Water\n|move|p2a: Koraidon|Protect|p2a: Koraidon\n|-singleturn|p2a: Koraidon|Protect\n|move|p2b: Whimsicott|Tailwind|p2b: Whimsicott\n|-sidestart|p2: drwildy|move: Tailwind\n|move|p1a: Calyrex|Astral Barrage|p2b: Whimsicott|[spread] p2b\n|-activate|p2a: Koraidon|move: Protect\n|-damage|p2b: Whimsicott|42/100\n|\n|-weather|SunnyDay|[upkeep]\n|-heal|p2b: Whimsicott|48/100|[from] Grassy Terrain\n|upkeep\n|turn|2\n|inactive|drwildy has 30 seconds left.\n|inactive|drwildy has 20 seconds left.\n|inactive|drwildy has 15 seconds left.\n|\n|t:|1746065195\n|switch|p2a: Chi-Yu|Chi-Yu, L50|100/100\n|-ability|p2a: Chi-Yu|Beads of Ruin\n|move|p1b: Rillaboom|Fake Out|p2a: Chi-Yu\n|-damage|p2a: Chi-Yu|80/100\n|move|p2b: Whimsicott|Moonblast|p1a: Calyrex\n|-damage|p1a: Calyrex|66/100\n|move|p1a: Calyrex|Astral Barrage|p2a: Chi-Yu|[spread] p2a,p2b\n|-resisted|p2a: Chi-Yu\n|-damage|p2a: Chi-Yu|51/100\n|-damage|p2b: Whimsicott|0 fnt\n|faint|p2b: Whimsicott\n|-ability|p1a: Calyrex|Grim Neigh|boost\n|-boost|p1a: Calyrex|spa|1\n|\n|-weather|SunnyDay|[upkeep]\n|-heal|p2a: Chi-Yu|57/100|[from] Grassy Terrain\n|-heal|p1a: Calyrex|72/100|[from] Grassy Terrain\n|upkeep\n|\n|t:|1746065213\n|switch|p2b: Koraidon|Koraidon, L50|100/100\n|-activate|p2b: Koraidon|ability: Orichalcum Pulse\n|turn|3\n|inactive|nintendoswitch200 has 30 seconds left.\n|inactive|drwildy has 30 seconds left.\n|\n|t:|1746065242\n|switch|p1b: Incineroar|Incineroar, L50, M|100/100\n|-ability|p1b: Incineroar|Intimidate|boost\n|-unboost|p2a: Chi-Yu|atk|1\n|-fail|p2b: Koraidon|unboost|[from] item: Clear Amulet|[of] p2b: Koraidon\n|-terastallize|p2b: Koraidon|Fire\n|move|p1a: Calyrex|Protect|p1a: Calyrex\n|-singleturn|p1a: Calyrex|Protect\n|move|p2a: Chi-Yu|Dark Pulse|p1a: Calyrex\n|-activate|p1a: Calyrex|move: Protect\n|move|p2b: Koraidon|Flame Charge|p1b: Incineroar\n|-resisted|p1b: Incineroar\n|-damage|p1b: Incineroar|75/100\n|-boost|p2b: Koraidon|spe|1\n|\n|-weather|SunnyDay|[upkeep]\n|-heal|p2a: Chi-Yu|63/100|[from] Grassy Terrain\n|-heal|p1a: Calyrex|78/100|[from] Grassy Terrain\n|-heal|p1b: Incineroar|81/100|[from] Grassy Terrain\n|upkeep\n|turn|4\n|inactive|drwildy has 30 seconds left.\n|\n|t:|1746065270\n|move|p1b: Incineroar|Fake Out|p2b: Koraidon\n|-damage|p2b: Koraidon|90/100\n|cant|p2b: Koraidon|flinch\n|move|p2a: Chi-Yu|Dark Pulse|p1a: Calyrex\n|-damage|p1a: Calyrex|21/100\n|move|p1a: Calyrex|Astral Barrage|p2b: Koraidon|[spread] p2a,p2b\n|-resisted|p2a: Chi-Yu\n|-damage|p2a: Chi-Yu|17/100\n|-damage|p2b: Koraidon|0 fnt\n|faint|p2b: Koraidon\n|-ability|p1a: Calyrex|Grim Neigh|boost\n|-boost|p1a: Calyrex|spa|1\n|\n|-weather|SunnyDay|[upkeep]\n|-heal|p2a: Chi-Yu|23/100|[from] Grassy Terrain\n|-heal|p1a: Calyrex|27/100|[from] Grassy Terrain\n|-heal|p1b: Incineroar|87/100|[from] Grassy Terrain\n|-sideend|p2: drwildy|move: Tailwind\n|upkeep\n|\n|t:|1746065285\n|switch|p2b: Eternatus|Eternatus, L50|100/100\n|-ability|p2b: Eternatus|Pressure\n|turn|5\n|inactive|nintendoswitch200 has 30 seconds left.\n|\n|t:|1746065317\n|switch|p1b: Rillaboom|Rillaboom, L50, F|100/100\n|move|p1a: Calyrex|Protect|p1a: Calyrex\n|-singleturn|p1a: Calyrex|Protect\n|move|p2a: Chi-Yu|Dark Pulse|p1a: Calyrex\n|-activate|p1a: Calyrex|move: Protect\n|move|p2b: Eternatus|Dynamax Cannon|p1b: Rillaboom\n|-damage|p1b: Rillaboom|43/100\n|-damage|p2b: Eternatus|91/100|[from] item: Life Orb\n|\n|-weather|none\n|-heal|p2a: Chi-Yu|30/100|[from] Grassy Terrain\n|-heal|p1a: Calyrex|33/100|[from] Grassy Terrain\n|-heal|p2b: Eternatus|97/100|[from] Grassy Terrain\n|-heal|p1b: Rillaboom|49/100|[from] Grassy Terrain\n|-fieldend|move: Grassy Terrain\n|upkeep\n|turn|6\n|inactive|drwildy has 30 seconds left.\n|\n|t:|1746065348\n|move|p1b: Rillaboom|Fake Out|p2a: Chi-Yu\n|-damage|p2a: Chi-Yu|7/100\n|cant|p2a: Chi-Yu|flinch\n|move|p1a: Calyrex|Astral Barrage|p2b: Eternatus|[spread] p2a,p2b\n|-resisted|p2a: Chi-Yu\n|-damage|p2a: Chi-Yu|0 fnt\n|-damage|p2b: Eternatus|0 fnt\n|faint|p2a: Chi-Yu\n|faint|p2b: Eternatus\n|\n|win|nintendoswitch200\n||drwildy is ready for game 3.\n|inactive|nintendoswitch200 has 30 seconds to confirm battle start!\n||nintendoswitch200 is ready for game 3.\n|uhtml|next|Next: <a href=\"/battle-gen9vgc2025regibo3-2354389386\"><strong>Game 3 of 3</strong></a>\n|l|\u2606drwildy\n|player|p2|\n", "uploadtime": 1746065358, "views": 9, "formatid": "gen9vgc2025regibo3", "rating": null, "private": 0, "password": null}