{"id": "gen9vgc2025regibo3-2354961060", "format": "[Gen 9] VGC 2025 Reg I (Bo3)", "players": ["bartcr0987", "Tio_plox"], "log": "|j|\u2606bartcr0987\n|j|\u2606Tio_plox\n|html|<table width=\"100%\"><tr><td align=\"left\">bartcr0987</td><td align=\"right\">Tio_plox</tr><tr><td align=\"left\"><i class=\"fa fa-circle\"></i> <i class=\"fa fa-circle-o\"></i> </td><td align=\"right\"><i class=\"fa fa-circle-o\"></i> <i class=\"fa fa-circle\"></i> </tr></table>\n|uhtml|bestof|<h2><strong>Game 3</strong> of <a href=\"/game-bestof3-gen9vgc2025regibo3-2354955271\">a best-of-3</a></h2>\n|t:|1746136071\n|gametype|doubles\n|player|p1|bartcr0987|lance|\n|player|p2|Tio_plox|ghetsis|\n|teamsize|p1|6\n|teamsize|p2|6\n|gen|9\n|tier|[Gen 9] VGC 2025 Reg I (Bo3)\n|rule|Species Clause: Limit one of each Pok\u00e9mon\n|rule|Item Clause: Limit 1 of each item\n|clearpoke\n|poke|p1|Koraidon, L50|\n|poke|p1|Lunala, L50|\n|poke|p1|Rillaboom, L50, M|\n|poke|p1|Tornadus, L50, M|\n|poke|p1|Ogerpon-Cornerstone, L50, F|\n|poke|p1|Urshifu-*, L50, M|\n|poke|p2|Incineroar, L50, M|\n|poke|p2|Flutter Mane, L50|\n|poke|p2|Calyrex-Shadow, L50|\n|poke|p2|Miraidon, L50|\n|poke|p2|Grimmsnarl, L50, M|\n|poke|p2|Pelipper, L50, F|\n|teampreview|4\n|showteam|p1|Koraidon||ClearAmulet|OrichalcumPulse|CloseCombat,FlareBlitz,FlameCharge,Protect||||||50|,,,,,Fire]Lunala||PowerHerb|ShadowShield|MoongeistBeam,MeteorBeam,WideGuard,TrickRoom||||||50|,,,,,Fairy]Rillaboom||AssaultVest|GrassySurge|FakeOut,GrassyGlide,KnockOff,Uturn|||M|||50|,,,,,Fire]Tornadus||MentalHerb|Prankster|BleakwindStorm,Protect,Tailwind,SunnyDay|||M|||50|,,,,,Ghost]Ogerpon-Cornerstone||CornerstoneMask|Sturdy|IvyCudgel,GrassyGlide,FollowMe,SpikyShield|||F|||50|,,,,,Rock]Urshifu||FocusSash|UnseenFist|WickedBlow,SuckerPunch,Detect,CloseCombat|||M|||50|,,,,,Stellar\n|showteam|p2|Incineroar||AssaultVest|Intimidate|FakeOut,TemperFlare,KnockOff,Snarl|||M|||50|,,,,,Grass]Flutter Mane||FocusSash|Protosynthesis|Protect,ShadowBall,Moonblast,Taunt||||||50|,,,,,Ghost]Calyrex-Shadow||SafetyGoggles|AsOneSpectrier|AstralBarrage,Protect,DrainingKiss,CalmMind||||||50|,,,,,Fairy]Miraidon||ChoiceSpecs|HadronEngine|ElectroDrift,VoltSwitch,Thunder,DragonPulse||||||50|,,,,,Electric]Grimmsnarl||Leftovers|Prankster|FakeOut,LightScreen,Reflect,SpiritBreak|||M|||50|,,,,,Ghost]Pelipper||DampRock|Drizzle|Protect,WideGuard,Hurricane,WeatherBall|||F|||50|,,,,,Ground\n|inactive|Battle timer is ON: inactive players will automatically lose when time's up. (requested by bartcr0987)\n|\n|t:|1746136106\n|start\n|switch|p1a: Lunala|Lunala, L50|100/100\n|switch|p1b: Rillaboom|Rillaboom, L50, M, shiny|100/100\n|switch|p2a: Flutter Mane|Flutter Mane, L50|100/100\n|switch|p2b: Incineroar|Incineroar, L50, M|100/100\n|-fieldstart|move: Grassy Terrain|[from] ability: Grassy Surge|[of] p1b: Rillaboom\n|-ability|p2b: Incineroar|Intimidate|boost\n|-unboost|p1a: Lunala|atk|1\n|-unboost|p1b: Rillaboom|atk|1\n|turn|1\n|\n|t:|1746136126\n|move|p2a: Flutter Mane|Protect|p2a: Flutter Mane\n|-singleturn|p2a: Flutter Mane|Protect\n|move|p1b: Rillaboom|Fake Out|p2b: Incineroar\n|-damage|p2b: Incineroar|93/100\n|move|p1a: Lunala|Moongeist Beam|p2a: Flutter Mane\n|-activate|p2a: Flutter Mane|move: Protect\n|cant|p2b: Incineroar|flinch\n|\n|-heal|p2b: Incineroar|99/100|[from] Grassy Terrain\n|upkeep\n|turn|2\n|\n|t:|1746136148\n|move|p2a: Flutter Mane|Moonblast|p1a: Lunala\n|-damage|p1a: Lunala|82/100\n|-unboost|p1a: Lunala|spa|1\n|move|p1a: Lunala|Meteor Beam||[still]\n|-prepare|p1a: Lunala|Meteor Beam\n|-boost|p1a: Lunala|spa|1\n|-enditem|p1a: Lunala|Power Herb\n|-anim|p1a: Lunala|Meteor Beam|p2b: Incineroar\n|-supereffective|p2b: Incineroar\n|-damage|p2b: Incineroar|38/100\n|move|p1b: Rillaboom|U-turn|p2b: Incineroar\n|-damage|p2b: Incineroar|22/100\n|\n|t:|1746136162\n|switch|p1b: Tornadus|Tornadus, L50, M|100/100|[from] U-turn\n|move|p2b: Incineroar|Snarl|p1b: Tornadus|[spread] p1a,p1b\n|-supereffective|p1a: Lunala\n|-damage|p1a: Lunala|47/100\n|-damage|p1b: Tornadus|86/100\n|-unboost|p1a: Lunala|spa|1\n|-unboost|p1b: Tornadus|spa|1\n|\n|-heal|p1a: Lunala|53/100|[from] Grassy Terrain\n|-heal|p2b: Incineroar|29/100|[from] Grassy Terrain\n|upkeep\n|turn|3\n|inactive|bartcr0987 has 30 seconds left.\n|inactive|bartcr0987 has 20 seconds left.\n|inactive|bartcr0987 has 15 seconds left.\n|\n|t:|1746136206\n|switch|p1a: Rillaboom|Rillaboom, L50, M, shiny|100/100\n|move|p1b: Tornadus|Protect|p1b: Tornadus\n|-singleturn|p1b: Tornadus|Protect\n|move|p2a: Flutter Mane|Taunt|p1b: Tornadus\n|-activate|p1b: Tornadus|move: Protect\n|move|p2b: Incineroar|Knock Off|p1a: Rillaboom\n|-damage|p1a: Rillaboom|60/100\n|-enditem|p1a: Rillaboom|Assault Vest|[from] move: Knock Off|[of] p2b: Incineroar\n|\n|-heal|p1a: Rillaboom|66/100|[from] Grassy Terrain\n|-heal|p2b: Incineroar|35/100|[from] Grassy Terrain\n|upkeep\n|turn|4\n|inactive|Tio_plox has 30 seconds left.\n|\n|t:|1746136239\n|move|p1b: Tornadus|Tailwind|p1b: Tornadus\n|-sidestart|p1: bartcr0987|move: Tailwind\n|move|p1a: Rillaboom|U-turn|p2a: Flutter Mane\n|-resisted|p2a: Flutter Mane\n|-damage|p2a: Flutter Mane|89/100\n|\n|t:|1746136245\n|switch|p1a: Lunala|Lunala, L50|53/100|[from] U-turn\n|move|p2a: Flutter Mane|Taunt|p1b: Tornadus\n|-start|p1b: Tornadus|move: Taunt\n|-enditem|p1b: Tornadus|Mental Herb\n|-end|p1b: Tornadus|move: Taunt\n|move|p2b: Incineroar|Temper Flare|p1a: Lunala\n|-damage|p1a: Lunala|28/100\n|\n|-heal|p1a: Lunala|35/100|[from] Grassy Terrain\n|-heal|p2a: Flutter Mane|95/100|[from] Grassy Terrain\n|-heal|p2b: Incineroar|41/100|[from] Grassy Terrain\n|upkeep\n|turn|5\n|\n|t:|1746136268\n|move|p2a: Flutter Mane|Protect|p2a: Flutter Mane\n|-singleturn|p2a: Flutter Mane|Protect\n|move|p1b: Tornadus|Bleakwind Storm|p2b: Incineroar|[spread] p2b\n|-activate|p2a: Flutter Mane|move: Protect\n|-damage|p2b: Incineroar|28/100\n|move|p1a: Lunala|Moongeist Beam|p2a: Flutter Mane\n|-activate|p2a: Flutter Mane|move: Protect\n|move|p2b: Incineroar|Snarl|p1a: Lunala|[spread] p1a,p1b\n|-supereffective|p1a: Lunala\n|-damage|p1a: Lunala|3/100\n|-damage|p1b: Tornadus|71/100\n|-unboost|p1a: Lunala|spa|1\n|-unboost|p1b: Tornadus|spa|1\n|\n|-heal|p1a: Lunala|9/100|[from] Grassy Terrain\n|-heal|p2a: Flutter Mane|100/100|[from] Grassy Terrain\n|-heal|p2b: Incineroar|34/100|[from] Grassy Terrain\n|-fieldend|move: Grassy Terrain\n|upkeep\n|turn|6\n|\n|t:|1746136292\n|move|p1b: Tornadus|Bleakwind Storm|p2a: Flutter Mane|[spread] p2a,p2b\n|-damage|p2a: Flutter Mane|84/100\n|-damage|p2b: Incineroar|22/100\n|move|p1a: Lunala|Moongeist Beam|p2a: Flutter Mane\n|-supereffective|p2a: Flutter Mane\n|-damage|p2a: Flutter Mane|10/100\n|move|p2a: Flutter Mane|Moonblast|p1a: Lunala\n|-damage|p1a: Lunala|0 fnt\n|faint|p1a: Lunala\n|move|p2b: Incineroar|Temper Flare|p1b: Tornadus\n|-damage|p1b: Tornadus|40/100\n|\n|upkeep\n|\n|t:|1746136313\n|switch|p1a: Koraidon|Koraidon, L50|100/100\n|-weather|SunnyDay|[from] ability: Orichalcum Pulse|[of] p1a: Koraidon\n|-activate|p2a: Flutter Mane|ability: Protosynthesis\n|-start|p2a: Flutter Mane|protosynthesisspa\n|-activate|p1a: Koraidon|Orichalcum Pulse|[source]\n|turn|7\n|\n|t:|1746136323\n|-terastallize|p1a: Koraidon|Fire\n|move|p2a: Flutter Mane|Protect|p2a: Flutter Mane\n|-singleturn|p2a: Flutter Mane|Protect\n|move|p1a: Koraidon|Flame Charge|p2a: Flutter Mane\n|-activate|p2a: Flutter Mane|move: Protect\n|move|p1b: Tornadus|Bleakwind Storm|p2b: Incineroar|[spread] p2b\n|-activate|p2a: Flutter Mane|move: Protect\n|-damage|p2b: Incineroar|10/100\n|move|p2b: Incineroar|Temper Flare|p1b: Tornadus\n|-damage|p1b: Tornadus|0 fnt\n|faint|p1b: Tornadus\n|\n|-weather|SunnyDay|[upkeep]\n|-sideend|p1: bartcr0987|move: Tailwind\n|upkeep\n|\n|t:|1746136328\n|switch|p1b: Rillaboom|Rillaboom, L50, M, shiny|66/100\n|-fieldstart|move: Grassy Terrain|[from] ability: Grassy Surge|[of] p1b: Rillaboom\n|turn|8\n|\n|t:|1746136346\n|move|p1b: Rillaboom|Grassy Glide|p2a: Flutter Mane\n|-damage|p2a: Flutter Mane|0 fnt\n|faint|p2a: Flutter Mane\n|-end|p2a: Flutter Mane|Protosynthesis|[silent]\n|move|p1a: Koraidon|Flame Charge|p2b: Incineroar\n|-resisted|p2b: Incineroar\n|-damage|p2b: Incineroar|0 fnt\n|-boost|p1a: Koraidon|spe|1\n|faint|p2b: Incineroar\n|\n|-weather|SunnyDay|[upkeep]\n|-heal|p1b: Rillaboom|72/100|[from] Grassy Terrain\n|upkeep\n|\n|t:|1746136350\n|switch|p2a: Calyrex|Calyrex-Shadow, L50|100/100\n|switch|p2b: Miraidon|Miraidon, L50|100/100\n|-ability|p2a: Calyrex|As One\n|-ability|p2a: Calyrex|Unnerve\n|-fieldstart|move: Electric Terrain|[from] ability: Hadron Engine|[of] p2b: Miraidon\n|turn|9\n|inactive|bartcr0987 has 30 seconds left.\n|\n|t:|1746136385\n|-terastallize|p2a: Calyrex|Fairy\n|move|p1a: Koraidon|Protect|p1a: Koraidon\n|-singleturn|p1a: Koraidon|Protect\n|move|p2a: Calyrex|Astral Barrage|p1a: Koraidon|[spread] p1b\n|-activate|p1a: Koraidon|move: Protect\n|-damage|p1b: Rillaboom|14/100\n|move|p2b: Miraidon|Electro Drift|p1a: Koraidon\n|-activate|p1a: Koraidon|move: Protect\n|move|p1b: Rillaboom|Grassy Glide|p2b: Miraidon\n|-resisted|p2b: Miraidon\n|-damage|p2b: Miraidon|87/100\n|\n|-weather|SunnyDay|[upkeep]\n|upkeep\n|turn|10\n|inactive|bartcr0987 has 30 seconds left.\n|inactive|bartcr0987 has 20 seconds left.\n|\n|t:|1746136423\n|move|p1a: Koraidon|Close Combat|p2b: Miraidon\n|-damage|p2b: Miraidon|0 fnt\n|-unboost|p1a: Koraidon|def|1\n|-unboost|p1a: Koraidon|spd|1\n|faint|p2b: Miraidon\n|move|p2a: Calyrex|Astral Barrage|p1b: Rillaboom|[spread] p1a,p1b\n|-damage|p1a: Koraidon|14/100\n|-damage|p1b: Rillaboom|0 fnt\n|faint|p1b: Rillaboom\n|-ability|p2a: Calyrex|Grim Neigh|boost\n|-boost|p2a: Calyrex|spa|1\n|\n|-weather|SunnyDay|[upkeep]\n|upkeep\n|turn|11\n|\n|t:|1746136432\n|move|p2a: Calyrex|Protect|p2a: Calyrex\n|-singleturn|p2a: Calyrex|Protect\n|move|p1a: Koraidon|Flare Blitz|p2a: Calyrex\n|-activate|p2a: Calyrex|move: Protect\n|\n|-weather|none\n|upkeep\n|turn|12\n|\n|t:|1746136439\n|move|p1a: Koraidon|Flare Blitz|p2a: Calyrex\n|-damage|p2a: Calyrex|17/100\n|-damage|p1a: Koraidon|0 fnt|[from] Recoil\n|faint|p1a: Koraidon\n|\n|win|Tio_plox\n|l|\u2606Tio_plox\n|player|p2|\n", "uploadtime": 1746136532, "views": 25, "formatid": "gen9vgc2025regibo3", "rating": null, "private": 0, "password": null}