{"id": "gen9vgc2025regibo3-2353544227", "format": "[Gen 9] VGC 2025 Reg I (Bo3)", "players": ["8bitbidoof", "apex lel"], "log": "|j|\u26068bitbidoof\n|j|\u2606apex lel\n|html|<table width=\"100%\"><tr><td align=\"left\">8bitbidoof</td><td align=\"right\">apex lel</tr><tr><td align=\"left\"><i class=\"fa fa-circle-o\"></i> <i class=\"fa fa-circle-o\"></i> </td><td align=\"right\"><i class=\"fa fa-circle-o\"></i> <i class=\"fa fa-circle-o\"></i> </tr></table>\n|uhtml|bestof|<h2><strong>Game 1</strong> of <a href=\"/game-bestof3-gen9vgc2025regibo3-2353544226\">a best-of-3</a></h2>\n|t:|1745966551\n|gametype|doubles\n|player|p1|8bitbidoof|hilbert|1128\n|player|p2|apex lel|acetrainer-gen4dp|1142\n|teamsize|p1|6\n|teamsize|p2|6\n|gen|9\n|tier|[Gen 9] VGC 2025 Reg I (Bo3)\n|rated|\n|rule|Species Clause: Limit one of each Pok\u00e9mon\n|rule|Item Clause: Limit 1 of each item\n|clearpoke\n|poke|p1|Koraidon, L50|\n|poke|p1|Flutter Mane, L50|\n|poke|p1|Brute Bonnet, L50|\n|poke|p1|Chi-Yu, L50|\n|poke|p1|Lunala, L50|\n|poke|p1|Ursaluna, L50, F|\n|poke|p2|Miraidon, L50|\n|poke|p2|Iron Hands, L50|\n|poke|p2|Farigiraf, L50, M|\n|poke|p2|Amoonguss, L50, M|\n|poke|p2|Incineroar, L50, F|\n|poke|p2|Zacian-*, L50|\n|teampreview|4\n|showteam|p1|Koraidon||ClearAmulet|OrichalcumPulse|FlareBlitz,CollisionCourse,FlameCharge,Protect||||||50|,,,,,Fire]Flutter Mane||FocusSash|Protosynthesis|Moonblast,ShadowBall,IcyWind,Protect||||||50|,,,,,Normal]Brute Bonnet||CovertCloak|Protosynthesis|SeedBomb,SuckerPunch,Spore,RagePowder||||||50|,,,,,Water]Chi-Yu||ChoiceScarf|BeadsofRuin|HeatWave,DarkPulse,Overheat,Snarl||||||50|,,,,,Ghost]Lunala||PowerHerb|ShadowShield|MoongeistBeam,MeteorBeam,WideGuard,TrickRoom||||||50|,,,,,Normal]Ursaluna||FlameOrb|Guts|Facade,HeadlongRush,Earthquake,Protect|||F|||50|,,,,,Water\n|showteam|p2|Miraidon||ChoiceSpecs|HadronEngine|DazzlingGleam,ElectroDrift,DracoMeteor,VoltSwitch||||||50|,,,,,Fairy]Iron Hands||AssaultVest|QuarkDrive|FakeOut,DrainPunch,SupercellSlam,HeavySlam||||||50|,,,,,Flying]Farigiraf||ElectricSeed|ArmorTail|HelpingHand,HyperVoice,Psychic,ThunderWave|||M|||50|,,,,,Steel]Amoonguss||SitrusBerry|EffectSpore|Spore,SludgeBomb,RagePowder,Protect|||M|||50|,,,,,Water]Incineroar||ClearAmulet|Intimidate|FakeOut,PartingShot,FlareBlitz,KnockOff|||F|||50|,,,,,Ghost]Zacian-Crowned||RustedSword|IntrepidSword|behemothblade,Protect,TeraBlast,SacredSword||||||50|,,,,,Ground\n|inactive|Battle timer is ON: inactive players will automatically lose when time's up. (requested by 8bitbidoof)\n|j| Hydrion\n|inactive|8bitbidoof has 60 seconds left.\n|inactive|apex lel has 60 seconds left.\n|\n|t:|1745966600\n|start\n|switch|p1a: Brute Bonnet|Brute Bonnet, L50|100/100\n|switch|p1b: Lunala|Lunala, L50|100/100\n|switch|p2a: Miraidon|Miraidon, L50|100/100\n|switch|p2b: Farigiraf|Farigiraf, L50, M|100/100\n|-fieldstart|move: Electric Terrain|[from] ability: Hadron Engine|[of] p2a: Miraidon\n|-enditem|p2b: Farigiraf|Electric Seed\n|-boost|p2b: Farigiraf|def|1|[from] item: Electric Seed\n|turn|1\n|inactive|8bitbidoof has 30 seconds left.\n|inactive|apex lel has 30 seconds left.\n|inactive|apex lel has 20 seconds left.\n|\n|t:|1745966636\n|move|p1a: Brute Bonnet|Rage Powder|p1a: Brute Bonnet\n|-singleturn|p1a: Brute Bonnet|move: Rage Powder\n|move|p2a: Miraidon|Electro Drift|p1a: Brute Bonnet\n|-resisted|p1a: Brute Bonnet\n|-damage|p1a: Brute Bonnet|48/100\n|move|p1b: Lunala|Meteor Beam||[still]\n|-prepare|p1b: Lunala|Meteor Beam\n|-boost|p1b: Lunala|spa|1\n|-enditem|p1b: Lunala|Power Herb\n|-anim|p1b: Lunala|Meteor Beam|p2a: Miraidon\n|-damage|p2a: Miraidon|35/100\n|move|p2b: Farigiraf|Thunder Wave|p1a: Brute Bonnet\n|-status|p1a: Brute Bonnet|par\n|\n|upkeep\n|turn|2\n|inactive|8bitbidoof has 30 seconds left.\n|\n|t:|1745966665\n|move|p1a: Brute Bonnet|Rage Powder|p1a: Brute Bonnet\n|-singleturn|p1a: Brute Bonnet|move: Rage Powder\n|move|p2a: Miraidon|Electro Drift|p1a: Brute Bonnet\n|-resisted|p1a: Brute Bonnet\n|-damage|p1a: Brute Bonnet|0 fnt\n|faint|p1a: Brute Bonnet\n|-end|p1a: Brute Bonnet|Protosynthesis|[silent]\n|move|p1b: Lunala|Moongeist Beam|p2a: Miraidon\n|-damage|p2a: Miraidon|0 fnt\n|faint|p2a: Miraidon\n|move|p2b: Farigiraf|Thunder Wave|p1b: Lunala\n|-status|p1b: Lunala|par\n|\n|upkeep\n|\n|t:|1745966678\n|switch|p2a: Iron Hands|Iron Hands, L50|100/100\n|switch|p1a: Koraidon|Koraidon, L50|100/100\n|-weather|SunnyDay|[from] ability: Orichalcum Pulse|[of] p1a: Koraidon\n|-activate|p1a: Koraidon|Orichalcum Pulse|[source]\n|-activate|p2a: Iron Hands|ability: Quark Drive\n|-start|p2a: Iron Hands|quarkdriveatk\n|turn|3\n|\n|t:|1745966698\n|move|p1a: Koraidon|Protect|p1a: Koraidon\n|-singleturn|p1a: Koraidon|Protect\n|move|p2b: Farigiraf|Psychic|p1a: Koraidon\n|-activate|p1a: Koraidon|move: Protect\n|move|p2a: Iron Hands|Supercell Slam|p1b: Lunala\n|-damage|p1b: Lunala|62/100 par\n|cant|p1b: Lunala|par\n|\n|-weather|SunnyDay|[upkeep]\n|upkeep\n|turn|4\n|inactive|8bitbidoof has 30 seconds left.\n|\n|t:|1745966724\n|switch|p1b: Ursaluna|Ursaluna, L50, F|100/100\n|move|p2b: Farigiraf|Helping Hand|p2a: Iron Hands\n|-singleturn|p2a: Iron Hands|Helping Hand|[of] p2b: Farigiraf\n|move|p1a: Koraidon|Flare Blitz|p2a: Iron Hands\n|-damage|p2a: Iron Hands|40/100\n|-status|p2a: Iron Hands|brn\n|-damage|p1a: Koraidon|71/100|[from] Recoil\n|move|p2a: Iron Hands|Supercell Slam|p1b: Ursaluna\n|-immune|p1b: Ursaluna\n|-damage|p2a: Iron Hands|0 fnt|[from] supercellslam\n|faint|p2a: Iron Hands\n|-end|p2a: Iron Hands|Quark Drive|[silent]\n|\n|-weather|SunnyDay|[upkeep]\n|-status|p1b: Ursaluna|brn|[from] item: Flame Orb\n|upkeep\n|\n|t:|1745966729\n|switch|p2a: Zacian|Zacian-Crowned, L50|100/100\n|-ability|p2a: Zacian|Intrepid Sword|boost\n|-boost|p2a: Zacian|atk|1\n|turn|5\n|inactive|8bitbidoof has 30 seconds left.\n|inactive|8bitbidoof has 20 seconds left.\n|inactive|8bitbidoof has 15 seconds left.\n|inactive|8bitbidoof has 10 seconds left.\n|\n|t:|1745966775\n|-terastallize|p1b: Ursaluna|Water\n|move|p2a: Zacian|Sacred Sword|p1a: Koraidon\n|-damage|p1a: Koraidon|28/100\n|move|p1a: Koraidon|Flame Charge|p2a: Zacian\n|-supereffective|p2a: Zacian\n|-damage|p2a: Zacian|19/100\n|-boost|p1a: Koraidon|spe|1\n|move|p2b: Farigiraf|Hyper Voice|p1b: Ursaluna|[spread] p1a,p1b\n|-damage|p1a: Koraidon|0 fnt\n|-damage|p1b: Ursaluna|72/100 brn\n|faint|p1a: Koraidon\n|move|p1b: Ursaluna|Headlong Rush|p2a: Zacian\n|-supereffective|p2a: Zacian\n|-damage|p2a: Zacian|0 fnt\n|-unboost|p1b: Ursaluna|def|1\n|-unboost|p1b: Ursaluna|spd|1\n|faint|p2a: Zacian\n|\n|-weather|SunnyDay|[upkeep]\n|-damage|p1b: Ursaluna|66/100 brn|[from] brn\n|-fieldend|move: Electric Terrain\n|upkeep\n|\n|t:|1745966780\n|switch|p1a: Lunala|Lunala, L50|62/100 par\n|turn|6\n|inactive|apex lel has 30 seconds left.\n|l| Hydrion\n|\n|t:|1745966807\n|-terastallize|p2b: Farigiraf|Steel\n|move|p2b: Farigiraf|Psychic|p1b: Ursaluna\n|-damage|p1b: Ursaluna|0 fnt\n|faint|p1b: Ursaluna\n|cant|p1a: Lunala|par\n|\n|-weather|SunnyDay|[upkeep]\n|upkeep\n|turn|7\n|\n|t:|1745966825\n|move|p2b: Farigiraf|Psychic|p1a: Lunala\n|-resisted|p1a: Lunala\n|-damage|p1a: Lunala|47/100 par\n|move|p1a: Lunala|Moongeist Beam|p2b: Farigiraf\n|-damage|p2b: Farigiraf|40/100\n|\n|-weather|none\n|upkeep\n|turn|8\n|\n|t:|1745966834\n|move|p2b: Farigiraf|Psychic|p1a: Lunala\n|-resisted|p1a: Lunala\n|-damage|p1a: Lunala|31/100 par\n|move|p1a: Lunala|Moongeist Beam|p2b: Farigiraf\n|-damage|p2b: Farigiraf|0 fnt\n|faint|p2b: Farigiraf\n|\n|win|8bitbidoof\n||apex lel is ready for game 2.\n", "uploadtime": 1745966838, "views": 37, "formatid": "gen9vgc2025regibo3", "rating": null, "private": 0, "password": null}