{"id": "gen9vgc2025regibo3-2353956067", "format": "[Gen 9] VGC 2025 Reg I (Bo3)", "players": ["GabboVGC", "popeye114"], "log": "|j|\u2606GabboVGC\n|j|\u2606popeye114\n|html|<table width=\"100%\"><tr><td align=\"left\">GabboVGC</td><td align=\"right\">popeye114</tr><tr><td align=\"left\"><i class=\"fa fa-circle-o\"></i> <i class=\"fa fa-circle-o\"></i> </td><td align=\"right\"><i class=\"fa fa-circle-o\"></i> <i class=\"fa fa-circle\"></i> </tr></table>\n|uhtml|bestof|<h2><strong>Game 2</strong> of <a href=\"/game-bestof3-gen9vgc2025regibo3-2353953513\">a best-of-3</a></h2>\n|t:|1746022419\n|gametype|doubles\n|player|p1|GabboVGC|marnie-league|1110\n|player|p2|popeye114|265|1088\n|teamsize|p1|6\n|teamsize|p2|6\n|gen|9\n|tier|[Gen 9] VGC 2025 Reg I (Bo3)\n|rated|\n|rule|Species Clause: Limit one of each Pok\u00e9mon\n|rule|Item Clause: Limit 1 of each item\n|clearpoke\n|poke|p1|Calyrex-Shadow, L50|\n|poke|p1|Koraidon, L50|\n|poke|p1|Indeedee-F, L50, F|\n|poke|p1|Chi-Yu, L50|\n|poke|p1|Raging Bolt, L50|\n|poke|p1|Flutter Mane, L50|\n|poke|p2|Calyrex-Shadow, L50|\n|poke|p2|Salamence, L50, F|\n|poke|p2|Talonflame, L50, F|\n|poke|p2|Cresselia, L50, F|\n|poke|p2|Zamazenta-*, L50|\n|poke|p2|Indeedee-F, L50, F|\n|teampreview|4\n|showteam|p1|Calyrex-Shadow||FocusSash|AsOneSpectrier|AstralBarrage,ExpandingForce,PollenPuff,Protect||||||50|,,,,,Ghost]Koraidon||LifeOrb|OrichalcumPulse|CloseCombat,FlameCharge,FlareBlitz,Protect||||||50|,,,,,Fire]Indeedee-F||RockyHelmet|PsychicSurge|Psychic,FollowMe,HelpingHand,TrickRoom|||F|||50|,,,,,Water]Chi-Yu||ChoiceScarf|BeadsofRuin|HeatWave,DarkPulse,Snarl,Overheat||||||50|,,,,,Ghost]Raging Bolt||AssaultVest|Protosynthesis|Thunderbolt,Thunderclap,DracoMeteor,VoltSwitch||||||50|,,,,,Water]Flutter Mane||ChoiceSpecs|Protosynthesis|Moonblast,ShadowBall,DazzlingGleam,IcyWind||||||50|,,,,,Fairy\n|showteam|p2|Calyrex-Shadow||LifeOrb|AsOneSpectrier|AstralBarrage,Protect,ExpandingForce,PollenPuff||||||50|,,,,,Normal]Salamence||ChoiceScarf|Moxie|Earthquake,IronHead,Crunch,Outrage|||F|||50|,,,,,Ground]Talonflame||FocusSash|GaleWings|Tailwind,Uturn,UpperHand,BraveBird|||F|||50|,,,,,Flying]Cresselia||Leftovers|Levitate|HelpingHand,LunarBlessing,TrickRoom,DazzlingGleam|||F|||50|,,,,,Fairy]Zamazenta-Crowned||RustedShield|DauntlessShield|WideGuard,behemothbash,BodyPress,IronDefense||||||50|,,,,,Fighting]Indeedee-F||RockyHelmet|PsychicSurge|HelpingHand,FollowMe,TrickRoom,Imprison|||F|||50|,,,,,Fairy\n|\n|t:|1746022435\n|start\n|switch|p1a: Calyrex|Calyrex-Shadow, L50|100/100\n|switch|p1b: Indeedee|Indeedee-F, L50, F|100/100\n|switch|p2a: Indeedee|Indeedee-F, L50, F|100/100\n|switch|p2b: Zamazenta|Zamazenta-Crowned, L50|100/100\n|-ability|p1a: Calyrex|As One\n|-ability|p1a: Calyrex|Unnerve\n|-ability|p2b: Zamazenta|Dauntless Shield|boost\n|-boost|p2b: Zamazenta|def|1\n|-fieldstart|move: Psychic Terrain|[from] ability: Psychic Surge|[of] p2a: Indeedee\n|turn|1\n|\n|t:|1746022539\n|move|p2b: Zamazenta|Wide Guard|p2b: Zamazenta\n|-singleturn|p2b: Zamazenta|Wide Guard\n|move|p1a: Calyrex|Pollen Puff|p2a: Indeedee\n|-supereffective|p2a: Indeedee\n|-damage|p2a: Indeedee|51/100\n|move|p2a: Indeedee|Imprison|p2a: Indeedee\n|-start|p2a: Indeedee|move: Imprison\n|move|p1b: Indeedee|Psychic|p2a: Indeedee\n|-resisted|p2a: Indeedee\n|-damage|p2a: Indeedee|38/100\n|\n|upkeep\n|turn|2\n|\n|t:|1746022584\n|switch|p2a: Salamence|Salamence, L50, F|100/100\n|switch|p1b: Raging Bolt|Raging Bolt, L50|100/100\n|move|p2b: Zamazenta|Wide Guard|p2b: Zamazenta\n|-singleturn|p2b: Zamazenta|Wide Guard\n|move|p1a: Calyrex|Pollen Puff|p2a: Salamence\n|-resisted|p2a: Salamence\n|-damage|p2a: Salamence|77/100\n|\n|upkeep\n|turn|3\n|\n|t:|1746022599\n|-terastallize|p2a: Salamence|Ground\n|move|p2b: Zamazenta|Wide Guard|p2b: Zamazenta\n|-singleturn|p2b: Zamazenta|Wide Guard\n|move|p2a: Salamence|Earthquake|p1a: Calyrex|[spread] p1a,p1b\n|-activate|p2b: Zamazenta|move: Wide Guard\n|-supereffective|p1b: Raging Bolt\n|-damage|p1a: Calyrex|42/100\n|-damage|p1b: Raging Bolt|31/100\n|move|p1a: Calyrex|Astral Barrage|p2a: Salamence|[spread] \n|-activate|p2a: Salamence|move: Wide Guard\n|-activate|p2b: Zamazenta|move: Wide Guard\n|move|p1b: Raging Bolt|Draco Meteor|p2a: Salamence\n|-damage|p2a: Salamence|0 fnt\n|-unboost|p1b: Raging Bolt|spa|2\n|faint|p2a: Salamence\n|\n|upkeep\n|\n|t:|1746022616\n|switch|p2a: Calyrex|Calyrex-Shadow, L50|100/100\n|-ability|p2a: Calyrex|As One\n|-ability|p2a: Calyrex|Unnerve\n|turn|4\n|\n|t:|1746022627\n|move|p1a: Calyrex|Protect|p1a: Calyrex\n|-singleturn|p1a: Calyrex|Protect\n|move|p2b: Zamazenta|Wide Guard|p2b: Zamazenta\n|-singleturn|p2b: Zamazenta|Wide Guard\n|move|p2a: Calyrex|Astral Barrage|p1a: Calyrex|[spread] p1b\n|-activate|p1a: Calyrex|move: Protect\n|-damage|p1b: Raging Bolt|0 fnt\n|faint|p1b: Raging Bolt\n|-end|p1b: Raging Bolt|Protosynthesis|[silent]\n|-ability|p2a: Calyrex|Grim Neigh|boost\n|-boost|p2a: Calyrex|spa|1\n|-damage|p2a: Calyrex|91/100|[from] item: Life Orb\n|\n|upkeep\n|\n|t:|1746022638\n|switch|p1b: Flutter Mane|Flutter Mane, L50|100/100\n|turn|5\n|\n|t:|1746022665\n|-terastallize|p1b: Flutter Mane|Fairy\n|move|p2a: Calyrex|Protect|p2a: Calyrex\n|-singleturn|p2a: Calyrex|Protect\n|move|p1a: Calyrex|Pollen Puff|p2a: Calyrex\n|-activate|p2a: Calyrex|move: Protect\n|move|p1b: Flutter Mane|Shadow Ball|p2a: Calyrex\n|-activate|p2a: Calyrex|move: Protect\n|move|p2b: Zamazenta|Iron Defense|p2b: Zamazenta\n|-boost|p2b: Zamazenta|def|2\n|\n|-fieldend|move: Psychic Terrain\n|upkeep\n|turn|6\n|\n|t:|1746022688\n|switch|p2a: Indeedee|Indeedee-F, L50, F|38/100\n|-fieldstart|move: Psychic Terrain|[from] ability: Psychic Surge|[of] p2a: Indeedee\n|move|p1a: Calyrex|Astral Barrage|p2b: Zamazenta|[spread] p2b\n|-immune|p2a: Indeedee\n|-damage|p2b: Zamazenta|63/100\n|move|p1b: Flutter Mane|Shadow Ball|p2a: Indeedee\n|-immune|p2a: Indeedee\n|move|p2b: Zamazenta|Behemoth Bash|p1b: Flutter Mane\n|-supereffective|p1b: Flutter Mane\n|-damage|p1b: Flutter Mane|0 fnt\n|faint|p1b: Flutter Mane\n|-end|p1b: Flutter Mane|Protosynthesis|[silent]\n|\n|upkeep\n|\n|t:|1746022696\n|switch|p1b: Indeedee|Indeedee-F, L50, F|100/100\n|turn|7\n|-message|GabboVGC forfeited.\n|\n|win|popeye114\n|raw|GabboVGC's rating: 1110 &rarr; <strong>1083</strong><br />(-27 for losing)\n|raw|popeye114's rating: 1088 &rarr; <strong>1116</strong><br />(+28 for winning)\n|l|\u2606GabboVGC\n|player|p1|\n|l|\u2606popeye114\n|player|p2|\n", "uploadtime": 1746023094, "views": 23, "formatid": "gen9vgc2025regibo3", "rating": 1083, "private": 0, "password": null}