{"id": "gen9vgc2025regibo3-2354664601", "format": "[Gen 9] VGC 2025 Reg I (Bo3)", "players": ["Hugepaiya", "Gonsute"], "log": "|j|\u2606Hugepaiya\n|j|\u2606Gonsute\n|html|<table width=\"100%\"><tr><td align=\"left\">Hugepaiya</td><td align=\"right\">Gonsute</tr><tr><td align=\"left\"><i class=\"fa fa-circle\"></i> <i class=\"fa fa-circle-o\"></i> </td><td align=\"right\"><i class=\"fa fa-circle-o\"></i> <i class=\"fa fa-circle\"></i> </tr></table>\n|uhtml|bestof|<h2><strong>Game 3</strong> of <a href=\"/game-bestof3-gen9vgc2025regibo3-2354658335\">a best-of-3</a></h2>\n|t:|1746108553\n|gametype|doubles\n|player|p1|Hugepaiya|acetrainerf|1108\n|player|p2|Gonsute|266|1199\n|teamsize|p1|6\n|teamsize|p2|6\n|gen|9\n|tier|[Gen 9] VGC 2025 Reg I (Bo3)\n|rated|\n|rule|Species Clause: Limit one of each Pok\u00e9mon\n|rule|Item Clause: Limit 1 of each item\n|clearpoke\n|poke|p1|Koraidon, L50|\n|poke|p1|Lunala, L50|\n|poke|p1|Flutter Mane, L50|\n|poke|p1|Indeedee-F, L50, F|\n|poke|p1|Chi-Yu, L50|\n|poke|p1|Whimsicott, L50, F|\n|poke|p2|Koraidon, L50|\n|poke|p2|Lunala, L50|\n|poke|p2|Flutter Mane, L50|\n|poke|p2|Chi-Yu, L50|\n|poke|p2|Brute Bonnet, L50|\n|poke|p2|Ditto, L50|\n|teampreview|4\n|showteam|p1|Koraidon||ClearAmulet|OrichalcumPulse|CloseCombat,ScaleShot,Protect,FlareBlitz||||||50|,,,,,Fire]Lunala||PowerHerb|ShadowShield|ExpandingForce,MoongeistBeam,WideGuard,MeteorBeam||||||50|,,,,,Water]Flutter Mane||BoosterEnergy|Protosynthesis|Moonblast,ShadowBall,IcyWind,Protect||||||50|,,,,,Fairy]Indeedee-F||RockyHelmet|PsychicSurge|TrickRoom,HelpingHand,FollowMe,DazzlingGleam|||F|||50|,,,,,Fairy]Chi-Yu||ChoiceScarf|BeadsofRuin|Overheat,DarkPulse,Snarl,HeatWave||||||50|,,,,,Ghost]Whimsicott||CovertCloak|Prankster|LightScreen,Moonblast,Tailwind,Encore|||F|||50|,,,,,Dark\n|showteam|p2|Koraidon||ChoiceBand|OrichalcumPulse|CollisionCourse,FlareBlitz,HeatCrash,WildCharge||||||50|,,,,,Fire]Lunala||PowerHerb|ShadowShield|MoongeistBeam,MeteorBeam,Tailwind,WideGuard||||||50|,,,,,Grass]Flutter Mane||FocusSash|Protosynthesis|Moonblast,IcyWind,ThunderWave,Protect||||||50|,,,,,Normal]Chi-Yu||CovertCloak|BeadsofRuin|Overheat,Snarl,HeatWave,Protect||||||50|,,,,,Dragon]Brute Bonnet||RockyHelmet|Protosynthesis|Spore,RagePowder,SuckerPunch,SeedBomb||||||50|,,,,,Poison]Ditto||QuickClaw|Imposter|Transform||||||50|,,,,,Normal\n|inactive|Battle timer is ON: inactive players will automatically lose when time's up. (requested by Gonsute)\n|inactive|Hugepaiya has 60 seconds left.\n|inactive|Gonsute has 60 seconds left.\n|\n|t:|1746108598\n|start\n|switch|p1a: Koraidon|Koraidon, L50|100/100\n|switch|p1b: Whimsicott|Whimsicott, L50, F|100/100\n|switch|p2a: Lunala|Lunala, L50|100/100\n|switch|p2b: Flutter Mane|Flutter Mane, L50|100/100\n|-weather|SunnyDay|[from] ability: Orichalcum Pulse|[of] p1a: Koraidon\n|-activate|p2b: Flutter Mane|ability: Protosynthesis\n|-start|p2b: Flutter Mane|protosynthesisspe\n|-activate|p1a: Koraidon|Orichalcum Pulse|[source]\n|turn|1\n|inactive|Hugepaiya has 30 seconds left.\n|inactive|Hugepaiya has 20 seconds left.\n|\n|t:|1746108636\n|move|p2b: Flutter Mane|Protect|p2b: Flutter Mane\n|-singleturn|p2b: Flutter Mane|Protect\n|move|p1b: Whimsicott|Light Screen|p1b: Whimsicott\n|-sidestart|p1: Hugepaiya|move: Light Screen\n|move|p1a: Koraidon|Flare Blitz|p2b: Flutter Mane\n|-activate|p2b: Flutter Mane|move: Protect\n|move|p2a: Lunala|Meteor Beam||[still]\n|-prepare|p2a: Lunala|Meteor Beam\n|-boost|p2a: Lunala|spa|1\n|-enditem|p2a: Lunala|Power Herb\n|-anim|p2a: Lunala|Meteor Beam|p1a: Koraidon\n|-resisted|p1a: Koraidon\n|-damage|p1a: Koraidon|77/100\n|\n|-weather|SunnyDay|[upkeep]\n|upkeep\n|turn|2\n|inactive|Gonsute has 30 seconds left.\n|\n|t:|1746108668\n|move|p1b: Whimsicott|Encore|p2a: Lunala\n|-start|p2a: Lunala|Encore\n|move|p2b: Flutter Mane|Icy Wind|p1b: Whimsicott|[spread] p1a,p1b\n|-supereffective|p1a: Koraidon\n|-supereffective|p1b: Whimsicott\n|-damage|p1a: Koraidon|59/100\n|-damage|p1b: Whimsicott|80/100\n|move|p1a: Koraidon|Flare Blitz|p2b: Flutter Mane\n|-enditem|p2b: Flutter Mane|Focus Sash\n|-damage|p2b: Flutter Mane|1/100\n|-damage|p1a: Koraidon|34/100|[from] Recoil\n|move|p2a: Lunala|Meteor Beam||[still]\n|-prepare|p2a: Lunala|Meteor Beam\n|-boost|p2a: Lunala|spa|1\n|\n|-weather|SunnyDay|[upkeep]\n|upkeep\n|turn|3\n|inactive|Gonsute has 30 seconds left.\n|\n|t:|1746108694\n|move|p2b: Flutter Mane|Protect|p2b: Flutter Mane\n|-singleturn|p2b: Flutter Mane|Protect\n|move|p1a: Koraidon|Protect|p1a: Koraidon\n|-singleturn|p1a: Koraidon|Protect\n|move|p1b: Whimsicott|Moonblast|p2b: Flutter Mane\n|-activate|p2b: Flutter Mane|move: Protect\n|move|p2a: Lunala|Meteor Beam|p1b: Whimsicott|[from] lockedmove\n|-damage|p1b: Whimsicott|13/100\n|\n|-weather|SunnyDay|[upkeep]\n|upkeep\n|turn|4\n|inactive|Gonsute has 30 seconds left.\n|\n|t:|1746108722\n|move|p1b: Whimsicott|Tailwind|p1b: Whimsicott\n|-sidestart|p1: Hugepaiya|move: Tailwind\n|move|p1a: Koraidon|Flare Blitz|p2b: Flutter Mane\n|-damage|p2b: Flutter Mane|0 fnt\n|faint|p2b: Flutter Mane\n|-end|p2b: Flutter Mane|Protosynthesis|[silent]\n|-damage|p1a: Koraidon|34/100|[from] Recoil\n|move|p2a: Lunala|Meteor Beam||[still]\n|-prepare|p2a: Lunala|Meteor Beam\n|-boost|p2a: Lunala|spa|1\n|\n|-weather|SunnyDay|[upkeep]\n|-end|p2a: Lunala|Encore\n|upkeep\n|\n|t:|1746108735\n|switch|p2b: Ditto|Ditto, L50|100/100\n|-transform|p2b: Ditto|p1a: Koraidon|[from] ability: Imposter\n|-activate|p2b: Ditto|ability: Orichalcum Pulse\n|turn|5\n|\n|t:|1746108749\n|move|p2b: Ditto|Protect|p2b: Ditto\n|-singleturn|p2b: Ditto|Protect\n|move|p1a: Koraidon|Scale Shot|p2b: Ditto\n|-activate|p2b: Ditto|move: Protect\n|move|p1b: Whimsicott|Moonblast|p2b: Ditto\n|-activate|p2b: Ditto|move: Protect\n|move|p2a: Lunala|Meteor Beam|p1b: Whimsicott|[from] lockedmove\n|-damage|p1b: Whimsicott|0 fnt\n|faint|p1b: Whimsicott\n|\n|-weather|none\n|-sideend|p1: Hugepaiya|move: Light Screen\n|upkeep\n|\n|t:|1746108756\n|switch|p1b: Flutter Mane|Flutter Mane, L50|100/100\n|-enditem|p1b: Flutter Mane|Booster Energy\n|-activate|p1b: Flutter Mane|ability: Protosynthesis|[fromitem]\n|-start|p1b: Flutter Mane|protosynthesisspe\n|turn|6\n|inactive|Gonsute has 30 seconds left.\n|inactive|Gonsute has 20 seconds left.\n|inactive|Gonsute has 15 seconds left.\n|j| AJ34\n|\n|t:|1746108801\n|-terastallize|p2a: Lunala|Grass\n|move|p1b: Flutter Mane|Shadow Ball|p2a: Lunala\n|-damage|p2a: Lunala|88/100\n|move|p1a: Koraidon|Scale Shot|p2b: Ditto\n|-supereffective|p2b: Ditto\n|-damage|p2b: Ditto|70/100\n|-supereffective|p2b: Ditto\n|-damage|p2b: Ditto|41/100\n|-supereffective|p2b: Ditto\n|-damage|p2b: Ditto|14/100\n|-hitcount|p2b: Ditto|3\n|-unboost|p1a: Koraidon|def|1\n|-boost|p1a: Koraidon|spe|1\n|move|p2b: Ditto|Flare Blitz|p1b: Flutter Mane\n|-damage|p1b: Flutter Mane|35/100\n|-damage|p2b: Ditto|0 fnt|[from] Recoil\n|faint|p2b: Ditto\n|move|p2a: Lunala|Moongeist Beam|p1a: Koraidon\n|-damage|p1a: Koraidon|0 fnt\n|faint|p1a: Koraidon\n|\n|upkeep\n|\n|t:|1746108821\n|switch|p1a: Lunala|Lunala, L50|100/100\n|switch|p2b: Koraidon|Koraidon, L50|100/100\n|-weather|SunnyDay|[from] ability: Orichalcum Pulse|[of] p2b: Koraidon\n|-activate|p2b: Koraidon|Orichalcum Pulse|[source]\n|turn|7\n|inactive|Hugepaiya has 30 seconds left.\n|inactive|Hugepaiya has 20 seconds left.\n|\n|t:|1746108857\n|-terastallize|p1b: Flutter Mane|Fairy\n|move|p1b: Flutter Mane|Moonblast|p2a: Lunala\n|-damage|p2a: Lunala|44/100\n|move|p1a: Lunala|Moongeist Beam|p2a: Lunala\n|-damage|p2a: Lunala|4/100\n|move|p2b: Koraidon|Flare Blitz|p1b: Flutter Mane\n|-damage|p1b: Flutter Mane|0 fnt\n|faint|p1b: Flutter Mane\n|-end|p1b: Flutter Mane|Protosynthesis|[silent]\n|-damage|p2b: Koraidon|92/100|[from] Recoil\n|move|p2a: Lunala|Moongeist Beam|p1a: Lunala\n|-supereffective|p1a: Lunala\n|-damage|p1a: Lunala|0 fnt\n|faint|p1a: Lunala\n|\n|win|Gonsute\n|raw|Hugepaiya's rating: 1108 &rarr; <strong>1089</strong><br />(-19 for losing)\n|raw|Gonsute's rating: 1199 &rarr; <strong>1218</strong><br />(+19 for winning)\n", "uploadtime": 1746108873, "views": 5, "formatid": "gen9vgc2025regibo3", "rating": 1089, "private": 0, "password": null}