{"id": "gen9vgc2025regibo3-2355010742", "format": "[Gen 9] VGC 2025 Reg I (Bo3)", "players": ["Pzdns99", "inXuman"], "log": "|j|\u2606Pzdns99\n|j|\u2606inXuman\n|html|<table width=\"100%\"><tr><td align=\"left\">Pzdns99</td><td align=\"right\">inXuman</tr><tr><td align=\"left\"><i class=\"fa fa-circle-o\"></i> <i class=\"fa fa-circle-o\"></i> </td><td align=\"right\"><i class=\"fa fa-circle-o\"></i> <i class=\"fa fa-circle-o\"></i> </tr></table>\n|uhtml|bestof|<h2><strong>Game 1</strong> of <a href=\"/game-bestof3-gen9vgc2025regibo3-2355010741\">a best-of-3</a></h2>\n|t:|1746141738\n|gametype|doubles\n|player|p1|Pzdns99|grimsley|1203\n|player|p2|inXuman|shadowtriad|1110\n|teamsize|p1|6\n|teamsize|p2|6\n|gen|9\n|tier|[Gen 9] VGC 2025 Reg I (Bo3)\n|rated|\n|rule|Species Clause: Limit one of each Pok\u00e9mon\n|rule|Item Clause: Limit 1 of each item\n|clearpoke\n|poke|p1|Rillaboom, L50, M|\n|poke|p1|Lunala, L50|\n|poke|p1|Koraidon, L50|\n|poke|p1|Raging Bolt, L50|\n|poke|p1|Chi-Yu, L50|\n|poke|p1|Flutter Mane, L50|\n|poke|p2|Miraidon, L50|\n|poke|p2|Calyrex-Ice, L50|\n|poke|p2|Ditto, L50|\n|poke|p2|Farigiraf, L50, M|\n|poke|p2|Volcarona, L50, M|\n|poke|p2|Iron Hands, L50|\n|teampreview|4\n|showteam|p1|Rillaboom||AssaultVest|GrassySurge|Uturn,WoodHammer,GrassyGlide,FakeOut|||M|||50|,,,,,Fire]Lunala||GrassySeed|ShadowShield|MoongeistBeam,TrickRoom,Moonblast,WideGuard||||||50|,,,,,Fairy]Koraidon||LoadedDice|OrichalcumPulse|ScaleShot,CollisionCourse,FlareBlitz,Protect||||||50|,,,,,Fire]Raging Bolt||BoosterEnergy|Protosynthesis|Thunderclap,Thunderbolt,DracoMeteor,Protect||||||50|,,,,,Electric]Chi-Yu||CovertCloak|BeadsofRuin|Flamethrower,Snarl,FlameCharge,Taunt||||||50|,,,,,Water]Flutter Mane||FocusSash|Protosynthesis|IcyWind,Moonblast,Protect,ShadowBall||||||50|,,,,,Normal\n|showteam|p2|Miraidon||ChoiceSpecs|HadronEngine|VoltSwitch,ElectroDrift,DracoMeteor,DazzlingGleam||||||50|,,,,,Fairy]Calyrex-Ice||ClearAmulet|AsOneGlastrier|GlacialLance,HighHorsepower,TrickRoom,Protect||||||50|,,,,,Fire]Ditto||FocusSash|Imposter|Transform||||||50|,,,,,Ghost]Farigiraf||ElectricSeed|ArmorTail|Psychic,TrickRoom,FoulPlay,HelpingHand|||M|||50|,,,,,Water]Volcarona||RockyHelmet|FlameBody|Tailwind,RagePowder,FieryDance,Protect|||M|||50|,,,,,Dragon]Iron Hands||AssaultVest|QuarkDrive|FakeOut,DrainPunch,LowKick,HeavySlam||||||50|,,,,,Water\n|inactive|Battle timer is ON: inactive players will automatically lose when time's up. (requested by Pzdns99)\n|\n|t:|1746141792\n|start\n|switch|p1a: Rillaboom|Rillaboom, L50, M|100/100\n|switch|p1b: Lunala|Lunala, L50|100/100\n|switch|p2a: Volcarona|Volcarona, L50, M|100/100\n|switch|p2b: Calyrex|Calyrex-Ice, L50|100/100\n|-ability|p2b: Calyrex|As One\n|-ability|p2b: Calyrex|Unnerve\n|-fieldstart|move: Grassy Terrain|[from] ability: Grassy Surge|[of] p1a: Rillaboom\n|-enditem|p1b: Lunala|Grassy Seed\n|-boost|p1b: Lunala|def|1|[from] item: Grassy Seed\n|turn|1\n|inactive|Pzdns99 has 30 seconds left.\n|inactive|Pzdns99 has 20 seconds left.\n|\n|t:|1746141831\n|-terastallize|p1a: Rillaboom|Fire\n|move|p2a: Volcarona|Protect|p2a: Volcarona\n|-singleturn|p2a: Volcarona|Protect\n|move|p2b: Calyrex|Protect|p2b: Calyrex\n|-singleturn|p2b: Calyrex|Protect\n|move|p1a: Rillaboom|Fake Out|p2a: Volcarona\n|-activate|p2a: Volcarona|move: Protect\n|move|p1b: Lunala|Moongeist Beam|p2b: Calyrex\n|-activate|p2b: Calyrex|move: Protect\n|\n|upkeep\n|turn|2\n|\n|t:|1746141852\n|move|p2a: Volcarona|Rage Powder|p2a: Volcarona\n|-singleturn|p2a: Volcarona|move: Rage Powder\n|move|p1b: Lunala|Moongeist Beam|p2a: Volcarona\n|-damage|p2a: Volcarona|50/100\n|move|p1a: Rillaboom|U-turn|p2a: Volcarona\n|-resisted|p2a: Volcarona\n|-damage|p2a: Volcarona|40/100\n|-damage|p1a: Rillaboom|84/100|[from] item: Rocky Helmet|[of] p2a: Volcarona\n|\n|t:|1746141865\n|switch|p1a: Koraidon|Koraidon, L50|100/100|[from] U-turn\n|-weather|SunnyDay|[from] ability: Orichalcum Pulse|[of] p1a: Koraidon\n|-activate|p1a: Koraidon|Orichalcum Pulse|[source]\n|move|p2b: Calyrex|Trick Room|p2b: Calyrex\n|-fieldstart|move: Trick Room|[of] p2b: Calyrex\n|\n|-weather|SunnyDay|[upkeep]\n|-heal|p2a: Volcarona|46/100|[from] Grassy Terrain\n|upkeep\n|turn|3\n|inactive|Pzdns99 has 30 seconds left.\n|inactive|inXuman has 30 seconds left.\n|\n|t:|1746141892\n|-terastallize|p2b: Calyrex|Fire\n|move|p1a: Koraidon|Protect|p1a: Koraidon\n|-singleturn|p1a: Koraidon|Protect\n|move|p2b: Calyrex|Glacial Lance|p1a: Koraidon|[spread] p1b\n|-activate|p1a: Koraidon|move: Protect\n|-damage|p1b: Lunala|86/100\n|move|p2a: Volcarona|Fiery Dance|p1a: Koraidon\n|-activate|p1a: Koraidon|move: Protect\n|move|p1b: Lunala|Moongeist Beam|p2b: Calyrex\n|-damage|p2b: Calyrex|62/100\n|\n|-weather|SunnyDay|[upkeep]\n|-heal|p2b: Calyrex|68/100|[from] Grassy Terrain\n|-heal|p2a: Volcarona|53/100|[from] Grassy Terrain\n|-heal|p1b: Lunala|92/100|[from] Grassy Terrain\n|upkeep\n|turn|4\n|\n|t:|1746141909\n|move|p1b: Lunala|Wide Guard|p1b: Lunala\n|-singleturn|p1b: Lunala|Wide Guard\n|move|p2b: Calyrex|Glacial Lance|p1b: Lunala|[spread] \n|-activate|p1a: Koraidon|move: Wide Guard\n|-activate|p1b: Lunala|move: Wide Guard\n|move|p2a: Volcarona|Fiery Dance|p1a: Koraidon\n|-resisted|p1a: Koraidon\n|-damage|p1a: Koraidon|75/100\n|-boost|p2a: Volcarona|spa|1\n|move|p1a: Koraidon|Scale Shot|p2b: Calyrex\n|-damage|p2b: Calyrex|57/100\n|-damage|p2b: Calyrex|44/100\n|-damage|p2b: Calyrex|32/100\n|-damage|p2b: Calyrex|20/100\n|-hitcount|p2b: Calyrex|4\n|-unboost|p1a: Koraidon|def|1\n|-boost|p1a: Koraidon|spe|1\n|\n|-weather|SunnyDay|[upkeep]\n|-heal|p2b: Calyrex|26/100|[from] Grassy Terrain\n|-heal|p2a: Volcarona|59/100|[from] Grassy Terrain\n|-heal|p1b: Lunala|98/100|[from] Grassy Terrain\n|-heal|p1a: Koraidon|82/100|[from] Grassy Terrain\n|upkeep\n|turn|5\n|inactive|Pzdns99 has 30 seconds left.\n|inactive|Pzdns99 has 20 seconds left.\n|\n|t:|1746141945\n|switch|p2b: Iron Hands|Iron Hands, L50|100/100\n|move|p1b: Lunala|Wide Guard|p1b: Lunala\n|-singleturn|p1b: Lunala|Wide Guard\n|move|p2a: Volcarona|Fiery Dance|p1b: Lunala\n|-damage|p1b: Lunala|46/100\n|-boost|p2a: Volcarona|spa|1\n|move|p1a: Koraidon|Scale Shot|p2a: Volcarona\n|-damage|p2a: Volcarona|40/100\n|-damage|p2a: Volcarona|23/100\n|-damage|p2a: Volcarona|7/100\n|-damage|p2a: Volcarona|0 fnt\n|faint|p2a: Volcarona\n|-hitcount|p2: Volcarona|4\n|-unboost|p1a: Koraidon|def|1\n|-boost|p1a: Koraidon|spe|1\n|\n|-weather|SunnyDay|[upkeep]\n|-heal|p1b: Lunala|52/100|[from] Grassy Terrain\n|-heal|p1a: Koraidon|88/100|[from] Grassy Terrain\n|-fieldend|move: Grassy Terrain\n|upkeep\n|inactive|inXuman has 30 seconds left.\n|\n|t:|1746141976\n|switch|p2a: Calyrex|Calyrex-Ice, L50, tera:Fire|26/100\n|-ability|p2a: Calyrex|As One\n|-ability|p2a: Calyrex|Unnerve\n|turn|6\n|inactive|Pzdns99 has 30 seconds left.\n|inactive|inXuman has 30 seconds left.\n|\n|t:|1746142006\n|move|p1a: Koraidon|Protect|p1a: Koraidon\n|-singleturn|p1a: Koraidon|Protect\n|move|p2b: Iron Hands|Heavy Slam|p1b: Lunala\n|-damage|p1b: Lunala|35/100\n|move|p2a: Calyrex|Glacial Lance|p1b: Lunala|[spread] p1b\n|-activate|p1a: Koraidon|move: Protect\n|-damage|p1b: Lunala|3/100\n|move|p1b: Lunala|Moongeist Beam|p2a: Calyrex\n|-damage|p2a: Calyrex|0 fnt\n|faint|p2a: Calyrex\n|\n|-weather|none\n|-fieldend|move: Trick Room\n|upkeep\n|\n|t:|1746142014\n|switch|p2a: Ditto|Ditto, L50, shiny|100/100\n|-transform|p2a: Ditto|p1b: Lunala|[from] ability: Imposter\n|turn|7\n|inactive|Pzdns99 has 30 seconds left.\n|\n|t:|1746142047\n|move|p1a: Koraidon|Scale Shot|p2b: Iron Hands\n|-damage|p2b: Iron Hands|91/100\n|-damage|p2b: Iron Hands|82/100\n|-damage|p2b: Iron Hands|72/100\n|-damage|p2b: Iron Hands|62/100\n|-damage|p2b: Iron Hands|51/100\n|-hitcount|p2b: Iron Hands|5\n|-unboost|p1a: Koraidon|def|1\n|-boost|p1a: Koraidon|spe|1\n|move|p2a: Ditto|Moonblast|p1a: Koraidon\n|-supereffective|p1a: Koraidon\n|-damage|p1a: Koraidon|0 fnt\n|faint|p1a: Koraidon\n|move|p1b: Lunala|Moongeist Beam|p2a: Ditto\n|-supereffective|p2a: Ditto\n|-damage|p2a: Ditto|2/100\n|move|p2b: Iron Hands|Heavy Slam|p1b: Lunala\n|-damage|p1b: Lunala|0 fnt\n|faint|p1b: Lunala\n|\n|upkeep\n|\n|t:|1746142063\n|switch|p1a: Chi-Yu|Chi-Yu, L50|100/100\n|switch|p1b: Rillaboom|Rillaboom, L50, M, tera:Fire|84/100\n|-ability|p1a: Chi-Yu|Beads of Ruin\n|-fieldstart|move: Grassy Terrain|[from] ability: Grassy Surge|[of] p1b: Rillaboom\n|turn|8\n|\n|t:|1746142077\n|move|p1b: Rillaboom|Grassy Glide|p2a: Ditto\n|-damage|p2a: Ditto|0 fnt\n|faint|p2a: Ditto\n|move|p1a: Chi-Yu|Flamethrower|p2b: Iron Hands\n|-damage|p2b: Iron Hands|23/100\n|move|p2b: Iron Hands|Drain Punch|p1a: Chi-Yu\n|-supereffective|p1a: Chi-Yu\n|-damage|p1a: Chi-Yu|0 fnt\n|-heal|p2b: Iron Hands|55/100|[from] drain|[of] p1a: Chi-Yu\n|faint|p1a: Chi-Yu\n|\n|-heal|p1b: Rillaboom|90/100|[from] Grassy Terrain\n|-heal|p2b: Iron Hands|61/100|[from] Grassy Terrain\n|upkeep\n|turn|9\n|\n|t:|1746142086\n|move|p1b: Rillaboom|Wood Hammer|p2b: Iron Hands\n|-damage|p2b: Iron Hands|7/100\n|-damage|p1b: Rillaboom|69/100|[from] Recoil\n|move|p2b: Iron Hands|Drain Punch|p1b: Rillaboom\n|-damage|p1b: Rillaboom|31/100\n|-heal|p2b: Iron Hands|23/100|[from] drain|[of] p1b: Rillaboom\n|\n|-heal|p1b: Rillaboom|37/100|[from] Grassy Terrain\n|-heal|p2b: Iron Hands|29/100|[from] Grassy Terrain\n|upkeep\n|turn|10\n|\n|t:|1746142093\n|move|p1b: Rillaboom|Wood Hammer|p2b: Iron Hands\n|-damage|p2b: Iron Hands|0 fnt\n|faint|p2b: Iron Hands\n|-end|p2b: Iron Hands|Quark Drive|[silent]\n|-damage|p1b: Rillaboom|27/100|[from] Recoil\n|\n|win|Pzdns99\n", "uploadtime": 1746142094, "views": 3, "formatid": "gen9vgc2025regibo3", "rating": null, "private": 0, "password": null}