{"id": "gen9vgc2025regibo3-2353410655", "format": "[Gen 9] VGC 2025 Reg I (Bo3)", "players": ["Ulico", "Octoputzi"], "log": "|j|\u2606Ulico\n|j|\u2606Octoputzi\n|html|<table width=\"100%\"><tr><td align=\"left\">Ulico</td><td align=\"right\">Octoputzi</tr><tr><td align=\"left\"><i class=\"fa fa-circle-o\"></i> <i class=\"fa fa-circle-o\"></i> </td><td align=\"right\"><i class=\"fa fa-circle-o\"></i> <i class=\"fa fa-circle-o\"></i> </tr></table>\n|uhtml|bestof|<h2><strong>Game 1</strong> of <a href=\"/game-bestof3-gen9vgc2025regibo3-2353410654\">a best-of-3</a></h2>\n|t:|1745953521\n|gametype|doubles\n|player|p1|Ulico|mrstone|1263\n|player|p2|Octoputzi|hoopster|1150\n|teamsize|p1|6\n|teamsize|p2|6\n|gen|9\n|tier|[Gen 9] VGC 2025 Reg I (Bo3)\n|rated|\n|rule|Species Clause: Limit one of each Pok\u00e9mon\n|rule|Item Clause: Limit 1 of each item\n|clearpoke\n|poke|p1|Calyrex-Shadow, L50|\n|poke|p1|Koraidon, L50|\n|poke|p1|Brute Bonnet, L50|\n|poke|p1|Raging Bolt, L50|\n|poke|p1|Incineroar, L50, F|\n|poke|p1|Ogerpon-Cornerstone, L50, F|\n|poke|p2|Koraidon, L50|\n|poke|p2|Calyrex-Shadow, L50|\n|poke|p2|Indeedee-F, L50, F|\n|poke|p2|Chi-Yu, L50|\n|poke|p2|Whimsicott, L50, F|\n|poke|p2|Brute Bonnet, L50|\n|teampreview|4\n|showteam|p1|Calyrex-Shadow||FocusSash|AsOneSpectrier|AstralBarrage,Psychic,NastyPlot,Protect||||||50|,,,,,Ghost]Koraidon||LifeOrb|OrichalcumPulse|CloseCombat,FlareBlitz,FlameCharge,Protect||||||50|,,,,,Fire]Brute Bonnet||CovertCloak|Protosynthesis|Protect,SuckerPunch,Spore,RagePowder||||||50|,,,,,Water]Raging Bolt||AssaultVest|Protosynthesis|Thunderbolt,Thunderclap,DracoMeteor,Electroweb||||||50|,,,,,Fairy]Incineroar||SafetyGoggles|Intimidate|KnockOff,HelpingHand,PartingShot,FakeOut|||F|||50|,,,,,Water]Ogerpon-Cornerstone||CornerstoneMask|Sturdy|IvyCudgel,Taunt,FollowMe,SpikyShield|||F|||50|,,,,,Rock\n|showteam|p2|Koraidon||LifeOrb|OrichalcumPulse|FlareBlitz,CloseCombat,FlameCharge,Protect||||||50|,,,,,Fire]Calyrex-Shadow||FocusSash|AsOneSpectrier|AstralBarrage,ExpandingForce,ShadowBall,Protect||||||50|,,,,,Dark]Indeedee-F||PsychicSeed|PsychicSurge|Imprison,FollowMe,HelpingHand,TrickRoom|||F|||50|,,,,,Water]Chi-Yu||ChoiceScarf|BeadsofRuin|HeatWave,DarkPulse,Snarl,Overheat||||||50|,,,,,Fire]Whimsicott||CovertCloak|Prankster|Moonblast,Tailwind,LightScreen,Encore|||F|||50|,,,,,Dark]Brute Bonnet||SitrusBerry|Protosynthesis|SeedBomb,SuckerPunch,Spore,RagePowder||||||50|,,,,,Water\n|inactive|Battle timer is ON: inactive players will automatically lose when time's up. (requested by Octoputzi)\n|inactive|Ulico has 60 seconds left.\n|inactive|Octoputzi has 60 seconds left.\n|\n|t:|1745953560\n|start\n|switch|p1a: Koraidon|Koraidon, L50|100/100\n|switch|p1b: Brute Bonnet|Brute Bonnet, L50|100/100\n|switch|p2a: Koraidon|Koraidon, L50|100/100\n|switch|p2b: Whimsicott|Whimsicott, L50, F|100/100\n|-weather|SunnyDay|[from] ability: Orichalcum Pulse|[of] p1a: Koraidon\n|-activate|p1b: Brute Bonnet|ability: Protosynthesis\n|-start|p1b: Brute Bonnet|protosynthesisdef\n|-activate|p1a: Koraidon|Orichalcum Pulse|[source]\n|-activate|p2a: Koraidon|ability: Orichalcum Pulse\n|turn|1\n|\n|t:|1745953583\n|switch|p1a: Incineroar|Incineroar, L50, F|100/100\n|-ability|p1a: Incineroar|Intimidate|boost\n|-unboost|p2a: Koraidon|atk|1\n|-unboost|p2b: Whimsicott|atk|1\n|-terastallize|p1b: Brute Bonnet|Water\n|move|p2a: Koraidon|Protect|p2a: Koraidon\n|-singleturn|p2a: Koraidon|Protect\n|move|p2b: Whimsicott|Tailwind|p2b: Whimsicott\n|-sidestart|p2: Octoputzi|move: Tailwind\n|move|p1b: Brute Bonnet|Spore|p2a: Koraidon\n|-activate|p2a: Koraidon|move: Protect\n|\n|-weather|SunnyDay|[upkeep]\n|upkeep\n|turn|2\n|inactive|Ulico has 30 seconds left.\n|inactive|Octoputzi has 30 seconds left.\n|inactive|Octoputzi has 20 seconds left.\n|\n|t:|1745953620\n|switch|p2b: Indeedee|Indeedee-F, L50, F|100/100\n|-fieldstart|move: Psychic Terrain|[from] ability: Psychic Surge|[of] p2b: Indeedee\n|-enditem|p2b: Indeedee|Psychic Seed\n|-boost|p2b: Indeedee|spd|1|[from] item: Psychic Seed\n|move|p2a: Koraidon|Close Combat|p1a: Incineroar\n|-supereffective|p1a: Incineroar\n|-damage|p1a: Incineroar|0 fnt\n|-unboost|p2a: Koraidon|def|1\n|-unboost|p2a: Koraidon|spd|1\n|faint|p1a: Incineroar\n|-damage|p2a: Koraidon|91/100|[from] item: Life Orb\n|move|p1b: Brute Bonnet|Spore|p2a: Koraidon\n|-status|p2a: Koraidon|slp|[from] move: Spore\n|\n|-weather|SunnyDay|[upkeep]\n|upkeep\n|\n|t:|1745953631\n|switch|p1a: Koraidon|Koraidon, L50|100/100\n|-activate|p1a: Koraidon|ability: Orichalcum Pulse\n|turn|3\n|inactive|Octoputzi has 30 seconds left.\n|\n|t:|1745953660\n|cant|p2a: Koraidon|slp\n|move|p2b: Indeedee|Follow Me|p2b: Indeedee\n|-singleturn|p2b: Indeedee|move: Follow Me\n|move|p1a: Koraidon|Close Combat|p2b: Indeedee\n|-damage|p2b: Indeedee|0 fnt\n|-unboost|p1a: Koraidon|def|1\n|-unboost|p1a: Koraidon|spd|1\n|faint|p2b: Indeedee\n|-damage|p1a: Koraidon|91/100|[from] item: Life Orb\n|move|p1b: Brute Bonnet|Spore|p2a: Koraidon\n|-fail|p2a: Koraidon|slp\n|\n|-weather|SunnyDay|[upkeep]\n|upkeep\n|\n|t:|1745953675\n|switch|p2b: Calyrex|Calyrex-Shadow, L50|100/100\n|-ability|p2b: Calyrex|As One\n|-ability|p2b: Calyrex|Unnerve\n|turn|4\n|inactive|Ulico has 30 seconds left.\n|inactive|Ulico has 20 seconds left.\n|inactive|Octoputzi has 30 seconds left.\n|\n|t:|1745953720\n|switch|p2a: Whimsicott|Whimsicott, L50, F|100/100\n|switch|p1a: Raging Bolt|Raging Bolt, L50|100/100\n|-activate|p1a: Raging Bolt|ability: Protosynthesis\n|-start|p1a: Raging Bolt|protosynthesisspa\n|move|p2b: Calyrex|Expanding Force|p1b: Brute Bonnet|[spread] p1a,p1b\n|-damage|p1a: Raging Bolt|55/100\n|-damage|p1b: Brute Bonnet|46/100\n|move|p1b: Brute Bonnet|Spore|p2b: Calyrex\n|-status|p2b: Calyrex|slp|[from] move: Spore\n|\n|-weather|SunnyDay|[upkeep]\n|-sideend|p2: Octoputzi|move: Tailwind\n|upkeep\n|turn|5\n|inactive|Ulico has 30 seconds left.\n|inactive|Ulico has 20 seconds left.\n|\n|t:|1745953758\n|cant|p2b: Calyrex|slp\n|move|p1b: Brute Bonnet|Protect|p1b: Brute Bonnet\n|-singleturn|p1b: Brute Bonnet|Protect\n|move|p2a: Whimsicott|Encore|p1b: Brute Bonnet\n|-activate|p1b: Brute Bonnet|move: Psychic Terrain\n|move|p1a: Raging Bolt|Thunderbolt|p2a: Whimsicott\n|-resisted|p2a: Whimsicott\n|-damage|p2a: Whimsicott|61/100\n|\n|-weather|none\n|-end|p1a: Raging Bolt|Protosynthesis\n|-end|p1b: Brute Bonnet|Protosynthesis\n|upkeep\n|turn|6\n|inactive|Ulico has 30 seconds left.\n|inactive|Ulico has 20 seconds left.\n|\n|t:|1745953793\n|move|p2a: Whimsicott|Light Screen|p2a: Whimsicott\n|-sidestart|p2: Octoputzi|move: Light Screen\n|cant|p2b: Calyrex|slp\n|move|p1a: Raging Bolt|Electroweb|p2b: Calyrex|[spread] p2a,p2b\n|-resisted|p2a: Whimsicott\n|-damage|p2a: Whimsicott|52/100\n|-damage|p2b: Calyrex|84/100 slp\n|-unboost|p2b: Calyrex|spe|1\n|move|p1b: Brute Bonnet|Spore|p2b: Calyrex\n|-fail|p2b: Calyrex|slp\n|\n|-fieldend|move: Psychic Terrain\n|upkeep\n|turn|7\n|inactive|Ulico has 30 seconds left.\n|\n|t:|1745953826\n|-end|p1b: Brute Bonnet|Protosynthesis|[silent]\n|switch|p1b: Koraidon|Koraidon, L50|91/100\n|-weather|SunnyDay|[from] ability: Orichalcum Pulse|[of] p1b: Koraidon\n|-activate|p1a: Raging Bolt|ability: Protosynthesis\n|-start|p1a: Raging Bolt|protosynthesisspa\n|-activate|p1b: Koraidon|Orichalcum Pulse|[source]\n|move|p2a: Whimsicott|Tailwind|p2a: Whimsicott\n|-sidestart|p2: Octoputzi|move: Tailwind\n|cant|p2b: Calyrex|slp\n|move|p1a: Raging Bolt|Thunderbolt|p2a: Whimsicott\n|-resisted|p2a: Whimsicott\n|-damage|p2a: Whimsicott|27/100\n|\n|-weather|SunnyDay|[upkeep]\n|upkeep\n|turn|8\n|inactive|Ulico has 30 seconds left.\n|inactive|Octoputzi has 30 seconds left.\n|inactive|Ulico has 20 seconds left.\n|\n|t:|1745953864\n|move|p1b: Koraidon|Protect|p1b: Koraidon\n|-singleturn|p1b: Koraidon|Protect\n|move|p2a: Whimsicott|Moonblast|p1b: Koraidon\n|-activate|p1b: Koraidon|move: Protect\n|-curestatus|p2b: Calyrex|slp|[msg]\n|move|p2b: Calyrex|Astral Barrage|p1b: Koraidon|[spread] p1a\n|-activate|p1b: Koraidon|move: Protect\n|-damage|p1a: Raging Bolt|23/100\n|move|p1a: Raging Bolt|Thunderbolt|p2b: Calyrex\n|-damage|p2b: Calyrex|40/100\n|\n|-weather|SunnyDay|[upkeep]\n|upkeep\n|turn|9\n|inactive|Ulico has 30 seconds left.\n|inactive|Octoputzi has 30 seconds left.\n|inactive|Ulico has 20 seconds left.\n|inactive|Ulico has 15 seconds left.\n|\n|t:|1745953908\n|switch|p1b: Brute Bonnet|Brute Bonnet, L50, tera:Water|46/100\n|-activate|p1b: Brute Bonnet|ability: Protosynthesis\n|-start|p1b: Brute Bonnet|protosynthesisdef\n|move|p2a: Whimsicott|Encore||[still]\n|-fail|p2a: Whimsicott\n|move|p1a: Raging Bolt|Thunderclap|p2b: Calyrex\n|-damage|p2b: Calyrex|0 fnt\n|faint|p2b: Calyrex\n|\n|-weather|SunnyDay|[upkeep]\n|upkeep\n|\n|t:|1745953916\n|switch|p2b: Koraidon|Koraidon, L50|91/100 slp\n|-activate|p2b: Koraidon|ability: Orichalcum Pulse\n|turn|10\n|inactive|Ulico has 30 seconds left.\n|\n|t:|1745953944\n|-terastallize|p2b: Koraidon|Fire\n|move|p1b: Brute Bonnet|Sucker Punch|p2a: Whimsicott\n|-resisted|p2a: Whimsicott\n|-damage|p2a: Whimsicott|8/100\n|cant|p2b: Koraidon|slp\n|move|p2a: Whimsicott|Moonblast|p1a: Raging Bolt\n|-supereffective|p1a: Raging Bolt\n|-damage|p1a: Raging Bolt|0 fnt\n|faint|p1a: Raging Bolt\n|-end|p1a: Raging Bolt|Protosynthesis|[silent]\n|\n|-weather|SunnyDay|[upkeep]\n|-sideend|p2: Octoputzi|move: Light Screen\n|-sideend|p2: Octoputzi|move: Tailwind\n|upkeep\n|\n|t:|1745953949\n|switch|p1a: Koraidon|Koraidon, L50|91/100\n|-activate|p1a: Koraidon|ability: Orichalcum Pulse\n|turn|11\n|\n|t:|1745953965\n|move|p2a: Whimsicott|Tailwind|p2a: Whimsicott\n|-sidestart|p2: Octoputzi|move: Tailwind\n|move|p1b: Brute Bonnet|Sucker Punch||[still]\n|-fail|p1b: Brute Bonnet\n|-curestatus|p2b: Koraidon|slp|[msg]\n|move|p2b: Koraidon|Close Combat|p1b: Brute Bonnet\n|-damage|p1b: Brute Bonnet|0 fnt\n|-unboost|p2b: Koraidon|def|1\n|-unboost|p2b: Koraidon|spd|1\n|faint|p1b: Brute Bonnet\n|-end|p1b: Brute Bonnet|Protosynthesis|[silent]\n|-damage|p2b: Koraidon|81/100|[from] item: Life Orb\n|move|p1a: Koraidon|Flame Charge|p2a: Whimsicott\n|-supereffective|p2a: Whimsicott\n|-damage|p2a: Whimsicott|0 fnt\n|-boost|p1a: Koraidon|spe|1\n|faint|p2a: Whimsicott\n|-damage|p1a: Koraidon|81/100|[from] item: Life Orb\n|\n|-weather|none\n|upkeep\n|turn|12\n|\n|t:|1745953976\n|move|p2b: Koraidon|Close Combat|p1a: Koraidon\n|-damage|p1a: Koraidon|5/100\n|-unboost|p2b: Koraidon|def|1\n|-unboost|p2b: Koraidon|spd|1\n|-damage|p2b: Koraidon|72/100|[from] item: Life Orb\n|move|p1a: Koraidon|Close Combat|p2b: Koraidon\n|-damage|p2b: Koraidon|0 fnt\n|-unboost|p1a: Koraidon|def|1\n|-unboost|p1a: Koraidon|spd|1\n|faint|p2b: Koraidon\n|-damage|p1a: Koraidon|0 fnt|[from] item: Life Orb\n|faint|p1a: Koraidon\n|\n|win|Ulico\n||Ulico is ready for game 2.\n||Octoputzi is ready for game 2.\n|uhtml|next|Next: <a href=\"/battle-gen9vgc2025regibo3-2353415795\"><strong>Game 2 of 3</strong></a>\n", "uploadtime": 1745954169, "views": 6, "formatid": "gen9vgc2025regibo3", "rating": null, "private": 0, "password": null}