{"id": "gen9vgc2025regibo3-2354968465", "format": "[Gen 9] VGC 2025 Reg I (Bo3)", "players": ["laZb0nes2", "pon seis nueve"], "log": "|j|\u2606laZb0nes2\n|j|\u203dpon seis nueve\n|html|<table width=\"100%\"><tr><td align=\"left\">laZb0nes2</td><td align=\"right\">pon seis nueve</tr><tr><td align=\"left\"><i class=\"fa fa-circle\"></i> <i class=\"fa fa-circle-o\"></i> </td><td align=\"right\"><i class=\"fa fa-circle-o\"></i> <i class=\"fa fa-circle\"></i> </tr></table>\n|uhtml|bestof|<h2><strong>Game 3</strong> of <a href=\"/game-bestof3-gen9vgc2025regibo3-2354957401\">a best-of-3</a></h2>\n|t:|1746136879\n|gametype|doubles\n|player|p1|laZb0nes2|waiter-gen4|1091\n|player|p2|pon seis nueve|marlon|1189\n|teamsize|p1|6\n|teamsize|p2|6\n|gen|9\n|tier|[Gen 9] VGC 2025 Reg I (Bo3)\n|rated|\n|rule|Species Clause: Limit one of each Pok\u00e9mon\n|rule|Item Clause: Limit 1 of each item\n|clearpoke\n|poke|p1|Terapagos, L50, M|\n|poke|p1|Ho-Oh, L50|\n|poke|p1|Incineroar, L50, M|\n|poke|p1|Rillaboom, L50, M|\n|poke|p1|Ogerpon-Cornerstone, L50, F|\n|poke|p1|Urshifu-*, L50, M|\n|poke|p2|Zamazenta-*, L50|\n|poke|p2|Calyrex-Shadow, L50|\n|poke|p2|Tornadus, L50, M|\n|poke|p2|Urshifu-*, L50, M|\n|poke|p2|Rillaboom, L50, M|\n|poke|p2|Chien-Pao, L50|\n|teampreview|4\n|showteam|p1|Terapagos||Leftovers|TeraShift|CalmMind,TeraStarstorm,EarthPower,Protect|||M|||50|,,,,,Stellar]Ho-Oh||ClearAmulet|Regenerator|SacredFire,BraveBird,Tailwind,Protect||||||50|,,,,,Grass]Incineroar||SafetyGoggles|Intimidate|KnockOff,FakeOut,WillOWisp,PartingShot|||M|||50|,,,,,Water]Rillaboom||AssaultVest|GrassySurge|GrassyGlide,WoodHammer,Uturn,FakeOut|||M|||50|,,,,,Fire]Ogerpon-Cornerstone||CornerstoneMask|Sturdy|IvyCudgel,PowerWhip,FollowMe,SpikyShield|||F|||50|,,,,,Rock]Urshifu-Rapid-Strike||ChoiceScarf|UnseenFist|SurgingStrikes,CloseCombat,Uturn,Coaching|||M|||50|,,,,,Water\n|showteam|p2|Zamazenta-Crowned||RustedShield|DauntlessShield|BodyPress,HeavySlam,WideGuard,Protect||||||50|,,,,,Dragon]Calyrex-Shadow||FocusSash|AsOneSpectrier|AstralBarrage,Psychic,Encore,Protect||||||50|,,,,,Ghost]Tornadus||RockyHelmet|Prankster|BleakwindStorm,Tailwind,RainDance,Protect|||M|||50|,,,,,Dark]Urshifu-Rapid-Strike||ChoiceScarf|UnseenFist|SurgingStrikes,CloseCombat,AquaJet,Uturn|||M|||50|,,,,,Water]Rillaboom||AssaultVest|GrassySurge|WoodHammer,GrassyGlide,Uturn,FakeOut|||M|||50|,,,,,Fire]Chien-Pao||LifeOrb|SwordofRuin|SuckerPunch,IcicleCrash,ThroatChop,Protect||||||50|,,,,,Stellar\n|\n|t:|1746136900\n|start\n|switch|p1a: Incineroar|Incineroar, L50, M|100/100\n|switch|p1b: Ho-Oh|Ho-Oh, L50|100/100\n|switch|p2a: Calyrex|Calyrex-Shadow, L50|100/100\n|switch|p2b: Urshifu|Urshifu-Rapid-Strike, L50, M|100/100\n|-ability|p2a: Calyrex|As One\n|-ability|p2a: Calyrex|Unnerve\n|-ability|p1a: Incineroar|Intimidate|boost\n|-unboost|p2a: Calyrex|atk|1\n|-unboost|p2b: Urshifu|atk|1\n|turn|1\n|\n|t:|1746136932\n|switch|p1b: Rillaboom|Rillaboom, L50, M|100/100\n|-fieldstart|move: Grassy Terrain|[from] ability: Grassy Surge|[of] p1b: Rillaboom\n|-terastallize|p2b: Urshifu|Water\n|-terastallize|p1a: Incineroar|Water\n|move|p2b: Urshifu|Surging Strikes|p1a: Incineroar\n|-resisted|p1a: Incineroar\n|-crit|p1a: Incineroar\n|-damage|p1a: Incineroar|88/100\n|-resisted|p1a: Incineroar\n|-crit|p1a: Incineroar\n|-damage|p1a: Incineroar|75/100\n|-resisted|p1a: Incineroar\n|-crit|p1a: Incineroar\n|-damage|p1a: Incineroar|62/100\n|-hitcount|p1a: Incineroar|3\n|move|p2a: Calyrex|Astral Barrage|p1a: Incineroar|[spread] p1a,p1b\n|-damage|p1a: Incineroar|13/100\n|-damage|p1b: Rillaboom|64/100\n|move|p1a: Incineroar|Parting Shot|p2a: Calyrex\n|-unboost|p2a: Calyrex|atk|1\n|-unboost|p2a: Calyrex|spa|1\n|\n|t:|1746136960\n|switch|p1a: Urshifu|Urshifu-Rapid-Strike, L50, M|100/100|[from] Parting Shot\n|\n|-heal|p1b: Rillaboom|69/100|[from] Grassy Terrain\n|upkeep\n|turn|2\n|inactive|Battle timer is ON: inactive players will automatically lose when time's up. (requested by pon seis nueve)\n|inactive|pon seis nueve has 60 seconds left.\n|inactive|laZb0nes2 has 60 seconds left.\n|\n|t:|1746137006\n|move|p1a: Urshifu|Surging Strikes|p2a: Calyrex\n|-crit|p2a: Calyrex\n|-damage|p2a: Calyrex|71/100\n|-crit|p2a: Calyrex\n|-damage|p2a: Calyrex|45/100\n|-crit|p2a: Calyrex\n|-damage|p2a: Calyrex|16/100\n|-hitcount|p2a: Calyrex|3\n|move|p2b: Urshifu|Surging Strikes|p1a: Urshifu\n|-resisted|p1a: Urshifu\n|-crit|p1a: Urshifu\n|-damage|p1a: Urshifu|85/100\n|-resisted|p1a: Urshifu\n|-crit|p1a: Urshifu\n|-damage|p1a: Urshifu|69/100\n|-resisted|p1a: Urshifu\n|-crit|p1a: Urshifu\n|-damage|p1a: Urshifu|53/100\n|-hitcount|p1a: Urshifu|3\n|move|p2a: Calyrex|Psychic|p1a: Urshifu\n|-supereffective|p1a: Urshifu\n|-damage|p1a: Urshifu|0 fnt\n|faint|p1a: Urshifu\n|-ability|p2a: Calyrex|Grim Neigh|boost\n|-boost|p2a: Calyrex|spa|1\n|move|p1b: Rillaboom|Wood Hammer|p2b: Urshifu\n|-supereffective|p2b: Urshifu\n|-damage|p2b: Urshifu|0 fnt\n|faint|p2b: Urshifu\n|-damage|p1b: Rillaboom|41/100|[from] Recoil\n|\n|-heal|p2a: Calyrex|22/100|[from] Grassy Terrain\n|-heal|p1b: Rillaboom|47/100|[from] Grassy Terrain\n|upkeep\n|inactive|laZb0nes2 has 30 seconds left.\n|inactive|pon seis nueve has 30 seconds left.\n|\n|t:|1746137034\n|switch|p1a: Ho-Oh|Ho-Oh, L50|100/100\n|switch|p2b: Zamazenta|Zamazenta-Crowned, L50|100/100\n|-ability|p2b: Zamazenta|Dauntless Shield|boost\n|-boost|p2b: Zamazenta|def|1\n|turn|3\n|inactive|laZb0nes2 has 30 seconds left.\n|inactive|laZb0nes2 has 20 seconds left.\n|inactive|laZb0nes2 has 15 seconds left.\n|inactive|laZb0nes2 has 10 seconds left.\n|\n|t:|1746137082\n|move|p2a: Calyrex|Astral Barrage|p1b: Rillaboom|[spread] p1a,p1b\n|-damage|p1a: Ho-Oh|67/100\n|-damage|p1b: Rillaboom|13/100\n|move|p2b: Zamazenta|Body Press|p1a: Ho-Oh\n|-resisted|p1a: Ho-Oh\n|-damage|p1a: Ho-Oh|42/100\n|move|p1b: Rillaboom|U-turn|p2a: Calyrex\n|-damage|p2a: Calyrex|0 fnt\n|faint|p2a: Calyrex\n|\n|t:|1746137091\n|switch|p1b: Incineroar|Incineroar, L50, M, tera:Water|13/100|[from] U-turn\n|-ability|p1b: Incineroar|Intimidate|boost\n|-unboost|p2b: Zamazenta|atk|1\n|move|p1a: Ho-Oh|Tailwind|p1a: Ho-Oh\n|-sidestart|p1: laZb0nes2|move: Tailwind\n|\n|-heal|p1b: Incineroar|19/100|[from] Grassy Terrain\n|upkeep\n|\n|t:|1746137095\n|switch|p2a: Chien-Pao|Chien-Pao, L50|100/100\n|-ability|p2a: Chien-Pao|Sword of Ruin\n|turn|4\n|inactive|laZb0nes2 has 30 seconds left.\n|inactive|laZb0nes2 has 20 seconds left.\n|inactive|laZb0nes2 has 15 seconds left.\n|\n|t:|1746137136\n|move|p2a: Chien-Pao|Protect|p2a: Chien-Pao\n|-singleturn|p2a: Chien-Pao|Protect\n|move|p2b: Zamazenta|Protect|p2b: Zamazenta\n|-singleturn|p2b: Zamazenta|Protect\n|move|p1b: Incineroar|Fake Out|p2b: Zamazenta\n|-activate|p2b: Zamazenta|move: Protect\n|move|p1a: Ho-Oh|Sacred Fire|p2a: Chien-Pao\n|-activate|p2a: Chien-Pao|move: Protect\n|\n|-heal|p1b: Incineroar|25/100|[from] Grassy Terrain\n|upkeep\n|turn|5\n|\n|t:|1746137155\n|switch|p1a: Rillaboom|Rillaboom, L50, M|13/100\n|move|p2a: Chien-Pao|Throat Chop|p1a: Rillaboom\n|-damage|p1a: Rillaboom|0 fnt\n|faint|p1a: Rillaboom\n|-damage|p2a: Chien-Pao|91/100|[from] item: Life Orb\n|move|p1b: Incineroar|Will-O-Wisp|p2b: Zamazenta\n|-status|p2b: Zamazenta|brn\n|move|p2b: Zamazenta|Body Press|p1b: Incineroar\n|-damage|p1b: Incineroar|0 fnt\n|faint|p1b: Incineroar\n|\n|-heal|p2a: Chien-Pao|97/100|[from] Grassy Terrain\n|-damage|p2b: Zamazenta|95/100 brn|[from] brn\n|-fieldend|move: Grassy Terrain\n|upkeep\n|\n|t:|1746137163\n|switch|p1b: Ho-Oh|Ho-Oh, L50|75/100\n|turn|6\n|\n|t:|1746137184\n|move|p2a: Chien-Pao|Protect|p2a: Chien-Pao\n|-singleturn|p2a: Chien-Pao|Protect\n|move|p1b: Ho-Oh|Sacred Fire|p2a: Chien-Pao\n|-activate|p2a: Chien-Pao|move: Protect\n|move|p2b: Zamazenta|Body Press|p1b: Ho-Oh\n|-resisted|p1b: Ho-Oh\n|-damage|p1b: Ho-Oh|59/100\n|\n|-damage|p2b: Zamazenta|89/100 brn|[from] brn\n|-sideend|p1: laZb0nes2|move: Tailwind\n|upkeep\n|turn|7\n|\n|t:|1746137199\n|move|p1b: Ho-Oh|Protect|p1b: Ho-Oh\n|-singleturn|p1b: Ho-Oh|Protect\n|move|p2a: Chien-Pao|Throat Chop|p1b: Ho-Oh\n|-activate|p1b: Ho-Oh|move: Protect\n|move|p2b: Zamazenta|Body Press|p1b: Ho-Oh\n|-activate|p1b: Ho-Oh|move: Protect\n|\n|-damage|p2b: Zamazenta|83/100 brn|[from] brn\n|upkeep\n|turn|8\n|\n|t:|1746137205\n|move|p2a: Chien-Pao|Throat Chop|p1b: Ho-Oh\n|-damage|p1b: Ho-Oh|12/100\n|-start|p1b: Ho-Oh|Throat Chop|[silent]\n|-damage|p2a: Chien-Pao|87/100|[from] item: Life Orb\n|move|p2b: Zamazenta|Body Press|p1b: Ho-Oh\n|-resisted|p1b: Ho-Oh\n|-damage|p1b: Ho-Oh|0 fnt\n|faint|p1b: Ho-Oh\n|\n|win|pon seis nueve\n|raw|laZb0nes2's rating: 1091 &rarr; <strong>1074</strong><br />(-17 for losing)\n|raw|pon seis nueve's rating: 1189 &rarr; <strong>1207</strong><br />(+18 for winning)\n|c|\u2606laZb0nes2|ggs\n|c|\u2606laZb0nes2|fun games\n|l|\u203dpon seis nueve\n|player|p2|\n", "uploadtime": 1746137219, "views": 7, "formatid": "gen9vgc2025regibo3", "rating": 1074, "private": 0, "password": null}