{"id": "gen9vgc2025regibo3-2354919945", "format": "[Gen 9] VGC 2025 Reg I (Bo3)", "players": ["tzarii", "4herbcor"], "log": "|j|\u2606tzarii\n|j|\u26064herbcor\n|html|<table width=\"100%\"><tr><td align=\"left\">tzarii</td><td align=\"right\">4herbcor</tr><tr><td align=\"left\"><i class=\"fa fa-circle-o\"></i> <i class=\"fa fa-circle-o\"></i> </td><td align=\"right\"><i class=\"fa fa-circle-o\"></i> <i class=\"fa fa-circle\"></i> </tr></table>\n|uhtml|bestof|<h2><strong>Game 2</strong> of <a href=\"/game-bestof3-gen9vgc2025regibo3-2354917507\">a best-of-3</a></h2>\n|t:|1746131808\n|gametype|doubles\n|player|p1|tzarii|lady-gen4|1118\n|player|p2|4herbcor|linebacker|1107\n|teamsize|p1|6\n|teamsize|p2|6\n|gen|9\n|tier|[Gen 9] VGC 2025 Reg I (Bo3)\n|rated|\n|rule|Species Clause: Limit one of each Pok\u00e9mon\n|rule|Item Clause: Limit 1 of each item\n|clearpoke\n|poke|p1|Koraidon, L50|\n|poke|p1|Groudon, L50|\n|poke|p1|Flutter Mane, L50|\n|poke|p1|Scovillain, L50, M|\n|poke|p1|Rillaboom, L50, M|\n|poke|p1|Scream Tail, L50|\n|poke|p2|Miraidon, L50|\n|poke|p2|Ho-Oh, L50|\n|poke|p2|Farigiraf, L50, M|\n|poke|p2|Iron Hands, L50|\n|poke|p2|Ursaluna, L50, F|\n|poke|p2|Chien-Pao, L50|\n|teampreview|4\n|showteam|p1|Koraidon||ClearAmulet|OrichalcumPulse|FlameCharge,CloseCombat,FlareBlitz,Protect||||||50|,,,,,Fire]Groudon||AssaultVest|Drought|PrecipiceBlades,HeatCrash,StoneEdge,HighHorsepower||||||50|,,,,,Water]Flutter Mane||FocusSash|Protosynthesis|Moonblast,IcyWind,ShadowBall,Protect||||||50|,,,,,Fairy]Scovillain||CovertCloak|Chlorophyll|Overheat,SpicyExtract,WillOWisp,ScaryFace|||M|||50|,,,,,Fire]Rillaboom||MiracleSeed|GrassySurge|FakeOut,GrassyGlide,WoodHammer,Protect|||M|||50|,,,,,Water]Scream Tail||RedCard|Protosynthesis|ThunderWave,Encore,Disable,Protect||||||50|,,,,,Dark\n|showteam|p2|Miraidon||LifeOrb|HadronEngine|ElectroDrift,DracoMeteor,VoltSwitch,Protect||||||50|,,,,,Fairy]Ho-Oh||ClearAmulet|Regenerator|SacredFire,BraveBird,Tailwind,Protect||||||50|,,,,,Grass]Farigiraf||ElectricSeed|ArmorTail|FoulPlay,AllySwitch,HelpingHand,TrickRoom|||M|||50|,,,,,Water]Iron Hands||AssaultVest|QuarkDrive|FakeOut,DrainPunch,VoltSwitch,WildCharge||||||50|,,,,,Bug]Ursaluna||FlameOrb|Guts|Facade,HeadlongRush,Earthquake,Protect|||F|||50|,,,,,Ghost]Chien-Pao||FocusSash|SwordofRuin|IcicleCrash,SuckerPunch,ThroatChop,Protect||||||50|,,,,,Stellar\n|inactive|Battle timer is ON: inactive players will automatically lose when time's up. (requested by 4herbcor)\n|\n|t:|1746131838\n|start\n|switch|p1a: Rillaboom|Rillaboom, L50, M|100/100\n|switch|p1b: Groudon|Groudon, L50|100/100\n|switch|p2a: Ho-Oh|Ho-Oh, L50|100/100\n|switch|p2b: Iron Hands|Iron Hands, L50|100/100\n|-weather|SunnyDay|[from] ability: Drought|[of] p1b: Groudon\n|-fieldstart|move: Grassy Terrain|[from] ability: Grassy Surge|[of] p1a: Rillaboom\n|turn|1\n|\n|t:|1746131853\n|move|p1a: Rillaboom|Fake Out|p2a: Ho-Oh\n|-damage|p2a: Ho-Oh|88/100\n|move|p2b: Iron Hands|Fake Out|p1b: Groudon\n|-damage|p1b: Groudon|90/100\n|cant|p2a: Ho-Oh|flinch\n|cant|p1b: Groudon|flinch\n|\n|-weather|SunnyDay|[upkeep]\n|-heal|p1b: Groudon|96/100|[from] Grassy Terrain\n|upkeep\n|turn|2\n|\n|t:|1746131872\n|-terastallize|p2a: Ho-Oh|Grass\n|move|p2a: Ho-Oh|Sacred Fire|p1a: Rillaboom\n|-supereffective|p1a: Rillaboom\n|-damage|p1a: Rillaboom|0 fnt\n|faint|p1a: Rillaboom\n|move|p1b: Groudon|Stone Edge|p2a: Ho-Oh\n|-damage|p2a: Ho-Oh|57/100\n|move|p2b: Iron Hands|Drain Punch|p1b: Groudon\n|-damage|p1b: Groudon|63/100\n|\n|-weather|SunnyDay|[upkeep]\n|-heal|p2a: Ho-Oh|63/100|[from] Grassy Terrain\n|-heal|p1b: Groudon|68/100|[from] Grassy Terrain\n|upkeep\n|\n|t:|1746131894\n|switch|p1a: Koraidon|Koraidon, L50|100/100\n|-activate|p1a: Koraidon|ability: Orichalcum Pulse\n|turn|3\n|\n|t:|1746131916\n|switch|p2a: Miraidon|Miraidon, L50|100/100\n|-fieldstart|move: Electric Terrain|[from] ability: Hadron Engine|[of] p2a: Miraidon\n|-activate|p2b: Iron Hands|ability: Quark Drive\n|-start|p2b: Iron Hands|quarkdriveatk\n|-terastallize|p1a: Koraidon|Fire\n|move|p1a: Koraidon|Flame Charge|p2a: Miraidon\n|-resisted|p2a: Miraidon\n|-damage|p2a: Miraidon|68/100\n|-boost|p1a: Koraidon|spe|1\n|move|p1b: Groudon|High Horsepower|p2b: Iron Hands\n|-supereffective|p2b: Iron Hands\n|-damage|p2b: Iron Hands|23/100\n|move|p2b: Iron Hands|Volt Switch|p1a: Koraidon\n|-damage|p1a: Koraidon|80/100\n|\n|t:|1746131931\n|-end|p2b: Iron Hands|Quark Drive|[silent]\n|switch|p2b: Chien-Pao|Chien-Pao, L50|100/100|[from] Volt Switch\n|-ability|p2b: Chien-Pao|Sword of Ruin\n|\n|-weather|SunnyDay|[upkeep]\n|upkeep\n|turn|4\n|inactive|tzarii has 30 seconds left.\n|inactive|4herbcor has 30 seconds left.\n|\n|t:|1746131964\n|move|p2b: Chien-Pao|Sucker Punch|p1a: Koraidon\n|-damage|p1a: Koraidon|36/100\n|move|p1a: Koraidon|Flare Blitz|p2a: Miraidon\n|-resisted|p2a: Miraidon\n|-damage|p2a: Miraidon|0 fnt\n|faint|p2a: Miraidon\n|-damage|p1a: Koraidon|14/100|[from] Recoil\n|move|p1b: Groudon|Heat Crash|p2b: Chien-Pao\n|-supereffective|p2b: Chien-Pao\n|-enditem|p2b: Chien-Pao|Focus Sash\n|-damage|p2b: Chien-Pao|1/100\n|\n|-weather|SunnyDay|[upkeep]\n|upkeep\n|\n|t:|1746131974\n|switch|p2a: Iron Hands|Iron Hands, L50|23/100\n|-activate|p2a: Iron Hands|ability: Quark Drive\n|-start|p2a: Iron Hands|quarkdriveatk\n|turn|5\n|\n|t:|1746131990\n|switch|p1b: Scovillain|Scovillain, L50, M|100/100\n|move|p1a: Koraidon|Protect|p1a: Koraidon\n|-singleturn|p1a: Koraidon|Protect\n|move|p2a: Iron Hands|Fake Out|p1a: Koraidon\n|-activate|p1a: Koraidon|move: Protect\n|move|p2b: Chien-Pao|Icicle Crash|p1b: Scovillain\n|-damage|p1b: Scovillain|8/100\n|\n|-weather|none\n|upkeep\n|turn|6\n|inactive|tzarii has 30 seconds left.\n|\n|t:|1746132017\n|switch|p1a: Groudon|Groudon, L50|68/100\n|-weather|SunnyDay|[from] ability: Drought|[of] p1a: Groudon\n|move|p2b: Chien-Pao|Protect|p2b: Chien-Pao\n|-singleturn|p2b: Chien-Pao|Protect\n|move|p1b: Scovillain|Will-O-Wisp|p2b: Chien-Pao\n|-activate|p2b: Chien-Pao|move: Protect\n|move|p2a: Iron Hands|Drain Punch|p1a: Groudon\n|-damage|p1a: Groudon|15/100\n|-heal|p2a: Iron Hands|44/100|[from] drain|[of] p1a: Groudon\n|\n|-weather|SunnyDay|[upkeep]\n|upkeep\n|turn|7\n|\n|t:|1746132042\n|switch|p1a: Koraidon|Koraidon, L50, tera:Fire|14/100\n|-activate|p1a: Koraidon|ability: Orichalcum Pulse\n|move|p2b: Chien-Pao|Sucker Punch||[still]\n|-fail|p2b: Chien-Pao\n|move|p1b: Scovillain|Will-O-Wisp|p2b: Chien-Pao\n|-status|p2b: Chien-Pao|brn\n|move|p2a: Iron Hands|Drain Punch|p1a: Koraidon\n|-damage|p1a: Koraidon|0 fnt\n|-heal|p2a: Iron Hands|49/100|[from] drain|[of] p1a: Koraidon\n|faint|p1a: Koraidon\n|\n|-weather|SunnyDay|[upkeep]\n|-damage|p2b: Chien-Pao|0 fnt|[from] brn\n|faint|p2b: Chien-Pao\n|-fieldend|move: Electric Terrain\n|-end|p2a: Iron Hands|Quark Drive\n|upkeep\n|\n|t:|1746132057\n|switch|p2b: Ho-Oh|Ho-Oh, L50, tera:Grass|96/100\n|switch|p1a: Groudon|Groudon, L50|15/100\n|turn|8\n|\n|t:|1746132067\n|move|p2b: Ho-Oh|Protect|p2b: Ho-Oh\n|-singleturn|p2b: Ho-Oh|Protect\n|move|p1b: Scovillain|Overheat|p2b: Ho-Oh\n|-activate|p2b: Ho-Oh|move: Protect\n|move|p1a: Groudon|High Horsepower|p2a: Iron Hands\n|-supereffective|p2a: Iron Hands\n|-damage|p2a: Iron Hands|0 fnt\n|faint|p2a: Iron Hands\n|-end|p2a: Iron Hands|Quark Drive|[silent]\n|\n|-weather|SunnyDay|[upkeep]\n|upkeep\n|turn|9\n|\n|t:|1746132084\n|move|p1b: Scovillain|Overheat|p2b: Ho-Oh\n|-supereffective|p2b: Ho-Oh\n|-damage|p2b: Ho-Oh|0 fnt\n|-unboost|p1b: Scovillain|spa|2\n|faint|p2b: Ho-Oh\n|\n|win|tzarii\n||tzarii is ready for game 3.\n||4herbcor is ready for game 3.\n|uhtml|next|Next: <a href=\"/battle-gen9vgc2025regibo3-2354922745\"><strong>Game 3 of 3</strong></a>\n|l|\u2606tzarii\n|player|p1|\n", "uploadtime": 1746132353, "views": 5, "formatid": "gen9vgc2025regibo3", "rating": null, "private": 0, "password": null}