{"id": "gen9vgc2025regibo3-2353311041", "format": "[Gen 9] VGC 2025 Reg I (Bo3)", "players": ["Pxxcy", "Applepi_5_10"], "log": "|j|\u2606Pxxcy\n|j|\u2606Applepi_5_10\n|html|<table width=\"100%\"><tr><td align=\"left\">Pxxcy</td><td align=\"right\">Applepi_5_10</tr><tr><td align=\"left\"><i class=\"fa fa-circle\"></i> <i class=\"fa fa-circle-o\"></i> </td><td align=\"right\"><i class=\"fa fa-circle-o\"></i> <i class=\"fa fa-circle-o\"></i> </tr></table>\n|uhtml|bestof|<h2><strong>Game 2</strong> of <a href=\"/game-bestof3-gen9vgc2025regibo3-2353308190\">a best-of-3</a></h2>\n|t:|1745945382\n|gametype|doubles\n|player|p1|Pxxcy|265|1108\n|player|p2|Applepi_5_10|170|1083\n|teamsize|p1|6\n|teamsize|p2|6\n|gen|9\n|tier|[Gen 9] VGC 2025 Reg I (Bo3)\n|rated|\n|rule|Species Clause: Limit one of each Pok\u00e9mon\n|rule|Item Clause: Limit 1 of each item\n|clearpoke\n|poke|p1|Zacian-*, L50|\n|poke|p1|Koraidon, L50|\n|poke|p1|Walking Wake, L50|\n|poke|p1|Chien-Pao, L50|\n|poke|p1|Ogerpon-Cornerstone, L50, F|\n|poke|p1|Thundurus, L50, M|\n|poke|p2|Flutter Mane, L50|\n|poke|p2|Ogerpon-Cornerstone, L50, F|\n|poke|p2|Chi-Yu, L50|\n|poke|p2|Koraidon, L50|\n|poke|p2|Lunala, L50|\n|poke|p2|Indeedee-F, L50, F|\n|teampreview|4\n|showteam|p1|Zacian-Crowned||RustedSword|IntrepidSword|behemothblade,PlayRough,Substitute,Protect||||||50|,,,,,Normal]Koraidon||ClearAmulet|OrichalcumPulse|FlareBlitz,CollisionCourse,ScaleShot,Protect||||||50|,,,,,Fire]Walking Wake||LifeOrb|Protosynthesis|HydroSteam,DracoMeteor,Snarl,Protect||||||50|,,,,,Water]Chien-Pao||FocusSash|SwordofRuin|IcicleCrash,Crunch,SuckerPunch,Protect||||||50|,,,,,Stellar]Ogerpon-Cornerstone||CornerstoneMask|Sturdy|IvyCudgel,PowerWhip,FollowMe,SpikyShield|||F|||50|,,,,,Rock]Thundurus||SitrusBerry|Prankster|WildboltStorm,ThunderWave,EerieImpulse,Leer|||M|||50|,,,,,Steel\n|showteam|p2|Flutter Mane||FocusSash|Protosynthesis|Protect,Moonblast,ShadowBall,IcyWind||||||50|,,,,,Normal]Ogerpon-Cornerstone||CornerstoneMask|Sturdy|IvyCudgel,PowerWhip,SpikyShield,FollowMe|||F|||50|,,,,,Rock]Chi-Yu||ChoiceScarf|BeadsofRuin|HeatWave,DarkPulse,Snarl,Overheat||||||50|,,,,,Fire]Koraidon||LifeOrb|OrichalcumPulse|CloseCombat,FlareBlitz,Protect,FlameCharge||||||50|,,,,,Fire]Lunala||PowerHerb|ShadowShield|Protect,MeteorBeam,ExpandingForce,MoongeistBeam||||||50|,,,,,Water]Indeedee-F||RockyHelmet|PsychicSurge|FollowMe,HelpingHand,ShadowBall,TrickRoom|||F|||50|,,,,,Water\n|inactive|Battle timer is ON: inactive players will automatically lose when time's up. (requested by Applepi_5_10)\n|inactive|Applepi_5_10 has 60 seconds left.\n|inactive|Pxxcy has 60 seconds left.\n|inactive|Applepi_5_10 has 30 seconds left.\n|\n|t:|1745945454\n|start\n|switch|p1a: Walking Wake|Walking Wake, L50|100/100\n|switch|p1b: Chien-Pao|Chien-Pao, L50|100/100\n|switch|p2a: Armin|Flutter Mane, L50|100/100\n|switch|p2b: Chi-Yu|Chi-Yu, L50|100/100\n|-ability|p2b: Chi-Yu|Beads of Ruin\n|-ability|p1b: Chien-Pao|Sword of Ruin\n|turn|1\n|inactive|Pxxcy has 30 seconds left.\n|\n|t:|1745945481\n|-terastallize|p1a: Walking Wake|Water\n|move|p1b: Chien-Pao|Protect|p1b: Chien-Pao\n|-singleturn|p1b: Chien-Pao|Protect\n|move|p2b: Chi-Yu|Heat Wave|p1a: Walking Wake|[spread] p1a\n|-activate|p1b: Chien-Pao|move: Protect\n|-resisted|p1a: Walking Wake\n|-damage|p1a: Walking Wake|73/100\n|-status|p1a: Walking Wake|brn\n|move|p2a: Armin|Icy Wind|p1b: Chien-Pao|[spread] p1a\n|-activate|p1b: Chien-Pao|move: Protect\n|-resisted|p1a: Walking Wake\n|-damage|p1a: Walking Wake|62/100 brn\n|-unboost|p1a: Walking Wake|spe|1\n|move|p1a: Walking Wake|Snarl|p2b: Chi-Yu|[spread] p2a,p2b\n|-resisted|p2b: Chi-Yu\n|-damage|p2a: Armin|74/100\n|-damage|p2b: Chi-Yu|90/100\n|-unboost|p2a: Armin|spa|1\n|-unboost|p2b: Chi-Yu|spa|1\n|-damage|p1a: Walking Wake|52/100 brn|[from] item: Life Orb\n|\n|-damage|p1a: Walking Wake|46/100 brn|[from] brn\n|upkeep\n|turn|2\n|inactive|Pxxcy has 30 seconds left.\n|inactive|Applepi_5_10 has 30 seconds left.\n|inactive|Pxxcy has 20 seconds left.\n|inactive|Applepi_5_10 has 20 seconds left.\n|inactive|Applepi_5_10 has 15 seconds left.\n|\n|t:|1745945522\n|switch|p2b: Indeedee|Indeedee-F, L50, F|100/100\n|-fieldstart|move: Psychic Terrain|[from] ability: Psychic Surge|[of] p2b: Indeedee\n|move|p2a: Armin|Moonblast|p1b: Chien-Pao\n|-supereffective|p1b: Chien-Pao\n|-enditem|p1b: Chien-Pao|Focus Sash\n|-damage|p1b: Chien-Pao|1/100\n|-unboost|p1b: Chien-Pao|spa|1\n|move|p1b: Chien-Pao|Crunch|p2a: Armin\n|-crit|p2a: Armin\n|-damage|p2a: Armin|0 fnt\n|faint|p2a: Armin\n|-end|p2a: Armin|Protosynthesis|[silent]\n|move|p1a: Walking Wake|Hydro Steam|p2b: Indeedee\n|-damage|p2b: Indeedee|32/100\n|-damage|p1a: Walking Wake|36/100 brn|[from] item: Life Orb\n|\n|-damage|p1a: Walking Wake|31/100 brn|[from] brn\n|upkeep\n|\n|t:|1745945543\n|switch|p2a: Chi-Yu|Chi-Yu, L50|90/100\n|-ability|p2a: Chi-Yu|Beads of Ruin\n|turn|3\n|\n|t:|1745945568\n|move|p2b: Indeedee|Helping Hand|p2a: Chi-Yu\n|-singleturn|p2a: Chi-Yu|Helping Hand|[of] p2b: Indeedee\n|move|p1b: Chien-Pao|Protect|p1b: Chien-Pao\n|-singleturn|p1b: Chien-Pao|Protect\n|move|p2a: Chi-Yu|Heat Wave|p1b: Chien-Pao|[spread] p1a\n|-activate|p1b: Chien-Pao|move: Protect\n|-resisted|p1a: Walking Wake\n|-damage|p1a: Walking Wake|0 fnt\n|faint|p1a: Walking Wake\n|-end|p1a: Walking Wake|Protosynthesis|[silent]\n|\n|upkeep\n|\n|t:|1745945575\n|switch|p1a: Koraidon|Koraidon, L50|100/100\n|-weather|SunnyDay|[from] ability: Orichalcum Pulse|[of] p1a: Koraidon\n|-activate|p1a: Koraidon|Orichalcum Pulse|[source]\n|turn|4\n|\n|t:|1745945596\n|move|p2a: Chi-Yu|Heat Wave|p1a: Koraidon|[spread] p1a,p1b\n|-resisted|p1a: Koraidon\n|-supereffective|p1b: Chien-Pao\n|-damage|p1a: Koraidon|71/100\n|-damage|p1b: Chien-Pao|0 fnt\n|faint|p1b: Chien-Pao\n|move|p1a: Koraidon|Scale Shot|p2b: Indeedee\n|-damage|p2b: Indeedee|11/100\n|-damage|p2b: Indeedee|0 fnt\n|faint|p2b: Indeedee\n|-hitcount|p2: Indeedee|2\n|-unboost|p1a: Koraidon|def|1\n|-boost|p1a: Koraidon|spe|1\n|\n|-weather|SunnyDay|[upkeep]\n|upkeep\n|\n|t:|1745945607\n|switch|p1b: Ogerpon|Ogerpon-Cornerstone, L50, F|100/100\n|switch|p2b: Lunala|Lunala, L50|100/100\n|turn|5\n|inactive|Applepi_5_10 has 30 seconds left.\n|\n|t:|1745945634\n|-terastallize|p2b: Lunala|Water\n|move|p1a: Koraidon|Protect|p1a: Koraidon\n|-singleturn|p1a: Koraidon|Protect\n|move|p2a: Chi-Yu|Heat Wave|p1b: Ogerpon|[spread] p1b\n|-activate|p1a: Koraidon|move: Protect\n|-crit|p1b: Ogerpon\n|-ability|p1b: Ogerpon|Sturdy\n|-damage|p1b: Ogerpon|1/100\n|move|p1b: Ogerpon|Ivy Cudgel|p2a: Chi-Yu|[anim] Ivy Cudgel Rock\n|-supereffective|p2a: Chi-Yu\n|-damage|p2a: Chi-Yu|0 fnt\n|faint|p2a: Chi-Yu\n|move|p2b: Lunala|Expanding Force|p1a: Koraidon|[spread] p1b\n|-activate|p1a: Koraidon|move: Protect\n|-damage|p1b: Ogerpon|0 fnt\n|faint|p1b: Ogerpon\n|\n|-weather|SunnyDay|[upkeep]\n|upkeep\n|turn|6\n|\n|t:|1745945651\n|move|p1a: Koraidon|Collision Course|p2b: Lunala\n|-damage|p2b: Lunala|69/100\n|move|p2b: Lunala|Expanding Force|p1a: Koraidon\n|-supereffective|p1a: Koraidon\n|-damage|p1a: Koraidon|0 fnt\n|faint|p1a: Koraidon\n|\n|win|Applepi_5_10\n|l|\u2606Pxxcy\n|player|p1|\n||Applepi_5_10 is ready for game 3.\n||Pxxcy is ready for game 3.\n|uhtml|next|Next: <a href=\"/battle-gen9vgc2025regibo3-2353314448\"><strong>Game 3 of 3</strong></a>\n", "uploadtime": 1745946013, "views": 6, "formatid": "gen9vgc2025regibo3", "rating": null, "private": 0, "password": null}