{"id": "gen9vgc2025regibo3-2354813355", "format": "[Gen 9] VGC 2025 Reg I (Bo3)", "players": ["kevsux", "LaneOfDeath"], "log": "|j|\u2606kevsux\n|j|\u2606LaneOfDeath\n|html|<table width=\"100%\"><tr><td align=\"left\">kevsux</td><td align=\"right\">LaneOfDeath</tr><tr><td align=\"left\"><i class=\"fa fa-circle-o\"></i> <i class=\"fa fa-circle-o\"></i> </td><td align=\"right\"><i class=\"fa fa-circle-o\"></i> <i class=\"fa fa-circle\"></i> </tr></table>\n|uhtml|bestof|<h2><strong>Game 2</strong> of <a href=\"/game-bestof3-gen9vgc2025regibo3-2354810792\">a best-of-3</a></h2>\n|t:|1746121977\n|gametype|doubles\n|player|p1|kevsux|brendan-gen3|1000\n|player|p2|LaneOfDeath|102|1024\n|teamsize|p1|6\n|teamsize|p2|6\n|gen|9\n|tier|[Gen 9] VGC 2025 Reg I (Bo3)\n|rated|\n|rule|Species Clause: Limit one of each Pok\u00e9mon\n|rule|Item Clause: Limit 1 of each item\n|clearpoke\n|poke|p1|Calyrex-Shadow, L50|\n|poke|p1|Terapagos, L50, M|\n|poke|p1|Incineroar, L50, M|\n|poke|p1|Ogerpon-Cornerstone, L50, F|\n|poke|p1|Urshifu-*, L50, F|\n|poke|p1|Rillaboom, L50, M|\n|poke|p2|Kyogre, L50|\n|poke|p2|Zacian-*, L50|\n|poke|p2|Raichu, L50, M|\n|poke|p2|Urshifu-*, L50, M|\n|poke|p2|Flutter Mane, L50|\n|poke|p2|Kingambit, L50, F|\n|teampreview|4\n|showteam|p1|Calyrex-Shadow||FocusSash|AsOneSpectrier|AstralBarrage,WillOWisp,Disable,Protect||||||50|,,,,,Ghost]Terapagos||Leftovers|TeraShift|TeraStarstorm,EarthPower,CalmMind,Protect|||M|||50|,,,,,Stellar]Incineroar||SitrusBerry|Intimidate|FakeOut,KnockOff,WillOWisp,PartingShot|||M|||50|,,,,,Water]Ogerpon-Cornerstone||CornerstoneMask|Sturdy|IvyCudgel,PowerWhip,FollowMe,SpikyShield|||F|||50|,,,,,Rock]Urshifu-Rapid-Strike||SplashPlate|UnseenFist|SurgingStrikes,CloseCombat,AquaJet,Detect|||F|||50|,,,,,Water]Rillaboom||AssaultVest|GrassySurge|FakeOut,WoodHammer,GrassyGlide,Uturn|||M|||50|,,,,,Fire\n|showteam|p2|Kyogre||ChoiceScarf|Drizzle|WaterSpout,OriginPulse,IceBeam,Thunder||||||50|,,,,,Water]Zacian-Crowned||RustedSword|IntrepidSword|behemothblade,PlayRough,SacredSword,Protect||||||50|,,,,,Stellar]Raichu||AssaultVest|LightningRod|FakeOut,Nuzzle,VoltSwitch,UpperHand|||M|||50|,,,,,Fairy]Urshifu-Rapid-Strike||MysticWater|UnseenFist|SurgingStrikes,CloseCombat,Taunt,Protect|||M|||50|,,,,,Water]Flutter Mane||BoosterEnergy|Protosynthesis|IcyWind,ShadowBall,Moonblast,Protect||||||50|,,,,,Fairy]Kingambit||SafetyGoggles|Defiant|KowtowCleave,SuckerPunch,SwordsDance,Protect|||F|||50|,,,,,Dark\n|inactive|Battle timer is ON: inactive players will automatically lose when time's up. (requested by kevsux)\n|\n|t:|1746122009\n|start\n|switch|p1a: Ogerpon|Ogerpon-Cornerstone, L50, F|100/100\n|switch|p1b: Terapagos|Terapagos, L50, M|100/100\n|switch|p2a: Raichu|Raichu, L50, M, shiny|100/100\n|switch|p2b: Flutter Mane|Flutter Mane, L50|100/100\n|-activate|p1b: Terapagos|ability: Tera Shift\n|detailschange|p1b: Terapagos|Terapagos-Terastal, L50, M\n|-heal|p1b: Terapagos|100/100|[silent]\n|-enditem|p2b: Flutter Mane|Booster Energy\n|-activate|p2b: Flutter Mane|ability: Protosynthesis|[fromitem]\n|-start|p2b: Flutter Mane|protosynthesisspe\n|turn|1\n|\n|t:|1746122027\n|move|p2b: Flutter Mane|Icy Wind|p1a: Ogerpon|[spread] p1a,p1b\n|-supereffective|p1a: Ogerpon\n|-activate|p1b: Terapagos|ability: Tera Shell\n|-resisted|p1b: Terapagos\n|-damage|p1a: Ogerpon|70/100\n|-damage|p1b: Terapagos|96/100\n|-unboost|p1a: Ogerpon|spe|1\n|-unboost|p1b: Terapagos|spe|1\n|move|p2a: Raichu|Nuzzle|p1a: Ogerpon\n|-resisted|p1a: Ogerpon\n|-damage|p1a: Ogerpon|66/100\n|-status|p1a: Ogerpon|par\n|move|p1b: Terapagos|Calm Mind|p1b: Terapagos\n|-boost|p1b: Terapagos|spa|1\n|-boost|p1b: Terapagos|spd|1\n|move|p1a: Ogerpon|Ivy Cudgel|p2a: Raichu|[anim] Ivy Cudgel Rock\n|-damage|p2a: Raichu|8/100\n|\n|-heal|p1b: Terapagos|100/100|[from] item: Leftovers\n|upkeep\n|turn|2\n|inactive|LaneOfDeath has 30 seconds left.\n|\n|t:|1746122056\n|cant|p1a: Ogerpon|par\n|move|p2b: Flutter Mane|Icy Wind|p1b: Terapagos|[spread] p1a\n|-miss|p2b: Flutter Mane|p1b: Terapagos\n|-supereffective|p1a: Ogerpon\n|-damage|p1a: Ogerpon|31/100 par\n|-unboost|p1a: Ogerpon|spe|1\n|move|p2a: Raichu|Nuzzle|p1b: Terapagos\n|-activate|p1b: Terapagos|ability: Tera Shell\n|-resisted|p1b: Terapagos\n|-damage|p1b: Terapagos|99/100\n|-status|p1b: Terapagos|par\n|move|p1b: Terapagos|Calm Mind|p1b: Terapagos\n|-boost|p1b: Terapagos|spa|1\n|-boost|p1b: Terapagos|spd|1\n|\n|-heal|p1b: Terapagos|100/100 par|[from] item: Leftovers\n|upkeep\n|turn|3\n|\n|t:|1746122078\n|move|p2b: Flutter Mane|Moonblast|p1b: Terapagos\n|-activate|p1b: Terapagos|ability: Tera Shell\n|-resisted|p1b: Terapagos\n|-damage|p1b: Terapagos|91/100 par\n|move|p2a: Raichu|Volt Switch|p1a: Ogerpon\n|-resisted|p1a: Ogerpon\n|-damage|p1a: Ogerpon|18/100 par\n|\n|t:|1746122087\n|switch|p2a: Zacian|Zacian-Crowned, L50|100/100|[from] Volt Switch\n|-ability|p2a: Zacian|Intrepid Sword|boost\n|-boost|p2a: Zacian|atk|1\n|move|p1a: Ogerpon|Ivy Cudgel|p2b: Flutter Mane|[anim] Ivy Cudgel Rock\n|-damage|p2b: Flutter Mane|0 fnt\n|faint|p2b: Flutter Mane\n|-end|p2b: Flutter Mane|Protosynthesis|[silent]\n|cant|p1b: Terapagos|par\n|\n|-heal|p1b: Terapagos|97/100 par|[from] item: Leftovers\n|upkeep\n|\n|t:|1746122095\n|switch|p2b: Raichu|Raichu, L50, M, shiny|8/100\n|turn|4\n|\n|t:|1746122100\n|move|p1a: Ogerpon|Spiky Shield|p1a: Ogerpon\n|-singleturn|p1a: Ogerpon|move: Protect\n|move|p1b: Terapagos|Protect|p1b: Terapagos\n|-singleturn|p1b: Terapagos|Protect\n|move|p2b: Raichu|Fake Out|p1b: Terapagos\n|-activate|p1b: Terapagos|move: Protect\n|move|p2a: Zacian|Sacred Sword|p1a: Ogerpon\n|-activate|p1a: Ogerpon|move: Protect\n|-damage|p2a: Zacian|88/100|[from] Spiky Shield|[of] p1a: Ogerpon\n|\n|-heal|p1b: Terapagos|100/100 par|[from] item: Leftovers\n|upkeep\n|turn|5\n|\n|t:|1746122116\n|move|p1a: Ogerpon|Follow Me|p1a: Ogerpon\n|-singleturn|p1a: Ogerpon|move: Follow Me\n|move|p2a: Zacian|Sacred Sword|p1a: Ogerpon\n|-supereffective|p1a: Ogerpon\n|-damage|p1a: Ogerpon|0 fnt\n|faint|p1a: Ogerpon\n|move|p2b: Raichu|Volt Switch|p1b: Terapagos\n|-activate|p1b: Terapagos|ability: Tera Shell\n|-resisted|p1b: Terapagos\n|-damage|p1b: Terapagos|97/100 par\n|\n|t:|1746122124\n|switch|p2b: Kyogre|Kyogre, L50|100/100|[from] Volt Switch\n|-weather|RainDance|[from] ability: Drizzle|[of] p2b: Kyogre\n|cant|p1b: Terapagos|par\n|\n|-weather|RainDance|[upkeep]\n|-heal|p1b: Terapagos|100/100 par|[from] item: Leftovers\n|upkeep\n|inactive|kevsux has 30 seconds left.\n|\n|t:|1746122156\n|switch|p1a: Calyrex|Calyrex-Shadow, L50|100/100\n|-ability|p1a: Calyrex|As One\n|-ability|p1a: Calyrex|Unnerve\n|turn|6\n|\n|t:|1746122166\n|-terastallize|p1b: Terapagos|Stellar\n|detailschange|p1b: Terapagos|Terapagos-Stellar, L50, M, tera:Stellar\n|-heal|p1b: Terapagos|100/100 par|[silent]\n|-ability|p1b: Terapagos|Teraform Zero\n|-weather|none\n|move|p2b: Kyogre|Water Spout|p1a: Calyrex|[spread] p1a,p1b\n|-damage|p1a: Calyrex|29/100\n|-damage|p1b: Terapagos|84/100 par\n|move|p1a: Calyrex|Astral Barrage|p2a: Zacian|[spread] p2a,p2b\n|-damage|p2a: Zacian|41/100\n|-damage|p2b: Kyogre|57/100\n|move|p2a: Zacian|Behemoth Blade|p1a: Calyrex\n|-damage|p1a: Calyrex|0 fnt\n|faint|p1a: Calyrex\n|cant|p1b: Terapagos|par\n|\n|-heal|p1b: Terapagos|90/100 par|[from] item: Leftovers\n|upkeep\n|\n|t:|1746122184\n|switch|p1a: Rillaboom|Rillaboom, L50, M|100/100\n|-fieldstart|move: Grassy Terrain|[from] ability: Grassy Surge|[of] p1a: Rillaboom\n|turn|7\n|\n|t:|1746122193\n|move|p1a: Rillaboom|Grassy Glide|p2b: Kyogre\n|-supereffective|p2b: Kyogre\n|-damage|p2b: Kyogre|0 fnt\n|faint|p2b: Kyogre\n|move|p2a: Zacian|Sacred Sword|p1b: Terapagos\n|-supereffective|p1b: Terapagos\n|-damage|p1b: Terapagos|35/100 par\n|move|p1b: Terapagos|Tera Starstorm|p2a: Zacian\n|-damage|p2a: Zacian|0 fnt\n|faint|p2a: Zacian\n|\n|-heal|p1b: Terapagos|41/100 par|[from] Grassy Terrain\n|-heal|p1b: Terapagos|47/100 par|[from] item: Leftovers\n|upkeep\n|\n|t:|1746122200\n|switch|p2b: Raichu|Raichu, L50, M, shiny|8/100\n|turn|8\n|\n|t:|1746122205\n|move|p2b: Raichu|Upper Hand|p1a: Rillaboom\n|-damage|p1a: Rillaboom|89/100\n|cant|p1a: Rillaboom|flinch\n|move|p1b: Terapagos|Tera Starstorm|p2b: Raichu\n|-crit|p2b: Raichu\n|-damage|p2b: Raichu|0 fnt\n|faint|p2b: Raichu\n|\n|win|kevsux\n||kevsux is ready for game 3.\n||LaneOfDeath is ready for game 3.\n|uhtml|next|Next: <a href=\"/battle-gen9vgc2025regibo3-2354816073\"><strong>Game 3 of 3</strong></a>\n|l|\u2606LaneOfDeath\n|player|p2|\n", "uploadtime": 1746122537, "views": 10, "formatid": "gen9vgc2025regibo3", "rating": null, "private": 0, "password": null}