{"id": "gen9vgc2025regibo3-2355052546", "format": "[Gen 9] VGC 2025 Reg I (Bo3)", "players": ["onya nurve", "souraiz?vgc"], "log": "|j|\u2606onya nurve\n|j|\u2606souraiz?vgc\n|html|<table width=\"100%\"><tr><td align=\"left\">onya nurve</td><td align=\"right\">souraiz?vgc</tr><tr><td align=\"left\"><i class=\"fa fa-circle-o\"></i> <i class=\"fa fa-circle-o\"></i> </td><td align=\"right\"><i class=\"fa fa-circle-o\"></i> <i class=\"fa fa-circle-o\"></i> </tr></table>\n|uhtml|bestof|<h2><strong>Game 1</strong> of <a href=\"/game-bestof3-gen9vgc2025regibo3-2355052545\">a best-of-3</a></h2>\n|t:|1746146630\n|gametype|doubles\n|player|p1|onya nurve|winona|1240\n|player|p2|souraiz?vgc|janine|1192\n|teamsize|p1|6\n|teamsize|p2|6\n|gen|9\n|tier|[Gen 9] VGC 2025 Reg I (Bo3)\n|rated|\n|rule|Species Clause: Limit one of each Pok\u00e9mon\n|rule|Item Clause: Limit 1 of each item\n|clearpoke\n|poke|p1|Koraidon, L50|\n|poke|p1|Lunala, L50|\n|poke|p1|Incineroar, L50, M|\n|poke|p1|Amoonguss, L50, M|\n|poke|p1|Flutter Mane, L50|\n|poke|p1|Ursaluna, L50, F|\n|poke|p2|Kyogre, L50|\n|poke|p2|Calyrex-Ice, L50|\n|poke|p2|Urshifu-*, L50, M|\n|poke|p2|Indeedee-F, L50, F|\n|poke|p2|Rhyperior, L50, M|\n|poke|p2|Annihilape, L50, F|\n|teampreview|4\n|showteam|p1|Koraidon||LifeOrb|OrichalcumPulse|FlareBlitz,CloseCombat,FlameCharge,Protect||||||50|,,,,,Fire]Lunala||Leftovers|ShadowShield|Moonblast,MoongeistBeam,TrickRoom,WideGuard||||||50|,,,,,Fairy]Incineroar||SafetyGoggles|Intimidate|FakeOut,FlareBlitz,KnockOff,PartingShot|||M|||50|,,,,,Bug]Amoonguss||CovertCloak|Regenerator|Spore,RagePowder,PollenPuff,Protect|||M|||50|,,,,,Dark]Flutter Mane||FocusSash|Protosynthesis|Moonblast,ShadowBall,IcyWind,Protect||||||50|,,,,,Normal]Ursaluna||FlameOrb|Guts|HeadlongRush,Facade,Earthquake,Protect|||F|||50|,,,,,Ghost\n|showteam|p2|Kyogre||AssaultVest|Drizzle|WaterSpout,OriginPulse,IceBeam,Thunder||||||50|,,,,,Grass]Calyrex-Ice||ClearAmulet|AsOneGlastrier|GlacialLance,CloseCombat,TrickRoom,Protect||||||50|,,,,,Fire]Urshifu-Rapid-Strike||ChoiceBand|UnseenFist|CloseCombat,SurgingStrikes,AquaJet,Uturn|||M|||50|,,,,,Water]Indeedee-F||RockyHelmet|PsychicSurge|Psychic,HelpingHand,FollowMe,TrickRoom|||F|||50|,,,,,Grass]Rhyperior||PsychicSeed|LightningRod|StompingTantrum,RockSlide,HeavySlam,HornDrill|||M|||50|,,,,,Fairy]Annihilape||ChoiceScarf|Defiant|CloseCombat,ShadowClaw,Coaching,FinalGambit|||F|||50|,,,,,Normal\n|inactive|Battle timer is ON: inactive players will automatically lose when time's up. (requested by souraiz?vgc)\n|inactive|onya nurve has 60 seconds left.\n|inactive|souraiz?vgc has 60 seconds left.\n|inactive|souraiz?vgc has 30 seconds left.\n|inactive|souraiz?vgc has 20 seconds left.\n|inactive|souraiz?vgc has 15 seconds left.\n|inactive|souraiz?vgc has 10 seconds left.\n|inactive|souraiz?vgc has 5 seconds left.\n|\n|t:|1746146718\n|start\n|switch|p1a: Lunala|Lunala, L50|100/100\n|switch|p1b: Flutter Mane|Flutter Mane, L50|100/100\n|switch|p2a: Annihilape|Annihilape, L50, F|100/100\n|switch|p2b: Urshifu|Urshifu-Rapid-Strike, L50, M|100/100\n|turn|1\n|inactive|onya nurve has 30 seconds left.\n|\n|t:|1746146745\n|switch|p2a: Kyogre|Kyogre, L50|100/100\n|-weather|RainDance|[from] ability: Drizzle|[of] p2a: Kyogre\n|-end|p1b: Flutter Mane|Protosynthesis|[silent]\n|switch|p1b: Amoonguss|Amoonguss, L50, M|100/100\n|-terastallize|p2b: Urshifu|Water\n|-terastallize|p1a: Lunala|Fairy\n|move|p2b: Urshifu|Surging Strikes|p1a: Lunala\n|-crit|p1a: Lunala\n|-damage|p1a: Lunala|74/100\n|-crit|p1a: Lunala\n|-damage|p1a: Lunala|23/100\n|-crit|p1a: Lunala\n|-damage|p1a: Lunala|0 fnt\n|faint|p1a: Lunala\n|-hitcount|p1: Lunala|3\n|\n|-weather|RainDance|[upkeep]\n|upkeep\n|\n|t:|1746146761\n|switch|p1a: Koraidon|Koraidon, L50|100/100\n|-weather|SunnyDay|[from] ability: Orichalcum Pulse|[of] p1a: Koraidon\n|-activate|p1a: Koraidon|Orichalcum Pulse|[source]\n|turn|2\n|\n|t:|1746146780\n|switch|p2a: Annihilape|Annihilape, L50, F|100/100\n|move|p1a: Koraidon|Close Combat|p2b: Urshifu\n|-damage|p2b: Urshifu|1/100\n|-unboost|p1a: Koraidon|def|1\n|-unboost|p1a: Koraidon|spd|1\n|-damage|p1a: Koraidon|91/100|[from] item: Life Orb\n|move|p2b: Urshifu|Surging Strikes|p1a: Koraidon\n|-resisted|p1a: Koraidon\n|-crit|p1a: Koraidon\n|-damage|p1a: Koraidon|77/100\n|-resisted|p1a: Koraidon\n|-crit|p1a: Koraidon\n|-damage|p1a: Koraidon|64/100\n|-resisted|p1a: Koraidon\n|-crit|p1a: Koraidon\n|-damage|p1a: Koraidon|51/100\n|-hitcount|p1a: Koraidon|3\n|move|p1b: Amoonguss|Spore|p2a: Annihilape\n|-status|p2a: Annihilape|slp|[from] move: Spore\n|\n|-weather|SunnyDay|[upkeep]\n|upkeep\n|turn|3\n|inactive|onya nurve has 30 seconds left.\n|inactive|souraiz?vgc has 30 seconds left.\n|inactive|onya nurve has 20 seconds left.\n|\n|t:|1746146817\n|switch|p1a: Flutter Mane|Flutter Mane, L50|100/100\n|-activate|p1a: Flutter Mane|ability: Protosynthesis\n|-start|p1a: Flutter Mane|protosynthesisspe\n|move|p1b: Amoonguss|Rage Powder|p1b: Amoonguss\n|-singleturn|p1b: Amoonguss|move: Rage Powder\n|cant|p2a: Annihilape|slp\n|move|p2b: Urshifu|Surging Strikes|p1b: Amoonguss\n|-resisted|p1b: Amoonguss\n|-crit|p1b: Amoonguss\n|-damage|p1b: Amoonguss|92/100\n|-resisted|p1b: Amoonguss\n|-crit|p1b: Amoonguss\n|-damage|p1b: Amoonguss|85/100\n|-resisted|p1b: Amoonguss\n|-crit|p1b: Amoonguss\n|-damage|p1b: Amoonguss|78/100\n|-hitcount|p1b: Amoonguss|3\n|\n|-weather|SunnyDay|[upkeep]\n|upkeep\n|turn|4\n|inactive|souraiz?vgc has 30 seconds left.\n|inactive|onya nurve has 30 seconds left.\n|inactive|souraiz?vgc has 20 seconds left.\n|inactive|souraiz?vgc has 15 seconds left.\n|inactive|souraiz?vgc has 10 seconds left.\n|inactive|souraiz?vgc has 5 seconds left.\n|\n|t:|1746146872\n|move|p1a: Flutter Mane|Shadow Ball|p2b: Urshifu\n|-damage|p2b: Urshifu|0 fnt\n|faint|p2b: Urshifu\n|cant|p2a: Annihilape|slp\n|move|p1b: Amoonguss|Spore|p2a: Annihilape\n|-fail|p2a: Annihilape|slp\n|\n|-weather|SunnyDay|[upkeep]\n|upkeep\n|\n|t:|1746146881\n|switch|p2b: Calyrex|Calyrex-Ice, L50|100/100\n|-ability|p2b: Calyrex|As One\n|-ability|p2b: Calyrex|Unnerve\n|turn|5\n|inactive|onya nurve has 30 seconds left.\n|\n|t:|1746146909\n|move|p1b: Amoonguss|Protect|p1b: Amoonguss\n|-singleturn|p1b: Amoonguss|Protect\n|move|p1a: Flutter Mane|Shadow Ball|p2b: Calyrex\n|-supereffective|p2b: Calyrex\n|-damage|p2b: Calyrex|40/100\n|-curestatus|p2a: Annihilape|slp|[msg]\n|move|p2a: Annihilape|Final Gambit|p1b: Amoonguss\n|-activate|p1b: Amoonguss|move: Protect\n|move|p2b: Calyrex|Glacial Lance|p1a: Flutter Mane|[spread] p1a\n|-activate|p1b: Amoonguss|move: Protect\n|-enditem|p1a: Flutter Mane|Focus Sash\n|-damage|p1a: Flutter Mane|1/100\n|\n|-weather|SunnyDay|[upkeep]\n|upkeep\n|turn|6\n|\n|t:|1746146928\n|move|p1b: Amoonguss|Rage Powder|p1b: Amoonguss\n|-singleturn|p1b: Amoonguss|move: Rage Powder\n|move|p1a: Flutter Mane|Shadow Ball|p2b: Calyrex\n|-supereffective|p2b: Calyrex\n|-damage|p2b: Calyrex|0 fnt\n|faint|p2b: Calyrex\n|move|p2a: Annihilape|Final Gambit|p1b: Amoonguss\n|-damage|p1b: Amoonguss|0 fnt\n|faint|p2a: Annihilape\n|faint|p1b: Amoonguss\n|\n|-weather|none\n|-end|p1a: Flutter Mane|Protosynthesis\n|upkeep\n|\n|t:|1746146938\n|switch|p2b: Kyogre|Kyogre, L50|100/100\n|switch|p1b: Koraidon|Koraidon, L50|51/100\n|-weather|SunnyDay|[from] ability: Orichalcum Pulse|[of] p1b: Koraidon\n|-activate|p1a: Flutter Mane|ability: Protosynthesis\n|-start|p1a: Flutter Mane|protosynthesisspe\n|-activate|p1b: Koraidon|Orichalcum Pulse|[source]\n|-weather|RainDance|[from] ability: Drizzle|[of] p2b: Kyogre\n|-end|p1a: Flutter Mane|Protosynthesis\n|turn|7\n|\n|t:|1746146956\n|move|p1a: Flutter Mane|Moonblast|p2b: Kyogre\n|-damage|p2b: Kyogre|79/100\n|-unboost|p2b: Kyogre|spa|1\n|move|p1b: Koraidon|Close Combat|p2b: Kyogre\n|-damage|p2b: Kyogre|5/100\n|-unboost|p1b: Koraidon|def|1\n|-unboost|p1b: Koraidon|spd|1\n|-damage|p1b: Koraidon|41/100|[from] item: Life Orb\n|move|p2b: Kyogre|Water Spout|p1a: Flutter Mane|[spread] p1a,p1b\n|-resisted|p1b: Koraidon\n|-damage|p1a: Flutter Mane|0 fnt\n|-damage|p1b: Koraidon|40/100\n|faint|p1a: Flutter Mane\n|-end|p1a: Flutter Mane|Protosynthesis|[silent]\n|\n|-weather|RainDance|[upkeep]\n|upkeep\n|turn|8\n|-message|souraiz?vgc forfeited.\n|\n|win|onya nurve\n|l|\u2606souraiz?vgc\n|player|p2|\n||souraiz?vgc is ready for game 2.\n||onya nurve is ready for game 2.\n|uhtml|next|Next: <a href=\"/battle-gen9vgc2025regibo3-2355055406\"><strong>Game 2 of 3</strong></a>\n", "uploadtime": 1746147193, "views": 3, "formatid": "gen9vgc2025regibo3", "rating": null, "private": 0, "password": null}