{"id": "gen9vgc2025regibo3-2353948514", "format": "[Gen 9] VGC 2025 Reg I (Bo3)", "players": ["200dollarteam", "femapu"], "log": "|j|\u2606200dollarteam\n|j|\u2606femapu\n|html|<table width=\"100%\"><tr><td align=\"left\">200dollarteam</td><td align=\"right\">femapu</tr><tr><td align=\"left\"><i class=\"fa fa-circle-o\"></i> <i class=\"fa fa-circle-o\"></i> </td><td align=\"right\"><i class=\"fa fa-circle-o\"></i> <i class=\"fa fa-circle-o\"></i> </tr></table>\n|uhtml|bestof|<h2><strong>Game 1</strong> of <a href=\"/game-bestof3-gen9vgc2025regibo3-2353948513\">a best-of-3</a></h2>\n|t:|1746021737\n|gametype|doubles\n|player|p1|200dollarteam|shauntal|1385\n|player|p2|femapu|crasherwake|1320\n|teamsize|p1|6\n|teamsize|p2|6\n|gen|9\n|tier|[Gen 9] VGC 2025 Reg I (Bo3)\n|rated|\n|rule|Species Clause: Limit one of each Pok\u00e9mon\n|rule|Item Clause: Limit 1 of each item\n|clearpoke\n|poke|p1|Zamazenta-*, L50|\n|poke|p1|Miraidon, L50|\n|poke|p1|Farigiraf, L50, M|\n|poke|p1|Iron Bundle, L50|\n|poke|p1|Incineroar, L50, M|\n|poke|p1|Ursaluna, L50, F|\n|poke|p2|Calyrex-Shadow, L50|\n|poke|p2|Koraidon, L50|\n|poke|p2|Chi-Yu, L50|\n|poke|p2|Weezing-Galar, L50, M|\n|poke|p2|Dondozo, L50, M|\n|poke|p2|Tatsugiri-Droopy, L50, M|\n|teampreview|4\n|showteam|p1|Zamazenta-Crowned||RustedShield|DauntlessShield|BodyPress,HeavySlam,WideGuard,Protect||||||50|,,,,,Dragon]Miraidon||ChoiceSpecs|HadronEngine|ElectroDrift,DracoMeteor,VoltSwitch,DazzlingGleam||||||50|,,,,,Fairy]Farigiraf||ElectricSeed|ArmorTail|Psychic,FoulPlay,HelpingHand,TrickRoom|||M|||50|,,,,,Water]Iron Bundle||FocusSash|QuarkDrive|IcyWind,FreezeDry,Encore,Protect||||||50|,,,,,Ghost]Incineroar||AssaultVest|Intimidate|KnockOff,FlareBlitz,Uturn,FakeOut|||M|||50|,,,,,Bug]Ursaluna||FlameOrb|Guts|Facade,HeadlongRush,Substitute,Protect|||F|||50|,,,,,Poison\n|showteam|p2|Calyrex-Shadow||LifeOrb|AsOneSpectrier|AstralBarrage,Psychic,Encore,Protect||||||50|,,,,,Dark]Koraidon||AbilityShield|OrichalcumPulse|CollisionCourse,FlameCharge,FlareBlitz,Protect||||||50|,,,,,Fire]Chi-Yu||ChoiceScarf|BeadsofRuin|Overheat,HeatWave,Snarl,DarkPulse||||||50|,,,,,Ghost]Weezing-Galar||SitrusBerry|NeutralizingGas|StrangeSteam,PoisonGas,Protect,ToxicSpikes|||M|||50|,,,,,Water]Dondozo||Leftovers|Unaware|Earthquake,BodyPress,OrderUp,Protect|||M|||50|,,,,,Grass]Tatsugiri-Droopy||FocusSash|Commander|DracoMeteor,MuddyWater,HelpingHand,Protect|||M|||50|,,,,,Stellar\n|inactive|Battle timer is ON: inactive players will automatically lose when time's up. (requested by 200dollarteam)\n|inactive|200dollarteam has 60 seconds left.\n|inactive|200dollarteam has 30 seconds left.\n|inactive|femapu has 60 seconds left.\n|\n|t:|1746021816\n|start\n|switch|p1a: Iron Bundle|Iron Bundle, L50|100/100\n|switch|p1b: Miraidon|Miraidon, L50|100/100\n|switch|p2a: As One Button|Calyrex-Shadow, L50|100/100\n|switch|p2b: Sir. Weezing|Weezing-Galar, L50, M, shiny|100/100\n|-ability|p2b: Sir. Weezing|Neutralizing Gas\n|-ability|p2a: As One Button|As One\n|-ability|p2a: As One Button|Unnerve\n|turn|1\n|inactive|200dollarteam has 30 seconds left.\n|inactive|femapu has 30 seconds left.\n|inactive|200dollarteam has 20 seconds left.\n|inactive|femapu has 20 seconds left.\n|inactive|200dollarteam has 15 seconds left.\n|inactive|femapu has 15 seconds left.\n|\n|t:|1746021857\n|move|p2a: As One Button|Astral Barrage|p1a: Iron Bundle|[spread] p1a,p1b\n|-enditem|p1a: Iron Bundle|Focus Sash\n|-damage|p1a: Iron Bundle|1/100\n|-damage|p1b: Miraidon|36/100\n|-damage|p2a: As One Button|91/100|[from] item: Life Orb\n|move|p1a: Iron Bundle|Icy Wind|p2a: As One Button|[spread] p2a,p2b\n|-damage|p2a: As One Button|69/100\n|-damage|p2b: Sir. Weezing|76/100\n|-unboost|p2a: As One Button|spe|1\n|-unboost|p2b: Sir. Weezing|spe|1\n|move|p1b: Miraidon|Electro Drift|p2b: Sir. Weezing\n|-damage|p2b: Sir. Weezing|0 fnt\n|faint|p2b: Sir. Weezing\n|-end|p2b: Sir. Weezing|ability: Neutralizing Gas\n|-fieldstart|move: Electric Terrain|[from] ability: Hadron Engine|[of] p1b: Miraidon\n|-activate|p1a: Iron Bundle|ability: Quark Drive\n|-start|p1a: Iron Bundle|quarkdrivespe\n|\n|upkeep\n|\n|t:|1746021878\n|switch|p2b: Have u Prepped?|Dondozo, L50, M|100/100\n|turn|2\n|inactive|200dollarteam has 30 seconds left.\n|\n|t:|1746021904\n|switch|p1b: Incineroar|Incineroar, L50, M|100/100\n|-ability|p1b: Incineroar|Intimidate|boost\n|-unboost|p2a: As One Button|atk|1\n|-unboost|p2b: Have u Prepped?|atk|1\n|switch|p2a: Tatsu|Tatsugiri-Droopy, L50, M, shiny|100/100\n|-activate|p2a: Tatsu|ability: Commander|[of] p2b: Have u Prepped?\n|-boost|p2b: Have u Prepped?|atk|2\n|-boost|p2b: Have u Prepped?|spa|2\n|-boost|p2b: Have u Prepped?|spe|2\n|-boost|p2b: Have u Prepped?|def|2\n|-boost|p2b: Have u Prepped?|spd|2\n|-terastallize|p2b: Have u Prepped?|Grass\n|move|p1a: Iron Bundle|Freeze-Dry|p2b: Have u Prepped?\n|-supereffective|p2b: Have u Prepped?\n|-damage|p2b: Have u Prepped?|72/100\n|move|p2b: Have u Prepped?|Earthquake|p1b: Incineroar|[spread] p1a,p1b\n|-miss|p2b: Have u Prepped?|p2a: Tatsu\n|-supereffective|p1b: Incineroar\n|-damage|p1a: Iron Bundle|0 fnt\n|-damage|p1b: Incineroar|55/100\n|faint|p1a: Iron Bundle\n|-end|p1a: Iron Bundle|Quark Drive|[silent]\n|\n|-heal|p2b: Have u Prepped?|78/100|[from] item: Leftovers\n|upkeep\n|inactive|200dollarteam has 30 seconds left.\n|\n|t:|1746021929\n|switch|p1a: Miraidon|Miraidon, L50|36/100\n|-activate|p1a: Miraidon|ability: Hadron Engine\n|turn|3\n|\n|t:|1746021939\n|-terastallize|p1a: Miraidon|Fairy\n|move|p2b: Have u Prepped?|Protect|p2b: Have u Prepped?\n|-singleturn|p2b: Have u Prepped?|Protect\n|move|p1a: Miraidon|Draco Meteor|p2b: Have u Prepped?\n|-activate|p2b: Have u Prepped?|move: Protect\n|move|p1b: Incineroar|U-turn|p2b: Have u Prepped?\n|-activate|p2b: Have u Prepped?|move: Protect\n|\n|-heal|p2b: Have u Prepped?|84/100|[from] item: Leftovers\n|upkeep\n|turn|4\n|\n|t:|1746021961\n|move|p1a: Miraidon|Draco Meteor|p2b: Have u Prepped?\n|-damage|p2b: Have u Prepped?|28/100\n|-unboost|p1a: Miraidon|spa|2\n|move|p2b: Have u Prepped?|Body Press|p1b: Incineroar\n|-supereffective|p1b: Incineroar\n|-damage|p1b: Incineroar|0 fnt\n|faint|p1b: Incineroar\n|\n|-heal|p2b: Have u Prepped?|35/100|[from] item: Leftovers\n|upkeep\n|\n|t:|1746021969\n|switch|p1b: Ursaluna|Ursaluna, L50, F|100/100\n|turn|5\n|inactive|femapu has 30 seconds left.\n|\n|t:|1746022000\n|move|p1a: Miraidon|Draco Meteor|p2b: Have u Prepped?\n|-damage|p2b: Have u Prepped?|0 fnt\n|-unboost|p1a: Miraidon|spa|2\n|faint|p2b: Have u Prepped?\n|move|p1b: Ursaluna|Substitute|p1b: Ursaluna\n|-start|p1b: Ursaluna|Substitute\n|-damage|p1b: Ursaluna|76/100\n|\n|-fieldend|move: Electric Terrain\n|-status|p1b: Ursaluna|brn|[from] item: Flame Orb\n|upkeep\n|\n|t:|1746022009\n|switch|p2b: As One Button|Calyrex-Shadow, L50|69/100\n|-ability|p2b: As One Button|As One\n|-ability|p2b: As One Button|Unnerve\n|turn|6\n|inactive|200dollarteam has 30 seconds left.\n|inactive|femapu has 30 seconds left.\n|\n|t:|1746022048\n|move|p2b: As One Button|Protect|p2b: As One Button\n|-singleturn|p2b: As One Button|Protect\n|move|p1a: Miraidon|Draco Meteor|p2a: Tatsu\n|-supereffective|p2a: Tatsu\n|-damage|p2a: Tatsu|25/100\n|-unboost|p1a: Miraidon|spa|2\n|move|p2a: Tatsu|Muddy Water|p1b: Ursaluna|[spread] p1b\n|-miss|p2a: Tatsu|p1a: Miraidon\n|-supereffective|p1b: Ursaluna\n|-end|p1b: Ursaluna|Substitute\n|move|p1b: Ursaluna|Headlong Rush|p2b: As One Button\n|-activate|p2b: As One Button|move: Protect\n|\n|-damage|p1b: Ursaluna|70/100 brn|[from] brn\n|upkeep\n|turn|7\n|\n|t:|1746022071\n|move|p2a: Tatsu|Protect|p2a: Tatsu\n|-singleturn|p2a: Tatsu|Protect\n|move|p2b: As One Button|Astral Barrage|p1a: Miraidon|[spread] p1a\n|-immune|p1b: Ursaluna\n|-damage|p1a: Miraidon|0 fnt\n|faint|p1a: Miraidon\n|-ability|p2b: As One Button|Grim Neigh|boost\n|-boost|p2b: As One Button|spa|1\n|-damage|p2b: As One Button|59/100|[from] item: Life Orb\n|move|p1b: Ursaluna|Headlong Rush|p2a: Tatsu\n|-activate|p2a: Tatsu|move: Protect\n|\n|-damage|p1b: Ursaluna|64/100 brn|[from] brn\n|upkeep\n|turn|8\n|-message|200dollarteam forfeited.\n|\n|win|femapu\n||200dollarteam is ready for game 2.\n||femapu is ready for game 2.\n|uhtml|next|Next: <a href=\"/battle-gen9vgc2025regibo3-2353952284\"><strong>Game 2 of 3</strong></a>\n", "uploadtime": 1746022146, "views": 12, "formatid": "gen9vgc2025regibo3", "rating": null, "private": 0, "password": null}