{"id": "gen9vgc2025regibo3-2353672420", "format": "[Gen 9] VGC 2025 Reg I (Bo3)", "players": ["woodswims", "Pdmake"], "log": "|j|\u2606woodswims\n|j|\u2606Pdmake\n|html|<table width=\"100%\"><tr><td align=\"left\">woodswims</td><td align=\"right\">Pdmake</tr><tr><td align=\"left\"><i class=\"fa fa-circle-o\"></i> <i class=\"fa fa-circle-o\"></i> </td><td align=\"right\"><i class=\"fa fa-circle-o\"></i> <i class=\"fa fa-circle-o\"></i> </tr></table>\n|uhtml|bestof|<h2><strong>Game 1</strong> of <a href=\"/game-bestof3-gen9vgc2025regibo3-2353672419\">a best-of-3</a></h2>\n|t:|1745981742\n|gametype|doubles\n|player|p1|woodswims|2|1129\n|player|p2|Pdmake|iris-gen5bw2|1092\n|teamsize|p1|6\n|teamsize|p2|6\n|gen|9\n|tier|[Gen 9] VGC 2025 Reg I (Bo3)\n|rated|\n|rule|Species Clause: Limit one of each Pok\u00e9mon\n|rule|Item Clause: Limit 1 of each item\n|clearpoke\n|poke|p1|Miraidon, L50|\n|poke|p1|Ho-Oh, L50|\n|poke|p1|Whimsicott, L50, M|\n|poke|p1|Iron Hands, L50|\n|poke|p1|Chien-Pao, L50|\n|poke|p1|Farigiraf, L50, F|\n|poke|p2|Miraidon, L50|\n|poke|p2|Incineroar, L50, M|\n|poke|p2|Zacian-*, L50|\n|poke|p2|Tornadus, L50, M|\n|poke|p2|Urshifu-*, L50, F|\n|poke|p2|Rillaboom, L50, F|\n|teampreview|4\n|showteam|p1|Miraidon||ChoiceSpecs|HadronEngine|VoltSwitch,ElectroDrift,DazzlingGleam,DracoMeteor||||||50|,,,,,Fairy]Ho-Oh||ClearAmulet|Regenerator|SacredFire,BraveBird,Tailwind,Protect||||||50|,,,,,Steel]Whimsicott||CovertCloak|Prankster|Moonblast,SunnyDay,Tailwind,Encore|||M|||50|,,,,,Dark]Iron Hands||AssaultVest|QuarkDrive|DrainPunch,WildCharge,FakeOut,LowKick||||||50|,,,,,Water]Chien-Pao||FocusSash|SwordofRuin|IcicleCrash,SuckerPunch,LashOut,Protect||||||50|,,,,,Ghost]Farigiraf||ElectricSeed|ArmorTail|FoulPlay,HelpingHand,TrickRoom,PsychicNoise|||F|||50|,,,,,Fairy\n|showteam|p2|Miraidon||FocusSash|HadronEngine|Protect,ElectroDrift,DazzlingGleam,DracoMeteor||||||50|,,,,,Fairy]Incineroar||Leftovers|Intimidate|FakeOut,FlareBlitz,KnockOff,PartingShot|||M|||50|,,,,,Dragon]Zacian-Crowned||RustedSword|IntrepidSword|PlayRough,behemothblade,SacredSword,Protect||||||50|,,,,,Water]Tornadus||RockyHelmet|Prankster|RainDance,Hurricane,Tailwind,Taunt|||M|||50|,,,,,Dark]Urshifu||ChoiceScarf|UnseenFist|WickedBlow,CloseCombat,IcePunch,LowKick|||F|||50|,,,,,Ice]Rillaboom||AssaultVest|GrassySurge|FakeOut,KnockOff,WoodHammer,HighHorsepower|||F|||50|,,,,,Grass\n|inactive|Battle timer is ON: inactive players will automatically lose when time's up. (requested by Pdmake)\n|inactive|woodswims has 60 seconds left.\n|\n|t:|1745981822\n|start\n|switch|p1a: Ho-Oh|Ho-Oh, L50|100/100\n|switch|p1b: Iron Hands|Iron Hands, L50|100/100\n|switch|p2a: Incineroar|Incineroar, L50, M|100/100\n|switch|p2b: Urshifu|Urshifu, L50, F|100/100\n|-ability|p2a: Incineroar|Intimidate|boost\n|-fail|p1a: Ho-Oh|unboost|[from] item: Clear Amulet|[of] p1a: Ho-Oh\n|-unboost|p1b: Iron Hands|atk|1\n|turn|1\n|inactive|woodswims has 30 seconds left.\n|inactive|Pdmake has 30 seconds left.\n|inactive|woodswims has 20 seconds left.\n|\n|t:|1745981858\n|switch|p1a: Whimsicott|Whimsicott, L50, M|100/100\n|move|p2a: Incineroar|Fake Out|p1b: Iron Hands\n|-damage|p1b: Iron Hands|92/100\n|move|p2b: Urshifu|Low Kick|p1b: Iron Hands\n|-damage|p1b: Iron Hands|44/100\n|cant|p1b: Iron Hands|flinch\n|\n|upkeep\n|turn|2\n|inactive|woodswims has 30 seconds left.\n|inactive|woodswims has 20 seconds left.\n|inactive|woodswims has 15 seconds left.\n|inactive|woodswims has 10 seconds left.\n|\n|t:|1745981904\n|-end|p1b: Iron Hands|Quark Drive|[silent]\n|switch|p1b: Ho-Oh|Ho-Oh, L50|100/100\n|move|p1a: Whimsicott|Tailwind|p1a: Whimsicott\n|-sidestart|p1: woodswims|move: Tailwind\n|move|p2b: Urshifu|Low Kick|p1b: Ho-Oh\n|-resisted|p1b: Ho-Oh\n|-damage|p1b: Ho-Oh|77/100\n|move|p2a: Incineroar|Flare Blitz|p1a: Whimsicott\n|-supereffective|p1a: Whimsicott\n|-damage|p1a: Whimsicott|0 fnt\n|faint|p1a: Whimsicott\n|-damage|p2a: Incineroar|68/100|[from] Recoil\n|\n|-heal|p2a: Incineroar|74/100|[from] item: Leftovers\n|upkeep\n|\n|t:|1745981915\n|switch|p1a: Miraidon|Miraidon, L50|100/100\n|-fieldstart|move: Electric Terrain|[from] ability: Hadron Engine|[of] p1a: Miraidon\n|turn|3\n|\n|t:|1745981934\n|-terastallize|p1a: Miraidon|Fairy\n|move|p1a: Miraidon|Dazzling Gleam|p2a: Incineroar|[spread] p2a,p2b\n|-supereffective|p2b: Urshifu\n|-damage|p2a: Incineroar|0 fnt\n|-damage|p2b: Urshifu|0 fnt\n|faint|p2a: Incineroar\n|faint|p2b: Urshifu\n|move|p1b: Ho-Oh|Sacred Fire|p2: Incineroar|[notarget]\n|-fail|p1b: Ho-Oh\n|\n|upkeep\n|\n|t:|1745981943\n|switch|p2b: Miraidon|Miraidon, L50|100/100\n|switch|p2a: Zacian|Zacian-Crowned, L50|100/100\n|-ability|p2a: Zacian|Intrepid Sword|boost\n|-boost|p2a: Zacian|atk|1\n|-activate|p2b: Miraidon|ability: Hadron Engine\n|turn|4\n|\n|t:|1745981963\n|move|p2a: Zacian|Protect|p2a: Zacian\n|-singleturn|p2a: Zacian|Protect\n|move|p2b: Miraidon|Protect|p2b: Miraidon\n|-singleturn|p2b: Miraidon|Protect\n|move|p1a: Miraidon|Dazzling Gleam|p2a: Zacian|[spread] \n|-activate|p2a: Zacian|move: Protect\n|-activate|p2b: Miraidon|move: Protect\n|move|p1b: Ho-Oh|Sacred Fire|p2a: Zacian\n|-activate|p2a: Zacian|move: Protect\n|\n|upkeep\n|turn|5\n|inactive|Pdmake has 30 seconds left.\n|\n|t:|1745981988\n|-terastallize|p2a: Zacian|Water\n|move|p2b: Miraidon|Protect|p2b: Miraidon\n|-singleturn|p2b: Miraidon|Protect\n|move|p1a: Miraidon|Dazzling Gleam|p2b: Miraidon|[spread] p2a\n|-activate|p2b: Miraidon|move: Protect\n|-damage|p2a: Zacian|47/100\n|move|p1b: Ho-Oh|Sacred Fire|p2a: Zacian\n|-resisted|p2a: Zacian\n|-damage|p2a: Zacian|26/100\n|move|p2a: Zacian|Behemoth Blade|p1a: Miraidon\n|-supereffective|p1a: Miraidon\n|-damage|p1a: Miraidon|0 fnt\n|faint|p1a: Miraidon\n|\n|-sideend|p1: woodswims|move: Tailwind\n|upkeep\n|\n|t:|1745981993\n|switch|p1a: Iron Hands|Iron Hands, L50|44/100\n|-activate|p1a: Iron Hands|ability: Quark Drive\n|-start|p1a: Iron Hands|quarkdriveatk\n|turn|6\n|\n|t:|1745982015\n|move|p1a: Iron Hands|Fake Out|p2b: Miraidon\n|-damage|p2b: Miraidon|80/100\n|move|p2a: Zacian|Play Rough|p1a: Iron Hands\n|-supereffective|p1a: Iron Hands\n|-damage|p1a: Iron Hands|0 fnt\n|faint|p1a: Iron Hands\n|-end|p1a: Iron Hands|Quark Drive|[silent]\n|cant|p2b: Miraidon|flinch\n|move|p1b: Ho-Oh|Tailwind|p1b: Ho-Oh\n|-sidestart|p1: woodswims|move: Tailwind\n|\n|upkeep\n|turn|7\n|\n|t:|1745982029\n|move|p1b: Ho-Oh|Sacred Fire|p2b: Miraidon\n|-resisted|p2b: Miraidon\n|-damage|p2b: Miraidon|55/100\n|move|p2a: Zacian|Behemoth Blade|p1b: Ho-Oh\n|-resisted|p1b: Ho-Oh\n|-damage|p1b: Ho-Oh|43/100\n|move|p2b: Miraidon|Electro Drift|p1b: Ho-Oh\n|-supereffective|p1b: Ho-Oh\n|-damage|p1b: Ho-Oh|0 fnt\n|faint|p1b: Ho-Oh\n|\n|win|Pdmake\n|l|\u2606Pdmake\n|player|p2|\n||woodswims is ready for game 2.\n", "uploadtime": 1745982033, "views": 10, "formatid": "gen9vgc2025regibo3", "rating": null, "private": 0, "password": null}