{"id": "gen9vgc2025regibo3-2354658186", "format": "[Gen 9] VGC 2025 Reg I (Bo3)", "players": ["Jdv1", "ihopeafairmatch"], "log": "|j|\u2606Jdv1\n|j|\u2606ihopeafairmatch\n|html|<table width=\"100%\"><tr><td align=\"left\">Jdv1</td><td align=\"right\">ihopeafairmatch</tr><tr><td align=\"left\"><i class=\"fa fa-circle-o\"></i> <i class=\"fa fa-circle-o\"></i> </td><td align=\"right\"><i class=\"fa fa-circle-o\"></i> <i class=\"fa fa-circle-o\"></i> </tr></table>\n|uhtml|bestof|<h2><strong>Game 1</strong> of <a href=\"/game-bestof3-gen9vgc2025regibo3-2354658185\">a best-of-3</a></h2>\n|t:|1746107917\n|gametype|doubles\n|player|p1|Jdv1|firebreather|1099\n|player|p2|ihopeafairmatch|ghetsis|1160\n|teamsize|p1|6\n|teamsize|p2|6\n|gen|9\n|tier|[Gen 9] VGC 2025 Reg I (Bo3)\n|rated|\n|rule|Species Clause: Limit one of each Pok\u00e9mon\n|rule|Item Clause: Limit 1 of each item\n|clearpoke\n|poke|p1|Calyrex-Shadow, L50|\n|poke|p1|Koraidon, L50|\n|poke|p1|Weezing-Galar, L50, F|\n|poke|p1|Indeedee-F, L50, F|\n|poke|p1|Dondozo, L50, M|\n|poke|p1|Tatsugiri-Droopy, L50, F|\n|poke|p2|Calyrex-Ice, L50|\n|poke|p2|Palkia, L50|\n|poke|p2|Torkoal, L50, F|\n|poke|p2|Smeargle, L50, M|\n|poke|p2|Lilligant-Hisui, L50, F|\n|poke|p2|Ursaluna-Bloodmoon, L50, M|\n|teampreview|4\n|showteam|p1|Calyrex-Shadow||LifeOrb|AsOneSpectrier|AstralBarrage,ExpandingForce,Protect,Encore||||||50|,,,,,Ghost]Koraidon||AbilityShield|OrichalcumPulse|CollisionCourse,FlameCharge,FlareBlitz,Protect||||||50|,,,,,Fire]Weezing-Galar||CovertCloak|NeutralizingGas|ToxicSpikes,Protect,Taunt,StrangeSteam|||F|||50|,,,,,Normal]Indeedee-F||RockyHelmet|PsychicSurge|FollowMe,Psychic,TrickRoom,Imprison|||F|||50|,,,,,Fairy]Dondozo||Leftovers|Unaware|WaveCrash,OrderUp,BodyPress,Protect|||M|||50|,,,,,Grass]Tatsugiri-Droopy||SafetyGoggles|Commander|MuddyWater,DracoMeteor,HelpingHand,Protect|||F|||50|,,,,,Ghost\n|showteam|p2|Calyrex-Ice||ClearAmulet|AsOneGlastrier|GlacialLance,HighHorsepower,TrickRoom,Protect||||||50|,,,,,Bug]Palkia||SafetyGoggles|Pressure|SpacialRend,HydroPump,TrickRoom,Protect||||||50|,,,,,Steel]Torkoal||Charcoal|Drought|Eruption,WeatherBall,Protect,EarthPower|||F|||50|,,,,,Fire]Smeargle||FocusSash|Technician|FakeOut,FollowMe,Decorate,WideGuard|||M|||50|,,,,,Grass]Lilligant-Hisui||CovertCloak|Chlorophyll|AfterYou,SleepPowder,CloseCombat,Coaching|||F|||50|,,,,,Ghost]Ursaluna-Bloodmoon||LifeOrb|MindsEye|BloodMoon,EarthPower,HyperVoice,Protect|||M|||50|,,,,,Normal\n|inactive|Battle timer is ON: inactive players will automatically lose when time's up. (requested by Jdv1)\n|inactive|ihopeafairmatch also wants the timer to be on.\n|inactive|Jdv1 has 60 seconds left.\n|inactive|ihopeafairmatch has 60 seconds left.\n|\n|t:|1746107956\n|start\n|switch|p1a: Calyrex|Calyrex-Shadow, L50|100/100\n|switch|p1b: Indeedee|Indeedee-F, L50, F|100/100\n|switch|p2a: Smeargle|Smeargle, L50, M|100/100\n|switch|p2b: Palkia|Palkia, L50|100/100\n|-ability|p1a: Calyrex|As One\n|-ability|p1a: Calyrex|Unnerve\n|-fieldstart|move: Psychic Terrain|[from] ability: Psychic Surge|[of] p1b: Indeedee\n|-ability|p2b: Palkia|Pressure\n|turn|1\n|\n|t:|1746107972\n|move|p1a: Calyrex|Protect|p1a: Calyrex\n|-singleturn|p1a: Calyrex|Protect\n|move|p2a: Smeargle|Wide Guard|p2a: Smeargle\n|-singleturn|p2a: Smeargle|Wide Guard\n|move|p1b: Indeedee|Imprison|p1b: Indeedee\n|-start|p1b: Indeedee|move: Imprison\n|move|p2b: Palkia|Hydro Pump|p1b: Indeedee\n|-damage|p1b: Indeedee|33/100\n|\n|upkeep\n|turn|2\n|\n|t:|1746107997\n|switch|p1a: Koraidon|Koraidon, L50|100/100\n|-weather|SunnyDay|[from] ability: Orichalcum Pulse|[of] p1a: Koraidon\n|-activate|p1a: Koraidon|Orichalcum Pulse|[source]\n|move|p2a: Smeargle|Wide Guard|p2a: Smeargle\n|-singleturn|p2a: Smeargle|Wide Guard\n|move|p1b: Indeedee|Psychic|p2a: Smeargle\n|-damage|p2a: Smeargle|17/100\n|move|p2b: Palkia|Spacial Rend|p1b: Indeedee\n|-damage|p1b: Indeedee|0 fnt\n|faint|p1b: Indeedee\n|\n|-weather|SunnyDay|[upkeep]\n|upkeep\n|\n|t:|1746108007\n|switch|p1b: Calyrex|Calyrex-Shadow, L50|100/100\n|-ability|p1b: Calyrex|As One\n|-ability|p1b: Calyrex|Unnerve\n|turn|3\n|inactive|Jdv1 has 30 seconds left.\n|\n|t:|1746108035\n|move|p2a: Smeargle|Follow Me|p2a: Smeargle\n|-singleturn|p2a: Smeargle|move: Follow Me\n|move|p1b: Calyrex|Encore|p2a: Smeargle\n|-start|p2a: Smeargle|Encore\n|move|p1a: Koraidon|Flame Charge|p2a: Smeargle\n|-damage|p2a: Smeargle|0 fnt\n|-boost|p1a: Koraidon|spe|1\n|faint|p2a: Smeargle\n|move|p2b: Palkia|Trick Room|p2b: Palkia\n|-fieldstart|move: Trick Room|[of] p2b: Palkia\n|\n|-weather|SunnyDay|[upkeep]\n|upkeep\n|\n|t:|1746108043\n|switch|p2a: Torkoal|Torkoal, L50, F|100/100\n|turn|4\n|\n|t:|1746108060\n|switch|p1b: Dondozo|Dondozo, L50, M|100/100\n|-terastallize|p2a: Torkoal|Fire\n|-terastallize|p1a: Koraidon|Fire\n|move|p2a: Torkoal|Eruption|p1a: Koraidon|[spread] p1a,p1b\n|-resisted|p1a: Koraidon\n|-resisted|p1b: Dondozo\n|-damage|p1a: Koraidon|46/100\n|-damage|p1b: Dondozo|55/100\n|move|p2b: Palkia|Spacial Rend|p1a: Koraidon\n|-crit|p1a: Koraidon\n|-damage|p1a: Koraidon|0 fnt\n|faint|p1a: Koraidon\n|\n|-weather|SunnyDay|[upkeep]\n|-heal|p1b: Dondozo|61/100|[from] item: Leftovers\n|upkeep\n|\n|t:|1746108073\n|switch|p1a: Calyrex|Calyrex-Shadow, L50|100/100\n|-ability|p1a: Calyrex|As One\n|-ability|p1a: Calyrex|Unnerve\n|turn|5\n|\n|t:|1746108081\n|move|p2a: Torkoal|Protect|p2a: Torkoal\n|-singleturn|p2a: Torkoal|Protect\n|move|p1a: Calyrex|Protect|p1a: Calyrex\n|-singleturn|p1a: Calyrex|Protect\n|move|p1b: Dondozo|Order Up|p2b: Palkia\n|-supereffective|p2b: Palkia\n|-damage|p2b: Palkia|67/100\n|move|p2b: Palkia|Spacial Rend|p1b: Dondozo\n|-damage|p1b: Dondozo|12/100\n|\n|-weather|SunnyDay|[upkeep]\n|-heal|p1b: Dondozo|18/100|[from] item: Leftovers\n|-fieldend|move: Psychic Terrain\n|upkeep\n|turn|6\n|\n|t:|1746108095\n|move|p1a: Calyrex|Protect|p1a: Calyrex\n|-singleturn|p1a: Calyrex|Protect\n|move|p2a: Torkoal|Eruption|p1b: Dondozo|[spread] p1b\n|-activate|p1a: Calyrex|move: Protect\n|-resisted|p1b: Dondozo\n|-damage|p1b: Dondozo|0 fnt\n|faint|p1b: Dondozo\n|move|p2b: Palkia|Spacial Rend|p1a: Calyrex\n|-activate|p1a: Calyrex|move: Protect\n|\n|-weather|none\n|upkeep\n|turn|7\n|\n|t:|1746108100\n|move|p1a: Calyrex|Protect||[still]\n|-fail|p1a: Calyrex\n|move|p2a: Torkoal|Eruption|p1a: Calyrex\n|-damage|p1a: Calyrex|9/100\n|move|p2b: Palkia|Spacial Rend|p1a: Calyrex\n|-damage|p1a: Calyrex|0 fnt\n|faint|p1a: Calyrex\n|\n|win|ihopeafairmatch\n||Jdv1 is ready for game 2.\n||ihopeafairmatch is ready for game 2.\n|uhtml|next|Next: <a href=\"/battle-gen9vgc2025regibo3-2354660026\"><strong>Game 2 of 3</strong></a>\n|l|\u2606ihopeafairmatch\n|player|p2|\n|l|\u2606Jdv1\n|player|p1|\n|j|\u2606Jdv1\n|player|p1|Jdv1|firebreather|\n", "uploadtime": 1746108100, "views": 6, "formatid": "gen9vgc2025regibo3", "rating": null, "private": 0, "password": null}