{"id": "gen9vgc2025regibo3-2354509161", "format": "[Gen 9] VGC 2025 Reg I (Bo3)", "players": ["Tedi2002", "jdanhyde"], "log": "|j|\u2606Tedi2002\n|j|\u2606jdanhyde\n|html|<table width=\"100%\"><tr><td align=\"left\">Tedi2002</td><td align=\"right\">jdanhyde</tr><tr><td align=\"left\"><i class=\"fa fa-circle\"></i> <i class=\"fa fa-circle-o\"></i> </td><td align=\"right\"><i class=\"fa fa-circle-o\"></i> <i class=\"fa fa-circle-o\"></i> </tr></table>\n|uhtml|bestof|<h2><strong>Game 2</strong> of <a href=\"/game-bestof3-gen9vgc2025regibo3-2354507974\">a best-of-3</a></h2>\n|t:|1746084400\n|gametype|doubles\n|player|p1|Tedi2002|red|1184\n|player|p2|jdanhyde|1|1189\n|teamsize|p1|6\n|teamsize|p2|6\n|gen|9\n|tier|[Gen 9] VGC 2025 Reg I (Bo3)\n|rated|\n|rule|Species Clause: Limit one of each Pok\u00e9mon\n|rule|Item Clause: Limit 1 of each item\n|clearpoke\n|poke|p1|Terapagos, L50, M|\n|poke|p1|Kyogre, L50|\n|poke|p1|Tornadus, L50, M|\n|poke|p1|Urshifu-*, L50, M|\n|poke|p1|Indeedee-F, L50, F|\n|poke|p1|Ursaluna, L50, M|\n|poke|p2|Dialga-Origin, L50|\n|poke|p2|Kyogre, L50|\n|poke|p2|Rillaboom, L50, M|\n|poke|p2|Incineroar, L50, F|\n|poke|p2|Urshifu-*, L50, F|\n|poke|p2|Tornadus, L50, M|\n|teampreview|4\n|showteam|p1|Terapagos||Leftovers|TeraShift|TeraStarstorm,EarthPower,CalmMind,Protect|||M|||50|,,,,,Stellar]Kyogre||SplashPlate|Drizzle|OriginPulse,Thunder,IceBeam,Protect||||||50|,,,,,Grass]Tornadus||FocusSash|Prankster|BleakwindStorm,Tailwind,IcyWind,Protect|||M|||50|,,,,,Dark]Urshifu-Rapid-Strike||MysticWater|UnseenFist|SurgingStrikes,CloseCombat,Taunt,Detect|||M|||50|,,,,,Water]Indeedee-F||RockyHelmet|PsychicSurge|Psychic,TrickRoom,HelpingHand,FollowMe|||F|||50|,,,,,Grass]Ursaluna||FlameOrb|Guts|HeadlongRush,Facade,CloseCombat,Protect|||M|||50|,,,,,Normal\n|showteam|p2|Dialga-Origin||AdamantCrystal|Pressure|RoarofTime,FlashCannon,EarthPower,Protect||||||50|,,,,,Ghost]Kyogre||LifeOrb|Drizzle|WaterSpout,OriginPulse,IceBeam,Protect||||||50|,,,,,Grass]Rillaboom||AssaultVest|GrassySurge|FakeOut,GrassyGlide,WoodHammer,DrainPunch|||M|||50|,,,,,Fire]Incineroar||SafetyGoggles|Intimidate|FlareBlitz,KnockOff,PartingShot,FakeOut|||F|||50|,,,,,Fairy]Urshifu-Rapid-Strike||ChoiceScarf|UnseenFist|SurgingStrikes,CloseCombat,Uturn,IronHead|||F|||50|,,,,,Water]Tornadus||CovertCloak|Prankster|BleakwindStorm,RainDance,Taunt,Tailwind|||M|||50|,,,,,Dark\n|inactive|Battle timer is ON: inactive players will automatically lose when time's up. (requested by Tedi2002)\n|\n|t:|1746084421\n|start\n|switch|p1a: Terapagos|Terapagos, L50, M|100/100\n|switch|p1b: Tornadus|Tornadus, L50, M|100/100\n|switch|p2a: Urshifu|Urshifu-Rapid-Strike, L50, F|100/100\n|switch|p2b: Kyogre|Kyogre, L50|100/100\n|-activate|p1a: Terapagos|ability: Tera Shift\n|detailschange|p1a: Terapagos|Terapagos-Terastal, L50, M\n|-heal|p1a: Terapagos|100/100|[silent]\n|-weather|RainDance|[from] ability: Drizzle|[of] p2b: Kyogre\n|turn|1\n|\n|t:|1746084446\n|-terastallize|p2a: Urshifu|Water\n|move|p2a: Urshifu|Surging Strikes|p1a: Terapagos\n|-activate|p1a: Terapagos|ability: Tera Shell\n|-resisted|p1a: Terapagos\n|-crit|p1a: Terapagos\n|-damage|p1a: Terapagos|82/100\n|-resisted|p1a: Terapagos\n|-crit|p1a: Terapagos\n|-damage|p1a: Terapagos|65/100\n|-resisted|p1a: Terapagos\n|-crit|p1a: Terapagos\n|-damage|p1a: Terapagos|48/100\n|-hitcount|p1a: Terapagos|3\n|move|p1b: Tornadus|Bleakwind Storm|p2a: Urshifu|[spread] p2a,p2b\n|-damage|p2a: Urshifu|35/100\n|-damage|p2b: Kyogre|71/100\n|move|p1a: Terapagos|Tera Starstorm|p2b: Kyogre\n|-damage|p2b: Kyogre|33/100\n|move|p2b: Kyogre|Water Spout|p1b: Tornadus|[spread] p1a,p1b\n|-damage|p1a: Terapagos|8/100\n|-damage|p1b: Tornadus|34/100\n|-damage|p2b: Kyogre|24/100|[from] item: Life Orb\n|\n|-weather|RainDance|[upkeep]\n|-heal|p1a: Terapagos|13/100|[from] item: Leftovers\n|upkeep\n|turn|2\n|\n|t:|1746084466\n|-terastallize|p1a: Terapagos|Stellar\n|detailschange|p1a: Terapagos|Terapagos-Stellar, L50, M, tera:Stellar\n|-heal|p1a: Terapagos|36/100|[silent]\n|-ability|p1a: Terapagos|Teraform Zero\n|-weather|none\n|move|p1b: Tornadus|Tailwind|p1b: Tornadus\n|-sidestart|p1: Tedi2002|move: Tailwind\n|move|p2a: Urshifu|Surging Strikes|p1a: Terapagos\n|-crit|p1a: Terapagos\n|-damage|p1a: Terapagos|17/100\n|-crit|p1a: Terapagos\n|-damage|p1a: Terapagos|0 fnt\n|faint|p1a: Terapagos\n|-hitcount|p1: Terapagos|2\n|move|p2b: Kyogre|Water Spout|p1b: Tornadus\n|-damage|p1b: Tornadus|0 fnt\n|faint|p1b: Tornadus\n|-damage|p2b: Kyogre|14/100|[from] item: Life Orb\n|\n|upkeep\n|\n|t:|1746084477\n|switch|p1b: Indeedee|Indeedee-F, L50, F|100/100\n|switch|p1a: Kyogre|Kyogre, L50|100/100\n|-weather|RainDance|[from] ability: Drizzle|[of] p1a: Kyogre\n|-fieldstart|move: Psychic Terrain|[from] ability: Psychic Surge|[of] p1b: Indeedee\n|turn|3\n|\n|t:|1746084490\n|switch|p2a: Rillaboom|Rillaboom, L50, M|100/100\n|-fieldstart|move: Grassy Terrain|[from] ability: Grassy Surge|[of] p2a: Rillaboom\n|move|p2b: Kyogre|Protect|p2b: Kyogre\n|-singleturn|p2b: Kyogre|Protect\n|move|p1b: Indeedee|Follow Me|p1b: Indeedee\n|-singleturn|p1b: Indeedee|move: Follow Me\n|move|p1a: Kyogre|Origin Pulse|p2a: Rillaboom|[spread] p2a\n|-activate|p2b: Kyogre|move: Protect\n|-resisted|p2a: Rillaboom\n|-damage|p2a: Rillaboom|64/100\n|\n|-weather|RainDance|[upkeep]\n|-heal|p2b: Kyogre|20/100|[from] Grassy Terrain\n|-heal|p2a: Rillaboom|70/100|[from] Grassy Terrain\n|upkeep\n|turn|4\n|\n|t:|1746084514\n|move|p2a: Rillaboom|Fake Out|p1b: Indeedee\n|-damage|p1b: Indeedee|87/100\n|-damage|p2a: Rillaboom|54/100|[from] item: Rocky Helmet|[of] p1b: Indeedee\n|move|p1a: Kyogre|Origin Pulse|p2b: Kyogre|[spread] p2a\n|-miss|p1a: Kyogre|p2b: Kyogre\n|-resisted|p2a: Rillaboom\n|-crit|p2a: Rillaboom\n|-damage|p2a: Rillaboom|0 fnt\n|faint|p2a: Rillaboom\n|cant|p1b: Indeedee|flinch\n|move|p2b: Kyogre|Origin Pulse|p1a: Kyogre|[spread] p1a,p1b\n|-resisted|p1a: Kyogre\n|-damage|p1a: Kyogre|67/100\n|-damage|p1b: Indeedee|0 fnt\n|faint|p1b: Indeedee\n|-damage|p2b: Kyogre|10/100|[from] item: Life Orb\n|\n|-weather|RainDance|[upkeep]\n|-heal|p1a: Kyogre|72/100|[from] Grassy Terrain\n|-heal|p2b: Kyogre|16/100|[from] Grassy Terrain\n|upkeep\n|\n|t:|1746084529\n|switch|p2a: Urshifu|Urshifu-Rapid-Strike, L50, F, tera:Water|35/100\n|turn|5\n|\n|t:|1746084537\n|move|p2b: Kyogre|Protect|p2b: Kyogre\n|-singleturn|p2b: Kyogre|Protect\n|move|p2a: Urshifu|Close Combat|p1a: Kyogre\n|-damage|p1a: Kyogre|10/100\n|-unboost|p2a: Urshifu|def|1\n|-unboost|p2a: Urshifu|spd|1\n|move|p1a: Kyogre|Origin Pulse|p2b: Kyogre|[spread] p2a\n|-activate|p2b: Kyogre|move: Protect\n|-resisted|p2a: Urshifu\n|-damage|p2a: Urshifu|0 fnt\n|faint|p2a: Urshifu\n|\n|-weather|RainDance|[upkeep]\n|-heal|p1a: Kyogre|16/100|[from] Grassy Terrain\n|-heal|p2b: Kyogre|22/100|[from] Grassy Terrain\n|-sideend|p1: Tedi2002|move: Tailwind\n|upkeep\n|\n|t:|1746084543\n|switch|p2a: Dialga|Dialga-Origin, L50|100/100\n|-ability|p2a: Dialga|Pressure\n|turn|6\n|\n|t:|1746084549\n|move|p1a: Kyogre|Protect|p1a: Kyogre\n|-singleturn|p1a: Kyogre|Protect\n|move|p2a: Dialga|Earth Power|p1a: Kyogre\n|-activate|p1a: Kyogre|move: Protect\n|move|p2b: Kyogre|Origin Pulse|p1a: Kyogre\n|-activate|p1a: Kyogre|move: Protect\n|\n|-weather|RainDance|[upkeep]\n|-heal|p2b: Kyogre|28/100|[from] Grassy Terrain\n|-heal|p1a: Kyogre|22/100|[from] Grassy Terrain\n|upkeep\n|turn|7\n|\n|t:|1746084567\n|move|p2a: Dialga|Earth Power|p1a: Kyogre\n|-damage|p1a: Kyogre|0 fnt\n|faint|p1a: Kyogre\n|\n|win|jdanhyde\n||jdanhyde is ready for game 3.\n||Tedi2002 is ready for game 3.\n|uhtml|next|Next: <a href=\"/battle-gen9vgc2025regibo3-2354509981\"><strong>Game 3 of 3</strong></a>\n|l|\u2606Tedi2002\n|player|p1|\n|l|\u2606jdanhyde\n|player|p2|\n", "uploadtime": 1746084837, "views": 7, "formatid": "gen9vgc2025regibo3", "rating": null, "private": 0, "password": null}