{"id": "gen9vgc2025regibo3-2354336891", "format": "[Gen 9] VGC 2025 Reg I (Bo3)", "players": ["FIGHT ON STARMAN", "RegGsBiggestHater"], "log": "|j|\u2606FIGHT ON STARMAN\n|j|\u2606RegGsBiggestHater\n|html|<table width=\"100%\"><tr><td align=\"left\">FIGHT ON STARMAN</td><td align=\"right\">RegGsBiggestHater</tr><tr><td align=\"left\"><i class=\"fa fa-circle-o\"></i> <i class=\"fa fa-circle-o\"></i> </td><td align=\"right\"><i class=\"fa fa-circle-o\"></i> <i class=\"fa fa-circle-o\"></i> </tr></table>\n|uhtml|bestof|<h2><strong>Game 1</strong> of <a href=\"/game-bestof3-gen9vgc2025regibo3-2354336890\">a best-of-3</a></h2>\n|t:|1746058952\n|gametype|doubles\n|player|p1|FIGHT ON STARMAN|lucas|1149\n|player|p2|RegGsBiggestHater|byron|1109\n|teamsize|p1|6\n|teamsize|p2|6\n|gen|9\n|tier|[Gen 9] VGC 2025 Reg I (Bo3)\n|rated|\n|rule|Species Clause: Limit one of each Pok\u00e9mon\n|rule|Item Clause: Limit 1 of each item\n|clearpoke\n|poke|p1|Calyrex-Ice, L50|\n|poke|p1|Ho-Oh, L50|\n|poke|p1|Rillaboom, L50, F|\n|poke|p1|Samurott-Hisui, L50, F|\n|poke|p1|Landorus, L50, M|\n|poke|p1|Ogerpon-Cornerstone, L50, F|\n|poke|p2|Miraidon, L50|\n|poke|p2|Ho-Oh, L50|\n|poke|p2|Iron Hands, L50|\n|poke|p2|Farigiraf, L50, M|\n|poke|p2|Iron Treads, L50|\n|poke|p2|Urshifu-*, L50, F|\n|teampreview|4\n|showteam|p1|Calyrex-Ice||ClearAmulet|AsOneGlastrier|GlacialLance,CloseCombat,TrickRoom,Protect||||||50|,,,,,Water]Ho-Oh||CovertCloak|Regenerator|SacredFire,BraveBird,Tailwind,Protect||||||50|,,,,,Grass]Rillaboom||AssaultVest|GrassySurge|FakeOut,GrassyGlide,WoodHammer,Uturn|||F|||50|,,,,,Water]Samurott-Hisui||WhiteHerb|Sharpness|CeaselessEdge,AquaCutter,SacredSword,Protect|||F|||50|,,,,,Ghost]Landorus||LifeOrb|SheerForce|EarthPower,SludgeBomb,SandsearStorm,Protect|||M|||50|,,,,,Poison]Ogerpon-Cornerstone||CornerstoneMask|Sturdy|IvyCudgel,PowerWhip,SpikyShield,FollowMe|||F|||50|,,,,,Rock\n|showteam|p2|Miraidon||ChoiceSpecs|HadronEngine|ElectroDrift,DazzlingGleam,VoltSwitch,DracoMeteor||||||50|,,,,,Fairy]Ho-Oh||CovertCloak|Regenerator|SacredFire,Tailwind,Protect,BraveBird||||||50|,,,,,Grass]Iron Hands||AssaultVest|QuarkDrive|FakeOut,LowKick,DrainPunch,WildCharge||||||50|,,,,,Bug]Farigiraf||ElectricSeed|ArmorTail|TrickRoom,FoulPlay,HelpingHand,Psychic|||M|||50|,,,,,Water]Iron Treads||ChoiceBand|QuarkDrive|Earthquake,IronHead,HighHorsepower,KnockOff||||||50|,,,,,Ghost]Urshifu-Rapid-Strike||ChoiceScarf|UnseenFist|SurgingStrikes,CloseCombat,AquaJet,Uturn|||F|||50|,,,,,Water\n|inactive|Battle timer is ON: inactive players will automatically lose when time's up. (requested by FIGHT ON STARMAN)\n|\n|t:|1746059012\n|start\n|switch|p1a: Ogerpon|Ogerpon-Cornerstone, L50, F|100/100\n|switch|p1b: Rillaboom|Rillaboom, L50, F|100/100\n|switch|p2a: Ho-Oh|Ho-Oh, L50, shiny|100/100\n|switch|p2b: Iron Treads|Iron Treads, L50|100/100\n|-fieldstart|move: Grassy Terrain|[from] ability: Grassy Surge|[of] p1b: Rillaboom\n|turn|1\n|inactive|FIGHT ON STARMAN has 30 seconds left.\n|\n|t:|1746059037\n|-end|p2b: Iron Treads|Quark Drive|[silent]\n|switch|p2b: Miraidon|Miraidon, L50|100/100\n|-fieldstart|move: Electric Terrain|[from] ability: Hadron Engine|[of] p2b: Miraidon\n|move|p1a: Ogerpon|Ivy Cudgel|p2a: Ho-Oh|[anim] Ivy Cudgel Rock\n|-supereffective|p2a: Ho-Oh\n|-damage|p2a: Ho-Oh|0 fnt\n|faint|p2a: Ho-Oh\n|move|p1b: Rillaboom|U-turn|p2b: Miraidon\n|-damage|p2b: Miraidon|78/100\n|inactive|FIGHT ON STARMAN has 30 seconds left.\n|\n|t:|1746059067\n|switch|p1b: Calyrex|Calyrex-Ice, L50|100/100|[from] U-turn\n|-ability|p1b: Calyrex|As One\n|-ability|p1b: Calyrex|Unnerve\n|\n|upkeep\n|\n|t:|1746059070\n|switch|p2a: Iron Treads|Iron Treads, L50|100/100\n|-activate|p2a: Iron Treads|ability: Quark Drive\n|-start|p2a: Iron Treads|quarkdrivespe\n|turn|2\n|\n|t:|1746059090\n|move|p1a: Ogerpon|Spiky Shield|p1a: Ogerpon\n|-singleturn|p1a: Ogerpon|move: Protect\n|move|p1b: Calyrex|Protect|p1b: Calyrex\n|-singleturn|p1b: Calyrex|Protect\n|move|p2a: Iron Treads|Knock Off|p1b: Calyrex\n|-activate|p1b: Calyrex|move: Protect\n|move|p2b: Miraidon|Volt Switch|p1b: Calyrex\n|-activate|p1b: Calyrex|move: Protect\n|\n|upkeep\n|turn|3\n|\n|t:|1746059111\n|move|p1a: Ogerpon|Follow Me|p1a: Ogerpon\n|-singleturn|p1a: Ogerpon|move: Follow Me\n|move|p2a: Iron Treads|Knock Off|p1a: Ogerpon\n|-damage|p1a: Ogerpon|60/100\n|move|p2b: Miraidon|Volt Switch|p1a: Ogerpon\n|-resisted|p1a: Ogerpon\n|-damage|p1a: Ogerpon|6/100\n|\n|t:|1746059117\n|switch|p2b: Iron Hands|Iron Hands, L50|100/100|[from] Volt Switch\n|-activate|p2b: Iron Hands|ability: Quark Drive\n|-start|p2b: Iron Hands|quarkdriveatk\n|move|p1b: Calyrex|Glacial Lance|p2a: Iron Treads|[spread] p2a,p2b\n|-damage|p2a: Iron Treads|47/100\n|-damage|p2b: Iron Hands|63/100\n|\n|upkeep\n|turn|4\n|\n|t:|1746059133\n|move|p1a: Ogerpon|Spiky Shield|p1a: Ogerpon\n|-singleturn|p1a: Ogerpon|move: Protect\n|move|p1b: Calyrex|Protect|p1b: Calyrex\n|-singleturn|p1b: Calyrex|Protect\n|move|p2b: Iron Hands|Fake Out|p1a: Ogerpon\n|-activate|p1a: Ogerpon|move: Protect\n|-damage|p2b: Iron Hands|50/100|[from] Spiky Shield|[of] p1a: Ogerpon\n|move|p2a: Iron Treads|Knock Off|p1b: Calyrex\n|-activate|p1b: Calyrex|move: Protect\n|\n|upkeep\n|turn|5\n|inactive|FIGHT ON STARMAN has 30 seconds left.\n|inactive|FIGHT ON STARMAN has 20 seconds left.\n|\n|t:|1746059171\n|move|p1a: Ogerpon|Follow Me|p1a: Ogerpon\n|-singleturn|p1a: Ogerpon|move: Follow Me\n|move|p2a: Iron Treads|Knock Off|p1a: Ogerpon\n|-damage|p1a: Ogerpon|0 fnt\n|faint|p1a: Ogerpon\n|move|p1b: Calyrex|Glacial Lance|p2b: Iron Hands|[spread] p2a,p2b\n|-crit|p2a: Iron Treads\n|-damage|p2a: Iron Treads|0 fnt\n|-damage|p2b: Iron Hands|7/100\n|faint|p2a: Iron Treads\n|-end|p2a: Iron Treads|Quark Drive|[silent]\n|-ability|p1b: Calyrex|Chilling Neigh|boost\n|-boost|p1b: Calyrex|atk|1\n|move|p2b: Iron Hands|Low Kick|p1b: Calyrex\n|-damage|p1b: Calyrex|46/100\n|\n|-fieldend|move: Electric Terrain\n|-end|p2b: Iron Hands|Quark Drive\n|upkeep\n|\n|t:|1746059178\n|switch|p1a: Rillaboom|Rillaboom, L50, F|100/100\n|switch|p2a: Miraidon|Miraidon, L50|78/100\n|-fieldstart|move: Electric Terrain|[from] ability: Hadron Engine|[of] p2a: Miraidon\n|-activate|p2b: Iron Hands|ability: Quark Drive\n|-start|p2b: Iron Hands|quarkdriveatk\n|-fieldstart|move: Grassy Terrain|[from] ability: Grassy Surge|[of] p1a: Rillaboom\n|-end|p2b: Iron Hands|Quark Drive\n|turn|6\n|\n|t:|1746059191\n|move|p1a: Rillaboom|Fake Out|p2a: Miraidon\n|-damage|p2a: Miraidon|64/100\n|cant|p2a: Miraidon|flinch\n|move|p1b: Calyrex|Glacial Lance|p2a: Miraidon|[spread] p2a,p2b\n|-supereffective|p2a: Miraidon\n|-damage|p2a: Miraidon|0 fnt\n|-damage|p2b: Iron Hands|0 fnt\n|faint|p2a: Miraidon\n|faint|p2b: Iron Hands\n|-end|p2b: Iron Hands|Quark Drive|[silent]\n|\n|win|FIGHT ON STARMAN\n||RegGsBiggestHater is ready for game 2.\n||FIGHT ON STARMAN is ready for game 2.\n|uhtml|next|Next: <a href=\"/battle-gen9vgc2025regibo3-2354338917\"><strong>Game 2 of 3</strong></a>\n|l|\u2606FIGHT ON STARMAN\n|player|p1|\n", "uploadtime": 1746059457, "views": 8, "formatid": "gen9vgc2025regibo3", "rating": null, "private": 0, "password": null}