{"id": "gen9vgc2025regibo3-2353451248", "format": "[Gen 9] VGC 2025 Reg I (Bo3)", "players": ["navigating iii", "aquawarrior21"], "log": "|j|\u2606navigating iii\n|j|\u2606aquawarrior21\n|html|<table width=\"100%\"><tr><td align=\"left\">navigating iii</td><td align=\"right\">aquawarrior21</tr><tr><td align=\"left\"><i class=\"fa fa-circle\"></i> <i class=\"fa fa-circle-o\"></i> </td><td align=\"right\"><i class=\"fa fa-circle-o\"></i> <i class=\"fa fa-circle\"></i> </tr></table>\n|uhtml|bestof|<h2><strong>Game 3</strong> of <a href=\"/game-bestof3-gen9vgc2025regibo3-2353447957\">a best-of-3</a></h2>\n|t:|1745957127\n|gametype|doubles\n|player|p1|navigating iii|n|1230\n|player|p2|aquawarrior21|hilda|1216\n|teamsize|p1|6\n|teamsize|p2|6\n|gen|9\n|tier|[Gen 9] VGC 2025 Reg I (Bo3)\n|rated|\n|rule|Species Clause: Limit one of each Pok\u00e9mon\n|rule|Item Clause: Limit 1 of each item\n|clearpoke\n|poke|p1|Calyrex-Shadow, L50|\n|poke|p1|Zamazenta-*, L50|\n|poke|p1|Clefairy, L50, F|\n|poke|p1|Tornadus, L50, M|\n|poke|p1|Urshifu-*, L50, M|\n|poke|p1|Rillaboom, L50, M|\n|poke|p2|Calyrex-Shadow, L50|\n|poke|p2|Koraidon, L50|\n|poke|p2|Whimsicott, L50, M|\n|poke|p2|Chi-Yu, L50|\n|poke|p2|Brute Bonnet, L50|\n|poke|p2|Ursaluna, L50, F|\n|teampreview|4\n|showteam|p1|Calyrex-Shadow||SafetyGoggles|AsOneSpectrier|AstralBarrage,DrainingKiss,NastyPlot,Protect||||||50|,,,,,Fairy]Zamazenta-Crowned||RustedShield|DauntlessShield|BodyPress,HeavySlam,WideGuard,Protect||||||50|,,,,,Grass]Clefairy||Eviolite|FriendGuard|FollowMe,HealPulse,HelpingHand,Protect|||F|||50|,,,,,Grass]Tornadus||CovertCloak|Prankster|BleakwindStorm,Tailwind,RainDance,Taunt|||M|||50|,,,,,Steel]Urshifu-Rapid-Strike||FocusSash|UnseenFist|SurgingStrikes,CloseCombat,AquaJet,Protect|||M|||50|,,,,,Stellar]Rillaboom||AssaultVest|GrassySurge|GrassyGlide,WoodHammer,Uturn,FakeOut|||M|||50|,,,,,Fire\n|showteam|p2|Calyrex-Shadow||FocusSash|AsOneSpectrier|AstralBarrage,Psychic,NastyPlot,Protect||||||50|,,,,,Dark]Koraidon||LifeOrb|OrichalcumPulse|CloseCombat,FlareBlitz,FlameCharge,Protect||||||50|,,,,,Fire]Whimsicott||CovertCloak|Prankster|Moonblast,LightScreen,Tailwind,Taunt|||M|||50|,,,,,Dark]Chi-Yu||ChoiceScarf|BeadsofRuin|HeatWave,Overheat,Snarl,DarkPulse||||||50|,,,,,Ghost]Brute Bonnet||RockyHelmet|Protosynthesis|SeedBomb,SuckerPunch,RagePowder,Spore||||||50|,,,,,Water]Ursaluna||FlameOrb|Guts|HeadlongRush,Facade,Crunch,Protect|||F|||50|,,,,,Normal\n|inactive|Battle timer is ON: inactive players will automatically lose when time's up. (requested by navigating iii)\n|\n|t:|1745957155\n|start\n|switch|p1a: Calyrex|Calyrex-Shadow, L50|100/100\n|switch|p1b: Zamazenta|Zamazenta-Crowned, L50, shiny|100/100\n|switch|p2a: Koraidon|Koraidon, L50|100/100\n|switch|p2b: Whimsicott|Whimsicott, L50, M|100/100\n|-ability|p1a: Calyrex|As One\n|-ability|p1a: Calyrex|Unnerve\n|-weather|SunnyDay|[from] ability: Orichalcum Pulse|[of] p2a: Koraidon\n|-activate|p2a: Koraidon|Orichalcum Pulse|[source]\n|-ability|p1b: Zamazenta|Dauntless Shield|boost\n|-boost|p1b: Zamazenta|def|1\n|turn|1\n|inactive|aquawarrior21 has 30 seconds left.\n|\n|t:|1745957190\n|switch|p1a: Clefairy|Clefairy, L50, F|100/100\n|move|p2a: Koraidon|Protect|p2a: Koraidon\n|-singleturn|p2a: Koraidon|Protect\n|move|p2b: Whimsicott|Tailwind|p2b: Whimsicott\n|-sidestart|p2: aquawarrior21|move: Tailwind\n|move|p1b: Zamazenta|Heavy Slam|p2b: Whimsicott\n|-supereffective|p2b: Whimsicott\n|-damage|p2b: Whimsicott|0 fnt\n|faint|p2b: Whimsicott\n|\n|-weather|SunnyDay|[upkeep]\n|upkeep\n|\n|t:|1745957200\n|switch|p2b: Calyrex|Calyrex-Shadow, L50|100/100\n|-ability|p2b: Calyrex|As One\n|-ability|p2b: Calyrex|Unnerve\n|turn|2\n|\n|t:|1745957216\n|-terastallize|p2a: Koraidon|Fire\n|move|p1a: Clefairy|Follow Me|p1a: Clefairy\n|-singleturn|p1a: Clefairy|move: Follow Me\n|move|p2b: Calyrex|Nasty Plot|p2b: Calyrex\n|-boost|p2b: Calyrex|spa|2\n|move|p2a: Koraidon|Flare Blitz|p1a: Clefairy\n|-damage|p1a: Clefairy|0 fnt\n|faint|p1a: Clefairy\n|-damage|p2a: Koraidon|68/100|[from] Recoil\n|-damage|p2a: Koraidon|58/100|[from] item: Life Orb\n|move|p1b: Zamazenta|Heavy Slam|p2b: Calyrex\n|-damage|p2b: Calyrex|47/100\n|\n|-weather|SunnyDay|[upkeep]\n|upkeep\n|\n|t:|1745957234\n|switch|p1a: Tornadus|Tornadus, L50, M|100/100\n|turn|3\n|\n|t:|1745957255\n|move|p1a: Tornadus|Rain Dance|p1a: Tornadus\n|-weather|RainDance\n|move|p2b: Calyrex|Psychic|p1a: Tornadus\n|-damage|p1a: Tornadus|0 fnt\n|faint|p1a: Tornadus\n|-ability|p2b: Calyrex|Grim Neigh|boost\n|-boost|p2b: Calyrex|spa|1\n|move|p2a: Koraidon|Flare Blitz|p1b: Zamazenta\n|-supereffective|p1b: Zamazenta\n|-crit|p1b: Zamazenta\n|-damage|p1b: Zamazenta|30/100\n|-damage|p2a: Koraidon|32/100|[from] Recoil\n|-damage|p2a: Koraidon|23/100|[from] item: Life Orb\n|move|p1b: Zamazenta|Heavy Slam|p2b: Calyrex\n|-damage|p2b: Calyrex|0 fnt\n|faint|p2b: Calyrex\n|\n|-weather|RainDance|[upkeep]\n|upkeep\n|\n|t:|1745957274\n|switch|p2b: Chi-Yu|Chi-Yu, L50|100/100\n|switch|p1a: Calyrex|Calyrex-Shadow, L50|100/100\n|-ability|p1a: Calyrex|As One\n|-ability|p1a: Calyrex|Unnerve\n|-ability|p2b: Chi-Yu|Beads of Ruin\n|turn|4\n|inactive|aquawarrior21 has 30 seconds left.\n|\n|t:|1745957304\n|-terastallize|p1a: Calyrex|Fairy\n|move|p1b: Zamazenta|Protect|p1b: Zamazenta\n|-singleturn|p1b: Zamazenta|Protect\n|move|p2b: Chi-Yu|Overheat|p1b: Zamazenta\n|-activate|p1b: Zamazenta|move: Protect\n|move|p2a: Koraidon|Flame Charge|p2b: Chi-Yu\n|-resisted|p2b: Chi-Yu\n|-damage|p2b: Chi-Yu|86/100\n|-boost|p2a: Koraidon|spe|1\n|-damage|p2a: Koraidon|13/100|[from] item: Life Orb\n|move|p1a: Calyrex|Astral Barrage|p2a: Koraidon|[spread] p2a,p2b\n|-resisted|p2b: Chi-Yu\n|-damage|p2a: Koraidon|0 fnt\n|-damage|p2b: Chi-Yu|60/100\n|faint|p2a: Koraidon\n|-ability|p1a: Calyrex|Grim Neigh|boost\n|-boost|p1a: Calyrex|spa|1\n|\n|-weather|RainDance|[upkeep]\n|-sideend|p2: aquawarrior21|move: Tailwind\n|upkeep\n|turn|5\n|\n|t:|1745957322\n|move|p2b: Chi-Yu|Overheat|p1a: Calyrex\n|-damage|p1a: Calyrex|57/100\n|-unboost|p2b: Chi-Yu|spa|2\n|move|p1a: Calyrex|Draining Kiss|p2b: Chi-Yu\n|-damage|p2b: Chi-Yu|3/100\n|-heal|p1a: Calyrex|90/100|[from] drain|[of] p2b: Chi-Yu\n|move|p1b: Zamazenta|Body Press|p2b: Chi-Yu\n|-supereffective|p2b: Chi-Yu\n|-damage|p2b: Chi-Yu|0 fnt\n|faint|p2b: Chi-Yu\n|\n|win|navigating iii\n|raw|navigating iii's rating: 1230 &rarr; <strong>1254</strong><br />(+24 for winning)\n|raw|aquawarrior21's rating: 1216 &rarr; <strong>1192</strong><br />(-24 for losing)\n|l|\u2606navigating iii\n|player|p1|\n", "uploadtime": 1745957398, "views": 22, "formatid": "gen9vgc2025regibo3", "rating": 1192, "private": 0, "password": null}