{"id": "gen9vgc2025regibo3-2353737663", "format": "[Gen 9] VGC 2025 Reg I (Bo3)", "players": ["vidhay", "pokeomis"], "log": "|j|\u2606vidhay\n|j|\u2606pokeomis\n|html|<table width=\"100%\"><tr><td align=\"left\">vidhay</td><td align=\"right\">pokeomis</tr><tr><td align=\"left\"><i class=\"fa fa-circle-o\"></i> <i class=\"fa fa-circle-o\"></i> </td><td align=\"right\"><i class=\"fa fa-circle-o\"></i> <i class=\"fa fa-circle-o\"></i> </tr></table>\n|uhtml|bestof|<h2><strong>Game 1</strong> of <a href=\"/game-bestof3-gen9vgc2025regibo3-2353737662\">a best-of-3</a></h2>\n|t:|1745991343\n|gametype|doubles\n|player|p1|vidhay|169|1197\n|player|p2|pokeomis|rocketgrunt|1158\n|teamsize|p1|6\n|teamsize|p2|6\n|gen|9\n|tier|[Gen 9] VGC 2025 Reg I (Bo3)\n|rated|\n|rule|Species Clause: Limit one of each Pok\u00e9mon\n|rule|Item Clause: Limit 1 of each item\n|clearpoke\n|poke|p1|Ditto, L50|\n|poke|p1|Calyrex-Shadow, L50|\n|poke|p1|Clefairy, L50, F|\n|poke|p1|Terapagos, L50, M|\n|poke|p1|Flutter Mane, L50|\n|poke|p1|Urshifu-*, L50, F|\n|poke|p2|Calyrex-Shadow, L50|\n|poke|p2|Chi-Yu, L50|\n|poke|p2|Koraidon, L50|\n|poke|p2|Weezing-Galar, L50, F|\n|poke|p2|Brute Bonnet, L50|\n|poke|p2|Landorus-Therian, L50, M|\n|teampreview|4\n|showteam|p1|Ditto||ChoiceScarf|Imposter|Transform||||||50|,,,,,Stellar]Calyrex-Shadow||ChoiceSpecs|AsOneSpectrier|Psyshock,TeraBlast,DrainingKiss,AstralBarrage||||||50|,,,,,Stellar]Clefairy||Eviolite|FriendGuard|AfterYou,Protect,FollowMe,HelpingHand|||F|||50|,,,,,Steel]Terapagos||Leftovers|TeraShift|CalmMind,TeraStarstorm,Protect,EarthPower|||M|||50|,,,,,Stellar]Flutter Mane||BoosterEnergy|Protosynthesis|DazzlingGleam,ShadowBall,IcyWind,Protect||||||50|,,,,,Fairy]Urshifu||FocusSash|UnseenFist|WickedBlow,SuckerPunch,CloseCombat,Protect|||F|||50|,,,,,Dark\n|showteam|p2|Calyrex-Shadow||FocusSash|AsOneSpectrier|Protect,AstralBarrage,Psychic,Encore||||||50|,,,,,Ghost]Chi-Yu||ChoiceScarf|BeadsofRuin|Overheat,HeatWave,DarkPulse,Snarl||||||50|,,,,,Ghost]Koraidon||AbilityShield|OrichalcumPulse|Protect,CloseCombat,FlameCharge,FlareBlitz||||||50|,,,,,Fire]Weezing-Galar||SafetyGoggles|NeutralizingGas|Protect,StrangeSteam,PoisonGas,Taunt|||F|||50|,,,,,Water]Brute Bonnet||CovertCloak|Protosynthesis|Spore,SuckerPunch,RagePowder,SeedBomb||||||50|,,,,,Water]Landorus-Therian||AssaultVest|Intimidate|StompingTantrum,RockSlide,Uturn,TeraBlast|||M|||50|,,,,,Poison\n|inactive|Battle timer is ON: inactive players will automatically lose when time's up. (requested by vidhay)\n|l|\u2606vidhay\n|inactive|vidhay disconnected and has a minute to reconnect!\n|player|p1|\n|inactive|pokeomis has 60 seconds left.\n|inactive|vidhay has 30 seconds to reconnect!\n|j|\u2606vidhay\n|inactive|vidhay reconnected and has 50 seconds left.\n|player|p1|vidhay|169|\n|inactive|vidhay has 30 seconds left.\n|\n|t:|1745991404\n|start\n|switch|p1a: Calyrex|Calyrex-Shadow, L50|100/100\n|switch|p1b: Flutter Mane|Flutter Mane, L50|100/100\n|switch|p2a: Chi-Yu|Chi-Yu, L50|100/100\n|switch|p2b: Weezing|Weezing-Galar, L50, F|100/100\n|-ability|p2b: Weezing|Neutralizing Gas\n|-ability|p1a: Calyrex|As One\n|-ability|p1a: Calyrex|Unnerve\n|turn|1\n|inactive|vidhay has 30 seconds left.\n|\n|t:|1745991437\n|switch|p1a: Terapagos|Terapagos, L50, M|100/100\n|-activate|p1a: Terapagos|ability: Tera Shift\n|detailschange|p1a: Terapagos|Terapagos-Terastal, L50, M\n|-heal|p1a: Terapagos|100/100|[silent]\n|move|p2a: Chi-Yu|Snarl|p1a: Terapagos|[spread] p1a,p1b\n|-damage|p1a: Terapagos|84/100\n|-damage|p1b: Flutter Mane|79/100\n|-unboost|p1a: Terapagos|spa|1\n|-unboost|p1b: Flutter Mane|spa|1\n|move|p1b: Flutter Mane|Icy Wind|p2b: Weezing|[spread] p2a,p2b\n|-resisted|p2a: Chi-Yu\n|-damage|p2a: Chi-Yu|94/100\n|-damage|p2b: Weezing|89/100\n|-unboost|p2a: Chi-Yu|spe|1\n|-unboost|p2b: Weezing|spe|1\n|move|p2b: Weezing|Poison Gas|p1b: Flutter Mane|[spread] p1a,p1b\n|-status|p1a: Terapagos|psn\n|-status|p1b: Flutter Mane|psn\n|\n|-heal|p1a: Terapagos|90/100 psn|[from] item: Leftovers\n|-damage|p1b: Flutter Mane|67/100 psn|[from] psn\n|-damage|p1a: Terapagos|77/100 psn|[from] psn\n|upkeep\n|turn|2\n|inactive|vidhay has 30 seconds left.\n|inactive|pokeomis has 30 seconds left.\n|\n|t:|1745991471\n|move|p1b: Flutter Mane|Dazzling Gleam|p2a: Chi-Yu|[spread] p2a,p2b\n|-resisted|p2b: Weezing\n|-damage|p2a: Chi-Yu|69/100\n|-damage|p2b: Weezing|78/100\n|move|p2a: Chi-Yu|Snarl|p1b: Flutter Mane|[spread] p1b\n|-miss|p2a: Chi-Yu|p1a: Terapagos\n|-damage|p1b: Flutter Mane|45/100 psn\n|-unboost|p1b: Flutter Mane|spa|1\n|move|p1a: Terapagos|Earth Power|p2a: Chi-Yu\n|-supereffective|p2a: Chi-Yu\n|-damage|p2a: Chi-Yu|29/100\n|move|p2b: Weezing|Strange Steam|p1b: Flutter Mane\n|-damage|p1b: Flutter Mane|14/100 psn\n|\n|-heal|p1a: Terapagos|83/100 psn|[from] item: Leftovers\n|-damage|p1b: Flutter Mane|2/100 psn|[from] psn\n|-damage|p1a: Terapagos|71/100 psn|[from] psn\n|upkeep\n|turn|3\n|inactive|pokeomis has 30 seconds left.\n|inactive|pokeomis has 20 seconds left.\n|inactive|pokeomis has 15 seconds left.\n|inactive|pokeomis has 10 seconds left.\n|inactive|pokeomis has 5 seconds left.\n|\n|t:|1745991523\n|move|p1b: Flutter Mane|Icy Wind|p2b: Weezing|[spread] p2a,p2b\n|-resisted|p2a: Chi-Yu\n|-crit|p2b: Weezing\n|-damage|p2a: Chi-Yu|25/100\n|-damage|p2b: Weezing|54/100\n|-unboost|p2a: Chi-Yu|spe|1\n|-unboost|p2b: Weezing|spe|1\n|move|p2a: Chi-Yu|Snarl|p1b: Flutter Mane|[spread] p1a,p1b\n|-damage|p1a: Terapagos|54/100 psn\n|-damage|p1b: Flutter Mane|0 fnt\n|-unboost|p1a: Terapagos|spa|1\n|faint|p1b: Flutter Mane\n|-end|p1b: Flutter Mane|Protosynthesis|[silent]\n|move|p1a: Terapagos|Earth Power|p2b: Weezing\n|-supereffective|p2b: Weezing\n|-damage|p2b: Weezing|23/100\n|-unboost|p2b: Weezing|spd|1\n|move|p2b: Weezing|Strange Steam|p1a: Terapagos\n|-damage|p1a: Terapagos|30/100 psn\n|\n|-heal|p1a: Terapagos|36/100 psn|[from] item: Leftovers\n|-damage|p1a: Terapagos|24/100 psn|[from] psn\n|upkeep\n|\n|t:|1745991532\n|switch|p1b: Calyrex|Calyrex-Shadow, L50|100/100\n|-ability|p1b: Calyrex|As One\n|-ability|p1b: Calyrex|Unnerve\n|turn|4\n|\n|t:|1745991551\n|switch|p1a: Urshifu|Urshifu, L50, F|100/100\n|move|p2b: Weezing|Protect|p2b: Weezing\n|-singleturn|p2b: Weezing|Protect\n|move|p1b: Calyrex|Astral Barrage|p2b: Weezing|[spread] p2a\n|-activate|p2b: Weezing|move: Protect\n|-resisted|p2a: Chi-Yu\n|-damage|p2a: Chi-Yu|0 fnt\n|faint|p2a: Chi-Yu\n|-ability|p1b: Calyrex|Grim Neigh|boost\n|-boost|p1b: Calyrex|spa|1\n|\n|upkeep\n|\n|t:|1745991559\n|switch|p2a: Calyrex|Calyrex-Shadow, L50|100/100\n|-ability|p2a: Calyrex|As One\n|-ability|p2a: Calyrex|Unnerve\n|turn|5\n|inactive|pokeomis has 30 seconds left.\n|\n|t:|1745991591\n|-terastallize|p1b: Calyrex|Stellar\n|move|p1a: Urshifu|Sucker Punch|p2a: Calyrex\n|-supereffective|p2a: Calyrex\n|-enditem|p2a: Calyrex|Focus Sash\n|-damage|p2a: Calyrex|1/100\n|move|p2a: Calyrex|Astral Barrage|p1a: Urshifu|[spread] p1a,p1b\n|-resisted|p1a: Urshifu\n|-supereffective|p1b: Calyrex\n|-damage|p1a: Urshifu|60/100\n|-damage|p1b: Calyrex|0 fnt\n|faint|p1b: Calyrex\n|-ability|p2a: Calyrex|Grim Neigh|boost\n|-boost|p2a: Calyrex|spa|1\n|move|p2b: Weezing|Strange Steam|p1a: Urshifu\n|-supereffective|p1a: Urshifu\n|-damage|p1a: Urshifu|0 fnt\n|faint|p1a: Urshifu\n|\n|upkeep\n|-message|vidhay forfeited.\n|\n|win|pokeomis\n|l|\u2606vidhay\n|player|p1|\n||vidhay is ready for game 2.\n||pokeomis is ready for game 2.\n|uhtml|next|Next: <a href=\"/battle-gen9vgc2025regibo3-2353739235\"><strong>Game 2 of 3</strong></a>\n", "uploadtime": 1745991865, "views": 22, "formatid": "gen9vgc2025regibo3", "rating": null, "private": 0, "password": null}