{"id": "gen9vgc2025regibo3-2353776756", "format": "[Gen 9] VGC 2025 Reg I (Bo3)", "players": ["PokemonmasterN2009", "Speedtiee"], "log": "|j|\u2606PokemonmasterN2009\n|j|\u2606Speedtiee\n|html|<table width=\"100%\"><tr><td align=\"left\">PokemonmasterN2009</td><td align=\"right\">Speedtiee</tr><tr><td align=\"left\"><i class=\"fa fa-circle-o\"></i> <i class=\"fa fa-circle-o\"></i> </td><td align=\"right\"><i class=\"fa fa-circle-o\"></i> <i class=\"fa fa-circle-o\"></i> </tr></table>\n|uhtml|bestof|<h2><strong>Game 1</strong> of <a href=\"/game-bestof3-gen9vgc2025regibo3-2353776755\">a best-of-3</a></h2>\n|t:|1745998135\n|gametype|doubles\n|player|p1|PokemonmasterN2009|steven|1454\n|player|p2|Speedtiee|iono|1448\n|teamsize|p1|6\n|teamsize|p2|6\n|gen|9\n|tier|[Gen 9] VGC 2025 Reg I (Bo3)\n|rated|\n|rule|Species Clause: Limit one of each Pok\u00e9mon\n|rule|Item Clause: Limit 1 of each item\n|clearpoke\n|poke|p1|Calyrex-Ice, L50|\n|poke|p1|Smeargle, L50, M|\n|poke|p1|Kyogre, L50|\n|poke|p1|Farigiraf, L50, M|\n|poke|p1|Rillaboom, L50, F|\n|poke|p1|Amoonguss, L50, F|\n|poke|p2|Miraidon, L50|\n|poke|p2|Koraidon, L50|\n|poke|p2|Raging Bolt, L50|\n|poke|p2|Incineroar, L50, M|\n|poke|p2|Flutter Mane, L50|\n|poke|p2|Ogerpon-Cornerstone, L50, F|\n|teampreview|4\n|showteam|p1|Calyrex-Ice||ClearAmulet|AsOneGlastrier|TrickRoom,GlacialLance,HighHorsepower,Protect||||||50|,,,,,Fire]Smeargle||FocusSash|OwnTempo|Spore,FollowMe,WideGuard,Decorate|||M|||50|,,,,,Grass]Kyogre||IronBall|Drizzle|WaterSpout,HydroPump,Thunder,IceBeam||||||50|,,,,,Grass]Farigiraf||ThroatSpray|ArmorTail|TrickRoom,HyperVoice,Roar,PsychicNoise|||M|||50|,,,,,Water]Rillaboom||AssaultVest|GrassySurge|FakeOut,WoodHammer,GrassyGlide,Uturn|||F|||50|,,,,,Fire]Amoonguss||MentalHerb|Regenerator|RagePowder,ClearSmog,Spore,PollenPuff|||F|||50|,,,,,Water\n|showteam|p2|Miraidon||ChoiceSpecs|HadronEngine|ElectroDrift,VoltSwitch,DazzlingGleam,DracoMeteor||||||50|,,,,,Fairy]Koraidon||LifeOrb|OrichalcumPulse|CloseCombat,FlareBlitz,FlameCharge,Protect||||||50|,,,,,Fire]Raging Bolt||AssaultVest|Protosynthesis|RisingVoltage,Thunderclap,DracoMeteor,Electroweb||||||50|,,,,,Electric]Incineroar||RockyHelmet|Intimidate|FakeOut,FlareBlitz,Uturn,KnockOff|||M|||50|,,,,,Ghost]Flutter Mane||FocusSash|Protosynthesis|Moonblast,IcyWind,ShadowBall,Protect||||||50|,,,,,Stellar]Ogerpon-Cornerstone||CornerstoneMask|Sturdy|IvyCudgel,PowerWhip,FollowMe,SpikyShield|||F|||50|,,,,,Rock\n|inactive|Battle timer is ON: inactive players will automatically lose when time's up. (requested by PokemonmasterN2009)\n|inactive|Speedtiee has 60 seconds left.\n|inactive|Speedtiee has 30 seconds left.\n|inactive|Speedtiee has 20 seconds left.\n|inactive|Speedtiee has 15 seconds left.\n|inactive|Speedtiee has 10 seconds left.\n|inactive|Speedtiee has 5 seconds left.\n|\n|t:|1745998225\n|start\n|switch|p1a: Smeargle|Smeargle, L50, M, shiny|100/100\n|switch|p1b: Calyrex|Calyrex-Ice, L50|100/100\n|switch|p2a: Ogerpon|Ogerpon-Cornerstone, L50, F|100/100\n|switch|p2b: Miraidon|Miraidon, L50|100/100\n|-ability|p1b: Calyrex|As One\n|-ability|p1b: Calyrex|Unnerve\n|-fieldstart|move: Electric Terrain|[from] ability: Hadron Engine|[of] p2b: Miraidon\n|turn|1\n|inactive|Speedtiee has 30 seconds left.\n|inactive|Speedtiee has 20 seconds left.\n|inactive|Speedtiee has 15 seconds left.\n|\n|t:|1745998265\n|move|p1a: Smeargle|Follow Me|p1a: Smeargle\n|-singleturn|p1a: Smeargle|move: Follow Me\n|move|p2b: Miraidon|Volt Switch|p1a: Smeargle\n|-crit|p1a: Smeargle\n|-enditem|p1a: Smeargle|Focus Sash\n|-damage|p1a: Smeargle|1/100\n|\n|t:|1745998272\n|switch|p2b: Incineroar|Incineroar, L50, M, shiny|100/100|[from] Volt Switch\n|-ability|p2b: Incineroar|Intimidate|boost\n|-fail|p1a: Smeargle|unboost|Attack|[from] ability: Own Tempo|[of] p1a: Smeargle\n|-fail|p1b: Calyrex|unboost|[from] item: Clear Amulet|[of] p1b: Calyrex\n|move|p2a: Ogerpon|Ivy Cudgel|p1a: Smeargle|[anim] Ivy Cudgel Rock\n|-damage|p1a: Smeargle|0 fnt\n|faint|p1a: Smeargle\n|move|p1b: Calyrex|Trick Room|p1b: Calyrex\n|-fieldstart|move: Trick Room|[of] p1b: Calyrex\n|\n|upkeep\n|inactive|PokemonmasterN2009 has 30 seconds left.\n|\n|t:|1745998303\n|switch|p1a: Kyogre|Kyogre, L50|100/100\n|-weather|RainDance|[from] ability: Drizzle|[of] p1a: Kyogre\n|turn|2\n|inactive|Speedtiee has 30 seconds left.\n|inactive|Speedtiee has 20 seconds left.\n|inactive|Speedtiee has 15 seconds left.\n|inactive|Speedtiee has 10 seconds left.\n|inactive|Speedtiee has 5 seconds left.\n|\n|t:|1745998355\n|switch|p2a: Koraidon|Koraidon, L50|100/100\n|-weather|SunnyDay|[from] ability: Orichalcum Pulse|[of] p2a: Koraidon\n|-activate|p2a: Koraidon|Orichalcum Pulse|[source]\n|-terastallize|p1a: Kyogre|Grass\n|move|p2b: Incineroar|Fake Out|p1b: Calyrex\n|-damage|p1b: Calyrex|94/100\n|move|p1a: Kyogre|Water Spout|p2a: Koraidon|[spread] p2a,p2b\n|-resisted|p2a: Koraidon\n|-supereffective|p2b: Incineroar\n|-damage|p2a: Koraidon|82/100\n|-damage|p2b: Incineroar|37/100\n|cant|p1b: Calyrex|flinch\n|\n|-weather|SunnyDay|[upkeep]\n|upkeep\n|turn|3\n|\n|t:|1745998381\n|switch|p2b: Ogerpon|Ogerpon-Cornerstone, L50, F|100/100\n|move|p2a: Koraidon|Protect|p2a: Koraidon\n|-singleturn|p2a: Koraidon|Protect\n|move|p1a: Kyogre|Water Spout|p2b: Ogerpon|[spread] p2b\n|-activate|p2a: Koraidon|move: Protect\n|-damage|p2b: Ogerpon|59/100\n|move|p1b: Calyrex|High Horsepower|p2a: Koraidon\n|-activate|p2a: Koraidon|move: Protect\n|\n|-weather|SunnyDay|[upkeep]\n|upkeep\n|turn|4\n|inactive|Speedtiee has 30 seconds left.\n|\n|t:|1745998410\n|switch|p2a: Incineroar|Incineroar, L50, M, shiny|37/100\n|-ability|p2a: Incineroar|Intimidate|boost\n|-unboost|p1a: Kyogre|atk|1\n|-fail|p1b: Calyrex|unboost|[from] item: Clear Amulet|[of] p1b: Calyrex\n|move|p2b: Ogerpon|Spiky Shield|p2b: Ogerpon\n|-singleturn|p2b: Ogerpon|move: Protect\n|move|p1a: Kyogre|Water Spout|p2b: Ogerpon|[spread] p2a\n|-activate|p2b: Ogerpon|move: Protect\n|-supereffective|p2a: Incineroar\n|-damage|p2a: Incineroar|0 fnt\n|faint|p2a: Incineroar\n|move|p1b: Calyrex|Glacial Lance|p2b: Ogerpon\n|-activate|p2b: Ogerpon|move: Protect\n|\n|-weather|SunnyDay|[upkeep]\n|upkeep\n|\n|t:|1745998423\n|switch|p2a: Koraidon|Koraidon, L50|82/100\n|-activate|p2a: Koraidon|ability: Orichalcum Pulse\n|turn|5\n|\n|t:|1745998442\n|-terastallize|p2a: Koraidon|Fire\n|move|p2b: Ogerpon|Follow Me|p2b: Ogerpon\n|-singleturn|p2b: Ogerpon|move: Follow Me\n|move|p1a: Kyogre|Water Spout|p2a: Koraidon|[spread] p2a,p2b\n|-supereffective|p2a: Koraidon\n|-damage|p2a: Koraidon|13/100\n|-damage|p2b: Ogerpon|19/100\n|move|p1b: Calyrex|Glacial Lance|p2a: Koraidon|[spread] p2a,p2b\n|-resisted|p2a: Koraidon\n|-supereffective|p2b: Ogerpon\n|-damage|p2a: Koraidon|0 fnt\n|-damage|p2b: Ogerpon|0 fnt\n|faint|p2a: Koraidon\n|faint|p2b: Ogerpon\n|-ability|p1b: Calyrex|Chilling Neigh|boost\n|-boost|p1b: Calyrex|atk|2\n|\n|-weather|SunnyDay|[upkeep]\n|-fieldend|move: Trick Room\n|-fieldend|move: Electric Terrain\n|upkeep\n|\n|t:|1745998451\n|switch|p2b: Miraidon|Miraidon, L50|100/100\n|-fieldstart|move: Electric Terrain|[from] ability: Hadron Engine|[of] p2b: Miraidon\n|turn|6\n|\n|t:|1745998458\n|switch|p1a: Rillaboom|Rillaboom, L50, F|100/100\n|-fieldstart|move: Grassy Terrain|[from] ability: Grassy Surge|[of] p1a: Rillaboom\n|move|p2b: Miraidon|Draco Meteor|p1a: Rillaboom\n|-crit|p1a: Rillaboom\n|-damage|p1a: Rillaboom|0 fnt\n|-unboost|p2b: Miraidon|spa|2\n|faint|p1a: Rillaboom\n|move|p1b: Calyrex|Glacial Lance|p2b: Miraidon\n|-supereffective|p2b: Miraidon\n|-damage|p2b: Miraidon|0 fnt\n|faint|p2b: Miraidon\n|\n|win|PokemonmasterN2009\n||Speedtiee is ready for game 2.\n||PokemonmasterN2009 is ready for game 2.\n|uhtml|next|Next: <a href=\"/battle-gen9vgc2025regibo3-2353778720\"><strong>Game 2 of 3</strong></a>\n|l|\u2606PokemonmasterN2009\n|player|p1|\n|l|\u2606Speedtiee\n|player|p2|\n", "uploadtime": 1745998722, "views": 8, "formatid": "gen9vgc2025regibo3", "rating": null, "private": 0, "password": null}