{"id": "gen9vgc2025regibo3-2353708902", "format": "[Gen 9] VGC 2025 Reg I (Bo3)", "players": ["jick mo", "Jerm626"], "log": "|j|\u2606jick mo\n|j|\u2606Jerm626\n|html|<table width=\"100%\"><tr><td align=\"left\">jick mo</td><td align=\"right\">Jerm626</tr><tr><td align=\"left\"><i class=\"fa fa-circle-o\"></i> <i class=\"fa fa-circle-o\"></i> </td><td align=\"right\"><i class=\"fa fa-circle-o\"></i> <i class=\"fa fa-circle-o\"></i> </tr></table>\n|uhtml|bestof|<h2><strong>Game 1</strong> of <a href=\"/game-bestof3-gen9vgc2025regibo3-2353708901\">a best-of-3</a></h2>\n|t:|1745986690\n|gametype|doubles\n|player|p1|jick mo|veteran|1284\n|player|p2|Jerm626|1|1210\n|teamsize|p1|6\n|teamsize|p2|6\n|gen|9\n|tier|[Gen 9] VGC 2025 Reg I (Bo3)\n|rated|\n|rule|Species Clause: Limit one of each Pok\u00e9mon\n|rule|Item Clause: Limit 1 of each item\n|clearpoke\n|poke|p1|Koraidon, L50|\n|poke|p1|Lunala, L50|\n|poke|p1|Flutter Mane, L50|\n|poke|p1|Ogerpon-Cornerstone, L50, F|\n|poke|p1|Raging Bolt, L50|\n|poke|p1|Chi-Yu, L50|\n|poke|p2|Koraidon, L50|\n|poke|p2|Lunala, L50|\n|poke|p2|Indeedee-F, L50, F|\n|poke|p2|Ursaluna, L50, M|\n|poke|p2|Flutter Mane, L50|\n|poke|p2|Ogerpon-Cornerstone, L50, F|\n|teampreview|4\n|showteam|p1|Koraidon||LifeOrb|OrichalcumPulse|FlareBlitz,CollisionCourse,FlameCharge,Protect||||||50|,,,,,Fire]Lunala||PowerHerb|ShadowShield|MoongeistBeam,WideGuard,MeteorBeam,Protect||||||50|,,,,,Fairy]Flutter Mane||FocusSash|Protosynthesis|Moonblast,IcyWind,ShadowBall,Protect||||||50|,,,,,Normal]Ogerpon-Cornerstone||CornerstoneMask|Sturdy|IvyCudgel,Taunt,FollowMe,SpikyShield|||F|||50|,,,,,Rock]Raging Bolt||AssaultVest|Protosynthesis|Thunderbolt,Thunderclap,DracoMeteor,Electroweb||||||50|,,,,,Electric]Chi-Yu||ChoiceScarf|BeadsofRuin|Overheat,HeatWave,DarkPulse,Snarl||||||50|,,,,,Ghost\n|showteam|p2|Koraidon||ClearAmulet|OrichalcumPulse|CloseCombat,FlameCharge,FlareBlitz,Protect||||||50|,,,,,Fire]Lunala||PowerHerb|ShadowShield|ExpandingForce,MeteorBeam,WideGuard,MoongeistBeam||||||50|,,,,,Water]Indeedee-F||RockyHelmet|PsychicSurge|TrickRoom,FollowMe,Psychic,HealPulse|||F|||50|,,,,,Ground]Ursaluna||FlameOrb|Guts|Facade,HeadlongRush,Protect,Earthquake|||M|||50|,,,,,Ghost]Flutter Mane||FocusSash|Protosynthesis|IcyWind,Moonblast,Protect,Taunt||||||50|,,,,,Normal]Ogerpon-Cornerstone||CornerstoneMask|Sturdy|IvyCudgel,SpikyShield,FollowMe,PowerWhip|||F|||50|,,,,,Rock\n|inactive|Battle timer is ON: inactive players will automatically lose when time's up. (requested by jick mo)\n|inactive|jick mo has 60 seconds left.\n|\n|t:|1745986734\n|start\n|switch|p1a: Lunasha|Lunala, L50, shiny|100/100\n|switch|p1b: 007|Chi-Yu, L50|100/100\n|switch|p2a: Koraidon|Koraidon, L50|100/100\n|switch|p2b: Flutter Mane|Flutter Mane, L50|100/100\n|-ability|p1b: 007|Beads of Ruin\n|-weather|SunnyDay|[from] ability: Orichalcum Pulse|[of] p2a: Koraidon\n|-activate|p2b: Flutter Mane|ability: Protosynthesis\n|-start|p2b: Flutter Mane|protosynthesisspe\n|-activate|p2a: Koraidon|Orichalcum Pulse|[source]\n|turn|1\n|inactive|Jerm626 has 30 seconds left.\n|inactive|Jerm626 has 20 seconds left.\n|\n|t:|1745986771\n|-terastallize|p1a: Lunasha|Fairy\n|move|p2b: Flutter Mane|Taunt|p1a: Lunasha\n|-start|p1a: Lunasha|move: Taunt\n|move|p1b: 007|Heat Wave|p2a: Koraidon|[spread] p2a,p2b\n|-resisted|p2a: Koraidon\n|-damage|p2a: Koraidon|59/100\n|-damage|p2b: Flutter Mane|6/100\n|move|p2a: Koraidon|Flame Charge|p1b: 007\n|-resisted|p1b: 007\n|-crit|p1b: 007\n|-damage|p1b: 007|60/100\n|-boost|p2a: Koraidon|spe|1\n|move|p1a: Lunasha|Moongeist Beam|p2b: Flutter Mane\n|-supereffective|p2b: Flutter Mane\n|-damage|p2b: Flutter Mane|0 fnt\n|faint|p2b: Flutter Mane\n|-end|p2b: Flutter Mane|Protosynthesis|[silent]\n|\n|-weather|SunnyDay|[upkeep]\n|upkeep\n|\n|t:|1745986791\n|switch|p2b: Lunala|Lunala, L50|100/100\n|turn|2\n|\n|t:|1745986808\n|-terastallize|p2b: Lunala|Water\n|move|p2a: Koraidon|Close Combat|p1b: 007\n|-supereffective|p1b: 007\n|-damage|p1b: 007|0 fnt\n|-unboost|p2a: Koraidon|def|1\n|-unboost|p2a: Koraidon|spd|1\n|faint|p1b: 007\n|move|p1a: Lunasha|Moongeist Beam|p2b: Lunala\n|-damage|p2b: Lunala|82/100\n|move|p2b: Lunala|Meteor Beam||[still]\n|-prepare|p2b: Lunala|Meteor Beam\n|-boost|p2b: Lunala|spa|1\n|-enditem|p2b: Lunala|Power Herb\n|-anim|p2b: Lunala|Meteor Beam|p1a: Lunasha\n|-damage|p1a: Lunasha|80/100\n|\n|-weather|SunnyDay|[upkeep]\n|upkeep\n|\n|t:|1745986825\n|switch|p1b: Myouki Kurokage|Flutter Mane, L50|100/100\n|-activate|p1b: Myouki Kurokage|ability: Protosynthesis\n|-start|p1b: Myouki Kurokage|protosynthesisspe\n|turn|3\n|inactive|Jerm626 has 30 seconds left.\n|\n|t:|1745986850\n|move|p1b: Myouki Kurokage|Moonblast|p2b: Lunala\n|-damage|p2b: Lunala|49/100\n|-unboost|p2b: Lunala|spa|1\n|move|p2a: Koraidon|Flare Blitz|p1a: Lunasha\n|-damage|p1a: Lunasha|18/100\n|-damage|p2a: Koraidon|31/100|[from] Recoil\n|move|p1a: Lunasha|Meteor Beam||[still]\n|-prepare|p1a: Lunasha|Meteor Beam\n|-boost|p1a: Lunasha|spa|1\n|-enditem|p1a: Lunasha|Power Herb\n|-anim|p1a: Lunasha|Meteor Beam|p2b: Lunala|[miss]\n|-miss|p1a: Lunasha|p2b: Lunala\n|move|p2b: Lunala|Moongeist Beam|p1b: Myouki Kurokage\n|-supereffective|p1b: Myouki Kurokage\n|-enditem|p1b: Myouki Kurokage|Focus Sash\n|-damage|p1b: Myouki Kurokage|1/100\n|\n|-weather|SunnyDay|[upkeep]\n|-end|p1a: Lunasha|move: Taunt\n|upkeep\n|turn|4\n|inactive|jick mo has 30 seconds left.\n|inactive|Jerm626 has 30 seconds left.\n|inactive|Jerm626 has 20 seconds left.\n|\n|t:|1745986886\n|move|p1b: Myouki Kurokage|Protect|p1b: Myouki Kurokage\n|-singleturn|p1b: Myouki Kurokage|Protect\n|move|p2a: Koraidon|Flame Charge|p1a: Lunasha\n|-damage|p1a: Lunasha|0 fnt\n|-boost|p2a: Koraidon|spe|1\n|faint|p1a: Lunasha\n|move|p2b: Lunala|Moongeist Beam|p1b: Myouki Kurokage\n|-activate|p1b: Myouki Kurokage|move: Protect\n|\n|-weather|SunnyDay|[upkeep]\n|upkeep\n|\n|t:|1745986899\n|switch|p1a: My Man|Koraidon, L50|100/100\n|-activate|p1a: My Man|ability: Orichalcum Pulse\n|turn|5\n|\n|t:|1745986917\n|move|p2a: Koraidon|Flame Charge|p1b: Myouki Kurokage\n|-damage|p1b: Myouki Kurokage|0 fnt\n|-boost|p2a: Koraidon|spe|1\n|faint|p1b: Myouki Kurokage\n|-end|p1b: Myouki Kurokage|Protosynthesis|[silent]\n|move|p1a: My Man|Collision Course|p2b: Lunala\n|-damage|p2b: Lunala|0 fnt\n|faint|p2b: Lunala\n|-damage|p1a: My Man|91/100|[from] item: Life Orb\n|\n|-weather|none\n|upkeep\n|\n|t:|1745986930\n|switch|p2b: Ursaluna|Ursaluna, L50, M|100/100\n|turn|6\n|\n|t:|1745986939\n|move|p2a: Koraidon|Protect|p2a: Koraidon\n|-singleturn|p2a: Koraidon|Protect\n|move|p1a: My Man|Protect|p1a: My Man\n|-singleturn|p1a: My Man|Protect\n|move|p2b: Ursaluna|Protect||[still]\n|-fail|p2b: Ursaluna\n|\n|-status|p2b: Ursaluna|brn|[from] item: Flame Orb\n|upkeep\n|turn|7\n|\n|t:|1745986950\n|move|p2a: Koraidon|Close Combat|p1a: My Man\n|-damage|p1a: My Man|27/100\n|-unboost|p2a: Koraidon|def|1\n|-unboost|p2a: Koraidon|spd|1\n|move|p1a: My Man|Collision Course|p2b: Ursaluna\n|-supereffective|p2b: Ursaluna\n|-crit|p2b: Ursaluna\n|-damage|p2b: Ursaluna|0 fnt\n|faint|p2b: Ursaluna\n|-damage|p1a: My Man|17/100|[from] item: Life Orb\n|\n|upkeep\n|turn|8\n|\n|t:|1745986960\n|move|p2a: Koraidon|Close Combat|p1a: My Man\n|-damage|p1a: My Man|0 fnt\n|-unboost|p2a: Koraidon|def|1\n|-unboost|p2a: Koraidon|spd|1\n|faint|p1a: My Man\n|\n|win|Jerm626\n||jick mo is ready for game 2.\n||Jerm626 is ready for game 2.\n|uhtml|next|Next: <a href=\"/battle-gen9vgc2025regibo3-2353710760\"><strong>Game 2 of 3</strong></a>\n|l|\u2606Jerm626\n|player|p2|\n|l|\u2606jick mo\n|player|p1|\n", "uploadtime": 1745987279, "views": 6, "formatid": "gen9vgc2025regibo3", "rating": null, "private": 0, "password": null}