{"id": "gen9vgc2025regibo3-2353478662", "format": "[Gen 9] VGC 2025 Reg I (Bo3)", "players": ["Professor_J93", "steeltrainer"], "log": "|j|\u2606Professor_J93\n|j|\u2606steeltrainer\n|html|<table width=\"100%\"><tr><td align=\"left\">Professor_J93</td><td align=\"right\">steeltrainer</tr><tr><td align=\"left\"><i class=\"fa fa-circle\"></i> <i class=\"fa fa-circle-o\"></i> </td><td align=\"right\"><i class=\"fa fa-circle-o\"></i> <i class=\"fa fa-circle-o\"></i> </tr></table>\n|uhtml|bestof|<h2><strong>Game 2</strong> of <a href=\"/game-bestof3-gen9vgc2025regibo3-2353476430\">a best-of-3</a></h2>\n|t:|1745959702\n|gametype|doubles\n|player|p1|Professor_J93|n|1223\n|player|p2|steeltrainer|steven|1127\n|teamsize|p1|6\n|teamsize|p2|6\n|gen|9\n|tier|[Gen 9] VGC 2025 Reg I (Bo3)\n|rated|\n|rule|Species Clause: Limit one of each Pok\u00e9mon\n|rule|Item Clause: Limit 1 of each item\n|clearpoke\n|poke|p1|Calyrex-Shadow, L50|\n|poke|p1|Zamazenta-*, L50|\n|poke|p1|Chien-Pao, L50|\n|poke|p1|Dragonite, L50, F|\n|poke|p1|Ogerpon-Hearthflame, L50, F|\n|poke|p1|Urshifu-*, L50, F|\n|poke|p2|Zamazenta-*, L50|\n|poke|p2|Chien-Pao, L50|\n|poke|p2|Dragonite, L50, F|\n|poke|p2|Calyrex-Shadow, L50|\n|poke|p2|Tornadus, L50, M|\n|poke|p2|Ogerpon-Hearthflame, L50, F|\n|teampreview|4\n|showteam|p1|Calyrex-Shadow||CovertCloak|AsOneSpectrier|Protect,AstralBarrage,NastyPlot,Psyshock||||||50|,,,,,Water]Zamazenta-Crowned||RustedShield|DauntlessShield|BodyPress,behemothbash,WideGuard,Protect||||||50|,,,,,Dragon]Chien-Pao||FocusSash|SwordofRuin|IceSpinner,ThroatChop,SacredSword,Protect||||||50|,,,,,Stellar]Dragonite||ClearAmulet|Multiscale|ExtremeSpeed,BreakingSwipe,Tailwind,Protect|||F|||50|,,,,,Normal]Ogerpon-Hearthflame||HearthflameMask|MoldBreaker|IvyCudgel,WoodHammer,FollowMe,SpikyShield|||F|||50|,,,,,Fire]Urshifu-Rapid-Strike||SplashPlate|UnseenFist|SurgingStrikes,CloseCombat,Taunt,Detect|||F|||50|,,,,,Water\n|showteam|p2|Zamazenta-Crowned||RustedShield|DauntlessShield|BodyPress,behemothbash,WideGuard,Protect||||||50|,,,,,Dragon]Chien-Pao||FocusSash|SwordofRuin|IceSpinner,ThroatChop,SuckerPunch,Protect||||||50|,,,,,Ghost]Dragonite||ChoiceBand|InnerFocus|Outrage,ExtremeSpeed,AerialAce,LowKick|||F|||50|,,,,,Normal]Calyrex-Shadow||SpellTag|AsOneSpectrier|AstralBarrage,ShadowBall,PollenPuff,Protect||||||50|,,,,,Dark]Tornadus||CovertCloak|Prankster|BleakwindStorm,RainDance,Tailwind,Taunt|||M|||50|,,,,,Dark]Ogerpon-Hearthflame||HearthflameMask|MoldBreaker|IvyCudgel,HelpingHand,FollowMe,SpikyShield|||F|||50|,,,,,Fire\n|inactive|Battle timer is ON: inactive players will automatically lose when time's up. (requested by Professor_J93)\n|inactive|steeltrainer has 60 seconds left.\n|\n|t:|1745959735\n|start\n|switch|p1a: Dragonite|Dragonite, L50, F|100/100\n|switch|p1b: Zamazenta|Zamazenta-Crowned, L50|100/100\n|switch|p2a: Chien-Pao|Chien-Pao, L50|100/100\n|switch|p2b: Dragonite|Dragonite, L50, F|100/100\n|-ability|p2a: Chien-Pao|Sword of Ruin\n|-ability|p1b: Zamazenta|Dauntless Shield|boost\n|-boost|p1b: Zamazenta|def|1\n|turn|1\n|\n|t:|1745959757\n|move|p1a: Dragonite|Protect|p1a: Dragonite\n|-singleturn|p1a: Dragonite|Protect\n|move|p2a: Chien-Pao|Ice Spinner|p1a: Dragonite\n|-activate|p1a: Dragonite|move: Protect\n|move|p1b: Zamazenta|Behemoth Bash|p2a: Chien-Pao\n|-supereffective|p2a: Chien-Pao\n|-enditem|p2a: Chien-Pao|Focus Sash\n|-damage|p2a: Chien-Pao|1/100\n|move|p2b: Dragonite|Low Kick|p1b: Zamazenta\n|-supereffective|p1b: Zamazenta\n|-damage|p1b: Zamazenta|34/100\n|\n|upkeep\n|turn|2\n|\n|t:|1745959778\n|switch|p2a: Tornadus|Tornadus, L50, M|100/100\n|move|p1a: Dragonite|Extreme Speed|p2a: Tornadus\n|-damage|p2a: Tornadus|71/100\n|move|p1b: Zamazenta|Behemoth Bash|p2b: Dragonite\n|-damage|p2b: Dragonite|56/100\n|move|p2b: Dragonite|Low Kick|p1b: Zamazenta\n|-supereffective|p1b: Zamazenta\n|-damage|p1b: Zamazenta|0 fnt\n|faint|p1b: Zamazenta\n|\n|upkeep\n|\n|t:|1745959792\n|switch|p1b: Calyrex|Calyrex-Shadow, L50|100/100\n|-ability|p1b: Calyrex|As One\n|-ability|p1b: Calyrex|Unnerve\n|turn|3\n|\n|t:|1745959802\n|move|p2a: Tornadus|Tailwind|p2a: Tornadus\n|-sidestart|p2: steeltrainer|move: Tailwind\n|move|p2b: Dragonite|Low Kick|p1a: Dragonite\n|-resisted|p1a: Dragonite\n|-damage|p1a: Dragonite|85/100\n|move|p1b: Calyrex|Astral Barrage|p2b: Dragonite|[spread] p2a,p2b\n|-damage|p2a: Tornadus|19/100\n|-damage|p2b: Dragonite|3/100\n|move|p1a: Dragonite|Tailwind|p1a: Dragonite\n|-sidestart|p1: Professor_J93|move: Tailwind\n|\n|upkeep\n|turn|4\n|\n|t:|1745959821\n|move|p1a: Dragonite|Protect|p1a: Dragonite\n|-singleturn|p1a: Dragonite|Protect\n|move|p2a: Tornadus|Taunt|p1b: Calyrex\n|-start|p1b: Calyrex|move: Taunt\n|move|p1b: Calyrex|Astral Barrage|p2b: Dragonite|[spread] p2a,p2b\n|-damage|p2a: Tornadus|0 fnt\n|-damage|p2b: Dragonite|0 fnt\n|faint|p2a: Tornadus\n|faint|p2b: Dragonite\n|-ability|p1b: Calyrex|Grim Neigh|boost\n|-boost|p1b: Calyrex|spa|2\n|\n|upkeep\n|\n|t:|1745959829\n|switch|p2a: Zamazenta|Zamazenta-Crowned, L50|100/100\n|switch|p2b: Chien-Pao|Chien-Pao, L50|1/100\n|-ability|p2b: Chien-Pao|Sword of Ruin\n|-ability|p2a: Zamazenta|Dauntless Shield|boost\n|-boost|p2a: Zamazenta|def|1\n|turn|5\n|\n|t:|1745959850\n|switch|p1b: Urshifu|Urshifu-Rapid-Strike, L50, F|100/100\n|-terastallize|p2b: Chien-Pao|Ghost\n|move|p2b: Chien-Pao|Sucker Punch||[still]\n|-fail|p2b: Chien-Pao\n|move|p2a: Zamazenta|Behemoth Bash|p1a: Dragonite\n|-damage|p1a: Dragonite|40/100\n|move|p1a: Dragonite|Breaking Swipe|p2a: Zamazenta|[spread] p2a,p2b\n|-resisted|p2a: Zamazenta\n|-damage|p2a: Zamazenta|95/100\n|-damage|p2b: Chien-Pao|0 fnt\n|-unboost|p2a: Zamazenta|atk|1\n|faint|p2b: Chien-Pao\n|\n|upkeep\n|turn|6\n|\n|t:|1745959868\n|-terastallize|p1b: Urshifu|Water\n|move|p2a: Zamazenta|Body Press|p1b: Urshifu\n|-damage|p1b: Urshifu|41/100\n|move|p1b: Urshifu|Surging Strikes|p2a: Zamazenta\n|-crit|p2a: Zamazenta\n|-damage|p2a: Zamazenta|73/100\n|-crit|p2a: Zamazenta\n|-damage|p2a: Zamazenta|53/100\n|-crit|p2a: Zamazenta\n|-damage|p2a: Zamazenta|31/100\n|-hitcount|p2a: Zamazenta|3\n|move|p1a: Dragonite|Breaking Swipe|p2a: Zamazenta\n|-resisted|p2a: Zamazenta\n|-damage|p2a: Zamazenta|25/100\n|-unboost|p2a: Zamazenta|atk|1\n|\n|-sideend|p1: Professor_J93|move: Tailwind\n|-sideend|p2: steeltrainer|move: Tailwind\n|upkeep\n|turn|7\n|\n|t:|1745959876\n|move|p2a: Zamazenta|Body Press|p1b: Urshifu\n|-damage|p1b: Urshifu|0 fnt\n|faint|p1b: Urshifu\n|move|p1a: Dragonite|Breaking Swipe|p2a: Zamazenta\n|-resisted|p2a: Zamazenta\n|-damage|p2a: Zamazenta|19/100\n|-unboost|p2a: Zamazenta|atk|1\n|\n|upkeep\n|\n|t:|1745959880\n|switch|p1b: Calyrex|Calyrex-Shadow, L50|100/100\n|-ability|p1b: Calyrex|As One\n|-ability|p1b: Calyrex|Unnerve\n|turn|8\n|c|\u2606Professor_J93|ggs\n|\n|t:|1745959885\n|move|p1b: Calyrex|Astral Barrage|p2a: Zamazenta\n|-damage|p2a: Zamazenta|0 fnt\n|faint|p2a: Zamazenta\n|\n|win|Professor_J93\n|raw|Professor_J93's rating: 1223 &rarr; <strong>1241</strong><br />(+18 for winning)\n|raw|steeltrainer's rating: 1127 &rarr; <strong>1109</strong><br />(-18 for losing)\n|c|\u2606steeltrainer|ghg\n|l|\u2606steeltrainer\n|player|p2|\n|l|\u2606Professor_J93\n|player|p1|\n", "uploadtime": 1745959890, "views": 24, "formatid": "gen9vgc2025regibo3", "rating": 1109, "private": 0, "password": null}