{"id": "gen9vgc2025regibo3-2354602043", "format": "[Gen 9] VGC 2025 Reg I (Bo3)", "players": ["migolazo04", "scalionz"], "log": "|j|\u2606migolazo04\n|j|\u2606scalionz\n|html|<table width=\"100%\"><tr><td align=\"left\">migolazo04</td><td align=\"right\">scalionz</tr><tr><td align=\"left\"><i class=\"fa fa-circle-o\"></i> <i class=\"fa fa-circle-o\"></i> </td><td align=\"right\"><i class=\"fa fa-circle-o\"></i> <i class=\"fa fa-circle-o\"></i> </tr></table>\n|uhtml|bestof|<h2><strong>Game 1</strong> of <a href=\"/game-bestof3-gen9vgc2025regibo3-2354602042\">a best-of-3</a></h2>\n|t:|1746101358\n|gametype|doubles\n|player|p1|migolazo04|266|1079\n|player|p2|scalionz|caitlin|1033\n|teamsize|p1|6\n|teamsize|p2|6\n|gen|9\n|tier|[Gen 9] VGC 2025 Reg I (Bo3)\n|rated|\n|rule|Species Clause: Limit one of each Pok\u00e9mon\n|rule|Item Clause: Limit 1 of each item\n|clearpoke\n|poke|p1|Zamazenta-*, L50|\n|poke|p1|Calyrex-Shadow, L50|\n|poke|p1|Incineroar, L50, M|\n|poke|p1|Rillaboom, L50, M|\n|poke|p1|Urshifu-*, L50, M|\n|poke|p1|Tornadus, L50, M|\n|poke|p2|Miraidon, L50|\n|poke|p2|Lunala, L50|\n|poke|p2|Raichu-Alola, L50, M|\n|poke|p2|Incineroar, L50, F|\n|poke|p2|Archaludon, L50, M|\n|poke|p2|Iron Leaves, L50|\n|teampreview|4\n|showteam|p1|Zamazenta-Crowned||RustedShield|DauntlessShield|BodyPress,HeavySlam,WideGuard,Protect||||||50|,,,,,Dragon]Calyrex-Shadow||LifeOrb|AsOneSpectrier|AstralBarrage,Psychic,NastyPlot,Protect||||||50|,,,,,Dark]Incineroar||RockyHelmet|Intimidate|FakeOut,KnockOff,HelpingHand,PartingShot|||M|||50|,,,,,Bug]Rillaboom||AssaultVest|GrassySurge|FakeOut,WoodHammer,GrassyGlide,Uturn|||M|||50|,,,,,Water]Urshifu-Rapid-Strike||ChoiceScarf|UnseenFist|SurgingStrikes,CloseCombat,AquaJet,Uturn|||M|||50|,,,,,Water]Tornadus||CovertCloak|Prankster|BleakwindStorm,Taunt,RainDance,Tailwind|||M|||50|,,,,,Dark\n|showteam|p2|Miraidon||ChoiceSpecs|HadronEngine|DazzlingGleam,DracoMeteor,VoltSwitch,ElectroDrift||||||50|,,,,,Fairy]Lunala||SitrusBerry|ShadowShield|Tailwind,WideGuard,MoongeistBeam,HeatWave||||||50|,,,,,Dark]Raichu-Alola||FocusSash|SurgeSurfer|FakeOut,Psychic,Electroweb,Protect|||M|||50|,,,,,Grass]Incineroar||SafetyGoggles|Intimidate|FakeOut,PartingShot,KnockOff,FlareBlitz|||F|||50|,,,,,Ghost]Archaludon||AssaultVest|Stamina|BodyPress,ElectroShot,DracoMeteor,HeavySlam|||M|||50|,,,,,Grass]Iron Leaves||LifeOrb|QuarkDrive|Psyblade,LeafBlade,SacredSword,Protect||||||50|,,,,,Grass\n|inactive|Battle timer is ON: inactive players will automatically lose when time's up. (requested by migolazo04)\n|inactive|migolazo04 has 60 seconds left.\n|\n|t:|1746101435\n|start\n|switch|p1a: Zamazenta|Zamazenta-Crowned, L50|100/100\n|switch|p1b: Incineroar|Incineroar, L50, M|100/100\n|switch|p2a: Miraidon|Miraidon, L50|100/100\n|switch|p2b: Raichu|Raichu-Alola, L50, M, shiny|100/100\n|-fieldstart|move: Electric Terrain|[from] ability: Hadron Engine|[of] p2a: Miraidon\n|-ability|p1a: Zamazenta|Dauntless Shield|boost\n|-boost|p1a: Zamazenta|def|1\n|-ability|p1b: Incineroar|Intimidate|boost\n|-unboost|p2a: Miraidon|atk|1\n|-unboost|p2b: Raichu|atk|1\n|turn|1\n|inactive|migolazo04 has 30 seconds left.\n|\n|t:|1746101470\n|move|p2b: Raichu|Fake Out|p1b: Incineroar\n|-damage|p1b: Incineroar|97/100\n|-damage|p2b: Raichu|84/100|[from] item: Rocky Helmet|[of] p1b: Incineroar\n|cant|p1b: Incineroar|flinch\n|move|p2a: Miraidon|Electro Drift|p1b: Incineroar\n|-damage|p1b: Incineroar|0 fnt\n|-damage|p2a: Miraidon|84/100|[from] item: Rocky Helmet|[of] p1b: Incineroar\n|faint|p1b: Incineroar\n|move|p1a: Zamazenta|Body Press|p2a: Miraidon\n|-damage|p2a: Miraidon|10/100\n|\n|upkeep\n|\n|t:|1746101482\n|switch|p1b: Rillaboom|Rillaboom, L50, M|100/100\n|-fieldstart|move: Grassy Terrain|[from] ability: Grassy Surge|[of] p1b: Rillaboom\n|turn|2\n|\n|t:|1746101505\n|switch|p2a: Lunala|Lunala, L50, shiny|100/100\n|move|p1a: Zamazenta|Body Press|p2a: Lunala\n|-immune|p2a: Lunala\n|move|p2b: Raichu|Electroweb|p1a: Zamazenta|[spread] p1a,p1b\n|-resisted|p1b: Rillaboom\n|-damage|p1a: Zamazenta|87/100\n|-damage|p1b: Rillaboom|95/100\n|-unboost|p1a: Zamazenta|spe|1\n|-unboost|p1b: Rillaboom|spe|1\n|move|p1b: Rillaboom|Wood Hammer|p2a: Lunala\n|-damage|p2a: Lunala|73/100\n|-damage|p1b: Rillaboom|84/100|[from] Recoil\n|\n|-heal|p2b: Raichu|91/100|[from] Grassy Terrain\n|-heal|p2a: Lunala|79/100|[from] Grassy Terrain\n|-heal|p1a: Zamazenta|93/100|[from] Grassy Terrain\n|-heal|p1b: Rillaboom|90/100|[from] Grassy Terrain\n|upkeep\n|turn|3\n|inactive|migolazo04 has 30 seconds left.\n|inactive|migolazo04 has 20 seconds left.\n|inactive|migolazo04 has 15 seconds left.\n|\n|t:|1746101550\n|move|p2b: Raichu|Electroweb|p1a: Zamazenta|[spread] p1a,p1b\n|-resisted|p1b: Rillaboom\n|-damage|p1a: Zamazenta|80/100\n|-damage|p1b: Rillaboom|84/100\n|-unboost|p1a: Zamazenta|spe|1\n|-unboost|p1b: Rillaboom|spe|1\n|move|p2a: Lunala|Heat Wave|p1b: Rillaboom|[spread] p1b\n|-miss|p2a: Lunala|p1a: Zamazenta\n|-supereffective|p1b: Rillaboom\n|-damage|p1b: Rillaboom|53/100\n|move|p1a: Zamazenta|Body Press|p2b: Raichu\n|-resisted|p2b: Raichu\n|-damage|p2b: Raichu|25/100\n|move|p1b: Rillaboom|U-turn|p2b: Raichu\n|-supereffective|p2b: Raichu\n|-damage|p2b: Raichu|0 fnt\n|faint|p2b: Raichu\n|\n|t:|1746101564\n|switch|p1b: Calyrex|Calyrex-Shadow, L50|100/100|[from] U-turn\n|-ability|p1b: Calyrex|As One\n|-ability|p1b: Calyrex|Unnerve\n|\n|-heal|p2a: Lunala|85/100|[from] Grassy Terrain\n|-heal|p1a: Zamazenta|87/100|[from] Grassy Terrain\n|upkeep\n|\n|t:|1746101570\n|switch|p2b: Miraidon|Miraidon, L50|10/100\n|-fieldstart|move: Electric Terrain|[from] ability: Hadron Engine|[of] p2b: Miraidon\n|turn|4\n|inactive|migolazo04 has 30 seconds left.\n|\n|t:|1746101596\n|move|p1b: Calyrex|Protect|p1b: Calyrex\n|-singleturn|p1b: Calyrex|Protect\n|move|p2a: Lunala|Wide Guard|p2a: Lunala\n|-singleturn|p2a: Lunala|Wide Guard\n|move|p2b: Miraidon|Electro Drift|p1a: Zamazenta\n|-damage|p1a: Zamazenta|0 fnt\n|faint|p1a: Zamazenta\n|\n|upkeep\n|\n|t:|1746101605\n|switch|p1a: Rillaboom|Rillaboom, L50, M|53/100\n|-fieldstart|move: Grassy Terrain|[from] ability: Grassy Surge|[of] p1a: Rillaboom\n|turn|5\n|inactive|scalionz has 30 seconds left.\n|\n|t:|1746101639\n|switch|p2b: Archaludon|Archaludon, L50, M, shiny|100/100\n|-terastallize|p1b: Calyrex|Dark\n|-terastallize|p2a: Lunala|Dark\n|move|p1a: Rillaboom|Grassy Glide|p2b: Archaludon\n|-resisted|p2b: Archaludon\n|-damage|p2b: Archaludon|94/100\n|-ability|p2b: Archaludon|Stamina|boost\n|-boost|p2b: Archaludon|def|1\n|move|p1b: Calyrex|Nasty Plot|p1b: Calyrex\n|-boost|p1b: Calyrex|spa|2\n|move|p2a: Lunala|Tailwind|p2a: Lunala\n|-sidestart|p2: scalionz|move: Tailwind\n|\n|-heal|p2a: Lunala|91/100|[from] Grassy Terrain\n|-heal|p2b: Archaludon|100/100|[from] Grassy Terrain\n|-heal|p1a: Rillaboom|59/100|[from] Grassy Terrain\n|upkeep\n|turn|6\n|inactive|migolazo04 has 30 seconds left.\n|inactive|migolazo04 has 20 seconds left.\n|inactive|migolazo04 has 15 seconds left.\n|inactive|migolazo04 has 10 seconds left.\n|\n|t:|1746101686\n|move|p1b: Calyrex|Protect|p1b: Calyrex\n|-singleturn|p1b: Calyrex|Protect\n|move|p2a: Lunala|Heat Wave|p1b: Calyrex|[spread] p1a\n|-activate|p1b: Calyrex|move: Protect\n|-supereffective|p1a: Rillaboom\n|-damage|p1a: Rillaboom|31/100\n|move|p2b: Archaludon|Body Press|p1b: Calyrex\n|-activate|p1b: Calyrex|move: Protect\n|move|p1a: Rillaboom|Wood Hammer|p2a: Lunala\n|-crit|p2a: Lunala\n|-damage|p2a: Lunala|7/100\n|-damage|p1a: Rillaboom|0 fnt|[from] Recoil\n|faint|p1a: Rillaboom\n|\n|-heal|p2a: Lunala|14/100|[from] Grassy Terrain\n|upkeep\n|turn|7\n|-message|migolazo04 forfeited.\n|\n|win|scalionz\n||migolazo04 is ready for game 2.\n||scalionz is ready for game 2.\n|uhtml|next|Next: <a href=\"/battle-gen9vgc2025regibo3-2354604558\"><strong>Game 2 of 3</strong></a>\n", "uploadtime": 1746102046, "views": 13, "formatid": "gen9vgc2025regibo3", "rating": null, "private": 0, "password": null}