{"id": "gen9vgc2025regibo3-2353734948", "format": "[Gen 9] VGC 2025 Reg I (Bo3)", "players": ["Jakobtc", "Snickers23"], "log": "|j|\u2606Jakobtc\n|j|\u2606Snickers23\n|html|<table width=\"100%\"><tr><td align=\"left\">Jakobtc</td><td align=\"right\">Snickers23</tr><tr><td align=\"left\"><i class=\"fa fa-circle-o\"></i> <i class=\"fa fa-circle-o\"></i> </td><td align=\"right\"><i class=\"fa fa-circle-o\"></i> <i class=\"fa fa-circle\"></i> </tr></table>\n|uhtml|bestof|<h2><strong>Game 2</strong> of <a href=\"/game-bestof3-gen9vgc2025regibo3-2353733522\">a best-of-3</a></h2>\n|t:|1745990867\n|gametype|doubles\n|player|p1|Jakobtc|riley|1373\n|player|p2|Snickers23|rosa|1312\n|teamsize|p1|6\n|teamsize|p2|6\n|gen|9\n|tier|[Gen 9] VGC 2025 Reg I (Bo3)\n|rated|\n|rule|Species Clause: Limit one of each Pok\u00e9mon\n|rule|Item Clause: Limit 1 of each item\n|clearpoke\n|poke|p1|Calyrex-Shadow, L50|\n|poke|p1|Zacian-*, L50|\n|poke|p1|Incineroar, L50, M|\n|poke|p1|Rillaboom, L50, F|\n|poke|p1|Urshifu-*, L50, M|\n|poke|p1|Tornadus, L50, M|\n|poke|p2|Calyrex-Shadow, L50|\n|poke|p2|Zamazenta-*, L50|\n|poke|p2|Incineroar, L50, M|\n|poke|p2|Rillaboom, L50, M|\n|poke|p2|Clefairy, L50, M|\n|poke|p2|Urshifu-*, L50, F|\n|teampreview|4\n|showteam|p1|Calyrex-Shadow||FocusSash|AsOneSpectrier|AstralBarrage,Psychic,Taunt,Protect||||||50|,,,,,Stellar]Zacian-Crowned||RustedSword|IntrepidSword|behemothblade,PlayRough,SacredSword,Protect||||||50|,,,,,Water]Incineroar||SafetyGoggles|Intimidate|FakeOut,KnockOff,HelpingHand,PartingShot|||M|||50|,,,,,Dragon]Rillaboom||AssaultVest|GrassySurge|FakeOut,GrassyGlide,WoodHammer,Uturn|||F|||50|,,,,,Fire]Urshifu-Rapid-Strike||ChoiceScarf|UnseenFist|SurgingStrikes,CloseCombat,AquaJet,Uturn|||M|||50|,,,,,Grass]Tornadus||CovertCloak|Prankster|BleakwindStorm,Tailwind,RainDance,Protect|||M|||50|,,,,,Dark\n|showteam|p2|Calyrex-Shadow||SpellTag|AsOneSpectrier|AstralBarrage,Psychic,NastyPlot,Protect||||||50|,,,,,Dark]Zamazenta-Crowned||RustedShield|DauntlessShield|BodyPress,HeavySlam,WideGuard,Protect||||||50|,,,,,Water]Incineroar||SafetyGoggles|Intimidate|FlareBlitz,KnockOff,PartingShot,FakeOut|||M|||50|,,,,,Ghost]Rillaboom||AssaultVest|GrassySurge|WoodHammer,GrassyGlide,Uturn,FakeOut|||M|||50|,,,,,Fire]Clefairy||Eviolite|FriendGuard|FollowMe,IcyWind,HelpingHand,Protect|||M|||50|,,,,,Grass]Urshifu-Rapid-Strike||ChoiceScarf|UnseenFist|SurgingStrikes,CloseCombat,Uturn,RainDance|||F|||50|,,,,,Water\n|inactive|Battle timer is ON: inactive players will automatically lose when time's up. (requested by Snickers23)\n|\n|t:|1745990897\n|start\n|switch|p1a: Urshifu|Urshifu-Rapid-Strike, L50, M|100/100\n|switch|p1b: Tornadus|Tornadus, L50, M|100/100\n|switch|p2a: Zamazenta|Zamazenta-Crowned, L50, shiny|100/100\n|switch|p2b: Incineroar|Incineroar, L50, M, shiny|100/100\n|-ability|p2a: Zamazenta|Dauntless Shield|boost\n|-boost|p2a: Zamazenta|def|1\n|-ability|p2b: Incineroar|Intimidate|boost\n|-unboost|p1a: Urshifu|atk|1\n|-unboost|p1b: Tornadus|atk|1\n|turn|1\n|\n|t:|1745990918\n|move|p2b: Incineroar|Fake Out|p1a: Urshifu\n|-damage|p1a: Urshifu|89/100\n|cant|p1a: Urshifu|flinch\n|move|p2a: Zamazenta|Heavy Slam|p1b: Tornadus\n|-damage|p1b: Tornadus|30/100\n|move|p1b: Tornadus|Bleakwind Storm|p2b: Incineroar|[spread] p2b\n|-miss|p1b: Tornadus|p2a: Zamazenta\n|-damage|p2b: Incineroar|69/100\n|\n|upkeep\n|turn|2\n|\n|t:|1745990940\n|move|p1b: Tornadus|Tailwind|p1b: Tornadus\n|-sidestart|p1: Jakobtc|move: Tailwind\n|move|p1a: Urshifu|Surging Strikes|p2b: Incineroar\n|-supereffective|p2b: Incineroar\n|-crit|p2b: Incineroar\n|-damage|p2b: Incineroar|38/100\n|-supereffective|p2b: Incineroar\n|-crit|p2b: Incineroar\n|-damage|p2b: Incineroar|5/100\n|-supereffective|p2b: Incineroar\n|-crit|p2b: Incineroar\n|-damage|p2b: Incineroar|0 fnt\n|faint|p2b: Incineroar\n|-hitcount|p2: Incineroar|3\n|move|p2a: Zamazenta|Body Press|p1a: Urshifu\n|-damage|p1a: Urshifu|15/100\n|\n|upkeep\n|\n|t:|1745990949\n|switch|p2b: Clefairy|Clefairy, L50, M, shiny|100/100\n|turn|3\n|\n|t:|1745990968\n|switch|p1a: Calyrex|Calyrex-Shadow, L50|100/100\n|-ability|p1a: Calyrex|As One\n|-ability|p1a: Calyrex|Unnerve\n|move|p2b: Clefairy|Protect|p2b: Clefairy\n|-singleturn|p2b: Clefairy|Protect\n|move|p1b: Tornadus|Rain Dance|p1b: Tornadus\n|-weather|RainDance\n|move|p2a: Zamazenta|Heavy Slam|p1b: Tornadus\n|-damage|p1b: Tornadus|0 fnt\n|faint|p1b: Tornadus\n|\n|-weather|RainDance|[upkeep]\n|upkeep\n|\n|t:|1745990983\n|switch|p1b: Zacian|Zacian-Crowned, L50|100/100\n|-ability|p1b: Zacian|Intrepid Sword|boost\n|-boost|p1b: Zacian|atk|1\n|turn|4\n|\n|t:|1745991006\n|-terastallize|p1a: Calyrex|Stellar\n|move|p1a: Calyrex|Astral Barrage|p2b: Clefairy|[spread] p2a,p2b\n|-damage|p2a: Zamazenta|56/100\n|-damage|p2b: Clefairy|29/100\n|move|p1b: Zacian|Behemoth Blade|p2b: Clefairy\n|-supereffective|p2b: Clefairy\n|-damage|p2b: Clefairy|0 fnt\n|faint|p2b: Clefairy\n|move|p2a: Zamazenta|Body Press|p1b: Zacian\n|-damage|p1b: Zacian|44/100\n|\n|-weather|RainDance|[upkeep]\n|upkeep\n|\n|t:|1745991022\n|switch|p2b: Calyrex|Calyrex-Shadow, L50|100/100\n|-ability|p2b: Calyrex|As One\n|-ability|p2b: Calyrex|Unnerve\n|turn|5\n|\n|t:|1745991029\n|move|p2b: Calyrex|Protect|p2b: Calyrex\n|-singleturn|p2b: Calyrex|Protect\n|move|p2a: Zamazenta|Protect|p2a: Zamazenta\n|-singleturn|p2a: Zamazenta|Protect\n|move|p1a: Calyrex|Psychic|p2a: Zamazenta\n|-activate|p2a: Zamazenta|move: Protect\n|move|p1b: Zacian|Behemoth Blade|p2b: Calyrex\n|-activate|p2b: Calyrex|move: Protect\n|\n|-weather|RainDance|[upkeep]\n|-sideend|p1: Jakobtc|move: Tailwind\n|upkeep\n|turn|6\n|\n|t:|1745991046\n|move|p2a: Zamazenta|Wide Guard|p2a: Zamazenta\n|-singleturn|p2a: Zamazenta|Wide Guard\n|move|p2b: Calyrex|Astral Barrage|p1a: Calyrex|[spread] p1a,p1b\n|-supereffective|p1a: Calyrex\n|-enditem|p1a: Calyrex|Focus Sash\n|-damage|p1a: Calyrex|1/100\n|-damage|p1b: Zacian|0 fnt\n|faint|p1b: Zacian\n|-ability|p2b: Calyrex|Grim Neigh|boost\n|-boost|p2b: Calyrex|spa|1\n|move|p1a: Calyrex|Psychic|p2a: Zamazenta\n|-damage|p2a: Zamazenta|0 fnt\n|faint|p2a: Zamazenta\n|-ability|p1a: Calyrex|Grim Neigh|boost\n|-boost|p1a: Calyrex|spa|1\n|\n|-weather|RainDance|[upkeep]\n|upkeep\n|\n|t:|1745991061\n|switch|p1b: Urshifu|Urshifu-Rapid-Strike, L50, M|15/100\n|turn|7\n|\n|t:|1745991071\n|-terastallize|p2b: Calyrex|Dark\n|move|p1b: Urshifu|Surging Strikes|p2b: Calyrex\n|-crit|p2b: Calyrex\n|-damage|p2b: Calyrex|70/100\n|-crit|p2b: Calyrex\n|-damage|p2b: Calyrex|39/100\n|-crit|p2b: Calyrex\n|-damage|p2b: Calyrex|6/100\n|-hitcount|p2b: Calyrex|3\n|move|p2b: Calyrex|Astral Barrage|p1a: Calyrex|[spread] p1a,p1b\n|-supereffective|p1a: Calyrex\n|-damage|p1a: Calyrex|0 fnt\n|-damage|p1b: Urshifu|0 fnt\n|faint|p1a: Calyrex\n|faint|p1b: Urshifu\n|\n|win|Snickers23\n|raw|Jakobtc's rating: 1373 &rarr; <strong>1350</strong><br />(-23 for losing)\n|raw|Snickers23's rating: 1312 &rarr; <strong>1335</strong><br />(+23 for winning)\n", "uploadtime": 1745991085, "views": 22, "formatid": "gen9vgc2025regibo3", "rating": 1335, "private": 0, "password": null}