{"id": "gen9vgc2025regibo3-2354508606", "format": "[Gen 9] VGC 2025 Reg I (Bo3)", "players": ["IamMoiBoi", "M0Rl"], "log": "|j|\u2606IamMoiBoi\n|j|\u2606M0Rl\n|html|<table width=\"100%\"><tr><td align=\"left\">IamMoiBoi</td><td align=\"right\">M0Rl</tr><tr><td align=\"left\"><i class=\"fa fa-circle-o\"></i> <i class=\"fa fa-circle-o\"></i> </td><td align=\"right\"><i class=\"fa fa-circle-o\"></i> <i class=\"fa fa-circle-o\"></i> </tr></table>\n|uhtml|bestof|<h2><strong>Game 1</strong> of <a href=\"/game-bestof3-gen9vgc2025regibo3-2354508605\">a best-of-3</a></h2>\n|t:|1746084284\n|gametype|doubles\n|player|p1|IamMoiBoi|red|\n|player|p2|M0Rl|pokemonrangerf|\n|teamsize|p1|6\n|teamsize|p2|6\n|gen|9\n|tier|[Gen 9] VGC 2025 Reg I (Bo3)\n|rule|Species Clause: Limit one of each Pok\u00e9mon\n|rule|Item Clause: Limit 1 of each item\n|clearpoke\n|poke|p1|Calyrex-Ice, L50|\n|poke|p1|Ninetales-Alola, L50, F|\n|poke|p1|Articuno, L50|\n|poke|p1|Umbreon, L50, F|\n|poke|p1|Incineroar, L50, F|\n|poke|p1|Lunala, L50|\n|poke|p2|Lucario, L50, M|\n|poke|p2|Chi-Yu, L50|\n|poke|p2|Iron Hands, L50|\n|poke|p2|Zoroark-Hisui, L50, F|\n|poke|p2|Milotic, L50, F|\n|poke|p2|Flareon, L50, M|\n|teampreview|4\n|showteam|p1|Calyrex-Ice||ClearAmulet|AsOneGlastrier|TrickRoom,CloseCombat,GlacialLance,Protect||||||50|,,,,,Ice]Ninetales-Alola||LightClay|SnowWarning|AuroraVeil,Blizzard,HelpingHand,IcyWind|||F|||50|,,,,,Ghost]Articuno||SitrusBerry|SnowCloak|Blizzard,Protect,Roost,Tailwind||||||50|,,,,,Grass]Umbreon||Leftovers|Synchronize|HelpingHand,Moonlight,Yawn,DarkPulse|||F|||50|,,,,,Steel]Incineroar||SafetyGoggles|Intimidate|FakeOut,FlareBlitz,KnockOff,PartingShot|||F|||50|,,,,,Grass]Lunala||WeaknessPolicy|ShadowShield|WillOWisp,Blizzard,TrickRoom,MoongeistBeam||||||50|,,,,,Fairy\n|showteam|p2|Lucario||WeaknessPolicy|InnerFocus|AuraSphere,BulletPunch,FocusBlast,Earthquake|||M|||50|,,,,,Fire]Chi-Yu||LifeOrb|BeadsofRuin|DarkPulse,LavaPlume,Overheat,Protect||||||50|,,,,,Fire]Iron Hands||BoosterEnergy|QuarkDrive|FakeOut,ThunderPunch,DrainPunch,IcePunch||||||50|,,,,,Grass]Zoroark-Hisui||SitrusBerry|Illusion|DarkPulse,BitterMalice,Psychic,Protect|||F|||50|,,,,,Fire]Milotic||Leftovers|MarvelScale|Scald,HelpingHand,Recover,Protect|||F|||50|,,,,,Dark]Flareon||ToxicOrb|Guts|SunnyDay,FireFang,FlareBlitz,Facade|||M|||50|,,,,,Water\n|\n|t:|1746084325\n|start\n|switch|p1a: Lunala|Lunala, L50, shiny|100/100\n|switch|p1b: Incineroar|Incineroar, L50, F|100/100\n|switch|p2a: Lucario|Lucario, L50, M|100/100\n|switch|p2b: Chi-Yu|Chi-Yu, L50|100/100\n|-ability|p2b: Chi-Yu|Beads of Ruin\n|-ability|p1b: Incineroar|Intimidate|boost\n|-fail|p2a: Lucario|unboost|Attack|[from] ability: Inner Focus|[of] p2a: Lucario\n|-unboost|p2b: Chi-Yu|atk|1\n|turn|1\n|\n|t:|1746084349\n|move|p1b: Incineroar|Fake Out|p2b: Chi-Yu\n|-damage|p2b: Chi-Yu|84/100\n|cant|p2b: Chi-Yu|flinch\n|move|p2a: Lucario|Focus Blast|p1b: Incineroar\n|-supereffective|p1b: Incineroar\n|-damage|p1b: Incineroar|0 fnt\n|faint|p1b: Incineroar\n|move|p1a: Lunala|Trick Room|p1a: Lunala\n|-fieldstart|move: Trick Room|[of] p1a: Lunala\n|\n|upkeep\n|\n|t:|1746084359\n|switch|p1b: Calyrex|Calyrex-Ice, L50|100/100\n|-ability|p1b: Calyrex|As One\n|-ability|p1b: Calyrex|Unnerve\n|turn|2\n|\n|t:|1746084377\n|switch|p1a: Umbreon|Umbreon, L50, F, shiny|100/100\n|move|p1b: Calyrex|Protect|p1b: Calyrex\n|-singleturn|p1b: Calyrex|Protect\n|move|p2a: Lucario|Bullet Punch|p1b: Calyrex\n|-activate|p1b: Calyrex|move: Protect\n|move|p2b: Chi-Yu|Dark Pulse|p1a: Umbreon\n|-resisted|p1a: Umbreon\n|-damage|p1a: Umbreon|70/100\n|-damage|p2b: Chi-Yu|74/100|[from] item: Life Orb\n|\n|-heal|p1a: Umbreon|76/100|[from] item: Leftovers\n|upkeep\n|turn|3\n|\n|t:|1746084411\n|-terastallize|p1b: Calyrex|Ice\n|move|p1a: Umbreon|Helping Hand|p1b: Calyrex\n|-singleturn|p1b: Calyrex|Helping Hand|[of] p1a: Umbreon\n|move|p1b: Calyrex|Glacial Lance|p2a: Lucario|[spread] p2a,p2b\n|-resisted|p2a: Lucario\n|-resisted|p2b: Chi-Yu\n|-damage|p2a: Lucario|2/100\n|-damage|p2b: Chi-Yu|0 fnt\n|faint|p2b: Chi-Yu\n|-ability|p1b: Calyrex|Chilling Neigh|boost\n|-boost|p1b: Calyrex|atk|1\n|move|p2a: Lucario|Aura Sphere|p1a: Umbreon\n|-supereffective|p1a: Umbreon\n|-damage|p1a: Umbreon|19/100\n|\n|-heal|p1a: Umbreon|25/100|[from] item: Leftovers\n|upkeep\n|\n|t:|1746084426\n|switch|p2b: Milotic|Milotic, L50, F|100/100\n|turn|4\n|\n|t:|1746084460\n|move|p2b: Milotic|Helping Hand|p2a: Lucario\n|-singleturn|p2a: Lucario|Helping Hand|[of] p2b: Milotic\n|move|p1b: Calyrex|Glacial Lance|p2b: Milotic|[spread] p2a,p2b\n|-resisted|p2a: Lucario\n|-resisted|p2b: Milotic\n|-damage|p2a: Lucario|0 fnt\n|-damage|p2b: Milotic|43/100\n|faint|p2a: Lucario\n|-ability|p1b: Calyrex|Chilling Neigh|boost\n|-boost|p1b: Calyrex|atk|1\n|move|p1a: Umbreon|Moonlight|p1a: Umbreon\n|-heal|p1a: Umbreon|75/100\n|\n|-heal|p1a: Umbreon|80/100|[from] item: Leftovers\n|-heal|p2b: Milotic|49/100|[from] item: Leftovers\n|upkeep\n|\n|t:|1746084471\n|switch|p2a: Milotic|Milotic, L50, F|100/100\n|turn|5\n|\n|t:|1746084495\n|move|p2b: Milotic|Protect|p2b: Milotic\n|-singleturn|p2b: Milotic|Protect\n|move|p2a: Milotic|Protect|p2a: Milotic\n|-singleturn|p2a: Milotic|Protect\n|move|p1b: Calyrex|Glacial Lance|p2a: Milotic|[spread] \n|-activate|p2a: Milotic|move: Protect\n|-activate|p2b: Milotic|move: Protect\n|move|p1a: Umbreon|Yawn|p2a: Milotic\n|-activate|p2a: Milotic|move: Protect\n|\n|-heal|p1a: Umbreon|86/100|[from] item: Leftovers\n|-heal|p2b: Milotic|56/100|[from] item: Leftovers\n|-fieldend|move: Trick Room\n|upkeep\n|turn|6\n|\n|t:|1746084537\n|move|p1a: Umbreon|Helping Hand|p1b: Calyrex\n|-singleturn|p1b: Calyrex|Helping Hand|[of] p1a: Umbreon\n|move|p2a: Milotic|Dark Pulse|p1b: Calyrex\n|-damage|p1b: Calyrex|79/100\n|move|p2b: Milotic|Recover|p2b: Milotic\n|-heal|p2b: Milotic|100/100\n|move|p1b: Calyrex|Glacial Lance|p2b: Milotic|[spread] p2a,p2b\n|-resisted|p2b: Milotic\n|-damage|p2a: Milotic|0 fnt\n|-damage|p2b: Milotic|0 fnt\n|replace|p2a: Zoroark|Zoroark-Hisui, L50, F, shiny\n|-end|p2a: Zoroark|Illusion\n|faint|p2a: Zoroark\n|faint|p2b: Milotic\n|\n|win|IamMoiBoi\n|inactive|IamMoiBoi has 29 seconds to confirm battle start!\n|inactive|M0Rl has 29 seconds to confirm battle start!\n||IamMoiBoi is ready for game 2.\n||M0Rl is ready for game 2.\n|uhtml|next|Next: <a href=\"/battle-gen9vgc2025regibo3-2354509874\"><strong>Game 2 of 3</strong></a>\n", "uploadtime": 1746084837, "views": 7, "formatid": "gen9vgc2025regibo3", "rating": null, "private": 0, "password": null}