{"id": "gen9vgc2025regibo3-2354325107", "format": "[Gen 9] VGC 2025 Reg I (Bo3)", "players": ["MightyMudsdale", "PaniniWeenie"], "log": "|j|\u2606MightyMudsdale\n|j|\u2606PaniniWeenie\n|html|<table width=\"100%\"><tr><td align=\"left\">MightyMudsdale</td><td align=\"right\">PaniniWeenie</tr><tr><td align=\"left\"><i class=\"fa fa-circle\"></i> <i class=\"fa fa-circle-o\"></i> </td><td align=\"right\"><i class=\"fa fa-circle-o\"></i> <i class=\"fa fa-circle\"></i> </tr></table>\n|uhtml|bestof|<h2><strong>Game 3</strong> of <a href=\"/game-bestof3-gen9vgc2025regibo3-2354320936\">a best-of-3</a></h2>\n|t:|1746057529\n|gametype|doubles\n|player|p1|MightyMudsdale|nessa-masters|1227\n|player|p2|PaniniWeenie|pokemaniac|1346\n|teamsize|p1|6\n|teamsize|p2|6\n|gen|9\n|tier|[Gen 9] VGC 2025 Reg I (Bo3)\n|rated|\n|rule|Species Clause: Limit one of each Pok\u00e9mon\n|rule|Item Clause: Limit 1 of each item\n|clearpoke\n|poke|p1|Miraidon, L50|\n|poke|p1|Iron Hands, L50|\n|poke|p1|Calyrex-Ice, L50|\n|poke|p1|Ogerpon-Cornerstone, L50, F|\n|poke|p1|Farigiraf, L50, F|\n|poke|p1|Whimsicott, L50, M|\n|poke|p2|Ditto, L50|\n|poke|p2|Grimmsnarl, L50, M|\n|poke|p2|Zamazenta-*, L50|\n|poke|p2|Miraidon, L50|\n|poke|p2|Entei, L50|\n|poke|p2|Iron Leaves, L50|\n|teampreview|4\n|showteam|p1|Miraidon||LifeOrb|HadronEngine|VoltSwitch,ElectroDrift,Protect,DracoMeteor||||||50|,,,,,Electric]Iron Hands||AssaultVest|QuarkDrive|DrainPunch,LowKick,FakeOut,HeavySlam||||||50|,,,,,Bug]Calyrex-Ice||ClearAmulet|AsOneGlastrier|TrickRoom,Protect,GlacialLance,HighHorsepower||||||50|,,,,,Dragon]Ogerpon-Cornerstone||CornerstoneMask|Sturdy|IvyCudgel,SpikyShield,FollowMe,GrassyGlide|||F|||50|,,,,,Rock]Farigiraf||ElectricSeed|ArmorTail|HelpingHand,TrickRoom,PsychicNoise,FoulPlay|||F|||50|,,,,,Fairy]Whimsicott||CovertCloak|Prankster|LightScreen,Tailwind,Moonblast,Taunt|||M|||50|,,,,,Fire\n|showteam|p2|Ditto||FocusSash|Imposter|Transform||||||50|,,,,,Normal]Grimmsnarl||LightClay|Prankster|Reflect,LightScreen,ThunderWave,SpiritBreak|||M|||50|,,,,,Ghost]Zamazenta-Crowned||RustedShield|DauntlessShield|BodyPress,HeavySlam,WideGuard,Protect||||||50|,,,,,Dragon]Miraidon||ChoiceSpecs|HadronEngine|ElectroDrift,DracoMeteor,VoltSwitch,DazzlingGleam||||||50|,,,,,Fairy]Entei||AssaultVest|InnerFocus|SacredFire,ExtremeSpeed,StoneEdge,Crunch||||||50|,,,,,Fairy]Iron Leaves||LifeOrb|QuarkDrive|Psyblade,LeafBlade,QuickGuard,Protect||||||50|,,,,,Stellar\n|\n|t:|1746057543\n|start\n|switch|p1a: Miraidon|Miraidon, L50|100/100\n|switch|p1b: Iron Hands|Iron Hands, L50|100/100\n|switch|p2a: Miraidon|Miraidon, L50|100/100\n|switch|p2b: Iron Leaves|Iron Leaves, L50|100/100\n|-fieldstart|move: Electric Terrain|[from] ability: Hadron Engine|[of] p2a: Miraidon\n|-activate|p2b: Iron Leaves|ability: Quark Drive\n|-start|p2b: Iron Leaves|quarkdrivespe\n|-activate|p1b: Iron Hands|ability: Quark Drive\n|-start|p1b: Iron Hands|quarkdriveatk\n|-activate|p1a: Miraidon|ability: Hadron Engine\n|turn|1\n|inactive|Battle timer is ON: inactive players will automatically lose when time's up. (requested by PaniniWeenie)\n|inactive|MightyMudsdale has 60 seconds left.\n|\n|t:|1746057579\n|-end|p1b: Iron Hands|Quark Drive|[silent]\n|switch|p1b: Farigiraf|Farigiraf, L50, F|100/100\n|-enditem|p1b: Farigiraf|Electric Seed\n|-boost|p1b: Farigiraf|def|1|[from] item: Electric Seed\n|-terastallize|p2b: Iron Leaves|Stellar\n|move|p1a: Miraidon|Protect|p1a: Miraidon\n|-singleturn|p1a: Miraidon|Protect\n|move|p2b: Iron Leaves|Psyblade|p1a: Miraidon\n|-activate|p1a: Miraidon|move: Protect\n|move|p2a: Miraidon|Draco Meteor|p1a: Miraidon\n|-activate|p1a: Miraidon|move: Protect\n|\n|upkeep\n|turn|2\n|inactive|MightyMudsdale has 30 seconds left.\n|\n|t:|1746057614\n|-terastallize|p1a: Miraidon|Electric\n|move|p2b: Iron Leaves|Psyblade|p1a: Miraidon\n|-damage|p1a: Miraidon|0 fnt\n|faint|p1a: Miraidon\n|-damage|p2b: Iron Leaves|91/100|[from] item: Life Orb\n|move|p2a: Miraidon|Draco Meteor|p1b: Farigiraf\n|-damage|p1b: Farigiraf|0 fnt\n|-unboost|p2a: Miraidon|spa|2\n|faint|p1b: Farigiraf\n|\n|upkeep\n|\n|t:|1746057623\n|switch|p1a: Calyrex|Calyrex-Ice, L50|100/100\n|switch|p1b: Iron Hands|Iron Hands, L50|100/100\n|-ability|p1a: Calyrex|As One\n|-ability|p1a: Calyrex|Unnerve\n|-activate|p1b: Iron Hands|ability: Quark Drive\n|-start|p1b: Iron Hands|quarkdriveatk\n|turn|3\n|c|\u2606MightyMudsdale|gg wp\n|\n|t:|1746057647\n|-end|p2b: Iron Leaves|Quark Drive|[silent]\n|switch|p2b: Ditto|Ditto, L50, shiny|100/100\n|-transform|p2b: Ditto|p1a: Calyrex|[from] ability: Imposter\n|-ability|p2b: Ditto|As One\n|-ability|p2b: Ditto|Unnerve\n|switch|p2a: Zamazenta|Zamazenta-Crowned, L50|100/100\n|-ability|p2a: Zamazenta|Dauntless Shield|boost\n|-boost|p2a: Zamazenta|def|1\n|move|p1b: Iron Hands|Low Kick|p2b: Ditto\n|-damage|p2b: Ditto|26/100\n|move|p1a: Calyrex|Trick Room|p1a: Calyrex\n|-fieldstart|move: Trick Room|[of] p1a: Calyrex\n|\n|upkeep\n|turn|4\n|\n|t:|1746057664\n|move|p2a: Zamazenta|Protect|p2a: Zamazenta\n|-singleturn|p2a: Zamazenta|Protect\n|move|p1b: Iron Hands|Low Kick|p2b: Ditto\n|-damage|p2b: Ditto|0 fnt\n|faint|p2b: Ditto\n|move|p1a: Calyrex|High Horsepower|p2a: Zamazenta\n|-activate|p2a: Zamazenta|move: Protect\n|\n|upkeep\n|\n|t:|1746057673\n|switch|p2b: Miraidon|Miraidon, L50|100/100\n|-activate|p2b: Miraidon|ability: Hadron Engine\n|turn|5\n|inactive|PaniniWeenie has 30 seconds left.\n|inactive|PaniniWeenie has 20 seconds left.\n|\n|t:|1746057711\n|move|p2a: Zamazenta|Wide Guard|p2a: Zamazenta\n|-singleturn|p2a: Zamazenta|Wide Guard\n|move|p1b: Iron Hands|Low Kick|p2b: Miraidon\n|-damage|p2b: Miraidon|14/100\n|move|p1a: Calyrex|High Horsepower|p2b: Miraidon\n|-supereffective|p2b: Miraidon\n|-damage|p2b: Miraidon|0 fnt\n|faint|p2b: Miraidon\n|-ability|p1a: Calyrex|Chilling Neigh|boost\n|-boost|p1a: Calyrex|atk|1\n|\n|-fieldend|move: Electric Terrain\n|-end|p1b: Iron Hands|Quark Drive\n|upkeep\n|\n|t:|1746057718\n|switch|p2b: Iron Leaves|Iron Leaves, L50, tera:Stellar|91/100\n|turn|6\n|inactive|MightyMudsdale has 30 seconds left.\n|\n|t:|1746057748\n|move|p2b: Iron Leaves|Protect|p2b: Iron Leaves\n|-singleturn|p2b: Iron Leaves|Protect\n|move|p1b: Iron Hands|Low Kick|p2b: Iron Leaves\n|-activate|p2b: Iron Leaves|move: Protect\n|move|p1a: Calyrex|Glacial Lance|p2a: Zamazenta|[spread] p2a\n|-activate|p2b: Iron Leaves|move: Protect\n|-resisted|p2a: Zamazenta\n|-damage|p2a: Zamazenta|83/100\n|move|p2a: Zamazenta|Body Press|p1a: Calyrex\n|-damage|p1a: Calyrex|52/100\n|\n|upkeep\n|turn|7\n|\n|t:|1746057768\n|move|p2a: Zamazenta|Wide Guard|p2a: Zamazenta\n|-singleturn|p2a: Zamazenta|Wide Guard\n|move|p1b: Iron Hands|Low Kick|p2b: Iron Leaves\n|-resisted|p2b: Iron Leaves\n|-damage|p2b: Iron Leaves|62/100\n|move|p1a: Calyrex|High Horsepower|p2b: Iron Leaves\n|-resisted|p2b: Iron Leaves\n|-damage|p2b: Iron Leaves|30/100\n|move|p2b: Iron Leaves|Psyblade|p1b: Iron Hands\n|-supereffective|p1b: Iron Hands\n|-damage|p1b: Iron Hands|29/100\n|-damage|p2b: Iron Leaves|21/100|[from] item: Life Orb\n|\n|-fieldend|move: Trick Room\n|upkeep\n|turn|8\n|\n|t:|1746057787\n|move|p2a: Zamazenta|Body Press|p1a: Calyrex\n|-damage|p1a: Calyrex|5/100\n|move|p2b: Iron Leaves|Psyblade|p1b: Iron Hands\n|-supereffective|p1b: Iron Hands\n|-damage|p1b: Iron Hands|0 fnt\n|faint|p1b: Iron Hands\n|-end|p1b: Iron Hands|Quark Drive|[silent]\n|-damage|p2b: Iron Leaves|11/100|[from] item: Life Orb\n|move|p1a: Calyrex|Trick Room|p1a: Calyrex\n|-fieldstart|move: Trick Room|[of] p1a: Calyrex\n|\n|upkeep\n|turn|9\n|\n|t:|1746057795\n|move|p2b: Iron Leaves|Protect|p2b: Iron Leaves\n|-singleturn|p2b: Iron Leaves|Protect\n|move|p1a: Calyrex|High Horsepower|p2a: Zamazenta\n|-supereffective|p2a: Zamazenta\n|-damage|p2a: Zamazenta|34/100\n|move|p2a: Zamazenta|Body Press|p1a: Calyrex\n|-damage|p1a: Calyrex|0 fnt\n|faint|p1a: Calyrex\n|\n|win|PaniniWeenie\n|raw|MightyMudsdale's rating: 1227 &rarr; <strong>1210</strong><br />(-17 for losing)\n|raw|PaniniWeenie's rating: 1346 &rarr; <strong>1359</strong><br />(+13 for winning)\n|c|\u2606MightyMudsdale|gg wp\n|c|\u2606PaniniWeenie|gg\n|l|\u2606PaniniWeenie\n|player|p2|\n|l|\u2606MightyMudsdale\n|player|p1|\n", "uploadtime": 1746058195, "views": 6, "formatid": "gen9vgc2025regibo3", "rating": 1210, "private": 0, "password": null}