{"id": "gen9vgc2025regibo3-2354422383", "format": "[Gen 9] VGC 2025 Reg I (Bo3)", "players": ["pwendolyn", "Weterpete"], "log": "|j|\u2606pwendolyn\n|j|\u2606Weterpete\n|html|<table width=\"100%\"><tr><td align=\"left\">pwendolyn</td><td align=\"right\">Weterpete</tr><tr><td align=\"left\"><i class=\"fa fa-circle-o\"></i> <i class=\"fa fa-circle-o\"></i> </td><td align=\"right\"><i class=\"fa fa-circle-o\"></i> <i class=\"fa fa-circle-o\"></i> </tr></table>\n|uhtml|bestof|<h2><strong>Game 1</strong> of <a href=\"/game-bestof3-gen9vgc2025regibo3-2354422382\">a best-of-3</a></h2>\n|t:|1746069521\n|gametype|doubles\n|player|p1|pwendolyn|acetrainersnowf|\n|player|p2|Weterpete|waiter|\n|teamsize|p1|6\n|teamsize|p2|6\n|gen|9\n|tier|[Gen 9] VGC 2025 Reg I (Bo3)\n|rule|Species Clause: Limit one of each Pok\u00e9mon\n|rule|Item Clause: Limit 1 of each item\n|clearpoke\n|poke|p1|Miraidon, L50|\n|poke|p1|Farigiraf, L50, F|\n|poke|p1|Kyogre, L50|\n|poke|p1|Overqwil, L50, M|\n|poke|p1|Tornadus, L50, M|\n|poke|p1|Landorus, L50, M|\n|poke|p2|Lunala, L50|\n|poke|p2|Koraidon, L50|\n|poke|p2|Whimsicott, L50, M|\n|poke|p2|Flutter Mane, L50|\n|poke|p2|Chi-Yu, L50|\n|poke|p2|Rillaboom, L50, M|\n|teampreview|4\n|showteam|p1|Miraidon||ChoiceSpecs|HadronEngine|ElectroDrift,DracoMeteor,VoltSwitch,DazzlingGleam||||||50|,,,,,Fairy]Farigiraf||ElectricSeed|ArmorTail|FoulPlay,Psychic,TrickRoom,Protect|||F|||50|,,,,,Grass]Kyogre||MysticWater|Drizzle|WaterSpout,OriginPulse,Thunder,Protect||||||50|,,,,,Ghost]Overqwil||FocusSash|SwiftSwim|GunkShot,ThroatChop,AcidSpray,Protect|||M|||50|,,,,,Stellar]Tornadus||CovertCloak|Prankster|Tailwind,BleakwindStorm,Taunt,RainDance|||M|||50|,,,,,Dark]Landorus||LifeOrb|SheerForce|SandsearStorm,SludgeBomb,EarthPower,Protect|||M|||50|,,,,,Steel\n|showteam|p2|Lunala||PowerHerb|ShadowShield|MoongeistBeam,MeteorBeam,WideGuard,HeatWave||||||50|,,,,,Water]Koraidon||ClearAmulet|OrichalcumPulse|FlameCharge,CollisionCourse,FlareBlitz,Protect||||||50|,,,,,Fire]Whimsicott||FocusSash|Prankster|Taunt,Tailwind,Moonblast,Encore|||M|||50|,,,,,Ghost]Flutter Mane||BoosterEnergy|Protosynthesis|Thunder,Moonblast,ShadowBall,Protect||||||50|,,,,,Fairy]Chi-Yu||LifeOrb|BeadsofRuin|DarkPulse,HeatWave,Overheat,Protect||||||50|,,,,,Fire]Rillaboom||AssaultVest|GrassySurge|WoodHammer,GrassyGlide,Uturn,FakeOut|||M|||50|,,,,,Grass\n|inactive|Battle timer is ON: inactive players will automatically lose when time's up. (requested by Weterpete)\n|c|\u2606pwendolyn|ew heat wave nala?\n|c|\u2606pwendolyn|glhf btw\n|c|\u2606pwendolyn|it makes sense but i hate it\n|c|\u2606Weterpete|i've been running it for a while\n|inactive|pwendolyn has 60 seconds left.\n|inactive|Weterpete has 60 seconds left.\n|c|\u2606Weterpete|it's pretty good ngl\n|c|\u2606pwendolyn|u can hit my farig after using meteor beam, it's awful\n|inactive|pwendolyn has 30 seconds left.\n|inactive|Weterpete has 30 seconds left.\n|inactive|Weterpete has 20 seconds left.\n|inactive|Weterpete has 15 seconds left.\n|inactive|Weterpete has 10 seconds left.\n|\n|t:|1746069604\n|start\n|switch|p1a: Miraidon|Miraidon, L50|100/100\n|switch|p1b: Farigiraf|Farigiraf, L50, F|100/100\n|switch|p2a: Rillaboom|Rillaboom, L50, M|100/100\n|switch|p2b: Flutter Mane|Flutter Mane, L50|100/100\n|-fieldstart|move: Electric Terrain|[from] ability: Hadron Engine|[of] p1a: Miraidon\n|-enditem|p1b: Farigiraf|Electric Seed\n|-boost|p1b: Farigiraf|def|1|[from] item: Electric Seed\n|-fieldstart|move: Grassy Terrain|[from] ability: Grassy Surge|[of] p2a: Rillaboom\n|-enditem|p2b: Flutter Mane|Booster Energy\n|-activate|p2b: Flutter Mane|ability: Protosynthesis|[fromitem]\n|-start|p2b: Flutter Mane|protosynthesisspe\n|turn|1\n|inactive|pwendolyn has 30 seconds left.\n|inactive|Weterpete has 30 seconds left.\n|inactive|Weterpete has 20 seconds left.\n|inactive|Weterpete has 15 seconds left.\n|\n|t:|1746069647\n|move|p2b: Flutter Mane|Moonblast|p1a: Miraidon\n|-supereffective|p1a: Miraidon\n|-damage|p1a: Miraidon|13/100\n|move|p1a: Miraidon|Volt Switch|p2b: Flutter Mane\n|-damage|p2b: Flutter Mane|39/100\n|\n|t:|1746069654\n|switch|p1a: Overqwil|Overqwil, L50, M|100/100|[from] Volt Switch\n|move|p2a: Rillaboom|U-turn|p1b: Farigiraf\n|-supereffective|p1b: Farigiraf\n|-damage|p1b: Farigiraf|70/100\n|inactive|Weterpete has 30 seconds left.\n|\n|t:|1746069680\n|switch|p2a: Lunala|Lunala, L50|100/100|[from] U-turn\n|move|p1b: Farigiraf|Trick Room|p1b: Farigiraf\n|-fieldstart|move: Trick Room|[of] p1b: Farigiraf\n|\n|-heal|p1b: Farigiraf|76/100|[from] Grassy Terrain\n|-heal|p2b: Flutter Mane|45/100|[from] Grassy Terrain\n|upkeep\n|turn|2\n|\n|t:|1746069692\n|-terastallize|p2a: Lunala|Water\n|move|p2b: Flutter Mane|Protect|p2b: Flutter Mane\n|-singleturn|p2b: Flutter Mane|Protect\n|move|p1b: Farigiraf|Foul Play|p2a: Lunala\n|-damage|p2a: Lunala|93/100\n|move|p2a: Lunala|Meteor Beam||[still]\n|-prepare|p2a: Lunala|Meteor Beam\n|-boost|p2a: Lunala|spa|1\n|-enditem|p2a: Lunala|Power Herb\n|-anim|p2a: Lunala|Meteor Beam|p1a: Overqwil\n|-enditem|p1a: Overqwil|Focus Sash\n|-damage|p1a: Overqwil|1/100\n|move|p1a: Overqwil|Throat Chop|p2a: Lunala\n|-damage|p2a: Lunala|56/100\n|-start|p2a: Lunala|Throat Chop|[silent]\n|\n|-heal|p1b: Farigiraf|82/100|[from] Grassy Terrain\n|-heal|p2a: Lunala|62/100|[from] Grassy Terrain\n|-heal|p1a: Overqwil|7/100|[from] Grassy Terrain\n|-heal|p2b: Flutter Mane|52/100|[from] Grassy Terrain\n|upkeep\n|turn|3\n|inactive|pwendolyn has 30 seconds left.\n|inactive|Weterpete has 30 seconds left.\n|\n|t:|1746069726\n|-end|p2b: Flutter Mane|Protosynthesis|[silent]\n|switch|p2b: Rillaboom|Rillaboom, L50, M|100/100\n|move|p1b: Farigiraf|Psychic|p2a: Lunala\n|-damage|p2a: Lunala|38/100\n|move|p2a: Lunala|Heat Wave|p1b: Farigiraf|[spread] p1a,p1b\n|-damage|p1a: Overqwil|0 fnt\n|-damage|p1b: Farigiraf|49/100\n|faint|p1a: Overqwil\n|\n|-heal|p1b: Farigiraf|55/100|[from] Grassy Terrain\n|-heal|p2a: Lunala|44/100|[from] Grassy Terrain\n|-end|p2a: Lunala|Throat Chop|[silent]\n|upkeep\n|\n|t:|1746069743\n|switch|p1a: Miraidon|Miraidon, L50|13/100\n|-fieldstart|move: Electric Terrain|[from] ability: Hadron Engine|[of] p1a: Miraidon\n|turn|4\n|inactive|Weterpete has 30 seconds left.\n|inactive|Weterpete has 20 seconds left.\n|inactive|Weterpete has 15 seconds left.\n|\n|t:|1746069783\n|move|p1b: Farigiraf|Psychic|p2a: Lunala\n|-crit|p2a: Lunala\n|-damage|p2a: Lunala|7/100\n|move|p2b: Rillaboom|U-turn|p1a: Miraidon\n|-damage|p1a: Miraidon|0 fnt\n|faint|p1a: Miraidon\n|\n|t:|1746069798\n|switch|p2b: Flutter Mane|Flutter Mane, L50|52/100|[from] U-turn\n|move|p2a: Lunala|Heat Wave|p1b: Farigiraf\n|-damage|p1b: Farigiraf|11/100\n|\n|upkeep\n|\n|t:|1746069800\n|switch|p1a: Kyogre|Kyogre, L50|100/100\n|-weather|RainDance|[from] ability: Drizzle|[of] p1a: Kyogre\n|turn|5\n|inactive|Weterpete has 30 seconds left.\n|inactive|Weterpete has 20 seconds left.\n|\n|t:|1746069839\n|move|p2a: Lunala|Wide Guard|p2a: Lunala\n|-singleturn|p2a: Lunala|Wide Guard\n|move|p1b: Farigiraf|Psychic|p2a: Lunala\n|-damage|p2a: Lunala|0 fnt\n|faint|p2a: Lunala\n|move|p1a: Kyogre|Thunder|p2b: Flutter Mane\n|-damage|p2b: Flutter Mane|0 fnt\n|faint|p2b: Flutter Mane\n|-end|p2b: Flutter Mane|Protosynthesis|[silent]\n|\n|-weather|RainDance|[upkeep]\n|-fieldend|move: Trick Room\n|upkeep\n|\n|t:|1746069848\n|switch|p2b: Rillaboom|Rillaboom, L50, M|100/100\n|switch|p2a: Koraidon|Koraidon, L50|100/100\n|-weather|SunnyDay|[from] ability: Orichalcum Pulse|[of] p2a: Koraidon\n|-activate|p2a: Koraidon|Orichalcum Pulse|[source]\n|-fieldstart|move: Grassy Terrain|[from] ability: Grassy Surge|[of] p2b: Rillaboom\n|turn|6\n|inactive|Weterpete has 30 seconds left.\n|inactive|Weterpete has 20 seconds left.\n|\n|t:|1746069884\n|-terastallize|p1a: Kyogre|Ghost\n|move|p2a: Koraidon|Collision Course|p1a: Kyogre\n|-immune|p1a: Kyogre\n|move|p1a: Kyogre|Origin Pulse|p2a: Koraidon|[spread] p2b\n|-miss|p1a: Kyogre|p2a: Koraidon\n|-resisted|p2b: Rillaboom\n|-damage|p2b: Rillaboom|91/100\n|move|p2b: Rillaboom|U-turn|p1b: Farigiraf\n|-supereffective|p1b: Farigiraf\n|-damage|p1b: Farigiraf|0 fnt\n|faint|p1b: Farigiraf\n|\n|-weather|SunnyDay|[upkeep]\n|-heal|p2b: Rillaboom|97/100|[from] Grassy Terrain\n|upkeep\n|turn|7\n|\n|t:|1746069896\n|move|p2a: Koraidon|Flare Blitz|p1a: Kyogre\n|-damage|p1a: Kyogre|21/100\n|-status|p1a: Kyogre|brn\n|-damage|p2a: Koraidon|73/100|[from] Recoil\n|move|p1a: Kyogre|Origin Pulse|p2b: Rillaboom|[spread] p2a,p2b\n|-resisted|p2a: Koraidon\n|-resisted|p2b: Rillaboom\n|-damage|p2a: Koraidon|61/100\n|-damage|p2b: Rillaboom|87/100\n|move|p2b: Rillaboom|Wood Hammer|p1a: Kyogre\n|-damage|p1a: Kyogre|0 fnt\n|faint|p1a: Kyogre\n|-damage|p2b: Rillaboom|81/100|[from] Recoil\n|\n|win|Weterpete\n||pwendolyn is ready for game 2.\n||Weterpete is ready for game 2.\n|uhtml|next|Next: <a href=\"/battle-gen9vgc2025regibo3-2354425196\"><strong>Game 2 of 3</strong></a>\n|j| idkloldude\n|l| idkloldude\n", "uploadtime": 1746069903, "views": 9, "formatid": "gen9vgc2025regibo3", "rating": null, "private": 0, "password": null}