{"id": "gen9vgc2025regibo3-2354145142", "format": "[Gen 9] VGC 2025 Reg I (Bo3)", "players": ["Sala335", "angandi01"], "log": "|j|\u2606Sala335\n|j|\u2606angandi01\n|html|<table width=\"100%\"><tr><td align=\"left\">Sala335</td><td align=\"right\">angandi01</tr><tr><td align=\"left\"><i class=\"fa fa-circle-o\"></i> <i class=\"fa fa-circle-o\"></i> </td><td align=\"right\"><i class=\"fa fa-circle-o\"></i> <i class=\"fa fa-circle-o\"></i> </tr></table>\n|uhtml|bestof|<h2><strong>Game 1</strong> of <a href=\"/game-bestof3-gen9vgc2025regibo3-2354145141\">a best-of-3</a></h2>\n|t:|1746038746\n|gametype|doubles\n|player|p1|Sala335|gambler|\n|player|p2|angandi01|265|\n|teamsize|p1|6\n|teamsize|p2|6\n|gen|9\n|tier|[Gen 9] VGC 2025 Reg I (Bo3)\n|rule|Species Clause: Limit one of each Pok\u00e9mon\n|rule|Item Clause: Limit 1 of each item\n|clearpoke\n|poke|p1|Terapagos, L50, M|\n|poke|p1|Zacian-*, L50|\n|poke|p1|Incineroar, L50, M|\n|poke|p1|Grimmsnarl, L50, M|\n|poke|p1|Cresselia, L50, F|\n|poke|p1|Amoonguss, L50, M|\n|poke|p2|Miraidon, L50|\n|poke|p2|Ho-Oh, L50|\n|poke|p2|Iron Hands, L50|\n|poke|p2|Urshifu-*, L50, F|\n|poke|p2|Ursaluna, L50, M|\n|poke|p2|Farigiraf, L50, M|\n|teampreview|4\n|showteam|p1|Terapagos||Leftovers|TeraShift|TeraStarstorm,CalmMind,Protect,Flamethrower|||M|||50|,,,,,Stellar]Zacian-Crowned||RustedSword|IntrepidSword|Protect,SwordsDance,PlayRough,behemothblade||||||50|,,,,,Fire]Incineroar||SitrusBerry|Intimidate|WillOWisp,KnockOff,PartingShot,FakeOut|||M|||50|,,,,,Ghost]Grimmsnarl||LightClay|Prankster|Reflect,LightScreen,Taunt,SpiritBreak|||M|||50|,,,,,Ghost]Cresselia||SafetyGoggles|Levitate|TrickRoom,LunarBlessing,Moonblast,ThunderWave|||F|||50|,,,,,Fairy]Amoonguss||RockyHelmet|Regenerator|Spore,RagePowder,Protect,PollenPuff|||M|||50|,,,,,Fairy\n|showteam|p2|Miraidon||ChoiceSpecs|HadronEngine|ElectroDrift,DracoMeteor,DazzlingGleam,VoltSwitch||||||50|,,,,,Fairy]Ho-Oh||ClearAmulet|Regenerator|SacredFire,BraveBird,Tailwind,Protect||||||50|,,,,,Grass]Iron Hands||AssaultVest|QuarkDrive|FakeOut,WildCharge,DrainPunch,LowKick||||||50|,,,,,Grass]Urshifu||FocusSash|UnseenFist|WickedBlow,CloseCombat,SuckerPunch,Protect|||F|||50|,,,,,Stellar]Ursaluna||FlameOrb|Guts|Facade,Earthquake,HeadlongRush,Protect|||M|||50|,,,,,Fairy]Farigiraf||ElectricSeed|ArmorTail|HyperVoice,FoulPlay,TrickRoom,HelpingHand|||M|||50|,,,,,Water\n|\n|t:|1746038828\n|start\n|switch|p1a: Grimmsnarl|Grimmsnarl, L50, M|100/100\n|switch|p1b: Incineroar|Incineroar, L50, M, shiny|100/100\n|switch|p2a: Miraidon|Miraidon, L50|100/100\n|switch|p2b: Iron Hands|Iron Hands, L50|100/100\n|-fieldstart|move: Electric Terrain|[from] ability: Hadron Engine|[of] p2a: Miraidon\n|-activate|p2b: Iron Hands|ability: Quark Drive\n|-start|p2b: Iron Hands|quarkdriveatk\n|-ability|p1b: Incineroar|Intimidate|boost\n|-unboost|p2a: Miraidon|atk|1\n|-unboost|p2b: Iron Hands|atk|1\n|turn|1\n|\n|t:|1746038868\n|move|p1b: Incineroar|Fake Out|p2a: Miraidon\n|-damage|p2a: Miraidon|90/100\n|move|p2b: Iron Hands|Fake Out|p1a: Grimmsnarl\n|-damage|p1a: Grimmsnarl|86/100\n|cant|p1a: Grimmsnarl|flinch\n|cant|p2a: Miraidon|flinch\n|\n|upkeep\n|turn|2\n|\n|t:|1746038895\n|move|p1a: Grimmsnarl|Light Screen|p1a: Grimmsnarl\n|-sidestart|p1: Sala335|move: Light Screen\n|move|p2a: Miraidon|Dazzling Gleam|p1a: Grimmsnarl|[spread] p1a,p1b\n|-supereffective|p1a: Grimmsnarl\n|-damage|p1a: Grimmsnarl|35/100\n|-damage|p1b: Incineroar|73/100\n|move|p1b: Incineroar|Parting Shot|p2a: Miraidon\n|-unboost|p2a: Miraidon|atk|1\n|-unboost|p2a: Miraidon|spa|1\n|\n|t:|1746038904\n|switch|p1b: Cresselia|Cresselia, L50, F|100/100|[from] Parting Shot\n|move|p2b: Iron Hands|Wild Charge|p1a: Grimmsnarl\n|-damage|p1a: Grimmsnarl|0 fnt\n|faint|p1a: Grimmsnarl\n|-damage|p2b: Iron Hands|93/100|[from] Recoil\n|\n|upkeep\n|\n|t:|1746038907\n|switch|p1a: Terapagos|Terapagos, L50, M|100/100\n|-activate|p1a: Terapagos|ability: Tera Shift\n|detailschange|p1a: Terapagos|Terapagos-Terastal, L50, M\n|-heal|p1a: Terapagos|100/100|[silent]\n|turn|3\n|\n|t:|1746038949\n|switch|p1b: Incineroar|Incineroar, L50, M, shiny|73/100\n|-ability|p1b: Incineroar|Intimidate|boost\n|-unboost|p2a: Miraidon|atk|1\n|-unboost|p2b: Iron Hands|atk|1\n|-end|p2b: Iron Hands|Quark Drive|[silent]\n|switch|p2b: Urshifu|Urshifu, L50, F|100/100\n|-terastallize|p1a: Terapagos|Stellar\n|detailschange|p1a: Terapagos|Terapagos-Stellar, L50, M, tera:Stellar\n|-heal|p1a: Terapagos|100/100|[silent]\n|-ability|p1a: Terapagos|Teraform Zero\n|-fieldend|move: Electric Terrain\n|move|p2a: Miraidon|Dazzling Gleam|p1b: Incineroar|[spread] p1a,p1b\n|-damage|p1a: Terapagos|92/100\n|-damage|p1b: Incineroar|60/100\n|move|p1a: Terapagos|Calm Mind|p1a: Terapagos\n|-boost|p1a: Terapagos|spa|1\n|-boost|p1a: Terapagos|spd|1\n|\n|-heal|p1a: Terapagos|98/100|[from] item: Leftovers\n|upkeep\n|turn|4\n|\n|t:|1746038984\n|switch|p2a: Iron Hands|Iron Hands, L50|93/100\n|switch|p1b: Cresselia|Cresselia, L50, F|100/100\n|move|p2b: Urshifu|Protect|p2b: Urshifu\n|-singleturn|p2b: Urshifu|Protect\n|move|p1a: Terapagos|Tera Starstorm|p2b: Urshifu|[spread] p2a\n|-activate|p2b: Urshifu|move: Protect\n|-damage|p2a: Iron Hands|62/100\n|\n|-heal|p1a: Terapagos|100/100|[from] item: Leftovers\n|upkeep\n|turn|5\n|\n|t:|1746039006\n|switch|p1a: Incineroar|Incineroar, L50, M, shiny|60/100\n|-ability|p1a: Incineroar|Intimidate|boost\n|-unboost|p2a: Iron Hands|atk|1\n|-unboost|p2b: Urshifu|atk|1\n|-terastallize|p2b: Urshifu|Stellar\n|move|p2a: Iron Hands|Fake Out|p1a: Incineroar\n|-damage|p1a: Incineroar|52/100\n|move|p2b: Urshifu|Close Combat|p1a: Incineroar\n|-supereffective|p1a: Incineroar\n|-damage|p1a: Incineroar|0 fnt\n|-unboost|p2b: Urshifu|def|1\n|-unboost|p2b: Urshifu|spd|1\n|faint|p1a: Incineroar\n|move|p1b: Cresselia|Thunder Wave|p2b: Urshifu\n|-status|p2b: Urshifu|par\n|\n|upkeep\n|\n|t:|1746039016\n|switch|p1a: Terapagos|Terapagos-Stellar, L50, M, tera:Stellar|100/100\n|turn|6\n|\n|t:|1746039076\n|move|p2b: Urshifu|Protect|p2b: Urshifu\n|-singleturn|p2b: Urshifu|Protect\n|move|p1a: Terapagos|Tera Starstorm|p2b: Urshifu|[spread] p2a\n|-activate|p2b: Urshifu|move: Protect\n|-damage|p2a: Iron Hands|42/100\n|move|p1b: Cresselia|Moonblast|p2b: Urshifu\n|-activate|p2b: Urshifu|move: Protect\n|move|p2a: Iron Hands|Drain Punch|p1a: Terapagos\n|-supereffective|p1a: Terapagos\n|-damage|p1a: Terapagos|67/100\n|-heal|p2a: Iron Hands|59/100|[from] drain|[of] p1a: Terapagos\n|\n|-heal|p1a: Terapagos|74/100|[from] item: Leftovers\n|upkeep\n|turn|7\n|\n|t:|1746039096\n|switch|p2b: Ho-Oh|Ho-Oh, L50|100/100\n|move|p1a: Terapagos|Tera Starstorm|p2b: Ho-Oh|[spread] p2a,p2b\n|-damage|p2a: Iron Hands|39/100\n|-damage|p2b: Ho-Oh|78/100\n|move|p1b: Cresselia|Moonblast|p2b: Ho-Oh\n|-resisted|p2b: Ho-Oh\n|-damage|p2b: Ho-Oh|73/100\n|move|p2a: Iron Hands|Drain Punch|p1a: Terapagos\n|-supereffective|p1a: Terapagos\n|-damage|p1a: Terapagos|39/100\n|-heal|p2a: Iron Hands|57/100|[from] drain|[of] p1a: Terapagos\n|\n|-heal|p1a: Terapagos|45/100|[from] item: Leftovers\n|upkeep\n|turn|8\n|\n|t:|1746039115\n|move|p1a: Terapagos|Protect|p1a: Terapagos\n|-singleturn|p1a: Terapagos|Protect\n|move|p2b: Ho-Oh|Sacred Fire|p1a: Terapagos\n|-activate|p1a: Terapagos|move: Protect\n|move|p1b: Cresselia|Thunder Wave|p2b: Ho-Oh\n|-status|p2b: Ho-Oh|par\n|move|p2a: Iron Hands|Drain Punch|p1a: Terapagos\n|-activate|p1a: Terapagos|move: Protect\n|\n|-heal|p1a: Terapagos|51/100|[from] item: Leftovers\n|upkeep\n|turn|9\n|\n|t:|1746039132\n|move|p1a: Terapagos|Calm Mind|p1a: Terapagos\n|-boost|p1a: Terapagos|spa|1\n|-boost|p1a: Terapagos|spd|1\n|move|p1b: Cresselia|Lunar Blessing|p1b: Cresselia|[spread] p1a,p1b\n|-heal|p1a: Terapagos|76/100\n|move|p2a: Iron Hands|Drain Punch|p1a: Terapagos\n|-supereffective|p1a: Terapagos\n|-damage|p1a: Terapagos|39/100\n|-heal|p2a: Iron Hands|78/100|[from] drain|[of] p1a: Terapagos\n|move|p2b: Ho-Oh|Sacred Fire|p1a: Terapagos\n|-damage|p1a: Terapagos|9/100\n|-status|p1a: Terapagos|brn\n|\n|-heal|p1a: Terapagos|15/100 brn|[from] item: Leftovers\n|-damage|p1a: Terapagos|9/100 brn|[from] brn\n|-sideend|p1: Sala335|move: Light Screen\n|upkeep\n|turn|10\n|\n|t:|1746039151\n|move|p1a: Terapagos|Protect|p1a: Terapagos\n|-singleturn|p1a: Terapagos|Protect\n|move|p1b: Cresselia|Lunar Blessing|p1b: Cresselia|[spread] p1a,p1b\n|-heal|p1a: Terapagos|34/100 brn\n|-curestatus|p1a: Terapagos|brn|[msg]\n|move|p2a: Iron Hands|Drain Punch|p1a: Terapagos\n|-activate|p1a: Terapagos|move: Protect\n|move|p2b: Ho-Oh|Tailwind|p2b: Ho-Oh\n|-sidestart|p2: angandi01|move: Tailwind\n|\n|-heal|p1a: Terapagos|40/100|[from] item: Leftovers\n|upkeep\n|turn|11\n|\n|t:|1746039188\n|move|p1a: Terapagos|Protect||[still]\n|-fail|p1a: Terapagos\n|move|p2a: Iron Hands|Drain Punch|p1a: Terapagos\n|-supereffective|p1a: Terapagos\n|-damage|p1a: Terapagos|5/100\n|-heal|p2a: Iron Hands|97/100|[from] drain|[of] p1a: Terapagos\n|move|p2b: Ho-Oh|Sacred Fire|p1a: Terapagos\n|-damage|p1a: Terapagos|0 fnt\n|faint|p1a: Terapagos\n|move|p1b: Cresselia|Trick Room|p1b: Cresselia\n|-fieldstart|move: Trick Room|[of] p1b: Cresselia\n|\n|upkeep\n|turn|12\n|-message|Sala335 forfeited.\n|\n|win|angandi01\n||Sala335 is ready for game 2.\n||angandi01 is ready for game 2.\n|uhtml|next|Next: <a href=\"/battle-gen9vgc2025regibo3-2354150340\"><strong>Game 2 of 3</strong></a>\n", "uploadtime": 1746039898, "views": 8, "formatid": "gen9vgc2025regibo3", "rating": null, "private": 0, "password": null}