{"id": "gen9vgc2025regibo3-2353696965", "format": "[Gen 9] VGC 2025 Reg I (Bo3)", "players": ["Dball_Games", "STL Donductor"], "log": "|j|\u2606Dball_Games\n|j|\u2606STL Donductor\n|html|<table width=\"100%\"><tr><td align=\"left\">Dball_Games</td><td align=\"right\">STL Donductor</tr><tr><td align=\"left\"><i class=\"fa fa-circle-o\"></i> <i class=\"fa fa-circle-o\"></i> </td><td align=\"right\"><i class=\"fa fa-circle-o\"></i> <i class=\"fa fa-circle\"></i> </tr></table>\n|uhtml|bestof|<h2><strong>Game 2</strong> of <a href=\"/game-bestof3-gen9vgc2025regibo3-2353695890\">a best-of-3</a></h2>\n|t:|1745984967\n|gametype|doubles\n|player|p1|Dball_Games|265|1248\n|player|p2|STL Donductor|fisherman|1201\n|teamsize|p1|6\n|teamsize|p2|6\n|gen|9\n|tier|[Gen 9] VGC 2025 Reg I (Bo3)\n|rated|\n|rule|Species Clause: Limit one of each Pok\u00e9mon\n|rule|Item Clause: Limit 1 of each item\n|clearpoke\n|poke|p1|Calyrex-Ice, L50|\n|poke|p1|Ursaluna, L50, M|\n|poke|p1|Miraidon, L50|\n|poke|p1|Farigiraf, L50, M|\n|poke|p1|Whimsicott, L50, F|\n|poke|p1|Incineroar, L50, F|\n|poke|p2|Calyrex-Shadow, L50|\n|poke|p2|Miraidon, L50|\n|poke|p2|Dondozo, L50, F|\n|poke|p2|Tatsugiri-Droopy, L50, M|\n|poke|p2|Sneasler, L50, M|\n|poke|p2|Chi-Yu, L50|\n|teampreview|4\n|showteam|p1|Calyrex-Ice||ClearAmulet|AsOneGlastrier|GlacialLance,TrickRoom,HighHorsepower,Protect||||||50|,,,,,Fire]Ursaluna||FlameOrb|Guts|Facade,HeadlongRush,Protect,BrickBreak|||M|||50|,,,,,Ghost]Miraidon||ChoiceSpecs|HadronEngine|VoltSwitch,DazzlingGleam,ElectroDrift,DracoMeteor||||||50|,,,,,Fairy]Farigiraf||ElectricSeed|ArmorTail|TrickRoom,FoulPlay,HelpingHand,Protect|||M|||50|,,,,,Fairy]Whimsicott||CovertCloak|Prankster|Tailwind,Moonblast,Encore,LightScreen|||F|||50|,,,,,Dark]Incineroar||RockyHelmet|Intimidate|KnockOff,WillOWisp,PartingShot,FakeOut|||F|||50|,,,,,Grass\n|showteam|p2|Calyrex-Shadow||LifeOrb|AsOneSpectrier|AstralBarrage,Psychic,Encore,Protect||||||50|,,,,,Dark]Miraidon||AssaultVest|HadronEngine|ElectroDrift,DracoMeteor,DazzlingGleam,VoltSwitch||||||50|,,,,,Fairy]Dondozo||Leftovers|Unaware|BodyPress,OrderUp,Earthquake,Protect|||F|||50|,,,,,Grass]Tatsugiri-Droopy||FocusSash|Commander|DracoMeteor,MuddyWater,HelpingHand,Protect|||M|||50|,,,,,Stellar]Sneasler||ElectricSeed|Unburden|FakeOut,DireClaw,CloseCombat,ToxicSpikes|||M|||50|,,,,,Dark]Chi-Yu||ChoiceScarf|BeadsofRuin|HeatWave,Overheat,Snarl,ScaryFace||||||50|,,,,,Ghost\n|inactive|Battle timer is ON: inactive players will automatically lose when time's up. (requested by STL Donductor)\n|\n|t:|1745984990\n|start\n|switch|p1a: Whimsicott|Whimsicott, L50, F|100/100\n|switch|p1b: Miraidon|Miraidon, L50|100/100\n|switch|p2a: Miraidon|Miraidon, L50|100/100\n|switch|p2b: Sneasler|Sneasler, L50, M|100/100\n|-fieldstart|move: Electric Terrain|[from] ability: Hadron Engine|[of] p1b: Miraidon\n|-enditem|p2b: Sneasler|Electric Seed\n|-boost|p2b: Sneasler|def|1|[from] item: Electric Seed\n|-activate|p2a: Miraidon|ability: Hadron Engine\n|turn|1\n|j| entei enthusiast\n|l| entei enthusiast\n|inactive|STL Donductor has 30 seconds left.\n|inactive|Dball_Games has 30 seconds left.\n|inactive|Dball_Games has 20 seconds left.\n|\n|t:|1745985031\n|-terastallize|p2a: Miraidon|Fairy\n|move|p1a: Whimsicott|Tailwind|p1a: Whimsicott\n|-sidestart|p1: Dball_Games|move: Tailwind\n|move|p1b: Miraidon|Dazzling Gleam|p2b: Sneasler|[spread] p2a,p2b\n|-damage|p2a: Miraidon|74/100\n|-damage|p2b: Sneasler|41/100\n|move|p2b: Sneasler|Dire Claw|p1a: Whimsicott\n|-supereffective|p1a: Whimsicott\n|-damage|p1a: Whimsicott|0 fnt\n|faint|p1a: Whimsicott\n|move|p2a: Miraidon|Dazzling Gleam|p1b: Miraidon\n|-supereffective|p1b: Miraidon\n|-damage|p1b: Miraidon|0 fnt\n|faint|p1b: Miraidon\n|\n|upkeep\n|\n|t:|1745985043\n|switch|p1b: Incineroar|Incineroar, L50, F|100/100\n|switch|p1a: Calyrex|Calyrex-Ice, L50|100/100\n|-ability|p1a: Calyrex|As One\n|-ability|p1a: Calyrex|Unnerve\n|-ability|p1b: Incineroar|Intimidate|boost\n|-unboost|p2a: Miraidon|atk|1\n|-unboost|p2b: Sneasler|atk|1\n|turn|2\n|inactive|STL Donductor has 30 seconds left.\n|\n|t:|1745985077\n|move|p1b: Incineroar|Fake Out|p2a: Miraidon\n|-damage|p2a: Miraidon|63/100\n|move|p2b: Sneasler|Close Combat|p1b: Incineroar\n|-supereffective|p1b: Incineroar\n|-damage|p1b: Incineroar|37/100\n|-unboost|p2b: Sneasler|def|1\n|-unboost|p2b: Sneasler|spd|1\n|-damage|p2b: Sneasler|25/100|[from] item: Rocky Helmet|[of] p1b: Incineroar\n|cant|p2a: Miraidon|flinch\n|move|p1a: Calyrex|Glacial Lance|p2b: Sneasler|[spread] p2a,p2b\n|-damage|p2a: Miraidon|4/100\n|-damage|p2b: Sneasler|0 fnt\n|faint|p2b: Sneasler\n|-ability|p1a: Calyrex|Chilling Neigh|boost\n|-boost|p1a: Calyrex|atk|1\n|\n|upkeep\n|\n|t:|1745985091\n|switch|p2b: Dondozo|Dondozo, L50, F, shiny|100/100\n|turn|3\n|\n|t:|1745985110\n|switch|p2a: Tatsugiri|Tatsugiri-Droopy, L50, M, shiny|100/100\n|-activate|p2a: Tatsugiri|ability: Commander|[of] p2b: Dondozo\n|-boost|p2b: Dondozo|atk|2\n|-boost|p2b: Dondozo|spa|2\n|-boost|p2b: Dondozo|spe|2\n|-boost|p2b: Dondozo|def|2\n|-boost|p2b: Dondozo|spd|2\n|move|p1b: Incineroar|Will-O-Wisp|p2b: Dondozo\n|-status|p2b: Dondozo|brn\n|move|p2b: Dondozo|Body Press|p1b: Incineroar\n|-supereffective|p1b: Incineroar\n|-damage|p1b: Incineroar|0 fnt\n|-damage|p2b: Dondozo|84/100 brn|[from] item: Rocky Helmet|[of] p1b: Incineroar\n|faint|p1b: Incineroar\n|move|p1a: Calyrex|Glacial Lance|p2b: Dondozo|[spread] p2b\n|-miss|p1a: Calyrex|p2a: Tatsugiri\n|-resisted|p2b: Dondozo\n|-damage|p2b: Dondozo|76/100 brn\n|\n|-heal|p2b: Dondozo|82/100 brn|[from] item: Leftovers\n|-damage|p2b: Dondozo|76/100 brn|[from] brn\n|upkeep\n|turn|4\n|\n|t:|1745985132\n|move|p2b: Dondozo|Order Up|p1a: Calyrex\n|-crit|p1a: Calyrex\n|-damage|p1a: Calyrex|85/100\n|-boost|p2b: Dondozo|def|1\n|move|p1a: Calyrex|Trick Room|p1a: Calyrex\n|-fieldstart|move: Trick Room|[of] p1a: Calyrex\n|\n|-heal|p2b: Dondozo|82/100 brn|[from] item: Leftovers\n|-damage|p2b: Dondozo|76/100 brn|[from] brn\n|-sideend|p1: Dball_Games|move: Tailwind\n|upkeep\n|turn|5\n|\n|t:|1745985142\n|move|p1a: Calyrex|High Horsepower|p2b: Dondozo\n|-damage|p2b: Dondozo|67/100 brn\n|move|p2b: Dondozo|Order Up|p1a: Calyrex\n|-damage|p1a: Calyrex|73/100\n|-boost|p2b: Dondozo|def|1\n|\n|-heal|p2b: Dondozo|73/100 brn|[from] item: Leftovers\n|-damage|p2b: Dondozo|67/100 brn|[from] brn\n|-fieldend|move: Electric Terrain\n|upkeep\n|turn|6\n|\n|t:|1745985154\n|move|p1a: Calyrex|Glacial Lance|p2b: Dondozo|[spread] p2b\n|-miss|p1a: Calyrex|p2a: Tatsugiri\n|-resisted|p2b: Dondozo\n|-damage|p2b: Dondozo|62/100 brn\n|move|p2b: Dondozo|Order Up|p1a: Calyrex\n|-damage|p1a: Calyrex|61/100\n|-boost|p2b: Dondozo|def|1\n|\n|-heal|p2b: Dondozo|68/100 brn|[from] item: Leftovers\n|-damage|p2b: Dondozo|62/100 brn|[from] brn\n|upkeep\n|turn|7\n|\n|t:|1745985165\n|move|p1a: Calyrex|High Horsepower|p2b: Dondozo\n|-damage|p2b: Dondozo|54/100 brn\n|move|p2b: Dondozo|Order Up|p1a: Calyrex\n|-damage|p1a: Calyrex|50/100\n|-boost|p2b: Dondozo|def|1\n|\n|-heal|p2b: Dondozo|61/100 brn|[from] item: Leftovers\n|-damage|p2b: Dondozo|54/100 brn|[from] brn\n|upkeep\n|turn|8\n|\n|t:|1745985180\n|move|p2b: Dondozo|Protect|p2b: Dondozo\n|-singleturn|p2b: Dondozo|Protect\n|move|p1a: Calyrex|High Horsepower|p2b: Dondozo\n|-activate|p2b: Dondozo|move: Protect\n|\n|-heal|p2b: Dondozo|61/100 brn|[from] item: Leftovers\n|-damage|p2b: Dondozo|54/100 brn|[from] brn\n|-fieldend|move: Trick Room\n|upkeep\n|turn|9\n|-message|Dball_Games forfeited.\n|\n|win|STL Donductor\n|raw|Dball_Games's rating: 1248 &rarr; <strong>1220</strong><br />(-28 for losing)\n|raw|STL Donductor's rating: 1201 &rarr; <strong>1229</strong><br />(+28 for winning)\n|l|\u2606Dball_Games\n|player|p1|\n", "uploadtime": 1745985196, "views": 9, "formatid": "gen9vgc2025regibo3", "rating": 1220, "private": 0, "password": null}