{"id": "gen9vgc2025regibo3-2353428643", "format": "[Gen 9] VGC 2025 Reg I (Bo3)", "players": ["8bitbidoof", "Fayzginger"], "log": "|j|\u26068bitbidoof\n|j|\u2606Fayzginger\n|html|<table width=\"100%\"><tr><td align=\"left\">8bitbidoof</td><td align=\"right\">Fayzginger</tr><tr><td align=\"left\"><i class=\"fa fa-circle\"></i> <i class=\"fa fa-circle-o\"></i> </td><td align=\"right\"><i class=\"fa fa-circle-o\"></i> <i class=\"fa fa-circle\"></i> </tr></table>\n|uhtml|bestof|<h2><strong>Game 3</strong> of <a href=\"/game-bestof3-gen9vgc2025regibo3-2353421850\">a best-of-3</a></h2>\n|t:|1745955123\n|gametype|doubles\n|player|p1|8bitbidoof|102|1140\n|player|p2|Fayzginger|265|1241\n|teamsize|p1|6\n|teamsize|p2|6\n|gen|9\n|tier|[Gen 9] VGC 2025 Reg I (Bo3)\n|rated|\n|rule|Species Clause: Limit one of each Pok\u00e9mon\n|rule|Item Clause: Limit 1 of each item\n|clearpoke\n|poke|p1|Koraidon, L50|\n|poke|p1|Flutter Mane, L50|\n|poke|p1|Brute Bonnet, L50|\n|poke|p1|Chi-Yu, L50|\n|poke|p1|Lunala, L50|\n|poke|p1|Ursaluna, L50, F|\n|poke|p2|Zacian-*, L50|\n|poke|p2|Kyogre, L50|\n|poke|p2|Tornadus, L50, M|\n|poke|p2|Landorus, L50, M|\n|poke|p2|Rillaboom, L50, F|\n|poke|p2|Urshifu-*, L50, M|\n|teampreview|4\n|showteam|p1|Koraidon||ClearAmulet|OrichalcumPulse|FlareBlitz,CollisionCourse,FlameCharge,Protect||||||50|,,,,,Fire]Flutter Mane||FocusSash|Protosynthesis|Moonblast,ShadowBall,IcyWind,Protect||||||50|,,,,,Normal]Brute Bonnet||CovertCloak|Protosynthesis|SeedBomb,SuckerPunch,Spore,RagePowder||||||50|,,,,,Water]Chi-Yu||ChoiceScarf|BeadsofRuin|HeatWave,DarkPulse,Overheat,Snarl||||||50|,,,,,Ghost]Lunala||PowerHerb|ShadowShield|MoongeistBeam,MeteorBeam,WideGuard,TrickRoom||||||50|,,,,,Normal]Ursaluna||FlameOrb|Guts|Facade,HeadlongRush,Earthquake,Protect|||F|||50|,,,,,Water\n|showteam|p2|Zacian-Crowned||RustedSword|IntrepidSword|Protect,behemothblade,PlayRough,SacredSword||||||50|,,,,,Ground]Kyogre||MysticWater|Drizzle|Protect,WaterSpout,OriginPulse,IceBeam||||||50|,,,,,Grass]Tornadus||CovertCloak|Prankster|BleakwindStorm,RainDance,Tailwind,Taunt|||M|||50|,,,,,Dark]Landorus||LifeOrb|SheerForce|Protect,SandsearStorm,EarthPower,SludgeBomb|||M|||50|,,,,,Water]Rillaboom||AssaultVest|GrassySurge|FakeOut,GrassyGlide,WoodHammer,Uturn|||F|||50|,,,,,Fire]Urshifu-Rapid-Strike||FocusSash|UnseenFist|Detect,SurgingStrikes,CloseCombat,AquaJet|||M|||50|,,,,,Stellar\n|inactive|Battle timer is ON: inactive players will automatically lose when time's up. (requested by 8bitbidoof)\n|inactive|8bitbidoof has 60 seconds left.\n|inactive|8bitbidoof has 30 seconds left.\n|\n|t:|1745955184\n|start\n|switch|p1a: Lunala|Lunala, L50|100/100\n|switch|p1b: Brute Bonnet|Brute Bonnet, L50|100/100\n|switch|p2a: The Nether|Kyogre, L50|100/100\n|switch|p2b: Flint|Tornadus, L50, M|100/100\n|-weather|RainDance|[from] ability: Drizzle|[of] p2a: The Nether\n|turn|1\n|inactive|8bitbidoof has 30 seconds left.\n|\n|t:|1745955214\n|switch|p2b: Steve|Rillaboom, L50, F, shiny|100/100\n|-fieldstart|move: Grassy Terrain|[from] ability: Grassy Surge|[of] p2b: Steve\n|-terastallize|p1b: Brute Bonnet|Water\n|move|p1a: Lunala|Meteor Beam||[still]\n|-prepare|p1a: Lunala|Meteor Beam\n|-boost|p1a: Lunala|spa|1\n|-enditem|p1a: Lunala|Power Herb\n|-anim|p1a: Lunala|Meteor Beam|p2b: Steve\n|-damage|p2b: Steve|50/100\n|move|p2a: The Nether|Water Spout|p1a: Lunala|[spread] p1a,p1b\n|-resisted|p1b: Brute Bonnet\n|-crit|p1b: Brute Bonnet\n|-damage|p1a: Lunala|60/100\n|-damage|p1b: Brute Bonnet|30/100\n|move|p1b: Brute Bonnet|Spore|p2b: Steve\n|-immune|p2b: Steve\n|\n|-weather|RainDance|[upkeep]\n|-heal|p1a: Lunala|67/100|[from] Grassy Terrain\n|-heal|p2b: Steve|56/100|[from] Grassy Terrain\n|-heal|p1b: Brute Bonnet|36/100|[from] Grassy Terrain\n|upkeep\n|turn|2\n|inactive|8bitbidoof has 30 seconds left.\n|\n|t:|1745955249\n|-end|p1b: Brute Bonnet|Protosynthesis|[silent]\n|switch|p1b: Chi-Yu|Chi-Yu, L50|100/100\n|-ability|p1b: Chi-Yu|Beads of Ruin\n|-terastallize|p2a: The Nether|Grass\n|move|p1a: Lunala|Moongeist Beam|p2a: The Nether\n|-damage|p2a: The Nether|24/100\n|move|p2a: The Nether|Origin Pulse|p1b: Chi-Yu|[spread] p1a,p1b\n|-supereffective|p1b: Chi-Yu\n|-damage|p1a: Lunala|0 fnt\n|-damage|p1b: Chi-Yu|0 fnt\n|faint|p1a: Lunala\n|faint|p1b: Chi-Yu\n|move|p2b: Steve|U-turn|p1: Lunala|[notarget]\n|-fail|p2b: Steve\n|\n|-weather|RainDance|[upkeep]\n|-heal|p2a: The Nether|30/100|[from] Grassy Terrain\n|-heal|p2b: Steve|62/100|[from] Grassy Terrain\n|upkeep\n|\n|t:|1745955260\n|switch|p1b: Koraidon|Koraidon, L50|100/100\n|switch|p1a: Brute Bonnet|Brute Bonnet, L50, tera:Water|36/100\n|-weather|SunnyDay|[from] ability: Orichalcum Pulse|[of] p1b: Koraidon\n|-activate|p1a: Brute Bonnet|ability: Protosynthesis\n|-start|p1a: Brute Bonnet|protosynthesisdef\n|-activate|p1b: Koraidon|Orichalcum Pulse|[source]\n|turn|3\n|inactive|8bitbidoof has 30 seconds left.\n|\n|t:|1745955290\n|move|p2a: The Nether|Protect|p2a: The Nether\n|-singleturn|p2a: The Nether|Protect\n|move|p2b: Steve|Grassy Glide|p1a: Brute Bonnet\n|-supereffective|p1a: Brute Bonnet\n|-damage|p1a: Brute Bonnet|0 fnt\n|faint|p1a: Brute Bonnet\n|-end|p1a: Brute Bonnet|Protosynthesis|[silent]\n|move|p1b: Koraidon|Flame Charge|p2b: Steve\n|-supereffective|p2b: Steve\n|-damage|p2b: Steve|0 fnt\n|-boost|p1b: Koraidon|spe|1\n|faint|p2b: Steve\n|\n|-weather|SunnyDay|[upkeep]\n|-heal|p2a: The Nether|36/100|[from] Grassy Terrain\n|upkeep\n|\n|t:|1745955294\n|switch|p2b: Flint|Tornadus, L50, M|100/100\n|turn|4\n|\n|t:|1745955316\n|switch|p2a: Buck Chucket|Zacian-Crowned, L50|100/100\n|-ability|p2a: Buck Chucket|Intrepid Sword|boost\n|-boost|p2a: Buck Chucket|atk|1\n|move|p2b: Flint|Rain Dance|p2b: Flint\n|-weather|RainDance\n|move|p1b: Koraidon|Collision Course|p2a: Buck Chucket\n|-damage|p2a: Buck Chucket|43/100\n|\n|-weather|RainDance|[upkeep]\n|-heal|p2a: Buck Chucket|49/100|[from] Grassy Terrain\n|upkeep\n|turn|5\n|\n|t:|1745955332\n|move|p2b: Flint|Tailwind|p2b: Flint\n|-sidestart|p2: Fayzginger|move: Tailwind\n|move|p2a: Buck Chucket|Play Rough|p1b: Koraidon\n|-supereffective|p1b: Koraidon\n|-damage|p1b: Koraidon|0 fnt\n|faint|p1b: Koraidon\n|\n|win|Fayzginger\n|raw|8bitbidoof's rating: 1140 &rarr; <strong>1122</strong><br />(-18 for losing)\n|raw|Fayzginger's rating: 1241 &rarr; <strong>1259</strong><br />(+18 for winning)\n", "uploadtime": 1745955335, "views": 41, "formatid": "gen9vgc2025regibo3", "rating": 1122, "private": 0, "password": null}