{"id": "gen9vgc2025regibo3-2354762767", "format": "[Gen 9] VGC 2025 Reg I (Bo3)", "players": ["rubentino", "HushWasHere"], "log": "|j|\u2606rubentino\n|j|\u2606HushWasHere\n|html|<table width=\"100%\"><tr><td align=\"left\">rubentino</td><td align=\"right\">HushWasHere</tr><tr><td align=\"left\"><i class=\"fa fa-circle\"></i> <i class=\"fa fa-circle-o\"></i> </td><td align=\"right\"><i class=\"fa fa-circle-o\"></i> <i class=\"fa fa-circle-o\"></i> </tr></table>\n|uhtml|bestof|<h2><strong>Game 2</strong> of <a href=\"/game-bestof3-gen9vgc2025regibo3-2354758499\">a best-of-3</a></h2>\n|t:|1746117592\n|gametype|doubles\n|player|p1|rubentino|1|1119\n|player|p2|HushWasHere|supernerd|1136\n|teamsize|p1|6\n|teamsize|p2|6\n|gen|9\n|tier|[Gen 9] VGC 2025 Reg I (Bo3)\n|rated|\n|rule|Species Clause: Limit one of each Pok\u00e9mon\n|rule|Item Clause: Limit 1 of each item\n|clearpoke\n|poke|p1|Terapagos, L50, M|\n|poke|p1|Calyrex-Shadow, L50|\n|poke|p1|Incineroar, L50, M|\n|poke|p1|Rillaboom, L50, M|\n|poke|p1|Urshifu-*, L50, M|\n|poke|p1|Amoonguss, L50, F|\n|poke|p2|Miraidon, L50|\n|poke|p2|Farigiraf, L50, F|\n|poke|p2|Calyrex-Ice, L50|\n|poke|p2|Iron Hands, L50|\n|poke|p2|Ogerpon-Cornerstone, L50, F|\n|poke|p2|Volcarona, L50, F|\n|teampreview|4\n|showteam|p1|Terapagos||Leftovers|TeraShift|TeraStarstorm,EarthPower,CalmMind,Protect|||M|||50|,,,,,Stellar]Calyrex-Shadow||FocusSash|AsOneSpectrier|AstralBarrage,Encore,Disable,Protect||||||50|,,,,,Ghost]Incineroar||SafetyGoggles|Intimidate|FakeOut,KnockOff,WillOWisp,PartingShot|||M|||50|,,,,,Bug]Rillaboom||AssaultVest|GrassySurge|FakeOut,WoodHammer,GrassyGlide,Uturn|||M|||50|,,,,,Water]Urshifu-Rapid-Strike||ChoiceScarf|UnseenFist|SurgingStrikes,CloseCombat,AquaJet,Uturn|||M|||50|,,,,,Water]Amoonguss||RockyHelmet|Regenerator|SludgeBomb,Spore,RagePowder,Protect|||F|||50|,,,,,Water\n|showteam|p2|Miraidon||ChoiceScarf|HadronEngine|VoltSwitch,ElectroDrift,DracoMeteor,Snarl||||||50|,,,,,Electric]Farigiraf||ElectricSeed|ArmorTail|FoulPlay,PsychicNoise,TrickRoom,HelpingHand|||F|||50|,,,,,Water]Calyrex-Ice||ClearAmulet|AsOneGlastrier|GlacialLance,HighHorsepower,TrickRoom,Protect||||||50|,,,,,Fire]Iron Hands||AssaultVest|QuarkDrive|DrainPunch,LowKick,WildCharge,FakeOut||||||50|,,,,,Water]Ogerpon-Cornerstone||CornerstoneMask|Sturdy|IvyCudgel,FollowMe,SpikyShield,PowerWhip|||F|||50|,,,,,Rock]Volcarona||RockyHelmet|FlameBody|FieryDance,WillOWisp,RagePowder,StruggleBug|||F|||50|,,,,,Dragon\n|inactive|Battle timer is ON: inactive players will automatically lose when time's up. (requested by HushWasHere)\n|\n|t:|1746117611\n|start\n|switch|p1a: Rillaboom|Rillaboom, L50, M|100/100\n|switch|p1b: Terapagos|Terapagos, L50, M|100/100\n|switch|p2a: Calyrex|Calyrex-Ice, L50|100/100\n|switch|p2b: Volcarona|Volcarona, L50, F, shiny|100/100\n|-activate|p1b: Terapagos|ability: Tera Shift\n|detailschange|p1b: Terapagos|Terapagos-Terastal, L50, M\n|-heal|p1b: Terapagos|100/100|[silent]\n|-ability|p2a: Calyrex|As One\n|-ability|p2a: Calyrex|Unnerve\n|-fieldstart|move: Grassy Terrain|[from] ability: Grassy Surge|[of] p1a: Rillaboom\n|turn|1\n|inactive|rubentino has 30 seconds left.\n|inactive|rubentino has 20 seconds left.\n|\n|t:|1746117647\n|move|p1a: Rillaboom|Fake Out|p2a: Calyrex\n|-damage|p2a: Calyrex|93/100\n|move|p2b: Volcarona|Struggle Bug|p1b: Terapagos|[spread] p1a,p1b\n|-supereffective|p1a: Rillaboom\n|-activate|p1b: Terapagos|ability: Tera Shell\n|-resisted|p1b: Terapagos\n|-damage|p1a: Rillaboom|82/100\n|-damage|p1b: Terapagos|94/100\n|-unboost|p1a: Rillaboom|spa|1\n|-unboost|p1b: Terapagos|spa|1\n|move|p1b: Terapagos|Calm Mind|p1b: Terapagos\n|-boost|p1b: Terapagos|spa|1\n|-boost|p1b: Terapagos|spd|1\n|cant|p2a: Calyrex|flinch\n|\n|-heal|p1b: Terapagos|99/100|[from] Grassy Terrain\n|-heal|p1b: Terapagos|100/100|[from] item: Leftovers\n|-heal|p1a: Rillaboom|88/100|[from] Grassy Terrain\n|-heal|p2a: Calyrex|99/100|[from] Grassy Terrain\n|upkeep\n|turn|2\n|inactive|rubentino has 30 seconds left.\n|inactive|rubentino has 20 seconds left.\n|\n|t:|1746117684\n|move|p2b: Volcarona|Struggle Bug|p1b: Terapagos|[spread] p1a,p1b\n|-supereffective|p1a: Rillaboom\n|-crit|p1a: Rillaboom\n|-activate|p1b: Terapagos|ability: Tera Shell\n|-resisted|p1b: Terapagos\n|-damage|p1a: Rillaboom|56/100\n|-damage|p1b: Terapagos|96/100\n|-unboost|p1a: Rillaboom|spa|1\n|-unboost|p1b: Terapagos|spa|1\n|move|p1b: Terapagos|Earth Power|p2b: Volcarona\n|-damage|p2b: Volcarona|87/100\n|move|p1a: Rillaboom|Wood Hammer|p2a: Calyrex\n|-damage|p2a: Calyrex|54/100\n|-damage|p1a: Rillaboom|42/100|[from] Recoil\n|move|p2a: Calyrex|Glacial Lance|p1b: Terapagos|[spread] p1a,p1b\n|-supereffective|p1a: Rillaboom\n|-damage|p1a: Rillaboom|0 fnt\n|-damage|p1b: Terapagos|57/100\n|faint|p1a: Rillaboom\n|-ability|p2a: Calyrex|Chilling Neigh|boost\n|-boost|p2a: Calyrex|atk|1\n|\n|-heal|p2b: Volcarona|93/100|[from] Grassy Terrain\n|-heal|p1b: Terapagos|64/100|[from] Grassy Terrain\n|-heal|p1b: Terapagos|70/100|[from] item: Leftovers\n|-heal|p2a: Calyrex|60/100|[from] Grassy Terrain\n|upkeep\n|\n|t:|1746117692\n|switch|p1a: Calyrex|Calyrex-Shadow, L50|100/100\n|-ability|p1a: Calyrex|As One\n|-ability|p1a: Calyrex|Unnerve\n|turn|3\n|\n|t:|1746117710\n|move|p2a: Calyrex|Protect|p2a: Calyrex\n|-singleturn|p2a: Calyrex|Protect\n|move|p1a: Calyrex|Astral Barrage|p2b: Volcarona|[spread] p2b\n|-activate|p2a: Calyrex|move: Protect\n|-damage|p2b: Volcarona|42/100\n|move|p2b: Volcarona|Struggle Bug|p1b: Terapagos|[spread] p1a,p1b\n|-damage|p1a: Calyrex|83/100\n|-damage|p1b: Terapagos|60/100\n|-unboost|p1a: Calyrex|spa|1\n|-unboost|p1b: Terapagos|spa|1\n|move|p1b: Terapagos|Calm Mind|p1b: Terapagos\n|-boost|p1b: Terapagos|spa|1\n|-boost|p1b: Terapagos|spd|1\n|\n|-heal|p1a: Calyrex|90/100|[from] Grassy Terrain\n|-heal|p2b: Volcarona|48/100|[from] Grassy Terrain\n|-heal|p1b: Terapagos|67/100|[from] Grassy Terrain\n|-heal|p1b: Terapagos|73/100|[from] item: Leftovers\n|-heal|p2a: Calyrex|66/100|[from] Grassy Terrain\n|upkeep\n|turn|4\n|\n|t:|1746117725\n|-terastallize|p2a: Calyrex|Fire\n|move|p1a: Calyrex|Encore|p2a: Calyrex\n|-start|p2a: Calyrex|Encore\n|move|p2b: Volcarona|Struggle Bug|p1b: Terapagos|[spread] p1a,p1b\n|-damage|p1a: Calyrex|73/100\n|-damage|p1b: Terapagos|66/100\n|-unboost|p1a: Calyrex|spa|1\n|-unboost|p1b: Terapagos|spa|1\n|move|p1b: Terapagos|Calm Mind|p1b: Terapagos\n|-boost|p1b: Terapagos|spa|1\n|-boost|p1b: Terapagos|spd|1\n|move|p2a: Calyrex|Protect||[still]\n|-fail|p2a: Calyrex\n|\n|-heal|p1a: Calyrex|79/100|[from] Grassy Terrain\n|-heal|p2b: Volcarona|54/100|[from] Grassy Terrain\n|-heal|p1b: Terapagos|72/100|[from] Grassy Terrain\n|-heal|p1b: Terapagos|79/100|[from] item: Leftovers\n|-heal|p2a: Calyrex|72/100|[from] Grassy Terrain\n|upkeep\n|turn|5\n|\n|t:|1746117745\n|switch|p2a: Iron Hands|Iron Hands, L50, shiny|100/100\n|move|p1a: Calyrex|Disable|p2b: Volcarona\n|-start|p2b: Volcarona|Disable|Struggle Bug\n|cant|p2b: Volcarona|Disable|Struggle Bug\n|move|p1b: Terapagos|Calm Mind|p1b: Terapagos\n|-boost|p1b: Terapagos|spa|1\n|-boost|p1b: Terapagos|spd|1\n|\n|-heal|p1a: Calyrex|85/100|[from] Grassy Terrain\n|-heal|p2b: Volcarona|60/100|[from] Grassy Terrain\n|-heal|p1b: Terapagos|85/100|[from] Grassy Terrain\n|-heal|p1b: Terapagos|91/100|[from] item: Leftovers\n|-fieldend|move: Grassy Terrain\n|upkeep\n|turn|6\n|inactive|HushWasHere has 30 seconds left.\n|\n|t:|1746117775\n|switch|p2b: Miraidon|Miraidon, L50|100/100\n|-fieldstart|move: Electric Terrain|[from] ability: Hadron Engine|[of] p2b: Miraidon\n|-activate|p2a: Iron Hands|ability: Quark Drive\n|-start|p2a: Iron Hands|quarkdriveatk\n|move|p1b: Terapagos|Protect|p1b: Terapagos\n|-singleturn|p1b: Terapagos|Protect\n|move|p1a: Calyrex|Encore||[still]\n|-fail|p1a: Calyrex\n|move|p2a: Iron Hands|Drain Punch|p1b: Terapagos\n|-activate|p1b: Terapagos|move: Protect\n|\n|-heal|p1b: Terapagos|97/100|[from] item: Leftovers\n|upkeep\n|turn|7\n|inactive|rubentino has 30 seconds left.\n|inactive|HushWasHere has 30 seconds left.\n|\n|t:|1746117808\n|move|p2b: Miraidon|Snarl|p1b: Terapagos|[spread] p1a,p1b\n|-supereffective|p1a: Calyrex\n|-damage|p1a: Calyrex|3/100\n|-damage|p1b: Terapagos|91/100\n|-unboost|p1a: Calyrex|spa|1\n|-unboost|p1b: Terapagos|spa|1\n|move|p1a: Calyrex|Disable|p2a: Iron Hands\n|-start|p2a: Iron Hands|Disable|Drain Punch\n|move|p1b: Terapagos|Calm Mind|p1b: Terapagos\n|-boost|p1b: Terapagos|spa|1\n|-boost|p1b: Terapagos|spd|1\n|cant|p2a: Iron Hands|Disable|Drain Punch\n|\n|-heal|p1b: Terapagos|97/100|[from] item: Leftovers\n|upkeep\n|turn|8\n|inactive|rubentino has 30 seconds left.\n|\n|t:|1746117843\n|-terastallize|p1b: Terapagos|Stellar\n|detailschange|p1b: Terapagos|Terapagos-Stellar, L50, M, tera:Stellar\n|-heal|p1b: Terapagos|98/100|[silent]\n|-ability|p1b: Terapagos|Teraform Zero\n|-fieldend|move: Electric Terrain\n|-end|p2a: Iron Hands|Quark Drive\n|move|p1a: Calyrex|Protect|p1a: Calyrex\n|-singleturn|p1a: Calyrex|Protect\n|move|p2b: Miraidon|Snarl|p1b: Terapagos|[spread] p1b\n|-activate|p1a: Calyrex|move: Protect\n|-damage|p1b: Terapagos|95/100\n|-unboost|p1b: Terapagos|spa|1\n|move|p1b: Terapagos|Earth Power|p2b: Miraidon\n|-supereffective|p2b: Miraidon\n|-damage|p2b: Miraidon|62/100\n|move|p2a: Iron Hands|Low Kick|p1b: Terapagos\n|-supereffective|p1b: Terapagos\n|-damage|p1b: Terapagos|45/100\n|\n|-heal|p1b: Terapagos|51/100|[from] item: Leftovers\n|upkeep\n|turn|9\n|\n|t:|1746117862\n|move|p2b: Miraidon|Snarl|p1a: Calyrex|[spread] p1a,p1b\n|-supereffective|p1a: Calyrex\n|-damage|p1a: Calyrex|0 fnt\n|-damage|p1b: Terapagos|48/100\n|-unboost|p1b: Terapagos|spa|1\n|faint|p1a: Calyrex\n|move|p1b: Terapagos|Tera Starstorm|p2a: Iron Hands|[spread] p2a,p2b\n|-damage|p2a: Iron Hands|86/100\n|-damage|p2b: Miraidon|40/100\n|move|p2a: Iron Hands|Low Kick|p1b: Terapagos\n|-supereffective|p1b: Terapagos\n|-damage|p1b: Terapagos|0 fnt\n|faint|p1b: Terapagos\n|\n|upkeep\n|-message|rubentino forfeited.\n|\n|win|HushWasHere\n||HushWasHere is ready for game 3.\n|inactive|rubentino has 30 seconds to confirm battle start!\n||rubentino is ready for game 3.\n|uhtml|next|Next: <a href=\"/battle-gen9vgc2025regibo3-2354766107\"><strong>Game 3 of 3</strong></a>\n|l|\u2606rubentino\n|player|p1|\n", "uploadtime": 1746117880, "views": 10, "formatid": "gen9vgc2025regibo3", "rating": null, "private": 0, "password": null}