{"id": "gen9vgc2025regibo3-2353658337", "format": "[Gen 9] VGC 2025 Reg I (Bo3)", "players": ["weeeggggggeeeee", "McCainiacCombo"], "log": "|j|\u2606weeeggggggeeeee\n|j|\u2606McCainiacCombo\n|html|<table width=\"100%\"><tr><td align=\"left\">weeeggggggeeeee</td><td align=\"right\">McCainiacCombo</tr><tr><td align=\"left\"><i class=\"fa fa-circle\"></i> <i class=\"fa fa-circle-o\"></i> </td><td align=\"right\"><i class=\"fa fa-circle-o\"></i> <i class=\"fa fa-circle\"></i> </tr></table>\n|uhtml|bestof|<h2><strong>Game 3</strong> of <a href=\"/game-bestof3-gen9vgc2025regibo3-2353652151\">a best-of-3</a></h2>\n|t:|1745980011\n|gametype|doubles\n|player|p1|weeeggggggeeeee|byron|1054\n|player|p2|McCainiacCombo|101|1162\n|teamsize|p1|6\n|teamsize|p2|6\n|gen|9\n|tier|[Gen 9] VGC 2025 Reg I (Bo3)\n|rated|\n|rule|Species Clause: Limit one of each Pok\u00e9mon\n|rule|Item Clause: Limit 1 of each item\n|clearpoke\n|poke|p1|Regigigas, L50|\n|poke|p1|Tornadus, L50, M|\n|poke|p1|Zamazenta-*, L50|\n|poke|p1|Weezing-Galar, L50, F|\n|poke|p1|Calyrex-Shadow, L50|\n|poke|p1|Spiritomb, L50, F|\n|poke|p2|Koraidon, L50|\n|poke|p2|Flutter Mane, L50|\n|poke|p2|Lunala, L50|\n|poke|p2|Indeedee-F, L50, F|\n|poke|p2|Ogerpon-Hearthflame, L50, F|\n|poke|p2|Ting-Lu, L50|\n|teampreview|4\n|showteam|p1|Regigigas||ClearAmulet|SlowStart|BodySlam,KnockOff,BodyPress,WideGuard||||||50|,,,,,Ghost]Tornadus||AbilityShield|Prankster|BleakwindStorm,Protect,Tailwind,Taunt|||M|||50|,,,,,Ghost]Zamazenta-Crowned||RustedShield|DauntlessShield|BodyPress,behemothbash,IronDefense,Protect||||||50|,,,,,Dragon]Weezing-Galar||RockyHelmet|NeutralizingGas|Protect,ClearSmog,DazzlingGleam,SludgeBomb|||F|||50|,,,,,Grass]Calyrex-Shadow||ColburBerry|AsOneSpectrier|AstralBarrage,Psychic,NastyPlot,Protect||||||50|,,,,,Normal]Spiritomb||BlackGlasses|Infiltrator|TrickRoom,WillOWisp,FoulPlay,Snarl|||F|||50|,,,,,Poison\n|showteam|p2|Koraidon||ClearAmulet|OrichalcumPulse|Protect,FlareBlitz,FlameCharge,CloseCombat||||||50|,,,,,Fire]Flutter Mane||BoosterEnergy|Protosynthesis|Moonblast,ShadowBall,IcyWind,Protect||||||50|,,,,,Fairy]Lunala||PowerHerb|ShadowShield|WideGuard,MeteorBeam,MoongeistBeam,ExpandingForce||||||50|,,,,,Water]Indeedee-F||PsychicSeed|PsychicSurge|FollowMe,TrickRoom,HelpingHand,DazzlingGleam|||F|||50|,,,,,Fairy]Ogerpon-Hearthflame||HearthflameMask|MoldBreaker|IvyCudgel,WoodHammer,FollowMe,SpikyShield|||F|||50|,,,,,Fire]Ting-Lu||AssaultVest|VesselofRuin|Ruination,ThroatChop,StompingTantrum,HeavySlam||||||50|,,,,,Poison\n|inactive|Battle timer is ON: inactive players will automatically lose when time's up. (requested by McCainiacCombo)\n|inactive|McCainiacCombo has 60 seconds left.\n|\n|t:|1745980054\n|start\n|switch|p1a: Zamazenta|Zamazenta-Crowned, L50|100/100\n|switch|p1b: Tornadus|Tornadus, L50, M|100/100\n|switch|p2a: Lunala|Lunala, L50|100/100\n|switch|p2b: Ogerpon|Ogerpon-Hearthflame, L50, F|100/100\n|-ability|p1a: Zamazenta|Dauntless Shield|boost\n|-boost|p1a: Zamazenta|def|1\n|-ability|p2b: Ogerpon|Mold Breaker\n|turn|1\n|inactive|weeeggggggeeeee has 30 seconds left.\n|inactive|weeeggggggeeeee has 20 seconds left.\n|inactive|weeeggggggeeeee has 15 seconds left.\n|inactive|weeeggggggeeeee has 10 seconds left.\n|\n|t:|1745980101\n|-terastallize|p1a: Zamazenta|Dragon\n|move|p1b: Tornadus|Protect|p1b: Tornadus\n|-singleturn|p1b: Tornadus|Protect\n|move|p1a: Zamazenta|Iron Defense|p1a: Zamazenta\n|-boost|p1a: Zamazenta|def|2\n|move|p2b: Ogerpon|Ivy Cudgel|p1a: Zamazenta|[anim] Ivy Cudgel Fire\n|-resisted|p1a: Zamazenta\n|-damage|p1a: Zamazenta|94/100\n|move|p2a: Lunala|Meteor Beam||[still]\n|-prepare|p2a: Lunala|Meteor Beam\n|-boost|p2a: Lunala|spa|1\n|-enditem|p2a: Lunala|Power Herb\n|-anim|p2a: Lunala|Meteor Beam|p1b: Tornadus\n|-activate|p1b: Tornadus|move: Protect\n|\n|upkeep\n|turn|2\n|\n|t:|1745980129\n|switch|p2b: Indeedee|Indeedee-F, L50, F|100/100\n|-fieldstart|move: Psychic Terrain|[from] ability: Psychic Surge|[of] p2b: Indeedee\n|-enditem|p2b: Indeedee|Psychic Seed\n|-boost|p2b: Indeedee|spd|1|[from] item: Psychic Seed\n|move|p1b: Tornadus|Tailwind|p1b: Tornadus\n|-sidestart|p1: weeeggggggeeeee|move: Tailwind\n|move|p1a: Zamazenta|Iron Defense|p1a: Zamazenta\n|-boost|p1a: Zamazenta|def|2\n|move|p2a: Lunala|Expanding Force|p1a: Zamazenta|[spread] p1a,p1b\n|-damage|p1a: Zamazenta|20/100\n|-damage|p1b: Tornadus|0 fnt\n|faint|p1b: Tornadus\n|\n|upkeep\n|\n|t:|1745980145\n|switch|p1b: Calyrex|Calyrex-Shadow, L50|100/100\n|-ability|p1b: Calyrex|As One\n|-ability|p1b: Calyrex|Unnerve\n|turn|3\n|\n|t:|1745980158\n|move|p2a: Lunala|Wide Guard|p2a: Lunala\n|-singleturn|p2a: Lunala|Wide Guard\n|move|p1b: Calyrex|Astral Barrage|p2b: Indeedee|[spread] \n|-activate|p2a: Lunala|move: Wide Guard\n|-activate|p2b: Indeedee|move: Wide Guard\n|move|p1a: Zamazenta|Body Press|p2b: Indeedee\n|-damage|p2b: Indeedee|0 fnt\n|faint|p2b: Indeedee\n|\n|upkeep\n|\n|t:|1745980172\n|switch|p2b: Ting-Lu|Ting-Lu, L50|100/100\n|-ability|p2b: Ting-Lu|Vessel of Ruin\n|turn|4\n|\n|t:|1745980191\n|-terastallize|p2a: Lunala|Water\n|move|p1b: Calyrex|Astral Barrage|p2a: Lunala|[spread] p2a,p2b\n|-crit|p2a: Lunala\n|-resisted|p2b: Ting-Lu\n|-damage|p2a: Lunala|81/100\n|-damage|p2b: Ting-Lu|91/100\n|move|p1a: Zamazenta|Body Press|p2b: Ting-Lu\n|-supereffective|p2b: Ting-Lu\n|-damage|p2b: Ting-Lu|0 fnt\n|faint|p2b: Ting-Lu\n|move|p2a: Lunala|Expanding Force|p1a: Zamazenta|[spread] p1a,p1b\n|-resisted|p1b: Calyrex\n|-damage|p1a: Zamazenta|0 fnt\n|-damage|p1b: Calyrex|50/100\n|faint|p1a: Zamazenta\n|\n|upkeep\n|\n|t:|1745980207\n|switch|p1a: Weezing|Weezing-Galar, L50, F|100/100\n|switch|p2b: Ogerpon|Ogerpon-Hearthflame, L50, F|100/100\n|-ability|p1a: Weezing|Neutralizing Gas\n|turn|5\n|\n|t:|1745980215\n|move|p1b: Calyrex|Protect|p1b: Calyrex\n|-singleturn|p1b: Calyrex|Protect\n|move|p2a: Lunala|Wide Guard|p2a: Lunala\n|-singleturn|p2a: Lunala|Wide Guard\n|move|p1a: Weezing|Clear Smog|p2a: Lunala\n|-damage|p2a: Lunala|70/100\n|-clearboost|p2a: Lunala\n|move|p2b: Ogerpon|Ivy Cudgel|p1b: Calyrex|[anim] Ivy Cudgel Fire\n|-activate|p1b: Calyrex|move: Protect\n|\n|-sideend|p1: weeeggggggeeeee|move: Tailwind\n|upkeep\n|turn|6\n|\n|t:|1745980239\n|move|p2a: Lunala|Wide Guard|p2a: Lunala\n|-singleturn|p2a: Lunala|Wide Guard\n|move|p1b: Calyrex|Psychic|p2b: Ogerpon\n|-damage|p2b: Ogerpon|31/100\n|move|p2b: Ogerpon|Ivy Cudgel|p1b: Calyrex|[anim] Ivy Cudgel Fire\n|-damage|p1b: Calyrex|0 fnt\n|faint|p1b: Calyrex\n|move|p1a: Weezing|Sludge Bomb|p2b: Ogerpon\n|-supereffective|p2b: Ogerpon\n|-damage|p2b: Ogerpon|0 fnt\n|faint|p2b: Ogerpon\n|\n|-fieldend|move: Psychic Terrain\n|upkeep\n|turn|7\n|\n|t:|1745980256\n|move|p2a: Lunala|Expanding Force|p1a: Weezing\n|-supereffective|p1a: Weezing\n|-damage|p1a: Weezing|6/100\n|move|p1a: Weezing|Sludge Bomb|p2a: Lunala\n|-damage|p2a: Lunala|50/100\n|\n|upkeep\n|turn|8\n|\n|t:|1745980269\n|move|p2a: Lunala|Expanding Force|p1a: Weezing\n|-supereffective|p1a: Weezing\n|-damage|p1a: Weezing|0 fnt\n|faint|p1a: Weezing\n|-end|p1a: Weezing|ability: Neutralizing Gas\n|\n|win|McCainiacCombo\n|raw|weeeggggggeeeee's rating: 1054 &rarr; <strong>1041</strong><br />(-13 for losing)\n|raw|McCainiacCombo's rating: 1162 &rarr; <strong>1179</strong><br />(+17 for winning)\n|l|\u2606weeeggggggeeeee\n|player|p1|\n|l|\u2606McCainiacCombo\n|player|p2|\n", "uploadtime": 1745980647, "views": 6, "formatid": "gen9vgc2025regibo3", "rating": 1041, "private": 0, "password": null}