{"id": "gen9vgc2025regibo3-2354583156", "format": "[Gen 9] VGC 2025 Reg I (Bo3)", "players": ["TacoBurger", "ooni boe"], "log": "|j|\u2606TacoBurger\n|j|\u2606ooni boe\n|html|<table width=\"100%\"><tr><td align=\"left\">TacoBurger</td><td align=\"right\">ooni boe</tr><tr><td align=\"left\"><i class=\"fa fa-circle\"></i> <i class=\"fa fa-circle-o\"></i> </td><td align=\"right\"><i class=\"fa fa-circle-o\"></i> <i class=\"fa fa-circle\"></i> </tr></table>\n|uhtml|bestof|<h2><strong>Game 3</strong> of <a href=\"/game-bestof3-gen9vgc2025regibo3-2354579092\">a best-of-3</a></h2>\n|t:|1746098513\n|gametype|doubles\n|player|p1|TacoBurger|266|1081\n|player|p2|ooni boe|ninjaboy|1042\n|teamsize|p1|6\n|teamsize|p2|6\n|gen|9\n|tier|[Gen 9] VGC 2025 Reg I (Bo3)\n|rated|\n|rule|Species Clause: Limit one of each Pok\u00e9mon\n|rule|Item Clause: Limit 1 of each item\n|clearpoke\n|poke|p1|Zamazenta-*, L50|\n|poke|p1|Kyogre, L50|\n|poke|p1|Tornadus, L50, M|\n|poke|p1|Rillaboom, L50, M|\n|poke|p1|Urshifu-*, L50, F|\n|poke|p1|Chien-Pao, L50|\n|poke|p2|Lunala, L50|\n|poke|p2|Kyogre, L50|\n|poke|p2|Urshifu-*, L50, F|\n|poke|p2|Indeedee-F, L50, F|\n|poke|p2|Tornadus, L50, M|\n|poke|p2|Landorus, L50, M|\n|teampreview|4\n|showteam|p1|Zamazenta-Crowned||RustedShield|DauntlessShield|BodyPress,HeavySlam,WideGuard,Protect||||||50|,,,,,Dragon]Kyogre||MysticWater|Drizzle|WaterSpout,OriginPulse,IceBeam,Protect||||||50|,,,,,Water]Tornadus||CovertCloak|Prankster|BleakwindStorm,Tailwind,RainDance,Taunt|||M|||50|,,,,,Dark]Rillaboom||AssaultVest|GrassySurge|FakeOut,GrassyGlide,WoodHammer,Uturn|||M|||50|,,,,,Fire]Urshifu-Rapid-Strike||SplashPlate|UnseenFist|SurgingStrikes,AquaJet,CloseCombat,Detect|||F|||50|,,,,,Water]Chien-Pao||FocusSash|SwordofRuin|IcicleCrash,Crunch,SuckerPunch,Protect||||||50|,,,,,Ghost\n|showteam|p2|Lunala||PowerHerb|ShadowShield|WideGuard,MeteorBeam,ExpandingForce,MoongeistBeam||||||50|,,,,,Fairy]Kyogre||ChoiceSpecs|Drizzle|WaterSpout,OriginPulse,Thunder,IceBeam||||||50|,,,,,Water]Urshifu-Rapid-Strike||MysticWater|UnseenFist|SurgingStrikes,AquaJet,CloseCombat,Detect|||F|||50|,,,,,Water]Indeedee-F||PsychicSeed|PsychicSurge|FollowMe,TrickRoom,Imprison,Psychic|||F|||50|,,,,,Fairy]Tornadus||FocusSash|Prankster|BleakwindStorm,Tailwind,Protect,ScaryFace|||M|||50|,,,,,Steel]Landorus||LifeOrb|SheerForce|SludgeBomb,EarthPower,SandsearStorm,Protect|||M|||50|,,,,,Poison\n|\n|t:|1746098561\n|start\n|switch|p1a: Tornadus|Tornadus, L50, M|100/100\n|switch|p1b: Rillaboom|Rillaboom, L50, M|100/100\n|switch|p2a: Landorus|Landorus, L50, M|100/100\n|switch|p2b: Tornadus|Tornadus, L50, M|100/100\n|-fieldstart|move: Grassy Terrain|[from] ability: Grassy Surge|[of] p1b: Rillaboom\n|turn|1\n|\n|t:|1746098609\n|-terastallize|p2a: Landorus|Poison\n|-terastallize|p1b: Rillaboom|Fire\n|move|p2b: Tornadus|Tailwind|p2b: Tornadus\n|-sidestart|p2: ooni boe|move: Tailwind\n|move|p2a: Landorus|Sludge Bomb|p1b: Rillaboom\n|-damage|p1b: Rillaboom|39/100\n|move|p1a: Tornadus|Bleakwind Storm|p2b: Tornadus|[spread] p2b\n|-miss|p1a: Tornadus|p2a: Landorus\n|-damage|p2b: Tornadus|62/100\n|-unboost|p2b: Tornadus|spe|1\n|move|p1b: Rillaboom|Wood Hammer|p2a: Landorus\n|-resisted|p2a: Landorus\n|-damage|p2a: Landorus|61/100\n|-damage|p1b: Rillaboom|27/100|[from] Recoil\n|\n|-heal|p2a: Landorus|67/100|[from] Grassy Terrain\n|-heal|p1b: Rillaboom|33/100|[from] Grassy Terrain\n|upkeep\n|turn|2\n|\n|t:|1746098656\n|switch|p1b: Zamazenta|Zamazenta-Crowned, L50|100/100\n|-ability|p1b: Zamazenta|Dauntless Shield|boost\n|-boost|p1b: Zamazenta|def|1\n|move|p2a: Landorus|Earth Power|p1b: Zamazenta\n|-supereffective|p1b: Zamazenta\n|-damage|p1b: Zamazenta|0 fnt\n|faint|p1b: Zamazenta\n|move|p2b: Tornadus|Bleakwind Storm|p1a: Tornadus\n|-damage|p1a: Tornadus|56/100\n|move|p1a: Tornadus|Bleakwind Storm|p2a: Landorus|[spread] p2a,p2b\n|-damage|p2a: Landorus|34/100\n|-damage|p2b: Tornadus|26/100\n|\n|-heal|p2a: Landorus|40/100|[from] Grassy Terrain\n|upkeep\n|\n|t:|1746098671\n|switch|p1b: Rillaboom|Rillaboom, L50, M, tera:Fire|33/100\n|turn|3\n|\n|t:|1746098681\n|move|p1b: Rillaboom|Fake Out|p2a: Landorus\n|-damage|p2a: Landorus|24/100\n|cant|p2a: Landorus|flinch\n|move|p2b: Tornadus|Bleakwind Storm|p1a: Tornadus|[spread] p1a,p1b\n|-damage|p1a: Tornadus|20/100\n|-damage|p1b: Rillaboom|7/100\n|move|p1a: Tornadus|Bleakwind Storm|p2a: Landorus|[spread] p2a,p2b\n|-damage|p2a: Landorus|0 fnt\n|-damage|p2b: Tornadus|0 fnt\n|faint|p2a: Landorus\n|faint|p2b: Tornadus\n|\n|-heal|p1b: Rillaboom|14/100|[from] Grassy Terrain\n|upkeep\n|\n|t:|1746098697\n|switch|p2b: Indeedee|Indeedee-F, L50, F|100/100\n|switch|p2a: Lunala|Lunala, L50|100/100\n|-fieldstart|move: Psychic Terrain|[from] ability: Psychic Surge|[of] p2b: Indeedee\n|-enditem|p2b: Indeedee|Psychic Seed\n|-boost|p2b: Indeedee|spd|1|[from] item: Psychic Seed\n|turn|4\n|\n|t:|1746098751\n|move|p1a: Tornadus|Rain Dance|p1a: Tornadus\n|-weather|RainDance\n|move|p2a: Lunala|Meteor Beam||[still]\n|-prepare|p2a: Lunala|Meteor Beam\n|-boost|p2a: Lunala|spa|1\n|-enditem|p2a: Lunala|Power Herb\n|-anim|p2a: Lunala|Meteor Beam|p1a: Tornadus\n|-supereffective|p1a: Tornadus\n|-damage|p1a: Tornadus|0 fnt\n|faint|p1a: Tornadus\n|move|p2b: Indeedee|Psychic|p1b: Rillaboom\n|-damage|p1b: Rillaboom|0 fnt\n|faint|p1b: Rillaboom\n|\n|-weather|RainDance|[upkeep]\n|-sideend|p2: ooni boe|move: Tailwind\n|upkeep\n|\n|t:|1746098765\n|switch|p1b: Urshifu|Urshifu-Rapid-Strike, L50, F|100/100\n|turn|5\n|\n|t:|1746098776\n|move|p2b: Indeedee|Follow Me|p2b: Indeedee\n|-singleturn|p2b: Indeedee|move: Follow Me\n|move|p1b: Urshifu|Surging Strikes|p2b: Indeedee\n|-crit|p2b: Indeedee\n|-damage|p2b: Indeedee|62/100\n|-crit|p2b: Indeedee\n|-damage|p2b: Indeedee|25/100\n|-crit|p2b: Indeedee\n|-damage|p2b: Indeedee|0 fnt\n|faint|p2b: Indeedee\n|-hitcount|p2: Indeedee|3\n|move|p2a: Lunala|Expanding Force|p1b: Urshifu\n|-supereffective|p1b: Urshifu\n|-damage|p1b: Urshifu|0 fnt\n|faint|p1b: Urshifu\n|\n|win|ooni boe\n|raw|TacoBurger's rating: 1081 &rarr; <strong>1056</strong><br />(-25 for losing)\n|raw|ooni boe's rating: 1042 &rarr; <strong>1079</strong><br />(+37 for winning)\n|l|\u2606ooni boe\n|player|p2|\n|j|\u2606ooni boe\n|player|p2|ooni boe|ninjaboy|\n|l|\u2606ooni boe\n|player|p2|\n", "uploadtime": 1746098792, "views": 11, "formatid": "gen9vgc2025regibo3", "rating": 1056, "private": 0, "password": null}