{"id": "gen9vgc2025regibo3-2353705917", "format": "[Gen 9] VGC 2025 Reg I (Bo3)", "players": ["7QingZz", "LemonadeLlamaRrama"], "log": "|j|\u26067QingZz\n|j|\u2606LemonadeLlamaRrama\n|html|<table width=\"100%\"><tr><td align=\"left\">7QingZz</td><td align=\"right\">LemonadeLlamaRrama</tr><tr><td align=\"left\"><i class=\"fa fa-circle\"></i> <i class=\"fa fa-circle-o\"></i> </td><td align=\"right\"><i class=\"fa fa-circle-o\"></i> <i class=\"fa fa-circle-o\"></i> </tr></table>\n|uhtml|bestof|<h2><strong>Game 2</strong> of <a href=\"/game-bestof3-gen9vgc2025regibo3-2353703634\">a best-of-3</a></h2>\n|t:|1745986240\n|gametype|doubles\n|player|p1|7QingZz|265|1101\n|player|p2|LemonadeLlamaRrama|pryce|1059\n|teamsize|p1|6\n|teamsize|p2|6\n|gen|9\n|tier|[Gen 9] VGC 2025 Reg I (Bo3)\n|rated|\n|rule|Species Clause: Limit one of each Pok\u00e9mon\n|rule|Item Clause: Limit 1 of each item\n|clearpoke\n|poke|p1|Calyrex-Shadow, L50|\n|poke|p1|Zamazenta-*, L50|\n|poke|p1|Raging Bolt, L50|\n|poke|p1|Urshifu-*, L50, M|\n|poke|p1|Dragonite, L50, M|\n|poke|p1|Weezing-Galar, L50, F|\n|poke|p2|Koraidon, L50|\n|poke|p2|Calyrex-Shadow, L50|\n|poke|p2|Brute Bonnet, L50|\n|poke|p2|Incineroar, L50, M|\n|poke|p2|Flutter Mane, L50|\n|poke|p2|Tornadus, L50, M|\n|teampreview|4\n|showteam|p1|Calyrex-Shadow||FocusSash|AsOneSpectrier|AstralBarrage,Protect,Psychic,Imprison||||||50|,,,,,Normal]Zamazenta-Crowned||RustedShield|DauntlessShield|BodyPress,WideGuard,Imprison,Protect||||||50|,,,,,Water]Raging Bolt||AssaultVest|Protosynthesis|Thunderbolt,DracoMeteor,Thunderclap,VoltSwitch||||||50|,,,,,Electric]Urshifu-Rapid-Strike||ChoiceScarf|UnseenFist|SurgingStrikes,CloseCombat,AquaJet,IceSpinner|||M|||50|,,,,,Water]Dragonite||ChoiceBand|InnerFocus|ExtremeSpeed,Outrage,GigaImpact,IronHead|||M|||50|,,,,,Normal]Weezing-Galar||RockyHelmet|NeutralizingGas|SludgeBomb,ToxicSpikes,Protect,PoisonGas|||F|||50|,,,,,Water\n|showteam|p2|Koraidon||LifeOrb|OrichalcumPulse|CollisionCourse,FlareBlitz,Protect,FlameCharge||||||50|,,,,,Fire]Calyrex-Shadow||SpellTag|AsOneSpectrier|AstralBarrage,Protect,Psychic,Encore||||||50|,,,,,Water]Brute Bonnet||CovertCloak|Protosynthesis|Spore,RagePowder,SeedBomb,SuckerPunch||||||50|,,,,,Water]Incineroar||AssaultVest|Intimidate|FlareBlitz,KnockOff,FakeOut,Uturn|||M|||50|,,,,,Bug]Flutter Mane||FocusSash|Protosynthesis|Moonblast,ShadowBall,IcyWind,Protect||||||50|,,,,,Stellar]Tornadus||RockyHelmet|Prankster|BleakwindStorm,Tailwind,SunnyDay,Protect|||M|||50|,,,,,Dark\n|inactive|Battle timer is ON: inactive players will automatically lose when time's up. (requested by LemonadeLlamaRrama)\n|\n|t:|1745986267\n|start\n|switch|p1a: Weezing|Weezing-Galar, L50, F|100/100\n|switch|p1b: Calyrex|Calyrex-Shadow, L50|100/100\n|switch|p2a: Calyrex|Calyrex-Shadow, L50|100/100\n|switch|p2b: Tornadus|Tornadus, L50, M|100/100\n|-ability|p1a: Weezing|Neutralizing Gas\n|-ability|p1b: Calyrex|As One\n|-ability|p1b: Calyrex|Unnerve\n|-ability|p2a: Calyrex|As One\n|-ability|p2a: Calyrex|Unnerve\n|turn|1\n|inactive|7QingZz has 30 seconds left.\n|inactive|7QingZz has 20 seconds left.\n|inactive|7QingZz has 15 seconds left.\n|\n|t:|1745986311\n|-terastallize|p1b: Calyrex|Normal\n|move|p2a: Calyrex|Protect|p2a: Calyrex\n|-singleturn|p2a: Calyrex|Protect\n|move|p1a: Weezing|Protect|p1a: Weezing\n|-singleturn|p1a: Weezing|Protect\n|move|p1b: Calyrex|Astral Barrage|p2a: Calyrex|[spread] p2b\n|-activate|p2a: Calyrex|move: Protect\n|-crit|p2b: Tornadus\n|-damage|p2b: Tornadus|5/100\n|move|p2b: Tornadus|Tailwind|p2b: Tornadus\n|-sidestart|p2: LemonadeLlamaRrama|move: Tailwind\n|\n|upkeep\n|turn|2\n|inactive|7QingZz has 30 seconds left.\n|inactive|LemonadeLlamaRrama has 30 seconds left.\n|\n|t:|1745986336\n|move|p2a: Calyrex|Psychic|p1b: Calyrex\n|-damage|p1b: Calyrex|50/100\n|move|p2b: Tornadus|Bleakwind Storm|p1b: Calyrex|[spread] p1a\n|-miss|p2b: Tornadus|p1b: Calyrex\n|-damage|p1a: Weezing|66/100\n|move|p1b: Calyrex|Astral Barrage|p2a: Calyrex|[spread] p2a,p2b\n|-supereffective|p2a: Calyrex\n|-damage|p2a: Calyrex|0 fnt\n|-damage|p2b: Tornadus|0 fnt\n|faint|p2a: Calyrex\n|faint|p2b: Tornadus\n|-ability|p1b: Calyrex|Grim Neigh|boost\n|-boost|p1b: Calyrex|spa|2\n|move|p1a: Weezing|Toxic Spikes|p2: Calyrex\n|-sidestart|p2: LemonadeLlamaRrama|move: Toxic Spikes\n|\n|upkeep\n|\n|t:|1745986345\n|switch|p2a: Koraidon|Koraidon, L50|100/100\n|switch|p2b: Flutter Mane|Flutter Mane, L50|100/100\n|-status|p2b: Flutter Mane|psn\n|-status|p2a: Koraidon|psn\n|turn|3\n|inactive|LemonadeLlamaRrama has 30 seconds left.\n|\n|t:|1745986376\n|move|p1b: Calyrex|Protect|p1b: Calyrex\n|-singleturn|p1b: Calyrex|Protect\n|move|p2b: Flutter Mane|Moonblast|p1b: Calyrex\n|-activate|p1b: Calyrex|move: Protect\n|move|p2a: Koraidon|Flame Charge|p1a: Weezing\n|-damage|p1a: Weezing|47/100\n|-boost|p2a: Koraidon|spe|1\n|-damage|p2a: Koraidon|84/100 psn|[from] item: Rocky Helmet|[of] p1a: Weezing\n|-damage|p2a: Koraidon|75/100 psn|[from] item: Life Orb\n|move|p1a: Weezing|Sludge Bomb|p2b: Flutter Mane\n|-damage|p2b: Flutter Mane|70/100 psn\n|\n|-damage|p2a: Koraidon|63/100 psn|[from] psn\n|-damage|p2b: Flutter Mane|57/100 psn|[from] psn\n|upkeep\n|turn|4\n|inactive|7QingZz has 30 seconds left.\n|\n|t:|1745986402\n|move|p2a: Koraidon|Collision Course|p1b: Calyrex\n|-supereffective|p1b: Calyrex\n|-damage|p1b: Calyrex|0 fnt\n|faint|p1b: Calyrex\n|-damage|p2a: Koraidon|53/100 psn|[from] item: Life Orb\n|move|p2b: Flutter Mane|Shadow Ball|p1a: Weezing\n|-damage|p1a: Weezing|0 fnt\n|faint|p1a: Weezing\n|-end|p1a: Weezing|ability: Neutralizing Gas\n|-weather|SunnyDay|[from] ability: Orichalcum Pulse|[of] p2a: Koraidon\n|-activate|p2b: Flutter Mane|ability: Protosynthesis\n|-start|p2b: Flutter Mane|protosynthesisspe\n|-activate|p2a: Koraidon|Orichalcum Pulse|[source]\n|\n|-weather|SunnyDay|[upkeep]\n|-damage|p2b: Flutter Mane|45/100 psn|[from] psn\n|-damage|p2a: Koraidon|41/100 psn|[from] psn\n|-sideend|p2: LemonadeLlamaRrama|move: Tailwind\n|upkeep\n|\n|t:|1745986421\n|switch|p1b: Dragonite|Dragonite, L50, M|100/100\n|switch|p1a: Zamazenta|Zamazenta-Crowned, L50|100/100\n|-ability|p1a: Zamazenta|Dauntless Shield|boost\n|-boost|p1a: Zamazenta|def|1\n|turn|5\n|\n|t:|1745986437\n|-terastallize|p2b: Flutter Mane|Stellar\n|move|p2a: Koraidon|Protect|p2a: Koraidon\n|-singleturn|p2a: Koraidon|Protect\n|move|p2b: Flutter Mane|Moonblast|p1b: Dragonite\n|-supereffective|p1b: Dragonite\n|-damage|p1b: Dragonite|0 fnt\n|faint|p1b: Dragonite\n|move|p1a: Zamazenta|Body Press|p2a: Koraidon\n|-activate|p2a: Koraidon|move: Protect\n|\n|-weather|SunnyDay|[upkeep]\n|-damage|p2b: Flutter Mane|33/100 psn|[from] psn\n|-damage|p2a: Koraidon|28/100 psn|[from] psn\n|upkeep\n|turn|6\n|-message|7QingZz forfeited.\n|\n|win|LemonadeLlamaRrama\n|l|\u26067QingZz\n|player|p1|\n||7QingZz is ready for game 3.\n||LemonadeLlamaRrama is ready for game 3.\n|uhtml|next|Next: <a href=\"/battle-gen9vgc2025regibo3-2353707348\"><strong>Game 3 of 3</strong></a>\n", "uploadtime": 1745986541, "views": 11, "formatid": "gen9vgc2025regibo3", "rating": null, "private": 0, "password": null}