{"id": "gen9vgc2025regibo3-2355117923", "format": "[Gen 9] VGC 2025 Reg I (Bo3)", "players": ["leooelyc", "oaml_luos"], "log": "|j|\u2606leooelyc\n|j|\u2606oaml_luos\n|html|<table width=\"100%\"><tr><td align=\"left\">leooelyc</td><td align=\"right\">oaml_luos</tr><tr><td align=\"left\"><i class=\"fa fa-circle-o\"></i> <i class=\"fa fa-circle-o\"></i> </td><td align=\"right\"><i class=\"fa fa-circle-o\"></i> <i class=\"fa fa-circle\"></i> </tr></table>\n|uhtml|bestof|<h2><strong>Game 2</strong> of <a href=\"/game-bestof3-gen9vgc2025regibo3-2355114660\">a best-of-3</a></h2>\n|t:|1746154729\n|gametype|doubles\n|player|p1|leooelyc|brawly|1132\n|player|p2|oaml_luos|102|1198\n|teamsize|p1|6\n|teamsize|p2|6\n|gen|9\n|tier|[Gen 9] VGC 2025 Reg I (Bo3)\n|rated|\n|rule|Species Clause: Limit one of each Pok\u00e9mon\n|rule|Item Clause: Limit 1 of each item\n|clearpoke\n|poke|p1|Calyrex-Shadow, L50|\n|poke|p1|Zamazenta-*, L50|\n|poke|p1|Indeedee-F, L50, F|\n|poke|p1|Incineroar, L50, F|\n|poke|p1|Urshifu-*, L50, M|\n|poke|p1|Whimsicott, L50, M|\n|poke|p2|Calyrex-Ice, L50|\n|poke|p2|Miraidon, L50|\n|poke|p2|Roaring Moon, L50|\n|poke|p2|Ogerpon-Hearthflame, L50, F|\n|poke|p2|Landorus, L50, M|\n|poke|p2|Amoonguss, L50, M|\n|teampreview|4\n|showteam|p1|Calyrex-Shadow||FocusSash|AsOneSpectrier|AstralBarrage,ExpandingForce,Protect,DarkPulse||||||50|,,,,,Ghost]Zamazenta-Crowned||RustedShield|DauntlessShield|WideGuard,Protect,HeavySlam,BodyPress||||||50|,,,,,Dragon]Indeedee-F||PsychicSeed|PsychicSurge|FollowMe,TrickRoom,Psychic,Protect|||F|||50|,,,,,Psychic]Incineroar||SafetyGoggles|Intimidate|FakeOut,KnockOff,FlareBlitz,WillOWisp|||F|||50|,,,,,Ghost]Urshifu||ChoiceScarf|UnseenFist|CloseCombat,WickedBlow,Uturn,PoisonJab|||M|||50|,,,,,Poison]Whimsicott||CovertCloak|Prankster|Tailwind,Moonblast,SunnyDay,Protect|||M|||50|,,,,,Fairy\n|showteam|p2|Calyrex-Ice||ClearAmulet|AsOneGlastrier|Protect,TrickRoom,GlacialLance,HighHorsepower||||||50|,,,,,Fire]Miraidon||LifeOrb|HadronEngine|Protect,ElectroDrift,DracoMeteor,Substitute||||||50|,,,,,Electric]Roaring Moon||BoosterEnergy|Protosynthesis|Protect,Tailwind,KnockOff,Acrobatics||||||50|,,,,,Flying]Ogerpon-Hearthflame||HearthflameMask|MoldBreaker|SpikyShield,FollowMe,IvyCudgel,HornLeech|||F|||50|,,,,,Fire]Landorus||EarthPlate|SheerForce|Protect,EarthPower,SludgeBomb,SandsearStorm|||M|||50|,,,,,Water]Amoonguss||CovertCloak|Regenerator|Protect,RagePowder,SludgeBomb,Spore|||M|||50|,,,,,Water\n|inactive|Battle timer is ON: inactive players will automatically lose when time's up. (requested by leooelyc)\n|inactive|leooelyc has 60 seconds left.\n|\n|t:|1746154777\n|start\n|switch|p1a: Urshifu|Urshifu, L50, M|100/100\n|switch|p1b: Calyrex|Calyrex-Shadow, L50|100/100\n|switch|p2a: GLUE SHROOM.|Amoonguss, L50, M, shiny|100/100\n|switch|p2b: Unfair HONSE|Calyrex-Ice, L50|100/100\n|-ability|p1b: Calyrex|As One\n|-ability|p1b: Calyrex|Unnerve\n|-ability|p2b: Unfair HONSE|As One\n|-ability|p2b: Unfair HONSE|Unnerve\n|turn|1\n|inactive|leooelyc has 30 seconds left.\n|inactive|leooelyc has 20 seconds left.\n|\n|t:|1746154813\n|-terastallize|p1b: Calyrex|Ghost\n|-terastallize|p2b: Unfair HONSE|Fire\n|move|p2a: GLUE SHROOM.|Rage Powder|p2a: GLUE SHROOM.\n|-singleturn|p2a: GLUE SHROOM.|move: Rage Powder\n|move|p1a: Urshifu|U-turn|p2a: GLUE SHROOM.\n|-damage|p2a: GLUE SHROOM.|78/100\n|\n|t:|1746154826\n|switch|p1a: Zamazenta|Zamazenta-Crowned, L50|100/100|[from] U-turn\n|-ability|p1a: Zamazenta|Dauntless Shield|boost\n|-boost|p1a: Zamazenta|def|1\n|move|p1b: Calyrex|Astral Barrage|p2a: GLUE SHROOM.|[spread] p2a,p2b\n|-damage|p2a: GLUE SHROOM.|10/100\n|-damage|p2b: Unfair HONSE|45/100\n|move|p2b: Unfair HONSE|Trick Room|p2b: Unfair HONSE\n|-fieldstart|move: Trick Room|[of] p2b: Unfair HONSE\n|\n|upkeep\n|turn|2\n|inactive|leooelyc has 30 seconds left.\n|\n|t:|1746154858\n|move|p1b: Calyrex|Protect|p1b: Calyrex\n|-singleturn|p1b: Calyrex|Protect\n|move|p2a: GLUE SHROOM.|Spore|p1b: Calyrex\n|-activate|p1b: Calyrex|move: Protect\n|move|p2b: Unfair HONSE|Glacial Lance|p1b: Calyrex|[spread] p1a\n|-activate|p1b: Calyrex|move: Protect\n|-resisted|p1a: Zamazenta\n|-damage|p1a: Zamazenta|91/100\n|move|p1a: Zamazenta|Body Press|p2a: GLUE SHROOM.\n|-resisted|p2a: GLUE SHROOM.\n|-damage|p2a: GLUE SHROOM.|0 fnt\n|faint|p2a: GLUE SHROOM.\n|\n|upkeep\n|\n|t:|1746154868\n|switch|p2a: Dionysos|Landorus, L50, M|100/100\n|turn|3\n|inactive|leooelyc has 30 seconds left.\n|\n|t:|1746154896\n|move|p2b: Unfair HONSE|High Horsepower|p1b: Calyrex\n|-damage|p1b: Calyrex|52/100\n|move|p2a: Dionysos|Earth Power|p1b: Calyrex\n|-damage|p1b: Calyrex|0 fnt\n|faint|p1b: Calyrex\n|move|p1a: Zamazenta|Body Press|p2b: Unfair HONSE\n|-damage|p2b: Unfair HONSE|3/100\n|\n|upkeep\n|\n|t:|1746154905\n|switch|p1b: Incineroar|Incineroar, L50, F|100/100\n|-ability|p1b: Incineroar|Intimidate|boost\n|-unboost|p2a: Dionysos|atk|1\n|-fail|p2b: Unfair HONSE|unboost|[from] item: Clear Amulet|[of] p2b: Unfair HONSE\n|turn|4\n|\n|t:|1746154928\n|move|p2b: Unfair HONSE|Protect|p2b: Unfair HONSE\n|-singleturn|p2b: Unfair HONSE|Protect\n|move|p1b: Incineroar|Knock Off|p2a: Dionysos\n|-damage|p2a: Dionysos|62/100\n|-enditem|p2a: Dionysos|Earth Plate|[from] move: Knock Off|[of] p1b: Incineroar\n|move|p2a: Dionysos|Sandsear Storm|p1b: Incineroar|[spread] p1a,p1b\n|-supereffective|p1a: Zamazenta\n|-supereffective|p1b: Incineroar\n|-damage|p1a: Zamazenta|21/100\n|-damage|p1b: Incineroar|28/100\n|move|p1a: Zamazenta|Body Press|p2b: Unfair HONSE\n|-activate|p2b: Unfair HONSE|move: Protect\n|\n|upkeep\n|turn|5\n|\n|t:|1746154943\n|move|p1a: Zamazenta|Protect|p1a: Zamazenta\n|-singleturn|p1a: Zamazenta|Protect\n|move|p1b: Incineroar|Knock Off|p2b: Unfair HONSE\n|-damage|p2b: Unfair HONSE|0 fnt\n|-enditem|p2b: Unfair HONSE|Clear Amulet|[from] move: Knock Off|[of] p1b: Incineroar\n|faint|p2b: Unfair HONSE\n|move|p2a: Dionysos|Earth Power|p1a: Zamazenta\n|-activate|p1a: Zamazenta|move: Protect\n|\n|-fieldend|move: Trick Room\n|upkeep\n|\n|t:|1746154948\n|switch|p2b: ELECTROSNEK|Miraidon, L50|100/100\n|-fieldstart|move: Electric Terrain|[from] ability: Hadron Engine|[of] p2b: ELECTROSNEK\n|turn|6\n|\n|t:|1746154968\n|move|p2b: ELECTROSNEK|Electro Drift|p1a: Zamazenta\n|-damage|p1a: Zamazenta|0 fnt\n|faint|p1a: Zamazenta\n|-damage|p2b: ELECTROSNEK|91/100|[from] item: Life Orb\n|move|p2a: Dionysos|Earth Power|p1b: Incineroar\n|-supereffective|p1b: Incineroar\n|-damage|p1b: Incineroar|0 fnt\n|faint|p1b: Incineroar\n|\n|upkeep\n|\n|t:|1746154993\n|switch|p1a: Urshifu|Urshifu, L50, M|100/100\n|turn|7\n|\n|t:|1746155002\n|move|p1a: Urshifu|Wicked Blow|p2b: ELECTROSNEK\n|-crit|p2b: ELECTROSNEK\n|-damage|p2b: ELECTROSNEK|33/100\n|move|p2b: ELECTROSNEK|Electro Drift|p1a: Urshifu\n|-damage|p1a: Urshifu|0 fnt\n|faint|p1a: Urshifu\n|-damage|p2b: ELECTROSNEK|24/100|[from] item: Life Orb\n|\n|win|oaml_luos\n|raw|leooelyc's rating: 1132 &rarr; <strong>1112</strong><br />(-20 for losing)\n|raw|oaml_luos's rating: 1198 &rarr; <strong>1218</strong><br />(+20 for winning)\n|l|\u2606oaml_luos\n|player|p2|\n", "uploadtime": 1746155020, "views": 22, "formatid": "gen9vgc2025regibo3", "rating": 1112, "private": 0, "password": null}