{"id": "gen9vgc2025regibo3-2354386024", "format": "[Gen 9] VGC 2025 Reg I (Bo3)", "players": ["Fayzginger", "byebyebirdie1"], "log": "|j|\u2606Fayzginger\n|j|\u2606byebyebirdie1\n|html|<table width=\"100%\"><tr><td align=\"left\">Fayzginger</td><td align=\"right\">byebyebirdie1</tr><tr><td align=\"left\"><i class=\"fa fa-circle\"></i> <i class=\"fa fa-circle-o\"></i> </td><td align=\"right\"><i class=\"fa fa-circle-o\"></i> <i class=\"fa fa-circle\"></i> </tr></table>\n|uhtml|bestof|<h2><strong>Game 3</strong> of <a href=\"/game-bestof3-gen9vgc2025regibo3-2354382702\">a best-of-3</a></h2>\n|t:|1746064949\n|gametype|doubles\n|player|p1|Fayzginger|101|1249\n|player|p2|byebyebirdie1|169|1339\n|teamsize|p1|6\n|teamsize|p2|6\n|gen|9\n|tier|[Gen 9] VGC 2025 Reg I (Bo3)\n|rated|\n|rule|Species Clause: Limit one of each Pok\u00e9mon\n|rule|Item Clause: Limit 1 of each item\n|clearpoke\n|poke|p1|Zacian-*, L50|\n|poke|p1|Kyogre, L50|\n|poke|p1|Tornadus, L50, M|\n|poke|p1|Landorus, L50, M|\n|poke|p1|Rillaboom, L50, M|\n|poke|p1|Urshifu-*, L50, F|\n|poke|p2|Calyrex-Shadow, L50|\n|poke|p2|Chien-Pao, L50|\n|poke|p2|Rillaboom, L50, F|\n|poke|p2|Zamazenta-*, L50|\n|poke|p2|Incineroar, L50, F|\n|poke|p2|Farigiraf, L50, M|\n|teampreview|4\n|showteam|p1|Zacian-Crowned||RustedSword|IntrepidSword|Protect,behemothblade,PlayRough,SacredSword||||||50|,,,,,Ground]Kyogre||MysticWater|Drizzle|Protect,WaterSpout,OriginPulse,IceBeam||||||50|,,,,,Grass]Tornadus||CovertCloak|Prankster|BleakwindStorm,RainDance,Tailwind,Taunt|||M|||50|,,,,,Dark]Landorus||LifeOrb|SheerForce|Protect,SandsearStorm,EarthPower,SludgeBomb|||M|||50|,,,,,Water]Rillaboom||AssaultVest|GrassySurge|FakeOut,GrassyGlide,WoodHammer,Uturn|||M|||50|,,,,,Fire]Urshifu-Rapid-Strike||FocusSash|UnseenFist|Detect,SurgingStrikes,CloseCombat,AquaJet|||F|||50|,,,,,Stellar\n|showteam|p2|Calyrex-Shadow||CovertCloak|AsOneSpectrier|AstralBarrage,Protect,NastyPlot,DrainingKiss||||||50|,,,,,Fairy]Chien-Pao||FocusSash|SwordofRuin|IcicleCrash,ThroatChop,SuckerPunch,Protect||||||50|,,,,,Stellar]Rillaboom||AssaultVest|GrassySurge|WoodHammer,FakeOut,GrassyGlide,Uturn|||F|||50|,,,,,Fire]Zamazenta-Crowned||RustedShield|DauntlessShield|behemothbash,BodyPress,WideGuard,Protect||||||50|,,,,,Dragon]Incineroar||RockyHelmet|Intimidate|FakeOut,WillOWisp,PartingShot,KnockOff|||F|||50|,,,,,Bug]Farigiraf||SafetyGoggles|ArmorTail|TrickRoom,FoulPlay,Psychic,HelpingHand|||M|||50|,,,,,Water\n|\n|t:|1746064971\n|start\n|switch|p1a: Flint|Tornadus, L50, M|100/100\n|switch|p1b: Herobrine|Urshifu-Rapid-Strike, L50, F|100/100\n|switch|p2a: Chien-Pao|Chien-Pao, L50|100/100\n|switch|p2b: Rillaboom|Rillaboom, L50, F|100/100\n|-ability|p2a: Chien-Pao|Sword of Ruin\n|-fieldstart|move: Grassy Terrain|[from] ability: Grassy Surge|[of] p2b: Rillaboom\n|turn|1\n|\n|t:|1746064992\n|move|p1b: Herobrine|Detect|p1b: Herobrine\n|-singleturn|p1b: Herobrine|Protect\n|move|p1a: Flint|Tailwind|p1a: Flint\n|-sidestart|p1: Fayzginger|move: Tailwind\n|move|p2a: Chien-Pao|Icicle Crash|p1a: Flint\n|-supereffective|p1a: Flint\n|-damage|p1a: Flint|0 fnt\n|faint|p1a: Flint\n|move|p2b: Rillaboom|Wood Hammer|p1b: Herobrine\n|-activate|p1b: Herobrine|move: Protect\n|\n|upkeep\n|\n|t:|1746064998\n|switch|p1a: Buck Chucket|Zacian-Crowned, L50|100/100\n|-ability|p1a: Buck Chucket|Intrepid Sword|boost\n|-boost|p1a: Buck Chucket|atk|1\n|turn|2\n|\n|t:|1746065022\n|move|p2a: Chien-Pao|Sucker Punch|p1b: Herobrine\n|-resisted|p1b: Herobrine\n|-damage|p1b: Herobrine|78/100\n|move|p2b: Rillaboom|Grassy Glide|p1b: Herobrine\n|-supereffective|p1b: Herobrine\n|-damage|p1b: Herobrine|0 fnt\n|faint|p1b: Herobrine\n|move|p1a: Buck Chucket|Behemoth Blade|p2b: Rillaboom\n|-damage|p2b: Rillaboom|0 fnt\n|faint|p2b: Rillaboom\n|\n|upkeep\n|\n|t:|1746065045\n|switch|p1b: The Nether|Kyogre, L50|100/100\n|switch|p2b: Zamazenta|Zamazenta-Crowned, L50|100/100\n|-weather|RainDance|[from] ability: Drizzle|[of] p1b: The Nether\n|-ability|p2b: Zamazenta|Dauntless Shield|boost\n|-boost|p2b: Zamazenta|def|1\n|turn|3\n|\n|t:|1746065060\n|move|p2a: Chien-Pao|Protect|p2a: Chien-Pao\n|-singleturn|p2a: Chien-Pao|Protect\n|move|p2b: Zamazenta|Protect|p2b: Zamazenta\n|-singleturn|p2b: Zamazenta|Protect\n|move|p1a: Buck Chucket|Play Rough|p2b: Zamazenta\n|-activate|p2b: Zamazenta|move: Protect\n|move|p1b: The Nether|Water Spout|p2a: Chien-Pao|[spread] \n|-activate|p2a: Chien-Pao|move: Protect\n|-activate|p2b: Zamazenta|move: Protect\n|\n|-weather|RainDance|[upkeep]\n|upkeep\n|turn|4\n|\n|t:|1746065087\n|-terastallize|p2a: Chien-Pao|Stellar\n|move|p2b: Zamazenta|Wide Guard|p2b: Zamazenta\n|-singleturn|p2b: Zamazenta|Wide Guard\n|move|p2a: Chien-Pao|Sucker Punch|p1b: The Nether\n|-damage|p1b: The Nether|47/100\n|move|p1a: Buck Chucket|Behemoth Blade|p2a: Chien-Pao\n|-supereffective|p2a: Chien-Pao\n|-enditem|p2a: Chien-Pao|Focus Sash\n|-damage|p2a: Chien-Pao|1/100\n|move|p1b: The Nether|Water Spout|p2b: Zamazenta|[spread] \n|-activate|p2a: Chien-Pao|move: Wide Guard\n|-activate|p2b: Zamazenta|move: Wide Guard\n|\n|-weather|RainDance|[upkeep]\n|-heal|p1b: The Nether|54/100|[from] Grassy Terrain\n|-heal|p2a: Chien-Pao|7/100|[from] Grassy Terrain\n|-sideend|p1: Fayzginger|move: Tailwind\n|upkeep\n|turn|5\n|inactive|Battle timer is ON: inactive players will automatically lose when time's up. (requested by byebyebirdie1)\n|\n|t:|1746065155\n|move|p2a: Chien-Pao|Sucker Punch|p1b: The Nether\n|-damage|p1b: The Nether|14/100\n|move|p1a: Buck Chucket|Sacred Sword|p2b: Zamazenta\n|-supereffective|p2b: Zamazenta\n|-damage|p2b: Zamazenta|11/100\n|move|p2b: Zamazenta|Body Press|p1a: Buck Chucket\n|-damage|p1a: Buck Chucket|18/100\n|move|p1b: The Nether|Origin Pulse|p2b: Zamazenta|[spread] p2a,p2b\n|-damage|p2a: Chien-Pao|0 fnt\n|-damage|p2b: Zamazenta|0 fnt\n|faint|p2a: Chien-Pao\n|faint|p2b: Zamazenta\n|\n|-weather|RainDance|[upkeep]\n|-heal|p1a: Buck Chucket|24/100|[from] Grassy Terrain\n|-heal|p1b: The Nether|20/100|[from] Grassy Terrain\n|-fieldend|move: Grassy Terrain\n|upkeep\n|\n|t:|1746065164\n|switch|p2b: Calyrex|Calyrex-Shadow, L50|100/100\n|-ability|p2b: Calyrex|As One\n|-ability|p2b: Calyrex|Unnerve\n|turn|6\n|\n|t:|1746065172\n|move|p2b: Calyrex|Astral Barrage|p1b: The Nether|[spread] p1a,p1b\n|-crit|p1b: The Nether\n|-damage|p1a: Buck Chucket|0 fnt\n|-damage|p1b: The Nether|0 fnt\n|faint|p1a: Buck Chucket\n|faint|p1b: The Nether\n|\n|win|byebyebirdie1\n|raw|Fayzginger's rating: 1249 &rarr; <strong>1230</strong><br />(-19 for losing)\n|raw|byebyebirdie1's rating: 1339 &rarr; <strong>1354</strong><br />(+15 for winning)\n|l|\u2606Fayzginger\n|player|p1|\n", "uploadtime": 1746065180, "views": 15, "formatid": "gen9vgc2025regibo3", "rating": 1230, "private": 0, "password": null}