{"id": "gen9vgc2025regibo3-2353578802", "format": "[Gen 9] VGC 2025 Reg I (Bo3)", "players": ["waveniki", "acheimassa"], "log": "|j|\u2606waveniki\n|j|\u2606acheimassa\n|html|<table width=\"100%\"><tr><td align=\"left\">waveniki</td><td align=\"right\">acheimassa</tr><tr><td align=\"left\"><i class=\"fa fa-circle\"></i> <i class=\"fa fa-circle-o\"></i> </td><td align=\"right\"><i class=\"fa fa-circle-o\"></i> <i class=\"fa fa-circle\"></i> </tr></table>\n|uhtml|bestof|<h2><strong>Game 3</strong> of <a href=\"/game-bestof3-gen9vgc2025regibo3-2353575699\">a best-of-3</a></h2>\n|t:|1745970541\n|gametype|doubles\n|player|p1|waveniki|clerk|1221\n|player|p2|acheimassa|266|1115\n|teamsize|p1|6\n|teamsize|p2|6\n|gen|9\n|tier|[Gen 9] VGC 2025 Reg I (Bo3)\n|rated|\n|rule|Species Clause: Limit one of each Pok\u00e9mon\n|rule|Item Clause: Limit 1 of each item\n|clearpoke\n|poke|p1|Terapagos, L50, M|\n|poke|p1|Koraidon, L50|\n|poke|p1|Incineroar, L50, M|\n|poke|p1|Flutter Mane, L50|\n|poke|p1|Raging Bolt, L50|\n|poke|p1|Ogerpon-Cornerstone, L50, F|\n|poke|p2|Dondozo, L50, F|\n|poke|p2|Tatsugiri-Droopy, L50, F|\n|poke|p2|Koraidon, L50|\n|poke|p2|Calyrex-Shadow, L50|\n|poke|p2|Weezing-Galar, L50, F|\n|poke|p2|Chi-Yu, L50|\n|teampreview|4\n|showteam|p1|Terapagos||Leftovers|TeraShift|TeraStarstorm,EarthPower,CalmMind,Protect|||M|||50|,,,,,Stellar]Koraidon||LifeOrb|OrichalcumPulse|CloseCombat,FlareBlitz,FlameCharge,Protect||||||50|,,,,,Fire]Incineroar||RockyHelmet|Intimidate|FakeOut,FlareBlitz,KnockOff,PartingShot|||M|||50|,,,,,Bug]Flutter Mane||FocusSash|Protosynthesis|Moonblast,ShadowBall,IcyWind,Protect||||||50|,,,,,Stellar]Raging Bolt||AssaultVest|Protosynthesis|Thunderbolt,Thunderclap,Snarl,DracoMeteor||||||50|,,,,,Electric]Ogerpon-Cornerstone||CornerstoneMask|Sturdy|IvyCudgel,PowerWhip,FollowMe,SpikyShield|||F|||50|,,,,,Rock\n|showteam|p2|Dondozo||Leftovers|Unaware|WaveCrash,Earthquake,BodyPress,Protect|||F|||50|,,,,,Grass]Tatsugiri-Droopy||FocusSash|Commander|Protect,IcyWind,MuddyWater,DracoMeteor|||F|||50|,,,,,Normal]Koraidon||AbilityShield|OrichalcumPulse|FlareBlitz,DragonClaw,CollisionCourse,Protect||||||50|,,,,,Fire]Calyrex-Shadow||LifeOrb|AsOneSpectrier|AstralBarrage,Psychic,PollenPuff,Protect||||||50|,,,,,Dark]Weezing-Galar||SitrusBerry|NeutralizingGas|StrangeSteam,PoisonGas,ToxicSpikes,Protect|||F|||50|,,,,,Dark]Chi-Yu||ChoiceScarf|BeadsofRuin|HeatWave,Overheat,ScaryFace,Snarl||||||50|,,,,,Ghost\n|inactive|Battle timer is ON: inactive players will automatically lose when time's up. (requested by waveniki)\n|j| acetrainerjuno\n|\n|t:|1745970567\n|start\n|switch|p1a: Ogerpon|Ogerpon-Cornerstone, L50, F|100/100\n|switch|p1b: Flutter Mane|Flutter Mane, L50|100/100\n|switch|p2a: Annie|Calyrex-Shadow, L50|100/100\n|switch|p2b: Pieck|Chi-Yu, L50|100/100\n|-ability|p2a: Annie|As One\n|-ability|p2a: Annie|Unnerve\n|-ability|p2b: Pieck|Beads of Ruin\n|turn|1\n|\n|t:|1745970588\n|move|p1b: Flutter Mane|Protect|p1b: Flutter Mane\n|-singleturn|p1b: Flutter Mane|Protect\n|move|p1a: Ogerpon|Spiky Shield|p1a: Ogerpon\n|-singleturn|p1a: Ogerpon|move: Protect\n|move|p2b: Pieck|Snarl|p1b: Flutter Mane|[spread] \n|-activate|p1a: Ogerpon|move: Protect\n|-activate|p1b: Flutter Mane|move: Protect\n|move|p2a: Annie|Astral Barrage|p1a: Ogerpon|[spread] \n|-activate|p1a: Ogerpon|move: Protect\n|-activate|p1b: Flutter Mane|move: Protect\n|\n|upkeep\n|turn|2\n|\n|t:|1745970598\n|-end|p1b: Flutter Mane|Protosynthesis|[silent]\n|switch|p1b: Koraidon|Koraidon, L50|100/100\n|-weather|SunnyDay|[from] ability: Orichalcum Pulse|[of] p1b: Koraidon\n|-activate|p1b: Koraidon|Orichalcum Pulse|[source]\n|-terastallize|p2a: Annie|Dark\n|move|p2b: Pieck|Snarl|p1b: Koraidon|[spread] p1a,p1b\n|-resisted|p1b: Koraidon\n|-damage|p1a: Ogerpon|71/100\n|-damage|p1b: Koraidon|89/100\n|-unboost|p1a: Ogerpon|spa|1\n|-unboost|p1b: Koraidon|spa|1\n|move|p2a: Annie|Astral Barrage|p1a: Ogerpon|[spread] p1a,p1b\n|-damage|p1a: Ogerpon|0 fnt\n|-damage|p1b: Koraidon|0 fnt\n|faint|p1a: Ogerpon\n|faint|p1b: Koraidon\n|-ability|p2a: Annie|Grim Neigh|boost\n|-boost|p2a: Annie|spa|2\n|-damage|p2a: Annie|91/100|[from] item: Life Orb\n|\n|-weather|SunnyDay|[upkeep]\n|upkeep\n|\n|t:|1745970602\n|switch|p1b: Raging Bolt|Raging Bolt, L50|100/100\n|switch|p1a: Flutter Mane|Flutter Mane, L50|100/100\n|-activate|p1a: Flutter Mane|ability: Protosynthesis\n|-start|p1a: Flutter Mane|protosynthesisspe\n|-activate|p1b: Raging Bolt|ability: Protosynthesis\n|-start|p1b: Raging Bolt|protosynthesisspa\n|turn|3\n|\n|t:|1745970618\n|move|p2a: Annie|Protect|p2a: Annie\n|-singleturn|p2a: Annie|Protect\n|move|p1b: Raging Bolt|Thunderclap|p2b: Pieck\n|-damage|p2b: Pieck|54/100\n|move|p1a: Flutter Mane|Moonblast|p2b: Pieck\n|-damage|p2b: Pieck|6/100\n|move|p2b: Pieck|Snarl|p1a: Flutter Mane|[spread] p1a\n|-miss|p2b: Pieck|p1b: Raging Bolt\n|-damage|p1a: Flutter Mane|75/100\n|-unboost|p1a: Flutter Mane|spa|1\n|\n|-weather|SunnyDay|[upkeep]\n|upkeep\n|turn|4\n|\n|t:|1745970632\n|-terastallize|p1a: Flutter Mane|Stellar\n|move|p2a: Annie|Protect||[still]\n|-fail|p2a: Annie\n|move|p1a: Flutter Mane|Moonblast|p2a: Annie\n|-supereffective|p2a: Annie\n|-damage|p2a: Annie|0 fnt\n|faint|p2a: Annie\n|move|p2b: Pieck|Snarl|p1b: Raging Bolt|[spread] p1a,p1b\n|-damage|p1a: Flutter Mane|49/100\n|-damage|p1b: Raging Bolt|84/100\n|-unboost|p1a: Flutter Mane|spa|1\n|-unboost|p1b: Raging Bolt|spa|1\n|move|p1b: Raging Bolt|Thunderbolt|p2b: Pieck\n|-damage|p2b: Pieck|0 fnt\n|faint|p2b: Pieck\n|\n|-weather|SunnyDay|[upkeep]\n|upkeep\n|\n|t:|1745970635\n|switch|p2a: Bertolt|Dondozo, L50, F|100/100\n|switch|p2b: Reiner|Tatsugiri-Droopy, L50, F, shiny|100/100\n|-activate|p2b: Reiner|ability: Commander|[of] p2a: Bertolt\n|-boost|p2a: Bertolt|atk|2\n|-boost|p2a: Bertolt|spa|2\n|-boost|p2a: Bertolt|spe|2\n|-boost|p2a: Bertolt|def|2\n|-boost|p2a: Bertolt|spd|2\n|turn|5\n|\n|t:|1745970641\n|move|p2a: Bertolt|Protect|p2a: Bertolt\n|-singleturn|p2a: Bertolt|Protect\n|move|p1a: Flutter Mane|Icy Wind|p2a: Bertolt|[spread] \n|-miss|p1a: Flutter Mane|p2b: Reiner\n|-activate|p2a: Bertolt|move: Protect\n|move|p1b: Raging Bolt|Thunderbolt|p2a: Bertolt\n|-activate|p2a: Bertolt|move: Protect\n|\n|-weather|SunnyDay|[upkeep]\n|upkeep\n|turn|6\n|\n|t:|1745970649\n|move|p1a: Flutter Mane|Shadow Ball|p2a: Bertolt\n|-damage|p2a: Bertolt|77/100\n|move|p2a: Bertolt|Earthquake|p1b: Raging Bolt|[spread] p1a,p1b\n|-miss|p2a: Bertolt|p2b: Reiner\n|-supereffective|p1b: Raging Bolt\n|-damage|p1a: Flutter Mane|0 fnt\n|-damage|p1b: Raging Bolt|33/100\n|faint|p1a: Flutter Mane\n|-end|p1a: Flutter Mane|Protosynthesis|[silent]\n|move|p1b: Raging Bolt|Thunderbolt|p2a: Bertolt\n|-supereffective|p2a: Bertolt\n|-damage|p2a: Bertolt|26/100\n|\n|-weather|none\n|-end|p1b: Raging Bolt|Protosynthesis\n|-heal|p2a: Bertolt|32/100|[from] item: Leftovers\n|upkeep\n|turn|7\n|\n|t:|1745970656\n|move|p2a: Bertolt|Protect|p2a: Bertolt\n|-singleturn|p2a: Bertolt|Protect\n|move|p1b: Raging Bolt|Thunderbolt|p2a: Bertolt\n|-activate|p2a: Bertolt|move: Protect\n|\n|-heal|p2a: Bertolt|39/100|[from] item: Leftovers\n|upkeep\n|turn|8\n|\n|t:|1745970666\n|move|p1b: Raging Bolt|Thunderclap|p2a: Bertolt\n|-supereffective|p2a: Bertolt\n|-damage|p2a: Bertolt|6/100\n|move|p2a: Bertolt|Earthquake|p1b: Raging Bolt|[spread] p1b\n|-miss|p2a: Bertolt|p2b: Reiner\n|-supereffective|p1b: Raging Bolt\n|-damage|p1b: Raging Bolt|0 fnt\n|faint|p1b: Raging Bolt\n|-end|p1b: Raging Bolt|Protosynthesis|[silent]\n|\n|win|acheimassa\n|raw|waveniki's rating: 1221 &rarr; <strong>1189</strong><br />(-32 for losing)\n|raw|acheimassa's rating: 1115 &rarr; <strong>1147</strong><br />(+32 for winning)\n|l|\u2606waveniki\n|player|p1|\n|j|\u2606waveniki\n|player|p1|waveniki|clerk|\n|l|\u2606acheimassa\n|player|p2|\n|l| acetrainerjuno\n", "uploadtime": 1745970693, "views": 25, "formatid": "gen9vgc2025regibo3", "rating": 1147, "private": 0, "password": null}