{"id": "gen9vgc2025regibo3-2354412257", "format": "[Gen 9] VGC 2025 Reg I (Bo3)", "players": ["Mona Aster", "ginsu89"], "log": "|j|\u2606Mona Aster\n|j|\u2606ginsu89\n|html|<table width=\"100%\"><tr><td align=\"left\">Mona Aster</td><td align=\"right\">ginsu89</tr><tr><td align=\"left\"><i class=\"fa fa-circle-o\"></i> <i class=\"fa fa-circle-o\"></i> </td><td align=\"right\"><i class=\"fa fa-circle-o\"></i> <i class=\"fa fa-circle-o\"></i> </tr></table>\n|uhtml|bestof|<h2><strong>Game 1</strong> of <a href=\"/game-bestof3-gen9vgc2025regibo3-2354412256\">a best-of-3</a></h2>\n|t:|1746068204\n|gametype|doubles\n|player|p1|Mona Aster|265|1116\n|player|p2|ginsu89|102|1059\n|teamsize|p1|6\n|teamsize|p2|6\n|gen|9\n|tier|[Gen 9] VGC 2025 Reg I (Bo3)\n|rated|\n|rule|Species Clause: Limit one of each Pok\u00e9mon\n|rule|Item Clause: Limit 1 of each item\n|clearpoke\n|poke|p1|Lunala, L50|\n|poke|p1|Groudon, L50|\n|poke|p1|Incineroar, L50, M|\n|poke|p1|Iron Valiant, L50|\n|poke|p1|Urshifu-*, L50, F|\n|poke|p1|Raging Bolt, L50|\n|poke|p2|Roaring Moon, L50|\n|poke|p2|Zacian-*, L50|\n|poke|p2|Calyrex-Shadow, L50|\n|poke|p2|Rillaboom, L50, M|\n|poke|p2|Incineroar, L50, M|\n|poke|p2|Volcarona, L50, F|\n|teampreview|4\n|showteam|p1|Lunala||PowerHerb|ShadowShield|TrickRoom,MeteorBeam,WideGuard,MoongeistBeam||||||50|,,,,,Water]Groudon||ClearAmulet|Drought|Protect,PrecipiceBlades,HeatCrash,Substitute||||||50|,,,,,Fire]Incineroar||SafetyGoggles|Intimidate|FlareBlitz,KnockOff,FakeOut,PartingShot|||M|||50|,,,,,Ghost]Iron Valiant||BoosterEnergy|QuarkDrive|Moonblast,Encore,Protect,Taunt||||||50|,,,,,Ghost]Urshifu||ChoiceScarf|UnseenFist|WickedBlow,CloseCombat,Uturn,IronHead|||F|||50|,,,,,Stellar]Raging Bolt||AssaultVest|Protosynthesis|Electroweb,Thunderclap,WeatherBall,DracoMeteor||||||50|,,,,,Electric\n|showteam|p2|Roaring Moon||BoosterEnergy|Protosynthesis|Acrobatics,KnockOff,Tailwind,Protect||||||50|,,,,,Flying]Zacian-Crowned||RustedSword|IntrepidSword|behemothblade,PlayRough,SacredSword,Protect||||||50|,,,,,Water]Calyrex-Shadow||FocusSash|AsOneSpectrier|AstralBarrage,Psychic,Encore,Protect||||||50|,,,,,Dark]Rillaboom||AssaultVest|GrassySurge|FakeOut,Uturn,WoodHammer,GrassyGlide|||M|||50|,,,,,Rock]Incineroar||SafetyGoggles|Intimidate|WillOWisp,KnockOff,FakeOut,PartingShot|||M|||50|,,,,,Bug]Volcarona||SitrusBerry|FlameBody|QuiverDance,FieryDance,GigaDrain,Protect|||F|||50|,,,,,Grass\n|\n|t:|1746068287\n|start\n|switch|p1a: Urshifu|Urshifu, L50, F|100/100\n|switch|p1b: Iron Valiant|Iron Valiant, L50|100/100\n|switch|p2a: Roaring Moon|Roaring Moon, L50|100/100\n|switch|p2b: Zacian|Zacian-Crowned, L50|100/100\n|-ability|p2b: Zacian|Intrepid Sword|boost\n|-boost|p2b: Zacian|atk|1\n|-enditem|p2a: Roaring Moon|Booster Energy\n|-activate|p2a: Roaring Moon|ability: Protosynthesis|[fromitem]\n|-start|p2a: Roaring Moon|protosynthesisspe\n|-enditem|p1b: Iron Valiant|Booster Energy\n|-activate|p1b: Iron Valiant|ability: Quark Drive|[fromitem]\n|-start|p1b: Iron Valiant|quarkdrivespe\n|turn|1\n|\n|t:|1746068334\n|-terastallize|p2a: Roaring Moon|Flying\n|move|p2a: Roaring Moon|Knock Off|p1a: Urshifu\n|-resisted|p1a: Urshifu\n|-damage|p1a: Urshifu|89/100\n|-enditem|p1a: Urshifu|Choice Scarf|[from] move: Knock Off|[of] p2a: Roaring Moon\n|move|p1b: Iron Valiant|Moonblast|p2a: Roaring Moon\n|-damage|p2a: Roaring Moon|63/100\n|-unboost|p2a: Roaring Moon|spa|1\n|move|p2b: Zacian|Behemoth Blade|p1b: Iron Valiant\n|-supereffective|p1b: Iron Valiant\n|-damage|p1b: Iron Valiant|0 fnt\n|faint|p1b: Iron Valiant\n|-end|p1b: Iron Valiant|Quark Drive|[silent]\n|move|p1a: Urshifu|Close Combat|p2b: Zacian\n|-damage|p2b: Zacian|37/100\n|-unboost|p1a: Urshifu|def|1\n|-unboost|p1a: Urshifu|spd|1\n|\n|upkeep\n|\n|t:|1746068353\n|switch|p1b: Groudon|Groudon, L50|100/100\n|-weather|SunnyDay|[from] ability: Drought|[of] p1b: Groudon\n|turn|2\n|\n|t:|1746068392\n|move|p2a: Roaring Moon|Acrobatics|p1a: Urshifu\n|-supereffective|p1a: Urshifu\n|-damage|p1a: Urshifu|0 fnt\n|faint|p1a: Urshifu\n|move|p2b: Zacian|Behemoth Blade|p1b: Groudon\n|-damage|p1b: Groudon|44/100\n|move|p1b: Groudon|Precipice Blades|p2b: Zacian|[spread] \n|-immune|p2a: Roaring Moon\n|-miss|p1b: Groudon|p2b: Zacian\n|\n|-weather|SunnyDay|[upkeep]\n|upkeep\n|\n|t:|1746068401\n|switch|p1a: Lunala|Lunala, L50|100/100\n|turn|3\n|\n|t:|1746068439\n|-terastallize|p1a: Lunala|Water\n|move|p1b: Groudon|Protect|p1b: Groudon\n|-singleturn|p1b: Groudon|Protect\n|move|p2a: Roaring Moon|Knock Off|p1a: Lunala\n|-damage|p1a: Lunala|80/100\n|-enditem|p1a: Lunala|Power Herb|[from] move: Knock Off|[of] p2a: Roaring Moon\n|move|p2b: Zacian|Behemoth Blade|p1b: Groudon\n|-activate|p1b: Groudon|move: Protect\n|move|p1a: Lunala|Trick Room|p1a: Lunala\n|-fieldstart|move: Trick Room|[of] p1a: Lunala\n|\n|-weather|SunnyDay|[upkeep]\n|upkeep\n|turn|4\n|\n|t:|1746068463\n|move|p2a: Roaring Moon|Protect|p2a: Roaring Moon\n|-singleturn|p2a: Roaring Moon|Protect\n|move|p1b: Groudon|Precipice Blades|p2b: Zacian|[spread] p2b\n|-activate|p2a: Roaring Moon|move: Protect\n|-supereffective|p2b: Zacian\n|-damage|p2b: Zacian|0 fnt\n|faint|p2b: Zacian\n|move|p1a: Lunala|Moongeist Beam|p2a: Roaring Moon\n|-activate|p2a: Roaring Moon|move: Protect\n|\n|-weather|SunnyDay|[upkeep]\n|upkeep\n|\n|t:|1746068480\n|switch|p2b: Rillaboom|Rillaboom, L50, M|100/100\n|-fieldstart|move: Grassy Terrain|[from] ability: Grassy Surge|[of] p2b: Rillaboom\n|turn|5\n|\n|t:|1746068504\n|move|p2b: Rillaboom|Fake Out|p1a: Lunala\n|-damage|p1a: Lunala|70/100\n|move|p1b: Groudon|Heat Crash|p2b: Rillaboom\n|-supereffective|p2b: Rillaboom\n|-damage|p2b: Rillaboom|0 fnt\n|faint|p2b: Rillaboom\n|cant|p1a: Lunala|flinch\n|move|p2a: Roaring Moon|Acrobatics|p1a: Lunala\n|-damage|p1a: Lunala|26/100\n|\n|-weather|SunnyDay|[upkeep]\n|-heal|p1b: Groudon|50/100|[from] Grassy Terrain\n|-heal|p1a: Lunala|32/100|[from] Grassy Terrain\n|upkeep\n|\n|t:|1746068518\n|switch|p2b: Calyrex|Calyrex-Shadow, L50|100/100\n|-ability|p2b: Calyrex|As One\n|-ability|p2b: Calyrex|Unnerve\n|turn|6\n|\n|t:|1746068537\n|move|p2b: Calyrex|Protect|p2b: Calyrex\n|-singleturn|p2b: Calyrex|Protect\n|move|p2a: Roaring Moon|Protect|p2a: Roaring Moon\n|-singleturn|p2a: Roaring Moon|Protect\n|move|p1b: Groudon|Heat Crash|p2b: Calyrex\n|-activate|p2b: Calyrex|move: Protect\n|move|p1a: Lunala|Moongeist Beam|p2a: Roaring Moon\n|-activate|p2a: Roaring Moon|move: Protect\n|\n|-weather|none\n|-heal|p1b: Groudon|56/100|[from] Grassy Terrain\n|-heal|p1a: Lunala|38/100|[from] Grassy Terrain\n|upkeep\n|turn|7\n|\n|t:|1746068560\n|move|p1b: Groudon|Precipice Blades|p2b: Calyrex|[spread] p2b\n|-immune|p2a: Roaring Moon\n|-damage|p2b: Calyrex|40/100\n|move|p1a: Lunala|Moongeist Beam|p2b: Calyrex\n|-supereffective|p2b: Calyrex\n|-damage|p2b: Calyrex|0 fnt\n|faint|p2b: Calyrex\n|move|p2a: Roaring Moon|Acrobatics|p1a: Lunala\n|-damage|p1a: Lunala|0 fnt\n|faint|p1a: Lunala\n|\n|-heal|p1b: Groudon|61/100|[from] Grassy Terrain\n|-fieldend|move: Trick Room\n|upkeep\n|turn|8\n|\n|t:|1746068584\n|move|p1b: Groudon|Protect|p1b: Groudon\n|-singleturn|p1b: Groudon|Protect\n|move|p2a: Roaring Moon|Knock Off|p1b: Groudon\n|-activate|p1b: Groudon|move: Protect\n|\n|-heal|p1b: Groudon|67/100|[from] Grassy Terrain\n|upkeep\n|turn|9\n|\n|t:|1746068601\n|move|p2a: Roaring Moon|Acrobatics|p1b: Groudon\n|-damage|p1b: Groudon|28/100\n|move|p1b: Groudon|Heat Crash|p2a: Roaring Moon\n|-damage|p2a: Roaring Moon|32/100\n|\n|-heal|p1b: Groudon|34/100|[from] Grassy Terrain\n|-fieldend|move: Grassy Terrain\n|upkeep\n|turn|10\n|\n|t:|1746068620\n|move|p2a: Roaring Moon|Acrobatics|p1b: Groudon\n|-damage|p1b: Groudon|0 fnt\n|faint|p1b: Groudon\n|\n|win|ginsu89\n", "uploadtime": 1746068624, "views": 14, "formatid": "gen9vgc2025regibo3", "rating": null, "private": 0, "password": null}