{"id": "gen9vgc2025regibo3-2353481185", "format": "[Gen 9] VGC 2025 Reg I (Bo3)", "players": ["PokeBruss123", "DZSONNIIIIII"], "log": "|j|\u2606PokeBruss123\n|j|\u2606DZSONNIIIIII\n|html|<table width=\"100%\"><tr><td align=\"left\">PokeBruss123</td><td align=\"right\">DZSONNIIIIII</tr><tr><td align=\"left\"><i class=\"fa fa-circle\"></i> <i class=\"fa fa-circle-o\"></i> </td><td align=\"right\"><i class=\"fa fa-circle-o\"></i> <i class=\"fa fa-circle-o\"></i> </tr></table>\n|uhtml|bestof|<h2><strong>Game 2</strong> of <a href=\"/game-bestof3-gen9vgc2025regibo3-2353479252\">a best-of-3</a></h2>\n|t:|1745959951\n|gametype|doubles\n|player|p1|PokeBruss123|veteran|1088\n|player|p2|DZSONNIIIIII|102|1009\n|teamsize|p1|6\n|teamsize|p2|6\n|gen|9\n|tier|[Gen 9] VGC 2025 Reg I (Bo3)\n|rated|\n|rule|Species Clause: Limit one of each Pok\u00e9mon\n|rule|Item Clause: Limit 1 of each item\n|clearpoke\n|poke|p1|Urshifu-*, L50, M|\n|poke|p1|Zamazenta-*, L50|\n|poke|p1|Palkia, L50|\n|poke|p1|Flutter Mane, L50|\n|poke|p1|Chi-Yu, L50|\n|poke|p1|Grimmsnarl, L50, M|\n|poke|p2|Hippowdon, L50, M|\n|poke|p2|Houndstone, L50, M|\n|poke|p2|Tornadus, L50, M|\n|poke|p2|Chi-Yu, L50|\n|poke|p2|Flutter Mane, L50|\n|poke|p2|Incineroar, L50, F|\n|teampreview|4\n|showteam|p1|Urshifu||FocusSash|UnseenFist|WickedBlow,Detect,IronHead,CloseCombat|||M|||50|,,,,,Steel]Zamazenta-Crowned||RustedShield|DauntlessShield|BodyPress,HeavySlam,WideGuard,IronDefense||||||50|,,,,,Dragon]Palkia||WideLens|Pressure|Protect,HydroPump,DracoMeteor,IcyWind||||||50|,,,,,Grass]Flutter Mane||BoosterEnergy|Protosynthesis|IcyWind,Moonblast,Protect,ShadowBall||||||50|,,,,,Ground]Chi-Yu||ChoiceScarf|BeadsofRuin|HeatWave,DarkPulse,BurningJealousy,Overheat||||||50|,,,,,Ghost]Grimmsnarl||LightClay|Prankster|SpiritBreak,FakeOut,ThunderWave,LightScreen|||M|||50|,,,,,Normal\n|showteam|p2|Hippowdon||AbilityShield|SandStream|Yawn,HelpingHand,BodyPress,Earthquake|||M|||50|,,,,,Grass]Houndstone||ClearAmulet|SandRush|LastRespects,PlayRough,Protect,Substitute|||M|||50|,,,,,Ghost]Tornadus||CovertCloak|Prankster|Sandstorm,BleakwindStorm,Taunt,Tailwind|||M|||50|,,,,,Dark]Chi-Yu||FocusSash|BeadsofRuin|DarkPulse,Flamethrower,Protect,TeraBlast||||||50|,,,,,Stellar]Flutter Mane||BoosterEnergy|Protosynthesis|DazzlingGleam,PowerGem,ShadowBall,Protect||||||50|,,,,,Fairy]Incineroar||SafetyGoggles|Intimidate|FakeOut,PartingShot,FlareBlitz,KnockOff|||F|||50|,,,,,Grass\n|inactive|Battle timer is ON: inactive players will automatically lose when time's up. (requested by DZSONNIIIIII)\n|\n|t:|1745959993\n|start\n|switch|p1a: Palkia|Palkia, L50|100/100\n|switch|p1b: Flutter Mane|Flutter Mane, L50|100/100\n|switch|p2a: Incineroar|Incineroar, L50, F|100/100\n|switch|p2b: Tornadus|Tornadus, L50, M|100/100\n|-ability|p1a: Palkia|Pressure\n|-ability|p2a: Incineroar|Intimidate|boost\n|-unboost|p1a: Palkia|atk|1\n|-unboost|p1b: Flutter Mane|atk|1\n|-enditem|p1b: Flutter Mane|Booster Energy\n|-activate|p1b: Flutter Mane|ability: Protosynthesis|[fromitem]\n|-start|p1b: Flutter Mane|protosynthesisspe\n|turn|1\n|\n|t:|1745960018\n|move|p1a: Palkia|Protect|p1a: Palkia\n|-singleturn|p1a: Palkia|Protect\n|move|p2a: Incineroar|Fake Out|p1a: Palkia\n|-activate|p1a: Palkia|move: Protect\n|move|p2b: Tornadus|Tailwind|p2b: Tornadus\n|-sidestart|p2: DZSONNIIIIII|move: Tailwind\n|move|p1b: Flutter Mane|Moonblast|p2a: Incineroar\n|-damage|p2a: Incineroar|51/100\n|\n|upkeep\n|turn|2\n|\n|t:|1745960041\n|move|p2b: Tornadus|Sandstorm|p2b: Tornadus\n|-weather|Sandstorm\n|move|p1b: Flutter Mane|Icy Wind|p2a: Incineroar|[spread] p2a,p2b\n|-resisted|p2a: Incineroar\n|-supereffective|p2b: Tornadus\n|-damage|p2a: Incineroar|44/100\n|-damage|p2b: Tornadus|75/100\n|-unboost|p2a: Incineroar|spe|1\n|move|p1a: Palkia|Hydro Pump|p2a: Incineroar|[miss]\n|-miss|p1a: Palkia|p2a: Incineroar\n|move|p2a: Incineroar|Parting Shot|p1a: Palkia\n|-unboost|p1a: Palkia|atk|1\n|-unboost|p1a: Palkia|spa|1\n|\n|t:|1745960053\n|switch|p2a: Houndstone|Houndstone, L50, M|100/100|[from] Parting Shot\n|\n|-weather|Sandstorm|[upkeep]\n|-damage|p1b: Flutter Mane|94/100|[from] Sandstorm\n|-damage|p2b: Tornadus|69/100|[from] Sandstorm\n|-damage|p1a: Palkia|94/100|[from] Sandstorm\n|upkeep\n|turn|3\n|\n|t:|1745960067\n|move|p2a: Houndstone|Play Rough|p1a: Palkia\n|-supereffective|p1a: Palkia\n|-damage|p1a: Palkia|43/100\n|move|p1b: Flutter Mane|Shadow Ball|p2a: Houndstone\n|-supereffective|p2a: Houndstone\n|-damage|p2a: Houndstone|2/100\n|move|p2b: Tornadus|Bleakwind Storm|p1b: Flutter Mane|[spread] p1a,p1b\n|-damage|p1a: Palkia|14/100\n|-damage|p1b: Flutter Mane|60/100\n|move|p1a: Palkia|Icy Wind|p2b: Tornadus|[spread] p2a,p2b\n|-crit|p2a: Houndstone\n|-supereffective|p2b: Tornadus\n|-damage|p2a: Houndstone|0 fnt\n|-damage|p2b: Tornadus|50/100\n|faint|p2a: Houndstone\n|\n|-weather|Sandstorm|[upkeep]\n|-damage|p1b: Flutter Mane|54/100|[from] Sandstorm\n|-damage|p2b: Tornadus|44/100|[from] Sandstorm\n|-damage|p1a: Palkia|8/100|[from] Sandstorm\n|upkeep\n|\n|t:|1745960084\n|switch|p2a: Chi-Yu|Chi-Yu, L50|100/100\n|-ability|p2a: Chi-Yu|Beads of Ruin\n|turn|4\n|\n|t:|1745960100\n|-terastallize|p2a: Chi-Yu|Stellar\n|move|p1b: Flutter Mane|Protect|p1b: Flutter Mane\n|-singleturn|p1b: Flutter Mane|Protect\n|move|p1a: Palkia|Protect|p1a: Palkia\n|-singleturn|p1a: Palkia|Protect\n|move|p2a: Chi-Yu|Dark Pulse|p1b: Flutter Mane\n|-activate|p1b: Flutter Mane|move: Protect\n|move|p2b: Tornadus|Bleakwind Storm|p1b: Flutter Mane|[spread] \n|-activate|p1a: Palkia|move: Protect\n|-activate|p1b: Flutter Mane|move: Protect\n|\n|-weather|Sandstorm|[upkeep]\n|-damage|p2a: Chi-Yu|94/100|[from] Sandstorm\n|-damage|p1b: Flutter Mane|47/100|[from] Sandstorm\n|-damage|p2b: Tornadus|38/100|[from] Sandstorm\n|-damage|p1a: Palkia|2/100|[from] Sandstorm\n|-sideend|p2: DZSONNIIIIII|move: Tailwind\n|upkeep\n|turn|5\n|\n|t:|1745960121\n|move|p2b: Tornadus|Tailwind|p2b: Tornadus\n|-sidestart|p2: DZSONNIIIIII|move: Tailwind\n|move|p2a: Chi-Yu|Dark Pulse|p1b: Flutter Mane\n|-damage|p1b: Flutter Mane|0 fnt\n|faint|p1b: Flutter Mane\n|-end|p1b: Flutter Mane|Protosynthesis|[silent]\n|move|p1a: Palkia|Hydro Pump|p2a: Chi-Yu\n|-supereffective|p2a: Chi-Yu\n|-damage|p2a: Chi-Yu|0 fnt\n|faint|p2a: Chi-Yu\n|\n|-weather|Sandstorm|[upkeep]\n|-damage|p2b: Tornadus|32/100|[from] Sandstorm\n|-damage|p1a: Palkia|0 fnt|[from] Sandstorm\n|faint|p1a: Palkia\n|upkeep\n|\n|t:|1745960134\n|switch|p1b: Zamazenta|Zamazenta-Crowned, L50|100/100\n|switch|p2a: Incineroar|Incineroar, L50, F|44/100\n|switch|p1a: Chi-Yu|Chi-Yu, L50|100/100\n|-ability|p1a: Chi-Yu|Beads of Ruin\n|-ability|p2a: Incineroar|Intimidate|boost\n|-unboost|p1a: Chi-Yu|atk|1\n|-unboost|p1b: Zamazenta|atk|1\n|-ability|p1b: Zamazenta|Dauntless Shield|boost\n|-boost|p1b: Zamazenta|def|1\n|turn|6\n|\n|t:|1745960152\n|-terastallize|p1a: Chi-Yu|Ghost\n|move|p2b: Tornadus|Bleakwind Storm|p1b: Zamazenta|[spread] p1a,p1b\n|-crit|p1b: Zamazenta\n|-damage|p1a: Chi-Yu|58/100\n|-damage|p1b: Zamazenta|54/100\n|move|p1a: Chi-Yu|Heat Wave|p2b: Tornadus|[spread] p2a,p2b\n|-resisted|p2a: Incineroar\n|-damage|p2a: Incineroar|19/100\n|-damage|p2b: Tornadus|0 fnt\n|faint|p2b: Tornadus\n|move|p2a: Incineroar|Flare Blitz|p1b: Zamazenta\n|-supereffective|p1b: Zamazenta\n|-damage|p1b: Zamazenta|8/100\n|-damage|p2a: Incineroar|4/100|[from] Recoil\n|move|p1b: Zamazenta|Body Press|p2a: Incineroar\n|-supereffective|p2a: Incineroar\n|-damage|p2a: Incineroar|0 fnt\n|faint|p2a: Incineroar\n|\n|win|PokeBruss123\n|raw|PokeBruss123's rating: 1088 &rarr; <strong>1109</strong><br />(+21 for winning)\n|raw|DZSONNIIIIII's rating: 1009 &rarr; <strong>1000</strong><br />(-9 for losing)\n|l|\u2606DZSONNIIIIII\n|player|p2|\n|l|\u2606PokeBruss123\n|player|p1|\n", "uploadtime": 1745960480, "views": 22, "formatid": "gen9vgc2025regibo3", "rating": 1000, "private": 0, "password": null}