{"id": "gen9vgc2025regibo3-2353863911", "format": "[Gen 9] VGC 2025 Reg I (Bo3)", "players": ["bertcamem", "pon seis nueve"], "log": "|j|\u2606bertcamem\n|j|\u203dpon seis nueve\n|html|<table width=\"100%\"><tr><td align=\"left\">bertcamem</td><td align=\"right\">pon seis nueve</tr><tr><td align=\"left\"><i class=\"fa fa-circle-o\"></i> <i class=\"fa fa-circle-o\"></i> </td><td align=\"right\"><i class=\"fa fa-circle-o\"></i> <i class=\"fa fa-circle\"></i> </tr></table>\n|uhtml|bestof|<h2><strong>Game 2</strong> of <a href=\"/game-bestof3-gen9vgc2025regibo3-2353862889\">a best-of-3</a></h2>\n|t:|1746012080\n|gametype|doubles\n|player|p1|bertcamem|169|1175\n|player|p2|pon seis nueve|marlon|1199\n|teamsize|p1|6\n|teamsize|p2|6\n|gen|9\n|tier|[Gen 9] VGC 2025 Reg I (Bo3)\n|rated|\n|rule|Species Clause: Limit one of each Pok\u00e9mon\n|rule|Item Clause: Limit 1 of each item\n|clearpoke\n|poke|p1|Koraidon, L50|\n|poke|p1|Ho-Oh, L50|\n|poke|p1|Gurdurr, L50, F|\n|poke|p1|Flutter Mane, L50|\n|poke|p1|Rillaboom, L50, M|\n|poke|p1|Raging Bolt, L50|\n|poke|p2|Zamazenta-*, L50|\n|poke|p2|Calyrex-Shadow, L50|\n|poke|p2|Tornadus, L50, M|\n|poke|p2|Urshifu-*, L50, M|\n|poke|p2|Rillaboom, L50, M|\n|poke|p2|Chien-Pao, L50|\n|teampreview|4\n|showteam|p1|Koraidon||LifeOrb|OrichalcumPulse|FlareBlitz,CloseCombat,Protect,Uturn||||||50|,,,,,Fire]Ho-Oh||ClearAmulet|Regenerator|SacredFire,BraveBird,Protect,Tailwind||||||50|,,,,,Grass]Gurdurr||Eviolite|IronFist|DrainPunch,Coaching,WideGuard,HelpingHand|||F|||50|,,,,,Water]Flutter Mane||FocusSash|Protosynthesis|Moonblast,ShadowBall,Taunt,IcyWind||||||50|,,,,,Normal]Rillaboom||AssaultVest|GrassySurge|FakeOut,GrassyGlide,HighHorsepower,Uturn|||M|||50|,,,,,Fire]Raging Bolt||BoosterEnergy|Protosynthesis|Protect,Thunderclap,Thunderbolt,DracoMeteor||||||50|,,,,,Fairy\n|showteam|p2|Zamazenta-Crowned||RustedShield|DauntlessShield|BodyPress,HeavySlam,WideGuard,Protect||||||50|,,,,,Ghost]Calyrex-Shadow||FocusSash|AsOneSpectrier|AstralBarrage,Psychic,Encore,Protect||||||50|,,,,,Ghost]Tornadus||RockyHelmet|Prankster|BleakwindStorm,Tailwind,RainDance,Protect|||M|||50|,,,,,Dark]Urshifu-Rapid-Strike||MysticWater|UnseenFist|SurgingStrikes,CloseCombat,AquaJet,Detect|||M|||50|,,,,,Water]Rillaboom||AssaultVest|GrassySurge|WoodHammer,GrassyGlide,Uturn,FakeOut|||M|||50|,,,,,Fire]Chien-Pao||LifeOrb|SwordofRuin|SuckerPunch,IcicleCrash,ThroatChop,Protect||||||50|,,,,,Stellar\n|inactive|Battle timer is ON: inactive players will automatically lose when time's up. (requested by bertcamem)\n|inactive|pon seis nueve has 60 seconds left.\n|\n|t:|1746012115\n|start\n|switch|p1a: Magician|Flutter Mane, L50|100/100\n|switch|p1b: Tower|Raging Bolt, L50|100/100\n|switch|p2a: Zamazenta|Zamazenta-Crowned, L50|100/100\n|switch|p2b: Tornadus|Tornadus, L50, M|100/100\n|-ability|p2a: Zamazenta|Dauntless Shield|boost\n|-boost|p2a: Zamazenta|def|1\n|-enditem|p1b: Tower|Booster Energy\n|-activate|p1b: Tower|ability: Protosynthesis|[fromitem]\n|-start|p1b: Tower|protosynthesisspa\n|turn|1\n|\n|t:|1746012124\n|-end|p1a: Magician|Protosynthesis|[silent]\n|switch|p1a: Emperor|Ho-Oh, L50|100/100\n|move|p2a: Zamazenta|Heavy Slam|p1a: Emperor\n|-resisted|p1a: Emperor\n|-damage|p1a: Emperor|87/100\n|move|p2b: Tornadus|Bleakwind Storm|p1a: Emperor|[spread] p1b\n|-miss|p2b: Tornadus|p1a: Emperor\n|-resisted|p1b: Tower\n|-damage|p1b: Tower|86/100\n|-unboost|p1b: Tower|spe|1\n|move|p1b: Tower|Thunderbolt|p2b: Tornadus\n|-supereffective|p2b: Tornadus\n|-damage|p2b: Tornadus|0 fnt\n|faint|p2b: Tornadus\n|\n|upkeep\n|\n|t:|1746012138\n|switch|p2b: Chien-Pao|Chien-Pao, L50|100/100\n|-ability|p2b: Chien-Pao|Sword of Ruin\n|turn|2\n|\n|t:|1746012148\n|move|p2a: Zamazenta|Protect|p2a: Zamazenta\n|-singleturn|p2a: Zamazenta|Protect\n|move|p2b: Chien-Pao|Icicle Crash|p1b: Tower\n|-supereffective|p1b: Tower\n|-damage|p1b: Tower|0 fnt\n|faint|p1b: Tower\n|-end|p1b: Tower|Protosynthesis|[silent]\n|-damage|p2b: Chien-Pao|91/100|[from] item: Life Orb\n|move|p1a: Emperor|Tailwind|p1a: Emperor\n|-sidestart|p1: bertcamem|move: Tailwind\n|\n|upkeep\n|\n|t:|1746012162\n|switch|p1b: Sun|Koraidon, L50|100/100\n|-weather|SunnyDay|[from] ability: Orichalcum Pulse|[of] p1b: Sun\n|-activate|p1b: Sun|Orichalcum Pulse|[source]\n|turn|3\n|inactive|pon seis nueve has 30 seconds left.\n|\n|t:|1746012188\n|-terastallize|p2a: Zamazenta|Ghost\n|move|p2b: Chien-Pao|Sucker Punch|p1b: Sun\n|-resisted|p1b: Sun\n|-damage|p1b: Sun|74/100\n|-damage|p2b: Chien-Pao|81/100|[from] item: Life Orb\n|move|p1b: Sun|U-turn|p2b: Chien-Pao\n|-supereffective|p2b: Chien-Pao\n|-damage|p2b: Chien-Pao|0 fnt\n|faint|p2b: Chien-Pao\n|-damage|p1b: Sun|64/100|[from] item: Life Orb\n|\n|t:|1746012191\n|switch|p1b: Magician|Flutter Mane, L50|100/100|[from] U-turn\n|-activate|p1b: Magician|ability: Protosynthesis\n|-start|p1b: Magician|protosynthesisspe\n|move|p1a: Emperor|Sacred Fire|p2a: Zamazenta\n|-damage|p2a: Zamazenta|67/100\n|move|p2a: Zamazenta|Body Press|p1b: Magician\n|-immune|p1b: Magician\n|\n|-weather|SunnyDay|[upkeep]\n|upkeep\n|\n|t:|1746012203\n|switch|p2b: Calyrex|Calyrex-Shadow, L50|100/100\n|-ability|p2b: Calyrex|As One\n|-ability|p2b: Calyrex|Unnerve\n|turn|4\n|\n|t:|1746012223\n|-terastallize|p1b: Magician|Normal\n|move|p2b: Calyrex|Protect|p2b: Calyrex\n|-singleturn|p2b: Calyrex|Protect\n|move|p2a: Zamazenta|Protect|p2a: Zamazenta\n|-singleturn|p2a: Zamazenta|Protect\n|move|p1b: Magician|Shadow Ball|p2a: Zamazenta\n|-activate|p2a: Zamazenta|move: Protect\n|move|p1a: Emperor|Sacred Fire|p2b: Calyrex\n|-activate|p2b: Calyrex|move: Protect\n|\n|-weather|SunnyDay|[upkeep]\n|upkeep\n|turn|5\n|inactive|pon seis nueve has 30 seconds left.\n|\n|t:|1746012248\n|move|p2a: Zamazenta|Protect|p2a: Zamazenta\n|-singleturn|p2a: Zamazenta|Protect\n|move|p1b: Magician|Shadow Ball|p2a: Zamazenta\n|-activate|p2a: Zamazenta|move: Protect\n|move|p1a: Emperor|Sacred Fire|p2b: Calyrex\n|-damage|p2b: Calyrex|7/100\n|move|p2b: Calyrex|Astral Barrage|p1b: Magician|[spread] p1a\n|-immune|p1b: Magician\n|-damage|p1a: Emperor|53/100\n|\n|-weather|SunnyDay|[upkeep]\n|-sideend|p1: bertcamem|move: Tailwind\n|upkeep\n|turn|6\n|\n|t:|1746012265\n|move|p2b: Calyrex|Protect|p2b: Calyrex\n|-singleturn|p2b: Calyrex|Protect\n|move|p1b: Magician|Shadow Ball|p2a: Zamazenta\n|-supereffective|p2a: Zamazenta\n|-damage|p2a: Zamazenta|0 fnt\n|faint|p2a: Zamazenta\n|move|p1a: Emperor|Tailwind|p1a: Emperor\n|-sidestart|p1: bertcamem|move: Tailwind\n|\n|-weather|SunnyDay|[upkeep]\n|upkeep\n|turn|7\n|\n|t:|1746012271\n|move|p1b: Magician|Shadow Ball|p2b: Calyrex\n|-supereffective|p2b: Calyrex\n|-damage|p2b: Calyrex|0 fnt\n|faint|p2b: Calyrex\n|\n|win|bertcamem\n||bertcamem is ready for game 3.\n||pon seis nueve is ready for game 3.\n|uhtml|next|Next: <a href=\"/battle-gen9vgc2025regibo3-2353865352\"><strong>Game 3 of 3</strong></a>\n|l|\u203dpon seis nueve\n|player|p2|\n", "uploadtime": 1746012376, "views": 13, "formatid": "gen9vgc2025regibo3", "rating": null, "private": 0, "password": null}