{"id": "gen9vgc2025regibo3-2353352713", "format": "[Gen 9] VGC 2025 Reg I (Bo3)", "players": ["Squall67", "natus eternus"], "log": "|j|\u2606Squall67\n|j|\u2606natus eternus\n|html|<table width=\"100%\"><tr><td align=\"left\">Squall67</td><td align=\"right\">natus eternus</tr><tr><td align=\"left\"><i class=\"fa fa-circle-o\"></i> <i class=\"fa fa-circle-o\"></i> </td><td align=\"right\"><i class=\"fa fa-circle-o\"></i> <i class=\"fa fa-circle\"></i> </tr></table>\n|uhtml|bestof|<h2><strong>Game 2</strong> of <a href=\"/game-bestof3-gen9vgc2025regibo3-2353349581\">a best-of-3</a></h2>\n|t:|1745948718\n|gametype|doubles\n|player|p1|Squall67|hiker|1099\n|player|p2|natus eternus|miku-ground|1065\n|teamsize|p1|6\n|teamsize|p2|6\n|gen|9\n|tier|[Gen 9] VGC 2025 Reg I (Bo3)\n|rated|\n|rule|Species Clause: Limit one of each Pok\u00e9mon\n|rule|Item Clause: Limit 1 of each item\n|clearpoke\n|poke|p1|Miraidon, L50|\n|poke|p1|Urshifu-*, L50, M|\n|poke|p1|Grimmsnarl, L50, M|\n|poke|p1|Lunala, L50|\n|poke|p1|Incineroar, L50, M|\n|poke|p1|Ogerpon-Cornerstone, L50, F|\n|poke|p2|Eternatus, L50|\n|poke|p2|Grimmsnarl, L50, M|\n|poke|p2|Rillaboom, L50, F|\n|poke|p2|Kyogre, L50|\n|poke|p2|Landorus, L50, M|\n|poke|p2|Roaring Moon, L50|\n|teampreview|4\n|showteam|p1|Miraidon||ChoiceSpecs|HadronEngine|ElectroDrift,DragonPulse,Snarl,VoltSwitch||||||50|,,,,,Electric]Urshifu-Rapid-Strike||ChoiceScarf|UnseenFist|SurgingStrikes,CloseCombat,AquaJet,Uturn|||M|||50|,,,,,Water]Grimmsnarl||LightClay|Prankster|ThunderWave,LightScreen,Reflect,SpiritBreak|||M|||50|,,,,,Ghost]Lunala||PowerHerb|ShadowShield|MeteorBeam,TrickRoom,DazzlingGleam,MoongeistBeam||||||50|,,,,,Water]Incineroar||AssaultVest|Intimidate|FakeOut,KnockOff,DrainPunch,Uturn|||M|||50|,,,,,Fairy]Ogerpon-Cornerstone||CornerstoneMask|Sturdy|SpikyShield,IvyCudgel,KnockOff,FollowMe|||F|||50|,,,,,Rock\n|showteam|p2|Eternatus||LifeOrb|Pressure|DynamaxCannon,SludgeBomb,TeraBlast,Protect||||||50|,,,,,Dark]Grimmsnarl||LightClay|Prankster|SpiritBreak,Reflect,LightScreen,ThunderWave|||M|||50|,,,,,Ghost]Rillaboom||AssaultVest|GrassySurge|FakeOut,GrassyGlide,WoodHammer,Uturn|||F|||50|,,,,,Fire]Kyogre||MysticWater|Drizzle|WaterSpout,OriginPulse,IceBeam,Protect||||||50|,,,,,Grass]Landorus||ChoiceScarf|SheerForce|SandsearStorm,EarthPower,Psychic,WeatherBall|||M|||50|,,,,,Ghost]Roaring Moon||BoosterEnergy|Protosynthesis|Acrobatics,KnockOff,Tailwind,Protect||||||50|,,,,,Flying\n|\n|t:|1745948759\n|start\n|switch|p1a: Incineroar|Incineroar, L50, M, shiny|100/100\n|switch|p1b: Grimmsnarl|Grimmsnarl, L50, M, shiny|100/100\n|switch|p2a: Grimmsnarl|Grimmsnarl, L50, M, shiny|100/100\n|switch|p2b: Eternatus|Eternatus, L50|100/100\n|-ability|p2b: Eternatus|Pressure\n|-ability|p1a: Incineroar|Intimidate|boost\n|-unboost|p2a: Grimmsnarl|atk|1\n|-unboost|p2b: Eternatus|atk|1\n|turn|1\n|\n|t:|1745948804\n|move|p2b: Eternatus|Protect|p2b: Eternatus\n|-singleturn|p2b: Eternatus|Protect\n|move|p1a: Incineroar|Fake Out|p2a: Grimmsnarl\n|-damage|p2a: Grimmsnarl|90/100\n|move|p1b: Grimmsnarl|Thunder Wave|p2b: Eternatus\n|-activate|p2b: Eternatus|move: Protect\n|cant|p2a: Grimmsnarl|flinch\n|\n|upkeep\n|turn|2\n|\n|t:|1745948822\n|-terastallize|p2b: Eternatus|Dark\n|move|p2b: Eternatus|Sludge Bomb|p1b: Grimmsnarl\n|-supereffective|p1b: Grimmsnarl\n|-damage|p1b: Grimmsnarl|0 fnt\n|faint|p1b: Grimmsnarl\n|-damage|p2b: Eternatus|91/100|[from] item: Life Orb\n|move|p2a: Grimmsnarl|Spirit Break|p1a: Incineroar\n|-damage|p1a: Incineroar|86/100\n|-unboost|p1a: Incineroar|spa|1\n|move|p1a: Incineroar|Knock Off|p2b: Eternatus\n|-resisted|p2b: Eternatus\n|-damage|p2b: Eternatus|75/100\n|-enditem|p2b: Eternatus|Life Orb|[from] move: Knock Off|[of] p1a: Incineroar\n|\n|upkeep\n|\n|t:|1745948831\n|switch|p1b: Miraidon|Miraidon, L50|100/100\n|-fieldstart|move: Electric Terrain|[from] ability: Hadron Engine|[of] p1b: Miraidon\n|turn|3\n|\n|t:|1745948845\n|switch|p2a: Rillaboom|Rillaboom, L50, F, shiny|100/100\n|-fieldstart|move: Grassy Terrain|[from] ability: Grassy Surge|[of] p2a: Rillaboom\n|-terastallize|p1b: Miraidon|Electric\n|move|p2b: Eternatus|Protect|p2b: Eternatus\n|-singleturn|p2b: Eternatus|Protect\n|move|p1b: Miraidon|Volt Switch|p2b: Eternatus\n|-activate|p2b: Eternatus|move: Protect\n|move|p1a: Incineroar|U-turn|p2a: Rillaboom\n|-supereffective|p2a: Rillaboom\n|-damage|p2a: Rillaboom|68/100\n|\n|t:|1745948847\n|switch|p1a: Lunala|Lunala, L50|100/100|[from] U-turn\n|\n|-heal|p2b: Eternatus|81/100|[from] Grassy Terrain\n|-heal|p2a: Rillaboom|74/100|[from] Grassy Terrain\n|upkeep\n|turn|4\n|\n|t:|1745948863\n|switch|p1b: Incineroar|Incineroar, L50, M, shiny|86/100\n|-ability|p1b: Incineroar|Intimidate|boost\n|-unboost|p2a: Rillaboom|atk|1\n|-unboost|p2b: Eternatus|atk|1\n|move|p2a: Rillaboom|Fake Out|p1b: Incineroar\n|-damage|p1b: Incineroar|80/100\n|move|p2b: Eternatus|Tera Blast|p1a: Lunala|[anim] Tera Blast Dark\n|-supereffective|p1a: Lunala\n|-damage|p1a: Lunala|38/100\n|move|p1a: Lunala|Dazzling Gleam|p2a: Rillaboom|[spread] p2a,p2b\n|-supereffective|p2b: Eternatus\n|-damage|p2a: Rillaboom|61/100\n|-damage|p2b: Eternatus|39/100\n|\n|-heal|p2b: Eternatus|45/100|[from] Grassy Terrain\n|-heal|p1a: Lunala|44/100|[from] Grassy Terrain\n|-heal|p2a: Rillaboom|67/100|[from] Grassy Terrain\n|-heal|p1b: Incineroar|86/100|[from] Grassy Terrain\n|upkeep\n|turn|5\n|\n|t:|1745948877\n|switch|p2a: Landorus|Landorus, L50, M|100/100\n|move|p2b: Eternatus|Protect|p2b: Eternatus\n|-singleturn|p2b: Eternatus|Protect\n|move|p1b: Incineroar|Fake Out|p2b: Eternatus\n|-activate|p2b: Eternatus|move: Protect\n|move|p1a: Lunala|Meteor Beam||[still]\n|-prepare|p1a: Lunala|Meteor Beam\n|-boost|p1a: Lunala|spa|1\n|-enditem|p1a: Lunala|Power Herb\n|-anim|p1a: Lunala|Meteor Beam|p2a: Landorus\n|-damage|p2a: Landorus|4/100\n|\n|-heal|p2b: Eternatus|51/100|[from] Grassy Terrain\n|-heal|p1a: Lunala|50/100|[from] Grassy Terrain\n|-heal|p1b: Incineroar|92/100|[from] Grassy Terrain\n|upkeep\n|turn|6\n|\n|t:|1745948891\n|move|p2a: Landorus|Earth Power|p1b: Incineroar\n|-supereffective|p1b: Incineroar\n|-damage|p1b: Incineroar|14/100\n|move|p2b: Eternatus|Tera Blast|p1a: Lunala|[anim] Tera Blast Dark\n|-supereffective|p1a: Lunala\n|-damage|p1a: Lunala|0 fnt\n|faint|p1a: Lunala\n|move|p1b: Incineroar|U-turn|p2a: Landorus\n|-resisted|p2a: Landorus\n|-damage|p2a: Landorus|0 fnt\n|faint|p2a: Landorus\n|\n|t:|1745948894\n|switch|p1b: Miraidon|Miraidon, L50, tera:Electric|100/100|[from] U-turn\n|-fieldstart|move: Electric Terrain|[from] ability: Hadron Engine|[of] p1b: Miraidon\n|\n|upkeep\n|inactive|Battle timer is ON: inactive players will automatically lose when time's up. (requested by Squall67)\n|\n|t:|1745948903\n|switch|p2a: Grimmsnarl|Grimmsnarl, L50, M, shiny|90/100\n|switch|p1a: Incineroar|Incineroar, L50, M, shiny|14/100\n|-ability|p1a: Incineroar|Intimidate|boost\n|-unboost|p2a: Grimmsnarl|atk|1\n|-unboost|p2b: Eternatus|atk|1\n|turn|7\n|\n|t:|1745948926\n|switch|p2a: Rillaboom|Rillaboom, L50, F, shiny|67/100\n|-fieldstart|move: Grassy Terrain|[from] ability: Grassy Surge|[of] p2a: Rillaboom\n|move|p2b: Eternatus|Protect|p2b: Eternatus\n|-singleturn|p2b: Eternatus|Protect\n|move|p1a: Incineroar|Fake Out|p2a: Rillaboom\n|-damage|p2a: Rillaboom|58/100\n|move|p1b: Miraidon|Electro Drift|p2b: Eternatus\n|-activate|p2b: Eternatus|move: Protect\n|\n|-heal|p2b: Eternatus|57/100|[from] Grassy Terrain\n|-heal|p2a: Rillaboom|64/100|[from] Grassy Terrain\n|-heal|p1a: Incineroar|20/100|[from] Grassy Terrain\n|upkeep\n|turn|8\n|\n|t:|1745948945\n|move|p2a: Rillaboom|Fake Out|p1b: Miraidon\n|-damage|p1b: Miraidon|90/100\n|move|p2b: Eternatus|Dynamax Cannon|p1a: Incineroar\n|-damage|p1a: Incineroar|0 fnt\n|faint|p1a: Incineroar\n|cant|p1b: Miraidon|flinch\n|\n|-heal|p2b: Eternatus|63/100|[from] Grassy Terrain\n|-heal|p1b: Miraidon|96/100|[from] Grassy Terrain\n|-heal|p2a: Rillaboom|70/100|[from] Grassy Terrain\n|upkeep\n|turn|9\n|\n|t:|1745948956\n|move|p2b: Eternatus|Sludge Bomb|p1b: Miraidon\n|-damage|p1b: Miraidon|54/100\n|move|p1b: Miraidon|Electro Drift|p2a: Rillaboom\n|-resisted|p2a: Rillaboom\n|-damage|p2a: Rillaboom|40/100\n|move|p2a: Rillaboom|Wood Hammer|p1b: Miraidon\n|-damage|p1b: Miraidon|0 fnt\n|faint|p1b: Miraidon\n|-damage|p2a: Rillaboom|23/100|[from] Recoil\n|\n|win|natus eternus\n|raw|Squall67's rating: 1099 &rarr; <strong>1072</strong><br />(-27 for losing)\n|raw|natus eternus's rating: 1065 &rarr; <strong>1098</strong><br />(+33 for winning)\n|c|\u2606Squall67|gg\n", "uploadtime": 1745948962, "views": 24, "formatid": "gen9vgc2025regibo3", "rating": 1072, "private": 0, "password": null}