{"id": "gen9vgc2025regibo3-2353524693", "format": "[Gen 9] VGC 2025 Reg I (Bo3)", "players": ["aroswing", "HunterOnShowdown"], "log": "|j|\u2606aroswing\n|j|\u2606HunterOnShowdown\n|html|<table width=\"100%\"><tr><td align=\"left\">aroswing</td><td align=\"right\">HunterOnShowdown</tr><tr><td align=\"left\"><i class=\"fa fa-circle-o\"></i> <i class=\"fa fa-circle-o\"></i> </td><td align=\"right\"><i class=\"fa fa-circle-o\"></i> <i class=\"fa fa-circle-o\"></i> </tr></table>\n|uhtml|bestof|<h2><strong>Game 1</strong> of <a href=\"/game-bestof3-gen9vgc2025regibo3-2353524692\">a best-of-3</a></h2>\n|t:|1745964401\n|gametype|doubles\n|player|p1|aroswing|marnie|1161\n|player|p2|HunterOnShowdown|hilbert-masters2|1167\n|teamsize|p1|6\n|teamsize|p2|6\n|gen|9\n|tier|[Gen 9] VGC 2025 Reg I (Bo3)\n|rated|\n|rule|Species Clause: Limit one of each Pok\u00e9mon\n|rule|Item Clause: Limit 1 of each item\n|clearpoke\n|poke|p1|Whimsicott, L50, F|\n|poke|p1|Rhydon, L50, M|\n|poke|p1|Flutter Mane, L50|\n|poke|p1|Ho-Oh, L50|\n|poke|p1|Walking Wake, L50|\n|poke|p1|Koraidon, L50|\n|poke|p2|Reshiram, L50|\n|poke|p2|Terapagos, L50, M|\n|poke|p2|Whimsicott, L50, F|\n|poke|p2|Ogerpon-Wellspring, L50, F|\n|poke|p2|Farigiraf, L50, F|\n|poke|p2|Urshifu-*, L50, F|\n|teampreview|4\n|showteam|p1|Whimsicott||CovertCloak|Prankster|Tailwind,Moonblast,LightScreen,SunnyDay|||F|||50|,,,,,Dark]Rhydon||Eviolite|LightningRod|RockSlide,HighHorsepower,TeraBlast,Protect|||M|||50|,,,,,Fairy]Flutter Mane||FocusSash|Protosynthesis|DazzlingGleam,ShadowBall,IcyWind,Protect||||||50|,,,,,Fairy]Ho-Oh||AssaultVest|Regenerator|SacredFire,BraveBird,FlameCharge,TeraBlast||||||50|,,,,,Grass]Walking Wake||BoosterEnergy|Protosynthesis|HydroSteam,DragonPulse,Snarl,Protect||||||50|,,,,,Ground]Koraidon||ClearAmulet|OrichalcumPulse|CloseCombat,FlareBlitz,FlameCharge,Protect||||||50|,,,,,Fire\n|showteam|p2|Reshiram||FlamePlate|Turboblaze|BlueFlare,DracoMeteor,EarthPower,Protect||||||50|,,,,,Fairy]Terapagos||Leftovers|TeraShift|Protect,TeraStarstorm,DarkPulse,CalmMind|||M|||50|,,,,,Stellar]Whimsicott||CovertCloak|Prankster|Tailwind,Moonblast,LightScreen,Encore|||F|||50|,,,,,Dark]Ogerpon-Wellspring||WellspringMask|WaterAbsorb|IvyCudgel,SpikyShield,HornLeech,FollowMe|||F|||50|,,,,,Water]Farigiraf||RockyHelmet|ArmorTail|FoulPlay,TrickRoom,PsychicNoise,HelpingHand|||F|||50|,,,,,Water]Urshifu-Rapid-Strike||MysticWater|UnseenFist|Detect,CloseCombat,SurgingStrikes,Taunt|||F|||50|,,,,,Water\n|inactive|Battle timer is ON: inactive players will automatically lose when time's up. (requested by HunterOnShowdown)\n|inactive|aroswing also wants the timer to be on.\n|inactive|aroswing has 60 seconds left.\n|inactive|HunterOnShowdown has 60 seconds left.\n|inactive|aroswing has 30 seconds left.\n|inactive|aroswing has 20 seconds left.\n|inactive|aroswing has 15 seconds left.\n|inactive|aroswing has 10 seconds left.\n|inactive|aroswing has 5 seconds left.\n|\n|t:|1745964489\n|start\n|switch|p1a: Koraidon|Koraidon, L50|100/100\n|switch|p1b: Ho-Oh|Ho-Oh, L50|100/100\n|switch|p2a: Farigiraf|Farigiraf, L50, F|100/100\n|switch|p2b: Urshifu|Urshifu-Rapid-Strike, L50, F|100/100\n|-weather|SunnyDay|[from] ability: Orichalcum Pulse|[of] p1a: Koraidon\n|-activate|p1a: Koraidon|Orichalcum Pulse|[source]\n|turn|1\n|inactive|aroswing has 30 seconds left.\n|inactive|aroswing has 20 seconds left.\n|inactive|aroswing has 15 seconds left.\n|inactive|aroswing has 10 seconds left.\n|\n|t:|1745964538\n|move|p2b: Urshifu|Detect|p2b: Urshifu\n|-singleturn|p2b: Urshifu|Protect\n|move|p1a: Koraidon|Flare Blitz|p2a: Farigiraf\n|-damage|p2a: Farigiraf|33/100\n|-damage|p1a: Koraidon|84/100|[from] item: Rocky Helmet|[of] p2a: Farigiraf\n|-damage|p1a: Koraidon|56/100|[from] Recoil\n|move|p1b: Ho-Oh|Sacred Fire|p2a: Farigiraf\n|-damage|p2a: Farigiraf|0 fnt\n|faint|p2a: Farigiraf\n|\n|-weather|SunnyDay|[upkeep]\n|upkeep\n|\n|t:|1745964549\n|switch|p2a: Terapagos|Terapagos, L50, M|100/100\n|-activate|p2a: Terapagos|ability: Tera Shift\n|detailschange|p2a: Terapagos|Terapagos-Terastal, L50, M\n|-heal|p2a: Terapagos|100/100|[silent]\n|turn|2\n|\n|t:|1745964566\n|switch|p1a: Whimsicott|Whimsicott, L50, F|100/100\n|-terastallize|p1b: Ho-Oh|Grass\n|move|p2b: Urshifu|Close Combat|p1a: Whimsicott\n|-resisted|p1a: Whimsicott\n|-damage|p1a: Whimsicott|67/100\n|-unboost|p2b: Urshifu|def|1\n|-unboost|p2b: Urshifu|spd|1\n|move|p2a: Terapagos|Calm Mind|p2a: Terapagos\n|-boost|p2a: Terapagos|spa|1\n|-boost|p2a: Terapagos|spd|1\n|move|p1b: Ho-Oh|Sacred Fire|p2b: Urshifu\n|-resisted|p2b: Urshifu\n|-damage|p2b: Urshifu|45/100\n|-status|p2b: Urshifu|brn\n|\n|-weather|SunnyDay|[upkeep]\n|-damage|p2b: Urshifu|39/100 brn|[from] brn\n|upkeep\n|turn|3\n|inactive|aroswing has 30 seconds left.\n|\n|t:|1745964592\n|switch|p2b: Reshiram|Reshiram, L50|100/100\n|-ability|p2b: Reshiram|Turboblaze\n|-terastallize|p2a: Terapagos|Stellar\n|detailschange|p2a: Terapagos|Terapagos-Stellar, L50, M, tera:Stellar\n|-heal|p2a: Terapagos|100/100|[silent]\n|-ability|p2a: Terapagos|Teraform Zero\n|-weather|none\n|move|p1a: Whimsicott|Light Screen|p1a: Whimsicott\n|-sidestart|p1: aroswing|move: Light Screen\n|move|p2a: Terapagos|Tera Starstorm|p1a: Whimsicott|[spread] p1a,p1b\n|-supereffective|p1b: Ho-Oh\n|-damage|p1a: Whimsicott|9/100\n|-damage|p1b: Ho-Oh|67/100\n|move|p1b: Ho-Oh|Sacred Fire|p2a: Terapagos\n|-damage|p2a: Terapagos|70/100\n|\n|-heal|p2a: Terapagos|76/100|[from] item: Leftovers\n|upkeep\n|turn|4\n|inactive|aroswing has 30 seconds left.\n|\n|t:|1745964626\n|move|p1a: Whimsicott|Tailwind|p1a: Whimsicott\n|-sidestart|p1: aroswing|move: Tailwind\n|move|p1b: Ho-Oh|Sacred Fire|p2a: Terapagos\n|-damage|p2a: Terapagos|40/100\n|-status|p2a: Terapagos|brn\n|move|p2b: Reshiram|Blue Flare|p1b: Ho-Oh\n|-supereffective|p1b: Ho-Oh\n|-crit|p1b: Ho-Oh\n|-damage|p1b: Ho-Oh|0 fnt\n|faint|p1b: Ho-Oh\n|move|p2a: Terapagos|Calm Mind|p2a: Terapagos\n|-boost|p2a: Terapagos|spa|1\n|-boost|p2a: Terapagos|spd|1\n|\n|-heal|p2a: Terapagos|46/100 brn|[from] item: Leftovers\n|-damage|p2a: Terapagos|40/100 brn|[from] brn\n|upkeep\n|\n|t:|1745964637\n|switch|p1b: Koraidon|Koraidon, L50|56/100\n|-weather|SunnyDay|[from] ability: Orichalcum Pulse|[of] p1b: Koraidon\n|-activate|p1b: Koraidon|Orichalcum Pulse|[source]\n|turn|5\n|\n|t:|1745964652\n|switch|p1a: Walking Wake|Walking Wake, L50|100/100\n|-activate|p1a: Walking Wake|ability: Protosynthesis\n|-start|p1a: Walking Wake|protosynthesisspe\n|move|p2b: Reshiram|Protect|p2b: Reshiram\n|-singleturn|p2b: Reshiram|Protect\n|move|p2a: Terapagos|Protect|p2a: Terapagos\n|-singleturn|p2a: Terapagos|Protect\n|move|p1b: Koraidon|Close Combat|p2b: Reshiram\n|-activate|p2b: Reshiram|move: Protect\n|\n|-weather|SunnyDay|[upkeep]\n|-heal|p2a: Terapagos|46/100 brn|[from] item: Leftovers\n|-damage|p2a: Terapagos|40/100 brn|[from] brn\n|upkeep\n|turn|6\n|inactive|aroswing has 30 seconds left.\n|inactive|aroswing has 20 seconds left.\n|inactive|aroswing has 15 seconds left.\n|inactive|aroswing has 10 seconds left.\n|inactive|aroswing has 5 seconds left.\n|\n|t:|1745964704\n|move|p1a: Walking Wake|Dragon Pulse|p2b: Reshiram\n|-supereffective|p2b: Reshiram\n|-damage|p2b: Reshiram|34/100\n|move|p1b: Koraidon|Close Combat|p2a: Terapagos\n|-supereffective|p2a: Terapagos\n|-damage|p2a: Terapagos|0 fnt\n|-unboost|p1b: Koraidon|def|1\n|-unboost|p1b: Koraidon|spd|1\n|faint|p2a: Terapagos\n|move|p2b: Reshiram|Draco Meteor|p1b: Koraidon\n|-supereffective|p1b: Koraidon\n|-damage|p1b: Koraidon|0 fnt\n|-unboost|p2b: Reshiram|spa|2\n|faint|p1b: Koraidon\n|\n|-weather|SunnyDay|[upkeep]\n|upkeep\n|\n|t:|1745964710\n|switch|p1b: Whimsicott|Whimsicott, L50, F|9/100\n|switch|p2a: Urshifu|Urshifu-Rapid-Strike, L50, F|39/100 brn\n|turn|7\n|\n|t:|1745964726\n|move|p2b: Reshiram|Protect|p2b: Reshiram\n|-singleturn|p2b: Reshiram|Protect\n|move|p1a: Walking Wake|Dragon Pulse|p2b: Reshiram\n|-activate|p2b: Reshiram|move: Protect\n|move|p1b: Whimsicott|Moonblast|p2a: Urshifu\n|-supereffective|p2a: Urshifu\n|-damage|p2a: Urshifu|0 fnt\n|faint|p2a: Urshifu\n|\n|-weather|SunnyDay|[upkeep]\n|-sideend|p1: aroswing|move: Light Screen\n|-sideend|p1: aroswing|move: Tailwind\n|upkeep\n|turn|8\n|-message|HunterOnShowdown forfeited.\n|\n|win|aroswing\n||HunterOnShowdown is ready for game 2.\n||aroswing is ready for game 2.\n|uhtml|next|Next: <a href=\"/battle-gen9vgc2025regibo3-2353527745\"><strong>Game 2 of 3</strong></a>\n|l|\u2606HunterOnShowdown\n|player|p2|\n", "uploadtime": 1745964929, "views": 6, "formatid": "gen9vgc2025regibo3", "rating": null, "private": 0, "password": null}