{"id": "gen9vgc2025regibo3-2354575164", "format": "[Gen 9] VGC 2025 Reg I (Bo3)", "players": ["btb0811", "Bellsproutfanwill"], "log": "|j|\u2606btb0811\n|j|\u2606Bellsproutfanwill\n|html|<table width=\"100%\"><tr><td align=\"left\">btb0811</td><td align=\"right\">Bellsproutfanwill</tr><tr><td align=\"left\"><i class=\"fa fa-circle\"></i> <i class=\"fa fa-circle-o\"></i> </td><td align=\"right\"><i class=\"fa fa-circle-o\"></i> <i class=\"fa fa-circle-o\"></i> </tr></table>\n|uhtml|bestof|<h2><strong>Game 2</strong> of <a href=\"/game-bestof3-gen9vgc2025regibo3-2354574507\">a best-of-3</a></h2>\n|t:|1746097157\n|gametype|doubles\n|player|p1|btb0811|brycenman|1140\n|player|p2|Bellsproutfanwill|169|1217\n|teamsize|p1|6\n|teamsize|p2|6\n|gen|9\n|tier|[Gen 9] VGC 2025 Reg I (Bo3)\n|rated|\n|rule|Species Clause: Limit one of each Pok\u00e9mon\n|rule|Item Clause: Limit 1 of each item\n|clearpoke\n|poke|p1|Kyogre, L50|\n|poke|p1|Zamazenta-*, L50|\n|poke|p1|Urshifu-*, L50, M|\n|poke|p1|Chien-Pao, L50|\n|poke|p1|Rillaboom, L50, F|\n|poke|p1|Tornadus, L50, M|\n|poke|p2|Calyrex-Ice, L50|\n|poke|p2|Oranguru, L50, F|\n|poke|p2|Iron Hands, L50|\n|poke|p2|Sinistcha-Masterpiece, L50|\n|poke|p2|Annihilape, L50, M|\n|poke|p2|Miraidon, L50|\n|teampreview|4\n|showteam|p1|Kyogre||MysticWater|Drizzle|WaterSpout,OriginPulse,IceBeam,Protect||||||50|,,,,,Grass]Zamazenta-Crowned||RustedShield|DauntlessShield|BodyPress,behemothbash,WideGuard,Protect||||||50|,,,,,Grass]Urshifu-Rapid-Strike||ChoiceScarf|UnseenFist|SurgingStrikes,CloseCombat,AquaJet,Uturn|||M|||50|,,,,,Water]Chien-Pao||FocusSash|SwordofRuin|Crunch,SuckerPunch,IcicleCrash,Protect||||||50|,,,,,Ghost]Rillaboom||AssaultVest|GrassySurge|WoodHammer,GrassyGlide,FakeOut,Uturn|||F|||50|,,,,,Water]Tornadus||CovertCloak|Prankster|BleakwindStorm,Tailwind,RainDance,Protect|||M|||50|,,,,,Dark\n|showteam|p2|Calyrex-Ice||ClearAmulet|AsOneGlastrier|GlacialLance,HighHorsepower,Protect,TrickRoom||||||50|,,,,,Water]Oranguru||MentalHerb|InnerFocus|Instruct,TrickRoom,Encore,TeraBlast|||F|||50|,,,,,Fairy]Iron Hands||SitrusBerry|QuarkDrive|DrainPunch,ThunderPunch,SwordsDance,FakeOut||||||50|,,,,,Grass]Sinistcha-Masterpiece||FocusSash|Hospitality|MatchaGotcha,ShadowBall,RagePowder,TrickRoom||||||50|,,,,,Normal]Annihilape||ChoiceScarf|Defiant|ShadowClaw,FinalGambit,Uturn,Coaching|||M|||50|,,,,,Grass]Miraidon||LifeOrb|HadronEngine|ElectroDrift,DracoMeteor,VoltSwitch,Protect||||||50|,,,,,Electric\n|inactive|Battle timer is ON: inactive players will automatically lose when time's up. (requested by btb0811)\n|\n|t:|1746097167\n|start\n|switch|p1a: Kyogre|Kyogre, L50|100/100\n|switch|p1b: Rillaboom|Rillaboom, L50, F, shiny|100/100\n|switch|p2a: Oranguru|Oranguru, L50, F|100/100\n|switch|p2b: Annihilape|Annihilape, L50, M|100/100\n|-fieldstart|move: Grassy Terrain|[from] ability: Grassy Surge|[of] p1b: Rillaboom\n|-weather|RainDance|[from] ability: Drizzle|[of] p1a: Kyogre\n|turn|1\n|\n|t:|1746097181\n|switch|p1a: Chien-Pao|Chien-Pao, L50|100/100\n|-ability|p1a: Chien-Pao|Sword of Ruin\n|move|p2b: Annihilape|Final Gambit|p1a: Chien-Pao\n|-enditem|p1a: Chien-Pao|Focus Sash\n|-damage|p1a: Chien-Pao|1/100\n|faint|p2b: Annihilape\n|move|p1b: Rillaboom|U-turn|p2a: Oranguru\n|-supereffective|p2a: Oranguru\n|-damage|p2a: Oranguru|39/100\n|\n|t:|1746097193\n|switch|p1b: Kyogre|Kyogre, L50|100/100|[from] U-turn\n|move|p2a: Oranguru|Trick Room|p2a: Oranguru\n|-fieldstart|move: Trick Room|[of] p2a: Oranguru\n|\n|-weather|RainDance|[upkeep]\n|-heal|p2a: Oranguru|45/100|[from] Grassy Terrain\n|-heal|p1a: Chien-Pao|7/100|[from] Grassy Terrain\n|upkeep\n|\n|t:|1746097201\n|switch|p2b: Calyrex|Calyrex-Ice, L50|100/100\n|-ability|p2b: Calyrex|As One\n|-ability|p2b: Calyrex|Unnerve\n|turn|2\n|\n|t:|1746097209\n|-terastallize|p2b: Calyrex|Water\n|move|p1a: Chien-Pao|Sucker Punch|p2b: Calyrex\n|-damage|p2b: Calyrex|69/100\n|move|p2b: Calyrex|Glacial Lance|p1b: Kyogre|[spread] p1a,p1b\n|-resisted|p1a: Chien-Pao\n|-resisted|p1b: Kyogre\n|-damage|p1a: Chien-Pao|0 fnt\n|-damage|p1b: Kyogre|66/100\n|faint|p1a: Chien-Pao\n|-ability|p2b: Calyrex|Chilling Neigh|boost\n|-boost|p2b: Calyrex|atk|1\n|move|p2a: Oranguru|Instruct|p2b: Calyrex\n|-singleturn|p2b: Calyrex|move: Instruct|[of] p2a: Oranguru\n|move|p2b: Calyrex|Glacial Lance|p1b: Kyogre\n|-resisted|p1b: Kyogre\n|-damage|p1b: Kyogre|12/100\n|move|p1b: Kyogre|Origin Pulse|p2b: Calyrex|[spread] p2a\n|-miss|p1b: Kyogre|p2b: Calyrex\n|-damage|p2a: Oranguru|0 fnt\n|faint|p2a: Oranguru\n|\n|-weather|RainDance|[upkeep]\n|-heal|p2b: Calyrex|75/100|[from] Grassy Terrain\n|-heal|p1b: Kyogre|18/100|[from] Grassy Terrain\n|upkeep\n|\n|t:|1746097234\n|switch|p2a: Iron Hands|Iron Hands, L50|100/100\n|switch|p1a: Zamazenta|Zamazenta-Crowned, L50|100/100\n|-ability|p1a: Zamazenta|Dauntless Shield|boost\n|-boost|p1a: Zamazenta|def|1\n|turn|3\n|\n|t:|1746097242\n|move|p1b: Kyogre|Protect|p1b: Kyogre\n|-singleturn|p1b: Kyogre|Protect\n|move|p1a: Zamazenta|Protect|p1a: Zamazenta\n|-singleturn|p1a: Zamazenta|Protect\n|move|p2a: Iron Hands|Fake Out|p1a: Zamazenta\n|-activate|p1a: Zamazenta|move: Protect\n|move|p2b: Calyrex|Glacial Lance|p1a: Zamazenta|[spread] \n|-activate|p1a: Zamazenta|move: Protect\n|-activate|p1b: Kyogre|move: Protect\n|\n|-weather|RainDance|[upkeep]\n|-heal|p2b: Calyrex|81/100|[from] Grassy Terrain\n|-heal|p1b: Kyogre|24/100|[from] Grassy Terrain\n|upkeep\n|turn|4\n|\n|t:|1746097260\n|move|p2b: Calyrex|High Horsepower|p1b: Kyogre\n|-damage|p1b: Kyogre|0 fnt\n|faint|p1b: Kyogre\n|-ability|p2b: Calyrex|Chilling Neigh|boost\n|-boost|p2b: Calyrex|atk|1\n|move|p2a: Iron Hands|Swords Dance|p2a: Iron Hands\n|-boost|p2a: Iron Hands|atk|2\n|move|p1a: Zamazenta|Body Press|p2b: Calyrex\n|-damage|p2b: Calyrex|37/100\n|\n|-weather|RainDance|[upkeep]\n|-heal|p2b: Calyrex|43/100|[from] Grassy Terrain\n|upkeep\n|\n|t:|1746097269\n|switch|p1b: Rillaboom|Rillaboom, L50, F, shiny|100/100\n|turn|5\n|\n|t:|1746097279\n|-terastallize|p1b: Rillaboom|Water\n|move|p2b: Calyrex|Protect|p2b: Calyrex\n|-singleturn|p2b: Calyrex|Protect\n|move|p1b: Rillaboom|Fake Out|p2a: Iron Hands\n|-damage|p2a: Iron Hands|91/100\n|cant|p2a: Iron Hands|flinch\n|move|p1a: Zamazenta|Body Press|p2b: Calyrex\n|-activate|p2b: Calyrex|move: Protect\n|\n|-weather|none\n|-heal|p2b: Calyrex|49/100|[from] Grassy Terrain\n|-heal|p2a: Iron Hands|97/100|[from] Grassy Terrain\n|-fieldend|move: Trick Room\n|-fieldend|move: Grassy Terrain\n|upkeep\n|turn|6\n|\n|t:|1746097300\n|move|p1a: Zamazenta|Body Press|p2a: Iron Hands\n|-damage|p2a: Iron Hands|47/100\n|-enditem|p2a: Iron Hands|Sitrus Berry|[eat]\n|-heal|p2a: Iron Hands|71/100|[from] item: Sitrus Berry\n|move|p1b: Rillaboom|Wood Hammer|p2b: Calyrex\n|-supereffective|p2b: Calyrex\n|-damage|p2b: Calyrex|0 fnt\n|faint|p2b: Calyrex\n|-damage|p1b: Rillaboom|84/100|[from] Recoil\n|move|p2a: Iron Hands|Thunder Punch|p1b: Rillaboom\n|-supereffective|p1b: Rillaboom\n|-damage|p1b: Rillaboom|0 fnt\n|faint|p1b: Rillaboom\n|\n|upkeep\n|turn|7\n|\n|t:|1746097318\n|move|p1a: Zamazenta|Body Press|p2a: Iron Hands\n|-damage|p2a: Iron Hands|28/100\n|move|p2a: Iron Hands|Drain Punch|p1a: Zamazenta\n|-supereffective|p1a: Zamazenta\n|-damage|p1a: Zamazenta|39/100\n|-heal|p2a: Iron Hands|48/100|[from] drain|[of] p1a: Zamazenta\n|\n|upkeep\n|turn|8\n|\n|t:|1746097332\n|move|p1a: Zamazenta|Body Press|p2a: Iron Hands\n|-damage|p2a: Iron Hands|0 fnt\n|faint|p2a: Iron Hands\n|-end|p2a: Iron Hands|Quark Drive|[silent]\n|\n|win|btb0811\n|raw|btb0811's rating: 1140 &rarr; <strong>1170</strong><br />(+30 for winning)\n|raw|Bellsproutfanwill's rating: 1217 &rarr; <strong>1187</strong><br />(-30 for losing)\n", "uploadtime": 1746097339, "views": 25, "formatid": "gen9vgc2025regibo3", "rating": 1170, "private": 0, "password": null}