{"id": "gen9vgc2025regibo3-2354314607", "format": "[Gen 9] VGC 2025 Reg I (Bo3)", "players": ["is_katabo", "7amont"], "log": "|j|\u2606is_katabo\n|j|\u26067amont\n|html|<table width=\"100%\"><tr><td align=\"left\">is_katabo</td><td align=\"right\">7amont</tr><tr><td align=\"left\"><i class=\"fa fa-circle\"></i> <i class=\"fa fa-circle-o\"></i> </td><td align=\"right\"><i class=\"fa fa-circle-o\"></i> <i class=\"fa fa-circle\"></i> </tr></table>\n|uhtml|bestof|<h2><strong>Game 3</strong> of <a href=\"/game-bestof3-gen9vgc2025regibo3-2354310918\">a best-of-3</a></h2>\n|t:|1746056295\n|gametype|doubles\n|player|p1|is_katabo|caitlin|1153\n|player|p2|7amont|burglar|1050\n|teamsize|p1|6\n|teamsize|p2|6\n|gen|9\n|tier|[Gen 9] VGC 2025 Reg I (Bo3)\n|rated|\n|rule|Species Clause: Limit one of each Pok\u00e9mon\n|rule|Item Clause: Limit 1 of each item\n|clearpoke\n|poke|p1|Koraidon, L50|\n|poke|p1|Calyrex-Shadow, L50|\n|poke|p1|Incineroar, L50, F|\n|poke|p1|Indeedee-F, L50, F|\n|poke|p1|Brute Bonnet, L50|\n|poke|p1|Flutter Mane, L50|\n|poke|p2|Kingambit, L50, F|\n|poke|p2|Calyrex-Shadow, L50|\n|poke|p2|Grimmsnarl, L50, M|\n|poke|p2|Urshifu-*, L50, M|\n|poke|p2|Kyogre, L50|\n|poke|p2|Ogerpon-Wellspring, L50, F|\n|teampreview|4\n|showteam|p1|Koraidon||LifeOrb|OrichalcumPulse|CloseCombat,FlameCharge,FlareBlitz,Protect||||||50|,,,,,Fire]Calyrex-Shadow||FocusSash|AsOneSpectrier|AstralBarrage,ExpandingForce,Psychic,Protect||||||50|,,,,,Ghost]Incineroar||SafetyGoggles|Intimidate|FakeOut,KnockOff,PartingShot,Taunt|||F|||50|,,,,,Bug]Indeedee-F||RockyHelmet|PsychicSurge|Psychic,FollowMe,HelpingHand,TrickRoom|||F|||50|,,,,,Water]Brute Bonnet||CovertCloak|Protosynthesis|SeedBomb,SuckerPunch,RagePowder,Spore||||||50|,,,,,Fairy]Flutter Mane||BoosterEnergy|Protosynthesis|Moonblast,IcyWind,Taunt,Protect||||||50|,,,,,Water\n|showteam|p2|Kingambit||BlackGlasses|Defiant|Protect,SwordsDance,SuckerPunch,KowtowCleave|||F|||50|,,,,,Fairy]Calyrex-Shadow||FocusSash|AsOneSpectrier|Protect,AstralBarrage,Psychic,NastyPlot||||||50|,,,,,Ghost]Grimmsnarl||LightClay|Prankster|Reflect,LightScreen,MistyTerrain,ThunderWave|||M|||50|,,,,,Steel]Urshifu-Rapid-Strike||ChoiceScarf|UnseenFist|AquaJet,CloseCombat,SurgingStrikes,Uturn|||M|||50|,,,,,Water]Kyogre||AssaultVest|Drizzle|Surf,OriginPulse,Thunder,IceBeam||||||50|,,,,,Grass]Ogerpon-Wellspring||WellspringMask|WaterAbsorb|SpikyShield,FollowMe,IvyCudgel,HornLeech|||F|||50|,,,,,Water\n|inactive|Battle timer is ON: inactive players will automatically lose when time's up. (requested by 7amont)\n|\n|t:|1746056315\n|start\n|switch|p1a: Jockey|Calyrex-Shadow, L50|100/100\n|switch|p1b: Shulker Box|Brute Bonnet, L50|100/100\n|switch|p2a: Kingambit|Kingambit, L50, F|100/100\n|switch|p2b: Grimmsnarl|Grimmsnarl, L50, M|100/100\n|-ability|p1a: Jockey|As One\n|-ability|p1a: Jockey|Unnerve\n|turn|1\n|\n|t:|1746056327\n|move|p1a: Jockey|Protect|p1a: Jockey\n|-singleturn|p1a: Jockey|Protect\n|move|p2b: Grimmsnarl|Misty Terrain|p2b: Grimmsnarl\n|-fieldstart|move: Misty Terrain\n|move|p1b: Shulker Box|Spore|p2b: Grimmsnarl\n|-activate|p2b: Grimmsnarl|move: Misty Terrain\n|move|p2a: Kingambit|Swords Dance|p2a: Kingambit\n|-boost|p2a: Kingambit|atk|2\n|\n|upkeep\n|turn|2\n|\n|t:|1746056347\n|move|p1b: Shulker Box|Rage Powder|p1b: Shulker Box\n|-singleturn|p1b: Shulker Box|move: Rage Powder\n|move|p2b: Grimmsnarl|Light Screen|p2b: Grimmsnarl\n|-sidestart|p2: 7amont|move: Light Screen\n|move|p1a: Jockey|Astral Barrage|p2a: Kingambit|[spread] p2a,p2b\n|-resisted|p2a: Kingambit\n|-resisted|p2b: Grimmsnarl\n|-damage|p2a: Kingambit|85/100\n|-damage|p2b: Grimmsnarl|83/100\n|move|p2a: Kingambit|Kowtow Cleave|p1b: Shulker Box\n|-resisted|p1b: Shulker Box\n|-damage|p1b: Shulker Box|65/100\n|\n|upkeep\n|turn|3\n|\n|t:|1746056366\n|move|p1b: Shulker Box|Rage Powder|p1b: Shulker Box\n|-singleturn|p1b: Shulker Box|move: Rage Powder\n|move|p2b: Grimmsnarl|Reflect|p2b: Grimmsnarl\n|-sidestart|p2: 7amont|Reflect\n|move|p1a: Jockey|Astral Barrage|p2b: Grimmsnarl|[spread] p2a,p2b\n|-resisted|p2a: Kingambit\n|-crit|p2a: Kingambit\n|-resisted|p2b: Grimmsnarl\n|-damage|p2a: Kingambit|49/100\n|-damage|p2b: Grimmsnarl|65/100\n|move|p2a: Kingambit|Swords Dance|p2a: Kingambit\n|-boost|p2a: Kingambit|atk|2\n|\n|upkeep\n|turn|4\n|\n|t:|1746056380\n|switch|p2b: Kyogre|Kyogre, L50|100/100\n|-weather|RainDance|[from] ability: Drizzle|[of] p2b: Kyogre\n|move|p1b: Shulker Box|Rage Powder|p1b: Shulker Box\n|-singleturn|p1b: Shulker Box|move: Rage Powder\n|move|p1a: Jockey|Astral Barrage|p2b: Kyogre|[spread] p2a,p2b\n|-resisted|p2a: Kingambit\n|-damage|p2a: Kingambit|33/100\n|-damage|p2b: Kyogre|84/100\n|move|p2a: Kingambit|Kowtow Cleave|p1b: Shulker Box\n|-resisted|p1b: Shulker Box\n|-damage|p1b: Shulker Box|10/100\n|\n|-weather|RainDance|[upkeep]\n|upkeep\n|turn|5\n|\n|t:|1746056399\n|move|p1a: Jockey|Protect|p1a: Jockey\n|-singleturn|p1a: Jockey|Protect\n|move|p2a: Kingambit|Protect|p2a: Kingambit\n|-singleturn|p2a: Kingambit|Protect\n|move|p1b: Shulker Box|Sucker Punch|p2b: Kyogre\n|-damage|p2b: Kyogre|66/100\n|move|p2b: Kyogre|Surf|p1a: Jockey|[spread] p1b\n|-activate|p2a: Kingambit|move: Protect\n|-activate|p1a: Jockey|move: Protect\n|-resisted|p1b: Shulker Box\n|-damage|p1b: Shulker Box|0 fnt\n|faint|p1b: Shulker Box\n|-end|p1b: Shulker Box|Protosynthesis|[silent]\n|\n|-weather|RainDance|[upkeep]\n|-fieldend|Misty Terrain\n|upkeep\n|\n|t:|1746056416\n|switch|p1b: Chicken|Koraidon, L50|100/100\n|-weather|SunnyDay|[from] ability: Orichalcum Pulse|[of] p1b: Chicken\n|-activate|p1b: Chicken|Orichalcum Pulse|[source]\n|turn|6\n|\n|t:|1746056428\n|switch|p1a: Ghast|Flutter Mane, L50|100/100\n|-activate|p1a: Ghast|ability: Protosynthesis\n|-start|p1a: Ghast|protosynthesisspe\n|switch|p2b: Grimmsnarl|Grimmsnarl, L50, M|65/100\n|move|p2a: Kingambit|Sucker Punch|p1b: Chicken\n|-resisted|p1b: Chicken\n|-damage|p1b: Chicken|36/100\n|move|p1b: Chicken|Flare Blitz|p2a: Kingambit\n|-supereffective|p2a: Kingambit\n|-damage|p2a: Kingambit|0 fnt\n|faint|p2a: Kingambit\n|-damage|p1b: Chicken|25/100|[from] Recoil\n|-damage|p1b: Chicken|15/100|[from] item: Life Orb\n|\n|-weather|SunnyDay|[upkeep]\n|upkeep\n|\n|t:|1746056438\n|switch|p2a: Kyogre|Kyogre, L50|66/100\n|-weather|RainDance|[from] ability: Drizzle|[of] p2a: Kyogre\n|-end|p1a: Ghast|Protosynthesis\n|-enditem|p1a: Ghast|Booster Energy\n|-activate|p1a: Ghast|ability: Protosynthesis|[fromitem]\n|-start|p1a: Ghast|protosynthesisspe\n|turn|7\n|\n|t:|1746056456\n|move|p1b: Chicken|Protect|p1b: Chicken\n|-singleturn|p1b: Chicken|Protect\n|move|p2b: Grimmsnarl|Thunder Wave|p1b: Chicken\n|-activate|p1b: Chicken|move: Protect\n|move|p1a: Ghast|Taunt|p2b: Grimmsnarl\n|-start|p2b: Grimmsnarl|move: Taunt\n|move|p2a: Kyogre|Surf|p1a: Ghast|[spread] p2b,p1a\n|-activate|p1b: Chicken|move: Protect\n|-damage|p2b: Grimmsnarl|29/100\n|-damage|p1a: Ghast|50/100\n|\n|-weather|RainDance|[upkeep]\n|upkeep\n|turn|8\n|\n|t:|1746056475\n|switch|p2b: Ogerpon|Ogerpon-Wellspring, L50, F|100/100\n|move|p1a: Ghast|Moonblast|p2b: Ogerpon\n|-damage|p2b: Ogerpon|67/100\n|move|p1b: Chicken|Close Combat|p2a: Kyogre\n|-damage|p2a: Kyogre|21/100\n|-unboost|p1b: Chicken|def|1\n|-unboost|p1b: Chicken|spd|1\n|-damage|p1b: Chicken|6/100|[from] item: Life Orb\n|move|p2a: Kyogre|Surf|p1b: Chicken|[spread] p1a,p1b\n|-heal|p2b: Ogerpon|92/100|[from] ability: Water Absorb|[of] p2a: Kyogre\n|-resisted|p1b: Chicken\n|-damage|p1a: Ghast|0 fnt\n|-damage|p1b: Chicken|0 fnt\n|faint|p1a: Ghast\n|-end|p1a: Ghast|Protosynthesis|[silent]\n|faint|p1b: Chicken\n|\n|-weather|RainDance|[upkeep]\n|upkeep\n|\n|t:|1746056493\n|switch|p1a: Jockey|Calyrex-Shadow, L50|100/100\n|-ability|p1a: Jockey|As One\n|-ability|p1a: Jockey|Unnerve\n|turn|9\n|\n|t:|1746056503\n|-terastallize|p2b: Ogerpon|Water\n|detailschange|p2b: Ogerpon|Ogerpon-Wellspring-Tera, L50, F, tera:Water\n|-ability|p2b: Ogerpon|Embody Aspect (Wellspring)|boost\n|-boost|p2b: Ogerpon|spd|1\n|move|p1a: Jockey|Protect|p1a: Jockey\n|-singleturn|p1a: Jockey|Protect\n|move|p2b: Ogerpon|Horn Leech|p1a: Jockey\n|-activate|p1a: Jockey|move: Protect\n|move|p2a: Kyogre|Surf|p1a: Jockey|[spread] p2b\n|-activate|p1a: Jockey|move: Protect\n|-resisted|p2b: Ogerpon\n|-damage|p2b: Ogerpon|78/100\n|\n|-weather|RainDance|[upkeep]\n|-sideend|p2: 7amont|move: Light Screen\n|upkeep\n|turn|10\n|\n|t:|1746056516\n|-terastallize|p1a: Jockey|Ghost\n|move|p1a: Jockey|Astral Barrage|p2b: Ogerpon|[spread] p2a,p2b\n|-damage|p2a: Kyogre|0 fnt\n|-damage|p2b: Ogerpon|17/100\n|faint|p2a: Kyogre\n|-ability|p1a: Jockey|Grim Neigh|boost\n|-boost|p1a: Jockey|spa|1\n|move|p2b: Ogerpon|Horn Leech|p1a: Jockey\n|-damage|p1a: Jockey|45/100\n|-heal|p2b: Ogerpon|48/100|[from] drain|[of] p1a: Jockey\n|\n|-weather|RainDance|[upkeep]\n|-sideend|p2: 7amont|Reflect\n|upkeep\n|\n|t:|1746056526\n|switch|p2a: Grimmsnarl|Grimmsnarl, L50, M|29/100\n|turn|11\n|\n|t:|1746056533\n|move|p1a: Jockey|Protect|p1a: Jockey\n|-singleturn|p1a: Jockey|Protect\n|move|p2a: Grimmsnarl|Thunder Wave|p1a: Jockey\n|-activate|p1a: Jockey|move: Protect\n|move|p2b: Ogerpon|Horn Leech|p1a: Jockey\n|-activate|p1a: Jockey|move: Protect\n|\n|-weather|none\n|upkeep\n|turn|12\n|\n|t:|1746056542\n|move|p2a: Grimmsnarl|Thunder Wave|p1a: Jockey\n|-status|p1a: Jockey|par\n|move|p2b: Ogerpon|Horn Leech|p1a: Jockey\n|-damage|p1a: Jockey|0 fnt\n|-heal|p2b: Ogerpon|74/100|[from] drain|[of] p1a: Jockey\n|faint|p1a: Jockey\n|\n|win|7amont\n|raw|is_katabo's rating: 1153 &rarr; <strong>1121</strong><br />(-32 for losing)\n|raw|7amont's rating: 1050 &rarr; <strong>1092</strong><br />(+42 for winning)\n|l|\u26067amont\n|player|p2|\n", "uploadtime": 1746056552, "views": 6, "formatid": "gen9vgc2025regibo3", "rating": 1092, "private": 0, "password": null}