{"id": "gen9vgc2025regibo3-2353887185", "format": "[Gen 9] VGC 2025 Reg I (Bo3)", "players": ["dambro222", "matrod"], "log": "|j|\u2606dambro222\n|j|\u2606matrod\n|html|<table width=\"100%\"><tr><td align=\"left\">dambro222</td><td align=\"right\">matrod</tr><tr><td align=\"left\"><i class=\"fa fa-circle-o\"></i> <i class=\"fa fa-circle-o\"></i> </td><td align=\"right\"><i class=\"fa fa-circle-o\"></i> <i class=\"fa fa-circle\"></i> </tr></table>\n|uhtml|bestof|<h2><strong>Game 2</strong> of <a href=\"/game-bestof3-gen9vgc2025regibo3-2353884716\">a best-of-3</a></h2>\n|t:|1746015119\n|gametype|doubles\n|player|p1|dambro222|101|1197\n|player|p2|matrod|steven|1257\n|teamsize|p1|6\n|teamsize|p2|6\n|gen|9\n|tier|[Gen 9] VGC 2025 Reg I (Bo3)\n|rated|\n|rule|Species Clause: Limit one of each Pok\u00e9mon\n|rule|Item Clause: Limit 1 of each item\n|clearpoke\n|poke|p1|Ho-Oh, L50|\n|poke|p1|Miraidon, L50|\n|poke|p1|Flutter Mane, L50|\n|poke|p1|Iron Hands, L50|\n|poke|p1|Urshifu-*, L50, M|\n|poke|p1|Iron Treads, L50|\n|poke|p2|Koraidon, L50|\n|poke|p2|Calyrex-Shadow, L50|\n|poke|p2|Grimmsnarl, L50, M|\n|poke|p2|Brute Bonnet, L50|\n|poke|p2|Raging Bolt, L50|\n|poke|p2|Weezing, L50, M|\n|teampreview|4\n|showteam|p1|Ho-Oh||ClearAmulet|Regenerator|SacredFire,BraveBird,Tailwind,Protect||||||50|,,,,,Dragon]Miraidon||CovertCloak|HadronEngine|ElectroDrift,VoltSwitch,DracoMeteor,Protect||||||50|,,,,,Electric]Flutter Mane||BoosterEnergy|Protosynthesis|Moonblast,ShadowBall,IcyWind,Protect||||||50|,,,,,Fairy]Iron Hands||AssaultVest|QuarkDrive|FakeOut,DrainPunch,WildCharge,LowKick||||||50|,,,,,Water]Urshifu||FocusSash|UnseenFist|WickedBlow,CloseCombat,SuckerPunch,Detect|||M|||50|,,,,,Poison]Iron Treads||ChoiceBand|QuarkDrive|IronHead,HighHorsepower,KnockOff,SteelRoller||||||50|,,,,,Water\n|showteam|p2|Koraidon||AbilityShield|OrichalcumPulse|CollisionCourse,FlareBlitz,FlameCharge,Protect||||||50|,,,,,Fire]Calyrex-Shadow||SitrusBerry|AsOneSpectrier|AstralBarrage,DrainingKiss,CalmMind,Protect||||||50|,,,,,Fairy]Grimmsnarl||LightClay|Prankster|Reflect,LightScreen,SpiritBreak,PartingShot|||M|||50|,,,,,Ghost]Brute Bonnet||CovertCloak|Protosynthesis|PollenPuff,SuckerPunch,Spore,RagePowder||||||50|,,,,,Fire]Raging Bolt||AssaultVest|Protosynthesis|Thunderclap,VoltSwitch,DracoMeteor,RisingVoltage||||||50|,,,,,Electric]Weezing||FocusSash|NeutralizingGas|WillOWisp,ToxicSpikes,PoisonGas,Protect|||M|||50|,,,,,Normal\n|inactive|Battle timer is ON: inactive players will automatically lose when time's up. (requested by matrod)\n|inactive|matrod has 60 seconds left.\n|inactive|matrod has 30 seconds left.\n|inactive|matrod has 20 seconds left.\n|\n|t:|1746015224\n|start\n|switch|p1a: Iron Hands|Iron Hands, L50|100/100\n|switch|p1b: Miraidon|Miraidon, L50|100/100\n|switch|p2a: Weezing|Weezing, L50, M, shiny|100/100\n|switch|p2b: Koraidon|Koraidon, L50|100/100\n|-ability|p2a: Weezing|Neutralizing Gas\n|-block|p2b: Koraidon|item: Ability Shield\n|-weather|SunnyDay|[from] ability: Orichalcum Pulse|[of] p2b: Koraidon\n|-activate|p2b: Koraidon|Orichalcum Pulse|[source]\n|turn|1\n|\n|t:|1746015248\n|switch|p1b: Ho-Oh|Ho-Oh, L50|100/100\n|move|p2b: Koraidon|Protect|p2b: Koraidon\n|-singleturn|p2b: Koraidon|Protect\n|move|p2a: Weezing|Protect|p2a: Weezing\n|-singleturn|p2a: Weezing|Protect\n|move|p1a: Iron Hands|Low Kick|p2b: Koraidon\n|-activate|p2b: Koraidon|move: Protect\n|\n|-weather|SunnyDay|[upkeep]\n|upkeep\n|turn|2\n|inactive|dambro222 has 30 seconds left.\n|inactive|matrod has 30 seconds left.\n|\n|t:|1746015278\n|switch|p2b: Calyrex|Calyrex-Shadow, L50|100/100\n|-ability|p2b: Calyrex|As One\n|-ability|p2b: Calyrex|Unnerve\n|move|p1b: Ho-Oh|Tailwind|p1b: Ho-Oh\n|-sidestart|p1: dambro222|move: Tailwind\n|move|p1a: Iron Hands|Low Kick|p2b: Calyrex\n|-immune|p2b: Calyrex\n|move|p2a: Weezing|Will-O-Wisp|p1a: Iron Hands\n|-status|p1a: Iron Hands|brn\n|\n|-weather|SunnyDay|[upkeep]\n|-damage|p1a: Iron Hands|94/100 brn|[from] brn\n|upkeep\n|turn|3\n|\n|t:|1746015296\n|switch|p2b: Raging Bolt|Raging Bolt, L50|100/100\n|move|p1b: Ho-Oh|Sacred Fire|p2b: Raging Bolt\n|-resisted|p2b: Raging Bolt\n|-damage|p2b: Raging Bolt|66/100\n|move|p1a: Iron Hands|Wild Charge|p2a: Weezing\n|-damage|p2a: Weezing|80/100\n|-damage|p1a: Iron Hands|90/100 brn|[from] Recoil\n|move|p2a: Weezing|Toxic Spikes|p1a: Iron Hands\n|-sidestart|p1: dambro222|move: Toxic Spikes\n|\n|-weather|SunnyDay|[upkeep]\n|-damage|p1a: Iron Hands|84/100 brn|[from] brn\n|upkeep\n|turn|4\n|\n|t:|1746015315\n|move|p1b: Ho-Oh|Protect|p1b: Ho-Oh\n|-singleturn|p1b: Ho-Oh|Protect\n|move|p1a: Iron Hands|Low Kick|p2b: Raging Bolt\n|-damage|p2b: Raging Bolt|39/100\n|move|p2b: Raging Bolt|Volt Switch|p1b: Ho-Oh\n|-activate|p1b: Ho-Oh|move: Protect\n|move|p2a: Weezing|Toxic Spikes|p1b: Ho-Oh\n|-sidestart|p1: dambro222|move: Toxic Spikes\n|\n|-weather|SunnyDay|[upkeep]\n|-damage|p1a: Iron Hands|78/100 brn|[from] brn\n|upkeep\n|turn|5\n|inactive|dambro222 has 30 seconds left.\n|\n|t:|1746015342\n|move|p2b: Raging Bolt|Thunderclap|p1b: Ho-Oh\n|-supereffective|p1b: Ho-Oh\n|-damage|p1b: Ho-Oh|50/100\n|move|p1b: Ho-Oh|Sacred Fire|p2a: Weezing\n|-damage|p2a: Weezing|13/100\n|-status|p2a: Weezing|brn\n|move|p1a: Iron Hands|Low Kick|p2b: Raging Bolt\n|-damage|p2b: Raging Bolt|16/100\n|move|p2a: Weezing|Poison Gas||[still]|[spread] p1a,p1b\n|-fail|p2a: Weezing\n|-status|p1b: Ho-Oh|psn\n|\n|-weather|none\n|-damage|p1b: Ho-Oh|38/100 psn|[from] psn\n|-damage|p1a: Iron Hands|72/100 brn|[from] brn\n|-damage|p2a: Weezing|7/100 brn|[from] brn\n|-sideend|p1: dambro222|move: Tailwind\n|upkeep\n|turn|6\n|inactive|dambro222 has 30 seconds left.\n|\n|t:|1746015376\n|-end|p2a: Weezing|ability: Neutralizing Gas\n|switch|p2a: Calyrex|Calyrex-Shadow, L50|100/100\n|-ability|p2a: Calyrex|As One\n|-ability|p2a: Calyrex|Unnerve\n|move|p1b: Ho-Oh|Protect|p1b: Ho-Oh\n|-singleturn|p1b: Ho-Oh|Protect\n|move|p2b: Raging Bolt|Volt Switch|p1b: Ho-Oh\n|-activate|p1b: Ho-Oh|move: Protect\n|move|p1a: Iron Hands|Low Kick|p2b: Raging Bolt\n|-damage|p2b: Raging Bolt|0 fnt\n|faint|p2b: Raging Bolt\n|-end|p2b: Raging Bolt|Protosynthesis|[silent]\n|\n|-damage|p1b: Ho-Oh|26/100 psn|[from] psn\n|-damage|p1a: Iron Hands|66/100 brn|[from] brn\n|upkeep\n|\n|t:|1746015400\n|switch|p2b: Koraidon|Koraidon, L50|100/100\n|-weather|SunnyDay|[from] ability: Orichalcum Pulse|[of] p2b: Koraidon\n|-activate|p2b: Koraidon|Orichalcum Pulse|[source]\n|turn|7\n|\n|t:|1746015415\n|switch|p2b: Weezing|Weezing, L50, M, shiny|7/100 brn\n|-ability|p2b: Weezing|Neutralizing Gas\n|move|p2a: Calyrex|Astral Barrage|p1a: Iron Hands|[spread] p1a,p1b\n|-damage|p1a: Iron Hands|35/100 brn\n|-damage|p1b: Ho-Oh|0 fnt\n|faint|p1b: Ho-Oh\n|-ability|p2a: Calyrex|Grim Neigh|boost\n|-boost|p2a: Calyrex|spa|1\n|move|p1a: Iron Hands|Wild Charge|p2a: Calyrex\n|-damage|p2a: Calyrex|76/100\n|-damage|p1a: Iron Hands|30/100 brn|[from] Recoil\n|\n|-weather|SunnyDay|[upkeep]\n|-damage|p2b: Weezing|1/100 brn|[from] brn\n|-damage|p1a: Iron Hands|24/100 brn|[from] brn\n|upkeep\n|\n|t:|1746015434\n|switch|p1b: Miraidon|Miraidon, L50|100/100\n|-status|p1b: Miraidon|tox\n|turn|8\n|inactive|dambro222 has 30 seconds left.\n|inactive|matrod has 30 seconds left.\n|\n|t:|1746015474\n|-terastallize|p1b: Miraidon|Electric\n|move|p2b: Weezing|Protect|p2b: Weezing\n|-singleturn|p2b: Weezing|Protect\n|move|p2a: Calyrex|Calm Mind|p2a: Calyrex\n|-boost|p2a: Calyrex|spa|1\n|-boost|p2a: Calyrex|spd|1\n|move|p1b: Miraidon|Electro Drift|p2a: Calyrex\n|-damage|p2a: Calyrex|27/100\n|-enditem|p2a: Calyrex|Sitrus Berry|[eat]\n|-heal|p2a: Calyrex|52/100|[from] item: Sitrus Berry\n|move|p1a: Iron Hands|Low Kick|p2a: Calyrex\n|-immune|p2a: Calyrex\n|\n|-weather|SunnyDay|[upkeep]\n|-damage|p1b: Miraidon|94/100 tox|[from] psn\n|-damage|p2b: Weezing|0 fnt|[from] brn\n|faint|p2b: Weezing\n|-end|p2b: Weezing|ability: Neutralizing Gas\n|-fieldstart|move: Electric Terrain|[from] ability: Hadron Engine|[of] p1b: Miraidon\n|-activate|p1a: Iron Hands|ability: Quark Drive\n|-start|p1a: Iron Hands|quarkdriveatk\n|-damage|p1a: Iron Hands|18/100 brn|[from] brn\n|upkeep\n|\n|t:|1746015483\n|switch|p2b: Koraidon|Koraidon, L50|100/100\n|-activate|p2b: Koraidon|ability: Orichalcum Pulse\n|turn|9\n|inactive|dambro222 has 30 seconds left.\n|\n|t:|1746015509\n|move|p1b: Miraidon|Protect|p1b: Miraidon\n|-singleturn|p1b: Miraidon|Protect\n|move|p2b: Koraidon|Collision Course|p1b: Miraidon\n|-activate|p1b: Miraidon|move: Protect\n|move|p2a: Calyrex|Astral Barrage|p1b: Miraidon|[spread] p1a\n|-activate|p1b: Miraidon|move: Protect\n|-damage|p1a: Iron Hands|0 fnt\n|faint|p1a: Iron Hands\n|-end|p1a: Iron Hands|Quark Drive|[silent]\n|-ability|p2a: Calyrex|Grim Neigh|boost\n|-boost|p2a: Calyrex|spa|1\n|\n|-weather|SunnyDay|[upkeep]\n|-damage|p1b: Miraidon|82/100 tox|[from] psn\n|upkeep\n|\n|t:|1746015520\n|switch|p1a: Flutter Mane|Flutter Mane, L50|100/100\n|-status|p1a: Flutter Mane|tox\n|-activate|p1a: Flutter Mane|ability: Protosynthesis\n|-start|p1a: Flutter Mane|protosynthesisspe\n|turn|10\n|inactive|dambro222 has 30 seconds left.\n|inactive|matrod has 30 seconds left.\n|inactive|matrod has 20 seconds left.\n|\n|t:|1746015559\n|-terastallize|p2b: Koraidon|Fire\n|move|p1a: Flutter Mane|Icy Wind|p2a: Calyrex|[spread] p2b\n|-miss|p1a: Flutter Mane|p2a: Calyrex\n|-resisted|p2b: Koraidon\n|-damage|p2b: Koraidon|94/100\n|-unboost|p2b: Koraidon|spe|1\n|move|p2a: Calyrex|Astral Barrage|p1b: Miraidon|[spread] p1a,p1b\n|-supereffective|p1a: Flutter Mane\n|-damage|p1a: Flutter Mane|0 fnt\n|-damage|p1b: Miraidon|0 fnt\n|faint|p1a: Flutter Mane\n|-end|p1a: Flutter Mane|Protosynthesis|[silent]\n|faint|p1b: Miraidon\n|\n|win|matrod\n|raw|dambro222's rating: 1197 &rarr; <strong>1176</strong><br />(-21 for losing)\n|raw|matrod's rating: 1257 &rarr; <strong>1278</strong><br />(+21 for winning)\n|c|\u2606dambro222|gg\n|c|\u2606matrod|Gg gg\n|l|\u2606dambro222\n|player|p1|\n|l|\u2606matrod\n|player|p2|\n|j|\u2606dambro222\n|player|p1|dambro222|101|\n", "uploadtime": 1746015595, "views": 9, "formatid": "gen9vgc2025regibo3", "rating": 1176, "private": 0, "password": null}