{"id": "gen9vgc2025regibo3-2354892104", "format": "[Gen 9] VGC 2025 Reg I (Bo3)", "players": ["subinator", "catcatscats"], "log": "|j|\u2606subinator\n|j|\u2606catcatscats\n|html|<table width=\"100%\"><tr><td align=\"left\">subinator</td><td align=\"right\">catcatscats</tr><tr><td align=\"left\"><i class=\"fa fa-circle-o\"></i> <i class=\"fa fa-circle-o\"></i> </td><td align=\"right\"><i class=\"fa fa-circle-o\"></i> <i class=\"fa fa-circle-o\"></i> </tr></table>\n|uhtml|bestof|<h2><strong>Game 1</strong> of <a href=\"/game-bestof3-gen9vgc2025regibo3-2354892103\">a best-of-3</a></h2>\n|t:|1746129091\n|gametype|doubles\n|player|p1|subinator|2|1134\n|player|p2|catcatscats|pokekid|1228\n|teamsize|p1|6\n|teamsize|p2|6\n|gen|9\n|tier|[Gen 9] VGC 2025 Reg I (Bo3)\n|rated|\n|rule|Species Clause: Limit one of each Pok\u00e9mon\n|rule|Item Clause: Limit 1 of each item\n|clearpoke\n|poke|p1|Iron Valiant, L50|\n|poke|p1|Iron Hands, L50|\n|poke|p1|Miraidon, L50|\n|poke|p1|Weezing-Galar, L50, M|\n|poke|p1|Calyrex-Ice, L50|\n|poke|p1|Iron Bundle, L50|\n|poke|p2|Miraidon, L50|\n|poke|p2|Calyrex-Ice, L50|\n|poke|p2|Landorus, L50, M|\n|poke|p2|Ogerpon-Hearthflame, L50, F|\n|poke|p2|Iron Jugulis, L50|\n|poke|p2|Urshifu-*, L50, F|\n|teampreview|4\n|showteam|p1|Iron Valiant||CovertCloak|QuarkDrive|CloseCombat,KnockOff,WideGuard,Feint||||||50|,,,,,Ghost]Iron Hands||PunchingGlove|QuarkDrive|FakeOut,DrainPunch,ThunderPunch,Detect||||||50|,,,,,Poison]Miraidon||EjectPack|HadronEngine|Protect,Overheat,VoltSwitch,DracoMeteor||||||50|,,,,,Fire]Weezing-Galar||AirBalloon|NeutralizingGas|DazzlingGleam,WillOWisp,SludgeBomb,Protect|||M|||50|,,,,,Steel]Calyrex-Ice||ClearAmulet|AsOneGlastrier|GlacialLance,HighHorsepower,TrickRoom,Protect||||||50|,,,,,Steel]Iron Bundle||FocusSash|QuarkDrive|IcyWind,Taunt,HydroPump,Protect||||||50|,,,,,Ghost\n|showteam|p2|Miraidon||ChoiceSpecs|HadronEngine|VoltSwitch,DracoMeteor,ElectroDrift,DazzlingGleam||||||50|,,,,,Fairy]Calyrex-Ice||ClearAmulet|AsOneGlastrier|GlacialLance,HighHorsepower,Protect,TrickRoom||||||50|,,,,,Water]Landorus||LifeOrb|SheerForce|SandsearStorm,SludgeBomb,EarthPower,Protect|||M|||50|,,,,,Water]Ogerpon-Hearthflame||HearthflameMask|MoldBreaker|IvyCudgel,HornLeech,FollowMe,SpikyShield|||F|||50|,,,,,Fire]Iron Jugulis||BoosterEnergy|QuarkDrive|Tailwind,AirSlash,Snarl,Protect||||||50|,,,,,Poison]Urshifu-Rapid-Strike||MysticWater|UnseenFist|SurgingStrikes,CloseCombat,AquaJet,Detect|||F|||50|,,,,,Water\n|\n|t:|1746129141\n|start\n|switch|p1a: Miraidon|Miraidon, L50|100/100\n|switch|p1b: Iron Bundle|Iron Bundle, L50|100/100\n|switch|p2a: Ogerpon|Ogerpon-Hearthflame, L50, F|100/100\n|switch|p2b: Calyrex|Calyrex-Ice, L50|100/100\n|-ability|p2b: Calyrex|As One\n|-ability|p2b: Calyrex|Unnerve\n|-fieldstart|move: Electric Terrain|[from] ability: Hadron Engine|[of] p1a: Miraidon\n|-activate|p1b: Iron Bundle|ability: Quark Drive\n|-start|p1b: Iron Bundle|quarkdrivespe\n|-ability|p2a: Ogerpon|Mold Breaker\n|turn|1\n|\n|t:|1746129186\n|move|p2a: Ogerpon|Spiky Shield|p2a: Ogerpon\n|-singleturn|p2a: Ogerpon|move: Protect\n|move|p2b: Calyrex|Protect|p2b: Calyrex\n|-singleturn|p2b: Calyrex|Protect\n|move|p1b: Iron Bundle|Hydro Pump|p2a: Ogerpon\n|-activate|p2a: Ogerpon|move: Protect\n|move|p1a: Miraidon|Volt Switch|p2a: Ogerpon\n|-activate|p2a: Ogerpon|move: Protect\n|\n|upkeep\n|turn|2\n|\n|t:|1746129237\n|-end|p1b: Iron Bundle|Quark Drive|[silent]\n|switch|p1b: Calyrex|Calyrex-Ice, L50|100/100\n|-ability|p1b: Calyrex|As One\n|-ability|p1b: Calyrex|Unnerve\n|move|p2a: Ogerpon|Follow Me|p2a: Ogerpon\n|-singleturn|p2a: Ogerpon|move: Follow Me\n|move|p1a: Miraidon|Draco Meteor|p2a: Ogerpon\n|-damage|p2a: Ogerpon|0 fnt\n|-unboost|p1a: Miraidon|spa|2\n|-enditem|p1a: Miraidon|Eject Pack\n|faint|p2a: Ogerpon\n|\n|t:|1746129250\n|switch|p1a: Iron Valiant|Iron Valiant, L50|100/100\n|-activate|p1a: Iron Valiant|ability: Quark Drive\n|-start|p1a: Iron Valiant|quarkdrivespe\n|move|p2b: Calyrex|Glacial Lance|p1b: Calyrex|[spread] p1a,p1b\n|-resisted|p1b: Calyrex\n|-damage|p1a: Iron Valiant|32/100\n|-damage|p1b: Calyrex|82/100\n|\n|upkeep\n|\n|t:|1746129266\n|switch|p2a: Miraidon|Miraidon, L50|100/100\n|-activate|p2a: Miraidon|ability: Hadron Engine\n|turn|3\n|\n|t:|1746129299\n|move|p1a: Iron Valiant|Close Combat|p2a: Miraidon\n|-damage|p2a: Miraidon|44/100\n|-unboost|p1a: Iron Valiant|def|1\n|-unboost|p1a: Iron Valiant|spd|1\n|move|p2a: Miraidon|Electro Drift|p1b: Calyrex\n|-damage|p1b: Calyrex|0 fnt\n|faint|p1b: Calyrex\n|move|p2b: Calyrex|Glacial Lance|p1a: Iron Valiant\n|-damage|p1a: Iron Valiant|0 fnt\n|faint|p1a: Iron Valiant\n|-end|p1a: Iron Valiant|Quark Drive|[silent]\n|-ability|p2b: Calyrex|Chilling Neigh|boost\n|-boost|p2b: Calyrex|atk|1\n|\n|upkeep\n|\n|t:|1746129311\n|switch|p1a: Iron Bundle|Iron Bundle, L50|100/100\n|switch|p1b: Miraidon|Miraidon, L50|100/100\n|-activate|p1b: Miraidon|ability: Hadron Engine\n|-activate|p1a: Iron Bundle|ability: Quark Drive\n|-start|p1a: Iron Bundle|quarkdrivespe\n|turn|4\n|\n|t:|1746129400\n|-terastallize|p1b: Miraidon|Fire\n|move|p1a: Iron Bundle|Protect|p1a: Iron Bundle\n|-singleturn|p1a: Iron Bundle|Protect\n|move|p2a: Miraidon|Electro Drift|p1a: Iron Bundle\n|-activate|p1a: Iron Bundle|move: Protect\n|move|p1b: Miraidon|Overheat|p2b: Calyrex\n|-supereffective|p2b: Calyrex\n|-damage|p2b: Calyrex|0 fnt\n|-unboost|p1b: Miraidon|spa|2\n|faint|p2b: Calyrex\n|\n|upkeep\n|\n|t:|1746129402\n|switch|p2b: Iron Jugulis|Iron Jugulis, L50|100/100\n|-activate|p2b: Iron Jugulis|ability: Quark Drive\n|-start|p2b: Iron Jugulis|quarkdrivespe\n|turn|5\n|\n|t:|1746129433\n|-terastallize|p2b: Iron Jugulis|Poison\n|move|p1a: Iron Bundle|Icy Wind|p2a: Miraidon|[spread] p2a\n|-miss|p1a: Iron Bundle|p2b: Iron Jugulis\n|-supereffective|p2a: Miraidon\n|-damage|p2a: Miraidon|11/100\n|-unboost|p2a: Miraidon|spe|1\n|move|p2b: Iron Jugulis|Tailwind|p2b: Iron Jugulis\n|-sidestart|p2: catcatscats|move: Tailwind\n|move|p2a: Miraidon|Electro Drift|p1b: Miraidon\n|-damage|p1b: Miraidon|0 fnt\n|faint|p1b: Miraidon\n|\n|-fieldend|move: Electric Terrain\n|-end|p2b: Iron Jugulis|Quark Drive\n|-end|p1a: Iron Bundle|Quark Drive\n|upkeep\n|-enditem|p2b: Iron Jugulis|Booster Energy\n|-activate|p2b: Iron Jugulis|ability: Quark Drive|[fromitem]\n|-start|p2b: Iron Jugulis|quarkdrivespe\n|turn|6\n|\n|t:|1746129448\n|move|p2b: Iron Jugulis|Snarl|p1a: Iron Bundle\n|-damage|p1a: Iron Bundle|43/100\n|-unboost|p1a: Iron Bundle|spa|1\n|move|p2a: Miraidon|Electro Drift|p1a: Iron Bundle\n|-supereffective|p1a: Iron Bundle\n|-damage|p1a: Iron Bundle|0 fnt\n|faint|p1a: Iron Bundle\n|-end|p1a: Iron Bundle|Quark Drive|[silent]\n|\n|win|catcatscats\n||subinator is ready for game 2.\n||catcatscats is ready for game 2.\n|uhtml|next|Next: <a href=\"/battle-gen9vgc2025regibo3-2354895894\"><strong>Game 2 of 3</strong></a>\n|l|\u2606subinator\n|player|p1|\n", "uploadtime": 1746129800, "views": 5, "formatid": "gen9vgc2025regibo3", "rating": null, "private": 0, "password": null}