{"id": "gen9vgc2025regibo3-2354676305", "format": "[Gen 9] VGC 2025 Reg I (Bo3)", "players": ["demakker", "Olciax34"], "log": "|j|\u2606demakker\n|j|\u2606Olciax34\n|html|<table width=\"100%\"><tr><td align=\"left\">demakker</td><td align=\"right\">Olciax34</tr><tr><td align=\"left\"><i class=\"fa fa-circle\"></i> <i class=\"fa fa-circle-o\"></i> </td><td align=\"right\"><i class=\"fa fa-circle-o\"></i> <i class=\"fa fa-circle\"></i> </tr></table>\n|uhtml|bestof|<h2><strong>Game 3</strong> of <a href=\"/game-bestof3-gen9vgc2025regibo3-2354672972\">a best-of-3</a></h2>\n|t:|1746109709\n|gametype|doubles\n|player|p1|demakker|169|1291\n|player|p2|Olciax34|2|1205\n|teamsize|p1|6\n|teamsize|p2|6\n|gen|9\n|tier|[Gen 9] VGC 2025 Reg I (Bo3)\n|rated|\n|rule|Species Clause: Limit one of each Pok\u00e9mon\n|rule|Item Clause: Limit 1 of each item\n|clearpoke\n|poke|p1|Miraidon, L50|\n|poke|p1|Lunala, L50|\n|poke|p1|Tornadus, L50, M|\n|poke|p1|Grimmsnarl, L50, M|\n|poke|p1|Chi-Yu, L50|\n|poke|p1|Iron Hands, L50|\n|poke|p2|Miraidon, L50|\n|poke|p2|Cobalion, L50|\n|poke|p2|Iron Hands, L50|\n|poke|p2|Urshifu-*, L50, F|\n|poke|p2|Tornadus, L50, M|\n|poke|p2|Calyrex-Shadow, L50|\n|teampreview|4\n|showteam|p1|Miraidon||ChoiceSpecs|HadronEngine|ElectroDrift,DracoMeteor,VoltSwitch,DazzlingGleam||||||50|,,,,,Fairy]Lunala||PowerHerb|ShadowShield|Moonblast,MoongeistBeam,WideGuard,MeteorBeam||||||50|,,,,,Fairy]Tornadus||FocusSash|Prankster|Tailwind,BleakwindStorm,SunnyDay,Taunt|||M|||50|,,,,,Dark]Grimmsnarl||LightClay|Prankster|LightScreen,Reflect,ThunderWave,SpiritBreak|||M|||50|,,,,,Steel]Chi-Yu||ChoiceScarf|BeadsofRuin|Flamethrower,HeatWave,Snarl,DarkPulse||||||50|,,,,,Flying]Iron Hands||AssaultVest|QuarkDrive|FakeOut,LowKick,DrainPunch,WildCharge||||||50|,,,,,Bug\n|showteam|p2|Miraidon||ChoiceSpecs|HadronEngine|ElectroDrift,DracoMeteor,VoltSwitch,DazzlingGleam||||||50|,,,,,Fairy]Cobalion||ElectricSeed|Justified|BodyPress,HeavySlam,IronDefense,Protect||||||50|,,,,,Dragon]Iron Hands||AssaultVest|QuarkDrive|DrainPunch,HeavySlam,LowKick,FakeOut||||||50|,,,,,Bug]Urshifu-Rapid-Strike||MysticWater|UnseenFist|SurgingStrikes,CloseCombat,AquaJet,Detect|||F|||50|,,,,,Water]Tornadus||CovertCloak|Prankster|RainDance,Tailwind,BleakwindStorm,Protect|||M|||50|,,,,,Dark]Calyrex-Shadow||FocusSash|AsOneSpectrier|AstralBarrage,Protect,ShadowBall,TeraBlast||||||50|,,,,,Water\n|\n|t:|1746109747\n|start\n|switch|p1a: Iron Hands|Iron Hands, L50|100/100\n|switch|p1b: Miraidon|Miraidon, L50|100/100\n|switch|p2a: Miraidon|Miraidon, L50|100/100\n|switch|p2b: Tornadus|Tornadus, L50, M|100/100\n|-fieldstart|move: Electric Terrain|[from] ability: Hadron Engine|[of] p2a: Miraidon\n|-activate|p1a: Iron Hands|ability: Quark Drive\n|-start|p1a: Iron Hands|quarkdriveatk\n|-activate|p1b: Miraidon|ability: Hadron Engine\n|turn|1\n|\n|t:|1746109764\n|switch|p2a: Calyrex|Calyrex-Shadow, L50|100/100\n|-ability|p2a: Calyrex|As One\n|-ability|p2a: Calyrex|Unnerve\n|-terastallize|p1b: Miraidon|Fairy\n|move|p2b: Tornadus|Protect|p2b: Tornadus\n|-singleturn|p2b: Tornadus|Protect\n|move|p1a: Iron Hands|Fake Out|p2a: Calyrex\n|-immune|p2a: Calyrex\n|move|p1b: Miraidon|Dazzling Gleam|p2a: Calyrex|[spread] p2a\n|-activate|p2b: Tornadus|move: Protect\n|-damage|p2a: Calyrex|30/100\n|\n|upkeep\n|turn|2\n|\n|t:|1746109788\n|move|p2b: Tornadus|Tailwind|p2b: Tornadus\n|-sidestart|p2: Olciax34|move: Tailwind\n|move|p2a: Calyrex|Astral Barrage|p1b: Miraidon|[spread] p1a,p1b\n|-damage|p1a: Iron Hands|72/100\n|-damage|p1b: Miraidon|55/100\n|move|p1b: Miraidon|Dazzling Gleam|p2b: Tornadus|[spread] p2a,p2b\n|-damage|p2a: Calyrex|0 fnt\n|-damage|p2b: Tornadus|21/100\n|faint|p2a: Calyrex\n|move|p1a: Iron Hands|Wild Charge|p2b: Tornadus\n|-supereffective|p2b: Tornadus\n|-damage|p2b: Tornadus|0 fnt\n|faint|p2b: Tornadus\n|-damage|p1a: Iron Hands|68/100|[from] Recoil\n|\n|upkeep\n|\n|t:|1746109802\n|switch|p2a: Iron Hands|Iron Hands, L50|100/100\n|switch|p2b: Miraidon|Miraidon, L50|100/100\n|-activate|p2b: Miraidon|ability: Hadron Engine\n|-activate|p2a: Iron Hands|ability: Quark Drive\n|-start|p2a: Iron Hands|quarkdriveatk\n|turn|3\n|\n|t:|1746109812\n|-end|p1a: Iron Hands|Quark Drive|[silent]\n|switch|p1a: Chi-Yu|Chi-Yu, L50|100/100\n|-ability|p1a: Chi-Yu|Beads of Ruin\n|move|p2b: Miraidon|Electro Drift|p1b: Miraidon\n|-damage|p1b: Miraidon|0 fnt\n|faint|p1b: Miraidon\n|move|p2a: Iron Hands|Low Kick|p1a: Chi-Yu\n|-supereffective|p1a: Chi-Yu\n|-damage|p1a: Chi-Yu|53/100\n|\n|upkeep\n|\n|t:|1746109837\n|switch|p1b: Iron Hands|Iron Hands, L50|68/100\n|-activate|p1b: Iron Hands|ability: Quark Drive\n|-start|p1b: Iron Hands|quarkdriveatk\n|turn|4\n|\n|t:|1746109852\n|-terastallize|p2b: Miraidon|Fairy\n|move|p1b: Iron Hands|Fake Out|p2b: Miraidon\n|-damage|p2b: Miraidon|79/100\n|cant|p2b: Miraidon|flinch\n|move|p1a: Chi-Yu|Snarl|p2a: Iron Hands|[spread] p2a,p2b\n|-resisted|p2a: Iron Hands\n|-resisted|p2b: Miraidon\n|-damage|p2a: Iron Hands|92/100\n|-damage|p2b: Miraidon|65/100\n|-unboost|p2a: Iron Hands|spa|1\n|-unboost|p2b: Miraidon|spa|1\n|move|p2a: Iron Hands|Drain Punch|p1a: Chi-Yu\n|-supereffective|p1a: Chi-Yu\n|-damage|p1a: Chi-Yu|0 fnt\n|-heal|p2a: Iron Hands|100/100|[from] drain|[of] p1a: Chi-Yu\n|faint|p1a: Chi-Yu\n|\n|upkeep\n|inactive|Battle timer is ON: inactive players will automatically lose when time's up. (requested by demakker)\n|\n|t:|1746109856\n|switch|p1a: Lunala|Lunala, L50|100/100\n|turn|5\n|\n|t:|1746109872\n|move|p2b: Miraidon|Electro Drift|p1a: Lunala\n|-damage|p1a: Lunala|66/100\n|move|p1a: Lunala|Meteor Beam||[still]\n|-prepare|p1a: Lunala|Meteor Beam\n|-boost|p1a: Lunala|spa|1\n|-enditem|p1a: Lunala|Power Herb\n|-anim|p1a: Lunala|Meteor Beam|p2b: Miraidon\n|-damage|p2b: Miraidon|3/100\n|move|p2a: Iron Hands|Low Kick|p1b: Iron Hands\n|-damage|p1b: Iron Hands|2/100\n|move|p1b: Iron Hands|Low Kick|p2a: Iron Hands\n|-damage|p2a: Iron Hands|42/100\n|\n|-sideend|p2: Olciax34|move: Tailwind\n|-fieldend|move: Electric Terrain\n|-end|p2a: Iron Hands|Quark Drive\n|-end|p1b: Iron Hands|Quark Drive\n|upkeep\n|turn|6\n|inactive|Olciax34 has 30 seconds left.\n|\n|t:|1746109903\n|move|p2b: Miraidon|Electro Drift|p1a: Lunala\n|-damage|p1a: Lunala|32/100\n|move|p1a: Lunala|Moongeist Beam|p2b: Miraidon\n|-damage|p2b: Miraidon|0 fnt\n|faint|p2b: Miraidon\n|move|p1b: Iron Hands|Low Kick|p2a: Iron Hands\n|-damage|p2a: Iron Hands|0 fnt\n|faint|p2a: Iron Hands\n|-end|p2a: Iron Hands|Quark Drive|[silent]\n|\n|win|demakker\n|raw|demakker's rating: 1291 &rarr; <strong>1310</strong><br />(+19 for winning)\n|raw|Olciax34's rating: 1205 &rarr; <strong>1186</strong><br />(-19 for losing)\n|l|\u2606demakker\n|player|p1|\n|l|\u2606Olciax34\n|player|p2|\n", "uploadtime": 1746110187, "views": 5, "formatid": "gen9vgc2025regibo3", "rating": 1186, "private": 0, "password": null}