{"id": "gen9vgc2025regibo3-2355056870", "format": "[Gen 9] VGC 2025 Reg I (Bo3)", "players": ["BunsenBonnett", "maddokyoma"], "log": "|j|\u2606BunsenBonnett\n|j|\u2606maddokyoma\n|html|<table width=\"100%\"><tr><td align=\"left\">BunsenBonnett</td><td align=\"right\">maddokyoma</tr><tr><td align=\"left\"><i class=\"fa fa-circle\"></i> <i class=\"fa fa-circle-o\"></i> </td><td align=\"right\"><i class=\"fa fa-circle-o\"></i> <i class=\"fa fa-circle-o\"></i> </tr></table>\n|uhtml|bestof|<h2><strong>Game 2</strong> of <a href=\"/game-bestof3-gen9vgc2025regibo3-2355055019\">a best-of-3</a></h2>\n|t:|1746147142\n|gametype|doubles\n|player|p1|BunsenBonnett|burglar|1537\n|player|p2|maddokyoma|volo|1408\n|teamsize|p1|6\n|teamsize|p2|6\n|gen|9\n|tier|[Gen 9] VGC 2025 Reg I (Bo3)\n|rated|\n|rule|Species Clause: Limit one of each Pok\u00e9mon\n|rule|Item Clause: Limit 1 of each item\n|clearpoke\n|poke|p1|Ho-Oh, L50|\n|poke|p1|Miraidon, L50|\n|poke|p1|Iron Hands, L50|\n|poke|p1|Farigiraf, L50, F|\n|poke|p1|Urshifu-*, L50, M|\n|poke|p1|Ursaluna, L50, F|\n|poke|p2|Miraidon, L50|\n|poke|p2|Iron Hands, L50|\n|poke|p2|Pelipper, L50, M|\n|poke|p2|Ogerpon-Wellspring, L50, F|\n|poke|p2|Farigiraf, L50, F|\n|poke|p2|Calyrex-Ice, L50|\n|teampreview|4\n|showteam|p1|Ho-Oh||ClearAmulet|Regenerator|SacredFire,Tailwind,BraveBird,Protect||||||50|,,,,,Grass]Miraidon||ChoiceSpecs|HadronEngine|ElectroDrift,VoltSwitch,DracoMeteor,DazzlingGleam||||||50|,,,,,Fairy]Iron Hands||AssaultVest|QuarkDrive|LowKick,DrainPunch,WildCharge,FakeOut||||||50|,,,,,Water]Farigiraf||ElectricSeed|ArmorTail|FoulPlay,Psychic,TrickRoom,HelpingHand|||F|||50|,,,,,Water]Urshifu-Rapid-Strike||ChoiceScarf|UnseenFist|SurgingStrikes,CloseCombat,Uturn,RockTomb|||M|||50|,,,,,Water]Ursaluna||FlameOrb|Guts|Facade,HeadlongRush,Earthquake,Protect|||F|||50|,,,,,Poison\n|showteam|p2|Miraidon||LifeOrb|HadronEngine|Protect,DracoMeteor,ElectroDrift,VoltSwitch||||||50|,,,,,Electric]Iron Hands||ElectricSeed|QuarkDrive|Protect,SwordsDance,DrainPunch,ThunderPunch||||||50|,,,,,Grass]Pelipper||FocusSash|Drizzle|Tailwind,WideGuard,WeatherBall,Hurricane|||M|||50|,,,,,Ground]Ogerpon-Wellspring||WellspringMask|WaterAbsorb|FollowMe,SwordsDance,IvyCudgel,SpikyShield|||F|||50|,,,,,Water]Farigiraf||RockyHelmet|ArmorTail|DazzlingGleam,Protect,HelpingHand,TrickRoom|||F|||50|,,,,,Fairy]Calyrex-Ice||ClearAmulet|AsOneGlastrier|GlacialLance,HighHorsepower,TrickRoom,Protect||||||50|,,,,,Normal\n|inactive|Battle timer is ON: inactive players will automatically lose when time's up. (requested by maddokyoma)\n|\n|t:|1746147160\n|start\n|switch|p1a: Edward|Miraidon, L50|100/100\n|switch|p1b: Scar|Urshifu-Rapid-Strike, L50, M|100/100\n|switch|p2a: Miraidon|Miraidon, L50|100/100\n|switch|p2b: Farigiraf|Farigiraf, L50, F|100/100\n|-fieldstart|move: Electric Terrain|[from] ability: Hadron Engine|[of] p2a: Miraidon\n|-activate|p1a: Edward|ability: Hadron Engine\n|turn|1\n|\n|t:|1746147170\n|move|p1b: Scar|U-turn|p2b: Farigiraf\n|-supereffective|p2b: Farigiraf\n|-damage|p2b: Farigiraf|57/100\n|-damage|p1b: Scar|84/100|[from] item: Rocky Helmet|[of] p2b: Farigiraf\n|\n|t:|1746147172\n|switch|p1b: Winry|Farigiraf, L50, F|100/100|[from] U-turn\n|-enditem|p1b: Winry|Electric Seed\n|-boost|p1b: Winry|def|1|[from] item: Electric Seed\n|move|p2a: Miraidon|Draco Meteor|p1a: Edward\n|-supereffective|p1a: Edward\n|-crit|p1a: Edward\n|-damage|p1a: Edward|0 fnt\n|-unboost|p2a: Miraidon|spa|2\n|faint|p1a: Edward\n|-damage|p2a: Miraidon|91/100|[from] item: Life Orb\n|move|p2b: Farigiraf|Trick Room|p2b: Farigiraf\n|-fieldstart|move: Trick Room|[of] p2b: Farigiraf\n|\n|upkeep\n|\n|t:|1746147174\n|switch|p1a: Alphonse|Iron Hands, L50|100/100\n|-activate|p1a: Alphonse|ability: Quark Drive\n|-start|p1a: Alphonse|quarkdriveatk\n|turn|2\n|inactive|maddokyoma has 30 seconds left.\n|inactive|maddokyoma has 20 seconds left.\n|inactive|maddokyoma has 15 seconds left.\n|\n|t:|1746147217\n|-terastallize|p2b: Farigiraf|Fairy\n|move|p2b: Farigiraf|Dazzling Gleam|p1a: Alphonse|[spread] p1a,p1b\n|-supereffective|p1a: Alphonse\n|-damage|p1a: Alphonse|79/100\n|-damage|p1b: Winry|78/100\n|move|p1a: Alphonse|Low Kick|p2a: Miraidon\n|-damage|p2a: Miraidon|6/100\n|move|p2a: Miraidon|Volt Switch|p1b: Winry\n|-damage|p1b: Winry|35/100\n|-damage|p2a: Miraidon|0 fnt|[from] item: Life Orb\n|faint|p2a: Miraidon\n|move|p1b: Winry|Trick Room|p1b: Winry\n|-fieldend|move: Trick Room\n|\n|upkeep\n|\n|t:|1746147231\n|switch|p2a: Iron Hands|Iron Hands, L50|100/100\n|-enditem|p2a: Iron Hands|Electric Seed\n|-boost|p2a: Iron Hands|def|1|[from] item: Electric Seed\n|-activate|p2a: Iron Hands|ability: Quark Drive\n|-start|p2a: Iron Hands|quarkdriveatk\n|turn|3\n|\n|t:|1746147237\n|move|p1b: Winry|Psychic|p2a: Iron Hands\n|-supereffective|p2a: Iron Hands\n|-crit|p2a: Iron Hands\n|-damage|p2a: Iron Hands|6/100\n|-unboost|p2a: Iron Hands|spd|1\n|move|p1a: Alphonse|Wild Charge|p2b: Farigiraf\n|-damage|p2b: Farigiraf|0 fnt\n|-damage|p1a: Alphonse|62/100|[from] item: Rocky Helmet|[of] p2b: Farigiraf\n|faint|p2b: Farigiraf\n|-damage|p1a: Alphonse|50/100|[from] Recoil\n|move|p2a: Iron Hands|Swords Dance|p2a: Iron Hands\n|-boost|p2a: Iron Hands|atk|2\n|\n|upkeep\n|\n|t:|1746147247\n|switch|p2b: Pelipper|Pelipper, L50, M|100/100\n|-weather|RainDance|[from] ability: Drizzle|[of] p2b: Pelipper\n|turn|4\n|\n|t:|1746147261\n|move|p2a: Iron Hands|Protect|p2a: Iron Hands\n|-singleturn|p2a: Iron Hands|Protect\n|move|p2b: Pelipper|Tailwind|p2b: Pelipper\n|-sidestart|p2: maddokyoma|move: Tailwind\n|move|p1b: Winry|Psychic|p2a: Iron Hands\n|-activate|p2a: Iron Hands|move: Protect\n|move|p1a: Alphonse|Wild Charge|p2b: Pelipper\n|-supereffective|p2b: Pelipper\n|-enditem|p2b: Pelipper|Focus Sash\n|-damage|p2b: Pelipper|1/100\n|-damage|p1a: Alphonse|36/100|[from] Recoil\n|\n|-weather|RainDance|[upkeep]\n|upkeep\n|turn|5\n|\n|t:|1746147277\n|move|p2b: Pelipper|Weather Ball|p1b: Winry\n|-damage|p1b: Winry|0 fnt\n|faint|p1b: Winry\n|move|p2a: Iron Hands|Drain Punch|p1a: Alphonse\n|-damage|p1a: Alphonse|0 fnt\n|-heal|p2a: Iron Hands|23/100|[from] drain|[of] p1a: Alphonse\n|faint|p1a: Alphonse\n|-end|p1a: Alphonse|Quark Drive|[silent]\n|\n|-weather|RainDance|[upkeep]\n|-fieldend|move: Electric Terrain\n|-end|p2a: Iron Hands|Quark Drive\n|upkeep\n|\n|t:|1746147279\n|switch|p1b: Scar|Urshifu-Rapid-Strike, L50, M|84/100\n|turn|6\n|\n|t:|1746147296\n|-terastallize|p1b: Scar|Water\n|move|p2b: Pelipper|Hurricane|p1b: Scar\n|-damage|p1b: Scar|16/100\n|move|p1b: Scar|Surging Strikes|p2a: Iron Hands\n|-crit|p2a: Iron Hands\n|-damage|p2a: Iron Hands|0 fnt\n|faint|p2a: Iron Hands\n|-end|p2a: Iron Hands|Quark Drive|[silent]\n|-hitcount|p2: Iron Hands|1\n|\n|-weather|RainDance|[upkeep]\n|upkeep\n|turn|7\n|\n|t:|1746147304\n|move|p2b: Pelipper|Hurricane|p1b: Scar\n|-damage|p1b: Scar|0 fnt\n|faint|p1b: Scar\n|\n|win|maddokyoma\n||BunsenBonnett is ready for game 3.\n|inactive|maddokyoma has 30 seconds to confirm battle start!\n||maddokyoma is ready for game 3.\n|uhtml|next|Next: <a href=\"/battle-gen9vgc2025regibo3-2355058411\"><strong>Game 3 of 3</strong></a>\n|l|\u2606BunsenBonnett\n|player|p1|\n", "uploadtime": 1746147306, "views": 4, "formatid": "gen9vgc2025regibo3", "rating": null, "private": 0, "password": null}