{"id": "gen9vgc2025regibo3-2354424886", "format": "[Gen 9] VGC 2025 Reg I (Bo3)", "players": ["Chaoticfarmer", "JLUKES"], "log": "|j|\u2606Chaoticfarmer\n|j|\u2606JLUKES\n|html|<table width=\"100%\"><tr><td align=\"left\">Chaoticfarmer</td><td align=\"right\">JLUKES</tr><tr><td align=\"left\"><i class=\"fa fa-circle-o\"></i> <i class=\"fa fa-circle-o\"></i> </td><td align=\"right\"><i class=\"fa fa-circle-o\"></i> <i class=\"fa fa-circle-o\"></i> </tr></table>\n|uhtml|bestof|<h2><strong>Game 1</strong> of <a href=\"/game-bestof3-gen9vgc2025regibo3-2354424885\">a best-of-3</a></h2>\n|t:|1746069855\n|gametype|doubles\n|player|p1|Chaoticfarmer|norman|1257\n|player|p2|JLUKES|265|1270\n|teamsize|p1|6\n|teamsize|p2|6\n|gen|9\n|tier|[Gen 9] VGC 2025 Reg I (Bo3)\n|rated|\n|rule|Species Clause: Limit one of each Pok\u00e9mon\n|rule|Item Clause: Limit 1 of each item\n|clearpoke\n|poke|p1|Tornadus, L50, M|\n|poke|p1|Zacian-*, L50|\n|poke|p1|Landorus, L50, M|\n|poke|p1|Kyogre, L50|\n|poke|p1|Incineroar, L50, F|\n|poke|p1|Farigiraf, L50, F|\n|poke|p2|Koraidon, L50|\n|poke|p2|Zacian-*, L50|\n|poke|p2|Tornadus, L50, M|\n|poke|p2|Indeedee-F, L50, F|\n|poke|p2|Chien-Pao, L50|\n|poke|p2|Iron Moth, L50|\n|teampreview|4\n|showteam|p1|Tornadus||CovertCloak|Prankster|BleakwindStorm,Tailwind,RainDance,Taunt|||M|||50|,,,,,Electric]Zacian-Crowned||RustedSword|IntrepidSword|behemothblade,PlayRough,WildCharge,Protect||||||50|,,,,,Fairy]Landorus||LifeOrb|SheerForce|EarthPower,SandsearStorm,SludgeBomb,Protect|||M|||50|,,,,,Water]Kyogre||SitrusBerry|Drizzle|WaterSpout,OriginPulse,Thunder,IceBeam||||||50|,,,,,Grass]Incineroar||AssaultVest|Intimidate|FakeOut,Snarl,KnockOff,Uturn|||F|||50|,,,,,Bug]Farigiraf||SafetyGoggles|ArmorTail|FoulPlay,Psychic,HelpingHand,TrickRoom|||F|||50|,,,,,Fairy\n|showteam|p2|Koraidon||AssaultVest|OrichalcumPulse|FlameCharge,FlareBlitz,Uturn,CloseCombat||||||50|,,,,,Fire]Zacian-Crowned||RustedSword|IntrepidSword|Protect,behemothblade,PlayRough,SacredSword||||||50|,,,,,Dragon]Tornadus||CovertCloak|Prankster|BleakwindStorm,SunnyDay,Tailwind,Protect|||M|||50|,,,,,Dark]Indeedee-F||RockyHelmet|PsychicSurge|TrickRoom,Imprison,FollowMe,AlluringVoice|||F|||50|,,,,,Water]Chien-Pao||LifeOrb|SwordofRuin|SuckerPunch,IcicleCrash,ThroatChop,IceShard||||||50|,,,,,Stellar]Iron Moth||PowerHerb|QuarkDrive|Protect,HeatWave,MeteorBeam,BugBuzz||||||50|,,,,,Bug\n|inactive|Battle timer is ON: inactive players will automatically lose when time's up. (requested by Chaoticfarmer)\n|inactive|Chaoticfarmer has 60 seconds left.\n|inactive|JLUKES has 60 seconds left.\n|\n|t:|1746069910\n|start\n|switch|p1a: Incineroar|Incineroar, L50, F|100/100\n|switch|p1b: Farigiraf|Farigiraf, L50, F|100/100\n|switch|p2a: Chien-Pao|Chien-Pao, L50|100/100\n|switch|p2b: Tornadus|Tornadus, L50, M|100/100\n|-ability|p2a: Chien-Pao|Sword of Ruin\n|-ability|p1a: Incineroar|Intimidate|boost\n|-unboost|p2a: Chien-Pao|atk|1\n|-unboost|p2b: Tornadus|atk|1\n|turn|1\n|inactive|JLUKES has 30 seconds left.\n|\n|t:|1746069937\n|switch|p2a: Koraidon|Koraidon, L50|100/100\n|-weather|SunnyDay|[from] ability: Orichalcum Pulse|[of] p2a: Koraidon\n|-activate|p2a: Koraidon|Orichalcum Pulse|[source]\n|move|p1a: Incineroar|Fake Out|p2a: Koraidon\n|-damage|p2a: Koraidon|91/100\n|move|p2b: Tornadus|Bleakwind Storm|p1a: Incineroar|[spread] p1a,p1b\n|-damage|p1a: Incineroar|82/100\n|-damage|p1b: Farigiraf|73/100\n|-unboost|p1b: Farigiraf|spe|1\n|move|p1b: Farigiraf|Trick Room|p1b: Farigiraf\n|-fieldstart|move: Trick Room|[of] p1b: Farigiraf\n|\n|-weather|SunnyDay|[upkeep]\n|upkeep\n|turn|2\n|inactive|JLUKES has 30 seconds left.\n|inactive|JLUKES has 20 seconds left.\n|\n|t:|1746069975\n|switch|p2a: Chien-Pao|Chien-Pao, L50|100/100\n|-ability|p2a: Chien-Pao|Sword of Ruin\n|move|p1b: Farigiraf|Psychic|p2a: Chien-Pao\n|-immune|p2a: Chien-Pao\n|move|p1a: Incineroar|U-turn|p2a: Chien-Pao\n|-supereffective|p2a: Chien-Pao\n|-damage|p2a: Chien-Pao|50/100\n|\n|t:|1746069984\n|switch|p1a: Kyogre|Kyogre, L50|100/100|[from] U-turn\n|-weather|RainDance|[from] ability: Drizzle|[of] p1a: Kyogre\n|move|p2b: Tornadus|Bleakwind Storm|p1b: Farigiraf|[spread] p1a,p1b\n|-damage|p1a: Kyogre|75/100\n|-damage|p1b: Farigiraf|46/100\n|-unboost|p1b: Farigiraf|spe|1\n|\n|-weather|RainDance|[upkeep]\n|upkeep\n|turn|3\n|inactive|JLUKES has 30 seconds left.\n|inactive|JLUKES has 20 seconds left.\n|inactive|JLUKES has 15 seconds left.\n|\n|t:|1746070028\n|switch|p2a: Koraidon|Koraidon, L50|91/100\n|-weather|SunnyDay|[from] ability: Orichalcum Pulse|[of] p2a: Koraidon\n|-activate|p2a: Koraidon|Orichalcum Pulse|[source]\n|move|p1b: Farigiraf|Helping Hand|p1a: Kyogre\n|-singleturn|p1a: Kyogre|Helping Hand|[of] p1b: Farigiraf\n|move|p1a: Kyogre|Origin Pulse|p2b: Tornadus|[spread] p2a\n|-miss|p1a: Kyogre|p2b: Tornadus\n|-resisted|p2a: Koraidon\n|-damage|p2a: Koraidon|81/100\n|move|p2b: Tornadus|Bleakwind Storm|p1b: Farigiraf|[spread] p1a,p1b\n|-damage|p1a: Kyogre|52/100\n|-damage|p1b: Farigiraf|16/100\n|\n|-weather|SunnyDay|[upkeep]\n|upkeep\n|turn|4\n|inactive|JLUKES has 30 seconds left.\n|inactive|JLUKES has 20 seconds left.\n|inactive|JLUKES has 15 seconds left.\n|\n|t:|1746070071\n|switch|p1a: Incineroar|Incineroar, L50, F|82/100\n|-ability|p1a: Incineroar|Intimidate|boost\n|-unboost|p2a: Koraidon|atk|1\n|-unboost|p2b: Tornadus|atk|1\n|-terastallize|p2a: Koraidon|Fire\n|move|p1b: Farigiraf|Psychic|p2a: Koraidon\n|-damage|p2a: Koraidon|63/100\n|move|p2b: Tornadus|Bleakwind Storm|p1b: Farigiraf|[spread] p1a,p1b\n|-damage|p1a: Incineroar|62/100\n|-damage|p1b: Farigiraf|0 fnt\n|-unboost|p1a: Incineroar|spe|1\n|faint|p1b: Farigiraf\n|move|p2a: Koraidon|Close Combat|p1a: Incineroar\n|-supereffective|p1a: Incineroar\n|-damage|p1a: Incineroar|0 fnt\n|-unboost|p2a: Koraidon|def|1\n|-unboost|p2a: Koraidon|spd|1\n|faint|p1a: Incineroar\n|\n|-weather|SunnyDay|[upkeep]\n|upkeep\n|\n|t:|1746070084\n|switch|p1b: Landorus|Landorus, L50, M|100/100\n|switch|p1a: Kyogre|Kyogre, L50|52/100\n|-weather|RainDance|[from] ability: Drizzle|[of] p1a: Kyogre\n|turn|5\n|inactive|JLUKES has 30 seconds left.\n|inactive|JLUKES has 20 seconds left.\n|\n|t:|1746070121\n|switch|p2a: Chien-Pao|Chien-Pao, L50|50/100\n|-ability|p2a: Chien-Pao|Sword of Ruin\n|move|p2b: Tornadus|Protect|p2b: Tornadus\n|-singleturn|p2b: Tornadus|Protect\n|move|p1a: Kyogre|Thunder|p2b: Tornadus\n|-activate|p2b: Tornadus|move: Protect\n|move|p1b: Landorus|Earth Power|p2a: Chien-Pao\n|-damage|p2a: Chien-Pao|0 fnt\n|faint|p2a: Chien-Pao\n|\n|-weather|RainDance|[upkeep]\n|-fieldend|move: Trick Room\n|upkeep\n|\n|t:|1746070141\n|switch|p2a: Koraidon|Koraidon, L50, tera:Fire|63/100\n|-weather|SunnyDay|[from] ability: Orichalcum Pulse|[of] p2a: Koraidon\n|-activate|p2a: Koraidon|Orichalcum Pulse|[source]\n|turn|6\n|\n|t:|1746070156\n|-terastallize|p1b: Landorus|Water\n|move|p2b: Tornadus|Tailwind|p2b: Tornadus\n|-sidestart|p2: JLUKES|move: Tailwind\n|move|p2a: Koraidon|Close Combat|p1a: Kyogre\n|-damage|p1a: Kyogre|0 fnt\n|-unboost|p2a: Koraidon|def|1\n|-unboost|p2a: Koraidon|spd|1\n|faint|p1a: Kyogre\n|move|p1b: Landorus|Earth Power|p2a: Koraidon\n|-supereffective|p2a: Koraidon\n|-damage|p2a: Koraidon|0 fnt\n|faint|p2a: Koraidon\n|\n|-weather|SunnyDay|[upkeep]\n|upkeep\n|\n|t:|1746070168\n|switch|p2a: Zacian|Zacian-Crowned, L50|100/100\n|-ability|p2a: Zacian|Intrepid Sword|boost\n|-boost|p2a: Zacian|atk|1\n|turn|7\n|\n|t:|1746070177\n|move|p2a: Zacian|Protect|p2a: Zacian\n|-singleturn|p2a: Zacian|Protect\n|move|p2b: Tornadus|Bleakwind Storm|p1b: Landorus\n|-damage|p1b: Landorus|51/100\n|-unboost|p1b: Landorus|spe|1\n|move|p1b: Landorus|Earth Power|p2a: Zacian\n|-activate|p2a: Zacian|move: Protect\n|\n|-weather|SunnyDay|[upkeep]\n|upkeep\n|turn|8\n|\n|t:|1746070194\n|move|p2a: Zacian|Behemoth Blade|p1b: Landorus\n|-resisted|p1b: Landorus\n|-damage|p1b: Landorus|8/100\n|move|p2b: Tornadus|Bleakwind Storm|p1b: Landorus\n|-damage|p1b: Landorus|0 fnt\n|faint|p1b: Landorus\n|\n|win|JLUKES\n||Chaoticfarmer is ready for game 2.\n||JLUKES is ready for game 2.\n|uhtml|next|Next: <a href=\"/battle-gen9vgc2025regibo3-2354427506\"><strong>Game 2 of 3</strong></a>\n", "uploadtime": 1746070570, "views": 7, "formatid": "gen9vgc2025regibo3", "rating": null, "private": 0, "password": null}