{"id": "gen9vgc2025regibo3-2354128425", "format": "[Gen 9] VGC 2025 Reg I (Bo3)", "players": ["Logey", "I_love_danny_green"], "log": "|j|\u2606Logey\n|j|\u2606I_love_danny_green\n|html|<table width=\"100%\"><tr><td align=\"left\">Logey</td><td align=\"right\">I_love_danny_green</tr><tr><td align=\"left\"><i class=\"fa fa-circle-o\"></i> <i class=\"fa fa-circle-o\"></i> </td><td align=\"right\"><i class=\"fa fa-circle-o\"></i> <i class=\"fa fa-circle-o\"></i> </tr></table>\n|uhtml|bestof|<h2><strong>Game 1</strong> of <a href=\"/game-bestof3-gen9vgc2025regibo3-2354128424\">a best-of-3</a></h2>\n|t:|1746037282\n|gametype|doubles\n|player|p1|Logey|burglar|1196\n|player|p2|I_love_danny_green|harlequin|1049\n|teamsize|p1|6\n|teamsize|p2|6\n|gen|9\n|tier|[Gen 9] VGC 2025 Reg I (Bo3)\n|rated|\n|rule|Species Clause: Limit one of each Pok\u00e9mon\n|rule|Item Clause: Limit 1 of each item\n|clearpoke\n|poke|p1|Grimmsnarl, L50, M|\n|poke|p1|Groudon, L50|\n|poke|p1|Miraidon, L50|\n|poke|p1|Farigiraf, L50, M|\n|poke|p1|Iron Hands, L50|\n|poke|p1|Annihilape, L50, M|\n|poke|p2|Ho-Oh, L50|\n|poke|p2|Miraidon, L50|\n|poke|p2|Farigiraf, L50, M|\n|poke|p2|Incineroar, L50, F|\n|poke|p2|Whimsicott, L50, F|\n|poke|p2|Landorus, L50, M|\n|teampreview|4\n|showteam|p1|Grimmsnarl||LightClay|Prankster|Reflect,LightScreen,ThunderWave,FoulPlay|||M|||50|,,,,,Water]Groudon||AssaultVest|Drought|FirePunch,PrecipiceBlades,HighHorsepower,HeatCrash||||||50|,,,,,Fire]Miraidon||ChoiceSpecs|HadronEngine|ElectroDrift,VoltSwitch,DracoMeteor,Overheat||||||50|,,,,,Fire]Farigiraf||ElectricSeed|ArmorTail|TrickRoom,SkillSwap,FoulPlay,ExpandingForce|||M|||50|,,,,,Water]Iron Hands||SitrusBerry|QuarkDrive|FakeOut,DrainPunch,LowKick,WildCharge||||||50|,,,,,Water]Annihilape||ChoiceScarf|Defiant|FinalGambit,CloseCombat,Coaching,ShadowClaw|||M|||50|,,,,,Normal\n|showteam|p2|Ho-Oh||Leftovers|Regenerator|SacredFire,BraveBird,LifeDew,Tailwind||||||50|,,,,,Grass]Miraidon||ChoiceSpecs|HadronEngine|DazzlingGleam,VoltSwitch,ElectroDrift,DragonPulse||||||50|,,,,,Fairy]Farigiraf||ThroatSpray|ArmorTail|HyperVoice,Psychic,Protect,TrickRoom|||M|||50|,,,,,Grass]Incineroar||SafetyGoggles|Intimidate|FakeOut,KnockOff,PartingShot,HelpingHand|||F|||50|,,,,,Ghost]Whimsicott||CovertCloak|Prankster|Tailwind,Moonblast,Encore,LightScreen|||F|||50|,,,,,Steel]Landorus||LifeOrb|SheerForce|SandsearStorm,SludgeBomb,Protect,EarthPower|||M|||50|,,,,,Steel\n|\n|t:|1746037304\n|start\n|switch|p1a: Annihilape|Annihilape, L50, M|100/100\n|switch|p1b: Miraidon|Miraidon, L50|100/100\n|switch|p2a: Whimsicott|Whimsicott, L50, F|100/100\n|switch|p2b: Miraidon|Miraidon, L50|100/100\n|-fieldstart|move: Electric Terrain|[from] ability: Hadron Engine|[of] p2b: Miraidon\n|-activate|p1b: Miraidon|ability: Hadron Engine\n|turn|1\n|\n|t:|1746037339\n|-terastallize|p2b: Miraidon|Fairy\n|-terastallize|p1b: Miraidon|Fire\n|move|p2a: Whimsicott|Tailwind|p2a: Whimsicott\n|-sidestart|p2: I_love_danny_green|move: Tailwind\n|move|p2b: Miraidon|Dazzling Gleam|p1b: Miraidon|[spread] p1a,p1b\n|-supereffective|p1a: Annihilape\n|-resisted|p1b: Miraidon\n|-damage|p1a: Annihilape|0 fnt\n|-damage|p1b: Miraidon|71/100\n|faint|p1a: Annihilape\n|move|p1b: Miraidon|Volt Switch|p2b: Miraidon\n|-damage|p2b: Miraidon|11/100\n|\n|t:|1746037354\n|switch|p1b: Farigiraf|Farigiraf, L50, M|100/100|[from] Volt Switch\n|-enditem|p1b: Farigiraf|Electric Seed\n|-boost|p1b: Farigiraf|def|1|[from] item: Electric Seed\n|\n|upkeep\n|\n|t:|1746037369\n|switch|p1a: Miraidon|Miraidon, L50, tera:Fire|71/100\n|-activate|p1a: Miraidon|ability: Hadron Engine\n|turn|2\n|\n|t:|1746037388\n|switch|p2b: Ho-Oh|Ho-Oh, L50|100/100\n|move|p2a: Whimsicott|Light Screen|p2a: Whimsicott\n|-sidestart|p2: I_love_danny_green|move: Light Screen\n|move|p1a: Miraidon|Electro Drift|p2b: Ho-Oh\n|-supereffective|p2b: Ho-Oh\n|-damage|p2b: Ho-Oh|0 fnt\n|faint|p2b: Ho-Oh\n|move|p1b: Farigiraf|Trick Room|p1b: Farigiraf\n|-fieldstart|move: Trick Room|[of] p1b: Farigiraf\n|\n|upkeep\n|\n|t:|1746037398\n|switch|p2b: Landorus|Landorus, L50, M|100/100\n|turn|3\n|\n|t:|1746037413\n|move|p1b: Farigiraf|Expanding Force|p2b: Landorus\n|-damage|p2b: Landorus|74/100\n|move|p1a: Miraidon|Electro Drift|p2a: Whimsicott\n|-resisted|p2a: Whimsicott\n|-damage|p2a: Whimsicott|29/100\n|move|p2a: Whimsicott|Moonblast|p1b: Farigiraf\n|-damage|p1b: Farigiraf|69/100\n|-unboost|p1b: Farigiraf|spa|1\n|move|p2b: Landorus|Sandsear Storm|p1b: Farigiraf|[spread] p1a,p1b\n|-supereffective|p1a: Miraidon\n|-damage|p1a: Miraidon|0 fnt\n|-damage|p1b: Farigiraf|11/100\n|faint|p1a: Miraidon\n|\n|upkeep\n|\n|t:|1746037425\n|switch|p1a: Groudon|Groudon, L50|100/100\n|-weather|SunnyDay|[from] ability: Drought|[of] p1a: Groudon\n|turn|4\n|\n|t:|1746037438\n|move|p2b: Landorus|Protect|p2b: Landorus\n|-singleturn|p2b: Landorus|Protect\n|move|p1b: Farigiraf|Expanding Force|p2a: Whimsicott\n|-damage|p2a: Whimsicott|9/100\n|move|p1a: Groudon|Heat Crash|p2b: Landorus\n|-activate|p2b: Landorus|move: Protect\n|move|p2a: Whimsicott|Moonblast|p1b: Farigiraf\n|-damage|p1b: Farigiraf|0 fnt\n|faint|p1b: Farigiraf\n|\n|-weather|SunnyDay|[upkeep]\n|-sideend|p2: I_love_danny_green|move: Tailwind\n|upkeep\n|turn|5\n|\n|t:|1746037469\n|switch|p2b: Miraidon|Miraidon, L50, tera:Fairy|11/100\n|-activate|p2b: Miraidon|ability: Hadron Engine\n|move|p1a: Groudon|Precipice Blades|p2b: Miraidon|[spread] p2a,p2b\n|-resisted|p2a: Whimsicott\n|-damage|p2a: Whimsicott|0 fnt\n|-damage|p2b: Miraidon|0 fnt\n|faint|p2a: Whimsicott\n|faint|p2b: Miraidon\n|\n|-weather|SunnyDay|[upkeep]\n|-fieldend|move: Electric Terrain\n|upkeep\n|\n|t:|1746037480\n|switch|p2b: Landorus|Landorus, L50, M|74/100\n|turn|6\n|\n|t:|1746037488\n|move|p1a: Groudon|Heat Crash|p2b: Landorus\n|-damage|p2b: Landorus|0 fnt\n|faint|p2b: Landorus\n|\n|win|Logey\n", "uploadtime": 1746037491, "views": 6, "formatid": "gen9vgc2025regibo3", "rating": null, "private": 0, "password": null}