{"id": "gen9vgc2025regibo3-2353516848", "format": "[Gen 9] VGC 2025 Reg I (Bo3)", "players": ["lokkont", "ismaaelh_"], "log": "|j|\u2606lokkont\n|j|\u2606ismaaelh_\n|html|<table width=\"100%\"><tr><td align=\"left\">lokkont</td><td align=\"right\">ismaaelh_</tr><tr><td align=\"left\"><i class=\"fa fa-circle\"></i> <i class=\"fa fa-circle-o\"></i> </td><td align=\"right\"><i class=\"fa fa-circle-o\"></i> <i class=\"fa fa-circle-o\"></i> </tr></table>\n|uhtml|bestof|<h2><strong>Game 2</strong> of <a href=\"/game-bestof3-gen9vgc2025regibo3-2353513162\">a best-of-3</a></h2>\n|t:|1745963563\n|gametype|doubles\n|player|p1|lokkont|1|1191\n|player|p2|ismaaelh_|102|1287\n|teamsize|p1|6\n|teamsize|p2|6\n|gen|9\n|tier|[Gen 9] VGC 2025 Reg I (Bo3)\n|rated|\n|rule|Species Clause: Limit one of each Pok\u00e9mon\n|rule|Item Clause: Limit 1 of each item\n|clearpoke\n|poke|p1|Calyrex-Shadow, L50|\n|poke|p1|Zamazenta-*, L50|\n|poke|p1|Urshifu-*, L50, M|\n|poke|p1|Rillaboom, L50, M|\n|poke|p1|Incineroar, L50, M|\n|poke|p1|Pelipper, L50, M|\n|poke|p2|Grimmsnarl, L50, M|\n|poke|p2|Miraidon, L50|\n|poke|p2|Urshifu-*, L50, M|\n|poke|p2|Landorus, L50, M|\n|poke|p2|Incineroar, L50, F|\n|poke|p2|Zacian-*, L50|\n|teampreview|4\n|showteam|p1|Calyrex-Shadow||LifeOrb|AsOneSpectrier|Protect,AstralBarrage,Substitute,Psychic||||||50|,,,,,Dark]Zamazenta-Crowned||RustedShield|DauntlessShield|HeavySlam,BodyPress,Protect,WideGuard||||||50|,,,,,Dragon]Urshifu-Rapid-Strike||ChoiceScarf|UnseenFist|SurgingStrikes,CloseCombat,AquaJet,Uturn|||M|||50|,,,,,Ghost]Rillaboom||AssaultVest|GrassySurge|FakeOut,GrassyGlide,WoodHammer,Uturn|||M|||50|,,,,,Fire]Incineroar||SafetyGoggles|Intimidate|FakeOut,WillOWisp,KnockOff,PartingShot|||M|||50|,,,,,Bug]Pelipper||FocusSash|Drizzle|WeatherBall,Hurricane,Tailwind,Protect|||M|||50|,,,,,Ghost\n|showteam|p2|Grimmsnarl||CovertCloak|Prankster|SpiritBreak,Reflect,LightScreen,ThunderWave|||M|||50|,,,,,Steel]Miraidon||ChoiceSpecs|HadronEngine|ElectroDrift,Overheat,DracoMeteor,DazzlingGleam||||||50|,,,,,Fairy]Urshifu||FocusSash|UnseenFist|WickedBlow,CloseCombat,SuckerPunch,Protect|||M|||50|,,,,,Stellar]Landorus||LifeOrb|SheerForce|NastyPlot,SludgeBomb,SandsearStorm,Protect|||M|||50|,,,,,Water]Incineroar||RockyHelmet|Intimidate|FakeOut,WillOWisp,FlareBlitz,KnockOff|||F|||50|,,,,,Ghost]Zacian-Crowned||RustedSword|IntrepidSword|behemothblade,PlayRough,SacredSword,Protect||||||50|,,,,,Water\n|inactive|Battle timer is ON: inactive players will automatically lose when time's up. (requested by lokkont)\n|inactive|ismaaelh_ has 60 seconds left.\n|\n|t:|1745963619\n|start\n|switch|p1a: Zamazenta|Zamazenta-Crowned, L50|100/100\n|switch|p1b: Rillaboom|Rillaboom, L50, M|100/100\n|switch|p2a: Grimmsnarl|Grimmsnarl, L50, M, shiny|100/100\n|switch|p2b: Miraidon|Miraidon, L50|100/100\n|-fieldstart|move: Electric Terrain|[from] ability: Hadron Engine|[of] p2b: Miraidon\n|-ability|p1a: Zamazenta|Dauntless Shield|boost\n|-boost|p1a: Zamazenta|def|1\n|-fieldstart|move: Grassy Terrain|[from] ability: Grassy Surge|[of] p1b: Rillaboom\n|turn|1\n|inactive|lokkont has 30 seconds left.\n|inactive|ismaaelh_ has 30 seconds left.\n|\n|t:|1745963651\n|-terastallize|p2b: Miraidon|Fairy\n|move|p2a: Grimmsnarl|Reflect|p2a: Grimmsnarl\n|-sidestart|p2: ismaaelh_|Reflect\n|move|p2b: Miraidon|Overheat|p1a: Zamazenta\n|-supereffective|p1a: Zamazenta\n|-damage|p1a: Zamazenta|0 fnt\n|-unboost|p2b: Miraidon|spa|2\n|faint|p1a: Zamazenta\n|move|p1b: Rillaboom|Wood Hammer|p2a: Grimmsnarl\n|-damage|p2a: Grimmsnarl|45/100\n|-damage|p1b: Rillaboom|81/100|[from] Recoil\n|\n|-heal|p1b: Rillaboom|87/100|[from] Grassy Terrain\n|-heal|p2a: Grimmsnarl|50/100|[from] Grassy Terrain\n|upkeep\n|\n|t:|1745963661\n|switch|p1a: Calyrex|Calyrex-Shadow, L50|100/100\n|-ability|p1a: Calyrex|As One\n|-ability|p1a: Calyrex|Unnerve\n|turn|2\n|\n|t:|1745963679\n|switch|p2b: Incineroar|Incineroar, L50, F|100/100\n|-ability|p2b: Incineroar|Intimidate|boost\n|-unboost|p1a: Calyrex|atk|1\n|-unboost|p1b: Rillaboom|atk|1\n|-terastallize|p1a: Calyrex|Dark\n|move|p2a: Grimmsnarl|Light Screen|p2a: Grimmsnarl\n|-sidestart|p2: ismaaelh_|move: Light Screen\n|move|p1a: Calyrex|Astral Barrage|p2b: Incineroar|[spread] p2a,p2b\n|-resisted|p2a: Grimmsnarl\n|-resisted|p2b: Incineroar\n|-damage|p2a: Grimmsnarl|27/100\n|-damage|p2b: Incineroar|82/100\n|-damage|p1a: Calyrex|91/100|[from] item: Life Orb\n|move|p1b: Rillaboom|Wood Hammer|p2a: Grimmsnarl\n|-damage|p2a: Grimmsnarl|0 fnt\n|faint|p2a: Grimmsnarl\n|-damage|p1b: Rillaboom|78/100|[from] Recoil\n|\n|-heal|p1a: Calyrex|97/100|[from] Grassy Terrain\n|-heal|p1b: Rillaboom|84/100|[from] Grassy Terrain\n|-heal|p2b: Incineroar|88/100|[from] Grassy Terrain\n|upkeep\n|\n|t:|1745963701\n|switch|p2a: Zacian|Zacian-Crowned, L50|100/100\n|-ability|p2a: Zacian|Intrepid Sword|boost\n|-boost|p2a: Zacian|atk|1\n|turn|3\n|inactive|lokkont has 30 seconds left.\n|\n|t:|1745963734\n|move|p1a: Calyrex|Protect|p1a: Calyrex\n|-singleturn|p1a: Calyrex|Protect\n|move|p2b: Incineroar|Fake Out|p1a: Calyrex\n|-activate|p1a: Calyrex|move: Protect\n|move|p2a: Zacian|Behemoth Blade|p1b: Rillaboom\n|-damage|p1b: Rillaboom|0 fnt\n|faint|p1b: Rillaboom\n|\n|-heal|p1a: Calyrex|100/100|[from] Grassy Terrain\n|-heal|p2b: Incineroar|94/100|[from] Grassy Terrain\n|upkeep\n|\n|t:|1745963741\n|switch|p1b: Urshifu|Urshifu-Rapid-Strike, L50, M|100/100\n|turn|4\n|inactive|ismaaelh_ has 30 seconds left.\n|\n|t:|1745963767\n|move|p1b: Urshifu|Surging Strikes|p2a: Zacian\n|-crit|p2a: Zacian\n|-damage|p2a: Zacian|80/100\n|-crit|p2a: Zacian\n|-damage|p2a: Zacian|58/100\n|-crit|p2a: Zacian\n|-damage|p2a: Zacian|39/100\n|-hitcount|p2a: Zacian|3\n|move|p1a: Calyrex|Astral Barrage|p2a: Zacian|[spread] p2a,p2b\n|-resisted|p2b: Incineroar\n|-damage|p2a: Zacian|0 fnt\n|-damage|p2b: Incineroar|74/100\n|faint|p2a: Zacian\n|-ability|p1a: Calyrex|Grim Neigh|boost\n|-boost|p1a: Calyrex|spa|1\n|-damage|p1a: Calyrex|91/100|[from] item: Life Orb\n|move|p2b: Incineroar|Will-O-Wisp|p1b: Urshifu\n|-status|p1b: Urshifu|brn\n|\n|-heal|p1a: Calyrex|97/100|[from] Grassy Terrain\n|-heal|p2b: Incineroar|80/100|[from] Grassy Terrain\n|-damage|p1b: Urshifu|94/100 brn|[from] brn\n|upkeep\n|\n|t:|1745963787\n|switch|p2a: Miraidon|Miraidon, L50, tera:Fairy|100/100\n|-fieldstart|move: Electric Terrain|[from] ability: Hadron Engine|[of] p2a: Miraidon\n|turn|5\n|\n|t:|1745963807\n|move|p1b: Urshifu|Surging Strikes|p2a: Miraidon\n|-crit|p2a: Miraidon\n|-damage|p2a: Miraidon|89/100\n|-crit|p2a: Miraidon\n|-damage|p2a: Miraidon|77/100\n|-crit|p2a: Miraidon\n|-damage|p2a: Miraidon|66/100\n|-hitcount|p2a: Miraidon|3\n|move|p1a: Calyrex|Astral Barrage|p2a: Miraidon|[spread] p2a,p2b\n|-resisted|p2b: Incineroar\n|-damage|p2a: Miraidon|0 fnt\n|-damage|p2b: Incineroar|52/100\n|faint|p2a: Miraidon\n|-ability|p1a: Calyrex|Grim Neigh|boost\n|-boost|p1a: Calyrex|spa|1\n|-damage|p1a: Calyrex|87/100|[from] item: Life Orb\n|move|p2b: Incineroar|Flare Blitz|p1a: Calyrex\n|-damage|p1a: Calyrex|33/100\n|-damage|p2b: Incineroar|35/100|[from] Recoil\n|\n|-damage|p1b: Urshifu|88/100 brn|[from] brn\n|-sideend|p2: ismaaelh_|Reflect\n|upkeep\n|turn|6\n|\n|t:|1745963828\n|move|p1b: Urshifu|Surging Strikes|p2b: Incineroar\n|-supereffective|p2b: Incineroar\n|-crit|p2b: Incineroar\n|-damage|p2b: Incineroar|16/100\n|-damage|p1b: Urshifu|72/100 brn|[from] item: Rocky Helmet|[of] p2b: Incineroar\n|-supereffective|p2b: Incineroar\n|-crit|p2b: Incineroar\n|-damage|p2b: Incineroar|0 fnt\n|-damage|p1b: Urshifu|55/100 brn|[from] item: Rocky Helmet|[of] p2b: Incineroar\n|faint|p2b: Incineroar\n|-hitcount|p2: Incineroar|2\n|\n|win|lokkont\n|raw|lokkont's rating: 1191 &rarr; <strong>1223</strong><br />(+32 for winning)\n|raw|ismaaelh_'s rating: 1287 &rarr; <strong>1255</strong><br />(-32 for losing)\n|c|\u2606ismaaelh_|gg\n|l|\u2606ismaaelh_\n|player|p2|\n", "uploadtime": 1745963858, "views": 23, "formatid": "gen9vgc2025regibo3", "rating": 1223, "private": 0, "password": null}