{"id": "gen9vgc2025regibo3-2354575561", "format": "[Gen 9] VGC 2025 Reg I (Bo3)", "players": ["Edmondantes97", "erprietinho"], "log": "|j|\u2606Edmondantes97\n|j|\u2606erprietinho\n|html|<table width=\"100%\"><tr><td align=\"left\">Edmondantes97</td><td align=\"right\">erprietinho</tr><tr><td align=\"left\"><i class=\"fa fa-circle-o\"></i> <i class=\"fa fa-circle-o\"></i> </td><td align=\"right\"><i class=\"fa fa-circle-o\"></i> <i class=\"fa fa-circle-o\"></i> </tr></table>\n|uhtml|bestof|<h2><strong>Game 1</strong> of <a href=\"/game-bestof3-gen9vgc2025regibo3-2354575560\">a best-of-3</a></h2>\n|t:|1746097229\n|gametype|doubles\n|player|p1|Edmondantes97|lucas|1043\n|player|p2|erprietinho|lucas-gen4pt|1041\n|teamsize|p1|6\n|teamsize|p2|6\n|gen|9\n|tier|[Gen 9] VGC 2025 Reg I (Bo3)\n|rated|\n|rule|Species Clause: Limit one of each Pok\u00e9mon\n|rule|Item Clause: Limit 1 of each item\n|clearpoke\n|poke|p1|Reshiram, L50|\n|poke|p1|Sableye, L50, F|\n|poke|p1|Groudon, L50|\n|poke|p1|Walking Wake, L50|\n|poke|p1|Venusaur, L50, F|\n|poke|p1|Flutter Mane, L50|\n|poke|p2|Calyrex-Shadow, L50|\n|poke|p2|Zamazenta-*, L50|\n|poke|p2|Incineroar, L50, F|\n|poke|p2|Urshifu-*, L50, M|\n|poke|p2|Rillaboom, L50, M|\n|poke|p2|Tornadus, L50, M|\n|teampreview|4\n|showteam|p1|Reshiram||CovertCloak|Turboblaze|Tailwind,Protect,BlueFlare,DracoMeteor||||||50|,,,,,Fairy]Sableye||SitrusBerry|Prankster|ThunderWave,SunnyDay,Encore,Gravity|||F|||50|,,,,,Dark]Groudon||ClearAmulet|Drought|PrecipiceBlades,SwordsDance,Protect,FirePunch||||||50|,,,,,Fire]Walking Wake||LifeOrb|Protosynthesis|HydroSteam,Snarl,Protect,DracoMeteor||||||50|,,,,,Water]Venusaur||FocusSash|Chlorophyll|SludgeBomb,EnergyBall,Protect,SleepPowder|||F|||50|,,,,,Fire]Flutter Mane||BoosterEnergy|Protosynthesis|Taunt,Protect,Moonblast,ShadowBall||||||50|,,,,,Fairy\n|showteam|p2|Calyrex-Shadow||LifeOrb|AsOneSpectrier|AstralBarrage,Protect,Psychic,NastyPlot||||||50|,,,,,Dark]Zamazenta-Crowned||RustedShield|DauntlessShield|BodyPress,WideGuard,behemothbash,Protect||||||50|,,,,,Dragon]Incineroar||RockyHelmet|Intimidate|FakeOut,PartingShot,KnockOff,FlareBlitz|||F|||50|,,,,,Ghost]Urshifu-Rapid-Strike||FocusSash|UnseenFist|SurgingStrikes,CloseCombat,AquaJet,Detect|||M|||50|,,,,,Water]Rillaboom||AssaultVest|GrassySurge|FakeOut,GrassyGlide,Uturn,WoodHammer|||M|||50|,,,,,Fire]Tornadus||CovertCloak|Prankster|Tailwind,BleakwindStorm,RainDance,Taunt|||M|||50|,,,,,Dark\n|\n|t:|1746097261\n|start\n|switch|p1a: Sableye|Sableye, L50, F|100/100\n|switch|p1b: Walking Wake|Walking Wake, L50|100/100\n|switch|p2a: Calyrex|Calyrex-Shadow, L50|100/100\n|switch|p2b: Tornadus|Tornadus, L50, M|100/100\n|-ability|p2a: Calyrex|As One\n|-ability|p2a: Calyrex|Unnerve\n|turn|1\n|\n|t:|1746097278\n|move|p2b: Tornadus|Tailwind|p2b: Tornadus\n|-sidestart|p2: erprietinho|move: Tailwind\n|move|p1a: Sableye|Sunny Day|p1a: Sableye\n|-weather|SunnyDay\n|-activate|p1b: Walking Wake|ability: Protosynthesis\n|-start|p1b: Walking Wake|protosynthesisspe\n|move|p2a: Calyrex|Astral Barrage|p1b: Walking Wake|[spread] p1a,p1b\n|-damage|p1a: Sableye|10/100\n|-damage|p1b: Walking Wake|20/100\n|-damage|p2a: Calyrex|91/100|[from] item: Life Orb\n|move|p1b: Walking Wake|Snarl|p2b: Tornadus|[spread] p2a,p2b\n|-supereffective|p2a: Calyrex\n|-damage|p2a: Calyrex|14/100\n|-damage|p2b: Tornadus|75/100\n|-unboost|p2a: Calyrex|spa|1\n|-damage|p1b: Walking Wake|11/100|[from] item: Life Orb\n|\n|-weather|SunnyDay|[upkeep]\n|upkeep\n|turn|2\n|\n|t:|1746097304\n|move|p1b: Walking Wake|Protect|p1b: Walking Wake\n|-singleturn|p1b: Walking Wake|Protect\n|move|p1a: Sableye|Encore|p2b: Tornadus\n|-start|p2b: Tornadus|Encore\n|move|p2a: Calyrex|Astral Barrage|p1b: Walking Wake|[spread] p1a\n|-activate|p1b: Walking Wake|move: Protect\n|-damage|p1a: Sableye|0 fnt\n|faint|p1a: Sableye\n|-ability|p2a: Calyrex|Grim Neigh|boost\n|-boost|p2a: Calyrex|spa|1\n|-damage|p2a: Calyrex|4/100|[from] item: Life Orb\n|move|p2b: Tornadus|Tailwind||[still]\n|-fail|p2b: Tornadus\n|\n|-weather|SunnyDay|[upkeep]\n|upkeep\n|\n|t:|1746097322\n|switch|p1a: Reshiram|Reshiram, L50|100/100\n|-ability|p1a: Reshiram|Turboblaze\n|turn|3\n|\n|t:|1746097345\n|switch|p2b: Urshifu|Urshifu-Rapid-Strike, L50, M|100/100\n|-end|p1b: Walking Wake|Protosynthesis|[silent]\n|switch|p1b: Groudon|Groudon, L50|100/100\n|move|p2a: Calyrex|Astral Barrage|p1b: Groudon|[spread] p1a,p1b\n|-damage|p1a: Reshiram|40/100\n|-damage|p1b: Groudon|18/100\n|-damage|p2a: Calyrex|0 fnt|[from] item: Life Orb\n|faint|p2a: Calyrex\n|move|p1a: Reshiram|Blue Flare|p2b: Urshifu\n|-resisted|p2b: Urshifu\n|-damage|p2b: Urshifu|7/100\n|\n|-weather|SunnyDay|[upkeep]\n|upkeep\n|\n|t:|1746097358\n|switch|p2a: Zamazenta|Zamazenta-Crowned, L50|100/100\n|-ability|p2a: Zamazenta|Dauntless Shield|boost\n|-boost|p2a: Zamazenta|def|1\n|turn|4\n|\n|t:|1746097384\n|move|p2a: Zamazenta|Body Press|p1a: Reshiram\n|-damage|p1a: Reshiram|0 fnt\n|faint|p1a: Reshiram\n|move|p2b: Urshifu|Surging Strikes|p1b: Groudon\n|-supereffective|p1b: Groudon\n|-crit|p1b: Groudon\n|-damage|p1b: Groudon|4/100\n|-supereffective|p1b: Groudon\n|-crit|p1b: Groudon\n|-damage|p1b: Groudon|0 fnt\n|faint|p1b: Groudon\n|-hitcount|p1: Groudon|2\n|\n|-weather|SunnyDay|[upkeep]\n|-sideend|p2: erprietinho|move: Tailwind\n|upkeep\n|\n|t:|1746097396\n|switch|p1b: Walking Wake|Walking Wake, L50|11/100\n|-activate|p1b: Walking Wake|ability: Protosynthesis\n|-start|p1b: Walking Wake|protosynthesisspe\n|turn|5\n|\n|t:|1746097417\n|move|p2a: Zamazenta|Wide Guard|p2a: Zamazenta\n|-singleturn|p2a: Zamazenta|Wide Guard\n|move|p1b: Walking Wake|Hydro Steam|p2a: Zamazenta\n|-damage|p2a: Zamazenta|34/100\n|-damage|p1b: Walking Wake|1/100|[from] item: Life Orb\n|move|p2b: Urshifu|Close Combat|p1b: Walking Wake\n|-damage|p1b: Walking Wake|0 fnt\n|-unboost|p2b: Urshifu|def|1\n|-unboost|p2b: Urshifu|spd|1\n|faint|p1b: Walking Wake\n|-end|p1b: Walking Wake|Protosynthesis|[silent]\n|\n|win|erprietinho\n||Edmondantes97 is ready for game 2.\n|inactive|erprietinho has 30 seconds to confirm battle start!\n", "uploadtime": 1746097428, "views": 12, "formatid": "gen9vgc2025regibo3", "rating": null, "private": 0, "password": null}