{"id": "gen9vgc2025regibo3-2354398076", "format": "[Gen 9] VGC 2025 Reg I (Bo3)", "players": ["reshblueice", "laZb0nes2"], "log": "|j|\u2606reshblueice\n|j|\u2606laZb0nes2\n|html|<table width=\"100%\"><tr><td align=\"left\">reshblueice</td><td align=\"right\">laZb0nes2</tr><tr><td align=\"left\"><i class=\"fa fa-circle\"></i> <i class=\"fa fa-circle-o\"></i> </td><td align=\"right\"><i class=\"fa fa-circle-o\"></i> <i class=\"fa fa-circle\"></i> </tr></table>\n|uhtml|bestof|<h2><strong>Game 3</strong> of <a href=\"/game-bestof3-gen9vgc2025regibo3-2354391981\">a best-of-3</a></h2>\n|t:|1746066443\n|gametype|doubles\n|player|p1|reshblueice|sabrina|1083\n|player|p2|laZb0nes2|pokemonranger-gen4|1149\n|teamsize|p1|6\n|teamsize|p2|6\n|gen|9\n|tier|[Gen 9] VGC 2025 Reg I (Bo3)\n|rated|\n|rule|Species Clause: Limit one of each Pok\u00e9mon\n|rule|Item Clause: Limit 1 of each item\n|clearpoke\n|poke|p1|Calyrex-Ice, L50|\n|poke|p1|Reshiram, L50|\n|poke|p1|Indeedee-F, L50, F|\n|poke|p1|Smeargle, L50, M|\n|poke|p1|Urshifu-*, L50, F|\n|poke|p1|Hatterene, L50, F|\n|poke|p2|Terapagos, L50, M|\n|poke|p2|Ho-Oh, L50|\n|poke|p2|Incineroar, L50, F|\n|poke|p2|Rillaboom, L50, M|\n|poke|p2|Ogerpon-Cornerstone, L50, F|\n|poke|p2|Urshifu-*, L50, F|\n|teampreview|4\n|showteam|p1|Calyrex-Ice||ClearAmulet|AsOneGlastrier|GlacialLance,HighHorsepower,TrickRoom,Protect||||||50|,,,,,Water]Reshiram||WideLens|Turboblaze|BlueFlare,DracoMeteor,HeatWave,Protect||||||50|,,,,,Grass]Indeedee-F||PsychicSeed|PsychicSurge|Psychic,FollowMe,HelpingHand,TrickRoom|||F|||50|,,,,,Fairy]Smeargle||FocusSash|Moody|FakeOut,FollowMe,Decorate,WideGuard|||M|||50|,,,,,Ghost]Urshifu||ChoiceBand|UnseenFist|WickedBlow,CloseCombat,SuckerPunch,Uturn|||F|||50|,,,,,Dark]Hatterene||LifeOrb|MagicBounce|ExpandingForce,DazzlingGleam,TrickRoom,Protect|||F|||50|,,,,,Fire\n|showteam|p2|Terapagos||Leftovers|TeraShift|CalmMind,TeraStarstorm,EarthPower,Protect|||M|||50|,,,,,Stellar]Ho-Oh||ClearAmulet|Regenerator|SacredFire,BraveBird,Tailwind,Protect||||||50|,,,,,Grass]Incineroar||SafetyGoggles|Intimidate|KnockOff,FakeOut,WillOWisp,PartingShot|||F|||50|,,,,,Water]Rillaboom||AssaultVest|GrassySurge|GrassyGlide,WoodHammer,Uturn,FakeOut|||M|||50|,,,,,Fire]Ogerpon-Cornerstone||CornerstoneMask|Sturdy|IvyCudgel,PowerWhip,FollowMe,SpikyShield|||F|||50|,,,,,Rock]Urshifu-Rapid-Strike||ChoiceScarf|UnseenFist|SurgingStrikes,CloseCombat,Uturn,Coaching|||F|||50|,,,,,Water\n|\n|t:|1746066466\n|start\n|switch|p1a: Calyrex|Calyrex-Ice, L50|100/100\n|switch|p1b: Smeargle|Smeargle, L50, M|100/100\n|switch|p2a: Incineroar|Incineroar, L50, F|100/100\n|switch|p2b: Terapagos|Terapagos, L50, M|100/100\n|-activate|p2b: Terapagos|ability: Tera Shift\n|detailschange|p2b: Terapagos|Terapagos-Terastal, L50, M\n|-heal|p2b: Terapagos|100/100|[silent]\n|-ability|p1a: Calyrex|As One\n|-ability|p1a: Calyrex|Unnerve\n|-ability|p2a: Incineroar|Intimidate|boost\n|-fail|p1a: Calyrex|unboost|[from] item: Clear Amulet|[of] p1a: Calyrex\n|-unboost|p1b: Smeargle|atk|1\n|turn|1\n|\n|t:|1746066518\n|-terastallize|p1b: Smeargle|Ghost\n|move|p1b: Smeargle|Decorate|p1a: Calyrex\n|-boost|p1a: Calyrex|atk|2\n|-boost|p1a: Calyrex|spa|2\n|move|p2b: Terapagos|Calm Mind|p2b: Terapagos\n|-boost|p2b: Terapagos|spa|1\n|-boost|p2b: Terapagos|spd|1\n|move|p2a: Incineroar|Will-O-Wisp|p1a: Calyrex\n|-status|p1a: Calyrex|brn\n|move|p1a: Calyrex|Trick Room|p1a: Calyrex\n|-fieldstart|move: Trick Room|[of] p1a: Calyrex\n|\n|-damage|p1a: Calyrex|95/100 brn|[from] brn\n|-ability|p1b: Smeargle|Moody|boost\n|-boost|p1b: Smeargle|spa|2\n|-unboost|p1b: Smeargle|spd|1\n|upkeep\n|turn|2\n|\n|t:|1746066567\n|move|p1a: Calyrex|High Horsepower|p2a: Incineroar\n|-supereffective|p2a: Incineroar\n|-damage|p2a: Incineroar|30/100\n|move|p2a: Incineroar|Knock Off|p1b: Smeargle\n|-supereffective|p1b: Smeargle\n|-enditem|p1b: Smeargle|Focus Sash\n|-damage|p1b: Smeargle|1/100\n|move|p2b: Terapagos|Tera Starstorm|p1a: Calyrex\n|-damage|p1a: Calyrex|36/100 brn\n|move|p1b: Smeargle|Decorate|p1a: Calyrex\n|-boost|p1a: Calyrex|atk|2\n|-boost|p1a: Calyrex|spa|2\n|\n|-damage|p1a: Calyrex|30/100 brn|[from] brn\n|-ability|p1b: Smeargle|Moody|boost\n|-boost|p1b: Smeargle|spa|2\n|-unboost|p1b: Smeargle|spe|1\n|upkeep\n|turn|3\n|\n|t:|1746066603\n|switch|p2a: Ho-Oh|Ho-Oh, L50|100/100\n|switch|p1b: Reshiram|Reshiram, L50|100/100\n|-ability|p1b: Reshiram|Turboblaze\n|move|p1a: Calyrex|Protect|p1a: Calyrex\n|-singleturn|p1a: Calyrex|Protect\n|move|p2b: Terapagos|Earth Power|p1b: Reshiram\n|-supereffective|p1b: Reshiram\n|-damage|p1b: Reshiram|42/100\n|\n|-damage|p1a: Calyrex|25/100 brn|[from] brn\n|upkeep\n|turn|4\n|\n|t:|1746066652\n|move|p2a: Ho-Oh|Protect|p2a: Ho-Oh\n|-singleturn|p2a: Ho-Oh|Protect\n|move|p2b: Terapagos|Protect|p2b: Terapagos\n|-singleturn|p2b: Terapagos|Protect\n|move|p1a: Calyrex|Glacial Lance|p2b: Terapagos|[spread] \n|-activate|p2a: Ho-Oh|move: Protect\n|-activate|p2b: Terapagos|move: Protect\n|move|p1b: Reshiram|Draco Meteor|p2a: Ho-Oh\n|-activate|p2a: Ho-Oh|move: Protect\n|\n|-damage|p1a: Calyrex|19/100 brn|[from] brn\n|upkeep\n|turn|5\n|\n|t:|1746066685\n|move|p1a: Calyrex|Glacial Lance|p2a: Ho-Oh|[spread] p2a,p2b\n|-crit|p2a: Ho-Oh\n|-activate|p2b: Terapagos|ability: Tera Shell\n|-resisted|p2b: Terapagos\n|-damage|p2a: Ho-Oh|5/100\n|-damage|p2b: Terapagos|64/100\n|move|p1b: Reshiram|Blue Flare|p2b: Terapagos|[miss]\n|-miss|p1b: Reshiram|p2b: Terapagos\n|move|p2a: Ho-Oh|Brave Bird|p1b: Reshiram\n|-damage|p1b: Reshiram|0 fnt\n|faint|p1b: Reshiram\n|-damage|p2a: Ho-Oh|0 fnt|[from] Recoil\n|faint|p2a: Ho-Oh\n|move|p2b: Terapagos|Tera Starstorm|p1a: Calyrex\n|-crit|p1a: Calyrex\n|-damage|p1a: Calyrex|0 fnt\n|faint|p1a: Calyrex\n|\n|-heal|p2b: Terapagos|70/100|[from] item: Leftovers\n|-fieldend|move: Trick Room\n|upkeep\n|\n|t:|1746066705\n|switch|p2a: Rillaboom|Rillaboom, L50, M|100/100\n|switch|p1b: Urshifu|Urshifu, L50, F|100/100\n|switch|p1a: Smeargle|Smeargle, L50, M, tera:Ghost|1/100\n|-fieldstart|move: Grassy Terrain|[from] ability: Grassy Surge|[of] p2a: Rillaboom\n|turn|6\n|\n|t:|1746066753\n|switch|p2b: Incineroar|Incineroar, L50, F|30/100\n|-ability|p2b: Incineroar|Intimidate|boost\n|-unboost|p1a: Smeargle|atk|1\n|-unboost|p1b: Urshifu|atk|1\n|move|p1a: Smeargle|Wide Guard|p1a: Smeargle\n|-singleturn|p1a: Smeargle|Wide Guard\n|move|p2a: Rillaboom|Fake Out|p1b: Urshifu\n|-damage|p1b: Urshifu|89/100\n|cant|p1b: Urshifu|flinch\n|\n|-heal|p1a: Smeargle|7/100|[from] Grassy Terrain\n|-heal|p2b: Incineroar|36/100|[from] Grassy Terrain\n|-heal|p1b: Urshifu|95/100|[from] Grassy Terrain\n|-ability|p1a: Smeargle|Moody|boost\n|-boost|p1a: Smeargle|def|2\n|-unboost|p1a: Smeargle|spd|1\n|upkeep\n|turn|7\n|-message|reshblueice forfeited.\n|\n|win|laZb0nes2\n|raw|reshblueice's rating: 1083 &rarr; <strong>1065</strong><br />(-18 for losing)\n|raw|laZb0nes2's rating: 1149 &rarr; <strong>1169</strong><br />(+20 for winning)\n|l|\u2606reshblueice\n|player|p1|\n", "uploadtime": 1746066846, "views": 15, "formatid": "gen9vgc2025regibo3", "rating": 1065, "private": 0, "password": null}