{"id": "gen9vgc2025regibo3-2354169329", "format": "[Gen 9] VGC 2025 Reg I (Bo3)", "players": ["VGCLown", "Deandanger"], "log": "|j|\u2606VGCLown\n|j|\u2606Deandanger\n|html|<table width=\"100%\"><tr><td align=\"left\">VGCLown</td><td align=\"right\">Deandanger</tr><tr><td align=\"left\"><i class=\"fa fa-circle-o\"></i> <i class=\"fa fa-circle-o\"></i> </td><td align=\"right\"><i class=\"fa fa-circle-o\"></i> <i class=\"fa fa-circle-o\"></i> </tr></table>\n|uhtml|bestof|<h2><strong>Game 1</strong> of <a href=\"/game-bestof3-gen9vgc2025regibo3-2354169328\">a best-of-3</a></h2>\n|t:|1746040979\n|gametype|doubles\n|player|p1|VGCLown|170|1135\n|player|p2|Deandanger|169|1053\n|teamsize|p1|6\n|teamsize|p2|6\n|gen|9\n|tier|[Gen 9] VGC 2025 Reg I (Bo3)\n|rated|\n|rule|Species Clause: Limit one of each Pok\u00e9mon\n|rule|Item Clause: Limit 1 of each item\n|clearpoke\n|poke|p1|Koraidon, L50|\n|poke|p1|Terapagos, L50, M|\n|poke|p1|Ogerpon-Cornerstone, L50, F|\n|poke|p1|Raging Bolt, L50|\n|poke|p1|Flutter Mane, L50|\n|poke|p1|Incineroar, L50, F|\n|poke|p2|Calyrex-Shadow, L50|\n|poke|p2|Rillaboom, L50, M|\n|poke|p2|Sableye, L50, F|\n|poke|p2|Ogerpon-Wellspring, L50, F|\n|poke|p2|Koraidon, L50|\n|poke|p2|Flutter Mane, L50|\n|teampreview|4\n|showteam|p1|Koraidon||LifeOrb|OrichalcumPulse|FlareBlitz,CloseCombat,FlameCharge,Protect||||||50|,,,,,Fire]Terapagos||Leftovers|TeraShift|TeraStarstorm,EarthPower,CalmMind,Protect|||M|||50|,,,,,Stellar]Ogerpon-Cornerstone||CornerstoneMask|Sturdy|IvyCudgel,PowerWhip,FollowMe,SpikyShield|||F|||50|,,,,,Rock]Raging Bolt||AssaultVest|Protosynthesis|DracoMeteor,Thunderbolt,Thunderclap,Snarl||||||50|,,,,,Electric]Flutter Mane||FocusSash|Protosynthesis|Moonblast,ShadowBall,IcyWind,Protect||||||50|,,,,,Normal]Incineroar||RockyHelmet|Intimidate|FakeOut,FlareBlitz,WillOWisp,PartingShot|||F|||50|,,,,,Bug\n|showteam|p2|Calyrex-Shadow||ChoiceSpecs|AsOneSpectrier|AstralBarrage,Snarl,ExpandingForce,Psychic||||||50|,,,,,Normal]Rillaboom||AssaultVest|GrassySurge|FakeOut,GrassyGlide,Boomburst,GigaDrain|||M|||50|,,,,,Water]Sableye||SafetyGoggles|Prankster|Taunt,Encore,WillOWisp,FakeOut|||F|||50|,,,,,Steel]Ogerpon-Wellspring||WellspringMask|WaterAbsorb|GrassyGlide,FollowMe,IvyCudgel,SpikyShield|||F|||50|,,,,,Water]Koraidon||ClearAmulet|OrichalcumPulse|FlareBlitz,BulkUp,Protect,CollisionCourse||||||50|,,,,,Fire]Flutter Mane||FocusSash|Protosynthesis|DazzlingGleam,ThunderWave,Protect,Taunt||||||50|,,,,,Steel\n|inactive|Battle timer is ON: inactive players will automatically lose when time's up. (requested by VGCLown)\n|inactive|VGCLown has 60 seconds left.\n|inactive|Deandanger has 60 seconds left.\n|inactive|VGCLown has 30 seconds left.\n|\n|t:|1746041042\n|start\n|switch|p1a: Koraidon|Koraidon, L50|100/100\n|switch|p1b: Ogerpon|Ogerpon-Cornerstone, L50, F|100/100\n|switch|p2a: Ogerpon|Ogerpon-Wellspring, L50, F|100/100\n|switch|p2b: Calyrex|Calyrex-Shadow, L50|100/100\n|-ability|p2b: Calyrex|As One\n|-ability|p2b: Calyrex|Unnerve\n|-weather|SunnyDay|[from] ability: Orichalcum Pulse|[of] p1a: Koraidon\n|-activate|p1a: Koraidon|Orichalcum Pulse|[source]\n|turn|1\n|inactive|VGCLown has 30 seconds left.\n|inactive|Deandanger has 30 seconds left.\n|inactive|VGCLown has 20 seconds left.\n|inactive|Deandanger has 20 seconds left.\n|inactive|Deandanger has 15 seconds left.\n|inactive|Deandanger has 10 seconds left.\n|\n|t:|1746041090\n|move|p1a: Koraidon|Protect|p1a: Koraidon\n|-singleturn|p1a: Koraidon|Protect\n|move|p2a: Ogerpon|Follow Me|p2a: Ogerpon\n|-singleturn|p2a: Ogerpon|move: Follow Me\n|move|p2b: Calyrex|Astral Barrage|p1a: Koraidon|[spread] p1b\n|-activate|p1a: Koraidon|move: Protect\n|-damage|p1b: Ogerpon|4/100\n|move|p1b: Ogerpon|Ivy Cudgel|p2a: Ogerpon|[anim] Ivy Cudgel Rock\n|-damage|p2a: Ogerpon|37/100\n|\n|-weather|SunnyDay|[upkeep]\n|upkeep\n|turn|2\n|inactive|VGCLown has 30 seconds left.\n|inactive|VGCLown has 20 seconds left.\n|inactive|VGCLown has 15 seconds left.\n|inactive|VGCLown has 10 seconds left.\n|\n|t:|1746041138\n|move|p1b: Ogerpon|Spiky Shield|p1b: Ogerpon\n|-singleturn|p1b: Ogerpon|move: Protect\n|move|p2b: Calyrex|Astral Barrage|p1a: Koraidon|[spread] p1a\n|-activate|p1b: Ogerpon|move: Protect\n|-damage|p1a: Koraidon|16/100\n|move|p1a: Koraidon|Flame Charge|p2b: Calyrex\n|-damage|p2b: Calyrex|44/100\n|-boost|p1a: Koraidon|spe|1\n|-damage|p1a: Koraidon|7/100|[from] item: Life Orb\n|move|p2a: Ogerpon|Ivy Cudgel|p1a: Koraidon|[anim] Ivy Cudgel Water\n|-resisted|p1a: Koraidon\n|-damage|p1a: Koraidon|0 fnt\n|faint|p1a: Koraidon\n|\n|-weather|SunnyDay|[upkeep]\n|upkeep\n|\n|t:|1746041160\n|switch|p1a: Raging Bolt|Raging Bolt, L50|100/100\n|-activate|p1a: Raging Bolt|ability: Protosynthesis\n|-start|p1a: Raging Bolt|protosynthesisspa\n|turn|3\n|\n|t:|1746041175\n|move|p1b: Ogerpon|Spiky Shield||[still]\n|-fail|p1b: Ogerpon\n|move|p2a: Ogerpon|Follow Me|p2a: Ogerpon\n|-singleturn|p2a: Ogerpon|move: Follow Me\n|move|p2b: Calyrex|Astral Barrage|p1b: Ogerpon|[spread] p1a,p1b\n|-damage|p1a: Raging Bolt|57/100\n|-damage|p1b: Ogerpon|0 fnt\n|faint|p1b: Ogerpon\n|-ability|p2b: Calyrex|Grim Neigh|boost\n|-boost|p2b: Calyrex|spa|1\n|move|p1a: Raging Bolt|Snarl|p2b: Calyrex|[spread] p2a,p2b\n|-supereffective|p2b: Calyrex\n|-damage|p2a: Ogerpon|17/100\n|-damage|p2b: Calyrex|0 fnt\n|-unboost|p2a: Ogerpon|spa|1\n|faint|p2b: Calyrex\n|\n|-weather|SunnyDay|[upkeep]\n|upkeep\n|\n|t:|1746041191\n|switch|p2b: Koraidon|Koraidon, L50|100/100\n|switch|p1b: Incineroar|Incineroar, L50, F|100/100\n|-activate|p2b: Koraidon|ability: Orichalcum Pulse\n|-ability|p1b: Incineroar|Intimidate|boost\n|-unboost|p2a: Ogerpon|atk|1\n|-fail|p2b: Koraidon|unboost|[from] item: Clear Amulet|[of] p2b: Koraidon\n|turn|4\n|j| Jdca\n|inactive|VGCLown has 30 seconds left.\n|inactive|VGCLown has 20 seconds left.\n|\n|t:|1746041230\n|move|p2b: Koraidon|Protect|p2b: Koraidon\n|-singleturn|p2b: Koraidon|Protect\n|move|p1b: Incineroar|Fake Out|p2a: Ogerpon\n|-damage|p2a: Ogerpon|6/100\n|cant|p2a: Ogerpon|flinch\n|move|p1a: Raging Bolt|Draco Meteor|p2b: Koraidon\n|-activate|p2b: Koraidon|move: Protect\n|\n|-weather|SunnyDay|[upkeep]\n|upkeep\n|turn|5\n|inactive|VGCLown has 30 seconds left.\n|inactive|Deandanger has 30 seconds left.\n|\n|t:|1746041263\n|-terastallize|p1b: Incineroar|Bug\n|move|p2a: Ogerpon|Spiky Shield|p2a: Ogerpon\n|-singleturn|p2a: Ogerpon|move: Protect\n|move|p2b: Koraidon|Collision Course|p1a: Raging Bolt\n|-damage|p1a: Raging Bolt|0 fnt\n|faint|p1a: Raging Bolt\n|-end|p1a: Raging Bolt|Protosynthesis|[silent]\n|move|p1b: Incineroar|Will-O-Wisp|p2b: Koraidon\n|-status|p2b: Koraidon|brn\n|\n|-weather|none\n|-damage|p2b: Koraidon|95/100 brn|[from] brn\n|upkeep\n|turn|6\n|\n|t:|1746041284\n|move|p2a: Ogerpon|Follow Me|p2a: Ogerpon\n|-singleturn|p2a: Ogerpon|move: Follow Me\n|move|p2b: Koraidon|Flare Blitz|p1b: Incineroar\n|-supereffective|p1b: Incineroar\n|-damage|p1b: Incineroar|69/100\n|-damage|p2b: Koraidon|78/100 brn|[from] item: Rocky Helmet|[of] p1b: Incineroar\n|-damage|p2b: Koraidon|66/100 brn|[from] Recoil\n|move|p1b: Incineroar|Flare Blitz|p2a: Ogerpon\n|-damage|p2a: Ogerpon|0 fnt\n|faint|p2a: Ogerpon\n|-damage|p1b: Incineroar|68/100|[from] Recoil\n|\n|-damage|p2b: Koraidon|60/100 brn|[from] brn\n|upkeep\n|\n|t:|1746041296\n|switch|p2a: Sableye|Sableye, L50, F, shiny|100/100\n|turn|7\n|\n|t:|1746041310\n|move|p2b: Koraidon|Protect|p2b: Koraidon\n|-singleturn|p2b: Koraidon|Protect\n|move|p2a: Sableye|Will-O-Wisp|p1b: Incineroar\n|-status|p1b: Incineroar|brn\n|move|p1b: Incineroar|Flare Blitz|p2a: Sableye\n|-damage|p2a: Sableye|72/100\n|-damage|p1b: Incineroar|62/100 brn|[from] Recoil\n|\n|-damage|p2b: Koraidon|55/100 brn|[from] brn\n|-damage|p1b: Incineroar|56/100 brn|[from] brn\n|upkeep\n|turn|8\n|\n|t:|1746041325\n|move|p2a: Sableye|Fake Out||[still]\n|-hint|Fake Out only works on your first turn out.\n|-fail|p2a: Sableye\n|move|p2b: Koraidon|Flare Blitz|p1b: Incineroar\n|-supereffective|p1b: Incineroar\n|-damage|p1b: Incineroar|24/100 brn\n|-damage|p2b: Koraidon|38/100 brn|[from] item: Rocky Helmet|[of] p1b: Incineroar\n|-damage|p2b: Koraidon|26/100 brn|[from] Recoil\n|move|p1b: Incineroar|Will-O-Wisp|p2a: Sableye\n|-status|p2a: Sableye|brn\n|\n|-damage|p2b: Koraidon|20/100 brn|[from] brn\n|-damage|p1b: Incineroar|18/100 brn|[from] brn\n|-damage|p2a: Sableye|66/100 brn|[from] brn\n|upkeep\n|turn|9\n|\n|t:|1746041345\n|move|p2a: Sableye|Encore|p1b: Incineroar\n|-start|p1b: Incineroar|Encore\n|move|p2b: Koraidon|Flare Blitz|p1b: Incineroar\n|-supereffective|p1b: Incineroar\n|-damage|p1b: Incineroar|0 fnt\n|-damage|p2b: Koraidon|4/100 brn|[from] item: Rocky Helmet|[of] p1b: Incineroar\n|faint|p1b: Incineroar\n|-damage|p2b: Koraidon|0 fnt|[from] Recoil\n|faint|p2b: Koraidon\n|\n|win|Deandanger\n||VGCLown is ready for game 2.\n|inactive|Deandanger has 30 seconds to confirm battle start!\n|l|\u2606Deandanger\n|player|p2|\n||Deandanger is ready for game 2.\n|uhtml|next|Next: <a href=\"/battle-gen9vgc2025regibo3-2354173253\"><strong>Game 2 of 3</strong></a>\n|l| Jdca\n", "uploadtime": 1746041833, "views": 6, "formatid": "gen9vgc2025regibo3", "rating": null, "private": 0, "password": null}