{"id": "gen9vgc2025regibo3-2353469515", "format": "[Gen 9] VGC 2025 Reg I (Bo3)", "players": ["baggyaaron", "TinnyLlama4"], "log": "|j|\u2606baggyaaron\n|j|\u2606TinnyLlama4\n|html|<table width=\"100%\"><tr><td align=\"left\">baggyaaron</td><td align=\"right\">TinnyLlama4</tr><tr><td align=\"left\"><i class=\"fa fa-circle-o\"></i> <i class=\"fa fa-circle-o\"></i> </td><td align=\"right\"><i class=\"fa fa-circle-o\"></i> <i class=\"fa fa-circle-o\"></i> </tr></table>\n|uhtml|bestof|<h2><strong>Game 1</strong> of <a href=\"/game-bestof3-gen9vgc2025regibo3-2353469514\">a best-of-3</a></h2>\n|t:|1745958823\n|gametype|doubles\n|player|p1|baggyaaron|265|1061\n|player|p2|TinnyLlama4|265|1049\n|teamsize|p1|6\n|teamsize|p2|6\n|gen|9\n|tier|[Gen 9] VGC 2025 Reg I (Bo3)\n|rated|\n|rule|Species Clause: Limit one of each Pok\u00e9mon\n|rule|Item Clause: Limit 1 of each item\n|clearpoke\n|poke|p1|Sneasler, L50, M|\n|poke|p1|Indeedee-F, L50, F|\n|poke|p1|Calyrex-Ice, L50|\n|poke|p1|Armarouge, L50, F|\n|poke|p1|Archaludon, L50, F|\n|poke|p1|Necrozma-Dusk-Mane, L50|\n|poke|p2|Solgaleo, L50|\n|poke|p2|Kyogre, L50|\n|poke|p2|Basculegion, L50, M|\n|poke|p2|Archaludon, L50, F|\n|poke|p2|Tornadus, L50, M|\n|poke|p2|Rillaboom, L50, M|\n|teampreview|4\n|showteam|p1|Sneasler||PsychicSeed|Unburden|DireClaw,CloseCombat,SwordsDance,Feint|||M|||50|,,,,,Flying]Indeedee-F||FocusSash|PsychicSurge|TrickRoom,FollowMe,HelpingHand,DazzlingGleam|||F|||50|,,,,,Fairy]Calyrex-Ice||ClearAmulet|AsOneGlastrier|GlacialLance,HighHorsepower,TrickRoom,Protect||||||50|,,,,,Fire]Armarouge||LifeOrb|FlashFire|ExpandingForce,ArmorCannon,WideGuard,Protect|||F|||50|,,,,,Grass]Archaludon||PowerHerb|Stalwart|ElectroShot,DracoMeteor,FlashCannon,BodyPress|||F|||50|,,,,,Fairy]Necrozma-Dusk-Mane||WeaknessPolicy|PrismArmor|TrickRoom,SunsteelStrike,Earthquake,Protect||||||50|,,,,,Grass\n|showteam|p2|Solgaleo||SitrusBerry|FullMetalBody|SunsteelStrike,WideGuard,KnockOff,PsychicFangs||||||50|,,,,,Dragon]Kyogre||MysticWater|Drizzle|CalmMind,IceBeam,Protect,OriginPulse||||||50|,,,,,Dragon]Basculegion||ChoiceBand|SwiftSwim|LastRespects,WaveCrash,FlipTurn,Crunch|||M|||50|,,,,,Water]Archaludon||AssaultVest|Stamina|ElectroShot,DracoMeteor,TeraBlast,FlashCannon|||F|||50|,,,,,Flying]Tornadus||FocusSash|Prankster|BleakwindStorm,Tailwind,Protect,RainDance|||M|||50|,,,,,Flying]Rillaboom||LumBerry|GrassySurge|GrassyGlide,FakeOut,WoodHammer,StompingTantrum|||M|||50|,,,,,Fire\n|inactive|Battle timer is ON: inactive players will automatically lose when time's up. (requested by baggyaaron)\n|\n|t:|1745958864\n|start\n|switch|p1a: Armarouge|Armarouge, L50, F|100/100\n|switch|p1b: Archaludon|Archaludon, L50, F|100/100\n|switch|p2a: Tornadus|Tornadus, L50, M, shiny|100/100\n|switch|p2b: Kyogre|Kyogre, L50, shiny|100/100\n|-weather|RainDance|[from] ability: Drizzle|[of] p2b: Kyogre\n|turn|1\n|inactive|baggyaaron has 30 seconds left.\n|\n|t:|1745958897\n|move|p1a: Armarouge|Wide Guard|p1a: Armarouge\n|-singleturn|p1a: Armarouge|Wide Guard\n|move|p2a: Tornadus|Tailwind|p2a: Tornadus\n|-sidestart|p2: TinnyLlama4|move: Tailwind\n|move|p2b: Kyogre|Calm Mind|p2b: Kyogre\n|-boost|p2b: Kyogre|spa|1\n|-boost|p2b: Kyogre|spd|1\n|move|p1b: Archaludon|Electro Shot||[still]\n|-prepare|p1b: Archaludon|Electro Shot\n|-boost|p1b: Archaludon|spa|1\n|-anim|p1b: Archaludon|Electro Shot|p2a: Tornadus\n|-supereffective|p2a: Tornadus\n|-enditem|p2a: Tornadus|Focus Sash\n|-damage|p2a: Tornadus|1/100\n|\n|-weather|RainDance|[upkeep]\n|upkeep\n|turn|2\n|\n|t:|1745958922\n|-terastallize|p2b: Kyogre|Dragon\n|move|p1a: Armarouge|Wide Guard|p1a: Armarouge\n|-singleturn|p1a: Armarouge|Wide Guard\n|move|p2a: Tornadus|Bleakwind Storm|p1a: Armarouge|[spread] \n|-activate|p1a: Armarouge|move: Wide Guard\n|-activate|p1b: Archaludon|move: Wide Guard\n|move|p2b: Kyogre|Calm Mind|p2b: Kyogre\n|-boost|p2b: Kyogre|spa|1\n|-boost|p2b: Kyogre|spd|1\n|move|p1b: Archaludon|Draco Meteor|p2b: Kyogre\n|-supereffective|p2b: Kyogre\n|-damage|p2b: Kyogre|24/100\n|-unboost|p1b: Archaludon|spa|2\n|\n|-weather|RainDance|[upkeep]\n|upkeep\n|turn|3\n|inactive|baggyaaron has 30 seconds left.\n|\n|t:|1745958948\n|switch|p2a: Solgaleo|Solgaleo, L50, shiny|100/100\n|move|p2b: Kyogre|Protect|p2b: Kyogre\n|-singleturn|p2b: Kyogre|Protect\n|move|p1a: Armarouge|Wide Guard|p1a: Armarouge\n|-singleturn|p1a: Armarouge|Wide Guard\n|move|p1b: Archaludon|Draco Meteor|p2b: Kyogre\n|-activate|p2b: Kyogre|move: Protect\n|\n|-weather|RainDance|[upkeep]\n|upkeep\n|turn|4\n|inactive|baggyaaron has 30 seconds left.\n|\n|t:|1745958973\n|move|p1a: Armarouge|Wide Guard|p1a: Armarouge\n|-singleturn|p1a: Armarouge|Wide Guard\n|move|p2a: Solgaleo|Knock Off|p1b: Archaludon\n|-damage|p1b: Archaludon|74/100\n|-enditem|p1b: Archaludon|Power Herb|[from] move: Knock Off|[of] p2a: Solgaleo\n|move|p2b: Kyogre|Ice Beam|p1b: Archaludon\n|-damage|p1b: Archaludon|0 fnt\n|faint|p1b: Archaludon\n|\n|-weather|RainDance|[upkeep]\n|-sideend|p2: TinnyLlama4|move: Tailwind\n|upkeep\n|\n|t:|1745958984\n|switch|p1b: Indeedee|Indeedee-F, L50, F|100/100\n|-fieldstart|move: Psychic Terrain|[from] ability: Psychic Surge|[of] p1b: Indeedee\n|turn|5\n|\n|t:|1745958993\n|switch|p1a: Calyrex|Calyrex-Ice, L50|100/100\n|-ability|p1a: Calyrex|As One\n|-ability|p1a: Calyrex|Unnerve\n|move|p2a: Solgaleo|Wide Guard|p2a: Solgaleo\n|-singleturn|p2a: Solgaleo|Wide Guard\n|move|p2b: Kyogre|Origin Pulse|p1a: Calyrex|[spread] p1b\n|-miss|p2b: Kyogre|p1a: Calyrex\n|-enditem|p1b: Indeedee|Focus Sash\n|-damage|p1b: Indeedee|1/100\n|move|p1b: Indeedee|Trick Room|p1b: Indeedee\n|-fieldstart|move: Trick Room|[of] p1b: Indeedee\n|\n|-weather|none\n|upkeep\n|turn|6\n|\n|t:|1745959014\n|move|p2a: Solgaleo|Wide Guard|p2a: Solgaleo\n|-singleturn|p2a: Solgaleo|Wide Guard\n|move|p1a: Calyrex|High Horsepower|p2a: Solgaleo\n|-supereffective|p2a: Solgaleo\n|-damage|p2a: Solgaleo|40/100\n|move|p1b: Indeedee|Dazzling Gleam|p2b: Kyogre|[spread] \n|-activate|p2a: Solgaleo|move: Wide Guard\n|-activate|p2b: Kyogre|move: Wide Guard\n|move|p2b: Kyogre|Origin Pulse|p1a: Calyrex|[spread] p1a,p1b\n|-damage|p1a: Calyrex|17/100\n|-damage|p1b: Indeedee|0 fnt\n|faint|p1b: Indeedee\n|\n|upkeep\n|\n|t:|1745959029\n|switch|p1b: Armarouge|Armarouge, L50, F|100/100\n|turn|7\n|\n|t:|1745959045\n|move|p2a: Solgaleo|Wide Guard|p2a: Solgaleo\n|-singleturn|p2a: Solgaleo|Wide Guard\n|move|p1a: Calyrex|High Horsepower|p2a: Solgaleo\n|-supereffective|p2a: Solgaleo\n|-damage|p2a: Solgaleo|0 fnt\n|faint|p2a: Solgaleo\n|-ability|p1a: Calyrex|Chilling Neigh|boost\n|-boost|p1a: Calyrex|atk|1\n|move|p1b: Armarouge|Expanding Force|p2b: Kyogre\n|-activate|p2b: Kyogre|move: Wide Guard\n|move|p2b: Kyogre|Ice Beam|p1a: Calyrex\n|-resisted|p1a: Calyrex\n|-damage|p1a: Calyrex|0 fnt\n|faint|p1a: Calyrex\n|\n|upkeep\n|\n|t:|1745959064\n|switch|p2a: Basculegion|Basculegion, L50, M, shiny|100/100\n|turn|8\n|\n|t:|1745959082\n|move|p1b: Armarouge|Expanding Force|p2a: Basculegion|[spread] p2a,p2b\n|-damage|p2a: Basculegion|13/100\n|-damage|p2b: Kyogre|0 fnt\n|faint|p2b: Kyogre\n|-damage|p1b: Armarouge|91/100|[from] item: Life Orb\n|move|p2a: Basculegion|Crunch|p1b: Armarouge\n|-supereffective|p1b: Armarouge\n|-damage|p1b: Armarouge|16/100\n|-unboost|p1b: Armarouge|def|1\n|\n|upkeep\n|\n|t:|1745959092\n|switch|p2b: Tornadus|Tornadus, L50, M, shiny|1/100\n|turn|9\n|\n|t:|1745959099\n|-terastallize|p1b: Armarouge|Grass\n|move|p2b: Tornadus|Protect|p2b: Tornadus\n|-singleturn|p2b: Tornadus|Protect\n|move|p1b: Armarouge|Expanding Force|p2b: Tornadus|[spread] p2a\n|-activate|p2b: Tornadus|move: Protect\n|-damage|p2a: Basculegion|0 fnt\n|faint|p2a: Basculegion\n|-damage|p1b: Armarouge|6/100|[from] item: Life Orb\n|\n|-fieldend|move: Trick Room\n|-fieldend|move: Psychic Terrain\n|upkeep\n|turn|10\n|\n|t:|1745959116\n|move|p2b: Tornadus|Bleakwind Storm|p1b: Armarouge\n|-supereffective|p1b: Armarouge\n|-damage|p1b: Armarouge|0 fnt\n|faint|p1b: Armarouge\n|\n|win|TinnyLlama4\n||TinnyLlama4 is ready for game 2.\n|l|\u2606baggyaaron\n|player|p1|\n|inactive|baggyaaron has 30 seconds to confirm battle start!\n|raw|baggyaaron's rating: 1061 &rarr; <strong>1041</strong><br />(-20 for losing)\n|raw|TinnyLlama4's rating: 1049 &rarr; <strong>1083</strong><br />(+34 for winning)\n|l|\u2606TinnyLlama4\n|player|p2|\n", "uploadtime": 1745959373, "views": 6, "formatid": "gen9vgc2025regibo3", "rating": 1041, "private": 0, "password": null}