{"id": "gen9vgc2025regibo3-2354416512", "format": "[Gen 9] VGC 2025 Reg I (Bo3)", "players": ["nintendoswitch200", "flyingdragon2024"], "log": "|j|\u2606nintendoswitch200\n|j|\u2606flyingdragon2024\n|html|<table width=\"100%\"><tr><td align=\"left\">nintendoswitch200</td><td align=\"right\">flyingdragon2024</tr><tr><td align=\"left\"><i class=\"fa fa-circle-o\"></i> <i class=\"fa fa-circle-o\"></i> </td><td align=\"right\"><i class=\"fa fa-circle-o\"></i> <i class=\"fa fa-circle-o\"></i> </tr></table>\n|uhtml|bestof|<h2><strong>Game 1</strong> of <a href=\"/game-bestof3-gen9vgc2025regibo3-2354416511\">a best-of-3</a></h2>\n|t:|1746068745\n|gametype|doubles\n|player|p1|nintendoswitch200|turo|1250\n|player|p2|flyingdragon2024|1|1451\n|teamsize|p1|6\n|teamsize|p2|6\n|gen|9\n|tier|[Gen 9] VGC 2025 Reg I (Bo3)\n|rated|\n|rule|Species Clause: Limit one of each Pok\u00e9mon\n|rule|Item Clause: Limit 1 of each item\n|clearpoke\n|poke|p1|Urshifu-*, L50, M|\n|poke|p1|Incineroar, L50, M|\n|poke|p1|Calyrex-Shadow, L50|\n|poke|p1|Raging Bolt, L50|\n|poke|p1|Rillaboom, L50, M|\n|poke|p1|Zamazenta-*, L50|\n|poke|p2|Calyrex-Shadow, L50|\n|poke|p2|Urshifu-*, L50, M|\n|poke|p2|Ogerpon-Cornerstone, L50, F|\n|poke|p2|Tornadus, L50, M|\n|poke|p2|Rillaboom, L50, M|\n|poke|p2|Zamazenta-*, L50|\n|teampreview|4\n|showteam|p1|Urshifu-Rapid-Strike||FocusSash|UnseenFist|Detect,SurgingStrikes,CloseCombat,AquaJet|||M|||50|,,,,,Stellar]Incineroar||SafetyGoggles|Intimidate|FakeOut,PartingShot,HelpingHand,KnockOff|||M|||50|,,,,,Ghost]Calyrex-Shadow||CovertCloak|AsOneSpectrier|Protect,NastyPlot,AstralBarrage,Psyshock||||||50|,,,,,Water]Raging Bolt||BoosterEnergy|Protosynthesis|Protect,Thunderclap,DragonPulse,Thunderbolt||||||50|,,,,,Fairy]Rillaboom||AssaultVest|GrassySurge|FakeOut,GrassyGlide,WoodHammer,Uturn|||M|||50|,,,,,Fire]Zamazenta-Crowned||RustedShield|DauntlessShield|Protect,BodyPress,WideGuard,HeavySlam||||||50|,,,,,Dragon\n|showteam|p2|Calyrex-Shadow||FocusSash|AsOneSpectrier|AstralBarrage,Psychic,Imprison,Protect||||||50|,,,,,Ghost]Urshifu-Rapid-Strike||MysticWater|UnseenFist|SurgingStrikes,Taunt,AquaJet,Protect|||M|||50|,,,,,Water]Ogerpon-Cornerstone||CornerstoneMask|Sturdy|IvyCudgel,Taunt,FollowMe,SpikyShield|||F|||50|,,,,,Rock]Tornadus||RockyHelmet|Prankster|Tailwind,BleakwindStorm,RainDance,Protect|||M|||50|,,,,,Dark]Rillaboom||AssaultVest|GrassySurge|WoodHammer,GrassyGlide,KnockOff,FakeOut|||M|||50|,,,,,Water]Zamazenta-Crowned||RustedShield|DauntlessShield|BodyPress,WideGuard,HeavySlam,Protect||||||50|,,,,,Ghost\n|inactive|Battle timer is ON: inactive players will automatically lose when time's up. (requested by nintendoswitch200)\n|j| hieuhapi\n|inactive|nintendoswitch200 has 60 seconds left.\n|inactive|flyingdragon2024 has 60 seconds left.\n|inactive|flyingdragon2024 has 30 seconds left.\n|inactive|flyingdragon2024 has 20 seconds left.\n|inactive|flyingdragon2024 has 15 seconds left.\n|inactive|flyingdragon2024 has 10 seconds left.\n|\n|t:|1746068830\n|start\n|switch|p1a: Raging Bolt|Raging Bolt, L50|100/100\n|switch|p1b: Rillaboom|Rillaboom, L50, M|100/100\n|switch|p2a: Rillaboom|Rillaboom, L50, M|100/100\n|switch|p2b: Zamazenta|Zamazenta-Crowned, L50|100/100\n|-ability|p2b: Zamazenta|Dauntless Shield|boost\n|-boost|p2b: Zamazenta|def|1\n|-fieldstart|move: Grassy Terrain|[from] ability: Grassy Surge|[of] p2a: Rillaboom\n|-enditem|p1a: Raging Bolt|Booster Energy\n|-activate|p1a: Raging Bolt|ability: Protosynthesis|[fromitem]\n|-start|p1a: Raging Bolt|protosynthesisspa\n|turn|1\n|inactive|flyingdragon2024 has 30 seconds left.\n|\n|t:|1746068864\n|move|p2a: Rillaboom|Fake Out|p1b: Rillaboom\n|-crit|p1b: Rillaboom\n|-damage|p1b: Rillaboom|82/100\n|cant|p1b: Rillaboom|flinch\n|move|p2b: Zamazenta|Body Press|p1a: Raging Bolt\n|-damage|p1a: Raging Bolt|43/100\n|move|p1a: Raging Bolt|Thunderbolt|p2b: Zamazenta\n|-damage|p2b: Zamazenta|45/100\n|\n|-heal|p2b: Zamazenta|50/100|[from] Grassy Terrain\n|-heal|p1b: Rillaboom|87/100|[from] Grassy Terrain\n|-heal|p1a: Raging Bolt|49/100|[from] Grassy Terrain\n|upkeep\n|turn|2\n|inactive|nintendoswitch200 has 30 seconds left.\n|inactive|flyingdragon2024 has 30 seconds left.\n|inactive|nintendoswitch200 has 20 seconds left.\n|inactive|nintendoswitch200 has 15 seconds left.\n|\n|t:|1746068908\n|switch|p2a: Tornadus|Tornadus, L50, M|100/100\n|move|p1a: Raging Bolt|Protect|p1a: Raging Bolt\n|-singleturn|p1a: Raging Bolt|Protect\n|move|p2b: Zamazenta|Body Press|p1a: Raging Bolt\n|-activate|p1a: Raging Bolt|move: Protect\n|move|p1b: Rillaboom|U-turn|p2a: Tornadus\n|-resisted|p2a: Tornadus\n|-damage|p2a: Tornadus|88/100\n|-damage|p1b: Rillaboom|71/100|[from] item: Rocky Helmet|[of] p2a: Tornadus\n|\n|t:|1746068920\n|switch|p1b: Incineroar|Incineroar, L50, M|100/100|[from] U-turn\n|-ability|p1b: Incineroar|Intimidate|boost\n|-unboost|p2a: Tornadus|atk|1\n|-unboost|p2b: Zamazenta|atk|1\n|\n|-heal|p2b: Zamazenta|56/100|[from] Grassy Terrain\n|-heal|p1a: Raging Bolt|55/100|[from] Grassy Terrain\n|upkeep\n|turn|3\n|inactive|nintendoswitch200 has 30 seconds left.\n|inactive|flyingdragon2024 has 30 seconds left.\n|\n|t:|1746068950\n|switch|p2a: Rillaboom|Rillaboom, L50, M|100/100\n|move|p1b: Incineroar|Helping Hand|p1a: Raging Bolt\n|-singleturn|p1a: Raging Bolt|Helping Hand|[of] p1b: Incineroar\n|move|p2b: Zamazenta|Protect|p2b: Zamazenta\n|-singleturn|p2b: Zamazenta|Protect\n|move|p1a: Raging Bolt|Thunderclap||[still]\n|-fail|p1a: Raging Bolt\n|\n|-heal|p2b: Zamazenta|62/100|[from] Grassy Terrain\n|-heal|p1a: Raging Bolt|61/100|[from] Grassy Terrain\n|upkeep\n|turn|4\n|inactive|nintendoswitch200 has 30 seconds left.\n|inactive|nintendoswitch200 has 20 seconds left.\n|\n|t:|1746068988\n|switch|p1b: Rillaboom|Rillaboom, L50, M|71/100\n|-terastallize|p1a: Raging Bolt|Fairy\n|move|p2a: Rillaboom|Fake Out|p1a: Raging Bolt\n|-damage|p1a: Raging Bolt|50/100\n|move|p2b: Zamazenta|Body Press|p1b: Rillaboom\n|-damage|p1b: Rillaboom|5/100\n|cant|p1a: Raging Bolt|flinch\n|\n|-heal|p2b: Zamazenta|68/100|[from] Grassy Terrain\n|-heal|p1b: Rillaboom|11/100|[from] Grassy Terrain\n|-heal|p1a: Raging Bolt|56/100|[from] Grassy Terrain\n|upkeep\n|turn|5\n|inactive|flyingdragon2024 has 30 seconds left.\n|\n|t:|1746069019\n|switch|p1b: Incineroar|Incineroar, L50, M|100/100\n|-ability|p1b: Incineroar|Intimidate|boost\n|-unboost|p2a: Rillaboom|atk|1\n|-unboost|p2b: Zamazenta|atk|1\n|move|p2b: Zamazenta|Heavy Slam|p1a: Raging Bolt\n|-supereffective|p1a: Raging Bolt\n|-damage|p1a: Raging Bolt|43/100\n|move|p2a: Rillaboom|Wood Hammer|p1a: Raging Bolt\n|-damage|p1a: Raging Bolt|1/100\n|-damage|p2a: Rillaboom|85/100|[from] Recoil\n|move|p1a: Raging Bolt|Thunderbolt|p2a: Rillaboom\n|-resisted|p2a: Rillaboom\n|-damage|p2a: Rillaboom|59/100\n|-status|p2a: Rillaboom|par\n|\n|-heal|p2b: Zamazenta|74/100|[from] Grassy Terrain\n|-heal|p1a: Raging Bolt|8/100|[from] Grassy Terrain\n|-heal|p2a: Rillaboom|65/100 par|[from] Grassy Terrain\n|-fieldend|move: Grassy Terrain\n|upkeep\n|turn|6\n|inactive|nintendoswitch200 has 30 seconds left.\n|inactive|flyingdragon2024 has 30 seconds left.\n|inactive|nintendoswitch200 has 20 seconds left.\n|inactive|flyingdragon2024 has 20 seconds left.\n|inactive|nintendoswitch200 has 15 seconds left.\n|inactive|flyingdragon2024 has 15 seconds left.\n|\n|t:|1746069064\n|switch|p2a: Tornadus|Tornadus, L50, M|88/100\n|move|p2b: Zamazenta|Protect|p2b: Zamazenta\n|-singleturn|p2b: Zamazenta|Protect\n|move|p1b: Incineroar|Fake Out|p2b: Zamazenta\n|-activate|p2b: Zamazenta|move: Protect\n|move|p1a: Raging Bolt|Thunderbolt|p2a: Tornadus\n|-supereffective|p2a: Tornadus\n|-damage|p2a: Tornadus|0 fnt\n|faint|p2a: Tornadus\n|\n|upkeep\n|\n|t:|1746069073\n|switch|p2a: Rillaboom|Rillaboom, L50, M|65/100 par\n|-fieldstart|move: Grassy Terrain|[from] ability: Grassy Surge|[of] p2a: Rillaboom\n|turn|7\n|\n|t:|1746069087\n|switch|p1b: Rillaboom|Rillaboom, L50, M|11/100\n|move|p1a: Raging Bolt|Protect|p1a: Raging Bolt\n|-singleturn|p1a: Raging Bolt|Protect\n|cant|p2a: Rillaboom|par\n|move|p2b: Zamazenta|Body Press|p1b: Rillaboom\n|-damage|p1b: Rillaboom|0 fnt\n|faint|p1b: Rillaboom\n|\n|-heal|p2b: Zamazenta|80/100|[from] Grassy Terrain\n|-heal|p1a: Raging Bolt|14/100|[from] Grassy Terrain\n|-heal|p2a: Rillaboom|70/100 par|[from] Grassy Terrain\n|upkeep\n|inactive|nintendoswitch200 has 30 seconds left.\n|inactive|nintendoswitch200 has 20 seconds left.\n|inactive|nintendoswitch200 has 15 seconds left.\n|\n|t:|1746069129\n|switch|p1b: Incineroar|Incineroar, L50, M|100/100\n|-ability|p1b: Incineroar|Intimidate|boost\n|-unboost|p2a: Rillaboom|atk|1\n|-unboost|p2b: Zamazenta|atk|1\n|turn|8\n|inactive|nintendoswitch200 has 30 seconds left.\n|\n|t:|1746069160\n|move|p1b: Incineroar|Fake Out|p2a: Rillaboom\n|-damage|p2a: Rillaboom|60/100 par\n|cant|p2a: Rillaboom|flinch\n|move|p2b: Zamazenta|Body Press|p1b: Incineroar\n|-supereffective|p1b: Incineroar\n|-damage|p1b: Incineroar|0 fnt\n|faint|p1b: Incineroar\n|move|p1a: Raging Bolt|Dragon Pulse|p2a: Rillaboom\n|-damage|p2a: Rillaboom|12/100 par\n|\n|-heal|p2b: Zamazenta|86/100|[from] Grassy Terrain\n|-heal|p1a: Raging Bolt|20/100|[from] Grassy Terrain\n|-heal|p2a: Rillaboom|17/100 par|[from] Grassy Terrain\n|upkeep\n|\n|t:|1746069167\n|switch|p1b: Urshifu|Urshifu-Rapid-Strike, L50, M|100/100\n|turn|9\n|inactive|nintendoswitch200 has 30 seconds left.\n|inactive|flyingdragon2024 has 30 seconds left.\n|inactive|flyingdragon2024 has 20 seconds left.\n|inactive|flyingdragon2024 has 15 seconds left.\n|inactive|flyingdragon2024 has 10 seconds left.\n|\n|t:|1746069214\n|move|p1b: Urshifu|Detect|p1b: Urshifu\n|-singleturn|p1b: Urshifu|Protect\n|move|p1a: Raging Bolt|Protect|p1a: Raging Bolt\n|-singleturn|p1a: Raging Bolt|Protect\n|move|p2a: Rillaboom|Grassy Glide|p1b: Urshifu\n|-activate|p1b: Urshifu|move: Protect\n|move|p2b: Zamazenta|Body Press|p1b: Urshifu\n|-activate|p1b: Urshifu|move: Protect\n|\n|-heal|p2b: Zamazenta|92/100|[from] Grassy Terrain\n|-heal|p1a: Raging Bolt|26/100|[from] Grassy Terrain\n|-heal|p2a: Rillaboom|23/100 par|[from] Grassy Terrain\n|upkeep\n|turn|10\n|inactive|flyingdragon2024 has 30 seconds left.\n|\n|t:|1746069240\n|move|p1b: Urshifu|Aqua Jet|p2a: Rillaboom\n|-resisted|p2a: Rillaboom\n|-damage|p2a: Rillaboom|12/100 par\n|move|p1a: Raging Bolt|Thunderclap|p2a: Rillaboom\n|-resisted|p2a: Rillaboom\n|-damage|p2a: Rillaboom|0 fnt\n|faint|p2a: Rillaboom\n|move|p2b: Zamazenta|Body Press|p1a: Raging Bolt\n|-resisted|p1a: Raging Bolt\n|-damage|p1a: Raging Bolt|0 fnt\n|faint|p1a: Raging Bolt\n|-end|p1a: Raging Bolt|Protosynthesis|[silent]\n|\n|-heal|p2b: Zamazenta|98/100|[from] Grassy Terrain\n|upkeep\n|\n|t:|1746069245\n|switch|p2a: Calyrex|Calyrex-Shadow, L50|100/100\n|-ability|p2a: Calyrex|As One\n|-ability|p2a: Calyrex|Unnerve\n|turn|11\n|-message|nintendoswitch200 forfeited.\n|\n|win|flyingdragon2024\n||flyingdragon2024 is ready for game 2.\n||nintendoswitch200 is ready for game 2.\n|uhtml|next|Next: <a href=\"/battle-gen9vgc2025regibo3-2354420322\"><strong>Game 2 of 3</strong></a>\n|l| hieuhapi\n|l|\u2606flyingdragon2024\n|player|p2|\n", "uploadtime": 1746069252, "views": 7, "formatid": "gen9vgc2025regibo3", "rating": null, "private": 0, "password": null}