{"id": "gen9vgc2025regibo3-2353337299", "format": "[Gen 9] VGC 2025 Reg I (Bo3)", "players": ["Qicide", "natcentre"], "log": "|j|\u2606Qicide\n|j|\u2606natcentre\n|html|<table width=\"100%\"><tr><td align=\"left\">Qicide</td><td align=\"right\">natcentre</tr><tr><td align=\"left\"><i class=\"fa fa-circle-o\"></i> <i class=\"fa fa-circle-o\"></i> </td><td align=\"right\"><i class=\"fa fa-circle-o\"></i> <i class=\"fa fa-circle-o\"></i> </tr></table>\n|uhtml|bestof|<h2><strong>Game 1</strong> of <a href=\"/game-bestof3-gen9vgc2025regibo3-2353337298\">a best-of-3</a></h2>\n|t:|1745947501\n|gametype|doubles\n|player|p1|Qicide|red|1299\n|player|p2|natcentre|170|1361\n|teamsize|p1|6\n|teamsize|p2|6\n|gen|9\n|tier|[Gen 9] VGC 2025 Reg I (Bo3)\n|rated|\n|rule|Species Clause: Limit one of each Pok\u00e9mon\n|rule|Item Clause: Limit 1 of each item\n|clearpoke\n|poke|p1|Chi-Yu, L50|\n|poke|p1|Calyrex-Shadow, L50|\n|poke|p1|Tornadus, L50, M|\n|poke|p1|Groudon, L50|\n|poke|p1|Raging Bolt, L50|\n|poke|p1|Urshifu-*, L50, F|\n|poke|p2|Calyrex-Ice, L50|\n|poke|p2|Lunala, L50|\n|poke|p2|Incineroar, L50, M|\n|poke|p2|Amoonguss, L50, M|\n|poke|p2|Ting-Lu, L50|\n|poke|p2|Urshifu-*, L50, F|\n|teampreview|4\n|showteam|p1|Chi-Yu||ChoiceScarf|BeadsofRuin|HeatWave,Overheat,DarkPulse,Snarl||||||50|,,,,,Ghost]Calyrex-Shadow||LifeOrb|AsOneSpectrier|AstralBarrage,Psychic,Encore,Protect||||||50|,,,,,Normal]Tornadus||RockyHelmet|Prankster|BleakwindStorm,Tailwind,Protect,SunnyDay|||M|||50|,,,,,Dark]Groudon||ClearAmulet|Drought|HeatCrash,PrecipiceBlades,HighHorsepower,Protect||||||50|,,,,,Fire]Raging Bolt||AssaultVest|Protosynthesis|Thunderbolt,Electroweb,Thunderclap,DracoMeteor||||||50|,,,,,Electric]Urshifu||FocusSash|UnseenFist|WickedBlow,SuckerPunch,CloseCombat,Protect|||F|||50|,,,,,Dark\n|showteam|p2|Calyrex-Ice||Leftovers|AsOneGlastrier|Protect,BodyPress,GlacialLance,IronDefense||||||50|,,,,,Dragon]Lunala||PowerHerb|ShadowShield|MoongeistBeam,MeteorBeam,WideGuard,TrickRoom||||||50|,,,,,Water]Incineroar||SafetyGoggles|Intimidate|FakeOut,KnockOff,PartingShot,Taunt|||M|||50|,,,,,Bug]Amoonguss||RockyHelmet|Regenerator|Protect,Spore,RagePowder,PollenPuff|||M|||50|,,,,,Water]Ting-Lu||AssaultVest|VesselofRuin|StompingTantrum,HeavySlam,Ruination,Snarl||||||50|,,,,,Fairy]Urshifu-Rapid-Strike||ChoiceScarf|UnseenFist|SurgingStrikes,CloseCombat,Uturn,Coaching|||F|||50|,,,,,Water\n|inactive|Battle timer is ON: inactive players will automatically lose when time's up. (requested by Qicide)\n|inactive|Qicide has 60 seconds left.\n|\n|t:|1745947553\n|start\n|switch|p1a: Calyrex|Calyrex-Shadow, L50|100/100\n|switch|p1b: Chi-Yu|Chi-Yu, L50|100/100\n|switch|p2a: Lunala|Lunala, L50|100/100\n|switch|p2b: Incineroar|Incineroar, L50, M|100/100\n|-ability|p1a: Calyrex|As One\n|-ability|p1a: Calyrex|Unnerve\n|-ability|p1b: Chi-Yu|Beads of Ruin\n|-ability|p2b: Incineroar|Intimidate|boost\n|-unboost|p1a: Calyrex|atk|1\n|-unboost|p1b: Chi-Yu|atk|1\n|turn|1\n|\n|t:|1745947576\n|-terastallize|p2a: Lunala|Water\n|move|p1b: Chi-Yu|Snarl|p2a: Lunala|[spread] p2a,p2b\n|-resisted|p2b: Incineroar\n|-damage|p2a: Lunala|91/100\n|-damage|p2b: Incineroar|87/100\n|-unboost|p2a: Lunala|spa|1\n|-unboost|p2b: Incineroar|spa|1\n|move|p1a: Calyrex|Astral Barrage|p2b: Incineroar|[spread] p2a,p2b\n|-resisted|p2b: Incineroar\n|-damage|p2a: Lunala|27/100\n|-damage|p2b: Incineroar|49/100\n|-damage|p1a: Calyrex|91/100|[from] item: Life Orb\n|move|p2b: Incineroar|Knock Off|p1a: Calyrex\n|-supereffective|p1a: Calyrex\n|-damage|p1a: Calyrex|0 fnt\n|-enditem|p1a: Calyrex|Life Orb|[from] move: Knock Off|[of] p2b: Incineroar\n|faint|p1a: Calyrex\n|move|p2a: Lunala|Trick Room|p2a: Lunala\n|-fieldstart|move: Trick Room|[of] p2a: Lunala\n|\n|upkeep\n|\n|t:|1745947589\n|switch|p1a: Raging Bolt|Raging Bolt, L50|100/100\n|turn|2\n|\n|t:|1745947603\n|switch|p2a: Amoonguss|Amoonguss, L50, M|100/100\n|move|p2b: Incineroar|Parting Shot|p1a: Raging Bolt\n|-unboost|p1a: Raging Bolt|atk|1\n|-unboost|p1a: Raging Bolt|spa|1\n|\n|t:|1745947611\n|switch|p2b: Calyrex|Calyrex-Ice, L50|100/100|[from] Parting Shot\n|-ability|p2b: Calyrex|As One\n|-ability|p2b: Calyrex|Unnerve\n|move|p1a: Raging Bolt|Thunderbolt|p2a: Amoonguss\n|-resisted|p2a: Amoonguss\n|-damage|p2a: Amoonguss|79/100\n|move|p1b: Chi-Yu|Snarl|p2a: Amoonguss|[spread] p2a,p2b\n|-supereffective|p2b: Calyrex\n|-damage|p2a: Amoonguss|50/100\n|-damage|p2b: Calyrex|60/100\n|-unboost|p2a: Amoonguss|spa|1\n|-unboost|p2b: Calyrex|spa|1\n|\n|-heal|p2b: Calyrex|66/100|[from] item: Leftovers\n|upkeep\n|turn|3\n|\n|t:|1745947632\n|-terastallize|p1a: Raging Bolt|Electric\n|move|p1a: Raging Bolt|Thunderclap|p2b: Calyrex\n|-damage|p2b: Calyrex|34/100\n|move|p2a: Amoonguss|Spore|p1b: Chi-Yu\n|-status|p1b: Chi-Yu|slp|[from] move: Spore\n|move|p2b: Calyrex|Glacial Lance|p1a: Raging Bolt|[spread] p1a,p1b\n|-resisted|p1b: Chi-Yu\n|-damage|p1a: Raging Bolt|64/100\n|-damage|p1b: Chi-Yu|60/100 slp\n|cant|p1b: Chi-Yu|slp\n|\n|-heal|p2b: Calyrex|40/100|[from] item: Leftovers\n|upkeep\n|turn|4\n|\n|t:|1745947655\n|move|p2b: Calyrex|Protect|p2b: Calyrex\n|-singleturn|p2b: Calyrex|Protect\n|move|p1a: Raging Bolt|Thunderclap||[still]\n|-fail|p1a: Raging Bolt\n|move|p2a: Amoonguss|Spore|p1a: Raging Bolt\n|-status|p1a: Raging Bolt|slp|[from] move: Spore\n|cant|p1b: Chi-Yu|slp\n|\n|-heal|p2b: Calyrex|45/100|[from] item: Leftovers\n|upkeep\n|turn|5\n|\n|t:|1745947661\n|move|p2a: Amoonguss|Pollen Puff|p2b: Calyrex\n|-heal|p2b: Calyrex|95/100\n|move|p2b: Calyrex|Iron Defense|p2b: Calyrex\n|-boost|p2b: Calyrex|def|2\n|cant|p1a: Raging Bolt|slp\n|cant|p1b: Chi-Yu|slp\n|\n|-heal|p2b: Calyrex|100/100|[from] item: Leftovers\n|-fieldend|move: Trick Room\n|upkeep\n|turn|6\n|\n|t:|1745947682\n|switch|p2a: Incineroar|Incineroar, L50, M|49/100\n|-ability|p2a: Incineroar|Intimidate|boost\n|-unboost|p1a: Raging Bolt|atk|1\n|-unboost|p1b: Chi-Yu|atk|1\n|-curestatus|p1b: Chi-Yu|slp|[msg]\n|move|p1b: Chi-Yu|Snarl|p2b: Calyrex|[spread] p2a,p2b\n|-resisted|p2a: Incineroar\n|-supereffective|p2b: Calyrex\n|-damage|p2a: Incineroar|35/100\n|-damage|p2b: Calyrex|60/100\n|-unboost|p2a: Incineroar|spa|1\n|-unboost|p2b: Calyrex|spa|1\n|cant|p1a: Raging Bolt|slp\n|move|p2b: Calyrex|Body Press|p1b: Chi-Yu\n|-supereffective|p1b: Chi-Yu\n|-damage|p1b: Chi-Yu|0 fnt\n|faint|p1b: Chi-Yu\n|-ability|p2b: Calyrex|Chilling Neigh|boost\n|-boost|p2b: Calyrex|atk|1\n|\n|-heal|p2b: Calyrex|66/100|[from] item: Leftovers\n|upkeep\n|\n|t:|1745947695\n|switch|p1b: Urshifu|Urshifu, L50, F|100/100\n|turn|7\n|\n|t:|1745947705\n|move|p2a: Incineroar|Fake Out|p1b: Urshifu\n|-damage|p1b: Urshifu|90/100\n|cant|p1b: Urshifu|flinch\n|-curestatus|p1a: Raging Bolt|slp|[msg]\n|move|p1a: Raging Bolt|Thunderbolt|p2b: Calyrex\n|-damage|p2b: Calyrex|35/100\n|move|p2b: Calyrex|Glacial Lance|p1a: Raging Bolt|[spread] p1a,p1b\n|-damage|p1a: Raging Bolt|4/100\n|-damage|p1b: Urshifu|23/100\n|\n|-heal|p2b: Calyrex|41/100|[from] item: Leftovers\n|upkeep\n|turn|8\n|inactive|Qicide has 30 seconds left.\n|inactive|Qicide has 20 seconds left.\n|inactive|Qicide has 15 seconds left.\n|inactive|Qicide has 10 seconds left.\n|\n|t:|1745947750\n|switch|p2a: Amoonguss|Amoonguss, L50, M|83/100\n|move|p1b: Urshifu|Close Combat|p2a: Amoonguss\n|-resisted|p2a: Amoonguss\n|-crit|p2a: Amoonguss\n|-damage|p2a: Amoonguss|39/100\n|-unboost|p1b: Urshifu|def|1\n|-unboost|p1b: Urshifu|spd|1\n|-damage|p1b: Urshifu|6/100|[from] item: Rocky Helmet|[of] p2a: Amoonguss\n|move|p1a: Raging Bolt|Draco Meteor|p2b: Calyrex\n|-damage|p2b: Calyrex|9/100\n|-unboost|p1a: Raging Bolt|spa|2\n|move|p2b: Calyrex|Glacial Lance|p1b: Urshifu|[spread] p1a,p1b\n|-damage|p1a: Raging Bolt|0 fnt\n|-damage|p1b: Urshifu|0 fnt\n|faint|p1a: Raging Bolt\n|-end|p1a: Raging Bolt|Protosynthesis|[silent]\n|faint|p1b: Urshifu\n|\n|win|natcentre\n||natcentre is ready for game 2.\n|l|\u2606natcentre\n|player|p2|\n|inactive|Qicide has 30 seconds to confirm battle start!\n", "uploadtime": 1745947760, "views": 16, "formatid": "gen9vgc2025regibo3", "rating": null, "private": 0, "password": null}