{"id": "gen9vgc2025regibo3-2355054723", "format": "[Gen 9] VGC 2025 Reg I (Bo3)", "players": ["laron13", "inXuman"], "log": "|j|\u2606laron13\n|j|\u2606inXuman\n|html|<table width=\"100%\"><tr><td align=\"left\">laron13</td><td align=\"right\">inXuman</tr><tr><td align=\"left\"><i class=\"fa fa-circle-o\"></i> <i class=\"fa fa-circle-o\"></i> </td><td align=\"right\"><i class=\"fa fa-circle-o\"></i> <i class=\"fa fa-circle\"></i> </tr></table>\n|uhtml|bestof|<h2><strong>Game 2</strong> of <a href=\"/game-bestof3-gen9vgc2025regibo3-2355050363\">a best-of-3</a></h2>\n|t:|1746146887\n|gametype|doubles\n|player|p1|laron13|266|1148\n|player|p2|inXuman|shadowtriad|1125\n|teamsize|p1|6\n|teamsize|p2|6\n|gen|9\n|tier|[Gen 9] VGC 2025 Reg I (Bo3)\n|rated|\n|rule|Species Clause: Limit one of each Pok\u00e9mon\n|rule|Item Clause: Limit 1 of each item\n|clearpoke\n|poke|p1|Giratina-Origin, L50|\n|poke|p1|Zamazenta-*, L50|\n|poke|p1|Suicune, L50|\n|poke|p1|Farigiraf, L50, M|\n|poke|p1|Rillaboom, L50, M|\n|poke|p1|Iron Valiant, L50|\n|poke|p2|Miraidon, L50|\n|poke|p2|Calyrex-Ice, L50|\n|poke|p2|Ditto, L50|\n|poke|p2|Farigiraf, L50, M|\n|poke|p2|Volcarona, L50, M|\n|poke|p2|Iron Hands, L50|\n|teampreview|4\n|showteam|p1|Giratina-Origin||GriseousCore|Levitate|Poltergeist,DragonClaw,ShadowSneak,Protect||||||50|,,,,,Fire]Zamazenta-Crowned||RustedShield|DauntlessShield|behemothbash,BodyPress,WideGuard,Protect||||||50|,,,,,Dragon]Suicune||SafetyGoggles|InnerFocus|IcyWind,Scald,Tailwind,Protect||||||50|,,,,,Dragon]Farigiraf||RockyHelmet|ArmorTail|FoulPlay,HelpingHand,TrickRoom,Imprison|||M|||50|,,,,,Fairy]Rillaboom||AssaultVest|GrassySurge|FakeOut,WoodHammer,Uturn,GrassyGlide|||M|||50|,,,,,Fire]Iron Valiant||BoosterEnergy|QuarkDrive|Moonblast,AuraSphere,Protect,Coaching||||||50|,,,,,Steel\n|showteam|p2|Miraidon||ChoiceSpecs|HadronEngine|VoltSwitch,ElectroDrift,DracoMeteor,DazzlingGleam||||||50|,,,,,Fairy]Calyrex-Ice||ClearAmulet|AsOneGlastrier|GlacialLance,HighHorsepower,TrickRoom,Protect||||||50|,,,,,Fire]Ditto||FocusSash|Imposter|Transform||||||50|,,,,,Ghost]Farigiraf||ElectricSeed|ArmorTail|Psychic,TrickRoom,FoulPlay,HelpingHand|||M|||50|,,,,,Water]Volcarona||RockyHelmet|FlameBody|Tailwind,RagePowder,FieryDance,Protect|||M|||50|,,,,,Dragon]Iron Hands||AssaultVest|QuarkDrive|FakeOut,DrainPunch,LowKick,HeavySlam||||||50|,,,,,Water\n|inactive|Battle timer is ON: inactive players will automatically lose when time's up. (requested by laron13)\n|inactive|inXuman has 60 seconds left.\n|\n|t:|1746146968\n|start\n|switch|p1a: Giratina|Giratina-Origin, L50|100/100\n|switch|p1b: Iron Valiant|Iron Valiant, L50|100/100\n|switch|p2a: Miraidon|Miraidon, L50|100/100\n|switch|p2b: Farigiraf|Farigiraf, L50, M, shiny|100/100\n|-fieldstart|move: Electric Terrain|[from] ability: Hadron Engine|[of] p2a: Miraidon\n|-activate|p1b: Iron Valiant|ability: Quark Drive\n|-start|p1b: Iron Valiant|quarkdrivespe\n|-enditem|p2b: Farigiraf|Electric Seed\n|-boost|p2b: Farigiraf|def|1|[from] item: Electric Seed\n|turn|1\n|inactive|laron13 has 30 seconds left.\n|inactive|inXuman has 30 seconds left.\n|inactive|laron13 has 20 seconds left.\n|inactive|inXuman has 20 seconds left.\n|inactive|inXuman has 15 seconds left.\n|inactive|inXuman has 10 seconds left.\n|inactive|inXuman has 5 seconds left.\n|\n|t:|1746147019\n|switch|p2a: Calyrex|Calyrex-Ice, L50|100/100\n|-ability|p2a: Calyrex|As One\n|-ability|p2a: Calyrex|Unnerve\n|switch|p1a: Zamazenta|Zamazenta-Crowned, L50|100/100\n|-ability|p1a: Zamazenta|Dauntless Shield|boost\n|-boost|p1a: Zamazenta|def|1\n|move|p1b: Iron Valiant|Moonblast|p2a: Calyrex\n|-damage|p2a: Calyrex|69/100\n|move|p2b: Farigiraf|Trick Room|p2b: Farigiraf\n|-fieldstart|move: Trick Room|[of] p2b: Farigiraf\n|\n|upkeep\n|turn|2\n|inactive|laron13 has 30 seconds left.\n|inactive|inXuman has 30 seconds left.\n|inactive|laron13 has 20 seconds left.\n|inactive|inXuman has 20 seconds left.\n|inactive|laron13 has 15 seconds left.\n|inactive|inXuman has 15 seconds left.\n|\n|t:|1746147061\n|-terastallize|p2a: Calyrex|Fire\n|move|p1b: Iron Valiant|Protect|p1b: Iron Valiant\n|-singleturn|p1b: Iron Valiant|Protect\n|move|p2b: Farigiraf|Psychic|p1b: Iron Valiant\n|-activate|p1b: Iron Valiant|move: Protect\n|move|p2a: Calyrex|High Horsepower|p1a: Zamazenta\n|-supereffective|p1a: Zamazenta\n|-damage|p1a: Zamazenta|65/100\n|move|p1a: Zamazenta|Body Press|p2a: Calyrex\n|-damage|p2a: Calyrex|32/100\n|\n|upkeep\n|turn|3\n|inactive|laron13 has 30 seconds left.\n|\n|t:|1746147094\n|move|p2b: Farigiraf|Psychic|p1b: Iron Valiant\n|-supereffective|p1b: Iron Valiant\n|-damage|p1b: Iron Valiant|0 fnt\n|faint|p1b: Iron Valiant\n|-end|p1b: Iron Valiant|Quark Drive|[silent]\n|move|p2a: Calyrex|Glacial Lance|p1a: Zamazenta\n|-resisted|p1a: Zamazenta\n|-damage|p1a: Zamazenta|49/100\n|move|p1a: Zamazenta|Body Press|p2a: Calyrex\n|-damage|p2a: Calyrex|0 fnt\n|faint|p2a: Calyrex\n|\n|upkeep\n|inactive|inXuman has 30 seconds left.\n|inactive|inXuman has 20 seconds left.\n|\n|t:|1746147130\n|switch|p2a: Volcarona|Volcarona, L50, M|100/100\n|switch|p1b: Rillaboom|Rillaboom, L50, M|100/100\n|-fieldstart|move: Grassy Terrain|[from] ability: Grassy Surge|[of] p1b: Rillaboom\n|turn|4\n|\n|t:|1746147154\n|move|p2b: Farigiraf|Helping Hand|p2a: Volcarona\n|-singleturn|p2a: Volcarona|Helping Hand|[of] p2b: Farigiraf\n|move|p1a: Zamazenta|Protect|p1a: Zamazenta\n|-singleturn|p1a: Zamazenta|Protect\n|move|p1b: Rillaboom|U-turn|p2b: Farigiraf\n|-supereffective|p2b: Farigiraf\n|-damage|p2b: Farigiraf|76/100\n|\n|t:|1746147161\n|switch|p1b: Giratina|Giratina-Origin, L50|100/100|[from] U-turn\n|move|p2a: Volcarona|Fiery Dance|p1b: Giratina\n|-resisted|p1b: Giratina\n|-damage|p1b: Giratina|83/100\n|-boost|p2a: Volcarona|spa|1\n|\n|-heal|p2b: Farigiraf|82/100|[from] Grassy Terrain\n|-heal|p1a: Zamazenta|56/100|[from] Grassy Terrain\n|upkeep\n|turn|5\n|inactive|laron13 has 30 seconds left.\n|inactive|laron13 has 20 seconds left.\n|inactive|laron13 has 15 seconds left.\n|inactive|laron13 has 10 seconds left.\n|inactive|laron13 has 5 seconds left.\n|\n|t:|1746147213\n|-terastallize|p1a: Zamazenta|Dragon\n|move|p2b: Farigiraf|Foul Play|p1b: Giratina\n|-supereffective|p1b: Giratina\n|-damage|p1b: Giratina|31/100\n|move|p1b: Giratina|Poltergeist|p2a: Volcarona\n|-activate|p2a: Volcarona|move: Poltergeist|Rocky Helmet\n|-damage|p2a: Volcarona|41/100\n|move|p2a: Volcarona|Fiery Dance|p1a: Zamazenta\n|-resisted|p1a: Zamazenta\n|-damage|p1a: Zamazenta|36/100\n|-boost|p2a: Volcarona|spa|1\n|move|p1a: Zamazenta|Body Press|p2b: Farigiraf\n|-damage|p2b: Farigiraf|50/100\n|\n|-heal|p2b: Farigiraf|56/100|[from] Grassy Terrain\n|-heal|p2a: Volcarona|47/100|[from] Grassy Terrain\n|-heal|p1a: Zamazenta|43/100|[from] Grassy Terrain\n|-fieldend|move: Trick Room\n|upkeep\n|turn|6\n|inactive|inXuman has 30 seconds left.\n|inactive|inXuman has 20 seconds left.\n|inactive|inXuman has 15 seconds left.\n|inactive|inXuman has 10 seconds left.\n|inactive|inXuman has 5 seconds left.\n|\n|t:|1746147268\n|move|p1a: Zamazenta|Body Press|p2b: Farigiraf\n|-damage|p2b: Farigiraf|28/100\n|move|p2a: Volcarona|Tailwind|p2a: Volcarona\n|-sidestart|p2: inXuman|move: Tailwind\n|move|p2b: Farigiraf|Psychic|p1a: Zamazenta\n|-damage|p1a: Zamazenta|19/100\n|move|p1b: Giratina|Dragon Claw|p2b: Farigiraf\n|-damage|p2b: Farigiraf|0 fnt\n|faint|p2b: Farigiraf\n|\n|-heal|p2a: Volcarona|54/100|[from] Grassy Terrain\n|-heal|p1a: Zamazenta|25/100|[from] Grassy Terrain\n|upkeep\n|\n|t:|1746147275\n|switch|p2b: Miraidon|Miraidon, L50|100/100\n|-fieldstart|move: Electric Terrain|[from] ability: Hadron Engine|[of] p2b: Miraidon\n|turn|7\n|inactive|laron13 has 30 seconds left.\n|inactive|laron13 has 20 seconds left.\n|inactive|laron13 has 15 seconds left.\n|\n|t:|1746147316\n|switch|p1b: Rillaboom|Rillaboom, L50, M|100/100\n|-fieldstart|move: Grassy Terrain|[from] ability: Grassy Surge|[of] p1b: Rillaboom\n|move|p1a: Zamazenta|Protect|p1a: Zamazenta\n|-singleturn|p1a: Zamazenta|Protect\n|move|p2b: Miraidon|Electro Drift|p1b: Rillaboom\n|-resisted|p1b: Rillaboom\n|-damage|p1b: Rillaboom|72/100\n|move|p2a: Volcarona|Fiery Dance|p1a: Zamazenta\n|-activate|p1a: Zamazenta|move: Protect\n|\n|-heal|p2a: Volcarona|60/100|[from] Grassy Terrain\n|-heal|p1a: Zamazenta|32/100|[from] Grassy Terrain\n|-heal|p1b: Rillaboom|78/100|[from] Grassy Terrain\n|upkeep\n|turn|8\n|\n|t:|1746147341\n|move|p1b: Rillaboom|Fake Out|p2a: Volcarona\n|-damage|p2a: Volcarona|47/100\n|-damage|p1b: Rillaboom|62/100|[from] item: Rocky Helmet|[of] p2a: Volcarona\n|move|p2b: Miraidon|Electro Drift|p1a: Zamazenta\n|-resisted|p1a: Zamazenta\n|-damage|p1a: Zamazenta|6/100\n|cant|p2a: Volcarona|flinch\n|move|p1a: Zamazenta|Body Press|p2b: Miraidon\n|-damage|p2b: Miraidon|46/100\n|\n|-heal|p2b: Miraidon|52/100|[from] Grassy Terrain\n|-heal|p2a: Volcarona|54/100|[from] Grassy Terrain\n|-heal|p1a: Zamazenta|12/100|[from] Grassy Terrain\n|-heal|p1b: Rillaboom|68/100|[from] Grassy Terrain\n|upkeep\n|turn|9\n|inactive|laron13 has 30 seconds left.\n|inactive|laron13 has 20 seconds left.\n|\n|t:|1746147379\n|move|p1a: Zamazenta|Protect|p1a: Zamazenta\n|-singleturn|p1a: Zamazenta|Protect\n|move|p1b: Rillaboom|Grassy Glide|p2b: Miraidon\n|-resisted|p2b: Miraidon\n|-damage|p2b: Miraidon|33/100\n|move|p2b: Miraidon|Electro Drift|p1a: Zamazenta\n|-activate|p1a: Zamazenta|move: Protect\n|move|p2a: Volcarona|Fiery Dance|p1b: Rillaboom\n|-supereffective|p1b: Rillaboom\n|-damage|p1b: Rillaboom|0 fnt\n|-boost|p2a: Volcarona|spa|1\n|faint|p1b: Rillaboom\n|\n|-heal|p2b: Miraidon|40/100|[from] Grassy Terrain\n|-heal|p2a: Volcarona|60/100|[from] Grassy Terrain\n|-heal|p1a: Zamazenta|18/100|[from] Grassy Terrain\n|-sideend|p2: inXuman|move: Tailwind\n|upkeep\n|inactive|laron13 has 30 seconds left.\n|\n|t:|1746147413\n|switch|p1b: Giratina|Giratina-Origin, L50|31/100\n|turn|10\n|inactive|laron13 has 30 seconds left.\n|\n|t:|1746147446\n|move|p2b: Miraidon|Electro Drift|p1b: Giratina\n|-resisted|p1b: Giratina\n|-damage|p1b: Giratina|1/100\n|move|p1a: Zamazenta|Body Press|p2a: Volcarona\n|-resisted|p2a: Volcarona\n|-damage|p2a: Volcarona|36/100\n|-damage|p1a: Zamazenta|2/100|[from] item: Rocky Helmet|[of] p2a: Volcarona\n|-status|p1a: Zamazenta|brn|[from] ability: Flame Body|[of] p2a: Volcarona\n|move|p2a: Volcarona|Fiery Dance|p1a: Zamazenta\n|-resisted|p1a: Zamazenta\n|-damage|p1a: Zamazenta|0 fnt\n|-boost|p2a: Volcarona|spa|1\n|faint|p1a: Zamazenta\n|move|p1b: Giratina|Dragon Claw|p2b: Miraidon\n|-supereffective|p2b: Miraidon\n|-damage|p2b: Miraidon|0 fnt\n|faint|p2b: Miraidon\n|\n|-heal|p2a: Volcarona|43/100|[from] Grassy Terrain\n|upkeep\n|turn|11\n|inactive|laron13 has 30 seconds left.\n|\n|t:|1746147473\n|move|p1b: Giratina|Shadow Sneak|p2a: Volcarona\n|-damage|p2a: Volcarona|18/100\n|-damage|p1b: Giratina|0 fnt|[from] item: Rocky Helmet|[of] p2a: Volcarona\n|faint|p1b: Giratina\n|\n|win|inXuman\n|inactive|laron13 has 25 seconds left this turn.\n|raw|laron13's rating: 1148 &rarr; <strong>1121</strong><br />(-27 for losing)\n|raw|inXuman's rating: 1125 &rarr; <strong>1152</strong><br />(+27 for winning)\n", "uploadtime": 1746147473, "views": 10, "formatid": "gen9vgc2025regibo3", "rating": 1121, "private": 0, "password": null}