{"id": "gen9vgc2025regibo3-2353856601", "format": "[Gen 9] VGC 2025 Reg I (Bo3)", "players": ["calm and horny", "FerdiVGC"], "log": "|j|\u2606calm and horny\n|j|\u2606FerdiVGC\n|html|<table width=\"100%\"><tr><td align=\"left\">calm and horny</td><td align=\"right\">FerdiVGC</tr><tr><td align=\"left\"><i class=\"fa fa-circle\"></i> <i class=\"fa fa-circle-o\"></i> </td><td align=\"right\"><i class=\"fa fa-circle-o\"></i> <i class=\"fa fa-circle-o\"></i> </tr></table>\n|uhtml|bestof|<h2><strong>Game 2</strong> of <a href=\"/game-bestof3-gen9vgc2025regibo3-2353855000\">a best-of-3</a></h2>\n|t:|1746011048\n|gametype|doubles\n|player|p1|calm and horny|erika|1153\n|player|p2|FerdiVGC|169|1235\n|teamsize|p1|6\n|teamsize|p2|6\n|gen|9\n|tier|[Gen 9] VGC 2025 Reg I (Bo3)\n|rated|\n|rule|Species Clause: Limit one of each Pok\u00e9mon\n|rule|Item Clause: Limit 1 of each item\n|clearpoke\n|poke|p1|Necrozma-Dawn-Wings, L50|\n|poke|p1|Calyrex-Ice, L50|\n|poke|p1|Indeedee-F, L50, F|\n|poke|p1|Torkoal, L50, F|\n|poke|p1|Lilligant-Hisui, L50, F|\n|poke|p1|Urshifu-*, L50, M|\n|poke|p2|Dondozo, L50, F|\n|poke|p2|Tatsugiri, L50, M|\n|poke|p2|Miraidon, L50|\n|poke|p2|Chi-Yu, L50|\n|poke|p2|Iron Bundle, L50|\n|poke|p2|Koraidon, L50|\n|teampreview|4\n|showteam|p1|Necrozma-Dawn-Wings||PowerHerb|PrismArmor|ExpandingForce,MeteorBeam,MoongeistBeam,TrickRoom||||||50|,,,,,Fairy]Calyrex-Ice||ClearAmulet|AsOneGlastrier|GlacialLance,HighHorsepower,TrickRoom,Imprison||||||50|,,,,,Fire]Indeedee-F||SafetyGoggles|PsychicSurge|FollowMe,Psychic,TrickRoom,HelpingHand|||F|||50|,,,,,Fairy]Torkoal||ChoiceSpecs|Drought|Eruption,ClearSmog,WeatherBall,EarthPower|||F|||50|,,,,,Fire]Lilligant-Hisui||FocusSash|Chlorophyll|AfterYou,CloseCombat,SleepPowder,SolarBlade|||F|||50|,,,,,Ghost]Urshifu||ChoiceBand|UnseenFist|WickedBlow,SuckerPunch,CloseCombat,IronHead|||M|||50|,,,,,Ghost\n|showteam|p2|Dondozo||Leftovers|Unaware|WaveCrash,OrderUp,Earthquake,Protect|||F|||50|,,,,,Grass]Tatsugiri||WideLens|Commander|DracoMeteor,MuddyWater,Taunt,Protect|||M|||50|,,,,,Water]Miraidon||LifeOrb|HadronEngine|ElectroDrift,VoltSwitch,DracoMeteor,Protect||||||50|,,,,,Bug]Chi-Yu||ChoiceScarf|BeadsofRuin|Overheat,HeatWave,DarkPulse,Snarl||||||50|,,,,,Ghost]Iron Bundle||FocusSash|QuarkDrive|FreezeDry,IcyWind,Encore,Protect||||||50|,,,,,Ghost]Koraidon||ClearAmulet|OrichalcumPulse|CollisionCourse,FlareBlitz,FlameCharge,Protect||||||50|,,,,,Fire\n|\n|t:|1746011058\n|start\n|switch|p1a: yyy891|Necrozma-Dawn-Wings, L50|100/100\n|switch|p1b: Indeedee|Indeedee-F, L50, F|100/100\n|switch|p2a: Chi-Yu|Chi-Yu, L50|100/100\n|switch|p2b: Koraidon|Koraidon, L50|100/100\n|-ability|p2a: Chi-Yu|Beads of Ruin\n|-weather|SunnyDay|[from] ability: Orichalcum Pulse|[of] p2b: Koraidon\n|-activate|p2b: Koraidon|Orichalcum Pulse|[source]\n|-fieldstart|move: Psychic Terrain|[from] ability: Psychic Surge|[of] p1b: Indeedee\n|turn|1\n|inactive|Battle timer is ON: inactive players will automatically lose when time's up. (requested by calm and horny)\n|\n|t:|1746011079\n|switch|p2b: Dondozo|Dondozo, L50, F|100/100\n|-terastallize|p1a: yyy891|Fairy\n|move|p2a: Chi-Yu|Heat Wave|p1b: Indeedee|[spread] p1a,p1b\n|-damage|p1a: yyy891|46/100\n|-damage|p1b: Indeedee|29/100\n|move|p1a: yyy891|Meteor Beam||[still]\n|-prepare|p1a: yyy891|Meteor Beam\n|-boost|p1a: yyy891|spa|1\n|-enditem|p1a: yyy891|Power Herb\n|-anim|p1a: yyy891|Meteor Beam|p2a: Chi-Yu\n|-supereffective|p2a: Chi-Yu\n|-damage|p2a: Chi-Yu|0 fnt\n|faint|p2a: Chi-Yu\n|move|p1b: Indeedee|Trick Room|p1b: Indeedee\n|-fieldstart|move: Trick Room|[of] p1b: Indeedee\n|\n|-weather|SunnyDay|[upkeep]\n|upkeep\n|\n|t:|1746011092\n|switch|p2a: Koraidon|Koraidon, L50|100/100\n|-activate|p2a: Koraidon|ability: Orichalcum Pulse\n|turn|2\n|\n|t:|1746011105\n|switch|p2a: Tatsugiri|Tatsugiri, L50, M|100/100\n|-activate|p2a: Tatsugiri|ability: Commander|[of] p2b: Dondozo\n|-boost|p2b: Dondozo|atk|2\n|-boost|p2b: Dondozo|spa|2\n|-boost|p2b: Dondozo|spe|2\n|-boost|p2b: Dondozo|def|2\n|-boost|p2b: Dondozo|spd|2\n|move|p1b: Indeedee|Follow Me|p1b: Indeedee\n|-singleturn|p1b: Indeedee|move: Follow Me\n|move|p1a: yyy891|Expanding Force|p2a: Tatsugiri|[spread] p2b\n|-miss|p1a: yyy891|p2a: Tatsugiri\n|-damage|p2b: Dondozo|67/100\n|move|p2b: Dondozo|Earthquake|p1a: yyy891|[spread] p1a,p1b\n|-miss|p2b: Dondozo|p2a: Tatsugiri\n|-damage|p1a: yyy891|15/100\n|-damage|p1b: Indeedee|0 fnt\n|faint|p1b: Indeedee\n|\n|-weather|SunnyDay|[upkeep]\n|-heal|p2b: Dondozo|73/100|[from] item: Leftovers\n|upkeep\n|\n|t:|1746011119\n|switch|p1b: roomtrash6|Torkoal, L50, F|100/100\n|turn|3\n|\n|t:|1746011130\n|move|p2b: Dondozo|Protect|p2b: Dondozo\n|-singleturn|p2b: Dondozo|Protect\n|move|p1b: roomtrash6|Clear Smog|p2b: Dondozo\n|-activate|p2b: Dondozo|move: Protect\n|move|p1a: yyy891|Expanding Force|p2b: Dondozo|[spread] \n|-miss|p1a: yyy891|p2a: Tatsugiri\n|-activate|p2b: Dondozo|move: Protect\n|\n|-weather|SunnyDay|[upkeep]\n|-heal|p2b: Dondozo|79/100|[from] item: Leftovers\n|upkeep\n|turn|4\n|\n|t:|1746011138\n|move|p1b: roomtrash6|Clear Smog|p2b: Dondozo\n|-crit|p2b: Dondozo\n|-damage|p2b: Dondozo|48/100\n|-clearboost|p2b: Dondozo\n|move|p2b: Dondozo|Earthquake|p1a: yyy891|[spread] p1a,p1b\n|-miss|p2b: Dondozo|p2a: Tatsugiri\n|-supereffective|p1b: roomtrash6\n|-damage|p1a: yyy891|0 fnt\n|-damage|p1b: roomtrash6|65/100\n|faint|p1a: yyy891\n|\n|-weather|SunnyDay|[upkeep]\n|-heal|p2b: Dondozo|54/100|[from] item: Leftovers\n|upkeep\n|\n|t:|1746011145\n|switch|p1a: cybernene|Calyrex-Ice, L50|100/100\n|-ability|p1a: cybernene|As One\n|-ability|p1a: cybernene|Unnerve\n|turn|5\n|\n|t:|1746011159\n|move|p1b: roomtrash6|Clear Smog|p2b: Dondozo\n|-damage|p2b: Dondozo|33/100\n|-clearboost|p2b: Dondozo\n|move|p1a: cybernene|Glacial Lance|p2b: Dondozo|[spread] p2b\n|-miss|p1a: cybernene|p2a: Tatsugiri\n|-resisted|p2b: Dondozo\n|-damage|p2b: Dondozo|15/100\n|move|p2b: Dondozo|Earthquake|p1a: cybernene|[spread] p1a,p1b\n|-miss|p2b: Dondozo|p2a: Tatsugiri\n|-supereffective|p1b: roomtrash6\n|-damage|p1a: cybernene|89/100\n|-damage|p1b: roomtrash6|35/100\n|\n|-weather|none\n|-heal|p2b: Dondozo|21/100|[from] item: Leftovers\n|-fieldend|move: Trick Room\n|-fieldend|move: Psychic Terrain\n|upkeep\n|turn|6\n|\n|t:|1746011178\n|move|p2b: Dondozo|Wave Crash|p1b: roomtrash6\n|-supereffective|p1b: roomtrash6\n|-damage|p1b: roomtrash6|0 fnt\n|faint|p1b: roomtrash6\n|-damage|p2b: Dondozo|13/100|[from] Recoil\n|move|p1a: cybernene|Glacial Lance|p2b: Dondozo|[spread] p2b\n|-miss|p1a: cybernene|p2a: Tatsugiri\n|-resisted|p2b: Dondozo\n|-damage|p2b: Dondozo|0 fnt\n|faint|p2b: Dondozo\n|-ability|p1a: cybernene|Chilling Neigh|boost\n|-boost|p1a: cybernene|atk|1\n|\n|upkeep\n|\n|t:|1746011181\n|switch|p2b: Koraidon|Koraidon, L50|100/100\n|-weather|SunnyDay|[from] ability: Orichalcum Pulse|[of] p2b: Koraidon\n|-activate|p2b: Koraidon|Orichalcum Pulse|[source]\n|turn|7\n|-message|calm and horny forfeited.\n|raw|calm and horny's rating: 1153 &rarr; <strong>1134</strong><br />(-19 for losing)\n|raw|FerdiVGC's rating: 1235 &rarr; <strong>1254</strong><br />(+19 for winning)\n|\n|win|FerdiVGC\n|l|\u2606calm and horny\n|player|p1|\n|l|\u2606FerdiVGC\n|player|p2|\n", "uploadtime": 1746011517, "views": 13, "formatid": "gen9vgc2025regibo3", "rating": 1134, "private": 0, "password": null}