{"id": "gen9vgc2025regibo3-2353824451", "format": "[Gen 9] VGC 2025 Reg I (Bo3)", "players": ["BencessoMerdolin2", "ajax24444"], "log": "|j|\u2606BencessoMerdolin2\n|j|\u2606ajax24444\n|html|<table width=\"100%\"><tr><td align=\"left\">BencessoMerdolin2</td><td align=\"right\">ajax24444</tr><tr><td align=\"left\"><i class=\"fa fa-circle-o\"></i> <i class=\"fa fa-circle-o\"></i> </td><td align=\"right\"><i class=\"fa fa-circle-o\"></i> <i class=\"fa fa-circle-o\"></i> </tr></table>\n|uhtml|bestof|<h2><strong>Game 1</strong> of <a href=\"/game-bestof3-gen9vgc2025regibo3-2353824448\">a best-of-3</a></h2>\n|t:|1746006099\n|gametype|doubles\n|player|p1|BencessoMerdolin2|169|1000\n|player|p2|ajax24444|170|1071\n|teamsize|p1|6\n|teamsize|p2|6\n|gen|9\n|tier|[Gen 9] VGC 2025 Reg I (Bo3)\n|rated|\n|rule|Species Clause: Limit one of each Pok\u00e9mon\n|rule|Item Clause: Limit 1 of each item\n|clearpoke\n|poke|p1|Ho-Oh, L50|\n|poke|p1|Landorus, L50, M|\n|poke|p1|Grimmsnarl, L50, M|\n|poke|p1|Iron Hands, L50|\n|poke|p1|Miraidon, L50|\n|poke|p1|Ditto, L50|\n|poke|p2|Calyrex-Shadow, L50|\n|poke|p2|Zamazenta-*, L50|\n|poke|p2|Urshifu-*, L50, M|\n|poke|p2|Farigiraf, L50, M|\n|poke|p2|Rillaboom, L50, M|\n|poke|p2|Incineroar, L50, M|\n|teampreview|4\n|showteam|p1|Ho-Oh||ClearAmulet|Regenerator|SacredFire,Tailwind,BraveBird,Protect||||||50|,,,,,Fairy]Landorus||LifeOrb|SheerForce|EarthPower,SandsearStorm,SludgeBomb,Protect|||M|||50|,,,,,Water]Grimmsnarl||LightClay|Prankster|SpiritBreak,Reflect,LightScreen,ThunderWave|||M|||50|,,,,,Ghost]Iron Hands||AssaultVest|QuarkDrive|LowKick,DrainPunch,FakeOut,WildCharge||||||50|,,,,,Bug]Miraidon||ChoiceSpecs|HadronEngine|ElectroDrift,DracoMeteor,VoltSwitch,DazzlingGleam||||||50|,,,,,Fairy]Ditto||FocusSash|Imposter|Transform||||||50|,,,,,Normal\n|showteam|p2|Calyrex-Shadow||FocusSash|AsOneSpectrier|AstralBarrage,Psychic,Encore,Protect||||||50|,,,,,Ghost]Zamazenta-Crowned||RustedShield|DauntlessShield|BodyPress,HeavySlam,WideGuard,Protect||||||50|,,,,,Fire]Urshifu-Rapid-Strike||ChoiceScarf|UnseenFist|SurgingStrikes,CloseCombat,AquaJet,Uturn|||M|||50|,,,,,Stellar]Farigiraf||RockyHelmet|ArmorTail|TrickRoom,HelpingHand,Psychic,Protect|||M|||50|,,,,,Dragon]Rillaboom||AssaultVest|GrassySurge|FakeOut,GrassyGlide,WoodHammer,Uturn|||M|||50|,,,,,Fire]Incineroar||SafetyGoggles|Intimidate|FakeOut,KnockOff,WillOWisp,PartingShot|||M|||50|,,,,,Fire\n|inactive|Battle timer is ON: inactive players will automatically lose when time's up. (requested by ajax24444)\n|inactive|BencessoMerdolin2 has 60 seconds left.\n|inactive|ajax24444 has 60 seconds left.\n|\n|t:|1746006151\n|start\n|switch|p1a: Ho-Oh|Ho-Oh, L50|100/100\n|switch|p1b: Grimmsnarl|Grimmsnarl, L50, M|100/100\n|switch|p2a: Calyrex|Calyrex-Shadow, L50|100/100\n|switch|p2b: Farigiraf|Farigiraf, L50, M, shiny|100/100\n|-ability|p2a: Calyrex|As One\n|-ability|p2a: Calyrex|Unnerve\n|turn|1\n|inactive|BencessoMerdolin2 has 30 seconds left.\n|inactive|BencessoMerdolin2 has 20 seconds left.\n|\n|t:|1746006189\n|move|p2b: Farigiraf|Helping Hand|p2a: Calyrex\n|-singleturn|p2a: Calyrex|Helping Hand|[of] p2b: Farigiraf\n|move|p1b: Grimmsnarl|Light Screen|p1b: Grimmsnarl\n|-sidestart|p1: BencessoMerdolin2|move: Light Screen\n|move|p2a: Calyrex|Astral Barrage|p1b: Grimmsnarl|[spread] p1a,p1b\n|-resisted|p1b: Grimmsnarl\n|-damage|p1a: Ho-Oh|69/100\n|-damage|p1b: Grimmsnarl|78/100\n|move|p1a: Ho-Oh|Tailwind|p1a: Ho-Oh\n|-sidestart|p1: BencessoMerdolin2|move: Tailwind\n|\n|upkeep\n|turn|2\n|inactive|BencessoMerdolin2 has 30 seconds left.\n|inactive|ajax24444 has 30 seconds left.\n|inactive|BencessoMerdolin2 has 20 seconds left.\n|inactive|BencessoMerdolin2 has 15 seconds left.\n|inactive|BencessoMerdolin2 has 10 seconds left.\n|inactive|BencessoMerdolin2 has 5 seconds left.\n|\n|t:|1746006240\n|switch|p1b: Miraidon|Miraidon, L50|100/100\n|-fieldstart|move: Electric Terrain|[from] ability: Hadron Engine|[of] p1b: Miraidon\n|move|p2a: Calyrex|Protect|p2a: Calyrex\n|-singleturn|p2a: Calyrex|Protect\n|move|p1a: Ho-Oh|Brave Bird|p2a: Calyrex\n|-activate|p2a: Calyrex|move: Protect\n|move|p2b: Farigiraf|Trick Room|p2b: Farigiraf\n|-fieldstart|move: Trick Room|[of] p2b: Farigiraf\n|\n|upkeep\n|turn|3\n|inactive|BencessoMerdolin2 has 30 seconds left.\n|\n|t:|1746006275\n|-terastallize|p2a: Calyrex|Ghost\n|-terastallize|p1b: Miraidon|Fairy\n|move|p2b: Farigiraf|Helping Hand|p2a: Calyrex\n|-singleturn|p2a: Calyrex|Helping Hand|[of] p2b: Farigiraf\n|move|p2a: Calyrex|Astral Barrage|p1a: Ho-Oh|[spread] p1a,p1b\n|-damage|p1a: Ho-Oh|26/100\n|-damage|p1b: Miraidon|30/100\n|move|p1a: Ho-Oh|Brave Bird|p2a: Calyrex\n|-damage|p2a: Calyrex|15/100\n|-damage|p1a: Ho-Oh|2/100|[from] Recoil\n|move|p1b: Miraidon|Electro Drift|p2a: Calyrex\n|-crit|p2a: Calyrex\n|-damage|p2a: Calyrex|0 fnt\n|faint|p2a: Calyrex\n|\n|upkeep\n|\n|t:|1746006294\n|switch|p2a: Rillaboom|Rillaboom, L50, M|100/100\n|-fieldstart|move: Grassy Terrain|[from] ability: Grassy Surge|[of] p2a: Rillaboom\n|turn|4\n|\n|t:|1746006307\n|switch|p1b: Ditto|Ditto, L50|100/100\n|-transform|p1b: Ditto|p2a: Rillaboom|[from] ability: Imposter\n|move|p1a: Ho-Oh|Protect|p1a: Ho-Oh\n|-singleturn|p1a: Ho-Oh|Protect\n|move|p2a: Rillaboom|Fake Out|p1a: Ho-Oh\n|-activate|p1a: Ho-Oh|move: Protect\n|move|p2b: Farigiraf|Psychic|p1b: Ditto\n|-damage|p1b: Ditto|67/100\n|\n|-heal|p1b: Ditto|73/100|[from] Grassy Terrain\n|-sideend|p1: BencessoMerdolin2|move: Tailwind\n|upkeep\n|turn|5\n|inactive|BencessoMerdolin2 has 30 seconds left.\n|\n|t:|1746006340\n|switch|p1a: Grimmsnarl|Grimmsnarl, L50, M|78/100\n|move|p2a: Rillaboom|Grassy Glide|p1a: Grimmsnarl\n|-damage|p1a: Grimmsnarl|42/100\n|move|p2b: Farigiraf|Psychic|p1b: Ditto\n|-damage|p1b: Ditto|40/100\n|-unboost|p1b: Ditto|spd|1\n|move|p1b: Ditto|Wood Hammer|p2b: Farigiraf\n|-damage|p2b: Farigiraf|31/100\n|-damage|p1b: Ditto|24/100|[from] item: Rocky Helmet|[of] p2b: Farigiraf\n|-damage|p1b: Ditto|0 fnt|[from] Recoil\n|faint|p1b: Ditto\n|\n|-heal|p2b: Farigiraf|37/100|[from] Grassy Terrain\n|-heal|p1a: Grimmsnarl|48/100|[from] Grassy Terrain\n|upkeep\n|\n|t:|1746006357\n|switch|p1b: Ho-Oh|Ho-Oh, L50|36/100\n|turn|6\n|\n|t:|1746006370\n|move|p1b: Ho-Oh|Protect|p1b: Ho-Oh\n|-singleturn|p1b: Ho-Oh|Protect\n|move|p1a: Grimmsnarl|Reflect|p1a: Grimmsnarl\n|-sidestart|p1: BencessoMerdolin2|Reflect\n|move|p2b: Farigiraf|Psychic|p1b: Ho-Oh\n|-activate|p1b: Ho-Oh|move: Protect\n|move|p2a: Rillaboom|Wood Hammer|p1a: Grimmsnarl\n|-damage|p1a: Grimmsnarl|0 fnt\n|faint|p1a: Grimmsnarl\n|-damage|p2a: Rillaboom|85/100|[from] Recoil\n|\n|-heal|p2b: Farigiraf|43/100|[from] Grassy Terrain\n|-heal|p2a: Rillaboom|91/100|[from] Grassy Terrain\n|-fieldend|move: Trick Room\n|upkeep\n|\n|t:|1746006386\n|switch|p1a: Miraidon|Miraidon, L50, tera:Fairy|30/100\n|-fieldstart|move: Electric Terrain|[from] ability: Hadron Engine|[of] p1a: Miraidon\n|turn|7\n|\n|t:|1746006406\n|move|p2b: Farigiraf|Protect|p2b: Farigiraf\n|-singleturn|p2b: Farigiraf|Protect\n|move|p1a: Miraidon|Electro Drift|p2b: Farigiraf\n|-activate|p2b: Farigiraf|move: Protect\n|move|p1b: Ho-Oh|Tailwind|p1b: Ho-Oh\n|-sidestart|p1: BencessoMerdolin2|move: Tailwind\n|move|p2a: Rillaboom|U-turn|p1a: Miraidon\n|-resisted|p1a: Miraidon\n|-damage|p1a: Miraidon|21/100\n|\n|t:|1746006417\n|switch|p2a: Zamazenta|Zamazenta-Crowned, L50|100/100|[from] U-turn\n|-ability|p2a: Zamazenta|Dauntless Shield|boost\n|-boost|p2a: Zamazenta|def|1\n|\n|upkeep\n|turn|8\n|\n|t:|1746006438\n|switch|p2b: Rillaboom|Rillaboom, L50, M|91/100\n|-fieldstart|move: Grassy Terrain|[from] ability: Grassy Surge|[of] p2b: Rillaboom\n|move|p2a: Zamazenta|Protect|p2a: Zamazenta\n|-singleturn|p2a: Zamazenta|Protect\n|move|p1a: Miraidon|Electro Drift|p2a: Zamazenta\n|-activate|p2a: Zamazenta|move: Protect\n|move|p1b: Ho-Oh|Sacred Fire|p2b: Rillaboom\n|-supereffective|p2b: Rillaboom\n|-damage|p2b: Rillaboom|0 fnt\n|faint|p2b: Rillaboom\n|\n|-heal|p1a: Miraidon|28/100|[from] Grassy Terrain\n|-sideend|p1: BencessoMerdolin2|move: Light Screen\n|upkeep\n|\n|t:|1746006450\n|switch|p2b: Farigiraf|Farigiraf, L50, M, shiny|43/100\n|turn|9\n|\n|t:|1746006464\n|move|p1a: Miraidon|Electro Drift|p2a: Zamazenta\n|-damage|p2a: Zamazenta|31/100\n|move|p1b: Ho-Oh|Sacred Fire|p2a: Zamazenta\n|-supereffective|p2a: Zamazenta\n|-damage|p2a: Zamazenta|0 fnt\n|faint|p2a: Zamazenta\n|move|p2b: Farigiraf|Psychic|p1b: Ho-Oh\n|-damage|p1b: Ho-Oh|14/100\n|\n|-heal|p1a: Miraidon|34/100|[from] Grassy Terrain\n|-heal|p2b: Farigiraf|49/100|[from] Grassy Terrain\n|upkeep\n|turn|10\n|\n|t:|1746006479\n|move|p2b: Farigiraf|Protect|p2b: Farigiraf\n|-singleturn|p2b: Farigiraf|Protect\n|move|p1a: Miraidon|Electro Drift|p2b: Farigiraf\n|-activate|p2b: Farigiraf|move: Protect\n|move|p1b: Ho-Oh|Sacred Fire|p2b: Farigiraf\n|-activate|p2b: Farigiraf|move: Protect\n|\n|-heal|p1a: Miraidon|40/100|[from] Grassy Terrain\n|-heal|p2b: Farigiraf|55/100|[from] Grassy Terrain\n|-sideend|p1: BencessoMerdolin2|move: Tailwind\n|upkeep\n|turn|11\n|-message|ajax24444 forfeited.\n|raw|BencessoMerdolin2's rating: 1000 &rarr; <strong>1048</strong><br />(+48 for winning)\n|raw|ajax24444's rating: 1071 &rarr; <strong>1046</strong><br />(-25 for losing)\n|\n|win|BencessoMerdolin2\n|l|\u2606ajax24444\n|player|p2|\n|l|\u2606BencessoMerdolin2\n|player|p1|\n|j|\u2606BencessoMerdolin2\n|player|p1|BencessoMerdolin2|169|\n|l|\u2606BencessoMerdolin2\n|player|p1|\n", "uploadtime": 1746006514, "views": 30, "formatid": "gen9vgc2025regibo3", "rating": 1046, "private": 0, "password": null}