{"id": "gen9vgc2025regibo3-2355091740", "format": "[Gen 9] VGC 2025 Reg I (Bo3)", "players": ["kira0vexel", "Fross039"], "log": "|j|\u2606kira0vexel\n|j|\u2606Fross039\n|html|<table width=\"100%\"><tr><td align=\"left\">kira0vexel</td><td align=\"right\">Fross039</tr><tr><td align=\"left\"><i class=\"fa fa-circle-o\"></i> <i class=\"fa fa-circle-o\"></i> </td><td align=\"right\"><i class=\"fa fa-circle-o\"></i> <i class=\"fa fa-circle-o\"></i> </tr></table>\n|uhtml|bestof|<h2><strong>Game 1</strong> of <a href=\"/game-bestof3-gen9vgc2025regibo3-2355091739\">a best-of-3</a></h2>\n|t:|1746151395\n|gametype|doubles\n|player|p1|kira0vexel|koga|\n|player|p2|Fross039|grimsley|\n|teamsize|p1|6\n|teamsize|p2|6\n|gen|9\n|tier|[Gen 9] VGC 2025 Reg I (Bo3)\n|rule|Species Clause: Limit one of each Pok\u00e9mon\n|rule|Item Clause: Limit 1 of each item\n|clearpoke\n|poke|p1|Rhydon, L50, F|\n|poke|p1|Probopass, L50, M|\n|poke|p1|Tyranitar, L50, F|\n|poke|p1|Arcanine-Hisui, L50, F|\n|poke|p1|Kleavor, L50, F|\n|poke|p1|Garganacl, L50, M|\n|poke|p2|Gallade, L50, M|\n|poke|p2|Indeedee-F, L50, F|\n|poke|p2|Armarouge, L50, M|\n|poke|p2|Farigiraf, L50, F|\n|poke|p2|Hatterene, L50, F|\n|poke|p2|Metagross, L50|\n|teampreview|4\n|showteam|p1|Rhydon||Eviolite|Reckless|DrillRun,Earthquake,StoneEdge,Avalanche|||F|||50|,,,,,Ground]Probopass||FocusSash|SandForce|EarthPower,FlashCannon,SteelBeam,Thunderbolt|||M|||50|,,,,,Rock]Tyranitar||SmoothRock|SandStream|FoulPlay,IcePunch,KnockOff,Bulldoze|||F|||50|,,,,,Ice]Arcanine-Hisui||AssaultVest|RockHead|ExtremeSpeed,DoubleEdge,Bulldoze,RockBlast|||F|||50|,,,,,Fire]Kleavor||LifeOrb|Sharpness|StoneAxe,BrickBreak,Acrobatics,Facade|||F|||50|,,,,,Bug]Garganacl||Leftovers|PurifyingSalt|BrickBreak,Bulldoze,HeavySlam,SaltCure|||M|||50|,,,,,Rock\n|showteam|p2|Gallade||LifeOrb|Sharpness|AquaCutter,PsychoCut,SacredSword,Agility|||M|||50|,,,,,Psychic]Indeedee-F||Leftovers|PsychicSurge|FakeOut,HelpingHand,FollowMe,HyperVoice|||F|||50|,,,,,Steel]Armarouge||AssaultVest|WeakArmor|ScorchingSands,ArmorCannon,ExpandingForce,FlashCannon|||M|||50|,,,,,Fire]Farigiraf||SitrusBerry|CudChew|HyperVoice,ExpandingForce,TrickRoom,DazzlingGleam|||F|||50|,,,,,Normal]Hatterene||ChoiceSpecs|MagicBounce|DrainingKiss,ExpandingForce,MysticalFire,ShadowBall|||F|||50|,,,,,Psychic]Metagross||RockyHelmet|ClearBody|BulletPunch,KnockOff,ZenHeadbutt,MeteorMash||||||50|,,,,,Steel\n|\n|t:|1746151418\n|start\n|switch|p1a: Minato|Probopass, L50, M|100/100\n|switch|p1b: Tyranitar|Tyranitar, L50, F|100/100\n|switch|p2a: Indeedee|Indeedee-F, L50, F|100/100\n|switch|p2b: Gallade|Gallade, L50, M|100/100\n|-fieldstart|move: Psychic Terrain|[from] ability: Psychic Surge|[of] p2a: Indeedee\n|-weather|Sandstorm|[from] ability: Sand Stream|[of] p1b: Tyranitar\n|turn|1\n|\n|t:|1746151452\n|move|p2a: Indeedee|Fake Out|p1b: Tyranitar\n|-activate|p1b: Tyranitar|move: Psychic Terrain\n|move|p2b: Gallade|Agility|p2b: Gallade\n|-boost|p2b: Gallade|spe|2\n|move|p1b: Tyranitar|Knock Off|p2a: Indeedee\n|-supereffective|p2a: Indeedee\n|-damage|p2a: Indeedee|0 fnt\n|-enditem|p2a: Indeedee|Leftovers|[from] move: Knock Off|[of] p1b: Tyranitar\n|faint|p2a: Indeedee\n|move|p1a: Minato|Earth Power|p2b: Gallade\n|-damage|p2b: Gallade|64/100\n|\n|-weather|Sandstorm|[upkeep]\n|-damage|p2b: Gallade|59/100|[from] Sandstorm\n|upkeep\n|\n|t:|1746151472\n|switch|p2a: Metagross|Metagross, L50|100/100\n|turn|2\n|\n|t:|1746151491\n|move|p2b: Gallade|Sacred Sword|p1b: Tyranitar\n|-supereffective|p1b: Tyranitar\n|-damage|p1b: Tyranitar|0 fnt\n|faint|p1b: Tyranitar\n|-damage|p2b: Gallade|49/100|[from] item: Life Orb\n|move|p2a: Metagross|Meteor Mash|p1a: Minato\n|-damage|p1a: Minato|66/100\n|move|p1a: Minato|Earth Power|p2a: Metagross\n|-supereffective|p2a: Metagross\n|-damage|p2a: Metagross|51/100\n|\n|-weather|Sandstorm|[upkeep]\n|-damage|p2b: Gallade|43/100|[from] Sandstorm\n|upkeep\n|\n|t:|1746151504\n|switch|p1b: Garganacl|Garganacl, L50, M, shiny|100/100\n|turn|3\n|\n|t:|1746151518\n|move|p2b: Gallade|Psycho Cut|p1a: Minato\n|-resisted|p1a: Minato\n|-damage|p1a: Minato|27/100\n|-damage|p2b: Gallade|33/100|[from] item: Life Orb\n|move|p2a: Metagross|Meteor Mash|p1b: Garganacl\n|-supereffective|p1b: Garganacl\n|-damage|p1b: Garganacl|39/100\n|move|p1a: Minato|Thunderbolt|p2b: Gallade\n|-damage|p2b: Gallade|5/100\n|move|p1b: Garganacl|Salt Cure|p2a: Metagross\n|-resisted|p2a: Metagross\n|-damage|p2a: Metagross|43/100\n|-start|p2a: Metagross|Salt Cure\n|\n|-weather|Sandstorm|[upkeep]\n|-damage|p2b: Gallade|0 fnt|[from] Sandstorm\n|faint|p2b: Gallade\n|-heal|p1b: Garganacl|44/100|[from] item: Leftovers\n|-damage|p2a: Metagross|18/100|[from] Salt Cure\n|upkeep\n|\n|t:|1746151521\n|switch|p2b: Farigiraf|Farigiraf, L50, F|100/100\n|turn|4\n|\n|t:|1746151548\n|move|p2a: Metagross|Meteor Mash|p1b: Garganacl|[miss]\n|-miss|p2a: Metagross|p1b: Garganacl\n|move|p2b: Farigiraf|Expanding Force|p1b: Garganacl|[spread] p1a,p1b\n|-resisted|p1a: Minato\n|-damage|p1a: Minato|11/100\n|-damage|p1b: Garganacl|9/100\n|move|p1a: Minato|Steel Beam|p2b: Farigiraf\n|-damage|p2b: Farigiraf|30/100\n|-damage|p1a: Minato|0 fnt|[from] steelbeam\n|faint|p1a: Minato\n|-enditem|p2b: Farigiraf|Sitrus Berry|[eat]\n|-heal|p2b: Farigiraf|55/100|[from] item: Sitrus Berry\n|move|p1b: Garganacl|Bulldoze|p2a: Metagross|[spread] p2a,p2b\n|-supereffective|p2a: Metagross\n|-damage|p2a: Metagross|0 fnt\n|-damage|p2b: Farigiraf|41/100\n|-unboost|p2b: Farigiraf|spe|1\n|faint|p2a: Metagross\n|\n|-weather|Sandstorm|[upkeep]\n|-damage|p2b: Farigiraf|35/100|[from] Sandstorm\n|-heal|p1b: Garganacl|15/100|[from] item: Leftovers\n|upkeep\n|\n|t:|1746151567\n|switch|p1a: Kleavor|Kleavor, L50, F|100/100\n|turn|5\n|\n|t:|1746151580\n|move|p1a: Kleavor|Stone Axe|p2b: Farigiraf\n|-damage|p2b: Farigiraf|0 fnt\n|-sidestart|p2: Fross039|move: Stealth Rock\n|faint|p2b: Farigiraf\n|-damage|p1a: Kleavor|91/100|[from] item: Life Orb\n|\n|win|kira0vexel\n||Fross039 is ready for game 2.\n|l|\u2606Fross039\n|player|p2|\n||kira0vexel is ready for game 2.\n|uhtml|next|Next: <a href=\"/battle-gen9vgc2025regibo3-2355093217\"><strong>Game 2 of 3</strong></a>\n|l|\u2606kira0vexel\n|player|p1|\n", "uploadtime": 1746151975, "views": 3, "formatid": "gen9vgc2025regibo3", "rating": null, "private": 0, "password": null}