{"id": "gen9vgc2025regibo3-2355084846", "format": "[Gen 9] VGC 2025 Reg I (Bo3)", "players": ["samarazenta", "danicruz.music"], "log": "|j|\u2606samarazenta\n|j|\u2606danicruz.music\n|html|<table width=\"100%\"><tr><td align=\"left\">samarazenta</td><td align=\"right\">danicruz.music</tr><tr><td align=\"left\"><i class=\"fa fa-circle-o\"></i> <i class=\"fa fa-circle-o\"></i> </td><td align=\"right\"><i class=\"fa fa-circle-o\"></i> <i class=\"fa fa-circle-o\"></i> </tr></table>\n|uhtml|bestof|<h2><strong>Game 1</strong> of <a href=\"/game-bestof3-gen9vgc2025regibo3-2355084845\">a best-of-3</a></h2>\n|t:|1746150536\n|gametype|doubles\n|player|p1|samarazenta|170|1102\n|player|p2|danicruz.music|whitney|1129\n|teamsize|p1|6\n|teamsize|p2|6\n|gen|9\n|tier|[Gen 9] VGC 2025 Reg I (Bo3)\n|rated|\n|rule|Species Clause: Limit one of each Pok\u00e9mon\n|rule|Item Clause: Limit 1 of each item\n|clearpoke\n|poke|p1|Calyrex-Shadow, L50|\n|poke|p1|Raging Bolt, L50|\n|poke|p1|Incineroar, L50, F|\n|poke|p1|Rillaboom, L50, M|\n|poke|p1|Tornadus, L50, M|\n|poke|p1|Koraidon, L50|\n|poke|p2|Kyogre, L50|\n|poke|p2|Koraidon, L50|\n|poke|p2|Tornadus, L50, M|\n|poke|p2|Walking Wake, L50|\n|poke|p2|Charizard, L50, F|\n|poke|p2|Rotom-Heat, L50|\n|teampreview|4\n|showteam|p1|Calyrex-Shadow||FocusSash|AsOneSpectrier|AstralBarrage,Psychic,NastyPlot,Protect||||||50|,,,,,Ghost]Raging Bolt||BoosterEnergy|Protosynthesis|Thunderbolt,Thunderclap,DragonPulse,Protect||||||50|,,,,,Fairy]Incineroar||SafetyGoggles|Intimidate|FakeOut,PartingShot,KnockOff,Taunt|||F|||50|,,,,,Water]Rillaboom||AssaultVest|GrassySurge|FakeOut,Uturn,WoodHammer,GrassyGlide|||M|||50|,,,,,Water]Tornadus||CovertCloak|Prankster|Tailwind,SunnyDay,BleakwindStorm,Protect|||M|||50|,,,,,Dark]Koraidon||LifeOrb|OrichalcumPulse|FlameCharge,FlareBlitz,CloseCombat,Protect||||||50|,,,,,Fire\n|showteam|p2|Kyogre||AssaultVest|Drizzle|OriginPulse,WaterSpout,TeraBlast,Thunder||||||50|,,,,,Ground]Koraidon||LoadedDice|OrichalcumPulse|ScaleShot,CollisionCourse,Protect,FlareBlitz||||||50|,,,,,Fire]Tornadus||FocusSash|Prankster|BleakwindStorm,Tailwind,Taunt,RainDance|||M|||50|,,,,,Dark]Walking Wake||BoosterEnergy|Protosynthesis|HydroSteam,DragonPulse,AquaJet,Protect||||||50|,,,,,Water]Charizard||ChoiceSpecs|SolarPower|Hurricane,WeatherBall,SolarBeam,Flamethrower|||F|||50|,,,,,Grass]Rotom-Heat||LifeOrb|Levitate|Electroweb,Overheat,Thunder,WillOWisp||||||50|,,,,,Electric\n|inactive|Battle timer is ON: inactive players will automatically lose when time's up. (requested by danicruz.music)\n|inactive|samarazenta has 60 seconds left.\n|\n|t:|1746150580\n|start\n|switch|p1a: Calyrex|Calyrex-Shadow, L50|100/100\n|switch|p1b: Rillaboom|Rillaboom, L50, M|100/100\n|switch|p2a: Kyogre|Kyogre, L50|100/100\n|switch|p2b: Tornadus|Tornadus, L50, M|100/100\n|-ability|p1a: Calyrex|As One\n|-ability|p1a: Calyrex|Unnerve\n|-weather|RainDance|[from] ability: Drizzle|[of] p2a: Kyogre\n|-fieldstart|move: Grassy Terrain|[from] ability: Grassy Surge|[of] p1b: Rillaboom\n|turn|1\n|inactive|danicruz.music has 30 seconds left.\n|inactive|danicruz.music has 20 seconds left.\n|\n|t:|1746150615\n|move|p1b: Rillaboom|Fake Out|p2a: Kyogre\n|-damage|p2a: Kyogre|89/100\n|move|p1a: Calyrex|Nasty Plot|p1a: Calyrex\n|-boost|p1a: Calyrex|spa|2\n|move|p2b: Tornadus|Bleakwind Storm|p1b: Rillaboom|[spread] p1a,p1b\n|-supereffective|p1b: Rillaboom\n|-damage|p1a: Calyrex|67/100\n|-damage|p1b: Rillaboom|59/100\n|cant|p2a: Kyogre|flinch\n|\n|-weather|RainDance|[upkeep]\n|-heal|p1a: Calyrex|73/100|[from] Grassy Terrain\n|-heal|p2a: Kyogre|95/100|[from] Grassy Terrain\n|-heal|p1b: Rillaboom|65/100|[from] Grassy Terrain\n|upkeep\n|turn|2\n|\n|t:|1746150627\n|move|p1a: Calyrex|Protect|p1a: Calyrex\n|-singleturn|p1a: Calyrex|Protect\n|move|p2b: Tornadus|Tailwind|p2b: Tornadus\n|-sidestart|p2: danicruz.music|move: Tailwind\n|move|p2a: Kyogre|Origin Pulse|p1a: Calyrex|[spread] p1b\n|-activate|p1a: Calyrex|move: Protect\n|-resisted|p1b: Rillaboom\n|-damage|p1b: Rillaboom|38/100\n|move|p1b: Rillaboom|U-turn|p2a: Kyogre\n|-damage|p2a: Kyogre|75/100\n|\n|t:|1746150630\n|switch|p1b: Tornadus|Tornadus, L50, M|100/100|[from] U-turn\n|\n|-weather|RainDance|[upkeep]\n|-heal|p1a: Calyrex|79/100|[from] Grassy Terrain\n|-heal|p2a: Kyogre|81/100|[from] Grassy Terrain\n|upkeep\n|turn|3\n|\n|t:|1746150641\n|-terastallize|p1b: Tornadus|Dark\n|move|p1b: Tornadus|Tailwind|p1b: Tornadus\n|-sidestart|p1: samarazenta|move: Tailwind\n|move|p1a: Calyrex|Astral Barrage|p2a: Kyogre|[spread] p2a,p2b\n|-damage|p2a: Kyogre|34/100\n|-damage|p2b: Tornadus|12/100\n|move|p2b: Tornadus|Bleakwind Storm|p1a: Calyrex|[spread] p1a,p1b\n|-damage|p1a: Calyrex|46/100\n|-damage|p1b: Tornadus|59/100\n|-unboost|p1a: Calyrex|spe|1\n|move|p2a: Kyogre|Origin Pulse|p1a: Calyrex|[spread] p1b\n|-miss|p2a: Kyogre|p1a: Calyrex\n|-damage|p1b: Tornadus|0 fnt\n|faint|p1b: Tornadus\n|\n|-weather|RainDance|[upkeep]\n|-heal|p1a: Calyrex|52/100|[from] Grassy Terrain\n|-heal|p2a: Kyogre|40/100|[from] Grassy Terrain\n|upkeep\n|\n|t:|1746150651\n|switch|p1b: Rillaboom|Rillaboom, L50, M|38/100\n|turn|4\n|\n|t:|1746150666\n|move|p1b: Rillaboom|Fake Out|p2b: Tornadus\n|-damage|p2b: Tornadus|0 fnt\n|faint|p2b: Tornadus\n|move|p1a: Calyrex|Astral Barrage|p2a: Kyogre\n|-damage|p2a: Kyogre|0 fnt\n|faint|p2a: Kyogre\n|-ability|p1a: Calyrex|Grim Neigh|boost\n|-boost|p1a: Calyrex|spa|1\n|\n|-weather|RainDance|[upkeep]\n|-heal|p1a: Calyrex|58/100|[from] Grassy Terrain\n|-heal|p1b: Rillaboom|44/100|[from] Grassy Terrain\n|upkeep\n|\n|t:|1746150671\n|switch|p2b: Charizard|Charizard, L50, F|100/100\n|switch|p2a: Koraidon|Koraidon, L50|100/100\n|-weather|SunnyDay|[from] ability: Orichalcum Pulse|[of] p2a: Koraidon\n|-activate|p2a: Koraidon|Orichalcum Pulse|[source]\n|turn|5\n|\n|t:|1746150682\n|move|p1a: Calyrex|Protect|p1a: Calyrex\n|-singleturn|p1a: Calyrex|Protect\n|move|p2a: Koraidon|Scale Shot|p1a: Calyrex\n|-activate|p1a: Calyrex|move: Protect\n|move|p2b: Charizard|Weather Ball|p1b: Rillaboom\n|-supereffective|p1b: Rillaboom\n|-damage|p1b: Rillaboom|0 fnt\n|faint|p1b: Rillaboom\n|\n|-weather|SunnyDay|[upkeep]\n|-damage|p2b: Charizard|88/100|[from] ability: Solar Power|[of] p2b: Charizard\n|-heal|p1a: Calyrex|64/100|[from] Grassy Terrain\n|-sideend|p2: danicruz.music|move: Tailwind\n|-fieldend|move: Grassy Terrain\n|upkeep\n|\n|t:|1746150684\n|switch|p1b: Koraidon|Koraidon, L50|100/100\n|-activate|p1b: Koraidon|ability: Orichalcum Pulse\n|turn|6\n|\n|t:|1746150691\n|move|p1b: Koraidon|Flame Charge|p2b: Charizard\n|-resisted|p2b: Charizard\n|-damage|p2b: Charizard|57/100\n|-boost|p1b: Koraidon|spe|1\n|-damage|p1b: Koraidon|91/100|[from] item: Life Orb\n|move|p1a: Calyrex|Astral Barrage|p2a: Koraidon|[spread] p2a,p2b\n|-damage|p2a: Koraidon|0 fnt\n|-damage|p2b: Charizard|0 fnt\n|faint|p2a: Koraidon\n|faint|p2b: Charizard\n|\n|win|samarazenta\n|inactive|samarazenta has 30 seconds to confirm battle start!\n|inactive|danicruz.music has 30 seconds to confirm battle start!\n|l|\u2606danicruz.music\n|player|p2|\n|l|\u2606samarazenta\n|player|p1|\n||danicruz.music is ready for game 2.\n||samarazenta is ready for game 2.\n|uhtml|next|Next: <a href=\"/battle-gen9vgc2025regibo3-2355086205\"><strong>Game 2 of 3</strong></a>\n", "uploadtime": 1746151018, "views": 3, "formatid": "gen9vgc2025regibo3", "rating": null, "private": 0, "password": null}