{"id": "gen9vgc2025regibo3-2354680070", "format": "[Gen 9] VGC 2025 Reg I (Bo3)", "players": ["KinGanon", "skibidiowisp"], "log": "|j|\u2606KinGanon\n|j|\u2606skibidiowisp\n|html|<table width=\"100%\"><tr><td align=\"left\">KinGanon</td><td align=\"right\">skibidiowisp</tr><tr><td align=\"left\"><i class=\"fa fa-circle-o\"></i> <i class=\"fa fa-circle-o\"></i> </td><td align=\"right\"><i class=\"fa fa-circle-o\"></i> <i class=\"fa fa-circle\"></i> </tr></table>\n|uhtml|bestof|<h2><strong>Game 2</strong> of <a href=\"/game-bestof3-gen9vgc2025regibo3-2354677973\">a best-of-3</a></h2>\n|t:|1746110076\n|gametype|doubles\n|player|p1|KinGanon|102|1082\n|player|p2|skibidiowisp|miku-fire|1152\n|teamsize|p1|6\n|teamsize|p2|6\n|gen|9\n|tier|[Gen 9] VGC 2025 Reg I (Bo3)\n|rated|\n|rule|Species Clause: Limit one of each Pok\u00e9mon\n|rule|Item Clause: Limit 1 of each item\n|clearpoke\n|poke|p1|Groudon, L50|\n|poke|p1|Iron Valiant, L50|\n|poke|p1|Sableye, L50, F|\n|poke|p1|Lilligant-Hisui, L50, F|\n|poke|p1|Scovillain, L50, M|\n|poke|p1|Miraidon, L50|\n|poke|p2|Kyogre, L50|\n|poke|p2|Calyrex-Ice, L50|\n|poke|p2|Roaring Moon, L50|\n|poke|p2|Incineroar, L50, F|\n|poke|p2|Rillaboom, L50, M|\n|poke|p2|Ogerpon-Cornerstone, L50, F|\n|teampreview|4\n|showteam|p1|Groudon||ClearAmulet|Drought|Protect,PrecipiceBlades,HeatCrash,RockSlide||||||50|,,,,,Normal]Iron Valiant||BoosterEnergy|QuarkDrive|WideGuard,Coaching,SpiritBreak,IcyWind||||||50|,,,,,Dark]Sableye||SafetyGoggles|Prankster|FakeOut,Gravity,FoulPlay,Quash|||F|||50|,,,,,Dark]Lilligant-Hisui||FocusSash|Chlorophyll|SleepPowder,AfterYou,Protect,CloseCombat|||F|||50|,,,,,Grass]Scovillain||CovertCloak|Chlorophyll|RagePowder,SpicyExtract,ScaryFace,Overheat|||M|||50|,,,,,Dark]Miraidon||Leftovers|HadronEngine|ElectroDrift,ElectricTerrain,DazzlingGleam,ParabolicCharge||||||50|,,,,,Fairy\n|showteam|p2|Kyogre||MysticWater|Drizzle|HydroPump,OriginPulse,IceBeam,Protect||||||50|,,,,,Grass]Calyrex-Ice||NeverMeltIce|AsOneGlastrier|GlacialLance,SeedBomb,TrickRoom,Protect||||||50|,,,,,Dragon]Roaring Moon||BoosterEnergy|Protosynthesis|KnockOff,Tailwind,Protect,Acrobatics||||||50|,,,,,Poison]Incineroar||RockyHelmet|Intimidate|KnockOff,WillOWisp,PartingShot,FakeOut|||F|||50|,,,,,Ghost]Rillaboom||AssaultVest|GrassySurge|FakeOut,GrassyGlide,Uturn,WoodHammer|||M|||50|,,,,,Fire]Ogerpon-Cornerstone||CornerstoneMask|Sturdy|IvyCudgel,FollowMe,SpikyShield,PowerWhip|||F|||50|,,,,,Rock\n|inactive|Battle timer is ON: inactive players will automatically lose when time's up. (requested by KinGanon)\n|inactive|KinGanon has 60 seconds left.\n|\n|t:|1746110118\n|start\n|switch|p1a: Groudon|Groudon, L50|100/100\n|switch|p1b: Iron Valiant|Iron Valiant, L50|100/100\n|switch|p2a: Calyrex|Calyrex-Ice, L50|100/100\n|switch|p2b: Rillaboom|Rillaboom, L50, M|100/100\n|-ability|p2a: Calyrex|As One\n|-ability|p2a: Calyrex|Unnerve\n|-weather|SunnyDay|[from] ability: Drought|[of] p1a: Groudon\n|-fieldstart|move: Grassy Terrain|[from] ability: Grassy Surge|[of] p2b: Rillaboom\n|-enditem|p1b: Iron Valiant|Booster Energy\n|-activate|p1b: Iron Valiant|ability: Quark Drive|[fromitem]\n|-start|p1b: Iron Valiant|quarkdrivespe\n|turn|1\n|inactive|skibidiowisp has 30 seconds left.\n|inactive|skibidiowisp has 20 seconds left.\n|\n|t:|1746110156\n|-terastallize|p2a: Calyrex|Dragon\n|move|p2b: Rillaboom|Fake Out|p1b: Iron Valiant\n|-damage|p1b: Iron Valiant|86/100\n|cant|p1b: Iron Valiant|flinch\n|move|p1a: Groudon|Heat Crash|p2b: Rillaboom\n|-supereffective|p2b: Rillaboom\n|-damage|p2b: Rillaboom|0 fnt\n|faint|p2b: Rillaboom\n|move|p2a: Calyrex|Trick Room|p2a: Calyrex\n|-fieldstart|move: Trick Room|[of] p2a: Calyrex\n|\n|-weather|SunnyDay|[upkeep]\n|-heal|p1b: Iron Valiant|92/100|[from] Grassy Terrain\n|upkeep\n|\n|t:|1746110167\n|switch|p2b: Kyogre|Kyogre, L50|100/100\n|-weather|RainDance|[from] ability: Drizzle|[of] p2b: Kyogre\n|turn|2\n|\n|t:|1746110176\n|-terastallize|p1a: Groudon|Normal\n|move|p1b: Iron Valiant|Wide Guard|p1b: Iron Valiant\n|-singleturn|p1b: Iron Valiant|Wide Guard\n|move|p2a: Calyrex|Glacial Lance|p1b: Iron Valiant|[spread] \n|-activate|p1a: Groudon|move: Wide Guard\n|-activate|p1b: Iron Valiant|move: Wide Guard\n|move|p1a: Groudon|Precipice Blades|p2b: Kyogre|[spread] p2a,p2b\n|-damage|p2a: Calyrex|65/100\n|-damage|p2b: Kyogre|54/100\n|move|p2b: Kyogre|Hydro Pump|p1a: Groudon|[miss]\n|-miss|p2b: Kyogre|p1a: Groudon\n|\n|-weather|RainDance|[upkeep]\n|-heal|p2a: Calyrex|71/100|[from] Grassy Terrain\n|-heal|p2b: Kyogre|59/100|[from] Grassy Terrain\n|-heal|p1b: Iron Valiant|98/100|[from] Grassy Terrain\n|upkeep\n|turn|3\n|inactive|skibidiowisp has 30 seconds left.\n|inactive|skibidiowisp has 20 seconds left.\n|\n|t:|1746110214\n|move|p1a: Groudon|Protect|p1a: Groudon\n|-singleturn|p1a: Groudon|Protect\n|move|p2b: Kyogre|Protect|p2b: Kyogre\n|-singleturn|p2b: Kyogre|Protect\n|move|p2a: Calyrex|Seed Bomb|p1a: Groudon\n|-activate|p1a: Groudon|move: Protect\n|move|p1b: Iron Valiant|Spirit Break|p2b: Kyogre\n|-activate|p2b: Kyogre|move: Protect\n|\n|-weather|RainDance|[upkeep]\n|-heal|p2a: Calyrex|77/100|[from] Grassy Terrain\n|-heal|p2b: Kyogre|65/100|[from] Grassy Terrain\n|-heal|p1b: Iron Valiant|100/100|[from] Grassy Terrain\n|upkeep\n|turn|4\n|\n|t:|1746110227\n|move|p1b: Iron Valiant|Wide Guard|p1b: Iron Valiant\n|-singleturn|p1b: Iron Valiant|Wide Guard\n|move|p2a: Calyrex|Seed Bomb|p1a: Groudon\n|-damage|p1a: Groudon|70/100\n|move|p1a: Groudon|Precipice Blades|p2a: Calyrex|[spread] p2a,p2b\n|-crit|p2a: Calyrex\n|-damage|p2a: Calyrex|21/100\n|-damage|p2b: Kyogre|15/100\n|move|p2b: Kyogre|Hydro Pump|p1a: Groudon\n|-damage|p1a: Groudon|0 fnt\n|faint|p1a: Groudon\n|\n|-weather|RainDance|[upkeep]\n|-heal|p2a: Calyrex|27/100|[from] Grassy Terrain\n|-heal|p2b: Kyogre|20/100|[from] Grassy Terrain\n|upkeep\n|\n|t:|1746110244\n|switch|p1a: Miraidon|Miraidon, L50|100/100\n|-fieldstart|move: Electric Terrain|[from] ability: Hadron Engine|[of] p1a: Miraidon\n|turn|5\n|\n|t:|1746110265\n|switch|p1a: Lilligant|Lilligant-Hisui, L50, F|100/100\n|move|p2a: Calyrex|Protect|p2a: Calyrex\n|-singleturn|p2a: Calyrex|Protect\n|move|p2b: Kyogre|Hydro Pump|p1b: Iron Valiant\n|-crit|p1b: Iron Valiant\n|-damage|p1b: Iron Valiant|0 fnt\n|faint|p1b: Iron Valiant\n|-end|p1b: Iron Valiant|Quark Drive|[silent]\n|\n|-weather|RainDance|[upkeep]\n|-fieldend|move: Trick Room\n|upkeep\n|\n|t:|1746110267\n|switch|p1b: Miraidon|Miraidon, L50|100/100\n|-activate|p1b: Miraidon|ability: Hadron Engine\n|turn|6\n|\n|t:|1746110291\n|move|p2a: Calyrex|Protect|p2a: Calyrex\n|-singleturn|p2a: Calyrex|Protect\n|move|p1a: Lilligant|Close Combat|p2a: Calyrex\n|-activate|p2a: Calyrex|move: Protect\n|move|p1b: Miraidon|Parabolic Charge|p2b: Kyogre|[spread] p1a,p2b\n|-activate|p2a: Calyrex|move: Protect\n|-resisted|p1a: Lilligant\n|-supereffective|p2b: Kyogre\n|-damage|p1a: Lilligant|71/100\n|-damage|p2b: Kyogre|0 fnt\n|faint|p2b: Kyogre\n|\n|-weather|none\n|upkeep\n|\n|t:|1746110300\n|switch|p2b: Ogerpon|Ogerpon-Cornerstone, L50, F|100/100\n|turn|7\n|\n|t:|1746110310\n|move|p2b: Ogerpon|Follow Me|p2b: Ogerpon\n|-singleturn|p2b: Ogerpon|move: Follow Me\n|move|p1a: Lilligant|Close Combat|p2b: Ogerpon\n|-supereffective|p2b: Ogerpon\n|-ability|p2b: Ogerpon|Sturdy\n|-damage|p2b: Ogerpon|1/100\n|-unboost|p1a: Lilligant|def|1\n|-unboost|p1a: Lilligant|spd|1\n|move|p1b: Miraidon|Dazzling Gleam|p2b: Ogerpon|[spread] p2a,p2b\n|-supereffective|p2a: Calyrex\n|-damage|p2a: Calyrex|0 fnt\n|-damage|p2b: Ogerpon|0 fnt\n|faint|p2a: Calyrex\n|faint|p2b: Ogerpon\n|\n|win|KinGanon\n|l|\u2606KinGanon\n|player|p1|\n||KinGanon is ready for game 3.\n|inactive|skibidiowisp has 30 seconds to confirm battle start!\n||skibidiowisp is ready for game 3.\n|uhtml|next|Next: <a href=\"/battle-gen9vgc2025regibo3-2354682590\"><strong>Game 3 of 3</strong></a>\n|l|\u2606skibidiowisp\n|player|p2|\n", "uploadtime": 1746110601, "views": 5, "formatid": "gen9vgc2025regibo3", "rating": null, "private": 0, "password": null}