{"id": "gen9vgc2025regibo3-2353781149", "format": "[Gen 9] VGC 2025 Reg I (Bo3)", "players": ["corndog7", "roykeenkennedy"], "log": "|j|\u2606corndog7\n|j|\u2606roykeenkennedy\n|html|<table width=\"100%\"><tr><td align=\"left\">corndog7</td><td align=\"right\">roykeenkennedy</tr><tr><td align=\"left\"><i class=\"fa fa-circle-o\"></i> <i class=\"fa fa-circle-o\"></i> </td><td align=\"right\"><i class=\"fa fa-circle-o\"></i> <i class=\"fa fa-circle-o\"></i> </tr></table>\n|uhtml|bestof|<h2><strong>Game 1</strong> of <a href=\"/game-bestof3-gen9vgc2025regibo3-2353781148\">a best-of-3</a></h2>\n|t:|1745998869\n|gametype|doubles\n|player|p1|corndog7|linebacker|1210\n|player|p2|roykeenkennedy|alder|1497\n|teamsize|p1|6\n|teamsize|p2|6\n|gen|9\n|tier|[Gen 9] VGC 2025 Reg I (Bo3)\n|rated|\n|rule|Species Clause: Limit one of each Pok\u00e9mon\n|rule|Item Clause: Limit 1 of each item\n|clearpoke\n|poke|p1|Miraidon, L50|\n|poke|p1|Farigiraf, L50, F|\n|poke|p1|Iron Hands, L50|\n|poke|p1|Iron Bundle, L50|\n|poke|p1|Ho-Oh, L50|\n|poke|p1|Ogerpon-Hearthflame, L50, F|\n|poke|p2|Miraidon, L50|\n|poke|p2|Calyrex-Ice, L50|\n|poke|p2|Grimmsnarl, L50, M|\n|poke|p2|Magmar, L50, M|\n|poke|p2|Annihilape, L50, M|\n|poke|p2|Indeedee-F, L50, F|\n|teampreview|4\n|showteam|p1|Miraidon||ChoiceSpecs|HadronEngine|ElectroDrift,DracoMeteor,DazzlingGleam,VoltSwitch||||||50|,,,,,Fairy]Farigiraf||ThroatSpray|ArmorTail|HyperVoice,PsychicNoise,TrickRoom,Protect|||F|||50|,,,,,Fairy]Iron Hands||AssaultVest|QuarkDrive|FakeOut,DrainPunch,LowKick,HeavySlam||||||50|,,,,,Water]Iron Bundle||FocusSash|QuarkDrive|IcyWind,FreezeDry,Encore,Protect||||||50|,,,,,Ghost]Ho-Oh||ClearAmulet|Regenerator|SacredFire,BraveBird,Tailwind,Protect||||||50|,,,,,Grass]Ogerpon-Hearthflame||HearthflameMask|MoldBreaker|IvyCudgel,HornLeech,FollowMe,SpikyShield|||F|||50|,,,,,Fire\n|showteam|p2|Miraidon||AssaultVest|HadronEngine|VoltSwitch,Snarl,ElectroDrift,DracoMeteor||||||50|,,,,,Electric]Calyrex-Ice||ClearAmulet|AsOneGlastrier|GlacialLance,TrickRoom,Protect,HighHorsepower||||||50|,,,,,Water]Grimmsnarl||LightClay|Prankster|Reflect,LightScreen,SpiritBreak,FoulPlay|||M|||50|,,,,,Ghost]Magmar||Eviolite|FlameBody|WillOWisp,ClearSmog,FollowMe,Overheat|||M|||50|,,,,,Grass]Annihilape||ChoiceScarf|Defiant|Coaching,RageFist,FinalGambit,BrickBreak|||M|||50|,,,,,Water]Indeedee-F||FocusSash|Synchronize|FakeOut,FollowMe,HelpingHand,TrickRoom|||F|||50|,,,,,Fairy\n|inactive|Battle timer is ON: inactive players will automatically lose when time's up. (requested by corndog7)\n|c|\u2606corndog7|i know this team\n|c|\u2606corndog7|Scott\n|c|\u2606roykeenkennedy|Yoyo\n|inactive|corndog7 has 60 seconds left.\n|inactive|roykeenkennedy has 60 seconds left.\n|c|\u2606roykeenkennedy|I was gonna say I recognise corndog\n|inactive|corndog7 has 30 seconds left.\n|\n|t:|1745998932\n|start\n|switch|p1a: Miraidon|Miraidon, L50|100/100\n|switch|p1b: Ogerpon|Ogerpon-Hearthflame, L50, F|100/100\n|switch|p2a: Calyrex|Calyrex-Ice, L50|100/100\n|switch|p2b: Indeedee|Indeedee-F, L50, F|100/100\n|-ability|p2a: Calyrex|As One\n|-ability|p2a: Calyrex|Unnerve\n|-fieldstart|move: Electric Terrain|[from] ability: Hadron Engine|[of] p1a: Miraidon\n|-ability|p1b: Ogerpon|Mold Breaker\n|turn|1\n|c|\u2606roykeenkennedy|Ben?\n|c|\u2606corndog7|yes\n|inactive|roykeenkennedy has 30 seconds left.\n|\n|t:|1745998960\n|switch|p1a: Iron Hands|Iron Hands, L50|100/100\n|-activate|p1a: Iron Hands|ability: Quark Drive\n|-start|p1a: Iron Hands|quarkdriveatk\n|-terastallize|p1b: Ogerpon|Fire\n|detailschange|p1b: Ogerpon|Ogerpon-Hearthflame-Tera, L50, F, tera:Fire\n|-ability|p1b: Ogerpon|Embody Aspect (Hearthflame)|boost\n|-boost|p1b: Ogerpon|atk|1\n|-terastallize|p2a: Calyrex|Water\n|move|p2b: Indeedee|Fake Out|p1a: Iron Hands\n|-damage|p1a: Iron Hands|94/100\n|move|p1b: Ogerpon|Ivy Cudgel|p2b: Indeedee|[anim] Ivy Cudgel Fire\n|-enditem|p2b: Indeedee|Focus Sash\n|-damage|p2b: Indeedee|1/100\n|move|p2a: Calyrex|Trick Room|p2a: Calyrex\n|-fieldstart|move: Trick Room|[of] p2a: Calyrex\n|\n|upkeep\n|turn|2\n|inactive|corndog7 has 30 seconds left.\n|inactive|roykeenkennedy has 30 seconds left.\n|\n|t:|1745998993\n|move|p1a: Iron Hands|Fake Out|p2a: Calyrex\n|-damage|p2a: Calyrex|87/100\n|move|p2b: Indeedee|Follow Me|p2b: Indeedee\n|-singleturn|p2b: Indeedee|move: Follow Me\n|cant|p2a: Calyrex|flinch\n|move|p1b: Ogerpon|Horn Leech|p2b: Indeedee\n|-damage|p2b: Indeedee|0 fnt\n|faint|p2b: Indeedee\n|\n|upkeep\n|\n|t:|1745999005\n|switch|p2b: Magmar|Magmar, L50, M|100/100\n|turn|3\n|\n|t:|1745999028\n|move|p1a: Iron Hands|Drain Punch|p2b: Magmar\n|-damage|p2b: Magmar|60/100\n|-heal|p1a: Iron Hands|100/100|[from] drain|[of] p2b: Magmar\n|move|p2a: Calyrex|Glacial Lance|p1b: Ogerpon|[spread] p1a,p1b\n|-resisted|p1b: Ogerpon\n|-damage|p1a: Iron Hands|57/100\n|-damage|p1b: Ogerpon|72/100\n|move|p2b: Magmar|Will-O-Wisp|p1a: Iron Hands|[miss]\n|-miss|p2b: Magmar|p1a: Iron Hands\n|move|p1b: Ogerpon|Ivy Cudgel|p2b: Magmar|[anim] Ivy Cudgel Fire\n|-resisted|p2b: Magmar\n|-damage|p2b: Magmar|16/100\n|\n|upkeep\n|turn|4\n|c|\u2606corndog7|huge will o miss\n|inactive|roykeenkennedy has 30 seconds left.\n|\n|t:|1745999056\n|move|p2b: Magmar|Follow Me|p2b: Magmar\n|-singleturn|p2b: Magmar|move: Follow Me\n|move|p2a: Calyrex|High Horsepower|p1a: Iron Hands\n|-supereffective|p1a: Iron Hands\n|-damage|p1a: Iron Hands|2/100\n|move|p1a: Iron Hands|Drain Punch|p2b: Magmar\n|-damage|p2b: Magmar|0 fnt\n|-heal|p1a: Iron Hands|7/100|[from] drain|[of] p2b: Magmar\n|-status|p1a: Iron Hands|brn|[from] ability: Flame Body|[of] p2b: Magmar\n|faint|p2b: Magmar\n|move|p1b: Ogerpon|Horn Leech|p2a: Calyrex\n|-supereffective|p2a: Calyrex\n|-damage|p2a: Calyrex|9/100\n|-heal|p1b: Ogerpon|100/100|[from] drain|[of] p2a: Calyrex\n|\n|-damage|p1a: Iron Hands|1/100 brn|[from] brn\n|upkeep\n|c|\u2606roykeenkennedy|Dw magmar never lands them\n|\n|t:|1745999081\n|switch|p2b: Miraidon|Miraidon, L50|100/100\n|-activate|p2b: Miraidon|ability: Hadron Engine\n|turn|5\n|\n|t:|1745999096\n|move|p2a: Calyrex|Glacial Lance|p1a: Iron Hands|[spread] p1a,p1b\n|-resisted|p1b: Ogerpon\n|-damage|p1a: Iron Hands|0 fnt\n|-damage|p1b: Ogerpon|68/100\n|faint|p1a: Iron Hands\n|-end|p1a: Iron Hands|Quark Drive|[silent]\n|-ability|p2a: Calyrex|Chilling Neigh|boost\n|-boost|p2a: Calyrex|atk|1\n|move|p1b: Ogerpon|Ivy Cudgel|p2a: Calyrex|[anim] Ivy Cudgel Fire\n|-resisted|p2a: Calyrex\n|-damage|p2a: Calyrex|0 fnt\n|faint|p2a: Calyrex\n|move|p2b: Miraidon|Electro Drift|p1b: Ogerpon\n|-damage|p1b: Ogerpon|0 fnt\n|faint|p1b: Ogerpon\n|\n|-fieldend|move: Trick Room\n|-fieldend|move: Electric Terrain\n|upkeep\n|\n|t:|1745999099\n|switch|p1b: Iron Bundle|Iron Bundle, L50|100/100\n|switch|p1a: Miraidon|Miraidon, L50|100/100\n|-fieldstart|move: Electric Terrain|[from] ability: Hadron Engine|[of] p1a: Miraidon\n|-activate|p1b: Iron Bundle|ability: Quark Drive\n|-start|p1b: Iron Bundle|quarkdrivespe\n|turn|6\n|\n|t:|1745999120\n|move|p1b: Iron Bundle|Freeze-Dry|p2b: Miraidon\n|-supereffective|p2b: Miraidon\n|-damage|p2b: Miraidon|61/100\n|move|p1a: Miraidon|Draco Meteor|p2b: Miraidon\n|-supereffective|p2b: Miraidon\n|-damage|p2b: Miraidon|0 fnt\n|-unboost|p1a: Miraidon|spa|2\n|faint|p2b: Miraidon\n|\n|win|corndog7\n", "uploadtime": 1745999120, "views": 8, "formatid": "gen9vgc2025regibo3", "rating": null, "private": 0, "password": null}