{"id": "gen9vgc2025regibo3-2354649895", "format": "[Gen 9] VGC 2025 Reg I (Bo3)", "players": ["200dollarteam", "roykeenkennedy"], "log": "|j|\u2606200dollarteam\n|j|\u2606roykeenkennedy\n|html|<table width=\"100%\"><tr><td align=\"left\">200dollarteam</td><td align=\"right\">roykeenkennedy</tr><tr><td align=\"left\"><i class=\"fa fa-circle-o\"></i> <i class=\"fa fa-circle-o\"></i> </td><td align=\"right\"><i class=\"fa fa-circle-o\"></i> <i class=\"fa fa-circle-o\"></i> </tr></table>\n|uhtml|bestof|<h2><strong>Game 1</strong> of <a href=\"/game-bestof3-gen9vgc2025regibo3-2354649894\">a best-of-3</a></h2>\n|t:|1746107067\n|gametype|doubles\n|player|p1|200dollarteam|shauntal|1432\n|player|p2|roykeenkennedy|alder|1463\n|teamsize|p1|6\n|teamsize|p2|6\n|gen|9\n|tier|[Gen 9] VGC 2025 Reg I (Bo3)\n|rated|\n|rule|Species Clause: Limit one of each Pok\u00e9mon\n|rule|Item Clause: Limit 1 of each item\n|clearpoke\n|poke|p1|Zamazenta-*, L50|\n|poke|p1|Miraidon, L50|\n|poke|p1|Farigiraf, L50, M|\n|poke|p1|Iron Bundle, L50|\n|poke|p1|Incineroar, L50, M|\n|poke|p1|Ursaluna, L50, M|\n|poke|p2|Calyrex-Ice, L50|\n|poke|p2|Annihilape, L50, M|\n|poke|p2|Indeedee-F, L50, F|\n|poke|p2|Ditto, L50|\n|poke|p2|Miraidon, L50|\n|poke|p2|Grimmsnarl, L50, M|\n|teampreview|4\n|showteam|p1|Zamazenta-Crowned||RustedShield|DauntlessShield|BodyPress,HeavySlam,WideGuard,Protect||||||50|,,,,,Dragon]Miraidon||ChoiceSpecs|HadronEngine|ElectroDrift,DracoMeteor,VoltSwitch,DazzlingGleam||||||50|,,,,,Fairy]Farigiraf||ElectricSeed|ArmorTail|Psychic,FoulPlay,HelpingHand,TrickRoom|||M|||50|,,,,,Water]Iron Bundle||FocusSash|QuarkDrive|IcyWind,FreezeDry,Encore,Protect||||||50|,,,,,Ghost]Incineroar||AssaultVest|Intimidate|KnockOff,FlareBlitz,Uturn,FakeOut|||M|||50|,,,,,Bug]Ursaluna||FlameOrb|Guts|Facade,HeadlongRush,Substitute,Protect|||M|||50|,,,,,Poison\n|showteam|p2|Calyrex-Ice||ClearAmulet|AsOneGlastrier|GlacialLance,TrickRoom,Protect,HighHorsepower||||||50|,,,,,Water]Annihilape||ChoiceScarf|Defiant|Coaching,RageFist,FinalGambit,BrickBreak|||M|||50|,,,,,Water]Indeedee-F||FocusSash|Synchronize|FakeOut,FollowMe,HelpingHand,TrickRoom|||F|||50|,,,,,Fairy]Ditto||RoomService|Imposter|Transform||||||50|,,,,,Ghost]Miraidon||AssaultVest|HadronEngine|VoltSwitch,Snarl,ElectroDrift,DracoMeteor||||||50|,,,,,Electric]Grimmsnarl||LightClay|Prankster|Reflect,LightScreen,SpiritBreak,FoulPlay|||M|||50|,,,,,Ghost\n|inactive|Battle timer is ON: inactive players will automatically lose when time's up. (requested by 200dollarteam)\n|inactive|200dollarteam has 60 seconds left.\n|inactive|200dollarteam has 30 seconds left.\n|inactive|200dollarteam has 20 seconds left.\n|inactive|200dollarteam has 15 seconds left.\n|inactive|200dollarteam has 10 seconds left.\n|\n|t:|1746107148\n|start\n|switch|p1a: Iron Bundle|Iron Bundle, L50|100/100\n|switch|p1b: Miraidon|Miraidon, L50|100/100\n|switch|p2a: Indeedee|Indeedee-F, L50, F|100/100\n|switch|p2b: Calyrex|Calyrex-Ice, L50|100/100\n|-ability|p2b: Calyrex|As One\n|-ability|p2b: Calyrex|Unnerve\n|-fieldstart|move: Electric Terrain|[from] ability: Hadron Engine|[of] p1b: Miraidon\n|-activate|p1a: Iron Bundle|ability: Quark Drive\n|-start|p1a: Iron Bundle|quarkdrivespe\n|turn|1\n|inactive|200dollarteam has 30 seconds left.\n|\n|t:|1746107179\n|switch|p1b: Incineroar|Incineroar, L50, M|100/100\n|-ability|p1b: Incineroar|Intimidate|boost\n|-unboost|p2a: Indeedee|atk|1\n|-fail|p2b: Calyrex|unboost|[from] item: Clear Amulet|[of] p2b: Calyrex\n|move|p2a: Indeedee|Fake Out|p1b: Incineroar\n|-damage|p1b: Incineroar|96/100\n|move|p1a: Iron Bundle|Encore|p2a: Indeedee\n|-start|p2a: Indeedee|Encore\n|move|p2b: Calyrex|Trick Room|p2b: Calyrex\n|-fieldstart|move: Trick Room|[of] p2b: Calyrex\n|\n|upkeep\n|turn|2\n|\n|t:|1746107202\n|switch|p2a: Ditto|Ditto, L50|100/100\n|-transform|p2a: Ditto|p1b: Incineroar|[from] ability: Imposter\n|-ability|p2a: Ditto|Intimidate|boost\n|-unboost|p1a: Iron Bundle|atk|1\n|-unboost|p1b: Incineroar|atk|1\n|-enditem|p2a: Ditto|Room Service\n|-unboost|p2a: Ditto|spe|1|[from] item: Room Service\n|move|p2b: Calyrex|High Horsepower|p1b: Incineroar\n|-supereffective|p1b: Incineroar\n|-damage|p1b: Incineroar|24/100\n|move|p1b: Incineroar|U-turn|p2a: Ditto\n|-damage|p2a: Ditto|84/100\n|\n|t:|1746107212\n|switch|p1b: Zamazenta|Zamazenta-Crowned, L50|100/100|[from] U-turn\n|-ability|p1b: Zamazenta|Dauntless Shield|boost\n|-boost|p1b: Zamazenta|def|1\n|move|p1a: Iron Bundle|Encore|p2b: Calyrex\n|-start|p2b: Calyrex|Encore\n|\n|upkeep\n|turn|3\n|inactive|roykeenkennedy has 30 seconds left.\n|\n|t:|1746107246\n|-terastallize|p1b: Zamazenta|Dragon\n|move|p2b: Calyrex|High Horsepower|p1b: Zamazenta\n|-damage|p1b: Zamazenta|85/100\n|move|p2a: Ditto|U-turn|p1a: Iron Bundle\n|-damage|p1a: Iron Bundle|76/100\n|\n|t:|1746107255\n|switch|p2a: Miraidon|Miraidon, L50|100/100|[from] U-turn\n|-activate|p2a: Miraidon|ability: Hadron Engine\n|move|p1b: Zamazenta|Body Press|p2b: Calyrex\n|-damage|p2b: Calyrex|54/100\n|move|p1a: Iron Bundle|Encore||[still]\n|-fail|p1a: Iron Bundle\n|\n|upkeep\n|turn|4\n|\n|t:|1746107279\n|move|p1b: Zamazenta|Protect|p1b: Zamazenta\n|-singleturn|p1b: Zamazenta|Protect\n|move|p2b: Calyrex|High Horsepower|p1a: Iron Bundle\n|-damage|p1a: Iron Bundle|26/100\n|move|p2a: Miraidon|Draco Meteor|p1b: Zamazenta\n|-activate|p1b: Zamazenta|move: Protect\n|move|p1a: Iron Bundle|Freeze-Dry|p2a: Miraidon\n|-supereffective|p2a: Miraidon\n|-damage|p2a: Miraidon|58/100\n|\n|upkeep\n|turn|5\n|\n|t:|1746107303\n|move|p2b: Calyrex|High Horsepower|p1a: Iron Bundle\n|-crit|p1a: Iron Bundle\n|-damage|p1a: Iron Bundle|0 fnt\n|faint|p1a: Iron Bundle\n|-end|p1a: Iron Bundle|Quark Drive|[silent]\n|-ability|p2b: Calyrex|Chilling Neigh|boost\n|-boost|p2b: Calyrex|atk|1\n|move|p1b: Zamazenta|Body Press|p2a: Miraidon\n|-damage|p2a: Miraidon|0 fnt\n|faint|p2a: Miraidon\n|\n|-end|p2b: Calyrex|Encore\n|-fieldend|move: Trick Room\n|-fieldend|move: Electric Terrain\n|upkeep\n|inactive|200dollarteam has 30 seconds left.\n|inactive|200dollarteam has 20 seconds left.\n|inactive|200dollarteam has 15 seconds left.\n|\n|t:|1746107347\n|switch|p1a: Incineroar|Incineroar, L50, M|24/100\n|switch|p2a: Indeedee|Indeedee-F, L50, F|100/100\n|-ability|p1a: Incineroar|Intimidate|boost\n|-unboost|p2a: Indeedee|atk|1\n|-fail|p2b: Calyrex|unboost|[from] item: Clear Amulet|[of] p2b: Calyrex\n|turn|6\n|inactive|200dollarteam has 30 seconds left.\n|inactive|200dollarteam has 20 seconds left.\n|\n|t:|1746107385\n|move|p2b: Calyrex|Protect|p2b: Calyrex\n|-singleturn|p2b: Calyrex|Protect\n|move|p1b: Zamazenta|Wide Guard|p1b: Zamazenta\n|-singleturn|p1b: Zamazenta|Wide Guard\n|move|p2a: Indeedee|Fake Out|p1b: Zamazenta\n|-damage|p1b: Zamazenta|83/100\n|move|p1a: Incineroar|Flare Blitz|p2b: Calyrex\n|-activate|p2b: Calyrex|move: Protect\n|\n|upkeep\n|turn|7\n|inactive|200dollarteam has 30 seconds left.\n|inactive|200dollarteam has 20 seconds left.\n|inactive|200dollarteam has 15 seconds left.\n|inactive|200dollarteam has 10 seconds left.\n|inactive|200dollarteam has 5 seconds left.\n|\n|t:|1746107436\n|move|p1b: Zamazenta|Wide Guard|p1b: Zamazenta\n|-singleturn|p1b: Zamazenta|Wide Guard\n|move|p2a: Indeedee|Follow Me|p2a: Indeedee\n|-singleturn|p2a: Indeedee|move: Follow Me\n|move|p1a: Incineroar|Knock Off|p2a: Indeedee\n|-supereffective|p2a: Indeedee\n|-enditem|p2a: Indeedee|Focus Sash\n|-damage|p2a: Indeedee|1/100\n|move|p2b: Calyrex|Trick Room|p2b: Calyrex\n|-fieldstart|move: Trick Room|[of] p2b: Calyrex\n|\n|upkeep\n|turn|8\n|inactive|200dollarteam has 30 seconds left.\n|inactive|200dollarteam has 20 seconds left.\n|inactive|200dollarteam has 15 seconds left.\n|inactive|200dollarteam has 10 seconds left.\n|\n|t:|1746107482\n|switch|p1a: Miraidon|Miraidon, L50|100/100\n|-fieldstart|move: Electric Terrain|[from] ability: Hadron Engine|[of] p1a: Miraidon\n|move|p2a: Indeedee|Follow Me|p2a: Indeedee\n|-singleturn|p2a: Indeedee|move: Follow Me\n|move|p2b: Calyrex|High Horsepower|p1a: Miraidon\n|-supereffective|p1a: Miraidon\n|-damage|p1a: Miraidon|0 fnt\n|faint|p1a: Miraidon\n|-ability|p2b: Calyrex|Chilling Neigh|boost\n|-boost|p2b: Calyrex|atk|1\n|move|p1b: Zamazenta|Body Press|p2a: Indeedee\n|-damage|p2a: Indeedee|0 fnt\n|faint|p2a: Indeedee\n|\n|upkeep\n|\n|t:|1746107498\n|switch|p2a: Ditto|Ditto, L50|84/100\n|switch|p1a: Incineroar|Incineroar, L50, M|24/100\n|-transform|p2a: Ditto|p1b: Zamazenta|[from] ability: Imposter\n|-ability|p2a: Ditto|Dauntless Shield|boost\n|-boost|p2a: Ditto|def|1\n|-ability|p1a: Incineroar|Intimidate|boost\n|-unboost|p2a: Ditto|atk|1\n|-fail|p2b: Calyrex|unboost|[from] item: Clear Amulet|[of] p2b: Calyrex\n|-start|p2a: Ditto|typechange|Fighting/Steel|[silent]\n|turn|9\n|inactive|200dollarteam has 30 seconds left.\n|inactive|200dollarteam has 20 seconds left.\n|inactive|200dollarteam has 15 seconds left.\n|\n|t:|1746107540\n|-terastallize|p2a: Ditto|Ghost\n|move|p2b: Calyrex|Protect|p2b: Calyrex\n|-singleturn|p2b: Calyrex|Protect\n|move|p1a: Incineroar|Fake Out|p2b: Calyrex\n|-activate|p2b: Calyrex|move: Protect\n|move|p1b: Zamazenta|Body Press|p2b: Calyrex\n|-activate|p2b: Calyrex|move: Protect\n|move|p2a: Ditto|Body Press|p1a: Incineroar\n|-supereffective|p1a: Incineroar\n|-damage|p1a: Incineroar|0 fnt\n|faint|p1a: Incineroar\n|\n|upkeep\n|turn|10\n|-message|200dollarteam forfeited.\n|\n|win|roykeenkennedy\n||200dollarteam is ready for game 2.\n|inactive|roykeenkennedy has 30 seconds to confirm battle start!\n|inactive|roykeenkennedy has 20 seconds to confirm battle start!\n||roykeenkennedy is ready for game 2.\n|uhtml|next|Next: <a href=\"/battle-gen9vgc2025regibo3-2354654763\"><strong>Game 2 of 3</strong></a>\n", "uploadtime": 1746107843, "views": 7, "formatid": "gen9vgc2025regibo3", "rating": null, "private": 0, "password": null}