{"id": "gen9vgc2025regibo3-2354177704", "format": "[Gen 9] VGC 2025 Reg I (Bo3)", "players": ["kemaho", "vilan333"], "log": "|j|\u2606kemaho\n|j|\u2606vilan333\n|html|<table width=\"100%\"><tr><td align=\"left\">kemaho</td><td align=\"right\">vilan333</tr><tr><td align=\"left\"><i class=\"fa fa-circle\"></i> <i class=\"fa fa-circle-o\"></i> </td><td align=\"right\"><i class=\"fa fa-circle-o\"></i> <i class=\"fa fa-circle-o\"></i> </tr></table>\n|uhtml|bestof|<h2><strong>Game 2</strong> of <a href=\"/game-bestof3-gen9vgc2025regibo3-2354175887\">a best-of-3</a></h2>\n|t:|1746041789\n|gametype|doubles\n|player|p1|kemaho|clerk|1217\n|player|p2|vilan333|marshal|1123\n|teamsize|p1|6\n|teamsize|p2|6\n|gen|9\n|tier|[Gen 9] VGC 2025 Reg I (Bo3)\n|rated|\n|rule|Species Clause: Limit one of each Pok\u00e9mon\n|rule|Item Clause: Limit 1 of each item\n|clearpoke\n|poke|p1|Miraidon, L50|\n|poke|p1|Calyrex-Ice, L50|\n|poke|p1|Ogerpon-Cornerstone, L50, F|\n|poke|p1|Urshifu-*, L50, F|\n|poke|p1|Incineroar, L50, F|\n|poke|p1|Pelipper, L50, F|\n|poke|p2|Calyrex-Shadow, L50|\n|poke|p2|Dondozo, L50, M|\n|poke|p2|Tatsugiri-Droopy, L50, F|\n|poke|p2|Sneasler, L50, F|\n|poke|p2|Ditto, L50|\n|poke|p2|Miraidon, L50|\n|teampreview|4\n|showteam|p1|Miraidon||ChoiceSpecs|HadronEngine|ElectroDrift,DazzlingGleam,VoltSwitch,DracoMeteor||||||50|,,,,,Fairy]Calyrex-Ice||NeverMeltIce|AsOneGlastrier|GlacialLance,HighHorsepower,TrickRoom,Protect||||||50|,,,,,Fire]Ogerpon-Cornerstone||CornerstoneMask|Sturdy|IvyCudgel,PowerWhip,FollowMe,SpikyShield|||F|||50|,,,,,Rock]Urshifu-Rapid-Strike||ChoiceScarf|UnseenFist|SurgingStrikes,CloseCombat,Uturn,Coaching|||F|||50|,,,,,Ghost]Incineroar||RockyHelmet|Intimidate|KnockOff,Taunt,PartingShot,FakeOut|||F|||50|,,,,,Water]Pelipper||FocusSash|Drizzle|Hurricane,WeatherBall,WideGuard,Protect|||F|||50|,,,,,Ghost\n|showteam|p2|Calyrex-Shadow||SpellTag|AsOneSpectrier|AstralBarrage,Psychic,NastyPlot,Protect||||||50|,,,,,Normal]Dondozo||Leftovers|Unaware|BodyPress,OrderUp,Protect,Earthquake|||M|||50|,,,,,Grass]Tatsugiri-Droopy||ChoiceScarf|Commander|DracoMeteor,MuddyWater,IcyWind,SleepTalk|||F|||50|,,,,,Stellar]Sneasler||ElectricSeed|Unburden|DireClaw,FakeOut,CloseCombat,RockTomb|||F|||50|,,,,,Dark]Ditto||FocusSash|Imposter|Transform||||||50|,,,,,Ghost]Miraidon||AssaultVest|HadronEngine|VoltSwitch,ElectroDrift,DazzlingGleam,DracoMeteor||||||50|,,,,,Ghost\n|\n|t:|1746041804\n|start\n|switch|p1a: Urshifu|Urshifu-Rapid-Strike, L50, F|100/100\n|switch|p1b: Calyrex|Calyrex-Ice, L50|100/100\n|switch|p2a: Miraidon|Miraidon, L50|100/100\n|switch|p2b: Katsuragi|Tatsugiri-Droopy, L50, F, shiny|100/100\n|-ability|p1b: Calyrex|As One\n|-ability|p1b: Calyrex|Unnerve\n|-fieldstart|move: Electric Terrain|[from] ability: Hadron Engine|[of] p2a: Miraidon\n|turn|1\n|\n|t:|1746041832\n|move|p1a: Urshifu|Coaching|p1b: Calyrex\n|-boost|p1b: Calyrex|atk|1\n|-boost|p1b: Calyrex|def|1\n|move|p2b: Katsuragi|Draco Meteor|p1b: Calyrex\n|-damage|p1b: Calyrex|67/100\n|-unboost|p2b: Katsuragi|spa|2\n|move|p2a: Miraidon|Volt Switch|p1a: Urshifu\n|-supereffective|p1a: Urshifu\n|-damage|p1a: Urshifu|0 fnt\n|faint|p1a: Urshifu\n|\n|t:|1746041844\n|switch|p2a: Taizan II|Dondozo, L50, M|100/100|[from] Volt Switch\n|-activate|p2b: Katsuragi|ability: Commander|[of] p2a: Taizan II\n|-boost|p2a: Taizan II|atk|2\n|-boost|p2a: Taizan II|spa|2\n|-boost|p2a: Taizan II|spe|2\n|-boost|p2a: Taizan II|def|2\n|-boost|p2a: Taizan II|spd|2\n|move|p1b: Calyrex|Glacial Lance|p2a: Taizan II|[spread] p2a\n|-miss|p1b: Calyrex|p2b: Katsuragi\n|-resisted|p2a: Taizan II\n|-damage|p2a: Taizan II|90/100\n|\n|-heal|p2a: Taizan II|96/100|[from] item: Leftovers\n|upkeep\n|\n|t:|1746041856\n|switch|p1a: Miraidon|Miraidon, L50|100/100\n|-activate|p1a: Miraidon|ability: Hadron Engine\n|turn|2\n|\n|t:|1746041864\n|-terastallize|p1a: Miraidon|Fairy\n|move|p2a: Taizan II|Protect|p2a: Taizan II\n|-singleturn|p2a: Taizan II|Protect\n|move|p1a: Miraidon|Electro Drift|p2a: Taizan II\n|-activate|p2a: Taizan II|move: Protect\n|move|p1b: Calyrex|Trick Room|p1b: Calyrex\n|-fieldstart|move: Trick Room|[of] p1b: Calyrex\n|\n|-heal|p2a: Taizan II|100/100|[from] item: Leftovers\n|upkeep\n|turn|3\n|\n|t:|1746041879\n|-terastallize|p2a: Taizan II|Grass\n|move|p1b: Calyrex|Glacial Lance|p2b: Katsuragi|[spread] p2a\n|-miss|p1b: Calyrex|p2b: Katsuragi\n|-supereffective|p2a: Taizan II\n|-damage|p2a: Taizan II|61/100\n|move|p2a: Taizan II|Order Up|p1b: Calyrex\n|-damage|p1b: Calyrex|41/100\n|-boost|p2a: Taizan II|def|1\n|move|p1a: Miraidon|Electro Drift|p2a: Taizan II\n|-resisted|p2a: Taizan II\n|-damage|p2a: Taizan II|28/100\n|\n|-heal|p2a: Taizan II|35/100|[from] item: Leftovers\n|upkeep\n|turn|4\n|\n|t:|1746041896\n|switch|p1a: Pelipper|Pelipper, L50, F|100/100\n|-weather|RainDance|[from] ability: Drizzle|[of] p1a: Pelipper\n|move|p2a: Taizan II|Protect|p2a: Taizan II\n|-singleturn|p2a: Taizan II|Protect\n|move|p1b: Calyrex|Glacial Lance|p2b: Katsuragi|[spread] \n|-miss|p1b: Calyrex|p2b: Katsuragi\n|-activate|p2a: Taizan II|move: Protect\n|\n|-weather|RainDance|[upkeep]\n|-heal|p2a: Taizan II|41/100|[from] item: Leftovers\n|upkeep\n|turn|5\n|\n|t:|1746041913\n|switch|p1a: Miraidon|Miraidon, L50, tera:Fairy|100/100\n|-activate|p1a: Miraidon|ability: Hadron Engine\n|move|p1b: Calyrex|Glacial Lance|p2b: Katsuragi|[spread] p2a\n|-miss|p1b: Calyrex|p2b: Katsuragi\n|-supereffective|p2a: Taizan II\n|-damage|p2a: Taizan II|9/100\n|move|p2a: Taizan II|Body Press|p1b: Calyrex\n|-damage|p1b: Calyrex|2/100\n|\n|-weather|RainDance|[upkeep]\n|-heal|p2a: Taizan II|15/100|[from] item: Leftovers\n|-fieldend|move: Electric Terrain\n|upkeep\n|turn|6\n|\n|t:|1746041942\n|switch|p1a: Pelipper|Pelipper, L50, F|100/100\n|move|p2a: Taizan II|Protect|p2a: Taizan II\n|-singleturn|p2a: Taizan II|Protect\n|move|p1b: Calyrex|Trick Room|p1b: Calyrex\n|-fieldend|move: Trick Room\n|\n|-weather|RainDance|[upkeep]\n|-heal|p2a: Taizan II|21/100|[from] item: Leftovers\n|upkeep\n|turn|7\n|\n|t:|1746041956\n|switch|p1b: Miraidon|Miraidon, L50, tera:Fairy|100/100\n|-fieldstart|move: Electric Terrain|[from] ability: Hadron Engine|[of] p1b: Miraidon\n|move|p1a: Pelipper|Protect|p1a: Pelipper\n|-singleturn|p1a: Pelipper|Protect\n|move|p2a: Taizan II|Order Up|p1a: Pelipper\n|-activate|p1a: Pelipper|move: Protect\n|\n|-weather|RainDance|[upkeep]\n|-heal|p2a: Taizan II|27/100|[from] item: Leftovers\n|upkeep\n|turn|8\n|\n|t:|1746041980\n|switch|p1b: Calyrex|Calyrex-Ice, L50|2/100\n|-ability|p1b: Calyrex|As One\n|-ability|p1b: Calyrex|Unnerve\n|move|p2a: Taizan II|Protect|p2a: Taizan II\n|-singleturn|p2a: Taizan II|Protect\n|move|p1a: Pelipper|Hurricane|p2a: Taizan II\n|-activate|p2a: Taizan II|move: Protect\n|\n|-weather|none\n|-heal|p2a: Taizan II|34/100|[from] item: Leftovers\n|upkeep\n|turn|9\n|\n|t:|1746042001\n|switch|p1a: Miraidon|Miraidon, L50, tera:Fairy|100/100\n|-activate|p1a: Miraidon|ability: Hadron Engine\n|move|p1b: Calyrex|Protect|p1b: Calyrex\n|-singleturn|p1b: Calyrex|Protect\n|move|p2a: Taizan II|Order Up|p1a: Miraidon\n|-immune|p1a: Miraidon\n|\n|-heal|p2a: Taizan II|40/100|[from] item: Leftovers\n|upkeep\n|turn|10\n|\n|t:|1746042015\n|move|p2a: Taizan II|Protect|p2a: Taizan II\n|-singleturn|p2a: Taizan II|Protect\n|move|p1a: Miraidon|Dazzling Gleam|p2b: Katsuragi|[spread] \n|-miss|p1a: Miraidon|p2b: Katsuragi\n|-activate|p2a: Taizan II|move: Protect\n|move|p1b: Calyrex|Trick Room|p1b: Calyrex\n|-fieldstart|move: Trick Room|[of] p1b: Calyrex\n|\n|-heal|p2a: Taizan II|46/100|[from] item: Leftovers\n|upkeep\n|turn|11\n|\n|t:|1746042027\n|move|p1b: Calyrex|Glacial Lance|p2a: Taizan II|[spread] p2a\n|-miss|p1b: Calyrex|p2b: Katsuragi\n|-supereffective|p2a: Taizan II\n|-damage|p2a: Taizan II|13/100\n|move|p2a: Taizan II|Earthquake|p1b: Calyrex|[spread] p1a,p1b\n|-miss|p2a: Taizan II|p2b: Katsuragi\n|-damage|p1a: Miraidon|60/100\n|-damage|p1b: Calyrex|0 fnt\n|faint|p1b: Calyrex\n|move|p1a: Miraidon|Dazzling Gleam|p2a: Taizan II|[spread] p2a\n|-miss|p1a: Miraidon|p2b: Katsuragi\n|-damage|p2a: Taizan II|0 fnt\n|faint|p2a: Taizan II\n|\n|-fieldend|move: Electric Terrain\n|upkeep\n|\n|t:|1746042044\n|switch|p2a: Miraidon|Miraidon, L50|100/100\n|switch|p1b: Pelipper|Pelipper, L50, F|100/100\n|-weather|RainDance|[from] ability: Drizzle|[of] p1b: Pelipper\n|-fieldstart|move: Electric Terrain|[from] ability: Hadron Engine|[of] p2a: Miraidon\n|turn|12\n|\n|t:|1746042066\n|move|p1b: Pelipper|Weather Ball|p2a: Miraidon\n|-resisted|p2a: Miraidon\n|-damage|p2a: Miraidon|81/100\n|move|p2a: Miraidon|Electro Drift|p1a: Miraidon\n|-damage|p1a: Miraidon|0 fnt\n|faint|p1a: Miraidon\n|move|p2b: Katsuragi|Draco Meteor|p1b: Pelipper\n|-damage|p1b: Pelipper|52/100\n|-unboost|p2b: Katsuragi|spa|2\n|\n|-weather|RainDance|[upkeep]\n|upkeep\n|turn|13\n|\n|t:|1746042083\n|switch|p2b: Ditto|Ditto, L50|100/100\n|move|p1b: Pelipper|Hurricane|p2a: Miraidon\n|-resisted|p2a: Miraidon\n|-damage|p2a: Miraidon|67/100\n|move|p2a: Miraidon|Electro Drift|p1b: Pelipper\n|-supereffective|p1b: Pelipper\n|-damage|p1b: Pelipper|0 fnt\n|faint|p1b: Pelipper\n|\n|win|vilan333\n|inactive|kemaho has 30 seconds to confirm battle start!\n|inactive|vilan333 has 30 seconds to confirm battle start!\n||kemaho is ready for game 3.\n|inactive|vilan333 has 20 seconds to confirm battle start!\n|inactive|vilan333 has 10 seconds to confirm battle start!\n|inactive|vilan333 has 0 seconds to confirm battle start!\n||vilan333 is ready for game 3.\n|uhtml|next|Next: <a href=\"/battle-gen9vgc2025regibo3-2354181150\"><strong>Game 3 of 3</strong></a>\n", "uploadtime": 1746042115, "views": 15, "formatid": "gen9vgc2025regibo3", "rating": null, "private": 0, "password": null}