{"id": "gen9vgc2025regibo3-2354147943", "format": "[Gen 9] VGC 2025 Reg I (Bo3)", "players": ["potaplayer", "idkloldude"], "log": "|j|\u2606potaplayer\n|j|\u2606idkloldude\n|html|<table width=\"100%\"><tr><td align=\"left\">potaplayer</td><td align=\"right\">idkloldude</tr><tr><td align=\"left\"><i class=\"fa fa-circle\"></i> <i class=\"fa fa-circle-o\"></i> </td><td align=\"right\"><i class=\"fa fa-circle-o\"></i> <i class=\"fa fa-circle\"></i> </tr></table>\n|uhtml|bestof|<h2><strong>Game 3</strong> of <a href=\"/game-bestof3-gen9vgc2025regibo3-2354139659\">a best-of-3</a></h2>\n|t:|1746038993\n|gametype|doubles\n|player|p1|potaplayer|clemont|\n|player|p2|idkloldude|elesa|\n|teamsize|p1|6\n|teamsize|p2|6\n|gen|9\n|tier|[Gen 9] VGC 2025 Reg I (Bo3)\n|rule|Species Clause: Limit one of each Pok\u00e9mon\n|rule|Item Clause: Limit 1 of each item\n|clearpoke\n|poke|p1|Calyrex-Shadow, L50|\n|poke|p1|Terapagos, L50, M|\n|poke|p1|Incineroar, L50, M|\n|poke|p1|Rillaboom, L50, M|\n|poke|p1|Ogerpon-Cornerstone, L50, F|\n|poke|p1|Flutter Mane, L50|\n|poke|p2|Calyrex-Shadow, L50|\n|poke|p2|Terapagos, L50, M|\n|poke|p2|Rillaboom, L50, M|\n|poke|p2|Incineroar, L50, M|\n|poke|p2|Urshifu-*, L50, M|\n|poke|p2|Ogerpon-Cornerstone, L50, F|\n|teampreview|4\n|showteam|p1|Calyrex-Shadow||FocusSash|AsOneSpectrier|AstralBarrage,Protect,WillOWisp,PollenPuff||||||50|,,,,,Ghost]Terapagos||Leftovers|TeraShift|TeraStarstorm,EarthPower,Protect,CalmMind|||M|||50|,,,,,Stellar]Incineroar||RockyHelmet|Intimidate|KnockOff,FakeOut,PartingShot,WillOWisp|||M|||50|,,,,,Bug]Rillaboom||AssaultVest|GrassySurge|GrassyGlide,WoodHammer,FakeOut,Uturn|||M|||50|,,,,,Grass]Ogerpon-Cornerstone||CornerstoneMask|Sturdy|IvyCudgel,SpikyShield,KnockOff,FollowMe|||F|||50|,,,,,Rock]Flutter Mane||BoosterEnergy|Protosynthesis|Moonblast,IcyWind,ThunderWave,Taunt||||||50|,,,,,Fairy\n|showteam|p2|Calyrex-Shadow||FocusSash|AsOneSpectrier|AstralBarrage,WillOWisp,Disable,Protect||||||50|,,,,,Ghost]Terapagos||Leftovers|TeraShift|TeraStarstorm,CalmMind,EarthPower,Protect|||M|||50|,,,,,Stellar]Rillaboom||AssaultVest|GrassySurge|WoodHammer,GrassyGlide,Uturn,FakeOut|||M|||50|,,,,,Grass]Incineroar||SafetyGoggles|Intimidate|KnockOff,FakeOut,PartingShot,WillOWisp|||M|||50|,,,,,Ghost]Urshifu-Rapid-Strike||ChoiceScarf|UnseenFist|SurgingStrikes,CloseCombat,AquaJet,Uturn|||M|||50|,,,,,Water]Ogerpon-Cornerstone||CornerstoneMask|Sturdy|IvyCudgel,PowerWhip,FollowMe,SpikyShield|||F|||50|,,,,,Rock\n|inactive|Battle timer is ON: inactive players will automatically lose when time's up. (requested by idkloldude)\n|inactive|potaplayer also wants the timer to be on.\n|inactive|idkloldude has 60 seconds left.\n|inactive|idkloldude has 30 seconds left.\n|inactive|idkloldude has 20 seconds left.\n|inactive|idkloldude has 15 seconds left.\n|inactive|idkloldude has 10 seconds left.\n|\n|t:|1746039074\n|start\n|switch|p1a: Incineroar|Incineroar, L50, M|100/100\n|switch|p1b: Calyrex|Calyrex-Shadow, L50|100/100\n|switch|p2a: Terapagos|Terapagos, L50, M|100/100\n|switch|p2b: Incineroar|Incineroar, L50, M|100/100\n|-activate|p2a: Terapagos|ability: Tera Shift\n|detailschange|p2a: Terapagos|Terapagos-Terastal, L50, M\n|-heal|p2a: Terapagos|100/100|[silent]\n|-ability|p1b: Calyrex|As One\n|-ability|p1b: Calyrex|Unnerve\n|-ability|p1a: Incineroar|Intimidate|boost\n|-unboost|p2a: Terapagos|atk|1\n|-unboost|p2b: Incineroar|atk|1\n|-ability|p2b: Incineroar|Intimidate|boost\n|-unboost|p1a: Incineroar|atk|1\n|-unboost|p1b: Calyrex|atk|1\n|turn|1\n|\n|t:|1746039091\n|switch|p1b: Flutter Mane|Flutter Mane, L50|100/100\n|-enditem|p1b: Flutter Mane|Booster Energy\n|-activate|p1b: Flutter Mane|ability: Protosynthesis|[fromitem]\n|-start|p1b: Flutter Mane|protosynthesisspe\n|move|p1a: Incineroar|Fake Out|p2a: Terapagos\n|-activate|p2a: Terapagos|ability: Tera Shell\n|-resisted|p2a: Terapagos\n|-damage|p2a: Terapagos|98/100\n|move|p2b: Incineroar|Fake Out|p1a: Incineroar\n|-damage|p1a: Incineroar|95/100\n|-damage|p2b: Incineroar|84/100|[from] item: Rocky Helmet|[of] p1a: Incineroar\n|cant|p2a: Terapagos|flinch\n|\n|-heal|p2a: Terapagos|100/100|[from] item: Leftovers\n|upkeep\n|turn|2\n|\n|t:|1746039113\n|move|p2a: Terapagos|Protect|p2a: Terapagos\n|-singleturn|p2a: Terapagos|Protect\n|move|p1b: Flutter Mane|Thunder Wave|p2a: Terapagos\n|-activate|p2a: Terapagos|move: Protect\n|move|p1a: Incineroar|Knock Off|p2a: Terapagos\n|-activate|p2a: Terapagos|move: Protect\n|move|p2b: Incineroar|Parting Shot|p1b: Flutter Mane\n|-unboost|p1b: Flutter Mane|atk|1\n|-unboost|p1b: Flutter Mane|spa|1\n|\n|t:|1746039130\n|switch|p2b: Urshifu|Urshifu-Rapid-Strike, L50, M|100/100|[from] Parting Shot\n|\n|upkeep\n|turn|3\n|\n|t:|1746039145\n|switch|p2a: Incineroar|Incineroar, L50, M|84/100\n|-ability|p2a: Incineroar|Intimidate|boost\n|-unboost|p1a: Incineroar|atk|1\n|-unboost|p1b: Flutter Mane|atk|1\n|-terastallize|p2b: Urshifu|Water\n|move|p1b: Flutter Mane|Moonblast|p2b: Urshifu\n|-damage|p2b: Urshifu|52/100\n|move|p2b: Urshifu|Surging Strikes|p1b: Flutter Mane\n|-crit|p1b: Flutter Mane\n|-damage|p1b: Flutter Mane|54/100\n|-crit|p1b: Flutter Mane\n|-damage|p1b: Flutter Mane|10/100\n|-crit|p1b: Flutter Mane\n|-damage|p1b: Flutter Mane|0 fnt\n|faint|p1b: Flutter Mane\n|-end|p1b: Flutter Mane|Protosynthesis|[silent]\n|-hitcount|p1: Flutter Mane|3\n|move|p1a: Incineroar|Parting Shot|p2a: Incineroar\n|-unboost|p2a: Incineroar|atk|1\n|-unboost|p2a: Incineroar|spa|1\n|\n|t:|1746039150\n|switch|p1a: Ogerpon|Ogerpon-Cornerstone, L50, F|100/100|[from] Parting Shot\n|\n|upkeep\n|\n|t:|1746039152\n|switch|p1b: Calyrex|Calyrex-Shadow, L50|100/100\n|-ability|p1b: Calyrex|As One\n|-ability|p1b: Calyrex|Unnerve\n|turn|4\n|\n|t:|1746039171\n|move|p2a: Incineroar|Fake Out|p1a: Ogerpon\n|-resisted|p1a: Ogerpon\n|-damage|p1a: Ogerpon|97/100\n|cant|p1a: Ogerpon|flinch\n|move|p2b: Urshifu|Surging Strikes|p1b: Calyrex\n|-crit|p1b: Calyrex\n|-damage|p1b: Calyrex|62/100\n|-crit|p1b: Calyrex\n|-damage|p1b: Calyrex|23/100\n|-crit|p1b: Calyrex\n|-damage|p1b: Calyrex|0 fnt\n|faint|p1b: Calyrex\n|-hitcount|p1: Calyrex|3\n|\n|upkeep\n|\n|t:|1746039187\n|switch|p1b: Incineroar|Incineroar, L50, M|95/100\n|-ability|p1b: Incineroar|Intimidate|boost\n|-unboost|p2a: Incineroar|atk|1\n|-unboost|p2b: Urshifu|atk|1\n|turn|5\n|\n|t:|1746039196\n|switch|p2b: Terapagos|Terapagos-Terastal, L50, M|100/100\n|move|p1a: Ogerpon|Ivy Cudgel|p2b: Terapagos|[anim] Ivy Cudgel Rock\n|-activate|p2b: Terapagos|ability: Tera Shell\n|-resisted|p2b: Terapagos\n|-damage|p2b: Terapagos|79/100\n|move|p1b: Incineroar|Knock Off|p2a: Incineroar\n|-resisted|p2a: Incineroar\n|-damage|p2a: Incineroar|70/100\n|-enditem|p2a: Incineroar|Safety Goggles|[from] move: Knock Off|[of] p1b: Incineroar\n|move|p2a: Incineroar|Will-O-Wisp|p1a: Ogerpon\n|-status|p1a: Ogerpon|brn\n|\n|-heal|p2b: Terapagos|85/100|[from] item: Leftovers\n|-damage|p1a: Ogerpon|91/100 brn|[from] brn\n|upkeep\n|turn|6\n|\n|t:|1746039219\n|move|p2b: Terapagos|Protect|p2b: Terapagos\n|-singleturn|p2b: Terapagos|Protect\n|move|p1a: Ogerpon|Ivy Cudgel|p2a: Incineroar|[anim] Ivy Cudgel Rock\n|-supereffective|p2a: Incineroar\n|-damage|p2a: Incineroar|32/100\n|move|p1b: Incineroar|Knock Off|p2a: Incineroar\n|-resisted|p2a: Incineroar\n|-damage|p2a: Incineroar|23/100\n|move|p2a: Incineroar|Knock Off|p1b: Incineroar\n|-resisted|p1b: Incineroar\n|-damage|p1b: Incineroar|89/100\n|-damage|p2a: Incineroar|6/100|[from] item: Rocky Helmet|[of] p1b: Incineroar\n|-enditem|p1b: Incineroar|Rocky Helmet|[from] move: Knock Off|[of] p2a: Incineroar\n|\n|-heal|p2b: Terapagos|92/100|[from] item: Leftovers\n|-damage|p1a: Ogerpon|85/100 brn|[from] brn\n|upkeep\n|turn|7\n|inactive|potaplayer has 30 seconds left.\n|inactive|potaplayer has 20 seconds left.\n|inactive|potaplayer has 15 seconds left.\n|inactive|potaplayer has 10 seconds left.\n|inactive|potaplayer has 5 seconds left.\n|\n|t:|1746039274\n|move|p1a: Ogerpon|Ivy Cudgel|p2b: Terapagos|[anim] Ivy Cudgel Rock\n|-damage|p2b: Terapagos|72/100\n|move|p2b: Terapagos|Earth Power|p1a: Ogerpon\n|-damage|p1a: Ogerpon|60/100 brn\n|move|p1b: Incineroar|Knock Off|p2a: Incineroar\n|-resisted|p2a: Incineroar\n|-damage|p2a: Incineroar|0 fnt\n|faint|p2a: Incineroar\n|\n|-heal|p2b: Terapagos|78/100|[from] item: Leftovers\n|-damage|p1a: Ogerpon|55/100 brn|[from] brn\n|upkeep\n|\n|t:|1746039283\n|switch|p2a: Urshifu|Urshifu-Rapid-Strike, L50, M, tera:Water|52/100\n|turn|8\n|inactive|potaplayer has 30 seconds left.\n|inactive|potaplayer has 20 seconds left.\n|inactive|potaplayer has 15 seconds left.\n|inactive|potaplayer has 10 seconds left.\n|inactive|potaplayer has 5 seconds left.\n|\n|t:|1746039338\n|move|p2a: Urshifu|Surging Strikes|p1a: Ogerpon\n|-crit|p1a: Ogerpon\n|-damage|p1a: Ogerpon|21/100 brn\n|-crit|p1a: Ogerpon\n|-damage|p1a: Ogerpon|0 fnt\n|faint|p1a: Ogerpon\n|-hitcount|p1: Ogerpon|2\n|move|p2b: Terapagos|Earth Power|p1b: Incineroar\n|-supereffective|p1b: Incineroar\n|-damage|p1b: Incineroar|46/100\n|move|p1b: Incineroar|Knock Off|p2a: Urshifu\n|-damage|p2a: Urshifu|12/100\n|-enditem|p2a: Urshifu|Choice Scarf|[from] move: Knock Off|[of] p1b: Incineroar\n|\n|-heal|p2b: Terapagos|84/100|[from] item: Leftovers\n|upkeep\n|turn|9\n|inactive|potaplayer has 30 seconds left.\n|inactive|potaplayer has 20 seconds left.\n|\n|t:|1746039375\n|move|p2a: Urshifu|Surging Strikes|p1b: Incineroar\n|-supereffective|p1b: Incineroar\n|-crit|p1b: Incineroar\n|-damage|p1b: Incineroar|6/100\n|-supereffective|p1b: Incineroar\n|-crit|p1b: Incineroar\n|-damage|p1b: Incineroar|0 fnt\n|faint|p1b: Incineroar\n|-hitcount|p1: Incineroar|2\n|\n|win|idkloldude\n|c|\u2606idkloldude|gg\n", "uploadtime": 1746039388, "views": 8, "formatid": "gen9vgc2025regibo3", "rating": null, "private": 0, "password": null}