{"id": "gen9vgc2025regibo3-2355122750", "format": "[Gen 9] VGC 2025 Reg I (Bo3)", "players": ["chamoy-pt2", "byebyebirdie1"], "log": "|j|\u2606chamoy-pt2\n|j|\u2606byebyebirdie1\n|html|<table width=\"100%\"><tr><td align=\"left\">chamoy-pt2</td><td align=\"right\">byebyebirdie1</tr><tr><td align=\"left\"><i class=\"fa fa-circle-o\"></i> <i class=\"fa fa-circle-o\"></i> </td><td align=\"right\"><i class=\"fa fa-circle-o\"></i> <i class=\"fa fa-circle-o\"></i> </tr></table>\n|uhtml|bestof|<h2><strong>Game 1</strong> of <a href=\"/game-bestof3-gen9vgc2025regibo3-2355122749\">a best-of-3</a></h2>\n|t:|1746155343\n|gametype|doubles\n|player|p1|chamoy-pt2|265|1142\n|player|p2|byebyebirdie1|101|1232\n|teamsize|p1|6\n|teamsize|p2|6\n|gen|9\n|tier|[Gen 9] VGC 2025 Reg I (Bo3)\n|rated|\n|rule|Species Clause: Limit one of each Pok\u00e9mon\n|rule|Item Clause: Limit 1 of each item\n|clearpoke\n|poke|p1|Lunala, L50|\n|poke|p1|Miraidon, L50|\n|poke|p1|Iron Hands, L50|\n|poke|p1|Urshifu-*, L50, F|\n|poke|p1|Ogerpon-Hearthflame, L50, F|\n|poke|p1|Grimmsnarl, L50, M|\n|poke|p2|Calyrex-Shadow, L50|\n|poke|p2|Rillaboom, L50, F|\n|poke|p2|Zamazenta-*, L50|\n|poke|p2|Incineroar, L50, M|\n|poke|p2|Ogerpon-Hearthflame, L50, F|\n|poke|p2|Raging Bolt, L50|\n|teampreview|4\n|showteam|p1|Lunala||PowerHerb|ShadowShield|MeteorBeam,MoongeistBeam,TrickRoom,WideGuard||||||50|,,,,,Normal]Miraidon||ChoiceSpecs|HadronEngine|ElectroDrift,DracoMeteor,VoltSwitch,DazzlingGleam||||||50|,,,,,Ghost]Iron Hands||AssaultVest|QuarkDrive|FakeOut,DrainPunch,WildCharge,CloseCombat||||||50|,,,,,Grass]Urshifu-Rapid-Strike||ChoiceScarf|UnseenFist|SurgingStrikes,CloseCombat,AquaJet,Uturn|||F|||50|,,,,,Stellar]Ogerpon-Hearthflame||HearthflameMask|MoldBreaker|IvyCudgel,WoodHammer,FollowMe,SpikyShield|||F|||50|,,,,,Fire]Grimmsnarl||SitrusBerry|Prankster|SpiritBreak,PartingShot,ThunderWave,Taunt|||M|||50|,,,,,Water\n|showteam|p2|Calyrex-Shadow||SpellTag|AsOneSpectrier|Protect,AstralBarrage,Psychic,NastyPlot||||||50|,,,,,Water]Rillaboom||AssaultVest|GrassySurge|WoodHammer,FakeOut,GrassyGlide,Uturn|||F|||50|,,,,,Fire]Zamazenta-Crowned||RustedShield|DauntlessShield|behemothbash,BodyPress,WideGuard,Protect||||||50|,,,,,Dragon]Incineroar||SafetyGoggles|Intimidate|FakeOut,WillOWisp,PartingShot,KnockOff|||M|||50|,,,,,Bug]Ogerpon-Hearthflame||HearthflameMask|MoldBreaker|IvyCudgel,FollowMe,SpikyShield,WoodHammer|||F|||50|,,,,,Fire]Raging Bolt||BoosterEnergy|Protosynthesis|Protect,Thunderbolt,Thunderclap,DracoMeteor||||||50|,,,,,Electric\n|inactive|Battle timer is ON: inactive players will automatically lose when time's up. (requested by chamoy-pt2)\n|\n|t:|1746155359\n|start\n|switch|p1a: Miraidon|Miraidon, L50|100/100\n|switch|p1b: Grimmsnarl|Grimmsnarl, L50, M|100/100\n|switch|p2a: Rillaboom|Rillaboom, L50, F|100/100\n|switch|p2b: Zamazenta|Zamazenta-Crowned, L50|100/100\n|-fieldstart|move: Electric Terrain|[from] ability: Hadron Engine|[of] p1a: Miraidon\n|-ability|p2b: Zamazenta|Dauntless Shield|boost\n|-boost|p2b: Zamazenta|def|1\n|-fieldstart|move: Grassy Terrain|[from] ability: Grassy Surge|[of] p2a: Rillaboom\n|turn|1\n|inactive|chamoy-pt2 has 30 seconds left.\n|\n|t:|1746155384\n|move|p2a: Rillaboom|Fake Out|p1b: Grimmsnarl\n|-damage|p1b: Grimmsnarl|87/100\n|cant|p1b: Grimmsnarl|flinch\n|move|p1a: Miraidon|Volt Switch|p2b: Zamazenta\n|-damage|p2b: Zamazenta|58/100\n|\n|t:|1746155392\n|switch|p1a: Iron Hands|Iron Hands, L50|100/100|[from] Volt Switch\n|move|p2b: Zamazenta|Behemoth Bash|p1b: Grimmsnarl\n|-supereffective|p1b: Grimmsnarl\n|-damage|p1b: Grimmsnarl|7/100\n|-enditem|p1b: Grimmsnarl|Sitrus Berry|[eat]\n|-heal|p1b: Grimmsnarl|32/100|[from] item: Sitrus Berry\n|\n|-heal|p2b: Zamazenta|64/100|[from] Grassy Terrain\n|-heal|p1b: Grimmsnarl|38/100|[from] Grassy Terrain\n|upkeep\n|turn|2\n|\n|t:|1746155406\n|switch|p2a: Raging Bolt|Raging Bolt, L50|100/100\n|-enditem|p2a: Raging Bolt|Booster Energy\n|-activate|p2a: Raging Bolt|ability: Protosynthesis|[fromitem]\n|-start|p2a: Raging Bolt|protosynthesisspa\n|move|p2b: Zamazenta|Protect|p2b: Zamazenta\n|-singleturn|p2b: Zamazenta|Protect\n|move|p1a: Iron Hands|Fake Out|p2a: Raging Bolt\n|-damage|p2a: Raging Bolt|87/100\n|move|p1b: Grimmsnarl|Thunder Wave|p2b: Zamazenta\n|-activate|p2b: Zamazenta|move: Protect\n|\n|-heal|p2b: Zamazenta|70/100|[from] Grassy Terrain\n|-heal|p2a: Raging Bolt|93/100|[from] Grassy Terrain\n|-heal|p1b: Grimmsnarl|44/100|[from] Grassy Terrain\n|upkeep\n|turn|3\n|inactive|byebyebirdie1 has 30 seconds left.\n|\n|t:|1746155436\n|move|p1b: Grimmsnarl|Parting Shot|p2a: Raging Bolt\n|-unboost|p2a: Raging Bolt|atk|1\n|-unboost|p2a: Raging Bolt|spa|1\n|\n|t:|1746155438\n|switch|p1b: Miraidon|Miraidon, L50|100/100|[from] Parting Shot\n|-fieldstart|move: Electric Terrain|[from] ability: Hadron Engine|[of] p1b: Miraidon\n|-activate|p1a: Iron Hands|ability: Quark Drive\n|-start|p1a: Iron Hands|quarkdriveatk\n|move|p2b: Zamazenta|Body Press|p1a: Iron Hands\n|-damage|p1a: Iron Hands|50/100\n|move|p2a: Raging Bolt|Thunderbolt|p1b: Miraidon\n|-resisted|p1b: Miraidon\n|-damage|p1b: Miraidon|88/100\n|move|p1a: Iron Hands|Drain Punch|p2b: Zamazenta\n|-supereffective|p2b: Zamazenta\n|-damage|p2b: Zamazenta|27/100\n|-heal|p1a: Iron Hands|67/100|[from] drain|[of] p2b: Zamazenta\n|\n|upkeep\n|turn|4\n|\n|t:|1746155462\n|-end|p2a: Raging Bolt|Protosynthesis|[silent]\n|switch|p2a: Rillaboom|Rillaboom, L50, F|100/100\n|-fieldstart|move: Grassy Terrain|[from] ability: Grassy Surge|[of] p2a: Rillaboom\n|-end|p1a: Iron Hands|Quark Drive\n|move|p2b: Zamazenta|Protect|p2b: Zamazenta\n|-singleturn|p2b: Zamazenta|Protect\n|move|p1b: Miraidon|Volt Switch|p2b: Zamazenta\n|-activate|p2b: Zamazenta|move: Protect\n|move|p1a: Iron Hands|Drain Punch|p2a: Rillaboom\n|-damage|p2a: Rillaboom|57/100\n|-heal|p1a: Iron Hands|85/100|[from] drain|[of] p2a: Rillaboom\n|\n|-heal|p1b: Miraidon|94/100|[from] Grassy Terrain\n|-heal|p2b: Zamazenta|33/100|[from] Grassy Terrain\n|-heal|p2a: Rillaboom|63/100|[from] Grassy Terrain\n|-heal|p1a: Iron Hands|91/100|[from] Grassy Terrain\n|upkeep\n|turn|5\n|\n|t:|1746155482\n|-terastallize|p1b: Miraidon|Ghost\n|-terastallize|p2b: Zamazenta|Dragon\n|move|p1b: Miraidon|Volt Switch|p2b: Zamazenta\n|-resisted|p2b: Zamazenta\n|-damage|p2b: Zamazenta|12/100\n|\n|t:|1746155491\n|switch|p1b: Grimmsnarl|Grimmsnarl, L50, M|44/100|[from] Volt Switch\n|move|p2b: Zamazenta|Body Press|p1a: Iron Hands\n|-damage|p1a: Iron Hands|43/100\n|move|p2a: Rillaboom|Wood Hammer|p1a: Iron Hands\n|-damage|p1a: Iron Hands|0 fnt\n|faint|p1a: Iron Hands\n|-end|p1a: Iron Hands|Quark Drive|[silent]\n|-damage|p2a: Rillaboom|46/100|[from] Recoil\n|\n|-heal|p2b: Zamazenta|18/100|[from] Grassy Terrain\n|-heal|p2a: Rillaboom|52/100|[from] Grassy Terrain\n|-heal|p1b: Grimmsnarl|50/100|[from] Grassy Terrain\n|upkeep\n|\n|t:|1746155500\n|switch|p1a: Miraidon|Miraidon, L50, tera:Ghost|94/100\n|-fieldstart|move: Electric Terrain|[from] ability: Hadron Engine|[of] p1a: Miraidon\n|turn|6\n|\n|t:|1746155518\n|switch|p2a: Raging Bolt|Raging Bolt, L50|93/100\n|move|p2b: Zamazenta|Protect|p2b: Zamazenta\n|-singleturn|p2b: Zamazenta|Protect\n|move|p1b: Grimmsnarl|Parting Shot|p2a: Raging Bolt\n|-unboost|p2a: Raging Bolt|atk|1\n|-unboost|p2a: Raging Bolt|spa|1\n|\n|t:|1746155525\n|switch|p1b: Urshifu|Urshifu-Rapid-Strike, L50, F|100/100|[from] Parting Shot\n|move|p1a: Miraidon|Dazzling Gleam|p2b: Zamazenta|[spread] p2a\n|-activate|p2b: Zamazenta|move: Protect\n|-supereffective|p2a: Raging Bolt\n|-damage|p2a: Raging Bolt|20/100\n|\n|upkeep\n|turn|7\n|inactive|chamoy-pt2 has 30 seconds left.\n|\n|t:|1746155552\n|move|p2b: Zamazenta|Wide Guard|p2b: Zamazenta\n|-singleturn|p2b: Zamazenta|Wide Guard\n|move|p1b: Urshifu|Aqua Jet|p2a: Raging Bolt\n|-resisted|p2a: Raging Bolt\n|-damage|p2a: Raging Bolt|10/100\n|move|p2a: Raging Bolt|Thunderclap||[still]\n|-fail|p2a: Raging Bolt\n|move|p1a: Miraidon|Dazzling Gleam|p2a: Raging Bolt|[spread] \n|-activate|p2a: Raging Bolt|move: Wide Guard\n|-activate|p2b: Zamazenta|move: Wide Guard\n|\n|upkeep\n|turn|8\n|\n|t:|1746155564\n|move|p2b: Zamazenta|Wide Guard|p2b: Zamazenta\n|-singleturn|p2b: Zamazenta|Wide Guard\n|move|p1b: Urshifu|Aqua Jet|p2a: Raging Bolt\n|-resisted|p2a: Raging Bolt\n|-crit|p2a: Raging Bolt\n|-damage|p2a: Raging Bolt|0 fnt\n|faint|p2a: Raging Bolt\n|-end|p2a: Raging Bolt|Protosynthesis|[silent]\n|move|p1a: Miraidon|Dazzling Gleam|p2b: Zamazenta\n|-activate|p2b: Zamazenta|move: Wide Guard\n|\n|upkeep\n|\n|t:|1746155574\n|switch|p2a: Rillaboom|Rillaboom, L50, F|52/100\n|-fieldstart|move: Grassy Terrain|[from] ability: Grassy Surge|[of] p2a: Rillaboom\n|turn|9\n|\n|t:|1746155584\n|switch|p1b: Grimmsnarl|Grimmsnarl, L50, M|50/100\n|move|p2b: Zamazenta|Wide Guard|p2b: Zamazenta\n|-singleturn|p2b: Zamazenta|Wide Guard\n|move|p1a: Miraidon|Dazzling Gleam|p2b: Zamazenta|[spread] \n|-activate|p2a: Rillaboom|move: Wide Guard\n|-activate|p2b: Zamazenta|move: Wide Guard\n|move|p2a: Rillaboom|Wood Hammer|p1b: Grimmsnarl\n|-damage|p1b: Grimmsnarl|0 fnt\n|faint|p1b: Grimmsnarl\n|-damage|p2a: Rillaboom|36/100|[from] Recoil\n|\n|-heal|p1a: Miraidon|99/100|[from] Grassy Terrain\n|-heal|p2b: Zamazenta|25/100|[from] Grassy Terrain\n|-heal|p2a: Rillaboom|42/100|[from] Grassy Terrain\n|upkeep\n|\n|t:|1746155591\n|switch|p1b: Urshifu|Urshifu-Rapid-Strike, L50, F|100/100\n|turn|10\n|\n|t:|1746155605\n|move|p2b: Zamazenta|Wide Guard|p2b: Zamazenta\n|-singleturn|p2b: Zamazenta|Wide Guard\n|move|p2a: Rillaboom|Grassy Glide|p1b: Urshifu\n|-supereffective|p1b: Urshifu\n|-damage|p1b: Urshifu|22/100\n|move|p1b: Urshifu|Close Combat|p2b: Zamazenta\n|-damage|p2b: Zamazenta|0 fnt\n|-unboost|p1b: Urshifu|def|1\n|-unboost|p1b: Urshifu|spd|1\n|faint|p2b: Zamazenta\n|move|p1a: Miraidon|Dazzling Gleam|p2a: Rillaboom\n|-activate|p2a: Rillaboom|move: Wide Guard\n|\n|-heal|p1b: Urshifu|27/100|[from] Grassy Terrain\n|-heal|p1a: Miraidon|100/100|[from] Grassy Terrain\n|-heal|p2a: Rillaboom|48/100|[from] Grassy Terrain\n|upkeep\n|\n|t:|1746155615\n|switch|p2b: Calyrex|Calyrex-Shadow, L50|100/100\n|-ability|p2b: Calyrex|As One\n|-ability|p2b: Calyrex|Unnerve\n|turn|11\n|\n|t:|1746155622\n|move|p2a: Rillaboom|Grassy Glide|p1b: Urshifu\n|-supereffective|p1b: Urshifu\n|-damage|p1b: Urshifu|0 fnt\n|faint|p1b: Urshifu\n|move|p2b: Calyrex|Astral Barrage|p1a: Miraidon\n|-supereffective|p1a: Miraidon\n|-damage|p1a: Miraidon|0 fnt\n|faint|p1a: Miraidon\n|\n|win|byebyebirdie1\n||chamoy-pt2 is ready for game 2.\n", "uploadtime": 1746155631, "views": 8, "formatid": "gen9vgc2025regibo3", "rating": null, "private": 0, "password": null}