{"id": "gen9vgc2025regibo3-2354144012", "format": "[Gen 9] VGC 2025 Reg I (Bo3)", "players": ["espatocular", "direclawexperience"], "log": "|j|\u2606espatocular\n|j|\u2606direclawexperience\n|html|<table width=\"100%\"><tr><td align=\"left\">espatocular</td><td align=\"right\">direclawexperience</tr><tr><td align=\"left\"><i class=\"fa fa-circle-o\"></i> <i class=\"fa fa-circle-o\"></i> </td><td align=\"right\"><i class=\"fa fa-circle-o\"></i> <i class=\"fa fa-circle\"></i> </tr></table>\n|uhtml|bestof|<h2><strong>Game 2</strong> of <a href=\"/game-bestof3-gen9vgc2025regibo3-2354140361\">a best-of-3</a></h2>\n|t:|1746038641\n|gametype|doubles\n|player|p1|espatocular|170|1250\n|player|p2|direclawexperience|benga|1234\n|teamsize|p1|6\n|teamsize|p2|6\n|gen|9\n|tier|[Gen 9] VGC 2025 Reg I (Bo3)\n|rated|\n|rule|Species Clause: Limit one of each Pok\u00e9mon\n|rule|Item Clause: Limit 1 of each item\n|clearpoke\n|poke|p1|Zamazenta-*, L50|\n|poke|p1|Urshifu-*, L50, F|\n|poke|p1|Tornadus, L50, M|\n|poke|p1|Calyrex-Shadow, L50|\n|poke|p1|Rillaboom, L50, M|\n|poke|p1|Chien-Pao, L50|\n|poke|p2|Terapagos, L50, M|\n|poke|p2|Volcarona, L50, F|\n|poke|p2|Farigiraf, L50, F|\n|poke|p2|Iron Hands, L50|\n|poke|p2|Miraidon, L50|\n|poke|p2|Urshifu-*, L50, M|\n|teampreview|4\n|showteam|p1|Zamazenta-Crowned||RustedShield|DauntlessShield|Protect,BodyPress,HeavySlam,WideGuard||||||50|,,,,,Water]Urshifu-Rapid-Strike||MysticWater|UnseenFist|Detect,SurgingStrikes,CloseCombat,AquaJet|||F|||50|,,,,,Water]Tornadus||RockyHelmet|Prankster|Protect,BleakwindStorm,RainDance,Tailwind|||M|||50|,,,,,Dark]Calyrex-Shadow||FocusSash|AsOneSpectrier|Protect,AstralBarrage,Psychic,WillOWisp||||||50|,,,,,Ghost]Rillaboom||AssaultVest|GrassySurge|FakeOut,WoodHammer,GrassyGlide,Uturn|||M|||50|,,,,,Fire]Chien-Pao||LifeOrb|SwordofRuin|Protect,IcicleCrash,IceShard,Crunch||||||50|,,,,,Stellar\n|showteam|p2|Terapagos||ChoiceSpecs|TeraShift|TeraStarstorm,EarthPower,HyperBeam,DarkPulse|||M|||50|,,,,,Stellar]Volcarona||RockyHelmet|FlameBody|Overheat,WillOWisp,RagePowder,Tailwind|||F|||50|,,,,,Water]Farigiraf||ElectricSeed|ArmorTail|FoulPlay,PsychicNoise,HelpingHand,TrickRoom|||F|||50|,,,,,Water]Iron Hands||AssaultVest|QuarkDrive|LowKick,WildCharge,VoltSwitch,FakeOut||||||50|,,,,,Water]Miraidon||ChoiceScarf|HadronEngine|ElectroDrift,VoltSwitch,DracoMeteor,ScaryFace||||||50|,,,,,Electric]Urshifu-Rapid-Strike||MysticWater|UnseenFist|SurgingStrikes,AquaJet,CloseCombat,Detect|||M|||50|,,,,,Water\n|inactive|Battle timer is ON: inactive players will automatically lose when time's up. (requested by direclawexperience)\n|\n|t:|1746038663\n|start\n|switch|p1a: Calyrex|Calyrex-Shadow, L50|100/100\n|switch|p1b: Zamazenta|Zamazenta-Crowned, L50|100/100\n|switch|p2a: Miraidon|Miraidon, L50|100/100\n|switch|p2b: Farigiraf|Farigiraf, L50, F|100/100\n|-ability|p1a: Calyrex|As One\n|-ability|p1a: Calyrex|Unnerve\n|-fieldstart|move: Electric Terrain|[from] ability: Hadron Engine|[of] p2a: Miraidon\n|-enditem|p2b: Farigiraf|Electric Seed\n|-boost|p2b: Farigiraf|def|1|[from] item: Electric Seed\n|-ability|p1b: Zamazenta|Dauntless Shield|boost\n|-boost|p1b: Zamazenta|def|1\n|turn|1\n|\n|t:|1746038683\n|-terastallize|p2a: Miraidon|Electric\n|move|p2b: Farigiraf|Helping Hand|p2a: Miraidon\n|-singleturn|p2a: Miraidon|Helping Hand|[of] p2b: Farigiraf\n|move|p2a: Miraidon|Electro Drift|p1b: Zamazenta\n|-damage|p1b: Zamazenta|0 fnt\n|faint|p1b: Zamazenta\n|move|p1a: Calyrex|Astral Barrage|p2b: Farigiraf|[spread] p2a\n|-immune|p2b: Farigiraf\n|-crit|p2a: Miraidon\n|-damage|p2a: Miraidon|20/100\n|\n|upkeep\n|\n|t:|1746038693\n|switch|p1b: Urshifu|Urshifu-Rapid-Strike, L50, F|100/100\n|turn|2\n|inactive|direclawexperience has 30 seconds left.\n|\n|t:|1746038727\n|switch|p1b: Rillaboom|Rillaboom, L50, M|100/100\n|-fieldstart|move: Grassy Terrain|[from] ability: Grassy Surge|[of] p1b: Rillaboom\n|move|p2a: Miraidon|Electro Drift|p1a: Calyrex\n|-damage|p1a: Calyrex|29/100\n|move|p1a: Calyrex|Astral Barrage|p2a: Miraidon|[spread] p2a\n|-immune|p2b: Farigiraf\n|-damage|p2a: Miraidon|0 fnt\n|faint|p2a: Miraidon\n|-ability|p1a: Calyrex|Grim Neigh|boost\n|-boost|p1a: Calyrex|spa|1\n|move|p2b: Farigiraf|Trick Room|p2b: Farigiraf\n|-fieldstart|move: Trick Room|[of] p2b: Farigiraf\n|\n|-heal|p1a: Calyrex|35/100|[from] Grassy Terrain\n|upkeep\n|\n|t:|1746038745\n|switch|p2a: Terapagos|Terapagos, L50, M|100/100\n|-activate|p2a: Terapagos|ability: Tera Shift\n|detailschange|p2a: Terapagos|Terapagos-Terastal, L50, M\n|-heal|p2a: Terapagos|100/100|[silent]\n|turn|3\n|inactive|direclawexperience has 30 seconds left.\n|\n|t:|1746038771\n|move|p1a: Calyrex|Protect|p1a: Calyrex\n|-singleturn|p1a: Calyrex|Protect\n|move|p2b: Farigiraf|Foul Play|p1a: Calyrex\n|-activate|p1a: Calyrex|move: Protect\n|move|p1b: Rillaboom|U-turn|p2a: Terapagos\n|-activate|p2a: Terapagos|ability: Tera Shell\n|-resisted|p2a: Terapagos\n|-damage|p2a: Terapagos|92/100\n|\n|t:|1746038777\n|switch|p1b: Urshifu|Urshifu-Rapid-Strike, L50, F|100/100|[from] U-turn\n|move|p2a: Terapagos|Tera Starstorm|p1b: Urshifu\n|-damage|p1b: Urshifu|0 fnt\n|faint|p1b: Urshifu\n|\n|-heal|p2a: Terapagos|98/100|[from] Grassy Terrain\n|-heal|p1a: Calyrex|41/100|[from] Grassy Terrain\n|upkeep\n|\n|t:|1746038782\n|switch|p1b: Rillaboom|Rillaboom, L50, M|100/100\n|turn|4\n|\n|t:|1746038790\n|-terastallize|p1a: Calyrex|Ghost\n|move|p2b: Farigiraf|Foul Play|p1a: Calyrex\n|-supereffective|p1a: Calyrex\n|-damage|p1a: Calyrex|5/100\n|move|p1b: Rillaboom|Wood Hammer|p2a: Terapagos\n|-damage|p2a: Terapagos|39/100\n|-damage|p1b: Rillaboom|82/100|[from] Recoil\n|move|p2a: Terapagos|Tera Starstorm|p1b: Rillaboom\n|-damage|p1b: Rillaboom|26/100\n|move|p1a: Calyrex|Psychic|p2a: Terapagos\n|-damage|p2a: Terapagos|0 fnt\n|faint|p2a: Terapagos\n|-ability|p1a: Calyrex|Grim Neigh|boost\n|-boost|p1a: Calyrex|spa|1\n|\n|-heal|p1b: Rillaboom|32/100|[from] Grassy Terrain\n|-heal|p1a: Calyrex|11/100|[from] Grassy Terrain\n|upkeep\n|\n|t:|1746038801\n|switch|p2a: Volcarona|Volcarona, L50, F|100/100\n|turn|5\n|\n|t:|1746038810\n|move|p1a: Calyrex|Protect|p1a: Calyrex\n|-singleturn|p1a: Calyrex|Protect\n|move|p2b: Farigiraf|Foul Play|p1a: Calyrex\n|-activate|p1a: Calyrex|move: Protect\n|move|p1b: Rillaboom|Wood Hammer|p2b: Farigiraf\n|-damage|p2b: Farigiraf|60/100\n|-damage|p1b: Rillaboom|17/100|[from] Recoil\n|move|p2a: Volcarona|Overheat|p1b: Rillaboom\n|-supereffective|p1b: Rillaboom\n|-damage|p1b: Rillaboom|0 fnt\n|-unboost|p2a: Volcarona|spa|2\n|faint|p1b: Rillaboom\n|\n|-heal|p2b: Farigiraf|67/100|[from] Grassy Terrain\n|-heal|p1a: Calyrex|18/100|[from] Grassy Terrain\n|upkeep\n|turn|6\n|\n|t:|1746038819\n|move|p1a: Calyrex|Protect|p1a: Calyrex\n|-singleturn|p1a: Calyrex|Protect\n|move|p2b: Farigiraf|Foul Play|p1a: Calyrex\n|-activate|p1a: Calyrex|move: Protect\n|move|p2a: Volcarona|Tailwind|p2a: Volcarona\n|-sidestart|p2: direclawexperience|move: Tailwind\n|\n|-heal|p2b: Farigiraf|73/100|[from] Grassy Terrain\n|-heal|p1a: Calyrex|24/100|[from] Grassy Terrain\n|-fieldend|move: Trick Room\n|-fieldend|move: Grassy Terrain\n|upkeep\n|turn|7\n|\n|t:|1746038826\n|move|p2a: Volcarona|Overheat|p1a: Calyrex\n|-damage|p1a: Calyrex|0 fnt\n|-unboost|p2a: Volcarona|spa|2\n|faint|p1a: Calyrex\n|\n|win|direclawexperience\n|raw|espatocular's rating: 1250 &rarr; <strong>1224</strong><br />(-26 for losing)\n|raw|direclawexperience's rating: 1234 &rarr; <strong>1260</strong><br />(+26 for winning)\n|l|\u2606direclawexperience\n|player|p2|\n", "uploadtime": 1746038850, "views": 11, "formatid": "gen9vgc2025regibo3", "rating": 1224, "private": 0, "password": null}