{"id": "gen9vgc2025regibo3-2355147462", "format": "[Gen 9] VGC 2025 Reg I (Bo3)", "players": ["girasolia", "marcosdeltasena31"], "log": "|j|\u2606girasolia\n|j|\u2606marcosdeltasena31\n|html|<table width=\"100%\"><tr><td align=\"left\">girasolia</td><td align=\"right\">marcosdeltasena31</tr><tr><td align=\"left\"><i class=\"fa fa-circle-o\"></i> <i class=\"fa fa-circle-o\"></i> </td><td align=\"right\"><i class=\"fa fa-circle-o\"></i> <i class=\"fa fa-circle-o\"></i> </tr></table>\n|uhtml|bestof|<h2><strong>Game 1</strong> of <a href=\"/game-bestof3-gen9vgc2025regibo3-2355147461\">a best-of-3</a></h2>\n|t:|1746158710\n|gametype|doubles\n|player|p1|girasolia|dawn-gen4pt|1340\n|player|p2|marcosdeltasena31|hilbert|1291\n|teamsize|p1|6\n|teamsize|p2|6\n|gen|9\n|tier|[Gen 9] VGC 2025 Reg I (Bo3)\n|rated|\n|rule|Species Clause: Limit one of each Pok\u00e9mon\n|rule|Item Clause: Limit 1 of each item\n|clearpoke\n|poke|p1|Zamazenta-*, L50|\n|poke|p1|Kyogre, L50|\n|poke|p1|Chien-Pao, L50|\n|poke|p1|Urshifu-*, L50, F|\n|poke|p1|Tornadus, L50, M|\n|poke|p1|Amoonguss, L50, M|\n|poke|p2|Koraidon, L50|\n|poke|p2|Lunala, L50|\n|poke|p2|Incineroar, L50, F|\n|poke|p2|Flutter Mane, L50|\n|poke|p2|Ursaluna, L50, M|\n|poke|p2|Brute Bonnet, L50|\n|teampreview|4\n|showteam|p1|Zamazenta-Crowned||RustedShield|DauntlessShield|BodyPress,behemothbash,WideGuard,Protect||||||50|,,,,,Dragon]Kyogre||MysticWater|Drizzle|WaterSpout,HydroPump,IceBeam,Protect||||||50|,,,,,Grass]Chien-Pao||FocusSash|SwordofRuin|IceSpinner,ThroatChop,SuckerPunch,Protect||||||50|,,,,,Stellar]Urshifu-Rapid-Strike||ChoiceScarf|UnseenFist|SurgingStrikes,CloseCombat,AquaJet,Uturn|||F|||50|,,,,,Water]Tornadus||CovertCloak|Prankster|BleakwindStorm,Tailwind,RainDance,Protect|||M|||50|,,,,,Dark]Amoonguss||RockyHelmet|Regenerator|PollenPuff,Spore,RagePowder,Protect|||M|||50|,,,,,Water\n|showteam|p2|Koraidon||LifeOrb|OrichalcumPulse|FlareBlitz,CollisionCourse,FlameCharge,Protect||||||50|,,,,,Fire]Lunala||PowerHerb|ShadowShield|MoongeistBeam,MeteorBeam,WideGuard,TrickRoom||||||50|,,,,,Water]Incineroar||RockyHelmet|Intimidate|KnockOff,FakeOut,PartingShot,WillOWisp|||F|||50|,,,,,Bug]Flutter Mane||FocusSash|Protosynthesis|Moonblast,ShadowBall,IcyWind,Protect||||||50|,,,,,Fairy]Ursaluna||FlameOrb|Guts|HeadlongRush,Facade,Earthquake,Protect|||M|||50|,,,,,Ghost]Brute Bonnet||CovertCloak|Protosynthesis|SeedBomb,Spore,RagePowder,SuckerPunch||||||50|,,,,,Water\n|inactive|Battle timer is ON: inactive players will automatically lose when time's up. (requested by girasolia)\n|j| IDislikeRagingBolt\n|inactive|girasolia has 60 seconds left.\n|\n|t:|1746158755\n|start\n|switch|p1a: Zamazenta|Zamazenta-Crowned, L50, shiny|100/100\n|switch|p1b: Chien-Pao|Chien-Pao, L50|100/100\n|switch|p2a: Lunala|Lunala, L50|100/100\n|switch|p2b: Incineroar|Incineroar, L50, F|100/100\n|-ability|p1b: Chien-Pao|Sword of Ruin\n|-ability|p1a: Zamazenta|Dauntless Shield|boost\n|-boost|p1a: Zamazenta|def|1\n|-ability|p2b: Incineroar|Intimidate|boost\n|-unboost|p1a: Zamazenta|atk|1\n|-unboost|p1b: Chien-Pao|atk|1\n|turn|1\n|\n|t:|1746158778\n|switch|p1b: Kyogre|Kyogre, L50, shiny|100/100\n|-weather|RainDance|[from] ability: Drizzle|[of] p1b: Kyogre\n|move|p2b: Incineroar|Fake Out|p1a: Zamazenta\n|-resisted|p1a: Zamazenta\n|-crit|p1a: Zamazenta\n|-damage|p1a: Zamazenta|95/100\n|cant|p1a: Zamazenta|flinch\n|move|p2a: Lunala|Meteor Beam||[still]\n|-prepare|p2a: Lunala|Meteor Beam\n|-boost|p2a: Lunala|spa|1\n|-enditem|p2a: Lunala|Power Herb\n|-anim|p2a: Lunala|Meteor Beam|p1b: Kyogre\n|-damage|p1b: Kyogre|56/100\n|\n|-weather|RainDance|[upkeep]\n|upkeep\n|turn|2\n|inactive|girasolia has 30 seconds left.\n|inactive|marcosdeltasena31 has 30 seconds left.\n|inactive|marcosdeltasena31 has 20 seconds left.\n|\n|t:|1746158814\n|-terastallize|p2b: Incineroar|Bug\n|move|p1a: Zamazenta|Behemoth Bash|p2a: Lunala\n|-damage|p2a: Lunala|90/100\n|move|p1b: Kyogre|Water Spout|p2b: Incineroar|[spread] p2a,p2b\n|-damage|p2a: Lunala|41/100\n|-damage|p2b: Incineroar|42/100\n|move|p2b: Incineroar|Parting Shot|p1a: Zamazenta\n|-unboost|p1a: Zamazenta|atk|1\n|-unboost|p1a: Zamazenta|spa|1\n|\n|t:|1746158826\n|switch|p2b: Ursaluna|Ursaluna, L50, M|100/100|[from] Parting Shot\n|move|p2a: Lunala|Trick Room|p2a: Lunala\n|-fieldstart|move: Trick Room|[of] p2a: Lunala\n|\n|-weather|RainDance|[upkeep]\n|-status|p2b: Ursaluna|brn|[from] item: Flame Orb\n|upkeep\n|turn|3\n|inactive|girasolia has 30 seconds left.\n|inactive|girasolia has 20 seconds left.\n|inactive|girasolia has 15 seconds left.\n|\n|t:|1746158868\n|-terastallize|p1a: Zamazenta|Dragon\n|move|p2b: Ursaluna|Protect|p2b: Ursaluna\n|-singleturn|p2b: Ursaluna|Protect\n|move|p1b: Kyogre|Protect|p1b: Kyogre\n|-singleturn|p1b: Kyogre|Protect\n|move|p2a: Lunala|Moongeist Beam|p1b: Kyogre\n|-activate|p1b: Kyogre|move: Protect\n|move|p1a: Zamazenta|Body Press|p2b: Ursaluna\n|-activate|p2b: Ursaluna|move: Protect\n|\n|-weather|RainDance|[upkeep]\n|-damage|p2b: Ursaluna|95/100 brn|[from] brn\n|upkeep\n|turn|4\n|\n|t:|1746158888\n|move|p1a: Zamazenta|Protect|p1a: Zamazenta\n|-singleturn|p1a: Zamazenta|Protect\n|move|p2b: Ursaluna|Facade|p1b: Kyogre\n|-damage|p1b: Kyogre|0 fnt\n|faint|p1b: Kyogre\n|move|p2a: Lunala|Moongeist Beam|p1a: Zamazenta\n|-activate|p1a: Zamazenta|move: Protect\n|\n|-weather|RainDance|[upkeep]\n|-damage|p2b: Ursaluna|89/100 brn|[from] brn\n|upkeep\n|\n|t:|1746158905\n|switch|p1b: Chien-Pao|Chien-Pao, L50|100/100\n|-ability|p1b: Chien-Pao|Sword of Ruin\n|turn|5\n|\n|t:|1746158920\n|move|p2a: Lunala|Wide Guard|p2a: Lunala\n|-singleturn|p2a: Lunala|Wide Guard\n|move|p1b: Chien-Pao|Sucker Punch||[still]\n|-fail|p1b: Chien-Pao\n|move|p2b: Ursaluna|Earthquake|p1b: Chien-Pao|[spread] p1a,p1b\n|-activate|p2a: Lunala|move: Wide Guard\n|-damage|p1a: Zamazenta|65/100\n|-damage|p1b: Chien-Pao|13/100\n|move|p1a: Zamazenta|Body Press|p2a: Lunala\n|-immune|p2a: Lunala\n|\n|-weather|none\n|-damage|p2b: Ursaluna|83/100 brn|[from] brn\n|upkeep\n|turn|6\n|\n|t:|1746158940\n|move|p1a: Zamazenta|Protect|p1a: Zamazenta\n|-singleturn|p1a: Zamazenta|Protect\n|move|p1b: Chien-Pao|Protect|p1b: Chien-Pao\n|-singleturn|p1b: Chien-Pao|Protect\n|move|p2b: Ursaluna|Facade|p1a: Zamazenta\n|-activate|p1a: Zamazenta|move: Protect\n|move|p2a: Lunala|Moongeist Beam|p1a: Zamazenta\n|-activate|p1a: Zamazenta|move: Protect\n|\n|-damage|p2b: Ursaluna|77/100 brn|[from] brn\n|-fieldend|move: Trick Room\n|upkeep\n|turn|7\n|\n|t:|1746158965\n|switch|p2b: Incineroar|Incineroar, L50, F, tera:Bug|42/100\n|-ability|p2b: Incineroar|Intimidate|boost\n|-unboost|p1a: Zamazenta|atk|1\n|-unboost|p1b: Chien-Pao|atk|1\n|move|p1b: Chien-Pao|Throat Chop|p2a: Lunala\n|-supereffective|p2a: Lunala\n|-damage|p2a: Lunala|0 fnt\n|faint|p2a: Lunala\n|move|p1a: Zamazenta|Body Press|p2b: Incineroar\n|-resisted|p2b: Incineroar\n|-damage|p2b: Incineroar|11/100\n|-damage|p1a: Zamazenta|49/100|[from] item: Rocky Helmet|[of] p2b: Incineroar\n|\n|upkeep\n|\n|t:|1746158972\n|switch|p2a: Koraidon|Koraidon, L50|100/100\n|-weather|SunnyDay|[from] ability: Orichalcum Pulse|[of] p2a: Koraidon\n|-activate|p2a: Koraidon|Orichalcum Pulse|[source]\n|turn|8\n|\n|t:|1746158986\n|move|p1b: Chien-Pao|Protect|p1b: Chien-Pao\n|-singleturn|p1b: Chien-Pao|Protect\n|move|p1a: Zamazenta|Protect|p1a: Zamazenta\n|-singleturn|p1a: Zamazenta|Protect\n|move|p2b: Incineroar|Fake Out|p1b: Chien-Pao\n|-activate|p1b: Chien-Pao|move: Protect\n|move|p2a: Koraidon|Flame Charge|p1a: Zamazenta\n|-activate|p1a: Zamazenta|move: Protect\n|\n|-weather|SunnyDay|[upkeep]\n|upkeep\n|turn|9\n|\n|t:|1746159007\n|move|p1b: Chien-Pao|Ice Spinner|p2a: Koraidon\n|-supereffective|p2a: Koraidon\n|-damage|p2a: Koraidon|37/100\n|move|p2a: Koraidon|Collision Course|p1a: Zamazenta\n|-damage|p1a: Zamazenta|4/100\n|-damage|p2a: Koraidon|27/100|[from] item: Life Orb\n|move|p1a: Zamazenta|Body Press|p2b: Incineroar\n|-resisted|p2b: Incineroar\n|-damage|p2b: Incineroar|0 fnt\n|-damage|p1a: Zamazenta|0 fnt|[from] item: Rocky Helmet|[of] p2b: Incineroar\n|faint|p2b: Incineroar\n|faint|p1a: Zamazenta\n|\n|-weather|SunnyDay|[upkeep]\n|upkeep\n|\n|t:|1746159020\n|switch|p1a: Tornadus|Tornadus, L50, M|100/100\n|switch|p2b: Ursaluna|Ursaluna, L50, M|77/100 brn\n|turn|10\n|inactive|girasolia has 30 seconds left.\n|inactive|girasolia has 20 seconds left.\n|inactive|girasolia has 15 seconds left.\n|\n|t:|1746159064\n|move|p1a: Tornadus|Rain Dance|p1a: Tornadus\n|-weather|RainDance\n|move|p1b: Chien-Pao|Ice Spinner|p2b: Ursaluna\n|-supereffective|p2b: Ursaluna\n|-damage|p2b: Ursaluna|20/100 brn\n|move|p2a: Koraidon|Flame Charge|p1b: Chien-Pao\n|-supereffective|p1b: Chien-Pao\n|-damage|p1b: Chien-Pao|0 fnt\n|-boost|p2a: Koraidon|spe|1\n|faint|p1b: Chien-Pao\n|-damage|p2a: Koraidon|18/100|[from] item: Life Orb\n|move|p2b: Ursaluna|Facade|p1a: Tornadus\n|-damage|p1a: Tornadus|0 fnt\n|faint|p1a: Tornadus\n|\n|win|marcosdeltasena31\n|inactive|girasolia has 30 seconds to confirm battle start!\n|inactive|marcosdeltasena31 has 30 seconds to confirm battle start!\n||marcosdeltasena31 is ready for game 2.\n|l| IDislikeRagingBolt\n||girasolia is ready for game 2.\n|uhtml|next|Next: <a href=\"/battle-gen9vgc2025regibo3-2355150018\"><strong>Game 2 of 3</strong></a>\n", "uploadtime": 1746159085, "views": 2, "formatid": "gen9vgc2025regibo3", "rating": null, "private": 0, "password": null}