{"id": "gen9vgc2025regibo3-2353864741", "format": "[Gen 9] VGC 2025 Reg I (Bo3)", "players": ["dambro222", "bapycara"], "log": "|j|\u2606dambro222\n|j|\u2606bapycara\n|html|<table width=\"100%\"><tr><td align=\"left\">dambro222</td><td align=\"right\">bapycara</tr><tr><td align=\"left\"><i class=\"fa fa-circle-o\"></i> <i class=\"fa fa-circle-o\"></i> </td><td align=\"right\"><i class=\"fa fa-circle-o\"></i> <i class=\"fa fa-circle-o\"></i> </tr></table>\n|uhtml|bestof|<h2><strong>Game 1</strong> of <a href=\"/game-bestof3-gen9vgc2025regibo3-2353864740\">a best-of-3</a></h2>\n|t:|1746012194\n|gametype|doubles\n|player|p1|dambro222|101|1193\n|player|p2|bapycara|maid|1188\n|teamsize|p1|6\n|teamsize|p2|6\n|gen|9\n|tier|[Gen 9] VGC 2025 Reg I (Bo3)\n|rated|\n|rule|Species Clause: Limit one of each Pok\u00e9mon\n|rule|Item Clause: Limit 1 of each item\n|clearpoke\n|poke|p1|Ho-Oh, L50|\n|poke|p1|Miraidon, L50|\n|poke|p1|Flutter Mane, L50|\n|poke|p1|Iron Hands, L50|\n|poke|p1|Urshifu-*, L50, M|\n|poke|p1|Iron Treads, L50|\n|poke|p2|Ogerpon, L50, F|\n|poke|p2|Kyogre, L50|\n|poke|p2|Raging Bolt, L50|\n|poke|p2|Incineroar, L50, M|\n|poke|p2|Calyrex-Shadow, L50|\n|poke|p2|Moltres-Galar, L50|\n|teampreview|4\n|showteam|p1|Ho-Oh||ClearAmulet|Regenerator|SacredFire,BraveBird,Tailwind,Protect||||||50|,,,,,Dragon]Miraidon||CovertCloak|HadronEngine|ElectroDrift,VoltSwitch,DracoMeteor,Protect||||||50|,,,,,Electric]Flutter Mane||BoosterEnergy|Protosynthesis|Moonblast,ShadowBall,IcyWind,Protect||||||50|,,,,,Fairy]Iron Hands||AssaultVest|QuarkDrive|FakeOut,DrainPunch,WildCharge,LowKick||||||50|,,,,,Water]Urshifu||FocusSash|UnseenFist|WickedBlow,CloseCombat,SuckerPunch,Detect|||M|||50|,,,,,Poison]Iron Treads||ChoiceBand|QuarkDrive|IronHead,HighHorsepower,KnockOff,SteelRoller||||||50|,,,,,Water\n|showteam|p2|Ogerpon||LifeOrb|Defiant|SpikyShield,IvyCudgel,Superpower,FollowMe|||F|||50|,,,,,Grass]Kyogre||ChoiceScarf|Drizzle|WaterSpout,IceBeam,OriginPulse,Thunder||||||50|,,,,,Water]Raging Bolt||BoosterEnergy|Protosynthesis|Thunder,DracoMeteor,Thunderclap,Protect||||||50|,,,,,Electric]Incineroar||SafetyGoggles|Intimidate|Taunt,FakeOut,KnockOff,PartingShot|||M|||50|,,,,,Ghost]Calyrex-Shadow||FocusSash|AsOneSpectrier|AstralBarrage,Psychic,Encore,Protect||||||50|,,,,,Normal]Moltres-Galar||CovertCloak|Berserk|Snarl,Hurricane,Tailwind,Protect||||||50|,,,,,Grass\n|inactive|Battle timer is ON: inactive players will automatically lose when time's up. (requested by bapycara)\n|inactive|dambro222 has 60 seconds left.\n|inactive|bapycara has 60 seconds left.\n|\n|t:|1746012244\n|start\n|switch|p1a: Ho-Oh|Ho-Oh, L50|100/100\n|switch|p1b: Miraidon|Miraidon, L50|100/100\n|switch|p2a: Moltres|Moltres-Galar, L50|100/100\n|switch|p2b: Ogerpon|Ogerpon, L50, F|100/100\n|-fieldstart|move: Electric Terrain|[from] ability: Hadron Engine|[of] p1b: Miraidon\n|turn|1\n|inactive|dambro222 has 30 seconds left.\n|\n|t:|1746012279\n|move|p1b: Miraidon|Protect|p1b: Miraidon\n|-singleturn|p1b: Miraidon|Protect\n|move|p2b: Ogerpon|Follow Me|p2b: Ogerpon\n|-singleturn|p2b: Ogerpon|move: Follow Me\n|move|p2a: Moltres|Tailwind|p2a: Moltres\n|-sidestart|p2: bapycara|move: Tailwind\n|move|p1a: Ho-Oh|Brave Bird|p2b: Ogerpon\n|-supereffective|p2b: Ogerpon\n|-damage|p2b: Ogerpon|0 fnt\n|faint|p2b: Ogerpon\n|-damage|p1a: Ho-Oh|72/100|[from] Recoil\n|\n|upkeep\n|\n|t:|1746012294\n|switch|p2b: Calyrex|Calyrex-Shadow, L50|100/100\n|-ability|p2b: Calyrex|As One\n|-ability|p2b: Calyrex|Unnerve\n|turn|2\n|\n|t:|1746012315\n|-terastallize|p1b: Miraidon|Electric\n|move|p2b: Calyrex|Encore|p1b: Miraidon\n|-start|p1b: Miraidon|Encore\n|move|p2a: Moltres|Hurricane|p1a: Ho-Oh|[miss]\n|-miss|p2a: Moltres|p1a: Ho-Oh\n|move|p1b: Miraidon|Protect|p1b: Miraidon\n|-singleturn|p1b: Miraidon|Protect\n|move|p1a: Ho-Oh|Tailwind|p1a: Ho-Oh\n|-sidestart|p1: dambro222|move: Tailwind\n|\n|upkeep\n|turn|3\n|inactive|dambro222 has 30 seconds left.\n|inactive|bapycara has 30 seconds left.\n|\n|t:|1746012347\n|move|p1b: Miraidon|Protect||[still]\n|-fail|p1b: Miraidon\n|move|p2b: Calyrex|Astral Barrage|p1b: Miraidon|[spread] p1a,p1b\n|-damage|p1a: Ho-Oh|37/100\n|-damage|p1b: Miraidon|52/100\n|move|p2a: Moltres|Snarl|p1b: Miraidon|[spread] p1a,p1b\n|-damage|p1a: Ho-Oh|28/100\n|-damage|p1b: Miraidon|41/100\n|move|p1a: Ho-Oh|Sacred Fire|p2b: Calyrex\n|-damage|p2b: Calyrex|32/100\n|\n|upkeep\n|turn|4\n|\n|t:|1746012363\n|move|p1b: Miraidon|Protect|p1b: Miraidon\n|-singleturn|p1b: Miraidon|Protect\n|move|p1a: Ho-Oh|Protect|p1a: Ho-Oh\n|-singleturn|p1a: Ho-Oh|Protect\n|move|p2b: Calyrex|Astral Barrage|p1a: Ho-Oh|[spread] \n|-activate|p1a: Ho-Oh|move: Protect\n|-activate|p1b: Miraidon|move: Protect\n|move|p2a: Moltres|Hurricane|p1a: Ho-Oh\n|-activate|p1a: Ho-Oh|move: Protect\n|\n|-end|p1b: Miraidon|Encore\n|-sideend|p2: bapycara|move: Tailwind\n|upkeep\n|turn|5\n|inactive|dambro222 has 30 seconds left.\n|inactive|bapycara has 30 seconds left.\n|\n|t:|1746012389\n|move|p2b: Calyrex|Protect|p2b: Calyrex\n|-singleturn|p2b: Calyrex|Protect\n|move|p2a: Moltres|Protect|p2a: Moltres\n|-singleturn|p2a: Moltres|Protect\n|move|p1b: Miraidon|Electro Drift|p2a: Moltres\n|-activate|p2a: Moltres|move: Protect\n|move|p1a: Ho-Oh|Brave Bird|p2b: Calyrex\n|-activate|p2b: Calyrex|move: Protect\n|\n|-sideend|p1: dambro222|move: Tailwind\n|-fieldend|move: Electric Terrain\n|upkeep\n|turn|6\n|inactive|dambro222 has 30 seconds left.\n|inactive|dambro222 has 20 seconds left.\n|inactive|dambro222 has 15 seconds left.\n|inactive|dambro222 has 10 seconds left.\n|inactive|dambro222 has 5 seconds left.\n|\n|t:|1746012441\n|switch|p1a: Flutter Mane|Flutter Mane, L50|100/100\n|-enditem|p1a: Flutter Mane|Booster Energy\n|-activate|p1a: Flutter Mane|ability: Protosynthesis|[fromitem]\n|-start|p1a: Flutter Mane|protosynthesisspe\n|-terastallize|p2a: Moltres|Grass\n|move|p1b: Miraidon|Protect|p1b: Miraidon\n|-singleturn|p1b: Miraidon|Protect\n|move|p2b: Calyrex|Astral Barrage|p1b: Miraidon|[spread] p1a\n|-activate|p1b: Miraidon|move: Protect\n|-supereffective|p1a: Flutter Mane\n|-damage|p1a: Flutter Mane|6/100\n|move|p2a: Moltres|Tailwind|p2a: Moltres\n|-sidestart|p2: bapycara|move: Tailwind\n|\n|upkeep\n|turn|7\n|inactive|dambro222 has 30 seconds left.\n|\n|t:|1746012473\n|move|p2b: Calyrex|Astral Barrage|p1b: Miraidon|[spread] p1a,p1b\n|-supereffective|p1a: Flutter Mane\n|-damage|p1a: Flutter Mane|0 fnt\n|-damage|p1b: Miraidon|0 fnt\n|faint|p1a: Flutter Mane\n|-end|p1a: Flutter Mane|Protosynthesis|[silent]\n|faint|p1b: Miraidon\n|-ability|p2b: Calyrex|Grim Neigh|boost\n|-boost|p2b: Calyrex|spa|2\n|move|p2a: Moltres|Snarl|p1: Flutter Mane|[notarget]\n|-fail|p2a: Moltres\n|\n|upkeep\n|\n|t:|1746012479\n|switch|p1a: Ho-Oh|Ho-Oh, L50|62/100\n|switch|p1b: Urshifu|Urshifu, L50, M|100/100\n|turn|8\n|\n|t:|1746012497\n|move|p1b: Urshifu|Detect|p1b: Urshifu\n|-singleturn|p1b: Urshifu|Protect\n|move|p2b: Calyrex|Encore|p1b: Urshifu\n|-activate|p1b: Urshifu|move: Protect\n|move|p2a: Moltres|Hurricane|p1b: Urshifu\n|-activate|p1b: Urshifu|move: Protect\n|move|p1a: Ho-Oh|Brave Bird|p2a: Moltres\n|-supereffective|p2a: Moltres\n|-damage|p2a: Moltres|0 fnt\n|faint|p2a: Moltres\n|-damage|p1a: Ho-Oh|28/100|[from] Recoil\n|\n|upkeep\n|\n|t:|1746012500\n|switch|p2a: Kyogre|Kyogre, L50|100/100\n|-weather|RainDance|[from] ability: Drizzle|[of] p2a: Kyogre\n|turn|9\n|\n|t:|1746012518\n|move|p1b: Urshifu|Sucker Punch|p2a: Kyogre\n|-damage|p2a: Kyogre|54/100\n|move|p2a: Kyogre|Origin Pulse|p1b: Urshifu|[spread] p1a,p1b\n|-supereffective|p1a: Ho-Oh\n|-damage|p1a: Ho-Oh|0 fnt\n|-enditem|p1b: Urshifu|Focus Sash\n|-damage|p1b: Urshifu|1/100\n|faint|p1a: Ho-Oh\n|move|p2b: Calyrex|Encore|p1b: Urshifu\n|-start|p1b: Urshifu|Encore\n|\n|-weather|RainDance|[upkeep]\n|-sideend|p2: bapycara|move: Tailwind\n|upkeep\n|turn|10\n|\n|t:|1746012533\n|move|p1b: Urshifu|Sucker Punch|p2b: Calyrex\n|-supereffective|p2b: Calyrex\n|-damage|p2b: Calyrex|0 fnt\n|faint|p2b: Calyrex\n|move|p2a: Kyogre|Origin Pulse|p1b: Urshifu\n|-damage|p1b: Urshifu|0 fnt\n|faint|p1b: Urshifu\n|\n|win|bapycara\n||dambro222 is ready for game 2.\n|inactive|bapycara has 30 seconds to confirm battle start!\n||bapycara is ready for game 2.\n|uhtml|next|Next: <a href=\"/battle-gen9vgc2025regibo3-2353867390\"><strong>Game 2 of 3</strong></a>\n|l|\u2606bapycara\n|player|p2|\n", "uploadtime": 1746012774, "views": 8, "formatid": "gen9vgc2025regibo3", "rating": null, "private": 0, "password": null}