{"id": "gen9vgc2025regibo3-2353710381", "format": "[Gen 9] VGC 2025 Reg I (Bo3)", "players": ["nukan up", "Comedier"], "log": "|j|\u2606nukan up\n|j|\u2606Comedier\n|html|<table width=\"100%\"><tr><td align=\"left\">nukan up</td><td align=\"right\">Comedier</tr><tr><td align=\"left\"><i class=\"fa fa-circle-o\"></i> <i class=\"fa fa-circle-o\"></i> </td><td align=\"right\"><i class=\"fa fa-circle-o\"></i> <i class=\"fa fa-circle\"></i> </tr></table>\n|uhtml|bestof|<h2><strong>Game 2</strong> of <a href=\"/game-bestof3-gen9vgc2025regibo3-2353708985\">a best-of-3</a></h2>\n|t:|1745986909\n|gametype|doubles\n|player|p1|nukan up|266|1204\n|player|p2|Comedier|irida|1201\n|teamsize|p1|6\n|teamsize|p2|6\n|gen|9\n|tier|[Gen 9] VGC 2025 Reg I (Bo3)\n|rated|\n|rule|Species Clause: Limit one of each Pok\u00e9mon\n|rule|Item Clause: Limit 1 of each item\n|clearpoke\n|poke|p1|Calyrex-Shadow, L50|\n|poke|p1|Zamazenta-*, L50|\n|poke|p1|Tornadus, L50, M|\n|poke|p1|Chi-Yu, L50|\n|poke|p1|Raging Bolt, L50|\n|poke|p1|Farigiraf, L50, F|\n|poke|p2|Calyrex-Shadow, L50|\n|poke|p2|Zamazenta-*, L50|\n|poke|p2|Urshifu-*, L50, M|\n|poke|p2|Incineroar, L50, M|\n|poke|p2|Rillaboom, L50, M|\n|poke|p2|Tornadus, L50, M|\n|teampreview|4\n|showteam|p1|Calyrex-Shadow||LifeOrb|AsOneSpectrier|AstralBarrage,Psychic,Disable,Protect||||||50|,,,,,Normal]Zamazenta-Crowned||RustedShield|DauntlessShield|BodyPress,HeavySlam,WideGuard,Protect||||||50|,,,,,Dragon]Tornadus||CovertCloak|Prankster|Tailwind,SunnyDay,IcyWind,BleakwindStorm|||M|||50|,,,,,Water]Chi-Yu||ChoiceScarf|BeadsofRuin|Snarl,DarkPulse,HeatWave,Overheat||||||50|,,,,,Ghost]Raging Bolt||AssaultVest|Protosynthesis|Electroweb,Snarl,DragonPulse,Thunderclap||||||50|,,,,,Electric]Farigiraf||ThroatSpray|ArmorTail|Psyshock,HelpingHand,HyperVoice,TrickRoom|||F|||50|,,,,,Normal\n|showteam|p2|Calyrex-Shadow||LifeOrb|AsOneSpectrier|AstralBarrage,Psychic,Substitute,Protect||||||50|,,,,,Grass]Zamazenta-Crowned||RustedShield|DauntlessShield|BodyPress,HeavySlam,WideGuard,Protect||||||50|,,,,,Ghost]Urshifu-Rapid-Strike||ChoiceScarf|UnseenFist|SurgingStrikes,CloseCombat,Uturn,AquaJet|||M|||50|,,,,,Water]Incineroar||RockyHelmet|Intimidate|FakeOut,FlareBlitz,HelpingHand,Uturn|||M|||50|,,,,,Bug]Rillaboom||AssaultVest|GrassySurge|GrassyGlide,FakeOut,WoodHammer,Uturn|||M|||50|,,,,,Water]Tornadus||CovertCloak|Prankster|RainDance,Tailwind,BleakwindStorm,Taunt|||M|||50|,,,,,Dark\n|inactive|Battle timer is ON: inactive players will automatically lose when time's up. (requested by nukan up)\n|inactive|Comedier also wants the timer to be on.\n|\n|t:|1745986922\n|start\n|switch|p1a: Tornadus|Tornadus, L50, M|100/100\n|switch|p1b: Raging Bolt|Raging Bolt, L50|100/100\n|switch|p2a: Zamazenta|Zamazenta-Crowned, L50|100/100\n|switch|p2b: Tornadus|Tornadus, L50, M|100/100\n|-ability|p2a: Zamazenta|Dauntless Shield|boost\n|-boost|p2a: Zamazenta|def|1\n|turn|1\n|\n|t:|1745986936\n|move|p1a: Tornadus|Sunny Day|p1a: Tornadus\n|-weather|SunnyDay\n|-activate|p1b: Raging Bolt|ability: Protosynthesis\n|-start|p1b: Raging Bolt|protosynthesisspa\n|move|p2b: Tornadus|Taunt|p1a: Tornadus\n|-start|p1a: Tornadus|move: Taunt\n|move|p2a: Zamazenta|Body Press|p1b: Raging Bolt\n|-damage|p1b: Raging Bolt|46/100\n|move|p1b: Raging Bolt|Electroweb|p2b: Tornadus|[spread] p2a\n|-miss|p1b: Raging Bolt|p2b: Tornadus\n|-damage|p2a: Zamazenta|80/100\n|-unboost|p2a: Zamazenta|spe|1\n|\n|-weather|SunnyDay|[upkeep]\n|upkeep\n|turn|2\n|\n|t:|1745986958\n|move|p2b: Tornadus|Rain Dance|p2b: Tornadus\n|-weather|RainDance\n|-end|p1b: Raging Bolt|Protosynthesis\n|move|p1b: Raging Bolt|Thunderclap||[still]\n|-fail|p1b: Raging Bolt\n|move|p1a: Tornadus|Bleakwind Storm|p2b: Tornadus|[spread] p2a,p2b\n|-crit|p2b: Tornadus\n|-damage|p2a: Zamazenta|56/100\n|-damage|p2b: Tornadus|47/100\n|move|p2a: Zamazenta|Body Press|p1b: Raging Bolt\n|-damage|p1b: Raging Bolt|0 fnt\n|faint|p1b: Raging Bolt\n|-end|p1b: Raging Bolt|Protosynthesis|[silent]\n|\n|-weather|RainDance|[upkeep]\n|upkeep\n|\n|t:|1745986964\n|switch|p1b: Zamazenta|Zamazenta-Crowned, L50|100/100\n|-ability|p1b: Zamazenta|Dauntless Shield|boost\n|-boost|p1b: Zamazenta|def|1\n|turn|3\n|inactive|Comedier has 30 seconds left.\n|\n|t:|1745986991\n|-terastallize|p2a: Zamazenta|Ghost\n|move|p2b: Tornadus|Tailwind|p2b: Tornadus\n|-sidestart|p2: Comedier|move: Tailwind\n|move|p2a: Zamazenta|Body Press|p1b: Zamazenta\n|-supereffective|p1b: Zamazenta\n|-damage|p1b: Zamazenta|41/100\n|move|p1b: Zamazenta|Heavy Slam|p2b: Tornadus\n|-damage|p2b: Tornadus|0 fnt\n|faint|p2b: Tornadus\n|move|p1a: Tornadus|Bleakwind Storm|p2a: Zamazenta\n|-damage|p2a: Zamazenta|23/100\n|\n|-weather|RainDance|[upkeep]\n|upkeep\n|\n|t:|1745987001\n|switch|p2b: Urshifu|Urshifu-Rapid-Strike, L50, M|100/100\n|turn|4\n|inactive|nukan up has 30 seconds left.\n|\n|t:|1745987030\n|-terastallize|p1a: Tornadus|Water\n|move|p2b: Urshifu|Surging Strikes|p1a: Tornadus\n|-resisted|p1a: Tornadus\n|-crit|p1a: Tornadus\n|-damage|p1a: Tornadus|82/100\n|-resisted|p1a: Tornadus\n|-crit|p1a: Tornadus\n|-damage|p1a: Tornadus|63/100\n|-resisted|p1a: Tornadus\n|-crit|p1a: Tornadus\n|-damage|p1a: Tornadus|42/100\n|-hitcount|p1a: Tornadus|3\n|move|p2a: Zamazenta|Body Press|p1b: Zamazenta\n|-supereffective|p1b: Zamazenta\n|-damage|p1b: Zamazenta|0 fnt\n|faint|p1b: Zamazenta\n|move|p1a: Tornadus|Bleakwind Storm|p2a: Zamazenta|[spread] p2a,p2b\n|-supereffective|p2b: Urshifu\n|-damage|p2a: Zamazenta|0 fnt\n|-damage|p2b: Urshifu|8/100\n|faint|p2a: Zamazenta\n|\n|-weather|RainDance|[upkeep]\n|-end|p1a: Tornadus|move: Taunt\n|upkeep\n|\n|t:|1745987051\n|switch|p2a: Calyrex|Calyrex-Shadow, L50|100/100\n|switch|p1b: Calyrex|Calyrex-Shadow, L50|100/100\n|-ability|p2a: Calyrex|As One\n|-ability|p2a: Calyrex|Unnerve\n|-ability|p1b: Calyrex|As One\n|-ability|p1b: Calyrex|Unnerve\n|turn|5\n|\n|t:|1745987074\n|move|p1b: Calyrex|Protect|p1b: Calyrex\n|-singleturn|p1b: Calyrex|Protect\n|move|p1a: Tornadus|Sunny Day|p1a: Tornadus\n|-weather|SunnyDay\n|move|p2b: Urshifu|Surging Strikes|p1b: Calyrex\n|-crit|p1b: Calyrex\n|-damage|p1b: Calyrex|90/100\n|-crit|p1b: Calyrex\n|-damage|p1b: Calyrex|78/100\n|-crit|p1b: Calyrex\n|-damage|p1b: Calyrex|67/100\n|-hitcount|p1b: Calyrex|3\n|move|p2a: Calyrex|Astral Barrage|p1a: Tornadus|[spread] p1a\n|-activate|p1b: Calyrex|move: Protect\n|-damage|p1a: Tornadus|0 fnt\n|faint|p1a: Tornadus\n|-ability|p2a: Calyrex|Grim Neigh|boost\n|-boost|p2a: Calyrex|spa|1\n|-damage|p2a: Calyrex|91/100|[from] item: Life Orb\n|\n|-weather|SunnyDay|[upkeep]\n|upkeep\n|turn|6\n|\n|t:|1745987091\n|move|p2b: Urshifu|Surging Strikes|p1b: Calyrex\n|-crit|p1b: Calyrex\n|-damage|p1b: Calyrex|54/100\n|-crit|p1b: Calyrex\n|-damage|p1b: Calyrex|43/100\n|-crit|p1b: Calyrex\n|-damage|p1b: Calyrex|31/100\n|-hitcount|p1b: Calyrex|3\n|move|p2a: Calyrex|Astral Barrage|p1b: Calyrex\n|-supereffective|p1b: Calyrex\n|-damage|p1b: Calyrex|0 fnt\n|faint|p1b: Calyrex\n|-damage|p2a: Calyrex|81/100|[from] item: Life Orb\n|\n|win|Comedier\n|raw|nukan up's rating: 1204 &rarr; <strong>1179</strong><br />(-25 for losing)\n|raw|Comedier's rating: 1201 &rarr; <strong>1226</strong><br />(+25 for winning)\n|l|\u2606Comedier\n|player|p2|\n|l|\u2606nukan up\n|player|p1|\n", "uploadtime": 1745987418, "views": 6, "formatid": "gen9vgc2025regibo3", "rating": 1179, "private": 0, "password": null}