{"id": "gen9vgc2025regibo3-2354929010", "format": "[Gen 9] VGC 2025 Reg I (Bo3)", "players": ["Burkion", "Obsi Isbo"], "log": "|j|\u2606Burkion\n|j|\u2606Obsi Isbo\n|html|<table width=\"100%\"><tr><td align=\"left\">Burkion</td><td align=\"right\">Obsi Isbo</tr><tr><td align=\"left\"><i class=\"fa fa-circle-o\"></i> <i class=\"fa fa-circle-o\"></i> </td><td align=\"right\"><i class=\"fa fa-circle-o\"></i> <i class=\"fa fa-circle-o\"></i> </tr></table>\n|uhtml|bestof|<h2><strong>Game 1</strong> of <a href=\"/game-bestof3-gen9vgc2025regibo3-2354929009\">a best-of-3</a></h2>\n|t:|1746132719\n|gametype|doubles\n|player|p1|Burkion|crasherwake|\n|player|p2|Obsi Isbo|265|\n|teamsize|p1|6\n|teamsize|p2|6\n|gen|9\n|tier|[Gen 9] VGC 2025 Reg I (Bo3)\n|rule|Species Clause: Limit one of each Pok\u00e9mon\n|rule|Item Clause: Limit 1 of each item\n|clearpoke\n|poke|p1|Articuno, L50|\n|poke|p1|Typhlosion-Hisui, L50, F|\n|poke|p1|Clefairy, L50, F|\n|poke|p1|Tyranitar, L50, F|\n|poke|p1|Blissey, L50, F|\n|poke|p1|Abomasnow, L50, F|\n|poke|p2|Landorus, L50, M|\n|poke|p2|Roaring Moon, L50|\n|poke|p2|Indeedee-F, L50, F|\n|poke|p2|Chesnaught, L50, M|\n|poke|p2|Torkoal, L50, F|\n|poke|p2|Iron Treads, L50|\n|teampreview|4\n|showteam|p1|Articuno||BrightPowder|SnowCloak|FreezeDry,Blizzard,Roost,IceBeam||||||50|,,,,,Ice]Typhlosion-Hisui||LifeOrb|Blaze|FireBlast,FocusBlast,InfernalParade,ShadowBall|||F|||50|,,,,,Ghost]Clefairy||Eviolite|FriendGuard|Encore,Protect,LifeDew,DazzlingGleam|||F|||50|,,,,,Poison]Tyranitar||ClearAmulet|SandStream|Crunch,DragonDance,TeraBlast,RockSlide|||F|||50|,,,,,Flying]Blissey||Leftovers|SereneGrace|LifeDew,SoftBoiled,Trick,Protect|||F|||50|,,,,,Normal]Abomasnow||EjectButton|SnowWarning|EnergyBall,GigaDrain,AuroraVeil,Blizzard|||F|||50|,,,,,Grass\n|showteam|p2|Landorus||LifeOrb|SheerForce|RockSlide,SludgeBomb,EarthPower,Protect|||M|||50|,,,,,Poison]Roaring Moon||BoosterEnergy|Protosynthesis|Uturn,BreakingSwipe,KnockOff,IronHead||||||50|,,,,,Flying]Indeedee-F||FocusSash|PsychicSurge|FollowMe,TrickRoom,HelpingHand,DazzlingGleam|||F|||50|,,,,,Fairy]Chesnaught||CovertCloak|Bulletproof|WideGuard,DrainPunch,WoodHammer,SpikyShield|||M|||50|,,,,,Fire]Torkoal||Charcoal|Drought|Eruption,HeatWave,Protect,EarthPower|||F|||50|,,,,,Fire]Iron Treads||ChoiceBand|QuarkDrive|Earthquake,IceSpinner,TeraBlast,Bulldoze||||||50|,,,,,Ground\n|\n|t:|1746132780\n|start\n|switch|p1a: Blissey|Blissey, L50, F|100/100\n|switch|p1b: GoGoGoji|Tyranitar, L50, F|100/100\n|switch|p2a: Iron Treads|Iron Treads, L50|100/100\n|switch|p2b: Landorus|Landorus, L50, M|100/100\n|-weather|Sandstorm|[from] ability: Sand Stream|[of] p1b: GoGoGoji\n|turn|1\n|\n|t:|1746132825\n|move|p2a: Iron Treads|Bulldoze|p1b: GoGoGoji|[spread] p1a,p1b\n|-immune|p2b: Landorus\n|-supereffective|p1b: GoGoGoji\n|-damage|p1a: Blissey|73/100\n|-damage|p1b: GoGoGoji|54/100\n|-unboost|p1a: Blissey|spe|1\n|move|p2b: Landorus|Rock Slide|p1a: Blissey|[spread] p1a,p1b\n|-damage|p1a: Blissey|52/100\n|-damage|p1b: GoGoGoji|33/100\n|move|p1b: GoGoGoji|Dragon Dance|p1b: GoGoGoji\n|-boost|p1b: GoGoGoji|atk|1\n|-boost|p1b: GoGoGoji|spe|1\n|move|p1a: Blissey|Life Dew|p1a: Blissey|[spread] p1a,p1b\n|-heal|p1a: Blissey|77/100\n|-heal|p1b: GoGoGoji|58/100\n|\n|-weather|Sandstorm|[upkeep]\n|-damage|p1a: Blissey|71/100|[from] Sandstorm\n|-heal|p1a: Blissey|77/100|[from] item: Leftovers\n|upkeep\n|turn|2\n|\n|t:|1746132864\n|move|p2a: Iron Treads|Bulldoze|p1b: GoGoGoji|[spread] p1a,p1b\n|-immune|p2b: Landorus\n|-supereffective|p1b: GoGoGoji\n|-crit|p1b: GoGoGoji\n|-damage|p1a: Blissey|50/100\n|-damage|p1b: GoGoGoji|0 fnt\n|-unboost|p1a: Blissey|spe|1\n|faint|p1b: GoGoGoji\n|move|p2b: Landorus|Rock Slide|p1a: Blissey\n|-damage|p1a: Blissey|21/100\n|move|p1a: Blissey|Life Dew|p1a: Blissey\n|-heal|p1a: Blissey|47/100\n|\n|-weather|Sandstorm|[upkeep]\n|-damage|p1a: Blissey|41/100|[from] Sandstorm\n|-heal|p1a: Blissey|47/100|[from] item: Leftovers\n|upkeep\n|\n|t:|1746132880\n|switch|p1b: Typhlosion|Typhlosion-Hisui, L50, F, shiny|100/100\n|turn|3\n|\n|t:|1746132911\n|-terastallize|p1b: Typhlosion|Ghost\n|move|p1a: Blissey|Protect|p1a: Blissey\n|-singleturn|p1a: Blissey|Protect\n|move|p2a: Iron Treads|Bulldoze|p1b: Typhlosion|[spread] p1b\n|-activate|p1a: Blissey|move: Protect\n|-immune|p2b: Landorus\n|-damage|p1b: Typhlosion|65/100\n|-unboost|p1b: Typhlosion|spe|1\n|move|p2b: Landorus|Rock Slide|p1a: Blissey|[spread] p1b\n|-activate|p1a: Blissey|move: Protect\n|-damage|p1b: Typhlosion|33/100\n|move|p1b: Typhlosion|Focus Blast|p2a: Iron Treads|[miss]\n|-miss|p1b: Typhlosion|p2a: Iron Treads\n|\n|-weather|Sandstorm|[upkeep]\n|-damage|p1b: Typhlosion|27/100|[from] Sandstorm\n|-damage|p1a: Blissey|41/100|[from] Sandstorm\n|-heal|p1a: Blissey|47/100|[from] item: Leftovers\n|upkeep\n|turn|4\n|\n|t:|1746132958\n|-end|p2a: Iron Treads|Quark Drive|[silent]\n|switch|p2a: Chesnaught|Chesnaught, L50, M|100/100\n|move|p2b: Landorus|Protect|p2b: Landorus\n|-singleturn|p2b: Landorus|Protect\n|move|p1b: Typhlosion|Shadow Ball|p2a: Chesnaught\n|-immune|p2a: Chesnaught|[from] ability: Bulletproof\n|move|p1a: Blissey|Life Dew|p1a: Blissey|[spread] p1a,p1b\n|-heal|p1a: Blissey|72/100\n|-heal|p1b: Typhlosion|52/100\n|\n|-weather|Sandstorm|[upkeep]\n|-damage|p2a: Chesnaught|94/100|[from] Sandstorm\n|-damage|p1b: Typhlosion|46/100|[from] Sandstorm\n|-damage|p1a: Blissey|66/100|[from] Sandstorm\n|-heal|p1a: Blissey|72/100|[from] item: Leftovers\n|upkeep\n|turn|5\n|\n|t:|1746132990\n|move|p2a: Chesnaught|Wide Guard|p2a: Chesnaught\n|-singleturn|p2a: Chesnaught|Wide Guard\n|move|p2b: Landorus|Sludge Bomb|p2a: Chesnaught\n|-immune|p2a: Chesnaught|[from] ability: Bulletproof\n|move|p1b: Typhlosion|Infernal Parade|p2a: Chesnaught\n|-damage|p2a: Chesnaught|28/100\n|-damage|p1b: Typhlosion|36/100|[from] item: Life Orb\n|move|p1a: Blissey|Soft-Boiled|p1a: Blissey\n|-heal|p1a: Blissey|100/100\n|\n|-weather|none\n|upkeep\n|turn|6\n|\n|t:|1746133017\n|move|p2b: Landorus|Sludge Bomb|p1a: Blissey\n|-damage|p1a: Blissey|81/100\n|move|p2a: Chesnaught|Wood Hammer|p1b: Typhlosion\n|-crit|p1b: Typhlosion\n|-damage|p1b: Typhlosion|0 fnt\n|faint|p1b: Typhlosion\n|-damage|p2a: Chesnaught|17/100|[from] Recoil\n|move|p1a: Blissey|Life Dew|p1a: Blissey\n|-heal|p1a: Blissey|100/100\n|\n|upkeep\n|\n|t:|1746133028\n|switch|p1b: Clefairy|Clefairy, L50, F, shiny|100/100\n|turn|7\n|\n|t:|1746133049\n|move|p2b: Landorus|Rock Slide|p1b: Clefairy|[spread] p1a,p1b\n|-damage|p1a: Blissey|84/100\n|-damage|p1b: Clefairy|79/100\n|move|p2a: Chesnaught|Drain Punch|p1a: Blissey\n|-supereffective|p1a: Blissey\n|-damage|p1a: Blissey|36/100\n|-heal|p2a: Chesnaught|63/100|[from] drain|[of] p1a: Blissey\n|move|p1b: Clefairy|Life Dew|p1b: Clefairy|[spread] p1a,p1b\n|-heal|p1a: Blissey|61/100\n|-heal|p1b: Clefairy|100/100\n|move|p1a: Blissey|Life Dew||[still]|[spread] p1a,p1b\n|-heal|p1a: Blissey|86/100\n|-fail|p1b: Clefairy|heal\n|\n|-heal|p1a: Blissey|92/100|[from] item: Leftovers\n|upkeep\n|turn|8\n|\n|t:|1746133093\n|switch|p2a: Torkoal|Torkoal, L50, F|100/100\n|-weather|SunnyDay|[from] ability: Drought|[of] p2a: Torkoal\n|move|p2b: Landorus|Earth Power|p1a: Blissey\n|-damage|p1a: Blissey|72/100\n|move|p1b: Clefairy|Life Dew||[still]|[spread] p1a,p1b\n|-heal|p1a: Blissey|97/100\n|-fail|p1b: Clefairy|heal\n|move|p1a: Blissey|Trick|p2b: Landorus\n|-activate|p1a: Blissey|move: Trick|[of] p2b: Landorus\n|-item|p2b: Landorus|Leftovers|[from] move: Trick\n|-item|p1a: Blissey|Life Orb|[from] move: Trick\n|\n|-weather|SunnyDay|[upkeep]\n|upkeep\n|turn|9\n|\n|t:|1746133129\n|-terastallize|p2a: Torkoal|Fire\n|move|p2b: Landorus|Rock Slide|p1a: Blissey|[spread] p1a,p1b\n|-damage|p1a: Blissey|84/100\n|-damage|p1b: Clefairy|86/100\n|move|p1b: Clefairy|Life Dew|p1b: Clefairy|[spread] p1a,p1b\n|-heal|p1a: Blissey|100/100\n|-heal|p1b: Clefairy|100/100\n|move|p2a: Torkoal|Eruption|p1b: Clefairy|[spread] p1a,p1b\n|-damage|p1a: Blissey|68/100\n|-damage|p1b: Clefairy|0 fnt\n|faint|p1b: Clefairy\n|move|p1a: Blissey|Life Dew|p1a: Blissey\n|-heal|p1a: Blissey|93/100\n|\n|-weather|SunnyDay|[upkeep]\n|upkeep\n|turn|10\n|\n|t:|1746133154\n|move|p2b: Landorus|Sludge Bomb|p1a: Blissey\n|-damage|p1a: Blissey|79/100\n|move|p2a: Torkoal|Heat Wave|p1a: Blissey\n|-crit|p1a: Blissey\n|-damage|p1a: Blissey|17/100\n|move|p1a: Blissey|Life Dew|p1a: Blissey\n|-heal|p1a: Blissey|42/100\n|\n|-weather|SunnyDay|[upkeep]\n|upkeep\n|turn|11\n|\n|t:|1746133167\n|move|p2b: Landorus|Rock Slide|p1a: Blissey\n|-damage|p1a: Blissey|19/100\n|move|p2a: Torkoal|Heat Wave|p1a: Blissey\n|-damage|p1a: Blissey|0 fnt\n|faint|p1a: Blissey\n|\n|win|Obsi Isbo\n||Obsi Isbo is ready for game 2.\n||Burkion is ready for game 2.\n|uhtml|next|Next: <a href=\"/battle-gen9vgc2025regibo3-2354933583\"><strong>Game 2 of 3</strong></a>\n", "uploadtime": 1746133441, "views": 5, "formatid": "gen9vgc2025regibo3", "rating": null, "private": 0, "password": null}