{"id": "gen9vgc2025regibo3-2354045777", "format": "[Gen 9] VGC 2025 Reg I (Bo3)", "players": ["Jakz", "alex banana"], "log": "|j|\u2606Jakz\n|j|\u2606alex banana\n|html|<table width=\"100%\"><tr><td align=\"left\">Jakz</td><td align=\"right\">alex banana</tr><tr><td align=\"left\"><i class=\"fa fa-circle-o\"></i> <i class=\"fa fa-circle-o\"></i> </td><td align=\"right\"><i class=\"fa fa-circle-o\"></i> <i class=\"fa fa-circle-o\"></i> </tr></table>\n|uhtml|bestof|<h2><strong>Game 1</strong> of <a href=\"/game-bestof3-gen9vgc2025regibo3-2354045776\">a best-of-3</a></h2>\n|t:|1746030222\n|gametype|doubles\n|player|p1|Jakz|skier|1207\n|player|p2|alex banana|iris-gen5bw2|1213\n|teamsize|p1|6\n|teamsize|p2|6\n|gen|9\n|tier|[Gen 9] VGC 2025 Reg I (Bo3)\n|rated|\n|rule|Species Clause: Limit one of each Pok\u00e9mon\n|rule|Item Clause: Limit 1 of each item\n|clearpoke\n|poke|p1|Zamazenta-*, L50|\n|poke|p1|Kyogre, L50|\n|poke|p1|Amoonguss, L50, M|\n|poke|p1|Chien-Pao, L50|\n|poke|p1|Urshifu-*, L50, F|\n|poke|p1|Tornadus, L50, M|\n|poke|p2|Raichu, L50, M|\n|poke|p2|Terapagos, L50, M|\n|poke|p2|Hitmontop, L50, M|\n|poke|p2|Ho-Oh, L50|\n|poke|p2|Urshifu-*, L50, F|\n|poke|p2|Scream Tail, L50|\n|teampreview|4\n|showteam|p1|Zamazenta-Crowned||RustedShield|DauntlessShield|BodyPress,HeavySlam,WideGuard,Protect||||||50|,,,,,Dragon]Kyogre||MysticWater|Drizzle|WaterSpout,OriginPulse,IceBeam,Protect||||||50|,,,,,Grass]Amoonguss||RockyHelmet|Regenerator|Spore,RagePowder,PollenPuff,Protect|||M|||50|,,,,,Water]Chien-Pao||FocusSash|SwordofRuin|IceSpinner,SuckerPunch,ThroatChop,Protect||||||50|,,,,,Ghost]Urshifu-Rapid-Strike||ChoiceScarf|UnseenFist|SurgingStrikes,CloseCombat,Uturn,Coaching|||F|||50|,,,,,Ghost]Tornadus||CovertCloak|Prankster|BleakwindStorm,Tailwind,Taunt,RainDance|||M|||50|,,,,,Steel\n|showteam|p2|Raichu||AssaultVest|LightningRod|FakeOut,Nuzzle,VoltSwitch,Endeavor|||M|||50|,,,,,Electric]Terapagos||WeaknessPolicy|TeraShift|CalmMind,TeraStarstorm,EarthPower,Protect|||M|||50|,,,,,Stellar]Hitmontop||EjectButton|Intimidate|FakeOut,WideGuard,Feint,VacuumWave|||M|||50|,,,,,Dark]Ho-Oh||ClearAmulet|Regenerator|SacredFire,BraveBird,Tailwind,Protect||||||50|,,,,,Grass]Urshifu||FocusSash|UnseenFist|CloseCombat,WickedBlow,SuckerPunch,Protect|||F|||50|,,,,,Stellar]Scream Tail||BoosterEnergy|Protosynthesis|TrickRoom,Encore,Disable,Protect||||||50|,,,,,Dark\n|inactive|Battle timer is ON: inactive players will automatically lose when time's up. (requested by alex banana)\n|\n|t:|1746030257\n|start\n|switch|p1a: Tornadus|Tornadus, L50, M|100/100\n|switch|p1b: Kyogre|Kyogre, L50|100/100\n|switch|p2a: Ho-Oh|Ho-Oh, L50|100/100\n|switch|p2b: Urshifu|Urshifu, L50, F|100/100\n|-weather|RainDance|[from] ability: Drizzle|[of] p1b: Kyogre\n|turn|1\n|inactive|Jakz has 30 seconds left.\n|\n|t:|1746030287\n|move|p2a: Ho-Oh|Protect|p2a: Ho-Oh\n|-singleturn|p2a: Ho-Oh|Protect\n|move|p1a: Tornadus|Taunt|p2a: Ho-Oh\n|-activate|p2a: Ho-Oh|move: Protect\n|move|p2b: Urshifu|Wicked Blow|p1b: Kyogre\n|-crit|p1b: Kyogre\n|-damage|p1b: Kyogre|40/100\n|move|p1b: Kyogre|Origin Pulse|p2b: Urshifu|[spread] \n|-activate|p2a: Ho-Oh|move: Protect\n|-miss|p1b: Kyogre|p2b: Urshifu\n|\n|-weather|RainDance|[upkeep]\n|upkeep\n|turn|2\n|\n|t:|1746030305\n|switch|p1b: Zamazenta|Zamazenta-Crowned, L50|100/100\n|-ability|p1b: Zamazenta|Dauntless Shield|boost\n|-boost|p1b: Zamazenta|def|1\n|-terastallize|p2a: Ho-Oh|Grass\n|move|p1a: Tornadus|Taunt|p2a: Ho-Oh\n|-start|p2a: Ho-Oh|move: Taunt\n|move|p2b: Urshifu|Wicked Blow|p1b: Zamazenta\n|-resisted|p1b: Zamazenta\n|-crit|p1b: Zamazenta\n|-damage|p1b: Zamazenta|80/100\n|cant|p2a: Ho-Oh|move: Taunt|Tailwind\n|\n|-weather|RainDance|[upkeep]\n|upkeep\n|turn|3\n|\n|t:|1746030323\n|move|p1b: Zamazenta|Body Press|p2a: Ho-Oh\n|-damage|p2a: Ho-Oh|36/100\n|move|p2b: Urshifu|Wicked Blow|p1a: Tornadus\n|-crit|p1a: Tornadus\n|-damage|p1a: Tornadus|44/100\n|move|p1a: Tornadus|Bleakwind Storm|p2b: Urshifu|[spread] p2a,p2b\n|-supereffective|p2a: Ho-Oh\n|-supereffective|p2b: Urshifu\n|-damage|p2a: Ho-Oh|2/100\n|-damage|p2b: Urshifu|5/100\n|move|p2a: Ho-Oh|Sacred Fire|p1b: Zamazenta\n|-supereffective|p1b: Zamazenta\n|-damage|p1b: Zamazenta|61/100\n|\n|-weather|RainDance|[upkeep]\n|upkeep\n|turn|4\n|inactive|Jakz has 30 seconds left.\n|\n|t:|1746030352\n|switch|p2a: DR BUSTDOWN|Hitmontop, L50, M|100/100\n|-ability|p2a: DR BUSTDOWN|Intimidate|boost\n|-unboost|p1a: Tornadus|atk|1\n|-unboost|p1b: Zamazenta|atk|1\n|move|p2b: Urshifu|Protect|p2b: Urshifu\n|-singleturn|p2b: Urshifu|Protect\n|move|p1b: Zamazenta|Body Press|p2a: DR BUSTDOWN\n|-damage|p2a: DR BUSTDOWN|18/100\n|-enditem|p2a: DR BUSTDOWN|Eject Button\n|\n|t:|1746030361\n|switch|p2a: Terapagos|Terapagos, L50, M|100/100\n|-activate|p2a: Terapagos|ability: Tera Shift\n|detailschange|p2a: Terapagos|Terapagos-Terastal, L50, M\n|-heal|p2a: Terapagos|100/100|[silent]\n|move|p1a: Tornadus|Bleakwind Storm|p2a: Terapagos|[spread] p2a\n|-activate|p2b: Urshifu|move: Protect\n|-activate|p2a: Terapagos|ability: Tera Shell\n|-resisted|p2a: Terapagos\n|-damage|p2a: Terapagos|88/100\n|\n|-weather|RainDance|[upkeep]\n|upkeep\n|turn|5\n|\n|t:|1746030379\n|switch|p2a: DR BUSTDOWN|Hitmontop, L50, M|18/100\n|-ability|p2a: DR BUSTDOWN|Intimidate|boost\n|-unboost|p1a: Tornadus|atk|1\n|-unboost|p1b: Zamazenta|atk|1\n|move|p1b: Zamazenta|Body Press|p2a: DR BUSTDOWN\n|-damage|p2a: DR BUSTDOWN|0 fnt\n|faint|p2a: DR BUSTDOWN\n|move|p2b: Urshifu|Wicked Blow|p1a: Tornadus\n|-crit|p1a: Tornadus\n|-damage|p1a: Tornadus|0 fnt\n|faint|p1a: Tornadus\n|\n|-weather|none\n|upkeep\n|\n|t:|1746030402\n|switch|p1a: Urshifu|Urshifu-Rapid-Strike, L50, F|100/100\n|switch|p2a: Ho-Oh|Ho-Oh, L50, tera:Grass|35/100\n|turn|6\n|\n|t:|1746030419\n|switch|p2a: Terapagos|Terapagos-Terastal, L50, M|88/100\n|move|p1a: Urshifu|U-turn|p2b: Urshifu\n|-damage|p2b: Urshifu|0 fnt\n|faint|p2b: Urshifu\n|\n|t:|1746030424\n|switch|p1a: Kyogre|Kyogre, L50|40/100|[from] U-turn\n|-weather|RainDance|[from] ability: Drizzle|[of] p1a: Kyogre\n|move|p1b: Zamazenta|Body Press|p2a: Terapagos\n|-supereffective|p2a: Terapagos\n|-damage|p2a: Terapagos|0 fnt\n|faint|p2a: Terapagos\n|\n|-weather|RainDance|[upkeep]\n|upkeep\n|-message|alex banana forfeited.\n|\n|win|Jakz\n||alex banana is ready for game 2.\n||Jakz is ready for game 2.\n|uhtml|next|Next: <a href=\"/battle-gen9vgc2025regibo3-2354048332\"><strong>Game 2 of 3</strong></a>\n|l|\u2606Jakz\n|player|p1|\n|l|\u2606alex banana\n|player|p2|\n", "uploadtime": 1746030772, "views": 9, "formatid": "gen9vgc2025regibo3", "rating": null, "private": 0, "password": null}