{"id": "gen9vgc2025regibo3-2354347466", "format": "[Gen 9] VGC 2025 Reg I (Bo3)", "players": ["Lacossg", "User16838426"], "log": "|j|\u2606Lacossg\n|j|\u2606User16838426\n|html|<table width=\"100%\"><tr><td align=\"left\">Lacossg</td><td align=\"right\">User16838426</tr><tr><td align=\"left\"><i class=\"fa fa-circle-o\"></i> <i class=\"fa fa-circle-o\"></i> </td><td align=\"right\"><i class=\"fa fa-circle-o\"></i> <i class=\"fa fa-circle-o\"></i> </tr></table>\n|uhtml|bestof|<h2><strong>Game 1</strong> of <a href=\"/game-bestof3-gen9vgc2025regibo3-2354347465\">a best-of-3</a></h2>\n|t:|1746060236\n|gametype|doubles\n|player|p1|Lacossg|265|1338\n|player|p2|User16838426|169|1383\n|teamsize|p1|6\n|teamsize|p2|6\n|gen|9\n|tier|[Gen 9] VGC 2025 Reg I (Bo3)\n|rated|\n|rule|Species Clause: Limit one of each Pok\u00e9mon\n|rule|Item Clause: Limit 1 of each item\n|clearpoke\n|poke|p1|Calyrex-Shadow, L50|\n|poke|p1|Tyranitar, L50, F|\n|poke|p1|Excadrill, L50, F|\n|poke|p1|Indeedee-F, L50, F|\n|poke|p1|Raging Bolt, L50|\n|poke|p1|Zamazenta-*, L50|\n|poke|p2|Calyrex-Shadow, L50|\n|poke|p2|Zamazenta-*, L50|\n|poke|p2|Incineroar, L50, M|\n|poke|p2|Ogerpon-Wellspring, L50, F|\n|poke|p2|Amoonguss, L50, F|\n|poke|p2|Flutter Mane, L50|\n|teampreview|4\n|showteam|p1|Calyrex-Shadow||LifeOrb|AsOneSpectrier|AstralBarrage,ExpandingForce,Encore,Protect||||||50|,,,,,Normal]Tyranitar||FocusSash|SandStream|KnockOff,RockSlide,Taunt,Snarl|||F|||50|,,,,,Grass]Excadrill||ClearAmulet|SandRush|HighHorsepower,HelpingHand,IronHead,Protect|||F|||50|,,,,,Ground]Indeedee-F||RockyHelmet|PsychicSurge|Imprison,Psychic,TrickRoom,FollowMe|||F|||50|,,,,,Water]Raging Bolt||AssaultVest|Protosynthesis|Thunderclap,Electroweb,DracoMeteor,Snarl||||||50|,,,,,Fairy]Zamazenta-Crowned||RustedShield|DauntlessShield|BodyPress,Imprison,WideGuard,Protect||||||50|,,,,,Dragon\n|showteam|p2|Calyrex-Shadow||FocusSash|AsOneSpectrier|AstralBarrage,PollenPuff,NastyPlot,Protect||||||50|,,,,,Ghost]Zamazenta-Crowned||RustedShield|DauntlessShield|BodyPress,Imprison,WideGuard,Protect||||||50|,,,,,Dragon]Incineroar||SafetyGoggles|Intimidate|KnockOff,FakeOut,PartingShot,HelpingHand|||M|||50|,,,,,Bug]Ogerpon-Wellspring||WellspringMask|WaterAbsorb|IvyCudgel,HornLeech,FollowMe,SpikyShield|||F|||50|,,,,,Water]Amoonguss||RockyHelmet|Regenerator|PollenPuff,Spore,RagePowder,Protect|||F|||50|,,,,,Water]Flutter Mane||BoosterEnergy|Protosynthesis|Moonblast,IcyWind,ThunderWave,Protect||||||50|,,,,,Fairy\n|inactive|Battle timer is ON: inactive players will automatically lose when time's up. (requested by User16838426)\n|inactive|Lacossg has 60 seconds left.\n|inactive|User16838426 has 60 seconds left.\n|inactive|Lacossg has 30 seconds left.\n|\n|t:|1746060300\n|start\n|switch|p1a: Raging Bolt|Raging Bolt, L50|100/100\n|switch|p1b: Zamazenta|Zamazenta-Crowned, L50|100/100\n|switch|p2a: Incineroar|Incineroar, L50, M|100/100\n|switch|p2b: Zamazenta|Zamazenta-Crowned, L50|100/100\n|-ability|p2b: Zamazenta|Dauntless Shield|boost\n|-boost|p2b: Zamazenta|def|1\n|-ability|p1b: Zamazenta|Dauntless Shield|boost\n|-boost|p1b: Zamazenta|def|1\n|-ability|p2a: Incineroar|Intimidate|boost\n|-unboost|p1a: Raging Bolt|atk|1\n|-unboost|p1b: Zamazenta|atk|1\n|turn|1\n|\n|t:|1746060314\n|switch|p1b: Calyrex|Calyrex-Shadow, L50|100/100\n|-ability|p1b: Calyrex|As One\n|-ability|p1b: Calyrex|Unnerve\n|move|p2a: Incineroar|Fake Out|p1b: Calyrex\n|-immune|p1b: Calyrex\n|move|p2b: Zamazenta|Imprison|p2b: Zamazenta\n|-start|p2b: Zamazenta|move: Imprison\n|move|p1a: Raging Bolt|Electroweb|p2a: Incineroar|[spread] p2a,p2b\n|-damage|p2a: Incineroar|84/100\n|-damage|p2b: Zamazenta|83/100\n|-unboost|p2a: Incineroar|spe|1\n|-unboost|p2b: Zamazenta|spe|1\n|\n|upkeep\n|turn|2\n|inactive|Lacossg has 30 seconds left.\n|\n|t:|1746060339\n|switch|p2a: Flutter Mane|Flutter Mane, L50|100/100\n|-enditem|p2a: Flutter Mane|Booster Energy\n|-activate|p2a: Flutter Mane|ability: Protosynthesis|[fromitem]\n|-start|p2a: Flutter Mane|protosynthesisspe\n|move|p1b: Calyrex|Encore||[still]\n|-fail|p1b: Calyrex\n|move|p2b: Zamazenta|Body Press|p1a: Raging Bolt\n|-damage|p1a: Raging Bolt|49/100\n|move|p1a: Raging Bolt|Electroweb|p2a: Flutter Mane|[spread] p2a,p2b\n|-damage|p2a: Flutter Mane|81/100\n|-damage|p2b: Zamazenta|68/100\n|-unboost|p2a: Flutter Mane|spe|1\n|-unboost|p2b: Zamazenta|spe|1\n|\n|upkeep\n|turn|3\n|\n|t:|1746060363\n|move|p2b: Zamazenta|Wide Guard|p2b: Zamazenta\n|-singleturn|p2b: Zamazenta|Wide Guard\n|move|p1a: Raging Bolt|Thunderclap||[still]\n|-fail|p1a: Raging Bolt\n|move|p1b: Calyrex|Expanding Force|p2a: Flutter Mane\n|-damage|p2a: Flutter Mane|26/100\n|-damage|p1b: Calyrex|91/100|[from] item: Life Orb\n|move|p2a: Flutter Mane|Thunder Wave|p1b: Calyrex\n|-status|p1b: Calyrex|par\n|\n|upkeep\n|turn|4\n|inactive|User16838426 has 30 seconds left.\n|\n|t:|1746060389\n|-end|p2a: Flutter Mane|Protosynthesis|[silent]\n|switch|p2a: Incineroar|Incineroar, L50, M|84/100\n|-ability|p2a: Incineroar|Intimidate|boost\n|-unboost|p1a: Raging Bolt|atk|1\n|-unboost|p1b: Calyrex|atk|1\n|move|p1a: Raging Bolt|Thunderclap||[still]\n|-fail|p1a: Raging Bolt\n|move|p1b: Calyrex|Astral Barrage|p2b: Zamazenta|[spread] p2a,p2b\n|-resisted|p2a: Incineroar\n|-damage|p2a: Incineroar|59/100\n|-damage|p2b: Zamazenta|22/100\n|-damage|p1b: Calyrex|81/100 par|[from] item: Life Orb\n|move|p2b: Zamazenta|Body Press|p1a: Raging Bolt\n|-damage|p1a: Raging Bolt|0 fnt\n|faint|p1a: Raging Bolt\n|-end|p1a: Raging Bolt|Protosynthesis|[silent]\n|\n|upkeep\n|\n|t:|1746060398\n|switch|p1a: Tyranitar|Tyranitar, L50, F|100/100\n|-weather|Sandstorm|[from] ability: Sand Stream|[of] p1a: Tyranitar\n|turn|5\n|\n|t:|1746060419\n|move|p2b: Zamazenta|Protect|p2b: Zamazenta\n|-singleturn|p2b: Zamazenta|Protect\n|move|p1a: Tyranitar|Rock Slide|p2b: Zamazenta|[spread] p2a\n|-activate|p2b: Zamazenta|move: Protect\n|-supereffective|p2a: Incineroar\n|-damage|p2a: Incineroar|11/100\n|move|p1b: Calyrex|Expanding Force|p2b: Zamazenta\n|-activate|p2b: Zamazenta|move: Protect\n|move|p2a: Incineroar|Parting Shot|p1a: Tyranitar\n|-unboost|p1a: Tyranitar|atk|1\n|-unboost|p1a: Tyranitar|spa|1\n|\n|t:|1746060432\n|switch|p2a: Flutter Mane|Flutter Mane, L50|26/100|[from] Parting Shot\n|\n|-weather|Sandstorm|[upkeep]\n|-damage|p2a: Flutter Mane|20/100|[from] Sandstorm\n|-damage|p1b: Calyrex|75/100 par|[from] Sandstorm\n|upkeep\n|turn|6\n|\n|t:|1746060450\n|move|p2a: Flutter Mane|Icy Wind|p1a: Tyranitar|[spread] p1a,p1b\n|-damage|p1a: Tyranitar|93/100\n|-damage|p1b: Calyrex|64/100 par\n|-unboost|p1a: Tyranitar|spe|1\n|-unboost|p1b: Calyrex|spe|1\n|move|p2b: Zamazenta|Body Press|p1a: Tyranitar\n|-supereffective|p1a: Tyranitar\n|-damage|p1a: Tyranitar|0 fnt\n|faint|p1a: Tyranitar\n|move|p1b: Calyrex|Expanding Force|p2b: Zamazenta\n|-damage|p2b: Zamazenta|0 fnt\n|faint|p2b: Zamazenta\n|-ability|p1b: Calyrex|Grim Neigh|boost\n|-boost|p1b: Calyrex|spa|1\n|-damage|p1b: Calyrex|54/100 par|[from] item: Life Orb\n|\n|-weather|Sandstorm|[upkeep]\n|-damage|p2a: Flutter Mane|14/100|[from] Sandstorm\n|-damage|p1b: Calyrex|49/100 par|[from] Sandstorm\n|upkeep\n|\n|t:|1746060461\n|switch|p2b: Incineroar|Incineroar, L50, M|11/100\n|switch|p1a: Zamazenta|Zamazenta-Crowned, L50|100/100\n|-ability|p2b: Incineroar|Intimidate|boost\n|-unboost|p1a: Zamazenta|atk|1\n|-unboost|p1b: Calyrex|atk|1\n|turn|7\n|inactive|Lacossg has 30 seconds left.\n|\n|t:|1746060491\n|-terastallize|p2a: Flutter Mane|Fairy\n|move|p2b: Incineroar|Helping Hand|p2a: Flutter Mane\n|-singleturn|p2a: Flutter Mane|Helping Hand|[of] p2b: Incineroar\n|move|p2a: Flutter Mane|Moonblast|p1b: Calyrex\n|-damage|p1b: Calyrex|0 fnt\n|faint|p1b: Calyrex\n|move|p1a: Zamazenta|Body Press|p2b: Incineroar\n|-supereffective|p2b: Incineroar\n|-damage|p2b: Incineroar|0 fnt\n|faint|p2b: Incineroar\n|\n|-weather|Sandstorm|[upkeep]\n|-damage|p2a: Flutter Mane|8/100|[from] Sandstorm\n|upkeep\n|\n|t:|1746060497\n|switch|p2b: Calyrex|Calyrex-Shadow, L50|100/100\n|-ability|p2b: Calyrex|As One\n|-ability|p2b: Calyrex|Unnerve\n|turn|8\n|-message|Lacossg forfeited.\n|\n|win|User16838426\n||User16838426 is ready for game 2.\n||Lacossg is ready for game 2.\n|uhtml|next|Next: <a href=\"/battle-gen9vgc2025regibo3-2354349715\"><strong>Game 2 of 3</strong></a>\n", "uploadtime": 1746060800, "views": 9, "formatid": "gen9vgc2025regibo3", "rating": null, "private": 0, "password": null}