{"id": "gen9vgc2025regibo3-2354432602", "format": "[Gen 9] VGC 2025 Reg I (Bo3)", "players": ["Weterpete", "MolluskVGC"], "log": "|j|\u2606Weterpete\n|j|\u2606MolluskVGC\n|html|<table width=\"100%\"><tr><td align=\"left\">Weterpete</td><td align=\"right\">MolluskVGC</tr><tr><td align=\"left\"><i class=\"fa fa-circle-o\"></i> <i class=\"fa fa-circle-o\"></i> </td><td align=\"right\"><i class=\"fa fa-circle-o\"></i> <i class=\"fa fa-circle-o\"></i> </tr></table>\n|uhtml|bestof|<h2><strong>Game 1</strong> of <a href=\"/game-bestof3-gen9vgc2025regibo3-2354432601\">a best-of-3</a></h2>\n|t:|1746070892\n|gametype|doubles\n|player|p1|Weterpete|waiter|\n|player|p2|MolluskVGC|hiker-gen4|\n|teamsize|p1|6\n|teamsize|p2|6\n|gen|9\n|tier|[Gen 9] VGC 2025 Reg I (Bo3)\n|rule|Species Clause: Limit one of each Pok\u00e9mon\n|rule|Item Clause: Limit 1 of each item\n|clearpoke\n|poke|p1|Lunala, L50|\n|poke|p1|Koraidon, L50|\n|poke|p1|Whimsicott, L50, M|\n|poke|p1|Flutter Mane, L50|\n|poke|p1|Chi-Yu, L50|\n|poke|p1|Rillaboom, L50, M|\n|poke|p2|Miraidon, L50|\n|poke|p2|Ho-Oh, L50|\n|poke|p2|Iron Hands, L50|\n|poke|p2|Farigiraf, L50, F|\n|poke|p2|Grimmsnarl, L50, M|\n|poke|p2|Urshifu-*, L50, M|\n|teampreview|4\n|showteam|p1|Lunala||PowerHerb|ShadowShield|MoongeistBeam,MeteorBeam,WideGuard,HeatWave||||||50|,,,,,Water]Koraidon||ClearAmulet|OrichalcumPulse|FlameCharge,CollisionCourse,FlareBlitz,Protect||||||50|,,,,,Fire]Whimsicott||FocusSash|Prankster|Taunt,Tailwind,Moonblast,Encore|||M|||50|,,,,,Ghost]Flutter Mane||BoosterEnergy|Protosynthesis|Thunder,Moonblast,ShadowBall,Protect||||||50|,,,,,Fairy]Chi-Yu||LifeOrb|BeadsofRuin|DarkPulse,HeatWave,Overheat,Protect||||||50|,,,,,Fire]Rillaboom||AssaultVest|GrassySurge|WoodHammer,GrassyGlide,Uturn,FakeOut|||M|||50|,,,,,Grass\n|showteam|p2|Miraidon||ChoiceSpecs|HadronEngine|ElectroDrift,DracoMeteor,VoltSwitch,DazzlingGleam||||||50|,,,,,Fairy]Ho-Oh||ClearAmulet|Regenerator|Protect,BraveBird,SacredFire,Tailwind||||||50|,,,,,Grass]Iron Hands||AssaultVest|QuarkDrive|FakeOut,DrainPunch,WildCharge,LowKick||||||50|,,,,,Water]Farigiraf||ElectricSeed|ArmorTail|FoulPlay,PsychicNoise,HelpingHand,TrickRoom|||F|||50|,,,,,Water]Grimmsnarl||LightClay|Prankster|SpiritBreak,LightScreen,Reflect,SuckerPunch|||M|||50|,,,,,Ghost]Urshifu-Rapid-Strike||MysticWater|UnseenFist|Detect,SurgingStrikes,CloseCombat,AquaJet|||M|||50|,,,,,Water\n|inactive|Battle timer is ON: inactive players will automatically lose when time's up. (requested by Weterpete)\n|inactive|Weterpete has 60 seconds left.\n|inactive|Weterpete has 30 seconds left.\n|inactive|Weterpete has 20 seconds left.\n|\n|t:|1746070962\n|start\n|switch|p1a: Whimsicott|Whimsicott, L50, M|100/100\n|switch|p1b: Flutter Mane|Flutter Mane, L50|100/100\n|switch|p2a: Grimmsnarl|Grimmsnarl, L50, M, shiny|100/100\n|switch|p2b: Ho-Oh|Ho-Oh, L50|100/100\n|-enditem|p1b: Flutter Mane|Booster Energy\n|-activate|p1b: Flutter Mane|ability: Protosynthesis|[fromitem]\n|-start|p1b: Flutter Mane|protosynthesisspe\n|turn|1\n|inactive|Weterpete has 30 seconds left.\n|inactive|Weterpete has 20 seconds left.\n|\n|t:|1746071000\n|move|p1b: Flutter Mane|Protect|p1b: Flutter Mane\n|-singleturn|p1b: Flutter Mane|Protect\n|move|p1a: Whimsicott|Tailwind|p1a: Whimsicott\n|-sidestart|p1: Weterpete|move: Tailwind\n|move|p2a: Grimmsnarl|Light Screen|p2a: Grimmsnarl\n|-sidestart|p2: MolluskVGC|move: Light Screen\n|move|p2b: Ho-Oh|Brave Bird|p1b: Flutter Mane\n|-activate|p1b: Flutter Mane|move: Protect\n|\n|upkeep\n|turn|2\n|inactive|Weterpete has 30 seconds left.\n|inactive|MolluskVGC has 30 seconds left.\n|inactive|MolluskVGC has 20 seconds left.\n|\n|t:|1746071045\n|-end|p1b: Flutter Mane|Protosynthesis|[silent]\n|switch|p1b: Lunala|Lunala, L50|100/100\n|-terastallize|p2a: Grimmsnarl|Ghost\n|move|p1a: Whimsicott|Moonblast|p2a: Grimmsnarl\n|-damage|p2a: Grimmsnarl|76/100\n|move|p2b: Ho-Oh|Brave Bird|p1b: Lunala\n|-damage|p1b: Lunala|80/100\n|-damage|p2b: Ho-Oh|93/100|[from] Recoil\n|move|p2a: Grimmsnarl|Spirit Break|p1b: Lunala\n|-damage|p1b: Lunala|56/100\n|-unboost|p1b: Lunala|spa|1\n|\n|upkeep\n|turn|3\n|inactive|Weterpete has 30 seconds left.\n|inactive|MolluskVGC has 30 seconds left.\n|\n|t:|1746071075\n|move|p2b: Ho-Oh|Protect|p2b: Ho-Oh\n|-singleturn|p2b: Ho-Oh|Protect\n|move|p1a: Whimsicott|Taunt|p2a: Grimmsnarl\n|-start|p2a: Grimmsnarl|move: Taunt\n|move|p1b: Lunala|Meteor Beam||[still]\n|-prepare|p1b: Lunala|Meteor Beam\n|-boost|p1b: Lunala|spa|1\n|-enditem|p1b: Lunala|Power Herb\n|-anim|p1b: Lunala|Meteor Beam|p2a: Grimmsnarl\n|-crit|p2a: Grimmsnarl\n|-damage|p2a: Grimmsnarl|12/100\n|move|p2a: Grimmsnarl|Spirit Break|p1b: Lunala\n|-damage|p1b: Lunala|33/100\n|-unboost|p1b: Lunala|spa|1\n|\n|upkeep\n|turn|4\n|\n|t:|1746071096\n|move|p2a: Grimmsnarl|Sucker Punch|p1b: Lunala\n|-supereffective|p1b: Lunala\n|-damage|p1b: Lunala|0 fnt\n|faint|p1b: Lunala\n|move|p1a: Whimsicott|Moonblast|p2a: Grimmsnarl\n|-damage|p2a: Grimmsnarl|0 fnt\n|faint|p2a: Grimmsnarl\n|move|p2b: Ho-Oh|Sacred Fire|p1a: Whimsicott\n|-supereffective|p1a: Whimsicott\n|-enditem|p1a: Whimsicott|Focus Sash\n|-damage|p1a: Whimsicott|1/100\n|\n|-sideend|p1: Weterpete|move: Tailwind\n|upkeep\n|\n|t:|1746071108\n|switch|p1b: Flutter Mane|Flutter Mane, L50|100/100\n|switch|p2a: Farigiraf|Farigiraf, L50, F|100/100\n|turn|5\n|inactive|Weterpete has 30 seconds left.\n|\n|t:|1746071138\n|move|p1b: Flutter Mane|Protect|p1b: Flutter Mane\n|-singleturn|p1b: Flutter Mane|Protect\n|move|p1a: Whimsicott|Moonblast|p2a: Farigiraf\n|-damage|p2a: Farigiraf|79/100\n|-unboost|p2a: Farigiraf|spa|1\n|move|p2b: Ho-Oh|Sacred Fire|p1b: Flutter Mane\n|-activate|p1b: Flutter Mane|move: Protect\n|move|p2a: Farigiraf|Trick Room|p2a: Farigiraf\n|-fieldstart|move: Trick Room|[of] p2a: Farigiraf\n|\n|upkeep\n|turn|6\n|inactive|Weterpete has 30 seconds left.\n|inactive|MolluskVGC has 30 seconds left.\n|\n|t:|1746071169\n|move|p2a: Farigiraf|Psychic Noise|p1a: Whimsicott\n|-damage|p1a: Whimsicott|0 fnt\n|faint|p1a: Whimsicott\n|move|p2b: Ho-Oh|Brave Bird|p1b: Flutter Mane\n|-damage|p1b: Flutter Mane|0 fnt\n|faint|p1b: Flutter Mane\n|-end|p1b: Flutter Mane|Protosynthesis|[silent]\n|-damage|p2b: Ho-Oh|70/100|[from] Recoil\n|\n|upkeep\n|\n|t:|1746071174\n|switch|p1b: Koraidon|Koraidon, L50|100/100\n|-weather|SunnyDay|[from] ability: Orichalcum Pulse|[of] p1b: Koraidon\n|-activate|p1b: Koraidon|Orichalcum Pulse|[source]\n|turn|7\n|\n|t:|1746071187\n|-terastallize|p1b: Koraidon|Fire\n|move|p2a: Farigiraf|Psychic Noise|p1b: Koraidon\n|-damage|p1b: Koraidon|83/100\n|-start|p1b: Koraidon|move: Heal Block\n|move|p2b: Ho-Oh|Brave Bird|p1b: Koraidon\n|-damage|p1b: Koraidon|36/100\n|-damage|p2b: Ho-Oh|55/100|[from] Recoil\n|move|p1b: Koraidon|Flare Blitz|p2a: Farigiraf\n|-damage|p2a: Farigiraf|0 fnt\n|faint|p2a: Farigiraf\n|-damage|p1b: Koraidon|7/100|[from] Recoil\n|\n|-weather|SunnyDay|[upkeep]\n|upkeep\n|\n|t:|1746071202\n|switch|p2a: Miraidon|Miraidon, L50|100/100\n|-fieldstart|move: Electric Terrain|[from] ability: Hadron Engine|[of] p2a: Miraidon\n|turn|8\n|\n|t:|1746071213\n|move|p1b: Koraidon|Protect|p1b: Koraidon\n|-singleturn|p1b: Koraidon|Protect\n|move|p2b: Ho-Oh|Brave Bird|p1b: Koraidon\n|-activate|p1b: Koraidon|move: Protect\n|move|p2a: Miraidon|Electro Drift|p1b: Koraidon\n|-activate|p1b: Koraidon|move: Protect\n|\n|-weather|SunnyDay|[upkeep]\n|-end|p1b: Koraidon|move: Heal Block\n|-sideend|p2: MolluskVGC|move: Light Screen\n|upkeep\n|turn|9\n|\n|t:|1746071227\n|move|p2b: Ho-Oh|Tailwind|p2b: Ho-Oh\n|-sidestart|p2: MolluskVGC|move: Tailwind\n|move|p1b: Koraidon|Flare Blitz|p2b: Ho-Oh\n|-resisted|p2b: Ho-Oh\n|-crit|p2b: Ho-Oh\n|-damage|p2b: Ho-Oh|0 fnt\n|faint|p2b: Ho-Oh\n|-damage|p1b: Koraidon|0 fnt|[from] Recoil\n|faint|p1b: Koraidon\n|\n|win|MolluskVGC\n||Weterpete is ready for game 2.\n|inactive|MolluskVGC has 30 seconds to confirm battle start!\n|inactive|MolluskVGC has 20 seconds to confirm battle start!\n||MolluskVGC is ready for game 2.\n|uhtml|next|Next: <a href=\"/battle-gen9vgc2025regibo3-2354435239\"><strong>Game 2 of 3</strong></a>\n", "uploadtime": 1746071236, "views": 9, "formatid": "gen9vgc2025regibo3", "rating": null, "private": 0, "password": null}