{"id": "gen9vgc2025regibo3-2353566528", "format": "[Gen 9] VGC 2025 Reg I (Bo3)", "players": ["LittleBig18", "FALL3N_DWN"], "log": "|j|\u2606LittleBig18\n|j|\u2606FALL3N_DWN\n|html|<table width=\"100%\"><tr><td align=\"left\">LittleBig18</td><td align=\"right\">FALL3N_DWN</tr><tr><td align=\"left\"><i class=\"fa fa-circle-o\"></i> <i class=\"fa fa-circle-o\"></i> </td><td align=\"right\"><i class=\"fa fa-circle-o\"></i> <i class=\"fa fa-circle-o\"></i> </tr></table>\n|uhtml|bestof|<h2><strong>Game 1</strong> of <a href=\"/game-bestof3-gen9vgc2025regibo3-2353566527\">a best-of-3</a></h2>\n|t:|1745969110\n|gametype|doubles\n|player|p1|LittleBig18|buck|1258\n|player|p2|FALL3N_DWN|carmine-festival|1224\n|teamsize|p1|6\n|teamsize|p2|6\n|gen|9\n|tier|[Gen 9] VGC 2025 Reg I (Bo3)\n|rated|\n|rule|Species Clause: Limit one of each Pok\u00e9mon\n|rule|Item Clause: Limit 1 of each item\n|clearpoke\n|poke|p1|Miraidon, L50|\n|poke|p1|Farigiraf, L50, M|\n|poke|p1|Calyrex-Ice, L50|\n|poke|p1|Ogerpon-Hearthflame, L50, F|\n|poke|p1|Iron Jugulis, L50|\n|poke|p1|Landorus, L50, M|\n|poke|p2|Calyrex-Shadow, L50|\n|poke|p2|Zamazenta-*, L50|\n|poke|p2|Rillaboom, L50, F|\n|poke|p2|Incineroar, L50, F|\n|poke|p2|Ogerpon-Hearthflame, L50, F|\n|poke|p2|Raging Bolt, L50|\n|teampreview|4\n|showteam|p1|Miraidon||ChoiceSpecs|HadronEngine|VoltSwitch,ElectroDrift,DracoMeteor,DazzlingGleam||||||50|,,,,,Fairy]Farigiraf||ElectricSeed|ArmorTail|TrickRoom,HelpingHand,PsychicNoise,FoulPlay|||M|||50|,,,,,Water]Calyrex-Ice||ClearAmulet|AsOneGlastrier|GlacialLance,HighHorsepower,TrickRoom,Protect||||||50|,,,,,Fire]Ogerpon-Hearthflame||HearthflameMask|MoldBreaker|IvyCudgel,Taunt,FollowMe,SpikyShield|||F|||50|,,,,,Fire]Iron Jugulis||BoosterEnergy|QuarkDrive|Tailwind,DarkPulse,AirSlash,Protect||||||50|,,,,,Steel]Landorus||LifeOrb|SheerForce|EarthPower,SandsearStorm,SludgeBomb,Protect|||M|||50|,,,,,Steel\n|showteam|p2|Calyrex-Shadow||LifeOrb|AsOneSpectrier|AstralBarrage,Psychic,NastyPlot,Protect||||||50|,,,,,Normal]Zamazenta-Crowned||RustedShield|DauntlessShield|BodyPress,behemothbash,WideGuard,Protect||||||50|,,,,,Water]Rillaboom||MiracleSeed|GrassySurge|FakeOut,GrassyGlide,WoodHammer,Uturn|||F|||50|,,,,,Fire]Incineroar||RockyHelmet|Intimidate|FlareBlitz,KnockOff,FakeOut,PartingShot|||F|||50|,,,,,Bug]Ogerpon-Hearthflame||HearthflameMask|MoldBreaker|GrassyGlide,IvyCudgel,SpikyShield,FollowMe|||F|||50|,,,,,Fire]Raging Bolt||AssaultVest|Protosynthesis|Thunderclap,Thunderbolt,DracoMeteor,Electroweb||||||50|,,,,,Electric\n|inactive|Battle timer is ON: inactive players will automatically lose when time's up. (requested by LittleBig18)\n|inactive|LittleBig18 has 60 seconds left.\n|inactive|FALL3N_DWN has 60 seconds left.\n|inactive|FALL3N_DWN has 30 seconds left.\n|inactive|FALL3N_DWN has 20 seconds left.\n|inactive|FALL3N_DWN has 15 seconds left.\n|\n|t:|1745969197\n|start\n|switch|p1a: Landorus|Landorus, L50, M|100/100\n|switch|p1b: Iron Jugulis|Iron Jugulis, L50|100/100\n|switch|p2a: Rillaboom|Rillaboom, L50, F|100/100\n|switch|p2b: Zamazenta|Zamazenta-Crowned, L50|100/100\n|-ability|p2b: Zamazenta|Dauntless Shield|boost\n|-boost|p2b: Zamazenta|def|1\n|-fieldstart|move: Grassy Terrain|[from] ability: Grassy Surge|[of] p2a: Rillaboom\n|-enditem|p1b: Iron Jugulis|Booster Energy\n|-activate|p1b: Iron Jugulis|ability: Quark Drive|[fromitem]\n|-start|p1b: Iron Jugulis|quarkdrivespe\n|turn|1\n|inactive|LittleBig18 has 30 seconds left.\n|inactive|FALL3N_DWN has 30 seconds left.\n|inactive|FALL3N_DWN has 20 seconds left.\n|inactive|FALL3N_DWN has 15 seconds left.\n|inactive|LittleBig18 has 20 seconds left.\n|inactive|LittleBig18 has 15 seconds left.\n|\n|t:|1745969250\n|-terastallize|p2b: Zamazenta|Water\n|move|p2a: Rillaboom|Fake Out|p1b: Iron Jugulis\n|-damage|p1b: Iron Jugulis|86/100\n|cant|p1b: Iron Jugulis|flinch\n|move|p2b: Zamazenta|Body Press|p1b: Iron Jugulis\n|-damage|p1b: Iron Jugulis|19/100\n|move|p1a: Landorus|Earth Power|p2b: Zamazenta\n|-crit|p2b: Zamazenta\n|-damage|p2b: Zamazenta|12/100\n|\n|-heal|p2b: Zamazenta|18/100|[from] Grassy Terrain\n|upkeep\n|turn|2\n|inactive|FALL3N_DWN has 30 seconds left.\n|inactive|FALL3N_DWN has 20 seconds left.\n|\n|t:|1745969286\n|move|p2a: Rillaboom|Grassy Glide|p1b: Iron Jugulis\n|-resisted|p1b: Iron Jugulis\n|-damage|p1b: Iron Jugulis|0 fnt\n|faint|p1b: Iron Jugulis\n|-end|p1b: Iron Jugulis|Quark Drive|[silent]\n|move|p2b: Zamazenta|Behemoth Bash|p1a: Landorus\n|-damage|p1a: Landorus|56/100\n|move|p1a: Landorus|Sludge Bomb|p2a: Rillaboom\n|-supereffective|p2a: Rillaboom\n|-damage|p2a: Rillaboom|0 fnt\n|faint|p2a: Rillaboom\n|\n|-heal|p2b: Zamazenta|24/100|[from] Grassy Terrain\n|upkeep\n|\n|t:|1745969303\n|switch|p1b: Calyrex|Calyrex-Ice, L50|100/100\n|switch|p2a: Calyrex|Calyrex-Shadow, L50|100/100\n|-ability|p2a: Calyrex|As One\n|-ability|p2a: Calyrex|Unnerve\n|-ability|p1b: Calyrex|As One\n|-ability|p1b: Calyrex|Unnerve\n|turn|3\n|\n|t:|1745969327\n|-terastallize|p1b: Calyrex|Fire\n|move|p2b: Zamazenta|Wide Guard|p2b: Zamazenta\n|-singleturn|p2b: Zamazenta|Wide Guard\n|move|p2a: Calyrex|Astral Barrage|p1a: Landorus|[spread] p1a,p1b\n|-damage|p1a: Landorus|0 fnt\n|-damage|p1b: Calyrex|55/100\n|faint|p1a: Landorus\n|-ability|p2a: Calyrex|Grim Neigh|boost\n|-boost|p2a: Calyrex|spa|1\n|-damage|p2a: Calyrex|91/100|[from] item: Life Orb\n|move|p1b: Calyrex|Trick Room|p1b: Calyrex\n|-fieldstart|move: Trick Room|[of] p1b: Calyrex\n|\n|-heal|p1b: Calyrex|61/100|[from] Grassy Terrain\n|-heal|p2b: Zamazenta|30/100|[from] Grassy Terrain\n|-heal|p2a: Calyrex|97/100|[from] Grassy Terrain\n|upkeep\n|\n|t:|1745969341\n|switch|p1a: Miraidon|Miraidon, L50|100/100\n|-fieldstart|move: Electric Terrain|[from] ability: Hadron Engine|[of] p1a: Miraidon\n|turn|4\n|inactive|FALL3N_DWN has 30 seconds left.\n|inactive|LittleBig18 has 30 seconds left.\n|inactive|FALL3N_DWN has 20 seconds left.\n|\n|t:|1745969381\n|move|p2a: Calyrex|Protect|p2a: Calyrex\n|-singleturn|p2a: Calyrex|Protect\n|move|p1b: Calyrex|High Horsepower|p2b: Zamazenta\n|-damage|p2b: Zamazenta|14/100\n|move|p2b: Zamazenta|Body Press|p1a: Miraidon\n|-damage|p1a: Miraidon|30/100\n|move|p1a: Miraidon|Electro Drift|p2a: Calyrex\n|-activate|p2a: Calyrex|move: Protect\n|\n|upkeep\n|turn|5\n|inactive|FALL3N_DWN has 30 seconds left.\n|inactive|FALL3N_DWN has 20 seconds left.\n|inactive|FALL3N_DWN has 15 seconds left.\n|inactive|FALL3N_DWN has 10 seconds left.\n|inactive|FALL3N_DWN has 5 seconds left.\n|\n|t:|1745969433\n|switch|p2a: Incineroar|Incineroar, L50, F|100/100\n|-ability|p2a: Incineroar|Intimidate|boost\n|-unboost|p1a: Miraidon|atk|1\n|-fail|p1b: Calyrex|unboost|[from] item: Clear Amulet|[of] p1b: Calyrex\n|move|p2b: Zamazenta|Protect|p2b: Zamazenta\n|-singleturn|p2b: Zamazenta|Protect\n|move|p1b: Calyrex|High Horsepower|p2b: Zamazenta\n|-activate|p2b: Zamazenta|move: Protect\n|move|p1a: Miraidon|Electro Drift|p2a: Incineroar\n|-damage|p2a: Incineroar|0 fnt\n|-damage|p1a: Miraidon|14/100|[from] item: Rocky Helmet|[of] p2a: Incineroar\n|faint|p2a: Incineroar\n|\n|upkeep\n|\n|t:|1745969437\n|switch|p2a: Calyrex|Calyrex-Shadow, L50|97/100\n|-ability|p2a: Calyrex|As One\n|-ability|p2a: Calyrex|Unnerve\n|turn|6\n|\n|t:|1745969462\n|move|p2a: Calyrex|Protect|p2a: Calyrex\n|-singleturn|p2a: Calyrex|Protect\n|move|p1b: Calyrex|High Horsepower|p2b: Zamazenta\n|-damage|p2b: Zamazenta|0 fnt\n|faint|p2b: Zamazenta\n|-ability|p1b: Calyrex|Chilling Neigh|boost\n|-boost|p1b: Calyrex|atk|1\n|move|p1a: Miraidon|Electro Drift|p2a: Calyrex\n|-activate|p2a: Calyrex|move: Protect\n|\n|upkeep\n|turn|7\n|\n|t:|1745969478\n|move|p2a: Calyrex|Protect|p2a: Calyrex\n|-singleturn|p2a: Calyrex|Protect\n|move|p1b: Calyrex|Glacial Lance|p2a: Calyrex\n|-activate|p2a: Calyrex|move: Protect\n|move|p1a: Miraidon|Electro Drift|p2a: Calyrex\n|-activate|p2a: Calyrex|move: Protect\n|\n|-fieldend|move: Trick Room\n|upkeep\n|turn|8\n|\n|t:|1745969489\n|move|p2a: Calyrex|Astral Barrage|p1a: Miraidon|[spread] p1a,p1b\n|-damage|p1a: Miraidon|0 fnt\n|-damage|p1b: Calyrex|14/100\n|faint|p1a: Miraidon\n|-ability|p2a: Calyrex|Grim Neigh|boost\n|-boost|p2a: Calyrex|spa|1\n|-damage|p2a: Calyrex|87/100|[from] item: Life Orb\n|move|p1b: Calyrex|Glacial Lance|p2a: Calyrex\n|-damage|p2a: Calyrex|0 fnt\n|faint|p2a: Calyrex\n|\n|win|LittleBig18\n||FALL3N_DWN is ready for game 2.\n||LittleBig18 is ready for game 2.\n|uhtml|next|Next: <a href=\"/battle-gen9vgc2025regibo3-2353569825\"><strong>Game 2 of 3</strong></a>\n", "uploadtime": 1745969919, "views": 24, "formatid": "gen9vgc2025regibo3", "rating": null, "private": 0, "password": null}