{"id": "gen9vgc2025regibo3-2353950454", "format": "[Gen 9] VGC 2025 Reg I (Bo3)", "players": ["OhDaGuru", "loosecannon69"], "log": "|j|\u2606OhDaGuru\n|j|\u2606loosecannon69\n|html|<table width=\"100%\"><tr><td align=\"left\">OhDaGuru</td><td align=\"right\">loosecannon69</tr><tr><td align=\"left\"><i class=\"fa fa-circle-o\"></i> <i class=\"fa fa-circle-o\"></i> </td><td align=\"right\"><i class=\"fa fa-circle-o\"></i> <i class=\"fa fa-circle-o\"></i> </tr></table>\n|uhtml|bestof|<h2><strong>Game 1</strong> of <a href=\"/game-bestof3-gen9vgc2025regibo3-2353950453\">a best-of-3</a></h2>\n|t:|1746021915\n|gametype|doubles\n|player|p1|OhDaGuru|169|1159\n|player|p2|loosecannon69|serena|1082\n|teamsize|p1|6\n|teamsize|p2|6\n|gen|9\n|tier|[Gen 9] VGC 2025 Reg I (Bo3)\n|rated|\n|rule|Species Clause: Limit one of each Pok\u00e9mon\n|rule|Item Clause: Limit 1 of each item\n|clearpoke\n|poke|p1|Kyogre, L50|\n|poke|p1|Miraidon, L50|\n|poke|p1|Tornadus, L50, M|\n|poke|p1|Iron Hands, L50|\n|poke|p1|Farigiraf, L50, F|\n|poke|p1|Iron Treads, L50|\n|poke|p2|Miraidon, L50|\n|poke|p2|Whimsicott, L50, F|\n|poke|p2|Iron Hands, L50|\n|poke|p2|Farigiraf, L50, M|\n|poke|p2|Groudon, L50|\n|poke|p2|Landorus, L50, M|\n|teampreview|4\n|showteam|p1|Kyogre||MysticWater|Drizzle|WaterSpout,OriginPulse,IceBeam,Protect||||||50|,,,,,Grass]Miraidon||ChoiceSpecs|HadronEngine|ElectroDrift,DracoMeteor,DazzlingGleam,VoltSwitch||||||50|,,,,,Fairy]Tornadus||FocusSash|Prankster|BleakwindStorm,Tailwind,RainDance,Protect|||M|||50|,,,,,Ghost]Iron Hands||AssaultVest|QuarkDrive|WildCharge,DrainPunch,LowKick,FakeOut||||||50|,,,,,Water]Farigiraf||ElectricSeed|ArmorTail|FoulPlay,PsychicNoise,TrickRoom,HelpingHand|||F|||50|,,,,,Water]Iron Treads||LifeOrb|QuarkDrive|HighHorsepower,SteelRoller,KnockOff,Protect||||||50|,,,,,Ghost\n|showteam|p2|Miraidon||ChoiceSpecs|HadronEngine|ElectroDrift,DracoMeteor,VoltSwitch,Discharge||||||50|,,,,,Electric]Whimsicott||CovertCloak|Prankster|Moonblast,Tailwind,LightScreen,Encore|||F|||50|,,,,,Dark]Iron Hands||AssaultVest|QuarkDrive|LowKick,WildCharge,DrainPunch,FakeOut||||||50|,,,,,Water]Farigiraf||ElectricSeed|ArmorTail|Psychic,FoulPlay,TrickRoom,HelpingHand|||M|||50|,,,,,Ground]Groudon||ClearAmulet|Drought|PrecipiceBlades,HeatCrash,SwordsDance,Protect||||||50|,,,,,Fire]Landorus||LifeOrb|SheerForce|SludgeBomb,SandsearStorm,Protect,EarthPower|||M|||50|,,,,,Ground\n|inactive|Battle timer is ON: inactive players will automatically lose when time's up. (requested by OhDaGuru)\n|inactive|loosecannon69 also wants the timer to be on.\n|inactive|OhDaGuru has 60 seconds left.\n|\n|t:|1746021946\n|start\n|switch|p1a: Kyogre|Kyogre, L50|100/100\n|switch|p1b: Tornadus|Tornadus, L50, M|100/100\n|switch|p2a: Miraidon|Miraidon, L50|100/100\n|switch|p2b: Whimsicott|Whimsicott, L50, F|100/100\n|-fieldstart|move: Electric Terrain|[from] ability: Hadron Engine|[of] p2a: Miraidon\n|-weather|RainDance|[from] ability: Drizzle|[of] p1a: Kyogre\n|turn|1\n|\n|t:|1746021967\n|switch|p1a: Iron Treads|Iron Treads, L50|100/100\n|-activate|p1a: Iron Treads|ability: Quark Drive\n|-start|p1a: Iron Treads|quarkdrivespe\n|move|p2b: Whimsicott|Tailwind|p2b: Whimsicott\n|-sidestart|p2: loosecannon69|move: Tailwind\n|move|p1b: Tornadus|Tailwind|p1b: Tornadus\n|-sidestart|p1: OhDaGuru|move: Tailwind\n|move|p2a: Miraidon|Volt Switch|p1a: Iron Treads\n|-immune|p1a: Iron Treads\n|\n|-weather|RainDance|[upkeep]\n|upkeep\n|turn|2\n|inactive|OhDaGuru has 30 seconds left.\n|inactive|OhDaGuru has 20 seconds left.\n|inactive|OhDaGuru has 15 seconds left.\n|inactive|loosecannon69 has 30 seconds left.\n|\n|t:|1746022011\n|switch|p2a: Farigiraf|Farigiraf, L50, M|100/100\n|-enditem|p2a: Farigiraf|Electric Seed\n|-boost|p2a: Farigiraf|def|1|[from] item: Electric Seed\n|switch|p1b: Miraidon|Miraidon, L50|100/100\n|-activate|p1b: Miraidon|ability: Hadron Engine\n|move|p2b: Whimsicott|Encore||[still]\n|-fail|p2b: Whimsicott\n|move|p1a: Iron Treads|High Horsepower|p2a: Farigiraf\n|-damage|p2a: Farigiraf|60/100\n|-damage|p1a: Iron Treads|91/100|[from] item: Life Orb\n|\n|-weather|RainDance|[upkeep]\n|upkeep\n|turn|3\n|inactive|OhDaGuru has 30 seconds left.\n|inactive|OhDaGuru has 20 seconds left.\n|inactive|OhDaGuru has 15 seconds left.\n|\n|t:|1746022052\n|move|p2b: Whimsicott|Light Screen|p2b: Whimsicott\n|-sidestart|p2: loosecannon69|move: Light Screen\n|move|p1a: Iron Treads|Knock Off|p2a: Farigiraf\n|-supereffective|p2a: Farigiraf\n|-crit|p2a: Farigiraf\n|-damage|p2a: Farigiraf|0 fnt\n|faint|p2a: Farigiraf\n|-damage|p1a: Iron Treads|82/100|[from] item: Life Orb\n|move|p1b: Miraidon|Draco Meteor|p2b: Whimsicott\n|-immune|p2b: Whimsicott\n|\n|-weather|RainDance|[upkeep]\n|upkeep\n|\n|t:|1746022061\n|switch|p2a: Iron Hands|Iron Hands, L50|100/100\n|-activate|p2a: Iron Hands|ability: Quark Drive\n|-start|p2a: Iron Hands|quarkdriveatk\n|turn|4\n|\n|t:|1746022076\n|-terastallize|p1a: Iron Treads|Ghost\n|move|p2b: Whimsicott|Encore|p1a: Iron Treads\n|-start|p1a: Iron Treads|Encore\n|move|p1a: Iron Treads|Knock Off|p2a: Iron Hands\n|-resisted|p2a: Iron Hands\n|-damage|p2a: Iron Hands|87/100\n|-enditem|p2a: Iron Hands|Assault Vest|[from] move: Knock Off|[of] p1a: Iron Treads\n|-damage|p1a: Iron Treads|72/100|[from] item: Life Orb\n|move|p1b: Miraidon|Draco Meteor|p2a: Iron Hands\n|-damage|p2a: Iron Hands|10/100\n|-unboost|p1b: Miraidon|spa|2\n|move|p2a: Iron Hands|Drain Punch|p1a: Iron Treads\n|-immune|p1a: Iron Treads\n|\n|-weather|RainDance|[upkeep]\n|-sideend|p2: loosecannon69|move: Tailwind\n|-sideend|p1: OhDaGuru|move: Tailwind\n|upkeep\n|turn|5\n|\n|t:|1746022090\n|switch|p1b: Tornadus|Tornadus, L50, M|100/100\n|move|p2b: Whimsicott|Encore||[still]\n|-fail|p2b: Whimsicott\n|move|p1a: Iron Treads|Knock Off|p2a: Iron Hands\n|-resisted|p2a: Iron Hands\n|-damage|p2a: Iron Hands|0 fnt\n|faint|p2a: Iron Hands\n|-end|p2a: Iron Hands|Quark Drive|[silent]\n|-damage|p1a: Iron Treads|63/100|[from] item: Life Orb\n|\n|-weather|none\n|-fieldend|move: Electric Terrain\n|-end|p1a: Iron Treads|Quark Drive\n|upkeep\n|\n|t:|1746022093\n|switch|p2a: Miraidon|Miraidon, L50|100/100\n|-fieldstart|move: Electric Terrain|[from] ability: Hadron Engine|[of] p2a: Miraidon\n|-activate|p1a: Iron Treads|ability: Quark Drive\n|-start|p1a: Iron Treads|quarkdrivespe\n|turn|6\n|\n|t:|1746022111\n|-end|p1a: Iron Treads|Quark Drive|[silent]\n|switch|p1a: Kyogre|Kyogre, L50|100/100\n|-weather|RainDance|[from] ability: Drizzle|[of] p1a: Kyogre\n|-terastallize|p2a: Miraidon|Electric\n|move|p1b: Tornadus|Tailwind|p1b: Tornadus\n|-sidestart|p1: OhDaGuru|move: Tailwind\n|move|p2a: Miraidon|Electro Drift|p1b: Tornadus\n|-supereffective|p1b: Tornadus\n|-enditem|p1b: Tornadus|Focus Sash\n|-damage|p1b: Tornadus|1/100\n|move|p2b: Whimsicott|Moonblast|p1b: Tornadus\n|-damage|p1b: Tornadus|0 fnt\n|faint|p1b: Tornadus\n|\n|-weather|RainDance|[upkeep]\n|upkeep\n|\n|t:|1746022122\n|switch|p1b: Iron Treads|Iron Treads, L50, tera:Ghost|63/100\n|-activate|p1b: Iron Treads|ability: Quark Drive\n|-start|p1b: Iron Treads|quarkdrivespe\n|turn|7\n|\n|t:|1746022138\n|move|p2b: Whimsicott|Tailwind|p2b: Whimsicott\n|-sidestart|p2: loosecannon69|move: Tailwind\n|move|p1b: Iron Treads|High Horsepower|p2a: Miraidon\n|-supereffective|p2a: Miraidon\n|-damage|p2a: Miraidon|0 fnt\n|faint|p2a: Miraidon\n|-damage|p1b: Iron Treads|53/100|[from] item: Life Orb\n|move|p1a: Kyogre|Water Spout|p2b: Whimsicott\n|-resisted|p2b: Whimsicott\n|-damage|p2b: Whimsicott|39/100\n|\n|-weather|RainDance|[upkeep]\n|-sideend|p2: loosecannon69|move: Light Screen\n|upkeep\n|turn|8\n|-message|loosecannon69 forfeited.\n|\n|win|OhDaGuru\n|l|\u2606loosecannon69\n|player|p2|\n", "uploadtime": 1746022154, "views": 18, "formatid": "gen9vgc2025regibo3", "rating": null, "private": 0, "password": null}