{"id": "gen9vgc2025regibo3-2354460790", "format": "[Gen 9] VGC 2025 Reg I (Bo3)", "players": ["Goatweebe69", "JustAddBacon"], "log": "|j|\u2606Goatweebe69\n|j|\u2606JustAddBacon\n|html|<table width=\"100%\"><tr><td align=\"left\">Goatweebe69</td><td align=\"right\">JustAddBacon</tr><tr><td align=\"left\"><i class=\"fa fa-circle-o\"></i> <i class=\"fa fa-circle-o\"></i> </td><td align=\"right\"><i class=\"fa fa-circle-o\"></i> <i class=\"fa fa-circle-o\"></i> </tr></table>\n|uhtml|bestof|<h2><strong>Game 1</strong> of <a href=\"/game-bestof3-gen9vgc2025regibo3-2354460789\">a best-of-3</a></h2>\n|t:|1746075094\n|gametype|doubles\n|player|p1|Goatweebe69|cynthia-gen4|1095\n|player|p2|JustAddBacon|barry|1118\n|teamsize|p1|6\n|teamsize|p2|6\n|gen|9\n|tier|[Gen 9] VGC 2025 Reg I (Bo3)\n|rated|\n|rule|Species Clause: Limit one of each Pok\u00e9mon\n|rule|Item Clause: Limit 1 of each item\n|clearpoke\n|poke|p1|Koraidon, L50|\n|poke|p1|Kyogre, L50|\n|poke|p1|Amoonguss, L50, M|\n|poke|p1|Tornadus, L50, M|\n|poke|p1|Flutter Mane, L50|\n|poke|p1|Urshifu-*, L50, M|\n|poke|p2|Zamazenta-*, L50|\n|poke|p2|Dialga-Origin, L50|\n|poke|p2|Tyranitar, L50, M|\n|poke|p2|Incineroar, L50, M|\n|poke|p2|Whimsicott, L50, F|\n|poke|p2|Scizor, L50, F|\n|teampreview|4\n|showteam|p1|Koraidon||ClearAmulet|OrichalcumPulse|CollisionCourse,FlareBlitz,FlameCharge,Protect||||||50|,,,,,Fire]Kyogre||AssaultVest|Drizzle|WaterSpout,OriginPulse,Thunder,IceBeam||||||50|,,,,,Grass]Amoonguss||RockyHelmet|Regenerator|Spore,RagePowder,PollenPuff,Protect|||M|||50|,,,,,Fairy]Tornadus||CovertCloak|Prankster|BleakwindStorm,RainDance,Tailwind,SunnyDay|||M|||50|,,,,,Dark]Flutter Mane||ChoiceSpecs|Protosynthesis|ShadowBall,Moonblast,DazzlingGleam,IcyWind||||||50|,,,,,Fairy]Urshifu-Rapid-Strike||ChoiceScarf|UnseenFist|SurgingStrikes,CloseCombat,Uturn,AquaJet|||M|||50|,,,,,Water\n|showteam|p2|Zamazenta-Crowned||RustedShield|DauntlessShield|BodyPress,IronDefense,WideGuard,HeavySlam||||||50|,,,,,Ghost]Dialga-Origin||AdamantCrystal|Telepathy|TrickRoom,DracoMeteor,Protect,FlashCannon||||||50|,,,,,Steel]Tyranitar||AssaultVest|SandStream|KnockOff,RockSlide,Earthquake,Bulldoze|||M|||50|,,,,,Fairy]Incineroar||SafetyGoggles|Intimidate|FakeOut,KnockOff,PartingShot,WillOWisp|||M|||50|,,,,,Grass]Whimsicott||CovertCloak|Prankster|Tailwind,Encore,Moonblast,HelpingHand|||F|||50|,,,,,Dark]Scizor||ChoiceBand|Technician|BulletPunch,Uturn,DualWingbeat,KnockOff|||F|||50|,,,,,Fire\n|inactive|Battle timer is ON: inactive players will automatically lose when time's up. (requested by Goatweebe69)\n|inactive|JustAddBacon has 60 seconds left.\n|\n|t:|1746075223\n|start\n|switch|p1a: Amoonguss|Amoonguss, L50, M|100/100\n|switch|p1b: Koraidon|Koraidon, L50|100/100\n|switch|p2a: Tyranitar|Tyranitar, L50, M|100/100\n|switch|p2b: Incineroar|Incineroar, L50, M|100/100\n|-weather|SunnyDay|[from] ability: Orichalcum Pulse|[of] p1b: Koraidon\n|-activate|p1b: Koraidon|Orichalcum Pulse|[source]\n|-weather|Sandstorm|[from] ability: Sand Stream|[of] p2a: Tyranitar\n|-ability|p2b: Incineroar|Intimidate|boost\n|-unboost|p1a: Amoonguss|atk|1\n|-fail|p1b: Koraidon|unboost|[from] item: Clear Amulet|[of] p1b: Koraidon\n|turn|1\n|inactive|JustAddBacon has 30 seconds left.\n|inactive|JustAddBacon has 20 seconds left.\n|inactive|JustAddBacon has 15 seconds left.\n|inactive|JustAddBacon has 10 seconds left.\n|inactive|JustAddBacon has 5 seconds left.\n|\n|t:|1746075275\n|switch|p1b: Kyogre|Kyogre, L50|100/100\n|-weather|RainDance|[from] ability: Drizzle|[of] p1b: Kyogre\n|switch|p2a: Whimsicott|Whimsicott, L50, F|100/100\n|move|p1a: Amoonguss|Rage Powder|p1a: Amoonguss\n|-singleturn|p1a: Amoonguss|move: Rage Powder\n|move|p2b: Incineroar|Will-O-Wisp|p1b: Kyogre\n|-status|p1b: Kyogre|brn\n|\n|-weather|RainDance|[upkeep]\n|-damage|p1b: Kyogre|95/100 brn|[from] brn\n|upkeep\n|turn|2\n|inactive|Goatweebe69 has 30 seconds left.\n|inactive|JustAddBacon has 30 seconds left.\n|inactive|Goatweebe69 has 20 seconds left.\n|\n|t:|1746075311\n|switch|p2b: Tyranitar|Tyranitar, L50, M|100/100\n|-weather|Sandstorm|[from] ability: Sand Stream|[of] p2b: Tyranitar\n|move|p1a: Amoonguss|Rage Powder|p1a: Amoonguss\n|-singleturn|p1a: Amoonguss|move: Rage Powder\n|move|p2a: Whimsicott|Encore|p1a: Amoonguss\n|-start|p1a: Amoonguss|Encore\n|move|p1b: Kyogre|Water Spout|p2a: Whimsicott|[spread] p2a,p2b\n|-resisted|p2a: Whimsicott\n|-supereffective|p2b: Tyranitar\n|-damage|p2a: Whimsicott|57/100\n|-damage|p2b: Tyranitar|60/100\n|\n|-weather|Sandstorm|[upkeep]\n|-damage|p2a: Whimsicott|51/100|[from] Sandstorm\n|-damage|p1b: Kyogre|89/100 brn|[from] Sandstorm\n|-damage|p1a: Amoonguss|95/100|[from] Sandstorm\n|-damage|p1b: Kyogre|83/100 brn|[from] brn\n|upkeep\n|turn|3\n|inactive|JustAddBacon has 30 seconds left.\n|\n|t:|1746075339\n|move|p1a: Amoonguss|Rage Powder|p1a: Amoonguss\n|-singleturn|p1a: Amoonguss|move: Rage Powder\n|move|p2a: Whimsicott|Tailwind|p2a: Whimsicott\n|-sidestart|p2: JustAddBacon|move: Tailwind\n|move|p2b: Tyranitar|Knock Off|p1a: Amoonguss\n|-damage|p1a: Amoonguss|50/100\n|-damage|p2b: Tyranitar|43/100|[from] item: Rocky Helmet|[of] p1a: Amoonguss\n|-enditem|p1a: Amoonguss|Rocky Helmet|[from] move: Knock Off|[of] p2b: Tyranitar\n|move|p1b: Kyogre|Water Spout|p2a: Whimsicott|[spread] p2a,p2b\n|-resisted|p2a: Whimsicott\n|-supereffective|p2b: Tyranitar\n|-damage|p2a: Whimsicott|15/100\n|-damage|p2b: Tyranitar|6/100\n|\n|-weather|Sandstorm|[upkeep]\n|-damage|p2a: Whimsicott|9/100|[from] Sandstorm\n|-damage|p1b: Kyogre|77/100 brn|[from] Sandstorm\n|-damage|p1a: Amoonguss|44/100|[from] Sandstorm\n|-damage|p1b: Kyogre|72/100 brn|[from] brn\n|upkeep\n|turn|4\n|inactive|JustAddBacon has 30 seconds left.\n|inactive|JustAddBacon has 20 seconds left.\n|\n|t:|1746075375\n|move|p2a: Whimsicott|Helping Hand|p2b: Tyranitar\n|-singleturn|p2b: Tyranitar|Helping Hand|[of] p2a: Whimsicott\n|move|p1a: Amoonguss|Rage Powder|p1a: Amoonguss\n|-singleturn|p1a: Amoonguss|move: Rage Powder\n|move|p2b: Tyranitar|Rock Slide|p1a: Amoonguss|[spread] p1a,p1b\n|-damage|p1a: Amoonguss|3/100\n|-damage|p1b: Kyogre|33/100 brn\n|cant|p1b: Kyogre|flinch\n|\n|-weather|Sandstorm|[upkeep]\n|-damage|p2a: Whimsicott|3/100|[from] Sandstorm\n|-damage|p1b: Kyogre|28/100 brn|[from] Sandstorm\n|-damage|p1a: Amoonguss|0 fnt|[from] Sandstorm\n|faint|p1a: Amoonguss\n|-damage|p1b: Kyogre|22/100 brn|[from] brn\n|upkeep\n|inactive|Goatweebe69 has 30 seconds left.\n|inactive|Goatweebe69 has 20 seconds left.\n|\n|t:|1746075410\n|switch|p1a: Koraidon|Koraidon, L50|100/100\n|-weather|SunnyDay|[from] ability: Orichalcum Pulse|[of] p1a: Koraidon\n|-activate|p1a: Koraidon|Orichalcum Pulse|[source]\n|turn|5\n|inactive|JustAddBacon has 30 seconds left.\n|inactive|JustAddBacon has 20 seconds left.\n|inactive|JustAddBacon has 15 seconds left.\n|inactive|JustAddBacon has 10 seconds left.\n|inactive|JustAddBacon has 5 seconds left.\n|\n|t:|1746075465\n|switch|p1b: Urshifu|Urshifu-Rapid-Strike, L50, M|100/100\n|move|p2a: Whimsicott|Moonblast|p1b: Urshifu\n|-supereffective|p1b: Urshifu\n|-damage|p1b: Urshifu|25/100\n|move|p1a: Koraidon|Flame Charge|p2b: Tyranitar\n|-resisted|p2b: Tyranitar\n|-damage|p2b: Tyranitar|0 fnt\n|-boost|p1a: Koraidon|spe|1\n|faint|p2b: Tyranitar\n|\n|-weather|SunnyDay|[upkeep]\n|upkeep\n|\n|t:|1746075483\n|switch|p2b: Incineroar|Incineroar, L50, M|100/100\n|-ability|p2b: Incineroar|Intimidate|boost\n|-fail|p1a: Koraidon|unboost|[from] item: Clear Amulet|[of] p1a: Koraidon\n|-unboost|p1b: Urshifu|atk|1\n|turn|6\n|\n|t:|1746075501\n|move|p2b: Incineroar|Fake Out|p1b: Urshifu\n|-damage|p1b: Urshifu|15/100\n|move|p2a: Whimsicott|Moonblast|p1a: Koraidon\n|-supereffective|p1a: Koraidon\n|-damage|p1a: Koraidon|17/100\n|move|p1a: Koraidon|Flame Charge|p2a: Whimsicott\n|-supereffective|p2a: Whimsicott\n|-damage|p2a: Whimsicott|0 fnt\n|-boost|p1a: Koraidon|spe|1\n|faint|p2a: Whimsicott\n|cant|p1b: Urshifu|flinch\n|\n|-weather|SunnyDay|[upkeep]\n|-sideend|p2: JustAddBacon|move: Tailwind\n|upkeep\n|\n|t:|1746075513\n|switch|p2a: Zamazenta|Zamazenta-Crowned, L50|100/100\n|-ability|p2a: Zamazenta|Dauntless Shield|boost\n|-boost|p2a: Zamazenta|def|1\n|turn|7\n|inactive|Goatweebe69 has 30 seconds left.\n|inactive|JustAddBacon has 30 seconds left.\n|inactive|Goatweebe69 has 20 seconds left.\n|inactive|Goatweebe69 has 15 seconds left.\n|inactive|Goatweebe69 has 10 seconds left.\n|inactive|JustAddBacon has 20 seconds left.\n|inactive|JustAddBacon has 15 seconds left.\n|\n|t:|1746075571\n|-terastallize|p1a: Koraidon|Fire\n|-terastallize|p2a: Zamazenta|Ghost\n|move|p1a: Koraidon|Flare Blitz|p2a: Zamazenta\n|-damage|p2a: Zamazenta|59/100\n|-damage|p1a: Koraidon|3/100|[from] Recoil\n|move|p1b: Urshifu|U-turn|p2a: Zamazenta\n|-resisted|p2a: Zamazenta\n|-damage|p2a: Zamazenta|56/100\n|\n|t:|1746075580\n|switch|p1b: Kyogre|Kyogre, L50|22/100 brn|[from] U-turn\n|-weather|RainDance|[from] ability: Drizzle|[of] p1b: Kyogre\n|move|p2a: Zamazenta|Body Press|p1b: Kyogre\n|-damage|p1b: Kyogre|0 fnt\n|faint|p1b: Kyogre\n|move|p2b: Incineroar|Knock Off|p1a: Koraidon\n|-damage|p1a: Koraidon|0 fnt\n|-enditem|p1a: Koraidon|Clear Amulet|[from] move: Knock Off|[of] p2b: Incineroar\n|faint|p1a: Koraidon\n|\n|-weather|RainDance|[upkeep]\n|upkeep\n|\n|t:|1746075588\n|switch|p1b: Urshifu|Urshifu-Rapid-Strike, L50, M|15/100\n|turn|8\n|\n|t:|1746075597\n|move|p1b: Urshifu|Surging Strikes|p2a: Zamazenta\n|-crit|p2a: Zamazenta\n|-damage|p2a: Zamazenta|40/100\n|-crit|p2a: Zamazenta\n|-damage|p2a: Zamazenta|23/100\n|-crit|p2a: Zamazenta\n|-damage|p2a: Zamazenta|8/100\n|-hitcount|p2a: Zamazenta|3\n|move|p2a: Zamazenta|Body Press|p1b: Urshifu\n|-damage|p1b: Urshifu|0 fnt\n|faint|p1b: Urshifu\n|\n|win|JustAddBacon\n|inactive|Goatweebe69 has 30 seconds to confirm battle start!\n|inactive|JustAddBacon has 30 seconds to confirm battle start!\n||Goatweebe69 is ready for game 2.\n||JustAddBacon is ready for game 2.\n|uhtml|next|Next: <a href=\"/battle-gen9vgc2025regibo3-2354463768\"><strong>Game 2 of 3</strong></a>\n", "uploadtime": 1746075918, "views": 7, "formatid": "gen9vgc2025regibo3", "rating": null, "private": 0, "password": null}