{"id": "gen9vgc2025regibo3-2355138668", "format": "[Gen 9] VGC 2025 Reg I (Bo3)", "players": ["Squ1dge_", "6151651465n"], "log": "|j|\u2606Squ1dge_\n|j|\u26066151651465n\n|html|<table width=\"100%\"><tr><td align=\"left\">Squ1dge_</td><td align=\"right\">6151651465n</tr><tr><td align=\"left\"><i class=\"fa fa-circle\"></i> <i class=\"fa fa-circle-o\"></i> </td><td align=\"right\"><i class=\"fa fa-circle-o\"></i> <i class=\"fa fa-circle\"></i> </tr></table>\n|uhtml|bestof|<h2><strong>Game 3</strong> of <a href=\"/game-bestof3-gen9vgc2025regibo3-2355133240\">a best-of-3</a></h2>\n|t:|1746157465\n|gametype|doubles\n|player|p1|Squ1dge_|102|1433\n|player|p2|6151651465n|pokekid|1332\n|teamsize|p1|6\n|teamsize|p2|6\n|gen|9\n|tier|[Gen 9] VGC 2025 Reg I (Bo3)\n|rated|\n|rule|Species Clause: Limit one of each Pok\u00e9mon\n|rule|Item Clause: Limit 1 of each item\n|clearpoke\n|poke|p1|Zamazenta-*, L50|\n|poke|p1|Calyrex-Shadow, L50|\n|poke|p1|Tornadus, L50, M|\n|poke|p1|Urshifu-*, L50, M|\n|poke|p1|Amoonguss, L50, M|\n|poke|p1|Chien-Pao, L50|\n|poke|p2|Dialga, L50|\n|poke|p2|Ursaluna, L50, F|\n|poke|p2|Indeedee-F, L50, F|\n|poke|p2|Miraidon, L50|\n|poke|p2|Grimmsnarl, L50, M|\n|poke|p2|Incineroar, L50, F|\n|teampreview|4\n|showteam|p1|Zamazenta-Crowned||RustedShield|DauntlessShield|BodyPress,HeavySlam,WideGuard,Protect||||||50|,,,,,Dragon]Calyrex-Shadow||LifeOrb|AsOneSpectrier|AstralBarrage,Psychic,NastyPlot,Protect||||||50|,,,,,Dark]Tornadus||CovertCloak|Prankster|BleakwindStorm,Tailwind,RainDance,Taunt|||M|||50|,,,,,Dark]Urshifu-Rapid-Strike||MysticWater|UnseenFist|SurgingStrikes,CloseCombat,AquaJet,Detect|||M|||50|,,,,,Water]Amoonguss||RockyHelmet|Regenerator|SludgeBomb,Spore,RagePowder,Protect|||M|||50|,,,,,Water]Chien-Pao||FocusSash|SwordofRuin|SuckerPunch,Crunch,IceSpinner,Protect||||||50|,,,,,Stellar\n|showteam|p2|Dialga||AdamantOrb|Telepathy|DracoMeteor,PsychUp,TrickRoom,FlashCannon||||||50|,,,,,Grass]Ursaluna||FlameOrb|Guts|Earthquake,Facade,HeadlongRush,Protect|||F|||50|,,,,,Ghost]Indeedee-F||PsychicSeed|PsychicSurge|FollowMe,TrickRoom,HealPulse,HelpingHand|||F|||50|,,,,,Fairy]Miraidon||Leftovers|HadronEngine|CalmMind,ElectroDrift,DazzlingGleam,Protect||||||50|,,,,,Fairy]Grimmsnarl||LightClay|Prankster|FakeOut,LightScreen,Reflect,SpiritBreak|||M|||50|,,,,,Fairy]Incineroar||SafetyGoggles|Intimidate|PartingShot,FakeOut,FlareBlitz,KnockOff|||F|||50|,,,,,Ghost\n|\n|t:|1746157486\n|start\n|switch|p1a: Zamazenta|Zamazenta-Crowned, L50|100/100\n|switch|p1b: Calyrex|Calyrex-Shadow, L50|100/100\n|switch|p2a: Incineroar|Incineroar, L50, F|100/100\n|switch|p2b: Dialga|Dialga, L50|100/100\n|-ability|p1b: Calyrex|As One\n|-ability|p1b: Calyrex|Unnerve\n|-ability|p1a: Zamazenta|Dauntless Shield|boost\n|-boost|p1a: Zamazenta|def|1\n|-ability|p2a: Incineroar|Intimidate|boost\n|-unboost|p1a: Zamazenta|atk|1\n|-unboost|p1b: Calyrex|atk|1\n|turn|1\n|\n|t:|1746157502\n|move|p2a: Incineroar|Fake Out|p1a: Zamazenta\n|-resisted|p1a: Zamazenta\n|-damage|p1a: Zamazenta|98/100\n|move|p1b: Calyrex|Astral Barrage|p2b: Dialga|[spread] p2a,p2b\n|-resisted|p2a: Incineroar\n|-damage|p2a: Incineroar|77/100\n|-damage|p2b: Dialga|43/100\n|-damage|p1b: Calyrex|91/100|[from] item: Life Orb\n|cant|p1a: Zamazenta|flinch\n|move|p2b: Dialga|Trick Room|p2b: Dialga\n|-fieldstart|move: Trick Room|[of] p2b: Dialga\n|\n|upkeep\n|turn|2\n|\n|t:|1746157570\n|switch|p1b: Amoonguss|Amoonguss, L50, M|100/100\n|-terastallize|p2b: Dialga|Grass\n|move|p2a: Incineroar|Parting Shot|p1a: Zamazenta\n|-unboost|p1a: Zamazenta|atk|1\n|-unboost|p1a: Zamazenta|spa|1\n|\n|t:|1746157580\n|switch|p2a: Indeedee|Indeedee-F, L50, F|100/100|[from] Parting Shot\n|-fieldstart|move: Psychic Terrain|[from] ability: Psychic Surge|[of] p2a: Indeedee\n|-enditem|p2a: Indeedee|Psychic Seed\n|-boost|p2a: Indeedee|spd|1|[from] item: Psychic Seed\n|move|p2b: Dialga|Psych Up|p1a: Zamazenta\n|-copyboost|p2b: Dialga|p1a: Zamazenta|[from] move: Psych Up\n|move|p1a: Zamazenta|Body Press|p2b: Dialga\n|-damage|p2b: Dialga|7/100\n|\n|upkeep\n|turn|3\n|\n|t:|1746157613\n|move|p2a: Indeedee|Follow Me|p2a: Indeedee\n|-singleturn|p2a: Indeedee|move: Follow Me\n|move|p1b: Amoonguss|Spore|p2a: Indeedee\n|-status|p2a: Indeedee|slp|[from] move: Spore\n|move|p2b: Dialga|Draco Meteor|p1b: Amoonguss\n|-damage|p1b: Amoonguss|38/100\n|-unboost|p2b: Dialga|spa|2\n|move|p1a: Zamazenta|Body Press|p2a: Indeedee\n|-damage|p2a: Indeedee|31/100 slp\n|\n|upkeep\n|turn|4\n|\n|t:|1746157655\n|switch|p1b: Calyrex|Calyrex-Shadow, L50|91/100\n|-ability|p1b: Calyrex|As One\n|-ability|p1b: Calyrex|Unnerve\n|switch|p2b: Ursaluna|Ursaluna, L50, F|100/100\n|cant|p2a: Indeedee|slp\n|move|p1a: Zamazenta|Body Press|p2b: Ursaluna\n|-supereffective|p2b: Ursaluna\n|-damage|p2b: Ursaluna|0 fnt\n|faint|p2b: Ursaluna\n|\n|upkeep\n|\n|t:|1746157668\n|switch|p2b: Dialga|Dialga, L50, tera:Grass|7/100\n|turn|5\n|\n|t:|1746157706\n|move|p1b: Calyrex|Protect|p1b: Calyrex\n|-singleturn|p1b: Calyrex|Protect\n|cant|p2a: Indeedee|slp\n|move|p2b: Dialga|Psych Up|p1a: Zamazenta\n|-copyboost|p2b: Dialga|p1a: Zamazenta|[from] move: Psych Up\n|move|p1a: Zamazenta|Body Press|p2b: Dialga\n|-damage|p2b: Dialga|0 fnt\n|faint|p2b: Dialga\n|\n|-fieldend|move: Trick Room\n|upkeep\n|\n|t:|1746157715\n|switch|p2b: Incineroar|Incineroar, L50, F|77/100\n|-ability|p2b: Incineroar|Intimidate|boost\n|-unboost|p1a: Zamazenta|atk|1\n|-unboost|p1b: Calyrex|atk|1\n|turn|6\n|\n|t:|1746157726\n|cant|p2a: Indeedee|slp\n|move|p1b: Calyrex|Psychic|p2a: Indeedee\n|-resisted|p2a: Indeedee\n|-damage|p2a: Indeedee|2/100 slp\n|-damage|p1b: Calyrex|81/100|[from] item: Life Orb\n|move|p1a: Zamazenta|Body Press|p2b: Incineroar\n|-supereffective|p2b: Incineroar\n|-damage|p2b: Incineroar|0 fnt\n|faint|p2b: Incineroar\n|\n|-fieldend|move: Psychic Terrain\n|upkeep\n|turn|7\n|\n|t:|1746157739\n|-curestatus|p2a: Indeedee|slp|[msg]\n|move|p2a: Indeedee|Follow Me|p2a: Indeedee\n|-singleturn|p2a: Indeedee|move: Follow Me\n|move|p1b: Calyrex|Psychic|p2a: Indeedee\n|-resisted|p2a: Indeedee\n|-damage|p2a: Indeedee|0 fnt\n|faint|p2a: Indeedee\n|-damage|p1b: Calyrex|72/100|[from] item: Life Orb\n|\n|win|Squ1dge_\n|raw|Squ1dge_'s rating: 1433 &rarr; <strong>1447</strong><br />(+14 for winning)\n|raw|6151651465n's rating: 1332 &rarr; <strong>1318</strong><br />(-14 for losing)\n|l|\u26066151651465n\n|player|p2|\n|l|\u2606Squ1dge_\n|player|p1|\n|j|\u2606Squ1dge_\n|player|p1|Squ1dge_|102|\n", "uploadtime": 1746157852, "views": 5, "formatid": "gen9vgc2025regibo3", "rating": 1318, "private": 0, "password": null}