{"id": "gen9vgc2025regibo3-2354041800", "format": "[Gen 9] VGC 2025 Reg I (Bo3)", "players": ["thetestingpokemonz", "alex banana"], "log": "|j|\u2606thetestingpokemonz\n|j|\u2606alex banana\n|html|<table width=\"100%\"><tr><td align=\"left\">thetestingpokemonz</td><td align=\"right\">alex banana</tr><tr><td align=\"left\"><i class=\"fa fa-circle-o\"></i> <i class=\"fa fa-circle-o\"></i> </td><td align=\"right\"><i class=\"fa fa-circle-o\"></i> <i class=\"fa fa-circle-o\"></i> </tr></table>\n|uhtml|bestof|<h2><strong>Game 1</strong> of <a href=\"/game-bestof3-gen9vgc2025regibo3-2354041798\">a best-of-3</a></h2>\n|t:|1746029891\n|gametype|doubles\n|player|p1|thetestingpokemonz|lucas|1136\n|player|p2|alex banana|iris-gen5bw2|1192\n|teamsize|p1|6\n|teamsize|p2|6\n|gen|9\n|tier|[Gen 9] VGC 2025 Reg I (Bo3)\n|rated|\n|rule|Species Clause: Limit one of each Pok\u00e9mon\n|rule|Item Clause: Limit 1 of each item\n|clearpoke\n|poke|p1|Miraidon, L50|\n|poke|p1|Calyrex-Ice, L50|\n|poke|p1|Ursaluna-Bloodmoon, L50, M|\n|poke|p1|Ogerpon-Cornerstone, L50, F|\n|poke|p1|Farigiraf, L50, F|\n|poke|p1|Incineroar, L50, M|\n|poke|p2|Raichu, L50, M|\n|poke|p2|Terapagos, L50, M|\n|poke|p2|Hitmontop, L50, M|\n|poke|p2|Ho-Oh, L50|\n|poke|p2|Urshifu-*, L50, F|\n|poke|p2|Scream Tail, L50|\n|teampreview|4\n|showteam|p1|Miraidon||ChoiceSpecs|HadronEngine|VoltSwitch,ElectroDrift,DragonPulse,Discharge||||||50|,,,,,Electric]Calyrex-Ice||ClearAmulet|AsOneGlastrier|GlacialLance,HighHorsepower,TrickRoom,Protect||||||50|,,,,,Fire]Ursaluna-Bloodmoon||LifeOrb|MindsEye|BloodMoon,HyperVoice,EarthPower,Protect|||M|||50|,,,,,Normal]Ogerpon-Cornerstone||CornerstoneMask|Sturdy|IvyCudgel,FollowMe,WoodHammer,SpikyShield|||F|||50|,,,,,Rock]Farigiraf||ElectricSeed|ArmorTail|TwinBeam,HelpingHand,TrickRoom,Protect|||F|||50|,,,,,Electric]Incineroar||RockyHelmet|Intimidate|FakeOut,WillOWisp,KnockOff,PartingShot|||M|||50|,,,,,Ghost\n|showteam|p2|Raichu||AssaultVest|LightningRod|FakeOut,Nuzzle,VoltSwitch,Endeavor|||M|||50|,,,,,Electric]Terapagos||WeaknessPolicy|TeraShift|CalmMind,TeraStarstorm,EarthPower,Protect|||M|||50|,,,,,Stellar]Hitmontop||EjectButton|Intimidate|FakeOut,WideGuard,Feint,VacuumWave|||M|||50|,,,,,Dark]Ho-Oh||ClearAmulet|Regenerator|SacredFire,BraveBird,Tailwind,Protect||||||50|,,,,,Grass]Urshifu||FocusSash|UnseenFist|CloseCombat,WickedBlow,SuckerPunch,Protect|||F|||50|,,,,,Stellar]Scream Tail||BoosterEnergy|Protosynthesis|TrickRoom,Encore,Disable,Protect||||||50|,,,,,Dark\n|inactive|Battle timer is ON: inactive players will automatically lose when time's up. (requested by alex banana)\n|inactive|alex banana has 60 seconds left.\n|\n|t:|1746029942\n|start\n|switch|p1a: Mr Don|Miraidon, L50|100/100\n|switch|p1b: The giraf|Farigiraf, L50, F|100/100\n|switch|p2a: Terapagos|Terapagos, L50, M|100/100\n|switch|p2b: DR BUSTDOWN|Hitmontop, L50, M|100/100\n|-activate|p2a: Terapagos|ability: Tera Shift\n|detailschange|p2a: Terapagos|Terapagos-Terastal, L50, M\n|-heal|p2a: Terapagos|100/100|[silent]\n|-fieldstart|move: Electric Terrain|[from] ability: Hadron Engine|[of] p1a: Mr Don\n|-enditem|p1b: The giraf|Electric Seed\n|-boost|p1b: The giraf|def|1|[from] item: Electric Seed\n|-ability|p2b: DR BUSTDOWN|Intimidate|boost\n|-unboost|p1a: Mr Don|atk|1\n|-unboost|p1b: The giraf|atk|1\n|turn|1\n|\n|t:|1746029956\n|-terastallize|p2a: Terapagos|Stellar\n|detailschange|p2a: Terapagos|Terapagos-Stellar, L50, M, tera:Stellar\n|-heal|p2a: Terapagos|100/100|[silent]\n|-ability|p2a: Terapagos|Teraform Zero\n|-fieldend|move: Electric Terrain\n|move|p2b: DR BUSTDOWN|Vacuum Wave|p2a: Terapagos\n|-supereffective|p2a: Terapagos\n|-damage|p2a: Terapagos|95/100\n|-enditem|p2a: Terapagos|Weakness Policy\n|-boost|p2a: Terapagos|atk|2|[from] item: Weakness Policy\n|-boost|p2a: Terapagos|spa|2|[from] item: Weakness Policy\n|move|p1a: Mr Don|Volt Switch|p2b: DR BUSTDOWN\n|-damage|p2b: DR BUSTDOWN|58/100\n|-enditem|p2b: DR BUSTDOWN|Eject Button\n|\n|t:|1746029969\n|switch|p2b: Ho-Oh|Ho-Oh, L50|100/100\n|move|p2a: Terapagos|Tera Starstorm|p1a: Mr Don|[spread] p1a,p1b\n|-damage|p1a: Mr Don|22/100\n|-damage|p1b: The giraf|22/100\n|move|p1b: The giraf|Trick Room|p1b: The giraf\n|-fieldstart|move: Trick Room|[of] p1b: The giraf\n|\n|upkeep\n|turn|2\n|\n|t:|1746029981\n|switch|p2b: DR BUSTDOWN|Hitmontop, L50, M|58/100\n|-ability|p2b: DR BUSTDOWN|Intimidate|boost\n|-unboost|p1a: Mr Don|atk|1\n|-unboost|p1b: The giraf|atk|1\n|move|p1b: The giraf|Protect|p1b: The giraf\n|-singleturn|p1b: The giraf|Protect\n|move|p2a: Terapagos|Tera Starstorm|p1a: Mr Don|[spread] p1a\n|-activate|p1b: The giraf|move: Protect\n|-damage|p1a: Mr Don|0 fnt\n|faint|p1a: Mr Don\n|\n|upkeep\n|\n|t:|1746029988\n|switch|p1a: Teddy|Ursaluna-Bloodmoon, L50, M|100/100\n|turn|3\n|\n|t:|1746030000\n|-terastallize|p1a: Teddy|Normal\n|move|p1b: The giraf|Helping Hand|p1a: Teddy\n|-singleturn|p1a: Teddy|Helping Hand|[of] p1b: The giraf\n|move|p2b: DR BUSTDOWN|Wide Guard|p2b: DR BUSTDOWN\n|-singleturn|p2b: DR BUSTDOWN|Wide Guard\n|move|p1a: Teddy|Blood Moon|p2a: Terapagos\n|-damage|p2a: Terapagos|0 fnt\n|faint|p2a: Terapagos\n|-damage|p1a: Teddy|91/100|[from] item: Life Orb\n|\n|upkeep\n|\n|t:|1746030009\n|switch|p2a: Ho-Oh|Ho-Oh, L50|100/100\n|turn|4\n|\n|t:|1746030019\n|move|p1a: Teddy|Protect|p1a: Teddy\n|-singleturn|p1a: Teddy|Protect\n|move|p2b: DR BUSTDOWN|Wide Guard|p2b: DR BUSTDOWN\n|-singleturn|p2b: DR BUSTDOWN|Wide Guard\n|move|p1b: The giraf|Twin Beam|p2b: DR BUSTDOWN\n|-supereffective|p2b: DR BUSTDOWN\n|-damage|p2b: DR BUSTDOWN|28/100\n|-supereffective|p2b: DR BUSTDOWN\n|-damage|p2b: DR BUSTDOWN|0 fnt\n|faint|p2b: DR BUSTDOWN\n|-hitcount|p2: DR BUSTDOWN|2\n|move|p2a: Ho-Oh|Sacred Fire|p1b: The giraf\n|-damage|p1b: The giraf|0 fnt\n|faint|p1b: The giraf\n|\n|upkeep\n|\n|t:|1746030028\n|switch|p1b: Ice Horse|Calyrex-Ice, L50|100/100\n|switch|p2b: Raichu|Raichu, L50, M|100/100\n|-ability|p1b: Ice Horse|As One\n|-ability|p1b: Ice Horse|Unnerve\n|turn|5\n|\n|t:|1746030035\n|move|p2b: Raichu|Fake Out|p1a: Teddy\n|-damage|p1a: Teddy|85/100\n|cant|p1a: Teddy|flinch\n|move|p1b: Ice Horse|Glacial Lance|p2a: Ho-Oh|[spread] p2a,p2b\n|-damage|p2a: Ho-Oh|42/100\n|-damage|p2b: Raichu|12/100\n|move|p2a: Ho-Oh|Sacred Fire|p1b: Ice Horse\n|-supereffective|p1b: Ice Horse\n|-damage|p1b: Ice Horse|30/100\n|\n|-fieldend|move: Trick Room\n|upkeep\n|turn|6\n|\n|t:|1746030060\n|move|p2b: Raichu|Endeavor|p1a: Teddy\n|-damage|p1a: Teddy|8/100\n|move|p2a: Ho-Oh|Sacred Fire|p1b: Ice Horse\n|-supereffective|p1b: Ice Horse\n|-damage|p1b: Ice Horse|0 fnt\n|faint|p1b: Ice Horse\n|move|p1a: Teddy|Hyper Voice|p2b: Raichu|[spread] p2a,p2b\n|-damage|p2a: Ho-Oh|3/100\n|-damage|p2b: Raichu|0 fnt\n|faint|p2b: Raichu\n|-damage|p1a: Teddy|0 fnt|[from] item: Life Orb\n|faint|p1a: Teddy\n|\n|win|alex banana\n||alex banana is ready for game 2.\n||thetestingpokemonz is ready for game 2.\n|uhtml|next|Next: <a href=\"/battle-gen9vgc2025regibo3-2354043909\"><strong>Game 2 of 3</strong></a>\n|l|\u2606alex banana\n|player|p2|\n", "uploadtime": 1746030356, "views": 8, "formatid": "gen9vgc2025regibo3", "rating": null, "private": 0, "password": null}