{"id": "gen9vgc2025regibo3-2354682494", "format": "[Gen 9] VGC 2025 Reg I (Bo3)", "players": ["laZb0nes2", "noexperiencesorry"], "log": "|j|\u2606laZb0nes2\n|j|\u2606noexperiencesorry\n|html|<table width=\"100%\"><tr><td align=\"left\">laZb0nes2</td><td align=\"right\">noexperiencesorry</tr><tr><td align=\"left\"><i class=\"fa fa-circle-o\"></i> <i class=\"fa fa-circle-o\"></i> </td><td align=\"right\"><i class=\"fa fa-circle-o\"></i> <i class=\"fa fa-circle-o\"></i> </tr></table>\n|uhtml|bestof|<h2><strong>Game 1</strong> of <a href=\"/game-bestof3-gen9vgc2025regibo3-2354682491\">a best-of-3</a></h2>\n|t:|1746110312\n|gametype|doubles\n|player|p1|laZb0nes2|waiter-gen4|1170\n|player|p2|noexperiencesorry|102|1151\n|teamsize|p1|6\n|teamsize|p2|6\n|gen|9\n|tier|[Gen 9] VGC 2025 Reg I (Bo3)\n|rated|\n|rule|Species Clause: Limit one of each Pok\u00e9mon\n|rule|Item Clause: Limit 1 of each item\n|clearpoke\n|poke|p1|Terapagos, L50, M|\n|poke|p1|Ho-Oh, L50|\n|poke|p1|Incineroar, L50, M|\n|poke|p1|Rillaboom, L50, M|\n|poke|p1|Ogerpon-Cornerstone, L50, F|\n|poke|p1|Urshifu-*, L50, F|\n|poke|p2|Lunala, L50|\n|poke|p2|Kyogre, L50|\n|poke|p2|Wo-Chien, L50|\n|poke|p2|Kingdra, L50, F|\n|poke|p2|Incineroar, L50, F|\n|poke|p2|Archaludon, L50, M|\n|teampreview|4\n|showteam|p1|Terapagos||Leftovers|TeraShift|CalmMind,TeraStarstorm,EarthPower,Protect|||M|||50|,,,,,Stellar]Ho-Oh||ClearAmulet|Regenerator|SacredFire,BraveBird,Tailwind,Protect||||||50|,,,,,Grass]Incineroar||SafetyGoggles|Intimidate|KnockOff,FakeOut,WillOWisp,PartingShot|||M|||50|,,,,,Water]Rillaboom||AssaultVest|GrassySurge|GrassyGlide,WoodHammer,Uturn,FakeOut|||M|||50|,,,,,Fire]Ogerpon-Cornerstone||CornerstoneMask|Sturdy|IvyCudgel,PowerWhip,FollowMe,SpikyShield|||F|||50|,,,,,Rock]Urshifu-Rapid-Strike||ChoiceScarf|UnseenFist|SurgingStrikes,CloseCombat,Uturn,Coaching|||F|||50|,,,,,Water\n|showteam|p2|Lunala||PowerHerb|ShadowShield|MoongeistBeam,WideGuard,TrickRoom,MeteorBeam||||||50|,,,,,Fairy]Kyogre||CovertCloak|Drizzle|IceBeam,OriginPulse,Protect,Thunder||||||50|,,,,,Grass]Wo-Chien||Leftovers|TabletsofRuin|PollenPuff,LeechSeed,FoulPlay,Protect||||||50|,,,,,Poison]Kingdra||LifeOrb|SwiftSwim|DracoMeteor,ClearSmog,HydroPump,Protect|||F|||50|,,,,,Steel]Incineroar||RockyHelmet|Intimidate|PartingShot,KnockOff,FlareBlitz,FakeOut|||F|||50|,,,,,Electric]Archaludon||AssaultVest|Stamina|Snarl,ElectroShot,DracoMeteor,BodyPress|||M|||50|,,,,,Grass\n|inactive|Battle timer is ON: inactive players will automatically lose when time's up. (requested by noexperiencesorry)\n|inactive|laZb0nes2 has 60 seconds left.\n|\n|t:|1746110395\n|start\n|switch|p1a: Rillaboom|Rillaboom, L50, M|100/100\n|switch|p1b: Terapagos|Terapagos, L50, M|100/100\n|switch|p2a: Lunala|Lunala, L50|100/100\n|switch|p2b: Incineroar|Incineroar, L50, F|100/100\n|-activate|p1b: Terapagos|ability: Tera Shift\n|detailschange|p1b: Terapagos|Terapagos-Terastal, L50, M\n|-heal|p1b: Terapagos|100/100|[silent]\n|-fieldstart|move: Grassy Terrain|[from] ability: Grassy Surge|[of] p1a: Rillaboom\n|-ability|p2b: Incineroar|Intimidate|boost\n|-unboost|p1a: Rillaboom|atk|1\n|-unboost|p1b: Terapagos|atk|1\n|turn|1\n|inactive|laZb0nes2 has 30 seconds left.\n|\n|t:|1746110426\n|switch|p2b: Archaludon|Archaludon, L50, M|100/100\n|move|p2a: Lunala|Meteor Beam||[still]\n|-prepare|p2a: Lunala|Meteor Beam\n|-boost|p2a: Lunala|spa|1\n|-enditem|p2a: Lunala|Power Herb\n|-anim|p2a: Lunala|Meteor Beam|p1b: Terapagos\n|-activate|p1b: Terapagos|ability: Tera Shell\n|-resisted|p1b: Terapagos\n|-damage|p1b: Terapagos|69/100\n|move|p1b: Terapagos|Calm Mind|p1b: Terapagos\n|-boost|p1b: Terapagos|spa|1\n|-boost|p1b: Terapagos|spd|1\n|move|p1a: Rillaboom|U-turn|p2a: Lunala\n|-damage|p2a: Lunala|94/100\n|\n|t:|1746110430\n|switch|p1a: Urshifu|Urshifu-Rapid-Strike, L50, F|100/100|[from] U-turn\n|\n|-heal|p1b: Terapagos|75/100|[from] Grassy Terrain\n|-heal|p2a: Lunala|100/100|[from] Grassy Terrain\n|-heal|p1b: Terapagos|82/100|[from] item: Leftovers\n|upkeep\n|turn|2\n|inactive|laZb0nes2 has 30 seconds left.\n|inactive|laZb0nes2 has 20 seconds left.\n|\n|t:|1746110471\n|move|p1a: Urshifu|U-turn|p2a: Lunala\n|-damage|p2a: Lunala|89/100\n|\n|t:|1746110474\n|switch|p1a: Rillaboom|Rillaboom, L50, M|100/100|[from] U-turn\n|move|p2a: Lunala|Moongeist Beam|p1a: Rillaboom\n|-damage|p1a: Rillaboom|48/100\n|move|p1b: Terapagos|Calm Mind|p1b: Terapagos\n|-boost|p1b: Terapagos|spa|1\n|-boost|p1b: Terapagos|spd|1\n|move|p2b: Archaludon|Snarl|p1a: Rillaboom|[spread] p1a,p1b\n|-damage|p1a: Rillaboom|38/100\n|-damage|p1b: Terapagos|75/100\n|-unboost|p1a: Rillaboom|spa|1\n|-unboost|p1b: Terapagos|spa|1\n|\n|-heal|p2a: Lunala|95/100|[from] Grassy Terrain\n|-heal|p1b: Terapagos|81/100|[from] Grassy Terrain\n|-heal|p1b: Terapagos|87/100|[from] item: Leftovers\n|-heal|p1a: Rillaboom|44/100|[from] Grassy Terrain\n|upkeep\n|turn|3\n|inactive|noexperiencesorry has 30 seconds left.\n|\n|t:|1746110506\n|move|p1a: Rillaboom|Fake Out|p2b: Archaludon\n|-resisted|p2b: Archaludon\n|-damage|p2b: Archaludon|96/100\n|-ability|p2b: Archaludon|Stamina|boost\n|-boost|p2b: Archaludon|def|1\n|move|p1b: Terapagos|Calm Mind|p1b: Terapagos\n|-boost|p1b: Terapagos|spa|1\n|-boost|p1b: Terapagos|spd|1\n|cant|p2b: Archaludon|flinch\n|move|p2a: Lunala|Trick Room|p2a: Lunala\n|-fieldstart|move: Trick Room|[of] p2a: Lunala\n|\n|-heal|p2b: Archaludon|100/100|[from] Grassy Terrain\n|-heal|p1a: Rillaboom|50/100|[from] Grassy Terrain\n|-heal|p2a: Lunala|100/100|[from] Grassy Terrain\n|-heal|p1b: Terapagos|94/100|[from] Grassy Terrain\n|-heal|p1b: Terapagos|99/100|[from] item: Leftovers\n|upkeep\n|turn|4\n|inactive|laZb0nes2 has 30 seconds left.\n|inactive|laZb0nes2 has 20 seconds left.\n|inactive|laZb0nes2 has 15 seconds left.\n|inactive|laZb0nes2 has 10 seconds left.\n|\n|t:|1746110551\n|move|p1b: Terapagos|Protect|p1b: Terapagos\n|-singleturn|p1b: Terapagos|Protect\n|move|p2b: Archaludon|Body Press|p1a: Rillaboom\n|-crit|p1a: Rillaboom\n|-damage|p1a: Rillaboom|0 fnt\n|faint|p1a: Rillaboom\n|move|p2a: Lunala|Meteor Beam||[still]\n|-prepare|p2a: Lunala|Meteor Beam\n|-boost|p2a: Lunala|spa|1\n|\n|-heal|p1b: Terapagos|100/100|[from] Grassy Terrain\n|upkeep\n|\n|t:|1746110569\n|switch|p1a: Ogerpon|Ogerpon-Cornerstone, L50, F|100/100\n|turn|5\n|\n|t:|1746110585\n|move|p1a: Ogerpon|Follow Me|p1a: Ogerpon\n|-singleturn|p1a: Ogerpon|move: Follow Me\n|move|p2b: Archaludon|Body Press|p1a: Ogerpon\n|-supereffective|p1a: Ogerpon\n|-damage|p1a: Ogerpon|23/100\n|move|p2a: Lunala|Meteor Beam|p1a: Ogerpon|[from] lockedmove\n|-damage|p1a: Ogerpon|0 fnt\n|faint|p1a: Ogerpon\n|move|p1b: Terapagos|Earth Power|p2b: Archaludon\n|-supereffective|p2b: Archaludon\n|-damage|p2b: Archaludon|0 fnt\n|faint|p2b: Archaludon\n|\n|-fieldend|move: Grassy Terrain\n|upkeep\n|\n|t:|1746110595\n|switch|p2b: Incineroar|Incineroar, L50, F|100/100\n|switch|p1a: Urshifu|Urshifu-Rapid-Strike, L50, F|100/100\n|-ability|p2b: Incineroar|Intimidate|boost\n|-unboost|p1a: Urshifu|atk|1\n|-unboost|p1b: Terapagos|atk|1\n|turn|6\n|inactive|laZb0nes2 has 30 seconds left.\n|inactive|noexperiencesorry has 30 seconds left.\n|inactive|laZb0nes2 has 20 seconds left.\n|inactive|laZb0nes2 has 15 seconds left.\n|inactive|laZb0nes2 has 10 seconds left.\n|inactive|laZb0nes2 has 5 seconds left.\n|\n|t:|1746110649\n|-terastallize|p1b: Terapagos|Stellar\n|detailschange|p1b: Terapagos|Terapagos-Stellar, L50, M, tera:Stellar\n|-heal|p1b: Terapagos|100/100|[silent]\n|move|p2b: Incineroar|Knock Off|p1b: Terapagos\n|-crit|p1b: Terapagos\n|-damage|p1b: Terapagos|66/100\n|-enditem|p1b: Terapagos|Leftovers|[from] move: Knock Off|[of] p2b: Incineroar\n|move|p2a: Lunala|Moongeist Beam|p1a: Urshifu\n|-damage|p1a: Urshifu|0 fnt\n|faint|p1a: Urshifu\n|move|p1b: Terapagos|Tera Starstorm|p2b: Incineroar|[spread] p2a,p2b\n|-damage|p2a: Lunala|72/100\n|-damage|p2b: Incineroar|43/100\n|\n|upkeep\n|turn|7\n|inactive|noexperiencesorry has 30 seconds left.\n|inactive|noexperiencesorry has 20 seconds left.\n|inactive|noexperiencesorry has 15 seconds left.\n|\n|t:|1746110692\n|move|p1b: Terapagos|Protect|p1b: Terapagos\n|-singleturn|p1b: Terapagos|Protect\n|move|p2a: Lunala|Wide Guard|p2a: Lunala\n|-singleturn|p2a: Lunala|Wide Guard\n|move|p2b: Incineroar|Parting Shot|p1b: Terapagos\n|-activate|p1b: Terapagos|move: Protect\n|\n|-fieldend|move: Trick Room\n|upkeep\n|turn|8\n|\n|t:|1746110714\n|move|p1b: Terapagos|Earth Power|p2a: Lunala\n|-damage|p2a: Lunala|19/100\n|move|p2b: Incineroar|Parting Shot|p1b: Terapagos\n|-unboost|p1b: Terapagos|atk|1\n|-unboost|p1b: Terapagos|spa|1\n|\n|t:|1746110719\n|switch|p2b: Wo-Chien|Wo-Chien, L50|100/100|[from] Parting Shot\n|-ability|p2b: Wo-Chien|Tablets of Ruin\n|move|p2a: Lunala|Trick Room|p2a: Lunala\n|-fieldstart|move: Trick Room|[of] p2a: Lunala\n|\n|upkeep\n|turn|9\n|\n|t:|1746110739\n|move|p2a: Lunala|Wide Guard|p2a: Lunala\n|-singleturn|p2a: Lunala|Wide Guard\n|move|p2b: Wo-Chien|Pollen Puff|p2a: Lunala\n|-heal|p2a: Lunala|69/100\n|move|p1b: Terapagos|Tera Starstorm|p2b: Wo-Chien|[spread] \n|-activate|p2a: Lunala|move: Wide Guard\n|-activate|p2b: Wo-Chien|move: Wide Guard\n|\n|upkeep\n|turn|10\n|\n|t:|1746110757\n|move|p2b: Wo-Chien|Leech Seed|p1b: Terapagos\n|-start|p1b: Terapagos|move: Leech Seed\n|move|p2a: Lunala|Meteor Beam||[still]\n|-prepare|p2a: Lunala|Meteor Beam\n|-boost|p2a: Lunala|spa|1\n|move|p1b: Terapagos|Calm Mind|p1b: Terapagos\n|-boost|p1b: Terapagos|spa|1\n|-boost|p1b: Terapagos|spd|1\n|\n|-damage|p1b: Terapagos|53/100|[from] Leech Seed|[of] p2b: Wo-Chien\n|upkeep\n|turn|11\n|\n|t:|1746110769\n|move|p2b: Wo-Chien|Pollen Puff|p2a: Lunala\n|-heal|p2a: Lunala|100/100\n|move|p2a: Lunala|Meteor Beam|p1b: Terapagos|[from] lockedmove\n|-damage|p1b: Terapagos|27/100\n|move|p1b: Terapagos|Tera Starstorm|p2b: Wo-Chien|[spread] p2a,p2b\n|-damage|p2a: Lunala|75/100\n|-damage|p2b: Wo-Chien|55/100\n|\n|-heal|p2b: Wo-Chien|61/100|[from] item: Leftovers\n|-damage|p1b: Terapagos|15/100|[from] Leech Seed|[of] p2b: Wo-Chien\n|-heal|p2b: Wo-Chien|77/100|[silent]\n|upkeep\n|turn|12\n|-message|laZb0nes2 forfeited.\n|\n|win|noexperiencesorry\n||noexperiencesorry is ready for game 2.\n|inactive|laZb0nes2 has 30 seconds to confirm battle start!\n|inactive|laZb0nes2 has 20 seconds to confirm battle start!\n|inactive|laZb0nes2 has 10 seconds to confirm battle start!\n|uhtml|next|Next: <a href=\"/battle-gen9vgc2025regibo3-2354687828\"><strong>Game 2 of 3</strong></a>\n", "uploadtime": 1746111699, "views": 11, "formatid": "gen9vgc2025regibo3", "rating": null, "private": 0, "password": null}