{"id": "gen9vgc2025regibo3-2354321055", "format": "[Gen 9] VGC 2025 Reg I (Bo3)", "players": ["Gimffy", "pf8888"], "log": "|j|\u2606Gimffy\n|j|\u2606pf8888\n|html|<table width=\"100%\"><tr><td align=\"left\">Gimffy</td><td align=\"right\">pf8888</tr><tr><td align=\"left\"><i class=\"fa fa-circle-o\"></i> <i class=\"fa fa-circle-o\"></i> </td><td align=\"right\"><i class=\"fa fa-circle-o\"></i> <i class=\"fa fa-circle\"></i> </tr></table>\n|uhtml|bestof|<h2><strong>Game 2</strong> of <a href=\"/game-bestof3-gen9vgc2025regibo3-2354319782\">a best-of-3</a></h2>\n|t:|1746057048\n|gametype|doubles\n|player|p1|Gimffy|ingo|1172\n|player|p2|pf8888|265|1232\n|teamsize|p1|6\n|teamsize|p2|6\n|gen|9\n|tier|[Gen 9] VGC 2025 Reg I (Bo3)\n|rated|\n|rule|Species Clause: Limit one of each Pok\u00e9mon\n|rule|Item Clause: Limit 1 of each item\n|clearpoke\n|poke|p1|Koraidon, L50|\n|poke|p1|Lunala, L50|\n|poke|p1|Flutter Mane, L50|\n|poke|p1|Chi-Yu, L50|\n|poke|p1|Indeedee-F, L50, F|\n|poke|p1|Brute Bonnet, L50|\n|poke|p2|Incineroar, L50, M|\n|poke|p2|Zamazenta-*, L50|\n|poke|p2|Calyrex-Shadow, L50|\n|poke|p2|Urshifu-*, L50, F|\n|poke|p2|Tornadus, L50, M|\n|poke|p2|Landorus, L50, M|\n|teampreview|4\n|showteam|p1|Koraidon||ClearAmulet|OrichalcumPulse|CollisionCourse,FlareBlitz,FlameCharge,Protect||||||50|,,,,,Fire]Lunala||PowerHerb|ShadowShield|MoongeistBeam,ExpandingForce,MeteorBeam,TrickRoom||||||50|,,,,,Water]Flutter Mane||FocusSash|Protosynthesis|Moonblast,ShadowBall,IcyWind,Protect||||||50|,,,,,Fairy]Chi-Yu||ChoiceScarf|BeadsofRuin|DarkPulse,HeatWave,Overheat,Snarl||||||50|,,,,,Ghost]Indeedee-F||RockyHelmet|PsychicSurge|Psychic,FollowMe,Imprison,TrickRoom|||F|||50|,,,,,Grass]Brute Bonnet||CovertCloak|Protosynthesis|SeedBomb,SuckerPunch,RagePowder,Spore||||||50|,,,,,Poison\n|showteam|p2|Incineroar||SafetyGoggles|Intimidate|FakeOut,HelpingHand,PartingShot,KnockOff|||M|||50|,,,,,Water]Zamazenta-Crowned||RustedShield|DauntlessShield|WideGuard,BodyPress,Protect,behemothbash||||||50|,,,,,Fighting]Calyrex-Shadow||FocusSash|AsOneSpectrier|Protect,NastyPlot,AstralBarrage,Psychic||||||50|,,,,,Ghost]Urshifu-Rapid-Strike||MysticWater|UnseenFist|Protect,CloseCombat,AquaJet,SurgingStrikes|||F|||50|,,,,,Water]Tornadus||CovertCloak|Prankster|RainDance,Protect,BleakwindStorm,Tailwind|||M|||50|,,,,,Dark]Landorus||LifeOrb|SheerForce|Protect,SandsearStorm,EarthPower,SludgeBomb|||M|||50|,,,,,Ground\n|inactive|Battle timer is ON: inactive players will automatically lose when time's up. (requested by pf8888)\n|\n|t:|1746057063\n|start\n|switch|p1a: Imposter|Brute Bonnet, L50|100/100\n|switch|p1b: Anakin|Flutter Mane, L50|100/100\n|switch|p2a: Tornadus|Tornadus, L50, M|100/100\n|switch|p2b: Urshifu|Urshifu-Rapid-Strike, L50, F|100/100\n|turn|1\n|\n|t:|1746057077\n|-end|p1b: Anakin|Protosynthesis|[silent]\n|switch|p1b: Akira|Koraidon, L50|100/100\n|-weather|SunnyDay|[from] ability: Orichalcum Pulse|[of] p1b: Akira\n|-activate|p1a: Imposter|ability: Protosynthesis\n|-start|p1a: Imposter|protosynthesisdef\n|-activate|p1b: Akira|Orichalcum Pulse|[source]\n|move|p2a: Tornadus|Tailwind|p2a: Tornadus\n|-sidestart|p2: pf8888|move: Tailwind\n|move|p2b: Urshifu|Surging Strikes|p1b: Akira\n|-resisted|p1b: Akira\n|-crit|p1b: Akira\n|-damage|p1b: Akira|95/100\n|-resisted|p1b: Akira\n|-crit|p1b: Akira\n|-damage|p1b: Akira|90/100\n|-resisted|p1b: Akira\n|-crit|p1b: Akira\n|-damage|p1b: Akira|85/100\n|-hitcount|p1b: Akira|3\n|move|p1a: Imposter|Spore|p2a: Tornadus\n|-status|p2a: Tornadus|slp|[from] move: Spore\n|\n|-weather|SunnyDay|[upkeep]\n|upkeep\n|turn|2\n|inactive|Gimffy has 30 seconds left.\n|inactive|pf8888 has 30 seconds left.\n|\n|t:|1746057105\n|-terastallize|p1a: Imposter|Poison\n|cant|p2a: Tornadus|slp\n|move|p2b: Urshifu|Close Combat|p1b: Akira\n|-damage|p1b: Akira|22/100\n|-unboost|p2b: Urshifu|def|1\n|-unboost|p2b: Urshifu|spd|1\n|move|p1b: Akira|Flame Charge|p2a: Tornadus\n|-damage|p2a: Tornadus|41/100 slp\n|-boost|p1b: Akira|spe|1\n|move|p1a: Imposter|Spore|p2b: Urshifu\n|-status|p2b: Urshifu|slp|[from] move: Spore\n|\n|-weather|SunnyDay|[upkeep]\n|upkeep\n|turn|3\n|\n|t:|1746057125\n|cant|p2a: Tornadus|slp\n|move|p1b: Akira|Flame Charge|p2a: Tornadus\n|-damage|p2a: Tornadus|0 fnt\n|-boost|p1b: Akira|spe|1\n|faint|p2a: Tornadus\n|cant|p2b: Urshifu|slp\n|move|p1a: Imposter|Seed Bomb|p2b: Urshifu\n|-supereffective|p2b: Urshifu\n|-damage|p2b: Urshifu|5/100 slp\n|\n|-weather|SunnyDay|[upkeep]\n|upkeep\n|\n|t:|1746057134\n|switch|p2a: Calyrex|Calyrex-Shadow, L50|100/100\n|-ability|p2a: Calyrex|As One\n|-ability|p2a: Calyrex|Unnerve\n|turn|4\n|\n|t:|1746057147\n|-terastallize|p2a: Calyrex|Ghost\n|move|p1b: Akira|Protect|p1b: Akira\n|-singleturn|p1b: Akira|Protect\n|move|p2a: Calyrex|Astral Barrage|p1a: Imposter|[spread] p1a\n|-activate|p1b: Akira|move: Protect\n|-damage|p1a: Imposter|39/100\n|cant|p2b: Urshifu|slp\n|move|p1a: Imposter|Seed Bomb|p2b: Urshifu\n|-supereffective|p2b: Urshifu\n|-damage|p2b: Urshifu|0 fnt\n|faint|p2b: Urshifu\n|\n|-weather|SunnyDay|[upkeep]\n|-sideend|p2: pf8888|move: Tailwind\n|upkeep\n|\n|t:|1746057153\n|switch|p2b: Zamazenta|Zamazenta-Crowned, L50|100/100\n|-ability|p2b: Zamazenta|Dauntless Shield|boost\n|-boost|p2b: Zamazenta|def|1\n|turn|5\n|\n|t:|1746057176\n|move|p2b: Zamazenta|Protect|p2b: Zamazenta\n|-singleturn|p2b: Zamazenta|Protect\n|move|p1a: Imposter|Sucker Punch|p2a: Calyrex\n|-supereffective|p2a: Calyrex\n|-damage|p2a: Calyrex|25/100\n|move|p1b: Akira|Collision Course|p2b: Zamazenta\n|-activate|p2b: Zamazenta|move: Protect\n|move|p2a: Calyrex|Astral Barrage|p1a: Imposter|[spread] p1a,p1b\n|-damage|p1a: Imposter|0 fnt\n|-damage|p1b: Akira|0 fnt\n|faint|p1a: Imposter\n|-end|p1a: Imposter|Protosynthesis|[silent]\n|faint|p1b: Akira\n|-ability|p2a: Calyrex|Grim Neigh|boost\n|-boost|p2a: Calyrex|spa|2\n|\n|-weather|none\n|upkeep\n|\n|t:|1746057183\n|switch|p1b: Calcifisher|Chi-Yu, L50|100/100\n|switch|p1a: Anakin|Flutter Mane, L50|100/100\n|-ability|p1b: Calcifisher|Beads of Ruin\n|turn|6\n|\n|t:|1746057199\n|move|p2a: Calyrex|Protect|p2a: Calyrex\n|-singleturn|p2a: Calyrex|Protect\n|move|p1b: Calcifisher|Heat Wave|p2a: Calyrex|[spread] p2b\n|-activate|p2a: Calyrex|move: Protect\n|-supereffective|p2b: Zamazenta\n|-damage|p2b: Zamazenta|17/100\n|move|p1a: Anakin|Moonblast|p2a: Calyrex\n|-activate|p2a: Calyrex|move: Protect\n|move|p2b: Zamazenta|Body Press|p1b: Calcifisher\n|-supereffective|p1b: Calcifisher\n|-damage|p1b: Calcifisher|0 fnt\n|faint|p1b: Calcifisher\n|\n|upkeep\n|turn|7\n|\n|t:|1746057212\n|move|p2a: Calyrex|Astral Barrage|p1a: Anakin\n|-supereffective|p1a: Anakin\n|-enditem|p1a: Anakin|Focus Sash\n|-damage|p1a: Anakin|1/100\n|move|p1a: Anakin|Shadow Ball|p2a: Calyrex\n|-supereffective|p2a: Calyrex\n|-damage|p2a: Calyrex|0 fnt\n|faint|p2a: Calyrex\n|move|p2b: Zamazenta|Behemoth Bash|p1a: Anakin\n|-supereffective|p1a: Anakin\n|-damage|p1a: Anakin|0 fnt\n|faint|p1a: Anakin\n|-end|p1a: Anakin|Protosynthesis|[silent]\n|\n|win|pf8888\n|raw|Gimffy's rating: 1172 &rarr; <strong>1151</strong><br />(-21 for losing)\n|raw|pf8888's rating: 1232 &rarr; <strong>1253</strong><br />(+21 for winning)\n|l|\u2606pf8888\n|player|p2|\n", "uploadtime": 1746057246, "views": 10, "formatid": "gen9vgc2025regibo3", "rating": 1151, "private": 0, "password": null}