{"id": "gen9vgc2025regibo3-2354600296", "format": "[Gen 9] VGC 2025 Reg I (Bo3)", "players": ["Maggoroni", "freyartchan"], "log": "|j|\u2606Maggoroni\n|j|\u2606freyartchan\n|html|<table width=\"100%\"><tr><td align=\"left\">Maggoroni</td><td align=\"right\">freyartchan</tr><tr><td align=\"left\"><i class=\"fa fa-circle\"></i> <i class=\"fa fa-circle-o\"></i> </td><td align=\"right\"><i class=\"fa fa-circle-o\"></i> <i class=\"fa fa-circle-o\"></i> </tr></table>\n|uhtml|bestof|<h2><strong>Game 2</strong> of <a href=\"/game-bestof3-gen9vgc2025regibo3-2354597829\">a best-of-3</a></h2>\n|t:|1746101111\n|gametype|doubles\n|player|p1|Maggoroni|101|1177\n|player|p2|freyartchan|kieran-champion|1218\n|teamsize|p1|6\n|teamsize|p2|6\n|gen|9\n|tier|[Gen 9] VGC 2025 Reg I (Bo3)\n|rated|\n|rule|Species Clause: Limit one of each Pok\u00e9mon\n|rule|Item Clause: Limit 1 of each item\n|clearpoke\n|poke|p1|Lunala, L50|\n|poke|p1|Kyogre, L50|\n|poke|p1|Thundurus-Therian, L50, M|\n|poke|p1|Indeedee-F, L50, F|\n|poke|p1|Landorus, L50, M|\n|poke|p1|Urshifu-*, L50, F|\n|poke|p2|Miraidon, L50|\n|poke|p2|Calyrex-Ice, L50|\n|poke|p2|Farigiraf, L50, M|\n|poke|p2|Iron Hands, L50|\n|poke|p2|Urshifu-*, L50, M|\n|poke|p2|Pelipper, L50, F|\n|teampreview|4\n|showteam|p1|Lunala||Leftovers|ShadowShield|Moonblast,MoongeistBeam,Tailwind,WideGuard||||||50|,,,,,Water]Kyogre||ChoiceSpecs|Drizzle|Surf,WaterSpout,Thunder,IceBeam||||||50|,,,,,Grass]Thundurus-Therian||AssaultVest|VoltAbsorb|WildboltStorm,Thunderbolt,Snarl,WeatherBall|||M|||50|,,,,,Water]Indeedee-F||RockyHelmet|PsychicSurge|FollowMe,HelpingHand,Protect,DazzlingGleam|||F|||50|,,,,,Fairy]Landorus||LifeOrb|SandForce|EarthPower,SandsearStorm,SludgeBomb,WeatherBall|||M|||50|,,,,,Water]Urshifu-Rapid-Strike||ChoiceScarf|UnseenFist|SurgingStrikes,BrickBreak,AquaJet,Uturn|||F|||50|,,,,,Water\n|showteam|p2|Miraidon||ChoiceSpecs|HadronEngine|ElectroDrift,DazzlingGleam,DracoMeteor,VoltSwitch||||||50|,,,,,Fairy]Calyrex-Ice||ClearAmulet|AsOneGlastrier|GlacialLance,HighHorsepower,TrickRoom,Protect||||||50|,,,,,Water]Farigiraf||ElectricSeed|ArmorTail|FoulPlay,Psychic,TrickRoom,HelpingHand|||M|||50|,,,,,Water]Iron Hands||AssaultVest|QuarkDrive|FakeOut,WildCharge,LowKick,DrainPunch||||||50|,,,,,Water]Urshifu-Rapid-Strike||ChoiceScarf|UnseenFist|SurgingStrikes,AquaJet,Uturn,CloseCombat|||M|||50|,,,,,Water]Pelipper||LifeOrb|Drizzle|WeatherBall,Hurricane,WideGuard,Protect|||F|||50|,,,,,Grass\n|inactive|Battle timer is ON: inactive players will automatically lose when time's up. (requested by Maggoroni)\n|inactive|freyartchan has 60 seconds left.\n|\n|t:|1746101165\n|start\n|switch|p1a: Lunala|Lunala, L50|100/100\n|switch|p1b: Thundurus|Thundurus-Therian, L50, M|100/100\n|switch|p2a: Calyrex|Calyrex-Ice, L50|100/100\n|switch|p2b: Farigiraf|Farigiraf, L50, M|100/100\n|-ability|p2a: Calyrex|As One\n|-ability|p2a: Calyrex|Unnerve\n|turn|1\n|inactive|Maggoroni has 30 seconds left.\n|inactive|freyartchan has 30 seconds left.\n|inactive|Maggoroni has 20 seconds left.\n|inactive|Maggoroni has 15 seconds left.\n|inactive|Maggoroni has 10 seconds left.\n|\n|t:|1746101213\n|-terastallize|p1a: Lunala|Water\n|move|p2a: Calyrex|Protect|p2a: Calyrex\n|-singleturn|p2a: Calyrex|Protect\n|move|p1b: Thundurus|Thunderbolt|p2a: Calyrex\n|-activate|p2a: Calyrex|move: Protect\n|move|p1a: Lunala|Moongeist Beam|p2a: Calyrex\n|-activate|p2a: Calyrex|move: Protect\n|move|p2b: Farigiraf|Foul Play|p1a: Lunala\n|-damage|p1a: Lunala|93/100\n|\n|-heal|p1a: Lunala|99/100|[from] item: Leftovers\n|upkeep\n|turn|2\n|inactive|freyartchan has 30 seconds left.\n|inactive|freyartchan has 20 seconds left.\n|inactive|freyartchan has 15 seconds left.\n|inactive|freyartchan has 10 seconds left.\n|inactive|freyartchan has 5 seconds left.\n|\n|t:|1746101264\n|switch|p2a: Miraidon|Miraidon, L50|100/100\n|-fieldstart|move: Electric Terrain|[from] ability: Hadron Engine|[of] p2a: Miraidon\n|-enditem|p2b: Farigiraf|Electric Seed\n|-boost|p2b: Farigiraf|def|1|[from] item: Electric Seed\n|move|p1a: Lunala|Wide Guard|p1a: Lunala\n|-singleturn|p1a: Lunala|Wide Guard\n|move|p1b: Thundurus|Snarl|p2a: Miraidon|[spread] p2a\n|-miss|p1b: Thundurus|p2b: Farigiraf\n|-damage|p2a: Miraidon|86/100\n|-unboost|p2a: Miraidon|spa|1\n|move|p2b: Farigiraf|Psychic|p1a: Lunala\n|-damage|p1a: Lunala|76/100\n|\n|-heal|p1a: Lunala|83/100|[from] item: Leftovers\n|upkeep\n|turn|3\n|inactive|freyartchan has 30 seconds left.\n|inactive|freyartchan has 20 seconds left.\n|inactive|freyartchan has 15 seconds left.\n|inactive|freyartchan has 10 seconds left.\n|inactive|freyartchan has 5 seconds left.\n|\n|t:|1746101317\n|switch|p1a: Indeedee|Indeedee-F, L50, F|100/100\n|-fieldstart|move: Psychic Terrain|[from] ability: Psychic Surge|[of] p1a: Indeedee\n|move|p2a: Miraidon|Volt Switch|p1a: Indeedee\n|-crit|p1a: Indeedee\n|-damage|p1a: Indeedee|23/100\n|\n|t:|1746101322\n|switch|p2a: Calyrex|Calyrex-Ice, L50|100/100|[from] Volt Switch\n|-ability|p2a: Calyrex|As One\n|-ability|p2a: Calyrex|Unnerve\n|move|p1b: Thundurus|Snarl|p2a: Calyrex|[spread] p2a,p2b\n|-supereffective|p2a: Calyrex\n|-supereffective|p2b: Farigiraf\n|-crit|p2b: Farigiraf\n|-damage|p2a: Calyrex|78/100\n|-damage|p2b: Farigiraf|52/100\n|-unboost|p2b: Farigiraf|spa|1\n|move|p2b: Farigiraf|Psychic|p1b: Thundurus\n|-damage|p1b: Thundurus|75/100\n|\n|upkeep\n|turn|4\n|inactive|freyartchan has 30 seconds left.\n|\n|t:|1746101353\n|switch|p1b: Kyogre|Kyogre, L50|100/100\n|-weather|RainDance|[from] ability: Drizzle|[of] p1b: Kyogre\n|switch|p1a: Lunala|Lunala, L50, tera:Water|83/100\n|move|p2a: Calyrex|Glacial Lance|p1a: Lunala|[spread] p1a,p1b\n|-resisted|p1a: Lunala\n|-resisted|p1b: Kyogre\n|-damage|p1a: Lunala|60/100\n|-damage|p1b: Kyogre|70/100\n|move|p2b: Farigiraf|Trick Room|p2b: Farigiraf\n|-fieldstart|move: Trick Room|[of] p2b: Farigiraf\n|\n|-weather|RainDance|[upkeep]\n|-heal|p1a: Lunala|66/100|[from] item: Leftovers\n|upkeep\n|turn|5\n|inactive|freyartchan has 30 seconds left.\n|inactive|freyartchan has 20 seconds left.\n|inactive|freyartchan has 15 seconds left.\n|\n|t:|1746101398\n|-terastallize|p2a: Calyrex|Water\n|move|p1a: Lunala|Wide Guard|p1a: Lunala\n|-singleturn|p1a: Lunala|Wide Guard\n|move|p2a: Calyrex|High Horsepower|p1a: Lunala\n|-damage|p1a: Lunala|38/100\n|move|p2b: Farigiraf|Psychic|p1a: Lunala\n|-damage|p1a: Lunala|18/100\n|move|p1b: Kyogre|Surf|p2a: Calyrex|[spread] p2a,p2b\n|-activate|p1a: Lunala|move: Wide Guard\n|-resisted|p2a: Calyrex\n|-damage|p2a: Calyrex|45/100\n|-damage|p2b: Farigiraf|0 fnt\n|faint|p2b: Farigiraf\n|\n|-weather|RainDance|[upkeep]\n|-heal|p1a: Lunala|25/100|[from] item: Leftovers\n|upkeep\n|\n|t:|1746101411\n|switch|p2b: Urshifu|Urshifu-Rapid-Strike, L50, M|100/100\n|turn|6\n|inactive|Maggoroni has 30 seconds left.\n|inactive|Maggoroni has 20 seconds left.\n|\n|t:|1746101447\n|switch|p1a: Thundurus|Thundurus-Therian, L50, M|75/100\n|move|p2a: Calyrex|Protect|p2a: Calyrex\n|-singleturn|p2a: Calyrex|Protect\n|move|p1b: Kyogre|Surf|p2b: Urshifu|[spread] p1a,p2b\n|-activate|p2a: Calyrex|move: Protect\n|-resisted|p2b: Urshifu\n|-damage|p1a: Thundurus|0 fnt\n|-damage|p2b: Urshifu|33/100\n|faint|p1a: Thundurus\n|move|p2b: Urshifu|Surging Strikes|p1b: Kyogre\n|-resisted|p1b: Kyogre\n|-crit|p1b: Kyogre\n|-damage|p1b: Kyogre|52/100\n|-resisted|p1b: Kyogre\n|-crit|p1b: Kyogre\n|-damage|p1b: Kyogre|34/100\n|-resisted|p1b: Kyogre\n|-crit|p1b: Kyogre\n|-damage|p1b: Kyogre|18/100\n|-hitcount|p1b: Kyogre|3\n|\n|-weather|RainDance|[upkeep]\n|upkeep\n|\n|t:|1746101465\n|switch|p1a: Indeedee|Indeedee-F, L50, F|23/100\n|turn|7\n|\n|t:|1746101481\n|move|p1a: Indeedee|Follow Me|p1a: Indeedee\n|-singleturn|p1a: Indeedee|move: Follow Me\n|move|p2a: Calyrex|Glacial Lance|p1b: Kyogre|[spread] p1a,p1b\n|-resisted|p1b: Kyogre\n|-damage|p1a: Indeedee|0 fnt\n|-damage|p1b: Kyogre|0 fnt\n|faint|p1a: Indeedee\n|faint|p1b: Kyogre\n|-ability|p2a: Calyrex|Chilling Neigh|boost\n|-boost|p2a: Calyrex|atk|2\n|move|p2b: Urshifu|Surging Strikes|p1: Indeedee|[notarget]\n|-fail|p2b: Urshifu\n|\n|-weather|RainDance|[upkeep]\n|-fieldend|move: Psychic Terrain\n|upkeep\n|\n|t:|1746101487\n|switch|p1b: Lunala|Lunala, L50, tera:Water|25/100\n|turn|8\n|-message|Maggoroni forfeited.\n|\n|win|freyartchan\n|l|\u2606Maggoroni\n|player|p1|\n||Maggoroni is ready for game 3.\n||freyartchan is ready for game 3.\n|uhtml|next|Next: <a href=\"/battle-gen9vgc2025regibo3-2354603050\"><strong>Game 3 of 3</strong></a>\n", "uploadtime": 1746101719, "views": 8, "formatid": "gen9vgc2025regibo3", "rating": null, "private": 0, "password": null}