{"id": "gen9vgc2025regibo3-2354474563", "format": "[Gen 9] VGC 2025 Reg I (Bo3)", "players": ["Vulpisfoglia", "ExessVGC"], "log": "|j|\u2606Vulpisfoglia\n|j|\u2606ExessVGC\n|html|<table width=\"100%\"><tr><td align=\"left\">Vulpisfoglia</td><td align=\"right\">ExessVGC</tr><tr><td align=\"left\"><i class=\"fa fa-circle-o\"></i> <i class=\"fa fa-circle-o\"></i> </td><td align=\"right\"><i class=\"fa fa-circle-o\"></i> <i class=\"fa fa-circle-o\"></i> </tr></table>\n|uhtml|bestof|<h2><strong>Game 1</strong> of <a href=\"/game-bestof3-gen9vgc2025regibo3-2354474562\">a best-of-3</a></h2>\n|t:|1746077525\n|gametype|doubles\n|player|p1|Vulpisfoglia|nancy|1140\n|player|p2|ExessVGC|169|1238\n|teamsize|p1|6\n|teamsize|p2|6\n|gen|9\n|tier|[Gen 9] VGC 2025 Reg I (Bo3)\n|rated|\n|rule|Species Clause: Limit one of each Pok\u00e9mon\n|rule|Item Clause: Limit 1 of each item\n|clearpoke\n|poke|p1|Zamazenta-*, L50|\n|poke|p1|Miraidon, L50|\n|poke|p1|Iron Hands, L50|\n|poke|p1|Whimsicott, L50, F|\n|poke|p1|Farigiraf, L50, F|\n|poke|p1|Chi-Yu, L50|\n|poke|p2|Necrozma-Dawn-Wings, L50|\n|poke|p2|Tyranitar, L50, F|\n|poke|p2|Calyrex-Ice, L50|\n|poke|p2|Indeedee-F, L50, F|\n|poke|p2|Excadrill, L50, M|\n|poke|p2|Cresselia, L50, F|\n|teampreview|4\n|showteam|p1|Zamazenta-Crowned||RustedShield|DauntlessShield|BodyPress,Protect,behemothbash,WideGuard||||||50|,,,,,Water]Miraidon||ChoiceSpecs|HadronEngine|ElectroDrift,DracoMeteor,DazzlingGleam,VoltSwitch||||||50|,,,,,Fairy]Iron Hands||AssaultVest|QuarkDrive|FakeOut,IcePunch,LowKick,WildCharge||||||50|,,,,,Water]Whimsicott||CovertCloak|Prankster|Moonblast,Tailwind,Encore,LightScreen|||F|||50|,,,,,Water]Farigiraf||ElectricSeed|ArmorTail|FoulPlay,Psychic,TrickRoom,HelpingHand|||F|||50|,,,,,Steel]Chi-Yu||ChoiceScarf|BeadsofRuin|HeatWave,Overheat,DarkPulse,Snarl||||||50|,,,,,Fire\n|showteam|p2|Necrozma-Dawn-Wings||PsychicSeed|PrismArmor|TrickRoom,PowerGem,ExpandingForce,MoongeistBeam||||||50|,,,,,Rock]Tyranitar||IronBall|SandStream|Protect,Fling,RockSlide,KnockOff|||F|||50|,,,,,Dark]Calyrex-Ice||ClearAmulet|AsOneGlastrier|Protect,TrickRoom,GlacialLance,HighHorsepower||||||50|,,,,,Water]Indeedee-F||SafetyGoggles|PsychicSurge|HelpingHand,TrickRoom,FollowMe,DazzlingGleam|||F|||50|,,,,,Fairy]Excadrill||AssaultVest|SandForce|IronHead,HighHorsepower,Earthquake,RockSlide|||M|||50|,,,,,Water]Cresselia||MentalHerb|Levitate|TrickRoom,HelpingHand,LunarBlessing,Moonblast|||F|||50|,,,,,Dark\n|\n|t:|1746077546\n|start\n|switch|p1a: \u7535\u5b50\u7ec8\u7ed3\u9f99|Miraidon, L50|100/100\n|switch|p1b: \u739b\u4fee\u00b7\u57fa\u5217\u83b1\u7279|Zamazenta-Crowned, L50|100/100\n|switch|p2a: Necrozma|Necrozma-Dawn-Wings, L50|100/100\n|switch|p2b: Indeedee|Indeedee-F, L50, F|100/100\n|-fieldstart|move: Electric Terrain|[from] ability: Hadron Engine|[of] p1a: \u7535\u5b50\u7ec8\u7ed3\u9f99\n|-ability|p1b: \u739b\u4fee\u00b7\u57fa\u5217\u83b1\u7279|Dauntless Shield|boost\n|-boost|p1b: \u739b\u4fee\u00b7\u57fa\u5217\u83b1\u7279|def|1\n|-fieldstart|move: Psychic Terrain|[from] ability: Psychic Surge|[of] p2b: Indeedee\n|-enditem|p2a: Necrozma|Psychic Seed\n|-boost|p2a: Necrozma|spd|1|[from] item: Psychic Seed\n|turn|1\n|\n|t:|1746077575\n|move|p2b: Indeedee|Follow Me|p2b: Indeedee\n|-singleturn|p2b: Indeedee|move: Follow Me\n|move|p1a: \u7535\u5b50\u7ec8\u7ed3\u9f99|Volt Switch|p2b: Indeedee\n|-damage|p2b: Indeedee|50/100\n|\n|t:|1746077602\n|switch|p1a: \u6298\u539f\u9732\u9732|Farigiraf, L50, F|100/100|[from] Volt Switch\n|move|p1b: \u739b\u4fee\u00b7\u57fa\u5217\u83b1\u7279|Body Press|p2b: Indeedee\n|-damage|p2b: Indeedee|0 fnt\n|faint|p2b: Indeedee\n|move|p2a: Necrozma|Trick Room|p2a: Necrozma\n|-fieldstart|move: Trick Room|[of] p2a: Necrozma\n|\n|upkeep\n|\n|t:|1746077618\n|switch|p2b: Tyranitar|Tyranitar, L50, F|100/100\n|-weather|Sandstorm|[from] ability: Sand Stream|[of] p2b: Tyranitar\n|turn|2\n|\n|t:|1746077640\n|switch|p1a: \u7535\u5b50\u7ec8\u7ed3\u9f99|Miraidon, L50|100/100\n|-fieldstart|move: Electric Terrain|[from] ability: Hadron Engine|[of] p1a: \u7535\u5b50\u7ec8\u7ed3\u9f99\n|move|p2b: Tyranitar|Fling|p1a: \u7535\u5b50\u7ec8\u7ed3\u9f99\n|-damage|p1a: \u7535\u5b50\u7ec8\u7ed3\u9f99|25/100\n|-enditem|p2b: Tyranitar|Iron Ball|[from] move: Fling\n|move|p2a: Necrozma|Expanding Force|p1b: \u739b\u4fee\u00b7\u57fa\u5217\u83b1\u7279\n|-damage|p1b: \u739b\u4fee\u00b7\u57fa\u5217\u83b1\u7279|70/100\n|move|p1b: \u739b\u4fee\u00b7\u57fa\u5217\u83b1\u7279|Body Press|p2b: Tyranitar\n|-supereffective|p2b: Tyranitar\n|-damage|p2b: Tyranitar|0 fnt\n|faint|p2b: Tyranitar\n|\n|-weather|Sandstorm|[upkeep]\n|-damage|p2a: Necrozma|95/100|[from] Sandstorm\n|-damage|p1a: \u7535\u5b50\u7ec8\u7ed3\u9f99|19/100|[from] Sandstorm\n|upkeep\n|\n|t:|1746077646\n|switch|p2b: Calyrex|Calyrex-Ice, L50|100/100\n|-ability|p2b: Calyrex|As One\n|-ability|p2b: Calyrex|Unnerve\n|turn|3\n|\n|t:|1746077675\n|switch|p1a: \u6298\u539f\u9732\u9732|Farigiraf, L50, F|100/100\n|-enditem|p1a: \u6298\u539f\u9732\u9732|Electric Seed\n|-boost|p1a: \u6298\u539f\u9732\u9732|def|1|[from] item: Electric Seed\n|move|p2b: Calyrex|High Horsepower|p1a: \u6298\u539f\u9732\u9732\n|-damage|p1a: \u6298\u539f\u9732\u9732|75/100\n|move|p2a: Necrozma|Moongeist Beam|p1b: \u739b\u4fee\u00b7\u57fa\u5217\u83b1\u7279\n|-damage|p1b: \u739b\u4fee\u00b7\u57fa\u5217\u83b1\u7279|34/100\n|move|p1b: \u739b\u4fee\u00b7\u57fa\u5217\u83b1\u7279|Body Press|p2b: Calyrex\n|-damage|p2b: Calyrex|61/100\n|\n|-weather|Sandstorm|[upkeep]\n|-damage|p2b: Calyrex|56/100|[from] Sandstorm\n|-damage|p1a: \u6298\u539f\u9732\u9732|68/100|[from] Sandstorm\n|-damage|p2a: Necrozma|89/100|[from] Sandstorm\n|upkeep\n|turn|4\n|\n|t:|1746077722\n|-terastallize|p2a: Necrozma|Rock\n|move|p1b: \u739b\u4fee\u00b7\u57fa\u5217\u83b1\u7279|Protect|p1b: \u739b\u4fee\u00b7\u57fa\u5217\u83b1\u7279\n|-singleturn|p1b: \u739b\u4fee\u00b7\u57fa\u5217\u83b1\u7279|Protect\n|move|p2b: Calyrex|High Horsepower|p1b: \u739b\u4fee\u00b7\u57fa\u5217\u83b1\u7279\n|-activate|p1b: \u739b\u4fee\u00b7\u57fa\u5217\u83b1\u7279|move: Protect\n|move|p1a: \u6298\u539f\u9732\u9732|Foul Play|p2b: Calyrex\n|-supereffective|p2b: Calyrex\n|-damage|p2b: Calyrex|7/100\n|move|p2a: Necrozma|Power Gem|p1a: \u6298\u539f\u9732\u9732\n|-damage|p1a: \u6298\u539f\u9732\u9732|28/100\n|\n|-weather|Sandstorm|[upkeep]\n|-damage|p2b: Calyrex|1/100|[from] Sandstorm\n|-damage|p1a: \u6298\u539f\u9732\u9732|22/100|[from] Sandstorm\n|upkeep\n|turn|5\n|\n|t:|1746077745\n|move|p1a: \u6298\u539f\u9732\u9732|Helping Hand|p1b: \u739b\u4fee\u00b7\u57fa\u5217\u83b1\u7279\n|-singleturn|p1b: \u739b\u4fee\u00b7\u57fa\u5217\u83b1\u7279|Helping Hand|[of] p1a: \u6298\u539f\u9732\u9732\n|move|p2b: Calyrex|High Horsepower|p1a: \u6298\u539f\u9732\u9732\n|-damage|p1a: \u6298\u539f\u9732\u9732|0 fnt\n|faint|p1a: \u6298\u539f\u9732\u9732\n|-ability|p2b: Calyrex|Chilling Neigh|boost\n|-boost|p2b: Calyrex|atk|1\n|move|p2a: Necrozma|Moongeist Beam|p1b: \u739b\u4fee\u00b7\u57fa\u5217\u83b1\u7279\n|-damage|p1b: \u739b\u4fee\u00b7\u57fa\u5217\u83b1\u7279|0 fnt\n|faint|p1b: \u739b\u4fee\u00b7\u57fa\u5217\u83b1\u7279\n|\n|-weather|Sandstorm|[upkeep]\n|-damage|p2b: Calyrex|0 fnt|[from] Sandstorm\n|faint|p2b: Calyrex\n|-fieldend|move: Trick Room\n|upkeep\n|\n|t:|1746077759\n|switch|p1b: \u7279\u9c81|Iron Hands, L50|100/100\n|switch|p1a: \u7535\u5b50\u7ec8\u7ed3\u9f99|Miraidon, L50|19/100\n|-activate|p1a: \u7535\u5b50\u7ec8\u7ed3\u9f99|ability: Hadron Engine\n|-activate|p1b: \u7279\u9c81|ability: Quark Drive\n|-start|p1b: \u7279\u9c81|quarkdriveatk\n|turn|6\n|inactive|Battle timer is ON: inactive players will automatically lose when time's up. (requested by ExessVGC)\n|\n|t:|1746077771\n|move|p1b: \u7279\u9c81|Fake Out|p2a: Necrozma\n|-resisted|p2a: Necrozma\n|-damage|p2a: Necrozma|80/100\n|move|p1a: \u7535\u5b50\u7ec8\u7ed3\u9f99|Electro Drift|p2a: Necrozma\n|-damage|p2a: Necrozma|36/100\n|cant|p2a: Necrozma|flinch\n|\n|-weather|none\n|-fieldend|move: Electric Terrain\n|-end|p1b: \u7279\u9c81|Quark Drive\n|upkeep\n|turn|7\n|\n|t:|1746077781\n|move|p1a: \u7535\u5b50\u7ec8\u7ed3\u9f99|Electro Drift|p2a: Necrozma\n|-damage|p2a: Necrozma|0 fnt\n|faint|p2a: Necrozma\n|\n|win|Vulpisfoglia\n|l|\u2606ExessVGC\n|player|p2|\n||ExessVGC is ready for game 2.\n||Vulpisfoglia is ready for game 2.\n|uhtml|next|Next: <a href=\"/battle-gen9vgc2025regibo3-2354475961\"><strong>Game 2 of 3</strong></a>\n|l|\u2606Vulpisfoglia\n|player|p1|\n", "uploadtime": 1746078148, "views": 7, "formatid": "gen9vgc2025regibo3", "rating": null, "private": 0, "password": null}