{"id": "gen9vgc2025regibo3-2354601873", "format": "[Gen 9] VGC 2025 Reg I (Bo3)", "players": ["Carlitos Alcazar", "aviles0036"], "log": "|j|\u2606Carlitos Alcazar\n|j|\u2606aviles0036\n|html|<table width=\"100%\"><tr><td align=\"left\">Carlitos Alcazar</td><td align=\"right\">aviles0036</tr><tr><td align=\"left\"><i class=\"fa fa-circle\"></i> <i class=\"fa fa-circle-o\"></i> </td><td align=\"right\"><i class=\"fa fa-circle-o\"></i> <i class=\"fa fa-circle-o\"></i> </tr></table>\n|uhtml|bestof|<h2><strong>Game 2</strong> of <a href=\"/game-bestof3-gen9vgc2025regibo3-2354599642\">a best-of-3</a></h2>\n|t:|1746101336\n|gametype|doubles\n|player|p1|Carlitos Alcazar|roughneck|1215\n|player|p2|aviles0036|noland-gen3|1129\n|teamsize|p1|6\n|teamsize|p2|6\n|gen|9\n|tier|[Gen 9] VGC 2025 Reg I (Bo3)\n|rated|\n|rule|Species Clause: Limit one of each Pok\u00e9mon\n|rule|Item Clause: Limit 1 of each item\n|clearpoke\n|poke|p1|Miraidon, L50|\n|poke|p1|Calyrex-Ice, L50|\n|poke|p1|Whimsicott, L50, F|\n|poke|p1|Ogerpon-Hearthflame, L50, F|\n|poke|p1|Farigiraf, L50, F|\n|poke|p1|Iron Hands, L50|\n|poke|p2|Terapagos, L50, M|\n|poke|p2|Incineroar, L50, M|\n|poke|p2|Ogerpon-Cornerstone, L50, F|\n|poke|p2|Urshifu-*, L50, F|\n|poke|p2|Calyrex-Shadow, L50|\n|poke|p2|Rillaboom, L50, M|\n|teampreview|4\n|showteam|p1|Miraidon||ChoiceSpecs|HadronEngine|ElectroDrift,DracoMeteor,VoltSwitch,DazzlingGleam||||||50|,,,,,Fairy]Calyrex-Ice||ClearAmulet|AsOneGlastrier|GlacialLance,HighHorsepower,TrickRoom,Protect||||||50|,,,,,Water]Whimsicott||CovertCloak|Prankster|Moonblast,Tailwind,LightScreen,Encore|||F|||50|,,,,,Dark]Ogerpon-Hearthflame||HearthflameMask|MoldBreaker|IvyCudgel,WoodHammer,FollowMe,SpikyShield|||F|||50|,,,,,Fire]Farigiraf||ElectricSeed|ArmorTail|FoulPlay,PsychicNoise,TrickRoom,HelpingHand|||F|||50|,,,,,Water]Iron Hands||AssaultVest|QuarkDrive|DrainPunch,WildCharge,HeavySlam,FakeOut||||||50|,,,,,Water\n|showteam|p2|Terapagos||Leftovers|TeraShift|TeraStarstorm,Protect,EarthPower,CalmMind|||M|||50|,,,,,Stellar]Incineroar||RockyHelmet|Intimidate|KnockOff,FakeOut,WillOWisp,PartingShot|||M|||50|,,,,,Ghost]Ogerpon-Cornerstone||CornerstoneMask|Sturdy|IvyCudgel,PowerWhip,SpikyShield,FollowMe|||F|||50|,,,,,Rock]Urshifu-Rapid-Strike||MysticWater|UnseenFist|SurgingStrikes,CloseCombat,Taunt,Protect|||F|||50|,,,,,Stellar]Calyrex-Shadow||FocusSash|AsOneSpectrier|AstralBarrage,Encore,PollenPuff,Protect||||||50|,,,,,Dark]Rillaboom||AssaultVest|GrassySurge|FakeOut,WoodHammer,Uturn,GrassyGlide|||M|||50|,,,,,Water\n|inactive|Battle timer is ON: inactive players will automatically lose when time's up. (requested by aviles0036)\n|\n|t:|1746101357\n|start\n|switch|p1a: Miraidon|Miraidon, L50|100/100\n|switch|p1b: Whimsicott|Whimsicott, L50, F|100/100\n|switch|p2a: Terapagos|Terapagos, L50, M|100/100\n|switch|p2b: Rillaboom|Rillaboom, L50, M|100/100\n|-activate|p2a: Terapagos|ability: Tera Shift\n|detailschange|p2a: Terapagos|Terapagos-Terastal, L50, M\n|-heal|p2a: Terapagos|100/100|[silent]\n|-fieldstart|move: Electric Terrain|[from] ability: Hadron Engine|[of] p1a: Miraidon\n|-fieldstart|move: Grassy Terrain|[from] ability: Grassy Surge|[of] p2b: Rillaboom\n|turn|1\n|inactive|Carlitos Alcazar has 30 seconds left.\n|inactive|Carlitos Alcazar has 20 seconds left.\n|inactive|Carlitos Alcazar has 15 seconds left.\n|\n|t:|1746101398\n|switch|p1b: Farigiraf|Farigiraf, L50, F|100/100\n|move|p1a: Miraidon|Volt Switch|p2a: Terapagos\n|-activate|p2a: Terapagos|ability: Tera Shell\n|-resisted|p2a: Terapagos\n|-damage|p2a: Terapagos|75/100\n|\n|t:|1746101408\n|switch|p1a: Ogerpon|Ogerpon-Hearthflame, L50, F|100/100|[from] Volt Switch\n|-ability|p1a: Ogerpon|Mold Breaker\n|move|p2a: Terapagos|Tera Starstorm|p1b: Farigiraf\n|-damage|p1b: Farigiraf|56/100\n|move|p2b: Rillaboom|U-turn|p1b: Farigiraf\n|-supereffective|p1b: Farigiraf\n|-damage|p1b: Farigiraf|18/100\n|\n|t:|1746101416\n|switch|p2b: Incineroar|Incineroar, L50, M|100/100|[from] U-turn\n|-ability|p2b: Incineroar|Intimidate|boost\n|-unboost|p1a: Ogerpon|atk|1\n|-unboost|p1b: Farigiraf|atk|1\n|\n|-heal|p2a: Terapagos|81/100|[from] Grassy Terrain\n|-heal|p2a: Terapagos|87/100|[from] item: Leftovers\n|-heal|p1b: Farigiraf|24/100|[from] Grassy Terrain\n|upkeep\n|turn|2\n|inactive|Carlitos Alcazar has 30 seconds left.\n|inactive|Carlitos Alcazar has 20 seconds left.\n|\n|t:|1746101451\n|-terastallize|p1a: Ogerpon|Fire\n|detailschange|p1a: Ogerpon|Ogerpon-Hearthflame-Tera, L50, F, tera:Fire\n|-ability|p1a: Ogerpon|Embody Aspect (Hearthflame)|boost\n|-boost|p1a: Ogerpon|atk|1\n|-terastallize|p2a: Terapagos|Stellar\n|detailschange|p2a: Terapagos|Terapagos-Stellar, L50, M, tera:Stellar\n|-heal|p2a: Terapagos|91/100|[silent]\n|-ability|p2a: Terapagos|Teraform Zero\n|-fieldend|move: Grassy Terrain\n|move|p1b: Farigiraf|Helping Hand|p1a: Ogerpon\n|-singleturn|p1a: Ogerpon|Helping Hand|[of] p1b: Farigiraf\n|move|p1a: Ogerpon|Wood Hammer|p2a: Terapagos\n|-damage|p2a: Terapagos|43/100\n|-damage|p1a: Ogerpon|78/100|[from] Recoil\n|move|p2a: Terapagos|Tera Starstorm|p1a: Ogerpon|[spread] p1a,p1b\n|-supereffective|p1a: Ogerpon\n|-damage|p1a: Ogerpon|13/100\n|-damage|p1b: Farigiraf|0 fnt\n|faint|p1b: Farigiraf\n|move|p2b: Incineroar|Parting Shot|p1a: Ogerpon\n|-unboost|p1a: Ogerpon|atk|1\n|-unboost|p1a: Ogerpon|spa|1\n|\n|t:|1746101470\n|switch|p2b: Rillaboom|Rillaboom, L50, M|100/100|[from] Parting Shot\n|-fieldstart|move: Grassy Terrain|[from] ability: Grassy Surge|[of] p2b: Rillaboom\n|\n|-heal|p1a: Ogerpon|19/100|[from] Grassy Terrain\n|-heal|p2a: Terapagos|49/100|[from] Grassy Terrain\n|-heal|p2a: Terapagos|55/100|[from] item: Leftovers\n|upkeep\n|\n|t:|1746101490\n|switch|p1b: Whimsicott|Whimsicott, L50, F|100/100\n|turn|3\n|\n|t:|1746101501\n|switch|p1a: Miraidon|Miraidon, L50|100/100\n|-fieldstart|move: Electric Terrain|[from] ability: Hadron Engine|[of] p1a: Miraidon\n|move|p1b: Whimsicott|Light Screen|p1b: Whimsicott\n|-sidestart|p1: Carlitos Alcazar|move: Light Screen\n|move|p2a: Terapagos|Tera Starstorm|p1b: Whimsicott|[spread] p1a,p1b\n|-damage|p1a: Miraidon|82/100\n|-damage|p1b: Whimsicott|74/100\n|move|p2b: Rillaboom|U-turn|p1b: Whimsicott\n|-damage|p1b: Whimsicott|46/100\n|\n|t:|1746101509\n|switch|p2b: Incineroar|Incineroar, L50, M|100/100|[from] U-turn\n|-ability|p2b: Incineroar|Intimidate|boost\n|-unboost|p1a: Miraidon|atk|1\n|-unboost|p1b: Whimsicott|atk|1\n|\n|-heal|p2a: Terapagos|62/100|[from] item: Leftovers\n|upkeep\n|turn|4\n|inactive|Carlitos Alcazar has 30 seconds left.\n|inactive|Carlitos Alcazar has 20 seconds left.\n|\n|t:|1746101546\n|move|p2b: Incineroar|Fake Out|p1a: Miraidon\n|-damage|p1a: Miraidon|71/100\n|cant|p1a: Miraidon|flinch\n|move|p1b: Whimsicott|Moonblast|p2a: Terapagos\n|-damage|p2a: Terapagos|45/100\n|move|p2a: Terapagos|Tera Starstorm|p1a: Miraidon|[spread] p1a,p1b\n|-damage|p1a: Miraidon|51/100\n|-damage|p1b: Whimsicott|20/100\n|\n|-heal|p2a: Terapagos|51/100|[from] item: Leftovers\n|upkeep\n|turn|5\n|inactive|Carlitos Alcazar has 30 seconds left.\n|inactive|Carlitos Alcazar has 20 seconds left.\n|\n|t:|1746101585\n|switch|p2a: Rillaboom|Rillaboom, L50, M|100/100\n|-fieldstart|move: Grassy Terrain|[from] ability: Grassy Surge|[of] p2a: Rillaboom\n|move|p1b: Whimsicott|Tailwind|p1b: Whimsicott\n|-sidestart|p1: Carlitos Alcazar|move: Tailwind\n|move|p1a: Miraidon|Electro Drift|p2a: Rillaboom\n|-resisted|p2a: Rillaboom\n|-damage|p2a: Rillaboom|73/100\n|move|p2b: Incineroar|Knock Off|p1b: Whimsicott\n|-resisted|p1b: Whimsicott\n|-damage|p1b: Whimsicott|0 fnt\n|-enditem|p1b: Whimsicott|Covert Cloak|[from] move: Knock Off|[of] p2b: Incineroar\n|faint|p1b: Whimsicott\n|\n|-heal|p1a: Miraidon|57/100|[from] Grassy Terrain\n|-heal|p2a: Rillaboom|79/100|[from] Grassy Terrain\n|upkeep\n|\n|t:|1746101600\n|switch|p1b: Ogerpon|Ogerpon-Hearthflame-Tera, L50, F, tera:Fire|19/100\n|-ability|p1b: Ogerpon|Embody Aspect (Hearthflame)|boost\n|-boost|p1b: Ogerpon|atk|1\n|turn|6\n|\n|t:|1746101610\n|move|p2a: Rillaboom|Fake Out|p1b: Ogerpon\n|-damage|p1b: Ogerpon|3/100\n|move|p1a: Miraidon|Electro Drift|p2b: Incineroar\n|-damage|p2b: Incineroar|19/100\n|-damage|p1a: Miraidon|40/100|[from] item: Rocky Helmet|[of] p2b: Incineroar\n|cant|p1b: Ogerpon|flinch\n|move|p2b: Incineroar|Parting Shot|p1a: Miraidon\n|-unboost|p1a: Miraidon|atk|1\n|-unboost|p1a: Miraidon|spa|1\n|\n|t:|1746101617\n|switch|p2b: Calyrex|Calyrex-Shadow, L50|100/100|[from] Parting Shot\n|-ability|p2b: Calyrex|As One\n|-ability|p2b: Calyrex|Unnerve\n|\n|-heal|p1a: Miraidon|46/100|[from] Grassy Terrain\n|-heal|p1b: Ogerpon|9/100|[from] Grassy Terrain\n|-heal|p2a: Rillaboom|84/100|[from] Grassy Terrain\n|upkeep\n|turn|7\n|\n|t:|1746101630\n|switch|p2a: Incineroar|Incineroar, L50, M|19/100\n|-ability|p2a: Incineroar|Intimidate|boost\n|-unboost|p1a: Miraidon|atk|1\n|-unboost|p1b: Ogerpon|atk|1\n|move|p2b: Calyrex|Protect|p2b: Calyrex\n|-singleturn|p2b: Calyrex|Protect\n|move|p1a: Miraidon|Electro Drift|p2b: Calyrex\n|-activate|p2b: Calyrex|move: Protect\n|move|p1b: Ogerpon|Ivy Cudgel|p2b: Calyrex|[anim] Ivy Cudgel Fire\n|-activate|p2b: Calyrex|move: Protect\n|\n|-heal|p1a: Miraidon|52/100|[from] Grassy Terrain\n|-heal|p1b: Ogerpon|15/100|[from] Grassy Terrain\n|-heal|p2a: Incineroar|25/100|[from] Grassy Terrain\n|-sideend|p1: Carlitos Alcazar|move: Light Screen\n|upkeep\n|turn|8\n|-message|Carlitos Alcazar forfeited.\n|\n|win|aviles0036\n|l|\u2606Carlitos Alcazar\n|player|p1|\n||aviles0036 is ready for game 3.\n||Carlitos Alcazar is ready for game 3.\n|uhtml|next|Next: <a href=\"/battle-gen9vgc2025regibo3-2354604060\"><strong>Game 3 of 3</strong></a>\n|l|\u2606aviles0036\n|player|p2|\n|j|\u2606Carlitos Alcazar\n|player|p1|Carlitos Alcazar|roughneck|\n", "uploadtime": 1746102193, "views": 20, "formatid": "gen9vgc2025regibo3", "rating": null, "private": 0, "password": null}