{"id": "gen9vgc2025regibo3-2353746663", "format": "[Gen 9] VGC 2025 Reg I (Bo3)", "players": ["HyphyJavi", "vilan333"], "log": "|j|\u2606HyphyJavi\n|j|\u2606vilan333\n|html|<table width=\"100%\"><tr><td align=\"left\">HyphyJavi</td><td align=\"right\">vilan333</tr><tr><td align=\"left\"><i class=\"fa fa-circle-o\"></i> <i class=\"fa fa-circle-o\"></i> </td><td align=\"right\"><i class=\"fa fa-circle-o\"></i> <i class=\"fa fa-circle\"></i> </tr></table>\n|uhtml|bestof|<h2><strong>Game 2</strong> of <a href=\"/game-bestof3-gen9vgc2025regibo3-2353744948\">a best-of-3</a></h2>\n|t:|1745992938\n|gametype|doubles\n|player|p1|HyphyJavi|dancer|1122\n|player|p2|vilan333|marshal|1062\n|teamsize|p1|6\n|teamsize|p2|6\n|gen|9\n|tier|[Gen 9] VGC 2025 Reg I (Bo3)\n|rated|\n|rule|Species Clause: Limit one of each Pok\u00e9mon\n|rule|Item Clause: Limit 1 of each item\n|clearpoke\n|poke|p1|Lunala, L50|\n|poke|p1|Ho-Oh, L50|\n|poke|p1|Indeedee-F, L50, F|\n|poke|p1|Sneasler, L50, M|\n|poke|p1|Amoonguss, L50, F|\n|poke|p1|Ursaluna, L50, F|\n|poke|p2|Calyrex-Shadow, L50|\n|poke|p2|Dondozo, L50, M|\n|poke|p2|Tatsugiri-Droopy, L50, F|\n|poke|p2|Sneasler, L50, F|\n|poke|p2|Ditto, L50|\n|poke|p2|Miraidon, L50|\n|teampreview|4\n|showteam|p1|Lunala||PowerHerb|ShadowShield|ExpandingForce,MoongeistBeam,MeteorBeam,WideGuard||||||50|,,,,,Normal]Ho-Oh||SitrusBerry|Regenerator|BraveBird,SacredFire,Tailwind,Protect||||||50|,,,,,Ground]Indeedee-F||SafetyGoggles|PsychicSurge|FollowMe,AlluringVoice,HelpingHand,TrickRoom|||F|||50|,,,,,Ground]Sneasler||PsychicSeed|Unburden|FakeOut,DireClaw,CloseCombat,ThroatChop|||M|||50|,,,,,Stellar]Amoonguss||RockyHelmet|Regenerator|RagePowder,PollenPuff,Spore,ClearSmog|||F|||50|,,,,,Water]Ursaluna||FlameOrb|Guts|Facade,HighHorsepower,Earthquake,Protect|||F|||50|,,,,,Ghost\n|showteam|p2|Calyrex-Shadow||SpellTag|AsOneSpectrier|AstralBarrage,Psychic,NastyPlot,Protect||||||50|,,,,,Normal]Dondozo||Leftovers|Unaware|BodyPress,OrderUp,Protect,Earthquake|||M|||50|,,,,,Grass]Tatsugiri-Droopy||ChoiceScarf|Commander|DracoMeteor,MuddyWater,IcyWind,SleepTalk|||F|||50|,,,,,Stellar]Sneasler||ElectricSeed|Unburden|DireClaw,FakeOut,CloseCombat,RockTomb|||F|||50|,,,,,Dark]Ditto||FocusSash|Imposter|Transform||||||50|,,,,,Ghost]Miraidon||AssaultVest|HadronEngine|VoltSwitch,ElectroDrift,DazzlingGleam,DracoMeteor||||||50|,,,,,Ghost\n|\n|t:|1745992963\n|start\n|switch|p1a: Indeedee|Indeedee-F, L50, F|100/100\n|switch|p1b: Ho-Oh|Ho-Oh, L50|100/100\n|switch|p2a: Miraidon|Miraidon, L50|100/100\n|switch|p2b: Taizan II|Dondozo, L50, M|100/100\n|-fieldstart|move: Electric Terrain|[from] ability: Hadron Engine|[of] p2a: Miraidon\n|-fieldstart|move: Psychic Terrain|[from] ability: Psychic Surge|[of] p1a: Indeedee\n|turn|1\n|\n|t:|1745992999\n|-terastallize|p1a: Indeedee|Ground\n|move|p2b: Taizan II|Protect|p2b: Taizan II\n|-singleturn|p2b: Taizan II|Protect\n|move|p1a: Indeedee|Follow Me|p1a: Indeedee\n|-singleturn|p1a: Indeedee|move: Follow Me\n|move|p2a: Miraidon|Volt Switch|p1a: Indeedee\n|-immune|p1a: Indeedee\n|move|p1b: Ho-Oh|Sacred Fire|p2b: Taizan II\n|-activate|p2b: Taizan II|move: Protect\n|\n|upkeep\n|turn|2\n|\n|t:|1745993032\n|switch|p2a: Katsuragi|Tatsugiri-Droopy, L50, F, shiny|100/100\n|-activate|p2a: Katsuragi|ability: Commander|[of] p2b: Taizan II\n|-boost|p2b: Taizan II|atk|2\n|-boost|p2b: Taizan II|spa|2\n|-boost|p2b: Taizan II|spe|2\n|-boost|p2b: Taizan II|def|2\n|-boost|p2b: Taizan II|spd|2\n|move|p2b: Taizan II|Order Up|p1b: Ho-Oh\n|-damage|p1b: Ho-Oh|63/100\n|-boost|p2b: Taizan II|def|1\n|move|p1b: Ho-Oh|Sacred Fire|p2b: Taizan II\n|-resisted|p2b: Taizan II\n|-damage|p2b: Taizan II|93/100\n|-status|p2b: Taizan II|brn\n|move|p1a: Indeedee|Alluring Voice|p2b: Taizan II\n|-damage|p2b: Taizan II|85/100 brn\n|-start|p2b: Taizan II|confusion\n|\n|-heal|p2b: Taizan II|91/100 brn|[from] item: Leftovers\n|-damage|p2b: Taizan II|85/100 brn|[from] brn\n|upkeep\n|turn|3\n|\n|t:|1745993056\n|switch|p1b: Amoonguss|Amoonguss, L50, F|100/100\n|-activate|p2b: Taizan II|confusion\n|move|p2b: Taizan II|Order Up|p1b: Amoonguss\n|-damage|p1b: Amoonguss|85/100\n|-boost|p2b: Taizan II|def|1\n|move|p1a: Indeedee|Trick Room|p1a: Indeedee\n|-fieldstart|move: Trick Room|[of] p1a: Indeedee\n|\n|-heal|p2b: Taizan II|91/100 brn|[from] item: Leftovers\n|-damage|p2b: Taizan II|85/100 brn|[from] brn\n|upkeep\n|turn|4\n|\n|t:|1745993071\n|switch|p1a: Lunala|Lunala, L50|100/100\n|move|p1b: Amoonguss|Clear Smog|p2b: Taizan II\n|-damage|p2b: Taizan II|78/100 brn\n|-clearboost|p2b: Taizan II\n|-end|p2b: Taizan II|confusion\n|move|p2b: Taizan II|Order Up|p1b: Amoonguss\n|-damage|p1b: Amoonguss|77/100\n|-boost|p2b: Taizan II|def|1\n|\n|-heal|p2b: Taizan II|84/100 brn|[from] item: Leftovers\n|-damage|p2b: Taizan II|78/100 brn|[from] brn\n|upkeep\n|turn|5\n|\n|t:|1745993098\n|move|p1b: Amoonguss|Clear Smog|p2b: Taizan II\n|-damage|p2b: Taizan II|63/100 brn\n|-clearboost|p2b: Taizan II\n|move|p2b: Taizan II|Order Up|p1a: Lunala\n|-damage|p1a: Lunala|97/100\n|-boost|p2b: Taizan II|def|1\n|move|p1a: Lunala|Meteor Beam||[still]\n|-prepare|p1a: Lunala|Meteor Beam\n|-boost|p1a: Lunala|spa|1\n|-enditem|p1a: Lunala|Power Herb\n|-anim|p1a: Lunala|Meteor Beam|p2b: Taizan II\n|-damage|p2b: Taizan II|23/100 brn\n|\n|-heal|p2b: Taizan II|29/100 brn|[from] item: Leftovers\n|-damage|p2b: Taizan II|23/100 brn|[from] brn\n|-fieldend|move: Psychic Terrain\n|upkeep\n|turn|6\n|\n|t:|1745993122\n|move|p1b: Amoonguss|Pollen Puff|p1a: Lunala\n|-heal|p1a: Lunala|100/100\n|move|p2b: Taizan II|Order Up|p1a: Lunala\n|-damage|p1a: Lunala|97/100\n|-boost|p2b: Taizan II|def|1\n|move|p1a: Lunala|Moongeist Beam|p2b: Taizan II\n|-damage|p2b: Taizan II|0 fnt\n|faint|p2b: Taizan II\n|\n|upkeep\n|\n|t:|1745993136\n|switch|p2b: Ditto|Ditto, L50|100/100\n|-transform|p2b: Ditto|p1a: Lunala|[from] ability: Imposter\n|turn|7\n|\n|t:|1745993168\n|switch|p2a: Miraidon|Miraidon, L50|100/100\n|-fieldstart|move: Electric Terrain|[from] ability: Hadron Engine|[of] p2a: Miraidon\n|move|p1b: Amoonguss|Spore|p2b: Ditto\n|-activate|p2b: Ditto|move: Electric Terrain\n|move|p2b: Ditto|Moongeist Beam|p1a: Lunala\n|-supereffective|p1a: Lunala\n|-damage|p1a: Lunala|0 fnt\n|faint|p1a: Lunala\n|\n|-fieldend|move: Trick Room\n|upkeep\n|\n|t:|1745993180\n|switch|p1a: Ho-Oh|Ho-Oh, L50|96/100\n|turn|8\n|\n|t:|1745993191\n|switch|p1a: Indeedee|Indeedee-F, L50, F, tera:Ground|100/100\n|-fieldstart|move: Psychic Terrain|[from] ability: Psychic Surge|[of] p1a: Indeedee\n|move|p2a: Miraidon|Volt Switch|p1a: Indeedee\n|-immune|p1a: Indeedee\n|move|p2b: Ditto|Expanding Force|p1a: Indeedee|[spread] p1a,p1b\n|-supereffective|p1b: Amoonguss\n|-damage|p1a: Indeedee|0 fnt\n|-damage|p1b: Amoonguss|0 fnt\n|faint|p1a: Indeedee\n|faint|p1b: Amoonguss\n|\n|upkeep\n|c|\u2606HyphyJavi|gg\n|-message|HyphyJavi forfeited.\n|\n|win|vilan333\n|raw|HyphyJavi's rating: 1122 &rarr; <strong>1093</strong><br />(-29 for losing)\n|raw|vilan333's rating: 1062 &rarr; <strong>1098</strong><br />(+36 for winning)\n|l|\u2606HyphyJavi\n|player|p1|\n", "uploadtime": 1745993227, "views": 16, "formatid": "gen9vgc2025regibo3", "rating": 1093, "private": 0, "password": null}