{"id": "gen9vgc2025regibo3-2353494726", "format": "[Gen 9] VGC 2025 Reg I (Bo3)", "players": ["Bigboyblue3451", "LunaSunChris"], "log": "|j|\u2606Bigboyblue3451\n|j|\u2606LunaSunChris\n|html|<table width=\"100%\"><tr><td align=\"left\">Bigboyblue3451</td><td align=\"right\">LunaSunChris</tr><tr><td align=\"left\"><i class=\"fa fa-circle\"></i> <i class=\"fa fa-circle-o\"></i> </td><td align=\"right\"><i class=\"fa fa-circle-o\"></i> <i class=\"fa fa-circle\"></i> </tr></table>\n|uhtml|bestof|<h2><strong>Game 3</strong> of <a href=\"/game-bestof3-gen9vgc2025regibo3-2353489308\">a best-of-3</a></h2>\n|t:|1745961287\n|gametype|doubles\n|player|p1|Bigboyblue3451|265|1153\n|player|p2|LunaSunChris|rood|1238\n|teamsize|p1|6\n|teamsize|p2|6\n|gen|9\n|tier|[Gen 9] VGC 2025 Reg I (Bo3)\n|rated|\n|rule|Species Clause: Limit one of each Pok\u00e9mon\n|rule|Item Clause: Limit 1 of each item\n|clearpoke\n|poke|p1|Chien-Pao, L50|\n|poke|p1|Calyrex-Shadow, L50|\n|poke|p1|Iron Hands, L50|\n|poke|p1|Whimsicott, L50, F|\n|poke|p1|Miraidon, L50|\n|poke|p1|Incineroar, L50, F|\n|poke|p2|Groudon, L50|\n|poke|p2|Lunala, L50|\n|poke|p2|Incineroar, L50, M|\n|poke|p2|Ogerpon-Hearthflame, L50, F|\n|poke|p2|Walking Wake, L50|\n|poke|p2|Rillaboom, L50, F|\n|teampreview|4\n|showteam|p1|Chien-Pao||LifeOrb|SwordofRuin|IceShard,IceSpinner,SuckerPunch,Protect||||||50|,,,,,Stellar]Calyrex-Shadow||FocusSash|AsOneSpectrier|AstralBarrage,Psychic,Encore,Protect||||||50|,,,,,Water]Iron Hands||AssaultVest|QuarkDrive|DrainPunch,LowKick,FakeOut,WildCharge||||||50|,,,,,Bug]Whimsicott||CovertCloak|Prankster|Tailwind,Moonblast,LightScreen,HelpingHand|||F|||50|,,,,,Dark]Miraidon||Magnet|HadronEngine|ElectroDrift,VoltSwitch,DracoMeteor,Protect||||||50|,,,,,Electric]Incineroar||SafetyGoggles|Intimidate|FlareBlitz,KnockOff,PartingShot,FakeOut|||F|||50|,,,,,Bug\n|showteam|p2|Groudon||ClearAmulet|Drought|PrecipiceBlades,HeatCrash,StompingTantrum,Protect||||||50|,,,,,Fire]Lunala||PowerHerb|ShadowShield|MoongeistBeam,MeteorBeam,WideGuard,TrickRoom||||||50|,,,,,Fairy]Incineroar||SafetyGoggles|Intimidate|KnockOff,FakeOut,FlareBlitz,PartingShot|||M|||50|,,,,,Ghost]Ogerpon-Hearthflame||HearthflameMask|MoldBreaker|IvyCudgel,WoodHammer,FollowMe,SpikyShield|||F|||50|,,,,,Fire]Walking Wake||LifeOrb|Protosynthesis|WeatherBall,HydroSteam,DracoMeteor,Protect||||||50|,,,,,Fire]Rillaboom||AssaultVest|GrassySurge|FakeOut,GrassyGlide,Uturn,WoodHammer|||F|||50|,,,,,Fire\n|\n|t:|1745961304\n|start\n|switch|p1a: Miraidon|Miraidon, L50|100/100\n|switch|p1b: Chien-Pao|Chien-Pao, L50|100/100\n|switch|p2a: Lunala|Lunala, L50|100/100\n|switch|p2b: Incineroar|Incineroar, L50, M|100/100\n|-fieldstart|move: Electric Terrain|[from] ability: Hadron Engine|[of] p1a: Miraidon\n|-ability|p1b: Chien-Pao|Sword of Ruin\n|-ability|p2b: Incineroar|Intimidate|boost\n|-unboost|p1a: Miraidon|atk|1\n|-unboost|p1b: Chien-Pao|atk|1\n|turn|1\n|\n|t:|1745961347\n|move|p1a: Miraidon|Protect|p1a: Miraidon\n|-singleturn|p1a: Miraidon|Protect\n|move|p1b: Chien-Pao|Protect|p1b: Chien-Pao\n|-singleturn|p1b: Chien-Pao|Protect\n|move|p2b: Incineroar|Fake Out|p1a: Miraidon\n|-activate|p1a: Miraidon|move: Protect\n|move|p2a: Lunala|Trick Room|p2a: Lunala\n|-fieldstart|move: Trick Room|[of] p2a: Lunala\n|\n|upkeep\n|turn|2\n|\n|t:|1745961382\n|-terastallize|p2a: Lunala|Fairy\n|move|p1b: Chien-Pao|Sucker Punch|p2a: Lunala\n|-resisted|p2a: Lunala\n|-crit|p2a: Lunala\n|-damage|p2a: Lunala|79/100\n|-damage|p1b: Chien-Pao|91/100|[from] item: Life Orb\n|move|p2b: Incineroar|Parting Shot|p1a: Miraidon\n|-unboost|p1a: Miraidon|atk|1\n|-unboost|p1a: Miraidon|spa|1\n|\n|t:|1745961392\n|switch|p2b: Groudon|Groudon, L50|100/100|[from] Parting Shot\n|-weather|SunnyDay|[from] ability: Drought|[of] p2b: Groudon\n|move|p2a: Lunala|Meteor Beam||[still]\n|-prepare|p2a: Lunala|Meteor Beam\n|-boost|p2a: Lunala|spa|1\n|-enditem|p2a: Lunala|Power Herb\n|-anim|p2a: Lunala|Meteor Beam|p1b: Chien-Pao\n|-supereffective|p1b: Chien-Pao\n|-damage|p1b: Chien-Pao|0 fnt\n|faint|p1b: Chien-Pao\n|move|p1a: Miraidon|Volt Switch|p2a: Lunala\n|-damage|p2a: Lunala|44/100\n|\n|t:|1745961411\n|switch|p1a: Incineroar|Incineroar, L50, F|100/100|[from] Volt Switch\n|-ability|p1a: Incineroar|Intimidate|boost\n|-unboost|p2a: Lunala|atk|1\n|-fail|p2b: Groudon|unboost|[from] item: Clear Amulet|[of] p2b: Groudon\n|\n|-weather|SunnyDay|[upkeep]\n|upkeep\n|\n|t:|1745961420\n|switch|p1b: Iron Hands|Iron Hands, L50|100/100\n|-activate|p1b: Iron Hands|ability: Quark Drive\n|-start|p1b: Iron Hands|quarkdriveatk\n|turn|3\n|\n|t:|1745961437\n|switch|p2a: Incineroar|Incineroar, L50, M|100/100\n|-ability|p2a: Incineroar|Intimidate|boost\n|-unboost|p1a: Incineroar|atk|1\n|-unboost|p1b: Iron Hands|atk|1\n|move|p2b: Groudon|Protect|p2b: Groudon\n|-singleturn|p2b: Groudon|Protect\n|move|p1a: Incineroar|Fake Out|p2b: Groudon\n|-activate|p2b: Groudon|move: Protect\n|move|p1b: Iron Hands|Wild Charge|p2a: Incineroar\n|-damage|p2a: Incineroar|46/100\n|-damage|p1b: Iron Hands|89/100|[from] Recoil\n|\n|-weather|SunnyDay|[upkeep]\n|upkeep\n|turn|4\n|\n|t:|1745961482\n|-terastallize|p1b: Iron Hands|Bug\n|move|p1b: Iron Hands|Drain Punch|p2a: Incineroar\n|-supereffective|p2a: Incineroar\n|-damage|p2a: Incineroar|0 fnt\n|-heal|p1b: Iron Hands|100/100|[from] drain|[of] p2a: Incineroar\n|faint|p2a: Incineroar\n|move|p1a: Incineroar|Knock Off|p2b: Groudon\n|-damage|p2b: Groudon|84/100\n|-enditem|p2b: Groudon|Clear Amulet|[from] move: Knock Off|[of] p1a: Incineroar\n|move|p2b: Groudon|Precipice Blades|p1b: Iron Hands|[spread] p1a,p1b\n|-supereffective|p1a: Incineroar\n|-resisted|p1b: Iron Hands\n|-damage|p1a: Incineroar|23/100\n|-damage|p1b: Iron Hands|81/100\n|\n|-weather|SunnyDay|[upkeep]\n|upkeep\n|\n|t:|1745961498\n|switch|p2a: Lunala|Lunala, L50, tera:Fairy|44/100\n|turn|5\n|\n|t:|1745961514\n|move|p1b: Iron Hands|Wild Charge|p2a: Lunala\n|-damage|p2a: Lunala|0 fnt\n|faint|p2a: Lunala\n|-damage|p1b: Iron Hands|70/100|[from] Recoil\n|move|p1a: Incineroar|Parting Shot|p2b: Groudon\n|-unboost|p2b: Groudon|atk|1\n|-unboost|p2b: Groudon|spa|1\n|\n|t:|1745961517\n|switch|p1a: Miraidon|Miraidon, L50|100/100|[from] Parting Shot\n|-activate|p1a: Miraidon|ability: Hadron Engine\n|move|p2b: Groudon|Precipice Blades|p1a: Miraidon|[spread] p1b\n|-miss|p2b: Groudon|p1a: Miraidon\n|-resisted|p1b: Iron Hands\n|-damage|p1b: Iron Hands|57/100\n|\n|-weather|SunnyDay|[upkeep]\n|-fieldend|move: Trick Room\n|-fieldend|move: Electric Terrain\n|-end|p1b: Iron Hands|Quark Drive\n|upkeep\n|\n|t:|1745961527\n|switch|p2a: Walking Wake|Walking Wake, L50|100/100\n|-activate|p2a: Walking Wake|ability: Protosynthesis\n|-start|p2a: Walking Wake|protosynthesisspe\n|turn|6\n|\n|t:|1745961549\n|switch|p1a: Incineroar|Incineroar, L50, F|23/100\n|-ability|p1a: Incineroar|Intimidate|boost\n|-unboost|p2a: Walking Wake|atk|1\n|-unboost|p2b: Groudon|atk|1\n|move|p2a: Walking Wake|Weather Ball|p1b: Iron Hands\n|-supereffective|p1b: Iron Hands\n|-damage|p1b: Iron Hands|0 fnt\n|faint|p1b: Iron Hands\n|-end|p1b: Iron Hands|Quark Drive|[silent]\n|-damage|p2a: Walking Wake|91/100|[from] item: Life Orb\n|move|p2b: Groudon|Precipice Blades|p1a: Incineroar\n|-supereffective|p1a: Incineroar\n|-damage|p1a: Incineroar|0 fnt\n|faint|p1a: Incineroar\n|\n|-weather|none\n|-end|p2a: Walking Wake|Protosynthesis\n|upkeep\n|\n|t:|1745961566\n|switch|p1b: Miraidon|Miraidon, L50|100/100\n|-fieldstart|move: Electric Terrain|[from] ability: Hadron Engine|[of] p1b: Miraidon\n|turn|7\n|\n|t:|1745961598\n|move|p1b: Miraidon|Electro Drift|p2a: Walking Wake\n|-damage|p2a: Walking Wake|0 fnt\n|faint|p2a: Walking Wake\n|-end|p2a: Walking Wake|Protosynthesis|[silent]\n|move|p2b: Groudon|Precipice Blades|p1b: Miraidon\n|-supereffective|p1b: Miraidon\n|-damage|p1b: Miraidon|32/100\n|\n|upkeep\n|turn|8\n|\n|t:|1745961620\n|move|p1b: Miraidon|Draco Meteor|p2b: Groudon\n|-damage|p2b: Groudon|5/100\n|-unboost|p1b: Miraidon|spa|2\n|move|p2b: Groudon|Stomping Tantrum|p1b: Miraidon\n|-supereffective|p1b: Miraidon\n|-damage|p1b: Miraidon|0 fnt\n|faint|p1b: Miraidon\n|\n|win|LunaSunChris\n|raw|Bigboyblue3451's rating: 1153 &rarr; <strong>1134</strong><br />(-19 for losing)\n|raw|LunaSunChris's rating: 1238 &rarr; <strong>1257</strong><br />(+19 for winning)\n|c|\u2606LunaSunChris|ggs\n|c|\u2606LunaSunChris|so close lol\n", "uploadtime": 1745961639, "views": 40, "formatid": "gen9vgc2025regibo3", "rating": 1134, "private": 0, "password": null}