{"id": "gen9vgc2025regibo3-2353998573", "format": "[Gen 9] VGC 2025 Reg I (Bo3)", "players": ["DrXJ13", "flippertv"], "log": "|j|\u2606DrXJ13\n|j|\u2606flippertv\n|html|<table width=\"100%\"><tr><td align=\"left\">DrXJ13</td><td align=\"right\">flippertv</tr><tr><td align=\"left\"><i class=\"fa fa-circle-o\"></i> <i class=\"fa fa-circle-o\"></i> </td><td align=\"right\"><i class=\"fa fa-circle-o\"></i> <i class=\"fa fa-circle-o\"></i> </tr></table>\n|uhtml|bestof|<h2><strong>Game 1</strong> of <a href=\"/game-bestof3-gen9vgc2025regibo3-2353998572\">a best-of-3</a></h2>\n|t:|1746026196\n|gametype|doubles\n|player|p1|DrXJ13|clair|1085\n|player|p2|flippertv|266|1106\n|teamsize|p1|6\n|teamsize|p2|6\n|gen|9\n|tier|[Gen 9] VGC 2025 Reg I (Bo3)\n|rated|\n|rule|Species Clause: Limit one of each Pok\u00e9mon\n|rule|Item Clause: Limit 1 of each item\n|clearpoke\n|poke|p1|Koraidon, L50|\n|poke|p1|Jumpluff, L50, M|\n|poke|p1|Porygon2, L50|\n|poke|p1|Ursaluna, L50, F|\n|poke|p1|Palkia, L50|\n|poke|p1|Incineroar, L50, F|\n|poke|p2|Lunala, L50|\n|poke|p2|Koraidon, L50|\n|poke|p2|Brute Bonnet, L50|\n|poke|p2|Chi-Yu, L50|\n|poke|p2|Comfey, L50, M|\n|poke|p2|Landorus-Therian, L50, M|\n|teampreview|4\n|showteam|p1|Koraidon||LifeOrb|OrichalcumPulse|FlameCharge,FlareBlitz,CloseCombat,Protect||||||50|,,,,,Fire]Jumpluff||CovertCloak|Chlorophyll|Tailwind,SleepPowder,SunnyDay,RagePowder|||M|||50|,,,,,Dark]Porygon2||Eviolite|Download|IceBeam,TeraBlast,TrickRoom,Recover||||||50|,,,,,Poison]Ursaluna||FlameOrb|Guts|Facade,HeadlongRush,Earthquake,Protect|||F|||50|,,,,,Ghost]Palkia||LustrousOrb|Telepathy|SpacialRend,Flamethrower,TrickRoom,Protect||||||50|,,,,,Fire]Incineroar||SafetyGoggles|Intimidate|FakeOut,FlareBlitz,KnockOff,PartingShot|||F|||50|,,,,,Ghost\n|showteam|p2|Lunala||PowerHerb|ShadowShield|MeteorBeam,Moonblast,MoongeistBeam,WideGuard||||||50|,,,,,Fairy]Koraidon||ClearAmulet|OrichalcumPulse|FlameCharge,FlareBlitz,Protect,CollisionCourse||||||50|,,,,,Fire]Brute Bonnet||BoosterEnergy|Protosynthesis|Spore,RagePowder,SeedBomb,SuckerPunch||||||50|,,,,,Bug]Chi-Yu||ChoiceScarf|BeadsofRuin|TeraBlast,Snarl,HeatWave,DarkPulse||||||50|,,,,,Ground]Comfey||RockyHelmet|Triage|GigaDrain,FloralHealing,Protect,Tailwind|||M|||50|,,,,,Steel]Landorus-Therian||AssaultVest|Intimidate|RockSlide,StompingTantrum,BrickBreak,TeraBlast|||M|||50|,,,,,Flying\n|inactive|Battle timer is ON: inactive players will automatically lose when time's up. (requested by DrXJ13)\n|inactive|DrXJ13 has 60 seconds left.\n|inactive|flippertv has 60 seconds left.\n|inactive|flippertv has 30 seconds left.\n|\n|t:|1746026263\n|start\n|switch|p1a: Koraidon|Koraidon, L50|100/100\n|switch|p1b: Jalape\u00f1o|Jumpluff, L50, M|100/100\n|switch|p2a: Landorus|Landorus-Therian, L50, M|100/100\n|switch|p2b: Chi-Yu|Chi-Yu, L50|100/100\n|-ability|p2b: Chi-Yu|Beads of Ruin\n|-weather|SunnyDay|[from] ability: Orichalcum Pulse|[of] p1a: Koraidon\n|-activate|p1a: Koraidon|Orichalcum Pulse|[source]\n|-ability|p2a: Landorus|Intimidate|boost\n|-unboost|p1a: Koraidon|atk|1\n|-unboost|p1b: Jalape\u00f1o|atk|1\n|turn|1\n|inactive|flippertv has 30 seconds left.\n|\n|t:|1746026290\n|switch|p1a: Chorizo|Incineroar, L50, F|100/100\n|-ability|p1a: Chorizo|Intimidate|boost\n|-unboost|p2a: Landorus|atk|1\n|-unboost|p2b: Chi-Yu|atk|1\n|-terastallize|p2b: Chi-Yu|Ground\n|move|p1b: Jalape\u00f1o|Sleep Powder|p2b: Chi-Yu\n|-status|p2b: Chi-Yu|slp|[from] move: Sleep Powder\n|cant|p2b: Chi-Yu|slp\n|move|p2a: Landorus|Rock Slide|p1b: Jalape\u00f1o|[spread] p1a,p1b\n|-supereffective|p1a: Chorizo\n|-supereffective|p1b: Jalape\u00f1o\n|-damage|p1a: Chorizo|77/100\n|-damage|p1b: Jalape\u00f1o|60/100\n|\n|-weather|SunnyDay|[upkeep]\n|upkeep\n|turn|2\n|\n|t:|1746026313\n|move|p1b: Jalape\u00f1o|Sleep Powder|p2a: Landorus|[miss]\n|-miss|p1b: Jalape\u00f1o|p2a: Landorus\n|-curestatus|p2b: Chi-Yu|slp|[msg]\n|move|p2b: Chi-Yu|Heat Wave|p1b: Jalape\u00f1o|[spread] p1a,p1b\n|-resisted|p1a: Chorizo\n|-supereffective|p1b: Jalape\u00f1o\n|-damage|p1a: Chorizo|48/100\n|-damage|p1b: Jalape\u00f1o|0 fnt\n|faint|p1b: Jalape\u00f1o\n|move|p2a: Landorus|Rock Slide|p1a: Chorizo\n|-supereffective|p1a: Chorizo\n|-damage|p1a: Chorizo|13/100\n|move|p1a: Chorizo|Parting Shot|p2a: Landorus\n|-unboost|p2a: Landorus|atk|1\n|-unboost|p2a: Landorus|spa|1\n|\n|t:|1746026321\n|switch|p1a: Koraidon|Koraidon, L50|100/100|[from] Parting Shot\n|-activate|p1a: Koraidon|ability: Orichalcum Pulse\n|\n|-weather|SunnyDay|[upkeep]\n|upkeep\n|\n|t:|1746026327\n|switch|p1b: Palkia|Palkia, L50|100/100\n|turn|3\n|inactive|DrXJ13 has 30 seconds left.\n|inactive|flippertv has 30 seconds left.\n|\n|t:|1746026358\n|switch|p2b: Lunala|Lunala, L50|100/100\n|move|p1a: Koraidon|Flare Blitz|p2b: Lunala\n|-damage|p2b: Lunala|56/100\n|-status|p2b: Lunala|brn\n|-damage|p1a: Koraidon|80/100|[from] Recoil\n|-damage|p1a: Koraidon|70/100|[from] item: Life Orb\n|move|p1b: Palkia|Flamethrower|p2b: Lunala\n|-damage|p2b: Lunala|18/100 brn\n|move|p2a: Landorus|Rock Slide|p1a: Koraidon|[spread] p1a,p1b\n|-resisted|p1a: Koraidon\n|-damage|p1a: Koraidon|65/100\n|-damage|p1b: Palkia|91/100\n|\n|-weather|SunnyDay|[upkeep]\n|-damage|p2b: Lunala|12/100 brn|[from] brn\n|upkeep\n|turn|4\n|inactive|flippertv has 30 seconds left.\n|\n|t:|1746026390\n|switch|p2a: Koraidon|Koraidon, L50|100/100\n|-activate|p2a: Koraidon|ability: Orichalcum Pulse\n|-terastallize|p1a: Koraidon|Fire\n|move|p1a: Koraidon|Flame Charge|p2b: Lunala\n|-damage|p2b: Lunala|0 fnt\n|-boost|p1a: Koraidon|spe|1\n|faint|p2b: Lunala\n|-damage|p1a: Koraidon|55/100|[from] item: Life Orb\n|move|p1b: Palkia|Flamethrower|p2a: Koraidon\n|-resisted|p2a: Koraidon\n|-damage|p2a: Koraidon|72/100\n|\n|-weather|SunnyDay|[upkeep]\n|upkeep\n|\n|t:|1746026408\n|switch|p2b: Chi-Yu|Chi-Yu, L50, tera:Ground|100/100\n|-ability|p2b: Chi-Yu|Beads of Ruin\n|turn|5\n|inactive|DrXJ13 has 30 seconds left.\n|\n|t:|1746026433\n|move|p1a: Koraidon|Flare Blitz|p2b: Chi-Yu\n|-damage|p2b: Chi-Yu|0 fnt\n|faint|p2b: Chi-Yu\n|-damage|p1a: Koraidon|31/100|[from] Recoil\n|-damage|p1a: Koraidon|21/100|[from] item: Life Orb\n|move|p2a: Koraidon|Collision Course|p1b: Palkia\n|-damage|p1b: Palkia|36/100\n|move|p1b: Palkia|Spacial Rend|p2a: Koraidon\n|-supereffective|p2a: Koraidon\n|-damage|p2a: Koraidon|0 fnt\n|faint|p2a: Koraidon\n|\n|-weather|none\n|upkeep\n|\n|t:|1746026451\n|switch|p2a: Landorus|Landorus-Therian, L50, M|100/100\n|-ability|p2a: Landorus|Intimidate|boost\n|-unboost|p1a: Koraidon|atk|1\n|-unboost|p1b: Palkia|atk|1\n|turn|6\n|\n|t:|1746026459\n|move|p1a: Koraidon|Flare Blitz|p2a: Landorus\n|-damage|p2a: Landorus|36/100\n|-damage|p1a: Koraidon|0 fnt|[from] Recoil\n|faint|p1a: Koraidon\n|move|p1b: Palkia|Spacial Rend|p2a: Landorus\n|-damage|p2a: Landorus|0 fnt\n|faint|p2a: Landorus\n|\n|win|DrXJ13\n||DrXJ13 is ready for game 2.\n|inactive|flippertv has 30 seconds to confirm battle start!\n|inactive|flippertv has 20 seconds to confirm battle start!\n||flippertv is ready for game 2.\n|uhtml|next|Next: <a href=\"/battle-gen9vgc2025regibo3-2354001820\"><strong>Game 2 of 3</strong></a>\n|l|\u2606DrXJ13\n|player|p1|\n", "uploadtime": 1746026790, "views": 7, "formatid": "gen9vgc2025regibo3", "rating": null, "private": 0, "password": null}