{"id": "gen9vgc2025regibo3-2354370112", "format": "[Gen 9] VGC 2025 Reg I (Bo3)", "players": ["KLOEEE", "Lord_of_Ewoks"], "log": "|j|\u2606KLOEEE\n|j|\u2606Lord_of_Ewoks\n|html|<table width=\"100%\"><tr><td align=\"left\">KLOEEE</td><td align=\"right\">Lord_of_Ewoks</tr><tr><td align=\"left\"><i class=\"fa fa-circle-o\"></i> <i class=\"fa fa-circle-o\"></i> </td><td align=\"right\"><i class=\"fa fa-circle-o\"></i> <i class=\"fa fa-circle\"></i> </tr></table>\n|uhtml|bestof|<h2><strong>Game 2</strong> of <a href=\"/game-bestof3-gen9vgc2025regibo3-2354368557\">a best-of-3</a></h2>\n|t:|1746062991\n|gametype|doubles\n|player|p1|KLOEEE|caitlin-masters|1150\n|player|p2|Lord_of_Ewoks|101|1156\n|teamsize|p1|6\n|teamsize|p2|6\n|gen|9\n|tier|[Gen 9] VGC 2025 Reg I (Bo3)\n|rated|\n|rule|Species Clause: Limit one of each Pok\u00e9mon\n|rule|Item Clause: Limit 1 of each item\n|clearpoke\n|poke|p1|Miraidon, L50|\n|poke|p1|Zamazenta-*, L50|\n|poke|p1|Grimmsnarl, L50, M|\n|poke|p1|Smeargle, L50, F|\n|poke|p1|Iron Hands, L50|\n|poke|p1|Ditto, L50|\n|poke|p2|Chien-Pao, L50|\n|poke|p2|Kyogre, L50|\n|poke|p2|Zamazenta-*, L50|\n|poke|p2|Tornadus, L50, M|\n|poke|p2|Incineroar, L50, F|\n|poke|p2|Rillaboom, L50, F|\n|teampreview|4\n|showteam|p1|Miraidon||ChoiceSpecs|HadronEngine|ElectroDrift,DracoMeteor,VoltSwitch,DazzlingGleam||||||50|,,,,,Fairy]Zamazenta-Crowned||RustedShield|DauntlessShield|BodyPress,HeavySlam,WideGuard,Protect||||||50|,,,,,Dragon]Grimmsnarl||LightClay|Prankster|Reflect,LightScreen,FoulPlay,ThunderWave|||M|||50|,,,,,Ghost]Smeargle||ChoiceScarf|OwnTempo|Decorate,Transform,DestinyBond,Spore|||F|||50|,,,,,Ghost]Iron Hands||AssaultVest|QuarkDrive|DrainPunch,VoltSwitch,WildCharge,FakeOut||||||50|,,,,,Water]Ditto||FocusSash|Imposter|Transform||||||50|,,,,,Dark\n|showteam|p2|Chien-Pao||FocusSash|SwordofRuin|IcicleCrash,SuckerPunch,ThroatChop,Protect||||||50|,,,,,Ghost]Kyogre||MysticWater|Drizzle|WaterSpout,OriginPulse,IceBeam,Protect||||||50|,,,,,Grass]Zamazenta-Crowned||RustedShield|DauntlessShield|BodyPress,HeavySlam,WideGuard,Protect||||||50|,,,,,Dragon]Tornadus||CovertCloak|Prankster|BleakwindStorm,Taunt,RainDance,Tailwind|||M|||50|,,,,,Dark]Incineroar||SafetyGoggles|Intimidate|FakeOut,WillOWisp,KnockOff,PartingShot|||F|||50|,,,,,Water]Rillaboom||AssaultVest|GrassySurge|GrassyGlide,WoodHammer,Uturn,FakeOut|||F|||50|,,,,,Fire\n|inactive|Battle timer is ON: inactive players will automatically lose when time's up. (requested by Lord_of_Ewoks)\n|\n|t:|1746063011\n|start\n|switch|p1a: Miraidon|Miraidon, L50|100/100\n|switch|p1b: Grimmsnarl|Grimmsnarl, L50, M, shiny|100/100\n|switch|p2a: Kyogre|Kyogre, L50|100/100\n|switch|p2b: Tornadus|Tornadus, L50, M|100/100\n|-fieldstart|move: Electric Terrain|[from] ability: Hadron Engine|[of] p1a: Miraidon\n|-weather|RainDance|[from] ability: Drizzle|[of] p2a: Kyogre\n|turn|1\n|inactive|KLOEEE has 30 seconds left.\n|\n|t:|1746063045\n|switch|p2b: Rillaboom|Rillaboom, L50, F|100/100\n|-fieldstart|move: Grassy Terrain|[from] ability: Grassy Surge|[of] p2b: Rillaboom\n|move|p2a: Kyogre|Protect|p2a: Kyogre\n|-singleturn|p2a: Kyogre|Protect\n|move|p1b: Grimmsnarl|Light Screen|p1b: Grimmsnarl\n|-sidestart|p1: KLOEEE|move: Light Screen\n|move|p1a: Miraidon|Dazzling Gleam|p2a: Kyogre|[spread] p2b\n|-activate|p2a: Kyogre|move: Protect\n|-damage|p2b: Rillaboom|77/100\n|\n|-weather|RainDance|[upkeep]\n|-heal|p2b: Rillaboom|83/100|[from] Grassy Terrain\n|upkeep\n|turn|2\n|inactive|KLOEEE has 30 seconds left.\n|\n|t:|1746063075\n|switch|p1a: Ditto|Ditto, L50, shiny|100/100\n|-transform|p1a: Ditto|p2b: Rillaboom|[from] ability: Imposter\n|move|p2b: Rillaboom|Fake Out|p1b: Grimmsnarl\n|-damage|p1b: Grimmsnarl|89/100\n|cant|p1b: Grimmsnarl|flinch\n|move|p2a: Kyogre|Ice Beam|p1a: Ditto\n|-supereffective|p1a: Ditto\n|-damage|p1a: Ditto|42/100\n|\n|-weather|RainDance|[upkeep]\n|-heal|p2b: Rillaboom|89/100|[from] Grassy Terrain\n|-heal|p1a: Ditto|48/100|[from] Grassy Terrain\n|-heal|p1b: Grimmsnarl|95/100|[from] Grassy Terrain\n|upkeep\n|turn|3\n|\n|t:|1746063097\n|switch|p2b: Incineroar|Incineroar, L50, F|100/100\n|-ability|p2b: Incineroar|Intimidate|boost\n|-unboost|p1a: Ditto|atk|1\n|-unboost|p1b: Grimmsnarl|atk|1\n|move|p2a: Kyogre|Protect|p2a: Kyogre\n|-singleturn|p2a: Kyogre|Protect\n|move|p1a: Ditto|Grassy Glide|p2a: Kyogre\n|-activate|p2a: Kyogre|move: Protect\n|move|p1b: Grimmsnarl|Reflect|p1b: Grimmsnarl\n|-sidestart|p1: KLOEEE|Reflect\n|\n|-weather|RainDance|[upkeep]\n|-heal|p1a: Ditto|53/100|[from] Grassy Terrain\n|-heal|p1b: Grimmsnarl|100/100|[from] Grassy Terrain\n|upkeep\n|turn|4\n|\n|t:|1746063121\n|move|p2b: Incineroar|Fake Out|p1a: Ditto\n|-damage|p1a: Ditto|45/100\n|move|p1b: Grimmsnarl|Thunder Wave|p2a: Kyogre|[miss]\n|-miss|p1b: Grimmsnarl|p2a: Kyogre\n|move|p2a: Kyogre|Water Spout|p1a: Ditto|[spread] p1a,p1b\n|-resisted|p1a: Ditto\n|-damage|p1a: Ditto|0 fnt\n|-damage|p1b: Grimmsnarl|23/100\n|faint|p1a: Ditto\n|\n|-weather|RainDance|[upkeep]\n|-heal|p1b: Grimmsnarl|29/100|[from] Grassy Terrain\n|upkeep\n|\n|t:|1746063130\n|switch|p1a: Miraidon|Miraidon, L50|100/100\n|-fieldstart|move: Electric Terrain|[from] ability: Hadron Engine|[of] p1a: Miraidon\n|turn|5\n|\n|t:|1746063140\n|move|p2a: Kyogre|Protect|p2a: Kyogre\n|-singleturn|p2a: Kyogre|Protect\n|move|p1b: Grimmsnarl|Thunder Wave|p2a: Kyogre\n|-activate|p2a: Kyogre|move: Protect\n|move|p1a: Miraidon|Electro Drift|p2b: Incineroar\n|-damage|p2b: Incineroar|0 fnt\n|faint|p2b: Incineroar\n|\n|-weather|none\n|upkeep\n|\n|t:|1746063149\n|switch|p2b: Rillaboom|Rillaboom, L50, F|89/100\n|-fieldstart|move: Grassy Terrain|[from] ability: Grassy Surge|[of] p2b: Rillaboom\n|turn|6\n|\n|t:|1746063162\n|-terastallize|p2a: Kyogre|Grass\n|move|p2b: Rillaboom|Fake Out|p1b: Grimmsnarl\n|-damage|p1b: Grimmsnarl|21/100\n|cant|p1b: Grimmsnarl|flinch\n|move|p1a: Miraidon|Electro Drift|p2a: Kyogre\n|-resisted|p2a: Kyogre\n|-damage|p2a: Kyogre|70/100\n|move|p2a: Kyogre|Ice Beam|p1a: Miraidon\n|-supereffective|p1a: Miraidon\n|-damage|p1a: Miraidon|55/100\n|\n|-heal|p1a: Miraidon|61/100|[from] Grassy Terrain\n|-heal|p2a: Kyogre|76/100|[from] Grassy Terrain\n|-heal|p2b: Rillaboom|95/100|[from] Grassy Terrain\n|-heal|p1b: Grimmsnarl|27/100|[from] Grassy Terrain\n|upkeep\n|turn|7\n|\n|t:|1746063180\n|switch|p1a: Zamazenta|Zamazenta-Crowned, L50|100/100\n|-ability|p1a: Zamazenta|Dauntless Shield|boost\n|-boost|p1a: Zamazenta|def|1\n|move|p2a: Kyogre|Protect|p2a: Kyogre\n|-singleturn|p2a: Kyogre|Protect\n|move|p1b: Grimmsnarl|Thunder Wave|p2a: Kyogre\n|-activate|p2a: Kyogre|move: Protect\n|move|p2b: Rillaboom|Wood Hammer|p1b: Grimmsnarl\n|-damage|p1b: Grimmsnarl|0 fnt\n|faint|p1b: Grimmsnarl\n|-damage|p2b: Rillaboom|86/100|[from] Recoil\n|\n|-heal|p2a: Kyogre|82/100|[from] Grassy Terrain\n|-heal|p2b: Rillaboom|93/100|[from] Grassy Terrain\n|upkeep\n|\n|t:|1746063186\n|switch|p1b: Miraidon|Miraidon, L50|61/100\n|-fieldstart|move: Electric Terrain|[from] ability: Hadron Engine|[of] p1b: Miraidon\n|turn|8\n|\n|t:|1746063204\n|switch|p2b: Tornadus|Tornadus, L50, M|100/100\n|-terastallize|p1b: Miraidon|Fairy\n|move|p1b: Miraidon|Dazzling Gleam|p2a: Kyogre|[spread] p2a,p2b\n|-damage|p2a: Kyogre|33/100\n|-damage|p2b: Tornadus|18/100\n|move|p1a: Zamazenta|Body Press|p2a: Kyogre\n|-damage|p2a: Kyogre|0 fnt\n|faint|p2a: Kyogre\n|\n|-sideend|p1: KLOEEE|move: Light Screen\n|upkeep\n|\n|t:|1746063213\n|switch|p2a: Rillaboom|Rillaboom, L50, F|93/100\n|-fieldstart|move: Grassy Terrain|[from] ability: Grassy Surge|[of] p2a: Rillaboom\n|turn|9\n|\n|t:|1746063223\n|move|p2a: Rillaboom|Fake Out|p1b: Miraidon\n|-damage|p1b: Miraidon|53/100\n|move|p2b: Tornadus|Tailwind|p2b: Tornadus\n|-sidestart|p2: Lord_of_Ewoks|move: Tailwind\n|cant|p1b: Miraidon|flinch\n|move|p1a: Zamazenta|Body Press|p2a: Rillaboom\n|-damage|p2a: Rillaboom|28/100\n|\n|-heal|p2a: Rillaboom|34/100|[from] Grassy Terrain\n|-heal|p1b: Miraidon|59/100|[from] Grassy Terrain\n|upkeep\n|turn|10\n|\n|t:|1746063241\n|move|p1a: Zamazenta|Protect|p1a: Zamazenta\n|-singleturn|p1a: Zamazenta|Protect\n|move|p2b: Tornadus|Bleakwind Storm|p1a: Zamazenta|[spread] \n|-activate|p1a: Zamazenta|move: Protect\n|-miss|p2b: Tornadus|p1b: Miraidon\n|move|p2a: Rillaboom|Wood Hammer|p1b: Miraidon\n|-damage|p1b: Miraidon|12/100\n|-damage|p2a: Rillaboom|20/100|[from] Recoil\n|move|p1b: Miraidon|Dazzling Gleam|p2a: Rillaboom|[spread] p2a,p2b\n|-damage|p2a: Rillaboom|0 fnt\n|-damage|p2b: Tornadus|0 fnt\n|faint|p2a: Rillaboom\n|faint|p2b: Tornadus\n|\n|win|KLOEEE\n|inactive|KLOEEE has 30 seconds to confirm battle start!\n|inactive|Lord_of_Ewoks has 30 seconds to confirm battle start!\n||Lord_of_Ewoks is ready for game 3.\n", "uploadtime": 1746063257, "views": 7, "formatid": "gen9vgc2025regibo3", "rating": null, "private": 0, "password": null}