{"id": "gen9vgc2025regibo3-2354319543", "format": "[Gen 9] VGC 2025 Reg I (Bo3)", "players": ["latios66", "rafe_model_k"], "log": "|j|\u2606latios66\n|j|\u2606rafe_model_k\n|html|<table width=\"100%\"><tr><td align=\"left\">latios66</td><td align=\"right\">rafe_model_k</tr><tr><td align=\"left\"><i class=\"fa fa-circle-o\"></i> <i class=\"fa fa-circle-o\"></i> </td><td align=\"right\"><i class=\"fa fa-circle-o\"></i> <i class=\"fa fa-circle\"></i> </tr></table>\n|uhtml|bestof|<h2><strong>Game 2</strong> of <a href=\"/game-bestof3-gen9vgc2025regibo3-2354317728\">a best-of-3</a></h2>\n|t:|1746056873\n|gametype|doubles\n|player|p1|latios66|170|1216\n|player|p2|rafe_model_k|1|1178\n|teamsize|p1|6\n|teamsize|p2|6\n|gen|9\n|tier|[Gen 9] VGC 2025 Reg I (Bo3)\n|rated|\n|rule|Species Clause: Limit one of each Pok\u00e9mon\n|rule|Item Clause: Limit 1 of each item\n|clearpoke\n|poke|p1|Miraidon, L50|\n|poke|p1|Chi-Yu, L50|\n|poke|p1|Dondozo, L50, F|\n|poke|p1|Tatsugiri, L50, F|\n|poke|p1|Dragonite, L50, F|\n|poke|p1|Calyrex-Shadow, L50|\n|poke|p2|Gouging Fire, L50|\n|poke|p2|Koraidon, L50|\n|poke|p2|Flutter Mane, L50|\n|poke|p2|Farigiraf, L50, F|\n|poke|p2|Rillaboom, L50, F|\n|poke|p2|Zamazenta-*, L50|\n|teampreview|4\n|showteam|p1|Miraidon||AssaultVest|HadronEngine|VoltSwitch,ElectroDrift,DazzlingGleam,DracoMeteor||||||50|,,,,,Fairy]Chi-Yu||FocusSash|BeadsofRuin|HeatWave,Overheat,Snarl,Protect||||||50|,,,,,Ghost]Dondozo||Leftovers|Unaware|Earthquake,WaveCrash,OrderUp,Protect|||F|||50|,,,,,Grass]Tatsugiri||ChoiceScarf|Commander|MuddyWater,IcyWind,Soak,DracoMeteor|||F|||50|,,,,,Stellar]Dragonite||ChoiceBand|InnerFocus|ExtremeSpeed,IronHead,Outrage,AerialAce|||F|||50|,,,,,Normal]Calyrex-Shadow||LifeOrb|AsOneSpectrier|Protect,PollenPuff,AstralBarrage,Psychic||||||50|,,,,,Dark\n|showteam|p2|Gouging Fire||ChoiceBand|Protosynthesis|BreakingSwipe,Crunch,TeraBlast,FlareBlitz||||||50|,,,,,Fairy]Koraidon||ClearAmulet|OrichalcumPulse|CollisionCourse,FlameCharge,FlareBlitz,Protect||||||50|,,,,,Fire]Flutter Mane||FocusSash|Protosynthesis|IcyWind,Moonblast,Taunt,Protect||||||50|,,,,,Fairy]Farigiraf||GrassySeed|ArmorTail|Imprison,TrickRoom,HelpingHand,FoulPlay|||F|||50|,,,,,Water]Rillaboom||AssaultVest|GrassySurge|GrassyGlide,WoodHammer,Uturn,FakeOut|||F|||50|,,,,,Fire]Zamazenta-Crowned||RustedShield|DauntlessShield|WideGuard,HeavySlam,BodyPress,Protect||||||50|,,,,,Dragon\n|inactive|Battle timer is ON: inactive players will automatically lose when time's up. (requested by rafe_model_k)\n|inactive|latios66 has 60 seconds left.\n|inactive|rafe_model_k has 60 seconds left.\n|inactive|rafe_model_k has 30 seconds left.\n|inactive|rafe_model_k has 20 seconds left.\n|inactive|rafe_model_k has 15 seconds left.\n|inactive|rafe_model_k has 10 seconds left.\n|inactive|rafe_model_k has 5 seconds left.\n|\n|t:|1746056963\n|start\n|switch|p1a: Tatsugiri|Tatsugiri, L50, F|100/100\n|switch|p1b: Miraidon|Miraidon, L50|100/100\n|switch|p2a: Rillaboom|Rillaboom, L50, F|100/100\n|switch|p2b: Gouging Fire|Gouging Fire, L50|100/100\n|-fieldstart|move: Electric Terrain|[from] ability: Hadron Engine|[of] p1b: Miraidon\n|-fieldstart|move: Grassy Terrain|[from] ability: Grassy Surge|[of] p2a: Rillaboom\n|turn|1\n|\n|t:|1746056986\n|switch|p1a: Calyrex|Calyrex-Shadow, L50|100/100\n|-ability|p1a: Calyrex|As One\n|-ability|p1a: Calyrex|Unnerve\n|-terastallize|p1b: Miraidon|Fairy\n|move|p2a: Rillaboom|Fake Out|p1b: Miraidon\n|-damage|p1b: Miraidon|87/100\n|cant|p1b: Miraidon|flinch\n|move|p2b: Gouging Fire|Breaking Swipe|p1a: Calyrex|[spread] p1a\n|-immune|p1b: Miraidon\n|-damage|p1a: Calyrex|63/100\n|-unboost|p1a: Calyrex|atk|1\n|\n|-heal|p1a: Calyrex|68/100|[from] Grassy Terrain\n|-heal|p1b: Miraidon|93/100|[from] Grassy Terrain\n|upkeep\n|turn|2\n|inactive|rafe_model_k has 30 seconds left.\n|inactive|rafe_model_k has 20 seconds left.\n|inactive|rafe_model_k has 15 seconds left.\n|\n|t:|1746057029\n|-end|p2b: Gouging Fire|Protosynthesis|[silent]\n|switch|p2b: Zamazenta|Zamazenta-Crowned, L50|100/100\n|-ability|p2b: Zamazenta|Dauntless Shield|boost\n|-boost|p2b: Zamazenta|def|1\n|move|p1a: Calyrex|Protect|p1a: Calyrex\n|-singleturn|p1a: Calyrex|Protect\n|move|p1b: Miraidon|Volt Switch|p2b: Zamazenta\n|-damage|p2b: Zamazenta|75/100\n|\n|t:|1746057046\n|switch|p1b: Tatsugiri|Tatsugiri, L50, F|100/100|[from] Volt Switch\n|move|p2a: Rillaboom|Wood Hammer|p1a: Calyrex\n|-activate|p1a: Calyrex|move: Protect\n|\n|-heal|p1a: Calyrex|74/100|[from] Grassy Terrain\n|-heal|p2b: Zamazenta|81/100|[from] Grassy Terrain\n|upkeep\n|turn|3\n|l|\u2606rafe_model_k\n|inactive|rafe_model_k disconnected and has a minute to reconnect!\n|player|p2|\n|j|\u2606rafe_model_k\n|inactive|rafe_model_k reconnected and has 40 seconds left.\n|player|p2|rafe_model_k|1|\n|inactive|rafe_model_k has 30 seconds left.\n|inactive|rafe_model_k has 20 seconds left.\n|inactive|rafe_model_k has 15 seconds left.\n|inactive|rafe_model_k has 10 seconds left.\n|\n|t:|1746057093\n|move|p1a: Calyrex|Pollen Puff|p2a: Rillaboom\n|-supereffective|p2a: Rillaboom\n|-damage|p2a: Rillaboom|30/100\n|-damage|p1a: Calyrex|64/100|[from] item: Life Orb\n|move|p1b: Tatsugiri|Soak|p2b: Zamazenta\n|-start|p2b: Zamazenta|typechange|Water\n|move|p2b: Zamazenta|Body Press|p1a: Calyrex\n|-immune|p1a: Calyrex\n|move|p2a: Rillaboom|Wood Hammer|p1a: Calyrex\n|-damage|p1a: Calyrex|0 fnt\n|faint|p1a: Calyrex\n|-damage|p2a: Rillaboom|12/100|[from] Recoil\n|\n|-heal|p2b: Zamazenta|87/100|[from] Grassy Terrain\n|-heal|p2a: Rillaboom|18/100|[from] Grassy Terrain\n|upkeep\n|\n|t:|1746057110\n|switch|p1a: Miraidon|Miraidon, L50, tera:Fairy|93/100\n|-fieldstart|move: Electric Terrain|[from] ability: Hadron Engine|[of] p1a: Miraidon\n|turn|4\n|\n|t:|1746057129\n|switch|p2a: Gouging Fire|Gouging Fire, L50|100/100\n|move|p2b: Zamazenta|Protect|p2b: Zamazenta\n|-singleturn|p2b: Zamazenta|Protect\n|move|p1b: Tatsugiri|Soak|p2a: Gouging Fire\n|-start|p2a: Gouging Fire|typechange|Water\n|move|p1a: Miraidon|Electro Drift|p2a: Gouging Fire\n|-supereffective|p2a: Gouging Fire\n|-damage|p2a: Gouging Fire|0 fnt\n|faint|p2a: Gouging Fire\n|-end|p2a: Gouging Fire|Protosynthesis|[silent]\n|\n|upkeep\n|\n|t:|1746057151\n|switch|p2a: Koraidon|Koraidon, L50|100/100\n|-weather|SunnyDay|[from] ability: Orichalcum Pulse|[of] p2a: Koraidon\n|-activate|p2a: Koraidon|Orichalcum Pulse|[source]\n|turn|5\n|inactive|latios66 has 30 seconds left.\n|inactive|rafe_model_k has 30 seconds left.\n|\n|t:|1746057185\n|-terastallize|p2b: Zamazenta|Dragon\n|move|p1b: Tatsugiri|Soak|p2a: Koraidon\n|-start|p2a: Koraidon|typechange|Water\n|move|p2a: Koraidon|Flare Blitz|p1a: Miraidon\n|-damage|p1a: Miraidon|15/100\n|-damage|p2a: Koraidon|73/100|[from] Recoil\n|move|p1a: Miraidon|Volt Switch|p2a: Koraidon\n|-supereffective|p2a: Koraidon\n|-damage|p2a: Koraidon|0 fnt\n|faint|p2a: Koraidon\n|\n|t:|1746057198\n|switch|p1a: Dondozo|Dondozo, L50, F|100/100|[from] Volt Switch\n|-activate|p1b: Tatsugiri|ability: Commander|[of] p1a: Dondozo\n|-boost|p1a: Dondozo|atk|2\n|-boost|p1a: Dondozo|spa|2\n|-boost|p1a: Dondozo|spe|2\n|-boost|p1a: Dondozo|def|2\n|-boost|p1a: Dondozo|spd|2\n|move|p2b: Zamazenta|Body Press|p1b: Tatsugiri|[miss]\n|-miss|p2b: Zamazenta|p1b: Tatsugiri\n|\n|-weather|SunnyDay|[upkeep]\n|upkeep\n|\n|t:|1746057201\n|switch|p2a: Rillaboom|Rillaboom, L50, F|18/100\n|-fieldstart|move: Grassy Terrain|[from] ability: Grassy Surge|[of] p2a: Rillaboom\n|turn|6\n|\n|t:|1746057212\n|move|p1a: Dondozo|Protect|p1a: Dondozo\n|-singleturn|p1a: Dondozo|Protect\n|move|p2a: Rillaboom|Fake Out|p1a: Dondozo\n|-activate|p1a: Dondozo|move: Protect\n|move|p2b: Zamazenta|Body Press|p1a: Dondozo\n|-activate|p1a: Dondozo|move: Protect\n|\n|-weather|SunnyDay|[upkeep]\n|-heal|p2b: Zamazenta|93/100|[from] Grassy Terrain\n|-heal|p2a: Rillaboom|24/100|[from] Grassy Terrain\n|upkeep\n|turn|7\n|\n|t:|1746057223\n|move|p2b: Zamazenta|Body Press|p1a: Dondozo\n|-damage|p1a: Dondozo|90/100\n|move|p1a: Dondozo|Order Up|p2a: Rillaboom\n|-damage|p2a: Rillaboom|0 fnt\n|faint|p2a: Rillaboom\n|-boost|p1a: Dondozo|atk|1\n|\n|-weather|SunnyDay|[upkeep]\n|-heal|p2b: Zamazenta|99/100|[from] Grassy Terrain\n|-heal|p1a: Dondozo|97/100|[from] Grassy Terrain\n|-heal|p1a: Dondozo|100/100|[from] item: Leftovers\n|upkeep\n|turn|8\n|-message|rafe_model_k forfeited.\n|\n|win|latios66\n||rafe_model_k is ready for game 3.\n", "uploadtime": 1746057240, "views": 11, "formatid": "gen9vgc2025regibo3", "rating": null, "private": 0, "password": null}