{"id": "gen9vgc2025regibo3-2354736937", "format": "[Gen 9] VGC 2025 Reg I (Bo3)", "players": ["Big Willy J", "lokkont"], "log": "|j|\u2606Big Willy J\n|j|\u2606lokkont\n|html|<table width=\"100%\"><tr><td align=\"left\">Big Willy J</td><td align=\"right\">lokkont</tr><tr><td align=\"left\"><i class=\"fa fa-circle-o\"></i> <i class=\"fa fa-circle-o\"></i> </td><td align=\"right\"><i class=\"fa fa-circle-o\"></i> <i class=\"fa fa-circle-o\"></i> </tr></table>\n|uhtml|bestof|<h2><strong>Game 1</strong> of <a href=\"/game-bestof3-gen9vgc2025regibo3-2354736936\">a best-of-3</a></h2>\n|t:|1746115283\n|gametype|doubles\n|player|p1|Big Willy J|169|1323\n|player|p2|lokkont|101|1226\n|teamsize|p1|6\n|teamsize|p2|6\n|gen|9\n|tier|[Gen 9] VGC 2025 Reg I (Bo3)\n|rated|\n|rule|Species Clause: Limit one of each Pok\u00e9mon\n|rule|Item Clause: Limit 1 of each item\n|clearpoke\n|poke|p1|Miraidon, L50|\n|poke|p1|Calyrex-Ice, L50|\n|poke|p1|Iron Hands, L50|\n|poke|p1|Farigiraf, L50, F|\n|poke|p1|Ursaluna-Bloodmoon, L50, M|\n|poke|p1|Ogerpon, L50, F|\n|poke|p2|Calyrex-Shadow, L50|\n|poke|p2|Zamazenta-*, L50|\n|poke|p2|Urshifu-*, L50, M|\n|poke|p2|Rillaboom, L50, M|\n|poke|p2|Incineroar, L50, M|\n|poke|p2|Pelipper, L50, F|\n|teampreview|4\n|showteam|p1|Miraidon||ChoiceScarf|HadronEngine|ElectroDrift,VoltSwitch,DracoMeteor,Snarl||||||50|,,,,,Electric]Calyrex-Ice||ClearAmulet|AsOneGlastrier|GlacialLance,HighHorsepower,TrickRoom,Protect||||||50|,,,,,Fire]Iron Hands||AssaultVest|QuarkDrive|DrainPunch,LowKick,WildCharge,FakeOut||||||50|,,,,,Water]Farigiraf||ElectricSeed|ArmorTail|TrickRoom,Psychic,FoulPlay,HelpingHand|||F|||50|,,,,,Water]Ursaluna-Bloodmoon||LifeOrb|MindsEye|Protect,HyperVoice,EarthPower,BloodMoon|||M|||50|,,,,,Normal]Ogerpon||FocusSash|Defiant|SpikyShield,IvyCudgel,FollowMe,Taunt|||F|||50|,,,,,Grass\n|showteam|p2|Calyrex-Shadow||LifeOrb|AsOneSpectrier|Protect,AstralBarrage,Substitute,Psychic||||||50|,,,,,Dark]Zamazenta-Crowned||RustedShield|DauntlessShield|HeavySlam,BodyPress,Protect,WideGuard||||||50|,,,,,Dragon]Urshifu-Rapid-Strike||ChoiceScarf|UnseenFist|SurgingStrikes,CloseCombat,AquaJet,Uturn|||M|||50|,,,,,Ghost]Rillaboom||AssaultVest|GrassySurge|FakeOut,GrassyGlide,WoodHammer,Uturn|||M|||50|,,,,,Fire]Incineroar||SafetyGoggles|Intimidate|FakeOut,WillOWisp,KnockOff,PartingShot|||M|||50|,,,,,Bug]Pelipper||FocusSash|Drizzle|WeatherBall,Hurricane,Tailwind,Protect|||F|||50|,,,,,Ghost\n|inactive|Battle timer is ON: inactive players will automatically lose when time's up. (requested by Big Willy J)\n|inactive|Big Willy J has 60 seconds left.\n|\n|t:|1746115339\n|start\n|switch|p1a: Miraidon|Miraidon, L50|100/100\n|switch|p1b: Farigiraf|Farigiraf, L50, F|100/100\n|switch|p2a: Calyrex|Calyrex-Shadow, L50|100/100\n|switch|p2b: Zamazenta|Zamazenta-Crowned, L50|100/100\n|-ability|p2a: Calyrex|As One\n|-ability|p2a: Calyrex|Unnerve\n|-fieldstart|move: Electric Terrain|[from] ability: Hadron Engine|[of] p1a: Miraidon\n|-enditem|p1b: Farigiraf|Electric Seed\n|-boost|p1b: Farigiraf|def|1|[from] item: Electric Seed\n|-ability|p2b: Zamazenta|Dauntless Shield|boost\n|-boost|p2b: Zamazenta|def|1\n|turn|1\n|inactive|lokkont has 30 seconds left.\n|\n|t:|1746115368\n|switch|p2a: Rillaboom|Rillaboom, L50, M|100/100\n|-fieldstart|move: Grassy Terrain|[from] ability: Grassy Surge|[of] p2a: Rillaboom\n|-terastallize|p1a: Miraidon|Electric\n|move|p1a: Miraidon|Volt Switch|p2a: Rillaboom\n|-resisted|p2a: Rillaboom\n|-damage|p2a: Rillaboom|82/100\n|\n|t:|1746115376\n|switch|p1a: Iron Hands|Iron Hands, L50|100/100|[from] Volt Switch\n|move|p2b: Zamazenta|Body Press|p1a: Iron Hands\n|-damage|p1a: Iron Hands|49/100\n|move|p1b: Farigiraf|Trick Room|p1b: Farigiraf\n|-fieldstart|move: Trick Room|[of] p1b: Farigiraf\n|\n|-heal|p1a: Iron Hands|56/100|[from] Grassy Terrain\n|-heal|p2a: Rillaboom|88/100|[from] Grassy Terrain\n|upkeep\n|turn|2\n|\n|t:|1746115386\n|move|p1b: Farigiraf|Helping Hand|p1a: Iron Hands\n|-singleturn|p1a: Iron Hands|Helping Hand|[of] p1b: Farigiraf\n|move|p2b: Zamazenta|Protect|p2b: Zamazenta\n|-singleturn|p2b: Zamazenta|Protect\n|move|p1a: Iron Hands|Low Kick|p2a: Rillaboom\n|-damage|p2a: Rillaboom|19/100\n|move|p2a: Rillaboom|U-turn|p1b: Farigiraf\n|-supereffective|p1b: Farigiraf\n|-damage|p1b: Farigiraf|78/100\n|\n|t:|1746115398\n|switch|p2a: Incineroar|Incineroar, L50, M|100/100|[from] U-turn\n|-ability|p2a: Incineroar|Intimidate|boost\n|-unboost|p1a: Iron Hands|atk|1\n|-unboost|p1b: Farigiraf|atk|1\n|\n|-heal|p1a: Iron Hands|62/100|[from] Grassy Terrain\n|-heal|p1b: Farigiraf|84/100|[from] Grassy Terrain\n|upkeep\n|turn|3\n|\n|t:|1746115414\n|switch|p2b: Calyrex|Calyrex-Shadow, L50|100/100\n|-ability|p2b: Calyrex|As One\n|-ability|p2b: Calyrex|Unnerve\n|move|p1a: Iron Hands|Drain Punch|p2b: Calyrex\n|-immune|p2b: Calyrex\n|move|p1b: Farigiraf|Psychic|p2b: Calyrex\n|-resisted|p2b: Calyrex\n|-damage|p2b: Calyrex|83/100\n|move|p2a: Incineroar|Parting Shot|p1a: Iron Hands\n|-unboost|p1a: Iron Hands|atk|1\n|-unboost|p1a: Iron Hands|spa|1\n|\n|t:|1746115430\n|switch|p2a: Zamazenta|Zamazenta-Crowned, L50|100/100|[from] Parting Shot\n|\n|-heal|p1a: Iron Hands|68/100|[from] Grassy Terrain\n|-heal|p1b: Farigiraf|90/100|[from] Grassy Terrain\n|-heal|p2b: Calyrex|89/100|[from] Grassy Terrain\n|upkeep\n|turn|4\n|\n|t:|1746115446\n|switch|p2b: Incineroar|Incineroar, L50, M|100/100\n|-ability|p2b: Incineroar|Intimidate|boost\n|-unboost|p1a: Iron Hands|atk|1\n|-unboost|p1b: Farigiraf|atk|1\n|move|p1a: Iron Hands|Wild Charge|p2b: Incineroar\n|-damage|p2b: Incineroar|86/100\n|-damage|p1a: Iron Hands|65/100|[from] Recoil\n|move|p1b: Farigiraf|Foul Play|p2b: Incineroar\n|-resisted|p2b: Incineroar\n|-damage|p2b: Incineroar|77/100\n|move|p2a: Zamazenta|Body Press|p1b: Farigiraf\n|-damage|p1b: Farigiraf|63/100\n|\n|-heal|p1a: Iron Hands|71/100|[from] Grassy Terrain\n|-heal|p1b: Farigiraf|69/100|[from] Grassy Terrain\n|-heal|p2b: Incineroar|83/100|[from] Grassy Terrain\n|upkeep\n|turn|5\n|\n|t:|1746115460\n|-end|p1a: Iron Hands|Quark Drive|[silent]\n|switch|p1a: Miraidon|Miraidon, L50, tera:Electric|100/100\n|-fieldstart|move: Electric Terrain|[from] ability: Hadron Engine|[of] p1a: Miraidon\n|move|p1b: Farigiraf|Psychic|p2a: Zamazenta\n|-damage|p2a: Zamazenta|71/100\n|-unboost|p2a: Zamazenta|spd|1\n|move|p2b: Incineroar|Knock Off|p1b: Farigiraf\n|-supereffective|p1b: Farigiraf\n|-damage|p1b: Farigiraf|45/100\n|move|p2a: Zamazenta|Body Press|p1b: Farigiraf\n|-damage|p1b: Farigiraf|17/100\n|\n|-fieldend|move: Trick Room\n|upkeep\n|turn|6\n|inactive|lokkont has 30 seconds left.\n|\n|t:|1746115490\n|switch|p2a: Rillaboom|Rillaboom, L50, M|19/100\n|-fieldstart|move: Grassy Terrain|[from] ability: Grassy Surge|[of] p2a: Rillaboom\n|switch|p1b: Iron Hands|Iron Hands, L50|71/100\n|move|p1a: Miraidon|Electro Drift|p2b: Incineroar\n|-damage|p2b: Incineroar|12/100\n|move|p2b: Incineroar|Knock Off|p1b: Iron Hands\n|-resisted|p1b: Iron Hands\n|-damage|p1b: Iron Hands|58/100\n|-enditem|p1b: Iron Hands|Assault Vest|[from] move: Knock Off|[of] p2b: Incineroar\n|\n|-heal|p2a: Rillaboom|25/100|[from] Grassy Terrain\n|-heal|p2b: Incineroar|18/100|[from] Grassy Terrain\n|-heal|p1b: Iron Hands|64/100|[from] Grassy Terrain\n|upkeep\n|turn|7\n|\n|t:|1746115505\n|move|p2a: Rillaboom|Fake Out|p1a: Miraidon\n|-damage|p1a: Miraidon|87/100\n|cant|p1a: Miraidon|flinch\n|move|p2b: Incineroar|Parting Shot|p1b: Iron Hands\n|-unboost|p1b: Iron Hands|atk|1\n|-unboost|p1b: Iron Hands|spa|1\n|\n|t:|1746115512\n|switch|p2b: Calyrex|Calyrex-Shadow, L50|89/100|[from] Parting Shot\n|-ability|p2b: Calyrex|As One\n|-ability|p2b: Calyrex|Unnerve\n|move|p1b: Iron Hands|Wild Charge|p2b: Calyrex\n|-damage|p2b: Calyrex|49/100\n|-damage|p1b: Iron Hands|56/100|[from] Recoil\n|\n|-heal|p1a: Miraidon|93/100|[from] Grassy Terrain\n|-heal|p2b: Calyrex|55/100|[from] Grassy Terrain\n|-heal|p2a: Rillaboom|31/100|[from] Grassy Terrain\n|-heal|p1b: Iron Hands|62/100|[from] Grassy Terrain\n|upkeep\n|turn|8\n|\n|t:|1746115530\n|switch|p1a: Farigiraf|Farigiraf, L50, F|17/100\n|switch|p2a: Incineroar|Incineroar, L50, M|18/100\n|-ability|p2a: Incineroar|Intimidate|boost\n|-unboost|p1a: Farigiraf|atk|1\n|-unboost|p1b: Iron Hands|atk|1\n|move|p2b: Calyrex|Astral Barrage|p1b: Iron Hands|[spread] p1b\n|-immune|p1a: Farigiraf\n|-damage|p1b: Iron Hands|4/100\n|-damage|p2b: Calyrex|45/100|[from] item: Life Orb\n|move|p1b: Iron Hands|Drain Punch|p2a: Incineroar\n|-supereffective|p2a: Incineroar\n|-damage|p2a: Incineroar|0 fnt\n|-heal|p1b: Iron Hands|11/100|[from] drain|[of] p2a: Incineroar\n|faint|p2a: Incineroar\n|\n|-heal|p2b: Calyrex|51/100|[from] Grassy Terrain\n|-heal|p1a: Farigiraf|23/100|[from] Grassy Terrain\n|-heal|p1b: Iron Hands|18/100|[from] Grassy Terrain\n|upkeep\n|\n|t:|1746115536\n|switch|p2a: Zamazenta|Zamazenta-Crowned, L50|71/100\n|turn|9\n|inactive|Big Willy J has 30 seconds left.\n|inactive|Big Willy J has 20 seconds left.\n|inactive|Big Willy J has 15 seconds left.\n|\n|t:|1746115581\n|-end|p1b: Iron Hands|Quark Drive|[silent]\n|switch|p1b: Ursaluna|Ursaluna-Bloodmoon, L50, M|100/100\n|move|p2b: Calyrex|Astral Barrage|p1a: Farigiraf|[spread] \n|-immune|p1a: Farigiraf\n|-immune|p1b: Ursaluna\n|move|p2a: Zamazenta|Body Press|p1a: Farigiraf\n|-damage|p1a: Farigiraf|0 fnt\n|faint|p1a: Farigiraf\n|\n|-heal|p2b: Calyrex|57/100|[from] Grassy Terrain\n|-heal|p2a: Zamazenta|77/100|[from] Grassy Terrain\n|upkeep\n|\n|t:|1746115588\n|switch|p1a: Miraidon|Miraidon, L50, tera:Electric|93/100\n|-fieldstart|move: Electric Terrain|[from] ability: Hadron Engine|[of] p1a: Miraidon\n|turn|10\n|\n|t:|1746115609\n|switch|p2b: Rillaboom|Rillaboom, L50, M|31/100\n|-fieldstart|move: Grassy Terrain|[from] ability: Grassy Surge|[of] p2b: Rillaboom\n|move|p1a: Miraidon|Electro Drift|p2a: Zamazenta\n|-damage|p2a: Zamazenta|19/100\n|move|p2a: Zamazenta|Body Press|p1b: Ursaluna\n|-supereffective|p1b: Ursaluna\n|-damage|p1b: Ursaluna|31/100\n|move|p1b: Ursaluna|Blood Moon|p2b: Rillaboom\n|-damage|p2b: Rillaboom|0 fnt\n|faint|p2b: Rillaboom\n|-damage|p1b: Ursaluna|22/100|[from] item: Life Orb\n|\n|-heal|p1a: Miraidon|99/100|[from] Grassy Terrain\n|-heal|p2a: Zamazenta|25/100|[from] Grassy Terrain\n|-heal|p1b: Ursaluna|27/100|[from] Grassy Terrain\n|upkeep\n|\n|t:|1746115619\n|switch|p2b: Calyrex|Calyrex-Shadow, L50|57/100\n|-ability|p2b: Calyrex|As One\n|-ability|p2b: Calyrex|Unnerve\n|turn|11\n|inactive|lokkont has 30 seconds left.\n|\n|t:|1746115647\n|move|p1a: Miraidon|Electro Drift|p2b: Calyrex\n|-damage|p2b: Calyrex|0 fnt\n|faint|p2b: Calyrex\n|move|p2a: Zamazenta|Body Press|p1b: Ursaluna\n|-supereffective|p1b: Ursaluna\n|-damage|p1b: Ursaluna|0 fnt\n|faint|p1b: Ursaluna\n|\n|-heal|p1a: Miraidon|100/100|[from] Grassy Terrain\n|-heal|p2a: Zamazenta|31/100|[from] Grassy Terrain\n|upkeep\n|\n|t:|1746115653\n|switch|p1b: Iron Hands|Iron Hands, L50|18/100\n|turn|12\n|\n|t:|1746115662\n|move|p2a: Zamazenta|Protect|p2a: Zamazenta\n|-singleturn|p2a: Zamazenta|Protect\n|move|p1b: Iron Hands|Fake Out|p2a: Zamazenta\n|-activate|p2a: Zamazenta|move: Protect\n|move|p1a: Miraidon|Electro Drift|p2a: Zamazenta\n|-activate|p2a: Zamazenta|move: Protect\n|\n|-heal|p2a: Zamazenta|37/100|[from] Grassy Terrain\n|-heal|p1b: Iron Hands|24/100|[from] Grassy Terrain\n|upkeep\n|turn|13\n|\n|t:|1746115676\n|-terastallize|p2a: Zamazenta|Dragon\n|move|p1a: Miraidon|Electro Drift|p2a: Zamazenta\n|-resisted|p2a: Zamazenta\n|-damage|p2a: Zamazenta|5/100\n|move|p2a: Zamazenta|Body Press|p1b: Iron Hands\n|-damage|p1b: Iron Hands|0 fnt\n|faint|p1b: Iron Hands\n|-end|p1b: Iron Hands|Quark Drive|[silent]\n|\n|-heal|p2a: Zamazenta|11/100|[from] Grassy Terrain\n|upkeep\n|turn|14\n|\n|t:|1746115687\n|move|p2a: Zamazenta|Protect|p2a: Zamazenta\n|-singleturn|p2a: Zamazenta|Protect\n|move|p1a: Miraidon|Electro Drift|p2a: Zamazenta\n|-activate|p2a: Zamazenta|move: Protect\n|\n|-heal|p2a: Zamazenta|17/100|[from] Grassy Terrain\n|-fieldend|move: Grassy Terrain\n|upkeep\n|turn|15\n|\n|t:|1746115697\n|move|p2a: Zamazenta|Protect||[still]\n|-fail|p2a: Zamazenta\n|move|p1a: Miraidon|Electro Drift|p2a: Zamazenta\n|-resisted|p2a: Zamazenta\n|-damage|p2a: Zamazenta|0 fnt\n|faint|p2a: Zamazenta\n|\n|win|Big Willy J\n||lokkont is ready for game 2.\n||Big Willy J is ready for game 2.\n|uhtml|next|Next: <a href=\"/battle-gen9vgc2025regibo3-2354741519\"><strong>Game 2 of 3</strong></a>\n", "uploadtime": 1746116185, "views": 23, "formatid": "gen9vgc2025regibo3", "rating": null, "private": 0, "password": null}