{"id": "gen9vgc2025regibo3-2354536194", "format": "[Gen 9] VGC 2025 Reg I (Bo3)", "players": ["toothey", "extremejoin"], "log": "|j|\u2606toothey\n|j|\u2606extremejoin\n|html|<table width=\"100%\"><tr><td align=\"left\">toothey</td><td align=\"right\">extremejoin</tr><tr><td align=\"left\"><i class=\"fa fa-circle\"></i> <i class=\"fa fa-circle-o\"></i> </td><td align=\"right\"><i class=\"fa fa-circle-o\"></i> <i class=\"fa fa-circle-o\"></i> </tr></table>\n|uhtml|bestof|<h2><strong>Game 2</strong> of <a href=\"/game-bestof3-gen9vgc2025regibo3-2354534731\">a best-of-3</a></h2>\n|t:|1746089938\n|gametype|doubles\n|player|p1|toothey|102|1063\n|player|p2|extremejoin|266|1162\n|teamsize|p1|4\n|teamsize|p2|6\n|gen|9\n|tier|[Gen 9] VGC 2025 Reg I (Bo3)\n|rated|\n|rule|Species Clause: Limit one of each Pok\u00e9mon\n|rule|Item Clause: Limit 1 of each item\n|clearpoke\n|poke|p1|Giratina-Origin, L50|\n|poke|p1|Zamazenta-*, L50|\n|poke|p1|Iron Bundle, L50|\n|poke|p1|Ogerpon-Hearthflame, L50, F|\n|poke|p2|Miraidon, L50|\n|poke|p2|Farigiraf, L50, M|\n|poke|p2|Iron Hands, L50|\n|poke|p2|Torkoal, L50, M|\n|poke|p2|Smeargle, L50, M|\n|poke|p2|Calyrex-Ice, L50|\n|teampreview|4\n|showteam|p1|Giratina-Origin||GriseousCore|Levitate|ShadowSneak,Poltergeist,Protect,DragonClaw||||||50|,,,,,Fire]Zamazenta-Crowned||RustedShield|DauntlessShield|IronDefense,WideGuard,BodyPress,behemothbash||||||50|,,,,,Dragon]Iron Bundle||BoosterEnergy|QuarkDrive|IcyWind,FreezeDry,Protect,HydroPump||||||50|,,,,,Ghost]Ogerpon-Hearthflame||HearthflameMask|MoldBreaker|IvyCudgel,SpikyShield,FollowMe,PowerWhip|||F|||50|,,,,,Fire\n|showteam|p2|Miraidon||ChoiceSpecs|HadronEngine|ElectroDrift,DracoMeteor,VoltSwitch,DazzlingGleam||||||50|,,,,,Fairy]Farigiraf||ElectricSeed|ArmorTail|FoulPlay,PsychicNoise,TrickRoom,HelpingHand|||M|||50|,,,,,Water]Iron Hands||AssaultVest|QuarkDrive|DrainPunch,LowKick,WildCharge,FakeOut||||||50|,,,,,Water]Torkoal||Charcoal|Drought|Eruption,WeatherBall,EarthPower,Protect|||M|||50|,,,,,Fire]Smeargle||FocusSash|Technician|FakeOut,Spore,FollowMe,Feint|||M|||50|,,,,,Grass]Calyrex-Ice||ClearAmulet|AsOneGlastrier|GlacialLance,HighHorsepower,TrickRoom,Protect||||||50|,,,,,Fire\n|\n|t:|1746089968\n|start\n|switch|p1a: Iron Bundle|Iron Bundle, L50|100/100\n|switch|p1b: Giratina|Giratina-Origin, L50|100/100\n|switch|p2a: Smeargle|Smeargle, L50, M|100/100\n|switch|p2b: Calyrex|Calyrex-Ice, L50|100/100\n|-ability|p2b: Calyrex|As One\n|-ability|p2b: Calyrex|Unnerve\n|-enditem|p1a: Iron Bundle|Booster Energy\n|-activate|p1a: Iron Bundle|ability: Quark Drive|[fromitem]\n|-start|p1a: Iron Bundle|quarkdrivespe\n|turn|1\n|inactive|Battle timer is ON: inactive players will automatically lose when time's up. (requested by extremejoin)\n|inactive|toothey has 60 seconds left.\n|inactive|toothey has 30 seconds left.\n|\n|t:|1746090029\n|-terastallize|p1a: Iron Bundle|Ghost\n|move|p2a: Smeargle|Fake Out|p1b: Giratina\n|-immune|p1b: Giratina\n|move|p1a: Iron Bundle|Hydro Pump|p2b: Calyrex\n|-damage|p2b: Calyrex|64/100\n|move|p1b: Giratina|Dragon Claw|p2b: Calyrex\n|-damage|p2b: Calyrex|30/100\n|move|p2b: Calyrex|Trick Room|p2b: Calyrex\n|-fieldstart|move: Trick Room|[of] p2b: Calyrex\n|\n|upkeep\n|turn|2\n|inactive|extremejoin has 30 seconds left.\n|inactive|toothey has 30 seconds left.\n|\n|t:|1746090063\n|-end|p1a: Iron Bundle|Quark Drive|[silent]\n|switch|p1a: Zamazenta|Zamazenta-Crowned, L50|100/100\n|-ability|p1a: Zamazenta|Dauntless Shield|boost\n|-boost|p1a: Zamazenta|def|1\n|move|p1b: Giratina|Protect|p1b: Giratina\n|-singleturn|p1b: Giratina|Protect\n|move|p2b: Calyrex|Glacial Lance|p1b: Giratina|[spread] p1a\n|-activate|p1b: Giratina|move: Protect\n|-resisted|p1a: Zamazenta\n|-damage|p1a: Zamazenta|89/100\n|move|p2a: Smeargle|Spore|p1a: Zamazenta\n|-status|p1a: Zamazenta|slp|[from] move: Spore\n|\n|upkeep\n|turn|3\n|\n|t:|1746090084\n|cant|p1a: Zamazenta|slp\n|move|p1b: Giratina|Shadow Sneak|p2b: Calyrex\n|-supereffective|p2b: Calyrex\n|-damage|p2b: Calyrex|0 fnt\n|faint|p2b: Calyrex\n|move|p2a: Smeargle|Spore|p1b: Giratina\n|-status|p1b: Giratina|slp|[from] move: Spore\n|\n|upkeep\n|\n|t:|1746090090\n|switch|p2b: Torkoal|Torkoal, L50, M|100/100\n|-weather|SunnyDay|[from] ability: Drought|[of] p2b: Torkoal\n|turn|4\n|\n|t:|1746090106\n|-terastallize|p2b: Torkoal|Fire\n|cant|p1a: Zamazenta|slp\n|move|p2a: Smeargle|Feint|p1a: Zamazenta\n|-resisted|p1a: Zamazenta\n|-damage|p1a: Zamazenta|88/100 slp\n|cant|p1b: Giratina|slp\n|move|p2b: Torkoal|Eruption|p1b: Giratina|[spread] p1a,p1b\n|-supereffective|p1a: Zamazenta\n|-resisted|p1b: Giratina\n|-damage|p1a: Zamazenta|0 fnt\n|-damage|p1b: Giratina|51/100 slp\n|faint|p1a: Zamazenta\n|\n|-weather|SunnyDay|[upkeep]\n|upkeep\n|\n|t:|1746090119\n|switch|p1a: Ogerpon|Ogerpon-Hearthflame, L50, F|100/100\n|-ability|p1a: Ogerpon|Mold Breaker\n|turn|5\n|\n|t:|1746090133\n|move|p1a: Ogerpon|Spiky Shield|p1a: Ogerpon\n|-singleturn|p1a: Ogerpon|move: Protect\n|move|p2a: Smeargle|Feint|p1a: Ogerpon\n|-activate|p1a: Ogerpon|move: Feint\n|-damage|p1a: Ogerpon|93/100\n|cant|p1b: Giratina|slp\n|move|p2b: Torkoal|Eruption|p1a: Ogerpon|[spread] p1a,p1b\n|-resisted|p1b: Giratina\n|-damage|p1a: Ogerpon|0 fnt\n|-damage|p1b: Giratina|1/100 slp\n|faint|p1a: Ogerpon\n|\n|-weather|SunnyDay|[upkeep]\n|-fieldend|move: Trick Room\n|upkeep\n|\n|t:|1746090146\n|switch|p1a: Iron Bundle|Iron Bundle, L50, tera:Ghost|100/100\n|turn|6\n|\n|t:|1746090169\n|move|p2a: Smeargle|Follow Me|p2a: Smeargle\n|-singleturn|p2a: Smeargle|move: Follow Me\n|move|p1a: Iron Bundle|Hydro Pump|p2a: Smeargle\n|-damage|p2a: Smeargle|30/100\n|cant|p1b: Giratina|slp\n|move|p2b: Torkoal|Eruption|p1b: Giratina|[spread] p1a,p1b\n|-resisted|p1b: Giratina\n|-damage|p1a: Iron Bundle|0 fnt\n|-damage|p1b: Giratina|0 fnt\n|faint|p1a: Iron Bundle\n|-end|p1a: Iron Bundle|Quark Drive|[silent]\n|faint|p1b: Giratina\n|\n|win|extremejoin\n||extremejoin is ready for game 3.\n|inactive|toothey has 30 seconds to confirm battle start!\n||toothey is ready for game 3.\n|uhtml|next|Next: <a href=\"/battle-gen9vgc2025regibo3-2354537373\"><strong>Game 3 of 3</strong></a>\n|l|\u2606extremejoin\n|player|p2|\n", "uploadtime": 1746090438, "views": 12, "formatid": "gen9vgc2025regibo3", "rating": null, "private": 0, "password": null}