{"id": "gen9vgc2025regibo3-2353575446", "format": "[Gen 9] VGC 2025 Reg I (Bo3)", "players": ["jermicelli", "ibartov"], "log": "|j|\u2606jermicelli\n|j|\u2606ibartov\n|html|<table width=\"100%\"><tr><td align=\"left\">jermicelli</td><td align=\"right\">ibartov</tr><tr><td align=\"left\"><i class=\"fa fa-circle-o\"></i> <i class=\"fa fa-circle-o\"></i> </td><td align=\"right\"><i class=\"fa fa-circle-o\"></i> <i class=\"fa fa-circle-o\"></i> </tr></table>\n|uhtml|bestof|<h2><strong>Game 1</strong> of <a href=\"/game-bestof3-gen9vgc2025regibo3-2353575445\">a best-of-3</a></h2>\n|t:|1745970156\n|gametype|doubles\n|player|p1|jermicelli|265|1104\n|player|p2|ibartov|marshal|1164\n|teamsize|p1|6\n|teamsize|p2|6\n|gen|9\n|tier|[Gen 9] VGC 2025 Reg I (Bo3)\n|rated|\n|rule|Species Clause: Limit one of each Pok\u00e9mon\n|rule|Item Clause: Limit 1 of each item\n|clearpoke\n|poke|p1|Ursaluna-Bloodmoon, L50, M|\n|poke|p1|Dialga-Origin, L50|\n|poke|p1|Incineroar, L50, F|\n|poke|p1|Calyrex-Ice, L50|\n|poke|p1|Indeedee-F, L50, F|\n|poke|p1|Amoonguss, L50, F|\n|poke|p2|Lunala, L50|\n|poke|p2|Koraidon, L50|\n|poke|p2|Flutter Mane, L50|\n|poke|p2|Indeedee-F, L50, F|\n|poke|p2|Ogerpon-Cornerstone, L50, F|\n|poke|p2|Ursaluna, L50, M|\n|teampreview|4\n|showteam|p1|Ursaluna-Bloodmoon||LifeOrb|MindsEye|EarthPower,HyperVoice,Protect,BloodMoon|||M|||50|,,,,,Ghost]Dialga-Origin||AdamantCrystal|Telepathy|DragonPulse,FlashCannon,Flamethrower,TrickRoom||||||50|,,,,,Fairy]Incineroar||SafetyGoggles|Intimidate|Protect,PartingShot,FakeOut,FlareBlitz|||F|||50|,,,,,Grass]Calyrex-Ice||ClearAmulet|AsOneGlastrier|GlacialLance,Protect,TrickRoom,HighHorsepower||||||50|,,,,,Fire]Indeedee-F||PsychicSeed|PsychicSurge|FollowMe,TrickRoom,HelpingHand,Psychic|||F|||50|,,,,,Psychic]Amoonguss||Leftovers|Regenerator|SludgeBomb,Spore,RagePowder,Protect|||F|||50|,,,,,Water\n|showteam|p2|Lunala||TwistedSpoon|ShadowShield|ExpandingForce,MoongeistBeam,WideGuard,TrickRoom||||||50|,,,,,Water]Koraidon||LifeOrb|OrichalcumPulse|Protect,FlareBlitz,FlameCharge,CloseCombat||||||50|,,,,,Fire]Flutter Mane||FocusSash|Protosynthesis|Protect,Moonblast,ShadowBall,IcyWind||||||50|,,,,,Normal]Indeedee-F||RockyHelmet|PsychicSurge|FollowMe,HelpingHand,ShadowBall,TrickRoom|||F|||50|,,,,,Water]Ogerpon-Cornerstone||CornerstoneMask|Sturdy|Protect,IvyCudgel,PowerWhip,FollowMe|||F|||50|,,,,,Rock]Ursaluna||FlameOrb|Guts|Protect,HeadlongRush,Facade,Earthquake|||M|||50|,,,,,Ghost\n|inactive|Battle timer is ON: inactive players will automatically lose when time's up. (requested by ibartov)\n|\n|t:|1745970190\n|start\n|switch|p1a: Cat|Incineroar, L50, F|100/100\n|switch|p1b: Horse|Calyrex-Ice, L50|100/100\n|switch|p2a: Koraidon|Koraidon, L50|100/100\n|switch|p2b: Flutter Mane|Flutter Mane, L50|100/100\n|-ability|p1b: Horse|As One\n|-ability|p1b: Horse|Unnerve\n|-weather|SunnyDay|[from] ability: Orichalcum Pulse|[of] p2a: Koraidon\n|-activate|p2b: Flutter Mane|ability: Protosynthesis\n|-start|p2b: Flutter Mane|protosynthesisspe\n|-activate|p2a: Koraidon|Orichalcum Pulse|[source]\n|-ability|p1a: Cat|Intimidate|boost\n|-unboost|p2a: Koraidon|atk|1\n|-unboost|p2b: Flutter Mane|atk|1\n|turn|1\n|inactive|ibartov has 30 seconds left.\n|inactive|ibartov has 20 seconds left.\n|inactive|ibartov has 15 seconds left.\n|\n|t:|1745970234\n|-end|p2b: Flutter Mane|Protosynthesis|[silent]\n|switch|p2b: Indeedee|Indeedee-F, L50, F|100/100\n|-fieldstart|move: Psychic Terrain|[from] ability: Psychic Surge|[of] p2b: Indeedee\n|-terastallize|p1b: Horse|Fire\n|move|p1a: Cat|Fake Out|p2a: Koraidon\n|-activate|p2a: Koraidon|move: Psychic Terrain\n|move|p2a: Koraidon|Close Combat|p1a: Cat\n|-supereffective|p1a: Cat\n|-damage|p1a: Cat|0 fnt\n|-unboost|p2a: Koraidon|def|1\n|-unboost|p2a: Koraidon|spd|1\n|faint|p1a: Cat\n|-damage|p2a: Koraidon|91/100|[from] item: Life Orb\n|move|p1b: Horse|Trick Room|p1b: Horse\n|-fieldstart|move: Trick Room|[of] p1b: Horse\n|\n|-weather|SunnyDay|[upkeep]\n|upkeep\n|\n|t:|1745970249\n|switch|p1a: Bear|Ursaluna-Bloodmoon, L50, M|100/100\n|turn|2\n|inactive|jermicelli has 30 seconds left.\n|\n|t:|1745970282\n|switch|p2a: Lunala|Lunala, L50|100/100\n|move|p1b: Horse|Glacial Lance|p2a: Lunala|[spread] p2a,p2b\n|-crit|p2a: Lunala\n|-damage|p2a: Lunala|61/100\n|-damage|p2b: Indeedee|44/100\n|move|p1a: Bear|Earth Power|p2b: Indeedee\n|-damage|p2b: Indeedee|0 fnt\n|faint|p2b: Indeedee\n|-damage|p1a: Bear|91/100|[from] item: Life Orb\n|\n|-weather|SunnyDay|[upkeep]\n|upkeep\n|\n|t:|1745970296\n|switch|p2b: Flutter Mane|Flutter Mane, L50|100/100\n|-activate|p2b: Flutter Mane|ability: Protosynthesis\n|-start|p2b: Flutter Mane|protosynthesisspe\n|turn|3\n|inactive|ibartov has 30 seconds left.\n|\n|t:|1745970328\n|-terastallize|p2a: Lunala|Water\n|move|p2b: Flutter Mane|Protect|p2b: Flutter Mane\n|-singleturn|p2b: Flutter Mane|Protect\n|move|p1b: Horse|Glacial Lance|p2a: Lunala|[spread] p2a\n|-activate|p2b: Flutter Mane|move: Protect\n|-resisted|p2a: Lunala\n|-damage|p2a: Lunala|32/100\n|move|p1a: Bear|Blood Moon|p2b: Flutter Mane\n|-activate|p2b: Flutter Mane|move: Protect\n|move|p2a: Lunala|Expanding Force|p1a: Bear|[spread] p1a,p1b\n|-crit|p1a: Bear\n|-damage|p1a: Bear|0 fnt\n|-damage|p1b: Horse|47/100\n|faint|p1a: Bear\n|\n|-weather|SunnyDay|[upkeep]\n|upkeep\n|\n|t:|1745970343\n|switch|p1a: Goat|Dialga-Origin, L50|100/100\n|turn|4\n|\n|t:|1745970359\n|move|p2a: Lunala|Wide Guard|p2a: Lunala\n|-singleturn|p2a: Lunala|Wide Guard\n|move|p1b: Horse|High Horsepower|p2a: Lunala\n|-damage|p2a: Lunala|0 fnt\n|faint|p2a: Lunala\n|-ability|p1b: Horse|Chilling Neigh|boost\n|-boost|p1b: Horse|atk|1\n|move|p1a: Goat|Flash Cannon|p2b: Flutter Mane\n|-supereffective|p2b: Flutter Mane\n|-enditem|p2b: Flutter Mane|Focus Sash\n|-damage|p2b: Flutter Mane|1/100\n|move|p2b: Flutter Mane|Shadow Ball|p1b: Horse\n|-damage|p1b: Horse|18/100\n|\n|-weather|SunnyDay|[upkeep]\n|upkeep\n|\n|t:|1745970377\n|switch|p2a: Koraidon|Koraidon, L50|91/100\n|-activate|p2a: Koraidon|ability: Orichalcum Pulse\n|turn|5\n|\n|t:|1745970396\n|move|p2a: Koraidon|Protect|p2a: Koraidon\n|-singleturn|p2a: Koraidon|Protect\n|move|p2b: Flutter Mane|Protect|p2b: Flutter Mane\n|-singleturn|p2b: Flutter Mane|Protect\n|move|p1b: Horse|Trick Room|p1b: Horse\n|-fieldend|move: Trick Room\n|move|p1a: Goat|Trick Room|p1a: Goat\n|-fieldstart|move: Trick Room|[of] p1a: Goat\n|\n|-weather|none\n|-end|p2b: Flutter Mane|Protosynthesis\n|-fieldend|move: Psychic Terrain\n|upkeep\n|turn|6\n|\n|t:|1745970417\n|move|p1b: Horse|Glacial Lance|p2b: Flutter Mane|[spread] p2a,p2b\n|-supereffective|p2a: Koraidon\n|-damage|p2a: Koraidon|0 fnt\n|-damage|p2b: Flutter Mane|0 fnt\n|faint|p2a: Koraidon\n|faint|p2b: Flutter Mane\n|-end|p2b: Flutter Mane|Protosynthesis|[silent]\n|\n|win|jermicelli\n||ibartov is ready for game 2.\n|inactive|jermicelli has 30 seconds to confirm battle start!\n||jermicelli is ready for game 2.\n|uhtml|next|Next: <a href=\"/battle-gen9vgc2025regibo3-2353577821\"><strong>Game 2 of 3</strong></a>\n", "uploadtime": 1745970423, "views": 68, "formatid": "gen9vgc2025regibo3", "rating": null, "private": 0, "password": null}