{"id": "gen9vgc2025regibo3-2353800780", "format": "[Gen 9] VGC 2025 Reg I (Bo3)", "players": ["Necros117", "oporrinovgc"], "log": "|j|\u2606Necros117\n|j|\u2606oporrinovgc\n|html|<table width=\"100%\"><tr><td align=\"left\">Necros117</td><td align=\"right\">oporrinovgc</tr><tr><td align=\"left\"><i class=\"fa fa-circle-o\"></i> <i class=\"fa fa-circle-o\"></i> </td><td align=\"right\"><i class=\"fa fa-circle-o\"></i> <i class=\"fa fa-circle-o\"></i> </tr></table>\n|uhtml|bestof|<h2><strong>Game 1</strong> of <a href=\"/game-bestof3-gen9vgc2025regibo3-2353800779\">a best-of-3</a></h2>\n|t:|1746002178\n|gametype|doubles\n|player|p1|Necros117|2|1148\n|player|p2|oporrinovgc|102|1238\n|teamsize|p1|6\n|teamsize|p2|6\n|gen|9\n|tier|[Gen 9] VGC 2025 Reg I (Bo3)\n|rated|\n|rule|Species Clause: Limit one of each Pok\u00e9mon\n|rule|Item Clause: Limit 1 of each item\n|clearpoke\n|poke|p1|Zamazenta-*, L50|\n|poke|p1|Calyrex-Shadow, L50|\n|poke|p1|Amoonguss, L50, F|\n|poke|p1|Raging Bolt, L50|\n|poke|p1|Chien-Pao, L50|\n|poke|p1|Mesprit, L50|\n|poke|p2|Miraidon, L50|\n|poke|p2|Whimsicott, L50, M|\n|poke|p2|Farigiraf, L50, F|\n|poke|p2|Iron Hands, L50|\n|poke|p2|Chi-Yu, L50|\n|poke|p2|Koraidon, L50|\n|teampreview|4\n|showteam|p1|Zamazenta-Crowned||RustedShield|DauntlessShield|BodyPress,behemothbash,WideGuard,Protect||||||50|,,,,,Dragon]Calyrex-Shadow||SitrusBerry|AsOneSpectrier|ExpandingForce,AstralBarrage,Protect,Taunt||||||50|,,,,,Fairy]Amoonguss||RockyHelmet|Regenerator|Spore,RagePowder,SludgeBomb,Protect|||F|||50|,,,,,Water]Raging Bolt||AssaultVest|Protosynthesis|Thunderclap,Thunderbolt,DracoMeteor,Electroweb||||||50|,,,,,Grass]Chien-Pao||FocusSash|SwordofRuin|IceSpinner,ThroatChop,SuckerPunch,Protect||||||50|,,,,,Stellar]Mesprit||Leftovers|Levitate|MysticalPower,DazzlingGleam,ThunderWave,Protect||||||50|,,,,,Water\n|showteam|p2|Miraidon||ChoiceSpecs|HadronEngine|ElectroDrift,DracoMeteor,VoltSwitch,DazzlingGleam||||||50|,,,,,Fairy]Whimsicott||CovertCloak|Prankster|Tailwind,Encore,LightScreen,Moonblast|||M|||50|,,,,,Dark]Farigiraf||ElectricSeed|ArmorTail|Psychic,FoulPlay,HelpingHand,TrickRoom|||F|||50|,,,,,Dark]Iron Hands||AssaultVest|QuarkDrive|LowKick,DrainPunch,WildCharge,FakeOut||||||50|,,,,,Water]Chi-Yu||ChoiceScarf|BeadsofRuin|Snarl,Overheat,DarkPulse,HeatWave||||||50|,,,,,Ghost]Koraidon||LifeOrb|OrichalcumPulse|CloseCombat,FlareBlitz,FlameCharge,Protect||||||50|,,,,,Fire\n|inactive|Battle timer is ON: inactive players will automatically lose when time's up. (requested by oporrinovgc)\n|inactive|oporrinovgc has 60 seconds left.\n|\n|t:|1746002222\n|start\n|switch|p1a: Mesprit|Mesprit, L50|100/100\n|switch|p1b: Calyrex|Calyrex-Shadow, L50|100/100\n|switch|p2a: Whimsicott|Whimsicott, L50, M|100/100\n|switch|p2b: Miraidon|Miraidon, L50|100/100\n|-ability|p1b: Calyrex|As One\n|-ability|p1b: Calyrex|Unnerve\n|-fieldstart|move: Electric Terrain|[from] ability: Hadron Engine|[of] p2b: Miraidon\n|turn|1\n|inactive|Necros117 has 30 seconds left.\n|inactive|oporrinovgc has 30 seconds left.\n|inactive|oporrinovgc has 20 seconds left.\n|inactive|Necros117 has 20 seconds left.\n|inactive|oporrinovgc has 15 seconds left.\n|\n|t:|1746002270\n|switch|p1b: Raging Bolt|Raging Bolt, L50|100/100\n|move|p2a: Whimsicott|Tailwind|p2a: Whimsicott\n|-sidestart|p2: oporrinovgc|move: Tailwind\n|move|p2b: Miraidon|Draco Meteor|p1b: Raging Bolt\n|-supereffective|p1b: Raging Bolt\n|-damage|p1b: Raging Bolt|0 fnt\n|-unboost|p2b: Miraidon|spa|2\n|faint|p1b: Raging Bolt\n|-end|p1b: Raging Bolt|Protosynthesis|[silent]\n|move|p1a: Mesprit|Mystical Power|p2b: Miraidon\n|-damage|p2b: Miraidon|75/100\n|-boost|p1a: Mesprit|spa|1\n|\n|upkeep\n|inactive|Necros117 has 30 seconds left.\n|\n|t:|1746002296\n|switch|p1b: Calyrex|Calyrex-Shadow, L50|100/100\n|-ability|p1b: Calyrex|As One\n|-ability|p1b: Calyrex|Unnerve\n|turn|2\n|\n|t:|1746002312\n|switch|p2b: Koraidon|Koraidon, L50|100/100\n|-weather|SunnyDay|[from] ability: Orichalcum Pulse|[of] p2b: Koraidon\n|-activate|p2b: Koraidon|Orichalcum Pulse|[source]\n|-terastallize|p1b: Calyrex|Fairy\n|move|p2a: Whimsicott|Light Screen|p2a: Whimsicott\n|-sidestart|p2: oporrinovgc|move: Light Screen\n|move|p1b: Calyrex|Astral Barrage|p2a: Whimsicott|[spread] p2a,p2b\n|-damage|p2a: Whimsicott|64/100\n|-damage|p2b: Koraidon|69/100\n|move|p1a: Mesprit|Mystical Power|p2b: Koraidon\n|-supereffective|p2b: Koraidon\n|-damage|p2b: Koraidon|14/100\n|-boost|p1a: Mesprit|spa|1\n|\n|-weather|SunnyDay|[upkeep]\n|upkeep\n|turn|3\n|inactive|Necros117 has 30 seconds left.\n|inactive|oporrinovgc has 30 seconds left.\n|\n|t:|1746002346\n|-terastallize|p2b: Koraidon|Fire\n|move|p1b: Calyrex|Protect|p1b: Calyrex\n|-singleturn|p1b: Calyrex|Protect\n|move|p2a: Whimsicott|Encore|p1b: Calyrex\n|-activate|p1b: Calyrex|move: Protect\n|move|p2b: Koraidon|Flare Blitz|p1a: Mesprit\n|-damage|p1a: Mesprit|0 fnt\n|faint|p1a: Mesprit\n|-damage|p2b: Koraidon|0 fnt|[from] Recoil\n|faint|p2b: Koraidon\n|\n|-weather|SunnyDay|[upkeep]\n|upkeep\n|\n|t:|1746002357\n|switch|p2b: Miraidon|Miraidon, L50|75/100\n|switch|p1a: Zamazenta|Zamazenta-Crowned, L50|100/100\n|-activate|p2b: Miraidon|ability: Hadron Engine\n|-ability|p1a: Zamazenta|Dauntless Shield|boost\n|-boost|p1a: Zamazenta|def|1\n|turn|4\n|\n|t:|1746002369\n|move|p2a: Whimsicott|Encore|p1b: Calyrex\n|-start|p1b: Calyrex|Encore\n|move|p2b: Miraidon|Electro Drift|p1a: Zamazenta\n|-damage|p1a: Zamazenta|9/100\n|move|p1b: Calyrex|Protect||[still]\n|-fail|p1b: Calyrex\n|move|p1a: Zamazenta|Behemoth Bash|p2a: Whimsicott\n|-supereffective|p2a: Whimsicott\n|-damage|p2a: Whimsicott|0 fnt\n|faint|p2a: Whimsicott\n|\n|-weather|SunnyDay|[upkeep]\n|-sideend|p2: oporrinovgc|move: Tailwind\n|upkeep\n|\n|t:|1746002372\n|switch|p2a: Farigiraf|Farigiraf, L50, F|100/100\n|-enditem|p2a: Farigiraf|Electric Seed\n|-boost|p2a: Farigiraf|def|1|[from] item: Electric Seed\n|turn|5\n|\n|t:|1746002385\n|move|p1b: Calyrex|Protect|p1b: Calyrex\n|-singleturn|p1b: Calyrex|Protect\n|move|p1a: Zamazenta|Protect|p1a: Zamazenta\n|-singleturn|p1a: Zamazenta|Protect\n|move|p2b: Miraidon|Electro Drift|p1a: Zamazenta\n|-activate|p1a: Zamazenta|move: Protect\n|move|p2a: Farigiraf|Psychic|p1b: Calyrex\n|-activate|p1b: Calyrex|move: Protect\n|\n|-weather|SunnyDay|[upkeep]\n|-fieldend|move: Electric Terrain\n|upkeep\n|turn|6\n|\n|t:|1746002393\n|move|p1b: Calyrex|Protect|p1b: Calyrex\n|-singleturn|p1b: Calyrex|Protect\n|move|p2b: Miraidon|Electro Drift|p1a: Zamazenta\n|-damage|p1a: Zamazenta|0 fnt\n|faint|p1a: Zamazenta\n|move|p2a: Farigiraf|Trick Room|p2a: Farigiraf\n|-fieldstart|move: Trick Room|[of] p2a: Farigiraf\n|\n|-weather|none\n|-end|p1b: Calyrex|Encore\n|-sideend|p2: oporrinovgc|move: Light Screen\n|upkeep\n|turn|7\n|\n|t:|1746002402\n|move|p2a: Farigiraf|Helping Hand|p2b: Miraidon\n|-singleturn|p2b: Miraidon|Helping Hand|[of] p2a: Farigiraf\n|move|p1b: Calyrex|Astral Barrage|p2b: Miraidon|[spread] p2b\n|-immune|p2a: Farigiraf\n|-damage|p2b: Miraidon|28/100\n|move|p2b: Miraidon|Electro Drift|p1b: Calyrex\n|-damage|p1b: Calyrex|9/100\n|-enditem|p1b: Calyrex|Sitrus Berry|[eat]\n|-heal|p1b: Calyrex|34/100|[from] item: Sitrus Berry\n|\n|upkeep\n|turn|8\n|\n|t:|1746002422\n|move|p2a: Farigiraf|Psychic|p1b: Calyrex\n|-damage|p1b: Calyrex|6/100\n|move|p1b: Calyrex|Astral Barrage|p2b: Miraidon|[spread] p2b\n|-immune|p2a: Farigiraf\n|-damage|p2b: Miraidon|0 fnt\n|faint|p2b: Miraidon\n|-ability|p1b: Calyrex|Grim Neigh|boost\n|-boost|p1b: Calyrex|spa|1\n|\n|upkeep\n|turn|9\n|\n|t:|1746002429\n|move|p1b: Calyrex|Protect|p1b: Calyrex\n|-singleturn|p1b: Calyrex|Protect\n|move|p2a: Farigiraf|Psychic|p1b: Calyrex\n|-activate|p1b: Calyrex|move: Protect\n|\n|upkeep\n|turn|10\n|\n|t:|1746002432\n|move|p2a: Farigiraf|Psychic|p1b: Calyrex\n|-damage|p1b: Calyrex|0 fnt\n|faint|p1b: Calyrex\n|\n|win|oporrinovgc\n||oporrinovgc is ready for game 2.\n|c|\u2606Necros117|gg wp\n||Necros117 is ready for game 2.\n|uhtml|next|Next: <a href=\"/battle-gen9vgc2025regibo3-2353802332\"><strong>Game 2 of 3</strong></a>\n|l|\u2606Necros117\n|player|p1|\n|l|\u2606oporrinovgc\n|player|p2|\n", "uploadtime": 1746002822, "views": 9, "formatid": "gen9vgc2025regibo3", "rating": null, "private": 0, "password": null}