{"id": "gen9vgc2025regibo3-2353719413", "format": "[Gen 9] VGC 2025 Reg I (Bo3)", "players": ["zisar", "ETUERTULUS"], "log": "|j|\u2606zisar\n|j|\u2606ETUERTULUS\n|html|<table width=\"100%\"><tr><td align=\"left\">zisar</td><td align=\"right\">ETUERTULUS</tr><tr><td align=\"left\"><i class=\"fa fa-circle-o\"></i> <i class=\"fa fa-circle-o\"></i> </td><td align=\"right\"><i class=\"fa fa-circle-o\"></i> <i class=\"fa fa-circle-o\"></i> </tr></table>\n|uhtml|bestof|<h2><strong>Game 1</strong> of <a href=\"/game-bestof3-gen9vgc2025regibo3-2353719412\">a best-of-3</a></h2>\n|t:|1745988296\n|gametype|doubles\n|player|p1|zisar|blue|1173\n|player|p2|ETUERTULUS|parasollady|1072\n|teamsize|p1|6\n|teamsize|p2|6\n|gen|9\n|tier|[Gen 9] VGC 2025 Reg I (Bo3)\n|rated|\n|rule|Species Clause: Limit one of each Pok\u00e9mon\n|rule|Item Clause: Limit 1 of each item\n|clearpoke\n|poke|p1|Terapagos, L50, M|\n|poke|p1|Ho-Oh, L50|\n|poke|p1|Rillaboom, L50, M|\n|poke|p1|Raging Bolt, L50|\n|poke|p1|Basculegion, L50, M|\n|poke|p1|Iron Valiant, L50|\n|poke|p2|Volcarona, L50, F|\n|poke|p2|Rillaboom, L50, M|\n|poke|p2|Urshifu-*, L50, M|\n|poke|p2|Chien-Pao, L50|\n|poke|p2|Eternatus, L50|\n|poke|p2|Zacian-*, L50|\n|teampreview|4\n|showteam|p1|Terapagos||Leftovers|TeraShift|TeraStarstorm,EarthPower,CalmMind,Protect|||M|||50|,,,,,Stellar]Ho-Oh||RockyHelmet|Regenerator|SacredFire,BraveBird,Tailwind,Protect||||||50|,,,,,Grass]Rillaboom||AssaultVest|GrassySurge|HighHorsepower,GrassyGlide,WoodHammer,FakeOut|||M|||50|,,,,,Fire]Raging Bolt||BoosterEnergy|Protosynthesis|Thunderbolt,Thunderclap,DracoMeteor,Protect||||||50|,,,,,Electric]Basculegion||ChoiceScarf|Adaptability|LastRespects,WaveCrash,AquaJet,FlipTurn|||M|||50|,,,,,Water]Iron Valiant||FocusSash|QuarkDrive|Protect,CloseCombat,Encore,SpiritBreak||||||50|,,,,,Ghost\n|showteam|p2|Volcarona||RockyHelmet|FlameBody|FieryDance,StruggleBug,RagePowder,Protect|||F|||50|,,,,,Water]Rillaboom||AssaultVest|GrassySurge|GrassyGlide,DrumBeating,Uturn,FakeOut|||M|||50|,,,,,Fire]Urshifu-Rapid-Strike||ChoiceScarf|UnseenFist|CloseCombat,SurgingStrikes,ScaryFace,Uturn|||M|||50|,,,,,Water]Chien-Pao||FocusSash|SwordofRuin|IcicleCrash,ThroatChop,SuckerPunch,Protect||||||50|,,,,,Ghost]Eternatus||LifeOrb|Pressure|SludgeBomb,DynamaxCannon,Flamethrower,Protect||||||50|,,,,,Fairy]Zacian-Crowned||RustedSword|IntrepidSword|PlayRough,behemothblade,TeraBlast,Protect||||||50|,,,,,Ground\n|inactive|Battle timer is ON: inactive players will automatically lose when time's up. (requested by ETUERTULUS)\n|inactive|zisar also wants the timer to be on.\n|inactive|ETUERTULUS has 60 seconds left.\n|inactive|ETUERTULUS has 30 seconds left.\n|inactive|ETUERTULUS has 20 seconds left.\n|inactive|ETUERTULUS has 15 seconds left.\n|\n|t:|1745988375\n|start\n|switch|p1a: Ho-Oh|Ho-Oh, L50, shiny|100/100\n|switch|p1b: Iron Valiant|Iron Valiant, L50|100/100\n|switch|p2a: Chien-Pao|Chien-Pao, L50|100/100\n|switch|p2b: Zacian|Zacian-Crowned, L50|100/100\n|-ability|p2b: Zacian|Intrepid Sword|boost\n|-boost|p2b: Zacian|atk|1\n|-ability|p2a: Chien-Pao|Sword of Ruin\n|turn|1\n|inactive|zisar has 30 seconds left.\n|inactive|ETUERTULUS has 30 seconds left.\n|\n|t:|1745988409\n|switch|p2b: Eternatus|Eternatus, L50|100/100\n|-ability|p2b: Eternatus|Pressure\n|move|p2a: Chien-Pao|Icicle Crash|p1a: Ho-Oh\n|-damage|p1a: Ho-Oh|50/100\n|move|p1b: Iron Valiant|Spirit Break|p2a: Chien-Pao\n|-supereffective|p2a: Chien-Pao\n|-damage|p2a: Chien-Pao|18/100\n|-unboost|p2a: Chien-Pao|spa|1\n|cant|p1a: Ho-Oh|flinch\n|\n|upkeep\n|turn|2\n|inactive|zisar has 30 seconds left.\n|inactive|ETUERTULUS has 30 seconds left.\n|inactive|ETUERTULUS has 20 seconds left.\n|\n|t:|1745988444\n|move|p2a: Chien-Pao|Protect|p2a: Chien-Pao\n|-singleturn|p2a: Chien-Pao|Protect\n|move|p1a: Ho-Oh|Protect|p1a: Ho-Oh\n|-singleturn|p1a: Ho-Oh|Protect\n|move|p1b: Iron Valiant|Spirit Break|p2b: Eternatus\n|-damage|p2b: Eternatus|63/100\n|-unboost|p2b: Eternatus|spa|1\n|move|p2b: Eternatus|Sludge Bomb|p1b: Iron Valiant\n|-supereffective|p1b: Iron Valiant\n|-crit|p1b: Iron Valiant\n|-enditem|p1b: Iron Valiant|Focus Sash\n|-damage|p1b: Iron Valiant|1/100\n|-damage|p2b: Eternatus|53/100|[from] item: Life Orb\n|\n|upkeep\n|turn|3\n|\n|t:|1745988465\n|move|p2a: Chien-Pao|Throat Chop|p1b: Iron Valiant\n|-resisted|p1b: Iron Valiant\n|-damage|p1b: Iron Valiant|0 fnt\n|faint|p1b: Iron Valiant\n|-end|p1b: Iron Valiant|Quark Drive|[silent]\n|move|p2b: Eternatus|Dynamax Cannon|p1a: Ho-Oh\n|-damage|p1a: Ho-Oh|15/100\n|-damage|p2b: Eternatus|44/100|[from] item: Life Orb\n|move|p1a: Ho-Oh|Tailwind|p1a: Ho-Oh\n|-sidestart|p1: zisar|move: Tailwind\n|\n|upkeep\n|\n|t:|1745988470\n|switch|p1b: Terapagos|Terapagos, L50, M|100/100\n|-activate|p1b: Terapagos|ability: Tera Shift\n|detailschange|p1b: Terapagos|Terapagos-Terastal, L50, M\n|-heal|p1b: Terapagos|100/100|[silent]\n|turn|4\n|inactive|ETUERTULUS has 30 seconds left.\n|\n|t:|1745988496\n|switch|p1a: Basculegion|Basculegion, L50, M|100/100\n|move|p2a: Chien-Pao|Sucker Punch||[still]\n|-fail|p2a: Chien-Pao\n|move|p1b: Terapagos|Tera Starstorm|p2a: Chien-Pao\n|-damage|p2a: Chien-Pao|0 fnt\n|faint|p2a: Chien-Pao\n|move|p2b: Eternatus|Dynamax Cannon|p1b: Terapagos\n|-activate|p1b: Terapagos|ability: Tera Shell\n|-resisted|p1b: Terapagos\n|-damage|p1b: Terapagos|79/100\n|-damage|p2b: Eternatus|34/100|[from] item: Life Orb\n|\n|-heal|p1b: Terapagos|85/100|[from] item: Leftovers\n|upkeep\n|\n|t:|1745988521\n|switch|p2a: Zacian|Zacian-Crowned, L50|100/100\n|turn|5\n|\n|t:|1745988532\n|move|p2b: Eternatus|Protect|p2b: Eternatus\n|-singleturn|p2b: Eternatus|Protect\n|move|p1a: Basculegion|Last Respects|p2b: Eternatus\n|-activate|p2b: Eternatus|move: Protect\n|move|p1b: Terapagos|Calm Mind|p1b: Terapagos\n|-boost|p1b: Terapagos|spa|1\n|-boost|p1b: Terapagos|spd|1\n|move|p2a: Zacian|Play Rough|p1a: Basculegion\n|-damage|p1a: Basculegion|29/100\n|\n|-heal|p1b: Terapagos|91/100|[from] item: Leftovers\n|upkeep\n|turn|6\n|\n|t:|1745988550\n|-terastallize|p1b: Terapagos|Stellar\n|detailschange|p1b: Terapagos|Terapagos-Stellar, L50, M, tera:Stellar\n|-heal|p1b: Terapagos|93/100|[silent]\n|move|p2b: Eternatus|Protect|p2b: Eternatus\n|-singleturn|p2b: Eternatus|Protect\n|move|p1a: Basculegion|Last Respects|p2a: Zacian\n|-damage|p2a: Zacian|47/100\n|move|p1b: Terapagos|Tera Starstorm|p2b: Eternatus|[spread] p2a\n|-activate|p2b: Eternatus|move: Protect\n|-damage|p2a: Zacian|3/100\n|move|p2a: Zacian|Behemoth Blade|p1b: Terapagos\n|-damage|p1b: Terapagos|63/100\n|\n|-heal|p1b: Terapagos|69/100|[from] item: Leftovers\n|-sideend|p1: zisar|move: Tailwind\n|upkeep\n|turn|7\n|inactive|zisar has 30 seconds left.\n|inactive|ETUERTULUS has 30 seconds left.\n|inactive|ETUERTULUS has 20 seconds left.\n|\n|t:|1745988590\n|move|p2b: Eternatus|Protect||[still]\n|-fail|p2b: Eternatus\n|move|p1a: Basculegion|Last Respects|p2b: Eternatus\n|-crit|p2b: Eternatus\n|-damage|p2b: Eternatus|0 fnt\n|faint|p2b: Eternatus\n|move|p2a: Zacian|Play Rough|p1a: Basculegion\n|-crit|p1a: Basculegion\n|-damage|p1a: Basculegion|0 fnt\n|faint|p1a: Basculegion\n|move|p1b: Terapagos|Tera Starstorm|p2a: Zacian\n|-damage|p2a: Zacian|0 fnt\n|faint|p2a: Zacian\n|\n|-heal|p1b: Terapagos|75/100|[from] item: Leftovers\n|upkeep\n|inactive|zisar has 30 seconds left.\n|\n|t:|1745988617\n|switch|p2a: Urshifu|Urshifu-Rapid-Strike, L50, M|100/100\n|switch|p1a: Ho-Oh|Ho-Oh, L50, shiny|48/100\n|turn|8\n|\n|t:|1745988630\n|move|p2a: Urshifu|Surging Strikes|p1a: Ho-Oh\n|-supereffective|p1a: Ho-Oh\n|-crit|p1a: Ho-Oh\n|-damage|p1a: Ho-Oh|6/100\n|-damage|p2a: Urshifu|84/100|[from] item: Rocky Helmet|[of] p1a: Ho-Oh\n|-supereffective|p1a: Ho-Oh\n|-crit|p1a: Ho-Oh\n|-damage|p1a: Ho-Oh|0 fnt\n|-damage|p2a: Urshifu|68/100|[from] item: Rocky Helmet|[of] p1a: Ho-Oh\n|faint|p1a: Ho-Oh\n|-hitcount|p1: Ho-Oh|2\n|move|p1b: Terapagos|Tera Starstorm|p2a: Urshifu\n|-damage|p2a: Urshifu|0 fnt\n|faint|p2a: Urshifu\n|\n|win|zisar\n||ETUERTULUS is ready for game 2.\n|inactive|zisar has 30 seconds to confirm battle start!\n|l|\u2606ETUERTULUS\n|player|p2|\n|inactive|zisar has 20 seconds to confirm battle start!\n||zisar is ready for game 2.\n|uhtml|next|Next: <a href=\"/battle-gen9vgc2025regibo3-2353721629\"><strong>Game 2 of 3</strong></a>\n", "uploadtime": 1745988946, "views": 6, "formatid": "gen9vgc2025regibo3", "rating": null, "private": 0, "password": null}