{"id": "gen9vgc2025regibo3-2354064264", "format": "[Gen 9] VGC 2025 Reg I (Bo3)", "players": ["AndSB", "8bitbidoof"], "log": "|j|\u2606AndSB\n|j|\u26068bitbidoof\n|html|<table width=\"100%\"><tr><td align=\"left\">AndSB</td><td align=\"right\">8bitbidoof</tr><tr><td align=\"left\"><i class=\"fa fa-circle\"></i> <i class=\"fa fa-circle-o\"></i> </td><td align=\"right\"><i class=\"fa fa-circle-o\"></i> <i class=\"fa fa-circle-o\"></i> </tr></table>\n|uhtml|bestof|<h2><strong>Game 2</strong> of <a href=\"/game-bestof3-gen9vgc2025regibo3-2354058408\">a best-of-3</a></h2>\n|t:|1746031780\n|gametype|doubles\n|player|p1|AndSB|169|1155\n|player|p2|8bitbidoof|102|1183\n|teamsize|p1|6\n|teamsize|p2|6\n|gen|9\n|tier|[Gen 9] VGC 2025 Reg I (Bo3)\n|rated|\n|rule|Species Clause: Limit one of each Pok\u00e9mon\n|rule|Item Clause: Limit 1 of each item\n|clearpoke\n|poke|p1|Sneasler, L50, F|\n|poke|p1|Calyrex-Shadow, L50|\n|poke|p1|Dondozo, L50, M|\n|poke|p1|Tatsugiri-Droopy, L50, M|\n|poke|p1|Chi-Yu, L50|\n|poke|p1|Miraidon, L50|\n|poke|p2|Koraidon, L50|\n|poke|p2|Flutter Mane, L50|\n|poke|p2|Brute Bonnet, L50|\n|poke|p2|Chi-Yu, L50|\n|poke|p2|Lunala, L50|\n|poke|p2|Ursaluna, L50, M|\n|teampreview|4\n|showteam|p1|Sneasler||ElectricSeed|Unburden|CloseCombat,DireClaw,ToxicSpikes,FakeOut|||F|||50|,,,,,Dark]Calyrex-Shadow||LifeOrb|AsOneSpectrier|AstralBarrage,Psychic,Encore,Protect||||||50|,,,,,Dark]Dondozo||Leftovers|Unaware|Earthquake,BodyPress,OrderUp,Protect|||M|||50|,,,,,Grass]Tatsugiri-Droopy||FocusSash|Commander|DracoMeteor,MuddyWater,HelpingHand,Protect|||M|||50|,,,,,Stellar]Chi-Yu||ChoiceScarf|BeadsofRuin|Overheat,HeatWave,ScaryFace,Snarl||||||50|,,,,,Ghost]Miraidon||AssaultVest|HadronEngine|ElectroDrift,DracoMeteor,DazzlingGleam,VoltSwitch||||||50|,,,,,Fairy\n|showteam|p2|Koraidon||ClearAmulet|OrichalcumPulse|FlareBlitz,CollisionCourse,FlameCharge,Protect||||||50|,,,,,Fire]Flutter Mane||FocusSash|Protosynthesis|Moonblast,ShadowBall,IcyWind,Protect||||||50|,,,,,Normal]Brute Bonnet||CovertCloak|Protosynthesis|SeedBomb,SuckerPunch,Spore,RagePowder||||||50|,,,,,Water]Chi-Yu||ChoiceScarf|BeadsofRuin|HeatWave,DarkPulse,Overheat,Snarl||||||50|,,,,,Ghost]Lunala||PowerHerb|ShadowShield|MoongeistBeam,MeteorBeam,WideGuard,TrickRoom||||||50|,,,,,Normal]Ursaluna||FlameOrb|Guts|Facade,HeadlongRush,Earthquake,Protect|||M|||50|,,,,,Water\n|inactive|Battle timer is ON: inactive players will automatically lose when time's up. (requested by 8bitbidoof)\n|inactive|8bitbidoof has 60 seconds left.\n|inactive|8bitbidoof has 30 seconds left.\n|inactive|8bitbidoof has 20 seconds left.\n|inactive|8bitbidoof has 15 seconds left.\n|inactive|8bitbidoof has 10 seconds left.\n|\n|t:|1746031863\n|start\n|switch|p1a: Sneasler|Sneasler, L50, F|100/100\n|switch|p1b: Calyrex|Calyrex-Shadow, L50|100/100\n|switch|p2a: Brute Bonnet|Brute Bonnet, L50|100/100\n|switch|p2b: Koraidon|Koraidon, L50|100/100\n|-ability|p1b: Calyrex|As One\n|-ability|p1b: Calyrex|Unnerve\n|-weather|SunnyDay|[from] ability: Orichalcum Pulse|[of] p2b: Koraidon\n|-activate|p2a: Brute Bonnet|ability: Protosynthesis\n|-start|p2a: Brute Bonnet|protosynthesisdef\n|-activate|p2b: Koraidon|Orichalcum Pulse|[source]\n|turn|1\n|inactive|8bitbidoof has 30 seconds left.\n|\n|t:|1746031888\n|-terastallize|p2b: Koraidon|Fire\n|move|p1b: Calyrex|Psychic|p2b: Koraidon\n|-damage|p2b: Koraidon|27/100\n|-damage|p1b: Calyrex|91/100|[from] item: Life Orb\n|move|p1a: Sneasler|Toxic Spikes|p2a: Brute Bonnet\n|-sidestart|p2: 8bitbidoof|move: Toxic Spikes\n|move|p2b: Koraidon|Flame Charge|p1a: Sneasler\n|-damage|p1a: Sneasler|0 fnt\n|-boost|p2b: Koraidon|spe|1\n|faint|p1a: Sneasler\n|move|p2a: Brute Bonnet|Spore|p1b: Calyrex\n|-status|p1b: Calyrex|slp|[from] move: Spore\n|\n|-weather|SunnyDay|[upkeep]\n|upkeep\n|\n|t:|1746031903\n|switch|p1a: Dondozo|Dondozo, L50, M|100/100\n|turn|2\n|\n|t:|1746031919\n|switch|p1b: Tatsugiri|Tatsugiri-Droopy, L50, M|100/100\n|-activate|p1b: Tatsugiri|ability: Commander|[of] p1a: Dondozo\n|-boost|p1a: Dondozo|atk|2\n|-boost|p1a: Dondozo|spa|2\n|-boost|p1a: Dondozo|spe|2\n|-boost|p1a: Dondozo|def|2\n|-boost|p1a: Dondozo|spd|2\n|move|p2b: Koraidon|Flare Blitz|p1a: Dondozo\n|-resisted|p1a: Dondozo\n|-damage|p1a: Dondozo|80/100\n|-damage|p2b: Koraidon|18/100|[from] Recoil\n|move|p1a: Dondozo|Earthquake|p2b: Koraidon|[spread] p2a,p2b\n|-miss|p1a: Dondozo|p1b: Tatsugiri\n|-resisted|p2a: Brute Bonnet\n|-supereffective|p2b: Koraidon\n|-damage|p2a: Brute Bonnet|93/100\n|-damage|p2b: Koraidon|0 fnt\n|faint|p2b: Koraidon\n|move|p2a: Brute Bonnet|Spore|p1a: Dondozo\n|-status|p1a: Dondozo|slp|[from] move: Spore\n|\n|-weather|SunnyDay|[upkeep]\n|-heal|p1a: Dondozo|86/100 slp|[from] item: Leftovers\n|upkeep\n|\n|t:|1746031942\n|switch|p2b: Ursaluna|Ursaluna, L50, M|100/100\n|-status|p2b: Ursaluna|psn\n|turn|3\n|\n|t:|1746031957\n|-terastallize|p1a: Dondozo|Grass\n|cant|p1a: Dondozo|slp\n|move|p2a: Brute Bonnet|Seed Bomb|p1a: Dondozo\n|-resisted|p1a: Dondozo\n|-damage|p1a: Dondozo|82/100 slp\n|move|p2b: Ursaluna|Facade|p1a: Dondozo\n|-damage|p1a: Dondozo|49/100 slp\n|\n|-weather|SunnyDay|[upkeep]\n|-heal|p1a: Dondozo|55/100 slp|[from] item: Leftovers\n|-damage|p2b: Ursaluna|88/100 psn|[from] psn\n|upkeep\n|turn|4\n|\n|t:|1746031981\n|move|p2a: Brute Bonnet|Sucker Punch|p1a: Dondozo\n|-damage|p1a: Dondozo|47/100 slp\n|cant|p1a: Dondozo|slp\n|move|p2b: Ursaluna|Facade|p1a: Dondozo\n|-damage|p1a: Dondozo|12/100 slp\n|\n|-weather|SunnyDay|[upkeep]\n|-heal|p1a: Dondozo|18/100 slp|[from] item: Leftovers\n|-damage|p2b: Ursaluna|76/100 psn|[from] psn\n|upkeep\n|turn|5\n|inactive|8bitbidoof has 30 seconds left.\n|\n|t:|1746032008\n|switch|p2b: Lunala|Lunala, L50|100/100\n|-status|p2b: Lunala|psn\n|-curestatus|p1a: Dondozo|slp|[msg]\n|move|p1a: Dondozo|Protect|p1a: Dondozo\n|-singleturn|p1a: Dondozo|Protect\n|move|p2a: Brute Bonnet|Seed Bomb|p1a: Dondozo\n|-activate|p1a: Dondozo|move: Protect\n|\n|-weather|none\n|-end|p2a: Brute Bonnet|Protosynthesis\n|-heal|p1a: Dondozo|24/100|[from] item: Leftovers\n|-damage|p2b: Lunala|88/100 psn|[from] psn\n|upkeep\n|turn|6\n|inactive|8bitbidoof has 30 seconds left.\n|\n|t:|1746032041\n|move|p2a: Brute Bonnet|Sucker Punch|p1a: Dondozo\n|-damage|p1a: Dondozo|16/100\n|move|p1a: Dondozo|Body Press|p2a: Brute Bonnet\n|-supereffective|p2a: Brute Bonnet\n|-damage|p2a: Brute Bonnet|26/100\n|move|p2b: Lunala|Trick Room|p2b: Lunala\n|-fieldstart|move: Trick Room|[of] p2b: Lunala\n|\n|-heal|p1a: Dondozo|22/100|[from] item: Leftovers\n|-damage|p2b: Lunala|75/100 psn|[from] psn\n|upkeep\n|turn|7\n|\n|t:|1746032060\n|move|p1a: Dondozo|Protect|p1a: Dondozo\n|-singleturn|p1a: Dondozo|Protect\n|move|p2a: Brute Bonnet|Rage Powder|p2a: Brute Bonnet\n|-singleturn|p2a: Brute Bonnet|move: Rage Powder\n|move|p2b: Lunala|Meteor Beam||[still]\n|-prepare|p2b: Lunala|Meteor Beam\n|-boost|p2b: Lunala|spa|1\n|-enditem|p2b: Lunala|Power Herb\n|-anim|p2b: Lunala|Meteor Beam|p1a: Dondozo\n|-activate|p1a: Dondozo|move: Protect\n|\n|-heal|p1a: Dondozo|28/100|[from] item: Leftovers\n|-damage|p2b: Lunala|63/100 psn|[from] psn\n|upkeep\n|turn|8\n|\n|t:|1746032076\n|move|p2a: Brute Bonnet|Spore|p1b: Tatsugiri|[miss]\n|-miss|p2a: Brute Bonnet|p1b: Tatsugiri\n|move|p2b: Lunala|Moongeist Beam|p1a: Dondozo\n|-damage|p1a: Dondozo|0 fnt\n|faint|p1a: Dondozo\n|\n|-damage|p2b: Lunala|50/100 psn|[from] psn\n|upkeep\n|\n|t:|1746032083\n|switch|p1a: Calyrex|Calyrex-Shadow, L50|91/100 slp\n|-ability|p1a: Calyrex|As One\n|-ability|p1a: Calyrex|Unnerve\n|turn|9\n|\n|t:|1746032102\n|move|p1b: Tatsugiri|Protect|p1b: Tatsugiri\n|-singleturn|p1b: Tatsugiri|Protect\n|move|p2a: Brute Bonnet|Spore|p1b: Tatsugiri\n|-activate|p1b: Tatsugiri|move: Protect\n|move|p2b: Lunala|Moongeist Beam|p1a: Calyrex\n|-supereffective|p1a: Calyrex\n|-damage|p1a: Calyrex|0 fnt\n|faint|p1a: Calyrex\n|\n|-damage|p2b: Lunala|38/100 psn|[from] psn\n|upkeep\n|turn|10\n|\n|t:|1746032116\n|move|p1b: Tatsugiri|Protect||[still]\n|-fail|p1b: Tatsugiri\n|move|p2b: Lunala|Wide Guard|p2b: Lunala\n|-singleturn|p2b: Lunala|Wide Guard\n|move|p2a: Brute Bonnet|Spore|p1b: Tatsugiri\n|-status|p1b: Tatsugiri|slp|[from] move: Spore\n|\n|-damage|p2b: Lunala|25/100 psn|[from] psn\n|-fieldend|move: Trick Room\n|upkeep\n|turn|11\n|\n|t:|1746032126\n|cant|p1b: Tatsugiri|slp\n|move|p2b: Lunala|Moongeist Beam|p1b: Tatsugiri\n|-enditem|p1b: Tatsugiri|Focus Sash\n|-damage|p1b: Tatsugiri|1/100 slp\n|move|p2a: Brute Bonnet|Seed Bomb|p1b: Tatsugiri\n|-damage|p1b: Tatsugiri|0 fnt\n|faint|p1b: Tatsugiri\n|\n|win|8bitbidoof\n||AndSB is ready for game 3.\n", "uploadtime": 1746032128, "views": 31, "formatid": "gen9vgc2025regibo3", "rating": null, "private": 0, "password": null}