{"id": "gen9vgc2025regibo3-2354670422", "format": "[Gen 9] VGC 2025 Reg I (Bo3)", "players": ["OPNEW", "Hugepaiya"], "log": "|j|\u2606OPNEW\n|j|\u2606Hugepaiya\n|html|<table width=\"100%\"><tr><td align=\"left\">OPNEW</td><td align=\"right\">Hugepaiya</tr><tr><td align=\"left\"><i class=\"fa fa-circle-o\"></i> <i class=\"fa fa-circle-o\"></i> </td><td align=\"right\"><i class=\"fa fa-circle-o\"></i> <i class=\"fa fa-circle-o\"></i> </tr></table>\n|uhtml|bestof|<h2><strong>Game 1</strong> of <a href=\"/game-bestof3-gen9vgc2025regibo3-2354670421\">a best-of-3</a></h2>\n|t:|1746109137\n|gametype|doubles\n|player|p1|OPNEW|101|1080\n|player|p2|Hugepaiya|acetrainerf|1089\n|teamsize|p1|6\n|teamsize|p2|6\n|gen|9\n|tier|[Gen 9] VGC 2025 Reg I (Bo3)\n|rated|\n|rule|Species Clause: Limit one of each Pok\u00e9mon\n|rule|Item Clause: Limit 1 of each item\n|clearpoke\n|poke|p1|Calyrex-Shadow, L50|\n|poke|p1|Koraidon, L50|\n|poke|p1|Ogerpon-Cornerstone, L50, F|\n|poke|p1|Weezing-Galar, L50, M|\n|poke|p1|Farigiraf, L50, M|\n|poke|p1|Murkrow, L50, F|\n|poke|p2|Miraidon, L50|\n|poke|p2|Whimsicott, L50, M|\n|poke|p2|Farigiraf, L50, F|\n|poke|p2|Iron Hands, L50|\n|poke|p2|Calyrex-Shadow, L50|\n|poke|p2|Chi-Yu, L50|\n|teampreview|4\n|showteam|p1|Calyrex-Shadow||FocusSash|AsOneSpectrier|AstralBarrage,Psychic,NastyPlot,Protect||||||50|,,,,,Normal]Koraidon||AbilityShield|OrichalcumPulse|CollisionCourse,FlareBlitz,FlameCharge,Protect||||||50|,,,,,Fire]Ogerpon-Cornerstone||CornerstoneMask|Sturdy|IvyCudgel,SpikyShield,WoodHammer,FollowMe|||F|||50|,,,,,Rock]Weezing-Galar||CovertCloak|NeutralizingGas|Taunt,PoisonGas,Protect,DazzlingGleam|||M|||50|,,,,,Water]Farigiraf||SitrusBerry|ArmorTail|Psychic,FoulPlay,TrickRoom,HelpingHand|||M|||50|,,,,,Ground]Murkrow||Eviolite|Prankster|Tailwind,Haze,ThunderWave,FoulPlay|||F|||50|,,,,,Ghost\n|showteam|p2|Miraidon||ChoiceSpecs|HadronEngine|ElectroDrift,DracoMeteor,VoltSwitch,DazzlingGleam||||||50|,,,,,Fairy]Whimsicott||CovertCloak|Prankster|Tailwind,Encore,LightScreen,Moonblast|||M|||50|,,,,,Dark]Farigiraf||ElectricSeed|ArmorTail|Psychic,FoulPlay,HelpingHand,TrickRoom|||F|||50|,,,,,Dark]Iron Hands||AssaultVest|QuarkDrive|LowKick,DrainPunch,ThunderPunch,FakeOut||||||50|,,,,,Water]Calyrex-Shadow||FocusSash|AsOneSpectrier|AstralBarrage,Psychic,PollenPuff,Protect||||||50|,,,,,Normal]Chi-Yu||ChoiceScarf|BeadsofRuin|Snarl,Overheat,DarkPulse,HeatWave||||||50|,,,,,Ghost\n|\n|t:|1746109215\n|start\n|switch|p1a: Koraidon|Koraidon, L50|100/100\n|switch|p1b: Weezing|Weezing-Galar, L50, M|100/100\n|switch|p2a: Whimsicott|Whimsicott, L50, M|100/100\n|switch|p2b: Calyrex|Calyrex-Shadow, L50|100/100\n|-ability|p1b: Weezing|Neutralizing Gas\n|-block|p1a: Koraidon|item: Ability Shield\n|-ability|p2b: Calyrex|As One\n|-ability|p2b: Calyrex|Unnerve\n|-weather|SunnyDay|[from] ability: Orichalcum Pulse|[of] p1a: Koraidon\n|-activate|p1a: Koraidon|Orichalcum Pulse|[source]\n|turn|1\n|\n|t:|1746109262\n|-terastallize|p1a: Koraidon|Fire\n|move|p2b: Calyrex|Astral Barrage|p1a: Koraidon|[spread] p1a,p1b\n|-damage|p1a: Koraidon|45/100\n|-damage|p1b: Weezing|50/100\n|move|p1a: Koraidon|Flame Charge|p2a: Whimsicott\n|-supereffective|p2a: Whimsicott\n|-damage|p2a: Whimsicott|0 fnt\n|-boost|p1a: Koraidon|spe|1\n|faint|p2a: Whimsicott\n|move|p1b: Weezing|Dazzling Gleam|p2b: Calyrex\n|-damage|p2b: Calyrex|76/100\n|\n|-weather|SunnyDay|[upkeep]\n|upkeep\n|\n|t:|1746109274\n|switch|p2a: Miraidon|Miraidon, L50|100/100\n|turn|2\n|\n|t:|1746109290\n|move|p1a: Koraidon|Protect|p1a: Koraidon\n|-singleturn|p1a: Koraidon|Protect\n|move|p2b: Calyrex|Protect|p2b: Calyrex\n|-singleturn|p2b: Calyrex|Protect\n|move|p1b: Weezing|Protect|p1b: Weezing\n|-singleturn|p1b: Weezing|Protect\n|move|p2a: Miraidon|Electro Drift|p1a: Koraidon\n|-activate|p1a: Koraidon|move: Protect\n|\n|-weather|SunnyDay|[upkeep]\n|upkeep\n|turn|3\n|\n|t:|1746109322\n|switch|p2b: Chi-Yu|Chi-Yu, L50|100/100\n|move|p1a: Koraidon|Flare Blitz|p2b: Chi-Yu\n|-resisted|p2b: Chi-Yu\n|-damage|p2b: Chi-Yu|0 fnt\n|faint|p2b: Chi-Yu\n|-damage|p1a: Koraidon|20/100|[from] Recoil\n|move|p2a: Miraidon|Electro Drift|p1a: Koraidon\n|-damage|p1a: Koraidon|0 fnt\n|faint|p1a: Koraidon\n|move|p1b: Weezing|Poison Gas|p2a: Miraidon\n|-status|p2a: Miraidon|psn\n|\n|-weather|SunnyDay|[upkeep]\n|-damage|p2a: Miraidon|88/100 psn|[from] psn\n|upkeep\n|\n|t:|1746109340\n|switch|p1a: Calyrex|Calyrex-Shadow, L50|100/100\n|switch|p2b: Calyrex|Calyrex-Shadow, L50|76/100\n|-ability|p2b: Calyrex|As One\n|-ability|p2b: Calyrex|Unnerve\n|-ability|p1a: Calyrex|As One\n|-ability|p1a: Calyrex|Unnerve\n|turn|4\n|\n|t:|1746109391\n|-end|p1b: Weezing|ability: Neutralizing Gas\n|-fieldstart|move: Electric Terrain|[from] ability: Hadron Engine|[of] p2a: Miraidon\n|switch|p1b: Murkrow|Murkrow, L50, F|100/100\n|-terastallize|p2b: Calyrex|Normal\n|move|p1a: Calyrex|Protect|p1a: Calyrex\n|-singleturn|p1a: Calyrex|Protect\n|move|p2b: Calyrex|Psychic|p1b: Murkrow\n|-immune|p1b: Murkrow\n|move|p2a: Miraidon|Electro Drift|p1a: Calyrex\n|-activate|p1a: Calyrex|move: Protect\n|\n|-weather|SunnyDay|[upkeep]\n|-damage|p2a: Miraidon|75/100 psn|[from] psn\n|upkeep\n|turn|5\n|c|\u2606Hugepaiya|wp\n|\n|t:|1746109422\n|move|p1b: Murkrow|Thunder Wave|p2b: Calyrex|[miss]\n|-miss|p1b: Murkrow|p2b: Calyrex\n|move|p1a: Calyrex|Psychic|p2b: Calyrex\n|-damage|p2b: Calyrex|19/100\n|move|p2b: Calyrex|Astral Barrage|p1b: Murkrow|[spread] p1a,p1b\n|-supereffective|p1a: Calyrex\n|-resisted|p1b: Murkrow\n|-enditem|p1a: Calyrex|Focus Sash\n|-damage|p1a: Calyrex|1/100\n|-damage|p1b: Murkrow|62/100\n|move|p2a: Miraidon|Electro Drift|p1b: Murkrow\n|-supereffective|p1b: Murkrow\n|-damage|p1b: Murkrow|0 fnt\n|faint|p1b: Murkrow\n|\n|-weather|none\n|-damage|p2a: Miraidon|63/100 psn|[from] psn\n|upkeep\n|\n|t:|1746109438\n|switch|p1b: Weezing|Weezing-Galar, L50, M|50/100\n|-ability|p1b: Weezing|Neutralizing Gas\n|turn|6\n|\n|t:|1746109458\n|move|p2b: Calyrex|Astral Barrage|p1b: Weezing|[spread] p1a,p1b\n|-supereffective|p1a: Calyrex\n|-damage|p1a: Calyrex|0 fnt\n|-damage|p1b: Weezing|0 fnt\n|faint|p1a: Calyrex\n|faint|p1b: Weezing\n|-end|p1b: Weezing|ability: Neutralizing Gas\n|-activate|p2a: Miraidon|ability: Hadron Engine\n|\n|win|Hugepaiya\n||OPNEW is ready for game 2.\n|inactive|Hugepaiya has 30 seconds to confirm battle start!\n||Hugepaiya is ready for game 2.\n|uhtml|next|Next: <a href=\"/battle-gen9vgc2025regibo3-2354673847\"><strong>Game 2 of 3</strong></a>\n", "uploadtime": 1746109940, "views": 6, "formatid": "gen9vgc2025regibo3", "rating": null, "private": 0, "password": null}