{"id": "gen9vgc2025regibo3-2354325185", "format": "[Gen 9] VGC 2025 Reg I (Bo3)", "players": ["esotico", "VeganCannibal"], "log": "|j|\u2606esotico\n|j|\u2606VeganCannibal\n|html|<table width=\"100%\"><tr><td align=\"left\">esotico</td><td align=\"right\">VeganCannibal</tr><tr><td align=\"left\"><i class=\"fa fa-circle-o\"></i> <i class=\"fa fa-circle-o\"></i> </td><td align=\"right\"><i class=\"fa fa-circle-o\"></i> <i class=\"fa fa-circle-o\"></i> </tr></table>\n|uhtml|bestof|<h2><strong>Game 1</strong> of <a href=\"/game-bestof3-gen9vgc2025regibo3-2354325183\">a best-of-3</a></h2>\n|t:|1746057538\n|gametype|doubles\n|player|p1|esotico|burgh|1402\n|player|p2|VeganCannibal|265|1355\n|teamsize|p1|6\n|teamsize|p2|6\n|gen|9\n|tier|[Gen 9] VGC 2025 Reg I (Bo3)\n|rated|\n|rule|Species Clause: Limit one of each Pok\u00e9mon\n|rule|Item Clause: Limit 1 of each item\n|clearpoke\n|poke|p1|Calyrex-Ice, L50|\n|poke|p1|Miraidon, L50|\n|poke|p1|Incineroar, L50, M|\n|poke|p1|Landorus, L50, M|\n|poke|p1|Farigiraf, L50, M|\n|poke|p1|Urshifu-*, L50, F|\n|poke|p2|Calyrex-Shadow, L50|\n|poke|p2|Zamazenta-*, L50|\n|poke|p2|Roaring Moon, L50|\n|poke|p2|Weezing-Galar, L50, F|\n|poke|p2|Dondozo, L50, F|\n|poke|p2|Tatsugiri-Droopy, L50, F|\n|teampreview|4\n|showteam|p1|Calyrex-Ice||ClearAmulet|AsOneGlastrier|GlacialLance,HighHorsepower,Protect,TrickRoom||||||50|,,,,,Water]Miraidon||ChoiceSpecs|HadronEngine|ElectroDrift,VoltSwitch,DracoMeteor,DazzlingGleam||||||50|,,,,,Fairy]Incineroar||AssaultVest|Intimidate|FakeOut,KnockOff,FlareBlitz,Uturn|||M|||50|,,,,,Ghost]Landorus||ChoiceScarf|SheerForce|EarthPower,SandsearStorm,SludgeBomb,Psychic|||M|||50|,,,,,Ghost]Farigiraf||ElectricSeed|ArmorTail|PsychicNoise,TrickRoom,FoulPlay,HelpingHand|||M|||50|,,,,,Dark]Urshifu-Rapid-Strike||FocusSash|UnseenFist|SurgingStrikes,AquaJet,CloseCombat,Detect|||F|||50|,,,,,Water\n|showteam|p2|Calyrex-Shadow||FocusSash|AsOneSpectrier|AstralBarrage,Psychic,Encore,Protect||||||50|,,,,,Ghost]Zamazenta-Crowned||RustedShield|DauntlessShield|BodyPress,behemothbash,WideGuard,Imprison||||||50|,,,,,Dragon]Roaring Moon||BoosterEnergy|Protosynthesis|Protect,KnockOff,Tailwind,Taunt||||||50|,,,,,Poison]Weezing-Galar||CovertCloak|NeutralizingGas|Protect,DazzlingGleam,ToxicSpikes,Toxic|||F|||50|,,,,,Dark]Dondozo||Leftovers|Unaware|Protect,WaveCrash,OrderUp,BodyPress|||F|||50|,,,,,Grass]Tatsugiri-Droopy||SafetyGoggles|Commander|Protect,DragonPulse,Taunt,HelpingHand|||F|||50|,,,,,Poison\n|inactive|Battle timer is ON: inactive players will automatically lose when time's up. (requested by esotico)\n|inactive|VeganCannibal also wants the timer to be on.\n|inactive|esotico has 60 seconds left.\n|inactive|VeganCannibal has 60 seconds left.\n|inactive|esotico has 30 seconds left.\n|\n|t:|1746057605\n|start\n|switch|p1a: Miraidon|Miraidon, L50|100/100\n|switch|p1b: Farigiraf|Farigiraf, L50, M|100/100\n|switch|p2a: Weezing|Weezing-Galar, L50, F|100/100\n|switch|p2b: Calyrex|Calyrex-Shadow, L50|100/100\n|-ability|p2a: Weezing|Neutralizing Gas\n|-ability|p2b: Calyrex|As One\n|-ability|p2b: Calyrex|Unnerve\n|turn|1\n|\n|t:|1746057624\n|move|p2b: Calyrex|Astral Barrage|p1b: Farigiraf|[spread] p1a\n|-immune|p1b: Farigiraf\n|-damage|p1a: Miraidon|57/100\n|move|p1a: Miraidon|Volt Switch|p2b: Calyrex\n|-damage|p2b: Calyrex|37/100\n|\n|t:|1746057632\n|switch|p1a: Calyrex|Calyrex-Ice, L50|100/100|[from] Volt Switch\n|-ability|p1a: Calyrex|As One\n|-ability|p1a: Calyrex|Unnerve\n|move|p2a: Weezing|Toxic|p1b: Farigiraf\n|-status|p1b: Farigiraf|tox\n|move|p1b: Farigiraf|Trick Room|p1b: Farigiraf\n|-fieldstart|move: Trick Room|[of] p1b: Farigiraf\n|\n|-damage|p1b: Farigiraf|94/100 tox|[from] psn\n|upkeep\n|turn|2\n|\n|t:|1746057655\n|switch|p2b: Dondozo|Dondozo, L50, F|100/100\n|move|p1a: Calyrex|Glacial Lance|p2a: Weezing|[spread] p2a,p2b\n|-resisted|p2b: Dondozo\n|-damage|p2a: Weezing|58/100\n|-damage|p2b: Dondozo|86/100\n|move|p1b: Farigiraf|Psychic Noise|p2a: Weezing\n|-supereffective|p2a: Weezing\n|-damage|p2a: Weezing|0 fnt\n|faint|p2a: Weezing\n|-end|p2a: Weezing|ability: Neutralizing Gas\n|\n|-heal|p2b: Dondozo|93/100|[from] item: Leftovers\n|-damage|p1b: Farigiraf|82/100 tox|[from] psn\n|upkeep\n|\n|t:|1746057675\n|switch|p2a: Calyrex|Calyrex-Shadow, L50|37/100\n|-ability|p2a: Calyrex|As One\n|-ability|p2a: Calyrex|Unnerve\n|turn|3\n|\n|t:|1746057700\n|switch|p2a: Tatsugiri|Tatsugiri-Droopy, L50, F, shiny|100/100\n|-activate|p2a: Tatsugiri|ability: Commander|[of] p2b: Dondozo\n|-boost|p2b: Dondozo|atk|2\n|-boost|p2b: Dondozo|spa|2\n|-boost|p2b: Dondozo|spe|2\n|-boost|p2b: Dondozo|def|2\n|-boost|p2b: Dondozo|spd|2\n|move|p1a: Calyrex|Glacial Lance|p2a: Tatsugiri|[spread] p2b\n|-miss|p1a: Calyrex|p2a: Tatsugiri\n|-resisted|p2b: Dondozo\n|-damage|p2b: Dondozo|84/100\n|move|p1b: Farigiraf|Psychic Noise|p2b: Dondozo\n|-damage|p2b: Dondozo|73/100\n|-start|p2b: Dondozo|move: Heal Block\n|move|p2b: Dondozo|Order Up|p1b: Farigiraf\n|-damage|p1b: Farigiraf|52/100 tox\n|-boost|p2b: Dondozo|def|1\n|\n|-damage|p1b: Farigiraf|34/100 tox|[from] psn\n|upkeep\n|turn|4\n|inactive|esotico has 30 seconds left.\n|inactive|VeganCannibal has 30 seconds left.\n|inactive|esotico has 20 seconds left.\n|\n|t:|1746057739\n|switch|p1b: Urshifu|Urshifu-Rapid-Strike, L50, F|100/100\n|move|p1a: Calyrex|High Horsepower|p2b: Dondozo\n|-damage|p2b: Dondozo|64/100\n|move|p2b: Dondozo|Order Up|p1b: Urshifu\n|-crit|p1b: Urshifu\n|-damage|p1b: Urshifu|48/100\n|-boost|p2b: Dondozo|def|1\n|\n|-end|p2b: Dondozo|move: Heal Block\n|upkeep\n|turn|5\n|inactive|esotico has 30 seconds left.\n|\n|t:|1746057766\n|move|p1a: Calyrex|High Horsepower|p2b: Dondozo\n|-damage|p2b: Dondozo|57/100\n|move|p2b: Dondozo|Body Press|p1a: Calyrex\n|-damage|p1a: Calyrex|56/100\n|move|p1b: Urshifu|Surging Strikes|p2b: Dondozo\n|-resisted|p2b: Dondozo\n|-crit|p2b: Dondozo\n|-damage|p2b: Dondozo|51/100\n|-resisted|p2b: Dondozo\n|-crit|p2b: Dondozo\n|-damage|p2b: Dondozo|45/100\n|-resisted|p2b: Dondozo\n|-crit|p2b: Dondozo\n|-damage|p2b: Dondozo|40/100\n|-hitcount|p2b: Dondozo|3\n|\n|-heal|p2b: Dondozo|46/100|[from] item: Leftovers\n|-fieldend|move: Trick Room\n|upkeep\n|turn|6\n|\n|t:|1746057791\n|switch|p1a: Miraidon|Miraidon, L50|57/100\n|-fieldstart|move: Electric Terrain|[from] ability: Hadron Engine|[of] p1a: Miraidon\n|-terastallize|p1b: Urshifu|Water\n|move|p1b: Urshifu|Surging Strikes|p2b: Dondozo\n|-resisted|p2b: Dondozo\n|-crit|p2b: Dondozo\n|-damage|p2b: Dondozo|39/100\n|-resisted|p2b: Dondozo\n|-crit|p2b: Dondozo\n|-damage|p2b: Dondozo|32/100\n|-resisted|p2b: Dondozo\n|-crit|p2b: Dondozo\n|-damage|p2b: Dondozo|24/100\n|-hitcount|p2b: Dondozo|3\n|move|p2b: Dondozo|Body Press|p1a: Miraidon\n|-damage|p1a: Miraidon|0 fnt\n|faint|p1a: Miraidon\n|\n|-heal|p2b: Dondozo|30/100|[from] item: Leftovers\n|upkeep\n|\n|t:|1746057808\n|switch|p1a: Farigiraf|Farigiraf, L50, M|34/100 tox\n|-enditem|p1a: Farigiraf|Electric Seed\n|-boost|p1a: Farigiraf|def|1|[from] item: Electric Seed\n|turn|7\n|\n|t:|1746057827\n|move|p1a: Farigiraf|Helping Hand|p1b: Urshifu\n|-singleturn|p1b: Urshifu|Helping Hand|[of] p1a: Farigiraf\n|move|p1b: Urshifu|Surging Strikes|p2b: Dondozo\n|-resisted|p2b: Dondozo\n|-crit|p2b: Dondozo\n|-damage|p2b: Dondozo|19/100\n|-resisted|p2b: Dondozo\n|-crit|p2b: Dondozo\n|-damage|p2b: Dondozo|8/100\n|-resisted|p2b: Dondozo\n|-crit|p2b: Dondozo\n|-damage|p2b: Dondozo|0 fnt\n|faint|p2b: Dondozo\n|-hitcount|p2: Dondozo|3\n|\n|-damage|p1a: Farigiraf|27/100 tox|[from] psn\n|upkeep\n|\n|t:|1746057842\n|switch|p2b: Calyrex|Calyrex-Shadow, L50|37/100\n|-ability|p2b: Calyrex|As One\n|-ability|p2b: Calyrex|Unnerve\n|turn|8\n|\n|t:|1746057861\n|move|p1a: Farigiraf|Helping Hand|p1b: Urshifu\n|-singleturn|p1b: Urshifu|Helping Hand|[of] p1a: Farigiraf\n|move|p1b: Urshifu|Aqua Jet|p2b: Calyrex\n|-damage|p2b: Calyrex|0 fnt\n|faint|p2b: Calyrex\n|move|p2a: Tatsugiri|Taunt|p1a: Farigiraf\n|-start|p1a: Farigiraf|move: Taunt\n|\n|-damage|p1a: Farigiraf|15/100 tox|[from] psn\n|upkeep\n|turn|9\n|\n|t:|1746057878\n|move|p1b: Urshifu|Close Combat|p2a: Tatsugiri\n|-damage|p2a: Tatsugiri|32/100\n|-unboost|p1b: Urshifu|def|1\n|-unboost|p1b: Urshifu|spd|1\n|move|p2a: Tatsugiri|Dragon Pulse|p1b: Urshifu\n|-damage|p1b: Urshifu|0 fnt\n|faint|p1b: Urshifu\n|move|p1a: Farigiraf|Psychic Noise|p2a: Tatsugiri\n|-damage|p2a: Tatsugiri|6/100\n|-start|p2a: Tatsugiri|move: Heal Block\n|\n|-damage|p1a: Farigiraf|0 fnt|[from] psn\n|faint|p1a: Farigiraf\n|upkeep\n|\n|t:|1746057882\n|switch|p1b: Calyrex|Calyrex-Ice, L50|56/100\n|-ability|p1b: Calyrex|As One\n|-ability|p1b: Calyrex|Unnerve\n|turn|10\n|\n|t:|1746057886\n|move|p2a: Tatsugiri|Dragon Pulse|p1b: Calyrex\n|-damage|p1b: Calyrex|34/100\n|move|p1b: Calyrex|Glacial Lance|p2a: Tatsugiri\n|-damage|p2a: Tatsugiri|0 fnt\n|faint|p2a: Tatsugiri\n|\n|win|esotico\n||esotico is ready for game 2.\n||VeganCannibal is ready for game 2.\n|uhtml|next|Next: <a href=\"/battle-gen9vgc2025regibo3-2354328067\"><strong>Game 2 of 3</strong></a>\n", "uploadtime": 1746058195, "views": 6, "formatid": "gen9vgc2025regibo3", "rating": null, "private": 0, "password": null}