{"id": "gen9vgc2025regibo3-2354109589", "format": "[Gen 9] VGC 2025 Reg I (Bo3)", "players": ["Silent Whisp", "MrBlubbyBoi"], "log": "|j|\u2606Silent Whisp\n|j|\u2606MrBlubbyBoi\n|html|<table width=\"100%\"><tr><td align=\"left\">Silent Whisp</td><td align=\"right\">MrBlubbyBoi</tr><tr><td align=\"left\"><i class=\"fa fa-circle\"></i> <i class=\"fa fa-circle-o\"></i> </td><td align=\"right\"><i class=\"fa fa-circle-o\"></i> <i class=\"fa fa-circle-o\"></i> </tr></table>\n|uhtml|bestof|<h2><strong>Game 2</strong> of <a href=\"/game-bestof3-gen9vgc2025regibo3-2354105936\">a best-of-3</a></h2>\n|t:|1746035661\n|gametype|doubles\n|player|p1|Silent Whisp|burglar|1089\n|player|p2|MrBlubbyBoi|lucas|1046\n|teamsize|p1|6\n|teamsize|p2|6\n|gen|9\n|tier|[Gen 9] VGC 2025 Reg I (Bo3)\n|rated|\n|rule|Species Clause: Limit one of each Pok\u00e9mon\n|rule|Item Clause: Limit 1 of each item\n|clearpoke\n|poke|p1|Scream Tail, L50|\n|poke|p1|Incineroar, L50, F|\n|poke|p1|Rillaboom, L50, M|\n|poke|p1|Lugia, L50|\n|poke|p1|Kyogre, L50|\n|poke|p1|Basculegion, L50, M|\n|poke|p2|Gastrodon, L50, F|\n|poke|p2|Raichu, L50, F|\n|poke|p2|Ninetales, L50, F|\n|poke|p2|Zacian-*, L50|\n|poke|p2|Lunala, L50|\n|poke|p2|Staraptor, L50, F|\n|teampreview|4\n|showteam|p1|Scream Tail||BoosterEnergy|Protosynthesis|Disable,DazzlingGleam,LightScreen,Protect||||||50|,,,,,Dark]Incineroar||SitrusBerry|Intimidate|FakeOut,FlareBlitz,KnockOff,PartingShot|||F|||50|,,,,,Ghost]Rillaboom||AssaultVest|GrassySurge|FakeOut,Uturn,GrassyGlide,KnockOff|||M|||50|,,,,,Water]Lugia||Leftovers|Multiscale|CalmMind,Aeroblast,TeraBlast,Protect||||||50|,,,,,Dark]Kyogre||ChoiceScarf|Drizzle|OriginPulse,WaterSpout,IceBeam,Thunder||||||50|,,,,,Grass]Basculegion||ChoiceBand|SwiftSwim|AquaJet,Crunch,PsychicFangs,WaveCrash|||M|||50|,,,,,Dark\n|showteam|p2|Gastrodon||Leftovers|StormDrain|Yawn,IceBeam,EarthPower,Protect|||F|||50|,,,,,Grass]Raichu||FocusSash|LightningRod|FakeOut,Nuzzle,VoltSwitch,Protect|||F|||50|,,,,,Flying]Ninetales||WideLens|FlashFire|WillOWisp,HeatWave,Protect,Disable|||F|||50|,,,,,Grass]Zacian-Crowned||RustedSword|IntrepidSword|behemothblade,PlayRough,Protect,SacredSword||||||50|,,,,,Ghost]Lunala||AssaultVest|ShadowShield|DazzlingGleam,ExpandingForce,MoongeistBeam,IcyWind||||||50|,,,,,Fairy]Staraptor||ChoiceScarf|Intimidate|Tailwind,Uturn,CloseCombat,BraveBird|||F|||50|,,,,,Fighting\n|\n|t:|1746035706\n|start\n|switch|p1a: Kyogre|Kyogre, L50|100/100\n|switch|p1b: Incineroar|Incineroar, L50, F|100/100\n|switch|p2a: Ninetales|Ninetales, L50, F|100/100\n|switch|p2b: Raichu|Raichu, L50, F|100/100\n|-weather|RainDance|[from] ability: Drizzle|[of] p1a: Kyogre\n|-ability|p1b: Incineroar|Intimidate|boost\n|-unboost|p2a: Ninetales|atk|1\n|-unboost|p2b: Raichu|atk|1\n|turn|1\n|\n|t:|1746035746\n|move|p2b: Raichu|Protect|p2b: Raichu\n|-singleturn|p2b: Raichu|Protect\n|move|p2a: Ninetales|Protect|p2a: Ninetales\n|-singleturn|p2a: Ninetales|Protect\n|move|p1b: Incineroar|Fake Out|p2a: Ninetales\n|-activate|p2a: Ninetales|move: Protect\n|move|p1a: Kyogre|Water Spout|p2b: Raichu|[spread] \n|-activate|p2a: Ninetales|move: Protect\n|-activate|p2b: Raichu|move: Protect\n|\n|-weather|RainDance|[upkeep]\n|upkeep\n|turn|2\n|\n|t:|1746035764\n|switch|p2b: Lunala|Lunala, L50|100/100\n|switch|p2a: Gastrodon|Gastrodon, L50, F|100/100\n|move|p1a: Kyogre|Water Spout|p2a: Gastrodon|[spread] p2b\n|-ability|p2a: Gastrodon|Storm Drain|boost\n|-boost|p2a: Gastrodon|spa|1\n|-damage|p2b: Lunala|79/100\n|move|p1b: Incineroar|Knock Off|p2b: Lunala\n|-supereffective|p2b: Lunala\n|-damage|p2b: Lunala|0 fnt\n|-enditem|p2b: Lunala|Assault Vest|[from] move: Knock Off|[of] p1b: Incineroar\n|faint|p2b: Lunala\n|\n|-weather|RainDance|[upkeep]\n|upkeep\n|\n|t:|1746035772\n|switch|p2b: Raichu|Raichu, L50, F|100/100\n|turn|3\n|\n|t:|1746035783\n|move|p2b: Raichu|Fake Out|p1a: Kyogre\n|-damage|p1a: Kyogre|88/100\n|cant|p1a: Kyogre|flinch\n|move|p1b: Incineroar|Knock Off|p2a: Gastrodon\n|-damage|p2a: Gastrodon|66/100\n|-enditem|p2a: Gastrodon|Leftovers|[from] move: Knock Off|[of] p1b: Incineroar\n|move|p2a: Gastrodon|Earth Power|p1b: Incineroar\n|-supereffective|p1b: Incineroar\n|-damage|p1b: Incineroar|29/100\n|-enditem|p1b: Incineroar|Sitrus Berry|[eat]\n|-heal|p1b: Incineroar|54/100|[from] item: Sitrus Berry\n|\n|-weather|RainDance|[upkeep]\n|upkeep\n|turn|4\n|\n|t:|1746035804\n|switch|p1a: Basculegion|Basculegion, L50, M|100/100\n|switch|p1b: Lugia|Lugia, L50|100/100\n|move|p2b: Raichu|Protect|p2b: Raichu\n|-singleturn|p2b: Raichu|Protect\n|move|p2a: Gastrodon|Earth Power|p1b: Lugia\n|-immune|p1b: Lugia\n|\n|-weather|RainDance|[upkeep]\n|upkeep\n|turn|5\n|\n|t:|1746035820\n|-terastallize|p1a: Basculegion|Dark\n|move|p2a: Gastrodon|Protect|p2a: Gastrodon\n|-singleturn|p2a: Gastrodon|Protect\n|move|p1a: Basculegion|Crunch|p2b: Raichu\n|-enditem|p2b: Raichu|Focus Sash\n|-damage|p2b: Raichu|1/100\n|move|p2b: Raichu|Volt Switch|p1a: Basculegion\n|-damage|p1a: Basculegion|71/100\n|\n|t:|1746035829\n|switch|p2b: Ninetales|Ninetales, L50, F|100/100|[from] Volt Switch\n|move|p1b: Lugia|Calm Mind|p1b: Lugia\n|-boost|p1b: Lugia|spa|1\n|-boost|p1b: Lugia|spd|1\n|\n|-weather|none\n|upkeep\n|turn|6\n|\n|t:|1746035843\n|switch|p1a: Kyogre|Kyogre, L50|88/100\n|-weather|RainDance|[from] ability: Drizzle|[of] p1a: Kyogre\n|move|p2b: Ninetales|Will-O-Wisp|p1a: Kyogre\n|-status|p1a: Kyogre|brn\n|move|p1b: Lugia|Calm Mind|p1b: Lugia\n|-boost|p1b: Lugia|spa|1\n|-boost|p1b: Lugia|spd|1\n|move|p2a: Gastrodon|Yawn|p1b: Lugia\n|-start|p1b: Lugia|move: Yawn|[of] p2a: Gastrodon\n|\n|-weather|RainDance|[upkeep]\n|-damage|p1a: Kyogre|82/100 brn|[from] brn\n|upkeep\n|turn|7\n|\n|t:|1746035862\n|move|p2b: Ninetales|Protect|p2b: Ninetales\n|-singleturn|p2b: Ninetales|Protect\n|move|p2a: Gastrodon|Protect|p2a: Gastrodon\n|-singleturn|p2a: Gastrodon|Protect\n|move|p1a: Kyogre|Origin Pulse|p2b: Ninetales|[spread] \n|-activate|p2a: Gastrodon|move: Protect\n|-activate|p2b: Ninetales|move: Protect\n|move|p1b: Lugia|Aeroblast|p2a: Gastrodon\n|-activate|p2a: Gastrodon|move: Protect\n|\n|-weather|RainDance|[upkeep]\n|-damage|p1a: Kyogre|76/100 brn|[from] brn\n|-end|p1b: Lugia|move: Yawn|[silent]\n|-status|p1b: Lugia|slp\n|upkeep\n|turn|8\n|j| angelicangel12\n|\n|t:|1746035889\n|move|p1a: Kyogre|Origin Pulse|p2a: Gastrodon|[spread] p2b\n|-ability|p2a: Gastrodon|Storm Drain|boost\n|-boost|p2a: Gastrodon|spa|1\n|-supereffective|p2b: Ninetales\n|-damage|p2b: Ninetales|0 fnt\n|faint|p2b: Ninetales\n|cant|p1b: Lugia|slp\n|move|p2a: Gastrodon|Ice Beam|p1b: Lugia\n|-supereffective|p1b: Lugia\n|-damage|p1b: Lugia|91/100 slp\n|\n|-weather|RainDance|[upkeep]\n|-heal|p1b: Lugia|97/100 slp|[from] item: Leftovers\n|-damage|p1a: Kyogre|71/100 brn|[from] brn\n|upkeep\n|l| angelicangel12\n|\n|t:|1746035893\n|switch|p2b: Raichu|Raichu, L50, F|1/100\n|turn|9\n|\n|t:|1746035911\n|move|p2b: Raichu|Fake Out|p1a: Kyogre\n|-damage|p1a: Kyogre|59/100 brn\n|cant|p1a: Kyogre|flinch\n|cant|p1b: Lugia|slp\n|move|p2a: Gastrodon|Ice Beam|p1b: Lugia\n|-supereffective|p1b: Lugia\n|-damage|p1b: Lugia|76/100 slp\n|\n|-weather|RainDance|[upkeep]\n|-heal|p1b: Lugia|82/100 slp|[from] item: Leftovers\n|-damage|p1a: Kyogre|53/100 brn|[from] brn\n|upkeep\n|turn|10\n|\n|t:|1746035934\n|move|p1a: Kyogre|Origin Pulse|p2a: Gastrodon|[spread] p2b\n|-ability|p2a: Gastrodon|Storm Drain|boost\n|-boost|p2a: Gastrodon|spa|1\n|-damage|p2b: Raichu|0 fnt\n|faint|p2b: Raichu\n|-curestatus|p1b: Lugia|slp|[msg]\n|move|p1b: Lugia|Aeroblast|p2a: Gastrodon\n|-damage|p2a: Gastrodon|10/100\n|move|p2a: Gastrodon|Yawn|p1b: Lugia\n|-start|p1b: Lugia|move: Yawn|[of] p2a: Gastrodon\n|\n|-weather|none\n|-heal|p1b: Lugia|88/100|[from] item: Leftovers\n|-damage|p1a: Kyogre|47/100 brn|[from] brn\n|upkeep\n|turn|11\n|\n|t:|1746035956\n|switch|p1a: Incineroar|Incineroar, L50, F|54/100\n|-ability|p1a: Incineroar|Intimidate|boost\n|-unboost|p2a: Gastrodon|atk|1\n|move|p2a: Gastrodon|Protect|p2a: Gastrodon\n|-singleturn|p2a: Gastrodon|Protect\n|move|p1b: Lugia|Tera Blast|p2a: Gastrodon\n|-activate|p2a: Gastrodon|move: Protect\n|\n|-heal|p1b: Lugia|94/100|[from] item: Leftovers\n|-end|p1b: Lugia|move: Yawn|[silent]\n|-status|p1b: Lugia|slp\n|upkeep\n|turn|12\n|\n|t:|1746035966\n|move|p1a: Incineroar|Fake Out|p2a: Gastrodon\n|-damage|p2a: Gastrodon|1/100\n|cant|p1b: Lugia|slp\n|cant|p2a: Gastrodon|flinch\n|\n|-heal|p1b: Lugia|100/100 slp|[from] item: Leftovers\n|upkeep\n|turn|13\n|-message|MrBlubbyBoi forfeited.\n|\n|win|Silent Whisp\n|raw|Silent Whisp's rating: 1089 &rarr; <strong>1112</strong><br />(+23 for winning)\n|raw|MrBlubbyBoi's rating: 1046 &rarr; <strong>1031</strong><br />(-15 for losing)\n|l|\u2606MrBlubbyBoi\n|player|p2|\n|l|\u2606Silent Whisp\n|player|p1|\n", "uploadtime": 1746036321, "views": 7, "formatid": "gen9vgc2025regibo3", "rating": 1031, "private": 0, "password": null}