{"id": "gen9vgc2025regibo3-2353457580", "format": "[Gen 9] VGC 2025 Reg I (Bo3)", "players": ["amnek", "TheMochiMan"], "log": "|j|\u2606amnek\n|j|\u2606TheMochiMan\n|html|<table width=\"100%\"><tr><td align=\"left\">amnek</td><td align=\"right\">TheMochiMan</tr><tr><td align=\"left\"><i class=\"fa fa-circle-o\"></i> <i class=\"fa fa-circle-o\"></i> </td><td align=\"right\"><i class=\"fa fa-circle-o\"></i> <i class=\"fa fa-circle-o\"></i> </tr></table>\n|uhtml|bestof|<h2><strong>Game 1</strong> of <a href=\"/game-bestof3-gen9vgc2025regibo3-2353457579\">a best-of-3</a></h2>\n|t:|1745957708\n|gametype|doubles\n|player|p1|amnek|n|1238\n|player|p2|TheMochiMan|worker|1342\n|teamsize|p1|6\n|teamsize|p2|6\n|gen|9\n|tier|[Gen 9] VGC 2025 Reg I (Bo3)\n|rated|\n|rule|Species Clause: Limit one of each Pok\u00e9mon\n|rule|Item Clause: Limit 1 of each item\n|clearpoke\n|poke|p1|Kyogre, L50|\n|poke|p1|Zacian-*, L50|\n|poke|p1|Urshifu-*, L50, F|\n|poke|p1|Rillaboom, L50, F|\n|poke|p1|Incineroar, L50, F|\n|poke|p1|Amoonguss, L50, M|\n|poke|p2|Calyrex-Shadow, L50|\n|poke|p2|Zamazenta-*, L50|\n|poke|p2|Incineroar, L50, M|\n|poke|p2|Rillaboom, L50, F|\n|poke|p2|Urshifu-*, L50, F|\n|poke|p2|Ogerpon-Hearthflame, L50, F|\n|teampreview|4\n|showteam|p1|Kyogre||Leftovers|Drizzle|OriginPulse,WaterSpout,CalmMind,Protect||||||50|,,,,,Grass]Zacian-Crowned||RustedSword|IntrepidSword|behemothblade,PlayRough,SwordsDance,Protect||||||50|,,,,,Grass]Urshifu-Rapid-Strike||ChoiceScarf|UnseenFist|CloseCombat,SurgingStrikes,AquaJet,Uturn|||F|||50|,,,,,Ghost]Rillaboom||AssaultVest|GrassySurge|FakeOut,WoodHammer,GrassyGlide,Uturn|||F|||50|,,,,,Water]Incineroar||SafetyGoggles|Intimidate|WillOWisp,KnockOff,FakeOut,PartingShot|||F|||50|,,,,,Bug]Amoonguss||RockyHelmet|Regenerator|Protect,Spore,RagePowder,SludgeBomb|||M|||50|,,,,,Water\n|showteam|p2|Calyrex-Shadow||LifeOrb|AsOneSpectrier|AstralBarrage,Psychic,NastyPlot,Protect||||||50|,,,,,Dark]Zamazenta-Crowned||RustedShield|DauntlessShield|BodyPress,behemothbash,WideGuard,Protect||||||50|,,,,,Dragon]Incineroar||RockyHelmet|Intimidate|KnockOff,PartingShot,FakeOut,HelpingHand|||M|||50|,,,,,Bug]Rillaboom||AssaultVest|GrassySurge|FakeOut,WoodHammer,GrassyGlide,Uturn|||F|||50|,,,,,Water]Urshifu-Rapid-Strike||ChoiceScarf|UnseenFist|SurgingStrikes,CloseCombat,AquaJet,Uturn|||F|||50|,,,,,Water]Ogerpon-Hearthflame||HearthflameMask|MoldBreaker|IvyCudgel,GrassyGlide,FollowMe,SpikyShield|||F|||50|,,,,,Fire\n|inactive|Battle timer is ON: inactive players will automatically lose when time's up. (requested by amnek)\n|inactive|amnek has 60 seconds left.\n|inactive|TheMochiMan has 60 seconds left.\n|l|\u2606amnek\n|inactive|amnek disconnected and has a minute to reconnect!\n|player|p1|\n|j|\u2606amnek\n|inactive|amnek reconnected and has 55 seconds left.\n|player|p1|amnek|n|\n|inactive|amnek has 30 seconds left.\n|inactive|TheMochiMan has 30 seconds left.\n|inactive|amnek has 20 seconds left.\n|inactive|amnek has 15 seconds left.\n|inactive|TheMochiMan has 20 seconds left.\n|inactive|amnek has 10 seconds left.\n|inactive|TheMochiMan has 15 seconds left.\n|inactive|TheMochiMan has 10 seconds left.\n|inactive|TheMochiMan has 5 seconds left.\n|\n|t:|1745957804\n|start\n|switch|p1a: Rillaboom|Rillaboom, L50, F|100/100\n|switch|p1b: Zacian|Zacian-Crowned, L50|100/100\n|switch|p2a: Calyrex|Calyrex-Shadow, L50|100/100\n|switch|p2b: Zamazenta|Zamazenta-Crowned, L50|100/100\n|-ability|p2a: Calyrex|As One\n|-ability|p2a: Calyrex|Unnerve\n|-ability|p1b: Zacian|Intrepid Sword|boost\n|-boost|p1b: Zacian|atk|1\n|-ability|p2b: Zamazenta|Dauntless Shield|boost\n|-boost|p2b: Zamazenta|def|1\n|-fieldstart|move: Grassy Terrain|[from] ability: Grassy Surge|[of] p1a: Rillaboom\n|turn|1\n|inactive|amnek has 30 seconds left.\n|inactive|amnek has 20 seconds left.\n|inactive|amnek has 15 seconds left.\n|\n|t:|1745957844\n|switch|p2a: Incineroar|Incineroar, L50, M|100/100\n|-ability|p2a: Incineroar|Intimidate|boost\n|-unboost|p1a: Rillaboom|atk|1\n|-unboost|p1b: Zacian|atk|1\n|move|p1b: Zacian|Swords Dance|p1b: Zacian\n|-boost|p1b: Zacian|atk|2\n|move|p2b: Zamazenta|Body Press|p1b: Zacian\n|-damage|p1b: Zacian|43/100\n|move|p1a: Rillaboom|Wood Hammer|p2a: Incineroar\n|-resisted|p2a: Incineroar\n|-damage|p2a: Incineroar|83/100\n|-damage|p1a: Rillaboom|84/100|[from] item: Rocky Helmet|[of] p2a: Incineroar\n|-damage|p1a: Rillaboom|78/100|[from] Recoil\n|\n|-heal|p1b: Zacian|49/100|[from] Grassy Terrain\n|-heal|p1a: Rillaboom|84/100|[from] Grassy Terrain\n|-heal|p2a: Incineroar|89/100|[from] Grassy Terrain\n|upkeep\n|turn|2\n|\n|t:|1745957867\n|switch|p1a: Incineroar|Incineroar, L50, F|100/100\n|-ability|p1a: Incineroar|Intimidate|boost\n|-unboost|p2a: Incineroar|atk|1\n|-unboost|p2b: Zamazenta|atk|1\n|switch|p2a: Rillaboom|Rillaboom, L50, F|100/100\n|move|p1b: Zacian|Protect|p1b: Zacian\n|-singleturn|p1b: Zacian|Protect\n|move|p2b: Zamazenta|Body Press|p1b: Zacian\n|-activate|p1b: Zacian|move: Protect\n|\n|-heal|p1b: Zacian|55/100|[from] Grassy Terrain\n|upkeep\n|turn|3\n|\n|t:|1745957883\n|switch|p1b: Rillaboom|Rillaboom, L50, F|84/100\n|switch|p2a: Incineroar|Incineroar, L50, M|89/100\n|-ability|p2a: Incineroar|Intimidate|boost\n|-unboost|p1a: Incineroar|atk|1\n|-unboost|p1b: Rillaboom|atk|1\n|move|p2b: Zamazenta|Protect|p2b: Zamazenta\n|-singleturn|p2b: Zamazenta|Protect\n|move|p1a: Incineroar|Will-O-Wisp|p2b: Zamazenta\n|-activate|p2b: Zamazenta|move: Protect\n|\n|-heal|p1b: Rillaboom|90/100|[from] Grassy Terrain\n|-heal|p2a: Incineroar|95/100|[from] Grassy Terrain\n|upkeep\n|turn|4\n|inactive|amnek has 30 seconds left.\n|\n|t:|1745957909\n|-terastallize|p1a: Incineroar|Bug\n|move|p1b: Rillaboom|Fake Out|p2a: Incineroar\n|-damage|p2a: Incineroar|87/100\n|-damage|p1b: Rillaboom|73/100|[from] item: Rocky Helmet|[of] p2a: Incineroar\n|cant|p2a: Incineroar|flinch\n|move|p2b: Zamazenta|Body Press|p1a: Incineroar\n|-resisted|p1a: Incineroar\n|-damage|p1a: Incineroar|71/100\n|move|p1a: Incineroar|Will-O-Wisp|p2b: Zamazenta\n|-status|p2b: Zamazenta|brn\n|\n|-heal|p1b: Rillaboom|79/100|[from] Grassy Terrain\n|-heal|p1a: Incineroar|77/100|[from] Grassy Terrain\n|-heal|p2a: Incineroar|93/100|[from] Grassy Terrain\n|-damage|p2b: Zamazenta|95/100 brn|[from] brn\n|upkeep\n|turn|5\n|inactive|amnek has 30 seconds left.\n|\n|t:|1745957936\n|switch|p2b: Rillaboom|Rillaboom, L50, F|100/100\n|move|p1b: Rillaboom|U-turn|p2a: Incineroar\n|-damage|p2a: Incineroar|83/100\n|-damage|p1b: Rillaboom|63/100|[from] item: Rocky Helmet|[of] p2a: Incineroar\n|\n|t:|1745957943\n|switch|p1b: Zacian|Zacian-Crowned, L50|55/100|[from] U-turn\n|move|p1a: Incineroar|Parting Shot|p2a: Incineroar\n|-unboost|p2a: Incineroar|atk|1\n|-unboost|p2a: Incineroar|spa|1\n|\n|t:|1745957949\n|switch|p1a: Kyogre|Kyogre, L50|100/100|[from] Parting Shot\n|-weather|RainDance|[from] ability: Drizzle|[of] p1a: Kyogre\n|move|p2a: Incineroar|Parting Shot|p1b: Zacian\n|-unboost|p1b: Zacian|atk|1\n|-unboost|p1b: Zacian|spa|1\n|\n|t:|1745957960\n|switch|p2a: Calyrex|Calyrex-Shadow, L50|100/100|[from] Parting Shot\n|-ability|p2a: Calyrex|As One\n|-ability|p2a: Calyrex|Unnerve\n|\n|-weather|RainDance|[upkeep]\n|-heal|p1b: Zacian|61/100|[from] Grassy Terrain\n|-fieldend|move: Grassy Terrain\n|upkeep\n|turn|6\n|\n|t:|1745957975\n|switch|p1b: Rillaboom|Rillaboom, L50, F|63/100\n|-fieldstart|move: Grassy Terrain|[from] ability: Grassy Surge|[of] p1b: Rillaboom\n|move|p2a: Calyrex|Protect|p2a: Calyrex\n|-singleturn|p2a: Calyrex|Protect\n|move|p1a: Kyogre|Protect|p1a: Kyogre\n|-singleturn|p1a: Kyogre|Protect\n|move|p2b: Rillaboom|U-turn|p1a: Kyogre\n|-activate|p1a: Kyogre|move: Protect\n|\n|-weather|RainDance|[upkeep]\n|-heal|p1b: Rillaboom|69/100|[from] Grassy Terrain\n|upkeep\n|turn|7\n|\n|t:|1745957992\n|switch|p2a: Zamazenta|Zamazenta-Crowned, L50|95/100 brn\n|move|p1b: Rillaboom|Fake Out|p2b: Rillaboom\n|-damage|p2b: Rillaboom|89/100\n|move|p1a: Kyogre|Calm Mind|p1a: Kyogre\n|-boost|p1a: Kyogre|spa|1\n|-boost|p1a: Kyogre|spd|1\n|cant|p2b: Rillaboom|flinch\n|\n|-weather|RainDance|[upkeep]\n|-heal|p2a: Zamazenta|100/100 brn|[from] Grassy Terrain\n|-heal|p1b: Rillaboom|74/100|[from] Grassy Terrain\n|-heal|p2b: Rillaboom|95/100|[from] Grassy Terrain\n|-damage|p2a: Zamazenta|95/100 brn|[from] brn\n|upkeep\n|turn|8\n|\n|t:|1745958009\n|switch|p1b: Incineroar|Incineroar, L50, F, tera:Bug|77/100\n|-ability|p1b: Incineroar|Intimidate|boost\n|-unboost|p2a: Zamazenta|atk|1\n|-unboost|p2b: Rillaboom|atk|1\n|move|p1a: Kyogre|Protect|p1a: Kyogre\n|-singleturn|p1a: Kyogre|Protect\n|move|p2a: Zamazenta|Body Press|p1a: Kyogre\n|-activate|p1a: Kyogre|move: Protect\n|move|p2b: Rillaboom|U-turn|p1b: Incineroar\n|-damage|p1b: Incineroar|66/100\n|\n|t:|1745958025\n|switch|p2b: Calyrex|Calyrex-Shadow, L50|100/100|[from] U-turn\n|-ability|p2b: Calyrex|As One\n|-ability|p2b: Calyrex|Unnerve\n|\n|-weather|RainDance|[upkeep]\n|-heal|p2a: Zamazenta|100/100 brn|[from] Grassy Terrain\n|-heal|p1b: Incineroar|72/100|[from] Grassy Terrain\n|-damage|p2a: Zamazenta|95/100 brn|[from] brn\n|upkeep\n|turn|9\n|\n|t:|1745958041\n|switch|p1b: Rillaboom|Rillaboom, L50, F|74/100\n|-terastallize|p2b: Calyrex|Dark\n|move|p2a: Zamazenta|Wide Guard|p2a: Zamazenta\n|-singleturn|p2a: Zamazenta|Wide Guard\n|move|p2b: Calyrex|Nasty Plot|p2b: Calyrex\n|-boost|p2b: Calyrex|spa|2\n|move|p1a: Kyogre|Calm Mind|p1a: Kyogre\n|-boost|p1a: Kyogre|spa|1\n|-boost|p1a: Kyogre|spd|1\n|\n|-weather|none\n|-heal|p2a: Zamazenta|100/100 brn|[from] Grassy Terrain\n|-heal|p1b: Rillaboom|80/100|[from] Grassy Terrain\n|-damage|p2a: Zamazenta|95/100 brn|[from] brn\n|upkeep\n|turn|10\n|\n|t:|1745958065\n|switch|p2a: Incineroar|Incineroar, L50, M|83/100\n|-ability|p2a: Incineroar|Intimidate|boost\n|-unboost|p1a: Kyogre|atk|1\n|-unboost|p1b: Rillaboom|atk|1\n|move|p2b: Calyrex|Protect|p2b: Calyrex\n|-singleturn|p2b: Calyrex|Protect\n|move|p1b: Rillaboom|Fake Out|p2a: Incineroar\n|-damage|p2a: Incineroar|76/100\n|-damage|p1b: Rillaboom|64/100|[from] item: Rocky Helmet|[of] p2a: Incineroar\n|move|p1a: Kyogre|Water Spout|p2b: Calyrex|[spread] p2a\n|-activate|p2b: Calyrex|move: Protect\n|-supereffective|p2a: Incineroar\n|-damage|p2a: Incineroar|0 fnt\n|faint|p2a: Incineroar\n|\n|-heal|p1b: Rillaboom|70/100|[from] Grassy Terrain\n|-fieldend|move: Grassy Terrain\n|upkeep\n|\n|t:|1745958077\n|switch|p2a: Zamazenta|Zamazenta-Crowned, L50|95/100 brn\n|turn|11\n|\n|t:|1745958085\n|switch|p1b: Zacian|Zacian-Crowned, L50|61/100\n|move|p1a: Kyogre|Protect|p1a: Kyogre\n|-singleturn|p1a: Kyogre|Protect\n|move|p2a: Zamazenta|Wide Guard|p2a: Zamazenta\n|-singleturn|p2a: Zamazenta|Wide Guard\n|move|p2b: Calyrex|Astral Barrage|p1b: Zacian|[spread] p1b\n|-activate|p1a: Kyogre|move: Protect\n|-damage|p1b: Zacian|0 fnt\n|faint|p1b: Zacian\n|-ability|p2b: Calyrex|Grim Neigh|boost\n|-boost|p2b: Calyrex|spa|1\n|-damage|p2b: Calyrex|91/100|[from] item: Life Orb\n|\n|-damage|p2a: Zamazenta|89/100 brn|[from] brn\n|upkeep\n|\n|t:|1745958109\n|switch|p1b: Incineroar|Incineroar, L50, F, tera:Bug|72/100\n|-ability|p1b: Incineroar|Intimidate|boost\n|-unboost|p2a: Zamazenta|atk|1\n|-unboost|p2b: Calyrex|atk|1\n|turn|12\n|\n|t:|1745958126\n|switch|p1b: Rillaboom|Rillaboom, L50, F|70/100\n|-fieldstart|move: Grassy Terrain|[from] ability: Grassy Surge|[of] p1b: Rillaboom\n|move|p2a: Zamazenta|Wide Guard|p2a: Zamazenta\n|-singleturn|p2a: Zamazenta|Wide Guard\n|move|p2b: Calyrex|Astral Barrage|p1a: Kyogre|[spread] p1a,p1b\n|-damage|p1a: Kyogre|43/100\n|-damage|p1b: Rillaboom|0 fnt\n|faint|p1b: Rillaboom\n|-ability|p2b: Calyrex|Grim Neigh|boost\n|-boost|p2b: Calyrex|spa|1\n|-damage|p2b: Calyrex|81/100|[from] item: Life Orb\n|move|p1a: Kyogre|Calm Mind|p1a: Kyogre\n|-boost|p1a: Kyogre|spa|1\n|-boost|p1a: Kyogre|spd|1\n|\n|-heal|p2b: Calyrex|87/100|[from] Grassy Terrain\n|-heal|p2a: Zamazenta|95/100 brn|[from] Grassy Terrain\n|-heal|p1a: Kyogre|49/100|[from] Grassy Terrain\n|-heal|p1a: Kyogre|56/100|[from] item: Leftovers\n|-damage|p2a: Zamazenta|89/100 brn|[from] brn\n|upkeep\n|\n|t:|1745958136\n|switch|p1b: Incineroar|Incineroar, L50, F, tera:Bug|72/100\n|-ability|p1b: Incineroar|Intimidate|boost\n|-unboost|p2a: Zamazenta|atk|1\n|-unboost|p2b: Calyrex|atk|1\n|turn|13\n|inactive|amnek has 30 seconds left.\n|\n|t:|1745958162\n|move|p2a: Zamazenta|Wide Guard|p2a: Zamazenta\n|-singleturn|p2a: Zamazenta|Wide Guard\n|move|p1b: Incineroar|Fake Out|p2a: Zamazenta\n|-resisted|p2a: Zamazenta\n|-damage|p2a: Zamazenta|86/100 brn\n|move|p2b: Calyrex|Astral Barrage|p1b: Incineroar|[spread] p1a,p1b\n|-damage|p1a: Kyogre|5/100\n|-damage|p1b: Incineroar|0 fnt\n|faint|p1b: Incineroar\n|-ability|p2b: Calyrex|Grim Neigh|boost\n|-boost|p2b: Calyrex|spa|1\n|-damage|p2b: Calyrex|78/100|[from] item: Life Orb\n|move|p1a: Kyogre|Water Spout|p2b: Calyrex|[spread] \n|-activate|p2a: Zamazenta|move: Wide Guard\n|-activate|p2b: Calyrex|move: Wide Guard\n|\n|-heal|p2b: Calyrex|84/100|[from] Grassy Terrain\n|-heal|p2a: Zamazenta|92/100 brn|[from] Grassy Terrain\n|-heal|p1a: Kyogre|11/100|[from] Grassy Terrain\n|-heal|p1a: Kyogre|18/100|[from] item: Leftovers\n|-damage|p2a: Zamazenta|86/100 brn|[from] brn\n|upkeep\n|turn|14\n|-message|amnek forfeited.\n|\n|win|TheMochiMan\n||TheMochiMan is ready for game 2.\n|inactive|amnek has 30 seconds to confirm battle start!\n||amnek is ready for game 2.\n|uhtml|next|Next: <a href=\"/battle-gen9vgc2025regibo3-2353462753\"><strong>Game 2 of 3</strong></a>\n", "uploadtime": 1745958293, "views": 8, "formatid": "gen9vgc2025regibo3", "rating": null, "private": 0, "password": null}