{"id": "gen9vgc2025regibo3-2353466756", "format": "[Gen 9] VGC 2025 Reg I (Bo3)", "players": ["heroplayer2025", "ggaattyy"], "log": "|j|\u2606heroplayer2025\n|j|\u2606ggaattyy\n|html|<table width=\"100%\"><tr><td align=\"left\">heroplayer2025</td><td align=\"right\">ggaattyy</tr><tr><td align=\"left\"><i class=\"fa fa-circle-o\"></i> <i class=\"fa fa-circle-o\"></i> </td><td align=\"right\"><i class=\"fa fa-circle-o\"></i> <i class=\"fa fa-circle-o\"></i> </tr></table>\n|uhtml|bestof|<h2><strong>Game 1</strong> of <a href=\"/game-bestof3-gen9vgc2025regibo3-2353466755\">a best-of-3</a></h2>\n|t:|1745958557\n|gametype|doubles\n|player|p1|heroplayer2025|265|1053\n|player|p2|ggaattyy|swimmer|1007\n|teamsize|p1|6\n|teamsize|p2|6\n|gen|9\n|tier|[Gen 9] VGC 2025 Reg I (Bo3)\n|rated|\n|rule|Species Clause: Limit one of each Pok\u00e9mon\n|rule|Item Clause: Limit 1 of each item\n|clearpoke\n|poke|p1|Urshifu-*, L50, F|\n|poke|p1|Calyrex-Shadow, L50|\n|poke|p1|Indeedee-F, L50, F|\n|poke|p1|Incineroar, L50, M|\n|poke|p1|Tornadus, L50, M|\n|poke|p1|Zacian-*, L50|\n|poke|p2|Koraidon, L50|\n|poke|p2|Scream Tail, L50|\n|poke|p2|Gothitelle, L50, F|\n|poke|p2|Calyrex-Shadow, L50|\n|poke|p2|Incineroar, L50, F|\n|poke|p2|Flutter Mane, L50|\n|teampreview|4\n|showteam|p1|Urshifu-Rapid-Strike||FocusSash|UnseenFist|SurgingStrikes,CloseCombat,IcePunch,Detect|||F|||50|,,,,,Fighting]Calyrex-Shadow||LifeOrb|AsOneSpectrier|AstralBarrage,Psychic,DrainingKiss,Protect||||||50|,,,,,Fairy]Indeedee-F||PsychicSeed|PsychicSurge|AlluringVoice,HelpingHand,FollowMe,BatonPass|||F|||50|,,,,,Fairy]Incineroar||AssaultVest|Intimidate|KnockOff,FakeOut,Uturn,FlareBlitz|||M|||50|,,,,,Ghost]Tornadus||CovertCloak|Prankster|BleakwindStorm,Taunt,RainDance,Tailwind|||M|||50|,,,,,Dark]Zacian-Crowned||RustedSword|IntrepidSword|Protect,behemothblade,SacredSword,TeraBlast||||||50|,,,,,Fairy\n|showteam|p2|Koraidon||ClearAmulet|OrichalcumPulse|FlareBlitz,CollisionCourse,DragonClaw,Protect||||||50|,,,,,Fire]Scream Tail||MentalHerb|Protosynthesis|Protect,PerishSong,Encore,Disable||||||50|,,,,,Dark]Gothitelle||CovertCloak|ShadowTag|FakeOut,Taunt,Protect,Psychic|||F|||50|,,,,,Psychic]Calyrex-Shadow||ChoiceSpecs|AsOneSpectrier|AstralBarrage,ExpandingForce,GigaDrain,DarkPulse||||||50|,,,,,Ghost]Incineroar||SafetyGoggles|Intimidate|FlareBlitz,FakeOut,Protect,PartingShot|||F|||50|,,,,,Fire]Flutter Mane||FocusSash|Protosynthesis|Moonblast,PerishSong,Protect,ShadowBall||||||50|,,,,,Fairy\n|inactive|Battle timer is ON: inactive players will automatically lose when time's up. (requested by ggaattyy)\n|\n|t:|1745958578\n|start\n|switch|p1a: Urshifu|Urshifu-Rapid-Strike, L50, F|100/100\n|switch|p1b: Tera ghost|Tornadus, L50, M|100/100\n|switch|p2a: Scream Tail|Scream Tail, L50|100/100\n|switch|p2b: Incineroar|Incineroar, L50, F|100/100\n|-ability|p2b: Incineroar|Intimidate|boost\n|-unboost|p1a: Urshifu|atk|1\n|-unboost|p1b: Tera ghost|atk|1\n|turn|1\n|inactive|heroplayer2025 has 30 seconds left.\n|inactive|heroplayer2025 has 20 seconds left.\n|\n|t:|1745958618\n|move|p1a: Urshifu|Detect|p1a: Urshifu\n|-singleturn|p1a: Urshifu|Protect\n|move|p1b: Tera ghost|Taunt|p2a: Scream Tail\n|-start|p2a: Scream Tail|move: Taunt\n|-enditem|p2a: Scream Tail|Mental Herb\n|-end|p2a: Scream Tail|move: Taunt\n|move|p2a: Scream Tail|Perish Song|p2a: Scream Tail\n|-start|p1a: Urshifu|perish3|[silent]\n|-start|p1b: Tera ghost|perish3|[silent]\n|-start|p2a: Scream Tail|perish3|[silent]\n|-start|p2b: Incineroar|perish3|[silent]\n|-fieldactivate|move: Perish Song\n|move|p2b: Incineroar|Parting Shot|p1a: Urshifu\n|-activate|p1a: Urshifu|move: Protect\n|\n|-start|p2a: Scream Tail|perish3\n|-start|p1a: Urshifu|perish3\n|-start|p1b: Tera ghost|perish3\n|-start|p2b: Incineroar|perish3\n|upkeep\n|turn|2\n|inactive|heroplayer2025 has 30 seconds left.\n|\n|t:|1745958646\n|switch|p1a: Zacian|Zacian-Crowned, L50|100/100\n|-ability|p1a: Zacian|Intrepid Sword|boost\n|-boost|p1a: Zacian|atk|1\n|move|p2a: Scream Tail|Protect|p2a: Scream Tail\n|-singleturn|p2a: Scream Tail|Protect\n|move|p1b: Tera ghost|Bleakwind Storm|p2a: Scream Tail|[spread] p2b\n|-activate|p2a: Scream Tail|move: Protect\n|-damage|p2b: Incineroar|68/100\n|move|p2b: Incineroar|Parting Shot|p1a: Zacian\n|-unboost|p1a: Zacian|atk|1\n|-unboost|p1a: Zacian|spa|1\n|\n|t:|1745958661\n|switch|p2b: Gothitelle|Gothitelle, L50, F|100/100|[from] Parting Shot\n|\n|-start|p2a: Scream Tail|perish2\n|-start|p1b: Tera ghost|perish2\n|upkeep\n|turn|3\n|\n|t:|1745958685\n|move|p1a: Zacian|Protect|p1a: Zacian\n|-singleturn|p1a: Zacian|Protect\n|move|p2b: Gothitelle|Fake Out|p1a: Zacian\n|-activate|p1a: Zacian|move: Protect\n|move|p1b: Tera ghost|Taunt|p2a: Scream Tail\n|-start|p2a: Scream Tail|move: Taunt\n|cant|p2a: Scream Tail|move: Taunt|Perish Song\n|\n|-start|p2a: Scream Tail|perish1\n|-start|p1b: Tera ghost|perish1\n|upkeep\n|turn|4\n|inactive|heroplayer2025 has 30 seconds left.\n|inactive|ggaattyy has 30 seconds left.\n|inactive|ggaattyy has 20 seconds left.\n|\n|t:|1745958721\n|-end|p2a: Scream Tail|Protosynthesis|[silent]\n|switch|p2a: Incineroar|Incineroar, L50, F|68/100\n|-ability|p2a: Incineroar|Intimidate|boost\n|-unboost|p1a: Zacian|atk|1\n|-unboost|p1b: Tera ghost|atk|1\n|move|p2b: Gothitelle|Protect|p2b: Gothitelle\n|-singleturn|p2b: Gothitelle|Protect\n|move|p1a: Zacian|Behemoth Blade|p2b: Gothitelle\n|-activate|p2b: Gothitelle|move: Protect\n|move|p1b: Tera ghost|Bleakwind Storm|p2b: Gothitelle|[spread] p2a\n|-activate|p2b: Gothitelle|move: Protect\n|-damage|p2a: Incineroar|39/100\n|\n|-start|p1b: Tera ghost|perish0\n|faint|p1b: Tera ghost\n|upkeep\n|\n|t:|1745958728\n|switch|p1b: Calyrex|Calyrex-Shadow, L50|100/100\n|-ability|p1b: Calyrex|As One\n|-ability|p1b: Calyrex|Unnerve\n|turn|5\n|\n|t:|1745958750\n|switch|p2b: Scream Tail|Scream Tail, L50|100/100\n|-terastallize|p1b: Calyrex|Fairy\n|move|p2a: Incineroar|Fake Out|p1a: Zacian\n|-resisted|p1a: Zacian\n|-damage|p1a: Zacian|95/100\n|move|p1b: Calyrex|Astral Barrage|p2a: Incineroar|[spread] p2a,p2b\n|-resisted|p2a: Incineroar\n|-supereffective|p2b: Scream Tail\n|-damage|p2a: Incineroar|12/100\n|-damage|p2b: Scream Tail|4/100\n|-damage|p1b: Calyrex|91/100|[from] item: Life Orb\n|cant|p1a: Zacian|flinch\n|\n|upkeep\n|turn|6\n|\n|t:|1745958766\n|switch|p2a: Koraidon|Koraidon, L50|100/100\n|-weather|SunnyDay|[from] ability: Orichalcum Pulse|[of] p2a: Koraidon\n|-activate|p2b: Scream Tail|ability: Protosynthesis\n|-start|p2b: Scream Tail|protosynthesisspe\n|-activate|p2a: Koraidon|Orichalcum Pulse|[source]\n|move|p2b: Scream Tail|Perish Song|p2b: Scream Tail\n|-start|p1a: Zacian|perish3|[silent]\n|-start|p1b: Calyrex|perish3|[silent]\n|-start|p2a: Koraidon|perish3|[silent]\n|-start|p2b: Scream Tail|perish3|[silent]\n|-fieldactivate|move: Perish Song\n|move|p1b: Calyrex|Astral Barrage|p2b: Scream Tail|[spread] p2a,p2b\n|-supereffective|p2b: Scream Tail\n|-damage|p2a: Koraidon|39/100\n|-damage|p2b: Scream Tail|0 fnt\n|faint|p2b: Scream Tail\n|-end|p2b: Scream Tail|Protosynthesis|[silent]\n|-ability|p1b: Calyrex|Grim Neigh|boost\n|-boost|p1b: Calyrex|spa|1\n|-damage|p1b: Calyrex|81/100|[from] item: Life Orb\n|move|p1a: Zacian|Sacred Sword|p2a: Koraidon\n|-damage|p2a: Koraidon|21/100\n|\n|-weather|SunnyDay|[upkeep]\n|-start|p1b: Calyrex|perish3\n|-start|p1a: Zacian|perish3\n|-start|p2a: Koraidon|perish3\n|upkeep\n|\n|t:|1745958784\n|switch|p2b: Gothitelle|Gothitelle, L50, F|100/100\n|turn|7\n|\n|t:|1745958794\n|move|p1b: Calyrex|Protect|p1b: Calyrex\n|-singleturn|p1b: Calyrex|Protect\n|move|p1a: Zacian|Protect|p1a: Zacian\n|-singleturn|p1a: Zacian|Protect\n|move|p2a: Koraidon|Protect|p2a: Koraidon\n|-singleturn|p2a: Koraidon|Protect\n|move|p2b: Gothitelle|Protect||[still]\n|-fail|p2b: Gothitelle\n|\n|-weather|SunnyDay|[upkeep]\n|-start|p1b: Calyrex|perish2\n|-start|p1a: Zacian|perish2\n|-start|p2a: Koraidon|perish2\n|upkeep\n|turn|8\n|\n|t:|1745958806\n|switch|p2a: Incineroar|Incineroar, L50, F|12/100\n|-ability|p2a: Incineroar|Intimidate|boost\n|-unboost|p1a: Zacian|atk|1\n|-unboost|p1b: Calyrex|atk|1\n|move|p2b: Gothitelle|Protect|p2b: Gothitelle\n|-singleturn|p2b: Gothitelle|Protect\n|move|p1b: Calyrex|Astral Barrage|p2a: Incineroar|[spread] p2a\n|-activate|p2b: Gothitelle|move: Protect\n|-resisted|p2a: Incineroar\n|-damage|p2a: Incineroar|0 fnt\n|faint|p2a: Incineroar\n|-ability|p1b: Calyrex|Grim Neigh|boost\n|-boost|p1b: Calyrex|spa|1\n|-damage|p1b: Calyrex|72/100|[from] item: Life Orb\n|move|p1a: Zacian|Behemoth Blade|p2b: Gothitelle\n|-activate|p2b: Gothitelle|move: Protect\n|\n|-weather|SunnyDay|[upkeep]\n|-start|p1b: Calyrex|perish1\n|-start|p1a: Zacian|perish1\n|upkeep\n|\n|t:|1745958826\n|switch|p2a: Koraidon|Koraidon, L50|21/100\n|-activate|p2a: Koraidon|ability: Orichalcum Pulse\n|turn|9\n|\n|t:|1745958843\n|move|p2a: Koraidon|Protect|p2a: Koraidon\n|-singleturn|p2a: Koraidon|Protect\n|move|p2b: Gothitelle|Protect||[still]\n|-fail|p2b: Gothitelle\n|move|p1b: Calyrex|Astral Barrage|p2b: Gothitelle|[spread] p2b\n|-activate|p2a: Koraidon|move: Protect\n|-supereffective|p2b: Gothitelle\n|-damage|p2b: Gothitelle|0 fnt\n|faint|p2b: Gothitelle\n|-ability|p1b: Calyrex|Grim Neigh|boost\n|-boost|p1b: Calyrex|spa|1\n|-damage|p1b: Calyrex|62/100|[from] item: Life Orb\n|move|p1a: Zacian|Behemoth Blade|p2a: Koraidon\n|-activate|p2a: Koraidon|move: Protect\n|\n|-weather|SunnyDay|[upkeep]\n|-start|p1b: Calyrex|perish0\n|-start|p1a: Zacian|perish0\n|faint|p1b: Calyrex\n|faint|p1a: Zacian\n|upkeep\n|\n|t:|1745958852\n|switch|p1b: Urshifu|Urshifu-Rapid-Strike, L50, F|100/100\n|turn|10\n|\n|t:|1745958868\n|move|p2a: Koraidon|Collision Course|p1b: Urshifu\n|-damage|p1b: Urshifu|32/100\n|move|p1b: Urshifu|Ice Punch|p2a: Koraidon\n|-supereffective|p2a: Koraidon\n|-damage|p2a: Koraidon|0 fnt\n|faint|p2a: Koraidon\n|\n|win|heroplayer2025\n||ggaattyy is ready for game 2.\n", "uploadtime": 1745958873, "views": 14, "formatid": "gen9vgc2025regibo3", "rating": null, "private": 0, "password": null}