{"id": "gen9vgc2025regibo3-2354637377", "format": "[Gen 9] VGC 2025 Reg I (Bo3)", "players": ["Lugiabirb", "Metallicmadness"], "log": "|j|\u2606Lugiabirb\n|j|\u2606Metallicmadness\n|html|<table width=\"100%\"><tr><td align=\"left\">Lugiabirb</td><td align=\"right\">Metallicmadness</tr><tr><td align=\"left\"><i class=\"fa fa-circle-o\"></i> <i class=\"fa fa-circle-o\"></i> </td><td align=\"right\"><i class=\"fa fa-circle-o\"></i> <i class=\"fa fa-circle\"></i> </tr></table>\n|uhtml|bestof|<h2><strong>Game 2</strong> of <a href=\"/game-bestof3-gen9vgc2025regibo3-2354635196\">a best-of-3</a></h2>\n|t:|1746105733\n|gametype|doubles\n|player|p1|Lugiabirb|leon|1163\n|player|p2|Metallicmadness|byron|1215\n|teamsize|p1|6\n|teamsize|p2|6\n|gen|9\n|tier|[Gen 9] VGC 2025 Reg I (Bo3)\n|rated|\n|rule|Species Clause: Limit one of each Pok\u00e9mon\n|rule|Item Clause: Limit 1 of each item\n|clearpoke\n|poke|p1|Kyurem-Black, L50|\n|poke|p1|Lunala, L50|\n|poke|p1|Rillaboom, L50, M|\n|poke|p1|Incineroar, L50, M|\n|poke|p1|Ogerpon-Cornerstone, L50, F|\n|poke|p1|Tornadus, L50, M|\n|poke|p2|Groudon, L50|\n|poke|p2|Grimmsnarl, L50, M|\n|poke|p2|Incineroar, L50, F|\n|poke|p2|Amoonguss, L50, F|\n|poke|p2|Terapagos, L50, M|\n|poke|p2|Flutter Mane, L50|\n|teampreview|4\n|showteam|p1|Kyurem-Black||ClearAmulet|Teravolt|IcicleSpear,FusionBolt,DragonDance,Protect||||||50|,,,,,Ghost]Lunala||Leftovers|ShadowShield|MoongeistBeam,Moonblast,WideGuard,Protect||||||50|,,,,,Fairy]Rillaboom||AssaultVest|GrassySurge|FakeOut,GrassyGlide,WoodHammer,Uturn|||M|||50|,,,,,Fire]Incineroar||SafetyGoggles|Intimidate|FlareBlitz,FakeOut,PartingShot,KnockOff|||M|||50|,,,,,Ghost]Ogerpon-Cornerstone||CornerstoneMask|Sturdy|IvyCudgel,WoodHammer,FollowMe,SpikyShield|||F|||50|,,,,,Rock]Tornadus||CovertCloak|Prankster|BleakwindStorm,Tailwind,Taunt,Protect|||M|||50|,,,,,Dark\n|showteam|p2|Groudon||ClearAmulet|Drought|PrecipiceBlades,HeatCrash,WillOWisp,Protect||||||50|,,,,,Ground]Grimmsnarl||LightClay|Prankster|SpiritBreak,LightScreen,Reflect,ThunderWave|||M|||50|,,,,,Steel]Incineroar||SafetyGoggles|Intimidate|FlareBlitz,PartingShot,FakeOut,KnockOff|||F|||50|,,,,,Ghost]Amoonguss||SitrusBerry|Regenerator|PollenPuff,Spore,Protect,RagePowder|||F|||50|,,,,,Water]Terapagos||Leftovers|TeraShift|TeraStarstorm,EarthPower,CalmMind,Protect|||M|||50|,,,,,Stellar]Flutter Mane||FocusSash|Protosynthesis|Moonblast,ShadowBall,IcyWind,Protect||||||50|,,,,,Normal\n|inactive|Battle timer is ON: inactive players will automatically lose when time's up. (requested by Metallicmadness)\n|\n|t:|1746105759\n|start\n|switch|p1a: Kyurem|Kyurem-Black, L50|100/100\n|switch|p1b: Ogerpon|Ogerpon-Cornerstone, L50, F|100/100\n|switch|p2a: Flutter Mane|Flutter Mane, L50|100/100\n|switch|p2b: Incineroar|Incineroar, L50, F|100/100\n|-ability|p1a: Kyurem|Teravolt\n|-ability|p2b: Incineroar|Intimidate|boost\n|-fail|p1a: Kyurem|unboost|[from] item: Clear Amulet|[of] p1a: Kyurem\n|-unboost|p1b: Ogerpon|atk|1\n|turn|1\n|\n|t:|1746105778\n|move|p1b: Ogerpon|Spiky Shield|p1b: Ogerpon\n|-singleturn|p1b: Ogerpon|move: Protect\n|move|p1a: Kyurem|Protect|p1a: Kyurem\n|-singleturn|p1a: Kyurem|Protect\n|move|p2a: Flutter Mane|Icy Wind|p1b: Ogerpon|[spread] \n|-activate|p1a: Kyurem|move: Protect\n|-activate|p1b: Ogerpon|move: Protect\n|move|p2b: Incineroar|Knock Off|p1a: Kyurem\n|-activate|p1a: Kyurem|move: Protect\n|\n|upkeep\n|turn|2\n|\n|t:|1746105792\n|move|p1b: Ogerpon|Follow Me|p1b: Ogerpon\n|-singleturn|p1b: Ogerpon|move: Follow Me\n|move|p2a: Flutter Mane|Icy Wind|p1b: Ogerpon|[spread] p1a,p1b\n|-supereffective|p1b: Ogerpon\n|-damage|p1a: Kyurem|88/100\n|-damage|p1b: Ogerpon|63/100\n|-unboost|p1b: Ogerpon|spe|1\n|move|p1a: Kyurem|Dragon Dance|p1a: Kyurem\n|-boost|p1a: Kyurem|atk|1\n|-boost|p1a: Kyurem|spe|1\n|move|p2b: Incineroar|Parting Shot|p1b: Ogerpon\n|-unboost|p1b: Ogerpon|atk|1\n|-unboost|p1b: Ogerpon|spa|1\n|\n|t:|1746105799\n|switch|p2b: Grimmsnarl|Grimmsnarl, L50, M|100/100|[from] Parting Shot\n|\n|upkeep\n|turn|3\n|\n|t:|1746105811\n|move|p1b: Ogerpon|Follow Me|p1b: Ogerpon\n|-singleturn|p1b: Ogerpon|move: Follow Me\n|move|p2b: Grimmsnarl|Reflect|p2b: Grimmsnarl\n|-sidestart|p2: Metallicmadness|Reflect\n|move|p1a: Kyurem|Icicle Spear|p2a: Flutter Mane\n|-damage|p2a: Flutter Mane|63/100\n|-damage|p2a: Flutter Mane|27/100\n|-damage|p2a: Flutter Mane|0 fnt\n|faint|p2a: Flutter Mane\n|-end|p2a: Flutter Mane|Protosynthesis|[silent]\n|-hitcount|p2: Flutter Mane|3\n|\n|upkeep\n|\n|t:|1746105825\n|switch|p2a: Terapagos|Terapagos, L50, M|100/100\n|-activate|p2a: Terapagos|ability: Tera Shift\n|detailschange|p2a: Terapagos|Terapagos-Terastal, L50, M\n|-heal|p2a: Terapagos|100/100|[silent]\n|turn|4\n|\n|t:|1746105847\n|move|p1a: Kyurem|Protect|p1a: Kyurem\n|-singleturn|p1a: Kyurem|Protect\n|move|p2b: Grimmsnarl|Thunder Wave|p1a: Kyurem\n|-activate|p1a: Kyurem|move: Protect\n|move|p1b: Ogerpon|Ivy Cudgel|p2b: Grimmsnarl|[anim] Ivy Cudgel Rock\n|-damage|p2b: Grimmsnarl|76/100\n|move|p2a: Terapagos|Calm Mind|p2a: Terapagos\n|-boost|p2a: Terapagos|spa|1\n|-boost|p2a: Terapagos|spd|1\n|\n|upkeep\n|turn|5\n|\n|t:|1746105861\n|-terastallize|p2a: Terapagos|Stellar\n|detailschange|p2a: Terapagos|Terapagos-Stellar, L50, M, tera:Stellar\n|-heal|p2a: Terapagos|100/100|[silent]\n|move|p1b: Ogerpon|Follow Me|p1b: Ogerpon\n|-singleturn|p1b: Ogerpon|move: Follow Me\n|move|p2b: Grimmsnarl|Thunder Wave|p1b: Ogerpon\n|-status|p1b: Ogerpon|par\n|move|p1a: Kyurem|Dragon Dance|p1a: Kyurem\n|-boost|p1a: Kyurem|atk|1\n|-boost|p1a: Kyurem|spe|1\n|move|p2a: Terapagos|Tera Starstorm|p1b: Ogerpon|[spread] p1a,p1b\n|-damage|p1a: Kyurem|38/100\n|-damage|p1b: Ogerpon|0 fnt\n|faint|p1b: Ogerpon\n|\n|upkeep\n|\n|t:|1746105875\n|switch|p1b: Lunala|Lunala, L50|100/100\n|turn|6\n|\n|t:|1746105892\n|move|p1a: Kyurem|Protect|p1a: Kyurem\n|-singleturn|p1a: Kyurem|Protect\n|move|p2b: Grimmsnarl|Thunder Wave|p1a: Kyurem\n|-activate|p1a: Kyurem|move: Protect\n|move|p1b: Lunala|Moonblast|p2b: Grimmsnarl\n|-supereffective|p2b: Grimmsnarl\n|-damage|p2b: Grimmsnarl|17/100\n|move|p2a: Terapagos|Earth Power|p1a: Kyurem\n|-activate|p1a: Kyurem|move: Protect\n|\n|upkeep\n|turn|7\n|inactive|Lugiabirb has 30 seconds left.\n|\n|t:|1746105919\n|move|p1b: Lunala|Wide Guard|p1b: Lunala\n|-singleturn|p1b: Lunala|Wide Guard\n|move|p2b: Grimmsnarl|Thunder Wave|p1a: Kyurem\n|-status|p1a: Kyurem|par\n|move|p1a: Kyurem|Icicle Spear|p2a: Terapagos\n|-damage|p2a: Terapagos|87/100\n|-damage|p2a: Terapagos|73/100\n|-damage|p2a: Terapagos|58/100\n|-damage|p2a: Terapagos|45/100\n|-damage|p2a: Terapagos|31/100\n|-hitcount|p2a: Terapagos|5\n|move|p2a: Terapagos|Tera Starstorm|p1a: Kyurem|[spread] \n|-activate|p1a: Kyurem|move: Wide Guard\n|-activate|p1b: Lunala|move: Wide Guard\n|\n|-heal|p2a: Terapagos|37/100|[from] item: Leftovers\n|upkeep\n|turn|8\n|inactive|Lugiabirb has 30 seconds left.\n|\n|t:|1746105951\n|move|p1a: Kyurem|Protect|p1a: Kyurem\n|-singleturn|p1a: Kyurem|Protect\n|move|p2a: Terapagos|Protect|p2a: Terapagos\n|-singleturn|p2a: Terapagos|Protect\n|move|p1b: Lunala|Moonblast|p2b: Grimmsnarl\n|-supereffective|p2b: Grimmsnarl\n|-damage|p2b: Grimmsnarl|0 fnt\n|faint|p2b: Grimmsnarl\n|\n|-heal|p2a: Terapagos|43/100|[from] item: Leftovers\n|upkeep\n|\n|t:|1746105955\n|switch|p2b: Incineroar|Incineroar, L50, F|100/100\n|-ability|p2b: Incineroar|Intimidate|boost\n|-fail|p1a: Kyurem|unboost|[from] item: Clear Amulet|[of] p1a: Kyurem\n|-unboost|p1b: Lunala|atk|1\n|turn|9\n|\n|t:|1746105961\n|-terastallize|p1a: Kyurem|Ghost\n|move|p1b: Lunala|Wide Guard|p1b: Lunala\n|-singleturn|p1b: Lunala|Wide Guard\n|move|p2b: Incineroar|Fake Out|p1a: Kyurem\n|-immune|p1a: Kyurem\n|move|p1a: Kyurem|Icicle Spear|p2a: Terapagos\n|-damage|p2a: Terapagos|29/100\n|-damage|p2a: Terapagos|14/100\n|-damage|p2a: Terapagos|0 fnt\n|faint|p2a: Terapagos\n|-hitcount|p2: Terapagos|3\n|\n|upkeep\n|turn|10\n|-message|Metallicmadness forfeited.\n|\n|win|Lugiabirb\n||Metallicmadness is ready for game 3.\n||Lugiabirb is ready for game 3.\n|uhtml|next|Next: <a href=\"/battle-gen9vgc2025regibo3-2354639582\"><strong>Game 3 of 3</strong></a>\n", "uploadtime": 1746106128, "views": 16, "formatid": "gen9vgc2025regibo3", "rating": null, "private": 0, "password": null}