{"id": "gen9vgc2025regibo3-2353699633", "format": "[Gen 9] VGC 2025 Reg I (Bo3)", "players": ["BtheMan", "Jebei"], "log": "|j|\u2606BtheMan\n|j|\u2606Jebei\n|html|<table width=\"100%\"><tr><td align=\"left\">BtheMan</td><td align=\"right\">Jebei</tr><tr><td align=\"left\"><i class=\"fa fa-circle\"></i> <i class=\"fa fa-circle-o\"></i> </td><td align=\"right\"><i class=\"fa fa-circle-o\"></i> <i class=\"fa fa-circle\"></i> </tr></table>\n|uhtml|bestof|<h2><strong>Game 3</strong> of <a href=\"/game-bestof3-gen9vgc2025regibo3-2353695375\">a best-of-3</a></h2>\n|t:|1745985344\n|gametype|doubles\n|player|p1|BtheMan|fisherman|1107\n|player|p2|Jebei|170|1041\n|teamsize|p1|6\n|teamsize|p2|6\n|gen|9\n|tier|[Gen 9] VGC 2025 Reg I (Bo3)\n|rated|\n|rule|Species Clause: Limit one of each Pok\u00e9mon\n|rule|Item Clause: Limit 1 of each item\n|clearpoke\n|poke|p1|Whimsicott, L50, M|\n|poke|p1|Miraidon, L50|\n|poke|p1|Lunala, L50|\n|poke|p1|Iron Hands, L50|\n|poke|p1|Chi-Yu, L50|\n|poke|p1|Urshifu-*, L50, F|\n|poke|p2|Lunala, L50|\n|poke|p2|Tornadus, L50, M|\n|poke|p2|Koraidon, L50|\n|poke|p2|Rillaboom, L50, F|\n|poke|p2|Ogerpon-Cornerstone, L50, F|\n|poke|p2|Incineroar, L50, F|\n|teampreview|4\n|showteam|p1|Whimsicott||CovertCloak|Prankster|Moonblast,Tailwind,Encore,LightScreen|||M|||50|,,,,,Dark]Miraidon||ChoiceSpecs|HadronEngine|ElectroDrift,VoltSwitch,DracoMeteor,DazzlingGleam||||||50|,,,,,Fairy]Lunala||ElectricSeed|ShadowShield|MoongeistBeam,Psyshock,TrickRoom,WideGuard||||||50|,,,,,Water]Iron Hands||AssaultVest|QuarkDrive|DrainPunch,LowKick,HeavySlam,FakeOut||||||50|,,,,,Water]Chi-Yu||ChoiceScarf|BeadsofRuin|HeatWave,DarkPulse,Overheat,Snarl||||||50|,,,,,Ghost]Urshifu-Rapid-Strike||FocusSash|UnseenFist|SurgingStrikes,CloseCombat,AquaJet,Protect|||F|||50|,,,,,Stellar\n|showteam|p2|Lunala||Leftovers|ShadowShield|CalmMind,MoongeistBeam,HeatWave,Protect||||||50|,,,,,Fire]Tornadus||CovertCloak|Prankster|Tailwind,Taunt,BleakwindStorm,SunnyDay|||M|||50|,,,,,Dark]Koraidon||LifeOrb|OrichalcumPulse|FlameCharge,CloseCombat,FlareBlitz,Protect||||||50|,,,,,Fire]Rillaboom||AssaultVest|GrassySurge|FakeOut,HighHorsepower,GrassyGlide,Uturn|||F|||50|,,,,,Fire]Ogerpon-Cornerstone||CornerstoneMask|Sturdy|FollowMe,SpikyShield,IvyCudgel,SwordsDance|||F|||50|,,,,,Rock]Incineroar||SafetyGoggles|Intimidate|FakeOut,KnockOff,FlareBlitz,PartingShot|||F|||50|,,,,,Grass\n|inactive|Battle timer is ON: inactive players will automatically lose when time's up. (requested by BtheMan)\n|\n|t:|1745985366\n|start\n|switch|p1a: Chi-Yu|Chi-Yu, L50|100/100\n|switch|p1b: Miraidon|Miraidon, L50|100/100\n|switch|p2a: Rillaboom|Rillaboom, L50, F|100/100\n|switch|p2b: Ogerpon|Ogerpon-Cornerstone, L50, F|100/100\n|-ability|p1a: Chi-Yu|Beads of Ruin\n|-fieldstart|move: Electric Terrain|[from] ability: Hadron Engine|[of] p1b: Miraidon\n|-fieldstart|move: Grassy Terrain|[from] ability: Grassy Surge|[of] p2a: Rillaboom\n|turn|1\n|inactive|Jebei has 30 seconds left.\n|\n|t:|1745985395\n|-terastallize|p1a: Chi-Yu|Ghost\n|-terastallize|p2b: Ogerpon|Rock\n|detailschange|p2b: Ogerpon|Ogerpon-Cornerstone-Tera, L50, F, tera:Rock\n|-ability|p2b: Ogerpon|Embody Aspect (Cornerstone)|boost\n|-boost|p2b: Ogerpon|def|1\n|move|p2a: Rillaboom|Fake Out|p1b: Miraidon\n|-damage|p1b: Miraidon|87/100\n|move|p1a: Chi-Yu|Heat Wave|p2b: Ogerpon|[spread] p2a,p2b\n|-supereffective|p2a: Rillaboom\n|-resisted|p2b: Ogerpon\n|-damage|p2a: Rillaboom|27/100\n|-damage|p2b: Ogerpon|69/100\n|cant|p1b: Miraidon|flinch\n|move|p2b: Ogerpon|Ivy Cudgel|p1a: Chi-Yu|[anim] Ivy Cudgel Rock\n|-damage|p1a: Chi-Yu|0 fnt\n|faint|p1a: Chi-Yu\n|\n|-heal|p1b: Miraidon|93/100|[from] Grassy Terrain\n|-heal|p2b: Ogerpon|75/100|[from] Grassy Terrain\n|-heal|p2a: Rillaboom|33/100|[from] Grassy Terrain\n|upkeep\n|\n|t:|1745985413\n|switch|p1a: Iron Hands|Iron Hands, L50|100/100\n|turn|2\n|inactive|Jebei has 30 seconds left.\n|inactive|Jebei has 20 seconds left.\n|\n|t:|1745985450\n|switch|p2a: Lunala|Lunala, L50|100/100\n|move|p1a: Iron Hands|Fake Out|p2b: Ogerpon\n|-resisted|p2b: Ogerpon\n|-damage|p2b: Ogerpon|68/100\n|move|p1b: Miraidon|Dazzling Gleam|p2a: Lunala|[spread] p2a,p2b\n|-damage|p2a: Lunala|89/100\n|-damage|p2b: Ogerpon|25/100\n|cant|p2b: Ogerpon|flinch\n|\n|-heal|p1b: Miraidon|99/100|[from] Grassy Terrain\n|-heal|p2b: Ogerpon|31/100|[from] Grassy Terrain\n|-heal|p2a: Lunala|95/100|[from] Grassy Terrain\n|-heal|p2a: Lunala|100/100|[from] item: Leftovers\n|upkeep\n|turn|3\n|inactive|Jebei has 30 seconds left.\n|inactive|Jebei has 20 seconds left.\n|\n|t:|1745985488\n|move|p2b: Ogerpon|Spiky Shield|p2b: Ogerpon\n|-singleturn|p2b: Ogerpon|move: Protect\n|move|p1b: Miraidon|Dazzling Gleam|p2a: Lunala|[spread] p2a\n|-activate|p2b: Ogerpon|move: Protect\n|-damage|p2a: Lunala|90/100\n|move|p2a: Lunala|Calm Mind|p2a: Lunala\n|-boost|p2a: Lunala|spa|1\n|-boost|p2a: Lunala|spd|1\n|move|p1a: Iron Hands|Heavy Slam|p2a: Lunala\n|-damage|p2a: Lunala|67/100\n|\n|-heal|p1b: Miraidon|100/100|[from] Grassy Terrain\n|-heal|p2b: Ogerpon|37/100|[from] Grassy Terrain\n|-heal|p2a: Lunala|74/100|[from] Grassy Terrain\n|-heal|p2a: Lunala|80/100|[from] item: Leftovers\n|upkeep\n|turn|4\n|inactive|Jebei has 30 seconds left.\n|inactive|Jebei has 20 seconds left.\n|\n|t:|1745985524\n|move|p1b: Miraidon|Dazzling Gleam|p2a: Lunala|[spread] p2a,p2b\n|-damage|p2a: Lunala|63/100\n|-damage|p2b: Ogerpon|0 fnt\n|faint|p2b: Ogerpon\n|move|p2a: Lunala|Moongeist Beam|p1b: Miraidon\n|-damage|p1b: Miraidon|19/100\n|move|p1a: Iron Hands|Heavy Slam|p2a: Lunala\n|-damage|p2a: Lunala|40/100\n|\n|-heal|p1b: Miraidon|25/100|[from] Grassy Terrain\n|-heal|p2a: Lunala|46/100|[from] Grassy Terrain\n|-heal|p2a: Lunala|52/100|[from] item: Leftovers\n|upkeep\n|\n|t:|1745985543\n|switch|p2b: Rillaboom|Rillaboom, L50, F|33/100\n|turn|5\n|\n|t:|1745985570\n|move|p2b: Rillaboom|Fake Out|p1b: Miraidon\n|-damage|p1b: Miraidon|11/100\n|cant|p1b: Miraidon|flinch\n|move|p2a: Lunala|Heat Wave|p1b: Miraidon|[spread] p1a,p1b\n|-resisted|p1b: Miraidon\n|-damage|p1a: Iron Hands|77/100\n|-damage|p1b: Miraidon|0 fnt\n|faint|p1b: Miraidon\n|move|p1a: Iron Hands|Drain Punch|p2b: Rillaboom\n|-damage|p2b: Rillaboom|0 fnt\n|-heal|p1a: Iron Hands|91/100|[from] drain|[of] p2b: Rillaboom\n|faint|p2b: Rillaboom\n|\n|-heal|p2a: Lunala|58/100|[from] Grassy Terrain\n|-heal|p2a: Lunala|64/100|[from] item: Leftovers\n|-heal|p1a: Iron Hands|97/100|[from] Grassy Terrain\n|-fieldend|move: Grassy Terrain\n|upkeep\n|\n|t:|1745985586\n|switch|p1b: Lunala|Lunala, L50|100/100\n|switch|p2b: Koraidon|Koraidon, L50|100/100\n|-weather|SunnyDay|[from] ability: Orichalcum Pulse|[of] p2b: Koraidon\n|-activate|p2b: Koraidon|Orichalcum Pulse|[source]\n|turn|6\n|inactive|Jebei has 30 seconds left.\n|\n|t:|1745985617\n|move|p2b: Koraidon|Flame Charge|p1b: Lunala\n|-damage|p1b: Lunala|78/100\n|-boost|p2b: Koraidon|spe|1\n|-damage|p2b: Koraidon|91/100|[from] item: Life Orb\n|move|p1b: Lunala|Moongeist Beam|p2a: Lunala\n|-supereffective|p2a: Lunala\n|-damage|p2a: Lunala|0 fnt\n|faint|p2a: Lunala\n|move|p1a: Iron Hands|Low Kick|p2b: Koraidon\n|-damage|p2b: Koraidon|31/100\n|\n|-weather|SunnyDay|[upkeep]\n|upkeep\n|turn|7\n|-message|Jebei forfeited.\n|\n|win|BtheMan\n|raw|BtheMan's rating: 1107 &rarr; <strong>1127</strong><br />(+20 for winning)\n|raw|Jebei's rating: 1041 &rarr; <strong>1028</strong><br />(-13 for losing)\n|l|\u2606Jebei\n|player|p2|\n", "uploadtime": 1745985683, "views": 8, "formatid": "gen9vgc2025regibo3", "rating": 1028, "private": 0, "password": null}