{"id": "gen9vgc2025regibo3-2354678693", "format": "[Gen 9] VGC 2025 Reg I (Bo3)", "players": ["aviles0036", "Big Willy J"], "log": "|j|\u2606aviles0036\n|j|\u2606Big Willy J\n|html|<table width=\"100%\"><tr><td align=\"left\">aviles0036</td><td align=\"right\">Big Willy J</tr><tr><td align=\"left\"><i class=\"fa fa-circle\"></i> <i class=\"fa fa-circle-o\"></i> </td><td align=\"right\"><i class=\"fa fa-circle-o\"></i> <i class=\"fa fa-circle\"></i> </tr></table>\n|uhtml|bestof|<h2><strong>Game 3</strong> of <a href=\"/game-bestof3-gen9vgc2025regibo3-2354673588\">a best-of-3</a></h2>\n|t:|1746109944\n|gametype|doubles\n|player|p1|aviles0036|noland-gen3|1235\n|player|p2|Big Willy J|169|1323\n|teamsize|p1|6\n|teamsize|p2|6\n|gen|9\n|tier|[Gen 9] VGC 2025 Reg I (Bo3)\n|rated|\n|rule|Species Clause: Limit one of each Pok\u00e9mon\n|rule|Item Clause: Limit 1 of each item\n|clearpoke\n|poke|p1|Terapagos, L50, M|\n|poke|p1|Incineroar, L50, F|\n|poke|p1|Ogerpon-Cornerstone, L50, F|\n|poke|p1|Urshifu-*, L50, F|\n|poke|p1|Calyrex-Shadow, L50|\n|poke|p1|Rillaboom, L50, F|\n|poke|p2|Miraidon, L50|\n|poke|p2|Calyrex-Ice, L50|\n|poke|p2|Iron Hands, L50|\n|poke|p2|Farigiraf, L50, F|\n|poke|p2|Ursaluna-Bloodmoon, L50, M|\n|poke|p2|Ogerpon, L50, F|\n|teampreview|4\n|showteam|p1|Terapagos||Leftovers|TeraShift|TeraStarstorm,Protect,EarthPower,CalmMind|||M|||50|,,,,,Stellar]Incineroar||SafetyGoggles|Intimidate|KnockOff,FakeOut,WillOWisp,PartingShot|||F|||50|,,,,,Ghost]Ogerpon-Cornerstone||CornerstoneMask|Sturdy|IvyCudgel,PowerWhip,SpikyShield,FollowMe|||F|||50|,,,,,Rock]Urshifu-Rapid-Strike||MysticWater|UnseenFist|SurgingStrikes,CloseCombat,Taunt,Protect|||F|||50|,,,,,Stellar]Calyrex-Shadow||FocusSash|AsOneSpectrier|AstralBarrage,Encore,PollenPuff,Protect||||||50|,,,,,Dark]Rillaboom||AssaultVest|GrassySurge|FakeOut,WoodHammer,Uturn,GrassyGlide|||F|||50|,,,,,Water\n|showteam|p2|Miraidon||ChoiceScarf|HadronEngine|ElectroDrift,VoltSwitch,DracoMeteor,Snarl||||||50|,,,,,Electric]Calyrex-Ice||ClearAmulet|AsOneGlastrier|GlacialLance,HighHorsepower,TrickRoom,Protect||||||50|,,,,,Fire]Iron Hands||AssaultVest|QuarkDrive|DrainPunch,LowKick,WildCharge,FakeOut||||||50|,,,,,Water]Farigiraf||ElectricSeed|ArmorTail|TrickRoom,Psychic,FoulPlay,HelpingHand|||F|||50|,,,,,Water]Ursaluna-Bloodmoon||LifeOrb|MindsEye|Protect,HyperVoice,EarthPower,BloodMoon|||M|||50|,,,,,Normal]Ogerpon||FocusSash|Defiant|SpikyShield,IvyCudgel,FollowMe,Taunt|||F|||50|,,,,,Grass\n|inactive|Battle timer is ON: inactive players will automatically lose when time's up. (requested by Big Willy J)\n|\n|t:|1746109965\n|start\n|switch|p1a: Terapagos|Terapagos, L50, M|100/100\n|switch|p1b: Rillaboom|Rillaboom, L50, F|100/100\n|switch|p2a: Ogerpon|Ogerpon, L50, F|100/100\n|switch|p2b: Iron Hands|Iron Hands, L50|100/100\n|-activate|p1a: Terapagos|ability: Tera Shift\n|detailschange|p1a: Terapagos|Terapagos-Terastal, L50, M\n|-heal|p1a: Terapagos|100/100|[silent]\n|-fieldstart|move: Grassy Terrain|[from] ability: Grassy Surge|[of] p1b: Rillaboom\n|turn|1\n|\n|t:|1746109983\n|move|p1b: Rillaboom|Fake Out|p2b: Iron Hands\n|-damage|p2b: Iron Hands|90/100\n|cant|p2b: Iron Hands|flinch\n|move|p2a: Ogerpon|Taunt|p1a: Terapagos\n|-start|p1a: Terapagos|move: Taunt\n|cant|p1a: Terapagos|move: Taunt|Calm Mind\n|\n|-heal|p2b: Iron Hands|97/100|[from] Grassy Terrain\n|upkeep\n|turn|2\n|\n|t:|1746109992\n|move|p2a: Ogerpon|Ivy Cudgel|p1a: Terapagos\n|-activate|p1a: Terapagos|ability: Tera Shell\n|-resisted|p1a: Terapagos\n|-damage|p1a: Terapagos|75/100\n|move|p1a: Terapagos|Tera Starstorm|p2a: Ogerpon\n|-damage|p2a: Ogerpon|47/100\n|move|p1b: Rillaboom|U-turn|p2a: Ogerpon\n|-supereffective|p2a: Ogerpon\n|-crit|p2a: Ogerpon\n|-damage|p2a: Ogerpon|0 fnt\n|faint|p2a: Ogerpon\n|\n|t:|1746110000\n|switch|p1b: Incineroar|Incineroar, L50, F|100/100|[from] U-turn\n|-ability|p1b: Incineroar|Intimidate|boost\n|-unboost|p2b: Iron Hands|atk|1\n|move|p2b: Iron Hands|Drain Punch|p1a: Terapagos\n|-supereffective|p1a: Terapagos\n|-damage|p1a: Terapagos|35/100\n|-heal|p2b: Iron Hands|100/100|[from] drain|[of] p1a: Terapagos\n|\n|-heal|p1a: Terapagos|41/100|[from] Grassy Terrain\n|-heal|p1a: Terapagos|47/100|[from] item: Leftovers\n|upkeep\n|\n|t:|1746110007\n|switch|p2a: Miraidon|Miraidon, L50|100/100\n|-fieldstart|move: Electric Terrain|[from] ability: Hadron Engine|[of] p2a: Miraidon\n|-activate|p2b: Iron Hands|ability: Quark Drive\n|-start|p2b: Iron Hands|quarkdriveatk\n|turn|3\n|\n|t:|1746110016\n|switch|p1a: Rillaboom|Rillaboom, L50, F|100/100\n|-fieldstart|move: Grassy Terrain|[from] ability: Grassy Surge|[of] p1a: Rillaboom\n|-end|p2b: Iron Hands|Quark Drive\n|-end|p2b: Iron Hands|Quark Drive|[silent]\n|switch|p2b: Farigiraf|Farigiraf, L50, F|100/100\n|-terastallize|p2a: Miraidon|Electric\n|move|p2a: Miraidon|Electro Drift|p1a: Rillaboom\n|-resisted|p1a: Rillaboom\n|-damage|p1a: Rillaboom|73/100\n|move|p1b: Incineroar|Will-O-Wisp|p2b: Farigiraf\n|-status|p2b: Farigiraf|brn\n|\n|-heal|p1a: Rillaboom|79/100|[from] Grassy Terrain\n|-damage|p2b: Farigiraf|94/100 brn|[from] brn\n|upkeep\n|turn|4\n|\n|t:|1746110034\n|move|p2b: Farigiraf|Helping Hand|p2a: Miraidon\n|-singleturn|p2a: Miraidon|Helping Hand|[of] p2b: Farigiraf\n|move|p2a: Miraidon|Electro Drift|p1b: Incineroar\n|-damage|p1b: Incineroar|0 fnt\n|faint|p1b: Incineroar\n|move|p1a: Rillaboom|U-turn|p2b: Farigiraf\n|-supereffective|p2b: Farigiraf\n|-damage|p2b: Farigiraf|60/100 brn\n|\n|t:|1746110045\n|switch|p1a: Calyrex|Calyrex-Shadow, L50|100/100|[from] U-turn\n|-ability|p1a: Calyrex|As One\n|-ability|p1a: Calyrex|Unnerve\n|\n|-heal|p2b: Farigiraf|66/100 brn|[from] Grassy Terrain\n|-damage|p2b: Farigiraf|60/100 brn|[from] brn\n|upkeep\n|\n|t:|1746110049\n|switch|p1b: Rillaboom|Rillaboom, L50, F|79/100\n|turn|5\n|\n|t:|1746110064\n|move|p2a: Miraidon|Electro Drift|p1a: Calyrex\n|-damage|p1a: Calyrex|19/100\n|move|p1a: Calyrex|Pollen Puff|p2b: Farigiraf\n|-supereffective|p2b: Farigiraf\n|-damage|p2b: Farigiraf|0 fnt\n|faint|p2b: Farigiraf\n|-ability|p1a: Calyrex|Grim Neigh|boost\n|-boost|p1a: Calyrex|spa|1\n|move|p1b: Rillaboom|U-turn|p2a: Miraidon\n|-damage|p2a: Miraidon|75/100\n|\n|t:|1746110072\n|switch|p1b: Terapagos|Terapagos-Terastal, L50, M|47/100|[from] U-turn\n|\n|-heal|p2a: Miraidon|81/100|[from] Grassy Terrain\n|-heal|p1a: Calyrex|25/100|[from] Grassy Terrain\n|-heal|p1b: Terapagos|54/100|[from] Grassy Terrain\n|-heal|p1b: Terapagos|60/100|[from] item: Leftovers\n|upkeep\n|\n|t:|1746110074\n|switch|p2b: Iron Hands|Iron Hands, L50|100/100\n|turn|6\n|\n|t:|1746110090\n|-terastallize|p1b: Terapagos|Stellar\n|detailschange|p1b: Terapagos|Terapagos-Stellar, L50, M, tera:Stellar\n|-heal|p1b: Terapagos|70/100|[silent]\n|-ability|p1b: Terapagos|Teraform Zero\n|-fieldend|move: Grassy Terrain\n|move|p1a: Calyrex|Protect|p1a: Calyrex\n|-singleturn|p1a: Calyrex|Protect\n|move|p2b: Iron Hands|Fake Out|p1b: Terapagos\n|-damage|p1b: Terapagos|61/100\n|move|p2a: Miraidon|Electro Drift|p1a: Calyrex\n|-activate|p1a: Calyrex|move: Protect\n|cant|p1b: Terapagos|flinch\n|\n|-heal|p1b: Terapagos|67/100|[from] item: Leftovers\n|upkeep\n|turn|7\n|\n|t:|1746110107\n|switch|p1a: Rillaboom|Rillaboom, L50, F|79/100\n|-fieldstart|move: Grassy Terrain|[from] ability: Grassy Surge|[of] p1a: Rillaboom\n|move|p2a: Miraidon|Electro Drift|p1a: Rillaboom\n|-resisted|p1a: Rillaboom\n|-damage|p1a: Rillaboom|54/100\n|move|p1b: Terapagos|Tera Starstorm|p2a: Miraidon|[spread] p2a,p2b\n|-supereffective|p2a: Miraidon\n|-damage|p2a: Miraidon|18/100\n|-damage|p2b: Iron Hands|81/100\n|move|p2b: Iron Hands|Drain Punch|p1b: Terapagos\n|-supereffective|p1b: Terapagos\n|-damage|p1b: Terapagos|21/100\n|-heal|p2b: Iron Hands|100/100|[from] drain|[of] p1b: Terapagos\n|\n|-heal|p2a: Miraidon|25/100|[from] Grassy Terrain\n|-heal|p1b: Terapagos|27/100|[from] Grassy Terrain\n|-heal|p1b: Terapagos|33/100|[from] item: Leftovers\n|-heal|p1a: Rillaboom|60/100|[from] Grassy Terrain\n|upkeep\n|turn|8\n|\n|t:|1746110120\n|move|p1a: Rillaboom|Fake Out|p2a: Miraidon\n|-damage|p2a: Miraidon|12/100\n|cant|p2a: Miraidon|flinch\n|move|p1b: Terapagos|Tera Starstorm|p2a: Miraidon|[spread] p2a,p2b\n|-supereffective|p2a: Miraidon\n|-damage|p2a: Miraidon|0 fnt\n|-damage|p2b: Iron Hands|82/100\n|faint|p2a: Miraidon\n|move|p2b: Iron Hands|Drain Punch|p1b: Terapagos\n|-supereffective|p1b: Terapagos\n|-damage|p1b: Terapagos|0 fnt\n|-heal|p2b: Iron Hands|99/100|[from] drain|[of] p1b: Terapagos\n|faint|p1b: Terapagos\n|\n|-heal|p1a: Rillaboom|66/100|[from] Grassy Terrain\n|-heal|p2b: Iron Hands|100/100|[from] Grassy Terrain\n|upkeep\n|\n|t:|1746110126\n|switch|p1b: Calyrex|Calyrex-Shadow, L50|25/100\n|-ability|p1b: Calyrex|As One\n|-ability|p1b: Calyrex|Unnerve\n|turn|9\n|c|\u2606aviles0036|wp\n|\n|t:|1746110133\n|move|p1b: Calyrex|Encore|p2b: Iron Hands\n|-start|p2b: Iron Hands|Encore\n|move|p1a: Rillaboom|Wood Hammer|p2b: Iron Hands\n|-damage|p2b: Iron Hands|49/100\n|-damage|p1a: Rillaboom|46/100|[from] Recoil\n|move|p2b: Iron Hands|Drain Punch|p1a: Rillaboom\n|-damage|p1a: Rillaboom|0 fnt\n|-heal|p2b: Iron Hands|68/100|[from] drain|[of] p1a: Rillaboom\n|faint|p1a: Rillaboom\n|\n|-heal|p1b: Calyrex|31/100|[from] Grassy Terrain\n|-heal|p2b: Iron Hands|75/100|[from] Grassy Terrain\n|upkeep\n|turn|10\n|\n|t:|1746110138\n|move|p1b: Calyrex|Astral Barrage|p2b: Iron Hands\n|-damage|p2b: Iron Hands|37/100\n|move|p2b: Iron Hands|Drain Punch|p1b: Calyrex\n|-immune|p1b: Calyrex\n|\n|-heal|p1b: Calyrex|37/100|[from] Grassy Terrain\n|-heal|p2b: Iron Hands|43/100|[from] Grassy Terrain\n|upkeep\n|turn|11\n|c|\u2606Big Willy J|gg\n|\n|t:|1746110142\n|move|p1b: Calyrex|Astral Barrage|p2b: Iron Hands\n|-damage|p2b: Iron Hands|4/100\n|move|p2b: Iron Hands|Drain Punch|p1b: Calyrex\n|-immune|p1b: Calyrex\n|\n|-heal|p1b: Calyrex|43/100|[from] Grassy Terrain\n|-heal|p2b: Iron Hands|10/100|[from] Grassy Terrain\n|-end|p2b: Iron Hands|Encore\n|-fieldend|move: Grassy Terrain\n|upkeep\n|turn|12\n|\n|t:|1746110148\n|move|p1b: Calyrex|Astral Barrage|p2b: Iron Hands\n|-damage|p2b: Iron Hands|0 fnt\n|faint|p2b: Iron Hands\n|-end|p2b: Iron Hands|Quark Drive|[silent]\n|\n|win|aviles0036\n|raw|aviles0036's rating: 1235 &rarr; <strong>1266</strong><br />(+31 for winning)\n|raw|Big Willy J's rating: 1323 &rarr; <strong>1298</strong><br />(-25 for losing)\n|l|\u2606aviles0036\n|player|p1|\n|l|\u2606Big Willy J\n|player|p2|\n", "uploadtime": 1746110463, "views": 11, "formatid": "gen9vgc2025regibo3", "rating": 1266, "private": 0, "password": null}