{"id": "gen9vgc2025regibo3-2355130351", "format": "[Gen 9] VGC 2025 Reg I (Bo3)", "players": ["FongSC", "leooelyc"], "log": "|j|\u2606FongSC\n|j|\u2606leooelyc\n|html|<table width=\"100%\"><tr><td align=\"left\">FongSC</td><td align=\"right\">leooelyc</tr><tr><td align=\"left\"><i class=\"fa fa-circle-o\"></i> <i class=\"fa fa-circle-o\"></i> </td><td align=\"right\"><i class=\"fa fa-circle-o\"></i> <i class=\"fa fa-circle\"></i> </tr></table>\n|uhtml|bestof|<h2><strong>Game 2</strong> of <a href=\"/game-bestof3-gen9vgc2025regibo3-2355128561\">a best-of-3</a></h2>\n|t:|1746156334\n|gametype|doubles\n|player|p1|FongSC|lucas|1089\n|player|p2|leooelyc|brawly|1198\n|teamsize|p1|6\n|teamsize|p2|6\n|gen|9\n|tier|[Gen 9] VGC 2025 Reg I (Bo3)\n|rated|\n|rule|Species Clause: Limit one of each Pok\u00e9mon\n|rule|Item Clause: Limit 1 of each item\n|clearpoke\n|poke|p1|Zacian-*, L50|\n|poke|p1|Kyogre, L50|\n|poke|p1|Tornadus, L50, M|\n|poke|p1|Amoonguss, L50, M|\n|poke|p1|Incineroar, L50, M|\n|poke|p1|Urshifu-*, L50, M|\n|poke|p2|Calyrex-Shadow, L50|\n|poke|p2|Zamazenta-*, L50|\n|poke|p2|Indeedee-F, L50, F|\n|poke|p2|Incineroar, L50, F|\n|poke|p2|Urshifu-*, L50, F|\n|poke|p2|Whimsicott, L50, M|\n|teampreview|4\n|showteam|p1|Zacian-Crowned||RustedSword|IntrepidSword|behemothblade,PlayRough,Substitute,Protect||||||50|,,,,,Fairy]Kyogre||MysticWater|Drizzle|WaterSpout,OriginPulse,IceBeam,Protect||||||50|,,,,,Grass]Tornadus||CovertCloak|Prankster|BleakwindStorm,Tailwind,RainDance,Taunt|||M|||50|,,,,,Dark]Amoonguss||RockyHelmet|Regenerator|PollenPuff,Spore,RagePowder,Protect|||M|||50|,,,,,Steel]Incineroar||SafetyGoggles|Intimidate|KnockOff,FakeOut,WillOWisp,PartingShot|||M|||50|,,,,,Water]Urshifu-Rapid-Strike||ChoiceScarf|UnseenFist|SurgingStrikes,CloseCombat,Uturn,Coaching|||M|||50|,,,,,Ghost\n|showteam|p2|Calyrex-Shadow||FocusSash|AsOneSpectrier|AstralBarrage,ExpandingForce,Protect,DarkPulse||||||50|,,,,,Ghost]Zamazenta-Crowned||RustedShield|DauntlessShield|WideGuard,Protect,HeavySlam,BodyPress||||||50|,,,,,Dragon]Indeedee-F||PsychicSeed|PsychicSurge|FollowMe,TrickRoom,Psychic,Protect|||F|||50|,,,,,Psychic]Incineroar||SafetyGoggles|Intimidate|FakeOut,KnockOff,FlareBlitz,WillOWisp|||F|||50|,,,,,Ghost]Urshifu||ChoiceScarf|UnseenFist|CloseCombat,WickedBlow,Uturn,PoisonJab|||F|||50|,,,,,Poison]Whimsicott||CovertCloak|Prankster|Tailwind,Moonblast,SunnyDay,Protect|||M|||50|,,,,,Fairy\n|inactive|Battle timer is ON: inactive players will automatically lose when time's up. (requested by leooelyc)\n|\n|t:|1746156363\n|start\n|switch|p1a: Zacian|Zacian-Crowned, L50|100/100\n|switch|p1b: Amoonguss|Amoonguss, L50, M|100/100\n|switch|p2a: Calyrex|Calyrex-Shadow, L50|100/100\n|switch|p2b: Whimsicott|Whimsicott, L50, M|100/100\n|-ability|p2a: Calyrex|As One\n|-ability|p2a: Calyrex|Unnerve\n|-ability|p1a: Zacian|Intrepid Sword|boost\n|-boost|p1a: Zacian|atk|1\n|turn|1\n|inactive|FongSC has 30 seconds left.\n|inactive|FongSC has 20 seconds left.\n|inactive|FongSC has 15 seconds left.\n|\n|t:|1746156404\n|-terastallize|p2a: Calyrex|Ghost\n|move|p2b: Whimsicott|Protect|p2b: Whimsicott\n|-singleturn|p2b: Whimsicott|Protect\n|move|p2a: Calyrex|Astral Barrage|p1b: Amoonguss|[spread] p1a,p1b\n|-damage|p1a: Zacian|46/100\n|-damage|p1b: Amoonguss|35/100\n|move|p1a: Zacian|Substitute|p1a: Zacian\n|-start|p1a: Zacian|Substitute\n|-damage|p1a: Zacian|21/100\n|move|p1b: Amoonguss|Spore|p2a: Calyrex\n|-status|p2a: Calyrex|slp|[from] move: Spore\n|\n|upkeep\n|turn|2\n|inactive|FongSC has 30 seconds left.\n|inactive|FongSC has 20 seconds left.\n|inactive|FongSC has 15 seconds left.\n|\n|t:|1746156445\n|switch|p2b: Incineroar|Incineroar, L50, F|100/100\n|-ability|p2b: Incineroar|Intimidate|boost\n|-immune|p1a: Zacian\n|-unboost|p1b: Amoonguss|atk|1\n|switch|p1b: Tornadus|Tornadus, L50, M|100/100\n|cant|p2a: Calyrex|slp\n|move|p1a: Zacian|Behemoth Blade|p2b: Incineroar\n|-resisted|p2b: Incineroar\n|-crit|p2b: Incineroar\n|-damage|p2b: Incineroar|52/100\n|\n|upkeep\n|turn|3\n|inactive|leooelyc has 30 seconds left.\n|\n|t:|1746156477\n|switch|p2b: Whimsicott|Whimsicott, L50, M|100/100\n|move|p1b: Tornadus|Tailwind|p1b: Tornadus\n|-sidestart|p1: FongSC|move: Tailwind\n|move|p1a: Zacian|Behemoth Blade|p2a: Calyrex\n|-enditem|p2a: Calyrex|Focus Sash\n|-damage|p2a: Calyrex|1/100 slp\n|cant|p2a: Calyrex|slp\n|\n|upkeep\n|turn|4\n|\n|t:|1746156495\n|move|p2b: Whimsicott|Protect|p2b: Whimsicott\n|-singleturn|p2b: Whimsicott|Protect\n|-curestatus|p2a: Calyrex|slp|[msg]\n|move|p2a: Calyrex|Protect|p2a: Calyrex\n|-singleturn|p2a: Calyrex|Protect\n|move|p1a: Zacian|Behemoth Blade|p2b: Whimsicott\n|-activate|p2b: Whimsicott|move: Protect\n|move|p1b: Tornadus|Bleakwind Storm|p2b: Whimsicott|[spread] \n|-activate|p2a: Calyrex|move: Protect\n|-activate|p2b: Whimsicott|move: Protect\n|\n|upkeep\n|turn|5\n|\n|t:|1746156512\n|move|p2b: Whimsicott|Tailwind|p2b: Whimsicott\n|-sidestart|p2: leooelyc|move: Tailwind\n|move|p2a: Calyrex|Astral Barrage|p1b: Tornadus|[spread] p1a,p1b\n|-end|p1a: Zacian|Substitute\n|-damage|p1b: Tornadus|20/100\n|move|p1a: Zacian|Behemoth Blade|p2b: Whimsicott\n|-supereffective|p2b: Whimsicott\n|-damage|p2b: Whimsicott|0 fnt\n|faint|p2b: Whimsicott\n|move|p1b: Tornadus|Bleakwind Storm|p2a: Calyrex\n|-damage|p2a: Calyrex|0 fnt\n|faint|p2a: Calyrex\n|\n|upkeep\n|\n|t:|1746156527\n|switch|p2a: Incineroar|Incineroar, L50, F|52/100\n|switch|p2b: Zamazenta|Zamazenta-Crowned, L50|100/100\n|-ability|p2b: Zamazenta|Dauntless Shield|boost\n|-boost|p2b: Zamazenta|def|1\n|-ability|p2a: Incineroar|Intimidate|boost\n|-unboost|p1a: Zacian|atk|1\n|-unboost|p1b: Tornadus|atk|1\n|turn|6\n|\n|t:|1746156540\n|move|p1a: Zacian|Protect|p1a: Zacian\n|-singleturn|p1a: Zacian|Protect\n|move|p2a: Incineroar|Fake Out|p1b: Tornadus\n|-damage|p1b: Tornadus|10/100\n|move|p1b: Tornadus|Taunt|p2b: Zamazenta\n|-start|p2b: Zamazenta|move: Taunt\n|move|p2b: Zamazenta|Body Press|p1a: Zacian\n|-activate|p1a: Zacian|move: Protect\n|\n|-sideend|p1: FongSC|move: Tailwind\n|upkeep\n|turn|7\n|\n|t:|1746156563\n|-terastallize|p1a: Zacian|Fairy\n|move|p1b: Tornadus|Tailwind|p1b: Tornadus\n|-sidestart|p1: FongSC|move: Tailwind\n|move|p1a: Zacian|Play Rough|p2b: Zamazenta\n|-damage|p2b: Zamazenta|72/100\n|move|p2b: Zamazenta|Body Press|p1a: Zacian\n|-resisted|p1a: Zacian\n|-damage|p1a: Zacian|0 fnt\n|faint|p1a: Zacian\n|move|p2a: Incineroar|Knock Off|p1b: Tornadus\n|-damage|p1b: Tornadus|0 fnt\n|-enditem|p1b: Tornadus|Covert Cloak|[from] move: Knock Off|[of] p2a: Incineroar\n|faint|p1b: Tornadus\n|\n|upkeep\n|\n|t:|1746156577\n|switch|p1a: Kyogre|Kyogre, L50|100/100\n|switch|p1b: Amoonguss|Amoonguss, L50, M|68/100\n|-weather|RainDance|[from] ability: Drizzle|[of] p1a: Kyogre\n|turn|8\n|\n|t:|1746156595\n|move|p1b: Amoonguss|Rage Powder|p1b: Amoonguss\n|-singleturn|p1b: Amoonguss|move: Rage Powder\n|move|p2b: Zamazenta|Body Press|p1b: Amoonguss\n|-resisted|p1b: Amoonguss\n|-damage|p1b: Amoonguss|40/100\n|-damage|p2b: Zamazenta|56/100|[from] item: Rocky Helmet|[of] p1b: Amoonguss\n|move|p1a: Kyogre|Origin Pulse|p2a: Incineroar|[spread] p2a,p2b\n|-supereffective|p2a: Incineroar\n|-damage|p2a: Incineroar|0 fnt\n|-damage|p2b: Zamazenta|0 fnt\n|faint|p2a: Incineroar\n|faint|p2b: Zamazenta\n|\n|win|FongSC\n|inactive|FongSC has 30 seconds to confirm battle start!\n|inactive|leooelyc has 30 seconds to confirm battle start!\n", "uploadtime": 1746156606, "views": 14, "formatid": "gen9vgc2025regibo3", "rating": null, "private": 0, "password": null}