{"id": "gen9vgc2025regibo3-2353865885", "format": "[Gen 9] VGC 2025 Reg I (Bo3)", "players": ["Aruuz", "nikolasnaiz"], "log": "|j|\u2606Aruuz\n|j|\u2606nikolasnaiz\n|html|<table width=\"100%\"><tr><td align=\"left\">Aruuz</td><td align=\"right\">nikolasnaiz</tr><tr><td align=\"left\"><i class=\"fa fa-circle-o\"></i> <i class=\"fa fa-circle-o\"></i> </td><td align=\"right\"><i class=\"fa fa-circle-o\"></i> <i class=\"fa fa-circle\"></i> </tr></table>\n|uhtml|bestof|<h2><strong>Game 2</strong> of <a href=\"/game-bestof3-gen9vgc2025regibo3-2353864448\">a best-of-3</a></h2>\n|t:|1746012345\n|gametype|doubles\n|player|p1|Aruuz|101|1125\n|player|p2|nikolasnaiz|blue|1067\n|teamsize|p1|6\n|teamsize|p2|6\n|gen|9\n|tier|[Gen 9] VGC 2025 Reg I (Bo3)\n|rated|\n|rule|Species Clause: Limit one of each Pok\u00e9mon\n|rule|Item Clause: Limit 1 of each item\n|clearpoke\n|poke|p1|Zamazenta-*, L50|\n|poke|p1|Tornadus, L50, M|\n|poke|p1|Urshifu-*, L50, F|\n|poke|p1|Baxcalibur, L50, M|\n|poke|p1|Indeedee-F, L50, F|\n|poke|p1|Kyogre, L50|\n|poke|p2|Miraidon, L50|\n|poke|p2|Ho-Oh, L50|\n|poke|p2|Farigiraf, L50, M|\n|poke|p2|Iron Hands, L50|\n|poke|p2|Iron Valiant, L50|\n|poke|p2|Ursaluna, L50, F|\n|teampreview|4\n|showteam|p1|Zamazenta-Crowned||RustedShield|DauntlessShield|behemothbash,BodyPress,WideGuard,Protect||||||50|,,,,,Dragon]Tornadus||CovertCloak|Prankster|BleakwindStorm,Tailwind,RainDance,Taunt|||M|||50|,,,,,Dark]Urshifu-Rapid-Strike||ChoiceScarf|UnseenFist|SurgingStrikes,CloseCombat,Coaching,Uturn|||F|||50|,,,,,Water]Baxcalibur||LoadedDice|ThermalExchange|ScaleShot,IcicleSpear,SwordsDance,Protect|||M|||50|,,,,,Poison]Indeedee-F||PsychicSeed|PsychicSurge|Psychic,HelpingHand,FollowMe,TrickRoom|||F|||50|,,,,,Grass]Kyogre||MysticWater|Drizzle|WaterSpout,HydroPump,IceBeam,Protect||||||50|,,,,,Grass\n|showteam|p2|Miraidon||LifeOrb|HadronEngine|ElectroDrift,VoltSwitch,DracoMeteor,Protect||||||50|,,,,,Electric]Ho-Oh||ClearAmulet|Regenerator|SacredFire,BraveBird,Tailwind,Protect||||||50|,,,,,Grass]Farigiraf||ElectricSeed|ArmorTail|Psychic,FoulPlay,HelpingHand,TrickRoom|||M|||50|,,,,,Water]Iron Hands||AssaultVest|QuarkDrive|FakeOut,WildCharge,VoltSwitch,DrainPunch||||||50|,,,,,Bug]Iron Valiant||FocusSash|QuarkDrive|Moonblast,WideGuard,Disable,Protect||||||50|,,,,,Steel]Ursaluna||FlameOrb|Guts|Facade,HeadlongRush,Earthquake,Protect|||F|||50|,,,,,Ghost\n|inactive|Battle timer is ON: inactive players will automatically lose when time's up. (requested by nikolasnaiz)\n|\n|t:|1746012368\n|start\n|switch|p1a: Indeedee|Indeedee-F, L50, F|100/100\n|switch|p1b: Baxcalibur|Baxcalibur, L50, M|100/100\n|switch|p2a: Iron Hands|Iron Hands, L50|100/100\n|switch|p2b: Miraidon|Miraidon, L50|100/100\n|-fieldstart|move: Electric Terrain|[from] ability: Hadron Engine|[of] p2b: Miraidon\n|-activate|p2a: Iron Hands|ability: Quark Drive\n|-start|p2a: Iron Hands|quarkdriveatk\n|-fieldstart|move: Psychic Terrain|[from] ability: Psychic Surge|[of] p1a: Indeedee\n|-enditem|p1a: Indeedee|Psychic Seed\n|-boost|p1a: Indeedee|spd|1|[from] item: Psychic Seed\n|-end|p2a: Iron Hands|Quark Drive\n|turn|1\n|inactive|Aruuz has 30 seconds left.\n|\n|t:|1746012398\n|move|p1a: Indeedee|Follow Me|p1a: Indeedee\n|-singleturn|p1a: Indeedee|move: Follow Me\n|move|p2b: Miraidon|Volt Switch|p1a: Indeedee\n|-damage|p1a: Indeedee|69/100\n|-damage|p2b: Miraidon|91/100|[from] item: Life Orb\n|\n|t:|1746012404\n|switch|p2b: Farigiraf|Farigiraf, L50, M|100/100|[from] Volt Switch\n|move|p1b: Baxcalibur|Swords Dance|p1b: Baxcalibur\n|-boost|p1b: Baxcalibur|atk|2\n|move|p2a: Iron Hands|Drain Punch|p1a: Indeedee\n|-damage|p1a: Indeedee|25/100\n|\n|upkeep\n|turn|2\n|inactive|Aruuz has 30 seconds left.\n|\n|t:|1746012431\n|-end|p2a: Iron Hands|Quark Drive|[silent]\n|switch|p2a: Miraidon|Miraidon, L50|91/100\n|-fieldstart|move: Electric Terrain|[from] ability: Hadron Engine|[of] p2a: Miraidon\n|-enditem|p2b: Farigiraf|Electric Seed\n|-boost|p2b: Farigiraf|def|1|[from] item: Electric Seed\n|-terastallize|p1b: Baxcalibur|Poison\n|move|p1a: Indeedee|Helping Hand|p1b: Baxcalibur\n|-singleturn|p1b: Baxcalibur|Helping Hand|[of] p1a: Indeedee\n|move|p1b: Baxcalibur|Scale Shot|p2b: Farigiraf\n|-damage|p2b: Farigiraf|82/100\n|-damage|p2b: Farigiraf|60/100\n|-damage|p2b: Farigiraf|38/100\n|-damage|p2b: Farigiraf|17/100\n|-hitcount|p2b: Farigiraf|4\n|-unboost|p1b: Baxcalibur|def|1\n|-boost|p1b: Baxcalibur|spe|1\n|move|p2b: Farigiraf|Trick Room|p2b: Farigiraf\n|-fieldstart|move: Trick Room|[of] p2b: Farigiraf\n|\n|upkeep\n|turn|3\n|inactive|Aruuz has 30 seconds left.\n|inactive|Aruuz has 20 seconds left.\n|inactive|Aruuz has 15 seconds left.\n|inactive|Aruuz has 10 seconds left.\n|inactive|Aruuz has 5 seconds left.\n|\n|t:|1746012484\n|move|p1a: Indeedee|Follow Me|p1a: Indeedee\n|-singleturn|p1a: Indeedee|move: Follow Me\n|move|p2b: Farigiraf|Psychic|p1a: Indeedee\n|-resisted|p1a: Indeedee\n|-damage|p1a: Indeedee|14/100\n|move|p2a: Miraidon|Volt Switch|p1a: Indeedee\n|-damage|p1a: Indeedee|0 fnt\n|faint|p1a: Indeedee\n|-damage|p2a: Miraidon|82/100|[from] item: Life Orb\n|\n|t:|1746012498\n|switch|p2a: Iron Hands|Iron Hands, L50|100/100|[from] Volt Switch\n|-activate|p2a: Iron Hands|ability: Quark Drive\n|-start|p2a: Iron Hands|quarkdriveatk\n|move|p1b: Baxcalibur|Scale Shot|p2a: Iron Hands\n|-damage|p2a: Iron Hands|81/100\n|-damage|p2a: Iron Hands|60/100\n|-damage|p2a: Iron Hands|42/100\n|-damage|p2a: Iron Hands|21/100\n|-damage|p2a: Iron Hands|2/100\n|-hitcount|p2a: Iron Hands|5\n|-unboost|p1b: Baxcalibur|def|1\n|-boost|p1b: Baxcalibur|spe|1\n|\n|upkeep\n|inactive|Aruuz has 30 seconds left.\n|\n|t:|1746012531\n|switch|p1a: Zamazenta|Zamazenta-Crowned, L50|100/100\n|-ability|p1a: Zamazenta|Dauntless Shield|boost\n|-boost|p1a: Zamazenta|def|1\n|turn|4\n|\n|t:|1746012543\n|move|p1b: Baxcalibur|Protect|p1b: Baxcalibur\n|-singleturn|p1b: Baxcalibur|Protect\n|move|p2a: Iron Hands|Drain Punch|p1a: Zamazenta\n|-supereffective|p1a: Zamazenta\n|-damage|p1a: Zamazenta|59/100\n|-heal|p2a: Iron Hands|19/100|[from] drain|[of] p1a: Zamazenta\n|move|p2b: Farigiraf|Psychic|p1b: Baxcalibur\n|-activate|p1b: Baxcalibur|move: Protect\n|move|p1a: Zamazenta|Body Press|p2a: Iron Hands\n|-damage|p2a: Iron Hands|0 fnt\n|faint|p2a: Iron Hands\n|-end|p2a: Iron Hands|Quark Drive|[silent]\n|\n|upkeep\n|\n|t:|1746012549\n|switch|p2a: Ursaluna|Ursaluna, L50, F|100/100\n|turn|5\n|inactive|Aruuz has 30 seconds left.\n|\n|t:|1746012576\n|move|p2b: Farigiraf|Helping Hand|p2a: Ursaluna\n|-singleturn|p2a: Ursaluna|Helping Hand|[of] p2b: Farigiraf\n|move|p1b: Baxcalibur|Protect||[still]\n|-fail|p1b: Baxcalibur\n|move|p2a: Ursaluna|Headlong Rush|p1b: Baxcalibur\n|-supereffective|p1b: Baxcalibur\n|-damage|p1b: Baxcalibur|0 fnt\n|-unboost|p2a: Ursaluna|def|1\n|-unboost|p2a: Ursaluna|spd|1\n|faint|p1b: Baxcalibur\n|move|p1a: Zamazenta|Body Press|p2b: Farigiraf\n|-damage|p2b: Farigiraf|0 fnt\n|faint|p2b: Farigiraf\n|\n|-status|p2a: Ursaluna|brn|[from] item: Flame Orb\n|upkeep\n|\n|t:|1746012592\n|switch|p2b: Miraidon|Miraidon, L50|82/100\n|switch|p1b: Kyogre|Kyogre, L50|100/100\n|-weather|RainDance|[from] ability: Drizzle|[of] p1b: Kyogre\n|-activate|p2b: Miraidon|ability: Hadron Engine\n|turn|6\n|\n|t:|1746012606\n|move|p2a: Ursaluna|Protect|p2a: Ursaluna\n|-singleturn|p2a: Ursaluna|Protect\n|move|p1b: Kyogre|Ice Beam|p2b: Miraidon\n|-supereffective|p2b: Miraidon\n|-damage|p2b: Miraidon|14/100\n|move|p1a: Zamazenta|Body Press|p2b: Miraidon\n|-damage|p2b: Miraidon|0 fnt\n|faint|p2b: Miraidon\n|\n|-weather|RainDance|[upkeep]\n|-damage|p2a: Ursaluna|94/100 brn|[from] brn\n|-fieldend|move: Trick Room\n|-fieldend|move: Electric Terrain\n|upkeep\n|turn|7\n|\n|t:|1746012624\n|-terastallize|p2a: Ursaluna|Ghost\n|move|p1a: Zamazenta|Behemoth Bash|p2a: Ursaluna\n|-damage|p2a: Ursaluna|53/100 brn\n|move|p1b: Kyogre|Water Spout|p2a: Ursaluna\n|-damage|p2a: Ursaluna|0 fnt\n|faint|p2a: Ursaluna\n|\n|win|Aruuz\n||nikolasnaiz is ready for game 3.\n||Aruuz is ready for game 3.\n|uhtml|next|Next: <a href=\"/battle-gen9vgc2025regibo3-2353867996\"><strong>Game 3 of 3</strong></a>\n|l|\u2606nikolasnaiz\n|player|p2|\n|l|\u2606Aruuz\n|player|p1|\n", "uploadtime": 1746012898, "views": 6, "formatid": "gen9vgc2025regibo3", "rating": null, "private": 0, "password": null}