{"id": "gen9vgc2025regibo3-2353573479", "format": "[Gen 9] VGC 2025 Reg I (Bo3)", "players": ["JefeHilariov_", "Somie"], "log": "|j|\u2606JefeHilariov_\n|j|\u2606Somie\n|html|<table width=\"100%\"><tr><td align=\"left\">JefeHilariov_</td><td align=\"right\">Somie</tr><tr><td align=\"left\"><i class=\"fa fa-circle-o\"></i> <i class=\"fa fa-circle-o\"></i> </td><td align=\"right\"><i class=\"fa fa-circle-o\"></i> <i class=\"fa fa-circle-o\"></i> </tr></table>\n|uhtml|bestof|<h2><strong>Game 1</strong> of <a href=\"/game-bestof3-gen9vgc2025regibo3-2353573478\">a best-of-3</a></h2>\n|t:|1745969931\n|gametype|doubles\n|player|p1|JefeHilariov_|169|1054\n|player|p2|Somie|marnie|1104\n|teamsize|p1|6\n|teamsize|p2|6\n|gen|9\n|tier|[Gen 9] VGC 2025 Reg I (Bo3)\n|rated|\n|rule|Species Clause: Limit one of each Pok\u00e9mon\n|rule|Item Clause: Limit 1 of each item\n|clearpoke\n|poke|p1|Lunala, L50|\n|poke|p1|Koraidon, L50|\n|poke|p1|Flutter Mane, L50|\n|poke|p1|Indeedee-F, L50, F|\n|poke|p1|Ogerpon-Cornerstone, L50, F|\n|poke|p1|Chi-Yu, L50|\n|poke|p2|Urshifu-*, L50, F|\n|poke|p2|Kyogre, L50|\n|poke|p2|Tornadus, L50, M|\n|poke|p2|Lunala, L50|\n|poke|p2|Rhydon, L50, M|\n|poke|p2|Araquanid, L50, M|\n|teampreview|4\n|showteam|p1|Lunala||PowerHerb|ShadowShield|Protect,ExpandingForce,MoongeistBeam,MeteorBeam||||||50|,,,,,Water]Koraidon||LifeOrb|OrichalcumPulse|Protect,FlareBlitz,FlameCharge,CloseCombat||||||50|,,,,,Fire]Flutter Mane||FocusSash|Protosynthesis|Protect,Moonblast,ShadowBall,IcyWind||||||50|,,,,,Normal]Indeedee-F||RockyHelmet|PsychicSurge|FollowMe,HelpingHand,ShadowBall,TrickRoom|||F|||50|,,,,,Water]Ogerpon-Cornerstone||CornerstoneMask|Sturdy|Protect,IvyCudgel,PowerWhip,FollowMe|||F|||50|,,,,,Rock]Chi-Yu||ChoiceScarf|BeadsofRuin|HeatWave,Snarl,DarkPulse,Overheat||||||50|,,,,,Fire\n|showteam|p2|Urshifu-Rapid-Strike||FocusSash|UnseenFist|SurgingStrikes,CloseCombat,AquaJet,Protect|||F|||50|,,,,,Water]Kyogre||MysticWater|Drizzle|WaterSpout,OriginPulse,IceBeam,Protect||||||50|,,,,,Grass]Tornadus||CovertCloak|Prankster|Tailwind,BleakwindStorm,Hurricane,IcyWind|||M|||50|,,,,,Dark]Lunala||FairyFeather|ShadowShield|MoongeistBeam,DazzlingGleam,Tailwind,Protect||||||50|,,,,,Fairy]Rhydon||Eviolite|LightningRod|RockSlide,HighHorsepower,TeraBlast,Protect|||M|||50|,,,,,Fairy]Araquanid||SafetyGoggles|WaterBubble|Waterfall,LeechLife,PowerSplit,WideGuard|||M|||50|,,,,,Steel\n|inactive|Battle timer is ON: inactive players will automatically lose when time's up. (requested by Somie)\n|j| Yarin65\n|inactive|JefeHilariov_ has 60 seconds left.\n|inactive|Somie has 60 seconds left.\n|\n|t:|1745969981\n|start\n|switch|p1a: Ogerpon|Ogerpon-Cornerstone, L50, F|100/100\n|switch|p1b: Chi-Yu|Chi-Yu, L50|100/100\n|switch|p2a: Kyogre|Kyogre, L50, shiny|100/100\n|switch|p2b: Lunala|Lunala, L50, shiny|100/100\n|-ability|p1b: Chi-Yu|Beads of Ruin\n|-weather|RainDance|[from] ability: Drizzle|[of] p2a: Kyogre\n|turn|1\n|inactive|JefeHilariov_ has 30 seconds left.\n|\n|t:|1745970012\n|move|p2a: Kyogre|Protect|p2a: Kyogre\n|-singleturn|p2a: Kyogre|Protect\n|move|p1b: Chi-Yu|Snarl|p2b: Lunala|[spread] p2b\n|-activate|p2a: Kyogre|move: Protect\n|-supereffective|p2b: Lunala\n|-damage|p2b: Lunala|58/100\n|-unboost|p2b: Lunala|spa|1\n|move|p1a: Ogerpon|Ivy Cudgel|p2b: Lunala|[anim] Ivy Cudgel Rock\n|-damage|p2b: Lunala|1/100\n|move|p2b: Lunala|Tailwind|p2b: Lunala\n|-sidestart|p2: Somie|move: Tailwind\n|\n|-weather|RainDance|[upkeep]\n|upkeep\n|turn|2\n|inactive|JefeHilariov_ has 30 seconds left.\n|inactive|JefeHilariov_ has 20 seconds left.\n|\n|t:|1745970048\n|switch|p1b: Koraidon|Koraidon, L50|100/100\n|-weather|SunnyDay|[from] ability: Orichalcum Pulse|[of] p1b: Koraidon\n|-activate|p1b: Koraidon|Orichalcum Pulse|[source]\n|move|p2b: Lunala|Dazzling Gleam|p1a: Ogerpon|[spread] p1a,p1b\n|-supereffective|p1b: Koraidon\n|-damage|p1a: Ogerpon|79/100\n|-damage|p1b: Koraidon|31/100\n|move|p2a: Kyogre|Water Spout|p1a: Ogerpon|[spread] p1a,p1b\n|-resisted|p1b: Koraidon\n|-damage|p1a: Ogerpon|34/100\n|-damage|p1b: Koraidon|13/100\n|move|p1a: Ogerpon|Ivy Cudgel|p2a: Kyogre|[anim] Ivy Cudgel Rock\n|-damage|p2a: Kyogre|49/100\n|\n|-weather|SunnyDay|[upkeep]\n|upkeep\n|turn|3\n|\n|t:|1745970065\n|switch|p2a: Urshifu|Urshifu-Rapid-Strike, L50, F|100/100\n|-terastallize|p2b: Lunala|Fairy\n|move|p1b: Koraidon|Protect|p1b: Koraidon\n|-singleturn|p1b: Koraidon|Protect\n|move|p1a: Ogerpon|Protect|p1a: Ogerpon\n|-singleturn|p1a: Ogerpon|Protect\n|move|p2b: Lunala|Dazzling Gleam|p1b: Koraidon|[spread] \n|-activate|p1a: Ogerpon|move: Protect\n|-activate|p1b: Koraidon|move: Protect\n|\n|-weather|SunnyDay|[upkeep]\n|upkeep\n|turn|4\n|\n|t:|1745970088\n|switch|p1b: Lunala|Lunala, L50|100/100\n|move|p2a: Urshifu|Surging Strikes|p1a: Ogerpon\n|-crit|p1a: Ogerpon\n|-damage|p1a: Ogerpon|20/100\n|-crit|p1a: Ogerpon\n|-damage|p1a: Ogerpon|9/100\n|-crit|p1a: Ogerpon\n|-damage|p1a: Ogerpon|0 fnt\n|faint|p1a: Ogerpon\n|-hitcount|p1: Ogerpon|3\n|move|p2b: Lunala|Dazzling Gleam|p1b: Lunala\n|-damage|p1b: Lunala|87/100\n|\n|-weather|SunnyDay|[upkeep]\n|-sideend|p2: Somie|move: Tailwind\n|upkeep\n|\n|t:|1745970105\n|switch|p1a: Chi-Yu|Chi-Yu, L50|100/100\n|-ability|p1a: Chi-Yu|Beads of Ruin\n|turn|5\n|\n|t:|1745970119\n|switch|p2b: Kyogre|Kyogre, L50, shiny|49/100\n|-weather|RainDance|[from] ability: Drizzle|[of] p2b: Kyogre\n|-terastallize|p1a: Chi-Yu|Fire\n|move|p2a: Urshifu|Aqua Jet|p1a: Chi-Yu\n|-supereffective|p1a: Chi-Yu\n|-damage|p1a: Chi-Yu|0 fnt\n|faint|p1a: Chi-Yu\n|move|p1b: Lunala|Expanding Force|p2a: Urshifu\n|-supereffective|p2a: Urshifu\n|-enditem|p2a: Urshifu|Focus Sash\n|-damage|p2a: Urshifu|1/100\n|\n|-weather|RainDance|[upkeep]\n|upkeep\n|\n|t:|1745970131\n|switch|p1a: Koraidon|Koraidon, L50|13/100\n|-weather|SunnyDay|[from] ability: Orichalcum Pulse|[of] p1a: Koraidon\n|-activate|p1a: Koraidon|Orichalcum Pulse|[source]\n|turn|6\n|\n|t:|1745970156\n|switch|p2b: Lunala|Lunala, L50, shiny, tera:Fairy|1/100\n|move|p2a: Urshifu|Protect|p2a: Urshifu\n|-singleturn|p2a: Urshifu|Protect\n|move|p1a: Koraidon|Close Combat|p2b: Lunala\n|-resisted|p2b: Lunala\n|-damage|p2b: Lunala|0 fnt\n|-unboost|p1a: Koraidon|def|1\n|-unboost|p1a: Koraidon|spd|1\n|faint|p2b: Lunala\n|-damage|p1a: Koraidon|3/100|[from] item: Life Orb\n|move|p1b: Lunala|Meteor Beam||[still]\n|-prepare|p1b: Lunala|Meteor Beam\n|-boost|p1b: Lunala|spa|1\n|-enditem|p1b: Lunala|Power Herb\n|-anim|p1b: Lunala|Meteor Beam|p2a: Urshifu\n|-activate|p2a: Urshifu|move: Protect\n|\n|-weather|SunnyDay|[upkeep]\n|upkeep\n|\n|t:|1745970172\n|switch|p2b: Rhydon|Rhydon, L50, M, shiny|100/100\n|turn|7\n|\n|t:|1745970195\n|move|p2a: Urshifu|Aqua Jet|p1a: Koraidon\n|-resisted|p1a: Koraidon\n|-damage|p1a: Koraidon|0 fnt\n|faint|p1a: Koraidon\n|move|p1b: Lunala|Moongeist Beam|p2a: Urshifu\n|-damage|p2a: Urshifu|0 fnt\n|faint|p2a: Urshifu\n|move|p2b: Rhydon|High Horsepower|p1b: Lunala\n|-damage|p1b: Lunala|51/100\n|\n|-weather|SunnyDay|[upkeep]\n|upkeep\n|\n|t:|1745970204\n|switch|p2a: Kyogre|Kyogre, L50, shiny|49/100\n|-weather|RainDance|[from] ability: Drizzle|[of] p2a: Kyogre\n|turn|8\n|\n|t:|1745970220\n|move|p2a: Kyogre|Protect|p2a: Kyogre\n|-singleturn|p2a: Kyogre|Protect\n|move|p1b: Lunala|Moongeist Beam|p2b: Rhydon\n|-damage|p2b: Rhydon|45/100\n|move|p2b: Rhydon|High Horsepower|p1b: Lunala\n|-damage|p1b: Lunala|16/100\n|\n|-weather|RainDance|[upkeep]\n|upkeep\n|turn|9\n|\n|t:|1745970230\n|move|p1b: Lunala|Moongeist Beam|p2a: Kyogre\n|-damage|p2a: Kyogre|0 fnt\n|faint|p2a: Kyogre\n|move|p2b: Rhydon|High Horsepower|p1b: Lunala\n|-damage|p1b: Lunala|0 fnt\n|faint|p1b: Lunala\n|\n|win|Somie\n||Somie is ready for game 2.\n||JefeHilariov_ is ready for game 2.\n|uhtml|next|Next: <a href=\"/battle-gen9vgc2025regibo3-2353576123\"><strong>Game 2 of 3</strong></a>\n|l|\u2606JefeHilariov_\n|player|p1|\n", "uploadtime": 1745970383, "views": 17, "formatid": "gen9vgc2025regibo3", "rating": null, "private": 0, "password": null}