{"id": "gen9vgc2025regibo3-2354431835", "format": "[Gen 9] VGC 2025 Reg I (Bo3)", "players": ["flexexility", "phmAPAS"], "log": "|j|\u2606flexexility\n|j|\u2606phmAPAS\n|html|<table width=\"100%\"><tr><td align=\"left\">flexexility</td><td align=\"right\">phmAPAS</tr><tr><td align=\"left\"><i class=\"fa fa-circle-o\"></i> <i class=\"fa fa-circle-o\"></i> </td><td align=\"right\"><i class=\"fa fa-circle-o\"></i> <i class=\"fa fa-circle-o\"></i> </tr></table>\n|uhtml|bestof|<h2><strong>Game 1</strong> of <a href=\"/game-bestof3-gen9vgc2025regibo3-2354431834\">a best-of-3</a></h2>\n|t:|1746070788\n|gametype|doubles\n|player|p1|flexexility|lance|1000\n|player|p2|phmAPAS|birdkeeper-gen4dp|1026\n|teamsize|p1|6\n|teamsize|p2|6\n|gen|9\n|tier|[Gen 9] VGC 2025 Reg I (Bo3)\n|rated|\n|rule|Species Clause: Limit one of each Pok\u00e9mon\n|rule|Item Clause: Limit 1 of each item\n|clearpoke\n|poke|p1|Mimikyu, L50, M|\n|poke|p1|Torkoal, L50, F|\n|poke|p1|Farigiraf, L50, F|\n|poke|p1|Smeargle, L50, M|\n|poke|p1|Baxcalibur, L50, F|\n|poke|p1|Gholdengo, L50|\n|poke|p2|Flutter Mane, L50|\n|poke|p2|Chi-Yu, L50|\n|poke|p2|Whimsicott, L50, F|\n|poke|p2|Groudon, L50|\n|poke|p2|Koraidon, L50|\n|poke|p2|Rillaboom, L50, M|\n|teampreview|4\n|showteam|p1|Mimikyu||SitrusBerry|Disguise|TrickRoom,WillOWisp,LightScreen,ShadowClaw|||M|||50|,,,,,Ghost]Torkoal||ChoiceSpecs|Drought|Eruption,HeatWave,WeatherBall,EarthPower|||F|||50|,,,,,Fire]Farigiraf||Leftovers|CudChew|Protect,TrickRoom,FoulPlay,Psychic|||F|||50|,,,,,Normal]Smeargle||FocusSash|OwnTempo|FakeOut,FollowMe,Decorate,Spore|||M|||50|,,,,,Normal]Baxcalibur||RockyHelmet|ThermalExchange|Avalanche,Protect,IcicleSpear,Crunch|||F|||50|,,,,,Dragon]Gholdengo||WeaknessPolicy|GoodasGold|MakeItRain,ShadowBall,NastyPlot,Protect||||||50|,,,,,Steel\n|showteam|p2|Flutter Mane||FocusSash|Protosynthesis|Moonblast,ShadowBall,IcyWind,Protect||||||50|,,,,,Grass]Chi-Yu||ChoiceScarf|BeadsofRuin|Overheat,DarkPulse,HeatWave,Snarl||||||50|,,,,,Ghost]Whimsicott||CovertCloak|Prankster|Moonblast,Tailwind,HelpingHand,Encore|||F|||50|,,,,,Steel]Groudon||AssaultVest|Drought|PrecipiceBlades,HeatCrash,ThunderPunch,HighHorsepower||||||50|,,,,,Fire]Koraidon||LifeOrb|OrichalcumPulse|Protect,FlareBlitz,CloseCombat,FlameCharge||||||50|,,,,,Fire]Rillaboom||MiracleSeed|GrassySurge|WoodHammer,GrassyGlide,FakeOut,Protect|||M|||50|,,,,,Grass\n|\n|t:|1746070822\n|start\n|switch|p1a: Mimikyu|Mimikyu, L50, M|100/100\n|switch|p1b: Gholdengo|Gholdengo, L50|100/100\n|switch|p2a: Whimsicott|Whimsicott, L50, F|100/100\n|switch|p2b: Groudon|Groudon, L50|100/100\n|-weather|SunnyDay|[from] ability: Drought|[of] p2b: Groudon\n|turn|1\n|\n|t:|1746070850\n|-terastallize|p2b: Groudon|Fire\n|move|p1b: Gholdengo|Protect|p1b: Gholdengo\n|-singleturn|p1b: Gholdengo|Protect\n|move|p2a: Whimsicott|Tailwind|p2a: Whimsicott\n|-sidestart|p2: phmAPAS|move: Tailwind\n|move|p2b: Groudon|Heat Crash|p1b: Gholdengo\n|-activate|p1b: Gholdengo|move: Protect\n|move|p1a: Mimikyu|Trick Room|p1a: Mimikyu\n|-fieldstart|move: Trick Room|[of] p1a: Mimikyu\n|\n|-weather|SunnyDay|[upkeep]\n|upkeep\n|turn|2\n|\n|t:|1746070881\n|move|p2a: Whimsicott|Encore|p1a: Mimikyu\n|-start|p1a: Mimikyu|Encore\n|move|p1b: Gholdengo|Make It Rain|p2a: Whimsicott|[spread] p2a,p2b\n|-supereffective|p2a: Whimsicott\n|-resisted|p2b: Groudon\n|-damage|p2a: Whimsicott|0 fnt\n|-damage|p2b: Groudon|85/100\n|-unboost|p1b: Gholdengo|spa|1\n|faint|p2a: Whimsicott\n|move|p1a: Mimikyu|Trick Room|p1a: Mimikyu\n|-fieldend|move: Trick Room\n|move|p2b: Groudon|Heat Crash|p1b: Gholdengo\n|-supereffective|p1b: Gholdengo\n|-damage|p1b: Gholdengo|0 fnt\n|faint|p1b: Gholdengo\n|\n|-weather|SunnyDay|[upkeep]\n|upkeep\n|\n|t:|1746070916\n|switch|p2a: Flutter Mane|Flutter Mane, L50|100/100\n|switch|p1b: Baxcalibur|Baxcalibur, L50, F|100/100\n|-activate|p2a: Flutter Mane|ability: Protosynthesis\n|-start|p2a: Flutter Mane|protosynthesisspe\n|turn|3\n|\n|t:|1746070940\n|move|p1b: Baxcalibur|Protect|p1b: Baxcalibur\n|-singleturn|p1b: Baxcalibur|Protect\n|move|p2a: Flutter Mane|Icy Wind|p1a: Mimikyu|[spread] p1a\n|-activate|p1b: Baxcalibur|move: Protect\n|-activate|p1a: Mimikyu|ability: Disguise\n|-damage|p1a: Mimikyu|100/100\n|-unboost|p1a: Mimikyu|spe|1\n|detailschange|p1a: Mimikyu|Mimikyu-Busted, L50, M\n|-damage|p1a: Mimikyu|89/100|[from] pokemon: Mimikyu-Busted\n|move|p2b: Groudon|Precipice Blades|p1a: Mimikyu|[spread] p1a\n|-activate|p1b: Baxcalibur|move: Protect\n|-damage|p1a: Mimikyu|36/100\n|-enditem|p1a: Mimikyu|Sitrus Berry|[eat]\n|-heal|p1a: Mimikyu|60/100|[from] item: Sitrus Berry\n|move|p1a: Mimikyu|Trick Room|p1a: Mimikyu\n|-fieldstart|move: Trick Room|[of] p1a: Mimikyu\n|\n|-weather|SunnyDay|[upkeep]\n|upkeep\n|turn|4\n|\n|t:|1746070979\n|-terastallize|p1b: Baxcalibur|Dragon\n|move|p1b: Baxcalibur|Icicle Spear|p2b: Groudon\n|-resisted|p2b: Groudon\n|-damage|p2b: Groudon|80/100\n|-resisted|p2b: Groudon\n|-damage|p2b: Groudon|75/100\n|-resisted|p2b: Groudon\n|-damage|p2b: Groudon|71/100\n|-hitcount|p2b: Groudon|3\n|move|p2b: Groudon|Precipice Blades|p1a: Mimikyu|[spread] p1a\n|-miss|p2b: Groudon|p1b: Baxcalibur\n|-damage|p1a: Mimikyu|2/100\n|move|p2a: Flutter Mane|Shadow Ball|p1a: Mimikyu\n|-supereffective|p1a: Mimikyu\n|-damage|p1a: Mimikyu|0 fnt\n|faint|p1a: Mimikyu\n|\n|-weather|SunnyDay|[upkeep]\n|-sideend|p2: phmAPAS|move: Tailwind\n|upkeep\n|\n|t:|1746070985\n|switch|p1a: Smeargle|Smeargle, L50, M|100/100\n|turn|5\n|\n|t:|1746071010\n|move|p1a: Smeargle|Fake Out|p2b: Groudon\n|-damage|p2b: Groudon|67/100\n|move|p1b: Baxcalibur|Crunch|p2a: Flutter Mane\n|-damage|p2a: Flutter Mane|30/100\n|cant|p2b: Groudon|flinch\n|move|p2a: Flutter Mane|Moonblast|p1b: Baxcalibur\n|-supereffective|p1b: Baxcalibur\n|-damage|p1b: Baxcalibur|16/100\n|\n|-weather|none\n|-end|p2a: Flutter Mane|Protosynthesis\n|upkeep\n|turn|6\n|\n|t:|1746071044\n|move|p1a: Smeargle|Decorate|p1b: Baxcalibur\n|-boost|p1b: Baxcalibur|atk|2\n|-boost|p1b: Baxcalibur|spa|2\n|move|p1b: Baxcalibur|Crunch|p2a: Flutter Mane\n|-damage|p2a: Flutter Mane|0 fnt\n|faint|p2a: Flutter Mane\n|-end|p2a: Flutter Mane|Protosynthesis|[silent]\n|move|p2b: Groudon|Heat Crash|p1a: Smeargle\n|-enditem|p1a: Smeargle|Focus Sash\n|-damage|p1a: Smeargle|1/100\n|\n|upkeep\n|\n|t:|1746071054\n|switch|p2a: Koraidon|Koraidon, L50|100/100\n|-weather|SunnyDay|[from] ability: Orichalcum Pulse|[of] p2a: Koraidon\n|-activate|p2a: Koraidon|Orichalcum Pulse|[source]\n|turn|7\n|\n|t:|1746071069\n|move|p1a: Smeargle|Spore|p2b: Groudon\n|-status|p2b: Groudon|slp|[from] move: Spore\n|move|p1b: Baxcalibur|Icicle Spear|p2a: Koraidon\n|-supereffective|p2a: Koraidon\n|-damage|p2a: Koraidon|47/100\n|-supereffective|p2a: Koraidon\n|-damage|p2a: Koraidon|0 fnt\n|faint|p2a: Koraidon\n|-hitcount|p2: Koraidon|2\n|cant|p2b: Groudon|slp\n|\n|-weather|SunnyDay|[upkeep]\n|-fieldend|move: Trick Room\n|upkeep\n|turn|8\n|\n|t:|1746071094\n|cant|p2b: Groudon|slp\n|move|p1b: Baxcalibur|Crunch|p2b: Groudon\n|-damage|p2b: Groudon|29/100 slp\n|move|p1a: Smeargle|Decorate|p1b: Baxcalibur\n|-boost|p1b: Baxcalibur|atk|2\n|-boost|p1b: Baxcalibur|spa|2\n|\n|-weather|SunnyDay|[upkeep]\n|upkeep\n|turn|9\n|\n|t:|1746071113\n|move|p1a: Smeargle|Follow Me|p1a: Smeargle\n|-singleturn|p1a: Smeargle|move: Follow Me\n|cant|p2b: Groudon|slp\n|move|p1b: Baxcalibur|Crunch|p2b: Groudon\n|-damage|p2b: Groudon|0 fnt\n|faint|p2b: Groudon\n|\n|win|flexexility\n||phmAPAS is ready for game 2.\n|inactive|flexexility has 30 seconds to confirm battle start!\n", "uploadtime": 1746071131, "views": 27, "formatid": "gen9vgc2025regibo3", "rating": null, "private": 0, "password": null}