{"id": "gen9vgc2025regibo3-2354368649", "format": "[Gen 9] VGC 2025 Reg I (Bo3)", "players": ["galaxymaster008", "HAVEATYOU"], "log": "|j|\u2606galaxymaster008\n|j|\u2606HAVEATYOU\n|html|<table width=\"100%\"><tr><td align=\"left\">galaxymaster008</td><td align=\"right\">HAVEATYOU</tr><tr><td align=\"left\"><i class=\"fa fa-circle-o\"></i> <i class=\"fa fa-circle-o\"></i> </td><td align=\"right\"><i class=\"fa fa-circle-o\"></i> <i class=\"fa fa-circle\"></i> </tr></table>\n|uhtml|bestof|<h2><strong>Game 2</strong> of <a href=\"/game-bestof3-gen9vgc2025regibo3-2354367343\">a best-of-3</a></h2>\n|t:|1746062817\n|gametype|doubles\n|player|p1|galaxymaster008|rocketgrunt|\n|player|p2|HAVEATYOU|hilbert|\n|teamsize|p1|6\n|teamsize|p2|6\n|gen|9\n|tier|[Gen 9] VGC 2025 Reg I (Bo3)\n|rule|Species Clause: Limit one of each Pok\u00e9mon\n|rule|Item Clause: Limit 1 of each item\n|clearpoke\n|poke|p1|Necrozma-Dusk-Mane, L50|\n|poke|p1|Hatterene, L50, F|\n|poke|p1|Torkoal, L50, M|\n|poke|p1|Garganacl, L50, M|\n|poke|p1|Swampert, L50, M|\n|poke|p1|Calyrex-Ice, L50|\n|poke|p2|Gothitelle, L50, M|\n|poke|p2|Flutter Mane, L50|\n|poke|p2|Kyogre, L50|\n|poke|p2|Incineroar, L50, F|\n|poke|p2|Sinistcha, L50|\n|poke|p2|Koraidon, L50|\n|teampreview|4\n|showteam|p1|Necrozma-Dusk-Mane||IronBall|PrismArmor|SunsteelStrike,SwordsDance,PhotonGeyser,Fling||||||50|,,,,,Psychic]Hatterene||WeaknessPolicy|MagicBounce|TrickRoom,CalmMind,BatonPass,DrainingKiss|||F|||50|,,,,,Normal]Torkoal|||Drought|Eruption,Protect,WillOWisp,EarthPower|||M|||50|,,,,,Fire]Garganacl||Leftovers|PurifyingSalt|SaltCure,Protect,Recover,ZenHeadbutt|||M|||50|,,,,,Psychic]Swampert||AssaultVest|Torrent|Avalanche,Liquidation,HighHorsepower,Outrage|||M|||50|,,,,,Water]Calyrex-Ice||LifeOrb|AsOneGlastrier|GlacialLance,Bulldoze,ZenHeadbutt,Protect||||||50|,,,,,Psychic\n|showteam|p2|Gothitelle||CovertCloak|ShadowTag|TrickRoom,Psychic,FakeOut,Protect|||M|||50|,,,,,Fairy]Flutter Mane||BoosterEnergy|Protosynthesis|PerishSong,Substitute,Protect,ShadowBall||||||50|,,,,,Steel]Kyogre||ChoiceSpecs|Drizzle|WaterSpout,IceBeam,OriginPulse,Earthquake||||||50|,,,,,Water]Incineroar||SafetyGoggles|Intimidate|FakeOut,KnockOff,PartingShot,WillOWisp|||F|||50|,,,,,Ghost]Sinistcha||RockyHelmet|Hospitality|MatchaGotcha,RagePowder,TrickRoom,StrengthSap||||||50|,,,,,Water]Koraidon||ClearAmulet|OrichalcumPulse|CollisionCourse,DragonClaw,FlameCharge,Protect||||||50|,,,,,Steel\n|inactive|Battle timer is ON: inactive players will automatically lose when time's up. (requested by HAVEATYOU)\n|inactive|galaxymaster008 has 60 seconds left.\n|inactive|HAVEATYOU has 60 seconds left.\n|\n|t:|1746062854\n|start\n|switch|p1a: Necrozma|Necrozma-Dusk-Mane, L50|100/100\n|switch|p1b: Flex Tape|Calyrex-Ice, L50|100/100\n|switch|p2a: Koraidon|Koraidon, L50|100/100\n|switch|p2b: Sinistcha|Sinistcha, L50|100/100\n|-ability|p1b: Flex Tape|As One\n|-ability|p1b: Flex Tape|Unnerve\n|-weather|SunnyDay|[from] ability: Orichalcum Pulse|[of] p2a: Koraidon\n|-activate|p2a: Koraidon|Orichalcum Pulse|[source]\n|turn|1\n|inactive|HAVEATYOU has 30 seconds left.\n|\n|t:|1746062884\n|-terastallize|p2a: Koraidon|Steel\n|-terastallize|p1b: Flex Tape|Psychic\n|move|p2a: Koraidon|Flame Charge|p1b: Flex Tape\n|-damage|p1b: Flex Tape|77/100\n|-boost|p2a: Koraidon|spe|1\n|move|p2b: Sinistcha|Strength Sap|p1a: Necrozma\n|-unboost|p1a: Necrozma|atk|1\n|move|p1b: Flex Tape|Zen Headbutt|p2a: Koraidon\n|-resisted|p2a: Koraidon\n|-damage|p2a: Koraidon|54/100\n|-damage|p1b: Flex Tape|67/100|[from] item: Life Orb\n|move|p1a: Necrozma|Swords Dance|p1a: Necrozma\n|-boost|p1a: Necrozma|atk|2\n|\n|-weather|SunnyDay|[upkeep]\n|upkeep\n|turn|2\n|\n|t:|1746062908\n|move|p2a: Koraidon|Collision Course|p1a: Necrozma\n|-damage|p1a: Necrozma|42/100\n|move|p2b: Sinistcha|Matcha Gotcha|p1a: Necrozma|[spread] p1a,p1b\n|-resisted|p1a: Necrozma\n|-crit|p1a: Necrozma\n|-damage|p1a: Necrozma|25/100\n|-damage|p1b: Flex Tape|49/100\n|move|p1b: Flex Tape|Bulldoze|p2b: Sinistcha|[spread] p1a,p2a,p2b\n|-supereffective|p1a: Necrozma\n|-supereffective|p2a: Koraidon\n|-resisted|p2b: Sinistcha\n|-damage|p1a: Necrozma|0 fnt\n|-damage|p2a: Koraidon|6/100\n|-damage|p2b: Sinistcha|90/100\n|-unboost|p2b: Sinistcha|spe|1\n|faint|p1a: Necrozma\n|-ability|p1b: Flex Tape|Chilling Neigh|boost\n|-boost|p1b: Flex Tape|atk|1\n|-damage|p1b: Flex Tape|40/100|[from] item: Life Orb\n|\n|-weather|SunnyDay|[upkeep]\n|upkeep\n|\n|t:|1746062928\n|switch|p1a: Hatterene|Hatterene, L50, F|100/100\n|turn|3\n|\n|t:|1746062942\n|move|p1b: Flex Tape|Protect|p1b: Flex Tape\n|-singleturn|p1b: Flex Tape|Protect\n|move|p2b: Sinistcha|Rage Powder|p2b: Sinistcha\n|-singleturn|p2b: Sinistcha|move: Rage Powder\n|move|p2a: Koraidon|Collision Course|p1b: Flex Tape\n|-activate|p1b: Flex Tape|move: Protect\n|move|p1a: Hatterene|Trick Room|p1a: Hatterene\n|-fieldstart|move: Trick Room|[of] p1a: Hatterene\n|\n|-weather|SunnyDay|[upkeep]\n|upkeep\n|turn|4\n|inactive|galaxymaster008 has 30 seconds left.\n|\n|t:|1746062968\n|switch|p2b: Incineroar|Incineroar, L50, F|100/100\n|-ability|p2b: Incineroar|Intimidate|boost\n|-unboost|p1a: Hatterene|atk|1\n|-unboost|p1b: Flex Tape|atk|1\n|move|p1a: Hatterene|Draining Kiss|p2b: Incineroar\n|-damage|p2b: Incineroar|83/100\n|move|p1b: Flex Tape|Glacial Lance|p2a: Koraidon|[spread] p2a,p2b\n|-resisted|p2a: Koraidon\n|-resisted|p2b: Incineroar\n|-damage|p2a: Koraidon|0 fnt\n|-damage|p2b: Incineroar|46/100\n|faint|p2a: Koraidon\n|-ability|p1b: Flex Tape|Chilling Neigh|boost\n|-boost|p1b: Flex Tape|atk|1\n|-damage|p1b: Flex Tape|30/100|[from] item: Life Orb\n|\n|-weather|SunnyDay|[upkeep]\n|upkeep\n|c|\u2606galaxymaster008|07\n|\n|t:|1746062982\n|switch|p2a: Kyogre|Kyogre, L50|100/100\n|-weather|RainDance|[from] ability: Drizzle|[of] p2a: Kyogre\n|turn|5\n|inactive|galaxymaster008 has 30 seconds left.\n|inactive|galaxymaster008 has 20 seconds left.\n|\n|t:|1746063021\n|move|p2b: Incineroar|Fake Out|p1b: Flex Tape\n|-damage|p1b: Flex Tape|23/100\n|move|p1a: Hatterene|Draining Kiss|p2a: Kyogre\n|-damage|p2a: Kyogre|85/100\n|cant|p1b: Flex Tape|flinch\n|move|p2a: Kyogre|Water Spout|p1a: Hatterene|[spread] p1a,p1b\n|-crit|p1b: Flex Tape\n|-damage|p1a: Hatterene|0 fnt\n|-damage|p1b: Flex Tape|0 fnt\n|faint|p1a: Hatterene\n|faint|p1b: Flex Tape\n|\n|-weather|RainDance|[upkeep]\n|upkeep\n|\n|t:|1746063032\n|switch|p1b: Garganacl|Garganacl, L50, M|100/100\n|turn|6\n|\n|t:|1746063043\n|move|p1b: Garganacl|Salt Cure|p2b: Incineroar\n|-supereffective|p2b: Incineroar\n|-damage|p2b: Incineroar|22/100\n|-start|p2b: Incineroar|Salt Cure\n|move|p2b: Incineroar|Will-O-Wisp|p1b: Garganacl\n|-immune|p1b: Garganacl|[from] ability: Purifying Salt\n|move|p2a: Kyogre|Water Spout|p1b: Garganacl\n|-supereffective|p1b: Garganacl\n|-damage|p1b: Garganacl|0 fnt\n|faint|p1b: Garganacl\n|\n|win|HAVEATYOU\n|l|\u2606HAVEATYOU\n|player|p2|\n|l|\u2606galaxymaster008\n|player|p1|\n", "uploadtime": 1746063315, "views": 8, "formatid": "gen9vgc2025regibo3", "rating": null, "private": 0, "password": null}