{"id": "gen9vgc2025regibo3-2354150258", "format": "[Gen 9] VGC 2025 Reg I (Bo3)", "players": ["thecascader34", "Dozo XX"], "log": "|j|\u2606thecascader34\n|j|\u2606Dozo XX\n|html|<table width=\"100%\"><tr><td align=\"left\">thecascader34</td><td align=\"right\">Dozo XX</tr><tr><td align=\"left\"><i class=\"fa fa-circle-o\"></i> <i class=\"fa fa-circle-o\"></i> </td><td align=\"right\"><i class=\"fa fa-circle-o\"></i> <i class=\"fa fa-circle\"></i> </tr></table>\n|uhtml|bestof|<h2><strong>Game 2</strong> of <a href=\"/game-bestof3-gen9vgc2025regibo3-2354146658\">a best-of-3</a></h2>\n|t:|1746039195\n|gametype|doubles\n|player|p1|thecascader34|ingo-hisui|1125\n|player|p2|Dozo XX|ballguy|1090\n|teamsize|p1|6\n|teamsize|p2|6\n|gen|9\n|tier|[Gen 9] VGC 2025 Reg I (Bo3)\n|rated|\n|rule|Species Clause: Limit one of each Pok\u00e9mon\n|rule|Item Clause: Limit 1 of each item\n|clearpoke\n|poke|p1|Thundurus, L50, M|\n|poke|p1|Lunala, L50|\n|poke|p1|Koraidon, L50|\n|poke|p1|Sneasler, L50, M|\n|poke|p1|Great Tusk, L50|\n|poke|p1|Indeedee-F, L50, F|\n|poke|p2|Kyogre, L50|\n|poke|p2|Miraidon, L50|\n|poke|p2|Tornadus, L50, M|\n|poke|p2|Iron Hands, L50|\n|poke|p2|Farigiraf, L50, F|\n|poke|p2|Iron Treads, L50|\n|teampreview|4\n|showteam|p1|Thundurus||CovertCloak|Prankster|ThunderWave,Swagger,WildboltStorm,Taunt|||M|||50|,,,,,Electric]Lunala||PowerHerb|ShadowShield|MeteorBeam,Moonblast,MoongeistBeam,ExpandingForce||||||50|,,,,,Normal]Koraidon||LifeOrb|OrichalcumPulse|FlareBlitz,CollisionCourse,DragonClaw,Protect||||||50|,,,,,Fairy]Sneasler||MirrorHerb|Unburden|CloseCombat,DireClaw,Acrobatics,Protect|||M|||50|,,,,,Dark]Great Tusk||AssaultVest|Protosynthesis|IceSpinner,HeadlongRush,CloseCombat,RockSlide||||||50|,,,,,Steel]Indeedee-F||RockyHelmet|Synchronize|Imprison,TrickRoom,FollowMe,Psychic|||F|||50|,,,,,Psychic\n|showteam|p2|Kyogre||MysticWater|Drizzle|WaterSpout,OriginPulse,IceBeam,Protect||||||50|,,,,,Grass]Miraidon||ChoiceSpecs|HadronEngine|ElectroDrift,DracoMeteor,DazzlingGleam,VoltSwitch||||||50|,,,,,Fairy]Tornadus||FocusSash|Prankster|BleakwindStorm,Tailwind,RainDance,Protect|||M|||50|,,,,,Ghost]Iron Hands||AssaultVest|QuarkDrive|WildCharge,DrainPunch,LowKick,FakeOut||||||50|,,,,,Water]Farigiraf||ElectricSeed|ArmorTail|FoulPlay,PsychicNoise,TrickRoom,HelpingHand|||F|||50|,,,,,Water]Iron Treads||LifeOrb|QuarkDrive|HighHorsepower,SteelRoller,KnockOff,Protect||||||50|,,,,,Ghost\n|inactive|Battle timer is ON: inactive players will automatically lose when time's up. (requested by Dozo XX)\n|inactive|Dozo XX has 60 seconds left.\n|inactive|Dozo XX has 30 seconds left.\n|\n|t:|1746039259\n|start\n|switch|p1a: Thundurus|Thundurus, L50, M|100/100\n|switch|p1b: Sneasler|Sneasler, L50, M|100/100\n|switch|p2a: Miraidon|Miraidon, L50|100/100\n|switch|p2b: Iron Treads|Iron Treads, L50|100/100\n|-fieldstart|move: Electric Terrain|[from] ability: Hadron Engine|[of] p2a: Miraidon\n|-activate|p2b: Iron Treads|ability: Quark Drive\n|-start|p2b: Iron Treads|quarkdrivespe\n|turn|1\n|inactive|Dozo XX has 30 seconds left.\n|\n|t:|1746039285\n|switch|p2a: Farigiraf|Farigiraf, L50, F|100/100\n|-enditem|p2a: Farigiraf|Electric Seed\n|-boost|p2a: Farigiraf|def|1|[from] item: Electric Seed\n|-enditem|p1b: Sneasler|Mirror Herb\n|-boost|p1b: Sneasler|def|1|[from] item: Mirror Herb\n|move|p1b: Sneasler|Protect|p1b: Sneasler\n|-singleturn|p1b: Sneasler|Protect\n|move|p1a: Thundurus|Swagger||[still]\n|cant|p2a: Farigiraf|ability: Armor Tail|Swagger|[of] p1a: Thundurus\n|move|p2b: Iron Treads|High Horsepower|p1b: Sneasler\n|-activate|p1b: Sneasler|move: Protect\n|\n|upkeep\n|turn|2\n|\n|t:|1746039300\n|move|p2a: Farigiraf|Helping Hand|p2b: Iron Treads\n|-singleturn|p2b: Iron Treads|Helping Hand|[of] p2a: Farigiraf\n|move|p1b: Sneasler|Close Combat|p2b: Iron Treads\n|-supereffective|p2b: Iron Treads\n|-damage|p2b: Iron Treads|0 fnt\n|-unboost|p1b: Sneasler|def|1\n|-unboost|p1b: Sneasler|spd|1\n|faint|p2b: Iron Treads\n|-end|p2b: Iron Treads|Quark Drive|[silent]\n|move|p1a: Thundurus|Wildbolt Storm|p2a: Farigiraf\n|-damage|p2a: Farigiraf|68/100\n|\n|upkeep\n|\n|t:|1746039310\n|switch|p2b: Miraidon|Miraidon, L50|100/100\n|-activate|p2b: Miraidon|ability: Hadron Engine\n|turn|3\n|\n|t:|1746039325\n|-terastallize|p2b: Miraidon|Fairy\n|move|p1b: Sneasler|Dire Claw|p2a: Farigiraf\n|-damage|p2a: Farigiraf|44/100\n|-status|p2a: Farigiraf|par\n|move|p2b: Miraidon|Dazzling Gleam|p1b: Sneasler|[spread] p1a,p1b\n|-damage|p1a: Thundurus|44/100\n|-damage|p1b: Sneasler|0 fnt\n|faint|p1b: Sneasler\n|move|p1a: Thundurus|Wildbolt Storm|p2a: Farigiraf|[spread] p2a,p2b\n|-crit|p2b: Miraidon\n|-damage|p2a: Farigiraf|16/100 par\n|-damage|p2b: Miraidon|65/100\n|cant|p2a: Farigiraf|par\n|\n|upkeep\n|\n|t:|1746039341\n|switch|p1b: Great Tusk|Great Tusk, L50|100/100\n|turn|4\n|\n|t:|1746039346\n|-terastallize|p1b: Great Tusk|Steel\n|move|p2a: Farigiraf|Helping Hand|p2b: Miraidon\n|-singleturn|p2b: Miraidon|Helping Hand|[of] p2a: Farigiraf\n|move|p2b: Miraidon|Dazzling Gleam|p1b: Great Tusk|[spread] p1a,p1b\n|-resisted|p1b: Great Tusk\n|-damage|p1a: Thundurus|0 fnt\n|-damage|p1b: Great Tusk|59/100\n|faint|p1a: Thundurus\n|move|p1b: Great Tusk|Ice Spinner|p2b: Miraidon\n|-damage|p2b: Miraidon|39/100\n|-fieldend|move: Electric Terrain\n|\n|upkeep\n|\n|t:|1746039355\n|switch|p1a: Koraidon|Koraidon, L50|100/100\n|-weather|SunnyDay|[from] ability: Orichalcum Pulse|[of] p1a: Koraidon\n|-activate|p1b: Great Tusk|ability: Protosynthesis\n|-start|p1b: Great Tusk|protosynthesisatk\n|-activate|p1a: Koraidon|Orichalcum Pulse|[source]\n|turn|5\n|\n|t:|1746039373\n|switch|p2a: Kyogre|Kyogre, L50|100/100\n|-weather|RainDance|[from] ability: Drizzle|[of] p2a: Kyogre\n|-end|p1b: Great Tusk|Protosynthesis\n|move|p1a: Koraidon|Flare Blitz|p2b: Miraidon\n|-damage|p2b: Miraidon|16/100\n|-status|p2b: Miraidon|brn\n|-damage|p1a: Koraidon|92/100|[from] Recoil\n|-damage|p1a: Koraidon|83/100|[from] item: Life Orb\n|move|p2b: Miraidon|Dazzling Gleam|p1a: Koraidon|[spread] p1a,p1b\n|-supereffective|p1a: Koraidon\n|-resisted|p1b: Great Tusk\n|-damage|p1a: Koraidon|0 fnt\n|-damage|p1b: Great Tusk|35/100\n|faint|p1a: Koraidon\n|move|p1b: Great Tusk|Ice Spinner|p2a: Kyogre\n|-resisted|p2a: Kyogre\n|-damage|p2a: Kyogre|86/100\n|\n|-weather|RainDance|[upkeep]\n|-damage|p2b: Miraidon|10/100 brn|[from] brn\n|upkeep\n|turn|6\n|c|\u2606thecascader34|good switch\n|c|\u2606thecascader34|g\n|c|\u2606thecascader34|g\n|c|\u2606Dozo XX|gg\n|-message|thecascader34 forfeited.\n|\n|win|Dozo XX\n|raw|thecascader34's rating: 1125 &rarr; <strong>1097</strong><br />(-28 for losing)\n|raw|Dozo XX's rating: 1090 &rarr; <strong>1119</strong><br />(+29 for winning)\n|l|\u2606thecascader34\n|player|p1|\n", "uploadtime": 1746039397, "views": 8, "formatid": "gen9vgc2025regibo3", "rating": 1097, "private": 0, "password": null}