{"id": "gen9vgc2025regibo3-2353831654", "format": "[Gen 9] VGC 2025 Reg I (Bo3)", "players": ["migolazo04", "sunner248_"], "log": "|j|\u2606migolazo04\n|j|\u2606sunner248_\n|html|<table width=\"100%\"><tr><td align=\"left\">migolazo04</td><td align=\"right\">sunner248_</tr><tr><td align=\"left\"><i class=\"fa fa-circle-o\"></i> <i class=\"fa fa-circle-o\"></i> </td><td align=\"right\"><i class=\"fa fa-circle-o\"></i> <i class=\"fa fa-circle-o\"></i> </tr></table>\n|uhtml|bestof|<h2><strong>Game 1</strong> of <a href=\"/game-bestof3-gen9vgc2025regibo3-2353831653\">a best-of-3</a></h2>\n|t:|1746007241\n|gametype|doubles\n|player|p1|migolazo04|2|1071\n|player|p2|sunner248_|dawn|1000\n|teamsize|p1|6\n|teamsize|p2|6\n|gen|9\n|tier|[Gen 9] VGC 2025 Reg I (Bo3)\n|rated|\n|rule|Species Clause: Limit one of each Pok\u00e9mon\n|rule|Item Clause: Limit 1 of each item\n|clearpoke\n|poke|p1|Zamazenta-*, L50|\n|poke|p1|Calyrex-Shadow, L50|\n|poke|p1|Incineroar, L50, F|\n|poke|p1|Rillaboom, L50, F|\n|poke|p1|Urshifu-*, L50, F|\n|poke|p1|Tornadus, L50, M|\n|poke|p2|Mewtwo, L50|\n|poke|p2|Calyrex-Ice, L50|\n|poke|p2|Ninetales-Alola, L50, M|\n|poke|p2|Indeedee-F, L50, F|\n|poke|p2|Dondozo, L50, M|\n|poke|p2|Tatsugiri, L50, M|\n|teampreview|4\n|showteam|p1|Zamazenta-Crowned||RustedShield|DauntlessShield|BodyPress,HeavySlam,WideGuard,Protect||||||50|,,,,,Dragon]Calyrex-Shadow||LifeOrb|AsOneSpectrier|AstralBarrage,Psychic,NastyPlot,Protect||||||50|,,,,,Dark]Incineroar||RockyHelmet|Intimidate|FakeOut,KnockOff,HelpingHand,PartingShot|||F|||50|,,,,,Bug]Rillaboom||AssaultVest|GrassySurge|FakeOut,WoodHammer,GrassyGlide,Uturn|||F|||50|,,,,,Water]Urshifu-Rapid-Strike||ChoiceScarf|UnseenFist|SurgingStrikes,CloseCombat,AquaJet,Uturn|||F|||50|,,,,,Water]Tornadus||CovertCloak|Prankster|BleakwindStorm,Taunt,RainDance,Tailwind|||M|||50|,,,,,Dark\n|showteam|p2|Mewtwo||AssaultVest|Unnerve|ExpandingForce,Blizzard,EarthPower,FocusBlast||||||50|,,,,,Psychic]Calyrex-Ice||ClearAmulet|AsOneGlastrier|Protect,TrickRoom,GlacialLance,ZenHeadbutt||||||50|,,,,,Water]Ninetales-Alola||FocusSash|SnowWarning|Protect,AuroraVeil,Blizzard,DazzlingGleam|||M|||50|,,,,,Dragon]Indeedee-F||PsychicSeed|PsychicSurge|FollowMe,TrickRoom,HelpingHand,Psychic|||F|||50|,,,,,Psychic]Dondozo||Leftovers|Unaware|Protect,BodyPress,OrderUp,Substitute|||M|||50|,,,,,Water]Tatsugiri||SafetyGoggles|Commander|MuddyWater,IcyWind,DracoMeteor,HelpingHand|||M|||50|,,,,,Dragon\n|\n|t:|1746007306\n|start\n|switch|p1a: Zamazenta|Zamazenta-Crowned, L50|100/100\n|switch|p1b: Incineroar|Incineroar, L50, F|100/100\n|switch|p2a: Calyrex|Calyrex-Ice, L50|100/100\n|switch|p2b: Indeedee|Indeedee-F, L50, F|100/100\n|-ability|p2a: Calyrex|As One\n|-ability|p2a: Calyrex|Unnerve\n|-ability|p1a: Zamazenta|Dauntless Shield|boost\n|-boost|p1a: Zamazenta|def|1\n|-fieldstart|move: Psychic Terrain|[from] ability: Psychic Surge|[of] p2b: Indeedee\n|-enditem|p2b: Indeedee|Psychic Seed\n|-boost|p2b: Indeedee|spd|1|[from] item: Psychic Seed\n|-ability|p1b: Incineroar|Intimidate|boost\n|-fail|p2a: Calyrex|unboost|[from] item: Clear Amulet|[of] p2a: Calyrex\n|-unboost|p2b: Indeedee|atk|1\n|turn|1\n|\n|t:|1746007362\n|move|p1a: Zamazenta|Body Press|p2b: Indeedee\n|-damage|p2b: Indeedee|2/100\n|move|p1b: Incineroar|Knock Off|p2b: Indeedee\n|-supereffective|p2b: Indeedee\n|-damage|p2b: Indeedee|0 fnt\n|faint|p2b: Indeedee\n|move|p2a: Calyrex|Glacial Lance|p1b: Incineroar|[spread] p1a,p1b\n|-resisted|p1a: Zamazenta\n|-resisted|p1b: Incineroar\n|-damage|p1a: Zamazenta|89/100\n|-damage|p1b: Incineroar|80/100\n|\n|upkeep\n|\n|t:|1746007376\n|switch|p2b: Ninetales|Ninetales-Alola, L50, M|100/100\n|-weather|Snowscape|[from] ability: Snow Warning|[of] p2b: Ninetales\n|turn|2\n|inactive|Battle timer is ON: inactive players will automatically lose when time's up. (requested by sunner248_)\n|\n|t:|1746007426\n|move|p1a: Zamazenta|Body Press|p2a: Calyrex\n|-damage|p2a: Calyrex|68/100\n|move|p2b: Ninetales|Aurora Veil|p2b: Ninetales\n|-sidestart|p2: sunner248_|move: Aurora Veil\n|move|p1b: Incineroar|Knock Off|p2a: Calyrex\n|-supereffective|p2a: Calyrex\n|-damage|p2a: Calyrex|49/100\n|-enditem|p2a: Calyrex|Clear Amulet|[from] move: Knock Off|[of] p1b: Incineroar\n|move|p2a: Calyrex|Trick Room|p2a: Calyrex\n|-fieldstart|move: Trick Room|[of] p2a: Calyrex\n|\n|-weather|Snowscape|[upkeep]\n|upkeep\n|turn|3\n|inactive|migolazo04 has 30 seconds left.\n|inactive|migolazo04 has 20 seconds left.\n|\n|t:|1746007463\n|move|p2a: Calyrex|Glacial Lance|p1a: Zamazenta|[spread] p1a,p1b\n|-resisted|p1a: Zamazenta\n|-resisted|p1b: Incineroar\n|-damage|p1a: Zamazenta|77/100\n|-damage|p1b: Incineroar|56/100\n|move|p1b: Incineroar|Knock Off|p2a: Calyrex\n|-supereffective|p2a: Calyrex\n|-damage|p2a: Calyrex|35/100\n|move|p2b: Ninetales|Blizzard|p1a: Zamazenta|[spread] p1a,p1b\n|-resisted|p1a: Zamazenta\n|-resisted|p1b: Incineroar\n|-damage|p1a: Zamazenta|65/100\n|-damage|p1b: Incineroar|39/100\n|move|p1a: Zamazenta|Body Press|p2a: Calyrex\n|-damage|p2a: Calyrex|15/100\n|\n|-weather|Snowscape|[upkeep]\n|upkeep\n|turn|4\n|\n|t:|1746007484\n|move|p2a: Calyrex|Protect|p2a: Calyrex\n|-singleturn|p2a: Calyrex|Protect\n|move|p1a: Zamazenta|Wide Guard|p1a: Zamazenta\n|-singleturn|p1a: Zamazenta|Wide Guard\n|move|p1b: Incineroar|Knock Off|p2a: Calyrex\n|-activate|p2a: Calyrex|move: Protect\n|move|p2b: Ninetales|Aurora Veil||[still]\n|-fail|p2b: Ninetales\n|\n|-weather|Snowscape|[upkeep]\n|upkeep\n|turn|5\n|inactive|sunner248_ has 30 seconds left.\n|inactive|sunner248_ has 20 seconds left.\n|\n|t:|1746007523\n|move|p1a: Zamazenta|Wide Guard|p1a: Zamazenta\n|-singleturn|p1a: Zamazenta|Wide Guard\n|move|p2a: Calyrex|Glacial Lance|p1b: Incineroar|[spread] \n|-activate|p1a: Zamazenta|move: Wide Guard\n|-activate|p1b: Incineroar|move: Wide Guard\n|move|p1b: Incineroar|Knock Off|p2a: Calyrex\n|-supereffective|p2a: Calyrex\n|-damage|p2a: Calyrex|0 fnt\n|faint|p2a: Calyrex\n|move|p2b: Ninetales|Blizzard|p1a: Zamazenta|[spread] \n|-activate|p1a: Zamazenta|move: Wide Guard\n|-activate|p1b: Incineroar|move: Wide Guard\n|\n|-weather|Snowscape|[upkeep]\n|-fieldend|move: Psychic Terrain\n|upkeep\n|\n|t:|1746007536\n|switch|p2a: Mewtwo|Mewtwo, L50|100/100\n|-ability|p2a: Mewtwo|Unnerve\n|turn|6\n|\n|t:|1746007560\n|move|p1a: Zamazenta|Protect||[still]\n|-fail|p1a: Zamazenta\n|move|p1b: Incineroar|Parting Shot|p2a: Mewtwo\n|-unboost|p2a: Mewtwo|atk|1\n|-unboost|p2a: Mewtwo|spa|1\n|\n|t:|1746007566\n|switch|p1b: Calyrex|Calyrex-Shadow, L50|100/100|[from] Parting Shot\n|-ability|p1b: Calyrex|As One\n|-ability|p1b: Calyrex|Unnerve\n|move|p2b: Ninetales|Blizzard|p1a: Zamazenta|[spread] p1a,p1b\n|-resisted|p1a: Zamazenta\n|-damage|p1a: Zamazenta|51/100\n|-damage|p1b: Calyrex|67/100\n|-status|p1a: Zamazenta|frz\n|move|p2a: Mewtwo|Earth Power|p1a: Zamazenta\n|-supereffective|p1a: Zamazenta\n|-damage|p1a: Zamazenta|16/100 frz\n|\n|-weather|none\n|-sideend|p2: sunner248_|move: Aurora Veil\n|-fieldend|move: Trick Room\n|upkeep\n|turn|7\n|inactive|migolazo04 has 30 seconds left.\n|inactive|sunner248_ has 30 seconds left.\n|inactive|migolazo04 has 20 seconds left.\n|inactive|migolazo04 has 15 seconds left.\n|\n|t:|1746007609\n|-terastallize|p2a: Mewtwo|Psychic\n|-curestatus|p1a: Zamazenta|frz|[msg]\n|move|p1a: Zamazenta|Wide Guard|p1a: Zamazenta\n|-singleturn|p1a: Zamazenta|Wide Guard\n|move|p1b: Calyrex|Astral Barrage|p2b: Ninetales|[spread] p2a,p2b\n|-supereffective|p2a: Mewtwo\n|-crit|p2b: Ninetales\n|-damage|p2a: Mewtwo|20/100\n|-damage|p2b: Ninetales|4/100\n|-damage|p1b: Calyrex|57/100|[from] item: Life Orb\n|move|p2a: Mewtwo|Expanding Force|p1b: Calyrex\n|-resisted|p1b: Calyrex\n|-damage|p1b: Calyrex|36/100\n|move|p2b: Ninetales|Dazzling Gleam|p1b: Calyrex|[spread] \n|-activate|p1a: Zamazenta|move: Wide Guard\n|-activate|p1b: Calyrex|move: Wide Guard\n|\n|upkeep\n|turn|8\n|l|\u2606sunner248_\n|inactive|sunner248_ disconnected and has a minute to reconnect!\n|player|p2|\n|inactive|sunner248_ has 30 seconds left.\n|inactive|sunner248_ has 20 seconds left.\n|inactive|sunner248_ has 15 seconds left.\n|inactive|sunner248_ has 10 seconds left.\n|inactive|sunner248_ has 5 seconds left.\n|-message|sunner248_ lost due to inactivity.\n|\n|win|migolazo04\n||migolazo04 is ready for game 2.\n|inactive|sunner248_ has 10 seconds to reconnect!\n|inactive|sunner248_ has 0 seconds to reconnect!\n|raw|migolazo04's rating: 1071 &rarr; <strong>1094</strong><br />(+23 for winning)\n|raw|sunner248_'s rating: 1000 &rarr; <strong>1000</strong><br />(+0 for losing)\n", "uploadtime": 1746007701, "views": 15, "formatid": "gen9vgc2025regibo3", "rating": 1000, "private": 0, "password": null}