{"id": "gen9vgc2025regibo3-2353746198", "format": "[Gen 9] VGC 2025 Reg I (Bo3)", "players": ["sadfkl", "Mentalsyndrome"], "log": "|j|\u2606sadfkl\n|j|\u2606Mentalsyndrome\n|html|<table width=\"100%\"><tr><td align=\"left\">sadfkl</td><td align=\"right\">Mentalsyndrome</tr><tr><td align=\"left\"><i class=\"fa fa-circle-o\"></i> <i class=\"fa fa-circle-o\"></i> </td><td align=\"right\"><i class=\"fa fa-circle-o\"></i> <i class=\"fa fa-circle-o\"></i> </tr></table>\n|uhtml|bestof|<h2><strong>Game 1</strong> of <a href=\"/game-bestof3-gen9vgc2025regibo3-2353746197\">a best-of-3</a></h2>\n|t:|1745992852\n|gametype|doubles\n|player|p1|sadfkl|ethan|1105\n|player|p2|Mentalsyndrome|170|1129\n|teamsize|p1|6\n|teamsize|p2|6\n|gen|9\n|tier|[Gen 9] VGC 2025 Reg I (Bo3)\n|rated|\n|rule|Species Clause: Limit one of each Pok\u00e9mon\n|rule|Item Clause: Limit 1 of each item\n|clearpoke\n|poke|p1|Koraidon, L50|\n|poke|p1|Calyrex-Shadow, L50|\n|poke|p1|Indeedee-F, L50, F|\n|poke|p1|Iron Bundle, L50|\n|poke|p1|Chi-Yu, L50|\n|poke|p1|Brute Bonnet, L50|\n|poke|p2|Bastiodon, L50, F|\n|poke|p2|Flutter Mane, L50|\n|poke|p2|Raging Bolt, L50|\n|poke|p2|Koraidon, L50|\n|poke|p2|Groudon, L50|\n|poke|p2|Brute Bonnet, L50|\n|teampreview|4\n|showteam|p1|Koraidon||LifeOrb|OrichalcumPulse|CollisionCourse,FlareBlitz,Protect,LowKick||||||50|,,,,,Fire]Calyrex-Shadow||FocusSash|AsOneSpectrier|AstralBarrage,ExpandingForce,Protect,PollenPuff||||||50|,,,,,Dark]Indeedee-F||PsychicSeed|PsychicSurge|AlluringVoice,FollowMe,HelpingHand,TrickRoom|||F|||50|,,,,,Water]Iron Bundle||BoosterEnergy|QuarkDrive|IcyWind,Taunt,Encore,FreezeDry||||||50|,,,,,Ghost]Chi-Yu||ChoiceScarf|BeadsofRuin|HeatWave,DarkPulse,Snarl,Overheat||||||50|,,,,,Fire]Brute Bonnet||CovertCloak|Protosynthesis|SeedBomb,SuckerPunch,Spore,RagePowder||||||50|,,,,,Water\n|showteam|p2|Bastiodon||Leftovers|Sturdy|IronDefense,BodyPress,WideGuard,FoulPlay|||F|||50|,,,,,Water]Flutter Mane||FocusSash|Protosynthesis|IcyWind,Moonblast,Protect,Taunt||||||50|,,,,,Normal]Raging Bolt||LifeOrb|Protosynthesis|Thunderbolt,DracoMeteor,Thunderclap,Protect||||||50|,,,,,Fairy]Koraidon||ClearAmulet|OrichalcumPulse|FlareBlitz,FlameCharge,CloseCombat,Protect||||||50|,,,,,Fire]Groudon||AssaultVest|Drought|PrecipiceBlades,HeatCrash,ThunderPunch,HighHorsepower||||||50|,,,,,Fire]Brute Bonnet||CovertCloak|Protosynthesis|SuckerPunch,Spore,RagePowder,SeedBomb||||||50|,,,,,Poison\n|inactive|Battle timer is ON: inactive players will automatically lose when time's up. (requested by Mentalsyndrome)\n|inactive|Mentalsyndrome has 60 seconds left.\n|inactive|Mentalsyndrome has 30 seconds left.\n|inactive|Mentalsyndrome has 20 seconds left.\n|inactive|Mentalsyndrome has 15 seconds left.\n|inactive|Mentalsyndrome has 10 seconds left.\n|inactive|Mentalsyndrome has 5 seconds left.\n|\n|t:|1745992939\n|start\n|switch|p1a: Iron Bundle|Iron Bundle, L50|100/100\n|switch|p1b: Chi-Yu|Chi-Yu, L50|100/100\n|switch|p2a: Don Steadman|Flutter Mane, L50|100/100\n|switch|p2b: Don Groo|Groudon, L50|100/100\n|-ability|p1b: Chi-Yu|Beads of Ruin\n|-weather|SunnyDay|[from] ability: Drought|[of] p2b: Don Groo\n|-activate|p2a: Don Steadman|ability: Protosynthesis\n|-start|p2a: Don Steadman|protosynthesisspe\n|-enditem|p1a: Iron Bundle|Booster Energy\n|-activate|p1a: Iron Bundle|ability: Quark Drive|[fromitem]\n|-start|p1a: Iron Bundle|quarkdrivespe\n|turn|1\n|\n|t:|1745992962\n|-terastallize|p2b: Don Groo|Fire\n|move|p2a: Don Steadman|Protect|p2a: Don Steadman\n|-singleturn|p2a: Don Steadman|Protect\n|move|p1a: Iron Bundle|Icy Wind|p2b: Don Groo|[spread] p2b\n|-activate|p2a: Don Steadman|move: Protect\n|-resisted|p2b: Don Groo\n|-damage|p2b: Don Groo|95/100\n|-unboost|p2b: Don Groo|spe|1\n|move|p1b: Chi-Yu|Heat Wave|p2a: Don Steadman|[spread] \n|-activate|p2a: Don Steadman|move: Protect\n|-miss|p1b: Chi-Yu|p2b: Don Groo\n|move|p2b: Don Groo|Precipice Blades|p1a: Iron Bundle|[spread] p1b\n|-miss|p2b: Don Groo|p1a: Iron Bundle\n|-supereffective|p1b: Chi-Yu\n|-damage|p1b: Chi-Yu|0 fnt\n|faint|p1b: Chi-Yu\n|\n|-weather|SunnyDay|[upkeep]\n|upkeep\n|\n|t:|1745992973\n|switch|p1b: Calyrex|Calyrex-Shadow, L50|100/100\n|-ability|p1b: Calyrex|As One\n|-ability|p1b: Calyrex|Unnerve\n|turn|2\n|\n|t:|1745992987\n|move|p1a: Iron Bundle|Icy Wind|p2b: Don Groo|[spread] p2a,p2b\n|-resisted|p2b: Don Groo\n|-damage|p2a: Don Steadman|82/100\n|-damage|p2b: Don Groo|89/100\n|-unboost|p2a: Don Steadman|spe|1\n|-unboost|p2b: Don Groo|spe|1\n|move|p1b: Calyrex|Astral Barrage|p2a: Don Steadman|[spread] p2a,p2b\n|-supereffective|p2a: Don Steadman\n|-damage|p2a: Don Steadman|0 fnt\n|-damage|p2b: Don Groo|59/100\n|faint|p2a: Don Steadman\n|-end|p2a: Don Steadman|Protosynthesis|[silent]\n|-ability|p1b: Calyrex|Grim Neigh|boost\n|-boost|p1b: Calyrex|spa|1\n|move|p2b: Don Groo|Heat Crash|p1b: Calyrex\n|-enditem|p1b: Calyrex|Focus Sash\n|-damage|p1b: Calyrex|1/100\n|\n|-weather|SunnyDay|[upkeep]\n|upkeep\n|\n|t:|1745992991\n|switch|p2a: Don Mayo|Raging Bolt, L50|100/100\n|-activate|p2a: Don Mayo|ability: Protosynthesis\n|-start|p2a: Don Mayo|protosynthesisspa\n|turn|3\n|\n|t:|1745993007\n|move|p1b: Calyrex|Protect|p1b: Calyrex\n|-singleturn|p1b: Calyrex|Protect\n|move|p2a: Don Mayo|Thunderclap||[still]\n|-fail|p2a: Don Mayo\n|move|p1a: Iron Bundle|Freeze-Dry|p2a: Don Mayo\n|-supereffective|p2a: Don Mayo\n|-damage|p2a: Don Mayo|46/100\n|move|p2b: Don Groo|Precipice Blades|p1a: Iron Bundle|[spread] p1a\n|-activate|p1b: Calyrex|move: Protect\n|-damage|p1a: Iron Bundle|47/100\n|\n|-weather|SunnyDay|[upkeep]\n|upkeep\n|turn|4\n|\n|t:|1745993028\n|move|p1b: Calyrex|Protect|p1b: Calyrex\n|-singleturn|p1b: Calyrex|Protect\n|move|p2a: Don Mayo|Thunderclap|p1a: Iron Bundle\n|-supereffective|p1a: Iron Bundle\n|-damage|p1a: Iron Bundle|0 fnt\n|faint|p1a: Iron Bundle\n|-end|p1a: Iron Bundle|Quark Drive|[silent]\n|-damage|p2a: Don Mayo|36/100|[from] item: Life Orb\n|move|p2b: Don Groo|Precipice Blades|p1b: Calyrex\n|-activate|p1b: Calyrex|move: Protect\n|\n|-weather|SunnyDay|[upkeep]\n|upkeep\n|\n|t:|1745993031\n|switch|p1a: Koraidon|Koraidon, L50|100/100\n|-activate|p1a: Koraidon|ability: Orichalcum Pulse\n|turn|5\n|\n|t:|1745993042\n|-terastallize|p1a: Koraidon|Fire\n|move|p1b: Calyrex|Protect||[still]\n|-fail|p1b: Calyrex\n|move|p2a: Don Mayo|Thunderclap||[still]\n|-fail|p2a: Don Mayo\n|move|p1a: Koraidon|Collision Course|p2b: Don Groo\n|-damage|p2b: Don Groo|0 fnt\n|faint|p2b: Don Groo\n|-damage|p1a: Koraidon|91/100|[from] item: Life Orb\n|\n|-weather|none\n|-end|p2a: Don Mayo|Protosynthesis\n|upkeep\n|\n|t:|1745993050\n|switch|p2b: Don Hotwheels|Koraidon, L50|100/100\n|-weather|SunnyDay|[from] ability: Orichalcum Pulse|[of] p2b: Don Hotwheels\n|-activate|p2a: Don Mayo|ability: Protosynthesis\n|-start|p2a: Don Mayo|protosynthesisspa\n|-activate|p2b: Don Hotwheels|Orichalcum Pulse|[source]\n|turn|6\n|inactive|sadfkl has 30 seconds left.\n|\n|t:|1745993082\n|move|p2a: Don Mayo|Thunderclap|p1b: Calyrex\n|-damage|p1b: Calyrex|0 fnt\n|faint|p1b: Calyrex\n|-damage|p2a: Don Mayo|26/100|[from] item: Life Orb\n|move|p1a: Koraidon|Collision Course|p2b: Don Hotwheels\n|-damage|p2b: Don Hotwheels|21/100\n|-damage|p1a: Koraidon|81/100|[from] item: Life Orb\n|move|p2b: Don Hotwheels|Flame Charge|p1a: Koraidon\n|-resisted|p1a: Koraidon\n|-damage|p1a: Koraidon|64/100\n|-boost|p2b: Don Hotwheels|spe|1\n|\n|-weather|SunnyDay|[upkeep]\n|upkeep\n|turn|7\n|\n|t:|1745993090\n|move|p2a: Don Mayo|Thunderclap|p1a: Koraidon\n|-damage|p1a: Koraidon|0 fnt\n|faint|p1a: Koraidon\n|-damage|p2a: Don Mayo|17/100|[from] item: Life Orb\n|\n|win|Mentalsyndrome\n|l|\u2606Mentalsyndrome\n|player|p2|\n||Mentalsyndrome is ready for game 2.\n|inactive|sadfkl has 30 seconds to confirm battle start!\n||sadfkl is ready for game 2.\n|uhtml|next|Next: <a href=\"/battle-gen9vgc2025regibo3-2353747521\"><strong>Game 2 of 3</strong></a>\n", "uploadtime": 1745993092, "views": 17, "formatid": "gen9vgc2025regibo3", "rating": null, "private": 0, "password": null}