{"id": "gen9vgc2025regibo3-2354567010", "format": "[Gen 9] VGC 2025 Reg I (Bo3)", "players": ["Genn22Vgc", "cipoci"], "log": "|j|\u2606Genn22Vgc\n|j|\u2606cipoci\n|html|<table width=\"100%\"><tr><td align=\"left\">Genn22Vgc</td><td align=\"right\">cipoci</tr><tr><td align=\"left\"><i class=\"fa fa-circle-o\"></i> <i class=\"fa fa-circle-o\"></i> </td><td align=\"right\"><i class=\"fa fa-circle-o\"></i> <i class=\"fa fa-circle-o\"></i> </tr></table>\n|uhtml|bestof|<h2><strong>Game 1</strong> of <a href=\"/game-bestof3-gen9vgc2025regibo3-2354567009\">a best-of-3</a></h2>\n|t:|1746095730\n|gametype|doubles\n|player|p1|Genn22Vgc|102|1431\n|player|p2|cipoci|265|1357\n|teamsize|p1|6\n|teamsize|p2|6\n|gen|9\n|tier|[Gen 9] VGC 2025 Reg I (Bo3)\n|rated|\n|rule|Species Clause: Limit one of each Pok\u00e9mon\n|rule|Item Clause: Limit 1 of each item\n|clearpoke\n|poke|p1|Miraidon, L50|\n|poke|p1|Ditto, L50|\n|poke|p1|Incineroar, L50, M|\n|poke|p1|Zamazenta-*, L50|\n|poke|p1|Grimmsnarl, L50, M|\n|poke|p1|Farigiraf, L50, M|\n|poke|p2|Smeargle, L50, F|\n|poke|p2|Terapagos, L50, M|\n|poke|p2|Clefairy, L50, F|\n|poke|p2|Lunala, L50|\n|poke|p2|Chi-Yu, L50|\n|poke|p2|Brute Bonnet, L50|\n|teampreview|4\n|showteam|p1|Miraidon||ChoiceSpecs|HadronEngine|ElectroDrift,DracoMeteor,VoltSwitch,DazzlingGleam||||||50|,,,,,Fairy]Ditto||ChoiceScarf|Imposter|Transform||||||50|,,,,,Normal]Incineroar||AssaultVest|Intimidate|KnockOff,FlareBlitz,Uturn,FakeOut|||M|||50|,,,,,Bug]Zamazenta-Crowned||RustedShield|DauntlessShield|BodyPress,HeavySlam,WideGuard,Protect||||||50|,,,,,Dragon]Grimmsnarl||LightClay|Prankster|FoulPlay,ThunderWave,Reflect,LightScreen|||M|||50|,,,,,Ghost]Farigiraf||ElectricSeed|ArmorTail|Psychic,FoulPlay,HelpingHand,TrickRoom|||M|||50|,,,,,Water\n|showteam|p2|Smeargle||FocusSash|Moody|FakeOut,Decorate,Spore,FollowMe|||F|||50|,,,,,Ghost]Terapagos||Leftovers|TeraShift|Protect,EarthPower,TeraStarstorm,CalmMind|||M|||50|,,,,,Stellar]Clefairy||Eviolite|FriendGuard|Protect,FollowMe,LifeDew,HelpingHand|||F|||50|,,,,,Grass]Lunala||PowerHerb|ShadowShield|MeteorBeam,MoongeistBeam,TrickRoom,Moonblast||||||50|,,,,,Water]Chi-Yu||ChoiceScarf|BeadsofRuin|DarkPulse,HeatWave,Psychic,Overheat||||||50|,,,,,Ghost]Brute Bonnet||CovertCloak|Protosynthesis|Spore,RagePowder,BulletSeed,SuckerPunch||||||50|,,,,,Water\n|inactive|Battle timer is ON: inactive players will automatically lose when time's up. (requested by cipoci)\n|inactive|Genn22Vgc has 60 seconds left.\n|inactive|Genn22Vgc has 30 seconds left.\n|inactive|Genn22Vgc has 20 seconds left.\n|inactive|Genn22Vgc has 15 seconds left.\n|inactive|Genn22Vgc has 10 seconds left.\n|inactive|Genn22Vgc has 5 seconds left.\n|\n|t:|1746095818\n|start\n|switch|p1a: Miraidon|Miraidon, L50|100/100\n|switch|p1b: Zamazenta|Zamazenta-Crowned, L50|100/100\n|switch|p2a: Terapagos|Terapagos, L50, M|100/100\n|switch|p2b: Smeargle|Smeargle, L50, F|100/100\n|-activate|p2a: Terapagos|ability: Tera Shift\n|detailschange|p2a: Terapagos|Terapagos-Terastal, L50, M\n|-heal|p2a: Terapagos|100/100|[silent]\n|-fieldstart|move: Electric Terrain|[from] ability: Hadron Engine|[of] p1a: Miraidon\n|-ability|p1b: Zamazenta|Dauntless Shield|boost\n|-boost|p1b: Zamazenta|def|1\n|turn|1\n|\n|t:|1746095840\n|move|p2b: Smeargle|Follow Me|p2b: Smeargle\n|-singleturn|p2b: Smeargle|move: Follow Me\n|move|p1a: Miraidon|Volt Switch|p2b: Smeargle\n|-enditem|p2b: Smeargle|Focus Sash\n|-damage|p2b: Smeargle|1/100\n|\n|t:|1746095855\n|switch|p1a: Grimmsnarl|Grimmsnarl, L50, M|100/100|[from] Volt Switch\n|move|p1b: Zamazenta|Body Press|p2b: Smeargle\n|-supereffective|p2b: Smeargle\n|-damage|p2b: Smeargle|0 fnt\n|faint|p2b: Smeargle\n|move|p2a: Terapagos|Calm Mind|p2a: Terapagos\n|-boost|p2a: Terapagos|spa|1\n|-boost|p2a: Terapagos|spd|1\n|\n|upkeep\n|\n|t:|1746095866\n|switch|p2b: Clefairy|Clefairy, L50, F|100/100\n|turn|2\n|\n|t:|1746095889\n|-terastallize|p2a: Terapagos|Stellar\n|detailschange|p2a: Terapagos|Terapagos-Stellar, L50, M, tera:Stellar\n|-heal|p2a: Terapagos|100/100|[silent]\n|-ability|p2a: Terapagos|Teraform Zero\n|-fieldend|move: Electric Terrain\n|move|p2b: Clefairy|Helping Hand|p2a: Terapagos\n|-singleturn|p2a: Terapagos|Helping Hand|[of] p2b: Clefairy\n|move|p1a: Grimmsnarl|Light Screen|p1a: Grimmsnarl\n|-sidestart|p1: Genn22Vgc|move: Light Screen\n|move|p1b: Zamazenta|Body Press|p2a: Terapagos\n|-supereffective|p2a: Terapagos\n|-damage|p2a: Terapagos|35/100\n|move|p2a: Terapagos|Earth Power|p1b: Zamazenta\n|-supereffective|p1b: Zamazenta\n|-damage|p1b: Zamazenta|12/100\n|\n|-heal|p2a: Terapagos|41/100|[from] item: Leftovers\n|upkeep\n|turn|3\n|inactive|Genn22Vgc has 30 seconds left.\n|inactive|cipoci has 30 seconds left.\n|\n|t:|1746095920\n|switch|p1a: Ditto|Ditto, L50|100/100\n|-transform|p1a: Ditto|p2b: Clefairy|[from] ability: Imposter\n|move|p2b: Clefairy|Follow Me|p2b: Clefairy\n|-singleturn|p2b: Clefairy|move: Follow Me\n|move|p1b: Zamazenta|Heavy Slam|p2b: Clefairy\n|-supereffective|p2b: Clefairy\n|-damage|p2b: Clefairy|11/100\n|move|p2a: Terapagos|Calm Mind|p2a: Terapagos\n|-boost|p2a: Terapagos|spa|1\n|-boost|p2a: Terapagos|spd|1\n|\n|-heal|p2a: Terapagos|48/100|[from] item: Leftovers\n|upkeep\n|turn|4\n|\n|t:|1746095940\n|move|p1b: Zamazenta|Protect|p1b: Zamazenta\n|-singleturn|p1b: Zamazenta|Protect\n|move|p2b: Clefairy|Follow Me|p2b: Clefairy\n|-singleturn|p2b: Clefairy|move: Follow Me\n|move|p2a: Terapagos|Tera Starstorm|p1a: Ditto|[spread] p1a\n|-activate|p1b: Zamazenta|move: Protect\n|-damage|p1a: Ditto|28/100\n|move|p1a: Ditto|Life Dew|p1a: Ditto|[spread] p1a,p1b\n|-heal|p1a: Ditto|53/100\n|-heal|p1b: Zamazenta|37/100\n|\n|-heal|p2a: Terapagos|54/100|[from] item: Leftovers\n|upkeep\n|turn|5\n|\n|t:|1746095964\n|move|p1b: Zamazenta|Wide Guard|p1b: Zamazenta\n|-singleturn|p1b: Zamazenta|Wide Guard\n|move|p2b: Clefairy|Follow Me|p2b: Clefairy\n|-singleturn|p2b: Clefairy|move: Follow Me\n|move|p2a: Terapagos|Tera Starstorm|p1b: Zamazenta|[spread] \n|-activate|p1a: Ditto|move: Wide Guard\n|-activate|p1b: Zamazenta|move: Wide Guard\n|move|p1a: Ditto|Life Dew|p1a: Ditto|[spread] p1a,p1b\n|-heal|p1a: Ditto|78/100\n|-heal|p1b: Zamazenta|62/100\n|\n|-heal|p2a: Terapagos|60/100|[from] item: Leftovers\n|upkeep\n|turn|6\n|\n|t:|1746095981\n|move|p2b: Clefairy|Follow Me|p2b: Clefairy\n|-singleturn|p2b: Clefairy|move: Follow Me\n|move|p1b: Zamazenta|Body Press|p2b: Clefairy\n|-resisted|p2b: Clefairy\n|-damage|p2b: Clefairy|0 fnt\n|faint|p2b: Clefairy\n|move|p2a: Terapagos|Tera Starstorm|p1b: Zamazenta|[spread] p1a,p1b\n|-damage|p1a: Ditto|3/100\n|-damage|p1b: Zamazenta|32/100\n|move|p1a: Ditto|Life Dew|p1a: Ditto|[spread] p1a,p1b\n|-heal|p1a: Ditto|28/100\n|-heal|p1b: Zamazenta|57/100\n|\n|-heal|p2a: Terapagos|66/100|[from] item: Leftovers\n|upkeep\n|\n|t:|1746095987\n|switch|p2b: Lunala|Lunala, L50|100/100\n|turn|7\n|\n|t:|1746096004\n|move|p1b: Zamazenta|Protect|p1b: Zamazenta\n|-singleturn|p1b: Zamazenta|Protect\n|move|p2a: Terapagos|Protect|p2a: Terapagos\n|-singleturn|p2a: Terapagos|Protect\n|move|p1a: Ditto|Life Dew|p1a: Ditto|[spread] p1a,p1b\n|-heal|p1a: Ditto|53/100\n|-heal|p1b: Zamazenta|82/100\n|move|p2b: Lunala|Trick Room|p2b: Lunala\n|-fieldstart|move: Trick Room|[of] p2b: Lunala\n|\n|-heal|p2a: Terapagos|72/100|[from] item: Leftovers\n|upkeep\n|turn|8\n|\n|t:|1746096029\n|move|p1a: Ditto|Life Dew|p1a: Ditto|[spread] p1a,p1b\n|-heal|p1a: Ditto|79/100\n|-heal|p1b: Zamazenta|100/100\n|move|p2a: Terapagos|Tera Starstorm|p1a: Ditto|[spread] p1a,p1b\n|-damage|p1a: Ditto|4/100\n|-damage|p1b: Zamazenta|73/100\n|move|p2b: Lunala|Moongeist Beam|p1b: Zamazenta\n|-damage|p1b: Zamazenta|49/100\n|move|p1b: Zamazenta|Body Press|p2a: Terapagos\n|-supereffective|p2a: Terapagos\n|-damage|p2a: Terapagos|0 fnt\n|faint|p2a: Terapagos\n|\n|upkeep\n|turn|9\n|-message|cipoci forfeited.\n|\n|win|Genn22Vgc\n|l|\u2606cipoci\n|player|p2|\n||cipoci is ready for game 2.\n|inactive|Genn22Vgc has 30 seconds to confirm battle start!\n||Genn22Vgc is ready for game 2.\n|uhtml|next|Next: <a href=\"/battle-gen9vgc2025regibo3-2354568768\"><strong>Game 2 of 3</strong></a>\n", "uploadtime": 1746096369, "views": 7, "formatid": "gen9vgc2025regibo3", "rating": null, "private": 0, "password": null}