{"id": "gen9vgc2025regibo3-2353447223", "format": "[Gen 9] VGC 2025 Reg I (Bo3)", "players": ["rostas_mark3", "Shorturtle"], "log": "|j|\u2606rostas_mark3\n|j|\u2606Shorturtle\n|html|<table width=\"100%\"><tr><td align=\"left\">rostas_mark3</td><td align=\"right\">Shorturtle</tr><tr><td align=\"left\"><i class=\"fa fa-circle\"></i> <i class=\"fa fa-circle-o\"></i> </td><td align=\"right\"><i class=\"fa fa-circle-o\"></i> <i class=\"fa fa-circle-o\"></i> </tr></table>\n|uhtml|bestof|<h2><strong>Game 2</strong> of <a href=\"/game-bestof3-gen9vgc2025regibo3-2353444897\">a best-of-3</a></h2>\n|t:|1745956765\n|gametype|doubles\n|player|p1|rostas_mark3|101|1137\n|player|p2|Shorturtle|skyla|1065\n|teamsize|p1|6\n|teamsize|p2|6\n|gen|9\n|tier|[Gen 9] VGC 2025 Reg I (Bo3)\n|rated|\n|rule|Species Clause: Limit one of each Pok\u00e9mon\n|rule|Item Clause: Limit 1 of each item\n|clearpoke\n|poke|p1|Calyrex-Shadow, L50|\n|poke|p1|Zamazenta-*, L50|\n|poke|p1|Tornadus, L50, M|\n|poke|p1|Chien-Pao, L50|\n|poke|p1|Urshifu-*, L50, F|\n|poke|p1|Rillaboom, L50, F|\n|poke|p2|Calyrex-Shadow, L50|\n|poke|p2|Miraidon, L50|\n|poke|p2|Urshifu-*, L50, M|\n|poke|p2|Amoonguss, L50, F|\n|poke|p2|Incineroar, L50, F|\n|poke|p2|Flutter Mane, L50|\n|teampreview|4\n|showteam|p1|Calyrex-Shadow||FocusSash|AsOneSpectrier|AstralBarrage,Psychic,Encore,Protect||||||50|,,,,,Dark]Zamazenta-Crowned||RustedShield|DauntlessShield|BodyPress,HeavySlam,WideGuard,Protect||||||50|,,,,,Dragon]Tornadus||RockyHelmet|Prankster|Tailwind,BleakwindStorm,RainDance,Protect|||M|||50|,,,,,Dark]Chien-Pao||LifeOrb|SwordofRuin|IceSpinner,SuckerPunch,Crunch,Protect||||||50|,,,,,Stellar]Urshifu-Rapid-Strike||MysticWater|UnseenFist|SurgingStrikes,AquaJet,Taunt,Detect|||F|||50|,,,,,Water]Rillaboom||AssaultVest|GrassySurge|WoodHammer,GrassyGlide,Uturn,FakeOut|||F|||50|,,,,,Fire\n|showteam|p2|Calyrex-Shadow||ChoiceScarf|AsOneSpectrier|AstralBarrage,ExpandingForce,EnergyBall,TeraBlast||||||50|,,,,,Normal]Miraidon||LifeOrb|HadronEngine|DazzlingGleam,ElectroDrift,DragonPulse,VoltSwitch||||||50|,,,,,Fairy]Urshifu-Rapid-Strike||MysticWater|UnseenFist|AquaJet,SurgingStrikes,CloseCombat,Protect|||M|||50|,,,,,Electric]Amoonguss||SitrusBerry|Regenerator|Spore,Protect,SludgeBomb,RagePowder|||F|||50|,,,,,Water]Incineroar||SafetyGoggles|Intimidate|FakeOut,FireBlast,PartingShot,KnockOff|||F|||50|,,,,,Ghost]Flutter Mane||BoosterEnergy|Protosynthesis|DazzlingGleam,Moonblast,ShadowBall,Thunderbolt||||||50|,,,,,Fairy\n|inactive|Battle timer is ON: inactive players will automatically lose when time's up. (requested by Shorturtle)\n|inactive|rostas_mark3 has 60 seconds left.\n|\n|t:|1745956808\n|start\n|switch|p1a: Chien-Pao|Chien-Pao, L50|100/100\n|switch|p1b: Zamazenta|Zamazenta-Crowned, L50|100/100\n|switch|p2a: The Flash|Calyrex-Shadow, L50|100/100\n|switch|p2b: JustAGlance|Incineroar, L50, F, shiny|100/100\n|-ability|p2a: The Flash|As One\n|-ability|p2a: The Flash|Unnerve\n|-ability|p1a: Chien-Pao|Sword of Ruin\n|-ability|p1b: Zamazenta|Dauntless Shield|boost\n|-boost|p1b: Zamazenta|def|1\n|-ability|p2b: JustAGlance|Intimidate|boost\n|-unboost|p1a: Chien-Pao|atk|1\n|-unboost|p1b: Zamazenta|atk|1\n|turn|1\n|\n|t:|1745956829\n|move|p1a: Chien-Pao|Protect|p1a: Chien-Pao\n|-singleturn|p1a: Chien-Pao|Protect\n|move|p1b: Zamazenta|Protect|p1b: Zamazenta\n|-singleturn|p1b: Zamazenta|Protect\n|move|p2b: JustAGlance|Fake Out|p1b: Zamazenta\n|-activate|p1b: Zamazenta|move: Protect\n|move|p2a: The Flash|Astral Barrage|p1a: Chien-Pao|[spread] \n|-activate|p1a: Chien-Pao|move: Protect\n|-activate|p1b: Zamazenta|move: Protect\n|\n|upkeep\n|turn|2\n|\n|t:|1745956843\n|move|p1b: Zamazenta|Wide Guard|p1b: Zamazenta\n|-singleturn|p1b: Zamazenta|Wide Guard\n|move|p1a: Chien-Pao|Sucker Punch|p2a: The Flash\n|-supereffective|p2a: The Flash\n|-damage|p2a: The Flash|0 fnt\n|faint|p2a: The Flash\n|-damage|p1a: Chien-Pao|91/100|[from] item: Life Orb\n|move|p2b: JustAGlance|Fire Blast|p1b: Zamazenta\n|-supereffective|p1b: Zamazenta\n|-damage|p1b: Zamazenta|62/100\n|-status|p1b: Zamazenta|brn\n|\n|-damage|p1b: Zamazenta|56/100 brn|[from] brn\n|upkeep\n|\n|t:|1745956856\n|switch|p2a: SA lover|Miraidon, L50|100/100\n|-fieldstart|move: Electric Terrain|[from] ability: Hadron Engine|[of] p2a: SA lover\n|turn|3\n|\n|t:|1745956873\n|-terastallize|p1a: Chien-Pao|Stellar\n|-terastallize|p2a: SA lover|Fairy\n|move|p1a: Chien-Pao|Ice Spinner|p2a: SA lover\n|-damage|p2a: SA lover|50/100\n|-fieldend|move: Electric Terrain\n|-damage|p1a: Chien-Pao|81/100|[from] item: Life Orb\n|move|p1b: Zamazenta|Body Press|p2b: JustAGlance\n|-supereffective|p2b: JustAGlance\n|-damage|p2b: JustAGlance|37/100\n|move|p2a: SA lover|Dazzling Gleam|p1b: Zamazenta|[spread] p1a,p1b\n|-supereffective|p1a: Chien-Pao\n|-damage|p1a: Chien-Pao|0 fnt\n|-damage|p1b: Zamazenta|26/100 brn\n|faint|p1a: Chien-Pao\n|-damage|p2a: SA lover|40/100|[from] item: Life Orb\n|move|p2b: JustAGlance|Knock Off|p1b: Zamazenta\n|-resisted|p1b: Zamazenta\n|-damage|p1b: Zamazenta|22/100 brn\n|\n|-damage|p1b: Zamazenta|16/100 brn|[from] brn\n|upkeep\n|\n|t:|1745956883\n|switch|p1a: Calyrex|Calyrex-Shadow, L50|100/100\n|-ability|p1a: Calyrex|As One\n|-ability|p1a: Calyrex|Unnerve\n|turn|4\n|\n|t:|1745956902\n|move|p1a: Calyrex|Astral Barrage|p2b: JustAGlance|[spread] p2a,p2b\n|-resisted|p2b: JustAGlance\n|-damage|p2a: SA lover|0 fnt\n|-damage|p2b: JustAGlance|14/100\n|faint|p2a: SA lover\n|-ability|p1a: Calyrex|Grim Neigh|boost\n|-boost|p1a: Calyrex|spa|1\n|move|p1b: Zamazenta|Body Press|p2b: JustAGlance\n|-supereffective|p2b: JustAGlance\n|-damage|p2b: JustAGlance|0 fnt\n|faint|p2b: JustAGlance\n|\n|-damage|p1b: Zamazenta|10/100 brn|[from] brn\n|upkeep\n|\n|t:|1745956915\n|switch|p2b: Bin Bang Bob|Urshifu-Rapid-Strike, L50, M|100/100\n|turn|5\n|\n|t:|1745956920\n|move|p2b: Bin Bang Bob|Protect|p2b: Bin Bang Bob\n|-singleturn|p2b: Bin Bang Bob|Protect\n|move|p1a: Calyrex|Psychic|p2b: Bin Bang Bob\n|-activate|p2b: Bin Bang Bob|move: Protect\n|move|p1b: Zamazenta|Body Press|p2b: Bin Bang Bob\n|-activate|p2b: Bin Bang Bob|move: Protect\n|\n|-damage|p1b: Zamazenta|4/100 brn|[from] brn\n|upkeep\n|turn|6\n|\n|t:|1745956930\n|move|p2b: Bin Bang Bob|Protect||[still]\n|-fail|p2b: Bin Bang Bob\n|move|p1a: Calyrex|Psychic|p2b: Bin Bang Bob\n|-supereffective|p2b: Bin Bang Bob\n|-damage|p2b: Bin Bang Bob|0 fnt\n|faint|p2b: Bin Bang Bob\n|\n|win|rostas_mark3\n|raw|rostas_mark3's rating: 1137 &rarr; <strong>1157</strong><br />(+20 for winning)\n|raw|Shorturtle's rating: 1065 &rarr; <strong>1049</strong><br />(-16 for losing)\n|c|\u2606rostas_mark3|gg\n|l|\u2606Shorturtle\n|player|p2|\n", "uploadtime": 1745957826, "views": 17, "formatid": "gen9vgc2025regibo3", "rating": 1049, "private": 0, "password": null}