{"id": "gen9vgc2025regibo3-2354441183", "format": "[Gen 9] VGC 2025 Reg I (Bo3)", "players": ["dishonorable dozo", "Geopocket"], "log": "|j|\u2606dishonorable dozo\n|j|\u2606Geopocket\n|html|<table width=\"100%\"><tr><td align=\"left\">dishonorable dozo</td><td align=\"right\">Geopocket</tr><tr><td align=\"left\"><i class=\"fa fa-circle-o\"></i> <i class=\"fa fa-circle-o\"></i> </td><td align=\"right\"><i class=\"fa fa-circle-o\"></i> <i class=\"fa fa-circle\"></i> </tr></table>\n|uhtml|bestof|<h2><strong>Game 2</strong> of <a href=\"/game-bestof3-gen9vgc2025regibo3-2354440063\">a best-of-3</a></h2>\n|t:|1746072082\n|gametype|doubles\n|player|p1|dishonorable dozo|blue|1178\n|player|p2|Geopocket|juan|1255\n|teamsize|p1|6\n|teamsize|p2|6\n|gen|9\n|tier|[Gen 9] VGC 2025 Reg I (Bo3)\n|rated|\n|rule|Species Clause: Limit one of each Pok\u00e9mon\n|rule|Item Clause: Limit 1 of each item\n|clearpoke\n|poke|p1|Koraidon, L50|\n|poke|p1|Calyrex-Shadow, L50|\n|poke|p1|Chi-Yu, L50|\n|poke|p1|Weezing-Galar, L50, M|\n|poke|p1|Dondozo, L50, F|\n|poke|p1|Tatsugiri-Droopy, L50, F|\n|poke|p2|Koraidon, L50|\n|poke|p2|Lunala, L50|\n|poke|p2|Raging Bolt, L50|\n|poke|p2|Chi-Yu, L50|\n|poke|p2|Flutter Mane, L50|\n|poke|p2|Brute Bonnet, L50|\n|teampreview|4\n|showteam|p1|Koraidon||AbilityShield|OrichalcumPulse|CollisionCourse,FlameCharge,FlareBlitz,Protect||||||50|,,,,,Fire]Calyrex-Shadow||FocusSash|AsOneSpectrier|AstralBarrage,Psychic,NastyPlot,Protect||||||50|,,,,,Ghost]Chi-Yu||ChoiceScarf|BeadsofRuin|DarkPulse,Snarl,HeatWave,Overheat||||||50|,,,,,Ghost]Weezing-Galar||CovertCloak|NeutralizingGas|ToxicSpikes,StrangeSteam,Taunt,Protect|||M|||50|,,,,,Dark]Dondozo||Leftovers|Unaware|Earthquake,OrderUp,BodyPress,Protect|||F|||50|,,,,,Grass]Tatsugiri-Droopy||RockyHelmet|Commander|MuddyWater,DracoMeteor,HelpingHand,Protect|||F|||50|,,,,,Ghost\n|showteam|p2|Koraidon||LifeOrb|OrichalcumPulse|CloseCombat,FlareBlitz,FlameCharge,Protect||||||50|,,,,,Fire]Lunala||PowerHerb|ShadowShield|MoongeistBeam,MeteorBeam,TrickRoom,WideGuard||||||50|,,,,,Water]Raging Bolt||SafetyGoggles|Protosynthesis|Thunderbolt,DracoMeteor,Thunderclap,Protect||||||50|,,,,,Electric]Chi-Yu||ChoiceScarf|BeadsofRuin|HeatWave,DarkPulse,Snarl,Overheat||||||50|,,,,,Ghost]Flutter Mane||FocusSash|Protosynthesis|Moonblast,IcyWind,ShadowBall,Protect||||||50|,,,,,Normal]Brute Bonnet||CovertCloak|Protosynthesis|Spore,RagePowder,SuckerPunch,SeedBomb||||||50|,,,,,Water\n|inactive|Battle timer is ON: inactive players will automatically lose when time's up. (requested by dishonorable dozo)\n|\n|t:|1746072102\n|start\n|switch|p1a: Koraidon|Koraidon, L50|100/100\n|switch|p1b: Chi-Yu|Chi-Yu, L50|100/100\n|switch|p2a: Flutter Mane|Flutter Mane, L50|100/100\n|switch|p2b: Koraidon|Koraidon, L50|100/100\n|-ability|p1b: Chi-Yu|Beads of Ruin\n|-weather|SunnyDay|[from] ability: Orichalcum Pulse|[of] p1a: Koraidon\n|-activate|p2a: Flutter Mane|ability: Protosynthesis\n|-start|p2a: Flutter Mane|protosynthesisspe\n|-activate|p1a: Koraidon|Orichalcum Pulse|[source]\n|-activate|p2b: Koraidon|ability: Orichalcum Pulse\n|turn|1\n|\n|t:|1746072126\n|-terastallize|p1a: Koraidon|Fire\n|move|p2a: Flutter Mane|Icy Wind|p1a: Koraidon|[spread] p1a,p1b\n|-resisted|p1a: Koraidon\n|-resisted|p1b: Chi-Yu\n|-damage|p1a: Koraidon|90/100\n|-damage|p1b: Chi-Yu|91/100\n|-unboost|p1a: Koraidon|spe|1\n|-unboost|p1b: Chi-Yu|spe|1\n|move|p2b: Koraidon|Close Combat|p1a: Koraidon\n|-damage|p1a: Koraidon|0 fnt\n|-unboost|p2b: Koraidon|def|1\n|-unboost|p2b: Koraidon|spd|1\n|faint|p1a: Koraidon\n|-damage|p2b: Koraidon|91/100|[from] item: Life Orb\n|move|p1b: Chi-Yu|Heat Wave|p2a: Flutter Mane|[spread] p2a,p2b\n|-resisted|p2b: Koraidon\n|-damage|p2a: Flutter Mane|10/100\n|-damage|p2b: Koraidon|32/100\n|-status|p2b: Koraidon|brn\n|\n|-weather|SunnyDay|[upkeep]\n|-damage|p2b: Koraidon|25/100 brn|[from] brn\n|upkeep\n|\n|t:|1746072135\n|switch|p1a: Weezing|Weezing-Galar, L50, M|100/100\n|-ability|p1a: Weezing|Neutralizing Gas\n|turn|2\n|\n|t:|1746072148\n|move|p2a: Flutter Mane|Protect|p2a: Flutter Mane\n|-singleturn|p2a: Flutter Mane|Protect\n|move|p2b: Koraidon|Close Combat|p1b: Chi-Yu\n|-supereffective|p1b: Chi-Yu\n|-damage|p1b: Chi-Yu|0 fnt\n|-unboost|p2b: Koraidon|def|1\n|-unboost|p2b: Koraidon|spd|1\n|faint|p1b: Chi-Yu\n|-damage|p2b: Koraidon|16/100 brn|[from] item: Life Orb\n|move|p1a: Weezing|Strange Steam|p2a: Flutter Mane\n|-activate|p2a: Flutter Mane|move: Protect\n|\n|-weather|SunnyDay|[upkeep]\n|-damage|p2b: Koraidon|10/100 brn|[from] brn\n|upkeep\n|\n|t:|1746072153\n|switch|p1b: Calyrex|Calyrex-Shadow, L50|100/100\n|-ability|p1b: Calyrex|As One\n|-ability|p1b: Calyrex|Unnerve\n|turn|3\n|\n|t:|1746072166\n|-terastallize|p2a: Flutter Mane|Normal\n|move|p1b: Calyrex|Protect|p1b: Calyrex\n|-singleturn|p1b: Calyrex|Protect\n|move|p2b: Koraidon|Protect|p2b: Koraidon\n|-singleturn|p2b: Koraidon|Protect\n|move|p2a: Flutter Mane|Icy Wind|p1a: Weezing|[spread] p1a\n|-activate|p1b: Calyrex|move: Protect\n|-damage|p1a: Weezing|84/100\n|move|p1a: Weezing|Strange Steam|p2a: Flutter Mane\n|-damage|p2a: Flutter Mane|0 fnt\n|faint|p2a: Flutter Mane\n|-end|p2a: Flutter Mane|Protosynthesis|[silent]\n|\n|-weather|SunnyDay|[upkeep]\n|-damage|p2b: Koraidon|3/100 brn|[from] brn\n|upkeep\n|\n|t:|1746072184\n|switch|p2a: Chi-Yu|Chi-Yu, L50|100/100\n|turn|4\n|\n|t:|1746072192\n|move|p2a: Chi-Yu|Snarl|p1b: Calyrex|[spread] p1a,p1b\n|-resisted|p1a: Weezing\n|-supereffective|p1b: Calyrex\n|-damage|p1a: Weezing|71/100\n|-enditem|p1b: Calyrex|Focus Sash\n|-damage|p1b: Calyrex|1/100\n|-unboost|p1b: Calyrex|spa|1\n|move|p1b: Calyrex|Astral Barrage|p2b: Koraidon|[spread] p2a,p2b\n|-resisted|p2a: Chi-Yu\n|-damage|p2a: Chi-Yu|78/100\n|-damage|p2b: Koraidon|0 fnt\n|faint|p2b: Koraidon\n|-ability|p1b: Calyrex|Grim Neigh|boost\n|-boost|p1b: Calyrex|spa|1\n|move|p1a: Weezing|Strange Steam|p2a: Chi-Yu\n|-damage|p2a: Chi-Yu|46/100\n|\n|-weather|SunnyDay|[upkeep]\n|upkeep\n|\n|t:|1746072207\n|switch|p2b: Raging Bolt|Raging Bolt, L50|100/100\n|turn|5\n|\n|t:|1746072212\n|move|p1b: Calyrex|Protect|p1b: Calyrex\n|-singleturn|p1b: Calyrex|Protect\n|move|p2a: Chi-Yu|Snarl|p1b: Calyrex|[spread] p1a\n|-activate|p1b: Calyrex|move: Protect\n|-resisted|p1a: Weezing\n|-damage|p1a: Weezing|57/100\n|move|p2b: Raging Bolt|Thunderbolt|p1a: Weezing\n|-damage|p1a: Weezing|5/100\n|move|p1a: Weezing|Strange Steam|p2a: Chi-Yu\n|-damage|p2a: Chi-Yu|13/100\n|\n|-weather|none\n|upkeep\n|turn|6\n|\n|t:|1746072225\n|move|p1b: Calyrex|Protect||[still]\n|-fail|p1b: Calyrex\n|move|p2b: Raging Bolt|Thunderclap||[still]\n|-fail|p2b: Raging Bolt\n|move|p2a: Chi-Yu|Snarl|p1a: Weezing|[spread] p1a,p1b\n|-resisted|p1a: Weezing\n|-supereffective|p1b: Calyrex\n|-damage|p1a: Weezing|0 fnt\n|-damage|p1b: Calyrex|0 fnt\n|faint|p1a: Weezing\n|-end|p1a: Weezing|ability: Neutralizing Gas\n|-ability|p2a: Chi-Yu|Beads of Ruin\n|faint|p1b: Calyrex\n|\n|win|Geopocket\n|raw|dishonorable dozo's rating: 1178 &rarr; <strong>1158</strong><br />(-20 for losing)\n|raw|Geopocket's rating: 1255 &rarr; <strong>1275</strong><br />(+20 for winning)\n|l|\u2606dishonorable dozo\n|player|p1|\n", "uploadtime": 1746072573, "views": 6, "formatid": "gen9vgc2025regibo3", "rating": 1158, "private": 0, "password": null}