{"id": "gen9vgc2025regibo3-2355122938", "format": "[Gen 9] VGC 2025 Reg I (Bo3)", "players": ["Jayson_Ubo", "wodeaima"], "log": "|j|\u2606Jayson_Ubo\n|j|\u2606wodeaima\n|html|<table width=\"100%\"><tr><td align=\"left\">Jayson_Ubo</td><td align=\"right\">wodeaima</tr><tr><td align=\"left\"><i class=\"fa fa-circle-o\"></i> <i class=\"fa fa-circle-o\"></i> </td><td align=\"right\"><i class=\"fa fa-circle-o\"></i> <i class=\"fa fa-circle-o\"></i> </tr></table>\n|uhtml|bestof|<h2><strong>Game 1</strong> of <a href=\"/game-bestof3-gen9vgc2025regibo3-2355122937\">a best-of-3</a></h2>\n|t:|1746155367\n|gametype|doubles\n|player|p1|Jayson_Ubo|hilbert|1320\n|player|p2|wodeaima|266|1247\n|teamsize|p1|6\n|teamsize|p2|6\n|gen|9\n|tier|[Gen 9] VGC 2025 Reg I (Bo3)\n|rated|\n|rule|Species Clause: Limit one of each Pok\u00e9mon\n|rule|Item Clause: Limit 1 of each item\n|clearpoke\n|poke|p1|Sneasler, L50, M|\n|poke|p1|Calyrex-Shadow, L50|\n|poke|p1|Chi-Yu, L50|\n|poke|p1|Miraidon, L50|\n|poke|p1|Dondozo, L50, M|\n|poke|p1|Tatsugiri-Droopy, L50, M|\n|poke|p2|Lunala, L50|\n|poke|p2|Smeargle, L50, F|\n|poke|p2|Koraidon, L50|\n|poke|p2|Rillaboom, L50, F|\n|poke|p2|Chi-Yu, L50|\n|poke|p2|Ogerpon-Cornerstone, L50, F|\n|teampreview|4\n|showteam|p1|Sneasler||ElectricSeed|Unburden|CloseCombat,ToxicSpikes,FakeOut,DireClaw|||M|||50|,,,,,Dark]Calyrex-Shadow||LifeOrb|AsOneSpectrier|AstralBarrage,Disable,Protect,Psychic||||||50|,,,,,Dark]Chi-Yu||ChoiceScarf|BeadsofRuin|HeatWave,DarkPulse,Snarl,Overheat||||||50|,,,,,Ghost]Miraidon||AssaultVest|HadronEngine|ElectroDrift,DazzlingGleam,VoltSwitch,DracoMeteor||||||50|,,,,,Fairy]Dondozo||Leftovers|Unaware|Earthquake,BodyPress,Protect,OrderUp|||M|||50|,,,,,Grass]Tatsugiri-Droopy||FocusSash|Commander|DracoMeteor,HelpingHand,Protect,MuddyWater|||M|||50|,,,,,Stellar\n|showteam|p2|Lunala||Leftovers|ShadowShield|CalmMind,Moonblast,MoongeistBeam,Protect||||||50|,,,,,Fairy]Smeargle||FocusSash|Moody|FakeOut,Spore,WideGuard,FollowMe|||F|||50|,,,,,Ghost]Koraidon||LifeOrb|OrichalcumPulse|FlareBlitz,CloseCombat,FlameCharge,Protect||||||50|,,,,,Fire]Rillaboom||AssaultVest|GrassySurge|WoodHammer,GrassyGlide,FakeOut,Uturn|||F|||50|,,,,,Fire]Chi-Yu||ChoiceScarf|BeadsofRuin|HeatWave,Overheat,Snarl,DarkPulse||||||50|,,,,,Ghost]Ogerpon-Cornerstone||CornerstoneMask|Sturdy|IvyCudgel,PowerWhip,FollowMe,SpikyShield|||F|||50|,,,,,Rock\n|inactive|Battle timer is ON: inactive players will automatically lose when time's up. (requested by Jayson_Ubo)\n|inactive|wodeaima has 60 seconds left.\n|\n|t:|1746155401\n|start\n|switch|p1a: Sneasler|Sneasler, L50, M|100/100\n|switch|p1b: Miraidon|Miraidon, L50|100/100\n|switch|p2a: Smeargle|Smeargle, L50, F|100/100\n|switch|p2b: Koraidon|Koraidon, L50|100/100\n|-weather|SunnyDay|[from] ability: Orichalcum Pulse|[of] p2b: Koraidon\n|-activate|p2b: Koraidon|Orichalcum Pulse|[source]\n|-fieldstart|move: Electric Terrain|[from] ability: Hadron Engine|[of] p1b: Miraidon\n|-enditem|p1a: Sneasler|Electric Seed\n|-boost|p1a: Sneasler|def|1|[from] item: Electric Seed\n|turn|1\n|inactive|wodeaima has 30 seconds left.\n|inactive|wodeaima has 20 seconds left.\n|inactive|wodeaima has 15 seconds left.\n|\n|t:|1746155445\n|switch|p2b: Rillaboom|Rillaboom, L50, F|100/100\n|-fieldstart|move: Grassy Terrain|[from] ability: Grassy Surge|[of] p2b: Rillaboom\n|move|p2a: Smeargle|Fake Out|p1a: Sneasler\n|-damage|p1a: Sneasler|95/100\n|cant|p1a: Sneasler|flinch\n|move|p1b: Miraidon|Dazzling Gleam|p2b: Rillaboom|[spread] p2a,p2b\n|-damage|p2a: Smeargle|47/100\n|-damage|p2b: Rillaboom|85/100\n|\n|-weather|SunnyDay|[upkeep]\n|-heal|p1a: Sneasler|100/100|[from] Grassy Terrain\n|-heal|p2a: Smeargle|53/100|[from] Grassy Terrain\n|-heal|p2b: Rillaboom|91/100|[from] Grassy Terrain\n|-ability|p2a: Smeargle|Moody|boost\n|-boost|p2a: Smeargle|spe|2\n|-unboost|p2a: Smeargle|spd|1\n|upkeep\n|turn|2\n|inactive|Jayson_Ubo has 30 seconds left.\n|inactive|wodeaima has 30 seconds left.\n|inactive|wodeaima has 20 seconds left.\n|\n|t:|1746155484\n|switch|p1b: Tatsugiri|Tatsugiri-Droopy, L50, M|100/100\n|-terastallize|p2a: Smeargle|Ghost\n|move|p2b: Rillaboom|Fake Out|p1a: Sneasler\n|-damage|p1a: Sneasler|84/100\n|cant|p1a: Sneasler|flinch\n|move|p2a: Smeargle|Spore|p1b: Tatsugiri\n|-status|p1b: Tatsugiri|slp|[from] move: Spore\n|\n|-weather|SunnyDay|[upkeep]\n|-heal|p1a: Sneasler|90/100|[from] Grassy Terrain\n|-heal|p2a: Smeargle|59/100|[from] Grassy Terrain\n|-heal|p2b: Rillaboom|97/100|[from] Grassy Terrain\n|-ability|p2a: Smeargle|Moody|boost\n|-boost|p2a: Smeargle|spe|2\n|-unboost|p2a: Smeargle|spd|1\n|upkeep\n|turn|3\n|inactive|Jayson_Ubo has 30 seconds left.\n|\n|t:|1746155522\n|switch|p2a: Lunala|Lunala, L50|100/100\n|switch|p1b: Miraidon|Miraidon, L50|100/100\n|-fieldstart|move: Electric Terrain|[from] ability: Hadron Engine|[of] p1b: Miraidon\n|move|p1a: Sneasler|Dire Claw|p2a: Lunala\n|-resisted|p2a: Lunala\n|-damage|p2a: Lunala|92/100\n|-status|p2a: Lunala|par\n|move|p2b: Rillaboom|U-turn|p1a: Sneasler\n|-resisted|p1a: Sneasler\n|-damage|p1a: Sneasler|84/100\n|\n|t:|1746155545\n|switch|p2b: Smeargle|Smeargle, L50, F, tera:Ghost|59/100|[from] U-turn\n|\n|-weather|SunnyDay|[upkeep]\n|-heal|p2a: Lunala|98/100 par|[from] item: Leftovers\n|-ability|p2b: Smeargle|Moody|boost\n|-boost|p2b: Smeargle|spe|2\n|-unboost|p2b: Smeargle|spd|1\n|upkeep\n|turn|4\n|c|\u2606Jayson_Ubo|Every damn Smeargle I play\n|c|\u2606Jayson_Ubo|they only get speed boosts\n|c|\u2606Jayson_Ubo|I stg showdown is bugged lmfao\n|inactive|Jayson_Ubo has 30 seconds left.\n|j| pacco the baker\n|\n|t:|1746155577\n|move|p2b: Smeargle|Fake Out|p1b: Miraidon\n|-damage|p1b: Miraidon|97/100\n|move|p1a: Sneasler|Dire Claw|p2b: Smeargle\n|-resisted|p2b: Smeargle\n|-damage|p2b: Smeargle|17/100\n|cant|p1b: Miraidon|flinch\n|move|p2a: Lunala|Calm Mind|p2a: Lunala\n|-boost|p2a: Lunala|spa|1\n|-boost|p2a: Lunala|spd|1\n|\n|-weather|SunnyDay|[upkeep]\n|-heal|p2a: Lunala|100/100 par|[from] item: Leftovers\n|-ability|p2b: Smeargle|Moody|boost\n|-boost|p2b: Smeargle|atk|2\n|-unboost|p2b: Smeargle|spe|1\n|upkeep\n|turn|5\n|inactive|wodeaima has 30 seconds left.\n|inactive|wodeaima has 20 seconds left.\n|inactive|wodeaima has 15 seconds left.\n|\n|t:|1746155619\n|move|p2b: Smeargle|Follow Me|p2b: Smeargle\n|-singleturn|p2b: Smeargle|move: Follow Me\n|move|p1a: Sneasler|Toxic Spikes|p2a: Lunala\n|-sidestart|p2: wodeaima|move: Toxic Spikes\n|move|p1b: Miraidon|Dazzling Gleam|p2b: Smeargle|[spread] p2a,p2b\n|-damage|p2a: Lunala|93/100 par\n|-damage|p2b: Smeargle|0 fnt\n|faint|p2b: Smeargle\n|cant|p2a: Lunala|par\n|\n|-weather|none\n|-heal|p2a: Lunala|99/100 par|[from] item: Leftovers\n|upkeep\n|\n|t:|1746155634\n|switch|p2b: Rillaboom|Rillaboom, L50, F|97/100\n|-status|p2b: Rillaboom|psn\n|-fieldstart|move: Grassy Terrain|[from] ability: Grassy Surge|[of] p2b: Rillaboom\n|turn|6\n|\n|t:|1746155643\n|move|p2b: Rillaboom|Fake Out|p1a: Sneasler\n|-damage|p1a: Sneasler|68/100\n|cant|p1a: Sneasler|flinch\n|move|p1b: Miraidon|Volt Switch|p2a: Lunala\n|-damage|p2a: Lunala|79/100 par\n|\n|t:|1746155652\n|switch|p1b: Tatsugiri|Tatsugiri-Droopy, L50, M|100/100 slp|[from] Volt Switch\n|move|p2a: Lunala|Moongeist Beam|p1a: Sneasler\n|-damage|p1a: Sneasler|0 fnt\n|faint|p1a: Sneasler\n|\n|-heal|p2b: Rillaboom|100/100 psn|[from] Grassy Terrain\n|-heal|p2a: Lunala|85/100 par|[from] Grassy Terrain\n|-heal|p2a: Lunala|91/100 par|[from] item: Leftovers\n|-damage|p2b: Rillaboom|88/100 psn|[from] psn\n|upkeep\n|\n|t:|1746155654\n|switch|p1a: Dondozo|Dondozo, L50, M|100/100\n|-activate|p1b: Tatsugiri|ability: Commander|[of] p1a: Dondozo\n|-boost|p1a: Dondozo|atk|2\n|-boost|p1a: Dondozo|spa|2\n|-boost|p1a: Dondozo|spe|2\n|-boost|p1a: Dondozo|def|2\n|-boost|p1a: Dondozo|spd|2\n|turn|7\n|\n|t:|1746155673\n|-terastallize|p1a: Dondozo|Grass\n|move|p1a: Dondozo|Order Up|p2b: Rillaboom\n|-damage|p2b: Rillaboom|51/100 psn\n|-boost|p1a: Dondozo|def|1\n|move|p2b: Rillaboom|U-turn|p1a: Dondozo\n|-supereffective|p1a: Dondozo\n|-damage|p1a: Dondozo|89/100\n|\n|t:|1746155680\n|switch|p2b: Koraidon|Koraidon, L50|100/100|[from] U-turn\n|-status|p2b: Koraidon|psn\n|-weather|SunnyDay|[from] ability: Orichalcum Pulse|[of] p2b: Koraidon\n|-activate|p2b: Koraidon|Orichalcum Pulse|[source]\n|cant|p2a: Lunala|par\n|\n|-weather|SunnyDay|[upkeep]\n|-heal|p1a: Dondozo|95/100|[from] Grassy Terrain\n|-heal|p1a: Dondozo|100/100|[from] item: Leftovers\n|-heal|p2a: Lunala|97/100 par|[from] Grassy Terrain\n|-heal|p2a: Lunala|100/100 par|[from] item: Leftovers\n|-damage|p2b: Koraidon|88/100 psn|[from] psn\n|upkeep\n|turn|8\n|\n|t:|1746155694\n|move|p2b: Koraidon|Flare Blitz|p1a: Dondozo\n|-supereffective|p1a: Dondozo\n|-damage|p1a: Dondozo|53/100\n|-damage|p2b: Koraidon|68/100 psn|[from] Recoil\n|-damage|p2b: Koraidon|58/100 psn|[from] item: Life Orb\n|move|p1a: Dondozo|Order Up|p2b: Koraidon\n|-supereffective|p2b: Koraidon\n|-damage|p2b: Koraidon|0 fnt\n|faint|p2b: Koraidon\n|-boost|p1a: Dondozo|def|1\n|move|p2a: Lunala|Moongeist Beam|p1a: Dondozo\n|-damage|p1a: Dondozo|16/100\n|\n|-weather|SunnyDay|[upkeep]\n|-heal|p1a: Dondozo|22/100|[from] Grassy Terrain\n|-heal|p1a: Dondozo|28/100|[from] item: Leftovers\n|upkeep\n|\n|t:|1746155710\n|switch|p2b: Rillaboom|Rillaboom, L50, F|51/100 psn\n|turn|9\n|\n|t:|1746155723\n|move|p1a: Dondozo|Protect|p1a: Dondozo\n|-singleturn|p1a: Dondozo|Protect\n|move|p2b: Rillaboom|U-turn|p1a: Dondozo\n|-activate|p1a: Dondozo|move: Protect\n|move|p2a: Lunala|Calm Mind|p2a: Lunala\n|-boost|p2a: Lunala|spa|1\n|-boost|p2a: Lunala|spd|1\n|\n|-weather|SunnyDay|[upkeep]\n|-heal|p1a: Dondozo|35/100|[from] Grassy Terrain\n|-heal|p1a: Dondozo|41/100|[from] item: Leftovers\n|-heal|p2b: Rillaboom|57/100 psn|[from] Grassy Terrain\n|-damage|p2b: Rillaboom|44/100 psn|[from] psn\n|upkeep\n|turn|10\n|\n|t:|1746155737\n|move|p1a: Dondozo|Body Press|p2b: Rillaboom\n|-damage|p2b: Rillaboom|0 fnt\n|faint|p2b: Rillaboom\n|move|p2a: Lunala|Moongeist Beam|p1a: Dondozo\n|-damage|p1a: Dondozo|0 fnt\n|faint|p1a: Dondozo\n|\n|-weather|SunnyDay|[upkeep]\n|-fieldend|move: Grassy Terrain\n|upkeep\n|\n|t:|1746155739\n|switch|p1a: Miraidon|Miraidon, L50|97/100\n|-fieldstart|move: Electric Terrain|[from] ability: Hadron Engine|[of] p1a: Miraidon\n|turn|11\n|\n|t:|1746155752\n|move|p1a: Miraidon|Electro Drift|p2a: Lunala\n|-damage|p2a: Lunala|83/100 par\n|cant|p1b: Tatsugiri|slp\n|move|p2a: Lunala|Moonblast|p1a: Miraidon\n|-supereffective|p1a: Miraidon\n|-damage|p1a: Miraidon|19/100\n|\n|-weather|none\n|-heal|p2a: Lunala|89/100 par|[from] item: Leftovers\n|upkeep\n|turn|12\n|\n|t:|1746155762\n|-curestatus|p1b: Tatsugiri|slp|[msg]\n|move|p1b: Tatsugiri|Helping Hand|p1a: Miraidon\n|-singleturn|p1a: Miraidon|Helping Hand|[of] p1b: Tatsugiri\n|move|p1a: Miraidon|Electro Drift|p2a: Lunala\n|-damage|p2a: Lunala|40/100 par\n|move|p2a: Lunala|Moonblast|p1a: Miraidon\n|-supereffective|p1a: Miraidon\n|-damage|p1a: Miraidon|0 fnt\n|faint|p1a: Miraidon\n|\n|-heal|p2a: Lunala|46/100 par|[from] item: Leftovers\n|upkeep\n|turn|13\n|\n|t:|1746155776\n|move|p1b: Tatsugiri|Muddy Water|p2a: Lunala\n|-damage|p2a: Lunala|28/100 par\n|-unboost|p2a: Lunala|accuracy|1\n|move|p2a: Lunala|Moonblast|p1b: Tatsugiri\n|-supereffective|p1b: Tatsugiri\n|-enditem|p1b: Tatsugiri|Focus Sash\n|-damage|p1b: Tatsugiri|1/100\n|-unboost|p1b: Tatsugiri|spa|1\n|\n|-heal|p2a: Lunala|34/100 par|[from] item: Leftovers\n|upkeep\n|turn|14\n|\n|t:|1746155787\n|move|p1b: Tatsugiri|Draco Meteor|p2a: Lunala\n|-damage|p2a: Lunala|18/100 par\n|-unboost|p1b: Tatsugiri|spa|2\n|move|p2a: Lunala|Moonblast|p1b: Tatsugiri\n|-supereffective|p1b: Tatsugiri\n|-damage|p1b: Tatsugiri|0 fnt\n|faint|p1b: Tatsugiri\n|\n|win|wodeaima\n||Jayson_Ubo is ready for game 2.\n|inactive|wodeaima has 30 seconds to confirm battle start!\n||wodeaima is ready for game 2.\n|uhtml|next|Next: <a href=\"/battle-gen9vgc2025regibo3-2355126233\"><strong>Game 2 of 3</strong></a>\n|l| pacco the baker\n|l|\u2606Jayson_Ubo\n|player|p1|\n", "uploadtime": 1746156075, "views": 3, "formatid": "gen9vgc2025regibo3", "rating": null, "private": 0, "password": null}