{"id": "gen9vgc2025regibo3-2353912741", "format": "[Gen 9] VGC 2025 Reg I (Bo3)", "players": ["maikkeli", "Nghi Xu"], "log": "|j|\u2606maikkeli\n|j|\u2606Nghi Xu\n|html|<table width=\"100%\"><tr><td align=\"left\">maikkeli</td><td align=\"right\">Nghi Xu</tr><tr><td align=\"left\"><i class=\"fa fa-circle-o\"></i> <i class=\"fa fa-circle-o\"></i> </td><td align=\"right\"><i class=\"fa fa-circle-o\"></i> <i class=\"fa fa-circle-o\"></i> </tr></table>\n|uhtml|bestof|<h2><strong>Game 1</strong> of <a href=\"/game-bestof3-gen9vgc2025regibo3-2353912740\">a best-of-3</a></h2>\n|t:|1746018143\n|gametype|doubles\n|player|p1|maikkeli|fisherman-gen4|\n|player|p2|Nghi Xu|blue-gen3|\n|teamsize|p1|6\n|teamsize|p2|6\n|gen|9\n|tier|[Gen 9] VGC 2025 Reg I (Bo3)\n|rule|Species Clause: Limit one of each Pok\u00e9mon\n|rule|Item Clause: Limit 1 of each item\n|clearpoke\n|poke|p1|Miraidon, L50|\n|poke|p1|Lunala, L50|\n|poke|p1|Chi-Yu, L50|\n|poke|p1|Araquanid, L50, M|\n|poke|p1|Iron Hands, L50|\n|poke|p1|Urshifu-*, L50, F|\n|poke|p2|Zamazenta-*, L50|\n|poke|p2|Iron Hands, L50|\n|poke|p2|Volcarona, L50, F|\n|poke|p2|Miraidon, L50|\n|poke|p2|Grimmsnarl, L50, M|\n|poke|p2|Ditto, L50|\n|teampreview|4\n|showteam|p1|Miraidon||ChoiceSpecs|HadronEngine|ElectroDrift,DazzlingGleam,VoltSwitch,DracoMeteor||||||50|,,,,,Fairy]Lunala||ElectricSeed|ShadowShield|MoongeistBeam,WideGuard,Moonblast,TrickRoom||||||50|,,,,,Fairy]Chi-Yu||ChoiceScarf|BeadsofRuin|HeatWave,Snarl,Overheat,DarkPulse||||||50|,,,,,Ghost]Araquanid||ClearAmulet|WaterBubble|Liquidation,Infestation,WideGuard,Protect|||M|||50|,,,,,Water]Iron Hands||AssaultVest|QuarkDrive|DrainPunch,LowKick,WildCharge,FakeOut||||||50|,,,,,Water]Urshifu-Rapid-Strike||FocusSash|UnseenFist|SurgingStrikes,AquaJet,Detect,CloseCombat|||F|||50|,,,,,Stellar\n|showteam|p2|Zamazenta-Crowned||RustedShield|DauntlessShield|BodyPress,behemothbash,WideGuard,Protect||||||50|,,,,,Dragon]Iron Hands||AssaultVest|QuarkDrive|DrainPunch,WildCharge,VoltSwitch,FakeOut||||||50|,,,,,Water]Volcarona||SitrusBerry|FlameBody|FieryDance,QuiverDance,GigaDrain,Protect|||F|||50|,,,,,Grass]Miraidon||ChoiceSpecs|HadronEngine|ElectroDrift,DracoMeteor,DazzlingGleam,VoltSwitch||||||50|,,,,,Fairy]Grimmsnarl||LightClay|Prankster|FoulPlay,ThunderWave,LightScreen,Reflect|||M|||50|,,,,,Ghost]Ditto||FocusSash|Imposter|Transform||||||50|,,,,,Normal\n|inactive|Battle timer is ON: inactive players will automatically lose when time's up. (requested by Nghi Xu)\n|inactive|Nghi Xu has 60 seconds left.\n|\n|t:|1746018182\n|start\n|switch|p1a: Miraidon|Miraidon, L50|100/100\n|switch|p1b: Chi-Yu|Chi-Yu, L50|100/100\n|switch|p2a: Grimmsnarl|Grimmsnarl, L50, M|100/100\n|switch|p2b: Volcarona|Volcarona, L50, F|100/100\n|-ability|p1b: Chi-Yu|Beads of Ruin\n|-fieldstart|move: Electric Terrain|[from] ability: Hadron Engine|[of] p1a: Miraidon\n|turn|1\n|inactive|maikkeli has 30 seconds left.\n|inactive|maikkeli has 20 seconds left.\n|inactive|maikkeli has 15 seconds left.\n|\n|t:|1746018226\n|move|p2b: Volcarona|Protect|p2b: Volcarona\n|-singleturn|p2b: Volcarona|Protect\n|move|p2a: Grimmsnarl|Light Screen|p2a: Grimmsnarl\n|-sidestart|p2: Nghi Xu|move: Light Screen\n|move|p1b: Chi-Yu|Overheat|p2b: Volcarona\n|-activate|p2b: Volcarona|move: Protect\n|move|p1a: Miraidon|Volt Switch|p2a: Grimmsnarl\n|-crit|p2a: Grimmsnarl\n|-damage|p2a: Grimmsnarl|0 fnt\n|faint|p2a: Grimmsnarl\n|\n|t:|1746018239\n|switch|p1a: Iron Hands|Iron Hands, L50|100/100|[from] Volt Switch\n|-activate|p1a: Iron Hands|ability: Quark Drive\n|-start|p1a: Iron Hands|quarkdriveatk\n|\n|upkeep\n|\n|t:|1746018247\n|switch|p2a: Iron Hands|Iron Hands, L50|100/100\n|-activate|p2a: Iron Hands|ability: Quark Drive\n|-start|p2a: Iron Hands|quarkdriveatk\n|turn|2\n|\n|t:|1746018264\n|switch|p1b: Lunala|Lunala, L50|100/100\n|-enditem|p1b: Lunala|Electric Seed\n|-boost|p1b: Lunala|def|1|[from] item: Electric Seed\n|move|p2a: Iron Hands|Fake Out|p1a: Iron Hands\n|-damage|p1a: Iron Hands|85/100\n|move|p2b: Volcarona|Quiver Dance|p2b: Volcarona\n|-boost|p2b: Volcarona|spa|1\n|-boost|p2b: Volcarona|spd|1\n|-boost|p2b: Volcarona|spe|1\n|cant|p1a: Iron Hands|flinch\n|\n|upkeep\n|turn|3\n|\n|t:|1746018281\n|-terastallize|p2b: Volcarona|Grass\n|move|p2b: Volcarona|Fiery Dance|p1a: Iron Hands\n|-damage|p1a: Iron Hands|52/100\n|move|p2a: Iron Hands|Drain Punch|p1a: Iron Hands\n|-damage|p1a: Iron Hands|15/100\n|move|p1a: Iron Hands|Low Kick|p2a: Iron Hands\n|-damage|p2a: Iron Hands|33/100\n|move|p1b: Lunala|Trick Room|p1b: Lunala\n|-fieldstart|move: Trick Room|[of] p1b: Lunala\n|\n|upkeep\n|turn|4\n|inactive|maikkeli has 30 seconds left.\n|inactive|Nghi Xu has 30 seconds left.\n|\n|t:|1746018314\n|-terastallize|p1b: Lunala|Fairy\n|move|p1a: Iron Hands|Low Kick|p2a: Iron Hands\n|-damage|p2a: Iron Hands|0 fnt\n|faint|p2a: Iron Hands\n|-end|p2a: Iron Hands|Quark Drive|[silent]\n|move|p1b: Lunala|Moonblast|p2b: Volcarona\n|-damage|p2b: Volcarona|75/100\n|-unboost|p2b: Volcarona|spa|1\n|move|p2b: Volcarona|Fiery Dance|p1a: Iron Hands\n|-damage|p1a: Iron Hands|0 fnt\n|-boost|p2b: Volcarona|spa|1\n|faint|p1a: Iron Hands\n|-end|p1a: Iron Hands|Quark Drive|[silent]\n|\n|upkeep\n|\n|t:|1746018335\n|switch|p1a: Chi-Yu|Chi-Yu, L50|100/100\n|switch|p2a: Miraidon|Miraidon, L50|100/100\n|-activate|p2a: Miraidon|ability: Hadron Engine\n|-ability|p1a: Chi-Yu|Beads of Ruin\n|turn|5\n|\n|t:|1746018344\n|move|p1b: Lunala|Moonblast|p2a: Miraidon\n|-supereffective|p2a: Miraidon\n|-damage|p2a: Miraidon|12/100\n|move|p2a: Miraidon|Draco Meteor|p1a: Chi-Yu\n|-damage|p1a: Chi-Yu|0 fnt\n|-unboost|p2a: Miraidon|spa|2\n|faint|p1a: Chi-Yu\n|move|p2b: Volcarona|Fiery Dance|p1b: Lunala\n|-damage|p1b: Lunala|79/100\n|\n|-fieldend|move: Electric Terrain\n|upkeep\n|\n|t:|1746018355\n|switch|p1a: Miraidon|Miraidon, L50|100/100\n|-fieldstart|move: Electric Terrain|[from] ability: Hadron Engine|[of] p1a: Miraidon\n|turn|6\n|\n|t:|1746018364\n|move|p1b: Lunala|Moonblast|p2a: Miraidon\n|-supereffective|p2a: Miraidon\n|-damage|p2a: Miraidon|0 fnt\n|faint|p2a: Miraidon\n|move|p1a: Miraidon|Draco Meteor|p2b: Volcarona\n|-damage|p2b: Volcarona|10/100\n|-unboost|p1a: Miraidon|spa|2\n|-enditem|p2b: Volcarona|Sitrus Berry|[eat]\n|-heal|p2b: Volcarona|35/100|[from] item: Sitrus Berry\n|move|p2b: Volcarona|Giga Drain|p1b: Lunala\n|-damage|p1b: Lunala|39/100\n|-heal|p2b: Volcarona|61/100|[from] drain|[of] p1b: Lunala\n|\n|upkeep\n|turn|7\n|\n|t:|1746018383\n|move|p2b: Volcarona|Protect|p2b: Volcarona\n|-singleturn|p2b: Volcarona|Protect\n|move|p1b: Lunala|Moonblast|p2b: Volcarona\n|-activate|p2b: Volcarona|move: Protect\n|move|p1a: Miraidon|Draco Meteor|p2b: Volcarona\n|-activate|p2b: Volcarona|move: Protect\n|\n|-fieldend|move: Trick Room\n|upkeep\n|turn|8\n|\n|t:|1746018388\n|move|p2b: Volcarona|Giga Drain|p1b: Lunala\n|-damage|p1b: Lunala|0 fnt\n|-heal|p2b: Volcarona|86/100|[from] drain|[of] p1b: Lunala\n|faint|p1b: Lunala\n|move|p1a: Miraidon|Draco Meteor|p2b: Volcarona|[miss]\n|-miss|p1a: Miraidon|p2b: Volcarona\n|\n|-sideend|p2: Nghi Xu|move: Light Screen\n|upkeep\n|turn|9\n|-message|maikkeli forfeited.\n|\n|win|Nghi Xu\n|l|\u2606maikkeli\n|player|p1|\n||maikkeli is ready for game 2.\n", "uploadtime": 1746018397, "views": 6, "formatid": "gen9vgc2025regibo3", "rating": null, "private": 0, "password": null}