{"id": "gen9vgc2025regibo3-2354315907", "format": "[Gen 9] VGC 2025 Reg I (Bo3)", "players": ["Cruzfer72", "nintendoswitch200"], "log": "|j|\u2606Cruzfer72\n|j|\u2606nintendoswitch200\n|html|<table width=\"100%\"><tr><td align=\"left\">Cruzfer72</td><td align=\"right\">nintendoswitch200</tr><tr><td align=\"left\"><i class=\"fa fa-circle-o\"></i> <i class=\"fa fa-circle-o\"></i> </td><td align=\"right\"><i class=\"fa fa-circle-o\"></i> <i class=\"fa fa-circle-o\"></i> </tr></table>\n|uhtml|bestof|<h2><strong>Game 1</strong> of <a href=\"/game-bestof3-gen9vgc2025regibo3-2354315906\">a best-of-3</a></h2>\n|t:|1746056456\n|gametype|doubles\n|player|p1|Cruzfer72|preschooler|1225\n|player|p2|nintendoswitch200|turo|1103\n|teamsize|p1|6\n|teamsize|p2|6\n|gen|9\n|tier|[Gen 9] VGC 2025 Reg I (Bo3)\n|rated|\n|rule|Species Clause: Limit one of each Pok\u00e9mon\n|rule|Item Clause: Limit 1 of each item\n|clearpoke\n|poke|p1|Kyurem-White, L50|\n|poke|p1|Groudon, L50|\n|poke|p1|Urshifu-*, L50, F|\n|poke|p1|Whimsicott, L50, F|\n|poke|p1|Chi-Yu, L50|\n|poke|p1|Indeedee-F, L50, F|\n|poke|p2|Urshifu-*, L50, M|\n|poke|p2|Incineroar, L50, F|\n|poke|p2|Calyrex-Shadow, L50|\n|poke|p2|Farigiraf, L50, M|\n|poke|p2|Rillaboom, L50, M|\n|poke|p2|Zamazenta-*, L50|\n|teampreview|4\n|showteam|p1|Kyurem-White||AssaultVest|Turboblaze|IceBeam,DracoMeteor,FreezeDry,FusionFlare||||||50|,,,,,Fairy]Groudon||ClearAmulet|Drought|Protect,PrecipiceBlades,ThunderPunch,ZenHeadbutt||||||50|,,,,,Electric]Urshifu||FocusSash|UnseenFist|CloseCombat,Detect,Coaching,WickedBlow|||F|||50|,,,,,Fighting]Whimsicott||CovertCloak|Prankster|SunnyDay,Taunt,Tailwind,SolarBeam|||F|||50|,,,,,Ghost]Chi-Yu||ChoiceScarf|BeadsofRuin|HeatWave,Snarl,DarkPulse,Overheat||||||50|,,,,,Dark]Indeedee-F||PsychicSeed|OwnTempo|HelpingHand,FollowMe,TrickRoom,DazzlingGleam|||F|||50|,,,,,Psychic\n|showteam|p2|Urshifu-Rapid-Strike||FocusSash|UnseenFist|Detect,SurgingStrikes,CloseCombat,AquaJet|||M|||50|,,,,,Stellar]Incineroar||SafetyGoggles|Intimidate|FakeOut,PartingShot,HelpingHand,KnockOff|||F|||50|,,,,,Ghost]Calyrex-Shadow||CovertCloak|AsOneSpectrier|Protect,NastyPlot,AstralBarrage,Psyshock||||||50|,,,,,Water]Farigiraf||ThroatSpray|ArmorTail|Protect,TrickRoom,HyperVoice,Psychic|||M|||50|,,,,,Grass]Rillaboom||AssaultVest|GrassySurge|FakeOut,GrassyGlide,WoodHammer,Uturn|||M|||50|,,,,,Fire]Zamazenta-Crowned||RustedShield|DauntlessShield|Protect,BodyPress,WideGuard,HeavySlam||||||50|,,,,,Fairy\n|inactive|Battle timer is ON: inactive players will automatically lose when time's up. (requested by nintendoswitch200)\n|inactive|Cruzfer72 has 60 seconds left.\n|\n|t:|1746056487\n|start\n|switch|p1a: Kyurem|Kyurem-White, L50|100/100\n|switch|p1b: Whimsicott|Whimsicott, L50, F|100/100\n|switch|p2a: Calyrex|Calyrex-Shadow, L50|100/100\n|switch|p2b: Incineroar|Incineroar, L50, F|100/100\n|-ability|p2a: Calyrex|As One\n|-ability|p2a: Calyrex|Unnerve\n|-ability|p1a: Kyurem|Turboblaze\n|-ability|p2b: Incineroar|Intimidate|boost\n|-unboost|p1a: Kyurem|atk|1\n|-unboost|p1b: Whimsicott|atk|1\n|turn|1\n|\n|t:|1746056511\n|move|p2b: Incineroar|Fake Out|p1a: Kyurem\n|-damage|p1a: Kyurem|91/100\n|move|p1b: Whimsicott|Tailwind|p1b: Whimsicott\n|-sidestart|p1: Cruzfer72|move: Tailwind\n|cant|p1a: Kyurem|flinch\n|move|p2a: Calyrex|Nasty Plot|p2a: Calyrex\n|-boost|p2a: Calyrex|spa|2\n|\n|upkeep\n|turn|2\n|\n|t:|1746056536\n|switch|p1b: Urshifu|Urshifu, L50, F|100/100\n|move|p2a: Calyrex|Protect|p2a: Calyrex\n|-singleturn|p2a: Calyrex|Protect\n|move|p1a: Kyurem|Draco Meteor|p2a: Calyrex\n|-activate|p2a: Calyrex|move: Protect\n|move|p2b: Incineroar|Parting Shot|p1a: Kyurem\n|-unboost|p1a: Kyurem|atk|1\n|-unboost|p1a: Kyurem|spa|1\n|\n|t:|1746056540\n|switch|p2b: Rillaboom|Rillaboom, L50, M|100/100|[from] Parting Shot\n|-fieldstart|move: Grassy Terrain|[from] ability: Grassy Surge|[of] p2b: Rillaboom\n|\n|-heal|p1a: Kyurem|97/100|[from] Grassy Terrain\n|upkeep\n|turn|3\n|\n|t:|1746056553\n|switch|p2b: Incineroar|Incineroar, L50, F|100/100\n|-ability|p2b: Incineroar|Intimidate|boost\n|-unboost|p1a: Kyurem|atk|1\n|-unboost|p1b: Urshifu|atk|1\n|-terastallize|p2a: Calyrex|Water\n|move|p1b: Urshifu|Detect|p1b: Urshifu\n|-singleturn|p1b: Urshifu|Protect\n|move|p1a: Kyurem|Ice Beam|p2b: Incineroar\n|-resisted|p2b: Incineroar\n|-damage|p2b: Incineroar|82/100\n|-status|p2b: Incineroar|frz\n|move|p2a: Calyrex|Astral Barrage|p1a: Kyurem|[spread] p1a\n|-activate|p1b: Urshifu|move: Protect\n|-damage|p1a: Kyurem|46/100\n|\n|-heal|p1a: Kyurem|52/100|[from] Grassy Terrain\n|-heal|p2b: Incineroar|88/100 frz|[from] Grassy Terrain\n|upkeep\n|turn|4\n|inactive|Cruzfer72 has 30 seconds left.\n|inactive|nintendoswitch200 has 30 seconds left.\n|inactive|nintendoswitch200 has 20 seconds left.\n|inactive|Cruzfer72 has 20 seconds left.\n|inactive|nintendoswitch200 has 15 seconds left.\n|inactive|Cruzfer72 has 15 seconds left.\n|inactive|nintendoswitch200 has 10 seconds left.\n|\n|t:|1746056601\n|switch|p1a: Whimsicott|Whimsicott, L50, F|100/100\n|switch|p2a: Rillaboom|Rillaboom, L50, M|100/100\n|move|p1b: Urshifu|Close Combat|p2a: Rillaboom\n|-damage|p2a: Rillaboom|54/100\n|-unboost|p1b: Urshifu|def|1\n|-unboost|p1b: Urshifu|spd|1\n|cant|p2b: Incineroar|frz\n|\n|-heal|p2a: Rillaboom|60/100|[from] Grassy Terrain\n|-heal|p2b: Incineroar|94/100 frz|[from] Grassy Terrain\n|-sideend|p1: Cruzfer72|move: Tailwind\n|upkeep\n|turn|5\n|\n|t:|1746056616\n|switch|p1b: Groudon|Groudon, L50|100/100\n|-weather|SunnyDay|[from] ability: Drought|[of] p1b: Groudon\n|move|p1a: Whimsicott|Tailwind|p1a: Whimsicott\n|-sidestart|p1: Cruzfer72|move: Tailwind\n|move|p2a: Rillaboom|Wood Hammer|p1b: Groudon\n|-supereffective|p1b: Groudon\n|-damage|p1b: Groudon|0 fnt\n|faint|p1b: Groudon\n|-damage|p2a: Rillaboom|28/100|[from] Recoil\n|cant|p2b: Incineroar|frz\n|\n|-weather|SunnyDay|[upkeep]\n|-heal|p2a: Rillaboom|34/100|[from] Grassy Terrain\n|-heal|p2b: Incineroar|99/100 frz|[from] Grassy Terrain\n|upkeep\n|\n|t:|1746056626\n|switch|p1b: Kyurem|Kyurem-White, L50|52/100\n|-ability|p1b: Kyurem|Turboblaze\n|turn|6\n|\n|t:|1746056643\n|switch|p2a: Urshifu|Urshifu-Rapid-Strike, L50, M|100/100\n|move|p1a: Whimsicott|Solar Beam||[still]\n|-prepare|p1a: Whimsicott|Solar Beam\n|-anim|p1a: Whimsicott|Solar Beam|p2b: Incineroar\n|-resisted|p2b: Incineroar\n|-damage|p2b: Incineroar|81/100 frz\n|move|p1b: Kyurem|Ice Beam|p2a: Urshifu\n|-resisted|p2a: Urshifu\n|-damage|p2a: Urshifu|55/100\n|cant|p2b: Incineroar|frz\n|\n|-weather|SunnyDay|[upkeep]\n|-heal|p1b: Kyurem|59/100|[from] Grassy Terrain\n|-heal|p2a: Urshifu|61/100|[from] Grassy Terrain\n|-heal|p2b: Incineroar|87/100 frz|[from] Grassy Terrain\n|-fieldend|move: Grassy Terrain\n|upkeep\n|turn|7\n|\n|t:|1746056664\n|move|p2a: Urshifu|Detect|p2a: Urshifu\n|-singleturn|p2a: Urshifu|Protect\n|move|p1a: Whimsicott|Solar Beam||[still]\n|-prepare|p1a: Whimsicott|Solar Beam\n|-anim|p1a: Whimsicott|Solar Beam|p2a: Urshifu\n|-activate|p2a: Urshifu|move: Protect\n|move|p1b: Kyurem|Draco Meteor|p2b: Incineroar|[miss]\n|-miss|p1b: Kyurem|p2b: Incineroar\n|cant|p2b: Incineroar|frz\n|\n|-weather|SunnyDay|[upkeep]\n|upkeep\n|turn|8\n|\n|t:|1746056683\n|switch|p1b: Urshifu|Urshifu, L50, F|100/100\n|switch|p2a: Calyrex|Calyrex-Shadow, L50, tera:Water|100/100\n|-ability|p2a: Calyrex|As One\n|-ability|p2a: Calyrex|Unnerve\n|move|p1a: Whimsicott|Solar Beam||[still]\n|-prepare|p1a: Whimsicott|Solar Beam\n|-anim|p1a: Whimsicott|Solar Beam|p2a: Calyrex\n|-supereffective|p2a: Calyrex\n|-damage|p2a: Calyrex|26/100\n|cant|p2b: Incineroar|frz\n|\n|-weather|SunnyDay|[upkeep]\n|-sideend|p1: Cruzfer72|move: Tailwind\n|upkeep\n|turn|9\n|inactive|nintendoswitch200 has 30 seconds left.\n|\n|t:|1746056714\n|switch|p2a: Urshifu|Urshifu-Rapid-Strike, L50, M|61/100\n|move|p1a: Whimsicott|Tailwind|p1a: Whimsicott\n|-sidestart|p1: Cruzfer72|move: Tailwind\n|move|p1b: Urshifu|Wicked Blow|p2a: Urshifu\n|-resisted|p2a: Urshifu\n|-crit|p2a: Urshifu\n|-damage|p2a: Urshifu|27/100\n|-curestatus|p2b: Incineroar|frz|[msg]\n|move|p2b: Incineroar|Parting Shot|p1b: Urshifu\n|-unboost|p1b: Urshifu|atk|1\n|-unboost|p1b: Urshifu|spa|1\n|\n|t:|1746056719\n|switch|p2b: Rillaboom|Rillaboom, L50, M|34/100|[from] Parting Shot\n|-fieldstart|move: Grassy Terrain|[from] ability: Grassy Surge|[of] p2b: Rillaboom\n|\n|-weather|none\n|-heal|p2a: Urshifu|33/100|[from] Grassy Terrain\n|-heal|p2b: Rillaboom|39/100|[from] Grassy Terrain\n|upkeep\n|turn|10\n|inactive|nintendoswitch200 has 30 seconds left.\n|inactive|Cruzfer72 has 30 seconds left.\n|inactive|nintendoswitch200 has 20 seconds left.\n|\n|t:|1746056758\n|move|p1b: Urshifu|Detect|p1b: Urshifu\n|-singleturn|p1b: Urshifu|Protect\n|move|p2b: Rillaboom|Fake Out|p1b: Urshifu\n|-activate|p1b: Urshifu|move: Protect\n|move|p1a: Whimsicott|Solar Beam||[still]\n|-prepare|p1a: Whimsicott|Solar Beam\n|move|p2a: Urshifu|Close Combat|p1b: Urshifu\n|-supereffective|p1b: Urshifu\n|-enditem|p1b: Urshifu|Focus Sash\n|-damage|p1b: Urshifu|1/100\n|-unboost|p2a: Urshifu|def|1\n|-unboost|p2a: Urshifu|spd|1\n|\n|-heal|p1b: Urshifu|7/100|[from] Grassy Terrain\n|-heal|p2a: Urshifu|40/100|[from] Grassy Terrain\n|-heal|p2b: Rillaboom|45/100|[from] Grassy Terrain\n|upkeep\n|turn|11\n|\n|t:|1746056774\n|switch|p2a: Calyrex|Calyrex-Shadow, L50, tera:Water|26/100\n|-ability|p2a: Calyrex|As One\n|-ability|p2a: Calyrex|Unnerve\n|move|p2b: Rillaboom|Grassy Glide|p1b: Urshifu\n|-damage|p1b: Urshifu|0 fnt\n|faint|p1b: Urshifu\n|move|p1a: Whimsicott|Solar Beam|p2a: Calyrex|[from] lockedmove\n|-supereffective|p2a: Calyrex\n|-damage|p2a: Calyrex|0 fnt\n|faint|p2a: Calyrex\n|\n|-heal|p2b: Rillaboom|51/100|[from] Grassy Terrain\n|upkeep\n|\n|t:|1746056786\n|switch|p2a: Urshifu|Urshifu-Rapid-Strike, L50, M|40/100\n|switch|p1b: Kyurem|Kyurem-White, L50|59/100\n|-ability|p1b: Kyurem|Turboblaze\n|turn|12\n|inactive|Cruzfer72 has 30 seconds left.\n|\n|t:|1746056812\n|switch|p2b: Incineroar|Incineroar, L50, F|87/100\n|-ability|p2b: Incineroar|Intimidate|boost\n|-unboost|p1a: Whimsicott|atk|1\n|-unboost|p1b: Kyurem|atk|1\n|move|p2a: Urshifu|Detect|p2a: Urshifu\n|-singleturn|p2a: Urshifu|Protect\n|move|p1a: Whimsicott|Sunny Day|p1a: Whimsicott\n|-weather|SunnyDay\n|move|p1b: Kyurem|Fusion Flare|p2b: Incineroar\n|-resisted|p2b: Incineroar\n|-damage|p2b: Incineroar|57/100\n|\n|-weather|SunnyDay|[upkeep]\n|-heal|p1b: Kyurem|65/100|[from] Grassy Terrain\n|-heal|p2a: Urshifu|46/100|[from] Grassy Terrain\n|-heal|p2b: Incineroar|63/100|[from] Grassy Terrain\n|-sideend|p1: Cruzfer72|move: Tailwind\n|upkeep\n|turn|13\n|\n|t:|1746056836\n|switch|p2a: Rillaboom|Rillaboom, L50, M|51/100\n|move|p1a: Whimsicott|Solar Beam||[still]\n|-prepare|p1a: Whimsicott|Solar Beam\n|-anim|p1a: Whimsicott|Solar Beam|p2a: Rillaboom\n|-resisted|p2a: Rillaboom\n|-damage|p2a: Rillaboom|36/100\n|move|p1b: Kyurem|Draco Meteor|p2b: Incineroar\n|-damage|p2b: Incineroar|0 fnt\n|-unboost|p1b: Kyurem|spa|2\n|faint|p2b: Incineroar\n|\n|-weather|SunnyDay|[upkeep]\n|-heal|p1b: Kyurem|71/100|[from] Grassy Terrain\n|-heal|p2a: Rillaboom|42/100|[from] Grassy Terrain\n|-fieldend|move: Grassy Terrain\n|upkeep\n|\n|t:|1746056846\n|switch|p2b: Urshifu|Urshifu-Rapid-Strike, L50, M|46/100\n|turn|14\n|-message|nintendoswitch200 forfeited.\n|\n|win|Cruzfer72\n", "uploadtime": 1746056856, "views": 6, "formatid": "gen9vgc2025regibo3", "rating": null, "private": 0, "password": null}