{"id": "gen9vgc2025regibo3-2353600235", "format": "[Gen 9] VGC 2025 Reg I (Bo3)", "players": ["Dalamuder61", "broccoliraab"], "log": "|j|\u2606Dalamuder61\n|j|\u2606broccoliraab\n|html|<table width=\"100%\"><tr><td align=\"left\">Dalamuder61</td><td align=\"right\">broccoliraab</tr><tr><td align=\"left\"><i class=\"fa fa-circle-o\"></i> <i class=\"fa fa-circle-o\"></i> </td><td align=\"right\"><i class=\"fa fa-circle-o\"></i> <i class=\"fa fa-circle-o\"></i> </tr></table>\n|uhtml|bestof|<h2><strong>Game 1</strong> of <a href=\"/game-bestof3-gen9vgc2025regibo3-2353600234\">a best-of-3</a></h2>\n|t:|1745973039\n|gametype|doubles\n|player|p1|Dalamuder61|drayden|1112\n|player|p2|broccoliraab|169|1121\n|teamsize|p1|6\n|teamsize|p2|6\n|gen|9\n|tier|[Gen 9] VGC 2025 Reg I (Bo3)\n|rated|\n|rule|Species Clause: Limit one of each Pok\u00e9mon\n|rule|Item Clause: Limit 1 of each item\n|clearpoke\n|poke|p1|Calyrex-Shadow, L50|\n|poke|p1|Rayquaza, L50|\n|poke|p1|Chi-Yu, L50|\n|poke|p1|Chien-Pao, L50|\n|poke|p1|Thundurus, L50, M|\n|poke|p1|Rillaboom, L50, F|\n|poke|p2|Kyogre, L50|\n|poke|p2|Archaludon, L50, F|\n|poke|p2|Overqwil, L50, M|\n|poke|p2|Miraidon, L50|\n|poke|p2|Grimmsnarl, L50, M|\n|poke|p2|Urshifu-*, L50, F|\n|teampreview|4\n|showteam|p1|Calyrex-Shadow||LifeOrb|AsOneSpectrier|AstralBarrage,TeraBlast,Psychic,Protect||||||50|,,,,,Water]Rayquaza||ClearAmulet|AirLock|ExtremeSpeed,DragonAscent,Protect,SwordsDance||||||50|,,,,,Normal]Chi-Yu||ChoiceScarf|BeadsofRuin|HeatWave,Overheat,DarkPulse,Snarl||||||50|,,,,,Fire]Chien-Pao||FocusSash|SwordofRuin|IceSpinner,ThroatChop,Protect,SacredSword||||||50|,,,,,Stellar]Thundurus||SitrusBerry|Prankster|WildboltStorm,ThunderWave,EerieImpulse,Leer|||M|||50|,,,,,Steel]Rillaboom||AssaultVest|GrassySurge|FakeOut,GrassyGlide,KnockOff,DrumBeating|||F|||50|,,,,,Fire\n|showteam|p2|Kyogre||MysticWater|Drizzle|Protect,WaterSpout,IceBeam,OriginPulse||||||50|,,,,,Grass]Archaludon||PowerHerb|Stamina|ElectroShot,AuraSphere,FlashCannon,Protect|||F|||50|,,,,,Electric]Overqwil||LifeOrb|SwiftSwim|AquaJet,GunkShot,ThroatChop,Protect|||M|||50|,,,,,Dark]Miraidon||ChoiceSpecs|HadronEngine|ElectroDrift,VoltSwitch,DazzlingGleam,DracoMeteor||||||50|,,,,,Fairy]Grimmsnarl||LightClay|Prankster|LightScreen,Reflect,ThunderWave,Protect|||M|||50|,,,,,Water]Urshifu-Rapid-Strike||FocusSash|UnseenFist|Protect,SurgingStrikes,CloseCombat,PoisonJab|||F|||50|,,,,,Poison\n|inactive|Battle timer is ON: inactive players will automatically lose when time's up. (requested by Dalamuder61)\n|\n|t:|1745973060\n|start\n|switch|p1a: Godspeed|Rayquaza, L50|100/100\n|switch|p1b: Diamond Dogs|Chien-Pao, L50|100/100\n|switch|p2a: Kyogre|Kyogre, L50|100/100\n|switch|p2b: Overqwil|Overqwil, L50, M|100/100\n|-ability|p1b: Diamond Dogs|Sword of Ruin\n|-weather|RainDance|[from] ability: Drizzle|[of] p2a: Kyogre\n|-ability|p1a: Godspeed|Air Lock\n|turn|1\n|inactive|Dalamuder61 has 30 seconds left.\n|\n|t:|1745973092\n|-terastallize|p1a: Godspeed|Normal\n|move|p1b: Diamond Dogs|Sacred Sword|p2b: Overqwil\n|-damage|p2b: Overqwil|60/100\n|move|p2a: Kyogre|Origin Pulse|p1b: Diamond Dogs|[spread] p1a,p1b\n|-crit|p1a: Godspeed\n|-damage|p1a: Godspeed|31/100\n|-damage|p1b: Diamond Dogs|2/100\n|move|p1a: Godspeed|Swords Dance|p1a: Godspeed\n|-boost|p1a: Godspeed|atk|2\n|move|p2b: Overqwil|Gunk Shot|p1b: Diamond Dogs\n|-damage|p1b: Diamond Dogs|0 fnt\n|faint|p1b: Diamond Dogs\n|-damage|p2b: Overqwil|50/100|[from] item: Life Orb\n|\n|-weather|RainDance|[upkeep]\n|upkeep\n|\n|t:|1745973115\n|switch|p1b: Troll-durus|Thundurus, L50, M|100/100\n|turn|2\n|\n|t:|1745973132\n|-terastallize|p2a: Kyogre|Grass\n|move|p1a: Godspeed|Protect|p1a: Godspeed\n|-singleturn|p1a: Godspeed|Protect\n|move|p1b: Troll-durus|Eerie Impulse|p2a: Kyogre\n|-unboost|p2a: Kyogre|spa|2\n|move|p2a: Kyogre|Ice Beam|p1a: Godspeed\n|-activate|p1a: Godspeed|move: Protect\n|move|p2b: Overqwil|Gunk Shot|p1a: Godspeed\n|-activate|p1a: Godspeed|move: Protect\n|\n|-weather|RainDance|[upkeep]\n|upkeep\n|turn|3\n|\n|t:|1745973149\n|switch|p2a: Archaludon|Archaludon, L50, F|100/100\n|move|p2b: Overqwil|Protect|p2b: Overqwil\n|-singleturn|p2b: Overqwil|Protect\n|move|p1a: Godspeed|Extreme Speed|p2b: Overqwil\n|-activate|p2b: Overqwil|move: Protect\n|move|p1b: Troll-durus|Eerie Impulse|p2a: Archaludon\n|-unboost|p2a: Archaludon|spa|2\n|\n|-weather|RainDance|[upkeep]\n|upkeep\n|turn|4\n|\n|t:|1745973167\n|move|p1a: Godspeed|Extreme Speed|p2b: Overqwil\n|-damage|p2b: Overqwil|0 fnt\n|faint|p2b: Overqwil\n|move|p1b: Troll-durus|Eerie Impulse|p2a: Archaludon\n|-unboost|p2a: Archaludon|spa|2\n|move|p2a: Archaludon|Electro Shot||[still]\n|-prepare|p2a: Archaludon|Electro Shot\n|-boost|p2a: Archaludon|spa|1\n|-enditem|p2a: Archaludon|Power Herb\n|-anim|p2a: Archaludon|Electro Shot|p1a: Godspeed\n|-damage|p1a: Godspeed|17/100\n|\n|-weather|RainDance|[upkeep]\n|upkeep\n|\n|t:|1745973179\n|switch|p2b: Miraidon|Miraidon, L50|100/100\n|-fieldstart|move: Electric Terrain|[from] ability: Hadron Engine|[of] p2b: Miraidon\n|turn|5\n|\n|t:|1745973200\n|move|p1a: Godspeed|Extreme Speed|p2b: Miraidon\n|-damage|p2b: Miraidon|10/100\n|move|p1b: Troll-durus|Leer|p2a: Archaludon|[spread] p2a,p2b\n|-unboost|p2a: Archaludon|def|1\n|-unboost|p2b: Miraidon|def|1\n|move|p2b: Miraidon|Volt Switch|p1a: Godspeed\n|-damage|p1a: Godspeed|0 fnt\n|faint|p1a: Godspeed\n|\n|t:|1745973209\n|switch|p2b: Kyogre|Kyogre, L50, tera:Grass|100/100|[from] Volt Switch\n|move|p2a: Archaludon|Aura Sphere|p1b: Troll-durus\n|-resisted|p1b: Troll-durus\n|-damage|p1b: Troll-durus|96/100\n|\n|-weather|none\n|upkeep\n|\n|t:|1745973212\n|switch|p1a: Jungle Heart|Rillaboom, L50, F|100/100\n|-fieldstart|move: Grassy Terrain|[from] ability: Grassy Surge|[of] p1a: Jungle Heart\n|turn|6\n|\n|t:|1745973220\n|move|p2b: Kyogre|Protect|p2b: Kyogre\n|-singleturn|p2b: Kyogre|Protect\n|move|p2a: Archaludon|Protect|p2a: Archaludon\n|-singleturn|p2a: Archaludon|Protect\n|move|p1a: Jungle Heart|Fake Out|p2b: Kyogre\n|-activate|p2b: Kyogre|move: Protect\n|move|p1b: Troll-durus|Eerie Impulse|p2b: Kyogre\n|-activate|p2b: Kyogre|move: Protect\n|\n|upkeep\n|turn|7\n|\n|t:|1745973234\n|switch|p2a: Miraidon|Miraidon, L50|10/100\n|-fieldstart|move: Electric Terrain|[from] ability: Hadron Engine|[of] p2a: Miraidon\n|move|p1b: Troll-durus|Eerie Impulse|p2b: Kyogre\n|-unboost|p2b: Kyogre|spa|2\n|move|p2b: Kyogre|Origin Pulse|p1b: Troll-durus|[spread] p1a,p1b\n|-resisted|p1a: Jungle Heart\n|-damage|p1a: Jungle Heart|91/100\n|-damage|p1b: Troll-durus|71/100\n|move|p1a: Jungle Heart|Knock Off|p2b: Kyogre\n|-damage|p2b: Kyogre|60/100\n|-enditem|p2b: Kyogre|Mystic Water|[from] move: Knock Off|[of] p1a: Jungle Heart\n|\n|upkeep\n|turn|8\n|\n|t:|1745973254\n|switch|p2b: Archaludon|Archaludon, L50, F|100/100\n|move|p1b: Troll-durus|Eerie Impulse|p2a: Miraidon\n|-unboost|p2a: Miraidon|spa|2\n|move|p2a: Miraidon|Draco Meteor|p1b: Troll-durus\n|-damage|p1b: Troll-durus|6/100\n|-unboost|p2a: Miraidon|spa|2\n|-enditem|p1b: Troll-durus|Sitrus Berry|[eat]\n|-heal|p1b: Troll-durus|31/100|[from] item: Sitrus Berry\n|move|p1a: Jungle Heart|Drum Beating|p2a: Miraidon\n|-resisted|p2a: Miraidon\n|-damage|p2a: Miraidon|0 fnt\n|faint|p2a: Miraidon\n|\n|upkeep\n|\n|t:|1745973263\n|switch|p2a: Kyogre|Kyogre, L50, tera:Grass|60/100\n|-weather|RainDance|[from] ability: Drizzle|[of] p2a: Kyogre\n|turn|9\n|\n|t:|1745973282\n|move|p2a: Kyogre|Ice Beam|p1b: Troll-durus\n|-supereffective|p1b: Troll-durus\n|-damage|p1b: Troll-durus|0 fnt\n|faint|p1b: Troll-durus\n|move|p2b: Archaludon|Electro Shot||[still]\n|-prepare|p2b: Archaludon|Electro Shot\n|-boost|p2b: Archaludon|spa|1\n|-anim|p2b: Archaludon|Electro Shot|p1a: Jungle Heart\n|-resisted|p1a: Jungle Heart\n|-crit|p1a: Jungle Heart\n|-damage|p1a: Jungle Heart|53/100\n|move|p1a: Jungle Heart|Knock Off|p2b: Archaludon\n|-damage|p2b: Archaludon|79/100\n|-ability|p2b: Archaludon|Stamina|boost\n|-boost|p2b: Archaludon|def|1\n|\n|-weather|RainDance|[upkeep]\n|upkeep\n|turn|10\n|\n|t:|1745973297\n|move|p2a: Kyogre|Ice Beam|p1a: Jungle Heart\n|-supereffective|p1a: Jungle Heart\n|-damage|p1a: Jungle Heart|7/100\n|move|p2b: Archaludon|Electro Shot||[still]\n|-prepare|p2b: Archaludon|Electro Shot\n|-boost|p2b: Archaludon|spa|1\n|-anim|p2b: Archaludon|Electro Shot|p1a: Jungle Heart\n|-resisted|p1a: Jungle Heart\n|-damage|p1a: Jungle Heart|0 fnt\n|faint|p1a: Jungle Heart\n|\n|win|broccoliraab\n||Dalamuder61 is ready for game 2.\n||broccoliraab is ready for game 2.\n|uhtml|next|Next: <a href=\"/battle-gen9vgc2025regibo3-2353602508\"><strong>Game 2 of 3</strong></a>\n|l|\u2606broccoliraab\n|player|p2|\n|l|\u2606Dalamuder61\n|player|p1|\n", "uploadtime": 1745973591, "views": 6, "formatid": "gen9vgc2025regibo3", "rating": null, "private": 0, "password": null}