{"id": "gen9vgc2025regibo3-2353854943", "format": "[Gen 9] VGC 2025 Reg I (Bo3)", "players": ["edo ghira", "CheTuHaiGiocato"], "log": "|j|\u2606edo ghira\n|j|\u2606CheTuHaiGiocato\n|html|<table width=\"100%\"><tr><td align=\"left\">edo ghira</td><td align=\"right\">CheTuHaiGiocato</tr><tr><td align=\"left\"><i class=\"fa fa-circle-o\"></i> <i class=\"fa fa-circle-o\"></i> </td><td align=\"right\"><i class=\"fa fa-circle-o\"></i> <i class=\"fa fa-circle\"></i> </tr></table>\n|uhtml|bestof|<h2><strong>Game 2</strong> of <a href=\"/game-bestof3-gen9vgc2025regibo3-2353853006\">a best-of-3</a></h2>\n|t:|1746010802\n|gametype|doubles\n|player|p1|edo ghira|lance|1410\n|player|p2|CheTuHaiGiocato|1|1303\n|teamsize|p1|6\n|teamsize|p2|6\n|gen|9\n|tier|[Gen 9] VGC 2025 Reg I (Bo3)\n|rated|\n|rule|Species Clause: Limit one of each Pok\u00e9mon\n|rule|Item Clause: Limit 1 of each item\n|clearpoke\n|poke|p1|Kyogre, L50|\n|poke|p1|Lunala, L50|\n|poke|p1|Indeedee-F, L50, F|\n|poke|p1|Sinistcha-Masterpiece, L50|\n|poke|p1|Incineroar, L50, F|\n|poke|p1|Ursaluna, L50, F|\n|poke|p2|Miraidon, L50|\n|poke|p2|Calyrex-Ice, L50|\n|poke|p2|Farigiraf, L50, F|\n|poke|p2|Ogerpon-Cornerstone, L50, F|\n|poke|p2|Incineroar, L50, F|\n|poke|p2|Iron Valiant, L50|\n|teampreview|4\n|showteam|p1|Kyogre||AssaultVest|Drizzle|WaterSpout,HydroPump,Thunder,IceBeam||||||50|,,,,,Grass]Lunala||SafetyGoggles|ShadowShield|ExpandingForce,MoongeistBeam,WideGuard,TrickRoom||||||50|,,,,,Water]Indeedee-F||PsychicSeed|PsychicSurge|FollowMe,TrickRoom,Psychic,HealPulse|||F|||50|,,,,,Fairy]Sinistcha-Masterpiece||RockyHelmet|Hospitality|MatchaGotcha,LifeDew,RagePowder,TrickRoom||||||50|,,,,,Water]Incineroar||FocusSash|Intimidate|KnockOff,LeechLife,FakeOut,PartingShot|||F|||50|,,,,,Bug]Ursaluna||FlameOrb|Guts|Facade,HeadlongRush,Earthquake,Protect|||F|||50|,,,,,Ghost\n|showteam|p2|Miraidon||ChoiceSpecs|HadronEngine|ElectroDrift,DracoMeteor,VoltSwitch,DazzlingGleam||||||50|,,,,,Fairy]Calyrex-Ice||ClearAmulet|AsOneGlastrier|GlacialLance,HighHorsepower,TrickRoom,Protect||||||50|,,,,,Water]Farigiraf||ElectricSeed|ArmorTail|FoulPlay,Psychic,TrickRoom,HelpingHand|||F|||50|,,,,,Water]Ogerpon-Cornerstone||CornerstoneMask|Sturdy|IvyCudgel,PowerWhip,FollowMe,SpikyShield|||F|||50|,,,,,Rock]Incineroar||AssaultVest|Intimidate|KnockOff,FlareBlitz,FakeOut,Uturn|||F|||50|,,,,,Bug]Iron Valiant||FocusSash|QuarkDrive|SpiritBreak,IcyWind,Coaching,WideGuard||||||50|,,,,,Ghost\n|c|\u2606edo ghira|bro ma il tuo miraidon sta incazzato nero?\n|c|\u2606edo ghira|\u00e8 modest?\n|c|\u2606edo ghira|perch\u00e9 non mi torna che mi abbia shottato\n|c|\u2606edo ghira|hai rollato la vita tua praticamente\n|\n|t:|1746010885\n|start\n|switch|p1a: Lunala|Lunala, L50|100/100\n|switch|p1b: Indeedee|Indeedee-F, L50, F|100/100\n|switch|p2a: Incineroar|Incineroar, L50, F|100/100\n|switch|p2b: Calyrex|Calyrex-Ice, L50|100/100\n|-ability|p2b: Calyrex|As One\n|-ability|p2b: Calyrex|Unnerve\n|-fieldstart|move: Psychic Terrain|[from] ability: Psychic Surge|[of] p1b: Indeedee\n|-enditem|p1b: Indeedee|Psychic Seed\n|-boost|p1b: Indeedee|spd|1|[from] item: Psychic Seed\n|-ability|p2a: Incineroar|Intimidate|boost\n|-unboost|p1a: Lunala|atk|1\n|-unboost|p1b: Indeedee|atk|1\n|turn|1\n|\n|t:|1746010914\n|switch|p1b: Nowins|Kyogre, L50|100/100\n|-weather|RainDance|[from] ability: Drizzle|[of] p1b: Nowins\n|switch|p2b: Miraidon|Miraidon, L50|100/100\n|-fieldstart|move: Electric Terrain|[from] ability: Hadron Engine|[of] p2b: Miraidon\n|move|p2a: Incineroar|Fake Out|p1b: Nowins\n|-damage|p1b: Nowins|91/100\n|move|p1a: Lunala|Moongeist Beam|p2b: Miraidon\n|-damage|p2b: Miraidon|49/100\n|\n|-weather|RainDance|[upkeep]\n|upkeep\n|turn|2\n|\n|t:|1746010944\n|-terastallize|p1b: Nowins|Grass\n|-terastallize|p2a: Incineroar|Bug\n|move|p2b: Miraidon|Volt Switch|p1a: Lunala\n|-damage|p1a: Lunala|65/100\n|\n|t:|1746010955\n|switch|p2b: Ogerpon|Ogerpon-Cornerstone, L50, F|100/100|[from] Volt Switch\n|move|p1a: Lunala|Moongeist Beam|p2b: Ogerpon\n|-damage|p2b: Ogerpon|27/100\n|move|p1b: Nowins|Water Spout|p2a: Incineroar|[spread] p2a,p2b\n|-damage|p2a: Incineroar|45/100\n|-damage|p2b: Ogerpon|0 fnt\n|faint|p2b: Ogerpon\n|move|p2a: Incineroar|U-turn|p1a: Lunala\n|-damage|p1a: Lunala|46/100\n|\n|t:|1746010966\n|switch|p2a: Miraidon|Miraidon, L50|49/100|[from] U-turn\n|-activate|p2a: Miraidon|ability: Hadron Engine\n|\n|-weather|RainDance|[upkeep]\n|upkeep\n|\n|t:|1746010973\n|switch|p2b: Calyrex|Calyrex-Ice, L50|100/100\n|-ability|p2b: Calyrex|As One\n|-ability|p2b: Calyrex|Unnerve\n|turn|3\n|\n|t:|1746011005\n|switch|p1a: Indeedee|Indeedee-F, L50, F|100/100\n|-fieldstart|move: Psychic Terrain|[from] ability: Psychic Surge|[of] p1a: Indeedee\n|move|p2a: Miraidon|Volt Switch|p1a: Indeedee\n|-damage|p1a: Indeedee|47/100\n|\n|t:|1746011011\n|switch|p2a: Incineroar|Incineroar, L50, F, tera:Bug|45/100|[from] Volt Switch\n|-ability|p2a: Incineroar|Intimidate|boost\n|-unboost|p1a: Indeedee|atk|1\n|-unboost|p1b: Nowins|atk|1\n|move|p1b: Nowins|Ice Beam|p2a: Incineroar\n|-damage|p2a: Incineroar|23/100\n|move|p2b: Calyrex|Glacial Lance|p1a: Indeedee|[spread] p1a,p1b\n|-supereffective|p1b: Nowins\n|-damage|p1a: Indeedee|0 fnt\n|-damage|p1b: Nowins|0 fnt\n|faint|p1a: Indeedee\n|faint|p1b: Nowins\n|-ability|p2b: Calyrex|Chilling Neigh|boost\n|-boost|p2b: Calyrex|atk|2\n|\n|-weather|RainDance|[upkeep]\n|upkeep\n|\n|t:|1746011021\n|switch|p1b: Vanzini|Ursaluna, L50, F|100/100\n|switch|p1a: Lunala|Lunala, L50|46/100\n|turn|4\n|\n|t:|1746011043\n|move|p1b: Vanzini|Protect|p1b: Vanzini\n|-singleturn|p1b: Vanzini|Protect\n|move|p2a: Incineroar|Fake Out|p1b: Vanzini\n|-activate|p1b: Vanzini|move: Psychic Terrain\n|move|p1a: Lunala|Moongeist Beam|p2b: Calyrex\n|-supereffective|p2b: Calyrex\n|-damage|p2b: Calyrex|25/100\n|move|p2b: Calyrex|High Horsepower|p1a: Lunala\n|-damage|p1a: Lunala|0 fnt\n|faint|p1a: Lunala\n|-ability|p2b: Calyrex|Chilling Neigh|boost\n|-boost|p2b: Calyrex|atk|1\n|\n|-weather|RainDance|[upkeep]\n|-status|p1b: Vanzini|brn|[from] item: Flame Orb\n|upkeep\n|turn|5\n|\n|t:|1746011064\n|move|p2a: Incineroar|Knock Off|p1b: Vanzini\n|-damage|p1b: Vanzini|75/100 brn\n|-enditem|p1b: Vanzini|Flame Orb|[from] move: Knock Off|[of] p2a: Incineroar\n|move|p2b: Calyrex|Glacial Lance|p1b: Vanzini\n|-supereffective|p1b: Vanzini\n|-damage|p1b: Vanzini|0 fnt\n|faint|p1b: Vanzini\n|\n|win|CheTuHaiGiocato\n|raw|edo ghira's rating: 1410 &rarr; <strong>1384</strong><br />(-26 for losing)\n|raw|CheTuHaiGiocato's rating: 1303 &rarr; <strong>1329</strong><br />(+26 for winning)\n|c|\u2606edo ghira|bro puoi dirmelo? \u00e8 modest 252 ?\n|l|\u2606CheTuHaiGiocato\n|player|p2|\n|c|\u2606edo ghira|devo sapere se hai rollato un 1% o no\n|c|\u2606edo ghira|DIO CANE\n|l|\u2606edo ghira\n|player|p1|\n", "uploadtime": 1746011379, "views": 10, "formatid": "gen9vgc2025regibo3", "rating": 1329, "private": 0, "password": null}