{"id": "gen9vgc2025regibo3-2354254806", "format": "[Gen 9] VGC 2025 Reg I (Bo3)", "players": ["venu to in", "Pinheaded03"], "log": "|j|\u2606venu to in\n|j|\u2606Pinheaded03\n|html|<table width=\"100%\"><tr><td align=\"left\">venu to in</td><td align=\"right\">Pinheaded03</tr><tr><td align=\"left\"><i class=\"fa fa-circle-o\"></i> <i class=\"fa fa-circle-o\"></i> </td><td align=\"right\"><i class=\"fa fa-circle-o\"></i> <i class=\"fa fa-circle-o\"></i> </tr></table>\n|uhtml|bestof|<h2><strong>Game 1</strong> of <a href=\"/game-bestof3-gen9vgc2025regibo3-2354254802\">a best-of-3</a></h2>\n|t:|1746049546\n|gametype|doubles\n|player|p1|venu to in|ruinmaniac|1000\n|player|p2|Pinheaded03|pokemonranger-gen4|1000\n|teamsize|p1|4\n|teamsize|p2|6\n|gen|9\n|tier|[Gen 9] VGC 2025 Reg I (Bo3)\n|rated|\n|rule|Species Clause: Limit one of each Pok\u00e9mon\n|rule|Item Clause: Limit 1 of each item\n|clearpoke\n|poke|p1|Venusaur, L50, M|\n|poke|p1|Kingdra, L50, F|\n|poke|p1|Terapagos, L50, M|\n|poke|p1|Palafin, L50, F|\n|poke|p2|Kyurem-White, L50|\n|poke|p2|Ninetales-Alola, L50, M|\n|poke|p2|Indeedee-F, L50, F|\n|poke|p2|Koraidon, L50|\n|poke|p2|Milotic, L50, M|\n|poke|p2|Ursaluna-Bloodmoon, L50, M|\n|teampreview|4\n|showteam|p1|Venusaur||BlackSludge|Chlorophyll|SolarBeam,Synthesis,Growth,PoisonJab|||M|||50|,,,,,Normal]Kingdra||WeaknessPolicy|SwiftSwim|BreakingSwipe,FocusEnergy,DragonDance,Yawn|||F|||50|,,,,,Water]Terapagos||RoomService|TeraShift|FlashCannon,TriAttack,GyroBall,TeraStarstorm|||M|||50|,,,,,Stellar]Palafin||CovertCloak|ZerotoHero|JetPunch,Swift,IronHead,WaterPulse|||F|||50|,,,,,Water\n|showteam|p2|Kyurem-White||AssaultVest|Turboblaze|FusionFlare,IcyWind,FreezeDry,EarthPower||||||50|,,,,,Fairy]Ninetales-Alola||FocusSash|SnowWarning|Moonblast,Blizzard,AuroraVeil,FakeTears|||M|||50|,,,,,Fire]Indeedee-F||SitrusBerry|PsychicSurge|TrickRoom,FollowMe,HelpingHand,ShadowBall|||F|||50|,,,,,Grass]Koraidon||ClearAmulet|OrichalcumPulse|FlareBlitz,CloseCombat,FlameCharge,Protect||||||50|,,,,,Fire]Milotic||Leftovers|Competitive|Scald,Hypnosis,Coil,LifeDew|||M|||50|,,,,,Grass]Ursaluna-Bloodmoon||LifeOrb|MindsEye|BloodMoon,HyperVoice,EarthPower,Protect|||M|||50|,,,,,Normal\n|\n|t:|1746049595\n|start\n|switch|p1a: Kingdra|Kingdra, L50, F|100/100\n|switch|p1b: Terapagos|Terapagos, L50, M|100/100\n|switch|p2a: Kyurem|Kyurem-White, L50, shiny|100/100\n|switch|p2b: Ninetales|Ninetales-Alola, L50, M|100/100\n|-activate|p1b: Terapagos|ability: Tera Shift\n|detailschange|p1b: Terapagos|Terapagos-Terastal, L50, M\n|-heal|p1b: Terapagos|100/100|[silent]\n|-weather|Snowscape|[from] ability: Snow Warning|[of] p2b: Ninetales\n|-ability|p2a: Kyurem|Turboblaze\n|turn|1\n|\n|t:|1746049613\n|move|p2b: Ninetales|Aurora Veil|p2b: Ninetales\n|-sidestart|p2: Pinheaded03|move: Aurora Veil\n|move|p1a: Kingdra|Yawn|p2a: Kyurem\n|-start|p2a: Kyurem|move: Yawn|[of] p1a: Kingdra\n|move|p2a: Kyurem|Freeze-Dry|p1a: Kingdra\n|-supereffective|p1a: Kingdra\n|-damage|p1a: Kingdra|0 fnt\n|faint|p1a: Kingdra\n|move|p1b: Terapagos|Tri Attack|p2b: Ninetales\n|-damage|p2b: Ninetales|70/100\n|\n|-weather|Snowscape|[upkeep]\n|upkeep\n|\n|t:|1746049627\n|switch|p1a: Palafin|Palafin, L50, F, shiny|100/100\n|turn|2\n|\n|t:|1746049645\n|switch|p2a: Indeedee|Indeedee-F, L50, F, shiny|100/100\n|-fieldstart|move: Psychic Terrain|[from] ability: Psychic Surge|[of] p2a: Indeedee\n|move|p2b: Ninetales|Blizzard|p1a: Palafin|[spread] p1a,p1b\n|-resisted|p1a: Palafin\n|-activate|p1b: Terapagos|ability: Tera Shell\n|-resisted|p1b: Terapagos\n|-damage|p1a: Palafin|73/100\n|-damage|p1b: Terapagos|87/100\n|move|p1a: Palafin|Iron Head|p2b: Ninetales\n|-supereffective|p2b: Ninetales\n|-damage|p2b: Ninetales|13/100\n|move|p1b: Terapagos|Tri Attack|p2a: Indeedee\n|-damage|p2a: Indeedee|77/100\n|\n|-weather|Snowscape|[upkeep]\n|upkeep\n|turn|3\n|\n|t:|1746049672\n|detailschange|p1a: Palafin|Palafin-Hero, L50, F, shiny\n|switch|p1a: Venusaur|Venusaur, L50, M|100/100\n|-terastallize|p1b: Terapagos|Stellar\n|detailschange|p1b: Terapagos|Terapagos-Stellar, L50, M, tera:Stellar\n|-heal|p1b: Terapagos|90/100|[silent]\n|-ability|p1b: Terapagos|Teraform Zero\n|-weather|none\n|-fieldend|move: Psychic Terrain\n|move|p2a: Indeedee|Helping Hand|p2b: Ninetales\n|-singleturn|p2b: Ninetales|Helping Hand|[of] p2a: Indeedee\n|move|p2b: Ninetales|Blizzard|p1a: Venusaur|[spread] p1a,p1b\n|-supereffective|p1a: Venusaur\n|-damage|p1a: Venusaur|0 fnt\n|-damage|p1b: Terapagos|62/100\n|faint|p1a: Venusaur\n|move|p1b: Terapagos|Tera Starstorm|p2a: Indeedee|[spread] p2a,p2b\n|-damage|p2a: Indeedee|52/100\n|-damage|p2b: Ninetales|0 fnt\n|faint|p2b: Ninetales\n|\n|upkeep\n|\n|t:|1746049694\n|switch|p2b: Ursaluna|Ursaluna-Bloodmoon, L50, M|100/100\n|switch|p1a: Palafin|Palafin-Hero, L50, F, shiny|73/100\n|-activate|p1a: Palafin|ability: Zero to Hero\n|turn|4\n|\n|t:|1746049718\n|-terastallize|p2b: Ursaluna|Normal\n|move|p2a: Indeedee|Follow Me|p2a: Indeedee\n|-singleturn|p2a: Indeedee|move: Follow Me\n|move|p1a: Palafin|Jet Punch|p2a: Indeedee\n|-damage|p2a: Indeedee|26/100\n|-enditem|p2a: Indeedee|Sitrus Berry|[eat]\n|-heal|p2a: Indeedee|51/100|[from] item: Sitrus Berry\n|move|p1b: Terapagos|Tri Attack|p2a: Indeedee\n|-damage|p2a: Indeedee|17/100\n|move|p2b: Ursaluna|Hyper Voice|p1a: Palafin|[spread] p1a,p1b\n|-damage|p1a: Palafin|0 fnt\n|-damage|p1b: Terapagos|17/100\n|faint|p1a: Palafin\n|-damage|p2b: Ursaluna|90/100|[from] item: Life Orb\n|\n|upkeep\n|turn|5\n|\n|t:|1746049738\n|move|p2a: Indeedee|Follow Me|p2a: Indeedee\n|-singleturn|p2a: Indeedee|move: Follow Me\n|move|p1b: Terapagos|Tera Starstorm|p2a: Indeedee|[spread] p2a,p2b\n|-supereffective|p2b: Ursaluna\n|-damage|p2a: Indeedee|0 fnt\n|-damage|p2b: Ursaluna|25/100\n|faint|p2a: Indeedee\n|move|p2b: Ursaluna|Hyper Voice|p1b: Terapagos\n|-damage|p1b: Terapagos|0 fnt\n|faint|p1b: Terapagos\n|-damage|p2b: Ursaluna|15/100|[from] item: Life Orb\n|\n|win|Pinheaded03\n||Pinheaded03 is ready for game 2.\n|inactive|venu to in has 30 seconds to confirm battle start!\n", "uploadtime": 1746049751, "views": 6, "formatid": "gen9vgc2025regibo3", "rating": null, "private": 0, "password": null}