{"id": "gen9vgc2025regibo3-2354982329", "format": "[Gen 9] VGC 2025 Reg I (Bo3)", "players": ["HeatVW", "Llama_Llord"], "log": "|j|\u2606HeatVW\n|j|\u2606Llama_Llord\n|html|<table width=\"100%\"><tr><td align=\"left\">HeatVW</td><td align=\"right\">Llama_Llord</tr><tr><td align=\"left\"><i class=\"fa fa-circle\"></i> <i class=\"fa fa-circle-o\"></i> </td><td align=\"right\"><i class=\"fa fa-circle-o\"></i> <i class=\"fa fa-circle-o\"></i> </tr></table>\n|uhtml|bestof|<h2><strong>Game 2</strong> of <a href=\"/game-bestof3-gen9vgc2025regibo3-2354980007\">a best-of-3</a></h2>\n|t:|1746138418\n|gametype|doubles\n|player|p1|HeatVW|169|1146\n|player|p2|Llama_Llord|1|1221\n|teamsize|p1|6\n|teamsize|p2|6\n|gen|9\n|tier|[Gen 9] VGC 2025 Reg I (Bo3)\n|rated|\n|rule|Species Clause: Limit one of each Pok\u00e9mon\n|rule|Item Clause: Limit 1 of each item\n|clearpoke\n|poke|p1|Koraidon, L50|\n|poke|p1|Chi-Yu, L50|\n|poke|p1|Flutter Mane, L50|\n|poke|p1|Calyrex-Shadow, L50|\n|poke|p1|Tornadus, L50, M|\n|poke|p1|Raging Bolt, L50|\n|poke|p2|Zacian-*, L50|\n|poke|p2|Kyogre, L50|\n|poke|p2|Tornadus, L50, M|\n|poke|p2|Amoonguss, L50, F|\n|poke|p2|Urshifu-*, L50, F|\n|poke|p2|Grimmsnarl, L50, M|\n|teampreview|4\n|showteam|p1|Koraidon||LifeOrb|OrichalcumPulse|CollisionCourse,FlareBlitz,FlameCharge,Protect||||||50|,,,,,Fire]Chi-Yu||ChoiceScarf|BeadsofRuin|DarkPulse,Overheat,HeatWave,Snarl||||||50|,,,,,Ghost]Flutter Mane||BoosterEnergy|Protosynthesis|Taunt,Moonblast,IcyWind,Protect||||||50|,,,,,Fairy]Calyrex-Shadow||FocusSash|AsOneSpectrier|AstralBarrage,Psychic,Encore,Protect||||||50|,,,,,Dark]Tornadus||CovertCloak|Prankster|Tailwind,Protect,BleakwindStorm,SunnyDay|||M|||50|,,,,,Dark]Raging Bolt||AssaultVest|Protosynthesis|Snarl,Thunderclap,Thunderbolt,DracoMeteor||||||50|,,,,,Electric\n|showteam|p2|Zacian-Crowned||RustedSword|IntrepidSword|behemothblade,SwordsDance,PlayRough,Protect||||||50|,,,,,Ground]Kyogre||AssaultVest|Drizzle|WaterSpout,IceBeam,OriginPulse,Thunder||||||50|,,,,,Grass]Tornadus||CovertCloak|Prankster|Tailwind,BleakwindStorm,Taunt,RainDance|||M|||50|,,,,,Dark]Amoonguss||RockyHelmet|Regenerator|RagePowder,Spore,PollenPuff,Protect|||F|||50|,,,,,Water]Urshifu-Rapid-Strike||ChoiceScarf|UnseenFist|SurgingStrikes,CloseCombat,Uturn,Coaching|||F|||50|,,,,,Fire]Grimmsnarl||LightClay|Prankster|LightScreen,Reflect,FakeTears,SpiritBreak|||M|||50|,,,,,Ghost\n|inactive|Battle timer is ON: inactive players will automatically lose when time's up. (requested by HeatVW)\n|inactive|Llama_Llord also wants the timer to be on.\n|inactive|HeatVW has 60 seconds left.\n|\n|t:|1746138456\n|start\n|switch|p1a: Tornadus|Tornadus, L50, M|100/100\n|switch|p1b: Calyrex|Calyrex-Shadow, L50|100/100\n|switch|p2a: Grimmsnarl|Grimmsnarl, L50, M|100/100\n|switch|p2b: Zacian|Zacian-Crowned, L50|100/100\n|-ability|p1b: Calyrex|As One\n|-ability|p1b: Calyrex|Unnerve\n|-ability|p2b: Zacian|Intrepid Sword|boost\n|-boost|p2b: Zacian|atk|1\n|turn|1\n|\n|t:|1746138476\n|move|p1a: Tornadus|Tailwind|p1a: Tornadus\n|-sidestart|p1: HeatVW|move: Tailwind\n|move|p2a: Grimmsnarl|Light Screen|p2a: Grimmsnarl\n|-sidestart|p2: Llama_Llord|move: Light Screen\n|move|p1b: Calyrex|Astral Barrage|p2b: Zacian|[spread] p2a,p2b\n|-resisted|p2a: Grimmsnarl\n|-damage|p2a: Grimmsnarl|87/100\n|-damage|p2b: Zacian|66/100\n|move|p2b: Zacian|Behemoth Blade|p1b: Calyrex\n|-crit|p1b: Calyrex\n|-enditem|p1b: Calyrex|Focus Sash\n|-damage|p1b: Calyrex|1/100\n|\n|upkeep\n|turn|2\n|\n|t:|1746138491\n|move|p1b: Calyrex|Astral Barrage|p2b: Zacian|[spread] p2a,p2b\n|-resisted|p2a: Grimmsnarl\n|-damage|p2a: Grimmsnarl|74/100\n|-damage|p2b: Zacian|33/100\n|move|p1a: Tornadus|Bleakwind Storm|p2a: Grimmsnarl|[spread] p2b\n|-miss|p1a: Tornadus|p2a: Grimmsnarl\n|-resisted|p2b: Zacian\n|-crit|p2b: Zacian\n|-damage|p2b: Zacian|11/100\n|move|p2b: Zacian|Behemoth Blade|p1a: Tornadus\n|-damage|p1a: Tornadus|0 fnt\n|faint|p1a: Tornadus\n|move|p2a: Grimmsnarl|Spirit Break|p1b: Calyrex\n|-damage|p1b: Calyrex|0 fnt\n|faint|p1b: Calyrex\n|\n|upkeep\n|\n|t:|1746138496\n|switch|p1b: Raging Bolt|Raging Bolt, L50|100/100\n|switch|p1a: Koraidon|Koraidon, L50|100/100\n|-weather|SunnyDay|[from] ability: Orichalcum Pulse|[of] p1a: Koraidon\n|-activate|p1b: Raging Bolt|ability: Protosynthesis\n|-start|p1b: Raging Bolt|protosynthesisspa\n|-activate|p1a: Koraidon|Orichalcum Pulse|[source]\n|turn|3\n|\n|t:|1746138515\n|switch|p2b: Kyogre|Kyogre, L50|100/100\n|-weather|RainDance|[from] ability: Drizzle|[of] p2b: Kyogre\n|-end|p1b: Raging Bolt|Protosynthesis\n|-terastallize|p1b: Raging Bolt|Electric\n|move|p2a: Grimmsnarl|Reflect|p2a: Grimmsnarl\n|-sidestart|p2: Llama_Llord|Reflect\n|move|p1a: Koraidon|Flame Charge|p2b: Kyogre\n|-resisted|p2b: Kyogre\n|-damage|p2b: Kyogre|98/100\n|-boost|p1a: Koraidon|spe|1\n|-damage|p1a: Koraidon|91/100|[from] item: Life Orb\n|move|p1b: Raging Bolt|Thunderbolt|p2a: Grimmsnarl\n|-damage|p2a: Grimmsnarl|43/100\n|\n|-weather|RainDance|[upkeep]\n|upkeep\n|turn|4\n|\n|t:|1746138534\n|-terastallize|p2b: Kyogre|Grass\n|move|p2a: Grimmsnarl|Fake Tears|p1a: Koraidon\n|-unboost|p1a: Koraidon|spd|2\n|move|p1a: Koraidon|Flare Blitz|p2b: Kyogre\n|-supereffective|p2b: Kyogre\n|-damage|p2b: Kyogre|66/100\n|-damage|p1a: Koraidon|78/100|[from] Recoil\n|-damage|p1a: Koraidon|69/100|[from] item: Life Orb\n|move|p1b: Raging Bolt|Thunderbolt|p2b: Kyogre\n|-resisted|p2b: Kyogre\n|-damage|p2b: Kyogre|58/100\n|move|p2b: Kyogre|Water Spout|p1a: Koraidon|[spread] p1a,p1b\n|-resisted|p1a: Koraidon\n|-damage|p1a: Koraidon|18/100\n|-damage|p1b: Raging Bolt|71/100\n|\n|-weather|RainDance|[upkeep]\n|-sideend|p1: HeatVW|move: Tailwind\n|upkeep\n|turn|5\n|inactive|HeatVW has 30 seconds left.\n|inactive|HeatVW has 20 seconds left.\n|\n|t:|1746138570\n|switch|p2b: Amoonguss|Amoonguss, L50, F|100/100\n|move|p1b: Raging Bolt|Thunderclap||[still]\n|-fail|p1b: Raging Bolt\n|move|p1a: Koraidon|Collision Course|p2b: Amoonguss\n|-resisted|p2b: Amoonguss\n|-damage|p2b: Amoonguss|77/100\n|-damage|p1a: Koraidon|1/100|[from] item: Rocky Helmet|[of] p2b: Amoonguss\n|-damage|p1a: Koraidon|0 fnt|[from] item: Life Orb\n|faint|p1a: Koraidon\n|move|p2a: Grimmsnarl|Spirit Break|p1b: Raging Bolt\n|-damage|p1b: Raging Bolt|48/100\n|-unboost|p1b: Raging Bolt|spa|1\n|\n|-weather|RainDance|[upkeep]\n|upkeep\n|turn|6\n|\n|t:|1746138592\n|move|p1b: Raging Bolt|Thunderbolt|p2a: Grimmsnarl\n|-damage|p2a: Grimmsnarl|21/100\n|move|p2a: Grimmsnarl|Spirit Break|p1b: Raging Bolt\n|-damage|p1b: Raging Bolt|24/100\n|-unboost|p1b: Raging Bolt|spa|1\n|move|p2b: Amoonguss|Spore|p1b: Raging Bolt\n|-status|p1b: Raging Bolt|slp|[from] move: Spore\n|\n|-weather|RainDance|[upkeep]\n|upkeep\n|turn|7\n|\n|t:|1746138606\n|cant|p1b: Raging Bolt|slp\n|move|p2a: Grimmsnarl|Spirit Break|p1b: Raging Bolt\n|-damage|p1b: Raging Bolt|0 fnt\n|faint|p1b: Raging Bolt\n|-end|p1b: Raging Bolt|Protosynthesis|[silent]\n|\n|win|Llama_Llord\n||HeatVW is ready for game 3.\n", "uploadtime": 1746138608, "views": 6, "formatid": "gen9vgc2025regibo3", "rating": null, "private": 0, "password": null}