{"id": "gen9vgc2025regibo3-2353710163", "format": "[Gen 9] VGC 2025 Reg I (Bo3)", "players": ["recnacboi", "Lightpulsar98"], "log": "|j|\u2606recnacboi\n|j|\u2606Lightpulsar98\n|html|<table width=\"100%\"><tr><td align=\"left\">recnacboi</td><td align=\"right\">Lightpulsar98</tr><tr><td align=\"left\"><i class=\"fa fa-circle-o\"></i> <i class=\"fa fa-circle-o\"></i> </td><td align=\"right\"><i class=\"fa fa-circle-o\"></i> <i class=\"fa fa-circle-o\"></i> </tr></table>\n|uhtml|bestof|<h2><strong>Game 1</strong> of <a href=\"/game-bestof3-gen9vgc2025regibo3-2353710162\">a best-of-3</a></h2>\n|t:|1745986878\n|gametype|doubles\n|player|p1|recnacboi|2|1272\n|player|p2|Lightpulsar98|nate|1312\n|teamsize|p1|6\n|teamsize|p2|6\n|gen|9\n|tier|[Gen 9] VGC 2025 Reg I (Bo3)\n|rated|\n|rule|Species Clause: Limit one of each Pok\u00e9mon\n|rule|Item Clause: Limit 1 of each item\n|clearpoke\n|poke|p1|Calyrex-Shadow, L50|\n|poke|p1|Terapagos, L50, M|\n|poke|p1|Rillaboom, L50, F|\n|poke|p1|Incineroar, L50, M|\n|poke|p1|Urshifu-*, L50, M|\n|poke|p1|Ogerpon-Hearthflame, L50, F|\n|poke|p2|Zamazenta-*, L50|\n|poke|p2|Ditto, L50|\n|poke|p2|Grimmsnarl, L50, M|\n|poke|p2|Miraidon, L50|\n|poke|p2|Volcarona, L50, M|\n|poke|p2|Iron Hands, L50|\n|teampreview|4\n|showteam|p1|Calyrex-Shadow||FocusSash|AsOneSpectrier|AstralBarrage,Disable,WillOWisp,Protect||||||50|,,,,,Ghost]Terapagos||Leftovers|TeraShift|TeraStarstorm,EarthPower,CalmMind,Protect|||M|||50|,,,,,Stellar]Rillaboom||AssaultVest|GrassySurge|WoodHammer,GrassyGlide,FakeOut,Uturn|||F|||50|,,,,,Fire]Incineroar||RockyHelmet|Intimidate|KnockOff,HelpingHand,FakeOut,PartingShot|||M|||50|,,,,,Bug]Urshifu-Rapid-Strike||ChoiceScarf|UnseenFist|CloseCombat,SurgingStrikes,Uturn,AquaJet|||M|||50|,,,,,Water]Ogerpon-Hearthflame||HearthflameMask|MoldBreaker|IvyCudgel,GrassyGlide,FollowMe,SpikyShield|||F|||50|,,,,,Fire\n|showteam|p2|Zamazenta-Crowned||RustedShield|DauntlessShield|HeavySlam,BodyPress,Protect,WideGuard||||||50|,,,,,Dragon]Ditto||FocusSash|Imposter|Transform||||||50|,,,,,Ghost]Grimmsnarl||LightClay|Prankster|SpiritBreak,Reflect,LightScreen,ThunderWave|||M|||50|,,,,,Ghost]Miraidon||ChoiceSpecs|HadronEngine|DazzlingGleam,DracoMeteor,ElectroDrift,VoltSwitch||||||50|,,,,,Fairy]Volcarona||Leftovers|FlameBody|FieryDance,StruggleBug,Protect,QuiverDance|||M|||50|,,,,,Grass]Iron Hands||AssaultVest|QuarkDrive|FakeOut,DrainPunch,WildCharge,VoltSwitch||||||50|,,,,,Water\n|\n|t:|1745986899\n|start\n|switch|p1a: Ogerpon|Ogerpon-Hearthflame, L50, F|100/100\n|switch|p1b: Rillaboom|Rillaboom, L50, F|100/100\n|switch|p2a: Grimmsnarl|Grimmsnarl, L50, M|100/100\n|switch|p2b: Volcarona|Volcarona, L50, M|100/100\n|-ability|p1a: Ogerpon|Mold Breaker\n|-fieldstart|move: Grassy Terrain|[from] ability: Grassy Surge|[of] p1b: Rillaboom\n|turn|1\n|inactive|Battle timer is ON: inactive players will automatically lose when time's up. (requested by Lightpulsar98)\n|\n|t:|1745986914\n|move|p1b: Rillaboom|Fake Out|p2a: Grimmsnarl\n|-damage|p2a: Grimmsnarl|88/100\n|cant|p2a: Grimmsnarl|flinch\n|move|p1a: Ogerpon|Ivy Cudgel|p2b: Volcarona|[anim] Ivy Cudgel Fire\n|-damage|p2b: Volcarona|60/100\n|move|p2b: Volcarona|Quiver Dance|p2b: Volcarona\n|-boost|p2b: Volcarona|spa|1\n|-boost|p2b: Volcarona|spd|1\n|-boost|p2b: Volcarona|spe|1\n|\n|-heal|p2b: Volcarona|66/100|[from] Grassy Terrain\n|-heal|p2b: Volcarona|72/100|[from] item: Leftovers\n|-heal|p2a: Grimmsnarl|94/100|[from] Grassy Terrain\n|upkeep\n|turn|2\n|\n|t:|1745986936\n|-terastallize|p1a: Ogerpon|Fire\n|detailschange|p1a: Ogerpon|Ogerpon-Hearthflame-Tera, L50, F, tera:Fire\n|-ability|p1a: Ogerpon|Embody Aspect (Hearthflame)|boost\n|-boost|p1a: Ogerpon|atk|1\n|move|p2a: Grimmsnarl|Reflect|p2a: Grimmsnarl\n|-sidestart|p2: Lightpulsar98|Reflect\n|move|p2b: Volcarona|Fiery Dance|p1b: Rillaboom\n|-supereffective|p1b: Rillaboom\n|-damage|p1b: Rillaboom|40/100\n|move|p1a: Ogerpon|Ivy Cudgel|p2b: Volcarona|[anim] Ivy Cudgel Fire\n|-damage|p2b: Volcarona|10/100\n|move|p1b: Rillaboom|U-turn|p2a: Grimmsnarl\n|-crit|p2a: Grimmsnarl\n|-damage|p2a: Grimmsnarl|58/100\n|\n|t:|1745986949\n|switch|p1b: Calyrex|Calyrex-Shadow, L50|100/100|[from] U-turn\n|-ability|p1b: Calyrex|As One\n|-ability|p1b: Calyrex|Unnerve\n|\n|-heal|p2b: Volcarona|17/100|[from] Grassy Terrain\n|-heal|p2b: Volcarona|23/100|[from] item: Leftovers\n|-heal|p2a: Grimmsnarl|64/100|[from] Grassy Terrain\n|upkeep\n|turn|3\n|\n|t:|1745986968\n|move|p1b: Calyrex|Protect|p1b: Calyrex\n|-singleturn|p1b: Calyrex|Protect\n|move|p2b: Volcarona|Protect|p2b: Volcarona\n|-singleturn|p2b: Volcarona|Protect\n|move|p2a: Grimmsnarl|Light Screen|p2a: Grimmsnarl\n|-sidestart|p2: Lightpulsar98|move: Light Screen\n|move|p1a: Ogerpon|Ivy Cudgel|p2b: Volcarona|[anim] Ivy Cudgel Fire\n|-activate|p2b: Volcarona|move: Protect\n|\n|-heal|p2b: Volcarona|29/100|[from] Grassy Terrain\n|-heal|p2b: Volcarona|35/100|[from] item: Leftovers\n|-heal|p2a: Grimmsnarl|70/100|[from] Grassy Terrain\n|upkeep\n|turn|4\n|\n|t:|1745986983\n|switch|p1b: Terapagos|Terapagos, L50, M|100/100\n|-activate|p1b: Terapagos|ability: Tera Shift\n|detailschange|p1b: Terapagos|Terapagos-Terastal, L50, M\n|-heal|p1b: Terapagos|100/100|[silent]\n|move|p2a: Grimmsnarl|Thunder Wave|p1b: Terapagos|[miss]\n|-miss|p2a: Grimmsnarl|p1b: Terapagos\n|move|p2b: Volcarona|Struggle Bug|p1b: Terapagos|[spread] p1a,p1b\n|-resisted|p1a: Ogerpon\n|-activate|p1b: Terapagos|ability: Tera Shell\n|-resisted|p1b: Terapagos\n|-damage|p1a: Ogerpon|88/100\n|-damage|p1b: Terapagos|91/100\n|-unboost|p1a: Ogerpon|spa|1\n|-unboost|p1b: Terapagos|spa|1\n|move|p1a: Ogerpon|Ivy Cudgel|p2b: Volcarona|[anim] Ivy Cudgel Fire\n|-damage|p2b: Volcarona|0 fnt\n|faint|p2b: Volcarona\n|\n|-heal|p1a: Ogerpon|94/100|[from] Grassy Terrain\n|-heal|p1b: Terapagos|97/100|[from] Grassy Terrain\n|-heal|p1b: Terapagos|100/100|[from] item: Leftovers\n|-heal|p2a: Grimmsnarl|76/100|[from] Grassy Terrain\n|upkeep\n|\n|t:|1745987005\n|switch|p2b: Zamazenta|Zamazenta-Crowned, L50|100/100\n|-ability|p2b: Zamazenta|Dauntless Shield|boost\n|-boost|p2b: Zamazenta|def|1\n|turn|5\n|\n|t:|1745987022\n|move|p2b: Zamazenta|Body Press|p1b: Terapagos\n|-activate|p1b: Terapagos|ability: Tera Shell\n|-resisted|p1b: Terapagos\n|-damage|p1b: Terapagos|73/100\n|move|p1a: Ogerpon|Ivy Cudgel|p2b: Zamazenta|[anim] Ivy Cudgel Fire\n|-supereffective|p2b: Zamazenta\n|-damage|p2b: Zamazenta|45/100\n|move|p1b: Terapagos|Calm Mind|p1b: Terapagos\n|-boost|p1b: Terapagos|spa|1\n|-boost|p1b: Terapagos|spd|1\n|move|p2a: Grimmsnarl|Spirit Break|p1b: Terapagos\n|-damage|p1b: Terapagos|53/100\n|-unboost|p1b: Terapagos|spa|1\n|\n|-heal|p2b: Zamazenta|51/100|[from] Grassy Terrain\n|-heal|p1a: Ogerpon|100/100|[from] Grassy Terrain\n|-heal|p1b: Terapagos|59/100|[from] Grassy Terrain\n|-heal|p1b: Terapagos|65/100|[from] item: Leftovers\n|-heal|p2a: Grimmsnarl|82/100|[from] Grassy Terrain\n|-fieldend|move: Grassy Terrain\n|upkeep\n|turn|6\n|inactive|Lightpulsar98 has 30 seconds left.\n|\n|t:|1745987047\n|move|p2b: Zamazenta|Protect|p2b: Zamazenta\n|-singleturn|p2b: Zamazenta|Protect\n|move|p2a: Grimmsnarl|Thunder Wave|p1b: Terapagos\n|-status|p1b: Terapagos|par\n|move|p1a: Ogerpon|Ivy Cudgel|p2b: Zamazenta|[anim] Ivy Cudgel Fire\n|-activate|p2b: Zamazenta|move: Protect\n|move|p1b: Terapagos|Tera Starstorm|p2a: Grimmsnarl\n|-damage|p2a: Grimmsnarl|62/100\n|\n|-heal|p1b: Terapagos|71/100 par|[from] item: Leftovers\n|upkeep\n|turn|7\n|\n|t:|1745987080\n|switch|p1b: Rillaboom|Rillaboom, L50, F|40/100\n|-fieldstart|move: Grassy Terrain|[from] ability: Grassy Surge|[of] p1b: Rillaboom\n|-terastallize|p2b: Zamazenta|Dragon\n|move|p2b: Zamazenta|Body Press|p1b: Rillaboom\n|-damage|p1b: Rillaboom|0 fnt\n|faint|p1b: Rillaboom\n|move|p1a: Ogerpon|Ivy Cudgel|p2a: Grimmsnarl|[anim] Ivy Cudgel Fire\n|-damage|p2a: Grimmsnarl|0 fnt\n|faint|p2a: Grimmsnarl\n|\n|-heal|p2b: Zamazenta|57/100|[from] Grassy Terrain\n|upkeep\n|\n|t:|1745987093\n|switch|p1b: Calyrex|Calyrex-Shadow, L50|100/100\n|switch|p2a: Miraidon|Miraidon, L50|100/100\n|-ability|p1b: Calyrex|As One\n|-ability|p1b: Calyrex|Unnerve\n|-fieldstart|move: Electric Terrain|[from] ability: Hadron Engine|[of] p2a: Miraidon\n|turn|8\n|\n|t:|1745987109\n|switch|p1a: Terapagos|Terapagos-Terastal, L50, M|71/100 par\n|move|p1b: Calyrex|Protect|p1b: Calyrex\n|-singleturn|p1b: Calyrex|Protect\n|move|p2b: Zamazenta|Wide Guard|p2b: Zamazenta\n|-singleturn|p2b: Zamazenta|Wide Guard\n|move|p2a: Miraidon|Electro Drift|p1a: Terapagos\n|-damage|p1a: Terapagos|0 fnt\n|faint|p1a: Terapagos\n|\n|upkeep\n|\n|t:|1745987112\n|switch|p1a: Ogerpon|Ogerpon-Hearthflame-Tera, L50, F, tera:Fire|100/100\n|-ability|p1a: Ogerpon|Embody Aspect (Hearthflame)|boost\n|-boost|p1a: Ogerpon|atk|1\n|turn|9\n|\n|t:|1745987133\n|move|p1a: Ogerpon|Spiky Shield|p1a: Ogerpon\n|-singleturn|p1a: Ogerpon|move: Protect\n|move|p2b: Zamazenta|Wide Guard|p2b: Zamazenta\n|-singleturn|p2b: Zamazenta|Wide Guard\n|move|p1b: Calyrex|Disable|p2a: Miraidon\n|-start|p2a: Miraidon|Disable|Electro Drift\n|cant|p2a: Miraidon|Disable|Electro Drift\n|\n|-sideend|p2: Lightpulsar98|Reflect\n|upkeep\n|turn|10\n|\n|t:|1745987147\n|move|p1b: Calyrex|Astral Barrage|p2b: Zamazenta|[spread] p2a,p2b\n|-damage|p2a: Miraidon|71/100\n|-damage|p2b: Zamazenta|29/100\n|-activate|p2a: Miraidon|move: Struggle\n|move|p2a: Miraidon|Struggle|p1a: Ogerpon\n|-damage|p1a: Ogerpon|91/100\n|-damage|p2a: Miraidon|46/100|[from] recoil\n|move|p2b: Zamazenta|Body Press|p1a: Ogerpon\n|-damage|p1a: Ogerpon|15/100\n|move|p1a: Ogerpon|Ivy Cudgel|p2b: Zamazenta|[anim] Ivy Cudgel Fire\n|-resisted|p2b: Zamazenta\n|-damage|p2b: Zamazenta|9/100\n|\n|-sideend|p2: Lightpulsar98|move: Light Screen\n|upkeep\n|turn|11\n|-message|Lightpulsar98 forfeited.\n|\n|win|recnacboi\n|l|\u2606Lightpulsar98\n|player|p2|\n||recnacboi is ready for game 2.\n||Lightpulsar98 is ready for game 2.\n|uhtml|next|Next: <a href=\"/battle-gen9vgc2025regibo3-2353712083\"><strong>Game 2 of 3</strong></a>\n|l|\u2606recnacboi\n|player|p1|\n", "uploadtime": 1745987557, "views": 7, "formatid": "gen9vgc2025regibo3", "rating": null, "private": 0, "password": null}