{"id": "gen9vgc2025regibo3-2354455284", "format": "[Gen 9] VGC 2025 Reg I (Bo3)", "players": ["GuyoShiMaa", "danicruz.music"], "log": "|j|\u2606GuyoShiMaa\n|j|\u2606danicruz.music\n|html|<table width=\"100%\"><tr><td align=\"left\">GuyoShiMaa</td><td align=\"right\">danicruz.music</tr><tr><td align=\"left\"><i class=\"fa fa-circle-o\"></i> <i class=\"fa fa-circle-o\"></i> </td><td align=\"right\"><i class=\"fa fa-circle-o\"></i> <i class=\"fa fa-circle-o\"></i> </tr></table>\n|uhtml|bestof|<h2><strong>Game 1</strong> of <a href=\"/game-bestof3-gen9vgc2025regibo3-2354455282\">a best-of-3</a></h2>\n|t:|1746074187\n|gametype|doubles\n|player|p1|GuyoShiMaa|infielder|1075\n|player|p2|danicruz.music|whitney|1066\n|teamsize|p1|6\n|teamsize|p2|6\n|gen|9\n|tier|[Gen 9] VGC 2025 Reg I (Bo3)\n|rated|\n|rule|Species Clause: Limit one of each Pok\u00e9mon\n|rule|Item Clause: Limit 1 of each item\n|clearpoke\n|poke|p1|Lunala, L50|\n|poke|p1|Koraidon, L50|\n|poke|p1|Raging Bolt, L50|\n|poke|p1|Ogerpon-Cornerstone, L50, F|\n|poke|p1|Incineroar, L50, F|\n|poke|p1|Tornadus, L50, M|\n|poke|p2|Kyogre, L50|\n|poke|p2|Koraidon, L50|\n|poke|p2|Tornadus, L50, M|\n|poke|p2|Walking Wake, L50|\n|poke|p2|Charizard, L50, F|\n|poke|p2|Whimsicott, L50, M|\n|teampreview|4\n|showteam|p1|Lunala||PowerHerb|ShadowShield|MoongeistBeam,MeteorBeam,TrickRoom,WideGuard||||||50|,,,,,Fairy]Koraidon||LifeOrb|OrichalcumPulse|CollisionCourse,FlameCharge,FlareBlitz,Protect||||||50|,,,,,Fire]Raging Bolt||SafetyGoggles|Protosynthesis|Thunderclap,Thunderbolt,DracoMeteor,Protect||||||50|,,,,,Fairy]Ogerpon-Cornerstone||CornerstoneMask|Sturdy|IvyCudgel,PowerWhip,FollowMe,SpikyShield|||F|||50|,,,,,Rock]Incineroar||RockyHelmet|Intimidate|FakeOut,PartingShot,WillOWisp,KnockOff|||F|||50|,,,,,Fire]Tornadus||CovertCloak|Prankster|SunnyDay,BleakwindStorm,Tailwind,Taunt|||M|||50|,,,,,Dark\n|showteam|p2|Kyogre||AssaultVest|Drizzle|OriginPulse,WaterSpout,TeraBlast,Thunder||||||50|,,,,,Ground]Koraidon||LoadedDice|OrichalcumPulse|ScaleShot,CollisionCourse,Protect,FlareBlitz||||||50|,,,,,Fire]Tornadus||CovertCloak|Prankster|BleakwindStorm,Tailwind,SunnyDay,RainDance|||M|||50|,,,,,Dark]Walking Wake||BoosterEnergy|Protosynthesis|HydroSteam,DragonPulse,AquaJet,Protect||||||50|,,,,,Water]Charizard||ChoiceSpecs|SolarPower|Hurricane,WeatherBall,SolarBeam,Flamethrower|||F|||50|,,,,,Grass]Whimsicott||FocusSash|Prankster|Encore,Tailwind,Taunt,Moonblast|||M|||50|,,,,,Grass\n|inactive|Battle timer is ON: inactive players will automatically lose when time's up. (requested by danicruz.music)\n|\n|t:|1746074209\n|start\n|switch|p1a: Raging Bolt|Raging Bolt, L50|100/100\n|switch|p1b: Koraidon|Koraidon, L50|100/100\n|switch|p2a: Koraidon|Koraidon, L50|100/100\n|switch|p2b: Whimsicott|Whimsicott, L50, M|100/100\n|-weather|SunnyDay|[from] ability: Orichalcum Pulse|[of] p1b: Koraidon\n|-activate|p1a: Raging Bolt|ability: Protosynthesis\n|-start|p1a: Raging Bolt|protosynthesisspa\n|-activate|p1b: Koraidon|Orichalcum Pulse|[source]\n|-activate|p2a: Koraidon|ability: Orichalcum Pulse\n|turn|1\n|inactive|GuyoShiMaa has 30 seconds left.\n|inactive|danicruz.music has 30 seconds left.\n|\n|t:|1746074239\n|move|p1a: Raging Bolt|Protect|p1a: Raging Bolt\n|-singleturn|p1a: Raging Bolt|Protect\n|move|p2b: Whimsicott|Tailwind|p2b: Whimsicott\n|-sidestart|p2: danicruz.music|move: Tailwind\n|move|p2a: Koraidon|Scale Shot|p1b: Koraidon\n|-supereffective|p1b: Koraidon\n|-damage|p1b: Koraidon|66/100\n|-supereffective|p1b: Koraidon\n|-damage|p1b: Koraidon|34/100\n|-supereffective|p1b: Koraidon\n|-damage|p1b: Koraidon|0 fnt\n|faint|p1b: Koraidon\n|-hitcount|p1: Koraidon|3\n|-unboost|p2a: Koraidon|def|1\n|-boost|p2a: Koraidon|spe|1\n|\n|-weather|SunnyDay|[upkeep]\n|upkeep\n|\n|t:|1746074246\n|switch|p1b: Lunala|Lunala, L50|100/100\n|turn|2\n|\n|t:|1746074270\n|move|p2a: Koraidon|Scale Shot|p1b: Lunala\n|-damage|p1b: Lunala|93/100\n|-damage|p1b: Lunala|77/100\n|-damage|p1b: Lunala|62/100\n|-damage|p1b: Lunala|45/100\n|-damage|p1b: Lunala|30/100\n|-hitcount|p1b: Lunala|5\n|-unboost|p2a: Koraidon|def|1\n|-boost|p2a: Koraidon|spe|1\n|move|p2b: Whimsicott|Moonblast|p1b: Lunala\n|-damage|p1b: Lunala|13/100\n|move|p1a: Raging Bolt|Draco Meteor|p2a: Koraidon\n|-supereffective|p2a: Koraidon\n|-damage|p2a: Koraidon|0 fnt\n|-unboost|p1a: Raging Bolt|spa|2\n|faint|p2a: Koraidon\n|move|p1b: Lunala|Trick Room|p1b: Lunala\n|-fieldstart|move: Trick Room|[of] p1b: Lunala\n|\n|-weather|SunnyDay|[upkeep]\n|upkeep\n|\n|t:|1746074288\n|switch|p2a: Kyogre|Kyogre, L50|100/100\n|-weather|RainDance|[from] ability: Drizzle|[of] p2a: Kyogre\n|-end|p1a: Raging Bolt|Protosynthesis\n|turn|3\n|\n|t:|1746074310\n|-terastallize|p2a: Kyogre|Ground\n|move|p1a: Raging Bolt|Thunderbolt|p2a: Kyogre\n|-immune|p2a: Kyogre\n|move|p1b: Lunala|Meteor Beam||[still]\n|-prepare|p1b: Lunala|Meteor Beam\n|-boost|p1b: Lunala|spa|1\n|-enditem|p1b: Lunala|Power Herb\n|-anim|p1b: Lunala|Meteor Beam|p2b: Whimsicott\n|-damage|p2b: Whimsicott|3/100\n|move|p2a: Kyogre|Origin Pulse|p1b: Lunala|[spread] p1a,p1b\n|-resisted|p1a: Raging Bolt\n|-damage|p1a: Raging Bolt|71/100\n|-damage|p1b: Lunala|0 fnt\n|faint|p1b: Lunala\n|move|p2b: Whimsicott|Moonblast|p1a: Raging Bolt\n|-supereffective|p1a: Raging Bolt\n|-damage|p1a: Raging Bolt|26/100\n|-unboost|p1a: Raging Bolt|spa|1\n|\n|-weather|RainDance|[upkeep]\n|upkeep\n|\n|t:|1746074313\n|switch|p1b: Ogerpon|Ogerpon-Cornerstone, L50, F|100/100\n|turn|4\n|\n|t:|1746074338\n|move|p2b: Whimsicott|Encore|p1a: Raging Bolt\n|-start|p1a: Raging Bolt|Encore\n|move|p1a: Raging Bolt|Thunderbolt|p2b: Whimsicott\n|-resisted|p2b: Whimsicott\n|-damage|p2b: Whimsicott|0 fnt\n|faint|p2b: Whimsicott\n|move|p1b: Ogerpon|Power Whip|p2a: Kyogre\n|-supereffective|p2a: Kyogre\n|-damage|p2a: Kyogre|0 fnt\n|faint|p2a: Kyogre\n|\n|-weather|RainDance|[upkeep]\n|-sideend|p2: danicruz.music|move: Tailwind\n|upkeep\n|\n|t:|1746074347\n|switch|p2b: Walking Wake|Walking Wake, L50|100/100\n|-enditem|p2b: Walking Wake|Booster Energy\n|-activate|p2b: Walking Wake|ability: Protosynthesis|[fromitem]\n|-start|p2b: Walking Wake|protosynthesisspa\n|turn|5\n|-message|danicruz.music forfeited.\n|\n|win|GuyoShiMaa\n|l|\u2606danicruz.music\n|player|p2|\n||danicruz.music is ready for game 2.\n||GuyoShiMaa is ready for game 2.\n|uhtml|next|Next: <a href=\"/battle-gen9vgc2025regibo3-2354456322\"><strong>Game 2 of 3</strong></a>\n|l|\u2606GuyoShiMaa\n|player|p1|\n", "uploadtime": 1746074663, "views": 7, "formatid": "gen9vgc2025regibo3", "rating": null, "private": 0, "password": null}