{"id": "gen9vgc2025regibo3-2353680009", "format": "[Gen 9] VGC 2025 Reg I (Bo3)", "players": ["TheGamingMammoth", "beonum2"], "log": "|j|\u2606TheGamingMammoth\n|j|\u2606beonum2\n|html|<table width=\"100%\"><tr><td align=\"left\">TheGamingMammoth</td><td align=\"right\">beonum2</tr><tr><td align=\"left\"><i class=\"fa fa-circle-o\"></i> <i class=\"fa fa-circle-o\"></i> </td><td align=\"right\"><i class=\"fa fa-circle-o\"></i> <i class=\"fa fa-circle-o\"></i> </tr></table>\n|uhtml|bestof|<h2><strong>Game 1</strong> of <a href=\"/game-bestof3-gen9vgc2025regibo3-2353680008\">a best-of-3</a></h2>\n|t:|1745982724\n|gametype|doubles\n|player|p1|TheGamingMammoth|101|1240\n|player|p2|beonum2|2|1167\n|teamsize|p1|6\n|teamsize|p2|6\n|gen|9\n|tier|[Gen 9] VGC 2025 Reg I (Bo3)\n|rated|\n|rule|Species Clause: Limit one of each Pok\u00e9mon\n|rule|Item Clause: Limit 1 of each item\n|clearpoke\n|poke|p1|Calyrex-Shadow, L50|\n|poke|p1|Terapagos, L50, M|\n|poke|p1|Incineroar, L50, M|\n|poke|p1|Rillaboom, L50, F|\n|poke|p1|Ogerpon-Cornerstone, L50, F|\n|poke|p1|Ditto, L50|\n|poke|p2|Groudon, L50|\n|poke|p2|Miraidon, L50|\n|poke|p2|Chi-Yu, L50|\n|poke|p2|Whimsicott, L50, M|\n|poke|p2|Gothitelle, L50, F|\n|poke|p2|Flutter Mane, L50|\n|teampreview|4\n|showteam|p1|Calyrex-Shadow||FocusSash|AsOneSpectrier|AstralBarrage,Psychic,Encore,Protect||||||50|,,,,,Ghost]Terapagos||Leftovers|TeraShift|TeraStarstorm,EarthPower,CalmMind,Protect|||M|||50|,,,,,Stellar]Incineroar||RockyHelmet|Intimidate|FakeOut,WillOWisp,KnockOff,PartingShot|||M|||50|,,,,,Ghost]Rillaboom||AssaultVest|GrassySurge|FakeOut,DrumBeating,GrassyGlide,Uturn|||F|||50|,,,,,Normal]Ogerpon-Cornerstone||CornerstoneMask|Sturdy|IvyCudgel,PowerWhip,FollowMe,SpikyShield|||F|||50|,,,,,Rock]Ditto||SafetyGoggles|Imposter|Transform||||||50|,,,,,Normal\n|showteam|p2|Groudon||ClearAmulet|Drought|PrecipiceBlades,HeatCrash,Protect,HighHorsepower||||||50|,,,,,Fairy]Miraidon||ChoiceSpecs|HadronEngine|DazzlingGleam,ElectroDrift,VoltSwitch,DracoMeteor||||||50|,,,,,Fairy]Chi-Yu||ChoiceScarf|BeadsofRuin|HeatWave,DarkPulse,Overheat,Snarl||||||50|,,,,,Ghost]Whimsicott||CovertCloak|Prankster|Moonblast,Encore,Taunt,Tailwind|||M|||50|,,,,,Dark]Gothitelle||ElectricSeed|ShadowTag|FakeOut,TrickRoom,Protect,FoulPlay|||F|||50|,,,,,Dark]Flutter Mane||FocusSash|Protosynthesis|IcyWind,Moonblast,Protect,PerishSong||||||50|,,,,,Fire\n|\n|t:|1745982801\n|start\n|switch|p1a: Tung Tung Sahur|Calyrex-Shadow, L50|100/100\n|switch|p1b: Ogerpon|Ogerpon-Cornerstone, L50, F|100/100\n|switch|p2a: Groudon|Groudon, L50|100/100\n|switch|p2b: Flutter Mane|Flutter Mane, L50|100/100\n|-ability|p1a: Tung Tung Sahur|As One\n|-ability|p1a: Tung Tung Sahur|Unnerve\n|-weather|SunnyDay|[from] ability: Drought|[of] p2a: Groudon\n|-activate|p2b: Flutter Mane|ability: Protosynthesis\n|-start|p2b: Flutter Mane|protosynthesisspe\n|turn|1\n|\n|t:|1745982831\n|move|p1a: Tung Tung Sahur|Protect|p1a: Tung Tung Sahur\n|-singleturn|p1a: Tung Tung Sahur|Protect\n|move|p2b: Flutter Mane|Icy Wind|p1b: Ogerpon|[spread] p1b\n|-activate|p1a: Tung Tung Sahur|move: Protect\n|-supereffective|p1b: Ogerpon\n|-damage|p1b: Ogerpon|66/100\n|-unboost|p1b: Ogerpon|spe|1\n|move|p2a: Groudon|Precipice Blades|p1b: Ogerpon|[spread] p1b\n|-activate|p1a: Tung Tung Sahur|move: Protect\n|-damage|p1b: Ogerpon|0 fnt\n|faint|p1b: Ogerpon\n|\n|-weather|SunnyDay|[upkeep]\n|upkeep\n|\n|t:|1745982843\n|switch|p1b: KwiviKwivi Tortili|Terapagos, L50, M|100/100\n|-activate|p1b: KwiviKwivi Tortili|ability: Tera Shift\n|detailschange|p1b: KwiviKwivi Tortili|Terapagos-Terastal, L50, M\n|-heal|p1b: KwiviKwivi Tortili|100/100|[silent]\n|turn|2\n|c|\u2606beonum2|dude ogerpon is literally tung tung tung sahur\n|\n|t:|1745982855\n|-terastallize|p1b: KwiviKwivi Tortili|Stellar\n|detailschange|p1b: KwiviKwivi Tortili|Terapagos-Stellar, L50, M, tera:Stellar\n|-heal|p1b: KwiviKwivi Tortili|100/100|[silent]\n|-ability|p1b: KwiviKwivi Tortili|Teraform Zero\n|-weather|none\n|-end|p2b: Flutter Mane|Protosynthesis\n|move|p1a: Tung Tung Sahur|Astral Barrage|p2b: Flutter Mane|[spread] p2a,p2b\n|-supereffective|p2b: Flutter Mane\n|-damage|p2a: Groudon|36/100\n|-enditem|p2b: Flutter Mane|Focus Sash\n|-damage|p2b: Flutter Mane|1/100\n|move|p2b: Flutter Mane|Icy Wind|p1b: KwiviKwivi Tortili|[spread] p1a,p1b\n|-damage|p1a: Tung Tung Sahur|84/100\n|-damage|p1b: KwiviKwivi Tortili|91/100\n|-unboost|p1a: Tung Tung Sahur|spe|1\n|-unboost|p1b: KwiviKwivi Tortili|spe|1\n|move|p2a: Groudon|Precipice Blades|p1a: Tung Tung Sahur|[spread] p1a,p1b\n|-damage|p1a: Tung Tung Sahur|26/100\n|-damage|p1b: KwiviKwivi Tortili|64/100\n|move|p1b: KwiviKwivi Tortili|Tera Starstorm|p2b: Flutter Mane|[spread] p2a,p2b\n|-damage|p2a: Groudon|0 fnt\n|-damage|p2b: Flutter Mane|0 fnt\n|faint|p2a: Groudon\n|faint|p2b: Flutter Mane\n|-end|p2b: Flutter Mane|Protosynthesis|[silent]\n|\n|-heal|p1b: KwiviKwivi Tortili|71/100|[from] item: Leftovers\n|upkeep\n|c|\u2606TheGamingMammoth|tru\n|\n|t:|1745982869\n|switch|p2b: Chi-Yu|Chi-Yu, L50|100/100\n|switch|p2a: Miraidon|Miraidon, L50|100/100\n|-ability|p2b: Chi-Yu|Beads of Ruin\n|-fieldstart|move: Electric Terrain|[from] ability: Hadron Engine|[of] p2a: Miraidon\n|turn|3\n|\n|t:|1745982897\n|switch|p1a: Chimpanzini|Rillaboom, L50, F, shiny|100/100\n|-fieldstart|move: Grassy Terrain|[from] ability: Grassy Surge|[of] p1a: Chimpanzini\n|move|p1b: KwiviKwivi Tortili|Protect|p1b: KwiviKwivi Tortili\n|-singleturn|p1b: KwiviKwivi Tortili|Protect\n|move|p2b: Chi-Yu|Heat Wave|p1a: Chimpanzini|[spread] p1a\n|-activate|p1b: KwiviKwivi Tortili|move: Protect\n|-supereffective|p1a: Chimpanzini\n|-damage|p1a: Chimpanzini|16/100\n|move|p2a: Miraidon|Electro Drift|p1b: KwiviKwivi Tortili\n|-activate|p1b: KwiviKwivi Tortili|move: Protect\n|\n|-heal|p1a: Chimpanzini|22/100|[from] Grassy Terrain\n|-heal|p1b: KwiviKwivi Tortili|77/100|[from] Grassy Terrain\n|-heal|p1b: KwiviKwivi Tortili|83/100|[from] item: Leftovers\n|upkeep\n|turn|4\n|\n|t:|1745982926\n|move|p1a: Chimpanzini|Fake Out|p2a: Miraidon\n|-damage|p2a: Miraidon|86/100\n|move|p2b: Chi-Yu|Heat Wave|p1b: KwiviKwivi Tortili|[spread] p1a,p1b\n|-supereffective|p1a: Chimpanzini\n|-damage|p1a: Chimpanzini|0 fnt\n|-damage|p1b: KwiviKwivi Tortili|49/100\n|faint|p1a: Chimpanzini\n|cant|p2a: Miraidon|flinch\n|move|p1b: KwiviKwivi Tortili|Calm Mind|p1b: KwiviKwivi Tortili\n|-boost|p1b: KwiviKwivi Tortili|spa|1\n|-boost|p1b: KwiviKwivi Tortili|spd|1\n|\n|-heal|p2a: Miraidon|91/100|[from] Grassy Terrain\n|-heal|p1b: KwiviKwivi Tortili|55/100|[from] Grassy Terrain\n|-heal|p1b: KwiviKwivi Tortili|61/100|[from] item: Leftovers\n|upkeep\n|c|\u2606TheGamingMammoth|it was b efore i had oger\n|\n|t:|1745982935\n|switch|p1a: Tung Tung Sahur|Calyrex-Shadow, L50|26/100\n|-ability|p1a: Tung Tung Sahur|As One\n|-ability|p1a: Tung Tung Sahur|Unnerve\n|turn|5\n|\n|t:|1745982970\n|move|p1a: Tung Tung Sahur|Protect|p1a: Tung Tung Sahur\n|-singleturn|p1a: Tung Tung Sahur|Protect\n|move|p2b: Chi-Yu|Heat Wave|p1a: Tung Tung Sahur|[spread] p1b\n|-activate|p1a: Tung Tung Sahur|move: Protect\n|-damage|p1b: KwiviKwivi Tortili|39/100\n|move|p2a: Miraidon|Electro Drift|p1b: KwiviKwivi Tortili\n|-damage|p1b: KwiviKwivi Tortili|0 fnt\n|faint|p1b: KwiviKwivi Tortili\n|\n|-heal|p1a: Tung Tung Sahur|32/100|[from] Grassy Terrain\n|-heal|p2a: Miraidon|97/100|[from] Grassy Terrain\n|upkeep\n|turn|6\n|\n|t:|1745982980\n|move|p2b: Chi-Yu|Heat Wave|p1a: Tung Tung Sahur\n|-damage|p1a: Tung Tung Sahur|0 fnt\n|faint|p1a: Tung Tung Sahur\n|\n|win|beonum2\n||TheGamingMammoth is ready for game 2.\n||beonum2 is ready for game 2.\n|uhtml|next|Next: <a href=\"/battle-gen9vgc2025regibo3-2353682016\"><strong>Game 2 of 3</strong></a>\n", "uploadtime": 1745983273, "views": 6, "formatid": "gen9vgc2025regibo3", "rating": null, "private": 0, "password": null}