{"id": "gen9vgc2025regibo3-2354498663", "format": "[Gen 9] VGC 2025 Reg I (Bo3)", "players": ["Johto Fresh", "tempocalypse"], "log": "|j|\u2606Johto Fresh\n|j|\u203dtempocalypse\n|html|<table width=\"100%\"><tr><td align=\"left\">Johto Fresh</td><td align=\"right\">tempocalypse</tr><tr><td align=\"left\"><i class=\"fa fa-circle-o\"></i> <i class=\"fa fa-circle-o\"></i> </td><td align=\"right\"><i class=\"fa fa-circle-o\"></i> <i class=\"fa fa-circle-o\"></i> </tr></table>\n|uhtml|bestof|<h2><strong>Game 1</strong> of <a href=\"/game-bestof3-gen9vgc2025regibo3-2354498662\">a best-of-3</a></h2>\n|t:|1746082232\n|gametype|doubles\n|player|p1|Johto Fresh|cameraman|1060\n|player|p2|tempocalypse|101|1132\n|teamsize|p1|6\n|teamsize|p2|6\n|gen|9\n|tier|[Gen 9] VGC 2025 Reg I (Bo3)\n|rated|\n|rule|Species Clause: Limit one of each Pok\u00e9mon\n|rule|Item Clause: Limit 1 of each item\n|clearpoke\n|poke|p1|Tyranitar, L50, M|\n|poke|p1|Entei, L50|\n|poke|p1|Raikou, L50|\n|poke|p1|Ho-Oh, L50|\n|poke|p1|Lugia, L50|\n|poke|p1|Suicune, L50|\n|poke|p2|Koraidon, L50|\n|poke|p2|Ho-Oh, L50|\n|poke|p2|Walking Wake, L50|\n|poke|p2|Rillaboom, L50, F|\n|poke|p2|Sandy Shocks, L50|\n|poke|p2|Cobalion, L50|\n|teampreview|4\n|showteam|p1|Tyranitar||AssaultVest|SandStream|RockSlide,KnockOff,TeraBlast,LowKick|||M|||50|,,,,,Flying]Entei||LifeOrb|InnerFocus|ExtremeSpeed,SacredFire,StompingTantrum,Protect||||||50|,,,,,Normal]Raikou||ChoiceScarf|InnerFocus|Discharge,ShadowBall,Scald,VoltSwitch||||||50|,,,,,Electric]Ho-Oh||CovertCloak|Regenerator|SacredFire,BraveBird,Tailwind,Protect||||||50|,,,,,Ground]Lugia||RockyHelmet|Multiscale|Aeroblast,PsychUp,Reflect,Recover||||||50|,,,,,Ground]Suicune||SafetyGoggles|InnerFocus|Scald,Snarl,CalmMind,Protect||||||50|,,,,,Dark\n|showteam|p2|Koraidon||LifeOrb|OrichalcumPulse|FlareBlitz,CloseCombat,FlameCharge,Protect||||||50|,,,,,Fire]Ho-Oh||ClearAmulet|Regenerator|SacredFire,BraveBird,Recover,Protect||||||50|,,,,,Grass]Walking Wake||ChoiceSpecs|Protosynthesis|DracoMeteor,HydroSteam,Snarl,MudShot||||||50|,,,,,Water]Rillaboom||AssaultVest|GrassySurge|WoodHammer,GrassyGlide,FakeOut,Uturn|||F|||50|,,,,,Fire]Sandy Shocks||FocusSash|Protosynthesis|EarthPower,Thunderbolt,Electroweb,Protect||||||50|,,,,,Stellar]Cobalion||GrassySeed|Justified|BodyPress,IronDefense,Coaching,Protect||||||50|,,,,,Fairy\n|inactive|Battle timer is ON: inactive players will automatically lose when time's up. (requested by tempocalypse)\n|n|\u2606tempocalypse|tempocalypse\n|c|\u2606tempocalypse|gen 2 baby\n|inactive|Johto Fresh has 60 seconds left.\n|inactive|tempocalypse has 60 seconds left.\n|c|\u2606Johto Fresh|Yee haw babee\n|inactive|Johto Fresh has 30 seconds left.\n|inactive|tempocalypse has 30 seconds left.\n|c|\u2606Johto Fresh|Fresh outta Johto\n|inactive|Johto Fresh has 20 seconds left.\n|inactive|Johto Fresh has 15 seconds left.\n|\n|t:|1746082307\n|start\n|switch|p1a: Raikou|Raikou, L50|100/100\n|switch|p1b: Ho-Oh|Ho-Oh, L50|100/100\n|switch|p2a: Walking Wake|Walking Wake, L50|100/100\n|switch|p2b: Rillaboom|Rillaboom, L50, F|100/100\n|-fieldstart|move: Grassy Terrain|[from] ability: Grassy Surge|[of] p2b: Rillaboom\n|turn|1\n|inactive|Johto Fresh has 30 seconds left.\n|inactive|tempocalypse has 30 seconds left.\n|\n|t:|1746082338\n|-terastallize|p1b: Ho-Oh|Ground\n|move|p2b: Rillaboom|Fake Out|p1a: Raikou\n|-damage|p1a: Raikou|84/100\n|move|p1a: Raikou|Discharge|p2a: Walking Wake|[spread] p2a,p2b\n|-immune|p1b: Ho-Oh\n|-resisted|p2b: Rillaboom\n|-damage|p2a: Walking Wake|66/100\n|-damage|p2b: Rillaboom|89/100\n|move|p2a: Walking Wake|Snarl|p1a: Raikou|[spread] p1a,p1b\n|-damage|p1a: Raikou|63/100\n|-damage|p1b: Ho-Oh|88/100\n|-unboost|p1a: Raikou|spa|1\n|move|p1b: Ho-Oh|Brave Bird|p2b: Rillaboom\n|-supereffective|p2b: Rillaboom\n|-damage|p2b: Rillaboom|0 fnt\n|faint|p2b: Rillaboom\n|-damage|p1b: Ho-Oh|60/100|[from] Recoil\n|\n|-heal|p1a: Raikou|69/100|[from] Grassy Terrain\n|-heal|p2a: Walking Wake|72/100|[from] Grassy Terrain\n|-heal|p1b: Ho-Oh|66/100|[from] Grassy Terrain\n|upkeep\n|\n|t:|1746082362\n|switch|p2b: Ho-Oh|Ho-Oh, L50|100/100\n|turn|2\n|l|\u2606tempocalypse\n|inactive|tempocalypse disconnected and has a minute to reconnect!\n|player|p2|\n|inactive|Johto Fresh has 30 seconds left.\n|inactive|tempocalypse has 30 seconds left.\n|j|\u2606tempocalypse\n|inactive|tempocalypse reconnected and has 25 seconds left.\n|player|p2|tempocalypse|101|\n|inactive|tempocalypse has 20 seconds left.\n|inactive|tempocalypse has 15 seconds left.\n|inactive|tempocalypse has 10 seconds left.\n|inactive|tempocalypse has 5 seconds left.\n|\n|t:|1746082415\n|switch|p1b: Tyranitar|Tyranitar, L50, M, shiny|100/100\n|-weather|Sandstorm|[from] ability: Sand Stream|[of] p1b: Tyranitar\n|-terastallize|p2b: Ho-Oh|Grass\n|move|p1a: Raikou|Discharge|p2a: Walking Wake|[spread] p1b,p2a,p2b\n|-resisted|p2b: Ho-Oh\n|-damage|p1b: Tyranitar|93/100\n|-damage|p2a: Walking Wake|49/100\n|-damage|p2b: Ho-Oh|94/100\n|move|p2a: Walking Wake|Snarl|p1a: Raikou|[spread] p1a,p1b\n|-resisted|p1b: Tyranitar\n|-damage|p1a: Raikou|49/100\n|-damage|p1b: Tyranitar|89/100\n|-unboost|p1a: Raikou|spa|1\n|-unboost|p1b: Tyranitar|spa|1\n|move|p2b: Ho-Oh|Sacred Fire|p1b: Tyranitar\n|-resisted|p1b: Tyranitar\n|-damage|p1b: Tyranitar|67/100\n|\n|-weather|Sandstorm|[upkeep]\n|-damage|p1a: Raikou|43/100|[from] Sandstorm\n|-damage|p2a: Walking Wake|43/100|[from] Sandstorm\n|-damage|p2b: Ho-Oh|88/100|[from] Sandstorm\n|-heal|p1a: Raikou|49/100|[from] Grassy Terrain\n|-heal|p2a: Walking Wake|49/100|[from] Grassy Terrain\n|-heal|p2b: Ho-Oh|94/100|[from] Grassy Terrain\n|-heal|p1b: Tyranitar|73/100|[from] Grassy Terrain\n|upkeep\n|turn|3\n|inactive|Johto Fresh has 30 seconds left.\n|inactive|tempocalypse has 30 seconds left.\n|inactive|tempocalypse has 20 seconds left.\n|inactive|tempocalypse has 15 seconds left.\n|\n|t:|1746082456\n|switch|p1a: Ho-Oh|Ho-Oh, L50, tera:Ground|99/100\n|-end|p2a: Walking Wake|Protosynthesis|[silent]\n|switch|p2a: Koraidon|Koraidon, L50|100/100\n|-weather|SunnyDay|[from] ability: Orichalcum Pulse|[of] p2a: Koraidon\n|-activate|p2a: Koraidon|Orichalcum Pulse|[source]\n|move|p2b: Ho-Oh|Sacred Fire|p1b: Tyranitar\n|-resisted|p1b: Tyranitar\n|-damage|p1b: Tyranitar|44/100\n|move|p1b: Tyranitar|Knock Off|p2a: Koraidon\n|-resisted|p2a: Koraidon\n|-damage|p2a: Koraidon|75/100\n|-enditem|p2a: Koraidon|Life Orb|[from] move: Knock Off|[of] p1b: Tyranitar\n|\n|-weather|SunnyDay|[upkeep]\n|-heal|p2a: Koraidon|81/100|[from] Grassy Terrain\n|-heal|p1a: Ho-Oh|100/100|[from] Grassy Terrain\n|-heal|p2b: Ho-Oh|100/100|[from] Grassy Terrain\n|-heal|p1b: Tyranitar|50/100|[from] Grassy Terrain\n|upkeep\n|turn|4\n|l|\u2606tempocalypse\n|inactive|tempocalypse disconnected and has a minute to reconnect!\n|player|p2|\n|inactive|Johto Fresh has 30 seconds left.\n|inactive|tempocalypse has 30 seconds left.\n|j|\u2606tempocalypse\n|inactive|tempocalypse reconnected and has 25 seconds left.\n|player|p2|tempocalypse|101|\n|inactive|tempocalypse has 20 seconds left.\n|inactive|tempocalypse has 15 seconds left.\n|inactive|tempocalypse has 10 seconds left.\n|inactive|tempocalypse has 5 seconds left.\n|\n|t:|1746082508\n|move|p2b: Ho-Oh|Protect|p2b: Ho-Oh\n|-singleturn|p2b: Ho-Oh|Protect\n|move|p2a: Koraidon|Flare Blitz|p1a: Ho-Oh\n|-damage|p1a: Ho-Oh|16/100\n|-damage|p2a: Koraidon|48/100|[from] Recoil\n|move|p1a: Ho-Oh|Sacred Fire|p2b: Ho-Oh\n|-activate|p2b: Ho-Oh|move: Protect\n|move|p1b: Tyranitar|Rock Slide|p2a: Koraidon|[spread] p2a\n|-activate|p2b: Ho-Oh|move: Protect\n|-resisted|p2a: Koraidon\n|-damage|p2a: Koraidon|34/100\n|\n|-weather|SunnyDay|[upkeep]\n|-heal|p2a: Koraidon|40/100|[from] Grassy Terrain\n|-heal|p1a: Ho-Oh|22/100|[from] Grassy Terrain\n|-heal|p1b: Tyranitar|56/100|[from] Grassy Terrain\n|upkeep\n|turn|5\n|inactive|Johto Fresh has 30 seconds left.\n|inactive|Johto Fresh has 20 seconds left.\n|c|\u2606tempocalypse|sorry for my internet\n|\n|t:|1746082545\n|move|p1a: Ho-Oh|Protect|p1a: Ho-Oh\n|-singleturn|p1a: Ho-Oh|Protect\n|move|p2a: Koraidon|Flame Charge|p1a: Ho-Oh\n|-activate|p1a: Ho-Oh|move: Protect\n|move|p2b: Ho-Oh|Sacred Fire|p1b: Tyranitar\n|-resisted|p1b: Tyranitar\n|-damage|p1b: Tyranitar|25/100\n|move|p1b: Tyranitar|Rock Slide|p2b: Ho-Oh|[spread] p2a,p2b\n|-resisted|p2a: Koraidon\n|-damage|p2a: Koraidon|25/100\n|-damage|p2b: Ho-Oh|76/100\n|\n|-weather|SunnyDay|[upkeep]\n|-heal|p2a: Koraidon|32/100|[from] Grassy Terrain\n|-heal|p1a: Ho-Oh|28/100|[from] Grassy Terrain\n|-heal|p2b: Ho-Oh|82/100|[from] Grassy Terrain\n|-heal|p1b: Tyranitar|31/100|[from] Grassy Terrain\n|-fieldend|move: Grassy Terrain\n|upkeep\n|turn|6\n|c|\u2606Johto Fresh|all good\n|inactive|Johto Fresh has 30 seconds left.\n|inactive|Johto Fresh has 20 seconds left.\n|inactive|Johto Fresh has 15 seconds left.\n|\n|t:|1746082588\n|switch|p1b: Entei|Entei, L50|100/100\n|move|p2a: Koraidon|Flame Charge|p1a: Ho-Oh\n|-damage|p1a: Ho-Oh|0 fnt\n|-boost|p2a: Koraidon|spe|1\n|faint|p1a: Ho-Oh\n|move|p2b: Ho-Oh|Sacred Fire|p1b: Entei\n|-resisted|p1b: Entei\n|-damage|p1b: Entei|64/100\n|\n|-weather|SunnyDay|[upkeep]\n|upkeep\n|\n|t:|1746082599\n|switch|p1a: Tyranitar|Tyranitar, L50, M, shiny|31/100\n|-weather|Sandstorm|[from] ability: Sand Stream|[of] p1a: Tyranitar\n|turn|7\n|inactive|tempocalypse has 30 seconds left.\n|\n|t:|1746082629\n|move|p2a: Koraidon|Protect|p2a: Koraidon\n|-singleturn|p2a: Koraidon|Protect\n|move|p1b: Entei|Extreme Speed|p2a: Koraidon\n|-activate|p2a: Koraidon|move: Protect\n|move|p2b: Ho-Oh|Sacred Fire|p1a: Tyranitar\n|-resisted|p1a: Tyranitar\n|-damage|p1a: Tyranitar|12/100\n|-status|p1a: Tyranitar|brn\n|move|p1a: Tyranitar|Rock Slide|p2b: Ho-Oh|[spread] p2b\n|-activate|p2a: Koraidon|move: Protect\n|-damage|p2b: Ho-Oh|68/100\n|\n|-weather|Sandstorm|[upkeep]\n|-damage|p2a: Koraidon|25/100|[from] Sandstorm\n|-damage|p2b: Ho-Oh|62/100|[from] Sandstorm\n|-damage|p1b: Entei|58/100|[from] Sandstorm\n|-damage|p1a: Tyranitar|6/100 brn|[from] brn\n|upkeep\n|turn|8\n|inactive|tempocalypse has 30 seconds left.\n|inactive|Johto Fresh has 30 seconds left.\n|inactive|tempocalypse has 20 seconds left.\n|inactive|tempocalypse has 15 seconds left.\n|\n|t:|1746082674\n|move|p1b: Entei|Extreme Speed|p2a: Koraidon\n|-damage|p2a: Koraidon|0 fnt\n|faint|p2a: Koraidon\n|-damage|p1b: Entei|48/100|[from] item: Life Orb\n|move|p2b: Ho-Oh|Brave Bird|p1b: Entei\n|-damage|p1b: Entei|0 fnt\n|faint|p1b: Entei\n|-damage|p2b: Ho-Oh|45/100|[from] Recoil\n|move|p1a: Tyranitar|Knock Off|p2b: Ho-Oh\n|-damage|p2b: Ho-Oh|20/100\n|-enditem|p2b: Ho-Oh|Clear Amulet|[from] move: Knock Off|[of] p1a: Tyranitar\n|\n|-weather|Sandstorm|[upkeep]\n|-damage|p2b: Ho-Oh|14/100|[from] Sandstorm\n|-damage|p1a: Tyranitar|0 fnt|[from] brn\n|faint|p1a: Tyranitar\n|upkeep\n|\n|t:|1746082693\n|switch|p2a: Walking Wake|Walking Wake, L50|49/100\n|switch|p1b: Raikou|Raikou, L50|49/100\n|turn|9\n|\n|t:|1746082710\n|move|p1b: Raikou|Discharge|p2a: Walking Wake|[spread] p2a,p2b\n|-resisted|p2b: Ho-Oh\n|-damage|p2a: Walking Wake|16/100\n|-damage|p2b: Ho-Oh|4/100\n|move|p2a: Walking Wake|Snarl|p1b: Raikou\n|-damage|p1b: Raikou|22/100\n|-unboost|p1b: Raikou|spa|1\n|move|p2b: Ho-Oh|Recover|p2b: Ho-Oh\n|-heal|p2b: Ho-Oh|54/100\n|\n|-weather|Sandstorm|[upkeep]\n|-damage|p1b: Raikou|16/100|[from] Sandstorm\n|-damage|p2a: Walking Wake|10/100|[from] Sandstorm\n|-damage|p2b: Ho-Oh|48/100|[from] Sandstorm\n|upkeep\n|turn|10\n|\n|t:|1746082726\n|move|p1b: Raikou|Discharge|p2a: Walking Wake|[spread] p2a,p2b\n|-resisted|p2b: Ho-Oh\n|-damage|p2a: Walking Wake|0 fnt\n|-damage|p2b: Ho-Oh|42/100\n|faint|p2a: Walking Wake\n|-end|p2a: Walking Wake|Protosynthesis|[silent]\n|move|p2b: Ho-Oh|Brave Bird|p1b: Raikou\n|-resisted|p1b: Raikou\n|-damage|p1b: Raikou|0 fnt\n|faint|p1b: Raikou\n|-damage|p2b: Ho-Oh|37/100|[from] Recoil\n|\n|win|tempocalypse\n||tempocalypse is ready for game 2.\n||Johto Fresh is ready for game 2.\n|uhtml|next|Next: <a href=\"/battle-gen9vgc2025regibo3-2354501213\"><strong>Game 2 of 3</strong></a>\n|l|\u2606tempocalypse\n|player|p2|\n", "uploadtime": 1746083025, "views": 23, "formatid": "gen9vgc2025regibo3", "rating": null, "private": 0, "password": null}