{"id": "gen9vgc2025regibo3-2354500917", "format": "[Gen 9] VGC 2025 Reg I (Bo3)", "players": ["Ishtype", "joniboyee"], "log": "|j|\u2606Ishtype\n|j|\u2606joniboyee\n|html|<table width=\"100%\"><tr><td align=\"left\">Ishtype</td><td align=\"right\">joniboyee</tr><tr><td align=\"left\"><i class=\"fa fa-circle-o\"></i> <i class=\"fa fa-circle-o\"></i> </td><td align=\"right\"><i class=\"fa fa-circle-o\"></i> <i class=\"fa fa-circle-o\"></i> </tr></table>\n|uhtml|bestof|<h2><strong>Game 1</strong> of <a href=\"/game-bestof3-gen9vgc2025regibo3-2354500916\">a best-of-3</a></h2>\n|t:|1746082679\n|gametype|doubles\n|player|p1|Ishtype|cynthia-gen4|1075\n|player|p2|joniboyee|102|1023\n|teamsize|p1|6\n|teamsize|p2|6\n|gen|9\n|tier|[Gen 9] VGC 2025 Reg I (Bo3)\n|rated|\n|rule|Species Clause: Limit one of each Pok\u00e9mon\n|rule|Item Clause: Limit 1 of each item\n|clearpoke\n|poke|p1|Incineroar, L50, M|\n|poke|p1|Rillaboom, L50, M|\n|poke|p1|Kyogre, L50|\n|poke|p1|Tornadus, L50, M|\n|poke|p1|Ogerpon-Wellspring, L50, F|\n|poke|p1|Calyrex-Ice, L50|\n|poke|p2|Delphox, L50, M|\n|poke|p2|Meowstic, L50, M|\n|poke|p2|Lunala, L50|\n|poke|p2|Amoonguss, L50, F|\n|poke|p2|Koraidon, L50|\n|poke|p2|Brute Bonnet, L50|\n|teampreview|4\n|showteam|p1|Incineroar||Leftovers|Intimidate|KnockOff,FakeOut,Taunt,FlareBlitz|||M|||50|,,,,,Ghost]Rillaboom||AssaultVest|GrassySurge|WoodHammer,FakeOut,Uturn,HighHorsepower|||M|||50|,,,,,Fire]Kyogre||GrassySeed|Drizzle|Protect,WaterSpout,HydroPump,Thunder||||||50|,,,,,Grass]Tornadus||CovertCloak|Prankster|Tailwind,BleakwindStorm,RainDance,Protect|||M|||50|,,,,,Dark]Ogerpon-Wellspring||WellspringMask|WaterAbsorb|FollowMe,IvyCudgel,HornLeech,SpikyShield|||F|||50|,,,,,Water]Calyrex-Ice||ClearAmulet|AsOneGlastrier|TrickRoom,GlacialLance,CloseCombat,Protect||||||50|,,,,,Fire\n|showteam|p2|Delphox||PsychicSeed|Magician|ExpandingForce,WillOWisp,Protect,MysticalFire|||M|||50|,,,,,Grass]Meowstic||ChoiceScarf|Prankster|FakeOut,PsychicTerrain,Trick,DarkPulse|||M|||50|,,,,,Normal]Lunala||PowerHerb|ShadowShield|ExpandingForce,MeteorBeam,MoongeistBeam,Protect||||||50|,,,,,Dark]Amoonguss||EjectButton|Regenerator|Spore,ClearSmog,RagePowder,SludgeBomb|||F|||50|,,,,,Steel]Koraidon||ClearAmulet|OrichalcumPulse|CollisionCourse,FlareBlitz,CloseCombat,Protect||||||50|,,,,,Fire]Brute Bonnet||SitrusBerry|Protosynthesis|Spore,RagePowder,ClearSmog,Trailblaze||||||50|,,,,,Water\n|inactive|Battle timer is ON: inactive players will automatically lose when time's up. (requested by Ishtype)\n|inactive|joniboyee has 60 seconds left.\n|inactive|Ishtype has 60 seconds left.\n|inactive|joniboyee has 30 seconds left.\n|inactive|joniboyee has 20 seconds left.\n|inactive|joniboyee has 15 seconds left.\n|inactive|joniboyee has 10 seconds left.\n|inactive|joniboyee has 5 seconds left.\n|\n|t:|1746082769\n|start\n|switch|p1a: Ogerpon|Ogerpon-Wellspring, L50, F|100/100\n|switch|p1b: Kyogre|Kyogre, L50|100/100\n|switch|p2a: Brute Bonnet|Brute Bonnet, L50|100/100\n|switch|p2b: Lunala|Lunala, L50|100/100\n|-weather|RainDance|[from] ability: Drizzle|[of] p1b: Kyogre\n|turn|1\n|inactive|joniboyee has 30 seconds left.\n|inactive|joniboyee has 20 seconds left.\n|inactive|joniboyee has 15 seconds left.\n|inactive|joniboyee has 10 seconds left.\n|\n|t:|1746082818\n|move|p2b: Lunala|Protect|p2b: Lunala\n|-singleturn|p2b: Lunala|Protect\n|move|p1a: Ogerpon|Follow Me|p1a: Ogerpon\n|-singleturn|p1a: Ogerpon|move: Follow Me\n|move|p1b: Kyogre|Water Spout|p2b: Lunala|[spread] p2a\n|-activate|p2b: Lunala|move: Protect\n|-resisted|p2a: Brute Bonnet\n|-damage|p2a: Brute Bonnet|60/100\n|move|p2a: Brute Bonnet|Trailblaze|p1a: Ogerpon\n|-damage|p1a: Ogerpon|82/100\n|-boost|p2a: Brute Bonnet|spe|1\n|\n|-weather|RainDance|[upkeep]\n|upkeep\n|turn|2\n|inactive|joniboyee has 30 seconds left.\n|inactive|joniboyee has 20 seconds left.\n|inactive|joniboyee has 15 seconds left.\n|\n|t:|1746082860\n|switch|p2b: Koraidon|Koraidon, L50|100/100\n|-weather|SunnyDay|[from] ability: Orichalcum Pulse|[of] p2b: Koraidon\n|-activate|p2a: Brute Bonnet|ability: Protosynthesis\n|-start|p2a: Brute Bonnet|protosynthesisspe\n|-activate|p2b: Koraidon|Orichalcum Pulse|[source]\n|move|p1a: Ogerpon|Follow Me|p1a: Ogerpon\n|-singleturn|p1a: Ogerpon|move: Follow Me\n|move|p2a: Brute Bonnet|Trailblaze|p1a: Ogerpon\n|-damage|p1a: Ogerpon|63/100\n|-boost|p2a: Brute Bonnet|spe|1\n|move|p1b: Kyogre|Water Spout|p2a: Brute Bonnet|[spread] p2a,p2b\n|-resisted|p2a: Brute Bonnet\n|-resisted|p2b: Koraidon\n|-damage|p2a: Brute Bonnet|48/100\n|-damage|p2b: Koraidon|84/100\n|-enditem|p2a: Brute Bonnet|Sitrus Berry|[eat]\n|-heal|p2a: Brute Bonnet|73/100|[from] item: Sitrus Berry\n|\n|-weather|SunnyDay|[upkeep]\n|upkeep\n|turn|3\n|inactive|Ishtype has 30 seconds left.\n|inactive|joniboyee has 30 seconds left.\n|inactive|joniboyee has 20 seconds left.\n|inactive|joniboyee has 15 seconds left.\n|inactive|joniboyee has 10 seconds left.\n|inactive|joniboyee has 5 seconds left.\n|\n|t:|1746082911\n|switch|p1b: Rillaboom|Rillaboom, L50, M|100/100\n|-fieldstart|move: Grassy Terrain|[from] ability: Grassy Surge|[of] p1b: Rillaboom\n|switch|p1a: Incineroar|Incineroar, L50, M|100/100\n|-ability|p1a: Incineroar|Intimidate|boost\n|-unboost|p2a: Brute Bonnet|atk|1\n|-fail|p2b: Koraidon|unboost|[from] item: Clear Amulet|[of] p2b: Koraidon\n|move|p2a: Brute Bonnet|Spore|p1b: Rillaboom\n|-immune|p1b: Rillaboom\n|move|p2b: Koraidon|Collision Course|p1a: Incineroar\n|-supereffective|p1a: Incineroar\n|-damage|p1a: Incineroar|0 fnt\n|faint|p1a: Incineroar\n|\n|-weather|SunnyDay|[upkeep]\n|-heal|p2a: Brute Bonnet|78/100|[from] Grassy Terrain\n|-heal|p2b: Koraidon|90/100|[from] Grassy Terrain\n|upkeep\n|\n|t:|1746082932\n|switch|p1a: Kyogre|Kyogre, L50|100/100\n|-weather|RainDance|[from] ability: Drizzle|[of] p1a: Kyogre\n|-end|p2a: Brute Bonnet|Protosynthesis\n|-enditem|p1a: Kyogre|Grassy Seed\n|-boost|p1a: Kyogre|def|1|[from] item: Grassy Seed\n|turn|4\n|inactive|Ishtype has 30 seconds left.\n|inactive|joniboyee has 30 seconds left.\n|inactive|joniboyee has 20 seconds left.\n|inactive|joniboyee has 15 seconds left.\n|inactive|joniboyee has 10 seconds left.\n|inactive|joniboyee has 5 seconds left.\n|\n|t:|1746082984\n|move|p1b: Rillaboom|Fake Out|p2a: Brute Bonnet\n|-damage|p2a: Brute Bonnet|68/100\n|cant|p2a: Brute Bonnet|flinch\n|move|p2b: Koraidon|Collision Course|p1b: Rillaboom\n|-damage|p1b: Rillaboom|50/100\n|move|p1a: Kyogre|Water Spout|p2b: Koraidon|[spread] p2a,p2b\n|-resisted|p2a: Brute Bonnet\n|-resisted|p2b: Koraidon\n|-damage|p2a: Brute Bonnet|31/100\n|-damage|p2b: Koraidon|40/100\n|\n|-weather|RainDance|[upkeep]\n|-heal|p2a: Brute Bonnet|37/100|[from] Grassy Terrain\n|-heal|p2b: Koraidon|46/100|[from] Grassy Terrain\n|-heal|p1b: Rillaboom|56/100|[from] Grassy Terrain\n|upkeep\n|turn|5\n|inactive|Ishtype has 30 seconds left.\n|inactive|joniboyee has 30 seconds left.\n|\n|t:|1746083017\n|move|p2a: Brute Bonnet|Clear Smog|p1a: Kyogre\n|-damage|p1a: Kyogre|95/100\n|-clearboost|p1a: Kyogre\n|move|p2b: Koraidon|Close Combat|p1a: Kyogre\n|-damage|p1a: Kyogre|32/100\n|-unboost|p2b: Koraidon|def|1\n|-unboost|p2b: Koraidon|spd|1\n|move|p1a: Kyogre|Hydro Pump|p2b: Koraidon\n|-resisted|p2b: Koraidon\n|-damage|p2b: Koraidon|0 fnt\n|faint|p2b: Koraidon\n|move|p1b: Rillaboom|U-turn|p2a: Brute Bonnet\n|-supereffective|p2a: Brute Bonnet\n|-crit|p2a: Brute Bonnet\n|-damage|p2a: Brute Bonnet|0 fnt\n|faint|p2a: Brute Bonnet\n|-end|p2a: Brute Bonnet|Protosynthesis|[silent]\n|\n|t:|1746083034\n|switch|p1b: Ogerpon|Ogerpon-Wellspring, L50, F|63/100|[from] U-turn\n|\n|-weather|RainDance|[upkeep]\n|-heal|p1a: Kyogre|38/100|[from] Grassy Terrain\n|-heal|p1b: Ogerpon|69/100|[from] Grassy Terrain\n|upkeep\n|\n|t:|1746083043\n|switch|p2b: Lunala|Lunala, L50|100/100\n|switch|p2a: Delphox|Delphox, L50, M|100/100\n|turn|6\n|inactive|Ishtype has 30 seconds left.\n|inactive|joniboyee has 30 seconds left.\n|inactive|Ishtype has 20 seconds left.\n|inactive|joniboyee has 20 seconds left.\n|inactive|joniboyee has 15 seconds left.\n|inactive|joniboyee has 10 seconds left.\n|\n|t:|1746083090\n|-terastallize|p1b: Ogerpon|Water\n|detailschange|p1b: Ogerpon|Ogerpon-Wellspring-Tera, L50, F, tera:Water\n|-ability|p1b: Ogerpon|Embody Aspect (Wellspring)|boost\n|-boost|p1b: Ogerpon|spd|1\n|move|p2a: Delphox|Protect|p2a: Delphox\n|-singleturn|p2a: Delphox|Protect\n|move|p1a: Kyogre|Protect|p1a: Kyogre\n|-singleturn|p1a: Kyogre|Protect\n|move|p2b: Lunala|Meteor Beam||[still]\n|-prepare|p2b: Lunala|Meteor Beam\n|-boost|p2b: Lunala|spa|1\n|-enditem|p2b: Lunala|Power Herb\n|-anim|p2b: Lunala|Meteor Beam|p1b: Ogerpon\n|-damage|p1b: Ogerpon|28/100\n|move|p1b: Ogerpon|Ivy Cudgel|p2a: Delphox|[anim] Ivy Cudgel Water\n|-activate|p2a: Delphox|move: Protect\n|\n|-weather|RainDance|[upkeep]\n|-heal|p1a: Kyogre|44/100|[from] Grassy Terrain\n|-heal|p1b: Ogerpon|34/100|[from] Grassy Terrain\n|upkeep\n|turn|7\n|inactive|Ishtype has 30 seconds left.\n|inactive|joniboyee has 30 seconds left.\n|inactive|joniboyee has 20 seconds left.\n|inactive|joniboyee has 15 seconds left.\n|inactive|joniboyee has 10 seconds left.\n|\n|t:|1746083136\n|-terastallize|p2a: Delphox|Grass\n|move|p2a: Delphox|Mystical Fire|p1a: Kyogre\n|-resisted|p1a: Kyogre\n|-damage|p1a: Kyogre|38/100\n|-unboost|p1a: Kyogre|spa|1\n|move|p2b: Lunala|Moongeist Beam|p1b: Ogerpon\n|-damage|p1b: Ogerpon|0 fnt\n|faint|p1b: Ogerpon\n|move|p1a: Kyogre|Thunder|p2b: Lunala\n|-damage|p2b: Lunala|90/100\n|-status|p2b: Lunala|par\n|\n|-weather|RainDance|[upkeep]\n|-heal|p1a: Kyogre|44/100|[from] Grassy Terrain\n|-heal|p2b: Lunala|96/100 par|[from] Grassy Terrain\n|-fieldend|move: Grassy Terrain\n|upkeep\n|\n|t:|1746083154\n|switch|p1b: Rillaboom|Rillaboom, L50, M|56/100\n|-fieldstart|move: Grassy Terrain|[from] ability: Grassy Surge|[of] p1b: Rillaboom\n|turn|8\n|\n|t:|1746083175\n|move|p2a: Delphox|Protect|p2a: Delphox\n|-singleturn|p2a: Delphox|Protect\n|cant|p2b: Lunala|par\n|move|p1a: Kyogre|Thunder|p2a: Delphox\n|-activate|p2a: Delphox|move: Protect\n|move|p1b: Rillaboom|Wood Hammer|p2b: Lunala\n|-damage|p2b: Lunala|32/100 par\n|-damage|p1b: Rillaboom|30/100|[from] Recoil\n|\n|-weather|none\n|-heal|p1a: Kyogre|50/100|[from] Grassy Terrain\n|-heal|p1b: Rillaboom|36/100|[from] Grassy Terrain\n|-heal|p2b: Lunala|38/100 par|[from] Grassy Terrain\n|upkeep\n|turn|9\n|inactive|joniboyee has 30 seconds left.\n|inactive|Ishtype has 30 seconds left.\n|\n|t:|1746083210\n|move|p2a: Delphox|Mystical Fire|p1b: Rillaboom\n|-supereffective|p1b: Rillaboom\n|-damage|p1b: Rillaboom|0 fnt\n|faint|p1b: Rillaboom\n|move|p1a: Kyogre|Hydro Pump|p2b: Lunala\n|-damage|p2b: Lunala|7/100 par\n|move|p2b: Lunala|Moongeist Beam|p1a: Kyogre\n|-damage|p1a: Kyogre|0 fnt\n|faint|p1a: Kyogre\n|\n|win|joniboyee\n|inactive|Ishtype has 30 seconds to confirm battle start!\n|inactive|joniboyee has 30 seconds to confirm battle start!\n||joniboyee is ready for game 2.\n||Ishtype is ready for game 2.\n|uhtml|next|Next: <a href=\"/battle-gen9vgc2025regibo3-2354503549\"><strong>Game 2 of 3</strong></a>\n", "uploadtime": 1746083583, "views": 23, "formatid": "gen9vgc2025regibo3", "rating": null, "private": 0, "password": null}