{"id": "gen9vgc2025regibo3-2354554936", "format": "[Gen 9] VGC 2025 Reg I (Bo3)", "players": ["boonanar", "nbapokemon"], "log": "|j|\u2606boonanar\n|j|\u2606nbapokemon\n|html|<table width=\"100%\"><tr><td align=\"left\">boonanar</td><td align=\"right\">nbapokemon</tr><tr><td align=\"left\"><i class=\"fa fa-circle-o\"></i> <i class=\"fa fa-circle-o\"></i> </td><td align=\"right\"><i class=\"fa fa-circle-o\"></i> <i class=\"fa fa-circle-o\"></i> </tr></table>\n|uhtml|bestof|<h2><strong>Game 1</strong> of <a href=\"/game-bestof3-gen9vgc2025regibo3-2354554935\">a best-of-3</a></h2>\n|t:|1746093525\n|gametype|doubles\n|player|p1|boonanar|veteranf|1107\n|player|p2|nbapokemon|169|1053\n|teamsize|p1|6\n|teamsize|p2|6\n|gen|9\n|tier|[Gen 9] VGC 2025 Reg I (Bo3)\n|rated|\n|rule|Species Clause: Limit one of each Pok\u00e9mon\n|rule|Item Clause: Limit 1 of each item\n|clearpoke\n|poke|p1|Calyrex-Shadow, L50|\n|poke|p1|Indeedee-F, L50, F|\n|poke|p1|Zamazenta-*, L50|\n|poke|p1|Incineroar, L50, M|\n|poke|p1|Urshifu-*, L50, F|\n|poke|p1|Ogerpon-Hearthflame, L50, F|\n|poke|p2|Calyrex-Shadow, L50|\n|poke|p2|Koraidon, L50|\n|poke|p2|Incineroar, L50, M|\n|poke|p2|Tornadus, L50, M|\n|poke|p2|Flutter Mane, L50|\n|poke|p2|Snorlax, L50, M|\n|teampreview|4\n|showteam|p1|Calyrex-Shadow||ChoiceSpecs|AsOneSpectrier|AstralBarrage,ExpandingForce,PollenPuff,ShadowBall||||||50|,,,,,Dark]Indeedee-F||RockyHelmet|PsychicSurge|FollowMe,TrickRoom,Psychic,HelpingHand|||F|||50|,,,,,Fairy]Zamazenta-Crowned||RustedShield|DauntlessShield|behemothbash,BodyPress,Protect,WideGuard||||||50|,,,,,Dragon]Incineroar||SafetyGoggles|Intimidate|WillOWisp,PartingShot,KnockOff,FakeOut|||M|||50|,,,,,Ghost]Urshifu-Rapid-Strike||FocusSash|UnseenFist|Protect,CloseCombat,AquaJet,SurgingStrikes|||F|||50|,,,,,Water]Ogerpon-Hearthflame||HearthflameMask|MoldBreaker|WoodHammer,FollowMe,SpikyShield,IvyCudgel|||F|||50|,,,,,Fire\n|showteam|p2|Calyrex-Shadow||FocusSash|AsOneSpectrier|Protect,AstralBarrage,GigaDrain,NastyPlot||||||50|,,,,,Grass]Koraidon||ClearAmulet|OrichalcumPulse|CollisionCourse,Protect,FlareBlitz,DrainPunch||||||50|,,,,,Fighting]Incineroar||SafetyGoggles|Intimidate|FakeOut,KnockOff,PartingShot,Snarl|||M|||50|,,,,,Fire]Tornadus||CovertCloak|Prankster|Tailwind,BleakwindStorm,SunnyDay,Taunt|||M|||50|,,,,,Ground]Flutter Mane||ChoiceSpecs|Protosynthesis|DazzlingGleam,Moonblast,ShadowBall,MysticalFire||||||50|,,,,,Fairy]Snorlax||Leftovers|ThickFat|HelpingHand,Encore,Curse,BodyPress|||M|||50|,,,,,Ghost\n|inactive|Battle timer is ON: inactive players will automatically lose when time's up. (requested by boonanar)\n|inactive|boonanar has 60 seconds left.\n|\n|t:|1746093558\n|start\n|switch|p1a: Zamazenta|Zamazenta-Crowned, L50|100/100\n|switch|p1b: Urshifu|Urshifu-Rapid-Strike, L50, F|100/100\n|switch|p2a: Snorlax|Snorlax, L50, M|100/100\n|switch|p2b: Calyrex|Calyrex-Shadow, L50|100/100\n|-ability|p2b: Calyrex|As One\n|-ability|p2b: Calyrex|Unnerve\n|-ability|p1a: Zamazenta|Dauntless Shield|boost\n|-boost|p1a: Zamazenta|def|1\n|turn|1\n|inactive|nbapokemon has 30 seconds left.\n|inactive|nbapokemon has 20 seconds left.\n|inactive|boonanar has 30 seconds left.\n|inactive|nbapokemon has 15 seconds left.\n|inactive|nbapokemon has 10 seconds left.\n|\n|t:|1746093605\n|move|p1a: Zamazenta|Wide Guard|p1a: Zamazenta\n|-singleturn|p1a: Zamazenta|Wide Guard\n|move|p1b: Urshifu|Aqua Jet|p2b: Calyrex\n|-damage|p2b: Calyrex|71/100\n|move|p2b: Calyrex|Astral Barrage|p1a: Zamazenta|[spread] \n|-activate|p1a: Zamazenta|move: Wide Guard\n|-activate|p1b: Urshifu|move: Wide Guard\n|move|p2a: Snorlax|Encore|p1a: Zamazenta\n|-start|p1a: Zamazenta|Encore\n|\n|upkeep\n|turn|2\n|\n|t:|1746093622\n|-terastallize|p2b: Calyrex|Grass\n|move|p1a: Zamazenta|Wide Guard|p1a: Zamazenta\n|-singleturn|p1a: Zamazenta|Wide Guard\n|move|p2b: Calyrex|Giga Drain|p1b: Urshifu\n|-supereffective|p1b: Urshifu\n|-enditem|p1b: Urshifu|Focus Sash\n|-damage|p1b: Urshifu|1/100\n|-heal|p2b: Calyrex|100/100|[from] drain|[of] p1b: Urshifu\n|move|p1b: Urshifu|Surging Strikes|p2b: Calyrex\n|-resisted|p2b: Calyrex\n|-crit|p2b: Calyrex\n|-damage|p2b: Calyrex|87/100\n|-resisted|p2b: Calyrex\n|-crit|p2b: Calyrex\n|-damage|p2b: Calyrex|73/100\n|-resisted|p2b: Calyrex\n|-crit|p2b: Calyrex\n|-damage|p2b: Calyrex|59/100\n|-hitcount|p2b: Calyrex|3\n|move|p2a: Snorlax|Curse|p2a: Snorlax\n|-unboost|p2a: Snorlax|spe|1\n|-boost|p2a: Snorlax|atk|1\n|-boost|p2a: Snorlax|def|1\n|\n|upkeep\n|turn|3\n|\n|t:|1746093646\n|switch|p1a: Indeedee|Indeedee-F, L50, F|100/100\n|-fieldstart|move: Psychic Terrain|[from] ability: Psychic Surge|[of] p1a: Indeedee\n|move|p1b: Urshifu|Protect|p1b: Urshifu\n|-singleturn|p1b: Urshifu|Protect\n|move|p2b: Calyrex|Nasty Plot|p2b: Calyrex\n|-boost|p2b: Calyrex|spa|2\n|move|p2a: Snorlax|Body Press|p1b: Urshifu\n|-activate|p1b: Urshifu|move: Protect\n|\n|upkeep\n|turn|4\n|\n|t:|1746093670\n|move|p2b: Calyrex|Giga Drain|p1a: Indeedee\n|-damage|p1a: Indeedee|15/100\n|-heal|p2b: Calyrex|100/100|[from] drain|[of] p1a: Indeedee\n|move|p1b: Urshifu|Close Combat|p2a: Snorlax\n|-supereffective|p2a: Snorlax\n|-damage|p2a: Snorlax|13/100\n|-unboost|p1b: Urshifu|def|1\n|-unboost|p1b: Urshifu|spd|1\n|move|p2a: Snorlax|Body Press|p1b: Urshifu\n|-damage|p1b: Urshifu|0 fnt\n|faint|p1b: Urshifu\n|move|p1a: Indeedee|Trick Room|p1a: Indeedee\n|-fieldstart|move: Trick Room|[of] p1a: Indeedee\n|\n|-heal|p2a: Snorlax|19/100|[from] item: Leftovers\n|upkeep\n|\n|t:|1746093677\n|switch|p1b: Calyrex|Calyrex-Shadow, L50|100/100\n|-ability|p1b: Calyrex|As One\n|-ability|p1b: Calyrex|Unnerve\n|turn|5\n|inactive|nbapokemon has 30 seconds left.\n|\n|t:|1746093708\n|-terastallize|p1b: Calyrex|Dark\n|move|p1a: Indeedee|Follow Me|p1a: Indeedee\n|-singleturn|p1a: Indeedee|move: Follow Me\n|move|p2a: Snorlax|Encore|p1a: Indeedee\n|-start|p1a: Indeedee|Encore\n|move|p1b: Calyrex|Expanding Force|p2a: Snorlax|[spread] p2a,p2b\n|-crit|p2b: Calyrex\n|-damage|p2a: Snorlax|0 fnt\n|-enditem|p2b: Calyrex|Focus Sash\n|-damage|p2b: Calyrex|1/100\n|faint|p2a: Snorlax\n|-ability|p1b: Calyrex|Grim Neigh|boost\n|-boost|p1b: Calyrex|spa|1\n|move|p2b: Calyrex|Giga Drain|p1a: Indeedee\n|-damage|p1a: Indeedee|0 fnt\n|-heal|p2b: Calyrex|8/100|[from] drain|[of] p1a: Indeedee\n|faint|p1a: Indeedee\n|-ability|p2b: Calyrex|Grim Neigh|boost\n|-boost|p2b: Calyrex|spa|1\n|\n|upkeep\n|\n|t:|1746093729\n|switch|p2a: Incineroar|Incineroar, L50, M|100/100\n|switch|p1a: Zamazenta|Zamazenta-Crowned, L50|100/100\n|-ability|p2a: Incineroar|Intimidate|boost\n|-unboost|p1a: Zamazenta|atk|1\n|-unboost|p1b: Calyrex|atk|1\n|turn|6\n|\n|t:|1746093744\n|move|p2b: Calyrex|Protect|p2b: Calyrex\n|-singleturn|p2b: Calyrex|Protect\n|move|p2a: Incineroar|Snarl|p1b: Calyrex|[spread] p1a,p1b\n|-resisted|p1a: Zamazenta\n|-resisted|p1b: Calyrex\n|-damage|p1a: Zamazenta|96/100\n|-damage|p1b: Calyrex|95/100\n|-unboost|p1a: Zamazenta|spa|1\n|-unboost|p1b: Calyrex|spa|1\n|move|p1a: Zamazenta|Body Press|p2a: Incineroar\n|-supereffective|p2a: Incineroar\n|-damage|p2a: Incineroar|4/100\n|move|p1b: Calyrex|Expanding Force|p2b: Calyrex|[spread] \n|-activate|p2b: Calyrex|move: Protect\n|-immune|p2a: Incineroar\n|\n|upkeep\n|turn|7\n|inactive|nbapokemon has 30 seconds left.\n|inactive|nbapokemon has 20 seconds left.\n|\n|t:|1746093782\n|move|p2b: Calyrex|Protect||[still]\n|-fail|p2b: Calyrex\n|move|p2a: Incineroar|Snarl|p1a: Zamazenta|[spread] p1a,p1b\n|-resisted|p1a: Zamazenta\n|-resisted|p1b: Calyrex\n|-damage|p1a: Zamazenta|92/100\n|-damage|p1b: Calyrex|90/100\n|-unboost|p1a: Zamazenta|spa|1\n|-unboost|p1b: Calyrex|spa|1\n|move|p1a: Zamazenta|Body Press|p2a: Incineroar\n|-supereffective|p2a: Incineroar\n|-damage|p2a: Incineroar|0 fnt\n|faint|p2a: Incineroar\n|move|p1b: Calyrex|Expanding Force|p2b: Calyrex\n|-damage|p2b: Calyrex|0 fnt\n|faint|p2b: Calyrex\n|-ability|p1b: Calyrex|Grim Neigh|boost\n|-boost|p1b: Calyrex|spa|1\n|\n|-fieldend|move: Psychic Terrain\n|upkeep\n|\n|t:|1746093793\n|switch|p2b: Koraidon|Koraidon, L50|100/100\n|-weather|SunnyDay|[from] ability: Orichalcum Pulse|[of] p2b: Koraidon\n|-activate|p2b: Koraidon|Orichalcum Pulse|[source]\n|turn|8\n|\n|t:|1746093810\n|move|p2b: Koraidon|Protect|p2b: Koraidon\n|-singleturn|p2b: Koraidon|Protect\n|move|p1a: Zamazenta|Body Press|p2b: Koraidon\n|-activate|p2b: Koraidon|move: Protect\n|move|p1b: Calyrex|Expanding Force|p2b: Koraidon\n|-activate|p2b: Koraidon|move: Protect\n|\n|-weather|SunnyDay|[upkeep]\n|-fieldend|move: Trick Room\n|upkeep\n|turn|9\n|\n|t:|1746093823\n|move|p1b: Calyrex|Expanding Force|p2b: Koraidon\n|-supereffective|p2b: Koraidon\n|-damage|p2b: Koraidon|0 fnt\n|faint|p2b: Koraidon\n|\n|win|boonanar\n||boonanar is ready for game 2.\n||nbapokemon is ready for game 2.\n|uhtml|next|Next: <a href=\"/battle-gen9vgc2025regibo3-2354556509\"><strong>Game 2 of 3</strong></a>\n", "uploadtime": 1746094162, "views": 19, "formatid": "gen9vgc2025regibo3", "rating": null, "private": 0, "password": null}