{"id": "gen9vgc2025regibo3-2354425134", "format": "[Gen 9] VGC 2025 Reg I (Bo3)", "players": ["Jakobtc", "FrogJay"], "log": "|j|\u2606Jakobtc\n|j|\u2606FrogJay\n|html|<table width=\"100%\"><tr><td align=\"left\">Jakobtc</td><td align=\"right\">FrogJay</tr><tr><td align=\"left\"><i class=\"fa fa-circle\"></i> <i class=\"fa fa-circle-o\"></i> </td><td align=\"right\"><i class=\"fa fa-circle-o\"></i> <i class=\"fa fa-circle\"></i> </tr></table>\n|uhtml|bestof|<h2><strong>Game 3</strong> of <a href=\"/game-bestof3-gen9vgc2025regibo3-2354420900\">a best-of-3</a></h2>\n|t:|1746069891\n|gametype|doubles\n|player|p1|Jakobtc|riley|\n|player|p2|FrogJay|n|\n|teamsize|p1|6\n|teamsize|p2|6\n|gen|9\n|tier|[Gen 9] VGC 2025 Reg I (Bo3)\n|rule|Species Clause: Limit one of each Pok\u00e9mon\n|rule|Item Clause: Limit 1 of each item\n|clearpoke\n|poke|p1|Calyrex-Shadow, L50|\n|poke|p1|Zacian-*, L50|\n|poke|p1|Incineroar, L50, F|\n|poke|p1|Rillaboom, L50, M|\n|poke|p1|Urshifu-*, L50, M|\n|poke|p1|Tornadus, L50, M|\n|poke|p2|Urshifu-*, L50, M|\n|poke|p2|Chien-Pao, L50|\n|poke|p2|Tornadus, L50, M|\n|poke|p2|Calyrex-Shadow, L50|\n|poke|p2|Zamazenta-*, L50|\n|poke|p2|Rillaboom, L50, F|\n|teampreview|4\n|showteam|p1|Calyrex-Shadow||FocusSash|AsOneSpectrier|AstralBarrage,Psychic,Taunt,Protect||||||50|,,,,,Stellar]Zacian-Crowned||RustedSword|IntrepidSword|behemothblade,PlayRough,SacredSword,Protect||||||50|,,,,,Water]Incineroar||SafetyGoggles|Intimidate|FakeOut,KnockOff,HelpingHand,PartingShot|||F|||50|,,,,,Bug]Rillaboom||AssaultVest|GrassySurge|FakeOut,GrassyGlide,WoodHammer,Uturn|||M|||50|,,,,,Fire]Urshifu-Rapid-Strike||ChoiceScarf|UnseenFist|SurgingStrikes,CloseCombat,AquaJet,Uturn|||M|||50|,,,,,Water]Tornadus||CovertCloak|Prankster|BleakwindStorm,Tailwind,RainDance,Protect|||M|||50|,,,,,Dark\n|showteam|p2|Urshifu-Rapid-Strike||ChoiceScarf|UnseenFist|SurgingStrikes,CloseCombat,Uturn,Coaching|||M|||50|,,,,,Ghost]Chien-Pao||FocusSash|SwordofRuin|IceSpinner,SuckerPunch,IceShard,Protect||||||50|,,,,,Stellar]Tornadus||RockyHelmet|Prankster|BleakwindStorm,Tailwind,RainDance,Protect|||M|||50|,,,,,Dark]Calyrex-Shadow||LifeOrb|AsOneSpectrier|AstralBarrage,Psychic,NastyPlot,Protect||||||50|,,,,,Water]Zamazenta-Crowned||RustedShield|DauntlessShield|BodyPress,behemothbash,WideGuard,Protect||||||50|,,,,,Grass]Rillaboom||AssaultVest|GrassySurge|WoodHammer,GrassyGlide,FakeOut,Uturn|||F|||50|,,,,,Grass\n|\n|t:|1746069916\n|start\n|switch|p1a: Calyrex|Calyrex-Shadow, L50|100/100\n|switch|p1b: Incineroar|Incineroar, L50, F|100/100\n|switch|p2a: Calyrex|Calyrex-Shadow, L50|100/100\n|switch|p2b: Rillaboom|Rillaboom, L50, F|100/100\n|-ability|p1a: Calyrex|As One\n|-ability|p1a: Calyrex|Unnerve\n|-ability|p2a: Calyrex|As One\n|-ability|p2a: Calyrex|Unnerve\n|-fieldstart|move: Grassy Terrain|[from] ability: Grassy Surge|[of] p2b: Rillaboom\n|-ability|p1b: Incineroar|Intimidate|boost\n|-unboost|p2a: Calyrex|atk|1\n|-unboost|p2b: Rillaboom|atk|1\n|turn|1\n|\n|t:|1746069935\n|-terastallize|p2a: Calyrex|Water\n|move|p1b: Incineroar|Helping Hand|p1a: Calyrex\n|-singleturn|p1a: Calyrex|Helping Hand|[of] p1b: Incineroar\n|move|p2b: Rillaboom|Grassy Glide|p1a: Calyrex\n|-damage|p1a: Calyrex|71/100\n|move|p2a: Calyrex|Astral Barrage|p1a: Calyrex|[spread] p1a,p1b\n|-supereffective|p1a: Calyrex\n|-resisted|p1b: Incineroar\n|-damage|p1a: Calyrex|0 fnt\n|-damage|p1b: Incineroar|70/100\n|faint|p1a: Calyrex\n|-ability|p2a: Calyrex|Grim Neigh|boost\n|-boost|p2a: Calyrex|spa|1\n|-damage|p2a: Calyrex|91/100|[from] item: Life Orb\n|\n|-heal|p2a: Calyrex|97/100|[from] Grassy Terrain\n|-heal|p1b: Incineroar|76/100|[from] Grassy Terrain\n|upkeep\n|\n|t:|1746069981\n|switch|p1a: Urshifu|Urshifu-Rapid-Strike, L50, M|100/100\n|turn|2\n|\n|t:|1746069989\n|move|p1b: Incineroar|Helping Hand|p1a: Urshifu\n|-singleturn|p1a: Urshifu|Helping Hand|[of] p1b: Incineroar\n|move|p1a: Urshifu|Close Combat|p2a: Calyrex\n|-damage|p2a: Calyrex|0 fnt\n|-unboost|p1a: Urshifu|def|1\n|-unboost|p1a: Urshifu|spd|1\n|faint|p2a: Calyrex\n|move|p2b: Rillaboom|Wood Hammer|p1b: Incineroar\n|-resisted|p1b: Incineroar\n|-damage|p1b: Incineroar|59/100\n|-damage|p2b: Rillaboom|95/100|[from] Recoil\n|\n|-heal|p2b: Rillaboom|100/100|[from] Grassy Terrain\n|-heal|p1b: Incineroar|65/100|[from] Grassy Terrain\n|upkeep\n|\n|t:|1746070006\n|switch|p2a: Tornadus|Tornadus, L50, M|100/100\n|turn|3\n|\n|t:|1746070020\n|switch|p1a: Tornadus|Tornadus, L50, M|100/100\n|move|p2a: Tornadus|Bleakwind Storm|p1a: Tornadus|[spread] p1a,p1b\n|-damage|p1a: Tornadus|60/100\n|-damage|p1b: Incineroar|36/100\n|move|p2b: Rillaboom|Wood Hammer|p1a: Tornadus\n|-resisted|p1a: Tornadus\n|-damage|p1a: Tornadus|28/100\n|-damage|p2b: Rillaboom|92/100|[from] Recoil\n|move|p1b: Incineroar|Parting Shot|p2b: Rillaboom\n|-unboost|p2b: Rillaboom|atk|1\n|-unboost|p2b: Rillaboom|spa|1\n|\n|t:|1746070031\n|switch|p1b: Urshifu|Urshifu-Rapid-Strike, L50, M|100/100|[from] Parting Shot\n|\n|-heal|p2b: Rillaboom|98/100|[from] Grassy Terrain\n|upkeep\n|turn|4\n|\n|t:|1746070056\n|switch|p1a: Incineroar|Incineroar, L50, F|36/100\n|-ability|p1a: Incineroar|Intimidate|boost\n|-unboost|p2a: Tornadus|atk|1\n|-unboost|p2b: Rillaboom|atk|1\n|move|p2a: Tornadus|Tailwind|p2a: Tornadus\n|-sidestart|p2: FrogJay|move: Tailwind\n|move|p2b: Rillaboom|U-turn|p1b: Urshifu\n|-resisted|p1b: Urshifu\n|-damage|p1b: Urshifu|96/100\n|\n|t:|1746070064\n|switch|p2b: Urshifu|Urshifu-Rapid-Strike, L50, M|100/100|[from] U-turn\n|move|p1b: Urshifu|U-turn|p2b: Urshifu\n|-resisted|p2b: Urshifu\n|-damage|p2b: Urshifu|86/100\n|\n|t:|1746070069\n|switch|p1b: Tornadus|Tornadus, L50, M|28/100|[from] U-turn\n|\n|-heal|p2b: Urshifu|92/100|[from] Grassy Terrain\n|-heal|p1a: Incineroar|42/100|[from] Grassy Terrain\n|upkeep\n|turn|5\n|\n|t:|1746070096\n|switch|p2b: Rillaboom|Rillaboom, L50, F|98/100\n|move|p1b: Tornadus|Tailwind|p1b: Tornadus\n|-sidestart|p1: Jakobtc|move: Tailwind\n|move|p2a: Tornadus|Bleakwind Storm|p1a: Incineroar|[spread] p1a,p1b\n|-damage|p1a: Incineroar|8/100\n|-damage|p1b: Tornadus|0 fnt\n|faint|p1b: Tornadus\n|move|p1a: Incineroar|Parting Shot|p2a: Tornadus\n|-unboost|p2a: Tornadus|atk|1\n|-unboost|p2a: Tornadus|spa|1\n|\n|t:|1746070106\n|switch|p1a: Urshifu|Urshifu-Rapid-Strike, L50, M|96/100|[from] Parting Shot\n|\n|-heal|p1a: Urshifu|100/100|[from] Grassy Terrain\n|-heal|p2b: Rillaboom|100/100|[from] Grassy Terrain\n|-fieldend|move: Grassy Terrain\n|upkeep\n|\n|t:|1746070111\n|switch|p1b: Incineroar|Incineroar, L50, F|8/100\n|-ability|p1b: Incineroar|Intimidate|boost\n|-unboost|p2a: Tornadus|atk|1\n|-unboost|p2b: Rillaboom|atk|1\n|turn|6\n|\n|t:|1746070165\n|-terastallize|p1a: Urshifu|Water\n|move|p2b: Rillaboom|Fake Out|p1b: Incineroar\n|-damage|p1b: Incineroar|1/100\n|cant|p1b: Incineroar|flinch\n|move|p1a: Urshifu|Surging Strikes|p2a: Tornadus\n|-crit|p2a: Tornadus\n|-damage|p2a: Tornadus|67/100\n|-damage|p1a: Urshifu|84/100|[from] item: Rocky Helmet|[of] p2a: Tornadus\n|-crit|p2a: Tornadus\n|-damage|p2a: Tornadus|36/100\n|-damage|p1a: Urshifu|67/100|[from] item: Rocky Helmet|[of] p2a: Tornadus\n|-crit|p2a: Tornadus\n|-damage|p2a: Tornadus|0 fnt\n|-damage|p1a: Urshifu|51/100|[from] item: Rocky Helmet|[of] p2a: Tornadus\n|faint|p2a: Tornadus\n|-hitcount|p2: Tornadus|3\n|\n|upkeep\n|\n|t:|1746070183\n|switch|p2a: Urshifu|Urshifu-Rapid-Strike, L50, M|92/100\n|turn|7\n|\n|t:|1746070197\n|move|p1b: Incineroar|Helping Hand|p1a: Urshifu\n|-singleturn|p1a: Urshifu|Helping Hand|[of] p1b: Incineroar\n|move|p2a: Urshifu|Close Combat|p1a: Urshifu\n|-damage|p1a: Urshifu|0 fnt\n|-unboost|p2a: Urshifu|def|1\n|-unboost|p2a: Urshifu|spd|1\n|faint|p1a: Urshifu\n|move|p2b: Rillaboom|Wood Hammer|p1b: Incineroar\n|-resisted|p1b: Incineroar\n|-damage|p1b: Incineroar|0 fnt\n|faint|p1b: Incineroar\n|-damage|p2b: Rillaboom|99/100|[from] Recoil\n|\n|win|FrogJay\n", "uploadtime": 1746070214, "views": 13, "formatid": "gen9vgc2025regibo3", "rating": null, "private": 0, "password": null}