{"id": "gen9vgc2025regibo3-2354029305", "format": "[Gen 9] VGC 2025 Reg I (Bo3)", "players": ["ChoerryVGC", "200dollarteam"], "log": "|j|\u2606ChoerryVGC\n|j|\u2606200dollarteam\n|html|<table width=\"100%\"><tr><td align=\"left\">ChoerryVGC</td><td align=\"right\">200dollarteam</tr><tr><td align=\"left\"><i class=\"fa fa-circle\"></i> <i class=\"fa fa-circle-o\"></i> </td><td align=\"right\"><i class=\"fa fa-circle-o\"></i> <i class=\"fa fa-circle\"></i> </tr></table>\n|uhtml|bestof|<h2><strong>Game 3</strong> of <a href=\"/game-bestof3-gen9vgc2025regibo3-2354022865\">a best-of-3</a></h2>\n|t:|1746028825\n|gametype|doubles\n|player|p1|ChoerryVGC|lacey|1286\n|player|p2|200dollarteam|shauntal|1383\n|teamsize|p1|6\n|teamsize|p2|6\n|gen|9\n|tier|[Gen 9] VGC 2025 Reg I (Bo3)\n|rated|\n|rule|Species Clause: Limit one of each Pok\u00e9mon\n|rule|Item Clause: Limit 1 of each item\n|clearpoke\n|poke|p1|Koraidon, L50|\n|poke|p1|Chi-Yu, L50|\n|poke|p1|Calyrex-Shadow, L50|\n|poke|p1|Weezing-Galar, L50, M|\n|poke|p1|Dondozo, L50, F|\n|poke|p1|Tatsugiri-Droopy, L50, M|\n|poke|p2|Zamazenta-*, L50|\n|poke|p2|Miraidon, L50|\n|poke|p2|Farigiraf, L50, M|\n|poke|p2|Iron Bundle, L50|\n|poke|p2|Incineroar, L50, M|\n|poke|p2|Ursaluna, L50, M|\n|teampreview|4\n|showteam|p1|Koraidon||AbilityShield|OrichalcumPulse|CollisionCourse,FlareBlitz,FlameCharge,Protect||||||50|,,,,,Fire]Chi-Yu||ChoiceScarf|BeadsofRuin|Overheat,HeatWave,DarkPulse,Snarl||||||50|,,,,,Ghost]Calyrex-Shadow||FocusSash|AsOneSpectrier|AstralBarrage,Disable,Encore,Protect||||||50|,,,,,Ghost]Weezing-Galar||RockyHelmet|NeutralizingGas|DazzlingGleam,ToxicSpikes,PoisonGas,Protect|||M|||50|,,,,,Water]Dondozo||Leftovers|Unaware|OrderUp,BodyPress,Earthquake,Protect|||F|||50|,,,,,Grass]Tatsugiri-Droopy||SafetyGoggles|Commander|MuddyWater,DracoMeteor,Taunt,Protect|||M|||50|,,,,,Fairy\n|showteam|p2|Zamazenta-Crowned||RustedShield|DauntlessShield|BodyPress,HeavySlam,WideGuard,Protect||||||50|,,,,,Dragon]Miraidon||ChoiceSpecs|HadronEngine|ElectroDrift,DracoMeteor,VoltSwitch,DazzlingGleam||||||50|,,,,,Fairy]Farigiraf||ElectricSeed|ArmorTail|Psychic,FoulPlay,HelpingHand,TrickRoom|||M|||50|,,,,,Water]Iron Bundle||FocusSash|QuarkDrive|IcyWind,FreezeDry,Encore,Protect||||||50|,,,,,Ghost]Incineroar||AssaultVest|Intimidate|KnockOff,FlareBlitz,Uturn,FakeOut|||M|||50|,,,,,Bug]Ursaluna||FlameOrb|Guts|Facade,HeadlongRush,Substitute,Protect|||M|||50|,,,,,Poison\n|inactive|Battle timer is ON: inactive players will automatically lose when time's up. (requested by 200dollarteam)\n|inactive|ChoerryVGC also wants the timer to be on.\n|inactive|200dollarteam has 60 seconds left.\n|\n|t:|1746028876\n|start\n|switch|p1a: Calyrex|Calyrex-Shadow, L50|100/100\n|switch|p1b: Weezing|Weezing-Galar, L50, M|100/100\n|switch|p2a: Zamazenta|Zamazenta-Crowned, L50|100/100\n|switch|p2b: Miraidon|Miraidon, L50|100/100\n|-ability|p1b: Weezing|Neutralizing Gas\n|-ability|p1a: Calyrex|As One\n|-ability|p1a: Calyrex|Unnerve\n|turn|1\n|\n|t:|1746028897\n|move|p1a: Calyrex|Astral Barrage|p2a: Zamazenta|[spread] p2a,p2b\n|-damage|p2a: Zamazenta|63/100\n|-damage|p2b: Miraidon|52/100\n|move|p2b: Miraidon|Volt Switch|p1b: Weezing\n|-damage|p1b: Weezing|37/100\n|\n|t:|1746028905\n|switch|p2b: Incineroar|Incineroar, L50, M|100/100|[from] Volt Switch\n|move|p2a: Zamazenta|Heavy Slam|p1b: Weezing\n|-supereffective|p1b: Weezing\n|-damage|p1b: Weezing|0 fnt\n|-damage|p2a: Zamazenta|46/100|[from] item: Rocky Helmet|[of] p1b: Weezing\n|faint|p1b: Weezing\n|-end|p1b: Weezing|ability: Neutralizing Gas\n|-ability|p2a: Zamazenta|Dauntless Shield|boost\n|-boost|p2a: Zamazenta|def|1\n|-ability|p2b: Incineroar|Intimidate|boost\n|-unboost|p1a: Calyrex|atk|1\n|\n|upkeep\n|\n|t:|1746028915\n|switch|p1b: Koraidon|Koraidon, L50|100/100\n|-weather|SunnyDay|[from] ability: Orichalcum Pulse|[of] p1b: Koraidon\n|-activate|p1b: Koraidon|Orichalcum Pulse|[source]\n|turn|2\n|\n|t:|1746028931\n|move|p2a: Zamazenta|Wide Guard|p2a: Zamazenta\n|-singleturn|p2a: Zamazenta|Wide Guard\n|move|p1a: Calyrex|Encore|p2a: Zamazenta\n|-start|p2a: Zamazenta|Encore\n|move|p1b: Koraidon|Collision Course|p2b: Incineroar\n|-supereffective|p2b: Incineroar\n|-damage|p2b: Incineroar|0 fnt\n|faint|p2b: Incineroar\n|\n|-weather|SunnyDay|[upkeep]\n|upkeep\n|\n|t:|1746028938\n|switch|p2b: Iron Bundle|Iron Bundle, L50|100/100\n|turn|3\n|inactive|ChoerryVGC has 30 seconds left.\n|\n|t:|1746028974\n|switch|p1a: Chi-Yu|Chi-Yu, L50|100/100\n|-ability|p1a: Chi-Yu|Beads of Ruin\n|-terastallize|p1b: Koraidon|Fire\n|move|p2a: Zamazenta|Wide Guard|p2a: Zamazenta\n|-singleturn|p2a: Zamazenta|Wide Guard\n|move|p2b: Iron Bundle|Icy Wind|p1a: Chi-Yu|[spread] p1a,p1b\n|-resisted|p1a: Chi-Yu\n|-resisted|p1b: Koraidon\n|-damage|p1a: Chi-Yu|87/100\n|-damage|p1b: Koraidon|86/100\n|-unboost|p1a: Chi-Yu|spe|1\n|-unboost|p1b: Koraidon|spe|1\n|move|p1b: Koraidon|Flame Charge|p2a: Zamazenta\n|-supereffective|p2a: Zamazenta\n|-damage|p2a: Zamazenta|2/100\n|-boost|p1b: Koraidon|spe|1\n|\n|-weather|SunnyDay|[upkeep]\n|upkeep\n|turn|4\n|inactive|ChoerryVGC has 30 seconds left.\n|inactive|200dollarteam has 30 seconds left.\n|inactive|ChoerryVGC has 20 seconds left.\n|inactive|200dollarteam has 20 seconds left.\n|inactive|200dollarteam has 15 seconds left.\n|\n|t:|1746029015\n|move|p2a: Zamazenta|Wide Guard|p2a: Zamazenta\n|-singleturn|p2a: Zamazenta|Wide Guard\n|move|p2b: Iron Bundle|Icy Wind|p1a: Chi-Yu|[spread] p1a,p1b\n|-resisted|p1a: Chi-Yu\n|-resisted|p1b: Koraidon\n|-damage|p1a: Chi-Yu|76/100\n|-damage|p1b: Koraidon|74/100\n|-unboost|p1a: Chi-Yu|spe|1\n|-unboost|p1b: Koraidon|spe|1\n|move|p1b: Koraidon|Flame Charge|p2b: Iron Bundle\n|-damage|p2b: Iron Bundle|22/100\n|-boost|p1b: Koraidon|spe|1\n|move|p1a: Chi-Yu|Dark Pulse|p2b: Iron Bundle\n|-damage|p2b: Iron Bundle|0 fnt\n|faint|p2b: Iron Bundle\n|-end|p2b: Iron Bundle|Quark Drive|[silent]\n|\n|-weather|SunnyDay|[upkeep]\n|upkeep\n|\n|t:|1746029027\n|switch|p2b: Miraidon|Miraidon, L50|52/100\n|-fieldstart|move: Electric Terrain|[from] ability: Hadron Engine|[of] p2b: Miraidon\n|turn|5\n|\n|t:|1746029042\n|switch|p1a: Calyrex|Calyrex-Shadow, L50|100/100\n|-ability|p1a: Calyrex|As One\n|-ability|p1a: Calyrex|Unnerve\n|-terastallize|p2b: Miraidon|Fairy\n|move|p2a: Zamazenta|Wide Guard|p2a: Zamazenta\n|-singleturn|p2a: Zamazenta|Wide Guard\n|move|p2b: Miraidon|Dazzling Gleam|p1b: Koraidon|[spread] p1a,p1b\n|-resisted|p1b: Koraidon\n|-damage|p1a: Calyrex|31/100\n|-damage|p1b: Koraidon|39/100\n|move|p1b: Koraidon|Flame Charge|p2a: Zamazenta\n|-supereffective|p2a: Zamazenta\n|-damage|p2a: Zamazenta|0 fnt\n|-boost|p1b: Koraidon|spe|1\n|faint|p2a: Zamazenta\n|\n|-weather|SunnyDay|[upkeep]\n|upkeep\n|turn|6\n|-message|200dollarteam forfeited.\n|\n|win|ChoerryVGC\n|raw|ChoerryVGC's rating: 1286 &rarr; <strong>1318</strong><br />(+32 for winning)\n|raw|200dollarteam's rating: 1383 &rarr; <strong>1358</strong><br />(-25 for losing)\n|l|\u2606200dollarteam\n|player|p2|\n|j|\u2606200dollarteam\n|player|p2|200dollarteam|shauntal|\n", "uploadtime": 1746029069, "views": 21, "formatid": "gen9vgc2025regibo3", "rating": 1318, "private": 0, "password": null}