{"id": "gen9vgc2025regibo3-2353748961", "format": "[Gen 9] VGC 2025 Reg I (Bo3)", "players": ["ngangey", "dxrodd"], "log": "|j|\u2606ngangey\n|j|\u2606dxrodd\n|html|<table width=\"100%\"><tr><td align=\"left\">ngangey</td><td align=\"right\">dxrodd</tr><tr><td align=\"left\"><i class=\"fa fa-circle-o\"></i> <i class=\"fa fa-circle-o\"></i> </td><td align=\"right\"><i class=\"fa fa-circle-o\"></i> <i class=\"fa fa-circle-o\"></i> </tr></table>\n|uhtml|bestof|<h2><strong>Game 1</strong> of <a href=\"/game-bestof3-gen9vgc2025regibo3-2353748960\">a best-of-3</a></h2>\n|t:|1745993368\n|gametype|doubles\n|player|p1|ngangey|youngster-gen4dp|1030\n|player|p2|dxrodd|101|1032\n|teamsize|p1|6\n|teamsize|p2|6\n|gen|9\n|tier|[Gen 9] VGC 2025 Reg I (Bo3)\n|rated|\n|rule|Species Clause: Limit one of each Pok\u00e9mon\n|rule|Item Clause: Limit 1 of each item\n|clearpoke\n|poke|p1|Serperior, L50, F|\n|poke|p1|Grimmsnarl, L50, M|\n|poke|p1|Maushold-Four, L50|\n|poke|p1|Sableye, L50, M|\n|poke|p1|Ninetales-Alola, L50, F|\n|poke|p1|Lugia, L50|\n|poke|p2|Dialga-Origin, L50|\n|poke|p2|Calyrex-Ice, L50|\n|poke|p2|Brute Bonnet, L50|\n|poke|p2|Indeedee-F, L50, F|\n|poke|p2|Tornadus, L50, M|\n|poke|p2|Urshifu-*, L50, M|\n|teampreview|4\n|showteam|p1|Serperior||CovertCloak|Contrary|GastroAcid,LeafStorm,TeraBlast,Protect|||F|||50|,,,,,Water]Grimmsnarl||LightClay|Prankster|FakeOut,Reflect,LightScreen,SuckerPunch|||M|||50|,,,,,Dark]Maushold-Four||WideLens|Technician|PopulationBomb,FollowMe,HelpingHand,Protect||||||50|,,,,,Normal]Sableye||RingTarget|Prankster|Trick,Quash,FakeOut,SuckerPunch|||M|||50|,,,,,Dark]Ninetales-Alola||IcyRock|SnowWarning|Snowscape,AuroraVeil,Blizzard,DazzlingGleam|||F|||50|,,,,,Fairy]Lugia||Leftovers|Multiscale|Tailwind,Protect,Blizzard,Aeroblast||||||50|,,,,,Ice\n|showteam|p2|Dialga-Origin||AdamantCrystal|Pressure|SteelBeam,DragonPulse,Protect,TeraBlast||||||50|,,,,,Ghost]Calyrex-Ice||ClearAmulet|AsOneGlastrier|GlacialLance,CloseCombat,HighHorsepower,Protect||||||50|,,,,,Grass]Brute Bonnet||RoomService|Protosynthesis|Spore,RagePowder,SuckerPunch,SeedBomb||||||50|,,,,,Water]Indeedee-F||PsychicSeed|PsychicSurge|HelpingHand,TrickRoom,FollowMe,Psychic|||F|||50|,,,,,Psychic]Tornadus||CovertCloak|Prankster|Tailwind,BleakwindStorm,GrassKnot,Protect|||M|||50|,,,,,Grass]Urshifu-Rapid-Strike||ChoiceScarf|UnseenFist|AquaJet,CloseCombat,SurgingStrikes,Uturn|||M|||50|,,,,,Fighting\n|inactive|Battle timer is ON: inactive players will automatically lose when time's up. (requested by ngangey)\n|inactive|dxrodd has 60 seconds left.\n|\n|t:|1745993423\n|start\n|switch|p1a: Ninetales|Ninetales-Alola, L50, F|100/100\n|switch|p1b: Lugia|Lugia, L50|100/100\n|switch|p2a: Dialga|Dialga-Origin, L50|100/100\n|switch|p2b: Indeedee|Indeedee-F, L50, F|100/100\n|-weather|Snowscape|[from] ability: Snow Warning|[of] p1a: Ninetales\n|-ability|p2a: Dialga|Pressure\n|-fieldstart|move: Psychic Terrain|[from] ability: Psychic Surge|[of] p2b: Indeedee\n|-enditem|p2b: Indeedee|Psychic Seed\n|-boost|p2b: Indeedee|spd|1|[from] item: Psychic Seed\n|turn|1\n|inactive|ngangey has 30 seconds left.\n|inactive|dxrodd has 30 seconds left.\n|inactive|ngangey has 20 seconds left.\n|\n|t:|1745993459\n|move|p1a: Ninetales|Aurora Veil|p1a: Ninetales\n|-sidestart|p1: ngangey|move: Aurora Veil\n|move|p1b: Lugia|Blizzard|p2b: Indeedee|[spread] p2a,p2b\n|-damage|p2a: Dialga|86/100\n|-damage|p2b: Indeedee|86/100\n|move|p2a: Dialga|Steel Beam|p1a: Ninetales\n|-supereffective|p1a: Ninetales\n|-damage|p1a: Ninetales|0 fnt\n|-damage|p2a: Dialga|36/100|[from] steelbeam\n|faint|p1a: Ninetales\n|move|p2b: Indeedee|Psychic|p1b: Lugia\n|-resisted|p1b: Lugia\n|-damage|p1b: Lugia|97/100\n|\n|-weather|Snowscape|[upkeep]\n|-heal|p1b: Lugia|100/100|[from] item: Leftovers\n|upkeep\n|inactive|ngangey has 30 seconds left.\n|\n|t:|1745993490\n|switch|p1a: Serperior|Serperior, L50, F|100/100\n|turn|2\n|inactive|dxrodd has 30 seconds left.\n|inactive|dxrodd has 20 seconds left.\n|inactive|dxrodd has 15 seconds left.\n|\n|t:|1745993532\n|move|p1a: Serperior|Leaf Storm|p2b: Indeedee\n|-damage|p2b: Indeedee|66/100\n|-boost|p1a: Serperior|spa|2\n|move|p1b: Lugia|Blizzard|p2a: Dialga|[spread] p2a,p2b\n|-damage|p2a: Dialga|21/100\n|-damage|p2b: Indeedee|51/100\n|move|p2a: Dialga|Dragon Pulse|p1a: Serperior\n|-damage|p1a: Serperior|60/100\n|move|p2b: Indeedee|Psychic|p1a: Serperior\n|-damage|p1a: Serperior|35/100\n|\n|-weather|Snowscape|[upkeep]\n|upkeep\n|turn|3\n|\n|t:|1745993552\n|move|p1a: Serperior|Protect|p1a: Serperior\n|-singleturn|p1a: Serperior|Protect\n|move|p1b: Lugia|Blizzard|p2b: Indeedee|[spread] p2a,p2b\n|-damage|p2a: Dialga|6/100\n|-damage|p2b: Indeedee|37/100\n|move|p2a: Dialga|Dragon Pulse|p1a: Serperior\n|-activate|p1a: Serperior|move: Protect\n|move|p2b: Indeedee|Trick Room|p2b: Indeedee\n|-fieldstart|move: Trick Room|[of] p2b: Indeedee\n|\n|-weather|Snowscape|[upkeep]\n|upkeep\n|turn|4\n|inactive|ngangey has 30 seconds left.\n|\n|t:|1745993579\n|switch|p1a: Maushold|Maushold-Four, L50|100/100\n|move|p2b: Indeedee|Psychic|p1b: Lugia\n|-resisted|p1b: Lugia\n|-damage|p1b: Lugia|96/100\n|move|p2a: Dialga|Dragon Pulse|p1a: Maushold\n|-damage|p1a: Maushold|47/100\n|move|p1b: Lugia|Blizzard|p2b: Indeedee|[spread] p2a,p2b\n|-damage|p2a: Dialga|0 fnt\n|-damage|p2b: Indeedee|23/100\n|faint|p2a: Dialga\n|\n|-weather|Snowscape|[upkeep]\n|-heal|p1b: Lugia|100/100|[from] item: Leftovers\n|upkeep\n|\n|t:|1745993590\n|switch|p2a: Calyrex|Calyrex-Ice, L50|100/100\n|-ability|p2a: Calyrex|As One\n|-ability|p2a: Calyrex|Unnerve\n|turn|5\n|\n|t:|1745993602\n|move|p1b: Lugia|Protect|p1b: Lugia\n|-singleturn|p1b: Lugia|Protect\n|move|p1a: Maushold|Protect|p1a: Maushold\n|-singleturn|p1a: Maushold|Protect\n|move|p2a: Calyrex|Glacial Lance|p1a: Maushold|[spread] \n|-activate|p1a: Maushold|move: Protect\n|-activate|p1b: Lugia|move: Protect\n|move|p2b: Indeedee|Psychic|p1b: Lugia\n|-activate|p1b: Lugia|move: Protect\n|\n|-weather|Snowscape|[upkeep]\n|-sideend|p1: ngangey|move: Aurora Veil\n|-fieldend|move: Psychic Terrain\n|upkeep\n|turn|6\n|\n|t:|1745993627\n|-terastallize|p1b: Lugia|Ice\n|move|p1a: Maushold|Follow Me|p1a: Maushold\n|-singleturn|p1a: Maushold|move: Follow Me\n|move|p2a: Calyrex|Glacial Lance|p1b: Lugia|[spread] p1a,p1b\n|-resisted|p1b: Lugia\n|-damage|p1a: Maushold|0 fnt\n|-damage|p1b: Lugia|94/100\n|faint|p1a: Maushold\n|-ability|p2a: Calyrex|Chilling Neigh|boost\n|-boost|p2a: Calyrex|atk|1\n|move|p2b: Indeedee|Psychic|p1b: Lugia\n|-damage|p1b: Lugia|77/100\n|move|p1b: Lugia|Tailwind|p1b: Lugia\n|-sidestart|p1: ngangey|move: Tailwind\n|\n|-weather|Snowscape|[upkeep]\n|-heal|p1b: Lugia|83/100|[from] item: Leftovers\n|upkeep\n|\n|t:|1745993647\n|switch|p1a: Serperior|Serperior, L50, F|35/100\n|turn|7\n|inactive|dxrodd has 30 seconds left.\n|inactive|dxrodd has 20 seconds left.\n|\n|t:|1745993682\n|move|p1b: Lugia|Protect|p1b: Lugia\n|-singleturn|p1b: Lugia|Protect\n|move|p1a: Serperior|Protect|p1a: Serperior\n|-singleturn|p1a: Serperior|Protect\n|move|p2a: Calyrex|Glacial Lance|p1a: Serperior|[spread] \n|-activate|p1a: Serperior|move: Protect\n|-activate|p1b: Lugia|move: Protect\n|move|p2b: Indeedee|Psychic|p1b: Lugia\n|-activate|p1b: Lugia|move: Protect\n|\n|-weather|Snowscape|[upkeep]\n|-heal|p1b: Lugia|89/100|[from] item: Leftovers\n|-fieldend|move: Trick Room\n|upkeep\n|turn|8\n|inactive|ngangey has 30 seconds left.\n|\n|t:|1745993714\n|move|p2b: Indeedee|Helping Hand|p2a: Calyrex\n|-singleturn|p2a: Calyrex|Helping Hand|[of] p2b: Indeedee\n|move|p1a: Serperior|Leaf Storm|p2b: Indeedee\n|-damage|p2b: Indeedee|0 fnt\n|-boost|p1a: Serperior|spa|2\n|faint|p2b: Indeedee\n|move|p1b: Lugia|Aeroblast|p2a: Calyrex\n|-damage|p2a: Calyrex|74/100\n|move|p2a: Calyrex|Glacial Lance|p1a: Serperior|[spread] p1a,p1b\n|-supereffective|p1a: Serperior\n|-resisted|p1b: Lugia\n|-damage|p1a: Serperior|0 fnt\n|-damage|p1b: Lugia|62/100\n|faint|p1a: Serperior\n|-ability|p2a: Calyrex|Chilling Neigh|boost\n|-boost|p2a: Calyrex|atk|1\n|\n|-weather|none\n|-heal|p1b: Lugia|68/100|[from] item: Leftovers\n|upkeep\n|\n|t:|1745993733\n|switch|p2b: Brute Bonnet|Brute Bonnet, L50|100/100\n|turn|9\n|\n|t:|1745993747\n|-terastallize|p2b: Brute Bonnet|Water\n|move|p1b: Lugia|Protect|p1b: Lugia\n|-singleturn|p1b: Lugia|Protect\n|move|p2b: Brute Bonnet|Spore|p1b: Lugia\n|-activate|p1b: Lugia|move: Protect\n|move|p2a: Calyrex|Close Combat|p1b: Lugia\n|-activate|p1b: Lugia|move: Protect\n|\n|-heal|p1b: Lugia|74/100|[from] item: Leftovers\n|-sideend|p1: ngangey|move: Tailwind\n|upkeep\n|turn|10\n|\n|t:|1745993764\n|move|p1b: Lugia|Aeroblast|p2a: Calyrex\n|-crit|p2a: Calyrex\n|-damage|p2a: Calyrex|37/100\n|move|p2b: Brute Bonnet|Spore|p1b: Lugia\n|-status|p1b: Lugia|slp|[from] move: Spore\n|move|p2a: Calyrex|Close Combat|p1b: Lugia\n|-supereffective|p1b: Lugia\n|-damage|p1b: Lugia|0 fnt\n|-unboost|p2a: Calyrex|def|1\n|-unboost|p2a: Calyrex|spd|1\n|faint|p1b: Lugia\n|\n|win|dxrodd\n|l|\u2606ngangey\n|player|p1|\n||ngangey is ready for game 2.\n|inactive|dxrodd has 30 seconds to confirm battle start!\n||dxrodd is ready for game 2.\n|uhtml|next|Next: <a href=\"/battle-gen9vgc2025regibo3-2353751198\"><strong>Game 2 of 3</strong></a>\n|l|\u2606dxrodd\n|player|p2|\n", "uploadtime": 1745994088, "views": 6, "formatid": "gen9vgc2025regibo3", "rating": null, "private": 0, "password": null}