{"id": "gen9vgc2025regibo3-2354367881", "format": "[Gen 9] VGC 2025 Reg I (Bo3)", "players": ["Wilfredistall", "roykeenkennedy"], "log": "|j|\u2606Wilfredistall\n|j|\u2606roykeenkennedy\n|html|<table width=\"100%\"><tr><td align=\"left\">Wilfredistall</td><td align=\"right\">roykeenkennedy</tr><tr><td align=\"left\"><i class=\"fa fa-circle-o\"></i> <i class=\"fa fa-circle-o\"></i> </td><td align=\"right\"><i class=\"fa fa-circle-o\"></i> <i class=\"fa fa-circle-o\"></i> </tr></table>\n|uhtml|bestof|<h2><strong>Game 1</strong> of <a href=\"/game-bestof3-gen9vgc2025regibo3-2354367879\">a best-of-3</a></h2>\n|t:|1746062725\n|gametype|doubles\n|player|p1|Wilfredistall|169|1400\n|player|p2|roykeenkennedy|alder|1481\n|teamsize|p1|6\n|teamsize|p2|6\n|gen|9\n|tier|[Gen 9] VGC 2025 Reg I (Bo3)\n|rated|\n|rule|Species Clause: Limit one of each Pok\u00e9mon\n|rule|Item Clause: Limit 1 of each item\n|clearpoke\n|poke|p1|Calyrex-Shadow, L50|\n|poke|p1|Kyogre, L50|\n|poke|p1|Indeedee-F, L50, F|\n|poke|p1|Urshifu-*, L50, F|\n|poke|p1|Roaring Moon, L50|\n|poke|p1|Landorus, L50, M|\n|poke|p2|Calyrex-Ice, L50|\n|poke|p2|Magmar, L50, M|\n|poke|p2|Annihilape, L50, F|\n|poke|p2|Indeedee-F, L50, F|\n|poke|p2|Ditto, L50|\n|poke|p2|Miraidon, L50|\n|teampreview|4\n|showteam|p1|Calyrex-Shadow||SpellTag|AsOneSpectrier|AstralBarrage,NastyPlot,ExpandingForce,Protect||||||50|,,,,,Dark]Kyogre||AssaultVest|Drizzle|WaterSpout,OriginPulse,HydroPump,IceBeam||||||50|,,,,,Grass]Indeedee-F||RockyHelmet|PsychicSurge|HelpingHand,Psychic,TrickRoom,FollowMe|||F|||50|,,,,,Water]Urshifu-Rapid-Strike||FocusSash|UnseenFist|SurgingStrikes,CloseCombat,Taunt,Protect|||F|||50|,,,,,Water]Roaring Moon||BoosterEnergy|Protosynthesis|KnockOff,Acrobatics,Tailwind,Protect||||||50|,,,,,Flying]Landorus||LifeOrb|SheerForce|EarthPower,SandsearStorm,SludgeBomb,Protect|||M|||50|,,,,,Water\n|showteam|p2|Calyrex-Ice||ClearAmulet|AsOneGlastrier|GlacialLance,TrickRoom,Protect,HighHorsepower||||||50|,,,,,Water]Magmar||Eviolite|FlameBody|WillOWisp,ClearSmog,FollowMe,Overheat|||M|||50|,,,,,Grass]Annihilape||ChoiceScarf|Defiant|Coaching,RageFist,FinalGambit,BrickBreak|||F|||50|,,,,,Water]Indeedee-F||FocusSash|Synchronize|FakeOut,FollowMe,HelpingHand,TrickRoom|||F|||50|,,,,,Fairy]Ditto||RoomService|Imposter|Transform||||||50|,,,,,Ghost]Miraidon||AssaultVest|HadronEngine|VoltSwitch,Snarl,ElectroDrift,DracoMeteor||||||50|,,,,,Electric\n|\n|t:|1746062787\n|start\n|switch|p1a: Urshifu|Urshifu-Rapid-Strike, L50, F|100/100\n|switch|p1b: Calyrex|Calyrex-Shadow, L50|100/100\n|switch|p2a: Calyrex|Calyrex-Ice, L50|100/100\n|switch|p2b: Indeedee|Indeedee-F, L50, F|100/100\n|-ability|p1b: Calyrex|As One\n|-ability|p1b: Calyrex|Unnerve\n|-ability|p2a: Calyrex|As One\n|-ability|p2a: Calyrex|Unnerve\n|turn|1\n|\n|t:|1746062805\n|switch|p1b: Indeedee|Indeedee-F, L50, F|100/100\n|-fieldstart|move: Psychic Terrain|[from] ability: Psychic Surge|[of] p1b: Indeedee\n|-terastallize|p2a: Calyrex|Water\n|move|p2b: Indeedee|Fake Out|p1a: Urshifu\n|-activate|p1a: Urshifu|move: Psychic Terrain\n|move|p1a: Urshifu|Taunt|p2b: Indeedee\n|-start|p2b: Indeedee|move: Taunt\n|move|p2a: Calyrex|Trick Room|p2a: Calyrex\n|-fieldstart|move: Trick Room|[of] p2a: Calyrex\n|\n|upkeep\n|turn|2\n|\n|t:|1746062830\n|switch|p2b: Miraidon|Miraidon, L50|100/100\n|-fieldstart|move: Electric Terrain|[from] ability: Hadron Engine|[of] p2b: Miraidon\n|move|p2a: Calyrex|Glacial Lance|p1b: Indeedee|[spread] p1a,p1b\n|-resisted|p1a: Urshifu\n|-damage|p1a: Urshifu|72/100\n|-damage|p1b: Indeedee|42/100\n|move|p1a: Urshifu|Taunt|p2a: Calyrex\n|-start|p2a: Calyrex|move: Taunt\n|move|p1b: Indeedee|Trick Room|p1b: Indeedee\n|-fieldend|move: Trick Room\n|\n|upkeep\n|turn|3\n|\n|t:|1746062851\n|move|p1b: Indeedee|Follow Me|p1b: Indeedee\n|-singleturn|p1b: Indeedee|move: Follow Me\n|move|p2b: Miraidon|Volt Switch|p1b: Indeedee\n|-damage|p1b: Indeedee|0 fnt\n|faint|p1b: Indeedee\n|\n|t:|1746062858\n|switch|p2b: Indeedee|Indeedee-F, L50, F|100/100|[from] Volt Switch\n|move|p1a: Urshifu|Close Combat|p2b: Indeedee\n|-damage|p2b: Indeedee|11/100\n|-unboost|p1a: Urshifu|def|1\n|-unboost|p1a: Urshifu|spd|1\n|move|p2a: Calyrex|Glacial Lance|p1a: Urshifu\n|-resisted|p1a: Urshifu\n|-damage|p1a: Urshifu|7/100\n|\n|upkeep\n|\n|t:|1746062861\n|switch|p1b: Calyrex|Calyrex-Shadow, L50|100/100\n|-ability|p1b: Calyrex|As One\n|-ability|p1b: Calyrex|Unnerve\n|turn|4\n|\n|t:|1746062878\n|switch|p1a: Kyogre|Kyogre, L50|100/100\n|-weather|RainDance|[from] ability: Drizzle|[of] p1a: Kyogre\n|move|p2b: Indeedee|Helping Hand|p2a: Calyrex\n|-singleturn|p2a: Calyrex|Helping Hand|[of] p2b: Indeedee\n|move|p1b: Calyrex|Astral Barrage|p2a: Calyrex|[spread] p2a\n|-immune|p2b: Indeedee\n|-damage|p2a: Calyrex|64/100\n|move|p2a: Calyrex|Glacial Lance|p1b: Calyrex|[spread] p1a,p1b\n|-resisted|p1a: Kyogre\n|-damage|p1a: Kyogre|63/100\n|-damage|p1b: Calyrex|4/100\n|\n|-weather|RainDance|[upkeep]\n|upkeep\n|turn|5\n|\n|t:|1746062900\n|switch|p2b: Miraidon|Miraidon, L50|100/100\n|-activate|p2b: Miraidon|ability: Hadron Engine\n|move|p1b: Calyrex|Astral Barrage|p2a: Calyrex|[spread] p2a,p2b\n|-damage|p2a: Calyrex|22/100\n|-damage|p2b: Miraidon|65/100\n|move|p1a: Kyogre|Origin Pulse|p2b: Miraidon|[spread] p2b\n|-miss|p1a: Kyogre|p2a: Calyrex\n|-resisted|p2b: Miraidon\n|-damage|p2b: Miraidon|46/100\n|move|p2a: Calyrex|Glacial Lance|p1b: Calyrex|[spread] p1a,p1b\n|-resisted|p1a: Kyogre\n|-damage|p1a: Kyogre|37/100\n|-damage|p1b: Calyrex|0 fnt\n|faint|p1b: Calyrex\n|-ability|p2a: Calyrex|Chilling Neigh|boost\n|-boost|p2a: Calyrex|atk|1\n|\n|-weather|RainDance|[upkeep]\n|-end|p2a: Calyrex|move: Taunt\n|upkeep\n|\n|t:|1746062908\n|switch|p1b: Urshifu|Urshifu-Rapid-Strike, L50, F|7/100\n|turn|6\n|-message|Wilfredistall forfeited.\n|\n|win|roykeenkennedy\n||Wilfredistall is ready for game 2.\n|inactive|roykeenkennedy has 30 seconds to confirm battle start!\n||roykeenkennedy is ready for game 2.\n|uhtml|next|Next: <a href=\"/battle-gen9vgc2025regibo3-2354369594\"><strong>Game 2 of 3</strong></a>\n|l|\u2606roykeenkennedy\n|player|p2|\n|l|\u2606Wilfredistall\n|player|p1|\n", "uploadtime": 1746063315, "views": 6, "formatid": "gen9vgc2025regibo3", "rating": null, "private": 0, "password": null}