{"id": "gen9vgc2025regibo3-2354384491", "format": "[Gen 9] VGC 2025 Reg I (Bo3)", "players": ["Fayzginger", "byebyebirdie1"], "log": "|j|\u2606Fayzginger\n|j|\u2606byebyebirdie1\n|html|<table width=\"100%\"><tr><td align=\"left\">Fayzginger</td><td align=\"right\">byebyebirdie1</tr><tr><td align=\"left\"><i class=\"fa fa-circle-o\"></i> <i class=\"fa fa-circle-o\"></i> </td><td align=\"right\"><i class=\"fa fa-circle-o\"></i> <i class=\"fa fa-circle\"></i> </tr></table>\n|uhtml|bestof|<h2><strong>Game 2</strong> of <a href=\"/game-bestof3-gen9vgc2025regibo3-2354382702\">a best-of-3</a></h2>\n|t:|1746064760\n|gametype|doubles\n|player|p1|Fayzginger|101|1249\n|player|p2|byebyebirdie1|169|1339\n|teamsize|p1|6\n|teamsize|p2|6\n|gen|9\n|tier|[Gen 9] VGC 2025 Reg I (Bo3)\n|rated|\n|rule|Species Clause: Limit one of each Pok\u00e9mon\n|rule|Item Clause: Limit 1 of each item\n|clearpoke\n|poke|p1|Zacian-*, L50|\n|poke|p1|Kyogre, L50|\n|poke|p1|Tornadus, L50, M|\n|poke|p1|Landorus, L50, M|\n|poke|p1|Rillaboom, L50, M|\n|poke|p1|Urshifu-*, L50, F|\n|poke|p2|Calyrex-Shadow, L50|\n|poke|p2|Chien-Pao, L50|\n|poke|p2|Rillaboom, L50, F|\n|poke|p2|Zamazenta-*, L50|\n|poke|p2|Incineroar, L50, F|\n|poke|p2|Farigiraf, L50, M|\n|teampreview|4\n|showteam|p1|Zacian-Crowned||RustedSword|IntrepidSword|Protect,behemothblade,PlayRough,SacredSword||||||50|,,,,,Ground]Kyogre||MysticWater|Drizzle|Protect,WaterSpout,OriginPulse,IceBeam||||||50|,,,,,Grass]Tornadus||CovertCloak|Prankster|BleakwindStorm,RainDance,Tailwind,Taunt|||M|||50|,,,,,Dark]Landorus||LifeOrb|SheerForce|Protect,SandsearStorm,EarthPower,SludgeBomb|||M|||50|,,,,,Water]Rillaboom||AssaultVest|GrassySurge|FakeOut,GrassyGlide,WoodHammer,Uturn|||M|||50|,,,,,Fire]Urshifu-Rapid-Strike||FocusSash|UnseenFist|Detect,SurgingStrikes,CloseCombat,AquaJet|||F|||50|,,,,,Stellar\n|showteam|p2|Calyrex-Shadow||CovertCloak|AsOneSpectrier|AstralBarrage,Protect,NastyPlot,DrainingKiss||||||50|,,,,,Fairy]Chien-Pao||FocusSash|SwordofRuin|IcicleCrash,ThroatChop,SuckerPunch,Protect||||||50|,,,,,Stellar]Rillaboom||AssaultVest|GrassySurge|WoodHammer,FakeOut,GrassyGlide,Uturn|||F|||50|,,,,,Fire]Zamazenta-Crowned||RustedShield|DauntlessShield|behemothbash,BodyPress,WideGuard,Protect||||||50|,,,,,Dragon]Incineroar||RockyHelmet|Intimidate|FakeOut,WillOWisp,PartingShot,KnockOff|||F|||50|,,,,,Bug]Farigiraf||SafetyGoggles|ArmorTail|TrickRoom,FoulPlay,Psychic,HelpingHand|||M|||50|,,,,,Water\n|\n|t:|1746064785\n|start\n|switch|p1a: Flint|Tornadus, L50, M|100/100\n|switch|p1b: Herobrine|Urshifu-Rapid-Strike, L50, F|100/100\n|switch|p2a: Rillaboom|Rillaboom, L50, F|100/100\n|switch|p2b: Farigiraf|Farigiraf, L50, M|100/100\n|-fieldstart|move: Grassy Terrain|[from] ability: Grassy Surge|[of] p2a: Rillaboom\n|turn|1\n|\n|t:|1746064803\n|move|p1b: Herobrine|Detect|p1b: Herobrine\n|-singleturn|p1b: Herobrine|Protect\n|move|p2a: Rillaboom|Fake Out|p1b: Herobrine\n|-activate|p1b: Herobrine|move: Protect\n|move|p1a: Flint|Bleakwind Storm|p2b: Farigiraf|[spread] p2a,p2b\n|-supereffective|p2a: Rillaboom\n|-damage|p2a: Rillaboom|53/100\n|-damage|p2b: Farigiraf|69/100\n|-unboost|p2b: Farigiraf|spe|1\n|move|p2b: Farigiraf|Trick Room|p2b: Farigiraf\n|-fieldstart|move: Trick Room|[of] p2b: Farigiraf\n|\n|-heal|p2b: Farigiraf|75/100|[from] Grassy Terrain\n|-heal|p2a: Rillaboom|59/100|[from] Grassy Terrain\n|upkeep\n|turn|2\n|\n|t:|1746064824\n|switch|p1b: Buck Chucket|Zacian-Crowned, L50|100/100\n|-ability|p1b: Buck Chucket|Intrepid Sword|boost\n|-boost|p1b: Buck Chucket|atk|1\n|move|p2b: Farigiraf|Psychic|p1b: Buck Chucket\n|-resisted|p1b: Buck Chucket\n|-damage|p1b: Buck Chucket|84/100\n|move|p2a: Rillaboom|U-turn|p1b: Buck Chucket\n|-resisted|p1b: Buck Chucket\n|-damage|p1b: Buck Chucket|78/100\n|\n|t:|1746064833\n|switch|p2a: Zamazenta|Zamazenta-Crowned, L50|100/100|[from] U-turn\n|-ability|p2a: Zamazenta|Dauntless Shield|boost\n|-boost|p2a: Zamazenta|def|1\n|move|p1a: Flint|Bleakwind Storm|p2b: Farigiraf|[spread] p2a\n|-miss|p1a: Flint|p2b: Farigiraf\n|-damage|p2a: Zamazenta|70/100\n|\n|-heal|p2b: Farigiraf|81/100|[from] Grassy Terrain\n|-heal|p2a: Zamazenta|76/100|[from] Grassy Terrain\n|-heal|p1b: Buck Chucket|84/100|[from] Grassy Terrain\n|upkeep\n|turn|3\n|\n|t:|1746064857\n|move|p2b: Farigiraf|Helping Hand|p2a: Zamazenta\n|-singleturn|p2a: Zamazenta|Helping Hand|[of] p2b: Farigiraf\n|move|p1b: Buck Chucket|Protect|p1b: Buck Chucket\n|-singleturn|p1b: Buck Chucket|Protect\n|move|p1a: Flint|Bleakwind Storm|p2b: Farigiraf|[spread] p2a,p2b\n|-damage|p2a: Zamazenta|49/100\n|-damage|p2b: Farigiraf|46/100\n|-unboost|p2b: Farigiraf|spe|1\n|move|p2a: Zamazenta|Body Press|p1b: Buck Chucket\n|-activate|p1b: Buck Chucket|move: Protect\n|\n|-heal|p2b: Farigiraf|52/100|[from] Grassy Terrain\n|-heal|p2a: Zamazenta|55/100|[from] Grassy Terrain\n|-heal|p1b: Buck Chucket|90/100|[from] Grassy Terrain\n|upkeep\n|turn|4\n|\n|t:|1746064878\n|move|p2b: Farigiraf|Psychic|p1a: Flint\n|-damage|p1a: Flint|62/100\n|move|p1a: Flint|Bleakwind Storm|p2b: Farigiraf|[spread] p2a,p2b\n|-damage|p2a: Zamazenta|25/100\n|-damage|p2b: Farigiraf|21/100\n|-unboost|p2b: Farigiraf|spe|1\n|move|p2a: Zamazenta|Behemoth Bash|p1a: Flint\n|-damage|p1a: Flint|12/100\n|move|p1b: Buck Chucket|Play Rough|p2a: Zamazenta\n|-damage|p2a: Zamazenta|0 fnt\n|faint|p2a: Zamazenta\n|\n|-heal|p2b: Farigiraf|27/100|[from] Grassy Terrain\n|-heal|p1b: Buck Chucket|96/100|[from] Grassy Terrain\n|upkeep\n|\n|t:|1746064893\n|switch|p2a: Rillaboom|Rillaboom, L50, F|59/100\n|turn|5\n|\n|t:|1746064905\n|switch|p1a: The Nether|Kyogre, L50|100/100\n|-weather|RainDance|[from] ability: Drizzle|[of] p1a: The Nether\n|move|p1b: Buck Chucket|Protect|p1b: Buck Chucket\n|-singleturn|p1b: Buck Chucket|Protect\n|move|p2b: Farigiraf|Psychic|p1a: The Nether\n|-damage|p1a: The Nether|75/100\n|move|p2a: Rillaboom|U-turn|p1a: The Nether\n|-damage|p1a: The Nether|53/100\n|\n|t:|1746064914\n|switch|p2a: Calyrex|Calyrex-Shadow, L50|100/100|[from] U-turn\n|-ability|p2a: Calyrex|As One\n|-ability|p2a: Calyrex|Unnerve\n|\n|-weather|RainDance|[upkeep]\n|-heal|p2b: Farigiraf|33/100|[from] Grassy Terrain\n|-heal|p1a: The Nether|59/100|[from] Grassy Terrain\n|-heal|p1b: Buck Chucket|100/100|[from] Grassy Terrain\n|-fieldend|move: Trick Room\n|-fieldend|move: Grassy Terrain\n|upkeep\n|turn|6\n|\n|t:|1746064935\n|move|p2b: Farigiraf|Helping Hand|p2a: Calyrex\n|-singleturn|p2a: Calyrex|Helping Hand|[of] p2b: Farigiraf\n|move|p2a: Calyrex|Astral Barrage|p1a: The Nether|[spread] p1a,p1b\n|-damage|p1a: The Nether|7/100\n|-damage|p1b: Buck Chucket|27/100\n|move|p1b: Buck Chucket|Behemoth Blade|p2a: Calyrex\n|-damage|p2a: Calyrex|8/100\n|move|p1a: The Nether|Origin Pulse|p2b: Farigiraf|[spread] p2a,p2b\n|-damage|p2a: Calyrex|0 fnt\n|-damage|p2b: Farigiraf|0 fnt\n|faint|p2a: Calyrex\n|faint|p2b: Farigiraf\n|\n|-weather|RainDance|[upkeep]\n|upkeep\n|-message|byebyebirdie1 forfeited.\n|\n|win|Fayzginger\n||Fayzginger is ready for game 3.\n||byebyebirdie1 is ready for game 3.\n|uhtml|next|Next: <a href=\"/battle-gen9vgc2025regibo3-2354386024\"><strong>Game 3 of 3</strong></a>\n|l|\u2606Fayzginger\n|player|p1|\n", "uploadtime": 1746065204, "views": 15, "formatid": "gen9vgc2025regibo3", "rating": null, "private": 0, "password": null}