{"id": "gen9vgc2025regibo3-2354947924", "format": "[Gen 9] VGC 2025 Reg I (Bo3)", "players": ["Lacossg", "PaniniWeenie"], "log": "|j|\u2606Lacossg\n|j|\u2606PaniniWeenie\n|html|<table width=\"100%\"><tr><td align=\"left\">Lacossg</td><td align=\"right\">PaniniWeenie</tr><tr><td align=\"left\"><i class=\"fa fa-circle-o\"></i> <i class=\"fa fa-circle-o\"></i> </td><td align=\"right\"><i class=\"fa fa-circle-o\"></i> <i class=\"fa fa-circle-o\"></i> </tr></table>\n|uhtml|bestof|<h2><strong>Game 1</strong> of <a href=\"/game-bestof3-gen9vgc2025regibo3-2354947921\">a best-of-3</a></h2>\n|t:|1746134659\n|gametype|doubles\n|player|p1|Lacossg|265|1414\n|player|p2|PaniniWeenie|pokemaniac|1319\n|teamsize|p1|6\n|teamsize|p2|6\n|gen|9\n|tier|[Gen 9] VGC 2025 Reg I (Bo3)\n|rated|\n|rule|Species Clause: Limit one of each Pok\u00e9mon\n|rule|Item Clause: Limit 1 of each item\n|clearpoke\n|poke|p1|Calyrex-Shadow, L50|\n|poke|p1|Tyranitar, L50, M|\n|poke|p1|Excadrill, L50, F|\n|poke|p1|Indeedee-F, L50, F|\n|poke|p1|Raging Bolt, L50|\n|poke|p1|Zamazenta-*, L50|\n|poke|p2|Ditto, L50|\n|poke|p2|Grimmsnarl, L50, M|\n|poke|p2|Zamazenta-*, L50|\n|poke|p2|Miraidon, L50|\n|poke|p2|Entei, L50|\n|poke|p2|Iron Leaves, L50|\n|teampreview|4\n|showteam|p1|Calyrex-Shadow||LifeOrb|AsOneSpectrier|AstralBarrage,ExpandingForce,Encore,Protect||||||50|,,,,,Normal]Tyranitar||FocusSash|SandStream|KnockOff,RockSlide,Taunt,Snarl|||M|||50|,,,,,Grass]Excadrill||ClearAmulet|SandRush|HighHorsepower,HelpingHand,IronHead,Protect|||F|||50|,,,,,Ground]Indeedee-F||RockyHelmet|PsychicSurge|Imprison,Psychic,TrickRoom,FollowMe|||F|||50|,,,,,Water]Raging Bolt||AssaultVest|Protosynthesis|Thunderclap,Electroweb,DracoMeteor,Snarl||||||50|,,,,,Fairy]Zamazenta-Crowned||RustedShield|DauntlessShield|BodyPress,Imprison,WideGuard,Protect||||||50|,,,,,Dragon\n|showteam|p2|Ditto||FocusSash|Imposter|Transform||||||50|,,,,,Normal]Grimmsnarl||LightClay|Prankster|Reflect,LightScreen,ThunderWave,SpiritBreak|||M|||50|,,,,,Ghost]Zamazenta-Crowned||RustedShield|DauntlessShield|BodyPress,HeavySlam,WideGuard,Protect||||||50|,,,,,Dragon]Miraidon||ChoiceSpecs|HadronEngine|ElectroDrift,DracoMeteor,VoltSwitch,DazzlingGleam||||||50|,,,,,Fairy]Entei||AssaultVest|InnerFocus|SacredFire,ExtremeSpeed,StoneEdge,Crunch||||||50|,,,,,Fairy]Iron Leaves||LifeOrb|QuarkDrive|Psyblade,LeafBlade,QuickGuard,Protect||||||50|,,,,,Stellar\n|inactive|Battle timer is ON: inactive players will automatically lose when time's up. (requested by PaniniWeenie)\n|\n|t:|1746134712\n|start\n|switch|p1a: Excadrill|Excadrill, L50, F|100/100\n|switch|p1b: Tyranitar|Tyranitar, L50, M|100/100\n|switch|p2a: Miraidon|Miraidon, L50|100/100\n|switch|p2b: Iron Leaves|Iron Leaves, L50|100/100\n|-fieldstart|move: Electric Terrain|[from] ability: Hadron Engine|[of] p2a: Miraidon\n|-activate|p2b: Iron Leaves|ability: Quark Drive\n|-start|p2b: Iron Leaves|quarkdrivespe\n|-weather|Sandstorm|[from] ability: Sand Stream|[of] p1b: Tyranitar\n|turn|1\n|inactive|PaniniWeenie has 30 seconds left.\n|inactive|PaniniWeenie has 20 seconds left.\n|\n|t:|1746134750\n|switch|p1a: Indeedee|Indeedee-F, L50, F|100/100\n|-fieldstart|move: Psychic Terrain|[from] ability: Psychic Surge|[of] p1a: Indeedee\n|-end|p2b: Iron Leaves|Quark Drive\n|-terastallize|p1b: Tyranitar|Grass\n|move|p2a: Miraidon|Draco Meteor|p1a: Indeedee\n|-damage|p1a: Indeedee|0 fnt\n|-unboost|p2a: Miraidon|spa|2\n|faint|p1a: Indeedee\n|move|p2b: Iron Leaves|Leaf Blade|p1b: Tyranitar\n|-resisted|p1b: Tyranitar\n|-damage|p1b: Tyranitar|75/100\n|-damage|p2b: Iron Leaves|91/100|[from] item: Life Orb\n|move|p1b: Tyranitar|Knock Off|p2b: Iron Leaves\n|-supereffective|p2b: Iron Leaves\n|-damage|p2b: Iron Leaves|0 fnt\n|-enditem|p2b: Iron Leaves|Life Orb|[from] move: Knock Off|[of] p1b: Tyranitar\n|faint|p2b: Iron Leaves\n|-end|p2b: Iron Leaves|Quark Drive|[silent]\n|\n|-weather|Sandstorm|[upkeep]\n|-damage|p2a: Miraidon|94/100|[from] Sandstorm\n|-damage|p1b: Tyranitar|69/100|[from] Sandstorm\n|upkeep\n|\n|t:|1746134774\n|switch|p2b: Zamazenta|Zamazenta-Crowned, L50|100/100\n|switch|p1a: Calyrex|Calyrex-Shadow, L50|100/100\n|-ability|p1a: Calyrex|As One\n|-ability|p1a: Calyrex|Unnerve\n|-ability|p2b: Zamazenta|Dauntless Shield|boost\n|-boost|p2b: Zamazenta|def|1\n|turn|2\n|\n|t:|1746134799\n|switch|p2a: Ditto|Ditto, L50, shiny|100/100\n|-transform|p2a: Ditto|p1b: Tyranitar|[from] ability: Imposter\n|move|p2b: Zamazenta|Wide Guard|p2b: Zamazenta\n|-singleturn|p2b: Zamazenta|Wide Guard\n|move|p1a: Calyrex|Expanding Force|p2b: Zamazenta|[spread] \n|-activate|p2a: Ditto|move: Wide Guard\n|-activate|p2b: Zamazenta|move: Wide Guard\n|move|p1b: Tyranitar|Taunt|p2b: Zamazenta\n|-start|p2b: Zamazenta|move: Taunt\n|\n|-weather|Sandstorm|[upkeep]\n|-damage|p1a: Calyrex|95/100|[from] Sandstorm\n|-damage|p1b: Tyranitar|62/100|[from] Sandstorm\n|upkeep\n|-start|p2a: Ditto|typechange|Rock/Dark|[silent]\n|turn|3\n|inactive|Lacossg has 30 seconds left.\n|\n|t:|1746134826\n|move|p1a: Calyrex|Encore|p2b: Zamazenta\n|-start|p2b: Zamazenta|Encore\n|cant|p2b: Zamazenta|move: Taunt|Wide Guard\n|move|p2a: Ditto|Knock Off|p1a: Calyrex\n|-supereffective|p1a: Calyrex\n|-damage|p1a: Calyrex|0 fnt\n|-enditem|p1a: Calyrex|Life Orb|[from] move: Knock Off|[of] p2a: Ditto\n|faint|p1a: Calyrex\n|move|p1b: Tyranitar|Rock Slide|p2b: Zamazenta|[spread] p2a,p2b\n|-resisted|p2b: Zamazenta\n|-damage|p2a: Ditto|69/100\n|-damage|p2b: Zamazenta|98/100\n|\n|-weather|Sandstorm|[upkeep]\n|-damage|p1b: Tyranitar|56/100|[from] Sandstorm\n|upkeep\n|\n|t:|1746134831\n|switch|p1a: Excadrill|Excadrill, L50, F|100/100\n|turn|4\n|\n|t:|1746134855\n|move|p1a: Excadrill|High Horsepower|p2a: Ditto\n|-supereffective|p2a: Ditto\n|-damage|p2a: Ditto|0 fnt\n|faint|p2a: Ditto\n|-activate|p2b: Zamazenta|move: Struggle\n|move|p2b: Zamazenta|Struggle|p1b: Tyranitar\n|-damage|p1b: Tyranitar|43/100\n|-damage|p2b: Zamazenta|73/100|[from] recoil\n|move|p1b: Tyranitar|Knock Off|p2b: Zamazenta\n|-resisted|p2b: Zamazenta\n|-damage|p2b: Zamazenta|66/100\n|\n|-weather|Sandstorm|[upkeep]\n|-damage|p1b: Tyranitar|36/100|[from] Sandstorm\n|upkeep\n|\n|t:|1746134867\n|switch|p2a: Miraidon|Miraidon, L50|94/100\n|-fieldstart|move: Electric Terrain|[from] ability: Hadron Engine|[of] p2a: Miraidon\n|turn|5\n|\n|t:|1746134890\n|move|p1a: Excadrill|High Horsepower|p2a: Miraidon\n|-supereffective|p2a: Miraidon\n|-damage|p2a: Miraidon|0 fnt\n|faint|p2a: Miraidon\n|-activate|p2b: Zamazenta|move: Struggle\n|move|p2b: Zamazenta|Struggle|p1b: Tyranitar\n|-damage|p1b: Tyranitar|24/100\n|-damage|p2b: Zamazenta|41/100|[from] recoil\n|move|p1b: Tyranitar|Snarl|p2b: Zamazenta\n|-resisted|p2b: Zamazenta\n|-damage|p2b: Zamazenta|34/100\n|-unboost|p2b: Zamazenta|spa|1\n|\n|-weather|none\n|-end|p2b: Zamazenta|move: Taunt\n|-end|p2b: Zamazenta|Encore\n|upkeep\n|turn|6\n|inactive|Lacossg has 30 seconds left.\n|\n|t:|1746134917\n|move|p2b: Zamazenta|Protect|p2b: Zamazenta\n|-singleturn|p2b: Zamazenta|Protect\n|move|p1a: Excadrill|Protect|p1a: Excadrill\n|-singleturn|p1a: Excadrill|Protect\n|move|p1b: Tyranitar|Rock Slide|p2b: Zamazenta\n|-activate|p2b: Zamazenta|move: Protect\n|\n|upkeep\n|turn|7\n|\n|t:|1746134926\n|move|p1a: Excadrill|Protect|p1a: Excadrill\n|-singleturn|p1a: Excadrill|Protect\n|move|p2b: Zamazenta|Body Press|p1a: Excadrill\n|-activate|p1a: Excadrill|move: Protect\n|move|p1b: Tyranitar|Rock Slide|p2b: Zamazenta\n|-resisted|p2b: Zamazenta\n|-damage|p2b: Zamazenta|30/100\n|\n|upkeep\n|turn|8\n|\n|t:|1746134937\n|move|p2b: Zamazenta|Body Press|p1a: Excadrill\n|-supereffective|p1a: Excadrill\n|-damage|p1a: Excadrill|0 fnt\n|faint|p1a: Excadrill\n|move|p1b: Tyranitar|Snarl|p2b: Zamazenta\n|-resisted|p2b: Zamazenta\n|-damage|p2b: Zamazenta|23/100\n|-unboost|p2b: Zamazenta|spa|1\n|\n|upkeep\n|turn|9\n|\n|t:|1746134941\n|move|p2b: Zamazenta|Body Press|p1b: Tyranitar\n|-damage|p1b: Tyranitar|0 fnt\n|faint|p1b: Tyranitar\n|\n|win|PaniniWeenie\n||PaniniWeenie is ready for game 2.\n||Lacossg is ready for game 2.\n|uhtml|next|Next: <a href=\"/battle-gen9vgc2025regibo3-2354950685\"><strong>Game 2 of 3</strong></a>\n", "uploadtime": 1746135074, "views": 6, "formatid": "gen9vgc2025regibo3", "rating": null, "private": 0, "password": null}