{"id": "gen9vgc2025regibo3-2353466481", "format": "[Gen 9] VGC 2025 Reg I (Bo3)", "players": ["TrCJags", "miraidons the goat"], "log": "|j|\u2606TrCJags\n|j|\u2606miraidons the goat\n|html|<table width=\"100%\"><tr><td align=\"left\">TrCJags</td><td align=\"right\">miraidons the goat</tr><tr><td align=\"left\"><i class=\"fa fa-circle-o\"></i> <i class=\"fa fa-circle-o\"></i> </td><td align=\"right\"><i class=\"fa fa-circle-o\"></i> <i class=\"fa fa-circle\"></i> </tr></table>\n|uhtml|bestof|<h2><strong>Game 2</strong> of <a href=\"/game-bestof3-gen9vgc2025regibo3-2353463360\">a best-of-3</a></h2>\n|t:|1745958531\n|gametype|doubles\n|player|p1|TrCJags|scientist-gen4dp|1197\n|player|p2|miraidons the goat|lisia-masters|1179\n|teamsize|p1|6\n|teamsize|p2|6\n|gen|9\n|tier|[Gen 9] VGC 2025 Reg I (Bo3)\n|rated|\n|rule|Species Clause: Limit one of each Pok\u00e9mon\n|rule|Item Clause: Limit 1 of each item\n|clearpoke\n|poke|p1|Calyrex-Shadow, L50|\n|poke|p1|Koraidon, L50|\n|poke|p1|Ogerpon-Cornerstone, L50, F|\n|poke|p1|Chi-Yu, L50|\n|poke|p1|Raging Bolt, L50|\n|poke|p1|Jumpluff, L50, F|\n|poke|p2|Calyrex-Shadow, L50|\n|poke|p2|Koraidon, L50|\n|poke|p2|Chi-Yu, L50|\n|poke|p2|Indeedee-F, L50, F|\n|poke|p2|Whimsicott, L50, F|\n|poke|p2|Ditto, L50|\n|teampreview|4\n|showteam|p1|Calyrex-Shadow||FocusSash|AsOneSpectrier|AstralBarrage,DrainingKiss,Protect,Encore||||||50|,,,,,Fairy]Koraidon||LifeOrb|OrichalcumPulse|FlareBlitz,FlameCharge,CloseCombat,Protect||||||50|,,,,,Fire]Ogerpon-Cornerstone||CornerstoneMask|Sturdy|IvyCudgel,Taunt,SpikyShield,FollowMe|||F|||50|,,,,,Rock]Chi-Yu||ChoiceScarf|BeadsofRuin|HeatWave,DarkPulse,Snarl,Overheat||||||50|,,,,,Ghost]Raging Bolt||SafetyGoggles|Protosynthesis|Thunderclap,DracoMeteor,VoltSwitch,Protect||||||50|,,,,,Electric]Jumpluff||CovertCloak|Chlorophyll|RagePowder,SleepPowder,Tailwind,PollenPuff|||F|||50|,,,,,Dark\n|showteam|p2|Calyrex-Shadow||ChoiceSpecs|AsOneSpectrier|AstralBarrage,ExpandingForce,PollenPuff,Psyshock||||||50|,,,,,Dark]Koraidon||LifeOrb|OrichalcumPulse|CloseCombat,FlareBlitz,FlameCharge,Protect||||||50|,,,,,Fire]Chi-Yu||ChoiceScarf|BeadsofRuin|Snarl,DarkPulse,HeatWave,Overheat||||||50|,,,,,Fire]Indeedee-F||PsychicSeed|PsychicSurge|FollowMe,TrickRoom,HelpingHand,ShadowBall|||F|||50|,,,,,Steel]Whimsicott||CovertCloak|Prankster|Tailwind,Encore,Moonblast,SunnyDay|||F|||50|,,,,,Dark]Ditto||FocusSash|Imposter|Transform||||||50|,,,,,Ghost\n|\n|t:|1745958555\n|start\n|switch|p1a: Koraidon|Koraidon, L50|100/100\n|switch|p1b: Jumpluff|Jumpluff, L50, F|100/100\n|switch|p2a: tumbleweed|Whimsicott, L50, F, shiny|100/100\n|switch|p2b: better bike|Koraidon, L50|100/100\n|-weather|SunnyDay|[from] ability: Orichalcum Pulse|[of] p1a: Koraidon\n|-activate|p1a: Koraidon|Orichalcum Pulse|[source]\n|-activate|p2b: better bike|ability: Orichalcum Pulse\n|turn|1\n|\n|t:|1745958583\n|-terastallize|p2b: better bike|Fire\n|move|p2a: tumbleweed|Tailwind|p2a: tumbleweed\n|-sidestart|p2: miraidons the goat|move: Tailwind\n|move|p2b: better bike|Flare Blitz|p1b: Jumpluff\n|-supereffective|p1b: Jumpluff\n|-damage|p1b: Jumpluff|0 fnt\n|faint|p1b: Jumpluff\n|-damage|p2b: better bike|67/100|[from] Recoil\n|-damage|p2b: better bike|57/100|[from] item: Life Orb\n|move|p1a: Koraidon|Flame Charge|p2a: tumbleweed\n|-supereffective|p2a: tumbleweed\n|-damage|p2a: tumbleweed|0 fnt\n|-boost|p1a: Koraidon|spe|1\n|faint|p2a: tumbleweed\n|-damage|p1a: Koraidon|91/100|[from] item: Life Orb\n|\n|-weather|SunnyDay|[upkeep]\n|upkeep\n|\n|t:|1745958603\n|switch|p1b: Chi-Yu|Chi-Yu, L50|100/100\n|switch|p2a: mind tricks|Calyrex-Shadow, L50|100/100\n|-ability|p2a: mind tricks|As One\n|-ability|p2a: mind tricks|Unnerve\n|-ability|p1b: Chi-Yu|Beads of Ruin\n|turn|2\n|\n|t:|1745958629\n|move|p1a: Koraidon|Protect|p1a: Koraidon\n|-singleturn|p1a: Koraidon|Protect\n|move|p2a: mind tricks|Astral Barrage|p1b: Chi-Yu|[spread] p1b\n|-activate|p1a: Koraidon|move: Protect\n|-resisted|p1b: Chi-Yu\n|-damage|p1b: Chi-Yu|48/100\n|move|p2b: better bike|Close Combat|p1b: Chi-Yu\n|-supereffective|p1b: Chi-Yu\n|-damage|p1b: Chi-Yu|0 fnt\n|-unboost|p2b: better bike|def|1\n|-unboost|p2b: better bike|spd|1\n|faint|p1b: Chi-Yu\n|-damage|p2b: better bike|47/100|[from] item: Life Orb\n|\n|-weather|SunnyDay|[upkeep]\n|upkeep\n|\n|t:|1745958645\n|switch|p1b: Calyrex|Calyrex-Shadow, L50|100/100\n|-ability|p1b: Calyrex|As One\n|-ability|p1b: Calyrex|Unnerve\n|turn|3\n|\n|t:|1745958693\n|-terastallize|p1b: Calyrex|Fairy\n|move|p2a: mind tricks|Astral Barrage|p1a: Koraidon|[spread] p1a,p1b\n|-crit|p1b: Calyrex\n|-damage|p1a: Koraidon|4/100\n|-enditem|p1b: Calyrex|Focus Sash\n|-damage|p1b: Calyrex|1/100\n|move|p2b: better bike|Flare Blitz|p1a: Koraidon\n|-resisted|p1a: Koraidon\n|-damage|p1a: Koraidon|0 fnt\n|faint|p1a: Koraidon\n|-damage|p2b: better bike|46/100|[from] Recoil\n|-damage|p2b: better bike|36/100|[from] item: Life Orb\n|move|p1b: Calyrex|Astral Barrage|p2a: mind tricks|[spread] p2a,p2b\n|-supereffective|p2a: mind tricks\n|-damage|p2a: mind tricks|0 fnt\n|-damage|p2b: better bike|0 fnt\n|faint|p2a: mind tricks\n|faint|p2b: better bike\n|-ability|p1b: Calyrex|Grim Neigh|boost\n|-boost|p1b: Calyrex|spa|2\n|\n|-weather|SunnyDay|[upkeep]\n|upkeep\n|inactive|Battle timer is ON: inactive players will automatically lose when time's up. (requested by miraidons the goat)\n|\n|t:|1745958715\n|switch|p2b: copycat|Ditto, L50|100/100\n|turn|4\n|\n|t:|1745958726\n|move|p1b: Calyrex|Draining Kiss|p2b: copycat\n|-enditem|p2b: copycat|Focus Sash\n|-damage|p2b: copycat|1/100\n|-heal|p1b: Calyrex|67/100|[from] drain|[of] p2b: copycat\n|move|p2b: copycat|Transform|p1b: Calyrex\n|-transform|p2b: copycat|p1b: Calyrex\n|-ability|p2b: copycat|As One\n|-ability|p2b: copycat|Unnerve\n|\n|-weather|SunnyDay|[upkeep]\n|-sideend|p2: miraidons the goat|move: Tailwind\n|upkeep\n|-start|p2b: copycat|typechange|Psychic/Ghost|[silent]\n|turn|5\n|\n|t:|1745958743\n|move|p2b: copycat|Astral Barrage|p1b: Calyrex\n|-damage|p1b: Calyrex|0 fnt\n|faint|p1b: Calyrex\n|\n|win|miraidons the goat\n|raw|TrCJags's rating: 1197 &rarr; <strong>1171</strong><br />(-26 for losing)\n|raw|miraidons the goat's rating: 1179 &rarr; <strong>1205</strong><br />(+26 for winning)\n|l|\u2606miraidons the goat\n|player|p2|\n", "uploadtime": 1745958749, "views": 29, "formatid": "gen9vgc2025regibo3", "rating": 1171, "private": 0, "password": null}