{"id": "gen9vgc2025regibo3-2355147412", "format": "[Gen 9] VGC 2025 Reg I (Bo3)", "players": ["Selma Nopla", "papabell"], "log": "|j|\u2606Selma Nopla\n|j|\u2606papabell\n|html|<table width=\"100%\"><tr><td align=\"left\">Selma Nopla</td><td align=\"right\">papabell</tr><tr><td align=\"left\"><i class=\"fa fa-circle\"></i> <i class=\"fa fa-circle-o\"></i> </td><td align=\"right\"><i class=\"fa fa-circle-o\"></i> <i class=\"fa fa-circle-o\"></i> </tr></table>\n|uhtml|bestof|<h2><strong>Game 2</strong> of <a href=\"/game-bestof3-gen9vgc2025regibo3-2355146595\">a best-of-3</a></h2>\n|t:|1746158703\n|gametype|doubles\n|player|p1|Selma Nopla|102|1246\n|player|p2|papabell|acetrainerf-gen4dp|1285\n|teamsize|p1|6\n|teamsize|p2|6\n|gen|9\n|tier|[Gen 9] VGC 2025 Reg I (Bo3)\n|rated|\n|rule|Species Clause: Limit one of each Pok\u00e9mon\n|rule|Item Clause: Limit 1 of each item\n|clearpoke\n|poke|p1|Miraidon, L50|\n|poke|p1|Lunala, L50|\n|poke|p1|Incineroar, L50, F|\n|poke|p1|Urshifu-*, L50, F|\n|poke|p1|Tornadus, L50, M|\n|poke|p1|Iron Hands, L50|\n|poke|p2|Koraidon, L50|\n|poke|p2|Calyrex-Shadow, L50|\n|poke|p2|Brute Bonnet, L50|\n|poke|p2|Whimsicott, L50, F|\n|poke|p2|Chi-Yu, L50|\n|poke|p2|Clefairy, L50, M|\n|teampreview|4\n|showteam|p1|Miraidon||ChoiceSpecs|HadronEngine|ElectroDrift,VoltSwitch,DracoMeteor,DazzlingGleam||||||50|,,,,,Fairy]Lunala||ElectricSeed|ShadowShield|MoongeistBeam,Moonblast,CalmMind,WideGuard||||||50|,,,,,Fairy]Incineroar||SafetyGoggles|Intimidate|KnockOff,PartingShot,WillOWisp,FakeOut|||F|||50|,,,,,Fairy]Urshifu-Rapid-Strike||FocusSash|UnseenFist|Detect,SurgingStrikes,CloseCombat,AquaJet|||F|||50|,,,,,Stellar]Tornadus||CovertCloak|Prankster|BleakwindStorm,Tailwind,RainDance,Taunt|||M|||50|,,,,,Dark]Iron Hands||AssaultVest|QuarkDrive|DrainPunch,VoltSwitch,LowKick,FakeOut||||||50|,,,,,Water\n|showteam|p2|Koraidon||LifeOrb|OrichalcumPulse|Protect,CloseCombat,FlareBlitz,FlameCharge||||||50|,,,,,Fire]Calyrex-Shadow||FocusSash|AsOneSpectrier|Protect,AstralBarrage,Psychic,Disable||||||50|,,,,,Ghost]Brute Bonnet||RockyHelmet|Protosynthesis|RagePowder,Spore,SuckerPunch,PollenPuff||||||50|,,,,,Water]Whimsicott||CovertCloak|Prankster|Moonblast,Tailwind,Encore,HelpingHand|||F|||50|,,,,,Dark]Chi-Yu||ChoiceScarf|BeadsofRuin|HeatWave,Overheat,Snarl,DarkPulse||||||50|,,,,,Fire]Clefairy||Eviolite|FriendGuard|Protect,FollowMe,AfterYou,HelpingHand|||M|||50|,,,,,Ground\n|inactive|Battle timer is ON: inactive players will automatically lose when time's up. (requested by papabell)\n|\n|t:|1746158714\n|start\n|switch|p1a: Miraidon|Miraidon, L50|100/100\n|switch|p1b: Tornadus|Tornadus, L50, M|100/100\n|switch|p2a: Chi-Yu|Chi-Yu, L50|100/100\n|switch|p2b: Whimsicott|Whimsicott, L50, F|100/100\n|-ability|p2a: Chi-Yu|Beads of Ruin\n|-fieldstart|move: Electric Terrain|[from] ability: Hadron Engine|[of] p1a: Miraidon\n|turn|1\n|inactive|Selma Nopla has 30 seconds left.\n|\n|t:|1746158743\n|move|p2b: Whimsicott|Tailwind|p2b: Whimsicott\n|-sidestart|p2: papabell|move: Tailwind\n|move|p1b: Tornadus|Rain Dance|p1b: Tornadus\n|-weather|RainDance\n|move|p2a: Chi-Yu|Snarl|p1b: Tornadus|[spread] p1a,p1b\n|-damage|p1a: Miraidon|73/100\n|-damage|p1b: Tornadus|73/100\n|-unboost|p1a: Miraidon|spa|1\n|move|p1a: Miraidon|Volt Switch|p2a: Chi-Yu\n|-damage|p2a: Chi-Yu|30/100\n|\n|t:|1746158752\n|switch|p1a: Incineroar|Incineroar, L50, F|100/100|[from] Volt Switch\n|-ability|p1a: Incineroar|Intimidate|boost\n|-unboost|p2a: Chi-Yu|atk|1\n|-unboost|p2b: Whimsicott|atk|1\n|\n|-weather|RainDance|[upkeep]\n|upkeep\n|turn|2\n|\n|t:|1746158775\n|switch|p2a: Koraidon|Koraidon, L50|100/100\n|-weather|SunnyDay|[from] ability: Orichalcum Pulse|[of] p2a: Koraidon\n|-activate|p2a: Koraidon|Orichalcum Pulse|[source]\n|-terastallize|p1b: Tornadus|Dark\n|move|p1a: Incineroar|Fake Out|p2a: Koraidon\n|-damage|p2a: Koraidon|90/100\n|move|p2b: Whimsicott|Moonblast|p1b: Tornadus\n|-supereffective|p1b: Tornadus\n|-damage|p1b: Tornadus|27/100\n|move|p1b: Tornadus|Bleakwind Storm|p2b: Whimsicott|[spread] p2a\n|-miss|p1b: Tornadus|p2b: Whimsicott\n|-supereffective|p2a: Koraidon\n|-damage|p2a: Koraidon|24/100\n|\n|-weather|SunnyDay|[upkeep]\n|upkeep\n|turn|3\n|inactive|Selma Nopla has 30 seconds left.\n|inactive|Selma Nopla has 20 seconds left.\n|\n|t:|1746158812\n|move|p1b: Tornadus|Tailwind|p1b: Tornadus\n|-sidestart|p1: Selma Nopla|move: Tailwind\n|move|p2a: Koraidon|Close Combat|p1a: Incineroar\n|-supereffective|p1a: Incineroar\n|-damage|p1a: Incineroar|0 fnt\n|-unboost|p2a: Koraidon|def|1\n|-unboost|p2a: Koraidon|spd|1\n|faint|p1a: Incineroar\n|-damage|p2a: Koraidon|15/100|[from] item: Life Orb\n|move|p2b: Whimsicott|Moonblast|p1b: Tornadus\n|-supereffective|p1b: Tornadus\n|-damage|p1b: Tornadus|0 fnt\n|faint|p1b: Tornadus\n|\n|-weather|SunnyDay|[upkeep]\n|upkeep\n|\n|t:|1746158818\n|switch|p1b: Iron Hands|Iron Hands, L50|100/100\n|switch|p1a: Miraidon|Miraidon, L50|73/100\n|-activate|p1a: Miraidon|ability: Hadron Engine\n|-activate|p1b: Iron Hands|ability: Quark Drive\n|-start|p1b: Iron Hands|quarkdriveatk\n|turn|4\n|\n|t:|1746158837\n|switch|p2b: Chi-Yu|Chi-Yu, L50|30/100\n|-ability|p2b: Chi-Yu|Beads of Ruin\n|move|p2a: Koraidon|Protect|p2a: Koraidon\n|-singleturn|p2a: Koraidon|Protect\n|move|p1a: Miraidon|Dazzling Gleam|p2a: Koraidon|[spread] p2b\n|-activate|p2a: Koraidon|move: Protect\n|-damage|p2b: Chi-Yu|0 fnt\n|faint|p2b: Chi-Yu\n|move|p1b: Iron Hands|Volt Switch|p2a: Koraidon\n|-activate|p2a: Koraidon|move: Protect\n|\n|-weather|SunnyDay|[upkeep]\n|-sideend|p2: papabell|move: Tailwind\n|upkeep\n|\n|t:|1746158846\n|switch|p2b: Whimsicott|Whimsicott, L50, F|100/100\n|turn|5\n|\n|t:|1746158858\n|move|p2b: Whimsicott|Tailwind|p2b: Whimsicott\n|-sidestart|p2: papabell|move: Tailwind\n|move|p2a: Koraidon|Flare Blitz|p1b: Iron Hands\n|-damage|p1b: Iron Hands|22/100\n|-damage|p2a: Koraidon|0 fnt|[from] Recoil\n|faint|p2a: Koraidon\n|move|p1a: Miraidon|Dazzling Gleam|p2b: Whimsicott\n|-damage|p2b: Whimsicott|33/100\n|move|p1b: Iron Hands|Volt Switch|p2b: Whimsicott\n|-resisted|p2b: Whimsicott\n|-damage|p2b: Whimsicott|22/100\n|\n|-weather|SunnyDay|[upkeep]\n|-fieldend|move: Electric Terrain\n|-end|p1b: Iron Hands|Quark Drive\n|upkeep\n|\n|t:|1746158862\n|switch|p2a: Calyrex|Calyrex-Shadow, L50|100/100\n|-ability|p2a: Calyrex|As One\n|-ability|p2a: Calyrex|Unnerve\n|turn|6\n|\n|t:|1746158870\n|move|p2a: Calyrex|Disable|p1a: Miraidon\n|-start|p1a: Miraidon|Disable|Dazzling Gleam\n|cant|p1a: Miraidon|Disable|Dazzling Gleam\n|move|p2b: Whimsicott|Moonblast|p1b: Iron Hands\n|-supereffective|p1b: Iron Hands\n|-damage|p1b: Iron Hands|0 fnt\n|faint|p1b: Iron Hands\n|-end|p1b: Iron Hands|Quark Drive|[silent]\n|\n|-weather|none\n|-sideend|p1: Selma Nopla|move: Tailwind\n|upkeep\n|turn|7\n|\n|t:|1746158880\n|-terastallize|p2a: Calyrex|Ghost\n|move|p2a: Calyrex|Astral Barrage|p1a: Miraidon\n|-damage|p1a: Miraidon|0 fnt\n|faint|p1a: Miraidon\n|\n|win|papabell\n||Selma Nopla is ready for game 3.\n||papabell is ready for game 3.\n|uhtml|next|Next: <a href=\"/battle-gen9vgc2025regibo3-2355148679\"><strong>Game 3 of 3</strong></a>\n|l|\u2606papabell\n|player|p2|\n", "uploadtime": 1746159116, "views": 1, "formatid": "gen9vgc2025regibo3", "rating": null, "private": 0, "password": null}