{"id": "gen9vgc2025regibo3-2354692341", "format": "[Gen 9] VGC 2025 Reg I (Bo3)", "players": ["sjneal13", "Wk_Silva_1112"], "log": "|j|\u2606sjneal13\n|j|\u2606Wk_Silva_1112\n|html|<table width=\"100%\"><tr><td align=\"left\">sjneal13</td><td align=\"right\">Wk_Silva_1112</tr><tr><td align=\"left\"><i class=\"fa fa-circle-o\"></i> <i class=\"fa fa-circle-o\"></i> </td><td align=\"right\"><i class=\"fa fa-circle-o\"></i> <i class=\"fa fa-circle-o\"></i> </tr></table>\n|uhtml|bestof|<h2><strong>Game 1</strong> of <a href=\"/game-bestof3-gen9vgc2025regibo3-2354692339\">a best-of-3</a></h2>\n|t:|1746111250\n|gametype|doubles\n|player|p1|sjneal13|266|1055\n|player|p2|Wk_Silva_1112|dancer|1031\n|teamsize|p1|6\n|teamsize|p2|6\n|gen|9\n|tier|[Gen 9] VGC 2025 Reg I (Bo3)\n|rated|\n|rule|Species Clause: Limit one of each Pok\u00e9mon\n|rule|Item Clause: Limit 1 of each item\n|clearpoke\n|poke|p1|Grafaiai, L50, F|\n|poke|p1|Tyranitar, L50, F|\n|poke|p1|Ho-Oh, L50|\n|poke|p1|Zacian-*, L50|\n|poke|p1|Indeedee-F, L50, F|\n|poke|p1|Flutter Mane, L50|\n|poke|p2|Kyogre, L50|\n|poke|p2|Miraidon, L50|\n|poke|p2|Archaludon, L50, M|\n|poke|p2|Whimsicott, L50, F|\n|poke|p2|Urshifu-*, L50, M|\n|poke|p2|Amoonguss, L50, M|\n|teampreview|4\n|showteam|p1|Grafaiai||FocusSash|Prankster|Toxic,Taunt,SludgeBomb,Protect|||F|||50|,,,,,Ghost]Tyranitar||AssaultVest|SandStream|RockSlide,KnockOff,TeraBlast,ThunderPunch|||F|||50|,,,,,Flying]Ho-Oh||SitrusBerry|Regenerator|SacredFire,BraveBird,Tailwind,Protect||||||50|,,,,,Dragon]Zacian-Crowned||RustedSword|IntrepidSword|PlayRough,behemothblade,SacredSword,Protect||||||50|,,,,,Fairy]Indeedee-F||PsychicSeed|PsychicSurge|Psychic,FollowMe,Imprison,TrickRoom|||F|||50|,,,,,Fairy]Flutter Mane||BoosterEnergy|Protosynthesis|Hex,Moonblast,IcyWind,Protect||||||50|,,,,,Ghost\n|showteam|p2|Kyogre||ClearAmulet|Drizzle|OriginPulse,IceBeam,Protect,BrickBreak||||||50|,,,,,Grass]Miraidon||ChoiceSpecs|HadronEngine|DragonPulse,VoltSwitch,ElectroDrift,DazzlingGleam||||||50|,,,,,Fairy]Archaludon||Leftovers|Stamina|ElectroShot,BodyPress,FlashCannon,Protect|||M|||50|,,,,,Fairy]Whimsicott||CovertCloak|Prankster|Tailwind,BeatUp,LightScreen,HelpingHand|||F|||50|,,,,,Dark]Urshifu||FocusSash|UnseenFist|WickedBlow,SuckerPunch,CloseCombat,Protect|||M|||50|,,,,,Stellar]Amoonguss||SitrusBerry|EffectSpore|Spore,RagePowder,Protect,PollenPuff|||M|||50|,,,,,Dark\n|inactive|Battle timer is ON: inactive players will automatically lose when time's up. (requested by Wk_Silva_1112)\n|inactive|sjneal13 has 60 seconds left.\n|inactive|Wk_Silva_1112 has 60 seconds left.\n|inactive|sjneal13 has 30 seconds left.\n|\n|t:|1746111318\n|start\n|switch|p1a: Indeedee|Indeedee-F, L50, F|100/100\n|switch|p1b: Flutter Mane|Flutter Mane, L50|100/100\n|switch|p2a: Kyogre|Kyogre, L50, shiny|100/100\n|switch|p2b: Miraidon|Miraidon, L50|100/100\n|-fieldstart|move: Electric Terrain|[from] ability: Hadron Engine|[of] p2b: Miraidon\n|-weather|RainDance|[from] ability: Drizzle|[of] p2a: Kyogre\n|-fieldstart|move: Psychic Terrain|[from] ability: Psychic Surge|[of] p1a: Indeedee\n|-enditem|p1a: Indeedee|Psychic Seed\n|-boost|p1a: Indeedee|spd|1|[from] item: Psychic Seed\n|-enditem|p1b: Flutter Mane|Booster Energy\n|-activate|p1b: Flutter Mane|ability: Protosynthesis|[fromitem]\n|-start|p1b: Flutter Mane|protosynthesisspe\n|turn|1\n|inactive|Wk_Silva_1112 has 30 seconds left.\n|inactive|Wk_Silva_1112 has 20 seconds left.\n|inactive|Wk_Silva_1112 has 15 seconds left.\n|inactive|Wk_Silva_1112 has 10 seconds left.\n|inactive|Wk_Silva_1112 has 5 seconds left.\n|\n|t:|1746111370\n|-terastallize|p2b: Miraidon|Fairy\n|move|p1a: Indeedee|Follow Me|p1a: Indeedee\n|-singleturn|p1a: Indeedee|move: Follow Me\n|move|p1b: Flutter Mane|Moonblast|p2a: Kyogre\n|-damage|p2a: Kyogre|63/100\n|move|p2b: Miraidon|Electro Drift|p1a: Indeedee\n|-damage|p1a: Indeedee|62/100\n|move|p2a: Kyogre|Origin Pulse|p1b: Flutter Mane|[spread] p1a\n|-miss|p2a: Kyogre|p1b: Flutter Mane\n|-damage|p1a: Indeedee|31/100\n|\n|-weather|RainDance|[upkeep]\n|upkeep\n|turn|2\n|\n|t:|1746111395\n|switch|p2b: Whimsicott|Whimsicott, L50, F, shiny|100/100\n|move|p1a: Indeedee|Follow Me|p1a: Indeedee\n|-singleturn|p1a: Indeedee|move: Follow Me\n|move|p1b: Flutter Mane|Moonblast|p2a: Kyogre\n|-damage|p2a: Kyogre|29/100\n|move|p2a: Kyogre|Origin Pulse|p1a: Indeedee|[spread] p1a\n|-miss|p2a: Kyogre|p1b: Flutter Mane\n|-damage|p1a: Indeedee|0 fnt\n|faint|p1a: Indeedee\n|\n|-weather|RainDance|[upkeep]\n|upkeep\n|\n|t:|1746111406\n|switch|p1a: Ho-Oh|Ho-Oh, L50|100/100\n|turn|3\n|\n|t:|1746111417\n|-terastallize|p1a: Ho-Oh|Dragon\n|move|p2b: Whimsicott|Light Screen|p2b: Whimsicott\n|-sidestart|p2: Wk_Silva_1112|move: Light Screen\n|move|p1b: Flutter Mane|Moonblast|p2a: Kyogre\n|-damage|p2a: Kyogre|6/100\n|move|p2a: Kyogre|Origin Pulse|p1b: Flutter Mane|[spread] p1a,p1b\n|-resisted|p1a: Ho-Oh\n|-damage|p1a: Ho-Oh|78/100\n|-damage|p1b: Flutter Mane|38/100\n|move|p1a: Ho-Oh|Tailwind|p1a: Ho-Oh\n|-sidestart|p1: sjneal13|move: Tailwind\n|\n|-weather|RainDance|[upkeep]\n|upkeep\n|turn|4\n|\n|t:|1746111436\n|move|p2b: Whimsicott|Tailwind|p2b: Whimsicott\n|-sidestart|p2: Wk_Silva_1112|move: Tailwind\n|move|p1b: Flutter Mane|Icy Wind|p2a: Kyogre|[spread] p2a,p2b\n|-resisted|p2a: Kyogre\n|-supereffective|p2b: Whimsicott\n|-damage|p2a: Kyogre|2/100\n|-damage|p2b: Whimsicott|74/100\n|move|p2a: Kyogre|Origin Pulse|p1b: Flutter Mane|[spread] p1a,p1b\n|-resisted|p1a: Ho-Oh\n|-damage|p1a: Ho-Oh|58/100\n|-damage|p1b: Flutter Mane|0 fnt\n|faint|p1b: Flutter Mane\n|-end|p1b: Flutter Mane|Protosynthesis|[silent]\n|move|p1a: Ho-Oh|Brave Bird|p2b: Whimsicott\n|-supereffective|p2b: Whimsicott\n|-crit|p2b: Whimsicott\n|-damage|p2b: Whimsicott|0 fnt\n|faint|p2b: Whimsicott\n|-damage|p1a: Ho-Oh|39/100|[from] Recoil\n|-enditem|p1a: Ho-Oh|Sitrus Berry|[eat]\n|-heal|p1a: Ho-Oh|64/100|[from] item: Sitrus Berry\n|\n|-weather|RainDance|[upkeep]\n|upkeep\n|\n|t:|1746111455\n|switch|p1b: Zacian|Zacian-Crowned, L50|100/100\n|switch|p2b: Miraidon|Miraidon, L50, tera:Fairy|100/100\n|-ability|p1b: Zacian|Intrepid Sword|boost\n|-boost|p1b: Zacian|atk|1\n|-fieldstart|move: Electric Terrain|[from] ability: Hadron Engine|[of] p2b: Miraidon\n|turn|5\n|\n|t:|1746111479\n|move|p1b: Zacian|Behemoth Blade|p2b: Miraidon\n|-supereffective|p2b: Miraidon\n|-damage|p2b: Miraidon|0 fnt\n|faint|p2b: Miraidon\n|move|p2a: Kyogre|Origin Pulse|p1a: Ho-Oh|[spread] p1a,p1b\n|-resisted|p1a: Ho-Oh\n|-damage|p1a: Ho-Oh|42/100\n|-damage|p1b: Zacian|35/100\n|move|p1a: Ho-Oh|Brave Bird|p2a: Kyogre\n|-damage|p2a: Kyogre|0 fnt\n|faint|p2a: Kyogre\n|-damage|p1a: Ho-Oh|42/100|[from] Recoil\n|\n|-weather|none\n|upkeep\n|\n|t:|1746111493\n|switch|p2a: Urshifu|Urshifu, L50, M|100/100\n|turn|6\n|\n|t:|1746111509\n|move|p1b: Zacian|Sacred Sword|p2a: Urshifu\n|-supereffective|p2a: Urshifu\n|-damage|p2a: Urshifu|1/100\n|move|p2a: Urshifu|Close Combat|p1b: Zacian\n|-damage|p1b: Zacian|0 fnt\n|-unboost|p2a: Urshifu|def|1\n|-unboost|p2a: Urshifu|spd|1\n|faint|p1b: Zacian\n|move|p1a: Ho-Oh|Brave Bird|p2a: Urshifu\n|-supereffective|p2a: Urshifu\n|-damage|p2a: Urshifu|0 fnt\n|faint|p2a: Urshifu\n|-damage|p1a: Ho-Oh|41/100|[from] Recoil\n|\n|win|sjneal13\n||sjneal13 is ready for game 2.\n||Wk_Silva_1112 is ready for game 2.\n|uhtml|next|Next: <a href=\"/battle-gen9vgc2025regibo3-2354695241\"><strong>Game 2 of 3</strong></a>\n|l|\u2606Wk_Silva_1112\n|player|p2|\n", "uploadtime": 1746111935, "views": 5, "formatid": "gen9vgc2025regibo3", "rating": null, "private": 0, "password": null}