{"id": "gen9vgc2025regibo3-2354682799", "format": "[Gen 9] VGC 2025 Reg I (Bo3)", "players": ["bertcamem", "EvertonRibeiro2013"], "log": "|j|\u2606bertcamem\n|j|\u2606EvertonRibeiro2013\n|html|<table width=\"100%\"><tr><td align=\"left\">bertcamem</td><td align=\"right\">EvertonRibeiro2013</tr><tr><td align=\"left\"><i class=\"fa fa-circle-o\"></i> <i class=\"fa fa-circle-o\"></i> </td><td align=\"right\"><i class=\"fa fa-circle-o\"></i> <i class=\"fa fa-circle-o\"></i> </tr></table>\n|uhtml|bestof|<h2><strong>Game 1</strong> of <a href=\"/game-bestof3-gen9vgc2025regibo3-2354682796\">a best-of-3</a></h2>\n|t:|1746110343\n|gametype|doubles\n|player|p1|bertcamem|steven-masters2|1298\n|player|p2|EvertonRibeiro2013|2|1282\n|teamsize|p1|6\n|teamsize|p2|6\n|gen|9\n|tier|[Gen 9] VGC 2025 Reg I (Bo3)\n|rated|\n|rule|Species Clause: Limit one of each Pok\u00e9mon\n|rule|Item Clause: Limit 1 of each item\n|clearpoke\n|poke|p1|Koraidon, L50|\n|poke|p1|Ho-Oh, L50|\n|poke|p1|Gurdurr, L50, F|\n|poke|p1|Flutter Mane, L50|\n|poke|p1|Rillaboom, L50, F|\n|poke|p1|Raging Bolt, L50|\n|poke|p2|Miraidon, L50|\n|poke|p2|Calyrex-Ice, L50|\n|poke|p2|Iron Valiant, L50|\n|poke|p2|Volcarona, L50, F|\n|poke|p2|Iron Hands, L50|\n|poke|p2|Farigiraf, L50, F|\n|teampreview|4\n|showteam|p1|Koraidon||LifeOrb|OrichalcumPulse|FlareBlitz,CloseCombat,Protect,Uturn||||||50|,,,,,Fire]Ho-Oh||ClearAmulet|Regenerator|SacredFire,BraveBird,Protect,Tailwind||||||50|,,,,,Grass]Gurdurr||Eviolite|IronFist|DrainPunch,Coaching,WideGuard,HelpingHand|||F|||50|,,,,,Water]Flutter Mane||FocusSash|Protosynthesis|Moonblast,ShadowBall,Taunt,IcyWind||||||50|,,,,,Normal]Rillaboom||AssaultVest|GrassySurge|FakeOut,GrassyGlide,WoodHammer,Uturn|||F|||50|,,,,,Fire]Raging Bolt||BoosterEnergy|Protosynthesis|Protect,Thunderclap,Thunderbolt,DracoMeteor||||||50|,,,,,Fairy\n|showteam|p2|Miraidon||ChoiceSpecs|HadronEngine|ElectroDrift,DracoMeteor,VoltSwitch,DazzlingGleam||||||50|,,,,,Fairy]Calyrex-Ice||ClearAmulet|AsOneGlastrier|Protect,GlacialLance,HighHorsepower,TrickRoom||||||50|,,,,,Water]Iron Valiant||FocusSash|QuarkDrive|SpiritBreak,WideGuard,Coaching,IcyWind||||||50|,,,,,Ghost]Volcarona||RockyHelmet|FlameBody|FieryDance,RagePowder,WillOWisp,Tailwind|||F|||50|,,,,,Water]Iron Hands||AssaultVest|QuarkDrive|FakeOut,DrainPunch,HeavySlam,WildCharge||||||50|,,,,,Bug]Farigiraf||ElectricSeed|ArmorTail|FoulPlay,PsychicNoise,TrickRoom,HelpingHand|||F|||50|,,,,,Water\n|inactive|Battle timer is ON: inactive players will automatically lose when time's up. (requested by bertcamem)\n|inactive|EvertonRibeiro2013 has 60 seconds left.\n|\n|t:|1746110388\n|start\n|switch|p1a: Sun|Koraidon, L50|100/100\n|switch|p1b: Chariot|Rillaboom, L50, F|100/100\n|switch|p2a: Volcarona|Volcarona, L50, F|100/100\n|switch|p2b: Calyrex|Calyrex-Ice, L50|100/100\n|-ability|p2b: Calyrex|As One\n|-ability|p2b: Calyrex|Unnerve\n|-weather|SunnyDay|[from] ability: Orichalcum Pulse|[of] p1a: Sun\n|-activate|p1a: Sun|Orichalcum Pulse|[source]\n|-fieldstart|move: Grassy Terrain|[from] ability: Grassy Surge|[of] p1b: Chariot\n|turn|1\n|inactive|EvertonRibeiro2013 has 30 seconds left.\n|\n|t:|1746110415\n|move|p1b: Chariot|Fake Out|p2a: Volcarona\n|-damage|p2a: Volcarona|90/100\n|-damage|p1b: Chariot|84/100|[from] item: Rocky Helmet|[of] p2a: Volcarona\n|cant|p2a: Volcarona|flinch\n|move|p1a: Sun|U-turn|p2b: Calyrex\n|-supereffective|p2b: Calyrex\n|-crit|p2b: Calyrex\n|-damage|p2b: Calyrex|14/100\n|-damage|p1a: Sun|91/100|[from] item: Life Orb\n|\n|t:|1746110418\n|switch|p1a: Strength|Gurdurr, L50, F|100/100|[from] U-turn\n|move|p2b: Calyrex|Glacial Lance|p1b: Chariot|[spread] p1a,p1b\n|-supereffective|p1b: Chariot\n|-damage|p1a: Strength|74/100\n|-damage|p1b: Chariot|0 fnt\n|faint|p1b: Chariot\n|-ability|p2b: Calyrex|Chilling Neigh|boost\n|-boost|p2b: Calyrex|atk|1\n|\n|-weather|SunnyDay|[upkeep]\n|-heal|p2a: Volcarona|96/100|[from] Grassy Terrain\n|-heal|p2b: Calyrex|20/100|[from] Grassy Terrain\n|-heal|p1a: Strength|80/100|[from] Grassy Terrain\n|upkeep\n|\n|t:|1746110427\n|switch|p1b: Sun|Koraidon, L50|91/100\n|-activate|p1b: Sun|ability: Orichalcum Pulse\n|turn|2\n|\n|t:|1746110440\n|move|p1a: Strength|Wide Guard|p1a: Strength\n|-singleturn|p1a: Strength|Wide Guard\n|move|p2a: Volcarona|Rage Powder|p2a: Volcarona\n|-singleturn|p2a: Volcarona|move: Rage Powder\n|move|p1b: Sun|Flare Blitz|p2a: Volcarona\n|-damage|p2a: Volcarona|2/100\n|-damage|p1b: Sun|74/100|[from] item: Rocky Helmet|[of] p2a: Volcarona\n|-damage|p1b: Sun|40/100|[from] Recoil\n|-damage|p1b: Sun|31/100|[from] item: Life Orb\n|move|p2b: Calyrex|High Horsepower|p1b: Sun\n|-damage|p1b: Sun|0 fnt\n|faint|p1b: Sun\n|-ability|p2b: Calyrex|Chilling Neigh|boost\n|-boost|p2b: Calyrex|atk|1\n|\n|-weather|SunnyDay|[upkeep]\n|-heal|p2a: Volcarona|8/100|[from] Grassy Terrain\n|-heal|p2b: Calyrex|26/100|[from] Grassy Terrain\n|-heal|p1a: Strength|86/100|[from] Grassy Terrain\n|upkeep\n|\n|t:|1746110444\n|switch|p1b: Emperor|Ho-Oh, L50|100/100\n|turn|3\n|\n|t:|1746110462\n|move|p1a: Strength|Wide Guard|p1a: Strength\n|-singleturn|p1a: Strength|Wide Guard\n|move|p2a: Volcarona|Tailwind|p2a: Volcarona\n|-sidestart|p2: EvertonRibeiro2013|move: Tailwind\n|move|p2b: Calyrex|Glacial Lance|p1b: Emperor|[spread] \n|-activate|p1a: Strength|move: Wide Guard\n|-activate|p1b: Emperor|move: Wide Guard\n|move|p1b: Emperor|Tailwind|p1b: Emperor\n|-sidestart|p1: bertcamem|move: Tailwind\n|\n|-weather|SunnyDay|[upkeep]\n|-heal|p2a: Volcarona|14/100|[from] Grassy Terrain\n|-heal|p2b: Calyrex|31/100|[from] Grassy Terrain\n|-heal|p1a: Strength|93/100|[from] Grassy Terrain\n|upkeep\n|turn|4\n|\n|t:|1746110475\n|move|p1a: Strength|Wide Guard|p1a: Strength\n|-singleturn|p1a: Strength|Wide Guard\n|move|p2a: Volcarona|Fiery Dance|p1a: Strength\n|-damage|p1a: Strength|39/100\n|-boost|p2a: Volcarona|spa|1\n|move|p1b: Emperor|Sacred Fire|p2b: Calyrex\n|-supereffective|p2b: Calyrex\n|-damage|p2b: Calyrex|0 fnt\n|faint|p2b: Calyrex\n|\n|-weather|SunnyDay|[upkeep]\n|-heal|p2a: Volcarona|20/100|[from] Grassy Terrain\n|-heal|p1a: Strength|45/100|[from] Grassy Terrain\n|upkeep\n|\n|t:|1746110483\n|switch|p2b: Miraidon|Miraidon, L50|100/100\n|-fieldstart|move: Electric Terrain|[from] ability: Hadron Engine|[of] p2b: Miraidon\n|turn|5\n|\n|t:|1746110497\n|-terastallize|p1b: Emperor|Grass\n|move|p1a: Strength|Helping Hand|p1b: Emperor\n|-singleturn|p1b: Emperor|Helping Hand|[of] p1a: Strength\n|move|p2b: Miraidon|Volt Switch|p1b: Emperor\n|-resisted|p1b: Emperor\n|-damage|p1b: Emperor|72/100\n|\n|t:|1746110502\n|switch|p2b: Iron Valiant|Iron Valiant, L50|100/100|[from] Volt Switch\n|-activate|p2b: Iron Valiant|ability: Quark Drive\n|-start|p2b: Iron Valiant|quarkdrivespe\n|move|p2a: Volcarona|Fiery Dance|p1b: Emperor\n|-supereffective|p1b: Emperor\n|-crit|p1b: Emperor\n|-damage|p1b: Emperor|0 fnt\n|faint|p1b: Emperor\n|\n|-weather|none\n|upkeep\n|turn|6\n|-message|bertcamem forfeited.\n|\n|win|EvertonRibeiro2013\n||bertcamem is ready for game 2.\n||EvertonRibeiro2013 is ready for game 2.\n|uhtml|next|Next: <a href=\"/battle-gen9vgc2025regibo3-2354684582\"><strong>Game 2 of 3</strong></a>\n|l|\u2606EvertonRibeiro2013\n|player|p2|\n", "uploadtime": 1746110876, "views": 5, "formatid": "gen9vgc2025regibo3", "rating": null, "private": 0, "password": null}