{"id": "gen9vgc2025regibo3-2354062670", "format": "[Gen 9] VGC 2025 Reg I (Bo3)", "players": ["Yoddle Yoddle", "IngeVGC"], "log": "|j|\u2606Yoddle Yoddle\n|j|\u2606IngeVGC\n|html|<table width=\"100%\"><tr><td align=\"left\">Yoddle Yoddle</td><td align=\"right\">IngeVGC</tr><tr><td align=\"left\"><i class=\"fa fa-circle\"></i> <i class=\"fa fa-circle-o\"></i> </td><td align=\"right\"><i class=\"fa fa-circle-o\"></i> <i class=\"fa fa-circle-o\"></i> </tr></table>\n|uhtml|bestof|<h2><strong>Game 2</strong> of <a href=\"/game-bestof3-gen9vgc2025regibo3-2354060712\">a best-of-3</a></h2>\n|t:|1746031641\n|gametype|doubles\n|player|p1|Yoddle Yoddle|backpacker|1178\n|player|p2|IngeVGC|fisherman-gen4|1258\n|teamsize|p1|6\n|teamsize|p2|6\n|gen|9\n|tier|[Gen 9] VGC 2025 Reg I (Bo3)\n|rated|\n|rule|Species Clause: Limit one of each Pok\u00e9mon\n|rule|Item Clause: Limit 1 of each item\n|clearpoke\n|poke|p1|Zamazenta-*, L50|\n|poke|p1|Chien-Pao, L50|\n|poke|p1|Lunala, L50|\n|poke|p1|Indeedee-F, L50, F|\n|poke|p1|Sneasler, L50, F|\n|poke|p1|Gouging Fire, L50|\n|poke|p2|Miraidon, L50|\n|poke|p2|Lunala, L50|\n|poke|p2|Whimsicott, L50, F|\n|poke|p2|Chi-Yu, L50|\n|poke|p2|Urshifu-*, L50, M|\n|poke|p2|Iron Hands, L50|\n|teampreview|4\n|showteam|p1|Zamazenta-Crowned||RustedShield|DauntlessShield|behemothbash,BodyPress,Protect,WideGuard||||||50|,,,,,Dragon]Chien-Pao||FocusSash|SwordofRuin|Protect,ThroatChop,SacredSword,IcyWind||||||50|,,,,,Stellar]Lunala||PowerHerb|ShadowShield|MoongeistBeam,ExpandingForce,MeteorBeam,TrickRoom||||||50|,,,,,Water]Indeedee-F||SafetyGoggles|PsychicSurge|FollowMe,TrickRoom,AlluringVoice,HealPulse|||F|||50|,,,,,Fairy]Sneasler||PsychicSeed|Unburden|DireClaw,ThroatChop,ToxicSpikes,CloseCombat|||F|||50|,,,,,Ghost]Gouging Fire||BoosterEnergy|Protosynthesis|BurningBulwark,Howl,FlareBlitz,DragonClaw||||||50|,,,,,Water\n|showteam|p2|Miraidon||ChoiceSpecs|HadronEngine|ElectroDrift,VoltSwitch,DracoMeteor,DazzlingGleam||||||50|,,,,,Fairy]Lunala||ElectricSeed|ShadowShield|MoongeistBeam,Psyshock,TrickRoom,WideGuard||||||50|,,,,,Water]Whimsicott||CovertCloak|Prankster|Moonblast,Tailwind,Encore,LightScreen|||F|||50|,,,,,Dark]Chi-Yu||ChoiceScarf|BeadsofRuin|HeatWave,DarkPulse,Overheat,Snarl||||||50|,,,,,Ghost]Urshifu-Rapid-Strike||FocusSash|UnseenFist|SurgingStrikes,CloseCombat,AquaJet,Detect|||M|||50|,,,,,Stellar]Iron Hands||AssaultVest|QuarkDrive|DrainPunch,LowKick,HeavySlam,FakeOut||||||50|,,,,,Water\n|\n|t:|1746031690\n|start\n|switch|p1a: Indeedee|Indeedee-F, L50, F|100/100\n|switch|p1b: Sneasler|Sneasler, L50, F|100/100\n|switch|p2a: Miraidon|Miraidon, L50|100/100\n|switch|p2b: Chi-Yu|Chi-Yu, L50|100/100\n|-ability|p2b: Chi-Yu|Beads of Ruin\n|-fieldstart|move: Electric Terrain|[from] ability: Hadron Engine|[of] p2a: Miraidon\n|-fieldstart|move: Psychic Terrain|[from] ability: Psychic Surge|[of] p1a: Indeedee\n|-enditem|p1b: Sneasler|Psychic Seed\n|-boost|p1b: Sneasler|spd|1|[from] item: Psychic Seed\n|turn|1\n|\n|t:|1746031711\n|move|p1b: Sneasler|Close Combat|p2b: Chi-Yu\n|-supereffective|p2b: Chi-Yu\n|-damage|p2b: Chi-Yu|0 fnt\n|-unboost|p1b: Sneasler|def|1\n|-unboost|p1b: Sneasler|spd|1\n|faint|p2b: Chi-Yu\n|move|p2a: Miraidon|Volt Switch|p1b: Sneasler\n|-damage|p1b: Sneasler|23/100\n|\n|t:|1746031722\n|switch|p2a: Lunala|Lunala, L50|100/100|[from] Volt Switch\n|move|p1a: Indeedee|Trick Room|p1a: Indeedee\n|-fieldstart|move: Trick Room|[of] p1a: Indeedee\n|\n|upkeep\n|\n|t:|1746031726\n|switch|p2b: Urshifu|Urshifu-Rapid-Strike, L50, M|100/100\n|turn|2\n|\n|t:|1746031751\n|-terastallize|p2a: Lunala|Water\n|move|p1a: Indeedee|Alluring Voice|p2b: Urshifu\n|-supereffective|p2b: Urshifu\n|-damage|p2b: Urshifu|44/100\n|move|p2a: Lunala|Psyshock|p1b: Sneasler\n|-supereffective|p1b: Sneasler\n|-damage|p1b: Sneasler|0 fnt\n|faint|p1b: Sneasler\n|move|p2b: Urshifu|Surging Strikes|p1a: Indeedee\n|-crit|p1a: Indeedee\n|-damage|p1a: Indeedee|78/100\n|-crit|p1a: Indeedee\n|-damage|p1a: Indeedee|56/100\n|-crit|p1a: Indeedee\n|-damage|p1a: Indeedee|35/100\n|-hitcount|p1a: Indeedee|3\n|\n|upkeep\n|\n|t:|1746031759\n|switch|p1b: Lunala|Lunala, L50|100/100\n|turn|3\n|\n|t:|1746031772\n|switch|p2b: Miraidon|Miraidon, L50|100/100\n|-fieldstart|move: Electric Terrain|[from] ability: Hadron Engine|[of] p2b: Miraidon\n|-enditem|p2a: Lunala|Electric Seed\n|-boost|p2a: Lunala|def|1|[from] item: Electric Seed\n|-terastallize|p1b: Lunala|Water\n|move|p1a: Indeedee|Alluring Voice|p2b: Miraidon\n|-supereffective|p2b: Miraidon\n|-damage|p2b: Miraidon|72/100\n|move|p1b: Lunala|Meteor Beam||[still]\n|-prepare|p1b: Lunala|Meteor Beam\n|-boost|p1b: Lunala|spa|1\n|-enditem|p1b: Lunala|Power Herb\n|-anim|p1b: Lunala|Meteor Beam|p2a: Lunala\n|-damage|p2a: Lunala|76/100\n|move|p2a: Lunala|Trick Room|p2a: Lunala\n|-fieldend|move: Trick Room\n|\n|upkeep\n|turn|4\n|\n|t:|1746031807\n|move|p1a: Indeedee|Follow Me|p1a: Indeedee\n|-singleturn|p1a: Indeedee|move: Follow Me\n|move|p2b: Miraidon|Volt Switch|p1a: Indeedee\n|-damage|p1a: Indeedee|0 fnt\n|faint|p1a: Indeedee\n|\n|t:|1746031812\n|switch|p2b: Urshifu|Urshifu-Rapid-Strike, L50, M|44/100|[from] Volt Switch\n|move|p2a: Lunala|Trick Room|p2a: Lunala\n|-fieldstart|move: Trick Room|[of] p2a: Lunala\n|move|p1b: Lunala|Trick Room|p1b: Lunala\n|-fieldend|move: Trick Room\n|\n|upkeep\n|\n|t:|1746031817\n|switch|p1a: Zamazenta|Zamazenta-Crowned, L50|100/100\n|-ability|p1a: Zamazenta|Dauntless Shield|boost\n|-boost|p1a: Zamazenta|def|1\n|turn|5\n|\n|t:|1746031830\n|move|p1a: Zamazenta|Body Press|p2b: Urshifu\n|-damage|p2b: Urshifu|0 fnt\n|faint|p2b: Urshifu\n|move|p2a: Lunala|Moongeist Beam|p1a: Zamazenta\n|-damage|p1a: Zamazenta|53/100\n|move|p1b: Lunala|Trick Room|p1b: Lunala\n|-fieldstart|move: Trick Room|[of] p1b: Lunala\n|\n|upkeep\n|\n|t:|1746031833\n|switch|p2b: Miraidon|Miraidon, L50|72/100\n|-activate|p2b: Miraidon|ability: Hadron Engine\n|turn|6\n|\n|t:|1746031839\n|move|p1b: Lunala|Moongeist Beam|p2b: Miraidon\n|-damage|p2b: Miraidon|0 fnt\n|faint|p2b: Miraidon\n|move|p2a: Lunala|Moongeist Beam|p1a: Zamazenta\n|-damage|p1a: Zamazenta|8/100\n|move|p1a: Zamazenta|Body Press|p2a: Lunala\n|-damage|p2a: Lunala|36/100\n|\n|upkeep\n|turn|7\n|\n|t:|1746031844\n|move|p1b: Lunala|Moongeist Beam|p2a: Lunala\n|-damage|p2a: Lunala|0 fnt\n|faint|p2a: Lunala\n|\n|win|Yoddle Yoddle\n|raw|Yoddle Yoddle's rating: 1178 &rarr; <strong>1209</strong><br />(+31 for winning)\n|raw|IngeVGC's rating: 1258 &rarr; <strong>1227</strong><br />(-31 for losing)\n|c|\u2606Yoddle Yoddle|ggs\n|l|\u2606IngeVGC\n|player|p2|\n|l|\u2606Yoddle Yoddle\n|player|p1|\n", "uploadtime": 1746032159, "views": 6, "formatid": "gen9vgc2025regibo3", "rating": 1209, "private": 0, "password": null}