{"id": "gen9vgc2025regibo3-2353639039", "format": "[Gen 9] VGC 2025 Reg I (Bo3)", "players": ["CityPopThatThang", "EtienneN7"], "log": "|j|\u2606CityPopThatThang\n|j|\u2606EtienneN7\n|html|<table width=\"100%\"><tr><td align=\"left\">CityPopThatThang</td><td align=\"right\">EtienneN7</tr><tr><td align=\"left\"><i class=\"fa fa-circle\"></i> <i class=\"fa fa-circle-o\"></i> </td><td align=\"right\"><i class=\"fa fa-circle-o\"></i> <i class=\"fa fa-circle-o\"></i> </tr></table>\n|uhtml|bestof|<h2><strong>Game 2</strong> of <a href=\"/game-bestof3-gen9vgc2025regibo3-2353637464\">a best-of-3</a></h2>\n|t:|1745977665\n|gametype|doubles\n|player|p1|CityPopThatThang|guzma|1106\n|player|p2|EtienneN7|dawn|1052\n|teamsize|p1|6\n|teamsize|p2|6\n|gen|9\n|tier|[Gen 9] VGC 2025 Reg I (Bo3)\n|rated|\n|rule|Species Clause: Limit one of each Pok\u00e9mon\n|rule|Item Clause: Limit 1 of each item\n|clearpoke\n|poke|p1|Calyrex-Ice, L50|\n|poke|p1|Lunala, L50|\n|poke|p1|Indeedee-F, L50, F|\n|poke|p1|Ursaluna-Bloodmoon, L50, M|\n|poke|p1|Urshifu-*, L50, F|\n|poke|p1|Smeargle, L50, F|\n|poke|p2|Zamazenta-*, L50|\n|poke|p2|Incineroar, L50, F|\n|poke|p2|Amoonguss, L50, F|\n|poke|p2|Miraidon, L50|\n|poke|p2|Tornadus, L50, M|\n|poke|p2|Urshifu-*, L50, F|\n|teampreview|4\n|showteam|p1|Calyrex-Ice||NeverMeltIce|AsOneGlastrier|GlacialLance,HighHorsepower,TrickRoom,Protect||||||50|,,,,,Fire]Lunala||PowerHerb|ShadowShield|MoongeistBeam,ExpandingForce,MeteorBeam,TrickRoom||||||50|,,,,,Water]Indeedee-F||PsychicSeed|PsychicSurge|AlluringVoice,TrickRoom,FollowMe,HealPulse|||F|||50|,,,,,Fairy]Ursaluna-Bloodmoon||LifeOrb|MindsEye|HyperVoice,EarthPower,BloodMoon,Protect|||M|||50|,,,,,Poison]Urshifu||ChoiceBand|UnseenFist|WickedBlow,CloseCombat,SuckerPunch,IronHead|||F|||50|,,,,,Grass]Smeargle||FocusSash|OwnTempo|FollowMe,FakeOut,Spore,Decorate|||F|||50|,,,,,Grass\n|showteam|p2|Zamazenta-Crowned||RustedShield|DauntlessShield|BodyPress,behemothbash,WideGuard,Protect||||||50|,,,,,Dragon]Incineroar||RockyHelmet|Intimidate|FakeOut,PartingShot,DarkestLariat,WillOWisp|||F|||50|,,,,,Ghost]Amoonguss||SitrusBerry|Regenerator|RagePowder,Spore,SludgeBomb,PollenPuff|||F|||50|,,,,,Dark]Miraidon||LifeOrb|HadronEngine|DragonPulse,Discharge,VoltSwitch,Overheat||||||50|,,,,,Fire]Tornadus||CovertCloak|Prankster|Tailwind,Taunt,Sandstorm,BleakwindStorm|||M|||50|,,,,,Flying]Urshifu||FocusSash|UnseenFist|WickedBlow,Detect,IronHead,CloseCombat|||F|||50|,,,,,Steel\n|inactive|Battle timer is ON: inactive players will automatically lose when time's up. (requested by CityPopThatThang)\n|\n|t:|1745977689\n|start\n|switch|p1a: Calyrex|Calyrex-Ice, L50|100/100\n|switch|p1b: Lunala|Lunala, L50|100/100\n|switch|p2a: Yogi|Urshifu, L50, F|100/100\n|switch|p2b: Eleazar|Miraidon, L50|100/100\n|-ability|p1a: Calyrex|As One\n|-ability|p1a: Calyrex|Unnerve\n|-fieldstart|move: Electric Terrain|[from] ability: Hadron Engine|[of] p2b: Eleazar\n|turn|1\n|inactive|CityPopThatThang has 30 seconds left.\n|inactive|EtienneN7 has 30 seconds left.\n|\n|t:|1745977727\n|switch|p1b: Indeedee|Indeedee-F, L50, F|100/100\n|-fieldstart|move: Psychic Terrain|[from] ability: Psychic Surge|[of] p1b: Indeedee\n|-enditem|p1b: Indeedee|Psychic Seed\n|-boost|p1b: Indeedee|spd|1|[from] item: Psychic Seed\n|-terastallize|p1a: Calyrex|Fire\n|move|p2b: Eleazar|Volt Switch|p1b: Indeedee\n|-damage|p1b: Indeedee|67/100\n|-damage|p2b: Eleazar|91/100|[from] item: Life Orb\n|\n|t:|1745977738\n|switch|p2b: Woof Woof|Zamazenta-Crowned, L50|100/100|[from] Volt Switch\n|-ability|p2b: Woof Woof|Dauntless Shield|boost\n|-boost|p2b: Woof Woof|def|1\n|move|p2a: Yogi|Wicked Blow|p1a: Calyrex\n|-crit|p1a: Calyrex\n|-damage|p1a: Calyrex|62/100\n|move|p1a: Calyrex|Trick Room|p1a: Calyrex\n|-fieldstart|move: Trick Room|[of] p1a: Calyrex\n|\n|upkeep\n|turn|2\n|\n|t:|1745977754\n|move|p2a: Yogi|Detect|p2a: Yogi\n|-singleturn|p2a: Yogi|Protect\n|move|p1a: Calyrex|High Horsepower|p2a: Yogi\n|-activate|p2a: Yogi|move: Protect\n|move|p1b: Indeedee|Alluring Voice|p2a: Yogi\n|-activate|p2a: Yogi|move: Protect\n|move|p2b: Woof Woof|Body Press|p1a: Calyrex\n|-damage|p1a: Calyrex|22/100\n|\n|upkeep\n|turn|3\n|\n|t:|1745977776\n|switch|p2a: Meow Meow|Incineroar, L50, F|100/100\n|-ability|p2a: Meow Meow|Intimidate|boost\n|-unboost|p1a: Calyrex|atk|1\n|-unboost|p1b: Indeedee|atk|1\n|move|p2b: Woof Woof|Protect|p2b: Woof Woof\n|-singleturn|p2b: Woof Woof|Protect\n|move|p1a: Calyrex|Glacial Lance|p2b: Woof Woof|[spread] p2a\n|-activate|p2b: Woof Woof|move: Protect\n|-resisted|p2a: Meow Meow\n|-damage|p2a: Meow Meow|83/100\n|move|p1b: Indeedee|Heal Pulse|p1a: Calyrex\n|-heal|p1a: Calyrex|72/100\n|\n|upkeep\n|turn|4\n|inactive|CityPopThatThang has 30 seconds left.\n|inactive|EtienneN7 has 30 seconds left.\n|inactive|CityPopThatThang has 20 seconds left.\n|inactive|CityPopThatThang has 15 seconds left.\n|\n|t:|1745977818\n|move|p1b: Indeedee|Follow Me|p1b: Indeedee\n|-singleturn|p1b: Indeedee|move: Follow Me\n|move|p1a: Calyrex|High Horsepower|p2a: Meow Meow\n|-supereffective|p2a: Meow Meow\n|-damage|p2a: Meow Meow|38/100\n|-damage|p1a: Calyrex|56/100|[from] item: Rocky Helmet|[of] p2a: Meow Meow\n|move|p2a: Meow Meow|Parting Shot|p1b: Indeedee\n|-unboost|p1b: Indeedee|atk|1\n|-unboost|p1b: Indeedee|spa|1\n|\n|t:|1745977828\n|switch|p2a: Yogi|Urshifu, L50, F|100/100|[from] Parting Shot\n|move|p2b: Woof Woof|Body Press|p1b: Indeedee\n|-damage|p1b: Indeedee|0 fnt\n|faint|p1b: Indeedee\n|\n|upkeep\n|\n|t:|1745977836\n|switch|p1b: Lunala|Lunala, L50|100/100\n|turn|5\n|\n|t:|1745977846\n|move|p2a: Yogi|Detect|p2a: Yogi\n|-singleturn|p2a: Yogi|Protect\n|move|p2b: Woof Woof|Behemoth Bash|p1b: Lunala\n|-damage|p1b: Lunala|84/100\n|move|p1a: Calyrex|Trick Room|p1a: Calyrex\n|-fieldend|move: Trick Room\n|move|p1b: Lunala|Trick Room|p1b: Lunala\n|-fieldstart|move: Trick Room|[of] p1b: Lunala\n|\n|-fieldend|move: Psychic Terrain\n|upkeep\n|turn|6\n|c|\u2606EtienneN7|ok, that was nice\n|c|\u2606CityPopThatThang|Ayyyye thanks!\n|inactive|CityPopThatThang has 30 seconds left.\n|inactive|EtienneN7 has 30 seconds left.\n|\n|t:|1745977881\n|switch|p2a: Meow Meow|Incineroar, L50, F|38/100\n|-ability|p2a: Meow Meow|Intimidate|boost\n|-unboost|p1a: Calyrex|atk|1\n|-unboost|p1b: Lunala|atk|1\n|move|p1a: Calyrex|High Horsepower|p2a: Meow Meow\n|-supereffective|p2a: Meow Meow\n|-damage|p2a: Meow Meow|5/100\n|-damage|p1a: Calyrex|39/100|[from] item: Rocky Helmet|[of] p2a: Meow Meow\n|move|p1b: Lunala|Meteor Beam||[still]\n|-prepare|p1b: Lunala|Meteor Beam\n|-boost|p1b: Lunala|spa|1\n|-enditem|p1b: Lunala|Power Herb\n|-anim|p1b: Lunala|Meteor Beam|p2a: Meow Meow\n|-supereffective|p2a: Meow Meow\n|-damage|p2a: Meow Meow|0 fnt\n|faint|p2a: Meow Meow\n|move|p2b: Woof Woof|Body Press|p1a: Calyrex\n|-damage|p1a: Calyrex|0 fnt\n|faint|p1a: Calyrex\n|\n|upkeep\n|\n|t:|1745977901\n|switch|p1a: Ursaluna|Ursaluna-Bloodmoon, L50, M|100/100\n|switch|p2a: Eleazar|Miraidon, L50|91/100\n|-fieldstart|move: Electric Terrain|[from] ability: Hadron Engine|[of] p2a: Eleazar\n|turn|7\n|inactive|CityPopThatThang has 30 seconds left.\n|inactive|EtienneN7 has 30 seconds left.\n|inactive|CityPopThatThang has 20 seconds left.\n|\n|t:|1745977938\n|move|p1a: Ursaluna|Earth Power|p2b: Woof Woof\n|-supereffective|p2b: Woof Woof\n|-damage|p2b: Woof Woof|18/100\n|-damage|p1a: Ursaluna|91/100|[from] item: Life Orb\n|move|p1b: Lunala|Moongeist Beam|p2b: Woof Woof\n|-damage|p2b: Woof Woof|0 fnt\n|faint|p2b: Woof Woof\n|move|p2a: Eleazar|Dragon Pulse|p1a: Ursaluna\n|-damage|p1a: Ursaluna|0 fnt\n|faint|p1a: Ursaluna\n|-damage|p2a: Eleazar|81/100|[from] item: Life Orb\n|\n|upkeep\n|\n|t:|1745977950\n|switch|p2b: Yogi|Urshifu, L50, F|100/100\n|turn|8\n|c|\u2606CityPopThatThang|Lowkey surprised that Pulse KOd omg lol\n|c|\u2606EtienneN7|yeah that bloodmoon has higher def than sp def\n|inactive|EtienneN7 has 30 seconds left.\n|c|\u2606EtienneN7|beside i have terrain + stab + life orb\n|c|\u2606CityPopThatThang|100% lol\n|inactive|EtienneN7 has 20 seconds left.\n|\n|t:|1745977989\n|move|p1b: Lunala|Moongeist Beam|p2b: Yogi\n|-resisted|p2b: Yogi\n|-damage|p2b: Yogi|31/100\n|move|p2b: Yogi|Wicked Blow|p1b: Lunala\n|-supereffective|p1b: Lunala\n|-crit|p1b: Lunala\n|-damage|p1b: Lunala|0 fnt\n|faint|p1b: Lunala\n|\n|win|EtienneN7\n|c|\u2606CityPopThatThang|I definitely underestimated the goat\n||CityPopThatThang is ready for game 3.\n|inactive|EtienneN7 has 30 seconds to confirm battle start!\n||EtienneN7 is ready for game 3.\n|uhtml|next|Next: <a href=\"/battle-gen9vgc2025regibo3-2353641875\"><strong>Game 3 of 3</strong></a>\n|l|\u2606CityPopThatThang\n|player|p1|\n", "uploadtime": 1745978274, "views": 25, "formatid": "gen9vgc2025regibo3", "rating": null, "private": 0, "password": null}