{"id": "gen9vgc2025regibo3-2353421110", "format": "[Gen 9] VGC 2025 Reg I (Bo3)", "players": ["bruinbroker01", "McDubbieEnthusiast"], "log": "|j|\u2606bruinbroker01\n|j|\u2606McDubbieEnthusiast\n|html|<table width=\"100%\"><tr><td align=\"left\">bruinbroker01</td><td align=\"right\">McDubbieEnthusiast</tr><tr><td align=\"left\"><i class=\"fa fa-circle\"></i> <i class=\"fa fa-circle-o\"></i> </td><td align=\"right\"><i class=\"fa fa-circle-o\"></i> <i class=\"fa fa-circle\"></i> </tr></table>\n|uhtml|bestof|<h2><strong>Game 3</strong> of <a href=\"/game-bestof3-gen9vgc2025regibo3-2353415026\">a best-of-3</a></h2>\n|t:|1745954459\n|gametype|doubles\n|player|p1|bruinbroker01|170|1170\n|player|p2|McDubbieEnthusiast|li|1234\n|teamsize|p1|6\n|teamsize|p2|6\n|gen|9\n|tier|[Gen 9] VGC 2025 Reg I (Bo3)\n|rated|\n|rule|Species Clause: Limit one of each Pok\u00e9mon\n|rule|Item Clause: Limit 1 of each item\n|clearpoke\n|poke|p1|Indeedee-F, L50, F|\n|poke|p1|Calyrex-Ice, L50|\n|poke|p1|Ursaluna-Bloodmoon, L50, M|\n|poke|p1|Smeargle, L50, M|\n|poke|p1|Urshifu-*, L50, F|\n|poke|p1|Lunala, L50|\n|poke|p2|Calyrex-Shadow, L50|\n|poke|p2|Zamazenta-*, L50|\n|poke|p2|Weezing-Galar, L50, F|\n|poke|p2|Incineroar, L50, M|\n|poke|p2|Urshifu-*, L50, M|\n|poke|p2|Ditto, L50|\n|teampreview|4\n|showteam|p1|Indeedee-F||RockyHelmet|PsychicSurge|Psychic,TrickRoom,FollowMe,HelpingHand|||F|||50|,,,,,Fairy]Calyrex-Ice||ClearAmulet|AsOneGlastrier|GlacialLance,HighHorsepower,TrickRoom,Protect||||||50|,,,,,Fire]Ursaluna-Bloodmoon||LifeOrb|MindsEye|EarthPower,HyperVoice,BloodMoon,Protect|||M|||50|,,,,,Normal]Smeargle||FocusSash|OwnTempo|FollowMe,FakeOut,Decorate,Spore|||M|||50|,,,,,Grass]Urshifu||ChoiceBand|UnseenFist|WickedBlow,SuckerPunch,CloseCombat,IronHead|||F|||50|,,,,,Grass]Lunala||PowerHerb|ShadowShield|ExpandingForce,TrickRoom,MoongeistBeam,MeteorBeam||||||50|,,,,,Grass\n|showteam|p2|Calyrex-Shadow||FocusSash|AsOneSpectrier|AstralBarrage,Psychic,Imprison,Protect||||||50|,,,,,Dark]Zamazenta-Crowned||RustedShield|DauntlessShield|BodyPress,HeavySlam,WideGuard,Protect||||||50|,,,,,Ghost]Weezing-Galar||CovertCloak|NeutralizingGas|StrangeSteam,PoisonGas,Taunt,Protect|||F|||50|,,,,,Grass]Incineroar||AssaultVest|Intimidate|FakeOut,KnockOff,FlareBlitz,Uturn|||M|||50|,,,,,Bug]Urshifu-Rapid-Strike||ChoiceScarf|UnseenFist|SurgingStrikes,CloseCombat,Uturn,Coaching|||M|||50|,,,,,Water]Ditto||AbilityShield|Imposter|Transform||||||50|,,,,,Ghost\n|\n|t:|1745954490\n|start\n|switch|p1a: Indeedee|Indeedee-F, L50, F, shiny|100/100\n|switch|p1b: Lunala|Lunala, L50|100/100\n|switch|p2a: Calyrex|Calyrex-Shadow, L50|100/100\n|switch|p2b: Zamazenta|Zamazenta-Crowned, L50|100/100\n|-ability|p2a: Calyrex|As One\n|-ability|p2a: Calyrex|Unnerve\n|-ability|p2b: Zamazenta|Dauntless Shield|boost\n|-boost|p2b: Zamazenta|def|1\n|-fieldstart|move: Psychic Terrain|[from] ability: Psychic Surge|[of] p1a: Indeedee\n|turn|1\n|\n|t:|1745954530\n|-terastallize|p1b: Lunala|Grass\n|move|p1a: Indeedee|Follow Me|p1a: Indeedee\n|-singleturn|p1a: Indeedee|move: Follow Me\n|move|p2a: Calyrex|Astral Barrage|p1b: Lunala|[spread] p1b\n|-immune|p1a: Indeedee\n|-damage|p1b: Lunala|80/100\n|move|p2b: Zamazenta|Heavy Slam|p1a: Indeedee\n|-damage|p1a: Indeedee|54/100\n|-damage|p2b: Zamazenta|84/100|[from] item: Rocky Helmet|[of] p1a: Indeedee\n|move|p1b: Lunala|Trick Room|p1b: Lunala\n|-fieldstart|move: Trick Room|[of] p1b: Lunala\n|\n|upkeep\n|turn|2\n|\n|t:|1745954554\n|move|p2a: Calyrex|Protect|p2a: Calyrex\n|-singleturn|p2a: Calyrex|Protect\n|move|p1a: Indeedee|Follow Me|p1a: Indeedee\n|-singleturn|p1a: Indeedee|move: Follow Me\n|move|p1b: Lunala|Moongeist Beam|p2a: Calyrex\n|-activate|p2a: Calyrex|move: Protect\n|move|p2b: Zamazenta|Body Press|p1a: Indeedee\n|-damage|p1a: Indeedee|0 fnt\n|-damage|p2b: Zamazenta|68/100|[from] item: Rocky Helmet|[of] p1a: Indeedee\n|faint|p1a: Indeedee\n|\n|upkeep\n|\n|t:|1745954566\n|switch|p1a: Smeargle|Smeargle, L50, M, shiny|100/100\n|turn|3\n|\n|t:|1745954585\n|move|p1a: Smeargle|Spore|p2a: Calyrex\n|-status|p2a: Calyrex|slp|[from] move: Spore\n|move|p1b: Lunala|Moongeist Beam|p2a: Calyrex\n|-supereffective|p2a: Calyrex\n|-enditem|p2a: Calyrex|Focus Sash\n|-damage|p2a: Calyrex|1/100 slp\n|move|p2b: Zamazenta|Body Press|p1a: Smeargle\n|-supereffective|p1a: Smeargle\n|-enditem|p1a: Smeargle|Focus Sash\n|-damage|p1a: Smeargle|1/100\n|cant|p2a: Calyrex|slp\n|\n|upkeep\n|turn|4\n|\n|t:|1745954608\n|move|p2b: Zamazenta|Protect|p2b: Zamazenta\n|-singleturn|p2b: Zamazenta|Protect\n|cant|p2a: Calyrex|slp\n|move|p1a: Smeargle|Spore|p2b: Zamazenta\n|-activate|p2b: Zamazenta|move: Protect\n|move|p1b: Lunala|Moongeist Beam|p2a: Calyrex\n|-supereffective|p2a: Calyrex\n|-damage|p2a: Calyrex|0 fnt\n|faint|p2a: Calyrex\n|\n|upkeep\n|\n|t:|1745954627\n|switch|p2a: Incineroar|Incineroar, L50, M, shiny|100/100\n|-ability|p2a: Incineroar|Intimidate|boost\n|-fail|p1a: Smeargle|unboost|Attack|[from] ability: Own Tempo|[of] p1a: Smeargle\n|-unboost|p1b: Lunala|atk|1\n|turn|5\n|\n|t:|1745954667\n|move|p1a: Smeargle|Spore|p2b: Zamazenta\n|-status|p2b: Zamazenta|slp|[from] move: Spore\n|move|p2a: Incineroar|U-turn|p1a: Smeargle\n|-crit|p1a: Smeargle\n|-damage|p1a: Smeargle|0 fnt\n|faint|p1a: Smeargle\n|\n|t:|1745954670\n|switch|p2a: Ditto|Ditto, L50, shiny|100/100|[from] U-turn\n|-transform|p2a: Ditto|p1b: Lunala|[from] ability: Imposter\n|move|p1b: Lunala|Meteor Beam||[still]\n|-prepare|p1b: Lunala|Meteor Beam\n|-boost|p1b: Lunala|spa|1\n|-enditem|p1b: Lunala|Power Herb\n|-anim|p1b: Lunala|Meteor Beam|p2a: Ditto\n|-damage|p2a: Ditto|65/100\n|cant|p2b: Zamazenta|slp\n|\n|-fieldend|move: Trick Room\n|-fieldend|move: Psychic Terrain\n|upkeep\n|\n|t:|1745954684\n|switch|p1a: Ursaluna|Ursaluna-Bloodmoon, L50, M|100/100\n|-start|p2a: Ditto|typechange|Psychic/Ghost|[silent]\n|turn|6\n|\n|t:|1745954740\n|-terastallize|p2a: Ditto|Ghost\n|cant|p2b: Zamazenta|slp\n|move|p1b: Lunala|Moongeist Beam|p2a: Ditto\n|-supereffective|p2a: Ditto\n|-damage|p2a: Ditto|0 fnt\n|faint|p2a: Ditto\n|move|p1a: Ursaluna|Earth Power|p2b: Zamazenta\n|-supereffective|p2b: Zamazenta\n|-crit|p2b: Zamazenta\n|-damage|p2b: Zamazenta|0 fnt\n|faint|p2b: Zamazenta\n|-damage|p1a: Ursaluna|91/100|[from] item: Life Orb\n|\n|upkeep\n|\n|t:|1745954747\n|switch|p2b: Incineroar|Incineroar, L50, M, shiny|100/100\n|-ability|p2b: Incineroar|Intimidate|boost\n|-unboost|p1a: Ursaluna|atk|1\n|-unboost|p1b: Lunala|atk|1\n|turn|7\n|-message|McDubbieEnthusiast forfeited.\n|\n|win|bruinbroker01\n|raw|bruinbroker01's rating: 1170 &rarr; <strong>1200</strong><br />(+30 for winning)\n|raw|McDubbieEnthusiast's rating: 1234 &rarr; <strong>1204</strong><br />(-30 for losing)\n|l|\u2606McDubbieEnthusiast\n|player|p2|\n", "uploadtime": 1745954807, "views": 10, "formatid": "gen9vgc2025regibo3", "rating": 1200, "private": 0, "password": null}