{"id": "gen9vgc2025regibo3-2353814143", "format": "[Gen 9] VGC 2025 Reg I (Bo3)", "players": ["Stian27", "7enzc7"], "log": "|j|\u2606Stian27\n|j|\u26067enzc7\n|html|<table width=\"100%\"><tr><td align=\"left\">Stian27</td><td align=\"right\">7enzc7</tr><tr><td align=\"left\"><i class=\"fa fa-circle\"></i> <i class=\"fa fa-circle-o\"></i> </td><td align=\"right\"><i class=\"fa fa-circle-o\"></i> <i class=\"fa fa-circle-o\"></i> </tr></table>\n|uhtml|bestof|<h2><strong>Game 2</strong> of <a href=\"/game-bestof3-gen9vgc2025regibo3-2353812041\">a best-of-3</a></h2>\n|t:|1746004414\n|gametype|doubles\n|player|p1|Stian27|ethan|1001\n|player|p2|7enzc7|2|1088\n|teamsize|p1|6\n|teamsize|p2|6\n|gen|9\n|tier|[Gen 9] VGC 2025 Reg I (Bo3)\n|rated|\n|rule|Species Clause: Limit one of each Pok\u00e9mon\n|rule|Item Clause: Limit 1 of each item\n|clearpoke\n|poke|p1|Incineroar, L50, M|\n|poke|p1|Rillaboom, L50, M|\n|poke|p1|Lugia, L50|\n|poke|p1|Lunala, L50|\n|poke|p1|Comfey, L50, M|\n|poke|p1|Landorus, L50, M|\n|poke|p2|Calyrex-Shadow, L50|\n|poke|p2|Koraidon, L50|\n|poke|p2|Brute Bonnet, L50|\n|poke|p2|Raging Bolt, L50|\n|poke|p2|Incineroar, L50, F|\n|poke|p2|Ogerpon-Cornerstone, L50, F|\n|teampreview|4\n|showteam|p1|Incineroar||RockyHelmet|Intimidate|FakeOut,KnockOff,FlareBlitz,PartingShot|||M|||50|,,,,,Grass]Rillaboom||AssaultVest|GrassySurge|WoodHammer,HighHorsepower,Uturn,FakeOut|||M|||50|,,,,,Fire]Lugia||Leftovers|Multiscale|Aeroblast,EarthPower,CalmMind,Recover||||||50|,,,,,Fairy]Lunala||PowerHerb|ShadowShield|MoongeistBeam,MeteorBeam,WideGuard,TrickRoom||||||50|,,,,,Water]Comfey||SitrusBerry|Triage|FloralHealing,DrainingKiss,Tailwind,Protect|||M|||50|,,,,,Steel]Landorus||LifeOrb|SheerForce|EarthPower,SludgeBomb,SandsearStorm,Protect|||M|||50|,,,,,Poison\n|showteam|p2|Calyrex-Shadow||FocusSash|AsOneSpectrier|AstralBarrage,Psychic,Encore,Protect||||||50|,,,,,Ghost]Koraidon||LifeOrb|OrichalcumPulse|CloseCombat,FlareBlitz,FlameCharge,Protect||||||50|,,,,,Fire]Brute Bonnet||CovertCloak|Protosynthesis|Spore,RagePowder,SuckerPunch,Protect||||||50|,,,,,Water]Raging Bolt||AssaultVest|Protosynthesis|Thunderbolt,Thunderclap,DracoMeteor,Electroweb||||||50|,,,,,Fairy]Incineroar||SafetyGoggles|Intimidate|KnockOff,Taunt,PartingShot,FakeOut|||F|||50|,,,,,Ghost]Ogerpon-Cornerstone||CornerstoneMask|Sturdy|IvyCudgel,FollowMe,SpikyShield,PowerWhip|||F|||50|,,,,,Rock\n|\n|t:|1746004461\n|start\n|switch|p1a: Lugia|Lugia, L50|100/100\n|switch|p1b: Incineroar|Incineroar, L50, M|100/100\n|switch|p2a: Ogerpon|Ogerpon-Cornerstone, L50, F|100/100\n|switch|p2b: Incineroar|Incineroar, L50, F|100/100\n|-ability|p1b: Incineroar|Intimidate|boost\n|-unboost|p2a: Ogerpon|atk|1\n|-unboost|p2b: Incineroar|atk|1\n|-ability|p2b: Incineroar|Intimidate|boost\n|-unboost|p1a: Lugia|atk|1\n|-unboost|p1b: Incineroar|atk|1\n|turn|1\n|\n|t:|1746004493\n|switch|p1b: Rillaboom|Rillaboom, L50, M|100/100\n|-fieldstart|move: Grassy Terrain|[from] ability: Grassy Surge|[of] p1b: Rillaboom\n|-terastallize|p1a: Lugia|Fairy\n|move|p2b: Incineroar|Fake Out|p1a: Lugia\n|-damage|p1a: Lugia|99/100\n|move|p2a: Ogerpon|Ivy Cudgel|p1a: Lugia|[anim] Ivy Cudgel Rock\n|-damage|p1a: Lugia|79/100\n|cant|p1a: Lugia|flinch\n|\n|-heal|p1a: Lugia|85/100|[from] Grassy Terrain\n|-heal|p1a: Lugia|91/100|[from] item: Leftovers\n|upkeep\n|turn|2\n|\n|t:|1746004527\n|move|p2a: Ogerpon|Spiky Shield|p2a: Ogerpon\n|-singleturn|p2a: Ogerpon|move: Protect\n|move|p1a: Lugia|Calm Mind|p1a: Lugia\n|-boost|p1a: Lugia|spa|1\n|-boost|p1a: Lugia|spd|1\n|move|p1b: Rillaboom|High Horsepower|p2b: Incineroar|[miss]\n|-miss|p1b: Rillaboom|p2b: Incineroar\n|move|p2b: Incineroar|Parting Shot|p1a: Lugia\n|-unboost|p1a: Lugia|atk|1\n|-unboost|p1a: Lugia|spa|1\n|\n|t:|1746004541\n|switch|p2b: Koraidon|Koraidon, L50|100/100|[from] Parting Shot\n|-weather|SunnyDay|[from] ability: Orichalcum Pulse|[of] p2b: Koraidon\n|-activate|p2b: Koraidon|Orichalcum Pulse|[source]\n|\n|-weather|SunnyDay|[upkeep]\n|-heal|p1a: Lugia|97/100|[from] Grassy Terrain\n|-heal|p1a: Lugia|100/100|[from] item: Leftovers\n|upkeep\n|turn|3\n|\n|t:|1746004575\n|switch|p2a: Incineroar|Incineroar, L50, F|100/100\n|-ability|p2a: Incineroar|Intimidate|boost\n|-unboost|p1a: Lugia|atk|1\n|-unboost|p1b: Rillaboom|atk|1\n|move|p2b: Koraidon|Flare Blitz|p1b: Rillaboom\n|-supereffective|p1b: Rillaboom\n|-damage|p1b: Rillaboom|0 fnt\n|faint|p1b: Rillaboom\n|-damage|p2b: Koraidon|65/100|[from] Recoil\n|-damage|p2b: Koraidon|55/100|[from] item: Life Orb\n|move|p1a: Lugia|Aeroblast|p2a: Incineroar\n|-damage|p2a: Incineroar|74/100\n|\n|-weather|SunnyDay|[upkeep]\n|-heal|p2b: Koraidon|61/100|[from] Grassy Terrain\n|-heal|p2a: Incineroar|80/100|[from] Grassy Terrain\n|upkeep\n|\n|t:|1746004591\n|switch|p1b: Incineroar|Incineroar, L50, M|100/100\n|-ability|p1b: Incineroar|Intimidate|boost\n|-unboost|p2a: Incineroar|atk|1\n|-unboost|p2b: Koraidon|atk|1\n|turn|4\n|\n|t:|1746004617\n|move|p1b: Incineroar|Fake Out|p2b: Koraidon\n|-crit|p2b: Koraidon\n|-damage|p2b: Koraidon|47/100\n|move|p2a: Incineroar|Fake Out|p1a: Lugia\n|-crit|p1a: Lugia\n|-damage|p1a: Lugia|95/100\n|cant|p2b: Koraidon|flinch\n|cant|p1a: Lugia|flinch\n|\n|-weather|SunnyDay|[upkeep]\n|-heal|p2b: Koraidon|53/100|[from] Grassy Terrain\n|-heal|p1a: Lugia|100/100|[from] Grassy Terrain\n|-heal|p2a: Incineroar|86/100|[from] Grassy Terrain\n|upkeep\n|turn|5\n|\n|t:|1746004643\n|move|p2b: Koraidon|Close Combat|p1b: Incineroar\n|-supereffective|p1b: Incineroar\n|-damage|p1b: Incineroar|0 fnt\n|-unboost|p2b: Koraidon|def|1\n|-unboost|p2b: Koraidon|spd|1\n|-damage|p2b: Koraidon|37/100|[from] item: Rocky Helmet|[of] p1b: Incineroar\n|faint|p1b: Incineroar\n|-damage|p2b: Koraidon|27/100|[from] item: Life Orb\n|move|p1a: Lugia|Earth Power|p2a: Incineroar\n|-supereffective|p2a: Incineroar\n|-damage|p2a: Incineroar|57/100\n|move|p2a: Incineroar|Parting Shot|p1a: Lugia\n|-unboost|p1a: Lugia|atk|1\n|-unboost|p1a: Lugia|spa|1\n|\n|t:|1746004660\n|switch|p2a: Ogerpon|Ogerpon-Cornerstone, L50, F|100/100|[from] Parting Shot\n|\n|-weather|SunnyDay|[upkeep]\n|-heal|p2b: Koraidon|33/100|[from] Grassy Terrain\n|-fieldend|move: Grassy Terrain\n|upkeep\n|\n|t:|1746004666\n|switch|p1b: Comfey|Comfey, L50, M|100/100\n|turn|6\n|\n|t:|1746004673\n|switch|p2b: Incineroar|Incineroar, L50, F|57/100\n|-ability|p2b: Incineroar|Intimidate|boost\n|-unboost|p1a: Lugia|atk|1\n|-unboost|p1b: Comfey|atk|1\n|move|p2a: Ogerpon|Spiky Shield|p2a: Ogerpon\n|-singleturn|p2a: Ogerpon|move: Protect\n|move|p1b: Comfey|Protect|p1b: Comfey\n|-singleturn|p1b: Comfey|Protect\n|move|p1a: Lugia|Calm Mind|p1a: Lugia\n|-boost|p1a: Lugia|spa|1\n|-boost|p1a: Lugia|spd|1\n|\n|-weather|none\n|upkeep\n|turn|7\n|\n|t:|1746004709\n|move|p2b: Incineroar|Fake Out|p1a: Lugia\n|-damage|p1a: Lugia|98/100\n|move|p2a: Ogerpon|Ivy Cudgel|p1b: Comfey|[anim] Ivy Cudgel Rock\n|-damage|p1b: Comfey|50/100\n|-enditem|p1b: Comfey|Sitrus Berry|[eat]\n|-heal|p1b: Comfey|75/100|[from] item: Sitrus Berry\n|cant|p1a: Lugia|flinch\n|move|p1b: Comfey|Tailwind|p1b: Comfey\n|-sidestart|p1: Stian27|move: Tailwind\n|\n|-heal|p1a: Lugia|100/100|[from] item: Leftovers\n|upkeep\n|turn|8\n|\n|t:|1746004753\n|move|p1b: Comfey|Draining Kiss|p2b: Incineroar\n|-damage|p2b: Incineroar|46/100\n|-heal|p1b: Comfey|86/100|[from] drain|[of] p2b: Incineroar\n|move|p2a: Ogerpon|Follow Me|p2a: Ogerpon\n|-singleturn|p2a: Ogerpon|move: Follow Me\n|move|p1a: Lugia|Earth Power|p2a: Ogerpon\n|-damage|p2a: Ogerpon|74/100\n|move|p2b: Incineroar|Taunt|p1a: Lugia\n|-start|p1a: Lugia|move: Taunt\n|\n|upkeep\n|turn|9\n|\n|t:|1746004783\n|move|p1b: Comfey|Draining Kiss|p2b: Incineroar\n|-damage|p2b: Incineroar|35/100\n|-heal|p1b: Comfey|96/100|[from] drain|[of] p2b: Incineroar\n|move|p1a: Lugia|Aeroblast|p2b: Incineroar\n|-damage|p2b: Incineroar|11/100\n|move|p2a: Ogerpon|Ivy Cudgel|p1b: Comfey|[anim] Ivy Cudgel Rock\n|-crit|p1b: Comfey\n|-damage|p1b: Comfey|23/100\n|move|p2b: Incineroar|Parting Shot|p1a: Lugia\n|-unboost|p1a: Lugia|atk|1\n|-unboost|p1a: Lugia|spa|1\n|\n|t:|1746004797\n|switch|p2b: Calyrex|Calyrex-Shadow, L50|100/100|[from] Parting Shot\n|-ability|p2b: Calyrex|As One\n|-ability|p2b: Calyrex|Unnerve\n|\n|upkeep\n|turn|10\n|\n|t:|1746004813\n|-terastallize|p2b: Calyrex|Ghost\n|move|p1b: Comfey|Protect|p1b: Comfey\n|-singleturn|p1b: Comfey|Protect\n|move|p2a: Ogerpon|Follow Me|p2a: Ogerpon\n|-singleturn|p2a: Ogerpon|move: Follow Me\n|move|p1a: Lugia|Aeroblast|p2a: Ogerpon|[miss]\n|-miss|p1a: Lugia|p2a: Ogerpon\n|move|p2b: Calyrex|Astral Barrage|p1b: Comfey|[spread] p1a\n|-activate|p1b: Comfey|move: Protect\n|-damage|p1a: Lugia|90/100\n|\n|-heal|p1a: Lugia|96/100|[from] item: Leftovers\n|-sideend|p1: Stian27|move: Tailwind\n|upkeep\n|turn|11\n|\n|t:|1746004846\n|move|p1b: Comfey|Draining Kiss|p2a: Ogerpon\n|-damage|p2a: Ogerpon|57/100\n|-heal|p1b: Comfey|36/100|[from] drain|[of] p2a: Ogerpon\n|move|p2a: Ogerpon|Follow Me|p2a: Ogerpon\n|-singleturn|p2a: Ogerpon|move: Follow Me\n|move|p2b: Calyrex|Astral Barrage|p1b: Comfey|[spread] p1a,p1b\n|-damage|p1a: Lugia|75/100\n|-damage|p1b: Comfey|0 fnt\n|faint|p1b: Comfey\n|-ability|p2b: Calyrex|Grim Neigh|boost\n|-boost|p2b: Calyrex|spa|1\n|move|p1a: Lugia|Aeroblast|p2a: Ogerpon\n|-damage|p2a: Ogerpon|29/100\n|\n|-heal|p1a: Lugia|81/100|[from] item: Leftovers\n|-end|p1a: Lugia|move: Taunt\n|upkeep\n|turn|12\n|\n|t:|1746004873\n|move|p2b: Calyrex|Psychic|p1a: Lugia\n|-damage|p1a: Lugia|55/100\n|-unboost|p1a: Lugia|spd|1\n|move|p2a: Ogerpon|Ivy Cudgel|p1a: Lugia|[anim] Ivy Cudgel Rock\n|-damage|p1a: Lugia|23/100\n|move|p1a: Lugia|Earth Power|p2b: Calyrex\n|-damage|p2b: Calyrex|86/100\n|\n|-heal|p1a: Lugia|29/100|[from] item: Leftovers\n|upkeep\n|turn|13\n|\n|t:|1746004890\n|move|p2b: Calyrex|Psychic|p1a: Lugia\n|-damage|p1a: Lugia|0 fnt\n|faint|p1a: Lugia\n|\n|win|7enzc7\n||Stian27 is ready for game 3.\n|inactive|7enzc7 has 30 seconds to confirm battle start!\n", "uploadtime": 1746004902, "views": 24, "formatid": "gen9vgc2025regibo3", "rating": null, "private": 0, "password": null}