{"id": "gen9vgc2025regibo3-2354097990", "format": "[Gen 9] VGC 2025 Reg I (Bo3)", "players": ["Yoddle Yoddle", "Pakkard"], "log": "|j|\u2606Yoddle Yoddle\n|j|\u2606Pakkard\n|html|<table width=\"100%\"><tr><td align=\"left\">Yoddle Yoddle</td><td align=\"right\">Pakkard</tr><tr><td align=\"left\"><i class=\"fa fa-circle-o\"></i> <i class=\"fa fa-circle-o\"></i> </td><td align=\"right\"><i class=\"fa fa-circle-o\"></i> <i class=\"fa fa-circle-o\"></i> </tr></table>\n|uhtml|bestof|<h2><strong>Game 1</strong> of <a href=\"/game-bestof3-gen9vgc2025regibo3-2354097989\">a best-of-3</a></h2>\n|t:|1746034654\n|gametype|doubles\n|player|p1|Yoddle Yoddle|backpacker|1219\n|player|p2|Pakkard|guitarist|1167\n|teamsize|p1|6\n|teamsize|p2|6\n|gen|9\n|tier|[Gen 9] VGC 2025 Reg I (Bo3)\n|rated|\n|rule|Species Clause: Limit one of each Pok\u00e9mon\n|rule|Item Clause: Limit 1 of each item\n|clearpoke\n|poke|p1|Zamazenta-*, L50|\n|poke|p1|Chien-Pao, L50|\n|poke|p1|Lunala, L50|\n|poke|p1|Indeedee-F, L50, F|\n|poke|p1|Sneasler, L50, F|\n|poke|p1|Gouging Fire, L50|\n|poke|p2|Calyrex-Shadow, L50|\n|poke|p2|Zamazenta-*, L50|\n|poke|p2|Murkrow, L50, F|\n|poke|p2|Flutter Mane, L50|\n|poke|p2|Rillaboom, L50, F|\n|poke|p2|Urshifu-*, L50, F|\n|teampreview|4\n|showteam|p1|Zamazenta-Crowned||RustedShield|DauntlessShield|behemothbash,BodyPress,Protect,WideGuard||||||50|,,,,,Dragon]Chien-Pao||FocusSash|SwordofRuin|Protect,Crunch,SacredSword,IcyWind||||||50|,,,,,Stellar]Lunala||PowerHerb|ShadowShield|MoongeistBeam,ExpandingForce,MeteorBeam,TrickRoom||||||50|,,,,,Water]Indeedee-F||SafetyGoggles|PsychicSurge|FollowMe,TrickRoom,AlluringVoice,HealPulse|||F|||50|,,,,,Fairy]Sneasler||PsychicSeed|Unburden|DireClaw,ThroatChop,ToxicSpikes,CloseCombat|||F|||50|,,,,,Ghost]Gouging Fire||BoosterEnergy|Protosynthesis|BurningBulwark,Howl,FlareBlitz,DragonClaw||||||50|,,,,,Water\n|showteam|p2|Calyrex-Shadow||FocusSash|AsOneSpectrier|AstralBarrage,Psychic,PollenPuff,Protect||||||50|,,,,,Dark]Zamazenta-Crowned||RustedShield|DauntlessShield|BodyPress,WideGuard,Snarl,Protect||||||50|,,,,,Dragon]Murkrow||Eviolite|Prankster|Tailwind,Snarl,FoulPlay,RainDance|||F|||50|,,,,,Ghost]Flutter Mane||BoosterEnergy|Protosynthesis|Taunt,Moonblast,Protect,IcyWind||||||50|,,,,,Fairy]Rillaboom||AssaultVest|GrassySurge|GrassyGlide,HighHorsepower,FakeOut,Uturn|||F|||50|,,,,,Fire]Urshifu-Rapid-Strike||ChoiceScarf|UnseenFist|SurgingStrikes,CloseCombat,Coaching,Taunt|||F|||50|,,,,,Water\n|inactive|Battle timer is ON: inactive players will automatically lose when time's up. (requested by Pakkard)\n|inactive|Yoddle Yoddle has 60 seconds left.\n|inactive|Pakkard has 60 seconds left.\n|inactive|Pakkard has 30 seconds left.\n|inactive|Pakkard has 20 seconds left.\n|inactive|Pakkard has 15 seconds left.\n|inactive|Pakkard has 10 seconds left.\n|inactive|Pakkard has 5 seconds left.\n|\n|t:|1746034742\n|start\n|switch|p1a: Gouging Fire|Gouging Fire, L50|100/100\n|switch|p1b: Chien-Pao|Chien-Pao, L50|100/100\n|switch|p2a: Murkrow|Murkrow, L50, F|100/100\n|switch|p2b: Urshifu|Urshifu-Rapid-Strike, L50, F|100/100\n|-ability|p1b: Chien-Pao|Sword of Ruin\n|-enditem|p1a: Gouging Fire|Booster Energy\n|-activate|p1a: Gouging Fire|ability: Protosynthesis|[fromitem]\n|-start|p1a: Gouging Fire|protosynthesisspe\n|turn|1\n|inactive|Yoddle Yoddle has 30 seconds left.\n|inactive|Pakkard has 30 seconds left.\n|\n|t:|1746034769\n|move|p2a: Murkrow|Rain Dance|p2a: Murkrow\n|-weather|RainDance\n|move|p2b: Urshifu|Surging Strikes|p1b: Chien-Pao\n|-crit|p1b: Chien-Pao\n|-damage|p1b: Chien-Pao|52/100\n|-crit|p1b: Chien-Pao\n|-damage|p1b: Chien-Pao|9/100\n|-crit|p1b: Chien-Pao\n|-damage|p1b: Chien-Pao|0 fnt\n|faint|p1b: Chien-Pao\n|-hitcount|p1: Chien-Pao|3\n|move|p1a: Gouging Fire|Dragon Claw|p2b: Urshifu\n|-damage|p2b: Urshifu|66/100\n|\n|-weather|RainDance|[upkeep]\n|upkeep\n|\n|t:|1746034773\n|switch|p1b: Lunala|Lunala, L50|100/100\n|turn|2\n|\n|t:|1746034791\n|-terastallize|p1b: Lunala|Water\n|move|p2b: Urshifu|Surging Strikes|p1b: Lunala\n|-resisted|p1b: Lunala\n|-crit|p1b: Lunala\n|-damage|p1b: Lunala|95/100\n|-resisted|p1b: Lunala\n|-crit|p1b: Lunala\n|-damage|p1b: Lunala|83/100\n|-resisted|p1b: Lunala\n|-crit|p1b: Lunala\n|-damage|p1b: Lunala|72/100\n|-hitcount|p1b: Lunala|3\n|move|p1a: Gouging Fire|Dragon Claw|p2a: Murkrow\n|-crit|p2a: Murkrow\n|-damage|p2a: Murkrow|9/100\n|move|p2a: Murkrow|Snarl|p1b: Lunala|[spread] p1a\n|-miss|p2a: Murkrow|p1b: Lunala\n|-damage|p1a: Gouging Fire|91/100\n|-unboost|p1a: Gouging Fire|spa|1\n|move|p1b: Lunala|Trick Room|p1b: Lunala\n|-fieldstart|move: Trick Room|[of] p1b: Lunala\n|\n|-weather|RainDance|[upkeep]\n|upkeep\n|turn|3\n|inactive|Pakkard has 30 seconds left.\n|\n|t:|1746034825\n|move|p1b: Lunala|Moongeist Beam|p2a: Murkrow\n|-resisted|p2a: Murkrow\n|-crit|p2a: Murkrow\n|-damage|p2a: Murkrow|0 fnt\n|faint|p2a: Murkrow\n|move|p2b: Urshifu|Surging Strikes|p1a: Gouging Fire\n|-crit|p1a: Gouging Fire\n|-damage|p1a: Gouging Fire|65/100\n|-crit|p1a: Gouging Fire\n|-damage|p1a: Gouging Fire|41/100\n|-crit|p1a: Gouging Fire\n|-damage|p1a: Gouging Fire|16/100\n|-hitcount|p1a: Gouging Fire|3\n|move|p1a: Gouging Fire|Dragon Claw|p2b: Urshifu\n|-damage|p2b: Urshifu|30/100\n|\n|-weather|RainDance|[upkeep]\n|upkeep\n|\n|t:|1746034842\n|switch|p2a: Zamazenta|Zamazenta-Crowned, L50|100/100\n|-ability|p2a: Zamazenta|Dauntless Shield|boost\n|-boost|p2a: Zamazenta|def|1\n|turn|4\n|\n|t:|1746034859\n|move|p2a: Zamazenta|Wide Guard|p2a: Zamazenta\n|-singleturn|p2a: Zamazenta|Wide Guard\n|move|p1b: Lunala|Moongeist Beam|p2a: Zamazenta\n|-damage|p2a: Zamazenta|55/100\n|move|p1a: Gouging Fire|Dragon Claw|p2b: Urshifu\n|-damage|p2b: Urshifu|0 fnt\n|faint|p2b: Urshifu\n|\n|-weather|RainDance|[upkeep]\n|upkeep\n|\n|t:|1746034872\n|switch|p2b: Calyrex|Calyrex-Shadow, L50|100/100\n|-ability|p2b: Calyrex|As One\n|-ability|p2b: Calyrex|Unnerve\n|turn|5\n|\n|t:|1746034890\n|move|p2a: Zamazenta|Protect|p2a: Zamazenta\n|-singleturn|p2a: Zamazenta|Protect\n|move|p2b: Calyrex|Protect|p2b: Calyrex\n|-singleturn|p2b: Calyrex|Protect\n|move|p1b: Lunala|Moongeist Beam|p2a: Zamazenta\n|-activate|p2a: Zamazenta|move: Protect\n|move|p1a: Gouging Fire|Dragon Claw|p2b: Calyrex\n|-activate|p2b: Calyrex|move: Protect\n|\n|-weather|none\n|upkeep\n|turn|6\n|inactive|Pakkard has 30 seconds left.\n|\n|t:|1746034924\n|-terastallize|p2b: Calyrex|Dark\n|move|p1a: Gouging Fire|Burning Bulwark|p1a: Gouging Fire\n|-singleturn|p1a: Gouging Fire|move: Protect\n|move|p1b: Lunala|Meteor Beam||[still]\n|-prepare|p1b: Lunala|Meteor Beam\n|-boost|p1b: Lunala|spa|1\n|-enditem|p1b: Lunala|Power Herb\n|-anim|p1b: Lunala|Meteor Beam|p2b: Calyrex\n|-damage|p2b: Calyrex|36/100\n|move|p2a: Zamazenta|Body Press|p1b: Lunala\n|-damage|p1b: Lunala|24/100\n|move|p2b: Calyrex|Astral Barrage|p1a: Gouging Fire|[spread] p1b\n|-activate|p1a: Gouging Fire|move: Protect\n|-damage|p1b: Lunala|0 fnt\n|faint|p1b: Lunala\n|-ability|p2b: Calyrex|Grim Neigh|boost\n|-boost|p2b: Calyrex|spa|1\n|\n|-fieldend|move: Trick Room\n|upkeep\n|\n|t:|1746034932\n|switch|p1b: Zamazenta|Zamazenta-Crowned, L50|100/100\n|-ability|p1b: Zamazenta|Dauntless Shield|boost\n|-boost|p1b: Zamazenta|def|1\n|turn|7\n|\n|t:|1746034950\n|move|p2b: Calyrex|Protect|p2b: Calyrex\n|-singleturn|p2b: Calyrex|Protect\n|move|p1a: Gouging Fire|Flare Blitz|p2a: Zamazenta\n|-supereffective|p2a: Zamazenta\n|-crit|p2a: Zamazenta\n|-damage|p2a: Zamazenta|0 fnt\n|faint|p2a: Zamazenta\n|-damage|p1a: Gouging Fire|0 fnt|[from] Recoil\n|faint|p1a: Gouging Fire\n|-end|p1a: Gouging Fire|Protosynthesis|[silent]\n|move|p1b: Zamazenta|Body Press|p2b: Calyrex\n|-activate|p2b: Calyrex|move: Protect\n|\n|upkeep\n|turn|8\n|\n|t:|1746034965\n|move|p2b: Calyrex|Psychic|p1b: Zamazenta\n|-damage|p1b: Zamazenta|38/100\n|move|p1b: Zamazenta|Body Press|p2b: Calyrex\n|-supereffective|p2b: Calyrex\n|-damage|p2b: Calyrex|0 fnt\n|faint|p2b: Calyrex\n|\n|win|Yoddle Yoddle\n||Yoddle Yoddle is ready for game 2.\n||Pakkard is ready for game 2.\n|uhtml|next|Next: <a href=\"/battle-gen9vgc2025regibo3-2354101726\"><strong>Game 2 of 3</strong></a>\n", "uploadtime": 1746035211, "views": 9, "formatid": "gen9vgc2025regibo3", "rating": null, "private": 0, "password": null}