{"id": "gen9vgc2025regibo3-2354948387", "format": "[Gen 9] VGC 2025 Reg I (Bo3)", "players": ["ivanthesaxophonist", "Edmondantes97"], "log": "|j|\u2606ivanthesaxophonist\n|j|\u2606Edmondantes97\n|html|<table width=\"100%\"><tr><td align=\"left\">ivanthesaxophonist</td><td align=\"right\">Edmondantes97</tr><tr><td align=\"left\"><i class=\"fa fa-circle\"></i> <i class=\"fa fa-circle-o\"></i> </td><td align=\"right\"><i class=\"fa fa-circle-o\"></i> <i class=\"fa fa-circle-o\"></i> </tr></table>\n|uhtml|bestof|<h2><strong>Game 2</strong> of <a href=\"/game-bestof3-gen9vgc2025regibo3-2354944878\">a best-of-3</a></h2>\n|t:|1746134705\n|gametype|doubles\n|player|p1|ivanthesaxophonist|acetrainer-gen4dp|1125\n|player|p2|Edmondantes97|lucas|1134\n|teamsize|p1|6\n|teamsize|p2|6\n|gen|9\n|tier|[Gen 9] VGC 2025 Reg I (Bo3)\n|rated|\n|rule|Species Clause: Limit one of each Pok\u00e9mon\n|rule|Item Clause: Limit 1 of each item\n|clearpoke\n|poke|p1|Zamazenta-*, L50|\n|poke|p1|Tyranitar, L50, M|\n|poke|p1|Incineroar, L50, M|\n|poke|p1|Whimsicott, L50, F|\n|poke|p1|Scizor, L50, M|\n|poke|p1|Calyrex-Shadow, L50|\n|poke|p2|Dialga-Origin, L50|\n|poke|p2|Tyranitar, L50, F|\n|poke|p2|Ampharos, L50, F|\n|poke|p2|Solgaleo, L50|\n|poke|p2|Indeedee-F, L50, F|\n|poke|p2|Gastrodon, L50, M|\n|teampreview|4\n|showteam|p1|Zamazenta-Crowned||RustedShield|DauntlessShield|BodyPress,IronDefense,WideGuard,HeavySlam||||||50|,,,,,Ghost]Tyranitar||AssaultVest|SandStream|KnockOff,RockSlide,Earthquake,Bulldoze|||M|||50|,,,,,Fairy]Incineroar||SafetyGoggles|Intimidate|FakeOut,KnockOff,PartingShot,FlareBlitz|||M|||50|,,,,,Grass]Whimsicott||CovertCloak|Prankster|Tailwind,Encore,Moonblast,HelpingHand|||F|||50|,,,,,Dark]Scizor||ChoiceBand|Technician|BulletPunch,Uturn,DualWingbeat,KnockOff|||M|||50|,,,,,Fire]Calyrex-Shadow||ChoiceSpecs|AsOneSpectrier|AstralBarrage,Psychic,DrainingKiss,ExpandingForce||||||50|,,,,,Psychic\n|showteam|p2|Dialga-Origin||AdamantCrystal|Telepathy|DracoMeteor,TrickRoom,Protect,FlashCannon||||||50|,,,,,Fairy]Tyranitar||ClearAmulet|SandStream|RockSlide,Protect,KnockOff,TeraBlast|||F|||50|,,,,,Flying]Ampharos||ChoiceSpecs|Static|Discharge,DazzlingGleam,Thunderbolt,VoltSwitch|||F|||50|,,,,,Fairy]Solgaleo||PsychicSeed|FullMetalBody|PsychicFangs,WideGuard,SunsteelStrike,TrickRoom||||||50|,,,,,Ground]Indeedee-F||RockyHelmet|PsychicSurge|FollowMe,TrickRoom,HelpingHand,Psychic|||F|||50|,,,,,Dragon]Gastrodon||LifeOrb|StormDrain|EarthPower,MuddyWater,Yawn,StealthRock|||M|||50|,,,,,Water\n|inactive|Battle timer is ON: inactive players will automatically lose when time's up. (requested by ivanthesaxophonist)\n|\n|t:|1746134773\n|start\n|switch|p1a: Tyranitar|Tyranitar, L50, M|100/100\n|switch|p1b: Zamazenta|Zamazenta-Crowned, L50|100/100\n|switch|p2a: Indeedee|Indeedee-F, L50, F|100/100\n|switch|p2b: Solgaleo|Solgaleo, L50|100/100\n|-ability|p1b: Zamazenta|Dauntless Shield|boost\n|-boost|p1b: Zamazenta|def|1\n|-fieldstart|move: Psychic Terrain|[from] ability: Psychic Surge|[of] p2a: Indeedee\n|-enditem|p2b: Solgaleo|Psychic Seed\n|-boost|p2b: Solgaleo|spd|1|[from] item: Psychic Seed\n|-weather|Sandstorm|[from] ability: Sand Stream|[of] p1a: Tyranitar\n|turn|1\n|\n|t:|1746134798\n|move|p2a: Indeedee|Follow Me|p2a: Indeedee\n|-singleturn|p2a: Indeedee|move: Follow Me\n|move|p1b: Zamazenta|Iron Defense|p1b: Zamazenta\n|-boost|p1b: Zamazenta|def|2\n|move|p2b: Solgaleo|Sunsteel Strike|p1a: Tyranitar\n|-supereffective|p1a: Tyranitar\n|-damage|p1a: Tyranitar|0 fnt\n|faint|p1a: Tyranitar\n|\n|-weather|Sandstorm|[upkeep]\n|-damage|p2a: Indeedee|94/100|[from] Sandstorm\n|upkeep\n|\n|t:|1746134810\n|switch|p1a: Incineroar|Incineroar, L50, M|100/100\n|-ability|p1a: Incineroar|Intimidate|boost\n|-unboost|p2a: Indeedee|atk|1\n|-fail|p2b: Solgaleo|unboost|[from] ability: Full Metal Body|[of] p2b: Solgaleo\n|turn|2\n|\n|t:|1746134830\n|move|p2a: Indeedee|Follow Me|p2a: Indeedee\n|-singleturn|p2a: Indeedee|move: Follow Me\n|move|p1b: Zamazenta|Body Press|p2a: Indeedee\n|-damage|p2a: Indeedee|0 fnt\n|-damage|p1b: Zamazenta|84/100|[from] item: Rocky Helmet|[of] p2a: Indeedee\n|faint|p2a: Indeedee\n|move|p1a: Incineroar|Knock Off|p2b: Solgaleo\n|-supereffective|p2b: Solgaleo\n|-damage|p2b: Solgaleo|68/100\n|move|p2b: Solgaleo|Trick Room|p2b: Solgaleo\n|-fieldstart|move: Trick Room|[of] p2b: Solgaleo\n|\n|-weather|Sandstorm|[upkeep]\n|upkeep\n|\n|t:|1746134848\n|switch|p2a: Gastrodon|Gastrodon, L50, M|100/100\n|turn|3\n|inactive|Edmondantes97 has 30 seconds left.\n|\n|t:|1746134874\n|move|p1a: Incineroar|Knock Off|p2a: Gastrodon\n|-damage|p2a: Gastrodon|63/100\n|-enditem|p2a: Gastrodon|Life Orb|[from] move: Knock Off|[of] p1a: Incineroar\n|move|p2a: Gastrodon|Earth Power|p1a: Incineroar\n|-supereffective|p1a: Incineroar\n|-damage|p1a: Incineroar|47/100\n|move|p2b: Solgaleo|Sunsteel Strike|p1a: Incineroar\n|-resisted|p1a: Incineroar\n|-damage|p1a: Incineroar|23/100\n|move|p1b: Zamazenta|Body Press|p2b: Solgaleo\n|-damage|p2b: Solgaleo|0 fnt\n|faint|p2b: Solgaleo\n|\n|-weather|Sandstorm|[upkeep]\n|upkeep\n|\n|t:|1746134888\n|switch|p2b: Dialga|Dialga-Origin, L50|100/100\n|turn|4\n|\n|t:|1746134909\n|-terastallize|p2b: Dialga|Fairy\n|move|p1a: Incineroar|Knock Off|p2a: Gastrodon\n|-damage|p2a: Gastrodon|41/100\n|move|p2a: Gastrodon|Earth Power|p1b: Zamazenta\n|-supereffective|p1b: Zamazenta\n|-damage|p1b: Zamazenta|35/100\n|move|p2b: Dialga|Flash Cannon|p1b: Zamazenta\n|-resisted|p1b: Zamazenta\n|-damage|p1b: Zamazenta|14/100\n|move|p1b: Zamazenta|Body Press|p2b: Dialga\n|-resisted|p2b: Dialga\n|-damage|p2b: Dialga|58/100\n|\n|-weather|Sandstorm|[upkeep]\n|-damage|p2b: Dialga|52/100|[from] Sandstorm\n|upkeep\n|turn|5\n|inactive|ivanthesaxophonist has 30 seconds left.\n|inactive|Edmondantes97 has 30 seconds left.\n|inactive|ivanthesaxophonist has 20 seconds left.\n|\n|t:|1746134944\n|move|p1a: Incineroar|Knock Off|p2a: Gastrodon\n|-damage|p2a: Gastrodon|17/100\n|move|p2a: Gastrodon|Muddy Water|p1a: Incineroar|[spread] p1a,p1b\n|-supereffective|p1a: Incineroar\n|-damage|p1a: Incineroar|0 fnt\n|-damage|p1b: Zamazenta|0 fnt\n|faint|p1a: Incineroar\n|faint|p1b: Zamazenta\n|move|p2b: Dialga|Flash Cannon|p1: Incineroar|[notarget]\n|-fail|p2b: Dialga\n|\n|-weather|none\n|-fieldend|move: Psychic Terrain\n|upkeep\n|\n|t:|1746134954\n|switch|p1b: Calyrex|Calyrex-Shadow, L50|100/100\n|-ability|p1b: Calyrex|As One\n|-ability|p1b: Calyrex|Unnerve\n|turn|6\n|\n|t:|1746134972\n|move|p2a: Gastrodon|Yawn|p1b: Calyrex\n|-start|p1b: Calyrex|move: Yawn|[of] p2a: Gastrodon\n|move|p2b: Dialga|Draco Meteor|p1b: Calyrex\n|-damage|p1b: Calyrex|11/100\n|-unboost|p2b: Dialga|spa|2\n|move|p1b: Calyrex|Astral Barrage|p2b: Dialga|[spread] p2a,p2b\n|-damage|p2a: Gastrodon|0 fnt\n|-damage|p2b: Dialga|0 fnt\n|faint|p2a: Gastrodon\n|faint|p2b: Dialga\n|\n|win|ivanthesaxophonist\n|raw|ivanthesaxophonist's rating: 1125 &rarr; <strong>1151</strong><br />(+26 for winning)\n|raw|Edmondantes97's rating: 1134 &rarr; <strong>1108</strong><br />(-26 for losing)\n|c|\u2606Edmondantes97|gg\n|c|\u2606ivanthesaxophonist|gg\n|l|\u2606Edmondantes97\n|player|p2|\n", "uploadtime": 1746135008, "views": 9, "formatid": "gen9vgc2025regibo3", "rating": 1108, "private": 0, "password": null}