{"id": "gen9vgc2025regibo3-2353465664", "format": "[Gen 9] VGC 2025 Reg I (Bo3)", "players": ["WynnXP", "dr. shio"], "log": "|j|\u2606WynnXP\n|j|\u2606dr. shio\n|html|<table width=\"100%\"><tr><td align=\"left\">WynnXP</td><td align=\"right\">dr. shio</tr><tr><td align=\"left\"><i class=\"fa fa-circle-o\"></i> <i class=\"fa fa-circle-o\"></i> </td><td align=\"right\"><i class=\"fa fa-circle-o\"></i> <i class=\"fa fa-circle\"></i> </tr></table>\n|uhtml|bestof|<h2><strong>Game 2</strong> of <a href=\"/game-bestof3-gen9vgc2025regibo3-2353461220\">a best-of-3</a></h2>\n|t:|1745958453\n|gametype|doubles\n|player|p1|WynnXP|clerkf|1000\n|player|p2|dr. shio|dawn|1000\n|teamsize|p1|6\n|teamsize|p2|6\n|gen|9\n|tier|[Gen 9] VGC 2025 Reg I (Bo3)\n|rated|\n|rule|Species Clause: Limit one of each Pok\u00e9mon\n|rule|Item Clause: Limit 1 of each item\n|clearpoke\n|poke|p1|Zamazenta-*, L50|\n|poke|p1|Chien-Pao, L50|\n|poke|p1|Rayquaza, L50|\n|poke|p1|Smeargle, L50, F|\n|poke|p1|Pikachu, L50, F|\n|poke|p1|Hydreigon, L50, M|\n|poke|p2|Giratina-Origin, L50|\n|poke|p2|Dialga-Origin, L50|\n|poke|p2|Incineroar, L50, M|\n|poke|p2|Grimmsnarl, L50, M|\n|poke|p2|Ursaluna, L50, F|\n|poke|p2|Sinistcha, L50|\n|teampreview|4\n|showteam|p1|Zamazenta-Crowned||RustedShield|DauntlessShield|BodyPress,IronDefense,WideGuard,Protect||||||50|,,,,,Grass]Chien-Pao||FocusSash|SwordofRuin|IceSpinner,SacredSword,SuckerPunch,Protect||||||50|,,,,,Ghost]Rayquaza||AssaultVest|AirLock|DragonAscent,ExtremeSpeed,DracoMeteor,Protect||||||50|,,,,,Steel]Smeargle||Leftovers|Moody|CottonGuard,BatonPass,Tailwind,HealBell|||F|||50|,,,,,Steel]Pikachu||LightClay|LightningRod|Nuzzle,FakeOut,LightScreen,VoltSwitch|||F|||50|,,,,,Electric]Hydreigon||LifeOrb|Levitate|DracoMeteor,DarkPulse,Uturn,Flamethrower|||M|||50|,,,,,Dark\n|showteam|p2|Giratina-Origin||GriseousCore|Levitate|CalmMind,Protect,DragonPulse,ShadowBall||||||50|,,,,,Fire]Dialga-Origin||AdamantCrystal|Telepathy|Protect,TrickRoom,FlashCannon,DragonPulse||||||50|,,,,,Bug]Incineroar||Leftovers|Intimidate|FakeOut,Protect,PartingShot,KnockOff|||M|||50|,,,,,Bug]Grimmsnarl||LightClay|Prankster|SpiritBreak,Reflect,FakeOut,PartingShot|||M|||50|,,,,,Ghost]Ursaluna||FlameOrb|Guts|Protect,Earthquake,HeadlongRush,Facade|||F|||50|,,,,,Ghost]Sinistcha||RockyHelmet|Hospitality|Protect,LifeDew,RagePowder,MatchaGotcha||||||50|,,,,,Water\n|\n|t:|1745958500\n|start\n|switch|p1a: Pikachu|Pikachu, L50, F|100/100\n|switch|p1b: Smeargle|Smeargle, L50, F, shiny|100/100\n|switch|p2a: Grimmsnarl|Grimmsnarl, L50, M, shiny|100/100\n|switch|p2b: Dialga|Dialga-Origin, L50, shiny|100/100\n|turn|1\n|\n|t:|1745958531\n|move|p2b: Dialga|Protect|p2b: Dialga\n|-singleturn|p2b: Dialga|Protect\n|move|p1a: Pikachu|Fake Out|p2b: Dialga\n|-activate|p2b: Dialga|move: Protect\n|move|p1b: Smeargle|Cotton Guard|p1b: Smeargle\n|-boost|p1b: Smeargle|def|3\n|move|p2a: Grimmsnarl|Spirit Break|p1a: Pikachu\n|-damage|p1a: Pikachu|22/100\n|-unboost|p1a: Pikachu|spa|1\n|\n|-ability|p1b: Smeargle|Moody|boost\n|-boost|p1b: Smeargle|spd|2\n|-unboost|p1b: Smeargle|spa|1\n|upkeep\n|turn|2\n|\n|t:|1745958576\n|move|p1a: Pikachu|Nuzzle|p2b: Dialga\n|-resisted|p2b: Dialga\n|-damage|p2b: Dialga|99/100\n|-status|p2b: Dialga|par\n|move|p1b: Smeargle|Tailwind|p1b: Smeargle\n|-sidestart|p1: WynnXP|move: Tailwind\n|move|p2a: Grimmsnarl|Spirit Break|p1a: Pikachu\n|-damage|p1a: Pikachu|0 fnt\n|faint|p1a: Pikachu\n|move|p2b: Dialga|Dragon Pulse|p1b: Smeargle\n|-damage|p1b: Smeargle|41/100\n|\n|-heal|p1b: Smeargle|47/100|[from] item: Leftovers\n|-ability|p1b: Smeargle|Moody|boost\n|-boost|p1b: Smeargle|spa|2\n|-unboost|p1b: Smeargle|def|1\n|upkeep\n|\n|t:|1745958591\n|switch|p1a: Chien-Pao|Chien-Pao, L50|100/100\n|-ability|p1a: Chien-Pao|Sword of Ruin\n|turn|3\n|\n|t:|1745958618\n|move|p1a: Chien-Pao|Sucker Punch||[still]\n|-fail|p1a: Chien-Pao\n|move|p2a: Grimmsnarl|Reflect|p2a: Grimmsnarl\n|-sidestart|p2: dr. shio|Reflect\n|move|p1b: Smeargle|Cotton Guard|p1b: Smeargle\n|-boost|p1b: Smeargle|def|3\n|move|p2b: Dialga|Trick Room|p2b: Dialga\n|-fieldstart|move: Trick Room|[of] p2b: Dialga\n|\n|-heal|p1b: Smeargle|53/100|[from] item: Leftovers\n|-ability|p1b: Smeargle|Moody|boost\n|-boost|p1b: Smeargle|atk|2\n|-unboost|p1b: Smeargle|spa|1\n|upkeep\n|turn|4\n|\n|t:|1745958649\n|move|p1a: Chien-Pao|Protect|p1a: Chien-Pao\n|-singleturn|p1a: Chien-Pao|Protect\n|move|p2b: Dialga|Flash Cannon|p1b: Smeargle\n|-damage|p1b: Smeargle|0 fnt\n|faint|p1b: Smeargle\n|move|p2a: Grimmsnarl|Spirit Break|p1a: Chien-Pao\n|-activate|p1a: Chien-Pao|move: Protect\n|\n|upkeep\n|\n|t:|1745958656\n|switch|p1b: Zamazenta|Zamazenta-Crowned, L50|100/100\n|-ability|p1b: Zamazenta|Dauntless Shield|boost\n|-boost|p1b: Zamazenta|def|1\n|turn|5\n|\n|t:|1745958677\n|move|p1a: Chien-Pao|Sucker Punch|p2b: Dialga\n|-damage|p2b: Dialga|75/100 par\n|move|p2b: Dialga|Flash Cannon|p1a: Chien-Pao\n|-supereffective|p1a: Chien-Pao\n|-enditem|p1a: Chien-Pao|Focus Sash\n|-damage|p1a: Chien-Pao|1/100\n|move|p2a: Grimmsnarl|Spirit Break|p1a: Chien-Pao\n|-supereffective|p1a: Chien-Pao\n|-damage|p1a: Chien-Pao|0 fnt\n|faint|p1a: Chien-Pao\n|move|p1b: Zamazenta|Body Press|p2a: Grimmsnarl\n|-damage|p2a: Grimmsnarl|49/100\n|\n|-sideend|p1: WynnXP|move: Tailwind\n|upkeep\n|turn|6\n|\n|t:|1745958696\n|switch|p2b: Giratina|Giratina-Origin, L50, shiny|100/100\n|-terastallize|p2a: Grimmsnarl|Ghost\n|-terastallize|p1b: Zamazenta|Grass\n|move|p2a: Grimmsnarl|Spirit Break|p1b: Zamazenta\n|-damage|p1b: Zamazenta|89/100\n|-unboost|p1b: Zamazenta|spa|1\n|move|p1b: Zamazenta|Iron Defense|p1b: Zamazenta\n|-boost|p1b: Zamazenta|def|2\n|\n|upkeep\n|turn|7\n|\n|t:|1745958711\n|move|p2a: Grimmsnarl|Spirit Break|p1b: Zamazenta\n|-damage|p1b: Zamazenta|83/100\n|-unboost|p1b: Zamazenta|spa|1\n|move|p2b: Giratina|Calm Mind|p2b: Giratina\n|-boost|p2b: Giratina|spa|1\n|-boost|p2b: Giratina|spd|1\n|move|p1b: Zamazenta|Iron Defense|p1b: Zamazenta\n|-boost|p1b: Zamazenta|def|2\n|\n|-fieldend|move: Trick Room\n|upkeep\n|turn|8\n|\n|t:|1745958728\n|move|p1b: Zamazenta|Body Press|p2a: Grimmsnarl\n|-immune|p2a: Grimmsnarl\n|move|p2b: Giratina|Calm Mind|p2b: Giratina\n|-boost|p2b: Giratina|spa|1\n|-boost|p2b: Giratina|spd|1\n|move|p2a: Grimmsnarl|Spirit Break|p1b: Zamazenta\n|-damage|p1b: Zamazenta|78/100\n|-unboost|p1b: Zamazenta|spa|1\n|\n|upkeep\n|turn|9\n|c|\u2606dr. shio|gg\n|\n|t:|1745958744\n|move|p1b: Zamazenta|Iron Defense|p1b: Zamazenta\n|-boost|p1b: Zamazenta|def|1\n|move|p2b: Giratina|Shadow Ball|p1b: Zamazenta\n|-damage|p1b: Zamazenta|12/100\n|move|p2a: Grimmsnarl|Spirit Break|p1b: Zamazenta\n|-damage|p1b: Zamazenta|7/100\n|-unboost|p1b: Zamazenta|spa|1\n|\n|upkeep\n|turn|10\n|c|\u2606WynnXP|gg you got me\n|\n|t:|1745958761\n|move|p1b: Zamazenta|Body Press|p2a: Grimmsnarl\n|-immune|p2a: Grimmsnarl\n|move|p2b: Giratina|Shadow Ball|p1b: Zamazenta\n|-damage|p1b: Zamazenta|0 fnt\n|faint|p1b: Zamazenta\n|\n|win|dr. shio\n|raw|WynnXP's rating: 1000 &rarr; <strong>1000</strong><br />(+0 for losing)\n|raw|dr. shio's rating: 1000 &rarr; <strong>1040</strong><br />(+40 for winning)\n|l|\u2606WynnXP\n|player|p1|\n", "uploadtime": 1745959176, "views": 9, "formatid": "gen9vgc2025regibo3", "rating": 1000, "private": 0, "password": null}