{"id": "gen9vgc2025regibo3-2353647134", "format": "[Gen 9] VGC 2025 Reg I (Bo3)", "players": ["escapadian", "stevie.bot"], "log": "|j|\u2606escapadian\n|j|\u2606stevie.bot\n|html|<table width=\"100%\"><tr><td align=\"left\">escapadian</td><td align=\"right\">stevie.bot</tr><tr><td align=\"left\"><i class=\"fa fa-circle-o\"></i> <i class=\"fa fa-circle-o\"></i> </td><td align=\"right\"><i class=\"fa fa-circle-o\"></i> <i class=\"fa fa-circle-o\"></i> </tr></table>\n|uhtml|bestof|<h2><strong>Game 1</strong> of <a href=\"/game-bestof3-gen9vgc2025regibo3-2353647133\">a best-of-3</a></h2>\n|t:|1745978639\n|gametype|doubles\n|player|p1|escapadian|rocketgruntf|1194\n|player|p2|stevie.bot|bea|1254\n|teamsize|p1|6\n|teamsize|p2|6\n|gen|9\n|tier|[Gen 9] VGC 2025 Reg I (Bo3)\n|rated|\n|rule|Species Clause: Limit one of each Pok\u00e9mon\n|rule|Item Clause: Limit 1 of each item\n|clearpoke\n|poke|p1|Miraidon, L50|\n|poke|p1|Farigiraf, L50, F|\n|poke|p1|Iron Hands, L50|\n|poke|p1|Grimmsnarl, L50, M|\n|poke|p1|Urshifu-*, L50, M|\n|poke|p1|Groudon, L50|\n|poke|p2|Miraidon, L50|\n|poke|p2|Calyrex-Ice, L50|\n|poke|p2|Landorus, L50, M|\n|poke|p2|Ogerpon-Hearthflame, L50, F|\n|poke|p2|Iron Jugulis, L50|\n|poke|p2|Urshifu-*, L50, M|\n|teampreview|4\n|showteam|p1|Miraidon||ChoiceSpecs|HadronEngine|ElectroDrift,DazzlingGleam,DracoMeteor,VoltSwitch||||||50|,,,,,Fairy]Farigiraf||ElectricSeed|ArmorTail|Psychic,Roar,HelpingHand,TrickRoom|||F|||50|,,,,,Water]Iron Hands||AssaultVest|QuarkDrive|DrainPunch,LowKick,HeavySlam,FakeOut||||||50|,,,,,Bug]Grimmsnarl||LightClay|Prankster|FoulPlay,Reflect,LightScreen,ThunderWave|||M|||50|,,,,,Ghost]Urshifu||FocusSash|UnseenFist|WickedBlow,CloseCombat,SuckerPunch,Protect|||M|||50|,,,,,Dark]Groudon||Leftovers|Drought|PrecipiceBlades,HeatCrash,HelpingHand,Protect||||||50|,,,,,Fire\n|showteam|p2|Miraidon||ChoiceSpecs|HadronEngine|VoltSwitch,DracoMeteor,ElectroDrift,DazzlingGleam||||||50|,,,,,Fairy]Calyrex-Ice||ClearAmulet|AsOneGlastrier|GlacialLance,HighHorsepower,Protect,TrickRoom||||||50|,,,,,Water]Landorus||LifeOrb|SheerForce|SandsearStorm,SludgeBomb,EarthPower,Protect|||M|||50|,,,,,Water]Ogerpon-Hearthflame||HearthflameMask|MoldBreaker|IvyCudgel,HornLeech,FollowMe,SpikyShield|||F|||50|,,,,,Fire]Iron Jugulis||BoosterEnergy|QuarkDrive|Tailwind,AirSlash,Snarl,Protect||||||50|,,,,,Poison]Urshifu-Rapid-Strike||MysticWater|UnseenFist|SurgingStrikes,CloseCombat,AquaJet,Detect|||M|||50|,,,,,Water\n|inactive|Battle timer is ON: inactive players will automatically lose when time's up. (requested by stevie.bot)\n|\n|t:|1745978689\n|start\n|switch|p1a: Grimmsnarl|Grimmsnarl, L50, M|100/100\n|switch|p1b: Groudon|Groudon, L50, shiny|100/100\n|switch|p2a: Calyrex|Calyrex-Ice, L50|100/100\n|switch|p2b: Ogerpon|Ogerpon-Hearthflame, L50, F|100/100\n|-ability|p2a: Calyrex|As One\n|-ability|p2a: Calyrex|Unnerve\n|-ability|p2b: Ogerpon|Mold Breaker\n|-weather|SunnyDay|[from] ability: Drought|[of] p1b: Groudon\n|turn|1\n|\n|t:|1745978708\n|-terastallize|p1b: Groudon|Fire\n|-terastallize|p2a: Calyrex|Water\n|move|p1a: Grimmsnarl|Reflect|p1a: Grimmsnarl\n|-sidestart|p1: escapadian|Reflect\n|move|p2b: Ogerpon|Ivy Cudgel|p1a: Grimmsnarl|[anim] Ivy Cudgel Fire\n|-crit|p1a: Grimmsnarl\n|-damage|p1a: Grimmsnarl|0 fnt\n|faint|p1a: Grimmsnarl\n|move|p1b: Groudon|Precipice Blades|p2a: Calyrex|[spread] p2a,p2b\n|-damage|p2a: Calyrex|67/100\n|-damage|p2b: Ogerpon|54/100\n|move|p2a: Calyrex|Glacial Lance|p1b: Groudon\n|-resisted|p1b: Groudon\n|-damage|p1b: Groudon|85/100\n|\n|-weather|SunnyDay|[upkeep]\n|-heal|p1b: Groudon|91/100|[from] item: Leftovers\n|upkeep\n|\n|t:|1745978726\n|switch|p1a: Miraidon|Miraidon, L50|100/100\n|-fieldstart|move: Electric Terrain|[from] ability: Hadron Engine|[of] p1a: Miraidon\n|turn|2\n|\n|t:|1745978738\n|move|p2b: Ogerpon|Follow Me|p2b: Ogerpon\n|-singleturn|p2b: Ogerpon|move: Follow Me\n|move|p1a: Miraidon|Electro Drift|p2b: Ogerpon\n|-resisted|p2b: Ogerpon\n|-damage|p2b: Ogerpon|0 fnt\n|faint|p2b: Ogerpon\n|move|p1b: Groudon|Precipice Blades|p2a: Calyrex\n|-damage|p2a: Calyrex|21/100\n|move|p2a: Calyrex|Glacial Lance|p1a: Miraidon|[spread] p1a,p1b\n|-supereffective|p1a: Miraidon\n|-resisted|p1b: Groudon\n|-damage|p1a: Miraidon|30/100\n|-damage|p1b: Groudon|78/100\n|\n|-weather|SunnyDay|[upkeep]\n|-heal|p1b: Groudon|84/100|[from] item: Leftovers\n|upkeep\n|inactive|stevie.bot has 30 seconds left.\n|inactive|stevie.bot has 20 seconds left.\n|\n|t:|1745978778\n|switch|p2b: Miraidon|Miraidon, L50|100/100\n|-activate|p2b: Miraidon|ability: Hadron Engine\n|turn|3\n|\n|t:|1745978785\n|switch|p1a: Iron Hands|Iron Hands, L50|100/100\n|-activate|p1a: Iron Hands|ability: Quark Drive\n|-start|p1a: Iron Hands|quarkdriveatk\n|move|p2a: Calyrex|Protect|p2a: Calyrex\n|-singleturn|p2a: Calyrex|Protect\n|move|p2b: Miraidon|Dazzling Gleam|p1b: Groudon|[spread] p1a,p1b\n|-supereffective|p1a: Iron Hands\n|-resisted|p1b: Groudon\n|-damage|p1a: Iron Hands|56/100\n|-damage|p1b: Groudon|67/100\n|move|p1b: Groudon|Precipice Blades|p2b: Miraidon|[spread] p2b\n|-activate|p2a: Calyrex|move: Protect\n|-supereffective|p2b: Miraidon\n|-damage|p2b: Miraidon|8/100\n|\n|-weather|SunnyDay|[upkeep]\n|-heal|p1b: Groudon|72/100|[from] item: Leftovers\n|upkeep\n|turn|4\n|\n|t:|1745978808\n|switch|p2a: Iron Jugulis|Iron Jugulis, L50|100/100\n|-activate|p2a: Iron Jugulis|ability: Quark Drive\n|-start|p2a: Iron Jugulis|quarkdrivespe\n|move|p1a: Iron Hands|Fake Out|p2a: Iron Jugulis\n|-damage|p2a: Iron Jugulis|77/100\n|move|p2b: Miraidon|Dazzling Gleam|p1b: Groudon|[spread] p1a,p1b\n|-supereffective|p1a: Iron Hands\n|-resisted|p1b: Groudon\n|-damage|p1a: Iron Hands|13/100\n|-damage|p1b: Groudon|53/100\n|move|p1b: Groudon|Precipice Blades|p2b: Miraidon|[spread] p2b\n|-immune|p2a: Iron Jugulis\n|-supereffective|p2b: Miraidon\n|-damage|p2b: Miraidon|0 fnt\n|faint|p2b: Miraidon\n|\n|-weather|SunnyDay|[upkeep]\n|-heal|p1b: Groudon|59/100|[from] item: Leftovers\n|upkeep\n|\n|t:|1745978820\n|switch|p2b: Calyrex|Calyrex-Ice, L50, tera:Water|21/100\n|-ability|p2b: Calyrex|As One\n|-ability|p2b: Calyrex|Unnerve\n|turn|5\n|inactive|stevie.bot has 30 seconds left.\n|inactive|stevie.bot has 20 seconds left.\n|inactive|stevie.bot has 15 seconds left.\n|inactive|stevie.bot has 10 seconds left.\n|\n|t:|1745978867\n|move|p2b: Calyrex|Protect|p2b: Calyrex\n|-singleturn|p2b: Calyrex|Protect\n|move|p2a: Iron Jugulis|Air Slash|p1a: Iron Hands\n|-damage|p1a: Iron Hands|0 fnt\n|faint|p1a: Iron Hands\n|-end|p1a: Iron Hands|Quark Drive|[silent]\n|move|p1b: Groudon|Heat Crash|p2a: Iron Jugulis\n|-damage|p2a: Iron Jugulis|0 fnt\n|faint|p2a: Iron Jugulis\n|-end|p2a: Iron Jugulis|Quark Drive|[silent]\n|\n|-weather|none\n|-heal|p1b: Groudon|65/100|[from] item: Leftovers\n|upkeep\n|\n|t:|1745978876\n|switch|p1a: Miraidon|Miraidon, L50|30/100\n|-activate|p1a: Miraidon|ability: Hadron Engine\n|turn|6\n|-message|stevie.bot forfeited.\n|\n|win|escapadian\n||escapadian is ready for game 2.\n||stevie.bot is ready for game 2.\n|uhtml|next|Next: <a href=\"/battle-gen9vgc2025regibo3-2353649153\"><strong>Game 2 of 3</strong></a>\n", "uploadtime": 1745979351, "views": 28, "formatid": "gen9vgc2025regibo3", "rating": null, "private": 0, "password": null}