{"id": "gen9vgc2025regibo3-2354252539", "format": "[Gen 9] VGC 2025 Reg I (Bo3)", "players": ["tzarii", "canadadryafk"], "log": "|j|\u2606tzarii\n|j|\u2606canadadryafk\n|html|<table width=\"100%\"><tr><td align=\"left\">tzarii</td><td align=\"right\">canadadryafk</tr><tr><td align=\"left\"><i class=\"fa fa-circle-o\"></i> <i class=\"fa fa-circle-o\"></i> </td><td align=\"right\"><i class=\"fa fa-circle-o\"></i> <i class=\"fa fa-circle-o\"></i> </tr></table>\n|uhtml|bestof|<h2><strong>Game 1</strong> of <a href=\"/game-bestof3-gen9vgc2025regibo3-2354252538\">a best-of-3</a></h2>\n|t:|1746049311\n|gametype|doubles\n|player|p1|tzarii|lady-gen4|1106\n|player|p2|canadadryafk|102|1085\n|teamsize|p1|6\n|teamsize|p2|6\n|gen|9\n|tier|[Gen 9] VGC 2025 Reg I (Bo3)\n|rated|\n|rule|Species Clause: Limit one of each Pok\u00e9mon\n|rule|Item Clause: Limit 1 of each item\n|clearpoke\n|poke|p1|Koraidon, L50|\n|poke|p1|Groudon, L50|\n|poke|p1|Flutter Mane, L50|\n|poke|p1|Scovillain, L50, F|\n|poke|p1|Rillaboom, L50, F|\n|poke|p1|Scream Tail, L50|\n|poke|p2|Incineroar, L50, M|\n|poke|p2|Zacian-*, L50|\n|poke|p2|Farigiraf, L50, F|\n|poke|p2|Iron Bundle, L50|\n|poke|p2|Miraidon, L50|\n|poke|p2|Ursaluna, L50, F|\n|teampreview|4\n|showteam|p1|Koraidon||ClearAmulet|OrichalcumPulse|FlameCharge,CloseCombat,FlareBlitz,Protect||||||50|,,,,,Fire]Groudon||AssaultVest|Drought|PrecipiceBlades,HeatCrash,RockSlide,HighHorsepower||||||50|,,,,,Water]Flutter Mane||FocusSash|Protosynthesis|Moonblast,IcyWind,ShadowBall,Protect||||||50|,,,,,Fairy]Scovillain||CovertCloak|Chlorophyll|Overheat,SpicyExtract,WillOWisp,ScaryFace|||F|||50|,,,,,Fire]Rillaboom||MiracleSeed|GrassySurge|FakeOut,GrassyGlide,WoodHammer,Protect|||F|||50|,,,,,Water]Scream Tail||RedCard|Protosynthesis|StealthRock,Encore,Disable,Protect||||||50|,,,,,Dark\n|showteam|p2|Incineroar||AssaultVest|Intimidate|FlareBlitz,KnockOff,FakeOut,Uturn|||M|||50|,,,,,Ghost]Zacian-Crowned||RustedSword|IntrepidSword|Protect,behemothblade,PlayRough,SacredSword||||||50|,,,,,Dragon]Farigiraf||ElectricSeed|ArmorTail|PsychicNoise,FoulPlay,HelpingHand,TrickRoom|||F|||50|,,,,,Water]Iron Bundle||FocusSash|QuarkDrive|FreezeDry,IcyWind,Encore,Protect||||||50|,,,,,Ghost]Miraidon||ChoiceSpecs|HadronEngine|ElectroDrift,DracoMeteor,VoltSwitch,DazzlingGleam||||||50|,,,,,Fairy]Ursaluna||FlameOrb|Guts|Facade,HeadlongRush,Substitute,Protect|||F|||50|,,,,,Poison\n|inactive|Battle timer is ON: inactive players will automatically lose when time's up. (requested by canadadryafk)\n|inactive|tzarii has 60 seconds left.\n|inactive|canadadryafk has 60 seconds left.\n|\n|t:|1746049363\n|start\n|switch|p1a: Rillaboom|Rillaboom, L50, F|100/100\n|switch|p1b: Scream Tail|Scream Tail, L50|100/100\n|switch|p2a: Farigiraf|Farigiraf, L50, F|100/100\n|switch|p2b: Miraidon|Miraidon, L50|100/100\n|-fieldstart|move: Electric Terrain|[from] ability: Hadron Engine|[of] p2b: Miraidon\n|-enditem|p2a: Farigiraf|Electric Seed\n|-boost|p2a: Farigiraf|def|1|[from] item: Electric Seed\n|-fieldstart|move: Grassy Terrain|[from] ability: Grassy Surge|[of] p1a: Rillaboom\n|turn|1\n|inactive|tzarii has 30 seconds left.\n|inactive|canadadryafk has 30 seconds left.\n|inactive|tzarii has 20 seconds left.\n|inactive|canadadryafk has 20 seconds left.\n|inactive|canadadryafk has 15 seconds left.\n|\n|t:|1746049409\n|move|p2b: Miraidon|Volt Switch|p1a: Rillaboom\n|-resisted|p1a: Rillaboom\n|-damage|p1a: Rillaboom|67/100\n|\n|t:|1746049416\n|switch|p2b: Incineroar|Incineroar, L50, M|100/100|[from] Volt Switch\n|-ability|p2b: Incineroar|Intimidate|boost\n|-unboost|p1a: Rillaboom|atk|1\n|-unboost|p1b: Scream Tail|atk|1\n|move|p1b: Scream Tail|Stealth Rock|p2b: Incineroar\n|-sidestart|p2: canadadryafk|move: Stealth Rock\n|move|p1a: Rillaboom|Wood Hammer|p2b: Incineroar\n|-resisted|p2b: Incineroar\n|-damage|p2b: Incineroar|74/100\n|-damage|p1a: Rillaboom|58/100|[from] Recoil\n|move|p2a: Farigiraf|Trick Room|p2a: Farigiraf\n|-fieldstart|move: Trick Room|[of] p2a: Farigiraf\n|\n|-heal|p1a: Rillaboom|64/100|[from] Grassy Terrain\n|-heal|p2b: Incineroar|80/100|[from] Grassy Terrain\n|upkeep\n|turn|2\n|inactive|tzarii has 30 seconds left.\n|inactive|canadadryafk has 30 seconds left.\n|inactive|tzarii has 20 seconds left.\n|\n|t:|1746049454\n|switch|p1a: Groudon|Groudon, L50|100/100\n|-weather|SunnyDay|[from] ability: Drought|[of] p1a: Groudon\n|-activate|p1b: Scream Tail|ability: Protosynthesis\n|-start|p1b: Scream Tail|protosynthesisspe\n|move|p2a: Farigiraf|Foul Play|p1a: Groudon\n|-damage|p1a: Groudon|76/100\n|move|p2b: Incineroar|U-turn|p1a: Groudon\n|-damage|p1a: Groudon|64/100\n|\n|t:|1746049464\n|switch|p2b: Ursaluna|Ursaluna, L50, F|100/100|[from] U-turn\n|-damage|p2b: Ursaluna|95/100|[from] Stealth Rock\n|move|p1b: Scream Tail|Encore||[still]\n|-fail|p1b: Scream Tail\n|\n|-weather|SunnyDay|[upkeep]\n|-heal|p2b: Ursaluna|100/100|[from] Grassy Terrain\n|-heal|p1a: Groudon|69/100|[from] Grassy Terrain\n|-status|p2b: Ursaluna|brn|[from] item: Flame Orb\n|upkeep\n|turn|3\n|inactive|tzarii has 30 seconds left.\n|inactive|canadadryafk has 30 seconds left.\n|inactive|tzarii has 20 seconds left.\n|inactive|tzarii has 15 seconds left.\n|inactive|canadadryafk has 20 seconds left.\n|inactive|canadadryafk has 15 seconds left.\n|\n|t:|1746049515\n|move|p2a: Farigiraf|Helping Hand|p2b: Ursaluna\n|-singleturn|p2b: Ursaluna|Helping Hand|[of] p2a: Farigiraf\n|move|p2b: Ursaluna|Facade|p1b: Scream Tail\n|-damage|p1b: Scream Tail|0 fnt\n|faint|p1b: Scream Tail\n|-end|p1b: Scream Tail|Protosynthesis|[silent]\n|move|p1a: Groudon|Precipice Blades|p2a: Farigiraf|[spread] p2a,p2b\n|-damage|p2a: Farigiraf|77/100\n|-damage|p2b: Ursaluna|64/100 brn\n|\n|-weather|SunnyDay|[upkeep]\n|-heal|p2b: Ursaluna|70/100 brn|[from] Grassy Terrain\n|-heal|p2a: Farigiraf|84/100|[from] Grassy Terrain\n|-heal|p1a: Groudon|75/100|[from] Grassy Terrain\n|-damage|p2b: Ursaluna|64/100 brn|[from] brn\n|upkeep\n|\n|t:|1746049536\n|switch|p1b: Rillaboom|Rillaboom, L50, F|64/100\n|turn|4\n|\n|t:|1746049549\n|move|p2b: Ursaluna|Facade|p1a: Groudon\n|-crit|p1a: Groudon\n|-damage|p1a: Groudon|0 fnt\n|faint|p1a: Groudon\n|move|p2a: Farigiraf|Foul Play|p1b: Rillaboom\n|-damage|p1b: Rillaboom|29/100\n|move|p1b: Rillaboom|Wood Hammer|p2b: Ursaluna\n|-supereffective|p2b: Ursaluna\n|-damage|p2b: Ursaluna|0 fnt\n|faint|p2b: Ursaluna\n|-damage|p1b: Rillaboom|6/100|[from] Recoil\n|\n|-weather|SunnyDay|[upkeep]\n|-heal|p2a: Farigiraf|90/100|[from] Grassy Terrain\n|-heal|p1b: Rillaboom|12/100|[from] Grassy Terrain\n|upkeep\n|\n|t:|1746049569\n|switch|p2b: Miraidon|Miraidon, L50|100/100\n|switch|p1a: Koraidon|Koraidon, L50|100/100\n|-damage|p2b: Miraidon|88/100|[from] Stealth Rock\n|-fieldstart|move: Electric Terrain|[from] ability: Hadron Engine|[of] p2b: Miraidon\n|-activate|p1a: Koraidon|ability: Orichalcum Pulse\n|turn|5\n|inactive|canadadryafk has 30 seconds left.\n|\n|t:|1746049595\n|move|p1b: Rillaboom|Protect|p1b: Rillaboom\n|-singleturn|p1b: Rillaboom|Protect\n|move|p1a: Koraidon|Protect|p1a: Koraidon\n|-singleturn|p1a: Koraidon|Protect\n|move|p2a: Farigiraf|Foul Play|p1b: Rillaboom\n|-activate|p1b: Rillaboom|move: Protect\n|move|p2b: Miraidon|Draco Meteor|p1a: Koraidon\n|-activate|p1a: Koraidon|move: Protect\n|\n|-weather|SunnyDay|[upkeep]\n|-fieldend|move: Trick Room\n|upkeep\n|turn|6\n|inactive|canadadryafk has 30 seconds left.\n|\n|t:|1746049629\n|-terastallize|p1a: Koraidon|Fire\n|-terastallize|p2b: Miraidon|Fairy\n|move|p2b: Miraidon|Draco Meteor|p1a: Koraidon|[miss]\n|-miss|p2b: Miraidon|p1a: Koraidon\n|move|p1a: Koraidon|Close Combat|p2b: Miraidon\n|-resisted|p2b: Miraidon\n|-damage|p2b: Miraidon|44/100\n|-unboost|p1a: Koraidon|def|1\n|-unboost|p1a: Koraidon|spd|1\n|move|p1b: Rillaboom|Wood Hammer|p2b: Miraidon\n|-damage|p2b: Miraidon|0 fnt\n|faint|p2b: Miraidon\n|-damage|p1b: Rillaboom|0 fnt|[from] Recoil\n|faint|p1b: Rillaboom\n|move|p2a: Farigiraf|Foul Play|p1a: Koraidon\n|-damage|p1a: Koraidon|52/100\n|\n|-weather|none\n|upkeep\n|\n|t:|1746049646\n|switch|p2b: Incineroar|Incineroar, L50, M|80/100\n|-damage|p2b: Incineroar|55/100|[from] Stealth Rock\n|-ability|p2b: Incineroar|Intimidate|boost\n|-fail|p1a: Koraidon|unboost|[from] item: Clear Amulet|[of] p1a: Koraidon\n|turn|7\n|\n|t:|1746049657\n|move|p1a: Koraidon|Protect|p1a: Koraidon\n|-singleturn|p1a: Koraidon|Protect\n|move|p2b: Incineroar|Fake Out|p1a: Koraidon\n|-activate|p1a: Koraidon|move: Protect\n|move|p2a: Farigiraf|Trick Room|p2a: Farigiraf\n|-fieldstart|move: Trick Room|[of] p2a: Farigiraf\n|\n|upkeep\n|turn|8\n|-message|tzarii forfeited.\n|\n|win|canadadryafk\n||tzarii is ready for game 2.\n", "uploadtime": 1746049668, "views": 7, "formatid": "gen9vgc2025regibo3", "rating": null, "private": 0, "password": null}