{"id": "gen9vgc2025regibo3-2354996076", "format": "[Gen 9] VGC 2025 Reg I (Bo3)", "players": ["ZieCE", "latios66"], "log": "|j|\u2606ZieCE\n|j|\u2606latios66\n|html|<table width=\"100%\"><tr><td align=\"left\">ZieCE</td><td align=\"right\">latios66</tr><tr><td align=\"left\"><i class=\"fa fa-circle-o\"></i> <i class=\"fa fa-circle-o\"></i> </td><td align=\"right\"><i class=\"fa fa-circle-o\"></i> <i class=\"fa fa-circle-o\"></i> </tr></table>\n|uhtml|bestof|<h2><strong>Game 1</strong> of <a href=\"/game-bestof3-gen9vgc2025regibo3-2354996073\">a best-of-3</a></h2>\n|t:|1746140001\n|gametype|doubles\n|player|p1|ZieCE|alder|1228\n|player|p2|latios66|266|1199\n|teamsize|p1|6\n|teamsize|p2|6\n|gen|9\n|tier|[Gen 9] VGC 2025 Reg I (Bo3)\n|rated|\n|rule|Species Clause: Limit one of each Pok\u00e9mon\n|rule|Item Clause: Limit 1 of each item\n|clearpoke\n|poke|p1|Koraidon, L50|\n|poke|p1|Calyrex-Shadow, L50|\n|poke|p1|Brute Bonnet, L50|\n|poke|p1|Raging Bolt, L50|\n|poke|p1|Flutter Mane, L50|\n|poke|p1|Whimsicott, L50, F|\n|poke|p2|Miraidon, L50|\n|poke|p2|Sneasler, L50, M|\n|poke|p2|Dondozo, L50, M|\n|poke|p2|Tatsugiri-Droopy, L50, F|\n|poke|p2|Dragonite, L50, F|\n|poke|p2|Calyrex-Shadow, L50|\n|teampreview|4\n|showteam|p1|Koraidon||LifeOrb|OrichalcumPulse|CloseCombat,FlameCharge,FlareBlitz,Protect||||||50|,,,,,Fire]Calyrex-Shadow||ChoiceSpecs|AsOneSpectrier|AstralBarrage,Snarl,ShadowBall,Psyshock||||||50|,,,,,Normal]Brute Bonnet||RockyHelmet|Protosynthesis|RagePowder,Spore,SuckerPunch,SeedBomb||||||50|,,,,,Water]Raging Bolt||AssaultVest|Protosynthesis|Snarl,DracoMeteor,VoltSwitch,Thunderclap||||||50|,,,,,Water]Flutter Mane||FocusSash|Protosynthesis|IcyWind,Moonblast,Protect,ShadowBall||||||50|,,,,,Normal]Whimsicott||CovertCloak|Prankster|Tailwind,Taunt,Moonblast,LightScreen|||F|||50|,,,,,Dark\n|showteam|p2|Miraidon||ChoiceScarf|HadronEngine|VoltSwitch,ElectroDrift,DazzlingGleam,DracoMeteor||||||50|,,,,,Fairy]Sneasler||ElectricSeed|Unburden|AcidSpray,DireClaw,CloseCombat,FakeOut|||M|||50|,,,,,Poison]Dondozo||Leftovers|Unaware|Earthquake,BodyPress,OrderUp,Protect|||M|||50|,,,,,Grass]Tatsugiri-Droopy||FocusSash|Commander|MuddyWater,Protect,HelpingHand,DracoMeteor|||F|||50|,,,,,Normal]Dragonite||ChoiceBand|InnerFocus|ExtremeSpeed,IronHead,Outrage,AerialAce|||F|||50|,,,,,Normal]Calyrex-Shadow||LifeOrb|AsOneSpectrier|PollenPuff,Psychic,AstralBarrage,Protect||||||50|,,,,,Dark\n|\n|t:|1746140099\n|start\n|switch|p1a: Koraidon|Koraidon, L50|100/100\n|switch|p1b: Flutter Mane|Flutter Mane, L50|100/100\n|switch|p2a: Miraidon|Miraidon, L50|100/100\n|switch|p2b: Sneasler|Sneasler, L50, M|100/100\n|-fieldstart|move: Electric Terrain|[from] ability: Hadron Engine|[of] p2a: Miraidon\n|-enditem|p2b: Sneasler|Electric Seed\n|-boost|p2b: Sneasler|def|1|[from] item: Electric Seed\n|-weather|SunnyDay|[from] ability: Orichalcum Pulse|[of] p1a: Koraidon\n|-activate|p1b: Flutter Mane|ability: Protosynthesis\n|-start|p1b: Flutter Mane|protosynthesisspe\n|-activate|p1a: Koraidon|Orichalcum Pulse|[source]\n|turn|1\n|\n|t:|1746140136\n|-terastallize|p2b: Sneasler|Poison\n|move|p1a: Koraidon|Protect|p1a: Koraidon\n|-singleturn|p1a: Koraidon|Protect\n|move|p2b: Sneasler|Dire Claw|p1b: Flutter Mane\n|-damage|p1b: Flutter Mane|16/100\n|move|p1b: Flutter Mane|Icy Wind|p2b: Sneasler|[spread] p2a,p2b\n|-supereffective|p2a: Miraidon\n|-damage|p2a: Miraidon|80/100\n|-damage|p2b: Sneasler|85/100\n|-unboost|p2a: Miraidon|spe|1\n|-unboost|p2b: Sneasler|spe|1\n|move|p2a: Miraidon|Draco Meteor|p1a: Koraidon\n|-activate|p1a: Koraidon|move: Protect\n|\n|-weather|SunnyDay|[upkeep]\n|upkeep\n|turn|2\n|\n|t:|1746140190\n|switch|p2b: Dondozo|Dondozo, L50, M|100/100\n|switch|p2a: Tatsugiri|Tatsugiri-Droopy, L50, F|100/100\n|-activate|p2a: Tatsugiri|ability: Commander|[of] p2b: Dondozo\n|-boost|p2b: Dondozo|atk|2\n|-boost|p2b: Dondozo|spa|2\n|-boost|p2b: Dondozo|spe|2\n|-boost|p2b: Dondozo|def|2\n|-boost|p2b: Dondozo|spd|2\n|move|p1b: Flutter Mane|Icy Wind|p2a: Tatsugiri|[spread] p2b\n|-miss|p1b: Flutter Mane|p2a: Tatsugiri\n|-resisted|p2b: Dondozo\n|-crit|p2b: Dondozo\n|-damage|p2b: Dondozo|92/100\n|-unboost|p2b: Dondozo|spe|1\n|move|p1a: Koraidon|Close Combat|p2a: Tatsugiri|[miss]\n|-miss|p1a: Koraidon|p2a: Tatsugiri\n|\n|-weather|SunnyDay|[upkeep]\n|-heal|p2b: Dondozo|98/100|[from] item: Leftovers\n|upkeep\n|turn|3\n|\n|t:|1746140210\n|-end|p1b: Flutter Mane|Protosynthesis|[silent]\n|switch|p1b: Raging Bolt|Raging Bolt, L50|100/100\n|-activate|p1b: Raging Bolt|ability: Protosynthesis\n|-start|p1b: Raging Bolt|protosynthesisspa\n|move|p1a: Koraidon|Protect|p1a: Koraidon\n|-singleturn|p1a: Koraidon|Protect\n|move|p2b: Dondozo|Earthquake|p1b: Raging Bolt|[spread] p1b\n|-miss|p2b: Dondozo|p2a: Tatsugiri\n|-activate|p1a: Koraidon|move: Protect\n|-supereffective|p1b: Raging Bolt\n|-damage|p1b: Raging Bolt|43/100\n|\n|-weather|SunnyDay|[upkeep]\n|-heal|p2b: Dondozo|100/100|[from] item: Leftovers\n|upkeep\n|turn|4\n|\n|t:|1746140237\n|move|p1b: Raging Bolt|Thunderclap|p2b: Dondozo\n|-supereffective|p2b: Dondozo\n|-damage|p2b: Dondozo|37/100\n|move|p1a: Koraidon|Close Combat|p2b: Dondozo\n|-damage|p2b: Dondozo|4/100\n|-unboost|p1a: Koraidon|def|1\n|-unboost|p1a: Koraidon|spd|1\n|-damage|p1a: Koraidon|91/100|[from] item: Life Orb\n|move|p2b: Dondozo|Earthquake|p1a: Koraidon|[spread] p1a,p1b\n|-miss|p2b: Dondozo|p2a: Tatsugiri\n|-supereffective|p1b: Raging Bolt\n|-damage|p1a: Koraidon|60/100\n|-damage|p1b: Raging Bolt|0 fnt\n|faint|p1b: Raging Bolt\n|-end|p1b: Raging Bolt|Protosynthesis|[silent]\n|\n|-weather|SunnyDay|[upkeep]\n|-heal|p2b: Dondozo|10/100|[from] item: Leftovers\n|upkeep\n|\n|t:|1746140253\n|switch|p1b: Calyrex|Calyrex-Shadow, L50|100/100\n|-ability|p1b: Calyrex|As One\n|-ability|p1b: Calyrex|Unnerve\n|turn|5\n|\n|t:|1746140266\n|switch|p1a: Flutter Mane|Flutter Mane, L50|16/100\n|-activate|p1a: Flutter Mane|ability: Protosynthesis\n|-start|p1a: Flutter Mane|protosynthesisspe\n|move|p2b: Dondozo|Protect|p2b: Dondozo\n|-singleturn|p2b: Dondozo|Protect\n|move|p1b: Calyrex|Astral Barrage|p2b: Dondozo|[spread] \n|-miss|p1b: Calyrex|p2a: Tatsugiri\n|-activate|p2b: Dondozo|move: Protect\n|\n|-weather|none\n|-end|p1a: Flutter Mane|Protosynthesis\n|-heal|p2b: Dondozo|16/100|[from] item: Leftovers\n|-fieldend|move: Electric Terrain\n|upkeep\n|turn|6\n|\n|t:|1746140284\n|move|p1a: Flutter Mane|Protect|p1a: Flutter Mane\n|-singleturn|p1a: Flutter Mane|Protect\n|move|p1b: Calyrex|Astral Barrage|p2a: Tatsugiri|[spread] p2b\n|-miss|p1b: Calyrex|p2a: Tatsugiri\n|-damage|p2b: Dondozo|0 fnt\n|faint|p2b: Dondozo\n|-ability|p1b: Calyrex|Grim Neigh|boost\n|-boost|p1b: Calyrex|spa|1\n|\n|upkeep\n|\n|t:|1746140290\n|switch|p2b: Miraidon|Miraidon, L50|80/100\n|-fieldstart|move: Electric Terrain|[from] ability: Hadron Engine|[of] p2b: Miraidon\n|turn|7\n|\n|t:|1746140297\n|switch|p1b: Koraidon|Koraidon, L50|60/100\n|-weather|SunnyDay|[from] ability: Orichalcum Pulse|[of] p1b: Koraidon\n|-activate|p1a: Flutter Mane|ability: Protosynthesis\n|-start|p1a: Flutter Mane|protosynthesisspe\n|-activate|p1b: Koraidon|Orichalcum Pulse|[source]\n|move|p1a: Flutter Mane|Icy Wind|p2a: Tatsugiri|[spread] p2a,p2b\n|-supereffective|p2b: Miraidon\n|-damage|p2a: Tatsugiri|85/100\n|-damage|p2b: Miraidon|59/100\n|-unboost|p2a: Tatsugiri|spe|1\n|-unboost|p2b: Miraidon|spe|1\n|move|p2b: Miraidon|Electro Drift|p1b: Koraidon\n|-resisted|p1b: Koraidon\n|-damage|p1b: Koraidon|13/100\n|move|p2a: Tatsugiri|Muddy Water|p1a: Flutter Mane|[spread] p1a,p1b\n|-resisted|p1b: Koraidon\n|-damage|p1a: Flutter Mane|1/100\n|-damage|p1b: Koraidon|6/100\n|\n|-weather|SunnyDay|[upkeep]\n|upkeep\n|turn|8\n|\n|t:|1746140324\n|switch|p2b: Sneasler|Sneasler, L50, M, tera:Poison|85/100\n|move|p1a: Flutter Mane|Icy Wind|p2b: Sneasler|[spread] p2a,p2b\n|-damage|p2a: Tatsugiri|68/100\n|-damage|p2b: Sneasler|69/100\n|-unboost|p2a: Tatsugiri|spe|1\n|-unboost|p2b: Sneasler|spe|1\n|move|p1b: Koraidon|Close Combat|p2b: Sneasler\n|-resisted|p2b: Sneasler\n|-damage|p2b: Sneasler|0 fnt\n|-unboost|p1b: Koraidon|def|1\n|-unboost|p1b: Koraidon|spd|1\n|faint|p2b: Sneasler\n|-damage|p1b: Koraidon|0 fnt|[from] item: Life Orb\n|faint|p1b: Koraidon\n|move|p2a: Tatsugiri|Muddy Water|p1a: Flutter Mane\n|-damage|p1a: Flutter Mane|0 fnt\n|faint|p1a: Flutter Mane\n|-end|p1a: Flutter Mane|Protosynthesis|[silent]\n|\n|-weather|SunnyDay|[upkeep]\n|upkeep\n|\n|t:|1746140341\n|switch|p1b: Calyrex|Calyrex-Shadow, L50|100/100\n|switch|p2b: Miraidon|Miraidon, L50|59/100\n|-ability|p1b: Calyrex|As One\n|-ability|p1b: Calyrex|Unnerve\n|-activate|p2b: Miraidon|ability: Hadron Engine\n|turn|9\n|\n|t:|1746140346\n|move|p2a: Tatsugiri|Helping Hand|p2b: Miraidon\n|-singleturn|p2b: Miraidon|Helping Hand|[of] p2a: Tatsugiri\n|move|p2b: Miraidon|Electro Drift|p1b: Calyrex\n|-damage|p1b: Calyrex|0 fnt\n|faint|p1b: Calyrex\n|\n|win|latios66\n|l|\u2606ZieCE\n|player|p1|\n|inactive|ZieCE has 30 seconds to confirm battle start!\n|inactive|latios66 has 30 seconds to confirm battle start!\n", "uploadtime": 1746140358, "views": 4, "formatid": "gen9vgc2025regibo3", "rating": null, "private": 0, "password": null}