{"id": "gen9vgc2025regibo3-2354083835", "format": "[Gen 9] VGC 2025 Reg I (Bo3)", "players": ["giraldo576", "mavvyvgc"], "log": "|j|\u2606giraldo576\n|j|\u2606mavvyvgc\n|html|<table width=\"100%\"><tr><td align=\"left\">giraldo576</td><td align=\"right\">mavvyvgc</tr><tr><td align=\"left\"><i class=\"fa fa-circle\"></i> <i class=\"fa fa-circle-o\"></i> </td><td align=\"right\"><i class=\"fa fa-circle-o\"></i> <i class=\"fa fa-circle-o\"></i> </tr></table>\n|uhtml|bestof|<h2><strong>Game 2</strong> of <a href=\"/game-bestof3-gen9vgc2025regibo3-2354079926\">a best-of-3</a></h2>\n|t:|1746033449\n|gametype|doubles\n|player|p1|giraldo576|1|1154\n|player|p2|mavvyvgc|riley|1054\n|teamsize|p1|6\n|teamsize|p2|6\n|gen|9\n|tier|[Gen 9] VGC 2025 Reg I (Bo3)\n|rated|\n|rule|Species Clause: Limit one of each Pok\u00e9mon\n|rule|Item Clause: Limit 1 of each item\n|clearpoke\n|poke|p1|Kyogre, L50|\n|poke|p1|Rillaboom, L50, F|\n|poke|p1|Ogerpon-Wellspring, L50, F|\n|poke|p1|Tornadus, L50, M|\n|poke|p1|Calyrex-Shadow, L50|\n|poke|p1|Landorus, L50, M|\n|poke|p2|Calyrex-Shadow, L50|\n|poke|p2|Kyurem, L50|\n|poke|p2|Slowking, L50, F|\n|poke|p2|Ninetales-Alola, L50, M|\n|poke|p2|Tornadus, L50, M|\n|poke|p2|Incineroar, L50, F|\n|teampreview|4\n|showteam|p1|Kyogre||AssaultVest|Drizzle|WaterSpout,IceBeam,OriginPulse,Thunder||||||50|,,,,,Grass]Rillaboom||Leftovers|GrassySurge|GrassyGlide,FakeOut,WoodHammer,Uturn|||F|||50|,,,,,Grass]Ogerpon-Wellspring||WellspringMask|WaterAbsorb|FollowMe,IvyCudgel,SpikyShield,Encore|||F|||50|,,,,,Water]Tornadus||CovertCloak|Prankster|RainDance,Taunt,Tailwind,BleakwindStorm|||M|||50|,,,,,Dark]Calyrex-Shadow||FocusSash|AsOneSpectrier|NastyPlot,Protect,AstralBarrage,Psyshock||||||50|,,,,,Steel]Landorus||LifeOrb|SheerForce|SandsearStorm,Protect,SludgeBomb,NastyPlot|||M|||50|,,,,,Poison\n|showteam|p2|Calyrex-Shadow||FocusSash|AsOneSpectrier|DarkPulse,AstralBarrage,NastyPlot,Protect||||||50|,,,,,Dark]Kyurem||NeverMeltIce|Pressure|DracoMeteor,Protect,Glaciate,Blizzard||||||50|,,,,,Fire]Slowking||RockyHelmet|Oblivious|Psychic,TrickRoom,ChillyReception,HydroPump|||F|||50|,,,,,Water]Ninetales-Alola||LifeOrb|SnowWarning|Moonblast,FreezeDry,Blizzard,Protect|||M|||50|,,,,,Electric]Tornadus||CovertCloak|Prankster|Tailwind,WeatherBall,Protect,Snowscape|||M|||50|,,,,,Dark]Incineroar||AssaultVest|Intimidate|FakeOut,KnockOff,FlareBlitz,Uturn|||F|||50|,,,,,Fire\n|l|\u2606giraldo576\n|player|p1|\n|j|\u2606giraldo576\n|player|p1|giraldo576|1|\n|\n|t:|1746033511\n|start\n|switch|p1a: Tornadus|Tornadus, L50, M|100/100\n|switch|p1b: Kyogre|Kyogre, L50|100/100\n|switch|p2a: Tornadus|Tornadus, L50, M|100/100\n|switch|p2b: Kyurem|Kyurem, L50|100/100\n|-ability|p2b: Kyurem|Pressure\n|-weather|RainDance|[from] ability: Drizzle|[of] p1b: Kyogre\n|turn|1\n|\n|t:|1746033583\n|move|p1a: Tornadus|Tailwind|p1a: Tornadus\n|-sidestart|p1: giraldo576|move: Tailwind\n|move|p2a: Tornadus|Tailwind|p2a: Tornadus\n|-sidestart|p2: mavvyvgc|move: Tailwind\n|move|p2b: Kyurem|Glaciate|p1b: Kyogre|[spread] p1a,p1b\n|-supereffective|p1a: Tornadus\n|-resisted|p1b: Kyogre\n|-damage|p1a: Tornadus|48/100\n|-damage|p1b: Kyogre|95/100\n|-unboost|p1b: Kyogre|spe|1\n|move|p1b: Kyogre|Thunder|p2a: Tornadus\n|-supereffective|p2a: Tornadus\n|-damage|p2a: Tornadus|28/100\n|\n|-weather|RainDance|[upkeep]\n|upkeep\n|turn|2\n|inactive|Battle timer is ON: inactive players will automatically lose when time's up. (requested by giraldo576)\n|\n|t:|1746033626\n|move|p1a: Tornadus|Taunt|p2a: Tornadus\n|-start|p2a: Tornadus|move: Taunt\n|cant|p2a: Tornadus|move: Taunt|Snowscape\n|move|p2b: Kyurem|Draco Meteor|p1b: Kyogre\n|-damage|p1b: Kyogre|67/100\n|-unboost|p2b: Kyurem|spa|2\n|move|p1b: Kyogre|Origin Pulse|p2b: Kyurem|[spread] p2a,p2b\n|-resisted|p2b: Kyurem\n|-damage|p2a: Tornadus|0 fnt\n|-damage|p2b: Kyurem|69/100\n|faint|p2a: Tornadus\n|\n|-weather|RainDance|[upkeep]\n|upkeep\n|\n|t:|1746033638\n|switch|p2a: Ninetales|Ninetales-Alola, L50, M|100/100\n|-weather|Snowscape|[from] ability: Snow Warning|[of] p2a: Ninetales\n|turn|3\n|inactive|giraldo576 has 30 seconds left.\n|\n|t:|1746033663\n|move|p2b: Kyurem|Protect|p2b: Kyurem\n|-singleturn|p2b: Kyurem|Protect\n|move|p1a: Tornadus|Rain Dance|p1a: Tornadus\n|-weather|RainDance\n|move|p2a: Ninetales|Freeze-Dry|p1b: Kyogre\n|-supereffective|p1b: Kyogre\n|-damage|p1b: Kyogre|35/100\n|-damage|p2a: Ninetales|91/100|[from] item: Life Orb\n|move|p1b: Kyogre|Origin Pulse|p2b: Kyurem|[spread] \n|-activate|p2b: Kyurem|move: Protect\n|-miss|p1b: Kyogre|p2a: Ninetales\n|\n|-weather|RainDance|[upkeep]\n|upkeep\n|turn|4\n|\n|t:|1746033686\n|switch|p1b: Calyrex|Calyrex-Shadow, L50|100/100\n|-ability|p1b: Calyrex|As One\n|-ability|p1b: Calyrex|Unnerve\n|move|p2a: Ninetales|Freeze-Dry|p1b: Calyrex\n|-damage|p1b: Calyrex|64/100\n|-status|p1b: Calyrex|frz\n|-damage|p2a: Ninetales|82/100|[from] item: Life Orb\n|move|p1a: Tornadus|Bleakwind Storm|p2b: Kyurem|[spread] p2a,p2b\n|-damage|p2a: Ninetales|43/100\n|-damage|p2b: Kyurem|41/100\n|-unboost|p2a: Ninetales|spe|1\n|move|p2b: Kyurem|Glaciate|p1a: Tornadus|[spread] p1a,p1b\n|-supereffective|p1a: Tornadus\n|-crit|p1a: Tornadus\n|-damage|p1a: Tornadus|0 fnt\n|-damage|p1b: Calyrex|48/100 frz\n|-unboost|p1b: Calyrex|spe|1\n|faint|p1a: Tornadus\n|\n|-weather|RainDance|[upkeep]\n|-sideend|p2: mavvyvgc|move: Tailwind\n|-sideend|p1: giraldo576|move: Tailwind\n|upkeep\n|\n|t:|1746033697\n|switch|p1a: Landorus|Landorus, L50, M|100/100\n|turn|5\n|inactive|mavvyvgc has 30 seconds left.\n|\n|t:|1746033730\n|switch|p2a: Calyrex|Calyrex-Shadow, L50|100/100\n|-ability|p2a: Calyrex|As One\n|-ability|p2a: Calyrex|Unnerve\n|-terastallize|p1a: Landorus|Poison\n|move|p1a: Landorus|Sludge Bomb|p2a: Calyrex\n|-resisted|p2a: Calyrex\n|-damage|p2a: Calyrex|68/100\n|cant|p1b: Calyrex|frz\n|move|p2b: Kyurem|Glaciate|p1a: Landorus|[spread] p1a,p1b\n|-damage|p1a: Landorus|84/100\n|-damage|p1b: Calyrex|34/100 frz\n|-unboost|p1a: Landorus|spe|1\n|-unboost|p1b: Calyrex|spe|1\n|\n|-weather|RainDance|[upkeep]\n|upkeep\n|turn|6\n|\n|t:|1746033751\n|switch|p2b: Ninetales|Ninetales-Alola, L50, M|43/100\n|-weather|Snowscape|[from] ability: Snow Warning|[of] p2b: Ninetales\n|-terastallize|p2a: Calyrex|Dark\n|move|p2a: Calyrex|Astral Barrage|p1b: Calyrex|[spread] p1a,p1b\n|-supereffective|p1b: Calyrex\n|-damage|p1a: Landorus|19/100\n|-damage|p1b: Calyrex|0 fnt\n|faint|p1b: Calyrex\n|-ability|p2a: Calyrex|Grim Neigh|boost\n|-boost|p2a: Calyrex|spa|1\n|move|p1a: Landorus|Sandsear Storm|p2a: Calyrex|[spread] p2a,p2b\n|-damage|p2a: Calyrex|12/100\n|-damage|p2b: Ninetales|0 fnt\n|faint|p2b: Ninetales\n|\n|-weather|Snowscape|[upkeep]\n|upkeep\n|\n|t:|1746033768\n|switch|p1b: Kyogre|Kyogre, L50|35/100\n|switch|p2b: Kyurem|Kyurem, L50|41/100\n|-ability|p2b: Kyurem|Pressure\n|-weather|RainDance|[from] ability: Drizzle|[of] p1b: Kyogre\n|turn|7\n|\n|t:|1746033781\n|move|p1a: Landorus|Protect|p1a: Landorus\n|-singleturn|p1a: Landorus|Protect\n|move|p2a: Calyrex|Astral Barrage|p1b: Kyogre|[spread] p1b\n|-activate|p1a: Landorus|move: Protect\n|-damage|p1b: Kyogre|0 fnt\n|faint|p1b: Kyogre\n|-ability|p2a: Calyrex|Grim Neigh|boost\n|-boost|p2a: Calyrex|spa|1\n|move|p2b: Kyurem|Glaciate|p1a: Landorus\n|-activate|p1a: Landorus|move: Protect\n|\n|-weather|RainDance|[upkeep]\n|upkeep\n|turn|8\n|-message|giraldo576 forfeited.\n|\n|win|mavvyvgc\n|l|\u2606giraldo576\n|player|p1|\n||giraldo576 is ready for game 3.\n|inactive|mavvyvgc has 30 seconds to confirm battle start!\n|inactive|mavvyvgc has 20 seconds to confirm battle start!\n||mavvyvgc is ready for game 3.\n|uhtml|next|Next: <a href=\"/battle-gen9vgc2025regibo3-2354088135\"><strong>Game 3 of 3</strong></a>\n", "uploadtime": 1746033796, "views": 13, "formatid": "gen9vgc2025regibo3", "rating": null, "private": 0, "password": null}