{"id": "gen9vgc2025regibo3-2353629937", "format": "[Gen 9] VGC 2025 Reg I (Bo3)", "players": ["Leon_147", "KingNeptuno"], "log": "|j|\u2606Leon_147\n|j|\u2606KingNeptuno\n|html|<table width=\"100%\"><tr><td align=\"left\">Leon_147</td><td align=\"right\">KingNeptuno</tr><tr><td align=\"left\"><i class=\"fa fa-circle-o\"></i> <i class=\"fa fa-circle-o\"></i> </td><td align=\"right\"><i class=\"fa fa-circle-o\"></i> <i class=\"fa fa-circle\"></i> </tr></table>\n|uhtml|bestof|<h2><strong>Game 2</strong> of <a href=\"/game-bestof3-gen9vgc2025regibo3-2353625382\">a best-of-3</a></h2>\n|t:|1745976614\n|gametype|doubles\n|player|p1|Leon_147|silver|1137\n|player|p2|KingNeptuno|silver|1121\n|teamsize|p1|6\n|teamsize|p2|6\n|gen|9\n|tier|[Gen 9] VGC 2025 Reg I (Bo3)\n|rated|\n|rule|Species Clause: Limit one of each Pok\u00e9mon\n|rule|Item Clause: Limit 1 of each item\n|clearpoke\n|poke|p1|Calyrex-Shadow, L50|\n|poke|p1|Zamazenta-*, L50|\n|poke|p1|Rillaboom, L50, M|\n|poke|p1|Incineroar, L50, M|\n|poke|p1|Urshifu-*, L50, M|\n|poke|p1|Ogerpon-Cornerstone, L50, F|\n|poke|p2|Incineroar, L50, F|\n|poke|p2|Terapagos, L50, M|\n|poke|p2|Rillaboom, L50, M|\n|poke|p2|Calyrex-Shadow, L50|\n|poke|p2|Ogerpon-Cornerstone, L50, F|\n|poke|p2|Whimsicott, L50, F|\n|teampreview|4\n|showteam|p1|Calyrex-Shadow||FocusSash|AsOneSpectrier|AstralBarrage,WillOWisp,Protect,ShadowBall||||||50|,,,,,Ghost]Zamazenta-Crowned||RustedShield|DauntlessShield|BodyPress,behemothbash,Protect,WideGuard||||||50|,,,,,Ghost]Rillaboom||AssaultVest|GrassySurge|FakeOut,GrassyGlide,WoodHammer,Uturn|||M|||50|,,,,,Water]Incineroar||SafetyGoggles|Intimidate|FakeOut,KnockOff,HelpingHand,PartingShot|||M|||50|,,,,,Ghost]Urshifu-Rapid-Strike||MysticWater|UnseenFist|SurgingStrikes,Taunt,Detect,CloseCombat|||M|||50|,,,,,Water]Ogerpon-Cornerstone||CornerstoneMask|Sturdy|IvyCudgel,HornLeech,SpikyShield,FollowMe|||F|||50|,,,,,Rock\n|showteam|p2|Incineroar||SafetyGoggles|Intimidate|FakeOut,FlareBlitz,WillOWisp,KnockOff|||F|||50|,,,,,Ghost]Terapagos||Leftovers|TeraShift|TeraStarstorm,EarthPower,CalmMind,Protect|||M|||50|,,,,,Stellar]Rillaboom||AssaultVest|GrassySurge|WoodHammer,GrassyGlide,FakeOut,Uturn|||M|||50|,,,,,Fire]Calyrex-Shadow||LifeOrb|AsOneSpectrier|AstralBarrage,Psychic,Disable,Protect||||||50|,,,,,Normal]Ogerpon-Cornerstone||CornerstoneMask|Sturdy|IvyCudgel,FollowMe,HornLeech,SpikyShield|||F|||50|,,,,,Rock]Whimsicott||FocusSash|Prankster|Moonblast,Encore,Tailwind,Protect|||F|||50|,,,,,Ghost\n|inactive|Battle timer is ON: inactive players will automatically lose when time's up. (requested by KingNeptuno)\n|inactive|Leon_147 has 60 seconds left.\n|\n|t:|1745976698\n|start\n|switch|p1a: Incineroar|Incineroar, L50, M|100/100\n|switch|p1b: Zamazenta|Zamazenta-Crowned, L50|100/100\n|switch|p2a: Terapagos|Terapagos, L50, M|100/100\n|switch|p2b: Whimsicott|Whimsicott, L50, F|100/100\n|-activate|p2a: Terapagos|ability: Tera Shift\n|detailschange|p2a: Terapagos|Terapagos-Terastal, L50, M\n|-heal|p2a: Terapagos|100/100|[silent]\n|-ability|p1b: Zamazenta|Dauntless Shield|boost\n|-boost|p1b: Zamazenta|def|1\n|-ability|p1a: Incineroar|Intimidate|boost\n|-unboost|p2a: Terapagos|atk|1\n|-unboost|p2b: Whimsicott|atk|1\n|turn|1\n|inactive|Leon_147 has 30 seconds left.\n|\n|t:|1745976723\n|move|p2b: Whimsicott|Protect|p2b: Whimsicott\n|-singleturn|p2b: Whimsicott|Protect\n|move|p2a: Terapagos|Protect|p2a: Terapagos\n|-singleturn|p2a: Terapagos|Protect\n|move|p1a: Incineroar|Fake Out|p2b: Whimsicott\n|-activate|p2b: Whimsicott|move: Protect\n|move|p1b: Zamazenta|Behemoth Bash|p2b: Whimsicott\n|-activate|p2b: Whimsicott|move: Protect\n|\n|upkeep\n|turn|2\n|inactive|Leon_147 has 30 seconds left.\n|inactive|KingNeptuno has 30 seconds left.\n|\n|t:|1745976754\n|move|p1b: Zamazenta|Protect|p1b: Zamazenta\n|-singleturn|p1b: Zamazenta|Protect\n|move|p2b: Whimsicott|Encore|p1b: Zamazenta\n|-activate|p1b: Zamazenta|move: Protect\n|move|p2a: Terapagos|Calm Mind|p2a: Terapagos\n|-boost|p2a: Terapagos|spa|1\n|-boost|p2a: Terapagos|spd|1\n|move|p1a: Incineroar|Parting Shot|p2a: Terapagos\n|-unboost|p2a: Terapagos|atk|1\n|-unboost|p2a: Terapagos|spa|1\n|\n|t:|1745976765\n|switch|p1a: Rillaboom|Rillaboom, L50, M|100/100|[from] Parting Shot\n|-fieldstart|move: Grassy Terrain|[from] ability: Grassy Surge|[of] p1a: Rillaboom\n|\n|upkeep\n|turn|3\n|inactive|Leon_147 has 30 seconds left.\n|\n|t:|1745976796\n|-terastallize|p2b: Whimsicott|Ghost\n|move|p1a: Rillaboom|Fake Out|p2b: Whimsicott\n|-immune|p2b: Whimsicott\n|move|p2b: Whimsicott|Encore|p1b: Zamazenta\n|-start|p1b: Zamazenta|Encore\n|move|p1b: Zamazenta|Protect||[still]\n|-fail|p1b: Zamazenta\n|move|p2a: Terapagos|Calm Mind|p2a: Terapagos\n|-boost|p2a: Terapagos|spa|1\n|-boost|p2a: Terapagos|spd|1\n|\n|upkeep\n|turn|4\n|\n|t:|1745976820\n|switch|p2b: Incineroar|Incineroar, L50, F|100/100\n|-ability|p2b: Incineroar|Intimidate|boost\n|-unboost|p1a: Rillaboom|atk|1\n|-unboost|p1b: Zamazenta|atk|1\n|switch|p1b: Incineroar|Incineroar, L50, M|100/100\n|-ability|p1b: Incineroar|Intimidate|boost\n|-unboost|p2a: Terapagos|atk|1\n|-unboost|p2b: Incineroar|atk|1\n|move|p1a: Rillaboom|Wood Hammer|p2a: Terapagos\n|-activate|p2a: Terapagos|ability: Tera Shell\n|-resisted|p2a: Terapagos\n|-damage|p2a: Terapagos|80/100\n|-damage|p1a: Rillaboom|94/100|[from] Recoil\n|move|p2a: Terapagos|Tera Starstorm|p1a: Rillaboom\n|-damage|p1a: Rillaboom|37/100\n|\n|-heal|p1a: Rillaboom|42/100|[from] Grassy Terrain\n|-heal|p2a: Terapagos|86/100|[from] Grassy Terrain\n|-heal|p2a: Terapagos|93/100|[from] item: Leftovers\n|upkeep\n|turn|5\n|inactive|Leon_147 has 30 seconds left.\n|inactive|KingNeptuno has 30 seconds left.\n|inactive|Leon_147 has 20 seconds left.\n|inactive|Leon_147 has 15 seconds left.\n|\n|t:|1745976862\n|switch|p2b: Whimsicott|Whimsicott, L50, F, tera:Ghost|100/100\n|move|p2a: Terapagos|Protect|p2a: Terapagos\n|-singleturn|p2a: Terapagos|Protect\n|move|p1b: Incineroar|Fake Out|p2a: Terapagos\n|-activate|p2a: Terapagos|move: Protect\n|move|p1a: Rillaboom|U-turn|p2b: Whimsicott\n|-resisted|p2b: Whimsicott\n|-damage|p2b: Whimsicott|89/100\n|\n|t:|1745976873\n|switch|p1a: Zamazenta|Zamazenta-Crowned, L50|100/100|[from] U-turn\n|\n|-heal|p2b: Whimsicott|95/100|[from] Grassy Terrain\n|-heal|p2a: Terapagos|99/100|[from] Grassy Terrain\n|-heal|p2a: Terapagos|100/100|[from] item: Leftovers\n|upkeep\n|turn|6\n|\n|t:|1745976896\n|move|p2b: Whimsicott|Moonblast|p1b: Incineroar\n|-damage|p1b: Incineroar|75/100\n|move|p1a: Zamazenta|Body Press|p2a: Terapagos\n|-activate|p2a: Terapagos|ability: Tera Shell\n|-resisted|p2a: Terapagos\n|-damage|p2a: Terapagos|81/100\n|move|p2a: Terapagos|Earth Power|p1b: Incineroar\n|-supereffective|p1b: Incineroar\n|-damage|p1b: Incineroar|10/100\n|move|p1b: Incineroar|Knock Off|p2a: Terapagos\n|-damage|p2a: Terapagos|47/100\n|-enditem|p2a: Terapagos|Leftovers|[from] move: Knock Off|[of] p1b: Incineroar\n|\n|-heal|p2b: Whimsicott|100/100|[from] Grassy Terrain\n|-heal|p2a: Terapagos|54/100|[from] Grassy Terrain\n|-heal|p1b: Incineroar|16/100|[from] Grassy Terrain\n|-fieldend|move: Grassy Terrain\n|upkeep\n|turn|7\n|inactive|Leon_147 has 30 seconds left.\n|inactive|KingNeptuno has 30 seconds left.\n|\n|t:|1745976927\n|switch|p2a: Calyrex|Calyrex-Shadow, L50|100/100\n|-ability|p2a: Calyrex|As One\n|-ability|p2a: Calyrex|Unnerve\n|move|p2b: Whimsicott|Moonblast|p1b: Incineroar\n|-damage|p1b: Incineroar|0 fnt\n|faint|p1b: Incineroar\n|move|p1a: Zamazenta|Body Press|p2a: Calyrex\n|-immune|p2a: Calyrex\n|\n|upkeep\n|\n|t:|1745976941\n|switch|p1b: Ogerpon|Ogerpon-Cornerstone, L50, F|100/100\n|turn|8\n|\n|t:|1745976957\n|move|p1b: Ogerpon|Follow Me|p1b: Ogerpon\n|-singleturn|p1b: Ogerpon|move: Follow Me\n|move|p2b: Whimsicott|Encore|p1b: Ogerpon\n|-start|p1b: Ogerpon|Encore\n|move|p2a: Calyrex|Disable|p1b: Ogerpon\n|-start|p1b: Ogerpon|Disable|Follow Me\n|move|p1a: Zamazenta|Behemoth Bash|p2a: Calyrex\n|-damage|p2a: Calyrex|47/100\n|\n|upkeep\n|turn|9\n|inactive|Leon_147 has 30 seconds left.\n|inactive|Leon_147 has 20 seconds left.\n|inactive|Leon_147 has 15 seconds left.\n|\n|t:|1745977000\n|switch|p2b: Incineroar|Incineroar, L50, F|100/100\n|-ability|p2b: Incineroar|Intimidate|boost\n|-unboost|p1a: Zamazenta|atk|1\n|-unboost|p1b: Ogerpon|atk|1\n|switch|p1b: Rillaboom|Rillaboom, L50, M|42/100\n|-fieldstart|move: Grassy Terrain|[from] ability: Grassy Surge|[of] p1b: Rillaboom\n|move|p1a: Zamazenta|Protect|p1a: Zamazenta\n|-singleturn|p1a: Zamazenta|Protect\n|move|p2a: Calyrex|Astral Barrage|p1b: Rillaboom|[spread] p1b\n|-activate|p1a: Zamazenta|move: Protect\n|-damage|p1b: Rillaboom|0 fnt\n|faint|p1b: Rillaboom\n|-ability|p2a: Calyrex|Grim Neigh|boost\n|-boost|p2a: Calyrex|spa|1\n|-damage|p2a: Calyrex|38/100|[from] item: Life Orb\n|\n|-heal|p2a: Calyrex|43/100|[from] Grassy Terrain\n|upkeep\n|\n|t:|1745977014\n|switch|p1b: Ogerpon|Ogerpon-Cornerstone, L50, F|100/100\n|turn|10\n|inactive|Leon_147 has 30 seconds left.\n|inactive|KingNeptuno has 30 seconds left.\n|inactive|Leon_147 has 20 seconds left.\n|inactive|Leon_147 has 15 seconds left.\n|inactive|Leon_147 has 10 seconds left.\n|\n|t:|1745977062\n|move|p1b: Ogerpon|Spiky Shield|p1b: Ogerpon\n|-singleturn|p1b: Ogerpon|move: Protect\n|move|p1a: Zamazenta|Wide Guard|p1a: Zamazenta\n|-singleturn|p1a: Zamazenta|Wide Guard\n|move|p2b: Incineroar|Fake Out|p1a: Zamazenta\n|-resisted|p1a: Zamazenta\n|-damage|p1a: Zamazenta|97/100\n|move|p2a: Calyrex|Psychic|p1a: Zamazenta\n|-damage|p1a: Zamazenta|27/100\n|-damage|p2a: Calyrex|34/100|[from] item: Life Orb\n|\n|-heal|p2a: Calyrex|39/100|[from] Grassy Terrain\n|-heal|p1a: Zamazenta|33/100|[from] Grassy Terrain\n|upkeep\n|turn|11\n|inactive|KingNeptuno has 30 seconds left.\n|\n|t:|1745977091\n|switch|p2b: Whimsicott|Whimsicott, L50, F, tera:Ghost|100/100\n|move|p2a: Calyrex|Protect|p2a: Calyrex\n|-singleturn|p2a: Calyrex|Protect\n|move|p1b: Ogerpon|Ivy Cudgel|p2a: Calyrex|[anim] Ivy Cudgel Rock\n|-activate|p2a: Calyrex|move: Protect\n|move|p1a: Zamazenta|Behemoth Bash|p2a: Calyrex\n|-activate|p2a: Calyrex|move: Protect\n|\n|-heal|p2a: Calyrex|45/100|[from] Grassy Terrain\n|-heal|p1a: Zamazenta|39/100|[from] Grassy Terrain\n|upkeep\n|turn|12\n|inactive|Leon_147 has 30 seconds left.\n|\n|t:|1745977116\n|switch|p2a: Incineroar|Incineroar, L50, F|100/100\n|-ability|p2a: Incineroar|Intimidate|boost\n|-unboost|p1a: Zamazenta|atk|1\n|-unboost|p1b: Ogerpon|atk|1\n|move|p2b: Whimsicott|Tailwind|p2b: Whimsicott\n|-sidestart|p2: KingNeptuno|move: Tailwind\n|move|p1b: Ogerpon|Ivy Cudgel|p2a: Incineroar|[anim] Ivy Cudgel Rock\n|-supereffective|p2a: Incineroar\n|-damage|p2a: Incineroar|40/100\n|move|p1a: Zamazenta|Behemoth Bash|p2a: Incineroar\n|-resisted|p2a: Incineroar\n|-damage|p2a: Incineroar|32/100\n|\n|-heal|p2a: Incineroar|38/100|[from] Grassy Terrain\n|-heal|p1a: Zamazenta|45/100|[from] Grassy Terrain\n|upkeep\n|turn|13\n|inactive|Leon_147 has 30 seconds left.\n|inactive|Leon_147 has 20 seconds left.\n|inactive|Leon_147 has 15 seconds left.\n|\n|t:|1745977160\n|-terastallize|p1a: Zamazenta|Ghost\n|move|p2a: Incineroar|Fake Out|p1b: Ogerpon\n|-resisted|p1b: Ogerpon\n|-damage|p1b: Ogerpon|94/100\n|move|p2b: Whimsicott|Encore|p1a: Zamazenta\n|-start|p1a: Zamazenta|Encore\n|cant|p1b: Ogerpon|flinch\n|move|p1a: Zamazenta|Behemoth Bash|p2a: Incineroar\n|-resisted|p2a: Incineroar\n|-damage|p2a: Incineroar|30/100\n|\n|-heal|p1b: Ogerpon|99/100|[from] Grassy Terrain\n|-heal|p2a: Incineroar|36/100|[from] Grassy Terrain\n|-heal|p1a: Zamazenta|52/100|[from] Grassy Terrain\n|-fieldend|move: Grassy Terrain\n|upkeep\n|turn|14\n|inactive|Leon_147 has 15 seconds left this turn.\n|inactive|Leon_147 has 10 seconds left.\n|inactive|Leon_147 has 5 seconds left.\n|inactive|KingNeptuno has 30 seconds left.\n|inactive|KingNeptuno has 20 seconds left.\n|\n|t:|1745977197\n|move|p2b: Whimsicott|Moonblast|p1a: Zamazenta\n|-damage|p1a: Zamazenta|28/100\n|-unboost|p1a: Zamazenta|spa|1\n|move|p1b: Ogerpon|Horn Leech|p2b: Whimsicott\n|-damage|p2b: Whimsicott|64/100\n|-heal|p1b: Ogerpon|100/100|[from] drain|[of] p2b: Whimsicott\n|move|p2a: Incineroar|Knock Off|p1a: Zamazenta\n|-supereffective|p1a: Zamazenta\n|-damage|p1a: Zamazenta|0 fnt\n|faint|p1a: Zamazenta\n|\n|upkeep\n|turn|15\n|inactive|Leon_147 has 5 seconds left this turn.\n|\n|t:|1745977212\n|move|p2b: Whimsicott|Encore|p1b: Ogerpon\n|-start|p1b: Ogerpon|Encore\n|move|p1b: Ogerpon|Horn Leech|p2b: Whimsicott\n|-damage|p2b: Whimsicott|28/100\n|move|p2a: Incineroar|Flare Blitz|p1b: Ogerpon\n|-damage|p1b: Ogerpon|43/100\n|-damage|p2a: Incineroar|21/100|[from] Recoil\n|\n|-sideend|p2: KingNeptuno|move: Tailwind\n|upkeep\n|turn|16\n|inactive|Leon_147 has 5 seconds left this turn.\n|\n|t:|1745977219\n|move|p2b: Whimsicott|Tailwind|p2b: Whimsicott\n|-sidestart|p2: KingNeptuno|move: Tailwind\n|move|p1b: Ogerpon|Horn Leech|p2b: Whimsicott\n|-damage|p2b: Whimsicott|0 fnt\n|-heal|p1b: Ogerpon|55/100|[from] drain|[of] p2b: Whimsicott\n|faint|p2b: Whimsicott\n|move|p2a: Incineroar|Flare Blitz|p1b: Ogerpon\n|-damage|p1b: Ogerpon|0 fnt\n|faint|p1b: Ogerpon\n|-damage|p2a: Incineroar|7/100|[from] Recoil\n|\n|win|KingNeptuno\n|inactive|Leon_147 has 5 seconds left this turn.\n|raw|Leon_147's rating: 1137 &rarr; <strong>1111</strong><br />(-26 for losing)\n|raw|KingNeptuno's rating: 1121 &rarr; <strong>1147</strong><br />(+26 for winning)\n", "uploadtime": 1745977229, "views": 6, "formatid": "gen9vgc2025regibo3", "rating": 1111, "private": 0, "password": null}