{"id": "gen9vgc2025regibo3-2354382703", "format": "[Gen 9] VGC 2025 Reg I (Bo3)", "players": ["Fayzginger", "byebyebirdie1"], "log": "|j|\u2606Fayzginger\n|j|\u2606byebyebirdie1\n|html|<table width=\"100%\"><tr><td align=\"left\">Fayzginger</td><td align=\"right\">byebyebirdie1</tr><tr><td align=\"left\"><i class=\"fa fa-circle-o\"></i> <i class=\"fa fa-circle-o\"></i> </td><td align=\"right\"><i class=\"fa fa-circle-o\"></i> <i class=\"fa fa-circle-o\"></i> </tr></table>\n|uhtml|bestof|<h2><strong>Game 1</strong> of <a href=\"/game-bestof3-gen9vgc2025regibo3-2354382702\">a best-of-3</a></h2>\n|t:|1746064546\n|gametype|doubles\n|player|p1|Fayzginger|101|1249\n|player|p2|byebyebirdie1|169|1339\n|teamsize|p1|6\n|teamsize|p2|6\n|gen|9\n|tier|[Gen 9] VGC 2025 Reg I (Bo3)\n|rated|\n|rule|Species Clause: Limit one of each Pok\u00e9mon\n|rule|Item Clause: Limit 1 of each item\n|clearpoke\n|poke|p1|Zacian-*, L50|\n|poke|p1|Kyogre, L50|\n|poke|p1|Tornadus, L50, M|\n|poke|p1|Landorus, L50, M|\n|poke|p1|Rillaboom, L50, M|\n|poke|p1|Urshifu-*, L50, F|\n|poke|p2|Calyrex-Shadow, L50|\n|poke|p2|Chien-Pao, L50|\n|poke|p2|Rillaboom, L50, F|\n|poke|p2|Zamazenta-*, L50|\n|poke|p2|Incineroar, L50, F|\n|poke|p2|Farigiraf, L50, M|\n|teampreview|4\n|showteam|p1|Zacian-Crowned||RustedSword|IntrepidSword|Protect,behemothblade,PlayRough,SacredSword||||||50|,,,,,Ground]Kyogre||MysticWater|Drizzle|Protect,WaterSpout,OriginPulse,IceBeam||||||50|,,,,,Grass]Tornadus||CovertCloak|Prankster|BleakwindStorm,RainDance,Tailwind,Taunt|||M|||50|,,,,,Dark]Landorus||LifeOrb|SheerForce|Protect,SandsearStorm,EarthPower,SludgeBomb|||M|||50|,,,,,Water]Rillaboom||AssaultVest|GrassySurge|FakeOut,GrassyGlide,WoodHammer,Uturn|||M|||50|,,,,,Fire]Urshifu-Rapid-Strike||FocusSash|UnseenFist|Detect,SurgingStrikes,CloseCombat,AquaJet|||F|||50|,,,,,Stellar\n|showteam|p2|Calyrex-Shadow||CovertCloak|AsOneSpectrier|AstralBarrage,Protect,NastyPlot,DrainingKiss||||||50|,,,,,Fairy]Chien-Pao||FocusSash|SwordofRuin|IcicleCrash,ThroatChop,SuckerPunch,Protect||||||50|,,,,,Stellar]Rillaboom||AssaultVest|GrassySurge|WoodHammer,FakeOut,GrassyGlide,Uturn|||F|||50|,,,,,Fire]Zamazenta-Crowned||RustedShield|DauntlessShield|behemothbash,BodyPress,WideGuard,Protect||||||50|,,,,,Dragon]Incineroar||RockyHelmet|Intimidate|FakeOut,WillOWisp,PartingShot,KnockOff|||F|||50|,,,,,Bug]Farigiraf||SafetyGoggles|ArmorTail|TrickRoom,FoulPlay,Psychic,HelpingHand|||M|||50|,,,,,Water\n|\n|t:|1746064580\n|start\n|switch|p1a: Flint|Tornadus, L50, M|100/100\n|switch|p1b: Steve|Rillaboom, L50, M, shiny|100/100\n|switch|p2a: Chien-Pao|Chien-Pao, L50|100/100\n|switch|p2b: Farigiraf|Farigiraf, L50, M|100/100\n|-ability|p2a: Chien-Pao|Sword of Ruin\n|-fieldstart|move: Grassy Terrain|[from] ability: Grassy Surge|[of] p1b: Steve\n|turn|1\n|\n|t:|1746064606\n|switch|p1a: The Nether|Kyogre, L50|100/100\n|-weather|RainDance|[from] ability: Drizzle|[of] p1a: The Nether\n|switch|p2b: Zamazenta|Zamazenta-Crowned, L50|100/100\n|-ability|p2b: Zamazenta|Dauntless Shield|boost\n|-boost|p2b: Zamazenta|def|1\n|-terastallize|p1b: Steve|Fire\n|move|p2a: Chien-Pao|Icicle Crash|p1a: The Nether|[miss]\n|-miss|p2a: Chien-Pao|p1a: The Nether\n|move|p1b: Steve|U-turn|p2a: Chien-Pao\n|-supereffective|p2a: Chien-Pao\n|-crit|p2a: Chien-Pao\n|-enditem|p2a: Chien-Pao|Focus Sash\n|-damage|p2a: Chien-Pao|1/100\n|\n|t:|1746064611\n|switch|p1b: Herobrine|Urshifu-Rapid-Strike, L50, F|100/100|[from] U-turn\n|\n|-weather|RainDance|[upkeep]\n|-heal|p2a: Chien-Pao|7/100|[from] Grassy Terrain\n|upkeep\n|turn|2\n|\n|t:|1746064658\n|-terastallize|p2b: Zamazenta|Dragon\n|move|p2b: Zamazenta|Wide Guard|p2b: Zamazenta\n|-singleturn|p2b: Zamazenta|Wide Guard\n|move|p2a: Chien-Pao|Sucker Punch|p1a: The Nether\n|-damage|p1a: The Nether|58/100\n|move|p1b: Herobrine|Surging Strikes|p2a: Chien-Pao\n|-crit|p2a: Chien-Pao\n|-damage|p2a: Chien-Pao|0 fnt\n|faint|p2a: Chien-Pao\n|-hitcount|p2: Chien-Pao|1\n|move|p1a: The Nether|Origin Pulse|p2b: Zamazenta\n|-activate|p2b: Zamazenta|move: Wide Guard\n|\n|-weather|RainDance|[upkeep]\n|-heal|p1a: The Nether|65/100|[from] Grassy Terrain\n|upkeep\n|\n|t:|1746064674\n|switch|p2a: Calyrex|Calyrex-Shadow, L50|100/100\n|-ability|p2a: Calyrex|As One\n|-ability|p2a: Calyrex|Unnerve\n|turn|3\n|\n|t:|1746064687\n|switch|p1a: Steve|Rillaboom, L50, M, shiny, tera:Fire|100/100\n|move|p2a: Calyrex|Astral Barrage|p1a: Steve|[spread] p1a,p1b\n|-damage|p1a: Steve|64/100\n|-damage|p1b: Herobrine|11/100\n|move|p2b: Zamazenta|Body Press|p1b: Herobrine\n|-damage|p1b: Herobrine|0 fnt\n|faint|p1b: Herobrine\n|\n|-weather|RainDance|[upkeep]\n|-heal|p1a: Steve|70/100|[from] Grassy Terrain\n|upkeep\n|\n|t:|1746064694\n|switch|p1b: Flint|Tornadus, L50, M|100/100\n|turn|4\n|\n|t:|1746064711\n|switch|p2a: Farigiraf|Farigiraf, L50, M|100/100\n|move|p1b: Flint|Tailwind|p1b: Flint\n|-sidestart|p1: Fayzginger|move: Tailwind\n|move|p1a: Steve|Wood Hammer|p2a: Farigiraf\n|-damage|p2a: Farigiraf|30/100\n|-damage|p1a: Steve|43/100|[from] Recoil\n|move|p2b: Zamazenta|Body Press|p1a: Steve\n|-damage|p1a: Steve|0 fnt\n|faint|p1a: Steve\n|\n|-weather|RainDance|[upkeep]\n|-heal|p2a: Farigiraf|36/100|[from] Grassy Terrain\n|upkeep\n|\n|t:|1746064715\n|switch|p1a: The Nether|Kyogre, L50|65/100\n|turn|5\n|\n|t:|1746064739\n|move|p1b: Flint|Bleakwind Storm|p2b: Zamazenta|[spread] p2a,p2b\n|-damage|p2a: Farigiraf|5/100\n|-damage|p2b: Zamazenta|74/100\n|move|p1a: The Nether|Ice Beam|p2a: Farigiraf\n|-damage|p2a: Farigiraf|0 fnt\n|faint|p2a: Farigiraf\n|move|p2b: Zamazenta|Body Press|p1a: The Nether\n|-damage|p1a: The Nether|0 fnt\n|faint|p1a: The Nether\n|\n|-weather|none\n|-heal|p2b: Zamazenta|80/100|[from] Grassy Terrain\n|-fieldend|move: Grassy Terrain\n|upkeep\n|-message|Fayzginger forfeited.\n|\n|win|byebyebirdie1\n", "uploadtime": 1746064751, "views": 12, "formatid": "gen9vgc2025regibo3", "rating": null, "private": 0, "password": null}