{"id": "gen9vgc2025regibo3-2353853087", "format": "[Gen 9] VGC 2025 Reg I (Bo3)", "players": ["tommasozanca", "Edozeg"], "log": "|j|\u2606tommasozanca\n|j|\u2606Edozeg\n|html|<table width=\"100%\"><tr><td align=\"left\">tommasozanca</td><td align=\"right\">Edozeg</tr><tr><td align=\"left\"><i class=\"fa fa-circle-o\"></i> <i class=\"fa fa-circle-o\"></i> </td><td align=\"right\"><i class=\"fa fa-circle-o\"></i> <i class=\"fa fa-circle-o\"></i> </tr></table>\n|uhtml|bestof|<h2><strong>Game 1</strong> of <a href=\"/game-bestof3-gen9vgc2025regibo3-2353853086\">a best-of-3</a></h2>\n|t:|1746010532\n|gametype|doubles\n|player|p1|tommasozanca|ghetsis-gen5bw|1075\n|player|p2|Edozeg|grimsley|1003\n|teamsize|p1|6\n|teamsize|p2|6\n|gen|9\n|tier|[Gen 9] VGC 2025 Reg I (Bo3)\n|rated|\n|rule|Species Clause: Limit one of each Pok\u00e9mon\n|rule|Item Clause: Limit 1 of each item\n|clearpoke\n|poke|p1|Ho-Oh, L50|\n|poke|p1|Zacian-*, L50|\n|poke|p1|Gastrodon-East, L50, M|\n|poke|p1|Raging Bolt, L50|\n|poke|p1|Mienshao, L50, M|\n|poke|p1|Ogerpon-Cornerstone, L50, F|\n|poke|p2|Kyogre, L50|\n|poke|p2|Zamazenta-*, L50|\n|poke|p2|Indeedee-F, L50, F|\n|poke|p2|Dragapult, L50, F|\n|poke|p2|Chien-Pao, L50|\n|poke|p2|Incineroar, L50, M|\n|teampreview|4\n|showteam|p1|Ho-Oh||ClearAmulet|Regenerator|SacredFire,BraveBird,Tailwind,Protect||||||50|,,,,,Fairy]Zacian-Crowned||RustedSword|IntrepidSword|behemothblade,PlayRough,Substitute,Protect||||||50|,,,,,Fairy]Gastrodon-East||Leftovers|StormDrain|IcyWind,EarthPower,Protect,Yawn|||M|||50|,,,,,Fire]Raging Bolt||AssaultVest|Protosynthesis|Thunderbolt,Thunderclap,Electroweb,DracoMeteor||||||50|,,,,,Electric]Mienshao||FocusSash|InnerFocus|FakeOut,CloseCombat,WideGuard,Coaching|||M|||50|,,,,,Fighting]Ogerpon-Cornerstone||CornerstoneMask|Sturdy|IvyCudgel,FollowMe,SpikyShield,PowerWhip|||F|||50|,,,,,Rock\n|showteam|p2|Kyogre||ChoiceScarf|Drizzle|WaterSpout,IceBeam,OriginPulse,HydroPump||||||50|,,,,,Grass]Zamazenta-Crowned||RustedShield|DauntlessShield|BodyPress,HeavySlam,WideGuard,Protect||||||50|,,,,,Dragon]Indeedee-F||PsychicSeed|PsychicSurge|TrickRoom,FollowMe,HelpingHand,Imprison|||F|||50|,,,,,Fairy]Dragapult||FocusSash|ClearBody|PhantomForce,DragonDarts,DragonDance,Protect|||F|||50|,,,,,Ghost]Chien-Pao||ClearAmulet|SwordofRuin|SuckerPunch,ThroatChop,SacredSword,Protect||||||50|,,,,,Stellar]Incineroar||RockyHelmet|Intimidate|Taunt,FakeOut,PartingShot,KnockOff|||M|||50|,,,,,Grass\n|inactive|Battle timer is ON: inactive players will automatically lose when time's up. (requested by tommasozanca)\n|inactive|tommasozanca has 60 seconds left.\n|\n|t:|1746010579\n|start\n|switch|p1a: Zacian|Zacian-Crowned, L50|100/100\n|switch|p1b: Raging Bolt|Raging Bolt, L50|100/100\n|switch|p2a: Dragapult|Dragapult, L50, F|100/100\n|switch|p2b: Incineroar|Incineroar, L50, M|100/100\n|-ability|p1a: Zacian|Intrepid Sword|boost\n|-boost|p1a: Zacian|atk|1\n|-ability|p2b: Incineroar|Intimidate|boost\n|-unboost|p1a: Zacian|atk|1\n|-unboost|p1b: Raging Bolt|atk|1\n|turn|1\n|inactive|tommasozanca has 30 seconds left.\n|inactive|Edozeg has 30 seconds left.\n|inactive|tommasozanca has 20 seconds left.\n|inactive|tommasozanca has 15 seconds left.\n|\n|t:|1746010622\n|move|p1a: Zacian|Protect|p1a: Zacian\n|-singleturn|p1a: Zacian|Protect\n|move|p2b: Incineroar|Fake Out|p1b: Raging Bolt\n|-damage|p1b: Raging Bolt|92/100\n|move|p2a: Dragapult|Dragon Dance|p2a: Dragapult\n|-boost|p2a: Dragapult|atk|1\n|-boost|p2a: Dragapult|spe|1\n|cant|p1b: Raging Bolt|flinch\n|\n|upkeep\n|turn|2\n|inactive|tommasozanca has 30 seconds left.\n|\n|t:|1746010649\n|switch|p2b: Indeedee|Indeedee-F, L50, F|100/100\n|-fieldstart|move: Psychic Terrain|[from] ability: Psychic Surge|[of] p2b: Indeedee\n|-enditem|p2b: Indeedee|Psychic Seed\n|-boost|p2b: Indeedee|spd|1|[from] item: Psychic Seed\n|move|p2a: Dragapult|Protect|p2a: Dragapult\n|-singleturn|p2a: Dragapult|Protect\n|move|p1a: Zacian|Play Rough|p2a: Dragapult\n|-activate|p2a: Dragapult|move: Protect\n|move|p1b: Raging Bolt|Electroweb|p2a: Dragapult|[spread] p2b\n|-activate|p2a: Dragapult|move: Protect\n|-damage|p2b: Indeedee|85/100\n|-unboost|p2b: Indeedee|spe|1\n|\n|upkeep\n|turn|3\n|inactive|tommasozanca has 30 seconds left.\n|inactive|tommasozanca has 20 seconds left.\n|inactive|tommasozanca has 15 seconds left.\n|\n|t:|1746010691\n|move|p2a: Dragapult|Phantom Force||[still]\n|-prepare|p2a: Dragapult|Phantom Force\n|move|p1a: Zacian|Play Rough|p2a: Dragapult|[miss]\n|-miss|p1a: Zacian|p2a: Dragapult\n|move|p1b: Raging Bolt|Thunderbolt|p2b: Indeedee\n|-damage|p2b: Indeedee|56/100\n|move|p2b: Indeedee|Trick Room|p2b: Indeedee\n|-fieldstart|move: Trick Room|[of] p2b: Indeedee\n|\n|upkeep\n|turn|4\n|inactive|tommasozanca has 30 seconds left.\n|inactive|Edozeg has 30 seconds left.\n|\n|t:|1746010717\n|move|p1a: Zacian|Protect|p1a: Zacian\n|-singleturn|p1a: Zacian|Protect\n|move|p1b: Raging Bolt|Thunderbolt|p2a: Dragapult|[miss]\n|-miss|p1b: Raging Bolt|p2a: Dragapult\n|move|p2a: Dragapult|Phantom Force|p1a: Zacian|[from] lockedmove\n|-activate|p1a: Zacian|move: Phantom Force|[broken]\n|-damage|p1a: Zacian|41/100\n|move|p2b: Indeedee|Trick Room|p2b: Indeedee\n|-fieldend|move: Trick Room\n|\n|upkeep\n|turn|5\n|inactive|tommasozanca has 30 seconds left.\n|c|\u2606Edozeg|Eheh\n|\n|t:|1746010744\n|move|p2a: Dragapult|Phantom Force||[still]\n|-prepare|p2a: Dragapult|Phantom Force\n|move|p1a: Zacian|Behemoth Blade|p2b: Indeedee\n|-damage|p2b: Indeedee|3/100\n|move|p1b: Raging Bolt|Thunderbolt|p2a: Dragapult|[miss]\n|-miss|p1b: Raging Bolt|p2a: Dragapult\n|move|p2b: Indeedee|Trick Room|p2b: Indeedee\n|-fieldstart|move: Trick Room|[of] p2b: Indeedee\n|\n|upkeep\n|turn|6\n|inactive|tommasozanca has 30 seconds left.\n|\n|t:|1746010772\n|switch|p1a: Mienshao|Mienshao, L50, M|100/100\n|move|p1b: Raging Bolt|Electroweb|p2a: Dragapult|[spread] p2b\n|-miss|p1b: Raging Bolt|p2a: Dragapult\n|-damage|p2b: Indeedee|0 fnt\n|faint|p2b: Indeedee\n|move|p2a: Dragapult|Phantom Force|p1a: Mienshao|[from] lockedmove\n|-enditem|p1a: Mienshao|Focus Sash\n|-damage|p1a: Mienshao|1/100\n|\n|-fieldend|move: Psychic Terrain\n|upkeep\n|\n|t:|1746010789\n|switch|p2b: Incineroar|Incineroar, L50, M|100/100\n|-ability|p2b: Incineroar|Intimidate|boost\n|-fail|p1a: Mienshao|unboost|Attack|[from] ability: Inner Focus|[of] p1a: Mienshao\n|-unboost|p1b: Raging Bolt|atk|1\n|turn|7\n|inactive|tommasozanca has 30 seconds left.\n|inactive|Edozeg has 30 seconds left.\n|inactive|tommasozanca has 20 seconds left.\n|inactive|tommasozanca has 15 seconds left.\n|inactive|Edozeg has 20 seconds left.\n|\n|t:|1746010835\n|move|p2b: Incineroar|Fake Out|p1b: Raging Bolt\n|-damage|p1b: Raging Bolt|83/100\n|move|p1a: Mienshao|Fake Out|p2b: Incineroar\n|-damage|p2b: Incineroar|89/100\n|-damage|p1a: Mienshao|0 fnt|[from] item: Rocky Helmet|[of] p2b: Incineroar\n|faint|p1a: Mienshao\n|cant|p1b: Raging Bolt|flinch\n|move|p2a: Dragapult|Phantom Force||[still]\n|-prepare|p2a: Dragapult|Phantom Force\n|\n|upkeep\n|\n|t:|1746010852\n|switch|p1a: Gastrodon|Gastrodon-East, L50, M|100/100\n|turn|8\n|\n|t:|1746010873\n|move|p1a: Gastrodon|Earth Power|p2b: Incineroar\n|-supereffective|p2b: Incineroar\n|-damage|p2b: Incineroar|37/100\n|move|p2b: Incineroar|Knock Off|p1a: Gastrodon\n|-damage|p1a: Gastrodon|70/100\n|-enditem|p1a: Gastrodon|Leftovers|[from] move: Knock Off|[of] p2b: Incineroar\n|move|p1b: Raging Bolt|Draco Meteor|p2a: Dragapult|[miss]\n|-miss|p1b: Raging Bolt|p2a: Dragapult\n|move|p2a: Dragapult|Phantom Force|p1b: Raging Bolt|[from] lockedmove\n|-damage|p1b: Raging Bolt|32/100\n|\n|upkeep\n|turn|9\n|inactive|tommasozanca has 30 seconds left.\n|\n|t:|1746010907\n|move|p2a: Dragapult|Protect|p2a: Dragapult\n|-singleturn|p2a: Dragapult|Protect\n|move|p1b: Raging Bolt|Thunderclap||[still]\n|-fail|p1b: Raging Bolt\n|move|p1a: Gastrodon|Earth Power|p2b: Incineroar\n|-supereffective|p2b: Incineroar\n|-damage|p2b: Incineroar|0 fnt\n|faint|p2b: Incineroar\n|\n|-fieldend|move: Trick Room\n|upkeep\n|\n|t:|1746010914\n|switch|p2b: Zamazenta|Zamazenta-Crowned, L50|100/100\n|-ability|p2b: Zamazenta|Dauntless Shield|boost\n|-boost|p2b: Zamazenta|def|1\n|turn|10\n|inactive|tommasozanca has 30 seconds left.\n|inactive|tommasozanca has 20 seconds left.\n|\n|t:|1746010953\n|move|p1b: Raging Bolt|Thunderclap|p2a: Dragapult\n|-resisted|p2a: Dragapult\n|-damage|p2a: Dragapult|76/100\n|move|p2a: Dragapult|Dragon Darts|p1b: Raging Bolt\n|-supereffective|p1b: Raging Bolt\n|-damage|p1b: Raging Bolt|0 fnt\n|-anim|p2a: Dragapult|Dragon Darts|p1a: Gastrodon\n|-damage|p1a: Gastrodon|38/100\n|faint|p1b: Raging Bolt\n|-end|p1b: Raging Bolt|Protosynthesis|[silent]\n|move|p2b: Zamazenta|Body Press|p1a: Gastrodon\n|-damage|p1a: Gastrodon|0 fnt\n|faint|p1a: Gastrodon\n|\n|upkeep\n|\n|t:|1746010968\n|switch|p1b: Zacian|Zacian-Crowned, L50|41/100\n|turn|11\n|\n|t:|1746010974\n|move|p2a: Dragapult|Phantom Force||[still]\n|-prepare|p2a: Dragapult|Phantom Force\n|move|p1b: Zacian|Behemoth Blade|p2b: Zamazenta\n|-resisted|p2b: Zamazenta\n|-damage|p2b: Zamazenta|90/100\n|move|p2b: Zamazenta|Body Press|p1b: Zacian\n|-damage|p1b: Zacian|0 fnt\n|faint|p1b: Zacian\n|\n|win|Edozeg\n||Edozeg is ready for game 2.\n|l|\u2606Edozeg\n|player|p2|\n||tommasozanca is ready for game 2.\n|uhtml|next|Next: <a href=\"/battle-gen9vgc2025regibo3-2353856174\"><strong>Game 2 of 3</strong></a>\n", "uploadtime": 1746011241, "views": 6, "formatid": "gen9vgc2025regibo3", "rating": null, "private": 0, "password": null}