{"id": "gen9vgc2025regibo3-2353450678", "format": "[Gen 9] VGC 2025 Reg I (Bo3)", "players": ["xhooorxhi", "Rege1"], "log": "|j|\u2606xhooorxhi\n|j|\u2606Rege1\n|html|<table width=\"100%\"><tr><td align=\"left\">xhooorxhi</td><td align=\"right\">Rege1</tr><tr><td align=\"left\"><i class=\"fa fa-circle-o\"></i> <i class=\"fa fa-circle-o\"></i> </td><td align=\"right\"><i class=\"fa fa-circle-o\"></i> <i class=\"fa fa-circle\"></i> </tr></table>\n|uhtml|bestof|<h2><strong>Game 2</strong> of <a href=\"/game-bestof3-gen9vgc2025regibo3-2353448685\">a best-of-3</a></h2>\n|t:|1745957073\n|gametype|doubles\n|player|p1|xhooorxhi|170|1065\n|player|p2|Rege1|psychic-gen4|1001\n|teamsize|p1|6\n|teamsize|p2|6\n|gen|9\n|tier|[Gen 9] VGC 2025 Reg I (Bo3)\n|rated|\n|rule|Species Clause: Limit one of each Pok\u00e9mon\n|rule|Item Clause: Limit 1 of each item\n|clearpoke\n|poke|p1|Zamazenta-*, L50|\n|poke|p1|Lunala, L50|\n|poke|p1|Ogerpon-Hearthflame, L50, F|\n|poke|p1|Roaring Moon, L50|\n|poke|p1|Chi-Yu, L50|\n|poke|p1|Indeedee-F, L50, F|\n|poke|p2|Necrozma-Dawn-Wings, L50|\n|poke|p2|Indeedee-F, L50, F|\n|poke|p2|Decidueye-Hisui, L50, M|\n|poke|p2|Primarina, L50, F|\n|poke|p2|Koraidon, L50|\n|poke|p2|Scyther, L50, F|\n|teampreview|4\n|showteam|p1|Zamazenta-Crowned||RustedShield|DauntlessShield|BodyPress,HeavySlam,WideGuard,Protect||||||50|,,,,,Dragon]Lunala||PowerHerb|ShadowShield|Protect,MoongeistBeam,Moonblast,MeteorBeam||||||50|,,,,,Fairy]Ogerpon-Hearthflame||HearthflameMask|MoldBreaker|IvyCudgel,WoodHammer,FollowMe,SpikyShield|||F|||50|,,,,,Fire]Roaring Moon||BoosterEnergy|Protosynthesis|KnockOff,Acrobatics,Tailwind,Protect||||||50|,,,,,Flying]Chi-Yu||ChoiceScarf|BeadsofRuin|Overheat,DarkPulse,Snarl,HeatWave||||||50|,,,,,Ghost]Indeedee-F||PsychicSeed|PsychicSurge|FollowMe,Psychic,HelpingHand,TrickRoom|||F|||50|,,,,,Water\n|showteam|p2|Necrozma-Dawn-Wings||PowerHerb|PrismArmor|ExpandingForce,MeteorBeam,MoongeistBeam,TrickRoom||||||50|,,,,,Dark]Indeedee-F||RockyHelmet|PsychicSurge|HyperVoice,Psychic,TrickRoom,FollowMe|||F|||50|,,,,,Bug]Decidueye-Hisui||SitrusBerry|Scrappy|Tailwind,TripleArrows,Uturn,HelpingHand|||M|||50|,,,,,Ground]Primarina||ThroatSpray|LiquidVoice|HyperVoice,PerishSong,Moonblast,Protect|||F|||50|,,,,,Water]Koraidon||LifeOrb|OrichalcumPulse|CollisionCourse,DragonClaw,HeatCrash,Protect||||||50|,,,,,Fire]Scyther||Eviolite|Technician|Tailwind,DualWingbeat,AerialAce,HelpingHand|||F|||50|,,,,,Ground\n|\n|t:|1745957107\n|start\n|switch|p1a: Lunala|Lunala, L50|100/100\n|switch|p1b: Indeedee|Indeedee-F, L50, F|100/100\n|switch|p2a: Koraidon|Koraidon, L50|100/100\n|switch|p2b: Scyther|Scyther, L50, F|100/100\n|-weather|SunnyDay|[from] ability: Orichalcum Pulse|[of] p2a: Koraidon\n|-activate|p2a: Koraidon|Orichalcum Pulse|[source]\n|-fieldstart|move: Psychic Terrain|[from] ability: Psychic Surge|[of] p1b: Indeedee\n|-enditem|p1b: Indeedee|Psychic Seed\n|-boost|p1b: Indeedee|spd|1|[from] item: Psychic Seed\n|turn|1\n|\n|t:|1745957146\n|move|p2b: Scyther|Helping Hand|p2a: Koraidon\n|-singleturn|p2a: Koraidon|Helping Hand|[of] p2b: Scyther\n|move|p2a: Koraidon|Dragon Claw|p1a: Lunala\n|-damage|p1a: Lunala|58/100\n|-damage|p2a: Koraidon|91/100|[from] item: Life Orb\n|move|p1a: Lunala|Moonblast|p2a: Koraidon\n|-supereffective|p2a: Koraidon\n|-damage|p2a: Koraidon|0 fnt\n|faint|p2a: Koraidon\n|move|p1b: Indeedee|Psychic|p2b: Scyther\n|-damage|p2b: Scyther|72/100\n|\n|-weather|SunnyDay|[upkeep]\n|upkeep\n|\n|t:|1745957159\n|switch|p2a: Primarina|Primarina, L50, F|100/100\n|turn|2\n|\n|t:|1745957175\n|move|p2b: Scyther|Dual Wingbeat|p1a: Lunala\n|-damage|p1a: Lunala|38/100\n|-damage|p1a: Lunala|17/100\n|-hitcount|p1a: Lunala|2\n|move|p1a: Lunala|Meteor Beam||[still]\n|-prepare|p1a: Lunala|Meteor Beam\n|-boost|p1a: Lunala|spa|1\n|-enditem|p1a: Lunala|Power Herb\n|-anim|p1a: Lunala|Meteor Beam|p2b: Scyther\n|-supereffective|p2b: Scyther\n|-damage|p2b: Scyther|0 fnt\n|faint|p2b: Scyther\n|move|p1b: Indeedee|Psychic|p2a: Primarina\n|-damage|p2a: Primarina|70/100\n|move|p2a: Primarina|Hyper Voice|p1b: Indeedee|[spread] p1a,p1b\n|-crit|p1a: Lunala\n|-damage|p1a: Lunala|0 fnt\n|-damage|p1b: Indeedee|90/100\n|faint|p1a: Lunala\n|-enditem|p2a: Primarina|Throat Spray\n|-boost|p2a: Primarina|spa|1|[from] item: Throat Spray\n|\n|-weather|SunnyDay|[upkeep]\n|upkeep\n|\n|t:|1745957193\n|switch|p2b: Decidueye|Decidueye-Hisui, L50, M|100/100\n|switch|p1a: Ogerpon|Ogerpon-Hearthflame, L50, F|100/100\n|-ability|p1a: Ogerpon|Mold Breaker\n|turn|3\n|\n|t:|1745957206\n|-terastallize|p2b: Decidueye|Ground\n|move|p1a: Ogerpon|Spiky Shield|p1a: Ogerpon\n|-singleturn|p1a: Ogerpon|move: Protect\n|move|p2b: Decidueye|Tailwind|p2b: Decidueye\n|-sidestart|p2: Rege1|move: Tailwind\n|move|p2a: Primarina|Hyper Voice|p1a: Ogerpon|[spread] p1b\n|-activate|p1a: Ogerpon|move: Protect\n|-damage|p1b: Indeedee|72/100\n|move|p1b: Indeedee|Trick Room|p1b: Indeedee\n|-fieldstart|move: Trick Room|[of] p1b: Indeedee\n|\n|-weather|SunnyDay|[upkeep]\n|upkeep\n|turn|4\n|\n|t:|1745957229\n|move|p2b: Decidueye|Helping Hand|p2a: Primarina\n|-singleturn|p2a: Primarina|Helping Hand|[of] p2b: Decidueye\n|move|p1b: Indeedee|Psychic|p2a: Primarina\n|-damage|p2a: Primarina|36/100\n|-unboost|p2a: Primarina|spd|1\n|move|p2a: Primarina|Hyper Voice|p1a: Ogerpon|[spread] p1a,p1b\n|-damage|p1a: Ogerpon|62/100\n|-damage|p1b: Indeedee|46/100\n|move|p1a: Ogerpon|Wood Hammer|p2b: Decidueye\n|-supereffective|p2b: Decidueye\n|-crit|p2b: Decidueye\n|-damage|p2b: Decidueye|0 fnt\n|faint|p2b: Decidueye\n|-damage|p1a: Ogerpon|31/100|[from] Recoil\n|\n|-weather|SunnyDay|[upkeep]\n|upkeep\n|turn|5\n|\n|t:|1745957245\n|move|p1b: Indeedee|Psychic|p2a: Primarina\n|-crit|p2a: Primarina\n|-damage|p2a: Primarina|0 fnt\n|faint|p2a: Primarina\n|\n|win|xhooorxhi\n||xhooorxhi is ready for game 3.\n||Rege1 is ready for game 3.\n|uhtml|next|Next: <a href=\"/battle-gen9vgc2025regibo3-2353452637\"><strong>Game 3 of 3</strong></a>\n|l|\u2606Rege1\n|player|p2|\n", "uploadtime": 1745957574, "views": 6, "formatid": "gen9vgc2025regibo3", "rating": null, "private": 0, "password": null}