{"id": "gen9vgc2025regibo3-2354723183", "format": "[Gen 9] VGC 2025 Reg I (Bo3)", "players": ["twitchy1989", "Charzard_289"], "log": "|j|\u2606twitchy1989\n|j|\u2606Charzard_289\n|html|<table width=\"100%\"><tr><td align=\"left\">twitchy1989</td><td align=\"right\">Charzard_289</tr><tr><td align=\"left\"><i class=\"fa fa-circle\"></i> <i class=\"fa fa-circle-o\"></i> </td><td align=\"right\"><i class=\"fa fa-circle-o\"></i> <i class=\"fa fa-circle\"></i> </tr></table>\n|uhtml|bestof|<h2><strong>Game 3</strong> of <a href=\"/game-bestof3-gen9vgc2025regibo3-2354715102\">a best-of-3</a></h2>\n|t:|1746114053\n|gametype|doubles\n|player|p1|twitchy1989|265|1059\n|player|p2|Charzard_289|lucas|1044\n|teamsize|p1|6\n|teamsize|p2|6\n|gen|9\n|tier|[Gen 9] VGC 2025 Reg I (Bo3)\n|rated|\n|rule|Species Clause: Limit one of each Pok\u00e9mon\n|rule|Item Clause: Limit 1 of each item\n|clearpoke\n|poke|p1|Koraidon, L50|\n|poke|p1|Lunala, L50|\n|poke|p1|Chi-Yu, L50|\n|poke|p1|Flutter Mane, L50|\n|poke|p1|Brute Bonnet, L50|\n|poke|p1|Iron Hands, L50|\n|poke|p2|Calyrex-Shadow, L50|\n|poke|p2|Miraidon, L50|\n|poke|p2|Urshifu-*, L50, M|\n|poke|p2|Incineroar, L50, M|\n|poke|p2|Whimsicott, L50, F|\n|poke|p2|Ogerpon-Wellspring, L50, F|\n|teampreview|4\n|showteam|p1|Koraidon||ClearAmulet|OrichalcumPulse|FlareBlitz,Outrage,CollisionCourse,Protect||||||50|,,,,,Fire]Lunala||MentalHerb|ShadowShield|MoongeistBeam,Moonblast,WideGuard,TrickRoom||||||50|,,,,,Water]Chi-Yu||ChoiceScarf|BeadsofRuin|DarkPulse,Flamethrower,Snarl,HeatWave||||||50|,,,,,Ghost]Flutter Mane||FocusSash|Protosynthesis|Moonblast,ShadowBall,IcyWind,Protect||||||50|,,,,,Normal]Brute Bonnet||CovertCloak|Protosynthesis|RagePowder,SuckerPunch,SeedBomb,Spore||||||50|,,,,,Water]Iron Hands||AssaultVest|QuarkDrive|FakeOut,DrainPunch,WildCharge,VoltSwitch||||||50|,,,,,Fire\n|showteam|p2|Calyrex-Shadow||CovertCloak|AsOneSpectrier|AstralBarrage,Psyshock,NastyPlot,Protect||||||50|,,,,,Dark]Miraidon||ChoiceSpecs|HadronEngine|ElectroDrift,ParabolicCharge,DracoMeteor,VoltSwitch||||||50|,,,,,Electric]Urshifu-Rapid-Strike||FocusSash|UnseenFist|AquaJet,SurgingStrikes,CloseCombat,Detect|||M|||50|,,,,,Stellar]Incineroar||SafetyGoggles|Intimidate|FakeOut,KnockOff,HelpingHand,PartingShot|||M|||50|,,,,,Ghost]Whimsicott||SitrusBerry|Prankster|Tailwind,HelpingHand,Taunt,Encore|||F|||50|,,,,,Dark]Ogerpon-Wellspring||WellspringMask|WaterAbsorb|IvyCudgel,PowerWhip,FollowMe,SpikyShield|||F|||50|,,,,,Water\n|inactive|Battle timer is ON: inactive players will automatically lose when time's up. (requested by Charzard_289)\n|\n|t:|1746114084\n|start\n|switch|p1a: Flutter Mane|Flutter Mane, L50|100/100\n|switch|p1b: Chi-Yu|Chi-Yu, L50|100/100\n|switch|p2a: Whimsicott|Whimsicott, L50, F, shiny|100/100\n|switch|p2b: Miraidon|Miraidon, L50|100/100\n|-ability|p1b: Chi-Yu|Beads of Ruin\n|-fieldstart|move: Electric Terrain|[from] ability: Hadron Engine|[of] p2b: Miraidon\n|turn|1\n|inactive|twitchy1989 has 30 seconds left.\n|inactive|Charzard_289 has 30 seconds left.\n|inactive|twitchy1989 has 20 seconds left.\n|inactive|Charzard_289 has 20 seconds left.\n|inactive|Charzard_289 has 15 seconds left.\n|inactive|Charzard_289 has 10 seconds left.\n|inactive|Charzard_289 has 5 seconds left.\n|\n|t:|1746114135\n|-terastallize|p2b: Miraidon|Electric\n|move|p2a: Whimsicott|Tailwind|p2a: Whimsicott\n|-sidestart|p2: Charzard_289|move: Tailwind\n|move|p2b: Miraidon|Volt Switch|p1b: Chi-Yu\n|-damage|p1b: Chi-Yu|0 fnt\n|faint|p1b: Chi-Yu\n|\n|t:|1746114143\n|switch|p2b: Calyrex|Calyrex-Shadow, L50|100/100|[from] Volt Switch\n|-ability|p2b: Calyrex|As One\n|-ability|p2b: Calyrex|Unnerve\n|move|p1a: Flutter Mane|Icy Wind|p2b: Calyrex|[spread] p2a,p2b\n|-supereffective|p2a: Whimsicott\n|-damage|p2a: Whimsicott|50/100\n|-damage|p2b: Calyrex|87/100\n|-unboost|p2a: Whimsicott|spe|1\n|-enditem|p2a: Whimsicott|Sitrus Berry|[eat]\n|-heal|p2a: Whimsicott|75/100|[from] item: Sitrus Berry\n|\n|upkeep\n|\n|t:|1746114161\n|switch|p1b: Koraidon|Koraidon, L50|100/100\n|-weather|SunnyDay|[from] ability: Orichalcum Pulse|[of] p1b: Koraidon\n|-activate|p1a: Flutter Mane|ability: Protosynthesis\n|-start|p1a: Flutter Mane|protosynthesisspe\n|-activate|p1b: Koraidon|Orichalcum Pulse|[source]\n|turn|2\n|inactive|twitchy1989 has 30 seconds left.\n|inactive|twitchy1989 has 20 seconds left.\n|inactive|twitchy1989 has 15 seconds left.\n|\n|t:|1746114206\n|-terastallize|p1a: Flutter Mane|Normal\n|move|p1b: Koraidon|Protect|p1b: Koraidon\n|-singleturn|p1b: Koraidon|Protect\n|move|p2a: Whimsicott|Encore|p1a: Flutter Mane\n|-start|p1a: Flutter Mane|Encore\n|move|p2b: Calyrex|Psyshock|p1b: Koraidon\n|-activate|p1b: Koraidon|move: Protect\n|move|p1a: Flutter Mane|Icy Wind|p2b: Calyrex|[spread] p2b\n|-miss|p1a: Flutter Mane|p2a: Whimsicott\n|-damage|p2b: Calyrex|74/100\n|\n|-weather|SunnyDay|[upkeep]\n|upkeep\n|turn|3\n|\n|t:|1746114229\n|switch|p1b: Lunala|Lunala, L50|100/100\n|move|p2a: Whimsicott|Encore||[still]\n|-fail|p2a: Whimsicott\n|move|p2b: Calyrex|Psyshock|p1b: Lunala\n|-resisted|p1b: Lunala\n|-damage|p1b: Lunala|90/100\n|move|p1a: Flutter Mane|Icy Wind|p2a: Whimsicott|[spread] p2a,p2b\n|-supereffective|p2a: Whimsicott\n|-damage|p2a: Whimsicott|21/100\n|-damage|p2b: Calyrex|61/100\n|-unboost|p2a: Whimsicott|spe|1\n|\n|-weather|SunnyDay|[upkeep]\n|upkeep\n|turn|4\n|\n|t:|1746114249\n|move|p2a: Whimsicott|Helping Hand|p2b: Calyrex\n|-singleturn|p2b: Calyrex|Helping Hand|[of] p2a: Whimsicott\n|move|p1b: Lunala|Wide Guard|p1b: Lunala\n|-singleturn|p1b: Lunala|Wide Guard\n|move|p2b: Calyrex|Astral Barrage|p1b: Lunala|[spread] \n|-activate|p1a: Flutter Mane|move: Wide Guard\n|-activate|p1b: Lunala|move: Wide Guard\n|move|p1a: Flutter Mane|Icy Wind|p2b: Calyrex|[spread] p2a,p2b\n|-supereffective|p2a: Whimsicott\n|-damage|p2a: Whimsicott|0 fnt\n|-damage|p2b: Calyrex|47/100\n|faint|p2a: Whimsicott\n|\n|-weather|SunnyDay|[upkeep]\n|-end|p1a: Flutter Mane|Encore\n|-sideend|p2: Charzard_289|move: Tailwind\n|upkeep\n|\n|t:|1746114270\n|switch|p2a: Miraidon|Miraidon, L50, tera:Electric|100/100\n|-activate|p2a: Miraidon|ability: Hadron Engine\n|turn|5\n|inactive|twitchy1989 has 30 seconds left.\n|\n|t:|1746114300\n|move|p2b: Calyrex|Protect|p2b: Calyrex\n|-singleturn|p2b: Calyrex|Protect\n|move|p1b: Lunala|Wide Guard|p1b: Lunala\n|-singleturn|p1b: Lunala|Wide Guard\n|move|p1a: Flutter Mane|Shadow Ball|p2b: Calyrex\n|-activate|p2b: Calyrex|move: Protect\n|move|p2a: Miraidon|Parabolic Charge|p1a: Flutter Mane|[spread] \n|-activate|p1a: Flutter Mane|move: Wide Guard\n|-activate|p1b: Lunala|move: Wide Guard\n|-activate|p2b: Calyrex|move: Protect\n|\n|-weather|SunnyDay|[upkeep]\n|-fieldend|move: Electric Terrain\n|upkeep\n|turn|6\n|\n|t:|1746114324\n|switch|p2a: Urshifu|Urshifu-Rapid-Strike, L50, M|100/100\n|move|p1a: Flutter Mane|Shadow Ball|p2b: Calyrex\n|-supereffective|p2b: Calyrex\n|-damage|p2b: Calyrex|0 fnt\n|faint|p2b: Calyrex\n|move|p1b: Lunala|Moongeist Beam|p2a: Urshifu\n|-damage|p2a: Urshifu|11/100\n|\n|-weather|none\n|-end|p1a: Flutter Mane|Protosynthesis\n|upkeep\n|\n|t:|1746114335\n|switch|p2b: Miraidon|Miraidon, L50, tera:Electric|100/100\n|-fieldstart|move: Electric Terrain|[from] ability: Hadron Engine|[of] p2b: Miraidon\n|turn|7\n|inactive|twitchy1989 has 30 seconds left.\n|\n|t:|1746114369\n|move|p2b: Miraidon|Electro Drift|p1b: Lunala\n|-damage|p1b: Lunala|0 fnt\n|faint|p1b: Lunala\n|move|p1a: Flutter Mane|Icy Wind|p2b: Miraidon|[spread] p2a,p2b\n|-resisted|p2a: Urshifu\n|-damage|p2a: Urshifu|1/100\n|-damage|p2b: Miraidon|88/100\n|-unboost|p2a: Urshifu|spe|1\n|-unboost|p2b: Miraidon|spe|1\n|move|p2a: Urshifu|Close Combat|p1a: Flutter Mane\n|-supereffective|p1a: Flutter Mane\n|-enditem|p1a: Flutter Mane|Focus Sash\n|-damage|p1a: Flutter Mane|1/100\n|-unboost|p2a: Urshifu|def|1\n|-unboost|p2a: Urshifu|spd|1\n|\n|upkeep\n|\n|t:|1746114385\n|switch|p1b: Koraidon|Koraidon, L50|100/100\n|-weather|SunnyDay|[from] ability: Orichalcum Pulse|[of] p1b: Koraidon\n|-activate|p1a: Flutter Mane|ability: Protosynthesis\n|-start|p1a: Flutter Mane|protosynthesisspe\n|-activate|p1b: Koraidon|Orichalcum Pulse|[source]\n|turn|8\n|\n|t:|1746114405\n|move|p2a: Urshifu|Aqua Jet|p1a: Flutter Mane\n|-damage|p1a: Flutter Mane|0 fnt\n|faint|p1a: Flutter Mane\n|-end|p1a: Flutter Mane|Protosynthesis|[silent]\n|move|p1b: Koraidon|Outrage|p2b: Miraidon\n|-damage|p2b: Miraidon|0 fnt\n|faint|p2b: Miraidon\n|\n|-weather|SunnyDay|[upkeep]\n|upkeep\n|turn|9\n|\n|t:|1746114417\n|move|p1b: Koraidon|Outrage|p2a: Urshifu|[from] lockedmove\n|-damage|p2a: Urshifu|0 fnt\n|faint|p2a: Urshifu\n|-start|p1b: Koraidon|confusion|[fatigue]\n|\n|win|twitchy1989\n|raw|twitchy1989's rating: 1059 &rarr; <strong>1089</strong><br />(+30 for winning)\n|raw|Charzard_289's rating: 1044 &rarr; <strong>1028</strong><br />(-16 for losing)\n|l|\u2606Charzard_289\n|player|p2|\n", "uploadtime": 1746114426, "views": 9, "formatid": "gen9vgc2025regibo3", "rating": 1028, "private": 0, "password": null}