{"id": "gen9vgc2025regibo3-2354950187", "format": "[Gen 9] VGC 2025 Reg I (Bo3)", "players": ["dotKuro", "Eddie1192"], "log": "|j|\u2606dotKuro\n|j|\u2606Eddie1192\n|html|<table width=\"100%\"><tr><td align=\"left\">dotKuro</td><td align=\"right\">Eddie1192</tr><tr><td align=\"left\"><i class=\"fa fa-circle-o\"></i> <i class=\"fa fa-circle-o\"></i> </td><td align=\"right\"><i class=\"fa fa-circle-o\"></i> <i class=\"fa fa-circle-o\"></i> </tr></table>\n|uhtml|bestof|<h2><strong>Game 1</strong> of <a href=\"/game-bestof3-gen9vgc2025regibo3-2354950186\">a best-of-3</a></h2>\n|t:|1746134894\n|gametype|doubles\n|player|p1|dotKuro|265|1110\n|player|p2|Eddie1192|102|1171\n|teamsize|p1|6\n|teamsize|p2|6\n|gen|9\n|tier|[Gen 9] VGC 2025 Reg I (Bo3)\n|rated|\n|rule|Species Clause: Limit one of each Pok\u00e9mon\n|rule|Item Clause: Limit 1 of each item\n|clearpoke\n|poke|p1|Chien-Pao, L50|\n|poke|p1|Kyogre, L50|\n|poke|p1|Amoonguss, L50, M|\n|poke|p1|Archaludon, L50, F|\n|poke|p1|Rayquaza, L50|\n|poke|p1|Landorus, L50, M|\n|poke|p2|Miraidon, L50|\n|poke|p2|Iron Hands, L50|\n|poke|p2|Pelipper, L50, M|\n|poke|p2|Ogerpon-Wellspring, L50, F|\n|poke|p2|Farigiraf, L50, M|\n|poke|p2|Calyrex-Ice, L50|\n|teampreview|4\n|showteam|p1|Chien-Pao||FocusSash|SwordofRuin|IceSpinner,Crunch,SuckerPunch,Protect||||||50|,,,,,Ghost]Kyogre||MysticWater|Drizzle|IceBeam,OriginPulse,WaterSpout,Protect||||||50|,,,,,Grass]Amoonguss||RockyHelmet|Regenerator|Protect,Spore,RagePowder,SludgeBomb|||M|||50|,,,,,Fire]Archaludon||AssaultVest|Stamina|ElectroShot,FlashCannon,BodyPress,DracoMeteor|||F|||50|,,,,,Bug]Rayquaza||LifeOrb|AirLock|DragonAscent,ExtremeSpeed,SwordsDance,Protect||||||50|,,,,,Normal]Landorus||ChoiceScarf|SheerForce|EarthPower,SandsearStorm,Uturn,SludgeBomb|||M|||50|,,,,,Ghost\n|showteam|p2|Miraidon||LifeOrb|HadronEngine|Protect,DracoMeteor,ElectroDrift,VoltSwitch||||||50|,,,,,Electric]Iron Hands||ElectricSeed|QuarkDrive|Protect,SwordsDance,DrainPunch,ThunderPunch||||||50|,,,,,Grass]Pelipper||FocusSash|Drizzle|Tailwind,WideGuard,WeatherBall,Hurricane|||M|||50|,,,,,Ground]Ogerpon-Wellspring||WellspringMask|WaterAbsorb|FollowMe,SwordsDance,IvyCudgel,SpikyShield|||F|||50|,,,,,Water]Farigiraf||RockyHelmet|ArmorTail|DazzlingGleam,Protect,HelpingHand,TrickRoom|||M|||50|,,,,,Fairy]Calyrex-Ice||ClearAmulet|AsOneGlastrier|GlacialLance,HighHorsepower,TrickRoom,Protect||||||50|,,,,,Normal\n|inactive|Battle timer is ON: inactive players will automatically lose when time's up. (requested by dotKuro)\n|\n|t:|1746134964\n|start\n|switch|p1a: R\u00fchrei|Amoonguss, L50, M|100/100\n|switch|p1b: Baguette|Rayquaza, L50, shiny|100/100\n|switch|p2a: Miraidon|Miraidon, L50|100/100\n|switch|p2b: Calyrex|Calyrex-Ice, L50|100/100\n|-ability|p2b: Calyrex|As One\n|-ability|p2b: Calyrex|Unnerve\n|-fieldstart|move: Electric Terrain|[from] ability: Hadron Engine|[of] p2a: Miraidon\n|-ability|p1b: Baguette|Air Lock\n|turn|1\n|inactive|Eddie1192 has 30 seconds left.\n|inactive|Eddie1192 has 20 seconds left.\n|inactive|Eddie1192 has 15 seconds left.\n|\n|t:|1746135005\n|-terastallize|p2a: Miraidon|Electric\n|-terastallize|p1b: Baguette|Normal\n|move|p1a: R\u00fchrei|Rage Powder|p1a: R\u00fchrei\n|-singleturn|p1a: R\u00fchrei|move: Rage Powder\n|move|p2a: Miraidon|Electro Drift|p1a: R\u00fchrei\n|-resisted|p1a: R\u00fchrei\n|-damage|p1a: R\u00fchrei|25/100\n|-damage|p2a: Miraidon|84/100|[from] item: Rocky Helmet|[of] p1a: R\u00fchrei\n|-damage|p2a: Miraidon|74/100|[from] item: Life Orb\n|move|p1b: Baguette|Swords Dance|p1b: Baguette\n|-boost|p1b: Baguette|atk|2\n|move|p2b: Calyrex|Glacial Lance|p1a: R\u00fchrei|[spread] p1a,p1b\n|-supereffective|p1a: R\u00fchrei\n|-damage|p1a: R\u00fchrei|0 fnt\n|-damage|p1b: Baguette|51/100\n|faint|p1a: R\u00fchrei\n|-ability|p2b: Calyrex|Chilling Neigh|boost\n|-boost|p2b: Calyrex|atk|1\n|\n|upkeep\n|\n|t:|1746135024\n|switch|p1a: Nutella|Landorus, L50, M|100/100\n|turn|2\n|\n|t:|1746135038\n|move|p2a: Miraidon|Protect|p2a: Miraidon\n|-singleturn|p2a: Miraidon|Protect\n|move|p1a: Nutella|Sandsear Storm|p2b: Calyrex|[spread] p2b\n|-activate|p2a: Miraidon|move: Protect\n|-damage|p2b: Calyrex|67/100\n|move|p1b: Baguette|Dragon Ascent|p2b: Calyrex\n|-damage|p2b: Calyrex|0 fnt\n|-unboost|p1b: Baguette|def|1\n|-unboost|p1b: Baguette|spd|1\n|faint|p2b: Calyrex\n|-damage|p1b: Baguette|41/100|[from] item: Life Orb\n|\n|upkeep\n|\n|t:|1746135053\n|switch|p2b: Ogerpon|Ogerpon-Wellspring, L50, F|100/100\n|turn|3\n|inactive|Eddie1192 has 30 seconds left.\n|\n|t:|1746135083\n|switch|p2a: Pelipper|Pelipper, L50, M|100/100\n|-weather|RainDance|[from] ability: Drizzle|[of] p2a: Pelipper\n|move|p1b: Baguette|Extreme Speed|p2b: Ogerpon\n|-damage|p2b: Ogerpon|0 fnt\n|faint|p2b: Ogerpon\n|-damage|p1b: Baguette|31/100|[from] item: Life Orb\n|move|p1a: Nutella|Sandsear Storm|p2a: Pelipper\n|-immune|p2a: Pelipper\n|\n|-weather|RainDance|[upkeep]\n|upkeep\n|\n|t:|1746135094\n|switch|p2b: Miraidon|Miraidon, L50, tera:Electric|74/100\n|-activate|p2b: Miraidon|ability: Hadron Engine\n|turn|4\n|\n|t:|1746135110\n|switch|p1a: Kellogg's|Kyogre, L50|100/100\n|move|p2b: Miraidon|Protect|p2b: Miraidon\n|-singleturn|p2b: Miraidon|Protect\n|move|p1b: Baguette|Protect|p1b: Baguette\n|-singleturn|p1b: Baguette|Protect\n|move|p2a: Pelipper|Tailwind|p2a: Pelipper\n|-sidestart|p2: Eddie1192|move: Tailwind\n|\n|-weather|RainDance|[upkeep]\n|upkeep\n|turn|5\n|inactive|Eddie1192 has 30 seconds left.\n|\n|t:|1746135141\n|move|p1b: Baguette|Extreme Speed|p2b: Miraidon\n|-crit|p2b: Miraidon\n|-damage|p2b: Miraidon|0 fnt\n|faint|p2b: Miraidon\n|-damage|p1b: Baguette|21/100|[from] item: Life Orb\n|move|p2a: Pelipper|Hurricane|p1b: Baguette\n|-damage|p1b: Baguette|0 fnt\n|faint|p1b: Baguette\n|move|p1a: Kellogg's|Water Spout|p2a: Pelipper\n|-resisted|p2a: Pelipper\n|-enditem|p2a: Pelipper|Focus Sash\n|-damage|p2a: Pelipper|1/100\n|\n|-weather|RainDance|[upkeep]\n|-fieldend|move: Electric Terrain\n|upkeep\n|\n|t:|1746135154\n|switch|p1b: Nutella|Landorus, L50, M|100/100\n|turn|6\n|\n|t:|1746135159\n|move|p2a: Pelipper|Weather Ball|p1b: Nutella\n|-supereffective|p1b: Nutella\n|-damage|p1b: Nutella|0 fnt\n|faint|p1b: Nutella\n|move|p1a: Kellogg's|Water Spout|p2a: Pelipper\n|-resisted|p2a: Pelipper\n|-damage|p2a: Pelipper|0 fnt\n|faint|p2a: Pelipper\n|\n|win|dotKuro\n", "uploadtime": 1746135159, "views": 7, "formatid": "gen9vgc2025regibo3", "rating": null, "private": 0, "password": null}