{"id": "gen9vgc2025regibo3-2353644962", "format": "[Gen 9] VGC 2025 Reg I (Bo3)", "players": ["Karissel", "TREY_NJVGC"], "log": "|j|\u2606Karissel\n|j|\u2606TREY_NJVGC\n|html|<table width=\"100%\"><tr><td align=\"left\">Karissel</td><td align=\"right\">TREY_NJVGC</tr><tr><td align=\"left\"><i class=\"fa fa-circle\"></i> <i class=\"fa fa-circle-o\"></i> </td><td align=\"right\"><i class=\"fa fa-circle-o\"></i> <i class=\"fa fa-circle\"></i> </tr></table>\n|uhtml|bestof|<h2><strong>Game 3</strong> of <a href=\"/game-bestof3-gen9vgc2025regibo3-2353639063\">a best-of-3</a></h2>\n|t:|1745978374\n|gametype|doubles\n|player|p1|Karissel|unknownf|1115\n|player|p2|TREY_NJVGC|ninjaboy-gen3|1139\n|teamsize|p1|6\n|teamsize|p2|6\n|gen|9\n|tier|[Gen 9] VGC 2025 Reg I (Bo3)\n|rated|\n|rule|Species Clause: Limit one of each Pok\u00e9mon\n|rule|Item Clause: Limit 1 of each item\n|clearpoke\n|poke|p1|Calyrex-Shadow, L50|\n|poke|p1|Koraidon, L50|\n|poke|p1|Araquanid, L50, F|\n|poke|p1|Raging Bolt, L50|\n|poke|p1|Incineroar, L50, M|\n|poke|p1|Weezing-Galar, L50, M|\n|poke|p2|Calyrex-Shadow, L50|\n|poke|p2|Miraidon, L50|\n|poke|p2|Incineroar, L50, F|\n|poke|p2|Iron Hands, L50|\n|poke|p2|Whimsicott, L50, F|\n|poke|p2|Urshifu-*, L50, M|\n|teampreview|4\n|showteam|p1|Calyrex-Shadow||FocusSash|AsOneSpectrier|AstralBarrage,Protect,Encore,Psychic||||||50|,,,,,Ghost]Koraidon||LifeOrb|OrichalcumPulse|CloseCombat,FlareBlitz,Protect,FlameCharge||||||50|,,,,,Fire]Araquanid||Leftovers|WaterBubble|Liquidation,Infestation,WideGuard,Protect|||F|||50|,,,,,Grass]Raging Bolt||AssaultVest|Protosynthesis|Thunderbolt,Thunderclap,Snarl,DracoMeteor||||||50|,,,,,Electric]Incineroar||SafetyGoggles|Intimidate|KnockOff,FakeOut,PartingShot,FlareBlitz|||M|||50|,,,,,Bug]Weezing-Galar||RockyHelmet|NeutralizingGas|StrangeSteam,WillOWisp,Taunt,Protect|||M|||50|,,,,,Ghost\n|showteam|p2|Calyrex-Shadow||LifeOrb|AsOneSpectrier|AstralBarrage,Psychic,NastyPlot,Protect||||||50|,,,,,Dark]Miraidon||ChoiceSpecs|HadronEngine|VoltSwitch,ElectroDrift,DazzlingGleam,DragonPulse||||||50|,,,,,Ghost]Incineroar||RockyHelmet|Intimidate|KnockOff,PartingShot,FakeOut,HelpingHand|||F|||50|,,,,,Bug]Iron Hands||AssaultVest|QuarkDrive|DrainPunch,WildCharge,FakeOut,LowKick||||||50|,,,,,Water]Whimsicott||FocusSash|Prankster|Protect,Tailwind,Moonblast,Encore|||F|||50|,,,,,Ghost]Urshifu-Rapid-Strike||MysticWater|UnseenFist|SurgingStrikes,CloseCombat,AquaJet,Detect|||M|||50|,,,,,Stellar\n|\n|t:|1745978459\n|start\n|switch|p1a: Koraidon|Koraidon, L50|100/100\n|switch|p1b: Raging Bolt|Raging Bolt, L50|100/100\n|switch|p2a: Miraidon|Miraidon, L50|100/100\n|switch|p2b: Whimsicott|Whimsicott, L50, F|100/100\n|-fieldstart|move: Electric Terrain|[from] ability: Hadron Engine|[of] p2a: Miraidon\n|-weather|SunnyDay|[from] ability: Orichalcum Pulse|[of] p1a: Koraidon\n|-activate|p1b: Raging Bolt|ability: Protosynthesis\n|-start|p1b: Raging Bolt|protosynthesisspa\n|-activate|p1a: Koraidon|Orichalcum Pulse|[source]\n|turn|1\n|\n|t:|1745978499\n|-terastallize|p1a: Koraidon|Fire\n|move|p2b: Whimsicott|Protect|p2b: Whimsicott\n|-singleturn|p2b: Whimsicott|Protect\n|move|p2a: Miraidon|Dragon Pulse|p1b: Raging Bolt\n|-supereffective|p1b: Raging Bolt\n|-damage|p1b: Raging Bolt|9/100\n|move|p1a: Koraidon|Flame Charge|p2b: Whimsicott\n|-activate|p2b: Whimsicott|move: Protect\n|move|p1b: Raging Bolt|Snarl|p2b: Whimsicott|[spread] p2a\n|-activate|p2b: Whimsicott|move: Protect\n|-damage|p2a: Miraidon|83/100\n|-unboost|p2a: Miraidon|spa|1\n|\n|-weather|SunnyDay|[upkeep]\n|upkeep\n|turn|2\n|\n|t:|1745978538\n|-end|p1b: Raging Bolt|Protosynthesis|[silent]\n|switch|p1b: Araquanid|Araquanid, L50, F, shiny|100/100\n|move|p2b: Whimsicott|Tailwind|p2b: Whimsicott\n|-sidestart|p2: TREY_NJVGC|move: Tailwind\n|move|p2a: Miraidon|Dragon Pulse|p1a: Koraidon\n|-damage|p1a: Koraidon|40/100\n|move|p1a: Koraidon|Flame Charge|p2b: Whimsicott\n|-supereffective|p2b: Whimsicott\n|-enditem|p2b: Whimsicott|Focus Sash\n|-damage|p2b: Whimsicott|1/100\n|-boost|p1a: Koraidon|spe|1\n|-damage|p1a: Koraidon|31/100|[from] item: Life Orb\n|\n|-weather|SunnyDay|[upkeep]\n|upkeep\n|turn|3\n|\n|t:|1745978556\n|move|p2b: Whimsicott|Protect|p2b: Whimsicott\n|-singleturn|p2b: Whimsicott|Protect\n|move|p1a: Koraidon|Protect|p1a: Koraidon\n|-singleturn|p1a: Koraidon|Protect\n|move|p2a: Miraidon|Dragon Pulse|p1b: Araquanid\n|-damage|p1b: Araquanid|47/100\n|move|p1b: Araquanid|Infestation|p2a: Miraidon\n|-damage|p2a: Miraidon|79/100\n|-activate|p2a: Miraidon|move: Infestation|[of] p1b: Araquanid\n|\n|-weather|SunnyDay|[upkeep]\n|-heal|p1b: Araquanid|52/100|[from] item: Leftovers\n|-damage|p2a: Miraidon|67/100|[from] move: Infestation|[partiallytrapped]\n|upkeep\n|turn|4\n|\n|t:|1745978578\n|switch|p2b: Incineroar|Incineroar, L50, F|100/100\n|-ability|p2b: Incineroar|Intimidate|boost\n|-unboost|p1a: Koraidon|atk|1\n|-unboost|p1b: Araquanid|atk|1\n|switch|p1a: Raging Bolt|Raging Bolt, L50|9/100\n|-activate|p1a: Raging Bolt|ability: Protosynthesis\n|-start|p1a: Raging Bolt|protosynthesisspa\n|move|p1b: Araquanid|Protect|p1b: Araquanid\n|-singleturn|p1b: Araquanid|Protect\n|move|p2a: Miraidon|Dragon Pulse|p1a: Raging Bolt\n|-supereffective|p1a: Raging Bolt\n|-damage|p1a: Raging Bolt|0 fnt\n|faint|p1a: Raging Bolt\n|-end|p1a: Raging Bolt|Protosynthesis|[silent]\n|\n|-weather|SunnyDay|[upkeep]\n|-heal|p1b: Araquanid|58/100|[from] item: Leftovers\n|-damage|p2a: Miraidon|55/100|[from] move: Infestation|[partiallytrapped]\n|upkeep\n|\n|t:|1745978597\n|switch|p1a: Calyrex|Calyrex-Shadow, L50|100/100\n|-ability|p1a: Calyrex|As One\n|-ability|p1a: Calyrex|Unnerve\n|turn|5\n|\n|t:|1745978607\n|move|p2b: Incineroar|Helping Hand|p2a: Miraidon\n|-singleturn|p2a: Miraidon|Helping Hand|[of] p2b: Incineroar\n|move|p2a: Miraidon|Dragon Pulse|p1b: Araquanid\n|-damage|p1b: Araquanid|0 fnt\n|faint|p1b: Araquanid\n|move|p1a: Calyrex|Astral Barrage|p2b: Incineroar|[spread] p2a,p2b\n|-resisted|p2b: Incineroar\n|-damage|p2a: Miraidon|3/100\n|-damage|p2b: Incineroar|75/100\n|\n|-weather|none\n|-end|p2a: Miraidon|Infestation|[partiallytrapped]|[silent]\n|-sideend|p2: TREY_NJVGC|move: Tailwind\n|-fieldend|move: Electric Terrain\n|upkeep\n|\n|t:|1745978615\n|switch|p1b: Koraidon|Koraidon, L50, tera:Fire|31/100\n|-weather|SunnyDay|[from] ability: Orichalcum Pulse|[of] p1b: Koraidon\n|-activate|p1b: Koraidon|Orichalcum Pulse|[source]\n|turn|6\n|\n|t:|1745978649\n|-terastallize|p2b: Incineroar|Bug\n|move|p1a: Calyrex|Encore|p2b: Incineroar\n|-start|p2b: Incineroar|Encore\n|move|p1b: Koraidon|Flame Charge|p2a: Miraidon\n|-resisted|p2a: Miraidon\n|-damage|p2a: Miraidon|0 fnt\n|-boost|p1b: Koraidon|spe|1\n|faint|p2a: Miraidon\n|-damage|p1b: Koraidon|21/100|[from] item: Life Orb\n|move|p2b: Incineroar|Helping Hand|null|[notarget]\n|-fail|p2b: Incineroar\n|\n|-weather|SunnyDay|[upkeep]\n|upkeep\n|\n|t:|1745978662\n|switch|p2a: Whimsicott|Whimsicott, L50, F|1/100\n|turn|7\n|\n|t:|1745978678\n|move|p2a: Whimsicott|Protect|p2a: Whimsicott\n|-singleturn|p2a: Whimsicott|Protect\n|move|p2b: Incineroar|Helping Hand||[still]\n|-fail|p2b: Incineroar\n|move|p1b: Koraidon|Flame Charge|p2b: Incineroar\n|-supereffective|p2b: Incineroar\n|-damage|p2b: Incineroar|0 fnt\n|-boost|p1b: Koraidon|spe|1\n|-damage|p1b: Koraidon|4/100|[from] item: Rocky Helmet|[of] p2b: Incineroar\n|faint|p2b: Incineroar\n|-damage|p1b: Koraidon|0 fnt|[from] item: Life Orb\n|faint|p1b: Koraidon\n|move|p1a: Calyrex|Astral Barrage|p2a: Whimsicott\n|-activate|p2a: Whimsicott|move: Protect\n|\n|-weather|SunnyDay|[upkeep]\n|upkeep\n|\n|t:|1745978684\n|switch|p2b: Calyrex|Calyrex-Shadow, L50|100/100\n|-ability|p2b: Calyrex|As One\n|-ability|p2b: Calyrex|Unnerve\n|turn|8\n|inactive|Battle timer is ON: inactive players will automatically lose when time's up. (requested by Karissel)\n|\n|t:|1745978741\n|move|p2a: Whimsicott|Tailwind|p2a: Whimsicott\n|-sidestart|p2: TREY_NJVGC|move: Tailwind\n|move|p2b: Calyrex|Astral Barrage|p1a: Calyrex\n|-supereffective|p1a: Calyrex\n|-enditem|p1a: Calyrex|Focus Sash\n|-damage|p1a: Calyrex|1/100\n|-damage|p2b: Calyrex|91/100|[from] item: Life Orb\n|move|p1a: Calyrex|Astral Barrage|p2a: Whimsicott|[spread] p2a,p2b\n|-supereffective|p2b: Calyrex\n|-damage|p2a: Whimsicott|0 fnt\n|-damage|p2b: Calyrex|0 fnt\n|faint|p2a: Whimsicott\n|faint|p2b: Calyrex\n|\n|win|Karissel\n|raw|Karissel's rating: 1115 &rarr; <strong>1142</strong><br />(+27 for winning)\n|raw|TREY_NJVGC's rating: 1139 &rarr; <strong>1112</strong><br />(-27 for losing)\n|c|\u2606TREY_NJVGC|gg\n|c|\u2606Karissel|Gg\n", "uploadtime": 1745978785, "views": 12, "formatid": "gen9vgc2025regibo3", "rating": 1112, "private": 0, "password": null}