{"id": "gen9vgc2025regibo3-2353687794", "format": "[Gen 9] VGC 2025 Reg I (Bo3)", "players": ["We_Are_Toasted", "SupernovaSZ8"], "log": "|j|\u2606We_Are_Toasted\n|j|\u2606SupernovaSZ8\n|html|<table width=\"100%\"><tr><td align=\"left\">We_Are_Toasted</td><td align=\"right\">SupernovaSZ8</tr><tr><td align=\"left\"><i class=\"fa fa-circle-o\"></i> <i class=\"fa fa-circle-o\"></i> </td><td align=\"right\"><i class=\"fa fa-circle-o\"></i> <i class=\"fa fa-circle\"></i> </tr></table>\n|uhtml|bestof|<h2><strong>Game 2</strong> of <a href=\"/game-bestof3-gen9vgc2025regibo3-2353686107\">a best-of-3</a></h2>\n|t:|1745983733\n|gametype|doubles\n|player|p1|We_Are_Toasted|larry|1184\n|player|p2|SupernovaSZ8|nessa|1251\n|teamsize|p1|6\n|teamsize|p2|6\n|gen|9\n|tier|[Gen 9] VGC 2025 Reg I (Bo3)\n|rated|\n|rule|Species Clause: Limit one of each Pok\u00e9mon\n|rule|Item Clause: Limit 1 of each item\n|clearpoke\n|poke|p1|Miraidon, L50|\n|poke|p1|Grimmsnarl, L50, M|\n|poke|p1|Iron Hands, L50|\n|poke|p1|Lunala, L50|\n|poke|p1|Chi-Yu, L50|\n|poke|p1|Ursaluna, L50, M|\n|poke|p2|Kyogre, L50|\n|poke|p2|Zacian-*, L50|\n|poke|p2|Roaring Moon, L50|\n|poke|p2|Landorus, L50, M|\n|poke|p2|Rillaboom, L50, M|\n|poke|p2|Bruxish, L50, M|\n|teampreview|4\n|showteam|p1|Miraidon||ChoiceSpecs|HadronEngine|VoltSwitch,DracoMeteor,ElectroDrift,DazzlingGleam||||||50|,,,,,Fairy]Grimmsnarl||LightClay|Prankster|LightScreen,Reflect,ThunderWave,SpiritBreak|||M|||50|,,,,,Ghost]Iron Hands||AssaultVest|QuarkDrive|DrainPunch,FakeOut,WildCharge,LowKick||||||50|,,,,,Bug]Lunala||PowerHerb|ShadowShield|MoongeistBeam,MeteorBeam,WideGuard,TrickRoom||||||50|,,,,,Water]Chi-Yu||ChoiceScarf|BeadsofRuin|Snarl,HeatWave,DarkPulse,Overheat||||||50|,,,,,Ghost]Ursaluna||FlameOrb|Guts|Facade,HeadlongRush,Earthquake,Protect|||M|||50|,,,,,Ghost\n|showteam|p2|Kyogre||MysticWater|Drizzle|WaterSpout,TeraBlast,Thunder,Protect||||||50|,,,,,Water]Zacian-Crowned||RustedSword|IntrepidSword|behemothblade,PlayRough,SacredSword,Protect||||||50|,,,,,Normal]Roaring Moon||BoosterEnergy|Protosynthesis|KnockOff,Acrobatics,Tailwind,Protect||||||50|,,,,,Flying]Landorus||LifeOrb|SheerForce|EarthPower,SludgeBomb,SandsearStorm,Protect|||M|||50|,,,,,Fairy]Rillaboom||AssaultVest|GrassySurge|FakeOut,WoodHammer,GrassyGlide,HighHorsepower|||M|||50|,,,,,Fire]Bruxish||FocusSash|Dazzling|PsychicFangs,SuperFang,AquaJet,Taunt|||M|||50|,,,,,Stellar\n|inactive|Battle timer is ON: inactive players will automatically lose when time's up. (requested by We_Are_Toasted)\n|\n|t:|1745983755\n|start\n|switch|p1a: Brian Hands|Iron Hands, L50|100/100\n|switch|p1b: Lunala|Lunala, L50|100/100\n|switch|p2a: Zacian|Zacian-Crowned, L50, shiny|100/100\n|switch|p2b: Roaring Moon|Roaring Moon, L50, shiny|100/100\n|-ability|p2a: Zacian|Intrepid Sword|boost\n|-boost|p2a: Zacian|atk|1\n|-enditem|p2b: Roaring Moon|Booster Energy\n|-activate|p2b: Roaring Moon|ability: Protosynthesis|[fromitem]\n|-start|p2b: Roaring Moon|protosynthesisspe\n|turn|1\n|inactive|We_Are_Toasted has 30 seconds left.\n|inactive|We_Are_Toasted has 20 seconds left.\n|\n|t:|1745983793\n|move|p1a: Brian Hands|Fake Out|p2b: Roaring Moon\n|-damage|p2b: Roaring Moon|81/100\n|cant|p2b: Roaring Moon|flinch\n|move|p2a: Zacian|Play Rough|p1a: Brian Hands\n|-supereffective|p1a: Brian Hands\n|-damage|p1a: Brian Hands|0 fnt\n|faint|p1a: Brian Hands\n|-end|p1a: Brian Hands|Quark Drive|[silent]\n|move|p1b: Lunala|Trick Room|p1b: Lunala\n|-fieldstart|move: Trick Room|[of] p1b: Lunala\n|\n|upkeep\n|\n|t:|1745983797\n|switch|p1a: Ursaluna|Ursaluna, L50, M|100/100\n|turn|2\n|inactive|We_Are_Toasted has 30 seconds left.\n|inactive|We_Are_Toasted has 20 seconds left.\n|\n|t:|1745983835\n|move|p1a: Ursaluna|Headlong Rush|p2a: Zacian\n|-supereffective|p2a: Zacian\n|-damage|p2a: Zacian|0 fnt\n|-unboost|p1a: Ursaluna|def|1\n|-unboost|p1a: Ursaluna|spd|1\n|faint|p2a: Zacian\n|move|p1b: Lunala|Meteor Beam||[still]\n|-prepare|p1b: Lunala|Meteor Beam\n|-boost|p1b: Lunala|spa|1\n|-enditem|p1b: Lunala|Power Herb\n|-anim|p1b: Lunala|Meteor Beam|p2b: Roaring Moon|[miss]\n|-miss|p1b: Lunala|p2b: Roaring Moon\n|move|p2b: Roaring Moon|Knock Off|p1b: Lunala\n|-supereffective|p1b: Lunala\n|-crit|p1b: Lunala\n|-damage|p1b: Lunala|13/100\n|\n|-status|p1a: Ursaluna|brn|[from] item: Flame Orb\n|upkeep\n|\n|t:|1745983850\n|switch|p2a: Rillaboom|Rillaboom, L50, M|100/100\n|-fieldstart|move: Grassy Terrain|[from] ability: Grassy Surge|[of] p2a: Rillaboom\n|turn|3\n|inactive|We_Are_Toasted has 30 seconds left.\n|\n|t:|1745983885\n|-end|p2b: Roaring Moon|Protosynthesis|[silent]\n|switch|p2b: Kyogre|Kyogre, L50, shiny|100/100\n|-weather|RainDance|[from] ability: Drizzle|[of] p2b: Kyogre\n|move|p2a: Rillaboom|Fake Out|p1a: Ursaluna\n|-damage|p1a: Ursaluna|84/100 brn\n|cant|p1a: Ursaluna|flinch\n|move|p1b: Lunala|Moongeist Beam|p2a: Rillaboom\n|-damage|p2a: Rillaboom|36/100\n|\n|-weather|RainDance|[upkeep]\n|-heal|p1a: Ursaluna|90/100 brn|[from] Grassy Terrain\n|-heal|p2a: Rillaboom|42/100|[from] Grassy Terrain\n|-heal|p1b: Lunala|19/100|[from] Grassy Terrain\n|-damage|p1a: Ursaluna|84/100 brn|[from] brn\n|upkeep\n|turn|4\n|inactive|We_Are_Toasted has 30 seconds left.\n|inactive|We_Are_Toasted has 20 seconds left.\n|\n|t:|1745983920\n|switch|p1b: Miraidon|Miraidon, L50|100/100\n|-fieldstart|move: Electric Terrain|[from] ability: Hadron Engine|[of] p1b: Miraidon\n|-terastallize|p1a: Ursaluna|Ghost\n|move|p2b: Kyogre|Protect|p2b: Kyogre\n|-singleturn|p2b: Kyogre|Protect\n|move|p1a: Ursaluna|Facade|p2b: Kyogre\n|-activate|p2b: Kyogre|move: Protect\n|move|p2a: Rillaboom|Grassy Glide|p1a: Ursaluna\n|-damage|p1a: Ursaluna|50/100 brn\n|\n|-weather|RainDance|[upkeep]\n|-damage|p1a: Ursaluna|44/100 brn|[from] brn\n|upkeep\n|turn|5\n|inactive|We_Are_Toasted has 30 seconds left.\n|\n|t:|1745983950\n|switch|p2a: Roaring Moon|Roaring Moon, L50, shiny|81/100\n|move|p1a: Ursaluna|Facade|p2b: Kyogre\n|-damage|p2b: Kyogre|0 fnt\n|faint|p2b: Kyogre\n|move|p1b: Miraidon|Volt Switch|p2a: Roaring Moon\n|-resisted|p2a: Roaring Moon\n|-damage|p2a: Roaring Moon|30/100\n|\n|t:|1745983954\n|switch|p1b: Lunala|Lunala, L50|19/100|[from] Volt Switch\n|\n|-weather|RainDance|[upkeep]\n|-damage|p1a: Ursaluna|38/100 brn|[from] brn\n|-fieldend|move: Trick Room\n|upkeep\n|\n|t:|1745983957\n|switch|p2b: Rillaboom|Rillaboom, L50, M|42/100\n|-fieldstart|move: Grassy Terrain|[from] ability: Grassy Surge|[of] p2b: Rillaboom\n|turn|6\n|\n|t:|1745983979\n|move|p1a: Ursaluna|Protect|p1a: Ursaluna\n|-singleturn|p1a: Ursaluna|Protect\n|move|p2a: Roaring Moon|Tailwind|p2a: Roaring Moon\n|-sidestart|p2: SupernovaSZ8|move: Tailwind\n|move|p2b: Rillaboom|Wood Hammer|p1a: Ursaluna\n|-activate|p1a: Ursaluna|move: Protect\n|move|p1b: Lunala|Moongeist Beam|p2b: Rillaboom\n|-damage|p2b: Rillaboom|0 fnt\n|faint|p2b: Rillaboom\n|\n|-weather|RainDance|[upkeep]\n|-heal|p2a: Roaring Moon|36/100|[from] Grassy Terrain\n|-heal|p1b: Lunala|25/100|[from] Grassy Terrain\n|-heal|p1a: Ursaluna|44/100 brn|[from] Grassy Terrain\n|-damage|p1a: Ursaluna|38/100 brn|[from] brn\n|upkeep\n|turn|7\n|-message|SupernovaSZ8 forfeited.\n|\n|win|We_Are_Toasted\n", "uploadtime": 1745983989, "views": 26, "formatid": "gen9vgc2025regibo3", "rating": null, "private": 0, "password": null}