{"id": "gen9vgc2025regibo3-2354735592", "format": "[Gen 9] VGC 2025 Reg I (Bo3)", "players": ["WyzerxVS36", "pon seis nueve"], "log": "|j|\u2606WyzerxVS36\n|j|\u203dpon seis nueve\n|html|<table width=\"100%\"><tr><td align=\"left\">WyzerxVS36</td><td align=\"right\">pon seis nueve</tr><tr><td align=\"left\"><i class=\"fa fa-circle\"></i> <i class=\"fa fa-circle-o\"></i> </td><td align=\"right\"><i class=\"fa fa-circle-o\"></i> <i class=\"fa fa-circle-o\"></i> </tr></table>\n|uhtml|bestof|<h2><strong>Game 2</strong> of <a href=\"/game-bestof3-gen9vgc2025regibo3-2354730602\">a best-of-3</a></h2>\n|t:|1746115164\n|gametype|doubles\n|player|p1|WyzerxVS36|sabrina|1374\n|player|p2|pon seis nueve|marlon|1285\n|teamsize|p1|6\n|teamsize|p2|6\n|gen|9\n|tier|[Gen 9] VGC 2025 Reg I (Bo3)\n|rated|\n|rule|Species Clause: Limit one of each Pok\u00e9mon\n|rule|Item Clause: Limit 1 of each item\n|clearpoke\n|poke|p1|Lunala, L50|\n|poke|p1|Calyrex-Ice, L50|\n|poke|p1|Ogerpon-Wellspring, L50, F|\n|poke|p1|Indeedee-F, L50, F|\n|poke|p1|Incineroar, L50, F|\n|poke|p1|Iron Hands, L50|\n|poke|p2|Zamazenta-*, L50|\n|poke|p2|Calyrex-Shadow, L50|\n|poke|p2|Tornadus, L50, M|\n|poke|p2|Urshifu-*, L50, F|\n|poke|p2|Rillaboom, L50, M|\n|poke|p2|Chien-Pao, L50|\n|teampreview|4\n|showteam|p1|Lunala||PowerHerb|ShadowShield|MoongeistBeam,MeteorBeam,ExpandingForce,TrickRoom||||||50|,,,,,Water]Calyrex-Ice||ClearAmulet|AsOneGlastrier|GlacialLance,HighHorsepower,TrickRoom,Protect||||||50|,,,,,Normal]Ogerpon-Wellspring||WellspringMask|WaterAbsorb|IvyCudgel,WoodHammer,Taunt,FollowMe|||F|||50|,,,,,Water]Indeedee-F||RockyHelmet|PsychicSurge|FollowMe,DazzlingGleam,TrickRoom,HelpingHand|||F|||50|,,,,,Fairy]Incineroar||SafetyGoggles|Intimidate|FlareBlitz,PartingShot,KnockOff,FakeOut|||F|||50|,,,,,Ghost]Iron Hands||AssaultVest|QuarkDrive|WildCharge,DrainPunch,LowKick,FakeOut||||||50|,,,,,Water\n|showteam|p2|Zamazenta-Crowned||RustedShield|DauntlessShield|BodyPress,HeavySlam,WideGuard,Protect||||||50|,,,,,Dragon]Calyrex-Shadow||FocusSash|AsOneSpectrier|AstralBarrage,Psychic,Encore,Protect||||||50|,,,,,Ghost]Tornadus||RockyHelmet|Prankster|BleakwindStorm,Tailwind,RainDance,Taunt|||M|||50|,,,,,Dark]Urshifu-Rapid-Strike||MysticWater|UnseenFist|SurgingStrikes,CloseCombat,AquaJet,Detect|||F|||50|,,,,,Water]Rillaboom||AssaultVest|GrassySurge|WoodHammer,GrassyGlide,Uturn,FakeOut|||M|||50|,,,,,Fire]Chien-Pao||LifeOrb|SwordofRuin|SuckerPunch,IcicleCrash,ThroatChop,Protect||||||50|,,,,,Stellar\n|inactive|Battle timer is ON: inactive players will automatically lose when time's up. (requested by WyzerxVS36)\n|\n|t:|1746115217\n|start\n|switch|p1a: Incineroar|Incineroar, L50, F|100/100\n|switch|p1b: Calyrex|Calyrex-Ice, L50|100/100\n|switch|p2a: Calyrex|Calyrex-Shadow, L50|100/100\n|switch|p2b: Tornadus|Tornadus, L50, M|100/100\n|-ability|p2a: Calyrex|As One\n|-ability|p2a: Calyrex|Unnerve\n|-ability|p1b: Calyrex|As One\n|-ability|p1b: Calyrex|Unnerve\n|-ability|p1a: Incineroar|Intimidate|boost\n|-unboost|p2a: Calyrex|atk|1\n|-unboost|p2b: Tornadus|atk|1\n|turn|1\n|inactive|WyzerxVS36 has 30 seconds left.\n|inactive|WyzerxVS36 has 20 seconds left.\n|inactive|WyzerxVS36 has 15 seconds left.\n|\n|t:|1746115259\n|-terastallize|p1b: Calyrex|Normal\n|move|p2a: Calyrex|Protect|p2a: Calyrex\n|-singleturn|p2a: Calyrex|Protect\n|move|p1a: Incineroar|Fake Out|p2b: Tornadus\n|-damage|p2b: Tornadus|87/100\n|-damage|p1a: Incineroar|84/100|[from] item: Rocky Helmet|[of] p2b: Tornadus\n|cant|p2b: Tornadus|flinch\n|move|p1b: Calyrex|Trick Room|p1b: Calyrex\n|-fieldstart|move: Trick Room|[of] p1b: Calyrex\n|\n|upkeep\n|turn|2\n|inactive|pon seis nueve has 30 seconds left.\n|inactive|pon seis nueve has 20 seconds left.\n|inactive|pon seis nueve has 15 seconds left.\n|\n|t:|1746115303\n|switch|p2a: Zamazenta|Zamazenta-Crowned, L50|100/100\n|-ability|p2a: Zamazenta|Dauntless Shield|boost\n|-boost|p2a: Zamazenta|def|1\n|move|p2b: Tornadus|Rain Dance|p2b: Tornadus\n|-weather|RainDance\n|move|p1b: Calyrex|Glacial Lance|p2a: Zamazenta|[spread] p2a,p2b\n|-resisted|p2a: Zamazenta\n|-supereffective|p2b: Tornadus\n|-damage|p2a: Zamazenta|89/100\n|-damage|p2b: Tornadus|0 fnt\n|faint|p2b: Tornadus\n|-ability|p1b: Calyrex|Chilling Neigh|boost\n|-boost|p1b: Calyrex|atk|1\n|move|p1a: Incineroar|Knock Off|p2a: Zamazenta\n|-resisted|p2a: Zamazenta\n|-damage|p2a: Zamazenta|84/100\n|\n|-weather|RainDance|[upkeep]\n|upkeep\n|\n|t:|1746115321\n|switch|p2b: Calyrex|Calyrex-Shadow, L50|100/100\n|-ability|p2b: Calyrex|As One\n|-ability|p2b: Calyrex|Unnerve\n|turn|3\n|\n|t:|1746115344\n|move|p2a: Zamazenta|Protect|p2a: Zamazenta\n|-singleturn|p2a: Zamazenta|Protect\n|move|p2b: Calyrex|Protect|p2b: Calyrex\n|-singleturn|p2b: Calyrex|Protect\n|move|p1b: Calyrex|High Horsepower|p2a: Zamazenta\n|-activate|p2a: Zamazenta|move: Protect\n|move|p1a: Incineroar|Knock Off|p2b: Calyrex\n|-activate|p2b: Calyrex|move: Protect\n|\n|-weather|RainDance|[upkeep]\n|upkeep\n|turn|4\n|inactive|pon seis nueve has 30 seconds left.\n|\n|t:|1746115370\n|-terastallize|p2a: Zamazenta|Dragon\n|move|p1b: Calyrex|Glacial Lance|p2a: Zamazenta|[spread] p2a,p2b\n|-supereffective|p2a: Zamazenta\n|-damage|p2a: Zamazenta|15/100\n|-enditem|p2b: Calyrex|Focus Sash\n|-damage|p2b: Calyrex|1/100\n|move|p1a: Incineroar|Knock Off|p2b: Calyrex\n|-supereffective|p2b: Calyrex\n|-damage|p2b: Calyrex|0 fnt\n|faint|p2b: Calyrex\n|move|p2a: Zamazenta|Body Press|p1b: Calyrex\n|-supereffective|p1b: Calyrex\n|-damage|p1b: Calyrex|14/100\n|\n|-weather|RainDance|[upkeep]\n|upkeep\n|\n|t:|1746115381\n|switch|p2b: Chien-Pao|Chien-Pao, L50|100/100\n|-ability|p2b: Chien-Pao|Sword of Ruin\n|turn|5\n|inactive|WyzerxVS36 has 30 seconds left.\n|inactive|WyzerxVS36 has 20 seconds left.\n|\n|t:|1746115423\n|switch|p1b: Iron Hands|Iron Hands, L50|100/100\n|move|p2b: Chien-Pao|Sucker Punch||[still]\n|-fail|p2b: Chien-Pao\n|move|p1a: Incineroar|Flare Blitz|p2b: Chien-Pao\n|-supereffective|p2b: Chien-Pao\n|-damage|p2b: Chien-Pao|41/100\n|-status|p2b: Chien-Pao|brn\n|-damage|p1a: Incineroar|69/100|[from] Recoil\n|move|p2a: Zamazenta|Body Press|p1a: Incineroar\n|-supereffective|p1a: Incineroar\n|-damage|p1a: Incineroar|0 fnt\n|faint|p1a: Incineroar\n|\n|-weather|RainDance|[upkeep]\n|-damage|p2b: Chien-Pao|35/100 brn|[from] brn\n|-fieldend|move: Trick Room\n|upkeep\n|\n|t:|1746115441\n|switch|p1a: Lunala|Lunala, L50, shiny|100/100\n|turn|6\n|inactive|pon seis nueve has 30 seconds left.\n|\n|t:|1746115473\n|move|p1b: Iron Hands|Fake Out|p2b: Chien-Pao\n|-damage|p2b: Chien-Pao|15/100 brn\n|cant|p2b: Chien-Pao|flinch\n|move|p2a: Zamazenta|Body Press|p1b: Iron Hands\n|-damage|p1b: Iron Hands|44/100\n|move|p1a: Lunala|Trick Room|p1a: Lunala\n|-fieldstart|move: Trick Room|[of] p1a: Lunala\n|\n|-weather|none\n|-damage|p2b: Chien-Pao|9/100 brn|[from] brn\n|upkeep\n|turn|7\n|\n|t:|1746115489\n|move|p2a: Zamazenta|Protect|p2a: Zamazenta\n|-singleturn|p2a: Zamazenta|Protect\n|move|p2b: Chien-Pao|Sucker Punch|p1a: Lunala\n|-supereffective|p1a: Lunala\n|-damage|p1a: Lunala|56/100\n|-damage|p2b: Chien-Pao|0 fnt|[from] item: Life Orb\n|faint|p2b: Chien-Pao\n|move|p1b: Iron Hands|Low Kick|p2a: Zamazenta\n|-activate|p2a: Zamazenta|move: Protect\n|move|p1a: Lunala|Moongeist Beam|p2a: Zamazenta\n|-activate|p2a: Zamazenta|move: Protect\n|\n|upkeep\n|turn|8\n|\n|t:|1746115505\n|move|p1b: Iron Hands|Low Kick|p2a: Zamazenta\n|-damage|p2a: Zamazenta|0 fnt\n|faint|p2a: Zamazenta\n|\n|win|WyzerxVS36\n|raw|WyzerxVS36's rating: 1374 &rarr; <strong>1389</strong><br />(+15 for winning)\n|raw|pon seis nueve's rating: 1285 &rarr; <strong>1266</strong><br />(-19 for losing)\n|l|\u2606WyzerxVS36\n|player|p1|\n|l|\u203dpon seis nueve\n|player|p2|\n", "uploadtime": 1746115780, "views": 26, "formatid": "gen9vgc2025regibo3", "rating": 1266, "private": 0, "password": null}