{"id": "gen9vgc2025regibo3-2353739904", "format": "[Gen 9] VGC 2025 Reg I (Bo3)", "players": ["Wo0oorthy", "Chocokoala VGC"], "log": "|j|\u2606Wo0oorthy\n|j|\u2606Chocokoala VGC\n|html|<table width=\"100%\"><tr><td align=\"left\">Wo0oorthy</td><td align=\"right\">Chocokoala VGC</tr><tr><td align=\"left\"><i class=\"fa fa-circle-o\"></i> <i class=\"fa fa-circle-o\"></i> </td><td align=\"right\"><i class=\"fa fa-circle-o\"></i> <i class=\"fa fa-circle\"></i> </tr></table>\n|uhtml|bestof|<h2><strong>Game 2</strong> of <a href=\"/game-bestof3-gen9vgc2025regibo3-2353738404\">a best-of-3</a></h2>\n|t:|1745991734\n|gametype|doubles\n|player|p1|Wo0oorthy|dawn-gen4pt|1121\n|player|p2|Chocokoala VGC|aaron|1094\n|teamsize|p1|6\n|teamsize|p2|6\n|gen|9\n|tier|[Gen 9] VGC 2025 Reg I (Bo3)\n|rated|\n|rule|Species Clause: Limit one of each Pok\u00e9mon\n|rule|Item Clause: Limit 1 of each item\n|clearpoke\n|poke|p1|Koraidon, L50|\n|poke|p1|Ho-Oh, L50|\n|poke|p1|Venusaur, L50, M|\n|poke|p1|Umbreon, L50, M|\n|poke|p1|Flutter Mane, L50|\n|poke|p1|Ogerpon-Cornerstone, L50, F|\n|poke|p2|Zacian-*, L50|\n|poke|p2|Lunala, L50|\n|poke|p2|Urshifu-*, L50, F|\n|poke|p2|Rillaboom, L50, M|\n|poke|p2|Incineroar, L50, F|\n|poke|p2|Tornadus, L50, M|\n|teampreview|4\n|showteam|p1|Koraidon||LifeOrb|OrichalcumPulse|CloseCombat,Protect,Uturn,FlareBlitz||||||50|,,,,,Fire]Ho-Oh||RockyHelmet|Regenerator|SacredFire,BraveBird,Tailwind,Protect||||||50|,,,,,Ground]Venusaur||AssaultVest|Chlorophyll|GigaDrain,EarthPower,SludgeBomb,WeatherBall|||M|||50|,,,,,Water]Umbreon||SitrusBerry|InnerFocus|Moonlight,FoulPlay,Snarl,Yawn|||M|||50|,,,,,Poison]Flutter Mane||FocusSash|Protosynthesis|ThunderWave,ShadowBall,DazzlingGleam,Protect||||||50|,,,,,Normal]Ogerpon-Cornerstone||CornerstoneMask|Sturdy|SpikyShield,FollowMe,IvyCudgel,KnockOff|||F|||50|,,,,,Rock\n|showteam|p2|Zacian-Crowned||RustedSword|IntrepidSword|behemothblade,PlayRough,SwordsDance,Protect||||||50|,,,,,Fire]Lunala||PowerHerb|ShadowShield|MoongeistBeam,MeteorBeam,WideGuard,TrickRoom||||||50|,,,,,Dark]Urshifu-Rapid-Strike||FocusSash|UnseenFist|AquaJet,Detect,SurgingStrikes,CloseCombat|||F|||50|,,,,,Water]Rillaboom||AssaultVest|GrassySurge|FakeOut,GrassyGlide,Uturn,WoodHammer|||M|||50|,,,,,Fire]Incineroar||RockyHelmet|Intimidate|FakeOut,WillOWisp,PartingShot,KnockOff|||F|||50|,,,,,Grass]Tornadus||CovertCloak|Prankster|BleakwindStorm,RainDance,Tailwind,Taunt|||M|||50|,,,,,Dark\n|inactive|Battle timer is ON: inactive players will automatically lose when time's up. (requested by Chocokoala VGC)\n|\n|t:|1745991744\n|start\n|switch|p1a: Flutter Mane|Flutter Mane, L50|100/100\n|switch|p1b: Ogerpon|Ogerpon-Cornerstone, L50, F|100/100\n|switch|p2a: Tornadus|Tornadus, L50, M|100/100\n|switch|p2b: Lunala|Lunala, L50|100/100\n|turn|1\n|\n|t:|1745991759\n|-terastallize|p2b: Lunala|Dark\n|move|p2a: Tornadus|Tailwind|p2a: Tornadus\n|-sidestart|p2: Chocokoala VGC|move: Tailwind\n|move|p2b: Lunala|Meteor Beam||[still]\n|-prepare|p2b: Lunala|Meteor Beam\n|-boost|p2b: Lunala|spa|1\n|-enditem|p2b: Lunala|Power Herb\n|-anim|p2b: Lunala|Meteor Beam|p1a: Flutter Mane\n|-damage|p1a: Flutter Mane|30/100\n|move|p1a: Flutter Mane|Thunder Wave|p2b: Lunala\n|-status|p2b: Lunala|par\n|move|p1b: Ogerpon|Ivy Cudgel|p2a: Tornadus|[anim] Ivy Cudgel Rock\n|-supereffective|p2a: Tornadus\n|-damage|p2a: Tornadus|0 fnt\n|faint|p2a: Tornadus\n|\n|upkeep\n|\n|t:|1745991776\n|switch|p2a: Zacian|Zacian-Crowned, L50|100/100\n|-ability|p2a: Zacian|Intrepid Sword|boost\n|-boost|p2a: Zacian|atk|1\n|turn|2\n|\n|t:|1745991794\n|move|p1b: Ogerpon|Follow Me|p1b: Ogerpon\n|-singleturn|p1b: Ogerpon|move: Follow Me\n|move|p2a: Zacian|Behemoth Blade|p1b: Ogerpon\n|-supereffective|p1b: Ogerpon\n|-ability|p1b: Ogerpon|Sturdy\n|-damage|p1b: Ogerpon|1/100\n|move|p1a: Flutter Mane|Thunder Wave|p2a: Zacian\n|-status|p2a: Zacian|par\n|cant|p2b: Lunala|par\n|\n|upkeep\n|turn|3\n|\n|t:|1745991818\n|move|p1a: Flutter Mane|Protect|p1a: Flutter Mane\n|-singleturn|p1a: Flutter Mane|Protect\n|move|p1b: Ogerpon|Spiky Shield|p1b: Ogerpon\n|-singleturn|p1b: Ogerpon|move: Protect\n|move|p2a: Zacian|Behemoth Blade|p1a: Flutter Mane\n|-activate|p1a: Flutter Mane|move: Protect\n|move|p2b: Lunala|Moongeist Beam|p1b: Ogerpon\n|-activate|p1b: Ogerpon|move: Protect\n|\n|upkeep\n|turn|4\n|\n|t:|1745991841\n|move|p1b: Ogerpon|Follow Me|p1b: Ogerpon\n|-singleturn|p1b: Ogerpon|move: Follow Me\n|cant|p2a: Zacian|par\n|move|p1a: Flutter Mane|Dazzling Gleam|p2a: Zacian|[spread] p2a,p2b\n|-resisted|p2a: Zacian\n|-supereffective|p2b: Lunala\n|-damage|p2a: Zacian|87/100 par\n|-damage|p2b: Lunala|77/100 par\n|move|p2b: Lunala|Trick Room|p2b: Lunala\n|-fieldstart|move: Trick Room|[of] p2b: Lunala\n|\n|-sideend|p2: Chocokoala VGC|move: Tailwind\n|upkeep\n|turn|5\n|\n|t:|1745991866\n|move|p1b: Ogerpon|Follow Me|p1b: Ogerpon\n|-singleturn|p1b: Ogerpon|move: Follow Me\n|move|p2b: Lunala|Meteor Beam||[still]\n|-prepare|p2b: Lunala|Meteor Beam\n|-boost|p2b: Lunala|spa|1\n|cant|p2a: Zacian|par\n|move|p1a: Flutter Mane|Dazzling Gleam|p2a: Zacian|[spread] p2a,p2b\n|-resisted|p2a: Zacian\n|-supereffective|p2b: Lunala\n|-crit|p2b: Lunala\n|-damage|p2a: Zacian|73/100 par\n|-damage|p2b: Lunala|3/100 par\n|\n|upkeep\n|turn|6\n|\n|t:|1745991879\n|move|p1b: Ogerpon|Follow Me|p1b: Ogerpon\n|-singleturn|p1b: Ogerpon|move: Follow Me\n|move|p2b: Lunala|Meteor Beam|p1b: Ogerpon|[from] lockedmove\n|-damage|p1b: Ogerpon|0 fnt\n|faint|p1b: Ogerpon\n|cant|p2a: Zacian|par\n|move|p1a: Flutter Mane|Dazzling Gleam|p2a: Zacian|[spread] p2a,p2b\n|-resisted|p2a: Zacian\n|-supereffective|p2b: Lunala\n|-damage|p2a: Zacian|60/100 par\n|-damage|p2b: Lunala|0 fnt\n|faint|p2b: Lunala\n|\n|upkeep\n|\n|t:|1745991892\n|switch|p2b: Incineroar|Incineroar, L50, F|100/100\n|switch|p1b: Koraidon|Koraidon, L50|100/100\n|-ability|p2b: Incineroar|Intimidate|boost\n|-unboost|p1a: Flutter Mane|atk|1\n|-unboost|p1b: Koraidon|atk|1\n|-weather|SunnyDay|[from] ability: Orichalcum Pulse|[of] p1b: Koraidon\n|-activate|p1a: Flutter Mane|ability: Protosynthesis\n|-start|p1a: Flutter Mane|protosynthesisspe\n|-activate|p1b: Koraidon|Orichalcum Pulse|[source]\n|turn|7\n|\n|t:|1745991906\n|switch|p1b: Ho-Oh|Ho-Oh, L50|100/100\n|move|p1a: Flutter Mane|Protect|p1a: Flutter Mane\n|-singleturn|p1a: Flutter Mane|Protect\n|move|p2b: Incineroar|Knock Off|p1a: Flutter Mane\n|-activate|p1a: Flutter Mane|move: Protect\n|cant|p2a: Zacian|par\n|\n|-weather|SunnyDay|[upkeep]\n|upkeep\n|turn|8\n|\n|t:|1745991926\n|move|p2a: Zacian|Protect|p2a: Zacian\n|-singleturn|p2a: Zacian|Protect\n|move|p2b: Incineroar|Knock Off|p1a: Flutter Mane\n|-damage|p1a: Flutter Mane|0 fnt\n|-enditem|p1a: Flutter Mane|Focus Sash|[from] move: Knock Off|[of] p2b: Incineroar\n|faint|p1a: Flutter Mane\n|-end|p1a: Flutter Mane|Protosynthesis|[silent]\n|move|p1b: Ho-Oh|Sacred Fire|p2a: Zacian\n|-activate|p2a: Zacian|move: Protect\n|\n|-weather|SunnyDay|[upkeep]\n|-fieldend|move: Trick Room\n|upkeep\n|\n|t:|1745991932\n|switch|p1a: Koraidon|Koraidon, L50|100/100\n|-activate|p1a: Koraidon|ability: Orichalcum Pulse\n|turn|9\n|\n|t:|1745991954\n|move|p1a: Koraidon|Close Combat|p2a: Zacian\n|-damage|p2a: Zacian|0 fnt\n|-unboost|p1a: Koraidon|def|1\n|-unboost|p1a: Koraidon|spd|1\n|faint|p2a: Zacian\n|-damage|p1a: Koraidon|91/100|[from] item: Life Orb\n|move|p1b: Ho-Oh|Sacred Fire|p2b: Incineroar\n|-resisted|p2b: Incineroar\n|-damage|p2b: Incineroar|77/100\n|move|p2b: Incineroar|Parting Shot|p1b: Ho-Oh\n|-unboost|p1b: Ho-Oh|atk|1\n|-unboost|p1b: Ho-Oh|spa|1\n|\n|-weather|SunnyDay|[upkeep]\n|upkeep\n|turn|10\n|\n|t:|1745991970\n|move|p1a: Koraidon|Close Combat|p2b: Incineroar\n|-supereffective|p2b: Incineroar\n|-damage|p2b: Incineroar|0 fnt\n|-unboost|p1a: Koraidon|def|1\n|-unboost|p1a: Koraidon|spd|1\n|-damage|p1a: Koraidon|75/100|[from] item: Rocky Helmet|[of] p2b: Incineroar\n|faint|p2b: Incineroar\n|-damage|p1a: Koraidon|65/100|[from] item: Life Orb\n|\n|win|Wo0oorthy\n||Chocokoala VGC is ready for game 3.\n||Wo0oorthy is ready for game 3.\n|uhtml|next|Next: <a href=\"/battle-gen9vgc2025regibo3-2353741349\"><strong>Game 3 of 3</strong></a>\n|l|\u2606Chocokoala VGC\n|player|p2|\n|l|\u2606Wo0oorthy\n|player|p1|\n", "uploadtime": 1745992282, "views": 22, "formatid": "gen9vgc2025regibo3", "rating": null, "private": 0, "password": null}