{"id": "gen9vgc2025regibo3-2354714277", "format": "[Gen 9] VGC 2025 Reg I (Bo3)", "players": ["PandasonPanda", "GIULIANO10"], "log": "|j|\u2606PandasonPanda\n|j|\u2606GIULIANO10\n|html|<table width=\"100%\"><tr><td align=\"left\">PandasonPanda</td><td align=\"right\">GIULIANO10</tr><tr><td align=\"left\"><i class=\"fa fa-circle-o\"></i> <i class=\"fa fa-circle-o\"></i> </td><td align=\"right\"><i class=\"fa fa-circle-o\"></i> <i class=\"fa fa-circle-o\"></i> </tr></table>\n|uhtml|bestof|<h2><strong>Game 1</strong> of <a href=\"/game-bestof3-gen9vgc2025regibo3-2354714275\">a best-of-3</a></h2>\n|t:|1746113259\n|gametype|doubles\n|player|p1|PandasonPanda|veteran|1172\n|player|p2|GIULIANO10|169|1097\n|teamsize|p1|6\n|teamsize|p2|6\n|gen|9\n|tier|[Gen 9] VGC 2025 Reg I (Bo3)\n|rated|\n|rule|Species Clause: Limit one of each Pok\u00e9mon\n|rule|Item Clause: Limit 1 of each item\n|clearpoke\n|poke|p1|Charizard, L50, M|\n|poke|p1|Groudon, L50|\n|poke|p1|Incineroar, L50, F|\n|poke|p1|Jumpluff, L50, M|\n|poke|p1|Zamazenta-*, L50|\n|poke|p1|Rillaboom, L50, M|\n|poke|p2|Terapagos, L50, M|\n|poke|p2|Incineroar, L50, F|\n|poke|p2|Rillaboom, L50, M|\n|poke|p2|Gastrodon, L50, F|\n|poke|p2|Zamazenta-*, L50|\n|poke|p2|Flutter Mane, L50|\n|teampreview|4\n|showteam|p1|Charizard||ChoiceSpecs|SolarPower|Overheat,DragonPulse,SolarBeam,HeatWave|||M|||50|,,,,,Ghost]Groudon||ClearAmulet|Drought|SwordsDance,Protect,PrecipiceBlades,HeatCrash||||||50|,,,,,Fire]Incineroar||SitrusBerry|Intimidate|PartingShot,FakeOut,FlareBlitz,KnockOff|||F|||50|,,,,,Ghost]Jumpluff||CovertCloak|Chlorophyll|SunnyDay,Tailwind,SleepPowder,RagePowder|||M|||50|,,,,,Fire]Zamazenta-Crowned||RustedShield|DauntlessShield|behemothbash,BodyPress,WideGuard,Protect||||||50|,,,,,Grass]Rillaboom||AssaultVest|GrassySurge|GrassyGlide,WoodHammer,FakeOut,DrainPunch|||M|||50|,,,,,Grass\n|showteam|p2|Terapagos||Leftovers|TeraShift|TeraStarstorm,Protect,CalmMind,Substitute|||M|||50|,,,,,Stellar]Incineroar||RockyHelmet|Intimidate|FakeOut,KnockOff,PartingShot,WillOWisp|||F|||50|,,,,,Water]Rillaboom||AssaultVest|GrassySurge|FakeOut,Uturn,GrassyGlide,WoodHammer|||M|||50|,,,,,Grass]Gastrodon||CovertCloak|StormDrain|MuddyWater,EarthPower,Yawn,Recover|||F|||50|,,,,,Fire]Zamazenta-Crowned||RustedShield|DauntlessShield|BodyPress,Protect,WideGuard,HeavySlam||||||50|,,,,,Fire]Flutter Mane||FocusSash|Protosynthesis|DazzlingGleam,ShadowBall,IcyWind,Protect||||||50|,,,,,Fairy\n|inactive|Battle timer is ON: inactive players will automatically lose when time's up. (requested by PandasonPanda)\n|inactive|PandasonPanda has 60 seconds left.\n|inactive|GIULIANO10 has 60 seconds left.\n|\n|t:|1746113313\n|start\n|switch|p1a: Groudon|Groudon, L50|100/100\n|switch|p1b: Rillaboom|Rillaboom, L50, M|100/100\n|switch|p2a: Incineroar|Incineroar, L50, F|100/100\n|switch|p2b: Terapagos|Terapagos, L50, M|100/100\n|-activate|p2b: Terapagos|ability: Tera Shift\n|detailschange|p2b: Terapagos|Terapagos-Terastal, L50, M\n|-heal|p2b: Terapagos|100/100|[silent]\n|-fieldstart|move: Grassy Terrain|[from] ability: Grassy Surge|[of] p1b: Rillaboom\n|-weather|SunnyDay|[from] ability: Drought|[of] p1a: Groudon\n|-ability|p2a: Incineroar|Intimidate|boost\n|-fail|p1a: Groudon|unboost|[from] item: Clear Amulet|[of] p1a: Groudon\n|-unboost|p1b: Rillaboom|atk|1\n|turn|1\n|\n|t:|1746113332\n|move|p1b: Rillaboom|Fake Out|p2a: Incineroar\n|-damage|p2a: Incineroar|93/100\n|-damage|p1b: Rillaboom|84/100|[from] item: Rocky Helmet|[of] p2a: Incineroar\n|cant|p2a: Incineroar|flinch\n|move|p1a: Groudon|Swords Dance|p1a: Groudon\n|-boost|p1a: Groudon|atk|2\n|move|p2b: Terapagos|Substitute|p2b: Terapagos\n|-start|p2b: Terapagos|Substitute\n|-damage|p2b: Terapagos|76/100\n|\n|-weather|SunnyDay|[upkeep]\n|-heal|p1b: Rillaboom|90/100|[from] Grassy Terrain\n|-heal|p2b: Terapagos|82/100|[from] Grassy Terrain\n|-heal|p2b: Terapagos|87/100|[from] item: Leftovers\n|-heal|p2a: Incineroar|99/100|[from] Grassy Terrain\n|upkeep\n|turn|2\n|inactive|GIULIANO10 has 30 seconds left.\n|\n|t:|1746113358\n|switch|p2a: Flutter Mane|Flutter Mane, L50|100/100\n|-activate|p2a: Flutter Mane|ability: Protosynthesis\n|-start|p2a: Flutter Mane|protosynthesisspe\n|-terastallize|p2b: Terapagos|Stellar\n|detailschange|p2b: Terapagos|Terapagos-Stellar, L50, M, tera:Stellar\n|-heal|p2b: Terapagos|91/100|[silent]\n|-ability|p2b: Terapagos|Teraform Zero\n|-weather|none\n|-end|p2a: Flutter Mane|Protosynthesis\n|-fieldend|move: Grassy Terrain\n|move|p1b: Rillaboom|Drain Punch|p2a: Flutter Mane\n|-immune|p2a: Flutter Mane\n|move|p1a: Groudon|Precipice Blades|p2b: Terapagos|[spread] p2a\n|-miss|p1a: Groudon|p2b: Terapagos\n|-enditem|p2a: Flutter Mane|Focus Sash\n|-damage|p2a: Flutter Mane|1/100\n|move|p2b: Terapagos|Tera Starstorm|p1b: Rillaboom|[spread] p1a,p1b\n|-damage|p1a: Groudon|66/100\n|-damage|p1b: Rillaboom|62/100\n|\n|-heal|p2b: Terapagos|97/100|[from] item: Leftovers\n|upkeep\n|turn|3\n|inactive|GIULIANO10 has 30 seconds left.\n|inactive|PandasonPanda has 30 seconds left.\n|\n|t:|1746113395\n|switch|p1b: Zamazenta|Zamazenta-Crowned, L50|100/100\n|-ability|p1b: Zamazenta|Dauntless Shield|boost\n|-boost|p1b: Zamazenta|def|1\n|move|p2a: Flutter Mane|Protect|p2a: Flutter Mane\n|-singleturn|p2a: Flutter Mane|Protect\n|move|p1a: Groudon|Precipice Blades|p2b: Terapagos|[spread] p2b\n|-activate|p2a: Flutter Mane|move: Protect\n|-end|p2b: Terapagos|Substitute\n|move|p2b: Terapagos|Tera Starstorm|p1b: Zamazenta|[spread] p1a,p1b\n|-damage|p1a: Groudon|28/100\n|-damage|p1b: Zamazenta|68/100\n|\n|-heal|p2b: Terapagos|100/100|[from] item: Leftovers\n|upkeep\n|turn|4\n|\n|t:|1746113414\n|-end|p2a: Flutter Mane|Protosynthesis|[silent]\n|switch|p2a: Incineroar|Incineroar, L50, F|99/100\n|-ability|p2a: Incineroar|Intimidate|boost\n|-fail|p1a: Groudon|unboost|[from] item: Clear Amulet|[of] p1a: Groudon\n|-unboost|p1b: Zamazenta|atk|1\n|switch|p1b: Rillaboom|Rillaboom, L50, M|62/100\n|-fieldstart|move: Grassy Terrain|[from] ability: Grassy Surge|[of] p1b: Rillaboom\n|move|p1a: Groudon|Protect|p1a: Groudon\n|-singleturn|p1a: Groudon|Protect\n|move|p2b: Terapagos|Protect||[still]\n|-fail|p2b: Terapagos\n|\n|-heal|p1b: Rillaboom|68/100|[from] Grassy Terrain\n|-heal|p1a: Groudon|33/100|[from] Grassy Terrain\n|-heal|p2a: Incineroar|100/100|[from] Grassy Terrain\n|upkeep\n|turn|5\n|\n|t:|1746113435\n|move|p1b: Rillaboom|Fake Out|p2b: Terapagos\n|-damage|p2b: Terapagos|92/100\n|move|p2a: Incineroar|Fake Out|p1a: Groudon\n|-damage|p1a: Groudon|28/100\n|cant|p1a: Groudon|flinch\n|cant|p2b: Terapagos|flinch\n|\n|-heal|p1b: Rillaboom|74/100|[from] Grassy Terrain\n|-heal|p1a: Groudon|34/100|[from] Grassy Terrain\n|-heal|p2b: Terapagos|98/100|[from] Grassy Terrain\n|-heal|p2b: Terapagos|100/100|[from] item: Leftovers\n|upkeep\n|turn|6\n|\n|t:|1746113451\n|move|p1b: Rillaboom|Grassy Glide|p2b: Terapagos\n|-damage|p2b: Terapagos|76/100\n|move|p1a: Groudon|Precipice Blades|p2b: Terapagos|[spread] p2a,p2b\n|-supereffective|p2a: Incineroar\n|-damage|p2a: Incineroar|0 fnt\n|-damage|p2b: Terapagos|22/100\n|faint|p2a: Incineroar\n|move|p2b: Terapagos|Tera Starstorm|p1b: Rillaboom|[spread] p1a,p1b\n|-damage|p1a: Groudon|0 fnt\n|-damage|p1b: Rillaboom|46/100\n|faint|p1a: Groudon\n|\n|-heal|p1b: Rillaboom|52/100|[from] Grassy Terrain\n|-heal|p2b: Terapagos|28/100|[from] Grassy Terrain\n|-heal|p2b: Terapagos|34/100|[from] item: Leftovers\n|upkeep\n|\n|t:|1746113465\n|switch|p1a: Zamazenta|Zamazenta-Crowned, L50|68/100\n|switch|p2a: Flutter Mane|Flutter Mane, L50|1/100\n|turn|7\n|\n|t:|1746113480\n|move|p2a: Flutter Mane|Protect|p2a: Flutter Mane\n|-singleturn|p2a: Flutter Mane|Protect\n|move|p2b: Terapagos|Protect|p2b: Terapagos\n|-singleturn|p2b: Terapagos|Protect\n|move|p1a: Zamazenta|Wide Guard|p1a: Zamazenta\n|-singleturn|p1a: Zamazenta|Wide Guard\n|move|p1b: Rillaboom|Grassy Glide|p2a: Flutter Mane\n|-activate|p2a: Flutter Mane|move: Protect\n|\n|-heal|p2a: Flutter Mane|7/100|[from] Grassy Terrain\n|-heal|p1a: Zamazenta|74/100|[from] Grassy Terrain\n|-heal|p1b: Rillaboom|58/100|[from] Grassy Terrain\n|-heal|p2b: Terapagos|41/100|[from] Grassy Terrain\n|-heal|p2b: Terapagos|47/100|[from] item: Leftovers\n|upkeep\n|turn|8\n|\n|t:|1746113491\n|move|p1a: Zamazenta|Wide Guard|p1a: Zamazenta\n|-singleturn|p1a: Zamazenta|Wide Guard\n|move|p1b: Rillaboom|Grassy Glide|p2a: Flutter Mane\n|-crit|p2a: Flutter Mane\n|-damage|p2a: Flutter Mane|0 fnt\n|faint|p2a: Flutter Mane\n|-end|p2a: Flutter Mane|Protosynthesis|[silent]\n|move|p2b: Terapagos|Substitute|p2b: Terapagos\n|-start|p2b: Terapagos|Substitute\n|-damage|p2b: Terapagos|22/100\n|\n|-heal|p1a: Zamazenta|80/100|[from] Grassy Terrain\n|-heal|p1b: Rillaboom|64/100|[from] Grassy Terrain\n|-heal|p2b: Terapagos|28/100|[from] Grassy Terrain\n|-heal|p2b: Terapagos|34/100|[from] item: Leftovers\n|-fieldend|move: Grassy Terrain\n|upkeep\n|\n|t:|1746113496\n|switch|p2a: Zamazenta|Zamazenta-Crowned, L50, shiny|100/100\n|-ability|p2a: Zamazenta|Dauntless Shield|boost\n|-boost|p2a: Zamazenta|def|1\n|turn|9\n|\n|t:|1746113512\n|switch|p1b: Charizard|Charizard, L50, M|100/100\n|-terastallize|p1a: Zamazenta|Grass\n|move|p1a: Zamazenta|Wide Guard|p1a: Zamazenta\n|-singleturn|p1a: Zamazenta|Wide Guard\n|move|p2a: Zamazenta|Body Press|p1a: Zamazenta\n|-damage|p1a: Zamazenta|40/100\n|move|p2b: Terapagos|Tera Starstorm|p1a: Zamazenta|[spread] \n|-activate|p1a: Zamazenta|move: Wide Guard\n|-activate|p1b: Charizard|move: Wide Guard\n|\n|-heal|p2b: Terapagos|41/100|[from] item: Leftovers\n|upkeep\n|turn|10\n|\n|t:|1746113529\n|move|p1a: Zamazenta|Wide Guard|p1a: Zamazenta\n|-singleturn|p1a: Zamazenta|Wide Guard\n|move|p2a: Zamazenta|Body Press|p1a: Zamazenta\n|-damage|p1a: Zamazenta|0 fnt\n|faint|p1a: Zamazenta\n|move|p1b: Charizard|Overheat|p2a: Zamazenta\n|-supereffective|p2a: Zamazenta\n|-damage|p2a: Zamazenta|0 fnt\n|-unboost|p1b: Charizard|spa|2\n|faint|p2a: Zamazenta\n|move|p2b: Terapagos|Tera Starstorm|p1b: Charizard\n|-activate|p1b: Charizard|move: Wide Guard\n|\n|-heal|p2b: Terapagos|47/100|[from] item: Leftovers\n|upkeep\n|\n|t:|1746113534\n|switch|p1a: Rillaboom|Rillaboom, L50, M|64/100\n|-fieldstart|move: Grassy Terrain|[from] ability: Grassy Surge|[of] p1a: Rillaboom\n|turn|11\n|\n|t:|1746113538\n|move|p2b: Terapagos|Protect|p2b: Terapagos\n|-singleturn|p2b: Terapagos|Protect\n|move|p1a: Rillaboom|Fake Out|p2b: Terapagos\n|-activate|p2b: Terapagos|move: Protect\n|move|p1b: Charizard|Overheat|p2b: Terapagos\n|-activate|p2b: Terapagos|move: Protect\n|\n|-heal|p1a: Rillaboom|71/100|[from] Grassy Terrain\n|-heal|p2b: Terapagos|53/100|[from] Grassy Terrain\n|-heal|p2b: Terapagos|59/100|[from] item: Leftovers\n|upkeep\n|turn|12\n|\n|t:|1746113543\n|move|p1b: Charizard|Overheat|p2b: Terapagos\n|-end|p2b: Terapagos|Substitute\n|-unboost|p1b: Charizard|spa|2\n|move|p1a: Rillaboom|Wood Hammer|p2b: Terapagos\n|-damage|p2b: Terapagos|4/100\n|-damage|p1a: Rillaboom|47/100|[from] Recoil\n|move|p2b: Terapagos|Tera Starstorm|p1a: Rillaboom|[spread] p1a,p1b\n|-damage|p1a: Rillaboom|15/100\n|-damage|p1b: Charizard|49/100\n|\n|-heal|p1a: Rillaboom|21/100|[from] Grassy Terrain\n|-heal|p2b: Terapagos|10/100|[from] Grassy Terrain\n|-heal|p2b: Terapagos|17/100|[from] item: Leftovers\n|upkeep\n|turn|13\n|\n|t:|1746113556\n|move|p2b: Terapagos|Protect|p2b: Terapagos\n|-singleturn|p2b: Terapagos|Protect\n|move|p1b: Charizard|Overheat|p2b: Terapagos\n|-activate|p2b: Terapagos|move: Protect\n|move|p1a: Rillaboom|Drain Punch|p2b: Terapagos\n|-activate|p2b: Terapagos|move: Protect\n|\n|-heal|p1a: Rillaboom|27/100|[from] Grassy Terrain\n|-heal|p2b: Terapagos|23/100|[from] Grassy Terrain\n|-heal|p2b: Terapagos|29/100|[from] item: Leftovers\n|upkeep\n|turn|14\n|\n|t:|1746113561\n|move|p1b: Charizard|Overheat|p2b: Terapagos\n|-damage|p2b: Terapagos|13/100\n|-unboost|p1b: Charizard|spa|2\n|move|p1a: Rillaboom|Drain Punch|p2b: Terapagos\n|-supereffective|p2b: Terapagos\n|-damage|p2b: Terapagos|0 fnt\n|-heal|p1a: Rillaboom|36/100|[from] drain|[of] p2b: Terapagos\n|faint|p2b: Terapagos\n|\n|win|PandasonPanda\n||PandasonPanda is ready for game 2.\n||GIULIANO10 is ready for game 2.\n|uhtml|next|Next: <a href=\"/battle-gen9vgc2025regibo3-2354717700\"><strong>Game 2 of 3</strong></a>\n", "uploadtime": 1746113909, "views": 5, "formatid": "gen9vgc2025regibo3", "rating": null, "private": 0, "password": null}