{"id": "gen9vgc2025regibo3-2355045601", "format": "[Gen 9] VGC 2025 Reg I (Bo3)", "players": ["tzarii", "storyswaphermanos"], "log": "|j|\u2606tzarii\n|j|\u2606storyswaphermanos\n|html|<table width=\"100%\"><tr><td align=\"left\">tzarii</td><td align=\"right\">storyswaphermanos</tr><tr><td align=\"left\"><i class=\"fa fa-circle-o\"></i> <i class=\"fa fa-circle-o\"></i> </td><td align=\"right\"><i class=\"fa fa-circle-o\"></i> <i class=\"fa fa-circle-o\"></i> </tr></table>\n|uhtml|bestof|<h2><strong>Game 1</strong> of <a href=\"/game-bestof3-gen9vgc2025regibo3-2355045600\">a best-of-3</a></h2>\n|t:|1746145827\n|gametype|doubles\n|player|p1|tzarii|lady-gen4|1199\n|player|p2|storyswaphermanos|1|1253\n|teamsize|p1|6\n|teamsize|p2|6\n|gen|9\n|tier|[Gen 9] VGC 2025 Reg I (Bo3)\n|rated|\n|rule|Species Clause: Limit one of each Pok\u00e9mon\n|rule|Item Clause: Limit 1 of each item\n|clearpoke\n|poke|p1|Koraidon, L50|\n|poke|p1|Groudon, L50|\n|poke|p1|Flutter Mane, L50|\n|poke|p1|Scovillain, L50, F|\n|poke|p1|Rillaboom, L50, F|\n|poke|p1|Grimmsnarl, L50, M|\n|poke|p2|Dialga-Origin, L50|\n|poke|p2|Landorus-Therian, L50, M|\n|poke|p2|Ho-Oh, L50|\n|poke|p2|Rillaboom, L50, M|\n|poke|p2|Flutter Mane, L50|\n|poke|p2|Rotom-Wash, L50|\n|teampreview|4\n|showteam|p1|Koraidon||ClearAmulet|OrichalcumPulse|FlameCharge,CloseCombat,FlareBlitz,Protect||||||50|,,,,,Fire]Groudon||AssaultVest|Drought|PrecipiceBlades,HeatCrash,StoneEdge,HighHorsepower||||||50|,,,,,Water]Flutter Mane||FocusSash|Protosynthesis|Moonblast,IcyWind,ShadowBall,Protect||||||50|,,,,,Ground]Scovillain||CovertCloak|Chlorophyll|Overheat,SpicyExtract,WillOWisp,ScaryFace|||F|||50|,,,,,Fire]Rillaboom||MiracleSeed|GrassySurge|FakeOut,GrassyGlide,WoodHammer,Protect|||F|||50|,,,,,Water]Grimmsnarl||LightClay|Prankster|PartingShot,Reflect,ThunderWave,FoulPlay|||M|||50|,,,,,Ghost\n|showteam|p2|Dialga-Origin||AdamantCrystal|Telepathy|DracoMeteor,FlashCannon,EarthPower,Protect||||||50|,,,,,Fairy]Landorus-Therian||LifeOrb|Intimidate|Earthquake,StompingTantrum,RockSlide,Protect|||M|||50|,,,,,Water]Ho-Oh||ClearAmulet|Regenerator|SacredFire,BraveBird,Tailwind,Protect||||||50|,,,,,Water]Rillaboom||AssaultVest|GrassySurge|FakeOut,WoodHammer,GrassyGlide,KnockOff|||M|||50|,,,,,Fire]Flutter Mane||ChoiceSpecs|Protosynthesis|DazzlingGleam,Moonblast,EnergyBall,ShadowBall||||||50|,,,,,Fairy]Rotom-Wash||SitrusBerry|Levitate|Thunderbolt,HydroPump,WillOWisp,Protect||||||50|,,,,,Fire\n|j| Chonkyidiot\n|inactive|Battle timer is ON: inactive players will automatically lose when time's up. (requested by storyswaphermanos)\n|inactive|tzarii has 60 seconds left.\n|\n|t:|1746145932\n|start\n|switch|p1a: Grimmsnarl|Grimmsnarl, L50, M|100/100\n|switch|p1b: Groudon|Groudon, L50|100/100\n|switch|p2a: Ho-Oh|Ho-Oh, L50|100/100\n|switch|p2b: Landorus|Landorus-Therian, L50, M|100/100\n|-ability|p2b: Landorus|Intimidate|boost\n|-unboost|p1a: Grimmsnarl|atk|1\n|-unboost|p1b: Groudon|atk|1\n|-weather|SunnyDay|[from] ability: Drought|[of] p1b: Groudon\n|turn|1\n|inactive|storyswaphermanos has 30 seconds left.\n|\n|t:|1746145965\n|move|p1a: Grimmsnarl|Thunder Wave|p2a: Ho-Oh\n|-status|p2a: Ho-Oh|par\n|move|p2b: Landorus|Earthquake|p1b: Groudon|[spread] p1a,p1b\n|-immune|p2a: Ho-Oh\n|-damage|p1a: Grimmsnarl|47/100\n|-damage|p1b: Groudon|63/100\n|-damage|p2b: Landorus|91/100|[from] item: Life Orb\n|move|p1b: Groudon|Stone Edge|p2a: Ho-Oh\n|-supereffective|p2a: Ho-Oh\n|-damage|p2a: Ho-Oh|15/100 par\n|move|p2a: Ho-Oh|Sacred Fire|p1b: Groudon\n|-damage|p1b: Groudon|6/100\n|\n|-weather|SunnyDay|[upkeep]\n|upkeep\n|turn|2\n|inactive|tzarii has 30 seconds left.\n|inactive|tzarii has 20 seconds left.\n|inactive|tzarii has 15 seconds left.\n|inactive|tzarii has 10 seconds left.\n|\n|t:|1746146012\n|switch|p2a: Rotom|Rotom-Wash, L50|100/100\n|move|p1a: Grimmsnarl|Reflect|p1a: Grimmsnarl\n|-sidestart|p1: tzarii|Reflect\n|move|p2b: Landorus|Earthquake|p1b: Groudon|[spread] p1a,p1b\n|-immune|p2a: Rotom|[from] ability: Levitate\n|-damage|p1a: Grimmsnarl|10/100\n|-damage|p1b: Groudon|0 fnt\n|faint|p1b: Groudon\n|-damage|p2b: Landorus|81/100|[from] item: Life Orb\n|\n|-weather|SunnyDay|[upkeep]\n|upkeep\n|\n|t:|1746146030\n|switch|p1b: Rillaboom|Rillaboom, L50, F|100/100\n|-fieldstart|move: Grassy Terrain|[from] ability: Grassy Surge|[of] p1b: Rillaboom\n|turn|3\n|inactive|storyswaphermanos has 30 seconds left.\n|inactive|storyswaphermanos has 20 seconds left.\n|inactive|storyswaphermanos has 15 seconds left.\n|\n|t:|1746146070\n|switch|p2a: Ho-Oh|Ho-Oh, L50|48/100 par\n|move|p1b: Rillaboom|Fake Out|p2a: Ho-Oh\n|-damage|p2a: Ho-Oh|34/100 par\n|move|p1a: Grimmsnarl|Parting Shot|p2b: Landorus\n|-unboost|p2b: Landorus|atk|1\n|-unboost|p2b: Landorus|spa|1\n|\n|t:|1746146077\n|switch|p1a: Koraidon|Koraidon, L50|100/100|[from] Parting Shot\n|-activate|p1a: Koraidon|ability: Orichalcum Pulse\n|move|p2b: Landorus|Rock Slide|p1a: Koraidon|[spread] p1a,p1b\n|-resisted|p1a: Koraidon\n|-damage|p1a: Koraidon|95/100\n|-damage|p1b: Rillaboom|88/100\n|-damage|p2b: Landorus|71/100|[from] item: Life Orb\n|\n|-weather|SunnyDay|[upkeep]\n|-heal|p1a: Koraidon|100/100|[from] Grassy Terrain\n|-heal|p1b: Rillaboom|94/100|[from] Grassy Terrain\n|upkeep\n|turn|4\n|inactive|tzarii has 30 seconds left.\n|\n|t:|1746146109\n|switch|p2a: Rotom|Rotom-Wash, L50|100/100\n|move|p1a: Koraidon|Close Combat|p2a: Rotom\n|-damage|p2a: Rotom|6/100\n|-unboost|p1a: Koraidon|def|1\n|-unboost|p1a: Koraidon|spd|1\n|-enditem|p2a: Rotom|Sitrus Berry|[eat]\n|-heal|p2a: Rotom|30/100|[from] item: Sitrus Berry\n|move|p2b: Landorus|Stomping Tantrum|p1a: Koraidon\n|-damage|p1a: Koraidon|65/100\n|-damage|p2b: Landorus|62/100|[from] item: Life Orb\n|move|p1b: Rillaboom|Wood Hammer|p2b: Landorus\n|-damage|p2b: Landorus|0 fnt\n|faint|p2b: Landorus\n|-damage|p1b: Rillaboom|75/100|[from] Recoil\n|\n|-weather|SunnyDay|[upkeep]\n|-heal|p1a: Koraidon|71/100|[from] Grassy Terrain\n|-heal|p1b: Rillaboom|81/100|[from] Grassy Terrain\n|upkeep\n|inactive|storyswaphermanos has 30 seconds left.\n|\n|t:|1746146134\n|switch|p2b: Ho-Oh|Ho-Oh, L50|67/100 par\n|turn|5\n|inactive|tzarii has 30 seconds left.\n|inactive|tzarii has 20 seconds left.\n|inactive|tzarii has 15 seconds left.\n|inactive|tzarii has 10 seconds left.\n|\n|t:|1746146180\n|-terastallize|p2a: Rotom|Fire\n|move|p1a: Koraidon|Protect|p1a: Koraidon\n|-singleturn|p1a: Koraidon|Protect\n|move|p1b: Rillaboom|Protect|p1b: Rillaboom\n|-singleturn|p1b: Rillaboom|Protect\n|move|p2a: Rotom|Will-O-Wisp|p1a: Koraidon\n|-activate|p1a: Koraidon|move: Protect\n|cant|p2b: Ho-Oh|par\n|\n|-weather|none\n|-heal|p1a: Koraidon|77/100|[from] Grassy Terrain\n|-heal|p1b: Rillaboom|87/100|[from] Grassy Terrain\n|upkeep\n|turn|6\n|inactive|tzarii has 30 seconds left.\n|inactive|tzarii has 20 seconds left.\n|inactive|tzarii has 15 seconds left.\n|inactive|tzarii has 10 seconds left.\n|\n|t:|1746146228\n|-terastallize|p1a: Koraidon|Fire\n|move|p1a: Koraidon|Flare Blitz|p2a: Rotom\n|-resisted|p2a: Rotom\n|-damage|p2a: Rotom|0 fnt\n|faint|p2a: Rotom\n|-damage|p1a: Koraidon|69/100|[from] Recoil\n|move|p1b: Rillaboom|Wood Hammer|p2b: Ho-Oh\n|-resisted|p2b: Ho-Oh\n|-damage|p2b: Ho-Oh|41/100 par\n|-damage|p1b: Rillaboom|79/100|[from] Recoil\n|cant|p2b: Ho-Oh|par\n|\n|-heal|p1a: Koraidon|75/100|[from] Grassy Terrain\n|-heal|p1b: Rillaboom|85/100|[from] Grassy Terrain\n|upkeep\n|\n|t:|1746146234\n|switch|p2a: Flutter Mane|Flutter Mane, L50|100/100\n|turn|7\n|\n|t:|1746146259\n|move|p1a: Koraidon|Protect|p1a: Koraidon\n|-singleturn|p1a: Koraidon|Protect\n|move|p1b: Rillaboom|Grassy Glide|p2a: Flutter Mane\n|-damage|p2a: Flutter Mane|0 fnt\n|faint|p2a: Flutter Mane\n|-end|p2a: Flutter Mane|Protosynthesis|[silent]\n|move|p2b: Ho-Oh|Brave Bird|p1a: Koraidon\n|-activate|p1a: Koraidon|move: Protect\n|\n|-heal|p1a: Koraidon|81/100|[from] Grassy Terrain\n|-heal|p1b: Rillaboom|90/100|[from] Grassy Terrain\n|-fieldend|move: Grassy Terrain\n|upkeep\n|turn|8\n|-message|storyswaphermanos forfeited.\n|\n|win|tzarii\n|l|\u2606storyswaphermanos\n|player|p2|\n||storyswaphermanos is ready for game 2.\n||tzarii is ready for game 2.\n|uhtml|next|Next: <a href=\"/battle-gen9vgc2025regibo3-2355049392\"><strong>Game 2 of 3</strong></a>\n|l| Chonkyidiot\n", "uploadtime": 1746146645, "views": 19, "formatid": "gen9vgc2025regibo3", "rating": null, "private": 0, "password": null}