{"id": "gen9vgc2025regibo3-2353435808", "format": "[Gen 9] VGC 2025 Reg I (Bo3)", "players": ["broccoliraab", "bolognatesting123"], "log": "|j|\u2606broccoliraab\n|j|\u2606bolognatesting123\n|html|<table width=\"100%\"><tr><td align=\"left\">broccoliraab</td><td align=\"right\">bolognatesting123</tr><tr><td align=\"left\"><i class=\"fa fa-circle-o\"></i> <i class=\"fa fa-circle-o\"></i> </td><td align=\"right\"><i class=\"fa fa-circle-o\"></i> <i class=\"fa fa-circle\"></i> </tr></table>\n|uhtml|bestof|<h2><strong>Game 2</strong> of <a href=\"/game-bestof3-gen9vgc2025regibo3-2353430933\">a best-of-3</a></h2>\n|t:|1745955760\n|gametype|doubles\n|player|p1|broccoliraab|2|1124\n|player|p2|bolognatesting123|169|1099\n|teamsize|p1|6\n|teamsize|p2|6\n|gen|9\n|tier|[Gen 9] VGC 2025 Reg I (Bo3)\n|rated|\n|rule|Species Clause: Limit one of each Pok\u00e9mon\n|rule|Item Clause: Limit 1 of each item\n|clearpoke\n|poke|p1|Rillaboom, L50, M|\n|poke|p1|Grimmsnarl, L50, M|\n|poke|p1|Calyrex-Shadow, L50|\n|poke|p1|Iron Valiant, L50|\n|poke|p1|Zacian-*, L50|\n|poke|p1|Landorus-Therian, L50, M|\n|poke|p2|Calyrex-Ice, L50|\n|poke|p2|Smeargle, L50, F|\n|poke|p2|Indeedee-F, L50, F|\n|poke|p2|Lunala, L50|\n|poke|p2|Ursaluna, L50, M|\n|poke|p2|Raging Bolt, L50|\n|teampreview|4\n|showteam|p1|Rillaboom||AssaultVest|GrassySurge|FakeOut,GrassyGlide,WoodHammer,Uturn|||M|||50|,,,,,Water]Grimmsnarl||LightClay|Prankster|FakeTears,ThunderWave,LightScreen,Reflect|||M|||50|,,,,,Water]Calyrex-Shadow||FocusSash|AsOneSpectrier|AstralBarrage,ExpandingForce,DrainingKiss,Protect||||||50|,,,,,Dark]Iron Valiant||BoosterEnergy|QuarkDrive|WideGuard,Imprison,SpiritBreak,Protect||||||50|,,,,,Steel]Zacian-Crowned||RustedSword|IntrepidSword|PlayRough,behemothblade,Protect,PoisonJab||||||50|,,,,,Water]Landorus-Therian||LifeOrb|Intimidate|StompingTantrum,Uturn,BulkUp,Protect|||M|||50|,,,,,Fire\n|showteam|p2|Calyrex-Ice||ClearAmulet|AsOneGlastrier|GlacialLance,HighHorsepower,TrickRoom,Protect||||||50|,,,,,Water]Smeargle||FocusSash|Moody|Spore,TrickRoom,Decorate,FollowMe|||F|||50|,,,,,Ghost]Indeedee-F||SafetyGoggles|PsychicSurge|FollowMe,TrickRoom,Psychic,HelpingHand|||F|||50|,,,,,Fairy]Lunala||Leftovers|ShadowShield|WideGuard,MoongeistBeam,ExpandingForce,TrickRoom||||||50|,,,,,Water]Ursaluna||FlameOrb|Guts|Facade,HeadlongRush,Earthquake,Protect|||M|||50|,,,,,Poison]Raging Bolt||BoosterEnergy|Protosynthesis|Thunderbolt,DracoMeteor,Thunderclap,Snarl||||||50|,,,,,Electric\n|inactive|Battle timer is ON: inactive players will automatically lose when time's up. (requested by bolognatesting123)\n|inactive|bolognatesting123 has 60 seconds left.\n|\n|t:|1745955800\n|start\n|switch|p1a: Zacian|Zacian-Crowned, L50, shiny|100/100\n|switch|p1b: Rillaboom|Rillaboom, L50, M|100/100\n|switch|p2a: Calyrex|Calyrex-Ice, L50|100/100\n|switch|p2b: Indeedee|Indeedee-F, L50, F|100/100\n|-ability|p2a: Calyrex|As One\n|-ability|p2a: Calyrex|Unnerve\n|-ability|p1a: Zacian|Intrepid Sword|boost\n|-boost|p1a: Zacian|atk|1\n|-fieldstart|move: Psychic Terrain|[from] ability: Psychic Surge|[of] p2b: Indeedee\n|-fieldstart|move: Grassy Terrain|[from] ability: Grassy Surge|[of] p1b: Rillaboom\n|turn|1\n|inactive|broccoliraab has 30 seconds left.\n|inactive|broccoliraab has 20 seconds left.\n|inactive|broccoliraab has 15 seconds left.\n|inactive|broccoliraab has 10 seconds left.\n|\n|t:|1745955846\n|move|p2a: Calyrex|Protect|p2a: Calyrex\n|-singleturn|p2a: Calyrex|Protect\n|move|p1a: Zacian|Behemoth Blade|p2a: Calyrex\n|-activate|p2a: Calyrex|move: Protect\n|move|p1b: Rillaboom|Wood Hammer|p2a: Calyrex\n|-activate|p2a: Calyrex|move: Protect\n|move|p2b: Indeedee|Trick Room|p2b: Indeedee\n|-fieldstart|move: Trick Room|[of] p2b: Indeedee\n|\n|upkeep\n|turn|2\n|\n|t:|1745955868\n|-terastallize|p1b: Rillaboom|Water\n|move|p2b: Indeedee|Helping Hand|p2a: Calyrex\n|-singleturn|p2a: Calyrex|Helping Hand|[of] p2b: Indeedee\n|move|p2a: Calyrex|High Horsepower|p1a: Zacian\n|-supereffective|p1a: Zacian\n|-damage|p1a: Zacian|0 fnt\n|faint|p1a: Zacian\n|-ability|p2a: Calyrex|Chilling Neigh|boost\n|-boost|p2a: Calyrex|atk|1\n|move|p1b: Rillaboom|Wood Hammer|p2a: Calyrex\n|-damage|p2a: Calyrex|56/100\n|-damage|p1b: Rillaboom|83/100|[from] Recoil\n|\n|-heal|p2a: Calyrex|61/100|[from] Grassy Terrain\n|-heal|p1b: Rillaboom|88/100|[from] Grassy Terrain\n|upkeep\n|\n|t:|1745955880\n|switch|p1a: Calyrex|Calyrex-Shadow, L50|100/100\n|-ability|p1a: Calyrex|As One\n|-ability|p1a: Calyrex|Unnerve\n|turn|3\n|\n|t:|1745955893\n|move|p2a: Calyrex|Protect|p2a: Calyrex\n|-singleturn|p2a: Calyrex|Protect\n|move|p1b: Rillaboom|U-turn|p2a: Calyrex\n|-activate|p2a: Calyrex|move: Protect\n|move|p2b: Indeedee|Psychic|p1b: Rillaboom\n|-damage|p1b: Rillaboom|66/100\n|move|p1a: Calyrex|Astral Barrage|p2b: Indeedee|[spread] \n|-activate|p2a: Calyrex|move: Protect\n|-immune|p2b: Indeedee\n|\n|-heal|p2a: Calyrex|67/100|[from] Grassy Terrain\n|-heal|p1b: Rillaboom|71/100|[from] Grassy Terrain\n|upkeep\n|turn|4\n|\n|t:|1745955910\n|move|p2b: Indeedee|Helping Hand|p2a: Calyrex\n|-singleturn|p2a: Calyrex|Helping Hand|[of] p2b: Indeedee\n|move|p2a: Calyrex|Glacial Lance|p1b: Rillaboom|[spread] p1a,p1b\n|-resisted|p1b: Rillaboom\n|-enditem|p1a: Calyrex|Focus Sash\n|-damage|p1a: Calyrex|1/100\n|-damage|p1b: Rillaboom|15/100\n|move|p1b: Rillaboom|U-turn|p2a: Calyrex\n|-supereffective|p2a: Calyrex\n|-damage|p2a: Calyrex|40/100\n|\n|t:|1745955919\n|switch|p1b: Landorus|Landorus-Therian, L50, M|100/100|[from] U-turn\n|-ability|p1b: Landorus|Intimidate|boost\n|-fail|p2a: Calyrex|unboost|[from] item: Clear Amulet|[of] p2a: Calyrex\n|-unboost|p2b: Indeedee|atk|1\n|move|p1a: Calyrex|Astral Barrage|p2b: Indeedee|[spread] p2a\n|-immune|p2b: Indeedee\n|-supereffective|p2a: Calyrex\n|-damage|p2a: Calyrex|0 fnt\n|faint|p2a: Calyrex\n|-ability|p1a: Calyrex|Grim Neigh|boost\n|-boost|p1a: Calyrex|spa|1\n|\n|-heal|p1a: Calyrex|7/100|[from] Grassy Terrain\n|upkeep\n|\n|t:|1745955935\n|switch|p2a: Lunala|Lunala, L50|100/100\n|turn|5\n|inactive|bolognatesting123 has 30 seconds left.\n|\n|t:|1745955964\n|move|p2b: Indeedee|Psychic|p1a: Calyrex\n|-resisted|p1a: Calyrex\n|-damage|p1a: Calyrex|0 fnt\n|faint|p1a: Calyrex\n|move|p2a: Lunala|Moongeist Beam|p1b: Landorus\n|-damage|p1b: Landorus|32/100\n|move|p1b: Landorus|U-turn|p2a: Lunala\n|-damage|p2a: Lunala|88/100\n|-damage|p1b: Landorus|23/100|[from] item: Life Orb\n|\n|t:|1745955971\n|switch|p1b: Rillaboom|Rillaboom, L50, M, tera:Water|15/100|[from] U-turn\n|\n|-heal|p1b: Rillaboom|20/100|[from] Grassy Terrain\n|-heal|p2a: Lunala|94/100|[from] Grassy Terrain\n|-heal|p2a: Lunala|100/100|[from] item: Leftovers\n|-fieldend|move: Trick Room\n|-fieldend|move: Grassy Terrain\n|upkeep\n|\n|t:|1745955973\n|switch|p1a: Landorus|Landorus-Therian, L50, M|23/100\n|-ability|p1a: Landorus|Intimidate|boost\n|-unboost|p2a: Lunala|atk|1\n|-unboost|p2b: Indeedee|atk|1\n|turn|6\n|\n|t:|1745955983\n|move|p1b: Rillaboom|Fake Out|p2b: Indeedee\n|-damage|p2b: Indeedee|89/100\n|move|p1a: Landorus|Stomping Tantrum|p2a: Lunala\n|-damage|p2a: Lunala|80/100\n|-damage|p1a: Landorus|13/100|[from] item: Life Orb\n|move|p2a: Lunala|Trick Room|p2a: Lunala\n|-fieldstart|move: Trick Room|[of] p2a: Lunala\n|cant|p2b: Indeedee|flinch\n|\n|-heal|p2a: Lunala|87/100|[from] item: Leftovers\n|upkeep\n|turn|7\n|-message|broccoliraab forfeited.\n|\n|win|bolognatesting123\n|raw|broccoliraab's rating: 1124 &rarr; <strong>1097</strong><br />(-27 for losing)\n|raw|bolognatesting123's rating: 1099 &rarr; <strong>1126</strong><br />(+27 for winning)\n|l|\u2606broccoliraab\n|player|p1|\n", "uploadtime": 1745956138, "views": 6, "formatid": "gen9vgc2025regibo3", "rating": 1097, "private": 0, "password": null}