{"id": "gen9vgc2025regibo3-2354785496", "format": "[Gen 9] VGC 2025 Reg I (Bo3)", "players": ["Squirrelsarge", "HeavenlyHacker"], "log": "|j|\u2606Squirrelsarge\n|j|\u2606HeavenlyHacker\n|html|<table width=\"100%\"><tr><td align=\"left\">Squirrelsarge</td><td align=\"right\">HeavenlyHacker</tr><tr><td align=\"left\"><i class=\"fa fa-circle-o\"></i> <i class=\"fa fa-circle-o\"></i> </td><td align=\"right\"><i class=\"fa fa-circle-o\"></i> <i class=\"fa fa-circle-o\"></i> </tr></table>\n|uhtml|bestof|<h2><strong>Game 1</strong> of <a href=\"/game-bestof3-gen9vgc2025regibo3-2354785495\">a best-of-3</a></h2>\n|t:|1746119581\n|gametype|doubles\n|player|p1|Squirrelsarge|102|1155\n|player|p2|HeavenlyHacker|red|1111\n|teamsize|p1|6\n|teamsize|p2|6\n|gen|9\n|tier|[Gen 9] VGC 2025 Reg I (Bo3)\n|rated|\n|rule|Species Clause: Limit one of each Pok\u00e9mon\n|rule|Item Clause: Limit 1 of each item\n|clearpoke\n|poke|p1|Calyrex-Shadow, L50|\n|poke|p1|Kyogre, L50|\n|poke|p1|Barraskewda, L50, F|\n|poke|p1|Chi-Yu, L50|\n|poke|p1|Tornadus, L50, M|\n|poke|p1|Clefairy, L50, M|\n|poke|p2|Zamazenta-*, L50|\n|poke|p2|Lunala, L50|\n|poke|p2|Incineroar, L50, M|\n|poke|p2|Rillaboom, L50, M|\n|poke|p2|Thundurus, L50, M|\n|poke|p2|Iron Bundle, L50|\n|teampreview|4\n|showteam|p1|Calyrex-Shadow||FocusSash|AsOneSpectrier|AstralBarrage,GrassKnot,Psyshock,Protect||||||50|,,,,,Fairy]Kyogre||Leftovers|Drizzle|CalmMind,WaterSpout,IceBeam,Protect||||||50|,,,,,Grass]Barraskewda||ChoiceBand|SwiftSwim|PoisonJab,NightSlash,Waterfall,DrillRun|||F|||50|,,,,,Ground]Chi-Yu||AssaultVest|BeadsofRuin|Snarl,HeatWave,TeraBlast,Flamethrower||||||50|,,,,,Water]Tornadus||CovertCloak|Prankster|Tailwind,AirSlash,RainDance,WeatherBall|||M|||50|,,,,,Electric]Clefairy||Eviolite|FriendGuard|HealPulse,HelpingHand,Protect,NightShade|||M|||50|,,,,,Fire\n|showteam|p2|Zamazenta-Crowned||RustedShield|DauntlessShield|BodyPress,behemothbash,IronDefense,Protect||||||50|,,,,,Ground]Lunala||MentalHerb|ShadowShield|MoongeistBeam,Tailwind,TrickRoom,Protect||||||50|,,,,,Fairy]Incineroar||SafetyGoggles|Intimidate|FlareBlitz,KnockOff,PartingShot,FakeOut|||M|||50|,,,,,Ghost]Rillaboom||AssaultVest|GrassySurge|WoodHammer,GrassyGlide,Uturn,FakeOut|||M|||50|,,,,,Fire]Thundurus||SitrusBerry|Prankster|Thunderbolt,Electroweb,Taunt,ThunderWave|||M|||50|,,,,,Steel]Iron Bundle||FocusSash|QuarkDrive|FreezeDry,HydroPump,Encore,Protect||||||50|,,,,,Stellar\n|inactive|Battle timer is ON: inactive players will automatically lose when time's up. (requested by HeavenlyHacker)\n|inactive|Squirrelsarge has 60 seconds left.\n|\n|t:|1746119624\n|start\n|switch|p1a: Chi-Yu|Chi-Yu, L50|100/100\n|switch|p1b: Calyrex|Calyrex-Shadow, L50|100/100\n|switch|p2a: The Penguin|Iron Bundle, L50, shiny|100/100\n|switch|p2b: 100% Full Para :)|Thundurus, L50, M, shiny|100/100\n|-ability|p1b: Calyrex|As One\n|-ability|p1b: Calyrex|Unnerve\n|-ability|p1a: Chi-Yu|Beads of Ruin\n|turn|1\n|inactive|Squirrelsarge has 30 seconds left.\n|\n|t:|1746119652\n|move|p2b: 100% Full Para :)|Thunder Wave|p1b: Calyrex\n|-status|p1b: Calyrex|par\n|move|p2a: The Penguin|Hydro Pump|p1a: Chi-Yu\n|-supereffective|p1a: Chi-Yu\n|-damage|p1a: Chi-Yu|34/100\n|move|p1a: Chi-Yu|Snarl|p2a: The Penguin|[spread] p2a,p2b\n|-damage|p2a: The Penguin|52/100\n|-damage|p2b: 100% Full Para :)|73/100\n|-unboost|p2a: The Penguin|spa|1\n|-unboost|p2b: 100% Full Para :)|spa|1\n|cant|p1b: Calyrex|par\n|\n|upkeep\n|turn|2\n|\n|t:|1746119672\n|move|p2a: The Penguin|Hydro Pump|p1a: Chi-Yu\n|-supereffective|p1a: Chi-Yu\n|-damage|p1a: Chi-Yu|0 fnt\n|faint|p1a: Chi-Yu\n|move|p2b: 100% Full Para :)|Electroweb|p1b: Calyrex\n|-damage|p1b: Calyrex|83/100 par\n|-unboost|p1b: Calyrex|spe|1\n|cant|p1b: Calyrex|par\n|\n|upkeep\n|\n|t:|1746119688\n|switch|p1a: Clefairy|Clefairy, L50, M|100/100\n|turn|3\n|\n|t:|1746119698\n|move|p2a: The Penguin|Hydro Pump|p1b: Calyrex\n|-damage|p1b: Calyrex|58/100 par\n|move|p2b: 100% Full Para :)|Thunderbolt|p1b: Calyrex\n|-damage|p1b: Calyrex|40/100 par\n|move|p1b: Calyrex|Astral Barrage|p2a: The Penguin|[spread] p2a,p2b\n|-damage|p2a: The Penguin|0 fnt\n|-damage|p2b: 100% Full Para :)|8/100\n|faint|p2a: The Penguin\n|-end|p2a: The Penguin|Quark Drive|[silent]\n|-ability|p1b: Calyrex|Grim Neigh|boost\n|-boost|p1b: Calyrex|spa|1\n|move|p1a: Clefairy|Heal Pulse|p1b: Calyrex\n|-heal|p1b: Calyrex|90/100 par\n|\n|upkeep\n|\n|t:|1746119707\n|switch|p2a: Like Eagles! Rise|Lunala, L50, shiny|100/100\n|turn|4\n|\n|t:|1746119721\n|move|p2b: 100% Full Para :)|Taunt|p1a: Clefairy\n|-start|p1a: Clefairy|move: Taunt\n|move|p2a: Like Eagles! Rise|Moongeist Beam|p1b: Calyrex\n|-supereffective|p1b: Calyrex\n|-damage|p1b: Calyrex|0 fnt\n|-enditem|p2b: 100% Full Para :)|Sitrus Berry|[eat]\n|-heal|p2b: 100% Full Para :)|33/100|[from] item: Sitrus Berry\n|faint|p1b: Calyrex\n|cant|p1a: Clefairy|move: Taunt|Heal Pulse\n|\n|upkeep\n|\n|t:|1746119732\n|switch|p1b: Kyogre|Kyogre, L50|100/100\n|-weather|RainDance|[from] ability: Drizzle|[of] p1b: Kyogre\n|turn|5\n|\n|t:|1746119742\n|move|p1b: Kyogre|Protect|p1b: Kyogre\n|-singleturn|p1b: Kyogre|Protect\n|move|p2b: 100% Full Para :)|Thunderbolt|p1b: Kyogre\n|-activate|p1b: Kyogre|move: Protect\n|move|p2a: Like Eagles! Rise|Moongeist Beam|p1b: Kyogre\n|-activate|p1b: Kyogre|move: Protect\n|move|p1a: Clefairy|Night Shade|p2b: 100% Full Para :)\n|-damage|p2b: 100% Full Para :)|6/100\n|\n|-weather|RainDance|[upkeep]\n|upkeep\n|turn|6\n|inactive|Squirrelsarge has 30 seconds left.\n|\n|t:|1746119771\n|-terastallize|p1b: Kyogre|Grass\n|move|p2b: 100% Full Para :)|Thunderbolt|p1b: Kyogre\n|-resisted|p1b: Kyogre\n|-damage|p1b: Kyogre|94/100\n|move|p2a: Like Eagles! Rise|Moongeist Beam|p1b: Kyogre\n|-damage|p1b: Kyogre|59/100\n|move|p1b: Kyogre|Water Spout|p2b: 100% Full Para :)|[spread] p2a,p2b\n|-damage|p2a: Like Eagles! Rise|80/100\n|-damage|p2b: 100% Full Para :)|0 fnt\n|faint|p2b: 100% Full Para :)\n|move|p1a: Clefairy|Night Shade|p2a: Like Eagles! Rise\n|-damage|p2a: Like Eagles! Rise|59/100\n|\n|-weather|RainDance|[upkeep]\n|-heal|p1b: Kyogre|65/100|[from] item: Leftovers\n|-end|p1a: Clefairy|move: Taunt\n|upkeep\n|\n|t:|1746119791\n|switch|p2b: D.O.G.|Zamazenta-Crowned, L50, shiny|100/100\n|-ability|p2b: D.O.G.|Dauntless Shield|boost\n|-boost|p2b: D.O.G.|def|1\n|turn|7\n|\n|t:|1746119801\n|move|p2b: D.O.G.|Behemoth Bash|p1a: Clefairy\n|-supereffective|p1a: Clefairy\n|-damage|p1a: Clefairy|25/100\n|move|p2a: Like Eagles! Rise|Moongeist Beam|p1b: Kyogre\n|-damage|p1b: Kyogre|23/100\n|move|p1b: Kyogre|Water Spout|p2b: D.O.G.|[spread] p2a,p2b\n|-damage|p2a: Like Eagles! Rise|43/100\n|-damage|p2b: D.O.G.|80/100\n|move|p1a: Clefairy|Heal Pulse|p1b: Kyogre\n|-heal|p1b: Kyogre|73/100\n|\n|-weather|RainDance|[upkeep]\n|-heal|p1b: Kyogre|79/100|[from] item: Leftovers\n|upkeep\n|turn|8\n|\n|t:|1746119819\n|move|p1b: Kyogre|Protect|p1b: Kyogre\n|-singleturn|p1b: Kyogre|Protect\n|move|p2b: D.O.G.|Behemoth Bash|p1a: Clefairy\n|-supereffective|p1a: Clefairy\n|-damage|p1a: Clefairy|0 fnt\n|faint|p1a: Clefairy\n|move|p2a: Like Eagles! Rise|Moongeist Beam|p1b: Kyogre\n|-activate|p1b: Kyogre|move: Protect\n|\n|-weather|RainDance|[upkeep]\n|-heal|p1b: Kyogre|85/100|[from] item: Leftovers\n|upkeep\n|turn|9\n|\n|t:|1746119835\n|move|p2b: D.O.G.|Iron Defense|p2b: D.O.G.\n|-boost|p2b: D.O.G.|def|2\n|move|p2a: Like Eagles! Rise|Moongeist Beam|p1b: Kyogre\n|-damage|p1b: Kyogre|47/100\n|move|p1b: Kyogre|Water Spout|p2b: D.O.G.|[spread] p2a,p2b\n|-damage|p2a: Like Eagles! Rise|10/100\n|-damage|p2b: D.O.G.|45/100\n|\n|-weather|none\n|-heal|p1b: Kyogre|53/100|[from] item: Leftovers\n|upkeep\n|turn|10\n|\n|t:|1746119855\n|move|p1b: Kyogre|Protect|p1b: Kyogre\n|-singleturn|p1b: Kyogre|Protect\n|move|p2b: D.O.G.|Body Press|p1b: Kyogre\n|-activate|p1b: Kyogre|move: Protect\n|move|p2a: Like Eagles! Rise|Moongeist Beam|p1b: Kyogre\n|-activate|p1b: Kyogre|move: Protect\n|\n|-heal|p1b: Kyogre|58/100|[from] item: Leftovers\n|upkeep\n|turn|11\n|\n|t:|1746119874\n|move|p2b: D.O.G.|Body Press|p1b: Kyogre\n|-damage|p1b: Kyogre|0 fnt\n|faint|p1b: Kyogre\n|\n|win|HeavenlyHacker\n||Squirrelsarge is ready for game 2.\n|inactive|HeavenlyHacker has 30 seconds to confirm battle start!\n|l|\u2606HeavenlyHacker\n|player|p2|\n||HeavenlyHacker is ready for game 2.\n|uhtml|next|Next: <a href=\"/battle-gen9vgc2025regibo3-2354789064\"><strong>Game 2 of 3</strong></a>\n|l|\u2606Squirrelsarge\n|player|p1|\n", "uploadtime": 1746120159, "views": 5, "formatid": "gen9vgc2025regibo3", "rating": null, "private": 0, "password": null}