{"id": "gen9vgc2025regibo3-2353627936", "format": "[Gen 9] VGC 2025 Reg I (Bo3)", "players": ["CatMaidMiller", "RICHARDHAVOC"], "log": "|j|\u2606CatMaidMiller\n|j|\u2606RICHARDHAVOC\n|html|<table width=\"100%\"><tr><td align=\"left\">CatMaidMiller</td><td align=\"right\">RICHARDHAVOC</tr><tr><td align=\"left\"><i class=\"fa fa-circle-o\"></i> <i class=\"fa fa-circle-o\"></i> </td><td align=\"right\"><i class=\"fa fa-circle-o\"></i> <i class=\"fa fa-circle-o\"></i> </tr></table>\n|uhtml|bestof|<h2><strong>Game 1</strong> of <a href=\"/game-bestof3-gen9vgc2025regibo3-2353627935\">a best-of-3</a></h2>\n|t:|1745976374\n|gametype|doubles\n|player|p1|CatMaidMiller|waitress-gen4|\n|player|p2|RICHARDHAVOC|brycen|\n|teamsize|p1|6\n|teamsize|p2|6\n|gen|9\n|tier|[Gen 9] VGC 2025 Reg I (Bo3)\n|rule|Species Clause: Limit one of each Pok\u00e9mon\n|rule|Item Clause: Limit 1 of each item\n|clearpoke\n|poke|p1|Calyrex-Ice, L50|\n|poke|p1|Landorus, L50, M|\n|poke|p1|Amoonguss, L50, F|\n|poke|p1|Urshifu-*, L50, M|\n|poke|p1|Roaring Moon, L50|\n|poke|p1|Kyogre, L50|\n|poke|p2|Zamazenta-*, L50|\n|poke|p2|Calyrex-Shadow, L50|\n|poke|p2|Rillaboom, L50, F|\n|poke|p2|Raging Bolt, L50|\n|poke|p2|Urshifu-*, L50, M|\n|poke|p2|Chien-Pao, L50|\n|teampreview|4\n|showteam|p1|Calyrex-Ice||ClearAmulet|AsOneGlastrier|GlacialLance,HighHorsepower,Protect,TrickRoom||||||50|,,,,,Fairy]Landorus||LifeOrb|SheerForce|EarthPower,SludgeBomb,SandsearStorm,Protect|||M|||50|,,,,,Water]Amoonguss||CovertCloak|Regenerator|PollenPuff,Spore,RagePowder,Protect|||F|||50|,,,,,Fairy]Urshifu-Rapid-Strike||ChoiceScarf|UnseenFist|SurgingStrikes,AquaJet,CloseCombat,Uturn|||M|||50|,,,,,Water]Roaring Moon||BoosterEnergy|Protosynthesis|KnockOff,Acrobatics,Protect,Tailwind||||||50|,,,,,Flying]Kyogre||AssaultVest|Drizzle|WaterSpout,OriginPulse,IceBeam,Thunder||||||50|,,,,,Grass\n|showteam|p2|Zamazenta-Crowned||RustedShield|DauntlessShield|WideGuard,HeavySlam,BodyPress,Protect||||||50|,,,,,Dragon]Calyrex-Shadow||LifeOrb|AsOneSpectrier|AstralBarrage,Psychic,PollenPuff,Protect||||||50|,,,,,Dark]Rillaboom||AssaultVest|GrassySurge|FakeOut,Uturn,WoodHammer,GrassyGlide|||F|||50|,,,,,Fire]Raging Bolt||BoosterEnergy|Protosynthesis|Thunderclap,Thunderbolt,DracoMeteor,Protect||||||50|,,,,,Fairy]Urshifu-Rapid-Strike||ChoiceScarf|UnseenFist|SurgingStrikes,Coaching,CloseCombat,Uturn|||M|||50|,,,,,Water]Chien-Pao||FocusSash|SwordofRuin|IcicleCrash,IceShard,ThroatChop,Protect||||||50|,,,,,Stellar\n|c|\u2606CatMaidMiller|One sec\n|c|\u2606CatMaidMiller|lemme roll a joint\n|\n|t:|1745976500\n|start\n|switch|p1a: Landorus|Landorus, L50, M, shiny|100/100\n|switch|p1b: Roaring Moon|Roaring Moon, L50, shiny|100/100\n|switch|p2a: Rillaboom|Rillaboom, L50, F, shiny|100/100\n|switch|p2b: Zamazenta|Zamazenta-Crowned, L50, shiny|100/100\n|-ability|p2b: Zamazenta|Dauntless Shield|boost\n|-boost|p2b: Zamazenta|def|1\n|-fieldstart|move: Grassy Terrain|[from] ability: Grassy Surge|[of] p2a: Rillaboom\n|-enditem|p1b: Roaring Moon|Booster Energy\n|-activate|p1b: Roaring Moon|ability: Protosynthesis|[fromitem]\n|-start|p1b: Roaring Moon|protosynthesisspe\n|turn|1\n|\n|t:|1745976518\n|move|p1b: Roaring Moon|Protect|p1b: Roaring Moon\n|-singleturn|p1b: Roaring Moon|Protect\n|move|p2a: Rillaboom|Fake Out|p1a: Landorus\n|-damage|p1a: Landorus|87/100\n|move|p2b: Zamazenta|Body Press|p1b: Roaring Moon\n|-activate|p1b: Roaring Moon|move: Protect\n|cant|p1a: Landorus|flinch\n|\n|upkeep\n|turn|2\n|\n|t:|1745976541\n|-terastallize|p2b: Zamazenta|Dragon\n|move|p1b: Roaring Moon|Knock Off|p2a: Rillaboom\n|-damage|p2a: Rillaboom|54/100\n|-enditem|p2a: Rillaboom|Assault Vest|[from] move: Knock Off|[of] p1b: Roaring Moon\n|move|p2b: Zamazenta|Body Press|p1b: Roaring Moon\n|-supereffective|p1b: Roaring Moon\n|-damage|p1b: Roaring Moon|0 fnt\n|faint|p1b: Roaring Moon\n|-end|p1b: Roaring Moon|Protosynthesis|[silent]\n|move|p1a: Landorus|Sandsear Storm|p2b: Zamazenta|[spread] p2a,p2b\n|-resisted|p2a: Rillaboom\n|-crit|p2a: Rillaboom\n|-damage|p2a: Rillaboom|10/100\n|-damage|p2b: Zamazenta|50/100\n|move|p2a: Rillaboom|Wood Hammer|p1a: Landorus\n|-damage|p1a: Landorus|14/100\n|-damage|p2a: Rillaboom|0 fnt|[from] Recoil\n|faint|p2a: Rillaboom\n|\n|-heal|p2b: Zamazenta|56/100|[from] Grassy Terrain\n|upkeep\n|\n|t:|1745976565\n|switch|p1b: Calyrex|Calyrex-Ice, L50|100/100\n|switch|p2a: Chien-Pao|Chien-Pao, L50|100/100\n|-ability|p1b: Calyrex|As One\n|-ability|p1b: Calyrex|Unnerve\n|-ability|p2a: Chien-Pao|Sword of Ruin\n|turn|3\n|\n|t:|1745976585\n|switch|p1a: Kyogre|Kyogre, L50, shiny|100/100\n|-weather|RainDance|[from] ability: Drizzle|[of] p1a: Kyogre\n|-terastallize|p1b: Calyrex|Fairy\n|move|p2a: Chien-Pao|Icicle Crash|p1b: Calyrex\n|-damage|p1b: Calyrex|62/100\n|move|p2b: Zamazenta|Body Press|p1b: Calyrex\n|-resisted|p1b: Calyrex\n|-damage|p1b: Calyrex|32/100\n|move|p1b: Calyrex|Trick Room|p1b: Calyrex\n|-fieldstart|move: Trick Room|[of] p1b: Calyrex\n|\n|-weather|RainDance|[upkeep]\n|-heal|p1b: Calyrex|38/100|[from] Grassy Terrain\n|-heal|p2b: Zamazenta|61/100|[from] Grassy Terrain\n|upkeep\n|turn|4\n|\n|t:|1745976608\n|move|p2b: Zamazenta|Wide Guard|p2b: Zamazenta\n|-singleturn|p2b: Zamazenta|Wide Guard\n|move|p1b: Calyrex|High Horsepower|p2a: Chien-Pao\n|-damage|p2a: Chien-Pao|42/100\n|move|p1a: Kyogre|Ice Beam|p2b: Zamazenta\n|-supereffective|p2b: Zamazenta\n|-damage|p2b: Zamazenta|2/100\n|move|p2a: Chien-Pao|Icicle Crash|p1b: Calyrex\n|-damage|p1b: Calyrex|3/100\n|\n|-weather|RainDance|[upkeep]\n|-heal|p1b: Calyrex|9/100|[from] Grassy Terrain\n|-heal|p2b: Zamazenta|8/100|[from] Grassy Terrain\n|-heal|p2a: Chien-Pao|48/100|[from] Grassy Terrain\n|upkeep\n|turn|5\n|\n|t:|1745976645\n|move|p1b: Calyrex|Protect|p1b: Calyrex\n|-singleturn|p1b: Calyrex|Protect\n|move|p2b: Zamazenta|Protect||[still]\n|-fail|p2b: Zamazenta\n|move|p2a: Chien-Pao|Protect|p2a: Chien-Pao\n|-singleturn|p2a: Chien-Pao|Protect\n|move|p1a: Kyogre|Water Spout|p2b: Zamazenta|[spread] p2b\n|-activate|p2a: Chien-Pao|move: Protect\n|-resisted|p2b: Zamazenta\n|-damage|p2b: Zamazenta|0 fnt\n|faint|p2b: Zamazenta\n|\n|-weather|RainDance|[upkeep]\n|-heal|p1b: Calyrex|15/100|[from] Grassy Terrain\n|-heal|p2a: Chien-Pao|54/100|[from] Grassy Terrain\n|-fieldend|move: Grassy Terrain\n|upkeep\n|\n|t:|1745976650\n|switch|p2b: Raging Bolt|Raging Bolt, L50|100/100\n|-enditem|p2b: Raging Bolt|Booster Energy\n|-activate|p2b: Raging Bolt|ability: Protosynthesis|[fromitem]\n|-start|p2b: Raging Bolt|protosynthesisspa\n|turn|6\n|\n|t:|1745976680\n|move|p2a: Chien-Pao|Ice Shard|p1b: Calyrex\n|-damage|p1b: Calyrex|0 fnt\n|faint|p1b: Calyrex\n|move|p2b: Raging Bolt|Thunderbolt|p1a: Kyogre\n|-supereffective|p1a: Kyogre\n|-damage|p1a: Kyogre|33/100\n|move|p1a: Kyogre|Ice Beam|p2b: Raging Bolt\n|-supereffective|p2b: Raging Bolt\n|-damage|p2b: Raging Bolt|44/100\n|-status|p2b: Raging Bolt|frz\n|\n|-weather|RainDance|[upkeep]\n|upkeep\n|\n|t:|1745976689\n|switch|p1b: Landorus|Landorus, L50, M, shiny|14/100\n|turn|7\n|\n|t:|1745976700\n|cant|p2b: Raging Bolt|frz\n|move|p1b: Landorus|Protect|p1b: Landorus\n|-singleturn|p1b: Landorus|Protect\n|move|p2a: Chien-Pao|Protect|p2a: Chien-Pao\n|-singleturn|p2a: Chien-Pao|Protect\n|move|p1a: Kyogre|Origin Pulse|p2b: Raging Bolt|[spread] p2b\n|-activate|p2a: Chien-Pao|move: Protect\n|-resisted|p2b: Raging Bolt\n|-damage|p2b: Raging Bolt|15/100 frz\n|\n|-weather|none\n|-fieldend|move: Trick Room\n|upkeep\n|turn|8\n|\n|t:|1745976721\n|move|p2a: Chien-Pao|Ice Shard|p1b: Landorus\n|-supereffective|p1b: Landorus\n|-damage|p1b: Landorus|0 fnt\n|faint|p1b: Landorus\n|move|p1a: Kyogre|Origin Pulse|p2b: Raging Bolt|[spread] p2a,p2b\n|-crit|p2a: Chien-Pao\n|-resisted|p2b: Raging Bolt\n|-crit|p2b: Raging Bolt\n|-damage|p2a: Chien-Pao|0 fnt\n|-damage|p2b: Raging Bolt|0 fnt\n|faint|p2a: Chien-Pao\n|faint|p2b: Raging Bolt\n|-end|p2b: Raging Bolt|Protosynthesis|[silent]\n|\n|win|CatMaidMiller\n||CatMaidMiller is ready for game 2.\n||RICHARDHAVOC is ready for game 2.\n|uhtml|next|Next: <a href=\"/battle-gen9vgc2025regibo3-2353630916\"><strong>Game 2 of 3</strong></a>\n|l|\u2606RICHARDHAVOC\n|player|p2|\n", "uploadtime": 1745976733, "views": 37, "formatid": "gen9vgc2025regibo3", "rating": null, "private": 0, "password": null}