{"id": "gen9vgc2025regibo3-2354960855", "format": "[Gen 9] VGC 2025 Reg I (Bo3)", "players": ["firefalls", "BBRAFF"], "log": "|j|\u2606firefalls\n|j|\u2606BBRAFF\n|html|<table width=\"100%\"><tr><td align=\"left\">firefalls</td><td align=\"right\">BBRAFF</tr><tr><td align=\"left\"><i class=\"fa fa-circle\"></i> <i class=\"fa fa-circle-o\"></i> </td><td align=\"right\"><i class=\"fa fa-circle-o\"></i> <i class=\"fa fa-circle-o\"></i> </tr></table>\n|uhtml|bestof|<h2><strong>Game 2</strong> of <a href=\"/game-bestof3-gen9vgc2025regibo3-2354957026\">a best-of-3</a></h2>\n|t:|1746136051\n|gametype|doubles\n|player|p1|firefalls|n|\n|player|p2|BBRAFF|1|\n|teamsize|p1|6\n|teamsize|p2|6\n|gen|9\n|tier|[Gen 9] VGC 2025 Reg I (Bo3)\n|rule|Species Clause: Limit one of each Pok\u00e9mon\n|rule|Item Clause: Limit 1 of each item\n|clearpoke\n|poke|p1|Lunala, L50|\n|poke|p1|Koraidon, L50|\n|poke|p1|Flutter Mane, L50|\n|poke|p1|Indeedee-F, L50, F|\n|poke|p1|Ogerpon-Cornerstone, L50, F|\n|poke|p1|Chi-Yu, L50|\n|poke|p2|Calyrex-Ice, L50|\n|poke|p2|Kyogre, L50|\n|poke|p2|Landorus, L50, M|\n|poke|p2|Tornadus, L50, M|\n|poke|p2|Urshifu-*, L50, F|\n|poke|p2|Indeedee-F, L50, F|\n|teampreview|4\n|showteam|p1|Lunala||PowerHerb|ShadowShield|Protect,ExpandingForce,MoongeistBeam,MeteorBeam||||||50|,,,,,Water]Koraidon||LifeOrb|OrichalcumPulse|Protect,FlareBlitz,FlameCharge,CloseCombat||||||50|,,,,,Fire]Flutter Mane||FocusSash|Protosynthesis|Protect,Moonblast,ShadowBall,IcyWind||||||50|,,,,,Normal]Indeedee-F||RockyHelmet|PsychicSurge|FollowMe,HelpingHand,ShadowBall,TrickRoom|||F|||50|,,,,,Water]Ogerpon-Cornerstone||CornerstoneMask|Sturdy|Protect,IvyCudgel,PowerWhip,FollowMe|||F|||50|,,,,,Rock]Chi-Yu||ChoiceScarf|BeadsofRuin|HeatWave,Snarl,DarkPulse,Overheat||||||50|,,,,,Fire\n|showteam|p2|Calyrex-Ice||NeverMeltIce|AsOneGlastrier|GlacialLance,IcicleCrash,HighHorsepower,Protect||||||50|,,,,,Ice]Kyogre||AssaultVest|Drizzle|WaterSpout,OriginPulse,Thunder,IceBeam||||||50|,,,,,Grass]Landorus||LifeOrb|SheerForce|SandsearStorm,EarthPower,SludgeBomb,Protect|||M|||50|,,,,,Water]Tornadus||CovertCloak|Prankster|Taunt,Tailwind,BleakwindStorm,RainDance|||M|||50|,,,,,Dark]Urshifu-Rapid-Strike||ChoiceScarf|UnseenFist|SurgingStrikes,CloseCombat,AquaJet,Uturn|||F|||50|,,,,,Water]Indeedee-F||RockyHelmet|PsychicSurge|FollowMe,HelpingHand,TrickRoom,Psychic|||F|||50|,,,,,Fairy\n|c|\u2606firefalls|was not expecting the grass tera but the heat wave was still important to lower your water spout\n|\n|t:|1746136108\n|start\n|switch|p1a: Acro|Chi-Yu, L50|100/100\n|switch|p1b: Wham Bam Rock|Ogerpon-Cornerstone, L50, F|100/100\n|switch|p2a: Landorus|Landorus, L50, M|100/100\n|switch|p2b: Tornadus|Tornadus, L50, M|100/100\n|-ability|p1a: Acro|Beads of Ruin\n|turn|1\n|\n|t:|1746136200\n|switch|p1a: Nightmare|Lunala, L50|100/100\n|move|p2b: Tornadus|Tailwind|p2b: Tornadus\n|-sidestart|p2: BBRAFF|move: Tailwind\n|move|p2a: Landorus|Sandsear Storm|p1b: Wham Bam Rock|[spread] p1a,p1b\n|-damage|p1a: Nightmare|77/100\n|-damage|p1b: Wham Bam Rock|31/100\n|move|p1b: Wham Bam Rock|Ivy Cudgel|p2a: Landorus|[anim] Ivy Cudgel Rock\n|-crit|p2a: Landorus\n|-damage|p2a: Landorus|0 fnt\n|faint|p2a: Landorus\n|\n|upkeep\n|c|\u2606firefalls|huge crit, sorry\n|\n|t:|1746136231\n|switch|p2a: Kyogre|Kyogre, L50|100/100\n|-weather|RainDance|[from] ability: Drizzle|[of] p2a: Kyogre\n|turn|2\n|c|\u2606BBRAFF|na its the game we play, i went gambling with sandsear lol\n|\n|t:|1746136309\n|move|p1a: Nightmare|Protect|p1a: Nightmare\n|-singleturn|p1a: Nightmare|Protect\n|move|p2b: Tornadus|Rain Dance||[still]\n|-fail|p2b: Tornadus\n|move|p2a: Kyogre|Water Spout|p1a: Nightmare|[spread] p1b\n|-activate|p1a: Nightmare|move: Protect\n|-damage|p1b: Wham Bam Rock|0 fnt\n|faint|p1b: Wham Bam Rock\n|\n|-weather|RainDance|[upkeep]\n|upkeep\n|\n|t:|1746136316\n|switch|p1b: Bonkers|Koraidon, L50|100/100\n|-weather|SunnyDay|[from] ability: Orichalcum Pulse|[of] p1b: Bonkers\n|-activate|p1b: Bonkers|Orichalcum Pulse|[source]\n|turn|3\n|\n|t:|1746136422\n|-terastallize|p2b: Tornadus|Dark\n|-terastallize|p1a: Nightmare|Water\n|move|p1b: Bonkers|Protect|p1b: Bonkers\n|-singleturn|p1b: Bonkers|Protect\n|move|p2b: Tornadus|Rain Dance|p2b: Tornadus\n|-weather|RainDance\n|move|p2a: Kyogre|Water Spout|p1a: Nightmare|[spread] p1a\n|-activate|p1b: Bonkers|move: Protect\n|-resisted|p1a: Nightmare\n|-damage|p1a: Nightmare|39/100\n|move|p1a: Nightmare|Meteor Beam||[still]\n|-prepare|p1a: Nightmare|Meteor Beam\n|-boost|p1a: Nightmare|spa|1\n|-enditem|p1a: Nightmare|Power Herb\n|-anim|p1a: Nightmare|Meteor Beam|p2b: Tornadus\n|-damage|p2b: Tornadus|19/100\n|\n|-weather|RainDance|[upkeep]\n|upkeep\n|turn|4\n|\n|t:|1746136465\n|move|p1a: Nightmare|Protect|p1a: Nightmare\n|-singleturn|p1a: Nightmare|Protect\n|move|p2b: Tornadus|Bleakwind Storm|p1b: Bonkers|[spread] p1b\n|-activate|p1a: Nightmare|move: Protect\n|-supereffective|p1b: Bonkers\n|-damage|p1b: Bonkers|23/100\n|move|p2a: Kyogre|Water Spout|p1b: Bonkers|[spread] p1b\n|-activate|p1a: Nightmare|move: Protect\n|-resisted|p1b: Bonkers\n|-damage|p1b: Bonkers|0 fnt\n|faint|p1b: Bonkers\n|\n|-weather|RainDance|[upkeep]\n|-sideend|p2: BBRAFF|move: Tailwind\n|upkeep\n|\n|t:|1746136472\n|switch|p1b: Acro|Chi-Yu, L50|100/100\n|-ability|p1b: Acro|Beads of Ruin\n|turn|5\n|\n|t:|1746136523\n|move|p2b: Tornadus|Tailwind|p2b: Tornadus\n|-sidestart|p2: BBRAFF|move: Tailwind\n|move|p1b: Acro|Snarl|p2a: Kyogre|[spread] p2a\n|-miss|p1b: Acro|p2b: Tornadus\n|-crit|p2a: Kyogre\n|-damage|p2a: Kyogre|83/100\n|-unboost|p2a: Kyogre|spa|1\n|move|p2a: Kyogre|Water Spout|p1b: Acro|[spread] p1a,p1b\n|-resisted|p1a: Nightmare\n|-supereffective|p1b: Acro\n|-damage|p1a: Nightmare|13/100\n|-damage|p1b: Acro|0 fnt\n|faint|p1b: Acro\n|move|p1a: Nightmare|Moongeist Beam|p2b: Tornadus\n|-resisted|p2b: Tornadus\n|-damage|p2b: Tornadus|0 fnt\n|faint|p2b: Tornadus\n|\n|-weather|RainDance|[upkeep]\n|upkeep\n|c|\u2606firefalls|gg!\n|\n|t:|1746136538\n|switch|p2b: Calyrex|Calyrex-Ice, L50|100/100\n|-ability|p2b: Calyrex|As One\n|-ability|p2b: Calyrex|Unnerve\n|turn|6\n|\n|t:|1746136545\n|move|p2a: Kyogre|Thunder|p1a: Nightmare\n|-supereffective|p1a: Nightmare\n|-damage|p1a: Nightmare|0 fnt\n|faint|p1a: Nightmare\n|\n|win|BBRAFF\n||firefalls is ready for game 3.\n|c|\u2606BBRAFF|gg!\n||BBRAFF is ready for game 3.\n|uhtml|next|Next: <a href=\"/battle-gen9vgc2025regibo3-2354965535\"><strong>Game 3 of 3</strong></a>\n", "uploadtime": 1746137023, "views": 6, "formatid": "gen9vgc2025regibo3", "rating": null, "private": 0, "password": null}