{"id": "gen9vgc2025regibo3-2353899498", "format": "[Gen 9] VGC 2025 Reg I (Bo3)", "players": ["dambro222", "Schroombert"], "log": "|j|\u2606dambro222\n|j|\u2606Schroombert\n|html|<table width=\"100%\"><tr><td align=\"left\">dambro222</td><td align=\"right\">Schroombert</tr><tr><td align=\"left\"><i class=\"fa fa-circle-o\"></i> <i class=\"fa fa-circle-o\"></i> </td><td align=\"right\"><i class=\"fa fa-circle-o\"></i> <i class=\"fa fa-circle\"></i> </tr></table>\n|uhtml|bestof|<h2><strong>Game 2</strong> of <a href=\"/game-bestof3-gen9vgc2025regibo3-2353897395\">a best-of-3</a></h2>\n|t:|1746016625\n|gametype|doubles\n|player|p1|dambro222|101|1204\n|player|p2|Schroombert|rancher|1344\n|teamsize|p1|6\n|teamsize|p2|6\n|gen|9\n|tier|[Gen 9] VGC 2025 Reg I (Bo3)\n|rated|\n|rule|Species Clause: Limit one of each Pok\u00e9mon\n|rule|Item Clause: Limit 1 of each item\n|clearpoke\n|poke|p1|Ho-Oh, L50|\n|poke|p1|Miraidon, L50|\n|poke|p1|Flutter Mane, L50|\n|poke|p1|Iron Hands, L50|\n|poke|p1|Urshifu-*, L50, M|\n|poke|p1|Iron Treads, L50|\n|poke|p2|Calyrex-Shadow, L50|\n|poke|p2|Koraidon, L50|\n|poke|p2|Brute Bonnet, L50|\n|poke|p2|Raging Bolt, L50|\n|poke|p2|Flutter Mane, L50|\n|poke|p2|Chi-Yu, L50|\n|teampreview|4\n|showteam|p1|Ho-Oh||ClearAmulet|Regenerator|SacredFire,BraveBird,Tailwind,Protect||||||50|,,,,,Dragon]Miraidon||CovertCloak|HadronEngine|ElectroDrift,VoltSwitch,DracoMeteor,Protect||||||50|,,,,,Electric]Flutter Mane||BoosterEnergy|Protosynthesis|Moonblast,ShadowBall,IcyWind,Protect||||||50|,,,,,Fairy]Iron Hands||AssaultVest|QuarkDrive|FakeOut,DrainPunch,WildCharge,LowKick||||||50|,,,,,Water]Urshifu||FocusSash|UnseenFist|WickedBlow,CloseCombat,SuckerPunch,Detect|||M|||50|,,,,,Poison]Iron Treads||ChoiceBand|QuarkDrive|IronHead,HighHorsepower,KnockOff,SteelRoller||||||50|,,,,,Water\n|showteam|p2|Calyrex-Shadow||FocusSash|AsOneSpectrier|AstralBarrage,Psyshock,NastyPlot,Protect||||||50|,,,,,Ghost]Koraidon||ClearAmulet|OrichalcumPulse|FlareBlitz,CollisionCourse,FlameCharge,Protect||||||50|,,,,,Fire]Brute Bonnet||CovertCloak|Protosynthesis|SuckerPunch,SeedBomb,RagePowder,Spore||||||50|,,,,,Water]Raging Bolt||AssaultVest|Protosynthesis|Snarl,DracoMeteor,Thunderclap,Electroweb||||||50|,,,,,Electric]Flutter Mane||BoosterEnergy|Protosynthesis|Moonblast,ShadowBall,IcyWind,Protect||||||50|,,,,,Fairy]Chi-Yu||ChoiceScarf|BeadsofRuin|Snarl,DarkPulse,HeatWave,Overheat||||||50|,,,,,Ghost\n|inactive|Battle timer is ON: inactive players will automatically lose when time's up. (requested by Schroombert)\n|inactive|dambro222 has 60 seconds left.\n|\n|t:|1746016657\n|start\n|switch|p1a: Ho-Oh|Ho-Oh, L50|100/100\n|switch|p1b: Miraidon|Miraidon, L50|100/100\n|switch|p2a: Flutter Mane|Flutter Mane, L50, shiny|100/100\n|switch|p2b: Calyrex|Calyrex-Shadow, L50|100/100\n|-ability|p2b: Calyrex|As One\n|-ability|p2b: Calyrex|Unnerve\n|-fieldstart|move: Electric Terrain|[from] ability: Hadron Engine|[of] p1b: Miraidon\n|-enditem|p2a: Flutter Mane|Booster Energy\n|-activate|p2a: Flutter Mane|ability: Protosynthesis|[fromitem]\n|-start|p2a: Flutter Mane|protosynthesisspe\n|turn|1\n|\n|t:|1746016668\n|-terastallize|p2b: Calyrex|Ghost\n|move|p1b: Miraidon|Protect|p1b: Miraidon\n|-singleturn|p1b: Miraidon|Protect\n|move|p2a: Flutter Mane|Shadow Ball|p1a: Ho-Oh\n|-damage|p1a: Ho-Oh|74/100\n|move|p2b: Calyrex|Astral Barrage|p1a: Ho-Oh|[spread] p1a\n|-activate|p1b: Miraidon|move: Protect\n|-damage|p1a: Ho-Oh|28/100\n|move|p1a: Ho-Oh|Tailwind|p1a: Ho-Oh\n|-sidestart|p1: dambro222|move: Tailwind\n|\n|upkeep\n|turn|2\n|\n|t:|1746016689\n|switch|p1a: Urshifu|Urshifu, L50, M|100/100\n|-terastallize|p1b: Miraidon|Electric\n|move|p1b: Miraidon|Electro Drift|p2a: Flutter Mane\n|-damage|p2a: Flutter Mane|0 fnt\n|faint|p2a: Flutter Mane\n|-end|p2a: Flutter Mane|Protosynthesis|[silent]\n|move|p2b: Calyrex|Astral Barrage|p1a: Urshifu|[spread] p1a,p1b\n|-resisted|p1a: Urshifu\n|-damage|p1a: Urshifu|47/100\n|-damage|p1b: Miraidon|37/100\n|\n|upkeep\n|\n|t:|1746016704\n|switch|p2a: Koraidon|Koraidon, L50|100/100\n|-weather|SunnyDay|[from] ability: Orichalcum Pulse|[of] p2a: Koraidon\n|-activate|p2a: Koraidon|Orichalcum Pulse|[source]\n|turn|3\n|\n|t:|1746016715\n|move|p1a: Urshifu|Detect|p1a: Urshifu\n|-singleturn|p1a: Urshifu|Protect\n|move|p1b: Miraidon|Draco Meteor|p2a: Koraidon|[miss]\n|-miss|p1b: Miraidon|p2a: Koraidon\n|move|p2b: Calyrex|Astral Barrage|p1b: Miraidon|[spread] p1b\n|-activate|p1a: Urshifu|move: Protect\n|-damage|p1b: Miraidon|0 fnt\n|faint|p1b: Miraidon\n|-ability|p2b: Calyrex|Grim Neigh|boost\n|-boost|p2b: Calyrex|spa|1\n|move|p2a: Koraidon|Flame Charge|p1a: Urshifu\n|-activate|p1a: Urshifu|move: Protect\n|\n|-weather|SunnyDay|[upkeep]\n|upkeep\n|c|\u2606dambro222|:8\n|\n|t:|1746016729\n|switch|p1b: Flutter Mane|Flutter Mane, L50|100/100\n|-activate|p1b: Flutter Mane|ability: Protosynthesis\n|-start|p1b: Flutter Mane|protosynthesisspe\n|turn|4\n|\n|t:|1746016738\n|switch|p2b: Chi-Yu|Chi-Yu, L50|100/100\n|-ability|p2b: Chi-Yu|Beads of Ruin\n|move|p2a: Koraidon|Protect|p2a: Koraidon\n|-singleturn|p2a: Koraidon|Protect\n|move|p1b: Flutter Mane|Moonblast|p2a: Koraidon\n|-activate|p2a: Koraidon|move: Protect\n|move|p1a: Urshifu|Wicked Blow|p2b: Chi-Yu\n|-resisted|p2b: Chi-Yu\n|-crit|p2b: Chi-Yu\n|-damage|p2b: Chi-Yu|47/100\n|\n|-weather|SunnyDay|[upkeep]\n|-sideend|p1: dambro222|move: Tailwind\n|upkeep\n|turn|5\n|\n|t:|1746016758\n|move|p1a: Urshifu|Detect|p1a: Urshifu\n|-singleturn|p1a: Urshifu|Protect\n|move|p1b: Flutter Mane|Moonblast|p2a: Koraidon\n|-supereffective|p2a: Koraidon\n|-damage|p2a: Koraidon|0 fnt\n|faint|p2a: Koraidon\n|move|p2b: Chi-Yu|Heat Wave|p1b: Flutter Mane|[spread] \n|-activate|p1a: Urshifu|move: Protect\n|-miss|p2b: Chi-Yu|p1b: Flutter Mane\n|\n|-weather|SunnyDay|[upkeep]\n|-fieldend|move: Electric Terrain\n|upkeep\n|\n|t:|1746016763\n|switch|p2a: Calyrex|Calyrex-Shadow, L50, tera:Ghost|100/100\n|-ability|p2a: Calyrex|As One\n|-ability|p2a: Calyrex|Unnerve\n|turn|6\n|\n|t:|1746016775\n|move|p2a: Calyrex|Protect|p2a: Calyrex\n|-singleturn|p2a: Calyrex|Protect\n|move|p1a: Urshifu|Sucker Punch||[still]\n|-fail|p1a: Urshifu\n|move|p1b: Flutter Mane|Shadow Ball|p2a: Calyrex\n|-activate|p2a: Calyrex|move: Protect\n|move|p2b: Chi-Yu|Heat Wave|p1b: Flutter Mane|[spread] p1a\n|-miss|p2b: Chi-Yu|p1b: Flutter Mane\n|-damage|p1a: Urshifu|0 fnt\n|faint|p1a: Urshifu\n|\n|-weather|SunnyDay|[upkeep]\n|upkeep\n|\n|t:|1746016778\n|switch|p1a: Ho-Oh|Ho-Oh, L50|61/100\n|turn|7\n|\n|t:|1746016794\n|move|p1b: Flutter Mane|Shadow Ball|p2a: Calyrex\n|-supereffective|p2a: Calyrex\n|-enditem|p2a: Calyrex|Focus Sash\n|-damage|p2a: Calyrex|1/100\n|move|p2b: Chi-Yu|Heat Wave|p1b: Flutter Mane|[spread] p1a,p1b\n|-resisted|p1a: Ho-Oh\n|-damage|p1a: Ho-Oh|35/100\n|-damage|p1b: Flutter Mane|29/100\n|move|p2a: Calyrex|Astral Barrage|p1b: Flutter Mane|[spread] p1a,p1b\n|-supereffective|p1b: Flutter Mane\n|-damage|p1a: Ho-Oh|0 fnt\n|-damage|p1b: Flutter Mane|0 fnt\n|faint|p1a: Ho-Oh\n|faint|p1b: Flutter Mane\n|-end|p1b: Flutter Mane|Protosynthesis|[silent]\n|\n|win|Schroombert\n|raw|dambro222's rating: 1204 &rarr; <strong>1189</strong><br />(-15 for losing)\n|raw|Schroombert's rating: 1344 &rarr; <strong>1356</strong><br />(+12 for winning)\n|c|\u2606dambro222|gg\n", "uploadtime": 1746016802, "views": 8, "formatid": "gen9vgc2025regibo3", "rating": 1189, "private": 0, "password": null}