{"id": "gen9vgc2025regibo3-2354092828", "format": "[Gen 9] VGC 2025 Reg I (Bo3)", "players": ["Yoddle Yoddle", "cubox11n"], "log": "|j|\u2606Yoddle Yoddle\n|j|\u2606cubox11n\n|html|<table width=\"100%\"><tr><td align=\"left\">Yoddle Yoddle</td><td align=\"right\">cubox11n</tr><tr><td align=\"left\"><i class=\"fa fa-circle-o\"></i> <i class=\"fa fa-circle-o\"></i> </td><td align=\"right\"><i class=\"fa fa-circle-o\"></i> <i class=\"fa fa-circle-o\"></i> </tr></table>\n|uhtml|bestof|<h2><strong>Game 1</strong> of <a href=\"/game-bestof3-gen9vgc2025regibo3-2354092827\">a best-of-3</a></h2>\n|t:|1746034220\n|gametype|doubles\n|player|p1|Yoddle Yoddle|backpacker|1244\n|player|p2|cubox11n|crasherwake|1246\n|teamsize|p1|6\n|teamsize|p2|6\n|gen|9\n|tier|[Gen 9] VGC 2025 Reg I (Bo3)\n|rated|\n|rule|Species Clause: Limit one of each Pok\u00e9mon\n|rule|Item Clause: Limit 1 of each item\n|clearpoke\n|poke|p1|Zamazenta-*, L50|\n|poke|p1|Chien-Pao, L50|\n|poke|p1|Lunala, L50|\n|poke|p1|Indeedee-F, L50, F|\n|poke|p1|Sneasler, L50, M|\n|poke|p1|Gouging Fire, L50|\n|poke|p2|Miraidon, L50|\n|poke|p2|Calyrex-Ice, L50|\n|poke|p2|Urshifu-*, L50, M|\n|poke|p2|Volcarona, L50, F|\n|poke|p2|Grimmsnarl, L50, M|\n|poke|p2|Ditto, L50|\n|teampreview|4\n|showteam|p1|Zamazenta-Crowned||RustedShield|DauntlessShield|behemothbash,BodyPress,Protect,WideGuard||||||50|,,,,,Dragon]Chien-Pao||FocusSash|SwordofRuin|Protect,Crunch,SacredSword,IcyWind||||||50|,,,,,Stellar]Lunala||PowerHerb|ShadowShield|MoongeistBeam,ExpandingForce,MeteorBeam,TrickRoom||||||50|,,,,,Water]Indeedee-F||SafetyGoggles|PsychicSurge|FollowMe,TrickRoom,AlluringVoice,HealPulse|||F|||50|,,,,,Fairy]Sneasler||PsychicSeed|Unburden|DireClaw,ThroatChop,ToxicSpikes,CloseCombat|||M|||50|,,,,,Ghost]Gouging Fire||BoosterEnergy|Protosynthesis|BurningBulwark,Howl,FlareBlitz,DragonClaw||||||50|,,,,,Water\n|showteam|p2|Miraidon||ChoiceSpecs|HadronEngine|ElectroDrift,DracoMeteor,DazzlingGleam,VoltSwitch||||||50|,,,,,Fairy]Calyrex-Ice||ClearAmulet|AsOneGlastrier|GlacialLance,HighHorsepower,TrickRoom,Protect||||||50|,,,,,Water]Urshifu-Rapid-Strike||MysticWater|UnseenFist|SurgingStrikes,CloseCombat,Taunt,Protect|||M|||50|,,,,,Poison]Volcarona||SitrusBerry|FlameBody|FieryDance,QuiverDance,GigaDrain,Protect|||F|||50|,,,,,Grass]Grimmsnarl||LightClay|Prankster|FoulPlay,ThunderWave,LightScreen,Reflect|||M|||50|,,,,,Ghost]Ditto||FocusSash|Imposter|Transform||||||50|,,,,,Normal\n|inactive|Battle timer is ON: inactive players will automatically lose when time's up. (requested by Yoddle Yoddle)\n|\n|t:|1746034295\n|start\n|switch|p1a: Sneasler|Sneasler, L50, M|100/100\n|switch|p1b: Indeedee|Indeedee-F, L50, F|100/100\n|switch|p2a: Grimmsnarl|Grimmsnarl, L50, M|100/100\n|switch|p2b: Miraidon|Miraidon, L50|100/100\n|-fieldstart|move: Electric Terrain|[from] ability: Hadron Engine|[of] p2b: Miraidon\n|-fieldstart|move: Psychic Terrain|[from] ability: Psychic Surge|[of] p1b: Indeedee\n|-enditem|p1a: Sneasler|Psychic Seed\n|-boost|p1a: Sneasler|spd|1|[from] item: Psychic Seed\n|turn|1\n|\n|t:|1746034312\n|move|p2a: Grimmsnarl|Reflect|p2a: Grimmsnarl\n|-sidestart|p2: cubox11n|Reflect\n|move|p1a: Sneasler|Toxic Spikes|p2a: Grimmsnarl\n|-sidestart|p2: cubox11n|move: Toxic Spikes\n|move|p2b: Miraidon|Volt Switch|p1a: Sneasler\n|-damage|p1a: Sneasler|53/100\n|\n|t:|1746034322\n|switch|p2b: Calyrex|Calyrex-Ice, L50|100/100|[from] Volt Switch\n|-ability|p2b: Calyrex|As One\n|-ability|p2b: Calyrex|Unnerve\n|-status|p2b: Calyrex|psn\n|move|p1b: Indeedee|Alluring Voice|p2a: Grimmsnarl\n|-supereffective|p2a: Grimmsnarl\n|-damage|p2a: Grimmsnarl|71/100\n|\n|-damage|p2b: Calyrex|88/100 psn|[from] psn\n|upkeep\n|turn|2\n|\n|t:|1746034344\n|move|p2a: Grimmsnarl|Light Screen|p2a: Grimmsnarl\n|-sidestart|p2: cubox11n|move: Light Screen\n|move|p1a: Sneasler|Throat Chop|p2b: Calyrex\n|-supereffective|p2b: Calyrex\n|-damage|p2b: Calyrex|63/100 psn\n|-start|p2b: Calyrex|Throat Chop|[silent]\n|move|p1b: Indeedee|Alluring Voice|p2b: Calyrex\n|-damage|p2b: Calyrex|55/100 psn\n|move|p2b: Calyrex|Glacial Lance|p1a: Sneasler|[spread] p1a,p1b\n|-damage|p1a: Sneasler|0 fnt\n|-damage|p1b: Indeedee|44/100\n|faint|p1a: Sneasler\n|-ability|p2b: Calyrex|Chilling Neigh|boost\n|-boost|p2b: Calyrex|atk|1\n|\n|-damage|p2b: Calyrex|43/100 psn|[from] psn\n|upkeep\n|\n|t:|1746034356\n|switch|p1a: Lunala|Lunala, L50|100/100\n|turn|3\n|inactive|cubox11n has 30 seconds left.\n|\n|t:|1746034383\n|move|p1a: Lunala|Meteor Beam||[still]\n|-prepare|p1a: Lunala|Meteor Beam\n|-boost|p1a: Lunala|spa|1\n|-enditem|p1a: Lunala|Power Herb\n|-anim|p1a: Lunala|Meteor Beam|p2b: Calyrex\n|-supereffective|p2b: Calyrex\n|-damage|p2b: Calyrex|0 fnt\n|faint|p2b: Calyrex\n|move|p2a: Grimmsnarl|Foul Play|p1a: Lunala\n|-supereffective|p1a: Lunala\n|-damage|p1a: Lunala|56/100\n|move|p1b: Indeedee|Trick Room|p1b: Indeedee\n|-fieldstart|move: Trick Room|[of] p1b: Indeedee\n|\n|upkeep\n|\n|t:|1746034395\n|switch|p2b: Miraidon|Miraidon, L50|100/100\n|-status|p2b: Miraidon|psn\n|-fieldstart|move: Electric Terrain|[from] ability: Hadron Engine|[of] p2b: Miraidon\n|turn|4\n|\n|t:|1746034403\n|-terastallize|p1b: Indeedee|Fairy\n|move|p1b: Indeedee|Follow Me|p1b: Indeedee\n|-singleturn|p1b: Indeedee|move: Follow Me\n|move|p2a: Grimmsnarl|Foul Play|p1b: Indeedee\n|-resisted|p1b: Indeedee\n|-damage|p1b: Indeedee|35/100\n|move|p1a: Lunala|Moongeist Beam|p2b: Miraidon\n|-damage|p2b: Miraidon|57/100 psn\n|move|p2b: Miraidon|Volt Switch|p1b: Indeedee\n|-damage|p1b: Indeedee|0 fnt\n|faint|p1b: Indeedee\n|\n|t:|1746034409\n|switch|p2b: Volcarona|Volcarona, L50, F|100/100|[from] Volt Switch\n|-status|p2b: Volcarona|psn\n|\n|-damage|p2b: Volcarona|88/100 psn|[from] psn\n|upkeep\n|\n|t:|1746034412\n|switch|p1b: Chien-Pao|Chien-Pao, L50|100/100\n|-ability|p1b: Chien-Pao|Sword of Ruin\n|turn|5\n|\n|t:|1746034423\n|move|p2a: Grimmsnarl|Foul Play|p1b: Chien-Pao\n|-resisted|p1b: Chien-Pao\n|-damage|p1b: Chien-Pao|71/100\n|move|p1a: Lunala|Moongeist Beam|p2b: Volcarona\n|-damage|p2b: Volcarona|32/100 psn\n|-enditem|p2b: Volcarona|Sitrus Berry|[eat]\n|-heal|p2b: Volcarona|57/100 psn|[from] item: Sitrus Berry\n|move|p2b: Volcarona|Fiery Dance|p1b: Chien-Pao\n|-supereffective|p1b: Chien-Pao\n|-damage|p1b: Chien-Pao|0 fnt\n|faint|p1b: Chien-Pao\n|\n|-damage|p2b: Volcarona|45/100 psn|[from] psn\n|upkeep\n|turn|6\n|\n|t:|1746034431\n|move|p2a: Grimmsnarl|Foul Play|p1a: Lunala\n|-supereffective|p1a: Lunala\n|-damage|p1a: Lunala|0 fnt\n|faint|p1a: Lunala\n|\n|win|cubox11n\n||Yoddle Yoddle is ready for game 2.\n||cubox11n is ready for game 2.\n|uhtml|next|Next: <a href=\"/battle-gen9vgc2025regibo3-2354095354\"><strong>Game 2 of 3</strong></a>\n|l|\u2606Yoddle Yoddle\n|player|p1|\n|l|\u2606cubox11n\n|player|p2|\n", "uploadtime": 1746034656, "views": 11, "formatid": "gen9vgc2025regibo3", "rating": null, "private": 0, "password": null}