{"id": "gen9vgc2025regibo3-2353736564", "format": "[Gen 9] VGC 2025 Reg I (Bo3)", "players": ["BoomCrashPow", "merrypasta"], "log": "|j|\u2606BoomCrashPow\n|j|\u2606merrypasta\n|html|<table width=\"100%\"><tr><td align=\"left\">BoomCrashPow</td><td align=\"right\">merrypasta</tr><tr><td align=\"left\"><i class=\"fa fa-circle\"></i> <i class=\"fa fa-circle-o\"></i> </td><td align=\"right\"><i class=\"fa fa-circle-o\"></i> <i class=\"fa fa-circle-o\"></i> </tr></table>\n|uhtml|bestof|<h2><strong>Game 2</strong> of <a href=\"/game-bestof3-gen9vgc2025regibo3-2353734990\">a best-of-3</a></h2>\n|t:|1745991145\n|gametype|doubles\n|player|p1|BoomCrashPow|101|1115\n|player|p2|merrypasta|lady|1073\n|teamsize|p1|6\n|teamsize|p2|6\n|gen|9\n|tier|[Gen 9] VGC 2025 Reg I (Bo3)\n|rated|\n|rule|Species Clause: Limit one of each Pok\u00e9mon\n|rule|Item Clause: Limit 1 of each item\n|clearpoke\n|poke|p1|Solgaleo, L50|\n|poke|p1|Koraidon, L50|\n|poke|p1|Walking Wake, L50|\n|poke|p1|Armarouge, L50, F|\n|poke|p1|Rhyperior, L50, M|\n|poke|p1|Brute Bonnet, L50|\n|poke|p2|Miraidon, L50|\n|poke|p2|Grimmsnarl, L50, M|\n|poke|p2|Lunala, L50|\n|poke|p2|Iron Hands, L50|\n|poke|p2|Volcarona, L50, M|\n|poke|p2|Ditto, L50|\n|teampreview|4\n|showteam|p1|Solgaleo||WeaknessPolicy|FullMetalBody|WideGuard,SunsteelStrike,PsychicFangs,FlareBlitz||||||50|,,,,,Fire]Koraidon||ClearAmulet|OrichalcumPulse|Protect,CollisionCourse,ScaleShot,FlareBlitz||||||50|,,,,,Fire]Walking Wake||LifeOrb|Protosynthesis|Protect,DracoMeteor,HydroSteam,Flamethrower||||||50|,,,,,Stellar]Armarouge||PowerHerb|FlashFire|MeteorBeam,HeatWave,SolarBeam,TrickRoom|||F|||50|,,,,,Grass]Rhyperior||AssaultVest|LightningRod|HighHorsepower,SupercellSlam,RockSlide,Earthquake|||M|||50|,,,,,Fairy]Brute Bonnet||LoadedDice|Protosynthesis|RagePowder,BulletSeed,SuckerPunch,Spore||||||50|,,,,,Grass\n|showteam|p2|Miraidon||ChoiceSpecs|HadronEngine|ElectroDrift,DracoMeteor,DazzlingGleam,VoltSwitch||||||50|,,,,,Fairy]Grimmsnarl||LightClay|Prankster|SpiritBreak,Reflect,LightScreen,ThunderWave|||M|||50|,,,,,Steel]Lunala||Leftovers|ShadowShield|MoongeistBeam,WillOWisp,TrickRoom,WideGuard||||||50|,,,,,Water]Iron Hands||AssaultVest|QuarkDrive|DrainPunch,LowKick,WildCharge,FakeOut||||||50|,,,,,Water]Volcarona||CovertCloak|FlameBody|FieryDance,GigaDrain,QuiverDance,Protect|||M|||50|,,,,,Grass]Ditto||FocusSash|Imposter|Transform||||||50|,,,,,Normal\n|\n|t:|1745991199\n|start\n|switch|p1a: Koraidon|Koraidon, L50|100/100\n|switch|p1b: Rhyperior|Rhyperior, L50, M|100/100\n|switch|p2a: Gamzeee|Grimmsnarl, L50, M|100/100\n|switch|p2b: Nepeta|Lunala, L50|100/100\n|-weather|SunnyDay|[from] ability: Orichalcum Pulse|[of] p1a: Koraidon\n|-activate|p1a: Koraidon|Orichalcum Pulse|[source]\n|turn|1\n|\n|t:|1745991263\n|move|p2a: Gamzeee|Reflect|p2a: Gamzeee\n|-sidestart|p2: merrypasta|Reflect\n|move|p1a: Koraidon|Flare Blitz|p2b: Nepeta\n|-damage|p2b: Nepeta|80/100\n|-damage|p1a: Koraidon|91/100|[from] Recoil\n|move|p2b: Nepeta|Will-O-Wisp|p1b: Rhyperior\n|-status|p1b: Rhyperior|brn\n|move|p1b: Rhyperior|High Horsepower|p2b: Nepeta\n|-damage|p2b: Nepeta|67/100\n|\n|-weather|SunnyDay|[upkeep]\n|-heal|p2b: Nepeta|73/100|[from] item: Leftovers\n|-damage|p1b: Rhyperior|95/100 brn|[from] brn\n|upkeep\n|turn|2\n|\n|t:|1745991302\n|switch|p1b: Brute Bonnet|Brute Bonnet, L50|100/100\n|-activate|p1b: Brute Bonnet|ability: Protosynthesis\n|-start|p1b: Brute Bonnet|protosynthesisatk\n|move|p1a: Koraidon|Protect|p1a: Koraidon\n|-singleturn|p1a: Koraidon|Protect\n|move|p2b: Nepeta|Moongeist Beam|p1b: Brute Bonnet\n|-resisted|p1b: Brute Bonnet\n|-damage|p1b: Brute Bonnet|79/100\n|move|p2a: Gamzeee|Spirit Break|p1a: Koraidon\n|-activate|p1a: Koraidon|move: Protect\n|\n|-weather|SunnyDay|[upkeep]\n|-heal|p2b: Nepeta|80/100|[from] item: Leftovers\n|upkeep\n|turn|3\n|\n|t:|1745991358\n|switch|p1a: Solgaleo|Solgaleo, L50|100/100\n|switch|p2b: Caliborn|Miraidon, L50|100/100\n|-fieldstart|move: Electric Terrain|[from] ability: Hadron Engine|[of] p2b: Caliborn\n|move|p2a: Gamzeee|Spirit Break|p1a: Solgaleo\n|-resisted|p1a: Solgaleo\n|-damage|p1a: Solgaleo|91/100\n|move|p1b: Brute Bonnet|Spore|p2a: Gamzeee\n|-activate|p2a: Gamzeee|move: Electric Terrain\n|\n|-weather|SunnyDay|[upkeep]\n|upkeep\n|turn|4\n|\n|t:|1745991384\n|-end|p1b: Brute Bonnet|Protosynthesis|[silent]\n|switch|p1b: Rhyperior|Rhyperior, L50, M|95/100 brn\n|-terastallize|p2b: Caliborn|Fairy\n|move|p2a: Gamzeee|Light Screen|p2a: Gamzeee\n|-sidestart|p2: merrypasta|move: Light Screen\n|move|p2b: Caliborn|Dazzling Gleam|p1b: Rhyperior|[spread] p1a,p1b\n|-resisted|p1a: Solgaleo\n|-damage|p1a: Solgaleo|63/100\n|-damage|p1b: Rhyperior|32/100 brn\n|move|p1a: Solgaleo|Sunsteel Strike|p2a: Gamzeee\n|-supereffective|p2a: Gamzeee\n|-damage|p2a: Gamzeee|29/100\n|\n|-weather|SunnyDay|[upkeep]\n|-damage|p1b: Rhyperior|26/100 brn|[from] brn\n|upkeep\n|turn|5\n|\n|t:|1745991421\n|move|p1a: Solgaleo|Wide Guard|p1a: Solgaleo\n|-singleturn|p1a: Solgaleo|Wide Guard\n|move|p2a: Gamzeee|Thunder Wave|p1b: Rhyperior\n|-activate|p1b: Rhyperior|ability: Lightning Rod\n|-ability|p1b: Rhyperior|Lightning Rod|boost\n|-boost|p1b: Rhyperior|spa|1\n|move|p2b: Caliborn|Dazzling Gleam|p1b: Rhyperior|[spread] \n|-activate|p1a: Solgaleo|move: Wide Guard\n|-activate|p1b: Rhyperior|move: Wide Guard\n|move|p1b: Rhyperior|Supercell Slam|p2a: Gamzeee\n|-damage|p2a: Gamzeee|11/100\n|\n|-weather|none\n|-damage|p1b: Rhyperior|20/100 brn|[from] brn\n|upkeep\n|turn|6\n|c|\u2606merrypasta|i am such an idiot\n|\n|t:|1745991454\n|switch|p1b: Brute Bonnet|Brute Bonnet, L50|79/100\n|move|p2b: Caliborn|Dazzling Gleam|p1b: Brute Bonnet|[spread] p1a,p1b\n|-resisted|p1a: Solgaleo\n|-supereffective|p1b: Brute Bonnet\n|-damage|p1a: Solgaleo|30/100\n|-damage|p1b: Brute Bonnet|0 fnt\n|faint|p1b: Brute Bonnet\n|-end|p1b: Brute Bonnet|Protosynthesis|[silent]\n|move|p1a: Solgaleo|Sunsteel Strike|p2a: Gamzeee\n|-supereffective|p2a: Gamzeee\n|-damage|p2a: Gamzeee|0 fnt\n|faint|p2a: Gamzeee\n|\n|upkeep\n|\n|t:|1745991469\n|switch|p2a: Aradia|Volcarona, L50, M|100/100\n|switch|p1b: Koraidon|Koraidon, L50|91/100\n|-weather|SunnyDay|[from] ability: Orichalcum Pulse|[of] p1b: Koraidon\n|-activate|p1b: Koraidon|Orichalcum Pulse|[source]\n|turn|7\n|\n|t:|1745991491\n|-terastallize|p1b: Koraidon|Fire\n|move|p1a: Solgaleo|Wide Guard|p1a: Solgaleo\n|-singleturn|p1a: Solgaleo|Wide Guard\n|move|p1b: Koraidon|Flare Blitz|p2a: Aradia\n|-damage|p2a: Aradia|0 fnt\n|faint|p2a: Aradia\n|-damage|p1b: Koraidon|56/100|[from] Recoil\n|move|p2b: Caliborn|Dazzling Gleam|p1b: Koraidon|[spread] \n|-activate|p1a: Solgaleo|move: Wide Guard\n|-activate|p1b: Koraidon|move: Wide Guard\n|\n|-weather|SunnyDay|[upkeep]\n|-fieldend|move: Electric Terrain\n|upkeep\n|c|\u2606merrypasta|through reflect????\n|\n|t:|1745991504\n|switch|p2a: Nepeta|Lunala, L50|80/100\n|turn|8\n|\n|t:|1745991529\n|move|p1a: Solgaleo|Wide Guard|p1a: Solgaleo\n|-singleturn|p1a: Solgaleo|Wide Guard\n|move|p1b: Koraidon|Flare Blitz|p2a: Nepeta\n|-damage|p2a: Nepeta|22/100\n|-damage|p1b: Koraidon|29/100|[from] Recoil\n|move|p2b: Caliborn|Dazzling Gleam|p1b: Koraidon|[spread] \n|-activate|p1a: Solgaleo|move: Wide Guard\n|-activate|p1b: Koraidon|move: Wide Guard\n|move|p2a: Nepeta|Moongeist Beam|p1a: Solgaleo\n|-supereffective|p1a: Solgaleo\n|-damage|p1a: Solgaleo|0 fnt\n|faint|p1a: Solgaleo\n|\n|-weather|SunnyDay|[upkeep]\n|-heal|p2a: Nepeta|28/100|[from] item: Leftovers\n|-sideend|p2: merrypasta|Reflect\n|upkeep\n|\n|t:|1745991545\n|switch|p1a: Rhyperior|Rhyperior, L50, M|20/100 brn\n|turn|9\n|\n|t:|1745991587\n|move|p1b: Koraidon|Flare Blitz|p2a: Nepeta\n|-damage|p2a: Nepeta|0 fnt\n|faint|p2a: Nepeta\n|-damage|p1b: Koraidon|16/100|[from] Recoil\n|move|p2b: Caliborn|Dazzling Gleam|p1b: Koraidon|[spread] p1a,p1b\n|-resisted|p1b: Koraidon\n|-damage|p1a: Rhyperior|0 fnt\n|-damage|p1b: Koraidon|0 fnt\n|faint|p1a: Rhyperior\n|faint|p1b: Koraidon\n|\n|win|merrypasta\n||merrypasta is ready for game 3.\n|inactive|BoomCrashPow has 30 seconds to confirm battle start!\n||BoomCrashPow is ready for game 3.\n|uhtml|next|Next: <a href=\"/battle-gen9vgc2025regibo3-2353739161\"><strong>Game 3 of 3</strong></a>\n|l|\u2606merrypasta\n|player|p2|\n", "uploadtime": 1745991865, "views": 22, "formatid": "gen9vgc2025regibo3", "rating": null, "private": 0, "password": null}