{"id": "gen9vgc2025regibo3-2354530524", "format": "[Gen 9] VGC 2025 Reg I (Bo3)", "players": ["yamimalik777", "angrybook"], "log": "|j|\u2606yamimalik777\n|j|\u2606angrybook\n|html|<table width=\"100%\"><tr><td align=\"left\">yamimalik777</td><td align=\"right\">angrybook</tr><tr><td align=\"left\"><i class=\"fa fa-circle-o\"></i> <i class=\"fa fa-circle-o\"></i> </td><td align=\"right\"><i class=\"fa fa-circle-o\"></i> <i class=\"fa fa-circle-o\"></i> </tr></table>\n|uhtml|bestof|<h2><strong>Game 1</strong> of <a href=\"/game-bestof3-gen9vgc2025regibo3-2354530523\">a best-of-3</a></h2>\n|t:|1746088816\n|gametype|doubles\n|player|p1|yamimalik777|102|1143\n|player|p2|angrybook|pokemaniac|1161\n|teamsize|p1|6\n|teamsize|p2|6\n|gen|9\n|tier|[Gen 9] VGC 2025 Reg I (Bo3)\n|rated|\n|rule|Species Clause: Limit one of each Pok\u00e9mon\n|rule|Item Clause: Limit 1 of each item\n|clearpoke\n|poke|p1|Kyogre, L50|\n|poke|p1|Zamazenta-*, L50|\n|poke|p1|Tornadus, L50, M|\n|poke|p1|Incineroar, L50, M|\n|poke|p1|Rillaboom, L50, F|\n|poke|p1|Urshifu-*, L50, M|\n|poke|p2|Dragonite, L50, F|\n|poke|p2|Iron Valiant, L50|\n|poke|p2|Calyrex-Shadow, L50|\n|poke|p2|Infernape, L50, F|\n|poke|p2|Zamazenta-*, L50|\n|poke|p2|Chien-Pao, L50|\n|teampreview|4\n|showteam|p1|Kyogre||ChoiceSpecs|Drizzle|WaterSpout,OriginPulse,Thunder,IceBeam||||||50|,,,,,Grass]Zamazenta-Crowned||RustedShield|DauntlessShield|WideGuard,BodyPress,Protect,HeavySlam||||||50|,,,,,Dragon]Tornadus||CovertCloak|Prankster|Tailwind,Taunt,Hurricane,Protect|||M|||50|,,,,,Dark]Incineroar||SafetyGoggles|Intimidate|FakeOut,KnockOff,PartingShot,Protect|||M|||50|,,,,,Ghost]Rillaboom||AssaultVest|GrassySurge|FakeOut,GrassyGlide,WoodHammer,Uturn|||F|||50|,,,,,Fire]Urshifu||FocusSash|UnseenFist|WickedBlow,SuckerPunch,CloseCombat,Detect|||M|||50|,,,,,Ghost\n|showteam|p2|Dragonite||AssaultVest|InnerFocus|Metronome,IceSpinner,ExtremeSpeed,DragonClaw|||F|||50|,,,,,Normal]Iron Valiant||BoosterEnergy|QuarkDrive|Moonblast,CloseCombat,Protect,Metronome||||||50|,,,,,Steel]Calyrex-Shadow||FocusSash|AsOneSpectrier|AstralBarrage,Psyshock,Protect,Metronome||||||50|,,,,,Normal]Infernape||CovertCloak|IronFist|Metronome,Overheat,CloseCombat,FakeOut|||F|||50|,,,,,Fire]Zamazenta-Crowned||RustedShield|DauntlessShield|BodyPress,HeavySlam,WideGuard,Protect||||||50|,,,,,Grass]Chien-Pao||ClearAmulet|SwordofRuin|IceSpinner,SacredSword,SuckerPunch,Protect||||||50|,,,,,Fighting\n|inactive|Battle timer is ON: inactive players will automatically lose when time's up. (requested by angrybook)\n|\n|t:|1746088869\n|start\n|switch|p1a: Tornadus|Tornadus, L50, M|100/100\n|switch|p1b: Kyogre|Kyogre, L50|100/100\n|switch|p2a: Dragonite|Dragonite, L50, F|100/100\n|switch|p2b: Zamazenta|Zamazenta-Crowned, L50|100/100\n|-ability|p2b: Zamazenta|Dauntless Shield|boost\n|-boost|p2b: Zamazenta|def|1\n|-weather|RainDance|[from] ability: Drizzle|[of] p1b: Kyogre\n|turn|1\n|c|\u2606angrybook|i am the gambling master\n|inactive|yamimalik777 has 30 seconds left.\n|inactive|angrybook has 30 seconds left.\n|c|\u2606yamimalik777|i see\n|\n|t:|1746088903\n|switch|p1b: Incineroar|Incineroar, L50, M|100/100\n|-ability|p1b: Incineroar|Intimidate|boost\n|-fail|p2a: Dragonite|unboost|Attack|[from] ability: Inner Focus|[of] p2a: Dragonite\n|-unboost|p2b: Zamazenta|atk|1\n|move|p2a: Dragonite|Extreme Speed|p1b: Incineroar\n|-damage|p1b: Incineroar|74/100\n|move|p1a: Tornadus|Tailwind|p1a: Tornadus\n|-sidestart|p1: yamimalik777|move: Tailwind\n|move|p2b: Zamazenta|Body Press|p1b: Incineroar\n|-supereffective|p1b: Incineroar\n|-damage|p1b: Incineroar|0 fnt\n|faint|p1b: Incineroar\n|\n|-weather|RainDance|[upkeep]\n|upkeep\n|\n|t:|1746088916\n|switch|p1b: Kyogre|Kyogre, L50|100/100\n|turn|2\n|\n|t:|1746088925\n|move|p2b: Zamazenta|Wide Guard|p2b: Zamazenta\n|-singleturn|p2b: Zamazenta|Wide Guard\n|move|p2a: Dragonite|Extreme Speed|p1b: Kyogre\n|-damage|p1b: Kyogre|67/100\n|move|p1a: Tornadus|Taunt|p2b: Zamazenta\n|-start|p2b: Zamazenta|move: Taunt\n|move|p1b: Kyogre|Ice Beam|p2a: Dragonite\n|-supereffective|p2a: Dragonite\n|-damage|p2a: Dragonite|0 fnt\n|faint|p2a: Dragonite\n|\n|-weather|RainDance|[upkeep]\n|upkeep\n|\n|t:|1746088940\n|switch|p2a: Iron Valiant|Iron Valiant, L50|100/100\n|-enditem|p2a: Iron Valiant|Booster Energy\n|-activate|p2a: Iron Valiant|ability: Quark Drive|[fromitem]\n|-start|p2a: Iron Valiant|quarkdrivespe\n|turn|3\n|\n|t:|1746088950\n|switch|p1b: Zamazenta|Zamazenta-Crowned, L50|100/100\n|-ability|p1b: Zamazenta|Dauntless Shield|boost\n|-boost|p1b: Zamazenta|def|1\n|move|p2a: Iron Valiant|Protect|p2a: Iron Valiant\n|-singleturn|p2a: Iron Valiant|Protect\n|move|p1a: Tornadus|Hurricane|p2a: Iron Valiant\n|-activate|p2a: Iron Valiant|move: Protect\n|move|p2b: Zamazenta|Body Press|p1b: Zamazenta\n|-supereffective|p1b: Zamazenta\n|-damage|p1b: Zamazenta|57/100\n|\n|-weather|RainDance|[upkeep]\n|upkeep\n|turn|4\n|\n|t:|1746088975\n|-terastallize|p1b: Zamazenta|Dragon\n|-terastallize|p2a: Iron Valiant|Steel\n|move|p1a: Tornadus|Hurricane|p2a: Iron Valiant\n|-resisted|p2a: Iron Valiant\n|-damage|p2a: Iron Valiant|50/100\n|move|p1b: Zamazenta|Body Press|p2b: Zamazenta\n|-supereffective|p2b: Zamazenta\n|-damage|p2b: Zamazenta|34/100\n|move|p2a: Iron Valiant|Close Combat|p1b: Zamazenta\n|-damage|p1b: Zamazenta|33/100\n|-unboost|p2a: Iron Valiant|def|1\n|-unboost|p2a: Iron Valiant|spd|1\n|move|p2b: Zamazenta|Body Press|p1b: Zamazenta\n|-damage|p1b: Zamazenta|12/100\n|\n|-weather|RainDance|[upkeep]\n|-sideend|p1: yamimalik777|move: Tailwind\n|upkeep\n|turn|5\n|inactive|angrybook has 30 seconds left.\n|inactive|yamimalik777 has 30 seconds left.\n|\n|t:|1746089008\n|move|p1a: Tornadus|Tailwind|p1a: Tornadus\n|-sidestart|p1: yamimalik777|move: Tailwind\n|move|p1b: Zamazenta|Body Press|p2b: Zamazenta\n|-supereffective|p2b: Zamazenta\n|-damage|p2b: Zamazenta|0 fnt\n|faint|p2b: Zamazenta\n|move|p2a: Iron Valiant|Moonblast|p1b: Zamazenta\n|-supereffective|p1b: Zamazenta\n|-damage|p1b: Zamazenta|0 fnt\n|faint|p1b: Zamazenta\n|\n|-weather|none\n|upkeep\n|\n|t:|1746089018\n|switch|p2b: Calyrex|Calyrex-Shadow, L50|100/100\n|switch|p1b: Kyogre|Kyogre, L50|67/100\n|-ability|p2b: Calyrex|As One\n|-ability|p2b: Calyrex|Unnerve\n|-weather|RainDance|[from] ability: Drizzle|[of] p1b: Kyogre\n|turn|6\n|\n|t:|1746089031\n|move|p2a: Iron Valiant|Protect|p2a: Iron Valiant\n|-singleturn|p2a: Iron Valiant|Protect\n|move|p2b: Calyrex|Protect|p2b: Calyrex\n|-singleturn|p2b: Calyrex|Protect\n|move|p1a: Tornadus|Hurricane|p2b: Calyrex\n|-activate|p2b: Calyrex|move: Protect\n|move|p1b: Kyogre|Origin Pulse|p2b: Calyrex|[spread] \n|-activate|p2a: Iron Valiant|move: Protect\n|-activate|p2b: Calyrex|move: Protect\n|\n|-weather|RainDance|[upkeep]\n|upkeep\n|turn|7\n|\n|t:|1746089052\n|move|p1a: Tornadus|Hurricane|p2b: Calyrex\n|-damage|p2b: Calyrex|44/100\n|-start|p2b: Calyrex|confusion\n|move|p1b: Kyogre|Origin Pulse|p2b: Calyrex|[spread] p2a,p2b\n|-crit|p2b: Calyrex\n|-damage|p2a: Iron Valiant|0 fnt\n|-damage|p2b: Calyrex|0 fnt\n|faint|p2a: Iron Valiant\n|-end|p2a: Iron Valiant|Quark Drive|[silent]\n|faint|p2b: Calyrex\n|\n|win|yamimalik777\n||angrybook is ready for game 2.\n||yamimalik777 is ready for game 2.\n|uhtml|next|Next: <a href=\"/battle-gen9vgc2025regibo3-2354531725\"><strong>Game 2 of 3</strong></a>\n|l|\u2606yamimalik777\n|player|p1|\n", "uploadtime": 1746089335, "views": 13, "formatid": "gen9vgc2025regibo3", "rating": null, "private": 0, "password": null}