{"id": "gen9vgc2025regibo3-2354372752", "format": "[Gen 9] VGC 2025 Reg I (Bo3)", "players": ["Test0824", "ieatsteakwelldone"], "log": "|j|\u2606Test0824\n|j|\u2606ieatsteakwelldone\n|html|<table width=\"100%\"><tr><td align=\"left\">Test0824</td><td align=\"right\">ieatsteakwelldone</tr><tr><td align=\"left\"><i class=\"fa fa-circle-o\"></i> <i class=\"fa fa-circle-o\"></i> </td><td align=\"right\"><i class=\"fa fa-circle-o\"></i> <i class=\"fa fa-circle\"></i> </tr></table>\n|uhtml|bestof|<h2><strong>Game 2</strong> of <a href=\"/game-bestof3-gen9vgc2025regibo3-2354370838\">a best-of-3</a></h2>\n|t:|1746063311\n|gametype|doubles\n|player|p1|Test0824|chuck|1113\n|player|p2|ieatsteakwelldone|2|1120\n|teamsize|p1|6\n|teamsize|p2|6\n|gen|9\n|tier|[Gen 9] VGC 2025 Reg I (Bo3)\n|rated|\n|rule|Species Clause: Limit one of each Pok\u00e9mon\n|rule|Item Clause: Limit 1 of each item\n|clearpoke\n|poke|p1|Solgaleo, L50|\n|poke|p1|Calyrex-Shadow, L50|\n|poke|p1|Weezing, L50, F|\n|poke|p1|Landorus, L50, M|\n|poke|p1|Whimsicott, L50, M|\n|poke|p1|Orthworm, L50, F|\n|poke|p2|Miraidon, L50|\n|poke|p2|Chien-Pao, L50|\n|poke|p2|Farigiraf, L50, M|\n|poke|p2|Zamazenta-*, L50|\n|poke|p2|Iron Hands, L50|\n|poke|p2|Entei, L50|\n|teampreview|4\n|showteam|p1|Solgaleo||WeaknessPolicy|FullMetalBody|SunsteelStrike,PsychicFangs,FlameCharge,Protect||||||50|,,,,,Fire]Calyrex-Shadow||FocusSash|AsOneSpectrier|AstralBarrage,Bulldoze,Encore,Protect||||||50|,,,,,Normal]Weezing||RockyHelmet|NeutralizingGas|Protect,Taunt,WillOWisp,SludgeBomb|||F|||50|,,,,,Grass]Landorus||ChoiceScarf|SheerForce|EarthPower,SludgeBomb,Uturn,SandsearStorm|||M|||50|,,,,,Water]Whimsicott||CovertCloak|Prankster|Tailwind,LightScreen,Moonblast,Encore|||M|||50|,,,,,Dark]Orthworm||SitrusBerry|EarthEater|BodyPress,IronDefense,ShedTail,Protect|||F|||50|,,,,,Dragon\n|showteam|p2|Miraidon||ChoiceScarf|HadronEngine|ElectroDrift,Discharge,DracoMeteor,VoltSwitch||||||50|,,,,,Electric]Chien-Pao||FocusSash|SwordofRuin|Protect,IcicleCrash,SuckerPunch,ThroatChop||||||50|,,,,,Ghost]Farigiraf||ElectricSeed|ArmorTail|Psychic,FoulPlay,TrickRoom,HelpingHand|||M|||50|,,,,,Water]Zamazenta-Crowned||RustedShield|DauntlessShield|BodyPress,behemothbash,WideGuard,Protect||||||50|,,,,,Dragon]Iron Hands||AssaultVest|QuarkDrive|FakeOut,DrainPunch,WildCharge,LowKick||||||50|,,,,,Grass]Entei||LifeOrb|InnerFocus|SacredFire,ExtremeSpeed,StoneEdge,Protect||||||50|,,,,,Normal\n|\n|t:|1746063327\n|start\n|switch|p1a: Weezing|Weezing, L50, F|100/100\n|switch|p1b: Calyrex|Calyrex-Shadow, L50|100/100\n|switch|p2a: Miraidon|Miraidon, L50|100/100\n|switch|p2b: Chien-Pao|Chien-Pao, L50|100/100\n|-ability|p1a: Weezing|Neutralizing Gas\n|-ability|p1b: Calyrex|As One\n|-ability|p1b: Calyrex|Unnerve\n|turn|1\n|\n|t:|1746063360\n|-terastallize|p2a: Miraidon|Electric\n|move|p1b: Calyrex|Protect|p1b: Calyrex\n|-singleturn|p1b: Calyrex|Protect\n|move|p1a: Weezing|Protect|p1a: Weezing\n|-singleturn|p1a: Weezing|Protect\n|move|p2b: Chien-Pao|Sucker Punch||[still]\n|-fail|p2b: Chien-Pao\n|move|p2a: Miraidon|Electro Drift|p1b: Calyrex\n|-activate|p1b: Calyrex|move: Protect\n|\n|upkeep\n|turn|2\n|\n|t:|1746063387\n|move|p2a: Miraidon|Electro Drift|p1a: Weezing\n|-damage|p1a: Weezing|39/100\n|-damage|p2a: Miraidon|84/100|[from] item: Rocky Helmet|[of] p1a: Weezing\n|move|p1b: Calyrex|Encore|p2b: Chien-Pao\n|-start|p2b: Chien-Pao|Encore\n|move|p2b: Chien-Pao|Sucker Punch||[still]\n|-fail|p2b: Chien-Pao\n|move|p1a: Weezing|Will-O-Wisp|p2b: Chien-Pao|[miss]\n|-miss|p1a: Weezing|p2b: Chien-Pao\n|\n|upkeep\n|turn|3\n|inactive|Battle timer is ON: inactive players will automatically lose when time's up. (requested by ieatsteakwelldone)\n|\n|t:|1746063434\n|switch|p2b: Entei|Entei, L50, shiny|100/100\n|-terastallize|p1a: Weezing|Grass\n|move|p2a: Miraidon|Electro Drift|p1b: Calyrex\n|-damage|p1b: Calyrex|32/100\n|move|p1b: Calyrex|Bulldoze|p2b: Entei|[spread] p1a,p2a,p2b\n|-resisted|p1a: Weezing\n|-supereffective|p2a: Miraidon\n|-supereffective|p2b: Entei\n|-damage|p1a: Weezing|35/100\n|-damage|p2a: Miraidon|68/100\n|-damage|p2b: Entei|84/100\n|-unboost|p1a: Weezing|spe|1\n|-unboost|p2a: Miraidon|spe|1\n|-unboost|p2b: Entei|spe|1\n|move|p1a: Weezing|Will-O-Wisp|p2b: Entei\n|-immune|p2b: Entei\n|\n|upkeep\n|turn|4\n|\n|t:|1746063457\n|move|p1a: Weezing|Protect|p1a: Weezing\n|-singleturn|p1a: Weezing|Protect\n|move|p1b: Calyrex|Astral Barrage|p2b: Entei|[spread] p2a,p2b\n|-damage|p2a: Miraidon|19/100\n|-damage|p2b: Entei|22/100\n|move|p2a: Miraidon|Electro Drift|p1b: Calyrex\n|-damage|p1b: Calyrex|0 fnt\n|faint|p1b: Calyrex\n|move|p2b: Entei|Sacred Fire|p1a: Weezing\n|-activate|p1a: Weezing|move: Protect\n|\n|upkeep\n|\n|t:|1746063468\n|switch|p1b: Landorus|Landorus, L50, M|100/100\n|turn|5\n|inactive|ieatsteakwelldone has 30 seconds left.\n|\n|t:|1746063494\n|switch|p2a: Chien-Pao|Chien-Pao, L50|100/100\n|-end|p1a: Weezing|ability: Neutralizing Gas\n|-ability|p2a: Chien-Pao|Sword of Ruin\n|switch|p1a: Solgaleo|Solgaleo, L50|100/100\n|move|p2b: Entei|Protect|p2b: Entei\n|-singleturn|p2b: Entei|Protect\n|move|p1b: Landorus|Sandsear Storm|p2a: Chien-Pao|[spread] p2a\n|-activate|p2b: Entei|move: Protect\n|-damage|p2a: Chien-Pao|24/100\n|\n|upkeep\n|turn|6\n|inactive|Test0824 has 30 seconds left.\n|inactive|ieatsteakwelldone has 30 seconds left.\n|inactive|ieatsteakwelldone has 20 seconds left.\n|inactive|ieatsteakwelldone has 15 seconds left.\n|\n|t:|1746063539\n|move|p2b: Entei|Extreme Speed|p1b: Landorus\n|-damage|p1b: Landorus|43/100\n|-damage|p2b: Entei|12/100|[from] item: Life Orb\n|move|p1b: Landorus|Sandsear Storm|p2a: Chien-Pao|[spread] p2a,p2b\n|-supereffective|p2b: Entei\n|-damage|p2a: Chien-Pao|0 fnt\n|-damage|p2b: Entei|0 fnt\n|faint|p2a: Chien-Pao\n|faint|p2b: Entei\n|move|p1a: Solgaleo|Flame Charge|p2: Chien-Pao|[notarget]\n|-fail|p1a: Solgaleo\n|\n|upkeep\n|\n|t:|1746063545\n|switch|p2a: Zamazenta|Zamazenta-Crowned, L50|100/100\n|switch|p2b: Miraidon|Miraidon, L50, tera:Electric|19/100\n|-fieldstart|move: Electric Terrain|[from] ability: Hadron Engine|[of] p2b: Miraidon\n|-ability|p2a: Zamazenta|Dauntless Shield|boost\n|-boost|p2a: Zamazenta|def|1\n|turn|7\n|inactive|Test0824 has 30 seconds left.\n|inactive|ieatsteakwelldone has 30 seconds left.\n|\n|t:|1746063574\n|switch|p1b: Weezing|Weezing, L50, F, tera:Grass|35/100\n|-ability|p1b: Weezing|Neutralizing Gas\n|move|p2b: Miraidon|Draco Meteor|p1b: Weezing\n|-damage|p1b: Weezing|0 fnt\n|-unboost|p2b: Miraidon|spa|2\n|faint|p1b: Weezing\n|-end|p1b: Weezing|ability: Neutralizing Gas\n|-activate|p2b: Miraidon|ability: Hadron Engine\n|move|p2a: Zamazenta|Body Press|p1a: Solgaleo\n|-damage|p1a: Solgaleo|39/100\n|move|p1a: Solgaleo|Flame Charge|p2a: Zamazenta\n|-supereffective|p2a: Zamazenta\n|-damage|p2a: Zamazenta|84/100\n|-boost|p1a: Solgaleo|spe|1\n|\n|upkeep\n|\n|t:|1746063588\n|switch|p1b: Landorus|Landorus, L50, M|43/100\n|turn|8\n|\n|t:|1746063605\n|move|p2b: Miraidon|Draco Meteor|p1b: Landorus\n|-damage|p1b: Landorus|0 fnt\n|-unboost|p2b: Miraidon|spa|2\n|faint|p1b: Landorus\n|move|p1a: Solgaleo|Flame Charge|p2b: Miraidon\n|-damage|p2b: Miraidon|0 fnt\n|-boost|p1a: Solgaleo|spe|1\n|faint|p2b: Miraidon\n|move|p2a: Zamazenta|Body Press|p1a: Solgaleo\n|-damage|p1a: Solgaleo|0 fnt\n|faint|p1a: Solgaleo\n|\n|win|ieatsteakwelldone\n|raw|Test0824's rating: 1113 &rarr; <strong>1089</strong><br />(-24 for losing)\n|raw|ieatsteakwelldone's rating: 1120 &rarr; <strong>1144</strong><br />(+24 for winning)\n", "uploadtime": 1746063615, "views": 7, "formatid": "gen9vgc2025regibo3", "rating": 1089, "private": 0, "password": null}