{"id": "gen9vgc2025regibo3-2353590098", "format": "[Gen 9] VGC 2025 Reg I (Bo3)", "players": ["EtienneN7", "paroparo"], "log": "|j|\u2606EtienneN7\n|j|\u2606paroparo\n|html|<table width=\"100%\"><tr><td align=\"left\">EtienneN7</td><td align=\"right\">paroparo</tr><tr><td align=\"left\"><i class=\"fa fa-circle-o\"></i> <i class=\"fa fa-circle-o\"></i> </td><td align=\"right\"><i class=\"fa fa-circle-o\"></i> <i class=\"fa fa-circle-o\"></i> </tr></table>\n|uhtml|bestof|<h2><strong>Game 1</strong> of <a href=\"/game-bestof3-gen9vgc2025regibo3-2353590097\">a best-of-3</a></h2>\n|t:|1745971860\n|gametype|doubles\n|player|p1|EtienneN7|dawn|1104\n|player|p2|paroparo|hilda|1097\n|teamsize|p1|6\n|teamsize|p2|6\n|gen|9\n|tier|[Gen 9] VGC 2025 Reg I (Bo3)\n|rated|\n|rule|Species Clause: Limit one of each Pok\u00e9mon\n|rule|Item Clause: Limit 1 of each item\n|clearpoke\n|poke|p1|Zamazenta-*, L50|\n|poke|p1|Koraidon, L50|\n|poke|p1|Incineroar, L50, M|\n|poke|p1|Tornadus, L50, M|\n|poke|p1|Flutter Mane, L50|\n|poke|p1|Ogerpon-Wellspring, L50, F|\n|poke|p2|Lunala, L50|\n|poke|p2|Landorus, L50, M|\n|poke|p2|Indeedee-F, L50, F|\n|poke|p2|Kyogre, L50|\n|poke|p2|Urshifu-*, L50, M|\n|poke|p2|Roaring Moon, L50|\n|teampreview|4\n|showteam|p1|Zamazenta-Crowned||RustedShield|DauntlessShield|BodyPress,behemothbash,WideGuard,Protect||||||50|,,,,,Dragon]Koraidon||PersimBerry|OrichalcumPulse|FlareBlitz,DragonClaw,CollisionCourse,Protect||||||50|,,,,,Fire]Incineroar||RockyHelmet|Intimidate|PartingShot,FakeOut,WillOWisp,DarkestLariat|||M|||50|,,,,,Ghost]Tornadus||CovertCloak|Prankster|Swagger,Taunt,Tailwind,BleakwindStorm|||M|||50|,,,,,Flying]Flutter Mane||FocusSash|Protosynthesis|IcyWind,DazzlingGleam,ShadowBall,Protect||||||50|,,,,,Normal]Ogerpon-Wellspring||WellspringMask|WaterAbsorb|IvyCudgel,SpikyShield,FollowMe,WoodHammer|||F|||50|,,,,,Water\n|showteam|p2|Lunala||Leftovers|ShadowShield|Moonblast,ExpandingForce,MoongeistBeam,Protect||||||50|,,,,,Fire]Landorus||LifeOrb|SheerForce|EarthPower,SludgeBomb,SandsearStorm,Protect|||M|||50|,,,,,Poison]Indeedee-F||RockyHelmet|PsychicSurge|AlluringVoice,TrickRoom,FollowMe,HelpingHand|||F|||50|,,,,,Fairy]Kyogre||AssaultVest|Drizzle|WaterSpout,Thunder,IceBeam,OriginPulse||||||50|,,,,,Grass]Urshifu-Rapid-Strike||FocusSash|UnseenFist|SurgingStrikes,CloseCombat,Taunt,Protect|||M|||50|,,,,,Grass]Roaring Moon||BoosterEnergy|Protosynthesis|Acrobatics,KnockOff,Tailwind,Protect||||||50|,,,,,Flying\n|c|\u2606EtienneN7|glhf\n|c|\u2606paroparo|glhf\n|inactive|Battle timer is ON: inactive players will automatically lose when time's up. (requested by EtienneN7)\n|\n|t:|1745971954\n|start\n|switch|p1a: Tommy|Tornadus, L50, M|100/100\n|switch|p1b: Kora|Koraidon, L50|100/100\n|switch|p2a: Indeedee|Indeedee-F, L50, F|100/100\n|switch|p2b: Landorus|Landorus, L50, M|100/100\n|-weather|SunnyDay|[from] ability: Orichalcum Pulse|[of] p1b: Kora\n|-activate|p1b: Kora|Orichalcum Pulse|[source]\n|-fieldstart|move: Psychic Terrain|[from] ability: Psychic Surge|[of] p2a: Indeedee\n|turn|1\n|inactive|EtienneN7 has 30 seconds left.\n|inactive|paroparo has 30 seconds left.\n|\n|t:|1745971984\n|move|p2a: Indeedee|Follow Me|p2a: Indeedee\n|-singleturn|p2a: Indeedee|move: Follow Me\n|move|p1a: Tommy|Tailwind|p1a: Tommy\n|-sidestart|p1: EtienneN7|move: Tailwind\n|move|p1b: Kora|Collision Course|p2a: Indeedee\n|-damage|p2a: Indeedee|37/100\n|-damage|p1b: Kora|84/100|[from] item: Rocky Helmet|[of] p2a: Indeedee\n|move|p2b: Landorus|Earth Power|p1b: Kora\n|-damage|p1b: Kora|4/100\n|\n|-weather|SunnyDay|[upkeep]\n|upkeep\n|turn|2\n|inactive|EtienneN7 has 30 seconds left.\n|c|\u2606EtienneN7|im starting to hate indeedee\n|inactive|EtienneN7 has 20 seconds left.\n|\n|t:|1745972021\n|switch|p2a: Kyogre|Kyogre, L50|100/100\n|-weather|RainDance|[from] ability: Drizzle|[of] p2a: Kyogre\n|move|p1b: Kora|Protect|p1b: Kora\n|-singleturn|p1b: Kora|Protect\n|move|p1a: Tommy|Bleakwind Storm|p2a: Kyogre|[spread] p2a,p2b\n|-damage|p2a: Kyogre|81/100\n|-damage|p2b: Landorus|58/100\n|move|p2b: Landorus|Earth Power|p1b: Kora\n|-activate|p1b: Kora|move: Protect\n|\n|-weather|RainDance|[upkeep]\n|upkeep\n|turn|3\n|inactive|EtienneN7 has 30 seconds left.\n|\n|t:|1745972049\n|move|p1b: Kora|Collision Course|p2a: Kyogre\n|-damage|p2a: Kyogre|33/100\n|move|p1a: Tommy|Bleakwind Storm|p2b: Landorus|[spread] p2a,p2b\n|-crit|p2a: Kyogre\n|-damage|p2a: Kyogre|2/100\n|-damage|p2b: Landorus|17/100\n|-unboost|p2a: Kyogre|spe|1\n|move|p2b: Landorus|Earth Power|p1b: Kora\n|-damage|p1b: Kora|0 fnt\n|faint|p1b: Kora\n|move|p2a: Kyogre|Thunder|p1a: Tommy\n|-supereffective|p1a: Tommy\n|-damage|p1a: Tommy|0 fnt\n|faint|p1a: Tommy\n|\n|-weather|RainDance|[upkeep]\n|upkeep\n|\n|t:|1745972066\n|switch|p1b: Meow Meow|Incineroar, L50, M|100/100\n|switch|p1a: Woof Woof|Zamazenta-Crowned, L50|100/100\n|-ability|p1a: Woof Woof|Dauntless Shield|boost\n|-boost|p1a: Woof Woof|def|1\n|-ability|p1b: Meow Meow|Intimidate|boost\n|-unboost|p2a: Kyogre|atk|1\n|-unboost|p2b: Landorus|atk|1\n|turn|4\n|inactive|EtienneN7 has 30 seconds left.\n|\n|t:|1745972096\n|move|p2b: Landorus|Protect|p2b: Landorus\n|-singleturn|p2b: Landorus|Protect\n|move|p1a: Woof Woof|Body Press|p2a: Kyogre\n|-damage|p2a: Kyogre|0 fnt\n|faint|p2a: Kyogre\n|move|p1b: Meow Meow|Darkest Lariat|p2b: Landorus\n|-activate|p2b: Landorus|move: Protect\n|\n|-weather|RainDance|[upkeep]\n|-sideend|p1: EtienneN7|move: Tailwind\n|upkeep\n|\n|t:|1745972103\n|switch|p2a: Indeedee|Indeedee-F, L50, F|37/100\n|turn|5\n|\n|t:|1745972122\n|move|p2a: Indeedee|Follow Me|p2a: Indeedee\n|-singleturn|p2a: Indeedee|move: Follow Me\n|move|p1a: Woof Woof|Body Press|p2a: Indeedee\n|-damage|p2a: Indeedee|0 fnt\n|-damage|p1a: Woof Woof|84/100|[from] item: Rocky Helmet|[of] p2a: Indeedee\n|faint|p2a: Indeedee\n|move|p2b: Landorus|Earth Power|p1b: Meow Meow\n|-supereffective|p1b: Meow Meow\n|-damage|p1b: Meow Meow|0 fnt\n|faint|p1b: Meow Meow\n|\n|-weather|RainDance|[upkeep]\n|-fieldend|move: Psychic Terrain\n|upkeep\n|\n|t:|1745972136\n|switch|p2a: Lunala|Lunala, L50|100/100\n|turn|6\n|inactive|EtienneN7 has 30 seconds left.\n|inactive|paroparo has 30 seconds left.\n|\n|t:|1745972172\n|-terastallize|p2b: Landorus|Poison\n|move|p1a: Woof Woof|Protect|p1a: Woof Woof\n|-singleturn|p1a: Woof Woof|Protect\n|move|p2b: Landorus|Earth Power|p1a: Woof Woof\n|-activate|p1a: Woof Woof|move: Protect\n|move|p2a: Lunala|Moongeist Beam|p1a: Woof Woof\n|-activate|p1a: Woof Woof|move: Protect\n|\n|-weather|none\n|upkeep\n|turn|7\n|\n|t:|1745972184\n|move|p1a: Woof Woof|Body Press|p2b: Landorus\n|-resisted|p2b: Landorus\n|-damage|p2b: Landorus|0 fnt\n|faint|p2b: Landorus\n|move|p2a: Lunala|Moongeist Beam|p1a: Woof Woof\n|-damage|p1a: Woof Woof|46/100\n|\n|upkeep\n|turn|8\n|\n|t:|1745972197\n|move|p1a: Woof Woof|Behemoth Bash|p2a: Lunala\n|-damage|p2a: Lunala|85/100\n|move|p2a: Lunala|Moongeist Beam|p1a: Woof Woof\n|-damage|p1a: Woof Woof|9/100\n|\n|-heal|p2a: Lunala|91/100|[from] item: Leftovers\n|upkeep\n|turn|9\n|\n|t:|1745972214\n|-terastallize|p1a: Woof Woof|Dragon\n|move|p1a: Woof Woof|Behemoth Bash|p2a: Lunala\n|-damage|p2a: Lunala|57/100\n|move|p2a: Lunala|Moongeist Beam|p1a: Woof Woof\n|-damage|p1a: Woof Woof|0 fnt\n|faint|p1a: Woof Woof\n|\n|win|paroparo\n||paroparo is ready for game 2.\n||EtienneN7 is ready for game 2.\n|uhtml|next|Next: <a href=\"/battle-gen9vgc2025regibo3-2353593225\"><strong>Game 2 of 3</strong></a>\n|l|\u2606paroparo\n|player|p2|\n", "uploadtime": 1745974136, "views": 8, "formatid": "gen9vgc2025regibo3", "rating": null, "private": 0, "password": null}