{"id": "gen9vgc2025regibo3-2353789640", "format": "[Gen 9] VGC 2025 Reg I (Bo3)", "players": ["therealpaulcannon", "amurali"], "log": "|j|\u2606therealpaulcannon\n|j|\u2606amurali\n|html|<table width=\"100%\"><tr><td align=\"left\">therealpaulcannon</td><td align=\"right\">amurali</tr><tr><td align=\"left\"><i class=\"fa fa-circle\"></i> <i class=\"fa fa-circle-o\"></i> </td><td align=\"right\"><i class=\"fa fa-circle-o\"></i> <i class=\"fa fa-circle-o\"></i> </tr></table>\n|uhtml|bestof|<h2><strong>Game 2</strong> of <a href=\"/game-bestof3-gen9vgc2025regibo3-2353787106\">a best-of-3</a></h2>\n|t:|1746000297\n|gametype|doubles\n|player|p1|therealpaulcannon|blaine|1342\n|player|p2|amurali|1|1402\n|teamsize|p1|6\n|teamsize|p2|6\n|gen|9\n|tier|[Gen 9] VGC 2025 Reg I (Bo3)\n|rated|\n|rule|Species Clause: Limit one of each Pok\u00e9mon\n|rule|Item Clause: Limit 1 of each item\n|clearpoke\n|poke|p1|Terapagos, L50, M|\n|poke|p1|Rillaboom, L50, F|\n|poke|p1|Incineroar, L50, M|\n|poke|p1|Calyrex-Shadow, L50|\n|poke|p1|Urshifu-*, L50, M|\n|poke|p1|Volcarona, L50, F|\n|poke|p2|Miraidon, L50|\n|poke|p2|Calyrex-Ice, L50|\n|poke|p2|Ogerpon-Hearthflame, L50, F|\n|poke|p2|Urshifu-*, L50, F|\n|poke|p2|Farigiraf, L50, M|\n|poke|p2|Iron Hands, L50|\n|teampreview|4\n|showteam|p1|Terapagos||Leftovers|TeraShift|TeraStarstorm,Protect,CalmMind,EarthPower|||M|||50|,,,,,Stellar]Rillaboom||AssaultVest|GrassySurge|FakeOut,Uturn,WoodHammer,GrassyGlide|||F|||50|,,,,,Fire]Incineroar||RockyHelmet|Intimidate|WillOWisp,FakeOut,KnockOff,PartingShot|||M|||50|,,,,,Ghost]Calyrex-Shadow||FocusSash|AsOneSpectrier|AstralBarrage,Disable,Protect,Psychic||||||50|,,,,,Ghost]Urshifu-Rapid-Strike||ChoiceScarf|UnseenFist|SurgingStrikes,Uturn,CloseCombat,AquaJet|||M|||50|,,,,,Water]Volcarona||SafetyGoggles|FlameBody|WillOWisp,RagePowder,Overheat,Tailwind|||F|||50|,,,,,Water\n|showteam|p2|Miraidon||ChoiceSpecs|HadronEngine|ElectroDrift,DazzlingGleam,VoltSwitch,DracoMeteor||||||50|,,,,,Fairy]Calyrex-Ice||ClearAmulet|AsOneGlastrier|GlacialLance,HighHorsepower,TrickRoom,Protect||||||50|,,,,,Water]Ogerpon-Hearthflame||HearthflameMask|MoldBreaker|FollowMe,IvyCudgel,WoodHammer,SpikyShield|||F|||50|,,,,,Fire]Urshifu||FocusSash|UnseenFist|WickedBlow,CloseCombat,SuckerPunch,Detect|||F|||50|,,,,,Stellar]Farigiraf||ElectricSeed|ArmorTail|FoulPlay,Psychic,TrickRoom,HelpingHand|||M|||50|,,,,,Water]Iron Hands||AssaultVest|QuarkDrive|FakeOut,LowKick,DrainPunch,WildCharge||||||50|,,,,,Water\n|inactive|Battle timer is ON: inactive players will automatically lose when time's up. (requested by therealpaulcannon)\n|\n|t:|1746000321\n|start\n|switch|p1a: Terapagos|Terapagos, L50, M|100/100\n|switch|p1b: Incineroar|Incineroar, L50, M|100/100\n|switch|p2a: Miraidon|Miraidon, L50|100/100\n|switch|p2b: Farigiraf|Farigiraf, L50, M|100/100\n|-activate|p1a: Terapagos|ability: Tera Shift\n|detailschange|p1a: Terapagos|Terapagos-Terastal, L50, M\n|-heal|p1a: Terapagos|100/100|[silent]\n|-fieldstart|move: Electric Terrain|[from] ability: Hadron Engine|[of] p2a: Miraidon\n|-enditem|p2b: Farigiraf|Electric Seed\n|-boost|p2b: Farigiraf|def|1|[from] item: Electric Seed\n|-ability|p1b: Incineroar|Intimidate|boost\n|-unboost|p2a: Miraidon|atk|1\n|-unboost|p2b: Farigiraf|atk|1\n|turn|1\n|\n|t:|1746000343\n|switch|p1b: Rillaboom|Rillaboom, L50, F|100/100\n|-fieldstart|move: Grassy Terrain|[from] ability: Grassy Surge|[of] p1b: Rillaboom\n|move|p2a: Miraidon|Volt Switch|p1a: Terapagos\n|-activate|p1a: Terapagos|ability: Tera Shell\n|-resisted|p1a: Terapagos\n|-damage|p1a: Terapagos|76/100\n|\n|t:|1746000352\n|switch|p2a: Calyrex|Calyrex-Ice, L50|100/100|[from] Volt Switch\n|-ability|p2a: Calyrex|As One\n|-ability|p2a: Calyrex|Unnerve\n|move|p1a: Terapagos|Calm Mind|p1a: Terapagos\n|-boost|p1a: Terapagos|spa|1\n|-boost|p1a: Terapagos|spd|1\n|move|p2b: Farigiraf|Trick Room|p2b: Farigiraf\n|-fieldstart|move: Trick Room|[of] p2b: Farigiraf\n|\n|-heal|p1a: Terapagos|82/100|[from] Grassy Terrain\n|-heal|p1a: Terapagos|88/100|[from] item: Leftovers\n|upkeep\n|turn|2\n|\n|t:|1746000369\n|switch|p1b: Incineroar|Incineroar, L50, M|100/100\n|-ability|p1b: Incineroar|Intimidate|boost\n|-fail|p2a: Calyrex|unboost|[from] item: Clear Amulet|[of] p2a: Calyrex\n|-unboost|p2b: Farigiraf|atk|1\n|move|p2b: Farigiraf|Helping Hand|p2a: Calyrex\n|-singleturn|p2a: Calyrex|Helping Hand|[of] p2b: Farigiraf\n|move|p1a: Terapagos|Protect|p1a: Terapagos\n|-singleturn|p1a: Terapagos|Protect\n|move|p2a: Calyrex|High Horsepower|p1b: Incineroar\n|-supereffective|p1b: Incineroar\n|-damage|p1b: Incineroar|17/100\n|-damage|p2a: Calyrex|84/100|[from] item: Rocky Helmet|[of] p1b: Incineroar\n|\n|-heal|p2a: Calyrex|90/100|[from] Grassy Terrain\n|-heal|p1b: Incineroar|23/100|[from] Grassy Terrain\n|-heal|p1a: Terapagos|94/100|[from] Grassy Terrain\n|-heal|p1a: Terapagos|100/100|[from] item: Leftovers\n|upkeep\n|turn|3\n|\n|t:|1746000390\n|switch|p1b: Calyrex|Calyrex-Shadow, L50|100/100\n|-ability|p1b: Calyrex|As One\n|-ability|p1b: Calyrex|Unnerve\n|move|p2b: Farigiraf|Helping Hand|p2a: Calyrex\n|-singleturn|p2a: Calyrex|Helping Hand|[of] p2b: Farigiraf\n|move|p2a: Calyrex|Glacial Lance|p1b: Calyrex|[spread] p1a,p1b\n|-activate|p1a: Terapagos|ability: Tera Shell\n|-resisted|p1a: Terapagos\n|-damage|p1a: Terapagos|67/100\n|-enditem|p1b: Calyrex|Focus Sash\n|-damage|p1b: Calyrex|1/100\n|move|p1a: Terapagos|Calm Mind|p1a: Terapagos\n|-boost|p1a: Terapagos|spa|1\n|-boost|p1a: Terapagos|spd|1\n|\n|-heal|p2a: Calyrex|96/100|[from] Grassy Terrain\n|-heal|p1a: Terapagos|73/100|[from] Grassy Terrain\n|-heal|p1a: Terapagos|79/100|[from] item: Leftovers\n|-heal|p1b: Calyrex|7/100|[from] Grassy Terrain\n|upkeep\n|turn|4\n|inactive|therealpaulcannon has 30 seconds left.\n|\n|t:|1746000423\n|-terastallize|p1a: Terapagos|Stellar\n|detailschange|p1a: Terapagos|Terapagos-Stellar, L50, M, tera:Stellar\n|-heal|p1a: Terapagos|85/100|[silent]\n|-ability|p1a: Terapagos|Teraform Zero\n|-fieldend|move: Grassy Terrain\n|move|p2b: Farigiraf|Helping Hand|p2a: Calyrex\n|-singleturn|p2a: Calyrex|Helping Hand|[of] p2b: Farigiraf\n|move|p1b: Calyrex|Protect|p1b: Calyrex\n|-singleturn|p1b: Calyrex|Protect\n|move|p2a: Calyrex|Glacial Lance|p1b: Calyrex|[spread] p1a\n|-activate|p1b: Calyrex|move: Protect\n|-damage|p1a: Terapagos|37/100\n|move|p1a: Terapagos|Tera Starstorm|p2b: Farigiraf|[spread] p2a,p2b\n|-damage|p2a: Calyrex|43/100\n|-damage|p2b: Farigiraf|24/100\n|\n|-heal|p1a: Terapagos|43/100|[from] item: Leftovers\n|upkeep\n|turn|5\n|inactive|therealpaulcannon has 30 seconds left.\n|inactive|amurali has 30 seconds left.\n|inactive|amurali has 20 seconds left.\n|inactive|amurali has 15 seconds left.\n|inactive|amurali has 10 seconds left.\n|inactive|amurali has 5 seconds left.\n|\n|t:|1746000476\n|switch|p1b: Incineroar|Incineroar, L50, M|23/100\n|-ability|p1b: Incineroar|Intimidate|boost\n|-fail|p2a: Calyrex|unboost|[from] item: Clear Amulet|[of] p2a: Calyrex\n|-unboost|p2b: Farigiraf|atk|1\n|move|p1a: Terapagos|Tera Starstorm|p2a: Calyrex|[spread] p2a,p2b\n|-damage|p2a: Calyrex|0 fnt\n|-damage|p2b: Farigiraf|0 fnt\n|faint|p2a: Calyrex\n|faint|p2b: Farigiraf\n|\n|-heal|p1a: Terapagos|49/100|[from] item: Leftovers\n|-fieldend|move: Trick Room\n|upkeep\n|\n|t:|1746000488\n|switch|p2b: Urshifu|Urshifu, L50, F|100/100\n|switch|p2a: Miraidon|Miraidon, L50|100/100\n|-fieldstart|move: Electric Terrain|[from] ability: Hadron Engine|[of] p2a: Miraidon\n|turn|6\n|inactive|therealpaulcannon has 30 seconds left.\n|\n|t:|1746000519\n|move|p1b: Incineroar|Fake Out|p2b: Urshifu\n|-damage|p2b: Urshifu|89/100\n|move|p2a: Miraidon|Electro Drift|p1a: Terapagos\n|-damage|p1a: Terapagos|0 fnt\n|faint|p1a: Terapagos\n|cant|p2b: Urshifu|flinch\n|\n|upkeep\n|\n|t:|1746000530\n|switch|p1a: Rillaboom|Rillaboom, L50, F|100/100\n|-fieldstart|move: Grassy Terrain|[from] ability: Grassy Surge|[of] p1a: Rillaboom\n|turn|7\n|\n|t:|1746000553\n|move|p2b: Urshifu|Detect|p2b: Urshifu\n|-singleturn|p2b: Urshifu|Protect\n|move|p2a: Miraidon|Electro Drift|p1b: Incineroar\n|-damage|p1b: Incineroar|0 fnt\n|-damage|p2a: Miraidon|84/100|[from] item: Rocky Helmet|[of] p1b: Incineroar\n|faint|p1b: Incineroar\n|move|p1a: Rillaboom|Wood Hammer|p2b: Urshifu\n|-activate|p2b: Urshifu|move: Protect\n|\n|-heal|p2a: Miraidon|90/100|[from] Grassy Terrain\n|-heal|p2b: Urshifu|95/100|[from] Grassy Terrain\n|upkeep\n|\n|t:|1746000562\n|switch|p1b: Calyrex|Calyrex-Shadow, L50|7/100\n|-ability|p1b: Calyrex|As One\n|-ability|p1b: Calyrex|Unnerve\n|turn|8\n|inactive|amurali has 30 seconds left.\n|\n|t:|1746000591\n|-terastallize|p2b: Urshifu|Stellar\n|move|p1b: Calyrex|Disable|p2a: Miraidon\n|-start|p2a: Miraidon|Disable|Electro Drift\n|cant|p2a: Miraidon|Disable|Electro Drift\n|move|p2b: Urshifu|Close Combat|p1a: Rillaboom\n|-damage|p1a: Rillaboom|36/100\n|-unboost|p2b: Urshifu|def|1\n|-unboost|p2b: Urshifu|spd|1\n|move|p1a: Rillaboom|Wood Hammer|p2b: Urshifu\n|-damage|p2b: Urshifu|0 fnt\n|faint|p2b: Urshifu\n|-damage|p1a: Rillaboom|8/100|[from] Recoil\n|\n|-heal|p1b: Calyrex|12/100|[from] Grassy Terrain\n|-heal|p2a: Miraidon|96/100|[from] Grassy Terrain\n|-heal|p1a: Rillaboom|14/100|[from] Grassy Terrain\n|upkeep\n|turn|9\n|\n|t:|1746000612\n|move|p1b: Calyrex|Astral Barrage|p2a: Miraidon\n|-damage|p2a: Miraidon|34/100\n|-activate|p2a: Miraidon|move: Struggle\n|move|p2a: Miraidon|Struggle|p1b: Calyrex\n|-damage|p1b: Calyrex|1/100\n|-damage|p2a: Miraidon|9/100|[from] recoil\n|move|p1a: Rillaboom|Wood Hammer|p2a: Miraidon\n|-resisted|p2a: Miraidon\n|-damage|p2a: Miraidon|0 fnt\n|faint|p2a: Miraidon\n|-damage|p1a: Rillaboom|11/100|[from] Recoil\n|\n|win|therealpaulcannon\n|raw|therealpaulcannon's rating: 1342 &rarr; <strong>1365</strong><br />(+23 for winning)\n|raw|amurali's rating: 1402 &rarr; <strong>1379</strong><br />(-23 for losing)\n|l|\u2606amurali\n|player|p2|\n", "uploadtime": 1746000625, "views": 98, "formatid": "gen9vgc2025regibo3", "rating": 1365, "private": 0, "password": null}