{"id": "gen9vgc2025regibo3-2353567290", "format": "[Gen 9] VGC 2025 Reg I (Bo3)", "players": ["miraidons the goat", "l Nova Nick l"], "log": "|j|\u2606miraidons the goat\n|j|\u2606l Nova Nick l\n|html|<table width=\"100%\"><tr><td align=\"left\">miraidons the goat</td><td align=\"right\">l Nova Nick l</tr><tr><td align=\"left\"><i class=\"fa fa-circle-o\"></i> <i class=\"fa fa-circle-o\"></i> </td><td align=\"right\"><i class=\"fa fa-circle-o\"></i> <i class=\"fa fa-circle-o\"></i> </tr></table>\n|uhtml|bestof|<h2><strong>Game 1</strong> of <a href=\"/game-bestof3-gen9vgc2025regibo3-2353567289\">a best-of-3</a></h2>\n|t:|1745969198\n|gametype|doubles\n|player|p1|miraidons the goat|lisia-masters|1211\n|player|p2|l Nova Nick l|infielder|1125\n|teamsize|p1|6\n|teamsize|p2|6\n|gen|9\n|tier|[Gen 9] VGC 2025 Reg I (Bo3)\n|rated|\n|rule|Species Clause: Limit one of each Pok\u00e9mon\n|rule|Item Clause: Limit 1 of each item\n|clearpoke\n|poke|p1|Calyrex-Shadow, L50|\n|poke|p1|Koraidon, L50|\n|poke|p1|Chi-Yu, L50|\n|poke|p1|Indeedee-F, L50, F|\n|poke|p1|Whimsicott, L50, M|\n|poke|p1|Ditto, L50|\n|poke|p2|Rillaboom, L50, F|\n|poke|p2|Incineroar, L50, F|\n|poke|p2|Zamazenta-*, L50|\n|poke|p2|Calyrex-Shadow, L50|\n|poke|p2|Tornadus, L50, M|\n|poke|p2|Urshifu-*, L50, M|\n|teampreview|4\n|showteam|p1|Calyrex-Shadow||ChoiceSpecs|AsOneSpectrier|AstralBarrage,ExpandingForce,PollenPuff,Psyshock||||||50|,,,,,Dark]Koraidon||LifeOrb|OrichalcumPulse|CloseCombat,FlareBlitz,DragonClaw,Protect||||||50|,,,,,Fire]Chi-Yu||ChoiceScarf|BeadsofRuin|Snarl,DarkPulse,HeatWave,Overheat||||||50|,,,,,Fire]Indeedee-F||PsychicSeed|PsychicSurge|FollowMe,TrickRoom,HelpingHand,ShadowBall|||F|||50|,,,,,Steel]Whimsicott||CovertCloak|Prankster|Tailwind,Encore,Moonblast,SunnyDay|||M|||50|,,,,,Dark]Ditto||FocusSash|Imposter|Transform||||||50|,,,,,Ghost\n|showteam|p2|Rillaboom||AssaultVest|GrassySurge|FakeOut,GrassyGlide,WoodHammer,Uturn|||F|||50|,,,,,Fire]Incineroar||SafetyGoggles|Intimidate|FakeOut,KnockOff,WillOWisp,PartingShot|||F|||50|,,,,,Water]Zamazenta-Crowned||RustedShield|DauntlessShield|BodyPress,HeavySlam,WideGuard,Protect||||||50|,,,,,Dragon]Calyrex-Shadow||LifeOrb|AsOneSpectrier|AstralBarrage,Psychic,NastyPlot,Protect||||||50|,,,,,Dark]Tornadus||RockyHelmet|Prankster|BleakwindStorm,Tailwind,RainDance,Protect|||M|||50|,,,,,Dark]Urshifu-Rapid-Strike||ChoiceScarf|UnseenFist|SurgingStrikes,CloseCombat,AquaJet,Uturn|||M|||50|,,,,,Water\n|inactive|Battle timer is ON: inactive players will automatically lose when time's up. (requested by l Nova Nick l)\n|inactive|miraidons the goat has 60 seconds left.\n|inactive|l Nova Nick l has 60 seconds left.\n|\n|t:|1745969243\n|start\n|switch|p1a: cott|Whimsicott, L50, M, shiny|100/100\n|switch|p1b: better bike|Koraidon, L50|100/100\n|switch|p2a: Zamazenta|Zamazenta-Crowned, L50|100/100\n|switch|p2b: Incineroar|Incineroar, L50, F|100/100\n|-weather|SunnyDay|[from] ability: Orichalcum Pulse|[of] p1b: better bike\n|-activate|p1b: better bike|Orichalcum Pulse|[source]\n|-ability|p2a: Zamazenta|Dauntless Shield|boost\n|-boost|p2a: Zamazenta|def|1\n|-ability|p2b: Incineroar|Intimidate|boost\n|-unboost|p1a: cott|atk|1\n|-unboost|p1b: better bike|atk|1\n|turn|1\n|\n|t:|1745969267\n|switch|p1b: copycat|Ditto, L50, shiny|100/100\n|-transform|p1b: copycat|p2a: Zamazenta|[from] ability: Imposter\n|-ability|p1b: copycat|Dauntless Shield|boost\n|-boost|p1b: copycat|def|1\n|move|p2b: Incineroar|Fake Out|p1b: copycat\n|-resisted|p1b: copycat\n|-damage|p1b: copycat|99/100\n|move|p1a: cott|Tailwind|p1a: cott\n|-sidestart|p1: miraidons the goat|move: Tailwind\n|move|p2a: Zamazenta|Heavy Slam|p1a: cott\n|-supereffective|p1a: cott\n|-damage|p1a: cott|0 fnt\n|faint|p1a: cott\n|\n|-weather|SunnyDay|[upkeep]\n|upkeep\n|\n|t:|1745969283\n|switch|p1a: mental trauma|Calyrex-Shadow, L50|100/100\n|-ability|p1a: mental trauma|As One\n|-ability|p1a: mental trauma|Unnerve\n|turn|2\n|\n|t:|1745969307\n|-terastallize|p1a: mental trauma|Dark\n|move|p2a: Zamazenta|Protect|p2a: Zamazenta\n|-singleturn|p2a: Zamazenta|Protect\n|move|p1a: mental trauma|Astral Barrage|p2a: Zamazenta|[spread] p2b\n|-activate|p2a: Zamazenta|move: Protect\n|-resisted|p2b: Incineroar\n|-damage|p2b: Incineroar|63/100\n|move|p1b: copycat|Body Press|p2a: Zamazenta\n|-activate|p2a: Zamazenta|move: Protect\n|move|p2b: Incineroar|Knock Off|p1a: mental trauma\n|-resisted|p1a: mental trauma\n|-damage|p1a: mental trauma|77/100\n|-enditem|p1a: mental trauma|Choice Specs|[from] move: Knock Off|[of] p2b: Incineroar\n|\n|-weather|SunnyDay|[upkeep]\n|upkeep\n|turn|3\n|\n|t:|1745969332\n|move|p2a: Zamazenta|Wide Guard|p2a: Zamazenta\n|-singleturn|p2a: Zamazenta|Wide Guard\n|move|p1a: mental trauma|Astral Barrage|p2b: Incineroar|[spread] \n|-activate|p2a: Zamazenta|move: Wide Guard\n|-activate|p2b: Incineroar|move: Wide Guard\n|move|p1b: copycat|Body Press|p2a: Zamazenta\n|-supereffective|p2a: Zamazenta\n|-damage|p2a: Zamazenta|28/100\n|move|p2b: Incineroar|Will-O-Wisp|p1b: copycat|[miss]\n|-miss|p2b: Incineroar|p1b: copycat\n|\n|-weather|SunnyDay|[upkeep]\n|upkeep\n|turn|4\n|\n|t:|1745969351\n|switch|p2b: Calyrex|Calyrex-Shadow, L50|100/100\n|-ability|p2b: Calyrex|As One\n|-ability|p2b: Calyrex|Unnerve\n|move|p2a: Zamazenta|Protect||[still]\n|-fail|p2a: Zamazenta\n|move|p1a: mental trauma|Expanding Force|p2a: Zamazenta\n|-damage|p2a: Zamazenta|0 fnt\n|faint|p2a: Zamazenta\n|-ability|p1a: mental trauma|Grim Neigh|boost\n|-boost|p1a: mental trauma|spa|1\n|move|p1b: copycat|Body Press|p2b: Calyrex\n|-immune|p2b: Calyrex\n|\n|-weather|SunnyDay|[upkeep]\n|-sideend|p1: miraidons the goat|move: Tailwind\n|upkeep\n|\n|t:|1745969363\n|switch|p2a: Incineroar|Incineroar, L50, F|63/100\n|-ability|p2a: Incineroar|Intimidate|boost\n|-unboost|p1a: mental trauma|atk|1\n|-unboost|p1b: copycat|atk|1\n|turn|5\n|\n|t:|1745969379\n|move|p2a: Incineroar|Fake Out|p1a: mental trauma\n|-damage|p1a: mental trauma|65/100\n|move|p2b: Calyrex|Astral Barrage|p1a: mental trauma|[spread] p1a,p1b\n|-resisted|p1a: mental trauma\n|-damage|p1a: mental trauma|30/100\n|-damage|p1b: copycat|42/100\n|-damage|p2b: Calyrex|91/100|[from] item: Life Orb\n|cant|p1a: mental trauma|flinch\n|move|p1b: copycat|Heavy Slam|p2b: Calyrex\n|-damage|p2b: Calyrex|54/100\n|\n|-weather|none\n|upkeep\n|turn|6\n|inactive|miraidons the goat has 30 seconds left.\n|\n|t:|1745969408\n|move|p1a: mental trauma|Astral Barrage|p2b: Calyrex|[spread] p2a,p2b\n|-resisted|p2a: Incineroar\n|-supereffective|p2b: Calyrex\n|-damage|p2a: Incineroar|30/100\n|-damage|p2b: Calyrex|0 fnt\n|faint|p2b: Calyrex\n|-ability|p1a: mental trauma|Grim Neigh|boost\n|-boost|p1a: mental trauma|spa|1\n|move|p1b: copycat|Body Press|p2a: Incineroar\n|-supereffective|p2a: Incineroar\n|-damage|p2a: Incineroar|0 fnt\n|faint|p2a: Incineroar\n|\n|upkeep\n|\n|t:|1745969412\n|switch|p2b: Rillaboom|Rillaboom, L50, F|100/100\n|-fieldstart|move: Grassy Terrain|[from] ability: Grassy Surge|[of] p2b: Rillaboom\n|turn|7\n|\n|t:|1745969424\n|move|p2b: Rillaboom|Grassy Glide|p1a: mental trauma\n|-damage|p1a: mental trauma|0 fnt\n|faint|p1a: mental trauma\n|move|p1b: copycat|Body Press|p2b: Rillaboom\n|-damage|p2b: Rillaboom|13/100\n|\n|-heal|p1b: copycat|48/100|[from] Grassy Terrain\n|-heal|p2b: Rillaboom|18/100|[from] Grassy Terrain\n|upkeep\n|c|\u2606l Nova Nick l|man of course I dont win the speed tie\n|\n|t:|1745969435\n|switch|p1a: better bike|Koraidon, L50|100/100\n|-weather|SunnyDay|[from] ability: Orichalcum Pulse|[of] p1a: better bike\n|-activate|p1a: better bike|Orichalcum Pulse|[source]\n|turn|8\n|\n|t:|1745969443\n|move|p2b: Rillaboom|Grassy Glide|p1b: copycat\n|-resisted|p1b: copycat\n|-damage|p1b: copycat|42/100\n|move|p1a: better bike|Close Combat|p2b: Rillaboom\n|-damage|p2b: Rillaboom|0 fnt\n|-unboost|p1a: better bike|def|1\n|-unboost|p1a: better bike|spd|1\n|faint|p2b: Rillaboom\n|-damage|p1a: better bike|91/100|[from] item: Life Orb\n|\n|win|miraidons the goat\n||l Nova Nick l is ready for game 2.\n|inactive|miraidons the goat has 30 seconds to confirm battle start!\n||miraidons the goat is ready for game 2.\n|uhtml|next|Next: <a href=\"/battle-gen9vgc2025regibo3-2353569484\"><strong>Game 2 of 3</strong></a>\n", "uploadtime": 1745969453, "views": 40, "formatid": "gen9vgc2025regibo3", "rating": null, "private": 0, "password": null}