{"id": "gen9vgc2025regibo3-2354837576", "format": "[Gen 9] VGC 2025 Reg I (Bo3)", "players": ["kevsux", "Tandrako"], "log": "|j|\u2606kevsux\n|j|\u2606Tandrako\n|html|<table width=\"100%\"><tr><td align=\"left\">kevsux</td><td align=\"right\">Tandrako</tr><tr><td align=\"left\"><i class=\"fa fa-circle-o\"></i> <i class=\"fa fa-circle-o\"></i> </td><td align=\"right\"><i class=\"fa fa-circle-o\"></i> <i class=\"fa fa-circle\"></i> </tr></table>\n|uhtml|bestof|<h2><strong>Game 2</strong> of <a href=\"/game-bestof3-gen9vgc2025regibo3-2354835248\">a best-of-3</a></h2>\n|t:|1746124071\n|gametype|doubles\n|player|p1|kevsux|brendan-gen3|1030\n|player|p2|Tandrako|169|1011\n|teamsize|p1|6\n|teamsize|p2|6\n|gen|9\n|tier|[Gen 9] VGC 2025 Reg I (Bo3)\n|rated|\n|rule|Species Clause: Limit one of each Pok\u00e9mon\n|rule|Item Clause: Limit 1 of each item\n|clearpoke\n|poke|p1|Calyrex-Shadow, L50|\n|poke|p1|Terapagos, L50, M|\n|poke|p1|Incineroar, L50, F|\n|poke|p1|Ogerpon-Cornerstone, L50, F|\n|poke|p1|Urshifu-*, L50, M|\n|poke|p1|Rillaboom, L50, M|\n|poke|p2|Miraidon, L50|\n|poke|p2|Koraidon, L50|\n|poke|p2|Walking Wake, L50|\n|poke|p2|Iron Leaves, L50|\n|poke|p2|Roaring Moon, L50|\n|poke|p2|Brute Bonnet, L50|\n|teampreview|4\n|showteam|p1|Calyrex-Shadow||FocusSash|AsOneSpectrier|AstralBarrage,WillOWisp,Disable,Protect||||||50|,,,,,Ghost]Terapagos||Leftovers|TeraShift|TeraStarstorm,EarthPower,CalmMind,Protect|||M|||50|,,,,,Stellar]Incineroar||SitrusBerry|Intimidate|FakeOut,KnockOff,WillOWisp,PartingShot|||F|||50|,,,,,Water]Ogerpon-Cornerstone||CornerstoneMask|Sturdy|IvyCudgel,PowerWhip,FollowMe,SpikyShield|||F|||50|,,,,,Rock]Urshifu-Rapid-Strike||SplashPlate|UnseenFist|SurgingStrikes,CloseCombat,AquaJet,Detect|||M|||50|,,,,,Water]Rillaboom||AssaultVest|GrassySurge|FakeOut,WoodHammer,GrassyGlide,Uturn|||M|||50|,,,,,Fire\n|showteam|p2|Miraidon||ChoiceSpecs|HadronEngine|ElectroDrift,VoltSwitch,DracoMeteor,DazzlingGleam||||||50|,,,,,Fairy]Koraidon||ClearAmulet|OrichalcumPulse|FlareBlitz,CloseCombat,Uturn,Protect||||||50|,,,,,Fire]Walking Wake||LifeOrb|Protosynthesis|HydroSteam,DracoMeteor,Protect,WeatherBall||||||50|,,,,,Dragon]Iron Leaves||ChoiceBand|QuarkDrive|Psyblade,LeafBlade,Megahorn,CloseCombat||||||50|,,,,,Grass]Roaring Moon||CovertCloak|Protosynthesis|KnockOff,Tailwind,Protect,Taunt||||||50|,,,,,Dark]Brute Bonnet||Leftovers|Protosynthesis|RagePowder,SuckerPunch,Synthesis,SeedBomb||||||50|,,,,,Dark\n|inactive|Battle timer is ON: inactive players will automatically lose when time's up. (requested by kevsux)\n|\n|t:|1746124083\n|start\n|switch|p1a: Terapagos|Terapagos, L50, M|100/100\n|switch|p1b: Ogerpon|Ogerpon-Cornerstone, L50, F|100/100\n|switch|p2a: Koraidon|Koraidon, L50|100/100\n|switch|p2b: Roaring Moon|Roaring Moon, L50|100/100\n|-activate|p1a: Terapagos|ability: Tera Shift\n|detailschange|p1a: Terapagos|Terapagos-Terastal, L50, M\n|-heal|p1a: Terapagos|100/100|[silent]\n|-weather|SunnyDay|[from] ability: Orichalcum Pulse|[of] p2a: Koraidon\n|-activate|p2b: Roaring Moon|ability: Protosynthesis\n|-start|p2b: Roaring Moon|protosynthesisspe\n|-activate|p2a: Koraidon|Orichalcum Pulse|[source]\n|turn|1\n|\n|t:|1746124099\n|move|p1b: Ogerpon|Follow Me|p1b: Ogerpon\n|-singleturn|p1b: Ogerpon|move: Follow Me\n|move|p2b: Roaring Moon|Tailwind|p2b: Roaring Moon\n|-sidestart|p2: Tandrako|move: Tailwind\n|move|p2a: Koraidon|Close Combat|p1b: Ogerpon\n|-supereffective|p1b: Ogerpon\n|-ability|p1b: Ogerpon|Sturdy\n|-damage|p1b: Ogerpon|1/100\n|-unboost|p2a: Koraidon|def|1\n|-unboost|p2a: Koraidon|spd|1\n|move|p1a: Terapagos|Calm Mind|p1a: Terapagos\n|-boost|p1a: Terapagos|spa|1\n|-boost|p1a: Terapagos|spd|1\n|\n|-weather|SunnyDay|[upkeep]\n|upkeep\n|turn|2\n|inactive|kevsux has 30 seconds left.\n|\n|t:|1746124125\n|move|p1b: Ogerpon|Follow Me|p1b: Ogerpon\n|-singleturn|p1b: Ogerpon|move: Follow Me\n|move|p2b: Roaring Moon|Knock Off|p1b: Ogerpon\n|-damage|p1b: Ogerpon|0 fnt\n|faint|p1b: Ogerpon\n|move|p2a: Koraidon|Close Combat|p1a: Terapagos\n|-activate|p1a: Terapagos|ability: Tera Shell\n|-resisted|p1a: Terapagos\n|-damage|p1a: Terapagos|71/100\n|-unboost|p2a: Koraidon|def|1\n|-unboost|p2a: Koraidon|spd|1\n|move|p1a: Terapagos|Calm Mind|p1a: Terapagos\n|-boost|p1a: Terapagos|spa|1\n|-boost|p1a: Terapagos|spd|1\n|\n|-weather|SunnyDay|[upkeep]\n|-heal|p1a: Terapagos|77/100|[from] item: Leftovers\n|upkeep\n|\n|t:|1746124132\n|switch|p1b: Incineroar|Incineroar, L50, F|100/100\n|-ability|p1b: Incineroar|Intimidate|boost\n|-fail|p2a: Koraidon|unboost|[from] item: Clear Amulet|[of] p2a: Koraidon\n|-unboost|p2b: Roaring Moon|atk|1\n|turn|3\n|\n|t:|1746124146\n|-end|p2b: Roaring Moon|Protosynthesis|[silent]\n|switch|p2b: Miraidon|Miraidon, L50|100/100\n|-fieldstart|move: Electric Terrain|[from] ability: Hadron Engine|[of] p2b: Miraidon\n|move|p2a: Koraidon|Protect|p2a: Koraidon\n|-singleturn|p2a: Koraidon|Protect\n|move|p1b: Incineroar|Fake Out|p2a: Koraidon\n|-activate|p2a: Koraidon|move: Protect\n|move|p1a: Terapagos|Tera Starstorm|p2b: Miraidon\n|-damage|p2b: Miraidon|27/100\n|\n|-weather|SunnyDay|[upkeep]\n|-heal|p1a: Terapagos|83/100|[from] item: Leftovers\n|upkeep\n|turn|4\n|\n|t:|1746124169\n|switch|p1b: Rillaboom|Rillaboom, L50, M|100/100\n|-fieldstart|move: Grassy Terrain|[from] ability: Grassy Surge|[of] p1b: Rillaboom\n|move|p1a: Terapagos|Protect|p1a: Terapagos\n|-singleturn|p1a: Terapagos|Protect\n|move|p2b: Miraidon|Volt Switch|p1a: Terapagos\n|-activate|p1a: Terapagos|move: Protect\n|move|p2a: Koraidon|Close Combat|p1a: Terapagos\n|-activate|p1a: Terapagos|move: Protect\n|\n|-weather|SunnyDay|[upkeep]\n|-heal|p2b: Miraidon|33/100|[from] Grassy Terrain\n|-heal|p1a: Terapagos|89/100|[from] Grassy Terrain\n|-heal|p1a: Terapagos|95/100|[from] item: Leftovers\n|-sideend|p2: Tandrako|move: Tailwind\n|upkeep\n|turn|5\n|\n|t:|1746124189\n|switch|p2a: Roaring Moon|Roaring Moon, L50|100/100\n|-activate|p2a: Roaring Moon|ability: Protosynthesis\n|-start|p2a: Roaring Moon|protosynthesisspe\n|switch|p2b: Iron Leaves|Iron Leaves, L50|100/100\n|switch|p1b: Incineroar|Incineroar, L50, F|100/100\n|-ability|p1b: Incineroar|Intimidate|boost\n|-unboost|p2a: Roaring Moon|atk|1\n|-unboost|p2b: Iron Leaves|atk|1\n|move|p1a: Terapagos|Tera Starstorm|p2b: Iron Leaves\n|-damage|p2b: Iron Leaves|19/100\n|\n|-weather|none\n|-end|p2a: Roaring Moon|Protosynthesis\n|-heal|p2b: Iron Leaves|25/100|[from] Grassy Terrain\n|-heal|p1a: Terapagos|100/100|[from] Grassy Terrain\n|upkeep\n|turn|6\n|\n|t:|1746124213\n|move|p1b: Incineroar|Fake Out|p2b: Iron Leaves\n|-damage|p2b: Iron Leaves|13/100\n|move|p2a: Roaring Moon|Tailwind|p2a: Roaring Moon\n|-sidestart|p2: Tandrako|move: Tailwind\n|cant|p2b: Iron Leaves|flinch\n|move|p1a: Terapagos|Tera Starstorm|p2a: Roaring Moon\n|-damage|p2a: Roaring Moon|16/100\n|\n|-heal|p2a: Roaring Moon|22/100|[from] Grassy Terrain\n|-heal|p2b: Iron Leaves|20/100|[from] Grassy Terrain\n|upkeep\n|turn|7\n|\n|t:|1746124227\n|switch|p1b: Rillaboom|Rillaboom, L50, M|100/100\n|move|p1a: Terapagos|Protect|p1a: Terapagos\n|-singleturn|p1a: Terapagos|Protect\n|move|p2a: Roaring Moon|Knock Off|p1a: Terapagos\n|-activate|p1a: Terapagos|move: Protect\n|move|p2b: Iron Leaves|Close Combat|p1a: Terapagos\n|-activate|p1a: Terapagos|move: Protect\n|\n|-heal|p2a: Roaring Moon|28/100|[from] Grassy Terrain\n|-heal|p2b: Iron Leaves|26/100|[from] Grassy Terrain\n|upkeep\n|turn|8\n|\n|t:|1746124246\n|-end|p2b: Iron Leaves|Quark Drive|[silent]\n|switch|p2b: Miraidon|Miraidon, L50|33/100\n|-fieldstart|move: Electric Terrain|[from] ability: Hadron Engine|[of] p2b: Miraidon\n|move|p2a: Roaring Moon|Protect|p2a: Roaring Moon\n|-singleturn|p2a: Roaring Moon|Protect\n|move|p1b: Rillaboom|Fake Out|p2b: Miraidon\n|-damage|p2b: Miraidon|18/100\n|move|p1a: Terapagos|Tera Starstorm|p2b: Miraidon\n|-damage|p2b: Miraidon|0 fnt\n|faint|p2b: Miraidon\n|\n|upkeep\n|\n|t:|1746124257\n|switch|p2b: Koraidon|Koraidon, L50|100/100\n|-weather|SunnyDay|[from] ability: Orichalcum Pulse|[of] p2b: Koraidon\n|-activate|p2a: Roaring Moon|ability: Protosynthesis\n|-start|p2a: Roaring Moon|protosynthesisspe\n|-activate|p2b: Koraidon|Orichalcum Pulse|[source]\n|turn|9\n|\n|t:|1746124274\n|move|p1a: Terapagos|Protect|p1a: Terapagos\n|-singleturn|p1a: Terapagos|Protect\n|move|p2a: Roaring Moon|Knock Off|p1a: Terapagos\n|-activate|p1a: Terapagos|move: Protect\n|move|p2b: Koraidon|Close Combat|p1b: Rillaboom\n|-damage|p1b: Rillaboom|26/100\n|-unboost|p2b: Koraidon|def|1\n|-unboost|p2b: Koraidon|spd|1\n|move|p1b: Rillaboom|U-turn|p2a: Roaring Moon\n|-supereffective|p2a: Roaring Moon\n|-damage|p2a: Roaring Moon|0 fnt\n|faint|p2a: Roaring Moon\n|-end|p2a: Roaring Moon|Protosynthesis|[silent]\n|\n|t:|1746124285\n|switch|p1b: Incineroar|Incineroar, L50, F|100/100|[from] U-turn\n|-ability|p1b: Incineroar|Intimidate|boost\n|-fail|p2b: Koraidon|unboost|[from] item: Clear Amulet|[of] p2b: Koraidon\n|\n|-weather|SunnyDay|[upkeep]\n|-sideend|p2: Tandrako|move: Tailwind\n|upkeep\n|\n|t:|1746124291\n|switch|p2a: Iron Leaves|Iron Leaves, L50|26/100\n|-activate|p2a: Iron Leaves|ability: Quark Drive\n|-start|p2a: Iron Leaves|quarkdrivespe\n|turn|10\n|\n|t:|1746124302\n|-terastallize|p2b: Koraidon|Fire\n|-terastallize|p1a: Terapagos|Stellar\n|detailschange|p1a: Terapagos|Terapagos-Stellar, L50, M, tera:Stellar\n|-heal|p1a: Terapagos|100/100|[silent]\n|-ability|p1a: Terapagos|Teraform Zero\n|-weather|none\n|-fieldend|move: Electric Terrain\n|-end|p2a: Iron Leaves|Quark Drive\n|move|p1b: Incineroar|Fake Out|p2a: Iron Leaves\n|-damage|p2a: Iron Leaves|15/100\n|move|p2b: Koraidon|Flare Blitz|p1a: Terapagos\n|-damage|p1a: Terapagos|70/100\n|-damage|p2b: Koraidon|85/100|[from] Recoil\n|cant|p2a: Iron Leaves|flinch\n|move|p1a: Terapagos|Tera Starstorm|p2b: Koraidon|[spread] p2a,p2b\n|-supereffective|p2b: Koraidon\n|-damage|p2a: Iron Leaves|0 fnt\n|-damage|p2b: Koraidon|0 fnt\n|faint|p2a: Iron Leaves\n|-end|p2a: Iron Leaves|Quark Drive|[silent]\n|faint|p2b: Koraidon\n|\n|win|kevsux\n|inactive|kevsux has 30 seconds to confirm battle start!\n|inactive|Tandrako has 30 seconds to confirm battle start!\n||kevsux is ready for game 3.\n||Tandrako is ready for game 3.\n|uhtml|next|Next: <a href=\"/battle-gen9vgc2025regibo3-2354840392\"><strong>Game 3 of 3</strong></a>\n|l|\u2606Tandrako\n|player|p2|\n", "uploadtime": 1746124670, "views": 10, "formatid": "gen9vgc2025regibo3", "rating": null, "private": 0, "password": null}