{"id": "gen9vgc2025regibo3-2354001039", "format": "[Gen 9] VGC 2025 Reg I (Bo3)", "players": ["edo ghira", "Kerchack roar"], "log": "|j|\u2606edo ghira\n|j|\u2606Kerchack roar\n|html|<table width=\"100%\"><tr><td align=\"left\">edo ghira</td><td align=\"right\">Kerchack roar</tr><tr><td align=\"left\"><i class=\"fa fa-circle-o\"></i> <i class=\"fa fa-circle-o\"></i> </td><td align=\"right\"><i class=\"fa fa-circle-o\"></i> <i class=\"fa fa-circle-o\"></i> </tr></table>\n|uhtml|bestof|<h2><strong>Game 1</strong> of <a href=\"/game-bestof3-gen9vgc2025regibo3-2354001038\">a best-of-3</a></h2>\n|t:|1746026412\n|gametype|doubles\n|player|p1|edo ghira|lance|1287\n|player|p2|Kerchack roar|101|1231\n|teamsize|p1|6\n|teamsize|p2|6\n|gen|9\n|tier|[Gen 9] VGC 2025 Reg I (Bo3)\n|rated|\n|rule|Species Clause: Limit one of each Pok\u00e9mon\n|rule|Item Clause: Limit 1 of each item\n|clearpoke\n|poke|p1|Koraidon, L50|\n|poke|p1|Lunala, L50|\n|poke|p1|Indeedee-F, L50, F|\n|poke|p1|Incineroar, L50, F|\n|poke|p1|Ursaluna, L50, M|\n|poke|p1|Brute Bonnet, L50|\n|poke|p2|Lunala, L50|\n|poke|p2|Koraidon, L50|\n|poke|p2|Walking Wake, L50|\n|poke|p2|Rillaboom, L50, F|\n|poke|p2|Incineroar, L50, M|\n|poke|p2|Tornadus, L50, M|\n|teampreview|4\n|showteam|p1|Koraidon||LifeOrb|OrichalcumPulse|CloseCombat,FlameCharge,FlareBlitz,Protect||||||50|,,,,,Fire]Lunala||SafetyGoggles|ShadowShield|ExpandingForce,MoongeistBeam,WideGuard,TrickRoom||||||50|,,,,,Water]Indeedee-F||PsychicSeed|PsychicSurge|FollowMe,TrickRoom,Psychic,HealPulse|||F|||50|,,,,,Fairy]Incineroar||AssaultVest|Intimidate|KnockOff,Uturn,FakeOut,FlareBlitz|||F|||50|,,,,,Bug]Ursaluna||FlameOrb|Guts|Facade,HeadlongRush,Earthquake,Protect|||M|||50|,,,,,Ghost]Brute Bonnet||RockyHelmet|Protosynthesis|SeedBomb,SuckerPunch,Spore,RagePowder||||||50|,,,,,Water\n|showteam|p2|Lunala||Leftovers|ShadowShield|MoongeistBeam,Moonblast,CalmMind,WideGuard||||||50|,,,,,Fairy]Koraidon||LifeOrb|OrichalcumPulse|CollisionCourse,FlareBlitz,FlameCharge,Protect||||||50|,,,,,Fire]Walking Wake||MysticWater|Protosynthesis|HydroSteam,DracoMeteor,Flamethrower,Protect||||||50|,,,,,Water]Rillaboom||AssaultVest|GrassySurge|WoodHammer,GrassyGlide,FakeOut,Uturn|||F|||50|,,,,,Fire]Incineroar||SafetyGoggles|Intimidate|KnockOff,FakeOut,PartingShot,FlareBlitz|||M|||50|,,,,,Ghost]Tornadus||FocusSash|Prankster|BleakwindStorm,Tailwind,SunnyDay,Protect|||M|||50|,,,,,Dark\n|\n|t:|1746026454\n|start\n|switch|p1a: Dracula|Incineroar, L50, F|100/100\n|switch|p1b: Medusa|Lunala, L50|100/100\n|switch|p2a: Koraidon|Koraidon, L50|100/100\n|switch|p2b: Walking Wake|Walking Wake, L50|100/100\n|-weather|SunnyDay|[from] ability: Orichalcum Pulse|[of] p2a: Koraidon\n|-activate|p2b: Walking Wake|ability: Protosynthesis\n|-start|p2b: Walking Wake|protosynthesisspe\n|-activate|p2a: Koraidon|Orichalcum Pulse|[source]\n|-ability|p1a: Dracula|Intimidate|boost\n|-unboost|p2a: Koraidon|atk|1\n|-unboost|p2b: Walking Wake|atk|1\n|turn|1\n|\n|t:|1746026500\n|switch|p2a: Incineroar|Incineroar, L50, M|100/100\n|-ability|p2a: Incineroar|Intimidate|boost\n|-unboost|p1a: Dracula|atk|1\n|-unboost|p1b: Medusa|atk|1\n|move|p1a: Dracula|Fake Out|p2a: Incineroar\n|-damage|p2a: Incineroar|94/100\n|move|p2b: Walking Wake|Hydro Steam|p1a: Dracula\n|-supereffective|p1a: Dracula\n|-damage|p1a: Dracula|0 fnt\n|faint|p1a: Dracula\n|move|p1b: Medusa|Trick Room|p1b: Medusa\n|-fieldstart|move: Trick Room|[of] p1b: Medusa\n|\n|-weather|SunnyDay|[upkeep]\n|upkeep\n|\n|t:|1746026512\n|switch|p1a: Grendel|Ursaluna, L50, M|100/100\n|turn|2\n|\n|t:|1746026524\n|switch|p2a: Lunala|Lunala, L50|100/100\n|-terastallize|p1a: Grendel|Ghost\n|move|p1a: Grendel|Headlong Rush|p2b: Walking Wake\n|-damage|p2b: Walking Wake|20/100\n|-unboost|p1a: Grendel|def|1\n|-unboost|p1a: Grendel|spd|1\n|move|p1b: Medusa|Expanding Force|p2b: Walking Wake\n|-damage|p2b: Walking Wake|0 fnt\n|faint|p2b: Walking Wake\n|-end|p2b: Walking Wake|Protosynthesis|[silent]\n|\n|-weather|SunnyDay|[upkeep]\n|-status|p1a: Grendel|brn|[from] item: Flame Orb\n|upkeep\n|\n|t:|1746026534\n|switch|p2b: Incineroar|Incineroar, L50, M|94/100\n|-ability|p2b: Incineroar|Intimidate|boost\n|-unboost|p1a: Grendel|atk|1\n|-unboost|p1b: Medusa|atk|1\n|turn|3\n|\n|t:|1746026554\n|switch|p1b: Frankestein|Brute Bonnet, L50|100/100\n|-activate|p1b: Frankestein|ability: Protosynthesis\n|-start|p1b: Frankestein|protosynthesisdef\n|-terastallize|p2a: Lunala|Fairy\n|move|p1a: Grendel|Headlong Rush|p2b: Incineroar\n|-supereffective|p2b: Incineroar\n|-damage|p2b: Incineroar|0 fnt\n|-unboost|p1a: Grendel|def|1\n|-unboost|p1a: Grendel|spd|1\n|faint|p2b: Incineroar\n|move|p2a: Lunala|Moongeist Beam|p1a: Grendel\n|-supereffective|p1a: Grendel\n|-damage|p1a: Grendel|0 fnt\n|faint|p1a: Grendel\n|\n|-weather|SunnyDay|[upkeep]\n|upkeep\n|\n|t:|1746026568\n|switch|p1a: Medusa|Lunala, L50|100/100\n|switch|p2b: Koraidon|Koraidon, L50|100/100\n|-activate|p2b: Koraidon|ability: Orichalcum Pulse\n|turn|4\n|\n|t:|1746026585\n|move|p1b: Frankestein|Spore|p2a: Lunala\n|-status|p2a: Lunala|slp|[from] move: Spore\n|move|p1a: Medusa|Expanding Force|p2b: Koraidon\n|-supereffective|p2b: Koraidon\n|-damage|p2b: Koraidon|26/100\n|cant|p2a: Lunala|slp\n|move|p2b: Koraidon|Collision Course|p1b: Frankestein\n|-supereffective|p1b: Frankestein\n|-damage|p1b: Frankestein|0 fnt\n|-damage|p2b: Koraidon|10/100|[from] item: Rocky Helmet|[of] p1b: Frankestein\n|faint|p1b: Frankestein\n|-end|p1b: Frankestein|Protosynthesis|[silent]\n|-damage|p2b: Koraidon|0 fnt|[from] item: Life Orb\n|faint|p2b: Koraidon\n|\n|-weather|SunnyDay|[upkeep]\n|upkeep\n|turn|5\n|\n|t:|1746026602\n|move|p1a: Medusa|Moongeist Beam|p2a: Lunala\n|-damage|p2a: Lunala|79/100 slp\n|cant|p2a: Lunala|slp\n|\n|-weather|none\n|-heal|p2a: Lunala|85/100 slp|[from] item: Leftovers\n|-fieldend|move: Trick Room\n|upkeep\n|turn|6\n|\n|t:|1746026611\n|-curestatus|p2a: Lunala|slp|[msg]\n|move|p2a: Lunala|Moongeist Beam|p1a: Medusa\n|-supereffective|p1a: Medusa\n|-damage|p1a: Medusa|27/100\n|move|p1a: Medusa|Moongeist Beam|p2a: Lunala\n|-damage|p2a: Lunala|43/100\n|\n|-heal|p2a: Lunala|49/100|[from] item: Leftovers\n|upkeep\n|turn|7\n|\n|t:|1746026623\n|move|p2a: Lunala|Moongeist Beam|p1a: Medusa\n|-supereffective|p1a: Medusa\n|-damage|p1a: Medusa|0 fnt\n|faint|p1a: Medusa\n|\n|win|Kerchack roar\n||edo ghira is ready for game 2.\n||Kerchack roar is ready for game 2.\n|uhtml|next|Next: <a href=\"/battle-gen9vgc2025regibo3-2354003535\"><strong>Game 2 of 3</strong></a>\n|l|\u2606Kerchack roar\n|player|p2|\n|l|\u2606edo ghira\n|player|p1|\n|j|\u2606Kerchack roar\n|player|p2|Kerchack roar|101|\n", "uploadtime": 1746026919, "views": 22, "formatid": "gen9vgc2025regibo3", "rating": null, "private": 0, "password": null}