{"id": "gen9vgc2025regibo3-2354135482", "format": "[Gen 9] VGC 2025 Reg I (Bo3)", "players": ["jackypoooh", "SakeJ"], "log": "|j|\u2606jackypoooh\n|j|\u2606SakeJ\n|html|<table width=\"100%\"><tr><td align=\"left\">jackypoooh</td><td align=\"right\">SakeJ</tr><tr><td align=\"left\"><i class=\"fa fa-circle\"></i> <i class=\"fa fa-circle-o\"></i> </td><td align=\"right\"><i class=\"fa fa-circle-o\"></i> <i class=\"fa fa-circle-o\"></i> </tr></table>\n|uhtml|bestof|<h2><strong>Game 2</strong> of <a href=\"/game-bestof3-gen9vgc2025regibo3-2354132933\">a best-of-3</a></h2>\n|t:|1746037903\n|gametype|doubles\n|player|p1|jackypoooh|170|\n|player|p2|SakeJ|101|\n|teamsize|p1|6\n|teamsize|p2|6\n|gen|9\n|tier|[Gen 9] VGC 2025 Reg I (Bo3)\n|rule|Species Clause: Limit one of each Pok\u00e9mon\n|rule|Item Clause: Limit 1 of each item\n|clearpoke\n|poke|p1|Kyogre, L50|\n|poke|p1|Kyurem-White, L50|\n|poke|p1|Amoonguss, L50, F|\n|poke|p1|Archaludon, L50, M|\n|poke|p1|Tornadus, L50, M|\n|poke|p1|Incineroar, L50, M|\n|poke|p2|Lugia, L50|\n|poke|p2|Miraidon, L50|\n|poke|p2|Flutter Mane, L50|\n|poke|p2|Incineroar, L50, F|\n|poke|p2|Glimmora, L50, F|\n|poke|p2|Hydrapple, L50, M|\n|teampreview|4\n|showteam|p1|Kyogre||ChoiceScarf|Drizzle|WaterSpout,Thunder,IceBeam,OriginPulse||||||50|,,,,,Water]Kyurem-White||LifeOrb|Turboblaze|FreezeDry,EarthPower,DracoMeteor,WeatherBall||||||50|,,,,,Ice]Amoonguss||SitrusBerry|Regenerator|Spore,SludgeBomb,RagePowder,Protect|||F|||50|,,,,,Grass]Archaludon||Leftovers|Stalwart|BodyPress,ElectroShot,ThunderWave,FlashCannon|||M|||50|,,,,,Steel]Tornadus||RockyHelmet|Prankster|RainDance,Tailwind,BleakwindStorm,Uturn|||M|||50|,,,,,Flying]Incineroar||SafetyGoggles|Intimidate|FakeOut,KnockOff,PartingShot,HelpingHand|||M|||50|,,,,,Ghost\n|showteam|p2|Lugia||Leftovers|Multiscale|Recover,CalmMind,Aeroblast,Protect||||||50|,,,,,Water]Miraidon||ChoiceSpecs|HadronEngine|VoltSwitch,ElectroDrift,DracoMeteor,DazzlingGleam||||||50|,,,,,Fairy]Flutter Mane||BoosterEnergy|Protosynthesis|Moonblast,IcyWind,Protect,Taunt||||||50|,,,,,Ghost]Incineroar||SafetyGoggles|Intimidate|FakeOut,PartingShot,WillOWisp,KnockOff|||F|||50|,,,,,Ghost]Glimmora||FocusSash|ToxicDebris|MortalSpin,SludgeBomb,SpikyShield,EarthPower|||F|||50|,,,,,Grass]Hydrapple||AssaultVest|Regenerator|TeraBlast,FickleBeam,LeafStorm,PollenPuff|||M|||50|,,,,,Dark\n|l|\u2606jackypoooh\n|player|p1|\n|j|\u2606jackypoooh\n|player|p1|jackypoooh|170|\n|inactive|Battle timer is ON: inactive players will automatically lose when time's up. (requested by SakeJ)\n|inactiveoff|Battle timer is now OFF.\n|\n|t:|1746038025\n|start\n|switch|p1a: Archaludon|Archaludon, L50, M|100/100\n|switch|p1b: Incineroar|Incineroar, L50, M|100/100\n|switch|p2a: Incineroar|Incineroar, L50, F, shiny|100/100\n|switch|p2b: Miraidon|Miraidon, L50|100/100\n|-fieldstart|move: Electric Terrain|[from] ability: Hadron Engine|[of] p2b: Miraidon\n|-ability|p2a: Incineroar|Intimidate|boost\n|-unboost|p1a: Archaludon|atk|1\n|-unboost|p1b: Incineroar|atk|1\n|-ability|p1b: Incineroar|Intimidate|boost\n|-unboost|p2a: Incineroar|atk|1\n|-unboost|p2b: Miraidon|atk|1\n|turn|1\n|\n|t:|1746038087\n|switch|p2b: Flutter Mane|Flutter Mane, L50|100/100\n|-enditem|p2b: Flutter Mane|Booster Energy\n|-activate|p2b: Flutter Mane|ability: Protosynthesis|[fromitem]\n|-start|p2b: Flutter Mane|protosynthesisspe\n|switch|p1a: Amoonguss|Amoonguss, L50, F|100/100\n|-terastallize|p1b: Incineroar|Ghost\n|move|p1b: Incineroar|Fake Out|p2b: Flutter Mane\n|-immune|p2b: Flutter Mane\n|move|p2a: Incineroar|Parting Shot|p1a: Amoonguss\n|-unboost|p1a: Amoonguss|atk|1\n|-unboost|p1a: Amoonguss|spa|1\n|\n|t:|1746038101\n|switch|p2a: Miraidon|Miraidon, L50|100/100|[from] Parting Shot\n|-activate|p2a: Miraidon|ability: Hadron Engine\n|\n|upkeep\n|turn|2\n|\n|t:|1746038123\n|switch|p2a: Incineroar|Incineroar, L50, F, shiny|100/100\n|-ability|p2a: Incineroar|Intimidate|boost\n|-unboost|p1a: Amoonguss|atk|1\n|-unboost|p1b: Incineroar|atk|1\n|move|p1a: Amoonguss|Protect|p1a: Amoonguss\n|-singleturn|p1a: Amoonguss|Protect\n|move|p2b: Flutter Mane|Taunt|p1a: Amoonguss\n|-activate|p1a: Amoonguss|move: Protect\n|move|p1b: Incineroar|Parting Shot|p2a: Incineroar\n|-unboost|p2a: Incineroar|atk|1\n|-unboost|p2a: Incineroar|spa|1\n|\n|t:|1746038142\n|switch|p1b: Archaludon|Archaludon, L50, M|100/100|[from] Parting Shot\n|\n|upkeep\n|turn|3\n|\n|t:|1746038163\n|switch|p1a: Incineroar|Incineroar, L50, M, tera:Ghost|100/100\n|-ability|p1a: Incineroar|Intimidate|boost\n|-unboost|p2a: Incineroar|atk|1\n|-unboost|p2b: Flutter Mane|atk|1\n|move|p2b: Flutter Mane|Taunt|p1a: Incineroar\n|-start|p1a: Incineroar|move: Taunt\n|move|p1b: Archaludon|Thunder Wave|p2b: Flutter Mane|[miss]\n|-miss|p1b: Archaludon|p2b: Flutter Mane\n|move|p2a: Incineroar|Knock Off|p1b: Archaludon\n|-damage|p1b: Archaludon|85/100\n|-enditem|p1b: Archaludon|Leftovers|[from] move: Knock Off|[of] p2a: Incineroar\n|\n|upkeep\n|turn|4\n|\n|t:|1746038192\n|switch|p1a: Amoonguss|Amoonguss, L50, F|100/100\n|move|p2b: Flutter Mane|Protect|p2b: Flutter Mane\n|-singleturn|p2b: Flutter Mane|Protect\n|move|p1b: Archaludon|Flash Cannon|p2b: Flutter Mane\n|-activate|p2b: Flutter Mane|move: Protect\n|move|p2a: Incineroar|Parting Shot|p1b: Archaludon\n|-unboost|p1b: Archaludon|atk|1\n|-unboost|p1b: Archaludon|spa|1\n|\n|t:|1746038201\n|switch|p2a: Miraidon|Miraidon, L50|100/100|[from] Parting Shot\n|-activate|p2a: Miraidon|ability: Hadron Engine\n|\n|upkeep\n|turn|5\n|\n|t:|1746038216\n|move|p2b: Flutter Mane|Taunt|p1a: Amoonguss\n|-start|p1a: Amoonguss|move: Taunt\n|move|p2a: Miraidon|Dazzling Gleam|p1a: Amoonguss|[spread] p1a,p1b\n|-resisted|p1a: Amoonguss\n|-damage|p1a: Amoonguss|86/100\n|-damage|p1b: Archaludon|27/100\n|move|p1b: Archaludon|Thunder Wave|p2b: Flutter Mane\n|-status|p2b: Flutter Mane|par\n|cant|p1a: Amoonguss|move: Taunt|Spore\n|\n|-fieldend|move: Electric Terrain\n|upkeep\n|turn|6\n|\n|t:|1746038273\n|-end|p2b: Flutter Mane|Protosynthesis|[silent]\n|switch|p2b: Incineroar|Incineroar, L50, F, shiny|100/100\n|-ability|p2b: Incineroar|Intimidate|boost\n|-unboost|p1a: Amoonguss|atk|1\n|-unboost|p1b: Archaludon|atk|1\n|switch|p1a: Incineroar|Incineroar, L50, M, tera:Ghost|100/100\n|-ability|p1a: Incineroar|Intimidate|boost\n|-unboost|p2a: Miraidon|atk|1\n|-unboost|p2b: Incineroar|atk|1\n|move|p2a: Miraidon|Dazzling Gleam|p1a: Incineroar|[spread] p1a,p1b\n|-damage|p1a: Incineroar|75/100\n|-damage|p1b: Archaludon|0 fnt\n|faint|p1b: Archaludon\n|\n|upkeep\n|\n|t:|1746038287\n|switch|p1b: Amoonguss|Amoonguss, L50, F|100/100\n|turn|7\n|\n|t:|1746038321\n|switch|p2a: Flutter Mane|Flutter Mane, L50|100/100 par\n|switch|p1a: Kyogre|Kyogre, L50|100/100\n|-weather|RainDance|[from] ability: Drizzle|[of] p1a: Kyogre\n|move|p2b: Incineroar|Will-O-Wisp|p1a: Kyogre|[miss]\n|-miss|p2b: Incineroar|p1a: Kyogre\n|move|p1b: Amoonguss|Spore||[still]\n|-fail|p1b: Amoonguss\n|\n|-weather|RainDance|[upkeep]\n|upkeep\n|turn|8\n|\n|t:|1746038377\n|switch|p2b: Hydrapple|Hydrapple, L50, M|100/100\n|move|p1b: Amoonguss|Rage Powder|p1b: Amoonguss\n|-singleturn|p1b: Amoonguss|move: Rage Powder\n|move|p1a: Kyogre|Water Spout|p2b: Hydrapple|[spread] p2a,p2b\n|-resisted|p2b: Hydrapple\n|-damage|p2a: Flutter Mane|24/100 par\n|-damage|p2b: Hydrapple|84/100\n|move|p2a: Flutter Mane|Icy Wind|p1a: Kyogre|[spread] p1a,p1b\n|-resisted|p1a: Kyogre\n|-supereffective|p1b: Amoonguss\n|-damage|p1a: Kyogre|96/100\n|-damage|p1b: Amoonguss|81/100\n|-unboost|p1a: Kyogre|spe|1\n|-unboost|p1b: Amoonguss|spe|1\n|\n|-weather|RainDance|[upkeep]\n|upkeep\n|turn|9\n|\n|t:|1746038417\n|move|p1b: Amoonguss|Rage Powder|p1b: Amoonguss\n|-singleturn|p1b: Amoonguss|move: Rage Powder\n|move|p1a: Kyogre|Water Spout|p2b: Hydrapple|[spread] p2a,p2b\n|-resisted|p2b: Hydrapple\n|-damage|p2a: Flutter Mane|0 fnt\n|-damage|p2b: Hydrapple|69/100\n|faint|p2a: Flutter Mane\n|-end|p2a: Flutter Mane|Protosynthesis|[silent]\n|move|p2b: Hydrapple|Pollen Puff|p2: Flutter Mane|[notarget]\n|-fail|p2b: Hydrapple\n|\n|-weather|RainDance|[upkeep]\n|upkeep\n|\n|t:|1746038423\n|switch|p2a: Miraidon|Miraidon, L50|100/100\n|-fieldstart|move: Electric Terrain|[from] ability: Hadron Engine|[of] p2a: Miraidon\n|turn|10\n|\n|t:|1746038432\n|switch|p1a: Incineroar|Incineroar, L50, M, tera:Ghost|75/100\n|-ability|p1a: Incineroar|Intimidate|boost\n|-unboost|p2a: Miraidon|atk|1\n|-unboost|p2b: Hydrapple|atk|1\n|-terastallize|p2a: Miraidon|Fairy\n|move|p2a: Miraidon|Dazzling Gleam|p1b: Amoonguss|[spread] p1a,p1b\n|-resisted|p1b: Amoonguss\n|-damage|p1a: Incineroar|29/100\n|-damage|p1b: Amoonguss|60/100\n|move|p2b: Hydrapple|Pollen Puff|p2a: Miraidon\n|move|p1b: Amoonguss|Spore|p2a: Miraidon\n|-activate|p2a: Miraidon|move: Electric Terrain\n|\n|-weather|RainDance|[upkeep]\n|upkeep\n|turn|11\n|\n|t:|1746038511\n|switch|p2a: Incineroar|Incineroar, L50, F, shiny|100/100\n|-ability|p2a: Incineroar|Intimidate|boost\n|-unboost|p1a: Incineroar|atk|1\n|-unboost|p1b: Amoonguss|atk|1\n|switch|p1b: Kyogre|Kyogre, L50|96/100\n|move|p1a: Incineroar|Fake Out|p2a: Incineroar\n|-damage|p2a: Incineroar|93/100\n|move|p2b: Hydrapple|Fickle Beam|p1b: Kyogre|[anim] Fickle Beam All Out\n|-activate|p2b: Hydrapple|move: Fickle Beam\n|-damage|p1b: Kyogre|25/100\n|\n|-weather|none\n|upkeep\n|turn|12\n|-message|jackypoooh forfeited.\n|\n|win|SakeJ\n|l|\u2606jackypoooh\n|player|p1|\n||jackypoooh is ready for game 3.\n|inactive|SakeJ has 30 seconds to confirm battle start!\n|inactive|SakeJ has 20 seconds to confirm battle start!\n|inactive|SakeJ has 10 seconds to confirm battle start!\n|uhtml|next|Next: <a href=\"/battle-gen9vgc2025regibo3-2354143378\"><strong>Game 3 of 3</strong></a>\n", "uploadtime": 1746038680, "views": 6, "formatid": "gen9vgc2025regibo3", "rating": null, "private": 0, "password": null}