{"id": "gen9vgc2025regibo3-2353932826", "format": "[Gen 9] VGC 2025 Reg I (Bo3)", "players": ["gxe901", "Marquis_VGC"], "log": "|j|\u2606gxe901\n|j|\u2606Marquis_VGC\n|html|<table width=\"100%\"><tr><td align=\"left\">gxe901</td><td align=\"right\">Marquis_VGC</tr><tr><td align=\"left\"><i class=\"fa fa-circle\"></i> <i class=\"fa fa-circle-o\"></i> </td><td align=\"right\"><i class=\"fa fa-circle-o\"></i> <i class=\"fa fa-circle\"></i> </tr></table>\n|uhtml|bestof|<h2><strong>Game 3</strong> of <a href=\"/game-bestof3-gen9vgc2025regibo3-2353926467\">a best-of-3</a></h2>\n|t:|1746020216\n|gametype|doubles\n|player|p1|gxe901|266|1045\n|player|p2|Marquis_VGC|cynthia-gen4|1062\n|teamsize|p1|6\n|teamsize|p2|6\n|gen|9\n|tier|[Gen 9] VGC 2025 Reg I (Bo3)\n|rated|\n|rule|Species Clause: Limit one of each Pok\u00e9mon\n|rule|Item Clause: Limit 1 of each item\n|clearpoke\n|poke|p1|Eternatus, L50|\n|poke|p1|Tornadus, L50, M|\n|poke|p1|Rillaboom, L50, M|\n|poke|p1|Urshifu-*, L50, M|\n|poke|p1|Zamazenta-*, L50|\n|poke|p1|Volcarona, L50, M|\n|poke|p2|Zamazenta-*, L50|\n|poke|p2|Tornadus, L50, M|\n|poke|p2|Kyogre, L50|\n|poke|p2|Chi-Yu, L50|\n|poke|p2|Landorus, L50, M|\n|poke|p2|Tsareena, L50, F|\n|teampreview|4\n|showteam|p1|Eternatus||DragonFang|Pressure|DynamaxCannon,SludgeBomb,Recover,Protect||||||50|,,,,,Bug]Tornadus||FocusSash|Prankster|BleakwindStorm,Tailwind,RainDance,Taunt|||M|||50|,,,,,Ghost]Rillaboom||AssaultVest|GrassySurge|FakeOut,WoodHammer,GrassyGlide,Uturn|||M|||50|,,,,,Fire]Urshifu-Rapid-Strike||ChoiceScarf|UnseenFist|SurgingStrikes,CloseCombat,Uturn,AquaJet|||M|||50|,,,,,Ghost]Zamazenta-Crowned||RustedShield|DauntlessShield|behemothbash,BodyPress,WideGuard,Protect||||||50|,,,,,Dragon]Volcarona||RockyHelmet|FlameBody|StruggleBug,RagePowder,Flamethrower,WillOWisp|||M|||50|,,,,,Water\n|showteam|p2|Zamazenta-Crowned||RustedShield|DauntlessShield|BodyPress,HeavySlam,WideGuard,Protect||||||50|,,,,,Dragon]Tornadus||CovertCloak|Prankster|BleakwindStorm,Tailwind,RainDance,Taunt|||M|||50|,,,,,Dark]Kyogre||AssaultVest|Drizzle|WaterSpout,OriginPulse,IceBeam,Thunder||||||50|,,,,,Grass]Chi-Yu||ChoiceScarf|BeadsofRuin|HeatWave,Overheat,DarkPulse,Snarl||||||50|,,,,,Ghost]Landorus||LifeOrb|SheerForce|EarthPower,SandsearStorm,SludgeBomb,Taunt|||M|||50|,,,,,Ghost]Tsareena||WideLens|QueenlyMajesty|TripleAxel,PlayRough,Protect,PowerWhip|||F|||50|,,,,,Stellar\n|\n|t:|1746020244\n|start\n|switch|p1a: Urshifu|Urshifu-Rapid-Strike, L50, M|100/100\n|switch|p1b: Rillaboom|Rillaboom, L50, M|100/100\n|switch|p2a: Tornadus|Tornadus, L50, M|100/100\n|switch|p2b: Landorus|Landorus, L50, M|100/100\n|-fieldstart|move: Grassy Terrain|[from] ability: Grassy Surge|[of] p1b: Rillaboom\n|turn|1\n|\n|t:|1746020289\n|switch|p2b: Kyogre|Kyogre, L50|100/100\n|-weather|RainDance|[from] ability: Drizzle|[of] p2b: Kyogre\n|-terastallize|p1a: Urshifu|Ghost\n|move|p1a: Urshifu|Surging Strikes|p2b: Kyogre\n|-resisted|p2b: Kyogre\n|-crit|p2b: Kyogre\n|-damage|p2b: Kyogre|85/100\n|-resisted|p2b: Kyogre\n|-crit|p2b: Kyogre\n|-damage|p2b: Kyogre|68/100\n|-resisted|p2b: Kyogre\n|-crit|p2b: Kyogre\n|-damage|p2b: Kyogre|51/100\n|-hitcount|p2b: Kyogre|3\n|move|p2a: Tornadus|Bleakwind Storm|p1b: Rillaboom|[spread] p1a,p1b\n|-supereffective|p1b: Rillaboom\n|-damage|p1a: Urshifu|50/100\n|-damage|p1b: Rillaboom|52/100\n|move|p1b: Rillaboom|U-turn|p2a: Tornadus\n|-resisted|p2a: Tornadus\n|-damage|p2a: Tornadus|83/100\n|\n|t:|1746020299\n|switch|p1b: Eternatus|Eternatus, L50|100/100|[from] U-turn\n|-ability|p1b: Eternatus|Pressure\n|\n|-weather|RainDance|[upkeep]\n|-heal|p1a: Urshifu|56/100|[from] Grassy Terrain\n|-heal|p2b: Kyogre|57/100|[from] Grassy Terrain\n|upkeep\n|turn|2\n|\n|t:|1746020318\n|move|p2a: Tornadus|Tailwind|p2a: Tornadus\n|-sidestart|p2: Marquis_VGC|move: Tailwind\n|move|p2b: Kyogre|Origin Pulse|p1b: Eternatus|[spread] p1a,p1b\n|-resisted|p1b: Eternatus\n|-damage|p1a: Urshifu|0 fnt\n|-damage|p1b: Eternatus|73/100\n|faint|p1a: Urshifu\n|move|p1b: Eternatus|Dynamax Cannon|p2b: Kyogre\n|-damage|p2b: Kyogre|24/100\n|\n|-weather|RainDance|[upkeep]\n|-heal|p2b: Kyogre|30/100|[from] Grassy Terrain\n|-heal|p1b: Eternatus|79/100|[from] Grassy Terrain\n|upkeep\n|\n|t:|1746020328\n|switch|p1a: Zamazenta|Zamazenta-Crowned, L50|100/100\n|-ability|p1a: Zamazenta|Dauntless Shield|boost\n|-boost|p1a: Zamazenta|def|1\n|turn|3\n|\n|t:|1746020341\n|move|p1a: Zamazenta|Wide Guard|p1a: Zamazenta\n|-singleturn|p1a: Zamazenta|Wide Guard\n|move|p2a: Tornadus|Bleakwind Storm|p1b: Eternatus|[spread] \n|-activate|p1a: Zamazenta|move: Wide Guard\n|-activate|p1b: Eternatus|move: Wide Guard\n|move|p2b: Kyogre|Ice Beam|p1b: Eternatus\n|-supereffective|p1b: Eternatus\n|-damage|p1b: Eternatus|22/100\n|move|p1b: Eternatus|Dynamax Cannon|p2a: Tornadus\n|-damage|p2a: Tornadus|0 fnt\n|faint|p2a: Tornadus\n|\n|-weather|RainDance|[upkeep]\n|-heal|p2b: Kyogre|36/100|[from] Grassy Terrain\n|-heal|p1b: Eternatus|28/100|[from] Grassy Terrain\n|upkeep\n|\n|t:|1746020357\n|switch|p2a: Landorus|Landorus, L50, M|100/100\n|turn|4\n|\n|t:|1746020381\n|move|p1b: Eternatus|Protect|p1b: Eternatus\n|-singleturn|p1b: Eternatus|Protect\n|move|p2a: Landorus|Sandsear Storm|p1a: Zamazenta|[spread] p1a\n|-activate|p1b: Eternatus|move: Protect\n|-supereffective|p1a: Zamazenta\n|-damage|p1a: Zamazenta|13/100\n|move|p2b: Kyogre|Thunder|p1a: Zamazenta\n|-damage|p1a: Zamazenta|0 fnt\n|faint|p1a: Zamazenta\n|\n|-weather|RainDance|[upkeep]\n|-heal|p2b: Kyogre|42/100|[from] Grassy Terrain\n|-heal|p1b: Eternatus|34/100|[from] Grassy Terrain\n|upkeep\n|\n|t:|1746020390\n|switch|p1a: Rillaboom|Rillaboom, L50, M|52/100\n|turn|5\n|\n|t:|1746020397\n|switch|p2b: Tsareena|Tsareena, L50, F, shiny|100/100\n|move|p1a: Rillaboom|Fake Out||[still]\n|cant|p2b: Tsareena|ability: Queenly Majesty|Fake Out|[of] p1a: Rillaboom\n|move|p2a: Landorus|Sandsear Storm|p1a: Rillaboom|[spread] p1a,p1b\n|-resisted|p1a: Rillaboom\n|-supereffective|p1b: Eternatus\n|-damage|p1a: Rillaboom|32/100\n|-damage|p1b: Eternatus|0 fnt\n|faint|p1b: Eternatus\n|\n|-weather|none\n|-heal|p1a: Rillaboom|37/100|[from] Grassy Terrain\n|-sideend|p2: Marquis_VGC|move: Tailwind\n|-fieldend|move: Grassy Terrain\n|upkeep\n|turn|6\n|l|\u2606gxe901\n|player|p1|\n|inactive|Battle timer is ON: inactive players will automatically lose when time's up. (requested by Marquis_VGC)\n|inactive|gxe901 has 30 seconds to reconnect!\n|inactive|gxe901 has 20 seconds to reconnect!\n|inactive|gxe901 has 15 seconds to reconnect!\n|inactive|gxe901 has 10 seconds to reconnect!\n|inactive|gxe901 has 5 seconds to reconnect!\n|-message|gxe901 lost due to inactivity.\n|\n|win|Marquis_VGC\n|raw|gxe901's rating: 1045 &rarr; <strong>1029</strong><br />(-16 for losing)\n|raw|Marquis_VGC's rating: 1062 &rarr; <strong>1091</strong><br />(+29 for winning)\n", "uploadtime": 1746020502, "views": 28, "formatid": "gen9vgc2025regibo3", "rating": 1029, "private": 0, "password": null}