{"id": "gen9vgc2025regibo3-2354571793", "format": "[Gen 9] VGC 2025 Reg I (Bo3)", "players": ["DrXJ13", "Ziopppeppe"], "log": "|j|\u2606DrXJ13\n|j|\u2606Ziopppeppe\n|html|<table width=\"100%\"><tr><td align=\"left\">DrXJ13</td><td align=\"right\">Ziopppeppe</tr><tr><td align=\"left\"><i class=\"fa fa-circle-o\"></i> <i class=\"fa fa-circle-o\"></i> </td><td align=\"right\"><i class=\"fa fa-circle-o\"></i> <i class=\"fa fa-circle-o\"></i> </tr></table>\n|uhtml|bestof|<h2><strong>Game 1</strong> of <a href=\"/game-bestof3-gen9vgc2025regibo3-2354571792\">a best-of-3</a></h2>\n|t:|1746096567\n|gametype|doubles\n|player|p1|DrXJ13|clair|1113\n|player|p2|Ziopppeppe|2|1190\n|teamsize|p1|6\n|teamsize|p2|6\n|gen|9\n|tier|[Gen 9] VGC 2025 Reg I (Bo3)\n|rated|\n|rule|Species Clause: Limit one of each Pok\u00e9mon\n|rule|Item Clause: Limit 1 of each item\n|clearpoke\n|poke|p1|Calyrex-Shadow, L50|\n|poke|p1|Terapagos, L50, M|\n|poke|p1|Tornadus, L50, M|\n|poke|p1|Urshifu-*, L50, F|\n|poke|p1|Incineroar, L50, F|\n|poke|p1|Ogerpon-Cornerstone, L50, F|\n|poke|p2|Calyrex-Shadow, L50|\n|poke|p2|Koraidon, L50|\n|poke|p2|Brute Bonnet, L50|\n|poke|p2|Chi-Yu, L50|\n|poke|p2|Incineroar, L50, F|\n|poke|p2|Rillaboom, L50, M|\n|teampreview|4\n|showteam|p1|Calyrex-Shadow||LifeOrb|AsOneSpectrier|AstralBarrage,DrainingKiss,NastyPlot,Protect||||||50|,,,,,Fairy]Terapagos||ChoiceSpecs|TeraShift|TeraStarstorm,HyperBeam,EarthPower,IceBeam|||M|||50|,,,,,Stellar]Tornadus||CovertCloak|Prankster|Tailwind,BleakwindStorm,Taunt,RainDance|||M|||50|,,,,,Dark]Urshifu-Rapid-Strike||MysticWater|UnseenFist|SurgingStrikes,CloseCombat,AquaJet,Detect|||F|||50|,,,,,Grass]Incineroar||RockyHelmet|Intimidate|FakeOut,FlareBlitz,KnockOff,PartingShot|||F|||50|,,,,,Ghost]Ogerpon-Cornerstone||CornerstoneMask|Sturdy|IvyCudgel,WoodHammer,FollowMe,SpikyShield|||F|||50|,,,,,Rock\n|showteam|p2|Calyrex-Shadow||FocusSash|AsOneSpectrier|AstralBarrage,Protect,NastyPlot,TeraBlast||||||50|,,,,,Water]Koraidon||ClearAmulet|OrichalcumPulse|FlareBlitz,CollisionCourse,Protect,FlameCharge||||||50|,,,,,Fire]Brute Bonnet||CovertCloak|Protosynthesis|SuckerPunch,Spore,Protect,RagePowder||||||50|,,,,,Water]Chi-Yu||ChoiceScarf|BeadsofRuin|Snarl,Overheat,HeatWave,DarkPulse||||||50|,,,,,Ghost]Incineroar||SafetyGoggles|Intimidate|FakeOut,WillOWisp,PartingShot,KnockOff|||F|||50|,,,,,Bug]Rillaboom||AssaultVest|GrassySurge|FakeOut,WoodHammer,GrassyGlide,Uturn|||M|||50|,,,,,Fire\n|inactive|Battle timer is ON: inactive players will automatically lose when time's up. (requested by DrXJ13)\n|inactive|DrXJ13 has 60 seconds left.\n|inactive|Ziopppeppe has 60 seconds left.\n|inactive|DrXJ13 has 30 seconds left.\n|inactive|DrXJ13 has 20 seconds left.\n|inactive|DrXJ13 has 15 seconds left.\n|inactive|DrXJ13 has 10 seconds left.\n|inactive|DrXJ13 has 5 seconds left.\n|\n|t:|1746096653\n|start\n|switch|p1a: Maximiliano|Tornadus, L50, M|100/100\n|switch|p1b: Bragulat|Calyrex-Shadow, L50|100/100\n|switch|p2a: Brute Bonnet|Brute Bonnet, L50|100/100\n|switch|p2b: Rillaboom|Rillaboom, L50, M|100/100\n|-ability|p1b: Bragulat|As One\n|-ability|p1b: Bragulat|Unnerve\n|-fieldstart|move: Grassy Terrain|[from] ability: Grassy Surge|[of] p2b: Rillaboom\n|turn|1\n|inactive|Ziopppeppe has 30 seconds left.\n|inactive|Ziopppeppe has 20 seconds left.\n|inactive|Ziopppeppe has 15 seconds left.\n|\n|t:|1746096694\n|-terastallize|p1b: Bragulat|Fairy\n|-terastallize|p2a: Brute Bonnet|Water\n|move|p1b: Bragulat|Astral Barrage|p2b: Rillaboom|[spread] p2a,p2b\n|-damage|p2a: Brute Bonnet|51/100\n|-damage|p2b: Rillaboom|52/100\n|-damage|p1b: Bragulat|91/100|[from] item: Life Orb\n|move|p1a: Maximiliano|Bleakwind Storm|p2a: Brute Bonnet|[spread] p2a,p2b\n|-supereffective|p2b: Rillaboom\n|-damage|p2a: Brute Bonnet|29/100\n|-damage|p2b: Rillaboom|5/100\n|move|p2b: Rillaboom|U-turn|p1b: Bragulat\n|-resisted|p1b: Bragulat\n|-damage|p1b: Bragulat|79/100\n|\n|t:|1746096709\n|switch|p2b: Koraidon|Koraidon, L50|100/100|[from] U-turn\n|-weather|SunnyDay|[from] ability: Orichalcum Pulse|[of] p2b: Koraidon\n|-activate|p2a: Brute Bonnet|ability: Protosynthesis\n|-start|p2a: Brute Bonnet|protosynthesisatk\n|-activate|p2b: Koraidon|Orichalcum Pulse|[source]\n|move|p2a: Brute Bonnet|Spore|p1a: Maximiliano\n|-status|p1a: Maximiliano|slp|[from] move: Spore\n|\n|-weather|SunnyDay|[upkeep]\n|-heal|p1b: Bragulat|85/100|[from] Grassy Terrain\n|-heal|p2a: Brute Bonnet|35/100|[from] Grassy Terrain\n|upkeep\n|turn|2\n|inactive|DrXJ13 has 30 seconds left.\n|\n|t:|1746096739\n|move|p2a: Brute Bonnet|Rage Powder|p2a: Brute Bonnet\n|-singleturn|p2a: Brute Bonnet|move: Rage Powder\n|cant|p1a: Maximiliano|slp\n|move|p1b: Bragulat|Astral Barrage|p2a: Brute Bonnet|[spread] p2a,p2b\n|-damage|p2a: Brute Bonnet|0 fnt\n|-damage|p2b: Koraidon|36/100\n|faint|p2a: Brute Bonnet\n|-end|p2a: Brute Bonnet|Protosynthesis|[silent]\n|-ability|p1b: Bragulat|Grim Neigh|boost\n|-boost|p1b: Bragulat|spa|1\n|-damage|p1b: Bragulat|76/100|[from] item: Life Orb\n|move|p2b: Koraidon|Flame Charge|p1b: Bragulat\n|-damage|p1b: Bragulat|43/100\n|-boost|p2b: Koraidon|spe|1\n|\n|-weather|SunnyDay|[upkeep]\n|-heal|p2b: Koraidon|42/100|[from] Grassy Terrain\n|-heal|p1b: Bragulat|49/100|[from] Grassy Terrain\n|upkeep\n|\n|t:|1746096751\n|switch|p2a: Rillaboom|Rillaboom, L50, M|5/100\n|turn|3\n|\n|t:|1746096758\n|move|p1b: Bragulat|Protect|p1b: Bragulat\n|-singleturn|p1b: Bragulat|Protect\n|move|p2a: Rillaboom|Fake Out|p1b: Bragulat\n|-activate|p1b: Bragulat|move: Protect\n|cant|p1a: Maximiliano|slp\n|move|p2b: Koraidon|Flare Blitz|p1a: Maximiliano\n|-damage|p1a: Maximiliano|6/100 slp\n|-damage|p2b: Koraidon|8/100|[from] Recoil\n|\n|-weather|SunnyDay|[upkeep]\n|-heal|p2b: Koraidon|14/100|[from] Grassy Terrain\n|-heal|p1b: Bragulat|55/100|[from] Grassy Terrain\n|-heal|p2a: Rillaboom|11/100|[from] Grassy Terrain\n|upkeep\n|turn|4\n|\n|t:|1746096780\n|switch|p1b: Napolitana|Incineroar, L50, F|100/100\n|-ability|p1b: Napolitana|Intimidate|boost\n|-unboost|p2a: Rillaboom|atk|1\n|-fail|p2b: Koraidon|unboost|[from] item: Clear Amulet|[of] p2b: Koraidon\n|cant|p1a: Maximiliano|slp\n|move|p2a: Rillaboom|Grassy Glide|p1a: Maximiliano\n|-resisted|p1a: Maximiliano\n|-damage|p1a: Maximiliano|0 fnt\n|faint|p1a: Maximiliano\n|move|p2b: Koraidon|Flame Charge|p1b: Napolitana\n|-resisted|p1b: Napolitana\n|-damage|p1b: Napolitana|87/100\n|-boost|p2b: Koraidon|spe|1\n|-damage|p2b: Koraidon|0 fnt|[from] item: Rocky Helmet|[of] p1b: Napolitana\n|faint|p2b: Koraidon\n|\n|-weather|SunnyDay|[upkeep]\n|-heal|p2a: Rillaboom|17/100|[from] Grassy Terrain\n|-heal|p1b: Napolitana|93/100|[from] Grassy Terrain\n|upkeep\n|\n|t:|1746096795\n|switch|p2b: Calyrex|Calyrex-Shadow, L50|100/100\n|switch|p1a: Bragulat|Calyrex-Shadow, L50, tera:Fairy|55/100\n|-ability|p2b: Calyrex|As One\n|-ability|p2b: Calyrex|Unnerve\n|-ability|p1a: Bragulat|As One\n|-ability|p1a: Bragulat|Unnerve\n|turn|5\n|\n|t:|1746096813\n|move|p2b: Calyrex|Astral Barrage|p1b: Napolitana|[spread] p1a,p1b\n|-resisted|p1b: Napolitana\n|-damage|p1a: Bragulat|6/100\n|-damage|p1b: Napolitana|69/100\n|move|p1a: Bragulat|Astral Barrage|p2a: Rillaboom|[spread] p2a,p2b\n|-supereffective|p2b: Calyrex\n|-damage|p2a: Rillaboom|0 fnt\n|-enditem|p2b: Calyrex|Focus Sash\n|-damage|p2b: Calyrex|1/100\n|faint|p2a: Rillaboom\n|-ability|p1a: Bragulat|Grim Neigh|boost\n|-boost|p1a: Bragulat|spa|1\n|-damage|p1a: Bragulat|0 fnt|[from] item: Life Orb\n|faint|p1a: Bragulat\n|move|p1b: Napolitana|Knock Off|p2b: Calyrex\n|-supereffective|p2b: Calyrex\n|-damage|p2b: Calyrex|0 fnt\n|faint|p2b: Calyrex\n|\n|win|DrXJ13\n||DrXJ13 is ready for game 2.\n|l|\u2606Ziopppeppe\n|player|p2|\n||Ziopppeppe is ready for game 2.\n|uhtml|next|Next: <a href=\"/battle-gen9vgc2025regibo3-2354573190\"><strong>Game 2 of 3</strong></a>\n", "uploadtime": 1746097287, "views": 9, "formatid": "gen9vgc2025regibo3", "rating": null, "private": 0, "password": null}