{"id": "gen9vgc2025regibo3-2354960762", "format": "[Gen 9] VGC 2025 Reg I (Bo3)", "players": ["dotKuro", "Vitriso"], "log": "|j|\u2606dotKuro\n|j|\u2606Vitriso\n|html|<table width=\"100%\"><tr><td align=\"left\">dotKuro</td><td align=\"right\">Vitriso</tr><tr><td align=\"left\"><i class=\"fa fa-circle-o\"></i> <i class=\"fa fa-circle-o\"></i> </td><td align=\"right\"><i class=\"fa fa-circle-o\"></i> <i class=\"fa fa-circle-o\"></i> </tr></table>\n|uhtml|bestof|<h2><strong>Game 1</strong> of <a href=\"/game-bestof3-gen9vgc2025regibo3-2354960761\">a best-of-3</a></h2>\n|t:|1746136041\n|gametype|doubles\n|player|p1|dotKuro|265|1118\n|player|p2|Vitriso|169|1194\n|teamsize|p1|6\n|teamsize|p2|6\n|gen|9\n|tier|[Gen 9] VGC 2025 Reg I (Bo3)\n|rated|\n|rule|Species Clause: Limit one of each Pok\u00e9mon\n|rule|Item Clause: Limit 1 of each item\n|clearpoke\n|poke|p1|Chien-Pao, L50|\n|poke|p1|Kyogre, L50|\n|poke|p1|Amoonguss, L50, F|\n|poke|p1|Archaludon, L50, F|\n|poke|p1|Rayquaza, L50|\n|poke|p1|Landorus, L50, M|\n|poke|p2|Calyrex-Shadow, L50|\n|poke|p2|Zamazenta-*, L50|\n|poke|p2|Urshifu-*, L50, M|\n|poke|p2|Incineroar, L50, F|\n|poke|p2|Rillaboom, L50, M|\n|poke|p2|Chien-Pao, L50|\n|teampreview|4\n|showteam|p1|Chien-Pao||FocusSash|SwordofRuin|IceSpinner,Crunch,SuckerPunch,Protect||||||50|,,,,,Ghost]Kyogre||MysticWater|Drizzle|IceBeam,OriginPulse,WaterSpout,Protect||||||50|,,,,,Grass]Amoonguss||RockyHelmet|Regenerator|Protect,Spore,RagePowder,SludgeBomb|||F|||50|,,,,,Fire]Archaludon||AssaultVest|Stamina|ElectroShot,FlashCannon,BodyPress,DracoMeteor|||F|||50|,,,,,Bug]Rayquaza||LifeOrb|AirLock|DragonAscent,ExtremeSpeed,SwordsDance,Protect||||||50|,,,,,Normal]Landorus||ChoiceScarf|SheerForce|EarthPower,SandsearStorm,Uturn,SludgeBomb|||M|||50|,,,,,Ghost\n|showteam|p2|Calyrex-Shadow||LifeOrb|AsOneSpectrier|Substitute,AstralBarrage,Psychic,Protect||||||50|,,,,,Grass]Zamazenta-Crowned||RustedShield|DauntlessShield|WideGuard,Protect,BodyPress,HeavySlam||||||50|,,,,,Ghost]Urshifu-Rapid-Strike||ChoiceScarf|UnseenFist|SurgingStrikes,CloseCombat,AquaJet,Uturn|||M|||50|,,,,,Water]Incineroar||RockyHelmet|Intimidate|Uturn,FlareBlitz,FakeOut,HelpingHand|||F|||50|,,,,,Bug]Rillaboom||AssaultVest|GrassySurge|FakeOut,GrassyGlide,HighHorsepower,WoodHammer|||M|||50|,,,,,Water]Chien-Pao||FocusSash|SwordofRuin|IceSpinner,SuckerPunch,Protect,Crunch||||||50|,,,,,Stellar\n|inactive|Battle timer is ON: inactive players will automatically lose when time's up. (requested by Vitriso)\n|inactive|dotKuro has 60 seconds left.\n|inactive|Vitriso has 60 seconds left.\n|\n|t:|1746136094\n|start\n|switch|p1a: Pancake|Archaludon, L50, F|100/100\n|switch|p1b: Kellogg's|Kyogre, L50|100/100\n|switch|p2a: Urshifu|Urshifu-Rapid-Strike, L50, M|100/100\n|switch|p2b: Calyrex|Calyrex-Shadow, L50|100/100\n|-ability|p2b: Calyrex|As One\n|-ability|p2b: Calyrex|Unnerve\n|-weather|RainDance|[from] ability: Drizzle|[of] p1b: Kellogg's\n|turn|1\n|inactive|dotKuro has 30 seconds left.\n|\n|t:|1746136123\n|-terastallize|p1a: Pancake|Bug\n|move|p2a: Urshifu|Close Combat|p1a: Pancake\n|-resisted|p1a: Pancake\n|-damage|p1a: Pancake|75/100\n|-unboost|p2a: Urshifu|def|1\n|-unboost|p2a: Urshifu|spd|1\n|-ability|p1a: Pancake|Stamina|boost\n|-boost|p1a: Pancake|def|1\n|move|p2b: Calyrex|Astral Barrage|p1a: Pancake|[spread] p1a,p1b\n|-damage|p1a: Pancake|23/100\n|-damage|p1b: Kellogg's|50/100\n|-ability|p1a: Pancake|Stamina|boost\n|-boost|p1a: Pancake|def|1\n|-damage|p2b: Calyrex|91/100|[from] item: Life Orb\n|move|p1b: Kellogg's|Water Spout|p2a: Urshifu|[spread] p2a,p2b\n|-resisted|p2a: Urshifu\n|-damage|p2a: Urshifu|36/100\n|-damage|p2b: Calyrex|31/100\n|move|p1a: Pancake|Electro Shot||[still]\n|-prepare|p1a: Pancake|Electro Shot\n|-boost|p1a: Pancake|spa|1\n|-anim|p1a: Pancake|Electro Shot|p2b: Calyrex\n|-damage|p2b: Calyrex|0 fnt\n|faint|p2b: Calyrex\n|\n|-weather|RainDance|[upkeep]\n|upkeep\n|inactive|Vitriso has 30 seconds left.\n|\n|t:|1746136153\n|switch|p2b: Rillaboom|Rillaboom, L50, M|100/100\n|-fieldstart|move: Grassy Terrain|[from] ability: Grassy Surge|[of] p2b: Rillaboom\n|turn|2\n|\n|t:|1746136172\n|switch|p1b: Baguette|Rayquaza, L50, shiny|100/100\n|-ability|p1b: Baguette|Air Lock\n|move|p2b: Rillaboom|Fake Out|p1a: Pancake\n|-crit|p1a: Pancake\n|-damage|p1a: Pancake|9/100\n|-ability|p1a: Pancake|Stamina|boost\n|-boost|p1a: Pancake|def|1\n|move|p2a: Urshifu|Close Combat|p1b: Baguette\n|-resisted|p1b: Baguette\n|-damage|p1b: Baguette|71/100\n|-unboost|p2a: Urshifu|def|1\n|-unboost|p2a: Urshifu|spd|1\n|cant|p1a: Pancake|flinch\n|\n|-weather|RainDance|[upkeep]\n|-heal|p2a: Urshifu|42/100|[from] Grassy Terrain\n|-heal|p1a: Pancake|15/100|[from] Grassy Terrain\n|upkeep\n|turn|3\n|inactive|dotKuro has 30 seconds left.\n|\n|t:|1746136200\n|switch|p2a: Zamazenta|Zamazenta-Crowned, L50|100/100\n|-ability|p2a: Zamazenta|Dauntless Shield|boost\n|-boost|p2a: Zamazenta|def|1\n|move|p1b: Baguette|Swords Dance|p1b: Baguette\n|-boost|p1b: Baguette|atk|2\n|move|p2b: Rillaboom|Wood Hammer|p1a: Pancake\n|-resisted|p1a: Pancake\n|-damage|p1a: Pancake|4/100\n|-ability|p1a: Pancake|Stamina|boost\n|-boost|p1a: Pancake|def|1\n|-damage|p2b: Rillaboom|97/100|[from] Recoil\n|move|p1a: Pancake|Body Press|p2a: Zamazenta\n|-supereffective|p2a: Zamazenta\n|-damage|p2a: Zamazenta|49/100\n|\n|-weather|RainDance|[upkeep]\n|-heal|p2a: Zamazenta|56/100|[from] Grassy Terrain\n|-heal|p2b: Rillaboom|100/100|[from] Grassy Terrain\n|-heal|p1a: Pancake|10/100|[from] Grassy Terrain\n|upkeep\n|turn|4\n|inactive|Vitriso has 30 seconds left.\n|inactive|dotKuro has 30 seconds left.\n|inactive|dotKuro has 20 seconds left.\n|inactive|dotKuro has 15 seconds left.\n|inactive|dotKuro has 10 seconds left.\n|\n|t:|1746136255\n|move|p2a: Zamazenta|Heavy Slam|p1b: Baguette\n|-damage|p1b: Baguette|42/100\n|move|p1b: Baguette|Dragon Ascent|p2a: Zamazenta\n|-damage|p2a: Zamazenta|0 fnt\n|-unboost|p1b: Baguette|def|1\n|-unboost|p1b: Baguette|spd|1\n|faint|p2a: Zamazenta\n|-damage|p1b: Baguette|33/100|[from] item: Life Orb\n|move|p2b: Rillaboom|Wood Hammer|p1a: Pancake\n|-resisted|p1a: Pancake\n|-damage|p1a: Pancake|2/100\n|-ability|p1a: Pancake|Stamina|boost\n|-boost|p1a: Pancake|def|1\n|-damage|p2b: Rillaboom|98/100|[from] Recoil\n|move|p1a: Pancake|Body Press|p2b: Rillaboom\n|-damage|p2b: Rillaboom|22/100\n|\n|-weather|RainDance|[upkeep]\n|-heal|p2b: Rillaboom|28/100|[from] Grassy Terrain\n|-heal|p1a: Pancake|8/100|[from] Grassy Terrain\n|upkeep\n|\n|t:|1746136267\n|switch|p2a: Urshifu|Urshifu-Rapid-Strike, L50, M|42/100\n|turn|5\n|\n|t:|1746136293\n|-terastallize|p2a: Urshifu|Water\n|move|p1b: Baguette|Extreme Speed|p2a: Urshifu\n|-damage|p2a: Urshifu|0 fnt\n|faint|p2a: Urshifu\n|-damage|p1b: Baguette|23/100|[from] item: Life Orb\n|move|p2b: Rillaboom|Wood Hammer|p1b: Baguette\n|-resisted|p1b: Baguette\n|-damage|p1b: Baguette|0 fnt\n|faint|p1b: Baguette\n|-damage|p2b: Rillaboom|20/100|[from] Recoil\n|move|p1a: Pancake|Body Press|p2b: Rillaboom\n|-damage|p2b: Rillaboom|0 fnt\n|faint|p2b: Rillaboom\n|\n|win|dotKuro\n", "uploadtime": 1746136293, "views": 6, "formatid": "gen9vgc2025regibo3", "rating": null, "private": 0, "password": null}