{"id": "gen9vgc2025regibo3-2353731380", "format": "[Gen 9] VGC 2025 Reg I (Bo3)", "players": ["Hg125", "catsharknado"], "log": "|j|\u2606Hg125\n|j|\u2606catsharknado\n|html|<table width=\"100%\"><tr><td align=\"left\">Hg125</td><td align=\"right\">catsharknado</tr><tr><td align=\"left\"><i class=\"fa fa-circle-o\"></i> <i class=\"fa fa-circle-o\"></i> </td><td align=\"right\"><i class=\"fa fa-circle-o\"></i> <i class=\"fa fa-circle-o\"></i> </tr></table>\n|uhtml|bestof|<h2><strong>Game 1</strong> of <a href=\"/game-bestof3-gen9vgc2025regibo3-2353731379\">a best-of-3</a></h2>\n|t:|1745990266\n|gametype|doubles\n|player|p1|Hg125|101|1375\n|player|p2|catsharknado|170|1410\n|teamsize|p1|6\n|teamsize|p2|6\n|gen|9\n|tier|[Gen 9] VGC 2025 Reg I (Bo3)\n|rated|\n|rule|Species Clause: Limit one of each Pok\u00e9mon\n|rule|Item Clause: Limit 1 of each item\n|clearpoke\n|poke|p1|Calyrex-Ice, L50|\n|poke|p1|Landorus, L50, M|\n|poke|p1|Iron Hands, L50|\n|poke|p1|Urshifu-*, L50, F|\n|poke|p1|Grimmsnarl, L50, M|\n|poke|p1|Miraidon, L50|\n|poke|p2|Terapagos, L50, M|\n|poke|p2|Incineroar, L50, F|\n|poke|p2|Rillaboom, L50, F|\n|poke|p2|Ogerpon-Cornerstone, L50, F|\n|poke|p2|Flutter Mane, L50|\n|poke|p2|Calyrex-Shadow, L50|\n|teampreview|4\n|showteam|p1|Calyrex-Ice||ClearAmulet|AsOneGlastrier|GlacialLance,HighHorsepower,TrickRoom,Protect||||||50|,,,,,Water]Landorus||LifeOrb|SheerForce|EarthPower,SandsearStorm,SludgeBomb,Protect|||M|||50|,,,,,Water]Iron Hands||AssaultVest|QuarkDrive|LowKick,DrainPunch,IronHead,FakeOut||||||50|,,,,,Bug]Urshifu||FocusSash|UnseenFist|WickedBlow,SuckerPunch,CloseCombat,Protect|||F|||50|,,,,,Stellar]Grimmsnarl||CovertCloak|Prankster|SpiritBreak,LightScreen,Reflect,ThunderWave|||M|||50|,,,,,Steel]Miraidon||ChoiceScarf|HadronEngine|DracoMeteor,DazzlingGleam,VoltSwitch,ElectroDrift||||||50|,,,,,Electric\n|showteam|p2|Terapagos||Leftovers|TeraShift|CalmMind,Protect,TeraStarstorm,EarthPower|||M|||50|,,,,,Stellar]Incineroar||SafetyGoggles|Intimidate|KnockOff,FakeOut,PartingShot,WillOWisp|||F|||50|,,,,,Ghost]Rillaboom||AssaultVest|GrassySurge|GrassyGlide,WoodHammer,FakeOut,Uturn|||F|||50|,,,,,Grass]Ogerpon-Cornerstone||CornerstoneMask|Sturdy|IvyCudgel,SpikyShield,FollowMe,PowerWhip|||F|||50|,,,,,Rock]Flutter Mane||BoosterEnergy|Protosynthesis|Moonblast,Protect,ThunderWave,Taunt||||||50|,,,,,Fairy]Calyrex-Shadow||FocusSash|AsOneSpectrier|AstralBarrage,Protect,WillOWisp,PollenPuff||||||50|,,,,,Ghost\n|inactive|Battle timer is ON: inactive players will automatically lose when time's up. (requested by catsharknado)\n|inactive|Hg125 has 60 seconds left.\n|inactive|Hg125 has 30 seconds left.\n|inactive|Hg125 has 20 seconds left.\n|\n|t:|1745990340\n|start\n|switch|p1a: Grimmsnarl|Grimmsnarl, L50, M|100/100\n|switch|p1b: Urshifu|Urshifu, L50, F|100/100\n|switch|p2a: Rillaboom|Rillaboom, L50, F, shiny|100/100\n|switch|p2b: Ogerpon|Ogerpon-Cornerstone, L50, F|100/100\n|-fieldstart|move: Grassy Terrain|[from] ability: Grassy Surge|[of] p2a: Rillaboom\n|turn|1\n|\n|t:|1745990363\n|move|p1b: Urshifu|Protect|p1b: Urshifu\n|-singleturn|p1b: Urshifu|Protect\n|move|p2a: Rillaboom|Fake Out|p1b: Urshifu\n|-activate|p1b: Urshifu|move: Protect\n|move|p1a: Grimmsnarl|Reflect|p1a: Grimmsnarl\n|-sidestart|p1: Hg125|Reflect\n|move|p2b: Ogerpon|Power Whip|p1a: Grimmsnarl\n|-damage|p1a: Grimmsnarl|38/100\n|\n|-heal|p1a: Grimmsnarl|44/100|[from] Grassy Terrain\n|upkeep\n|turn|2\n|inactive|Hg125 has 30 seconds left.\n|inactive|Hg125 has 20 seconds left.\n|inactive|Hg125 has 15 seconds left.\n|\n|t:|1745990405\n|switch|p1b: Miraidon|Miraidon, L50|100/100\n|-fieldstart|move: Electric Terrain|[from] ability: Hadron Engine|[of] p1b: Miraidon\n|move|p1a: Grimmsnarl|Light Screen|p1a: Grimmsnarl\n|-sidestart|p1: Hg125|move: Light Screen\n|move|p2b: Ogerpon|Power Whip|p1a: Grimmsnarl\n|-damage|p1a: Grimmsnarl|0 fnt\n|faint|p1a: Grimmsnarl\n|move|p2a: Rillaboom|U-turn|p1b: Miraidon\n|-damage|p1b: Miraidon|89/100\n|\n|t:|1745990421\n|switch|p2a: Calyrex|Calyrex-Shadow, L50|100/100|[from] U-turn\n|-ability|p2a: Calyrex|As One\n|-ability|p2a: Calyrex|Unnerve\n|\n|upkeep\n|\n|t:|1745990434\n|switch|p1a: Calyrex|Calyrex-Ice, L50|100/100\n|-ability|p1a: Calyrex|As One\n|-ability|p1a: Calyrex|Unnerve\n|turn|3\n|inactive|Hg125 has 30 seconds left.\n|inactive|Hg125 has 20 seconds left.\n|inactive|Hg125 has 15 seconds left.\n|\n|t:|1745990476\n|switch|p2b: Rillaboom|Rillaboom, L50, F, shiny|100/100\n|-fieldstart|move: Grassy Terrain|[from] ability: Grassy Surge|[of] p2b: Rillaboom\n|move|p1a: Calyrex|Protect|p1a: Calyrex\n|-singleturn|p1a: Calyrex|Protect\n|move|p1b: Miraidon|Volt Switch|p2a: Calyrex\n|-damage|p2a: Calyrex|58/100\n|\n|t:|1745990485\n|switch|p1b: Urshifu|Urshifu, L50, F|100/100|[from] Volt Switch\n|move|p2a: Calyrex|Will-O-Wisp|p1a: Calyrex\n|-activate|p1a: Calyrex|move: Protect\n|\n|-heal|p2a: Calyrex|64/100|[from] Grassy Terrain\n|upkeep\n|turn|4\n|inactive|Hg125 has 30 seconds left.\n|inactive|Hg125 has 20 seconds left.\n|inactive|Hg125 has 15 seconds left.\n|\n|t:|1745990525\n|switch|p1a: Miraidon|Miraidon, L50|89/100\n|-fieldstart|move: Electric Terrain|[from] ability: Hadron Engine|[of] p1a: Miraidon\n|move|p1b: Urshifu|Protect|p1b: Urshifu\n|-singleturn|p1b: Urshifu|Protect\n|move|p2a: Calyrex|Will-O-Wisp|p1b: Urshifu\n|-activate|p1b: Urshifu|move: Protect\n|move|p2b: Rillaboom|U-turn|p1a: Miraidon\n|-damage|p1a: Miraidon|78/100\n|\n|t:|1745990539\n|switch|p2b: Ogerpon|Ogerpon-Cornerstone, L50, F|100/100|[from] U-turn\n|\n|upkeep\n|turn|5\n|\n|t:|1745990557\n|move|p2b: Ogerpon|Follow Me|p2b: Ogerpon\n|-singleturn|p2b: Ogerpon|move: Follow Me\n|move|p1a: Miraidon|Volt Switch|p2b: Ogerpon\n|-resisted|p2b: Ogerpon\n|-damage|p2b: Ogerpon|57/100\n|\n|t:|1745990564\n|switch|p1a: Calyrex|Calyrex-Ice, L50|100/100|[from] Volt Switch\n|-ability|p1a: Calyrex|As One\n|-ability|p1a: Calyrex|Unnerve\n|move|p2a: Calyrex|Will-O-Wisp|p1b: Urshifu\n|-status|p1b: Urshifu|brn\n|move|p1b: Urshifu|Wicked Blow|p2b: Ogerpon\n|-crit|p2b: Ogerpon\n|-damage|p2b: Ogerpon|16/100\n|\n|-damage|p1b: Urshifu|94/100 brn|[from] brn\n|-sideend|p1: Hg125|Reflect\n|upkeep\n|turn|6\n|inactive|Hg125 has 30 seconds left.\n|inactive|Hg125 has 20 seconds left.\n|inactive|Hg125 has 15 seconds left.\n|inactive|Hg125 has 10 seconds left.\n|\n|t:|1745990610\n|-terastallize|p1a: Calyrex|Water\n|move|p1b: Urshifu|Protect|p1b: Urshifu\n|-singleturn|p1b: Urshifu|Protect\n|move|p2b: Ogerpon|Follow Me|p2b: Ogerpon\n|-singleturn|p2b: Ogerpon|move: Follow Me\n|move|p2a: Calyrex|Astral Barrage|p1a: Calyrex|[spread] p1a\n|-activate|p1b: Urshifu|move: Protect\n|-damage|p1a: Calyrex|76/100\n|move|p1a: Calyrex|Glacial Lance|p2a: Calyrex|[spread] p2a,p2b\n|-supereffective|p2b: Ogerpon\n|-damage|p2a: Calyrex|0 fnt\n|-damage|p2b: Ogerpon|0 fnt\n|faint|p2a: Calyrex\n|faint|p2b: Ogerpon\n|-ability|p1a: Calyrex|Chilling Neigh|boost\n|-boost|p1a: Calyrex|atk|2\n|\n|-damage|p1b: Urshifu|88/100 brn|[from] brn\n|-sideend|p1: Hg125|move: Light Screen\n|upkeep\n|\n|t:|1745990621\n|switch|p2a: Rillaboom|Rillaboom, L50, F, shiny|100/100\n|switch|p2b: Terapagos|Terapagos, L50, M|100/100\n|-activate|p2b: Terapagos|ability: Tera Shift\n|detailschange|p2b: Terapagos|Terapagos-Terastal, L50, M\n|-heal|p2b: Terapagos|100/100|[silent]\n|-fieldstart|move: Grassy Terrain|[from] ability: Grassy Surge|[of] p2a: Rillaboom\n|turn|7\n|\n|t:|1745990642\n|switch|p1b: Miraidon|Miraidon, L50|78/100\n|-fieldstart|move: Electric Terrain|[from] ability: Hadron Engine|[of] p1b: Miraidon\n|move|p1a: Calyrex|Protect|p1a: Calyrex\n|-singleturn|p1a: Calyrex|Protect\n|move|p2a: Rillaboom|Fake Out|p1a: Calyrex\n|-activate|p1a: Calyrex|move: Protect\n|move|p2b: Terapagos|Calm Mind|p2b: Terapagos\n|-boost|p2b: Terapagos|spa|1\n|-boost|p2b: Terapagos|spd|1\n|\n|upkeep\n|turn|8\n|\n|t:|1745990665\n|-terastallize|p2b: Terapagos|Stellar\n|detailschange|p2b: Terapagos|Terapagos-Stellar, L50, M, tera:Stellar\n|-heal|p2b: Terapagos|100/100|[silent]\n|-ability|p2b: Terapagos|Teraform Zero\n|-fieldend|move: Electric Terrain\n|move|p1b: Miraidon|Draco Meteor|p2a: Rillaboom\n|-damage|p2a: Rillaboom|54/100\n|-unboost|p1b: Miraidon|spa|2\n|move|p2b: Terapagos|Tera Starstorm|p1b: Miraidon|[spread] p1a,p1b\n|-supereffective|p1a: Calyrex\n|-damage|p1a: Calyrex|12/100\n|-damage|p1b: Miraidon|29/100\n|move|p2a: Rillaboom|Wood Hammer|p1a: Calyrex\n|-supereffective|p1a: Calyrex\n|-damage|p1a: Calyrex|0 fnt\n|faint|p1a: Calyrex\n|-damage|p2a: Rillaboom|50/100|[from] Recoil\n|\n|upkeep\n|\n|t:|1745990683\n|switch|p1a: Urshifu|Urshifu, L50, F|88/100 brn\n|turn|9\n|inactive|Hg125 has 30 seconds left.\n|inactive|Hg125 has 20 seconds left.\n|\n|t:|1745990721\n|move|p1b: Miraidon|Draco Meteor|p2b: Terapagos\n|-damage|p2b: Terapagos|85/100\n|-unboost|p1b: Miraidon|spa|2\n|move|p1a: Urshifu|Close Combat|p2b: Terapagos\n|-supereffective|p2b: Terapagos\n|-damage|p2b: Terapagos|46/100\n|-unboost|p1a: Urshifu|def|1\n|-unboost|p1a: Urshifu|spd|1\n|move|p2b: Terapagos|Tera Starstorm|p1b: Miraidon|[spread] p1a,p1b\n|-damage|p1a: Urshifu|0 fnt\n|-damage|p1b: Miraidon|0 fnt\n|faint|p1a: Urshifu\n|faint|p1b: Miraidon\n|\n|win|catsharknado\n|inactive|Hg125 has 30 seconds to confirm battle start!\n|inactive|catsharknado has 30 seconds to confirm battle start!\n||catsharknado is ready for game 2.\n||Hg125 is ready for game 2.\n|uhtml|next|Next: <a href=\"/battle-gen9vgc2025regibo3-2353734219\"><strong>Game 2 of 3</strong></a>\n", "uploadtime": 1745991031, "views": 22, "formatid": "gen9vgc2025regibo3", "rating": null, "private": 0, "password": null}