{"id": "gen9vgc2025regibo3-2354351017", "format": "[Gen 9] VGC 2025 Reg I (Bo3)", "players": ["tg100", "llamatruama"], "log": "|j|\u2606tg100\n|j|\u2606llamatruama\n|html|<table width=\"100%\"><tr><td align=\"left\">tg100</td><td align=\"right\">llamatruama</tr><tr><td align=\"left\"><i class=\"fa fa-circle-o\"></i> <i class=\"fa fa-circle-o\"></i> </td><td align=\"right\"><i class=\"fa fa-circle-o\"></i> <i class=\"fa fa-circle\"></i> </tr></table>\n|uhtml|bestof|<h2><strong>Game 2</strong> of <a href=\"/game-bestof3-gen9vgc2025regibo3-2354349067\">a best-of-3</a></h2>\n|t:|1746060666\n|gametype|doubles\n|player|p1|tg100|101|1193\n|player|p2|llamatruama|265|1102\n|teamsize|p1|6\n|teamsize|p2|6\n|gen|9\n|tier|[Gen 9] VGC 2025 Reg I (Bo3)\n|rated|\n|rule|Species Clause: Limit one of each Pok\u00e9mon\n|rule|Item Clause: Limit 1 of each item\n|clearpoke\n|poke|p1|Chi-Yu, L50|\n|poke|p1|Flutter Mane, L50|\n|poke|p1|Koraidon, L50|\n|poke|p1|Lunala, L50|\n|poke|p1|Landorus-Therian, L50, M|\n|poke|p1|Kingambit, L50, F|\n|poke|p2|Calyrex-Ice, L50|\n|poke|p2|Ursaluna, L50, M|\n|poke|p2|Lunala, L50|\n|poke|p2|Raging Bolt, L50|\n|poke|p2|Scraggy, L50, M|\n|poke|p2|Amoonguss, L50, M|\n|teampreview|4\n|showteam|p1|Chi-Yu||ChoiceScarf|BeadsofRuin|HeatWave,DarkPulse,Overheat,Snarl||||||50|,,,,,Ghost]Flutter Mane||FocusSash|Protosynthesis|Moonblast,ShadowBall,IcyWind,Protect||||||50|,,,,,Fairy]Koraidon||ClearAmulet|OrichalcumPulse|CollisionCourse,FlareBlitz,FlameCharge,Protect||||||50|,,,,,Fire]Lunala||PowerHerb|ShadowShield|MoongeistBeam,MeteorBeam,WideGuard,TrickRoom||||||50|,,,,,Fairy]Landorus-Therian||ChoiceBand|Intimidate|Earthquake,StompingTantrum,RockSlide,Uturn|||M|||50|,,,,,Fairy]Kingambit||AssaultVest|Defiant|KowtowCleave,SuckerPunch,IronHead,TeraBlast|||F|||50|,,,,,Fairy\n|showteam|p2|Calyrex-Ice||ClearAmulet|AsOneGlastrier|GlacialLance,HighHorsepower,TrickRoom,Protect||||||50|,,,,,Fire]Ursaluna||FlameOrb|Guts|HeadlongRush,Facade,Earthquake,Protect|||M|||50|,,,,,Ghost]Lunala||PowerHerb|ShadowShield|TrickRoom,MoongeistBeam,MeteorBeam,WideGuard||||||50|,,,,,Water]Raging Bolt||AssaultVest|Protosynthesis|VoltSwitch,DracoMeteor,Snarl,Thunderclap||||||50|,,,,,Fairy]Scraggy||Eviolite|Intimidate|FakeOut,Coaching,HelpingHand,FoulPlay|||M|||50|,,,,,Poison]Amoonguss||SitrusBerry|Regenerator|Spore,ClearSmog,PollenPuff,RagePowder|||M|||50|,,,,,Water\n|\n|t:|1746060698\n|start\n|switch|p1a: Koraidon|Koraidon, L50|100/100\n|switch|p1b: Kingambit|Kingambit, L50, F|100/100\n|switch|p2a: Ursaluna|Ursaluna, L50, M, shiny|100/100\n|switch|p2b: Lunala|Lunala, L50|100/100\n|-weather|SunnyDay|[from] ability: Orichalcum Pulse|[of] p1a: Koraidon\n|-activate|p1a: Koraidon|Orichalcum Pulse|[source]\n|turn|1\n|\n|t:|1746060715\n|switch|p1b: Lunala|Lunala, L50|100/100\n|-terastallize|p2b: Lunala|Water\n|move|p2a: Ursaluna|Protect|p2a: Ursaluna\n|-singleturn|p2a: Ursaluna|Protect\n|move|p1a: Koraidon|Collision Course|p2b: Lunala\n|-damage|p2b: Lunala|78/100\n|move|p2b: Lunala|Trick Room|p2b: Lunala\n|-fieldstart|move: Trick Room|[of] p2b: Lunala\n|\n|-weather|SunnyDay|[upkeep]\n|-status|p2a: Ursaluna|brn|[from] item: Flame Orb\n|upkeep\n|turn|2\n|\n|t:|1746060749\n|move|p2a: Ursaluna|Facade|p1a: Koraidon\n|-crit|p1a: Koraidon\n|-damage|p1a: Koraidon|0 fnt\n|faint|p1a: Koraidon\n|move|p2b: Lunala|Meteor Beam||[still]\n|-prepare|p2b: Lunala|Meteor Beam\n|-boost|p2b: Lunala|spa|1\n|-enditem|p2b: Lunala|Power Herb\n|-anim|p2b: Lunala|Meteor Beam|p1b: Lunala\n|-damage|p1b: Lunala|78/100\n|move|p1b: Lunala|Trick Room|p1b: Lunala\n|-fieldend|move: Trick Room\n|\n|-weather|SunnyDay|[upkeep]\n|-damage|p2a: Ursaluna|95/100 brn|[from] brn\n|upkeep\n|\n|t:|1746060759\n|switch|p1a: Chi-Yu|Chi-Yu, L50|100/100\n|-ability|p1a: Chi-Yu|Beads of Ruin\n|turn|3\n|\n|t:|1746060776\n|move|p2b: Lunala|Wide Guard|p2b: Lunala\n|-singleturn|p2b: Lunala|Wide Guard\n|move|p1a: Chi-Yu|Dark Pulse|p2b: Lunala\n|-damage|p2b: Lunala|39/100\n|move|p1b: Lunala|Meteor Beam||[still]\n|-prepare|p1b: Lunala|Meteor Beam\n|-boost|p1b: Lunala|spa|1\n|-enditem|p1b: Lunala|Power Herb\n|-anim|p1b: Lunala|Meteor Beam|p2b: Lunala\n|-damage|p2b: Lunala|0 fnt\n|faint|p2b: Lunala\n|move|p2a: Ursaluna|Earthquake|p1b: Lunala|[spread] p1a,p1b\n|-supereffective|p1a: Chi-Yu\n|-damage|p1a: Chi-Yu|0 fnt\n|-damage|p1b: Lunala|32/100\n|faint|p1a: Chi-Yu\n|\n|-weather|SunnyDay|[upkeep]\n|-damage|p2a: Ursaluna|89/100 brn|[from] brn\n|upkeep\n|\n|t:|1746060797\n|switch|p1a: Kingambit|Kingambit, L50, F|100/100\n|switch|p2b: Calyrex|Calyrex-Ice, L50|100/100\n|-ability|p2b: Calyrex|As One\n|-ability|p2b: Calyrex|Unnerve\n|turn|4\n|\n|t:|1746060816\n|move|p2b: Calyrex|Protect|p2b: Calyrex\n|-singleturn|p2b: Calyrex|Protect\n|move|p1b: Lunala|Wide Guard|p1b: Lunala\n|-singleturn|p1b: Lunala|Wide Guard\n|move|p1a: Kingambit|Kowtow Cleave|p2b: Calyrex\n|-activate|p2b: Calyrex|move: Protect\n|move|p2a: Ursaluna|Earthquake|p1a: Kingambit|[spread] \n|-activate|p1a: Kingambit|move: Wide Guard\n|-activate|p1b: Lunala|move: Wide Guard\n|-activate|p2b: Calyrex|move: Protect\n|\n|-weather|SunnyDay|[upkeep]\n|-damage|p2a: Ursaluna|83/100 brn|[from] brn\n|upkeep\n|turn|5\n|\n|t:|1746060849\n|move|p1b: Lunala|Moongeist Beam|p2b: Calyrex\n|-supereffective|p2b: Calyrex\n|-damage|p2b: Calyrex|5/100\n|move|p1a: Kingambit|Kowtow Cleave|p2a: Ursaluna\n|-damage|p2a: Ursaluna|47/100 brn\n|move|p2b: Calyrex|Glacial Lance|p1b: Lunala|[spread] p1a,p1b\n|-resisted|p1a: Kingambit\n|-damage|p1a: Kingambit|80/100\n|-damage|p1b: Lunala|0 fnt\n|faint|p1b: Lunala\n|-ability|p2b: Calyrex|Chilling Neigh|boost\n|-boost|p2b: Calyrex|atk|1\n|move|p2a: Ursaluna|Headlong Rush|p1a: Kingambit\n|-supereffective|p1a: Kingambit\n|-damage|p1a: Kingambit|0 fnt\n|-unboost|p2a: Ursaluna|def|1\n|-unboost|p2a: Ursaluna|spd|1\n|faint|p1a: Kingambit\n|\n|win|llamatruama\n|raw|tg100's rating: 1193 &rarr; <strong>1162</strong><br />(-31 for losing)\n|raw|llamatruama's rating: 1102 &rarr; <strong>1133</strong><br />(+31 for winning)\n|l|\u2606tg100\n|player|p1|\n|l|\u2606llamatruama\n|player|p2|\n", "uploadtime": 1746061181, "views": 8, "formatid": "gen9vgc2025regibo3", "rating": 1133, "private": 0, "password": null}