{"id": "gen9vgc2025regibo3-2353846851", "format": "[Gen 9] VGC 2025 Reg I (Bo3)", "players": ["mareepmuamuamua", "snarf6969"], "log": "|j|\u2606mareepmuamuamua\n|j|\u2606snarf6969\n|html|<table width=\"100%\"><tr><td align=\"left\">mareepmuamuamua</td><td align=\"right\">snarf6969</tr><tr><td align=\"left\"><i class=\"fa fa-circle-o\"></i> <i class=\"fa fa-circle-o\"></i> </td><td align=\"right\"><i class=\"fa fa-circle-o\"></i> <i class=\"fa fa-circle-o\"></i> </tr></table>\n|uhtml|bestof|<h2><strong>Game 1</strong> of <a href=\"/game-bestof3-gen9vgc2025regibo3-2353846850\">a best-of-3</a></h2>\n|t:|1746009605\n|gametype|doubles\n|player|p1|mareepmuamuamua|cyclistf|1050\n|player|p2|snarf6969|102|1083\n|teamsize|p1|6\n|teamsize|p2|6\n|gen|9\n|tier|[Gen 9] VGC 2025 Reg I (Bo3)\n|rated|\n|rule|Species Clause: Limit one of each Pok\u00e9mon\n|rule|Item Clause: Limit 1 of each item\n|clearpoke\n|poke|p1|Calyrex-Shadow, L50|\n|poke|p1|Flutter Mane, L50|\n|poke|p1|Talonflame, L50, M|\n|poke|p1|Ogerpon-Cornerstone, L50, F|\n|poke|p1|Koraidon, L50|\n|poke|p1|Chi-Yu, L50|\n|poke|p2|Calyrex-Shadow, L50|\n|poke|p2|Miraidon, L50|\n|poke|p2|Maushold, L50|\n|poke|p2|Farigiraf, L50, F|\n|poke|p2|Iron Bundle, L50|\n|poke|p2|Landorus-Therian, L50, M|\n|teampreview|4\n|showteam|p1|Calyrex-Shadow||LifeOrb|AsOneSpectrier|Protect,DrainingKiss,AstralBarrage,NastyPlot||||||50|,,,,,Fairy]Flutter Mane||FocusSash|Protosynthesis|Imprison,TrickRoom,IcyWind,Moonblast||||||50|,,,,,Grass]Talonflame||SharpBeak|GaleWings|Tailwind,DualWingbeat,BraveBird,WillOWisp|||M|||50|,,,,,Ghost]Ogerpon-Cornerstone||CornerstoneMask|Sturdy|SpikyShield,Taunt,IvyCudgel,FollowMe|||F|||50|,,,,,Rock]Koraidon||ClearAmulet|OrichalcumPulse|CollisionCourse,ScaleShot,Protect,FlareBlitz||||||50|,,,,,Fire]Chi-Yu||ChoiceScarf|BeadsofRuin|SunnyDay,HeatWave,Snarl,DarkPulse||||||50|,,,,,Ghost\n|showteam|p2|Calyrex-Shadow||FocusSash|AsOneSpectrier|AstralBarrage,Protect,Substitute,Psyshock||||||50|,,,,,Ghost]Miraidon||ChoiceSpecs|HadronEngine|ElectroDrift,VoltSwitch,DracoMeteor,TeraBlast||||||50|,,,,,Electric]Maushold||SafetyGoggles|FriendGuard|FollowMe,Taunt,Encore,Protect||||||50|,,,,,Ghost]Farigiraf||ElectricSeed|ArmorTail|TrickRoom,Imprison,Psychic,Protect|||F|||50|,,,,,Ground]Iron Bundle||BoosterEnergy|QuarkDrive|IcyWind,HydroPump,FreezeDry,Protect||||||50|,,,,,Ice]Landorus-Therian||AssaultVest|Intimidate|Earthquake,BrickBreak,RockSlide,Uturn|||M|||50|,,,,,Water\n|inactive|Battle timer is ON: inactive players will automatically lose when time's up. (requested by snarf6969)\n|inactive|mareepmuamuamua has 60 seconds left.\n|inactive|snarf6969 has 60 seconds left.\n|inactive|mareepmuamuamua has 30 seconds left.\n|\n|t:|1746009668\n|start\n|switch|p1a: Talonflame|Talonflame, L50, M|100/100\n|switch|p1b: Calyrex|Calyrex-Shadow, L50|100/100\n|switch|p2a: Iron Bundle|Iron Bundle, L50|100/100\n|switch|p2b: Farigiraf|Farigiraf, L50, F|100/100\n|-ability|p1b: Calyrex|As One\n|-ability|p1b: Calyrex|Unnerve\n|-enditem|p2a: Iron Bundle|Booster Energy\n|-activate|p2a: Iron Bundle|ability: Quark Drive|[fromitem]\n|-start|p2a: Iron Bundle|quarkdrivespe\n|turn|1\n|inactive|mareepmuamuamua has 30 seconds left.\n|inactive|snarf6969 has 30 seconds left.\n|inactive|mareepmuamuamua has 20 seconds left.\n|inactive|snarf6969 has 20 seconds left.\n|inactive|mareepmuamuamua has 15 seconds left.\n|\n|t:|1746009709\n|move|p1a: Talonflame|Tailwind|p1a: Talonflame\n|-sidestart|p1: mareepmuamuamua|move: Tailwind\n|move|p1b: Calyrex|Nasty Plot|p1b: Calyrex\n|-boost|p1b: Calyrex|spa|2\n|move|p2a: Iron Bundle|Icy Wind|p1a: Talonflame|[spread] p1a,p1b\n|-damage|p1a: Talonflame|70/100\n|-damage|p1b: Calyrex|83/100\n|-unboost|p1a: Talonflame|spe|1\n|-unboost|p1b: Calyrex|spe|1\n|move|p2b: Farigiraf|Psychic|p1b: Calyrex\n|-resisted|p1b: Calyrex\n|-damage|p1b: Calyrex|69/100\n|\n|upkeep\n|turn|2\n|\n|t:|1746009732\n|move|p2a: Iron Bundle|Protect|p2a: Iron Bundle\n|-singleturn|p2a: Iron Bundle|Protect\n|move|p2b: Farigiraf|Protect|p2b: Farigiraf\n|-singleturn|p2b: Farigiraf|Protect\n|move|p1b: Calyrex|Astral Barrage|p2b: Farigiraf|[spread] \n|-activate|p2a: Iron Bundle|move: Protect\n|-activate|p2b: Farigiraf|move: Protect\n|move|p1a: Talonflame|Brave Bird|p2b: Farigiraf\n|-activate|p2b: Farigiraf|move: Protect\n|\n|upkeep\n|turn|3\n|\n|t:|1746009755\n|move|p2a: Iron Bundle|Icy Wind|p1a: Talonflame|[spread] p1a,p1b\n|-damage|p1a: Talonflame|40/100\n|-damage|p1b: Calyrex|49/100\n|-unboost|p1a: Talonflame|spe|1\n|-unboost|p1b: Calyrex|spe|1\n|move|p1b: Calyrex|Astral Barrage|p2b: Farigiraf|[spread] p2a\n|-immune|p2b: Farigiraf\n|-damage|p2a: Iron Bundle|0 fnt\n|faint|p2a: Iron Bundle\n|-end|p2a: Iron Bundle|Quark Drive|[silent]\n|-ability|p1b: Calyrex|Grim Neigh|boost\n|-boost|p1b: Calyrex|spa|1\n|-damage|p1b: Calyrex|40/100|[from] item: Life Orb\n|move|p1a: Talonflame|Brave Bird|p2b: Farigiraf\n|-damage|p2b: Farigiraf|50/100\n|-damage|p1a: Talonflame|16/100|[from] Recoil\n|move|p2b: Farigiraf|Psychic|p1b: Calyrex\n|-resisted|p1b: Calyrex\n|-damage|p1b: Calyrex|27/100\n|\n|upkeep\n|\n|t:|1746009776\n|switch|p2a: Calyrex|Calyrex-Shadow, L50|100/100\n|-ability|p2a: Calyrex|As One\n|-ability|p2a: Calyrex|Unnerve\n|turn|4\n|\n|t:|1746009795\n|move|p2a: Calyrex|Protect|p2a: Calyrex\n|-singleturn|p2a: Calyrex|Protect\n|move|p2b: Farigiraf|Protect|p2b: Farigiraf\n|-singleturn|p2b: Farigiraf|Protect\n|move|p1b: Calyrex|Astral Barrage|p2b: Farigiraf|[spread] \n|-activate|p2a: Calyrex|move: Protect\n|-activate|p2b: Farigiraf|move: Protect\n|move|p1a: Talonflame|Brave Bird|p2a: Calyrex\n|-activate|p2a: Calyrex|move: Protect\n|\n|-sideend|p1: mareepmuamuamua|move: Tailwind\n|upkeep\n|turn|5\n|inactive|mareepmuamuamua has 30 seconds left.\n|\n|t:|1746009821\n|move|p1b: Calyrex|Protect|p1b: Calyrex\n|-singleturn|p1b: Calyrex|Protect\n|move|p2a: Calyrex|Astral Barrage|p1a: Talonflame|[spread] p1a\n|-activate|p1b: Calyrex|move: Protect\n|-damage|p1a: Talonflame|0 fnt\n|faint|p1a: Talonflame\n|-ability|p2a: Calyrex|Grim Neigh|boost\n|-boost|p2a: Calyrex|spa|1\n|move|p2b: Farigiraf|Psychic|p1b: Calyrex\n|-activate|p1b: Calyrex|move: Protect\n|\n|upkeep\n|\n|t:|1746009833\n|switch|p1a: Flutter Mane|Flutter Mane, L50|100/100\n|turn|6\n|\n|t:|1746009844\n|switch|p1b: Koraidon|Koraidon, L50|100/100\n|-weather|SunnyDay|[from] ability: Orichalcum Pulse|[of] p1b: Koraidon\n|-activate|p1a: Flutter Mane|ability: Protosynthesis\n|-start|p1a: Flutter Mane|protosynthesisspe\n|-activate|p1b: Koraidon|Orichalcum Pulse|[source]\n|move|p2a: Calyrex|Protect|p2a: Calyrex\n|-singleturn|p2a: Calyrex|Protect\n|move|p1a: Flutter Mane|Icy Wind|p2b: Farigiraf|[spread] p2b\n|-activate|p2a: Calyrex|move: Protect\n|-damage|p2b: Farigiraf|38/100\n|-unboost|p2b: Farigiraf|spe|1\n|move|p2b: Farigiraf|Psychic|p1a: Flutter Mane\n|-damage|p1a: Flutter Mane|65/100\n|\n|-weather|SunnyDay|[upkeep]\n|upkeep\n|turn|7\n|inactive|snarf6969 has 30 seconds left.\n|inactive|snarf6969 has 20 seconds left.\n|inactive|snarf6969 has 15 seconds left.\n|inactive|snarf6969 has 10 seconds left.\n|\n|t:|1746009893\n|-terastallize|p1b: Koraidon|Fire\n|move|p1a: Flutter Mane|Icy Wind|p2b: Farigiraf|[spread] p2a,p2b\n|-damage|p2a: Calyrex|85/100\n|-damage|p2b: Farigiraf|26/100\n|-unboost|p2a: Calyrex|spe|1\n|-unboost|p2b: Farigiraf|spe|1\n|move|p1b: Koraidon|Flare Blitz|p2a: Calyrex\n|-damage|p2a: Calyrex|0 fnt\n|faint|p2a: Calyrex\n|-damage|p1b: Koraidon|73/100|[from] Recoil\n|move|p2b: Farigiraf|Trick Room|p2b: Farigiraf\n|-fieldstart|move: Trick Room|[of] p2b: Farigiraf\n|\n|-weather|SunnyDay|[upkeep]\n|upkeep\n|\n|t:|1746009903\n|switch|p2a: Miraidon|Miraidon, L50|100/100\n|-fieldstart|move: Electric Terrain|[from] ability: Hadron Engine|[of] p2a: Miraidon\n|-enditem|p2b: Farigiraf|Electric Seed\n|-boost|p2b: Farigiraf|def|1|[from] item: Electric Seed\n|turn|8\n|inactive|mareepmuamuamua has 30 seconds left.\n|\n|t:|1746009929\n|-terastallize|p2a: Miraidon|Electric\n|move|p2b: Farigiraf|Psychic|p1a: Flutter Mane\n|-crit|p1a: Flutter Mane\n|-damage|p1a: Flutter Mane|13/100\n|move|p2a: Miraidon|Electro Drift|p1b: Koraidon\n|-damage|p1b: Koraidon|0 fnt\n|faint|p1b: Koraidon\n|move|p1a: Flutter Mane|Moonblast|p2a: Miraidon\n|-damage|p2a: Miraidon|58/100\n|-unboost|p2a: Miraidon|spa|1\n|\n|-weather|SunnyDay|[upkeep]\n|upkeep\n|\n|t:|1746009941\n|switch|p1b: Calyrex|Calyrex-Shadow, L50|27/100\n|-ability|p1b: Calyrex|As One\n|-ability|p1b: Calyrex|Unnerve\n|turn|9\n|\n|t:|1746009954\n|move|p2b: Farigiraf|Psychic|p1a: Flutter Mane\n|-damage|p1a: Flutter Mane|0 fnt\n|faint|p1a: Flutter Mane\n|-end|p1a: Flutter Mane|Protosynthesis|[silent]\n|move|p2a: Miraidon|Electro Drift|p1b: Calyrex\n|-damage|p1b: Calyrex|0 fnt\n|faint|p1b: Calyrex\n|\n|win|snarf6969\n||mareepmuamuamua is ready for game 2.\n||snarf6969 is ready for game 2.\n|uhtml|next|Next: <a href=\"/battle-gen9vgc2025regibo3-2353849223\"><strong>Game 2 of 3</strong></a>\n|l|\u2606snarf6969\n|player|p2|\n", "uploadtime": 1746010275, "views": 6, "formatid": "gen9vgc2025regibo3", "rating": null, "private": 0, "password": null}