{"id": "gen9vgc2025regibo3-2353513873", "format": "[Gen 9] VGC 2025 Reg I (Bo3)", "players": ["caidaf", "SuperNerdGio"], "log": "|j|\u2606caidaf\n|j|\u2606SuperNerdGio\n|html|<table width=\"100%\"><tr><td align=\"left\">caidaf</td><td align=\"right\">SuperNerdGio</tr><tr><td align=\"left\"><i class=\"fa fa-circle-o\"></i> <i class=\"fa fa-circle-o\"></i> </td><td align=\"right\"><i class=\"fa fa-circle-o\"></i> <i class=\"fa fa-circle-o\"></i> </tr></table>\n|uhtml|bestof|<h2><strong>Game 1</strong> of <a href=\"/game-bestof3-gen9vgc2025regibo3-2353513872\">a best-of-3</a></h2>\n|t:|1745963246\n|gametype|doubles\n|player|p1|caidaf|1|1085\n|player|p2|SuperNerdGio|1|1074\n|teamsize|p1|6\n|teamsize|p2|6\n|gen|9\n|tier|[Gen 9] VGC 2025 Reg I (Bo3)\n|rated|\n|rule|Species Clause: Limit one of each Pok\u00e9mon\n|rule|Item Clause: Limit 1 of each item\n|clearpoke\n|poke|p1|Arcanine, L50, F|\n|poke|p1|Amoonguss, L50, F|\n|poke|p1|Thundurus, L50, M|\n|poke|p1|Calyrex-Shadow, L50|\n|poke|p1|Miraidon, L50|\n|poke|p1|Iron Hands, L50|\n|poke|p2|Groudon, L50|\n|poke|p2|Calyrex-Ice, L50|\n|poke|p2|Comfey, L50, F|\n|poke|p2|Incineroar, L50, M|\n|poke|p2|Charizard, L50, M|\n|poke|p2|Flutter Mane, L50|\n|teampreview|4\n|showteam|p1|Arcanine||RockyHelmet|Intimidate|FlareBlitz,PlayRough,HelpingHand,WillOWisp|||F|||50|,,,,,Ghost]Amoonguss||SitrusBerry|Regenerator|PollenPuff,RagePowder,Spore,ClearSmog|||F|||50|,,,,,Ground]Thundurus||MentalHerb|Prankster|ThunderWave,Taunt,EerieImpulse,WildboltStorm|||M|||50|,,,,,Electric]Calyrex-Shadow||ChoiceSpecs|AsOneSpectrier|GrassKnot,AstralBarrage,ShadowBall,DrainingKiss||||||50|,,,,,Normal]Miraidon||LifeOrb|HadronEngine|Discharge,ElectroDrift,DracoMeteor,VoltSwitch||||||50|,,,,,Electric]Iron Hands||BoosterEnergy|QuarkDrive|CloseCombat,VoltSwitch,Thunderbolt,Protect||||||50|,,,,,Fighting\n|showteam|p2|Groudon||ChoiceBand|Drought|PrecipiceBlades,HeatCrash,HighHorsepower,ThunderPunch||||||50|,,,,,Ground]Calyrex-Ice||ClearAmulet|AsOneGlastrier|GlacialLance,HighHorsepower,Protect,SwordsDance||||||50|,,,,,Fire]Comfey||CovertCloak|Triage|FloralHealing,DrainingKiss,Tailwind,SweetScent|||F|||50|,,,,,Dark]Incineroar||SafetyGoggles|Intimidate|KnockOff,FakeOut,Taunt,PartingShot|||M|||50|,,,,,Ghost]Charizard||ChoiceScarf|SolarPower|HeatWave,ScorchingSands,SolarBeam,WeatherBall|||M|||50|,,,,,Fire]Flutter Mane||LifeOrb|Protosynthesis|IcyWind,Moonblast,DazzlingGleam,Protect||||||50|,,,,,Fairy\n|\n|t:|1745963286\n|start\n|switch|p1a: Calyrex|Calyrex-Shadow, L50|100/100\n|switch|p1b: Amoonguss|Amoonguss, L50, F|100/100\n|switch|p2a: Groudon|Groudon, L50|100/100\n|switch|p2b: Charizard|Charizard, L50, M|100/100\n|-ability|p1a: Calyrex|As One\n|-ability|p1a: Calyrex|Unnerve\n|-weather|SunnyDay|[from] ability: Drought|[of] p2a: Groudon\n|turn|1\n|\n|t:|1745963331\n|switch|p2a: Incineroar|Incineroar, L50, M|100/100\n|-ability|p2a: Incineroar|Intimidate|boost\n|-unboost|p1a: Calyrex|atk|1\n|-unboost|p1b: Amoonguss|atk|1\n|switch|p1b: Arcanine|Arcanine, L50, F, shiny|100/100\n|-ability|p1b: Arcanine|Intimidate|boost\n|-unboost|p2a: Incineroar|atk|1\n|-unboost|p2b: Charizard|atk|1\n|move|p2b: Charizard|Heat Wave|p1a: Calyrex|[spread] p1a,p1b\n|-resisted|p1b: Arcanine\n|-damage|p1a: Calyrex|18/100\n|-damage|p1b: Arcanine|64/100\n|move|p1a: Calyrex|Grass Knot|p2a: Incineroar\n|-resisted|p2a: Incineroar\n|-damage|p2a: Incineroar|80/100\n|\n|-weather|SunnyDay|[upkeep]\n|-damage|p2b: Charizard|88/100|[from] ability: Solar Power|[of] p2b: Charizard\n|upkeep\n|turn|2\n|\n|t:|1745963369\n|switch|p1a: Thundurus|Thundurus, L50, M|100/100\n|-terastallize|p1b: Arcanine|Ghost\n|move|p2a: Incineroar|Fake Out|p1b: Arcanine\n|-immune|p1b: Arcanine\n|move|p2b: Charizard|Heat Wave|p1a: Thundurus|[spread] p1a,p1b\n|-damage|p1a: Thundurus|40/100\n|-damage|p1b: Arcanine|0 fnt\n|faint|p1b: Arcanine\n|\n|-weather|SunnyDay|[upkeep]\n|-damage|p2b: Charizard|76/100|[from] ability: Solar Power|[of] p2b: Charizard\n|upkeep\n|\n|t:|1745963386\n|switch|p1b: Calyrex|Calyrex-Shadow, L50|18/100\n|-ability|p1b: Calyrex|As One\n|-ability|p1b: Calyrex|Unnerve\n|turn|3\n|\n|t:|1745963417\n|switch|p2b: Groudon|Groudon, L50|100/100\n|move|p1b: Calyrex|Astral Barrage|p2b: Groudon|[spread] p2a,p2b\n|-resisted|p2a: Incineroar\n|-damage|p2a: Incineroar|46/100\n|-damage|p2b: Groudon|25/100\n|move|p1a: Thundurus|Wildbolt Storm|p2a: Incineroar|[spread] p2a\n|-immune|p2b: Groudon\n|-damage|p2a: Incineroar|23/100\n|move|p2a: Incineroar|Taunt|p1a: Thundurus\n|-start|p1a: Thundurus|move: Taunt\n|-enditem|p1a: Thundurus|Mental Herb\n|-end|p1a: Thundurus|move: Taunt\n|\n|-weather|SunnyDay|[upkeep]\n|upkeep\n|turn|4\n|\n|t:|1745963514\n|move|p1a: Thundurus|Thunder Wave|p2b: Groudon\n|-immune|p2b: Groudon\n|move|p1b: Calyrex|Astral Barrage|p2b: Groudon|[spread] p2a,p2b\n|-resisted|p2a: Incineroar\n|-damage|p2a: Incineroar|0 fnt\n|-damage|p2b: Groudon|0 fnt\n|faint|p2a: Incineroar\n|faint|p2b: Groudon\n|-ability|p1b: Calyrex|Grim Neigh|boost\n|-boost|p1b: Calyrex|spa|2\n|\n|-weather|SunnyDay|[upkeep]\n|upkeep\n|\n|t:|1745963523\n|switch|p2b: Calyrex|Calyrex-Ice, L50|100/100\n|switch|p2a: Charizard|Charizard, L50, M|76/100\n|-ability|p2b: Calyrex|As One\n|-ability|p2b: Calyrex|Unnerve\n|turn|5\n|\n|t:|1745963542\n|-terastallize|p2b: Calyrex|Fire\n|move|p1a: Thundurus|Thunder Wave|p2a: Charizard\n|-status|p2a: Charizard|par\n|move|p1b: Calyrex|Astral Barrage|p2b: Calyrex|[spread] p2a,p2b\n|-damage|p2a: Charizard|0 fnt\n|-damage|p2b: Calyrex|0 fnt\n|faint|p2a: Charizard\n|faint|p2b: Calyrex\n|\n|win|caidaf\n|c|\u2606SuperNerdGio|Gg\n||SuperNerdGio is ready for game 2.\n|inactive|caidaf has 30 seconds to confirm battle start!\n", "uploadtime": 1745963559, "views": 22, "formatid": "gen9vgc2025regibo3", "rating": null, "private": 0, "password": null}