{"id": "gen9vgc2025regibo3-2354371401", "format": "[Gen 9] VGC 2025 Reg I (Bo3)", "players": ["Gimffy", "tzarii"], "log": "|j|\u2606Gimffy\n|j|\u2606tzarii\n|html|<table width=\"100%\"><tr><td align=\"left\">Gimffy</td><td align=\"right\">tzarii</tr><tr><td align=\"left\"><i class=\"fa fa-circle-o\"></i> <i class=\"fa fa-circle-o\"></i> </td><td align=\"right\"><i class=\"fa fa-circle-o\"></i> <i class=\"fa fa-circle-o\"></i> </tr></table>\n|uhtml|bestof|<h2><strong>Game 1</strong> of <a href=\"/game-bestof3-gen9vgc2025regibo3-2354371400\">a best-of-3</a></h2>\n|t:|1746063149\n|gametype|doubles\n|player|p1|Gimffy|ingo|1203\n|player|p2|tzarii|lady-gen4|1142\n|teamsize|p1|6\n|teamsize|p2|6\n|gen|9\n|tier|[Gen 9] VGC 2025 Reg I (Bo3)\n|rated|\n|rule|Species Clause: Limit one of each Pok\u00e9mon\n|rule|Item Clause: Limit 1 of each item\n|clearpoke\n|poke|p1|Koraidon, L50|\n|poke|p1|Lunala, L50|\n|poke|p1|Flutter Mane, L50|\n|poke|p1|Chi-Yu, L50|\n|poke|p1|Brute Bonnet, L50|\n|poke|p1|Ursaluna, L50, F|\n|poke|p2|Koraidon, L50|\n|poke|p2|Groudon, L50|\n|poke|p2|Flutter Mane, L50|\n|poke|p2|Scovillain, L50, M|\n|poke|p2|Rillaboom, L50, F|\n|poke|p2|Scream Tail, L50|\n|teampreview|4\n|showteam|p1|Koraidon||ClearAmulet|OrichalcumPulse|CollisionCourse,FlareBlitz,FlameCharge,Protect||||||50|,,,,,Fire]Lunala||PowerHerb|ShadowShield|MoongeistBeam,MeteorBeam,WideGuard,TrickRoom||||||50|,,,,,Water]Flutter Mane||FocusSash|Protosynthesis|Moonblast,ShadowBall,IcyWind,Protect||||||50|,,,,,Fairy]Chi-Yu||ChoiceScarf|BeadsofRuin|DarkPulse,HeatWave,Overheat,Snarl||||||50|,,,,,Ghost]Brute Bonnet||RockyHelmet|Protosynthesis|RagePowder,Spore,SeedBomb,SuckerPunch||||||50|,,,,,Water]Ursaluna||FlameOrb|Guts|Facade,HeadlongRush,Earthquake,Protect|||F|||50|,,,,,Water\n|showteam|p2|Koraidon||ClearAmulet|OrichalcumPulse|FlameCharge,CloseCombat,FlareBlitz,Protect||||||50|,,,,,Fire]Groudon||AssaultVest|Drought|PrecipiceBlades,HeatCrash,RockSlide,HighHorsepower||||||50|,,,,,Water]Flutter Mane||FocusSash|Protosynthesis|Moonblast,IcyWind,ShadowBall,Protect||||||50|,,,,,Fairy]Scovillain||CovertCloak|Chlorophyll|Overheat,SpicyExtract,WillOWisp,ScaryFace|||M|||50|,,,,,Fire]Rillaboom||MiracleSeed|GrassySurge|FakeOut,GrassyGlide,WoodHammer,Protect|||F|||50|,,,,,Water]Scream Tail||RedCard|Protosynthesis|ThunderWave,Encore,Disable,Protect||||||50|,,,,,Dark\n|j| dongdooboo\n|inactive|Battle timer is ON: inactive players will automatically lose when time's up. (requested by Gimffy)\n|inactive|tzarii has 60 seconds left.\n|\n|t:|1746063201\n|start\n|switch|p1a: Bruce Wane|Lunala, L50|100/100\n|switch|p1b: Brute Bonnet|Brute Bonnet, L50|100/100\n|switch|p2a: Koraidon|Koraidon, L50|100/100\n|switch|p2b: Scovillain|Scovillain, L50, M|100/100\n|-weather|SunnyDay|[from] ability: Orichalcum Pulse|[of] p2a: Koraidon\n|-activate|p1b: Brute Bonnet|ability: Protosynthesis\n|-start|p1b: Brute Bonnet|protosynthesisdef\n|-activate|p2a: Koraidon|Orichalcum Pulse|[source]\n|turn|1\n|inactive|tzarii has 30 seconds left.\n|inactive|tzarii has 20 seconds left.\n|inactive|tzarii has 15 seconds left.\n|\n|t:|1746063241\n|switch|p2a: Rillaboom|Rillaboom, L50, F|100/100\n|-fieldstart|move: Grassy Terrain|[from] ability: Grassy Surge|[of] p2a: Rillaboom\n|-terastallize|p1b: Brute Bonnet|Water\n|move|p1b: Brute Bonnet|Rage Powder|p1b: Brute Bonnet\n|-singleturn|p1b: Brute Bonnet|move: Rage Powder\n|move|p2b: Scovillain|Scary Face|p2a: Rillaboom\n|-unboost|p2a: Rillaboom|spe|2\n|move|p1a: Bruce Wane|Trick Room|p1a: Bruce Wane\n|-fieldstart|move: Trick Room|[of] p1a: Bruce Wane\n|\n|-weather|SunnyDay|[upkeep]\n|upkeep\n|turn|2\n|inactive|Gimffy has 30 seconds left.\n|inactive|tzarii has 30 seconds left.\n|\n|t:|1746063273\n|move|p1b: Brute Bonnet|Rage Powder|p1b: Brute Bonnet\n|-singleturn|p1b: Brute Bonnet|move: Rage Powder\n|move|p2a: Rillaboom|Wood Hammer|p1a: Bruce Wane\n|-damage|p1a: Bruce Wane|59/100\n|-damage|p2a: Rillaboom|85/100|[from] Recoil\n|move|p1a: Bruce Wane|Meteor Beam||[still]\n|-prepare|p1a: Bruce Wane|Meteor Beam\n|-boost|p1a: Bruce Wane|spa|1\n|-enditem|p1a: Bruce Wane|Power Herb\n|-anim|p1a: Bruce Wane|Meteor Beam|p2b: Scovillain\n|-supereffective|p2b: Scovillain\n|-damage|p2b: Scovillain|0 fnt\n|faint|p2b: Scovillain\n|\n|-weather|SunnyDay|[upkeep]\n|-heal|p2a: Rillaboom|90/100|[from] Grassy Terrain\n|-heal|p1a: Bruce Wane|65/100|[from] Grassy Terrain\n|upkeep\n|\n|t:|1746063284\n|switch|p2b: Groudon|Groudon, L50|100/100\n|turn|3\n|inactive|tzarii has 30 seconds left.\n|inactive|tzarii has 20 seconds left.\n|\n|t:|1746063319\n|move|p2a: Rillaboom|Wood Hammer|p1a: Bruce Wane\n|-damage|p1a: Bruce Wane|0 fnt\n|faint|p1a: Bruce Wane\n|-damage|p2a: Rillaboom|65/100|[from] Recoil\n|move|p1b: Brute Bonnet|Spore|p2b: Groudon\n|-status|p2b: Groudon|slp|[from] move: Spore\n|cant|p2b: Groudon|slp\n|\n|-weather|SunnyDay|[upkeep]\n|-heal|p2a: Rillaboom|71/100|[from] Grassy Terrain\n|upkeep\n|\n|t:|1746063330\n|switch|p1a: Akira|Koraidon, L50|100/100\n|-activate|p1a: Akira|ability: Orichalcum Pulse\n|turn|4\n|\n|t:|1746063353\n|move|p2a: Rillaboom|Wood Hammer|p1b: Brute Bonnet\n|-supereffective|p1b: Brute Bonnet\n|-damage|p1b: Brute Bonnet|1/100\n|-damage|p2a: Rillaboom|55/100|[from] item: Rocky Helmet|[of] p1b: Brute Bonnet\n|-damage|p2a: Rillaboom|20/100|[from] Recoil\n|move|p1b: Brute Bonnet|Seed Bomb|p2b: Groudon\n|-supereffective|p2b: Groudon\n|-damage|p2b: Groudon|36/100 slp\n|-curestatus|p2b: Groudon|slp|[msg]\n|move|p2b: Groudon|High Horsepower|p1a: Akira\n|-damage|p1a: Akira|52/100\n|move|p1a: Akira|Flare Blitz|p2a: Rillaboom\n|-supereffective|p2a: Rillaboom\n|-damage|p2a: Rillaboom|0 fnt\n|faint|p2a: Rillaboom\n|-damage|p1a: Akira|45/100|[from] Recoil\n|\n|-weather|SunnyDay|[upkeep]\n|-heal|p1b: Brute Bonnet|7/100|[from] Grassy Terrain\n|-heal|p2b: Groudon|42/100|[from] Grassy Terrain\n|-heal|p1a: Akira|51/100|[from] Grassy Terrain\n|upkeep\n|\n|t:|1746063364\n|switch|p2a: Koraidon|Koraidon, L50|100/100\n|-activate|p2a: Koraidon|ability: Orichalcum Pulse\n|turn|5\n|\n|t:|1746063374\n|move|p2a: Koraidon|Protect|p2a: Koraidon\n|-singleturn|p2a: Koraidon|Protect\n|move|p1a: Akira|Protect|p1a: Akira\n|-singleturn|p1a: Akira|Protect\n|move|p1b: Brute Bonnet|Spore|p2a: Koraidon\n|-activate|p2a: Koraidon|move: Protect\n|move|p2b: Groudon|High Horsepower|p1a: Akira\n|-activate|p1a: Akira|move: Protect\n|\n|-weather|none\n|-end|p1b: Brute Bonnet|Protosynthesis\n|-heal|p1b: Brute Bonnet|13/100|[from] Grassy Terrain\n|-heal|p2b: Groudon|48/100|[from] Grassy Terrain\n|-heal|p1a: Akira|57/100|[from] Grassy Terrain\n|-fieldend|move: Trick Room\n|-fieldend|move: Grassy Terrain\n|upkeep\n|turn|6\n|inactive|tzarii has 30 seconds left.\n|inactive|Gimffy has 30 seconds left.\n|\n|t:|1746063408\n|-terastallize|p2a: Koraidon|Fire\n|move|p1a: Akira|Collision Course|p2a: Koraidon\n|-damage|p2a: Koraidon|54/100\n|move|p2a: Koraidon|Flame Charge|p1b: Brute Bonnet\n|-resisted|p1b: Brute Bonnet\n|-damage|p1b: Brute Bonnet|4/100\n|-boost|p2a: Koraidon|spe|1\n|-damage|p2a: Koraidon|37/100|[from] item: Rocky Helmet|[of] p1b: Brute Bonnet\n|move|p2b: Groudon|High Horsepower|p1a: Akira\n|-damage|p1a: Akira|8/100\n|move|p1b: Brute Bonnet|Seed Bomb|p2b: Groudon\n|-supereffective|p2b: Groudon\n|-damage|p2b: Groudon|0 fnt\n|faint|p2b: Groudon\n|\n|upkeep\n|turn|7\n|\n|t:|1746063430\n|move|p2a: Koraidon|Flame Charge|p1b: Brute Bonnet\n|-resisted|p1b: Brute Bonnet\n|-damage|p1b: Brute Bonnet|0 fnt\n|-boost|p2a: Koraidon|spe|1\n|-damage|p2a: Koraidon|21/100|[from] item: Rocky Helmet|[of] p1b: Brute Bonnet\n|faint|p1b: Brute Bonnet\n|-end|p1b: Brute Bonnet|Protosynthesis|[silent]\n|move|p1a: Akira|Collision Course|p2a: Koraidon\n|-damage|p2a: Koraidon|0 fnt\n|faint|p2a: Koraidon\n|\n|win|Gimffy\n||tzarii is ready for game 2.\n|inactive|Gimffy has 30 seconds to confirm battle start!\n||Gimffy is ready for game 2.\n|uhtml|next|Next: <a href=\"/battle-gen9vgc2025regibo3-2354373814\"><strong>Game 2 of 3</strong></a>\n|l|\u2606tzarii\n|player|p2|\n", "uploadtime": 1746063931, "views": 15, "formatid": "gen9vgc2025regibo3", "rating": null, "private": 0, "password": null}