{"id": "gen9vgc2025regibo3-2354092509", "format": "[Gen 9] VGC 2025 Reg I (Bo3)", "players": ["jaggermanjansen", "thetestingpokemonz"], "log": "|j|\u2606jaggermanjansen\n|j|\u2606thetestingpokemonz\n|html|<table width=\"100%\"><tr><td align=\"left\">jaggermanjansen</td><td align=\"right\">thetestingpokemonz</tr><tr><td align=\"left\"><i class=\"fa fa-circle-o\"></i> <i class=\"fa fa-circle-o\"></i> </td><td align=\"right\"><i class=\"fa fa-circle-o\"></i> <i class=\"fa fa-circle-o\"></i> </tr></table>\n|uhtml|bestof|<h2><strong>Game 1</strong> of <a href=\"/game-bestof3-gen9vgc2025regibo3-2354092508\">a best-of-3</a></h2>\n|t:|1746034192\n|gametype|doubles\n|player|p1|jaggermanjansen|101|1198\n|player|p2|thetestingpokemonz|lucas|1198\n|teamsize|p1|6\n|teamsize|p2|6\n|gen|9\n|tier|[Gen 9] VGC 2025 Reg I (Bo3)\n|rated|\n|rule|Species Clause: Limit one of each Pok\u00e9mon\n|rule|Item Clause: Limit 1 of each item\n|clearpoke\n|poke|p1|Raichu-Alola, L50, F|\n|poke|p1|Miraidon, L50|\n|poke|p1|Ninetales-Alola, L50, M|\n|poke|p1|Kyogre, L50|\n|poke|p1|Iron Bundle, L50|\n|poke|p1|Moltres, L50|\n|poke|p2|Miraidon, L50|\n|poke|p2|Calyrex-Ice, L50|\n|poke|p2|Ursaluna-Bloodmoon, L50, M|\n|poke|p2|Ogerpon-Cornerstone, L50, F|\n|poke|p2|Farigiraf, L50, F|\n|poke|p2|Incineroar, L50, F|\n|teampreview|4\n|showteam|p1|Raichu-Alola||FocusSash|SurgeSurfer|FakeOut,Nuzzle,SkillSwap,Endeavor|||F|||50|,,,,,Ghost]Miraidon||ElectricSeed|HadronEngine|ElectroDrift,DragonPulse,CalmMind,Protect||||||50|,,,,,Steel]Ninetales-Alola||LightClay|SnowWarning|Blizzard,FoulPlay,AuroraVeil,Protect|||M|||50|,,,,,Dark]Kyogre||MysticWater|Drizzle|WaterSpout,IceBeam,OriginPulse,Protect||||||50|,,,,,Grass]Iron Bundle||BoosterEnergy|QuarkDrive|Blizzard,IcyWind,Encore,Protect||||||50|,,,,,Ice]Moltres||RockyHelmet|FlameBody|Hurricane,WeatherBall,Tailwind,Protect||||||50|,,,,,Grass\n|showteam|p2|Miraidon||ChoiceSpecs|HadronEngine|VoltSwitch,ElectroDrift,DragonPulse,Discharge||||||50|,,,,,Electric]Calyrex-Ice||ClearAmulet|AsOneGlastrier|GlacialLance,HighHorsepower,TrickRoom,Protect||||||50|,,,,,Fire]Ursaluna-Bloodmoon||LifeOrb|MindsEye|BloodMoon,HyperVoice,EarthPower,Protect|||M|||50|,,,,,Normal]Ogerpon-Cornerstone||CornerstoneMask|Sturdy|IvyCudgel,FollowMe,WoodHammer,SpikyShield|||F|||50|,,,,,Rock]Farigiraf||ElectricSeed|ArmorTail|TwinBeam,HelpingHand,TrickRoom,Protect|||F|||50|,,,,,Electric]Incineroar||RockyHelmet|Intimidate|FakeOut,WillOWisp,KnockOff,PartingShot|||F|||50|,,,,,Ghost\n|inactive|Battle timer is ON: inactive players will automatically lose when time's up. (requested by thetestingpokemonz)\n|\n|t:|1746034243\n|start\n|switch|p1a: Kyogre|Kyogre, L50|100/100\n|switch|p1b: Iron Bundle|Iron Bundle, L50|100/100\n|switch|p2a: The giraf|Farigiraf, L50, F|100/100\n|switch|p2b: Mr Don|Miraidon, L50|100/100\n|-fieldstart|move: Electric Terrain|[from] ability: Hadron Engine|[of] p2b: Mr Don\n|-activate|p1b: Iron Bundle|ability: Quark Drive\n|-start|p1b: Iron Bundle|quarkdrivespe\n|-enditem|p2a: The giraf|Electric Seed\n|-boost|p2a: The giraf|def|1|[from] item: Electric Seed\n|-weather|RainDance|[from] ability: Drizzle|[of] p1a: Kyogre\n|turn|1\n|inactive|thetestingpokemonz has 30 seconds left.\n|\n|t:|1746034269\n|move|p1b: Iron Bundle|Icy Wind|p2a: The giraf|[spread] p2a,p2b\n|-supereffective|p2b: Mr Don\n|-damage|p2a: The giraf|85/100\n|-damage|p2b: Mr Don|66/100\n|-unboost|p2a: The giraf|spe|1\n|-unboost|p2b: Mr Don|spe|1\n|move|p1a: Kyogre|Water Spout|p2b: Mr Don|[spread] p2a,p2b\n|-resisted|p2b: Mr Don\n|-damage|p2a: The giraf|0 fnt\n|-damage|p2b: Mr Don|14/100\n|faint|p2a: The giraf\n|move|p2b: Mr Don|Volt Switch|p1b: Iron Bundle\n|-supereffective|p1b: Iron Bundle\n|-damage|p1b: Iron Bundle|0 fnt\n|faint|p1b: Iron Bundle\n|-end|p1b: Iron Bundle|Quark Drive|[silent]\n|\n|t:|1746034273\n|switch|p2b: Ice Horse|Calyrex-Ice, L50|100/100|[from] Volt Switch\n|-ability|p2b: Ice Horse|As One\n|-ability|p2b: Ice Horse|Unnerve\n|\n|-weather|RainDance|[upkeep]\n|upkeep\n|\n|t:|1746034285\n|switch|p1b: Miraidon|Miraidon, L50|100/100\n|switch|p2a: Mr Don|Miraidon, L50|14/100\n|-activate|p2a: Mr Don|ability: Hadron Engine\n|-activate|p1b: Miraidon|ability: Hadron Engine\n|-enditem|p1b: Miraidon|Electric Seed\n|-boost|p1b: Miraidon|def|1|[from] item: Electric Seed\n|turn|2\n|\n|t:|1746034300\n|-terastallize|p1b: Miraidon|Steel\n|move|p1a: Kyogre|Protect|p1a: Kyogre\n|-singleturn|p1a: Kyogre|Protect\n|move|p2a: Mr Don|Volt Switch|p1a: Kyogre\n|-activate|p1a: Kyogre|move: Protect\n|move|p1b: Miraidon|Dragon Pulse|p2a: Mr Don\n|-supereffective|p2a: Mr Don\n|-damage|p2a: Mr Don|0 fnt\n|faint|p2a: Mr Don\n|move|p2b: Ice Horse|Trick Room|p2b: Ice Horse\n|-fieldstart|move: Trick Room|[of] p2b: Ice Horse\n|\n|-weather|RainDance|[upkeep]\n|upkeep\n|\n|t:|1746034304\n|switch|p2a: Teddy|Ursaluna-Bloodmoon, L50, M|100/100\n|turn|3\n|\n|t:|1746034326\n|-terastallize|p2a: Teddy|Normal\n|move|p2a: Teddy|Earth Power|p1b: Miraidon\n|-supereffective|p1b: Miraidon\n|-damage|p1b: Miraidon|0 fnt\n|faint|p1b: Miraidon\n|-damage|p2a: Teddy|91/100|[from] item: Life Orb\n|move|p2b: Ice Horse|Glacial Lance|p1a: Kyogre\n|-resisted|p1a: Kyogre\n|-damage|p1a: Kyogre|52/100\n|move|p1a: Kyogre|Origin Pulse|p2b: Ice Horse|[spread] p2b\n|-miss|p1a: Kyogre|p2a: Teddy\n|-damage|p2b: Ice Horse|35/100\n|\n|-weather|RainDance|[upkeep]\n|upkeep\n|\n|t:|1746034340\n|switch|p1b: Ninetales|Ninetales-Alola, L50, M|100/100\n|-weather|Snowscape|[from] ability: Snow Warning|[of] p1b: Ninetales\n|turn|4\n|\n|t:|1746034359\n|move|p1a: Kyogre|Protect|p1a: Kyogre\n|-singleturn|p1a: Kyogre|Protect\n|move|p2a: Teddy|Hyper Voice|p1b: Ninetales|[spread] p1b\n|-activate|p1a: Kyogre|move: Protect\n|-damage|p1b: Ninetales|32/100\n|-damage|p2a: Teddy|81/100|[from] item: Life Orb\n|move|p2b: Ice Horse|Glacial Lance|p1a: Kyogre|[spread] p1b\n|-activate|p1a: Kyogre|move: Protect\n|-resisted|p1b: Ninetales\n|-damage|p1b: Ninetales|6/100\n|move|p1b: Ninetales|Aurora Veil|p1b: Ninetales\n|-sidestart|p1: jaggermanjansen|move: Aurora Veil\n|\n|-weather|Snowscape|[upkeep]\n|upkeep\n|turn|5\n|\n|t:|1746034377\n|move|p1b: Ninetales|Protect|p1b: Ninetales\n|-singleturn|p1b: Ninetales|Protect\n|move|p2a: Teddy|Blood Moon|p1a: Kyogre\n|-damage|p1a: Kyogre|0 fnt\n|faint|p1a: Kyogre\n|-damage|p2a: Teddy|71/100|[from] item: Life Orb\n|move|p2b: Ice Horse|Glacial Lance|p1b: Ninetales\n|-activate|p1b: Ninetales|move: Protect\n|\n|-weather|Snowscape|[upkeep]\n|-fieldend|move: Electric Terrain\n|upkeep\n|turn|6\n|\n|t:|1746034389\n|move|p1b: Ninetales|Protect||[still]\n|-fail|p1b: Ninetales\n|move|p2a: Teddy|Hyper Voice|p1b: Ninetales\n|-damage|p1b: Ninetales|0 fnt\n|faint|p1b: Ninetales\n|-damage|p2a: Teddy|61/100|[from] item: Life Orb\n|\n|win|thetestingpokemonz\n||thetestingpokemonz is ready for game 2.\n||jaggermanjansen is ready for game 2.\n|uhtml|next|Next: <a href=\"/battle-gen9vgc2025regibo3-2354094860\"><strong>Game 2 of 3</strong></a>\n", "uploadtime": 1746034656, "views": 9, "formatid": "gen9vgc2025regibo3", "rating": null, "private": 0, "password": null}