{"id": "gen9vgc2025regibo3-2353944356", "format": "[Gen 9] VGC 2025 Reg I (Bo3)", "players": ["tg100", "Piti-49"], "log": "|j|\u2606tg100\n|j|\u2606Piti-49\n|html|<table width=\"100%\"><tr><td align=\"left\">tg100</td><td align=\"right\">Piti-49</tr><tr><td align=\"left\"><i class=\"fa fa-circle-o\"></i> <i class=\"fa fa-circle-o\"></i> </td><td align=\"right\"><i class=\"fa fa-circle-o\"></i> <i class=\"fa fa-circle\"></i> </tr></table>\n|uhtml|bestof|<h2><strong>Game 2</strong> of <a href=\"/game-bestof3-gen9vgc2025regibo3-2353941796\">a best-of-3</a></h2>\n|t:|1746021346\n|gametype|doubles\n|player|p1|tg100|169|1071\n|player|p2|Piti-49|101|1157\n|teamsize|p1|6\n|teamsize|p2|6\n|gen|9\n|tier|[Gen 9] VGC 2025 Reg I (Bo3)\n|rated|\n|rule|Species Clause: Limit one of each Pok\u00e9mon\n|rule|Item Clause: Limit 1 of each item\n|clearpoke\n|poke|p1|Chi-Yu, L50|\n|poke|p1|Flutter Mane, L50|\n|poke|p1|Koraidon, L50|\n|poke|p1|Lunala, L50|\n|poke|p1|Landorus-Therian, L50, M|\n|poke|p1|Kingambit, L50, M|\n|poke|p2|Miraidon, L50|\n|poke|p2|Raichu-Alola, L50, F|\n|poke|p2|Kyogre, L50|\n|poke|p2|Wo-Chien, L50|\n|poke|p2|Iron Valiant, L50|\n|poke|p2|Perrserker, L50, F|\n|teampreview|4\n|showteam|p1|Chi-Yu||ChoiceScarf|BeadsofRuin|HeatWave,DarkPulse,Overheat,Snarl||||||50|,,,,,Ghost]Flutter Mane||FocusSash|Protosynthesis|Moonblast,ShadowBall,IcyWind,Protect||||||50|,,,,,Fairy]Koraidon||ClearAmulet|OrichalcumPulse|CollisionCourse,FlareBlitz,FlameCharge,Protect||||||50|,,,,,Fire]Lunala||PowerHerb|ShadowShield|MoongeistBeam,MeteorBeam,WideGuard,TrickRoom||||||50|,,,,,Fairy]Landorus-Therian||ChoiceBand|Intimidate|Earthquake,StompingTantrum,RockSlide,Uturn|||M|||50|,,,,,Fairy]Kingambit||AssaultVest|Defiant|KowtowCleave,SuckerPunch,IronHead,TeraBlast|||M|||50|,,,,,Fairy\n|showteam|p2|Miraidon||ChoiceSpecs|HadronEngine|VoltSwitch,ElectroDrift,DracoMeteor,DazzlingGleam||||||50|,,,,,Fairy]Raichu-Alola||ElectricSeed|SurgeSurfer|SkillSwap,Nuzzle,HelpingHand,FakeOut|||F|||50|,,,,,Normal]Kyogre||MysticWater|Drizzle|Protect,CalmMind,WaterSpout,IceBeam||||||50|,,,,,Grass]Wo-Chien||RockyHelmet|TabletsofRuin|PollenPuff,Ruination,Protect,LeechSeed||||||50|,,,,,Poison]Iron Valiant||FocusSash|QuarkDrive|CloseCombat,WideGuard,Protect,SpiritBreak||||||50|,,,,,Ghost]Perrserker||AssaultVest|SteelySpirit|IronHead,FakeOut,KnockOff,Uturn|||F|||50|,,,,,Dragon\n|\n|t:|1746021365\n|start\n|switch|p1a: Lunala|Lunala, L50|100/100\n|switch|p1b: Landorus|Landorus-Therian, L50, M|100/100\n|switch|p2a: Miraidon|Miraidon, L50|100/100\n|switch|p2b: Iron Valiant|Iron Valiant, L50|100/100\n|-fieldstart|move: Electric Terrain|[from] ability: Hadron Engine|[of] p2a: Miraidon\n|-activate|p2b: Iron Valiant|ability: Quark Drive\n|-start|p2b: Iron Valiant|quarkdrivespe\n|-ability|p1b: Landorus|Intimidate|boost\n|-unboost|p2a: Miraidon|atk|1\n|-unboost|p2b: Iron Valiant|atk|1\n|turn|1\n|\n|t:|1746021389\n|move|p2b: Iron Valiant|Wide Guard|p2b: Iron Valiant\n|-singleturn|p2b: Iron Valiant|Wide Guard\n|move|p2a: Miraidon|Volt Switch|p1a: Lunala\n|-damage|p1a: Lunala|70/100\n|\n|t:|1746021398\n|switch|p2a: Kyogre|Kyogre, L50|100/100|[from] Volt Switch\n|-weather|RainDance|[from] ability: Drizzle|[of] p2a: Kyogre\n|move|p1b: Landorus|Stomping Tantrum|p2a: Kyogre\n|-damage|p2a: Kyogre|35/100\n|move|p1a: Lunala|Trick Room|p1a: Lunala\n|-fieldstart|move: Trick Room|[of] p1a: Lunala\n|\n|-weather|RainDance|[upkeep]\n|upkeep\n|turn|2\n|\n|t:|1746021425\n|move|p2a: Kyogre|Ice Beam|p1b: Landorus\n|-supereffective|p1b: Landorus\n|-damage|p1b: Landorus|0 fnt\n|faint|p1b: Landorus\n|move|p1a: Lunala|Moongeist Beam|p2a: Kyogre\n|-damage|p2a: Kyogre|0 fnt\n|faint|p2a: Kyogre\n|move|p2b: Iron Valiant|Spirit Break|p1a: Lunala\n|-damage|p1a: Lunala|49/100\n|-unboost|p1a: Lunala|spa|1\n|\n|-weather|RainDance|[upkeep]\n|upkeep\n|\n|t:|1746021438\n|switch|p2a: Wo-Chien|Wo-Chien, L50|100/100\n|switch|p1b: Koraidon|Koraidon, L50|100/100\n|-ability|p2a: Wo-Chien|Tablets of Ruin\n|-weather|SunnyDay|[from] ability: Orichalcum Pulse|[of] p1b: Koraidon\n|-activate|p1b: Koraidon|Orichalcum Pulse|[source]\n|turn|3\n|\n|t:|1746021470\n|-terastallize|p1b: Koraidon|Fire\n|move|p2a: Wo-Chien|Leech Seed|p1b: Koraidon\n|-start|p1b: Koraidon|move: Leech Seed\n|move|p1a: Lunala|Meteor Beam||[still]\n|-prepare|p1a: Lunala|Meteor Beam\n|-boost|p1a: Lunala|spa|1\n|-enditem|p1a: Lunala|Power Herb\n|-anim|p1a: Lunala|Meteor Beam|p2b: Iron Valiant\n|-resisted|p2b: Iron Valiant\n|-damage|p2b: Iron Valiant|64/100\n|move|p1b: Koraidon|Flare Blitz|p2a: Wo-Chien\n|-supereffective|p2a: Wo-Chien\n|-damage|p2a: Wo-Chien|0 fnt\n|-damage|p1b: Koraidon|84/100|[from] item: Rocky Helmet|[of] p2a: Wo-Chien\n|faint|p2a: Wo-Chien\n|-damage|p1b: Koraidon|53/100|[from] Recoil\n|move|p2b: Iron Valiant|Spirit Break|p1b: Koraidon\n|-resisted|p1b: Koraidon\n|-damage|p1b: Koraidon|42/100\n|\n|-weather|SunnyDay|[upkeep]\n|upkeep\n|\n|t:|1746021492\n|switch|p2a: Miraidon|Miraidon, L50|100/100\n|-activate|p2a: Miraidon|ability: Hadron Engine\n|turn|4\n|\n|t:|1746021516\n|move|p1a: Lunala|Moongeist Beam|p2a: Miraidon\n|-damage|p2a: Miraidon|52/100\n|move|p1b: Koraidon|Collision Course|p2a: Miraidon\n|-damage|p2a: Miraidon|0 fnt\n|faint|p2a: Miraidon\n|move|p2b: Iron Valiant|Spirit Break|p1a: Lunala\n|-crit|p1a: Lunala\n|-damage|p1a: Lunala|9/100\n|-unboost|p1a: Lunala|spa|1\n|\n|-weather|SunnyDay|[upkeep]\n|upkeep\n|turn|5\n|\n|t:|1746021535\n|move|p2b: Iron Valiant|Protect|p2b: Iron Valiant\n|-singleturn|p2b: Iron Valiant|Protect\n|move|p1a: Lunala|Moongeist Beam|p2b: Iron Valiant\n|-activate|p2b: Iron Valiant|move: Protect\n|move|p1b: Koraidon|Flare Blitz|p2b: Iron Valiant\n|-activate|p2b: Iron Valiant|move: Protect\n|\n|-weather|SunnyDay|[upkeep]\n|-fieldend|move: Trick Room\n|-fieldend|move: Electric Terrain\n|-end|p2b: Iron Valiant|Quark Drive\n|upkeep\n|turn|6\n|\n|t:|1746021540\n|move|p2b: Iron Valiant|Spirit Break|p1a: Lunala\n|-damage|p1a: Lunala|0 fnt\n|faint|p1a: Lunala\n|move|p1b: Koraidon|Flare Blitz|p2b: Iron Valiant\n|-damage|p2b: Iron Valiant|0 fnt\n|faint|p2b: Iron Valiant\n|-end|p2b: Iron Valiant|Quark Drive|[silent]\n|-damage|p1b: Koraidon|27/100|[from] Recoil\n|\n|win|tg100\n||tg100 is ready for game 3.\n|inactive|Piti-49 has 30 seconds to confirm battle start!\n||Piti-49 is ready for game 3.\n|uhtml|next|Next: <a href=\"/battle-gen9vgc2025regibo3-2353946508\"><strong>Game 3 of 3</strong></a>\n|l|\u2606Piti-49\n|player|p2|\n", "uploadtime": 1746021849, "views": 6, "formatid": "gen9vgc2025regibo3", "rating": null, "private": 0, "password": null}