{"id": "gen9vgc2025regibo3-2354908259", "format": "[Gen 9] VGC 2025 Reg I (Bo3)", "players": ["seiryuv", "gm94vgc"], "log": "|j|\u2606seiryuv\n|j|\u2606gm94vgc\n|html|<table width=\"100%\"><tr><td align=\"left\">seiryuv</td><td align=\"right\">gm94vgc</tr><tr><td align=\"left\"><i class=\"fa fa-circle-o\"></i> <i class=\"fa fa-circle-o\"></i> </td><td align=\"right\"><i class=\"fa fa-circle-o\"></i> <i class=\"fa fa-circle\"></i> </tr></table>\n|uhtml|bestof|<h2><strong>Game 2</strong> of <a href=\"/game-bestof3-gen9vgc2025regibo3-2354905489\">a best-of-3</a></h2>\n|t:|1746130654\n|gametype|doubles\n|player|p1|seiryuv|1|1116\n|player|p2|gm94vgc|steven|1112\n|teamsize|p1|6\n|teamsize|p2|6\n|gen|9\n|tier|[Gen 9] VGC 2025 Reg I (Bo3)\n|rated|\n|rule|Species Clause: Limit one of each Pok\u00e9mon\n|rule|Item Clause: Limit 1 of each item\n|clearpoke\n|poke|p1|Lunala, L50|\n|poke|p1|Kyurem-Black, L50|\n|poke|p1|Ogerpon-Wellspring, L50, F|\n|poke|p1|Incineroar, L50, M|\n|poke|p1|Urshifu-*, L50, M|\n|poke|p1|Ursaluna-Bloodmoon, L50, M|\n|poke|p2|Terapagos, L50, M|\n|poke|p2|Lunala, L50|\n|poke|p2|Incineroar, L50, M|\n|poke|p2|Rillaboom, L50, F|\n|poke|p2|Ogerpon-Wellspring, L50, F|\n|poke|p2|Ursaluna, L50, M|\n|teampreview|4\n|showteam|p1|Lunala||Leftovers|ShadowShield|MoongeistBeam,Moonblast,Protect,WideGuard||||||50|,,,,,Fairy]Kyurem-Black||LoadedDice|Teravolt|DragonDance,ScaleShot,IcicleSpear,Protect||||||50|,,,,,Fairy]Ogerpon-Wellspring||WellspringMask|WaterAbsorb|IvyCudgel,HornLeech,SpikyShield,FollowMe|||F|||50|,,,,,Water]Incineroar||AssaultVest|Intimidate|FlareBlitz,KnockOff,FakeOut,Uturn|||M|||50|,,,,,Ghost]Urshifu-Rapid-Strike||MysticWater|UnseenFist|CloseCombat,SurgingStrikes,Detect,AquaJet|||M|||50|,,,,,Grass]Ursaluna-Bloodmoon||SitrusBerry|MindsEye|Yawn,Substitute,Protect,HyperVoice|||M|||50|,,,,,Ground\n|showteam|p2|Terapagos||Leftovers|TeraShift|TeraStarstorm,EarthPower,CalmMind,Protect|||M|||50|,,,,,Stellar]Lunala||PowerHerb|ShadowShield|MoongeistBeam,MeteorBeam,Moonblast,TrickRoom||||||50|,,,,,Fairy]Incineroar||RockyHelmet|Intimidate|KnockOff,WillOWisp,PartingShot,FakeOut|||M|||50|,,,,,Ghost]Rillaboom||AssaultVest|GrassySurge|DrumBeating,Uturn,GrassyGlide,FakeOut|||F|||50|,,,,,Fire]Ogerpon-Wellspring||WellspringMask|WaterAbsorb|IvyCudgel,Taunt,FollowMe,SpikyShield|||F|||50|,,,,,Water]Ursaluna||FlameOrb|Guts|Facade,HeadlongRush,ThroatChop,Protect|||M|||50|,,,,,Ghost\n|inactive|Battle timer is ON: inactive players will automatically lose when time's up. (requested by gm94vgc)\n|inactive|seiryuv has 60 seconds left.\n|\n|t:|1746130689\n|start\n|switch|p1a: Lunala|Lunala, L50|100/100\n|switch|p1b: Incineroar|Incineroar, L50, M|100/100\n|switch|p2a: Lunala|Lunala, L50|100/100\n|switch|p2b: Incineroar|Incineroar, L50, M|100/100\n|-ability|p2b: Incineroar|Intimidate|boost\n|-unboost|p1a: Lunala|atk|1\n|-unboost|p1b: Incineroar|atk|1\n|-ability|p1b: Incineroar|Intimidate|boost\n|-unboost|p2a: Lunala|atk|1\n|-unboost|p2b: Incineroar|atk|1\n|turn|1\n|\n|t:|1746130716\n|switch|p2b: Terapagos|Terapagos, L50, M|100/100\n|-activate|p2b: Terapagos|ability: Tera Shift\n|detailschange|p2b: Terapagos|Terapagos-Terastal, L50, M\n|-heal|p2b: Terapagos|100/100|[silent]\n|move|p1b: Incineroar|Fake Out|p2a: Lunala\n|-immune|p2a: Lunala\n|move|p2a: Lunala|Meteor Beam||[still]\n|-prepare|p2a: Lunala|Meteor Beam\n|-boost|p2a: Lunala|spa|1\n|-enditem|p2a: Lunala|Power Herb\n|-anim|p2a: Lunala|Meteor Beam|p1b: Incineroar\n|-supereffective|p1b: Incineroar\n|-damage|p1b: Incineroar|21/100\n|move|p1a: Lunala|Moongeist Beam|p2a: Lunala\n|-supereffective|p2a: Lunala\n|-damage|p2a: Lunala|17/100\n|\n|upkeep\n|turn|2\n|inactive|seiryuv has 30 seconds left.\n|inactive|gm94vgc has 30 seconds left.\n|inactive|seiryuv has 20 seconds left.\n|inactive|seiryuv has 15 seconds left.\n|inactive|gm94vgc has 20 seconds left.\n|inactive|seiryuv has 10 seconds left.\n|inactive|gm94vgc has 15 seconds left.\n|\n|t:|1746130764\n|-terastallize|p1a: Lunala|Fairy\n|move|p2a: Lunala|Moongeist Beam|p1a: Lunala\n|-damage|p1a: Lunala|71/100\n|move|p1a: Lunala|Moongeist Beam|p2a: Lunala\n|-supereffective|p2a: Lunala\n|-damage|p2a: Lunala|0 fnt\n|faint|p2a: Lunala\n|move|p2b: Terapagos|Earth Power|p1b: Incineroar\n|-supereffective|p1b: Incineroar\n|-damage|p1b: Incineroar|0 fnt\n|faint|p1b: Incineroar\n|\n|-heal|p1a: Lunala|77/100|[from] item: Leftovers\n|upkeep\n|\n|t:|1746130778\n|switch|p2a: Ursaluna|Ursaluna, L50, M|100/100\n|switch|p1b: Urshifu|Urshifu-Rapid-Strike, L50, M|100/100\n|turn|3\n|\n|t:|1746130803\n|-terastallize|p2a: Ursaluna|Ghost\n|move|p1b: Urshifu|Surging Strikes|p2a: Ursaluna\n|-crit|p2a: Ursaluna\n|-damage|p2a: Ursaluna|82/100\n|-crit|p2a: Ursaluna\n|-damage|p2a: Ursaluna|65/100\n|-crit|p2a: Ursaluna\n|-damage|p2a: Ursaluna|50/100\n|-hitcount|p2a: Ursaluna|3\n|move|p1a: Lunala|Moonblast|p2b: Terapagos\n|-activate|p2b: Terapagos|ability: Tera Shell\n|-resisted|p2b: Terapagos\n|-damage|p2b: Terapagos|74/100\n|move|p2b: Terapagos|Tera Starstorm|p1a: Lunala\n|-damage|p1a: Lunala|40/100\n|move|p2a: Ursaluna|Facade|p1b: Urshifu\n|-damage|p1b: Urshifu|57/100\n|\n|-heal|p1a: Lunala|46/100|[from] item: Leftovers\n|-heal|p2b: Terapagos|81/100|[from] item: Leftovers\n|-status|p2a: Ursaluna|brn|[from] item: Flame Orb\n|upkeep\n|turn|4\n|inactive|gm94vgc has 30 seconds left.\n|\n|t:|1746130833\n|switch|p2a: Incineroar|Incineroar, L50, M|100/100\n|-ability|p2a: Incineroar|Intimidate|boost\n|-unboost|p1a: Lunala|atk|1\n|-unboost|p1b: Urshifu|atk|1\n|move|p1b: Urshifu|Close Combat|p2b: Terapagos\n|-supereffective|p2b: Terapagos\n|-damage|p2b: Terapagos|24/100\n|-unboost|p1b: Urshifu|def|1\n|-unboost|p1b: Urshifu|spd|1\n|move|p1a: Lunala|Moongeist Beam|p2a: Incineroar\n|-resisted|p2a: Incineroar\n|-damage|p2a: Incineroar|72/100\n|move|p2b: Terapagos|Tera Starstorm|p1b: Urshifu\n|-damage|p1b: Urshifu|0 fnt\n|faint|p1b: Urshifu\n|\n|-heal|p1a: Lunala|52/100|[from] item: Leftovers\n|-heal|p2b: Terapagos|31/100|[from] item: Leftovers\n|upkeep\n|\n|t:|1746130840\n|switch|p1b: Kyurem|Kyurem-Black, L50|100/100\n|-ability|p1b: Kyurem|Teravolt\n|turn|5\n|\n|t:|1746130859\n|move|p2b: Terapagos|Protect|p2b: Terapagos\n|-singleturn|p2b: Terapagos|Protect\n|move|p1a: Lunala|Moonblast|p2b: Terapagos\n|-activate|p2b: Terapagos|move: Protect\n|move|p1b: Kyurem|Icicle Spear|p2b: Terapagos\n|-activate|p2b: Terapagos|move: Protect\n|move|p2a: Incineroar|Will-O-Wisp|p1b: Kyurem\n|-status|p1b: Kyurem|brn\n|\n|-heal|p1a: Lunala|58/100|[from] item: Leftovers\n|-heal|p2b: Terapagos|37/100|[from] item: Leftovers\n|-damage|p1b: Kyurem|94/100 brn|[from] brn\n|upkeep\n|turn|6\n|\n|t:|1746130881\n|move|p1a: Lunala|Moonblast|p2b: Terapagos\n|-damage|p2b: Terapagos|0 fnt\n|faint|p2b: Terapagos\n|move|p1b: Kyurem|Icicle Spear|p2a: Incineroar\n|-resisted|p2a: Incineroar\n|-crit|p2a: Incineroar\n|-damage|p2a: Incineroar|68/100\n|-resisted|p2a: Incineroar\n|-damage|p2a: Incineroar|65/100\n|-resisted|p2a: Incineroar\n|-damage|p2a: Incineroar|62/100\n|-resisted|p2a: Incineroar\n|-damage|p2a: Incineroar|60/100\n|-hitcount|p2a: Incineroar|4\n|move|p2a: Incineroar|Parting Shot|p1a: Lunala\n|-unboost|p1a: Lunala|atk|1\n|-unboost|p1a: Lunala|spa|1\n|\n|t:|1746130884\n|switch|p2a: Ursaluna|Ursaluna, L50, M, tera:Ghost|50/100 brn|[from] Parting Shot\n|\n|-heal|p1a: Lunala|64/100|[from] item: Leftovers\n|-damage|p1b: Kyurem|88/100 brn|[from] brn\n|-damage|p2a: Ursaluna|44/100 brn|[from] brn\n|upkeep\n|\n|t:|1746130889\n|switch|p2b: Incineroar|Incineroar, L50, M|60/100\n|-ability|p2b: Incineroar|Intimidate|boost\n|-unboost|p1a: Lunala|atk|1\n|-unboost|p1b: Kyurem|atk|1\n|turn|7\n|\n|t:|1746130898\n|move|p1a: Lunala|Protect|p1a: Lunala\n|-singleturn|p1a: Lunala|Protect\n|move|p1b: Kyurem|Protect|p1b: Kyurem\n|-singleturn|p1b: Kyurem|Protect\n|move|p2b: Incineroar|Fake Out|p1a: Lunala\n|-activate|p1a: Lunala|move: Protect\n|move|p2a: Ursaluna|Facade|p1a: Lunala\n|-activate|p1a: Lunala|move: Protect\n|\n|-heal|p1a: Lunala|70/100|[from] item: Leftovers\n|-damage|p1b: Kyurem|82/100 brn|[from] brn\n|-damage|p2a: Ursaluna|38/100 brn|[from] brn\n|upkeep\n|turn|8\n|\n|t:|1746130921\n|move|p1a: Lunala|Moongeist Beam|p2a: Ursaluna\n|-supereffective|p2a: Ursaluna\n|-damage|p2a: Ursaluna|0 fnt\n|faint|p2a: Ursaluna\n|move|p1b: Kyurem|Dragon Dance|p1b: Kyurem\n|-boost|p1b: Kyurem|atk|1\n|-boost|p1b: Kyurem|spe|1\n|move|p2b: Incineroar|Will-O-Wisp|p1a: Lunala\n|-status|p1a: Lunala|brn\n|\n|-heal|p1a: Lunala|76/100 brn|[from] item: Leftovers\n|-damage|p1b: Kyurem|76/100 brn|[from] brn\n|-damage|p1a: Lunala|70/100 brn|[from] brn\n|upkeep\n|turn|9\n|\n|t:|1746130938\n|move|p1b: Kyurem|Dragon Dance|p1b: Kyurem\n|-boost|p1b: Kyurem|atk|1\n|-boost|p1b: Kyurem|spe|1\n|move|p1a: Lunala|Moonblast|p2b: Incineroar\n|-damage|p2b: Incineroar|22/100\n|move|p2b: Incineroar|Knock Off|p1b: Kyurem\n|-crit|p1b: Kyurem\n|-damage|p1b: Kyurem|30/100 brn\n|-enditem|p1b: Kyurem|Loaded Dice|[from] move: Knock Off|[of] p2b: Incineroar\n|\n|-heal|p1a: Lunala|76/100 brn|[from] item: Leftovers\n|-damage|p1b: Kyurem|24/100 brn|[from] brn\n|-damage|p1a: Lunala|70/100 brn|[from] brn\n|upkeep\n|turn|10\n|\n|t:|1746130946\n|move|p1b: Kyurem|Icicle Spear|p2b: Incineroar\n|-resisted|p2b: Incineroar\n|-damage|p2b: Incineroar|18/100\n|-resisted|p2b: Incineroar\n|-damage|p2b: Incineroar|14/100\n|-hitcount|p2b: Incineroar|2\n|move|p1a: Lunala|Moonblast|p2b: Incineroar\n|-damage|p2b: Incineroar|0 fnt\n|faint|p2b: Incineroar\n|\n|win|seiryuv\n||gm94vgc is ready for game 3.\n|inactive|seiryuv has 30 seconds to confirm battle start!\n||seiryuv is ready for game 3.\n|uhtml|next|Next: <a href=\"/battle-gen9vgc2025regibo3-2354911406\"><strong>Game 3 of 3</strong></a>\n|l|\u2606seiryuv\n|player|p1|\n|l|\u2606gm94vgc\n|player|p2|\n", "uploadtime": 1746131264, "views": 5, "formatid": "gen9vgc2025regibo3", "rating": null, "private": 0, "password": null}