{"id": "gen9vgc2025regibo3-2353446108", "format": "[Gen 9] VGC 2025 Reg I (Bo3)", "players": ["Mommy moma", "steeltrainer"], "log": "|j|\u2606Mommy moma\n|j|\u2606steeltrainer\n|html|<table width=\"100%\"><tr><td align=\"left\">Mommy moma</td><td align=\"right\">steeltrainer</tr><tr><td align=\"left\"><i class=\"fa fa-circle-o\"></i> <i class=\"fa fa-circle-o\"></i> </td><td align=\"right\"><i class=\"fa fa-circle-o\"></i> <i class=\"fa fa-circle\"></i> </tr></table>\n|uhtml|bestof|<h2><strong>Game 2</strong> of <a href=\"/game-bestof3-gen9vgc2025regibo3-2353443616\">a best-of-3</a></h2>\n|t:|1745956668\n|gametype|doubles\n|player|p1|Mommy moma|firebreather|1042\n|player|p2|steeltrainer|steven|1051\n|teamsize|p1|6\n|teamsize|p2|6\n|gen|9\n|tier|[Gen 9] VGC 2025 Reg I (Bo3)\n|rated|\n|rule|Species Clause: Limit one of each Pok\u00e9mon\n|rule|Item Clause: Limit 1 of each item\n|clearpoke\n|poke|p1|Ho-Oh, L50|\n|poke|p1|Koraidon, L50|\n|poke|p1|Ogerpon-Wellspring, L50, F|\n|poke|p1|Flutter Mane, L50|\n|poke|p1|Incineroar, L50, M|\n|poke|p1|Rillaboom, L50, F|\n|poke|p2|Zamazenta-*, L50|\n|poke|p2|Chien-Pao, L50|\n|poke|p2|Dragonite, L50, F|\n|poke|p2|Calyrex-Shadow, L50|\n|poke|p2|Tornadus, L50, M|\n|poke|p2|Ogerpon-Hearthflame, L50, F|\n|teampreview|4\n|showteam|p1|Ho-Oh||AssaultVest|Regenerator|BraveBird,SacredFire,Earthquake,ZenHeadbutt||||||50|,,,,,Grass]Koraidon||LifeOrb|OrichalcumPulse|CloseCombat,DragonClaw,FlareBlitz,Protect||||||50|,,,,,Fire]Ogerpon-Wellspring||WellspringMask|WaterAbsorb|FollowMe,HornLeech,Taunt,SpikyShield|||F|||50|,,,,,Water]Flutter Mane||FocusSash|Protosynthesis|Moonblast,ShadowBall,IcyWind,Protect||||||50|,,,,,Normal]Incineroar||SafetyGoggles|Intimidate|WillOWisp,PartingShot,KnockOff,FakeOut|||M|||50|,,,,,Ghost]Rillaboom||ChoiceBand|GrassySurge|Uturn,WoodHammer,GrassyGlide,HammerArm|||F|||50|,,,,,Grass\n|showteam|p2|Zamazenta-Crowned||RustedShield|DauntlessShield|BodyPress,behemothbash,WideGuard,Protect||||||50|,,,,,Dragon]Chien-Pao||FocusSash|SwordofRuin|IceSpinner,ThroatChop,SuckerPunch,Protect||||||50|,,,,,Ghost]Dragonite||ChoiceBand|InnerFocus|Outrage,ExtremeSpeed,AerialAce,LowKick|||F|||50|,,,,,Normal]Calyrex-Shadow||SpellTag|AsOneSpectrier|AstralBarrage,ShadowBall,PollenPuff,Protect||||||50|,,,,,Dark]Tornadus||CovertCloak|Prankster|BleakwindStorm,RainDance,Tailwind,Taunt|||M|||50|,,,,,Dark]Ogerpon-Hearthflame||HearthflameMask|MoldBreaker|IvyCudgel,HelpingHand,FollowMe,SpikyShield|||F|||50|,,,,,Fire\n|\n|t:|1745956679\n|start\n|switch|p1a: Ho-Oh|Ho-Oh, L50|100/100\n|switch|p1b: Flutter Mane|Flutter Mane, L50|100/100\n|switch|p2a: Chien-Pao|Chien-Pao, L50|100/100\n|switch|p2b: Dragonite|Dragonite, L50, F|100/100\n|-ability|p2a: Chien-Pao|Sword of Ruin\n|turn|1\n|\n|t:|1745956699\n|-terastallize|p2b: Dragonite|Normal\n|move|p2b: Dragonite|Extreme Speed|p1a: Ho-Oh\n|-damage|p1a: Ho-Oh|16/100\n|move|p2a: Chien-Pao|Throat Chop|p1b: Flutter Mane\n|-enditem|p1b: Flutter Mane|Focus Sash\n|-damage|p1b: Flutter Mane|1/100\n|-start|p1b: Flutter Mane|Throat Chop|[silent]\n|move|p1b: Flutter Mane|Moonblast|p2b: Dragonite\n|-damage|p2b: Dragonite|47/100\n|-unboost|p2b: Dragonite|spa|1\n|move|p1a: Ho-Oh|Sacred Fire|p2a: Chien-Pao\n|-supereffective|p2a: Chien-Pao\n|-enditem|p2a: Chien-Pao|Focus Sash\n|-damage|p2a: Chien-Pao|1/100\n|-status|p2a: Chien-Pao|brn\n|\n|-damage|p2a: Chien-Pao|0 fnt|[from] brn\n|faint|p2a: Chien-Pao\n|upkeep\n|\n|t:|1745956715\n|switch|p2a: Calyrex|Calyrex-Shadow, L50|100/100\n|-ability|p2a: Calyrex|As One\n|-ability|p2a: Calyrex|Unnerve\n|turn|2\n|\n|t:|1745956744\n|switch|p2a: Tornadus|Tornadus, L50, M|100/100\n|move|p2b: Dragonite|Extreme Speed|p1a: Ho-Oh\n|-damage|p1a: Ho-Oh|0 fnt\n|faint|p1a: Ho-Oh\n|move|p1b: Flutter Mane|Shadow Ball|p2a: Tornadus\n|-damage|p2a: Tornadus|57/100\n|\n|-end|p1b: Flutter Mane|Throat Chop|[silent]\n|upkeep\n|\n|t:|1745956756\n|switch|p1a: Koraidon|Koraidon, L50|100/100\n|-weather|SunnyDay|[from] ability: Orichalcum Pulse|[of] p1a: Koraidon\n|-activate|p1b: Flutter Mane|ability: Protosynthesis\n|-start|p1b: Flutter Mane|protosynthesisspe\n|-activate|p1a: Koraidon|Orichalcum Pulse|[source]\n|turn|3\n|\n|t:|1745956772\n|-terastallize|p1a: Koraidon|Fire\n|move|p1b: Flutter Mane|Protect|p1b: Flutter Mane\n|-singleturn|p1b: Flutter Mane|Protect\n|move|p2b: Dragonite|Extreme Speed|p1a: Koraidon\n|-damage|p1a: Koraidon|32/100\n|move|p2a: Tornadus|Tailwind|p2a: Tornadus\n|-sidestart|p2: steeltrainer|move: Tailwind\n|move|p1a: Koraidon|Flare Blitz|p2a: Tornadus\n|-damage|p2a: Tornadus|0 fnt\n|faint|p2a: Tornadus\n|-damage|p1a: Koraidon|12/100|[from] Recoil\n|-damage|p1a: Koraidon|3/100|[from] item: Life Orb\n|\n|-weather|SunnyDay|[upkeep]\n|upkeep\n|\n|t:|1745956782\n|switch|p2a: Calyrex|Calyrex-Shadow, L50|100/100\n|-ability|p2a: Calyrex|As One\n|-ability|p2a: Calyrex|Unnerve\n|turn|4\n|\n|t:|1745956798\n|move|p1b: Flutter Mane|Protect|p1b: Flutter Mane\n|-singleturn|p1b: Flutter Mane|Protect\n|move|p1a: Koraidon|Protect|p1a: Koraidon\n|-singleturn|p1a: Koraidon|Protect\n|move|p2b: Dragonite|Extreme Speed|p1a: Koraidon\n|-activate|p1a: Koraidon|move: Protect\n|move|p2a: Calyrex|Astral Barrage|p1b: Flutter Mane|[spread] \n|-activate|p1a: Koraidon|move: Protect\n|-activate|p1b: Flutter Mane|move: Protect\n|\n|-weather|SunnyDay|[upkeep]\n|upkeep\n|turn|5\n|\n|t:|1745956815\n|-end|p1b: Flutter Mane|Protosynthesis|[silent]\n|switch|p1b: Ogerpon|Ogerpon-Wellspring, L50, F|100/100\n|move|p1a: Koraidon|Protect||[still]\n|-fail|p1a: Koraidon\n|move|p2b: Dragonite|Extreme Speed|p2a: Calyrex\n|-immune|p2a: Calyrex\n|move|p2a: Calyrex|Astral Barrage|p1a: Koraidon|[spread] p1a,p1b\n|-damage|p1a: Koraidon|0 fnt\n|-damage|p1b: Ogerpon|46/100\n|faint|p1a: Koraidon\n|-ability|p2a: Calyrex|Grim Neigh|boost\n|-boost|p2a: Calyrex|spa|1\n|\n|-weather|SunnyDay|[upkeep]\n|upkeep\n|\n|t:|1745956829\n|switch|p1a: Flutter Mane|Flutter Mane, L50|1/100\n|-activate|p1a: Flutter Mane|ability: Protosynthesis\n|-start|p1a: Flutter Mane|protosynthesisspe\n|turn|6\n|\n|t:|1745956838\n|move|p1a: Flutter Mane|Protect|p1a: Flutter Mane\n|-singleturn|p1a: Flutter Mane|Protect\n|move|p1b: Ogerpon|Spiky Shield|p1b: Ogerpon\n|-singleturn|p1b: Ogerpon|move: Protect\n|move|p2b: Dragonite|Extreme Speed|p1b: Ogerpon\n|-activate|p1b: Ogerpon|move: Protect\n|-damage|p2b: Dragonite|34/100|[from] Spiky Shield|[of] p1b: Ogerpon\n|move|p2a: Calyrex|Astral Barrage|p1b: Ogerpon|[spread] \n|-activate|p1a: Flutter Mane|move: Protect\n|-activate|p1b: Ogerpon|move: Protect\n|\n|-weather|SunnyDay|[upkeep]\n|-sideend|p2: steeltrainer|move: Tailwind\n|upkeep\n|turn|7\n|\n|t:|1745956856\n|move|p2a: Calyrex|Protect|p2a: Calyrex\n|-singleturn|p2a: Calyrex|Protect\n|move|p2b: Dragonite|Extreme Speed|p1b: Ogerpon\n|-damage|p1b: Ogerpon|0 fnt\n|faint|p1b: Ogerpon\n|move|p1a: Flutter Mane|Shadow Ball|p2a: Calyrex\n|-activate|p2a: Calyrex|move: Protect\n|\n|-weather|none\n|-end|p1a: Flutter Mane|Protosynthesis\n|upkeep\n|turn|8\n|\n|t:|1745956867\n|move|p2b: Dragonite|Extreme Speed|p1a: Flutter Mane\n|-immune|p1a: Flutter Mane\n|move|p2a: Calyrex|Astral Barrage|p1a: Flutter Mane\n|-supereffective|p1a: Flutter Mane\n|-damage|p1a: Flutter Mane|0 fnt\n|faint|p1a: Flutter Mane\n|-end|p1a: Flutter Mane|Protosynthesis|[silent]\n|\n|win|steeltrainer\n|raw|Mommy moma's rating: 1042 &rarr; <strong>1026</strong><br />(-16 for losing)\n|raw|steeltrainer's rating: 1051 &rarr; <strong>1083</strong><br />(+32 for winning)\n", "uploadtime": 1745956880, "views": 21, "formatid": "gen9vgc2025regibo3", "rating": 1026, "private": 0, "password": null}