{"id": "gen9vgc2025regibo3-2354968959", "format": "[Gen 9] VGC 2025 Reg I (Bo3)", "players": ["ComelyFan", "Adrireina"], "log": "|j|\u2606ComelyFan\n|j|\u2606Adrireina\n|html|<table width=\"100%\"><tr><td align=\"left\">ComelyFan</td><td align=\"right\">Adrireina</tr><tr><td align=\"left\"><i class=\"fa fa-circle-o\"></i> <i class=\"fa fa-circle-o\"></i> </td><td align=\"right\"><i class=\"fa fa-circle-o\"></i> <i class=\"fa fa-circle\"></i> </tr></table>\n|uhtml|bestof|<h2><strong>Game 2</strong> of <a href=\"/game-bestof3-gen9vgc2025regibo3-2354966788\">a best-of-3</a></h2>\n|t:|1746136932\n|gametype|doubles\n|player|p1|ComelyFan|parasollady|1093\n|player|p2|Adrireina|1|1091\n|teamsize|p1|6\n|teamsize|p2|6\n|gen|9\n|tier|[Gen 9] VGC 2025 Reg I (Bo3)\n|rated|\n|rule|Species Clause: Limit one of each Pok\u00e9mon\n|rule|Item Clause: Limit 1 of each item\n|clearpoke\n|poke|p1|Miraidon, L50|\n|poke|p1|Iron Hands, L50|\n|poke|p1|Incineroar, L50, F|\n|poke|p1|Whimsicott, L50, M|\n|poke|p1|Calyrex-Shadow, L50|\n|poke|p1|Urshifu-*, L50, F|\n|poke|p2|Calyrex-Ice, L50|\n|poke|p2|Indeedee-F, L50, F|\n|poke|p2|Terapagos, L50, M|\n|poke|p2|Iron Hands, L50|\n|poke|p2|Sinistcha, L50|\n|poke|p2|Stonjourner, L50, M|\n|teampreview|4\n|showteam|p1|Miraidon||LifeOrb|HadronEngine|Protect,DracoMeteor,ElectroDrift,VoltSwitch||||||50|,,,,,Ghost]Iron Hands||AssaultVest|QuarkDrive|FakeOut,LowKick,WildCharge,HeavySlam||||||50|,,,,,Water]Incineroar||SafetyGoggles|Intimidate|KnockOff,FakeOut,WillOWisp,PartingShot|||F|||50|,,,,,Water]Whimsicott||CovertCloak|Prankster|Tailwind,Moonblast,Encore,HelpingHand|||M|||50|,,,,,Dark]Calyrex-Shadow||FocusSash|AsOneSpectrier|AstralBarrage,Psychic,PollenPuff,Protect||||||50|,,,,,Ghost]Urshifu-Rapid-Strike||ChoiceScarf|UnseenFist|SurgingStrikes,AquaJet,Uturn,CloseCombat|||F|||50|,,,,,Water\n|showteam|p2|Calyrex-Ice||ClearAmulet|AsOneGlastrier|GlacialLance,HighHorsepower,TrickRoom,Protect||||||50|,,,,,Ground]Indeedee-F||RockyHelmet|PsychicSurge|FollowMe,HelpingHand,TrickRoom,Psychic|||F|||50|,,,,,Fairy]Terapagos||Leftovers|TeraShift|TeraStarstorm,EarthPower,CalmMind,Protect|||M|||50|,,,,,Stellar]Iron Hands||BoosterEnergy|QuarkDrive|FakeOut,WildCharge,DrainPunch,HeavySlam||||||50|,,,,,Steel]Sinistcha||SitrusBerry|Hospitality|LifeDew,MatchaGotcha,RagePowder,TrickRoom||||||50|,,,,,Dark]Stonjourner||FocusSash|PowerSpot|RockSlide,StompingTantrum,WideGuard,Protect|||M|||50|,,,,,Rock\n|inactive|Battle timer is ON: inactive players will automatically lose when time's up. (requested by ComelyFan)\n|\n|t:|1746136952\n|start\n|switch|p1a: month 1 hrt|Incineroar, L50, F|100/100\n|switch|p1b: 1buttonbilly|Miraidon, L50|100/100\n|switch|p2a: Calyrex|Calyrex-Ice, L50|100/100\n|switch|p2b: Iron Hands|Iron Hands, L50|100/100\n|-ability|p2a: Calyrex|As One\n|-ability|p2a: Calyrex|Unnerve\n|-fieldstart|move: Electric Terrain|[from] ability: Hadron Engine|[of] p1b: 1buttonbilly\n|-activate|p2b: Iron Hands|ability: Quark Drive\n|-start|p2b: Iron Hands|quarkdriveatk\n|-ability|p1a: month 1 hrt|Intimidate|boost\n|-fail|p2a: Calyrex|unboost|[from] item: Clear Amulet|[of] p2a: Calyrex\n|-unboost|p2b: Iron Hands|atk|1\n|turn|1\n|\n|t:|1746136965\n|-end|p2b: Iron Hands|Quark Drive|[silent]\n|switch|p2b: Indeedee|Indeedee-F, L50, F|100/100\n|-fieldstart|move: Psychic Terrain|[from] ability: Psychic Surge|[of] p2b: Indeedee\n|move|p1b: 1buttonbilly|Draco Meteor|p2a: Calyrex\n|-damage|p2a: Calyrex|38/100\n|-unboost|p1b: 1buttonbilly|spa|2\n|-damage|p1b: 1buttonbilly|91/100|[from] item: Life Orb\n|move|p1a: month 1 hrt|Will-O-Wisp|p2b: Indeedee\n|-status|p2b: Indeedee|brn\n|move|p2a: Calyrex|Trick Room|p2a: Calyrex\n|-fieldstart|move: Trick Room|[of] p2a: Calyrex\n|\n|-damage|p2b: Indeedee|94/100 brn|[from] brn\n|upkeep\n|turn|2\n|\n|t:|1746136989\n|switch|p1b: year 4 hrt|Iron Hands, L50|100/100\n|-terastallize|p1a: month 1 hrt|Water\n|move|p2b: Indeedee|Follow Me|p2b: Indeedee\n|-singleturn|p2b: Indeedee|move: Follow Me\n|move|p2a: Calyrex|Glacial Lance|p1b: year 4 hrt|[spread] p1a,p1b\n|-resisted|p1a: month 1 hrt\n|-damage|p1a: month 1 hrt|76/100\n|-damage|p1b: year 4 hrt|58/100\n|move|p1a: month 1 hrt|Will-O-Wisp|p2b: Indeedee\n|-fail|p2b: Indeedee|brn\n|\n|-damage|p2b: Indeedee|88/100 brn|[from] brn\n|upkeep\n|turn|3\n|inactive|ComelyFan has 30 seconds left.\n|\n|t:|1746137018\n|move|p2b: Indeedee|Follow Me|p2b: Indeedee\n|-singleturn|p2b: Indeedee|move: Follow Me\n|move|p2a: Calyrex|High Horsepower|p1b: year 4 hrt\n|-supereffective|p1b: year 4 hrt\n|-damage|p1b: year 4 hrt|0 fnt\n|faint|p1b: year 4 hrt\n|-end|p1b: year 4 hrt|Quark Drive|[silent]\n|-ability|p2a: Calyrex|Chilling Neigh|boost\n|-boost|p2a: Calyrex|atk|1\n|move|p1a: month 1 hrt|Knock Off|p2b: Indeedee\n|-supereffective|p2b: Indeedee\n|-damage|p2b: Indeedee|9/100 brn\n|-damage|p1a: month 1 hrt|59/100|[from] item: Rocky Helmet|[of] p2b: Indeedee\n|-enditem|p2b: Indeedee|Rocky Helmet|[from] move: Knock Off|[of] p1a: month 1 hrt\n|\n|-damage|p2b: Indeedee|3/100 brn|[from] brn\n|upkeep\n|\n|t:|1746137023\n|switch|p1b: 1buttonbilly|Miraidon, L50|91/100\n|-fieldstart|move: Electric Terrain|[from] ability: Hadron Engine|[of] p1b: 1buttonbilly\n|turn|4\n|\n|t:|1746137048\n|switch|p1a: fishkill|Urshifu-Rapid-Strike, L50, F|100/100\n|move|p1b: 1buttonbilly|Protect|p1b: 1buttonbilly\n|-singleturn|p1b: 1buttonbilly|Protect\n|move|p2a: Calyrex|Glacial Lance|p1b: 1buttonbilly|[spread] p1a\n|-activate|p1b: 1buttonbilly|move: Protect\n|-resisted|p1a: fishkill\n|-damage|p1a: fishkill|54/100\n|move|p2b: Indeedee|Psychic|p1a: fishkill\n|-supereffective|p1a: fishkill\n|-damage|p1a: fishkill|0 fnt\n|faint|p1a: fishkill\n|\n|-damage|p2b: Indeedee|0 fnt|[from] brn\n|faint|p2b: Indeedee\n|upkeep\n|\n|t:|1746137067\n|switch|p2b: Iron Hands|Iron Hands, L50|100/100\n|switch|p1a: month 1 hrt|Incineroar, L50, F, tera:Water|59/100\n|-ability|p1a: month 1 hrt|Intimidate|boost\n|-fail|p2a: Calyrex|unboost|[from] item: Clear Amulet|[of] p2a: Calyrex\n|-unboost|p2b: Iron Hands|atk|1\n|-activate|p2b: Iron Hands|ability: Quark Drive\n|-start|p2b: Iron Hands|quarkdriveatk\n|turn|5\n|\n|t:|1746137072\n|move|p1b: 1buttonbilly|Protect||[still]\n|-fail|p1b: 1buttonbilly\n|move|p2b: Iron Hands|Fake Out|p1a: month 1 hrt\n|-damage|p1a: month 1 hrt|47/100\n|cant|p1a: month 1 hrt|flinch\n|move|p2a: Calyrex|Glacial Lance|p1b: 1buttonbilly|[spread] p1a,p1b\n|-resisted|p1a: month 1 hrt\n|-supereffective|p1b: 1buttonbilly\n|-damage|p1a: month 1 hrt|11/100\n|-damage|p1b: 1buttonbilly|0 fnt\n|faint|p1b: 1buttonbilly\n|-ability|p2a: Calyrex|Chilling Neigh|boost\n|-boost|p2a: Calyrex|atk|1\n|\n|-fieldend|move: Trick Room\n|upkeep\n|turn|6\n|-message|ComelyFan forfeited.\n|\n|win|Adrireina\n|raw|ComelyFan's rating: 1093 &rarr; <strong>1069</strong><br />(-24 for losing)\n|raw|Adrireina's rating: 1091 &rarr; <strong>1118</strong><br />(+27 for winning)\n|l|\u2606ComelyFan\n|player|p1|\n|l|\u2606Adrireina\n|player|p2|\n", "uploadtime": 1746137385, "views": 5, "formatid": "gen9vgc2025regibo3", "rating": 1069, "private": 0, "password": null}