{"id": "gen9vgc2025regibo3-2353617936", "format": "[Gen 9] VGC 2025 Reg I (Bo3)", "players": ["Watanagashi_Mion", "We_Are_Toasted"], "log": "|j|\u2606Watanagashi_Mion\n|j|\u2606We_Are_Toasted\n|html|<table width=\"100%\"><tr><td align=\"left\">Watanagashi_Mion</td><td align=\"right\">We_Are_Toasted</tr><tr><td align=\"left\"><i class=\"fa fa-circle\"></i> <i class=\"fa fa-circle-o\"></i> </td><td align=\"right\"><i class=\"fa fa-circle-o\"></i> <i class=\"fa fa-circle\"></i> </tr></table>\n|uhtml|bestof|<h2><strong>Game 3</strong> of <a href=\"/game-bestof3-gen9vgc2025regibo3-2353613956\">a best-of-3</a></h2>\n|t:|1745975169\n|gametype|doubles\n|player|p1|Watanagashi_Mion|hugh|1168\n|player|p2|We_Are_Toasted|larry|1333\n|teamsize|p1|6\n|teamsize|p2|6\n|gen|9\n|tier|[Gen 9] VGC 2025 Reg I (Bo3)\n|rated|\n|rule|Species Clause: Limit one of each Pok\u00e9mon\n|rule|Item Clause: Limit 1 of each item\n|clearpoke\n|poke|p1|Zamazenta-*, L50|\n|poke|p1|Calyrex-Shadow, L50|\n|poke|p1|Tornadus, L50, M|\n|poke|p1|Urshifu-*, L50, M|\n|poke|p1|Rillaboom, L50, M|\n|poke|p1|Chien-Pao, L50|\n|poke|p2|Miraidon, L50|\n|poke|p2|Grimmsnarl, L50, M|\n|poke|p2|Iron Hands, L50|\n|poke|p2|Lunala, L50|\n|poke|p2|Chi-Yu, L50|\n|poke|p2|Ursaluna, L50, M|\n|teampreview|4\n|showteam|p1|Zamazenta-Crowned||RustedShield|DauntlessShield|BodyPress,HeavySlam,WideGuard,Protect||||||50|,,,,,Ghost]Calyrex-Shadow||FocusSash|AsOneSpectrier|AstralBarrage,Psychic,Encore,Protect||||||50|,,,,,Ghost]Tornadus||RockyHelmet|Prankster|BleakwindStorm,Tailwind,RainDance,Protect|||M|||50|,,,,,Dark]Urshifu-Rapid-Strike||MysticWater|UnseenFist|SurgingStrikes,CloseCombat,AquaJet,Protect|||M|||50|,,,,,Water]Rillaboom||AssaultVest|GrassySurge|WoodHammer,GrassyGlide,Uturn,FakeOut|||M|||50|,,,,,Fire]Chien-Pao||LifeOrb|SwordofRuin|IcicleCrash,SuckerPunch,IceShard,Protect||||||50|,,,,,Stellar\n|showteam|p2|Miraidon||ChoiceSpecs|HadronEngine|VoltSwitch,DracoMeteor,ElectroDrift,DazzlingGleam||||||50|,,,,,Fairy]Grimmsnarl||LightClay|Prankster|LightScreen,Reflect,ThunderWave,SpiritBreak|||M|||50|,,,,,Ghost]Iron Hands||AssaultVest|QuarkDrive|DrainPunch,FakeOut,WildCharge,LowKick||||||50|,,,,,Bug]Lunala||PowerHerb|ShadowShield|MoongeistBeam,MeteorBeam,WideGuard,TrickRoom||||||50|,,,,,Water]Chi-Yu||ChoiceScarf|BeadsofRuin|Snarl,HeatWave,DarkPulse,Overheat||||||50|,,,,,Ghost]Ursaluna||FlameOrb|Guts|Facade,HeadlongRush,Earthquake,Protect|||M|||50|,,,,,Ghost\n|inactive|Battle timer is ON: inactive players will automatically lose when time's up. (requested by Watanagashi_Mion)\n|inactive|We_Are_Toasted has 60 seconds left.\n|inactive|Watanagashi_Mion has 60 seconds left.\n|inactive|We_Are_Toasted has 30 seconds left.\n|inactive|We_Are_Toasted has 20 seconds left.\n|inactive|We_Are_Toasted has 15 seconds left.\n|inactive|We_Are_Toasted has 10 seconds left.\n|inactive|We_Are_Toasted has 5 seconds left.\n|\n|t:|1745975258\n|start\n|switch|p1a: Calyrex|Calyrex-Shadow, L50|100/100\n|switch|p1b: Zamazenta|Zamazenta-Crowned, L50|100/100\n|switch|p2a: Lunala|Lunala, L50|100/100\n|switch|p2b: Chi-Yu|Chi-Yu, L50|100/100\n|-ability|p1a: Calyrex|As One\n|-ability|p1a: Calyrex|Unnerve\n|-ability|p2b: Chi-Yu|Beads of Ruin\n|-ability|p1b: Zamazenta|Dauntless Shield|boost\n|-boost|p1b: Zamazenta|def|1\n|turn|1\n|\n|t:|1745975270\n|move|p2b: Chi-Yu|Snarl|p1b: Zamazenta|[spread] p1a,p1b\n|-supereffective|p1a: Calyrex\n|-resisted|p1b: Zamazenta\n|-enditem|p1a: Calyrex|Focus Sash\n|-damage|p1a: Calyrex|1/100\n|-damage|p1b: Zamazenta|89/100\n|-unboost|p1a: Calyrex|spa|1\n|-unboost|p1b: Zamazenta|spa|1\n|move|p1a: Calyrex|Astral Barrage|p2a: Lunala|[spread] p2a,p2b\n|-supereffective|p2a: Lunala\n|-resisted|p2b: Chi-Yu\n|-damage|p2a: Lunala|27/100\n|-damage|p2b: Chi-Yu|78/100\n|move|p1b: Zamazenta|Body Press|p2b: Chi-Yu\n|-supereffective|p2b: Chi-Yu\n|-damage|p2b: Chi-Yu|0 fnt\n|faint|p2b: Chi-Yu\n|move|p2a: Lunala|Trick Room|p2a: Lunala\n|-fieldstart|move: Trick Room|[of] p2a: Lunala\n|\n|upkeep\n|\n|t:|1745975293\n|switch|p2b: Miraidon|Miraidon, L50|100/100\n|-fieldstart|move: Electric Terrain|[from] ability: Hadron Engine|[of] p2b: Miraidon\n|turn|2\n|inactive|We_Are_Toasted has 30 seconds left.\n|\n|t:|1745975325\n|switch|p2a: Brian Hands|Iron Hands, L50|100/100\n|-activate|p2a: Brian Hands|ability: Quark Drive\n|-start|p2a: Brian Hands|quarkdriveatk\n|switch|p1a: Rillaboom|Rillaboom, L50, M|100/100\n|-fieldstart|move: Grassy Terrain|[from] ability: Grassy Surge|[of] p1a: Rillaboom\n|-end|p2a: Brian Hands|Quark Drive\n|move|p1b: Zamazenta|Protect|p1b: Zamazenta\n|-singleturn|p1b: Zamazenta|Protect\n|move|p2b: Miraidon|Volt Switch|p1b: Zamazenta\n|-activate|p1b: Zamazenta|move: Protect\n|\n|-heal|p1b: Zamazenta|95/100|[from] Grassy Terrain\n|upkeep\n|turn|3\n|inactive|We_Are_Toasted has 30 seconds left.\n|inactive|Watanagashi_Mion has 30 seconds left.\n|\n|t:|1745975363\n|-terastallize|p2a: Brian Hands|Bug\n|-terastallize|p1b: Zamazenta|Ghost\n|move|p1a: Rillaboom|Fake Out|p2b: Miraidon\n|-damage|p2b: Miraidon|87/100\n|move|p2a: Brian Hands|Drain Punch|p1a: Rillaboom\n|-damage|p1a: Rillaboom|55/100\n|move|p1b: Zamazenta|Body Press|p2b: Miraidon\n|-damage|p2b: Miraidon|22/100\n|cant|p2b: Miraidon|flinch\n|\n|-heal|p1a: Rillaboom|61/100|[from] Grassy Terrain\n|-heal|p1b: Zamazenta|100/100|[from] Grassy Terrain\n|-heal|p2b: Miraidon|28/100|[from] Grassy Terrain\n|upkeep\n|turn|4\n|inactive|We_Are_Toasted has 30 seconds left.\n|\n|t:|1745975393\n|switch|p2b: Lunala|Lunala, L50|27/100\n|move|p2a: Brian Hands|Drain Punch|p1a: Rillaboom\n|-damage|p1a: Rillaboom|18/100\n|move|p1a: Rillaboom|Wood Hammer|p2b: Lunala\n|-damage|p2b: Lunala|0 fnt\n|faint|p2b: Lunala\n|-damage|p1a: Rillaboom|8/100|[from] Recoil\n|move|p1b: Zamazenta|Body Press|p2a: Brian Hands\n|-resisted|p2a: Brian Hands\n|-damage|p2a: Brian Hands|76/100\n|\n|-heal|p2a: Brian Hands|82/100|[from] Grassy Terrain\n|-heal|p1a: Rillaboom|14/100|[from] Grassy Terrain\n|upkeep\n|\n|t:|1745975396\n|switch|p2b: Miraidon|Miraidon, L50|28/100\n|-fieldstart|move: Electric Terrain|[from] ability: Hadron Engine|[of] p2b: Miraidon\n|-activate|p2a: Brian Hands|ability: Quark Drive\n|-start|p2a: Brian Hands|quarkdriveatk\n|turn|5\n|inactive|We_Are_Toasted has 30 seconds left.\n|inactive|We_Are_Toasted has 20 seconds left.\n|inactive|We_Are_Toasted has 15 seconds left.\n|inactive|We_Are_Toasted has 10 seconds left.\n|\n|t:|1745975442\n|switch|p1a: Calyrex|Calyrex-Shadow, L50|1/100\n|-ability|p1a: Calyrex|As One\n|-ability|p1a: Calyrex|Unnerve\n|move|p2a: Brian Hands|Wild Charge|p1a: Calyrex\n|-damage|p1a: Calyrex|0 fnt\n|faint|p1a: Calyrex\n|-damage|p2a: Brian Hands|82/100|[from] Recoil\n|move|p1b: Zamazenta|Body Press|p2b: Miraidon\n|-damage|p2b: Miraidon|0 fnt\n|faint|p2b: Miraidon\n|\n|-fieldend|move: Trick Room\n|upkeep\n|\n|t:|1745975457\n|switch|p1a: Rillaboom|Rillaboom, L50, M|14/100\n|-fieldstart|move: Grassy Terrain|[from] ability: Grassy Surge|[of] p1a: Rillaboom\n|-end|p2a: Brian Hands|Quark Drive\n|turn|6\n|\n|t:|1745975461\n|move|p1a: Rillaboom|Fake Out|p2a: Brian Hands\n|-damage|p2a: Brian Hands|73/100\n|move|p1b: Zamazenta|Body Press|p2a: Brian Hands\n|-resisted|p2a: Brian Hands\n|-damage|p2a: Brian Hands|49/100\n|cant|p2a: Brian Hands|flinch\n|\n|-heal|p1a: Rillaboom|19/100|[from] Grassy Terrain\n|-heal|p2a: Brian Hands|56/100|[from] Grassy Terrain\n|upkeep\n|turn|7\n|\n|t:|1745975465\n|switch|p1a: Chien-Pao|Chien-Pao, L50|100/100\n|-ability|p1a: Chien-Pao|Sword of Ruin\n|move|p1b: Zamazenta|Body Press|p2a: Brian Hands\n|-resisted|p2a: Brian Hands\n|-damage|p2a: Brian Hands|25/100\n|move|p2a: Brian Hands|Drain Punch|p1a: Chien-Pao\n|-supereffective|p1a: Chien-Pao\n|-damage|p1a: Chien-Pao|0 fnt\n|-heal|p2a: Brian Hands|59/100|[from] drain|[of] p1a: Chien-Pao\n|faint|p1a: Chien-Pao\n|\n|-heal|p2a: Brian Hands|66/100|[from] Grassy Terrain\n|upkeep\n|\n|t:|1745975471\n|switch|p1a: Rillaboom|Rillaboom, L50, M|19/100\n|turn|8\n|\n|t:|1745975484\n|move|p1a: Rillaboom|Fake Out|p2a: Brian Hands\n|-damage|p2a: Brian Hands|56/100\n|move|p1b: Zamazenta|Body Press|p2a: Brian Hands\n|-resisted|p2a: Brian Hands\n|-damage|p2a: Brian Hands|34/100\n|cant|p2a: Brian Hands|flinch\n|\n|-heal|p1a: Rillaboom|25/100|[from] Grassy Terrain\n|-heal|p2a: Brian Hands|40/100|[from] Grassy Terrain\n|upkeep\n|turn|9\n|\n|t:|1745975491\n|move|p1b: Zamazenta|Body Press|p2a: Brian Hands\n|-resisted|p2a: Brian Hands\n|-damage|p2a: Brian Hands|17/100\n|move|p1a: Rillaboom|Wood Hammer|p2a: Brian Hands\n|-resisted|p2a: Brian Hands\n|-damage|p2a: Brian Hands|0 fnt\n|faint|p2a: Brian Hands\n|-end|p2a: Brian Hands|Quark Drive|[silent]\n|-damage|p1a: Rillaboom|18/100|[from] Recoil\n|\n|win|Watanagashi_Mion\n|raw|Watanagashi_Mion's rating: 1168 &rarr; <strong>1204</strong><br />(+36 for winning)\n|raw|We_Are_Toasted's rating: 1333 &rarr; <strong>1304</strong><br />(-29 for losing)\n", "uploadtime": 1745975494, "views": 19, "formatid": "gen9vgc2025regibo3", "rating": 1204, "private": 0, "password": null}