{"id": "gen9vgc2025regibo3-2354327017", "format": "[Gen 9] VGC 2025 Reg I (Bo3)", "players": ["Dylax", "jalo3705"], "log": "|j|\u2606Dylax\n|j|\u2606jalo3705\n|html|<table width=\"100%\"><tr><td align=\"left\">Dylax</td><td align=\"right\">jalo3705</tr><tr><td align=\"left\"><i class=\"fa fa-circle-o\"></i> <i class=\"fa fa-circle-o\"></i> </td><td align=\"right\"><i class=\"fa fa-circle-o\"></i> <i class=\"fa fa-circle-o\"></i> </tr></table>\n|uhtml|bestof|<h2><strong>Game 1</strong> of <a href=\"/game-bestof3-gen9vgc2025regibo3-2354327016\">a best-of-3</a></h2>\n|t:|1746057770\n|gametype|doubles\n|player|p1|Dylax|giovanni-masters|1082\n|player|p2|jalo3705|265|1139\n|teamsize|p1|6\n|teamsize|p2|6\n|gen|9\n|tier|[Gen 9] VGC 2025 Reg I (Bo3)\n|rated|\n|rule|Species Clause: Limit one of each Pok\u00e9mon\n|rule|Item Clause: Limit 1 of each item\n|clearpoke\n|poke|p1|Kyogre, L50|\n|poke|p1|Zacian-*, L50|\n|poke|p1|Tornadus, L50, M|\n|poke|p1|Urshifu-*, L50, M|\n|poke|p1|Chien-Pao, L50|\n|poke|p1|Tsareena, L50, F|\n|poke|p2|Zekrom, L50|\n|poke|p2|Reshiram, L50|\n|poke|p2|Rillaboom, L50, F|\n|poke|p2|Incineroar, L50, F|\n|poke|p2|Tornadus, L50, M|\n|poke|p2|Weezing-Galar, L50, F|\n|teampreview|4\n|showteam|p1|Kyogre||MysticWater|Drizzle|WaterSpout,OriginPulse,IceBeam,Protect||||||50|,,,,,Grass]Zacian-Crowned||RustedSword|IntrepidSword|behemothblade,PlayRough,Substitute,Protect||||||50|,,,,,Fairy]Tornadus||CovertCloak|Prankster|BleakwindStorm,Tailwind,RainDance,Taunt|||M|||50|,,,,,Dark]Urshifu-Rapid-Strike||ChoiceScarf|UnseenFist|SurgingStrikes,CloseCombat,Uturn,Coaching|||M|||50|,,,,,Water]Chien-Pao||FocusSash|SwordofRuin|IceSpinner,SuckerPunch,SacredSword,Protect||||||50|,,,,,Ghost]Tsareena||WideLens|QueenlyMajesty|PowerWhip,TripleAxel,HelpingHand,Taunt|||F|||50|,,,,,Ice\n|showteam|p2|Zekrom||ClearAmulet|Teravolt|FusionBolt,DragonClaw,DragonDance,Protect||||||50|,,,,,Fairy]Reshiram||ChoiceScarf|Turboblaze|FusionFlare,EarthPower,DracoMeteor,ShadowBall||||||50|,,,,,Fairy]Rillaboom||AssaultVest|GrassySurge|WoodHammer,FakeOut,HighHorsepower,GrassyGlide|||F|||50|,,,,,Fire]Incineroar||SitrusBerry|Intimidate|FlareBlitz,KnockOff,FakeOut,PartingShot|||F|||50|,,,,,Grass]Tornadus||CovertCloak|Prankster|BleakwindStorm,RainDance,Tailwind,Taunt|||M|||50|,,,,,Flying]Weezing-Galar||Leftovers|NeutralizingGas|SludgeBomb,StrangeSteam,ClearSmog,Protect|||F|||50|,,,,,Grass\n|inactive|Battle timer is ON: inactive players will automatically lose when time's up. (requested by jalo3705)\n|inactive|jalo3705 has 60 seconds left.\n|\n|t:|1746057845\n|start\n|switch|p1a: Kyogre|Kyogre, L50|100/100\n|switch|p1b: Tsareena|Tsareena, L50, F|100/100\n|switch|p2a: Zekrom|Zekrom, L50|100/100\n|switch|p2b: Incineroar|Incineroar, L50, F|100/100\n|-ability|p2a: Zekrom|Teravolt\n|-weather|RainDance|[from] ability: Drizzle|[of] p1a: Kyogre\n|-ability|p2b: Incineroar|Intimidate|boost\n|-unboost|p1a: Kyogre|atk|1\n|-unboost|p1b: Tsareena|atk|1\n|turn|1\n|inactive|jalo3705 has 30 seconds left.\n|\n|t:|1746057877\n|switch|p1a: Zacian|Zacian-Crowned, L50|100/100\n|-ability|p1a: Zacian|Intrepid Sword|boost\n|-boost|p1a: Zacian|atk|1\n|-terastallize|p2b: Incineroar|Grass\n|move|p2a: Zekrom|Protect|p2a: Zekrom\n|-singleturn|p2a: Zekrom|Protect\n|move|p1b: Tsareena|Triple Axel|p2a: Zekrom\n|-activate|p2a: Zekrom|move: Protect\n|move|p2b: Incineroar|Parting Shot|p1a: Zacian\n|-unboost|p1a: Zacian|atk|1\n|-unboost|p1a: Zacian|spa|1\n|\n|t:|1746057892\n|switch|p2b: Rillaboom|Rillaboom, L50, F|100/100|[from] Parting Shot\n|-fieldstart|move: Grassy Terrain|[from] ability: Grassy Surge|[of] p2b: Rillaboom\n|\n|-weather|RainDance|[upkeep]\n|upkeep\n|turn|2\n|\n|t:|1746057907\n|switch|p2a: Incineroar|Incineroar, L50, F, tera:Grass|100/100\n|-ability|p2a: Incineroar|Intimidate|boost\n|-unboost|p1a: Zacian|atk|1\n|-unboost|p1b: Tsareena|atk|1\n|move|p1b: Tsareena|Helping Hand|p1a: Zacian\n|-singleturn|p1a: Zacian|Helping Hand|[of] p1b: Tsareena\n|move|p1a: Zacian|Play Rough|p2a: Incineroar\n|-damage|p2a: Incineroar|59/100\n|move|p2b: Rillaboom|Wood Hammer|p1a: Zacian\n|-resisted|p1a: Zacian\n|-damage|p1a: Zacian|74/100\n|-damage|p2b: Rillaboom|93/100|[from] Recoil\n|\n|-weather|RainDance|[upkeep]\n|-heal|p1a: Zacian|80/100|[from] Grassy Terrain\n|-heal|p2b: Rillaboom|99/100|[from] Grassy Terrain\n|-heal|p2a: Incineroar|65/100|[from] Grassy Terrain\n|upkeep\n|turn|3\n|\n|t:|1746057926\n|switch|p1a: Kyogre|Kyogre, L50|100/100\n|move|p1b: Tsareena|Taunt|p2a: Incineroar\n|-start|p2a: Incineroar|move: Taunt\n|move|p2b: Rillaboom|High Horsepower|p1a: Kyogre\n|-damage|p1a: Kyogre|74/100\n|move|p2a: Incineroar|Knock Off|p1b: Tsareena\n|-damage|p1b: Tsareena|55/100\n|-enditem|p1b: Tsareena|Wide Lens|[from] move: Knock Off|[of] p2a: Incineroar\n|\n|-weather|RainDance|[upkeep]\n|-heal|p1b: Tsareena|61/100|[from] Grassy Terrain\n|-heal|p1a: Kyogre|80/100|[from] Grassy Terrain\n|-heal|p2b: Rillaboom|100/100|[from] Grassy Terrain\n|-heal|p2a: Incineroar|71/100|[from] Grassy Terrain\n|upkeep\n|turn|4\n|\n|t:|1746057951\n|switch|p2a: Reshiram|Reshiram, L50|100/100\n|-ability|p2a: Reshiram|Turboblaze\n|move|p1b: Tsareena|Triple Axel|p2b: Rillaboom|[miss]\n|-miss|p1b: Tsareena|p2b: Rillaboom\n|move|p1a: Kyogre|Ice Beam|p2a: Reshiram\n|-damage|p2a: Reshiram|69/100\n|move|p2b: Rillaboom|Wood Hammer|p1a: Kyogre\n|-supereffective|p1a: Kyogre\n|-damage|p1a: Kyogre|0 fnt\n|faint|p1a: Kyogre\n|-damage|p2b: Rillaboom|74/100|[from] Recoil\n|\n|-weather|RainDance|[upkeep]\n|-heal|p2a: Reshiram|75/100|[from] Grassy Terrain\n|-heal|p1b: Tsareena|67/100|[from] Grassy Terrain\n|-heal|p2b: Rillaboom|80/100|[from] Grassy Terrain\n|upkeep\n|\n|t:|1746057964\n|switch|p1a: Zacian|Zacian-Crowned, L50|80/100\n|turn|5\n|inactive|Dylax has 30 seconds left.\n|\n|t:|1746057989\n|switch|p2b: Incineroar|Incineroar, L50, F, tera:Grass|71/100\n|-ability|p2b: Incineroar|Intimidate|boost\n|-unboost|p1a: Zacian|atk|1\n|-unboost|p1b: Tsareena|atk|1\n|move|p2a: Reshiram|Earth Power|p1a: Zacian\n|-supereffective|p1a: Zacian\n|-damage|p1a: Zacian|15/100\n|move|p1a: Zacian|Play Rough|p2a: Reshiram\n|-damage|p2a: Reshiram|44/100\n|move|p1b: Tsareena|Triple Axel|p2a: Reshiram\n|-damage|p2a: Reshiram|41/100\n|-damage|p2a: Reshiram|36/100\n|-damage|p2a: Reshiram|29/100\n|-hitcount|p2a: Reshiram|3\n|\n|-weather|none\n|-heal|p2a: Reshiram|35/100|[from] Grassy Terrain\n|-heal|p1a: Zacian|21/100|[from] Grassy Terrain\n|-heal|p1b: Tsareena|72/100|[from] Grassy Terrain\n|-heal|p2b: Incineroar|77/100|[from] Grassy Terrain\n|-fieldend|move: Grassy Terrain\n|upkeep\n|turn|6\n|\n|t:|1746058009\n|move|p1b: Tsareena|Helping Hand|p1a: Zacian\n|-singleturn|p1a: Zacian|Helping Hand|[of] p1b: Tsareena\n|move|p2a: Reshiram|Earth Power|p1a: Zacian\n|-supereffective|p1a: Zacian\n|-damage|p1a: Zacian|0 fnt\n|faint|p1a: Zacian\n|move|p2b: Incineroar|Flare Blitz|p1b: Tsareena\n|-supereffective|p1b: Tsareena\n|-damage|p1b: Tsareena|0 fnt\n|faint|p1b: Tsareena\n|-damage|p2b: Incineroar|58/100|[from] Recoil\n|\n|upkeep\n|\n|t:|1746058014\n|switch|p1b: Chien-Pao|Chien-Pao, L50|100/100\n|-ability|p1b: Chien-Pao|Sword of Ruin\n|turn|7\n|\n|t:|1746058021\n|move|p2a: Reshiram|Earth Power|p1b: Chien-Pao\n|-damage|p1b: Chien-Pao|42/100\n|move|p1b: Chien-Pao|Ice Spinner|p2b: Incineroar\n|-supereffective|p2b: Incineroar\n|-damage|p2b: Incineroar|0 fnt\n|faint|p2b: Incineroar\n|\n|upkeep\n|\n|t:|1746058025\n|switch|p2b: Zekrom|Zekrom, L50|100/100\n|-ability|p2b: Zekrom|Teravolt\n|turn|8\n|\n|t:|1746058029\n|move|p1b: Chien-Pao|Sucker Punch|p2a: Reshiram\n|-damage|p2a: Reshiram|0 fnt\n|faint|p2a: Reshiram\n|move|p2b: Zekrom|Fusion Bolt|p1b: Chien-Pao\n|-damage|p1b: Chien-Pao|0 fnt\n|faint|p1b: Chien-Pao\n|\n|win|jalo3705\n||Dylax is ready for game 2.\n|inactive|jalo3705 has 30 seconds to confirm battle start!\n||jalo3705 is ready for game 2.\n|uhtml|next|Next: <a href=\"/battle-gen9vgc2025regibo3-2354329337\"><strong>Game 2 of 3</strong></a>\n", "uploadtime": 1746058337, "views": 7, "formatid": "gen9vgc2025regibo3", "rating": null, "private": 0, "password": null}