{"id": "gen9vgc2025regibo3-2354359607", "format": "[Gen 9] VGC 2025 Reg I (Bo3)", "players": ["ImClarenceClaymore", "FIGHT ON STARMAN"], "log": "|j|\u2606ImClarenceClaymore\n|j|\u2606FIGHT ON STARMAN\n|html|<table width=\"100%\"><tr><td align=\"left\">ImClarenceClaymore</td><td align=\"right\">FIGHT ON STARMAN</tr><tr><td align=\"left\"><i class=\"fa fa-circle-o\"></i> <i class=\"fa fa-circle-o\"></i> </td><td align=\"right\"><i class=\"fa fa-circle-o\"></i> <i class=\"fa fa-circle\"></i> </tr></table>\n|uhtml|bestof|<h2><strong>Game 2</strong> of <a href=\"/game-bestof3-gen9vgc2025regibo3-2354355944\">a best-of-3</a></h2>\n|t:|1746061715\n|gametype|doubles\n|player|p1|ImClarenceClaymore|pokemaniac|1184\n|player|p2|FIGHT ON STARMAN|lucas|1171\n|teamsize|p1|6\n|teamsize|p2|6\n|gen|9\n|tier|[Gen 9] VGC 2025 Reg I (Bo3)\n|rated|\n|rule|Species Clause: Limit one of each Pok\u00e9mon\n|rule|Item Clause: Limit 1 of each item\n|clearpoke\n|poke|p1|Zamazenta-*, L50|\n|poke|p1|Calyrex-Shadow, L50|\n|poke|p1|Urshifu-*, L50, M|\n|poke|p1|Volcarona, L50, M|\n|poke|p1|Rillaboom, L50, F|\n|poke|p1|Whimsicott, L50, F|\n|poke|p2|Calyrex-Ice, L50|\n|poke|p2|Ho-Oh, L50|\n|poke|p2|Rillaboom, L50, M|\n|poke|p2|Samurott-Hisui, L50, M|\n|poke|p2|Landorus, L50, M|\n|poke|p2|Ogerpon-Cornerstone, L50, F|\n|teampreview|4\n|showteam|p1|Zamazenta-Crowned||RustedShield|DauntlessShield|Protect,BodyPress,behemothbash,WideGuard||||||50|,,,,,Dragon]Calyrex-Shadow||LifeOrb|AsOneSpectrier|Protect,AstralBarrage,PollenPuff,Psyshock||||||50|,,,,,Dark]Urshifu-Rapid-Strike||FocusSash|UnseenFist|Detect,SurgingStrikes,CloseCombat,Taunt|||M|||50|,,,,,Water]Volcarona||Leftovers|FlameBody|RagePowder,StruggleBug,WillOWisp,Overheat|||M|||50|,,,,,Water]Rillaboom||AssaultVest|GrassySurge|KnockOff,GrassyGlide,Uturn,FakeOut|||F|||50|,,,,,Fire]Whimsicott||CovertCloak|Prankster|Moonblast,Tailwind,Encore,LightScreen|||F|||50|,,,,,Dark\n|showteam|p2|Calyrex-Ice||ClearAmulet|AsOneGlastrier|GlacialLance,CloseCombat,TrickRoom,Protect||||||50|,,,,,Water]Ho-Oh||CovertCloak|Regenerator|SacredFire,BraveBird,Tailwind,Protect||||||50|,,,,,Grass]Rillaboom||AssaultVest|GrassySurge|FakeOut,GrassyGlide,WoodHammer,Uturn|||M|||50|,,,,,Fire]Samurott-Hisui||WhiteHerb|Sharpness|CeaselessEdge,AquaCutter,SacredSword,Protect|||M|||50|,,,,,Ghost]Landorus||LifeOrb|SheerForce|EarthPower,SludgeBomb,SandsearStorm,Protect|||M|||50|,,,,,Poison]Ogerpon-Cornerstone||CornerstoneMask|Sturdy|IvyCudgel,PowerWhip,SpikyShield,FollowMe|||F|||50|,,,,,Rock\n|inactive|Battle timer is ON: inactive players will automatically lose when time's up. (requested by FIGHT ON STARMAN)\n|inactive|FIGHT ON STARMAN has 60 seconds left.\n|\n|t:|1746061842\n|start\n|switch|p1a: Volcarona|Volcarona, L50, M|100/100\n|switch|p1b: Urshifu|Urshifu-Rapid-Strike, L50, M|100/100\n|switch|p2a: Ho-Oh|Ho-Oh, L50|100/100\n|switch|p2b: Rillaboom|Rillaboom, L50, M|100/100\n|-fieldstart|move: Grassy Terrain|[from] ability: Grassy Surge|[of] p2b: Rillaboom\n|turn|1\n|inactive|ImClarenceClaymore has 30 seconds left.\n|inactive|FIGHT ON STARMAN has 30 seconds left.\n|inactive|ImClarenceClaymore has 20 seconds left.\n|\n|t:|1746061880\n|move|p1b: Urshifu|Detect|p1b: Urshifu\n|-singleturn|p1b: Urshifu|Protect\n|move|p2b: Rillaboom|Fake Out|p1b: Urshifu\n|-activate|p1b: Urshifu|move: Protect\n|move|p1a: Volcarona|Will-O-Wisp|p2b: Rillaboom\n|-status|p2b: Rillaboom|brn\n|move|p2a: Ho-Oh|Tailwind|p2a: Ho-Oh\n|-sidestart|p2: FIGHT ON STARMAN|move: Tailwind\n|\n|-damage|p2b: Rillaboom|95/100 brn|[from] brn\n|upkeep\n|turn|2\n|\n|t:|1746061902\n|-terastallize|p2a: Ho-Oh|Grass\n|move|p2b: Rillaboom|Wood Hammer|p1b: Urshifu\n|-supereffective|p1b: Urshifu\n|-damage|p1b: Urshifu|32/100\n|-damage|p2b: Rillaboom|75/100 brn|[from] Recoil\n|move|p2a: Ho-Oh|Brave Bird|p1a: Volcarona\n|-supereffective|p1a: Volcarona\n|-damage|p1a: Volcarona|0 fnt\n|-status|p2a: Ho-Oh|brn|[from] ability: Flame Body|[of] p1a: Volcarona\n|faint|p1a: Volcarona\n|-damage|p2a: Ho-Oh|71/100 brn|[from] Recoil\n|move|p1b: Urshifu|Surging Strikes|p2a: Ho-Oh\n|-resisted|p2a: Ho-Oh\n|-crit|p2a: Ho-Oh\n|-damage|p2a: Ho-Oh|61/100 brn\n|-resisted|p2a: Ho-Oh\n|-crit|p2a: Ho-Oh\n|-damage|p2a: Ho-Oh|51/100 brn\n|-resisted|p2a: Ho-Oh\n|-crit|p2a: Ho-Oh\n|-damage|p2a: Ho-Oh|41/100 brn\n|-hitcount|p2a: Ho-Oh|3\n|\n|-heal|p2b: Rillaboom|81/100 brn|[from] Grassy Terrain\n|-heal|p2a: Ho-Oh|47/100 brn|[from] Grassy Terrain\n|-heal|p1b: Urshifu|38/100|[from] Grassy Terrain\n|-damage|p2b: Rillaboom|75/100 brn|[from] brn\n|-damage|p2a: Ho-Oh|41/100 brn|[from] brn\n|upkeep\n|inactive|ImClarenceClaymore has 30 seconds left.\n|\n|t:|1746061930\n|switch|p1a: Rillaboom|Rillaboom, L50, F, shiny|100/100\n|turn|3\n|inactive|ImClarenceClaymore has 30 seconds left.\n|inactive|FIGHT ON STARMAN has 30 seconds left.\n|\n|t:|1746061965\n|move|p2b: Rillaboom|U-turn|p1a: Rillaboom\n|-supereffective|p1a: Rillaboom\n|-damage|p1a: Rillaboom|79/100\n|\n|t:|1746061973\n|switch|p2b: Ogerpon|Ogerpon-Cornerstone, L50, F|100/100|[from] U-turn\n|move|p2a: Ho-Oh|Brave Bird|p1b: Urshifu\n|-supereffective|p1b: Urshifu\n|-damage|p1b: Urshifu|0 fnt\n|faint|p1b: Urshifu\n|-damage|p2a: Ho-Oh|31/100 brn|[from] Recoil\n|move|p1a: Rillaboom|U-turn|p2b: Ogerpon\n|-supereffective|p2b: Ogerpon\n|-damage|p2b: Ogerpon|41/100\n|\n|t:|1746061986\n|switch|p1a: Calyrex|Calyrex-Shadow, L50|100/100|[from] U-turn\n|-ability|p1a: Calyrex|As One\n|-ability|p1a: Calyrex|Unnerve\n|\n|-heal|p2b: Ogerpon|47/100|[from] Grassy Terrain\n|-heal|p2a: Ho-Oh|37/100 brn|[from] Grassy Terrain\n|-damage|p2a: Ho-Oh|31/100 brn|[from] brn\n|upkeep\n|\n|t:|1746061996\n|switch|p1b: Rillaboom|Rillaboom, L50, F, shiny|79/100\n|turn|4\n|\n|t:|1746062016\n|switch|p2a: Rillaboom|Rillaboom, L50, M|75/100 brn\n|move|p2b: Ogerpon|Spiky Shield|p2b: Ogerpon\n|-singleturn|p2b: Ogerpon|move: Protect\n|move|p1b: Rillaboom|Fake Out|p2b: Ogerpon\n|-activate|p2b: Ogerpon|move: Protect\n|-damage|p1b: Rillaboom|66/100|[from] Spiky Shield|[of] p2b: Ogerpon\n|move|p1a: Calyrex|Astral Barrage|p2b: Ogerpon|[spread] p2a\n|-activate|p2b: Ogerpon|move: Protect\n|-damage|p2a: Rillaboom|24/100 brn\n|-damage|p1a: Calyrex|91/100|[from] item: Life Orb\n|\n|-heal|p2b: Ogerpon|53/100|[from] Grassy Terrain\n|-heal|p2a: Rillaboom|29/100 brn|[from] Grassy Terrain\n|-heal|p1a: Calyrex|97/100|[from] Grassy Terrain\n|-heal|p1b: Rillaboom|72/100|[from] Grassy Terrain\n|-damage|p2a: Rillaboom|24/100 brn|[from] brn\n|-sideend|p2: FIGHT ON STARMAN|move: Tailwind\n|upkeep\n|turn|5\n|inactive|ImClarenceClaymore has 30 seconds left.\n|inactive|ImClarenceClaymore has 20 seconds left.\n|\n|t:|1746062055\n|move|p1a: Calyrex|Protect|p1a: Calyrex\n|-singleturn|p1a: Calyrex|Protect\n|move|p2a: Rillaboom|Fake Out|p1b: Rillaboom\n|-damage|p1b: Rillaboom|66/100\n|cant|p1b: Rillaboom|flinch\n|move|p2b: Ogerpon|Power Whip|p1a: Calyrex\n|-activate|p1a: Calyrex|move: Protect\n|\n|-heal|p1a: Calyrex|100/100|[from] Grassy Terrain\n|-heal|p2b: Ogerpon|59/100|[from] Grassy Terrain\n|-heal|p2a: Rillaboom|29/100 brn|[from] Grassy Terrain\n|-heal|p1b: Rillaboom|72/100|[from] Grassy Terrain\n|-damage|p2a: Rillaboom|24/100 brn|[from] brn\n|-fieldend|move: Grassy Terrain\n|upkeep\n|turn|6\n|\n|t:|1746062079\n|switch|p2a: Ho-Oh|Ho-Oh, L50, tera:Grass|64/100 brn\n|move|p2b: Ogerpon|Spiky Shield|p2b: Ogerpon\n|-singleturn|p2b: Ogerpon|move: Protect\n|move|p1a: Calyrex|Astral Barrage|p2a: Ho-Oh|[spread] p2a\n|-activate|p2b: Ogerpon|move: Protect\n|-damage|p2a: Ho-Oh|28/100 brn\n|-damage|p1a: Calyrex|91/100|[from] item: Life Orb\n|move|p1b: Rillaboom|Knock Off|p2b: Ogerpon\n|-activate|p2b: Ogerpon|move: Protect\n|-damage|p1b: Rillaboom|60/100|[from] Spiky Shield|[of] p2b: Ogerpon\n|\n|-damage|p2a: Ho-Oh|22/100 brn|[from] brn\n|upkeep\n|turn|7\n|inactive|ImClarenceClaymore has 30 seconds left.\n|inactive|FIGHT ON STARMAN has 30 seconds left.\n|inactive|FIGHT ON STARMAN has 20 seconds left.\n|inactive|FIGHT ON STARMAN has 15 seconds left.\n|\n|t:|1746062123\n|switch|p2a: Landorus|Landorus, L50, M|100/100\n|move|p1a: Calyrex|Astral Barrage|p2b: Ogerpon|[spread] p2a,p2b\n|-damage|p2a: Landorus|5/100\n|-damage|p2b: Ogerpon|0 fnt\n|faint|p2b: Ogerpon\n|-ability|p1a: Calyrex|Grim Neigh|boost\n|-boost|p1a: Calyrex|spa|1\n|-damage|p1a: Calyrex|81/100|[from] item: Life Orb\n|move|p1b: Rillaboom|Knock Off|p2a: Landorus\n|-damage|p2a: Landorus|0 fnt\n|-enditem|p2a: Landorus|Life Orb|[from] move: Knock Off|[of] p1b: Rillaboom\n|faint|p2a: Landorus\n|\n|upkeep\n|\n|t:|1746062124\n|switch|p2b: Ho-Oh|Ho-Oh, L50, tera:Grass|55/100 brn\n|switch|p2a: Rillaboom|Rillaboom, L50, M|24/100 brn\n|-fieldstart|move: Grassy Terrain|[from] ability: Grassy Surge|[of] p2a: Rillaboom\n|turn|8\n|-message|FIGHT ON STARMAN forfeited.\n|\n|win|ImClarenceClaymore\n||FIGHT ON STARMAN is ready for game 3.\n|inactive|ImClarenceClaymore has 30 seconds to confirm battle start!\n|inactive|ImClarenceClaymore has 20 seconds to confirm battle start!\n||ImClarenceClaymore is ready for game 3.\n|uhtml|next|Next: <a href=\"/battle-gen9vgc2025regibo3-2354363175\"><strong>Game 3 of 3</strong></a>\n", "uploadtime": 1746062462, "views": 8, "formatid": "gen9vgc2025regibo3", "rating": null, "private": 0, "password": null}