{"id": "gen9vgc2025regibo3-2354469161", "format": "[Gen 9] VGC 2025 Reg I (Bo3)", "players": ["ExessVGC", "vidhay"], "log": "|j|\u2606ExessVGC\n|j|\u2606vidhay\n|html|<table width=\"100%\"><tr><td align=\"left\">ExessVGC</td><td align=\"right\">vidhay</tr><tr><td align=\"left\"><i class=\"fa fa-circle-o\"></i> <i class=\"fa fa-circle-o\"></i> </td><td align=\"right\"><i class=\"fa fa-circle-o\"></i> <i class=\"fa fa-circle\"></i> </tr></table>\n|uhtml|bestof|<h2><strong>Game 2</strong> of <a href=\"/game-bestof3-gen9vgc2025regibo3-2354467522\">a best-of-3</a></h2>\n|t:|1746076551\n|gametype|doubles\n|player|p1|ExessVGC|169|1188\n|player|p2|vidhay|101|1053\n|teamsize|p1|6\n|teamsize|p2|6\n|gen|9\n|tier|[Gen 9] VGC 2025 Reg I (Bo3)\n|rated|\n|rule|Species Clause: Limit one of each Pok\u00e9mon\n|rule|Item Clause: Limit 1 of each item\n|clearpoke\n|poke|p1|Necrozma-Dawn-Wings, L50|\n|poke|p1|Tyranitar, L50, F|\n|poke|p1|Calyrex-Ice, L50|\n|poke|p1|Indeedee-F, L50, F|\n|poke|p1|Excadrill, L50, F|\n|poke|p1|Cresselia, L50, F|\n|poke|p2|Ditto, L50|\n|poke|p2|Calyrex-Shadow, L50|\n|poke|p2|Clefairy, L50, M|\n|poke|p2|Terapagos, L50, M|\n|poke|p2|Flutter Mane, L50|\n|poke|p2|Urshifu-*, L50, M|\n|teampreview|4\n|showteam|p1|Necrozma-Dawn-Wings||PsychicSeed|PrismArmor|TrickRoom,PowerGem,ExpandingForce,MoongeistBeam||||||50|,,,,,Rock]Tyranitar||IronBall|SandStream|Protect,Fling,RockSlide,KnockOff|||F|||50|,,,,,Dark]Calyrex-Ice||ClearAmulet|AsOneGlastrier|Protect,TrickRoom,GlacialLance,HighHorsepower||||||50|,,,,,Water]Indeedee-F||SafetyGoggles|PsychicSurge|HelpingHand,TrickRoom,FollowMe,DazzlingGleam|||F|||50|,,,,,Fairy]Excadrill||AssaultVest|SandForce|IronHead,HighHorsepower,Earthquake,RockSlide|||F|||50|,,,,,Water]Cresselia||MentalHerb|Levitate|TrickRoom,HelpingHand,LunarBlessing,Moonblast|||F|||50|,,,,,Dark\n|showteam|p2|Ditto||ChoiceScarf|Imposter|Transform||||||50|,,,,,Stellar]Calyrex-Shadow||ChoiceSpecs|AsOneSpectrier|Psyshock,TeraBlast,DrainingKiss,AstralBarrage||||||50|,,,,,Stellar]Clefairy||Eviolite|FriendGuard|AfterYou,Protect,FollowMe,HelpingHand|||M|||50|,,,,,Steel]Terapagos||Leftovers|TeraShift|CalmMind,TeraStarstorm,Protect,EarthPower|||M|||50|,,,,,Stellar]Flutter Mane||BoosterEnergy|Protosynthesis|DazzlingGleam,ShadowBall,IcyWind,Protect||||||50|,,,,,Fairy]Urshifu||FocusSash|UnseenFist|WickedBlow,SuckerPunch,CloseCombat,Protect|||M|||50|,,,,,Dark\n|inactive|Battle timer is ON: inactive players will automatically lose when time's up. (requested by vidhay)\n|j| Nocturne1023\n|\n|t:|1746076578\n|start\n|switch|p1a: Necrozma|Necrozma-Dawn-Wings, L50|100/100\n|switch|p1b: Indeedee|Indeedee-F, L50, F|100/100\n|switch|p2a: Calyrex|Calyrex-Shadow, L50|100/100\n|switch|p2b: Urshifu|Urshifu, L50, M|100/100\n|-ability|p2a: Calyrex|As One\n|-ability|p2a: Calyrex|Unnerve\n|-fieldstart|move: Psychic Terrain|[from] ability: Psychic Surge|[of] p1b: Indeedee\n|-enditem|p1a: Necrozma|Psychic Seed\n|-boost|p1a: Necrozma|spd|1|[from] item: Psychic Seed\n|turn|1\n|\n|t:|1746076594\n|-terastallize|p1a: Necrozma|Rock\n|move|p1b: Indeedee|Follow Me|p1b: Indeedee\n|-singleturn|p1b: Indeedee|move: Follow Me\n|move|p2a: Calyrex|Psyshock|p1b: Indeedee\n|-resisted|p1b: Indeedee\n|-damage|p1b: Indeedee|50/100\n|move|p2b: Urshifu|Wicked Blow|p1b: Indeedee\n|-supereffective|p1b: Indeedee\n|-crit|p1b: Indeedee\n|-damage|p1b: Indeedee|0 fnt\n|faint|p1b: Indeedee\n|move|p1a: Necrozma|Trick Room|p1a: Necrozma\n|-fieldstart|move: Trick Room|[of] p1a: Necrozma\n|\n|upkeep\n|\n|t:|1746076604\n|switch|p1b: Calyrex|Calyrex-Ice, L50|100/100\n|-ability|p1b: Calyrex|As One\n|-ability|p1b: Calyrex|Unnerve\n|turn|2\n|inactive|vidhay has 30 seconds left.\n|\n|t:|1746076638\n|move|p2b: Urshifu|Protect|p2b: Urshifu\n|-singleturn|p2b: Urshifu|Protect\n|move|p1b: Calyrex|Glacial Lance|p2b: Urshifu|[spread] p2a\n|-activate|p2b: Urshifu|move: Protect\n|-damage|p2a: Calyrex|27/100\n|move|p1a: Necrozma|Moongeist Beam|p2b: Urshifu\n|-activate|p2b: Urshifu|move: Protect\n|move|p2a: Calyrex|Psyshock|p1a: Necrozma\n|-damage|p1a: Necrozma|21/100\n|\n|upkeep\n|turn|3\n|\n|t:|1746076656\n|move|p2b: Urshifu|Sucker Punch|p1a: Necrozma\n|-activate|p1a: Necrozma|move: Psychic Terrain\n|move|p1b: Calyrex|Glacial Lance|p2a: Calyrex|[spread] p2a,p2b\n|-damage|p2a: Calyrex|0 fnt\n|-damage|p2b: Urshifu|46/100\n|faint|p2a: Calyrex\n|-ability|p1b: Calyrex|Chilling Neigh|boost\n|-boost|p1b: Calyrex|atk|1\n|move|p1a: Necrozma|Moongeist Beam|p2b: Urshifu\n|-resisted|p2b: Urshifu\n|-crit|p2b: Urshifu\n|-damage|p2b: Urshifu|0 fnt\n|faint|p2b: Urshifu\n|\n|upkeep\n|\n|t:|1746076666\n|switch|p2b: Terapagos|Terapagos, L50, M|100/100\n|switch|p2a: Clefairy|Clefairy, L50, M|100/100\n|-activate|p2b: Terapagos|ability: Tera Shift\n|detailschange|p2b: Terapagos|Terapagos-Terastal, L50, M\n|-heal|p2b: Terapagos|100/100|[silent]\n|turn|4\n|\n|t:|1746076684\n|move|p2a: Clefairy|Protect|p2a: Clefairy\n|-singleturn|p2a: Clefairy|Protect\n|move|p1b: Calyrex|Glacial Lance|p2b: Terapagos|[spread] p2b\n|-activate|p2a: Clefairy|move: Protect\n|-activate|p2b: Terapagos|ability: Tera Shell\n|-resisted|p2b: Terapagos\n|-damage|p2b: Terapagos|79/100\n|move|p1a: Necrozma|Expanding Force|p2a: Clefairy|[spread] p2b\n|-activate|p2a: Clefairy|move: Protect\n|-damage|p2b: Terapagos|29/100\n|move|p2b: Terapagos|Calm Mind|p2b: Terapagos\n|-boost|p2b: Terapagos|spa|1\n|-boost|p2b: Terapagos|spd|1\n|\n|-heal|p2b: Terapagos|35/100|[from] item: Leftovers\n|upkeep\n|turn|5\n|inactive|vidhay has 30 seconds left.\n|\n|t:|1746076711\n|-terastallize|p2b: Terapagos|Stellar\n|detailschange|p2b: Terapagos|Terapagos-Stellar, L50, M, tera:Stellar\n|-heal|p2b: Terapagos|51/100|[silent]\n|-ability|p2b: Terapagos|Teraform Zero\n|-fieldend|move: Psychic Terrain\n|move|p2a: Clefairy|After You|p2b: Terapagos\n|-activate|p2b: Terapagos|move: After You\n|move|p2b: Terapagos|Tera Starstorm|p1b: Calyrex|[spread] p1a,p1b\n|-supereffective|p1a: Necrozma\n|-damage|p1a: Necrozma|0 fnt\n|-damage|p1b: Calyrex|66/100\n|faint|p1a: Necrozma\n|move|p1b: Calyrex|Trick Room|p1b: Calyrex\n|-fieldend|move: Trick Room\n|\n|-heal|p2b: Terapagos|57/100|[from] item: Leftovers\n|upkeep\n|\n|t:|1746076715\n|switch|p1a: Tyranitar|Tyranitar, L50, F|100/100\n|-weather|Sandstorm|[from] ability: Sand Stream|[of] p1a: Tyranitar\n|turn|6\n|\n|t:|1746076738\n|move|p2a: Clefairy|Follow Me|p2a: Clefairy\n|-singleturn|p2a: Clefairy|move: Follow Me\n|move|p2b: Terapagos|Tera Starstorm|p1b: Calyrex|[spread] p1a,p1b\n|-damage|p1a: Tyranitar|67/100\n|-damage|p1b: Calyrex|29/100\n|move|p1b: Calyrex|Glacial Lance|p2a: Clefairy|[spread] p2a,p2b\n|-damage|p2a: Clefairy|28/100\n|-damage|p2b: Terapagos|23/100\n|move|p1a: Tyranitar|Rock Slide|p2b: Terapagos|[spread] p2a,p2b\n|-damage|p2a: Clefairy|0 fnt\n|-damage|p2b: Terapagos|9/100\n|faint|p2a: Clefairy\n|\n|-weather|Sandstorm|[upkeep]\n|-damage|p2b: Terapagos|3/100|[from] Sandstorm\n|-damage|p1b: Calyrex|23/100|[from] Sandstorm\n|-heal|p2b: Terapagos|9/100|[from] item: Leftovers\n|upkeep\n|turn|7\n|\n|t:|1746076760\n|move|p2b: Terapagos|Tera Starstorm|p1a: Tyranitar|[spread] p1a,p1b\n|-damage|p1a: Tyranitar|34/100\n|-damage|p1b: Calyrex|0 fnt\n|faint|p1b: Calyrex\n|move|p1a: Tyranitar|Knock Off|p2b: Terapagos\n|-damage|p2b: Terapagos|0 fnt\n|-enditem|p2b: Terapagos|Leftovers|[from] move: Knock Off|[of] p1a: Tyranitar\n|faint|p2b: Terapagos\n|\n|win|ExessVGC\n|l|\u2606ExessVGC\n|player|p1|\n||vidhay is ready for game 3.\n||ExessVGC is ready for game 3.\n|uhtml|next|Next: <a href=\"/battle-gen9vgc2025regibo3-2354470367\"><strong>Game 3 of 3</strong></a>\n|l|\u2606vidhay\n|player|p2|\n", "uploadtime": 1746077033, "views": 7, "formatid": "gen9vgc2025regibo3", "rating": null, "private": 0, "password": null}