{"id": "gen9vgc2025regibo3-2354495849", "format": "[Gen 9] VGC 2025 Reg I (Bo3)", "players": ["IamMoiBoi", "M0Rl"], "log": "|j|\u2606IamMoiBoi\n|j|\u2606M0Rl\n|html|<table width=\"100%\"><tr><td align=\"left\">IamMoiBoi</td><td align=\"right\">M0Rl</tr><tr><td align=\"left\"><i class=\"fa fa-circle-o\"></i> <i class=\"fa fa-circle-o\"></i> </td><td align=\"right\"><i class=\"fa fa-circle-o\"></i> <i class=\"fa fa-circle\"></i> </tr></table>\n|uhtml|bestof|<h2><strong>Game 2</strong> of <a href=\"/game-bestof3-gen9vgc2025regibo3-2354494104\">a best-of-3</a></h2>\n|t:|1746081660\n|gametype|doubles\n|player|p1|IamMoiBoi|red|\n|player|p2|M0Rl|pokemonrangerf|\n|teamsize|p1|6\n|teamsize|p2|6\n|gen|9\n|tier|[Gen 9] VGC 2025 Reg I (Bo3)\n|rule|Species Clause: Limit one of each Pok\u00e9mon\n|rule|Item Clause: Limit 1 of each item\n|clearpoke\n|poke|p1|Scream Tail, L50|\n|poke|p1|Ogerpon-Hearthflame, L50, F|\n|poke|p1|Primarina, L50, F|\n|poke|p1|Gothitelle, L50, F|\n|poke|p1|Indeedee-F, L50, F|\n|poke|p1|Toxapex, L50, F|\n|poke|p2|Lucario, L50, F|\n|poke|p2|Chi-Yu, L50|\n|poke|p2|Iron Hands, L50|\n|poke|p2|Arcanine-Hisui, L50, M|\n|poke|p2|Volcarona, L50, M|\n|poke|p2|Flareon, L50, F|\n|teampreview|4\n|showteam|p1|Scream Tail||BoosterEnergy|Protosynthesis|Encore,ExpandingForce,PerishSong,Protect||||||50|,,,,,Fairy]Ogerpon-Hearthflame||HearthflameMask|MoldBreaker|IvyCudgel,FollowMe,SpikyShield,Encore|||F|||50|,,,,,Fire]Primarina||ThroatSpray|LiquidVoice|HyperVoice,PerishSong,Moonblast,Protect|||F|||50|,,,,,Water]Gothitelle||Leftovers|ShadowTag|ExpandingForce,TrickRoom,Protect,Taunt|||F|||50|,,,,,Psychic]Indeedee-F||PsychicSeed|PsychicSurge|FollowMe,HelpingHand,FakeOut,TrickRoom|||F|||50|,,,,,Psychic]Toxapex||BlackSludge|Regenerator|BanefulBunker,Toxic,Infestation,Recover|||F|||50|,,,,,Poison\n|showteam|p2|Lucario||ChoiceScarf|InnerFocus|AuraSphere,BulletPunch,FocusBlast,Earthquake|||F|||50|,,,,,Fire]Chi-Yu||LifeOrb|BeadsofRuin|DarkPulse,LavaPlume,Overheat,Protect||||||50|,,,,,Fire]Iron Hands||BoosterEnergy|QuarkDrive|FakeOut,ThunderPunch,DrainPunch,IcePunch||||||50|,,,,,Grass]Arcanine-Hisui||ChoiceBand|Intimidate|ExtremeSpeed,FlameCharge,CloseCombat,PsychicFangs|||M|||50|,,,,,Steel]Volcarona||AbsorbBulb|FlameBody|Tailwind,Flamethrower,QuiverDance,Hurricane|||M|||50|,,,,,Bug]Flareon||ToxicOrb|Guts|SunnyDay,FireFang,FlareBlitz,Facade|||F|||50|,,,,,Water\n|\n|t:|1746081673\n|start\n|switch|p1a: Gothitelle|Gothitelle, L50, F|100/100\n|switch|p1b: Indeedee|Indeedee-F, L50, F, shiny|100/100\n|switch|p2a: Chi-Yu|Chi-Yu, L50|100/100\n|switch|p2b: Iron Hands|Iron Hands, L50|100/100\n|-ability|p2a: Chi-Yu|Beads of Ruin\n|-fieldstart|move: Psychic Terrain|[from] ability: Psychic Surge|[of] p1b: Indeedee\n|-enditem|p1b: Indeedee|Psychic Seed\n|-boost|p1b: Indeedee|spd|1|[from] item: Psychic Seed\n|-enditem|p2b: Iron Hands|Booster Energy\n|-activate|p2b: Iron Hands|ability: Quark Drive|[fromitem]\n|-start|p2b: Iron Hands|quarkdriveatk\n|turn|1\n|\n|t:|1746081703\n|switch|p1b: Primarina|Primarina, L50, F, shiny|100/100\n|move|p2a: Chi-Yu|Dark Pulse|p1a: Gothitelle\n|-supereffective|p1a: Gothitelle\n|-damage|p1a: Gothitelle|0 fnt\n|faint|p1a: Gothitelle\n|-damage|p2a: Chi-Yu|90/100|[from] item: Life Orb\n|move|p2b: Iron Hands|Drain Punch|p1b: Primarina\n|-resisted|p1b: Primarina\n|-damage|p1b: Primarina|64/100\n|\n|upkeep\n|\n|t:|1746081714\n|switch|p1a: Ogerpon|Ogerpon-Hearthflame, L50, F|100/100\n|-ability|p1a: Ogerpon|Mold Breaker\n|turn|2\n|\n|t:|1746081729\n|-terastallize|p1a: Ogerpon|Fire\n|detailschange|p1a: Ogerpon|Ogerpon-Hearthflame-Tera, L50, F, tera:Fire\n|-ability|p1a: Ogerpon|Embody Aspect (Hearthflame)|boost\n|-boost|p1a: Ogerpon|atk|1\n|move|p1b: Primarina|Protect|p1b: Primarina\n|-singleturn|p1b: Primarina|Protect\n|move|p1a: Ogerpon|Ivy Cudgel|p2b: Iron Hands|[anim] Ivy Cudgel Fire\n|-damage|p2b: Iron Hands|28/100\n|move|p2a: Chi-Yu|Dark Pulse|p1a: Ogerpon\n|-damage|p1a: Ogerpon|22/100\n|-damage|p2a: Chi-Yu|80/100|[from] item: Life Orb\n|move|p2b: Iron Hands|Thunder Punch|p1b: Primarina\n|-activate|p1b: Primarina|move: Protect\n|\n|upkeep\n|turn|3\n|\n|t:|1746081757\n|switch|p1b: Indeedee|Indeedee-F, L50, F, shiny|100/100\n|-end|p2b: Iron Hands|Quark Drive|[silent]\n|switch|p2b: Arcanine|Arcanine-Hisui, L50, M|100/100\n|-ability|p2b: Arcanine|Intimidate|boost\n|-unboost|p1a: Ogerpon|atk|1\n|-unboost|p1b: Indeedee|atk|1\n|move|p1a: Ogerpon|Ivy Cudgel|p2b: Arcanine|[anim] Ivy Cudgel Fire\n|-resisted|p2b: Arcanine\n|-damage|p2b: Arcanine|81/100\n|move|p2a: Chi-Yu|Lava Plume|p1a: Ogerpon|[spread] p2b,p1a,p1b\n|-resisted|p2b: Arcanine\n|-resisted|p1a: Ogerpon\n|-damage|p2b: Arcanine|61/100\n|-damage|p1a: Ogerpon|0 fnt\n|-damage|p1b: Indeedee|58/100\n|-status|p1b: Indeedee|brn\n|faint|p1a: Ogerpon\n|-damage|p2a: Chi-Yu|70/100|[from] item: Life Orb\n|\n|-damage|p1b: Indeedee|52/100 brn|[from] brn\n|upkeep\n|\n|t:|1746081775\n|switch|p1a: Primarina|Primarina, L50, F, shiny|64/100\n|turn|4\n|\n|t:|1746081787\n|move|p2b: Arcanine|Extreme Speed|p1a: Primarina\n|-activate|p1a: Primarina|move: Psychic Terrain\n|move|p1b: Indeedee|Follow Me|p1b: Indeedee\n|-singleturn|p1b: Indeedee|move: Follow Me\n|move|p2a: Chi-Yu|Dark Pulse|p1b: Indeedee\n|-supereffective|p1b: Indeedee\n|-crit|p1b: Indeedee\n|-damage|p1b: Indeedee|0 fnt\n|faint|p1b: Indeedee\n|-damage|p2a: Chi-Yu|60/100|[from] item: Life Orb\n|move|p1a: Primarina|Hyper Voice|p2a: Chi-Yu|[spread] p2a,p2b\n|-supereffective|p2a: Chi-Yu\n|-supereffective|p2b: Arcanine\n|-damage|p2a: Chi-Yu|0 fnt\n|-damage|p2b: Arcanine|0 fnt\n|faint|p2a: Chi-Yu\n|faint|p2b: Arcanine\n|-enditem|p1a: Primarina|Throat Spray\n|-boost|p1a: Primarina|spa|1|[from] item: Throat Spray\n|\n|upkeep\n|\n|t:|1746081802\n|switch|p2a: Iron Hands|Iron Hands, L50|28/100\n|switch|p2b: Flareon|Flareon, L50, F|100/100\n|turn|5\n|\n|t:|1746081831\n|move|p2b: Flareon|Facade|p1a: Primarina\n|-crit|p1a: Primarina\n|-damage|p1a: Primarina|19/100\n|move|p1a: Primarina|Hyper Voice|p2b: Flareon|[spread] p2a,p2b\n|-supereffective|p2b: Flareon\n|-damage|p2a: Iron Hands|0 fnt\n|-damage|p2b: Flareon|3/100\n|faint|p2a: Iron Hands\n|-end|p2a: Iron Hands|Quark Drive|[silent]\n|\n|-fieldend|move: Psychic Terrain\n|-status|p2b: Flareon|tox|[from] item: Toxic Orb\n|upkeep\n|turn|6\n|\n|t:|1746081851\n|move|p1a: Primarina|Protect|p1a: Primarina\n|-singleturn|p1a: Primarina|Protect\n|move|p2b: Flareon|Facade|p1a: Primarina\n|-activate|p1a: Primarina|move: Protect\n|\n|-damage|p2b: Flareon|0 fnt|[from] psn\n|faint|p2b: Flareon\n|\n|win|IamMoiBoi\n|inactive|IamMoiBoi has 30 seconds to confirm battle start!\n|inactive|M0Rl has 30 seconds to confirm battle start!\n||IamMoiBoi is ready for game 3.\n|inactive|M0Rl has 20 seconds to confirm battle start!\n||M0Rl is ready for game 3.\n|uhtml|next|Next: <a href=\"/battle-gen9vgc2025regibo3-2354496915\"><strong>Game 3 of 3</strong></a>\n|l|\u2606M0Rl\n|player|p2|\n", "uploadtime": 1746082189, "views": 23, "formatid": "gen9vgc2025regibo3", "rating": null, "private": 0, "password": null}