{"id": "gen9vgc2025regibo3-2354764405", "format": "[Gen 9] VGC 2025 Reg I (Bo3)", "players": ["FloH314", "WestyLiam"], "log": "|j|\u2606FloH314\n|j|\u2606WestyLiam\n|html|<table width=\"100%\"><tr><td align=\"left\">FloH314</td><td align=\"right\">WestyLiam</tr><tr><td align=\"left\"><i class=\"fa fa-circle-o\"></i> <i class=\"fa fa-circle-o\"></i> </td><td align=\"right\"><i class=\"fa fa-circle-o\"></i> <i class=\"fa fa-circle-o\"></i> </tr></table>\n|uhtml|bestof|<h2><strong>Game 1</strong> of <a href=\"/game-bestof3-gen9vgc2025regibo3-2354764404\">a best-of-3</a></h2>\n|t:|1746117733\n|gametype|doubles\n|player|p1|FloH314|169|1215\n|player|p2|WestyLiam|ingo|1332\n|teamsize|p1|6\n|teamsize|p2|6\n|gen|9\n|tier|[Gen 9] VGC 2025 Reg I (Bo3)\n|rated|\n|rule|Species Clause: Limit one of each Pok\u00e9mon\n|rule|Item Clause: Limit 1 of each item\n|clearpoke\n|poke|p1|Excadrill, L50, M|\n|poke|p1|Necrozma-Dawn-Wings, L50|\n|poke|p1|Tyranitar, L50, M|\n|poke|p1|Indeedee-F, L50, F|\n|poke|p1|Cresselia, L50, F|\n|poke|p1|Calyrex-Ice, L50|\n|poke|p2|Calyrex-Ice, L50|\n|poke|p2|Miraidon, L50|\n|poke|p2|Incineroar, L50, F|\n|poke|p2|Farigiraf, L50, F|\n|poke|p2|Urshifu-*, L50, F|\n|poke|p2|Iron Hands, L50|\n|teampreview|4\n|showteam|p1|Excadrill||AssaultVest|SandForce|IronHead,HighHorsepower,Earthquake,RockSlide|||M|||50|,,,,,Water]Necrozma-Dawn-Wings||PsychicSeed|PrismArmor|TrickRoom,PowerGem,ExpandingForce,MoongeistBeam||||||50|,,,,,Rock]Tyranitar||IronBall|SandStream|Fling,Protect,RockSlide,KnockOff|||M|||50|,,,,,Dark]Indeedee-F||SafetyGoggles|PsychicSurge|HelpingHand,TrickRoom,FollowMe,DazzlingGleam|||F|||50|,,,,,Fairy]Cresselia||MentalHerb|Levitate|TrickRoom,HelpingHand,LunarBlessing,Moonblast|||F|||50|,,,,,Dark]Calyrex-Ice||ClearAmulet|AsOneGlastrier|Protect,GlacialLance,HighHorsepower,TrickRoom||||||50|,,,,,Water\n|showteam|p2|Calyrex-Ice||ClearAmulet|AsOneGlastrier|GlacialLance,HighHorsepower,TrickRoom,Protect||||||50|,,,,,Water]Miraidon||ChoiceSpecs|HadronEngine|VoltSwitch,ElectroDrift,DracoMeteor,DazzlingGleam||||||50|,,,,,Fairy]Incineroar||RockyHelmet|Intimidate|FakeOut,KnockOff,WillOWisp,PartingShot|||F|||50|,,,,,Fairy]Farigiraf||ElectricSeed|ArmorTail|FoulPlay,PsychicNoise,TrickRoom,HelpingHand|||F|||50|,,,,,Dark]Urshifu-Rapid-Strike||ChoiceScarf|UnseenFist|SurgingStrikes,CloseCombat,Uturn,AquaJet|||F|||50|,,,,,Water]Iron Hands||AssaultVest|QuarkDrive|FakeOut,DrainPunch,LowKick,WildCharge||||||50|,,,,,Water\n|inactive|Battle timer is ON: inactive players will automatically lose when time's up. (requested by WestyLiam)\n|inactive|FloH314 has 60 seconds left.\n|\n|t:|1746117784\n|start\n|switch|p1a: Cresselia|Cresselia, L50, F|100/100\n|switch|p1b: Tyranitar|Tyranitar, L50, M|100/100\n|switch|p2a: Calyrex|Calyrex-Ice, L50|100/100\n|switch|p2b: Miraidon|Miraidon, L50|100/100\n|-ability|p2a: Calyrex|As One\n|-ability|p2a: Calyrex|Unnerve\n|-fieldstart|move: Electric Terrain|[from] ability: Hadron Engine|[of] p2b: Miraidon\n|-weather|Sandstorm|[from] ability: Sand Stream|[of] p1b: Tyranitar\n|turn|1\n|\n|t:|1746117801\n|-terastallize|p2a: Calyrex|Water\n|move|p2b: Miraidon|Electro Drift|p1a: Cresselia\n|-damage|p1a: Cresselia|8/100\n|move|p2a: Calyrex|Glacial Lance|p1b: Tyranitar|[spread] p1a,p1b\n|-damage|p1a: Cresselia|0 fnt\n|-damage|p1b: Tyranitar|54/100\n|faint|p1a: Cresselia\n|-ability|p2a: Calyrex|Chilling Neigh|boost\n|-boost|p2a: Calyrex|atk|1\n|move|p1b: Tyranitar|Fling|p2a: Calyrex\n|-damage|p2a: Calyrex|57/100\n|-enditem|p1b: Tyranitar|Iron Ball|[from] move: Fling\n|\n|-weather|Sandstorm|[upkeep]\n|-damage|p2b: Miraidon|94/100|[from] Sandstorm\n|-damage|p2a: Calyrex|51/100|[from] Sandstorm\n|upkeep\n|\n|t:|1746117824\n|switch|p1a: Excadrill|Excadrill, L50, M|100/100\n|turn|2\n|\n|t:|1746117834\n|switch|p2b: Incineroar|Incineroar, L50, F|100/100\n|-ability|p2b: Incineroar|Intimidate|boost\n|-unboost|p1a: Excadrill|atk|1\n|-unboost|p1b: Tyranitar|atk|1\n|move|p2a: Calyrex|Protect|p2a: Calyrex\n|-singleturn|p2a: Calyrex|Protect\n|move|p1b: Tyranitar|Protect|p1b: Tyranitar\n|-singleturn|p1b: Tyranitar|Protect\n|move|p1a: Excadrill|Earthquake|p2a: Calyrex|[spread] p2b\n|-activate|p1b: Tyranitar|move: Protect\n|-activate|p2a: Calyrex|move: Protect\n|-supereffective|p2b: Incineroar\n|-damage|p2b: Incineroar|46/100\n|\n|-weather|Sandstorm|[upkeep]\n|-damage|p2b: Incineroar|40/100|[from] Sandstorm\n|-damage|p2a: Calyrex|45/100|[from] Sandstorm\n|upkeep\n|turn|3\n|inactive|FloH314 has 30 seconds left.\n|\n|t:|1746117864\n|move|p2b: Incineroar|Fake Out|p1a: Excadrill\n|-resisted|p1a: Excadrill\n|-damage|p1a: Excadrill|94/100\n|cant|p1a: Excadrill|flinch\n|move|p1b: Tyranitar|Knock Off|p2a: Calyrex\n|-damage|p2a: Calyrex|21/100\n|-enditem|p2a: Calyrex|Clear Amulet|[from] move: Knock Off|[of] p1b: Tyranitar\n|move|p2a: Calyrex|Trick Room|p2a: Calyrex\n|-fieldstart|move: Trick Room|[of] p2a: Calyrex\n|\n|-weather|Sandstorm|[upkeep]\n|-damage|p2a: Calyrex|15/100|[from] Sandstorm\n|-damage|p2b: Incineroar|34/100|[from] Sandstorm\n|upkeep\n|turn|4\n|\n|t:|1746117883\n|switch|p1a: Calyrex|Calyrex-Ice, L50|100/100\n|-ability|p1a: Calyrex|As One\n|-ability|p1a: Calyrex|Unnerve\n|move|p1b: Tyranitar|Rock Slide|p2b: Incineroar|[spread] p2b\n|-miss|p1b: Tyranitar|p2a: Calyrex\n|-supereffective|p2b: Incineroar\n|-damage|p2b: Incineroar|1/100\n|move|p2a: Calyrex|Glacial Lance|p1a: Calyrex|[spread] p1a,p1b\n|-resisted|p1a: Calyrex\n|-damage|p1a: Calyrex|73/100\n|-damage|p1b: Tyranitar|0 fnt\n|faint|p1b: Tyranitar\n|-ability|p2a: Calyrex|Chilling Neigh|boost\n|-boost|p2a: Calyrex|atk|1\n|move|p2b: Incineroar|Parting Shot|p1a: Calyrex\n|-fail|p1a: Calyrex|unboost|[from] item: Clear Amulet|[of] p1a: Calyrex\n|\n|-weather|Sandstorm|[upkeep]\n|-damage|p1a: Calyrex|68/100|[from] Sandstorm\n|-damage|p2a: Calyrex|10/100|[from] Sandstorm\n|-damage|p2b: Incineroar|0 fnt|[from] Sandstorm\n|faint|p2b: Incineroar\n|upkeep\n|\n|t:|1746117902\n|switch|p1b: Excadrill|Excadrill, L50, M|94/100\n|switch|p2b: Iron Hands|Iron Hands, L50|100/100\n|-activate|p2b: Iron Hands|ability: Quark Drive\n|-start|p2b: Iron Hands|quarkdriveatk\n|turn|5\n|\n|t:|1746117924\n|move|p2b: Iron Hands|Fake Out|p1a: Calyrex\n|-damage|p1a: Calyrex|55/100\n|cant|p1a: Calyrex|flinch\n|move|p2a: Calyrex|Glacial Lance|p1b: Excadrill|[spread] p1a,p1b\n|-resisted|p1a: Calyrex\n|-damage|p1a: Calyrex|22/100\n|-damage|p1b: Excadrill|0 fnt\n|faint|p1b: Excadrill\n|-ability|p2a: Calyrex|Chilling Neigh|boost\n|-boost|p2a: Calyrex|atk|1\n|\n|-weather|none\n|-fieldend|move: Electric Terrain\n|-end|p2b: Iron Hands|Quark Drive\n|upkeep\n|turn|6\n|\n|t:|1746117939\n|move|p1a: Calyrex|Glacial Lance|p2b: Iron Hands|[spread] p2a,p2b\n|-resisted|p2a: Calyrex\n|-damage|p2a: Calyrex|0 fnt\n|-damage|p2b: Iron Hands|60/100\n|faint|p2a: Calyrex\n|-ability|p1a: Calyrex|Chilling Neigh|boost\n|-boost|p1a: Calyrex|atk|1\n|move|p2b: Iron Hands|Wild Charge|p1a: Calyrex\n|-damage|p1a: Calyrex|0 fnt\n|faint|p1a: Calyrex\n|-damage|p2b: Iron Hands|56/100|[from] Recoil\n|\n|win|WestyLiam\n||WestyLiam is ready for game 2.\n||FloH314 is ready for game 2.\n|uhtml|next|Next: <a href=\"/battle-gen9vgc2025regibo3-2354766794\"><strong>Game 2 of 3</strong></a>\n|l|\u2606FloH314\n|player|p1|\n|l|\u2606WestyLiam\n|player|p2|\n", "uploadtime": 1746118242, "views": 5, "formatid": "gen9vgc2025regibo3", "rating": null, "private": 0, "password": null}