{"id": "gen9vgc2025regibo3-2354892046", "format": "[Gen 9] VGC 2025 Reg I (Bo3)", "players": ["Danidelaserna20", "Vienna Vaporeons"], "log": "|j|\u2606Danidelaserna20\n|j|\u2606Vienna Vaporeons\n|html|<table width=\"100%\"><tr><td align=\"left\">Danidelaserna20</td><td align=\"right\">Vienna Vaporeons</tr><tr><td align=\"left\"><i class=\"fa fa-circle-o\"></i> <i class=\"fa fa-circle-o\"></i> </td><td align=\"right\"><i class=\"fa fa-circle-o\"></i> <i class=\"fa fa-circle-o\"></i> </tr></table>\n|uhtml|bestof|<h2><strong>Game 1</strong> of <a href=\"/game-bestof3-gen9vgc2025regibo3-2354892045\">a best-of-3</a></h2>\n|t:|1746129085\n|gametype|doubles\n|player|p1|Danidelaserna20|benga|1188\n|player|p2|Vienna Vaporeons|265|1230\n|teamsize|p1|6\n|teamsize|p2|6\n|gen|9\n|tier|[Gen 9] VGC 2025 Reg I (Bo3)\n|rated|\n|rule|Species Clause: Limit one of each Pok\u00e9mon\n|rule|Item Clause: Limit 1 of each item\n|clearpoke\n|poke|p1|Zacian-*, L50|\n|poke|p1|Rillaboom, L50, F|\n|poke|p1|Incineroar, L50, M|\n|poke|p1|Iron Valiant, L50|\n|poke|p1|Tornadus, L50, M|\n|poke|p1|Lunala, L50|\n|poke|p2|Zamazenta-*, L50|\n|poke|p2|Calyrex-Shadow, L50|\n|poke|p2|Tornadus, L50, M|\n|poke|p2|Urshifu-*, L50, M|\n|poke|p2|Rillaboom, L50, M|\n|poke|p2|Chien-Pao, L50|\n|teampreview|4\n|showteam|p1|Zacian-Crowned||RustedSword|IntrepidSword|PlayRough,SacredSword,behemothblade,Protect||||||50|,,,,,Water]Rillaboom||AssaultVest|GrassySurge|FakeOut,DrumBeating,GrassyGlide,Uturn|||F|||50|,,,,,Fire]Incineroar||RockyHelmet|Intimidate|FakeOut,KnockOff,PartingShot,WillOWisp|||M|||50|,,,,,Water]Iron Valiant||BoosterEnergy|QuarkDrive|Coaching,WideGuard,SpiritBreak,Taunt||||||50|,,,,,Ghost]Tornadus||AbilityShield|Prankster|Tailwind,Protect,BleakwindStorm,RainDance|||M|||50|,,,,,Grass]Lunala||Leftovers|ShadowShield|MoongeistBeam,Moonblast,CalmMind,Protect||||||50|,,,,,Fairy\n|showteam|p2|Zamazenta-Crowned||RustedShield|DauntlessShield|BodyPress,HeavySlam,WideGuard,Protect||||||50|,,,,,Ghost]Calyrex-Shadow||FocusSash|AsOneSpectrier|AstralBarrage,Psychic,Encore,Protect||||||50|,,,,,Ghost]Tornadus||RockyHelmet|Prankster|BleakwindStorm,Tailwind,RainDance,Protect|||M|||50|,,,,,Dark]Urshifu-Rapid-Strike||MysticWater|UnseenFist|AquaJet,SurgingStrikes,CloseCombat,Detect|||M|||50|,,,,,Water]Rillaboom||AssaultVest|GrassySurge|FakeOut,WoodHammer,GrassyGlide,Uturn|||M|||50|,,,,,Fire]Chien-Pao||LifeOrb|SwordofRuin|SuckerPunch,IcicleCrash,IceShard,Protect||||||50|,,,,,Stellar\n|\n|t:|1746129113\n|start\n|switch|p1a: Tornadus|Tornadus, L50, M, shiny|100/100\n|switch|p1b: Incineroar|Incineroar, L50, M|100/100\n|switch|p2a: Tornadus|Tornadus, L50, M|100/100\n|switch|p2b: Calyrex|Calyrex-Shadow, L50|100/100\n|-ability|p2b: Calyrex|As One\n|-ability|p2b: Calyrex|Unnerve\n|-ability|p1b: Incineroar|Intimidate|boost\n|-unboost|p2a: Tornadus|atk|1\n|-unboost|p2b: Calyrex|atk|1\n|turn|1\n|\n|t:|1746129128\n|move|p1a: Tornadus|Tailwind|p1a: Tornadus\n|-sidestart|p1: Danidelaserna20|move: Tailwind\n|move|p2a: Tornadus|Tailwind|p2a: Tornadus\n|-sidestart|p2: Vienna Vaporeons|move: Tailwind\n|move|p2b: Calyrex|Astral Barrage|p1a: Tornadus|[spread] p1a,p1b\n|-resisted|p1b: Incineroar\n|-damage|p1a: Tornadus|39/100\n|-damage|p1b: Incineroar|75/100\n|move|p1b: Incineroar|Parting Shot|p2b: Calyrex\n|-unboost|p2b: Calyrex|atk|1\n|-unboost|p2b: Calyrex|spa|1\n|\n|t:|1746129144\n|switch|p1b: Lunala|Lunala, L50|100/100|[from] Parting Shot\n|\n|upkeep\n|turn|2\n|j| hiccs\n|\n|t:|1746129179\n|switch|p2b: Urshifu|Urshifu-Rapid-Strike, L50, M|100/100\n|-terastallize|p1b: Lunala|Fairy\n|move|p1a: Tornadus|Bleakwind Storm|p2a: Tornadus|[spread] p2a,p2b\n|-supereffective|p2b: Urshifu\n|-damage|p2a: Tornadus|58/100\n|-damage|p2b: Urshifu|22/100\n|-unboost|p2b: Urshifu|spe|1\n|move|p2a: Tornadus|Bleakwind Storm|p1a: Tornadus|[spread] p1a,p1b\n|-damage|p1a: Tornadus|2/100\n|-damage|p1b: Lunala|90/100\n|-unboost|p1a: Tornadus|spe|1\n|move|p1b: Lunala|Moongeist Beam|p2b: Urshifu\n|-damage|p2b: Urshifu|0 fnt\n|faint|p2b: Urshifu\n|\n|-heal|p1b: Lunala|96/100|[from] item: Leftovers\n|upkeep\n|\n|t:|1746129194\n|switch|p2b: Zamazenta|Zamazenta-Crowned, L50|100/100\n|-ability|p2b: Zamazenta|Dauntless Shield|boost\n|-boost|p2b: Zamazenta|def|1\n|turn|3\n|l| hiccs\n|\n|t:|1746129204\n|switch|p1b: Incineroar|Incineroar, L50, M|75/100\n|-ability|p1b: Incineroar|Intimidate|boost\n|-unboost|p2a: Tornadus|atk|1\n|-unboost|p2b: Zamazenta|atk|1\n|move|p2b: Zamazenta|Heavy Slam|p1b: Incineroar\n|-resisted|p1b: Incineroar\n|-damage|p1b: Incineroar|60/100\n|-damage|p2b: Zamazenta|84/100|[from] item: Rocky Helmet|[of] p1b: Incineroar\n|move|p2a: Tornadus|Bleakwind Storm|p1b: Incineroar|[spread] p1a,p1b\n|-damage|p1a: Tornadus|0 fnt\n|-damage|p1b: Incineroar|26/100\n|faint|p1a: Tornadus\n|\n|upkeep\n|\n|t:|1746129215\n|switch|p1a: Lunala|Lunala, L50, tera:Fairy|96/100\n|turn|4\n|\n|t:|1746129226\n|move|p2b: Zamazenta|Protect|p2b: Zamazenta\n|-singleturn|p2b: Zamazenta|Protect\n|move|p2a: Tornadus|Bleakwind Storm|p1a: Lunala|[spread] \n|-miss|p2a: Tornadus|p1a: Lunala\n|-miss|p2a: Tornadus|p1b: Incineroar\n|move|p1a: Lunala|Calm Mind|p1a: Lunala\n|-boost|p1a: Lunala|spa|1\n|-boost|p1a: Lunala|spd|1\n|move|p1b: Incineroar|Parting Shot|p2a: Tornadus\n|-unboost|p2a: Tornadus|atk|1\n|-unboost|p2a: Tornadus|spa|1\n|\n|t:|1746129237\n|switch|p1b: Iron Valiant|Iron Valiant, L50|100/100|[from] Parting Shot\n|-enditem|p1b: Iron Valiant|Booster Energy\n|-activate|p1b: Iron Valiant|ability: Quark Drive|[fromitem]\n|-start|p1b: Iron Valiant|quarkdrivespe\n|\n|-heal|p1a: Lunala|100/100|[from] item: Leftovers\n|-sideend|p2: Vienna Vaporeons|move: Tailwind\n|-sideend|p1: Danidelaserna20|move: Tailwind\n|upkeep\n|turn|5\n|\n|t:|1746129252\n|move|p2a: Tornadus|Tailwind|p2a: Tornadus\n|-sidestart|p2: Vienna Vaporeons|move: Tailwind\n|move|p2b: Zamazenta|Heavy Slam|p1b: Iron Valiant\n|-supereffective|p1b: Iron Valiant\n|-damage|p1b: Iron Valiant|35/100\n|move|p1b: Iron Valiant|Coaching|p1a: Lunala\n|-boost|p1a: Lunala|atk|1\n|-boost|p1a: Lunala|def|1\n|move|p1a: Lunala|Moonblast|p2b: Zamazenta\n|-damage|p2b: Zamazenta|22/100\n|-unboost|p2b: Zamazenta|spa|1\n|\n|upkeep\n|turn|6\n|\n|t:|1746129286\n|move|p2b: Zamazenta|Protect|p2b: Zamazenta\n|-singleturn|p2b: Zamazenta|Protect\n|move|p1b: Iron Valiant|Wide Guard|p1b: Iron Valiant\n|-singleturn|p1b: Iron Valiant|Wide Guard\n|move|p2a: Tornadus|Bleakwind Storm|p1b: Iron Valiant|[spread] \n|-activate|p1a: Lunala|move: Wide Guard\n|-activate|p1b: Iron Valiant|move: Wide Guard\n|move|p1a: Lunala|Moonblast|p2b: Zamazenta\n|-activate|p2b: Zamazenta|move: Protect\n|\n|upkeep\n|turn|7\n|\n|t:|1746129311\n|-end|p1b: Iron Valiant|Quark Drive|[silent]\n|switch|p1b: Incineroar|Incineroar, L50, M|26/100\n|-ability|p1b: Incineroar|Intimidate|boost\n|-unboost|p2a: Tornadus|atk|1\n|-unboost|p2b: Zamazenta|atk|1\n|move|p2a: Tornadus|Rain Dance|p2a: Tornadus\n|-weather|RainDance\n|move|p2b: Zamazenta|Heavy Slam|p1b: Incineroar\n|-resisted|p1b: Incineroar\n|-damage|p1b: Incineroar|15/100\n|-damage|p2b: Zamazenta|5/100|[from] item: Rocky Helmet|[of] p1b: Incineroar\n|move|p1a: Lunala|Moonblast|p2b: Zamazenta\n|-damage|p2b: Zamazenta|0 fnt\n|faint|p2b: Zamazenta\n|\n|-weather|RainDance|[upkeep]\n|upkeep\n|\n|t:|1746129320\n|switch|p2b: Calyrex|Calyrex-Shadow, L50|100/100\n|-ability|p2b: Calyrex|As One\n|-ability|p2b: Calyrex|Unnerve\n|turn|8\n|\n|t:|1746129335\n|move|p2b: Calyrex|Protect|p2b: Calyrex\n|-singleturn|p2b: Calyrex|Protect\n|move|p2a: Tornadus|Bleakwind Storm|p1a: Lunala|[spread] p1a,p1b\n|-damage|p1a: Lunala|95/100\n|-damage|p1b: Incineroar|0 fnt\n|faint|p1b: Incineroar\n|move|p1a: Lunala|Moongeist Beam|p2b: Calyrex\n|-activate|p2b: Calyrex|move: Protect\n|\n|-weather|RainDance|[upkeep]\n|-heal|p1a: Lunala|100/100|[from] item: Leftovers\n|-sideend|p2: Vienna Vaporeons|move: Tailwind\n|upkeep\n|\n|t:|1746129337\n|switch|p1b: Iron Valiant|Iron Valiant, L50|35/100\n|turn|9\n|\n|t:|1746129348\n|move|p2a: Tornadus|Tailwind|p2a: Tornadus\n|-sidestart|p2: Vienna Vaporeons|move: Tailwind\n|move|p2b: Calyrex|Psychic|p1b: Iron Valiant\n|-supereffective|p1b: Iron Valiant\n|-damage|p1b: Iron Valiant|0 fnt\n|faint|p1b: Iron Valiant\n|-end|p1b: Iron Valiant|Quark Drive|[silent]\n|-ability|p2b: Calyrex|Grim Neigh|boost\n|-boost|p2b: Calyrex|spa|1\n|move|p1a: Lunala|Moongeist Beam|p2b: Calyrex\n|-supereffective|p2b: Calyrex\n|-enditem|p2b: Calyrex|Focus Sash\n|-damage|p2b: Calyrex|1/100\n|\n|-weather|RainDance|[upkeep]\n|upkeep\n|turn|10\n|\n|t:|1746129359\n|move|p2b: Calyrex|Protect|p2b: Calyrex\n|-singleturn|p2b: Calyrex|Protect\n|move|p2a: Tornadus|Bleakwind Storm|p1a: Lunala\n|-damage|p1a: Lunala|94/100\n|-unboost|p1a: Lunala|spe|1\n|move|p1a: Lunala|Moongeist Beam|p2a: Tornadus\n|-crit|p2a: Tornadus\n|-damage|p2a: Tornadus|0 fnt\n|faint|p2a: Tornadus\n|\n|-weather|RainDance|[upkeep]\n|-heal|p1a: Lunala|100/100|[from] item: Leftovers\n|upkeep\n|turn|11\n|-message|Vienna Vaporeons forfeited.\n|\n|win|Danidelaserna20\n", "uploadtime": 1746129371, "views": 5, "formatid": "gen9vgc2025regibo3", "rating": null, "private": 0, "password": null}