{"id": "gen9vgc2025regibo3-2354350942", "format": "[Gen 9] VGC 2025 Reg I (Bo3)", "players": ["FALL3N_DWN", "Sewlu"], "log": "|j|\u2606FALL3N_DWN\n|j|\u2606Sewlu\n|html|<table width=\"100%\"><tr><td align=\"left\">FALL3N_DWN</td><td align=\"right\">Sewlu</tr><tr><td align=\"left\"><i class=\"fa fa-circle-o\"></i> <i class=\"fa fa-circle-o\"></i> </td><td align=\"right\"><i class=\"fa fa-circle-o\"></i> <i class=\"fa fa-circle-o\"></i> </tr></table>\n|uhtml|bestof|<h2><strong>Game 1</strong> of <a href=\"/game-bestof3-gen9vgc2025regibo3-2354350939\">a best-of-3</a></h2>\n|t:|1746060657\n|gametype|doubles\n|player|p1|FALL3N_DWN|carmine-festival|1214\n|player|p2|Sewlu|1|1159\n|teamsize|p1|6\n|teamsize|p2|6\n|gen|9\n|tier|[Gen 9] VGC 2025 Reg I (Bo3)\n|rated|\n|rule|Species Clause: Limit one of each Pok\u00e9mon\n|rule|Item Clause: Limit 1 of each item\n|clearpoke\n|poke|p1|Calyrex-Shadow, L50|\n|poke|p1|Zamazenta-*, L50|\n|poke|p1|Rillaboom, L50, M|\n|poke|p1|Incineroar, L50, F|\n|poke|p1|Ogerpon-Hearthflame, L50, F|\n|poke|p1|Raging Bolt, L50|\n|poke|p2|Miraidon, L50|\n|poke|p2|Lunala, L50|\n|poke|p2|Ogerpon-Hearthflame, L50, F|\n|poke|p2|Flutter Mane, L50|\n|poke|p2|Incineroar, L50, M|\n|poke|p2|Iron Hands, L50|\n|teampreview|4\n|showteam|p1|Calyrex-Shadow||LifeOrb|AsOneSpectrier|AstralBarrage,Psychic,NastyPlot,Protect||||||50|,,,,,Normal]Zamazenta-Crowned||RustedShield|DauntlessShield|BodyPress,behemothbash,WideGuard,Protect||||||50|,,,,,Water]Rillaboom||MiracleSeed|GrassySurge|FakeOut,GrassyGlide,WoodHammer,Uturn|||M|||50|,,,,,Fire]Incineroar||RockyHelmet|Intimidate|FlareBlitz,KnockOff,FakeOut,PartingShot|||F|||50|,,,,,Bug]Ogerpon-Hearthflame||HearthflameMask|MoldBreaker|GrassyGlide,IvyCudgel,SpikyShield,FollowMe|||F|||50|,,,,,Fire]Raging Bolt||AssaultVest|Protosynthesis|Thunderclap,Thunderbolt,DracoMeteor,Electroweb||||||50|,,,,,Electric\n|showteam|p2|Miraidon||ChoiceSpecs|HadronEngine|ElectroDrift,VoltSwitch,DazzlingGleam,DracoMeteor||||||50|,,,,,Fairy]Lunala||ElectricSeed|ShadowShield|MoongeistBeam,Psychic,TrickRoom,WideGuard||||||50|,,,,,Water]Ogerpon-Hearthflame||HearthflameMask|MoldBreaker|IvyCudgel,WoodHammer,FollowMe,SpikyShield|||F|||50|,,,,,Fire]Flutter Mane||BoosterEnergy|Protosynthesis|Moonblast,ShadowBall,IcyWind,Protect||||||50|,,,,,Fairy]Incineroar||RockyHelmet|Intimidate|KnockOff,FakeOut,PartingShot,HelpingHand|||M|||50|,,,,,Bug]Iron Hands||AssaultVest|QuarkDrive|HeavySlam,LowKick,DrainPunch,FakeOut||||||50|,,,,,Steel\n|inactive|Battle timer is ON: inactive players will automatically lose when time's up. (requested by Sewlu)\n|inactive|FALL3N_DWN has 60 seconds left.\n|inactive|FALL3N_DWN has 30 seconds left.\n|inactive|FALL3N_DWN has 20 seconds left.\n|inactive|FALL3N_DWN has 15 seconds left.\n|inactive|FALL3N_DWN has 10 seconds left.\n|inactive|FALL3N_DWN has 5 seconds left.\n|\n|t:|1746060776\n|start\n|switch|p1a: Calyrex|Calyrex-Shadow, L50|100/100\n|switch|p1b: Zamazenta|Zamazenta-Crowned, L50|100/100\n|switch|p2a: Lunala|Lunala, L50|100/100\n|switch|p2b: Iron Hands|Iron Hands, L50, shiny|100/100\n|-ability|p1a: Calyrex|As One\n|-ability|p1a: Calyrex|Unnerve\n|-ability|p1b: Zamazenta|Dauntless Shield|boost\n|-boost|p1b: Zamazenta|def|1\n|turn|1\n|inactive|FALL3N_DWN has 30 seconds left.\n|inactive|FALL3N_DWN has 20 seconds left.\n|\n|t:|1746060815\n|-terastallize|p1a: Calyrex|Normal\n|-terastallize|p2a: Lunala|Water\n|move|p2b: Iron Hands|Fake Out|p1b: Zamazenta\n|-resisted|p1b: Zamazenta\n|-damage|p1b: Zamazenta|98/100\n|move|p1a: Calyrex|Psychic|p2b: Iron Hands\n|-supereffective|p2b: Iron Hands\n|-damage|p2b: Iron Hands|16/100\n|-damage|p1a: Calyrex|91/100|[from] item: Life Orb\n|cant|p1b: Zamazenta|flinch\n|move|p2a: Lunala|Trick Room|p2a: Lunala\n|-fieldstart|move: Trick Room|[of] p2a: Lunala\n|\n|upkeep\n|turn|2\n|inactive|FALL3N_DWN has 30 seconds left.\n|inactive|Sewlu has 30 seconds left.\n|inactive|FALL3N_DWN has 20 seconds left.\n|inactive|FALL3N_DWN has 15 seconds left.\n|inactive|Sewlu has 20 seconds left.\n|inactive|FALL3N_DWN has 10 seconds left.\n|inactive|Sewlu has 15 seconds left.\n|\n|t:|1746060863\n|switch|p1a: Incineroar|Incineroar, L50, F|100/100\n|-ability|p1a: Incineroar|Intimidate|boost\n|-unboost|p2a: Lunala|atk|1\n|-unboost|p2b: Iron Hands|atk|1\n|move|p1b: Zamazenta|Protect|p1b: Zamazenta\n|-singleturn|p1b: Zamazenta|Protect\n|move|p2b: Iron Hands|Low Kick|p1b: Zamazenta\n|-activate|p1b: Zamazenta|move: Protect\n|move|p2a: Lunala|Moongeist Beam|p1b: Zamazenta\n|-activate|p1b: Zamazenta|move: Protect\n|\n|upkeep\n|turn|3\n|inactive|FALL3N_DWN has 30 seconds left.\n|inactive|FALL3N_DWN has 20 seconds left.\n|\n|t:|1746060901\n|move|p1a: Incineroar|Fake Out|p2b: Iron Hands\n|-damage|p2b: Iron Hands|9/100\n|cant|p2b: Iron Hands|flinch\n|move|p2a: Lunala|Moongeist Beam|p1b: Zamazenta\n|-damage|p1b: Zamazenta|54/100\n|move|p1b: Zamazenta|Body Press|p2b: Iron Hands\n|-damage|p2b: Iron Hands|0 fnt\n|faint|p2b: Iron Hands\n|-end|p2b: Iron Hands|Quark Drive|[silent]\n|\n|upkeep\n|\n|t:|1746060910\n|switch|p2b: Ogerpon|Ogerpon-Hearthflame, L50, F|100/100\n|-ability|p2b: Ogerpon|Mold Breaker\n|turn|4\n|\n|t:|1746060928\n|move|p1b: Zamazenta|Protect|p1b: Zamazenta\n|-singleturn|p1b: Zamazenta|Protect\n|move|p2b: Ogerpon|Follow Me|p2b: Ogerpon\n|-singleturn|p2b: Ogerpon|move: Follow Me\n|move|p1a: Incineroar|Knock Off|p2b: Ogerpon\n|-damage|p2b: Ogerpon|72/100\n|move|p2a: Lunala|Moongeist Beam|p1b: Zamazenta\n|-activate|p1b: Zamazenta|move: Protect\n|\n|upkeep\n|turn|5\n|inactive|FALL3N_DWN has 30 seconds left.\n|\n|t:|1746060961\n|switch|p1b: Calyrex|Calyrex-Shadow, L50, tera:Normal|91/100\n|-ability|p1b: Calyrex|As One\n|-ability|p1b: Calyrex|Unnerve\n|move|p1a: Incineroar|Parting Shot|p2a: Lunala\n|-unboost|p2a: Lunala|atk|1\n|-unboost|p2a: Lunala|spa|1\n|\n|t:|1746060976\n|switch|p1a: Rillaboom|Rillaboom, L50, M|100/100|[from] Parting Shot\n|-fieldstart|move: Grassy Terrain|[from] ability: Grassy Surge|[of] p1a: Rillaboom\n|move|p2a: Lunala|Psychic|p1b: Calyrex\n|-damage|p1b: Calyrex|57/100\n|move|p2b: Ogerpon|Ivy Cudgel|p1b: Calyrex|[anim] Ivy Cudgel Fire\n|-damage|p1b: Calyrex|0 fnt\n|faint|p1b: Calyrex\n|\n|-heal|p2b: Ogerpon|78/100|[from] Grassy Terrain\n|-fieldend|move: Trick Room\n|upkeep\n|\n|t:|1746060998\n|switch|p1b: Incineroar|Incineroar, L50, F|100/100\n|-ability|p1b: Incineroar|Intimidate|boost\n|-unboost|p2a: Lunala|atk|1\n|-unboost|p2b: Ogerpon|atk|1\n|turn|6\n|\n|t:|1746061010\n|switch|p2a: Miraidon|Miraidon, L50|100/100\n|-fieldstart|move: Electric Terrain|[from] ability: Hadron Engine|[of] p2a: Miraidon\n|move|p2b: Ogerpon|Spiky Shield|p2b: Ogerpon\n|-singleturn|p2b: Ogerpon|move: Protect\n|move|p1b: Incineroar|Fake Out|p2b: Ogerpon\n|-activate|p2b: Ogerpon|move: Protect\n|-damage|p1b: Incineroar|88/100|[from] Spiky Shield|[of] p2b: Ogerpon\n|move|p1a: Rillaboom|U-turn|p2a: Miraidon\n|-damage|p2a: Miraidon|73/100\n|\n|t:|1746061016\n|switch|p1a: Zamazenta|Zamazenta-Crowned, L50|54/100|[from] U-turn\n|\n|upkeep\n|turn|7\n|inactive|FALL3N_DWN has 30 seconds left.\n|\n|t:|1746061050\n|move|p1a: Zamazenta|Protect|p1a: Zamazenta\n|-singleturn|p1a: Zamazenta|Protect\n|move|p2a: Miraidon|Volt Switch|p1b: Incineroar\n|-damage|p1b: Incineroar|0 fnt\n|faint|p1b: Incineroar\n|\n|t:|1746061057\n|switch|p2a: Lunala|Lunala, L50, tera:Water|100/100|[from] Volt Switch\n|-enditem|p2a: Lunala|Electric Seed\n|-boost|p2a: Lunala|def|1|[from] item: Electric Seed\n|move|p2b: Ogerpon|Ivy Cudgel|p1a: Zamazenta|[anim] Ivy Cudgel Fire\n|-activate|p1a: Zamazenta|move: Protect\n|\n|upkeep\n|\n|t:|1746061061\n|switch|p1b: Rillaboom|Rillaboom, L50, M|100/100\n|-fieldstart|move: Grassy Terrain|[from] ability: Grassy Surge|[of] p1b: Rillaboom\n|turn|8\n|\n|t:|1746061084\n|move|p1b: Rillaboom|Fake Out|p2a: Lunala\n|-damage|p2a: Lunala|96/100\n|move|p1a: Zamazenta|Body Press|p2b: Ogerpon\n|-damage|p2b: Ogerpon|25/100\n|move|p2b: Ogerpon|Ivy Cudgel|p1b: Rillaboom|[anim] Ivy Cudgel Fire\n|-supereffective|p1b: Rillaboom\n|-damage|p1b: Rillaboom|30/100\n|cant|p2a: Lunala|flinch\n|\n|-heal|p1a: Zamazenta|60/100|[from] Grassy Terrain\n|-heal|p2b: Ogerpon|30/100|[from] Grassy Terrain\n|-heal|p2a: Lunala|100/100|[from] Grassy Terrain\n|-heal|p1b: Rillaboom|36/100|[from] Grassy Terrain\n|upkeep\n|turn|9\n|\n|t:|1746061103\n|move|p2b: Ogerpon|Follow Me|p2b: Ogerpon\n|-singleturn|p2b: Ogerpon|move: Follow Me\n|move|p1b: Rillaboom|Grassy Glide|p2b: Ogerpon\n|-resisted|p2b: Ogerpon\n|-damage|p2b: Ogerpon|17/100\n|move|p1a: Zamazenta|Body Press|p2b: Ogerpon\n|-damage|p2b: Ogerpon|0 fnt\n|faint|p2b: Ogerpon\n|move|p2a: Lunala|Moongeist Beam|p1b: Rillaboom\n|-damage|p1b: Rillaboom|0 fnt\n|faint|p1b: Rillaboom\n|\n|-heal|p1a: Zamazenta|66/100|[from] Grassy Terrain\n|upkeep\n|\n|t:|1746061111\n|switch|p2b: Miraidon|Miraidon, L50|73/100\n|-fieldstart|move: Electric Terrain|[from] ability: Hadron Engine|[of] p2b: Miraidon\n|turn|10\n|\n|t:|1746061122\n|move|p2b: Miraidon|Electro Drift|p1a: Zamazenta\n|-damage|p1a: Zamazenta|0 fnt\n|faint|p1a: Zamazenta\n|\n|win|Sewlu\n||FALL3N_DWN is ready for game 2.\n||Sewlu is ready for game 2.\n|uhtml|next|Next: <a href=\"/battle-gen9vgc2025regibo3-2354354808\"><strong>Game 2 of 3</strong></a>\n|l|\u2606Sewlu\n|player|p2|\n", "uploadtime": 1746061819, "views": 12, "formatid": "gen9vgc2025regibo3", "rating": null, "private": 0, "password": null}