{"id": "gen9vgc2025regibo3-2353879125", "format": "[Gen 9] VGC 2025 Reg I (Bo3)", "players": ["bobak dotto", "dezzyfreeman"], "log": "|j|\u2606bobak dotto\n|j|\u2606dezzyfreeman\n|html|<table width=\"100%\"><tr><td align=\"left\">bobak dotto</td><td align=\"right\">dezzyfreeman</tr><tr><td align=\"left\"><i class=\"fa fa-circle\"></i> <i class=\"fa fa-circle-o\"></i> </td><td align=\"right\"><i class=\"fa fa-circle-o\"></i> <i class=\"fa fa-circle-o\"></i> </tr></table>\n|uhtml|bestof|<h2><strong>Game 2</strong> of <a href=\"/game-bestof3-gen9vgc2025regibo3-2353876597\">a best-of-3</a></h2>\n|t:|1746014082\n|gametype|doubles\n|player|p1|bobak dotto|bruno|1110\n|player|p2|dezzyfreeman|2|1168\n|teamsize|p1|6\n|teamsize|p2|6\n|gen|9\n|tier|[Gen 9] VGC 2025 Reg I (Bo3)\n|rated|\n|rule|Species Clause: Limit one of each Pok\u00e9mon\n|rule|Item Clause: Limit 1 of each item\n|clearpoke\n|poke|p1|Dialga-Origin, L50|\n|poke|p1|Calyrex-Shadow, L50|\n|poke|p1|Araquanid, L50, F|\n|poke|p1|Rillaboom, L50, M|\n|poke|p1|Incineroar, L50, M|\n|poke|p1|Smeargle, L50, M|\n|poke|p2|Miraidon, L50|\n|poke|p2|Whimsicott, L50, F|\n|poke|p2|Farigiraf, L50, M|\n|poke|p2|Iron Hands, L50|\n|poke|p2|Calyrex-Shadow, L50|\n|poke|p2|Chi-Yu, L50|\n|teampreview|4\n|showteam|p1|Dialga-Origin||AdamantCrystal|Pressure|DracoMeteor,FlashCannon,TrickRoom,Protect||||||50|,,,,,Water]Calyrex-Shadow||SitrusBerry|AsOneSpectrier|AstralBarrage,DrainingKiss,CalmMind,Protect||||||50|,,,,,Fairy]Araquanid||ClearAmulet|WaterBubble|Liquidation,Lunge,WideGuard,RainDance|||F|||50|,,,,,Water]Rillaboom||AssaultVest|GrassySurge|FakeOut,GrassyGlide,WoodHammer,Uturn|||M|||50|,,,,,Fire]Incineroar||SafetyGoggles|Intimidate|WillOWisp,KnockOff,FakeOut,PartingShot|||M|||50|,,,,,Ghost]Smeargle||CovertCloak|Moody|FakeOut,Spore,Decorate,SpikyShield|||M|||50|,,,,,Normal\n|showteam|p2|Miraidon||ChoiceSpecs|HadronEngine|ElectroDrift,DracoMeteor,VoltSwitch,DazzlingGleam||||||50|,,,,,Fairy]Whimsicott||CovertCloak|Prankster|Tailwind,Encore,LightScreen,Moonblast|||F|||50|,,,,,Dark]Farigiraf||ElectricSeed|ArmorTail|Psychic,FoulPlay,HelpingHand,TrickRoom|||M|||50|,,,,,Dark]Iron Hands||AssaultVest|QuarkDrive|LowKick,DrainPunch,WildCharge,FakeOut||||||50|,,,,,Water]Calyrex-Shadow||FocusSash|AsOneSpectrier|AstralBarrage,ExpandingForce,PollenPuff,Protect||||||50|,,,,,Ghost]Chi-Yu||ChoiceScarf|BeadsofRuin|Snarl,Overheat,DarkPulse,HeatWave||||||50|,,,,,Ghost\n|inactive|Battle timer is ON: inactive players will automatically lose when time's up. (requested by dezzyfreeman)\n|inactive|dezzyfreeman has 60 seconds left.\n|\n|t:|1746014128\n|start\n|switch|p1a: Calyrex|Calyrex-Shadow, L50|100/100\n|switch|p1b: Incineroar|Incineroar, L50, M|100/100\n|switch|p2a: Miraidon|Miraidon, L50|100/100\n|switch|p2b: Whimsicott|Whimsicott, L50, F|100/100\n|-ability|p1a: Calyrex|As One\n|-ability|p1a: Calyrex|Unnerve\n|-fieldstart|move: Electric Terrain|[from] ability: Hadron Engine|[of] p2a: Miraidon\n|-ability|p1b: Incineroar|Intimidate|boost\n|-unboost|p2a: Miraidon|atk|1\n|-unboost|p2b: Whimsicott|atk|1\n|turn|1\n|\n|t:|1746014147\n|switch|p2b: Farigiraf|Farigiraf, L50, M|100/100\n|-enditem|p2b: Farigiraf|Electric Seed\n|-boost|p2b: Farigiraf|def|1|[from] item: Electric Seed\n|move|p1b: Incineroar|Fake Out||[still]\n|cant|p2b: Farigiraf|ability: Armor Tail|Fake Out|[of] p1b: Incineroar\n|move|p1a: Calyrex|Calm Mind|p1a: Calyrex\n|-boost|p1a: Calyrex|spa|1\n|-boost|p1a: Calyrex|spd|1\n|move|p2a: Miraidon|Electro Drift|p1a: Calyrex\n|-damage|p1a: Calyrex|13/100\n|-enditem|p1a: Calyrex|Sitrus Berry|[eat]\n|-heal|p1a: Calyrex|38/100|[from] item: Sitrus Berry\n|\n|upkeep\n|turn|2\n|inactive|dezzyfreeman has 30 seconds left.\n|inactive|dezzyfreeman has 20 seconds left.\n|inactive|dezzyfreeman has 15 seconds left.\n|\n|t:|1746014191\n|switch|p2a: Whimsicott|Whimsicott, L50, F|100/100\n|move|p1a: Calyrex|Protect|p1a: Calyrex\n|-singleturn|p1a: Calyrex|Protect\n|move|p1b: Incineroar|Parting Shot|p2a: Whimsicott\n|-unboost|p2a: Whimsicott|atk|1\n|-unboost|p2a: Whimsicott|spa|1\n|\n|t:|1746014199\n|switch|p1b: Rillaboom|Rillaboom, L50, M|100/100|[from] Parting Shot\n|-fieldstart|move: Grassy Terrain|[from] ability: Grassy Surge|[of] p1b: Rillaboom\n|move|p2b: Farigiraf|Trick Room|p2b: Farigiraf\n|-fieldstart|move: Trick Room|[of] p2b: Farigiraf\n|\n|-heal|p1a: Calyrex|44/100|[from] Grassy Terrain\n|upkeep\n|turn|3\n|\n|t:|1746014220\n|switch|p1a: Incineroar|Incineroar, L50, M|100/100\n|-ability|p1a: Incineroar|Intimidate|boost\n|-unboost|p2a: Whimsicott|atk|1\n|-unboost|p2b: Farigiraf|atk|1\n|move|p2a: Whimsicott|Encore|p1a: Incineroar\n|-hint|Since gen 7, Dark is immune to Prankster moves.\n|-immune|p1a: Incineroar\n|move|p1b: Rillaboom|U-turn|p2b: Farigiraf\n|-supereffective|p2b: Farigiraf\n|-damage|p2b: Farigiraf|72/100\n|\n|t:|1746014229\n|switch|p1b: Araquanid|Araquanid, L50, F|100/100|[from] U-turn\n|move|p2b: Farigiraf|Trick Room|p2b: Farigiraf\n|-fieldend|move: Trick Room\n|\n|-heal|p2b: Farigiraf|78/100|[from] Grassy Terrain\n|upkeep\n|turn|4\n|\n|t:|1746014244\n|move|p2a: Whimsicott|Tailwind|p2a: Whimsicott\n|-sidestart|p2: dezzyfreeman|move: Tailwind\n|move|p2b: Farigiraf|Foul Play|p1b: Araquanid\n|-damage|p1b: Araquanid|71/100\n|move|p1a: Incineroar|Knock Off|p2a: Whimsicott\n|-resisted|p2a: Whimsicott\n|-damage|p2a: Whimsicott|75/100\n|-enditem|p2a: Whimsicott|Covert Cloak|[from] move: Knock Off|[of] p1a: Incineroar\n|move|p1b: Araquanid|Liquidation|p2a: Whimsicott\n|-resisted|p2a: Whimsicott\n|-damage|p2a: Whimsicott|29/100\n|\n|-heal|p2a: Whimsicott|35/100|[from] Grassy Terrain\n|-heal|p2b: Farigiraf|85/100|[from] Grassy Terrain\n|-heal|p1b: Araquanid|76/100|[from] Grassy Terrain\n|upkeep\n|turn|5\n|inactive|dezzyfreeman has 30 seconds left.\n|\n|t:|1746014277\n|move|p2a: Whimsicott|Light Screen|p2a: Whimsicott\n|-sidestart|p2: dezzyfreeman|move: Light Screen\n|move|p2b: Farigiraf|Foul Play|p1b: Araquanid\n|-damage|p1b: Araquanid|51/100\n|move|p1a: Incineroar|Knock Off|p2b: Farigiraf\n|-supereffective|p2b: Farigiraf\n|-damage|p2b: Farigiraf|56/100\n|move|p1b: Araquanid|Liquidation|p2b: Farigiraf\n|-damage|p2b: Farigiraf|21/100\n|\n|-heal|p2a: Whimsicott|40/100|[from] Grassy Terrain\n|-heal|p2b: Farigiraf|27/100|[from] Grassy Terrain\n|-heal|p1b: Araquanid|57/100|[from] Grassy Terrain\n|upkeep\n|turn|6\n|\n|t:|1746014298\n|move|p2a: Whimsicott|Moonblast|p1a: Incineroar\n|-damage|p1a: Incineroar|84/100\n|move|p2b: Farigiraf|Foul Play|p1b: Araquanid\n|-crit|p1b: Araquanid\n|-damage|p1b: Araquanid|12/100\n|move|p1a: Incineroar|Parting Shot|p2a: Whimsicott\n|-unboost|p2a: Whimsicott|atk|1\n|-unboost|p2a: Whimsicott|spa|1\n|\n|t:|1746014306\n|switch|p1a: Calyrex|Calyrex-Shadow, L50|44/100|[from] Parting Shot\n|-ability|p1a: Calyrex|As One\n|-ability|p1a: Calyrex|Unnerve\n|move|p1b: Araquanid|Liquidation|p2b: Farigiraf\n|-damage|p2b: Farigiraf|0 fnt\n|faint|p2b: Farigiraf\n|\n|-heal|p2a: Whimsicott|46/100|[from] Grassy Terrain\n|-heal|p1a: Calyrex|50/100|[from] Grassy Terrain\n|-heal|p1b: Araquanid|18/100|[from] Grassy Terrain\n|-fieldend|move: Grassy Terrain\n|upkeep\n|\n|t:|1746014318\n|switch|p2b: Calyrex|Calyrex-Shadow, L50|100/100\n|-ability|p2b: Calyrex|As One\n|-ability|p2b: Calyrex|Unnerve\n|turn|7\n|\n|t:|1746014333\n|-terastallize|p1a: Calyrex|Fairy\n|move|p1b: Araquanid|Wide Guard|p1b: Araquanid\n|-singleturn|p1b: Araquanid|Wide Guard\n|move|p2b: Calyrex|Astral Barrage|p1b: Araquanid|[spread] \n|-activate|p1a: Calyrex|move: Wide Guard\n|-activate|p1b: Araquanid|move: Wide Guard\n|move|p2a: Whimsicott|Moonblast|p1b: Araquanid\n|-damage|p1b: Araquanid|6/100\n|move|p1a: Calyrex|Astral Barrage|p2b: Calyrex|[spread] p2a,p2b\n|-supereffective|p2b: Calyrex\n|-damage|p2a: Whimsicott|7/100\n|-enditem|p2b: Calyrex|Focus Sash\n|-damage|p2b: Calyrex|1/100\n|\n|-sideend|p2: dezzyfreeman|move: Tailwind\n|upkeep\n|turn|8\n|inactive|dezzyfreeman has 30 seconds left.\n|\n|t:|1746014368\n|move|p2b: Calyrex|Protect|p2b: Calyrex\n|-singleturn|p2b: Calyrex|Protect\n|move|p1b: Araquanid|Wide Guard|p1b: Araquanid\n|-singleturn|p1b: Araquanid|Wide Guard\n|move|p2a: Whimsicott|Tailwind|p2a: Whimsicott\n|-sidestart|p2: dezzyfreeman|move: Tailwind\n|move|p1a: Calyrex|Astral Barrage|p2a: Whimsicott|[spread] p2a\n|-activate|p2b: Calyrex|move: Protect\n|-damage|p2a: Whimsicott|0 fnt\n|faint|p2a: Whimsicott\n|-ability|p1a: Calyrex|Grim Neigh|boost\n|-boost|p1a: Calyrex|spa|1\n|\n|upkeep\n|\n|t:|1746014380\n|switch|p2a: Miraidon|Miraidon, L50|100/100\n|-fieldstart|move: Electric Terrain|[from] ability: Hadron Engine|[of] p2a: Miraidon\n|turn|9\n|\n|t:|1746014399\n|-terastallize|p2a: Miraidon|Fairy\n|move|p1a: Calyrex|Protect|p1a: Calyrex\n|-singleturn|p1a: Calyrex|Protect\n|move|p2b: Calyrex|Expanding Force|p1b: Araquanid\n|-damage|p1b: Araquanid|0 fnt\n|faint|p1b: Araquanid\n|-ability|p2b: Calyrex|Grim Neigh|boost\n|-boost|p2b: Calyrex|spa|1\n|move|p2a: Miraidon|Dazzling Gleam|p1a: Calyrex\n|-activate|p1a: Calyrex|move: Protect\n|\n|-sideend|p2: dezzyfreeman|move: Light Screen\n|upkeep\n|\n|t:|1746014408\n|switch|p1b: Rillaboom|Rillaboom, L50, M|100/100\n|-fieldstart|move: Grassy Terrain|[from] ability: Grassy Surge|[of] p1b: Rillaboom\n|turn|10\n|\n|t:|1746014421\n|move|p1b: Rillaboom|Grassy Glide|p2b: Calyrex\n|-damage|p2b: Calyrex|0 fnt\n|faint|p2b: Calyrex\n|move|p2a: Miraidon|Dazzling Gleam|p1b: Rillaboom|[spread] p1a,p1b\n|-damage|p1a: Calyrex|4/100\n|-damage|p1b: Rillaboom|61/100\n|move|p1a: Calyrex|Astral Barrage|p2a: Miraidon\n|-damage|p2a: Miraidon|15/100\n|\n|-heal|p2a: Miraidon|22/100|[from] Grassy Terrain\n|-heal|p1a: Calyrex|10/100|[from] Grassy Terrain\n|-heal|p1b: Rillaboom|67/100|[from] Grassy Terrain\n|upkeep\n|turn|11\n|\n|t:|1746014435\n|move|p1b: Rillaboom|Grassy Glide|p2a: Miraidon\n|-crit|p2a: Miraidon\n|-damage|p2a: Miraidon|0 fnt\n|faint|p2a: Miraidon\n|\n|win|bobak dotto\n|raw|bobak dotto's rating: 1110 &rarr; <strong>1139</strong><br />(+29 for winning)\n|raw|dezzyfreeman's rating: 1168 &rarr; <strong>1139</strong><br />(-29 for losing)\n|l|\u2606dezzyfreeman\n|player|p2|\n", "uploadtime": 1746014443, "views": 17, "formatid": "gen9vgc2025regibo3", "rating": 1139, "private": 0, "password": null}