{"id": "gen9vgc2025regibo3-2353930805", "format": "[Gen 9] VGC 2025 Reg I (Bo3)", "players": ["abcdabfg", "ManuSR"], "log": "|j|\u2606abcdabfg\n|j|\u2606ManuSR\n|html|<table width=\"100%\"><tr><td align=\"left\">abcdabfg</td><td align=\"right\">ManuSR</tr><tr><td align=\"left\"><i class=\"fa fa-circle-o\"></i> <i class=\"fa fa-circle-o\"></i> </td><td align=\"right\"><i class=\"fa fa-circle-o\"></i> <i class=\"fa fa-circle-o\"></i> </tr></table>\n|uhtml|bestof|<h2><strong>Game 1</strong> of <a href=\"/game-bestof3-gen9vgc2025regibo3-2353930803\">a best-of-3</a></h2>\n|t:|1746020014\n|gametype|doubles\n|player|p1|abcdabfg|dawn|1074\n|player|p2|ManuSR|ethan|1061\n|teamsize|p1|6\n|teamsize|p2|6\n|gen|9\n|tier|[Gen 9] VGC 2025 Reg I (Bo3)\n|rated|\n|rule|Species Clause: Limit one of each Pok\u00e9mon\n|rule|Item Clause: Limit 1 of each item\n|clearpoke\n|poke|p1|Calyrex-Shadow, L50|\n|poke|p1|Urshifu-*, L50, M|\n|poke|p1|Incineroar, L50, F|\n|poke|p1|Amoonguss, L50, M|\n|poke|p1|Rillaboom, L50, F|\n|poke|p1|Zamazenta-*, L50|\n|poke|p2|Zoroark-Hisui, L50, F|\n|poke|p2|Kyogre, L50|\n|poke|p2|Tornadus, L50, M|\n|poke|p2|Landorus-Therian, L50, M|\n|poke|p2|Amoonguss, L50, M|\n|poke|p2|Flutter Mane, L50|\n|teampreview|4\n|showteam|p1|Calyrex-Shadow||FocusSash|AsOneSpectrier|AstralBarrage,TeraBlast,NastyPlot,Protect||||||50|,,,,,Water]Urshifu-Rapid-Strike||ChoiceScarf|UnseenFist|SurgingStrikes,AquaJet,CloseCombat,Uturn|||M|||50|,,,,,Water]Incineroar||CovertCloak|Intimidate|FakeOut,PartingShot,FlareBlitz,KnockOff|||F|||50|,,,,,Grass]Amoonguss||SitrusBerry|Regenerator|PollenPuff,RagePowder,Spore,ClearSmog|||M|||50|,,,,,Water]Rillaboom||AssaultVest|GrassySurge|GrassyGlide,WoodHammer,FakeOut,Uturn|||F|||50|,,,,,Poison]Zamazenta-Crowned||RustedShield|DauntlessShield|BodyPress,HeavySlam,Protect,WideGuard||||||50|,,,,,Grass\n|showteam|p2|Zoroark-Hisui||ChoiceSpecs|Illusion|HyperVoice,ShadowBall,Flamethrower,Uturn|||F|||50|,,,,,Ghost]Kyogre||AssaultVest|Drizzle|WaterSpout,OriginPulse,IceBeam,Thunder||||||50|,,,,,Grass]Tornadus||CovertCloak|Prankster|Tailwind,RainDance,Taunt,Hurricane|||M|||50|,,,,,Ghost]Landorus-Therian||ChoiceScarf|Intimidate|RockSlide,Earthquake,Uturn,TeraBlast|||M|||50|,,,,,Flying]Amoonguss||RockyHelmet|Regenerator|Spore,RagePowder,PollenPuff,Protect|||M|||50|,,,,,Water]Flutter Mane||FocusSash|Protosynthesis|ShadowBall,DazzlingGleam,IcyWind,Protect||||||50|,,,,,Fairy\n|inactive|Battle timer is ON: inactive players will automatically lose when time's up. (requested by ManuSR)\n|\n|t:|1746020051\n|start\n|switch|p1a: Rillaboom|Rillaboom, L50, F|100/100\n|switch|p1b: Zamazenta|Zamazenta-Crowned, L50|100/100\n|switch|p2a: Amoonguss|Amoonguss, L50, M|100/100\n|switch|p2b: Tornadus|Tornadus, L50, M|100/100\n|-ability|p1b: Zamazenta|Dauntless Shield|boost\n|-boost|p1b: Zamazenta|def|1\n|-fieldstart|move: Grassy Terrain|[from] ability: Grassy Surge|[of] p1a: Rillaboom\n|turn|1\n|inactive|ManuSR has 30 seconds left.\n|\n|t:|1746020086\n|move|p2a: Amoonguss|Protect|p2a: Amoonguss\n|-singleturn|p2a: Amoonguss|Protect\n|move|p1a: Rillaboom|Fake Out|p2a: Amoonguss\n|-activate|p2a: Amoonguss|move: Protect\n|move|p1b: Zamazenta|Heavy Slam|p2b: Tornadus\n|-damage|p2b: Tornadus|0 fnt\n|replace|p2b: Zoroark|Zoroark-Hisui, L50, F\n|-end|p2b: Zoroark|Illusion\n|faint|p2b: Zoroark\n|\n|upkeep\n|inactive|ManuSR has 30 seconds left.\n|\n|t:|1746020116\n|switch|p2b: Tornadus|Tornadus, L50, M|100/100\n|turn|2\n|\n|t:|1746020141\n|-terastallize|p1b: Zamazenta|Grass\n|move|p2b: Tornadus|Tailwind|p2b: Tornadus\n|-sidestart|p2: ManuSR|move: Tailwind\n|move|p1b: Zamazenta|Heavy Slam|p2b: Tornadus\n|-damage|p2b: Tornadus|42/100\n|move|p1a: Rillaboom|U-turn|p2a: Amoonguss\n|-damage|p2a: Amoonguss|82/100\n|-damage|p1a: Rillaboom|84/100|[from] item: Rocky Helmet|[of] p2a: Amoonguss\n|\n|t:|1746020151\n|switch|p1a: Urshifu|Urshifu-Rapid-Strike, L50, M|100/100|[from] U-turn\n|move|p2a: Amoonguss|Spore|p1b: Zamazenta\n|-immune|p1b: Zamazenta\n|\n|-heal|p2a: Amoonguss|88/100|[from] Grassy Terrain\n|upkeep\n|turn|3\n|\n|t:|1746020173\n|switch|p1a: Rillaboom|Rillaboom, L50, F|84/100\n|move|p2b: Tornadus|Hurricane|p1b: Zamazenta\n|-supereffective|p1b: Zamazenta\n|-damage|p1b: Zamazenta|22/100\n|-start|p1b: Zamazenta|confusion\n|-activate|p1b: Zamazenta|confusion\n|-damage|p1b: Zamazenta|17/100|[from] confusion\n|move|p2a: Amoonguss|Spore|p1a: Rillaboom\n|-immune|p1a: Rillaboom\n|\n|-heal|p1b: Zamazenta|23/100|[from] Grassy Terrain\n|-heal|p1a: Rillaboom|90/100|[from] Grassy Terrain\n|-heal|p2a: Amoonguss|94/100|[from] Grassy Terrain\n|upkeep\n|turn|4\n|inactive|ManuSR has 30 seconds left.\n|\n|t:|1746020207\n|move|p1a: Rillaboom|Fake Out|p2b: Tornadus\n|-damage|p2b: Tornadus|24/100\n|move|p2a: Amoonguss|Rage Powder|p2a: Amoonguss\n|-singleturn|p2a: Amoonguss|move: Rage Powder\n|move|p2b: Tornadus|Hurricane|p1b: Zamazenta|[miss]\n|-miss|p2b: Tornadus|p1b: Zamazenta\n|-end|p1b: Zamazenta|confusion\n|move|p1b: Zamazenta|Heavy Slam|p2b: Tornadus\n|-damage|p2b: Tornadus|0 fnt\n|faint|p2b: Tornadus\n|\n|-heal|p1b: Zamazenta|29/100|[from] Grassy Terrain\n|-heal|p1a: Rillaboom|95/100|[from] Grassy Terrain\n|-heal|p2a: Amoonguss|99/100|[from] Grassy Terrain\n|upkeep\n|\n|t:|1746020217\n|switch|p2b: Kyogre|Kyogre, L50|100/100\n|-weather|RainDance|[from] ability: Drizzle|[of] p2b: Kyogre\n|turn|5\n|inactive|ManuSR has 30 seconds left.\n|\n|t:|1746020245\n|switch|p1a: Urshifu|Urshifu-Rapid-Strike, L50, M|100/100\n|move|p1b: Zamazenta|Protect|p1b: Zamazenta\n|-singleturn|p1b: Zamazenta|Protect\n|move|p2b: Kyogre|Ice Beam|p1a: Urshifu\n|-resisted|p1a: Urshifu\n|-damage|p1a: Urshifu|74/100\n|move|p2a: Amoonguss|Pollen Puff|p1b: Zamazenta\n|-activate|p1b: Zamazenta|move: Protect\n|\n|-weather|RainDance|[upkeep]\n|-heal|p1a: Urshifu|80/100|[from] Grassy Terrain\n|-heal|p1b: Zamazenta|35/100|[from] Grassy Terrain\n|-heal|p2a: Amoonguss|100/100|[from] Grassy Terrain\n|-sideend|p2: ManuSR|move: Tailwind\n|-fieldend|move: Grassy Terrain\n|upkeep\n|turn|6\n|\n|t:|1746020264\n|move|p2a: Amoonguss|Rage Powder|p2a: Amoonguss\n|-singleturn|p2a: Amoonguss|move: Rage Powder\n|move|p1a: Urshifu|Close Combat|p2a: Amoonguss\n|-resisted|p2a: Amoonguss\n|-damage|p2a: Amoonguss|76/100\n|-unboost|p1a: Urshifu|def|1\n|-unboost|p1a: Urshifu|spd|1\n|-damage|p1a: Urshifu|64/100|[from] item: Rocky Helmet|[of] p2a: Amoonguss\n|move|p1b: Zamazenta|Body Press|p2b: Kyogre\n|-damage|p2b: Kyogre|28/100\n|move|p2b: Kyogre|Water Spout|p1a: Urshifu|[spread] p1a,p1b\n|-resisted|p1a: Urshifu\n|-resisted|p1b: Zamazenta\n|-damage|p1a: Urshifu|31/100\n|-damage|p1b: Zamazenta|24/100\n|\n|-weather|RainDance|[upkeep]\n|upkeep\n|turn|7\n|inactive|ManuSR has 30 seconds left.\n|\n|t:|1746020293\n|move|p1a: Urshifu|Close Combat|p2a: Amoonguss\n|-resisted|p2a: Amoonguss\n|-damage|p2a: Amoonguss|49/100\n|-unboost|p1a: Urshifu|def|1\n|-unboost|p1a: Urshifu|spd|1\n|-damage|p1a: Urshifu|15/100|[from] item: Rocky Helmet|[of] p2a: Amoonguss\n|move|p1b: Zamazenta|Body Press|p2b: Kyogre\n|-damage|p2b: Kyogre|0 fnt\n|faint|p2b: Kyogre\n|move|p2a: Amoonguss|Pollen Puff|p1b: Zamazenta\n|-supereffective|p1b: Zamazenta\n|-damage|p1b: Zamazenta|0 fnt\n|faint|p1b: Zamazenta\n|\n|-weather|RainDance|[upkeep]\n|upkeep\n|\n|t:|1746020312\n|switch|p1b: Rillaboom|Rillaboom, L50, F|95/100\n|-fieldstart|move: Grassy Terrain|[from] ability: Grassy Surge|[of] p1b: Rillaboom\n|turn|8\n|\n|t:|1746020319\n|move|p2a: Amoonguss|Protect|p2a: Amoonguss\n|-singleturn|p2a: Amoonguss|Protect\n|move|p1b: Rillaboom|Fake Out|p2a: Amoonguss\n|-activate|p2a: Amoonguss|move: Protect\n|move|p1a: Urshifu|Close Combat|p2a: Amoonguss\n|-resisted|p2a: Amoonguss\n|-damage|p2a: Amoonguss|26/100\n|-unboost|p1a: Urshifu|def|1\n|-unboost|p1a: Urshifu|spd|1\n|-damage|p1a: Urshifu|0 fnt|[from] item: Rocky Helmet|[of] p2a: Amoonguss\n|faint|p1a: Urshifu\n|\n|-weather|RainDance|[upkeep]\n|-heal|p1b: Rillaboom|100/100|[from] Grassy Terrain\n|-heal|p2a: Amoonguss|32/100|[from] Grassy Terrain\n|upkeep\n|\n|t:|1746020322\n|switch|p1a: Calyrex|Calyrex-Shadow, L50|100/100\n|-ability|p1a: Calyrex|As One\n|-ability|p1a: Calyrex|Unnerve\n|turn|9\n|\n|t:|1746020343\n|move|p1a: Calyrex|Astral Barrage|p2a: Amoonguss\n|-damage|p2a: Amoonguss|0 fnt\n|faint|p2a: Amoonguss\n|\n|win|abcdabfg\n||ManuSR is ready for game 2.\n||abcdabfg is ready for game 2.\n|uhtml|next|Next: <a href=\"/battle-gen9vgc2025regibo3-2353934140\"><strong>Game 2 of 3</strong></a>\n|l|\u2606abcdabfg\n|player|p1|\n", "uploadtime": 1746020607, "views": 6, "formatid": "gen9vgc2025regibo3", "rating": null, "private": 0, "password": null}