{"id": "gen9vgc2025regibo3-2355116151", "format": "[Gen 9] VGC 2025 Reg I (Bo3)", "players": ["jalo3705", "The median voter"], "log": "|j|\u2606jalo3705\n|j|\u2606The median voter\n|html|<table width=\"100%\"><tr><td align=\"left\">jalo3705</td><td align=\"right\">The median voter</tr><tr><td align=\"left\"><i class=\"fa fa-circle-o\"></i> <i class=\"fa fa-circle-o\"></i> </td><td align=\"right\"><i class=\"fa fa-circle-o\"></i> <i class=\"fa fa-circle-o\"></i> </tr></table>\n|uhtml|bestof|<h2><strong>Game 1</strong> of <a href=\"/game-bestof3-gen9vgc2025regibo3-2355116148\">a best-of-3</a></h2>\n|t:|1746154502\n|gametype|doubles\n|player|p1|jalo3705|101|1114\n|player|p2|The median voter|scientist-gen4dp|1154\n|teamsize|p1|6\n|teamsize|p2|6\n|gen|9\n|tier|[Gen 9] VGC 2025 Reg I (Bo3)\n|rated|\n|rule|Species Clause: Limit one of each Pok\u00e9mon\n|rule|Item Clause: Limit 1 of each item\n|clearpoke\n|poke|p1|Zekrom, L50|\n|poke|p1|Reshiram, L50|\n|poke|p1|Rillaboom, L50, F|\n|poke|p1|Incineroar, L50, F|\n|poke|p1|Corviknight, L50, F|\n|poke|p1|Farigiraf, L50, F|\n|poke|p2|Iron Jugulis, L50|\n|poke|p2|Miraidon, L50|\n|poke|p2|Calyrex-Ice, L50|\n|poke|p2|Iron Hands, L50|\n|poke|p2|Farigiraf, L50, M|\n|poke|p2|Volcarona, L50, F|\n|teampreview|4\n|showteam|p1|Zekrom||ClearAmulet|Teravolt|FusionBolt,DragonClaw,DragonDance,Protect||||||50|,,,,,Fairy]Reshiram||ChoiceScarf|Turboblaze|FusionFlare,ShadowBall,DracoMeteor,HeatWave||||||50|,,,,,Fairy]Rillaboom||AssaultVest|GrassySurge|WoodHammer,FakeOut,HighHorsepower,GrassyGlide|||F|||50|,,,,,Fire]Incineroar||SitrusBerry|Intimidate|FlareBlitz,KnockOff,FakeOut,PartingShot|||F|||50|,,,,,Grass]Corviknight||CovertCloak|MirrorArmor|Taunt,BulkUp,BraveBird,Roost|||F|||50|,,,,,Dragon]Farigiraf||GrassySeed|ArmorTail|TrickRoom,Imprison,DazzlingGleam,HelpingHand|||F|||50|,,,,,Fairy\n|showteam|p2|Iron Jugulis||BoosterEnergy|QuarkDrive|Tailwind,Snarl,Protect,AirSlash||||||50|,,,,,Water]Miraidon||ChoiceSpecs|HadronEngine|VoltSwitch,DazzlingGleam,ElectroDrift,DracoMeteor||||||50|,,,,,Fairy]Calyrex-Ice||ClearAmulet|AsOneGlastrier|GlacialLance,HighHorsepower,Protect,TrickRoom||||||50|,,,,,Fire]Iron Hands||AssaultVest|QuarkDrive|FakeOut,WildCharge,LowKick,HeavySlam||||||50|,,,,,Water]Farigiraf||ElectricSeed|ArmorTail|TrickRoom,HelpingHand,Psychic,FoulPlay|||M|||50|,,,,,Water]Volcarona||SitrusBerry|FlameBody|RagePowder,Protect,HeatWave,QuiverDance|||F|||50|,,,,,Water\n|l|\u2606The median voter\n|player|p2|\n|j|\u2606The median voter\n|player|p2|The median voter|scientist-gen4dp|\n|\n|t:|1746154556\n|start\n|switch|p1a: Incineroar|Incineroar, L50, F|100/100\n|switch|p1b: Reshiram|Reshiram, L50|100/100\n|switch|p2a: Volcarona|Volcarona, L50, F|100/100\n|switch|p2b: Calyrex|Calyrex-Ice, L50|100/100\n|-ability|p2b: Calyrex|As One\n|-ability|p2b: Calyrex|Unnerve\n|-ability|p1b: Reshiram|Turboblaze\n|-ability|p1a: Incineroar|Intimidate|boost\n|-unboost|p2a: Volcarona|atk|1\n|-fail|p2b: Calyrex|unboost|[from] item: Clear Amulet|[of] p2b: Calyrex\n|turn|1\n|\n|t:|1746154579\n|move|p2b: Calyrex|Protect|p2b: Calyrex\n|-singleturn|p2b: Calyrex|Protect\n|move|p1a: Incineroar|Fake Out|p2a: Volcarona\n|-damage|p2a: Volcarona|92/100\n|move|p1b: Reshiram|Heat Wave|p2a: Volcarona|[spread] p2a\n|-activate|p2b: Calyrex|move: Protect\n|-damage|p2a: Volcarona|54/100\n|cant|p2a: Volcarona|flinch\n|\n|upkeep\n|turn|2\n|\n|t:|1746154591\n|move|p1b: Reshiram|Heat Wave|p2b: Calyrex|[spread] p2a,p2b\n|-supereffective|p2b: Calyrex\n|-damage|p2a: Volcarona|18/100\n|-damage|p2b: Calyrex|43/100\n|-enditem|p2a: Volcarona|Sitrus Berry|[eat]\n|-heal|p2a: Volcarona|43/100|[from] item: Sitrus Berry\n|move|p2a: Volcarona|Quiver Dance|p2a: Volcarona\n|-boost|p2a: Volcarona|spa|1\n|-boost|p2a: Volcarona|spd|1\n|-boost|p2a: Volcarona|spe|1\n|move|p2b: Calyrex|Glacial Lance|p1a: Incineroar|[spread] p1a,p1b\n|-resisted|p1a: Incineroar\n|-damage|p1a: Incineroar|75/100\n|-damage|p1b: Reshiram|48/100\n|move|p1a: Incineroar|Knock Off|p2b: Calyrex\n|-supereffective|p2b: Calyrex\n|-damage|p2b: Calyrex|0 fnt\n|-enditem|p2b: Calyrex|Clear Amulet|[from] move: Knock Off|[of] p1a: Incineroar\n|faint|p2b: Calyrex\n|\n|upkeep\n|\n|t:|1746154597\n|switch|p2b: Miraidon|Miraidon, L50|100/100\n|-fieldstart|move: Electric Terrain|[from] ability: Hadron Engine|[of] p2b: Miraidon\n|turn|3\n|\n|t:|1746154612\n|switch|p1b: Rillaboom|Rillaboom, L50, F|100/100\n|-fieldstart|move: Grassy Terrain|[from] ability: Grassy Surge|[of] p1b: Rillaboom\n|move|p2a: Volcarona|Protect|p2a: Volcarona\n|-singleturn|p2a: Volcarona|Protect\n|move|p2b: Miraidon|Volt Switch|p1a: Incineroar\n|-damage|p1a: Incineroar|28/100\n|-enditem|p1a: Incineroar|Sitrus Berry|[eat]\n|-heal|p1a: Incineroar|52/100|[from] item: Sitrus Berry\n|\n|t:|1746154624\n|switch|p2b: Iron Hands|Iron Hands, L50|100/100|[from] Volt Switch\n|move|p1a: Incineroar|Knock Off|p2a: Volcarona\n|-activate|p2a: Volcarona|move: Protect\n|\n|-heal|p2a: Volcarona|49/100|[from] Grassy Terrain\n|-heal|p1a: Incineroar|58/100|[from] Grassy Terrain\n|upkeep\n|turn|4\n|\n|t:|1746154633\n|-end|p2b: Iron Hands|Quark Drive|[silent]\n|switch|p2b: Miraidon|Miraidon, L50|100/100\n|-fieldstart|move: Electric Terrain|[from] ability: Hadron Engine|[of] p2b: Miraidon\n|move|p1b: Rillaboom|Fake Out|p2a: Volcarona\n|-damage|p2a: Volcarona|39/100\n|cant|p2a: Volcarona|flinch\n|move|p1a: Incineroar|Parting Shot|p2b: Miraidon\n|-unboost|p2b: Miraidon|atk|1\n|-unboost|p2b: Miraidon|spa|1\n|\n|t:|1746154645\n|switch|p1a: Corviknight|Corviknight, L50, F|100/100|[from] Parting Shot\n|\n|upkeep\n|turn|5\n|\n|t:|1746154657\n|switch|p1b: Incineroar|Incineroar, L50, F|58/100\n|-ability|p1b: Incineroar|Intimidate|boost\n|-unboost|p2a: Volcarona|atk|1\n|-unboost|p2b: Miraidon|atk|1\n|-terastallize|p1a: Corviknight|Dragon\n|move|p2a: Volcarona|Heat Wave|p1a: Corviknight|[spread] p1a,p1b\n|-resisted|p1a: Corviknight\n|-resisted|p1b: Incineroar\n|-damage|p1a: Corviknight|83/100\n|-damage|p1b: Incineroar|40/100\n|move|p2b: Miraidon|Dazzling Gleam|p1a: Corviknight|[spread] p1a,p1b\n|-supereffective|p1a: Corviknight\n|-crit|p1b: Incineroar\n|-damage|p1a: Corviknight|43/100\n|-damage|p1b: Incineroar|0 fnt\n|faint|p1b: Incineroar\n|move|p1a: Corviknight|Brave Bird|p2a: Volcarona\n|-supereffective|p2a: Volcarona\n|-damage|p2a: Volcarona|0 fnt\n|faint|p2a: Volcarona\n|-damage|p1a: Corviknight|32/100|[from] Recoil\n|\n|upkeep\n|\n|t:|1746154673\n|switch|p2a: Iron Hands|Iron Hands, L50|100/100\n|switch|p1b: Rillaboom|Rillaboom, L50, F|100/100\n|-fieldstart|move: Grassy Terrain|[from] ability: Grassy Surge|[of] p1b: Rillaboom\n|turn|6\n|\n|t:|1746154692\n|move|p1b: Rillaboom|Fake Out|p2b: Miraidon\n|-damage|p2b: Miraidon|89/100\n|cant|p2b: Miraidon|flinch\n|move|p1a: Corviknight|Roost|p1a: Corviknight\n|-heal|p1a: Corviknight|82/100\n|move|p2a: Iron Hands|Low Kick|p1b: Rillaboom\n|-damage|p1b: Rillaboom|64/100\n|\n|-heal|p2b: Miraidon|95/100|[from] Grassy Terrain\n|-heal|p1b: Rillaboom|70/100|[from] Grassy Terrain\n|-heal|p1a: Corviknight|88/100|[from] Grassy Terrain\n|upkeep\n|turn|7\n|\n|t:|1746154709\n|move|p2b: Miraidon|Dazzling Gleam|p1a: Corviknight|[spread] p1a,p1b\n|-supereffective|p1a: Corviknight\n|-damage|p1a: Corviknight|57/100\n|-damage|p1b: Rillaboom|53/100\n|move|p1b: Rillaboom|High Horsepower|p2a: Iron Hands\n|-supereffective|p2a: Iron Hands\n|-damage|p2a: Iron Hands|61/100\n|move|p1a: Corviknight|Brave Bird|p2a: Iron Hands\n|-damage|p2a: Iron Hands|37/100\n|-damage|p1a: Corviknight|47/100|[from] Recoil\n|move|p2a: Iron Hands|Low Kick|p1b: Rillaboom\n|-damage|p1b: Rillaboom|19/100\n|\n|-heal|p2b: Miraidon|100/100|[from] Grassy Terrain\n|-heal|p1b: Rillaboom|25/100|[from] Grassy Terrain\n|-heal|p1a: Corviknight|53/100|[from] Grassy Terrain\n|-heal|p2a: Iron Hands|43/100|[from] Grassy Terrain\n|upkeep\n|turn|8\n|inactive|Battle timer is ON: inactive players will automatically lose when time's up. (requested by jalo3705)\n|\n|t:|1746154731\n|-terastallize|p2a: Iron Hands|Water\n|move|p1b: Rillaboom|Grassy Glide|p2a: Iron Hands\n|-supereffective|p2a: Iron Hands\n|-damage|p2a: Iron Hands|3/100\n|move|p2b: Miraidon|Dazzling Gleam|p1b: Rillaboom|[spread] p1a,p1b\n|-supereffective|p1a: Corviknight\n|-damage|p1a: Corviknight|19/100\n|-damage|p1b: Rillaboom|8/100\n|move|p1a: Corviknight|Brave Bird|p2a: Iron Hands\n|-damage|p2a: Iron Hands|0 fnt\n|faint|p2a: Iron Hands\n|-end|p2a: Iron Hands|Quark Drive|[silent]\n|-damage|p1a: Corviknight|18/100|[from] Recoil\n|\n|-heal|p1b: Rillaboom|14/100|[from] Grassy Terrain\n|-heal|p1a: Corviknight|24/100|[from] Grassy Terrain\n|upkeep\n|turn|9\n|\n|t:|1746154743\n|move|p1b: Rillaboom|Grassy Glide|p2b: Miraidon\n|-resisted|p2b: Miraidon\n|-damage|p2b: Miraidon|86/100\n|move|p2b: Miraidon|Dazzling Gleam|p1a: Corviknight|[spread] p1a,p1b\n|-supereffective|p1a: Corviknight\n|-damage|p1a: Corviknight|0 fnt\n|-damage|p1b: Rillaboom|0 fnt\n|faint|p1a: Corviknight\n|faint|p1b: Rillaboom\n|\n|-heal|p2b: Miraidon|92/100|[from] Grassy Terrain\n|upkeep\n|\n|t:|1746154745\n|switch|p1a: Reshiram|Reshiram, L50|48/100\n|-ability|p1a: Reshiram|Turboblaze\n|turn|10\n|\n|t:|1746154751\n|move|p1a: Reshiram|Draco Meteor|p2b: Miraidon\n|-supereffective|p2b: Miraidon\n|-damage|p2b: Miraidon|0 fnt\n|-unboost|p1a: Reshiram|spa|2\n|faint|p2b: Miraidon\n|\n|win|jalo3705\n||The median voter is ready for game 2.\n|l|\u2606The median voter\n|player|p2|\n|inactive|jalo3705 has 30 seconds to confirm battle start!\n||jalo3705 is ready for game 2.\n|uhtml|next|Next: <a href=\"/battle-gen9vgc2025regibo3-2355118189\"><strong>Game 2 of 3</strong></a>\n", "uploadtime": 1746155118, "views": 3, "formatid": "gen9vgc2025regibo3", "rating": null, "private": 0, "password": null}