{"id": "gen9vgc2025regibo3-2354572910", "format": "[Gen 9] VGC 2025 Reg I (Bo3)", "players": ["Chef Crabracadabra", "pepe1994uchia"], "log": "|j|\u2606Chef Crabracadabra\n|j|\u2606pepe1994uchia\n|html|<table width=\"100%\"><tr><td align=\"left\">Chef Crabracadabra</td><td align=\"right\">pepe1994uchia</tr><tr><td align=\"left\"><i class=\"fa fa-circle-o\"></i> <i class=\"fa fa-circle-o\"></i> </td><td align=\"right\"><i class=\"fa fa-circle-o\"></i> <i class=\"fa fa-circle-o\"></i> </tr></table>\n|uhtml|bestof|<h2><strong>Game 1</strong> of <a href=\"/game-bestof3-gen9vgc2025regibo3-2354572908\">a best-of-3</a></h2>\n|t:|1746096768\n|gametype|doubles\n|player|p1|Chef Crabracadabra|dawn|1241\n|player|p2|pepe1994uchia|n|1148\n|teamsize|p1|6\n|teamsize|p2|6\n|gen|9\n|tier|[Gen 9] VGC 2025 Reg I (Bo3)\n|rated|\n|rule|Species Clause: Limit one of each Pok\u00e9mon\n|rule|Item Clause: Limit 1 of each item\n|clearpoke\n|poke|p1|Calyrex-Shadow, L50|\n|poke|p1|Terapagos, L50, M|\n|poke|p1|Incineroar, L50, M|\n|poke|p1|Rillaboom, L50, F|\n|poke|p1|Amoonguss, L50, M|\n|poke|p1|Urshifu-*, L50, M|\n|poke|p2|Koraidon, L50|\n|poke|p2|Ho-Oh, L50|\n|poke|p2|Iron Crown, L50|\n|poke|p2|Umbreon, L50, M|\n|poke|p2|Indeedee-F, L50, F|\n|poke|p2|Raging Bolt, L50|\n|teampreview|4\n|showteam|p1|Calyrex-Shadow||FocusSash|AsOneSpectrier|AstralBarrage,WillOWisp,Disable,Protect||||||50|,,,,,Ghost]Terapagos||Leftovers|TeraShift|TeraStarstorm,EarthPower,CalmMind,Protect|||M|||50|,,,,,Stellar]Incineroar||SafetyGoggles|Intimidate|WillOWisp,KnockOff,FakeOut,PartingShot|||M|||50|,,,,,Bug]Rillaboom||AssaultVest|GrassySurge|FakeOut,WoodHammer,Uturn,GrassyGlide|||F|||50|,,,,,Grass]Amoonguss||RockyHelmet|Regenerator|Protect,Spore,RagePowder,SludgeBomb|||M|||50|,,,,,Water]Urshifu-Rapid-Strike||ChoiceScarf|UnseenFist|RockTomb,SurgingStrikes,Uturn,CloseCombat|||M|||50|,,,,,Water\n|showteam|p2|Koraidon||ClearAmulet|OrichalcumPulse|FlareBlitz,CollisionCourse,BreakingSwipe,Protect||||||50|,,,,,Fire]Ho-Oh||RockyHelmet|Regenerator|SacredFire,BraveBird,Tailwind,Protect||||||50|,,,,,Dragon]Iron Crown||BoosterEnergy|QuarkDrive|ExpandingForce,TachyonCutter,TeraBlast,Protect||||||50|,,,,,Ground]Umbreon||SafetyGoggles|InnerFocus|FoulPlay,ThunderWave,Taunt,Yawn|||M|||50|,,,,,Water]Indeedee-F||PsychicSeed|PsychicSurge|Psychic,Imprison,FollowMe,TrickRoom|||F|||50|,,,,,Fairy]Raging Bolt||AssaultVest|Protosynthesis|DracoMeteor,Thunderbolt,Thunderclap,Electroweb||||||50|,,,,,Bug\n|\n|t:|1746096814\n|start\n|switch|p1a: Terapagos|Terapagos, L50, M|100/100\n|switch|p1b: Urshifu|Urshifu-Rapid-Strike, L50, M|100/100\n|switch|p2a: Umbreon|Umbreon, L50, M, shiny|100/100\n|switch|p2b: Indeedee|Indeedee-F, L50, F|100/100\n|-activate|p1a: Terapagos|ability: Tera Shift\n|detailschange|p1a: Terapagos|Terapagos-Terastal, L50, M\n|-heal|p1a: Terapagos|100/100|[silent]\n|-fieldstart|move: Psychic Terrain|[from] ability: Psychic Surge|[of] p2b: Indeedee\n|-enditem|p2b: Indeedee|Psychic Seed\n|-boost|p2b: Indeedee|spd|1|[from] item: Psychic Seed\n|turn|1\n|\n|t:|1746096853\n|move|p1b: Urshifu|U-turn|p2b: Indeedee\n|-supereffective|p2b: Indeedee\n|-damage|p2b: Indeedee|50/100\n|\n|t:|1746096863\n|switch|p1b: Amoonguss|Amoonguss, L50, M|100/100|[from] U-turn\n|move|p1a: Terapagos|Tera Starstorm|p2b: Indeedee\n|-damage|p2b: Indeedee|17/100\n|move|p2b: Indeedee|Psychic|p1b: Amoonguss\n|-supereffective|p1b: Amoonguss\n|-damage|p1b: Amoonguss|43/100\n|move|p2a: Umbreon|Taunt|p1a: Terapagos\n|-start|p1a: Terapagos|move: Taunt\n|\n|upkeep\n|turn|2\n|\n|t:|1746096878\n|switch|p1b: Urshifu|Urshifu-Rapid-Strike, L50, M|100/100\n|move|p1a: Terapagos|Tera Starstorm|p2b: Indeedee\n|-damage|p2b: Indeedee|0 fnt\n|faint|p2b: Indeedee\n|move|p2a: Umbreon|Yawn|p1a: Terapagos\n|-start|p1a: Terapagos|move: Yawn|[of] p2a: Umbreon\n|\n|upkeep\n|\n|t:|1746096884\n|switch|p2b: Ho-Oh|Ho-Oh, L50|100/100\n|turn|3\n|\n|t:|1746096931\n|switch|p2a: Koraidon|Koraidon, L50|100/100\n|-weather|SunnyDay|[from] ability: Orichalcum Pulse|[of] p2a: Koraidon\n|-activate|p2a: Koraidon|Orichalcum Pulse|[source]\n|-terastallize|p1a: Terapagos|Stellar\n|detailschange|p1a: Terapagos|Terapagos-Stellar, L50, M, tera:Stellar\n|-heal|p1a: Terapagos|100/100|[silent]\n|-ability|p1a: Terapagos|Teraform Zero\n|-weather|none\n|-fieldend|move: Psychic Terrain\n|move|p1b: Urshifu|Surging Strikes|p2b: Ho-Oh\n|-supereffective|p2b: Ho-Oh\n|-crit|p2b: Ho-Oh\n|-damage|p2b: Ho-Oh|63/100\n|-damage|p1b: Urshifu|84/100|[from] item: Rocky Helmet|[of] p2b: Ho-Oh\n|-supereffective|p2b: Ho-Oh\n|-crit|p2b: Ho-Oh\n|-damage|p2b: Ho-Oh|26/100\n|-damage|p1b: Urshifu|68/100|[from] item: Rocky Helmet|[of] p2b: Ho-Oh\n|-supereffective|p2b: Ho-Oh\n|-crit|p2b: Ho-Oh\n|-damage|p2b: Ho-Oh|0 fnt\n|-damage|p1b: Urshifu|51/100|[from] item: Rocky Helmet|[of] p2b: Ho-Oh\n|faint|p2b: Ho-Oh\n|-hitcount|p2: Ho-Oh|3\n|move|p1a: Terapagos|Tera Starstorm|p2a: Koraidon\n|-damage|p2a: Koraidon|61/100\n|\n|-end|p1a: Terapagos|move: Yawn|[silent]\n|-status|p1a: Terapagos|slp\n|upkeep\n|\n|t:|1746096955\n|switch|p2b: Umbreon|Umbreon, L50, M, shiny|100/100\n|turn|4\n|\n|t:|1746096970\n|switch|p1b: Calyrex|Calyrex-Shadow, L50|100/100\n|-ability|p1b: Calyrex|As One\n|-ability|p1b: Calyrex|Unnerve\n|move|p2a: Koraidon|Collision Course|p1a: Terapagos\n|-supereffective|p1a: Terapagos\n|-damage|p1a: Terapagos|28/100 slp\n|cant|p1a: Terapagos|slp\n|move|p2b: Umbreon|Thunder Wave|p1b: Calyrex\n|-status|p1b: Calyrex|par\n|\n|-heal|p1a: Terapagos|34/100 slp|[from] item: Leftovers\n|-end|p1a: Terapagos|move: Taunt\n|upkeep\n|turn|5\n|\n|t:|1746096987\n|move|p2a: Koraidon|Collision Course|p1a: Terapagos\n|-supereffective|p1a: Terapagos\n|-damage|p1a: Terapagos|0 fnt\n|faint|p1a: Terapagos\n|move|p1b: Calyrex|Astral Barrage|p2a: Koraidon|[spread] p2a,p2b\n|-resisted|p2b: Umbreon\n|-damage|p2a: Koraidon|13/100\n|-damage|p2b: Umbreon|84/100\n|move|p2b: Umbreon|Foul Play|p1b: Calyrex\n|-supereffective|p1b: Calyrex\n|-damage|p1b: Calyrex|7/100 par\n|\n|upkeep\n|\n|t:|1746096995\n|switch|p1a: Urshifu|Urshifu-Rapid-Strike, L50, M|51/100\n|turn|6\n|\n|t:|1746097027\n|move|p1a: Urshifu|Close Combat|p2a: Koraidon\n|-damage|p2a: Koraidon|0 fnt\n|-unboost|p1a: Urshifu|def|1\n|-unboost|p1a: Urshifu|spd|1\n|faint|p2a: Koraidon\n|move|p1b: Calyrex|Will-O-Wisp|p2b: Umbreon\n|-status|p2b: Umbreon|brn\n|move|p2b: Umbreon|Foul Play|p1b: Calyrex\n|-supereffective|p1b: Calyrex\n|-damage|p1b: Calyrex|0 fnt\n|faint|p1b: Calyrex\n|\n|-damage|p2b: Umbreon|78/100 brn|[from] brn\n|upkeep\n|\n|t:|1746097033\n|switch|p1b: Amoonguss|Amoonguss, L50, M|76/100\n|turn|7\n|\n|t:|1746097039\n|-terastallize|p2b: Umbreon|Water\n|move|p1a: Urshifu|Close Combat|p2b: Umbreon\n|-damage|p2b: Umbreon|33/100 brn\n|-unboost|p1a: Urshifu|def|1\n|-unboost|p1a: Urshifu|spd|1\n|move|p2b: Umbreon|Yawn|p1a: Urshifu\n|-start|p1a: Urshifu|move: Yawn|[of] p2b: Umbreon\n|move|p1b: Amoonguss|Sludge Bomb|p2b: Umbreon\n|-damage|p2b: Umbreon|16/100 brn\n|\n|-damage|p2b: Umbreon|10/100 brn|[from] brn\n|upkeep\n|turn|8\n|\n|t:|1746097050\n|move|p1a: Urshifu|Close Combat|p2b: Umbreon\n|-damage|p2b: Umbreon|0 fnt\n|-unboost|p1a: Urshifu|def|1\n|-unboost|p1a: Urshifu|spd|1\n|faint|p2b: Umbreon\n|\n|win|Chef Crabracadabra\n||pepe1994uchia is ready for game 2.\n||Chef Crabracadabra is ready for game 2.\n|uhtml|next|Next: <a href=\"/battle-gen9vgc2025regibo3-2354574571\"><strong>Game 2 of 3</strong></a>\n|l|\u2606Chef Crabracadabra\n|player|p1|\n", "uploadtime": 1746097334, "views": 14, "formatid": "gen9vgc2025regibo3", "rating": null, "private": 0, "password": null}