{"id": "gen9vgc2025regibo3-2355114661", "format": "[Gen 9] VGC 2025 Reg I (Bo3)", "players": ["leooelyc", "oaml_luos"], "log": "|j|\u2606leooelyc\n|j|\u2606oaml_luos\n|html|<table width=\"100%\"><tr><td align=\"left\">leooelyc</td><td align=\"right\">oaml_luos</tr><tr><td align=\"left\"><i class=\"fa fa-circle-o\"></i> <i class=\"fa fa-circle-o\"></i> </td><td align=\"right\"><i class=\"fa fa-circle-o\"></i> <i class=\"fa fa-circle-o\"></i> </tr></table>\n|uhtml|bestof|<h2><strong>Game 1</strong> of <a href=\"/game-bestof3-gen9vgc2025regibo3-2355114660\">a best-of-3</a></h2>\n|t:|1746154310\n|gametype|doubles\n|player|p1|leooelyc|brawly|1132\n|player|p2|oaml_luos|102|1198\n|teamsize|p1|6\n|teamsize|p2|6\n|gen|9\n|tier|[Gen 9] VGC 2025 Reg I (Bo3)\n|rated|\n|rule|Species Clause: Limit one of each Pok\u00e9mon\n|rule|Item Clause: Limit 1 of each item\n|clearpoke\n|poke|p1|Calyrex-Shadow, L50|\n|poke|p1|Zamazenta-*, L50|\n|poke|p1|Indeedee-F, L50, F|\n|poke|p1|Incineroar, L50, F|\n|poke|p1|Urshifu-*, L50, M|\n|poke|p1|Whimsicott, L50, M|\n|poke|p2|Calyrex-Ice, L50|\n|poke|p2|Miraidon, L50|\n|poke|p2|Roaring Moon, L50|\n|poke|p2|Ogerpon-Hearthflame, L50, F|\n|poke|p2|Landorus, L50, M|\n|poke|p2|Amoonguss, L50, M|\n|teampreview|4\n|showteam|p1|Calyrex-Shadow||FocusSash|AsOneSpectrier|AstralBarrage,ExpandingForce,Protect,DarkPulse||||||50|,,,,,Ghost]Zamazenta-Crowned||RustedShield|DauntlessShield|WideGuard,Protect,HeavySlam,BodyPress||||||50|,,,,,Dragon]Indeedee-F||PsychicSeed|PsychicSurge|FollowMe,TrickRoom,Psychic,Protect|||F|||50|,,,,,Psychic]Incineroar||SafetyGoggles|Intimidate|FakeOut,KnockOff,FlareBlitz,WillOWisp|||F|||50|,,,,,Ghost]Urshifu||ChoiceScarf|UnseenFist|CloseCombat,WickedBlow,Uturn,PoisonJab|||M|||50|,,,,,Poison]Whimsicott||CovertCloak|Prankster|Tailwind,Moonblast,SunnyDay,Protect|||M|||50|,,,,,Fairy\n|showteam|p2|Calyrex-Ice||ClearAmulet|AsOneGlastrier|Protect,TrickRoom,GlacialLance,HighHorsepower||||||50|,,,,,Fire]Miraidon||LifeOrb|HadronEngine|Protect,ElectroDrift,DracoMeteor,Substitute||||||50|,,,,,Electric]Roaring Moon||BoosterEnergy|Protosynthesis|Protect,Tailwind,KnockOff,Acrobatics||||||50|,,,,,Flying]Ogerpon-Hearthflame||HearthflameMask|MoldBreaker|SpikyShield,FollowMe,IvyCudgel,HornLeech|||F|||50|,,,,,Fire]Landorus||EarthPlate|SheerForce|Protect,EarthPower,SludgeBomb,SandsearStorm|||M|||50|,,,,,Water]Amoonguss||CovertCloak|Regenerator|Protect,RagePowder,SludgeBomb,Spore|||M|||50|,,,,,Water\n|inactive|Battle timer is ON: inactive players will automatically lose when time's up. (requested by leooelyc)\n|inactive|leooelyc has 60 seconds left.\n|inactive|oaml_luos has 60 seconds left.\n|inactive|leooelyc has 30 seconds left.\n|inactive|leooelyc has 20 seconds left.\n|inactive|leooelyc has 15 seconds left.\n|inactive|leooelyc has 10 seconds left.\n|inactive|leooelyc has 5 seconds left.\n|\n|t:|1746154398\n|start\n|switch|p1a: Calyrex|Calyrex-Shadow, L50|100/100\n|switch|p1b: Incineroar|Incineroar, L50, F|100/100\n|switch|p2a: Harbinger|Roaring Moon, L50, shiny|100/100\n|switch|p2b: Dionysos|Landorus, L50, M|100/100\n|-ability|p1a: Calyrex|As One\n|-ability|p1a: Calyrex|Unnerve\n|-ability|p1b: Incineroar|Intimidate|boost\n|-unboost|p2a: Harbinger|atk|1\n|-unboost|p2b: Dionysos|atk|1\n|-enditem|p2a: Harbinger|Booster Energy\n|-activate|p2a: Harbinger|ability: Protosynthesis|[fromitem]\n|-start|p2a: Harbinger|protosynthesisspe\n|turn|1\n|inactive|leooelyc has 30 seconds left.\n|\n|t:|1746154432\n|switch|p1b: Urshifu|Urshifu, L50, M|100/100\n|move|p2a: Harbinger|Protect|p2a: Harbinger\n|-singleturn|p2a: Harbinger|Protect\n|move|p2b: Dionysos|Protect|p2b: Dionysos\n|-singleturn|p2b: Dionysos|Protect\n|move|p1a: Calyrex|Astral Barrage|p2a: Harbinger|[spread] \n|-activate|p2a: Harbinger|move: Protect\n|-activate|p2b: Dionysos|move: Protect\n|\n|upkeep\n|turn|2\n|inactive|leooelyc has 30 seconds left.\n|\n|t:|1746154461\n|-terastallize|p1a: Calyrex|Ghost\n|move|p2a: Harbinger|Tailwind|p2a: Harbinger\n|-sidestart|p2: oaml_luos|move: Tailwind\n|move|p2b: Dionysos|Sandsear Storm|p1a: Calyrex|[spread] p1a,p1b\n|-damage|p1a: Calyrex|40/100\n|-damage|p1b: Urshifu|23/100\n|move|p1b: Urshifu|Close Combat|p2a: Harbinger\n|-supereffective|p2a: Harbinger\n|-damage|p2a: Harbinger|0 fnt\n|-unboost|p1b: Urshifu|def|1\n|-unboost|p1b: Urshifu|spd|1\n|faint|p2a: Harbinger\n|-end|p2a: Harbinger|Protosynthesis|[silent]\n|move|p1a: Calyrex|Astral Barrage|p2b: Dionysos\n|-damage|p2b: Dionysos|0 fnt\n|faint|p2b: Dionysos\n|-ability|p1a: Calyrex|Grim Neigh|boost\n|-boost|p1a: Calyrex|spa|1\n|\n|upkeep\n|\n|t:|1746154470\n|switch|p2a: ELECTROSNEK|Miraidon, L50|100/100\n|switch|p2b: Unfair HONSE|Calyrex-Ice, L50|100/100\n|-ability|p2b: Unfair HONSE|As One\n|-ability|p2b: Unfair HONSE|Unnerve\n|-fieldstart|move: Electric Terrain|[from] ability: Hadron Engine|[of] p2a: ELECTROSNEK\n|turn|3\n|inactive|leooelyc has 30 seconds left.\n|\n|t:|1746154500\n|-terastallize|p2b: Unfair HONSE|Fire\n|move|p1a: Calyrex|Protect|p1a: Calyrex\n|-singleturn|p1a: Calyrex|Protect\n|move|p2a: ELECTROSNEK|Electro Drift|p1a: Calyrex\n|-activate|p1a: Calyrex|move: Protect\n|move|p1b: Urshifu|Close Combat|p2b: Unfair HONSE\n|-damage|p2b: Unfair HONSE|62/100\n|-unboost|p1b: Urshifu|def|1\n|-unboost|p1b: Urshifu|spd|1\n|move|p2b: Unfair HONSE|Glacial Lance|p1a: Calyrex|[spread] p1b\n|-activate|p1a: Calyrex|move: Protect\n|-damage|p1b: Urshifu|0 fnt\n|faint|p1b: Urshifu\n|-ability|p2b: Unfair HONSE|Chilling Neigh|boost\n|-boost|p2b: Unfair HONSE|atk|1\n|\n|upkeep\n|\n|t:|1746154520\n|switch|p1b: Incineroar|Incineroar, L50, F|100/100\n|-ability|p1b: Incineroar|Intimidate|boost\n|-unboost|p2a: ELECTROSNEK|atk|1\n|-fail|p2b: Unfair HONSE|unboost|[from] item: Clear Amulet|[of] p2b: Unfair HONSE\n|turn|4\n|inactive|leooelyc has 30 seconds left.\n|\n|t:|1746154551\n|move|p2a: ELECTROSNEK|Protect|p2a: ELECTROSNEK\n|-singleturn|p2a: ELECTROSNEK|Protect\n|move|p2b: Unfair HONSE|Protect|p2b: Unfair HONSE\n|-singleturn|p2b: Unfair HONSE|Protect\n|move|p1b: Incineroar|Fake Out|p2a: ELECTROSNEK\n|-activate|p2a: ELECTROSNEK|move: Protect\n|move|p1a: Calyrex|Astral Barrage|p2b: Unfair HONSE|[spread] \n|-activate|p2a: ELECTROSNEK|move: Protect\n|-activate|p2b: Unfair HONSE|move: Protect\n|\n|upkeep\n|turn|5\n|inactive|leooelyc has 30 seconds left.\n|\n|t:|1746154584\n|switch|p1b: Zamazenta|Zamazenta-Crowned, L50|100/100\n|-ability|p1b: Zamazenta|Dauntless Shield|boost\n|-boost|p1b: Zamazenta|def|1\n|move|p1a: Calyrex|Protect|p1a: Calyrex\n|-singleturn|p1a: Calyrex|Protect\n|move|p2a: ELECTROSNEK|Electro Drift|p1a: Calyrex\n|-activate|p1a: Calyrex|move: Protect\n|move|p2b: Unfair HONSE|Trick Room|p2b: Unfair HONSE\n|-fieldstart|move: Trick Room|[of] p2b: Unfair HONSE\n|\n|-sideend|p2: oaml_luos|move: Tailwind\n|upkeep\n|turn|6\n|inactive|leooelyc has 30 seconds left.\n|inactive|leooelyc has 20 seconds left.\n|\n|t:|1746154619\n|switch|p1a: Incineroar|Incineroar, L50, F|100/100\n|-ability|p1a: Incineroar|Intimidate|boost\n|-unboost|p2a: ELECTROSNEK|atk|1\n|-fail|p2b: Unfair HONSE|unboost|[from] item: Clear Amulet|[of] p2b: Unfair HONSE\n|move|p2b: Unfair HONSE|High Horsepower|p1a: Incineroar\n|-supereffective|p1a: Incineroar\n|-damage|p1a: Incineroar|4/100\n|move|p1b: Zamazenta|Body Press|p2b: Unfair HONSE\n|-damage|p2b: Unfair HONSE|16/100\n|move|p2a: ELECTROSNEK|Electro Drift|p1b: Zamazenta\n|-damage|p1b: Zamazenta|11/100\n|-damage|p2a: ELECTROSNEK|91/100|[from] item: Life Orb\n|\n|upkeep\n|turn|7\n|inactive|leooelyc has 30 seconds left.\n|inactive|leooelyc has 20 seconds left.\n|inactive|leooelyc has 15 seconds left.\n|\n|t:|1746154663\n|switch|p1a: Calyrex|Calyrex-Shadow, L50, tera:Ghost|40/100\n|-ability|p1a: Calyrex|As One\n|-ability|p1a: Calyrex|Unnerve\n|move|p2b: Unfair HONSE|Protect|p2b: Unfair HONSE\n|-singleturn|p2b: Unfair HONSE|Protect\n|move|p1b: Zamazenta|Protect|p1b: Zamazenta\n|-singleturn|p1b: Zamazenta|Protect\n|move|p2a: ELECTROSNEK|Electro Drift|p1a: Calyrex\n|-damage|p1a: Calyrex|0 fnt\n|faint|p1a: Calyrex\n|-damage|p2a: ELECTROSNEK|81/100|[from] item: Life Orb\n|\n|-fieldend|move: Electric Terrain\n|upkeep\n|\n|t:|1746154678\n|switch|p1a: Incineroar|Incineroar, L50, F|4/100\n|-ability|p1a: Incineroar|Intimidate|boost\n|-unboost|p2a: ELECTROSNEK|atk|1\n|-fail|p2b: Unfair HONSE|unboost|[from] item: Clear Amulet|[of] p2b: Unfair HONSE\n|turn|8\n|\n|t:|1746154697\n|move|p1a: Incineroar|Fake Out|p2b: Unfair HONSE\n|-damage|p2b: Unfair HONSE|10/100\n|cant|p2b: Unfair HONSE|flinch\n|move|p1b: Zamazenta|Body Press|p2a: ELECTROSNEK\n|-damage|p2a: ELECTROSNEK|11/100\n|move|p2a: ELECTROSNEK|Electro Drift|p1b: Zamazenta\n|-damage|p1b: Zamazenta|0 fnt\n|faint|p1b: Zamazenta\n|-damage|p2a: ELECTROSNEK|2/100|[from] item: Life Orb\n|\n|upkeep\n|turn|9\n|\n|t:|1746154717\n|move|p1a: Incineroar|Knock Off|p2b: Unfair HONSE\n|-crit|p2b: Unfair HONSE\n|-damage|p2b: Unfair HONSE|0 fnt\n|-enditem|p2b: Unfair HONSE|Clear Amulet|[from] move: Knock Off|[of] p1a: Incineroar\n|faint|p2b: Unfair HONSE\n|move|p2a: ELECTROSNEK|Electro Drift|p1a: Incineroar\n|-damage|p1a: Incineroar|0 fnt\n|faint|p1a: Incineroar\n|-damage|p2a: ELECTROSNEK|0 fnt|[from] item: Life Orb\n|faint|p2a: ELECTROSNEK\n|\n|win|oaml_luos\n||oaml_luos is ready for game 2.\n|l|\u2606oaml_luos\n|player|p2|\n|inactive|leooelyc has 30 seconds to confirm battle start!\n||leooelyc is ready for game 2.\n|uhtml|next|Next: <a href=\"/battle-gen9vgc2025regibo3-2355117923\"><strong>Game 2 of 3</strong></a>\n", "uploadtime": 1746155032, "views": 15, "formatid": "gen9vgc2025regibo3", "rating": null, "private": 0, "password": null}