{"id": "gen9vgc2025regibo3-2354944126", "format": "[Gen 9] VGC 2025 Reg I (Bo3)", "players": ["miniat", "Danielza"], "log": "|j|\u2606miniat\n|j|\u2606Danielza\n|html|<table width=\"100%\"><tr><td align=\"left\">miniat</td><td align=\"right\">Danielza</tr><tr><td align=\"left\"><i class=\"fa fa-circle-o\"></i> <i class=\"fa fa-circle-o\"></i> </td><td align=\"right\"><i class=\"fa fa-circle-o\"></i> <i class=\"fa fa-circle\"></i> </tr></table>\n|uhtml|bestof|<h2><strong>Game 2</strong> of <a href=\"/game-bestof3-gen9vgc2025regibo3-2354942021\">a best-of-3</a></h2>\n|t:|1746134260\n|gametype|doubles\n|player|p1|miniat|cress|1127\n|player|p2|Danielza|silver|1007\n|teamsize|p1|6\n|teamsize|p2|6\n|gen|9\n|tier|[Gen 9] VGC 2025 Reg I (Bo3)\n|rated|\n|rule|Species Clause: Limit one of each Pok\u00e9mon\n|rule|Item Clause: Limit 1 of each item\n|clearpoke\n|poke|p1|Lunala, L50|\n|poke|p1|Groudon, L50|\n|poke|p1|Jumpluff, L50, F|\n|poke|p1|Indeedee-F, L50, F|\n|poke|p1|Ogerpon-Hearthflame, L50, F|\n|poke|p1|Sentret, L50, M|\n|poke|p2|Kyogre, L50|\n|poke|p2|Zacian-*, L50|\n|poke|p2|Tornadus, L50, M|\n|poke|p2|Urshifu-*, L50, F|\n|poke|p2|Chien-Pao, L50|\n|poke|p2|Rillaboom, L50, M|\n|teampreview|4\n|showteam|p1|Lunala||PowerHerb|ShadowShield|MeteorBeam,ExpandingForce,TrickRoom,MoongeistBeam||||||50|,,,,,Water]Groudon||ClearAmulet|Drought|StompingTantrum,PrecipiceBlades,HeatCrash,Protect||||||50|,,,,,Fire]Jumpluff||CovertCloak|Chlorophyll|Tailwind,Encore,SleepPowder,RagePowder|||F|||50|,,,,,Dark]Indeedee-F||PsychicSeed|PsychicSurge|TrickRoom,FollowMe,HelpingHand,AlluringVoice|||F|||50|,,,,,Grass]Ogerpon-Hearthflame||HearthflameMask|MoldBreaker|IvyCudgel,FollowMe,WoodHammer,SpikyShield|||F|||50|,,,,,Fire]Sentret||FocusSash|KeenEye|FollowMe,KnockOff,Endeavor,Protect|||M|||50|,,,,,Ghost\n|showteam|p2|Kyogre||MysticWater|Drizzle|WaterSpout,OriginPulse,IceBeam,Protect||||||50|,,,,,Grass]Zacian-Crowned||RustedSword|IntrepidSword|behemothblade,PlayRough,SacredSword,Protect||||||50|,,,,,Fairy]Tornadus||CovertCloak|Prankster|Tailwind,BleakwindStorm,RainDance,Taunt|||M|||50|,,,,,Dark]Urshifu-Rapid-Strike||ChoiceScarf|UnseenFist|SurgingStrikes,CloseCombat,AquaJet,Uturn|||F|||50|,,,,,Stellar]Chien-Pao||FocusSash|SwordofRuin|IceSpinner,SuckerPunch,SacredSword,Protect||||||50|,,,,,Ghost]Rillaboom||AssaultVest|GrassySurge|WoodHammer,GrassyGlide,Uturn,FakeOut|||M|||50|,,,,,Fire\n|\n|t:|1746134280\n|start\n|switch|p1a: Indeedee|Indeedee-F, L50, F|100/100\n|switch|p1b: Lunala|Lunala, L50|100/100\n|switch|p2a: Tornadus|Tornadus, L50, M|100/100\n|switch|p2b: Urshifu|Urshifu-Rapid-Strike, L50, F|100/100\n|-fieldstart|move: Psychic Terrain|[from] ability: Psychic Surge|[of] p1a: Indeedee\n|-enditem|p1a: Indeedee|Psychic Seed\n|-boost|p1a: Indeedee|spd|1|[from] item: Psychic Seed\n|turn|1\n|\n|t:|1746134305\n|move|p1a: Indeedee|Follow Me|p1a: Indeedee\n|-singleturn|p1a: Indeedee|move: Follow Me\n|move|p2b: Urshifu|U-turn|p1a: Indeedee\n|-supereffective|p1a: Indeedee\n|-damage|p1a: Indeedee|37/100\n|\n|t:|1746134310\n|switch|p2b: Zacian|Zacian-Crowned, L50|100/100|[from] U-turn\n|-ability|p2b: Zacian|Intrepid Sword|boost\n|-boost|p2b: Zacian|atk|1\n|move|p2a: Tornadus|Bleakwind Storm|p1a: Indeedee|[spread] p1a,p1b\n|-damage|p1a: Indeedee|20/100\n|-damage|p1b: Lunala|90/100\n|-unboost|p1b: Lunala|spe|1\n|move|p1b: Lunala|Trick Room|p1b: Lunala\n|-fieldstart|move: Trick Room|[of] p1b: Lunala\n|\n|upkeep\n|turn|2\n|\n|t:|1746134338\n|switch|p1a: Groudon|Groudon, L50|100/100\n|-weather|SunnyDay|[from] ability: Drought|[of] p1a: Groudon\n|switch|p2a: Urshifu|Urshifu-Rapid-Strike, L50, F|100/100\n|move|p1b: Lunala|Meteor Beam||[still]\n|-prepare|p1b: Lunala|Meteor Beam\n|-boost|p1b: Lunala|spa|1\n|-enditem|p1b: Lunala|Power Herb\n|-anim|p1b: Lunala|Meteor Beam|p2a: Urshifu\n|-resisted|p2a: Urshifu\n|-damage|p2a: Urshifu|49/100\n|move|p2b: Zacian|Behemoth Blade|p1b: Lunala\n|-damage|p1b: Lunala|20/100\n|\n|-weather|SunnyDay|[upkeep]\n|upkeep\n|turn|3\n|\n|t:|1746134364\n|move|p2b: Zacian|Protect|p2b: Zacian\n|-singleturn|p2b: Zacian|Protect\n|move|p1b: Lunala|Expanding Force|p2a: Urshifu|[spread] p2a\n|-activate|p2b: Zacian|move: Protect\n|-supereffective|p2a: Urshifu\n|-damage|p2a: Urshifu|0 fnt\n|faint|p2a: Urshifu\n|move|p1a: Groudon|Stomping Tantrum|p2b: Zacian\n|-activate|p2b: Zacian|move: Protect\n|\n|-weather|SunnyDay|[upkeep]\n|upkeep\n|\n|t:|1746134374\n|switch|p2a: Kyogre|Kyogre, L50|100/100\n|-weather|RainDance|[from] ability: Drizzle|[of] p2a: Kyogre\n|turn|4\n|\n|t:|1746134382\n|switch|p2b: Tornadus|Tornadus, L50, M|100/100\n|move|p2a: Kyogre|Protect|p2a: Kyogre\n|-singleturn|p2a: Kyogre|Protect\n|move|p1b: Lunala|Expanding Force|p2a: Kyogre|[spread] p2b\n|-activate|p2a: Kyogre|move: Protect\n|-damage|p2b: Tornadus|0 fnt\n|faint|p2b: Tornadus\n|move|p1a: Groudon|Precipice Blades|p2a: Kyogre\n|-activate|p2a: Kyogre|move: Protect\n|\n|-weather|RainDance|[upkeep]\n|upkeep\n|\n|t:|1746134393\n|switch|p2b: Zacian|Zacian-Crowned, L50|100/100\n|turn|5\n|\n|t:|1746134412\n|-terastallize|p2b: Zacian|Fairy\n|move|p1b: Lunala|Expanding Force|p2a: Kyogre|[spread] p2a,p2b\n|-damage|p2a: Kyogre|15/100\n|-damage|p2b: Zacian|11/100\n|move|p1a: Groudon|Stomping Tantrum|p2a: Kyogre\n|-damage|p2a: Kyogre|0 fnt\n|faint|p2a: Kyogre\n|move|p2b: Zacian|Behemoth Blade|p1a: Groudon\n|-damage|p1a: Groudon|65/100\n|\n|-weather|RainDance|[upkeep]\n|-fieldend|move: Trick Room\n|-fieldend|move: Psychic Terrain\n|upkeep\n|turn|6\n|\n|t:|1746134424\n|switch|p1a: Sentret|Sentret, L50, M|100/100\n|switch|p1b: Indeedee|Indeedee-F, L50, F|20/100\n|-fieldstart|move: Psychic Terrain|[from] ability: Psychic Surge|[of] p1b: Indeedee\n|move|p2b: Zacian|Behemoth Blade|p1b: Indeedee\n|-damage|p1b: Indeedee|0 fnt\n|faint|p1b: Indeedee\n|\n|-weather|RainDance|[upkeep]\n|upkeep\n|\n|t:|1746134429\n|switch|p1b: Groudon|Groudon, L50|65/100\n|-weather|SunnyDay|[from] ability: Drought|[of] p1b: Groudon\n|turn|7\n|\n|t:|1746134442\n|-terastallize|p1b: Groudon|Fire\n|move|p2b: Zacian|Protect|p2b: Zacian\n|-singleturn|p2b: Zacian|Protect\n|move|p1a: Sentret|Follow Me|p1a: Sentret\n|-singleturn|p1a: Sentret|move: Follow Me\n|move|p1b: Groudon|Heat Crash|p2b: Zacian\n|-activate|p2b: Zacian|move: Protect\n|\n|-weather|SunnyDay|[upkeep]\n|upkeep\n|turn|8\n|\n|t:|1746134457\n|move|p1a: Sentret|Follow Me|p1a: Sentret\n|-singleturn|p1a: Sentret|move: Follow Me\n|move|p2b: Zacian|Sacred Sword|p1a: Sentret\n|-supereffective|p1a: Sentret\n|-enditem|p1a: Sentret|Focus Sash\n|-damage|p1a: Sentret|2/100\n|move|p1b: Groudon|Heat Crash|p2b: Zacian\n|-damage|p2b: Zacian|0 fnt\n|faint|p2b: Zacian\n|\n|win|miniat\n||Danielza is ready for game 3.\n|inactive|miniat has 30 seconds to confirm battle start!\n||miniat is ready for game 3.\n|uhtml|next|Next: <a href=\"/battle-gen9vgc2025regibo3-2354946147\"><strong>Game 3 of 3</strong></a>\n|l|\u2606miniat\n|player|p1|\n|l|\u2606Danielza\n|player|p2|\n", "uploadtime": 1746134802, "views": 6, "formatid": "gen9vgc2025regibo3", "rating": null, "private": 0, "password": null}