{"id": "gen9vgc2025regibo3-2353875752", "format": "[Gen 9] VGC 2025 Reg I (Bo3)", "players": ["G00bermeister69420", "I will get you"], "log": "|j|\u2606G00bermeister69420\n|j|\u2606I will get you\n|html|<table width=\"100%\"><tr><td align=\"left\">G00bermeister69420</td><td align=\"right\">I will get you</tr><tr><td align=\"left\"><i class=\"fa fa-circle-o\"></i> <i class=\"fa fa-circle-o\"></i> </td><td align=\"right\"><i class=\"fa fa-circle-o\"></i> <i class=\"fa fa-circle\"></i> </tr></table>\n|uhtml|bestof|<h2><strong>Game 2</strong> of <a href=\"/game-bestof3-gen9vgc2025regibo3-2353874051\">a best-of-3</a></h2>\n|t:|1746013650\n|gametype|doubles\n|player|p1|G00bermeister69420|hiker-gen4|1070\n|player|p2|I will get you|2|1237\n|teamsize|p1|6\n|teamsize|p2|6\n|gen|9\n|tier|[Gen 9] VGC 2025 Reg I (Bo3)\n|rated|\n|rule|Species Clause: Limit one of each Pok\u00e9mon\n|rule|Item Clause: Limit 1 of each item\n|clearpoke\n|poke|p1|Regidrago, L50|\n|poke|p1|Zacian-*, L50|\n|poke|p1|Calyrex-Ice, L50|\n|poke|p1|Ogerpon-Cornerstone, L50, F|\n|poke|p1|Chandelure, L50, M|\n|poke|p1|Ursaluna, L50, F|\n|poke|p2|Calyrex-Shadow, L50|\n|poke|p2|Zamazenta-*, L50|\n|poke|p2|Rillaboom, L50, M|\n|poke|p2|Incineroar, L50, F|\n|poke|p2|Urshifu-*, L50, M|\n|poke|p2|Tornadus, L50, M|\n|teampreview|4\n|showteam|p1|Regidrago||IronBall|DragonsMaw|DragonEnergy,EarthPower,BreakingSwipe,Protect||||||50|,,,,,Dragon]Zacian-Crowned||RustedSword|IntrepidSword|behemothblade,PlayRough,SacredSword,Protect||||||50|,,,,,Fighting]Calyrex-Ice||PowerLens|AsOneGlastrier|GlacialLance,HealPulse,CloseCombat,TrickRoom||||||50|,,,,,Water]Ogerpon-Cornerstone||CornerstoneMask|Sturdy|SpikyShield,Taunt,FollowMe,IvyCudgel|||F|||50|,,,,,Rock]Chandelure||FocusSash|Infiltrator|TrickRoom,Flamethrower,ShadowBall,WillOWisp|||M|||50|,,,,,Ghost]Ursaluna||FlameOrb|Guts|Facade,BrickBreak,Protect,HeadlongRush|||F|||50|,,,,,Fighting\n|showteam|p2|Calyrex-Shadow||FocusSash|AsOneSpectrier|AstralBarrage,Psychic,NastyPlot,Protect||||||50|,,,,,Normal]Zamazenta-Crowned||RustedShield|DauntlessShield|BodyPress,HeavySlam,WideGuard,Protect||||||50|,,,,,Dragon]Rillaboom||AssaultVest|GrassySurge|WoodHammer,GrassyGlide,Uturn,FakeOut|||M|||50|,,,,,Fire]Incineroar||SafetyGoggles|Intimidate|FakeOut,KnockOff,WillOWisp,PartingShot|||F|||50|,,,,,Bug]Urshifu-Rapid-Strike||MysticWater|UnseenFist|SurgingStrikes,Taunt,AquaJet,Detect|||M|||50|,,,,,Water]Tornadus||RockyHelmet|Prankster|BleakwindStorm,Tailwind,RainDance,Protect|||M|||50|,,,,,Dark\n|\n|t:|1746013673\n|start\n|switch|p1a: Timmy|Ogerpon-Cornerstone, L50, F|100/100\n|switch|p1b: We are the pub|Calyrex-Ice, L50|100/100\n|switch|p2a: Calyrex|Calyrex-Shadow, L50|100/100\n|switch|p2b: Zamazenta|Zamazenta-Crowned, L50|100/100\n|-ability|p2a: Calyrex|As One\n|-ability|p2a: Calyrex|Unnerve\n|-ability|p1b: We are the pub|As One\n|-ability|p1b: We are the pub|Unnerve\n|-ability|p2b: Zamazenta|Dauntless Shield|boost\n|-boost|p2b: Zamazenta|def|1\n|turn|1\n|\n|t:|1746013680\n|move|p1a: Timmy|Follow Me|p1a: Timmy\n|-singleturn|p1a: Timmy|move: Follow Me\n|move|p2a: Calyrex|Astral Barrage|p1a: Timmy|[spread] p1a,p1b\n|-supereffective|p1b: We are the pub\n|-damage|p1a: Timmy|32/100\n|-damage|p1b: We are the pub|30/100\n|move|p2b: Zamazenta|Body Press|p1a: Timmy\n|-supereffective|p1a: Timmy\n|-damage|p1a: Timmy|0 fnt\n|faint|p1a: Timmy\n|move|p1b: We are the pub|Trick Room|p1b: We are the pub\n|-fieldstart|move: Trick Room|[of] p1b: We are the pub\n|\n|upkeep\n|\n|t:|1746013683\n|switch|p1a: Booger|Ursaluna, L50, F|100/100\n|turn|2\n|inactive|Battle timer is ON: inactive players will automatically lose when time's up. (requested by G00bermeister69420)\n|\n|t:|1746013709\n|-terastallize|p2b: Zamazenta|Dragon\n|move|p2b: Zamazenta|Wide Guard|p2b: Zamazenta\n|-singleturn|p2b: Zamazenta|Wide Guard\n|move|p1b: We are the pub|Glacial Lance|p2b: Zamazenta|[spread] \n|-activate|p2a: Calyrex|move: Wide Guard\n|-activate|p2b: Zamazenta|move: Wide Guard\n|move|p1a: Booger|Headlong Rush|p2a: Calyrex\n|-damage|p2a: Calyrex|19/100\n|-unboost|p1a: Booger|def|1\n|-unboost|p1a: Booger|spd|1\n|move|p2a: Calyrex|Nasty Plot|p2a: Calyrex\n|-boost|p2a: Calyrex|spa|2\n|\n|-status|p1a: Booger|brn|[from] item: Flame Orb\n|upkeep\n|turn|3\n|l|\u2606G00bermeister69420\n|inactive|G00bermeister69420 disconnected and has a minute to reconnect!\n|player|p1|\n|inactive|G00bermeister69420 has 30 seconds left.\n|inactive|G00bermeister69420 has 20 seconds left.\n|j|\u2606G00bermeister69420\n|inactive|G00bermeister69420 reconnected and has 20 seconds left.\n|player|p1|G00bermeister69420|hiker-gen4|\n|inactive|G00bermeister69420 has 15 seconds left.\n|inactive|G00bermeister69420 has 10 seconds left.\n|\n|t:|1746013756\n|move|p2a: Calyrex|Protect|p2a: Calyrex\n|-singleturn|p2a: Calyrex|Protect\n|move|p1b: We are the pub|Close Combat|p2b: Zamazenta\n|-damage|p2b: Zamazenta|77/100\n|-unboost|p1b: We are the pub|def|1\n|-unboost|p1b: We are the pub|spd|1\n|move|p1a: Booger|Headlong Rush|p2b: Zamazenta\n|-crit|p2b: Zamazenta\n|-damage|p2b: Zamazenta|0 fnt\n|-unboost|p1a: Booger|def|1\n|-unboost|p1a: Booger|spd|1\n|faint|p2b: Zamazenta\n|\n|-damage|p1a: Booger|95/100 brn|[from] brn\n|upkeep\n|\n|t:|1746013771\n|switch|p2b: Urshifu|Urshifu-Rapid-Strike, L50, M|100/100\n|turn|4\n|\n|t:|1746013777\n|switch|p2a: Incineroar|Incineroar, L50, F|100/100\n|-ability|p2a: Incineroar|Intimidate|boost\n|-unboost|p1a: Booger|atk|1\n|-unboost|p1b: We are the pub|atk|1\n|move|p2b: Urshifu|Detect|p2b: Urshifu\n|-singleturn|p2b: Urshifu|Protect\n|move|p1b: We are the pub|Glacial Lance|p2a: Incineroar|[spread] p2a\n|-activate|p2b: Urshifu|move: Protect\n|-resisted|p2a: Incineroar\n|-damage|p2a: Incineroar|87/100\n|move|p1a: Booger|Facade|p2b: Urshifu\n|-activate|p2b: Urshifu|move: Protect\n|\n|-damage|p1a: Booger|89/100 brn|[from] brn\n|upkeep\n|turn|5\n|\n|t:|1746013789\n|move|p2a: Incineroar|Fake Out|p1a: Booger\n|-damage|p1a: Booger|71/100 brn\n|move|p1b: We are the pub|Close Combat|p2b: Urshifu\n|-damage|p2b: Urshifu|68/100\n|-unboost|p1b: We are the pub|def|1\n|-unboost|p1b: We are the pub|spd|1\n|cant|p1a: Booger|flinch\n|move|p2b: Urshifu|Surging Strikes|p1b: We are the pub\n|-crit|p1b: We are the pub\n|-damage|p1b: We are the pub|0 fnt\n|faint|p1b: We are the pub\n|-hitcount|p1: We are the pub|1\n|\n|-damage|p1a: Booger|65/100 brn|[from] brn\n|-fieldend|move: Trick Room\n|upkeep\n|\n|t:|1746013791\n|switch|p1b: Ginshakaklook|Regidrago, L50|100/100\n|turn|6\n|\n|t:|1746013805\n|-terastallize|p1b: Ginshakaklook|Dragon\n|move|p2b: Urshifu|Surging Strikes|p1a: Booger\n|-supereffective|p1a: Booger\n|-crit|p1a: Booger\n|-damage|p1a: Booger|0 fnt\n|faint|p1a: Booger\n|-hitcount|p1: Booger|1\n|move|p2a: Incineroar|Parting Shot|p1b: Ginshakaklook\n|-unboost|p1b: Ginshakaklook|atk|1\n|-unboost|p1b: Ginshakaklook|spa|1\n|\n|t:|1746013809\n|switch|p2a: Calyrex|Calyrex-Shadow, L50|19/100|[from] Parting Shot\n|-ability|p2a: Calyrex|As One\n|-ability|p2a: Calyrex|Unnerve\n|move|p1b: Ginshakaklook|Dragon Energy|p2a: Calyrex|[spread] p2a,p2b\n|-damage|p2a: Calyrex|0 fnt\n|-damage|p2b: Urshifu|0 fnt\n|faint|p2a: Calyrex\n|faint|p2b: Urshifu\n|\n|upkeep\n|\n|t:|1746013812\n|switch|p2b: Incineroar|Incineroar, L50, F|87/100\n|-ability|p2b: Incineroar|Intimidate|boost\n|-unboost|p1b: Ginshakaklook|atk|1\n|turn|7\n|\n|t:|1746013816\n|move|p2b: Incineroar|Knock Off|p1b: Ginshakaklook\n|-damage|p1b: Ginshakaklook|61/100\n|-enditem|p1b: Ginshakaklook|Iron Ball|[from] move: Knock Off|[of] p2b: Incineroar\n|move|p1b: Ginshakaklook|Dragon Energy|p2b: Incineroar\n|-damage|p2b: Incineroar|29/100\n|\n|upkeep\n|turn|8\n|\n|t:|1746013826\n|move|p1b: Ginshakaklook|Earth Power|p2b: Incineroar\n|-supereffective|p2b: Incineroar\n|-damage|p2b: Incineroar|0 fnt\n|faint|p2b: Incineroar\n|\n|win|G00bermeister69420\n||I will get you is ready for game 3.\n|inactive|G00bermeister69420 has 30 seconds to confirm battle start!\n||G00bermeister69420 is ready for game 3.\n|uhtml|next|Next: <a href=\"/battle-gen9vgc2025regibo3-2353877229\"><strong>Game 3 of 3</strong></a>\n|l|\u2606G00bermeister69420\n|player|p1|\n|l|\u2606I will get you\n|player|p2|\n|j|\u2606G00bermeister69420\n|player|p1|G00bermeister69420|hiker-gen4|\n", "uploadtime": 1746014052, "views": 17, "formatid": "gen9vgc2025regibo3", "rating": null, "private": 0, "password": null}