{"id": "gen9vgc2025regibo3-2354958819", "format": "[Gen 9] VGC 2025 Reg I (Bo3)", "players": ["ParmesanLugubre206", "Kostaskatakouzinos"], "log": "|j|\u2606ParmesanLugubre206\n|j|\u2606Kostaskatakouzinos\n|html|<table width=\"100%\"><tr><td align=\"left\">ParmesanLugubre206</td><td align=\"right\">Kostaskatakouzinos</tr><tr><td align=\"left\"><i class=\"fa fa-circle\"></i> <i class=\"fa fa-circle-o\"></i> </td><td align=\"right\"><i class=\"fa fa-circle-o\"></i> <i class=\"fa fa-circle-o\"></i> </tr></table>\n|uhtml|bestof|<h2><strong>Game 2</strong> of <a href=\"/game-bestof3-gen9vgc2025regibo3-2354956766\">a best-of-3</a></h2>\n|t:|1746135824\n|gametype|doubles\n|player|p1|ParmesanLugubre206|ethan|1073\n|player|p2|Kostaskatakouzinos|266|1065\n|teamsize|p1|6\n|teamsize|p2|6\n|gen|9\n|tier|[Gen 9] VGC 2025 Reg I (Bo3)\n|rated|\n|rule|Species Clause: Limit one of each Pok\u00e9mon\n|rule|Item Clause: Limit 1 of each item\n|clearpoke\n|poke|p1|Groudon, L50|\n|poke|p1|Calyrex-Shadow, L50|\n|poke|p1|Raging Bolt, L50|\n|poke|p1|Incineroar, L50, F|\n|poke|p1|Venusaur, L50, M|\n|poke|p1|Ogerpon-Cornerstone, L50, F|\n|poke|p2|Avalugg, L50, M|\n|poke|p2|Ho-Oh, L50|\n|poke|p2|Raichu, L50, F|\n|poke|p2|Lunala, L50|\n|poke|p2|Ogerpon-Wellspring, L50, F|\n|poke|p2|Flutter Mane, L50|\n|teampreview|4\n|showteam|p1|Groudon||ClearAmulet|Drought|PrecipiceBlades,HeatCrash,BulkUp,Protect||||||50|,,,,,Fire]Calyrex-Shadow||LifeOrb|AsOneSpectrier|AstralBarrage,Psychic,NastyPlot,Protect||||||50|,,,,,Fairy]Raging Bolt||AssaultVest|Protosynthesis|Thunderclap,Thunderbolt,DragonPulse,Snarl||||||50|,,,,,Electric]Incineroar||SafetyGoggles|Intimidate|FlareBlitz,KnockOff,FakeOut,PartingShot|||F|||50|,,,,,Ghost]Venusaur||FocusSash|Chlorophyll|SolarBeam,SludgeBomb,SleepPowder,Protect|||M|||50|,,,,,Grass]Ogerpon-Cornerstone||CornerstoneMask|Sturdy|IvyCudgel,WoodHammer,FollowMe,SpikyShield|||F|||50|,,,,,Rock\n|showteam|p2|Avalugg||RockyHelmet|Sturdy|BodyPress,WideGuard,IcyWind,Protect|||M|||50|,,,,,Water]Ho-Oh||CovertCloak|Regenerator|Tailwind,Protect,SacredFire,HelpingHand||||||50|,,,,,Dark]Raichu||FocusSash|LightningRod|Electroweb,FakeOut,Nuzzle,FakeTears|||F|||50|,,,,,Fairy]Lunala||PowerHerb|ShadowShield|DazzlingGleam,MoongeistBeam,MeteorBeam,Protect||||||50|,,,,,Water]Ogerpon-Wellspring||WellspringMask|WaterAbsorb|SpikyShield,IvyCudgel,FollowMe,PowerWhip|||F|||50|,,,,,Water]Flutter Mane||BoosterEnergy|Protosynthesis|ShadowBall,Moonblast,IcyWind,Protect||||||50|,,,,,Fairy\n|inactive|Battle timer is ON: inactive players will automatically lose when time's up. (requested by ParmesanLugubre206)\n|\n|t:|1746135843\n|start\n|switch|p1a: Le frigo|Calyrex-Shadow, L50|100/100\n|switch|p1b: Don Pollo|Ogerpon-Cornerstone, L50, F|100/100\n|switch|p2a: Ho-Oh|Ho-Oh, L50|100/100\n|switch|p2b: Raichu|Raichu, L50, F|100/100\n|-ability|p1a: Le frigo|As One\n|-ability|p1a: Le frigo|Unnerve\n|turn|1\n|\n|t:|1746135867\n|-terastallize|p2a: Ho-Oh|Dark\n|move|p1b: Don Pollo|Spiky Shield|p1b: Don Pollo\n|-singleturn|p1b: Don Pollo|move: Protect\n|move|p1a: Le frigo|Astral Barrage|p2a: Ho-Oh|[spread] p2a,p2b\n|-resisted|p2a: Ho-Oh\n|-damage|p2a: Ho-Oh|86/100\n|-damage|p2b: Raichu|19/100\n|-damage|p1a: Le frigo|90/100|[from] item: Life Orb\n|move|p2b: Raichu|Electroweb|p1a: Le frigo|[spread] \n|-activate|p1b: Don Pollo|move: Protect\n|-miss|p2b: Raichu|p1a: Le frigo\n|move|p2a: Ho-Oh|Tailwind|p2a: Ho-Oh\n|-sidestart|p2: Kostaskatakouzinos|move: Tailwind\n|\n|upkeep\n|turn|2\n|\n|t:|1746135891\n|move|p1b: Don Pollo|Follow Me|p1b: Don Pollo\n|-singleturn|p1b: Don Pollo|move: Follow Me\n|move|p2b: Raichu|Nuzzle|p1b: Don Pollo\n|-resisted|p1b: Don Pollo\n|-damage|p1b: Don Pollo|97/100\n|-status|p1b: Don Pollo|par\n|move|p2a: Ho-Oh|Sacred Fire|p1b: Don Pollo|[miss]\n|-miss|p2a: Ho-Oh|p1b: Don Pollo\n|move|p1a: Le frigo|Astral Barrage|p2a: Ho-Oh|[spread] p2a,p2b\n|-resisted|p2a: Ho-Oh\n|-crit|p2b: Raichu\n|-damage|p2a: Ho-Oh|72/100\n|-damage|p2b: Raichu|0 fnt\n|faint|p2b: Raichu\n|-ability|p1a: Le frigo|Grim Neigh|boost\n|-boost|p1a: Le frigo|spa|1\n|-damage|p1a: Le frigo|80/100|[from] item: Life Orb\n|\n|upkeep\n|\n|t:|1746135904\n|switch|p2b: Lunala|Lunala, L50|100/100\n|turn|3\n|\n|t:|1746135920\n|switch|p1b: St-Malo prime|Raging Bolt, L50|100/100\n|move|p1a: Le frigo|Protect|p1a: Le frigo\n|-singleturn|p1a: Le frigo|Protect\n|move|p2b: Lunala|Meteor Beam||[still]\n|-prepare|p2b: Lunala|Meteor Beam\n|-boost|p2b: Lunala|spa|1\n|-enditem|p2b: Lunala|Power Herb\n|-anim|p2b: Lunala|Meteor Beam|p1a: Le frigo\n|-activate|p1a: Le frigo|move: Protect\n|move|p2a: Ho-Oh|Sacred Fire|p1a: Le frigo\n|-activate|p1a: Le frigo|move: Protect\n|\n|upkeep\n|turn|4\n|inactive|ParmesanLugubre206 has 30 seconds left.\n|\n|t:|1746135953\n|switch|p1a: Don Pollo|Ogerpon-Cornerstone, L50, F|97/100 par\n|move|p2a: Ho-Oh|Helping Hand|p2b: Lunala\n|-singleturn|p2b: Lunala|Helping Hand|[of] p2a: Ho-Oh\n|move|p2b: Lunala|Moongeist Beam|p1a: Don Pollo\n|-damage|p1a: Don Pollo|0 fnt\n|faint|p1a: Don Pollo\n|move|p1b: St-Malo prime|Thunderbolt|p2a: Ho-Oh\n|-damage|p2a: Ho-Oh|48/100\n|\n|-sideend|p2: Kostaskatakouzinos|move: Tailwind\n|upkeep\n|\n|t:|1746135966\n|switch|p1a: Le frigo|Calyrex-Shadow, L50|80/100\n|-ability|p1a: Le frigo|As One\n|-ability|p1a: Le frigo|Unnerve\n|turn|5\n|\n|t:|1746135987\n|-terastallize|p1b: St-Malo prime|Electric\n|move|p2b: Lunala|Protect|p2b: Lunala\n|-singleturn|p2b: Lunala|Protect\n|move|p1a: Le frigo|Astral Barrage|p2b: Lunala|[spread] p2a\n|-activate|p2b: Lunala|move: Protect\n|-resisted|p2a: Ho-Oh\n|-damage|p2a: Ho-Oh|33/100\n|-damage|p1a: Le frigo|70/100|[from] item: Life Orb\n|move|p2a: Ho-Oh|Tailwind|p2a: Ho-Oh\n|-sidestart|p2: Kostaskatakouzinos|move: Tailwind\n|move|p1b: St-Malo prime|Thunderbolt|p2a: Ho-Oh\n|-damage|p2a: Ho-Oh|2/100\n|\n|upkeep\n|turn|6\n|\n|t:|1746136012\n|move|p2a: Ho-Oh|Helping Hand|p2b: Lunala\n|-singleturn|p2b: Lunala|Helping Hand|[of] p2a: Ho-Oh\n|move|p1a: Le frigo|Protect|p1a: Le frigo\n|-singleturn|p1a: Le frigo|Protect\n|move|p2b: Lunala|Moongeist Beam|p1b: St-Malo prime\n|-damage|p1b: St-Malo prime|27/100\n|move|p1b: St-Malo prime|Thunderbolt|p2a: Ho-Oh\n|-damage|p2a: Ho-Oh|0 fnt\n|faint|p2a: Ho-Oh\n|\n|upkeep\n|\n|t:|1746136021\n|switch|p2a: Flutter Mane|Flutter Mane, L50|100/100\n|-enditem|p2a: Flutter Mane|Booster Energy\n|-activate|p2a: Flutter Mane|ability: Protosynthesis|[fromitem]\n|-start|p2a: Flutter Mane|protosynthesisspe\n|turn|7\n|\n|t:|1746136045\n|switch|p1a: JB|Groudon, L50|100/100\n|-weather|SunnyDay|[from] ability: Drought|[of] p1a: JB\n|-activate|p1b: St-Malo prime|ability: Protosynthesis\n|-start|p1b: St-Malo prime|protosynthesisspa\n|move|p2a: Flutter Mane|Shadow Ball|p1a: JB\n|-damage|p1a: JB|65/100\n|move|p2b: Lunala|Moongeist Beam|p1a: JB\n|-damage|p1a: JB|0 fnt\n|faint|p1a: JB\n|move|p1b: St-Malo prime|Snarl|p2b: Lunala|[spread] p2a,p2b\n|-supereffective|p2b: Lunala\n|-damage|p2a: Flutter Mane|80/100\n|-damage|p2b: Lunala|69/100\n|-unboost|p2a: Flutter Mane|spa|1\n|-unboost|p2b: Lunala|spa|1\n|\n|-weather|SunnyDay|[upkeep]\n|upkeep\n|\n|t:|1746136062\n|switch|p1a: Le frigo|Calyrex-Shadow, L50|70/100\n|-ability|p1a: Le frigo|As One\n|-ability|p1a: Le frigo|Unnerve\n|turn|8\n|\n|t:|1746136075\n|move|p2b: Lunala|Protect|p2b: Lunala\n|-singleturn|p2b: Lunala|Protect\n|move|p1a: Le frigo|Protect|p1a: Le frigo\n|-singleturn|p1a: Le frigo|Protect\n|move|p1b: St-Malo prime|Thunderclap|p2a: Flutter Mane\n|-damage|p2a: Flutter Mane|4/100\n|move|p2a: Flutter Mane|Icy Wind|p1a: Le frigo|[spread] p1b\n|-activate|p1a: Le frigo|move: Protect\n|-damage|p1b: St-Malo prime|21/100\n|-unboost|p1b: St-Malo prime|spe|1\n|\n|-weather|SunnyDay|[upkeep]\n|-sideend|p2: Kostaskatakouzinos|move: Tailwind\n|upkeep\n|turn|9\n|inactive|ParmesanLugubre206 has 30 seconds left.\n|\n|t:|1746136108\n|move|p1b: St-Malo prime|Thunderclap|p2a: Flutter Mane\n|-damage|p2a: Flutter Mane|0 fnt\n|faint|p2a: Flutter Mane\n|-end|p2a: Flutter Mane|Protosynthesis|[silent]\n|move|p1a: Le frigo|Astral Barrage|p2b: Lunala\n|-supereffective|p2b: Lunala\n|-damage|p2b: Lunala|0 fnt\n|faint|p2b: Lunala\n|-damage|p1a: Le frigo|60/100|[from] item: Life Orb\n|\n|win|ParmesanLugubre206\n|raw|ParmesanLugubre206's rating: 1073 &rarr; <strong>1101</strong><br />(+28 for winning)\n|raw|Kostaskatakouzinos's rating: 1065 &rarr; <strong>1046</strong><br />(-19 for losing)\n|l|\u2606Kostaskatakouzinos\n|player|p2|\n|l|\u2606ParmesanLugubre206\n|player|p1|\n", "uploadtime": 1746136434, "views": 6, "formatid": "gen9vgc2025regibo3", "rating": 1046, "private": 0, "password": null}