{"id": "gen9vgc2025regibo3-2355074777", "format": "[Gen 9] VGC 2025 Reg I (Bo3)", "players": ["Ah-nick12", "SunnySleepy"], "log": "|j|\u2606Ah-nick12\n|j|\u2606SunnySleepy\n|html|<table width=\"100%\"><tr><td align=\"left\">Ah-nick12</td><td align=\"right\">SunnySleepy</tr><tr><td align=\"left\"><i class=\"fa fa-circle\"></i> <i class=\"fa fa-circle-o\"></i> </td><td align=\"right\"><i class=\"fa fa-circle-o\"></i> <i class=\"fa fa-circle-o\"></i> </tr></table>\n|uhtml|bestof|<h2><strong>Game 2</strong> of <a href=\"/game-bestof3-gen9vgc2025regibo3-2355073815\">a best-of-3</a></h2>\n|t:|1746149316\n|gametype|doubles\n|player|p1|Ah-nick12|1|1222\n|player|p2|SunnySleepy|102|1133\n|teamsize|p1|6\n|teamsize|p2|6\n|gen|9\n|tier|[Gen 9] VGC 2025 Reg I (Bo3)\n|rated|\n|rule|Species Clause: Limit one of each Pok\u00e9mon\n|rule|Item Clause: Limit 1 of each item\n|clearpoke\n|poke|p1|Miraidon, L50|\n|poke|p1|Calyrex-Ice, L50|\n|poke|p1|Farigiraf, L50, M|\n|poke|p1|Whimsicott, L50, F|\n|poke|p1|Iron Hands, L50|\n|poke|p1|Landorus, L50, M|\n|poke|p2|Lunala, L50|\n|poke|p2|Miraidon, L50|\n|poke|p2|Ogerpon-Cornerstone, L50, F|\n|poke|p2|Tornadus, L50, M|\n|poke|p2|Incineroar, L50, F|\n|poke|p2|Clefairy, L50, F|\n|teampreview|4\n|showteam|p1|Miraidon||ChoiceSpecs|HadronEngine|ElectroDrift,DracoMeteor,DazzlingGleam,VoltSwitch||||||50|,,,,,Fairy]Calyrex-Ice||ClearAmulet|AsOneGlastrier|GlacialLance,HighHorsepower,TrickRoom,Protect||||||50|,,,,,Fire]Farigiraf||ElectricSeed|ArmorTail|FoulPlay,TrickRoom,HelpingHand,Imprison|||M|||50|,,,,,Water]Whimsicott||FocusSash|Prankster|Tailwind,Moonblast,Encore,LightScreen|||F|||50|,,,,,Ghost]Iron Hands||AssaultVest|QuarkDrive|FakeOut,DrainPunch,WildCharge,VoltSwitch||||||50|,,,,,Bug]Landorus||LifeOrb|SheerForce|EarthPower,SludgeBomb,SandsearStorm,Protect|||M|||50|,,,,,Water\n|showteam|p2|Lunala||ElectricSeed|ShadowShield|Moonblast,MoongeistBeam,WideGuard,Protect||||||50|,,,,,Fairy]Miraidon||ChoiceSpecs|HadronEngine|ElectroDrift,DazzlingGleam,VoltSwitch,DracoMeteor||||||50|,,,,,Fairy]Ogerpon-Cornerstone||CornerstoneMask|Sturdy|IvyCudgel,SpikyShield,FollowMe,HornLeech|||F|||50|,,,,,Rock]Tornadus||CovertCloak|Prankster|Taunt,Tailwind,BleakwindStorm,Protect|||M|||50|,,,,,Dark]Incineroar||RockyHelmet|Intimidate|FakeOut,KnockOff,PartingShot,FlareBlitz|||F|||50|,,,,,Grass]Clefairy||Eviolite|FriendGuard|FollowMe,HelpingHand,AfterYou,Moonblast|||F|||50|,,,,,Water\n|inactive|Battle timer is ON: inactive players will automatically lose when time's up. (requested by Ah-nick12)\n|\n|t:|1746149331\n|start\n|switch|p1a: Miraidon|Miraidon, L50|100/100\n|switch|p1b: Whimsicott|Whimsicott, L50, F|100/100\n|switch|p2a: Tornadus|Tornadus, L50, M|100/100\n|switch|p2b: Miraidon|Miraidon, L50|100/100\n|-fieldstart|move: Electric Terrain|[from] ability: Hadron Engine|[of] p2b: Miraidon\n|-activate|p1a: Miraidon|ability: Hadron Engine\n|turn|1\n|inactive|Ah-nick12 has 30 seconds left.\n|\n|t:|1746149366\n|-terastallize|p2b: Miraidon|Fairy\n|-terastallize|p1a: Miraidon|Fairy\n|move|p1b: Whimsicott|Tailwind|p1b: Whimsicott\n|-sidestart|p1: Ah-nick12|move: Tailwind\n|move|p2a: Tornadus|Tailwind|p2a: Tornadus\n|-sidestart|p2: SunnySleepy|move: Tailwind\n|move|p2b: Miraidon|Electro Drift|p1a: Miraidon\n|-damage|p1a: Miraidon|0 fnt\n|faint|p1a: Miraidon\n|\n|upkeep\n|\n|t:|1746149379\n|switch|p1a: Calyrex|Calyrex-Ice, L50|100/100\n|-ability|p1a: Calyrex|As One\n|-ability|p1a: Calyrex|Unnerve\n|turn|2\n|\n|t:|1746149388\n|move|p1b: Whimsicott|Light Screen|p1b: Whimsicott\n|-sidestart|p1: Ah-nick12|move: Light Screen\n|move|p2a: Tornadus|Taunt|p1a: Calyrex\n|-start|p1a: Calyrex|move: Taunt\n|move|p2b: Miraidon|Electro Drift|p1a: Calyrex\n|-damage|p1a: Calyrex|38/100\n|move|p1a: Calyrex|Glacial Lance|p2b: Miraidon|[spread] p2a,p2b\n|-supereffective|p2a: Tornadus\n|-damage|p2a: Tornadus|0 fnt\n|-damage|p2b: Miraidon|46/100\n|faint|p2a: Tornadus\n|-ability|p1a: Calyrex|Chilling Neigh|boost\n|-boost|p1a: Calyrex|atk|1\n|\n|upkeep\n|\n|t:|1746149400\n|switch|p2a: Lunala|Lunala, L50|100/100\n|-enditem|p2a: Lunala|Electric Seed\n|-boost|p2a: Lunala|def|1|[from] item: Electric Seed\n|turn|3\n|\n|t:|1746149410\n|switch|p1a: Iron Hands|Iron Hands, L50|100/100\n|-activate|p1a: Iron Hands|ability: Quark Drive\n|-start|p1a: Iron Hands|quarkdriveatk\n|move|p2b: Miraidon|Electro Drift|p1a: Iron Hands\n|-resisted|p1a: Iron Hands\n|-damage|p1a: Iron Hands|77/100\n|move|p1b: Whimsicott|Moonblast|p2a: Lunala\n|-damage|p2a: Lunala|90/100\n|-unboost|p2a: Lunala|spa|1\n|move|p2a: Lunala|Moongeist Beam|p1a: Iron Hands\n|-damage|p1a: Iron Hands|65/100\n|\n|upkeep\n|turn|4\n|\n|t:|1746149433\n|switch|p2a: Ogerpon|Ogerpon-Cornerstone, L50, F|100/100\n|move|p1b: Whimsicott|Encore||[still]\n|-fail|p1b: Whimsicott\n|move|p2b: Miraidon|Electro Drift|p1b: Whimsicott\n|-resisted|p1b: Whimsicott\n|-damage|p1b: Whimsicott|50/100\n|move|p1a: Iron Hands|Wild Charge|p2b: Miraidon\n|-damage|p2b: Miraidon|0 fnt\n|faint|p2b: Miraidon\n|-damage|p1a: Iron Hands|56/100|[from] Recoil\n|\n|-sideend|p2: SunnySleepy|move: Tailwind\n|-sideend|p1: Ah-nick12|move: Tailwind\n|upkeep\n|\n|t:|1746149444\n|switch|p2b: Lunala|Lunala, L50|90/100\n|turn|5\n|\n|t:|1746149455\n|move|p2a: Ogerpon|Ivy Cudgel|p1a: Iron Hands|[anim] Ivy Cudgel Rock\n|-resisted|p1a: Iron Hands\n|-damage|p1a: Iron Hands|37/100\n|move|p1b: Whimsicott|Moonblast|p2a: Ogerpon\n|-damage|p2a: Ogerpon|68/100\n|move|p2b: Lunala|Moonblast|p1a: Iron Hands\n|-supereffective|p1a: Iron Hands\n|-damage|p1a: Iron Hands|13/100\n|-unboost|p1a: Iron Hands|spa|1\n|move|p1a: Iron Hands|Drain Punch|p2a: Ogerpon\n|-supereffective|p2a: Ogerpon\n|-damage|p2a: Ogerpon|0 fnt\n|-heal|p1a: Iron Hands|34/100|[from] drain|[of] p2a: Ogerpon\n|faint|p2a: Ogerpon\n|\n|-fieldend|move: Electric Terrain\n|-end|p1a: Iron Hands|Quark Drive\n|upkeep\n|turn|6\n|\n|t:|1746149474\n|move|p1b: Whimsicott|Tailwind|p1b: Whimsicott\n|-sidestart|p1: Ah-nick12|move: Tailwind\n|move|p2b: Lunala|Moonblast|p1a: Iron Hands\n|-supereffective|p1a: Iron Hands\n|-damage|p1a: Iron Hands|11/100\n|move|p1a: Iron Hands|Wild Charge|p2b: Lunala\n|-damage|p2b: Lunala|42/100\n|-damage|p1a: Iron Hands|0 fnt|[from] Recoil\n|faint|p1a: Iron Hands\n|-end|p1a: Iron Hands|Quark Drive|[silent]\n|\n|-sideend|p1: Ah-nick12|move: Light Screen\n|upkeep\n|\n|t:|1746149482\n|switch|p1a: Calyrex|Calyrex-Ice, L50|38/100\n|-ability|p1a: Calyrex|As One\n|-ability|p1a: Calyrex|Unnerve\n|turn|7\n|\n|t:|1746149485\n|move|p1b: Whimsicott|Light Screen|p1b: Whimsicott\n|-sidestart|p1: Ah-nick12|move: Light Screen\n|move|p1a: Calyrex|Glacial Lance|p2b: Lunala\n|-damage|p2b: Lunala|0 fnt\n|faint|p2b: Lunala\n|\n|win|Ah-nick12\n|raw|Ah-nick12's rating: 1222 &rarr; <strong>1241</strong><br />(+19 for winning)\n|raw|SunnySleepy's rating: 1133 &rarr; <strong>1114</strong><br />(-19 for losing)\n", "uploadtime": 1746149486, "views": 3, "formatid": "gen9vgc2025regibo3", "rating": 1114, "private": 0, "password": null}