{"id": "gen9vgc2025regibo3-2354025196", "format": "[Gen 9] VGC 2025 Reg I (Bo3)", "players": ["goat pincurchin", "entei enthusiast"], "log": "|j|\u2606goat pincurchin\n|j|\u2606entei enthusiast\n|html|<table width=\"100%\"><tr><td align=\"left\">goat pincurchin</td><td align=\"right\">entei enthusiast</tr><tr><td align=\"left\"><i class=\"fa fa-circle-o\"></i> <i class=\"fa fa-circle-o\"></i> </td><td align=\"right\"><i class=\"fa fa-circle-o\"></i> <i class=\"fa fa-circle\"></i> </tr></table>\n|uhtml|bestof|<h2><strong>Game 2</strong> of <a href=\"/game-bestof3-gen9vgc2025regibo3-2354022394\">a best-of-3</a></h2>\n|t:|1746028470\n|gametype|doubles\n|player|p1|goat pincurchin|leon-masters|1266\n|player|p2|entei enthusiast|nate-masters|1326\n|teamsize|p1|6\n|teamsize|p2|6\n|gen|9\n|tier|[Gen 9] VGC 2025 Reg I (Bo3)\n|rated|\n|rule|Species Clause: Limit one of each Pok\u00e9mon\n|rule|Item Clause: Limit 1 of each item\n|clearpoke\n|poke|p1|Kyogre, L50|\n|poke|p1|Rillaboom, L50, F|\n|poke|p1|Tornadus, L50, M|\n|poke|p1|Urshifu-*, L50, F|\n|poke|p1|Chien-Pao, L50|\n|poke|p1|Zamazenta-*, L50|\n|poke|p2|Koraidon, L50|\n|poke|p2|Lunala, L50|\n|poke|p2|Flutter Mane, L50|\n|poke|p2|Chi-Yu, L50|\n|poke|p2|Ursaluna, L50, F|\n|poke|p2|Brute Bonnet, L50|\n|teampreview|4\n|showteam|p1|Kyogre||MysticWater|Drizzle|WaterSpout,OriginPulse,IceBeam,Protect||||||50|,,,,,Grass]Rillaboom||AssaultVest|GrassySurge|FakeOut,GrassyGlide,WoodHammer,Uturn|||F|||50|,,,,,Fire]Tornadus||CovertCloak|Prankster|Hurricane,RainDance,Tailwind,Taunt|||M|||50|,,,,,Dark]Urshifu-Rapid-Strike||ChoiceScarf|UnseenFist|SurgingStrikes,AquaJet,CloseCombat,Uturn|||F|||50|,,,,,Water]Chien-Pao||FocusSash|SwordofRuin|SuckerPunch,IcicleCrash,Protect,Crunch||||||50|,,,,,Ghost]Zamazenta-Crowned||RustedShield|DauntlessShield|BodyPress,WideGuard,behemothbash,Protect||||||50|,,,,,Dragon\n|showteam|p2|Koraidon||LifeOrb|OrichalcumPulse|FlareBlitz,FlameCharge,CloseCombat,Protect||||||50|,,,,,Fire]Lunala||PowerHerb|ShadowShield|WideGuard,MeteorBeam,MoongeistBeam,TrickRoom||||||50|,,,,,Water]Flutter Mane||FocusSash|Protosynthesis|Moonblast,IcyWind,ShadowBall,Protect||||||50|,,,,,Normal]Chi-Yu||ChoiceScarf|BeadsofRuin|Flamethrower,HeatWave,DarkPulse,Snarl||||||50|,,,,,Ghost]Ursaluna||FlameOrb|Guts|Facade,Earthquake,HeadlongRush,Protect|||F|||50|,,,,,Ghost]Brute Bonnet||CovertCloak|Protosynthesis|SeedBomb,SuckerPunch,Spore,RagePowder||||||50|,,,,,Water\n|inactive|Battle timer is ON: inactive players will automatically lose when time's up. (requested by goat pincurchin)\n|\n|t:|1746028536\n|start\n|switch|p1a: Kyogre|Kyogre, L50|100/100\n|switch|p1b: Rillaboom|Rillaboom, L50, F|100/100\n|switch|p2a: Rhapthorne|Lunala, L50|100/100\n|switch|p2b: Catachan|Brute Bonnet, L50|100/100\n|-weather|RainDance|[from] ability: Drizzle|[of] p1a: Kyogre\n|-fieldstart|move: Grassy Terrain|[from] ability: Grassy Surge|[of] p1b: Rillaboom\n|turn|1\n|\n|t:|1746028557\n|move|p2b: Catachan|Sucker Punch|p1a: Kyogre\n|-damage|p1a: Kyogre|67/100\n|move|p1a: Kyogre|Water Spout|p2b: Catachan|[spread] p2a,p2b\n|-resisted|p2b: Catachan\n|-damage|p2a: Rhapthorne|71/100\n|-damage|p2b: Catachan|73/100\n|move|p1b: Rillaboom|Wood Hammer|p2a: Rhapthorne\n|-damage|p2a: Rhapthorne|8/100\n|-damage|p1b: Rillaboom|78/100|[from] Recoil\n|move|p2a: Rhapthorne|Trick Room|p2a: Rhapthorne\n|-fieldstart|move: Trick Room|[of] p2a: Rhapthorne\n|\n|-weather|RainDance|[upkeep]\n|-heal|p2b: Catachan|79/100|[from] Grassy Terrain\n|-heal|p1b: Rillaboom|84/100|[from] Grassy Terrain\n|-heal|p2a: Rhapthorne|15/100|[from] Grassy Terrain\n|-heal|p1a: Kyogre|73/100|[from] Grassy Terrain\n|upkeep\n|turn|2\n|inactive|entei enthusiast has 30 seconds left.\n|\n|t:|1746028590\n|switch|p2a: Kardas|Koraidon, L50|100/100\n|-weather|SunnyDay|[from] ability: Orichalcum Pulse|[of] p2a: Kardas\n|-activate|p2b: Catachan|ability: Protosynthesis\n|-start|p2b: Catachan|protosynthesisdef\n|-activate|p2a: Kardas|Orichalcum Pulse|[source]\n|-terastallize|p1a: Kyogre|Grass\n|move|p2b: Catachan|Sucker Punch|p1a: Kyogre\n|-damage|p1a: Kyogre|37/100\n|move|p1b: Rillaboom|Grassy Glide|p2a: Kardas\n|-resisted|p2a: Kardas\n|-damage|p2a: Kardas|85/100\n|move|p1a: Kyogre|Water Spout|p2b: Catachan|[spread] p2a,p2b\n|-resisted|p2a: Kardas\n|-resisted|p2b: Catachan\n|-damage|p2a: Kardas|78/100\n|-damage|p2b: Catachan|73/100\n|\n|-weather|SunnyDay|[upkeep]\n|-heal|p2b: Catachan|79/100|[from] Grassy Terrain\n|-heal|p1b: Rillaboom|89/100|[from] Grassy Terrain\n|-heal|p1a: Kyogre|43/100|[from] Grassy Terrain\n|-heal|p2a: Kardas|84/100|[from] Grassy Terrain\n|upkeep\n|turn|3\n|inactive|goat pincurchin has 30 seconds left.\n|inactive|entei enthusiast has 30 seconds left.\n|inactive|entei enthusiast has 20 seconds left.\n|inactive|entei enthusiast has 15 seconds left.\n|inactive|entei enthusiast has 10 seconds left.\n|\n|t:|1746028636\n|move|p2a: Kardas|Protect|p2a: Kardas\n|-singleturn|p2a: Kardas|Protect\n|move|p2b: Catachan|Sucker Punch|p1a: Kyogre\n|-damage|p1a: Kyogre|10/100\n|move|p1b: Rillaboom|Wood Hammer|p2a: Kardas\n|-activate|p2a: Kardas|move: Protect\n|move|p1a: Kyogre|Origin Pulse|p2b: Catachan|[spread] p2b\n|-activate|p2a: Kardas|move: Protect\n|-resisted|p2b: Catachan\n|-damage|p2b: Catachan|69/100\n|\n|-weather|SunnyDay|[upkeep]\n|-heal|p2b: Catachan|75/100|[from] Grassy Terrain\n|-heal|p1b: Rillaboom|95/100|[from] Grassy Terrain\n|-heal|p1a: Kyogre|16/100|[from] Grassy Terrain\n|-heal|p2a: Kardas|90/100|[from] Grassy Terrain\n|upkeep\n|turn|4\n|\n|t:|1746028660\n|switch|p1b: Urshifu|Urshifu-Rapid-Strike, L50, F|100/100\n|switch|p1a: Tornadus|Tornadus, L50, M|100/100\n|-terastallize|p2a: Kardas|Fire\n|move|p2b: Catachan|Sucker Punch||[still]\n|-fail|p2b: Catachan\n|move|p2a: Kardas|Flame Charge|p1a: Tornadus\n|-damage|p1a: Tornadus|0 fnt\n|-boost|p2a: Kardas|spe|1\n|faint|p1a: Tornadus\n|-damage|p2a: Kardas|81/100|[from] item: Life Orb\n|\n|-weather|SunnyDay|[upkeep]\n|-heal|p2b: Catachan|81/100|[from] Grassy Terrain\n|-heal|p2a: Kardas|87/100|[from] Grassy Terrain\n|upkeep\n|\n|t:|1746028668\n|switch|p1a: Kyogre|Kyogre, L50, tera:Grass|16/100\n|-weather|RainDance|[from] ability: Drizzle|[of] p1a: Kyogre\n|-end|p2b: Catachan|Protosynthesis\n|turn|5\n|\n|t:|1746028686\n|switch|p1a: Rillaboom|Rillaboom, L50, F|95/100\n|switch|p2a: Rhapthorne|Lunala, L50|15/100\n|move|p2b: Catachan|Spore|p1b: Urshifu\n|-status|p1b: Urshifu|slp|[from] move: Spore\n|cant|p1b: Urshifu|slp\n|\n|-weather|RainDance|[upkeep]\n|-heal|p2b: Catachan|87/100|[from] Grassy Terrain\n|-heal|p1a: Rillaboom|100/100|[from] Grassy Terrain\n|-heal|p2a: Rhapthorne|21/100|[from] Grassy Terrain\n|-fieldend|move: Trick Room\n|-fieldend|move: Grassy Terrain\n|upkeep\n|turn|6\n|\n|t:|1746028705\n|cant|p1b: Urshifu|slp\n|move|p2a: Rhapthorne|Moongeist Beam|p1b: Urshifu\n|-damage|p1b: Urshifu|6/100 slp\n|move|p1a: Rillaboom|Wood Hammer|p2a: Rhapthorne\n|-damage|p2a: Rhapthorne|0 fnt\n|faint|p2a: Rhapthorne\n|-damage|p1a: Rillaboom|93/100|[from] Recoil\n|move|p2b: Catachan|Seed Bomb|p1b: Urshifu\n|-supereffective|p1b: Urshifu\n|-damage|p1b: Urshifu|0 fnt\n|faint|p1b: Urshifu\n|\n|-weather|RainDance|[upkeep]\n|upkeep\n|l|\u2606goat pincurchin\n|inactive|goat pincurchin disconnected and has a minute to reconnect!\n|player|p1|\n|\n|t:|1746028719\n|switch|p1b: Kyogre|Kyogre, L50, tera:Grass|16/100\n|switch|p2a: Kardas|Koraidon, L50, tera:Fire|87/100\n|-weather|SunnyDay|[from] ability: Orichalcum Pulse|[of] p2a: Kardas\n|-activate|p2b: Catachan|ability: Protosynthesis\n|-start|p2b: Catachan|protosynthesisdef\n|-activate|p2a: Kardas|Orichalcum Pulse|[source]\n|-weather|RainDance|[from] ability: Drizzle|[of] p1b: Kyogre\n|-end|p2b: Catachan|Protosynthesis\n|turn|7\n|inactive|goat pincurchin has 30 seconds left.\n|inactive|goat pincurchin has 20 seconds left.\n|inactive|goat pincurchin has 15 seconds left.\n|inactive|goat pincurchin has 10 seconds left.\n|inactive|goat pincurchin has 5 seconds left.\n|-message|goat pincurchin lost due to inactivity.\n|\n|win|entei enthusiast\n|raw|goat pincurchin's rating: 1266 &rarr; <strong>1245</strong><br />(-21 for losing)\n|raw|entei enthusiast's rating: 1326 &rarr; <strong>1343</strong><br />(+17 for winning)\n", "uploadtime": 1746028805, "views": 13, "formatid": "gen9vgc2025regibo3", "rating": 1245, "private": 0, "password": null}