{"id": "gen9vgc2025regibo3-2354882068", "format": "[Gen 9] VGC 2025 Reg I (Bo3)", "players": ["sjouko", "isaflorsalcedo"], "log": "|j|\u2606sjouko\n|j|\u2606isaflorsalcedo\n|html|<table width=\"100%\"><tr><td align=\"left\">sjouko</td><td align=\"right\">isaflorsalcedo</tr><tr><td align=\"left\"><i class=\"fa fa-circle\"></i> <i class=\"fa fa-circle-o\"></i> </td><td align=\"right\"><i class=\"fa fa-circle-o\"></i> <i class=\"fa fa-circle-o\"></i> </tr></table>\n|uhtml|bestof|<h2><strong>Game 2</strong> of <a href=\"/game-bestof3-gen9vgc2025regibo3-2354878981\">a best-of-3</a></h2>\n|t:|1746128139\n|gametype|doubles\n|player|p1|sjouko|101|1063\n|player|p2|isaflorsalcedo|266|1115\n|teamsize|p1|6\n|teamsize|p2|6\n|gen|9\n|tier|[Gen 9] VGC 2025 Reg I (Bo3)\n|rated|\n|rule|Species Clause: Limit one of each Pok\u00e9mon\n|rule|Item Clause: Limit 1 of each item\n|clearpoke\n|poke|p1|Zacian-*, L50|\n|poke|p1|Koraidon, L50|\n|poke|p1|Ogerpon-Cornerstone, L50, F|\n|poke|p1|Farigiraf, L50, M|\n|poke|p1|Raichu, L50, F|\n|poke|p1|Flutter Mane, L50|\n|poke|p2|Kyogre, L50|\n|poke|p2|Zacian-*, L50|\n|poke|p2|Rillaboom, L50, F|\n|poke|p2|Tornadus, L50, M|\n|poke|p2|Chien-Pao, L50|\n|poke|p2|Ogerpon-Hearthflame, L50, F|\n|teampreview|4\n|showteam|p1|Zacian-Crowned||RustedSword|IntrepidSword|PlayRough,behemothblade,SacredSword,Protect||||||50|,,,,,Flying]Koraidon||ClearAmulet|OrichalcumPulse|CloseCombat,Protect,FlareBlitz,FlameCharge||||||50|,,,,,Fire]Ogerpon-Cornerstone||CornerstoneMask|Sturdy|HornLeech,IvyCudgel,SpikyShield,StompingTantrum|||F|||50|,,,,,Rock]Farigiraf||SitrusBerry|ArmorTail|HelpingHand,Protect,FoulPlay,SkillSwap|||M|||50|,,,,,Fairy]Raichu||AssaultVest|LightningRod|Electroweb,Endeavor,FakeOut,Nuzzle|||F|||50|,,,,,Flying]Flutter Mane||FocusSash|Protosynthesis|Moonblast,Protect,ShadowBall,IcyWind||||||50|,,,,,Fairy\n|showteam|p2|Kyogre||MysticWater|Drizzle|WaterSpout,OriginPulse,IceBeam,Protect||||||50|,,,,,Grass]Zacian-Crowned||RustedSword|IntrepidSword|behemothblade,PlayRough,SacredSword,Protect||||||50|,,,,,Water]Rillaboom||AssaultVest|GrassySurge|GrassyGlide,WoodHammer,FakeOut,Uturn|||F|||50|,,,,,Fire]Tornadus||CovertCloak|Prankster|BleakwindStorm,RainDance,Tailwind,Protect|||M|||50|,,,,,Dark]Chien-Pao||FocusSash|SwordofRuin|IcicleCrash,SuckerPunch,ThroatChop,Protect||||||50|,,,,,Ghost]Ogerpon-Hearthflame||HearthflameMask|MoldBreaker|IvyCudgel,FollowMe,SpikyShield,Encore|||F|||50|,,,,,Fire\n|inactive|Battle timer is ON: inactive players will automatically lose when time's up. (requested by isaflorsalcedo)\n|\n|t:|1746128180\n|start\n|switch|p1a: Raichu|Raichu, L50, F|100/100\n|switch|p1b: Ogerpon|Ogerpon-Cornerstone, L50, F|100/100\n|switch|p2a: Kyogre|Kyogre, L50|100/100\n|switch|p2b: Tornadus|Tornadus, L50, M|100/100\n|-weather|RainDance|[from] ability: Drizzle|[of] p2a: Kyogre\n|turn|1\n|\n|t:|1746128197\n|switch|p1b: Koraidon|Koraidon, L50|100/100\n|-weather|SunnyDay|[from] ability: Orichalcum Pulse|[of] p1b: Koraidon\n|-activate|p1b: Koraidon|Orichalcum Pulse|[source]\n|move|p2b: Tornadus|Protect|p2b: Tornadus\n|-singleturn|p2b: Tornadus|Protect\n|move|p2a: Kyogre|Protect|p2a: Kyogre\n|-singleturn|p2a: Kyogre|Protect\n|move|p1a: Raichu|Fake Out|p2a: Kyogre\n|-activate|p2a: Kyogre|move: Protect\n|\n|-weather|SunnyDay|[upkeep]\n|upkeep\n|turn|2\n|inactive|sjouko has 30 seconds left.\n|\n|t:|1746128228\n|move|p2b: Tornadus|Rain Dance|p2b: Tornadus\n|-weather|RainDance\n|move|p1b: Koraidon|Close Combat|p2a: Kyogre\n|-damage|p2a: Kyogre|42/100\n|-unboost|p1b: Koraidon|def|1\n|-unboost|p1b: Koraidon|spd|1\n|move|p1a: Raichu|Electroweb|p2b: Tornadus|[spread] p2a,p2b\n|-supereffective|p2a: Kyogre\n|-supereffective|p2b: Tornadus\n|-damage|p2a: Kyogre|27/100\n|-damage|p2b: Tornadus|68/100\n|-unboost|p2a: Kyogre|spe|1\n|move|p2a: Kyogre|Origin Pulse|p1b: Koraidon|[spread] p1a,p1b\n|-resisted|p1b: Koraidon\n|-damage|p1a: Raichu|41/100\n|-damage|p1b: Koraidon|33/100\n|\n|-weather|RainDance|[upkeep]\n|upkeep\n|turn|3\n|\n|t:|1746128249\n|move|p2b: Tornadus|Tailwind|p2b: Tornadus\n|-sidestart|p2: isaflorsalcedo|move: Tailwind\n|move|p1b: Koraidon|Close Combat|p2a: Kyogre\n|-damage|p2a: Kyogre|0 fnt\n|-unboost|p1b: Koraidon|def|1\n|-unboost|p1b: Koraidon|spd|1\n|faint|p2a: Kyogre\n|move|p1a: Raichu|Nuzzle|p2b: Tornadus\n|-supereffective|p2b: Tornadus\n|-damage|p2b: Tornadus|54/100\n|\n|-weather|RainDance|[upkeep]\n|upkeep\n|\n|t:|1746128261\n|switch|p2a: Zacian|Zacian-Crowned, L50|100/100\n|-ability|p2a: Zacian|Intrepid Sword|boost\n|-boost|p2a: Zacian|atk|1\n|turn|4\n|\n|t:|1746128279\n|switch|p1b: Zacian|Zacian-Crowned, L50|100/100\n|-ability|p1b: Zacian|Intrepid Sword|boost\n|-boost|p1b: Zacian|atk|1\n|move|p2a: Zacian|Sacred Sword|p1a: Raichu\n|-damage|p1a: Raichu|0 fnt\n|faint|p1a: Raichu\n|move|p2b: Tornadus|Bleakwind Storm|p1b: Zacian\n|-resisted|p1b: Zacian\n|-damage|p1b: Zacian|77/100\n|\n|-weather|RainDance|[upkeep]\n|upkeep\n|\n|t:|1746128301\n|switch|p1a: Koraidon|Koraidon, L50|33/100\n|-weather|SunnyDay|[from] ability: Orichalcum Pulse|[of] p1a: Koraidon\n|-activate|p1a: Koraidon|Orichalcum Pulse|[source]\n|turn|5\n|inactive|isaflorsalcedo has 30 seconds left.\n|\n|t:|1746128328\n|-terastallize|p2a: Zacian|Water\n|move|p1a: Koraidon|Protect|p1a: Koraidon\n|-singleturn|p1a: Koraidon|Protect\n|move|p2b: Tornadus|Rain Dance|p2b: Tornadus\n|-weather|RainDance\n|move|p2a: Zacian|Behemoth Blade|p1b: Zacian\n|-damage|p1b: Zacian|0 fnt\n|faint|p1b: Zacian\n|\n|-weather|RainDance|[upkeep]\n|upkeep\n|\n|t:|1746128339\n|switch|p1b: Ogerpon|Ogerpon-Cornerstone, L50, F|100/100\n|turn|6\n|\n|t:|1746128356\n|move|p1a: Koraidon|Protect||[still]\n|-fail|p1a: Koraidon\n|move|p2a: Zacian|Behemoth Blade|p1a: Koraidon\n|-damage|p1a: Koraidon|0 fnt\n|faint|p1a: Koraidon\n|move|p2b: Tornadus|Bleakwind Storm|p1b: Ogerpon\n|-damage|p1b: Ogerpon|42/100\n|move|p1b: Ogerpon|Horn Leech|p2a: Zacian\n|-supereffective|p2a: Zacian\n|-damage|p2a: Zacian|32/100\n|-heal|p1b: Ogerpon|84/100|[from] drain|[of] p2a: Zacian\n|\n|-weather|RainDance|[upkeep]\n|-sideend|p2: isaflorsalcedo|move: Tailwind\n|upkeep\n|turn|7\n|inactive|isaflorsalcedo has 30 seconds left.\n|\n|t:|1746128382\n|move|p1b: Ogerpon|Spiky Shield|p1b: Ogerpon\n|-singleturn|p1b: Ogerpon|move: Protect\n|move|p2b: Tornadus|Tailwind|p2b: Tornadus\n|-sidestart|p2: isaflorsalcedo|move: Tailwind\n|move|p2a: Zacian|Sacred Sword|p1b: Ogerpon\n|-activate|p1b: Ogerpon|move: Protect\n|-damage|p2a: Zacian|19/100|[from] Spiky Shield|[of] p1b: Ogerpon\n|\n|-weather|RainDance|[upkeep]\n|upkeep\n|turn|8\n|\n|t:|1746128395\n|move|p2a: Zacian|Sacred Sword|p1b: Ogerpon\n|-supereffective|p1b: Ogerpon\n|-damage|p1b: Ogerpon|0 fnt\n|faint|p1b: Ogerpon\n|\n|win|isaflorsalcedo\n||sjouko is ready for game 3.\n||isaflorsalcedo is ready for game 3.\n|uhtml|next|Next: <a href=\"/battle-gen9vgc2025regibo3-2354884827\"><strong>Game 3 of 3</strong></a>\n|l|\u2606sjouko\n|player|p1|\n", "uploadtime": 1746128703, "views": 7, "formatid": "gen9vgc2025regibo3", "rating": null, "private": 0, "password": null}