{"id": "gen9vgc2025regibo3-2354488410", "format": "[Gen 9] VGC 2025 Reg I (Bo3)", "players": ["stanhoff", "fab concha vgc"], "log": "|j|\u2606stanhoff\n|j|\u2606fab concha vgc\n|html|<table width=\"100%\"><tr><td align=\"left\">stanhoff</td><td align=\"right\">fab concha vgc</tr><tr><td align=\"left\"><i class=\"fa fa-circle\"></i> <i class=\"fa fa-circle-o\"></i> </td><td align=\"right\"><i class=\"fa fa-circle-o\"></i> <i class=\"fa fa-circle\"></i> </tr></table>\n|uhtml|bestof|<h2><strong>Game 3</strong> of <a href=\"/game-bestof3-gen9vgc2025regibo3-2354486420\">a best-of-3</a></h2>\n|t:|1746080176\n|gametype|doubles\n|player|p1|stanhoff|falkner|1231\n|player|p2|fab concha vgc|169|1259\n|teamsize|p1|6\n|teamsize|p2|6\n|gen|9\n|tier|[Gen 9] VGC 2025 Reg I (Bo3)\n|rated|\n|rule|Species Clause: Limit one of each Pok\u00e9mon\n|rule|Item Clause: Limit 1 of each item\n|clearpoke\n|poke|p1|Calyrex-Shadow, L50|\n|poke|p1|Miraidon, L50|\n|poke|p1|Indeedee-F, L50, F|\n|poke|p1|Brute Bonnet, L50|\n|poke|p1|Iron Bundle, L50|\n|poke|p1|Sneasler, L50, M|\n|poke|p2|Miraidon, L50|\n|poke|p2|Entei, L50|\n|poke|p2|Zamazenta-*, L50|\n|poke|p2|Chien-Pao, L50|\n|poke|p2|Iron Hands, L50|\n|poke|p2|Farigiraf, L50, F|\n|teampreview|4\n|showteam|p1|Calyrex-Shadow||FocusSash|AsOneSpectrier|AstralBarrage,ExpandingForce,Disable,Protect||||||50|,,,,,Ghost]Miraidon||LifeOrb|HadronEngine|ElectroDrift,DracoMeteor,DazzlingGleam,Protect||||||50|,,,,,Fairy]Indeedee-F||PsychicSeed|PsychicSurge|FollowMe,AlluringVoice,TrickRoom,Imprison|||F|||50|,,,,,Fairy]Brute Bonnet||CovertCloak|Protosynthesis|Spore,SuckerPunch,SeedBomb,RagePowder||||||50|,,,,,Water]Iron Bundle||KingsRock|QuarkDrive|IcyWind,FreezeDry,Fling,Protect||||||50|,,,,,Grass]Sneasler||ElectricSeed|Unburden|FakeOut,Taunt,CloseCombat,Protect|||M|||50|,,,,,Dark\n|showteam|p2|Miraidon||ChoiceSpecs|HadronEngine|ElectroDrift,DracoMeteor,VoltSwitch,DazzlingGleam||||||50|,,,,,Fairy]Entei||ChoiceBand|InnerFocus|SacredFire,ExtremeSpeed,StompingTantrum,Crunch||||||50|,,,,,Normal]Zamazenta-Crowned||RustedShield|DauntlessShield|WideGuard,BodyPress,HeavySlam,Protect||||||50|,,,,,Water]Chien-Pao||FocusSash|SwordofRuin|Protect,IcicleCrash,ThroatChop,SuckerPunch||||||50|,,,,,Ghost]Iron Hands||AssaultVest|QuarkDrive|FakeOut,DrainPunch,WildCharge,LowKick||||||50|,,,,,Bug]Farigiraf||ElectricSeed|ArmorTail|TrickRoom,FoulPlay,HelpingHand,Roar|||F|||50|,,,,,Water\n|inactive|Battle timer is ON: inactive players will automatically lose when time's up. (requested by stanhoff)\n|\n|t:|1746080206\n|start\n|switch|p1a: Calyrex|Calyrex-Shadow, L50|100/100\n|switch|p1b: Miraidon|Miraidon, L50|100/100\n|switch|p2a: Iron Hands|Iron Hands, L50|100/100\n|switch|p2b: Farigiraf|Farigiraf, L50, F|100/100\n|-ability|p1a: Calyrex|As One\n|-ability|p1a: Calyrex|Unnerve\n|-fieldstart|move: Electric Terrain|[from] ability: Hadron Engine|[of] p1b: Miraidon\n|-enditem|p2b: Farigiraf|Electric Seed\n|-boost|p2b: Farigiraf|def|1|[from] item: Electric Seed\n|-activate|p2a: Iron Hands|ability: Quark Drive\n|-start|p2a: Iron Hands|quarkdriveatk\n|turn|1\n|\n|t:|1746080230\n|switch|p1b: Indeedee|Indeedee-F, L50, F|100/100\n|-fieldstart|move: Psychic Terrain|[from] ability: Psychic Surge|[of] p1b: Indeedee\n|-enditem|p1b: Indeedee|Psychic Seed\n|-boost|p1b: Indeedee|spd|1|[from] item: Psychic Seed\n|-end|p2a: Iron Hands|Quark Drive\n|move|p2a: Iron Hands|Fake Out|p1b: Indeedee\n|-activate|p1b: Indeedee|move: Psychic Terrain\n|move|p1a: Calyrex|Expanding Force|p2a: Iron Hands|[spread] p2a,p2b\n|-supereffective|p2a: Iron Hands\n|-resisted|p2b: Farigiraf\n|-damage|p2a: Iron Hands|25/100\n|-damage|p2b: Farigiraf|69/100\n|move|p2b: Farigiraf|Trick Room|p2b: Farigiraf\n|-fieldstart|move: Trick Room|[of] p2b: Farigiraf\n|\n|upkeep\n|turn|2\n|\n|t:|1746080249\n|-terastallize|p1b: Indeedee|Fairy\n|move|p1a: Calyrex|Protect|p1a: Calyrex\n|-singleturn|p1a: Calyrex|Protect\n|move|p1b: Indeedee|Follow Me|p1b: Indeedee\n|-singleturn|p1b: Indeedee|move: Follow Me\n|move|p2a: Iron Hands|Drain Punch|p1b: Indeedee\n|-resisted|p1b: Indeedee\n|-damage|p1b: Indeedee|81/100\n|-heal|p2a: Iron Hands|33/100|[from] drain|[of] p1b: Indeedee\n|move|p2b: Farigiraf|Foul Play|p1b: Indeedee\n|-resisted|p1b: Indeedee\n|-damage|p1b: Indeedee|76/100\n|\n|upkeep\n|turn|3\n|\n|t:|1746080265\n|-end|p2a: Iron Hands|Quark Drive|[silent]\n|switch|p2a: Miraidon|Miraidon, L50|100/100\n|-fieldstart|move: Electric Terrain|[from] ability: Hadron Engine|[of] p2a: Miraidon\n|move|p1b: Indeedee|Follow Me|p1b: Indeedee\n|-singleturn|p1b: Indeedee|move: Follow Me\n|move|p1a: Calyrex|Expanding Force|p2a: Miraidon\n|-damage|p2a: Miraidon|61/100\n|move|p2b: Farigiraf|Roar|p1b: Indeedee\n|drag|p1b: Miraidon|Miraidon, L50|100/100\n|-activate|p1b: Miraidon|ability: Hadron Engine\n|\n|upkeep\n|turn|4\n|\n|t:|1746080288\n|-terastallize|p2a: Miraidon|Fairy\n|move|p2b: Farigiraf|Helping Hand|p2a: Miraidon\n|-singleturn|p2a: Miraidon|Helping Hand|[of] p2b: Farigiraf\n|move|p1b: Miraidon|Protect|p1b: Miraidon\n|-singleturn|p1b: Miraidon|Protect\n|move|p1a: Calyrex|Protect|p1a: Calyrex\n|-singleturn|p1a: Calyrex|Protect\n|move|p2a: Miraidon|Dazzling Gleam|p1b: Miraidon|[spread] \n|-activate|p1a: Calyrex|move: Protect\n|-activate|p1b: Miraidon|move: Protect\n|\n|upkeep\n|turn|5\n|\n|t:|1746080305\n|switch|p1b: Indeedee|Indeedee-F, L50, F, tera:Fairy|76/100\n|-fieldstart|move: Psychic Terrain|[from] ability: Psychic Surge|[of] p1b: Indeedee\n|switch|p1a: Brute Bonnet|Brute Bonnet, L50|100/100\n|move|p2b: Farigiraf|Foul Play|p1a: Brute Bonnet\n|-resisted|p1a: Brute Bonnet\n|-damage|p1a: Brute Bonnet|93/100\n|move|p2a: Miraidon|Dazzling Gleam|p1b: Indeedee|[spread] p1a,p1b\n|-supereffective|p1a: Brute Bonnet\n|-crit|p1a: Brute Bonnet\n|-damage|p1a: Brute Bonnet|0 fnt\n|-damage|p1b: Indeedee|28/100\n|faint|p1a: Brute Bonnet\n|-end|p1a: Brute Bonnet|Protosynthesis|[silent]\n|\n|-fieldend|move: Trick Room\n|upkeep\n|\n|t:|1746080317\n|switch|p1a: Calyrex|Calyrex-Shadow, L50|100/100\n|-ability|p1a: Calyrex|As One\n|-ability|p1a: Calyrex|Unnerve\n|turn|6\n|\n|t:|1746080339\n|switch|p2a: Zamazenta|Zamazenta-Crowned, L50, shiny|100/100\n|-ability|p2a: Zamazenta|Dauntless Shield|boost\n|-boost|p2a: Zamazenta|def|1\n|move|p1a: Calyrex|Expanding Force|p2a: Zamazenta|[spread] p2a,p2b\n|-resisted|p2b: Farigiraf\n|-damage|p2a: Zamazenta|54/100\n|-damage|p2b: Farigiraf|35/100\n|move|p1b: Indeedee|Imprison|p1b: Indeedee\n|-start|p1b: Indeedee|move: Imprison\n|move|p2b: Farigiraf|Foul Play|p1a: Calyrex\n|-supereffective|p1a: Calyrex\n|-damage|p1a: Calyrex|30/100\n|\n|upkeep\n|turn|7\n|\n|t:|1746080362\n|move|p2a: Zamazenta|Wide Guard|p2a: Zamazenta\n|-singleturn|p2a: Zamazenta|Wide Guard\n|move|p1b: Indeedee|Follow Me|p1b: Indeedee\n|-singleturn|p1b: Indeedee|move: Follow Me\n|move|p1a: Calyrex|Disable|p2a: Zamazenta\n|-start|p2a: Zamazenta|Disable|Wide Guard\n|move|p2b: Farigiraf|Foul Play|p1b: Indeedee\n|-resisted|p1b: Indeedee\n|-damage|p1b: Indeedee|23/100\n|\n|upkeep\n|turn|8\n|\n|t:|1746080383\n|switch|p2b: Miraidon|Miraidon, L50, tera:Fairy|61/100\n|-fieldstart|move: Electric Terrain|[from] ability: Hadron Engine|[of] p2b: Miraidon\n|move|p1b: Indeedee|Follow Me|p1b: Indeedee\n|-singleturn|p1b: Indeedee|move: Follow Me\n|move|p1a: Calyrex|Expanding Force|p2b: Miraidon\n|-damage|p2b: Miraidon|23/100\n|move|p2a: Zamazenta|Heavy Slam|p1b: Indeedee\n|-supereffective|p1b: Indeedee\n|-damage|p1b: Indeedee|0 fnt\n|faint|p1b: Indeedee\n|\n|upkeep\n|\n|t:|1746080391\n|switch|p1b: Miraidon|Miraidon, L50|100/100\n|-activate|p1b: Miraidon|ability: Hadron Engine\n|turn|9\n|inactive|fab concha vgc has 30 seconds left.\n|\n|t:|1746080417\n|switch|p2b: Farigiraf|Farigiraf, L50, F|35/100\n|move|p1a: Calyrex|Astral Barrage|p2b: Farigiraf|[spread] p2a\n|-immune|p2b: Farigiraf\n|-damage|p2a: Zamazenta|18/100\n|move|p1b: Miraidon|Electro Drift|p2a: Zamazenta\n|-damage|p2a: Zamazenta|0 fnt\n|faint|p2a: Zamazenta\n|-damage|p1b: Miraidon|91/100|[from] item: Life Orb\n|\n|upkeep\n|\n|t:|1746080431\n|switch|p2a: Iron Hands|Iron Hands, L50|33/100\n|-activate|p2a: Iron Hands|ability: Quark Drive\n|-start|p2a: Iron Hands|quarkdriveatk\n|turn|10\n|\n|t:|1746080447\n|move|p2a: Iron Hands|Fake Out|p1b: Miraidon\n|-crit|p1b: Miraidon\n|-damage|p1b: Miraidon|59/100\n|move|p1a: Calyrex|Expanding Force|p2b: Farigiraf\n|-resisted|p2b: Farigiraf\n|-damage|p2b: Farigiraf|12/100\n|cant|p1b: Miraidon|flinch\n|move|p2b: Farigiraf|Trick Room|p2b: Farigiraf\n|-fieldstart|move: Trick Room|[of] p2b: Farigiraf\n|\n|upkeep\n|turn|11\n|\n|t:|1746080464\n|move|p1a: Calyrex|Protect|p1a: Calyrex\n|-singleturn|p1a: Calyrex|Protect\n|move|p2a: Iron Hands|Low Kick|p1b: Miraidon\n|-damage|p1b: Miraidon|0 fnt\n|faint|p1b: Miraidon\n|move|p2b: Farigiraf|Foul Play|p1a: Calyrex\n|-activate|p1a: Calyrex|move: Protect\n|\n|upkeep\n|turn|12\n|\n|t:|1746080471\n|move|p2a: Iron Hands|Wild Charge|p1a: Calyrex\n|-damage|p1a: Calyrex|0 fnt\n|faint|p1a: Calyrex\n|-damage|p2a: Iron Hands|27/100|[from] Recoil\n|\n|win|fab concha vgc\n|raw|stanhoff's rating: 1231 &rarr; <strong>1208</strong><br />(-23 for losing)\n|raw|fab concha vgc's rating: 1259 &rarr; <strong>1282</strong><br />(+23 for winning)\n", "uploadtime": 1746080491, "views": 17, "formatid": "gen9vgc2025regibo3", "rating": 1208, "private": 0, "password": null}