{"id": "gen9vgc2025regibo3-2353557012", "format": "[Gen 9] VGC 2025 Reg I (Bo3)", "players": ["TheParasectKing", "B-Nut17"], "log": "|j|\u2606TheParasectKing\n|j|\u2606B-Nut17\n|html|<table width=\"100%\"><tr><td align=\"left\">TheParasectKing</td><td align=\"right\">B-Nut17</tr><tr><td align=\"left\"><i class=\"fa fa-circle\"></i> <i class=\"fa fa-circle-o\"></i> </td><td align=\"right\"><i class=\"fa fa-circle-o\"></i> <i class=\"fa fa-circle\"></i> </tr></table>\n|uhtml|bestof|<h2><strong>Game 3</strong> of <a href=\"/game-bestof3-gen9vgc2025regibo3-2353553594\">a best-of-3</a></h2>\n|t:|1745968015\n|gametype|doubles\n|player|p1|TheParasectKing|acetrainer-gen4dp|1162\n|player|p2|B-Nut17|dawn|1116\n|teamsize|p1|6\n|teamsize|p2|6\n|gen|9\n|tier|[Gen 9] VGC 2025 Reg I (Bo3)\n|rated|\n|rule|Species Clause: Limit one of each Pok\u00e9mon\n|rule|Item Clause: Limit 1 of each item\n|clearpoke\n|poke|p1|Calyrex-Shadow, L50|\n|poke|p1|Rillaboom, L50, M|\n|poke|p1|Incineroar, L50, F|\n|poke|p1|Ogerpon-Hearthflame, L50, F|\n|poke|p1|Urshifu-*, L50, M|\n|poke|p1|Eternatus, L50|\n|poke|p2|Lunala, L50|\n|poke|p2|Koraidon, L50|\n|poke|p2|Flutter Mane, L50|\n|poke|p2|Indeedee-F, L50, F|\n|poke|p2|Ogerpon-Cornerstone, L50, F|\n|poke|p2|Chi-Yu, L50|\n|teampreview|4\n|showteam|p1|Calyrex-Shadow||LifeOrb|AsOneSpectrier|AstralBarrage,Psychic,NastyPlot,Protect||||||50|,,,,,Dark]Rillaboom||AssaultVest|GrassySurge|Uturn,WoodHammer,FakeOut,GrassyGlide|||M|||50|,,,,,Water]Incineroar||RockyHelmet|Intimidate|FakeOut,WillOWisp,KnockOff,Uturn|||F|||50|,,,,,Bug]Ogerpon-Hearthflame||HearthflameMask|MoldBreaker|FollowMe,WoodHammer,SpikyShield,IvyCudgel|||F|||50|,,,,,Fire]Urshifu-Rapid-Strike||ChoiceScarf|UnseenFist|SurgingStrikes,CloseCombat,AquaJet,Uturn|||M|||50|,,,,,Water]Eternatus||Leftovers|Pressure|Flamethrower,CosmicPower,Recover,Protect||||||50|,,,,,Dark\n|showteam|p2|Lunala||PowerHerb|ShadowShield|Protect,ExpandingForce,MoongeistBeam,MeteorBeam||||||50|,,,,,Water]Koraidon||LifeOrb|OrichalcumPulse|Protect,FlareBlitz,FlameCharge,CloseCombat||||||50|,,,,,Fire]Flutter Mane||FocusSash|Protosynthesis|Protect,Moonblast,ShadowBall,IcyWind||||||50|,,,,,Normal]Indeedee-F||RockyHelmet|PsychicSurge|FollowMe,HelpingHand,ShadowBall,TrickRoom|||F|||50|,,,,,Water]Ogerpon-Cornerstone||CornerstoneMask|Sturdy|Protect,IvyCudgel,PowerWhip,FollowMe|||F|||50|,,,,,Rock]Chi-Yu||ChoiceScarf|BeadsofRuin|HeatWave,Snarl,DarkPulse,Overheat||||||50|,,,,,Fire\n|inactive|Battle timer is ON: inactive players will automatically lose when time's up. (requested by TheParasectKing)\n|inactive|B-Nut17 also wants the timer to be on.\n|\n|t:|1745968042\n|start\n|switch|p1a: Ogerpon|Ogerpon-Hearthflame, L50, F|100/100\n|switch|p1b: Incineroar|Incineroar, L50, F|100/100\n|switch|p2a: Koraidon|Koraidon, L50|100/100\n|switch|p2b: Flutter Mane|Flutter Mane, L50|100/100\n|-weather|SunnyDay|[from] ability: Orichalcum Pulse|[of] p2a: Koraidon\n|-activate|p2b: Flutter Mane|ability: Protosynthesis\n|-start|p2b: Flutter Mane|protosynthesisspe\n|-activate|p2a: Koraidon|Orichalcum Pulse|[source]\n|-ability|p1a: Ogerpon|Mold Breaker\n|-ability|p1b: Incineroar|Intimidate|boost\n|-unboost|p2a: Koraidon|atk|1\n|-unboost|p2b: Flutter Mane|atk|1\n|turn|1\n|\n|t:|1745968063\n|move|p2b: Flutter Mane|Protect|p2b: Flutter Mane\n|-singleturn|p2b: Flutter Mane|Protect\n|move|p2a: Koraidon|Protect|p2a: Koraidon\n|-singleturn|p2a: Koraidon|Protect\n|move|p1a: Ogerpon|Ivy Cudgel|p2b: Flutter Mane|[anim] Ivy Cudgel Fire\n|-activate|p2b: Flutter Mane|move: Protect\n|move|p1b: Incineroar|U-turn|p2b: Flutter Mane\n|-activate|p2b: Flutter Mane|move: Protect\n|\n|-weather|SunnyDay|[upkeep]\n|upkeep\n|turn|2\n|inactive|TheParasectKing has 30 seconds left.\n|inactive|B-Nut17 has 30 seconds left.\n|\n|t:|1745968095\n|-terastallize|p2a: Koraidon|Fire\n|move|p1a: Ogerpon|Follow Me|p1a: Ogerpon\n|-singleturn|p1a: Ogerpon|move: Follow Me\n|move|p2b: Flutter Mane|Shadow Ball|p1a: Ogerpon\n|-damage|p1a: Ogerpon|49/100\n|move|p2a: Koraidon|Flare Blitz|p1a: Ogerpon\n|-damage|p1a: Ogerpon|0 fnt\n|faint|p1a: Ogerpon\n|-damage|p2a: Koraidon|87/100|[from] Recoil\n|-damage|p2a: Koraidon|77/100|[from] item: Life Orb\n|move|p1b: Incineroar|Knock Off|p2b: Flutter Mane\n|-damage|p2b: Flutter Mane|15/100\n|-enditem|p2b: Flutter Mane|Focus Sash|[from] move: Knock Off|[of] p1b: Incineroar\n|\n|-weather|SunnyDay|[upkeep]\n|upkeep\n|\n|t:|1745968102\n|switch|p1a: Eternatus|Eternatus, L50|100/100\n|-ability|p1a: Eternatus|Pressure\n|turn|3\n|\n|t:|1745968118\n|switch|p1b: Calyrex|Calyrex-Shadow, L50|100/100\n|-ability|p1b: Calyrex|As One\n|-ability|p1b: Calyrex|Unnerve\n|move|p2b: Flutter Mane|Icy Wind|p1a: Eternatus|[spread] p1a,p1b\n|-supereffective|p1a: Eternatus\n|-damage|p1a: Eternatus|81/100\n|-damage|p1b: Calyrex|86/100\n|-unboost|p1a: Eternatus|spe|1\n|-unboost|p1b: Calyrex|spe|1\n|move|p2a: Koraidon|Close Combat|p1b: Calyrex\n|-immune|p1b: Calyrex\n|move|p1a: Eternatus|Cosmic Power|p1a: Eternatus\n|-boost|p1a: Eternatus|def|1\n|-boost|p1a: Eternatus|spd|1\n|\n|-weather|SunnyDay|[upkeep]\n|-heal|p1a: Eternatus|87/100|[from] item: Leftovers\n|upkeep\n|turn|4\n|\n|t:|1745968130\n|switch|p1b: Incineroar|Incineroar, L50, F|100/100\n|-ability|p1b: Incineroar|Intimidate|boost\n|-unboost|p2a: Koraidon|atk|1\n|-unboost|p2b: Flutter Mane|atk|1\n|move|p2b: Flutter Mane|Moonblast|p1a: Eternatus\n|-damage|p1a: Eternatus|62/100\n|move|p2a: Koraidon|Flare Blitz|p1b: Incineroar\n|-resisted|p1b: Incineroar\n|-damage|p1b: Incineroar|59/100\n|-damage|p2a: Koraidon|61/100|[from] item: Rocky Helmet|[of] p1b: Incineroar\n|-damage|p2a: Koraidon|47/100|[from] Recoil\n|-damage|p2a: Koraidon|38/100|[from] item: Life Orb\n|move|p1a: Eternatus|Flamethrower|p2b: Flutter Mane\n|-damage|p2b: Flutter Mane|0 fnt\n|faint|p2b: Flutter Mane\n|-end|p2b: Flutter Mane|Protosynthesis|[silent]\n|\n|-weather|SunnyDay|[upkeep]\n|-heal|p1a: Eternatus|69/100|[from] item: Leftovers\n|upkeep\n|\n|t:|1745968136\n|switch|p2b: Lunala|Lunala, L50|100/100\n|turn|5\n|inactive|TheParasectKing has 30 seconds left.\n|\n|t:|1745968163\n|move|p2a: Koraidon|Protect|p2a: Koraidon\n|-singleturn|p2a: Koraidon|Protect\n|move|p1a: Eternatus|Protect|p1a: Eternatus\n|-singleturn|p1a: Eternatus|Protect\n|move|p2b: Lunala|Meteor Beam||[still]\n|-prepare|p2b: Lunala|Meteor Beam\n|-boost|p2b: Lunala|spa|1\n|-enditem|p2b: Lunala|Power Herb\n|-anim|p2b: Lunala|Meteor Beam|p1b: Incineroar\n|-supereffective|p1b: Incineroar\n|-damage|p1b: Incineroar|0 fnt\n|faint|p1b: Incineroar\n|\n|-weather|none\n|-heal|p1a: Eternatus|75/100|[from] item: Leftovers\n|upkeep\n|\n|t:|1745968165\n|switch|p1b: Calyrex|Calyrex-Shadow, L50|86/100\n|-ability|p1b: Calyrex|As One\n|-ability|p1b: Calyrex|Unnerve\n|turn|6\n|inactive|TheParasectKing has 30 seconds left.\n|\n|t:|1745968192\n|-terastallize|p1b: Calyrex|Dark\n|move|p1b: Calyrex|Astral Barrage|p2b: Lunala|[spread] p2a,p2b\n|-supereffective|p2b: Lunala\n|-damage|p2a: Koraidon|0 fnt\n|-damage|p2b: Lunala|0 fnt\n|faint|p2a: Koraidon\n|faint|p2b: Lunala\n|-ability|p1b: Calyrex|Grim Neigh|boost\n|-boost|p1b: Calyrex|spa|2\n|-damage|p1b: Calyrex|76/100|[from] item: Life Orb\n|move|p1a: Eternatus|Flamethrower|p2: Koraidon|[notarget]\n|-fail|p1a: Eternatus\n|\n|-heal|p1a: Eternatus|81/100|[from] item: Leftovers\n|upkeep\n|\n|t:|1745968203\n|switch|p2b: Chi-Yu|Chi-Yu, L50|100/100\n|-ability|p2b: Chi-Yu|Beads of Ruin\n|turn|7\n|\n|t:|1745968209\n|move|p1b: Calyrex|Protect|p1b: Calyrex\n|-singleturn|p1b: Calyrex|Protect\n|move|p2b: Chi-Yu|Heat Wave|p1b: Calyrex|[spread] p1a\n|-activate|p1b: Calyrex|move: Protect\n|-resisted|p1a: Eternatus\n|-damage|p1a: Eternatus|71/100\n|move|p1a: Eternatus|Cosmic Power|p1a: Eternatus\n|-boost|p1a: Eternatus|def|1\n|-boost|p1a: Eternatus|spd|1\n|\n|-heal|p1a: Eternatus|77/100|[from] item: Leftovers\n|upkeep\n|turn|8\n|\n|t:|1745968217\n|move|p1a: Eternatus|Protect|p1a: Eternatus\n|-singleturn|p1a: Eternatus|Protect\n|move|p2b: Chi-Yu|Heat Wave|p1a: Eternatus|[spread] \n|-activate|p1a: Eternatus|move: Protect\n|-miss|p2b: Chi-Yu|p1b: Calyrex\n|move|p1b: Calyrex|Astral Barrage|p2b: Chi-Yu\n|-resisted|p2b: Chi-Yu\n|-damage|p2b: Chi-Yu|0 fnt\n|faint|p2b: Chi-Yu\n|-damage|p1b: Calyrex|66/100|[from] item: Life Orb\n|\n|win|TheParasectKing\n|raw|TheParasectKing's rating: 1162 &rarr; <strong>1184</strong><br />(+22 for winning)\n|raw|B-Nut17's rating: 1116 &rarr; <strong>1094</strong><br />(-22 for losing)\n|c|\u2606B-Nut17|Gg wp\n|c|\u2606TheParasectKing|ggs wp\n|l|\u2606B-Nut17\n|player|p2|\n", "uploadtime": 1745968335, "views": 16, "formatid": "gen9vgc2025regibo3", "rating": 1094, "private": 0, "password": null}