{"id": "gen9vgc2025regibo3-2355020200", "format": "[Gen 9] VGC 2025 Reg I (Bo3)", "players": ["SunnySleepy", "That_Leek"], "log": "|j|\u2606SunnySleepy\n|j|\u2606That_Leek\n|html|<table width=\"100%\"><tr><td align=\"left\">SunnySleepy</td><td align=\"right\">That_Leek</tr><tr><td align=\"left\"><i class=\"fa fa-circle\"></i> <i class=\"fa fa-circle-o\"></i> </td><td align=\"right\"><i class=\"fa fa-circle-o\"></i> <i class=\"fa fa-circle\"></i> </tr></table>\n|uhtml|bestof|<h2><strong>Game 3</strong> of <a href=\"/game-bestof3-gen9vgc2025regibo3-2355017645\">a best-of-3</a></h2>\n|t:|1746142842\n|gametype|doubles\n|player|p1|SunnySleepy|102|1113\n|player|p2|That_Leek|blue-masters|1209\n|teamsize|p1|6\n|teamsize|p2|6\n|gen|9\n|tier|[Gen 9] VGC 2025 Reg I (Bo3)\n|rated|\n|rule|Species Clause: Limit one of each Pok\u00e9mon\n|rule|Item Clause: Limit 1 of each item\n|clearpoke\n|poke|p1|Lunala, L50|\n|poke|p1|Miraidon, L50|\n|poke|p1|Ogerpon-Cornerstone, L50, F|\n|poke|p1|Tornadus, L50, M|\n|poke|p1|Incineroar, L50, M|\n|poke|p1|Clefairy, L50, M|\n|poke|p2|Zamazenta-*, L50|\n|poke|p2|Calyrex-Shadow, L50|\n|poke|p2|Tornadus, L50, M|\n|poke|p2|Urshifu-*, L50, M|\n|poke|p2|Rillaboom, L50, M|\n|poke|p2|Chien-Pao, L50|\n|teampreview|4\n|showteam|p1|Lunala||ElectricSeed|ShadowShield|Moonblast,MoongeistBeam,WideGuard,Protect||||||50|,,,,,Fairy]Miraidon||ChoiceSpecs|HadronEngine|ElectroDrift,DazzlingGleam,VoltSwitch,DracoMeteor||||||50|,,,,,Fairy]Ogerpon-Cornerstone||CornerstoneMask|Sturdy|IvyCudgel,SpikyShield,FollowMe,HornLeech|||F|||50|,,,,,Rock]Tornadus||CovertCloak|Prankster|Taunt,Tailwind,BleakwindStorm,Protect|||M|||50|,,,,,Dark]Incineroar||RockyHelmet|Intimidate|FakeOut,KnockOff,PartingShot,FlareBlitz|||M|||50|,,,,,Grass]Clefairy||Eviolite|FriendGuard|FollowMe,HelpingHand,AfterYou,Moonblast|||M|||50|,,,,,Water\n|showteam|p2|Zamazenta-Crowned||RustedShield|DauntlessShield|BodyPress,HeavySlam,WideGuard,Protect||||||50|,,,,,Ghost]Calyrex-Shadow||FocusSash|AsOneSpectrier|AstralBarrage,Psychic,Encore,Protect||||||50|,,,,,Ghost]Tornadus||RockyHelmet|Prankster|BleakwindStorm,Tailwind,RainDance,Protect|||M|||50|,,,,,Dark]Urshifu-Rapid-Strike||MysticWater|UnseenFist|SurgingStrikes,CloseCombat,AquaJet,Detect|||M|||50|,,,,,Water]Rillaboom||AssaultVest|GrassySurge|WoodHammer,GrassyGlide,Uturn,FakeOut|||M|||50|,,,,,Fire]Chien-Pao||LifeOrb|SwordofRuin|SuckerPunch,IcicleCrash,IceShard,Protect||||||50|,,,,,Stellar\n|c|\u2606That_Leek|lowkey\n|c|\u2606That_Leek|I think you need trick room\n|c|\u2606That_Leek|Farig > clef imo\n|inactive|Battle timer is ON: inactive players will automatically lose when time's up. (requested by SunnySleepy)\n|\n|t:|1746142921\n|start\n|switch|p1a: Miraidon|Miraidon, L50|100/100\n|switch|p1b: Lunala|Lunala, L50|100/100\n|switch|p2a: Tornadus|Tornadus, L50, M|100/100\n|switch|p2b: Chien-Pao|Chien-Pao, L50|100/100\n|-ability|p2b: Chien-Pao|Sword of Ruin\n|-fieldstart|move: Electric Terrain|[from] ability: Hadron Engine|[of] p1a: Miraidon\n|-enditem|p1b: Lunala|Electric Seed\n|-boost|p1b: Lunala|def|1|[from] item: Electric Seed\n|turn|1\n|inactive|SunnySleepy has 30 seconds left.\n|\n|t:|1746142949\n|-terastallize|p2b: Chien-Pao|Stellar\n|-terastallize|p1b: Lunala|Fairy\n|move|p2a: Tornadus|Rain Dance|p2a: Tornadus\n|-weather|RainDance\n|move|p2b: Chien-Pao|Icicle Crash|p1a: Miraidon\n|-supereffective|p1a: Miraidon\n|-damage|p1a: Miraidon|0 fnt\n|faint|p1a: Miraidon\n|-damage|p2b: Chien-Pao|91/100|[from] item: Life Orb\n|move|p1b: Lunala|Moonblast|p2b: Chien-Pao\n|-supereffective|p2b: Chien-Pao\n|-damage|p2b: Chien-Pao|0 fnt\n|faint|p2b: Chien-Pao\n|\n|-weather|RainDance|[upkeep]\n|upkeep\n|\n|t:|1746142962\n|switch|p1a: Tornadus|Tornadus, L50, M|100/100\n|switch|p2b: Urshifu|Urshifu-Rapid-Strike, L50, M|100/100\n|turn|2\n|\n|t:|1746142976\n|move|p2a: Tornadus|Tailwind|p2a: Tornadus\n|-sidestart|p2: That_Leek|move: Tailwind\n|move|p1a: Tornadus|Taunt|p2a: Tornadus\n|-start|p2a: Tornadus|move: Taunt\n|move|p2b: Urshifu|Surging Strikes|p1b: Lunala\n|-crit|p1b: Lunala\n|-damage|p1b: Lunala|84/100\n|-crit|p1b: Lunala\n|-damage|p1b: Lunala|51/100\n|-crit|p1b: Lunala\n|-damage|p1b: Lunala|14/100\n|-hitcount|p1b: Lunala|3\n|move|p1b: Lunala|Moonblast|p2b: Urshifu\n|-supereffective|p2b: Urshifu\n|-damage|p2b: Urshifu|0 fnt\n|faint|p2b: Urshifu\n|\n|-weather|RainDance|[upkeep]\n|upkeep\n|\n|t:|1746142985\n|switch|p2b: Calyrex|Calyrex-Shadow, L50|100/100\n|-ability|p2b: Calyrex|As One\n|-ability|p2b: Calyrex|Unnerve\n|turn|3\n|\n|t:|1746143008\n|move|p1b: Lunala|Wide Guard|p1b: Lunala\n|-singleturn|p1b: Lunala|Wide Guard\n|move|p1a: Tornadus|Tailwind|p1a: Tornadus\n|-sidestart|p1: SunnySleepy|move: Tailwind\n|move|p2b: Calyrex|Astral Barrage|p1b: Lunala|[spread] \n|-activate|p1a: Tornadus|move: Wide Guard\n|-activate|p1b: Lunala|move: Wide Guard\n|move|p2a: Tornadus|Bleakwind Storm|p1b: Lunala|[spread] \n|-activate|p1a: Tornadus|move: Wide Guard\n|-activate|p1b: Lunala|move: Wide Guard\n|\n|-weather|RainDance|[upkeep]\n|upkeep\n|turn|4\n|inactive|SunnySleepy has 30 seconds left.\n|inactive|That_Leek has 30 seconds left.\n|inactive|SunnySleepy has 20 seconds left.\n|\n|t:|1746143045\n|move|p1b: Lunala|Wide Guard|p1b: Lunala\n|-singleturn|p1b: Lunala|Wide Guard\n|move|p2b: Calyrex|Psychic|p1b: Lunala\n|-damage|p1b: Lunala|0 fnt\n|faint|p1b: Lunala\n|-ability|p2b: Calyrex|Grim Neigh|boost\n|-boost|p2b: Calyrex|spa|1\n|move|p2a: Tornadus|Bleakwind Storm|p1a: Tornadus\n|-activate|p1a: Tornadus|move: Wide Guard\n|move|p1a: Tornadus|Bleakwind Storm|p2a: Tornadus|[spread] p2a,p2b\n|-damage|p2a: Tornadus|59/100\n|-damage|p2b: Calyrex|68/100\n|-unboost|p2a: Tornadus|spe|1\n|\n|-weather|RainDance|[upkeep]\n|upkeep\n|\n|t:|1746143060\n|switch|p1b: Ogerpon|Ogerpon-Cornerstone, L50, F|100/100\n|turn|5\n|\n|t:|1746143072\n|move|p1a: Tornadus|Protect|p1a: Tornadus\n|-singleturn|p1a: Tornadus|Protect\n|move|p1b: Ogerpon|Spiky Shield|p1b: Ogerpon\n|-singleturn|p1b: Ogerpon|move: Protect\n|move|p2b: Calyrex|Astral Barrage|p1b: Ogerpon|[spread] \n|-activate|p1a: Tornadus|move: Protect\n|-activate|p1b: Ogerpon|move: Protect\n|move|p2a: Tornadus|Bleakwind Storm|p1b: Ogerpon|[spread] \n|-activate|p1a: Tornadus|move: Protect\n|-activate|p1b: Ogerpon|move: Protect\n|\n|-weather|none\n|-end|p2a: Tornadus|move: Taunt\n|-sideend|p2: That_Leek|move: Tailwind\n|-fieldend|move: Electric Terrain\n|upkeep\n|turn|6\n|\n|t:|1746143096\n|move|p2a: Tornadus|Protect|p2a: Tornadus\n|-singleturn|p2a: Tornadus|Protect\n|move|p2b: Calyrex|Protect|p2b: Calyrex\n|-singleturn|p2b: Calyrex|Protect\n|move|p1b: Ogerpon|Ivy Cudgel|p2b: Calyrex|[anim] Ivy Cudgel Rock\n|-activate|p2b: Calyrex|move: Protect\n|move|p1a: Tornadus|Bleakwind Storm|p2b: Calyrex|[spread] \n|-activate|p2a: Tornadus|move: Protect\n|-activate|p2b: Calyrex|move: Protect\n|\n|-sideend|p1: SunnySleepy|move: Tailwind\n|upkeep\n|turn|7\n|\n|t:|1746143109\n|move|p1a: Tornadus|Tailwind|p1a: Tornadus\n|-sidestart|p1: SunnySleepy|move: Tailwind\n|move|p2a: Tornadus|Tailwind|p2a: Tornadus\n|-sidestart|p2: That_Leek|move: Tailwind\n|move|p2b: Calyrex|Astral Barrage|p1a: Tornadus|[spread] p1a,p1b\n|-damage|p1a: Tornadus|30/100\n|-damage|p1b: Ogerpon|5/100\n|move|p1b: Ogerpon|Ivy Cudgel|p2b: Calyrex|[anim] Ivy Cudgel Rock\n|-damage|p2b: Calyrex|0 fnt\n|faint|p2b: Calyrex\n|\n|upkeep\n|turn|8\n|c|\u2606SunnySleepy|Gg\n|c|\u2606That_Leek|unlucky drop\n|inactive|SunnySleepy has 30 seconds left.\n|\n|t:|1746143135\n|move|p1b: Ogerpon|Ivy Cudgel|p2a: Tornadus|[anim] Ivy Cudgel Rock\n|-supereffective|p2a: Tornadus\n|-damage|p2a: Tornadus|0 fnt\n|faint|p2a: Tornadus\n|\n|win|SunnySleepy\n|raw|SunnySleepy's rating: 1113 &rarr; <strong>1145</strong><br />(+32 for winning)\n|raw|That_Leek's rating: 1209 &rarr; <strong>1177</strong><br />(-32 for losing)\n|c|\u2606That_Leek|but it is what it is\n|c|\u2606That_Leek|actually\n|c|\u2606That_Leek|no\n|l|\u2606That_Leek\n|player|p2|\n", "uploadtime": 1746143158, "views": 9, "formatid": "gen9vgc2025regibo3", "rating": 1145, "private": 0, "password": null}