{"id": "gen9vgc2025regibo3-2353599374", "format": "[Gen 9] VGC 2025 Reg I (Bo3)", "players": ["Watanagashi_Mion", "brutal mcbonnet"], "log": "|j|\u2606Watanagashi_Mion\n|j|\u2606brutal mcbonnet\n|html|<table width=\"100%\"><tr><td align=\"left\">Watanagashi_Mion</td><td align=\"right\">brutal mcbonnet</tr><tr><td align=\"left\"><i class=\"fa fa-circle-o\"></i> <i class=\"fa fa-circle-o\"></i> </td><td align=\"right\"><i class=\"fa fa-circle-o\"></i> <i class=\"fa fa-circle\"></i> </tr></table>\n|uhtml|bestof|<h2><strong>Game 2</strong> of <a href=\"/game-bestof3-gen9vgc2025regibo3-2353596918\">a best-of-3</a></h2>\n|t:|1745972937\n|gametype|doubles\n|player|p1|Watanagashi_Mion|hugh|1121\n|player|p2|brutal mcbonnet|skyla|1169\n|teamsize|p1|6\n|teamsize|p2|6\n|gen|9\n|tier|[Gen 9] VGC 2025 Reg I (Bo3)\n|rated|\n|rule|Species Clause: Limit one of each Pok\u00e9mon\n|rule|Item Clause: Limit 1 of each item\n|clearpoke\n|poke|p1|Zamazenta-*, L50|\n|poke|p1|Calyrex-Shadow, L50|\n|poke|p1|Tornadus, L50, M|\n|poke|p1|Urshifu-*, L50, M|\n|poke|p1|Rillaboom, L50, F|\n|poke|p1|Chien-Pao, L50|\n|poke|p2|Koraidon, L50|\n|poke|p2|Ho-Oh, L50|\n|poke|p2|Brute Bonnet, L50|\n|poke|p2|Flutter Mane, L50|\n|poke|p2|Raging Bolt, L50|\n|poke|p2|Iron Treads, L50|\n|teampreview|4\n|showteam|p1|Zamazenta-Crowned||RustedShield|DauntlessShield|BodyPress,HeavySlam,WideGuard,Protect||||||50|,,,,,Ghost]Calyrex-Shadow||FocusSash|AsOneSpectrier|AstralBarrage,Psychic,Encore,Protect||||||50|,,,,,Ghost]Tornadus||RockyHelmet|Prankster|BleakwindStorm,Tailwind,RainDance,Protect|||M|||50|,,,,,Dark]Urshifu-Rapid-Strike||MysticWater|UnseenFist|SurgingStrikes,CloseCombat,AquaJet,Protect|||M|||50|,,,,,Water]Rillaboom||AssaultVest|GrassySurge|WoodHammer,GrassyGlide,Uturn,FakeOut|||F|||50|,,,,,Fire]Chien-Pao||LifeOrb|SwordofRuin|IcicleCrash,SuckerPunch,IceShard,Protect||||||50|,,,,,Stellar\n|showteam|p2|Koraidon||LifeOrb|OrichalcumPulse|CloseCombat,FlareBlitz,BreakingSwipe,Protect||||||50|,,,,,Fire]Ho-Oh||ClearAmulet|Regenerator|SacredFire,BraveBird,Tailwind,Protect||||||50|,,,,,Grass]Brute Bonnet||CovertCloak|Protosynthesis|SuckerPunch,PollenPuff,Spore,RagePowder||||||50|,,,,,Water]Flutter Mane||FocusSash|Protosynthesis|Moonblast,ShadowBall,IcyWind,Protect||||||50|,,,,,Stellar]Raging Bolt||AssaultVest|Protosynthesis|Thunderclap,Thunderbolt,DragonPulse,Electroweb||||||50|,,,,,Electric]Iron Treads||ChoiceBand|QuarkDrive|HighHorsepower,IronHead,Earthquake,SteelRoller||||||50|,,,,,Ghost\n|inactive|Battle timer is ON: inactive players will automatically lose when time's up. (requested by Watanagashi_Mion)\n|inactive|Watanagashi_Mion has 60 seconds left.\n|\n|t:|1745972973\n|start\n|switch|p1a: Calyrex|Calyrex-Shadow, L50|100/100\n|switch|p1b: Tornadus|Tornadus, L50, M|100/100\n|switch|p2a: Raging Bolt|Raging Bolt, L50|100/100\n|switch|p2b: Koraidon|Koraidon, L50|100/100\n|-ability|p1a: Calyrex|As One\n|-ability|p1a: Calyrex|Unnerve\n|-weather|SunnyDay|[from] ability: Orichalcum Pulse|[of] p2b: Koraidon\n|-activate|p2a: Raging Bolt|ability: Protosynthesis\n|-start|p2a: Raging Bolt|protosynthesisspa\n|-activate|p2b: Koraidon|Orichalcum Pulse|[source]\n|turn|1\n|inactive|Watanagashi_Mion has 30 seconds left.\n|inactive|brutal mcbonnet has 30 seconds left.\n|inactive|Watanagashi_Mion has 20 seconds left.\n|inactive|Watanagashi_Mion has 15 seconds left.\n|inactive|Watanagashi_Mion has 10 seconds left.\n|\n|t:|1745973022\n|switch|p2b: Ho-Oh|Ho-Oh, L50, shiny|100/100\n|-terastallize|p2a: Raging Bolt|Electric\n|move|p1b: Tornadus|Rain Dance|p1b: Tornadus\n|-weather|RainDance\n|-end|p2a: Raging Bolt|Protosynthesis\n|move|p1a: Calyrex|Astral Barrage|p2a: Raging Bolt|[spread] p2a,p2b\n|-damage|p2a: Raging Bolt|69/100\n|-damage|p2b: Ho-Oh|68/100\n|move|p2a: Raging Bolt|Electroweb|p1b: Tornadus|[spread] p1a,p1b\n|-supereffective|p1b: Tornadus\n|-damage|p1a: Calyrex|64/100\n|-damage|p1b: Tornadus|18/100\n|-unboost|p1a: Calyrex|spe|1\n|-unboost|p1b: Tornadus|spe|1\n|\n|-weather|RainDance|[upkeep]\n|upkeep\n|turn|2\n|inactive|brutal mcbonnet has 30 seconds left.\n|\n|t:|1745973048\n|switch|p1a: Zamazenta|Zamazenta-Crowned, L50|100/100\n|-ability|p1a: Zamazenta|Dauntless Shield|boost\n|-boost|p1a: Zamazenta|def|1\n|move|p1b: Tornadus|Protect|p1b: Tornadus\n|-singleturn|p1b: Tornadus|Protect\n|move|p2b: Ho-Oh|Tailwind|p2b: Ho-Oh\n|-sidestart|p2: brutal mcbonnet|move: Tailwind\n|move|p2a: Raging Bolt|Electroweb|p1b: Tornadus|[spread] p1a\n|-activate|p1b: Tornadus|move: Protect\n|-damage|p1a: Zamazenta|75/100\n|-unboost|p1a: Zamazenta|spe|1\n|\n|-weather|RainDance|[upkeep]\n|upkeep\n|turn|3\n|\n|t:|1745973071\n|-end|p2a: Raging Bolt|Protosynthesis|[silent]\n|switch|p2a: Flutter Mane|Flutter Mane, L50, shiny|100/100\n|move|p1b: Tornadus|Tailwind|p1b: Tornadus\n|-sidestart|p1: Watanagashi_Mion|move: Tailwind\n|move|p1a: Zamazenta|Body Press|p2a: Flutter Mane\n|-immune|p2a: Flutter Mane\n|move|p2b: Ho-Oh|Brave Bird|p1b: Tornadus\n|-damage|p1b: Tornadus|0 fnt\n|-damage|p2b: Ho-Oh|52/100|[from] item: Rocky Helmet|[of] p1b: Tornadus\n|faint|p1b: Tornadus\n|-damage|p2b: Ho-Oh|47/100|[from] Recoil\n|\n|-weather|RainDance|[upkeep]\n|upkeep\n|\n|t:|1745973086\n|switch|p1b: Calyrex|Calyrex-Shadow, L50|64/100\n|-ability|p1b: Calyrex|As One\n|-ability|p1b: Calyrex|Unnerve\n|turn|4\n|\n|t:|1745973096\n|switch|p1b: Urshifu|Urshifu-Rapid-Strike, L50, M|100/100\n|switch|p2b: Koraidon|Koraidon, L50|100/100\n|-weather|SunnyDay|[from] ability: Orichalcum Pulse|[of] p2b: Koraidon\n|-activate|p2a: Flutter Mane|ability: Protosynthesis\n|-start|p2a: Flutter Mane|protosynthesisspe\n|-activate|p2b: Koraidon|Orichalcum Pulse|[source]\n|move|p2a: Flutter Mane|Shadow Ball|p1b: Urshifu\n|-damage|p1b: Urshifu|47/100\n|-unboost|p1b: Urshifu|spd|1\n|move|p1a: Zamazenta|Heavy Slam|p2a: Flutter Mane\n|-supereffective|p2a: Flutter Mane\n|-enditem|p2a: Flutter Mane|Focus Sash\n|-damage|p2a: Flutter Mane|1/100\n|\n|-weather|SunnyDay|[upkeep]\n|upkeep\n|turn|5\n|\n|t:|1745973118\n|-end|p2a: Flutter Mane|Protosynthesis|[silent]\n|switch|p2a: Raging Bolt|Raging Bolt, L50, tera:Electric|69/100\n|-activate|p2a: Raging Bolt|ability: Protosynthesis\n|-start|p2a: Raging Bolt|protosynthesisspa\n|-terastallize|p1a: Zamazenta|Ghost\n|move|p1b: Urshifu|Aqua Jet|p2a: Raging Bolt\n|-damage|p2a: Raging Bolt|60/100\n|move|p2b: Koraidon|Flare Blitz|p1a: Zamazenta\n|-damage|p1a: Zamazenta|26/100\n|-damage|p2b: Koraidon|85/100|[from] Recoil\n|-damage|p2b: Koraidon|75/100|[from] item: Life Orb\n|move|p1a: Zamazenta|Body Press|p2b: Koraidon\n|-damage|p2b: Koraidon|13/100\n|\n|-weather|SunnyDay|[upkeep]\n|-sideend|p2: brutal mcbonnet|move: Tailwind\n|upkeep\n|turn|6\n|inactive|Watanagashi_Mion has 30 seconds left.\n|inactive|brutal mcbonnet has 30 seconds left.\n|\n|t:|1745973148\n|switch|p2b: Ho-Oh|Ho-Oh, L50, shiny|80/100\n|move|p2a: Raging Bolt|Thunderclap|p1a: Zamazenta\n|-damage|p1a: Zamazenta|0 fnt\n|faint|p1a: Zamazenta\n|move|p1b: Urshifu|Close Combat|p2a: Raging Bolt\n|-damage|p2a: Raging Bolt|12/100\n|-unboost|p1b: Urshifu|def|1\n|-unboost|p1b: Urshifu|spd|1\n|\n|-weather|SunnyDay|[upkeep]\n|-sideend|p1: Watanagashi_Mion|move: Tailwind\n|upkeep\n|\n|t:|1745973153\n|switch|p1a: Calyrex|Calyrex-Shadow, L50|64/100\n|-ability|p1a: Calyrex|As One\n|-ability|p1a: Calyrex|Unnerve\n|turn|7\n|\n|t:|1745973165\n|move|p1b: Urshifu|Aqua Jet|p2a: Raging Bolt\n|-damage|p2a: Raging Bolt|3/100\n|move|p2a: Raging Bolt|Thunderclap|p1a: Calyrex\n|-damage|p1a: Calyrex|0 fnt\n|faint|p1a: Calyrex\n|move|p2b: Ho-Oh|Tailwind|p2b: Ho-Oh\n|-sidestart|p2: brutal mcbonnet|move: Tailwind\n|\n|-weather|SunnyDay|[upkeep]\n|upkeep\n|turn|8\n|-message|Watanagashi_Mion forfeited.\n|\n|win|brutal mcbonnet\n|raw|Watanagashi_Mion's rating: 1121 &rarr; <strong>1099</strong><br />(-22 for losing)\n|raw|brutal mcbonnet's rating: 1169 &rarr; <strong>1191</strong><br />(+22 for winning)\n|l|\u2606Watanagashi_Mion\n|player|p1|\n", "uploadtime": 1745973196, "views": 8, "formatid": "gen9vgc2025regibo3", "rating": 1099, "private": 0, "password": null}