{"id": "gen9vgc2025regibo3-2355046505", "format": "[Gen 9] VGC 2025 Reg I (Bo3)", "players": ["nathonline", "miardy"], "log": "|j|\u2606nathonline\n|j|\u2606miardy\n|html|<table width=\"100%\"><tr><td align=\"left\">nathonline</td><td align=\"right\">miardy</tr><tr><td align=\"left\"><i class=\"fa fa-circle\"></i> <i class=\"fa fa-circle-o\"></i> </td><td align=\"right\"><i class=\"fa fa-circle-o\"></i> <i class=\"fa fa-circle\"></i> </tr></table>\n|uhtml|bestof|<h2><strong>Game 3</strong> of <a href=\"/game-bestof3-gen9vgc2025regibo3-2355039356\">a best-of-3</a></h2>\n|t:|1746145936\n|gametype|doubles\n|player|p1|nathonline|nate|1069\n|player|p2|miardy|unknownf|1040\n|teamsize|p1|6\n|teamsize|p2|6\n|gen|9\n|tier|[Gen 9] VGC 2025 Reg I (Bo3)\n|rated|\n|rule|Species Clause: Limit one of each Pok\u00e9mon\n|rule|Item Clause: Limit 1 of each item\n|clearpoke\n|poke|p1|Kyurem-Black, L50|\n|poke|p1|Groudon, L50|\n|poke|p1|Roaring Moon, L50|\n|poke|p1|Indeedee-F, L50, F|\n|poke|p1|Incineroar, L50, M|\n|poke|p1|Urshifu-*, L50, M|\n|poke|p2|Lunala, L50|\n|poke|p2|Groudon, L50|\n|poke|p2|Raging Bolt, L50|\n|poke|p2|Amoonguss, L50, M|\n|poke|p2|Incineroar, L50, F|\n|poke|p2|Ogerpon-Hearthflame, L50, F|\n|teampreview|4\n|showteam|p1|Kyurem-Black||LoadedDice|Teravolt|Protect,FusionBolt,ScaleShot,IcicleSpear||||||50|,,,,,Electric]Groudon||ChoiceScarf|Drought|PrecipiceBlades,HighHorsepower,HeatCrash,HeavySlam||||||50|,,,,,Ground]Roaring Moon||BoosterEnergy|Protosynthesis|Protect,Tailwind,KnockOff,Acrobatics||||||50|,,,,,Poison]Indeedee-F||SitrusBerry|PsychicSurge|Protect,HealPulse,Psychic,FollowMe|||F|||50|,,,,,Dark]Incineroar||RockyHelmet|Intimidate|FakeOut,PartingShot,KnockOff,FlareBlitz|||M|||50|,,,,,Ghost]Urshifu-Rapid-Strike||FocusSash|UnseenFist|Detect,CloseCombat,SurgingStrikes,AquaJet|||M|||50|,,,,,Water\n|showteam|p2|Lunala||PowerHerb|ShadowShield|MoongeistBeam,MeteorBeam,TrickRoom,WideGuard||||||50|,,,,,Fairy]Groudon||ClearAmulet|Drought|PrecipiceBlades,BulkUp,HeatCrash,Protect||||||50|,,,,,Fire]Raging Bolt||AssaultVest|Protosynthesis|Thunderclap,Thunderbolt,DracoMeteor,VoltSwitch||||||50|,,,,,Electric]Amoonguss||RockyHelmet|Regenerator|Spore,PollenPuff,RagePowder,Protect|||M|||50|,,,,,Grass]Incineroar||SafetyGoggles|Intimidate|FakeOut,WillOWisp,KnockOff,PartingShot|||F|||50|,,,,,Fire]Ogerpon-Hearthflame||HearthflameMask|MoldBreaker|IvyCudgel,WoodHammer,FollowMe,SpikyShield|||F|||50|,,,,,Fire\n|inactive|Battle timer is ON: inactive players will automatically lose when time's up. (requested by nathonline)\n|inactive|nathonline has 60 seconds left.\n|inactive|nathonline has 30 seconds left.\n|inactive|nathonline has 20 seconds left.\n|inactive|nathonline has 15 seconds left.\n|\n|t:|1746146012\n|start\n|switch|p1a: Roaring Moon|Roaring Moon, L50|100/100\n|switch|p1b: Kyurem|Kyurem-Black, L50|100/100\n|switch|p2a: Lunala|Lunala, L50|100/100\n|switch|p2b: Ogerpon|Ogerpon-Hearthflame, L50, F|100/100\n|-ability|p1b: Kyurem|Teravolt\n|-ability|p2b: Ogerpon|Mold Breaker\n|-enditem|p1a: Roaring Moon|Booster Energy\n|-activate|p1a: Roaring Moon|ability: Protosynthesis|[fromitem]\n|-start|p1a: Roaring Moon|protosynthesisspe\n|turn|1\n|inactive|nathonline has 30 seconds left.\n|inactive|miardy has 30 seconds left.\n|inactive|nathonline has 20 seconds left.\n|inactive|nathonline has 15 seconds left.\n|inactive|nathonline has 10 seconds left.\n|inactive|nathonline has 5 seconds left.\n|\n|t:|1746146062\n|move|p1a: Roaring Moon|Acrobatics|p2b: Ogerpon\n|-supereffective|p2b: Ogerpon\n|-damage|p2b: Ogerpon|2/100\n|move|p1b: Kyurem|Icicle Spear|p2b: Ogerpon\n|-damage|p2b: Ogerpon|0 fnt\n|faint|p2b: Ogerpon\n|-hitcount|p2: Ogerpon|1\n|move|p2a: Lunala|Meteor Beam||[still]\n|-prepare|p2a: Lunala|Meteor Beam\n|-boost|p2a: Lunala|spa|1\n|-enditem|p2a: Lunala|Power Herb\n|-anim|p2a: Lunala|Meteor Beam|p1a: Roaring Moon\n|-damage|p1a: Roaring Moon|32/100\n|\n|upkeep\n|\n|t:|1746146085\n|switch|p2b: Groudon|Groudon, L50|100/100\n|-weather|SunnyDay|[from] ability: Drought|[of] p2b: Groudon\n|turn|2\n|inactive|nathonline has 30 seconds left.\n|\n|t:|1746146116\n|move|p1a: Roaring Moon|Acrobatics|p2b: Groudon\n|-damage|p2b: Groudon|74/100\n|move|p1b: Kyurem|Icicle Spear|p2b: Groudon\n|-supereffective|p2b: Groudon\n|-damage|p2b: Groudon|54/100\n|-supereffective|p2b: Groudon\n|-damage|p2b: Groudon|32/100\n|-supereffective|p2b: Groudon\n|-damage|p2b: Groudon|9/100\n|-supereffective|p2b: Groudon\n|-crit|p2b: Groudon\n|-damage|p2b: Groudon|0 fnt\n|faint|p2b: Groudon\n|-hitcount|p2: Groudon|4\n|move|p2a: Lunala|Moongeist Beam|p1a: Roaring Moon\n|-resisted|p1a: Roaring Moon\n|-damage|p1a: Roaring Moon|0 fnt\n|faint|p1a: Roaring Moon\n|-end|p1a: Roaring Moon|Protosynthesis|[silent]\n|\n|-weather|SunnyDay|[upkeep]\n|upkeep\n|\n|t:|1746146134\n|switch|p1a: Incineroar|Incineroar, L50, M, shiny|100/100\n|switch|p2b: Incineroar|Incineroar, L50, F|100/100\n|-ability|p2b: Incineroar|Intimidate|boost\n|-unboost|p1a: Incineroar|atk|1\n|-unboost|p1b: Kyurem|atk|1\n|-ability|p1a: Incineroar|Intimidate|boost\n|-unboost|p2a: Lunala|atk|1\n|-unboost|p2b: Incineroar|atk|1\n|turn|3\n|inactive|miardy has 30 seconds left.\n|\n|t:|1746146160\n|move|p1b: Kyurem|Protect|p1b: Kyurem\n|-singleturn|p1b: Kyurem|Protect\n|move|p2b: Incineroar|Fake Out|p1b: Kyurem\n|-activate|p1b: Kyurem|move: Protect\n|move|p2a: Lunala|Moongeist Beam|p1a: Incineroar\n|-resisted|p1a: Incineroar\n|-damage|p1a: Incineroar|62/100\n|move|p1a: Incineroar|Knock Off|p2a: Lunala\n|-supereffective|p2a: Lunala\n|-damage|p2a: Lunala|73/100\n|\n|-weather|SunnyDay|[upkeep]\n|upkeep\n|turn|4\n|\n|t:|1746146182\n|move|p1b: Kyurem|Icicle Spear|p2a: Lunala\n|-damage|p2a: Lunala|64/100\n|-damage|p2a: Lunala|56/100\n|-damage|p2a: Lunala|47/100\n|-damage|p2a: Lunala|38/100\n|-damage|p2a: Lunala|29/100\n|-hitcount|p2a: Lunala|5\n|move|p2a: Lunala|Moongeist Beam|p1b: Kyurem\n|-damage|p1b: Kyurem|19/100\n|move|p2b: Incineroar|Knock Off|p1a: Incineroar\n|-resisted|p1a: Incineroar\n|-damage|p1a: Incineroar|53/100\n|-damage|p2b: Incineroar|84/100|[from] item: Rocky Helmet|[of] p1a: Incineroar\n|-enditem|p1a: Incineroar|Rocky Helmet|[from] move: Knock Off|[of] p2b: Incineroar\n|move|p1a: Incineroar|Knock Off|p2a: Lunala\n|-supereffective|p2a: Lunala\n|-damage|p2a: Lunala|0 fnt\n|faint|p2a: Lunala\n|\n|-weather|SunnyDay|[upkeep]\n|upkeep\n|turn|5\n|inactive|nathonline has 30 seconds left.\n|inactive|miardy has 30 seconds left.\n|inactive|nathonline has 20 seconds left.\n|\n|t:|1746146221\n|move|p1b: Kyurem|Scale Shot|p2b: Incineroar\n|-damage|p2b: Incineroar|76/100\n|-damage|p2b: Incineroar|67/100\n|-damage|p2b: Incineroar|59/100\n|-damage|p2b: Incineroar|51/100\n|-damage|p2b: Incineroar|43/100\n|-hitcount|p2b: Incineroar|5\n|-unboost|p1b: Kyurem|def|1\n|-boost|p1b: Kyurem|spe|1\n|move|p2b: Incineroar|Knock Off|p1b: Kyurem\n|-damage|p1b: Kyurem|0 fnt\n|-enditem|p1b: Kyurem|Loaded Dice|[from] move: Knock Off|[of] p2b: Incineroar\n|faint|p1b: Kyurem\n|move|p1a: Incineroar|Parting Shot|p2b: Incineroar\n|-unboost|p2b: Incineroar|atk|1\n|-unboost|p2b: Incineroar|spa|1\n|\n|t:|1746146236\n|switch|p1a: Groudon|Groudon, L50|100/100|[from] Parting Shot\n|\n|-weather|SunnyDay|[upkeep]\n|upkeep\n|\n|t:|1746146239\n|switch|p1b: Incineroar|Incineroar, L50, M, shiny|53/100\n|-ability|p1b: Incineroar|Intimidate|boost\n|-unboost|p2b: Incineroar|atk|1\n|turn|6\n|\n|t:|1746146247\n|-terastallize|p1a: Groudon|Ground\n|-terastallize|p2b: Incineroar|Fire\n|move|p1b: Incineroar|Fake Out|p2b: Incineroar\n|-damage|p2b: Incineroar|35/100\n|move|p1a: Groudon|High Horsepower|p2b: Incineroar\n|-supereffective|p2b: Incineroar\n|-damage|p2b: Incineroar|0 fnt\n|faint|p2b: Incineroar\n|\n|win|nathonline\n|raw|nathonline's rating: 1069 &rarr; <strong>1096</strong><br />(+27 for winning)\n|raw|miardy's rating: 1040 &rarr; <strong>1025</strong><br />(-15 for losing)\n|l|\u2606nathonline\n|player|p1|\n", "uploadtime": 1746146348, "views": 28, "formatid": "gen9vgc2025regibo3", "rating": 1025, "private": 0, "password": null}