{"id": "gen9vgc2025regibo3-2354240649", "format": "[Gen 9] VGC 2025 Reg I (Bo3)", "players": ["MidoMidori", "EncoreVGC"], "log": "|j|\u2606MidoMidori\n|j|\u2606EncoreVGC\n|html|<table width=\"100%\"><tr><td align=\"left\">MidoMidori</td><td align=\"right\">EncoreVGC</tr><tr><td align=\"left\"><i class=\"fa fa-circle-o\"></i> <i class=\"fa fa-circle-o\"></i> </td><td align=\"right\"><i class=\"fa fa-circle-o\"></i> <i class=\"fa fa-circle\"></i> </tr></table>\n|uhtml|bestof|<h2><strong>Game 2</strong> of <a href=\"/game-bestof3-gen9vgc2025regibo3-2354238734\">a best-of-3</a></h2>\n|t:|1746048080\n|gametype|doubles\n|player|p1|MidoMidori|roxanne-gen6|1218\n|player|p2|EncoreVGC|tuber|1321\n|teamsize|p1|6\n|teamsize|p2|6\n|gen|9\n|tier|[Gen 9] VGC 2025 Reg I (Bo3)\n|rated|\n|rule|Species Clause: Limit one of each Pok\u00e9mon\n|rule|Item Clause: Limit 1 of each item\n|clearpoke\n|poke|p1|Koraidon, L50|\n|poke|p1|Ho-Oh, L50|\n|poke|p1|Incineroar, L50, M|\n|poke|p1|Flutter Mane, L50|\n|poke|p1|Raging Bolt, L50|\n|poke|p1|Iron Treads, L50|\n|poke|p2|Ho-Oh, L50|\n|poke|p2|Miraidon, L50|\n|poke|p2|Grimmsnarl, L50, M|\n|poke|p2|Farigiraf, L50, M|\n|poke|p2|Ogerpon-Cornerstone, L50, F|\n|poke|p2|Iron Hands, L50|\n|teampreview|4\n|showteam|p1|Koraidon||LoadedDice|OrichalcumPulse|CollisionCourse,FlareBlitz,ScaleShot,Protect||||||50|,,,,,Fire]Ho-Oh||ClearAmulet|Regenerator|SacredFire,BraveBird,Tailwind,Protect||||||50|,,,,,Grass]Incineroar||RockyHelmet|Intimidate|FakeOut,FlareBlitz,KnockOff,PartingShot|||M|||50|,,,,,Ghost]Flutter Mane||FocusSash|Protosynthesis|Moonblast,ShadowBall,IcyWind,Protect||||||50|,,,,,Stellar]Raging Bolt||AssaultVest|Protosynthesis|Thunderclap,DracoMeteor,VoltSwitch,Snarl||||||50|,,,,,Electric]Iron Treads||LifeOrb|QuarkDrive|IronHead,HighHorsepower,KnockOff,Protect||||||50|,,,,,Ghost\n|showteam|p2|Ho-Oh||ClearAmulet|Regenerator|SacredFire,BraveBird,Tailwind,Protect||||||50|,,,,,Grass]Miraidon||ChoiceSpecs|HadronEngine|ElectroDrift,DracoMeteor,VoltSwitch,DazzlingGleam||||||50|,,,,,Fairy]Grimmsnarl||LightClay|Prankster|SpiritBreak,Reflect,LightScreen,ThunderWave|||M|||50|,,,,,Ghost]Farigiraf||ElectricSeed|ArmorTail|FoulPlay,Psychic,TrickRoom,HelpingHand|||M|||50|,,,,,Water]Ogerpon-Cornerstone||CornerstoneMask|Sturdy|IvyCudgel,PowerWhip,FollowMe,SpikyShield|||F|||50|,,,,,Rock]Iron Hands||AssaultVest|QuarkDrive|WildCharge,DrainPunch,LowKick,FakeOut||||||50|,,,,,Water\n|\n|t:|1746048125\n|start\n|switch|p1a: Raging Bolt|Raging Bolt, L50|100/100\n|switch|p1b: Iron Treads|Iron Treads, L50|100/100\n|switch|p2a: Ho-Oh|Ho-Oh, L50|100/100\n|switch|p2b: Grimmsnarl|Grimmsnarl, L50, M|100/100\n|turn|1\n|\n|t:|1746048156\n|-end|p1b: Iron Treads|Quark Drive|[silent]\n|switch|p1b: Koraidon|Koraidon, L50|100/100\n|-weather|SunnyDay|[from] ability: Orichalcum Pulse|[of] p1b: Koraidon\n|-activate|p1a: Raging Bolt|ability: Protosynthesis\n|-start|p1a: Raging Bolt|protosynthesisspa\n|-activate|p1b: Koraidon|Orichalcum Pulse|[source]\n|-terastallize|p2a: Ho-Oh|Grass\n|move|p2b: Grimmsnarl|Reflect|p2b: Grimmsnarl\n|-sidestart|p2: EncoreVGC|Reflect\n|move|p2a: Ho-Oh|Sacred Fire|p1b: Koraidon\n|-resisted|p1b: Koraidon\n|-damage|p1b: Koraidon|67/100\n|-status|p1b: Koraidon|brn\n|move|p1a: Raging Bolt|Draco Meteor|p2a: Ho-Oh\n|-damage|p2a: Ho-Oh|36/100\n|-unboost|p1a: Raging Bolt|spa|2\n|\n|-weather|SunnyDay|[upkeep]\n|-damage|p1b: Koraidon|61/100 brn|[from] brn\n|upkeep\n|turn|2\n|\n|t:|1746048188\n|switch|p2a: Miraidon|Miraidon, L50|100/100\n|-fieldstart|move: Electric Terrain|[from] ability: Hadron Engine|[of] p2a: Miraidon\n|move|p2b: Grimmsnarl|Light Screen|p2b: Grimmsnarl\n|-sidestart|p2: EncoreVGC|move: Light Screen\n|move|p1b: Koraidon|Flare Blitz|p2a: Miraidon\n|-resisted|p2a: Miraidon\n|-damage|p2a: Miraidon|89/100\n|-damage|p1b: Koraidon|56/100 brn|[from] Recoil\n|move|p1a: Raging Bolt|Volt Switch|p2a: Miraidon\n|-resisted|p2a: Miraidon\n|-damage|p2a: Miraidon|85/100\n|\n|t:|1746048191\n|-end|p1a: Raging Bolt|Protosynthesis|[silent]\n|switch|p1a: Iron Treads|Iron Treads, L50|100/100|[from] Volt Switch\n|-activate|p1a: Iron Treads|ability: Quark Drive\n|-start|p1a: Iron Treads|quarkdrivespe\n|\n|-weather|SunnyDay|[upkeep]\n|-damage|p1b: Koraidon|50/100 brn|[from] brn\n|upkeep\n|turn|3\n|\n|t:|1746048216\n|switch|p2b: Iron Hands|Iron Hands, L50|100/100\n|-activate|p2b: Iron Hands|ability: Quark Drive\n|-start|p2b: Iron Hands|quarkdriveatk\n|move|p1a: Iron Treads|High Horsepower|p2a: Miraidon\n|-supereffective|p2a: Miraidon\n|-damage|p2a: Miraidon|19/100\n|-damage|p1a: Iron Treads|91/100|[from] item: Life Orb\n|move|p1b: Koraidon|Flare Blitz|p2a: Miraidon\n|-resisted|p2a: Miraidon\n|-damage|p2a: Miraidon|6/100\n|-damage|p1b: Koraidon|45/100 brn|[from] Recoil\n|move|p2a: Miraidon|Dazzling Gleam|p1a: Iron Treads|[spread] p1a,p1b\n|-resisted|p1a: Iron Treads\n|-supereffective|p1b: Koraidon\n|-damage|p1a: Iron Treads|63/100\n|-damage|p1b: Koraidon|0 fnt\n|faint|p1b: Koraidon\n|\n|-weather|SunnyDay|[upkeep]\n|upkeep\n|\n|t:|1746048235\n|switch|p1b: Raging Bolt|Raging Bolt, L50|100/100\n|-activate|p1b: Raging Bolt|ability: Protosynthesis\n|-start|p1b: Raging Bolt|protosynthesisspa\n|turn|4\n|\n|t:|1746048249\n|move|p1a: Iron Treads|High Horsepower|p2a: Miraidon\n|-supereffective|p2a: Miraidon\n|-damage|p2a: Miraidon|0 fnt\n|faint|p2a: Miraidon\n|-damage|p1a: Iron Treads|53/100|[from] item: Life Orb\n|move|p1b: Raging Bolt|Snarl|p2b: Iron Hands\n|-resisted|p2b: Iron Hands\n|-damage|p2b: Iron Hands|95/100\n|-unboost|p2b: Iron Hands|spa|1\n|move|p2b: Iron Hands|Drain Punch|p1a: Iron Treads\n|-supereffective|p1a: Iron Treads\n|-damage|p1a: Iron Treads|0 fnt\n|-heal|p2b: Iron Hands|100/100|[from] drain|[of] p1a: Iron Treads\n|faint|p1a: Iron Treads\n|-end|p1a: Iron Treads|Quark Drive|[silent]\n|\n|-weather|SunnyDay|[upkeep]\n|upkeep\n|\n|t:|1746048263\n|switch|p2a: Ho-Oh|Ho-Oh, L50, tera:Grass|69/100\n|switch|p1a: Ho-Oh|Ho-Oh, L50|100/100\n|turn|5\n|\n|t:|1746048273\n|move|p2a: Ho-Oh|Tailwind|p2a: Ho-Oh\n|-sidestart|p2: EncoreVGC|move: Tailwind\n|move|p2b: Iron Hands|Wild Charge|p1a: Ho-Oh\n|-supereffective|p1a: Ho-Oh\n|-damage|p1a: Ho-Oh|0 fnt\n|faint|p1a: Ho-Oh\n|-damage|p2b: Iron Hands|78/100|[from] Recoil\n|move|p1b: Raging Bolt|Draco Meteor|p2a: Ho-Oh\n|-damage|p2a: Ho-Oh|28/100\n|-unboost|p1b: Raging Bolt|spa|2\n|\n|-weather|none\n|-end|p1b: Raging Bolt|Protosynthesis\n|upkeep\n|turn|6\n|-message|MidoMidori forfeited.\n|\n|win|EncoreVGC\n|raw|MidoMidori's rating: 1218 &rarr; <strong>1200</strong><br />(-18 for losing)\n|raw|EncoreVGC's rating: 1321 &rarr; <strong>1335</strong><br />(+14 for winning)\n|c|\u2606MidoMidori|Gg\n", "uploadtime": 1746048291, "views": 8, "formatid": "gen9vgc2025regibo3", "rating": 1200, "private": 0, "password": null}