{"id": "gen9vgc2025regibo3-2353706973", "format": "[Gen 9] VGC 2025 Reg I (Bo3)", "players": ["luisecanonserna", "Wangopedia"], "log": "|j|\u2606luisecanonserna\n|j|\u2606Wangopedia\n|html|<table width=\"100%\"><tr><td align=\"left\">luisecanonserna</td><td align=\"right\">Wangopedia</tr><tr><td align=\"left\"><i class=\"fa fa-circle\"></i> <i class=\"fa fa-circle-o\"></i> </td><td align=\"right\"><i class=\"fa fa-circle-o\"></i> <i class=\"fa fa-circle\"></i> </tr></table>\n|uhtml|bestof|<h2><strong>Game 3</strong> of <a href=\"/game-bestof3-gen9vgc2025regibo3-2353699982\">a best-of-3</a></h2>\n|t:|1745986395\n|gametype|doubles\n|player|p1|luisecanonserna|266|1097\n|player|p2|Wangopedia|169|1045\n|teamsize|p1|6\n|teamsize|p2|6\n|gen|9\n|tier|[Gen 9] VGC 2025 Reg I (Bo3)\n|rated|\n|rule|Species Clause: Limit one of each Pok\u00e9mon\n|rule|Item Clause: Limit 1 of each item\n|clearpoke\n|poke|p1|Kyogre, L50|\n|poke|p1|Zacian-*, L50|\n|poke|p1|Rillaboom, L50, F|\n|poke|p1|Tornadus, L50, M|\n|poke|p1|Chien-Pao, L50|\n|poke|p1|Ogerpon-Hearthflame, L50, F|\n|poke|p2|Solgaleo, L50|\n|poke|p2|Rillaboom, L50, M|\n|poke|p2|Arcanine, L50, M|\n|poke|p2|Kyogre, L50|\n|poke|p2|Murkrow, L50, M|\n|poke|p2|Clefairy, L50, F|\n|teampreview|4\n|showteam|p1|Kyogre||MysticWater|Drizzle|WaterSpout,OriginPulse,IceBeam,Protect||||||50|,,,,,Grass]Zacian-Crowned||RustedSword|IntrepidSword|behemothblade,PlayRough,SacredSword,Protect||||||50|,,,,,Water]Rillaboom||AssaultVest|GrassySurge|GrassyGlide,WoodHammer,FakeOut,Uturn|||F|||50|,,,,,Fire]Tornadus||CovertCloak|Prankster|BleakwindStorm,RainDance,Tailwind,Protect|||M|||50|,,,,,Dark]Chien-Pao||FocusSash|SwordofRuin|IcicleCrash,SuckerPunch,ThroatChop,Protect||||||50|,,,,,Ghost]Ogerpon-Hearthflame||HearthflameMask|MoldBreaker|IvyCudgel,FollowMe,SpikyShield,Encore|||F|||50|,,,,,Fire\n|showteam|p2|Solgaleo||MentalHerb|FullMetalBody|Protect,TrickRoom,WideGuard,SunsteelStrike||||||50|,,,,,Dragon]Rillaboom||AssaultVest|GrassySurge|FakeOut,KnockOff,BrickBreak,GrassyGlide|||M|||50|,,,,,Fire]Arcanine||WideLens|Intimidate|Snarl,Protect,HeatWave,WillOWisp|||M|||50|,,,,,Grass]Kyogre||SafetyGoggles|Drizzle|Protect,IceBeam,Thunderbolt,OriginPulse||||||50|,,,,,Grass]Murkrow||FocusSash|Prankster|Haze,Protect,Tailwind,AirSlash|||M|||50|,,,,,Grass]Clefairy||Eviolite|FriendGuard|Protect,LifeDew,FollowMe,Moonblast|||F|||50|,,,,,Ground\n|inactive|Battle timer is ON: inactive players will automatically lose when time's up. (requested by luisecanonserna)\n|inactive|Wangopedia has 60 seconds left.\n|\n|t:|1745986434\n|start\n|switch|p1a: Ogerpon|Ogerpon-Hearthflame, L50, F|100/100\n|switch|p1b: Chien-Pao|Chien-Pao, L50|100/100\n|switch|p2a: Solgaleo|Solgaleo, L50|100/100\n|switch|p2b: Rillaboom|Rillaboom, L50, M|100/100\n|-ability|p1b: Chien-Pao|Sword of Ruin\n|-ability|p1a: Ogerpon|Mold Breaker\n|-fieldstart|move: Grassy Terrain|[from] ability: Grassy Surge|[of] p2b: Rillaboom\n|turn|1\n|inactive|luisecanonserna has 30 seconds left.\n|\n|t:|1745986460\n|move|p1b: Chien-Pao|Protect|p1b: Chien-Pao\n|-singleturn|p1b: Chien-Pao|Protect\n|move|p2b: Rillaboom|Fake Out|p1a: Ogerpon\n|-damage|p1a: Ogerpon|83/100\n|cant|p1a: Ogerpon|flinch\n|move|p2a: Solgaleo|Trick Room|p2a: Solgaleo\n|-fieldstart|move: Trick Room|[of] p2a: Solgaleo\n|\n|-heal|p1a: Ogerpon|89/100|[from] Grassy Terrain\n|upkeep\n|turn|2\n|inactive|Wangopedia has 30 seconds left.\n|inactive|Wangopedia has 20 seconds left.\n|inactive|Wangopedia has 15 seconds left.\n|\n|t:|1745986503\n|move|p1a: Ogerpon|Follow Me|p1a: Ogerpon\n|-singleturn|p1a: Ogerpon|move: Follow Me\n|move|p2b: Rillaboom|Knock Off|p1a: Ogerpon\n|-damage|p1a: Ogerpon|59/100\n|move|p2a: Solgaleo|Sunsteel Strike|p1a: Ogerpon\n|-resisted|p1a: Ogerpon\n|-damage|p1a: Ogerpon|26/100\n|move|p1b: Chien-Pao|Throat Chop|p2a: Solgaleo\n|-supereffective|p2a: Solgaleo\n|-damage|p2a: Solgaleo|33/100\n|-start|p2a: Solgaleo|Throat Chop|[silent]\n|\n|-heal|p2a: Solgaleo|39/100|[from] Grassy Terrain\n|-heal|p1a: Ogerpon|32/100|[from] Grassy Terrain\n|upkeep\n|turn|3\n|inactive|luisecanonserna has 30 seconds left.\n|inactive|Wangopedia has 30 seconds left.\n|inactive|Wangopedia has 20 seconds left.\n|inactive|Wangopedia has 15 seconds left.\n|inactive|Wangopedia has 10 seconds left.\n|\n|t:|1745986553\n|switch|p2a: Arcanine|Arcanine, L50, M|100/100\n|-ability|p2a: Arcanine|Intimidate|boost\n|-unboost|p1a: Ogerpon|atk|1\n|-unboost|p1b: Chien-Pao|atk|1\n|move|p1b: Chien-Pao|Sucker Punch||[still]\n|-fail|p1b: Chien-Pao\n|move|p2b: Rillaboom|Brick Break|p1b: Chien-Pao\n|-supereffective|p1b: Chien-Pao\n|-enditem|p1b: Chien-Pao|Focus Sash\n|-damage|p1b: Chien-Pao|1/100\n|move|p1a: Ogerpon|Ivy Cudgel|p2b: Rillaboom|[anim] Ivy Cudgel Fire\n|-supereffective|p2b: Rillaboom\n|-crit|p2b: Rillaboom\n|-damage|p2b: Rillaboom|0 fnt\n|faint|p2b: Rillaboom\n|\n|-heal|p1a: Ogerpon|38/100|[from] Grassy Terrain\n|-heal|p1b: Chien-Pao|7/100|[from] Grassy Terrain\n|upkeep\n|\n|t:|1745986570\n|switch|p2b: Kyogre|Kyogre, L50|100/100\n|-weather|RainDance|[from] ability: Drizzle|[of] p2b: Kyogre\n|turn|4\n|\n|t:|1745986591\n|move|p2a: Arcanine|Protect|p2a: Arcanine\n|-singleturn|p2a: Arcanine|Protect\n|move|p1a: Ogerpon|Spiky Shield|p1a: Ogerpon\n|-singleturn|p1a: Ogerpon|move: Protect\n|move|p1b: Chien-Pao|Sucker Punch|p2b: Kyogre\n|-damage|p2b: Kyogre|81/100\n|move|p2b: Kyogre|Origin Pulse|p1a: Ogerpon|[spread] p1b\n|-activate|p1a: Ogerpon|move: Protect\n|-damage|p1b: Chien-Pao|0 fnt\n|faint|p1b: Chien-Pao\n|\n|-weather|RainDance|[upkeep]\n|-heal|p2b: Kyogre|87/100|[from] Grassy Terrain\n|-heal|p1a: Ogerpon|44/100|[from] Grassy Terrain\n|upkeep\n|\n|t:|1745986607\n|switch|p1b: Rillaboom|Rillaboom, L50, F|100/100\n|turn|5\n|\n|t:|1745986619\n|switch|p2b: Solgaleo|Solgaleo, L50|39/100\n|move|p2a: Arcanine|Protect||[still]\n|-fail|p2a: Arcanine\n|move|p1b: Rillaboom|Fake Out|p2b: Solgaleo\n|-resisted|p2b: Solgaleo\n|-damage|p2b: Solgaleo|34/100\n|move|p1a: Ogerpon|Follow Me|p1a: Ogerpon\n|-singleturn|p1a: Ogerpon|move: Follow Me\n|\n|-weather|RainDance|[upkeep]\n|-heal|p2b: Solgaleo|40/100|[from] Grassy Terrain\n|-heal|p1a: Ogerpon|50/100|[from] Grassy Terrain\n|-fieldend|move: Trick Room\n|-fieldend|move: Grassy Terrain\n|upkeep\n|turn|6\n|inactive|luisecanonserna has 30 seconds left.\n|inactive|Wangopedia has 30 seconds left.\n|inactive|luisecanonserna has 20 seconds left.\n|inactive|luisecanonserna has 15 seconds left.\n|\n|t:|1745986659\n|-terastallize|p1b: Rillaboom|Fire\n|move|p2b: Solgaleo|Protect|p2b: Solgaleo\n|-singleturn|p2b: Solgaleo|Protect\n|move|p1a: Ogerpon|Ivy Cudgel|p2b: Solgaleo|[anim] Ivy Cudgel Fire\n|-activate|p2b: Solgaleo|move: Protect\n|move|p2a: Arcanine|Will-O-Wisp|p1b: Rillaboom\n|-immune|p1b: Rillaboom\n|move|p1b: Rillaboom|U-turn|p2a: Arcanine\n|-resisted|p2a: Arcanine\n|-damage|p2a: Arcanine|90/100\n|\n|t:|1745986671\n|switch|p1b: Kyogre|Kyogre, L50|100/100|[from] U-turn\n|\n|-weather|RainDance|[upkeep]\n|upkeep\n|turn|7\n|inactive|Wangopedia has 30 seconds left.\n|inactive|Wangopedia has 20 seconds left.\n|\n|t:|1745986709\n|move|p2a: Arcanine|Protect|p2a: Arcanine\n|-singleturn|p2a: Arcanine|Protect\n|move|p1a: Ogerpon|Ivy Cudgel|p2b: Solgaleo|[anim] Ivy Cudgel Fire\n|-supereffective|p2b: Solgaleo\n|-damage|p2b: Solgaleo|16/100\n|move|p1b: Kyogre|Ice Beam|p2b: Solgaleo\n|-resisted|p2b: Solgaleo\n|-damage|p2b: Solgaleo|4/100\n|move|p2b: Solgaleo|Trick Room|p2b: Solgaleo\n|-fieldstart|move: Trick Room|[of] p2b: Solgaleo\n|\n|-weather|RainDance|[upkeep]\n|upkeep\n|turn|8\n|inactive|luisecanonserna has 30 seconds left.\n|inactive|Wangopedia has 30 seconds left.\n|inactive|Wangopedia has 20 seconds left.\n|inactive|Wangopedia has 15 seconds left.\n|inactive|Wangopedia has 10 seconds left.\n|\n|t:|1745986758\n|move|p2b: Solgaleo|Protect|p2b: Solgaleo\n|-singleturn|p2b: Solgaleo|Protect\n|move|p2a: Arcanine|Snarl|p1a: Ogerpon|[spread] p1a,p1b\n|-damage|p1a: Ogerpon|41/100\n|-damage|p1b: Kyogre|94/100\n|-unboost|p1a: Ogerpon|spa|1\n|-unboost|p1b: Kyogre|spa|1\n|move|p1b: Kyogre|Water Spout|p2b: Solgaleo|[spread] p2a\n|-activate|p2b: Solgaleo|move: Protect\n|-supereffective|p2a: Arcanine\n|-damage|p2a: Arcanine|0 fnt\n|faint|p2a: Arcanine\n|move|p1a: Ogerpon|Ivy Cudgel|p2b: Solgaleo|[anim] Ivy Cudgel Fire\n|-activate|p2b: Solgaleo|move: Protect\n|\n|-weather|none\n|upkeep\n|inactive|Wangopedia has 30 seconds left.\n|inactive|Wangopedia has 20 seconds left.\n|inactive|Wangopedia has 15 seconds left.\n|inactive|Wangopedia has 10 seconds left.\n|inactive|Wangopedia has 5 seconds left.\n|\n|t:|1745986813\n|switch|p2a: Kyogre|Kyogre, L50|87/100\n|-weather|RainDance|[from] ability: Drizzle|[of] p2a: Kyogre\n|turn|9\n|inactive|Wangopedia has 30 seconds left.\n|inactive|Wangopedia has 20 seconds left.\n|inactive|Wangopedia has 15 seconds left.\n|inactive|Wangopedia has 10 seconds left.\n|inactive|Wangopedia has 5 seconds left.\n|\n|t:|1745986868\n|move|p2a: Kyogre|Protect|p2a: Kyogre\n|-singleturn|p2a: Kyogre|Protect\n|move|p2b: Solgaleo|Protect||[still]\n|-fail|p2b: Solgaleo\n|move|p1a: Ogerpon|Follow Me|p1a: Ogerpon\n|-singleturn|p1a: Ogerpon|move: Follow Me\n|move|p1b: Kyogre|Ice Beam|p2b: Solgaleo\n|-resisted|p2b: Solgaleo\n|-damage|p2b: Solgaleo|0 fnt\n|faint|p2b: Solgaleo\n|\n|-weather|RainDance|[upkeep]\n|upkeep\n|turn|10\n|inactive|luisecanonserna has 30 seconds left.\n|inactive|Wangopedia has 30 seconds left.\n|inactive|luisecanonserna has 20 seconds left.\n|inactive|Wangopedia has 20 seconds left.\n|inactive|luisecanonserna has 15 seconds left.\n|inactive|Wangopedia has 15 seconds left.\n|inactive|Wangopedia has 10 seconds left.\n|inactive|Wangopedia has 5 seconds left.\n|inactive|luisecanonserna has 10 seconds left.\n|\n|t:|1745986927\n|move|p2a: Kyogre|Protect|p2a: Kyogre\n|-singleturn|p2a: Kyogre|Protect\n|move|p1a: Ogerpon|Spiky Shield|p1a: Ogerpon\n|-singleturn|p1a: Ogerpon|move: Protect\n|move|p1b: Kyogre|Origin Pulse|p2a: Kyogre\n|-activate|p2a: Kyogre|move: Protect\n|\n|-weather|RainDance|[upkeep]\n|upkeep\n|turn|11\n|inactive|Wangopedia has 10 seconds left this turn.\n|inactive|Wangopedia has 5 seconds left.\n|-message|Wangopedia lost due to inactivity.\n|\n|win|luisecanonserna\n|raw|luisecanonserna's rating: 1097 &rarr; <strong>1119</strong><br />(+22 for winning)\n|raw|Wangopedia's rating: 1045 &rarr; <strong>1031</strong><br />(-14 for losing)\n", "uploadtime": 1745986960, "views": 7, "formatid": "gen9vgc2025regibo3", "rating": 1031, "private": 0, "password": null}