{"id": "gen9vgc2025regibo3-2354115367", "format": "[Gen 9] VGC 2025 Reg I (Bo3)", "players": ["benb1122", "NiterZero"], "log": "|j|\u2606benb1122\n|j|\u2606NiterZero\n|html|<table width=\"100%\"><tr><td align=\"left\">benb1122</td><td align=\"right\">NiterZero</tr><tr><td align=\"left\"><i class=\"fa fa-circle-o\"></i> <i class=\"fa fa-circle-o\"></i> </td><td align=\"right\"><i class=\"fa fa-circle-o\"></i> <i class=\"fa fa-circle-o\"></i> </tr></table>\n|uhtml|bestof|<h2><strong>Game 1</strong> of <a href=\"/game-bestof3-gen9vgc2025regibo3-2354115366\">a best-of-3</a></h2>\n|t:|1746036160\n|gametype|doubles\n|player|p1|benb1122|102|\n|player|p2|NiterZero|170|\n|teamsize|p1|6\n|teamsize|p2|6\n|gen|9\n|tier|[Gen 9] VGC 2025 Reg I (Bo3)\n|rule|Species Clause: Limit one of each Pok\u00e9mon\n|rule|Item Clause: Limit 1 of each item\n|clearpoke\n|poke|p1|Koraidon, L50|\n|poke|p1|Groudon, L50|\n|poke|p1|Raging Bolt, L50|\n|poke|p1|Rillaboom, L50, M|\n|poke|p1|Flutter Mane, L50|\n|poke|p1|Lilligant-Hisui, L50, F|\n|poke|p2|Kyurem-White, L50|\n|poke|p2|Zamazenta-*, L50|\n|poke|p2|Ninetales-Alola, L50, F|\n|poke|p2|Tornadus, L50, M|\n|poke|p2|Rillaboom, L50, M|\n|poke|p2|Ogerpon-Hearthflame, L50, F|\n|teampreview|4\n|showteam|p1|Koraidon||LifeOrb|OrichalcumPulse|CloseCombat,FlareBlitz,FlameCharge,Protect||||||50|,,,,,Fire]Groudon||Leftovers|Drought|PrecipiceBlades,HeatCrash,HelpingHand,Protect||||||50|,,,,,Fire]Raging Bolt||AssaultVest|Protosynthesis|Thunderclap,Thunderbolt,DracoMeteor,DragonPulse||||||50|,,,,,Fairy]Rillaboom||CovertCloak|Overgrow|FakeOut,GrassyGlide,WoodHammer,Protect|||M|||50|,,,,,Grass]Flutter Mane||ChoiceSpecs|Protosynthesis|DazzlingGleam,ShadowBall,IcyWind,MysticalFire||||||50|,,,,,Fairy]Lilligant-Hisui||ExpertBelt|Chlorophyll|CloseCombat,SolarBlade,TripleAxel,VictoryDance|||F|||50|,,,,,Fighting\n|showteam|p2|Kyurem-White||LifeOrb|Turboblaze|Blizzard,EarthPower,Protect,FreezeDry||||||50|,,,,,Ice]Zamazenta-Crowned||RustedShield|DauntlessShield|BodyPress,behemothbash,WideGuard,HelpingHand||||||50|,,,,,Dragon]Ninetales-Alola||LightClay|SnowWarning|AuroraVeil,IcyWind,Protect,Encore|||F|||50|,,,,,Fire]Tornadus||CovertCloak|Prankster|BleakwindStorm,Snowscape,Tailwind,Taunt|||M|||50|,,,,,Dark]Rillaboom||AssaultVest|GrassySurge|WoodHammer,GrassyGlide,FakeOut,KnockOff|||M|||50|,,,,,Water]Ogerpon-Hearthflame||HearthflameMask|MoldBreaker|IvyCudgel,GrassyGlide,FollowMe,SpikyShield|||F|||50|,,,,,Fire\n|\n|t:|1746036211\n|start\n|switch|p1a: Groudon|Groudon, L50|100/100\n|switch|p1b: Flutter Mane|Flutter Mane, L50|100/100\n|switch|p2a: Cardi B(lizzard)|Ninetales-Alola, L50, F, shiny|100/100\n|switch|p2b: Rillaboom|Rillaboom, L50, M, shiny|100/100\n|-weather|Snowscape|[from] ability: Snow Warning|[of] p2a: Cardi B(lizzard)\n|-weather|SunnyDay|[from] ability: Drought|[of] p1a: Groudon\n|-activate|p1b: Flutter Mane|ability: Protosynthesis\n|-start|p1b: Flutter Mane|protosynthesisspe\n|-fieldstart|move: Grassy Terrain|[from] ability: Grassy Surge|[of] p2b: Rillaboom\n|turn|1\n|\n|t:|1746036248\n|move|p2a: Cardi B(lizzard)|Protect|p2a: Cardi B(lizzard)\n|-singleturn|p2a: Cardi B(lizzard)|Protect\n|move|p1a: Groudon|Protect|p1a: Groudon\n|-singleturn|p1a: Groudon|Protect\n|move|p2b: Rillaboom|Grassy Glide|p1a: Groudon\n|-activate|p1a: Groudon|move: Protect\n|move|p1b: Flutter Mane|Mystical Fire|p2a: Cardi B(lizzard)\n|-activate|p2a: Cardi B(lizzard)|move: Protect\n|\n|-weather|SunnyDay|[upkeep]\n|upkeep\n|turn|2\n|\n|t:|1746036317\n|switch|p2a: Boys a (f)liar|Tornadus, L50, M|100/100\n|-terastallize|p1a: Groudon|Fire\n|-terastallize|p2b: Rillaboom|Water\n|move|p1b: Flutter Mane|Mystical Fire|p2a: Boys a (f)liar\n|-damage|p2a: Boys a (f)liar|47/100\n|move|p1a: Groudon|Heat Crash|p2b: Rillaboom\n|-resisted|p2b: Rillaboom\n|-damage|p2b: Rillaboom|48/100\n|move|p2b: Rillaboom|Wood Hammer|p1a: Groudon\n|-resisted|p1a: Groudon\n|-damage|p1a: Groudon|66/100\n|-damage|p2b: Rillaboom|39/100|[from] Recoil\n|\n|-weather|SunnyDay|[upkeep]\n|-heal|p1a: Groudon|72/100|[from] Grassy Terrain\n|-heal|p1a: Groudon|78/100|[from] item: Leftovers\n|-heal|p2b: Rillaboom|44/100|[from] Grassy Terrain\n|upkeep\n|turn|3\n|\n|t:|1746036344\n|switch|p1a: Raging Bolt|Raging Bolt, L50|100/100\n|-activate|p1a: Raging Bolt|ability: Protosynthesis\n|-start|p1a: Raging Bolt|protosynthesisspa\n|move|p2a: Boys a (f)liar|Snowscape|p2a: Boys a (f)liar\n|-weather|Snowscape\n|-end|p1b: Flutter Mane|Protosynthesis\n|-end|p1a: Raging Bolt|Protosynthesis\n|move|p2b: Rillaboom|Grassy Glide|p1b: Flutter Mane\n|-damage|p1b: Flutter Mane|17/100\n|move|p1b: Flutter Mane|Mystical Fire|p2a: Boys a (f)liar\n|-damage|p2a: Boys a (f)liar|11/100\n|\n|-weather|Snowscape|[upkeep]\n|-heal|p1b: Flutter Mane|23/100|[from] Grassy Terrain\n|-heal|p2b: Rillaboom|50/100|[from] Grassy Terrain\n|upkeep\n|turn|4\n|\n|t:|1746036380\n|switch|p2b: Kyurem|Kyurem-White, L50, shiny|100/100\n|-ability|p2b: Kyurem|Turboblaze\n|move|p2a: Boys a (f)liar|Tailwind|p2a: Boys a (f)liar\n|-sidestart|p2: NiterZero|move: Tailwind\n|move|p1a: Raging Bolt|Thunderclap||[still]\n|-fail|p1a: Raging Bolt\n|move|p1b: Flutter Mane|Mystical Fire|p2a: Boys a (f)liar\n|-damage|p2a: Boys a (f)liar|0 fnt\n|faint|p2a: Boys a (f)liar\n|\n|-weather|Snowscape|[upkeep]\n|-heal|p1b: Flutter Mane|29/100|[from] Grassy Terrain\n|upkeep\n|\n|t:|1746036392\n|switch|p2a: Rillaboom|Rillaboom, L50, M, shiny, tera:Water|50/100\n|turn|5\n|\n|t:|1746036424\n|-end|p1b: Flutter Mane|Protosynthesis|[silent]\n|switch|p1b: Groudon|Groudon, L50, tera:Fire|78/100\n|-weather|SunnyDay|[from] ability: Drought|[of] p1b: Groudon\n|-activate|p1a: Raging Bolt|ability: Protosynthesis\n|-start|p1a: Raging Bolt|protosynthesisspa\n|move|p2a: Rillaboom|Grassy Glide|p1b: Groudon\n|-resisted|p1b: Groudon\n|-damage|p1b: Groudon|64/100\n|move|p1a: Raging Bolt|Thunderclap||[still]\n|-fail|p1a: Raging Bolt\n|move|p2b: Kyurem|Earth Power|p1a: Raging Bolt\n|-supereffective|p1a: Raging Bolt\n|-damage|p1a: Raging Bolt|34/100\n|-damage|p2b: Kyurem|91/100|[from] item: Life Orb\n|\n|-weather|SunnyDay|[upkeep]\n|-heal|p2b: Kyurem|97/100|[from] Grassy Terrain\n|-heal|p2a: Rillaboom|56/100|[from] Grassy Terrain\n|-heal|p1b: Groudon|70/100|[from] Grassy Terrain\n|-heal|p1b: Groudon|75/100|[from] item: Leftovers\n|-heal|p1a: Raging Bolt|40/100|[from] Grassy Terrain\n|-fieldend|move: Grassy Terrain\n|upkeep\n|turn|6\n|\n|t:|1746036477\n|switch|p2a: Cardi B(lizzard)|Ninetales-Alola, L50, F, shiny|100/100\n|-weather|Snowscape|[from] ability: Snow Warning|[of] p2a: Cardi B(lizzard)\n|-end|p1a: Raging Bolt|Protosynthesis\n|-end|p1a: Raging Bolt|Protosynthesis|[silent]\n|switch|p1a: Flutter Mane|Flutter Mane, L50|29/100\n|move|p1b: Groudon|Protect|p1b: Groudon\n|-singleturn|p1b: Groudon|Protect\n|move|p2b: Kyurem|Blizzard|p1b: Groudon|[spread] p1a\n|-activate|p1b: Groudon|move: Protect\n|-damage|p1a: Flutter Mane|0 fnt\n|faint|p1a: Flutter Mane\n|-end|p1a: Flutter Mane|Protosynthesis|[silent]\n|-damage|p2b: Kyurem|87/100|[from] item: Life Orb\n|\n|-weather|Snowscape|[upkeep]\n|-heal|p1b: Groudon|81/100|[from] item: Leftovers\n|upkeep\n|\n|t:|1746036505\n|switch|p1a: Raging Bolt|Raging Bolt, L50|40/100\n|turn|7\n|\n|t:|1746036526\n|switch|p1b: Lilligant|Lilligant-Hisui, L50, F|100/100\n|move|p2a: Cardi B(lizzard)|Aurora Veil|p2a: Cardi B(lizzard)\n|-sidestart|p2: NiterZero|move: Aurora Veil\n|move|p2b: Kyurem|Blizzard|p1a: Raging Bolt|[spread] p1a,p1b\n|-supereffective|p1a: Raging Bolt\n|-supereffective|p1b: Lilligant\n|-damage|p1a: Raging Bolt|0 fnt\n|-damage|p1b: Lilligant|0 fnt\n|faint|p1a: Raging Bolt\n|-end|p1a: Raging Bolt|Protosynthesis|[silent]\n|faint|p1b: Lilligant\n|-damage|p2b: Kyurem|77/100|[from] item: Life Orb\n|\n|-weather|Snowscape|[upkeep]\n|-sideend|p2: NiterZero|move: Tailwind\n|upkeep\n|\n|t:|1746036534\n|switch|p1a: Groudon|Groudon, L50, tera:Fire|81/100\n|-weather|SunnyDay|[from] ability: Drought|[of] p1a: Groudon\n|turn|8\n|\n|t:|1746036542\n|switch|p2a: Rillaboom|Rillaboom, L50, M, shiny, tera:Water|56/100\n|-fieldstart|move: Grassy Terrain|[from] ability: Grassy Surge|[of] p2a: Rillaboom\n|move|p2b: Kyurem|Protect|p2b: Kyurem\n|-singleturn|p2b: Kyurem|Protect\n|move|p1a: Groudon|Precipice Blades|p2a: Rillaboom|[spread] p2a\n|-activate|p2b: Kyurem|move: Protect\n|-damage|p2a: Rillaboom|21/100\n|\n|-weather|SunnyDay|[upkeep]\n|-heal|p1a: Groudon|87/100|[from] Grassy Terrain\n|-heal|p1a: Groudon|92/100|[from] item: Leftovers\n|-heal|p2b: Kyurem|83/100|[from] Grassy Terrain\n|-heal|p2a: Rillaboom|27/100|[from] Grassy Terrain\n|upkeep\n|turn|9\n|\n|t:|1746036558\n|move|p2a: Rillaboom|Fake Out|p1a: Groudon\n|-damage|p1a: Groudon|82/100\n|cant|p1a: Groudon|flinch\n|move|p2b: Kyurem|Earth Power|p1a: Groudon\n|-supereffective|p1a: Groudon\n|-damage|p1a: Groudon|0 fnt\n|faint|p1a: Groudon\n|-damage|p2b: Kyurem|73/100|[from] item: Life Orb\n|\n|win|NiterZero\n||benb1122 is ready for game 2.\n|inactive|NiterZero has 30 seconds to confirm battle start!\n||NiterZero is ready for game 2.\n|uhtml|next|Next: <a href=\"/battle-gen9vgc2025regibo3-2354120136\"><strong>Game 2 of 3</strong></a>\n", "uploadtime": 1746036737, "views": 7, "formatid": "gen9vgc2025regibo3", "rating": null, "private": 0, "password": null}