{"id": "gen9vgc2025regibo3-2354181150", "format": "[Gen 9] VGC 2025 Reg I (Bo3)", "players": ["kemaho", "vilan333"], "log": "|j|\u2606kemaho\n|j|\u2606vilan333\n|html|<table width=\"100%\"><tr><td align=\"left\">kemaho</td><td align=\"right\">vilan333</tr><tr><td align=\"left\"><i class=\"fa fa-circle\"></i> <i class=\"fa fa-circle-o\"></i> </td><td align=\"right\"><i class=\"fa fa-circle-o\"></i> <i class=\"fa fa-circle\"></i> </tr></table>\n|uhtml|bestof|<h2><strong>Game 3</strong> of <a href=\"/game-bestof3-gen9vgc2025regibo3-2354175887\">a best-of-3</a></h2>\n|t:|1746042127\n|gametype|doubles\n|player|p1|kemaho|clerk|1217\n|player|p2|vilan333|marshal|1123\n|teamsize|p1|6\n|teamsize|p2|6\n|gen|9\n|tier|[Gen 9] VGC 2025 Reg I (Bo3)\n|rated|\n|rule|Species Clause: Limit one of each Pok\u00e9mon\n|rule|Item Clause: Limit 1 of each item\n|clearpoke\n|poke|p1|Miraidon, L50|\n|poke|p1|Calyrex-Ice, L50|\n|poke|p1|Ogerpon-Cornerstone, L50, F|\n|poke|p1|Urshifu-*, L50, F|\n|poke|p1|Incineroar, L50, F|\n|poke|p1|Pelipper, L50, F|\n|poke|p2|Calyrex-Shadow, L50|\n|poke|p2|Dondozo, L50, M|\n|poke|p2|Tatsugiri-Droopy, L50, F|\n|poke|p2|Sneasler, L50, F|\n|poke|p2|Ditto, L50|\n|poke|p2|Miraidon, L50|\n|teampreview|4\n|showteam|p1|Miraidon||ChoiceSpecs|HadronEngine|ElectroDrift,DazzlingGleam,VoltSwitch,DracoMeteor||||||50|,,,,,Fairy]Calyrex-Ice||NeverMeltIce|AsOneGlastrier|GlacialLance,HighHorsepower,TrickRoom,Protect||||||50|,,,,,Fire]Ogerpon-Cornerstone||CornerstoneMask|Sturdy|IvyCudgel,PowerWhip,FollowMe,SpikyShield|||F|||50|,,,,,Rock]Urshifu-Rapid-Strike||ChoiceScarf|UnseenFist|SurgingStrikes,CloseCombat,Uturn,Coaching|||F|||50|,,,,,Ghost]Incineroar||RockyHelmet|Intimidate|KnockOff,Taunt,PartingShot,FakeOut|||F|||50|,,,,,Water]Pelipper||FocusSash|Drizzle|Hurricane,WeatherBall,WideGuard,Protect|||F|||50|,,,,,Ghost\n|showteam|p2|Calyrex-Shadow||SpellTag|AsOneSpectrier|AstralBarrage,Psychic,NastyPlot,Protect||||||50|,,,,,Normal]Dondozo||Leftovers|Unaware|BodyPress,OrderUp,Protect,Earthquake|||M|||50|,,,,,Grass]Tatsugiri-Droopy||ChoiceScarf|Commander|DracoMeteor,MuddyWater,IcyWind,SleepTalk|||F|||50|,,,,,Stellar]Sneasler||ElectricSeed|Unburden|DireClaw,FakeOut,CloseCombat,RockTomb|||F|||50|,,,,,Dark]Ditto||FocusSash|Imposter|Transform||||||50|,,,,,Ghost]Miraidon||AssaultVest|HadronEngine|VoltSwitch,ElectroDrift,DazzlingGleam,DracoMeteor||||||50|,,,,,Ghost\n|\n|t:|1746042166\n|start\n|switch|p1a: Incineroar|Incineroar, L50, F|100/100\n|switch|p1b: Calyrex|Calyrex-Ice, L50|100/100\n|switch|p2a: Taizan II|Dondozo, L50, M|100/100\n|switch|p2b: Miraidon|Miraidon, L50|100/100\n|-ability|p1b: Calyrex|As One\n|-ability|p1b: Calyrex|Unnerve\n|-fieldstart|move: Electric Terrain|[from] ability: Hadron Engine|[of] p2b: Miraidon\n|-ability|p1a: Incineroar|Intimidate|boost\n|-unboost|p2a: Taizan II|atk|1\n|-unboost|p2b: Miraidon|atk|1\n|turn|1\n|\n|t:|1746042197\n|switch|p2b: Katsuragi|Tatsugiri-Droopy, L50, F, shiny|100/100\n|-activate|p2b: Katsuragi|ability: Commander|[of] p2a: Taizan II\n|-boost|p2a: Taizan II|atk|2\n|-boost|p2a: Taizan II|spa|2\n|-boost|p2a: Taizan II|spe|2\n|-boost|p2a: Taizan II|def|2\n|-boost|p2a: Taizan II|spd|2\n|move|p2a: Taizan II|Order Up|p1b: Calyrex\n|-damage|p1b: Calyrex|83/100\n|-boost|p2a: Taizan II|def|1\n|move|p1a: Incineroar|Knock Off|p2a: Taizan II\n|-damage|p2a: Taizan II|91/100\n|-enditem|p2a: Taizan II|Leftovers|[from] move: Knock Off|[of] p1a: Incineroar\n|move|p1b: Calyrex|Glacial Lance|p2a: Taizan II|[spread] p2a\n|-miss|p1b: Calyrex|p2b: Katsuragi\n|-resisted|p2a: Taizan II\n|-damage|p2a: Taizan II|83/100\n|\n|upkeep\n|turn|2\n|\n|t:|1746042219\n|move|p1b: Calyrex|Protect|p1b: Calyrex\n|-singleturn|p1b: Calyrex|Protect\n|move|p2a: Taizan II|Order Up|p1a: Incineroar\n|-damage|p1a: Incineroar|74/100\n|-boost|p2a: Taizan II|def|1\n|move|p1a: Incineroar|Taunt|p2a: Taizan II\n|-start|p2a: Taizan II|move: Taunt\n|\n|upkeep\n|turn|3\n|\n|t:|1746042235\n|move|p2a: Taizan II|Body Press|p1a: Incineroar\n|-supereffective|p1a: Incineroar\n|-damage|p1a: Incineroar|0 fnt\n|-damage|p2a: Taizan II|66/100|[from] item: Rocky Helmet|[of] p1a: Incineroar\n|faint|p1a: Incineroar\n|move|p1b: Calyrex|Trick Room|p1b: Calyrex\n|-fieldstart|move: Trick Room|[of] p1b: Calyrex\n|\n|upkeep\n|\n|t:|1746042238\n|switch|p1a: Miraidon|Miraidon, L50|100/100\n|-activate|p1a: Miraidon|ability: Hadron Engine\n|turn|4\n|\n|t:|1746042255\n|-terastallize|p2a: Taizan II|Grass\n|-terastallize|p1a: Miraidon|Fairy\n|move|p1b: Calyrex|Glacial Lance|p2a: Taizan II|[spread] p2a\n|-miss|p1b: Calyrex|p2b: Katsuragi\n|-supereffective|p2a: Taizan II\n|-damage|p2a: Taizan II|42/100\n|move|p2a: Taizan II|Order Up|p1b: Calyrex\n|-crit|p1b: Calyrex\n|-damage|p1b: Calyrex|54/100\n|-boost|p2a: Taizan II|def|1\n|move|p1a: Miraidon|Electro Drift|p2a: Taizan II\n|-resisted|p2a: Taizan II\n|-damage|p2a: Taizan II|10/100\n|\n|upkeep\n|turn|5\n|\n|t:|1746042273\n|move|p1b: Calyrex|Glacial Lance|p2b: Katsuragi|[spread] p2a\n|-miss|p1b: Calyrex|p2b: Katsuragi\n|-supereffective|p2a: Taizan II\n|-damage|p2a: Taizan II|0 fnt\n|faint|p2a: Taizan II\n|-ability|p1b: Calyrex|Chilling Neigh|boost\n|-boost|p1b: Calyrex|atk|1\n|move|p1a: Miraidon|Electro Drift|p2b: Katsuragi\n|-damage|p2b: Katsuragi|0 fnt\n|faint|p2b: Katsuragi\n|\n|-fieldend|move: Electric Terrain\n|upkeep\n|\n|t:|1746042287\n|switch|p2a: Ditto|Ditto, L50|100/100\n|switch|p2b: Miraidon|Miraidon, L50|100/100\n|-transform|p2a: Ditto|p1b: Calyrex|[from] ability: Imposter\n|-ability|p2a: Ditto|As One\n|-ability|p2a: Ditto|Unnerve\n|-fieldstart|move: Electric Terrain|[from] ability: Hadron Engine|[of] p2b: Miraidon\n|turn|6\n|\n|t:|1746042301\n|switch|p1a: Urshifu|Urshifu-Rapid-Strike, L50, F|100/100\n|move|p1b: Calyrex|Glacial Lance|p2b: Miraidon|[spread] p2a,p2b\n|-resisted|p2a: Ditto\n|-supereffective|p2b: Miraidon\n|-damage|p2a: Ditto|59/100\n|-damage|p2b: Miraidon|0 fnt\n|faint|p2b: Miraidon\n|-ability|p1b: Calyrex|Chilling Neigh|boost\n|-boost|p1b: Calyrex|atk|1\n|move|p2a: Ditto|Glacial Lance|p1a: Urshifu|[spread] p1a,p1b\n|-resisted|p1a: Urshifu\n|-resisted|p1b: Calyrex\n|-damage|p1a: Urshifu|54/100\n|-damage|p1b: Calyrex|26/100\n|\n|upkeep\n|turn|7\n|\n|t:|1746042315\n|move|p2a: Ditto|Glacial Lance|p1a: Urshifu|[spread] p1a,p1b\n|-resisted|p1a: Urshifu\n|-resisted|p1b: Calyrex\n|-damage|p1a: Urshifu|12/100\n|-damage|p1b: Calyrex|1/100\n|move|p1b: Calyrex|Glacial Lance|p2a: Ditto\n|-resisted|p2a: Ditto\n|-damage|p2a: Ditto|0 fnt\n|faint|p2a: Ditto\n|\n|win|kemaho\n|raw|kemaho's rating: 1217 &rarr; <strong>1235</strong><br />(+18 for winning)\n|raw|vilan333's rating: 1123 &rarr; <strong>1105</strong><br />(-18 for losing)\n|c|\u2606kemaho|gg\n", "uploadtime": 1746042381, "views": 8, "formatid": "gen9vgc2025regibo3", "rating": 1105, "private": 0, "password": null}