{"id": "gen9vgc2025regibo3-2353720580", "format": "[Gen 9] VGC 2025 Reg I (Bo3)", "players": ["svnzv", "Priest3"], "log": "|j|\u2606svnzv\n|j|\u2606Priest3\n|html|<table width=\"100%\"><tr><td align=\"left\">svnzv</td><td align=\"right\">Priest3</tr><tr><td align=\"left\"><i class=\"fa fa-circle-o\"></i> <i class=\"fa fa-circle-o\"></i> </td><td align=\"right\"><i class=\"fa fa-circle-o\"></i> <i class=\"fa fa-circle-o\"></i> </tr></table>\n|uhtml|bestof|<h2><strong>Game 1</strong> of <a href=\"/game-bestof3-gen9vgc2025regibo3-2353720579\">a best-of-3</a></h2>\n|t:|1745988484\n|gametype|doubles\n|player|p1|svnzv|kimonogirl|1111\n|player|p2|Priest3|palmer|1143\n|teamsize|p1|6\n|teamsize|p2|6\n|gen|9\n|tier|[Gen 9] VGC 2025 Reg I (Bo3)\n|rated|\n|rule|Species Clause: Limit one of each Pok\u00e9mon\n|rule|Item Clause: Limit 1 of each item\n|clearpoke\n|poke|p1|Lunala, L50|\n|poke|p1|Miraidon, L50|\n|poke|p1|Entei, L50|\n|poke|p1|Iron Hands, L50|\n|poke|p1|Ogerpon-Wellspring, L50, F|\n|poke|p1|Thundurus, L50, M|\n|poke|p2|Rillaboom, L50, F|\n|poke|p2|Incineroar, L50, F|\n|poke|p2|Grimmsnarl, L50, M|\n|poke|p2|Necrozma-Dawn-Wings, L50|\n|poke|p2|Zacian-*, L50|\n|poke|p2|Urshifu-*, L50, F|\n|teampreview|4\n|showteam|p1|Lunala||PowerHerb|ShadowShield|TrickRoom,MoongeistBeam,MeteorBeam,WideGuard||||||50|,,,,,Water]Miraidon||ChoiceSpecs|HadronEngine|ElectroDrift,DracoMeteor,DazzlingGleam,VoltSwitch||||||50|,,,,,Fairy]Entei||LifeOrb|InnerFocus|SacredFire,ExtremeSpeed,Protect,StompingTantrum||||||50|,,,,,Stellar]Iron Hands||AssaultVest|QuarkDrive|DrainPunch,ThunderPunch,FakeOut,HeavySlam||||||50|,,,,,Bug]Ogerpon-Wellspring||WellspringMask|WaterAbsorb|HornLeech,IvyCudgel,FollowMe,SpikyShield|||F|||50|,,,,,Water]Thundurus||SitrusBerry|Prankster|WildboltStorm,RainDance,Protect,ThunderWave|||M|||50|,,,,,Fire\n|showteam|p2|Rillaboom||AssaultVest|GrassySurge|FakeOut,GrassyGlide,WoodHammer,Uturn|||F|||50|,,,,,Fire]Incineroar||SafetyGoggles|Intimidate|FakeOut,KnockOff,PartingShot,FlareBlitz|||F|||50|,,,,,Dark]Grimmsnarl||LightClay|Prankster|FoulPlay,LightScreen,Reflect,ThunderWave|||M|||50|,,,,,Ghost]Necrozma-Dawn-Wings||WeaknessPolicy|PrismArmor|MoongeistBeam,PhotonGeyser,EarthPower,Protect||||||50|,,,,,Steel]Zacian-Crowned||RustedSword|IntrepidSword|behemothblade,PlayRough,Protect,SwordsDance||||||50|,,,,,Fairy]Urshifu-Rapid-Strike||ChoiceScarf|UnseenFist|CloseCombat,SurgingStrikes,AquaJet,Uturn|||F|||50|,,,,,Fighting\n|inactive|Battle timer is ON: inactive players will automatically lose when time's up. (requested by svnzv)\n|inactive|Priest3 has 60 seconds left.\n|\n|t:|1745988521\n|start\n|switch|p1a: Entei|Entei, L50|100/100\n|switch|p1b: Thundurus|Thundurus, L50, M|100/100\n|switch|p2a: Necrozma|Necrozma-Dawn-Wings, L50|100/100\n|switch|p2b: Grimmsnarl|Grimmsnarl, L50, M|100/100\n|turn|1\n|inactive|Priest3 has 30 seconds left.\n|inactive|Priest3 has 20 seconds left.\n|inactive|Priest3 has 15 seconds left.\n|\n|t:|1745988562\n|move|p1a: Entei|Protect|p1a: Entei\n|-singleturn|p1a: Entei|Protect\n|move|p1b: Thundurus|Thunder Wave|p2a: Necrozma\n|-status|p2a: Necrozma|par\n|move|p2b: Grimmsnarl|Reflect|p2b: Grimmsnarl\n|-sidestart|p2: Priest3|Reflect\n|cant|p2a: Necrozma|par\n|\n|upkeep\n|turn|2\n|\n|t:|1745988584\n|move|p2b: Grimmsnarl|Light Screen|p2b: Grimmsnarl\n|-sidestart|p2: Priest3|move: Light Screen\n|move|p1a: Entei|Sacred Fire|p2b: Grimmsnarl\n|-damage|p2b: Grimmsnarl|45/100\n|-status|p2b: Grimmsnarl|brn\n|-damage|p1a: Entei|91/100|[from] item: Life Orb\n|move|p1b: Thundurus|Wildbolt Storm|p2b: Grimmsnarl|[spread] p2a,p2b\n|-damage|p2a: Necrozma|87/100 par\n|-damage|p2b: Grimmsnarl|27/100 brn\n|cant|p2a: Necrozma|par\n|\n|-damage|p2b: Grimmsnarl|21/100 brn|[from] brn\n|upkeep\n|turn|3\n|\n|t:|1745988608\n|move|p2b: Grimmsnarl|Thunder Wave|p1a: Entei\n|-status|p1a: Entei|par\n|move|p1b: Thundurus|Wildbolt Storm|p2a: Necrozma|[spread] p2a,p2b\n|-damage|p2a: Necrozma|73/100 par\n|-damage|p2b: Grimmsnarl|4/100 brn\n|move|p1a: Entei|Sacred Fire|p2a: Necrozma\n|-damage|p2a: Necrozma|36/100 par\n|-damage|p1a: Entei|81/100 par|[from] item: Life Orb\n|move|p2a: Necrozma|Earth Power|p1a: Entei\n|-supereffective|p1a: Entei\n|-damage|p1a: Entei|0 fnt\n|faint|p1a: Entei\n|\n|-damage|p2b: Grimmsnarl|0 fnt|[from] brn\n|faint|p2b: Grimmsnarl\n|upkeep\n|\n|t:|1745988623\n|switch|p1a: Iron Hands|Iron Hands, L50|100/100\n|switch|p2b: Zacian|Zacian-Crowned, L50, shiny|100/100\n|-ability|p2b: Zacian|Intrepid Sword|boost\n|-boost|p2b: Zacian|atk|1\n|turn|4\n|\n|t:|1745988635\n|move|p2b: Zacian|Protect|p2b: Zacian\n|-singleturn|p2b: Zacian|Protect\n|move|p1a: Iron Hands|Fake Out|p2b: Zacian\n|-activate|p2b: Zacian|move: Protect\n|move|p1b: Thundurus|Rain Dance|p1b: Thundurus\n|-weather|RainDance\n|move|p2a: Necrozma|Moongeist Beam|p1b: Thundurus\n|-damage|p1b: Thundurus|26/100\n|-enditem|p1b: Thundurus|Sitrus Berry|[eat]\n|-heal|p1b: Thundurus|50/100|[from] item: Sitrus Berry\n|\n|-weather|RainDance|[upkeep]\n|upkeep\n|turn|5\n|\n|t:|1745988657\n|switch|p2b: Rillaboom|Rillaboom, L50, F|100/100\n|-fieldstart|move: Grassy Terrain|[from] ability: Grassy Surge|[of] p2b: Rillaboom\n|move|p1b: Thundurus|Protect|p1b: Thundurus\n|-singleturn|p1b: Thundurus|Protect\n|move|p1a: Iron Hands|Thunder Punch|p2a: Necrozma\n|-damage|p2a: Necrozma|12/100 par\n|move|p2a: Necrozma|Moongeist Beam|p1b: Thundurus\n|-activate|p1b: Thundurus|move: Protect\n|\n|-weather|RainDance|[upkeep]\n|-heal|p2a: Necrozma|18/100 par|[from] Grassy Terrain\n|upkeep\n|turn|6\n|inactive|Priest3 has 30 seconds left.\n|inactive|Priest3 has 20 seconds left.\n|inactive|Priest3 has 15 seconds left.\n|inactive|Priest3 has 10 seconds left.\n|\n|t:|1745988705\n|move|p2a: Necrozma|Protect|p2a: Necrozma\n|-singleturn|p2a: Necrozma|Protect\n|move|p1b: Thundurus|Wildbolt Storm|p2a: Necrozma|[spread] p2b\n|-activate|p2a: Necrozma|move: Protect\n|-resisted|p2b: Rillaboom\n|-damage|p2b: Rillaboom|92/100\n|-status|p2b: Rillaboom|par\n|move|p1a: Iron Hands|Thunder Punch|p2a: Necrozma\n|-activate|p2a: Necrozma|move: Protect\n|move|p2b: Rillaboom|Wood Hammer|p1b: Thundurus\n|-resisted|p1b: Thundurus\n|-damage|p1b: Thundurus|19/100\n|-damage|p2b: Rillaboom|83/100 par|[from] Recoil\n|\n|-weather|RainDance|[upkeep]\n|-heal|p2b: Rillaboom|89/100 par|[from] Grassy Terrain\n|-heal|p2a: Necrozma|24/100 par|[from] Grassy Terrain\n|upkeep\n|turn|7\n|inactive|Priest3 has 30 seconds left.\n|inactive|svnzv has 30 seconds left.\n|inactive|Priest3 has 20 seconds left.\n|\n|t:|1745988745\n|switch|p1b: Miraidon|Miraidon, L50|100/100\n|-fieldstart|move: Electric Terrain|[from] ability: Hadron Engine|[of] p1b: Miraidon\n|-activate|p1a: Iron Hands|ability: Quark Drive\n|-start|p1a: Iron Hands|quarkdriveatk\n|move|p1a: Iron Hands|Thunder Punch|p2a: Necrozma\n|-damage|p2a: Necrozma|0 fnt\n|faint|p2a: Necrozma\n|cant|p2b: Rillaboom|par\n|\n|-weather|RainDance|[upkeep]\n|upkeep\n|\n|t:|1745988755\n|switch|p2a: Zacian|Zacian-Crowned, L50, shiny|100/100\n|turn|8\n|\n|t:|1745988768\n|-terastallize|p2a: Zacian|Fairy\n|-terastallize|p1a: Iron Hands|Bug\n|move|p2a: Zacian|Play Rough|p1b: Miraidon\n|-supereffective|p1b: Miraidon\n|-damage|p1b: Miraidon|0 fnt\n|faint|p1b: Miraidon\n|move|p1a: Iron Hands|Drain Punch|p2a: Zacian\n|-resisted|p2a: Zacian\n|-damage|p2a: Zacian|81/100\n|move|p2b: Rillaboom|Wood Hammer|p1a: Iron Hands\n|-resisted|p1a: Iron Hands\n|-damage|p1a: Iron Hands|84/100\n|-damage|p2b: Rillaboom|83/100 par|[from] Recoil\n|\n|-weather|none\n|-sideend|p2: Priest3|Reflect\n|upkeep\n|\n|t:|1745988773\n|switch|p1b: Thundurus|Thundurus, L50, M|19/100\n|turn|9\n|\n|t:|1745988798\n|move|p1b: Thundurus|Thunder Wave|p2a: Zacian\n|-status|p2a: Zacian|par\n|move|p2a: Zacian|Behemoth Blade|p1b: Thundurus\n|-resisted|p1b: Thundurus\n|-damage|p1b: Thundurus|0 fnt\n|faint|p1b: Thundurus\n|move|p1a: Iron Hands|Drain Punch|p2b: Rillaboom\n|-damage|p2b: Rillaboom|46/100 par\n|-heal|p1a: Iron Hands|99/100|[from] drain|[of] p2b: Rillaboom\n|move|p2b: Rillaboom|Wood Hammer|p1a: Iron Hands\n|-resisted|p1a: Iron Hands\n|-damage|p1a: Iron Hands|83/100\n|-damage|p2b: Rillaboom|39/100 par|[from] Recoil\n|\n|-sideend|p2: Priest3|move: Light Screen\n|upkeep\n|turn|10\n|\n|t:|1745988818\n|move|p2a: Zacian|Play Rough|p1a: Iron Hands\n|-damage|p1a: Iron Hands|35/100\n|move|p1a: Iron Hands|Drain Punch|p2b: Rillaboom\n|-damage|p2b: Rillaboom|0 fnt\n|-heal|p1a: Iron Hands|51/100|[from] drain|[of] p2b: Rillaboom\n|faint|p2b: Rillaboom\n|\n|upkeep\n|turn|11\n|j| Fancy Cucudrula\n|\n|t:|1745988827\n|move|p2a: Zacian|Play Rough|p1a: Iron Hands\n|-damage|p1a: Iron Hands|2/100\n|-unboost|p1a: Iron Hands|atk|1\n|move|p1a: Iron Hands|Thunder Punch|p2a: Zacian\n|-damage|p2a: Zacian|33/100 par\n|\n|-fieldend|move: Electric Terrain\n|-end|p1a: Iron Hands|Quark Drive\n|upkeep\n|turn|12\n|\n|t:|1745988837\n|cant|p2a: Zacian|par\n|move|p1a: Iron Hands|Thunder Punch|p2a: Zacian\n|-damage|p2a: Zacian|6/100 par\n|\n|upkeep\n|turn|13\n|\n|t:|1745988842\n|move|p2a: Zacian|Behemoth Blade|p1a: Iron Hands\n|-damage|p1a: Iron Hands|0 fnt\n|faint|p1a: Iron Hands\n|-end|p1a: Iron Hands|Quark Drive|[silent]\n|\n|win|Priest3\n|l|\u2606svnzv\n|player|p1|\n||svnzv is ready for game 2.\n|inactive|Priest3 has 30 seconds to confirm battle start!\n||Priest3 is ready for game 2.\n|uhtml|next|Next: <a href=\"/battle-gen9vgc2025regibo3-2353722901\"><strong>Game 2 of 3</strong></a>\n", "uploadtime": 1745989224, "views": 7, "formatid": "gen9vgc2025regibo3", "rating": null, "private": 0, "password": null}