{"id": "gen9vgc2025regibo3-2354506199", "format": "[Gen 9] VGC 2025 Reg I (Bo3)", "players": ["tempocalypse", "stanhoff"], "log": "|j|\u2606tempocalypse\n|j|\u2606stanhoff\n|html|<table width=\"100%\"><tr><td align=\"left\">tempocalypse</td><td align=\"right\">stanhoff</tr><tr><td align=\"left\"><i class=\"fa fa-circle-o\"></i> <i class=\"fa fa-circle-o\"></i> </td><td align=\"right\"><i class=\"fa fa-circle-o\"></i> <i class=\"fa fa-circle-o\"></i> </tr></table>\n|uhtml|bestof|<h2><strong>Game 1</strong> of <a href=\"/game-bestof3-gen9vgc2025regibo3-2354506198\">a best-of-3</a></h2>\n|t:|1746083787\n|gametype|doubles\n|player|p1|tempocalypse|101|1152\n|player|p2|stanhoff|falkner|1120\n|teamsize|p1|6\n|teamsize|p2|6\n|gen|9\n|tier|[Gen 9] VGC 2025 Reg I (Bo3)\n|rated|\n|rule|Species Clause: Limit one of each Pok\u00e9mon\n|rule|Item Clause: Limit 1 of each item\n|clearpoke\n|poke|p1|Koraidon, L50|\n|poke|p1|Ho-Oh, L50|\n|poke|p1|Walking Wake, L50|\n|poke|p1|Rillaboom, L50, M|\n|poke|p1|Sandy Shocks, L50|\n|poke|p1|Cobalion, L50|\n|poke|p2|Calyrex-Shadow, L50|\n|poke|p2|Miraidon, L50|\n|poke|p2|Indeedee-F, L50, F|\n|poke|p2|Brute Bonnet, L50|\n|poke|p2|Iron Bundle, L50|\n|poke|p2|Sneasler, L50, M|\n|teampreview|4\n|showteam|p1|Koraidon||LifeOrb|OrichalcumPulse|FlareBlitz,CloseCombat,FlameCharge,Protect||||||50|,,,,,Fire]Ho-Oh||ClearAmulet|Regenerator|SacredFire,BraveBird,Recover,Protect||||||50|,,,,,Grass]Walking Wake||ChoiceSpecs|Protosynthesis|DracoMeteor,HydroSteam,Snarl,MudShot||||||50|,,,,,Water]Rillaboom||AssaultVest|GrassySurge|WoodHammer,GrassyGlide,FakeOut,Uturn|||M|||50|,,,,,Fire]Sandy Shocks||FocusSash|Protosynthesis|EarthPower,Thunderbolt,Electroweb,Protect||||||50|,,,,,Stellar]Cobalion||GrassySeed|Justified|BodyPress,IronDefense,Coaching,Protect||||||50|,,,,,Fairy\n|showteam|p2|Calyrex-Shadow||FocusSash|AsOneSpectrier|AstralBarrage,ExpandingForce,Disable,Protect||||||50|,,,,,Ghost]Miraidon||LifeOrb|HadronEngine|ElectroDrift,DracoMeteor,DazzlingGleam,Protect||||||50|,,,,,Fairy]Indeedee-F||PsychicSeed|PsychicSurge|FollowMe,AlluringVoice,TrickRoom,Imprison|||F|||50|,,,,,Fairy]Brute Bonnet||CovertCloak|Protosynthesis|Spore,SuckerPunch,SeedBomb,RagePowder||||||50|,,,,,Water]Iron Bundle||KingsRock|QuarkDrive|IcyWind,FreezeDry,Fling,Protect||||||50|,,,,,Grass]Sneasler||ElectricSeed|Unburden|FakeOut,Taunt,CloseCombat,Protect|||M|||50|,,,,,Dark\n|inactive|Battle timer is ON: inactive players will automatically lose when time's up. (requested by tempocalypse)\n|inactive|tempocalypse has 60 seconds left.\n|inactive|stanhoff has 60 seconds left.\n|l|\u2606tempocalypse\n|inactive|tempocalypse disconnected and has a minute to reconnect!\n|player|p1|\n|j|\u2606tempocalypse\n|inactive|tempocalypse reconnected and has 40 seconds left.\n|player|p1|tempocalypse|101|\n|inactive|tempocalypse has 30 seconds left.\n|inactive|tempocalypse has 20 seconds left.\n|inactive|tempocalypse has 15 seconds left.\n|inactive|tempocalypse has 10 seconds left.\n|inactive|tempocalypse has 5 seconds left.\n|\n|t:|1746083873\n|start\n|switch|p1a: Walking Wake|Walking Wake, L50|100/100\n|switch|p1b: Koraidon|Koraidon, L50|100/100\n|switch|p2a: Calyrex|Calyrex-Shadow, L50|100/100\n|switch|p2b: Sneasler|Sneasler, L50, M|100/100\n|-ability|p2a: Calyrex|As One\n|-ability|p2a: Calyrex|Unnerve\n|-weather|SunnyDay|[from] ability: Orichalcum Pulse|[of] p1b: Koraidon\n|-activate|p1a: Walking Wake|ability: Protosynthesis\n|-start|p1a: Walking Wake|protosynthesisspe\n|-activate|p1b: Koraidon|Orichalcum Pulse|[source]\n|turn|1\n|inactive|tempocalypse has 30 seconds left.\n|inactive|stanhoff has 30 seconds left.\n|inactive|tempocalypse has 20 seconds left.\n|inactive|stanhoff has 20 seconds left.\n|inactive|tempocalypse has 15 seconds left.\n|inactive|tempocalypse has 10 seconds left.\n|\n|t:|1746083920\n|-end|p1a: Walking Wake|Protosynthesis|[silent]\n|switch|p1a: Rillaboom|Rillaboom, L50, M|100/100\n|-fieldstart|move: Grassy Terrain|[from] ability: Grassy Surge|[of] p1a: Rillaboom\n|-terastallize|p2a: Calyrex|Ghost\n|move|p2b: Sneasler|Fake Out|p1a: Rillaboom\n|-damage|p1a: Rillaboom|89/100\n|move|p2a: Calyrex|Astral Barrage|p1a: Rillaboom|[spread] p1a,p1b\n|-damage|p1a: Rillaboom|44/100\n|-damage|p1b: Koraidon|22/100\n|move|p1b: Koraidon|Flame Charge|p2a: Calyrex\n|-damage|p2a: Calyrex|32/100\n|-boost|p1b: Koraidon|spe|1\n|-damage|p1b: Koraidon|12/100|[from] item: Life Orb\n|\n|-weather|SunnyDay|[upkeep]\n|-heal|p1b: Koraidon|19/100|[from] Grassy Terrain\n|-heal|p2a: Calyrex|38/100|[from] Grassy Terrain\n|-heal|p1a: Rillaboom|50/100|[from] Grassy Terrain\n|upkeep\n|turn|2\n|inactive|tempocalypse has 30 seconds left.\n|\n|t:|1746083946\n|switch|p1a: Walking Wake|Walking Wake, L50|100/100\n|-activate|p1a: Walking Wake|ability: Protosynthesis\n|-start|p1a: Walking Wake|protosynthesisspe\n|move|p1b: Koraidon|Protect|p1b: Koraidon\n|-singleturn|p1b: Koraidon|Protect\n|move|p2a: Calyrex|Protect|p2a: Calyrex\n|-singleturn|p2a: Calyrex|Protect\n|move|p2b: Sneasler|Protect||[still]\n|-fail|p2b: Sneasler\n|\n|-weather|SunnyDay|[upkeep]\n|-heal|p1b: Koraidon|25/100|[from] Grassy Terrain\n|-heal|p2a: Calyrex|44/100|[from] Grassy Terrain\n|upkeep\n|turn|3\n|inactive|tempocalypse has 30 seconds left.\n|l|\u2606tempocalypse\n|inactive|tempocalypse disconnected and has a minute to reconnect!\n|player|p1|\n|inactive|tempocalypse has 20 seconds left.\n|inactive|tempocalypse has 15 seconds left.\n|inactive|tempocalypse has 10 seconds left.\n|j|\u2606tempocalypse\n|inactive|tempocalypse reconnected and has 10 seconds left.\n|player|p1|tempocalypse|101|\n|inactive|tempocalypse has 5 seconds left.\n|\n|t:|1746083999\n|switch|p2a: Miraidon|Miraidon, L50|100/100\n|-fieldstart|move: Electric Terrain|[from] ability: Hadron Engine|[of] p2a: Miraidon\n|-enditem|p2b: Sneasler|Electric Seed\n|-boost|p2b: Sneasler|def|1|[from] item: Electric Seed\n|move|p1b: Koraidon|Protect||[still]\n|-fail|p1b: Koraidon\n|move|p2b: Sneasler|Close Combat|p1b: Koraidon\n|-damage|p1b: Koraidon|0 fnt\n|-unboost|p2b: Sneasler|def|1\n|-unboost|p2b: Sneasler|spd|1\n|faint|p1b: Koraidon\n|move|p1a: Walking Wake|Snarl|p2b: Sneasler|[spread] p2a,p2b\n|-resisted|p2b: Sneasler\n|-damage|p2a: Miraidon|81/100\n|-damage|p2b: Sneasler|86/100\n|-unboost|p2a: Miraidon|spa|1\n|-unboost|p2b: Sneasler|spa|1\n|\n|-weather|SunnyDay|[upkeep]\n|upkeep\n|\n|t:|1746084014\n|switch|p1b: Rillaboom|Rillaboom, L50, M|50/100\n|-fieldstart|move: Grassy Terrain|[from] ability: Grassy Surge|[of] p1b: Rillaboom\n|turn|4\n|\n|t:|1746084034\n|move|p2b: Sneasler|Protect|p2b: Sneasler\n|-singleturn|p2b: Sneasler|Protect\n|move|p2a: Miraidon|Protect|p2a: Miraidon\n|-singleturn|p2a: Miraidon|Protect\n|move|p1b: Rillaboom|Fake Out|p2b: Sneasler\n|-activate|p2b: Sneasler|move: Protect\n|move|p1a: Walking Wake|Snarl|p2b: Sneasler|[spread] \n|-activate|p2a: Miraidon|move: Protect\n|-activate|p2b: Sneasler|move: Protect\n|\n|-weather|SunnyDay|[upkeep]\n|-heal|p2b: Sneasler|92/100|[from] Grassy Terrain\n|-heal|p2a: Miraidon|87/100|[from] Grassy Terrain\n|-heal|p1b: Rillaboom|56/100|[from] Grassy Terrain\n|upkeep\n|turn|5\n|inactive|tempocalypse has 30 seconds left.\n|inactive|tempocalypse has 20 seconds left.\n|inactive|tempocalypse has 15 seconds left.\n|inactive|stanhoff has 30 seconds left.\n|inactive|tempocalypse has 10 seconds left.\n|\n|t:|1746084081\n|-terastallize|p1a: Walking Wake|Water\n|move|p2b: Sneasler|Close Combat|p1a: Walking Wake\n|-damage|p1a: Walking Wake|48/100\n|-unboost|p2b: Sneasler|def|1\n|-unboost|p2b: Sneasler|spd|1\n|move|p1a: Walking Wake|Snarl|p2a: Miraidon|[spread] p2a,p2b\n|-resisted|p2b: Sneasler\n|-damage|p2a: Miraidon|69/100\n|-damage|p2b: Sneasler|72/100\n|-unboost|p2a: Miraidon|spa|1\n|-unboost|p2b: Sneasler|spa|1\n|move|p2a: Miraidon|Draco Meteor|p1a: Walking Wake\n|-damage|p1a: Walking Wake|0 fnt\n|-unboost|p2a: Miraidon|spa|2\n|faint|p1a: Walking Wake\n|-end|p1a: Walking Wake|Protosynthesis|[silent]\n|-damage|p2a: Miraidon|60/100|[from] item: Life Orb\n|move|p1b: Rillaboom|Wood Hammer|p2b: Sneasler\n|-resisted|p2b: Sneasler\n|-damage|p2b: Sneasler|0 fnt\n|faint|p2b: Sneasler\n|-damage|p1b: Rillaboom|35/100|[from] Recoil\n|\n|-weather|none\n|-heal|p2a: Miraidon|66/100|[from] Grassy Terrain\n|-heal|p1b: Rillaboom|41/100|[from] Grassy Terrain\n|upkeep\n|\n|t:|1746084100\n|switch|p1a: Ho-Oh|Ho-Oh, L50|100/100\n|switch|p2b: Calyrex|Calyrex-Shadow, L50, tera:Ghost|44/100\n|-ability|p2b: Calyrex|As One\n|-ability|p2b: Calyrex|Unnerve\n|turn|6\n|inactive|tempocalypse has 30 seconds left.\n|\n|t:|1746084129\n|switch|p2a: Iron Bundle|Iron Bundle, L50|100/100\n|move|p2b: Calyrex|Astral Barrage|p1a: Ho-Oh|[spread] p1a,p1b\n|-damage|p1a: Ho-Oh|55/100\n|-damage|p1b: Rillaboom|0 fnt\n|faint|p1b: Rillaboom\n|-ability|p2b: Calyrex|Grim Neigh|boost\n|-boost|p2b: Calyrex|spa|1\n|move|p1a: Ho-Oh|Sacred Fire|p2a: Iron Bundle\n|-damage|p2a: Iron Bundle|36/100\n|\n|-heal|p2b: Calyrex|50/100|[from] Grassy Terrain\n|-heal|p2a: Iron Bundle|42/100|[from] Grassy Terrain\n|upkeep\n|turn|7\n|-message|tempocalypse forfeited.\n|raw|tempocalypse's rating: 1152 &rarr; <strong>1125</strong><br />(-27 for losing)\n|raw|stanhoff's rating: 1120 &rarr; <strong>1147</strong><br />(+27 for winning)\n|\n|win|stanhoff\n|l|\u2606tempocalypse\n|player|p1|\n|j|\u2606tempocalypse\n|player|p1|tempocalypse|101|\n|l|\u2606tempocalypse\n|player|p1|\n|l|\u2606stanhoff\n|player|p2|\n", "uploadtime": 1746084419, "views": 7, "formatid": "gen9vgc2025regibo3", "rating": 1125, "private": 0, "password": null}