{"id": "gen9vgc2025regibo3-2354021788", "format": "[Gen 9] VGC 2025 Reg I (Bo3)", "players": ["NameLessUlixes", "Becccccca"], "log": "|j|\u2606NameLessUlixes\n|j|\u2606Becccccca\n|html|<table width=\"100%\"><tr><td align=\"left\">NameLessUlixes</td><td align=\"right\">Becccccca</tr><tr><td align=\"left\"><i class=\"fa fa-circle-o\"></i> <i class=\"fa fa-circle-o\"></i> </td><td align=\"right\"><i class=\"fa fa-circle-o\"></i> <i class=\"fa fa-circle\"></i> </tr></table>\n|uhtml|bestof|<h2><strong>Game 2</strong> of <a href=\"/game-bestof3-gen9vgc2025regibo3-2354020338\">a best-of-3</a></h2>\n|t:|1746028181\n|gametype|doubles\n|player|p1|NameLessUlixes|102|1245\n|player|p2|Becccccca|266|1285\n|teamsize|p1|6\n|teamsize|p2|6\n|gen|9\n|tier|[Gen 9] VGC 2025 Reg I (Bo3)\n|rated|\n|rule|Species Clause: Limit one of each Pok\u00e9mon\n|rule|Item Clause: Limit 1 of each item\n|clearpoke\n|poke|p1|Mienshao, L50, M|\n|poke|p1|Calyrex-Shadow, L50|\n|poke|p1|Terapagos, L50, M|\n|poke|p1|Grimmsnarl, L50, M|\n|poke|p1|Incineroar, L50, F|\n|poke|p1|Ogerpon-Wellspring, L50, F|\n|poke|p2|Calyrex-Shadow, L50|\n|poke|p2|Whimsicott, L50, F|\n|poke|p2|Raging Bolt, L50|\n|poke|p2|Koraidon, L50|\n|poke|p2|Chien-Pao, L50|\n|poke|p2|Brute Bonnet, L50|\n|teampreview|4\n|showteam|p1|Mienshao||FocusSash|InnerFocus|CloseCombat,FakeOut,Uturn,WideGuard|||M|||50|,,,,,Grass]Calyrex-Shadow||LifeOrb|AsOneSpectrier|AstralBarrage,Psyshock,TeraBlast,Protect||||||50|,,,,,Fairy]Terapagos||Leftovers|TeraShift|CalmMind,EarthPower,TeraStarstorm,Protect|||M|||50|,,,,,Stellar]Grimmsnarl||LightClay|Prankster|SpiritBreak,LightScreen,Reflect,ThunderWave|||M|||50|,,,,,Grass]Incineroar||SafetyGoggles|Intimidate|FakeOut,KnockOff,PartingShot,Taunt|||F|||50|,,,,,Water]Ogerpon-Wellspring||WellspringMask|WaterAbsorb|HornLeech,IvyCudgel,FollowMe,SpikyShield|||F|||50|,,,,,Water\n|showteam|p2|Calyrex-Shadow||FocusSash|AsOneSpectrier|AstralBarrage,Psychic,Encore,Protect||||||50|,,,,,Ghost]Whimsicott||CovertCloak|Prankster|Moonblast,CottonSpore,SunnyDay,Tailwind|||F|||50|,,,,,Dark]Raging Bolt||AssaultVest|Protosynthesis|Snarl,DragonPulse,Electroweb,Thunderclap||||||50|,,,,,Fairy]Koraidon||ClearAmulet|OrichalcumPulse|FlareBlitz,CollisionCourse,FlameCharge,Protect||||||50|,,,,,Fire]Chien-Pao||LifeOrb|SwordofRuin|IceSpinner,ThroatChop,SuckerPunch,Protect||||||50|,,,,,Ghost]Brute Bonnet||RockyHelmet|Protosynthesis|SeedBomb,SuckerPunch,Spore,RagePowder||||||50|,,,,,Ghost\n|inactive|Battle timer is ON: inactive players will automatically lose when time's up. (requested by NameLessUlixes)\n|\n|t:|1746028211\n|start\n|switch|p1a: Grimmsnarl|Grimmsnarl, L50, M|100/100\n|switch|p1b: Incineroar|Incineroar, L50, F|100/100\n|switch|p2a: Koraidon|Koraidon, L50|100/100\n|switch|p2b: Brute Bonnet|Brute Bonnet, L50|100/100\n|-weather|SunnyDay|[from] ability: Orichalcum Pulse|[of] p2a: Koraidon\n|-activate|p2b: Brute Bonnet|ability: Protosynthesis\n|-start|p2b: Brute Bonnet|protosynthesisdef\n|-activate|p2a: Koraidon|Orichalcum Pulse|[source]\n|-ability|p1b: Incineroar|Intimidate|boost\n|-fail|p2a: Koraidon|unboost|[from] item: Clear Amulet|[of] p2a: Koraidon\n|-unboost|p2b: Brute Bonnet|atk|1\n|turn|1\n|inactive|Becccccca has 30 seconds left.\n|\n|t:|1746028239\n|-terastallize|p2a: Koraidon|Fire\n|-terastallize|p1b: Incineroar|Water\n|move|p1a: Grimmsnarl|Reflect|p1a: Grimmsnarl\n|-sidestart|p1: NameLessUlixes|Reflect\n|move|p2a: Koraidon|Collision Course|p1a: Grimmsnarl\n|-damage|p1a: Grimmsnarl|49/100\n|move|p1b: Incineroar|Taunt|p2b: Brute Bonnet\n|-start|p2b: Brute Bonnet|move: Taunt\n|cant|p2b: Brute Bonnet|move: Taunt|Spore\n|\n|-weather|SunnyDay|[upkeep]\n|upkeep\n|turn|2\n|inactive|Becccccca has 30 seconds left.\n|inactive|Becccccca has 20 seconds left.\n|\n|t:|1746028276\n|-end|p2b: Brute Bonnet|Protosynthesis|[silent]\n|switch|p2b: Raging Bolt|Raging Bolt, L50|100/100\n|-activate|p2b: Raging Bolt|ability: Protosynthesis\n|-start|p2b: Raging Bolt|protosynthesisspa\n|move|p1a: Grimmsnarl|Thunder Wave|p2a: Koraidon|[miss]\n|-miss|p1a: Grimmsnarl|p2a: Koraidon\n|move|p2a: Koraidon|Flame Charge|p1a: Grimmsnarl\n|-damage|p1a: Grimmsnarl|0 fnt\n|-boost|p2a: Koraidon|spe|1\n|faint|p1a: Grimmsnarl\n|move|p1b: Incineroar|Knock Off|p2a: Koraidon\n|-damage|p2a: Koraidon|67/100\n|-enditem|p2a: Koraidon|Clear Amulet|[from] move: Knock Off|[of] p1b: Incineroar\n|\n|-weather|SunnyDay|[upkeep]\n|upkeep\n|\n|t:|1746028296\n|switch|p1a: Calyrex|Calyrex-Shadow, L50|100/100\n|-ability|p1a: Calyrex|As One\n|-ability|p1a: Calyrex|Unnerve\n|turn|3\n|inactive|Becccccca has 30 seconds left.\n|\n|t:|1746028325\n|move|p1a: Calyrex|Protect|p1a: Calyrex\n|-singleturn|p1a: Calyrex|Protect\n|move|p2a: Koraidon|Collision Course|p1b: Incineroar\n|-damage|p1b: Incineroar|60/100\n|move|p2b: Raging Bolt|Electroweb|p1b: Incineroar|[spread] \n|-activate|p1a: Calyrex|move: Protect\n|-miss|p2b: Raging Bolt|p1b: Incineroar\n|move|p1b: Incineroar|Parting Shot|p2a: Koraidon\n|-unboost|p2a: Koraidon|atk|1\n|-unboost|p2a: Koraidon|spa|1\n|\n|t:|1746028336\n|switch|p1b: Terapagos|Terapagos, L50, M|100/100|[from] Parting Shot\n|-activate|p1b: Terapagos|ability: Tera Shift\n|detailschange|p1b: Terapagos|Terapagos-Terastal, L50, M\n|-heal|p1b: Terapagos|100/100|[silent]\n|\n|-weather|SunnyDay|[upkeep]\n|upkeep\n|turn|4\n|\n|t:|1746028354\n|switch|p1a: Incineroar|Incineroar, L50, F, tera:Water|60/100\n|-ability|p1a: Incineroar|Intimidate|boost\n|-unboost|p2a: Koraidon|atk|1\n|-unboost|p2b: Raging Bolt|atk|1\n|move|p2a: Koraidon|Protect|p2a: Koraidon\n|-singleturn|p2a: Koraidon|Protect\n|move|p1b: Terapagos|Calm Mind|p1b: Terapagos\n|-boost|p1b: Terapagos|spa|1\n|-boost|p1b: Terapagos|spd|1\n|move|p2b: Raging Bolt|Snarl|p1b: Terapagos|[spread] p1a,p1b\n|-activate|p1b: Terapagos|ability: Tera Shell\n|-resisted|p1b: Terapagos\n|-damage|p1a: Incineroar|45/100\n|-damage|p1b: Terapagos|95/100\n|-unboost|p1a: Incineroar|spa|1\n|-unboost|p1b: Terapagos|spa|1\n|\n|-weather|SunnyDay|[upkeep]\n|-heal|p1b: Terapagos|100/100|[from] item: Leftovers\n|upkeep\n|turn|5\n|inactive|NameLessUlixes has 30 seconds left.\n|\n|t:|1746028381\n|switch|p2a: Brute Bonnet|Brute Bonnet, L50|100/100\n|-activate|p2a: Brute Bonnet|ability: Protosynthesis\n|-start|p2a: Brute Bonnet|protosynthesisdef\n|move|p1a: Incineroar|Fake Out|p2b: Raging Bolt\n|-damage|p2b: Raging Bolt|92/100\n|cant|p2b: Raging Bolt|flinch\n|move|p1b: Terapagos|Calm Mind|p1b: Terapagos\n|-boost|p1b: Terapagos|spa|1\n|-boost|p1b: Terapagos|spd|1\n|\n|-weather|none\n|-end|p2b: Raging Bolt|Protosynthesis\n|-end|p2a: Brute Bonnet|Protosynthesis\n|upkeep\n|turn|6\n|inactive|Becccccca has 30 seconds left.\n|\n|t:|1746028415\n|move|p2b: Raging Bolt|Electroweb|p1b: Terapagos|[spread] p1a,p1b\n|-supereffective|p1a: Incineroar\n|-activate|p1b: Terapagos|ability: Tera Shell\n|-resisted|p1b: Terapagos\n|-damage|p1a: Incineroar|10/100\n|-damage|p1b: Terapagos|96/100\n|-unboost|p1a: Incineroar|spe|1\n|-unboost|p1b: Terapagos|spe|1\n|move|p2a: Brute Bonnet|Seed Bomb|p1a: Incineroar\n|-supereffective|p1a: Incineroar\n|-damage|p1a: Incineroar|0 fnt\n|faint|p1a: Incineroar\n|move|p1b: Terapagos|Calm Mind|p1b: Terapagos\n|-boost|p1b: Terapagos|spa|1\n|-boost|p1b: Terapagos|spd|1\n|\n|-heal|p1b: Terapagos|100/100|[from] item: Leftovers\n|upkeep\n|\n|t:|1746028428\n|switch|p1a: Calyrex|Calyrex-Shadow, L50|100/100\n|-ability|p1a: Calyrex|As One\n|-ability|p1a: Calyrex|Unnerve\n|turn|7\n|\n|t:|1746028443\n|move|p1a: Calyrex|Astral Barrage|p2a: Brute Bonnet|[spread] p2a,p2b\n|-resisted|p2a: Brute Bonnet\n|-damage|p2a: Brute Bonnet|73/100\n|-damage|p2b: Raging Bolt|51/100\n|-damage|p1a: Calyrex|91/100|[from] item: Life Orb\n|move|p2b: Raging Bolt|Electroweb|p1b: Terapagos|[spread] p1a,p1b\n|-crit|p1a: Calyrex\n|-activate|p1b: Terapagos|ability: Tera Shell\n|-resisted|p1b: Terapagos\n|-damage|p1a: Calyrex|60/100\n|-damage|p1b: Terapagos|97/100\n|-unboost|p1a: Calyrex|spe|1\n|-unboost|p1b: Terapagos|spe|1\n|move|p2a: Brute Bonnet|Spore|p1b: Terapagos\n|-status|p1b: Terapagos|slp|[from] move: Spore\n|cant|p1b: Terapagos|slp\n|\n|-heal|p1b: Terapagos|100/100 slp|[from] item: Leftovers\n|upkeep\n|turn|8\n|-message|NameLessUlixes forfeited.\n|\n|win|Becccccca\n|raw|NameLessUlixes's rating: 1245 &rarr; <strong>1223</strong><br />(-22 for losing)\n|raw|Becccccca's rating: 1285 &rarr; <strong>1307</strong><br />(+22 for winning)\n|l|\u2606NameLessUlixes\n|player|p1|\n", "uploadtime": 1746028464, "views": 40, "formatid": "gen9vgc2025regibo3", "rating": 1223, "private": 0, "password": null}