{"id": "gen9vgc2025regibo3-2353331722", "format": "[Gen 9] VGC 2025 Reg I (Bo3)", "players": ["BrontVG", "dambro222"], "log": "|j|\u2606BrontVG\n|j|\u2606dambro222\n|html|<table width=\"100%\"><tr><td align=\"left\">BrontVG</td><td align=\"right\">dambro222</tr><tr><td align=\"left\"><i class=\"fa fa-circle-o\"></i> <i class=\"fa fa-circle-o\"></i> </td><td align=\"right\"><i class=\"fa fa-circle-o\"></i> <i class=\"fa fa-circle\"></i> </tr></table>\n|uhtml|bestof|<h2><strong>Game 2</strong> of <a href=\"/game-bestof3-gen9vgc2025regibo3-2353329795\">a best-of-3</a></h2>\n|t:|1745947055\n|gametype|doubles\n|player|p1|BrontVG|pokemonbreederf-gen4|1064\n|player|p2|dambro222|1|1091\n|teamsize|p1|6\n|teamsize|p2|6\n|gen|9\n|tier|[Gen 9] VGC 2025 Reg I (Bo3)\n|rated|\n|rule|Species Clause: Limit one of each Pok\u00e9mon\n|rule|Item Clause: Limit 1 of each item\n|clearpoke\n|poke|p1|Kyogre, L50|\n|poke|p1|Calyrex-Shadow, L50|\n|poke|p1|Farigiraf, L50, F|\n|poke|p1|Rillaboom, L50, M|\n|poke|p1|Urshifu-*, L50, F|\n|poke|p1|Incineroar, L50, M|\n|poke|p2|Ho-Oh, L50|\n|poke|p2|Miraidon, L50|\n|poke|p2|Flutter Mane, L50|\n|poke|p2|Iron Hands, L50|\n|poke|p2|Urshifu-*, L50, M|\n|poke|p2|Iron Treads, L50|\n|teampreview|4\n|showteam|p1|Kyogre||Leftovers|Drizzle|CalmMind,Protect,OriginPulse,Thunderbolt||||||50|,,,,,Water]Calyrex-Shadow||CovertCloak|AsOneSpectrier|DrainingKiss,AstralBarrage,NastyPlot,Protect||||||50|,,,,,Fairy]Farigiraf||ThroatSpray|ArmorTail|Protect,TrickRoom,HyperVoice,HelpingHand|||F|||50|,,,,,Grass]Rillaboom||AssaultVest|GrassySurge|WoodHammer,GrassyGlide,FakeOut,Uturn|||M|||50|,,,,,Fire]Urshifu||ChoiceBand|UnseenFist|WickedBlow,SuckerPunch,Uturn,CloseCombat|||F|||50|,,,,,Fighting]Incineroar||SafetyGoggles|Intimidate|FakeOut,PartingShot,KnockOff,WillOWisp|||M|||50|,,,,,Fire\n|showteam|p2|Ho-Oh||ClearAmulet|Regenerator|SacredFire,BraveBird,Tailwind,Protect||||||50|,,,,,Dragon]Miraidon||CovertCloak|HadronEngine|ElectroDrift,VoltSwitch,DracoMeteor,Protect||||||50|,,,,,Electric]Flutter Mane||BoosterEnergy|Protosynthesis|Moonblast,ShadowBall,IcyWind,Protect||||||50|,,,,,Fairy]Iron Hands||AssaultVest|QuarkDrive|FakeOut,DrainPunch,WildCharge,LowKick||||||50|,,,,,Water]Urshifu||FocusSash|UnseenFist|WickedBlow,CloseCombat,SuckerPunch,Detect|||M|||50|,,,,,Poison]Iron Treads||ChoiceBand|QuarkDrive|IronHead,HighHorsepower,KnockOff,SteelRoller||||||50|,,,,,Water\n|inactive|Battle timer is ON: inactive players will automatically lose when time's up. (requested by BrontVG)\n|\n|t:|1745947084\n|start\n|switch|p1a: Kyogre|Kyogre, L50|100/100\n|switch|p1b: Incineroar|Incineroar, L50, M|100/100\n|switch|p2a: Miraidon|Miraidon, L50|100/100\n|switch|p2b: Ho-Oh|Ho-Oh, L50|100/100\n|-fieldstart|move: Electric Terrain|[from] ability: Hadron Engine|[of] p2a: Miraidon\n|-weather|RainDance|[from] ability: Drizzle|[of] p1a: Kyogre\n|-ability|p1b: Incineroar|Intimidate|boost\n|-unboost|p2a: Miraidon|atk|1\n|-fail|p2b: Ho-Oh|unboost|[from] item: Clear Amulet|[of] p2b: Ho-Oh\n|turn|1\n|\n|t:|1745947102\n|switch|p1a: Rillaboom|Rillaboom, L50, M|100/100\n|-fieldstart|move: Grassy Terrain|[from] ability: Grassy Surge|[of] p1a: Rillaboom\n|move|p2a: Miraidon|Electro Drift|p1a: Rillaboom\n|-resisted|p1a: Rillaboom\n|-damage|p1a: Rillaboom|83/100\n|move|p2b: Ho-Oh|Brave Bird|p1b: Incineroar\n|-damage|p1b: Incineroar|50/100\n|-damage|p2b: Ho-Oh|83/100|[from] Recoil\n|move|p1b: Incineroar|Parting Shot|p2a: Miraidon\n|-unboost|p2a: Miraidon|atk|1\n|-unboost|p2a: Miraidon|spa|1\n|\n|t:|1745947114\n|switch|p1b: Calyrex|Calyrex-Shadow, L50|100/100|[from] Parting Shot\n|-ability|p1b: Calyrex|As One\n|-ability|p1b: Calyrex|Unnerve\n|\n|-weather|RainDance|[upkeep]\n|-heal|p1a: Rillaboom|89/100|[from] Grassy Terrain\n|upkeep\n|turn|2\n|inactive|dambro222 has 30 seconds left.\n|\n|t:|1745947148\n|move|p2a: Miraidon|Protect|p2a: Miraidon\n|-singleturn|p2a: Miraidon|Protect\n|move|p2b: Ho-Oh|Protect|p2b: Ho-Oh\n|-singleturn|p2b: Ho-Oh|Protect\n|move|p1a: Rillaboom|Fake Out|p2b: Ho-Oh\n|-activate|p2b: Ho-Oh|move: Protect\n|move|p1b: Calyrex|Nasty Plot|p1b: Calyrex\n|-boost|p1b: Calyrex|spa|2\n|\n|-weather|RainDance|[upkeep]\n|-heal|p1a: Rillaboom|95/100|[from] Grassy Terrain\n|upkeep\n|turn|3\n|\n|t:|1745947169\n|switch|p2a: Urshifu|Urshifu, L50, M|100/100\n|move|p1a: Rillaboom|Grassy Glide|p2a: Urshifu\n|-damage|p2a: Urshifu|65/100\n|move|p1b: Calyrex|Astral Barrage|p2b: Ho-Oh|[spread] p2a,p2b\n|-resisted|p2a: Urshifu\n|-damage|p2a: Urshifu|0 fnt\n|-damage|p2b: Ho-Oh|22/100\n|faint|p2a: Urshifu\n|-ability|p1b: Calyrex|Grim Neigh|boost\n|-boost|p1b: Calyrex|spa|1\n|move|p2b: Ho-Oh|Tailwind|p2b: Ho-Oh\n|-sidestart|p2: dambro222|move: Tailwind\n|\n|-weather|RainDance|[upkeep]\n|-heal|p1a: Rillaboom|100/100|[from] Grassy Terrain\n|upkeep\n|\n|t:|1745947185\n|switch|p2a: Miraidon|Miraidon, L50|100/100\n|-fieldstart|move: Electric Terrain|[from] ability: Hadron Engine|[of] p2a: Miraidon\n|turn|4\n|\n|t:|1745947191\n|switch|p1a: Incineroar|Incineroar, L50, M|50/100\n|-ability|p1a: Incineroar|Intimidate|boost\n|-unboost|p2a: Miraidon|atk|1\n|-fail|p2b: Ho-Oh|unboost|[from] item: Clear Amulet|[of] p2b: Ho-Oh\n|-terastallize|p2a: Miraidon|Electric\n|move|p1b: Calyrex|Protect|p1b: Calyrex\n|-singleturn|p1b: Calyrex|Protect\n|move|p2a: Miraidon|Electro Drift|p1b: Calyrex\n|-activate|p1b: Calyrex|move: Protect\n|move|p2b: Ho-Oh|Brave Bird|p1a: Incineroar\n|-damage|p1a: Incineroar|1/100\n|-damage|p2b: Ho-Oh|5/100|[from] Recoil\n|\n|-weather|RainDance|[upkeep]\n|upkeep\n|turn|5\n|inactive|dambro222 has 30 seconds left.\n|inactive|dambro222 has 20 seconds left.\n|\n|t:|1745947228\n|switch|p1a: Rillaboom|Rillaboom, L50, M|100/100\n|-fieldstart|move: Grassy Terrain|[from] ability: Grassy Surge|[of] p1a: Rillaboom\n|-terastallize|p1b: Calyrex|Fairy\n|move|p2a: Miraidon|Electro Drift|p1a: Rillaboom\n|-resisted|p1a: Rillaboom\n|-damage|p1a: Rillaboom|77/100\n|move|p1b: Calyrex|Draining Kiss|p2a: Miraidon\n|-damage|p2a: Miraidon|29/100\n|move|p2b: Ho-Oh|Brave Bird|p1b: Calyrex\n|-damage|p1b: Calyrex|21/100\n|-damage|p2b: Ho-Oh|0 fnt|[from] Recoil\n|faint|p2b: Ho-Oh\n|\n|-weather|none\n|-heal|p2a: Miraidon|35/100|[from] Grassy Terrain\n|-heal|p1b: Calyrex|27/100|[from] Grassy Terrain\n|-heal|p1a: Rillaboom|83/100|[from] Grassy Terrain\n|upkeep\n|\n|t:|1745947247\n|switch|p2b: Flutter Mane|Flutter Mane, L50|100/100\n|-enditem|p2b: Flutter Mane|Booster Energy\n|-activate|p2b: Flutter Mane|ability: Protosynthesis|[fromitem]\n|-start|p2b: Flutter Mane|protosynthesisspe\n|turn|6\n|\n|t:|1745947258\n|move|p1b: Calyrex|Protect|p1b: Calyrex\n|-singleturn|p1b: Calyrex|Protect\n|move|p2b: Flutter Mane|Icy Wind|p1b: Calyrex|[spread] p1a\n|-activate|p1b: Calyrex|move: Protect\n|-supereffective|p1a: Rillaboom\n|-damage|p1a: Rillaboom|67/100\n|-unboost|p1a: Rillaboom|spe|1\n|move|p2a: Miraidon|Electro Drift|p1a: Rillaboom\n|-resisted|p1a: Rillaboom\n|-damage|p1a: Rillaboom|45/100\n|move|p1a: Rillaboom|U-turn|p2b: Flutter Mane\n|-resisted|p2b: Flutter Mane\n|-damage|p2b: Flutter Mane|92/100\n|\n|t:|1745947272\n|switch|p1a: Incineroar|Incineroar, L50, M|1/100|[from] U-turn\n|-ability|p1a: Incineroar|Intimidate|boost\n|-unboost|p2a: Miraidon|atk|1\n|-unboost|p2b: Flutter Mane|atk|1\n|\n|-heal|p2b: Flutter Mane|99/100|[from] Grassy Terrain\n|-heal|p2a: Miraidon|41/100|[from] Grassy Terrain\n|-heal|p1b: Calyrex|33/100|[from] Grassy Terrain\n|-heal|p1a: Incineroar|7/100|[from] Grassy Terrain\n|-sideend|p2: dambro222|move: Tailwind\n|upkeep\n|turn|7\n|\n|t:|1745947284\n|move|p2b: Flutter Mane|Icy Wind|p1b: Calyrex|[spread] p1a,p1b\n|-resisted|p1a: Incineroar\n|-damage|p1a: Incineroar|0 fnt\n|-damage|p1b: Calyrex|21/100\n|faint|p1a: Incineroar\n|move|p1b: Calyrex|Draining Kiss|p2a: Miraidon\n|-damage|p2a: Miraidon|0 fnt\n|-heal|p1b: Calyrex|52/100|[from] drain|[of] p2a: Miraidon\n|faint|p2a: Miraidon\n|-ability|p1b: Calyrex|Grim Neigh|boost\n|-boost|p1b: Calyrex|spa|1\n|\n|-heal|p2b: Flutter Mane|100/100|[from] Grassy Terrain\n|-heal|p1b: Calyrex|58/100|[from] Grassy Terrain\n|upkeep\n|\n|t:|1745947290\n|switch|p1a: Kyogre|Kyogre, L50|100/100\n|-weather|RainDance|[from] ability: Drizzle|[of] p1a: Kyogre\n|turn|8\n|c|\u2606dambro222|gg\n|-message|dambro222 forfeited.\n|\n|win|BrontVG\n||BrontVG is ready for game 3.\n||dambro222 is ready for game 3.\n|uhtml|next|Next: <a href=\"/battle-gen9vgc2025regibo3-2353334850\"><strong>Game 3 of 3</strong></a>\n|l|\u2606BrontVG\n|player|p1|\n", "uploadtime": 1745947742, "views": 19, "formatid": "gen9vgc2025regibo3", "rating": null, "private": 0, "password": null}