{"id": "gen9vgc2025regibo3-2354412117", "format": "[Gen 9] VGC 2025 Reg I (Bo3)", "players": ["Ashleemaster", "onya nurve"], "log": "|j|\u2606Ashleemaster\n|j|\u2606onya nurve\n|html|<table width=\"100%\"><tr><td align=\"left\">Ashleemaster</td><td align=\"right\">onya nurve</tr><tr><td align=\"left\"><i class=\"fa fa-circle-o\"></i> <i class=\"fa fa-circle-o\"></i> </td><td align=\"right\"><i class=\"fa fa-circle-o\"></i> <i class=\"fa fa-circle-o\"></i> </tr></table>\n|uhtml|bestof|<h2><strong>Game 1</strong> of <a href=\"/game-bestof3-gen9vgc2025regibo3-2354412114\">a best-of-3</a></h2>\n|t:|1746068186\n|gametype|doubles\n|player|p1|Ashleemaster|oleana|1271\n|player|p2|onya nurve|winona|1284\n|teamsize|p1|6\n|teamsize|p2|6\n|gen|9\n|tier|[Gen 9] VGC 2025 Reg I (Bo3)\n|rated|\n|rule|Species Clause: Limit one of each Pok\u00e9mon\n|rule|Item Clause: Limit 1 of each item\n|clearpoke\n|poke|p1|Zacian-*, L50|\n|poke|p1|Lunala, L50|\n|poke|p1|Tornadus, L50, M|\n|poke|p1|Ogerpon-Cornerstone, L50, F|\n|poke|p1|Urshifu-*, L50, F|\n|poke|p1|Chi-Yu, L50|\n|poke|p2|Koraidon, L50|\n|poke|p2|Lunala, L50|\n|poke|p2|Incineroar, L50, M|\n|poke|p2|Amoonguss, L50, M|\n|poke|p2|Flutter Mane, L50|\n|poke|p2|Ursaluna, L50, M|\n|teampreview|4\n|showteam|p1|Zacian-Crowned||RustedSword|IntrepidSword|behemothblade,PlayRough,SacredSword,Protect||||||50|,,,,,Fairy]Lunala||SafetyGoggles|ShadowShield|WideGuard,Moonblast,MoongeistBeam,TrickRoom||||||50|,,,,,Fairy]Tornadus||CovertCloak|Prankster|BleakwindStorm,Taunt,Tailwind,RainDance|||M|||50|,,,,,Dark]Ogerpon-Cornerstone||CornerstoneMask|Sturdy|PowerWhip,IvyCudgel,SpikyShield,FollowMe|||F|||50|,,,,,Rock]Urshifu-Rapid-Strike||MysticWater|UnseenFist|SurgingStrikes,CloseCombat,AquaJet,Detect|||F|||50|,,,,,Water]Chi-Yu||ChoiceScarf|BeadsofRuin|HeatWave,DarkPulse,Overheat,Snarl||||||50|,,,,,Ghost\n|showteam|p2|Koraidon||LifeOrb|OrichalcumPulse|FlareBlitz,CloseCombat,FlameCharge,Protect||||||50|,,,,,Fire]Lunala||Leftovers|ShadowShield|Moonblast,MoongeistBeam,TrickRoom,WideGuard||||||50|,,,,,Fairy]Incineroar||SafetyGoggles|Intimidate|FakeOut,FlareBlitz,KnockOff,PartingShot|||M|||50|,,,,,Bug]Amoonguss||CovertCloak|Regenerator|Spore,RagePowder,PollenPuff,Protect|||M|||50|,,,,,Dark]Flutter Mane||FocusSash|Protosynthesis|Moonblast,ShadowBall,IcyWind,Protect||||||50|,,,,,Normal]Ursaluna||FlameOrb|Guts|HeadlongRush,Facade,Earthquake,Protect|||M|||50|,,,,,Ghost\n|inactive|Battle timer is ON: inactive players will automatically lose when time's up. (requested by Ashleemaster)\n|inactive|Ashleemaster has 60 seconds left.\n|inactive|onya nurve has 60 seconds left.\n|inactive|onya nurve has 30 seconds left.\n|inactive|onya nurve has 20 seconds left.\n|inactive|onya nurve has 15 seconds left.\n|inactive|onya nurve has 10 seconds left.\n|\n|t:|1746068271\n|start\n|switch|p1a: Chi-Yu|Chi-Yu, L50|100/100\n|switch|p1b: Lunala|Lunala, L50|100/100\n|switch|p2a: Amoonguss|Amoonguss, L50, M|100/100\n|switch|p2b: Lunala|Lunala, L50|100/100\n|-ability|p1a: Chi-Yu|Beads of Ruin\n|turn|1\n|inactive|Ashleemaster has 30 seconds left.\n|\n|t:|1746068298\n|switch|p2a: Incineroar|Incineroar, L50, M|100/100\n|-ability|p2a: Incineroar|Intimidate|boost\n|-unboost|p1a: Chi-Yu|atk|1\n|-unboost|p1b: Lunala|atk|1\n|-terastallize|p2b: Lunala|Fairy\n|-terastallize|p1b: Lunala|Fairy\n|move|p1a: Chi-Yu|Heat Wave|p2a: Incineroar|[spread] p2a\n|-miss|p1a: Chi-Yu|p2b: Lunala\n|-resisted|p2a: Incineroar\n|-damage|p2a: Incineroar|75/100\n|move|p1b: Lunala|Moongeist Beam|p2b: Lunala\n|-crit|p2b: Lunala\n|-damage|p2b: Lunala|66/100\n|move|p2b: Lunala|Trick Room|p2b: Lunala\n|-fieldstart|move: Trick Room|[of] p2b: Lunala\n|\n|-heal|p2b: Lunala|71/100|[from] item: Leftovers\n|upkeep\n|turn|2\n|inactive|onya nurve has 30 seconds left.\n|\n|t:|1746068331\n|move|p2b: Lunala|Wide Guard|p2b: Lunala\n|-singleturn|p2b: Lunala|Wide Guard\n|move|p2a: Incineroar|Parting Shot|p1b: Lunala\n|-unboost|p1b: Lunala|atk|1\n|-unboost|p1b: Lunala|spa|1\n|\n|t:|1746068338\n|switch|p2a: Ursaluna|Ursaluna, L50, M|100/100|[from] Parting Shot\n|move|p1b: Lunala|Moongeist Beam|p2b: Lunala\n|-damage|p2b: Lunala|35/100\n|move|p1a: Chi-Yu|Heat Wave|p2b: Lunala|[spread] \n|-activate|p2a: Ursaluna|move: Wide Guard\n|-activate|p2b: Lunala|move: Wide Guard\n|\n|-heal|p2b: Lunala|41/100|[from] item: Leftovers\n|-status|p2a: Ursaluna|brn|[from] item: Flame Orb\n|upkeep\n|turn|3\n|\n|t:|1746068353\n|move|p2b: Lunala|Wide Guard|p2b: Lunala\n|-singleturn|p2b: Lunala|Wide Guard\n|move|p2a: Ursaluna|Earthquake|p1a: Chi-Yu|[spread] p1a,p1b\n|-activate|p2b: Lunala|move: Wide Guard\n|-supereffective|p1a: Chi-Yu\n|-damage|p1a: Chi-Yu|0 fnt\n|-damage|p1b: Lunala|73/100\n|faint|p1a: Chi-Yu\n|move|p1b: Lunala|Trick Room|p1b: Lunala\n|-fieldend|move: Trick Room\n|\n|-heal|p2b: Lunala|47/100|[from] item: Leftovers\n|-damage|p2a: Ursaluna|95/100 brn|[from] brn\n|upkeep\n|\n|t:|1746068376\n|switch|p1a: Ogerpon|Ogerpon-Cornerstone, L50, F|100/100\n|turn|4\n|\n|t:|1746068396\n|switch|p2b: Amoonguss|Amoonguss, L50, M|100/100\n|move|p2a: Ursaluna|Protect|p2a: Ursaluna\n|-singleturn|p2a: Ursaluna|Protect\n|move|p1a: Ogerpon|Ivy Cudgel|p2b: Amoonguss|[anim] Ivy Cudgel Rock\n|-damage|p2b: Amoonguss|51/100\n|move|p1b: Lunala|Moonblast|p2b: Amoonguss\n|-resisted|p2b: Amoonguss\n|-damage|p2b: Amoonguss|36/100\n|\n|-damage|p2a: Ursaluna|89/100 brn|[from] brn\n|upkeep\n|turn|5\n|inactive|onya nurve has 30 seconds left.\n|inactive|onya nurve has 20 seconds left.\n|\n|t:|1746068434\n|switch|p2a: Incineroar|Incineroar, L50, M|75/100\n|-ability|p2a: Incineroar|Intimidate|boost\n|-unboost|p1a: Ogerpon|atk|1\n|-unboost|p1b: Lunala|atk|1\n|move|p1a: Ogerpon|Power Whip|p2a: Incineroar\n|-resisted|p2a: Incineroar\n|-damage|p2a: Incineroar|59/100\n|move|p1b: Lunala|Moongeist Beam|p2b: Amoonguss\n|-damage|p2b: Amoonguss|1/100\n|move|p2b: Amoonguss|Spore|p1b: Lunala\n|-activate|p1b: Lunala|item: Safety Goggles|Spore\n|\n|upkeep\n|turn|6\n|inactive|Ashleemaster has 30 seconds left.\n|\n|t:|1746068467\n|switch|p1a: Zacian|Zacian-Crowned, L50|100/100\n|-ability|p1a: Zacian|Intrepid Sword|boost\n|-boost|p1a: Zacian|atk|1\n|switch|p2b: Ursaluna|Ursaluna, L50, M|89/100 brn\n|move|p1b: Lunala|Moonblast|p2b: Ursaluna\n|-damage|p2b: Ursaluna|54/100 brn\n|-unboost|p2b: Ursaluna|spa|1\n|move|p2a: Incineroar|Parting Shot|p1b: Lunala\n|-unboost|p1b: Lunala|atk|1\n|-unboost|p1b: Lunala|spa|1\n|\n|t:|1746068488\n|switch|p2a: Lunala|Lunala, L50, tera:Fairy|47/100|[from] Parting Shot\n|\n|-heal|p2a: Lunala|53/100|[from] item: Leftovers\n|-damage|p2b: Ursaluna|48/100 brn|[from] brn\n|upkeep\n|turn|7\n|inactive|Ashleemaster has 30 seconds left.\n|\n|t:|1746068514\n|switch|p1b: Ogerpon|Ogerpon-Cornerstone, L50, F|100/100\n|move|p1a: Zacian|Behemoth Blade|p2a: Lunala\n|-supereffective|p2a: Lunala\n|-crit|p2a: Lunala\n|-damage|p2a: Lunala|0 fnt\n|faint|p2a: Lunala\n|move|p2b: Ursaluna|Headlong Rush|p1a: Zacian\n|-supereffective|p1a: Zacian\n|-damage|p1a: Zacian|0 fnt\n|-unboost|p2b: Ursaluna|def|1\n|-unboost|p2b: Ursaluna|spd|1\n|faint|p1a: Zacian\n|\n|-damage|p2b: Ursaluna|42/100 brn|[from] brn\n|upkeep\n|\n|t:|1746068536\n|switch|p1a: Lunala|Lunala, L50, tera:Fairy|73/100\n|switch|p2a: Incineroar|Incineroar, L50, M|59/100\n|-ability|p2a: Incineroar|Intimidate|boost\n|-unboost|p1a: Lunala|atk|1\n|-unboost|p1b: Ogerpon|atk|1\n|turn|8\n|inactive|Ashleemaster has 30 seconds left.\n|\n|t:|1746068575\n|switch|p2b: Amoonguss|Amoonguss, L50, M|35/100\n|move|p2a: Incineroar|Fake Out|p1a: Lunala\n|-damage|p1a: Lunala|64/100\n|move|p1b: Ogerpon|Ivy Cudgel|p2b: Amoonguss|[anim] Ivy Cudgel Rock\n|-damage|p2b: Amoonguss|3/100\n|cant|p1a: Lunala|flinch\n|\n|upkeep\n|turn|9\n|inactive|onya nurve has 30 seconds left.\n|\n|t:|1746068604\n|move|p1b: Ogerpon|Ivy Cudgel|p2a: Incineroar|[anim] Ivy Cudgel Rock\n|-supereffective|p2a: Incineroar\n|-crit|p2a: Incineroar\n|-damage|p2a: Incineroar|0 fnt\n|faint|p2a: Incineroar\n|move|p1a: Lunala|Moonblast|p2b: Amoonguss\n|-resisted|p2b: Amoonguss\n|-damage|p2b: Amoonguss|0 fnt\n|faint|p2b: Amoonguss\n|\n|upkeep\n|-message|onya nurve forfeited.\n|\n|win|Ashleemaster\n|l|\u2606onya nurve\n|player|p2|\n||onya nurve is ready for game 2.\n||Ashleemaster is ready for game 2.\n|uhtml|next|Next: <a href=\"/battle-gen9vgc2025regibo3-2354415492\"><strong>Game 2 of 3</strong></a>\n|l|\u2606Ashleemaster\n|player|p1|\n|j|\u2606onya nurve\n|player|p2|onya nurve|winona|\n", "uploadtime": 1746069142, "views": 54, "formatid": "gen9vgc2025regibo3", "rating": null, "private": 0, "password": null}