{"id": "gen9vgc2025regibo3-2354199209", "format": "[Gen 9] VGC 2025 Reg I (Bo3)", "players": ["Saudasawdust", "mavvyvgc"], "log": "|j|\u2606Saudasawdust\n|j|\u2606mavvyvgc\n|html|<table width=\"100%\"><tr><td align=\"left\">Saudasawdust</td><td align=\"right\">mavvyvgc</tr><tr><td align=\"left\"><i class=\"fa fa-circle-o\"></i> <i class=\"fa fa-circle-o\"></i> </td><td align=\"right\"><i class=\"fa fa-circle-o\"></i> <i class=\"fa fa-circle-o\"></i> </tr></table>\n|uhtml|bestof|<h2><strong>Game 1</strong> of <a href=\"/game-bestof3-gen9vgc2025regibo3-2354199204\">a best-of-3</a></h2>\n|t:|1746043865\n|gametype|doubles\n|player|p1|Saudasawdust|steven|1000\n|player|p2|mavvyvgc|riley|1014\n|teamsize|p1|6\n|teamsize|p2|6\n|gen|9\n|tier|[Gen 9] VGC 2025 Reg I (Bo3)\n|rated|\n|rule|Species Clause: Limit one of each Pok\u00e9mon\n|rule|Item Clause: Limit 1 of each item\n|clearpoke\n|poke|p1|Miraidon, L50|\n|poke|p1|Terapagos, L50, M|\n|poke|p1|Ogerpon-Hearthflame, L50, F|\n|poke|p1|Urshifu-*, L50, M|\n|poke|p1|Whimsicott, L50, M|\n|poke|p1|Farigiraf, L50, M|\n|poke|p2|Calyrex-Shadow, L50|\n|poke|p2|Kyurem, L50|\n|poke|p2|Slowking, L50, F|\n|poke|p2|Tornadus, L50, M|\n|poke|p2|Incineroar, L50, M|\n|poke|p2|Articuno, L50|\n|teampreview|4\n|showteam|p1|Miraidon||ChoiceSpecs|HadronEngine|DazzlingGleam,ElectroDrift,VoltSwitch,DracoMeteor||||||50|,,,,,Fairy]Terapagos||ClearAmulet|TeraShift|CalmMind,Substitute,TeraStarstorm,Protect|||M|||50|,,,,,Stellar]Ogerpon-Hearthflame||HearthflameMask|MoldBreaker|IvyCudgel,SpikyShield,FollowMe,WoodHammer|||F|||50|,,,,,Fire]Urshifu-Rapid-Strike||FocusSash|UnseenFist|Detect,AquaJet,SurgingStrikes,CloseCombat|||M|||50|,,,,,Stellar]Whimsicott||CovertCloak|Prankster|Tailwind,LightScreen,Moonblast,Encore|||M|||50|,,,,,Grass]Farigiraf||ElectricSeed|ArmorTail|TrickRoom,PsychicNoise,HelpingHand,FoulPlay|||M|||50|,,,,,Water\n|showteam|p2|Calyrex-Shadow||FocusSash|AsOneSpectrier|DarkPulse,AstralBarrage,NastyPlot,Protect||||||50|,,,,,Dark]Kyurem||NeverMeltIce|Pressure|Blizzard,FreezeDry,Glaciate,Protect||||||50|,,,,,Fire]Slowking||RockyHelmet|Oblivious|Psychic,TrickRoom,ChillyReception,HydroPump|||F|||50|,,,,,Water]Tornadus||CovertCloak|Prankster|Tailwind,WeatherBall,Protect,Snowscape|||M|||50|,,,,,Dark]Incineroar||ClearAmulet|Intimidate|FakeOut,KnockOff,FlareBlitz,Uturn|||M|||50|,,,,,Fire]Articuno||SitrusBerry|SnowCloak|Blizzard,LightScreen,Reflect,Protect||||||50|,,,,,Ice\n|\n|t:|1746043894\n|start\n|switch|p1a: Farigiraf|Farigiraf, L50, M|100/100\n|switch|p1b: Ogerpon|Ogerpon-Hearthflame, L50, F|100/100\n|switch|p2a: Slowking|Slowking, L50, F|100/100\n|switch|p2b: Kyurem|Kyurem, L50|100/100\n|-ability|p1b: Ogerpon|Mold Breaker\n|-ability|p2b: Kyurem|Pressure\n|turn|1\n|inactive|Battle timer is ON: inactive players will automatically lose when time's up. (requested by Saudasawdust)\n|\n|t:|1746043938\n|move|p2b: Kyurem|Protect|p2b: Kyurem\n|-singleturn|p2b: Kyurem|Protect\n|move|p1b: Ogerpon|Follow Me|p1b: Ogerpon\n|-singleturn|p1b: Ogerpon|move: Follow Me\n|-prepare|p2a: Slowking|Chilly Reception|[premajor]\n|move|p2a: Slowking|Chilly Reception|p2a: Slowking\n|-weather|Snowscape\n|\n|t:|1746043946\n|switch|p2a: Articuno|Articuno, L50|100/100|[from] Chilly Reception\n|move|p1a: Farigiraf|Trick Room|p1a: Farigiraf\n|-fieldstart|move: Trick Room|[of] p1a: Farigiraf\n|\n|-weather|Snowscape|[upkeep]\n|upkeep\n|turn|2\n|inactive|mavvyvgc has 30 seconds left.\n|\n|t:|1746043978\n|-terastallize|p2b: Kyurem|Fire\n|move|p1a: Farigiraf|Psychic Noise|p2a: Articuno\n|-crit|p2a: Articuno\n|-damage|p2a: Articuno|64/100\n|-start|p2a: Articuno|move: Heal Block\n|move|p2b: Kyurem|Blizzard|p1b: Ogerpon|[spread] p1a,p1b\n|-damage|p1a: Farigiraf|63/100\n|-damage|p1b: Ogerpon|38/100\n|move|p2a: Articuno|Light Screen|p2a: Articuno\n|-sidestart|p2: mavvyvgc|move: Light Screen\n|move|p1b: Ogerpon|Ivy Cudgel|p2b: Kyurem|[anim] Ivy Cudgel Fire\n|-resisted|p2b: Kyurem\n|-damage|p2b: Kyurem|75/100\n|\n|-weather|Snowscape|[upkeep]\n|upkeep\n|turn|3\n|inactive|Saudasawdust has 30 seconds left.\n|\n|t:|1746044008\n|switch|p1b: Terapagos|Terapagos, L50, M|100/100\n|-activate|p1b: Terapagos|ability: Tera Shift\n|detailschange|p1b: Terapagos|Terapagos-Terastal, L50, M\n|-heal|p1b: Terapagos|100/100|[silent]\n|move|p1a: Farigiraf|Psychic Noise|p2a: Articuno|[miss]\n|-miss|p1a: Farigiraf|p2a: Articuno\n|move|p2b: Kyurem|Blizzard|p1a: Farigiraf|[spread] p1a,p1b\n|-activate|p1b: Terapagos|ability: Tera Shell\n|-resisted|p1b: Terapagos\n|-damage|p1a: Farigiraf|23/100\n|-damage|p1b: Terapagos|79/100\n|-status|p1a: Farigiraf|frz\n|move|p2a: Articuno|Reflect|p2a: Articuno\n|-sidestart|p2: mavvyvgc|Reflect\n|\n|-weather|Snowscape|[upkeep]\n|-end|p2a: Articuno|move: Heal Block\n|upkeep\n|turn|4\n|inactive|Saudasawdust has 30 seconds left.\n|inactive|mavvyvgc has 30 seconds left.\n|inactive|Saudasawdust has 20 seconds left.\n|inactive|mavvyvgc has 20 seconds left.\n|inactive|Saudasawdust has 15 seconds left.\n|inactive|mavvyvgc has 15 seconds left.\n|\n|t:|1746044052\n|switch|p2a: Slowking|Slowking, L50, F|100/100\n|-terastallize|p1b: Terapagos|Stellar\n|detailschange|p1b: Terapagos|Terapagos-Stellar, L50, M, tera:Stellar\n|-heal|p1b: Terapagos|84/100|[silent]\n|-ability|p1b: Terapagos|Teraform Zero\n|-weather|none\n|cant|p1a: Farigiraf|frz\n|move|p1b: Terapagos|Substitute|p1b: Terapagos\n|-start|p1b: Terapagos|Substitute\n|-damage|p1b: Terapagos|60/100\n|move|p2b: Kyurem|Blizzard|p1a: Farigiraf|[spread] p1b\n|-miss|p2b: Kyurem|p1a: Farigiraf\n|-end|p1b: Terapagos|Substitute\n|\n|upkeep\n|turn|5\n|\n|t:|1746044074\n|move|p2b: Kyurem|Protect|p2b: Kyurem\n|-singleturn|p2b: Kyurem|Protect\n|-prepare|p2a: Slowking|Chilly Reception|[premajor]\n|move|p2a: Slowking|Chilly Reception|p2a: Slowking\n|-weather|Snowscape\n|\n|t:|1746044079\n|switch|p2a: Articuno|Articuno, L50|64/100|[from] Chilly Reception\n|-curestatus|p1a: Farigiraf|frz|[msg]\n|move|p1a: Farigiraf|Foul Play|p2b: Kyurem\n|-activate|p2b: Kyurem|move: Protect\n|move|p1b: Terapagos|Tera Starstorm|p2b: Kyurem|[spread] p2a\n|-activate|p2b: Kyurem|move: Protect\n|-damage|p2a: Articuno|40/100\n|-enditem|p2a: Articuno|Sitrus Berry|[eat]\n|-heal|p2a: Articuno|65/100|[from] item: Sitrus Berry\n|\n|-weather|Snowscape|[upkeep]\n|-fieldend|move: Trick Room\n|upkeep\n|turn|6\n|inactive|mavvyvgc has 30 seconds left.\n|\n|t:|1746044105\n|move|p2a: Articuno|Protect|p2a: Articuno\n|-singleturn|p2a: Articuno|Protect\n|move|p2b: Kyurem|Blizzard|p1a: Farigiraf|[spread] p1a,p1b\n|-damage|p1a: Farigiraf|0 fnt\n|-damage|p1b: Terapagos|30/100\n|faint|p1a: Farigiraf\n|move|p1b: Terapagos|Calm Mind|p1b: Terapagos\n|-boost|p1b: Terapagos|spa|1\n|-boost|p1b: Terapagos|spd|1\n|\n|-weather|Snowscape|[upkeep]\n|-sideend|p2: mavvyvgc|move: Light Screen\n|upkeep\n|\n|t:|1746044116\n|switch|p1a: Urshifu|Urshifu-Rapid-Strike, L50, M|100/100\n|turn|7\n|inactive|mavvyvgc has 30 seconds left.\n|\n|t:|1746044144\n|switch|p2b: Slowking|Slowking, L50, F|100/100\n|move|p1a: Urshifu|Surging Strikes|p2b: Slowking\n|-resisted|p2b: Slowking\n|-crit|p2b: Slowking\n|-damage|p2b: Slowking|93/100\n|-damage|p1a: Urshifu|84/100|[from] item: Rocky Helmet|[of] p2b: Slowking\n|-resisted|p2b: Slowking\n|-crit|p2b: Slowking\n|-damage|p2b: Slowking|84/100\n|-damage|p1a: Urshifu|67/100|[from] item: Rocky Helmet|[of] p2b: Slowking\n|-resisted|p2b: Slowking\n|-crit|p2b: Slowking\n|-damage|p2b: Slowking|75/100\n|-damage|p1a: Urshifu|51/100|[from] item: Rocky Helmet|[of] p2b: Slowking\n|-hitcount|p2b: Slowking|3\n|move|p2a: Articuno|Light Screen|p2a: Articuno\n|-sidestart|p2: mavvyvgc|move: Light Screen\n|move|p1b: Terapagos|Tera Starstorm|p2b: Slowking|[spread] p2a,p2b\n|-damage|p2a: Articuno|27/100\n|-damage|p2b: Slowking|45/100\n|\n|-weather|Snowscape|[upkeep]\n|-sideend|p2: mavvyvgc|Reflect\n|upkeep\n|turn|8\n|inactive|Saudasawdust has 30 seconds left.\n|inactive|mavvyvgc has 30 seconds left.\n|\n|t:|1746044179\n|move|p1a: Urshifu|Detect|p1a: Urshifu\n|-singleturn|p1a: Urshifu|Protect\n|move|p2a: Articuno|Reflect|p2a: Articuno\n|-sidestart|p2: mavvyvgc|Reflect\n|move|p1b: Terapagos|Calm Mind|p1b: Terapagos\n|-boost|p1b: Terapagos|spa|1\n|-boost|p1b: Terapagos|spd|1\n|move|p2b: Slowking|Psychic|p1a: Urshifu\n|-activate|p1a: Urshifu|move: Protect\n|\n|-weather|Snowscape|[upkeep]\n|upkeep\n|turn|9\n|\n|t:|1746044202\n|move|p1a: Urshifu|Surging Strikes|p2a: Articuno\n|-crit|p2a: Articuno\n|-damage|p2a: Articuno|13/100\n|-crit|p2a: Articuno\n|-damage|p2a: Articuno|0 fnt\n|faint|p2a: Articuno\n|-hitcount|p2: Articuno|2\n|move|p1b: Terapagos|Tera Starstorm|p2b: Slowking\n|-damage|p2b: Slowking|0 fnt\n|faint|p2b: Slowking\n|\n|-weather|none\n|upkeep\n|\n|t:|1746044213\n|switch|p2a: Calyrex|Calyrex-Shadow, L50|100/100\n|switch|p2b: Kyurem|Kyurem, L50, tera:Fire|75/100\n|-ability|p2a: Calyrex|As One\n|-ability|p2a: Calyrex|Unnerve\n|-ability|p2b: Kyurem|Pressure\n|turn|10\n|\n|t:|1746044234\n|move|p2b: Kyurem|Protect|p2b: Kyurem\n|-singleturn|p2b: Kyurem|Protect\n|move|p2a: Calyrex|Astral Barrage|p1a: Urshifu|[spread] p1a\n|-immune|p1b: Terapagos\n|-damage|p1a: Urshifu|0 fnt\n|faint|p1a: Urshifu\n|-ability|p2a: Calyrex|Grim Neigh|boost\n|-boost|p2a: Calyrex|spa|1\n|move|p1b: Terapagos|Tera Starstorm|p2a: Calyrex|[spread] p2a\n|-activate|p2b: Kyurem|move: Protect\n|-damage|p2a: Calyrex|44/100\n|\n|upkeep\n|\n|t:|1746044246\n|switch|p1a: Ogerpon|Ogerpon-Hearthflame, L50, F|38/100\n|-ability|p1a: Ogerpon|Mold Breaker\n|turn|11\n|\n|t:|1746044263\n|move|p2a: Calyrex|Dark Pulse|p1b: Terapagos\n|-damage|p1b: Terapagos|15/100\n|move|p1a: Ogerpon|Wood Hammer|p2a: Calyrex\n|-damage|p2a: Calyrex|0 fnt\n|faint|p2a: Calyrex\n|-damage|p1a: Ogerpon|22/100|[from] Recoil\n|move|p2b: Kyurem|Glaciate|p1a: Ogerpon|[spread] p1a,p1b\n|-crit|p1a: Ogerpon\n|-damage|p1a: Ogerpon|0 fnt\n|-damage|p1b: Terapagos|6/100\n|faint|p1a: Ogerpon\n|move|p1b: Terapagos|Tera Starstorm|p2b: Kyurem\n|-supereffective|p2b: Kyurem\n|-damage|p2b: Kyurem|0 fnt\n|faint|p2b: Kyurem\n|\n|win|Saudasawdust\n|inactive|Saudasawdust has 30 seconds to confirm battle start!\n|inactive|mavvyvgc has 30 seconds to confirm battle start!\n||Saudasawdust is ready for game 2.\n||mavvyvgc is ready for game 2.\n|uhtml|next|Next: <a href=\"/battle-gen9vgc2025regibo3-2354203404\"><strong>Game 2 of 3</strong></a>\n|l|\u2606Saudasawdust\n|player|p1|\n", "uploadtime": 1746044284, "views": 7, "formatid": "gen9vgc2025regibo3", "rating": null, "private": 0, "password": null}