{"id": "gen9vgc2025regibo3-2354227734", "format": "[Gen 9] VGC 2025 Reg I (Bo3)", "players": ["Holixs", "Geracles91"], "log": "|j|\u2606Holixs\n|j|\u2606Geracles91\n|html|<table width=\"100%\"><tr><td align=\"left\">Holixs</td><td align=\"right\">Geracles91</tr><tr><td align=\"left\"><i class=\"fa fa-circle-o\"></i> <i class=\"fa fa-circle-o\"></i> </td><td align=\"right\"><i class=\"fa fa-circle-o\"></i> <i class=\"fa fa-circle-o\"></i> </tr></table>\n|uhtml|bestof|<h2><strong>Game 1</strong> of <a href=\"/game-bestof3-gen9vgc2025regibo3-2354227733\">a best-of-3</a></h2>\n|t:|1746046767\n|gametype|doubles\n|player|p1|Holixs|roxie|1120\n|player|p2|Geracles91|169|1138\n|teamsize|p1|6\n|teamsize|p2|6\n|gen|9\n|tier|[Gen 9] VGC 2025 Reg I (Bo3)\n|rated|\n|rule|Species Clause: Limit one of each Pok\u00e9mon\n|rule|Item Clause: Limit 1 of each item\n|clearpoke\n|poke|p1|Necrozma-Dawn-Wings, L50|\n|poke|p1|Indeedee-F, L50, F|\n|poke|p1|Zamazenta-*, L50|\n|poke|p1|Roaring Moon, L50|\n|poke|p1|Flutter Mane, L50|\n|poke|p1|Ursaluna, L50, F|\n|poke|p2|Lunala, L50|\n|poke|p2|Kyogre, L50|\n|poke|p2|Indeedee-F, L50, F|\n|poke|p2|Sylveon, L50, F|\n|poke|p2|Tornadus, L50, M|\n|poke|p2|Urshifu-*, L50, F|\n|teampreview|4\n|showteam|p1|Necrozma-Dawn-Wings||PowerHerb|PrismArmor|MoongeistBeam,TrickRoom,ExpandingForce,MeteorBeam||||||50|,,,,,Normal]Indeedee-F||PsychicSeed|PsychicSurge|AlluringVoice,HelpingHand,FollowMe,TrickRoom|||F|||50|,,,,,Grass]Zamazenta-Crowned||RustedShield|DauntlessShield|BodyPress,HeavySlam,WideGuard,Protect||||||50|,,,,,Dragon]Roaring Moon||BoosterEnergy|Protosynthesis|KnockOff,Acrobatics,Tailwind,Protect||||||50|,,,,,Flying]Flutter Mane||FocusSash|Protosynthesis|Moonblast,ShadowBall,DazzlingGleam,Protect||||||50|,,,,,Fairy]Ursaluna||FlameOrb|Guts|Facade,HeadlongRush,Earthquake,Protect|||F|||50|,,,,,Ghost\n|showteam|p2|Lunala||Leftovers|ShadowShield|MoongeistBeam,ExpandingForce,WideGuard,Protect||||||50|,,,,,Fairy]Kyogre||MysticWater|Drizzle|WaterSpout,OriginPulse,IceBeam,Protect||||||50|,,,,,Grass]Indeedee-F||PsychicSeed|PsychicSurge|FollowMe,HelpingHand,TrickRoom,ShadowBall|||F|||50|,,,,,Fairy]Sylveon||ThroatSpray|Pixilate|HyperVoice,TeraBlast,CalmMind,Protect|||F|||50|,,,,,Fire]Tornadus||CovertCloak|Prankster|BleakwindStorm,Taunt,Tailwind,Protect|||M|||50|,,,,,Ground]Urshifu||ChoiceScarf|UnseenFist|WickedBlow,CloseCombat,PoisonJab,Detect|||F|||50|,,,,,Grass\n|\n|t:|1746046830\n|start\n|switch|p1a: Roaring Moon|Roaring Moon, L50|100/100\n|switch|p1b: Flutter Mango|Flutter Mane, L50|100/100\n|switch|p2a: Tornadus|Tornadus, L50, M|100/100\n|switch|p2b: Kyogre|Kyogre, L50|100/100\n|-weather|RainDance|[from] ability: Drizzle|[of] p2b: Kyogre\n|-enditem|p1a: Roaring Moon|Booster Energy\n|-activate|p1a: Roaring Moon|ability: Protosynthesis|[fromitem]\n|-start|p1a: Roaring Moon|protosynthesisspe\n|turn|1\n|\n|t:|1746046877\n|-terastallize|p1b: Flutter Mango|Fairy\n|move|p2b: Kyogre|Protect|p2b: Kyogre\n|-singleturn|p2b: Kyogre|Protect\n|move|p2a: Tornadus|Tailwind|p2a: Tornadus\n|-sidestart|p2: Geracles91|move: Tailwind\n|move|p1a: Roaring Moon|Tailwind|p1a: Roaring Moon\n|-sidestart|p1: Holixs|move: Tailwind\n|move|p1b: Flutter Mango|Moonblast|p2b: Kyogre\n|-activate|p2b: Kyogre|move: Protect\n|\n|-weather|RainDance|[upkeep]\n|upkeep\n|turn|2\n|\n|t:|1746046898\n|switch|p2b: Sylveon|Sylveon, L50, F|100/100\n|move|p1a: Roaring Moon|Knock Off|p2b: Sylveon\n|-resisted|p2b: Sylveon\n|-damage|p2b: Sylveon|70/100\n|-enditem|p2b: Sylveon|Throat Spray|[from] move: Knock Off|[of] p1a: Roaring Moon\n|move|p1b: Flutter Mango|Dazzling Gleam|p2b: Sylveon|[spread] p2a,p2b\n|-damage|p2a: Tornadus|51/100\n|-damage|p2b: Sylveon|40/100\n|move|p2a: Tornadus|Bleakwind Storm|p1a: Roaring Moon|[spread] p1a,p1b\n|-damage|p1a: Roaring Moon|74/100\n|-damage|p1b: Flutter Mango|66/100\n|\n|-weather|RainDance|[upkeep]\n|upkeep\n|turn|3\n|\n|t:|1746046927\n|move|p2b: Sylveon|Protect|p2b: Sylveon\n|-singleturn|p2b: Sylveon|Protect\n|move|p1a: Roaring Moon|Acrobatics|p2b: Sylveon\n|-activate|p2b: Sylveon|move: Protect\n|move|p1b: Flutter Mango|Dazzling Gleam|p2b: Sylveon|[spread] p2a\n|-activate|p2b: Sylveon|move: Protect\n|-crit|p2a: Tornadus\n|-damage|p2a: Tornadus|0 fnt\n|faint|p2a: Tornadus\n|\n|-weather|RainDance|[upkeep]\n|upkeep\n|\n|t:|1746046939\n|switch|p2a: Kyogre|Kyogre, L50|100/100\n|turn|4\n|\n|t:|1746046957\n|move|p1a: Roaring Moon|Acrobatics|p2b: Sylveon\n|-damage|p2b: Sylveon|0 fnt\n|faint|p2b: Sylveon\n|move|p1b: Flutter Mango|Dazzling Gleam|p2a: Kyogre\n|-damage|p2a: Kyogre|55/100\n|move|p2a: Kyogre|Origin Pulse|p1a: Roaring Moon|[spread] p1a,p1b\n|-resisted|p1a: Roaring Moon\n|-damage|p1a: Roaring Moon|39/100\n|-damage|p1b: Flutter Mango|0 fnt\n|faint|p1b: Flutter Mango\n|-end|p1b: Flutter Mango|Protosynthesis|[silent]\n|\n|-weather|RainDance|[upkeep]\n|-sideend|p1: Holixs|move: Tailwind\n|-sideend|p2: Geracles91|move: Tailwind\n|upkeep\n|\n|t:|1746046970\n|switch|p1b: Zamazenta|Zamazenta-Crowned, L50|100/100\n|switch|p2b: Lunala|Lunala, L50|100/100\n|-ability|p1b: Zamazenta|Dauntless Shield|boost\n|-boost|p1b: Zamazenta|def|1\n|turn|5\n|\n|t:|1746046991\n|move|p2b: Lunala|Protect|p2b: Lunala\n|-singleturn|p2b: Lunala|Protect\n|move|p1a: Roaring Moon|Tailwind|p1a: Roaring Moon\n|-sidestart|p1: Holixs|move: Tailwind\n|move|p1b: Zamazenta|Body Press|p2a: Kyogre\n|-damage|p2a: Kyogre|0 fnt\n|faint|p2a: Kyogre\n|\n|-weather|none\n|upkeep\n|turn|6\n|\n|t:|1746047003\n|move|p1a: Roaring Moon|Knock Off|p2b: Lunala\n|-supereffective|p2b: Lunala\n|-damage|p2b: Lunala|18/100\n|-enditem|p2b: Lunala|Leftovers|[from] move: Knock Off|[of] p1a: Roaring Moon\n|move|p1b: Zamazenta|Heavy Slam|p2b: Lunala\n|-damage|p2b: Lunala|0 fnt\n|faint|p2b: Lunala\n|\n|win|Holixs\n||Geracles91 is ready for game 2.\n||Holixs is ready for game 2.\n|uhtml|next|Next: <a href=\"/battle-gen9vgc2025regibo3-2354230168\"><strong>Game 2 of 3</strong></a>\n", "uploadtime": 1746047285, "views": 7, "formatid": "gen9vgc2025regibo3", "rating": null, "private": 0, "password": null}