{"id": "gen9vgc2025regibo3-2353694091", "format": "[Gen 9] VGC 2025 Reg I (Bo3)", "players": ["GlickWithAGlock", "all my fella"], "log": "|j|\u2606GlickWithAGlock\n|j|\u2606all my fella\n|html|<table width=\"100%\"><tr><td align=\"left\">GlickWithAGlock</td><td align=\"right\">all my fella</tr><tr><td align=\"left\"><i class=\"fa fa-circle\"></i> <i class=\"fa fa-circle-o\"></i> </td><td align=\"right\"><i class=\"fa fa-circle-o\"></i> <i class=\"fa fa-circle\"></i> </tr></table>\n|uhtml|bestof|<h2><strong>Game 3</strong> of <a href=\"/game-bestof3-gen9vgc2025regibo3-2353691178\">a best-of-3</a></h2>\n|t:|1745984574\n|gametype|doubles\n|player|p1|GlickWithAGlock|wattson|1258\n|player|p2|all my fella|policeman-gen4|1372\n|teamsize|p1|6\n|teamsize|p2|6\n|gen|9\n|tier|[Gen 9] VGC 2025 Reg I (Bo3)\n|rated|\n|rule|Species Clause: Limit one of each Pok\u00e9mon\n|rule|Item Clause: Limit 1 of each item\n|clearpoke\n|poke|p1|Urshifu-*, L50, F|\n|poke|p1|Iron Hands, L50|\n|poke|p1|Tornadus, L50, M|\n|poke|p1|Farigiraf, L50, F|\n|poke|p1|Miraidon, L50|\n|poke|p1|Kyogre, L50|\n|poke|p2|Miraidon, L50|\n|poke|p2|Whimsicott, L50, F|\n|poke|p2|Urshifu-*, L50, M|\n|poke|p2|Zamazenta-*, L50|\n|poke|p2|Farigiraf, L50, F|\n|poke|p2|Incineroar, L50, F|\n|teampreview|4\n|showteam|p1|Urshifu-Rapid-Strike||ChoiceScarf|UnseenFist|SurgingStrikes,Uturn,CloseCombat,AquaJet|||F|||50|,,,,,Water]Iron Hands||AssaultVest|QuarkDrive|FakeOut,DrainPunch,LowKick,WildCharge||||||50|,,,,,Water]Tornadus||AbilityShield|Prankster|Tailwind,BleakwindStorm,RainDance,Protect|||M|||50|,,,,,Dark]Farigiraf||ElectricSeed|ArmorTail|Psychic,FoulPlay,HelpingHand,TrickRoom|||F|||50|,,,,,Water]Miraidon||ChoiceSpecs|HadronEngine|VoltSwitch,DazzlingGleam,ElectroDrift,DracoMeteor||||||50|,,,,,Fairy]Kyogre||MysticWater|Drizzle|WaterSpout,OriginPulse,IceBeam,Protect||||||50|,,,,,Grass\n|showteam|p2|Miraidon||ChoiceSpecs|HadronEngine|ElectroDrift,DracoMeteor,VoltSwitch,DazzlingGleam||||||50|,,,,,Electric]Whimsicott||CovertCloak|Prankster|Moonblast,Tailwind,LightScreen,Encore|||F|||50|,,,,,Dark]Urshifu||FocusSash|UnseenFist|Detect,WickedBlow,CloseCombat,SuckerPunch|||M|||50|,,,,,Dark]Zamazenta-Crowned||RustedShield|DauntlessShield|Protect,WideGuard,BodyPress,HeavySlam||||||50|,,,,,Fire]Farigiraf||LifeOrb|ArmorTail|FoulPlay,HyperVoice,ExpandingForce,TrickRoom|||F|||50|,,,,,Water]Incineroar||AssaultVest|Intimidate|FakeOut,Uturn,FlareBlitz,KnockOff|||F|||50|,,,,,Bug\n|inactive|Battle timer is ON: inactive players will automatically lose when time's up. (requested by all my fella)\n|inactive|GlickWithAGlock has 60 seconds left.\n|\n|t:|1745984611\n|start\n|switch|p1a: Tornadus|Tornadus, L50, M|100/100\n|switch|p1b: Kyogre|Kyogre, L50, shiny|100/100\n|switch|p2a: Whimsicott|Whimsicott, L50, F|100/100\n|switch|p2b: Urshifu|Urshifu, L50, M|100/100\n|-weather|RainDance|[from] ability: Drizzle|[of] p1b: Kyogre\n|turn|1\n|inactive|GlickWithAGlock has 30 seconds left.\n|\n|t:|1745984644\n|-terastallize|p2b: Urshifu|Dark\n|move|p2a: Whimsicott|Tailwind|p2a: Whimsicott\n|-sidestart|p2: all my fella|move: Tailwind\n|move|p2b: Urshifu|Wicked Blow|p1b: Kyogre\n|-crit|p1b: Kyogre\n|-damage|p1b: Kyogre|18/100\n|move|p1a: Tornadus|Bleakwind Storm|p2b: Urshifu|[spread] p2a,p2b\n|-supereffective|p2a: Whimsicott\n|-damage|p2a: Whimsicott|21/100\n|-damage|p2b: Urshifu|50/100\n|move|p1b: Kyogre|Water Spout|p2b: Urshifu|[spread] p2a,p2b\n|-resisted|p2a: Whimsicott\n|-damage|p2a: Whimsicott|11/100\n|-damage|p2b: Urshifu|16/100\n|\n|-weather|RainDance|[upkeep]\n|upkeep\n|turn|2\n|inactive|all my fella has 30 seconds left.\n|inactive|all my fella has 20 seconds left.\n|inactive|all my fella has 15 seconds left.\n|inactive|all my fella has 10 seconds left.\n|\n|t:|1745984691\n|move|p2b: Urshifu|Detect|p2b: Urshifu\n|-singleturn|p2b: Urshifu|Protect\n|move|p2a: Whimsicott|Encore|p1a: Tornadus\n|-start|p1a: Tornadus|Encore\n|move|p1a: Tornadus|Bleakwind Storm|p2a: Whimsicott|[spread] p2a\n|-activate|p2b: Urshifu|move: Protect\n|-supereffective|p2a: Whimsicott\n|-damage|p2a: Whimsicott|0 fnt\n|faint|p2a: Whimsicott\n|move|p1b: Kyogre|Origin Pulse|p2b: Urshifu\n|-activate|p2b: Urshifu|move: Protect\n|\n|-weather|RainDance|[upkeep]\n|upkeep\n|\n|t:|1745984694\n|switch|p2a: Miraidon|Miraidon, L50|100/100\n|-fieldstart|move: Electric Terrain|[from] ability: Hadron Engine|[of] p2a: Miraidon\n|turn|3\n|\n|t:|1745984717\n|switch|p1a: Iron Hands|Iron Hands, L50|100/100\n|-activate|p1a: Iron Hands|ability: Quark Drive\n|-start|p1a: Iron Hands|quarkdriveatk\n|move|p1b: Kyogre|Protect|p1b: Kyogre\n|-singleturn|p1b: Kyogre|Protect\n|move|p2a: Miraidon|Dazzling Gleam|p1b: Kyogre|[spread] p1a\n|-activate|p1b: Kyogre|move: Protect\n|-supereffective|p1a: Iron Hands\n|-damage|p1a: Iron Hands|61/100\n|move|p2b: Urshifu|Wicked Blow|p1a: Iron Hands\n|-resisted|p1a: Iron Hands\n|-crit|p1a: Iron Hands\n|-damage|p1a: Iron Hands|34/100\n|\n|-weather|RainDance|[upkeep]\n|upkeep\n|turn|4\n|inactive|GlickWithAGlock has 30 seconds left.\n|\n|t:|1745984744\n|move|p1a: Iron Hands|Fake Out|p2a: Miraidon\n|-damage|p2a: Miraidon|79/100\n|cant|p2a: Miraidon|flinch\n|move|p2b: Urshifu|Wicked Blow|p1b: Kyogre\n|-crit|p1b: Kyogre\n|-damage|p1b: Kyogre|0 fnt\n|faint|p1b: Kyogre\n|\n|-weather|RainDance|[upkeep]\n|-sideend|p2: all my fella|move: Tailwind\n|upkeep\n|\n|t:|1745984756\n|switch|p1b: Tornadus|Tornadus, L50, M|100/100\n|turn|5\n|\n|t:|1745984764\n|move|p1b: Tornadus|Tailwind|p1b: Tornadus\n|-sidestart|p1: GlickWithAGlock|move: Tailwind\n|move|p2a: Miraidon|Dazzling Gleam|p1a: Iron Hands|[spread] p1a,p1b\n|-supereffective|p1a: Iron Hands\n|-damage|p1a: Iron Hands|0 fnt\n|-damage|p1b: Tornadus|53/100\n|faint|p1a: Iron Hands\n|-end|p1a: Iron Hands|Quark Drive|[silent]\n|move|p2b: Urshifu|Wicked Blow|p1b: Tornadus\n|-crit|p1b: Tornadus\n|-damage|p1b: Tornadus|0 fnt\n|faint|p1b: Tornadus\n|\n|-weather|none\n|upkeep\n|\n|t:|1745984771\n|switch|p1b: Miraidon|Miraidon, L50|100/100\n|-activate|p1b: Miraidon|ability: Hadron Engine\n|turn|6\n|\n|t:|1745984786\n|-terastallize|p1b: Miraidon|Fairy\n|move|p2b: Urshifu|Sucker Punch|p1b: Miraidon\n|-resisted|p1b: Miraidon\n|-damage|p1b: Miraidon|75/100\n|move|p1b: Miraidon|Dazzling Gleam|p2a: Miraidon|[spread] p2a,p2b\n|-supereffective|p2a: Miraidon\n|-supereffective|p2b: Urshifu\n|-damage|p2a: Miraidon|0 fnt\n|-damage|p2b: Urshifu|0 fnt\n|faint|p2a: Miraidon\n|faint|p2b: Urshifu\n|\n|upkeep\n|\n|t:|1745984791\n|switch|p2b: Zamazenta|Zamazenta-Crowned, L50|100/100\n|-ability|p2b: Zamazenta|Dauntless Shield|boost\n|-boost|p2b: Zamazenta|def|1\n|turn|7\n|\n|t:|1745984795\n|move|p2b: Zamazenta|Protect|p2b: Zamazenta\n|-singleturn|p2b: Zamazenta|Protect\n|move|p1b: Miraidon|Dazzling Gleam|p2b: Zamazenta\n|-activate|p2b: Zamazenta|move: Protect\n|\n|-fieldend|move: Electric Terrain\n|upkeep\n|turn|8\n|\n|t:|1745984798\n|move|p2b: Zamazenta|Wide Guard|p2b: Zamazenta\n|-singleturn|p2b: Zamazenta|Wide Guard\n|move|p1b: Miraidon|Dazzling Gleam|p2b: Zamazenta\n|-activate|p2b: Zamazenta|move: Wide Guard\n|\n|-sideend|p1: GlickWithAGlock|move: Tailwind\n|upkeep\n|turn|9\n|\n|t:|1745984803\n|move|p2b: Zamazenta|Wide Guard|p2b: Zamazenta\n|-singleturn|p2b: Zamazenta|Wide Guard\n|move|p1b: Miraidon|Dazzling Gleam|p2b: Zamazenta\n|-activate|p2b: Zamazenta|move: Wide Guard\n|\n|upkeep\n|turn|10\n|\n|t:|1745984805\n|move|p2b: Zamazenta|Wide Guard|p2b: Zamazenta\n|-singleturn|p2b: Zamazenta|Wide Guard\n|move|p1b: Miraidon|Dazzling Gleam|p2b: Zamazenta\n|-activate|p2b: Zamazenta|move: Wide Guard\n|\n|upkeep\n|turn|11\n|\n|t:|1745984807\n|move|p2b: Zamazenta|Wide Guard|p2b: Zamazenta\n|-singleturn|p2b: Zamazenta|Wide Guard\n|move|p1b: Miraidon|Dazzling Gleam|p2b: Zamazenta\n|-activate|p2b: Zamazenta|move: Wide Guard\n|\n|upkeep\n|turn|12\n|\n|t:|1745984810\n|move|p2b: Zamazenta|Wide Guard|p2b: Zamazenta\n|-singleturn|p2b: Zamazenta|Wide Guard\n|move|p1b: Miraidon|Dazzling Gleam|p2b: Zamazenta\n|-activate|p2b: Zamazenta|move: Wide Guard\n|\n|upkeep\n|turn|13\n|\n|t:|1745984812\n|move|p2b: Zamazenta|Wide Guard|p2b: Zamazenta\n|-singleturn|p2b: Zamazenta|Wide Guard\n|move|p1b: Miraidon|Dazzling Gleam|p2b: Zamazenta\n|-activate|p2b: Zamazenta|move: Wide Guard\n|\n|upkeep\n|turn|14\n|\n|t:|1745984813\n|move|p2b: Zamazenta|Wide Guard|p2b: Zamazenta\n|-singleturn|p2b: Zamazenta|Wide Guard\n|move|p1b: Miraidon|Dazzling Gleam|p2b: Zamazenta\n|-activate|p2b: Zamazenta|move: Wide Guard\n|\n|upkeep\n|turn|15\n|\n|t:|1745984815\n|move|p2b: Zamazenta|Wide Guard|p2b: Zamazenta\n|-singleturn|p2b: Zamazenta|Wide Guard\n|move|p1b: Miraidon|Dazzling Gleam|p2b: Zamazenta\n|-activate|p2b: Zamazenta|move: Wide Guard\n|\n|upkeep\n|turn|16\n|\n|t:|1745984816\n|move|p2b: Zamazenta|Wide Guard|p2b: Zamazenta\n|-singleturn|p2b: Zamazenta|Wide Guard\n|move|p1b: Miraidon|Dazzling Gleam|p2b: Zamazenta\n|-activate|p2b: Zamazenta|move: Wide Guard\n|\n|upkeep\n|turn|17\n|\n|t:|1745984823\n|move|p2b: Zamazenta|Wide Guard|p2b: Zamazenta\n|-singleturn|p2b: Zamazenta|Wide Guard\n|move|p1b: Miraidon|Dazzling Gleam|p2b: Zamazenta\n|-activate|p2b: Zamazenta|move: Wide Guard\n|\n|upkeep\n|turn|18\n|\n|t:|1745984825\n|move|p2b: Zamazenta|Wide Guard|p2b: Zamazenta\n|-singleturn|p2b: Zamazenta|Wide Guard\n|move|p1b: Miraidon|Dazzling Gleam|p2b: Zamazenta\n|-activate|p2b: Zamazenta|move: Wide Guard\n|\n|upkeep\n|turn|19\n|\n|t:|1745984829\n|move|p2b: Zamazenta|Wide Guard|p2b: Zamazenta\n|-singleturn|p2b: Zamazenta|Wide Guard\n|move|p1b: Miraidon|Dazzling Gleam|p2b: Zamazenta\n|-activate|p2b: Zamazenta|move: Wide Guard\n|\n|upkeep\n|turn|20\n|\n|t:|1745984834\n|move|p2b: Zamazenta|Wide Guard|p2b: Zamazenta\n|-singleturn|p2b: Zamazenta|Wide Guard\n|move|p1b: Miraidon|Dazzling Gleam|p2b: Zamazenta\n|-activate|p2b: Zamazenta|move: Wide Guard\n|\n|upkeep\n|turn|21\n|\n|t:|1745984837\n|move|p2b: Zamazenta|Wide Guard|p2b: Zamazenta\n|-singleturn|p2b: Zamazenta|Wide Guard\n|move|p1b: Miraidon|Dazzling Gleam|p2b: Zamazenta\n|-activate|p2b: Zamazenta|move: Wide Guard\n|\n|upkeep\n|turn|22\n|\n|t:|1745984848\n|move|p2b: Zamazenta|Protect||[still]\n|-fail|p2b: Zamazenta\n|-activate|p1b: Miraidon|move: Struggle\n|move|p1b: Miraidon|Struggle|p2b: Zamazenta\n|-damage|p2b: Zamazenta|97/100\n|-damage|p1b: Miraidon|50/100|[from] recoil\n|\n|upkeep\n|turn|23\n|\n|t:|1745984852\n|-activate|p1b: Miraidon|move: Struggle\n|move|p1b: Miraidon|Struggle|p2b: Zamazenta\n|-damage|p2b: Zamazenta|93/100\n|-damage|p1b: Miraidon|25/100|[from] recoil\n|move|p2b: Zamazenta|Heavy Slam|p1b: Miraidon\n|-supereffective|p1b: Miraidon\n|-damage|p1b: Miraidon|0 fnt\n|faint|p1b: Miraidon\n|\n|win|all my fella\n|raw|GlickWithAGlock's rating: 1258 &rarr; <strong>1241</strong><br />(-17 for losing)\n|raw|all my fella's rating: 1372 &rarr; <strong>1386</strong><br />(+14 for winning)\n|c|\u2606all my fella|Gg\n|c|\u2606GlickWithAGlock|ggs\n|c|\u2606all my fella|Wide is 100%  acc\n|c|\u2606all my fella|In case u didn't knew\n|c|\u2606GlickWithAGlock|gotta play for a misplay\n|c|\u2606GlickWithAGlock|lol\n|c|\u2606all my fella|Ya\n|c|\u2606GlickWithAGlock|on cart that would have been even funnier ngl\n|c|\u2606all my fella|Yea\n|l|\u2606all my fella\n|player|p2|\n", "uploadtime": 1745984860, "views": 6, "formatid": "gen9vgc2025regibo3", "rating": 1241, "private": 0, "password": null}