{"id": "gen9vgc2025regibo3-2354338020", "format": "[Gen 9] VGC 2025 Reg I (Bo3)", "players": ["Losandy", "Rai-kunvgc"], "log": "|j|\u2606Losandy\n|j|\u2606Rai-kunvgc\n|html|<table width=\"100%\"><tr><td align=\"left\">Losandy</td><td align=\"right\">Rai-kunvgc</tr><tr><td align=\"left\"><i class=\"fa fa-circle-o\"></i> <i class=\"fa fa-circle-o\"></i> </td><td align=\"right\"><i class=\"fa fa-circle-o\"></i> <i class=\"fa fa-circle-o\"></i> </tr></table>\n|uhtml|bestof|<h2><strong>Game 1</strong> of <a href=\"/game-bestof3-gen9vgc2025regibo3-2354338019\">a best-of-3</a></h2>\n|t:|1746059090\n|gametype|doubles\n|player|p1|Losandy|102|1097\n|player|p2|Rai-kunvgc|101|1097\n|teamsize|p1|6\n|teamsize|p2|6\n|gen|9\n|tier|[Gen 9] VGC 2025 Reg I (Bo3)\n|rated|\n|rule|Species Clause: Limit one of each Pok\u00e9mon\n|rule|Item Clause: Limit 1 of each item\n|clearpoke\n|poke|p1|Kyogre, L50|\n|poke|p1|Lugia, L50|\n|poke|p1|Chien-Pao, L50|\n|poke|p1|Tornadus, L50, M|\n|poke|p1|Iron Hands, L50|\n|poke|p1|Amoonguss, L50, F|\n|poke|p2|Miraidon, L50|\n|poke|p2|Groudon, L50|\n|poke|p2|Whimsicott, L50, M|\n|poke|p2|Iron Hands, L50|\n|poke|p2|Flutter Mane, L50|\n|poke|p2|Ogerpon-Cornerstone, L50, F|\n|teampreview|4\n|showteam|p1|Kyogre||LifeOrb|Drizzle|WaterSpout,IceBeam,HydroPump,Protect||||||50|,,,,,Ghost]Lugia||Leftovers|Multiscale|Aeroblast,EarthPower,CalmMind,Protect||||||50|,,,,,Grass]Chien-Pao||FocusSash|SwordofRuin|IceSpinner,SuckerPunch,ThroatChop,Protect||||||50|,,,,,Ghost]Tornadus||CovertCloak|Prankster|BleakwindStorm,ScaryFace,Tailwind,Protect|||M|||50|,,,,,Water]Iron Hands||AssaultVest|QuarkDrive|DrainPunch,FakeOut,HeavySlam,WildCharge||||||50|,,,,,Fairy]Amoonguss||RockyHelmet|Regenerator|Spore,SludgeBomb,RagePowder,Protect|||F|||50|,,,,,Fairy\n|showteam|p2|Miraidon||ChoiceSpecs|HadronEngine|Discharge,VoltSwitch,DracoMeteor,DazzlingGleam||||||50|,,,,,Fairy]Groudon||ClearAmulet|Drought|PrecipiceBlades,RockSlide,HeatCrash,Protect||||||50|,,,,,Fire]Whimsicott||CovertCloak|Chlorophyll|Encore,Tailwind,Moonblast,LightScreen|||M|||50|,,,,,Steel]Iron Hands||AssaultVest|QuarkDrive|DrainPunch,LowKick,WildCharge,FakeOut||||||50|,,,,,Fighting]Flutter Mane||FocusSash|Protosynthesis|IcyWind,Moonblast,ShadowBall,Protect||||||50|,,,,,Normal]Ogerpon-Cornerstone||CornerstoneMask|Sturdy|FollowMe,SpikyShield,IvyCudgel,WoodHammer|||F|||50|,,,,,Rock\n|j| bl4ze4444\n|\n|t:|1746059186\n|start\n|switch|p1a: Chien-Pao|Chien-Pao, L50|100/100\n|switch|p1b: Amoonguss|Amoonguss, L50, F|100/100\n|switch|p2a: Miraidon|Miraidon, L50|100/100\n|switch|p2b: Flutter Mane|Flutter Mane, L50|100/100\n|-ability|p1a: Chien-Pao|Sword of Ruin\n|-fieldstart|move: Electric Terrain|[from] ability: Hadron Engine|[of] p2a: Miraidon\n|turn|1\n|inactive|Battle timer is ON: inactive players will automatically lose when time's up. (requested by Losandy)\n|inactive|Rai-kunvgc has 60 seconds left.\n|\n|t:|1746059282\n|move|p1a: Chien-Pao|Protect|p1a: Chien-Pao\n|-singleturn|p1a: Chien-Pao|Protect\n|move|p1b: Amoonguss|Protect|p1b: Amoonguss\n|-singleturn|p1b: Amoonguss|Protect\n|move|p2a: Miraidon|Draco Meteor|p1b: Amoonguss\n|-activate|p1b: Amoonguss|move: Protect\n|move|p2b: Flutter Mane|Moonblast|p1a: Chien-Pao\n|-activate|p1a: Chien-Pao|move: Protect\n|\n|upkeep\n|turn|2\n|l| bl4ze4444\n|inactive|Losandy has 30 seconds left.\n|\n|t:|1746059317\n|-terastallize|p1b: Amoonguss|Fairy\n|move|p1a: Chien-Pao|Ice Spinner|p2a: Miraidon\n|-supereffective|p2a: Miraidon\n|-damage|p2a: Miraidon|9/100\n|-fieldend|move: Electric Terrain\n|move|p2a: Miraidon|Draco Meteor|p1b: Amoonguss\n|-immune|p1b: Amoonguss\n|move|p2b: Flutter Mane|Icy Wind|p1b: Amoonguss|[spread] p1a,p1b\n|-resisted|p1a: Chien-Pao\n|-damage|p1a: Chien-Pao|89/100\n|-damage|p1b: Amoonguss|88/100\n|-unboost|p1a: Chien-Pao|spe|1\n|-unboost|p1b: Amoonguss|spe|1\n|move|p1b: Amoonguss|Spore|p2b: Flutter Mane\n|-status|p2b: Flutter Mane|slp|[from] move: Spore\n|\n|upkeep\n|turn|3\n|inactive|Losandy has 30 seconds left.\n|inactive|Losandy has 20 seconds left.\n|\n|t:|1746059356\n|switch|p2a: Ogerpon|Ogerpon-Cornerstone, L50, F|100/100\n|move|p1b: Amoonguss|Rage Powder|p1b: Amoonguss\n|-singleturn|p1b: Amoonguss|move: Rage Powder\n|cant|p2b: Flutter Mane|slp\n|move|p1a: Chien-Pao|Throat Chop|p2b: Flutter Mane\n|-enditem|p2b: Flutter Mane|Focus Sash\n|-damage|p2b: Flutter Mane|1/100 slp\n|-start|p2b: Flutter Mane|Throat Chop|[silent]\n|\n|upkeep\n|turn|4\n|inactive|Losandy has 30 seconds left.\n|\n|t:|1746059391\n|switch|p1a: Tornadus|Tornadus, L50, M|100/100\n|cant|p2b: Flutter Mane|slp\n|move|p2a: Ogerpon|Ivy Cudgel|p1a: Tornadus|[anim] Ivy Cudgel Rock\n|-supereffective|p1a: Tornadus\n|-damage|p1a: Tornadus|0 fnt\n|faint|p1a: Tornadus\n|move|p1b: Amoonguss|Sludge Bomb|p2a: Ogerpon\n|-damage|p2a: Ogerpon|69/100\n|\n|-end|p2b: Flutter Mane|Throat Chop|[silent]\n|upkeep\n|\n|t:|1746059403\n|switch|p1a: Chien-Pao|Chien-Pao, L50|89/100\n|-ability|p1a: Chien-Pao|Sword of Ruin\n|turn|5\n|\n|t:|1746059421\n|move|p2a: Ogerpon|Spiky Shield|p2a: Ogerpon\n|-singleturn|p2a: Ogerpon|move: Protect\n|move|p1b: Amoonguss|Rage Powder|p1b: Amoonguss\n|-singleturn|p1b: Amoonguss|move: Rage Powder\n|move|p1a: Chien-Pao|Ice Spinner|p2b: Flutter Mane\n|-damage|p2b: Flutter Mane|0 fnt\n|faint|p2b: Flutter Mane\n|-end|p2b: Flutter Mane|Protosynthesis|[silent]\n|\n|upkeep\n|\n|t:|1746059436\n|switch|p2b: Groudon|Groudon, L50|100/100\n|-weather|SunnyDay|[from] ability: Drought|[of] p2b: Groudon\n|turn|6\n|\n|t:|1746059456\n|move|p2a: Ogerpon|Follow Me|p2a: Ogerpon\n|-singleturn|p2a: Ogerpon|move: Follow Me\n|move|p1a: Chien-Pao|Ice Spinner|p2a: Ogerpon\n|-supereffective|p2a: Ogerpon\n|-damage|p2a: Ogerpon|0 fnt\n|faint|p2a: Ogerpon\n|move|p2b: Groudon|Precipice Blades|p1b: Amoonguss|[spread] p1b\n|-miss|p2b: Groudon|p1a: Chien-Pao\n|-damage|p1b: Amoonguss|20/100\n|move|p1b: Amoonguss|Spore|p2b: Groudon\n|-status|p2b: Groudon|slp|[from] move: Spore\n|\n|-weather|SunnyDay|[upkeep]\n|upkeep\n|\n|t:|1746059467\n|switch|p2a: Miraidon|Miraidon, L50|9/100\n|-fieldstart|move: Electric Terrain|[from] ability: Hadron Engine|[of] p2a: Miraidon\n|turn|7\n|inactive|Losandy has 30 seconds left.\n|\n|t:|1746059494\n|move|p1a: Chien-Pao|Sucker Punch|p2a: Miraidon\n|-damage|p2a: Miraidon|0 fnt\n|faint|p2a: Miraidon\n|cant|p2b: Groudon|slp\n|move|p1b: Amoonguss|Sludge Bomb|p2b: Groudon\n|-resisted|p2b: Groudon\n|-crit|p2b: Groudon\n|-damage|p2b: Groudon|81/100 slp\n|\n|-weather|SunnyDay|[upkeep]\n|upkeep\n|turn|8\n|\n|t:|1746059506\n|move|p1a: Chien-Pao|Ice Spinner|p2b: Groudon\n|-supereffective|p2b: Groudon\n|-damage|p2b: Groudon|15/100 slp\n|-fieldend|move: Electric Terrain\n|cant|p2b: Groudon|slp\n|move|p1b: Amoonguss|Sludge Bomb|p2b: Groudon\n|-resisted|p2b: Groudon\n|-damage|p2b: Groudon|2/100 slp\n|\n|-weather|SunnyDay|[upkeep]\n|upkeep\n|turn|9\n|\n|t:|1746059521\n|move|p1a: Chien-Pao|Sucker Punch|p2b: Groudon\n|-damage|p2b: Groudon|0 fnt\n|faint|p2b: Groudon\n|\n|win|Losandy\n||Rai-kunvgc is ready for game 2.\n", "uploadtime": 1746059527, "views": 8, "formatid": "gen9vgc2025regibo3", "rating": null, "private": 0, "password": null}