{"id": "gen9vgc2025regibo3-2354327839", "format": "[Gen 9] VGC 2025 Reg I (Bo3)", "players": ["blaisenova1", "Gimffy"], "log": "|j|\u2606blaisenova1\n|j|\u2606Gimffy\n|html|<table width=\"100%\"><tr><td align=\"left\">blaisenova1</td><td align=\"right\">Gimffy</tr><tr><td align=\"left\"><i class=\"fa fa-circle\"></i> <i class=\"fa fa-circle-o\"></i> </td><td align=\"right\"><i class=\"fa fa-circle-o\"></i> <i class=\"fa fa-circle\"></i> </tr></table>\n|uhtml|bestof|<h2><strong>Game 3</strong> of <a href=\"/game-bestof3-gen9vgc2025regibo3-2354325833\">a best-of-3</a></h2>\n|t:|1746057865\n|gametype|doubles\n|player|p1|blaisenova1|2|1139\n|player|p2|Gimffy|ingo|1151\n|teamsize|p1|6\n|teamsize|p2|6\n|gen|9\n|tier|[Gen 9] VGC 2025 Reg I (Bo3)\n|rated|\n|rule|Species Clause: Limit one of each Pok\u00e9mon\n|rule|Item Clause: Limit 1 of each item\n|clearpoke\n|poke|p1|Lunala, L50|\n|poke|p1|Kyogre, L50|\n|poke|p1|Indeedee-F, L50, F|\n|poke|p1|Basculegion, L50, M|\n|poke|p1|Landorus, L50, M|\n|poke|p1|Regieleki, L50|\n|poke|p2|Koraidon, L50|\n|poke|p2|Lunala, L50|\n|poke|p2|Flutter Mane, L50|\n|poke|p2|Chi-Yu, L50|\n|poke|p2|Brute Bonnet, L50|\n|poke|p2|Ursaluna, L50, M|\n|teampreview|4\n|showteam|p1|Lunala||Leftovers|ShadowShield|MoongeistBeam,ExpandingForce,WideGuard,TrickRoom||||||50|,,,,,Water]Kyogre||MysticWater|Drizzle|WaterSpout,OriginPulse,IceBeam,Protect||||||50|,,,,,Grass]Indeedee-F||PsychicSeed|PsychicSurge|FollowMe,DazzlingGleam,HealPulse,TrickRoom|||F|||50|,,,,,Grass]Basculegion||ChoiceBand|Adaptability|WaveCrash,LastRespects,AquaJet,HeadSmash|||M|||50|,,,,,Water]Landorus||LifeOrb|SheerForce|EarthPower,SludgeBomb,SandsearStorm,Protect|||M|||50|,,,,,Steel]Regieleki||FocusSash|Transistor|VoltSwitch,Electroweb,ThunderWave,Protect||||||50|,,,,,Electric\n|showteam|p2|Koraidon||ClearAmulet|OrichalcumPulse|CollisionCourse,FlareBlitz,FlameCharge,Protect||||||50|,,,,,Fire]Lunala||PowerHerb|ShadowShield|MoongeistBeam,MeteorBeam,WideGuard,TrickRoom||||||50|,,,,,Water]Flutter Mane||FocusSash|Protosynthesis|Moonblast,ShadowBall,IcyWind,Protect||||||50|,,,,,Fairy]Chi-Yu||ChoiceScarf|BeadsofRuin|DarkPulse,HeatWave,Overheat,Snarl||||||50|,,,,,Ghost]Brute Bonnet||RockyHelmet|Protosynthesis|RagePowder,Spore,SeedBomb,SuckerPunch||||||50|,,,,,Water]Ursaluna||FlameOrb|Guts|Facade,HeadlongRush,Earthquake,Protect|||M|||50|,,,,,Water\n|inactive|Battle timer is ON: inactive players will automatically lose when time's up. (requested by Gimffy)\n|\n|t:|1746057899\n|start\n|switch|p1a: Control|Regieleki, L50|100/100\n|switch|p1b: Feesh|Kyogre, L50|100/100\n|switch|p2a: Brute Bonnet|Brute Bonnet, L50|100/100\n|switch|p2b: Bruce Wane|Lunala, L50|100/100\n|-weather|RainDance|[from] ability: Drizzle|[of] p1b: Feesh\n|turn|1\n|\n|t:|1746057913\n|switch|p2b: Akira|Koraidon, L50|100/100\n|-weather|SunnyDay|[from] ability: Orichalcum Pulse|[of] p2b: Akira\n|-activate|p2a: Brute Bonnet|ability: Protosynthesis\n|-start|p2a: Brute Bonnet|protosynthesisdef\n|-activate|p2b: Akira|Orichalcum Pulse|[source]\n|move|p1a: Control|Volt Switch|p2b: Akira\n|-resisted|p2b: Akira\n|-damage|p2b: Akira|82/100\n|\n|t:|1746057918\n|switch|p1a: Laluna|Lunala, L50|100/100|[from] Volt Switch\n|move|p1b: Feesh|Water Spout|p2b: Akira|[spread] p2a,p2b\n|-resisted|p2a: Brute Bonnet\n|-resisted|p2b: Akira\n|-damage|p2a: Brute Bonnet|84/100\n|-damage|p2b: Akira|63/100\n|move|p2a: Brute Bonnet|Spore|p1b: Feesh\n|-status|p1b: Feesh|slp|[from] move: Spore\n|\n|-weather|SunnyDay|[upkeep]\n|upkeep\n|turn|2\n|\n|t:|1746057941\n|switch|p1b: Control|Regieleki, L50|100/100\n|move|p2b: Akira|Protect|p2b: Akira\n|-singleturn|p2b: Akira|Protect\n|move|p2a: Brute Bonnet|Spore|p1a: Laluna\n|-status|p1a: Laluna|slp|[from] move: Spore\n|cant|p1a: Laluna|slp\n|\n|-weather|SunnyDay|[upkeep]\n|upkeep\n|turn|3\n|\n|t:|1746057963\n|move|p1b: Control|Electroweb|p2b: Akira|[spread] p2a,p2b\n|-resisted|p2a: Brute Bonnet\n|-resisted|p2b: Akira\n|-damage|p2a: Brute Bonnet|75/100\n|-damage|p2b: Akira|52/100\n|-unboost|p2a: Brute Bonnet|spe|1\n|move|p2b: Akira|Flame Charge|p1a: Laluna\n|-damage|p1a: Laluna|85/100 slp\n|-boost|p2b: Akira|spe|1\n|move|p2a: Brute Bonnet|Spore|p1b: Control\n|-status|p1b: Control|slp|[from] move: Spore\n|cant|p1a: Laluna|slp\n|\n|-weather|SunnyDay|[upkeep]\n|-heal|p1a: Laluna|92/100 slp|[from] item: Leftovers\n|upkeep\n|turn|4\n|\n|t:|1746057986\n|move|p2b: Akira|Flare Blitz|p1a: Laluna\n|-damage|p1a: Laluna|22/100 slp\n|-damage|p2b: Akira|23/100|[from] Recoil\n|cant|p1b: Control|slp\n|-curestatus|p1a: Laluna|slp|[msg]\n|move|p1a: Laluna|Moongeist Beam|p2b: Akira\n|-crit|p2b: Akira\n|-damage|p2b: Akira|0 fnt\n|faint|p2b: Akira\n|move|p2a: Brute Bonnet|Seed Bomb|p1b: Control\n|-damage|p1b: Control|34/100 slp\n|\n|-weather|SunnyDay|[upkeep]\n|-heal|p1a: Laluna|29/100|[from] item: Leftovers\n|upkeep\n|\n|t:|1746057997\n|switch|p2b: Anakin|Flutter Mane, L50|100/100\n|-activate|p2b: Anakin|ability: Protosynthesis\n|-start|p2b: Anakin|protosynthesisspe\n|turn|5\n|inactive|blaisenova1 has 30 seconds left.\n|\n|t:|1746058031\n|move|p2b: Anakin|Shadow Ball|p1a: Laluna\n|-supereffective|p1a: Laluna\n|-damage|p1a: Laluna|0 fnt\n|faint|p1a: Laluna\n|cant|p1b: Control|slp\n|move|p2a: Brute Bonnet|Seed Bomb|p1b: Control\n|-damage|p1b: Control|0 fnt\n|faint|p1b: Control\n|\n|-weather|none\n|-end|p2b: Anakin|Protosynthesis\n|-end|p2a: Brute Bonnet|Protosynthesis\n|upkeep\n|\n|t:|1746058037\n|switch|p1b: Basculegion|Basculegion, L50, M|100/100\n|switch|p1a: Feesh|Kyogre, L50|100/100 slp\n|-weather|RainDance|[from] ability: Drizzle|[of] p1a: Feesh\n|turn|6\n|\n|t:|1746058055\n|-terastallize|p1b: Basculegion|Water\n|move|p2a: Brute Bonnet|Rage Powder|p2a: Brute Bonnet\n|-singleturn|p2a: Brute Bonnet|move: Rage Powder\n|move|p1b: Basculegion|Aqua Jet|p2a: Brute Bonnet\n|-resisted|p2a: Brute Bonnet\n|-damage|p2a: Brute Bonnet|53/100\n|-damage|p1b: Basculegion|84/100|[from] item: Rocky Helmet|[of] p2a: Brute Bonnet\n|move|p2b: Anakin|Shadow Ball|p1b: Basculegion\n|-damage|p1b: Basculegion|38/100\n|cant|p1a: Feesh|slp\n|\n|-weather|RainDance|[upkeep]\n|upkeep\n|turn|7\n|\n|t:|1746058069\n|move|p2a: Brute Bonnet|Rage Powder|p2a: Brute Bonnet\n|-singleturn|p2a: Brute Bonnet|move: Rage Powder\n|move|p1b: Basculegion|Aqua Jet|p2a: Brute Bonnet\n|-resisted|p2a: Brute Bonnet\n|-damage|p2a: Brute Bonnet|31/100\n|-damage|p1b: Basculegion|22/100|[from] item: Rocky Helmet|[of] p2a: Brute Bonnet\n|move|p2b: Anakin|Shadow Ball|p1b: Basculegion\n|-damage|p1b: Basculegion|0 fnt\n|faint|p1b: Basculegion\n|cant|p1a: Feesh|slp\n|\n|-weather|RainDance|[upkeep]\n|upkeep\n|turn|8\n|\n|t:|1746058080\n|move|p2b: Anakin|Moonblast|p1a: Feesh\n|-damage|p1a: Feesh|64/100 slp\n|cant|p1a: Feesh|slp\n|move|p2a: Brute Bonnet|Seed Bomb|p1a: Feesh\n|-supereffective|p1a: Feesh\n|-damage|p1a: Feesh|0 fnt\n|faint|p1a: Feesh\n|\n|win|Gimffy\n|raw|blaisenova1's rating: 1139 &rarr; <strong>1115</strong><br />(-24 for losing)\n|raw|Gimffy's rating: 1151 &rarr; <strong>1175</strong><br />(+24 for winning)\n|l|\u2606blaisenova1\n|player|p1|\n", "uploadtime": 1746058102, "views": 14, "formatid": "gen9vgc2025regibo3", "rating": 1115, "private": 0, "password": null}