{"id": "gen9vgc2025regibo3-2354088138", "format": "[Gen 9] VGC 2025 Reg I (Bo3)", "players": ["Sticky Glob", "Monsteralover"], "log": "|j|\u2606Sticky Glob\n|j|\u2606Monsteralover\n|html|<table width=\"100%\"><tr><td align=\"left\">Sticky Glob</td><td align=\"right\">Monsteralover</tr><tr><td align=\"left\"><i class=\"fa fa-circle-o\"></i> <i class=\"fa fa-circle-o\"></i> </td><td align=\"right\"><i class=\"fa fa-circle-o\"></i> <i class=\"fa fa-circle-o\"></i> </tr></table>\n|uhtml|bestof|<h2><strong>Game 1</strong> of <a href=\"/game-bestof3-gen9vgc2025regibo3-2354088137\">a best-of-3</a></h2>\n|t:|1746033815\n|gametype|doubles\n|player|p1|Sticky Glob|clown|1297\n|player|p2|Monsteralover|101|1299\n|teamsize|p1|6\n|teamsize|p2|6\n|gen|9\n|tier|[Gen 9] VGC 2025 Reg I (Bo3)\n|rated|\n|rule|Species Clause: Limit one of each Pok\u00e9mon\n|rule|Item Clause: Limit 1 of each item\n|clearpoke\n|poke|p1|Calyrex-Shadow, L50|\n|poke|p1|Tornadus, L50, M|\n|poke|p1|Urshifu-*, L50, F|\n|poke|p1|Zamazenta-*, L50|\n|poke|p1|Rillaboom, L50, M|\n|poke|p1|Chien-Pao, L50|\n|poke|p2|Lunala, L50|\n|poke|p2|Rillaboom, L50, M|\n|poke|p2|Urshifu-*, L50, M|\n|poke|p2|Miraidon, L50|\n|poke|p2|Grimmsnarl, L50, M|\n|poke|p2|Ogerpon-Hearthflame, L50, F|\n|teampreview|4\n|showteam|p1|Calyrex-Shadow||FocusSash|AsOneSpectrier|AstralBarrage,Psychic,Encore,Protect||||||50|,,,,,Ghost]Tornadus||RockyHelmet|Prankster|Tailwind,RainDance,BleakwindStorm,Protect|||M|||50|,,,,,Dark]Urshifu-Rapid-Strike||MysticWater|UnseenFist|SurgingStrikes,CloseCombat,AquaJet,Detect|||F|||50|,,,,,Water]Zamazenta-Crowned||RustedShield|DauntlessShield|BodyPress,HeavySlam,WideGuard,Protect||||||50|,,,,,Ghost]Rillaboom||AssaultVest|GrassySurge|WoodHammer,Uturn,GrassyGlide,FakeOut|||M|||50|,,,,,Fire]Chien-Pao||LifeOrb|SwordofRuin|IcicleCrash,IceShard,SuckerPunch,Protect||||||50|,,,,,Stellar\n|showteam|p2|Lunala||Leftovers|ShadowShield|CalmMind,MoongeistBeam,DazzlingGleam,Protect||||||50|,,,,,Fairy]Rillaboom||AssaultVest|GrassySurge|WoodHammer,GrassyGlide,KnockOff,FakeOut|||M|||50|,,,,,Fire]Urshifu-Rapid-Strike||ChoiceScarf|UnseenFist|SurgingStrikes,CloseCombat,AquaJet,Uturn|||M|||50|,,,,,Water]Miraidon||ChoiceSpecs|HadronEngine|ElectroDrift,DracoMeteor,DazzlingGleam,VoltSwitch||||||50|,,,,,Fairy]Grimmsnarl||LightClay|Prankster|FoulPlay,Reflect,ThunderWave,LightScreen|||M|||50|,,,,,Ghost]Ogerpon-Hearthflame||HearthflameMask|MoldBreaker|IvyCudgel,GrassyGlide,FollowMe,SpikyShield|||F|||50|,,,,,Fire\n|inactive|Battle timer is ON: inactive players will automatically lose when time's up. (requested by Sticky Glob)\n|inactive|Monsteralover has 60 seconds left.\n|inactive|Monsteralover has 30 seconds left.\n|inactive|Monsteralover has 20 seconds left.\n|inactive|Monsteralover has 15 seconds left.\n|inactive|Monsteralover has 10 seconds left.\n|\n|t:|1746033898\n|start\n|switch|p1a: Calyrex|Calyrex-Shadow, L50|100/100\n|switch|p1b: Rillaboom|Rillaboom, L50, M|100/100\n|switch|p2a: Grimmsnarl|Grimmsnarl, L50, M|100/100\n|switch|p2b: Ogerpon|Ogerpon-Hearthflame, L50, F|100/100\n|-ability|p1a: Calyrex|As One\n|-ability|p1a: Calyrex|Unnerve\n|-ability|p2b: Ogerpon|Mold Breaker\n|-fieldstart|move: Grassy Terrain|[from] ability: Grassy Surge|[of] p1b: Rillaboom\n|turn|1\n|\n|t:|1746033918\n|-terastallize|p2b: Ogerpon|Fire\n|detailschange|p2b: Ogerpon|Ogerpon-Hearthflame-Tera, L50, F, tera:Fire\n|-ability|p2b: Ogerpon|Embody Aspect (Hearthflame)|boost\n|-boost|p2b: Ogerpon|atk|1\n|-terastallize|p1b: Rillaboom|Fire\n|move|p2a: Grimmsnarl|Thunder Wave|p1a: Calyrex\n|-status|p1a: Calyrex|par\n|move|p2b: Ogerpon|Ivy Cudgel|p1a: Calyrex|[anim] Ivy Cudgel Fire\n|-enditem|p1a: Calyrex|Focus Sash\n|-damage|p1a: Calyrex|1/100 par\n|move|p1a: Calyrex|Astral Barrage|p2a: Grimmsnarl|[spread] p2a,p2b\n|-resisted|p2a: Grimmsnarl\n|-damage|p2a: Grimmsnarl|76/100\n|-damage|p2b: Ogerpon|41/100\n|move|p1b: Rillaboom|U-turn|p2a: Grimmsnarl\n|-damage|p2a: Grimmsnarl|52/100\n|\n|t:|1746033939\n|switch|p1b: Chien-Pao|Chien-Pao, L50|100/100|[from] U-turn\n|-ability|p1b: Chien-Pao|Sword of Ruin\n|\n|-heal|p2b: Ogerpon|47/100|[from] Grassy Terrain\n|-heal|p1a: Calyrex|7/100 par|[from] Grassy Terrain\n|-heal|p2a: Grimmsnarl|58/100|[from] Grassy Terrain\n|upkeep\n|turn|2\n|\n|t:|1746033959\n|move|p1b: Chien-Pao|Sucker Punch|p2b: Ogerpon\n|-damage|p2b: Ogerpon|2/100\n|-damage|p1b: Chien-Pao|91/100|[from] item: Life Orb\n|move|p2a: Grimmsnarl|Reflect|p2a: Grimmsnarl\n|-sidestart|p2: Monsteralover|Reflect\n|move|p2b: Ogerpon|Ivy Cudgel|p1a: Calyrex|[anim] Ivy Cudgel Fire\n|-damage|p1a: Calyrex|0 fnt\n|faint|p1a: Calyrex\n|\n|-heal|p1b: Chien-Pao|97/100|[from] Grassy Terrain\n|-heal|p2b: Ogerpon|8/100|[from] Grassy Terrain\n|-heal|p2a: Grimmsnarl|64/100|[from] Grassy Terrain\n|upkeep\n|\n|t:|1746033971\n|switch|p1a: Zamazenta|Zamazenta-Crowned, L50|100/100\n|-ability|p1a: Zamazenta|Dauntless Shield|boost\n|-boost|p1a: Zamazenta|def|1\n|turn|3\n|\n|t:|1746033984\n|move|p2b: Ogerpon|Spiky Shield|p2b: Ogerpon\n|-singleturn|p2b: Ogerpon|move: Protect\n|move|p1b: Chien-Pao|Ice Shard|p2b: Ogerpon\n|-activate|p2b: Ogerpon|move: Protect\n|move|p2a: Grimmsnarl|Thunder Wave|p1a: Zamazenta\n|-status|p1a: Zamazenta|par\n|cant|p1a: Zamazenta|par\n|\n|-heal|p1b: Chien-Pao|100/100|[from] Grassy Terrain\n|-heal|p2b: Ogerpon|14/100|[from] Grassy Terrain\n|-heal|p2a: Grimmsnarl|70/100|[from] Grassy Terrain\n|upkeep\n|turn|4\n|\n|t:|1746034007\n|switch|p2b: Lunala|Lunala, L50|100/100\n|move|p1b: Chien-Pao|Sucker Punch||[still]\n|-fail|p1b: Chien-Pao\n|move|p1a: Zamazenta|Body Press|p2a: Grimmsnarl\n|-damage|p2a: Grimmsnarl|5/100\n|move|p2a: Grimmsnarl|Foul Play|p1b: Chien-Pao\n|-resisted|p1b: Chien-Pao\n|-damage|p1b: Chien-Pao|70/100\n|\n|-heal|p1b: Chien-Pao|75/100|[from] Grassy Terrain\n|-heal|p2a: Grimmsnarl|11/100|[from] Grassy Terrain\n|upkeep\n|turn|5\n|inactive|Sticky Glob has 30 seconds left.\n|inactive|Sticky Glob has 20 seconds left.\n|inactive|Sticky Glob has 15 seconds left.\n|inactive|Sticky Glob has 10 seconds left.\n|\n|t:|1746034052\n|move|p1b: Chien-Pao|Icicle Crash|p2b: Lunala\n|-damage|p2b: Lunala|82/100\n|-damage|p1b: Chien-Pao|66/100|[from] item: Life Orb\n|move|p2b: Lunala|Calm Mind|p2b: Lunala\n|-boost|p2b: Lunala|spa|1\n|-boost|p2b: Lunala|spd|1\n|move|p1a: Zamazenta|Heavy Slam|p2b: Lunala\n|-damage|p2b: Lunala|48/100\n|move|p2a: Grimmsnarl|Foul Play|p1b: Chien-Pao\n|-resisted|p1b: Chien-Pao\n|-damage|p1b: Chien-Pao|31/100\n|\n|-heal|p1b: Chien-Pao|37/100|[from] Grassy Terrain\n|-heal|p2b: Lunala|55/100|[from] Grassy Terrain\n|-heal|p2b: Lunala|61/100|[from] item: Leftovers\n|-heal|p2a: Grimmsnarl|17/100|[from] Grassy Terrain\n|-fieldend|move: Grassy Terrain\n|upkeep\n|turn|6\n|inactive|Monsteralover has 30 seconds left.\n|\n|t:|1746034084\n|switch|p2a: Ogerpon|Ogerpon-Hearthflame-Tera, L50, F, tera:Fire|14/100\n|-ability|p2a: Ogerpon|Embody Aspect (Hearthflame)|boost\n|-boost|p2a: Ogerpon|atk|1\n|move|p1b: Chien-Pao|Icicle Crash|p2b: Lunala\n|-damage|p2b: Lunala|22/100\n|-damage|p1b: Chien-Pao|27/100|[from] item: Life Orb\n|cant|p2b: Lunala|flinch\n|move|p1a: Zamazenta|Body Press|p2a: Ogerpon\n|-damage|p2a: Ogerpon|0 fnt\n|faint|p2a: Ogerpon\n|\n|-heal|p2b: Lunala|28/100|[from] item: Leftovers\n|upkeep\n|\n|t:|1746034108\n|switch|p2a: Miraidon|Miraidon, L50|100/100\n|-fieldstart|move: Electric Terrain|[from] ability: Hadron Engine|[of] p2a: Miraidon\n|turn|7\n|inactive|Sticky Glob has 30 seconds left.\n|inactive|Monsteralover has 30 seconds left.\n|\n|t:|1746034136\n|switch|p1b: Rillaboom|Rillaboom, L50, M, tera:Fire|100/100\n|-fieldstart|move: Grassy Terrain|[from] ability: Grassy Surge|[of] p1b: Rillaboom\n|move|p2a: Miraidon|Electro Drift|p1a: Zamazenta\n|-damage|p1a: Zamazenta|38/100 par\n|move|p2b: Lunala|Dazzling Gleam|p1b: Rillaboom|[spread] p1a,p1b\n|-resisted|p1b: Rillaboom\n|-damage|p1a: Zamazenta|14/100 par\n|-damage|p1b: Rillaboom|92/100\n|move|p1a: Zamazenta|Body Press|p2a: Miraidon\n|-damage|p2a: Miraidon|58/100\n|\n|-heal|p2a: Miraidon|64/100|[from] Grassy Terrain\n|-heal|p2b: Lunala|34/100|[from] Grassy Terrain\n|-heal|p2b: Lunala|40/100|[from] item: Leftovers\n|-heal|p1b: Rillaboom|98/100|[from] Grassy Terrain\n|-heal|p1a: Zamazenta|20/100 par|[from] Grassy Terrain\n|upkeep\n|turn|8\n|inactive|Sticky Glob has 30 seconds left.\n|inactive|Monsteralover has 30 seconds left.\n|\n|t:|1746034170\n|cant|p1a: Zamazenta|par\n|move|p2a: Miraidon|Electro Drift|p1b: Rillaboom\n|-damage|p1b: Rillaboom|51/100\n|move|p2b: Lunala|Moongeist Beam|p1b: Rillaboom\n|-damage|p1b: Rillaboom|5/100\n|move|p1b: Rillaboom|Wood Hammer|p2b: Lunala\n|-damage|p2b: Lunala|0 fnt\n|faint|p2b: Lunala\n|-damage|p1b: Rillaboom|0 fnt|[from] Recoil\n|faint|p1b: Rillaboom\n|\n|-heal|p2a: Miraidon|70/100|[from] Grassy Terrain\n|-heal|p1a: Zamazenta|26/100 par|[from] Grassy Terrain\n|upkeep\n|inactive|Sticky Glob has 30 seconds left.\n|inactive|Sticky Glob has 20 seconds left.\n|inactive|Sticky Glob has 15 seconds left.\n|inactive|Sticky Glob has 10 seconds left.\n|inactive|Sticky Glob has 5 seconds left.\n|\n|t:|1746034225\n|switch|p2b: Grimmsnarl|Grimmsnarl, L50, M|17/100\n|switch|p1b: Chien-Pao|Chien-Pao, L50|27/100\n|-ability|p1b: Chien-Pao|Sword of Ruin\n|turn|9\n|\n|t:|1746034243\n|move|p1b: Chien-Pao|Icicle Crash|p2a: Miraidon\n|-supereffective|p2a: Miraidon\n|-damage|p2a: Miraidon|0 fnt\n|faint|p2a: Miraidon\n|-damage|p1b: Chien-Pao|17/100|[from] item: Life Orb\n|move|p1a: Zamazenta|Body Press|p2b: Grimmsnarl\n|-damage|p2b: Grimmsnarl|0 fnt\n|faint|p2b: Grimmsnarl\n|\n|win|Sticky Glob\n||Sticky Glob is ready for game 2.\n||Monsteralover is ready for game 2.\n|uhtml|next|Next: <a href=\"/battle-gen9vgc2025regibo3-2354093196\"><strong>Game 2 of 3</strong></a>\n|l|\u2606Sticky Glob\n|player|p1|\n", "uploadtime": 1746035084, "views": 31, "formatid": "gen9vgc2025regibo3", "rating": null, "private": 0, "password": null}