{"id": "gen9vgc2025regibo3-2354708054", "format": "[Gen 9] VGC 2025 Reg I (Bo3)", "players": ["Adrianeto123", "KinGanon"], "log": "|j|\u2606Adrianeto123\n|j|\u2606KinGanon\n|html|<table width=\"100%\"><tr><td align=\"left\">Adrianeto123</td><td align=\"right\">KinGanon</tr><tr><td align=\"left\"><i class=\"fa fa-circle-o\"></i> <i class=\"fa fa-circle-o\"></i> </td><td align=\"right\"><i class=\"fa fa-circle-o\"></i> <i class=\"fa fa-circle\"></i> </tr></table>\n|uhtml|bestof|<h2><strong>Game 2</strong> of <a href=\"/game-bestof3-gen9vgc2025regibo3-2354705051\">a best-of-3</a></h2>\n|t:|1746112695\n|gametype|doubles\n|player|p1|Adrianeto123|alder|1053\n|player|p2|KinGanon|102|1017\n|teamsize|p1|6\n|teamsize|p2|6\n|gen|9\n|tier|[Gen 9] VGC 2025 Reg I (Bo3)\n|rated|\n|rule|Species Clause: Limit one of each Pok\u00e9mon\n|rule|Item Clause: Limit 1 of each item\n|clearpoke\n|poke|p1|Rayquaza, L50|\n|poke|p1|Kyogre, L50|\n|poke|p1|Raichu, L50, F|\n|poke|p1|Flutter Mane, L50|\n|poke|p1|Urshifu-*, L50, F|\n|poke|p1|Scizor, L50, M|\n|poke|p2|Groudon, L50|\n|poke|p2|Iron Valiant, L50|\n|poke|p2|Sableye, L50, F|\n|poke|p2|Thundurus, L50, M|\n|poke|p2|Scovillain, L50, F|\n|poke|p2|Miraidon, L50|\n|teampreview|4\n|showteam|p1|Rayquaza||ClearAmulet|AirLock|DragonAscent,SwordsDance,ExtremeSpeed,Protect||||||50|,,,,,Normal]Kyogre||MysticWater|Drizzle|WaterSpout,OriginPulse,IceBeam,Protect||||||50|,,,,,Water]Raichu||AssaultVest|LightningRod|FakeOut,Electroweb,VoltSwitch,Thunder|||F|||50|,,,,,Flying]Flutter Mane||BoosterEnergy|Protosynthesis|Moonblast,ShadowBall,IcyWind,Protect||||||50|,,,,,Fairy]Urshifu-Rapid-Strike||FocusSash|UnseenFist|SurgingStrikes,CloseCombat,Taunt,Detect|||F|||50|,,,,,Stellar]Scizor||ChoiceBand|Technician|BugBite,BulletPunch,DualWingbeat,CloseCombat|||M|||50|,,,,,Flying\n|showteam|p2|Groudon||ClearAmulet|Drought|Protect,PrecipiceBlades,HeatCrash,RockSlide||||||50|,,,,,Normal]Iron Valiant||BoosterEnergy|QuarkDrive|WideGuard,Coaching,SpiritBreak,IcyWind||||||50|,,,,,Dark]Sableye||SafetyGoggles|Prankster|FakeOut,Gravity,FoulPlay,Quash|||F|||50|,,,,,Dark]Thundurus||FocusSash|Prankster|ElectricTerrain,WildboltStorm,RainDance,Taunt|||M|||50|,,,,,Electric]Scovillain||CovertCloak|Chlorophyll|RagePowder,SpicyExtract,ScaryFace,Overheat|||F|||50|,,,,,Dark]Miraidon||LifeOrb|HadronEngine|Protect,ElectricTerrain,DazzlingGleam,ParabolicCharge||||||50|,,,,,Fairy\n|inactive|Battle timer is ON: inactive players will automatically lose when time's up. (requested by KinGanon)\n|\n|t:|1746112716\n|start\n|switch|p1a: Rayquaza|Rayquaza, L50, shiny|100/100\n|switch|p1b: Raichu|Raichu, L50, F, shiny|100/100\n|switch|p2a: Thundurus|Thundurus, L50, M|100/100\n|switch|p2b: Groudon|Groudon, L50|100/100\n|-ability|p1a: Rayquaza|Air Lock\n|-weather|SunnyDay|[from] ability: Drought|[of] p2b: Groudon\n|turn|1\n|\n|t:|1746112741\n|move|p2b: Groudon|Protect|p2b: Groudon\n|-singleturn|p2b: Groudon|Protect\n|move|p1b: Raichu|Fake Out|p2b: Groudon\n|-activate|p2b: Groudon|move: Protect\n|move|p2a: Thundurus|Taunt|p1a: Rayquaza\n|-start|p1a: Rayquaza|move: Taunt\n|cant|p1a: Rayquaza|move: Taunt|Swords Dance\n|\n|-weather|SunnyDay|[upkeep]\n|upkeep\n|turn|2\n|inactive|Adrianeto123 has 30 seconds left.\n|\n|t:|1746112769\n|-terastallize|p1a: Rayquaza|Normal\n|move|p1a: Rayquaza|Extreme Speed|p2b: Groudon\n|-damage|p2b: Groudon|66/100\n|move|p2a: Thundurus|Electric Terrain|p2a: Thundurus\n|-fieldstart|move: Electric Terrain\n|move|p1b: Raichu|Volt Switch|p2a: Thundurus\n|-damage|p2a: Thundurus|65/100\n|\n|t:|1746112777\n|switch|p1b: Kyogre|Kyogre, L50, shiny|100/100|[from] Volt Switch\n|-weather|RainDance|[from] ability: Drizzle|[of] p1b: Kyogre\n|move|p2b: Groudon|Rock Slide|p1a: Rayquaza|[spread] p1a,p1b\n|-damage|p1a: Rayquaza|78/100\n|-damage|p1b: Kyogre|73/100\n|\n|-weather|RainDance|[upkeep]\n|upkeep\n|turn|3\n|\n|t:|1746112797\n|move|p1a: Rayquaza|Extreme Speed|p2a: Thundurus\n|-damage|p2a: Thundurus|0 fnt\n|faint|p2a: Thundurus\n|move|p1b: Kyogre|Origin Pulse|p2b: Groudon\n|-supereffective|p2b: Groudon\n|-damage|p2b: Groudon|0 fnt\n|faint|p2b: Groudon\n|\n|-weather|RainDance|[upkeep]\n|-end|p1a: Rayquaza|move: Taunt\n|upkeep\n|\n|t:|1746112804\n|switch|p2a: Iron Valiant|Iron Valiant, L50|100/100\n|switch|p2b: Miraidon|Miraidon, L50|100/100\n|-activate|p2b: Miraidon|ability: Hadron Engine\n|-activate|p2a: Iron Valiant|ability: Quark Drive\n|-start|p2a: Iron Valiant|quarkdrivespe\n|turn|4\n|\n|t:|1746112817\n|move|p1b: Kyogre|Protect|p1b: Kyogre\n|-singleturn|p1b: Kyogre|Protect\n|move|p2a: Iron Valiant|Wide Guard|p2a: Iron Valiant\n|-singleturn|p2a: Iron Valiant|Wide Guard\n|move|p2b: Miraidon|Parabolic Charge|p1b: Kyogre|[spread] p1a\n|-activate|p2a: Iron Valiant|move: Wide Guard\n|-activate|p1b: Kyogre|move: Protect\n|-damage|p1a: Rayquaza|25/100\n|-damage|p2b: Miraidon|91/100|[from] item: Life Orb\n|move|p1a: Rayquaza|Swords Dance|p1a: Rayquaza\n|-boost|p1a: Rayquaza|atk|2\n|\n|-weather|RainDance|[upkeep]\n|upkeep\n|turn|5\n|\n|t:|1746112836\n|move|p2b: Miraidon|Protect|p2b: Miraidon\n|-singleturn|p2b: Miraidon|Protect\n|move|p1a: Rayquaza|Extreme Speed|p2b: Miraidon\n|-activate|p2b: Miraidon|move: Protect\n|move|p2a: Iron Valiant|Spirit Break|p1a: Rayquaza\n|-damage|p1a: Rayquaza|0 fnt\n|faint|p1a: Rayquaza\n|move|p1b: Kyogre|Origin Pulse|p2b: Miraidon|[spread] p2a\n|-activate|p2b: Miraidon|move: Protect\n|-damage|p2a: Iron Valiant|0 fnt\n|faint|p2a: Iron Valiant\n|-end|p2a: Iron Valiant|Quark Drive|[silent]\n|\n|-weather|RainDance|[upkeep]\n|upkeep\n|\n|t:|1746112851\n|switch|p1a: Urshifu|Urshifu-Rapid-Strike, L50, F|100/100\n|turn|6\n|\n|t:|1746112865\n|move|p2b: Miraidon|Parabolic Charge|p1b: Kyogre|[spread] p1a,p1b\n|-supereffective|p1a: Urshifu\n|-supereffective|p1b: Kyogre\n|-enditem|p1a: Urshifu|Focus Sash\n|-damage|p1a: Urshifu|1/100\n|-heal|p2b: Miraidon|100/100|[from] drain|[of] p1a: Urshifu\n|-damage|p1b: Kyogre|0 fnt\n|faint|p1b: Kyogre\n|-damage|p2b: Miraidon|91/100|[from] item: Life Orb\n|move|p1a: Urshifu|Close Combat|p2b: Miraidon\n|-damage|p2b: Miraidon|17/100\n|-unboost|p1a: Urshifu|def|1\n|-unboost|p1a: Urshifu|spd|1\n|\n|-weather|none\n|-fieldend|move: Electric Terrain\n|upkeep\n|\n|t:|1746112878\n|switch|p1b: Raichu|Raichu, L50, F, shiny|100/100\n|turn|7\n|\n|t:|1746112886\n|move|p1b: Raichu|Fake Out|p2b: Miraidon\n|-damage|p2b: Miraidon|9/100\n|cant|p2b: Miraidon|flinch\n|move|p1a: Urshifu|Taunt|p2b: Miraidon\n|-start|p2b: Miraidon|move: Taunt\n|\n|upkeep\n|turn|8\n|\n|t:|1746112898\n|move|p1a: Urshifu|Detect|p1a: Urshifu\n|-singleturn|p1a: Urshifu|Protect\n|move|p2b: Miraidon|Dazzling Gleam|p1b: Raichu|[spread] p1b\n|-activate|p1a: Urshifu|move: Protect\n|-damage|p1b: Raichu|76/100\n|-damage|p2b: Miraidon|0 fnt|[from] item: Life Orb\n|faint|p2b: Miraidon\n|\n|win|Adrianeto123\n||Adrianeto123 is ready for game 3.\n|l|\u2606KinGanon\n|player|p2|\n||KinGanon is ready for game 3.\n|uhtml|next|Next: <a href=\"/battle-gen9vgc2025regibo3-2354710385\"><strong>Game 3 of 3</strong></a>\n|l|\u2606Adrianeto123\n|player|p1|\n", "uploadtime": 1746113220, "views": 5, "formatid": "gen9vgc2025regibo3", "rating": null, "private": 0, "password": null}