{"id": "gen9vgc2025regibo3-2354257693", "format": "[Gen 9] VGC 2025 Reg I (Bo3)", "players": ["fwlegend", "roansigma"], "log": "|j|\u2606fwlegend\n|j|\u2606roansigma\n|html|<table width=\"100%\"><tr><td align=\"left\">fwlegend</td><td align=\"right\">roansigma</tr><tr><td align=\"left\"><i class=\"fa fa-circle-o\"></i> <i class=\"fa fa-circle-o\"></i> </td><td align=\"right\"><i class=\"fa fa-circle-o\"></i> <i class=\"fa fa-circle-o\"></i> </tr></table>\n|uhtml|bestof|<h2><strong>Game 1</strong> of <a href=\"/game-bestof3-gen9vgc2025regibo3-2354257692\">a best-of-3</a></h2>\n|t:|1746049857\n|gametype|doubles\n|player|p1|fwlegend|101|\n|player|p2|roansigma|1|\n|teamsize|p1|6\n|teamsize|p2|4\n|gen|9\n|tier|[Gen 9] VGC 2025 Reg I (Bo3)\n|rule|Species Clause: Limit one of each Pok\u00e9mon\n|rule|Item Clause: Limit 1 of each item\n|clearpoke\n|poke|p1|Articuno, L50|\n|poke|p1|Ninetales-Alola, L50, M|\n|poke|p1|Terapagos, L50, M|\n|poke|p1|Scream Tail, L50|\n|poke|p1|Ogerpon-Wellspring, L50, F|\n|poke|p1|Incineroar, L50, F|\n|poke|p2|Lilligant-Hisui, L50, F|\n|poke|p2|Flapple, L50, F|\n|poke|p2|Meowstic, L50, M|\n|poke|p2|Ninetales, L50, M|\n|teampreview|4\n|showteam|p1|Articuno||LifeOrb|SnowCloak|Blizzard,Tailwind,IceBeam,AirSlash||||||50|,,,,,Ice]Ninetales-Alola||CovertCloak|SnowWarning|AuroraVeil,DazzlingGleam,Blizzard,HelpingHand|||M|||50|,,,,,Ice]Terapagos||ChoiceSpecs|TeraShift|TeraStarstorm,DarkPulse,EarthPower,Flamethrower|||M|||50|,,,,,Stellar]Scream Tail||BoosterEnergy|Protosynthesis|Disable,HelpingHand,Protect,DazzlingGleam||||||50|,,,,,Fairy]Ogerpon-Wellspring||WellspringMask|WaterAbsorb|FollowMe,IvyCudgel,HelpingHand,SpikyShield|||F|||50|,,,,,Water]Incineroar||AssaultVest|Intimidate|Uturn,FakeOut,FlareBlitz,KnockOff|||F|||50|,,,,,Fire\n|showteam|p2|Lilligant-Hisui||LifeOrb|Chlorophyll|SolarBlade,CloseCombat,TripleAxel,WeatherBall|||F|||50|,,,,,Grass]Flapple||ChoiceBand|Hustle|GravApple,DracoMeteor,Uturn,LeechSeed|||F|||50|,,,,,Grass]Meowstic||FocusSash|Prankster|Gravity,FakeOut,ThunderWave,LightScreen|||M|||50|,,,,,Psychic]Ninetales||HeatRock|Drought|Encore,Disable,Hex,WillOWisp|||M|||50|,,,,,Fire\n|\n|t:|1746049926\n|start\n|switch|p1a: evilcuno|Articuno, L50|100/100\n|switch|p1b: eviltales|Ninetales-Alola, L50, M|100/100\n|switch|p2a: Meowstic|Meowstic, L50, M|100/100\n|switch|p2b: Flapple|Flapple, L50, F|100/100\n|-weather|Snowscape|[from] ability: Snow Warning|[of] p1b: eviltales\n|turn|1\n|\n|t:|1746049964\n|move|p2a: Meowstic|Fake Out|p1b: eviltales\n|-damage|p1b: eviltales|95/100\n|move|p1b: eviltales|Aurora Veil|p1b: eviltales\n|-sidestart|p1: fwlegend|move: Aurora Veil\n|move|p1a: evilcuno|Tailwind|p1a: evilcuno\n|-sidestart|p1: fwlegend|move: Tailwind\n|move|p2b: Flapple|U-turn|p1a: evilcuno|[miss]\n|-miss|p2b: Flapple|p1a: evilcuno\n|\n|-weather|Snowscape|[upkeep]\n|upkeep\n|turn|2\n|\n|t:|1746049998\n|-terastallize|p1a: evilcuno|Ice\n|move|p1b: eviltales|Helping Hand|p1a: evilcuno\n|-singleturn|p1a: evilcuno|Helping Hand|[of] p1b: eviltales\n|move|p2a: Meowstic|Gravity|p2a: Meowstic\n|-fieldstart|move: Gravity\n|move|p1a: evilcuno|Blizzard|p2a: Meowstic|[spread] p2a,p2b\n|-supereffective|p2b: Flapple\n|-damage|p2a: Meowstic|21/100\n|-damage|p2b: Flapple|0 fnt\n|faint|p2b: Flapple\n|-damage|p1a: evilcuno|91/100|[from] item: Life Orb\n|\n|-weather|Snowscape|[upkeep]\n|upkeep\n|\n|t:|1746050011\n|switch|p2b: Ninetales|Ninetales, L50, M|100/100\n|-weather|SunnyDay|[from] ability: Drought|[of] p2b: Ninetales\n|turn|3\n|\n|t:|1746050049\n|switch|p2a: Lilligant|Lilligant-Hisui, L50, F|100/100\n|move|p1b: eviltales|Dazzling Gleam|p2a: Lilligant|[spread] p2a,p2b\n|-supereffective|p2a: Lilligant\n|-resisted|p2b: Ninetales\n|-damage|p2a: Lilligant|37/100\n|-damage|p2b: Ninetales|93/100\n|move|p1a: evilcuno|Blizzard|p2b: Ninetales|[spread] p2a,p2b\n|-supereffective|p2a: Lilligant\n|-resisted|p2b: Ninetales\n|-damage|p2a: Lilligant|0 fnt\n|-damage|p2b: Ninetales|70/100\n|faint|p2a: Lilligant\n|-damage|p1a: evilcuno|81/100|[from] item: Life Orb\n|move|p2b: Ninetales|Disable|p1a: evilcuno\n|-start|p1a: evilcuno|Disable|Blizzard\n|\n|-weather|SunnyDay|[upkeep]\n|upkeep\n|\n|t:|1746050064\n|switch|p2a: Meowstic|Meowstic, L50, M|21/100\n|turn|4\n|\n|t:|1746050120\n|-terastallize|p2b: Ninetales|Fire\n|move|p2a: Meowstic|Fake Out|p1b: eviltales\n|-damage|p1b: eviltales|90/100\n|move|p1b: eviltales|Blizzard|p2b: Ninetales|[spread] p2a,p2b\n|-resisted|p2b: Ninetales\n|-damage|p2a: Meowstic|0 fnt\n|-damage|p2b: Ninetales|60/100\n|faint|p2a: Meowstic\n|move|p1a: evilcuno|Air Slash|p2b: Ninetales\n|-damage|p2b: Ninetales|32/100\n|-damage|p1a: evilcuno|71/100|[from] item: Life Orb\n|cant|p2b: Ninetales|flinch\n|\n|-weather|SunnyDay|[upkeep]\n|-sideend|p1: fwlegend|move: Tailwind\n|upkeep\n|turn|5\n|\n|t:|1746050140\n|move|p1b: eviltales|Blizzard|p2b: Ninetales\n|-resisted|p2b: Ninetales\n|-damage|p2b: Ninetales|15/100\n|move|p1a: evilcuno|Ice Beam|p2b: Ninetales\n|-resisted|p2b: Ninetales\n|-damage|p2b: Ninetales|0 fnt\n|faint|p2b: Ninetales\n|-damage|p1a: evilcuno|62/100|[from] item: Life Orb\n|\n|win|fwlegend\n||roansigma is ready for game 2.\n|inactive|fwlegend has 30 seconds to confirm battle start!\n|inactive|fwlegend has 20 seconds to confirm battle start!\n||fwlegend is ready for game 2.\n|uhtml|next|Next: <a href=\"/battle-gen9vgc2025regibo3-2354260527\"><strong>Game 2 of 3</strong></a>\n", "uploadtime": 1746050468, "views": 6, "formatid": "gen9vgc2025regibo3", "rating": null, "private": 0, "password": null}