{"id": "gen9vgc2025regibo3-2353551633", "format": "[Gen 9] VGC 2025 Reg I (Bo3)", "players": ["Mentalsyndrome", "Chaoticfarmer"], "log": "|j|\u2606Mentalsyndrome\n|j|\u2606Chaoticfarmer\n|html|<table width=\"100%\"><tr><td align=\"left\">Mentalsyndrome</td><td align=\"right\">Chaoticfarmer</tr><tr><td align=\"left\"><i class=\"fa fa-circle-o\"></i> <i class=\"fa fa-circle-o\"></i> </td><td align=\"right\"><i class=\"fa fa-circle-o\"></i> <i class=\"fa fa-circle-o\"></i> </tr></table>\n|uhtml|bestof|<h2><strong>Game 1</strong> of <a href=\"/game-bestof3-gen9vgc2025regibo3-2353551632\">a best-of-3</a></h2>\n|t:|1745967392\n|gametype|doubles\n|player|p1|Mentalsyndrome|101|1275\n|player|p2|Chaoticfarmer|norman|1340\n|teamsize|p1|6\n|teamsize|p2|6\n|gen|9\n|tier|[Gen 9] VGC 2025 Reg I (Bo3)\n|rated|\n|rule|Species Clause: Limit one of each Pok\u00e9mon\n|rule|Item Clause: Limit 1 of each item\n|clearpoke\n|poke|p1|Bastiodon, L50, F|\n|poke|p1|Flutter Mane, L50|\n|poke|p1|Farigiraf, L50, M|\n|poke|p1|Koraidon, L50|\n|poke|p1|Groudon, L50|\n|poke|p1|Brute Bonnet, L50|\n|poke|p2|Tornadus, L50, M|\n|poke|p2|Zacian-*, L50|\n|poke|p2|Landorus, L50, M|\n|poke|p2|Kyogre, L50|\n|poke|p2|Incineroar, L50, F|\n|poke|p2|Farigiraf, L50, F|\n|teampreview|4\n|showteam|p1|Bastiodon||Leftovers|Sturdy|IronDefense,BodyPress,WideGuard,FoulPlay|||F|||50|,,,,,Water]Flutter Mane||FocusSash|Protosynthesis|IcyWind,Moonblast,Protect,Taunt||||||50|,,,,,Normal]Farigiraf||ThroatSpray|ArmorTail|HyperVoice,Psychic,SunnyDay,TrickRoom|||M|||50|,,,,,Grass]Koraidon||ClearAmulet|OrichalcumPulse|FlareBlitz,FlameCharge,CloseCombat,Protect||||||50|,,,,,Fire]Groudon||AssaultVest|Drought|PrecipiceBlades,HeatCrash,ThunderPunch,HighHorsepower||||||50|,,,,,Fire]Brute Bonnet||CovertCloak|Protosynthesis|SuckerPunch,Spore,RagePowder,SeedBomb||||||50|,,,,,Poison\n|showteam|p2|Tornadus||CovertCloak|Prankster|BleakwindStorm,Tailwind,RainDance,Taunt|||M|||50|,,,,,Electric]Zacian-Crowned||RustedSword|IntrepidSword|behemothblade,PlayRough,WildCharge,Protect||||||50|,,,,,Fairy]Landorus||LifeOrb|SheerForce|EarthPower,SandsearStorm,SludgeBomb,Protect|||M|||50|,,,,,Water]Kyogre||SitrusBerry|Drizzle|WaterSpout,OriginPulse,Thunder,IceBeam||||||50|,,,,,Grass]Incineroar||AssaultVest|Intimidate|FakeOut,Snarl,KnockOff,Uturn|||F|||50|,,,,,Bug]Farigiraf||SafetyGoggles|ArmorTail|FoulPlay,Psychic,HelpingHand,TrickRoom|||F|||50|,,,,,Fairy\n|inactive|Battle timer is ON: inactive players will automatically lose when time's up. (requested by Chaoticfarmer)\n|inactive|Mentalsyndrome also wants the timer to be on.\n|inactive|Mentalsyndrome has 60 seconds left.\n|inactive|Chaoticfarmer has 60 seconds left.\n|\n|t:|1745967440\n|start\n|switch|p1a: Don Giraffney|Farigiraf, L50, M|100/100\n|switch|p1b: Don Hotwheels|Koraidon, L50|100/100\n|switch|p2a: Tornadus|Tornadus, L50, M|100/100\n|switch|p2b: Zacian|Zacian-Crowned, L50|100/100\n|-ability|p2b: Zacian|Intrepid Sword|boost\n|-boost|p2b: Zacian|atk|1\n|-weather|SunnyDay|[from] ability: Orichalcum Pulse|[of] p1b: Don Hotwheels\n|-activate|p1b: Don Hotwheels|Orichalcum Pulse|[source]\n|turn|1\n|\n|t:|1745967463\n|move|p1b: Don Hotwheels|Protect|p1b: Don Hotwheels\n|-singleturn|p1b: Don Hotwheels|Protect\n|move|p2a: Tornadus|Rain Dance|p2a: Tornadus\n|-weather|RainDance\n|move|p2b: Zacian|Behemoth Blade|p1a: Don Giraffney\n|-damage|p1a: Don Giraffney|13/100\n|move|p1a: Don Giraffney|Trick Room|p1a: Don Giraffney\n|-fieldstart|move: Trick Room|[of] p1a: Don Giraffney\n|\n|-weather|RainDance|[upkeep]\n|upkeep\n|turn|2\n|\n|t:|1745967476\n|-terastallize|p1b: Don Hotwheels|Fire\n|move|p1a: Don Giraffney|Sunny Day|p1a: Don Giraffney\n|-weather|SunnyDay\n|move|p2a: Tornadus|Bleakwind Storm|p1a: Don Giraffney|[spread] p1a\n|-miss|p2a: Tornadus|p1b: Don Hotwheels\n|-damage|p1a: Don Giraffney|0 fnt\n|faint|p1a: Don Giraffney\n|move|p1b: Don Hotwheels|Flare Blitz|p2b: Zacian\n|-supereffective|p2b: Zacian\n|-damage|p2b: Zacian|0 fnt\n|faint|p2b: Zacian\n|-damage|p1b: Don Hotwheels|67/100|[from] Recoil\n|\n|-weather|SunnyDay|[upkeep]\n|upkeep\n|\n|t:|1745967489\n|switch|p1a: Don Bastio|Bastiodon, L50, F|100/100\n|switch|p2b: Kyogre|Kyogre, L50|100/100\n|-weather|RainDance|[from] ability: Drizzle|[of] p2b: Kyogre\n|turn|3\n|\n|t:|1745967504\n|switch|p1a: Don Groo|Groudon, L50|100/100\n|-weather|SunnyDay|[from] ability: Drought|[of] p1a: Don Groo\n|move|p2a: Tornadus|Taunt|p1a: Don Groo\n|-start|p1a: Don Groo|move: Taunt\n|move|p2b: Kyogre|Ice Beam|p1a: Don Groo\n|-supereffective|p1a: Don Groo\n|-damage|p1a: Don Groo|61/100\n|move|p1b: Don Hotwheels|Close Combat|p2b: Kyogre\n|-damage|p2b: Kyogre|13/100\n|-unboost|p1b: Don Hotwheels|def|1\n|-unboost|p1b: Don Hotwheels|spd|1\n|-enditem|p2b: Kyogre|Sitrus Berry|[eat]\n|-heal|p2b: Kyogre|38/100|[from] item: Sitrus Berry\n|\n|-weather|SunnyDay|[upkeep]\n|upkeep\n|turn|4\n|j| entei enthusiast\n|\n|t:|1745967528\n|move|p2a: Tornadus|Rain Dance|p2a: Tornadus\n|-weather|RainDance\n|move|p1a: Don Groo|Thunder Punch|p2b: Kyogre\n|-supereffective|p2b: Kyogre\n|-damage|p2b: Kyogre|0 fnt\n|faint|p2b: Kyogre\n|move|p1b: Don Hotwheels|Flare Blitz|p2a: Tornadus\n|-damage|p2a: Tornadus|60/100\n|-damage|p1b: Don Hotwheels|53/100|[from] Recoil\n|\n|-weather|RainDance|[upkeep]\n|upkeep\n|\n|t:|1745967532\n|switch|p2b: Landorus|Landorus, L50, M|100/100\n|turn|5\n|\n|t:|1745967548\n|switch|p1b: Don Bastio|Bastiodon, L50, F|100/100\n|move|p1a: Don Groo|Thunder Punch|p2a: Tornadus\n|-supereffective|p2a: Tornadus\n|-damage|p2a: Tornadus|0 fnt\n|faint|p2a: Tornadus\n|move|p2b: Landorus|Sandsear Storm|p1b: Don Bastio|[spread] p1a,p1b\n|-supereffective|p1b: Don Bastio\n|-damage|p1a: Don Groo|28/100\n|-ability|p1b: Don Bastio|Sturdy\n|-damage|p1b: Don Bastio|1/100\n|\n|-weather|RainDance|[upkeep]\n|-heal|p1b: Don Bastio|7/100|[from] item: Leftovers\n|-end|p1a: Don Groo|move: Taunt\n|-fieldend|move: Trick Room\n|upkeep\n|turn|6\n|\n|t:|1745967560\n|move|p1b: Don Bastio|Wide Guard|p1b: Don Bastio\n|-singleturn|p1b: Don Bastio|Wide Guard\n|move|p2b: Landorus|Earth Power|p1a: Don Groo\n|-damage|p1a: Don Groo|0 fnt\n|faint|p1a: Don Groo\n|\n|-weather|RainDance|[upkeep]\n|-heal|p1b: Don Bastio|13/100|[from] item: Leftovers\n|upkeep\n|\n|t:|1745967563\n|switch|p1a: Don Hotwheels|Koraidon, L50, tera:Fire|53/100\n|-weather|SunnyDay|[from] ability: Orichalcum Pulse|[of] p1a: Don Hotwheels\n|-activate|p1a: Don Hotwheels|Orichalcum Pulse|[source]\n|turn|7\n|\n|t:|1745967572\n|-terastallize|p2b: Landorus|Water\n|move|p1a: Don Hotwheels|Flare Blitz|p2b: Landorus\n|-resisted|p2b: Landorus\n|-damage|p2b: Landorus|32/100\n|-damage|p1a: Don Hotwheels|28/100|[from] Recoil\n|move|p2b: Landorus|Earth Power|p1a: Don Hotwheels\n|-supereffective|p1a: Don Hotwheels\n|-damage|p1a: Don Hotwheels|0 fnt\n|faint|p1a: Don Hotwheels\n|move|p1b: Don Bastio|Foul Play|p2b: Landorus\n|-damage|p2b: Landorus|11/100\n|\n|-weather|SunnyDay|[upkeep]\n|-heal|p1b: Don Bastio|19/100|[from] item: Leftovers\n|upkeep\n|turn|8\n|\n|t:|1745967582\n|move|p2b: Landorus|Earth Power|p1b: Don Bastio\n|-supereffective|p1b: Don Bastio\n|-crit|p1b: Don Bastio\n|-damage|p1b: Don Bastio|0 fnt\n|faint|p1b: Don Bastio\n|\n|win|Chaoticfarmer\n||Mentalsyndrome is ready for game 2.\n||Chaoticfarmer is ready for game 2.\n|uhtml|next|Next: <a href=\"/battle-gen9vgc2025regibo3-2353553317\"><strong>Game 2 of 3</strong></a>\n|l| entei enthusiast\n", "uploadtime": 1745967827, "views": 6, "formatid": "gen9vgc2025regibo3", "rating": null, "private": 0, "password": null}