{"id": "gen9vgc2025regibo3-2354331457", "format": "[Gen 9] VGC 2025 Reg I (Bo3)", "players": ["canadadryafk", "Tzim14"], "log": "|j|\u2606canadadryafk\n|j|\u2606Tzim14\n|html|<table width=\"100%\"><tr><td align=\"left\">canadadryafk</td><td align=\"right\">Tzim14</tr><tr><td align=\"left\"><i class=\"fa fa-circle-o\"></i> <i class=\"fa fa-circle-o\"></i> </td><td align=\"right\"><i class=\"fa fa-circle-o\"></i> <i class=\"fa fa-circle-o\"></i> </tr></table>\n|uhtml|bestof|<h2><strong>Game 1</strong> of <a href=\"/game-bestof3-gen9vgc2025regibo3-2354331456\">a best-of-3</a></h2>\n|t:|1746058291\n|gametype|doubles\n|player|p1|canadadryafk|102|1112\n|player|p2|Tzim14|phoebe-masters|1153\n|teamsize|p1|6\n|teamsize|p2|6\n|gen|9\n|tier|[Gen 9] VGC 2025 Reg I (Bo3)\n|rated|\n|rule|Species Clause: Limit one of each Pok\u00e9mon\n|rule|Item Clause: Limit 1 of each item\n|clearpoke\n|poke|p1|Zamazenta-*, L50|\n|poke|p1|Miraidon, L50|\n|poke|p1|Farigiraf, L50, M|\n|poke|p1|Iron Bundle, L50|\n|poke|p1|Incineroar, L50, F|\n|poke|p1|Ursaluna, L50, F|\n|poke|p2|Calyrex-Shadow, L50|\n|poke|p2|Koraidon, L50|\n|poke|p2|Incineroar, L50, M|\n|poke|p2|Raging Bolt, L50|\n|poke|p2|Scream Tail, L50|\n|poke|p2|Ogerpon-Cornerstone, L50, F|\n|teampreview|4\n|showteam|p1|Zamazenta-Crowned||RustedShield|DauntlessShield|BodyPress,HeavySlam,WideGuard,Protect||||||50|,,,,,Dragon]Miraidon||ChoiceSpecs|HadronEngine|ElectroDrift,DracoMeteor,VoltSwitch,DazzlingGleam||||||50|,,,,,Fairy]Farigiraf||ElectricSeed|ArmorTail|Psychic,FoulPlay,HelpingHand,TrickRoom|||M|||50|,,,,,Water]Iron Bundle||FocusSash|QuarkDrive|IcyWind,FreezeDry,Encore,Protect||||||50|,,,,,Ghost]Incineroar||AssaultVest|Intimidate|KnockOff,FlareBlitz,Uturn,FakeOut|||F|||50|,,,,,Bug]Ursaluna||FlameOrb|Guts|Facade,HeadlongRush,Substitute,Protect|||F|||50|,,,,,Poison\n|showteam|p2|Calyrex-Shadow||FocusSash|AsOneSpectrier|AstralBarrage,Psychic,PollenPuff,Protect||||||50|,,,,,Normal]Koraidon||LifeOrb|OrichalcumPulse|CollisionCourse,FlareBlitz,Protect,FlameCharge||||||50|,,,,,Fire]Incineroar||SitrusBerry|Intimidate|FakeOut,KnockOff,WillOWisp,FlareBlitz|||M|||50|,,,,,Ghost]Raging Bolt||AssaultVest|Protosynthesis|Snarl,Thunderclap,DracoMeteor,Thunderbolt||||||50|,,,,,Fairy]Scream Tail||BoosterEnergy|Protosynthesis|Encore,Protect,DazzlingGleam,ThunderWave||||||50|,,,,,Water]Ogerpon-Cornerstone||CornerstoneMask|Sturdy|IvyCudgel,FollowMe,WoodHammer,SpikyShield|||F|||50|,,,,,Rock\n|inactive|Battle timer is ON: inactive players will automatically lose when time's up. (requested by canadadryafk)\n|inactive|canadadryafk has 60 seconds left.\n|inactive|Tzim14 has 60 seconds left.\n|inactive|canadadryafk has 30 seconds left.\n|\n|t:|1746058355\n|start\n|switch|p1a: Incineroar|Incineroar, L50, F|100/100\n|switch|p1b: Farigiraf|Farigiraf, L50, M|100/100\n|switch|p2a: Koraidon|Koraidon, L50|100/100\n|switch|p2b: Raging Bolt|Raging Bolt, L50|100/100\n|-weather|SunnyDay|[from] ability: Orichalcum Pulse|[of] p2a: Koraidon\n|-activate|p2b: Raging Bolt|ability: Protosynthesis\n|-start|p2b: Raging Bolt|protosynthesisspa\n|-activate|p2a: Koraidon|Orichalcum Pulse|[source]\n|-ability|p1a: Incineroar|Intimidate|boost\n|-unboost|p2a: Koraidon|atk|1\n|-unboost|p2b: Raging Bolt|atk|1\n|turn|1\n|inactive|canadadryafk has 30 seconds left.\n|inactive|Tzim14 has 30 seconds left.\n|inactive|Tzim14 has 20 seconds left.\n|\n|t:|1746058390\n|move|p1a: Incineroar|Fake Out|p2a: Koraidon\n|-damage|p2a: Koraidon|88/100\n|cant|p2a: Koraidon|flinch\n|move|p2b: Raging Bolt|Draco Meteor|p1a: Incineroar\n|-damage|p1a: Incineroar|41/100\n|-unboost|p2b: Raging Bolt|spa|2\n|move|p1b: Farigiraf|Trick Room|p1b: Farigiraf\n|-fieldstart|move: Trick Room|[of] p1b: Farigiraf\n|\n|-weather|SunnyDay|[upkeep]\n|upkeep\n|turn|2\n|\n|t:|1746058412\n|move|p2a: Koraidon|Protect|p2a: Koraidon\n|-singleturn|p2a: Koraidon|Protect\n|move|p1b: Farigiraf|Foul Play|p2a: Koraidon\n|-activate|p2a: Koraidon|move: Protect\n|move|p1a: Incineroar|Knock Off|p2a: Koraidon\n|-activate|p2a: Koraidon|move: Protect\n|move|p2b: Raging Bolt|Snarl|p1a: Incineroar|[spread] p1a,p1b\n|-resisted|p1a: Incineroar\n|-supereffective|p1b: Farigiraf\n|-damage|p1a: Incineroar|38/100\n|-damage|p1b: Farigiraf|81/100\n|-unboost|p1a: Incineroar|spa|1\n|-unboost|p1b: Farigiraf|spa|1\n|\n|-weather|SunnyDay|[upkeep]\n|upkeep\n|turn|3\n|inactive|canadadryafk has 30 seconds left.\n|inactive|Tzim14 has 30 seconds left.\n|inactive|Tzim14 has 20 seconds left.\n|\n|t:|1746058451\n|switch|p2a: Incineroar|Incineroar, L50, M|100/100\n|-ability|p2a: Incineroar|Intimidate|boost\n|-unboost|p1a: Incineroar|atk|1\n|-unboost|p1b: Farigiraf|atk|1\n|move|p1b: Farigiraf|Foul Play|p2a: Incineroar\n|-resisted|p2a: Incineroar\n|-damage|p2a: Incineroar|91/100\n|move|p1a: Incineroar|Flare Blitz|p2a: Incineroar\n|-resisted|p2a: Incineroar\n|-damage|p2a: Incineroar|71/100\n|-damage|p1a: Incineroar|32/100|[from] Recoil\n|move|p2b: Raging Bolt|Thunderbolt|p1b: Farigiraf\n|-damage|p1b: Farigiraf|50/100\n|\n|-weather|SunnyDay|[upkeep]\n|upkeep\n|turn|4\n|inactive|canadadryafk has 30 seconds left.\n|\n|t:|1746058479\n|-end|p2b: Raging Bolt|Protosynthesis|[silent]\n|switch|p2b: Koraidon|Koraidon, L50|88/100\n|-activate|p2b: Koraidon|ability: Orichalcum Pulse\n|move|p1b: Farigiraf|Psychic|p2b: Koraidon\n|-supereffective|p2b: Koraidon\n|-damage|p2b: Koraidon|42/100\n|move|p2a: Incineroar|Knock Off|p1b: Farigiraf\n|-supereffective|p1b: Farigiraf\n|-damage|p1b: Farigiraf|0 fnt\n|-enditem|p1b: Farigiraf|Electric Seed|[from] move: Knock Off|[of] p2a: Incineroar\n|faint|p1b: Farigiraf\n|move|p1a: Incineroar|U-turn|p2a: Incineroar\n|-damage|p2a: Incineroar|60/100\n|\n|t:|1746058493\n|switch|p1a: Ursaluna|Ursaluna, L50, F|100/100|[from] U-turn\n|\n|-weather|SunnyDay|[upkeep]\n|-status|p1a: Ursaluna|brn|[from] item: Flame Orb\n|upkeep\n|\n|t:|1746058499\n|switch|p1b: Incineroar|Incineroar, L50, F|32/100\n|-ability|p1b: Incineroar|Intimidate|boost\n|-unboost|p2a: Incineroar|atk|1\n|-unboost|p2b: Koraidon|atk|1\n|turn|5\n|inactive|Tzim14 has 30 seconds left.\n|inactive|Tzim14 has 20 seconds left.\n|inactive|Tzim14 has 15 seconds left.\n|inactive|Tzim14 has 10 seconds left.\n|\n|t:|1746058548\n|move|p2b: Koraidon|Protect|p2b: Koraidon\n|-singleturn|p2b: Koraidon|Protect\n|move|p1a: Ursaluna|Substitute|p1a: Ursaluna\n|-start|p1a: Ursaluna|Substitute\n|-damage|p1a: Ursaluna|76/100 brn\n|move|p2a: Incineroar|Knock Off|p1a: Ursaluna\n|-activate|p1a: Ursaluna|move: Substitute|[damage]\n|move|p1b: Incineroar|U-turn|p2a: Incineroar\n|-damage|p2a: Incineroar|43/100\n|-enditem|p2a: Incineroar|Sitrus Berry|[eat]\n|-heal|p2a: Incineroar|68/100|[from] item: Sitrus Berry\n|\n|t:|1746058558\n|switch|p1b: Zamazenta|Zamazenta-Crowned, L50|100/100|[from] U-turn\n|-ability|p1b: Zamazenta|Dauntless Shield|boost\n|-boost|p1b: Zamazenta|def|1\n|\n|-weather|none\n|-damage|p1a: Ursaluna|70/100 brn|[from] brn\n|-fieldend|move: Trick Room\n|upkeep\n|turn|6\n|inactive|canadadryafk has 30 seconds left.\n|\n|t:|1746058593\n|-terastallize|p2a: Incineroar|Ghost\n|move|p1a: Ursaluna|Protect|p1a: Ursaluna\n|-singleturn|p1a: Ursaluna|Protect\n|move|p2b: Koraidon|Flame Charge|p1a: Ursaluna\n|-activate|p1a: Ursaluna|move: Protect\n|move|p1b: Zamazenta|Body Press|p2a: Incineroar\n|-immune|p2a: Incineroar\n|move|p2a: Incineroar|Will-O-Wisp|p1b: Zamazenta|[miss]\n|-miss|p2a: Incineroar|p1b: Zamazenta\n|\n|-damage|p1a: Ursaluna|64/100 brn|[from] brn\n|upkeep\n|turn|7\n|\n|t:|1746058614\n|switch|p1b: Incineroar|Incineroar, L50, F|32/100\n|-ability|p1b: Incineroar|Intimidate|boost\n|-unboost|p2a: Incineroar|atk|1\n|-unboost|p2b: Koraidon|atk|1\n|move|p2b: Koraidon|Collision Course|p1a: Ursaluna\n|-supereffective|p1a: Ursaluna\n|-end|p1a: Ursaluna|Substitute\n|-damage|p2b: Koraidon|32/100|[from] item: Life Orb\n|move|p2a: Incineroar|Flare Blitz|p1a: Ursaluna\n|-damage|p1a: Ursaluna|47/100 brn\n|-damage|p2a: Incineroar|61/100|[from] Recoil\n|move|p1a: Ursaluna|Facade|p2b: Koraidon\n|-damage|p2b: Koraidon|0 fnt\n|faint|p2b: Koraidon\n|\n|-damage|p1a: Ursaluna|41/100 brn|[from] brn\n|upkeep\n|\n|t:|1746058621\n|switch|p2b: Calyrex|Calyrex-Shadow, L50|100/100\n|-ability|p2b: Calyrex|As One\n|-ability|p2b: Calyrex|Unnerve\n|turn|8\n|\n|t:|1746058644\n|switch|p2a: Raging Bolt|Raging Bolt, L50|100/100\n|move|p2b: Calyrex|Psychic|p1a: Ursaluna\n|-damage|p1a: Ursaluna|0 fnt\n|faint|p1a: Ursaluna\n|-ability|p2b: Calyrex|Grim Neigh|boost\n|-boost|p2b: Calyrex|spa|1\n|move|p1b: Incineroar|Knock Off|p2b: Calyrex\n|-supereffective|p2b: Calyrex\n|-enditem|p2b: Calyrex|Focus Sash\n|-damage|p2b: Calyrex|1/100\n|\n|upkeep\n|\n|t:|1746058654\n|switch|p1a: Zamazenta|Zamazenta-Crowned, L50|100/100\n|turn|9\n|inactive|canadadryafk has 30 seconds left.\n|\n|t:|1746058679\n|move|p1a: Zamazenta|Protect|p1a: Zamazenta\n|-singleturn|p1a: Zamazenta|Protect\n|move|p2b: Calyrex|Astral Barrage|p1b: Incineroar|[spread] p1b\n|-activate|p1a: Zamazenta|move: Protect\n|-resisted|p1b: Incineroar\n|-damage|p1b: Incineroar|7/100\n|move|p2a: Raging Bolt|Draco Meteor|p1a: Zamazenta\n|-activate|p1a: Zamazenta|move: Protect\n|move|p1b: Incineroar|U-turn|p2b: Calyrex\n|-damage|p2b: Calyrex|0 fnt\n|faint|p2b: Calyrex\n|\n|upkeep\n|\n|t:|1746058692\n|switch|p2b: Incineroar|Incineroar, L50, M, tera:Ghost|61/100\n|-ability|p2b: Incineroar|Intimidate|boost\n|-unboost|p1a: Zamazenta|atk|1\n|-unboost|p1b: Incineroar|atk|1\n|turn|10\n|\n|t:|1746058708\n|move|p2b: Incineroar|Fake Out|p1b: Incineroar\n|-damage|p1b: Incineroar|0 fnt\n|faint|p1b: Incineroar\n|move|p1a: Zamazenta|Body Press|p2a: Raging Bolt\n|-damage|p2a: Raging Bolt|61/100\n|move|p2a: Raging Bolt|Thunderbolt|p1a: Zamazenta\n|-damage|p1a: Zamazenta|67/100\n|\n|upkeep\n|turn|11\n|inactive|canadadryafk has 30 seconds left.\n|\n|t:|1746058734\n|move|p1a: Zamazenta|Heavy Slam|p2b: Incineroar\n|-damage|p2b: Incineroar|37/100\n|move|p2a: Raging Bolt|Draco Meteor|p1a: Zamazenta\n|-resisted|p1a: Zamazenta\n|-damage|p1a: Zamazenta|41/100\n|-unboost|p2a: Raging Bolt|spa|2\n|move|p2b: Incineroar|Flare Blitz|p1a: Zamazenta\n|-supereffective|p1a: Zamazenta\n|-damage|p1a: Zamazenta|0 fnt\n|faint|p1a: Zamazenta\n|-damage|p2b: Incineroar|25/100|[from] Recoil\n|\n|win|Tzim14\n|inactive|canadadryafk has 30 seconds to confirm battle start!\n|inactive|Tzim14 has 30 seconds to confirm battle start!\n||Tzim14 is ready for game 2.\n", "uploadtime": 1746058747, "views": 7, "formatid": "gen9vgc2025regibo3", "rating": null, "private": 0, "password": null}