{"id": "gen9vgc2025regibo3-2355145684", "format": "[Gen 9] VGC 2025 Reg I (Bo3)", "players": ["Most Bread", "Lord_of_Ewoks"], "log": "|j|\u2606Most Bread\n|j|\u2606Lord_of_Ewoks\n|html|<table width=\"100%\"><tr><td align=\"left\">Most Bread</td><td align=\"right\">Lord_of_Ewoks</tr><tr><td align=\"left\"><i class=\"fa fa-circle-o\"></i> <i class=\"fa fa-circle-o\"></i> </td><td align=\"right\"><i class=\"fa fa-circle-o\"></i> <i class=\"fa fa-circle-o\"></i> </tr></table>\n|uhtml|bestof|<h2><strong>Game 1</strong> of <a href=\"/game-bestof3-gen9vgc2025regibo3-2355145683\">a best-of-3</a></h2>\n|t:|1746158451\n|gametype|doubles\n|player|p1|Most Bread|baker|1169\n|player|p2|Lord_of_Ewoks|169|1130\n|teamsize|p1|6\n|teamsize|p2|6\n|gen|9\n|tier|[Gen 9] VGC 2025 Reg I (Bo3)\n|rated|\n|rule|Species Clause: Limit one of each Pok\u00e9mon\n|rule|Item Clause: Limit 1 of each item\n|clearpoke\n|poke|p1|Zamazenta-*, L50|\n|poke|p1|Calyrex-Shadow, L50|\n|poke|p1|Whimsicott, L50, M|\n|poke|p1|Ditto, L50|\n|poke|p1|Grimmsnarl, L50, M|\n|poke|p1|Farigiraf, L50, F|\n|poke|p2|Chien-Pao, L50|\n|poke|p2|Kyogre, L50|\n|poke|p2|Zamazenta-*, L50|\n|poke|p2|Tornadus, L50, M|\n|poke|p2|Incineroar, L50, M|\n|poke|p2|Rillaboom, L50, M|\n|teampreview|4\n|showteam|p1|Zamazenta-Crowned||RustedShield|DauntlessShield|BodyPress,behemothbash,WideGuard,Protect||||||50|,,,,,Dragon]Calyrex-Shadow||LifeOrb|AsOneSpectrier|AstralBarrage,Protect,Psyshock,ShadowBall||||||50|,,,,,Ghost]Whimsicott||CovertCloak|Prankster|Tailwind,HelpingHand,Encore,Moonblast|||M|||50|,,,,,Dark]Ditto||FocusSash|Imposter|Transform||||||50|,,,,,Stellar]Grimmsnarl||LightClay|Prankster|Reflect,LightScreen,SuckerPunch,SpiritBreak|||M|||50|,,,,,Steel]Farigiraf||SitrusBerry|ArmorTail|FoulPlay,Protect,TrickRoom,Imprison|||F|||50|,,,,,Water\n|showteam|p2|Chien-Pao||FocusSash|SwordofRuin|IcicleCrash,SuckerPunch,ThroatChop,Protect||||||50|,,,,,Ghost]Kyogre||MysticWater|Drizzle|WaterSpout,OriginPulse,IceBeam,Protect||||||50|,,,,,Grass]Zamazenta-Crowned||RustedShield|DauntlessShield|BodyPress,HeavySlam,WideGuard,Protect||||||50|,,,,,Dragon]Tornadus||CovertCloak|Prankster|BleakwindStorm,Taunt,RainDance,Tailwind|||M|||50|,,,,,Dark]Incineroar||SafetyGoggles|Intimidate|FakeOut,WillOWisp,KnockOff,PartingShot|||M|||50|,,,,,Water]Rillaboom||AssaultVest|GrassySurge|GrassyGlide,WoodHammer,Uturn,FakeOut|||M|||50|,,,,,Fire\n|inactive|Battle timer is ON: inactive players will automatically lose when time's up. (requested by Lord_of_Ewoks)\n|\n|t:|1746158500\n|start\n|switch|p1a: Grimmsnarl|Grimmsnarl, L50, M|100/100\n|switch|p1b: Zamazenta|Zamazenta-Crowned, L50|100/100\n|switch|p2a: Incineroar|Incineroar, L50, M|100/100\n|switch|p2b: Tornadus|Tornadus, L50, M|100/100\n|-ability|p1b: Zamazenta|Dauntless Shield|boost\n|-boost|p1b: Zamazenta|def|1\n|-ability|p2a: Incineroar|Intimidate|boost\n|-unboost|p1a: Grimmsnarl|atk|1\n|-unboost|p1b: Zamazenta|atk|1\n|turn|1\n|\n|t:|1746158520\n|move|p2a: Incineroar|Fake Out|p1b: Zamazenta\n|-resisted|p1b: Zamazenta\n|-damage|p1b: Zamazenta|99/100\n|move|p2b: Tornadus|Tailwind|p2b: Tornadus\n|-sidestart|p2: Lord_of_Ewoks|move: Tailwind\n|move|p1a: Grimmsnarl|Reflect|p1a: Grimmsnarl\n|-sidestart|p1: Most Bread|Reflect\n|cant|p1b: Zamazenta|flinch\n|\n|upkeep\n|turn|2\n|inactive|Lord_of_Ewoks has 30 seconds left.\n|\n|t:|1746158550\n|switch|p2b: Kyogre|Kyogre, L50|100/100\n|-weather|RainDance|[from] ability: Drizzle|[of] p2b: Kyogre\n|-terastallize|p2a: Incineroar|Water\n|move|p1a: Grimmsnarl|Light Screen|p1a: Grimmsnarl\n|-sidestart|p1: Most Bread|move: Light Screen\n|move|p2a: Incineroar|Will-O-Wisp|p1b: Zamazenta|[miss]\n|-miss|p2a: Incineroar|p1b: Zamazenta\n|move|p1b: Zamazenta|Body Press|p2a: Incineroar\n|-damage|p2a: Incineroar|36/100\n|\n|-weather|RainDance|[upkeep]\n|upkeep\n|turn|3\n|\n|t:|1746158574\n|move|p2b: Kyogre|Protect|p2b: Kyogre\n|-singleturn|p2b: Kyogre|Protect\n|move|p1b: Zamazenta|Wide Guard|p1b: Zamazenta\n|-singleturn|p1b: Zamazenta|Wide Guard\n|move|p2a: Incineroar|Parting Shot|p1b: Zamazenta\n|-unboost|p1b: Zamazenta|atk|1\n|-unboost|p1b: Zamazenta|spa|1\n|\n|t:|1746158581\n|switch|p2a: Tornadus|Tornadus, L50, M|100/100|[from] Parting Shot\n|move|p1a: Grimmsnarl|Spirit Break|p2b: Kyogre\n|-activate|p2b: Kyogre|move: Protect\n|\n|-weather|RainDance|[upkeep]\n|upkeep\n|turn|4\n|\n|t:|1746158594\n|move|p1b: Zamazenta|Wide Guard|p1b: Zamazenta\n|-singleturn|p1b: Zamazenta|Wide Guard\n|move|p2a: Tornadus|Taunt|p1b: Zamazenta\n|-start|p1b: Zamazenta|move: Taunt\n|move|p2b: Kyogre|Water Spout|p1b: Zamazenta|[spread] \n|-activate|p1a: Grimmsnarl|move: Wide Guard\n|-activate|p1b: Zamazenta|move: Wide Guard\n|move|p1a: Grimmsnarl|Spirit Break|p2b: Kyogre\n|-damage|p2b: Kyogre|83/100\n|-unboost|p2b: Kyogre|spa|1\n|\n|-weather|RainDance|[upkeep]\n|-sideend|p2: Lord_of_Ewoks|move: Tailwind\n|upkeep\n|turn|5\n|inactive|Most Bread has 30 seconds left.\n|\n|t:|1746158620\n|switch|p2b: Incineroar|Incineroar, L50, M, tera:Water|36/100\n|-ability|p2b: Incineroar|Intimidate|boost\n|-unboost|p1a: Grimmsnarl|atk|1\n|-unboost|p1b: Zamazenta|atk|1\n|move|p2a: Tornadus|Tailwind|p2a: Tornadus\n|-sidestart|p2: Lord_of_Ewoks|move: Tailwind\n|move|p1b: Zamazenta|Body Press|p2b: Incineroar\n|-damage|p2b: Incineroar|0 fnt\n|faint|p2b: Incineroar\n|move|p1a: Grimmsnarl|Spirit Break|p2a: Tornadus\n|-damage|p2a: Tornadus|85/100\n|\n|-weather|RainDance|[upkeep]\n|upkeep\n|\n|t:|1746158631\n|switch|p2b: Kyogre|Kyogre, L50|83/100\n|turn|6\n|\n|t:|1746158649\n|-terastallize|p1b: Zamazenta|Dragon\n|move|p2a: Tornadus|Bleakwind Storm|p1a: Grimmsnarl|[spread] p1a,p1b\n|-damage|p1a: Grimmsnarl|82/100\n|-damage|p1b: Zamazenta|83/100\n|-unboost|p1b: Zamazenta|spe|1\n|move|p2b: Kyogre|Water Spout|p1b: Zamazenta|[spread] p1a,p1b\n|-resisted|p1b: Zamazenta\n|-damage|p1a: Grimmsnarl|26/100\n|-damage|p1b: Zamazenta|56/100\n|move|p1b: Zamazenta|Body Press|p2b: Kyogre\n|-damage|p2b: Kyogre|20/100\n|move|p1a: Grimmsnarl|Spirit Break|p2b: Kyogre\n|-damage|p2b: Kyogre|4/100\n|-unboost|p2b: Kyogre|spa|1\n|\n|-weather|none\n|upkeep\n|turn|7\n|inactive|Most Bread has 30 seconds left.\n|inactive|Lord_of_Ewoks has 30 seconds left.\n|\n|t:|1746158683\n|switch|p1b: Whimsicott|Whimsicott, L50, M, shiny|100/100\n|move|p2a: Tornadus|Taunt|p1b: Whimsicott\n|-start|p1b: Whimsicott|move: Taunt\n|move|p1a: Grimmsnarl|Sucker Punch|p2b: Kyogre\n|-damage|p2b: Kyogre|0 fnt\n|faint|p2b: Kyogre\n|\n|upkeep\n|\n|t:|1746158690\n|switch|p2b: Chien-Pao|Chien-Pao, L50|100/100\n|-ability|p2b: Chien-Pao|Sword of Ruin\n|turn|8\n|\n|t:|1746158715\n|move|p2b: Chien-Pao|Protect|p2b: Chien-Pao\n|-singleturn|p2b: Chien-Pao|Protect\n|move|p2a: Tornadus|Bleakwind Storm|p1a: Grimmsnarl|[spread] p1a,p1b\n|-supereffective|p1b: Whimsicott\n|-damage|p1a: Grimmsnarl|8/100\n|-damage|p1b: Whimsicott|34/100\n|-unboost|p1a: Grimmsnarl|spe|1\n|move|p1b: Whimsicott|Moonblast|p2b: Chien-Pao\n|-activate|p2b: Chien-Pao|move: Protect\n|move|p1a: Grimmsnarl|Spirit Break|p2b: Chien-Pao\n|-activate|p2b: Chien-Pao|move: Protect\n|\n|-sideend|p1: Most Bread|Reflect\n|-sideend|p2: Lord_of_Ewoks|move: Tailwind\n|upkeep\n|turn|9\n|inactive|Lord_of_Ewoks has 30 seconds left.\n|\n|t:|1746158742\n|move|p2b: Chien-Pao|Sucker Punch|p1b: Whimsicott\n|-resisted|p1b: Whimsicott\n|-damage|p1b: Whimsicott|4/100\n|move|p1a: Grimmsnarl|Reflect|p1a: Grimmsnarl\n|-sidestart|p1: Most Bread|Reflect\n|move|p1b: Whimsicott|Moonblast|p2b: Chien-Pao\n|-supereffective|p2b: Chien-Pao\n|-enditem|p2b: Chien-Pao|Focus Sash\n|-damage|p2b: Chien-Pao|1/100\n|move|p2a: Tornadus|Bleakwind Storm|p1a: Grimmsnarl|[spread] p1a,p1b\n|-supereffective|p1b: Whimsicott\n|-damage|p1a: Grimmsnarl|0 fnt\n|-damage|p1b: Whimsicott|0 fnt\n|faint|p1a: Grimmsnarl\n|faint|p1b: Whimsicott\n|\n|-sideend|p1: Most Bread|move: Light Screen\n|upkeep\n|\n|t:|1746158755\n|switch|p1b: Calyrex|Calyrex-Shadow, L50|100/100\n|switch|p1a: Zamazenta|Zamazenta-Crowned, L50, tera:Dragon|56/100\n|-ability|p1b: Calyrex|As One\n|-ability|p1b: Calyrex|Unnerve\n|turn|10\n|\n|t:|1746158779\n|move|p1b: Calyrex|Protect|p1b: Calyrex\n|-singleturn|p1b: Calyrex|Protect\n|move|p2b: Chien-Pao|Protect|p2b: Chien-Pao\n|-singleturn|p2b: Chien-Pao|Protect\n|move|p2a: Tornadus|Tailwind|p2a: Tornadus\n|-sidestart|p2: Lord_of_Ewoks|move: Tailwind\n|move|p1a: Zamazenta|Body Press|p2b: Chien-Pao\n|-activate|p2b: Chien-Pao|move: Protect\n|\n|upkeep\n|turn|11\n|\n|t:|1746158792\n|move|p2b: Chien-Pao|Throat Chop|p1b: Calyrex\n|-supereffective|p1b: Calyrex\n|-damage|p1b: Calyrex|0 fnt\n|faint|p1b: Calyrex\n|move|p2a: Tornadus|Bleakwind Storm|p1a: Zamazenta\n|-damage|p1a: Zamazenta|19/100\n|move|p1a: Zamazenta|Behemoth Bash|p2b: Chien-Pao\n|-supereffective|p2b: Chien-Pao\n|-damage|p2b: Chien-Pao|0 fnt\n|faint|p2b: Chien-Pao\n|\n|upkeep\n|turn|12\n|\n|t:|1746158805\n|move|p1a: Zamazenta|Wide Guard|p1a: Zamazenta\n|-singleturn|p1a: Zamazenta|Wide Guard\n|move|p2a: Tornadus|Bleakwind Storm|p1a: Zamazenta\n|-activate|p1a: Zamazenta|move: Wide Guard\n|\n|upkeep\n|turn|13\n|\n|t:|1746158812\n|move|p2a: Tornadus|Bleakwind Storm|p1a: Zamazenta\n|-damage|p1a: Zamazenta|0 fnt\n|faint|p1a: Zamazenta\n|\n|win|Lord_of_Ewoks\n||Lord_of_Ewoks is ready for game 2.\n||Most Bread is ready for game 2.\n|uhtml|next|Next: <a href=\"/battle-gen9vgc2025regibo3-2355148205\"><strong>Game 2 of 3</strong></a>\n", "uploadtime": 1746159140, "views": 0, "formatid": "gen9vgc2025regibo3", "rating": null, "private": 0, "password": null}