{"id": "gen9vgc2025regibo3-2353705796", "format": "[Gen 9] VGC 2025 Reg I (Bo3)", "players": ["oatey99", "sebtct"], "log": "|j|\u2606oatey99\n|j|\u2606sebtct\n|html|<table width=\"100%\"><tr><td align=\"left\">oatey99</td><td align=\"right\">sebtct</tr><tr><td align=\"left\"><i class=\"fa fa-circle-o\"></i> <i class=\"fa fa-circle-o\"></i> </td><td align=\"right\"><i class=\"fa fa-circle-o\"></i> <i class=\"fa fa-circle\"></i> </tr></table>\n|uhtml|bestof|<h2><strong>Game 2</strong> of <a href=\"/game-bestof3-gen9vgc2025regibo3-2353704440\">a best-of-3</a></h2>\n|t:|1745986222\n|gametype|doubles\n|player|p1|oatey99|birdkeeper-gen4dp|1142\n|player|p2|sebtct|1|1216\n|teamsize|p1|6\n|teamsize|p2|6\n|gen|9\n|tier|[Gen 9] VGC 2025 Reg I (Bo3)\n|rated|\n|rule|Species Clause: Limit one of each Pok\u00e9mon\n|rule|Item Clause: Limit 1 of each item\n|clearpoke\n|poke|p1|Terapagos, L50, M|\n|poke|p1|Lunala, L50|\n|poke|p1|Incineroar, L50, F|\n|poke|p1|Rillaboom, L50, M|\n|poke|p1|Ogerpon-Wellspring, L50, F|\n|poke|p1|Ursaluna, L50, F|\n|poke|p2|Calyrex-Shadow, L50|\n|poke|p2|Koraidon, L50|\n|poke|p2|Chi-Yu, L50|\n|poke|p2|Raging Bolt, L50|\n|poke|p2|Indeedee-F, L50, F|\n|poke|p2|Whimsicott, L50, M|\n|teampreview|4\n|showteam|p1|Terapagos||Leftovers|TeraShift|TeraStarstorm,EarthPower,CalmMind,Protect|||M|||50|,,,,,Stellar]Lunala||PowerHerb|ShadowShield|MoongeistBeam,MeteorBeam,Moonblast,TrickRoom||||||50|,,,,,Fairy]Incineroar||RockyHelmet|Intimidate|KnockOff,WillOWisp,PartingShot,FakeOut|||F|||50|,,,,,Ghost]Rillaboom||AssaultVest|GrassySurge|DrumBeating,Uturn,GrassyGlide,FakeOut|||M|||50|,,,,,Fire]Ogerpon-Wellspring||WellspringMask|WaterAbsorb|IvyCudgel,Taunt,FollowMe,SpikyShield|||F|||50|,,,,,Water]Ursaluna||FlameOrb|Guts|Facade,HeadlongRush,ThroatChop,Protect|||F|||50|,,,,,Ghost\n|showteam|p2|Calyrex-Shadow||FocusSash|AsOneSpectrier|AstralBarrage,Imprison,Psychic,Protect||||||50|,,,,,Dark]Koraidon||LifeOrb|OrichalcumPulse|FlareBlitz,FlameCharge,CloseCombat,Protect||||||50|,,,,,Fire]Chi-Yu||ChoiceScarf|BeadsofRuin|HeatWave,Overheat,DarkPulse,Snarl||||||50|,,,,,Ghost]Raging Bolt||AssaultVest|Protosynthesis|Thunderclap,Thunderbolt,DracoMeteor,Electroweb||||||50|,,,,,Fairy]Indeedee-F||SafetyGoggles|PsychicSurge|DazzlingGleam,FollowMe,HelpingHand,TrickRoom|||F|||50|,,,,,Water]Whimsicott||CovertCloak|Prankster|Moonblast,Encore,Tailwind,SunnyDay|||M|||50|,,,,,Dark\n|inactive|Battle timer is ON: inactive players will automatically lose when time's up. (requested by oatey99)\n|\n|t:|1745986242\n|start\n|switch|p1a: Incineroar|Incineroar, L50, F|100/100\n|switch|p1b: Terapagos|Terapagos, L50, M|100/100\n|switch|p2a: Calyrex|Calyrex-Shadow, L50|100/100\n|switch|p2b: Chi-Yu|Chi-Yu, L50|100/100\n|-activate|p1b: Terapagos|ability: Tera Shift\n|detailschange|p1b: Terapagos|Terapagos-Terastal, L50, M\n|-heal|p1b: Terapagos|100/100|[silent]\n|-ability|p2a: Calyrex|As One\n|-ability|p2a: Calyrex|Unnerve\n|-ability|p2b: Chi-Yu|Beads of Ruin\n|-ability|p1a: Incineroar|Intimidate|boost\n|-unboost|p2a: Calyrex|atk|1\n|-unboost|p2b: Chi-Yu|atk|1\n|turn|1\n|inactive|oatey99 has 30 seconds left.\n|inactive|sebtct has 30 seconds left.\n|\n|t:|1745986276\n|move|p1b: Terapagos|Protect|p1b: Terapagos\n|-singleturn|p1b: Terapagos|Protect\n|move|p2b: Chi-Yu|Heat Wave|p1a: Incineroar|[spread] p1a\n|-activate|p1b: Terapagos|move: Protect\n|-resisted|p1a: Incineroar\n|-damage|p1a: Incineroar|77/100\n|move|p2a: Calyrex|Psychic|p1b: Terapagos\n|-activate|p1b: Terapagos|move: Protect\n|move|p1a: Incineroar|Knock Off|p2a: Calyrex\n|-supereffective|p2a: Calyrex\n|-enditem|p2a: Calyrex|Focus Sash\n|-damage|p2a: Calyrex|1/100\n|\n|upkeep\n|turn|2\n|\n|t:|1745986296\n|move|p2a: Calyrex|Protect|p2a: Calyrex\n|-singleturn|p2a: Calyrex|Protect\n|move|p2b: Chi-Yu|Heat Wave|p1b: Terapagos|[spread] p1a,p1b\n|-resisted|p1a: Incineroar\n|-activate|p1b: Terapagos|ability: Tera Shell\n|-resisted|p1b: Terapagos\n|-damage|p1a: Incineroar|53/100\n|-damage|p1b: Terapagos|79/100\n|move|p1b: Terapagos|Calm Mind|p1b: Terapagos\n|-boost|p1b: Terapagos|spa|1\n|-boost|p1b: Terapagos|spd|1\n|move|p1a: Incineroar|Knock Off|p2b: Chi-Yu\n|-resisted|p2b: Chi-Yu\n|-damage|p2b: Chi-Yu|71/100\n|-enditem|p2b: Chi-Yu|Choice Scarf|[from] move: Knock Off|[of] p1a: Incineroar\n|\n|-heal|p1b: Terapagos|85/100|[from] item: Leftovers\n|upkeep\n|turn|3\n|\n|t:|1745986320\n|-terastallize|p1b: Terapagos|Stellar\n|detailschange|p1b: Terapagos|Terapagos-Stellar, L50, M, tera:Stellar\n|-heal|p1b: Terapagos|89/100|[silent]\n|move|p2a: Calyrex|Psychic|p1b: Terapagos\n|-damage|p1b: Terapagos|57/100\n|move|p2b: Chi-Yu|Heat Wave|p1a: Incineroar|[spread] p1a,p1b\n|-resisted|p1a: Incineroar\n|-damage|p1a: Incineroar|27/100\n|-damage|p1b: Terapagos|36/100\n|move|p1b: Terapagos|Tera Starstorm|p2a: Calyrex|[spread] p2a,p2b\n|-damage|p2a: Calyrex|0 fnt\n|-damage|p2b: Chi-Yu|10/100\n|faint|p2a: Calyrex\n|move|p1a: Incineroar|Knock Off|p2b: Chi-Yu\n|-resisted|p2b: Chi-Yu\n|-damage|p2b: Chi-Yu|0 fnt\n|faint|p2b: Chi-Yu\n|\n|-heal|p1b: Terapagos|43/100|[from] item: Leftovers\n|upkeep\n|\n|t:|1745986330\n|switch|p2a: Koraidon|Koraidon, L50|100/100\n|switch|p2b: Whimsicott|Whimsicott, L50, M|100/100\n|-weather|SunnyDay|[from] ability: Orichalcum Pulse|[of] p2a: Koraidon\n|-activate|p2a: Koraidon|Orichalcum Pulse|[source]\n|turn|4\n|inactive|oatey99 has 30 seconds left.\n|\n|t:|1745986357\n|move|p2a: Koraidon|Close Combat|p1b: Terapagos\n|-supereffective|p1b: Terapagos\n|-damage|p1b: Terapagos|0 fnt\n|-unboost|p2a: Koraidon|def|1\n|-unboost|p2a: Koraidon|spd|1\n|faint|p1b: Terapagos\n|-damage|p2a: Koraidon|91/100|[from] item: Life Orb\n|move|p2b: Whimsicott|Moonblast|p1a: Incineroar\n|-damage|p1a: Incineroar|0 fnt\n|faint|p1a: Incineroar\n|\n|-weather|SunnyDay|[upkeep]\n|upkeep\n|\n|t:|1745986371\n|switch|p1a: Lunala|Lunala, L50|100/100\n|switch|p1b: Rillaboom|Rillaboom, L50, M|100/100\n|-fieldstart|move: Grassy Terrain|[from] ability: Grassy Surge|[of] p1b: Rillaboom\n|turn|5\n|\n|t:|1745986391\n|move|p2a: Koraidon|Protect|p2a: Koraidon\n|-singleturn|p2a: Koraidon|Protect\n|move|p1b: Rillaboom|Fake Out|p2a: Koraidon\n|-activate|p2a: Koraidon|move: Protect\n|move|p2b: Whimsicott|Moonblast|p1a: Lunala\n|-damage|p1a: Lunala|90/100\n|move|p1a: Lunala|Moongeist Beam|p2a: Koraidon\n|-activate|p2a: Koraidon|move: Protect\n|\n|-weather|SunnyDay|[upkeep]\n|-heal|p2a: Koraidon|97/100|[from] Grassy Terrain\n|-heal|p1a: Lunala|96/100|[from] Grassy Terrain\n|upkeep\n|turn|6\n|\n|t:|1745986414\n|-terastallize|p2a: Koraidon|Fire\n|move|p2b: Whimsicott|Encore|p1b: Rillaboom\n|-start|p1b: Rillaboom|Encore\n|move|p1b: Rillaboom|Fake Out||[still]\n|-hint|Fake Out only works on your first turn out.\n|-fail|p1b: Rillaboom\n|move|p2a: Koraidon|Flare Blitz|p1a: Lunala\n|-damage|p1a: Lunala|0 fnt\n|faint|p1a: Lunala\n|-damage|p2a: Koraidon|54/100|[from] Recoil\n|-damage|p2a: Koraidon|44/100|[from] item: Life Orb\n|\n|-weather|SunnyDay|[upkeep]\n|-heal|p2a: Koraidon|50/100|[from] Grassy Terrain\n|upkeep\n|turn|7\n|-message|oatey99 forfeited.\n|\n|win|sebtct\n|raw|oatey99's rating: 1142 &rarr; <strong>1122</strong><br />(-20 for losing)\n|raw|sebtct's rating: 1216 &rarr; <strong>1236</strong><br />(+20 for winning)\n|l|\u2606oatey99\n|player|p1|\n|l|\u2606sebtct\n|player|p2|\n", "uploadtime": 1745986722, "views": 6, "formatid": "gen9vgc2025regibo3", "rating": 1122, "private": 0, "password": null}