{"id": "gen9vgc2025regibo3-2354473524", "format": "[Gen 9] VGC 2025 Reg I (Bo3)", "players": ["Leezh", "YantoVGC"], "log": "|j|\u2606Leezh\n|j|\u2606YantoVGC\n|html|<table width=\"100%\"><tr><td align=\"left\">Leezh</td><td align=\"right\">YantoVGC</tr><tr><td align=\"left\"><i class=\"fa fa-circle-o\"></i> <i class=\"fa fa-circle-o\"></i> </td><td align=\"right\"><i class=\"fa fa-circle-o\"></i> <i class=\"fa fa-circle\"></i> </tr></table>\n|uhtml|bestof|<h2><strong>Game 2</strong> of <a href=\"/game-bestof3-gen9vgc2025regibo3-2354471803\">a best-of-3</a></h2>\n|t:|1746077338\n|gametype|doubles\n|player|p1|Leezh|1|1117\n|player|p2|YantoVGC|wallace|1116\n|teamsize|p1|6\n|teamsize|p2|6\n|gen|9\n|tier|[Gen 9] VGC 2025 Reg I (Bo3)\n|rated|\n|rule|Species Clause: Limit one of each Pok\u00e9mon\n|rule|Item Clause: Limit 1 of each item\n|clearpoke\n|poke|p1|Terapagos, L50, M|\n|poke|p1|Zamazenta-*, L50|\n|poke|p1|Urshifu-*, L50, M|\n|poke|p1|Pelipper, L50, F|\n|poke|p1|Amoonguss, L50, M|\n|poke|p1|Grimmsnarl, L50, M|\n|poke|p2|Zamazenta-*, L50|\n|poke|p2|Calyrex-Shadow, L50|\n|poke|p2|Tornadus, L50, M|\n|poke|p2|Urshifu-*, L50, F|\n|poke|p2|Rillaboom, L50, M|\n|poke|p2|Chien-Pao, L50|\n|teampreview|4\n|showteam|p1|Terapagos||Leftovers|TeraShift|Protect,CalmMind,TeraStarstorm,EarthPower|||M|||50|,,,,,Stellar]Zamazenta-Crowned||RustedShield|DauntlessShield|Protect,IronDefense,BodyPress,Snarl||||||50|,,,,,Dragon]Urshifu-Rapid-Strike||MysticWater|UnseenFist|Detect,SurgingStrikes,AquaJet,CloseCombat|||M|||50|,,,,,Water]Pelipper||SitrusBerry|Drizzle|Protect,Hurricane,WeatherBall,Tailwind|||F|||50|,,,,,Grass]Amoonguss||RockyHelmet|Regenerator|RagePowder,PollenPuff,Spore,Protect|||M|||50|,,,,,Water]Grimmsnarl||LightClay|Prankster|ThunderWave,LightScreen,Reflect,SpiritBreak|||M|||50|,,,,,Dragon\n|showteam|p2|Zamazenta-Crowned||RustedShield|DauntlessShield|BodyPress,HeavySlam,WideGuard,Protect||||||50|,,,,,Ghost]Calyrex-Shadow||FocusSash|AsOneSpectrier|AstralBarrage,Psychic,Encore,Protect||||||50|,,,,,Ghost]Tornadus||RockyHelmet|Prankster|BleakwindStorm,Tailwind,RainDance,Protect|||M|||50|,,,,,Dark]Urshifu-Rapid-Strike||MysticWater|UnseenFist|SurgingStrikes,CloseCombat,AquaJet,Detect|||F|||50|,,,,,Water]Rillaboom||AssaultVest|GrassySurge|WoodHammer,GrassyGlide,Uturn,FakeOut|||M|||50|,,,,,Fire]Chien-Pao||LifeOrb|SwordofRuin|SuckerPunch,IcicleCrash,IceShard,Protect||||||50|,,,,,Stellar\n|inactive|Battle timer is ON: inactive players will automatically lose when time's up. (requested by Leezh)\n|\n|t:|1746077356\n|start\n|switch|p1a: Grimmsnarl|Grimmsnarl, L50, M|100/100\n|switch|p1b: Amoonguss|Amoonguss, L50, M|100/100\n|switch|p2a: Tornadus|Tornadus, L50, M|100/100\n|switch|p2b: Urshifu|Urshifu-Rapid-Strike, L50, F|100/100\n|turn|1\n|\n|t:|1746077374\n|move|p2b: Urshifu|Detect|p2b: Urshifu\n|-singleturn|p2b: Urshifu|Protect\n|move|p1b: Amoonguss|Rage Powder|p1b: Amoonguss\n|-singleturn|p1b: Amoonguss|move: Rage Powder\n|move|p2a: Tornadus|Bleakwind Storm|p1a: Grimmsnarl|[spread] p1a,p1b\n|-supereffective|p1b: Amoonguss\n|-damage|p1a: Grimmsnarl|71/100\n|-damage|p1b: Amoonguss|40/100\n|move|p1a: Grimmsnarl|Spirit Break|p2b: Urshifu\n|-activate|p2b: Urshifu|move: Protect\n|\n|upkeep\n|turn|2\n|inactive|Leezh has 30 seconds left.\n|inactive|YantoVGC has 30 seconds left.\n|inactive|Leezh has 20 seconds left.\n|\n|t:|1746077414\n|switch|p1b: Zamazenta|Zamazenta-Crowned, L50|100/100\n|-ability|p1b: Zamazenta|Dauntless Shield|boost\n|-boost|p1b: Zamazenta|def|1\n|move|p1a: Grimmsnarl|Thunder Wave|p2b: Urshifu\n|-status|p2b: Urshifu|par\n|move|p2a: Tornadus|Bleakwind Storm|p1a: Grimmsnarl|[spread] p1a\n|-miss|p2a: Tornadus|p1b: Zamazenta\n|-damage|p1a: Grimmsnarl|42/100\n|-unboost|p1a: Grimmsnarl|spe|1\n|move|p2b: Urshifu|Surging Strikes|p1a: Grimmsnarl\n|-crit|p1a: Grimmsnarl\n|-damage|p1a: Grimmsnarl|14/100\n|-crit|p1a: Grimmsnarl\n|-damage|p1a: Grimmsnarl|0 fnt\n|faint|p1a: Grimmsnarl\n|-hitcount|p1: Grimmsnarl|2\n|\n|upkeep\n|\n|t:|1746077431\n|switch|p1a: Amoonguss|Amoonguss, L50, M|73/100\n|turn|3\n|inactive|YantoVGC has 30 seconds left.\n|\n|t:|1746077461\n|cant|p2b: Urshifu|par\n|move|p1a: Amoonguss|Rage Powder|p1a: Amoonguss\n|-singleturn|p1a: Amoonguss|move: Rage Powder\n|move|p1b: Zamazenta|Iron Defense|p1b: Zamazenta\n|-boost|p1b: Zamazenta|def|2\n|move|p2a: Tornadus|Bleakwind Storm|p1b: Zamazenta|[spread] p1a\n|-miss|p2a: Tornadus|p1b: Zamazenta\n|-supereffective|p1a: Amoonguss\n|-damage|p1a: Amoonguss|8/100\n|\n|upkeep\n|turn|4\n|inactive|YantoVGC has 30 seconds left.\n|\n|t:|1746077496\n|switch|p2b: Calyrex|Calyrex-Shadow, L50|100/100\n|-ability|p2b: Calyrex|As One\n|-ability|p2b: Calyrex|Unnerve\n|move|p1a: Amoonguss|Protect|p1a: Amoonguss\n|-singleturn|p1a: Amoonguss|Protect\n|move|p1b: Zamazenta|Body Press|p2b: Calyrex\n|-immune|p2b: Calyrex\n|move|p2a: Tornadus|Bleakwind Storm|p1b: Zamazenta|[spread] p1b\n|-activate|p1a: Amoonguss|move: Protect\n|-damage|p1b: Zamazenta|80/100\n|-unboost|p1b: Zamazenta|spe|1\n|\n|upkeep\n|turn|5\n|inactive|YantoVGC has 30 seconds left.\n|inactive|YantoVGC has 20 seconds left.\n|inactive|YantoVGC has 15 seconds left.\n|inactive|YantoVGC has 10 seconds left.\n|\n|t:|1746077543\n|switch|p1a: Terapagos|Terapagos, L50, M|100/100\n|-activate|p1a: Terapagos|ability: Tera Shift\n|detailschange|p1a: Terapagos|Terapagos-Terastal, L50, M\n|-heal|p1a: Terapagos|100/100|[silent]\n|move|p2b: Calyrex|Encore|p1b: Zamazenta\n|-start|p1b: Zamazenta|Encore\n|move|p2a: Tornadus|Bleakwind Storm|p1b: Zamazenta|[spread] p1a\n|-miss|p2a: Tornadus|p1b: Zamazenta\n|-activate|p1a: Terapagos|ability: Tera Shell\n|-resisted|p1a: Terapagos\n|-damage|p1a: Terapagos|87/100\n|move|p1b: Zamazenta|Body Press|p2a: Tornadus\n|-resisted|p2a: Tornadus\n|-damage|p2a: Tornadus|44/100\n|-damage|p1b: Zamazenta|63/100|[from] item: Rocky Helmet|[of] p2a: Tornadus\n|\n|-heal|p1a: Terapagos|93/100|[from] item: Leftovers\n|upkeep\n|turn|6\n|inactive|Leezh has 30 seconds left.\n|inactive|YantoVGC has 30 seconds left.\n|inactive|Leezh has 20 seconds left.\n|inactive|Leezh has 15 seconds left.\n|inactive|YantoVGC has 20 seconds left.\n|inactive|Leezh has 10 seconds left.\n|\n|t:|1746077591\n|-terastallize|p1a: Terapagos|Stellar\n|detailschange|p1a: Terapagos|Terapagos-Stellar, L50, M, tera:Stellar\n|-heal|p1a: Terapagos|95/100|[silent]\n|move|p2b: Calyrex|Psychic|p1b: Zamazenta\n|-damage|p1b: Zamazenta|29/100\n|move|p2a: Tornadus|Bleakwind Storm|p1a: Terapagos|[spread] p1b\n|-miss|p2a: Tornadus|p1a: Terapagos\n|-damage|p1b: Zamazenta|7/100\n|-unboost|p1b: Zamazenta|spe|1\n|move|p1a: Terapagos|Tera Starstorm|p2a: Tornadus|[spread] p2a,p2b\n|-damage|p2a: Tornadus|0 fnt\n|-damage|p2b: Calyrex|64/100\n|faint|p2a: Tornadus\n|move|p1b: Zamazenta|Body Press|p2b: Calyrex\n|-immune|p2b: Calyrex\n|\n|-heal|p1a: Terapagos|100/100|[from] item: Leftovers\n|upkeep\n|\n|t:|1746077611\n|switch|p2a: Zamazenta|Zamazenta-Crowned, L50|100/100\n|-ability|p2a: Zamazenta|Dauntless Shield|boost\n|-boost|p2a: Zamazenta|def|1\n|turn|7\n|inactive|YantoVGC has 30 seconds left.\n|inactive|YantoVGC has 20 seconds left.\n|inactive|YantoVGC has 15 seconds left.\n|\n|t:|1746077656\n|switch|p1b: Amoonguss|Amoonguss, L50, M|41/100\n|move|p2a: Zamazenta|Protect|p2a: Zamazenta\n|-singleturn|p2a: Zamazenta|Protect\n|move|p2b: Calyrex|Psychic|p1b: Amoonguss\n|-supereffective|p1b: Amoonguss\n|-damage|p1b: Amoonguss|0 fnt\n|faint|p1b: Amoonguss\n|-ability|p2b: Calyrex|Grim Neigh|boost\n|-boost|p2b: Calyrex|spa|1\n|move|p1a: Terapagos|Tera Starstorm|p2b: Calyrex|[spread] p2b\n|-activate|p2a: Zamazenta|move: Protect\n|-damage|p2b: Calyrex|27/100\n|\n|upkeep\n|\n|t:|1746077671\n|switch|p1b: Zamazenta|Zamazenta-Crowned, L50|7/100\n|turn|8\n|\n|t:|1746077688\n|-terastallize|p2a: Zamazenta|Ghost\n|move|p2b: Calyrex|Protect|p2b: Calyrex\n|-singleturn|p2b: Calyrex|Protect\n|move|p2a: Zamazenta|Body Press|p1b: Zamazenta\n|-supereffective|p1b: Zamazenta\n|-damage|p1b: Zamazenta|0 fnt\n|faint|p1b: Zamazenta\n|move|p1a: Terapagos|Tera Starstorm|p2a: Zamazenta|[spread] p2a\n|-activate|p2b: Calyrex|move: Protect\n|-supereffective|p2a: Zamazenta\n|-damage|p2a: Zamazenta|39/100\n|\n|upkeep\n|turn|9\n|\n|t:|1746077705\n|move|p2a: Zamazenta|Wide Guard|p2a: Zamazenta\n|-singleturn|p2a: Zamazenta|Wide Guard\n|move|p2b: Calyrex|Encore|p1a: Terapagos\n|-start|p1a: Terapagos|Encore\n|move|p1a: Terapagos|Tera Starstorm|p2b: Calyrex|[spread] \n|-activate|p2a: Zamazenta|move: Wide Guard\n|-activate|p2b: Calyrex|move: Wide Guard\n|\n|upkeep\n|turn|10\n|inactive|Leezh has 30 seconds left.\n|\n|t:|1746077733\n|move|p2a: Zamazenta|Wide Guard|p2a: Zamazenta\n|-singleturn|p2a: Zamazenta|Wide Guard\n|move|p2b: Calyrex|Psychic|p1a: Terapagos\n|-damage|p1a: Terapagos|53/100\n|move|p1a: Terapagos|Tera Starstorm|p2b: Calyrex|[spread] \n|-activate|p2a: Zamazenta|move: Wide Guard\n|-activate|p2b: Calyrex|move: Wide Guard\n|\n|-heal|p1a: Terapagos|59/100|[from] item: Leftovers\n|upkeep\n|turn|11\n|\n|t:|1746077753\n|move|p2b: Calyrex|Psychic|p1a: Terapagos\n|-crit|p1a: Terapagos\n|-damage|p1a: Terapagos|0 fnt\n|faint|p1a: Terapagos\n|\n|win|YantoVGC\n|raw|Leezh's rating: 1117 &rarr; <strong>1092</strong><br />(-25 for losing)\n|raw|YantoVGC's rating: 1116 &rarr; <strong>1141</strong><br />(+25 for winning)\n|l|\u2606Leezh\n|player|p1|\n", "uploadtime": 1746077777, "views": 9, "formatid": "gen9vgc2025regibo3", "rating": 1092, "private": 0, "password": null}