{"id": "gen9vgc2025regibo3-2354806205", "format": "[Gen 9] VGC 2025 Reg I (Bo3)", "players": ["Gosh-Z", "yung elmers glue"], "log": "|j|\u2606Gosh-Z\n|j|\u2606yung elmers glue\n|html|<table width=\"100%\"><tr><td align=\"left\">Gosh-Z</td><td align=\"right\">yung elmers glue</tr><tr><td align=\"left\"><i class=\"fa fa-circle-o\"></i> <i class=\"fa fa-circle-o\"></i> </td><td align=\"right\"><i class=\"fa fa-circle-o\"></i> <i class=\"fa fa-circle\"></i> </tr></table>\n|uhtml|bestof|<h2><strong>Game 2</strong> of <a href=\"/game-bestof3-gen9vgc2025regibo3-2354804571\">a best-of-3</a></h2>\n|t:|1746121372\n|gametype|doubles\n|player|p1|Gosh-Z|caitlin|1385\n|player|p2|yung elmers glue|juan|1457\n|teamsize|p1|6\n|teamsize|p2|6\n|gen|9\n|tier|[Gen 9] VGC 2025 Reg I (Bo3)\n|rated|\n|rule|Species Clause: Limit one of each Pok\u00e9mon\n|rule|Item Clause: Limit 1 of each item\n|clearpoke\n|poke|p1|Zamazenta-*, L50|\n|poke|p1|Calyrex-Shadow, L50|\n|poke|p1|Chien-Pao, L50|\n|poke|p1|Urshifu-*, L50, F|\n|poke|p1|Tornadus, L50, M|\n|poke|p1|Ogerpon-Cornerstone, L50, F|\n|poke|p2|Incineroar, L50, F|\n|poke|p2|Miraidon, L50|\n|poke|p2|Farigiraf, L50, F|\n|poke|p2|Calyrex-Ice, L50|\n|poke|p2|Ditto, L50|\n|poke|p2|Urshifu-*, L50, M|\n|teampreview|4\n|showteam|p1|Zamazenta-Crowned||RustedShield|DauntlessShield|BodyPress,HeavySlam,WideGuard,Protect||||||50|,,,,,Dragon]Calyrex-Shadow||FocusSash|AsOneSpectrier|AstralBarrage,Psychic,Encore,Protect||||||50|,,,,,Ghost]Chien-Pao||LifeOrb|SwordofRuin|IceSpinner,Crunch,IceShard,Protect||||||50|,,,,,Ghost]Urshifu-Rapid-Strike||MysticWater|UnseenFist|SurgingStrikes,AquaJet,Taunt,Detect|||F|||50|,,,,,Water]Tornadus||RockyHelmet|Prankster|BleakwindStorm,Tailwind,RainDance,Protect|||M|||50|,,,,,Normal]Ogerpon-Cornerstone||CornerstoneMask|Sturdy|IvyCudgel,FollowMe,PowerWhip,SpikyShield|||F|||50|,,,,,Rock\n|showteam|p2|Incineroar||AssaultVest|Intimidate|FlareBlitz,KnockOff,Uturn,FakeOut|||F|||50|,,,,,Water]Miraidon||ChoiceSpecs|HadronEngine|ElectroDrift,DazzlingGleam,VoltSwitch,DracoMeteor||||||50|,,,,,Fairy]Farigiraf||ElectricSeed|ArmorTail|FoulPlay,Psychic,TrickRoom,HelpingHand|||F|||50|,,,,,Water]Calyrex-Ice||ClearAmulet|AsOneGlastrier|GlacialLance,HighHorsepower,TrickRoom,Protect||||||50|,,,,,Water]Ditto||FocusSash|Imposter|Transform||||||50|,,,,,Ghost]Urshifu-Rapid-Strike||ChoiceScarf|UnseenFist|SurgingStrikes,CloseCombat,Coaching,Uturn|||M|||50|,,,,,Water\n|\n|t:|1746121382\n|start\n|switch|p1a: Zamazenta|Zamazenta-Crowned, L50|100/100\n|switch|p1b: Chien-Pao|Chien-Pao, L50|100/100\n|switch|p2a: Farigiraf|Farigiraf, L50, F|100/100\n|switch|p2b: Urshifu|Urshifu-Rapid-Strike, L50, M|100/100\n|-ability|p1b: Chien-Pao|Sword of Ruin\n|-ability|p1a: Zamazenta|Dauntless Shield|boost\n|-boost|p1a: Zamazenta|def|1\n|turn|1\n|\n|t:|1746121388\n|switch|p1b: Tornadus|Tornadus, L50, M|100/100\n|-terastallize|p2b: Urshifu|Water\n|move|p2b: Urshifu|Surging Strikes|p1b: Tornadus\n|-crit|p1b: Tornadus\n|-damage|p1b: Tornadus|60/100\n|-damage|p2b: Urshifu|84/100|[from] item: Rocky Helmet|[of] p1b: Tornadus\n|-crit|p1b: Tornadus\n|-damage|p1b: Tornadus|19/100\n|-damage|p2b: Urshifu|68/100|[from] item: Rocky Helmet|[of] p1b: Tornadus\n|-crit|p1b: Tornadus\n|-damage|p1b: Tornadus|0 fnt\n|-damage|p2b: Urshifu|51/100|[from] item: Rocky Helmet|[of] p1b: Tornadus\n|faint|p1b: Tornadus\n|-hitcount|p1: Tornadus|3\n|move|p1a: Zamazenta|Body Press|p2b: Urshifu\n|-damage|p2b: Urshifu|0 fnt\n|faint|p2b: Urshifu\n|move|p2a: Farigiraf|Psychic|p1a: Zamazenta\n|-damage|p1a: Zamazenta|77/100\n|\n|upkeep\n|\n|t:|1746121404\n|switch|p1b: Calyrex|Calyrex-Shadow, L50|100/100\n|switch|p2b: Miraidon|Miraidon, L50|100/100\n|-ability|p1b: Calyrex|As One\n|-ability|p1b: Calyrex|Unnerve\n|-fieldstart|move: Electric Terrain|[from] ability: Hadron Engine|[of] p2b: Miraidon\n|-enditem|p2a: Farigiraf|Electric Seed\n|-boost|p2a: Farigiraf|def|1|[from] item: Electric Seed\n|turn|2\n|\n|t:|1746121429\n|move|p1b: Calyrex|Protect|p1b: Calyrex\n|-singleturn|p1b: Calyrex|Protect\n|move|p2b: Miraidon|Volt Switch|p1a: Zamazenta\n|-damage|p1a: Zamazenta|7/100\n|\n|t:|1746121434\n|switch|p2b: Ditto|Ditto, L50|100/100|[from] Volt Switch\n|-transform|p2b: Ditto|p1a: Zamazenta|[from] ability: Imposter\n|-ability|p2b: Ditto|Dauntless Shield|boost\n|-boost|p2b: Ditto|def|1\n|move|p1a: Zamazenta|Body Press|p2b: Ditto\n|-supereffective|p2b: Ditto\n|-damage|p2b: Ditto|50/100\n|move|p2a: Farigiraf|Foul Play|p1b: Calyrex\n|-activate|p1b: Calyrex|move: Protect\n|\n|upkeep\n|turn|3\n|\n|t:|1746121453\n|move|p2b: Ditto|Wide Guard|p2b: Ditto\n|-singleturn|p2b: Ditto|Wide Guard\n|move|p1b: Calyrex|Psychic|p2b: Ditto\n|-damage|p2b: Ditto|2/100\n|move|p1a: Zamazenta|Body Press|p2a: Farigiraf\n|-damage|p2a: Farigiraf|60/100\n|move|p2a: Farigiraf|Foul Play|p1b: Calyrex\n|-supereffective|p1b: Calyrex\n|-damage|p1b: Calyrex|32/100\n|\n|upkeep\n|turn|4\n|\n|t:|1746121483\n|move|p1b: Calyrex|Psychic|p2b: Ditto\n|-damage|p2b: Ditto|0 fnt\n|faint|p2b: Ditto\n|-ability|p1b: Calyrex|Grim Neigh|boost\n|-boost|p1b: Calyrex|spa|1\n|move|p1a: Zamazenta|Body Press|p2a: Farigiraf\n|-damage|p2a: Farigiraf|21/100\n|move|p2a: Farigiraf|Trick Room|p2a: Farigiraf\n|-fieldstart|move: Trick Room|[of] p2a: Farigiraf\n|\n|upkeep\n|\n|t:|1746121485\n|switch|p2b: Miraidon|Miraidon, L50|100/100\n|-activate|p2b: Miraidon|ability: Hadron Engine\n|turn|5\n|\n|t:|1746121506\n|move|p1a: Zamazenta|Protect|p1a: Zamazenta\n|-singleturn|p1a: Zamazenta|Protect\n|move|p1b: Calyrex|Protect|p1b: Calyrex\n|-singleturn|p1b: Calyrex|Protect\n|move|p2a: Farigiraf|Psychic|p1a: Zamazenta\n|-activate|p1a: Zamazenta|move: Protect\n|move|p2b: Miraidon|Electro Drift|p1b: Calyrex\n|-activate|p1b: Calyrex|move: Protect\n|\n|upkeep\n|turn|6\n|\n|t:|1746121529\n|switch|p1a: Chien-Pao|Chien-Pao, L50|100/100\n|-ability|p1a: Chien-Pao|Sword of Ruin\n|move|p2a: Farigiraf|Psychic|p1a: Chien-Pao\n|-immune|p1a: Chien-Pao\n|move|p2b: Miraidon|Electro Drift|p1b: Calyrex\n|-damage|p1b: Calyrex|0 fnt\n|faint|p1b: Calyrex\n|\n|-fieldend|move: Electric Terrain\n|upkeep\n|\n|t:|1746121538\n|switch|p1b: Zamazenta|Zamazenta-Crowned, L50|7/100\n|turn|7\n|\n|t:|1746121551\n|move|p1b: Zamazenta|Protect|p1b: Zamazenta\n|-singleturn|p1b: Zamazenta|Protect\n|move|p1a: Chien-Pao|Protect|p1a: Chien-Pao\n|-singleturn|p1a: Chien-Pao|Protect\n|move|p2a: Farigiraf|Psychic|p1b: Zamazenta\n|-activate|p1b: Zamazenta|move: Protect\n|move|p2b: Miraidon|Electro Drift|p1a: Chien-Pao\n|-activate|p1a: Chien-Pao|move: Protect\n|\n|upkeep\n|turn|8\n|\n|t:|1746121573\n|move|p1b: Zamazenta|Protect||[still]\n|-fail|p1b: Zamazenta\n|move|p2a: Farigiraf|Psychic|p1b: Zamazenta\n|-damage|p1b: Zamazenta|0 fnt\n|faint|p1b: Zamazenta\n|move|p1a: Chien-Pao|Ice Spinner|p2b: Miraidon\n|-supereffective|p2b: Miraidon\n|-damage|p2b: Miraidon|0 fnt\n|faint|p2b: Miraidon\n|-damage|p1a: Chien-Pao|91/100|[from] item: Life Orb\n|\n|-fieldend|move: Trick Room\n|upkeep\n|turn|9\n|\n|t:|1746121580\n|move|p1a: Chien-Pao|Crunch|p2a: Farigiraf\n|-supereffective|p2a: Farigiraf\n|-damage|p2a: Farigiraf|0 fnt\n|faint|p2a: Farigiraf\n|-damage|p1a: Chien-Pao|81/100|[from] item: Life Orb\n|\n|win|Gosh-Z\n||yung elmers glue is ready for game 3.\n||Gosh-Z is ready for game 3.\n|uhtml|next|Next: <a href=\"/battle-gen9vgc2025regibo3-2354808654\"><strong>Game 3 of 3</strong></a>\n|l|\u2606yung elmers glue\n|player|p2|\n|l|\u2606Gosh-Z\n|player|p1|\n", "uploadtime": 1746121799, "views": 7, "formatid": "gen9vgc2025regibo3", "rating": null, "private": 0, "password": null}