{"id": "gen9vgc2025regibo3-2355096972", "format": "[Gen 9] VGC 2025 Reg I (Bo3)", "players": ["horizonbattle", "themismatcher"], "log": "|j|\u2606horizonbattle\n|j|\u2606themismatcher\n|html|<table width=\"100%\"><tr><td align=\"left\">horizonbattle</td><td align=\"right\">themismatcher</tr><tr><td align=\"left\"><i class=\"fa fa-circle\"></i> <i class=\"fa fa-circle-o\"></i> </td><td align=\"right\"><i class=\"fa fa-circle-o\"></i> <i class=\"fa fa-circle\"></i> </tr></table>\n|uhtml|bestof|<h2><strong>Game 3</strong> of <a href=\"/game-bestof3-gen9vgc2025regibo3-2355091430\">a best-of-3</a></h2>\n|t:|1746152067\n|gametype|doubles\n|player|p1|horizonbattle|170|1251\n|player|p2|themismatcher|benga|1346\n|teamsize|p1|6\n|teamsize|p2|6\n|gen|9\n|tier|[Gen 9] VGC 2025 Reg I (Bo3)\n|rated|\n|rule|Species Clause: Limit one of each Pok\u00e9mon\n|rule|Item Clause: Limit 1 of each item\n|clearpoke\n|poke|p1|Calyrex-Shadow, L50|\n|poke|p1|Rillaboom, L50, F|\n|poke|p1|Incineroar, L50, M|\n|poke|p1|Urshifu-*, L50, F|\n|poke|p1|Amoonguss, L50, M|\n|poke|p1|Terapagos, L50, M|\n|poke|p2|Indeedee-F, L50, F|\n|poke|p2|Brute Bonnet, L50|\n|poke|p2|Calyrex-Shadow, L50|\n|poke|p2|Chi-Yu, L50|\n|poke|p2|Koraidon, L50|\n|poke|p2|Whimsicott, L50, M|\n|teampreview|4\n|showteam|p1|Calyrex-Shadow||FocusSash|AsOneSpectrier|AstralBarrage,Encore,Disable,Protect||||||50|,,,,,Ghost]Rillaboom||AssaultVest|GrassySurge|DrumBeating,GrassyGlide,Uturn,FakeOut|||F|||50|,,,,,Grass]Incineroar||SafetyGoggles|Intimidate|KnockOff,WillOWisp,PartingShot,FakeOut|||M|||50|,,,,,Bug]Urshifu-Rapid-Strike||ChoiceScarf|UnseenFist|SurgingStrikes,CloseCombat,RockTomb,Uturn|||F|||50|,,,,,Water]Amoonguss||RockyHelmet|Regenerator|Spore,RagePowder,SludgeBomb,Protect|||M|||50|,,,,,Water]Terapagos||Leftovers|TeraShift|TeraStarstorm,EarthPower,CalmMind,Protect|||M|||50|,,,,,Stellar\n|showteam|p2|Indeedee-F||PsychicSeed|PsychicSurge|Psychic,Imprison,FollowMe,TrickRoom|||F|||50|,,,,,Fairy]Brute Bonnet||SitrusBerry|Protosynthesis|SeedBomb,SuckerPunch,Spore,RagePowder||||||50|,,,,,Water]Calyrex-Shadow||FocusSash|AsOneSpectrier|AstralBarrage,ExpandingForce,ShadowBall,Protect||||||50|,,,,,Ghost]Chi-Yu||ChoiceScarf|BeadsofRuin|HeatWave,DarkPulse,Overheat,Snarl||||||50|,,,,,Fire]Koraidon||ClearAmulet|OrichalcumPulse|FlareBlitz,CollisionCourse,FlameCharge,Protect||||||50|,,,,,Fire]Whimsicott||CovertCloak|Prankster|Tailwind,Moonblast,Encore,SunnyDay|||M|||50|,,,,,Dark\n|inactive|Battle timer is ON: inactive players will automatically lose when time's up. (requested by horizonbattle)\n|inactive|themismatcher has 60 seconds left.\n|inactive|themismatcher has 30 seconds left.\n|inactive|horizonbattle has 60 seconds left.\n|inactive|themismatcher has 20 seconds left.\n|\n|t:|1746152148\n|start\n|switch|p1a: Urshifu|Urshifu-Rapid-Strike, L50, F|100/100\n|switch|p1b: Tree Among Shrubs|Amoonguss, L50, M|100/100\n|switch|p2a: Calyrex|Calyrex-Shadow, L50|100/100\n|switch|p2b: Whimsicott|Whimsicott, L50, M|100/100\n|-ability|p2a: Calyrex|As One\n|-ability|p2a: Calyrex|Unnerve\n|turn|1\n|inactive|horizonbattle has 30 seconds left.\n|inactive|horizonbattle has 20 seconds left.\n|inactive|horizonbattle has 15 seconds left.\n|inactive|horizonbattle has 10 seconds left.\n|\n|t:|1746152194\n|move|p2b: Whimsicott|Sunny Day|p2b: Whimsicott\n|-weather|SunnyDay\n|move|p1a: Urshifu|U-turn|p2a: Calyrex\n|-damage|p2a: Calyrex|69/100\n|\n|t:|1746152200\n|switch|p1a: Incineroar|Incineroar, L50, M|100/100|[from] U-turn\n|-ability|p1a: Incineroar|Intimidate|boost\n|-unboost|p2a: Calyrex|atk|1\n|-unboost|p2b: Whimsicott|atk|1\n|move|p2a: Calyrex|Expanding Force|p1b: Tree Among Shrubs\n|-supereffective|p1b: Tree Among Shrubs\n|-damage|p1b: Tree Among Shrubs|13/100\n|move|p1b: Tree Among Shrubs|Spore|p2a: Calyrex\n|-status|p2a: Calyrex|slp|[from] move: Spore\n|\n|-weather|SunnyDay|[upkeep]\n|upkeep\n|turn|2\n|inactive|themismatcher has 30 seconds left.\n|inactive|themismatcher has 20 seconds left.\n|\n|t:|1746152239\n|switch|p1b: Terapagos|Terapagos, L50, M|100/100\n|-activate|p1b: Terapagos|ability: Tera Shift\n|detailschange|p1b: Terapagos|Terapagos-Terastal, L50, M\n|-heal|p1b: Terapagos|100/100|[silent]\n|move|p2b: Whimsicott|Encore||[still]\n|-fail|p2b: Whimsicott\n|cant|p2a: Calyrex|slp\n|move|p1a: Incineroar|Knock Off|p2a: Calyrex\n|-supereffective|p2a: Calyrex\n|-damage|p2a: Calyrex|0 fnt\n|-enditem|p2a: Calyrex|Focus Sash|[from] move: Knock Off|[of] p1a: Incineroar\n|faint|p2a: Calyrex\n|\n|-weather|SunnyDay|[upkeep]\n|upkeep\n|\n|t:|1746152251\n|switch|p2a: Koraidon|Koraidon, L50|100/100\n|-activate|p2a: Koraidon|ability: Orichalcum Pulse\n|turn|3\n|\n|t:|1746152272\n|-terastallize|p2a: Koraidon|Fire\n|move|p2b: Whimsicott|Moonblast|p1b: Terapagos\n|-activate|p1b: Terapagos|ability: Tera Shell\n|-resisted|p1b: Terapagos\n|-damage|p1b: Terapagos|87/100\n|move|p2a: Koraidon|Collision Course|p1b: Terapagos\n|-supereffective|p1b: Terapagos\n|-damage|p1b: Terapagos|0 fnt\n|faint|p1b: Terapagos\n|move|p1a: Incineroar|Will-O-Wisp|p2a: Koraidon\n|-immune|p2a: Koraidon\n|\n|-weather|SunnyDay|[upkeep]\n|upkeep\n|\n|t:|1746152291\n|switch|p1b: Tree Among Shrubs|Amoonguss, L50, M|46/100\n|turn|4\n|\n|t:|1746152306\n|move|p1b: Tree Among Shrubs|Protect|p1b: Tree Among Shrubs\n|-singleturn|p1b: Tree Among Shrubs|Protect\n|move|p2b: Whimsicott|Moonblast|p1b: Tree Among Shrubs\n|-activate|p1b: Tree Among Shrubs|move: Protect\n|move|p2a: Koraidon|Flare Blitz|p1b: Tree Among Shrubs\n|-activate|p1b: Tree Among Shrubs|move: Protect\n|move|p1a: Incineroar|Knock Off|p2a: Koraidon\n|-damage|p2a: Koraidon|69/100\n|-enditem|p2a: Koraidon|Clear Amulet|[from] move: Knock Off|[of] p1a: Incineroar\n|\n|-weather|SunnyDay|[upkeep]\n|upkeep\n|turn|5\n|inactive|horizonbattle has 30 seconds left.\n|inactive|themismatcher has 30 seconds left.\n|\n|t:|1746152338\n|switch|p1b: Urshifu|Urshifu-Rapid-Strike, L50, F|100/100\n|move|p2b: Whimsicott|Tailwind|p2b: Whimsicott\n|-sidestart|p2: themismatcher|move: Tailwind\n|move|p2a: Koraidon|Flare Blitz|p1b: Urshifu\n|-resisted|p1b: Urshifu\n|-damage|p1b: Urshifu|32/100\n|-damage|p2a: Koraidon|47/100|[from] Recoil\n|move|p1a: Incineroar|Parting Shot|p2a: Koraidon\n|-unboost|p2a: Koraidon|atk|1\n|-unboost|p2a: Koraidon|spa|1\n|\n|t:|1746152348\n|switch|p1a: Tree Among Shrubs|Amoonguss, L50, M|79/100|[from] Parting Shot\n|\n|-weather|none\n|upkeep\n|turn|6\n|inactive|horizonbattle has 30 seconds left.\n|inactive|themismatcher has 30 seconds left.\n|inactive|themismatcher has 20 seconds left.\n|\n|t:|1746152388\n|switch|p1b: Incineroar|Incineroar, L50, M|100/100\n|-ability|p1b: Incineroar|Intimidate|boost\n|-unboost|p2a: Koraidon|atk|1\n|-unboost|p2b: Whimsicott|atk|1\n|-terastallize|p1a: Tree Among Shrubs|Water\n|move|p2b: Whimsicott|Moonblast|p1b: Incineroar\n|-damage|p1b: Incineroar|69/100\n|-unboost|p1b: Incineroar|spa|1\n|move|p2a: Koraidon|Flare Blitz|p1a: Tree Among Shrubs\n|-resisted|p1a: Tree Among Shrubs\n|-damage|p1a: Tree Among Shrubs|66/100\n|-damage|p2a: Koraidon|31/100|[from] item: Rocky Helmet|[of] p1a: Tree Among Shrubs\n|-damage|p2a: Koraidon|25/100|[from] Recoil\n|move|p1a: Tree Among Shrubs|Spore|p2a: Koraidon\n|-status|p2a: Koraidon|slp|[from] move: Spore\n|\n|upkeep\n|turn|7\n|inactive|horizonbattle has 30 seconds left.\n|inactive|themismatcher has 30 seconds left.\n|\n|t:|1746152416\n|move|p2b: Whimsicott|Encore|p1a: Tree Among Shrubs\n|-start|p1a: Tree Among Shrubs|Encore\n|cant|p2a: Koraidon|slp\n|move|p1b: Incineroar|Parting Shot|p2a: Koraidon\n|-unboost|p2a: Koraidon|atk|1\n|-unboost|p2a: Koraidon|spa|1\n|\n|t:|1746152422\n|switch|p1b: Urshifu|Urshifu-Rapid-Strike, L50, F|32/100|[from] Parting Shot\n|move|p1a: Tree Among Shrubs|Spore|p2a: Koraidon\n|-fail|p2a: Koraidon|slp\n|\n|upkeep\n|turn|8\n|\n|t:|1746152435\n|switch|p1b: Incineroar|Incineroar, L50, M|69/100\n|-ability|p1b: Incineroar|Intimidate|boost\n|-unboost|p2a: Koraidon|atk|1\n|-unboost|p2b: Whimsicott|atk|1\n|move|p2b: Whimsicott|Moonblast|p1b: Incineroar\n|-damage|p1b: Incineroar|39/100\n|cant|p2a: Koraidon|slp\n|move|p1a: Tree Among Shrubs|Spore|p2a: Koraidon\n|-fail|p2a: Koraidon|slp\n|\n|-sideend|p2: themismatcher|move: Tailwind\n|upkeep\n|turn|9\n|\n|t:|1746152458\n|move|p2b: Whimsicott|Tailwind|p2b: Whimsicott\n|-sidestart|p2: themismatcher|move: Tailwind\n|-curestatus|p2a: Koraidon|slp|[msg]\n|move|p2a: Koraidon|Collision Course|p1b: Incineroar\n|-supereffective|p1b: Incineroar\n|-damage|p1b: Incineroar|0 fnt\n|faint|p1b: Incineroar\n|move|p1a: Tree Among Shrubs|Spore|p2a: Koraidon\n|-status|p2a: Koraidon|slp|[from] move: Spore\n|\n|-end|p1a: Tree Among Shrubs|Encore\n|upkeep\n|\n|t:|1746152469\n|switch|p1b: Urshifu|Urshifu-Rapid-Strike, L50, F|32/100\n|turn|10\n|\n|t:|1746152476\n|move|p2b: Whimsicott|Moonblast|p1b: Urshifu\n|-supereffective|p1b: Urshifu\n|-damage|p1b: Urshifu|0 fnt\n|faint|p1b: Urshifu\n|cant|p2a: Koraidon|slp\n|move|p1a: Tree Among Shrubs|Sludge Bomb|p2b: Whimsicott\n|-supereffective|p2b: Whimsicott\n|-damage|p2b: Whimsicott|0 fnt\n|faint|p2b: Whimsicott\n|\n|upkeep\n|\n|t:|1746152484\n|switch|p2b: Chi-Yu|Chi-Yu, L50|100/100\n|-ability|p2b: Chi-Yu|Beads of Ruin\n|turn|11\n|\n|t:|1746152491\n|move|p2b: Chi-Yu|Dark Pulse|p1a: Tree Among Shrubs\n|-damage|p1a: Tree Among Shrubs|23/100\n|-curestatus|p2a: Koraidon|slp|[msg]\n|move|p2a: Koraidon|Collision Course|p1a: Tree Among Shrubs\n|-damage|p1a: Tree Among Shrubs|7/100\n|-damage|p2a: Koraidon|9/100|[from] item: Rocky Helmet|[of] p1a: Tree Among Shrubs\n|move|p1a: Tree Among Shrubs|Spore|p2b: Chi-Yu\n|-status|p2b: Chi-Yu|slp|[from] move: Spore\n|\n|upkeep\n|turn|12\n|\n|t:|1746152504\n|cant|p2b: Chi-Yu|slp\n|move|p2a: Koraidon|Collision Course|p1a: Tree Among Shrubs\n|-damage|p1a: Tree Among Shrubs|0 fnt\n|-damage|p2a: Koraidon|0 fnt|[from] item: Rocky Helmet|[of] p1a: Tree Among Shrubs\n|faint|p1a: Tree Among Shrubs\n|faint|p2a: Koraidon\n|\n|win|themismatcher\n|raw|horizonbattle's rating: 1251 &rarr; <strong>1233</strong><br />(-18 for losing)\n|raw|themismatcher's rating: 1346 &rarr; <strong>1361</strong><br />(+15 for winning)\n|l|\u2606horizonbattle\n|player|p1|\n|c|\u2606themismatcher|gg\n", "uploadtime": 1746152815, "views": 10, "formatid": "gen9vgc2025regibo3", "rating": 1233, "private": 0, "password": null}