{"id": "gen9vgc2025regibo3-2353744949", "format": "[Gen 9] VGC 2025 Reg I (Bo3)", "players": ["HyphyJavi", "vilan333"], "log": "|j|\u2606HyphyJavi\n|j|\u2606vilan333\n|html|<table width=\"100%\"><tr><td align=\"left\">HyphyJavi</td><td align=\"right\">vilan333</tr><tr><td align=\"left\"><i class=\"fa fa-circle-o\"></i> <i class=\"fa fa-circle-o\"></i> </td><td align=\"right\"><i class=\"fa fa-circle-o\"></i> <i class=\"fa fa-circle-o\"></i> </tr></table>\n|uhtml|bestof|<h2><strong>Game 1</strong> of <a href=\"/game-bestof3-gen9vgc2025regibo3-2353744948\">a best-of-3</a></h2>\n|t:|1745992619\n|gametype|doubles\n|player|p1|HyphyJavi|dancer|1122\n|player|p2|vilan333|marshal|1062\n|teamsize|p1|6\n|teamsize|p2|6\n|gen|9\n|tier|[Gen 9] VGC 2025 Reg I (Bo3)\n|rated|\n|rule|Species Clause: Limit one of each Pok\u00e9mon\n|rule|Item Clause: Limit 1 of each item\n|clearpoke\n|poke|p1|Lunala, L50|\n|poke|p1|Ho-Oh, L50|\n|poke|p1|Indeedee-F, L50, F|\n|poke|p1|Sneasler, L50, M|\n|poke|p1|Amoonguss, L50, F|\n|poke|p1|Ursaluna, L50, F|\n|poke|p2|Calyrex-Shadow, L50|\n|poke|p2|Dondozo, L50, M|\n|poke|p2|Tatsugiri-Droopy, L50, F|\n|poke|p2|Sneasler, L50, F|\n|poke|p2|Ditto, L50|\n|poke|p2|Miraidon, L50|\n|teampreview|4\n|showteam|p1|Lunala||PowerHerb|ShadowShield|ExpandingForce,MoongeistBeam,MeteorBeam,WideGuard||||||50|,,,,,Normal]Ho-Oh||SitrusBerry|Regenerator|BraveBird,SacredFire,Tailwind,Protect||||||50|,,,,,Ground]Indeedee-F||SafetyGoggles|PsychicSurge|FollowMe,AlluringVoice,HelpingHand,TrickRoom|||F|||50|,,,,,Ground]Sneasler||PsychicSeed|Unburden|FakeOut,DireClaw,CloseCombat,ThroatChop|||M|||50|,,,,,Stellar]Amoonguss||RockyHelmet|Regenerator|RagePowder,PollenPuff,Spore,ClearSmog|||F|||50|,,,,,Water]Ursaluna||FlameOrb|Guts|Facade,HighHorsepower,Earthquake,Protect|||F|||50|,,,,,Ghost\n|showteam|p2|Calyrex-Shadow||SpellTag|AsOneSpectrier|AstralBarrage,Psychic,NastyPlot,Protect||||||50|,,,,,Normal]Dondozo||Leftovers|Unaware|BodyPress,OrderUp,Protect,Earthquake|||M|||50|,,,,,Grass]Tatsugiri-Droopy||ChoiceScarf|Commander|DracoMeteor,MuddyWater,IcyWind,SleepTalk|||F|||50|,,,,,Stellar]Sneasler||ElectricSeed|Unburden|DireClaw,FakeOut,CloseCombat,RockTomb|||F|||50|,,,,,Dark]Ditto||FocusSash|Imposter|Transform||||||50|,,,,,Ghost]Miraidon||AssaultVest|HadronEngine|VoltSwitch,ElectroDrift,DazzlingGleam,DracoMeteor||||||50|,,,,,Ghost\n|c|\u2606HyphyJavi|glhf\n|c|\u2606vilan333|Hi\n|\n|t:|1745992676\n|start\n|switch|p1a: Indeedee|Indeedee-F, L50, F|100/100\n|switch|p1b: Sneasler|Sneasler, L50, M|100/100\n|switch|p2a: Miraidon|Miraidon, L50|100/100\n|switch|p2b: Taizan II|Dondozo, L50, M|100/100\n|-fieldstart|move: Electric Terrain|[from] ability: Hadron Engine|[of] p2a: Miraidon\n|-fieldstart|move: Psychic Terrain|[from] ability: Psychic Surge|[of] p1a: Indeedee\n|-enditem|p1b: Sneasler|Psychic Seed\n|-boost|p1b: Sneasler|spd|1|[from] item: Psychic Seed\n|turn|1\n|inactive|Battle timer is ON: inactive players will automatically lose when time's up. (requested by vilan333)\n|inactive|HyphyJavi has 60 seconds left.\n|\n|t:|1745992714\n|move|p1a: Indeedee|Helping Hand|p1b: Sneasler\n|-singleturn|p1b: Sneasler|Helping Hand|[of] p1a: Indeedee\n|move|p1b: Sneasler|Dire Claw|p2b: Taizan II\n|-damage|p2b: Taizan II|63/100\n|move|p2a: Miraidon|Volt Switch|p1b: Sneasler\n|-damage|p1b: Sneasler|67/100\n|\n|t:|1745992723\n|switch|p2a: Katsuragi|Tatsugiri-Droopy, L50, F, shiny|100/100|[from] Volt Switch\n|-activate|p2a: Katsuragi|ability: Commander|[of] p2b: Taizan II\n|-boost|p2b: Taizan II|atk|2\n|-boost|p2b: Taizan II|spa|2\n|-boost|p2b: Taizan II|spe|2\n|-boost|p2b: Taizan II|def|2\n|-boost|p2b: Taizan II|spd|2\n|move|p2b: Taizan II|Order Up|p1a: Indeedee\n|-damage|p1a: Indeedee|59/100\n|-boost|p2b: Taizan II|def|1\n|\n|-heal|p2b: Taizan II|70/100|[from] item: Leftovers\n|upkeep\n|turn|2\n|\n|t:|1745992742\n|move|p2b: Taizan II|Protect|p2b: Taizan II\n|-singleturn|p2b: Taizan II|Protect\n|move|p1b: Sneasler|Dire Claw|p2b: Taizan II\n|-activate|p2b: Taizan II|move: Protect\n|move|p1a: Indeedee|Trick Room|p1a: Indeedee\n|-fieldstart|move: Trick Room|[of] p1a: Indeedee\n|\n|-heal|p2b: Taizan II|76/100|[from] item: Leftovers\n|upkeep\n|turn|3\n|\n|t:|1745992755\n|switch|p1b: Ursaluna|Ursaluna, L50, F|100/100\n|move|p1a: Indeedee|Alluring Voice|p2b: Taizan II\n|-damage|p2b: Taizan II|67/100\n|move|p2b: Taizan II|Earthquake|p1b: Ursaluna|[spread] p1a,p1b\n|-miss|p2b: Taizan II|p2a: Katsuragi\n|-damage|p1a: Indeedee|21/100\n|-damage|p1b: Ursaluna|75/100\n|\n|-heal|p2b: Taizan II|74/100|[from] item: Leftovers\n|-status|p1b: Ursaluna|brn|[from] item: Flame Orb\n|upkeep\n|turn|4\n|\n|t:|1745992772\n|move|p1a: Indeedee|Helping Hand|p1b: Ursaluna\n|-singleturn|p1b: Ursaluna|Helping Hand|[of] p1a: Indeedee\n|move|p2b: Taizan II|Protect|p2b: Taizan II\n|-singleturn|p2b: Taizan II|Protect\n|move|p1b: Ursaluna|Facade|p2b: Taizan II\n|-activate|p2b: Taizan II|move: Protect\n|\n|-heal|p2b: Taizan II|80/100|[from] item: Leftovers\n|-damage|p1b: Ursaluna|69/100 brn|[from] brn\n|upkeep\n|turn|5\n|\n|t:|1745992785\n|move|p1a: Indeedee|Helping Hand|p1b: Ursaluna\n|-singleturn|p1b: Ursaluna|Helping Hand|[of] p1a: Indeedee\n|move|p1b: Ursaluna|Facade|p2b: Taizan II\n|-damage|p2b: Taizan II|36/100\n|move|p2b: Taizan II|Order Up|p1b: Ursaluna\n|-crit|p1b: Ursaluna\n|-damage|p1b: Ursaluna|24/100 brn\n|-boost|p2b: Taizan II|def|1\n|\n|-heal|p2b: Taizan II|42/100|[from] item: Leftovers\n|-damage|p1b: Ursaluna|18/100 brn|[from] brn\n|-fieldend|move: Psychic Terrain\n|upkeep\n|turn|6\n|\n|t:|1745992805\n|switch|p1b: Sneasler|Sneasler, L50, M|67/100\n|move|p2b: Taizan II|Protect|p2b: Taizan II\n|-singleturn|p2b: Taizan II|Protect\n|move|p1a: Indeedee|Alluring Voice|p2b: Taizan II\n|-activate|p2b: Taizan II|move: Protect\n|\n|-heal|p2b: Taizan II|48/100|[from] item: Leftovers\n|-fieldend|move: Trick Room\n|upkeep\n|turn|7\n|\n|t:|1745992819\n|move|p1a: Indeedee|Helping Hand|p1b: Sneasler\n|-singleturn|p1b: Sneasler|Helping Hand|[of] p1a: Indeedee\n|move|p1b: Sneasler|Dire Claw|p2b: Taizan II\n|-damage|p2b: Taizan II|35/100\n|-status|p2b: Taizan II|psn\n|move|p2b: Taizan II|Earthquake|p1b: Sneasler|[spread] p1a,p1b\n|-miss|p2b: Taizan II|p2a: Katsuragi\n|-supereffective|p1b: Sneasler\n|-damage|p1a: Indeedee|0 fnt\n|-damage|p1b: Sneasler|0 fnt\n|faint|p1a: Indeedee\n|faint|p1b: Sneasler\n|\n|-heal|p2b: Taizan II|41/100 psn|[from] item: Leftovers\n|-damage|p2b: Taizan II|28/100 psn|[from] psn\n|upkeep\n|\n|t:|1745992833\n|switch|p1b: Lunala|Lunala, L50|100/100\n|switch|p1a: Ursaluna|Ursaluna, L50, F|18/100 brn\n|turn|8\n|\n|t:|1745992849\n|-terastallize|p1a: Ursaluna|Ghost\n|move|p1b: Lunala|Wide Guard|p1b: Lunala\n|-singleturn|p1b: Lunala|Wide Guard\n|move|p2b: Taizan II|Order Up|p1b: Lunala\n|-damage|p1b: Lunala|85/100\n|-boost|p2b: Taizan II|def|1\n|move|p1a: Ursaluna|Facade|p2b: Taizan II\n|-damage|p2b: Taizan II|4/100 psn\n|\n|-heal|p2b: Taizan II|11/100 psn|[from] item: Leftovers\n|-damage|p2b: Taizan II|0 fnt|[from] psn\n|faint|p2b: Taizan II\n|-damage|p1a: Ursaluna|12/100 brn|[from] brn\n|upkeep\n|\n|t:|1745992870\n|switch|p2b: Miraidon|Miraidon, L50|100/100\n|-fieldstart|move: Electric Terrain|[from] ability: Hadron Engine|[of] p2b: Miraidon\n|turn|9\n|inactive|HyphyJavi has 30 seconds left.\n|\n|t:|1745992902\n|move|p1a: Ursaluna|Protect|p1a: Ursaluna\n|-singleturn|p1a: Ursaluna|Protect\n|move|p2a: Katsuragi|Draco Meteor|p1a: Ursaluna\n|-activate|p1a: Ursaluna|move: Protect\n|move|p2b: Miraidon|Electro Drift|p1b: Lunala\n|-damage|p1b: Lunala|18/100\n|move|p1b: Lunala|Meteor Beam||[still]\n|-prepare|p1b: Lunala|Meteor Beam\n|-boost|p1b: Lunala|spa|1\n|-enditem|p1b: Lunala|Power Herb\n|-anim|p1b: Lunala|Meteor Beam|p2b: Miraidon\n|-damage|p2b: Miraidon|60/100\n|\n|-damage|p1a: Ursaluna|6/100 brn|[from] brn\n|upkeep\n|turn|10\n|\n|t:|1745992922\n|move|p1b: Lunala|Wide Guard|p1b: Lunala\n|-singleturn|p1b: Lunala|Wide Guard\n|move|p2a: Katsuragi|Draco Meteor|p1a: Ursaluna\n|-damage|p1a: Ursaluna|0 fnt\n|-unboost|p2a: Katsuragi|spa|2\n|faint|p1a: Ursaluna\n|move|p2b: Miraidon|Electro Drift|p1b: Lunala\n|-damage|p1b: Lunala|0 fnt\n|faint|p1b: Lunala\n|\n|win|vilan333\n|c|\u2606HyphyJavi|gg\n||HyphyJavi is ready for game 2.\n|inactive|vilan333 has 30 seconds to confirm battle start!\n|l|\u2606vilan333\n|player|p2|\n||vilan333 is ready for game 2.\n|uhtml|next|Next: <a href=\"/battle-gen9vgc2025regibo3-2353746663\"><strong>Game 2 of 3</strong></a>\n|j|\u2606vilan333\n|player|p2|vilan333|marshal|\n", "uploadtime": 1745993210, "views": 17, "formatid": "gen9vgc2025regibo3", "rating": null, "private": 0, "password": null}