{"id": "gen9vgc2025regibo3-2354681757", "format": "[Gen 9] VGC 2025 Reg I (Bo3)", "players": ["bowserx19", "Alexx_vr"], "log": "|j|\u2606bowserx19\n|j|\u2606Alexx_vr\n|html|<table width=\"100%\"><tr><td align=\"left\">bowserx19</td><td align=\"right\">Alexx_vr</tr><tr><td align=\"left\"><i class=\"fa fa-circle-o\"></i> <i class=\"fa fa-circle-o\"></i> </td><td align=\"right\"><i class=\"fa fa-circle-o\"></i> <i class=\"fa fa-circle-o\"></i> </tr></table>\n|uhtml|bestof|<h2><strong>Game 1</strong> of <a href=\"/game-bestof3-gen9vgc2025regibo3-2354681756\">a best-of-3</a></h2>\n|t:|1746110242\n|gametype|doubles\n|player|p1|bowserx19|miku-ground|1134\n|player|p2|Alexx_vr|morty|1173\n|teamsize|p1|6\n|teamsize|p2|6\n|gen|9\n|tier|[Gen 9] VGC 2025 Reg I (Bo3)\n|rated|\n|rule|Species Clause: Limit one of each Pok\u00e9mon\n|rule|Item Clause: Limit 1 of each item\n|clearpoke\n|poke|p1|Calyrex-Shadow, L50|\n|poke|p1|Indeedee-F, L50, F|\n|poke|p1|Zamazenta-*, L50|\n|poke|p1|Meowscarada, L50, F|\n|poke|p1|Talonflame, L50, F|\n|poke|p1|Urshifu-*, L50, M|\n|poke|p2|Terapagos, L50, M|\n|poke|p2|Calyrex-Shadow, L50|\n|poke|p2|Incineroar, L50, F|\n|poke|p2|Rillaboom, L50, M|\n|poke|p2|Amoonguss, L50, F|\n|poke|p2|Urshifu-*, L50, M|\n|teampreview|4\n|showteam|p1|Calyrex-Shadow||FocusSash|AsOneSpectrier|ExpandingForce,AstralBarrage,ShadowBall,Protect||||||50|,,,,,Ghost]Indeedee-F||PsychicSeed|PsychicSurge|Psychic,FollowMe,HelpingHand,TrickRoom|||F|||50|,,,,,Fighting]Zamazenta-Crowned||RustedShield|DauntlessShield|BodyPress,HeavySlam,WideGuard,Protect||||||50|,,,,,Fighting]Meowscarada||ChoiceScarf|Protean|FlowerTrick,KnockOff,ShadowClaw,Uturn|||F|||50|,,,,,Stellar]Talonflame||CovertCloak|GaleWings|Tailwind,FlareBlitz,BraveBird,Protect|||F|||50|,,,,,Stellar]Urshifu||ChoiceBand|UnseenFist|CloseCombat,WickedBlow,SuckerPunch,Uturn|||M|||50|,,,,,Dark\n|showteam|p2|Terapagos||Leftovers|TeraShift|Protect,TeraStarstorm,EarthPower,CalmMind|||M|||50|,,,,,Stellar]Calyrex-Shadow||FocusSash|AsOneSpectrier|Protect,AstralBarrage,Disable,Encore||||||50|,,,,,Ghost]Incineroar||SafetyGoggles|Intimidate|KnockOff,PartingShot,WillOWisp,FakeOut|||F|||50|,,,,,Bug]Rillaboom||AssaultVest|GrassySurge|WoodHammer,GrassyGlide,Uturn,FakeOut|||M|||50|,,,,,Fire]Amoonguss||RockyHelmet|Regenerator|Protect,Spore,RagePowder,PollenPuff|||F|||50|,,,,,Water]Urshifu-Rapid-Strike||ChoiceScarf|UnseenFist|SurgingStrikes,CloseCombat,Coaching,Uturn|||M|||50|,,,,,Water\n|inactive|Battle timer is ON: inactive players will automatically lose when time's up. (requested by bowserx19)\n|inactive|bowserx19 has 60 seconds left.\n|inactive|Alexx_vr has 60 seconds left.\n|inactive|bowserx19 has 30 seconds left.\n|inactive|Alexx_vr has 30 seconds left.\n|inactive|bowserx19 has 20 seconds left.\n|inactive|bowserx19 has 15 seconds left.\n|inactive|bowserx19 has 10 seconds left.\n|inactive|bowserx19 has 5 seconds left.\n|\n|t:|1746110327\n|start\n|switch|p1a: Nebulus|Calyrex-Shadow, L50|100/100\n|switch|p1b: Choice Scarf|Indeedee-F, L50, F, shiny|100/100\n|switch|p2a: Incineroar|Incineroar, L50, F|100/100\n|switch|p2b: Terapagos|Terapagos, L50, M|100/100\n|-activate|p2b: Terapagos|ability: Tera Shift\n|detailschange|p2b: Terapagos|Terapagos-Terastal, L50, M\n|-heal|p2b: Terapagos|100/100|[silent]\n|-ability|p1a: Nebulus|As One\n|-ability|p1a: Nebulus|Unnerve\n|-fieldstart|move: Psychic Terrain|[from] ability: Psychic Surge|[of] p1b: Choice Scarf\n|-enditem|p1b: Choice Scarf|Psychic Seed\n|-boost|p1b: Choice Scarf|spd|1|[from] item: Psychic Seed\n|-ability|p2a: Incineroar|Intimidate|boost\n|-unboost|p1a: Nebulus|atk|1\n|-unboost|p1b: Choice Scarf|atk|1\n|turn|1\n|inactive|Alexx_vr has 30 seconds left.\n|inactive|Alexx_vr has 20 seconds left.\n|\n|t:|1746110366\n|-terastallize|p2b: Terapagos|Stellar\n|detailschange|p2b: Terapagos|Terapagos-Stellar, L50, M, tera:Stellar\n|-heal|p2b: Terapagos|100/100|[silent]\n|-ability|p2b: Terapagos|Teraform Zero\n|-fieldend|move: Psychic Terrain\n|move|p1a: Nebulus|Expanding Force|p2b: Terapagos\n|-damage|p2b: Terapagos|66/100\n|move|p2b: Terapagos|Tera Starstorm|p1b: Choice Scarf|[spread] p1a,p1b\n|-damage|p1a: Nebulus|62/100\n|-damage|p1b: Choice Scarf|76/100\n|move|p1b: Choice Scarf|Psychic|p2b: Terapagos\n|-damage|p2b: Terapagos|46/100\n|move|p2a: Incineroar|Parting Shot|p1a: Nebulus\n|-unboost|p1a: Nebulus|atk|1\n|-unboost|p1a: Nebulus|spa|1\n|\n|t:|1746110380\n|switch|p2a: Calyrex|Calyrex-Shadow, L50|100/100|[from] Parting Shot\n|-ability|p2a: Calyrex|As One\n|-ability|p2a: Calyrex|Unnerve\n|\n|-heal|p2b: Terapagos|52/100|[from] item: Leftovers\n|upkeep\n|turn|2\n|\n|t:|1746110386\n|switch|p1a: Comet|Zamazenta-Crowned, L50|100/100\n|-ability|p1a: Comet|Dauntless Shield|boost\n|-boost|p1a: Comet|def|1\n|switch|p1b: Po|Urshifu, L50, M|100/100\n|move|p2a: Calyrex|Astral Barrage|p1a: Comet|[spread] p1a,p1b\n|-resisted|p1b: Po\n|-damage|p1a: Comet|57/100\n|-damage|p1b: Po|60/100\n|move|p2b: Terapagos|Tera Starstorm|p1a: Comet|[spread] p1a,p1b\n|-damage|p1a: Comet|33/100\n|-damage|p1b: Po|6/100\n|\n|-heal|p2b: Terapagos|58/100|[from] item: Leftovers\n|upkeep\n|turn|3\n|inactive|bowserx19 has 30 seconds left.\n|inactive|Alexx_vr has 30 seconds left.\n|inactive|bowserx19 has 20 seconds left.\n|\n|t:|1746110424\n|switch|p2b: Incineroar|Incineroar, L50, F|100/100\n|-ability|p2b: Incineroar|Intimidate|boost\n|-unboost|p1a: Comet|atk|1\n|-unboost|p1b: Po|atk|1\n|move|p1a: Comet|Wide Guard|p1a: Comet\n|-singleturn|p1a: Comet|Wide Guard\n|move|p2a: Calyrex|Disable|p1a: Comet\n|-start|p1a: Comet|Disable|Wide Guard\n|move|p1b: Po|Wicked Blow|p2a: Calyrex\n|-supereffective|p2a: Calyrex\n|-crit|p2a: Calyrex\n|-enditem|p2a: Calyrex|Focus Sash\n|-damage|p2a: Calyrex|1/100\n|\n|upkeep\n|turn|4\n|\n|t:|1746110446\n|switch|p1b: Choice Scarf|Indeedee-F, L50, F, shiny|76/100\n|-fieldstart|move: Psychic Terrain|[from] ability: Psychic Surge|[of] p1b: Choice Scarf\n|move|p2a: Calyrex|Astral Barrage|p1b: Choice Scarf|[spread] p1a\n|-immune|p1b: Choice Scarf\n|-damage|p1a: Comet|0 fnt\n|faint|p1a: Comet\n|-ability|p2a: Calyrex|Grim Neigh|boost\n|-boost|p2a: Calyrex|spa|1\n|move|p2b: Incineroar|Knock Off|p1b: Choice Scarf\n|-supereffective|p1b: Choice Scarf\n|-damage|p1b: Choice Scarf|19/100\n|\n|upkeep\n|\n|t:|1746110458\n|switch|p1a: Nebulus|Calyrex-Shadow, L50|62/100\n|-ability|p1a: Nebulus|As One\n|-ability|p1a: Nebulus|Unnerve\n|turn|5\n|\n|t:|1746110465\n|-terastallize|p1a: Nebulus|Ghost\n|move|p1b: Choice Scarf|Follow Me|p1b: Choice Scarf\n|-singleturn|p1b: Choice Scarf|move: Follow Me\n|move|p2a: Calyrex|Astral Barrage|p1a: Nebulus|[spread] p1a\n|-immune|p1b: Choice Scarf\n|-supereffective|p1a: Nebulus\n|-damage|p1a: Nebulus|0 fnt\n|faint|p1a: Nebulus\n|-ability|p2a: Calyrex|Grim Neigh|boost\n|-boost|p2a: Calyrex|spa|1\n|move|p2b: Incineroar|Knock Off|p1b: Choice Scarf\n|-supereffective|p1b: Choice Scarf\n|-damage|p1b: Choice Scarf|0 fnt\n|faint|p1b: Choice Scarf\n|\n|upkeep\n|\n|t:|1746110472\n|switch|p1b: Po|Urshifu, L50, M|6/100\n|turn|6\n|\n|t:|1746110480\n|move|p2a: Calyrex|Disable||[still]\n|-fail|p2a: Calyrex\n|move|p1b: Po|Wicked Blow|p2a: Calyrex\n|-supereffective|p2a: Calyrex\n|-crit|p2a: Calyrex\n|-damage|p2a: Calyrex|0 fnt\n|faint|p2a: Calyrex\n|move|p2b: Incineroar|Knock Off|p1b: Po\n|-resisted|p1b: Po\n|-damage|p1b: Po|0 fnt\n|-enditem|p1b: Po|Choice Band|[from] move: Knock Off|[of] p2b: Incineroar\n|faint|p1b: Po\n|\n|win|Alexx_vr\n||bowserx19 is ready for game 2.\n||Alexx_vr is ready for game 2.\n|uhtml|next|Next: <a href=\"/battle-gen9vgc2025regibo3-2354684323\"><strong>Game 2 of 3</strong></a>\n|l|\u2606bowserx19\n|player|p1|\n|l|\u2606Alexx_vr\n|player|p2|\n", "uploadtime": 1746110887, "views": 5, "formatid": "gen9vgc2025regibo3", "rating": null, "private": 0, "password": null}