{"id": "gen9vgc2025regibo3-2353795856", "format": "[Gen 9] VGC 2025 Reg I (Bo3)", "players": ["ginopollo", "AUBrigade"], "log": "|j|\u2606ginopollo\n|j|\u2606AUBrigade\n|html|<table width=\"100%\"><tr><td align=\"left\">ginopollo</td><td align=\"right\">AUBrigade</tr><tr><td align=\"left\"><i class=\"fa fa-circle-o\"></i> <i class=\"fa fa-circle-o\"></i> </td><td align=\"right\"><i class=\"fa fa-circle-o\"></i> <i class=\"fa fa-circle-o\"></i> </tr></table>\n|uhtml|bestof|<h2><strong>Game 1</strong> of <a href=\"/game-bestof3-gen9vgc2025regibo3-2353795855\">a best-of-3</a></h2>\n|t:|1746001343\n|gametype|doubles\n|player|p1|ginopollo|102|1303\n|player|p2|AUBrigade|morty|1359\n|teamsize|p1|6\n|teamsize|p2|6\n|gen|9\n|tier|[Gen 9] VGC 2025 Reg I (Bo3)\n|rated|\n|rule|Species Clause: Limit one of each Pok\u00e9mon\n|rule|Item Clause: Limit 1 of each item\n|clearpoke\n|poke|p1|Calyrex-Ice, L50|\n|poke|p1|Lunala, L50|\n|poke|p1|Smeargle, L50, M|\n|poke|p1|Ursaluna, L50, F|\n|poke|p1|Torkoal, L50, F|\n|poke|p1|Raging Bolt, L50|\n|poke|p2|Koraidon, L50|\n|poke|p2|Ho-Oh, L50|\n|poke|p2|Flutter Mane, L50|\n|poke|p2|Incineroar, L50, F|\n|poke|p2|Rillaboom, L50, F|\n|poke|p2|Cobalion, L50|\n|teampreview|4\n|showteam|p1|Calyrex-Ice||ClearAmulet|AsOneGlastrier|GlacialLance,HighHorsepower,Protect,TrickRoom||||||50|,,,,,Normal]Lunala||PowerHerb|ShadowShield|MoongeistBeam,MeteorBeam,WideGuard,TrickRoom||||||50|,,,,,Fairy]Smeargle||FocusSash|Moody|Spore,FollowMe,FakeOut,Decorate|||M|||50|,,,,,Grass]Ursaluna||FlameOrb|Guts|Protect,Facade,HeadlongRush,Crunch|||F|||50|,,,,,Water]Torkoal||LifeOrb|Drought|Eruption,EarthPower,Protect,HeatWave|||F|||50|,,,,,Grass]Raging Bolt||AssaultVest|Protosynthesis|Thunder,Thunderclap,Snarl,DracoMeteor||||||50|,,,,,Flying\n|showteam|p2|Koraidon||LoadedDice|OrichalcumPulse|ScaleShot,CollisionCourse,FlareBlitz,Protect||||||50|,,,,,Fire]Ho-Oh||ClearAmulet|Regenerator|SacredFire,BraveBird,Tailwind,Protect||||||50|,,,,,Grass]Flutter Mane||FocusSash|Protosynthesis|Moonblast,IcyWind,DazzlingGleam,Protect||||||50|,,,,,Fairy]Incineroar||SafetyGoggles|Intimidate|PartingShot,FakeOut,KnockOff,Taunt|||F|||50|,,,,,Bug]Rillaboom||AssaultVest|GrassySurge|Uturn,FakeOut,GrassyGlide,WoodHammer|||F|||50|,,,,,Fire]Cobalion||GrassySeed|Justified|BodyPress,IronDefense,Protect,QuickGuard||||||50|,,,,,Electric\n|\n|t:|1746001422\n|start\n|switch|p1a: Smeargle|Smeargle, L50, M|100/100\n|switch|p1b: Lunala|Lunala, L50|100/100\n|switch|p2a: Rillaboom|Rillaboom, L50, F|100/100\n|switch|p2b: Cobalion|Cobalion, L50|100/100\n|-fieldstart|move: Grassy Terrain|[from] ability: Grassy Surge|[of] p2a: Rillaboom\n|-enditem|p2b: Cobalion|Grassy Seed\n|-boost|p2b: Cobalion|def|1|[from] item: Grassy Seed\n|turn|1\n|inactive|Battle timer is ON: inactive players will automatically lose when time's up. (requested by ginopollo)\n|\n|t:|1746001468\n|move|p1a: Smeargle|Fake Out|p2a: Rillaboom\n|-damage|p2a: Rillaboom|96/100\n|move|p2b: Cobalion|Body Press|p1a: Smeargle\n|-supereffective|p1a: Smeargle\n|-enditem|p1a: Smeargle|Focus Sash\n|-damage|p1a: Smeargle|1/100\n|cant|p2a: Rillaboom|flinch\n|move|p1b: Lunala|Trick Room|p1b: Lunala\n|-fieldstart|move: Trick Room|[of] p1b: Lunala\n|\n|-heal|p2a: Rillaboom|100/100|[from] Grassy Terrain\n|-heal|p1a: Smeargle|7/100|[from] Grassy Terrain\n|-ability|p1a: Smeargle|Moody|boost\n|-boost|p1a: Smeargle|spe|2\n|-unboost|p1a: Smeargle|spa|1\n|upkeep\n|turn|2\n|inactive|ginopollo has 30 seconds left.\n|inactive|AUBrigade has 30 seconds left.\n|inactive|ginopollo has 20 seconds left.\n|inactive|AUBrigade has 20 seconds left.\n|inactive|ginopollo has 15 seconds left.\n|inactive|AUBrigade has 15 seconds left.\n|inactive|ginopollo has 10 seconds left.\n|inactive|AUBrigade has 10 seconds left.\n|\n|t:|1746001515\n|switch|p2b: Incineroar|Incineroar, L50, F|100/100\n|-ability|p2b: Incineroar|Intimidate|boost\n|-unboost|p1a: Smeargle|atk|1\n|-unboost|p1b: Lunala|atk|1\n|switch|p1a: Torkoal|Torkoal, L50, F|100/100\n|-weather|SunnyDay|[from] ability: Drought|[of] p1a: Torkoal\n|move|p2a: Rillaboom|Grassy Glide|p1a: Torkoal\n|-resisted|p1a: Torkoal\n|-damage|p1a: Torkoal|87/100\n|move|p1b: Lunala|Moongeist Beam|p2b: Incineroar\n|-resisted|p2b: Incineroar\n|-damage|p2b: Incineroar|71/100\n|\n|-weather|SunnyDay|[upkeep]\n|-heal|p1a: Torkoal|93/100|[from] Grassy Terrain\n|-heal|p2b: Incineroar|77/100|[from] Grassy Terrain\n|upkeep\n|turn|3\n|inactive|AUBrigade has 30 seconds left.\n|inactive|AUBrigade has 20 seconds left.\n|\n|t:|1746001553\n|-terastallize|p2a: Rillaboom|Fire\n|move|p1a: Torkoal|Heat Wave|p2b: Incineroar|[spread] p2a,p2b\n|-resisted|p2a: Rillaboom\n|-resisted|p2b: Incineroar\n|-damage|p2a: Rillaboom|82/100\n|-damage|p2b: Incineroar|51/100\n|-damage|p1a: Torkoal|84/100|[from] item: Life Orb\n|move|p2b: Incineroar|Knock Off|p1b: Lunala\n|-supereffective|p1b: Lunala\n|-damage|p1b: Lunala|46/100\n|-enditem|p1b: Lunala|Power Herb|[from] move: Knock Off|[of] p2b: Incineroar\n|move|p2a: Rillaboom|Wood Hammer|p1b: Lunala\n|-damage|p1b: Lunala|0 fnt\n|faint|p1b: Lunala\n|-damage|p2a: Rillaboom|65/100|[from] Recoil\n|\n|-weather|SunnyDay|[upkeep]\n|-heal|p1a: Torkoal|90/100|[from] Grassy Terrain\n|-heal|p2b: Incineroar|57/100|[from] Grassy Terrain\n|-heal|p2a: Rillaboom|71/100|[from] Grassy Terrain\n|upkeep\n|\n|t:|1746001566\n|switch|p1b: Calyrex|Calyrex-Ice, L50|100/100\n|-ability|p1b: Calyrex|As One\n|-ability|p1b: Calyrex|Unnerve\n|turn|4\n|inactive|AUBrigade has 30 seconds left.\n|\n|t:|1746001596\n|-terastallize|p1b: Calyrex|Normal\n|move|p1a: Torkoal|Earth Power|p2b: Incineroar\n|-supereffective|p2b: Incineroar\n|-damage|p2b: Incineroar|0 fnt\n|faint|p2b: Incineroar\n|-damage|p1a: Torkoal|80/100|[from] item: Life Orb\n|move|p1b: Calyrex|High Horsepower|p2a: Rillaboom\n|-supereffective|p2a: Rillaboom\n|-damage|p2a: Rillaboom|0 fnt\n|faint|p2a: Rillaboom\n|-ability|p1b: Calyrex|Chilling Neigh|boost\n|-boost|p1b: Calyrex|atk|1\n|\n|-weather|SunnyDay|[upkeep]\n|-heal|p1a: Torkoal|86/100|[from] Grassy Terrain\n|upkeep\n|\n|t:|1746001610\n|switch|p2b: Cobalion|Cobalion, L50|100/100\n|switch|p2a: Ho-Oh|Ho-Oh, L50|100/100\n|turn|5\n|\n|t:|1746001629\n|switch|p1a: Smeargle|Smeargle, L50, M|7/100\n|move|p2a: Ho-Oh|Protect|p2a: Ho-Oh\n|-singleturn|p2a: Ho-Oh|Protect\n|move|p2b: Cobalion|Protect|p2b: Cobalion\n|-singleturn|p2b: Cobalion|Protect\n|move|p1b: Calyrex|High Horsepower|p2b: Cobalion\n|-activate|p2b: Cobalion|move: Protect\n|\n|-weather|SunnyDay|[upkeep]\n|-heal|p1a: Smeargle|13/100|[from] Grassy Terrain\n|-fieldend|move: Trick Room\n|-fieldend|move: Grassy Terrain\n|-ability|p1a: Smeargle|Moody|boost\n|-boost|p1a: Smeargle|spe|2\n|-unboost|p1a: Smeargle|spa|1\n|upkeep\n|turn|6\n|inactive|ginopollo has 30 seconds left.\n|\n|t:|1746001654\n|move|p2b: Cobalion|Quick Guard|p2b: Cobalion\n|-singleturn|p2b: Cobalion|Quick Guard\n|move|p1a: Smeargle|Spore|p2b: Cobalion\n|-status|p2b: Cobalion|slp|[from] move: Spore\n|move|p2a: Ho-Oh|Sacred Fire|p1b: Calyrex\n|-damage|p1b: Calyrex|54/100\n|move|p1b: Calyrex|Glacial Lance|p2b: Cobalion|[spread] p2a,p2b\n|-resisted|p2b: Cobalion\n|-damage|p2a: Ho-Oh|33/100\n|-damage|p2b: Cobalion|76/100 slp\n|\n|-weather|none\n|-ability|p1a: Smeargle|Moody|boost\n|-boost|p1a: Smeargle|def|2\n|-unboost|p1a: Smeargle|spe|1\n|upkeep\n|turn|7\n|inactive|AUBrigade has 30 seconds left.\n|\n|t:|1746001680\n|move|p1a: Smeargle|Spore|p2a: Ho-Oh\n|-status|p2a: Ho-Oh|slp|[from] move: Spore\n|cant|p2b: Cobalion|slp\n|cant|p2a: Ho-Oh|slp\n|move|p1b: Calyrex|High Horsepower|p2b: Cobalion\n|-supereffective|p2b: Cobalion\n|-damage|p2b: Cobalion|0 fnt\n|faint|p2b: Cobalion\n|-ability|p1b: Calyrex|Chilling Neigh|boost\n|-boost|p1b: Calyrex|atk|1\n|\n|-ability|p1a: Smeargle|Moody|boost\n|-boost|p1a: Smeargle|atk|2\n|-unboost|p1a: Smeargle|spd|1\n|upkeep\n|turn|8\n|\n|t:|1746001695\n|move|p1a: Smeargle|Follow Me|p1a: Smeargle\n|-singleturn|p1a: Smeargle|move: Follow Me\n|-curestatus|p2a: Ho-Oh|slp|[msg]\n|move|p2a: Ho-Oh|Brave Bird|p1a: Smeargle\n|-damage|p1a: Smeargle|0 fnt\n|faint|p1a: Smeargle\n|-damage|p2a: Ho-Oh|30/100|[from] Recoil\n|move|p1b: Calyrex|Glacial Lance|p2a: Ho-Oh\n|-damage|p2a: Ho-Oh|0 fnt\n|faint|p2a: Ho-Oh\n|\n|win|ginopollo\n||AUBrigade is ready for game 2.\n||ginopollo is ready for game 2.\n|uhtml|next|Next: <a href=\"/battle-gen9vgc2025regibo3-2353797989\"><strong>Game 2 of 3</strong></a>\n|l|\u2606AUBrigade\n|player|p2|\n|l|\u2606ginopollo\n|player|p1|\n", "uploadtime": 1746001994, "views": 10, "formatid": "gen9vgc2025regibo3", "rating": null, "private": 0, "password": null}