{"id": "gen9vgc2025regibo3-2354134294", "format": "[Gen 9] VGC 2025 Reg I (Bo3)", "players": ["Ugly God", "aieee force a toi"], "log": "|j|\u2606Ugly God\n|j|\u2606aieee force a toi\n|html|<table width=\"100%\"><tr><td align=\"left\">Ugly God</td><td align=\"right\">aieee force a toi</tr><tr><td align=\"left\"><i class=\"fa fa-circle-o\"></i> <i class=\"fa fa-circle-o\"></i> </td><td align=\"right\"><i class=\"fa fa-circle-o\"></i> <i class=\"fa fa-circle-o\"></i> </tr></table>\n|uhtml|bestof|<h2><strong>Game 1</strong> of <a href=\"/game-bestof3-gen9vgc2025regibo3-2354134293\">a best-of-3</a></h2>\n|t:|1746037796\n|gametype|doubles\n|player|p1|Ugly God|265|1138\n|player|p2|aieee force a toi|swimmer|1084\n|teamsize|p1|6\n|teamsize|p2|6\n|gen|9\n|tier|[Gen 9] VGC 2025 Reg I (Bo3)\n|rated|\n|rule|Species Clause: Limit one of each Pok\u00e9mon\n|rule|Item Clause: Limit 1 of each item\n|clearpoke\n|poke|p1|Calyrex-Shadow, L50|\n|poke|p1|Zamazenta-*, L50|\n|poke|p1|Chien-Pao, L50|\n|poke|p1|Dragonite, L50, F|\n|poke|p1|Incineroar, L50, F|\n|poke|p1|Amoonguss, L50, F|\n|poke|p2|Calyrex-Shadow, L50|\n|poke|p2|Terapagos, L50, M|\n|poke|p2|Rillaboom, L50, M|\n|poke|p2|Dragapult, L50, F|\n|poke|p2|Volcarona, L50, F|\n|poke|p2|Farigiraf, L50, M|\n|teampreview|4\n|showteam|p1|Calyrex-Shadow||LifeOrb|AsOneSpectrier|Psyshock,Protect,AstralBarrage,TeraBlast||||||50|,,,,,Fairy]Zamazenta-Crowned||RustedShield|DauntlessShield|BodyPress,WideGuard,HeavySlam,Protect||||||50|,,,,,Dragon]Chien-Pao||FocusSash|SwordofRuin|IceSpinner,SuckerPunch,SacredSword,Protect||||||50|,,,,,Ghost]Dragonite||ChoiceBand|InnerFocus|ExtremeSpeed,Outrage,IceSpinner,StompingTantrum|||F|||50|,,,,,Normal]Incineroar||SafetyGoggles|Intimidate|KnockOff,FakeOut,PartingShot,FlareBlitz|||F|||50|,,,,,Ghost]Amoonguss||RockyHelmet|Regenerator|Spore,SludgeBomb,RagePowder,PollenPuff|||F|||50|,,,,,Water\n|showteam|p2|Calyrex-Shadow||FocusSash|AsOneSpectrier|AstralBarrage,Encore,Protect,Psychic||||||50|,,,,,Ghost]Terapagos||Leftovers|TeraShift|CalmMind,TeraStarstorm,Protect,EarthPower|||M|||50|,,,,,Stellar]Rillaboom||AssaultVest|GrassySurge|FakeOut,GrassyGlide,WoodHammer,LowKick|||M|||50|,,,,,Grass]Dragapult||ChoiceBand|Infiltrator|DragonDarts,PhantomForce,Outrage,Uturn|||F|||50|,,,,,Dragon]Volcarona||SafetyGoggles|FlameBody|RagePowder,StruggleBug,Tailwind,WillOWisp|||F|||50|,,,,,Water]Farigiraf||RockyHelmet|ArmorTail|HelpingHand,FoulPlay,Psychic,Imprison|||M|||50|,,,,,Water\n|\n|t:|1746037817\n|start\n|switch|p1a: Incineroar|Incineroar, L50, F, shiny|100/100\n|switch|p1b: Zamazenta|Zamazenta-Crowned, L50, shiny|100/100\n|switch|p2a: Terapagos|Terapagos, L50, M|100/100\n|switch|p2b: Volcarona|Volcarona, L50, F|100/100\n|-activate|p2a: Terapagos|ability: Tera Shift\n|detailschange|p2a: Terapagos|Terapagos-Terastal, L50, M\n|-heal|p2a: Terapagos|100/100|[silent]\n|-ability|p1b: Zamazenta|Dauntless Shield|boost\n|-boost|p1b: Zamazenta|def|1\n|-ability|p1a: Incineroar|Intimidate|boost\n|-unboost|p2a: Terapagos|atk|1\n|-unboost|p2b: Volcarona|atk|1\n|turn|1\n|\n|t:|1746037837\n|move|p2a: Terapagos|Protect|p2a: Terapagos\n|-singleturn|p2a: Terapagos|Protect\n|move|p1a: Incineroar|Fake Out|p2b: Volcarona\n|-damage|p2b: Volcarona|88/100\n|move|p1b: Zamazenta|Body Press|p2a: Terapagos\n|-activate|p2a: Terapagos|move: Protect\n|cant|p2b: Volcarona|flinch\n|\n|upkeep\n|turn|2\n|inactive|Battle timer is ON: inactive players will automatically lose when time's up. (requested by Ugly God)\n|\n|t:|1746037861\n|-terastallize|p1b: Zamazenta|Dragon\n|move|p1b: Zamazenta|Body Press|p2a: Terapagos\n|-activate|p2a: Terapagos|ability: Tera Shell\n|-resisted|p2a: Terapagos\n|-damage|p2a: Terapagos|69/100\n|move|p2b: Volcarona|Tailwind|p2b: Volcarona\n|-sidestart|p2: aieee force a toi|move: Tailwind\n|move|p2a: Terapagos|Earth Power|p1b: Zamazenta\n|-damage|p1b: Zamazenta|77/100\n|move|p1a: Incineroar|Knock Off|p2b: Volcarona\n|-damage|p2b: Volcarona|47/100\n|-enditem|p2b: Volcarona|Safety Goggles|[from] move: Knock Off|[of] p1a: Incineroar\n|\n|-heal|p2a: Terapagos|75/100|[from] item: Leftovers\n|upkeep\n|turn|3\n|\n|t:|1746037887\n|switch|p2a: Calyrex|Calyrex-Shadow, L50|100/100\n|-ability|p2a: Calyrex|As One\n|-ability|p2a: Calyrex|Unnerve\n|move|p2b: Volcarona|Will-O-Wisp|p1b: Zamazenta\n|-status|p1b: Zamazenta|brn\n|move|p1b: Zamazenta|Body Press|p2a: Calyrex\n|-immune|p2a: Calyrex\n|move|p1a: Incineroar|Flare Blitz|p2b: Volcarona\n|-damage|p2b: Volcarona|0 fnt\n|faint|p2b: Volcarona\n|-damage|p1a: Incineroar|86/100|[from] Recoil\n|\n|-damage|p1b: Zamazenta|71/100 brn|[from] brn\n|upkeep\n|inactive|aieee force a toi has 30 seconds left.\n|\n|t:|1746037917\n|switch|p2b: Rillaboom|Rillaboom, L50, M|100/100\n|-fieldstart|move: Grassy Terrain|[from] ability: Grassy Surge|[of] p2b: Rillaboom\n|turn|4\n|\n|t:|1746037934\n|move|p2b: Rillaboom|Fake Out|p1a: Incineroar\n|-damage|p1a: Incineroar|76/100\n|move|p2a: Calyrex|Encore|p1b: Zamazenta\n|-start|p1b: Zamazenta|Encore\n|move|p1b: Zamazenta|Body Press|p2b: Rillaboom\n|-damage|p2b: Rillaboom|64/100\n|cant|p1a: Incineroar|flinch\n|\n|-heal|p2b: Rillaboom|70/100|[from] Grassy Terrain\n|-heal|p1b: Zamazenta|77/100 brn|[from] Grassy Terrain\n|-heal|p1a: Incineroar|82/100|[from] Grassy Terrain\n|-damage|p1b: Zamazenta|71/100 brn|[from] brn\n|upkeep\n|turn|5\n|inactive|aieee force a toi has 30 seconds left.\n|\n|t:|1746037960\n|move|p2a: Calyrex|Astral Barrage|p1b: Zamazenta|[spread] p1a,p1b\n|-resisted|p1a: Incineroar\n|-damage|p1a: Incineroar|60/100\n|-damage|p1b: Zamazenta|29/100 brn\n|move|p2b: Rillaboom|Wood Hammer|p1a: Incineroar\n|-resisted|p1a: Incineroar\n|-crit|p1a: Incineroar\n|-damage|p1a: Incineroar|16/100\n|-damage|p2b: Rillaboom|55/100|[from] Recoil\n|move|p1b: Zamazenta|Body Press|p2b: Rillaboom\n|-damage|p2b: Rillaboom|17/100\n|move|p1a: Incineroar|Knock Off|p2a: Calyrex\n|-supereffective|p2a: Calyrex\n|-enditem|p2a: Calyrex|Focus Sash\n|-damage|p2a: Calyrex|1/100\n|\n|-heal|p2a: Calyrex|7/100|[from] Grassy Terrain\n|-heal|p2b: Rillaboom|23/100|[from] Grassy Terrain\n|-heal|p1b: Zamazenta|35/100 brn|[from] Grassy Terrain\n|-heal|p1a: Incineroar|22/100|[from] Grassy Terrain\n|-damage|p1b: Zamazenta|29/100 brn|[from] brn\n|-sideend|p2: aieee force a toi|move: Tailwind\n|upkeep\n|turn|6\n|\n|t:|1746037980\n|switch|p2b: Terapagos|Terapagos-Terastal, L50, M|75/100\n|move|p2a: Calyrex|Astral Barrage|p1a: Incineroar|[spread] p1a,p1b\n|-resisted|p1a: Incineroar\n|-damage|p1a: Incineroar|0 fnt\n|-damage|p1b: Zamazenta|0 fnt\n|faint|p1a: Incineroar\n|faint|p1b: Zamazenta\n|-ability|p2a: Calyrex|Grim Neigh|boost\n|-boost|p2a: Calyrex|spa|2\n|\n|-heal|p2a: Calyrex|12/100|[from] Grassy Terrain\n|-heal|p2b: Terapagos|81/100|[from] Grassy Terrain\n|-heal|p2b: Terapagos|87/100|[from] item: Leftovers\n|upkeep\n|\n|t:|1746037985\n|switch|p1b: Chien-Pao|Chien-Pao, L50|100/100\n|switch|p1a: Calyrex|Calyrex-Shadow, L50|100/100\n|-ability|p1a: Calyrex|As One\n|-ability|p1a: Calyrex|Unnerve\n|-ability|p1b: Chien-Pao|Sword of Ruin\n|turn|7\n|\n|t:|1746038009\n|move|p2a: Calyrex|Protect|p2a: Calyrex\n|-singleturn|p2a: Calyrex|Protect\n|move|p1b: Chien-Pao|Sucker Punch||[still]\n|-fail|p1b: Chien-Pao\n|move|p1a: Calyrex|Psyshock|p2b: Terapagos\n|-damage|p2b: Terapagos|27/100\n|-damage|p1a: Calyrex|91/100|[from] item: Life Orb\n|move|p2b: Terapagos|Calm Mind|p2b: Terapagos\n|-boost|p2b: Terapagos|spa|1\n|-boost|p2b: Terapagos|spd|1\n|\n|-heal|p2a: Calyrex|18/100|[from] Grassy Terrain\n|-heal|p1a: Calyrex|97/100|[from] Grassy Terrain\n|-heal|p2b: Terapagos|33/100|[from] Grassy Terrain\n|-heal|p2b: Terapagos|39/100|[from] item: Leftovers\n|upkeep\n|turn|8\n|\n|t:|1746038020\n|switch|p2a: Rillaboom|Rillaboom, L50, M|23/100\n|move|p2b: Terapagos|Protect|p2b: Terapagos\n|-singleturn|p2b: Terapagos|Protect\n|move|p1b: Chien-Pao|Sucker Punch||[still]\n|-fail|p1b: Chien-Pao\n|move|p1a: Calyrex|Psyshock|p2b: Terapagos\n|-activate|p2b: Terapagos|move: Protect\n|\n|-heal|p1a: Calyrex|100/100|[from] Grassy Terrain\n|-heal|p2a: Rillaboom|29/100|[from] Grassy Terrain\n|-heal|p2b: Terapagos|45/100|[from] Grassy Terrain\n|-heal|p2b: Terapagos|51/100|[from] item: Leftovers\n|-fieldend|move: Grassy Terrain\n|upkeep\n|turn|9\n|\n|t:|1746038040\n|-terastallize|p2b: Terapagos|Stellar\n|detailschange|p2b: Terapagos|Terapagos-Stellar, L50, M, tera:Stellar\n|-heal|p2b: Terapagos|63/100|[silent]\n|move|p1b: Chien-Pao|Protect|p1b: Chien-Pao\n|-singleturn|p1b: Chien-Pao|Protect\n|move|p2a: Rillaboom|Fake Out|p1b: Chien-Pao\n|-activate|p1b: Chien-Pao|move: Protect\n|move|p1a: Calyrex|Psyshock|p2b: Terapagos\n|-damage|p2b: Terapagos|11/100\n|-damage|p1a: Calyrex|91/100|[from] item: Life Orb\n|move|p2b: Terapagos|Tera Starstorm|p1b: Chien-Pao|[spread] p1a\n|-activate|p1b: Chien-Pao|move: Protect\n|-damage|p1a: Calyrex|31/100\n|\n|-heal|p2b: Terapagos|17/100|[from] item: Leftovers\n|upkeep\n|turn|10\n|\n|t:|1746038058\n|switch|p2a: Calyrex|Calyrex-Shadow, L50|18/100\n|-ability|p2a: Calyrex|As One\n|-ability|p2a: Calyrex|Unnerve\n|move|p2b: Terapagos|Protect|p2b: Terapagos\n|-singleturn|p2b: Terapagos|Protect\n|move|p1b: Chien-Pao|Sucker Punch||[still]\n|-fail|p1b: Chien-Pao\n|move|p1a: Calyrex|Psyshock|p2b: Terapagos\n|-activate|p2b: Terapagos|move: Protect\n|\n|-heal|p2b: Terapagos|23/100|[from] item: Leftovers\n|upkeep\n|turn|11\n|\n|t:|1746038079\n|move|p2a: Calyrex|Protect|p2a: Calyrex\n|-singleturn|p2a: Calyrex|Protect\n|move|p1b: Chien-Pao|Protect|p1b: Chien-Pao\n|-singleturn|p1b: Chien-Pao|Protect\n|move|p1a: Calyrex|Psyshock|p2b: Terapagos\n|-damage|p2b: Terapagos|0 fnt\n|faint|p2b: Terapagos\n|-ability|p1a: Calyrex|Grim Neigh|boost\n|-boost|p1a: Calyrex|spa|1\n|-damage|p1a: Calyrex|21/100|[from] item: Life Orb\n|\n|upkeep\n|\n|t:|1746038086\n|switch|p2b: Rillaboom|Rillaboom, L50, M|29/100\n|-fieldstart|move: Grassy Terrain|[from] ability: Grassy Surge|[of] p2b: Rillaboom\n|turn|12\n|\n|t:|1746038109\n|move|p2b: Rillaboom|Fake Out|p1b: Chien-Pao\n|-damage|p1b: Chien-Pao|82/100\n|cant|p1b: Chien-Pao|flinch\n|move|p2a: Calyrex|Astral Barrage|p1b: Chien-Pao|[spread] p1a,p1b\n|-supereffective|p1a: Calyrex\n|-resisted|p1b: Chien-Pao\n|-damage|p1a: Calyrex|0 fnt\n|-damage|p1b: Chien-Pao|33/100\n|faint|p1a: Calyrex\n|-ability|p2a: Calyrex|Grim Neigh|boost\n|-boost|p2a: Calyrex|spa|1\n|\n|-heal|p2a: Calyrex|24/100|[from] Grassy Terrain\n|-heal|p1b: Chien-Pao|39/100|[from] Grassy Terrain\n|-heal|p2b: Rillaboom|35/100|[from] Grassy Terrain\n|upkeep\n|turn|13\n|\n|t:|1746038125\n|move|p1b: Chien-Pao|Sucker Punch||[still]\n|-fail|p1b: Chien-Pao\n|move|p2b: Rillaboom|Grassy Glide|p1b: Chien-Pao\n|-damage|p1b: Chien-Pao|0 fnt\n|faint|p1b: Chien-Pao\n|\n|win|aieee force a toi\n||aieee force a toi is ready for game 2.\n||Ugly God is ready for game 2.\n|uhtml|next|Next: <a href=\"/battle-gen9vgc2025regibo3-2354138144\"><strong>Game 2 of 3</strong></a>\n", "uploadtime": 1746038264, "views": 6, "formatid": "gen9vgc2025regibo3", "rating": null, "private": 0, "password": null}