{"id": "gen9vgc2025regibo3-2354316818", "format": "[Gen 9] VGC 2025 Reg I (Bo3)", "players": ["is_katabo", "goldentrubbish13"], "log": "|j|\u2606is_katabo\n|j|\u203dgoldentrubbish13\n|html|<table width=\"100%\"><tr><td align=\"left\">is_katabo</td><td align=\"right\">goldentrubbish13</tr><tr><td align=\"left\"><i class=\"fa fa-circle-o\"></i> <i class=\"fa fa-circle-o\"></i> </td><td align=\"right\"><i class=\"fa fa-circle-o\"></i> <i class=\"fa fa-circle-o\"></i> </tr></table>\n|uhtml|bestof|<h2><strong>Game 1</strong> of <a href=\"/game-bestof3-gen9vgc2025regibo3-2354316817\">a best-of-3</a></h2>\n|t:|1746056562\n|gametype|doubles\n|player|p1|is_katabo|caitlin|1121\n|player|p2|goldentrubbish13|265|1075\n|teamsize|p1|6\n|teamsize|p2|6\n|gen|9\n|tier|[Gen 9] VGC 2025 Reg I (Bo3)\n|rated|\n|rule|Species Clause: Limit one of each Pok\u00e9mon\n|rule|Item Clause: Limit 1 of each item\n|clearpoke\n|poke|p1|Koraidon, L50|\n|poke|p1|Calyrex-Shadow, L50|\n|poke|p1|Incineroar, L50, F|\n|poke|p1|Indeedee-F, L50, F|\n|poke|p1|Brute Bonnet, L50|\n|poke|p1|Flutter Mane, L50|\n|poke|p2|Calyrex-Shadow, L50|\n|poke|p2|Koraidon, L50|\n|poke|p2|Whimsicott, L50, F|\n|poke|p2|Ogerpon-Hearthflame, L50, F|\n|poke|p2|Incineroar, L50, M|\n|poke|p2|Iron Hands, L50|\n|teampreview|4\n|showteam|p1|Koraidon||LifeOrb|OrichalcumPulse|CloseCombat,FlameCharge,FlareBlitz,Protect||||||50|,,,,,Fire]Calyrex-Shadow||FocusSash|AsOneSpectrier|AstralBarrage,ExpandingForce,Psychic,Protect||||||50|,,,,,Ghost]Incineroar||SafetyGoggles|Intimidate|FakeOut,KnockOff,PartingShot,Taunt|||F|||50|,,,,,Bug]Indeedee-F||RockyHelmet|PsychicSurge|Psychic,FollowMe,HelpingHand,TrickRoom|||F|||50|,,,,,Water]Brute Bonnet||CovertCloak|Protosynthesis|SeedBomb,SuckerPunch,RagePowder,Spore||||||50|,,,,,Fairy]Flutter Mane||BoosterEnergy|Protosynthesis|Moonblast,IcyWind,Taunt,Protect||||||50|,,,,,Water\n|showteam|p2|Calyrex-Shadow||FocusSash|AsOneSpectrier|AstralBarrage,Psychic,NastyPlot,Protect||||||50|,,,,,Ghost]Koraidon||LifeOrb|OrichalcumPulse|FlareBlitz,CloseCombat,FlameCharge,Protect||||||50|,,,,,Fire]Whimsicott||CovertCloak|Prankster|Moonblast,Tailwind,Encore,Taunt|||F|||50|,,,,,Dark]Ogerpon-Hearthflame||HearthflameMask|MoldBreaker|IvyCudgel,WoodHammer,FollowMe,SpikyShield|||F|||50|,,,,,Fire]Incineroar||RockyHelmet|Intimidate|KnockOff,Taunt,PartingShot,FakeOut|||M|||50|,,,,,Grass]Iron Hands||AssaultVest|QuarkDrive|WildCharge,DrainPunch,LowKick,FakeOut||||||50|,,,,,Water\n|inactive|Battle timer is ON: inactive players will automatically lose when time's up. (requested by goldentrubbish13)\n|\n|t:|1746056597\n|start\n|switch|p1a: Jockey|Calyrex-Shadow, L50|100/100\n|switch|p1b: Goat|Indeedee-F, L50, F|100/100\n|switch|p2a: Whimsicott|Whimsicott, L50, F|100/100\n|switch|p2b: Calyrex|Calyrex-Shadow, L50|100/100\n|-ability|p2b: Calyrex|As One\n|-ability|p2b: Calyrex|Unnerve\n|-ability|p1a: Jockey|As One\n|-ability|p1a: Jockey|Unnerve\n|-fieldstart|move: Psychic Terrain|[from] ability: Psychic Surge|[of] p1b: Goat\n|turn|1\n|inactive|goldentrubbish13 has 30 seconds left.\n|inactive|goldentrubbish13 has 20 seconds left.\n|inactive|goldentrubbish13 has 15 seconds left.\n|\n|t:|1746056642\n|move|p2b: Calyrex|Protect|p2b: Calyrex\n|-singleturn|p2b: Calyrex|Protect\n|move|p2a: Whimsicott|Tailwind|p2a: Whimsicott\n|-sidestart|p2: goldentrubbish13|move: Tailwind\n|move|p1a: Jockey|Astral Barrage|p2b: Calyrex|[spread] p2a\n|-activate|p2b: Calyrex|move: Protect\n|-damage|p2a: Whimsicott|25/100\n|move|p1b: Goat|Psychic|p2b: Calyrex\n|-activate|p2b: Calyrex|move: Protect\n|\n|upkeep\n|turn|2\n|inactive|goldentrubbish13 has 30 seconds left.\n|inactive|goldentrubbish13 has 20 seconds left.\n|\n|t:|1746056677\n|move|p1a: Jockey|Protect|p1a: Jockey\n|-singleturn|p1a: Jockey|Protect\n|move|p2b: Calyrex|Astral Barrage|p1b: Goat|[spread] \n|-activate|p1a: Jockey|move: Protect\n|-immune|p1b: Goat\n|move|p2a: Whimsicott|Moonblast|p1a: Jockey\n|-activate|p1a: Jockey|move: Protect\n|move|p1b: Goat|Trick Room|p1b: Goat\n|-fieldstart|move: Trick Room|[of] p1b: Goat\n|\n|upkeep\n|turn|3\n|\n|t:|1746056692\n|move|p2b: Calyrex|Protect|p2b: Calyrex\n|-singleturn|p2b: Calyrex|Protect\n|move|p2a: Whimsicott|Encore|p1b: Goat\n|-activate|p1b: Goat|move: Psychic Terrain\n|move|p1b: Goat|Psychic|p2b: Calyrex\n|-activate|p2b: Calyrex|move: Protect\n|move|p1a: Jockey|Astral Barrage|p2a: Whimsicott|[spread] p2a\n|-activate|p2b: Calyrex|move: Protect\n|-damage|p2a: Whimsicott|0 fnt\n|faint|p2a: Whimsicott\n|-ability|p1a: Jockey|Grim Neigh|boost\n|-boost|p1a: Jockey|spa|1\n|\n|upkeep\n|\n|t:|1746056702\n|switch|p2a: Ogerpon|Ogerpon-Hearthflame, L50, F|100/100\n|-ability|p2a: Ogerpon|Mold Breaker\n|turn|4\n|inactive|is_katabo has 30 seconds left.\n|\n|t:|1746056729\n|move|p2a: Ogerpon|Follow Me|p2a: Ogerpon\n|-singleturn|p2a: Ogerpon|move: Follow Me\n|move|p1b: Goat|Psychic|p2a: Ogerpon\n|-damage|p2a: Ogerpon|59/100\n|move|p1a: Jockey|Astral Barrage|p2a: Ogerpon|[spread] p2a,p2b\n|-supereffective|p2b: Calyrex\n|-damage|p2a: Ogerpon|0 fnt\n|-enditem|p2b: Calyrex|Focus Sash\n|-damage|p2b: Calyrex|1/100\n|faint|p2a: Ogerpon\n|-ability|p1a: Jockey|Grim Neigh|boost\n|-boost|p1a: Jockey|spa|1\n|move|p2b: Calyrex|Astral Barrage|p1a: Jockey|[spread] p1a\n|-immune|p1b: Goat\n|-supereffective|p1a: Jockey\n|-enditem|p1a: Jockey|Focus Sash\n|-damage|p1a: Jockey|1/100\n|\n|-sideend|p2: goldentrubbish13|move: Tailwind\n|upkeep\n|\n|t:|1746056748\n|switch|p2a: Koraidon|Koraidon, L50|100/100\n|-weather|SunnyDay|[from] ability: Orichalcum Pulse|[of] p2a: Koraidon\n|-activate|p2a: Koraidon|Orichalcum Pulse|[source]\n|turn|5\n|\n|t:|1746056754\n|move|p2a: Koraidon|Protect|p2a: Koraidon\n|-singleturn|p2a: Koraidon|Protect\n|move|p1a: Jockey|Protect|p1a: Jockey\n|-singleturn|p1a: Jockey|Protect\n|move|p2b: Calyrex|Protect|p2b: Calyrex\n|-singleturn|p2b: Calyrex|Protect\n|move|p1b: Goat|Psychic|p2b: Calyrex\n|-activate|p2b: Calyrex|move: Protect\n|\n|-weather|SunnyDay|[upkeep]\n|-fieldend|move: Psychic Terrain\n|upkeep\n|turn|6\n|inactive|goldentrubbish13 has 30 seconds left.\n|\n|t:|1746056779\n|-terastallize|p2a: Koraidon|Fire\n|move|p1b: Goat|Psychic|p2b: Calyrex\n|-resisted|p2b: Calyrex\n|-damage|p2b: Calyrex|0 fnt\n|faint|p2b: Calyrex\n|move|p2a: Koraidon|Flame Charge|p1a: Jockey\n|-damage|p1a: Jockey|0 fnt\n|-boost|p2a: Koraidon|spe|1\n|faint|p1a: Jockey\n|-damage|p2a: Koraidon|91/100|[from] item: Life Orb\n|\n|-weather|SunnyDay|[upkeep]\n|-fieldend|move: Trick Room\n|upkeep\n|\n|t:|1746056791\n|switch|p1a: Chicken|Koraidon, L50|100/100\n|-activate|p1a: Chicken|ability: Orichalcum Pulse\n|turn|7\n|\n|t:|1746056797\n|move|p1b: Goat|Follow Me|p1b: Goat\n|-singleturn|p1b: Goat|move: Follow Me\n|move|p2a: Koraidon|Close Combat|p1b: Goat\n|-damage|p1b: Goat|0 fnt\n|-unboost|p2a: Koraidon|def|1\n|-unboost|p2a: Koraidon|spd|1\n|-damage|p2a: Koraidon|74/100|[from] item: Rocky Helmet|[of] p1b: Goat\n|faint|p1b: Goat\n|-damage|p2a: Koraidon|65/100|[from] item: Life Orb\n|move|p1a: Chicken|Close Combat|p2a: Koraidon\n|-damage|p2a: Koraidon|0 fnt\n|-unboost|p1a: Chicken|def|1\n|-unboost|p1a: Chicken|spd|1\n|faint|p2a: Koraidon\n|-damage|p1a: Chicken|91/100|[from] item: Life Orb\n|\n|win|is_katabo\n||goldentrubbish13 is ready for game 2.\n|inactive|is_katabo has 30 seconds to confirm battle start!\n||is_katabo is ready for game 2.\n|uhtml|next|Next: <a href=\"/battle-gen9vgc2025regibo3-2354319031\"><strong>Game 2 of 3</strong></a>\n", "uploadtime": 1746057294, "views": 9, "formatid": "gen9vgc2025regibo3", "rating": null, "private": 0, "password": null}