{"id": "gen9vgc2025regibo3-2354865941", "format": "[Gen 9] VGC 2025 Reg I (Bo3)", "players": ["TheEvanTran", "legendslayer4"], "log": "|j|\u2606TheEvanTran\n|j|\u2606legendslayer4\n|html|<table width=\"100%\"><tr><td align=\"left\">TheEvanTran</td><td align=\"right\">legendslayer4</tr><tr><td align=\"left\"><i class=\"fa fa-circle\"></i> <i class=\"fa fa-circle-o\"></i> </td><td align=\"right\"><i class=\"fa fa-circle-o\"></i> <i class=\"fa fa-circle-o\"></i> </tr></table>\n|uhtml|bestof|<h2><strong>Game 2</strong> of <a href=\"/game-bestof3-gen9vgc2025regibo3-2354864020\">a best-of-3</a></h2>\n|t:|1746126614\n|gametype|doubles\n|player|p1|TheEvanTran|265|\n|player|p2|legendslayer4|boarder|\n|teamsize|p1|6\n|teamsize|p2|6\n|gen|9\n|tier|[Gen 9] VGC 2025 Reg I (Bo3)\n|rule|Species Clause: Limit one of each Pok\u00e9mon\n|rule|Item Clause: Limit 1 of each item\n|clearpoke\n|poke|p1|Indeedee-F, L50, F|\n|poke|p1|Armarouge, L50, F|\n|poke|p1|Drifblim, L50, F|\n|poke|p1|Hydreigon, L50, M|\n|poke|p1|Toxtricity, L50, F|\n|poke|p1|Kommo-o, L50, F|\n|poke|p2|Tyranitar, L50, M|\n|poke|p2|Excadrill, L50, M|\n|poke|p2|Tauros-Paldea-Blaze, L50, M|\n|poke|p2|Haxorus, L50, M|\n|poke|p2|Rillaboom, L50, M|\n|poke|p2|Kommo-o, L50, M|\n|teampreview|4\n|showteam|p1|Indeedee-F||FocusSash|PsychicSurge|TrickRoom,HelpingHand,FollowMe,DazzlingGleam|||F|||50|,,,,,Fairy]Armarouge||LifeOrb|FlashFire|ExpandingForce,ArmorCannon,AuraSphere,Protect|||F|||50|,,,,,Grass]Drifblim||PsychicSeed|Unburden|Tailwind,WillOWisp,StrengthSap,Acrobatics|||F|||50|,,,,,Grass]Hydreigon||AssaultVest|Levitate|DracoMeteor,DarkPulse,EarthPower,Snarl|||M|||50|,,,,,Steel]Toxtricity||ChoiceSpecs|PunkRock|Overdrive,SludgeBomb,Boomburst,VoltSwitch|||F|||50|,,,,,Normal]Kommo-o||Leftovers|Bulletproof|IronDefense,BodyPress,Protect,DragonTail|||F|||50|,,,,,Fairy\n|showteam|p2|Tyranitar||AssaultVest|SandStream|RockSlide,Crunch,LowKick,TeraBlast|||M|||50|,,,,,Flying]Excadrill||LifeOrb|SandRush|IronHead,Earthquake,RockSlide,Protect|||M|||50|,,,,,Steel]Tauros-Paldea-Blaze||SafetyGoggles|Intimidate|CloseCombat,FlareBlitz,RagingBull,Protect|||M|||50|,,,,,Grass]Haxorus||LumBerry|MoldBreaker|DragonDance,Outrage,Earthquake,Protect|||M|||50|,,,,,Dragon]Rillaboom||RockyHelmet|Overgrow|FakeOut,WoodHammer,Uturn,Taunt|||M|||50|,,,,,Grass]Kommo-o||Leftovers|Soundproof|BodyPress,Flamethrower,IronDefense,Protect|||M|||50|,,,,,Fire\n|\n|t:|1746126641\n|start\n|switch|p1a: Indeedee|Indeedee-F, L50, F|100/100\n|switch|p1b: Armarouge|Armarouge, L50, F|100/100\n|switch|p2a: Tauros|Tauros-Paldea-Blaze, L50, M|100/100\n|switch|p2b: Rillaboom|Rillaboom, L50, M|100/100\n|-ability|p2a: Tauros|Intimidate|boost\n|-unboost|p1a: Indeedee|atk|1\n|-unboost|p1b: Armarouge|atk|1\n|-fieldstart|move: Psychic Terrain|[from] ability: Psychic Surge|[of] p1a: Indeedee\n|turn|1\n|\n|t:|1746126672\n|move|p2b: Rillaboom|Fake Out|p1a: Indeedee\n|-activate|p1a: Indeedee|move: Psychic Terrain\n|move|p2a: Tauros|Close Combat|p1a: Indeedee\n|-damage|p1a: Indeedee|17/100\n|-unboost|p2a: Tauros|def|1\n|-unboost|p2a: Tauros|spd|1\n|move|p1b: Armarouge|Expanding Force|p2b: Rillaboom|[spread] p2a,p2b\n|-supereffective|p2a: Tauros\n|-damage|p2a: Tauros|0 fnt\n|-damage|p2b: Rillaboom|0 fnt\n|faint|p2a: Tauros\n|faint|p2b: Rillaboom\n|-damage|p1b: Armarouge|91/100|[from] item: Life Orb\n|move|p1a: Indeedee|Trick Room|p1a: Indeedee\n|-fieldstart|move: Trick Room|[of] p1a: Indeedee\n|\n|upkeep\n|\n|t:|1746126684\n|switch|p2b: Tyranitar|Tyranitar, L50, M|100/100\n|switch|p2a: Kommo-o|Kommo-o, L50, M|100/100\n|-weather|Sandstorm|[from] ability: Sand Stream|[of] p2b: Tyranitar\n|turn|2\n|\n|t:|1746126704\n|move|p1a: Indeedee|Helping Hand|p1b: Armarouge\n|-singleturn|p1b: Armarouge|Helping Hand|[of] p1a: Indeedee\n|move|p1b: Armarouge|Expanding Force|p2b: Tyranitar|[spread] p2a\n|-immune|p2b: Tyranitar\n|-supereffective|p2a: Kommo-o\n|-damage|p2a: Kommo-o|0 fnt\n|faint|p2a: Kommo-o\n|-damage|p1b: Armarouge|81/100|[from] item: Life Orb\n|move|p2b: Tyranitar|Rock Slide|p1b: Armarouge|[spread] p1a,p1b\n|-supereffective|p1b: Armarouge\n|-damage|p1a: Indeedee|0 fnt\n|-damage|p1b: Armarouge|34/100\n|faint|p1a: Indeedee\n|\n|-weather|Sandstorm|[upkeep]\n|-damage|p1b: Armarouge|28/100|[from] Sandstorm\n|upkeep\n|\n|t:|1746126724\n|switch|p1a: Kommo-o|Kommo-o, L50, F|100/100\n|turn|3\n|\n|t:|1746126739\n|-terastallize|p1b: Armarouge|Grass\n|-terastallize|p2b: Tyranitar|Flying\n|move|p1b: Armarouge|Aura Sphere|p2b: Tyranitar\n|-resisted|p2b: Tyranitar\n|-crit|p2b: Tyranitar\n|-damage|p2b: Tyranitar|88/100\n|-damage|p1b: Armarouge|18/100|[from] item: Life Orb\n|move|p2b: Tyranitar|Tera Blast|p1b: Armarouge|[anim] Tera Blast Flying\n|-supereffective|p1b: Armarouge\n|-damage|p1b: Armarouge|0 fnt\n|faint|p1b: Armarouge\n|move|p1a: Kommo-o|Body Press|p2b: Tyranitar\n|-resisted|p2b: Tyranitar\n|-damage|p2b: Tyranitar|71/100\n|\n|-weather|Sandstorm|[upkeep]\n|-damage|p2b: Tyranitar|65/100|[from] Sandstorm\n|-damage|p1a: Kommo-o|94/100|[from] Sandstorm\n|-heal|p1a: Kommo-o|100/100|[from] item: Leftovers\n|upkeep\n|\n|t:|1746126755\n|switch|p1b: Hydreigon|Hydreigon, L50, M|100/100\n|turn|4\n|\n|t:|1746126775\n|move|p2b: Tyranitar|Rock Slide|p1a: Kommo-o|[spread] p1a,p1b\n|-resisted|p1a: Kommo-o\n|-damage|p1a: Kommo-o|92/100\n|-damage|p1b: Hydreigon|73/100\n|cant|p1a: Kommo-o|flinch\n|move|p1b: Hydreigon|Dark Pulse|p2b: Tyranitar\n|-damage|p2b: Tyranitar|44/100\n|\n|-weather|Sandstorm|[upkeep]\n|-damage|p2b: Tyranitar|39/100|[from] Sandstorm\n|-damage|p1a: Kommo-o|86/100|[from] Sandstorm\n|-damage|p1b: Hydreigon|67/100|[from] Sandstorm\n|-heal|p1a: Kommo-o|92/100|[from] item: Leftovers\n|upkeep\n|turn|5\n|\n|t:|1746126790\n|move|p2b: Tyranitar|Rock Slide|p1b: Hydreigon|[spread] p1a,p1b\n|-resisted|p1a: Kommo-o\n|-damage|p1a: Kommo-o|84/100\n|-damage|p1b: Hydreigon|43/100\n|move|p1a: Kommo-o|Iron Defense|p1a: Kommo-o\n|-boost|p1a: Kommo-o|def|2\n|move|p1b: Hydreigon|Draco Meteor|p2b: Tyranitar\n|-damage|p2b: Tyranitar|7/100\n|-unboost|p1b: Hydreigon|spa|2\n|\n|-weather|Sandstorm|[upkeep]\n|-damage|p2b: Tyranitar|1/100|[from] Sandstorm\n|-damage|p1a: Kommo-o|78/100|[from] Sandstorm\n|-damage|p1b: Hydreigon|37/100|[from] Sandstorm\n|-heal|p1a: Kommo-o|84/100|[from] item: Leftovers\n|-fieldend|move: Trick Room\n|-fieldend|move: Psychic Terrain\n|upkeep\n|turn|6\n|\n|t:|1746126814\n|move|p1a: Kommo-o|Protect|p1a: Kommo-o\n|-singleturn|p1a: Kommo-o|Protect\n|move|p1b: Hydreigon|Snarl|p2b: Tyranitar\n|-damage|p2b: Tyranitar|0 fnt\n|faint|p2b: Tyranitar\n|\n|win|TheEvanTran\n|l|\u2606legendslayer4\n|player|p2|\n", "uploadtime": 1746127139, "views": 5, "formatid": "gen9vgc2025regibo3", "rating": null, "private": 0, "password": null}