{"id": "gen9vgc2025regibo3-2354477343", "format": "[Gen 9] VGC 2025 Reg I (Bo3)", "players": ["IamMoiBoi", "M0Rl"], "log": "|j|\u2606IamMoiBoi\n|j|\u2606M0Rl\n|html|<table width=\"100%\"><tr><td align=\"left\">IamMoiBoi</td><td align=\"right\">M0Rl</tr><tr><td align=\"left\"><i class=\"fa fa-circle-o\"></i> <i class=\"fa fa-circle-o\"></i> </td><td align=\"right\"><i class=\"fa fa-circle-o\"></i> <i class=\"fa fa-circle-o\"></i> </tr></table>\n|uhtml|bestof|<h2><strong>Game 1</strong> of <a href=\"/game-bestof3-gen9vgc2025regibo3-2354477342\">a best-of-3</a></h2>\n|t:|1746078042\n|gametype|doubles\n|player|p1|IamMoiBoi|red|\n|player|p2|M0Rl|pokemonrangerf|\n|teamsize|p1|6\n|teamsize|p2|6\n|gen|9\n|tier|[Gen 9] VGC 2025 Reg I (Bo3)\n|rule|Species Clause: Limit one of each Pok\u00e9mon\n|rule|Item Clause: Limit 1 of each item\n|clearpoke\n|poke|p1|Calyrex-Ice, L50|\n|poke|p1|Ninetales-Alola, L50, M|\n|poke|p1|Articuno, L50|\n|poke|p1|Umbreon, L50, M|\n|poke|p1|Incineroar, L50, F|\n|poke|p1|Lunala, L50|\n|poke|p2|Lucario, L50, F|\n|poke|p2|Chi-Yu, L50|\n|poke|p2|Iron Hands, L50|\n|poke|p2|Arcanine-Hisui, L50, M|\n|poke|p2|Volcarona, L50, M|\n|poke|p2|Flareon, L50, F|\n|teampreview|4\n|showteam|p1|Calyrex-Ice||ClearAmulet|AsOneGlastrier|TrickRoom,CloseCombat,GlacialLance,Protect||||||50|,,,,,Ice]Ninetales-Alola||LightClay|SnowWarning|AuroraVeil,Blizzard,HelpingHand,IcyWind|||M|||50|,,,,,Ghost]Articuno||SitrusBerry|SnowCloak|Blizzard,Protect,Roost,Tailwind||||||50|,,,,,Grass]Umbreon||Leftovers|Synchronize|HelpingHand,Moonlight,Yawn,DarkPulse|||M|||50|,,,,,Steel]Incineroar||SafetyGoggles|Intimidate|FakeOut,FlareBlitz,KnockOff,PartingShot|||F|||50|,,,,,Grass]Lunala||WeaknessPolicy|ShadowShield|WillOWisp,Blizzard,TrickRoom,MoongeistBeam||||||50|,,,,,Fairy\n|showteam|p2|Lucario||ChoiceScarf|InnerFocus|AuraSphere,BulletPunch,CloseCombat,Earthquake|||F|||50|,,,,,Fire]Chi-Yu||LifeOrb|BeadsofRuin|DarkPulse,LavaPlume,Overheat,Protect||||||50|,,,,,Fire]Iron Hands||BoosterEnergy|QuarkDrive|FakeOut,CloseCombat,DrainPunch,IcePunch||||||50|,,,,,Grass]Arcanine-Hisui||ChoiceBand|Intimidate|ExtremeSpeed,FlameCharge,CloseCombat,PsychicFangs|||M|||50|,,,,,Steel]Volcarona||AbsorbBulb|FlameBody|Tailwind,Flamethrower,QuiverDance,Hurricane|||M|||50|,,,,,Bug]Flareon||FlameOrb|Guts|SunnyDay,FireFang,FlareBlitz,Facade|||F|||50|,,,,,Water\n|\n|t:|1746078114\n|start\n|switch|p1a: Ninetales|Ninetales-Alola, L50, M, shiny|100/100\n|switch|p1b: Incineroar|Incineroar, L50, F|100/100\n|switch|p2a: Lucario|Lucario, L50, F|100/100\n|switch|p2b: Chi-Yu|Chi-Yu, L50|100/100\n|-ability|p2b: Chi-Yu|Beads of Ruin\n|-weather|Snowscape|[from] ability: Snow Warning|[of] p1a: Ninetales\n|-ability|p1b: Incineroar|Intimidate|boost\n|-fail|p2a: Lucario|unboost|Attack|[from] ability: Inner Focus|[of] p2a: Lucario\n|-unboost|p2b: Chi-Yu|atk|1\n|turn|1\n|\n|t:|1746078141\n|-terastallize|p2a: Lucario|Fire\n|move|p1b: Incineroar|Fake Out|p2b: Chi-Yu\n|-damage|p2b: Chi-Yu|84/100\n|move|p2a: Lucario|Close Combat|p1b: Incineroar\n|-supereffective|p1b: Incineroar\n|-damage|p1b: Incineroar|25/100\n|-unboost|p2a: Lucario|def|1\n|-unboost|p2a: Lucario|spd|1\n|cant|p2b: Chi-Yu|flinch\n|move|p1a: Ninetales|Aurora Veil|p1a: Ninetales\n|-sidestart|p1: IamMoiBoi|move: Aurora Veil\n|\n|-weather|Snowscape|[upkeep]\n|upkeep\n|turn|2\n|\n|t:|1746078174\n|switch|p1b: Lunala|Lunala, L50, shiny|100/100\n|move|p2a: Lucario|Close Combat|p1b: Lunala\n|-immune|p1b: Lunala\n|move|p2b: Chi-Yu|Overheat|p1a: Ninetales\n|-supereffective|p1a: Ninetales\n|-damage|p1a: Ninetales|0 fnt\n|-unboost|p2b: Chi-Yu|spa|2\n|faint|p1a: Ninetales\n|-damage|p2b: Chi-Yu|74/100|[from] item: Life Orb\n|\n|-weather|Snowscape|[upkeep]\n|upkeep\n|\n|t:|1746078186\n|switch|p1a: Calyrex|Calyrex-Ice, L50|100/100\n|-ability|p1a: Calyrex|As One\n|-ability|p1a: Calyrex|Unnerve\n|turn|3\n|\n|t:|1746078208\n|switch|p2a: Flareon|Flareon, L50, F|100/100\n|move|p1a: Calyrex|Protect|p1a: Calyrex\n|-singleturn|p1a: Calyrex|Protect\n|move|p2b: Chi-Yu|Dark Pulse|p1b: Lunala\n|-supereffective|p1b: Lunala\n|-damage|p1b: Lunala|64/100\n|-enditem|p1b: Lunala|Weakness Policy\n|-boost|p1b: Lunala|atk|2|[from] item: Weakness Policy\n|-boost|p1b: Lunala|spa|2|[from] item: Weakness Policy\n|-damage|p2b: Chi-Yu|64/100|[from] item: Life Orb\n|move|p1b: Lunala|Trick Room|p1b: Lunala\n|-fieldstart|move: Trick Room|[of] p1b: Lunala\n|\n|-weather|Snowscape|[upkeep]\n|upkeep\n|turn|4\n|\n|t:|1746078234\n|move|p1a: Calyrex|Close Combat|p2b: Chi-Yu\n|-supereffective|p2b: Chi-Yu\n|-damage|p2b: Chi-Yu|0 fnt\n|-unboost|p1a: Calyrex|def|1\n|-unboost|p1a: Calyrex|spd|1\n|faint|p2b: Chi-Yu\n|-ability|p1a: Calyrex|Chilling Neigh|boost\n|-boost|p1a: Calyrex|atk|1\n|move|p2a: Flareon|Sunny Day|p2a: Flareon\n|-weather|SunnyDay\n|move|p1b: Lunala|Moongeist Beam|p2a: Flareon\n|-damage|p2a: Flareon|0 fnt\n|faint|p2a: Flareon\n|\n|-weather|SunnyDay|[upkeep]\n|upkeep\n|\n|t:|1746078247\n|switch|p2a: Lucario|Lucario, L50, F, tera:Fire|100/100\n|switch|p2b: Arcanine|Arcanine-Hisui, L50, M|100/100\n|-ability|p2b: Arcanine|Intimidate|boost\n|-fail|p1a: Calyrex|unboost|[from] item: Clear Amulet|[of] p1a: Calyrex\n|-unboost|p1b: Lunala|atk|1\n|turn|5\n|\n|t:|1746078270\n|switch|p1b: Incineroar|Incineroar, L50, F|25/100\n|-ability|p1b: Incineroar|Intimidate|boost\n|-fail|p2a: Lucario|unboost|Attack|[from] ability: Inner Focus|[of] p2a: Lucario\n|-unboost|p2b: Arcanine|atk|1\n|-terastallize|p1a: Calyrex|Ice\n|move|p2a: Lucario|Bullet Punch|p1a: Calyrex\n|-supereffective|p1a: Calyrex\n|-damage|p1a: Calyrex|82/100\n|move|p1a: Calyrex|Glacial Lance|p2b: Arcanine|[spread] p2a,p2b\n|-resisted|p2a: Lucario\n|-resisted|p2b: Arcanine\n|-damage|p2a: Lucario|0 fnt\n|-damage|p2b: Arcanine|33/100\n|faint|p2a: Lucario\n|-ability|p1a: Calyrex|Chilling Neigh|boost\n|-boost|p1a: Calyrex|atk|1\n|move|p2b: Arcanine|Flame Charge|p1a: Calyrex\n|-supereffective|p1a: Calyrex\n|-damage|p1a: Calyrex|46/100\n|-boost|p2b: Arcanine|spe|1\n|\n|-weather|SunnyDay|[upkeep]\n|upkeep\n|turn|6\n|\n|t:|1746078291\n|move|p1a: Calyrex|Glacial Lance|p2b: Arcanine\n|-resisted|p2b: Arcanine\n|-damage|p2b: Arcanine|0 fnt\n|faint|p2b: Arcanine\n|\n|win|IamMoiBoi\n||M0Rl is ready for game 2.\n||IamMoiBoi is ready for game 2.\n|uhtml|next|Next: <a href=\"/battle-gen9vgc2025regibo3-2354478704\"><strong>Game 2 of 3</strong></a>\n", "uploadtime": 1746078566, "views": 8, "formatid": "gen9vgc2025regibo3", "rating": null, "private": 0, "password": null}