{"id": "gen9vgc2025regibo3-2353643105", "format": "[Gen 9] VGC 2025 Reg I (Bo3)", "players": ["Chknadobovgc", "justtestingforVGC"], "log": "|j|\u2606Chknadobovgc\n|j|\u2606justtestingforVGC\n|html|<table width=\"100%\"><tr><td align=\"left\">Chknadobovgc</td><td align=\"right\">justtestingforVGC</tr><tr><td align=\"left\"><i class=\"fa fa-circle-o\"></i> <i class=\"fa fa-circle-o\"></i> </td><td align=\"right\"><i class=\"fa fa-circle-o\"></i> <i class=\"fa fa-circle-o\"></i> </tr></table>\n|uhtml|bestof|<h2><strong>Game 1</strong> of <a href=\"/game-bestof3-gen9vgc2025regibo3-2353643104\">a best-of-3</a></h2>\n|t:|1745978152\n|gametype|doubles\n|player|p1|Chknadobovgc|266|1141\n|player|p2|justtestingforVGC|steven|1216\n|teamsize|p1|6\n|teamsize|p2|6\n|gen|9\n|tier|[Gen 9] VGC 2025 Reg I (Bo3)\n|rated|\n|rule|Species Clause: Limit one of each Pok\u00e9mon\n|rule|Item Clause: Limit 1 of each item\n|clearpoke\n|poke|p1|Calyrex-Ice, L50|\n|poke|p1|Miraidon, L50|\n|poke|p1|Iron Hands, L50|\n|poke|p1|Farigiraf, L50, F|\n|poke|p1|Volcarona, L50, F|\n|poke|p1|Whimsicott, L50, F|\n|poke|p2|Ho-Oh, L50|\n|poke|p2|Torkoal, L50, F|\n|poke|p2|Calyrex-Ice, L50|\n|poke|p2|Great Tusk, L50|\n|poke|p2|Flutter Mane, L50|\n|poke|p2|Iron Hands, L50|\n|teampreview|4\n|showteam|p1|Calyrex-Ice||ClearAmulet|AsOneGlastrier|GlacialLance,HighHorsepower,TrickRoom,Protect||||||50|,,,,,Water]Miraidon||ChoiceSpecs|HadronEngine|ElectroDrift,DracoMeteor,VoltSwitch,DazzlingGleam||||||50|,,,,,Fairy]Iron Hands||AssaultVest|QuarkDrive|FakeOut,LowKick,DrainPunch,HeavySlam||||||50|,,,,,Water]Farigiraf||ElectricSeed|ArmorTail|TrickRoom,PsychicNoise,FoulPlay,HelpingHand|||F|||50|,,,,,Water]Volcarona||RockyHelmet|FlameBody|FieryDance,StruggleBug,QuiverDance,RagePowder|||F|||50|,,,,,Grass]Whimsicott||CovertCloak|Prankster|Moonblast,Tailwind,Encore,LightScreen|||F|||50|,,,,,Dark\n|showteam|p2|Ho-Oh||WideLens|Regenerator|BraveBird,SacredFire,Protect,Tailwind||||||50|,,,,,Grass]Torkoal||EjectPack|Drought|Protect,HelpingHand,Eruption,Overheat|||F|||50|,,,,,Flying]Calyrex-Ice||ClearAmulet|AsOneGlastrier|GlacialLance,TrickRoom,Protect,HighHorsepower||||||50|,,,,,Fairy]Great Tusk||ChoiceScarf|Protosynthesis|HeadlongRush,CloseCombat,Earthquake,RockSlide||||||50|,,,,,Ground]Flutter Mane||FocusSash|Protosynthesis|Moonblast,ShadowBall,IcyWind,Protect||||||50|,,,,,Fairy]Iron Hands||AssaultVest|QuarkDrive|FakeOut,DrainPunch,HeavySlam,WildCharge||||||50|,,,,,Bug\n|inactive|Battle timer is ON: inactive players will automatically lose when time's up. (requested by justtestingforVGC)\n|inactive|justtestingforVGC has 60 seconds left.\n|\n|t:|1745978199\n|start\n|switch|p1a: Miraidon|Miraidon, L50|100/100\n|switch|p1b: Iron Hands|Iron Hands, L50, shiny|100/100\n|switch|p2a: Calyrex|Calyrex-Ice, L50|100/100\n|switch|p2b: Iron Hands|Iron Hands, L50|100/100\n|-ability|p2a: Calyrex|As One\n|-ability|p2a: Calyrex|Unnerve\n|-fieldstart|move: Electric Terrain|[from] ability: Hadron Engine|[of] p1a: Miraidon\n|-activate|p1b: Iron Hands|ability: Quark Drive\n|-start|p1b: Iron Hands|quarkdriveatk\n|-activate|p2b: Iron Hands|ability: Quark Drive\n|-start|p2b: Iron Hands|quarkdriveatk\n|turn|1\n|\n|t:|1745978222\n|move|p1b: Iron Hands|Fake Out|p2b: Iron Hands\n|-damage|p2b: Iron Hands|88/100\n|cant|p2b: Iron Hands|flinch\n|move|p1a: Miraidon|Volt Switch|p2a: Calyrex\n|-damage|p2a: Calyrex|28/100\n|\n|t:|1745978234\n|switch|p1a: Volcarona|Volcarona, L50, F|100/100|[from] Volt Switch\n|move|p2a: Calyrex|Trick Room|p2a: Calyrex\n|-fieldstart|move: Trick Room|[of] p2a: Calyrex\n|\n|upkeep\n|turn|2\n|\n|t:|1745978251\n|-terastallize|p1b: Iron Hands|Water\n|move|p1a: Volcarona|Rage Powder|p1a: Volcarona\n|-singleturn|p1a: Volcarona|move: Rage Powder\n|move|p2b: Iron Hands|Wild Charge|p1a: Volcarona\n|-crit|p1a: Volcarona\n|-damage|p1a: Volcarona|0 fnt\n|-damage|p2b: Iron Hands|72/100|[from] item: Rocky Helmet|[of] p1a: Volcarona\n|faint|p1a: Volcarona\n|-damage|p2b: Iron Hands|53/100|[from] Recoil\n|move|p1b: Iron Hands|Low Kick|p2b: Iron Hands\n|-damage|p2b: Iron Hands|0 fnt\n|faint|p2b: Iron Hands\n|-end|p2b: Iron Hands|Quark Drive|[silent]\n|move|p2a: Calyrex|Glacial Lance|p1b: Iron Hands\n|-resisted|p1b: Iron Hands\n|-damage|p1b: Iron Hands|76/100\n|\n|upkeep\n|\n|t:|1745978263\n|switch|p2b: Torkoal|Torkoal, L50, F|100/100\n|switch|p1a: Farigiraf|Farigiraf, L50, F, shiny|100/100\n|-weather|SunnyDay|[from] ability: Drought|[of] p2b: Torkoal\n|-enditem|p1a: Farigiraf|Electric Seed\n|-boost|p1a: Farigiraf|def|1|[from] item: Electric Seed\n|turn|3\n|inactive|Chknadobovgc has 30 seconds left.\n|\n|t:|1745978294\n|move|p2a: Calyrex|Protect|p2a: Calyrex\n|-singleturn|p2a: Calyrex|Protect\n|move|p2b: Torkoal|Eruption|p1a: Farigiraf|[spread] p1a,p1b\n|-resisted|p1b: Iron Hands\n|-damage|p1a: Farigiraf|42/100\n|-damage|p1b: Iron Hands|61/100\n|move|p1b: Iron Hands|Drain Punch|p2b: Torkoal\n|-damage|p2b: Torkoal|67/100\n|-heal|p1b: Iron Hands|74/100|[from] drain|[of] p2b: Torkoal\n|move|p1a: Farigiraf|Psychic Noise|p2b: Torkoal\n|-damage|p2b: Torkoal|33/100\n|-start|p2b: Torkoal|move: Heal Block\n|\n|-weather|SunnyDay|[upkeep]\n|upkeep\n|turn|4\n|inactive|Chknadobovgc has 30 seconds left.\n|inactive|justtestingforVGC has 30 seconds left.\n|\n|t:|1745978326\n|move|p2b: Torkoal|Overheat|p1b: Iron Hands\n|-resisted|p1b: Iron Hands\n|-damage|p1b: Iron Hands|57/100\n|-unboost|p2b: Torkoal|spa|2\n|-enditem|p2b: Torkoal|Eject Pack\n|\n|t:|1745978331\n|switch|p2b: Great Tusk|Great Tusk, L50|100/100\n|-activate|p2b: Great Tusk|ability: Protosynthesis\n|-start|p2b: Great Tusk|protosynthesisatk\n|move|p1b: Iron Hands|Low Kick|p2a: Calyrex\n|-damage|p2a: Calyrex|0 fnt\n|faint|p2a: Calyrex\n|move|p1a: Farigiraf|Psychic Noise|p2b: Great Tusk\n|-supereffective|p2b: Great Tusk\n|-damage|p2b: Great Tusk|20/100\n|-start|p2b: Great Tusk|move: Heal Block\n|\n|-weather|SunnyDay|[upkeep]\n|upkeep\n|\n|t:|1745978332\n|switch|p2a: Torkoal|Torkoal, L50, F|33/100\n|turn|5\n|\n|t:|1745978354\n|-terastallize|p2b: Great Tusk|Ground\n|move|p2a: Torkoal|Overheat|p1a: Farigiraf|[miss]\n|-miss|p2a: Torkoal|p1a: Farigiraf\n|move|p1b: Iron Hands|Drain Punch|p2a: Torkoal\n|-damage|p2a: Torkoal|0 fnt\n|-heal|p1b: Iron Hands|69/100|[from] drain|[of] p2a: Torkoal\n|faint|p2a: Torkoal\n|move|p1a: Farigiraf|Psychic Noise|p2b: Great Tusk\n|-damage|p2b: Great Tusk|0 fnt\n|faint|p2b: Great Tusk\n|-end|p2b: Great Tusk|Protosynthesis|[silent]\n|\n|win|Chknadobovgc\n||justtestingforVGC is ready for game 2.\n|inactive|Chknadobovgc has 30 seconds to confirm battle start!\n||Chknadobovgc is ready for game 2.\n|uhtml|next|Next: <a href=\"/battle-gen9vgc2025regibo3-2353644945\"><strong>Game 2 of 3</strong></a>\n|l|\u2606justtestingforVGC\n|player|p2|\n", "uploadtime": 1745978712, "views": 6, "formatid": "gen9vgc2025regibo3", "rating": null, "private": 0, "password": null}