{"id": "gen9vgc2025regibo3-2355050364", "format": "[Gen 9] VGC 2025 Reg I (Bo3)", "players": ["laron13", "inXuman"], "log": "|j|\u2606laron13\n|j|\u2606inXuman\n|html|<table width=\"100%\"><tr><td align=\"left\">laron13</td><td align=\"right\">inXuman</tr><tr><td align=\"left\"><i class=\"fa fa-circle-o\"></i> <i class=\"fa fa-circle-o\"></i> </td><td align=\"right\"><i class=\"fa fa-circle-o\"></i> <i class=\"fa fa-circle-o\"></i> </tr></table>\n|uhtml|bestof|<h2><strong>Game 1</strong> of <a href=\"/game-bestof3-gen9vgc2025regibo3-2355050363\">a best-of-3</a></h2>\n|t:|1746146381\n|gametype|doubles\n|player|p1|laron13|266|1148\n|player|p2|inXuman|shadowtriad|1125\n|teamsize|p1|6\n|teamsize|p2|6\n|gen|9\n|tier|[Gen 9] VGC 2025 Reg I (Bo3)\n|rated|\n|rule|Species Clause: Limit one of each Pok\u00e9mon\n|rule|Item Clause: Limit 1 of each item\n|clearpoke\n|poke|p1|Giratina-Origin, L50|\n|poke|p1|Zamazenta-*, L50|\n|poke|p1|Suicune, L50|\n|poke|p1|Farigiraf, L50, M|\n|poke|p1|Rillaboom, L50, M|\n|poke|p1|Iron Valiant, L50|\n|poke|p2|Miraidon, L50|\n|poke|p2|Calyrex-Ice, L50|\n|poke|p2|Ditto, L50|\n|poke|p2|Farigiraf, L50, M|\n|poke|p2|Volcarona, L50, M|\n|poke|p2|Iron Hands, L50|\n|teampreview|4\n|showteam|p1|Giratina-Origin||GriseousCore|Levitate|Poltergeist,DragonClaw,ShadowSneak,Protect||||||50|,,,,,Fire]Zamazenta-Crowned||RustedShield|DauntlessShield|behemothbash,BodyPress,WideGuard,Protect||||||50|,,,,,Dragon]Suicune||SafetyGoggles|InnerFocus|IcyWind,Scald,Tailwind,Protect||||||50|,,,,,Dragon]Farigiraf||RockyHelmet|ArmorTail|FoulPlay,HelpingHand,TrickRoom,Imprison|||M|||50|,,,,,Fairy]Rillaboom||AssaultVest|GrassySurge|FakeOut,WoodHammer,Uturn,GrassyGlide|||M|||50|,,,,,Fire]Iron Valiant||BoosterEnergy|QuarkDrive|Moonblast,AuraSphere,Protect,Coaching||||||50|,,,,,Steel\n|showteam|p2|Miraidon||ChoiceSpecs|HadronEngine|VoltSwitch,ElectroDrift,DracoMeteor,DazzlingGleam||||||50|,,,,,Fairy]Calyrex-Ice||ClearAmulet|AsOneGlastrier|GlacialLance,HighHorsepower,TrickRoom,Protect||||||50|,,,,,Fire]Ditto||FocusSash|Imposter|Transform||||||50|,,,,,Ghost]Farigiraf||ElectricSeed|ArmorTail|Psychic,TrickRoom,FoulPlay,HelpingHand|||M|||50|,,,,,Water]Volcarona||RockyHelmet|FlameBody|Tailwind,RagePowder,FieryDance,Protect|||M|||50|,,,,,Dragon]Iron Hands||AssaultVest|QuarkDrive|FakeOut,DrainPunch,LowKick,HeavySlam||||||50|,,,,,Water\n|inactive|Battle timer is ON: inactive players will automatically lose when time's up. (requested by laron13)\n|inactive|laron13 has 60 seconds left.\n|\n|t:|1746146496\n|start\n|switch|p1a: Giratina|Giratina-Origin, L50|100/100\n|switch|p1b: Farigiraf|Farigiraf, L50, M|100/100\n|switch|p2a: Miraidon|Miraidon, L50|100/100\n|switch|p2b: Farigiraf|Farigiraf, L50, M, shiny|100/100\n|-fieldstart|move: Electric Terrain|[from] ability: Hadron Engine|[of] p2a: Miraidon\n|-enditem|p2b: Farigiraf|Electric Seed\n|-boost|p2b: Farigiraf|def|1|[from] item: Electric Seed\n|turn|1\n|inactive|laron13 has 30 seconds left.\n|\n|t:|1746146528\n|switch|p1a: Rillaboom|Rillaboom, L50, M|100/100\n|-fieldstart|move: Grassy Terrain|[from] ability: Grassy Surge|[of] p1a: Rillaboom\n|move|p2b: Farigiraf|Helping Hand|p2a: Miraidon\n|-singleturn|p2a: Miraidon|Helping Hand|[of] p2b: Farigiraf\n|move|p2a: Miraidon|Volt Switch|p1b: Farigiraf\n|-damage|p1b: Farigiraf|30/100\n|\n|t:|1746146538\n|switch|p2a: Volcarona|Volcarona, L50, M|100/100|[from] Volt Switch\n|move|p1b: Farigiraf|Imprison|p1b: Farigiraf\n|-start|p1b: Farigiraf|move: Imprison\n|\n|-heal|p1b: Farigiraf|36/100|[from] Grassy Terrain\n|upkeep\n|turn|2\n|inactive|laron13 has 30 seconds left.\n|inactive|inXuman has 30 seconds left.\n|inactive|inXuman has 20 seconds left.\n|inactive|inXuman has 15 seconds left.\n|inactive|inXuman has 10 seconds left.\n|\n|t:|1746146585\n|switch|p1a: Giratina|Giratina-Origin, L50|100/100\n|move|p2a: Volcarona|Fiery Dance|p1b: Farigiraf\n|-damage|p1b: Farigiraf|2/100\n|-boost|p2a: Volcarona|spa|1\n|move|p2b: Farigiraf|Psychic|p1b: Farigiraf\n|-resisted|p1b: Farigiraf\n|-damage|p1b: Farigiraf|0 fnt\n|faint|p1b: Farigiraf\n|\n|upkeep\n|\n|t:|1746146607\n|switch|p1b: Zamazenta|Zamazenta-Crowned, L50|100/100\n|-ability|p1b: Zamazenta|Dauntless Shield|boost\n|-boost|p1b: Zamazenta|def|1\n|turn|3\n|inactive|laron13 has 30 seconds left.\n|inactive|inXuman has 30 seconds left.\n|\n|t:|1746146637\n|-terastallize|p1b: Zamazenta|Dragon\n|move|p1b: Zamazenta|Body Press|p2b: Farigiraf\n|-damage|p2b: Farigiraf|71/100\n|move|p2a: Volcarona|Fiery Dance|p1b: Zamazenta\n|-resisted|p1b: Zamazenta\n|-damage|p1b: Zamazenta|81/100\n|-boost|p2a: Volcarona|spa|1\n|move|p1a: Giratina|Poltergeist|p2a: Volcarona\n|-activate|p2a: Volcarona|move: Poltergeist|Rocky Helmet\n|-damage|p2a: Volcarona|36/100\n|move|p2b: Farigiraf|Psychic|p1b: Zamazenta\n|-damage|p1b: Zamazenta|56/100\n|\n|-heal|p1b: Zamazenta|62/100|[from] Grassy Terrain\n|-heal|p2a: Volcarona|43/100|[from] Grassy Terrain\n|-heal|p2b: Farigiraf|77/100|[from] Grassy Terrain\n|upkeep\n|turn|4\n|inactive|laron13 has 30 seconds left.\n|inactive|inXuman has 30 seconds left.\n|\n|t:|1746146670\n|move|p1b: Zamazenta|Body Press|p2b: Farigiraf\n|-damage|p2b: Farigiraf|47/100\n|move|p2a: Volcarona|Fiery Dance|p1b: Zamazenta\n|-resisted|p1b: Zamazenta\n|-damage|p1b: Zamazenta|39/100\n|-boost|p2a: Volcarona|spa|1\n|move|p1a: Giratina|Poltergeist|p2a: Volcarona\n|-activate|p2a: Volcarona|move: Poltergeist|Rocky Helmet\n|-damage|p2a: Volcarona|0 fnt\n|faint|p2a: Volcarona\n|move|p2b: Farigiraf|Psychic|p1b: Zamazenta\n|-damage|p1b: Zamazenta|15/100\n|\n|-heal|p1b: Zamazenta|21/100|[from] Grassy Terrain\n|-heal|p2b: Farigiraf|53/100|[from] Grassy Terrain\n|upkeep\n|\n|t:|1746146680\n|switch|p2a: Miraidon|Miraidon, L50|100/100\n|-fieldstart|move: Electric Terrain|[from] ability: Hadron Engine|[of] p2a: Miraidon\n|turn|5\n|\n|t:|1746146697\n|move|p2b: Farigiraf|Helping Hand|p2a: Miraidon\n|-singleturn|p2a: Miraidon|Helping Hand|[of] p2b: Farigiraf\n|move|p1b: Zamazenta|Protect|p1b: Zamazenta\n|-singleturn|p1b: Zamazenta|Protect\n|move|p1a: Giratina|Protect|p1a: Giratina\n|-singleturn|p1a: Giratina|Protect\n|move|p2a: Miraidon|Volt Switch|p1b: Zamazenta\n|-activate|p1b: Zamazenta|move: Protect\n|\n|upkeep\n|turn|6\n|inactive|inXuman has 30 seconds left.\n|inactive|laron13 has 30 seconds left.\n|inactive|inXuman has 20 seconds left.\n|inactive|laron13 has 20 seconds left.\n|\n|t:|1746146737\n|switch|p1b: Rillaboom|Rillaboom, L50, M|100/100\n|-fieldstart|move: Grassy Terrain|[from] ability: Grassy Surge|[of] p1b: Rillaboom\n|move|p2a: Miraidon|Volt Switch|p1b: Rillaboom\n|-resisted|p1b: Rillaboom\n|-damage|p1b: Rillaboom|83/100\n|\n|t:|1746146740\n|switch|p2a: Iron Hands|Iron Hands, L50|100/100|[from] Volt Switch\n|move|p1a: Giratina|Poltergeist|p2a: Iron Hands\n|-activate|p2a: Iron Hands|move: Poltergeist|Assault Vest\n|-damage|p2a: Iron Hands|47/100\n|move|p2b: Farigiraf|Foul Play|p1b: Rillaboom\n|-damage|p1b: Rillaboom|51/100\n|\n|-heal|p1b: Rillaboom|57/100|[from] Grassy Terrain\n|-heal|p2b: Farigiraf|60/100|[from] Grassy Terrain\n|-heal|p2a: Iron Hands|53/100|[from] Grassy Terrain\n|upkeep\n|turn|7\n|\n|t:|1746146761\n|move|p2a: Iron Hands|Fake Out|p1b: Rillaboom\n|-damage|p1b: Rillaboom|43/100\n|move|p1a: Giratina|Dragon Claw|p2b: Farigiraf\n|-damage|p2b: Farigiraf|33/100\n|cant|p1b: Rillaboom|flinch\n|move|p2b: Farigiraf|Trick Room|p2b: Farigiraf\n|-fieldstart|move: Trick Room|[of] p2b: Farigiraf\n|\n|-heal|p2a: Iron Hands|59/100|[from] Grassy Terrain\n|-heal|p2b: Farigiraf|39/100|[from] Grassy Terrain\n|-heal|p1b: Rillaboom|49/100|[from] Grassy Terrain\n|upkeep\n|turn|8\n|inactive|laron13 has 30 seconds left.\n|inactive|inXuman has 30 seconds left.\n|\n|t:|1746146791\n|move|p2b: Farigiraf|Helping Hand|p2a: Iron Hands\n|-singleturn|p2a: Iron Hands|Helping Hand|[of] p2b: Farigiraf\n|move|p2a: Iron Hands|Drain Punch|p1b: Rillaboom\n|-damage|p1b: Rillaboom|0 fnt\n|-heal|p2a: Iron Hands|80/100|[from] drain|[of] p1b: Rillaboom\n|faint|p1b: Rillaboom\n|move|p1a: Giratina|Poltergeist|p2a: Iron Hands\n|-activate|p2a: Iron Hands|move: Poltergeist|Assault Vest\n|-crit|p2a: Iron Hands\n|-damage|p2a: Iron Hands|8/100\n|\n|-heal|p2a: Iron Hands|14/100|[from] Grassy Terrain\n|-heal|p2b: Farigiraf|45/100|[from] Grassy Terrain\n|upkeep\n|\n|t:|1746146804\n|switch|p1b: Zamazenta|Zamazenta-Crowned, L50, tera:Dragon|21/100\n|turn|9\n|\n|t:|1746146820\n|move|p1b: Zamazenta|Protect|p1b: Zamazenta\n|-singleturn|p1b: Zamazenta|Protect\n|move|p2a: Iron Hands|Low Kick|p1b: Zamazenta\n|-activate|p1b: Zamazenta|move: Protect\n|move|p2b: Farigiraf|Foul Play|p1a: Giratina\n|-supereffective|p1a: Giratina\n|-damage|p1a: Giratina|50/100\n|move|p1a: Giratina|Dragon Claw|p2a: Iron Hands\n|-damage|p2a: Iron Hands|0 fnt\n|faint|p2a: Iron Hands\n|-end|p2a: Iron Hands|Quark Drive|[silent]\n|\n|-heal|p2b: Farigiraf|52/100|[from] Grassy Terrain\n|-heal|p1b: Zamazenta|28/100|[from] Grassy Terrain\n|upkeep\n|\n|t:|1746146823\n|switch|p2a: Miraidon|Miraidon, L50|100/100\n|-fieldstart|move: Electric Terrain|[from] ability: Hadron Engine|[of] p2a: Miraidon\n|turn|10\n|inactive|laron13 has 30 seconds left.\n|inactive|inXuman has 30 seconds left.\n|\n|t:|1746146856\n|move|p1a: Giratina|Protect|p1a: Giratina\n|-singleturn|p1a: Giratina|Protect\n|move|p2b: Farigiraf|Foul Play|p1a: Giratina\n|-activate|p1a: Giratina|move: Protect\n|move|p1b: Zamazenta|Behemoth Bash|p2a: Miraidon\n|-resisted|p2a: Miraidon\n|-damage|p2a: Miraidon|81/100\n|move|p2a: Miraidon|Electro Drift|p1b: Zamazenta\n|-resisted|p1b: Zamazenta\n|-damage|p1b: Zamazenta|0 fnt\n|faint|p1b: Zamazenta\n|\n|upkeep\n|turn|11\n|\n|t:|1746146872\n|move|p2b: Farigiraf|Foul Play|p1a: Giratina\n|-supereffective|p1a: Giratina\n|-damage|p1a: Giratina|4/100\n|move|p1a: Giratina|Dragon Claw|p2a: Miraidon\n|-supereffective|p2a: Miraidon\n|-damage|p2a: Miraidon|0 fnt\n|faint|p2a: Miraidon\n|\n|-fieldend|move: Trick Room\n|upkeep\n|turn|12\n|\n|t:|1746146883\n|move|p1a: Giratina|Dragon Claw|p2b: Farigiraf\n|-damage|p2b: Farigiraf|26/100\n|move|p2b: Farigiraf|Foul Play|p1a: Giratina\n|-supereffective|p1a: Giratina\n|-damage|p1a: Giratina|0 fnt\n|faint|p1a: Giratina\n|\n|win|inXuman\n||laron13 is ready for game 2.\n||inXuman is ready for game 2.\n|uhtml|next|Next: <a href=\"/battle-gen9vgc2025regibo3-2355054723\"><strong>Game 2 of 3</strong></a>\n", "uploadtime": 1746146883, "views": 19, "formatid": "gen9vgc2025regibo3", "rating": null, "private": 0, "password": null}