{"id": "gen9vgc2025regibo3-2354693905", "format": "[Gen 9] VGC 2025 Reg I (Bo3)", "players": ["lexerthanatauros", "SunnySleepy"], "log": "|j|\u2606lexerthanatauros\n|j|\u2606SunnySleepy\n|html|<table width=\"100%\"><tr><td align=\"left\">lexerthanatauros</td><td align=\"right\">SunnySleepy</tr><tr><td align=\"left\"><i class=\"fa fa-circle-o\"></i> <i class=\"fa fa-circle-o\"></i> </td><td align=\"right\"><i class=\"fa fa-circle-o\"></i> <i class=\"fa fa-circle-o\"></i> </tr></table>\n|uhtml|bestof|<h2><strong>Game 1</strong> of <a href=\"/game-bestof3-gen9vgc2025regibo3-2354693904\">a best-of-3</a></h2>\n|t:|1746111396\n|gametype|doubles\n|player|p1|lexerthanatauros|lucas|1097\n|player|p2|SunnySleepy|102|1144\n|teamsize|p1|6\n|teamsize|p2|6\n|gen|9\n|tier|[Gen 9] VGC 2025 Reg I (Bo3)\n|rated|\n|rule|Species Clause: Limit one of each Pok\u00e9mon\n|rule|Item Clause: Limit 1 of each item\n|clearpoke\n|poke|p1|Terapagos, L50, M|\n|poke|p1|Zamazenta-*, L50|\n|poke|p1|Mimikyu, L50, M|\n|poke|p1|Tyranitar, L50, F|\n|poke|p1|Urshifu-*, L50, M|\n|poke|p1|Dugtrio, L50, F|\n|poke|p2|Lunala, L50|\n|poke|p2|Miraidon, L50|\n|poke|p2|Ogerpon-Cornerstone, L50, F|\n|poke|p2|Tornadus, L50, M|\n|poke|p2|Incineroar, L50, M|\n|poke|p2|Clefairy, L50, M|\n|teampreview|4\n|showteam|p1|Terapagos||ChoiceSpecs|TeraShift|TeraStarstorm,DazzlingGleam,EarthPower,IceBeam|||M|||50|,,,,,Stellar]Zamazenta-Crowned||RustedShield|DauntlessShield|BodyPress,HeavySlam,WideGuard,Protect||||||50|,,,,,Dragon]Mimikyu||SitrusBerry|Disguise|PlayRough,WillOWisp,TrickRoom,DestinyBond|||M|||50|,,,,,Fairy]Tyranitar||LifeOrb|SandStream|KnockOff,StoneEdge,Earthquake,Protect|||F|||50|,,,,,Fairy]Urshifu||ChoiceScarf|UnseenFist|WickedBlow,PoisonJab,SuckerPunch,CloseCombat|||M|||50|,,,,,Dark]Dugtrio||FocusSash|ArenaTrap|Endeavor,SuckerPunch,StompingTantrum,Protect|||F|||50|,,,,,Ghost\n|showteam|p2|Lunala||ElectricSeed|ShadowShield|Moonblast,MoongeistBeam,WideGuard,Protect||||||50|,,,,,Fairy]Miraidon||ChoiceSpecs|HadronEngine|ElectroDrift,DazzlingGleam,VoltSwitch,DracoMeteor||||||50|,,,,,Fairy]Ogerpon-Cornerstone||CornerstoneMask|Sturdy|IvyCudgel,SpikyShield,FollowMe,HornLeech|||F|||50|,,,,,Rock]Tornadus||CovertCloak|Prankster|Taunt,Tailwind,BleakwindStorm,Protect|||M|||50|,,,,,Dark]Incineroar||RockyHelmet|Intimidate|FakeOut,KnockOff,PartingShot,FlareBlitz|||M|||50|,,,,,Grass]Clefairy||Eviolite|FriendGuard|FollowMe,HelpingHand,AfterYou,Moonblast|||M|||50|,,,,,Water\n|inactive|Battle timer is ON: inactive players will automatically lose when time's up. (requested by lexerthanatauros)\n|\n|t:|1746111424\n|start\n|switch|p1a: Og flutter mane|Mimikyu, L50, M|100/100\n|switch|p1b: Urshifu|Urshifu, L50, M|100/100\n|switch|p2a: Tornadus|Tornadus, L50, M|100/100\n|switch|p2b: Miraidon|Miraidon, L50|100/100\n|-fieldstart|move: Electric Terrain|[from] ability: Hadron Engine|[of] p2b: Miraidon\n|turn|1\n|\n|t:|1746111444\n|move|p2a: Tornadus|Taunt|p1a: Og flutter mane\n|-start|p1a: Og flutter mane|move: Taunt\n|move|p1b: Urshifu|Poison Jab|p2b: Miraidon\n|-damage|p2b: Miraidon|71/100\n|move|p2b: Miraidon|Dazzling Gleam|p1b: Urshifu|[spread] p1a,p1b\n|-supereffective|p1b: Urshifu\n|-activate|p1a: Og flutter mane|ability: Disguise\n|-damage|p1a: Og flutter mane|100/100\n|-damage|p1b: Urshifu|0 fnt\n|detailschange|p1a: Og flutter mane|Mimikyu-Busted, L50, M\n|-damage|p1a: Og flutter mane|88/100|[from] pokemon: Mimikyu-Busted\n|faint|p1b: Urshifu\n|move|p1a: Og flutter mane|Play Rough|p2b: Miraidon\n|-supereffective|p2b: Miraidon\n|-damage|p2b: Miraidon|10/100\n|-unboost|p2b: Miraidon|atk|1\n|\n|upkeep\n|\n|t:|1746111461\n|switch|p1b: Terapagos|Terapagos, L50, M|100/100\n|-activate|p1b: Terapagos|ability: Tera Shift\n|detailschange|p1b: Terapagos|Terapagos-Terastal, L50, M\n|-heal|p1b: Terapagos|100/100|[silent]\n|turn|2\n|\n|t:|1746111477\n|switch|p2b: Incineroar|Incineroar, L50, M|100/100\n|-ability|p2b: Incineroar|Intimidate|boost\n|-unboost|p1a: Og flutter mane|atk|1\n|-unboost|p1b: Terapagos|atk|1\n|move|p2a: Tornadus|Taunt|p1b: Terapagos\n|-start|p1b: Terapagos|move: Taunt\n|move|p1a: Og flutter mane|Play Rough|p2b: Incineroar\n|-damage|p2b: Incineroar|78/100\n|-damage|p1a: Og flutter mane|71/100|[from] item: Rocky Helmet|[of] p2b: Incineroar\n|move|p1b: Terapagos|Tera Starstorm|p2a: Tornadus\n|-damage|p2a: Tornadus|25/100\n|\n|upkeep\n|turn|3\n|\n|t:|1746111498\n|switch|p1a: Zamazenta|Zamazenta-Crowned, L50|100/100\n|-ability|p1a: Zamazenta|Dauntless Shield|boost\n|-boost|p1a: Zamazenta|def|1\n|move|p2a: Tornadus|Bleakwind Storm|p1a: Zamazenta|[spread] p1b\n|-miss|p2a: Tornadus|p1a: Zamazenta\n|-activate|p1b: Terapagos|ability: Tera Shell\n|-resisted|p1b: Terapagos\n|-crit|p1b: Terapagos\n|-damage|p1b: Terapagos|80/100\n|move|p1b: Terapagos|Tera Starstorm|p2a: Tornadus\n|-damage|p2a: Tornadus|0 fnt\n|faint|p2a: Tornadus\n|move|p2b: Incineroar|Knock Off|p1b: Terapagos\n|-damage|p1b: Terapagos|35/100\n|-enditem|p1b: Terapagos|Choice Specs|[from] move: Knock Off|[of] p2b: Incineroar\n|\n|upkeep\n|\n|t:|1746111511\n|switch|p2a: Miraidon|Miraidon, L50|10/100\n|-activate|p2a: Miraidon|ability: Hadron Engine\n|turn|4\n|\n|t:|1746111523\n|-terastallize|p2a: Miraidon|Fairy\n|move|p1a: Zamazenta|Protect|p1a: Zamazenta\n|-singleturn|p1a: Zamazenta|Protect\n|move|p2a: Miraidon|Dazzling Gleam|p1b: Terapagos|[spread] p1b\n|-activate|p1a: Zamazenta|move: Protect\n|-damage|p1b: Terapagos|0 fnt\n|faint|p1b: Terapagos\n|move|p2b: Incineroar|Flare Blitz|p1a: Zamazenta\n|-activate|p1a: Zamazenta|move: Protect\n|\n|upkeep\n|\n|t:|1746111529\n|switch|p1b: Og flutter mane|Mimikyu-Busted, L50, M|71/100\n|turn|5\n|\n|t:|1746111537\n|-terastallize|p1b: Og flutter mane|Fairy\n|move|p1a: Zamazenta|Wide Guard|p1a: Zamazenta\n|-singleturn|p1a: Zamazenta|Wide Guard\n|move|p2a: Miraidon|Dazzling Gleam|p1b: Og flutter mane|[spread] \n|-activate|p1a: Zamazenta|move: Wide Guard\n|-activate|p1b: Og flutter mane|move: Wide Guard\n|move|p1b: Og flutter mane|Play Rough|p2b: Incineroar\n|-damage|p2b: Incineroar|32/100\n|-damage|p1b: Og flutter mane|55/100|[from] item: Rocky Helmet|[of] p2b: Incineroar\n|move|p2b: Incineroar|Flare Blitz|p1a: Zamazenta\n|-supereffective|p1a: Zamazenta\n|-damage|p1a: Zamazenta|49/100\n|-damage|p2b: Incineroar|17/100|[from] Recoil\n|\n|-fieldend|move: Electric Terrain\n|upkeep\n|turn|6\n|\n|t:|1746111555\n|move|p1a: Zamazenta|Wide Guard|p1a: Zamazenta\n|-singleturn|p1a: Zamazenta|Wide Guard\n|move|p2a: Miraidon|Dazzling Gleam|p1b: Og flutter mane|[spread] \n|-activate|p1a: Zamazenta|move: Wide Guard\n|-activate|p1b: Og flutter mane|move: Wide Guard\n|move|p2b: Incineroar|Flare Blitz|p1a: Zamazenta\n|-supereffective|p1a: Zamazenta\n|-damage|p1a: Zamazenta|3/100\n|-damage|p2b: Incineroar|3/100|[from] Recoil\n|move|p1b: Og flutter mane|Trick Room|p1b: Og flutter mane\n|-fieldstart|move: Trick Room|[of] p1b: Og flutter mane\n|\n|upkeep\n|turn|7\n|\n|t:|1746111570\n|move|p2b: Incineroar|Flare Blitz|p1a: Zamazenta\n|-supereffective|p1a: Zamazenta\n|-damage|p1a: Zamazenta|0 fnt\n|faint|p1a: Zamazenta\n|-damage|p2b: Incineroar|3/100|[from] Recoil\n|move|p1b: Og flutter mane|Play Rough|p2b: Incineroar\n|-damage|p2b: Incineroar|0 fnt\n|-damage|p1b: Og flutter mane|38/100|[from] item: Rocky Helmet|[of] p2b: Incineroar\n|-enditem|p1b: Og flutter mane|Sitrus Berry|[eat]\n|-heal|p1b: Og flutter mane|63/100|[from] item: Sitrus Berry\n|faint|p2b: Incineroar\n|move|p2a: Miraidon|Dazzling Gleam|p1b: Og flutter mane\n|-damage|p1b: Og flutter mane|5/100\n|\n|upkeep\n|\n|t:|1746111573\n|switch|p2b: Lunala|Lunala, L50|100/100\n|turn|8\n|-message|lexerthanatauros forfeited.\n|\n|win|SunnySleepy\n|l|\u2606lexerthanatauros\n|player|p1|\n||SunnySleepy is ready for game 2.\n||lexerthanatauros is ready for game 2.\n|uhtml|next|Next: <a href=\"/battle-gen9vgc2025regibo3-2354695875\"><strong>Game 2 of 3</strong></a>\n", "uploadtime": 1746111841, "views": 5, "formatid": "gen9vgc2025regibo3", "rating": null, "private": 0, "password": null}