{"id": "gen9vgc2025regibo3-2354879169", "format": "[Gen 9] VGC 2025 Reg I (Bo3)", "players": ["SnailMoth", "mavvyvgc"], "log": "|j|\u2606SnailMoth\n|j|\u2606mavvyvgc\n|html|<table width=\"100%\"><tr><td align=\"left\">SnailMoth</td><td align=\"right\">mavvyvgc</tr><tr><td align=\"left\"><i class=\"fa fa-circle-o\"></i> <i class=\"fa fa-circle-o\"></i> </td><td align=\"right\"><i class=\"fa fa-circle-o\"></i> <i class=\"fa fa-circle-o\"></i> </tr></table>\n|uhtml|bestof|<h2><strong>Game 1</strong> of <a href=\"/game-bestof3-gen9vgc2025regibo3-2354879168\">a best-of-3</a></h2>\n|t:|1746127868\n|gametype|doubles\n|player|p1|SnailMoth|miku-ground|1101\n|player|p2|mavvyvgc|riley|1065\n|teamsize|p1|6\n|teamsize|p2|6\n|gen|9\n|tier|[Gen 9] VGC 2025 Reg I (Bo3)\n|rated|\n|rule|Species Clause: Limit one of each Pok\u00e9mon\n|rule|Item Clause: Limit 1 of each item\n|clearpoke\n|poke|p1|Terapagos, L50, M|\n|poke|p1|Calyrex-Ice, L50|\n|poke|p1|Grimmsnarl, L50, M|\n|poke|p1|Landorus, L50, M|\n|poke|p1|Raging Bolt, L50|\n|poke|p1|Rillaboom, L50, M|\n|poke|p2|Calyrex-Ice, L50|\n|poke|p2|Kyurem-White, L50|\n|poke|p2|Slowking, L50, M|\n|poke|p2|Dusknoir, L50, F|\n|poke|p2|Chi-Yu, L50|\n|poke|p2|Abomasnow, L50, M|\n|teampreview|4\n|showteam|p1|Terapagos||Leftovers|TeraShift|Protect,CalmMind,TeraStarstorm,ScorchingSands|||M|||50|,,,,,Stellar]Calyrex-Ice||ClearAmulet|AsOneGlastrier|GlacialLance,HighHorsepower,Protect,SwordsDance||||||50|,,,,,Water]Grimmsnarl||LightClay|Prankster|Reflect,LightScreen,FoulPlay,ThunderWave|||M|||50|,,,,,Poison]Landorus||LifeOrb|SheerForce|Protect,SandsearStorm,SludgeBomb,EarthPower|||M|||50|,,,,,Poison]Raging Bolt||BoosterEnergy|Protosynthesis|Discharge,DracoMeteor,Protect,Thunderclap||||||50|,,,,,Electric]Rillaboom||AssaultVest|GrassySurge|FakeOut,GrassyGlide,WoodHammer,Uturn|||M|||50|,,,,,Fire\n|showteam|p2|Calyrex-Ice||ClearAmulet|AsOneGlastrier|CloseCombat,TrickRoom,GlacialLance,Protect||||||50|,,,,,Fire]Kyurem-White||AssaultVest|Turboblaze|FusionFlare,Blizzard,FlashCannon,DracoMeteor||||||50|,,,,,Normal]Slowking||CovertCloak|Regenerator|Protect,TrickRoom,ChillyReception,ExpandingForce|||M|||50|,,,,,Ground]Dusknoir||SitrusBerry|Pressure|ShadowSneak,HelpingHand,Poltergeist,Protect|||F|||50|,,,,,Normal]Chi-Yu||ChoiceScarf|BeadsofRuin|DarkPulse,Snarl,HeatWave,Overheat||||||50|,,,,,Dark]Abomasnow||FocusSash|SnowWarning|Protect,Earthquake,SwordsDance,WoodHammer|||M|||50|,,,,,Grass\n|c|\u2606SnailMoth|gl hf\n|\n|t:|1746127916\n|start\n|switch|p1a: Calyrex|Calyrex-Ice, L50|100/100\n|switch|p1b: Grimmsnarl|Grimmsnarl, L50, M|100/100\n|switch|p2a: Kyurem|Kyurem-White, L50|100/100\n|switch|p2b: Slowking|Slowking, L50, M|100/100\n|-ability|p1a: Calyrex|As One\n|-ability|p1a: Calyrex|Unnerve\n|-ability|p2a: Kyurem|Turboblaze\n|turn|1\n|\n|t:|1746127945\n|move|p1a: Calyrex|Protect|p1a: Calyrex\n|-singleturn|p1a: Calyrex|Protect\n|move|p1b: Grimmsnarl|Light Screen|p1b: Grimmsnarl\n|-sidestart|p1: SnailMoth|move: Light Screen\n|move|p2a: Kyurem|Flash Cannon|p1b: Grimmsnarl\n|-supereffective|p1b: Grimmsnarl\n|-damage|p1b: Grimmsnarl|52/100\n|move|p2b: Slowking|Trick Room|p2b: Slowking\n|-fieldstart|move: Trick Room|[of] p2b: Slowking\n|\n|upkeep\n|turn|2\n|\n|t:|1746127963\n|-prepare|p2b: Slowking|Chilly Reception|[premajor]\n|move|p2b: Slowking|Chilly Reception|p2b: Slowking\n|-weather|Snowscape\n|\n|t:|1746127967\n|switch|p2b: Calyrex|Calyrex-Ice, L50|100/100|[from] Chilly Reception\n|-ability|p2b: Calyrex|As One\n|-ability|p2b: Calyrex|Unnerve\n|move|p1a: Calyrex|Glacial Lance|p2a: Kyurem|[spread] p2a,p2b\n|-resisted|p2b: Calyrex\n|-damage|p2a: Kyurem|76/100\n|-damage|p2b: Calyrex|90/100\n|move|p1b: Grimmsnarl|Foul Play|p2a: Kyurem\n|-damage|p2a: Kyurem|58/100\n|move|p2a: Kyurem|Blizzard|p1a: Calyrex|[spread] p1a,p1b\n|-resisted|p1a: Calyrex\n|-damage|p1a: Calyrex|90/100\n|-damage|p1b: Grimmsnarl|13/100\n|\n|-weather|Snowscape|[upkeep]\n|upkeep\n|turn|3\n|\n|t:|1746127992\n|move|p1b: Grimmsnarl|Reflect|p1b: Grimmsnarl\n|-sidestart|p1: SnailMoth|Reflect\n|move|p2b: Calyrex|Glacial Lance|p1a: Calyrex|[spread] p1a,p1b\n|-resisted|p1a: Calyrex\n|-damage|p1a: Calyrex|83/100\n|-damage|p1b: Grimmsnarl|0 fnt\n|faint|p1b: Grimmsnarl\n|-ability|p2b: Calyrex|Chilling Neigh|boost\n|-boost|p2b: Calyrex|atk|1\n|move|p1a: Calyrex|Swords Dance|p1a: Calyrex\n|-boost|p1a: Calyrex|atk|2\n|move|p2a: Kyurem|Flash Cannon|p1a: Calyrex\n|-supereffective|p1a: Calyrex\n|-damage|p1a: Calyrex|57/100\n|\n|-weather|Snowscape|[upkeep]\n|upkeep\n|\n|t:|1746127994\n|switch|p1b: Terapagos|Terapagos, L50, M|100/100\n|-activate|p1b: Terapagos|ability: Tera Shift\n|detailschange|p1b: Terapagos|Terapagos-Terastal, L50, M\n|-heal|p1b: Terapagos|100/100|[silent]\n|turn|4\n|inactive|Battle timer is ON: inactive players will automatically lose when time's up. (requested by SnailMoth)\n|\n|t:|1746128094\n|move|p2b: Calyrex|Close Combat|p1b: Terapagos\n|-activate|p1b: Terapagos|ability: Tera Shell\n|-resisted|p1b: Terapagos\n|-damage|p1b: Terapagos|77/100\n|-unboost|p2b: Calyrex|def|1\n|-unboost|p2b: Calyrex|spd|1\n|move|p1a: Calyrex|Glacial Lance|p2a: Kyurem|[spread] p2a,p2b\n|-resisted|p2b: Calyrex\n|-damage|p2a: Kyurem|8/100\n|-damage|p2b: Calyrex|58/100\n|move|p2a: Kyurem|Fusion Flare|p1a: Calyrex\n|-supereffective|p1a: Calyrex\n|-damage|p1a: Calyrex|23/100\n|move|p1b: Terapagos|Calm Mind|p1b: Terapagos\n|-boost|p1b: Terapagos|spa|1\n|-boost|p1b: Terapagos|spd|1\n|\n|-weather|Snowscape|[upkeep]\n|-heal|p1b: Terapagos|83/100|[from] item: Leftovers\n|upkeep\n|turn|5\n|inactive|SnailMoth has 30 seconds left.\n|inactive|mavvyvgc has 30 seconds left.\n|inactive|mavvyvgc has 20 seconds left.\n|inactive|mavvyvgc has 15 seconds left.\n|\n|t:|1746128135\n|switch|p2a: Slowking|Slowking, L50, M|100/100\n|-terastallize|p1b: Terapagos|Stellar\n|detailschange|p1b: Terapagos|Terapagos-Stellar, L50, M, tera:Stellar\n|-heal|p1b: Terapagos|87/100|[silent]\n|-ability|p1b: Terapagos|Teraform Zero\n|-weather|none\n|move|p2b: Calyrex|Close Combat|p1a: Calyrex\n|-damage|p1a: Calyrex|0 fnt\n|-unboost|p2b: Calyrex|def|1\n|-unboost|p2b: Calyrex|spd|1\n|faint|p1a: Calyrex\n|-ability|p2b: Calyrex|Chilling Neigh|boost\n|-boost|p2b: Calyrex|atk|1\n|move|p1b: Terapagos|Tera Starstorm|p2a: Slowking|[spread] p2a,p2b\n|-damage|p2a: Slowking|61/100\n|-damage|p2b: Calyrex|0 fnt\n|faint|p2b: Calyrex\n|\n|-heal|p1b: Terapagos|93/100|[from] item: Leftovers\n|-fieldend|move: Trick Room\n|upkeep\n|\n|t:|1746128154\n|switch|p1a: Landorus|Landorus, L50, M|100/100\n|switch|p2b: Kyurem|Kyurem-White, L50|8/100\n|-ability|p2b: Kyurem|Turboblaze\n|turn|6\n|\n|t:|1746128162\n|move|p1a: Landorus|Earth Power|p2a: Slowking\n|-damage|p2a: Slowking|14/100\n|move|p1b: Terapagos|Tera Starstorm|p2a: Slowking|[spread] p2a,p2b\n|-crit|p2a: Slowking\n|-damage|p2a: Slowking|0 fnt\n|-damage|p2b: Kyurem|0 fnt\n|faint|p2a: Slowking\n|faint|p2b: Kyurem\n|\n|-heal|p1b: Terapagos|99/100|[from] item: Leftovers\n|upkeep\n|-message|mavvyvgc forfeited.\n|\n|win|SnailMoth\n|l|\u2606mavvyvgc\n|player|p2|\n||SnailMoth is ready for game 2.\n|inactive|mavvyvgc has 30 seconds to confirm battle start!\n|inactive|mavvyvgc has 20 seconds to confirm battle start!\n|inactive|mavvyvgc has 10 seconds to confirm battle start!\n|uhtml|next|Next: <a href=\"/battle-gen9vgc2025regibo3-2354882751\"><strong>Game 2 of 3</strong></a>\n", "uploadtime": 1746128507, "views": 5, "formatid": "gen9vgc2025regibo3", "rating": null, "private": 0, "password": null}