{"id": "gen9vgc2025regibo3-2354818199", "format": "[Gen 9] VGC 2025 Reg I (Bo3)", "players": ["ShDw Ace", "Dsahar"], "log": "|j|\u2606ShDw Ace\n|j|\u2606Dsahar\n|html|<table width=\"100%\"><tr><td align=\"left\">ShDw Ace</td><td align=\"right\">Dsahar</tr><tr><td align=\"left\"><i class=\"fa fa-circle-o\"></i> <i class=\"fa fa-circle-o\"></i> </td><td align=\"right\"><i class=\"fa fa-circle-o\"></i> <i class=\"fa fa-circle-o\"></i> </tr></table>\n|uhtml|bestof|<h2><strong>Game 1</strong> of <a href=\"/game-bestof3-gen9vgc2025regibo3-2354818198\">a best-of-3</a></h2>\n|t:|1746122394\n|gametype|doubles\n|player|p1|ShDw Ace|steven|1097\n|player|p2|Dsahar|101|1194\n|teamsize|p1|6\n|teamsize|p2|6\n|gen|9\n|tier|[Gen 9] VGC 2025 Reg I (Bo3)\n|rated|\n|rule|Species Clause: Limit one of each Pok\u00e9mon\n|rule|Item Clause: Limit 1 of each item\n|clearpoke\n|poke|p1|Calyrex-Shadow, L50|\n|poke|p1|Muk-Alola, L50, M|\n|poke|p1|Smeargle, L50, M|\n|poke|p1|Lugia, L50|\n|poke|p1|Rillaboom, L50, M|\n|poke|p1|Torkoal, L50, M|\n|poke|p2|Calyrex-Ice, L50|\n|poke|p2|Kyogre, L50|\n|poke|p2|Indeedee-F, L50, F|\n|poke|p2|Amoonguss, L50, M|\n|poke|p2|Incineroar, L50, M|\n|poke|p2|Urshifu-*, L50, M|\n|teampreview|4\n|showteam|p1|Calyrex-Shadow||ClearAmulet|AsOneSpectrier|PsychUp,StoredPower,AstralBarrage,Protect||||||50|,,,,,Fairy]Muk-Alola||BlackSludge|PowerofAlchemy|Minimize,Protect,PoisonJab,KnockOff|||M|||50|,,,,,Grass]Smeargle||FocusSash|Moody|Spore,FollowMe,Explosion,FakeOut|||M|||50|,,,,,Ghost]Lugia||Leftovers|Multiscale|PsychUp,Recover,EarthPower,Aeroblast||||||50|,,,,,Ground]Rillaboom||AssaultVest|GrassySurge|Uturn,GrassyGlide,FakeOut,Earthquake|||M|||50|,,,,,Fire]Torkoal||AirBalloon|Drought|Protect,BodyPress,ClearSmog,Overheat|||M|||50|,,,,,Water\n|showteam|p2|Calyrex-Ice||ClearAmulet|AsOneGlastrier|GlacialLance,HighHorsepower,Protect,TrickRoom||||||50|,,,,,Poison]Kyogre||LifeOrb|Drizzle|Thunder,IceBeam,Protect,OriginPulse||||||50|,,,,,Grass]Indeedee-F||PsychicSeed|PsychicSurge|FollowMe,TrickRoom,Psychic,HelpingHand|||F|||50|,,,,,Water]Amoonguss||RockyHelmet|Regenerator|RagePowder,SludgeBomb,Spore,PollenPuff|||M|||50|,,,,,Fire]Incineroar||SafetyGoggles|Intimidate|Uturn,WillOWisp,KnockOff,FakeOut|||M|||50|,,,,,Grass]Urshifu-Rapid-Strike||ChoiceScarf|UnseenFist|SurgingStrikes,AquaJet,CloseCombat,Uturn|||M|||50|,,,,,Water\n|j| sid kagenow\n|l| sid kagenow\n|\n|t:|1746122412\n|start\n|switch|p1a: Muk|Muk-Alola, L50, M, shiny|100/100\n|switch|p1b: Smeargle|Smeargle, L50, M, shiny|100/100\n|switch|p2a: Calyrex|Calyrex-Ice, L50|100/100\n|switch|p2b: Urshifu|Urshifu-Rapid-Strike, L50, M|100/100\n|-ability|p2a: Calyrex|As One\n|-ability|p2a: Calyrex|Unnerve\n|turn|1\n|\n|t:|1746122435\n|switch|p2a: Indeedee|Indeedee-F, L50, F|100/100\n|-fieldstart|move: Psychic Terrain|[from] ability: Psychic Surge|[of] p2a: Indeedee\n|-enditem|p2a: Indeedee|Psychic Seed\n|-boost|p2a: Indeedee|spd|1|[from] item: Psychic Seed\n|move|p1b: Smeargle|Fake Out|p2b: Urshifu\n|-activate|p2b: Urshifu|move: Psychic Terrain\n|move|p2b: Urshifu|Surging Strikes|p1b: Smeargle\n|-crit|p1b: Smeargle\n|-damage|p1b: Smeargle|50/100\n|-crit|p1b: Smeargle\n|-damage|p1b: Smeargle|0 fnt\n|faint|p1b: Smeargle\n|-ability|p1a: Muk|Moody|[from] ability: Power of Alchemy|[of] p1b: Smeargle\n|-hitcount|p1: Smeargle|2\n|move|p1a: Muk|Minimize|p1a: Muk\n|-boost|p1a: Muk|evasion|2\n|\n|-ability|p1a: Muk|Moody|boost\n|-boost|p1a: Muk|spa|2\n|-unboost|p1a: Muk|def|1\n|upkeep\n|\n|t:|1746122461\n|switch|p1b: Lugia|Lugia, L50, shiny|100/100\n|turn|2\n|\n|t:|1746122473\n|move|p2b: Urshifu|Surging Strikes|p1a: Muk|[miss]\n|-miss|p2b: Urshifu|p1a: Muk\n|move|p1b: Lugia|Aeroblast|p2b: Urshifu\n|-supereffective|p2b: Urshifu\n|-damage|p2b: Urshifu|11/100\n|move|p2a: Indeedee|Psychic|p1a: Muk\n|-immune|p1a: Muk\n|move|p1a: Muk|Minimize|p1a: Muk\n|-boost|p1a: Muk|evasion|2\n|\n|-ability|p1a: Muk|Moody|boost\n|-boost|p1a: Muk|def|2\n|-unboost|p1a: Muk|spe|1\n|upkeep\n|turn|3\n|\n|t:|1746122492\n|move|p2b: Urshifu|Surging Strikes|p1a: Muk|[miss]\n|-miss|p2b: Urshifu|p1a: Muk\n|move|p1b: Lugia|Aeroblast|p2b: Urshifu\n|-supereffective|p2b: Urshifu\n|-damage|p2b: Urshifu|0 fnt\n|faint|p2b: Urshifu\n|move|p2a: Indeedee|Psychic|p1b: Lugia\n|-resisted|p1b: Lugia\n|-damage|p1b: Lugia|96/100\n|move|p1a: Muk|Minimize|p1a: Muk\n|-boost|p1a: Muk|evasion|2\n|\n|-heal|p1b: Lugia|100/100|[from] item: Leftovers\n|-ability|p1a: Muk|Moody|boost\n|-boost|p1a: Muk|atk|2\n|-unboost|p1a: Muk|def|1\n|upkeep\n|\n|t:|1746122509\n|switch|p2b: Calyrex|Calyrex-Ice, L50|100/100\n|-ability|p2b: Calyrex|As One\n|-ability|p2b: Calyrex|Unnerve\n|turn|4\n|\n|t:|1746122521\n|move|p1a: Muk|Protect|p1a: Muk\n|-singleturn|p1a: Muk|Protect\n|move|p1b: Lugia|Psych Up|p1a: Muk\n|-copyboost|p1b: Lugia|p1a: Muk|[from] move: Psych Up\n|move|p2a: Indeedee|Psychic|p1b: Lugia|[miss]\n|-miss|p2a: Indeedee|p1b: Lugia\n|move|p2b: Calyrex|Glacial Lance|p1a: Muk|[spread] \n|-activate|p1a: Muk|move: Protect\n|-miss|p2b: Calyrex|p1b: Lugia\n|\n|-ability|p1a: Muk|Moody|boost\n|-boost|p1a: Muk|def|2\n|-unboost|p1a: Muk|spe|1\n|upkeep\n|turn|5\n|\n|t:|1746122551\n|move|p2a: Indeedee|Follow Me|p2a: Indeedee\n|-singleturn|p2a: Indeedee|move: Follow Me\n|move|p1b: Lugia|Aeroblast|p2a: Indeedee\n|-damage|p2a: Indeedee|61/100\n|move|p2b: Calyrex|Glacial Lance|p1b: Lugia|[spread] \n|-miss|p2b: Calyrex|p1a: Muk\n|-miss|p2b: Calyrex|p1b: Lugia\n|move|p1a: Muk|Knock Off|p2a: Indeedee\n|-supereffective|p2a: Indeedee\n|-damage|p2a: Indeedee|0 fnt\n|faint|p2a: Indeedee\n|\n|-fieldend|move: Psychic Terrain\n|-ability|p1a: Muk|Moody|boost\n|-boost|p1a: Muk|spa|2\n|-unboost|p1a: Muk|atk|1\n|upkeep\n|\n|t:|1746122568\n|switch|p2a: Kyogre|Kyogre, L50|100/100\n|-weather|RainDance|[from] ability: Drizzle|[of] p2a: Kyogre\n|turn|6\n|\n|t:|1746122599\n|-terastallize|p2b: Calyrex|Poison\n|move|p2a: Kyogre|Thunder|p1b: Lugia\n|-supereffective|p1b: Lugia\n|-damage|p1b: Lugia|72/100\n|-damage|p2a: Kyogre|91/100|[from] item: Life Orb\n|move|p1b: Lugia|Aeroblast|p2a: Kyogre\n|-damage|p2a: Kyogre|46/100\n|move|p2b: Calyrex|Glacial Lance|p1b: Lugia|[spread] \n|-miss|p2b: Calyrex|p1a: Muk\n|-miss|p2b: Calyrex|p1b: Lugia\n|move|p1a: Muk|Knock Off|p2a: Kyogre\n|-damage|p2a: Kyogre|5/100\n|-enditem|p2a: Kyogre|Life Orb|[from] move: Knock Off|[of] p1a: Muk\n|\n|-weather|RainDance|[upkeep]\n|-heal|p1b: Lugia|79/100|[from] item: Leftovers\n|-ability|p1a: Muk|Moody|boost\n|-boost|p1a: Muk|atk|2\n|-unboost|p1a: Muk|spd|1\n|upkeep\n|turn|7\n|\n|t:|1746122625\n|move|p2a: Kyogre|Ice Beam|p1b: Lugia|[miss]\n|-miss|p2a: Kyogre|p1b: Lugia\n|move|p1b: Lugia|Recover|p1b: Lugia\n|-heal|p1b: Lugia|100/100\n|move|p2b: Calyrex|Glacial Lance|p1b: Lugia|[spread] \n|-miss|p2b: Calyrex|p1a: Muk\n|-miss|p2b: Calyrex|p1b: Lugia\n|move|p1a: Muk|Knock Off|p2b: Calyrex\n|-damage|p2b: Calyrex|51/100\n|-enditem|p2b: Calyrex|Clear Amulet|[from] move: Knock Off|[of] p1a: Muk\n|\n|-weather|RainDance|[upkeep]\n|-ability|p1a: Muk|Moody|boost\n|-boost|p1a: Muk|atk|2\n|-unboost|p1a: Muk|def|1\n|upkeep\n|turn|8\n|\n|t:|1746122654\n|move|p2a: Kyogre|Ice Beam|p1b: Lugia|[miss]\n|-miss|p2a: Kyogre|p1b: Lugia\n|move|p1b: Lugia|Earth Power|p2b: Calyrex\n|-supereffective|p2b: Calyrex\n|-damage|p2b: Calyrex|4/100\n|move|p2b: Calyrex|Glacial Lance|p1b: Lugia|[spread] p1b\n|-miss|p2b: Calyrex|p1a: Muk\n|-supereffective|p1b: Lugia\n|-damage|p1b: Lugia|61/100\n|move|p1a: Muk|Knock Off|p2a: Kyogre\n|-damage|p2a: Kyogre|0 fnt\n|faint|p2a: Kyogre\n|\n|-weather|RainDance|[upkeep]\n|-heal|p1b: Lugia|67/100|[from] item: Leftovers\n|-ability|p1a: Muk|Moody|boost\n|-boost|p1a: Muk|def|2\n|-unboost|p1a: Muk|spe|1\n|upkeep\n|turn|9\n|inactive|Battle timer is ON: inactive players will automatically lose when time's up. (requested by ShDw Ace)\n|\n|t:|1746122676\n|move|p1b: Lugia|Earth Power|p2b: Calyrex\n|-supereffective|p2b: Calyrex\n|-damage|p2b: Calyrex|0 fnt\n|faint|p2b: Calyrex\n|\n|win|ShDw Ace\n||ShDw Ace is ready for game 2.\n||Dsahar is ready for game 2.\n|uhtml|next|Next: <a href=\"/battle-gen9vgc2025regibo3-2354821557\"><strong>Game 2 of 3</strong></a>\n", "uploadtime": 1746123033, "views": 5, "formatid": "gen9vgc2025regibo3", "rating": null, "private": 0, "password": null}