{"id": "gen9vgc2025regibo3-2354504122", "format": "[Gen 9] VGC 2025 Reg I (Bo3)", "players": ["Jwwt", "merrypasta"], "log": "|j|\u2606Jwwt\n|j|\u2606merrypasta\n|html|<table width=\"100%\"><tr><td align=\"left\">Jwwt</td><td align=\"right\">merrypasta</tr><tr><td align=\"left\"><i class=\"fa fa-circle-o\"></i> <i class=\"fa fa-circle-o\"></i> </td><td align=\"right\"><i class=\"fa fa-circle-o\"></i> <i class=\"fa fa-circle-o\"></i> </tr></table>\n|uhtml|bestof|<h2><strong>Game 1</strong> of <a href=\"/game-bestof3-gen9vgc2025regibo3-2354504120\">a best-of-3</a></h2>\n|t:|1746083343\n|gametype|doubles\n|player|p1|Jwwt|waitress-gen4|1081\n|player|p2|merrypasta|lady|1076\n|teamsize|p1|6\n|teamsize|p2|6\n|gen|9\n|tier|[Gen 9] VGC 2025 Reg I (Bo3)\n|rated|\n|rule|Species Clause: Limit one of each Pok\u00e9mon\n|rule|Item Clause: Limit 1 of each item\n|clearpoke\n|poke|p1|Kyogre, L50|\n|poke|p1|Overqwil, L50, F|\n|poke|p1|Urshifu-*, L50, M|\n|poke|p1|Indeedee-F, L50, F|\n|poke|p1|Terapagos, L50, M|\n|poke|p1|Landorus, L50, M|\n|poke|p2|Lunala, L50|\n|poke|p2|Indeedee-F, L50, F|\n|poke|p2|Zacian-*, L50|\n|poke|p2|Volcarona, L50, F|\n|poke|p2|Roaring Moon, L50|\n|poke|p2|Milotic, L50, F|\n|teampreview|4\n|showteam|p1|Kyogre||SitrusBerry|Drizzle|OriginPulse,CalmMind,IceBeam,Protect||||||50|,,,,,Grass]Overqwil||CovertCloak|SwiftSwim|Acupressure,DestinyBond,PoisonJab,Taunt|||F|||50|,,,,,Fairy]Urshifu-Rapid-Strike||ChoiceScarf|UnseenFist|SurgingStrikes,AquaJet,CloseCombat,Uturn|||M|||50|,,,,,Water]Indeedee-F||PsychicSeed|PsychicSurge|HealPulse,FollowMe,TrickRoom,Psychic|||F|||50|,,,,,Grass]Terapagos||Leftovers|TeraShift|CalmMind,TeraStarstorm,Protect,Substitute|||M|||50|,,,,,Stellar]Landorus||LifeOrb|SheerForce|SandsearStorm,EarthPower,SludgeBomb,Protect|||M|||50|,,,,,Poison\n|showteam|p2|Lunala||PowerHerb|ShadowShield|MoongeistBeam,ExpandingForce,MeteorBeam,WideGuard||||||50|,,,,,Dark]Indeedee-F||PsychicSeed|PsychicSurge|Psychic,FollowMe,HelpingHand,TrickRoom|||F|||50|,,,,,Fairy]Zacian-Crowned||RustedSword|IntrepidSword|behemothblade,PlayRough,Protect,SwordsDance||||||50|,,,,,Water]Volcarona||CovertCloak|FlameBody|FieryDance,GigaDrain,Protect,QuiverDance|||F|||50|,,,,,Dragon]Roaring Moon||BoosterEnergy|Protosynthesis|KnockOff,Acrobatics,Protect,Tailwind||||||50|,,,,,Flying]Milotic||SafetyGoggles|Competitive|Scald,IcyWind,Protect,Safeguard|||F|||50|,,,,,Grass\n|l|\u2606Jwwt\n|player|p1|\n|j|\u2606Jwwt\n|player|p1|Jwwt|waitress-gen4|\n|\n|t:|1746083399\n|start\n|switch|p1a: Sea slug|Kyogre, L50|100/100\n|switch|p1b: Overqwil|Overqwil, L50, F|100/100\n|switch|p2a: Roaring Moon|Roaring Moon, L50|100/100\n|switch|p2b: Zacian|Zacian-Crowned, L50|100/100\n|-ability|p2b: Zacian|Intrepid Sword|boost\n|-boost|p2b: Zacian|atk|1\n|-weather|RainDance|[from] ability: Drizzle|[of] p1a: Sea slug\n|-enditem|p2a: Roaring Moon|Booster Energy\n|-activate|p2a: Roaring Moon|ability: Protosynthesis|[fromitem]\n|-start|p2a: Roaring Moon|protosynthesisspe\n|turn|1\n|l|\u2606Jwwt\n|player|p1|\n|j|\u2606Jwwt\n|player|p1|Jwwt|waitress-gen4|\n|\n|t:|1746083440\n|move|p1a: Sea slug|Protect|p1a: Sea slug\n|-singleturn|p1a: Sea slug|Protect\n|move|p1b: Overqwil|Acupressure|p1a: Sea slug\n|-boost|p1a: Sea slug|spe|2\n|move|p2a: Roaring Moon|Tailwind|p2a: Roaring Moon\n|-sidestart|p2: merrypasta|move: Tailwind\n|move|p2b: Zacian|Swords Dance|p2b: Zacian\n|-boost|p2b: Zacian|atk|2\n|\n|-weather|RainDance|[upkeep]\n|upkeep\n|turn|2\n|l|\u2606Jwwt\n|player|p1|\n|\n|t:|1746083481\n|move|p2a: Roaring Moon|Acrobatics|p1b: Overqwil\n|-damage|p1b: Overqwil|64/100\n|move|p2b: Zacian|Play Rough|p1a: Sea slug\n|-damage|p1a: Sea slug|5/100\n|-enditem|p1a: Sea slug|Sitrus Berry|[eat]\n|-heal|p1a: Sea slug|30/100|[from] item: Sitrus Berry\n|move|p1b: Overqwil|Acupressure|p1a: Sea slug\n|-boost|p1a: Sea slug|spa|2\n|move|p1a: Sea slug|Ice Beam|p2a: Roaring Moon\n|-supereffective|p2a: Roaring Moon\n|-damage|p2a: Roaring Moon|0 fnt\n|faint|p2a: Roaring Moon\n|-end|p2a: Roaring Moon|Protosynthesis|[silent]\n|\n|-weather|RainDance|[upkeep]\n|upkeep\n|j|\u2606Jwwt\n|player|p1|Jwwt|waitress-gen4|\n|\n|t:|1746083496\n|switch|p2a: Volcarona|Volcarona, L50, F|100/100\n|turn|3\n|\n|t:|1746083514\n|switch|p1b: Nurse|Indeedee-F, L50, F|100/100\n|-fieldstart|move: Psychic Terrain|[from] ability: Psychic Surge|[of] p1b: Nurse\n|-enditem|p1b: Nurse|Psychic Seed\n|-boost|p1b: Nurse|spd|1|[from] item: Psychic Seed\n|move|p1a: Sea slug|Protect|p1a: Sea slug\n|-singleturn|p1a: Sea slug|Protect\n|move|p2b: Zacian|Behemoth Blade|p1a: Sea slug\n|-activate|p1a: Sea slug|move: Protect\n|move|p2a: Volcarona|Quiver Dance|p2a: Volcarona\n|-boost|p2a: Volcarona|spa|1\n|-boost|p2a: Volcarona|spd|1\n|-boost|p2a: Volcarona|spe|1\n|\n|-weather|RainDance|[upkeep]\n|upkeep\n|turn|4\n|l|\u2606Jwwt\n|player|p1|\n|j|\u2606Jwwt\n|player|p1|Jwwt|waitress-gen4|\n|\n|t:|1746083549\n|move|p1b: Nurse|Follow Me|p1b: Nurse\n|-singleturn|p1b: Nurse|move: Follow Me\n|move|p2a: Volcarona|Fiery Dance|p1b: Nurse\n|-damage|p1b: Nurse|80/100\n|move|p2b: Zacian|Behemoth Blade|p1b: Nurse\n|-damage|p1b: Nurse|0 fnt\n|faint|p1b: Nurse\n|move|p1a: Sea slug|Origin Pulse|p2a: Volcarona|[spread] p2b\n|-miss|p1a: Sea slug|p2a: Volcarona\n|-damage|p2b: Zacian|0 fnt\n|faint|p2b: Zacian\n|\n|-weather|RainDance|[upkeep]\n|-sideend|p2: merrypasta|move: Tailwind\n|upkeep\n|\n|t:|1746083563\n|switch|p2b: Lunala|Lunala, L50|100/100\n|switch|p1b: Terapagos|Terapagos, L50, M|100/100\n|-activate|p1b: Terapagos|ability: Tera Shift\n|detailschange|p1b: Terapagos|Terapagos-Terastal, L50, M\n|-heal|p1b: Terapagos|100/100|[silent]\n|turn|5\n|\n|t:|1746083571\n|move|p1a: Sea slug|Protect|p1a: Sea slug\n|-singleturn|p1a: Sea slug|Protect\n|move|p2b: Lunala|Wide Guard|p2b: Lunala\n|-singleturn|p2b: Lunala|Wide Guard\n|move|p2a: Volcarona|Quiver Dance|p2a: Volcarona\n|-boost|p2a: Volcarona|spa|1\n|-boost|p2a: Volcarona|spd|1\n|-boost|p2a: Volcarona|spe|1\n|move|p1b: Terapagos|Calm Mind|p1b: Terapagos\n|-boost|p1b: Terapagos|spa|1\n|-boost|p1b: Terapagos|spd|1\n|\n|-weather|none\n|upkeep\n|turn|6\n|\n|t:|1746083593\n|move|p2b: Lunala|Wide Guard|p2b: Lunala\n|-singleturn|p2b: Lunala|Wide Guard\n|move|p2a: Volcarona|Quiver Dance|p2a: Volcarona\n|-boost|p2a: Volcarona|spa|1\n|-boost|p2a: Volcarona|spd|1\n|-boost|p2a: Volcarona|spe|1\n|move|p1a: Sea slug|Origin Pulse|p2a: Volcarona|[spread] \n|-activate|p2a: Volcarona|move: Wide Guard\n|-activate|p2b: Lunala|move: Wide Guard\n|move|p1b: Terapagos|Calm Mind|p1b: Terapagos\n|-boost|p1b: Terapagos|spa|1\n|-boost|p1b: Terapagos|spd|1\n|\n|upkeep\n|turn|7\n|l|\u2606Jwwt\n|player|p1|\n|j|\u2606Jwwt\n|player|p1|Jwwt|waitress-gen4|\n|c|\u2606merrypasta|brrrroooom broooom\n|\n|t:|1746083620\n|-terastallize|p2a: Volcarona|Dragon\n|move|p2a: Volcarona|Giga Drain|p1b: Terapagos\n|-activate|p1b: Terapagos|ability: Tera Shell\n|-resisted|p1b: Terapagos\n|-damage|p1b: Terapagos|89/100\n|move|p1a: Sea slug|Ice Beam|p2b: Lunala\n|-damage|p2b: Lunala|75/100\n|move|p2b: Lunala|Expanding Force|p1a: Sea slug|[spread] p1a,p1b\n|-damage|p1a: Sea slug|0 fnt\n|-damage|p1b: Terapagos|59/100\n|faint|p1a: Sea slug\n|move|p1b: Terapagos|Calm Mind|p1b: Terapagos\n|-boost|p1b: Terapagos|spa|1\n|-boost|p1b: Terapagos|spd|1\n|\n|-heal|p1b: Terapagos|65/100|[from] item: Leftovers\n|-fieldend|move: Psychic Terrain\n|upkeep\n|\n|t:|1746083632\n|switch|p1a: Overqwil|Overqwil, L50, F|64/100\n|turn|8\n|\n|t:|1746083647\n|move|p1b: Terapagos|Protect|p1b: Terapagos\n|-singleturn|p1b: Terapagos|Protect\n|move|p2a: Volcarona|Fiery Dance|p1a: Overqwil\n|-damage|p1a: Overqwil|0 fnt\n|-boost|p2a: Volcarona|spa|1\n|faint|p1a: Overqwil\n|move|p2b: Lunala|Meteor Beam||[still]\n|-prepare|p2b: Lunala|Meteor Beam\n|-boost|p2b: Lunala|spa|1\n|-enditem|p2b: Lunala|Power Herb\n|-anim|p2b: Lunala|Meteor Beam|p1b: Terapagos\n|-activate|p1b: Terapagos|move: Protect\n|\n|-heal|p1b: Terapagos|71/100|[from] item: Leftovers\n|upkeep\n|turn|9\n|\n|t:|1746083660\n|move|p2a: Volcarona|Fiery Dance|p1b: Terapagos\n|-damage|p1b: Terapagos|32/100\n|-boost|p2a: Volcarona|spa|1\n|move|p2b: Lunala|Expanding Force|p1b: Terapagos\n|-damage|p1b: Terapagos|6/100\n|move|p1b: Terapagos|Tera Starstorm|p2a: Volcarona\n|-damage|p2a: Volcarona|44/100\n|\n|-heal|p1b: Terapagos|12/100|[from] item: Leftovers\n|upkeep\n|turn|10\n|\n|t:|1746083673\n|move|p1b: Terapagos|Protect|p1b: Terapagos\n|-singleturn|p1b: Terapagos|Protect\n|move|p2a: Volcarona|Fiery Dance|p1b: Terapagos\n|-activate|p1b: Terapagos|move: Protect\n|move|p2b: Lunala|Expanding Force|p1b: Terapagos\n|-activate|p1b: Terapagos|move: Protect\n|\n|-heal|p1b: Terapagos|18/100|[from] item: Leftovers\n|upkeep\n|turn|11\n|\n|t:|1746083686\n|-terastallize|p1b: Terapagos|Stellar\n|detailschange|p1b: Terapagos|Terapagos-Stellar, L50, M, tera:Stellar\n|-heal|p1b: Terapagos|38/100|[silent]\n|move|p2a: Volcarona|Giga Drain|p1b: Terapagos\n|-damage|p1b: Terapagos|17/100\n|-heal|p2a: Volcarona|59/100|[from] drain|[of] p1b: Terapagos\n|move|p2b: Lunala|Moongeist Beam|p1b: Terapagos\n|-immune|p1b: Terapagos\n|move|p1b: Terapagos|Tera Starstorm|p2b: Lunala|[spread] p2a,p2b\n|-supereffective|p2a: Volcarona\n|-damage|p2a: Volcarona|0 fnt\n|-damage|p2b: Lunala|4/100\n|faint|p2a: Volcarona\n|\n|-heal|p1b: Terapagos|23/100|[from] item: Leftovers\n|upkeep\n|turn|12\n|l|\u2606Jwwt\n|player|p1|\n|c|\u2606merrypasta|im so dumb\n|j|\u2606Jwwt\n|player|p1|Jwwt|waitress-gen4|\n|c|\u2606merrypasta|i miss clicked moongeist instead of eforce\n|c|\u2606merrypasta|and i lost for that\n|\n|t:|1746083722\n|move|p1b: Terapagos|Protect|p1b: Terapagos\n|-singleturn|p1b: Terapagos|Protect\n|move|p2b: Lunala|Expanding Force|p1b: Terapagos\n|-activate|p1b: Terapagos|move: Protect\n|\n|-heal|p1b: Terapagos|29/100|[from] item: Leftovers\n|upkeep\n|turn|13\n|\n|t:|1746083732\n|move|p2b: Lunala|Expanding Force|p1b: Terapagos\n|-damage|p1b: Terapagos|11/100\n|move|p1b: Terapagos|Tera Starstorm|p2b: Lunala\n|-damage|p2b: Lunala|0 fnt\n|faint|p2b: Lunala\n|\n|win|Jwwt\n||merrypasta is ready for game 2.\n|inactive|Jwwt has 30 seconds to confirm battle start!\n||Jwwt is ready for game 2.\n|uhtml|next|Next: <a href=\"/battle-gen9vgc2025regibo3-2354506003\"><strong>Game 2 of 3</strong></a>\n|l|\u2606Jwwt\n|player|p1|\n", "uploadtime": 1746084001, "views": 23, "formatid": "gen9vgc2025regibo3", "rating": null, "private": 0, "password": null}