{"id": "gen9vgc2025regibo3-2354210456", "format": "[Gen 9] VGC 2025 Reg I (Bo3)", "players": ["aieee force a toi", "ExessVGC"], "log": "|j|\u2606aieee force a toi\n|j|\u2606ExessVGC\n|html|<table width=\"100%\"><tr><td align=\"left\">aieee force a toi</td><td align=\"right\">ExessVGC</tr><tr><td align=\"left\"><i class=\"fa fa-circle-o\"></i> <i class=\"fa fa-circle-o\"></i> </td><td align=\"right\"><i class=\"fa fa-circle-o\"></i> <i class=\"fa fa-circle-o\"></i> </tr></table>\n|uhtml|bestof|<h2><strong>Game 1</strong> of <a href=\"/game-bestof3-gen9vgc2025regibo3-2354210455\">a best-of-3</a></h2>\n|t:|1746044991\n|gametype|doubles\n|player|p1|aieee force a toi|swimmer|1142\n|player|p2|ExessVGC|101|1227\n|teamsize|p1|6\n|teamsize|p2|6\n|gen|9\n|tier|[Gen 9] VGC 2025 Reg I (Bo3)\n|rated|\n|rule|Species Clause: Limit one of each Pok\u00e9mon\n|rule|Item Clause: Limit 1 of each item\n|clearpoke\n|poke|p1|Calyrex-Shadow, L50|\n|poke|p1|Terapagos, L50, M|\n|poke|p1|Rillaboom, L50, M|\n|poke|p1|Dragapult, L50, M|\n|poke|p1|Volcarona, L50, M|\n|poke|p1|Farigiraf, L50, F|\n|poke|p2|Giratina, L50|\n|poke|p2|Grimmsnarl, L50, M|\n|poke|p2|Incineroar, L50, M|\n|poke|p2|Tornadus, L50, M|\n|poke|p2|Urshifu-*, L50, F|\n|poke|p2|Miraidon, L50|\n|teampreview|4\n|showteam|p1|Calyrex-Shadow||FocusSash|AsOneSpectrier|AstralBarrage,Encore,Protect,Psychic||||||50|,,,,,Ghost]Terapagos||Leftovers|TeraShift|CalmMind,TeraStarstorm,Protect,EarthPower|||M|||50|,,,,,Stellar]Rillaboom||AssaultVest|GrassySurge|FakeOut,GrassyGlide,WoodHammer,LowKick|||M|||50|,,,,,Grass]Dragapult||ChoiceBand|Infiltrator|DragonDarts,PhantomForce,Outrage,Uturn|||M|||50|,,,,,Dragon]Volcarona||SafetyGoggles|FlameBody|RagePowder,StruggleBug,Tailwind,WillOWisp|||M|||50|,,,,,Water]Farigiraf||RockyHelmet|ArmorTail|HelpingHand,FoulPlay,TrickRoom,Imprison|||F|||50|,,,,,Water\n|showteam|p2|Giratina||Leftovers|Pressure|Hex,Protect,CalmMind,DragonPulse||||||50|,,,,,Fairy]Grimmsnarl||LightClay|Prankster|ThunderWave,LightScreen,Reflect,SpiritBreak|||M|||50|,,,,,Water]Incineroar||SafetyGoggles|Intimidate|FakeOut,WillOWisp,PartingShot,KnockOff|||M|||50|,,,,,Water]Tornadus||CovertCloak|Prankster|RainDance,Tailwind,BleakwindStorm,Taunt|||M|||50|,,,,,Dark]Urshifu-Rapid-Strike||ChoiceScarf|UnseenFist|SurgingStrikes,CloseCombat,Uturn,AquaJet|||F|||50|,,,,,Grass]Miraidon||LifeOrb|HadronEngine|DazzlingGleam,ElectroDrift,DracoMeteor,Protect||||||50|,,,,,Fairy\n|inactive|Battle timer is ON: inactive players will automatically lose when time's up. (requested by aieee force a toi)\n|\n|t:|1746045051\n|start\n|switch|p1a: Terapagos|Terapagos, L50, M|100/100\n|switch|p1b: Volcarona|Volcarona, L50, M|100/100\n|switch|p2a: Po|Urshifu-Rapid-Strike, L50, F|100/100\n|switch|p2b: Il Genio|Tornadus, L50, M|100/100\n|-activate|p1a: Terapagos|ability: Tera Shift\n|detailschange|p1a: Terapagos|Terapagos-Terastal, L50, M\n|-heal|p1a: Terapagos|100/100|[silent]\n|turn|1\n|inactive|aieee force a toi has 30 seconds left.\n|inactive|ExessVGC has 30 seconds left.\n|\n|t:|1746045082\n|-terastallize|p1b: Volcarona|Water\n|move|p1b: Volcarona|Rage Powder|p1b: Volcarona\n|-singleturn|p1b: Volcarona|move: Rage Powder\n|move|p2b: Il Genio|Rain Dance|p2b: Il Genio\n|-weather|RainDance\n|move|p2a: Po|Surging Strikes|p1b: Volcarona\n|-resisted|p1b: Volcarona\n|-crit|p1b: Volcarona\n|-damage|p1b: Volcarona|80/100\n|-resisted|p1b: Volcarona\n|-crit|p1b: Volcarona\n|-damage|p1b: Volcarona|62/100\n|-status|p2a: Po|brn|[from] ability: Flame Body|[of] p1b: Volcarona\n|-resisted|p1b: Volcarona\n|-crit|p1b: Volcarona\n|-damage|p1b: Volcarona|52/100\n|-hitcount|p1b: Volcarona|3\n|move|p1a: Terapagos|Calm Mind|p1a: Terapagos\n|-boost|p1a: Terapagos|spa|1\n|-boost|p1a: Terapagos|spd|1\n|\n|-weather|RainDance|[upkeep]\n|-damage|p2a: Po|94/100 brn|[from] brn\n|upkeep\n|turn|2\n|inactive|aieee force a toi has 30 seconds left.\n|inactive|ExessVGC has 30 seconds left.\n|inactive|aieee force a toi has 20 seconds left.\n|\n|t:|1746045118\n|-terastallize|p2a: Po|Grass\n|move|p1b: Volcarona|Rage Powder|p1b: Volcarona\n|-singleturn|p1b: Volcarona|move: Rage Powder\n|move|p2a: Po|Surging Strikes|p1a: Terapagos\n|-activate|p1a: Terapagos|ability: Tera Shell\n|-resisted|p1a: Terapagos\n|-crit|p1a: Terapagos\n|-damage|p1a: Terapagos|95/100\n|-resisted|p1a: Terapagos\n|-crit|p1a: Terapagos\n|-damage|p1a: Terapagos|88/100\n|-resisted|p1a: Terapagos\n|-crit|p1a: Terapagos\n|-damage|p1a: Terapagos|82/100\n|-hitcount|p1a: Terapagos|3\n|move|p2b: Il Genio|Bleakwind Storm|p1b: Volcarona|[spread] p1a,p1b\n|-crit|p1b: Volcarona\n|-damage|p1a: Terapagos|64/100\n|-damage|p1b: Volcarona|14/100\n|-unboost|p1b: Volcarona|spe|1\n|move|p1a: Terapagos|Tera Starstorm|p2b: Il Genio\n|-damage|p2b: Il Genio|0 fnt\n|faint|p2b: Il Genio\n|\n|-weather|RainDance|[upkeep]\n|-heal|p1a: Terapagos|70/100|[from] item: Leftovers\n|-damage|p2a: Po|88/100 brn|[from] brn\n|upkeep\n|inactive|ExessVGC has 30 seconds left.\n|inactive|ExessVGC has 20 seconds left.\n|inactive|ExessVGC has 15 seconds left.\n|\n|t:|1746045161\n|switch|p2b: Il Campione|Incineroar, L50, M|100/100\n|-ability|p2b: Il Campione|Intimidate|boost\n|-unboost|p1a: Terapagos|atk|1\n|-unboost|p1b: Volcarona|atk|1\n|turn|3\n|inactive|ExessVGC has 30 seconds left.\n|inactive|ExessVGC has 20 seconds left.\n|inactive|ExessVGC has 15 seconds left.\n|inactive|ExessVGC has 10 seconds left.\n|\n|t:|1746045211\n|move|p1a: Terapagos|Protect|p1a: Terapagos\n|-singleturn|p1a: Terapagos|Protect\n|move|p2b: Il Campione|Fake Out|p1a: Terapagos\n|-activate|p1a: Terapagos|move: Protect\n|move|p2a: Po|Surging Strikes|p1a: Terapagos\n|-crit|p1a: Terapagos\n|-damage|p1a: Terapagos|57/100\n|-crit|p1a: Terapagos\n|-damage|p1a: Terapagos|43/100\n|-crit|p1a: Terapagos\n|-damage|p1a: Terapagos|30/100\n|-hitcount|p1a: Terapagos|3\n|move|p1b: Volcarona|Tailwind|p1b: Volcarona\n|-sidestart|p1: aieee force a toi|move: Tailwind\n|\n|-weather|RainDance|[upkeep]\n|-heal|p1a: Terapagos|36/100|[from] item: Leftovers\n|-damage|p2a: Po|82/100 brn|[from] brn\n|upkeep\n|turn|4\n|inactive|aieee force a toi has 30 seconds left.\n|inactive|ExessVGC has 30 seconds left.\n|inactive|ExessVGC has 20 seconds left.\n|inactive|ExessVGC has 15 seconds left.\n|inactive|ExessVGC has 10 seconds left.\n|\n|t:|1746045260\n|switch|p1b: Rillaboom|Rillaboom, L50, M|100/100\n|-fieldstart|move: Grassy Terrain|[from] ability: Grassy Surge|[of] p1b: Rillaboom\n|move|p2a: Po|Surging Strikes|p1a: Terapagos\n|-crit|p1a: Terapagos\n|-damage|p1a: Terapagos|22/100\n|-crit|p1a: Terapagos\n|-damage|p1a: Terapagos|8/100\n|-crit|p1a: Terapagos\n|-damage|p1a: Terapagos|0 fnt\n|faint|p1a: Terapagos\n|-hitcount|p1: Terapagos|3\n|move|p2b: Il Campione|Knock Off|p1b: Rillaboom\n|-damage|p1b: Rillaboom|61/100\n|-enditem|p1b: Rillaboom|Assault Vest|[from] move: Knock Off|[of] p2b: Il Campione\n|\n|-weather|RainDance|[upkeep]\n|-heal|p1b: Rillaboom|67/100|[from] Grassy Terrain\n|-heal|p2a: Po|88/100 brn|[from] Grassy Terrain\n|-damage|p2a: Po|82/100 brn|[from] brn\n|upkeep\n|\n|t:|1746045276\n|switch|p1a: Calyrex|Calyrex-Shadow, L50|100/100\n|-ability|p1a: Calyrex|As One\n|-ability|p1a: Calyrex|Unnerve\n|turn|5\n|inactive|aieee force a toi has 30 seconds left.\n|inactive|ExessVGC has 30 seconds left.\n|inactive|ExessVGC has 20 seconds left.\n|inactive|ExessVGC has 15 seconds left.\n|inactive|ExessVGC has 10 seconds left.\n|inactive|ExessVGC has 5 seconds left.\n|\n|t:|1746045331\n|move|p1b: Rillaboom|Fake Out|p2a: Po\n|-damage|p2a: Po|69/100 brn\n|move|p2b: Il Campione|Fake Out||[still]\n|-hint|Fake Out only works on your first turn out.\n|-fail|p2b: Il Campione\n|move|p1a: Calyrex|Astral Barrage|p2b: Il Campione|[spread] p2a,p2b\n|-resisted|p2b: Il Campione\n|-damage|p2a: Po|0 fnt\n|-damage|p2b: Il Campione|77/100\n|faint|p2a: Po\n|-ability|p1a: Calyrex|Grim Neigh|boost\n|-boost|p1a: Calyrex|spa|1\n|\n|-weather|none\n|-heal|p1b: Rillaboom|74/100|[from] Grassy Terrain\n|-heal|p2b: Il Campione|83/100|[from] Grassy Terrain\n|upkeep\n|inactive|ExessVGC has 30 seconds left.\n|inactive|ExessVGC has 20 seconds left.\n|inactive|ExessVGC has 15 seconds left.\n|inactive|ExessVGC has 10 seconds left.\n|inactive|ExessVGC has 5 seconds left.\n|\n|t:|1746045386\n|switch|p2a: Il Don|Miraidon, L50|100/100\n|-fieldstart|move: Electric Terrain|[from] ability: Hadron Engine|[of] p2a: Il Don\n|turn|6\n|inactive|ExessVGC has 30 seconds left.\n|inactive|ExessVGC has 20 seconds left.\n|\n|t:|1746045424\n|switch|p1b: Volcarona|Volcarona, L50, M, tera:Water|14/100\n|move|p2a: Il Don|Protect|p2a: Il Don\n|-singleturn|p2a: Il Don|Protect\n|move|p1a: Calyrex|Encore|p2b: Il Campione\n|-start|p2b: Il Campione|Encore\n|move|p2b: Il Campione|Fake Out||[still]\n|-hint|Fake Out only works on your first turn out.\n|-fail|p2b: Il Campione\n|\n|-sideend|p1: aieee force a toi|move: Tailwind\n|upkeep\n|turn|7\n|l|\u2606ExessVGC\n|inactive|ExessVGC disconnected and has a minute to reconnect!\n|player|p2|\n|inactive|ExessVGC has 30 seconds left.\n|inactive|ExessVGC has 20 seconds left.\n|inactive|ExessVGC has 15 seconds left.\n|inactive|ExessVGC has 10 seconds left.\n|inactive|ExessVGC has 5 seconds left.\n|j|\u2606ExessVGC\n|inactive|ExessVGC reconnected and has 5 seconds left.\n|player|p2|ExessVGC|101|\n|\n|t:|1746045479\n|move|p2b: Il Campione|Fake Out||[still]\n|-hint|Fake Out only works on your first turn out.\n|-fail|p2b: Il Campione\n|move|p1b: Volcarona|Rage Powder|p1b: Volcarona\n|-singleturn|p1b: Volcarona|move: Rage Powder\n|move|p1a: Calyrex|Astral Barrage|p2b: Il Campione|[spread] p2a,p2b\n|-resisted|p2b: Il Campione\n|-damage|p2a: Il Don|23/100\n|-damage|p2b: Il Campione|46/100\n|move|p2a: Il Don|Dazzling Gleam|p1b: Volcarona|[spread] p1a,p1b\n|-damage|p1a: Calyrex|65/100\n|-damage|p1b: Volcarona|0 fnt\n|faint|p1b: Volcarona\n|-damage|p2a: Il Don|14/100|[from] item: Life Orb\n|\n|upkeep\n|-message|ExessVGC forfeited.\n|raw|aieee force a toi's rating: 1142 &rarr; <strong>1173</strong><br />(+31 for winning)\n|raw|ExessVGC's rating: 1227 &rarr; <strong>1196</strong><br />(-31 for losing)\n|\n|win|aieee force a toi\n|l|\u2606aieee force a toi\n|player|p1|\n|l|\u2606ExessVGC\n|player|p2|\n", "uploadtime": 1746045762, "views": 6, "formatid": "gen9vgc2025regibo3", "rating": 1173, "private": 0, "password": null}