{"id": "gen9vgc2025regibo3-2354379423", "format": "[Gen 9] VGC 2025 Reg I (Bo3)", "players": ["Fireball'n777", "Master of Capture"], "log": "|j|\u2606Fireball'n777\n|j|\u203dMaster of Capture\n|html|<table width=\"100%\"><tr><td align=\"left\">Fireball&apos;n777</td><td align=\"right\">Master of Capture</tr><tr><td align=\"left\"><i class=\"fa fa-circle\"></i> <i class=\"fa fa-circle-o\"></i> </td><td align=\"right\"><i class=\"fa fa-circle-o\"></i> <i class=\"fa fa-circle\"></i> </tr></table>\n|uhtml|bestof|<h2><strong>Game 3</strong> of <a href=\"/game-bestof3-gen9vgc2025regibo3-2354376630\">a best-of-3</a></h2>\n|t:|1746064138\n|gametype|doubles\n|player|p1|Fireball'n777|gentleman-gen4dp|1149\n|player|p2|Master of Capture|265|1127\n|teamsize|p1|6\n|teamsize|p2|6\n|gen|9\n|tier|[Gen 9] VGC 2025 Reg I (Bo3)\n|rated|\n|rule|Species Clause: Limit one of each Pok\u00e9mon\n|rule|Item Clause: Limit 1 of each item\n|clearpoke\n|poke|p1|Calyrex-Ice, L50|\n|poke|p1|Koraidon, L50|\n|poke|p1|Flutter Mane, L50|\n|poke|p1|Raging Bolt, L50|\n|poke|p1|Rillaboom, L50, M|\n|poke|p1|Incineroar, L50, F|\n|poke|p2|Incineroar, L50, M|\n|poke|p2|Zamazenta-*, L50|\n|poke|p2|Cresselia, L50, F|\n|poke|p2|Urshifu-*, L50, F|\n|poke|p2|Amoonguss, L50, F|\n|poke|p2|Lunala, L50|\n|teampreview|4\n|showteam|p1|Calyrex-Ice||ClearAmulet|AsOneGlastrier|GlacialLance,HighHorsepower,TrickRoom,Protect||||||50|,,,,,Water]Koraidon||LifeOrb|OrichalcumPulse|FlareBlitz,ScaleShot,CollisionCourse,Protect||||||50|,,,,,Fire]Flutter Mane||FocusSash|Protosynthesis|Moonblast,IcyWind,Taunt,Protect||||||50|,,,,,Normal]Raging Bolt||AssaultVest|Protosynthesis|Thunder,DracoMeteor,Thunderclap,Snarl||||||50|,,,,,Fairy]Rillaboom||MiracleSeed|GrassySurge|GrassyGlide,WoodHammer,FakeOut,Uturn|||M|||50|,,,,,Grass]Incineroar||SafetyGoggles|Intimidate|FlareBlitz,KnockOff,PartingShot,FakeOut|||F|||50|,,,,,Fairy\n|showteam|p2|Incineroar||SitrusBerry|Intimidate|Taunt,FlareBlitz,KnockOff,FakeOut|||M|||50|,,,,,Ghost]Zamazenta-Crowned||RustedShield|DauntlessShield|IronDefense,WideGuard,HeavySlam,BodyPress||||||50|,,,,,Grass]Cresselia||LightClay|Levitate|Reflect,LightScreen,LunarBlessing,Psychic|||F|||50|,,,,,Dark]Urshifu-Rapid-Strike||ChoiceScarf|UnseenFist|CloseCombat,SurgingStrikes,AquaJet,Coaching|||F|||50|,,,,,Water]Amoonguss||RockyHelmet|Regenerator|Protect,RagePowder,PollenPuff,Spore|||F|||50|,,,,,Water]Lunala||PowerHerb|ShadowShield|Tailwind,MeteorBeam,MoongeistBeam,WideGuard||||||50|,,,,,Dark\n|inactive|Battle timer is ON: inactive players will automatically lose when time's up. (requested by Master of Capture)\n|inactive|Master of Capture has 60 seconds left.\n|\n|t:|1746064174\n|start\n|switch|p1a: Flutter Mane|Flutter Mane, L50|100/100\n|switch|p1b: Incineroar|Incineroar, L50, F|100/100\n|switch|p2a: Amoonguss|Amoonguss, L50, F, shiny|100/100\n|switch|p2b: Cresselia|Cresselia, L50, F|100/100\n|-ability|p1b: Incineroar|Intimidate|boost\n|-unboost|p2a: Amoonguss|atk|1\n|-unboost|p2b: Cresselia|atk|1\n|turn|1\n|inactive|Master of Capture has 30 seconds left.\n|\n|t:|1746064204\n|move|p1b: Incineroar|Fake Out|p2b: Cresselia\n|-damage|p2b: Cresselia|93/100\n|move|p1a: Flutter Mane|Taunt|p2a: Amoonguss\n|-start|p2a: Amoonguss|move: Taunt\n|cant|p2b: Cresselia|flinch\n|cant|p2a: Amoonguss|move: Taunt|Spore\n|\n|upkeep\n|turn|2\n|\n|t:|1746064223\n|switch|p2b: Zamazenta|Zamazenta-Crowned, L50|100/100\n|-ability|p2b: Zamazenta|Dauntless Shield|boost\n|-boost|p2b: Zamazenta|def|1\n|move|p1a: Flutter Mane|Taunt|p2b: Zamazenta\n|-start|p2b: Zamazenta|move: Taunt\n|move|p1b: Incineroar|Parting Shot|p2b: Zamazenta\n|-unboost|p2b: Zamazenta|atk|1\n|-unboost|p2b: Zamazenta|spa|1\n|\n|t:|1746064231\n|switch|p1b: Koraidon|Koraidon, L50|100/100|[from] Parting Shot\n|-weather|SunnyDay|[from] ability: Orichalcum Pulse|[of] p1b: Koraidon\n|-activate|p1a: Flutter Mane|ability: Protosynthesis\n|-start|p1a: Flutter Mane|protosynthesisspe\n|-activate|p1b: Koraidon|Orichalcum Pulse|[source]\n|move|p2a: Amoonguss|Pollen Puff|p1a: Flutter Mane\n|-resisted|p1a: Flutter Mane\n|-damage|p1a: Flutter Mane|96/100\n|\n|-weather|SunnyDay|[upkeep]\n|upkeep\n|turn|3\n|inactive|Master of Capture has 30 seconds left.\n|\n|t:|1746064259\n|switch|p2b: Lunala|Lunala, L50|100/100\n|switch|p2a: Cresselia|Cresselia, L50, F|93/100\n|-terastallize|p1b: Koraidon|Fire\n|move|p1a: Flutter Mane|Moonblast|p2b: Lunala\n|-damage|p2b: Lunala|86/100\n|move|p1b: Koraidon|Flare Blitz|p2b: Lunala\n|-damage|p2b: Lunala|0 fnt\n|faint|p2b: Lunala\n|-damage|p1b: Koraidon|61/100|[from] Recoil\n|-damage|p1b: Koraidon|51/100|[from] item: Life Orb\n|\n|-weather|SunnyDay|[upkeep]\n|upkeep\n|\n|t:|1746064271\n|switch|p2b: Amoonguss|Amoonguss, L50, F, shiny|100/100\n|turn|4\n|inactive|Fireball'n777 has 30 seconds left.\n|\n|t:|1746064299\n|switch|p1b: Incineroar|Incineroar, L50, F|100/100\n|-ability|p1b: Incineroar|Intimidate|boost\n|-unboost|p2a: Cresselia|atk|1\n|-unboost|p2b: Amoonguss|atk|1\n|-terastallize|p2b: Amoonguss|Water\n|move|p2b: Amoonguss|Rage Powder|p2b: Amoonguss\n|-singleturn|p2b: Amoonguss|move: Rage Powder\n|move|p1a: Flutter Mane|Taunt|p2b: Amoonguss\n|-start|p2b: Amoonguss|move: Taunt\n|move|p2a: Cresselia|Reflect|p2a: Cresselia\n|-sidestart|p2: Master of Capture|Reflect\n|\n|-weather|SunnyDay|[upkeep]\n|upkeep\n|turn|5\n|inactive|Fireball'n777 has 30 seconds left.\n|inactive|Master of Capture has 30 seconds left.\n|\n|t:|1746064331\n|switch|p2b: Zamazenta|Zamazenta-Crowned, L50|100/100\n|move|p1a: Flutter Mane|Taunt|p2a: Cresselia\n|-start|p2a: Cresselia|move: Taunt\n|move|p2a: Cresselia|Psychic|p1a: Flutter Mane\n|-damage|p1a: Flutter Mane|73/100\n|move|p1b: Incineroar|Parting Shot|p2a: Cresselia\n|-unboost|p2a: Cresselia|atk|1\n|-unboost|p2a: Cresselia|spa|1\n|\n|t:|1746064335\n|switch|p1b: Koraidon|Koraidon, L50, tera:Fire|51/100|[from] Parting Shot\n|-activate|p1b: Koraidon|ability: Orichalcum Pulse\n|\n|-weather|SunnyDay|[upkeep]\n|upkeep\n|turn|6\n|\n|t:|1746064349\n|switch|p2b: Amoonguss|Amoonguss, L50, F, shiny, tera:Water|100/100\n|move|p1a: Flutter Mane|Moonblast|p2b: Amoonguss\n|-damage|p2b: Amoonguss|65/100\n|-unboost|p2b: Amoonguss|spa|1\n|move|p1b: Koraidon|Collision Course|p2b: Amoonguss\n|-damage|p2b: Amoonguss|8/100\n|-damage|p1b: Koraidon|35/100|[from] item: Rocky Helmet|[of] p2b: Amoonguss\n|-damage|p1b: Koraidon|25/100|[from] item: Life Orb\n|move|p2a: Cresselia|Psychic|p1b: Koraidon\n|-damage|p1b: Koraidon|7/100\n|\n|-weather|none\n|-end|p1a: Flutter Mane|Protosynthesis\n|upkeep\n|turn|7\n|inactive|Fireball'n777 has 30 seconds left.\n|inactive|Master of Capture has 30 seconds left.\n|\n|t:|1746064377\n|switch|p1b: Incineroar|Incineroar, L50, F|100/100\n|-ability|p1b: Incineroar|Intimidate|boost\n|-unboost|p2a: Cresselia|atk|1\n|-unboost|p2b: Amoonguss|atk|1\n|switch|p2b: Zamazenta|Zamazenta-Crowned, L50|100/100\n|move|p1a: Flutter Mane|Protect|p1a: Flutter Mane\n|-singleturn|p1a: Flutter Mane|Protect\n|move|p2a: Cresselia|Psychic|p1b: Incineroar\n|-immune|p1b: Incineroar\n|\n|-end|p2a: Cresselia|move: Taunt\n|upkeep\n|turn|8\n|\n|t:|1746064397\n|switch|p2a: Amoonguss|Amoonguss, L50, F, shiny, tera:Water|41/100\n|move|p1b: Incineroar|Fake Out|p2b: Zamazenta\n|-resisted|p2b: Zamazenta\n|-damage|p2b: Zamazenta|98/100\n|move|p1a: Flutter Mane|Moonblast|p2b: Zamazenta\n|-damage|p2b: Zamazenta|75/100\n|cant|p2b: Zamazenta|flinch\n|\n|upkeep\n|turn|9\n|inactive|Fireball'n777 has 30 seconds left.\n|\n|t:|1746064432\n|switch|p2a: Cresselia|Cresselia, L50, F|93/100\n|move|p1a: Flutter Mane|Taunt|p2a: Cresselia\n|-start|p2a: Cresselia|move: Taunt\n|move|p2b: Zamazenta|Iron Defense|p2b: Zamazenta\n|-boost|p2b: Zamazenta|def|2\n|move|p1b: Incineroar|Parting Shot|p2b: Zamazenta\n|-unboost|p2b: Zamazenta|atk|1\n|-unboost|p2b: Zamazenta|spa|1\n|\n|t:|1746064435\n|switch|p1b: Koraidon|Koraidon, L50, tera:Fire|7/100|[from] Parting Shot\n|-weather|SunnyDay|[from] ability: Orichalcum Pulse|[of] p1b: Koraidon\n|-activate|p1a: Flutter Mane|ability: Protosynthesis\n|-start|p1a: Flutter Mane|protosynthesisspe\n|-activate|p1b: Koraidon|Orichalcum Pulse|[source]\n|\n|-weather|SunnyDay|[upkeep]\n|upkeep\n|turn|10\n|\n|t:|1746064458\n|switch|p2a: Amoonguss|Amoonguss, L50, F, shiny, tera:Water|74/100\n|move|p1a: Flutter Mane|Moonblast|p2b: Zamazenta\n|-damage|p2b: Zamazenta|50/100\n|move|p1b: Koraidon|Flare Blitz|p2b: Zamazenta\n|-supereffective|p2b: Zamazenta\n|-damage|p2b: Zamazenta|0 fnt\n|faint|p2b: Zamazenta\n|-damage|p1b: Koraidon|0 fnt|[from] Recoil\n|faint|p1b: Koraidon\n|\n|-weather|SunnyDay|[upkeep]\n|upkeep\n|\n|t:|1746064466\n|switch|p1b: Incineroar|Incineroar, L50, F|100/100\n|switch|p2b: Cresselia|Cresselia, L50, F|93/100\n|-ability|p1b: Incineroar|Intimidate|boost\n|-unboost|p2a: Amoonguss|atk|1\n|-unboost|p2b: Cresselia|atk|1\n|turn|11\n|\n|t:|1746064481\n|move|p1b: Incineroar|Fake Out|p2b: Cresselia\n|-damage|p2b: Cresselia|87/100\n|move|p2a: Amoonguss|Rage Powder|p2a: Amoonguss\n|-singleturn|p2a: Amoonguss|move: Rage Powder\n|move|p1a: Flutter Mane|Taunt|p2a: Amoonguss\n|-start|p2a: Amoonguss|move: Taunt\n|cant|p2b: Cresselia|flinch\n|\n|-weather|SunnyDay|[upkeep]\n|-sideend|p2: Master of Capture|Reflect\n|upkeep\n|turn|12\n|\n|t:|1746064499\n|move|p1a: Flutter Mane|Taunt|p2b: Cresselia\n|-start|p2b: Cresselia|move: Taunt\n|move|p2b: Cresselia|Psychic|p1a: Flutter Mane\n|-damage|p1a: Flutter Mane|49/100\n|-unboost|p1a: Flutter Mane|spd|1\n|move|p1b: Incineroar|Knock Off|p2b: Cresselia\n|-supereffective|p2b: Cresselia\n|-damage|p2b: Cresselia|36/100\n|-enditem|p2b: Cresselia|Light Clay|[from] move: Knock Off|[of] p1b: Incineroar\n|move|p2a: Amoonguss|Pollen Puff|p2b: Cresselia\n|-heal|p2b: Cresselia|86/100\n|\n|-weather|SunnyDay|[upkeep]\n|upkeep\n|turn|13\n|\n|t:|1746064516\n|move|p1a: Flutter Mane|Moonblast|p2a: Amoonguss\n|-damage|p2a: Amoonguss|41/100\n|-unboost|p2a: Amoonguss|spa|1\n|move|p2b: Cresselia|Psychic|p1a: Flutter Mane\n|-damage|p1a: Flutter Mane|16/100\n|move|p1b: Incineroar|Parting Shot|p2a: Amoonguss\n|-unboost|p2a: Amoonguss|atk|1\n|-unboost|p2a: Amoonguss|spa|1\n|\n|t:|1746064519\n|switch|p1b: Calyrex|Calyrex-Ice, L50|100/100|[from] Parting Shot\n|-ability|p1b: Calyrex|As One\n|-ability|p1b: Calyrex|Unnerve\n|move|p2a: Amoonguss|Pollen Puff|p2b: Cresselia\n|-heal|p2b: Cresselia|100/100\n|\n|-weather|none\n|-end|p1a: Flutter Mane|Protosynthesis\n|upkeep\n|turn|14\n|\n|t:|1746064539\n|move|p1a: Flutter Mane|Moonblast|p2a: Amoonguss\n|-damage|p2a: Amoonguss|5/100\n|-unboost|p2a: Amoonguss|spa|1\n|move|p2b: Cresselia|Psychic|p1a: Flutter Mane\n|-damage|p1a: Flutter Mane|0 fnt\n|faint|p1a: Flutter Mane\n|-end|p1a: Flutter Mane|Protosynthesis|[silent]\n|move|p1b: Calyrex|Glacial Lance|p2b: Cresselia|[spread] p2a,p2b\n|-resisted|p2a: Amoonguss\n|-damage|p2a: Amoonguss|0 fnt\n|-damage|p2b: Cresselia|58/100\n|faint|p2a: Amoonguss\n|-ability|p1b: Calyrex|Chilling Neigh|boost\n|-boost|p1b: Calyrex|atk|1\n|\n|-end|p2b: Cresselia|move: Taunt\n|upkeep\n|\n|t:|1746064541\n|switch|p1a: Incineroar|Incineroar, L50, F|100/100\n|-ability|p1a: Incineroar|Intimidate|boost\n|-unboost|p2b: Cresselia|atk|1\n|turn|15\n|\n|t:|1746064551\n|move|p1a: Incineroar|Fake Out|p2b: Cresselia\n|-damage|p2b: Cresselia|49/100\n|cant|p2b: Cresselia|flinch\n|move|p1b: Calyrex|Glacial Lance|p2b: Cresselia\n|-damage|p2b: Cresselia|0 fnt\n|faint|p2b: Cresselia\n|\n|win|Fireball'n777\n|raw|Fireball&apos;n777's rating: 1149 &rarr; <strong>1172</strong><br />(+23 for winning)\n|raw|Master of Capture's rating: 1127 &rarr; <strong>1104</strong><br />(-23 for losing)\n|l|\u203dMaster of Capture\n|player|p2|\n|c|\u2606Fireball'n777|gg wp\n|c|\u2606Fireball'n777|Cool ass team\n|c|\u2606Fireball'n777|No protect goes hard\n", "uploadtime": 1746064559, "views": 9, "formatid": "gen9vgc2025regibo3", "rating": 1104, "private": 0, "password": null}