{"id": "gen9vgc2025regibo3-2353644545", "format": "[Gen 9] VGC 2025 Reg I (Bo3)", "players": ["psychor&r", "tatsur0u"], "log": "|j|\u2606psychor&r\n|j|\u2606tatsur0u\n|html|<table width=\"100%\"><tr><td align=\"left\">psychor&amp;r</td><td align=\"right\">tatsur0u</tr><tr><td align=\"left\"><i class=\"fa fa-circle\"></i> <i class=\"fa fa-circle-o\"></i> </td><td align=\"right\"><i class=\"fa fa-circle-o\"></i> <i class=\"fa fa-circle-o\"></i> </tr></table>\n|uhtml|bestof|<h2><strong>Game 2</strong> of <a href=\"/game-bestof3-gen9vgc2025regibo3-2353643198\">a best-of-3</a></h2>\n|t:|1745978323\n|gametype|doubles\n|player|p1|psychor&r|101|1249\n|player|p2|tatsur0u|266|1324\n|teamsize|p1|6\n|teamsize|p2|6\n|gen|9\n|tier|[Gen 9] VGC 2025 Reg I (Bo3)\n|rated|\n|rule|Species Clause: Limit one of each Pok\u00e9mon\n|rule|Item Clause: Limit 1 of each item\n|clearpoke\n|poke|p1|Indeedee-F, L50, F|\n|poke|p1|Calyrex-Ice, L50|\n|poke|p1|Ursaluna-Bloodmoon, L50, M|\n|poke|p1|Smeargle, L50, M|\n|poke|p1|Urshifu-*, L50, M|\n|poke|p1|Lunala, L50|\n|poke|p2|Calyrex-Shadow, L50|\n|poke|p2|Zamazenta-*, L50|\n|poke|p2|Ogerpon-Hearthflame, L50, F|\n|poke|p2|Raging Bolt, L50|\n|poke|p2|Ting-Lu, L50|\n|poke|p2|Dondozo, L50, F|\n|teampreview|4\n|showteam|p1|Indeedee-F||PsychicSeed|PsychicSurge|Psychic,TrickRoom,FollowMe,HelpingHand|||F|||50|,,,,,Fairy]Calyrex-Ice||ClearAmulet|AsOneGlastrier|GlacialLance,HighHorsepower,TrickRoom,Protect||||||50|,,,,,Fire]Ursaluna-Bloodmoon||LifeOrb|MindsEye|EarthPower,HyperVoice,BloodMoon,Protect|||M|||50|,,,,,Normal]Smeargle||FocusSash|OwnTempo|FollowMe,FakeOut,Decorate,Spore|||M|||50|,,,,,Grass]Urshifu||ChoiceBand|UnseenFist|WickedBlow,SuckerPunch,CloseCombat,Detect|||M|||50|,,,,,Grass]Lunala||PowerHerb|ShadowShield|ExpandingForce,TrickRoom,MoongeistBeam,MeteorBeam||||||50|,,,,,Grass\n|showteam|p2|Calyrex-Shadow||FocusSash|AsOneSpectrier|AstralBarrage,Psychic,PollenPuff,Protect||||||50|,,,,,Ghost]Zamazenta-Crowned||RustedShield|DauntlessShield|BodyPress,behemothbash,WideGuard,Protect||||||50|,,,,,Dragon]Ogerpon-Hearthflame||HearthflameMask|MoldBreaker|IvyCudgel,WoodHammer,FollowMe,SpikyShield|||F|||50|,,,,,Fire]Raging Bolt||AssaultVest|Protosynthesis|Thunderclap,Thunderbolt,Electroweb,DracoMeteor||||||50|,,,,,Fairy]Ting-Lu||FigyBerry|VesselofRuin|Ruination,ThroatChop,SandTomb,Protect||||||50|,,,,,Water]Dondozo||Leftovers|Unaware|WaveCrash,Yawn,Protect,Fissure|||F|||50|,,,,,Poison\n|inactive|Battle timer is ON: inactive players will automatically lose when time's up. (requested by tatsur0u)\n|\n|t:|1745978347\n|start\n|switch|p1a: Indeedee|Indeedee-F, L50, F, shiny|100/100\n|switch|p1b: Lunala|Lunala, L50|100/100\n|switch|p2a: Calyrex|Calyrex-Shadow, L50|100/100\n|switch|p2b: Dondozo|Dondozo, L50, F|100/100\n|-ability|p2a: Calyrex|As One\n|-ability|p2a: Calyrex|Unnerve\n|-fieldstart|move: Psychic Terrain|[from] ability: Psychic Surge|[of] p1a: Indeedee\n|-enditem|p1a: Indeedee|Psychic Seed\n|-boost|p1a: Indeedee|spd|1|[from] item: Psychic Seed\n|turn|1\n|\n|t:|1745978368\n|move|p2a: Calyrex|Astral Barrage|p1b: Lunala|[spread] p1b\n|-immune|p1a: Indeedee\n|-supereffective|p1b: Lunala\n|-damage|p1b: Lunala|15/100\n|move|p1b: Lunala|Meteor Beam||[still]\n|-prepare|p1b: Lunala|Meteor Beam\n|-boost|p1b: Lunala|spa|1\n|-enditem|p1b: Lunala|Power Herb\n|-anim|p1b: Lunala|Meteor Beam|p2a: Calyrex\n|-damage|p2a: Calyrex|26/100\n|move|p2b: Dondozo|Yawn|p1b: Lunala\n|-start|p1b: Lunala|move: Yawn|[of] p2b: Dondozo\n|move|p1a: Indeedee|Trick Room|p1a: Indeedee\n|-fieldstart|move: Trick Room|[of] p1a: Indeedee\n|\n|upkeep\n|turn|2\n|\n|t:|1745978383\n|switch|p1a: Ursaluna|Ursaluna-Bloodmoon, L50, M|100/100\n|-terastallize|p1b: Lunala|Grass\n|move|p2a: Calyrex|Protect|p2a: Calyrex\n|-singleturn|p2a: Calyrex|Protect\n|move|p2b: Dondozo|Yawn|p1a: Ursaluna\n|-start|p1a: Ursaluna|move: Yawn|[of] p2b: Dondozo\n|move|p1b: Lunala|Expanding Force|p2b: Dondozo|[spread] p2b\n|-activate|p2a: Calyrex|move: Protect\n|-damage|p2b: Dondozo|48/100\n|\n|-heal|p2b: Dondozo|54/100|[from] item: Leftovers\n|-end|p1b: Lunala|move: Yawn|[silent]\n|-status|p1b: Lunala|slp\n|upkeep\n|turn|3\n|\n|t:|1745978406\n|switch|p1b: Urshifu|Urshifu, L50, M|100/100\n|switch|p2a: Ogerpon|Ogerpon-Hearthflame, L50, F|100/100\n|-ability|p2a: Ogerpon|Mold Breaker\n|move|p2b: Dondozo|Wave Crash|p1b: Urshifu\n|-damage|p1b: Urshifu|62/100\n|-damage|p2b: Dondozo|44/100|[from] Recoil\n|move|p1a: Ursaluna|Earth Power|p2a: Ogerpon\n|-damage|p2a: Ogerpon|29/100\n|-damage|p1a: Ursaluna|91/100|[from] item: Life Orb\n|\n|-heal|p2b: Dondozo|50/100|[from] item: Leftovers\n|-end|p1a: Ursaluna|move: Yawn|[silent]\n|-status|p1a: Ursaluna|slp\n|upkeep\n|turn|4\n|\n|t:|1745978420\n|switch|p1a: Lunala|Lunala, L50, tera:Grass|15/100 slp\n|move|p2b: Dondozo|Yawn|p1b: Urshifu\n|-start|p1b: Urshifu|move: Yawn|[of] p2b: Dondozo\n|move|p1b: Urshifu|Wicked Blow|p2b: Dondozo\n|-crit|p2b: Dondozo\n|-damage|p2b: Dondozo|0 fnt\n|faint|p2b: Dondozo\n|move|p2a: Ogerpon|Wood Hammer|p1a: Lunala\n|-resisted|p1a: Lunala\n|-crit|p1a: Lunala\n|-damage|p1a: Lunala|0 fnt\n|faint|p1a: Lunala\n|-damage|p2a: Ogerpon|22/100|[from] Recoil\n|\n|upkeep\n|\n|t:|1745978430\n|switch|p2b: Zamazenta|Zamazenta-Crowned, L50|100/100\n|switch|p1a: Ursaluna|Ursaluna-Bloodmoon, L50, M|91/100 slp\n|-ability|p2b: Zamazenta|Dauntless Shield|boost\n|-boost|p2b: Zamazenta|def|1\n|turn|5\n|\n|t:|1745978440\n|switch|p1a: Indeedee|Indeedee-F, L50, F, shiny|100/100\n|-terastallize|p2b: Zamazenta|Dragon\n|move|p1b: Urshifu|Wicked Blow|p2a: Ogerpon\n|-crit|p2a: Ogerpon\n|-damage|p2a: Ogerpon|0 fnt\n|faint|p2a: Ogerpon\n|move|p2b: Zamazenta|Body Press|p1a: Indeedee\n|-damage|p1a: Indeedee|37/100\n|\n|-end|p1b: Urshifu|move: Yawn|[silent]\n|-status|p1b: Urshifu|slp\n|-fieldend|move: Trick Room\n|-fieldend|move: Psychic Terrain\n|upkeep\n|\n|t:|1745978442\n|switch|p2a: Calyrex|Calyrex-Shadow, L50|26/100\n|-ability|p2a: Calyrex|As One\n|-ability|p2a: Calyrex|Unnerve\n|turn|6\n|-message|psychor&r forfeited.\n|\n|win|tatsur0u\n|l|\u2606psychor&r\n|player|p1|\n||psychor&r is ready for game 3.\n", "uploadtime": 1745978452, "views": 11, "formatid": "gen9vgc2025regibo3", "rating": null, "private": 0, "password": null}