{"id": "gen9vgc2025regibo3-2355043914", "format": "[Gen 9] VGC 2025 Reg I (Bo3)", "players": ["8bitbidoof", "ChoerryVGC"], "log": "|j|\u26068bitbidoof\n|j|\u2606ChoerryVGC\n|html|<table width=\"100%\"><tr><td align=\"left\">8bitbidoof</td><td align=\"right\">ChoerryVGC</tr><tr><td align=\"left\"><i class=\"fa fa-circle-o\"></i> <i class=\"fa fa-circle-o\"></i> </td><td align=\"right\"><i class=\"fa fa-circle-o\"></i> <i class=\"fa fa-circle-o\"></i> </tr></table>\n|uhtml|bestof|<h2><strong>Game 1</strong> of <a href=\"/game-bestof3-gen9vgc2025regibo3-2355043913\">a best-of-3</a></h2>\n|t:|1746145623\n|gametype|doubles\n|player|p1|8bitbidoof|hilbert|1264\n|player|p2|ChoerryVGC|lacey|1319\n|teamsize|p1|6\n|teamsize|p2|6\n|gen|9\n|tier|[Gen 9] VGC 2025 Reg I (Bo3)\n|rated|\n|rule|Species Clause: Limit one of each Pok\u00e9mon\n|rule|Item Clause: Limit 1 of each item\n|clearpoke\n|poke|p1|Koraidon, L50|\n|poke|p1|Flutter Mane, L50|\n|poke|p1|Brute Bonnet, L50|\n|poke|p1|Chi-Yu, L50|\n|poke|p1|Lunala, L50|\n|poke|p1|Ursaluna, L50, M|\n|poke|p2|Koraidon, L50|\n|poke|p2|Chi-Yu, L50|\n|poke|p2|Calyrex-Shadow, L50|\n|poke|p2|Weezing-Galar, L50, M|\n|poke|p2|Dondozo, L50, F|\n|poke|p2|Tatsugiri-Droopy, L50, M|\n|teampreview|4\n|showteam|p1|Koraidon||ClearAmulet|OrichalcumPulse|FlareBlitz,CollisionCourse,FlameCharge,Protect||||||50|,,,,,Fire]Flutter Mane||FocusSash|Protosynthesis|Moonblast,ShadowBall,IcyWind,Protect||||||50|,,,,,Normal]Brute Bonnet||CovertCloak|Protosynthesis|SeedBomb,SuckerPunch,Spore,RagePowder||||||50|,,,,,Water]Chi-Yu||ChoiceScarf|BeadsofRuin|HeatWave,DarkPulse,Overheat,Snarl||||||50|,,,,,Ghost]Lunala||PowerHerb|ShadowShield|MoongeistBeam,MeteorBeam,WideGuard,TrickRoom||||||50|,,,,,Normal]Ursaluna||FlameOrb|Guts|Facade,HeadlongRush,Earthquake,Protect|||M|||50|,,,,,Water\n|showteam|p2|Koraidon||AbilityShield|OrichalcumPulse|CollisionCourse,FlareBlitz,FlameCharge,Protect||||||50|,,,,,Fire]Chi-Yu||ChoiceScarf|BeadsofRuin|Overheat,HeatWave,DarkPulse,Snarl||||||50|,,,,,Ghost]Calyrex-Shadow||FocusSash|AsOneSpectrier|AstralBarrage,Disable,Encore,Protect||||||50|,,,,,Ghost]Weezing-Galar||RockyHelmet|NeutralizingGas|DazzlingGleam,ToxicSpikes,PoisonGas,Protect|||M|||50|,,,,,Water]Dondozo||Leftovers|Unaware|OrderUp,BodyPress,Earthquake,Protect|||F|||50|,,,,,Grass]Tatsugiri-Droopy||SafetyGoggles|Commander|MuddyWater,DracoMeteor,Taunt,Protect|||M|||50|,,,,,Fairy\n|inactive|Battle timer is ON: inactive players will automatically lose when time's up. (requested by ChoerryVGC)\n|inactive|8bitbidoof also wants the timer to be on.\n|inactive|8bitbidoof has 60 seconds left.\n|inactive|ChoerryVGC has 60 seconds left.\n|inactive|8bitbidoof has 30 seconds left.\n|inactive|8bitbidoof has 20 seconds left.\n|inactive|8bitbidoof has 15 seconds left.\n|inactive|8bitbidoof has 10 seconds left.\n|inactive|8bitbidoof has 5 seconds left.\n|\n|t:|1746145714\n|start\n|switch|p1a: Koraidon|Koraidon, L50|100/100\n|switch|p1b: Flutter Mane|Flutter Mane, L50|100/100\n|switch|p2a: Koraidon|Koraidon, L50|100/100\n|switch|p2b: Weezing|Weezing-Galar, L50, M|100/100\n|-ability|p2b: Weezing|Neutralizing Gas\n|-block|p2a: Koraidon|item: Ability Shield\n|-weather|SunnyDay|[from] ability: Orichalcum Pulse|[of] p2a: Koraidon\n|-activate|p2a: Koraidon|Orichalcum Pulse|[source]\n|turn|1\n|inactive|8bitbidoof has 30 seconds left.\n|\n|t:|1746145747\n|-terastallize|p2a: Koraidon|Fire\n|-terastallize|p1a: Koraidon|Fire\n|move|p1b: Flutter Mane|Protect|p1b: Flutter Mane\n|-singleturn|p1b: Flutter Mane|Protect\n|move|p2a: Koraidon|Flame Charge|p1b: Flutter Mane\n|-activate|p1b: Flutter Mane|move: Protect\n|move|p1a: Koraidon|Flame Charge|p2b: Weezing\n|-damage|p2b: Weezing|57/100\n|-boost|p1a: Koraidon|spe|1\n|-damage|p1a: Koraidon|84/100|[from] item: Rocky Helmet|[of] p2b: Weezing\n|move|p2b: Weezing|Toxic Spikes|p1a: Koraidon\n|-sidestart|p1: 8bitbidoof|move: Toxic Spikes\n|\n|-weather|SunnyDay|[upkeep]\n|upkeep\n|turn|2\n|inactive|8bitbidoof has 30 seconds left.\n|\n|t:|1746145776\n|-end|p1b: Flutter Mane|Protosynthesis|[silent]\n|switch|p1b: Chi-Yu|Chi-Yu, L50|100/100\n|-status|p1b: Chi-Yu|psn\n|move|p1a: Koraidon|Flare Blitz|p2b: Weezing\n|-damage|p2b: Weezing|0 fnt\n|-damage|p1a: Koraidon|68/100|[from] item: Rocky Helmet|[of] p2b: Weezing\n|faint|p2b: Weezing\n|-end|p2b: Weezing|ability: Neutralizing Gas\n|-activate|p1a: Koraidon|ability: Orichalcum Pulse\n|-ability|p1b: Chi-Yu|Beads of Ruin\n|-damage|p1a: Koraidon|49/100|[from] Recoil\n|move|p2a: Koraidon|Flame Charge|p1b: Chi-Yu\n|-resisted|p1b: Chi-Yu\n|-damage|p1b: Chi-Yu|48/100 psn\n|-boost|p2a: Koraidon|spe|1\n|\n|-weather|SunnyDay|[upkeep]\n|-damage|p1b: Chi-Yu|36/100 psn|[from] psn\n|upkeep\n|\n|t:|1746145786\n|switch|p2b: Dondozo|Dondozo, L50, F|100/100\n|turn|3\n|inactive|8bitbidoof has 30 seconds left.\n|inactive|8bitbidoof has 20 seconds left.\n|inactive|8bitbidoof has 15 seconds left.\n|\n|t:|1746145828\n|switch|p1b: Flutter Mane|Flutter Mane, L50|100/100\n|-status|p1b: Flutter Mane|psn\n|-activate|p1b: Flutter Mane|ability: Protosynthesis\n|-start|p1b: Flutter Mane|protosynthesisspe\n|move|p2b: Dondozo|Protect|p2b: Dondozo\n|-singleturn|p2b: Dondozo|Protect\n|move|p2a: Koraidon|Flame Charge|p1b: Flutter Mane\n|-enditem|p1b: Flutter Mane|Focus Sash\n|-damage|p1b: Flutter Mane|1/100 psn\n|-boost|p2a: Koraidon|spe|1\n|move|p1a: Koraidon|Collision Course|p2a: Koraidon\n|-damage|p2a: Koraidon|30/100\n|\n|-weather|SunnyDay|[upkeep]\n|-damage|p1b: Flutter Mane|0 fnt|[from] psn\n|faint|p1b: Flutter Mane\n|-end|p1b: Flutter Mane|Protosynthesis|[silent]\n|upkeep\n|inactive|8bitbidoof has 30 seconds left.\n|inactive|8bitbidoof has 20 seconds left.\n|\n|t:|1746145866\n|switch|p1b: Brute Bonnet|Brute Bonnet, L50|100/100\n|-status|p1b: Brute Bonnet|psn\n|-activate|p1b: Brute Bonnet|ability: Protosynthesis\n|-start|p1b: Brute Bonnet|protosynthesisdef\n|turn|4\n|inactive|8bitbidoof has 30 seconds left.\n|\n|t:|1746145895\n|switch|p2a: Tatsugiri|Tatsugiri-Droopy, L50, M|100/100\n|-activate|p2a: Tatsugiri|ability: Commander|[of] p2b: Dondozo\n|-boost|p2b: Dondozo|atk|2\n|-boost|p2b: Dondozo|spa|2\n|-boost|p2b: Dondozo|spe|2\n|-boost|p2b: Dondozo|def|2\n|-boost|p2b: Dondozo|spd|2\n|move|p1a: Koraidon|Collision Course|p2a: Tatsugiri|[miss]\n|-miss|p1a: Koraidon|p2a: Tatsugiri\n|move|p2b: Dondozo|Body Press|p1b: Brute Bonnet\n|-supereffective|p1b: Brute Bonnet\n|-damage|p1b: Brute Bonnet|54/100 psn\n|move|p1b: Brute Bonnet|Spore|p2b: Dondozo\n|-status|p2b: Dondozo|slp|[from] move: Spore\n|\n|-weather|SunnyDay|[upkeep]\n|-damage|p1b: Brute Bonnet|41/100 psn|[from] psn\n|upkeep\n|turn|5\n|\n|t:|1746145916\n|move|p1a: Koraidon|Collision Course|p2b: Dondozo\n|-damage|p2b: Dondozo|77/100 slp\n|cant|p2b: Dondozo|slp\n|move|p1b: Brute Bonnet|Seed Bomb|p2b: Dondozo\n|-supereffective|p2b: Dondozo\n|-damage|p2b: Dondozo|58/100 slp\n|\n|-weather|none\n|-end|p1b: Brute Bonnet|Protosynthesis\n|-heal|p2b: Dondozo|64/100 slp|[from] item: Leftovers\n|-damage|p1b: Brute Bonnet|29/100 psn|[from] psn\n|upkeep\n|turn|6\n|\n|t:|1746145922\n|move|p1a: Koraidon|Collision Course|p2b: Dondozo\n|-damage|p2b: Dondozo|48/100 slp\n|cant|p2b: Dondozo|slp\n|move|p1b: Brute Bonnet|Seed Bomb|p2b: Dondozo\n|-supereffective|p2b: Dondozo\n|-damage|p2b: Dondozo|29/100 slp\n|\n|-heal|p2b: Dondozo|35/100 slp|[from] item: Leftovers\n|-damage|p1b: Brute Bonnet|17/100 psn|[from] psn\n|upkeep\n|turn|7\n|inactive|8bitbidoof has 30 seconds left.\n|\n|t:|1746145952\n|-end|p1b: Brute Bonnet|Protosynthesis|[silent]\n|switch|p1b: Chi-Yu|Chi-Yu, L50|36/100 psn\n|-ability|p1b: Chi-Yu|Beads of Ruin\n|move|p1a: Koraidon|Collision Course|p2b: Dondozo\n|-damage|p2b: Dondozo|19/100 slp\n|-curestatus|p2b: Dondozo|slp|[msg]\n|move|p2b: Dondozo|Earthquake|p1b: Chi-Yu|[spread] p1a,p1b\n|-miss|p2b: Dondozo|p2a: Tatsugiri\n|-supereffective|p1a: Koraidon\n|-supereffective|p1b: Chi-Yu\n|-damage|p1a: Koraidon|0 fnt\n|-damage|p1b: Chi-Yu|0 fnt\n|faint|p1a: Koraidon\n|faint|p1b: Chi-Yu\n|\n|-heal|p2b: Dondozo|25/100|[from] item: Leftovers\n|upkeep\n|\n|t:|1746145958\n|switch|p1b: Brute Bonnet|Brute Bonnet, L50|17/100 psn\n|turn|8\n|\n|t:|1746145962\n|move|p2b: Dondozo|Protect|p2b: Dondozo\n|-singleturn|p2b: Dondozo|Protect\n|move|p1b: Brute Bonnet|Seed Bomb|p2b: Dondozo\n|-activate|p2b: Dondozo|move: Protect\n|\n|-heal|p2b: Dondozo|31/100|[from] item: Leftovers\n|-damage|p1b: Brute Bonnet|4/100 psn|[from] psn\n|upkeep\n|turn|9\n|\n|t:|1746145970\n|move|p1b: Brute Bonnet|Sucker Punch|p1: Koraidon|[notarget]\n|-fail|p1b: Brute Bonnet\n|move|p2b: Dondozo|Earthquake|p1b: Brute Bonnet|[spread] p1b\n|-miss|p2b: Dondozo|p2a: Tatsugiri\n|-resisted|p1b: Brute Bonnet\n|-damage|p1b: Brute Bonnet|0 fnt\n|faint|p1b: Brute Bonnet\n|-end|p1b: Brute Bonnet|Protosynthesis|[silent]\n|\n|win|ChoerryVGC\n||ChoerryVGC is ready for game 2.\n|inactive|8bitbidoof has 30 seconds to confirm battle start!\n|inactive|8bitbidoof has 20 seconds to confirm battle start!\n|inactive|8bitbidoof has 10 seconds to confirm battle start!\n|uhtml|next|Next: <a href=\"/battle-gen9vgc2025regibo3-2355047139\"><strong>Game 2 of 3</strong></a>\n", "uploadtime": 1746145973, "views": 26, "formatid": "gen9vgc2025regibo3", "rating": null, "private": 0, "password": null}