{"id": "gen9vgc2025regibo3-2354122646", "format": "[Gen 9] VGC 2025 Reg I (Bo3)", "players": ["btb0811", "Shousakyu"], "log": "|j|\u2606btb0811\n|j|\u2606Shousakyu\n|html|<table width=\"100%\"><tr><td align=\"left\">btb0811</td><td align=\"right\">Shousakyu</tr><tr><td align=\"left\"><i class=\"fa fa-circle-o\"></i> <i class=\"fa fa-circle-o\"></i> </td><td align=\"right\"><i class=\"fa fa-circle-o\"></i> <i class=\"fa fa-circle-o\"></i> </tr></table>\n|uhtml|bestof|<h2><strong>Game 1</strong> of <a href=\"/game-bestof3-gen9vgc2025regibo3-2354122645\">a best-of-3</a></h2>\n|t:|1746036785\n|gametype|doubles\n|player|p1|btb0811|brycenman|\n|player|p2|Shousakyu|iris-gen5bw2|\n|teamsize|p1|6\n|teamsize|p2|6\n|gen|9\n|tier|[Gen 9] VGC 2025 Reg I (Bo3)\n|rule|Species Clause: Limit one of each Pok\u00e9mon\n|rule|Item Clause: Limit 1 of each item\n|clearpoke\n|poke|p1|Kyogre, L50|\n|poke|p1|Zamazenta-*, L50|\n|poke|p1|Urshifu-*, L50, M|\n|poke|p1|Chien-Pao, L50|\n|poke|p1|Rillaboom, L50, M|\n|poke|p1|Tornadus, L50, M|\n|poke|p2|Calyrex-Shadow, L50|\n|poke|p2|Zamazenta-*, L50|\n|poke|p2|Incineroar, L50, F|\n|poke|p2|Toedscruel, L50, M|\n|poke|p2|Urshifu-*, L50, M|\n|poke|p2|Weezing-Galar, L50, F|\n|teampreview|4\n|showteam|p1|Kyogre||MysticWater|Drizzle|WaterSpout,OriginPulse,IceBeam,Protect||||||50|,,,,,Grass]Zamazenta-Crowned||RustedShield|DauntlessShield|BodyPress,behemothbash,WideGuard,Protect||||||50|,,,,,Grass]Urshifu-Rapid-Strike||ChoiceScarf|UnseenFist|SurgingStrikes,CloseCombat,AquaJet,Uturn|||M|||50|,,,,,Water]Chien-Pao||FocusSash|SwordofRuin|Crunch,SuckerPunch,IcicleCrash,Protect||||||50|,,,,,Ghost]Rillaboom||AssaultVest|GrassySurge|WoodHammer,GrassyGlide,FakeOut,Uturn|||M|||50|,,,,,Water]Tornadus||CovertCloak|Prankster|BleakwindStorm,Tailwind,RainDance,Protect|||M|||50|,,,,,Dark\n|showteam|p2|Calyrex-Shadow||LifeOrb|AsOneSpectrier|Protect,AstralBarrage,Psychic,LeafStorm||||||50|,,,,,Grass]Zamazenta-Crowned||RustedShield|DauntlessShield|Protect,WideGuard,BodyPress,HeavySlam||||||50|,,,,,Dragon]Incineroar||AssaultVest|Intimidate|FlareBlitz,FakeOut,KnockOff,Uturn|||F|||50|,,,,,Ghost]Toedscruel||CovertCloak|MyceliumMight|EarthPower,Spore,RagePowder,AcidSpray|||M|||50|,,,,,Poison]Urshifu-Rapid-Strike||AbilityShield|UnseenFist|Detect,SurgingStrikes,CloseCombat,Uturn|||M|||50|,,,,,Water]Weezing-Galar||Leftovers|NeutralizingGas|Protect,DarkPulse,StrangeSteam,Taunt|||F|||50|,,,,,Dark\n|inactive|Battle timer is ON: inactive players will automatically lose when time's up. (requested by btb0811)\n|\n|t:|1746036797\n|start\n|switch|p1a: Kyogre|Kyogre, L50|100/100\n|switch|p1b: Urshifu|Urshifu-Rapid-Strike, L50, M|100/100\n|switch|p2a: Toedscruel|Toedscruel, L50, M, shiny|100/100\n|switch|p2b: Weezing|Weezing-Galar, L50, F|100/100\n|-ability|p2b: Weezing|Neutralizing Gas\n|turn|1\n|\n|t:|1746036821\n|-terastallize|p1a: Kyogre|Grass\n|move|p2b: Weezing|Protect|p2b: Weezing\n|-singleturn|p2b: Weezing|Protect\n|move|p1b: Urshifu|U-turn|p2a: Toedscruel\n|-supereffective|p2a: Toedscruel\n|-damage|p2a: Toedscruel|33/100\n|\n|t:|1746036829\n|switch|p1b: Chien-Pao|Chien-Pao, L50|100/100|[from] U-turn\n|move|p2a: Toedscruel|Spore|p1a: Kyogre\n|-immune|p1a: Kyogre\n|move|p1a: Kyogre|Water Spout|p2b: Weezing|[spread] p2a\n|-activate|p2b: Weezing|move: Protect\n|-damage|p2a: Toedscruel|0 fnt\n|faint|p2a: Toedscruel\n|\n|upkeep\n|\n|t:|1746036843\n|switch|p2a: Zamazenta|Zamazenta-Crowned, L50|100/100\n|turn|2\n|inactive|Shousakyu has 30 seconds left.\n|\n|t:|1746036871\n|move|p2a: Zamazenta|Wide Guard|p2a: Zamazenta\n|-singleturn|p2a: Zamazenta|Wide Guard\n|move|p1b: Chien-Pao|Icicle Crash|p2a: Zamazenta\n|-resisted|p2a: Zamazenta\n|-damage|p2a: Zamazenta|87/100\n|move|p1a: Kyogre|Origin Pulse|p2a: Zamazenta|[spread] \n|-activate|p2a: Zamazenta|move: Wide Guard\n|-activate|p2b: Weezing|move: Wide Guard\n|move|p2b: Weezing|Strange Steam|p1a: Kyogre\n|-damage|p1a: Kyogre|80/100\n|\n|upkeep\n|turn|3\n|\n|t:|1746036890\n|move|p1b: Chien-Pao|Icicle Crash|p2a: Zamazenta\n|-resisted|p2a: Zamazenta\n|-damage|p2a: Zamazenta|74/100\n|move|p2a: Zamazenta|Body Press|p1b: Chien-Pao\n|-supereffective|p1b: Chien-Pao\n|-enditem|p1b: Chien-Pao|Focus Sash\n|-damage|p1b: Chien-Pao|1/100\n|move|p1a: Kyogre|Origin Pulse|p2b: Weezing|[spread] p2a,p2b\n|-damage|p2a: Zamazenta|25/100\n|-damage|p2b: Weezing|37/100\n|move|p2b: Weezing|Strange Steam|p1a: Kyogre\n|-damage|p1a: Kyogre|59/100\n|-start|p1a: Kyogre|confusion\n|\n|-heal|p2b: Weezing|43/100|[from] item: Leftovers\n|upkeep\n|turn|4\n|\n|t:|1746036908\n|move|p1b: Chien-Pao|Protect|p1b: Chien-Pao\n|-singleturn|p1b: Chien-Pao|Protect\n|move|p2a: Zamazenta|Wide Guard|p2a: Zamazenta\n|-singleturn|p2a: Zamazenta|Wide Guard\n|-activate|p1a: Kyogre|confusion\n|-damage|p1a: Kyogre|53/100|[from] confusion\n|move|p2b: Weezing|Strange Steam|p1b: Chien-Pao\n|-activate|p1b: Chien-Pao|move: Protect\n|\n|-heal|p2b: Weezing|49/100|[from] item: Leftovers\n|upkeep\n|turn|5\n|\n|t:|1746036920\n|move|p2a: Zamazenta|Wide Guard|p2a: Zamazenta\n|-singleturn|p2a: Zamazenta|Wide Guard\n|move|p1b: Chien-Pao|Icicle Crash|p2b: Weezing\n|-damage|p2b: Weezing|6/100\n|-activate|p1a: Kyogre|confusion\n|-damage|p1a: Kyogre|46/100|[from] confusion\n|move|p2b: Weezing|Strange Steam|p1b: Chien-Pao\n|-supereffective|p1b: Chien-Pao\n|-damage|p1b: Chien-Pao|0 fnt\n|faint|p1b: Chien-Pao\n|\n|-heal|p2b: Weezing|12/100|[from] item: Leftovers\n|upkeep\n|\n|t:|1746036932\n|switch|p1b: Urshifu|Urshifu-Rapid-Strike, L50, M|100/100\n|turn|6\n|\n|t:|1746036940\n|move|p2b: Weezing|Protect|p2b: Weezing\n|-singleturn|p2b: Weezing|Protect\n|move|p1b: Urshifu|Surging Strikes|p2a: Zamazenta\n|-crit|p2a: Zamazenta\n|-damage|p2a: Zamazenta|9/100\n|-crit|p2a: Zamazenta\n|-damage|p2a: Zamazenta|0 fnt\n|faint|p2a: Zamazenta\n|-hitcount|p2: Zamazenta|2\n|-activate|p1a: Kyogre|confusion\n|-damage|p1a: Kyogre|39/100|[from] confusion\n|\n|-heal|p2b: Weezing|19/100|[from] item: Leftovers\n|upkeep\n|\n|t:|1746036951\n|switch|p2a: Calyrex|Calyrex-Shadow, L50|100/100\n|-ability|p2a: Calyrex|As One\n|-ability|p2a: Calyrex|Unnerve\n|turn|7\n|\n|t:|1746036975\n|-terastallize|p2a: Calyrex|Grass\n|move|p1b: Urshifu|Surging Strikes|p2a: Calyrex\n|-resisted|p2a: Calyrex\n|-crit|p2a: Calyrex\n|-damage|p2a: Calyrex|87/100\n|-resisted|p2a: Calyrex\n|-crit|p2a: Calyrex\n|-damage|p2a: Calyrex|75/100\n|-resisted|p2a: Calyrex\n|-crit|p2a: Calyrex\n|-damage|p2a: Calyrex|61/100\n|-hitcount|p2a: Calyrex|3\n|move|p2a: Calyrex|Astral Barrage|p1b: Urshifu|[spread] p1a,p1b\n|-crit|p1b: Urshifu\n|-damage|p1a: Kyogre|0 fnt\n|-damage|p1b: Urshifu|0 fnt\n|faint|p1a: Kyogre\n|faint|p1b: Urshifu\n|-ability|p2a: Calyrex|Grim Neigh|boost\n|-boost|p2a: Calyrex|spa|2\n|-damage|p2a: Calyrex|52/100|[from] item: Life Orb\n|move|p2b: Weezing|Strange Steam|p1: Kyogre|[notarget]\n|-fail|p2b: Weezing\n|\n|-heal|p2b: Weezing|25/100|[from] item: Leftovers\n|upkeep\n|\n|t:|1746036984\n|switch|p1b: Zamazenta|Zamazenta-Crowned, L50|100/100\n|turn|8\n|inactive|Shousakyu has 30 seconds left.\n|\n|t:|1746037015\n|move|p1b: Zamazenta|Protect|p1b: Zamazenta\n|-singleturn|p1b: Zamazenta|Protect\n|move|p2a: Calyrex|Psychic|p1b: Zamazenta\n|-activate|p1b: Zamazenta|move: Protect\n|move|p2b: Weezing|Strange Steam|p1b: Zamazenta\n|-activate|p1b: Zamazenta|move: Protect\n|\n|-heal|p2b: Weezing|31/100|[from] item: Leftovers\n|upkeep\n|turn|9\n|\n|t:|1746037028\n|move|p2a: Calyrex|Psychic|p1b: Zamazenta\n|-damage|p1b: Zamazenta|0 fnt\n|faint|p1b: Zamazenta\n|-damage|p2a: Calyrex|42/100|[from] item: Life Orb\n|\n|win|Shousakyu\n||btb0811 is ready for game 2.\n||Shousakyu is ready for game 2.\n|uhtml|next|Next: <a href=\"/battle-gen9vgc2025regibo3-2354125545\"><strong>Game 2 of 3</strong></a>\n", "uploadtime": 1746037293, "views": 6, "formatid": "gen9vgc2025regibo3", "rating": null, "private": 0, "password": null}