{"id": "gen9vgc2025regibo3-2353733854", "format": "[Gen 9] VGC 2025 Reg I (Bo3)", "players": ["itsgentlecrab", "jeplan"], "log": "|j|\u2606itsgentlecrab\n|j|\u2606jeplan\n|html|<table width=\"100%\"><tr><td align=\"left\">itsgentlecrab</td><td align=\"right\">jeplan</tr><tr><td align=\"left\"><i class=\"fa fa-circle-o\"></i> <i class=\"fa fa-circle-o\"></i> </td><td align=\"right\"><i class=\"fa fa-circle-o\"></i> <i class=\"fa fa-circle\"></i> </tr></table>\n|uhtml|bestof|<h2><strong>Game 2</strong> of <a href=\"/game-bestof3-gen9vgc2025regibo3-2353731416\">a best-of-3</a></h2>\n|t:|1745990676\n|gametype|doubles\n|player|p1|itsgentlecrab|mina-lgpe|1019\n|player|p2|jeplan|102|1060\n|teamsize|p1|6\n|teamsize|p2|6\n|gen|9\n|tier|[Gen 9] VGC 2025 Reg I (Bo3)\n|rated|\n|rule|Species Clause: Limit one of each Pok\u00e9mon\n|rule|Item Clause: Limit 1 of each item\n|clearpoke\n|poke|p1|Miraidon, L50|\n|poke|p1|Necrozma-Dusk-Mane, L50|\n|poke|p1|Iron Hands, L50|\n|poke|p1|Chien-Pao, L50|\n|poke|p1|Whimsicott, L50, M|\n|poke|p1|Araquanid, L50, M|\n|poke|p2|Calyrex-Shadow, L50|\n|poke|p2|Koraidon, L50|\n|poke|p2|Grimmsnarl, L50, M|\n|poke|p2|Chi-Yu, L50|\n|poke|p2|Tornadus, L50, M|\n|poke|p2|Ursaluna, L50, M|\n|teampreview|4\n|showteam|p1|Miraidon||ChoiceSpecs|HadronEngine|ElectroDrift,VoltSwitch,DracoMeteor,DazzlingGleam||||||50|,,,,,Fairy]Necrozma-Dusk-Mane||ClearAmulet|PrismArmor|SunsteelStrike,PhotonGeyser,TrickRoom,Protect||||||50|,,,,,Dark]Iron Hands||ElectricSeed|QuarkDrive|BodyPress,FakeOut,DrainPunch,WildCharge||||||50|,,,,,Bug]Chien-Pao||FocusSash|SwordofRuin|IcicleCrash,Protect,ThroatChop,SuckerPunch||||||50|,,,,,Ghost]Whimsicott||CovertCloak|Prankster|Tailwind,Encore,Moonblast,LightScreen|||M|||50|,,,,,Dark]Araquanid||Leftovers|WaterBubble|WideGuard,Liquidation,Protect,Infestation|||M|||50|,,,,,Steel\n|showteam|p2|Calyrex-Shadow||FocusSash|AsOneSpectrier|NastyPlot,AstralBarrage,Protect,DrainingKiss||||||50|,,,,,Grass]Koraidon||LifeOrb|OrichalcumPulse|CloseCombat,FlareBlitz,FlameCharge,Protect||||||50|,,,,,Fire]Grimmsnarl||LightClay|Prankster|Reflect,LightScreen,ThunderWave,SpiritBreak|||M|||50|,,,,,Steel]Chi-Yu||ChoiceScarf|BeadsofRuin|Overheat,HeatWave,DarkPulse,Psychic||||||50|,,,,,Fire]Tornadus||CovertCloak|Prankster|Tailwind,Protect,BleakwindStorm,Taunt|||M|||50|,,,,,Dark]Ursaluna||FlameOrb|Guts|Protect,HeadlongRush,Facade,Crunch|||M|||50|,,,,,Normal\n|\n|t:|1745990729\n|start\n|switch|p1a: Necrozma|Necrozma-Dusk-Mane, L50|100/100\n|switch|p1b: Araquanid|Araquanid, L50, M|100/100\n|switch|p2a: Chi-Yu|Chi-Yu, L50|100/100\n|switch|p2b: Grimmsnarl|Grimmsnarl, L50, M|100/100\n|-ability|p2a: Chi-Yu|Beads of Ruin\n|turn|1\n|\n|t:|1745990753\n|move|p1a: Necrozma|Protect|p1a: Necrozma\n|-singleturn|p1a: Necrozma|Protect\n|move|p2b: Grimmsnarl|Reflect|p2b: Grimmsnarl\n|-sidestart|p2: jeplan|Reflect\n|move|p2a: Chi-Yu|Dark Pulse|p1a: Necrozma\n|-activate|p1a: Necrozma|move: Protect\n|move|p1b: Araquanid|Liquidation|p2a: Chi-Yu\n|-supereffective|p2a: Chi-Yu\n|-damage|p2a: Chi-Yu|7/100\n|\n|upkeep\n|turn|2\n|\n|t:|1745990782\n|switch|p2a: Tornadus|Tornadus, L50, M|100/100\n|switch|p1b: Whimsicott|Whimsicott, L50, M|100/100\n|-terastallize|p1a: Necrozma|Dark\n|move|p1a: Necrozma|Sunsteel Strike|p2b: Grimmsnarl\n|-supereffective|p2b: Grimmsnarl\n|-damage|p2b: Grimmsnarl|18/100\n|move|p2b: Grimmsnarl|Spirit Break|p1a: Necrozma\n|-supereffective|p1a: Necrozma\n|-damage|p1a: Necrozma|67/100\n|\n|upkeep\n|turn|3\n|\n|t:|1745990823\n|move|p1b: Whimsicott|Moonblast|p2b: Grimmsnarl\n|-supereffective|p2b: Grimmsnarl\n|-damage|p2b: Grimmsnarl|0 fnt\n|faint|p2b: Grimmsnarl\n|move|p2a: Tornadus|Bleakwind Storm|p1b: Whimsicott|[spread] p1a,p1b\n|-supereffective|p1b: Whimsicott\n|-damage|p1a: Necrozma|39/100\n|-damage|p1b: Whimsicott|34/100\n|move|p1a: Necrozma|Photon Geyser|p2a: Tornadus\n|-damage|p2a: Tornadus|55/100\n|\n|upkeep\n|\n|t:|1745990844\n|switch|p2b: Calyrex|Calyrex-Shadow, L50|100/100\n|-ability|p2b: Calyrex|As One\n|-ability|p2b: Calyrex|Unnerve\n|turn|4\n|\n|t:|1745990872\n|-terastallize|p2b: Calyrex|Grass\n|move|p1b: Whimsicott|Light Screen|p1b: Whimsicott\n|-sidestart|p1: itsgentlecrab|move: Light Screen\n|move|p2a: Tornadus|Tailwind|p2a: Tornadus\n|-sidestart|p2: jeplan|move: Tailwind\n|move|p2b: Calyrex|Draining Kiss|p1a: Necrozma\n|-supereffective|p1a: Necrozma\n|-damage|p1a: Necrozma|20/100\n|move|p1a: Necrozma|Trick Room|p1a: Necrozma\n|-fieldstart|move: Trick Room|[of] p1a: Necrozma\n|\n|upkeep\n|turn|5\n|\n|t:|1745990916\n|move|p2a: Tornadus|Protect|p2a: Tornadus\n|-singleturn|p2a: Tornadus|Protect\n|move|p1b: Whimsicott|Encore|p2a: Tornadus\n|-activate|p2a: Tornadus|move: Protect\n|move|p1a: Necrozma|Photon Geyser|p2b: Calyrex\n|-damage|p2b: Calyrex|52/100\n|move|p2b: Calyrex|Astral Barrage|p1a: Necrozma|[spread] p1a,p1b\n|-resisted|p1a: Necrozma\n|-crit|p1a: Necrozma\n|-damage|p1a: Necrozma|0 fnt\n|-damage|p1b: Whimsicott|0 fnt\n|faint|p1a: Necrozma\n|faint|p1b: Whimsicott\n|-ability|p2b: Calyrex|Grim Neigh|boost\n|-boost|p2b: Calyrex|spa|2\n|\n|upkeep\n|\n|t:|1745990938\n|switch|p1a: Miraidon|Miraidon, L50|100/100\n|switch|p1b: Araquanid|Araquanid, L50, M|100/100\n|-fieldstart|move: Electric Terrain|[from] ability: Hadron Engine|[of] p1a: Miraidon\n|turn|6\n|\n|t:|1745990993\n|move|p1b: Araquanid|Liquidation|p2b: Calyrex\n|-resisted|p2b: Calyrex\n|-damage|p2b: Calyrex|33/100\n|move|p1a: Miraidon|Electro Drift|p2b: Calyrex\n|-resisted|p2b: Calyrex\n|-damage|p2b: Calyrex|0 fnt\n|faint|p2b: Calyrex\n|move|p2a: Tornadus|Bleakwind Storm|p1b: Araquanid|[spread] p1b\n|-miss|p2a: Tornadus|p1a: Miraidon\n|-supereffective|p1b: Araquanid\n|-damage|p1b: Araquanid|66/100\n|\n|-heal|p1b: Araquanid|72/100|[from] item: Leftovers\n|upkeep\n|\n|t:|1745990999\n|switch|p2b: Chi-Yu|Chi-Yu, L50|7/100\n|-ability|p2b: Chi-Yu|Beads of Ruin\n|turn|7\n|c|\u2606jeplan|Ggs\n|\n|t:|1745991011\n|move|p1b: Araquanid|Liquidation|p2b: Chi-Yu\n|-supereffective|p2b: Chi-Yu\n|-damage|p2b: Chi-Yu|0 fnt\n|faint|p2b: Chi-Yu\n|move|p1a: Miraidon|Electro Drift|p2a: Tornadus\n|-supereffective|p2a: Tornadus\n|-damage|p2a: Tornadus|0 fnt\n|faint|p2a: Tornadus\n|\n|win|itsgentlecrab\n||jeplan is ready for game 3.\n||itsgentlecrab is ready for game 3.\n|uhtml|next|Next: <a href=\"/battle-gen9vgc2025regibo3-2353735821\"><strong>Game 3 of 3</strong></a>\n", "uploadtime": 1745991309, "views": 22, "formatid": "gen9vgc2025regibo3", "rating": null, "private": 0, "password": null}