{"id": "gen9vgc2025regibo3-2354039187", "format": "[Gen 9] VGC 2025 Reg I (Bo3)", "players": ["NameLessUlixes", "Miraidon For Life"], "log": "|j|\u2606NameLessUlixes\n|j|\u2606Miraidon For Life\n|html|<table width=\"100%\"><tr><td align=\"left\">NameLessUlixes</td><td align=\"right\">Miraidon For Life</tr><tr><td align=\"left\"><i class=\"fa fa-circle\"></i> <i class=\"fa fa-circle-o\"></i> </td><td align=\"right\"><i class=\"fa fa-circle-o\"></i> <i class=\"fa fa-circle-o\"></i> </tr></table>\n|uhtml|bestof|<h2><strong>Game 2</strong> of <a href=\"/game-bestof3-gen9vgc2025regibo3-2354035732\">a best-of-3</a></h2>\n|t:|1746029671\n|gametype|doubles\n|player|p1|NameLessUlixes|102|1158\n|player|p2|Miraidon For Life|hilbert|1285\n|teamsize|p1|6\n|teamsize|p2|6\n|gen|9\n|tier|[Gen 9] VGC 2025 Reg I (Bo3)\n|rated|\n|rule|Species Clause: Limit one of each Pok\u00e9mon\n|rule|Item Clause: Limit 1 of each item\n|clearpoke\n|poke|p1|Grimmsnarl, L50, M|\n|poke|p1|Cresselia, L50, F|\n|poke|p1|Incineroar, L50, F|\n|poke|p1|Terapagos, L50, M|\n|poke|p1|Calyrex-Shadow, L50|\n|poke|p1|Mienshao, L50, F|\n|poke|p2|Miraidon, L50|\n|poke|p2|Calyrex-Ice, L50|\n|poke|p2|Iron Hands, L50|\n|poke|p2|Farigiraf, L50, F|\n|poke|p2|Ursaluna-Bloodmoon, L50, M|\n|poke|p2|Ogerpon-Cornerstone, L50, F|\n|teampreview|4\n|showteam|p1|Grimmsnarl||LightClay|Prankster|SpiritBreak,LightScreen,Reflect,ThunderWave|||M|||50|,,,,,Grass]Cresselia||SafetyGoggles|Levitate|AllySwitch,LunarBlessing,Moonblast,TrickRoom|||F|||50|,,,,,Steel]Incineroar||SitrusBerry|Intimidate|FakeOut,KnockOff,PartingShot,Taunt|||F|||50|,,,,,Grass]Terapagos||Leftovers|TeraShift|CalmMind,EarthPower,TeraStarstorm,Protect|||M|||50|,,,,,Stellar]Calyrex-Shadow||LifeOrb|AsOneSpectrier|AstralBarrage,Psyshock,TeraBlast,Protect||||||50|,,,,,Fairy]Mienshao||FocusSash|InnerFocus|CloseCombat,FakeOut,Uturn,WideGuard|||F|||50|,,,,,Grass\n|showteam|p2|Miraidon||ChoiceScarf|HadronEngine|ElectroDrift,VoltSwitch,DracoMeteor,Snarl||||||50|,,,,,Electric]Calyrex-Ice||ClearAmulet|AsOneGlastrier|GlacialLance,HighHorsepower,TrickRoom,Protect||||||50|,,,,,Fire]Iron Hands||AssaultVest|QuarkDrive|DrainPunch,LowKick,WildCharge,FakeOut||||||50|,,,,,Water]Farigiraf||ElectricSeed|ArmorTail|TrickRoom,PsychicNoise,FoulPlay,HelpingHand|||F|||50|,,,,,Water]Ursaluna-Bloodmoon||LifeOrb|MindsEye|Protect,HyperVoice,EarthPower,BloodMoon|||M|||50|,,,,,Normal]Ogerpon-Cornerstone||CornerstoneMask|Sturdy|IvyCudgel,Taunt,SpikyShield,FollowMe|||F|||50|,,,,,Rock\n|inactive|Battle timer is ON: inactive players will automatically lose when time's up. (requested by NameLessUlixes)\n|inactive|Miraidon For Life has 60 seconds left.\n|\n|t:|1746029710\n|start\n|switch|p1a: Grimmsnarl|Grimmsnarl, L50, M|100/100\n|switch|p1b: Incineroar|Incineroar, L50, F|100/100\n|switch|p2a: Calyrex|Calyrex-Ice, L50|100/100\n|switch|p2b: Miraidon|Miraidon, L50|100/100\n|-ability|p2a: Calyrex|As One\n|-ability|p2a: Calyrex|Unnerve\n|-fieldstart|move: Electric Terrain|[from] ability: Hadron Engine|[of] p2b: Miraidon\n|-ability|p1b: Incineroar|Intimidate|boost\n|-fail|p2a: Calyrex|unboost|[from] item: Clear Amulet|[of] p2a: Calyrex\n|-unboost|p2b: Miraidon|atk|1\n|turn|1\n|j| entei enthusiast\n|inactive|NameLessUlixes has 30 seconds left.\n|\n|t:|1746029735\n|move|p1a: Grimmsnarl|Light Screen|p1a: Grimmsnarl\n|-sidestart|p1: NameLessUlixes|move: Light Screen\n|move|p2b: Miraidon|Volt Switch|p1a: Grimmsnarl\n|-damage|p1a: Grimmsnarl|58/100\n|\n|t:|1746029739\n|switch|p2b: Iron Hands|Iron Hands, L50|100/100|[from] Volt Switch\n|-activate|p2b: Iron Hands|ability: Quark Drive\n|-start|p2b: Iron Hands|quarkdriveatk\n|move|p1b: Incineroar|Parting Shot|p2b: Iron Hands\n|-unboost|p2b: Iron Hands|atk|1\n|-unboost|p2b: Iron Hands|spa|1\n|\n|t:|1746029747\n|switch|p1b: Terapagos|Terapagos, L50, M|100/100|[from] Parting Shot\n|-activate|p1b: Terapagos|ability: Tera Shift\n|detailschange|p1b: Terapagos|Terapagos-Terastal, L50, M\n|-heal|p1b: Terapagos|100/100|[silent]\n|move|p2a: Calyrex|Glacial Lance|p1a: Grimmsnarl|[spread] p1a,p1b\n|-activate|p1b: Terapagos|ability: Tera Shell\n|-resisted|p1b: Terapagos\n|-damage|p1a: Grimmsnarl|0 fnt\n|-damage|p1b: Terapagos|79/100\n|faint|p1a: Grimmsnarl\n|-ability|p2a: Calyrex|Chilling Neigh|boost\n|-boost|p2a: Calyrex|atk|1\n|\n|-heal|p1b: Terapagos|85/100|[from] item: Leftovers\n|upkeep\n|\n|t:|1746029765\n|switch|p1a: Calyrex|Calyrex-Shadow, L50|100/100\n|-ability|p1a: Calyrex|As One\n|-ability|p1a: Calyrex|Unnerve\n|turn|2\n|\n|t:|1746029782\n|switch|p2a: Farigiraf|Farigiraf, L50, F|100/100\n|-enditem|p2a: Farigiraf|Electric Seed\n|-boost|p2a: Farigiraf|def|1|[from] item: Electric Seed\n|move|p1b: Terapagos|Protect|p1b: Terapagos\n|-singleturn|p1b: Terapagos|Protect\n|move|p1a: Calyrex|Astral Barrage|p2b: Iron Hands|[spread] p2b\n|-immune|p2a: Farigiraf\n|-damage|p2b: Iron Hands|59/100\n|-damage|p1a: Calyrex|91/100|[from] item: Life Orb\n|move|p2b: Iron Hands|Drain Punch|p1b: Terapagos\n|-activate|p1b: Terapagos|move: Protect\n|\n|-heal|p1b: Terapagos|91/100|[from] item: Leftovers\n|upkeep\n|turn|3\n|\n|t:|1746029800\n|-end|p2b: Iron Hands|Quark Drive|[silent]\n|switch|p2b: Calyrex|Calyrex-Ice, L50|100/100\n|-ability|p2b: Calyrex|As One\n|-ability|p2b: Calyrex|Unnerve\n|-terastallize|p1a: Calyrex|Fairy\n|move|p1a: Calyrex|Tera Blast|p2b: Calyrex|[anim] Tera Blast Fairy\n|-damage|p2b: Calyrex|55/100\n|-damage|p1a: Calyrex|81/100|[from] item: Life Orb\n|move|p1b: Terapagos|Calm Mind|p1b: Terapagos\n|-boost|p1b: Terapagos|spa|1\n|-boost|p1b: Terapagos|spd|1\n|move|p2a: Farigiraf|Trick Room|p2a: Farigiraf\n|-fieldstart|move: Trick Room|[of] p2a: Farigiraf\n|\n|-heal|p1b: Terapagos|97/100|[from] item: Leftovers\n|upkeep\n|turn|4\n|inactive|Miraidon For Life has 30 seconds left.\n|\n|t:|1746029836\n|switch|p1a: Incineroar|Incineroar, L50, F|100/100\n|-ability|p1a: Incineroar|Intimidate|boost\n|-unboost|p2a: Farigiraf|atk|1\n|-fail|p2b: Calyrex|unboost|[from] item: Clear Amulet|[of] p2b: Calyrex\n|move|p2a: Farigiraf|Helping Hand|p2b: Calyrex\n|-singleturn|p2b: Calyrex|Helping Hand|[of] p2a: Farigiraf\n|move|p1b: Terapagos|Protect|p1b: Terapagos\n|-singleturn|p1b: Terapagos|Protect\n|move|p2b: Calyrex|Glacial Lance|p1b: Terapagos|[spread] p1a\n|-activate|p1b: Terapagos|move: Protect\n|-resisted|p1a: Incineroar\n|-damage|p1a: Incineroar|64/100\n|\n|-heal|p1b: Terapagos|100/100|[from] item: Leftovers\n|upkeep\n|turn|5\n|inactive|NameLessUlixes has 30 seconds left.\n|inactive|Miraidon For Life has 30 seconds left.\n|inactive|Miraidon For Life has 20 seconds left.\n|inactive|Miraidon For Life has 15 seconds left.\n|inactive|Miraidon For Life has 10 seconds left.\n|\n|t:|1746029883\n|switch|p2a: Iron Hands|Iron Hands, L50|59/100\n|-activate|p2a: Iron Hands|ability: Quark Drive\n|-start|p2a: Iron Hands|quarkdriveatk\n|move|p2b: Calyrex|High Horsepower|p1a: Incineroar\n|-supereffective|p1a: Incineroar\n|-damage|p1a: Incineroar|0 fnt\n|faint|p1a: Incineroar\n|-ability|p2b: Calyrex|Chilling Neigh|boost\n|-boost|p2b: Calyrex|atk|1\n|move|p1b: Terapagos|Tera Starstorm|p2b: Calyrex\n|-damage|p2b: Calyrex|0 fnt\n|faint|p2b: Calyrex\n|\n|-fieldend|move: Electric Terrain\n|-end|p2a: Iron Hands|Quark Drive\n|upkeep\n|\n|t:|1746029898\n|switch|p2b: Farigiraf|Farigiraf, L50, F|100/100\n|switch|p1a: Calyrex|Calyrex-Shadow, L50, tera:Fairy|81/100\n|-ability|p1a: Calyrex|As One\n|-ability|p1a: Calyrex|Unnerve\n|turn|6\n|\n|t:|1746029907\n|move|p1b: Terapagos|Protect|p1b: Terapagos\n|-singleturn|p1b: Terapagos|Protect\n|move|p2a: Iron Hands|Wild Charge|p1a: Calyrex\n|-damage|p1a: Calyrex|16/100\n|-damage|p2a: Iron Hands|47/100|[from] Recoil\n|move|p2b: Farigiraf|Psychic Noise|p1b: Terapagos\n|-activate|p1b: Terapagos|move: Protect\n|move|p1a: Calyrex|Tera Blast|p2a: Iron Hands|[anim] Tera Blast Fairy\n|-supereffective|p2a: Iron Hands\n|-damage|p2a: Iron Hands|0 fnt\n|faint|p2a: Iron Hands\n|-end|p2a: Iron Hands|Quark Drive|[silent]\n|-ability|p1a: Calyrex|Grim Neigh|boost\n|-boost|p1a: Calyrex|spa|1\n|-damage|p1a: Calyrex|7/100|[from] item: Life Orb\n|\n|upkeep\n|\n|t:|1746029918\n|switch|p2a: Miraidon|Miraidon, L50|100/100\n|-fieldstart|move: Electric Terrain|[from] ability: Hadron Engine|[of] p2a: Miraidon\n|turn|7\n|\n|t:|1746029942\n|-terastallize|p2a: Miraidon|Electric\n|move|p1a: Calyrex|Protect|p1a: Calyrex\n|-singleturn|p1a: Calyrex|Protect\n|move|p2b: Farigiraf|Psychic Noise|p1b: Terapagos\n|-activate|p1b: Terapagos|ability: Tera Shell\n|-resisted|p1b: Terapagos\n|-damage|p1b: Terapagos|95/100\n|-start|p1b: Terapagos|move: Heal Block\n|move|p1b: Terapagos|Earth Power|p2a: Miraidon\n|-supereffective|p2a: Miraidon\n|-damage|p2a: Miraidon|27/100\n|move|p2a: Miraidon|Electro Drift|p1b: Terapagos\n|-damage|p1b: Terapagos|41/100\n|\n|-fieldend|move: Trick Room\n|upkeep\n|turn|8\n|inactive|NameLessUlixes has 30 seconds left.\n|inactive|Miraidon For Life has 30 seconds left.\n|\n|t:|1746029974\n|move|p1b: Terapagos|Protect|p1b: Terapagos\n|-singleturn|p1b: Terapagos|Protect\n|move|p2a: Miraidon|Electro Drift|p1b: Terapagos\n|-activate|p1b: Terapagos|move: Protect\n|move|p1a: Calyrex|Tera Blast|p2a: Miraidon|[anim] Tera Blast Fairy\n|-damage|p2a: Miraidon|0 fnt\n|faint|p2a: Miraidon\n|-ability|p1a: Calyrex|Grim Neigh|boost\n|-boost|p1a: Calyrex|spa|1\n|-damage|p1a: Calyrex|0 fnt|[from] item: Life Orb\n|faint|p1a: Calyrex\n|move|p2b: Farigiraf|Psychic Noise|p1b: Terapagos\n|-activate|p1b: Terapagos|move: Protect\n|\n|-end|p1b: Terapagos|move: Heal Block\n|-sideend|p1: NameLessUlixes|move: Light Screen\n|upkeep\n|turn|9\n|\n|t:|1746029992\n|move|p1b: Terapagos|Tera Starstorm|p2b: Farigiraf\n|-damage|p2b: Farigiraf|32/100\n|move|p2b: Farigiraf|Psychic Noise|p1b: Terapagos\n|-damage|p1b: Terapagos|24/100\n|-start|p1b: Terapagos|move: Heal Block\n|\n|upkeep\n|turn|10\n|\n|t:|1746030000\n|move|p1b: Terapagos|Tera Starstorm|p2b: Farigiraf\n|-crit|p2b: Farigiraf\n|-damage|p2b: Farigiraf|0 fnt\n|faint|p2b: Farigiraf\n|\n|win|NameLessUlixes\n|raw|NameLessUlixes's rating: 1158 &rarr; <strong>1192</strong><br />(+34 for winning)\n|raw|Miraidon For Life's rating: 1285 &rarr; <strong>1251</strong><br />(-34 for losing)\n|l|\u2606Miraidon For Life\n|player|p2|\n|l|\u2606NameLessUlixes\n|player|p1|\n|l| entei enthusiast\n", "uploadtime": 1746030217, "views": 15, "formatid": "gen9vgc2025regibo3", "rating": 1192, "private": 0, "password": null}