{"id": "gen9vgc2025regibo3-2353889682", "format": "[Gen 9] VGC 2025 Reg I (Bo3)", "players": ["Pacca100", "Olciax34"], "log": "|j|\u2606Pacca100\n|j|\u2606Olciax34\n|html|<table width=\"100%\"><tr><td align=\"left\">Pacca100</td><td align=\"right\">Olciax34</tr><tr><td align=\"left\"><i class=\"fa fa-circle-o\"></i> <i class=\"fa fa-circle-o\"></i> </td><td align=\"right\"><i class=\"fa fa-circle-o\"></i> <i class=\"fa fa-circle\"></i> </tr></table>\n|uhtml|bestof|<h2><strong>Game 2</strong> of <a href=\"/game-bestof3-gen9vgc2025regibo3-2353887809\">a best-of-3</a></h2>\n|t:|1746015435\n|gametype|doubles\n|player|p1|Pacca100|102|1307\n|player|p2|Olciax34|clair|1203\n|teamsize|p1|6\n|teamsize|p2|6\n|gen|9\n|tier|[Gen 9] VGC 2025 Reg I (Bo3)\n|rated|\n|rule|Species Clause: Limit one of each Pok\u00e9mon\n|rule|Item Clause: Limit 1 of each item\n|clearpoke\n|poke|p1|Koraidon, L50|\n|poke|p1|Calyrex-Shadow, L50|\n|poke|p1|Weezing-Galar, L50, M|\n|poke|p1|Iron Hands, L50|\n|poke|p1|Ogerpon-Cornerstone, L50, F|\n|poke|p1|Chi-Yu, L50|\n|poke|p2|Miraidon, L50|\n|poke|p2|Cobalion, L50|\n|poke|p2|Iron Hands, L50|\n|poke|p2|Urshifu-*, L50, M|\n|poke|p2|Calyrex-Shadow, L50|\n|poke|p2|Tornadus, L50, M|\n|teampreview|4\n|showteam|p1|Koraidon||AbilityShield|OrichalcumPulse|CloseCombat,FlareBlitz,FlameCharge,Protect||||||50|,,,,,Fire]Calyrex-Shadow||FocusSash|AsOneSpectrier|AstralBarrage,Psychic,Encore,Protect||||||50|,,,,,Ghost]Weezing-Galar||CovertCloak|NeutralizingGas|StrangeSteam,ToxicSpikes,Taunt,Protect|||M|||50|,,,,,Water]Iron Hands||AssaultVest|QuarkDrive|FakeOut,LowKick,WildCharge,HeavySlam||||||50|,,,,,Water]Ogerpon-Cornerstone||CornerstoneMask|Sturdy|FollowMe,IvyCudgel,PowerWhip,SpikyShield|||F|||50|,,,,,Rock]Chi-Yu||ChoiceScarf|BeadsofRuin|HeatWave,Overheat,DarkPulse,Snarl||||||50|,,,,,Ghost\n|showteam|p2|Miraidon||ChoiceSpecs|HadronEngine|ElectroDrift,DracoMeteor,VoltSwitch,DazzlingGleam||||||50|,,,,,Fairy]Cobalion||ElectricSeed|Justified|BodyPress,HeavySlam,IronDefense,Protect||||||50|,,,,,Dragon]Iron Hands||AssaultVest|QuarkDrive|DrainPunch,HeavySlam,LowKick,FakeOut||||||50|,,,,,Bug]Urshifu-Rapid-Strike||MysticWater|UnseenFist|SurgingStrikes,CloseCombat,AquaJet,Detect|||M|||50|,,,,,Water]Calyrex-Shadow||FocusSash|AsOneSpectrier|AstralBarrage,ShadowBall,TeraBlast,Protect||||||50|,,,,,Water]Tornadus||CovertCloak|Prankster|Tailwind,BleakwindStorm,RainDance,Protect|||M|||50|,,,,,Dark\n|inactive|Battle timer is ON: inactive players will automatically lose when time's up. (requested by Pacca100)\n|\n|t:|1746015457\n|start\n|switch|p1a: StoneFace|Ogerpon-Cornerstone, L50, F|100/100\n|switch|p1b: Calyrex|Calyrex-Shadow, L50|100/100\n|switch|p2a: Miraidon|Miraidon, L50|100/100\n|switch|p2b: Tornadus|Tornadus, L50, M|100/100\n|-ability|p1b: Calyrex|As One\n|-ability|p1b: Calyrex|Unnerve\n|-fieldstart|move: Electric Terrain|[from] ability: Hadron Engine|[of] p2a: Miraidon\n|turn|1\n|inactive|Olciax34 has 30 seconds left.\n|inactive|Olciax34 has 20 seconds left.\n|\n|t:|1746015497\n|-terastallize|p2b: Tornadus|Dark\n|move|p2b: Tornadus|Tailwind|p2b: Tornadus\n|-sidestart|p2: Olciax34|move: Tailwind\n|move|p2a: Miraidon|Volt Switch|p1a: StoneFace\n|-resisted|p1a: StoneFace\n|-damage|p1a: StoneFace|44/100\n|\n|t:|1746015505\n|switch|p2a: Urshifu|Urshifu-Rapid-Strike, L50, M|100/100|[from] Volt Switch\n|move|p1b: Calyrex|Astral Barrage|p2b: Tornadus|[spread] p2a,p2b\n|-crit|p2a: Urshifu\n|-resisted|p2b: Tornadus\n|-damage|p2a: Urshifu|0 fnt\n|-damage|p2b: Tornadus|68/100\n|faint|p2a: Urshifu\n|-ability|p1b: Calyrex|Grim Neigh|boost\n|-boost|p1b: Calyrex|spa|1\n|move|p1a: StoneFace|Ivy Cudgel|p2b: Tornadus|[anim] Ivy Cudgel Rock\n|-damage|p2b: Tornadus|11/100\n|\n|upkeep\n|\n|t:|1746015526\n|switch|p2a: Calyrex|Calyrex-Shadow, L50|100/100\n|-ability|p2a: Calyrex|As One\n|-ability|p2a: Calyrex|Unnerve\n|turn|2\n|\n|t:|1746015544\n|move|p2b: Tornadus|Protect|p2b: Tornadus\n|-singleturn|p2b: Tornadus|Protect\n|move|p1b: Calyrex|Protect|p1b: Calyrex\n|-singleturn|p1b: Calyrex|Protect\n|move|p1a: StoneFace|Spiky Shield|p1a: StoneFace\n|-singleturn|p1a: StoneFace|move: Protect\n|move|p2a: Calyrex|Astral Barrage|p1b: Calyrex|[spread] \n|-activate|p1a: StoneFace|move: Protect\n|-activate|p1b: Calyrex|move: Protect\n|\n|upkeep\n|turn|3\n|inactive|Pacca100 has 30 seconds left.\n|\n|t:|1746015570\n|switch|p1b: Seneca|Chi-Yu, L50|100/100\n|-ability|p1b: Seneca|Beads of Ruin\n|move|p2a: Calyrex|Astral Barrage|p1a: StoneFace|[spread] p1a,p1b\n|-resisted|p1b: Seneca\n|-damage|p1a: StoneFace|0 fnt\n|-damage|p1b: Seneca|66/100\n|faint|p1a: StoneFace\n|-ability|p2a: Calyrex|Grim Neigh|boost\n|-boost|p2a: Calyrex|spa|1\n|move|p2b: Tornadus|Bleakwind Storm|p1b: Seneca\n|-damage|p1b: Seneca|18/100\n|\n|upkeep\n|\n|t:|1746015594\n|switch|p1a: Speedrun|Koraidon, L50|100/100\n|-weather|SunnyDay|[from] ability: Orichalcum Pulse|[of] p1a: Speedrun\n|-activate|p1a: Speedrun|Orichalcum Pulse|[source]\n|turn|4\n|\n|t:|1746015610\n|switch|p2b: Miraidon|Miraidon, L50|100/100\n|-activate|p2b: Miraidon|ability: Hadron Engine\n|move|p1a: Speedrun|Protect|p1a: Speedrun\n|-singleturn|p1a: Speedrun|Protect\n|move|p2a: Calyrex|Astral Barrage|p1a: Speedrun|[spread] p1b\n|-activate|p1a: Speedrun|move: Protect\n|-resisted|p1b: Seneca\n|-damage|p1b: Seneca|0 fnt\n|faint|p1b: Seneca\n|-ability|p2a: Calyrex|Grim Neigh|boost\n|-boost|p2a: Calyrex|spa|1\n|\n|-weather|SunnyDay|[upkeep]\n|-sideend|p2: Olciax34|move: Tailwind\n|upkeep\n|\n|t:|1746015619\n|switch|p1b: Calyrex|Calyrex-Shadow, L50|100/100\n|-ability|p1b: Calyrex|As One\n|-ability|p1b: Calyrex|Unnerve\n|turn|5\n|inactive|Olciax34 has 30 seconds left.\n|\n|t:|1746015647\n|-terastallize|p1a: Speedrun|Fire\n|move|p1b: Calyrex|Astral Barrage|p2b: Miraidon|[spread] p2a,p2b\n|-supereffective|p2a: Calyrex\n|-enditem|p2a: Calyrex|Focus Sash\n|-damage|p2a: Calyrex|1/100\n|-damage|p2b: Miraidon|55/100\n|move|p2a: Calyrex|Astral Barrage|p1a: Speedrun|[spread] p1a,p1b\n|-supereffective|p1b: Calyrex\n|-damage|p1a: Speedrun|0 fnt\n|-enditem|p1b: Calyrex|Focus Sash\n|-damage|p1b: Calyrex|1/100\n|faint|p1a: Speedrun\n|-ability|p2a: Calyrex|Grim Neigh|boost\n|-boost|p2a: Calyrex|spa|1\n|move|p2b: Miraidon|Volt Switch|p1b: Calyrex\n|-damage|p1b: Calyrex|0 fnt\n|faint|p1b: Calyrex\n|\n|win|Olciax34\n|raw|Pacca100's rating: 1307 &rarr; <strong>1281</strong><br />(-26 for losing)\n|raw|Olciax34's rating: 1203 &rarr; <strong>1235</strong><br />(+32 for winning)\n|l|\u2606Pacca100\n|player|p1|\n", "uploadtime": 1746015718, "views": 10, "formatid": "gen9vgc2025regibo3", "rating": 1235, "private": 0, "password": null}