{"id": "gen9vgc2025regibo3-2354625793", "format": "[Gen 9] VGC 2025 Reg I (Bo3)", "players": ["teriyaki malarky", "pokephil95"], "log": "|j|\u2606teriyaki malarky\n|j|\u2606pokephil95\n|html|<table width=\"100%\"><tr><td align=\"left\">teriyaki malarky</td><td align=\"right\">pokephil95</tr><tr><td align=\"left\"><i class=\"fa fa-circle-o\"></i> <i class=\"fa fa-circle-o\"></i> </td><td align=\"right\"><i class=\"fa fa-circle-o\"></i> <i class=\"fa fa-circle\"></i> </tr></table>\n|uhtml|bestof|<h2><strong>Game 2</strong> of <a href=\"/game-bestof3-gen9vgc2025regibo3-2354621999\">a best-of-3</a></h2>\n|t:|1746104413\n|gametype|doubles\n|player|p1|teriyaki malarky|169|1108\n|player|p2|pokephil95|102|1208\n|teamsize|p1|6\n|teamsize|p2|6\n|gen|9\n|tier|[Gen 9] VGC 2025 Reg I (Bo3)\n|rated|\n|rule|Species Clause: Limit one of each Pok\u00e9mon\n|rule|Item Clause: Limit 1 of each item\n|clearpoke\n|poke|p1|Groudon, L50|\n|poke|p1|Miraidon, L50|\n|poke|p1|Iron Hands, L50|\n|poke|p1|Whimsicott, L50, F|\n|poke|p1|Chi-Yu, L50|\n|poke|p1|Farigiraf, L50, M|\n|poke|p2|Terapagos, L50, M|\n|poke|p2|Rillaboom, L50, M|\n|poke|p2|Incineroar, L50, M|\n|poke|p2|Scream Tail, L50|\n|poke|p2|Calyrex-Shadow, L50|\n|poke|p2|Ogerpon-Cornerstone, L50, F|\n|teampreview|4\n|showteam|p1|Groudon||ClearAmulet|Drought|PrecipiceBlades,FirePunch,BulkUp,Protect||||||50|,,,,,Fire]Miraidon||ChoiceSpecs|HadronEngine|ElectroDrift,DazzlingGleam,VoltSwitch,DracoMeteor||||||50|,,,,,Fairy]Iron Hands||AssaultVest|QuarkDrive|LowKick,HeavySlam,WildCharge,FakeOut||||||50|,,,,,Grass]Whimsicott||FocusSash|Prankster|Moonblast,Tailwind,Encore,LightScreen|||F|||50|,,,,,Ghost]Chi-Yu||ChoiceScarf|BeadsofRuin|Overheat,HeatWave,DarkPulse,Snarl||||||50|,,,,,Ghost]Farigiraf||ElectricSeed|ArmorTail|FoulPlay,HelpingHand,TrickRoom,Psychic|||M|||50|,,,,,Fairy\n|showteam|p2|Terapagos||Leftovers|TeraShift|TeraStarstorm,CalmMind,Protect,Substitute|||M|||50|,,,,,Stellar]Rillaboom||AssaultVest|GrassySurge|FakeOut,Uturn,WoodHammer,GrassyGlide|||M|||50|,,,,,Fire]Incineroar||SafetyGoggles|Intimidate|FakeOut,FlareBlitz,PartingShot,KnockOff|||M|||50|,,,,,Fire]Scream Tail||BoosterEnergy|Protosynthesis|Disable,Encore,HelpingHand,Protect||||||50|,,,,,Dark]Calyrex-Shadow||ChoiceSpecs|AsOneSpectrier|AstralBarrage,Psychic,ShadowBall,DarkPulse||||||50|,,,,,Dragon]Ogerpon-Cornerstone||CornerstoneMask|Sturdy|IvyCudgel,PowerWhip,Protect,FollowMe|||F|||50|,,,,,Rock\n|inactive|Battle timer is ON: inactive players will automatically lose when time's up. (requested by teriyaki malarky)\n|\n|t:|1746104441\n|start\n|switch|p1a: Iron Hands|Iron Hands, L50|100/100\n|switch|p1b: Groudon|Groudon, L50|100/100\n|switch|p2a: Rillaboom|Rillaboom, L50, M|100/100\n|switch|p2b: Calyrex|Calyrex-Shadow, L50|100/100\n|-ability|p2b: Calyrex|As One\n|-ability|p2b: Calyrex|Unnerve\n|-fieldstart|move: Grassy Terrain|[from] ability: Grassy Surge|[of] p2a: Rillaboom\n|-weather|SunnyDay|[from] ability: Drought|[of] p1b: Groudon\n|turn|1\n|inactive|teriyaki malarky has 30 seconds left.\n|inactive|teriyaki malarky has 20 seconds left.\n|inactive|teriyaki malarky has 15 seconds left.\n|inactive|teriyaki malarky has 10 seconds left.\n|\n|t:|1746104488\n|switch|p1b: Farigiraf|Farigiraf, L50, M|100/100\n|move|p2a: Rillaboom|Fake Out||[still]\n|cant|p1b: Farigiraf|ability: Armor Tail|Fake Out|[of] p2a: Rillaboom\n|move|p2b: Calyrex|Astral Barrage|p1b: Farigiraf|[spread] p1a\n|-immune|p1b: Farigiraf\n|-damage|p1a: Iron Hands|57/100\n|move|p1a: Iron Hands|Heavy Slam|p2b: Calyrex\n|-damage|p2b: Calyrex|45/100\n|\n|-weather|SunnyDay|[upkeep]\n|-heal|p2b: Calyrex|51/100|[from] Grassy Terrain\n|-heal|p1a: Iron Hands|63/100|[from] Grassy Terrain\n|upkeep\n|turn|2\n|inactive|teriyaki malarky has 30 seconds left.\n|inactive|pokephil95 has 30 seconds left.\n|inactive|teriyaki malarky has 20 seconds left.\n|inactive|teriyaki malarky has 15 seconds left.\n|inactive|teriyaki malarky has 10 seconds left.\n|\n|t:|1746104537\n|switch|p2b: Terapagos|Terapagos, L50, M|100/100\n|-activate|p2b: Terapagos|ability: Tera Shift\n|detailschange|p2b: Terapagos|Terapagos-Terastal, L50, M\n|-heal|p2b: Terapagos|100/100|[silent]\n|move|p2a: Rillaboom|Wood Hammer|p1b: Farigiraf\n|-damage|p1b: Farigiraf|42/100\n|-damage|p2a: Rillaboom|79/100|[from] Recoil\n|move|p1a: Iron Hands|Low Kick|p2b: Terapagos\n|-activate|p2b: Terapagos|ability: Tera Shell\n|-resisted|p2b: Terapagos\n|-damage|p2b: Terapagos|93/100\n|move|p1b: Farigiraf|Foul Play|p2a: Rillaboom\n|-damage|p2a: Rillaboom|49/100\n|\n|-weather|SunnyDay|[upkeep]\n|-heal|p2a: Rillaboom|54/100|[from] Grassy Terrain\n|-heal|p2b: Terapagos|99/100|[from] Grassy Terrain\n|-heal|p2b: Terapagos|100/100|[from] item: Leftovers\n|-heal|p1a: Iron Hands|69/100|[from] Grassy Terrain\n|-heal|p1b: Farigiraf|48/100|[from] Grassy Terrain\n|upkeep\n|turn|3\n|inactive|pokephil95 has 30 seconds left.\n|inactive|teriyaki malarky has 30 seconds left.\n|inactive|teriyaki malarky has 20 seconds left.\n|\n|t:|1746104579\n|switch|p2b: Calyrex|Calyrex-Shadow, L50|51/100\n|-ability|p2b: Calyrex|As One\n|-ability|p2b: Calyrex|Unnerve\n|switch|p1b: Chi-Yu|Chi-Yu, L50|100/100\n|-ability|p1b: Chi-Yu|Beads of Ruin\n|move|p2a: Rillaboom|Wood Hammer|p1b: Chi-Yu\n|-resisted|p1b: Chi-Yu\n|-damage|p1b: Chi-Yu|39/100\n|-damage|p2a: Rillaboom|41/100|[from] Recoil\n|move|p1a: Iron Hands|Heavy Slam|p2b: Calyrex\n|-damage|p2b: Calyrex|0 fnt\n|faint|p2b: Calyrex\n|\n|-weather|SunnyDay|[upkeep]\n|-heal|p1b: Chi-Yu|46/100|[from] Grassy Terrain\n|-heal|p2a: Rillaboom|47/100|[from] Grassy Terrain\n|-heal|p1a: Iron Hands|76/100|[from] Grassy Terrain\n|upkeep\n|\n|t:|1746104600\n|switch|p2b: Terapagos|Terapagos-Terastal, L50, M|100/100\n|turn|4\n|\n|t:|1746104613\n|switch|p2a: Scream Tail|Scream Tail, L50|100/100\n|-activate|p2a: Scream Tail|ability: Protosynthesis\n|-start|p2a: Scream Tail|protosynthesisspe\n|move|p2b: Terapagos|Protect|p2b: Terapagos\n|-singleturn|p2b: Terapagos|Protect\n|move|p1b: Chi-Yu|Heat Wave|p2b: Terapagos|[spread] p2a\n|-activate|p2b: Terapagos|move: Protect\n|-damage|p2a: Scream Tail|49/100\n|move|p1a: Iron Hands|Heavy Slam|p2b: Terapagos\n|-activate|p2b: Terapagos|move: Protect\n|\n|-weather|SunnyDay|[upkeep]\n|-heal|p2a: Scream Tail|55/100|[from] Grassy Terrain\n|-heal|p1b: Chi-Yu|52/100|[from] Grassy Terrain\n|-heal|p1a: Iron Hands|82/100|[from] Grassy Terrain\n|upkeep\n|turn|5\n|inactive|teriyaki malarky has 30 seconds left.\n|\n|t:|1746104647\n|switch|p1b: Groudon|Groudon, L50|100/100\n|move|p2a: Scream Tail|Disable||[still]\n|-fail|p2a: Scream Tail\n|move|p2b: Terapagos|Tera Starstorm|p1a: Iron Hands\n|-damage|p1a: Iron Hands|51/100\n|move|p1a: Iron Hands|Heavy Slam|p2a: Scream Tail\n|-supereffective|p2a: Scream Tail\n|-damage|p2a: Scream Tail|0 fnt\n|faint|p2a: Scream Tail\n|-end|p2a: Scream Tail|Protosynthesis|[silent]\n|\n|-weather|none\n|-heal|p1a: Iron Hands|58/100|[from] Grassy Terrain\n|-fieldend|move: Grassy Terrain\n|upkeep\n|inactive|pokephil95 has 30 seconds left.\n|inactive|pokephil95 has 20 seconds left.\n|inactive|pokephil95 has 15 seconds left.\n|inactive|pokephil95 has 10 seconds left.\n|inactive|pokephil95 has 5 seconds left.\n|\n|t:|1746104699\n|switch|p2a: Rillaboom|Rillaboom, L50, M|47/100\n|-fieldstart|move: Grassy Terrain|[from] ability: Grassy Surge|[of] p2a: Rillaboom\n|turn|6\n|\n|t:|1746104723\n|-terastallize|p2b: Terapagos|Stellar\n|detailschange|p2b: Terapagos|Terapagos-Stellar, L50, M, tera:Stellar\n|-heal|p2b: Terapagos|100/100|[silent]\n|-ability|p2b: Terapagos|Teraform Zero\n|-fieldend|move: Grassy Terrain\n|move|p2a: Rillaboom|Fake Out|p1a: Iron Hands\n|-damage|p1a: Iron Hands|50/100\n|move|p1b: Groudon|Fire Punch|p2a: Rillaboom\n|-supereffective|p2a: Rillaboom\n|-damage|p2a: Rillaboom|0 fnt\n|faint|p2a: Rillaboom\n|move|p2b: Terapagos|Tera Starstorm|p1b: Groudon|[spread] p1a,p1b\n|-damage|p1a: Iron Hands|30/100\n|-damage|p1b: Groudon|64/100\n|cant|p1a: Iron Hands|flinch\n|\n|upkeep\n|turn|7\n|\n|t:|1746104744\n|move|p1b: Groudon|Precipice Blades|p2b: Terapagos\n|-damage|p2b: Terapagos|64/100\n|move|p2b: Terapagos|Tera Starstorm|p1b: Groudon|[spread] p1a,p1b\n|-crit|p1b: Groudon\n|-damage|p1a: Iron Hands|9/100\n|-damage|p1b: Groudon|17/100\n|move|p1a: Iron Hands|Low Kick|p2b: Terapagos\n|-supereffective|p2b: Terapagos\n|-damage|p2b: Terapagos|12/100\n|\n|-heal|p2b: Terapagos|18/100|[from] item: Leftovers\n|upkeep\n|turn|8\n|\n|t:|1746104763\n|-terastallize|p1b: Groudon|Fire\n|move|p1b: Groudon|Fire Punch|p2b: Terapagos\n|-damage|p2b: Terapagos|0 fnt\n|faint|p2b: Terapagos\n|\n|win|teriyaki malarky\n||teriyaki malarky is ready for game 3.\n||pokephil95 is ready for game 3.\n|uhtml|next|Next: <a href=\"/battle-gen9vgc2025regibo3-2354628786\"><strong>Game 3 of 3</strong></a>\n|l|\u2606pokephil95\n|player|p2|\n", "uploadtime": 1746105246, "views": 6, "formatid": "gen9vgc2025regibo3", "rating": null, "private": 0, "password": null}