{"id": "gen9vgc2025regibo3-2353992381", "format": "[Gen 9] VGC 2025 Reg I (Bo3)", "players": ["Pacca100", "elmono11"], "log": "|j|\u2606Pacca100\n|j|\u2606elmono11\n|html|<table width=\"100%\"><tr><td align=\"left\">Pacca100</td><td align=\"right\">elmono11</tr><tr><td align=\"left\"><i class=\"fa fa-circle\"></i> <i class=\"fa fa-circle-o\"></i> </td><td align=\"right\"><i class=\"fa fa-circle-o\"></i> <i class=\"fa fa-circle-o\"></i> </tr></table>\n|uhtml|bestof|<h2><strong>Game 2</strong> of <a href=\"/game-bestof3-gen9vgc2025regibo3-2353990144\">a best-of-3</a></h2>\n|t:|1746025659\n|gametype|doubles\n|player|p1|Pacca100|102|1162\n|player|p2|elmono11|102|1169\n|teamsize|p1|6\n|teamsize|p2|6\n|gen|9\n|tier|[Gen 9] VGC 2025 Reg I (Bo3)\n|rated|\n|rule|Species Clause: Limit one of each Pok\u00e9mon\n|rule|Item Clause: Limit 1 of each item\n|clearpoke\n|poke|p1|Kyogre, L50|\n|poke|p1|Necrozma-Dawn-Wings, L50|\n|poke|p1|Wo-Chien, L50|\n|poke|p1|Incineroar, L50, F|\n|poke|p1|Grimmsnarl, L50, M|\n|poke|p1|Beartic, L50, F|\n|poke|p2|Calyrex-Shadow, L50|\n|poke|p2|Zamazenta-*, L50|\n|poke|p2|Chien-Pao, L50|\n|poke|p2|Tornadus, L50, M|\n|poke|p2|Rillaboom, L50, F|\n|poke|p2|Urshifu-*, L50, M|\n|teampreview|4\n|showteam|p1|Kyogre||AssaultVest|Drizzle|WaterSpout,OriginPulse,Thunder,IceBeam||||||50|,,,,,Grass]Necrozma-Dawn-Wings||PowerHerb|PrismArmor|MoongeistBeam,PhotonGeyser,MeteorBeam,TrickRoom||||||50|,,,,,Water]Wo-Chien||Leftovers|TabletsofRuin|Ruination,LeechSeed,PollenPuff,Protect||||||50|,,,,,Poison]Incineroar||SafetyGoggles|Intimidate|FakeOut,PartingShot,WillOWisp,KnockOff|||F|||50|,,,,,Ghost]Grimmsnarl||LightClay|Prankster|SpiritBreak,Reflect,LightScreen,ThunderWave|||M|||50|,,,,,Grass]Beartic||FocusSash|SwiftSwim|IcicleCrash,IcyWind,Snarl,Encore|||F|||50|,,,,,Water\n|showteam|p2|Calyrex-Shadow||FocusSash|AsOneSpectrier|Psychic,AstralBarrage,Encore,Protect||||||50|,,,,,Ghost]Zamazenta-Crowned||RustedShield|DauntlessShield|behemothbash,BodyPress,WideGuard,Protect||||||50|,,,,,Ghost]Chien-Pao||LifeOrb|SwordofRuin|SuckerPunch,IcicleCrash,IceShard,Protect||||||50|,,,,,Stellar]Tornadus||RockyHelmet|Prankster|BleakwindStorm,Tailwind,RainDance,Taunt|||M|||50|,,,,,Dark]Rillaboom||AssaultVest|GrassySurge|GrassyGlide,WoodHammer,FakeOut,Uturn|||F|||50|,,,,,Fire]Urshifu-Rapid-Strike||MysticWater|UnseenFist|SurgingStrikes,AquaJet,Taunt,Detect|||M|||50|,,,,,Water\n|inactive|Battle timer is ON: inactive players will automatically lose when time's up. (requested by elmono11)\n|\n|t:|1746025678\n|start\n|switch|p1a: Kyogre|Kyogre, L50|100/100\n|switch|p1b: Beartic|Beartic, L50, F|100/100\n|switch|p2a: Zamazenta|Zamazenta-Crowned, L50|100/100\n|switch|p2b: Chien-Pao|Chien-Pao, L50|100/100\n|-ability|p2b: Chien-Pao|Sword of Ruin\n|-ability|p2a: Zamazenta|Dauntless Shield|boost\n|-boost|p2a: Zamazenta|def|1\n|-weather|RainDance|[from] ability: Drizzle|[of] p1a: Kyogre\n|turn|1\n|inactive|Pacca100 has 30 seconds left.\n|\n|t:|1746025707\n|move|p1b: Beartic|Icy Wind|p2a: Zamazenta|[spread] p2a,p2b\n|-resisted|p2a: Zamazenta\n|-resisted|p2b: Chien-Pao\n|-damage|p2a: Zamazenta|97/100\n|-damage|p2b: Chien-Pao|93/100\n|-unboost|p2a: Zamazenta|spe|1\n|-unboost|p2b: Chien-Pao|spe|1\n|move|p2b: Chien-Pao|Icicle Crash|p1b: Beartic\n|-resisted|p1b: Beartic\n|-damage|p1b: Beartic|57/100\n|-damage|p2b: Chien-Pao|83/100|[from] item: Life Orb\n|move|p2a: Zamazenta|Body Press|p1a: Kyogre\n|-damage|p1a: Kyogre|25/100\n|move|p1a: Kyogre|Thunder|p2b: Chien-Pao\n|-crit|p2b: Chien-Pao\n|-damage|p2b: Chien-Pao|0 fnt\n|faint|p2b: Chien-Pao\n|\n|-weather|RainDance|[upkeep]\n|upkeep\n|\n|t:|1746025723\n|switch|p2b: Rillaboom|Rillaboom, L50, F|100/100\n|-fieldstart|move: Grassy Terrain|[from] ability: Grassy Surge|[of] p2b: Rillaboom\n|turn|2\n|inactive|Pacca100 has 30 seconds left.\n|\n|t:|1746025753\n|switch|p1a: Mime Senior|Grimmsnarl, L50, M|100/100\n|move|p1b: Beartic|Icicle Crash|p2b: Rillaboom\n|-supereffective|p2b: Rillaboom\n|-damage|p2b: Rillaboom|16/100\n|move|p2a: Zamazenta|Body Press|p1b: Beartic\n|-supereffective|p1b: Beartic\n|-damage|p1b: Beartic|0 fnt\n|faint|p1b: Beartic\n|move|p2b: Rillaboom|Wood Hammer|p1a: Mime Senior\n|-damage|p1a: Mime Senior|22/100\n|-damage|p2b: Rillaboom|0 fnt|[from] Recoil\n|faint|p2b: Rillaboom\n|\n|-weather|RainDance|[upkeep]\n|-heal|p2a: Zamazenta|100/100|[from] Grassy Terrain\n|-heal|p1a: Mime Senior|28/100|[from] Grassy Terrain\n|upkeep\n|\n|t:|1746025772\n|switch|p1b: Necrozma|Necrozma-Dawn-Wings, L50|100/100\n|switch|p2b: Urshifu|Urshifu-Rapid-Strike, L50, M|100/100\n|turn|3\n|\n|t:|1746025795\n|-terastallize|p2b: Urshifu|Water\n|move|p1a: Mime Senior|Thunder Wave|p2b: Urshifu\n|-status|p2b: Urshifu|par\n|move|p2a: Zamazenta|Body Press|p1a: Mime Senior\n|-damage|p1a: Mime Senior|0 fnt\n|faint|p1a: Mime Senior\n|move|p1b: Necrozma|Photon Geyser|p2a: Zamazenta\n|-damage|p2a: Zamazenta|50/100\n|move|p2b: Urshifu|Surging Strikes|p1b: Necrozma\n|-crit|p1b: Necrozma\n|-damage|p1b: Necrozma|63/100\n|-crit|p1b: Necrozma\n|-damage|p1b: Necrozma|20/100\n|-crit|p1b: Necrozma\n|-damage|p1b: Necrozma|0 fnt\n|faint|p1b: Necrozma\n|-hitcount|p1: Necrozma|3\n|\n|-weather|RainDance|[upkeep]\n|-heal|p2a: Zamazenta|56/100|[from] Grassy Terrain\n|upkeep\n|\n|t:|1746025807\n|switch|p1b: Kyogre|Kyogre, L50|25/100\n|turn|4\n|\n|t:|1746025814\n|move|p2a: Zamazenta|Protect|p2a: Zamazenta\n|-singleturn|p2a: Zamazenta|Protect\n|move|p2b: Urshifu|Aqua Jet|p1b: Kyogre\n|-resisted|p1b: Kyogre\n|-damage|p1b: Kyogre|3/100\n|move|p1b: Kyogre|Origin Pulse|p2b: Urshifu|[spread] p2b\n|-activate|p2a: Zamazenta|move: Protect\n|-resisted|p2b: Urshifu\n|-damage|p2b: Urshifu|54/100 par\n|\n|-weather|RainDance|[upkeep]\n|-heal|p2a: Zamazenta|62/100|[from] Grassy Terrain\n|-heal|p1b: Kyogre|9/100|[from] Grassy Terrain\n|-heal|p2b: Urshifu|60/100 par|[from] Grassy Terrain\n|upkeep\n|turn|5\n|\n|t:|1746025822\n|cant|p2b: Urshifu|par\n|move|p2a: Zamazenta|Body Press|p1b: Kyogre\n|-damage|p1b: Kyogre|0 fnt\n|faint|p1b: Kyogre\n|\n|win|elmono11\n||elmono11 is ready for game 3.\n||Pacca100 is ready for game 3.\n|uhtml|next|Next: <a href=\"/battle-gen9vgc2025regibo3-2353994302\"><strong>Game 3 of 3</strong></a>\n|l|\u2606Pacca100\n|player|p1|\n", "uploadtime": 1746026133, "views": 6, "formatid": "gen9vgc2025regibo3", "rating": null, "private": 0, "password": null}