{"id": "gen9vgc2025regibo3-2355098837", "format": "[Gen 9] VGC 2025 Reg I (Bo3)", "players": ["mediocrememez", "Mirkovi"], "log": "|j|\u2606mediocrememez\n|j|\u2606Mirkovi\n|html|<table width=\"100%\"><tr><td align=\"left\">mediocrememez</td><td align=\"right\">Mirkovi</tr><tr><td align=\"left\"><i class=\"fa fa-circle-o\"></i> <i class=\"fa fa-circle-o\"></i> </td><td align=\"right\"><i class=\"fa fa-circle-o\"></i> <i class=\"fa fa-circle-o\"></i> </tr></table>\n|uhtml|bestof|<h2><strong>Game 1</strong> of <a href=\"/game-bestof3-gen9vgc2025regibo3-2355098834\">a best-of-3</a></h2>\n|t:|1746152308\n|gametype|doubles\n|player|p1|mediocrememez|dawn|1174\n|player|p2|Mirkovi|lucas|1092\n|teamsize|p1|6\n|teamsize|p2|6\n|gen|9\n|tier|[Gen 9] VGC 2025 Reg I (Bo3)\n|rated|\n|rule|Species Clause: Limit one of each Pok\u00e9mon\n|rule|Item Clause: Limit 1 of each item\n|clearpoke\n|poke|p1|Calyrex-Ice, L50|\n|poke|p1|Farigiraf, L50, M|\n|poke|p1|Incineroar, L50, M|\n|poke|p1|Miraidon, L50|\n|poke|p1|Ogerpon-Cornerstone, L50, F|\n|poke|p1|Urshifu-*, L50, F|\n|poke|p2|Zamazenta-*, L50|\n|poke|p2|Amoonguss, L50, M|\n|poke|p2|Chien-Pao, L50|\n|poke|p2|Urshifu-*, L50, F|\n|poke|p2|Tornadus, L50, M|\n|poke|p2|Kyogre, L50|\n|teampreview|4\n|showteam|p1|Calyrex-Ice||ClearAmulet|AsOneGlastrier|Protect,TrickRoom,GlacialLance,HighHorsepower||||||50|,,,,,Fire]Farigiraf||ThroatSpray|ArmorTail|TrickRoom,Psychic,HyperVoice,HelpingHand|||M|||50|,,,,,Fairy]Incineroar||SafetyGoggles|Intimidate|FakeOut,WillOWisp,KnockOff,PartingShot|||M|||50|,,,,,Ghost]Miraidon||AssaultVest|HadronEngine|VoltSwitch,DracoMeteor,ElectroDrift,DazzlingGleam||||||50|,,,,,Fairy]Ogerpon-Cornerstone||CornerstoneMask|Sturdy|FollowMe,SpikyShield,IvyCudgel,HornLeech|||F|||50|,,,,,Rock]Urshifu-Rapid-Strike||FocusSash|UnseenFist|Detect,SurgingStrikes,CloseCombat,AquaJet|||F|||50|,,,,,Fighting\n|showteam|p2|Zamazenta-Crowned||RustedShield|DauntlessShield|BodyPress,HeavySlam,WideGuard,Protect||||||50|,,,,,Dragon]Amoonguss||RockyHelmet|Regenerator|Spore,RagePowder,PollenPuff,Protect|||M|||50|,,,,,Water]Chien-Pao||FocusSash|SwordofRuin|IceSpinner,SuckerPunch,ThroatChop,Protect||||||50|,,,,,Ghost]Urshifu-Rapid-Strike||ChoiceScarf|UnseenFist|SurgingStrikes,CloseCombat,Uturn,RainDance|||F|||50|,,,,,Water]Tornadus||CovertCloak|Prankster|BleakwindStorm,Tailwind,Taunt,RainDance|||M|||50|,,,,,Steel]Kyogre||MysticWater|Drizzle|OriginPulse,IceBeam,WaterSpout,Protect||||||50|,,,,,Grass\n|inactive|Battle timer is ON: inactive players will automatically lose when time's up. (requested by mediocrememez)\n|inactive|Mirkovi has 60 seconds left.\n|inactive|Mirkovi has 30 seconds left.\n|inactive|Mirkovi has 20 seconds left.\n|\n|t:|1746152386\n|start\n|switch|p1a: Miraidon|Miraidon, L50|100/100\n|switch|p1b: Ogerpon|Ogerpon-Cornerstone, L50, F|100/100\n|switch|p2a: I Come With Mud|Tornadus, L50, M|100/100\n|switch|p2b: Show Me How|Zamazenta-Crowned, L50|100/100\n|-fieldstart|move: Electric Terrain|[from] ability: Hadron Engine|[of] p1a: Miraidon\n|-ability|p2b: Show Me How|Dauntless Shield|boost\n|-boost|p2b: Show Me How|def|1\n|turn|1\n|inactive|mediocrememez has 30 seconds left.\n|\n|t:|1746152417\n|-terastallize|p2b: Show Me How|Dragon\n|move|p1b: Ogerpon|Follow Me|p1b: Ogerpon\n|-singleturn|p1b: Ogerpon|move: Follow Me\n|move|p2a: I Come With Mud|Tailwind|p2a: I Come With Mud\n|-sidestart|p2: Mirkovi|move: Tailwind\n|move|p2b: Show Me How|Body Press|p1b: Ogerpon\n|-supereffective|p1b: Ogerpon\n|-ability|p1b: Ogerpon|Sturdy\n|-damage|p1b: Ogerpon|1/100\n|move|p1a: Miraidon|Volt Switch|p2b: Show Me How\n|-resisted|p2b: Show Me How\n|-damage|p2b: Show Me How|72/100\n|\n|t:|1746152432\n|switch|p1a: Calyrex|Calyrex-Ice, L50|100/100|[from] Volt Switch\n|-ability|p1a: Calyrex|As One\n|-ability|p1a: Calyrex|Unnerve\n|\n|upkeep\n|turn|2\n|\n|t:|1746152452\n|move|p1b: Ogerpon|Follow Me|p1b: Ogerpon\n|-singleturn|p1b: Ogerpon|move: Follow Me\n|move|p2a: I Come With Mud|Taunt|p1b: Ogerpon\n|-start|p1b: Ogerpon|move: Taunt\n|move|p2b: Show Me How|Body Press|p1b: Ogerpon\n|-supereffective|p1b: Ogerpon\n|-damage|p1b: Ogerpon|0 fnt\n|faint|p1b: Ogerpon\n|move|p1a: Calyrex|Trick Room|p1a: Calyrex\n|-fieldstart|move: Trick Room|[of] p1a: Calyrex\n|\n|upkeep\n|inactive|mediocrememez has 30 seconds left.\n|\n|t:|1746152479\n|switch|p1b: Incineroar|Incineroar, L50, M|100/100\n|-ability|p1b: Incineroar|Intimidate|boost\n|-unboost|p2a: I Come With Mud|atk|1\n|-unboost|p2b: Show Me How|atk|1\n|turn|3\n|\n|t:|1746152494\n|switch|p2a: Lauren|Urshifu-Rapid-Strike, L50, F|100/100\n|move|p2b: Show Me How|Protect|p2b: Show Me How\n|-singleturn|p2b: Show Me How|Protect\n|move|p1a: Calyrex|Glacial Lance|p2a: Lauren|[spread] p2a\n|-activate|p2b: Show Me How|move: Protect\n|-resisted|p2a: Lauren\n|-damage|p2a: Lauren|73/100\n|move|p1b: Incineroar|Will-O-Wisp|p2b: Show Me How\n|-activate|p2b: Show Me How|move: Protect\n|\n|upkeep\n|turn|4\n|inactive|mediocrememez has 30 seconds left.\n|\n|t:|1746152527\n|switch|p2b: Kyogre|Kyogre, L50|100/100\n|-weather|RainDance|[from] ability: Drizzle|[of] p2b: Kyogre\n|-terastallize|p1b: Incineroar|Ghost\n|move|p1a: Calyrex|Glacial Lance|p2a: Lauren|[spread] p2a,p2b\n|-resisted|p2a: Lauren\n|-resisted|p2b: Kyogre\n|-damage|p2a: Lauren|46/100\n|-damage|p2b: Kyogre|73/100\n|move|p1b: Incineroar|Will-O-Wisp|p2b: Kyogre\n|-status|p2b: Kyogre|brn\n|move|p2a: Lauren|Surging Strikes|p1a: Calyrex\n|-crit|p1a: Calyrex\n|-damage|p1a: Calyrex|81/100\n|-crit|p1a: Calyrex\n|-damage|p1a: Calyrex|62/100\n|-crit|p1a: Calyrex\n|-damage|p1a: Calyrex|43/100\n|-hitcount|p1a: Calyrex|3\n|\n|-weather|RainDance|[upkeep]\n|-damage|p2b: Kyogre|67/100 brn|[from] brn\n|-sideend|p2: Mirkovi|move: Tailwind\n|upkeep\n|turn|5\n|inactive|mediocrememez has 30 seconds left.\n|inactive|Mirkovi has 30 seconds left.\n|\n|t:|1746152561\n|move|p1a: Calyrex|High Horsepower|p2a: Lauren\n|-damage|p2a: Lauren|7/100\n|move|p1b: Incineroar|Parting Shot|p2a: Lauren\n|-unboost|p2a: Lauren|atk|1\n|-unboost|p2a: Lauren|spa|1\n|\n|t:|1746152567\n|switch|p1b: Miraidon|Miraidon, L50|100/100|[from] Parting Shot\n|-activate|p1b: Miraidon|ability: Hadron Engine\n|move|p2b: Kyogre|Water Spout|p1b: Miraidon|[spread] p1a,p1b\n|-resisted|p1b: Miraidon\n|-damage|p1a: Calyrex|0 fnt\n|-damage|p1b: Miraidon|74/100\n|faint|p1a: Calyrex\n|move|p2a: Lauren|Surging Strikes|p1b: Miraidon\n|-resisted|p1b: Miraidon\n|-crit|p1b: Miraidon\n|-damage|p1b: Miraidon|58/100\n|-resisted|p1b: Miraidon\n|-crit|p1b: Miraidon\n|-damage|p1b: Miraidon|41/100\n|-resisted|p1b: Miraidon\n|-crit|p1b: Miraidon\n|-damage|p1b: Miraidon|26/100\n|-hitcount|p1b: Miraidon|3\n|\n|-weather|RainDance|[upkeep]\n|-damage|p2b: Kyogre|61/100 brn|[from] brn\n|-fieldend|move: Electric Terrain\n|upkeep\n|-message|mediocrememez forfeited.\n|\n|win|Mirkovi\n||mediocrememez is ready for game 2.\n||Mirkovi is ready for game 2.\n|uhtml|next|Next: <a href=\"/battle-gen9vgc2025regibo3-2355101029\"><strong>Game 2 of 3</strong></a>\n|l|\u2606mediocrememez\n|player|p1|\n", "uploadtime": 1746152926, "views": 4, "formatid": "gen9vgc2025regibo3", "rating": null, "private": 0, "password": null}