{"id": "gen9vgc2025regibo3-2354358098", "format": "[Gen 9] VGC 2025 Reg I (Bo3)", "players": ["fifthtimesthecharm", "BraneFX"], "log": "|j|\u2606fifthtimesthecharm\n|j|\u2606BraneFX\n|html|<table width=\"100%\"><tr><td align=\"left\">fifthtimesthecharm</td><td align=\"right\">BraneFX</tr><tr><td align=\"left\"><i class=\"fa fa-circle\"></i> <i class=\"fa fa-circle-o\"></i> </td><td align=\"right\"><i class=\"fa fa-circle-o\"></i> <i class=\"fa fa-circle\"></i> </tr></table>\n|uhtml|bestof|<h2><strong>Game 3</strong> of <a href=\"/game-bestof3-gen9vgc2025regibo3-2354355179\">a best-of-3</a></h2>\n|t:|1746061530\n|gametype|doubles\n|player|p1|fifthtimesthecharm|caitlin-masters|1275\n|player|p2|BraneFX|blackbelt-gen4dp|1313\n|teamsize|p1|6\n|teamsize|p2|6\n|gen|9\n|tier|[Gen 9] VGC 2025 Reg I (Bo3)\n|rated|\n|rule|Species Clause: Limit one of each Pok\u00e9mon\n|rule|Item Clause: Limit 1 of each item\n|clearpoke\n|poke|p1|Tornadus, L50, M|\n|poke|p1|Calyrex-Shadow, L50|\n|poke|p1|Miraidon, L50|\n|poke|p1|Urshifu-*, L50, M|\n|poke|p1|Iron Hands, L50|\n|poke|p1|Grimmsnarl, L50, M|\n|poke|p2|Koraidon, L50|\n|poke|p2|Calyrex-Shadow, L50|\n|poke|p2|Chi-Yu, L50|\n|poke|p2|Indeedee-F, L50, F|\n|poke|p2|Whimsicott, L50, M|\n|poke|p2|Brute Bonnet, L50|\n|teampreview|4\n|showteam|p1|Tornadus||CovertCloak|Prankster|Tailwind,BleakwindStorm,Taunt,RainDance|||M|||50|,,,,,Dark]Calyrex-Shadow||FocusSash|AsOneSpectrier|Psyshock,AstralBarrage,Protect,NastyPlot||||||50|,,,,,Dark]Miraidon||ChoiceSpecs|HadronEngine|DazzlingGleam,VoltSwitch,ElectroDrift,DracoMeteor||||||50|,,,,,Fairy]Urshifu-Rapid-Strike||MysticWater|UnseenFist|Detect,SurgingStrikes,CloseCombat,AquaJet|||M|||50|,,,,,Water]Iron Hands||AssaultVest|QuarkDrive|FakeOut,WildCharge,LowKick,DrainPunch||||||50|,,,,,Water]Grimmsnarl||LightClay|Prankster|LightScreen,Reflect,ThunderWave,FoulPlay|||M|||50|,,,,,Ghost\n|showteam|p2|Koraidon||ClearAmulet|OrichalcumPulse|CollisionCourse,FlareBlitz,FlameCharge,Protect||||||50|,,,,,Fire]Calyrex-Shadow||FocusSash|AsOneSpectrier|AstralBarrage,ExpandingForce,Disable,Protect||||||50|,,,,,Ghost]Chi-Yu||ChoiceScarf|BeadsofRuin|HeatWave,Overheat,DarkPulse,Snarl||||||50|,,,,,Fire]Indeedee-F||PsychicSeed|PsychicSurge|Psychic,FollowMe,HelpingHand,TrickRoom|||F|||50|,,,,,Dragon]Whimsicott||CovertCloak|Prankster|Moonblast,Tailwind,SunnyDay,Encore|||M|||50|,,,,,Dark]Brute Bonnet||RockyHelmet|Protosynthesis|SuckerPunch,SeedBomb,RagePowder,Spore||||||50|,,,,,Water\n|inactive|Battle timer is ON: inactive players will automatically lose when time's up. (requested by BraneFX)\n|inactive|fifthtimesthecharm also wants the timer to be on.\n|inactive|fifthtimesthecharm has 60 seconds left.\n|\n|t:|1746061585\n|start\n|switch|p1a: chopped chin|Grimmsnarl, L50, M|100/100\n|switch|p1b: mello|Tornadus, L50, M|100/100\n|switch|p2a: Koraidon|Koraidon, L50|100/100\n|switch|p2b: Chi-Yu|Chi-Yu, L50|100/100\n|-ability|p2b: Chi-Yu|Beads of Ruin\n|-weather|SunnyDay|[from] ability: Orichalcum Pulse|[of] p2a: Koraidon\n|-activate|p2a: Koraidon|Orichalcum Pulse|[source]\n|turn|1\n|inactive|BraneFX has 30 seconds left.\n|\n|t:|1746061614\n|-terastallize|p2a: Koraidon|Fire\n|move|p1b: mello|Rain Dance|p1b: mello\n|-weather|RainDance\n|move|p1a: chopped chin|Light Screen|p1a: chopped chin\n|-sidestart|p1: fifthtimesthecharm|move: Light Screen\n|move|p2b: Chi-Yu|Dark Pulse|p1b: mello\n|-damage|p1b: mello|52/100\n|move|p2a: Koraidon|Flare Blitz|p1b: mello\n|-damage|p1b: mello|14/100\n|-damage|p2a: Koraidon|87/100|[from] Recoil\n|\n|-weather|RainDance|[upkeep]\n|upkeep\n|turn|2\n|\n|t:|1746061634\n|move|p2a: Koraidon|Protect|p2a: Koraidon\n|-singleturn|p2a: Koraidon|Protect\n|move|p1b: mello|Tailwind|p1b: mello\n|-sidestart|p1: fifthtimesthecharm|move: Tailwind\n|move|p1a: chopped chin|Reflect|p1a: chopped chin\n|-sidestart|p1: fifthtimesthecharm|Reflect\n|move|p2b: Chi-Yu|Dark Pulse|p1b: mello\n|-damage|p1b: mello|0 fnt\n|faint|p1b: mello\n|\n|-weather|RainDance|[upkeep]\n|upkeep\n|\n|t:|1746061644\n|switch|p1b: CyclistFault|Miraidon, L50|100/100\n|-fieldstart|move: Electric Terrain|[from] ability: Hadron Engine|[of] p1b: CyclistFault\n|turn|3\n|\n|t:|1746061660\n|switch|p2a: Indeedee|Indeedee-F, L50, F|100/100\n|-fieldstart|move: Psychic Terrain|[from] ability: Psychic Surge|[of] p2a: Indeedee\n|-enditem|p2a: Indeedee|Psychic Seed\n|-boost|p2a: Indeedee|spd|1|[from] item: Psychic Seed\n|move|p1b: CyclistFault|Volt Switch|p2b: Chi-Yu\n|-damage|p2b: Chi-Yu|29/100\n|\n|t:|1746061667\n|switch|p1b: yo gurt|Calyrex-Shadow, L50|100/100|[from] Volt Switch\n|-ability|p1b: yo gurt|As One\n|-ability|p1b: yo gurt|Unnerve\n|move|p2b: Chi-Yu|Dark Pulse|p1b: yo gurt\n|-supereffective|p1b: yo gurt\n|-enditem|p1b: yo gurt|Focus Sash\n|-damage|p1b: yo gurt|1/100\n|move|p1a: chopped chin|Foul Play|p2a: Indeedee\n|-supereffective|p2a: Indeedee\n|-damage|p2a: Indeedee|70/100\n|\n|-weather|RainDance|[upkeep]\n|upkeep\n|turn|4\n|\n|t:|1746061683\n|switch|p1b: CyclistFault|Miraidon, L50|100/100\n|-fieldstart|move: Electric Terrain|[from] ability: Hadron Engine|[of] p1b: CyclistFault\n|move|p2b: Chi-Yu|Dark Pulse|p1a: chopped chin\n|-resisted|p1a: chopped chin\n|-crit|p1a: chopped chin\n|-damage|p1a: chopped chin|77/100\n|cant|p1a: chopped chin|flinch\n|move|p2a: Indeedee|Psychic|p1b: CyclistFault\n|-damage|p1b: CyclistFault|78/100\n|\n|-weather|RainDance|[upkeep]\n|upkeep\n|turn|5\n|\n|t:|1746061703\n|-terastallize|p1b: CyclistFault|Fairy\n|move|p1b: CyclistFault|Dazzling Gleam|p2a: Indeedee|[spread] p2a,p2b\n|-damage|p2a: Indeedee|15/100\n|-damage|p2b: Chi-Yu|0 fnt\n|faint|p2b: Chi-Yu\n|move|p1a: chopped chin|Foul Play|p2a: Indeedee\n|-supereffective|p2a: Indeedee\n|-damage|p2a: Indeedee|0 fnt\n|faint|p2a: Indeedee\n|\n|-weather|none\n|-sideend|p1: fifthtimesthecharm|move: Tailwind\n|upkeep\n|\n|t:|1746061707\n|switch|p2b: Calyrex|Calyrex-Shadow, L50|100/100\n|switch|p2a: Koraidon|Koraidon, L50, tera:Fire|87/100\n|-ability|p2b: Calyrex|As One\n|-ability|p2b: Calyrex|Unnerve\n|-weather|SunnyDay|[from] ability: Orichalcum Pulse|[of] p2a: Koraidon\n|-activate|p2a: Koraidon|Orichalcum Pulse|[source]\n|turn|6\n|\n|t:|1746061728\n|move|p2a: Koraidon|Protect|p2a: Koraidon\n|-singleturn|p2a: Koraidon|Protect\n|move|p1a: chopped chin|Thunder Wave|p2b: Calyrex\n|-status|p2b: Calyrex|par\n|move|p1b: CyclistFault|Dazzling Gleam|p2b: Calyrex|[spread] p2b\n|-activate|p2a: Koraidon|move: Protect\n|-damage|p2b: Calyrex|25/100 par\n|move|p2b: Calyrex|Disable|p1a: chopped chin\n|-start|p1a: chopped chin|Disable|Thunder Wave\n|\n|-weather|SunnyDay|[upkeep]\n|upkeep\n|turn|7\n|\n|t:|1746061743\n|move|p2b: Calyrex|Protect|p2b: Calyrex\n|-singleturn|p2b: Calyrex|Protect\n|move|p2a: Koraidon|Flame Charge|p1b: CyclistFault\n|-damage|p1b: CyclistFault|36/100\n|-boost|p2a: Koraidon|spe|1\n|move|p1b: CyclistFault|Dazzling Gleam|p2a: Koraidon|[spread] p2a\n|-activate|p2b: Calyrex|move: Protect\n|-resisted|p2a: Koraidon\n|-damage|p2a: Koraidon|53/100\n|move|p1a: chopped chin|Foul Play|p2a: Koraidon\n|-damage|p2a: Koraidon|7/100\n|\n|-weather|SunnyDay|[upkeep]\n|upkeep\n|turn|8\n|\n|t:|1746061765\n|move|p2a: Koraidon|Flame Charge|p1b: CyclistFault\n|-damage|p1b: CyclistFault|0 fnt\n|-boost|p2a: Koraidon|spe|1\n|faint|p1b: CyclistFault\n|move|p2b: Calyrex|Astral Barrage|p1a: chopped chin\n|-resisted|p1a: chopped chin\n|-damage|p1a: chopped chin|55/100\n|move|p1a: chopped chin|Foul Play|p2a: Koraidon\n|-damage|p2a: Koraidon|0 fnt\n|faint|p2a: Koraidon\n|\n|-weather|SunnyDay|[upkeep]\n|-sideend|p1: fifthtimesthecharm|move: Light Screen\n|-fieldend|move: Electric Terrain\n|upkeep\n|\n|t:|1746061771\n|switch|p1b: yo gurt|Calyrex-Shadow, L50|1/100\n|-ability|p1b: yo gurt|As One\n|-ability|p1b: yo gurt|Unnerve\n|turn|9\n|\n|t:|1746061775\n|cant|p2b: Calyrex|par\n|move|p1b: yo gurt|Astral Barrage|p2b: Calyrex\n|-supereffective|p2b: Calyrex\n|-damage|p2b: Calyrex|0 fnt\n|faint|p2b: Calyrex\n|\n|win|fifthtimesthecharm\n|raw|fifthtimesthecharm's rating: 1275 &rarr; <strong>1303</strong><br />(+28 for winning)\n|raw|BraneFX's rating: 1313 &rarr; <strong>1291</strong><br />(-22 for losing)\n|l|\u2606BraneFX\n|player|p2|\n", "uploadtime": 1746061914, "views": 9, "formatid": "gen9vgc2025regibo3", "rating": 1291, "private": 0, "password": null}