{"id": "gen9vgc2025regibo3-2354450154", "format": "[Gen 9] VGC 2025 Reg I (Bo3)", "players": ["elunex", "Twiz94"], "log": "|j|\u2606elunex\n|j|\u2606Twiz94\n|html|<table width=\"100%\"><tr><td align=\"left\">elunex</td><td align=\"right\">Twiz94</tr><tr><td align=\"left\"><i class=\"fa fa-circle\"></i> <i class=\"fa fa-circle-o\"></i> </td><td align=\"right\"><i class=\"fa fa-circle-o\"></i> <i class=\"fa fa-circle-o\"></i> </tr></table>\n|uhtml|bestof|<h2><strong>Game 2</strong> of <a href=\"/game-bestof3-gen9vgc2025regibo3-2354447507\">a best-of-3</a></h2>\n|t:|1746073406\n|gametype|doubles\n|player|p1|elunex|169|1204\n|player|p2|Twiz94|2|1114\n|teamsize|p1|6\n|teamsize|p2|6\n|gen|9\n|tier|[Gen 9] VGC 2025 Reg I (Bo3)\n|rated|\n|rule|Species Clause: Limit one of each Pok\u00e9mon\n|rule|Item Clause: Limit 1 of each item\n|clearpoke\n|poke|p1|Zacian-*, L50|\n|poke|p1|Kyogre, L50|\n|poke|p1|Tornadus, L50, M|\n|poke|p1|Farigiraf, L50, M|\n|poke|p1|Weezing, L50, M|\n|poke|p1|Rillaboom, L50, M|\n|poke|p2|Lunala, L50|\n|poke|p2|Ho-Oh, L50|\n|poke|p2|Flutter Mane, L50|\n|poke|p2|Smeargle, L50, M|\n|poke|p2|Grimmsnarl, L50, M|\n|poke|p2|Indeedee-F, L50, F|\n|teampreview|4\n|showteam|p1|Zacian-Crowned||RustedSword|IntrepidSword|behemothblade,PlayRough,SacredSword,Protect||||||50|,,,,,Fairy]Kyogre||ChoiceScarf|Drizzle|TeraBlast,WaterSpout,OriginPulse,IceBeam||||||50|,,,,,Water]Tornadus||CovertCloak|Prankster|BleakwindStorm,Taunt,RainDance,Tailwind|||M|||50|,,,,,Dark]Farigiraf||AguavBerry|ArmorTail|FoulPlay,HelpingHand,Imprison,TrickRoom|||M|||50|,,,,,Ground]Weezing||SitrusBerry|NeutralizingGas|GunkShot,Taunt,WillOWisp,Protect|||M|||50|,,,,,Dark]Rillaboom||AssaultVest|GrassySurge|WoodHammer,GrassyGlide,HighHorsepower,FakeOut|||M|||50|,,,,,Steel\n|showteam|p2|Lunala||PowerHerb|ShadowShield|WideGuard,MeteorBeam,MoongeistBeam,ExpandingForce||||||50|,,,,,Water]Ho-Oh||CovertCloak|Regenerator|Tailwind,SacredFire,BraveBird,LifeDew||||||50|,,,,,Grass]Flutter Mane||BoosterEnergy|Protosynthesis|Taunt,ThunderWave,Moonblast,IcyWind||||||50|,,,,,Normal]Smeargle||FocusSash|OwnTempo|FakeOut,FollowMe,Spore,Decorate|||M|||50|,,,,,Grass]Grimmsnarl||LightClay|Prankster|Reflect,LightScreen,FoulPlay,SpiritBreak|||M|||50|,,,,,Ghost]Indeedee-F||PsychicSeed|PsychicSurge|HelpingHand,FollowMe,TrickRoom,Psychic|||F|||50|,,,,,Water\n|inactive|Battle timer is ON: inactive players will automatically lose when time's up. (requested by elunex)\n|\n|t:|1746073427\n|start\n|switch|p1a: Kyogre|Kyogre, L50|100/100\n|switch|p1b: Zacian|Zacian-Crowned, L50|100/100\n|switch|p2a: Smeargle|Smeargle, L50, M, shiny|100/100\n|switch|p2b: Ho-Oh|Ho-Oh, L50, shiny|100/100\n|-weather|RainDance|[from] ability: Drizzle|[of] p1a: Kyogre\n|-ability|p1b: Zacian|Intrepid Sword|boost\n|-boost|p1b: Zacian|atk|1\n|turn|1\n|inactive|Twiz94 has 30 seconds left.\n|\n|t:|1746073456\n|switch|p2a: Indeedee|Indeedee-F, L50, F, shiny|100/100\n|-fieldstart|move: Psychic Terrain|[from] ability: Psychic Surge|[of] p2a: Indeedee\n|-enditem|p2a: Indeedee|Psychic Seed\n|-boost|p2a: Indeedee|spd|1|[from] item: Psychic Seed\n|-terastallize|p2b: Ho-Oh|Grass\n|move|p1a: Kyogre|Water Spout|p2a: Indeedee|[spread] p2a,p2b\n|-resisted|p2b: Ho-Oh\n|-crit|p2b: Ho-Oh\n|-damage|p2a: Indeedee|39/100\n|-damage|p2b: Ho-Oh|61/100\n|move|p1b: Zacian|Behemoth Blade|p2a: Indeedee\n|-damage|p2a: Indeedee|0 fnt\n|faint|p2a: Indeedee\n|move|p2b: Ho-Oh|Tailwind|p2b: Ho-Oh\n|-sidestart|p2: Twiz94|move: Tailwind\n|\n|-weather|RainDance|[upkeep]\n|upkeep\n|\n|t:|1746073478\n|switch|p2a: Lunala|Lunala, L50, shiny|100/100\n|turn|2\n|inactive|Twiz94 has 30 seconds left.\n|inactive|Twiz94 has 20 seconds left.\n|\n|t:|1746073516\n|switch|p1a: Weezing|Weezing, L50, M|100/100\n|-ability|p1a: Weezing|Neutralizing Gas\n|move|p1b: Zacian|Protect|p1b: Zacian\n|-singleturn|p1b: Zacian|Protect\n|move|p2b: Ho-Oh|Life Dew||[still]|[spread] p2a,p2b\n|-fail|p2a: Lunala|heal\n|-heal|p2b: Ho-Oh|85/100\n|move|p2a: Lunala|Meteor Beam||[still]\n|-prepare|p2a: Lunala|Meteor Beam\n|-boost|p2a: Lunala|spa|1\n|-enditem|p2a: Lunala|Power Herb\n|-anim|p2a: Lunala|Meteor Beam|p1a: Weezing\n|-damage|p1a: Weezing|31/100\n|-enditem|p1a: Weezing|Sitrus Berry|[eat]\n|-heal|p1a: Weezing|56/100|[from] item: Sitrus Berry\n|\n|-weather|RainDance|[upkeep]\n|upkeep\n|turn|3\n|inactive|elunex has 30 seconds left.\n|inactive|Twiz94 has 30 seconds left.\n|inactive|Twiz94 has 20 seconds left.\n|\n|t:|1746073552\n|move|p2b: Ho-Oh|Sacred Fire|p1b: Zacian\n|-supereffective|p1b: Zacian\n|-damage|p1b: Zacian|59/100\n|move|p2a: Lunala|Moongeist Beam|p1a: Weezing\n|-damage|p1a: Weezing|0 fnt\n|faint|p1a: Weezing\n|-end|p1a: Weezing|ability: Neutralizing Gas\n|move|p1b: Zacian|Play Rough|p2b: Ho-Oh\n|-damage|p2b: Ho-Oh|22/100\n|\n|-weather|RainDance|[upkeep]\n|upkeep\n|\n|t:|1746073563\n|switch|p1a: Rillaboom|Rillaboom, L50, M|100/100\n|-fieldstart|move: Grassy Terrain|[from] ability: Grassy Surge|[of] p1a: Rillaboom\n|turn|4\n|inactive|Twiz94 has 30 seconds left.\n|\n|t:|1746073592\n|move|p1a: Rillaboom|Fake Out|p2b: Ho-Oh\n|-damage|p2b: Ho-Oh|11/100\n|move|p2b: Ho-Oh|Life Dew||[still]|[spread] p2a,p2b\n|-fail|p2a: Lunala|heal\n|-heal|p2b: Ho-Oh|36/100\n|move|p2a: Lunala|Meteor Beam||[still]\n|-prepare|p2a: Lunala|Meteor Beam\n|-boost|p2a: Lunala|spa|1\n|move|p1b: Zacian|Sacred Sword|p2b: Ho-Oh\n|-damage|p2b: Ho-Oh|0 fnt\n|faint|p2b: Ho-Oh\n|\n|-weather|RainDance|[upkeep]\n|-heal|p1b: Zacian|65/100|[from] Grassy Terrain\n|-sideend|p2: Twiz94|move: Tailwind\n|upkeep\n|\n|t:|1746073607\n|switch|p2b: Smeargle|Smeargle, L50, M, shiny|100/100\n|turn|5\n|inactive|elunex has 30 seconds left.\n|\n|t:|1746073639\n|-terastallize|p1a: Rillaboom|Steel\n|move|p2b: Smeargle|Fake Out|p1a: Rillaboom\n|-resisted|p1a: Rillaboom\n|-damage|p1a: Rillaboom|98/100\n|cant|p1a: Rillaboom|flinch\n|move|p1b: Zacian|Sacred Sword|p2b: Smeargle\n|-supereffective|p2b: Smeargle\n|-enditem|p2b: Smeargle|Focus Sash\n|-damage|p2b: Smeargle|1/100\n|move|p2a: Lunala|Meteor Beam|p1a: Rillaboom|[from] lockedmove\n|-resisted|p1a: Rillaboom\n|-damage|p1a: Rillaboom|70/100\n|\n|-weather|none\n|-heal|p1b: Zacian|71/100|[from] Grassy Terrain\n|-heal|p2b: Smeargle|7/100|[from] Grassy Terrain\n|-heal|p1a: Rillaboom|75/100|[from] Grassy Terrain\n|upkeep\n|turn|6\n|inactive|Twiz94 has 30 seconds left.\n|\n|t:|1746073670\n|move|p1a: Rillaboom|Grassy Glide|p2b: Smeargle\n|-damage|p2b: Smeargle|0 fnt\n|faint|p2b: Smeargle\n|move|p1b: Zacian|Behemoth Blade|p2a: Lunala\n|-damage|p2a: Lunala|65/100\n|move|p2a: Lunala|Moongeist Beam|p1b: Zacian\n|-damage|p1b: Zacian|0 fnt\n|faint|p1b: Zacian\n|\n|-heal|p2a: Lunala|71/100|[from] Grassy Terrain\n|-heal|p1a: Rillaboom|81/100|[from] Grassy Terrain\n|upkeep\n|\n|t:|1746073680\n|switch|p1b: Kyogre|Kyogre, L50|100/100\n|-weather|RainDance|[from] ability: Drizzle|[of] p1b: Kyogre\n|turn|7\n|inactive|Twiz94 has 30 seconds left.\n|\n|t:|1746073708\n|move|p1b: Kyogre|Water Spout|p2a: Lunala\n|-damage|p2a: Lunala|0 fnt\n|faint|p2a: Lunala\n|\n|win|elunex\n|raw|elunex's rating: 1204 &rarr; <strong>1223</strong><br />(+19 for winning)\n|raw|Twiz94's rating: 1114 &rarr; <strong>1095</strong><br />(-19 for losing)\n|l|\u2606Twiz94\n|player|p2|\n|l|\u2606elunex\n|player|p1|\n", "uploadtime": 1746074106, "views": 7, "formatid": "gen9vgc2025regibo3", "rating": 1095, "private": 0, "password": null}