{"id": "gen9vgc2025regibo3-2353755602", "format": "[Gen 9] VGC 2025 Reg I (Bo3)", "players": ["blueishman", "Deadlyshirts"], "log": "|j|\u2606blueishman\n|j|\u2606Deadlyshirts\n|html|<table width=\"100%\"><tr><td align=\"left\">blueishman</td><td align=\"right\">Deadlyshirts</tr><tr><td align=\"left\"><i class=\"fa fa-circle-o\"></i> <i class=\"fa fa-circle-o\"></i> </td><td align=\"right\"><i class=\"fa fa-circle-o\"></i> <i class=\"fa fa-circle-o\"></i> </tr></table>\n|uhtml|bestof|<h2><strong>Game 1</strong> of <a href=\"/game-bestof3-gen9vgc2025regibo3-2353755601\">a best-of-3</a></h2>\n|t:|1745994545\n|gametype|doubles\n|player|p1|blueishman|wattson|\n|player|p2|Deadlyshirts|2|\n|teamsize|p1|6\n|teamsize|p2|5\n|gen|9\n|tier|[Gen 9] VGC 2025 Reg I (Bo3)\n|rule|Species Clause: Limit one of each Pok\u00e9mon\n|rule|Item Clause: Limit 1 of each item\n|clearpoke\n|poke|p1|Cresselia, L50, F|\n|poke|p1|Calyrex-Ice, L50|\n|poke|p1|Incineroar, L50, M|\n|poke|p1|Rillaboom, L50, F|\n|poke|p1|Abomasnow, L50, M|\n|poke|p1|Glaceon, L50, M|\n|poke|p2|Kyogre, L50|\n|poke|p2|Barraskewda, L50, F|\n|poke|p2|Ludicolo, L50, F|\n|poke|p2|Drednaw, L50, F|\n|poke|p2|Pelipper, L50, F|\n|teampreview|4\n|showteam|p1|Cresselia||Leftovers|Levitate|SkillSwap,TrickRoom,LunarBlessing,HelpingHand|||F|||50|,,,,,Water]Calyrex-Ice||ChoiceBand|AsOneGlastrier|CloseCombat,HeavySlam,GlacialLance,ThroatChop||||||50|,,,,,Ice]Incineroar||SitrusBerry|Intimidate|FakeOut,PartingShot,FlareBlitz,KnockOff|||M|||50|,,,,,Ghost]Rillaboom||AssaultVest|GrassySurge|FakeOut,Uturn,GrassyGlide,DrumBeating|||F|||50|,,,,,Dark]Abomasnow||ChoiceSpecs|SnowWarning|Blizzard,LeafStorm,IceShard,IcicleSpear|||M|||50|,,,,,Ice]Glaceon||CovertCloak|SnowCloak|CalmMind,Protect,Blizzard,FreezeDry|||M|||50|,,,,,Ice\n|showteam|p2|Kyogre||ChoiceSpecs|Drizzle|OriginPulse,MuddyWater,WaterSpout,Thunderbolt||||||50|,,,,,Stellar]Barraskewda||LifeOrb|PropellerTail|AquaJet,FlipTurn,PoisonJab,Crunch|||F|||50|,,,,,Ghost]Ludicolo||FocusSash|SwiftSwim|FakeOut,DrainPunch,TeraBlast,SwordsDance|||F|||50|,,,,,Water]Drednaw||ExpertBelt|SwiftSwim|ShellSmash,Waterfall,JawLock,Liquidation|||F|||50|,,,,,Water]Pelipper||EjectPack|Drizzle|HelpingHand,Protect,Tailwind,Hurricane|||F|||50|,,,,,Water\n|\n|t:|1745994559\n|start\n|switch|p1a: Cresselia|Cresselia, L50, F, shiny|100/100\n|switch|p1b: Incineroar|Incineroar, L50, M|100/100\n|switch|p2a: Ludicolo|Ludicolo, L50, F, shiny|100/100\n|switch|p2b: Pelipper|Pelipper, L50, F|100/100\n|-weather|RainDance|[from] ability: Drizzle|[of] p2b: Pelipper\n|-ability|p1b: Incineroar|Intimidate|boost\n|-unboost|p2a: Ludicolo|atk|1\n|-unboost|p2b: Pelipper|atk|1\n|-enditem|p2b: Pelipper|Eject Pack\n|\n|t:|1745994566\n|switch|p2b: Drednaw|Drednaw, L50, F|100/100\n|turn|1\n|inactive|Battle timer is ON: inactive players will automatically lose when time's up. (requested by Deadlyshirts)\n|\n|t:|1745994618\n|-terastallize|p1b: Incineroar|Ghost\n|move|p2a: Ludicolo|Fake Out|p1b: Incineroar\n|-immune|p1b: Incineroar\n|move|p1b: Incineroar|Fake Out|p2b: Drednaw\n|-resisted|p2b: Drednaw\n|-damage|p2b: Drednaw|93/100\n|cant|p2b: Drednaw|flinch\n|move|p1a: Cresselia|Skill Swap|p2b: Drednaw\n|-activate|p1a: Cresselia|move: Skill Swap|Swift Swim|Levitate|[of] p2b: Drednaw\n|\n|-weather|RainDance|[upkeep]\n|upkeep\n|turn|2\n|inactive|blueishman has 30 seconds left.\n|\n|t:|1745994650\n|switch|p2b: Pelipper|Pelipper, L50, F|100/100\n|move|p1a: Cresselia|Helping Hand|p1b: Incineroar\n|-singleturn|p1b: Incineroar|Helping Hand|[of] p1a: Cresselia\n|move|p2a: Ludicolo|Swords Dance|p2a: Ludicolo\n|-boost|p2a: Ludicolo|atk|2\n|move|p1b: Incineroar|Knock Off|p2a: Ludicolo\n|-enditem|p2a: Ludicolo|Focus Sash\n|-damage|p2a: Ludicolo|1/100\n|\n|-weather|RainDance|[upkeep]\n|upkeep\n|turn|3\n|inactive|Deadlyshirts has 30 seconds left.\n|\n|t:|1745994678\n|-terastallize|p2a: Ludicolo|Water\n|move|p2b: Pelipper|Helping Hand|p2a: Ludicolo\n|-singleturn|p2a: Ludicolo|Helping Hand|[of] p2b: Pelipper\n|move|p2a: Ludicolo|Tera Blast|p1b: Incineroar|[anim] Tera Blast Water\n|-damage|p1b: Incineroar|0 fnt\n|faint|p1b: Incineroar\n|move|p1a: Cresselia|Trick Room|p1a: Cresselia\n|-fieldstart|move: Trick Room|[of] p1a: Cresselia\n|\n|-weather|RainDance|[upkeep]\n|upkeep\n|\n|t:|1745994689\n|switch|p1b: Glaceon|Glaceon, L50, M|100/100\n|turn|4\n|\n|t:|1745994707\n|switch|p1a: Abomasnow|Abomasnow, L50, M, shiny|100/100\n|-weather|Snowscape|[from] ability: Snow Warning|[of] p1a: Abomasnow\n|move|p1b: Glaceon|Blizzard|p2a: Ludicolo|[spread] p2a,p2b\n|-resisted|p2a: Ludicolo\n|-damage|p2a: Ludicolo|0 fnt\n|-damage|p2b: Pelipper|28/100\n|faint|p2a: Ludicolo\n|move|p2b: Pelipper|Hurricane|p1b: Glaceon|[miss]\n|-miss|p2b: Pelipper|p1b: Glaceon\n|\n|-weather|Snowscape|[upkeep]\n|upkeep\n|\n|t:|1745994714\n|switch|p2a: Drednaw|Drednaw, L50, F|93/100\n|turn|5\n|\n|t:|1745994732\n|switch|p2b: Kyogre|Kyogre, L50|100/100\n|-weather|RainDance|[from] ability: Drizzle|[of] p2b: Kyogre\n|move|p1a: Abomasnow|Blizzard|p2a: Drednaw|[spread] p2a\n|-miss|p1a: Abomasnow|p2b: Kyogre\n|-resisted|p2a: Drednaw\n|-damage|p2a: Drednaw|50/100\n|move|p1b: Glaceon|Blizzard|p2a: Drednaw|[spread] p2a\n|-miss|p1b: Glaceon|p2b: Kyogre\n|-resisted|p2a: Drednaw\n|-damage|p2a: Drednaw|16/100\n|move|p2a: Drednaw|Shell Smash|p2a: Drednaw\n|-unboost|p2a: Drednaw|def|1\n|-unboost|p2a: Drednaw|spd|1\n|-boost|p2a: Drednaw|atk|2\n|-boost|p2a: Drednaw|spa|2\n|-boost|p2a: Drednaw|spe|2\n|\n|-weather|RainDance|[upkeep]\n|upkeep\n|turn|6\n|\n|t:|1745994747\n|move|p1a: Abomasnow|Blizzard|p2a: Drednaw|[spread] p2a,p2b\n|-resisted|p2a: Drednaw\n|-resisted|p2b: Kyogre\n|-damage|p2a: Drednaw|0 fnt\n|-damage|p2b: Kyogre|80/100\n|-status|p2b: Kyogre|frz\n|faint|p2a: Drednaw\n|move|p1b: Glaceon|Freeze-Dry|p2b: Kyogre\n|-supereffective|p2b: Kyogre\n|-damage|p2b: Kyogre|14/100 frz\n|cant|p2b: Kyogre|frz\n|\n|-weather|RainDance|[upkeep]\n|upkeep\n|\n|t:|1745994751\n|switch|p2a: Pelipper|Pelipper, L50, F|28/100\n|turn|7\n|-message|Deadlyshirts forfeited.\n|\n|win|blueishman\n|l|\u2606Deadlyshirts\n|player|p2|\n||Deadlyshirts is ready for game 2.\n||blueishman is ready for game 2.\n|uhtml|next|Next: <a href=\"/battle-gen9vgc2025regibo3-2353756814\"><strong>Game 2 of 3</strong></a>\n|l|\u2606blueishman\n|player|p1|\n", "uploadtime": 1745995061, "views": 6, "formatid": "gen9vgc2025regibo3", "rating": null, "private": 0, "password": null}