{"id": "gen9vgc2025regibo3-2354754720", "format": "[Gen 9] VGC 2025 Reg I (Bo3)", "players": ["laron13", "JuniorMarchetti"], "log": "|j|\u2606laron13\n|j|\u2606JuniorMarchetti\n|html|<table width=\"100%\"><tr><td align=\"left\">laron13</td><td align=\"right\">JuniorMarchetti</tr><tr><td align=\"left\"><i class=\"fa fa-circle\"></i> <i class=\"fa fa-circle-o\"></i> </td><td align=\"right\"><i class=\"fa fa-circle-o\"></i> <i class=\"fa fa-circle-o\"></i> </tr></table>\n|uhtml|bestof|<h2><strong>Game 2</strong> of <a href=\"/game-bestof3-gen9vgc2025regibo3-2354749879\">a best-of-3</a></h2>\n|t:|1746116871\n|gametype|doubles\n|player|p1|laron13|101|1119\n|player|p2|JuniorMarchetti|102|1110\n|teamsize|p1|6\n|teamsize|p2|6\n|gen|9\n|tier|[Gen 9] VGC 2025 Reg I (Bo3)\n|rated|\n|rule|Species Clause: Limit one of each Pok\u00e9mon\n|rule|Item Clause: Limit 1 of each item\n|clearpoke\n|poke|p1|Lunala, L50|\n|poke|p1|Terapagos, L50, M|\n|poke|p1|Comfey, L50, M|\n|poke|p1|Rillaboom, L50, F|\n|poke|p1|Volcarona, L50, F|\n|poke|p1|Regieleki, L50|\n|poke|p2|Calyrex-Ice, L50|\n|poke|p2|Mimikyu, L50, F|\n|poke|p2|Urshifu-*, L50, M|\n|poke|p2|Incineroar, L50, M|\n|poke|p2|Flutter Mane, L50|\n|poke|p2|Lunala, L50|\n|teampreview|4\n|showteam|p1|Lunala||RockyHelmet|ShadowShield|MoongeistBeam,Moonblast,WideGuard,Protect||||||50|,,,,,Fairy]Terapagos||Leftovers|TeraShift|TeraStarstorm,EarthPower,CalmMind,Protect|||M|||50|,,,,,Stellar]Comfey||MentalHerb|Triage|DrainingKiss,FloralHealing,Protect,TrickRoom|||M|||50|,,,,,Fire]Rillaboom||AssaultVest|GrassySurge|FakeOut,WoodHammer,GrassyGlide,Uturn|||F|||50|,,,,,Fire]Volcarona||SafetyGoggles|FlameBody|FieryDance,GigaDrain,QuiverDance,Protect|||F|||50|,,,,,Grass]Regieleki||FocusSash|Transistor|Electroweb,VoltSwitch,Thunderbolt,Protect||||||50|,,,,,Electric\n|showteam|p2|Calyrex-Ice||ClearAmulet|AsOneGlastrier|GlacialLance,HighHorsepower,Protect,TrickRoom||||||50|,,,,,Water]Mimikyu||MentalHerb|Disguise|TrickRoom,ShadowSneak,PlayRough,Taunt|||F|||50|,,,,,Fairy]Urshifu-Rapid-Strike||MysticWater|UnseenFist|SurgingStrikes,CloseCombat,AquaJet,Protect|||M|||50|,,,,,Water]Incineroar||AssaultVest|Intimidate|FakeOut,PartingShot,FlareBlitz,WillOWisp|||M|||50|,,,,,Ghost]Flutter Mane||BoosterEnergy|Protosynthesis|Moonblast,IcyWind,ShadowBall,Protect||||||50|,,,,,Fairy]Lunala||PowerHerb|ShadowShield|MoongeistBeam,MeteorBeam,ExpandingForce,TrickRoom||||||50|,,,,,Psychic\n|\n|t:|1746116910\n|start\n|switch|p1a: Terapagos|Terapagos, L50, M|100/100\n|switch|p1b: Comfey|Comfey, L50, M|100/100\n|switch|p2a: Flutter Mane|Flutter Mane, L50|100/100\n|switch|p2b: Urshifu|Urshifu-Rapid-Strike, L50, M|100/100\n|-activate|p1a: Terapagos|ability: Tera Shift\n|detailschange|p1a: Terapagos|Terapagos-Terastal, L50, M\n|-heal|p1a: Terapagos|100/100|[silent]\n|-enditem|p2a: Flutter Mane|Booster Energy\n|-activate|p2a: Flutter Mane|ability: Protosynthesis|[fromitem]\n|-start|p2a: Flutter Mane|protosynthesisspe\n|turn|1\n|\n|t:|1746116949\n|-terastallize|p2b: Urshifu|Water\n|-terastallize|p1a: Terapagos|Stellar\n|detailschange|p1a: Terapagos|Terapagos-Stellar, L50, M, tera:Stellar\n|-heal|p1a: Terapagos|100/100|[silent]\n|move|p1b: Comfey|Draining Kiss|p2b: Urshifu\n|-damage|p2b: Urshifu|76/100\n|move|p2a: Flutter Mane|Icy Wind|p1a: Terapagos|[spread] p1a,p1b\n|-damage|p1a: Terapagos|92/100\n|-damage|p1b: Comfey|85/100\n|-unboost|p1a: Terapagos|spe|1\n|-unboost|p1b: Comfey|spe|1\n|move|p2b: Urshifu|Surging Strikes|p1a: Terapagos\n|-crit|p1a: Terapagos\n|-damage|p1a: Terapagos|74/100\n|-crit|p1a: Terapagos\n|-damage|p1a: Terapagos|54/100\n|-crit|p1a: Terapagos\n|-damage|p1a: Terapagos|34/100\n|-hitcount|p1a: Terapagos|3\n|move|p1a: Terapagos|Tera Starstorm|p2b: Urshifu|[spread] p2a,p2b\n|-supereffective|p2b: Urshifu\n|-damage|p2a: Flutter Mane|58/100\n|-damage|p2b: Urshifu|0 fnt\n|faint|p2b: Urshifu\n|\n|-heal|p1a: Terapagos|40/100|[from] item: Leftovers\n|upkeep\n|\n|t:|1746116979\n|switch|p2b: Mimikyu|Mimikyu, L50, F|100/100\n|turn|2\n|\n|t:|1746116989\n|move|p1b: Comfey|Floral Healing|p1a: Terapagos\n|-heal|p1a: Terapagos|90/100\n|move|p2a: Flutter Mane|Moonblast|p1a: Terapagos\n|-damage|p1a: Terapagos|61/100\n|move|p1a: Terapagos|Calm Mind|p1a: Terapagos\n|-boost|p1a: Terapagos|spa|1\n|-boost|p1a: Terapagos|spd|1\n|move|p2b: Mimikyu|Trick Room|p2b: Mimikyu\n|-fieldstart|move: Trick Room|[of] p2b: Mimikyu\n|\n|-heal|p1a: Terapagos|67/100|[from] item: Leftovers\n|upkeep\n|turn|3\n|\n|t:|1746117004\n|-end|p2a: Flutter Mane|Protosynthesis|[silent]\n|switch|p2a: Lunala|Lunala, L50|100/100\n|move|p1b: Comfey|Floral Healing|p1a: Terapagos\n|-heal|p1a: Terapagos|100/100\n|move|p1a: Terapagos|Tera Starstorm|p2b: Mimikyu|[spread] p2a,p2b\n|-damage|p2a: Lunala|78/100\n|-activate|p2b: Mimikyu|ability: Disguise\n|-damage|p2b: Mimikyu|100/100\n|detailschange|p2b: Mimikyu|Mimikyu-Busted, L50, F\n|-damage|p2b: Mimikyu|88/100|[from] pokemon: Mimikyu-Busted\n|move|p2b: Mimikyu|Taunt|p1b: Comfey\n|-start|p1b: Comfey|move: Taunt\n|-enditem|p1b: Comfey|Mental Herb\n|-end|p1b: Comfey|move: Taunt\n|\n|upkeep\n|turn|4\n|\n|t:|1746117037\n|move|p1b: Comfey|Protect|p1b: Comfey\n|-singleturn|p1b: Comfey|Protect\n|move|p1a: Terapagos|Calm Mind|p1a: Terapagos\n|-boost|p1a: Terapagos|spa|1\n|-boost|p1a: Terapagos|spd|1\n|move|p2b: Mimikyu|Play Rough|p1a: Terapagos\n|-damage|p1a: Terapagos|77/100\n|move|p2a: Lunala|Meteor Beam||[still]\n|-prepare|p2a: Lunala|Meteor Beam\n|-boost|p2a: Lunala|spa|1\n|-enditem|p2a: Lunala|Power Herb\n|-anim|p2a: Lunala|Meteor Beam|p1a: Terapagos\n|-damage|p1a: Terapagos|56/100\n|\n|-heal|p1a: Terapagos|62/100|[from] item: Leftovers\n|upkeep\n|turn|5\n|-message|JuniorMarchetti forfeited.\n|\n|win|laron13\n|raw|laron13's rating: 1119 &rarr; <strong>1143</strong><br />(+24 for winning)\n|raw|JuniorMarchetti's rating: 1110 &rarr; <strong>1086</strong><br />(-24 for losing)\n|l|\u2606JuniorMarchetti\n|player|p2|\n|l|\u2606laron13\n|player|p1|\n", "uploadtime": 1746117421, "views": 5, "formatid": "gen9vgc2025regibo3", "rating": 1086, "private": 0, "password": null}