{"id": "gen9vgc2025regibo3-2354842238", "format": "[Gen 9] VGC 2025 Reg I (Bo3)", "players": ["tatsur0u", "JKAngelz"], "log": "|j|\u2606tatsur0u\n|j|\u2606JKAngelz\n|html|<table width=\"100%\"><tr><td align=\"left\">tatsur0u</td><td align=\"right\">JKAngelz</tr><tr><td align=\"left\"><i class=\"fa fa-circle-o\"></i> <i class=\"fa fa-circle-o\"></i> </td><td align=\"right\"><i class=\"fa fa-circle-o\"></i> <i class=\"fa fa-circle-o\"></i> </tr></table>\n|uhtml|bestof|<h2><strong>Game 1</strong> of <a href=\"/game-bestof3-gen9vgc2025regibo3-2354842237\">a best-of-3</a></h2>\n|t:|1746124487\n|gametype|doubles\n|player|p1|tatsur0u|blue|1314\n|player|p2|JKAngelz|hilbert|1273\n|teamsize|p1|6\n|teamsize|p2|6\n|gen|9\n|tier|[Gen 9] VGC 2025 Reg I (Bo3)\n|rated|\n|rule|Species Clause: Limit one of each Pok\u00e9mon\n|rule|Item Clause: Limit 1 of each item\n|clearpoke\n|poke|p1|Calyrex-Shadow, L50|\n|poke|p1|Zamazenta-*, L50|\n|poke|p1|Ogerpon-Hearthflame, L50, F|\n|poke|p1|Raging Bolt, L50|\n|poke|p1|Ting-Lu, L50|\n|poke|p1|Dondozo, L50, F|\n|poke|p2|Zacian-*, L50|\n|poke|p2|Amoonguss, L50, F|\n|poke|p2|Raging Bolt, L50|\n|poke|p2|Kyogre, L50|\n|poke|p2|Tornadus, L50, M|\n|poke|p2|Incineroar, L50, F|\n|teampreview|4\n|showteam|p1|Calyrex-Shadow||FocusSash|AsOneSpectrier|AstralBarrage,Psychic,PollenPuff,Protect||||||50|,,,,,Ghost]Zamazenta-Crowned||RustedShield|DauntlessShield|BodyPress,behemothbash,WideGuard,Protect||||||50|,,,,,Dragon]Ogerpon-Hearthflame||HearthflameMask|MoldBreaker|IvyCudgel,WoodHammer,FollowMe,SpikyShield|||F|||50|,,,,,Fire]Raging Bolt||AssaultVest|Protosynthesis|Thunderclap,Thunderbolt,Electroweb,DracoMeteor||||||50|,,,,,Fairy]Ting-Lu||FigyBerry|VesselofRuin|Ruination,ThroatChop,SandTomb,Protect||||||50|,,,,,Water]Dondozo||Leftovers|Unaware|WaveCrash,Yawn,Protect,Fissure|||F|||50|,,,,,Poison\n|showteam|p2|Zacian-Crowned||RustedSword|IntrepidSword|behemothblade,Protect,PlayRough,SacredSword||||||50|,,,,,Fairy]Amoonguss||RockyHelmet|Regenerator|Spore,Protect,SludgeBomb,RagePowder|||F|||50|,,,,,Water]Raging Bolt||AssaultVest|Protosynthesis|Thunderclap,Thunderbolt,DragonPulse,Electroweb||||||50|,,,,,Fairy]Kyogre||MysticWater|Drizzle|WaterSpout,Protect,OriginPulse,IceBeam||||||50|,,,,,Grass]Tornadus||CovertCloak|Prankster|BleakwindStorm,Tailwind,RainDance,Leer|||M|||50|,,,,,Dark]Incineroar||SafetyGoggles|Intimidate|FakeOut,KnockOff,PartingShot,FlareBlitz|||F|||50|,,,,,Ghost\n|inactive|Battle timer is ON: inactive players will automatically lose when time's up. (requested by tatsur0u)\n|inactive|tatsur0u has 60 seconds left.\n|\n|t:|1746124576\n|start\n|switch|p1a: Zamazenta|Zamazenta-Crowned, L50|100/100\n|switch|p1b: Raging Bolt|Raging Bolt, L50|100/100\n|switch|p2a: Zacian|Zacian-Crowned, L50, shiny|100/100\n|switch|p2b: Tornadus|Tornadus, L50, M|100/100\n|-ability|p2a: Zacian|Intrepid Sword|boost\n|-boost|p2a: Zacian|atk|1\n|-ability|p1a: Zamazenta|Dauntless Shield|boost\n|-boost|p1a: Zamazenta|def|1\n|turn|1\n|\n|t:|1746124595\n|move|p2b: Tornadus|Leer|p1b: Raging Bolt|[spread] p1a,p1b\n|-unboost|p1a: Zamazenta|def|1\n|-unboost|p1b: Raging Bolt|def|1\n|move|p2a: Zacian|Play Rough|p1b: Raging Bolt\n|-supereffective|p1b: Raging Bolt\n|-damage|p1b: Raging Bolt|0 fnt\n|faint|p1b: Raging Bolt\n|-end|p1b: Raging Bolt|Protosynthesis|[silent]\n|move|p1a: Zamazenta|Body Press|p2a: Zacian\n|-damage|p2a: Zacian|58/100\n|\n|upkeep\n|\n|t:|1746124616\n|switch|p1b: Calyrex|Calyrex-Shadow, L50|100/100\n|-ability|p1b: Calyrex|As One\n|-ability|p1b: Calyrex|Unnerve\n|turn|2\n|\n|t:|1746124632\n|-terastallize|p1b: Calyrex|Ghost\n|move|p2a: Zacian|Protect|p2a: Zacian\n|-singleturn|p2a: Zacian|Protect\n|move|p2b: Tornadus|Tailwind|p2b: Tornadus\n|-sidestart|p2: JKAngelz|move: Tailwind\n|move|p1b: Calyrex|Astral Barrage|p2a: Zacian|[spread] p2b\n|-activate|p2a: Zacian|move: Protect\n|-damage|p2b: Tornadus|13/100\n|move|p1a: Zamazenta|Behemoth Bash|p2b: Tornadus\n|-damage|p2b: Tornadus|0 fnt\n|faint|p2b: Tornadus\n|\n|upkeep\n|\n|t:|1746124652\n|switch|p2b: Incineroar|Incineroar, L50, F, shiny|100/100\n|-ability|p2b: Incineroar|Intimidate|boost\n|-unboost|p1a: Zamazenta|atk|1\n|-unboost|p1b: Calyrex|atk|1\n|turn|3\n|\n|t:|1746124671\n|move|p2b: Incineroar|Fake Out|p1a: Zamazenta\n|-resisted|p1a: Zamazenta\n|-damage|p1a: Zamazenta|97/100\n|move|p2a: Zacian|Behemoth Blade|p1b: Calyrex\n|-damage|p1b: Calyrex|9/100\n|move|p1b: Calyrex|Astral Barrage|p2b: Incineroar|[spread] p2a,p2b\n|-resisted|p2b: Incineroar\n|-damage|p2a: Zacian|0 fnt\n|-damage|p2b: Incineroar|75/100\n|faint|p2a: Zacian\n|-ability|p1b: Calyrex|Grim Neigh|boost\n|-boost|p1b: Calyrex|spa|1\n|cant|p1a: Zamazenta|flinch\n|\n|upkeep\n|\n|t:|1746124677\n|switch|p2a: Raging Bolt|Raging Bolt, L50|100/100\n|turn|4\n|\n|t:|1746124696\n|switch|p1a: Ogerpon|Ogerpon-Hearthflame, L50, F|100/100\n|-ability|p1a: Ogerpon|Mold Breaker\n|-terastallize|p2a: Raging Bolt|Fairy\n|move|p1b: Calyrex|Protect|p1b: Calyrex\n|-singleturn|p1b: Calyrex|Protect\n|move|p2a: Raging Bolt|Thunderclap||[still]\n|-fail|p2a: Raging Bolt\n|move|p2b: Incineroar|Parting Shot|p1a: Ogerpon\n|-unboost|p1a: Ogerpon|atk|1\n|-unboost|p1a: Ogerpon|spa|1\n|\n|upkeep\n|turn|5\n|\n|t:|1746124712\n|switch|p1b: Zamazenta|Zamazenta-Crowned, L50|97/100\n|move|p2a: Raging Bolt|Electroweb|p1a: Ogerpon|[spread] p1a,p1b\n|-resisted|p1a: Ogerpon\n|-damage|p1a: Ogerpon|90/100\n|-damage|p1b: Zamazenta|81/100\n|-unboost|p1a: Ogerpon|spe|1\n|-unboost|p1b: Zamazenta|spe|1\n|move|p2b: Incineroar|Flare Blitz|p1b: Zamazenta\n|-supereffective|p1b: Zamazenta\n|-damage|p1b: Zamazenta|20/100\n|-damage|p2b: Incineroar|58/100|[from] Recoil\n|move|p1a: Ogerpon|Ivy Cudgel|p2a: Raging Bolt|[anim] Ivy Cudgel Fire\n|-damage|p2a: Raging Bolt|68/100\n|\n|-sideend|p2: JKAngelz|move: Tailwind\n|upkeep\n|turn|6\n|inactive|JKAngelz has 30 seconds left.\n|\n|t:|1746124738\n|move|p1a: Ogerpon|Follow Me|p1a: Ogerpon\n|-singleturn|p1a: Ogerpon|move: Follow Me\n|move|p2a: Raging Bolt|Thunderclap||[still]\n|-fail|p2a: Raging Bolt\n|move|p1b: Zamazenta|Body Press|p2b: Incineroar\n|-supereffective|p2b: Incineroar\n|-damage|p2b: Incineroar|0 fnt\n|faint|p2b: Incineroar\n|\n|upkeep\n|turn|7\n|\n|t:|1746124751\n|move|p1b: Zamazenta|Behemoth Bash|p2a: Raging Bolt\n|-supereffective|p2a: Raging Bolt\n|-damage|p2a: Raging Bolt|0 fnt\n|faint|p2a: Raging Bolt\n|-end|p2a: Raging Bolt|Protosynthesis|[silent]\n|\n|win|tatsur0u\n||tatsur0u is ready for game 2.\n||JKAngelz is ready for game 2.\n|uhtml|next|Next: <a href=\"/battle-gen9vgc2025regibo3-2354845267\"><strong>Game 2 of 3</strong></a>\n|l|\u2606JKAngelz\n|player|p2|\n", "uploadtime": 1746124775, "views": 8, "formatid": "gen9vgc2025regibo3", "rating": null, "private": 0, "password": null}