{"id": "gen9vgc2025regibo3-2354152353", "format": "[Gen 9] VGC 2025 Reg I (Bo3)", "players": ["kevsux", "EncoreVGC"], "log": "|j|\u2606kevsux\n|j|\u2606EncoreVGC\n|html|<table width=\"100%\"><tr><td align=\"left\">kevsux</td><td align=\"right\">EncoreVGC</tr><tr><td align=\"left\"><i class=\"fa fa-circle-o\"></i> <i class=\"fa fa-circle-o\"></i> </td><td align=\"right\"><i class=\"fa fa-circle-o\"></i> <i class=\"fa fa-circle-o\"></i> </tr></table>\n|uhtml|bestof|<h2><strong>Game 1</strong> of <a href=\"/game-bestof3-gen9vgc2025regibo3-2354152352\">a best-of-3</a></h2>\n|t:|1746039380\n|gametype|doubles\n|player|p1|kevsux|brendan-gen3|\n|player|p2|EncoreVGC|tuber|\n|teamsize|p1|6\n|teamsize|p2|6\n|gen|9\n|tier|[Gen 9] VGC 2025 Reg I (Bo3)\n|rule|Species Clause: Limit one of each Pok\u00e9mon\n|rule|Item Clause: Limit 1 of each item\n|clearpoke\n|poke|p1|Calyrex-Shadow, L50|\n|poke|p1|Terapagos, L50, M|\n|poke|p1|Rillaboom, L50, F|\n|poke|p1|Incineroar, L50, M|\n|poke|p1|Ogerpon-Hearthflame, L50, F|\n|poke|p1|Urshifu-*, L50, M|\n|poke|p2|Ho-Oh, L50|\n|poke|p2|Zamazenta-*, L50|\n|poke|p2|Flutter Mane, L50|\n|poke|p2|Raging Bolt, L50|\n|poke|p2|Ogerpon-Cornerstone, L50, F|\n|poke|p2|Ting-Lu, L50|\n|teampreview|4\n|showteam|p1|Calyrex-Shadow||LifeOrb|AsOneSpectrier|AstralBarrage,NastyPlot,Protect,Psychic||||||50|,,,,,Normal]Terapagos||Leftovers|TeraShift|CalmMind,Protect,TeraStarstorm,EarthPower|||M|||50|,,,,,Stellar]Rillaboom||AssaultVest|GrassySurge|Uturn,GrassyGlide,WoodHammer,FakeOut|||F|||50|,,,,,Water]Incineroar||RockyHelmet|Intimidate|WillOWisp,KnockOff,FakeOut,PartingShot|||M|||50|,,,,,Ghost]Ogerpon-Hearthflame||HearthflameMask|MoldBreaker|IvyCudgel,GrassyGlide,FollowMe,SpikyShield|||F|||50|,,,,,Fire]Urshifu-Rapid-Strike||ChoiceScarf|UnseenFist|SurgingStrikes,CloseCombat,Uturn,AquaJet|||M|||50|,,,,,Water\n|showteam|p2|Ho-Oh||SafetyGoggles|Regenerator|SacredFire,BraveBird,Tailwind,Protect||||||50|,,,,,Water]Zamazenta-Crowned||RustedShield|DauntlessShield|BodyPress,behemothbash,WideGuard,Protect||||||50|,,,,,Bug]Flutter Mane||BoosterEnergy|Protosynthesis|Moonblast,ShadowBall,IcyWind,Protect||||||50|,,,,,Normal]Raging Bolt||AssaultVest|Protosynthesis|Thunderbolt,DracoMeteor,Thunderclap,VoltSwitch||||||50|,,,,,Fairy]Ogerpon-Cornerstone||CornerstoneMask|Sturdy|IvyCudgel,PowerWhip,FollowMe,SpikyShield|||F|||50|,,,,,Rock]Ting-Lu||Leftovers|VesselofRuin|StompingTantrum,Ruination,Snarl,Protect||||||50|,,,,,Fairy\n|inactive|Battle timer is ON: inactive players will automatically lose when time's up. (requested by kevsux)\n|inactive|kevsux has 60 seconds left.\n|inactive|EncoreVGC has 60 seconds left.\n|j| sillE roverT\n|inactive|kevsux has 30 seconds left.\n|\n|t:|1746039445\n|start\n|switch|p1a: Urshifu|Urshifu-Rapid-Strike, L50, M|100/100\n|switch|p1b: Incineroar|Incineroar, L50, M|100/100\n|switch|p2a: Ho-Oh|Ho-Oh, L50|100/100\n|switch|p2b: Zamazenta|Zamazenta-Crowned, L50|100/100\n|-ability|p2b: Zamazenta|Dauntless Shield|boost\n|-boost|p2b: Zamazenta|def|1\n|-ability|p1b: Incineroar|Intimidate|boost\n|-unboost|p2a: Ho-Oh|atk|1\n|-unboost|p2b: Zamazenta|atk|1\n|turn|1\n|inactive|kevsux has 30 seconds left.\n|\n|t:|1746039474\n|switch|p2a: Raging Bolt|Raging Bolt, L50|100/100\n|move|p2b: Zamazenta|Protect|p2b: Zamazenta\n|-singleturn|p2b: Zamazenta|Protect\n|move|p1a: Urshifu|Surging Strikes|p2b: Zamazenta\n|-crit|p2b: Zamazenta\n|-damage|p2b: Zamazenta|85/100\n|-crit|p2b: Zamazenta\n|-damage|p2b: Zamazenta|71/100\n|-crit|p2b: Zamazenta\n|-damage|p2b: Zamazenta|57/100\n|-hitcount|p2b: Zamazenta|3\n|move|p1b: Incineroar|Knock Off|p2a: Raging Bolt\n|-damage|p2a: Raging Bolt|65/100\n|-enditem|p2a: Raging Bolt|Assault Vest|[from] move: Knock Off|[of] p1b: Incineroar\n|\n|upkeep\n|turn|2\n|inactive|EncoreVGC has 30 seconds left.\n|\n|t:|1746039507\n|switch|p1a: Terapagos|Terapagos, L50, M|100/100\n|-activate|p1a: Terapagos|ability: Tera Shift\n|detailschange|p1a: Terapagos|Terapagos-Terastal, L50, M\n|-heal|p1a: Terapagos|100/100|[silent]\n|-terastallize|p1b: Incineroar|Ghost\n|move|p2b: Zamazenta|Body Press|p1b: Incineroar\n|-immune|p1b: Incineroar\n|move|p2a: Raging Bolt|Draco Meteor|p1b: Incineroar|[miss]\n|-miss|p2a: Raging Bolt|p1b: Incineroar\n|move|p1b: Incineroar|Will-O-Wisp|p2b: Zamazenta\n|-status|p2b: Zamazenta|brn\n|\n|-damage|p2b: Zamazenta|51/100 brn|[from] brn\n|upkeep\n|turn|3\n|inactive|kevsux has 30 seconds left.\n|inactive|kevsux has 20 seconds left.\n|\n|t:|1746039546\n|move|p2b: Zamazenta|Behemoth Bash|p1b: Incineroar\n|-crit|p1b: Incineroar\n|-damage|p1b: Incineroar|71/100\n|-damage|p2b: Zamazenta|35/100 brn|[from] item: Rocky Helmet|[of] p1b: Incineroar\n|move|p2a: Raging Bolt|Draco Meteor|p1b: Incineroar\n|-damage|p1b: Incineroar|17/100\n|-unboost|p2a: Raging Bolt|spa|2\n|move|p1a: Terapagos|Earth Power|p2b: Zamazenta\n|-supereffective|p2b: Zamazenta\n|-damage|p2b: Zamazenta|0 fnt\n|faint|p2b: Zamazenta\n|move|p1b: Incineroar|Parting Shot|p2a: Raging Bolt\n|-unboost|p2a: Raging Bolt|atk|1\n|-unboost|p2a: Raging Bolt|spa|1\n|inactive|kevsux has 30 seconds left.\n|\n|t:|1746039577\n|switch|p1b: Calyrex|Calyrex-Shadow, L50|100/100|[from] Parting Shot\n|-ability|p1b: Calyrex|As One\n|-ability|p1b: Calyrex|Unnerve\n|\n|upkeep\n|\n|t:|1746039583\n|switch|p2b: Ting-Lu|Ting-Lu, L50|100/100\n|-ability|p2b: Ting-Lu|Vessel of Ruin\n|turn|4\n|inactive|kevsux has 30 seconds left.\n|inactive|kevsux has 20 seconds left.\n|\n|t:|1746039619\n|move|p1b: Calyrex|Astral Barrage|p2a: Raging Bolt|[spread] p2a,p2b\n|-crit|p2a: Raging Bolt\n|-resisted|p2b: Ting-Lu\n|-damage|p2a: Raging Bolt|0 fnt\n|-damage|p2b: Ting-Lu|79/100\n|faint|p2a: Raging Bolt\n|-end|p2a: Raging Bolt|Protosynthesis|[silent]\n|-ability|p1b: Calyrex|Grim Neigh|boost\n|-boost|p1b: Calyrex|spa|1\n|-damage|p1b: Calyrex|91/100|[from] item: Life Orb\n|move|p1a: Terapagos|Tera Starstorm|p2b: Ting-Lu\n|-damage|p2b: Ting-Lu|43/100\n|move|p2b: Ting-Lu|Snarl|p1b: Calyrex|[spread] p1a,p1b\n|-activate|p1a: Terapagos|ability: Tera Shell\n|-resisted|p1a: Terapagos\n|-supereffective|p1b: Calyrex\n|-damage|p1a: Terapagos|98/100\n|-damage|p1b: Calyrex|57/100\n|-unboost|p1a: Terapagos|spa|1\n|-unboost|p1b: Calyrex|spa|1\n|\n|-heal|p1a: Terapagos|100/100|[from] item: Leftovers\n|-heal|p2b: Ting-Lu|49/100|[from] item: Leftovers\n|upkeep\n|\n|t:|1746039638\n|switch|p2a: Ho-Oh|Ho-Oh, L50|100/100\n|turn|5\n|\n|t:|1746039655\n|move|p1b: Calyrex|Astral Barrage|p2b: Ting-Lu|[spread] p2a,p2b\n|-resisted|p2b: Ting-Lu\n|-damage|p2a: Ho-Oh|69/100\n|-damage|p2b: Ting-Lu|27/100\n|-damage|p1b: Calyrex|47/100|[from] item: Life Orb\n|move|p2a: Ho-Oh|Sacred Fire|p1a: Terapagos\n|-activate|p1a: Terapagos|ability: Tera Shell\n|-resisted|p1a: Terapagos\n|-damage|p1a: Terapagos|77/100\n|move|p1a: Terapagos|Tera Starstorm|p2a: Ho-Oh\n|-damage|p2a: Ho-Oh|51/100\n|move|p2b: Ting-Lu|Snarl|p1b: Calyrex|[spread] p1a,p1b\n|-supereffective|p1b: Calyrex\n|-damage|p1a: Terapagos|71/100\n|-damage|p1b: Calyrex|13/100\n|-unboost|p1a: Terapagos|spa|1\n|-unboost|p1b: Calyrex|spa|1\n|\n|-heal|p1a: Terapagos|77/100|[from] item: Leftovers\n|-heal|p2b: Ting-Lu|33/100|[from] item: Leftovers\n|upkeep\n|turn|6\n|inactive|kevsux has 30 seconds left.\n|inactive|kevsux has 20 seconds left.\n|\n|t:|1746039691\n|move|p1b: Calyrex|Astral Barrage|p2a: Ho-Oh|[spread] p2a,p2b\n|-resisted|p2b: Ting-Lu\n|-damage|p2a: Ho-Oh|29/100\n|-damage|p2b: Ting-Lu|18/100\n|-damage|p1b: Calyrex|3/100|[from] item: Life Orb\n|move|p2a: Ho-Oh|Tailwind|p2a: Ho-Oh\n|-sidestart|p2: EncoreVGC|move: Tailwind\n|move|p2b: Ting-Lu|Snarl|p1a: Terapagos|[spread] p1a,p1b\n|-supereffective|p1b: Calyrex\n|-damage|p1a: Terapagos|71/100\n|-damage|p1b: Calyrex|0 fnt\n|-unboost|p1a: Terapagos|spa|1\n|faint|p1b: Calyrex\n|move|p1a: Terapagos|Tera Starstorm|p2b: Ting-Lu\n|-damage|p2b: Ting-Lu|5/100\n|\n|-heal|p2b: Ting-Lu|11/100|[from] item: Leftovers\n|-heal|p1a: Terapagos|77/100|[from] item: Leftovers\n|upkeep\n|\n|t:|1746039703\n|switch|p1b: Incineroar|Incineroar, L50, M, tera:Ghost|17/100\n|-ability|p1b: Incineroar|Intimidate|boost\n|-unboost|p2a: Ho-Oh|atk|1\n|-unboost|p2b: Ting-Lu|atk|1\n|turn|7\n|\n|t:|1746039717\n|move|p1b: Incineroar|Fake Out|p2a: Ho-Oh\n|-damage|p2a: Ho-Oh|19/100\n|cant|p2a: Ho-Oh|flinch\n|move|p2b: Ting-Lu|Snarl|p1b: Incineroar|[spread] p1a,p1b\n|-supereffective|p1b: Incineroar\n|-crit|p1b: Incineroar\n|-damage|p1a: Terapagos|71/100\n|-damage|p1b: Incineroar|0 fnt\n|-unboost|p1a: Terapagos|spa|1\n|faint|p1b: Incineroar\n|move|p1a: Terapagos|Tera Starstorm|p2b: Ting-Lu\n|-damage|p2b: Ting-Lu|0 fnt\n|faint|p2b: Ting-Lu\n|\n|-heal|p1a: Terapagos|77/100|[from] item: Leftovers\n|upkeep\n|\n|t:|1746039729\n|switch|p1b: Urshifu|Urshifu-Rapid-Strike, L50, M|100/100\n|turn|8\n|\n|t:|1746039734\n|move|p1b: Urshifu|Aqua Jet|p2a: Ho-Oh\n|-supereffective|p2a: Ho-Oh\n|-damage|p2a: Ho-Oh|0 fnt\n|faint|p2a: Ho-Oh\n|\n|win|kevsux\n||kevsux is ready for game 2.\n||EncoreVGC is ready for game 2.\n|uhtml|next|Next: <a href=\"/battle-gen9vgc2025regibo3-2354156299\"><strong>Game 2 of 3</strong></a>\n|l|\u2606EncoreVGC\n|player|p2|\n|l| sillE roverT\n", "uploadtime": 1746041086, "views": 13, "formatid": "gen9vgc2025regibo3", "rating": null, "private": 0, "password": null}