{"id": "gen9vgc2025regibo3-2354013872", "format": "[Gen 9] VGC 2025 Reg I (Bo3)", "players": ["frank_welog", "DrXJ13"], "log": "|j|\u2606frank_welog\n|j|\u2606DrXJ13\n|html|<table width=\"100%\"><tr><td align=\"left\">frank_welog</td><td align=\"right\">DrXJ13</tr><tr><td align=\"left\"><i class=\"fa fa-circle-o\"></i> <i class=\"fa fa-circle-o\"></i> </td><td align=\"right\"><i class=\"fa fa-circle-o\"></i> <i class=\"fa fa-circle-o\"></i> </tr></table>\n|uhtml|bestof|<h2><strong>Game 1</strong> of <a href=\"/game-bestof3-gen9vgc2025regibo3-2354013870\">a best-of-3</a></h2>\n|t:|1746027516\n|gametype|doubles\n|player|p1|frank_welog|ethan|1120\n|player|p2|DrXJ13|clair|1086\n|teamsize|p1|6\n|teamsize|p2|6\n|gen|9\n|tier|[Gen 9] VGC 2025 Reg I (Bo3)\n|rated|\n|rule|Species Clause: Limit one of each Pok\u00e9mon\n|rule|Item Clause: Limit 1 of each item\n|clearpoke\n|poke|p1|Kyogre, L50|\n|poke|p1|Calyrex-Ice, L50|\n|poke|p1|Indeedee-F, L50, F|\n|poke|p1|Ogerpon-Wellspring, L50, F|\n|poke|p1|Ursaluna-Bloodmoon, L50, M|\n|poke|p1|Munkidori, L50, M|\n|poke|p2|Calyrex-Shadow, L50|\n|poke|p2|Terapagos, L50, M|\n|poke|p2|Tornadus, L50, M|\n|poke|p2|Urshifu-*, L50, F|\n|poke|p2|Incineroar, L50, F|\n|poke|p2|Ogerpon-Cornerstone, L50, F|\n|teampreview|4\n|showteam|p1|Kyogre||ChoiceScarf|Drizzle|Surf,Thunder,IceBeam,WaterSpout||||||50|,,,,,Grass]Calyrex-Ice||ClearAmulet|AsOneGlastrier|Protect,TrickRoom,GlacialLance,HighHorsepower||||||50|,,,,,Water]Indeedee-F||PsychicSeed|PsychicSurge|Psychic,FollowMe,TrickRoom,HelpingHand|||F|||50|,,,,,Grass]Ogerpon-Wellspring||WellspringMask|WaterAbsorb|FollowMe,IvyCudgel,HornLeech,SpikyShield|||F|||50|,,,,,Water]Ursaluna-Bloodmoon||LifeOrb|MindsEye|Protect,BloodMoon,HyperVoice,EarthPower|||M|||50|,,,,,Poison]Munkidori||FocusSash|ToxicChain|Taunt,FakeOut,ClearSmog,PsychicNoise|||M|||50|,,,,,Normal\n|showteam|p2|Calyrex-Shadow||LifeOrb|AsOneSpectrier|AstralBarrage,DrainingKiss,NastyPlot,Protect||||||50|,,,,,Fairy]Terapagos||ChoiceSpecs|TeraShift|TeraStarstorm,HyperBeam,EarthPower,IceBeam|||M|||50|,,,,,Stellar]Tornadus||CovertCloak|Prankster|Tailwind,BleakwindStorm,Taunt,RainDance|||M|||50|,,,,,Dark]Urshifu-Rapid-Strike||MysticWater|UnseenFist|SurgingStrikes,CloseCombat,AquaJet,Detect|||F|||50|,,,,,Grass]Incineroar||RockyHelmet|Intimidate|FakeOut,FlareBlitz,KnockOff,PartingShot|||F|||50|,,,,,Ghost]Ogerpon-Cornerstone||CornerstoneMask|Sturdy|IvyCudgel,HornLeech,FollowMe,SpikyShield|||F|||50|,,,,,Rock\n|inactive|Battle timer is ON: inactive players will automatically lose when time's up. (requested by DrXJ13)\n|inactive|frank_welog has 60 seconds left.\n|\n|t:|1746027574\n|start\n|switch|p1a: Indeedee|Indeedee-F, L50, F|100/100\n|switch|p1b: Calyrex|Calyrex-Ice, L50|100/100\n|switch|p2a: Calyrex|Calyrex-Shadow, L50|100/100\n|switch|p2b: Terapagos|Terapagos, L50, M|100/100\n|-activate|p2b: Terapagos|ability: Tera Shift\n|detailschange|p2b: Terapagos|Terapagos-Terastal, L50, M\n|-heal|p2b: Terapagos|100/100|[silent]\n|-ability|p2a: Calyrex|As One\n|-ability|p2a: Calyrex|Unnerve\n|-ability|p1b: Calyrex|As One\n|-ability|p1b: Calyrex|Unnerve\n|-fieldstart|move: Psychic Terrain|[from] ability: Psychic Surge|[of] p1a: Indeedee\n|-enditem|p1a: Indeedee|Psychic Seed\n|-boost|p1a: Indeedee|spd|1|[from] item: Psychic Seed\n|turn|1\n|inactive|frank_welog has 30 seconds left.\n|inactive|DrXJ13 has 30 seconds left.\n|inactive|frank_welog has 20 seconds left.\n|\n|t:|1746027613\n|switch|p2b: Ogerpon|Ogerpon-Cornerstone, L50, F|100/100\n|-terastallize|p1b: Calyrex|Water\n|move|p1a: Indeedee|Follow Me|p1a: Indeedee\n|-singleturn|p1a: Indeedee|move: Follow Me\n|move|p2a: Calyrex|Astral Barrage|p1a: Indeedee|[spread] p1b\n|-immune|p1a: Indeedee\n|-damage|p1b: Calyrex|60/100\n|-damage|p2a: Calyrex|91/100|[from] item: Life Orb\n|move|p1b: Calyrex|Trick Room|p1b: Calyrex\n|-fieldstart|move: Trick Room|[of] p1b: Calyrex\n|\n|upkeep\n|turn|2\n|inactive|frank_welog has 30 seconds left.\n|\n|t:|1746027640\n|move|p1b: Calyrex|Protect|p1b: Calyrex\n|-singleturn|p1b: Calyrex|Protect\n|move|p2b: Ogerpon|Spiky Shield|p2b: Ogerpon\n|-singleturn|p2b: Ogerpon|move: Protect\n|move|p1a: Indeedee|Psychic|p2b: Ogerpon\n|-activate|p2b: Ogerpon|move: Protect\n|move|p2a: Calyrex|Astral Barrage|p1b: Calyrex|[spread] \n|-activate|p1b: Calyrex|move: Protect\n|-immune|p1a: Indeedee\n|\n|upkeep\n|turn|3\n|inactive|DrXJ13 has 30 seconds left.\n|\n|t:|1746027665\n|-terastallize|p2b: Ogerpon|Rock\n|detailschange|p2b: Ogerpon|Ogerpon-Cornerstone-Tera, L50, F, tera:Rock\n|-ability|p2b: Ogerpon|Embody Aspect (Cornerstone)|boost\n|-boost|p2b: Ogerpon|def|1\n|move|p1b: Calyrex|Glacial Lance|p2a: Calyrex|[spread] p2a,p2b\n|-damage|p2a: Calyrex|38/100\n|-damage|p2b: Ogerpon|62/100\n|move|p1a: Indeedee|Psychic|p2b: Ogerpon\n|-damage|p2b: Ogerpon|15/100\n|move|p2b: Ogerpon|Horn Leech|p1b: Calyrex\n|-supereffective|p1b: Calyrex\n|-damage|p1b: Calyrex|4/100\n|-heal|p2b: Ogerpon|46/100|[from] drain|[of] p1b: Calyrex\n|move|p2a: Calyrex|Astral Barrage|p1a: Indeedee|[spread] p1b\n|-immune|p1a: Indeedee\n|-damage|p1b: Calyrex|0 fnt\n|faint|p1b: Calyrex\n|-ability|p2a: Calyrex|Grim Neigh|boost\n|-boost|p2a: Calyrex|spa|1\n|-damage|p2a: Calyrex|29/100|[from] item: Life Orb\n|\n|upkeep\n|\n|t:|1746027690\n|switch|p1b: Ursaluna|Ursaluna-Bloodmoon, L50, M|100/100\n|turn|4\n|\n|t:|1746027708\n|move|p2b: Ogerpon|Spiky Shield|p2b: Ogerpon\n|-singleturn|p2b: Ogerpon|move: Protect\n|move|p2a: Calyrex|Protect|p2a: Calyrex\n|-singleturn|p2a: Calyrex|Protect\n|move|p1b: Ursaluna|Hyper Voice|p2b: Ogerpon|[spread] \n|-activate|p2a: Calyrex|move: Protect\n|-activate|p2b: Ogerpon|move: Protect\n|move|p1a: Indeedee|Psychic|p2b: Ogerpon\n|-activate|p2b: Ogerpon|move: Protect\n|\n|upkeep\n|turn|5\n|inactive|frank_welog has 30 seconds left.\n|inactive|frank_welog has 20 seconds left.\n|\n|t:|1746027743\n|switch|p1a: Ogerpon|Ogerpon-Wellspring, L50, F|100/100\n|switch|p2a: Terapagos|Terapagos-Terastal, L50, M|100/100\n|move|p1b: Ursaluna|Hyper Voice|p2b: Ogerpon|[spread] p2a,p2b\n|-activate|p2a: Terapagos|ability: Tera Shell\n|-resisted|p2a: Terapagos\n|-resisted|p2b: Ogerpon\n|-damage|p2a: Terapagos|78/100\n|-damage|p2b: Ogerpon|18/100\n|-damage|p1b: Ursaluna|91/100|[from] item: Life Orb\n|move|p2b: Ogerpon|Horn Leech|p1b: Ursaluna\n|-supereffective|p1b: Ursaluna\n|-damage|p1b: Ursaluna|23/100\n|-heal|p2b: Ogerpon|58/100|[from] drain|[of] p1b: Ursaluna\n|\n|-fieldend|move: Trick Room\n|-fieldend|move: Psychic Terrain\n|upkeep\n|turn|6\n|inactive|frank_welog has 30 seconds left.\n|inactive|DrXJ13 has 30 seconds left.\n|inactive|frank_welog has 20 seconds left.\n|inactive|frank_welog has 15 seconds left.\n|inactive|frank_welog has 10 seconds left.\n|inactive|frank_welog has 5 seconds left.\n|\n|t:|1746027794\n|switch|p1b: Indeedee|Indeedee-F, L50, F|100/100\n|-fieldstart|move: Psychic Terrain|[from] ability: Psychic Surge|[of] p1b: Indeedee\n|move|p2b: Ogerpon|Horn Leech|p1a: Ogerpon\n|-damage|p1a: Ogerpon|56/100\n|-heal|p2b: Ogerpon|80/100|[from] drain|[of] p1a: Ogerpon\n|move|p1a: Ogerpon|Ivy Cudgel|p2a: Terapagos|[anim] Ivy Cudgel Water\n|-crit|p2a: Terapagos\n|-damage|p2a: Terapagos|13/100\n|move|p2a: Terapagos|Tera Starstorm|p1b: Indeedee\n|-damage|p1b: Indeedee|25/100\n|\n|upkeep\n|turn|7\n|inactive|DrXJ13 has 30 seconds left.\n|\n|t:|1746027826\n|move|p1a: Ogerpon|Follow Me|p1a: Ogerpon\n|-singleturn|p1a: Ogerpon|move: Follow Me\n|move|p2b: Ogerpon|Ivy Cudgel|p1a: Ogerpon|[anim] Ivy Cudgel Rock\n|-damage|p1a: Ogerpon|0 fnt\n|faint|p1a: Ogerpon\n|move|p2a: Terapagos|Tera Starstorm|p1b: Indeedee\n|-damage|p1b: Indeedee|0 fnt\n|faint|p1b: Indeedee\n|\n|upkeep\n|\n|t:|1746027836\n|switch|p1a: Ursaluna|Ursaluna-Bloodmoon, L50, M|23/100\n|turn|8\n|inactive|frank_welog has 30 seconds left.\n|\n|t:|1746027867\n|move|p2b: Ogerpon|Horn Leech|p1a: Ursaluna\n|-supereffective|p1a: Ursaluna\n|-damage|p1a: Ursaluna|0 fnt\n|-heal|p2b: Ogerpon|94/100|[from] drain|[of] p1a: Ursaluna\n|faint|p1a: Ursaluna\n|\n|win|DrXJ13\n||frank_welog is ready for game 2.\n|inactive|DrXJ13 has 30 seconds to confirm battle start!\n||DrXJ13 is ready for game 2.\n|uhtml|next|Next: <a href=\"/battle-gen9vgc2025regibo3-2354018193\"><strong>Game 2 of 3</strong></a>\n", "uploadtime": 1746028204, "views": 13, "formatid": "gen9vgc2025regibo3", "rating": null, "private": 0, "password": null}