{"id": "gen9vgc2025regibo3-2354109942", "format": "[Gen 9] VGC 2025 Reg I (Bo3)", "players": ["NiterZero", "benb1122"], "log": "|j|\u2606NiterZero\n|j|\u2606benb1122\n|html|<table width=\"100%\"><tr><td align=\"left\">NiterZero</td><td align=\"right\">benb1122</tr><tr><td align=\"left\"><i class=\"fa fa-circle-o\"></i> <i class=\"fa fa-circle-o\"></i> </td><td align=\"right\"><i class=\"fa fa-circle-o\"></i> <i class=\"fa fa-circle\"></i> </tr></table>\n|uhtml|bestof|<h2><strong>Game 2</strong> of <a href=\"/game-bestof3-gen9vgc2025regibo3-2354102798\">a best-of-3</a></h2>\n|t:|1746035691\n|gametype|doubles\n|player|p1|NiterZero|170|\n|player|p2|benb1122|102|\n|teamsize|p1|6\n|teamsize|p2|6\n|gen|9\n|tier|[Gen 9] VGC 2025 Reg I (Bo3)\n|rule|Species Clause: Limit one of each Pok\u00e9mon\n|rule|Item Clause: Limit 1 of each item\n|clearpoke\n|poke|p1|Necrozma-Dusk-Mane, L50|\n|poke|p1|Miraidon, L50|\n|poke|p1|Incineroar, L50, F|\n|poke|p1|Ogerpon-Wellspring, L50, F|\n|poke|p1|Whimsicott, L50, F|\n|poke|p1|Chien-Pao, L50|\n|poke|p2|Calyrex-Shadow, L50|\n|poke|p2|Zamazenta-*, L50|\n|poke|p2|Rillaboom, L50, F|\n|poke|p2|Ogerpon-Wellspring, L50, F|\n|poke|p2|Incineroar, L50, F|\n|poke|p2|Grimmsnarl, L50, M|\n|teampreview|4\n|showteam|p1|Necrozma-Dusk-Mane||ClearAmulet|PrismArmor|SunsteelStrike,PhotonGeyser,KnockOff,Protect||||||50|,,,,,Dark]Miraidon||ChoiceSpecs|HadronEngine|ElectroDrift,VoltSwitch,DazzlingGleam,DracoMeteor||||||50|,,,,,Fairy]Incineroar||RockyHelmet|Intimidate|FakeOut,PartingShot,KnockOff,WillOWisp|||F|||50|,,,,,Ghost]Ogerpon-Wellspring||WellspringMask|WaterAbsorb|IvyCudgel,WoodHammer,FollowMe,SpikyShield|||F|||50|,,,,,Water]Whimsicott||CovertCloak|Prankster|Taunt,Tailwind,Encore,LightScreen|||F|||50|,,,,,Dark]Chien-Pao||FocusSash|SwordofRuin|IceSpinner,SacredSword,SuckerPunch,Protect||||||50|,,,,,Ghost\n|showteam|p2|Calyrex-Shadow||LifeOrb|AsOneSpectrier|AstralBarrage,Psychic,NastyPlot,Protect||||||50|,,,,,Normal]Zamazenta-Crowned||RustedShield|DauntlessShield|behemothbash,BodyPress,WideGuard,IronDefense||||||50|,,,,,Dragon]Rillaboom||AssaultVest|GrassySurge|FakeOut,GrassyGlide,WoodHammer,Uturn|||F|||50|,,,,,Grass]Ogerpon-Wellspring||WellspringMask|WaterAbsorb|IvyCudgel,PowerWhip,SpikyShield,FollowMe|||F|||50|,,,,,Water]Incineroar||CovertCloak|Intimidate|PartingShot,FakeOut,FlareBlitz,Protect|||F|||50|,,,,,Ghost]Grimmsnarl||LightClay|Prankster|ThunderWave,SpiritBreak,LightScreen,Reflect|||M|||50|,,,,,Ghost\n|\n|t:|1746035717\n|start\n|switch|p1a: Necrozma|Necrozma-Dusk-Mane, L50, shiny|100/100\n|switch|p1b: Miraidon|Miraidon, L50|100/100\n|switch|p2a: Incineroar|Incineroar, L50, F|100/100\n|switch|p2b: Calyrex|Calyrex-Shadow, L50|100/100\n|-ability|p2b: Calyrex|As One\n|-ability|p2b: Calyrex|Unnerve\n|-fieldstart|move: Electric Terrain|[from] ability: Hadron Engine|[of] p1b: Miraidon\n|-ability|p2a: Incineroar|Intimidate|boost\n|-fail|p1a: Necrozma|unboost|[from] item: Clear Amulet|[of] p1a: Necrozma\n|-unboost|p1b: Miraidon|atk|1\n|turn|1\n|\n|t:|1746035804\n|-terastallize|p1a: Necrozma|Dark\n|move|p2b: Calyrex|Protect|p2b: Calyrex\n|-singleturn|p2b: Calyrex|Protect\n|move|p2a: Incineroar|Fake Out|p1b: Miraidon\n|-crit|p1b: Miraidon\n|-damage|p1b: Miraidon|86/100\n|cant|p1b: Miraidon|flinch\n|move|p1a: Necrozma|Knock Off|p2b: Calyrex\n|-activate|p2b: Calyrex|move: Protect\n|\n|upkeep\n|turn|2\n|\n|t:|1746035861\n|switch|p2b: Zamazenta|Zamazenta-Crowned, L50|100/100\n|-ability|p2b: Zamazenta|Dauntless Shield|boost\n|-boost|p2b: Zamazenta|def|1\n|switch|p1b: Chien-Pao|Chien-Pao, L50|100/100\n|-ability|p1b: Chien-Pao|Sword of Ruin\n|move|p1a: Necrozma|Knock Off|p2b: Zamazenta\n|-resisted|p2b: Zamazenta\n|-damage|p2b: Zamazenta|88/100\n|move|p2a: Incineroar|Parting Shot|p1b: Chien-Pao\n|-unboost|p1b: Chien-Pao|atk|1\n|-unboost|p1b: Chien-Pao|spa|1\n|\n|t:|1746035874\n|switch|p2a: Grimmsnarl|Grimmsnarl, L50, M|100/100|[from] Parting Shot\n|\n|upkeep\n|turn|3\n|\n|t:|1746035919\n|switch|p1b: Ogerpon|Ogerpon-Wellspring, L50, F|100/100\n|move|p1a: Necrozma|Protect|p1a: Necrozma\n|-singleturn|p1a: Necrozma|Protect\n|move|p2a: Grimmsnarl|Reflect|p2a: Grimmsnarl\n|-sidestart|p2: benb1122|Reflect\n|move|p2b: Zamazenta|Iron Defense|p2b: Zamazenta\n|-boost|p2b: Zamazenta|def|2\n|\n|upkeep\n|turn|4\n|\n|t:|1746035957\n|move|p1b: Ogerpon|Follow Me|p1b: Ogerpon\n|-singleturn|p1b: Ogerpon|move: Follow Me\n|move|p2a: Grimmsnarl|Thunder Wave|p1b: Ogerpon\n|-status|p1b: Ogerpon|par\n|move|p2b: Zamazenta|Body Press|p1b: Ogerpon\n|-damage|p1b: Ogerpon|0 fnt\n|faint|p1b: Ogerpon\n|move|p1a: Necrozma|Sunsteel Strike|p2a: Grimmsnarl\n|-supereffective|p2a: Grimmsnarl\n|-damage|p2a: Grimmsnarl|0 fnt\n|faint|p2a: Grimmsnarl\n|\n|upkeep\n|\n|t:|1746035977\n|switch|p1b: Miraidon|Miraidon, L50|86/100\n|switch|p2a: Incineroar|Incineroar, L50, F|100/100\n|-activate|p1b: Miraidon|ability: Hadron Engine\n|-ability|p2a: Incineroar|Intimidate|boost\n|-fail|p1a: Necrozma|unboost|[from] item: Clear Amulet|[of] p1a: Necrozma\n|-unboost|p1b: Miraidon|atk|1\n|turn|5\n|\n|t:|1746036006\n|switch|p1b: Chien-Pao|Chien-Pao, L50|100/100\n|-ability|p1b: Chien-Pao|Sword of Ruin\n|move|p2a: Incineroar|Fake Out|p1b: Chien-Pao\n|-damage|p1b: Chien-Pao|86/100\n|move|p2b: Zamazenta|Body Press|p1b: Chien-Pao\n|-supereffective|p1b: Chien-Pao\n|-damage|p1b: Chien-Pao|0 fnt\n|faint|p1b: Chien-Pao\n|move|p1a: Necrozma|Photon Geyser|p2b: Zamazenta\n|-damage|p2b: Zamazenta|77/100\n|\n|-fieldend|move: Electric Terrain\n|upkeep\n|\n|t:|1746036020\n|switch|p1b: Miraidon|Miraidon, L50|86/100\n|-fieldstart|move: Electric Terrain|[from] ability: Hadron Engine|[of] p1b: Miraidon\n|turn|6\n|\n|t:|1746036048\n|move|p1b: Miraidon|Electro Drift|p2b: Zamazenta\n|-damage|p2b: Zamazenta|0 fnt\n|faint|p2b: Zamazenta\n|move|p1a: Necrozma|Photon Geyser|p2a: Incineroar\n|-immune|p2a: Incineroar\n|move|p2a: Incineroar|Parting Shot|p1b: Miraidon\n|-unboost|p1b: Miraidon|atk|1\n|-unboost|p1b: Miraidon|spa|1\n|\n|t:|1746036059\n|switch|p2a: Calyrex|Calyrex-Shadow, L50|100/100|[from] Parting Shot\n|-ability|p2a: Calyrex|As One\n|-ability|p2a: Calyrex|Unnerve\n|\n|upkeep\n|\n|t:|1746036064\n|switch|p2b: Incineroar|Incineroar, L50, F|100/100\n|-ability|p2b: Incineroar|Intimidate|boost\n|-fail|p1a: Necrozma|unboost|[from] item: Clear Amulet|[of] p1a: Necrozma\n|-unboost|p1b: Miraidon|atk|1\n|turn|7\n|\n|t:|1746036084\n|move|p2b: Incineroar|Fake Out|p1a: Necrozma\n|-damage|p1a: Necrozma|94/100\n|move|p2a: Calyrex|Astral Barrage|p1b: Miraidon|[spread] p1a,p1b\n|-resisted|p1a: Necrozma\n|-damage|p1a: Necrozma|69/100\n|-damage|p1b: Miraidon|23/100\n|-damage|p2a: Calyrex|91/100|[from] item: Life Orb\n|move|p1b: Miraidon|Electro Drift|p2b: Incineroar\n|-damage|p2b: Incineroar|41/100\n|cant|p1a: Necrozma|flinch\n|\n|upkeep\n|turn|8\n|\n|t:|1746036102\n|move|p2a: Calyrex|Astral Barrage|p1b: Miraidon|[spread] p1a,p1b\n|-resisted|p1a: Necrozma\n|-crit|p1a: Necrozma\n|-damage|p1a: Necrozma|27/100\n|-damage|p1b: Miraidon|0 fnt\n|faint|p1b: Miraidon\n|-ability|p2a: Calyrex|Grim Neigh|boost\n|-boost|p2a: Calyrex|spa|1\n|-damage|p2a: Calyrex|81/100|[from] item: Life Orb\n|move|p1a: Necrozma|Knock Off|p2a: Calyrex\n|-supereffective|p2a: Calyrex\n|-damage|p2a: Calyrex|0 fnt\n|-enditem|p2a: Calyrex|Life Orb|[from] move: Knock Off|[of] p1a: Necrozma\n|faint|p2a: Calyrex\n|move|p2b: Incineroar|Flare Blitz|p1a: Necrozma\n|-damage|p1a: Necrozma|0 fnt\n|faint|p1a: Necrozma\n|-damage|p2b: Incineroar|32/100|[from] Recoil\n|\n|win|benb1122\n|l|\u2606benb1122\n|player|p2|\n|l|\u2606NiterZero\n|player|p1|\n", "uploadtime": 1746036460, "views": 7, "formatid": "gen9vgc2025regibo3", "rating": null, "private": 0, "password": null}