{"id": "gen9vgc2025regibo3-2353461256", "format": "[Gen 9] VGC 2025 Reg I (Bo3)", "players": ["Vgcgen", "HunterOnShowdown"], "log": "|j|\u2606Vgcgen\n|j|\u2606HunterOnShowdown\n|html|<table width=\"100%\"><tr><td align=\"left\">Vgcgen</td><td align=\"right\">HunterOnShowdown</tr><tr><td align=\"left\"><i class=\"fa fa-circle\"></i> <i class=\"fa fa-circle-o\"></i> </td><td align=\"right\"><i class=\"fa fa-circle-o\"></i> <i class=\"fa fa-circle-o\"></i> </tr></table>\n|uhtml|bestof|<h2><strong>Game 2</strong> of <a href=\"/game-bestof3-gen9vgc2025regibo3-2353458560\">a best-of-3</a></h2>\n|t:|1745958048\n|gametype|doubles\n|player|p1|Vgcgen|102|1161\n|player|p2|HunterOnShowdown|hilbert-masters2|1139\n|teamsize|p1|6\n|teamsize|p2|6\n|gen|9\n|tier|[Gen 9] VGC 2025 Reg I (Bo3)\n|rated|\n|rule|Species Clause: Limit one of each Pok\u00e9mon\n|rule|Item Clause: Limit 1 of each item\n|clearpoke\n|poke|p1|Koraidon, L50|\n|poke|p1|Gothitelle, L50, M|\n|poke|p1|Incineroar, L50, M|\n|poke|p1|Calyrex-Shadow, L50|\n|poke|p1|Brute Bonnet, L50|\n|poke|p1|Scream Tail, L50|\n|poke|p2|Reshiram, L50|\n|poke|p2|Terapagos, L50, M|\n|poke|p2|Whimsicott, L50, F|\n|poke|p2|Ogerpon-Wellspring, L50, F|\n|poke|p2|Farigiraf, L50, M|\n|poke|p2|Urshifu-*, L50, F|\n|teampreview|4\n|showteam|p1|Koraidon||ClearAmulet|OrichalcumPulse|CloseCombat,Protect,FlameCharge,FlareBlitz||||||50|,,,,,Fire]Gothitelle||Leftovers|ShadowTag|FakeOut,Psychic,Protect,TrickRoom|||M|||50|,,,,,Dark]Incineroar||AssaultVest|Intimidate|FakeOut,KnockOff,Uturn,FlareBlitz|||M|||50|,,,,,Ghost]Calyrex-Shadow||FocusSash|AsOneSpectrier|AstralBarrage,Protect,DarkPulse,Taunt||||||50|,,,,,Dark]Brute Bonnet||RockyHelmet|Protosynthesis|Spore,SuckerPunch,SeedBomb,RagePowder||||||50|,,,,,Fairy]Scream Tail||CovertCloak|Protosynthesis|Encore,Protect,PerishSong,Disable||||||50|,,,,,Grass\n|showteam|p2|Reshiram||FlamePlate|Turboblaze|BlueFlare,DracoMeteor,EarthPower,Protect||||||50|,,,,,Fairy]Terapagos||Leftovers|TeraShift|Protect,TeraStarstorm,DarkPulse,CalmMind|||M|||50|,,,,,Stellar]Whimsicott||CovertCloak|Prankster|Tailwind,Moonblast,LightScreen,Encore|||F|||50|,,,,,Dark]Ogerpon-Wellspring||WellspringMask|WaterAbsorb|IvyCudgel,SpikyShield,HornLeech,FollowMe|||F|||50|,,,,,Water]Farigiraf||RockyHelmet|ArmorTail|FoulPlay,TrickRoom,PsychicNoise,HelpingHand|||M|||50|,,,,,Water]Urshifu-Rapid-Strike||MysticWater|UnseenFist|Detect,CloseCombat,SurgingStrikes,Taunt|||F|||50|,,,,,Water\n|inactive|Battle timer is ON: inactive players will automatically lose when time's up. (requested by HunterOnShowdown)\n|\n|t:|1745958071\n|start\n|switch|p1a: Brute Bonnet|Brute Bonnet, L50|100/100\n|switch|p1b: Calyrex|Calyrex-Shadow, L50|100/100\n|switch|p2a: Reshiram|Reshiram, L50|100/100\n|switch|p2b: Whimsicott|Whimsicott, L50, F|100/100\n|-ability|p1b: Calyrex|As One\n|-ability|p1b: Calyrex|Unnerve\n|-ability|p2a: Reshiram|Turboblaze\n|turn|1\n|\n|t:|1745958088\n|move|p2b: Whimsicott|Light Screen|p2b: Whimsicott\n|-sidestart|p2: HunterOnShowdown|move: Light Screen\n|move|p1b: Calyrex|Taunt|p2b: Whimsicott\n|-start|p2b: Whimsicott|move: Taunt\n|move|p2a: Reshiram|Blue Flare|p1b: Calyrex\n|-damage|p1b: Calyrex|6/100\n|move|p1a: Brute Bonnet|Spore|p2a: Reshiram\n|-status|p2a: Reshiram|slp|[from] move: Spore\n|\n|upkeep\n|turn|2\n|\n|t:|1745958111\n|move|p1b: Calyrex|Astral Barrage|p2b: Whimsicott|[spread] p2a,p2b\n|-damage|p2a: Reshiram|68/100 slp\n|-damage|p2b: Whimsicott|58/100\n|move|p2b: Whimsicott|Moonblast|p1b: Calyrex\n|-damage|p1b: Calyrex|0 fnt\n|faint|p1b: Calyrex\n|cant|p2a: Reshiram|slp\n|move|p1a: Brute Bonnet|Seed Bomb|p2a: Reshiram\n|-resisted|p2a: Reshiram\n|-damage|p2a: Reshiram|59/100 slp\n|\n|upkeep\n|\n|t:|1745958124\n|switch|p1b: Koraidon|Koraidon, L50|100/100\n|-weather|SunnyDay|[from] ability: Orichalcum Pulse|[of] p1b: Koraidon\n|-activate|p1a: Brute Bonnet|ability: Protosynthesis\n|-start|p1a: Brute Bonnet|protosynthesisdef\n|-activate|p1b: Koraidon|Orichalcum Pulse|[source]\n|turn|3\n|\n|t:|1745958140\n|switch|p2b: Farigiraf|Farigiraf, L50, M|100/100\n|-terastallize|p1b: Koraidon|Fire\n|move|p1a: Brute Bonnet|Rage Powder|p1a: Brute Bonnet\n|-singleturn|p1a: Brute Bonnet|move: Rage Powder\n|move|p1b: Koraidon|Flame Charge|p2b: Farigiraf\n|-damage|p2b: Farigiraf|52/100\n|-boost|p1b: Koraidon|spe|1\n|-damage|p1b: Koraidon|84/100|[from] item: Rocky Helmet|[of] p2b: Farigiraf\n|cant|p2a: Reshiram|slp\n|\n|-weather|SunnyDay|[upkeep]\n|upkeep\n|turn|4\n|\n|t:|1745958162\n|-terastallize|p2a: Reshiram|Fairy\n|move|p1b: Koraidon|Flare Blitz|p2b: Farigiraf\n|-damage|p2b: Farigiraf|0 fnt\n|-damage|p1b: Koraidon|67/100|[from] item: Rocky Helmet|[of] p2b: Farigiraf\n|faint|p2b: Farigiraf\n|-damage|p1b: Koraidon|46/100|[from] Recoil\n|cant|p2a: Reshiram|slp\n|move|p1a: Brute Bonnet|Spore|p2a: Reshiram\n|-fail|p2a: Reshiram|slp\n|\n|-weather|SunnyDay|[upkeep]\n|upkeep\n|\n|t:|1745958168\n|switch|p2b: Whimsicott|Whimsicott, L50, F|58/100\n|turn|5\n|\n|t:|1745958179\n|move|p1a: Brute Bonnet|Rage Powder|p1a: Brute Bonnet\n|-singleturn|p1a: Brute Bonnet|move: Rage Powder\n|move|p2b: Whimsicott|Tailwind|p2b: Whimsicott\n|-sidestart|p2: HunterOnShowdown|move: Tailwind\n|-curestatus|p2a: Reshiram|slp|[msg]\n|move|p2a: Reshiram|Earth Power|p1a: Brute Bonnet\n|-resisted|p1a: Brute Bonnet\n|-damage|p1a: Brute Bonnet|88/100\n|move|p1b: Koraidon|Flame Charge|p2b: Whimsicott\n|-supereffective|p2b: Whimsicott\n|-damage|p2b: Whimsicott|0 fnt\n|-boost|p1b: Koraidon|spe|1\n|faint|p2b: Whimsicott\n|\n|-weather|SunnyDay|[upkeep]\n|-sideend|p2: HunterOnShowdown|move: Light Screen\n|upkeep\n|\n|t:|1745958183\n|switch|p2b: Terapagos|Terapagos, L50, M|100/100\n|-activate|p2b: Terapagos|ability: Tera Shift\n|detailschange|p2b: Terapagos|Terapagos-Terastal, L50, M\n|-heal|p2b: Terapagos|100/100|[silent]\n|turn|6\n|\n|t:|1745958202\n|-end|p1a: Brute Bonnet|Protosynthesis|[silent]\n|switch|p1a: Scream Tail|Scream Tail, L50|100/100\n|-activate|p1a: Scream Tail|ability: Protosynthesis\n|-start|p1a: Scream Tail|protosynthesisspe\n|move|p1b: Koraidon|Protect|p1b: Koraidon\n|-singleturn|p1b: Koraidon|Protect\n|move|p2a: Reshiram|Blue Flare|p1a: Scream Tail\n|-damage|p1a: Scream Tail|12/100\n|move|p2b: Terapagos|Tera Starstorm|p1b: Koraidon\n|-activate|p1b: Koraidon|move: Protect\n|\n|-weather|SunnyDay|[upkeep]\n|upkeep\n|turn|7\n|inactive|Vgcgen has 30 seconds left.\n|\n|t:|1745958231\n|switch|p1b: Brute Bonnet|Brute Bonnet, L50|88/100\n|-activate|p1b: Brute Bonnet|ability: Protosynthesis\n|-start|p1b: Brute Bonnet|protosynthesisdef\n|move|p2a: Reshiram|Protect|p2a: Reshiram\n|-singleturn|p2a: Reshiram|Protect\n|move|p1a: Scream Tail|Protect|p1a: Scream Tail\n|-singleturn|p1a: Scream Tail|Protect\n|move|p2b: Terapagos|Dark Pulse|p1a: Scream Tail\n|-activate|p1a: Scream Tail|move: Protect\n|\n|-weather|none\n|-end|p1a: Scream Tail|Protosynthesis\n|-end|p1b: Brute Bonnet|Protosynthesis\n|upkeep\n|turn|8\n|\n|t:|1745958247\n|move|p1b: Brute Bonnet|Rage Powder|p1b: Brute Bonnet\n|-singleturn|p1b: Brute Bonnet|move: Rage Powder\n|move|p2a: Reshiram|Blue Flare|p1b: Brute Bonnet\n|-supereffective|p1b: Brute Bonnet\n|-damage|p1b: Brute Bonnet|0 fnt\n|faint|p1b: Brute Bonnet\n|-end|p1b: Brute Bonnet|Protosynthesis|[silent]\n|move|p2b: Terapagos|Tera Starstorm|p1a: Scream Tail\n|-crit|p1a: Scream Tail\n|-damage|p1a: Scream Tail|0 fnt\n|faint|p1a: Scream Tail\n|-end|p1a: Scream Tail|Protosynthesis|[silent]\n|\n|-sideend|p2: HunterOnShowdown|move: Tailwind\n|upkeep\n|\n|t:|1745958256\n|switch|p1a: Koraidon|Koraidon, L50, tera:Fire|46/100\n|-weather|SunnyDay|[from] ability: Orichalcum Pulse|[of] p1a: Koraidon\n|-activate|p1a: Koraidon|Orichalcum Pulse|[source]\n|turn|9\n|\n|t:|1745958263\n|move|p1a: Koraidon|Flare Blitz|p2a: Reshiram\n|-damage|p2a: Reshiram|0 fnt\n|faint|p2a: Reshiram\n|-damage|p1a: Koraidon|26/100|[from] Recoil\n|move|p2b: Terapagos|Tera Starstorm|p1a: Koraidon\n|-damage|p1a: Koraidon|0 fnt\n|faint|p1a: Koraidon\n|\n|win|HunterOnShowdown\n||HunterOnShowdown is ready for game 3.\n||Vgcgen is ready for game 3.\n|uhtml|next|Next: <a href=\"/battle-gen9vgc2025regibo3-2353463699\"><strong>Game 3 of 3</strong></a>\n|l|\u2606HunterOnShowdown\n|player|p2|\n", "uploadtime": 1745958542, "views": 6, "formatid": "gen9vgc2025regibo3", "rating": null, "private": 0, "password": null}