{"id": "gen9vgc2025regibo3-2353911176", "format": "[Gen 9] VGC 2025 Reg I (Bo3)", "players": ["G00bermeister69420", "enguunpvp"], "log": "|j|\u2606G00bermeister69420\n|j|\u203denguunpvp\n|html|<table width=\"100%\"><tr><td align=\"left\">G00bermeister69420</td><td align=\"right\">enguunpvp</tr><tr><td align=\"left\"><i class=\"fa fa-circle\"></i> <i class=\"fa fa-circle-o\"></i> </td><td align=\"right\"><i class=\"fa fa-circle-o\"></i> <i class=\"fa fa-circle\"></i> </tr></table>\n|uhtml|bestof|<h2><strong>Game 3</strong> of <a href=\"/game-bestof3-gen9vgc2025regibo3-2353908306\">a best-of-3</a></h2>\n|t:|1746017970\n|gametype|doubles\n|player|p1|G00bermeister69420|hiker-gen4|1059\n|player|p2|enguunpvp|steven|1054\n|teamsize|p1|6\n|teamsize|p2|6\n|gen|9\n|tier|[Gen 9] VGC 2025 Reg I (Bo3)\n|rated|\n|rule|Species Clause: Limit one of each Pok\u00e9mon\n|rule|Item Clause: Limit 1 of each item\n|clearpoke\n|poke|p1|Regidrago, L50|\n|poke|p1|Zacian-*, L50|\n|poke|p1|Calyrex-Ice, L50|\n|poke|p1|Ogerpon-Cornerstone, L50, F|\n|poke|p1|Chandelure, L50, M|\n|poke|p1|Ursaluna, L50, F|\n|poke|p2|Zacian-*, L50|\n|poke|p2|Kyogre, L50|\n|poke|p2|Rillaboom, L50, F|\n|poke|p2|Annihilape, L50, M|\n|poke|p2|Tornadus, L50, M|\n|poke|p2|Kingdra, L50, F|\n|teampreview|4\n|showteam|p1|Regidrago||IronBall|DragonsMaw|DragonEnergy,EarthPower,DragonPulse,Protect||||||50|,,,,,Dragon]Zacian-Crowned||RustedSword|IntrepidSword|behemothblade,PlayRough,SacredSword,Protect||||||50|,,,,,Fighting]Calyrex-Ice||PowerLens|AsOneGlastrier|GlacialLance,HealPulse,CloseCombat,TrickRoom||||||50|,,,,,Water]Ogerpon-Cornerstone||CornerstoneMask|Sturdy|SpikyShield,Taunt,FollowMe,IvyCudgel|||F|||50|,,,,,Rock]Chandelure||FocusSash|Infiltrator|TrickRoom,Flamethrower,ShadowBall,Haze|||M|||50|,,,,,Fire]Ursaluna||FlameOrb|Guts|Facade,BrickBreak,Protect,HeadlongRush|||F|||50|,,,,,Fighting\n|showteam|p2|Zacian-Crowned||RustedSword|IntrepidSword|CloseCombat,PlayRough,behemothblade,Protect||||||50|,,,,,Fighting]Kyogre||Leftovers|Drizzle|Protect,OriginPulse,IceBeam,Thunder||||||50|,,,,,Water]Rillaboom||AssaultVest|GrassySurge|GrassyGlide,Uturn,KnockOff,FakeOut|||F|||50|,,,,,Grass]Annihilape||ChoiceScarf|Defiant|FinalGambit,CloseCombat,RageFist,DrainPunch|||M|||50|,,,,,Fighting]Tornadus||CovertCloak|Prankster|RainDance,Tailwind,BleakwindStorm,DarkPulse|||M|||50|,,,,,Flying]Kingdra||ChoiceSpecs|SwiftSwim|DracoMeteor,HydroPump,IceBeam,MuddyWater|||F|||50|,,,,,Water\n|inactive|Battle timer is ON: inactive players will automatically lose when time's up. (requested by enguunpvp)\n|\n|t:|1746017976\n|start\n|switch|p1a: Timmy|Ogerpon-Cornerstone, L50, F|100/100\n|switch|p1b: Chandelure|Chandelure, L50, M|100/100\n|switch|p2a: Kyogre|Kyogre, L50|100/100\n|switch|p2b: Rillaboom|Rillaboom, L50, F|100/100\n|-fieldstart|move: Grassy Terrain|[from] ability: Grassy Surge|[of] p2b: Rillaboom\n|-weather|RainDance|[from] ability: Drizzle|[of] p2a: Kyogre\n|turn|1\n|\n|t:|1746017991\n|move|p2b: Rillaboom|Fake Out|p1a: Timmy\n|-resisted|p1a: Timmy\n|-damage|p1a: Timmy|91/100\n|cant|p1a: Timmy|flinch\n|move|p2a: Kyogre|Origin Pulse|p1b: Chandelure|[spread] p1a,p1b\n|-supereffective|p1b: Chandelure\n|-damage|p1a: Timmy|0 fnt\n|-enditem|p1b: Chandelure|Focus Sash\n|-damage|p1b: Chandelure|1/100\n|faint|p1a: Timmy\n|move|p1b: Chandelure|Trick Room|p1b: Chandelure\n|-fieldstart|move: Trick Room|[of] p1b: Chandelure\n|\n|-weather|RainDance|[upkeep]\n|-heal|p1b: Chandelure|7/100|[from] Grassy Terrain\n|upkeep\n|\n|t:|1746018001\n|switch|p1a: Ginshakaklook|Regidrago, L50|100/100\n|turn|2\n|\n|t:|1746018011\n|-terastallize|p1a: Ginshakaklook|Dragon\n|move|p2b: Rillaboom|Grassy Glide|p1b: Chandelure\n|-resisted|p1b: Chandelure\n|-damage|p1b: Chandelure|0 fnt\n|faint|p1b: Chandelure\n|move|p1a: Ginshakaklook|Dragon Energy|p2b: Rillaboom|[spread] p2a,p2b\n|-damage|p2a: Kyogre|30/100\n|-damage|p2b: Rillaboom|0 fnt\n|faint|p2b: Rillaboom\n|move|p2a: Kyogre|Ice Beam|p1a: Ginshakaklook\n|-supereffective|p1a: Ginshakaklook\n|-damage|p1a: Ginshakaklook|26/100\n|\n|-weather|RainDance|[upkeep]\n|-heal|p1a: Ginshakaklook|32/100|[from] Grassy Terrain\n|-heal|p2a: Kyogre|36/100|[from] Grassy Terrain\n|-heal|p2a: Kyogre|42/100|[from] item: Leftovers\n|upkeep\n|\n|t:|1746018027\n|switch|p1b: We are the pub|Calyrex-Ice, L50|100/100\n|switch|p2b: Annihilape|Annihilape, L50, M|100/100\n|-ability|p1b: We are the pub|As One\n|-ability|p1b: We are the pub|Unnerve\n|turn|3\n|\n|t:|1746018036\n|move|p2a: Kyogre|Protect|p2a: Kyogre\n|-singleturn|p2a: Kyogre|Protect\n|move|p1b: We are the pub|Heal Pulse|p1a: Ginshakaklook\n|-heal|p1a: Ginshakaklook|83/100\n|move|p1a: Ginshakaklook|Dragon Energy|p2a: Kyogre|[spread] p2b\n|-activate|p2a: Kyogre|move: Protect\n|-damage|p2b: Annihilape|14/100\n|move|p2b: Annihilape|Final Gambit|p1b: We are the pub\n|-damage|p1b: We are the pub|88/100\n|faint|p2b: Annihilape\n|\n|-weather|RainDance|[upkeep]\n|-heal|p1b: We are the pub|94/100|[from] Grassy Terrain\n|-heal|p1a: Ginshakaklook|89/100|[from] Grassy Terrain\n|-heal|p2a: Kyogre|47/100|[from] Grassy Terrain\n|-heal|p2a: Kyogre|53/100|[from] item: Leftovers\n|upkeep\n|\n|t:|1746018050\n|switch|p2b: Zacian|Zacian-Crowned, L50, shiny|100/100\n|-ability|p2b: Zacian|Intrepid Sword|boost\n|-boost|p2b: Zacian|atk|1\n|turn|4\n|\n|t:|1746018059\n|move|p2b: Zacian|Protect|p2b: Zacian\n|-singleturn|p2b: Zacian|Protect\n|move|p1b: We are the pub|Close Combat|p2b: Zacian\n|-activate|p2b: Zacian|move: Protect\n|move|p1a: Ginshakaklook|Dragon Energy|p2a: Kyogre|[spread] p2a\n|-activate|p2b: Zacian|move: Protect\n|-damage|p2a: Kyogre|0 fnt\n|faint|p2a: Kyogre\n|\n|-weather|RainDance|[upkeep]\n|-heal|p1b: We are the pub|99/100|[from] Grassy Terrain\n|-heal|p1a: Ginshakaklook|95/100|[from] Grassy Terrain\n|upkeep\n|turn|5\n|\n|t:|1746018072\n|move|p2b: Zacian|Protect||[still]\n|-fail|p2b: Zacian\n|move|p1b: We are the pub|Close Combat|p2b: Zacian\n|-damage|p2b: Zacian|48/100\n|-unboost|p1b: We are the pub|def|1\n|-unboost|p1b: We are the pub|spd|1\n|move|p1a: Ginshakaklook|Earth Power|p2b: Zacian\n|-supereffective|p2b: Zacian\n|-damage|p2b: Zacian|0 fnt\n|faint|p2b: Zacian\n|\n|win|G00bermeister69420\n|raw|G00bermeister69420's rating: 1059 &rarr; <strong>1090</strong><br />(+31 for winning)\n|raw|enguunpvp's rating: 1054 &rarr; <strong>1036</strong><br />(-18 for losing)\n|l|\u203denguunpvp\n|player|p2|\n", "uploadtime": 1746018119, "views": 6, "formatid": "gen9vgc2025regibo3", "rating": 1036, "private": 0, "password": null}