{"id": "gen9vgc2025regibo3-2353867390", "format": "[Gen 9] VGC 2025 Reg I (Bo3)", "players": ["dambro222", "bapycara"], "log": "|j|\u2606dambro222\n|j|\u2606bapycara\n|html|<table width=\"100%\"><tr><td align=\"left\">dambro222</td><td align=\"right\">bapycara</tr><tr><td align=\"left\"><i class=\"fa fa-circle-o\"></i> <i class=\"fa fa-circle-o\"></i> </td><td align=\"right\"><i class=\"fa fa-circle-o\"></i> <i class=\"fa fa-circle\"></i> </tr></table>\n|uhtml|bestof|<h2><strong>Game 2</strong> of <a href=\"/game-bestof3-gen9vgc2025regibo3-2353864740\">a best-of-3</a></h2>\n|t:|1746012550\n|gametype|doubles\n|player|p1|dambro222|101|1193\n|player|p2|bapycara|maid|1188\n|teamsize|p1|6\n|teamsize|p2|6\n|gen|9\n|tier|[Gen 9] VGC 2025 Reg I (Bo3)\n|rated|\n|rule|Species Clause: Limit one of each Pok\u00e9mon\n|rule|Item Clause: Limit 1 of each item\n|clearpoke\n|poke|p1|Ho-Oh, L50|\n|poke|p1|Miraidon, L50|\n|poke|p1|Flutter Mane, L50|\n|poke|p1|Iron Hands, L50|\n|poke|p1|Urshifu-*, L50, M|\n|poke|p1|Iron Treads, L50|\n|poke|p2|Ogerpon, L50, F|\n|poke|p2|Kyogre, L50|\n|poke|p2|Raging Bolt, L50|\n|poke|p2|Incineroar, L50, M|\n|poke|p2|Calyrex-Shadow, L50|\n|poke|p2|Moltres-Galar, L50|\n|teampreview|4\n|showteam|p1|Ho-Oh||ClearAmulet|Regenerator|SacredFire,BraveBird,Tailwind,Protect||||||50|,,,,,Dragon]Miraidon||CovertCloak|HadronEngine|ElectroDrift,VoltSwitch,DracoMeteor,Protect||||||50|,,,,,Electric]Flutter Mane||BoosterEnergy|Protosynthesis|Moonblast,ShadowBall,IcyWind,Protect||||||50|,,,,,Fairy]Iron Hands||AssaultVest|QuarkDrive|FakeOut,DrainPunch,WildCharge,LowKick||||||50|,,,,,Water]Urshifu||FocusSash|UnseenFist|WickedBlow,CloseCombat,SuckerPunch,Detect|||M|||50|,,,,,Poison]Iron Treads||ChoiceBand|QuarkDrive|IronHead,HighHorsepower,KnockOff,SteelRoller||||||50|,,,,,Water\n|showteam|p2|Ogerpon||LifeOrb|Defiant|SpikyShield,IvyCudgel,Superpower,FollowMe|||F|||50|,,,,,Grass]Kyogre||ChoiceScarf|Drizzle|WaterSpout,IceBeam,OriginPulse,Thunder||||||50|,,,,,Water]Raging Bolt||BoosterEnergy|Protosynthesis|Thunder,DracoMeteor,Thunderclap,Protect||||||50|,,,,,Electric]Incineroar||SafetyGoggles|Intimidate|Taunt,FakeOut,KnockOff,PartingShot|||M|||50|,,,,,Ghost]Calyrex-Shadow||FocusSash|AsOneSpectrier|AstralBarrage,Psychic,Encore,Protect||||||50|,,,,,Normal]Moltres-Galar||CovertCloak|Berserk|Snarl,Hurricane,Tailwind,Protect||||||50|,,,,,Grass\n|inactive|Battle timer is ON: inactive players will automatically lose when time's up. (requested by bapycara)\n|inactive|dambro222 has 60 seconds left.\n|inactive|bapycara has 60 seconds left.\n|\n|t:|1746012587\n|start\n|switch|p1a: Ho-Oh|Ho-Oh, L50|100/100\n|switch|p1b: Miraidon|Miraidon, L50|100/100\n|switch|p2a: Ogerpon|Ogerpon, L50, F|100/100\n|switch|p2b: Raging Bolt|Raging Bolt, L50|100/100\n|-fieldstart|move: Electric Terrain|[from] ability: Hadron Engine|[of] p1b: Miraidon\n|-enditem|p2b: Raging Bolt|Booster Energy\n|-activate|p2b: Raging Bolt|ability: Protosynthesis|[fromitem]\n|-start|p2b: Raging Bolt|protosynthesisspa\n|turn|1\n|inactive|dambro222 has 30 seconds left.\n|\n|t:|1746012619\n|switch|p1b: Flutter Mane|Flutter Mane, L50|100/100\n|-enditem|p1b: Flutter Mane|Booster Energy\n|-activate|p1b: Flutter Mane|ability: Protosynthesis|[fromitem]\n|-start|p1b: Flutter Mane|protosynthesisspe\n|-terastallize|p1a: Ho-Oh|Dragon\n|move|p2a: Ogerpon|Follow Me|p2a: Ogerpon\n|-singleturn|p2a: Ogerpon|move: Follow Me\n|move|p1a: Ho-Oh|Brave Bird|p2a: Ogerpon\n|-supereffective|p2a: Ogerpon\n|-damage|p2a: Ogerpon|0 fnt\n|faint|p2a: Ogerpon\n|-damage|p1a: Ho-Oh|72/100|[from] Recoil\n|move|p2b: Raging Bolt|Draco Meteor|p1b: Flutter Mane\n|-immune|p1b: Flutter Mane\n|\n|upkeep\n|\n|t:|1746012637\n|switch|p2a: Calyrex|Calyrex-Shadow, L50|100/100\n|-ability|p2a: Calyrex|As One\n|-ability|p2a: Calyrex|Unnerve\n|turn|2\n|\n|t:|1746012651\n|-terastallize|p2a: Calyrex|Normal\n|move|p2b: Raging Bolt|Thunderclap|p1b: Flutter Mane\n|-damage|p1b: Flutter Mane|35/100\n|move|p1b: Flutter Mane|Icy Wind|p2a: Calyrex|[spread] p2a,p2b\n|-supereffective|p2b: Raging Bolt\n|-damage|p2a: Calyrex|87/100\n|-damage|p2b: Raging Bolt|77/100\n|-unboost|p2a: Calyrex|spe|1\n|-unboost|p2b: Raging Bolt|spe|1\n|move|p2a: Calyrex|Astral Barrage|p1b: Flutter Mane|[spread] p1a,p1b\n|-supereffective|p1b: Flutter Mane\n|-damage|p1a: Ho-Oh|36/100\n|-damage|p1b: Flutter Mane|0 fnt\n|faint|p1b: Flutter Mane\n|-end|p1b: Flutter Mane|Protosynthesis|[silent]\n|-ability|p2a: Calyrex|Grim Neigh|boost\n|-boost|p2a: Calyrex|spa|1\n|move|p1a: Ho-Oh|Tailwind|p1a: Ho-Oh\n|-sidestart|p1: dambro222|move: Tailwind\n|\n|upkeep\n|\n|t:|1746012666\n|switch|p1b: Urshifu|Urshifu, L50, M|100/100\n|turn|3\n|\n|t:|1746012683\n|move|p2b: Raging Bolt|Thunderclap|p1b: Urshifu\n|-enditem|p1b: Urshifu|Focus Sash\n|-damage|p1b: Urshifu|1/100\n|move|p1b: Urshifu|Close Combat|p2a: Calyrex\n|-supereffective|p2a: Calyrex\n|-damage|p2a: Calyrex|0 fnt\n|-unboost|p1b: Urshifu|def|1\n|-unboost|p1b: Urshifu|spd|1\n|faint|p2a: Calyrex\n|move|p1a: Ho-Oh|Brave Bird|p2b: Raging Bolt\n|-resisted|p2b: Raging Bolt\n|-damage|p2b: Raging Bolt|46/100\n|-damage|p1a: Ho-Oh|24/100|[from] Recoil\n|\n|upkeep\n|\n|t:|1746012689\n|switch|p2a: Kyogre|Kyogre, L50|100/100\n|-weather|RainDance|[from] ability: Drizzle|[of] p2a: Kyogre\n|turn|4\n|inactive|dambro222 has 30 seconds left.\n|\n|t:|1746012718\n|move|p1a: Ho-Oh|Protect|p1a: Ho-Oh\n|-singleturn|p1a: Ho-Oh|Protect\n|move|p1b: Urshifu|Sucker Punch|p2a: Kyogre\n|-damage|p2a: Kyogre|60/100\n|move|p2b: Raging Bolt|Thunderclap||[still]\n|-fail|p2b: Raging Bolt\n|move|p2a: Kyogre|Origin Pulse|p1b: Urshifu|[spread] p1b\n|-activate|p1a: Ho-Oh|move: Protect\n|-damage|p1b: Urshifu|0 fnt\n|faint|p1b: Urshifu\n|\n|-weather|RainDance|[upkeep]\n|upkeep\n|\n|t:|1746012729\n|switch|p1b: Miraidon|Miraidon, L50|100/100\n|-activate|p1b: Miraidon|ability: Hadron Engine\n|turn|5\n|\n|t:|1746012750\n|move|p2b: Raging Bolt|Thunderclap|p1a: Ho-Oh\n|-resisted|p1a: Ho-Oh\n|-damage|p1a: Ho-Oh|3/100\n|move|p1b: Miraidon|Electro Drift|p2a: Kyogre\n|-supereffective|p2a: Kyogre\n|-damage|p2a: Kyogre|0 fnt\n|faint|p2a: Kyogre\n|move|p1a: Ho-Oh|Brave Bird|p2b: Raging Bolt\n|-resisted|p2b: Raging Bolt\n|-damage|p2b: Raging Bolt|18/100\n|-damage|p1a: Ho-Oh|0 fnt|[from] Recoil\n|faint|p1a: Ho-Oh\n|\n|-weather|RainDance|[upkeep]\n|-sideend|p1: dambro222|move: Tailwind\n|-fieldend|move: Electric Terrain\n|upkeep\n|turn|6\n|-message|bapycara forfeited.\n|\n|win|dambro222\n|l|\u2606bapycara\n|player|p2|\n||bapycara is ready for game 3.\n", "uploadtime": 1746012762, "views": 8, "formatid": "gen9vgc2025regibo3", "rating": null, "private": 0, "password": null}