{"id": "gen9vgc2025regibo3-2354810793", "format": "[Gen 9] VGC 2025 Reg I (Bo3)", "players": ["kevsux", "LaneOfDeath"], "log": "|j|\u2606kevsux\n|j|\u2606LaneOfDeath\n|html|<table width=\"100%\"><tr><td align=\"left\">kevsux</td><td align=\"right\">LaneOfDeath</tr><tr><td align=\"left\"><i class=\"fa fa-circle-o\"></i> <i class=\"fa fa-circle-o\"></i> </td><td align=\"right\"><i class=\"fa fa-circle-o\"></i> <i class=\"fa fa-circle-o\"></i> </tr></table>\n|uhtml|bestof|<h2><strong>Game 1</strong> of <a href=\"/game-bestof3-gen9vgc2025regibo3-2354810792\">a best-of-3</a></h2>\n|t:|1746121761\n|gametype|doubles\n|player|p1|kevsux|brendan-gen3|1000\n|player|p2|LaneOfDeath|102|1024\n|teamsize|p1|6\n|teamsize|p2|6\n|gen|9\n|tier|[Gen 9] VGC 2025 Reg I (Bo3)\n|rated|\n|rule|Species Clause: Limit one of each Pok\u00e9mon\n|rule|Item Clause: Limit 1 of each item\n|clearpoke\n|poke|p1|Calyrex-Shadow, L50|\n|poke|p1|Terapagos, L50, M|\n|poke|p1|Incineroar, L50, M|\n|poke|p1|Ogerpon-Cornerstone, L50, F|\n|poke|p1|Urshifu-*, L50, F|\n|poke|p1|Rillaboom, L50, M|\n|poke|p2|Kyogre, L50|\n|poke|p2|Zacian-*, L50|\n|poke|p2|Raichu, L50, M|\n|poke|p2|Urshifu-*, L50, M|\n|poke|p2|Flutter Mane, L50|\n|poke|p2|Kingambit, L50, F|\n|teampreview|4\n|showteam|p1|Calyrex-Shadow||FocusSash|AsOneSpectrier|AstralBarrage,WillOWisp,Disable,Protect||||||50|,,,,,Ghost]Terapagos||Leftovers|TeraShift|TeraStarstorm,EarthPower,CalmMind,Protect|||M|||50|,,,,,Stellar]Incineroar||SitrusBerry|Intimidate|FakeOut,KnockOff,WillOWisp,PartingShot|||M|||50|,,,,,Water]Ogerpon-Cornerstone||CornerstoneMask|Sturdy|IvyCudgel,PowerWhip,FollowMe,SpikyShield|||F|||50|,,,,,Rock]Urshifu-Rapid-Strike||SplashPlate|UnseenFist|SurgingStrikes,CloseCombat,AquaJet,Detect|||F|||50|,,,,,Water]Rillaboom||AssaultVest|GrassySurge|FakeOut,WoodHammer,GrassyGlide,Uturn|||M|||50|,,,,,Fire\n|showteam|p2|Kyogre||ChoiceScarf|Drizzle|WaterSpout,OriginPulse,IceBeam,Thunder||||||50|,,,,,Water]Zacian-Crowned||RustedSword|IntrepidSword|behemothblade,PlayRough,SacredSword,Protect||||||50|,,,,,Stellar]Raichu||AssaultVest|LightningRod|FakeOut,Nuzzle,VoltSwitch,UpperHand|||M|||50|,,,,,Fairy]Urshifu-Rapid-Strike||MysticWater|UnseenFist|SurgingStrikes,CloseCombat,Taunt,Protect|||M|||50|,,,,,Water]Flutter Mane||BoosterEnergy|Protosynthesis|IcyWind,ShadowBall,Moonblast,Protect||||||50|,,,,,Fairy]Kingambit||SafetyGoggles|Defiant|KowtowCleave,SuckerPunch,SwordsDance,Protect|||F|||50|,,,,,Dark\n|inactive|Battle timer is ON: inactive players will automatically lose when time's up. (requested by kevsux)\n|inactive|kevsux has 60 seconds left.\n|\n|t:|1746121803\n|start\n|switch|p1a: Terapagos|Terapagos, L50, M|100/100\n|switch|p1b: Calyrex|Calyrex-Shadow, L50|100/100\n|switch|p2a: Flutter Mane|Flutter Mane, L50|100/100\n|switch|p2b: Raichu|Raichu, L50, M, shiny|100/100\n|-activate|p1a: Terapagos|ability: Tera Shift\n|detailschange|p1a: Terapagos|Terapagos-Terastal, L50, M\n|-heal|p1a: Terapagos|100/100|[silent]\n|-ability|p1b: Calyrex|As One\n|-ability|p1b: Calyrex|Unnerve\n|-enditem|p2a: Flutter Mane|Booster Energy\n|-activate|p2a: Flutter Mane|ability: Protosynthesis|[fromitem]\n|-start|p2a: Flutter Mane|protosynthesisspe\n|turn|1\n|\n|t:|1746121825\n|move|p2a: Flutter Mane|Shadow Ball|p1b: Calyrex\n|-supereffective|p1b: Calyrex\n|-enditem|p1b: Calyrex|Focus Sash\n|-damage|p1b: Calyrex|1/100\n|move|p1b: Calyrex|Astral Barrage|p2b: Raichu|[spread] p2a,p2b\n|-supereffective|p2a: Flutter Mane\n|-crit|p2b: Raichu\n|-damage|p2a: Flutter Mane|0 fnt\n|-damage|p2b: Raichu|24/100\n|faint|p2a: Flutter Mane\n|-end|p2a: Flutter Mane|Protosynthesis|[silent]\n|-ability|p1b: Calyrex|Grim Neigh|boost\n|-boost|p1b: Calyrex|spa|1\n|move|p2b: Raichu|Nuzzle|p1a: Terapagos\n|-activate|p1a: Terapagos|ability: Tera Shell\n|-resisted|p1a: Terapagos\n|-damage|p1a: Terapagos|99/100\n|-status|p1a: Terapagos|par\n|cant|p1a: Terapagos|par\n|\n|-heal|p1a: Terapagos|100/100 par|[from] item: Leftovers\n|upkeep\n|\n|t:|1746121846\n|switch|p2a: Kyogre|Kyogre, L50|100/100\n|-weather|RainDance|[from] ability: Drizzle|[of] p2a: Kyogre\n|turn|2\n|\n|t:|1746121864\n|switch|p1b: Urshifu|Urshifu-Rapid-Strike, L50, F|100/100\n|-terastallize|p1a: Terapagos|Stellar\n|detailschange|p1a: Terapagos|Terapagos-Stellar, L50, M, tera:Stellar\n|-heal|p1a: Terapagos|100/100 par|[silent]\n|-ability|p1a: Terapagos|Teraform Zero\n|-weather|none\n|move|p2a: Kyogre|Water Spout|p1b: Urshifu|[spread] p1a,p1b\n|-resisted|p1b: Urshifu\n|-damage|p1a: Terapagos|63/100 par\n|-damage|p1b: Urshifu|56/100\n|move|p2b: Raichu|Volt Switch|p1a: Terapagos\n|-damage|p1a: Terapagos|51/100 par\n|\n|t:|1746121883\n|switch|p2b: Zacian|Zacian-Crowned, L50|100/100|[from] Volt Switch\n|-ability|p2b: Zacian|Intrepid Sword|boost\n|-boost|p2b: Zacian|atk|1\n|move|p1a: Terapagos|Tera Starstorm|p2b: Zacian|[spread] p2a,p2b\n|-damage|p2a: Kyogre|77/100\n|-damage|p2b: Zacian|77/100\n|\n|-heal|p1a: Terapagos|57/100 par|[from] item: Leftovers\n|upkeep\n|turn|3\n|inactive|kevsux has 30 seconds left.\n|\n|t:|1746121909\n|switch|p2a: Raichu|Raichu, L50, M, shiny|24/100\n|switch|p1a: Incineroar|Incineroar, L50, M|100/100\n|-ability|p1a: Incineroar|Intimidate|boost\n|-unboost|p2a: Raichu|atk|1\n|-unboost|p2b: Zacian|atk|1\n|move|p2b: Zacian|Play Rough|p1b: Urshifu\n|-supereffective|p1b: Urshifu\n|-damage|p1b: Urshifu|0 fnt\n|faint|p1b: Urshifu\n|\n|upkeep\n|\n|t:|1746121921\n|switch|p1b: Calyrex|Calyrex-Shadow, L50|1/100\n|-ability|p1b: Calyrex|As One\n|-ability|p1b: Calyrex|Unnerve\n|turn|4\n|\n|t:|1746121930\n|switch|p1a: Terapagos|Terapagos-Stellar, L50, M, tera:Stellar|57/100 par\n|move|p2a: Raichu|Upper Hand||[still]\n|-fail|p2a: Raichu\n|move|p1b: Calyrex|Astral Barrage|p2b: Zacian|[spread] p2a,p2b\n|-damage|p2a: Raichu|0 fnt\n|-damage|p2b: Zacian|30/100\n|faint|p2a: Raichu\n|-ability|p1b: Calyrex|Grim Neigh|boost\n|-boost|p1b: Calyrex|spa|1\n|move|p2b: Zacian|Behemoth Blade|p1b: Calyrex\n|-damage|p1b: Calyrex|0 fnt\n|faint|p1b: Calyrex\n|\n|-heal|p1a: Terapagos|63/100 par|[from] item: Leftovers\n|upkeep\n|\n|t:|1746121939\n|switch|p1b: Incineroar|Incineroar, L50, M|100/100\n|switch|p2a: Kyogre|Kyogre, L50|77/100\n|-weather|RainDance|[from] ability: Drizzle|[of] p2a: Kyogre\n|-ability|p1b: Incineroar|Intimidate|boost\n|-unboost|p2a: Kyogre|atk|1\n|-unboost|p2b: Zacian|atk|1\n|turn|5\n|\n|t:|1746121952\n|move|p1b: Incineroar|Fake Out|p2b: Zacian\n|-resisted|p2b: Zacian\n|-damage|p2b: Zacian|26/100\n|move|p2a: Kyogre|Water Spout|p1b: Incineroar|[spread] p1a,p1b\n|-supereffective|p1b: Incineroar\n|-damage|p1a: Terapagos|24/100 par\n|-damage|p1b: Incineroar|0 fnt\n|faint|p1b: Incineroar\n|cant|p2b: Zacian|flinch\n|move|p1a: Terapagos|Tera Starstorm|p2a: Kyogre|[spread] p2a,p2b\n|-crit|p2a: Kyogre\n|-damage|p2a: Kyogre|39/100\n|-damage|p2b: Zacian|2/100\n|\n|-weather|RainDance|[upkeep]\n|-heal|p1a: Terapagos|30/100 par|[from] item: Leftovers\n|upkeep\n|turn|6\n|\n|t:|1746121966\n|move|p2a: Kyogre|Water Spout|p1a: Terapagos\n|-damage|p1a: Terapagos|2/100 par\n|move|p2b: Zacian|Sacred Sword|p1a: Terapagos\n|-supereffective|p1a: Terapagos\n|-damage|p1a: Terapagos|0 fnt\n|faint|p1a: Terapagos\n|\n|win|LaneOfDeath\n||kevsux is ready for game 2.\n|inactive|LaneOfDeath has 30 seconds to confirm battle start!\n||LaneOfDeath is ready for game 2.\n|uhtml|next|Next: <a href=\"/battle-gen9vgc2025regibo3-2354813355\"><strong>Game 2 of 3</strong></a>\n|l|\u2606LaneOfDeath\n|player|p2|\n", "uploadtime": 1746122496, "views": 10, "formatid": "gen9vgc2025regibo3", "rating": null, "private": 0, "password": null}