{"id": "gen9vgc2025regibo3-2354018382", "format": "[Gen 9] VGC 2025 Reg I (Bo3)", "players": ["Markingdra", "ChoerryVGC"], "log": "|j|\u2606Markingdra\n|j|\u2606ChoerryVGC\n|html|<table width=\"100%\"><tr><td align=\"left\">Markingdra</td><td align=\"right\">ChoerryVGC</tr><tr><td align=\"left\"><i class=\"fa fa-circle-o\"></i> <i class=\"fa fa-circle-o\"></i> </td><td align=\"right\"><i class=\"fa fa-circle-o\"></i> <i class=\"fa fa-circle\"></i> </tr></table>\n|uhtml|bestof|<h2><strong>Game 2</strong> of <a href=\"/game-bestof3-gen9vgc2025regibo3-2354016438\">a best-of-3</a></h2>\n|t:|1746027893\n|gametype|doubles\n|player|p1|Markingdra|1|1156\n|player|p2|ChoerryVGC|lacey|1269\n|teamsize|p1|6\n|teamsize|p2|6\n|gen|9\n|tier|[Gen 9] VGC 2025 Reg I (Bo3)\n|rated|\n|rule|Species Clause: Limit one of each Pok\u00e9mon\n|rule|Item Clause: Limit 1 of each item\n|clearpoke\n|poke|p1|Koraidon, L50|\n|poke|p1|Lunala, L50|\n|poke|p1|Indeedee-F, L50, F|\n|poke|p1|Ursaluna, L50, M|\n|poke|p1|Chi-Yu, L50|\n|poke|p1|Whimsicott, L50, M|\n|poke|p2|Koraidon, L50|\n|poke|p2|Chi-Yu, L50|\n|poke|p2|Calyrex-Shadow, L50|\n|poke|p2|Weezing-Galar, L50, M|\n|poke|p2|Dondozo, L50, F|\n|poke|p2|Tatsugiri-Droopy, L50, F|\n|teampreview|4\n|showteam|p1|Koraidon||LifeOrb|OrichalcumPulse|CloseCombat,FlareBlitz,BreakingSwipe,Protect||||||50|,,,,,Fire]Lunala||PowerHerb|ShadowShield|WideGuard,ExpandingForce,MoongeistBeam,MeteorBeam||||||50|,,,,,Water]Indeedee-F||RockyHelmet|PsychicSurge|FollowMe,HelpingHand,TrickRoom,AlluringVoice|||F|||50|,,,,,Water]Ursaluna||FlameOrb|Guts|Facade,HeadlongRush,RockSlide,Protect|||M|||50|,,,,,Fire]Chi-Yu||ChoiceScarf|BeadsofRuin|HeatWave,Overheat,DarkPulse,Snarl||||||50|,,,,,Fire]Whimsicott||FocusSash|Prankster|SunnyDay,Tailwind,Moonblast,GrassKnot|||M|||50|,,,,,Fairy\n|showteam|p2|Koraidon||AbilityShield|OrichalcumPulse|CollisionCourse,FlareBlitz,FlameCharge,Protect||||||50|,,,,,Fire]Chi-Yu||ChoiceScarf|BeadsofRuin|Overheat,HeatWave,DarkPulse,Snarl||||||50|,,,,,Ghost]Calyrex-Shadow||FocusSash|AsOneSpectrier|AstralBarrage,Disable,Encore,Protect||||||50|,,,,,Ghost]Weezing-Galar||RockyHelmet|NeutralizingGas|DazzlingGleam,ToxicSpikes,PoisonGas,Protect|||M|||50|,,,,,Water]Dondozo||Leftovers|Unaware|OrderUp,BodyPress,Earthquake,Protect|||F|||50|,,,,,Grass]Tatsugiri-Droopy||SafetyGoggles|Commander|MuddyWater,DracoMeteor,Taunt,Protect|||F|||50|,,,,,Fairy\n|inactive|Battle timer is ON: inactive players will automatically lose when time's up. (requested by ChoerryVGC)\n|inactive|Markingdra has 60 seconds left.\n|\n|t:|1746027924\n|start\n|switch|p1a: Chi-Yu|Chi-Yu, L50|100/100\n|switch|p1b: Indeedee|Indeedee-F, L50, F|100/100\n|switch|p2a: Koraidon|Koraidon, L50|100/100\n|switch|p2b: Weezing|Weezing-Galar, L50, M|100/100\n|-ability|p2b: Weezing|Neutralizing Gas\n|-block|p2a: Koraidon|item: Ability Shield\n|-weather|SunnyDay|[from] ability: Orichalcum Pulse|[of] p2a: Koraidon\n|-activate|p2a: Koraidon|Orichalcum Pulse|[source]\n|turn|1\n|\n|t:|1746027942\n|-terastallize|p1a: Chi-Yu|Fire\n|move|p1b: Indeedee|Helping Hand|p1a: Chi-Yu\n|-singleturn|p1a: Chi-Yu|Helping Hand|[of] p1b: Indeedee\n|move|p1a: Chi-Yu|Heat Wave|p2a: Koraidon|[spread] p2a,p2b\n|-resisted|p2a: Koraidon\n|-crit|p2b: Weezing\n|-damage|p2a: Koraidon|43/100\n|-damage|p2b: Weezing|0 fnt\n|faint|p2b: Weezing\n|-end|p2b: Weezing|ability: Neutralizing Gas\n|-ability|p1a: Chi-Yu|Beads of Ruin\n|-fieldstart|move: Psychic Terrain|[from] ability: Psychic Surge|[of] p1b: Indeedee\n|move|p2a: Koraidon|Collision Course|p1a: Chi-Yu\n|-damage|p1a: Chi-Yu|0 fnt\n|faint|p1a: Chi-Yu\n|\n|-weather|SunnyDay|[upkeep]\n|upkeep\n|\n|t:|1746027965\n|switch|p1a: Lunala|Lunala, L50|100/100\n|switch|p2b: Dondozo|Dondozo, L50, F|100/100\n|turn|2\n|\n|t:|1746027981\n|switch|p2a: Tatsugiri|Tatsugiri-Droopy, L50, F|100/100\n|-activate|p2a: Tatsugiri|ability: Commander|[of] p2b: Dondozo\n|-boost|p2b: Dondozo|atk|2\n|-boost|p2b: Dondozo|spa|2\n|-boost|p2b: Dondozo|spe|2\n|-boost|p2b: Dondozo|def|2\n|-boost|p2b: Dondozo|spd|2\n|move|p1a: Lunala|Meteor Beam||[still]\n|-prepare|p1a: Lunala|Meteor Beam\n|-boost|p1a: Lunala|spa|1\n|-enditem|p1a: Lunala|Power Herb\n|-anim|p1a: Lunala|Meteor Beam|p2a: Tatsugiri|[miss]\n|-miss|p1a: Lunala|p2a: Tatsugiri\n|move|p2b: Dondozo|Earthquake|p1b: Indeedee|[spread] p1a,p1b\n|-miss|p2b: Dondozo|p2a: Tatsugiri\n|-damage|p1a: Lunala|86/100\n|-damage|p1b: Indeedee|65/100\n|move|p1b: Indeedee|Trick Room|p1b: Indeedee\n|-fieldstart|move: Trick Room|[of] p1b: Indeedee\n|\n|-weather|SunnyDay|[upkeep]\n|upkeep\n|turn|3\n|\n|t:|1746028002\n|move|p1b: Indeedee|Helping Hand|p1a: Lunala\n|-singleturn|p1a: Lunala|Helping Hand|[of] p1b: Indeedee\n|move|p2b: Dondozo|Order Up|p1b: Indeedee\n|-damage|p1b: Indeedee|28/100\n|-boost|p2b: Dondozo|def|1\n|move|p1a: Lunala|Expanding Force|p2a: Tatsugiri|[spread] p2b\n|-miss|p1a: Lunala|p2a: Tatsugiri\n|-damage|p2b: Dondozo|56/100\n|\n|-weather|SunnyDay|[upkeep]\n|-heal|p2b: Dondozo|62/100|[from] item: Leftovers\n|upkeep\n|turn|4\n|\n|t:|1746028027\n|move|p2b: Dondozo|Protect|p2b: Dondozo\n|-singleturn|p2b: Dondozo|Protect\n|move|p1b: Indeedee|Alluring Voice|p2b: Dondozo\n|-activate|p2b: Dondozo|move: Protect\n|move|p1a: Lunala|Expanding Force|p2b: Dondozo|[spread] \n|-miss|p1a: Lunala|p2a: Tatsugiri\n|-activate|p2b: Dondozo|move: Protect\n|\n|-weather|SunnyDay|[upkeep]\n|-heal|p2b: Dondozo|69/100|[from] item: Leftovers\n|upkeep\n|turn|5\n|\n|t:|1746028038\n|move|p1b: Indeedee|Helping Hand|p1a: Lunala\n|-singleturn|p1a: Lunala|Helping Hand|[of] p1b: Indeedee\n|move|p2b: Dondozo|Order Up|p1b: Indeedee\n|-damage|p1b: Indeedee|0 fnt\n|faint|p1b: Indeedee\n|-boost|p2b: Dondozo|def|1\n|move|p1a: Lunala|Expanding Force|p2b: Dondozo|[spread] p2b\n|-miss|p1a: Lunala|p2a: Tatsugiri\n|-damage|p2b: Dondozo|27/100\n|\n|-weather|none\n|-heal|p2b: Dondozo|34/100|[from] item: Leftovers\n|-fieldend|move: Psychic Terrain\n|upkeep\n|\n|t:|1746028049\n|switch|p1b: Koraidon|Koraidon, L50|100/100\n|-weather|SunnyDay|[from] ability: Orichalcum Pulse|[of] p1b: Koraidon\n|-activate|p1b: Koraidon|Orichalcum Pulse|[source]\n|turn|6\n|\n|t:|1746028072\n|move|p2b: Dondozo|Protect|p2b: Dondozo\n|-singleturn|p2b: Dondozo|Protect\n|move|p1a: Lunala|Expanding Force|p2b: Dondozo\n|-activate|p2b: Dondozo|move: Protect\n|move|p1b: Koraidon|Close Combat|p2b: Dondozo\n|-activate|p2b: Dondozo|move: Protect\n|\n|-weather|SunnyDay|[upkeep]\n|-heal|p2b: Dondozo|40/100|[from] item: Leftovers\n|-fieldend|move: Trick Room\n|upkeep\n|turn|7\n|\n|t:|1746028080\n|move|p1b: Koraidon|Protect|p1b: Koraidon\n|-singleturn|p1b: Koraidon|Protect\n|move|p1a: Lunala|Moongeist Beam|p2b: Dondozo\n|-damage|p2b: Dondozo|4/100\n|move|p2b: Dondozo|Body Press|p1b: Koraidon\n|-activate|p1b: Koraidon|move: Protect\n|\n|-weather|SunnyDay|[upkeep]\n|-heal|p2b: Dondozo|10/100|[from] item: Leftovers\n|upkeep\n|turn|8\n|\n|t:|1746028096\n|move|p1b: Koraidon|Close Combat|p2b: Dondozo\n|-damage|p2b: Dondozo|0 fnt\n|-unboost|p1b: Koraidon|def|1\n|-unboost|p1b: Koraidon|spd|1\n|faint|p2b: Dondozo\n|-damage|p1b: Koraidon|91/100|[from] item: Life Orb\n|move|p1a: Lunala|Meteor Beam||[still]\n|-prepare|p1a: Lunala|Meteor Beam\n|-boost|p1a: Lunala|spa|1\n|\n|-weather|SunnyDay|[upkeep]\n|upkeep\n|\n|t:|1746028100\n|switch|p2b: Koraidon|Koraidon, L50|43/100\n|-activate|p2b: Koraidon|ability: Orichalcum Pulse\n|turn|9\n|\n|t:|1746028110\n|-terastallize|p2a: Tatsugiri|Fairy\n|move|p2b: Koraidon|Flare Blitz|p1a: Lunala\n|-damage|p1a: Lunala|5/100\n|-damage|p2b: Koraidon|10/100|[from] Recoil\n|move|p1b: Koraidon|Breaking Swipe|p2b: Koraidon|[spread] p2b\n|-immune|p2a: Tatsugiri\n|-supereffective|p2b: Koraidon\n|-damage|p2b: Koraidon|0 fnt\n|faint|p2b: Koraidon\n|-damage|p1b: Koraidon|81/100|[from] item: Life Orb\n|move|p1a: Lunala|Meteor Beam|p2a: Tatsugiri|[from] lockedmove\n|-damage|p2a: Tatsugiri|6/100\n|move|p2a: Tatsugiri|Draco Meteor|p1b: Koraidon\n|-supereffective|p1b: Koraidon\n|-damage|p1b: Koraidon|0 fnt\n|-unboost|p2a: Tatsugiri|spa|2\n|faint|p1b: Koraidon\n|\n|-weather|SunnyDay|[upkeep]\n|upkeep\n|turn|10\n|\n|t:|1746028131\n|move|p1a: Lunala|Moongeist Beam|p2a: Tatsugiri\n|-damage|p2a: Tatsugiri|0 fnt\n|faint|p2a: Tatsugiri\n|\n|win|Markingdra\n||ChoerryVGC is ready for game 3.\n||Markingdra is ready for game 3.\n|uhtml|next|Next: <a href=\"/battle-gen9vgc2025regibo3-2354021228\"><strong>Game 3 of 3</strong></a>\n|l|\u2606Markingdra\n|player|p1|\n", "uploadtime": 1746028250, "views": 15, "formatid": "gen9vgc2025regibo3", "rating": null, "private": 0, "password": null}