{"id": "gen9vgc2025regibo3-2354377859", "format": "[Gen 9] VGC 2025 Reg I (Bo3)", "players": ["Goatweebe69", "Test0824"], "log": "|j|\u2606Goatweebe69\n|j|\u2606Test0824\n|html|<table width=\"100%\"><tr><td align=\"left\">Goatweebe69</td><td align=\"right\">Test0824</tr><tr><td align=\"left\"><i class=\"fa fa-circle-o\"></i> <i class=\"fa fa-circle-o\"></i> </td><td align=\"right\"><i class=\"fa fa-circle-o\"></i> <i class=\"fa fa-circle\"></i> </tr></table>\n|uhtml|bestof|<h2><strong>Game 2</strong> of <a href=\"/game-bestof3-gen9vgc2025regibo3-2354375393\">a best-of-3</a></h2>\n|t:|1746063938\n|gametype|doubles\n|player|p1|Goatweebe69|cynthia-gen4|1084\n|player|p2|Test0824|chuck|1089\n|teamsize|p1|6\n|teamsize|p2|6\n|gen|9\n|tier|[Gen 9] VGC 2025 Reg I (Bo3)\n|rated|\n|rule|Species Clause: Limit one of each Pok\u00e9mon\n|rule|Item Clause: Limit 1 of each item\n|clearpoke\n|poke|p1|Miraidon, L50|\n|poke|p1|Groudon, L50|\n|poke|p1|Kommo-o, L50, M|\n|poke|p1|Ogerpon-Cornerstone, L50, F|\n|poke|p1|Whimsicott, L50, M|\n|poke|p1|Bronzong, L50|\n|poke|p2|Solgaleo, L50|\n|poke|p2|Calyrex-Shadow, L50|\n|poke|p2|Weezing, L50, F|\n|poke|p2|Landorus, L50, M|\n|poke|p2|Whimsicott, L50, F|\n|poke|p2|Orthworm, L50, M|\n|teampreview|4\n|showteam|p1|Miraidon||ChoiceSpecs|HadronEngine|ElectroDrift,DracoMeteor,VoltSwitch,DazzlingGleam||||||50|,,,,,Fairy]Groudon||ClearAmulet|Drought|PrecipiceBlades,HeatCrash,SwordsDance,Protect||||||50|,,,,,Fire]Kommo-o||ElectricSeed|Overcoat|ClangorousSoul,Flamethrower,BodyPress,Protect|||M|||50|,,,,,Fire]Ogerpon-Cornerstone||CornerstoneMask|Sturdy|IvyCudgel,PowerWhip,FollowMe,SpikyShield|||F|||50|,,,,,Rock]Whimsicott||CovertCloak|Prankster|Moonblast,Tailwind,Encore,LightScreen|||M|||50|,,,,,Dark]Bronzong||SafetyGoggles|Heatproof|GyroBall,SkillSwap,Gravity,Hypnosis||||||50|,,,,,Dark\n|showteam|p2|Solgaleo||WeaknessPolicy|FullMetalBody|SunsteelStrike,PsychicFangs,FlameCharge,Protect||||||50|,,,,,Fire]Calyrex-Shadow||FocusSash|AsOneSpectrier|AstralBarrage,Bulldoze,Encore,Protect||||||50|,,,,,Normal]Weezing||RockyHelmet|NeutralizingGas|Protect,Taunt,WillOWisp,SludgeBomb|||F|||50|,,,,,Grass]Landorus||ChoiceScarf|SheerForce|EarthPower,SludgeBomb,Uturn,SandsearStorm|||M|||50|,,,,,Water]Whimsicott||CovertCloak|Prankster|Tailwind,LightScreen,Moonblast,Encore|||F|||50|,,,,,Dark]Orthworm||SitrusBerry|EarthEater|BodyPress,IronDefense,ShedTail,Protect|||M|||50|,,,,,Dragon\n|\n|t:|1746063957\n|start\n|switch|p1a: Bronzong|Bronzong, L50|100/100\n|switch|p1b: Groudon|Groudon, L50|100/100\n|switch|p2a: Whimsicott|Whimsicott, L50, F|100/100\n|switch|p2b: Calyrex|Calyrex-Shadow, L50|100/100\n|-ability|p2b: Calyrex|As One\n|-ability|p2b: Calyrex|Unnerve\n|-weather|SunnyDay|[from] ability: Drought|[of] p1b: Groudon\n|turn|1\n|\n|t:|1746064007\n|-terastallize|p1a: Bronzong|Dark\n|move|p2b: Calyrex|Astral Barrage|p1a: Bronzong|[spread] p1a,p1b\n|-resisted|p1a: Bronzong\n|-damage|p1a: Bronzong|82/100\n|-damage|p1b: Groudon|46/100\n|move|p2a: Whimsicott|Moonblast|p1a: Bronzong\n|-supereffective|p1a: Bronzong\n|-damage|p1a: Bronzong|40/100\n|move|p1b: Groudon|Heat Crash|p2a: Whimsicott\n|-supereffective|p2a: Whimsicott\n|-damage|p2a: Whimsicott|0 fnt\n|faint|p2a: Whimsicott\n|move|p1a: Bronzong|Gravity|p1a: Bronzong\n|-fieldstart|move: Gravity\n|\n|-weather|SunnyDay|[upkeep]\n|upkeep\n|\n|t:|1746064028\n|switch|p2a: Landorus|Landorus, L50, M|100/100\n|turn|2\n|\n|t:|1746064041\n|move|p1b: Groudon|Protect|p1b: Groudon\n|-singleturn|p1b: Groudon|Protect\n|move|p2a: Landorus|Sandsear Storm|p1a: Bronzong|[spread] p1a\n|-activate|p1b: Groudon|move: Protect\n|-crit|p1a: Bronzong\n|-damage|p1a: Bronzong|0 fnt\n|faint|p1a: Bronzong\n|move|p2b: Calyrex|Astral Barrage|p1b: Groudon\n|-activate|p1b: Groudon|move: Protect\n|\n|-weather|SunnyDay|[upkeep]\n|upkeep\n|\n|t:|1746064047\n|switch|p1a: Whimsicott|Whimsicott, L50, M|100/100\n|turn|3\n|\n|t:|1746064061\n|move|p1a: Whimsicott|Tailwind|p1a: Whimsicott\n|-sidestart|p1: Goatweebe69|move: Tailwind\n|move|p1b: Groudon|Precipice Blades|p2b: Calyrex|[spread] p2a,p2b\n|-damage|p2a: Landorus|40/100\n|-damage|p2b: Calyrex|35/100\n|move|p2a: Landorus|Sandsear Storm|p1b: Groudon|[spread] p1a,p1b\n|-resisted|p1a: Whimsicott\n|-damage|p1a: Whimsicott|63/100\n|-damage|p1b: Groudon|0 fnt\n|faint|p1b: Groudon\n|move|p2b: Calyrex|Astral Barrage|p1a: Whimsicott\n|-damage|p1a: Whimsicott|0 fnt\n|faint|p1a: Whimsicott\n|-ability|p2b: Calyrex|Grim Neigh|boost\n|-boost|p2b: Calyrex|spa|1\n|\n|-weather|SunnyDay|[upkeep]\n|upkeep\n|\n|t:|1746064067\n|switch|p1b: Miraidon|Miraidon, L50|100/100\n|-fieldstart|move: Electric Terrain|[from] ability: Hadron Engine|[of] p1b: Miraidon\n|turn|4\n|\n|t:|1746064084\n|move|p1b: Miraidon|Dazzling Gleam|p2a: Landorus|[spread] p2a,p2b\n|-damage|p2a: Landorus|0 fnt\n|-damage|p2b: Calyrex|0 fnt\n|faint|p2a: Landorus\n|faint|p2b: Calyrex\n|\n|-weather|SunnyDay|[upkeep]\n|upkeep\n|\n|t:|1746064087\n|switch|p2b: Solgaleo|Solgaleo, L50|100/100\n|turn|5\n|\n|t:|1746064098\n|move|p2b: Solgaleo|Protect|p2b: Solgaleo\n|-singleturn|p2b: Solgaleo|Protect\n|move|p1b: Miraidon|Dazzling Gleam|p2b: Solgaleo\n|-activate|p2b: Solgaleo|move: Protect\n|\n|-weather|none\n|-fieldend|move: Gravity\n|upkeep\n|turn|6\n|\n|t:|1746064104\n|-terastallize|p2b: Solgaleo|Fire\n|move|p1b: Miraidon|Dazzling Gleam|p2b: Solgaleo\n|-resisted|p2b: Solgaleo\n|-damage|p2b: Solgaleo|74/100\n|move|p2b: Solgaleo|Flame Charge|p1b: Miraidon\n|-resisted|p1b: Miraidon\n|-damage|p1b: Miraidon|85/100\n|-boost|p2b: Solgaleo|spe|1\n|\n|-sideend|p1: Goatweebe69|move: Tailwind\n|upkeep\n|turn|7\n|\n|t:|1746064109\n|move|p2b: Solgaleo|Psychic Fangs|p1b: Miraidon\n|-damage|p1b: Miraidon|39/100\n|move|p1b: Miraidon|Dazzling Gleam|p2b: Solgaleo\n|-resisted|p2b: Solgaleo\n|-damage|p2b: Solgaleo|43/100\n|\n|upkeep\n|turn|8\n|\n|t:|1746064114\n|move|p2b: Solgaleo|Psychic Fangs|p1b: Miraidon\n|-damage|p1b: Miraidon|0 fnt\n|faint|p1b: Miraidon\n|\n|win|Test0824\n|raw|Goatweebe69's rating: 1084 &rarr; <strong>1062</strong><br />(-22 for losing)\n|raw|Test0824's rating: 1089 &rarr; <strong>1115</strong><br />(+26 for winning)\n|l|\u2606Goatweebe69\n|player|p1|\n|l|\u2606Test0824\n|player|p2|\n", "uploadtime": 1746064454, "views": 7, "formatid": "gen9vgc2025regibo3", "rating": 1062, "private": 0, "password": null}