{"id": "gen9vgc2025regibo3-2354562439", "format": "[Gen 9] VGC 2025 Reg I (Bo3)", "players": ["dr immoral", "rostas_mark3"], "log": "|j|\u2606dr immoral\n|j|\u2606rostas_mark3\n|html|<table width=\"100%\"><tr><td align=\"left\">dr immoral</td><td align=\"right\">rostas_mark3</tr><tr><td align=\"left\"><i class=\"fa fa-circle\"></i> <i class=\"fa fa-circle-o\"></i> </td><td align=\"right\"><i class=\"fa fa-circle-o\"></i> <i class=\"fa fa-circle\"></i> </tr></table>\n|uhtml|bestof|<h2><strong>Game 3</strong> of <a href=\"/game-bestof3-gen9vgc2025regibo3-2354559674\">a best-of-3</a></h2>\n|t:|1746094924\n|gametype|doubles\n|player|p1|dr immoral|clerk-boss|1106\n|player|p2|rostas_mark3|101|1165\n|teamsize|p1|6\n|teamsize|p2|6\n|gen|9\n|tier|[Gen 9] VGC 2025 Reg I (Bo3)\n|rated|\n|rule|Species Clause: Limit one of each Pok\u00e9mon\n|rule|Item Clause: Limit 1 of each item\n|clearpoke\n|poke|p1|Zacian-*, L50|\n|poke|p1|Kyogre, L50|\n|poke|p1|Tornadus, L50, M|\n|poke|p1|Chien-Pao, L50|\n|poke|p1|Iron Hands, L50|\n|poke|p1|Amoonguss, L50, F|\n|poke|p2|Calyrex-Shadow, L50|\n|poke|p2|Zamazenta-*, L50|\n|poke|p2|Tornadus, L50, M|\n|poke|p2|Chien-Pao, L50|\n|poke|p2|Urshifu-*, L50, M|\n|poke|p2|Rillaboom, L50, F|\n|teampreview|4\n|showteam|p1|Zacian-Crowned||RustedSword|IntrepidSword|PlayRough,behemothblade,SwordsDance,Protect||||||50|,,,,,Fairy]Kyogre||MysticWater|Drizzle|WaterSpout,OriginPulse,IceBeam,Protect||||||50|,,,,,Grass]Tornadus||CovertCloak|Prankster|BleakwindStorm,Tailwind,RainDance,Taunt|||M|||50|,,,,,Dark]Chien-Pao||FocusSash|SwordofRuin|IceSpinner,SuckerPunch,ThroatChop,Protect||||||50|,,,,,Stellar]Iron Hands||AssaultVest|QuarkDrive|FakeOut,DrainPunch,WildCharge,LowKick||||||50|,,,,,Grass]Amoonguss||RockyHelmet|Regenerator|Spore,RagePowder,ClearSmog,PollenPuff|||F|||50|,,,,,Dark\n|showteam|p2|Calyrex-Shadow||FocusSash|AsOneSpectrier|AstralBarrage,Psychic,Encore,Protect||||||50|,,,,,Dark]Zamazenta-Crowned||RustedShield|DauntlessShield|BodyPress,HeavySlam,WideGuard,Protect||||||50|,,,,,Ghost]Tornadus||RockyHelmet|Prankster|Tailwind,BleakwindStorm,RainDance,Taunt|||M|||50|,,,,,Dark]Chien-Pao||LifeOrb|SwordofRuin|IceSpinner,SuckerPunch,Crunch,Protect||||||50|,,,,,Stellar]Urshifu-Rapid-Strike||MysticWater|UnseenFist|SurgingStrikes,AquaJet,CloseCombat,Detect|||M|||50|,,,,,Water]Rillaboom||AssaultVest|GrassySurge|WoodHammer,GrassyGlide,Uturn,FakeOut|||F|||50|,,,,,Fire\n|inactive|Battle timer is ON: inactive players will automatically lose when time's up. (requested by rostas_mark3)\n|\n|t:|1746094951\n|start\n|switch|p1a: Tornadus|Tornadus, L50, M|100/100\n|switch|p1b: Chien-Pao|Chien-Pao, L50|100/100\n|switch|p2a: Urshifu|Urshifu-Rapid-Strike, L50, M|100/100\n|switch|p2b: Tornadus|Tornadus, L50, M|100/100\n|-ability|p1b: Chien-Pao|Sword of Ruin\n|turn|1\n|inactive|rostas_mark3 has 30 seconds left.\n|inactive|rostas_mark3 has 20 seconds left.\n|inactive|dr immoral has 30 seconds left.\n|inactive|rostas_mark3 has 15 seconds left.\n|inactive|rostas_mark3 has 10 seconds left.\n|inactive|dr immoral has 20 seconds left.\n|inactive|dr immoral has 15 seconds left.\n|\n|t:|1746095014\n|-terastallize|p1a: Tornadus|Dark\n|-terastallize|p2b: Tornadus|Dark\n|move|p1a: Tornadus|Tailwind|p1a: Tornadus\n|-sidestart|p1: dr immoral|move: Tailwind\n|move|p2b: Tornadus|Tailwind|p2b: Tornadus\n|-sidestart|p2: rostas_mark3|move: Tailwind\n|move|p1b: Chien-Pao|Ice Spinner|p2b: Tornadus\n|-damage|p2b: Tornadus|30/100\n|-damage|p1b: Chien-Pao|84/100|[from] item: Rocky Helmet|[of] p2b: Tornadus\n|move|p2a: Urshifu|Surging Strikes|p1b: Chien-Pao\n|-crit|p1b: Chien-Pao\n|-damage|p1b: Chien-Pao|45/100\n|-crit|p1b: Chien-Pao\n|-damage|p1b: Chien-Pao|10/100\n|-crit|p1b: Chien-Pao\n|-damage|p1b: Chien-Pao|0 fnt\n|faint|p1b: Chien-Pao\n|-hitcount|p1: Chien-Pao|3\n|\n|upkeep\n|\n|t:|1746095026\n|switch|p1b: Iron Hands|Iron Hands, L50|100/100\n|turn|2\n|\n|t:|1746095052\n|-end|p1b: Iron Hands|Quark Drive|[silent]\n|switch|p1b: Kyogre|Kyogre, L50|100/100\n|-weather|RainDance|[from] ability: Drizzle|[of] p1b: Kyogre\n|move|p1a: Tornadus|Bleakwind Storm|p2a: Urshifu|[spread] p2a,p2b\n|-supereffective|p2a: Urshifu\n|-damage|p2a: Urshifu|0 fnt\n|-damage|p2b: Tornadus|0 fnt\n|faint|p2a: Urshifu\n|faint|p2b: Tornadus\n|\n|-weather|RainDance|[upkeep]\n|upkeep\n|\n|t:|1746095063\n|switch|p2b: Rillaboom|Rillaboom, L50, F|100/100\n|switch|p2a: Calyrex|Calyrex-Shadow, L50|100/100\n|-ability|p2a: Calyrex|As One\n|-ability|p2a: Calyrex|Unnerve\n|-fieldstart|move: Grassy Terrain|[from] ability: Grassy Surge|[of] p2b: Rillaboom\n|turn|3\n|\n|t:|1746095082\n|move|p1b: Kyogre|Protect|p1b: Kyogre\n|-singleturn|p1b: Kyogre|Protect\n|move|p2b: Rillaboom|Fake Out|p1b: Kyogre\n|-activate|p1b: Kyogre|move: Protect\n|move|p2a: Calyrex|Astral Barrage|p1b: Kyogre|[spread] p1a\n|-activate|p1b: Kyogre|move: Protect\n|-resisted|p1a: Tornadus\n|-damage|p1a: Tornadus|68/100\n|move|p1a: Tornadus|Bleakwind Storm|p2b: Rillaboom|[spread] p2a,p2b\n|-supereffective|p2b: Rillaboom\n|-damage|p2a: Calyrex|68/100\n|-damage|p2b: Rillaboom|55/100\n|-unboost|p2a: Calyrex|spe|1\n|-unboost|p2b: Rillaboom|spe|1\n|\n|-weather|RainDance|[upkeep]\n|-heal|p1a: Tornadus|74/100|[from] Grassy Terrain\n|-heal|p2a: Calyrex|74/100|[from] Grassy Terrain\n|-heal|p2b: Rillaboom|61/100|[from] Grassy Terrain\n|upkeep\n|turn|4\n|inactive|dr immoral has 30 seconds left.\n|\n|t:|1746095109\n|switch|p1a: Iron Hands|Iron Hands, L50|100/100\n|move|p2b: Rillaboom|Grassy Glide|p1b: Kyogre\n|-supereffective|p1b: Kyogre\n|-damage|p1b: Kyogre|39/100\n|move|p2a: Calyrex|Psychic|p1b: Kyogre\n|-damage|p1b: Kyogre|0 fnt\n|faint|p1b: Kyogre\n|-ability|p2a: Calyrex|Grim Neigh|boost\n|-boost|p2a: Calyrex|spa|1\n|\n|-weather|RainDance|[upkeep]\n|-heal|p2a: Calyrex|80/100|[from] Grassy Terrain\n|-heal|p2b: Rillaboom|67/100|[from] Grassy Terrain\n|-sideend|p2: rostas_mark3|move: Tailwind\n|-sideend|p1: dr immoral|move: Tailwind\n|upkeep\n|\n|t:|1746095118\n|switch|p1b: Tornadus|Tornadus, L50, M, tera:Dark|74/100\n|turn|5\n|\n|t:|1746095137\n|move|p1a: Iron Hands|Fake Out|p2b: Rillaboom\n|-damage|p2b: Rillaboom|52/100\n|move|p1b: Tornadus|Tailwind|p1b: Tornadus\n|-sidestart|p1: dr immoral|move: Tailwind\n|cant|p2b: Rillaboom|flinch\n|move|p2a: Calyrex|Psychic|p1a: Iron Hands\n|-supereffective|p1a: Iron Hands\n|-damage|p1a: Iron Hands|16/100\n|\n|-weather|RainDance|[upkeep]\n|-heal|p1b: Tornadus|80/100|[from] Grassy Terrain\n|-heal|p2a: Calyrex|87/100|[from] Grassy Terrain\n|-heal|p1a: Iron Hands|22/100|[from] Grassy Terrain\n|-heal|p2b: Rillaboom|58/100|[from] Grassy Terrain\n|upkeep\n|turn|6\n|\n|t:|1746095152\n|move|p2a: Calyrex|Protect|p2a: Calyrex\n|-singleturn|p2a: Calyrex|Protect\n|move|p2b: Rillaboom|Grassy Glide|p1a: Iron Hands\n|-damage|p1a: Iron Hands|0 fnt\n|faint|p1a: Iron Hands\n|-end|p1a: Iron Hands|Quark Drive|[silent]\n|move|p1b: Tornadus|Bleakwind Storm|p2b: Rillaboom|[spread] p2b\n|-activate|p2a: Calyrex|move: Protect\n|-supereffective|p2b: Rillaboom\n|-damage|p2b: Rillaboom|12/100\n|-unboost|p2b: Rillaboom|spe|1\n|\n|-weather|none\n|-heal|p1b: Tornadus|85/100|[from] Grassy Terrain\n|-heal|p2a: Calyrex|93/100|[from] Grassy Terrain\n|-heal|p2b: Rillaboom|18/100|[from] Grassy Terrain\n|upkeep\n|turn|7\n|\n|t:|1746095176\n|move|p1b: Tornadus|Bleakwind Storm|p2a: Calyrex|[spread] p2a,p2b\n|-supereffective|p2b: Rillaboom\n|-damage|p2a: Calyrex|61/100\n|-damage|p2b: Rillaboom|0 fnt\n|faint|p2b: Rillaboom\n|move|p2a: Calyrex|Astral Barrage|p1b: Tornadus\n|-resisted|p1b: Tornadus\n|-damage|p1b: Tornadus|23/100\n|\n|-heal|p1b: Tornadus|29/100|[from] Grassy Terrain\n|-heal|p2a: Calyrex|67/100|[from] Grassy Terrain\n|-fieldend|move: Grassy Terrain\n|upkeep\n|turn|8\n|\n|t:|1746095184\n|move|p1b: Tornadus|Bleakwind Storm|p2a: Calyrex|[miss]\n|-miss|p1b: Tornadus|p2a: Calyrex\n|move|p2a: Calyrex|Astral Barrage|p1b: Tornadus\n|-resisted|p1b: Tornadus\n|-damage|p1b: Tornadus|0 fnt\n|faint|p1b: Tornadus\n|\n|win|rostas_mark3\n|raw|dr immoral's rating: 1106 &rarr; <strong>1085</strong><br />(-21 for losing)\n|raw|rostas_mark3's rating: 1165 &rarr; <strong>1186</strong><br />(+21 for winning)\n|l|\u2606dr immoral\n|player|p1|\n|c|\u2606rostas_mark3|gg\n", "uploadtime": 1746095221, "views": 10, "formatid": "gen9vgc2025regibo3", "rating": 1085, "private": 0, "password": null}