{"id": "gen9vgc2025regibo3-2354136833", "format": "[Gen 9] VGC 2025 Reg I (Bo3)", "players": ["gappee", "Piti-49"], "log": "|j|\u2606gappee\n|j|\u2606Piti-49\n|html|<table width=\"100%\"><tr><td align=\"left\">gappee</td><td align=\"right\">Piti-49</tr><tr><td align=\"left\"><i class=\"fa fa-circle-o\"></i> <i class=\"fa fa-circle-o\"></i> </td><td align=\"right\"><i class=\"fa fa-circle-o\"></i> <i class=\"fa fa-circle-o\"></i> </tr></table>\n|uhtml|bestof|<h2><strong>Game 1</strong> of <a href=\"/game-bestof3-gen9vgc2025regibo3-2354136832\">a best-of-3</a></h2>\n|t:|1746038020\n|gametype|doubles\n|player|p1|gappee|rosa|1134\n|player|p2|Piti-49|101|1144\n|teamsize|p1|6\n|teamsize|p2|6\n|gen|9\n|tier|[Gen 9] VGC 2025 Reg I (Bo3)\n|rated|\n|rule|Species Clause: Limit one of each Pok\u00e9mon\n|rule|Item Clause: Limit 1 of each item\n|clearpoke\n|poke|p1|Zamazenta-*, L50|\n|poke|p1|Urshifu-*, L50, M|\n|poke|p1|Calyrex-Ice, L50|\n|poke|p1|Ursaluna, L50, M|\n|poke|p1|Flutter Mane, L50|\n|poke|p1|Rillaboom, L50, F|\n|poke|p2|Miraidon, L50|\n|poke|p2|Raichu-Alola, L50, F|\n|poke|p2|Kyogre, L50|\n|poke|p2|Wo-Chien, L50|\n|poke|p2|Iron Valiant, L50|\n|poke|p2|Perrserker, L50, M|\n|teampreview|4\n|showteam|p1|Zamazenta-Crowned||RustedShield|DauntlessShield|IronDefense,HeavySlam,BodyPress,WideGuard||||||50|,,,,,Dragon]Urshifu||ChoiceBand|UnseenFist|WickedBlow,SuckerPunch,CloseCombat,PoisonJab|||M|||50|,,,,,Poison]Calyrex-Ice||LifeOrb|AsOneGlastrier|GlacialLance,HighHorsepower,TrickRoom,Protect||||||50|,,,,,Fire]Ursaluna||FlameOrb|Guts|HeadlongRush,Facade,SwordsDance,Protect|||M|||50|,,,,,Ghost]Flutter Mane||BoosterEnergy|Protosynthesis|Moonblast,ShadowBall,IcyWind,Protect||||||50|,,,,,Fairy]Rillaboom||AssaultVest|GrassySurge|FakeOut,GrassyGlide,WoodHammer,Uturn|||F|||50|,,,,,Fire\n|showteam|p2|Miraidon||ChoiceSpecs|HadronEngine|VoltSwitch,ElectroDrift,DracoMeteor,DazzlingGleam||||||50|,,,,,Fairy]Raichu-Alola||ElectricSeed|SurgeSurfer|SkillSwap,Nuzzle,HelpingHand,FakeOut|||F|||50|,,,,,Normal]Kyogre||MysticWater|Drizzle|Protect,CalmMind,WaterSpout,IceBeam||||||50|,,,,,Grass]Wo-Chien||RockyHelmet|TabletsofRuin|PollenPuff,Ruination,Protect,LeechSeed||||||50|,,,,,Poison]Iron Valiant||FocusSash|QuarkDrive|CloseCombat,WideGuard,Protect,SpiritBreak||||||50|,,,,,Ghost]Perrserker||AssaultVest|SteelySpirit|IronHead,FakeOut,KnockOff,Uturn|||M|||50|,,,,,Dragon\n|inactive|Battle timer is ON: inactive players will automatically lose when time's up. (requested by gappee)\n|inactive|gappee has 60 seconds left.\n|\n|t:|1746038054\n|start\n|switch|p1a: Zamazenta|Zamazenta-Crowned, L50|100/100\n|switch|p1b: Rillaboom|Rillaboom, L50, F|100/100\n|switch|p2a: Perrserker|Perrserker, L50, M|100/100\n|switch|p2b: Gambling rat|Raichu-Alola, L50, F, shiny|100/100\n|-ability|p1a: Zamazenta|Dauntless Shield|boost\n|-boost|p1a: Zamazenta|def|1\n|-fieldstart|move: Grassy Terrain|[from] ability: Grassy Surge|[of] p1b: Rillaboom\n|turn|1\n|inactive|gappee has 30 seconds left.\n|inactive|Piti-49 has 30 seconds left.\n|inactive|gappee has 20 seconds left.\n|inactive|gappee has 15 seconds left.\n|inactive|gappee has 10 seconds left.\n|inactive|gappee has 5 seconds left.\n|\n|t:|1746038105\n|switch|p2a: Miraidon|Miraidon, L50|100/100\n|-fieldstart|move: Electric Terrain|[from] ability: Hadron Engine|[of] p2a: Miraidon\n|-enditem|p2b: Gambling rat|Electric Seed\n|-boost|p2b: Gambling rat|def|1|[from] item: Electric Seed\n|move|p2b: Gambling rat|Fake Out|p1a: Zamazenta\n|-resisted|p1a: Zamazenta\n|-damage|p1a: Zamazenta|99/100\n|move|p1b: Rillaboom|Fake Out|p2b: Gambling rat\n|-damage|p2b: Gambling rat|84/100\n|cant|p1a: Zamazenta|flinch\n|\n|upkeep\n|turn|2\n|\n|t:|1746038128\n|switch|p1a: Ursaluna|Ursaluna, L50, M|100/100\n|move|p2b: Gambling rat|Nuzzle|p1b: Rillaboom\n|-resisted|p1b: Rillaboom\n|-damage|p1b: Rillaboom|98/100\n|-status|p1b: Rillaboom|par\n|move|p2a: Miraidon|Draco Meteor|p1a: Ursaluna|[miss]\n|-miss|p2a: Miraidon|p1a: Ursaluna\n|move|p1b: Rillaboom|U-turn|p2b: Gambling rat\n|-supereffective|p2b: Gambling rat\n|-damage|p2b: Gambling rat|32/100\n|\n|t:|1746038140\n|switch|p1b: Zamazenta|Zamazenta-Crowned, L50|99/100|[from] U-turn\n|\n|-status|p1a: Ursaluna|brn|[from] item: Flame Orb\n|upkeep\n|turn|3\n|\n|t:|1746038155\n|switch|p1b: Calyrex|Calyrex-Ice, L50|100/100\n|-ability|p1b: Calyrex|As One\n|-ability|p1b: Calyrex|Unnerve\n|move|p2b: Gambling rat|Nuzzle|p1b: Calyrex\n|-damage|p1b: Calyrex|95/100\n|-status|p1b: Calyrex|par\n|move|p2a: Miraidon|Draco Meteor|p1a: Ursaluna\n|-damage|p1a: Ursaluna|0 fnt\n|-unboost|p2a: Miraidon|spa|2\n|faint|p1a: Ursaluna\n|\n|upkeep\n|\n|t:|1746038170\n|switch|p1a: Rillaboom|Rillaboom, L50, F|98/100 par\n|-fieldstart|move: Grassy Terrain|[from] ability: Grassy Surge|[of] p1a: Rillaboom\n|turn|4\n|\n|t:|1746038180\n|switch|p2a: Perrserker|Perrserker, L50, M|100/100\n|move|p1a: Rillaboom|Fake Out|p2a: Perrserker\n|-resisted|p2a: Perrserker\n|-damage|p2a: Perrserker|94/100\n|move|p2b: Gambling rat|Nuzzle|p1a: Rillaboom\n|-resisted|p1a: Rillaboom\n|-damage|p1a: Rillaboom|95/100 par\n|move|p1b: Calyrex|Trick Room|p1b: Calyrex\n|-fieldstart|move: Trick Room|[of] p1b: Calyrex\n|\n|-heal|p1b: Calyrex|100/100 par|[from] Grassy Terrain\n|-heal|p1a: Rillaboom|100/100 par|[from] Grassy Terrain\n|-heal|p2a: Perrserker|100/100|[from] Grassy Terrain\n|-heal|p2b: Gambling rat|38/100|[from] Grassy Terrain\n|upkeep\n|turn|5\n|\n|t:|1746038205\n|move|p2b: Gambling rat|Helping Hand|p2a: Perrserker\n|-singleturn|p2a: Perrserker|Helping Hand|[of] p2b: Gambling rat\n|move|p2a: Perrserker|Fake Out|p1a: Rillaboom\n|-damage|p1a: Rillaboom|86/100 par\n|cant|p1b: Calyrex|par\n|cant|p1a: Rillaboom|flinch\n|\n|-heal|p1a: Rillaboom|92/100 par|[from] Grassy Terrain\n|-heal|p2b: Gambling rat|44/100|[from] Grassy Terrain\n|upkeep\n|turn|6\n|\n|t:|1746038219\n|move|p2b: Gambling rat|Helping Hand|p2a: Perrserker\n|-singleturn|p2a: Perrserker|Helping Hand|[of] p2b: Gambling rat\n|cant|p1b: Calyrex|par\n|move|p1a: Rillaboom|U-turn|p2b: Gambling rat\n|-supereffective|p2b: Gambling rat\n|-damage|p2b: Gambling rat|0 fnt\n|faint|p2b: Gambling rat\n|\n|t:|1746038227\n|switch|p1a: Zamazenta|Zamazenta-Crowned, L50|99/100|[from] U-turn\n|move|p2a: Perrserker|Iron Head|p1b: Calyrex\n|-supereffective|p1b: Calyrex\n|-damage|p1b: Calyrex|2/100 par\n|\n|-heal|p1b: Calyrex|8/100 par|[from] Grassy Terrain\n|-heal|p1a: Zamazenta|100/100|[from] Grassy Terrain\n|upkeep\n|\n|t:|1746038239\n|switch|p2b: Kyogre|Kyogre, L50|100/100\n|-weather|RainDance|[from] ability: Drizzle|[of] p2b: Kyogre\n|turn|7\n|\n|t:|1746038258\n|move|p1b: Calyrex|Protect|p1b: Calyrex\n|-singleturn|p1b: Calyrex|Protect\n|move|p2a: Perrserker|U-turn|p1b: Calyrex\n|-activate|p1b: Calyrex|move: Protect\n|move|p2b: Kyogre|Calm Mind|p2b: Kyogre\n|-boost|p2b: Kyogre|spa|1\n|-boost|p2b: Kyogre|spd|1\n|move|p1a: Zamazenta|Body Press|p2a: Perrserker\n|-supereffective|p2a: Perrserker\n|-damage|p2a: Perrserker|12/100\n|\n|-weather|RainDance|[upkeep]\n|-heal|p1b: Calyrex|14/100 par|[from] Grassy Terrain\n|-heal|p2a: Perrserker|18/100|[from] Grassy Terrain\n|upkeep\n|turn|8\n|inactive|gappee has 30 seconds left.\n|inactive|Piti-49 has 30 seconds left.\n|\n|t:|1746038286\n|move|p1b: Calyrex|Glacial Lance|p2a: Perrserker|[spread] p2a,p2b\n|-resisted|p2a: Perrserker\n|-resisted|p2b: Kyogre\n|-damage|p2a: Perrserker|0 fnt\n|-damage|p2b: Kyogre|64/100\n|faint|p2a: Perrserker\n|-ability|p1b: Calyrex|Chilling Neigh|boost\n|-boost|p1b: Calyrex|atk|1\n|-damage|p1b: Calyrex|4/100 par|[from] item: Life Orb\n|move|p2b: Kyogre|Calm Mind|p2b: Kyogre\n|-boost|p2b: Kyogre|spa|1\n|-boost|p2b: Kyogre|spd|1\n|move|p1a: Zamazenta|Body Press|p2b: Kyogre\n|-damage|p2b: Kyogre|21/100\n|\n|-weather|RainDance|[upkeep]\n|-heal|p1b: Calyrex|10/100 par|[from] Grassy Terrain\n|-heal|p2b: Kyogre|28/100|[from] Grassy Terrain\n|-fieldend|move: Trick Room\n|-fieldend|move: Grassy Terrain\n|upkeep\n|\n|t:|1746038289\n|switch|p2a: Miraidon|Miraidon, L50|100/100\n|-fieldstart|move: Electric Terrain|[from] ability: Hadron Engine|[of] p2a: Miraidon\n|turn|9\n|inactive|gappee has 30 seconds left.\n|inactive|gappee has 20 seconds left.\n|inactive|Piti-49 has 30 seconds left.\n|\n|t:|1746038332\n|switch|p1b: Rillaboom|Rillaboom, L50, F|92/100 par\n|-fieldstart|move: Grassy Terrain|[from] ability: Grassy Surge|[of] p1b: Rillaboom\n|-terastallize|p2a: Miraidon|Fairy\n|move|p2a: Miraidon|Electro Drift|p1a: Zamazenta\n|-damage|p1a: Zamazenta|39/100\n|move|p1a: Zamazenta|Body Press|p2a: Miraidon\n|-resisted|p2a: Miraidon\n|-damage|p2a: Miraidon|78/100\n|move|p2b: Kyogre|Ice Beam|p1b: Rillaboom\n|-supereffective|p1b: Rillaboom\n|-damage|p1b: Rillaboom|0 fnt\n|faint|p1b: Rillaboom\n|\n|-weather|RainDance|[upkeep]\n|-heal|p2a: Miraidon|84/100|[from] Grassy Terrain\n|-heal|p1a: Zamazenta|45/100|[from] Grassy Terrain\n|-heal|p2b: Kyogre|34/100|[from] Grassy Terrain\n|upkeep\n|-message|gappee forfeited.\n|\n|win|Piti-49\n|l|\u2606gappee\n|player|p1|\n||gappee is ready for game 2.\n||Piti-49 is ready for game 2.\n|uhtml|next|Next: <a href=\"/battle-gen9vgc2025regibo3-2354140740\"><strong>Game 2 of 3</strong></a>\n", "uploadtime": 1746038680, "views": 6, "formatid": "gen9vgc2025regibo3", "rating": null, "private": 0, "password": null}