{"id": "gen9vgc2025regibo3-2354934941", "format": "[Gen 9] VGC 2025 Reg I (Bo3)", "players": ["Holixs", "noobcuzwynaut"], "log": "|j|\u2606Holixs\n|j|\u2606noobcuzwynaut\n|html|<table width=\"100%\"><tr><td align=\"left\">Holixs</td><td align=\"right\">noobcuzwynaut</tr><tr><td align=\"left\"><i class=\"fa fa-circle-o\"></i> <i class=\"fa fa-circle-o\"></i> </td><td align=\"right\"><i class=\"fa fa-circle-o\"></i> <i class=\"fa fa-circle-o\"></i> </tr></table>\n|uhtml|bestof|<h2><strong>Game 1</strong> of <a href=\"/game-bestof3-gen9vgc2025regibo3-2354934939\">a best-of-3</a></h2>\n|t:|1746133314\n|gametype|doubles\n|player|p1|Holixs|roxie|1130\n|player|p2|noobcuzwynaut|170|1170\n|teamsize|p1|6\n|teamsize|p2|6\n|gen|9\n|tier|[Gen 9] VGC 2025 Reg I (Bo3)\n|rated|\n|rule|Species Clause: Limit one of each Pok\u00e9mon\n|rule|Item Clause: Limit 1 of each item\n|clearpoke\n|poke|p1|Necrozma-Dawn-Wings, L50|\n|poke|p1|Indeedee-F, L50, F|\n|poke|p1|Zamazenta-*, L50|\n|poke|p1|Roaring Moon, L50|\n|poke|p1|Flutter Mane, L50|\n|poke|p1|Gallade, L50, M|\n|poke|p2|Miraidon, L50|\n|poke|p2|Ho-Oh, L50|\n|poke|p2|Urshifu-*, L50, M|\n|poke|p2|Whimsicott, L50, F|\n|poke|p2|Iron Hands, L50|\n|poke|p2|Ting-Lu, L50|\n|teampreview|4\n|showteam|p1|Necrozma-Dawn-Wings||PowerHerb|PrismArmor|MoongeistBeam,TrickRoom,ExpandingForce,MeteorBeam||||||50|,,,,,Normal]Indeedee-F||PsychicSeed|PsychicSurge|AlluringVoice,HelpingHand,FollowMe,TrickRoom|||F|||50|,,,,,Grass]Zamazenta-Crowned||RustedShield|DauntlessShield|BodyPress,HeavySlam,WideGuard,Protect||||||50|,,,,,Dragon]Roaring Moon||BoosterEnergy|Protosynthesis|KnockOff,Acrobatics,Tailwind,Protect||||||50|,,,,,Flying]Flutter Mane||FocusSash|Protosynthesis|Moonblast,ShadowBall,DazzlingGleam,Protect||||||50|,,,,,Fairy]Gallade||ClearAmulet|Sharpness|SacredSword,PsychoCut,Protect,TrickRoom|||M|||50|,,,,,Fire\n|showteam|p2|Miraidon||ChoiceSpecs|HadronEngine|ElectroDrift,DracoMeteor,VoltSwitch,DazzlingGleam||||||50|,,,,,Fairy]Ho-Oh||ClearAmulet|Regenerator|SacredFire,BraveBird,TeraBlast,Protect||||||50|,,,,,Grass]Urshifu-Rapid-Strike||FocusSash|UnseenFist|SurgingStrikes,CloseCombat,AquaJet,Detect|||M|||50|,,,,,Stellar]Whimsicott||CovertCloak|Prankster|Moonblast,Taunt,Tailwind,Encore|||F|||50|,,,,,Dark]Iron Hands||AssaultVest|QuarkDrive|DrainPunch,WildCharge,FakeOut,HeavySlam||||||50|,,,,,Water]Ting-Lu||RockyHelmet|VesselofRuin|Ruination,SandTomb,Snarl,Protect||||||50|,,,,,Fairy\n|\n|t:|1746133372\n|start\n|switch|p1a: I like|Necrozma-Dawn-Wings, L50|100/100\n|switch|p1b: Gallade|Gallade, L50, M|100/100\n|switch|p2a: Ting-Lu|Ting-Lu, L50|100/100\n|switch|p2b: Ho-Oh|Ho-Oh, L50|100/100\n|-ability|p2a: Ting-Lu|Vessel of Ruin\n|turn|1\n|\n|t:|1746133407\n|-terastallize|p1a: I like|Normal\n|-terastallize|p2a: Ting-Lu|Fairy\n|move|p2b: Ho-Oh|Brave Bird|p1b: Gallade\n|-supereffective|p1b: Gallade\n|-damage|p1b: Gallade|0 fnt\n|faint|p1b: Gallade\n|-damage|p2b: Ho-Oh|73/100|[from] Recoil\n|move|p2a: Ting-Lu|Snarl|p1a: I like\n|-damage|p1a: I like|91/100\n|-unboost|p1a: I like|spa|1\n|move|p1a: I like|Trick Room|p1a: I like\n|-fieldstart|move: Trick Room|[of] p1a: I like\n|\n|upkeep\n|\n|t:|1746133426\n|switch|p1b: Spam helper 1|Indeedee-F, L50, F|100/100\n|-fieldstart|move: Psychic Terrain|[from] ability: Psychic Surge|[of] p1b: Spam helper 1\n|-enditem|p1b: Spam helper 1|Psychic Seed\n|-boost|p1b: Spam helper 1|spd|1|[from] item: Psychic Seed\n|turn|2\n|\n|t:|1746133437\n|switch|p2b: Miraidon|Miraidon, L50|100/100\n|-fieldstart|move: Electric Terrain|[from] ability: Hadron Engine|[of] p2b: Miraidon\n|move|p1b: Spam helper 1|Helping Hand|p1a: I like\n|-singleturn|p1a: I like|Helping Hand|[of] p1b: Spam helper 1\n|move|p2a: Ting-Lu|Snarl|p1a: I like|[spread] p1a,p1b\n|-supereffective|p1b: Spam helper 1\n|-damage|p1a: I like|85/100\n|-damage|p1b: Spam helper 1|89/100\n|-unboost|p1a: I like|spa|1\n|-unboost|p1b: Spam helper 1|spa|1\n|move|p1a: I like|Expanding Force|p2a: Ting-Lu\n|-damage|p2a: Ting-Lu|80/100\n|\n|upkeep\n|turn|3\n|\n|t:|1746133463\n|move|p2a: Ting-Lu|Snarl|p1b: Spam helper 1|[spread] p1b\n|-miss|p2a: Ting-Lu|p1a: I like\n|-supereffective|p1b: Spam helper 1\n|-damage|p1b: Spam helper 1|77/100\n|-unboost|p1b: Spam helper 1|spa|1\n|move|p1a: I like|Meteor Beam||[still]\n|-prepare|p1a: I like|Meteor Beam\n|-boost|p1a: I like|spa|1\n|-enditem|p1a: I like|Power Herb\n|-anim|p1a: I like|Meteor Beam|p2a: Ting-Lu\n|-damage|p2a: Ting-Lu|62/100\n|move|p1b: Spam helper 1|Alluring Voice|p2b: Miraidon\n|-supereffective|p2b: Miraidon\n|-damage|p2b: Miraidon|87/100\n|move|p2b: Miraidon|Volt Switch|p1b: Spam helper 1\n|-damage|p1b: Spam helper 1|26/100\n|\n|t:|1746133470\n|switch|p2b: Ho-Oh|Ho-Oh, L50|100/100|[from] Volt Switch\n|\n|upkeep\n|turn|4\n|\n|t:|1746133502\n|move|p1b: Spam helper 1|Helping Hand|p1a: I like\n|-singleturn|p1a: I like|Helping Hand|[of] p1b: Spam helper 1\n|move|p2a: Ting-Lu|Protect|p2a: Ting-Lu\n|-singleturn|p2a: Ting-Lu|Protect\n|move|p1a: I like|Meteor Beam||[still]\n|-prepare|p1a: I like|Meteor Beam\n|-boost|p1a: I like|spa|1\n|move|p2b: Ho-Oh|Brave Bird|p1b: Spam helper 1\n|-damage|p1b: Spam helper 1|0 fnt\n|faint|p1b: Spam helper 1\n|-damage|p2b: Ho-Oh|94/100|[from] Recoil\n|\n|upkeep\n|\n|t:|1746133514\n|switch|p1b: Flutter Mango|Flutter Mane, L50|100/100\n|turn|5\n|\n|t:|1746133535\n|move|p2b: Ho-Oh|Protect|p2b: Ho-Oh\n|-singleturn|p2b: Ho-Oh|Protect\n|move|p1b: Flutter Mango|Protect|p1b: Flutter Mango\n|-singleturn|p1b: Flutter Mango|Protect\n|move|p2a: Ting-Lu|Snarl|p1b: Flutter Mango|[spread] p1a\n|-activate|p1b: Flutter Mango|move: Protect\n|-damage|p1a: I like|79/100\n|-unboost|p1a: I like|spa|1\n|move|p1a: I like|Meteor Beam|p2b: Ho-Oh|[from] lockedmove\n|-activate|p2b: Ho-Oh|move: Protect\n|\n|-fieldend|move: Trick Room\n|upkeep\n|turn|6\n|\n|t:|1746133563\n|move|p1b: Flutter Mango|Dazzling Gleam|p2a: Ting-Lu|[spread] p2a,p2b\n|-resisted|p2b: Ho-Oh\n|-damage|p2a: Ting-Lu|47/100\n|-damage|p2b: Ho-Oh|87/100\n|move|p2b: Ho-Oh|Sacred Fire|p1b: Flutter Mango\n|-enditem|p1b: Flutter Mango|Focus Sash\n|-damage|p1b: Flutter Mango|1/100\n|move|p1a: I like|Moongeist Beam|p2a: Ting-Lu\n|-damage|p2a: Ting-Lu|28/100\n|move|p2a: Ting-Lu|Snarl|p1b: Flutter Mango|[spread] p1a,p1b\n|-damage|p1a: I like|73/100\n|-damage|p1b: Flutter Mango|0 fnt\n|-unboost|p1a: I like|spa|1\n|faint|p1b: Flutter Mango\n|-end|p1b: Flutter Mango|Protosynthesis|[silent]\n|\n|-fieldend|move: Electric Terrain\n|upkeep\n|turn|7\n|\n|t:|1746133583\n|move|p2b: Ho-Oh|Sacred Fire|p1a: I like\n|-damage|p1a: I like|24/100\n|-status|p1a: I like|brn\n|move|p1a: I like|Moongeist Beam|p2a: Ting-Lu\n|-damage|p2a: Ting-Lu|11/100\n|move|p2a: Ting-Lu|Snarl|p1a: I like\n|-damage|p1a: I like|15/100 brn\n|-unboost|p1a: I like|spa|1\n|\n|-damage|p1a: I like|9/100 brn|[from] brn\n|upkeep\n|turn|8\n|\n|t:|1746133588\n|move|p2b: Ho-Oh|Brave Bird|p1a: I like\n|-damage|p1a: I like|0 fnt\n|faint|p1a: I like\n|-damage|p2b: Ho-Oh|84/100|[from] Recoil\n|\n|win|noobcuzwynaut\n||Holixs is ready for game 2.\n|inactive|noobcuzwynaut has 30 seconds to confirm battle start!\n||noobcuzwynaut is ready for game 2.\n|uhtml|next|Next: <a href=\"/battle-gen9vgc2025regibo3-2354937702\"><strong>Game 2 of 3</strong></a>\n", "uploadtime": 1746133850, "views": 5, "formatid": "gen9vgc2025regibo3", "rating": null, "private": 0, "password": null}