{"id": "gen9vgc2025regibo3-2354456460", "format": "[Gen 9] VGC 2025 Reg I (Bo3)", "players": ["Geopocket", "sadfkl"], "log": "|j|\u2606Geopocket\n|j|\u2606sadfkl\n|html|<table width=\"100%\"><tr><td align=\"left\">Geopocket</td><td align=\"right\">sadfkl</tr><tr><td align=\"left\"><i class=\"fa fa-circle-o\"></i> <i class=\"fa fa-circle-o\"></i> </td><td align=\"right\"><i class=\"fa fa-circle-o\"></i> <i class=\"fa fa-circle-o\"></i> </tr></table>\n|uhtml|bestof|<h2><strong>Game 1</strong> of <a href=\"/game-bestof3-gen9vgc2025regibo3-2354456459\">a best-of-3</a></h2>\n|t:|1746074379\n|gametype|doubles\n|player|p1|Geopocket|juan|1251\n|player|p2|sadfkl|ethan|1141\n|teamsize|p1|6\n|teamsize|p2|6\n|gen|9\n|tier|[Gen 9] VGC 2025 Reg I (Bo3)\n|rated|\n|rule|Species Clause: Limit one of each Pok\u00e9mon\n|rule|Item Clause: Limit 1 of each item\n|clearpoke\n|poke|p1|Koraidon, L50|\n|poke|p1|Lunala, L50|\n|poke|p1|Raging Bolt, L50|\n|poke|p1|Chi-Yu, L50|\n|poke|p1|Flutter Mane, L50|\n|poke|p1|Brute Bonnet, L50|\n|poke|p2|Koraidon, L50|\n|poke|p2|Calyrex-Shadow, L50|\n|poke|p2|Indeedee-F, L50, F|\n|poke|p2|Iron Bundle, L50|\n|poke|p2|Chi-Yu, L50|\n|poke|p2|Brute Bonnet, L50|\n|teampreview|4\n|showteam|p1|Koraidon||LifeOrb|OrichalcumPulse|CloseCombat,FlareBlitz,FlameCharge,Protect||||||50|,,,,,Fire]Lunala||PowerHerb|ShadowShield|MoongeistBeam,MeteorBeam,TrickRoom,WideGuard||||||50|,,,,,Water]Raging Bolt||SafetyGoggles|Protosynthesis|Thunderbolt,DracoMeteor,Thunderclap,Protect||||||50|,,,,,Electric]Chi-Yu||ChoiceScarf|BeadsofRuin|HeatWave,DarkPulse,Snarl,Overheat||||||50|,,,,,Ghost]Flutter Mane||FocusSash|Protosynthesis|Moonblast,IcyWind,ShadowBall,Protect||||||50|,,,,,Normal]Brute Bonnet||CovertCloak|Protosynthesis|Spore,RagePowder,SuckerPunch,SeedBomb||||||50|,,,,,Water\n|showteam|p2|Koraidon||LifeOrb|OrichalcumPulse|CollisionCourse,FlareBlitz,Protect,LowKick||||||50|,,,,,Fire]Calyrex-Shadow||FocusSash|AsOneSpectrier|AstralBarrage,ExpandingForce,Protect,PollenPuff||||||50|,,,,,Dark]Indeedee-F||PsychicSeed|PsychicSurge|AlluringVoice,FollowMe,HelpingHand,TrickRoom|||F|||50|,,,,,Water]Iron Bundle||BoosterEnergy|QuarkDrive|IcyWind,Taunt,Encore,FreezeDry||||||50|,,,,,Ghost]Chi-Yu||ChoiceScarf|BeadsofRuin|HeatWave,DarkPulse,Snarl,Overheat||||||50|,,,,,Fire]Brute Bonnet||CovertCloak|Protosynthesis|SeedBomb,SuckerPunch,Spore,RagePowder||||||50|,,,,,Water\n|\n|t:|1746074430\n|start\n|switch|p1a: Koraidon|Koraidon, L50|100/100\n|switch|p1b: Lunala|Lunala, L50|100/100\n|switch|p2a: Iron Bundle|Iron Bundle, L50|100/100\n|switch|p2b: Calyrex|Calyrex-Shadow, L50|100/100\n|-ability|p2b: Calyrex|As One\n|-ability|p2b: Calyrex|Unnerve\n|-weather|SunnyDay|[from] ability: Orichalcum Pulse|[of] p1a: Koraidon\n|-activate|p1a: Koraidon|Orichalcum Pulse|[source]\n|-enditem|p2a: Iron Bundle|Booster Energy\n|-activate|p2a: Iron Bundle|ability: Quark Drive|[fromitem]\n|-start|p2a: Iron Bundle|quarkdrivespe\n|turn|1\n|\n|t:|1746074450\n|switch|p1a: Brute Bonnet|Brute Bonnet, L50|100/100\n|-activate|p1a: Brute Bonnet|ability: Protosynthesis\n|-start|p1a: Brute Bonnet|protosynthesisdef\n|move|p2b: Calyrex|Protect|p2b: Calyrex\n|-singleturn|p2b: Calyrex|Protect\n|move|p2a: Iron Bundle|Taunt|p1b: Lunala\n|-start|p1b: Lunala|move: Taunt\n|move|p1b: Lunala|Meteor Beam||[still]\n|-prepare|p1b: Lunala|Meteor Beam\n|-boost|p1b: Lunala|spa|1\n|-enditem|p1b: Lunala|Power Herb\n|-anim|p1b: Lunala|Meteor Beam|p2a: Iron Bundle\n|-supereffective|p2a: Iron Bundle\n|-damage|p2a: Iron Bundle|0 fnt\n|faint|p2a: Iron Bundle\n|-end|p2a: Iron Bundle|Quark Drive|[silent]\n|\n|-weather|SunnyDay|[upkeep]\n|upkeep\n|\n|t:|1746074460\n|switch|p2a: Koraidon|Koraidon, L50|100/100\n|-activate|p2a: Koraidon|ability: Orichalcum Pulse\n|turn|2\n|\n|t:|1746074495\n|-terastallize|p2a: Koraidon|Fire\n|-terastallize|p1b: Lunala|Water\n|move|p1a: Brute Bonnet|Sucker Punch|p2b: Calyrex\n|-supereffective|p2b: Calyrex\n|-enditem|p2b: Calyrex|Focus Sash\n|-damage|p2b: Calyrex|1/100\n|move|p2b: Calyrex|Pollen Puff|p1a: Brute Bonnet\n|-supereffective|p1a: Brute Bonnet\n|-damage|p1a: Brute Bonnet|0 fnt\n|faint|p1a: Brute Bonnet\n|-end|p1a: Brute Bonnet|Protosynthesis|[silent]\n|-ability|p2b: Calyrex|Grim Neigh|boost\n|-boost|p2b: Calyrex|spa|1\n|move|p2a: Koraidon|Flare Blitz|p1b: Lunala\n|-resisted|p1b: Lunala\n|-damage|p1b: Lunala|66/100\n|-damage|p2a: Koraidon|86/100|[from] Recoil\n|-damage|p2a: Koraidon|76/100|[from] item: Life Orb\n|move|p1b: Lunala|Moongeist Beam|p2a: Koraidon\n|-damage|p2a: Koraidon|0 fnt\n|faint|p2a: Koraidon\n|\n|-weather|SunnyDay|[upkeep]\n|upkeep\n|\n|t:|1746074516\n|switch|p2a: Chi-Yu|Chi-Yu, L50|100/100\n|switch|p1a: Flutter Mane|Flutter Mane, L50|100/100\n|-ability|p2a: Chi-Yu|Beads of Ruin\n|-activate|p1a: Flutter Mane|ability: Protosynthesis\n|-start|p1a: Flutter Mane|protosynthesisspe\n|turn|3\n|\n|t:|1746074524\n|move|p2b: Calyrex|Protect|p2b: Calyrex\n|-singleturn|p2b: Calyrex|Protect\n|move|p1a: Flutter Mane|Icy Wind|p2b: Calyrex|[spread] p2a\n|-activate|p2b: Calyrex|move: Protect\n|-resisted|p2a: Chi-Yu\n|-damage|p2a: Chi-Yu|92/100\n|-unboost|p2a: Chi-Yu|spe|1\n|move|p2a: Chi-Yu|Heat Wave|p1b: Lunala|[spread] p1a,p1b\n|-resisted|p1b: Lunala\n|-damage|p1a: Flutter Mane|14/100\n|-damage|p1b: Lunala|36/100\n|move|p1b: Lunala|Moongeist Beam|p2a: Chi-Yu\n|-resisted|p2a: Chi-Yu\n|-damage|p2a: Chi-Yu|44/100\n|\n|-weather|SunnyDay|[upkeep]\n|-end|p1b: Lunala|move: Taunt\n|upkeep\n|turn|4\n|\n|t:|1746074542\n|move|p1b: Lunala|Wide Guard|p1b: Lunala\n|-singleturn|p1b: Lunala|Wide Guard\n|move|p1a: Flutter Mane|Moonblast|p2b: Calyrex\n|-damage|p2b: Calyrex|0 fnt\n|faint|p2b: Calyrex\n|move|p2a: Chi-Yu|Heat Wave|p1b: Lunala|[spread] \n|-activate|p1a: Flutter Mane|move: Wide Guard\n|-activate|p1b: Lunala|move: Wide Guard\n|\n|-weather|SunnyDay|[upkeep]\n|upkeep\n|turn|5\n|-message|sadfkl forfeited.\n|\n|win|Geopocket\n||sadfkl is ready for game 2.\n||Geopocket is ready for game 2.\n|uhtml|next|Next: <a href=\"/battle-gen9vgc2025regibo3-2354457510\"><strong>Game 2 of 3</strong></a>\n", "uploadtime": 1746074916, "views": 18, "formatid": "gen9vgc2025regibo3", "rating": null, "private": 0, "password": null}