{"id": "gen9vgc2025regibo3-2353876600", "format": "[Gen 9] VGC 2025 Reg I (Bo3)", "players": ["bobak dotto", "dezzyfreeman"], "log": "|j|\u2606bobak dotto\n|j|\u2606dezzyfreeman\n|html|<table width=\"100%\"><tr><td align=\"left\">bobak dotto</td><td align=\"right\">dezzyfreeman</tr><tr><td align=\"left\"><i class=\"fa fa-circle-o\"></i> <i class=\"fa fa-circle-o\"></i> </td><td align=\"right\"><i class=\"fa fa-circle-o\"></i> <i class=\"fa fa-circle-o\"></i> </tr></table>\n|uhtml|bestof|<h2><strong>Game 1</strong> of <a href=\"/game-bestof3-gen9vgc2025regibo3-2353876597\">a best-of-3</a></h2>\n|t:|1746013758\n|gametype|doubles\n|player|p1|bobak dotto|bruno|1110\n|player|p2|dezzyfreeman|2|1168\n|teamsize|p1|6\n|teamsize|p2|6\n|gen|9\n|tier|[Gen 9] VGC 2025 Reg I (Bo3)\n|rated|\n|rule|Species Clause: Limit one of each Pok\u00e9mon\n|rule|Item Clause: Limit 1 of each item\n|clearpoke\n|poke|p1|Dialga-Origin, L50|\n|poke|p1|Calyrex-Shadow, L50|\n|poke|p1|Araquanid, L50, F|\n|poke|p1|Rillaboom, L50, M|\n|poke|p1|Incineroar, L50, M|\n|poke|p1|Smeargle, L50, M|\n|poke|p2|Miraidon, L50|\n|poke|p2|Whimsicott, L50, F|\n|poke|p2|Farigiraf, L50, M|\n|poke|p2|Iron Hands, L50|\n|poke|p2|Calyrex-Shadow, L50|\n|poke|p2|Chi-Yu, L50|\n|teampreview|4\n|showteam|p1|Dialga-Origin||AdamantCrystal|Pressure|DracoMeteor,FlashCannon,TrickRoom,Protect||||||50|,,,,,Water]Calyrex-Shadow||SitrusBerry|AsOneSpectrier|AstralBarrage,DrainingKiss,CalmMind,Protect||||||50|,,,,,Fairy]Araquanid||ClearAmulet|WaterBubble|Liquidation,Lunge,WideGuard,RainDance|||F|||50|,,,,,Water]Rillaboom||AssaultVest|GrassySurge|FakeOut,GrassyGlide,WoodHammer,Uturn|||M|||50|,,,,,Fire]Incineroar||SafetyGoggles|Intimidate|WillOWisp,KnockOff,FakeOut,PartingShot|||M|||50|,,,,,Ghost]Smeargle||CovertCloak|Moody|FakeOut,Spore,Decorate,SpikyShield|||M|||50|,,,,,Normal\n|showteam|p2|Miraidon||ChoiceSpecs|HadronEngine|ElectroDrift,DracoMeteor,VoltSwitch,DazzlingGleam||||||50|,,,,,Fairy]Whimsicott||CovertCloak|Prankster|Tailwind,Encore,LightScreen,Moonblast|||F|||50|,,,,,Dark]Farigiraf||ElectricSeed|ArmorTail|Psychic,FoulPlay,HelpingHand,TrickRoom|||M|||50|,,,,,Dark]Iron Hands||AssaultVest|QuarkDrive|LowKick,DrainPunch,WildCharge,FakeOut||||||50|,,,,,Water]Calyrex-Shadow||FocusSash|AsOneSpectrier|AstralBarrage,ExpandingForce,PollenPuff,Protect||||||50|,,,,,Ghost]Chi-Yu||ChoiceScarf|BeadsofRuin|Snarl,Overheat,DarkPulse,HeatWave||||||50|,,,,,Ghost\n|inactive|Battle timer is ON: inactive players will automatically lose when time's up. (requested by dezzyfreeman)\n|inactive|bobak dotto has 60 seconds left.\n|inactive|dezzyfreeman has 60 seconds left.\n|\n|t:|1746013805\n|start\n|switch|p1a: Incineroar|Incineroar, L50, M|100/100\n|switch|p1b: Araquanid|Araquanid, L50, F|100/100\n|switch|p2a: Miraidon|Miraidon, L50|100/100\n|switch|p2b: Farigiraf|Farigiraf, L50, M|100/100\n|-fieldstart|move: Electric Terrain|[from] ability: Hadron Engine|[of] p2a: Miraidon\n|-enditem|p2b: Farigiraf|Electric Seed\n|-boost|p2b: Farigiraf|def|1|[from] item: Electric Seed\n|-ability|p1a: Incineroar|Intimidate|boost\n|-unboost|p2a: Miraidon|atk|1\n|-unboost|p2b: Farigiraf|atk|1\n|turn|1\n|inactive|dezzyfreeman has 30 seconds left.\n|\n|t:|1746013838\n|switch|p1b: Rillaboom|Rillaboom, L50, M|100/100\n|-fieldstart|move: Grassy Terrain|[from] ability: Grassy Surge|[of] p1b: Rillaboom\n|move|p2b: Farigiraf|Helping Hand|p2a: Miraidon\n|-singleturn|p2a: Miraidon|Helping Hand|[of] p2b: Farigiraf\n|move|p2a: Miraidon|Volt Switch|p1a: Incineroar\n|-damage|p1a: Incineroar|26/100\n|\n|t:|1746013863\n|switch|p2a: Chi-Yu|Chi-Yu, L50|100/100|[from] Volt Switch\n|-ability|p2a: Chi-Yu|Beads of Ruin\n|move|p1a: Incineroar|Knock Off|p2a: Chi-Yu\n|-resisted|p2a: Chi-Yu\n|-damage|p2a: Chi-Yu|70/100\n|-enditem|p2a: Chi-Yu|Choice Scarf|[from] move: Knock Off|[of] p1a: Incineroar\n|\n|-heal|p2a: Chi-Yu|76/100|[from] Grassy Terrain\n|-heal|p1a: Incineroar|32/100|[from] Grassy Terrain\n|upkeep\n|turn|2\n|inactive|dezzyfreeman has 30 seconds left.\n|\n|t:|1746013891\n|switch|p1b: Araquanid|Araquanid, L50, F|100/100\n|move|p2b: Farigiraf|Helping Hand|p2a: Chi-Yu\n|-singleturn|p2a: Chi-Yu|Helping Hand|[of] p2b: Farigiraf\n|move|p2a: Chi-Yu|Heat Wave|p1b: Araquanid|[spread] p1a,p1b\n|-resisted|p1a: Incineroar\n|-damage|p1a: Incineroar|0 fnt\n|-damage|p1b: Araquanid|69/100\n|faint|p1a: Incineroar\n|\n|-heal|p2a: Chi-Yu|82/100|[from] Grassy Terrain\n|-heal|p1b: Araquanid|75/100|[from] Grassy Terrain\n|upkeep\n|\n|t:|1746013904\n|switch|p1a: Calyrex|Calyrex-Shadow, L50|100/100\n|-ability|p1a: Calyrex|As One\n|-ability|p1a: Calyrex|Unnerve\n|turn|3\n|\n|t:|1746013925\n|-terastallize|p1a: Calyrex|Fairy\n|move|p2b: Farigiraf|Helping Hand|p2a: Chi-Yu\n|-singleturn|p2a: Chi-Yu|Helping Hand|[of] p2b: Farigiraf\n|move|p1a: Calyrex|Calm Mind|p1a: Calyrex\n|-boost|p1a: Calyrex|spa|1\n|-boost|p1a: Calyrex|spd|1\n|move|p2a: Chi-Yu|Overheat|p1a: Calyrex\n|-damage|p1a: Calyrex|7/100\n|-unboost|p2a: Chi-Yu|spa|2\n|-enditem|p1a: Calyrex|Sitrus Berry|[eat]\n|-heal|p1a: Calyrex|32/100|[from] item: Sitrus Berry\n|move|p1b: Araquanid|Liquidation|p2a: Chi-Yu\n|-supereffective|p2a: Chi-Yu\n|-damage|p2a: Chi-Yu|0 fnt\n|faint|p2a: Chi-Yu\n|\n|-heal|p1a: Calyrex|38/100|[from] Grassy Terrain\n|-heal|p1b: Araquanid|80/100|[from] Grassy Terrain\n|upkeep\n|inactive|dezzyfreeman has 30 seconds left.\n|\n|t:|1746013959\n|switch|p2a: Calyrex|Calyrex-Shadow, L50|100/100\n|-ability|p2a: Calyrex|As One\n|-ability|p2a: Calyrex|Unnerve\n|turn|4\n|\n|t:|1746013975\n|move|p1a: Calyrex|Protect|p1a: Calyrex\n|-singleturn|p1a: Calyrex|Protect\n|move|p2a: Calyrex|Protect|p2a: Calyrex\n|-singleturn|p2a: Calyrex|Protect\n|move|p2b: Farigiraf|Psychic|p1a: Calyrex\n|-activate|p1a: Calyrex|move: Protect\n|move|p1b: Araquanid|Liquidation|p2a: Calyrex\n|-activate|p2a: Calyrex|move: Protect\n|\n|-heal|p1a: Calyrex|44/100|[from] Grassy Terrain\n|-heal|p1b: Araquanid|86/100|[from] Grassy Terrain\n|upkeep\n|turn|5\n|\n|t:|1746013993\n|move|p2b: Farigiraf|Helping Hand|p2a: Calyrex\n|-singleturn|p2a: Calyrex|Helping Hand|[of] p2b: Farigiraf\n|move|p1b: Araquanid|Wide Guard|p1b: Araquanid\n|-singleturn|p1b: Araquanid|Wide Guard\n|move|p1a: Calyrex|Astral Barrage|p2b: Farigiraf|[spread] p2a\n|-immune|p2b: Farigiraf\n|-supereffective|p2a: Calyrex\n|-enditem|p2a: Calyrex|Focus Sash\n|-damage|p2a: Calyrex|1/100\n|move|p2a: Calyrex|Astral Barrage|p1b: Araquanid|[spread] \n|-activate|p1a: Calyrex|move: Wide Guard\n|-activate|p1b: Araquanid|move: Wide Guard\n|\n|-heal|p1a: Calyrex|50/100|[from] Grassy Terrain\n|-heal|p2a: Calyrex|7/100|[from] Grassy Terrain\n|-heal|p1b: Araquanid|92/100|[from] Grassy Terrain\n|-fieldend|move: Grassy Terrain\n|upkeep\n|turn|6\n|\n|t:|1746014017\n|move|p2a: Calyrex|Protect|p2a: Calyrex\n|-singleturn|p2a: Calyrex|Protect\n|move|p1a: Calyrex|Draining Kiss|p2a: Calyrex\n|-activate|p2a: Calyrex|move: Protect\n|move|p2b: Farigiraf|Psychic|p1a: Calyrex\n|-damage|p1a: Calyrex|30/100\n|move|p1b: Araquanid|Liquidation|p2b: Farigiraf\n|-damage|p2b: Farigiraf|63/100\n|\n|upkeep\n|turn|7\n|\n|t:|1746014042\n|switch|p2a: Miraidon|Miraidon, L50|100/100\n|-fieldstart|move: Electric Terrain|[from] ability: Hadron Engine|[of] p2a: Miraidon\n|move|p1b: Araquanid|Wide Guard|p1b: Araquanid\n|-singleturn|p1b: Araquanid|Wide Guard\n|move|p1a: Calyrex|Draining Kiss|p2a: Miraidon\n|-supereffective|p2a: Miraidon\n|-damage|p2a: Miraidon|4/100\n|-heal|p1a: Calyrex|94/100|[from] drain|[of] p2a: Miraidon\n|move|p2b: Farigiraf|Psychic|p1a: Calyrex\n|-damage|p1a: Calyrex|72/100\n|\n|upkeep\n|turn|8\n|inactive|dezzyfreeman has 30 seconds left.\n|\n|t:|1746014071\n|switch|p1b: Rillaboom|Rillaboom, L50, M|100/100\n|-fieldstart|move: Grassy Terrain|[from] ability: Grassy Surge|[of] p1b: Rillaboom\n|move|p1a: Calyrex|Draining Kiss|p2a: Miraidon\n|-supereffective|p2a: Miraidon\n|-damage|p2a: Miraidon|0 fnt\n|-heal|p1a: Calyrex|75/100|[from] drain|[of] p2a: Miraidon\n|faint|p2a: Miraidon\n|-ability|p1a: Calyrex|Grim Neigh|boost\n|-boost|p1a: Calyrex|spa|1\n|move|p2b: Farigiraf|Psychic|p1a: Calyrex\n|-damage|p1a: Calyrex|53/100\n|\n|-heal|p1a: Calyrex|59/100|[from] Grassy Terrain\n|-heal|p2b: Farigiraf|69/100|[from] Grassy Terrain\n|upkeep\n|-message|dezzyfreeman forfeited.\n|\n|win|bobak dotto\n|l|\u2606dezzyfreeman\n|player|p2|\n||dezzyfreeman is ready for game 2.\n||bobak dotto is ready for game 2.\n|uhtml|next|Next: <a href=\"/battle-gen9vgc2025regibo3-2353879125\"><strong>Game 2 of 3</strong></a>\n", "uploadtime": 1746014472, "views": 10, "formatid": "gen9vgc2025regibo3", "rating": null, "private": 0, "password": null}