{"id": "gen9vgc2025regibo3-2353343258", "format": "[Gen 9] VGC 2025 Reg I (Bo3)", "players": ["Qicide", "natcentre"], "log": "|j|\u2606Qicide\n|j|\u2606natcentre\n|html|<table width=\"100%\"><tr><td align=\"left\">Qicide</td><td align=\"right\">natcentre</tr><tr><td align=\"left\"><i class=\"fa fa-circle\"></i> <i class=\"fa fa-circle-o\"></i> </td><td align=\"right\"><i class=\"fa fa-circle-o\"></i> <i class=\"fa fa-circle\"></i> </tr></table>\n|uhtml|bestof|<h2><strong>Game 3</strong> of <a href=\"/game-bestof3-gen9vgc2025regibo3-2353337298\">a best-of-3</a></h2>\n|t:|1745947972\n|gametype|doubles\n|player|p1|Qicide|red|1299\n|player|p2|natcentre|170|1361\n|teamsize|p1|6\n|teamsize|p2|6\n|gen|9\n|tier|[Gen 9] VGC 2025 Reg I (Bo3)\n|rated|\n|rule|Species Clause: Limit one of each Pok\u00e9mon\n|rule|Item Clause: Limit 1 of each item\n|clearpoke\n|poke|p1|Chi-Yu, L50|\n|poke|p1|Calyrex-Shadow, L50|\n|poke|p1|Tornadus, L50, M|\n|poke|p1|Groudon, L50|\n|poke|p1|Raging Bolt, L50|\n|poke|p1|Urshifu-*, L50, F|\n|poke|p2|Calyrex-Ice, L50|\n|poke|p2|Lunala, L50|\n|poke|p2|Incineroar, L50, M|\n|poke|p2|Amoonguss, L50, M|\n|poke|p2|Ting-Lu, L50|\n|poke|p2|Urshifu-*, L50, F|\n|teampreview|4\n|showteam|p1|Chi-Yu||ChoiceScarf|BeadsofRuin|HeatWave,Overheat,DarkPulse,Snarl||||||50|,,,,,Ghost]Calyrex-Shadow||LifeOrb|AsOneSpectrier|AstralBarrage,Psychic,Encore,Protect||||||50|,,,,,Normal]Tornadus||RockyHelmet|Prankster|BleakwindStorm,Tailwind,Protect,SunnyDay|||M|||50|,,,,,Dark]Groudon||ClearAmulet|Drought|HeatCrash,PrecipiceBlades,HighHorsepower,Protect||||||50|,,,,,Fire]Raging Bolt||AssaultVest|Protosynthesis|Thunderbolt,Electroweb,Thunderclap,DracoMeteor||||||50|,,,,,Electric]Urshifu||FocusSash|UnseenFist|WickedBlow,SuckerPunch,CloseCombat,Protect|||F|||50|,,,,,Dark\n|showteam|p2|Calyrex-Ice||Leftovers|AsOneGlastrier|Protect,BodyPress,GlacialLance,IronDefense||||||50|,,,,,Dragon]Lunala||PowerHerb|ShadowShield|MoongeistBeam,MeteorBeam,WideGuard,TrickRoom||||||50|,,,,,Water]Incineroar||SafetyGoggles|Intimidate|FakeOut,KnockOff,PartingShot,Taunt|||M|||50|,,,,,Bug]Amoonguss||RockyHelmet|Regenerator|Protect,Spore,RagePowder,PollenPuff|||M|||50|,,,,,Water]Ting-Lu||AssaultVest|VesselofRuin|StompingTantrum,HeavySlam,Ruination,Snarl||||||50|,,,,,Fairy]Urshifu-Rapid-Strike||ChoiceScarf|UnseenFist|SurgingStrikes,CloseCombat,Uturn,Coaching|||F|||50|,,,,,Water\n|inactive|Battle timer is ON: inactive players will automatically lose when time's up. (requested by Qicide)\n|inactive|natcentre has 60 seconds left.\n|\n|t:|1745948015\n|start\n|switch|p1a: Groudon|Groudon, L50|100/100\n|switch|p1b: Chi-Yu|Chi-Yu, L50|100/100\n|switch|p2a: Lunala|Lunala, L50|100/100\n|switch|p2b: Incineroar|Incineroar, L50, M|100/100\n|-ability|p1b: Chi-Yu|Beads of Ruin\n|-weather|SunnyDay|[from] ability: Drought|[of] p1a: Groudon\n|-ability|p2b: Incineroar|Intimidate|boost\n|-fail|p1a: Groudon|unboost|[from] item: Clear Amulet|[of] p1a: Groudon\n|-unboost|p1b: Chi-Yu|atk|1\n|turn|1\n|\n|t:|1745948035\n|switch|p1b: Raging Bolt|Raging Bolt, L50|100/100\n|-activate|p1b: Raging Bolt|ability: Protosynthesis\n|-start|p1b: Raging Bolt|protosynthesisspa\n|move|p2b: Incineroar|Fake Out|p1b: Raging Bolt\n|-damage|p1b: Raging Bolt|92/100\n|move|p1a: Groudon|Precipice Blades|p2a: Lunala|[spread] p2a\n|-miss|p1a: Groudon|p2b: Incineroar\n|-damage|p2a: Lunala|81/100\n|move|p2a: Lunala|Meteor Beam||[still]\n|-prepare|p2a: Lunala|Meteor Beam\n|-boost|p2a: Lunala|spa|1\n|-enditem|p2a: Lunala|Power Herb\n|-anim|p2a: Lunala|Meteor Beam|p1b: Raging Bolt\n|-damage|p1b: Raging Bolt|53/100\n|\n|-weather|SunnyDay|[upkeep]\n|upkeep\n|turn|2\n|inactive|Qicide has 30 seconds left.\n|\n|t:|1745948065\n|-terastallize|p1b: Raging Bolt|Electric\n|move|p1a: Groudon|Precipice Blades|p2b: Incineroar|[spread] \n|-miss|p1a: Groudon|p2a: Lunala\n|-miss|p1a: Groudon|p2b: Incineroar\n|move|p2a: Lunala|Moongeist Beam|p1a: Groudon\n|-damage|p1a: Groudon|12/100\n|move|p1b: Raging Bolt|Thunderbolt|p2b: Incineroar\n|-damage|p2b: Incineroar|28/100\n|move|p2b: Incineroar|Knock Off|p1a: Groudon\n|-damage|p1a: Groudon|0 fnt\n|-enditem|p1a: Groudon|Clear Amulet|[from] move: Knock Off|[of] p2b: Incineroar\n|faint|p1a: Groudon\n|\n|-weather|SunnyDay|[upkeep]\n|upkeep\n|\n|t:|1745948078\n|switch|p1a: Chi-Yu|Chi-Yu, L50|100/100\n|-ability|p1a: Chi-Yu|Beads of Ruin\n|turn|3\n|inactive|natcentre has 30 seconds left.\n|\n|t:|1745948103\n|switch|p2b: Ting-Lu|Ting-Lu, L50|100/100\n|-ability|p2b: Ting-Lu|Vessel of Ruin\n|-terastallize|p2a: Lunala|Water\n|move|p1a: Chi-Yu|Heat Wave|p2a: Lunala|[spread] p2a,p2b\n|-resisted|p2a: Lunala\n|-damage|p2a: Lunala|62/100\n|-damage|p2b: Ting-Lu|73/100\n|move|p1b: Raging Bolt|Thunderbolt|p2b: Ting-Lu\n|-immune|p2b: Ting-Lu\n|move|p2a: Lunala|Trick Room|p2a: Lunala\n|-fieldstart|move: Trick Room|[of] p2a: Lunala\n|\n|-weather|SunnyDay|[upkeep]\n|upkeep\n|turn|4\n|\n|t:|1745948126\n|move|p2b: Ting-Lu|Stomping Tantrum|p1b: Raging Bolt\n|-supereffective|p1b: Raging Bolt\n|-damage|p1b: Raging Bolt|0 fnt\n|faint|p1b: Raging Bolt\n|-end|p1b: Raging Bolt|Protosynthesis|[silent]\n|move|p2a: Lunala|Moongeist Beam|p1a: Chi-Yu\n|-resisted|p1a: Chi-Yu\n|-damage|p1a: Chi-Yu|64/100\n|move|p1a: Chi-Yu|Heat Wave|p2b: Ting-Lu|[spread] p2a\n|-miss|p1a: Chi-Yu|p2b: Ting-Lu\n|-resisted|p2a: Lunala\n|-damage|p2a: Lunala|43/100\n|\n|-weather|SunnyDay|[upkeep]\n|upkeep\n|\n|t:|1745948131\n|switch|p1b: Urshifu|Urshifu, L50, F|100/100\n|turn|5\n|inactive|natcentre has 30 seconds left.\n|\n|t:|1745948158\n|move|p2b: Ting-Lu|Stomping Tantrum|p1a: Chi-Yu\n|-supereffective|p1a: Chi-Yu\n|-damage|p1a: Chi-Yu|0 fnt\n|faint|p1a: Chi-Yu\n|move|p2a: Lunala|Moongeist Beam|p1b: Urshifu\n|-resisted|p1b: Urshifu\n|-damage|p1b: Urshifu|52/100\n|move|p1b: Urshifu|Close Combat|p2b: Ting-Lu\n|-supereffective|p2b: Ting-Lu\n|-damage|p2b: Ting-Lu|0 fnt\n|-unboost|p1b: Urshifu|def|1\n|-unboost|p1b: Urshifu|spd|1\n|faint|p2b: Ting-Lu\n|\n|-weather|none\n|upkeep\n|\n|t:|1745948161\n|switch|p2b: Amoonguss|Amoonguss, L50, M|100/100\n|turn|6\n|\n|t:|1745948172\n|move|p1b: Urshifu|Sucker Punch|p2a: Lunala\n|-damage|p2a: Lunala|12/100\n|move|p2b: Amoonguss|Spore|p1b: Urshifu\n|-status|p1b: Urshifu|slp|[from] move: Spore\n|move|p2a: Lunala|Moongeist Beam|p1b: Urshifu\n|-resisted|p1b: Urshifu\n|-damage|p1b: Urshifu|0 fnt\n|faint|p1b: Urshifu\n|\n|win|natcentre\n|raw|Qicide's rating: 1299 &rarr; <strong>1278</strong><br />(-21 for losing)\n|raw|natcentre's rating: 1361 &rarr; <strong>1377</strong><br />(+16 for winning)\n|c|\u2606Qicide|gg\n", "uploadtime": 1745948178, "views": 19, "formatid": "gen9vgc2025regibo3", "rating": 1278, "private": 0, "password": null}