{"id": "gen9vgc2025regibo3-2354847203", "format": "[Gen 9] VGC 2025 Reg I (Bo3)", "players": ["yellowfox257", "AtomGeneral"], "log": "|j|\u2606yellowfox257\n|j|\u2606AtomGeneral\n|html|<table width=\"100%\"><tr><td align=\"left\">yellowfox257</td><td align=\"right\">AtomGeneral</tr><tr><td align=\"left\"><i class=\"fa fa-circle-o\"></i> <i class=\"fa fa-circle-o\"></i> </td><td align=\"right\"><i class=\"fa fa-circle-o\"></i> <i class=\"fa fa-circle-o\"></i> </tr></table>\n|uhtml|bestof|<h2><strong>Game 1</strong> of <a href=\"/game-bestof3-gen9vgc2025regibo3-2354847202\">a best-of-3</a></h2>\n|t:|1746124923\n|gametype|doubles\n|player|p1|yellowfox257|cynthia|\n|player|p2|AtomGeneral|gambler|\n|teamsize|p1|6\n|teamsize|p2|6\n|gen|9\n|tier|[Gen 9] VGC 2025 Reg I (Bo3)\n|rule|Species Clause: Limit one of each Pok\u00e9mon\n|rule|Item Clause: Limit 1 of each item\n|clearpoke\n|poke|p1|Sylveon, L50, F|\n|poke|p1|Comfey, L50, F|\n|poke|p1|Zoroark-Hisui, L50, M|\n|poke|p1|Terapagos, L50, M|\n|poke|p1|Greedent, L50, F|\n|poke|p1|Greavard, L50, M|\n|poke|p2|Archaludon, L50, M|\n|poke|p2|Miraidon, L50|\n|poke|p2|Electivire, L50, F|\n|poke|p2|Pelipper, L50, M|\n|poke|p2|Iron Hands, L50|\n|poke|p2|Blissey, L50, F|\n|teampreview|4\n|showteam|p1|Sylveon||ThroatSpray|Pixilate|HyperVoice,CalmMind,Protect,MistyExplosion|||F|||50|,,,,,Fairy]Comfey||LaggingTail|Triage|FloralHealing,Trick,TrickRoom,Uturn|||F|||50|,,,,,Fire]Zoroark-Hisui||WideLens|Illusion|IcyWind,FakeTears,WillOWisp,Snarl|||M|||50|,,,,,Normal]Terapagos||ChoiceSpecs|TeraShift|TeraStarstorm,EarthPower,DarkPulse,HyperBeam|||M|||50|,,,,,Stellar]Greedent||ApicotBerry|CheekPouch|StuffCheeks,Stockpile,SpitUp,Swallow|||F|||50|,,,,,Fighting]Greavard||SitrusBerry|Pickup|Trick,AllySwitch,HelpingHand,Protect|||M|||50|,,,,,Ghost\n|showteam|p2|Archaludon||AssaultVest|Stamina|ElectroShot,DarkPulse,BodyPress,TeraBlast|||M|||50|,,,,,Fairy]Miraidon||LifeOrb|HadronEngine|Thunder,DragonPulse,Discharge,VoltSwitch||||||50|,,,,,Electric]Electivire||PunchingGlove|MotorDrive|ThunderPunch,FirePunch,IcePunch,RainDance|||F|||50|,,,,,Fire]Pelipper||DampRock|Drizzle|Uturn,IceBeam,Tailwind,Hurricane|||M|||50|,,,,,Water]Iron Hands||BoosterEnergy|QuarkDrive|DrainPunch,BellyDrum,Detect,BrickBreak||||||50|,,,,,Fighting]Blissey||Leftovers|Healer|HealPulse,HyperVoice,LifeDew,SoftBoiled|||F|||50|,,,,,Steel\n|\n|t:|1746124946\n|start\n|switch|p1a: Cantabile|Sylveon, L50, F, shiny|100/100\n|switch|p1b: :D|Comfey, L50, F, shiny|100/100\n|switch|p2a: Pelipper|Pelipper, L50, M, shiny|100/100\n|switch|p2b: Juggernaught|Archaludon, L50, M|100/100\n|-weather|RainDance|[from] ability: Drizzle|[of] p2a: Pelipper\n|turn|1\n|\n|t:|1746124971\n|move|p2b: Juggernaught|Electro Shot||[still]\n|-prepare|p2b: Juggernaught|Electro Shot\n|-boost|p2b: Juggernaught|spa|1\n|-anim|p2b: Juggernaught|Electro Shot|p1b: :D\n|-damage|p1b: :D|55/100\n|move|p2a: Pelipper|Hurricane|p1b: :D\n|-damage|p1b: :D|19/100\n|move|p1a: Cantabile|Calm Mind|p1a: Cantabile\n|-boost|p1a: Cantabile|spa|1\n|-boost|p1a: Cantabile|spd|1\n|move|p1b: :D|Trick|p2b: Juggernaught\n|-activate|p1b: :D|move: Trick|[of] p2b: Juggernaught\n|-item|p2b: Juggernaught|Lagging Tail|[from] move: Trick\n|-item|p1b: :D|Assault Vest|[from] move: Trick\n|\n|-weather|RainDance|[upkeep]\n|upkeep\n|turn|2\n|\n|t:|1746125006\n|move|p1b: :D|U-turn|p2a: Pelipper\n|-resisted|p2a: Pelipper\n|-damage|p2a: Pelipper|95/100\n|\n|t:|1746125019\n|switch|p1b: Greavard|Greavard, L50, M|100/100|[from] U-turn\n|move|p2a: Pelipper|Tailwind|p2a: Pelipper\n|-sidestart|p2: AtomGeneral|move: Tailwind\n|move|p1a: Cantabile|Hyper Voice|p2b: Juggernaught|[spread] p2a,p2b\n|-damage|p2a: Pelipper|12/100\n|-damage|p2b: Juggernaught|41/100\n|-ability|p2b: Juggernaught|Stamina|boost\n|-boost|p2b: Juggernaught|def|1\n|-enditem|p1a: Cantabile|Throat Spray\n|-boost|p1a: Cantabile|spa|1|[from] item: Throat Spray\n|move|p2b: Juggernaught|Electro Shot||[still]\n|-prepare|p2b: Juggernaught|Electro Shot\n|-boost|p2b: Juggernaught|spa|1\n|-anim|p2b: Juggernaught|Electro Shot|p1a: Cantabile\n|-damage|p1a: Cantabile|64/100\n|\n|-weather|RainDance|[upkeep]\n|upkeep\n|turn|3\n|\n|t:|1746125047\n|move|p1b: Greavard|Helping Hand|p1a: Cantabile\n|-singleturn|p1a: Cantabile|Helping Hand|[of] p1b: Greavard\n|move|p2a: Pelipper|Ice Beam|p1a: Cantabile\n|-damage|p1a: Cantabile|50/100\n|move|p1a: Cantabile|Hyper Voice|p2b: Juggernaught|[spread] p2a,p2b\n|-damage|p2a: Pelipper|0 fnt\n|-damage|p2b: Juggernaught|0 fnt\n|faint|p2a: Pelipper\n|faint|p2b: Juggernaught\n|\n|-weather|RainDance|[upkeep]\n|upkeep\n|\n|t:|1746125057\n|switch|p2b: ME RIDON|Miraidon, L50|100/100\n|switch|p2a: Hoover|Electivire, L50, F, shiny|100/100\n|-fieldstart|move: Electric Terrain|[from] ability: Hadron Engine|[of] p2b: ME RIDON\n|turn|4\n|\n|t:|1746125079\n|move|p1b: Greavard|Ally Switch|p1b: Greavard\n|swap|p1b: Greavard|0|[from] move: Ally Switch\n|move|p2b: ME RIDON|Discharge|p1a: Greavard|[spread] p1a,p1b\n|-ability|p2a: Hoover|Motor Drive|boost\n|-boost|p2a: Hoover|spe|1\n|-damage|p1a: Greavard|0 fnt\n|-damage|p1b: Cantabile|15/100\n|-status|p1b: Cantabile|par\n|faint|p1a: Greavard\n|-damage|p2b: ME RIDON|91/100|[from] item: Life Orb\n|move|p2a: Hoover|Ice Punch|p1b: Cantabile\n|-damage|p1b: Cantabile|0 fnt\n|faint|p1b: Cantabile\n|\n|-weather|RainDance|[upkeep]\n|upkeep\n|\n|t:|1746125091\n|switch|p1b: :D|Comfey, L50, F, shiny|19/100\n|switch|p1a: Strawberry|Greedent, L50, F, shiny|100/100\n|turn|5\n|\n|t:|1746125102\n|move|p2a: Hoover|Ice Punch|p1a: Strawberry\n|-damage|p1a: Strawberry|82/100\n|move|p2b: ME RIDON|Discharge|p1a: Strawberry|[spread] p1a,p1b\n|-ability|p2a: Hoover|Motor Drive|boost\n|-boost|p2a: Hoover|spe|1\n|-damage|p1a: Strawberry|8/100\n|-damage|p1b: :D|0 fnt\n|-status|p1a: Strawberry|par\n|-enditem|p1a: Strawberry|Apicot Berry|[eat]\n|-boost|p1a: Strawberry|spd|1|[from] item: Apicot Berry\n|-heal|p1a: Strawberry|41/100 par|[from] ability: Cheek Pouch\n|faint|p1b: :D\n|-damage|p2b: ME RIDON|81/100|[from] item: Life Orb\n|move|p1a: Strawberry|Stuff Cheeks||[still]\n|-fail|p1a: Strawberry\n|\n|-weather|RainDance|[upkeep]\n|-sideend|p2: AtomGeneral|move: Tailwind\n|upkeep\n|turn|6\n|\n|t:|1746125123\n|move|p2a: Hoover|Ice Punch|p1a: Strawberry\n|-damage|p1a: Strawberry|23/100 par\n|move|p2b: ME RIDON|Thunder|p1a: Strawberry\n|-damage|p1a: Strawberry|0 fnt\n|faint|p1a: Strawberry\n|-damage|p2b: ME RIDON|71/100|[from] item: Life Orb\n|\n|win|AtomGeneral\n||yellowfox257 is ready for game 2.\n||AtomGeneral is ready for game 2.\n|uhtml|next|Next: <a href=\"/battle-gen9vgc2025regibo3-2354849558\"><strong>Game 2 of 3</strong></a>\n|l|\u2606AtomGeneral\n|player|p2|\n|l|\u2606yellowfox257\n|player|p1|\n", "uploadtime": 1746125496, "views": 5, "formatid": "gen9vgc2025regibo3", "rating": null, "private": 0, "password": null}