{"id": "gen9vgc2025regibo3-2353453656", "format": "[Gen 9] VGC 2025 Reg I (Bo3)", "players": ["Rfriedrich16", "NoMoreRegG"], "log": "|j|\u203dRfriedrich16\n|j|\u2606NoMoreRegG\n|html|<table width=\"100%\"><tr><td align=\"left\">Rfriedrich16</td><td align=\"right\">NoMoreRegG</tr><tr><td align=\"left\"><i class=\"fa fa-circle-o\"></i> <i class=\"fa fa-circle-o\"></i> </td><td align=\"right\"><i class=\"fa fa-circle-o\"></i> <i class=\"fa fa-circle-o\"></i> </tr></table>\n|uhtml|bestof|<h2><strong>Game 1</strong> of <a href=\"/game-bestof3-gen9vgc2025regibo3-2353453655\">a best-of-3</a></h2>\n|t:|1745957345\n|gametype|doubles\n|player|p1|Rfriedrich16|unknownf|1205\n|player|p2|NoMoreRegG|scientist-gen4dp|1229\n|teamsize|p1|6\n|teamsize|p2|5\n|gen|9\n|tier|[Gen 9] VGC 2025 Reg I (Bo3)\n|rated|\n|rule|Species Clause: Limit one of each Pok\u00e9mon\n|rule|Item Clause: Limit 1 of each item\n|clearpoke\n|poke|p1|Flutter Mane, L50|\n|poke|p1|Koraidon, L50|\n|poke|p1|Iron Hands, L50|\n|poke|p1|Groudon, L50|\n|poke|p1|Sableye, L50, F|\n|poke|p1|Lilligant-Hisui, L50, F|\n|poke|p2|Ho-Oh, L50|\n|poke|p2|Rillaboom, L50, F|\n|poke|p2|Incineroar, L50, F|\n|poke|p2|Lunala, L50|\n|poke|p2|Scream Tail, L50|\n|teampreview|4\n|showteam|p1|Flutter Mane||ChoiceSpecs|Protosynthesis|Moonblast,ShadowBall,DazzlingGleam,PowerGem||||||50|,,,,,Fairy]Koraidon||LoadedDice|OrichalcumPulse|FlareBlitz,Protect,CloseCombat,ScaleShot||||||50|,,,,,Fire]Iron Hands||SafetyGoggles|QuarkDrive|FakeOut,DrainPunch,WildCharge,LowKick||||||50|,,,,,Water]Groudon||AssaultVest|Drought|PrecipiceBlades,HeatCrash,HighHorsepower,ThunderPunch||||||50|,,,,,Water]Sableye||MentalHerb|Prankster|Gravity,WillOWisp,FoulPlay,Disable|||F|||50|,,,,,Poison]Lilligant-Hisui||FocusSash|Chlorophyll|Coaching,SleepPowder,AfterYou,Protect|||F|||50|,,,,,Ghost\n|showteam|p2|Ho-Oh||ClearAmulet|Regenerator|SacredFire,BraveBird,Tailwind,Protect||||||50|,,,,,Grass]Rillaboom||AssaultVest|GrassySurge|FakeOut,GrassyGlide,Uturn,WoodHammer|||F|||50|,,,,,Fire]Incineroar||SafetyGoggles|Intimidate|FlareBlitz,WillOWisp,PartingShot,FakeOut|||F|||50|,,,,,Ghost]Lunala||Leftovers|ShadowShield|MoongeistBeam,Moonblast,CalmMind,Protect||||||50|,,,,,Fairy]Scream Tail||BoosterEnergy|Protosynthesis|RockTomb,Encore,Disable,Protect||||||50|,,,,,Grass\n|\n|t:|1745957398\n|start\n|switch|p1a: Sableye|Sableye, L50, F|100/100\n|switch|p1b: Koraidon|Koraidon, L50|100/100\n|switch|p2a: Ho-Oh|Ho-Oh, L50|100/100\n|switch|p2b: Incineroar|Incineroar, L50, F|100/100\n|-weather|SunnyDay|[from] ability: Orichalcum Pulse|[of] p1b: Koraidon\n|-activate|p1b: Koraidon|Orichalcum Pulse|[source]\n|-ability|p2b: Incineroar|Intimidate|boost\n|-unboost|p1a: Sableye|atk|1\n|-unboost|p1b: Koraidon|atk|1\n|turn|1\n|\n|t:|1745957420\n|move|p1b: Koraidon|Protect|p1b: Koraidon\n|-singleturn|p1b: Koraidon|Protect\n|move|p1a: Sableye|Gravity|p1a: Sableye\n|-fieldstart|move: Gravity\n|move|p2a: Ho-Oh|Tailwind|p2a: Ho-Oh\n|-sidestart|p2: NoMoreRegG|move: Tailwind\n|move|p2b: Incineroar|Flare Blitz|p1a: Sableye\n|-damage|p1a: Sableye|27/100\n|-damage|p2b: Incineroar|81/100|[from] Recoil\n|\n|-weather|SunnyDay|[upkeep]\n|upkeep\n|turn|2\n|\n|t:|1745957442\n|switch|p2b: Lunala|Lunala, L50|100/100\n|switch|p1a: Groudon|Groudon, L50|100/100\n|move|p2a: Ho-Oh|Sacred Fire|p1a: Groudon\n|-damage|p1a: Groudon|44/100\n|-status|p1a: Groudon|brn\n|move|p1b: Koraidon|Close Combat|p2b: Lunala\n|-immune|p2b: Lunala\n|\n|-weather|SunnyDay|[upkeep]\n|-damage|p1a: Groudon|38/100 brn|[from] brn\n|upkeep\n|turn|3\n|\n|t:|1745957469\n|-terastallize|p2b: Lunala|Fairy\n|-terastallize|p1b: Koraidon|Fire\n|move|p2b: Lunala|Calm Mind|p2b: Lunala\n|-boost|p2b: Lunala|spa|1\n|-boost|p2b: Lunala|spd|1\n|move|p2a: Ho-Oh|Sacred Fire|p1a: Groudon\n|-damage|p1a: Groudon|0 fnt\n|faint|p1a: Groudon\n|move|p1b: Koraidon|Scale Shot|p2b: Lunala\n|-immune|p2b: Lunala\n|\n|-weather|SunnyDay|[upkeep]\n|upkeep\n|\n|t:|1745957484\n|switch|p1a: Lilligant|Lilligant-Hisui, L50, F|100/100\n|turn|4\n|\n|t:|1745957493\n|switch|p1b: Sableye|Sableye, L50, F|27/100\n|move|p1a: Lilligant|Protect|p1a: Lilligant\n|-singleturn|p1a: Lilligant|Protect\n|move|p2b: Lunala|Moongeist Beam|p1a: Lilligant\n|-activate|p1a: Lilligant|move: Protect\n|move|p2a: Ho-Oh|Sacred Fire|p1a: Lilligant\n|-activate|p1a: Lilligant|move: Protect\n|\n|-weather|SunnyDay|[upkeep]\n|-sideend|p2: NoMoreRegG|move: Tailwind\n|upkeep\n|turn|5\n|\n|t:|1745957523\n|move|p2b: Lunala|Protect|p2b: Lunala\n|-singleturn|p2b: Lunala|Protect\n|move|p1b: Sableye|Disable|p2b: Lunala\n|-activate|p2b: Lunala|move: Protect\n|move|p1a: Lilligant|Sleep Powder|p2a: Ho-Oh\n|-status|p2a: Ho-Oh|slp|[from] move: Sleep Powder\n|cant|p2a: Ho-Oh|slp\n|\n|-weather|none\n|-fieldend|move: Gravity\n|upkeep\n|turn|6\n|\n|t:|1745957536\n|switch|p2b: Incineroar|Incineroar, L50, F|81/100\n|-ability|p2b: Incineroar|Intimidate|boost\n|-unboost|p1a: Lilligant|atk|1\n|-unboost|p1b: Sableye|atk|1\n|switch|p1b: Koraidon|Koraidon, L50, tera:Fire|100/100\n|-weather|SunnyDay|[from] ability: Orichalcum Pulse|[of] p1b: Koraidon\n|-activate|p1b: Koraidon|Orichalcum Pulse|[source]\n|move|p1a: Lilligant|Sleep Powder|p2b: Incineroar\n|-activate|p2b: Incineroar|item: Safety Goggles|Sleep Powder\n|cant|p2a: Ho-Oh|slp\n|\n|-weather|SunnyDay|[upkeep]\n|upkeep\n|turn|7\n|\n|t:|1745957552\n|move|p2b: Incineroar|Fake Out|p1b: Koraidon\n|-damage|p1b: Koraidon|90/100\n|move|p1a: Lilligant|Coaching|p1b: Koraidon\n|-boost|p1b: Koraidon|atk|1\n|-boost|p1b: Koraidon|def|1\n|cant|p1b: Koraidon|flinch\n|cant|p2a: Ho-Oh|slp\n|\n|-weather|SunnyDay|[upkeep]\n|upkeep\n|turn|8\n|\n|t:|1745957575\n|move|p1a: Lilligant|Coaching|p1b: Koraidon\n|-boost|p1b: Koraidon|atk|1\n|-boost|p1b: Koraidon|def|1\n|move|p1b: Koraidon|Scale Shot|p2a: Ho-Oh|[miss]\n|-miss|p1b: Koraidon|p2a: Ho-Oh\n|-curestatus|p2a: Ho-Oh|slp|[msg]\n|move|p2a: Ho-Oh|Sacred Fire|p1a: Lilligant\n|-supereffective|p1a: Lilligant\n|-crit|p1a: Lilligant\n|-enditem|p1a: Lilligant|Focus Sash\n|-damage|p1a: Lilligant|1/100\n|move|p2b: Incineroar|Flare Blitz|p1a: Lilligant\n|-supereffective|p1a: Lilligant\n|-damage|p1a: Lilligant|0 fnt\n|faint|p1a: Lilligant\n|-damage|p2b: Incineroar|81/100|[from] Recoil\n|\n|-weather|SunnyDay|[upkeep]\n|upkeep\n|\n|t:|1745957580\n|switch|p1a: Sableye|Sableye, L50, F|27/100\n|turn|9\n|\n|t:|1745957597\n|switch|p2a: Scream Tail|Scream Tail, L50|100/100\n|-activate|p2a: Scream Tail|ability: Protosynthesis\n|-start|p2a: Scream Tail|protosynthesisspe\n|move|p1a: Sableye|Gravity|p1a: Sableye\n|-fieldstart|move: Gravity\n|move|p1b: Koraidon|Scale Shot|p2a: Scream Tail\n|-immune|p2a: Scream Tail\n|move|p2b: Incineroar|Will-O-Wisp|p2a: Scream Tail\n|-status|p2a: Scream Tail|brn\n|\n|-weather|SunnyDay|[upkeep]\n|-damage|p2a: Scream Tail|94/100 brn|[from] brn\n|upkeep\n|turn|10\n|\n|t:|1745957616\n|move|p2a: Scream Tail|Protect|p2a: Scream Tail\n|-singleturn|p2a: Scream Tail|Protect\n|move|p1b: Koraidon|Protect|p1b: Koraidon\n|-singleturn|p1b: Koraidon|Protect\n|move|p1a: Sableye|Disable|p2a: Scream Tail\n|-activate|p2a: Scream Tail|move: Protect\n|move|p2b: Incineroar|Flare Blitz|p1a: Sableye\n|-damage|p1a: Sableye|0 fnt\n|faint|p1a: Sableye\n|-damage|p2b: Incineroar|74/100|[from] Recoil\n|\n|-weather|none\n|-end|p2a: Scream Tail|Protosynthesis\n|-damage|p2a: Scream Tail|88/100 brn|[from] brn\n|upkeep\n|-enditem|p2a: Scream Tail|Booster Energy\n|-activate|p2a: Scream Tail|ability: Protosynthesis|[fromitem]\n|-start|p2a: Scream Tail|protosynthesisspe\n|turn|11\n|\n|t:|1745957630\n|switch|p2b: Ho-Oh|Ho-Oh, L50|100/100\n|move|p2a: Scream Tail|Encore|p1b: Koraidon\n|-start|p1b: Koraidon|Encore\n|move|p1b: Koraidon|Protect||[still]\n|-fail|p1b: Koraidon\n|\n|-damage|p2a: Scream Tail|82/100 brn|[from] brn\n|upkeep\n|turn|12\n|\n|t:|1745957637\n|move|p1b: Koraidon|Protect|p1b: Koraidon\n|-singleturn|p1b: Koraidon|Protect\n|move|p2a: Scream Tail|Disable|p1b: Koraidon\n|-activate|p1b: Koraidon|move: Protect\n|move|p2b: Ho-Oh|Brave Bird|p1b: Koraidon\n|-activate|p1b: Koraidon|move: Protect\n|\n|-damage|p2a: Scream Tail|76/100 brn|[from] brn\n|upkeep\n|turn|13\n|\n|t:|1745957642\n|move|p1b: Koraidon|Protect||[still]\n|-fail|p1b: Koraidon\n|move|p2a: Scream Tail|Disable|p1b: Koraidon\n|-start|p1b: Koraidon|Disable|Protect\n|move|p2b: Ho-Oh|Brave Bird|p1b: Koraidon\n|-damage|p1b: Koraidon|59/100\n|-damage|p2b: Ho-Oh|92/100|[from] Recoil\n|\n|-damage|p2a: Scream Tail|70/100 brn|[from] brn\n|-end|p1b: Koraidon|Encore\n|-fieldend|move: Gravity\n|upkeep\n|turn|14\n|\n|t:|1745957654\n|move|p2a: Scream Tail|Encore|p1b: Koraidon\n|-start|p1b: Koraidon|Encore\n|cant|p1b: Koraidon|Disable|Protect\n|move|p2b: Ho-Oh|Brave Bird|p1b: Koraidon\n|-damage|p1b: Koraidon|25/100\n|-damage|p2b: Ho-Oh|82/100|[from] Recoil\n|\n|-damage|p2a: Scream Tail|64/100 brn|[from] brn\n|upkeep\n|turn|15\n|\n|t:|1745957661\n|move|p2a: Scream Tail|Rock Tomb|p1b: Koraidon\n|-supereffective|p1b: Koraidon\n|-damage|p1b: Koraidon|20/100\n|-unboost|p1b: Koraidon|spe|1\n|-activate|p1b: Koraidon|move: Struggle\n|move|p1b: Koraidon|Struggle|p2a: Scream Tail\n|-damage|p2a: Scream Tail|37/100 brn\n|-damage|p1b: Koraidon|0 fnt|[from] recoil\n|faint|p1b: Koraidon\n|\n|win|NoMoreRegG\n||NoMoreRegG is ready for game 2.\n||Rfriedrich16 is ready for game 2.\n|uhtml|next|Next: <a href=\"/battle-gen9vgc2025regibo3-2353457154\"><strong>Game 2 of 3</strong></a>\n|l|\u2606NoMoreRegG\n|player|p2|\n", "uploadtime": 1745957989, "views": 6, "formatid": "gen9vgc2025regibo3", "rating": null, "private": 0, "password": null}