{"id": "gen9vgc2025regibo3-2354054336", "format": "[Gen 9] VGC 2025 Reg I (Bo3)", "players": ["mavvyvgc", "Dylax"], "log": "|j|\u2606mavvyvgc\n|j|\u2606Dylax\n|html|<table width=\"100%\"><tr><td align=\"left\">mavvyvgc</td><td align=\"right\">Dylax</tr><tr><td align=\"left\"><i class=\"fa fa-circle-o\"></i> <i class=\"fa fa-circle-o\"></i> </td><td align=\"right\"><i class=\"fa fa-circle-o\"></i> <i class=\"fa fa-circle\"></i> </tr></table>\n|uhtml|bestof|<h2><strong>Game 2</strong> of <a href=\"/game-bestof3-gen9vgc2025regibo3-2354051070\">a best-of-3</a></h2>\n|t:|1746030945\n|gametype|doubles\n|player|p1|mavvyvgc|riley|1045\n|player|p2|Dylax|giovanni-masters|1000\n|teamsize|p1|6\n|teamsize|p2|6\n|gen|9\n|tier|[Gen 9] VGC 2025 Reg I (Bo3)\n|rated|\n|rule|Species Clause: Limit one of each Pok\u00e9mon\n|rule|Item Clause: Limit 1 of each item\n|clearpoke\n|poke|p1|Calyrex-Shadow, L50|\n|poke|p1|Kyurem, L50|\n|poke|p1|Slowking, L50, F|\n|poke|p1|Ninetales-Alola, L50, M|\n|poke|p1|Tornadus, L50, M|\n|poke|p1|Incineroar, L50, M|\n|poke|p2|Kyogre, L50|\n|poke|p2|Zacian-*, L50|\n|poke|p2|Tornadus, L50, M|\n|poke|p2|Urshifu-*, L50, F|\n|poke|p2|Chien-Pao, L50|\n|poke|p2|Tsareena, L50, F|\n|teampreview|4\n|showteam|p1|Calyrex-Shadow||FocusSash|AsOneSpectrier|DarkPulse,AstralBarrage,NastyPlot,Protect||||||50|,,,,,Dark]Kyurem||NeverMeltIce|Pressure|DracoMeteor,Protect,Glaciate,Blizzard||||||50|,,,,,Fire]Slowking||RockyHelmet|Oblivious|Psychic,TrickRoom,ChillyReception,HydroPump|||F|||50|,,,,,Water]Ninetales-Alola||LifeOrb|SnowWarning|Moonblast,FreezeDry,Blizzard,Protect|||M|||50|,,,,,Electric]Tornadus||CovertCloak|Prankster|Tailwind,WeatherBall,Protect,Taunt|||M|||50|,,,,,Dark]Incineroar||AssaultVest|Intimidate|FakeOut,KnockOff,FlareBlitz,Uturn|||M|||50|,,,,,Fire\n|showteam|p2|Kyogre||MysticWater|Drizzle|WaterSpout,OriginPulse,IceBeam,Protect||||||50|,,,,,Grass]Zacian-Crowned||RustedSword|IntrepidSword|behemothblade,PlayRough,Substitute,Protect||||||50|,,,,,Fairy]Tornadus||CovertCloak|Prankster|BleakwindStorm,Tailwind,RainDance,Taunt|||M|||50|,,,,,Dark]Urshifu-Rapid-Strike||ChoiceScarf|UnseenFist|SurgingStrikes,CloseCombat,Uturn,Coaching|||F|||50|,,,,,Water]Chien-Pao||FocusSash|SwordofRuin|IceSpinner,SuckerPunch,SacredSword,Protect||||||50|,,,,,Ghost]Tsareena||WideLens|QueenlyMajesty|PowerWhip,TripleAxel,HelpingHand,Taunt|||F|||50|,,,,,Ice\n|\n|t:|1746031001\n|start\n|switch|p1a: Slowking|Slowking, L50, F|100/100\n|switch|p1b: Kyurem|Kyurem, L50|100/100\n|switch|p2a: Kyogre|Kyogre, L50|100/100\n|switch|p2b: Urshifu|Urshifu-Rapid-Strike, L50, F|100/100\n|-weather|RainDance|[from] ability: Drizzle|[of] p2a: Kyogre\n|-ability|p1b: Kyurem|Pressure\n|turn|1\n|\n|t:|1746031024\n|move|p1b: Kyurem|Protect|p1b: Kyurem\n|-singleturn|p1b: Kyurem|Protect\n|move|p2b: Urshifu|U-turn|p1a: Slowking\n|-supereffective|p1a: Slowking\n|-damage|p1a: Slowking|60/100\n|-damage|p2b: Urshifu|84/100|[from] item: Rocky Helmet|[of] p1a: Slowking\n|\n|t:|1746031031\n|switch|p2b: Tornadus|Tornadus, L50, M|100/100|[from] U-turn\n|move|p2a: Kyogre|Water Spout|p1a: Slowking|[spread] p1a\n|-activate|p1b: Kyurem|move: Protect\n|-resisted|p1a: Slowking\n|-damage|p1a: Slowking|10/100\n|move|p1a: Slowking|Trick Room|p1a: Slowking\n|-fieldstart|move: Trick Room|[of] p1a: Slowking\n|\n|-weather|RainDance|[upkeep]\n|upkeep\n|turn|2\n|\n|t:|1746031057\n|move|p2a: Kyogre|Protect|p2a: Kyogre\n|-singleturn|p2a: Kyogre|Protect\n|-prepare|p1a: Slowking|Chilly Reception|[premajor]\n|move|p1a: Slowking|Chilly Reception|p1a: Slowking\n|-weather|Snowscape\n|\n|t:|1746031066\n|switch|p1a: Calyrex|Calyrex-Shadow, L50|100/100|[from] Chilly Reception\n|-ability|p1a: Calyrex|As One\n|-ability|p1a: Calyrex|Unnerve\n|move|p1b: Kyurem|Blizzard|p2a: Kyogre|[spread] p2b\n|-activate|p2a: Kyogre|move: Protect\n|-supereffective|p2b: Tornadus\n|-damage|p2b: Tornadus|0 fnt\n|faint|p2b: Tornadus\n|\n|-weather|Snowscape|[upkeep]\n|upkeep\n|\n|t:|1746031078\n|switch|p2b: Zacian|Zacian-Crowned, L50|100/100\n|-ability|p2b: Zacian|Intrepid Sword|boost\n|-boost|p2b: Zacian|atk|1\n|turn|3\n|\n|t:|1746031127\n|-terastallize|p1b: Kyurem|Fire\n|move|p1a: Calyrex|Protect|p1a: Calyrex\n|-singleturn|p1a: Calyrex|Protect\n|move|p1b: Kyurem|Blizzard|p2b: Zacian|[spread] p2a,p2b\n|-resisted|p2a: Kyogre\n|-resisted|p2b: Zacian\n|-damage|p2a: Kyogre|80/100\n|-damage|p2b: Zacian|76/100\n|move|p2a: Kyogre|Water Spout|p1b: Kyurem|[spread] p1b\n|-activate|p1a: Calyrex|move: Protect\n|-supereffective|p1b: Kyurem\n|-damage|p1b: Kyurem|0 fnt\n|faint|p1b: Kyurem\n|move|p2b: Zacian|Substitute|p2b: Zacian\n|-start|p2b: Zacian|Substitute\n|-damage|p2b: Zacian|51/100\n|\n|-weather|Snowscape|[upkeep]\n|upkeep\n|\n|t:|1746031145\n|switch|p1b: Incineroar|Incineroar, L50, M|100/100\n|-ability|p1b: Incineroar|Intimidate|boost\n|-unboost|p2a: Kyogre|atk|1\n|-immune|p2b: Zacian\n|turn|4\n|\n|t:|1746031185\n|move|p1b: Incineroar|Fake Out|p2a: Kyogre\n|-damage|p2a: Kyogre|68/100\n|cant|p2a: Kyogre|flinch\n|move|p2b: Zacian|Behemoth Blade|p1a: Calyrex\n|-damage|p1a: Calyrex|1/100\n|move|p1a: Calyrex|Astral Barrage|p2b: Zacian|[spread] p2a,p2b\n|-end|p2b: Zacian|Substitute\n|-damage|p2a: Kyogre|23/100\n|\n|-weather|Snowscape|[upkeep]\n|upkeep\n|turn|5\n|\n|t:|1746031204\n|move|p2a: Kyogre|Protect|p2a: Kyogre\n|-singleturn|p2a: Kyogre|Protect\n|move|p2b: Zacian|Protect|p2b: Zacian\n|-singleturn|p2b: Zacian|Protect\n|move|p1a: Calyrex|Protect|p1a: Calyrex\n|-singleturn|p1a: Calyrex|Protect\n|move|p1b: Incineroar|Flare Blitz|p2b: Zacian\n|-activate|p2b: Zacian|move: Protect\n|\n|-weather|Snowscape|[upkeep]\n|-fieldend|move: Trick Room\n|upkeep\n|turn|6\n|\n|t:|1746031246\n|switch|p2a: Urshifu|Urshifu-Rapid-Strike, L50, F|84/100\n|move|p1a: Calyrex|Astral Barrage|p2b: Zacian|[spread] p2a,p2b\n|-crit|p2b: Zacian\n|-damage|p2a: Urshifu|4/100\n|-damage|p2b: Zacian|0 fnt\n|faint|p2b: Zacian\n|-ability|p1a: Calyrex|Grim Neigh|boost\n|-boost|p1a: Calyrex|spa|1\n|move|p1b: Incineroar|U-turn|p2a: Urshifu\n|-resisted|p2a: Urshifu\n|-damage|p2a: Urshifu|0 fnt\n|faint|p2a: Urshifu\n|\n|t:|1746031258\n|switch|p1b: Slowking|Slowking, L50, F|10/100|[from] U-turn\n|\n|-weather|none\n|upkeep\n|\n|t:|1746031263\n|switch|p2a: Kyogre|Kyogre, L50|23/100\n|-weather|RainDance|[from] ability: Drizzle|[of] p2a: Kyogre\n|turn|7\n|\n|t:|1746031278\n|-terastallize|p2a: Kyogre|Grass\n|move|p1a: Calyrex|Astral Barrage|p2a: Kyogre\n|-damage|p2a: Kyogre|0 fnt\n|faint|p2a: Kyogre\n|\n|win|mavvyvgc\n||Dylax is ready for game 3.\n|inactive|mavvyvgc has 30 seconds to confirm battle start!\n||mavvyvgc is ready for game 3.\n|uhtml|next|Next: <a href=\"/battle-gen9vgc2025regibo3-2354058449\"><strong>Game 3 of 3</strong></a>\n|l|\u2606Dylax\n|player|p2|\n", "uploadtime": 1746031677, "views": 13, "formatid": "gen9vgc2025regibo3", "rating": null, "private": 0, "password": null}