{"id": "gen9vgc2025regibo3-2353830691", "format": "[Gen 9] VGC 2025 Reg I (Bo3)", "players": ["Alexx_vr", "AustraLENvgc"], "log": "|j|\u2606Alexx_vr\n|j|\u2606AustraLENvgc\n|html|<table width=\"100%\"><tr><td align=\"left\">Alexx_vr</td><td align=\"right\">AustraLENvgc</tr><tr><td align=\"left\"><i class=\"fa fa-circle-o\"></i> <i class=\"fa fa-circle-o\"></i> </td><td align=\"right\"><i class=\"fa fa-circle-o\"></i> <i class=\"fa fa-circle-o\"></i> </tr></table>\n|uhtml|bestof|<h2><strong>Game 1</strong> of <a href=\"/game-bestof3-gen9vgc2025regibo3-2353830690\">a best-of-3</a></h2>\n|t:|1746007093\n|gametype|doubles\n|player|p1|Alexx_vr|morty|1255\n|player|p2|AustraLENvgc|lance|1147\n|teamsize|p1|6\n|teamsize|p2|6\n|gen|9\n|tier|[Gen 9] VGC 2025 Reg I (Bo3)\n|rated|\n|rule|Species Clause: Limit one of each Pok\u00e9mon\n|rule|Item Clause: Limit 1 of each item\n|clearpoke\n|poke|p1|Zacian-*, L50|\n|poke|p1|Kyogre, L50|\n|poke|p1|Tornadus, L50, M|\n|poke|p1|Amoonguss, L50, F|\n|poke|p1|Incineroar, L50, M|\n|poke|p1|Urshifu-*, L50, M|\n|poke|p2|Indeedee-F, L50, F|\n|poke|p2|Calyrex-Ice, L50|\n|poke|p2|Ursaluna, L50, M|\n|poke|p2|Kyogre, L50|\n|poke|p2|Torkoal, L50, M|\n|poke|p2|Ogerpon, L50, F|\n|teampreview|4\n|showteam|p1|Zacian-Crowned||RustedSword|IntrepidSword|behemothblade,PlayRough,Substitute,Protect||||||50|,,,,,Fairy]Kyogre||MysticWater|Drizzle|WaterSpout,OriginPulse,IceBeam,Protect||||||50|,,,,,Grass]Tornadus||CovertCloak|Prankster|BleakwindStorm,Tailwind,RainDance,Taunt|||M|||50|,,,,,Dark]Amoonguss||RockyHelmet|Regenerator|PollenPuff,Spore,RagePowder,Protect|||F|||50|,,,,,Steel]Incineroar||SafetyGoggles|Intimidate|KnockOff,FakeOut,WillOWisp,PartingShot|||M|||50|,,,,,Water]Urshifu-Rapid-Strike||ChoiceScarf|UnseenFist|SurgingStrikes,CloseCombat,Uturn,Coaching|||M|||50|,,,,,Ghost\n|showteam|p2|Indeedee-F||SafetyGoggles|PsychicSurge|Psychic,HelpingHand,FollowMe,TrickRoom|||F|||50|,,,,,Water]Calyrex-Ice||ClearAmulet|AsOneGlastrier|GlacialLance,HighHorsepower,TrickRoom,Imprison||||||50|,,,,,Dragon]Ursaluna||FlameOrb|Guts|Facade,HeadlongRush,Substitute,Protect|||M|||50|,,,,,Fairy]Kyogre||MysticWater|Drizzle|WaterSpout,OriginPulse,Thunder,IceBeam||||||50|,,,,,Water]Torkoal||FlamePlate|Drought|Eruption,Flamethrower,SolarBeam,ClearSmog|||M|||50|,,,,,Fire]Ogerpon||FocusSash|Defiant|WoodHammer,FollowMe,Taunt,SpikyShield|||F|||50|,,,,,Grass\n|inactive|Battle timer is ON: inactive players will automatically lose when time's up. (requested by AustraLENvgc)\n|\n|t:|1746007124\n|start\n|switch|p1a: Kyogre|Kyogre, L50|100/100\n|switch|p1b: Urshifu|Urshifu-Rapid-Strike, L50, M|100/100\n|switch|p2a: Yung Lean|Indeedee-F, L50, F|100/100\n|switch|p2b: Bladee|Calyrex-Ice, L50|100/100\n|-ability|p2b: Bladee|As One\n|-ability|p2b: Bladee|Unnerve\n|-weather|RainDance|[from] ability: Drizzle|[of] p1a: Kyogre\n|-fieldstart|move: Psychic Terrain|[from] ability: Psychic Surge|[of] p2a: Yung Lean\n|turn|1\n|\n|t:|1746007144\n|-terastallize|p2b: Bladee|Dragon\n|move|p2a: Yung Lean|Follow Me|p2a: Yung Lean\n|-singleturn|p2a: Yung Lean|move: Follow Me\n|move|p1b: Urshifu|Surging Strikes|p2a: Yung Lean\n|-crit|p2a: Yung Lean\n|-damage|p2a: Yung Lean|63/100\n|-crit|p2a: Yung Lean\n|-damage|p2a: Yung Lean|29/100\n|-crit|p2a: Yung Lean\n|-damage|p2a: Yung Lean|0 fnt\n|faint|p2a: Yung Lean\n|-hitcount|p2: Yung Lean|3\n|move|p1a: Kyogre|Origin Pulse|p2b: Bladee\n|-resisted|p2b: Bladee\n|-damage|p2b: Bladee|60/100\n|move|p2b: Bladee|Trick Room|p2b: Bladee\n|-fieldstart|move: Trick Room|[of] p2b: Bladee\n|\n|-weather|RainDance|[upkeep]\n|upkeep\n|\n|t:|1746007162\n|switch|p2a: Kyogre|Kyogre, L50|100/100\n|turn|2\n|\n|t:|1746007177\n|move|p2b: Bladee|Glacial Lance|p1b: Urshifu|[spread] p1a,p1b\n|-resisted|p1a: Kyogre\n|-crit|p1a: Kyogre\n|-resisted|p1b: Urshifu\n|-damage|p1a: Kyogre|58/100\n|-damage|p1b: Urshifu|73/100\n|move|p2a: Kyogre|Water Spout|p1b: Urshifu|[spread] p1a,p1b\n|-resisted|p1a: Kyogre\n|-resisted|p1b: Urshifu\n|-damage|p1a: Kyogre|19/100\n|-damage|p1b: Urshifu|0 fnt\n|faint|p1b: Urshifu\n|move|p1a: Kyogre|Origin Pulse|p2b: Bladee|[spread] p2b\n|-miss|p1a: Kyogre|p2a: Kyogre\n|-resisted|p2b: Bladee\n|-damage|p2b: Bladee|32/100\n|\n|-weather|RainDance|[upkeep]\n|upkeep\n|\n|t:|1746007189\n|switch|p1b: Amoonguss|Amoonguss, L50, F|100/100\n|turn|3\n|\n|t:|1746007214\n|-terastallize|p1b: Amoonguss|Steel\n|move|p1a: Kyogre|Protect|p1a: Kyogre\n|-singleturn|p1a: Kyogre|Protect\n|move|p1b: Amoonguss|Spore|p2a: Kyogre\n|-status|p2a: Kyogre|slp|[from] move: Spore\n|move|p2b: Bladee|Glacial Lance|p1b: Amoonguss|[spread] p1b\n|-activate|p1a: Kyogre|move: Protect\n|-resisted|p1b: Amoonguss\n|-damage|p1b: Amoonguss|75/100\n|cant|p2a: Kyogre|slp\n|\n|-weather|RainDance|[upkeep]\n|upkeep\n|turn|4\n|\n|t:|1746007227\n|move|p1b: Amoonguss|Spore|p2b: Bladee\n|-status|p2b: Bladee|slp|[from] move: Spore\n|cant|p2b: Bladee|slp\n|-curestatus|p2a: Kyogre|slp|[msg]\n|move|p2a: Kyogre|Thunder|p1a: Kyogre\n|-supereffective|p1a: Kyogre\n|-damage|p1a: Kyogre|0 fnt\n|faint|p1a: Kyogre\n|\n|-weather|RainDance|[upkeep]\n|upkeep\n|\n|t:|1746007235\n|switch|p1a: Tornadus|Tornadus, L50, M|100/100\n|turn|5\n|\n|t:|1746007249\n|move|p1a: Tornadus|Taunt|p2b: Bladee\n|-activate|p2b: Bladee|move: Psychic Terrain\n|move|p1b: Amoonguss|Spore|p2a: Kyogre\n|-status|p2a: Kyogre|slp|[from] move: Spore\n|cant|p2b: Bladee|slp\n|cant|p2a: Kyogre|slp\n|\n|-weather|none\n|-fieldend|move: Trick Room\n|-fieldend|move: Psychic Terrain\n|upkeep\n|turn|6\n|\n|t:|1746007262\n|switch|p2a: Ursaluna|Ursaluna, L50, M|100/100\n|move|p1a: Tornadus|Bleakwind Storm|p2b: Bladee|[spread] p2a,p2b\n|-damage|p2a: Ursaluna|73/100\n|-damage|p2b: Bladee|11/100 slp\n|cant|p2b: Bladee|slp\n|move|p1b: Amoonguss|Pollen Puff|p2b: Bladee\n|-damage|p2b: Bladee|0 fnt\n|faint|p2b: Bladee\n|\n|-status|p2a: Ursaluna|brn|[from] item: Flame Orb\n|upkeep\n|\n|t:|1746007273\n|switch|p2b: Kyogre|Kyogre, L50|100/100 slp\n|-weather|RainDance|[from] ability: Drizzle|[of] p2b: Kyogre\n|turn|7\n|inactive|AustraLENvgc has 30 seconds left.\n|\n|t:|1746007305\n|move|p1a: Tornadus|Bleakwind Storm|p2b: Kyogre|[spread] p2a,p2b\n|-damage|p2a: Ursaluna|44/100 brn\n|-damage|p2b: Kyogre|81/100 slp\n|-curestatus|p2b: Kyogre|slp|[msg]\n|move|p2b: Kyogre|Water Spout|p1a: Tornadus|[spread] p1a,p1b\n|-damage|p1a: Tornadus|0 fnt\n|-damage|p1b: Amoonguss|0 fnt\n|faint|p1a: Tornadus\n|faint|p1b: Amoonguss\n|\n|win|AustraLENvgc\n||AustraLENvgc is ready for game 2.\n||Alexx_vr is ready for game 2.\n|uhtml|next|Next: <a href=\"/battle-gen9vgc2025regibo3-2353832080\"><strong>Game 2 of 3</strong></a>\n|l|\u2606Alexx_vr\n|player|p1|\n|l|\u2606AustraLENvgc\n|player|p2|\n", "uploadtime": 1746007653, "views": 6, "formatid": "gen9vgc2025regibo3", "rating": null, "private": 0, "password": null}