{"id": "gen9vgc2025regibo3-2354635197", "format": "[Gen 9] VGC 2025 Reg I (Bo3)", "players": ["Lugiabirb", "Metallicmadness"], "log": "|j|\u2606Lugiabirb\n|j|\u2606Metallicmadness\n|html|<table width=\"100%\"><tr><td align=\"left\">Lugiabirb</td><td align=\"right\">Metallicmadness</tr><tr><td align=\"left\"><i class=\"fa fa-circle-o\"></i> <i class=\"fa fa-circle-o\"></i> </td><td align=\"right\"><i class=\"fa fa-circle-o\"></i> <i class=\"fa fa-circle-o\"></i> </tr></table>\n|uhtml|bestof|<h2><strong>Game 1</strong> of <a href=\"/game-bestof3-gen9vgc2025regibo3-2354635196\">a best-of-3</a></h2>\n|t:|1746105492\n|gametype|doubles\n|player|p1|Lugiabirb|leon|1163\n|player|p2|Metallicmadness|byron|1215\n|teamsize|p1|6\n|teamsize|p2|6\n|gen|9\n|tier|[Gen 9] VGC 2025 Reg I (Bo3)\n|rated|\n|rule|Species Clause: Limit one of each Pok\u00e9mon\n|rule|Item Clause: Limit 1 of each item\n|clearpoke\n|poke|p1|Kyurem-Black, L50|\n|poke|p1|Lunala, L50|\n|poke|p1|Rillaboom, L50, M|\n|poke|p1|Incineroar, L50, M|\n|poke|p1|Ogerpon-Cornerstone, L50, F|\n|poke|p1|Tornadus, L50, M|\n|poke|p2|Groudon, L50|\n|poke|p2|Grimmsnarl, L50, M|\n|poke|p2|Incineroar, L50, F|\n|poke|p2|Amoonguss, L50, F|\n|poke|p2|Terapagos, L50, M|\n|poke|p2|Flutter Mane, L50|\n|teampreview|4\n|showteam|p1|Kyurem-Black||ClearAmulet|Teravolt|IcicleSpear,FusionBolt,DragonDance,Protect||||||50|,,,,,Ghost]Lunala||Leftovers|ShadowShield|MoongeistBeam,Moonblast,WideGuard,Protect||||||50|,,,,,Fairy]Rillaboom||AssaultVest|GrassySurge|FakeOut,GrassyGlide,WoodHammer,Uturn|||M|||50|,,,,,Fire]Incineroar||SafetyGoggles|Intimidate|FlareBlitz,FakeOut,PartingShot,KnockOff|||M|||50|,,,,,Ghost]Ogerpon-Cornerstone||CornerstoneMask|Sturdy|IvyCudgel,WoodHammer,FollowMe,SpikyShield|||F|||50|,,,,,Rock]Tornadus||CovertCloak|Prankster|BleakwindStorm,Tailwind,Taunt,Protect|||M|||50|,,,,,Dark\n|showteam|p2|Groudon||ClearAmulet|Drought|PrecipiceBlades,HeatCrash,WillOWisp,Protect||||||50|,,,,,Ground]Grimmsnarl||LightClay|Prankster|SpiritBreak,LightScreen,Reflect,ThunderWave|||M|||50|,,,,,Steel]Incineroar||SafetyGoggles|Intimidate|FlareBlitz,PartingShot,FakeOut,KnockOff|||F|||50|,,,,,Ghost]Amoonguss||SitrusBerry|Regenerator|PollenPuff,Spore,Protect,RagePowder|||F|||50|,,,,,Water]Terapagos||Leftovers|TeraShift|TeraStarstorm,EarthPower,CalmMind,Protect|||M|||50|,,,,,Stellar]Flutter Mane||FocusSash|Protosynthesis|Moonblast,ShadowBall,IcyWind,Protect||||||50|,,,,,Normal\n|inactive|Battle timer is ON: inactive players will automatically lose when time's up. (requested by Metallicmadness)\n|inactive|Lugiabirb has 60 seconds left.\n|inactive|Metallicmadness has 60 seconds left.\n|\n|t:|1746105528\n|start\n|switch|p1a: Kyurem|Kyurem-Black, L50|100/100\n|switch|p1b: Lunala|Lunala, L50|100/100\n|switch|p2a: Incineroar|Incineroar, L50, F|100/100\n|switch|p2b: Terapagos|Terapagos, L50, M|100/100\n|-activate|p2b: Terapagos|ability: Tera Shift\n|detailschange|p2b: Terapagos|Terapagos-Terastal, L50, M\n|-heal|p2b: Terapagos|100/100|[silent]\n|-ability|p1a: Kyurem|Teravolt\n|-ability|p2a: Incineroar|Intimidate|boost\n|-fail|p1a: Kyurem|unboost|[from] item: Clear Amulet|[of] p1a: Kyurem\n|-unboost|p1b: Lunala|atk|1\n|turn|1\n|\n|t:|1746105549\n|-terastallize|p1a: Kyurem|Ghost\n|move|p2a: Incineroar|Fake Out|p1a: Kyurem\n|-immune|p1a: Kyurem\n|move|p1a: Kyurem|Dragon Dance|p1a: Kyurem\n|-boost|p1a: Kyurem|atk|1\n|-boost|p1a: Kyurem|spe|1\n|move|p1b: Lunala|Moonblast|p2b: Terapagos\n|-activate|p2b: Terapagos|ability: Tera Shell\n|-resisted|p2b: Terapagos\n|-damage|p2b: Terapagos|85/100\n|move|p2b: Terapagos|Calm Mind|p2b: Terapagos\n|-boost|p2b: Terapagos|spa|1\n|-boost|p2b: Terapagos|spd|1\n|\n|-heal|p2b: Terapagos|92/100|[from] item: Leftovers\n|upkeep\n|turn|2\n|\n|t:|1746105565\n|move|p2b: Terapagos|Protect|p2b: Terapagos\n|-singleturn|p2b: Terapagos|Protect\n|move|p1a: Kyurem|Fusion Bolt|p2a: Incineroar\n|-damage|p2a: Incineroar|29/100\n|move|p1b: Lunala|Moonblast|p2a: Incineroar\n|-damage|p2a: Incineroar|0 fnt\n|faint|p2a: Incineroar\n|\n|-heal|p2b: Terapagos|98/100|[from] item: Leftovers\n|upkeep\n|\n|t:|1746105571\n|switch|p2a: Amoonguss|Amoonguss, L50, F|100/100\n|turn|3\n|\n|t:|1746105584\n|move|p2a: Amoonguss|Rage Powder|p2a: Amoonguss\n|-singleturn|p2a: Amoonguss|move: Rage Powder\n|move|p1a: Kyurem|Icicle Spear|p2a: Amoonguss\n|-supereffective|p2a: Amoonguss\n|-damage|p2a: Amoonguss|45/100\n|-enditem|p2a: Amoonguss|Sitrus Berry|[eat]\n|-heal|p2a: Amoonguss|70/100|[from] item: Sitrus Berry\n|-supereffective|p2a: Amoonguss\n|-damage|p2a: Amoonguss|19/100\n|-supereffective|p2a: Amoonguss\n|-damage|p2a: Amoonguss|0 fnt\n|faint|p2a: Amoonguss\n|-hitcount|p2: Amoonguss|3\n|move|p1b: Lunala|Moongeist Beam|p2b: Terapagos\n|-immune|p2b: Terapagos\n|move|p2b: Terapagos|Calm Mind|p2b: Terapagos\n|-boost|p2b: Terapagos|spa|1\n|-boost|p2b: Terapagos|spd|1\n|\n|-heal|p2b: Terapagos|100/100|[from] item: Leftovers\n|upkeep\n|\n|t:|1746105589\n|switch|p2a: Grimmsnarl|Grimmsnarl, L50, M|100/100\n|turn|4\n|inactive|Lugiabirb has 30 seconds left.\n|\n|t:|1746105615\n|move|p1a: Kyurem|Protect|p1a: Kyurem\n|-singleturn|p1a: Kyurem|Protect\n|move|p2b: Terapagos|Protect|p2b: Terapagos\n|-singleturn|p2b: Terapagos|Protect\n|move|p2a: Grimmsnarl|Thunder Wave|p1b: Lunala\n|-status|p1b: Lunala|par\n|cant|p1b: Lunala|par\n|\n|upkeep\n|turn|5\n|\n|t:|1746105634\n|-terastallize|p2b: Terapagos|Stellar\n|detailschange|p2b: Terapagos|Terapagos-Stellar, L50, M, tera:Stellar\n|-heal|p2b: Terapagos|100/100|[silent]\n|move|p1b: Lunala|Wide Guard|p1b: Lunala\n|-singleturn|p1b: Lunala|Wide Guard\n|move|p2a: Grimmsnarl|Reflect|p2a: Grimmsnarl\n|-sidestart|p2: Metallicmadness|Reflect\n|move|p1a: Kyurem|Icicle Spear|p2b: Terapagos\n|-damage|p2b: Terapagos|89/100\n|-damage|p2b: Terapagos|79/100\n|-damage|p2b: Terapagos|68/100\n|-damage|p2b: Terapagos|56/100\n|-hitcount|p2b: Terapagos|4\n|move|p2b: Terapagos|Tera Starstorm|p1a: Kyurem|[spread] \n|-activate|p1a: Kyurem|move: Wide Guard\n|-activate|p1b: Lunala|move: Wide Guard\n|\n|-heal|p2b: Terapagos|63/100|[from] item: Leftovers\n|upkeep\n|turn|6\n|\n|t:|1746105652\n|move|p1a: Kyurem|Protect|p1a: Kyurem\n|-singleturn|p1a: Kyurem|Protect\n|move|p2a: Grimmsnarl|Thunder Wave|p1a: Kyurem\n|-activate|p1a: Kyurem|move: Protect\n|move|p2b: Terapagos|Tera Starstorm|p1b: Lunala|[spread] p1b\n|-activate|p1a: Kyurem|move: Protect\n|-damage|p1b: Lunala|72/100 par\n|move|p1b: Lunala|Moonblast|p2a: Grimmsnarl\n|-supereffective|p2a: Grimmsnarl\n|-crit|p2a: Grimmsnarl\n|-damage|p2a: Grimmsnarl|4/100\n|\n|-heal|p2b: Terapagos|69/100|[from] item: Leftovers\n|-heal|p1b: Lunala|78/100 par|[from] item: Leftovers\n|upkeep\n|turn|7\n|inactive|Lugiabirb has 30 seconds left.\n|\n|t:|1746105678\n|move|p1b: Lunala|Wide Guard|p1b: Lunala\n|-singleturn|p1b: Lunala|Wide Guard\n|move|p2a: Grimmsnarl|Thunder Wave|p1a: Kyurem\n|-status|p1a: Kyurem|par\n|move|p2b: Terapagos|Tera Starstorm|p1b: Lunala|[spread] \n|-activate|p1a: Kyurem|move: Wide Guard\n|-activate|p1b: Lunala|move: Wide Guard\n|move|p1a: Kyurem|Icicle Spear|p2a: Grimmsnarl\n|-damage|p2a: Grimmsnarl|0 fnt\n|faint|p2a: Grimmsnarl\n|-hitcount|p2: Grimmsnarl|1\n|\n|-heal|p2b: Terapagos|75/100|[from] item: Leftovers\n|-heal|p1b: Lunala|84/100 par|[from] item: Leftovers\n|upkeep\n|turn|8\n|\n|t:|1746105683\n|cant|p1b: Lunala|par\n|move|p2b: Terapagos|Tera Starstorm|p1b: Lunala|[spread] p1a,p1b\n|-supereffective|p1a: Kyurem\n|-damage|p1a: Kyurem|0 fnt\n|-damage|p1b: Lunala|24/100 par\n|faint|p1a: Kyurem\n|\n|-heal|p2b: Terapagos|81/100|[from] item: Leftovers\n|-heal|p1b: Lunala|30/100 par|[from] item: Leftovers\n|upkeep\n|\n|t:|1746105690\n|switch|p1a: Tornadus|Tornadus, L50, M|100/100\n|turn|9\n|\n|t:|1746105700\n|move|p1b: Lunala|Wide Guard|p1b: Lunala\n|-singleturn|p1b: Lunala|Wide Guard\n|move|p1a: Tornadus|Taunt|p2b: Terapagos\n|-start|p2b: Terapagos|move: Taunt\n|move|p2b: Terapagos|Earth Power|p1b: Lunala\n|-damage|p1b: Lunala|0 fnt\n|faint|p1b: Lunala\n|\n|-heal|p2b: Terapagos|87/100|[from] item: Leftovers\n|upkeep\n|\n|t:|1746105701\n|switch|p1b: Rillaboom|Rillaboom, L50, M|100/100\n|-fieldstart|move: Grassy Terrain|[from] ability: Grassy Surge|[of] p1b: Rillaboom\n|turn|10\n|\n|t:|1746105706\n|move|p1b: Rillaboom|Fake Out|p2b: Terapagos\n|-damage|p2b: Terapagos|82/100\n|move|p1a: Tornadus|Bleakwind Storm|p2b: Terapagos\n|-damage|p2b: Terapagos|66/100\n|cant|p2b: Terapagos|flinch\n|\n|-heal|p2b: Terapagos|72/100|[from] Grassy Terrain\n|-heal|p2b: Terapagos|78/100|[from] item: Leftovers\n|upkeep\n|turn|11\n|\n|t:|1746105713\n|move|p1a: Tornadus|Bleakwind Storm|p2b: Terapagos\n|-damage|p2b: Terapagos|61/100\n|move|p1b: Rillaboom|Wood Hammer|p2b: Terapagos\n|-damage|p2b: Terapagos|30/100\n|-damage|p1b: Rillaboom|88/100|[from] Recoil\n|move|p2b: Terapagos|Tera Starstorm|p1b: Rillaboom|[spread] p1a,p1b\n|-crit|p1a: Tornadus\n|-damage|p1a: Tornadus|0 fnt\n|-damage|p1b: Rillaboom|39/100\n|faint|p1a: Tornadus\n|\n|-heal|p1b: Rillaboom|45/100|[from] Grassy Terrain\n|-heal|p2b: Terapagos|37/100|[from] Grassy Terrain\n|-heal|p2b: Terapagos|43/100|[from] item: Leftovers\n|-end|p2b: Terapagos|move: Taunt\n|upkeep\n|turn|12\n|\n|t:|1746105728\n|move|p2b: Terapagos|Tera Starstorm|p1b: Rillaboom\n|-damage|p1b: Rillaboom|0 fnt\n|faint|p1b: Rillaboom\n|\n|win|Metallicmadness\n||Lugiabirb is ready for game 2.\n||Metallicmadness is ready for game 2.\n|uhtml|next|Next: <a href=\"/battle-gen9vgc2025regibo3-2354637377\"><strong>Game 2 of 3</strong></a>\n", "uploadtime": 1746106043, "views": 14, "formatid": "gen9vgc2025regibo3", "rating": null, "private": 0, "password": null}