{"id": "gen9vgc2025regibo3-2354960819", "format": "[Gen 9] VGC 2025 Reg I (Bo3)", "players": ["ivaryzz", "latios66"], "log": "|j|\u2606ivaryzz\n|j|\u2606latios66\n|html|<table width=\"100%\"><tr><td align=\"left\">ivaryzz</td><td align=\"right\">latios66</tr><tr><td align=\"left\"><i class=\"fa fa-circle\"></i> <i class=\"fa fa-circle-o\"></i> </td><td align=\"right\"><i class=\"fa fa-circle-o\"></i> <i class=\"fa fa-circle-o\"></i> </tr></table>\n|uhtml|bestof|<h2><strong>Game 2</strong> of <a href=\"/game-bestof3-gen9vgc2025regibo3-2354958541\">a best-of-3</a></h2>\n|t:|1746136047\n|gametype|doubles\n|player|p1|ivaryzz|iris-gen5bw2|1082\n|player|p2|latios66|266|1173\n|teamsize|p1|6\n|teamsize|p2|6\n|gen|9\n|tier|[Gen 9] VGC 2025 Reg I (Bo3)\n|rated|\n|rule|Species Clause: Limit one of each Pok\u00e9mon\n|rule|Item Clause: Limit 1 of each item\n|clearpoke\n|poke|p1|Calyrex-Shadow, L50|\n|poke|p1|Incineroar, L50, F|\n|poke|p1|Rillaboom, L50, M|\n|poke|p1|Terapagos, L50, M|\n|poke|p1|Urshifu-*, L50, M|\n|poke|p1|Ogerpon-Cornerstone, L50, F|\n|poke|p2|Miraidon, L50|\n|poke|p2|Sneasler, L50, M|\n|poke|p2|Dondozo, L50, F|\n|poke|p2|Tatsugiri-Droopy, L50, F|\n|poke|p2|Dragonite, L50, F|\n|poke|p2|Calyrex-Shadow, L50|\n|teampreview|4\n|showteam|p1|Calyrex-Shadow||FocusSash|AsOneSpectrier|AstralBarrage,WillOWisp,Encore,Protect||||||50|,,,,,Ghost]Incineroar||SafetyGoggles|Intimidate|FakeOut,KnockOff,PartingShot,WillOWisp|||F|||50|,,,,,Bug]Rillaboom||AssaultVest|GrassySurge|FakeOut,WoodHammer,GrassyGlide,Uturn|||M|||50|,,,,,Fire]Terapagos||Leftovers|TeraShift|TeraStarstorm,EarthPower,CalmMind,Protect|||M|||50|,,,,,Stellar]Urshifu-Rapid-Strike||ChoiceScarf|UnseenFist|SurgingStrikes,CloseCombat,AquaJet,Uturn|||M|||50|,,,,,Water]Ogerpon-Cornerstone||CornerstoneMask|Sturdy|IvyCudgel,PowerWhip,FollowMe,SpikyShield|||F|||50|,,,,,Rock\n|showteam|p2|Miraidon||ChoiceScarf|HadronEngine|VoltSwitch,ElectroDrift,DazzlingGleam,DracoMeteor||||||50|,,,,,Fairy]Sneasler||ElectricSeed|Unburden|AcidSpray,DireClaw,CloseCombat,FakeOut|||M|||50|,,,,,Poison]Dondozo||Leftovers|Unaware|Earthquake,BodyPress,OrderUp,Protect|||F|||50|,,,,,Grass]Tatsugiri-Droopy||FocusSash|Commander|MuddyWater,Protect,HelpingHand,DracoMeteor|||F|||50|,,,,,Normal]Dragonite||ChoiceBand|InnerFocus|ExtremeSpeed,IronHead,Outrage,AerialAce|||F|||50|,,,,,Normal]Calyrex-Shadow||LifeOrb|AsOneSpectrier|PollenPuff,Psychic,AstralBarrage,Protect||||||50|,,,,,Dark\n|\n|t:|1746136090\n|start\n|switch|p1a: Rillaboom|Rillaboom, L50, M|100/100\n|switch|p1b: Calyrex|Calyrex-Shadow, L50|100/100\n|switch|p2a: Miraidon|Miraidon, L50|100/100\n|switch|p2b: Sneasler|Sneasler, L50, M|100/100\n|-ability|p1b: Calyrex|As One\n|-ability|p1b: Calyrex|Unnerve\n|-fieldstart|move: Electric Terrain|[from] ability: Hadron Engine|[of] p2a: Miraidon\n|-enditem|p2b: Sneasler|Electric Seed\n|-boost|p2b: Sneasler|def|1|[from] item: Electric Seed\n|-fieldstart|move: Grassy Terrain|[from] ability: Grassy Surge|[of] p1a: Rillaboom\n|turn|1\n|\n|t:|1746136125\n|-terastallize|p1b: Calyrex|Ghost\n|move|p2b: Sneasler|Fake Out|p1a: Rillaboom\n|-damage|p1a: Rillaboom|85/100\n|cant|p1a: Rillaboom|flinch\n|move|p2a: Miraidon|Draco Meteor|p1b: Calyrex\n|-damage|p1b: Calyrex|17/100\n|-unboost|p2a: Miraidon|spa|2\n|move|p1b: Calyrex|Astral Barrage|p2b: Sneasler|[spread] p2a,p2b\n|-damage|p2a: Miraidon|29/100\n|-damage|p2b: Sneasler|5/100\n|\n|-heal|p2b: Sneasler|10/100|[from] Grassy Terrain\n|-heal|p2a: Miraidon|34/100|[from] Grassy Terrain\n|-heal|p1b: Calyrex|23/100|[from] Grassy Terrain\n|-heal|p1a: Rillaboom|91/100|[from] Grassy Terrain\n|upkeep\n|turn|2\n|\n|t:|1746136178\n|-terastallize|p2b: Sneasler|Poison\n|move|p1b: Calyrex|Protect|p1b: Calyrex\n|-singleturn|p1b: Calyrex|Protect\n|move|p2b: Sneasler|Dire Claw|p1a: Rillaboom\n|-supereffective|p1a: Rillaboom\n|-damage|p1a: Rillaboom|0 fnt\n|faint|p1a: Rillaboom\n|move|p2a: Miraidon|Draco Meteor|p1b: Calyrex\n|-activate|p1b: Calyrex|move: Protect\n|\n|-heal|p2b: Sneasler|16/100|[from] Grassy Terrain\n|-heal|p2a: Miraidon|40/100|[from] Grassy Terrain\n|-heal|p1b: Calyrex|29/100|[from] Grassy Terrain\n|upkeep\n|\n|t:|1746136192\n|switch|p1a: Incineroar|Incineroar, L50, F|100/100\n|-ability|p1a: Incineroar|Intimidate|boost\n|-unboost|p2a: Miraidon|atk|1\n|-unboost|p2b: Sneasler|atk|1\n|turn|3\n|\n|t:|1746136231\n|move|p1a: Incineroar|Fake Out|p2b: Sneasler\n|-crit|p2b: Sneasler\n|-damage|p2b: Sneasler|0 fnt\n|faint|p2b: Sneasler\n|move|p2a: Miraidon|Draco Meteor|p1b: Calyrex\n|-damage|p1b: Calyrex|0 fnt\n|-unboost|p2a: Miraidon|spa|2\n|faint|p1b: Calyrex\n|\n|-heal|p2a: Miraidon|46/100|[from] Grassy Terrain\n|upkeep\n|\n|t:|1746136245\n|switch|p1b: Terapagos|Terapagos, L50, M|100/100\n|switch|p2b: Dragonite|Dragonite, L50, F|100/100\n|-activate|p1b: Terapagos|ability: Tera Shift\n|detailschange|p1b: Terapagos|Terapagos-Terastal, L50, M\n|-heal|p1b: Terapagos|100/100|[silent]\n|turn|4\n|\n|t:|1746136267\n|switch|p2a: Calyrex|Calyrex-Shadow, L50|100/100\n|-ability|p2a: Calyrex|As One\n|-ability|p2a: Calyrex|Unnerve\n|move|p1b: Terapagos|Calm Mind|p1b: Terapagos\n|-boost|p1b: Terapagos|spa|1\n|-boost|p1b: Terapagos|spd|1\n|move|p2b: Dragonite|Outrage|p1b: Terapagos\n|-activate|p1b: Terapagos|ability: Tera Shell\n|-resisted|p1b: Terapagos\n|-damage|p1b: Terapagos|65/100\n|move|p1a: Incineroar|Will-O-Wisp|p2b: Dragonite\n|-status|p2b: Dragonite|brn\n|\n|-heal|p1b: Terapagos|71/100|[from] Grassy Terrain\n|-heal|p1b: Terapagos|77/100|[from] item: Leftovers\n|-damage|p2b: Dragonite|95/100 brn|[from] brn\n|upkeep\n|turn|5\n|\n|t:|1746136295\n|move|p2a: Calyrex|Psychic|p1b: Terapagos\n|-damage|p1b: Terapagos|32/100\n|-damage|p2a: Calyrex|91/100|[from] item: Life Orb\n|move|p1b: Terapagos|Calm Mind|p1b: Terapagos\n|-boost|p1b: Terapagos|spa|1\n|-boost|p1b: Terapagos|spd|1\n|move|p2b: Dragonite|Outrage|p1b: Terapagos|[from] lockedmove\n|-damage|p1b: Terapagos|0 fnt\n|faint|p1b: Terapagos\n|-start|p2b: Dragonite|confusion|[fatigue]\n|move|p1a: Incineroar|Knock Off|p2a: Calyrex\n|-supereffective|p2a: Calyrex\n|-damage|p2a: Calyrex|0 fnt\n|-enditem|p2a: Calyrex|Life Orb|[from] move: Knock Off|[of] p1a: Incineroar\n|faint|p2a: Calyrex\n|\n|-damage|p2b: Dragonite|89/100 brn|[from] brn\n|-fieldend|move: Grassy Terrain\n|upkeep\n|\n|t:|1746136309\n|switch|p2a: Miraidon|Miraidon, L50|46/100\n|-fieldstart|move: Electric Terrain|[from] ability: Hadron Engine|[of] p2a: Miraidon\n|turn|6\n|-message|ivaryzz forfeited.\n|\n|win|latios66\n", "uploadtime": 1746136315, "views": 7, "formatid": "gen9vgc2025regibo3", "rating": null, "private": 0, "password": null}