{"id": "gen9vgc2025regibo3-2354484666", "format": "[Gen 9] VGC 2025 Reg I (Bo3)", "players": ["scottedstone", "LastChanceShot"], "log": "|j|\u2606scottedstone\n|j|\u2606LastChanceShot\n|html|<table width=\"100%\"><tr><td align=\"left\">scottedstone</td><td align=\"right\">LastChanceShot</tr><tr><td align=\"left\"><i class=\"fa fa-circle\"></i> <i class=\"fa fa-circle-o\"></i> </td><td align=\"right\"><i class=\"fa fa-circle-o\"></i> <i class=\"fa fa-circle\"></i> </tr></table>\n|uhtml|bestof|<h2><strong>Game 3</strong> of <a href=\"/game-bestof3-gen9vgc2025regibo3-2354481731\">a best-of-3</a></h2>\n|t:|1746079424\n|gametype|doubles\n|player|p1|scottedstone|265|1227\n|player|p2|LastChanceShot|265|1010\n|teamsize|p1|6\n|teamsize|p2|6\n|gen|9\n|tier|[Gen 9] VGC 2025 Reg I (Bo3)\n|rated|\n|rule|Species Clause: Limit one of each Pok\u00e9mon\n|rule|Item Clause: Limit 1 of each item\n|clearpoke\n|poke|p1|Miraidon, L50|\n|poke|p1|Iron Hands, L50|\n|poke|p1|Farigiraf, L50, M|\n|poke|p1|Ogerpon-Hearthflame, L50, F|\n|poke|p1|Whimsicott, L50, F|\n|poke|p1|Calyrex-Ice, L50|\n|poke|p2|Chien-Pao, L50|\n|poke|p2|Indeedee-F, L50, F|\n|poke|p2|Calyrex-Shadow, L50|\n|poke|p2|Koraidon, L50|\n|poke|p2|Chi-Yu, L50|\n|poke|p2|Whimsicott, L50, F|\n|teampreview|4\n|showteam|p1|Miraidon||ChoiceSpecs|HadronEngine|ElectroDrift,VoltSwitch,DracoMeteor,DazzlingGleam||||||50|,,,,,Fairy]Iron Hands||AssaultVest|QuarkDrive|DrainPunch,HeavySlam,LowKick,FakeOut||||||50|,,,,,Water]Farigiraf||ElectricSeed|ArmorTail|TrickRoom,Psychic,HelpingHand,FoulPlay|||M|||50|,,,,,Water]Ogerpon-Hearthflame||HearthflameMask|MoldBreaker|IvyCudgel,WoodHammer,FollowMe,SpikyShield|||F|||50|,,,,,Fire]Whimsicott||CovertCloak|Prankster|Moonblast,LightScreen,Encore,Tailwind|||F|||50|,,,,,Dark]Calyrex-Ice||ClearAmulet|AsOneGlastrier|GlacialLance,Protect,TrickRoom,HighHorsepower||||||50|,,,,,Fire\n|showteam|p2|Chien-Pao||FocusSash|SwordofRuin|Protect,SuckerPunch,IcicleCrash,SacredSword||||||50|,,,,,Fighting]Indeedee-F||PsychicSeed|PsychicSurge|ShadowBall,FollowMe,TrickRoom,HelpingHand|||F|||50|,,,,,Psychic]Calyrex-Shadow||LifeOrb|AsOneSpectrier|AstralBarrage,PollenPuff,Protect,Encore||||||50|,,,,,Dark]Koraidon||ClearAmulet|OrichalcumPulse|FlareBlitz,ScaleShot,CloseCombat,Protect||||||50|,,,,,Fire]Chi-Yu||ChoiceScarf|BeadsofRuin|HeatWave,Overheat,DarkPulse,Snarl||||||50|,,,,,Dark]Whimsicott||CovertCloak|Prankster|Encore,Tailwind,Moonblast,FakeTears|||F|||50|,,,,,Grass\n|inactive|Battle timer is ON: inactive players will automatically lose when time's up. (requested by scottedstone)\n|\n|t:|1746079447\n|start\n|switch|p1a: Iron Hands|Iron Hands, L50|100/100\n|switch|p1b: Farigiraf|Farigiraf, L50, M|100/100\n|switch|p2a: Koraidon|Koraidon, L50|100/100\n|switch|p2b: Chi-Yu|Chi-Yu, L50|100/100\n|-ability|p2b: Chi-Yu|Beads of Ruin\n|-weather|SunnyDay|[from] ability: Orichalcum Pulse|[of] p2a: Koraidon\n|-activate|p2a: Koraidon|Orichalcum Pulse|[source]\n|turn|1\n|inactive|scottedstone has 30 seconds left.\n|inactive|LastChanceShot has 30 seconds left.\n|\n|t:|1746079478\n|switch|p2b: Indeedee|Indeedee-F, L50, F|100/100\n|-fieldstart|move: Psychic Terrain|[from] ability: Psychic Surge|[of] p2b: Indeedee\n|-enditem|p2b: Indeedee|Psychic Seed\n|-boost|p2b: Indeedee|spd|1|[from] item: Psychic Seed\n|-terastallize|p2a: Koraidon|Fire\n|-terastallize|p1b: Farigiraf|Water\n|move|p1a: Iron Hands|Fake Out|p2a: Koraidon\n|-activate|p2a: Koraidon|move: Psychic Terrain\n|move|p2a: Koraidon|Flare Blitz|p1b: Farigiraf\n|-resisted|p1b: Farigiraf\n|-damage|p1b: Farigiraf|46/100\n|-damage|p2a: Koraidon|77/100|[from] Recoil\n|move|p1b: Farigiraf|Trick Room|p1b: Farigiraf\n|-fieldstart|move: Trick Room|[of] p1b: Farigiraf\n|\n|-weather|SunnyDay|[upkeep]\n|upkeep\n|turn|2\n|\n|t:|1746079500\n|switch|p1b: Miraidon|Miraidon, L50|100/100\n|-fieldstart|move: Electric Terrain|[from] ability: Hadron Engine|[of] p1b: Miraidon\n|-activate|p1a: Iron Hands|ability: Quark Drive\n|-start|p1a: Iron Hands|quarkdriveatk\n|move|p2a: Koraidon|Protect|p2a: Koraidon\n|-singleturn|p2a: Koraidon|Protect\n|move|p1a: Iron Hands|Drain Punch|p2a: Koraidon\n|-activate|p2a: Koraidon|move: Protect\n|move|p2b: Indeedee|Trick Room|p2b: Indeedee\n|-fieldend|move: Trick Room\n|\n|-weather|SunnyDay|[upkeep]\n|upkeep\n|turn|3\n|inactive|scottedstone has 30 seconds left.\n|\n|t:|1746079526\n|move|p2b: Indeedee|Follow Me|p2b: Indeedee\n|-singleturn|p2b: Indeedee|move: Follow Me\n|move|p2a: Koraidon|Scale Shot|p1b: Miraidon|[miss]\n|-miss|p2a: Koraidon|p1b: Miraidon\n|move|p1b: Miraidon|Volt Switch|p2b: Indeedee\n|-damage|p2b: Indeedee|47/100\n|\n|t:|1746079551\n|switch|p1b: Farigiraf|Farigiraf, L50, M, tera:Water|46/100|[from] Volt Switch\n|-enditem|p1b: Farigiraf|Electric Seed\n|-boost|p1b: Farigiraf|def|1|[from] item: Electric Seed\n|move|p1a: Iron Hands|Drain Punch|p2b: Indeedee\n|-crit|p2b: Indeedee\n|-damage|p2b: Indeedee|0 fnt\n|faint|p2b: Indeedee\n|\n|-weather|SunnyDay|[upkeep]\n|upkeep\n|\n|t:|1746079566\n|switch|p2b: Calyrex|Calyrex-Shadow, L50|100/100\n|-ability|p2b: Calyrex|As One\n|-ability|p2b: Calyrex|Unnerve\n|turn|4\n|inactive|scottedstone has 30 seconds left.\n|inactive|scottedstone has 20 seconds left.\n|inactive|scottedstone has 15 seconds left.\n|inactive|scottedstone has 10 seconds left.\n|\n|t:|1746079612\n|move|p2b: Calyrex|Astral Barrage|p1a: Iron Hands|[spread] p1a,p1b\n|-damage|p1a: Iron Hands|64/100\n|-damage|p1b: Farigiraf|0 fnt\n|faint|p1b: Farigiraf\n|-ability|p2b: Calyrex|Grim Neigh|boost\n|-boost|p2b: Calyrex|spa|1\n|-damage|p2b: Calyrex|91/100|[from] item: Life Orb\n|move|p2a: Koraidon|Scale Shot|p1a: Iron Hands\n|-damage|p1a: Iron Hands|51/100\n|-damage|p1a: Iron Hands|39/100\n|-hitcount|p1a: Iron Hands|2\n|-unboost|p2a: Koraidon|def|1\n|-boost|p2a: Koraidon|spe|1\n|move|p1a: Iron Hands|Low Kick|p2a: Koraidon\n|-damage|p2a: Koraidon|0 fnt\n|faint|p2a: Koraidon\n|\n|-weather|SunnyDay|[upkeep]\n|upkeep\n|\n|t:|1746079629\n|switch|p2a: Chi-Yu|Chi-Yu, L50|100/100\n|switch|p1b: Miraidon|Miraidon, L50|100/100\n|-ability|p2a: Chi-Yu|Beads of Ruin\n|-activate|p1b: Miraidon|ability: Hadron Engine\n|turn|5\n|inactive|scottedstone has 30 seconds left.\n|\n|t:|1746079657\n|-end|p1a: Iron Hands|Quark Drive|[silent]\n|switch|p1a: Calyrex|Calyrex-Ice, L50|100/100\n|-ability|p1a: Calyrex|As One\n|-ability|p1a: Calyrex|Unnerve\n|move|p2a: Chi-Yu|Heat Wave|p1b: Miraidon|[spread] p1a,p1b\n|-supereffective|p1a: Calyrex\n|-resisted|p1b: Miraidon\n|-damage|p1a: Calyrex|0 fnt\n|-damage|p1b: Miraidon|67/100\n|-status|p1b: Miraidon|brn\n|faint|p1a: Calyrex\n|move|p2b: Calyrex|Astral Barrage|p1b: Miraidon\n|-damage|p1b: Miraidon|0 fnt\n|faint|p1b: Miraidon\n|-ability|p2b: Calyrex|Grim Neigh|boost\n|-boost|p2b: Calyrex|spa|1\n|-damage|p2b: Calyrex|81/100|[from] item: Life Orb\n|\n|-weather|none\n|upkeep\n|\n|t:|1746079677\n|switch|p1b: Iron Hands|Iron Hands, L50|39/100\n|-activate|p1b: Iron Hands|ability: Quark Drive\n|-start|p1b: Iron Hands|quarkdriveatk\n|turn|6\n|\n|t:|1746079686\n|move|p2a: Chi-Yu|Heat Wave|p1b: Iron Hands\n|-damage|p1b: Iron Hands|1/100\n|move|p2b: Calyrex|Astral Barrage|p1b: Iron Hands\n|-damage|p1b: Iron Hands|0 fnt\n|faint|p1b: Iron Hands\n|-end|p1b: Iron Hands|Quark Drive|[silent]\n|-damage|p2b: Calyrex|72/100|[from] item: Life Orb\n|\n|win|LastChanceShot\n|raw|scottedstone's rating: 1227 &rarr; <strong>1188</strong><br />(-39 for losing)\n|raw|LastChanceShot's rating: 1010 &rarr; <strong>1070</strong><br />(+60 for winning)\n", "uploadtime": 1746079688, "views": 9, "formatid": "gen9vgc2025regibo3", "rating": 1070, "private": 0, "password": null}