{"id": "gen9vgc2025regibo3-2353349582", "format": "[Gen 9] VGC 2025 Reg I (Bo3)", "players": ["Squall67", "natus eternus"], "log": "|j|\u2606Squall67\n|j|\u2606natus eternus\n|html|<table width=\"100%\"><tr><td align=\"left\">Squall67</td><td align=\"right\">natus eternus</tr><tr><td align=\"left\"><i class=\"fa fa-circle-o\"></i> <i class=\"fa fa-circle-o\"></i> </td><td align=\"right\"><i class=\"fa fa-circle-o\"></i> <i class=\"fa fa-circle-o\"></i> </tr></table>\n|uhtml|bestof|<h2><strong>Game 1</strong> of <a href=\"/game-bestof3-gen9vgc2025regibo3-2353349581\">a best-of-3</a></h2>\n|t:|1745948471\n|gametype|doubles\n|player|p1|Squall67|hiker|1099\n|player|p2|natus eternus|miku-ground|1065\n|teamsize|p1|6\n|teamsize|p2|6\n|gen|9\n|tier|[Gen 9] VGC 2025 Reg I (Bo3)\n|rated|\n|rule|Species Clause: Limit one of each Pok\u00e9mon\n|rule|Item Clause: Limit 1 of each item\n|clearpoke\n|poke|p1|Miraidon, L50|\n|poke|p1|Urshifu-*, L50, M|\n|poke|p1|Grimmsnarl, L50, M|\n|poke|p1|Lunala, L50|\n|poke|p1|Incineroar, L50, M|\n|poke|p1|Ogerpon-Cornerstone, L50, F|\n|poke|p2|Eternatus, L50|\n|poke|p2|Grimmsnarl, L50, M|\n|poke|p2|Rillaboom, L50, F|\n|poke|p2|Kyogre, L50|\n|poke|p2|Landorus, L50, M|\n|poke|p2|Roaring Moon, L50|\n|teampreview|4\n|showteam|p1|Miraidon||ChoiceSpecs|HadronEngine|ElectroDrift,DragonPulse,Snarl,VoltSwitch||||||50|,,,,,Electric]Urshifu-Rapid-Strike||ChoiceScarf|UnseenFist|SurgingStrikes,CloseCombat,AquaJet,Uturn|||M|||50|,,,,,Water]Grimmsnarl||LightClay|Prankster|ThunderWave,LightScreen,Reflect,SpiritBreak|||M|||50|,,,,,Ghost]Lunala||PowerHerb|ShadowShield|MeteorBeam,TrickRoom,DazzlingGleam,MoongeistBeam||||||50|,,,,,Water]Incineroar||AssaultVest|Intimidate|FakeOut,KnockOff,DrainPunch,Uturn|||M|||50|,,,,,Fairy]Ogerpon-Cornerstone||CornerstoneMask|Sturdy|SpikyShield,IvyCudgel,KnockOff,FollowMe|||F|||50|,,,,,Rock\n|showteam|p2|Eternatus||LifeOrb|Pressure|DynamaxCannon,SludgeBomb,TeraBlast,Protect||||||50|,,,,,Dark]Grimmsnarl||LightClay|Prankster|SpiritBreak,Reflect,LightScreen,ThunderWave|||M|||50|,,,,,Ghost]Rillaboom||AssaultVest|GrassySurge|FakeOut,GrassyGlide,WoodHammer,Uturn|||F|||50|,,,,,Fire]Kyogre||MysticWater|Drizzle|WaterSpout,OriginPulse,IceBeam,Protect||||||50|,,,,,Grass]Landorus||ChoiceScarf|SheerForce|SandsearStorm,EarthPower,Psychic,WeatherBall|||M|||50|,,,,,Ghost]Roaring Moon||BoosterEnergy|Protosynthesis|Acrobatics,KnockOff,Tailwind,Protect||||||50|,,,,,Flying\n|inactive|Battle timer is ON: inactive players will automatically lose when time's up. (requested by Squall67)\n|\n|t:|1745948519\n|start\n|switch|p1a: Grimmsnarl|Grimmsnarl, L50, M, shiny|100/100\n|switch|p1b: Urshifu|Urshifu-Rapid-Strike, L50, M|100/100\n|switch|p2a: Grimmsnarl|Grimmsnarl, L50, M, shiny|100/100\n|switch|p2b: Eternatus|Eternatus, L50|100/100\n|-ability|p2b: Eternatus|Pressure\n|turn|1\n|\n|t:|1745948544\n|move|p1a: Grimmsnarl|Light Screen|p1a: Grimmsnarl\n|-sidestart|p1: Squall67|move: Light Screen\n|move|p2a: Grimmsnarl|Thunder Wave|p1b: Urshifu\n|-status|p1b: Urshifu|par\n|move|p2b: Eternatus|Sludge Bomb|p1a: Grimmsnarl\n|-supereffective|p1a: Grimmsnarl\n|-damage|p1a: Grimmsnarl|5/100\n|-damage|p2b: Eternatus|91/100|[from] item: Life Orb\n|move|p1b: Urshifu|Surging Strikes|p2a: Grimmsnarl\n|-crit|p2a: Grimmsnarl\n|-damage|p2a: Grimmsnarl|78/100\n|-crit|p2a: Grimmsnarl\n|-damage|p2a: Grimmsnarl|57/100\n|-crit|p2a: Grimmsnarl\n|-damage|p2a: Grimmsnarl|35/100\n|-hitcount|p2a: Grimmsnarl|3\n|\n|upkeep\n|turn|2\n|\n|t:|1745948560\n|move|p2b: Eternatus|Protect|p2b: Eternatus\n|-singleturn|p2b: Eternatus|Protect\n|move|p1a: Grimmsnarl|Thunder Wave|p2b: Eternatus\n|-activate|p2b: Eternatus|move: Protect\n|move|p2a: Grimmsnarl|Light Screen|p2a: Grimmsnarl\n|-sidestart|p2: natus eternus|move: Light Screen\n|cant|p1b: Urshifu|par\n|\n|upkeep\n|turn|3\n|inactive|natus eternus has 30 seconds left.\n|\n|t:|1745948585\n|switch|p2b: Landorus|Landorus, L50, M|100/100\n|move|p1a: Grimmsnarl|Thunder Wave|p2b: Landorus\n|-immune|p2b: Landorus\n|cant|p1b: Urshifu|par\n|move|p2a: Grimmsnarl|Spirit Break|p1a: Grimmsnarl\n|-supereffective|p1a: Grimmsnarl\n|-damage|p1a: Grimmsnarl|0 fnt\n|faint|p1a: Grimmsnarl\n|\n|upkeep\n|\n|t:|1745948595\n|switch|p1a: Incineroar|Incineroar, L50, M, shiny|100/100\n|-ability|p1a: Incineroar|Intimidate|boost\n|-unboost|p2a: Grimmsnarl|atk|1\n|-unboost|p2b: Landorus|atk|1\n|turn|4\n|\n|t:|1745948604\n|switch|p2b: Rillaboom|Rillaboom, L50, F, shiny|100/100\n|-fieldstart|move: Grassy Terrain|[from] ability: Grassy Surge|[of] p2b: Rillaboom\n|-terastallize|p1b: Urshifu|Water\n|move|p1a: Incineroar|Fake Out|p2a: Grimmsnarl\n|-damage|p2a: Grimmsnarl|23/100\n|move|p1b: Urshifu|Surging Strikes|p2b: Rillaboom\n|-resisted|p2b: Rillaboom\n|-crit|p2b: Rillaboom\n|-damage|p2b: Rillaboom|88/100\n|-resisted|p2b: Rillaboom\n|-crit|p2b: Rillaboom\n|-damage|p2b: Rillaboom|75/100\n|-resisted|p2b: Rillaboom\n|-crit|p2b: Rillaboom\n|-damage|p2b: Rillaboom|61/100\n|-hitcount|p2b: Rillaboom|3\n|cant|p2a: Grimmsnarl|flinch\n|\n|-heal|p2b: Rillaboom|67/100|[from] Grassy Terrain\n|-heal|p2a: Grimmsnarl|29/100|[from] Grassy Terrain\n|upkeep\n|turn|5\n|inactive|natus eternus has 30 seconds left.\n|inactive|natus eternus has 20 seconds left.\n|\n|t:|1745948642\n|switch|p1a: Miraidon|Miraidon, L50|100/100\n|-fieldstart|move: Electric Terrain|[from] ability: Hadron Engine|[of] p1a: Miraidon\n|move|p1b: Urshifu|Surging Strikes|p2a: Grimmsnarl\n|-crit|p2a: Grimmsnarl\n|-damage|p2a: Grimmsnarl|0 fnt\n|faint|p2a: Grimmsnarl\n|-hitcount|p2: Grimmsnarl|1\n|move|p2b: Rillaboom|Wood Hammer|p1b: Urshifu\n|-supereffective|p1b: Urshifu\n|-damage|p1b: Urshifu|0 fnt\n|faint|p1b: Urshifu\n|-damage|p2b: Rillaboom|38/100|[from] Recoil\n|\n|upkeep\n|\n|t:|1745948651\n|switch|p1b: Incineroar|Incineroar, L50, M, shiny|100/100\n|switch|p2a: Landorus|Landorus, L50, M|100/100\n|-ability|p1b: Incineroar|Intimidate|boost\n|-unboost|p2a: Landorus|atk|1\n|-unboost|p2b: Rillaboom|atk|1\n|turn|6\n|inactive|natus eternus has 30 seconds left.\n|inactive|natus eternus has 20 seconds left.\n|inactive|natus eternus has 15 seconds left.\n|\n|t:|1745948694\n|-terastallize|p2a: Landorus|Ghost\n|move|p1b: Incineroar|Fake Out|p2a: Landorus\n|-immune|p2a: Landorus\n|move|p2a: Landorus|Sandsear Storm|p1a: Miraidon|[spread] p1a,p1b\n|-supereffective|p1a: Miraidon\n|-supereffective|p1b: Incineroar\n|-damage|p1a: Miraidon|52/100\n|-damage|p1b: Incineroar|56/100\n|move|p1a: Miraidon|Dragon Pulse|p2a: Landorus\n|-damage|p2a: Landorus|24/100\n|move|p2b: Rillaboom|U-turn|p1b: Incineroar\n|-damage|p1b: Incineroar|46/100\n|\n|t:|1745948702\n|switch|p2b: Eternatus|Eternatus, L50|91/100|[from] U-turn\n|-ability|p2b: Eternatus|Pressure\n|\n|upkeep\n|turn|7\n|\n|t:|1745948711\n|move|p2a: Landorus|Sandsear Storm|p1a: Miraidon|[spread] p1a,p1b\n|-supereffective|p1a: Miraidon\n|-supereffective|p1b: Incineroar\n|-damage|p1a: Miraidon|0 fnt\n|-damage|p1b: Incineroar|6/100\n|faint|p1a: Miraidon\n|move|p2b: Eternatus|Dynamax Cannon|p1b: Incineroar\n|-crit|p1b: Incineroar\n|-damage|p1b: Incineroar|0 fnt\n|faint|p1b: Incineroar\n|-damage|p2b: Eternatus|81/100|[from] item: Life Orb\n|\n|win|natus eternus\n||Squall67 is ready for game 2.\n||natus eternus is ready for game 2.\n|uhtml|next|Next: <a href=\"/battle-gen9vgc2025regibo3-2353352713\"><strong>Game 2 of 3</strong></a>\n", "uploadtime": 1745948727, "views": 14, "formatid": "gen9vgc2025regibo3", "rating": null, "private": 0, "password": null}