{"id": "gen9vgc2025regibo3-2354084351", "format": "[Gen 9] VGC 2025 Reg I (Bo3)", "players": ["Qicide", "Dragoblaze12"], "log": "|j|\u2606Qicide\n|j|\u2606Dragoblaze12\n|html|<table width=\"100%\"><tr><td align=\"left\">Qicide</td><td align=\"right\">Dragoblaze12</tr><tr><td align=\"left\"><i class=\"fa fa-circle-o\"></i> <i class=\"fa fa-circle-o\"></i> </td><td align=\"right\"><i class=\"fa fa-circle-o\"></i> <i class=\"fa fa-circle-o\"></i> </tr></table>\n|uhtml|bestof|<h2><strong>Game 1</strong> of <a href=\"/game-bestof3-gen9vgc2025regibo3-2354084348\">a best-of-3</a></h2>\n|t:|1746033492\n|gametype|doubles\n|player|p1|Qicide|red|1326\n|player|p2|Dragoblaze12|1|1400\n|teamsize|p1|6\n|teamsize|p2|6\n|gen|9\n|tier|[Gen 9] VGC 2025 Reg I (Bo3)\n|rated|\n|rule|Species Clause: Limit one of each Pok\u00e9mon\n|rule|Item Clause: Limit 1 of each item\n|clearpoke\n|poke|p1|Chi-Yu, L50|\n|poke|p1|Calyrex-Shadow, L50|\n|poke|p1|Tornadus, L50, M|\n|poke|p1|Groudon, L50|\n|poke|p1|Raging Bolt, L50|\n|poke|p1|Urshifu-*, L50, F|\n|poke|p2|Koraidon, L50|\n|poke|p2|Lunala, L50|\n|poke|p2|Chi-Yu, L50|\n|poke|p2|Ursaluna, L50, M|\n|poke|p2|Brute Bonnet, L50|\n|poke|p2|Flutter Mane, L50|\n|teampreview|4\n|showteam|p1|Chi-Yu||ChoiceScarf|BeadsofRuin|HeatWave,Overheat,DarkPulse,Snarl||||||50|,,,,,Ghost]Calyrex-Shadow||LifeOrb|AsOneSpectrier|AstralBarrage,Psychic,Encore,Protect||||||50|,,,,,Normal]Tornadus||RockyHelmet|Prankster|BleakwindStorm,Tailwind,Protect,SunnyDay|||M|||50|,,,,,Dark]Groudon||ClearAmulet|Drought|HeatCrash,PrecipiceBlades,HighHorsepower,Protect||||||50|,,,,,Fire]Raging Bolt||AssaultVest|Protosynthesis|Thunderbolt,Electroweb,Thunderclap,DracoMeteor||||||50|,,,,,Electric]Urshifu||FocusSash|UnseenFist|WickedBlow,SuckerPunch,CloseCombat,Protect|||F|||50|,,,,,Dark\n|showteam|p2|Koraidon||LifeOrb|OrichalcumPulse|FlareBlitz,FlameCharge,CloseCombat,Protect||||||50|,,,,,Fire]Lunala||PowerHerb|ShadowShield|TrickRoom,WideGuard,MeteorBeam,MoongeistBeam||||||50|,,,,,Water]Chi-Yu||ChoiceScarf|BeadsofRuin|Overheat,HeatWave,DarkPulse,Snarl||||||50|,,,,,Ghost]Ursaluna||FlameOrb|Guts|Earthquake,HeadlongRush,Protect,Facade|||M|||50|,,,,,Water]Brute Bonnet||CovertCloak|Protosynthesis|SeedBomb,SuckerPunch,RagePowder,Spore||||||50|,,,,,Water]Flutter Mane||FocusSash|Protosynthesis|Moonblast,IcyWind,ShadowBall,Protect||||||50|,,,,,Normal\n|inactive|Battle timer is ON: inactive players will automatically lose when time's up. (requested by Qicide)\n|inactive|Qicide has 60 seconds left.\n|inactive|Dragoblaze12 has 60 seconds left.\n|inactive|Qicide has 30 seconds left.\n|inactive|Dragoblaze12 has 30 seconds left.\n|inactive|Qicide has 20 seconds left.\n|inactive|Dragoblaze12 has 20 seconds left.\n|inactive|Qicide has 15 seconds left.\n|inactive|Dragoblaze12 has 15 seconds left.\n|inactive|Dragoblaze12 has 10 seconds left.\n|inactive|Dragoblaze12 has 5 seconds left.\n|\n|t:|1746033580\n|start\n|switch|p1a: Chi-Yu|Chi-Yu, L50|100/100\n|switch|p1b: Groudon|Groudon, L50|100/100\n|switch|p2a: Lunala|Lunala, L50|100/100\n|switch|p2b: Brute Bonnet|Brute Bonnet, L50|100/100\n|-ability|p1a: Chi-Yu|Beads of Ruin\n|-weather|SunnyDay|[from] ability: Drought|[of] p1b: Groudon\n|-activate|p2b: Brute Bonnet|ability: Protosynthesis\n|-start|p2b: Brute Bonnet|protosynthesisdef\n|turn|1\n|inactive|Qicide has 30 seconds left.\n|inactive|Dragoblaze12 has 30 seconds left.\n|inactive|Dragoblaze12 has 20 seconds left.\n|inactive|Qicide has 20 seconds left.\n|inactive|Dragoblaze12 has 15 seconds left.\n|inactive|Qicide has 15 seconds left.\n|inactive|Dragoblaze12 has 10 seconds left.\n|inactive|Dragoblaze12 has 5 seconds left.\n|\n|t:|1746033632\n|-terastallize|p2b: Brute Bonnet|Water\n|move|p1a: Chi-Yu|Heat Wave|p2a: Lunala|[spread] p2a,p2b\n|-resisted|p2b: Brute Bonnet\n|-damage|p2a: Lunala|69/100\n|-damage|p2b: Brute Bonnet|70/100\n|-status|p2a: Lunala|brn\n|move|p1b: Groudon|Precipice Blades|p2b: Brute Bonnet|[spread] p2a,p2b\n|-damage|p2a: Lunala|28/100 brn\n|-damage|p2b: Brute Bonnet|45/100\n|move|p2a: Lunala|Meteor Beam||[still]\n|-prepare|p2a: Lunala|Meteor Beam\n|-boost|p2a: Lunala|spa|1\n|-enditem|p2a: Lunala|Power Herb\n|-anim|p2a: Lunala|Meteor Beam|p1a: Chi-Yu\n|-supereffective|p1a: Chi-Yu\n|-damage|p1a: Chi-Yu|0 fnt\n|faint|p1a: Chi-Yu\n|move|p2b: Brute Bonnet|Seed Bomb|p1b: Groudon\n|-supereffective|p1b: Groudon\n|-damage|p1b: Groudon|45/100\n|\n|-weather|SunnyDay|[upkeep]\n|-damage|p2a: Lunala|22/100 brn|[from] brn\n|upkeep\n|\n|t:|1746033646\n|switch|p1a: Raging Bolt|Raging Bolt, L50|100/100\n|-activate|p1a: Raging Bolt|ability: Protosynthesis\n|-start|p1a: Raging Bolt|protosynthesisspa\n|turn|2\n|inactive|Dragoblaze12 has 30 seconds left.\n|\n|t:|1746033673\n|move|p2a: Lunala|Wide Guard|p2a: Lunala\n|-singleturn|p2a: Lunala|Wide Guard\n|move|p2b: Brute Bonnet|Rage Powder|p2b: Brute Bonnet\n|-singleturn|p2b: Brute Bonnet|move: Rage Powder\n|move|p1b: Groudon|High Horsepower|p2b: Brute Bonnet\n|-damage|p2b: Brute Bonnet|18/100\n|move|p1a: Raging Bolt|Thunderbolt|p2b: Brute Bonnet\n|-supereffective|p2b: Brute Bonnet\n|-damage|p2b: Brute Bonnet|0 fnt\n|faint|p2b: Brute Bonnet\n|-end|p2b: Brute Bonnet|Protosynthesis|[silent]\n|\n|-weather|SunnyDay|[upkeep]\n|-damage|p2a: Lunala|15/100 brn|[from] brn\n|upkeep\n|\n|t:|1746033698\n|switch|p2b: Koraidon|Koraidon, L50|100/100\n|-activate|p2b: Koraidon|ability: Orichalcum Pulse\n|turn|3\n|\n|t:|1746033719\n|move|p2b: Koraidon|Close Combat|p1a: Raging Bolt\n|-damage|p1a: Raging Bolt|1/100\n|-unboost|p2b: Koraidon|def|1\n|-unboost|p2b: Koraidon|spd|1\n|-damage|p2b: Koraidon|91/100|[from] item: Life Orb\n|move|p1b: Groudon|High Horsepower|p2a: Lunala\n|-crit|p2a: Lunala\n|-damage|p2a: Lunala|0 fnt\n|faint|p2a: Lunala\n|move|p1a: Raging Bolt|Draco Meteor|p2b: Koraidon\n|-supereffective|p2b: Koraidon\n|-damage|p2b: Koraidon|0 fnt\n|-unboost|p1a: Raging Bolt|spa|2\n|faint|p2b: Koraidon\n|\n|-weather|SunnyDay|[upkeep]\n|upkeep\n|\n|t:|1746033727\n|switch|p2b: Chi-Yu|Chi-Yu, L50|100/100\n|-ability|p2b: Chi-Yu|Beads of Ruin\n|turn|4\n|\n|t:|1746033748\n|-terastallize|p1b: Groudon|Fire\n|move|p1a: Raging Bolt|Thunderclap|p2b: Chi-Yu\n|-damage|p2b: Chi-Yu|68/100\n|move|p2b: Chi-Yu|Heat Wave|p1a: Raging Bolt|[spread] p1b\n|-miss|p2b: Chi-Yu|p1a: Raging Bolt\n|-resisted|p1b: Groudon\n|-damage|p1b: Groudon|0 fnt\n|faint|p1b: Groudon\n|\n|-weather|SunnyDay|[upkeep]\n|upkeep\n|\n|t:|1746033756\n|switch|p1b: Calyrex|Calyrex-Shadow, L50|100/100\n|-ability|p1b: Calyrex|As One\n|-ability|p1b: Calyrex|Unnerve\n|turn|5\n|\n|t:|1746033763\n|move|p1b: Calyrex|Protect|p1b: Calyrex\n|-singleturn|p1b: Calyrex|Protect\n|move|p1a: Raging Bolt|Thunderclap|p2b: Chi-Yu\n|-damage|p2b: Chi-Yu|33/100\n|move|p2b: Chi-Yu|Heat Wave|p1b: Calyrex|[spread] p1a\n|-activate|p1b: Calyrex|move: Protect\n|-resisted|p1a: Raging Bolt\n|-damage|p1a: Raging Bolt|0 fnt\n|faint|p1a: Raging Bolt\n|-end|p1a: Raging Bolt|Protosynthesis|[silent]\n|\n|-weather|none\n|upkeep\n|turn|6\n|\n|t:|1746033768\n|move|p2b: Chi-Yu|Heat Wave|p1b: Calyrex\n|-damage|p1b: Calyrex|22/100\n|move|p1b: Calyrex|Astral Barrage|p2b: Chi-Yu\n|-resisted|p2b: Chi-Yu\n|-damage|p2b: Chi-Yu|0 fnt\n|faint|p2b: Chi-Yu\n|-damage|p1b: Calyrex|12/100|[from] item: Life Orb\n|\n|win|Qicide\n||Dragoblaze12 is ready for game 2.\n", "uploadtime": 1746033773, "views": 11, "formatid": "gen9vgc2025regibo3", "rating": null, "private": 0, "password": null}