{"id": "gen9vgc2025regibo3-2353759445", "format": "[Gen 9] VGC 2025 Reg I (Bo3)", "players": ["bertcamem", "Oreo_Stars"], "log": "|j|\u2606bertcamem\n|j|\u2606Oreo_Stars\n|html|<table width=\"100%\"><tr><td align=\"left\">bertcamem</td><td align=\"right\">Oreo_Stars</tr><tr><td align=\"left\"><i class=\"fa fa-circle-o\"></i> <i class=\"fa fa-circle-o\"></i> </td><td align=\"right\"><i class=\"fa fa-circle-o\"></i> <i class=\"fa fa-circle-o\"></i> </tr></table>\n|uhtml|bestof|<h2><strong>Game 1</strong> of <a href=\"/game-bestof3-gen9vgc2025regibo3-2353759444\">a best-of-3</a></h2>\n|t:|1745995209\n|gametype|doubles\n|player|p1|bertcamem|169|1305\n|player|p2|Oreo_Stars|266|1181\n|teamsize|p1|6\n|teamsize|p2|6\n|gen|9\n|tier|[Gen 9] VGC 2025 Reg I (Bo3)\n|rated|\n|rule|Species Clause: Limit one of each Pok\u00e9mon\n|rule|Item Clause: Limit 1 of each item\n|clearpoke\n|poke|p1|Koraidon, L50|\n|poke|p1|Ho-Oh, L50|\n|poke|p1|Gurdurr, L50, M|\n|poke|p1|Flutter Mane, L50|\n|poke|p1|Rillaboom, L50, F|\n|poke|p1|Raging Bolt, L50|\n|poke|p2|Incineroar, L50, M|\n|poke|p2|Rillaboom, L50, M|\n|poke|p2|Koraidon, L50|\n|poke|p2|Raging Bolt, L50|\n|poke|p2|Calyrex-Shadow, L50|\n|poke|p2|Ogerpon-Hearthflame, L50, F|\n|teampreview|4\n|showteam|p1|Koraidon||LifeOrb|OrichalcumPulse|FlareBlitz,CloseCombat,Protect,Uturn||||||50|,,,,,Fire]Ho-Oh||ClearAmulet|Regenerator|SacredFire,BraveBird,Protect,Tailwind||||||50|,,,,,Grass]Gurdurr||Eviolite|IronFist|DrainPunch,Coaching,WideGuard,HelpingHand|||M|||50|,,,,,Water]Flutter Mane||FocusSash|Protosynthesis|Moonblast,ShadowBall,Taunt,IcyWind||||||50|,,,,,Normal]Rillaboom||AssaultVest|GrassySurge|FakeOut,GrassyGlide,HighHorsepower,Uturn|||F|||50|,,,,,Fire]Raging Bolt||BoosterEnergy|Protosynthesis|Protect,Thunderclap,Thunderbolt,DracoMeteor||||||50|,,,,,Fairy\n|showteam|p2|Incineroar||RockyHelmet|Intimidate|FakeOut,PartingShot,FlareBlitz,KnockOff|||M|||50|,,,,,Bug]Rillaboom||AssaultVest|GrassySurge|FakeOut,GrassyGlide,WoodHammer,Uturn|||M|||50|,,,,,Fire]Koraidon||LifeOrb|OrichalcumPulse|Protect,FlareBlitz,CloseCombat,FlameCharge||||||50|,,,,,Fire]Raging Bolt||BoosterEnergy|Protosynthesis|Protect,Thunderclap,Thunderbolt,DracoMeteor||||||50|,,,,,Electric]Calyrex-Shadow||FocusSash|AsOneSpectrier|Protect,AstralBarrage,Psychic,NastyPlot||||||50|,,,,,Dark]Ogerpon-Hearthflame||HearthflameMask|MoldBreaker|IvyCudgel,ThroatChop,FollowMe,SpikyShield|||F|||50|,,,,,Fire\n|inactive|Battle timer is ON: inactive players will automatically lose when time's up. (requested by bertcamem)\n|inactive|Oreo_Stars also wants the timer to be on.\n|inactive|bertcamem has 60 seconds left.\n|\n|t:|1745995251\n|start\n|switch|p1a: Emperor|Ho-Oh, L50|100/100\n|switch|p1b: Magician|Flutter Mane, L50|100/100\n|switch|p2a: Koraidon|Koraidon, L50|100/100\n|switch|p2b: Incineroar|Incineroar, L50, M|100/100\n|-weather|SunnyDay|[from] ability: Orichalcum Pulse|[of] p2a: Koraidon\n|-activate|p1b: Magician|ability: Protosynthesis\n|-start|p1b: Magician|protosynthesisspe\n|-activate|p2a: Koraidon|Orichalcum Pulse|[source]\n|-ability|p2b: Incineroar|Intimidate|boost\n|-fail|p1a: Emperor|unboost|[from] item: Clear Amulet|[of] p1a: Emperor\n|-unboost|p1b: Magician|atk|1\n|turn|1\n|\n|t:|1745995275\n|-terastallize|p2a: Koraidon|Fire\n|move|p2b: Incineroar|Fake Out|p1a: Emperor\n|-damage|p1a: Emperor|92/100\n|move|p1b: Magician|Icy Wind|p2a: Koraidon|[spread] p2a,p2b\n|-resisted|p2a: Koraidon\n|-resisted|p2b: Incineroar\n|-damage|p2a: Koraidon|93/100\n|-damage|p2b: Incineroar|94/100\n|-unboost|p2a: Koraidon|spe|1\n|-unboost|p2b: Incineroar|spe|1\n|move|p2a: Koraidon|Flame Charge|p1b: Magician\n|-enditem|p1b: Magician|Focus Sash\n|-damage|p1b: Magician|1/100\n|-boost|p2a: Koraidon|spe|1\n|-damage|p2a: Koraidon|84/100|[from] item: Life Orb\n|cant|p1a: Emperor|flinch\n|\n|-weather|SunnyDay|[upkeep]\n|upkeep\n|turn|2\n|\n|t:|1745995287\n|-end|p1b: Magician|Protosynthesis|[silent]\n|switch|p1b: Sun|Koraidon, L50|100/100\n|-activate|p1b: Sun|ability: Orichalcum Pulse\n|move|p2a: Koraidon|Flare Blitz|p1a: Emperor\n|-resisted|p1a: Emperor\n|-damage|p1a: Emperor|21/100\n|-damage|p2a: Koraidon|57/100|[from] Recoil\n|-damage|p2a: Koraidon|48/100|[from] item: Life Orb\n|move|p1a: Emperor|Tailwind|p1a: Emperor\n|-sidestart|p1: bertcamem|move: Tailwind\n|move|p2b: Incineroar|Knock Off|p1b: Sun\n|-resisted|p1b: Sun\n|-damage|p1b: Sun|83/100\n|-enditem|p1b: Sun|Life Orb|[from] move: Knock Off|[of] p2b: Incineroar\n|\n|-weather|SunnyDay|[upkeep]\n|upkeep\n|turn|3\n|\n|t:|1745995299\n|switch|p2b: Calyrex|Calyrex-Shadow, L50|100/100\n|-ability|p2b: Calyrex|As One\n|-ability|p2b: Calyrex|Unnerve\n|move|p1b: Sun|Close Combat|p2b: Calyrex\n|-immune|p2b: Calyrex\n|move|p1a: Emperor|Brave Bird|p2a: Koraidon\n|-damage|p2a: Koraidon|0 fnt\n|faint|p2a: Koraidon\n|-damage|p1a: Emperor|7/100|[from] Recoil\n|\n|-weather|SunnyDay|[upkeep]\n|upkeep\n|\n|t:|1745995302\n|switch|p2a: Incineroar|Incineroar, L50, M|94/100\n|-ability|p2a: Incineroar|Intimidate|boost\n|-fail|p1a: Emperor|unboost|[from] item: Clear Amulet|[of] p1a: Emperor\n|-unboost|p1b: Sun|atk|1\n|turn|4\n|\n|t:|1745995310\n|switch|p1a: Strength|Gurdurr, L50, M|100/100\n|move|p1b: Sun|Protect|p1b: Sun\n|-singleturn|p1b: Sun|Protect\n|move|p2a: Incineroar|Fake Out|p1b: Sun\n|-activate|p1b: Sun|move: Protect\n|move|p2b: Calyrex|Astral Barrage|p1a: Strength|[spread] p1a\n|-activate|p1b: Sun|move: Protect\n|-damage|p1a: Strength|47/100\n|\n|-weather|SunnyDay|[upkeep]\n|upkeep\n|turn|5\n|inactive|bertcamem has 30 seconds left.\n|inactive|Oreo_Stars has 30 seconds left.\n|inactive|bertcamem has 20 seconds left.\n|\n|t:|1745995347\n|-terastallize|p1b: Sun|Fire\n|move|p1a: Strength|Wide Guard|p1a: Strength\n|-singleturn|p1a: Strength|Wide Guard\n|move|p1b: Sun|Close Combat|p2a: Incineroar\n|-supereffective|p2a: Incineroar\n|-damage|p2a: Incineroar|17/100\n|-unboost|p1b: Sun|def|1\n|-unboost|p1b: Sun|spd|1\n|-damage|p1b: Sun|67/100|[from] item: Rocky Helmet|[of] p2a: Incineroar\n|move|p2b: Calyrex|Psychic|p1a: Strength\n|-supereffective|p1a: Strength\n|-damage|p1a: Strength|0 fnt\n|faint|p1a: Strength\n|-ability|p2b: Calyrex|Grim Neigh|boost\n|-boost|p2b: Calyrex|spa|1\n|move|p2a: Incineroar|Parting Shot|p1b: Sun\n|-unboost|p1b: Sun|atk|1\n|-unboost|p1b: Sun|spa|1\n|\n|t:|1745995351\n|switch|p2a: Ogerpon|Ogerpon-Hearthflame, L50, F|100/100|[from] Parting Shot\n|-ability|p2a: Ogerpon|Mold Breaker\n|\n|-weather|none\n|-sideend|p1: bertcamem|move: Tailwind\n|upkeep\n|\n|t:|1745995357\n|switch|p1a: Emperor|Ho-Oh, L50|40/100\n|turn|6\n|\n|t:|1745995367\n|move|p1b: Sun|Protect|p1b: Sun\n|-singleturn|p1b: Sun|Protect\n|move|p2a: Ogerpon|Follow Me|p2a: Ogerpon\n|-singleturn|p2a: Ogerpon|move: Follow Me\n|move|p2b: Calyrex|Astral Barrage|p1a: Emperor|[spread] p1a\n|-activate|p1b: Sun|move: Protect\n|-damage|p1a: Emperor|0 fnt\n|faint|p1a: Emperor\n|-ability|p2b: Calyrex|Grim Neigh|boost\n|-boost|p2b: Calyrex|spa|1\n|\n|upkeep\n|\n|t:|1745995372\n|switch|p1a: Magician|Flutter Mane, L50|1/100\n|turn|7\n|\n|t:|1745995381\n|move|p2a: Ogerpon|Follow Me|p2a: Ogerpon\n|-singleturn|p2a: Ogerpon|move: Follow Me\n|move|p2b: Calyrex|Astral Barrage|p1b: Sun|[spread] p1a,p1b\n|-supereffective|p1a: Magician\n|-damage|p1a: Magician|0 fnt\n|-damage|p1b: Sun|0 fnt\n|faint|p1a: Magician\n|-end|p1a: Magician|Protosynthesis|[silent]\n|faint|p1b: Sun\n|\n|win|Oreo_Stars\n||bertcamem is ready for game 2.\n||Oreo_Stars is ready for game 2.\n|uhtml|next|Next: <a href=\"/battle-gen9vgc2025regibo3-2353760489\"><strong>Game 2 of 3</strong></a>\n|l|\u2606bertcamem\n|player|p1|\n|l|\u2606Oreo_Stars\n|player|p2|\n", "uploadtime": 1745995506, "views": 7, "formatid": "gen9vgc2025regibo3", "rating": null, "private": 0, "password": null}