{"id": "gen9vgc2025regibo3-2354578936", "format": "[Gen 9] VGC 2025 Reg I (Bo3)", "players": ["Jean CHASUBLE 1", "Theverynotsusman"], "log": "|j|\u2606Jean CHASUBLE 1\n|j|\u2606Theverynotsusman\n|html|<table width=\"100%\"><tr><td align=\"left\">Jean CHASUBLE 1</td><td align=\"right\">Theverynotsusman</tr><tr><td align=\"left\"><i class=\"fa fa-circle-o\"></i> <i class=\"fa fa-circle-o\"></i> </td><td align=\"right\"><i class=\"fa fa-circle-o\"></i> <i class=\"fa fa-circle-o\"></i> </tr></table>\n|uhtml|bestof|<h2><strong>Game 1</strong> of <a href=\"/game-bestof3-gen9vgc2025regibo3-2354578935\">a best-of-3</a></h2>\n|t:|1746097805\n|gametype|doubles\n|player|p1|Jean CHASUBLE 1|cheren-gen5bw2|1193\n|player|p2|Theverynotsusman|169|1140\n|teamsize|p1|6\n|teamsize|p2|6\n|gen|9\n|tier|[Gen 9] VGC 2025 Reg I (Bo3)\n|rated|\n|rule|Species Clause: Limit one of each Pok\u00e9mon\n|rule|Item Clause: Limit 1 of each item\n|clearpoke\n|poke|p1|Kyogre, L50|\n|poke|p1|Zacian-*, L50|\n|poke|p1|Tornadus, L50, M|\n|poke|p1|Landorus, L50, M|\n|poke|p1|Amoonguss, L50, M|\n|poke|p1|Urshifu-*, L50, F|\n|poke|p2|Zacian-*, L50|\n|poke|p2|Calyrex-Shadow, L50|\n|poke|p2|Incineroar, L50, F|\n|poke|p2|Rillaboom, L50, F|\n|poke|p2|Urshifu-*, L50, M|\n|poke|p2|Ditto, L50|\n|teampreview|4\n|showteam|p1|Kyogre||AssaultVest|Drizzle|Thunder,WaterSpout,IceBeam,HydroPump||||||50|,,,,,Grass]Zacian-Crowned||RustedSword|IntrepidSword|Protect,PlayRough,behemothblade,SacredSword||||||50|,,,,,Fairy]Tornadus||CovertCloak|Prankster|Tailwind,Taunt,BleakwindStorm,RainDance|||M|||50|,,,,,Dark]Landorus||LifeOrb|SheerForce|EarthPower,SandsearStorm,SludgeBomb,Protect|||M|||50|,,,,,Poison]Amoonguss||RockyHelmet|Regenerator|Spore,PollenPuff,Protect,RagePowder|||M|||50|,,,,,Water]Urshifu-Rapid-Strike||ChoiceScarf|UnseenFist|SurgingStrikes,Uturn,AquaJet,CloseCombat|||F|||50|,,,,,Water\n|showteam|p2|Zacian-Crowned||RustedSword|IntrepidSword|behemothblade,PlayRough,SacredSword,Protect||||||50|,,,,,Dragon]Calyrex-Shadow||FocusSash|AsOneSpectrier|AstralBarrage,Psychic,NastyPlot,Protect||||||50|,,,,,Ghost]Incineroar||SafetyGoggles|Intimidate|KnockOff,FlareBlitz,FakeOut,PartingShot|||F|||50|,,,,,Ghost]Rillaboom||AssaultVest|GrassySurge|WoodHammer,GrassyGlide,FakeOut,Uturn|||F|||50|,,,,,Fire]Urshifu-Rapid-Strike||MysticWater|UnseenFist|AquaJet,SurgingStrikes,CloseCombat,Protect|||M|||50|,,,,,Grass]Ditto||ExpertBelt|Imposter|Transform||||||50|,,,,,Stellar\n|\n|t:|1746097846\n|start\n|switch|p1a: Tornadus|Tornadus, L50, M|100/100\n|switch|p1b: Kyogre|Kyogre, L50|100/100\n|switch|p2a: Ditto|Ditto, L50|100/100\n|switch|p2b: Calyrex|Calyrex-Shadow, L50|100/100\n|-ability|p2b: Calyrex|As One\n|-ability|p2b: Calyrex|Unnerve\n|-weather|RainDance|[from] ability: Drizzle|[of] p1b: Kyogre\n|-transform|p2a: Ditto|p1b: Kyogre|[from] ability: Imposter\n|turn|1\n|inactive|Battle timer is ON: inactive players will automatically lose when time's up. (requested by Jean CHASUBLE 1)\n|\n|t:|1746097865\n|switch|p2b: Rillaboom|Rillaboom, L50, F|100/100\n|-fieldstart|move: Grassy Terrain|[from] ability: Grassy Surge|[of] p2b: Rillaboom\n|-terastallize|p1b: Kyogre|Grass\n|move|p1a: Tornadus|Tailwind|p1a: Tornadus\n|-sidestart|p1: Jean CHASUBLE 1|move: Tailwind\n|move|p1b: Kyogre|Water Spout|p2a: Ditto|[spread] p2a,p2b\n|-resisted|p2a: Ditto\n|-resisted|p2b: Rillaboom\n|-damage|p2a: Ditto|57/100\n|-damage|p2b: Rillaboom|62/100\n|move|p2a: Ditto|Thunder|p1b: Kyogre\n|-resisted|p1b: Kyogre\n|-damage|p1b: Kyogre|90/100\n|-status|p1b: Kyogre|par\n|\n|-weather|RainDance|[upkeep]\n|-heal|p2b: Rillaboom|68/100|[from] Grassy Terrain\n|-heal|p2a: Ditto|63/100|[from] Grassy Terrain\n|-heal|p1b: Kyogre|96/100 par|[from] Grassy Terrain\n|upkeep\n|turn|2\n|inactive|Jean CHASUBLE 1 has 30 seconds left.\n|\n|t:|1746097892\n|move|p1a: Tornadus|Bleakwind Storm|p2a: Ditto|[spread] p2a,p2b\n|-supereffective|p2b: Rillaboom\n|-damage|p2a: Ditto|34/100\n|-damage|p2b: Rillaboom|22/100\n|-unboost|p2a: Ditto|spe|1\n|move|p2b: Rillaboom|U-turn|p1b: Kyogre\n|-supereffective|p1b: Kyogre\n|-damage|p1b: Kyogre|49/100 par\n|\n|t:|1746097900\n|switch|p2b: Zacian|Zacian-Crowned, L50|100/100|[from] U-turn\n|-ability|p2b: Zacian|Intrepid Sword|boost\n|-boost|p2b: Zacian|atk|1\n|move|p1b: Kyogre|Thunder|p2a: Ditto\n|-supereffective|p2a: Ditto\n|-damage|p2a: Ditto|0 fnt\n|faint|p2a: Ditto\n|\n|-weather|RainDance|[upkeep]\n|-heal|p1b: Kyogre|55/100 par|[from] Grassy Terrain\n|upkeep\n|\n|t:|1746097909\n|switch|p2a: Calyrex|Calyrex-Shadow, L50|100/100\n|-ability|p2a: Calyrex|As One\n|-ability|p2a: Calyrex|Unnerve\n|turn|3\n|\n|t:|1746097933\n|-terastallize|p2b: Zacian|Dragon\n|move|p2a: Calyrex|Protect|p2a: Calyrex\n|-singleturn|p2a: Calyrex|Protect\n|move|p1a: Tornadus|Bleakwind Storm|p2b: Zacian|[spread] p2b\n|-activate|p2a: Calyrex|move: Protect\n|-damage|p2b: Zacian|68/100\n|-unboost|p2b: Zacian|spe|1\n|move|p2b: Zacian|Behemoth Blade|p1a: Tornadus\n|-damage|p1a: Tornadus|17/100\n|move|p1b: Kyogre|Water Spout|p2a: Calyrex|[spread] p2b\n|-activate|p2a: Calyrex|move: Protect\n|-resisted|p2b: Zacian\n|-damage|p2b: Zacian|39/100\n|\n|-weather|RainDance|[upkeep]\n|-heal|p2b: Zacian|45/100|[from] Grassy Terrain\n|-heal|p1b: Kyogre|60/100 par|[from] Grassy Terrain\n|upkeep\n|turn|4\n|inactive|Jean CHASUBLE 1 has 30 seconds left.\n|\n|t:|1746097961\n|move|p2b: Zacian|Protect|p2b: Zacian\n|-singleturn|p2b: Zacian|Protect\n|move|p1a: Tornadus|Bleakwind Storm|p2a: Calyrex|[spread] p2a\n|-activate|p2b: Zacian|move: Protect\n|-damage|p2a: Calyrex|70/100\n|move|p2a: Calyrex|Astral Barrage|p1a: Tornadus|[spread] p1a,p1b\n|-damage|p1a: Tornadus|0 fnt\n|-damage|p1b: Kyogre|37/100 par\n|faint|p1a: Tornadus\n|-ability|p2a: Calyrex|Grim Neigh|boost\n|-boost|p2a: Calyrex|spa|1\n|cant|p1b: Kyogre|par\n|\n|-weather|RainDance|[upkeep]\n|-heal|p2a: Calyrex|75/100|[from] Grassy Terrain\n|-heal|p2b: Zacian|51/100|[from] Grassy Terrain\n|-heal|p1b: Kyogre|43/100 par|[from] Grassy Terrain\n|-sideend|p1: Jean CHASUBLE 1|move: Tailwind\n|upkeep\n|\n|t:|1746097978\n|switch|p1a: Zacian|Zacian-Crowned, L50|100/100\n|-ability|p1a: Zacian|Intrepid Sword|boost\n|-boost|p1a: Zacian|atk|1\n|turn|5\n|\n|t:|1746097995\n|switch|p1b: Amoonguss|Amoonguss, L50, M|100/100\n|move|p1a: Zacian|Protect|p1a: Zacian\n|-singleturn|p1a: Zacian|Protect\n|move|p2a: Calyrex|Astral Barrage|p1b: Amoonguss|[spread] p1b\n|-activate|p1a: Zacian|move: Protect\n|-damage|p1b: Amoonguss|32/100\n|move|p2b: Zacian|Behemoth Blade|p1a: Zacian\n|-activate|p1a: Zacian|move: Protect\n|\n|-weather|none\n|-heal|p2a: Calyrex|81/100|[from] Grassy Terrain\n|-heal|p2b: Zacian|57/100|[from] Grassy Terrain\n|-heal|p1b: Amoonguss|38/100|[from] Grassy Terrain\n|-fieldend|move: Grassy Terrain\n|upkeep\n|turn|6\n|\n|t:|1746098018\n|move|p2b: Zacian|Protect|p2b: Zacian\n|-singleturn|p2b: Zacian|Protect\n|move|p1b: Amoonguss|Rage Powder|p1b: Amoonguss\n|-singleturn|p1b: Amoonguss|move: Rage Powder\n|move|p2a: Calyrex|Astral Barrage|p1b: Amoonguss|[spread] p1a,p1b\n|-damage|p1a: Zacian|22/100\n|-damage|p1b: Amoonguss|0 fnt\n|faint|p1b: Amoonguss\n|-ability|p2a: Calyrex|Grim Neigh|boost\n|-boost|p2a: Calyrex|spa|1\n|move|p1a: Zacian|Behemoth Blade|p2a: Calyrex\n|-damage|p2a: Calyrex|0 fnt\n|faint|p2a: Calyrex\n|\n|upkeep\n|\n|t:|1746098031\n|switch|p2a: Rillaboom|Rillaboom, L50, F|22/100\n|switch|p1b: Kyogre|Kyogre, L50, tera:Grass|43/100 par\n|-fieldstart|move: Grassy Terrain|[from] ability: Grassy Surge|[of] p2a: Rillaboom\n|-weather|RainDance|[from] ability: Drizzle|[of] p1b: Kyogre\n|turn|7\n|\n|t:|1746098047\n|move|p1a: Zacian|Protect|p1a: Zacian\n|-singleturn|p1a: Zacian|Protect\n|move|p2a: Rillaboom|Fake Out|p1a: Zacian\n|-activate|p1a: Zacian|move: Protect\n|move|p2b: Zacian|Behemoth Blade|p1b: Kyogre\n|-damage|p1b: Kyogre|0 fnt\n|faint|p1b: Kyogre\n|\n|-weather|RainDance|[upkeep]\n|-heal|p1a: Zacian|28/100|[from] Grassy Terrain\n|-heal|p2b: Zacian|63/100|[from] Grassy Terrain\n|-heal|p2a: Rillaboom|28/100|[from] Grassy Terrain\n|upkeep\n|turn|8\n|\n|t:|1746098067\n|move|p1a: Zacian|Play Rough|p2b: Zacian\n|-supereffective|p2b: Zacian\n|-damage|p2b: Zacian|0 fnt\n|faint|p2b: Zacian\n|move|p2a: Rillaboom|Wood Hammer|p1a: Zacian\n|-resisted|p1a: Zacian\n|-damage|p1a: Zacian|0 fnt\n|faint|p1a: Zacian\n|-damage|p2a: Rillaboom|19/100|[from] Recoil\n|\n|win|Theverynotsusman\n||Jean CHASUBLE 1 is ready for game 2.\n||Theverynotsusman is ready for game 2.\n|uhtml|next|Next: <a href=\"/battle-gen9vgc2025regibo3-2354580558\"><strong>Game 2 of 3</strong></a>\n", "uploadtime": 1746098077, "views": 10, "formatid": "gen9vgc2025regibo3", "rating": null, "private": 0, "password": null}