{"id": "gen9vgc2025regibo3-2354820896", "format": "[Gen 9] VGC 2025 Reg I (Bo3)", "players": ["wishlocals", "EncoreVGC"], "log": "|j|\u2606wishlocals\n|j|\u2606EncoreVGC\n|html|<table width=\"100%\"><tr><td align=\"left\">wishlocals</td><td align=\"right\">EncoreVGC</tr><tr><td align=\"left\"><i class=\"fa fa-circle-o\"></i> <i class=\"fa fa-circle-o\"></i> </td><td align=\"right\"><i class=\"fa fa-circle-o\"></i> <i class=\"fa fa-circle-o\"></i> </tr></table>\n|uhtml|bestof|<h2><strong>Game 1</strong> of <a href=\"/game-bestof3-gen9vgc2025regibo3-2354820895\">a best-of-3</a></h2>\n|t:|1746122628\n|gametype|doubles\n|player|p1|wishlocals|265|1182\n|player|p2|EncoreVGC|tuber|1272\n|teamsize|p1|6\n|teamsize|p2|6\n|gen|9\n|tier|[Gen 9] VGC 2025 Reg I (Bo3)\n|rated|\n|rule|Species Clause: Limit one of each Pok\u00e9mon\n|rule|Item Clause: Limit 1 of each item\n|clearpoke\n|poke|p1|Calyrex-Ice, L50|\n|poke|p1|Miraidon, L50|\n|poke|p1|Iron Hands, L50|\n|poke|p1|Ogerpon-Hearthflame, L50, F|\n|poke|p1|Urshifu-*, L50, M|\n|poke|p1|Farigiraf, L50, M|\n|poke|p2|Zamazenta-*, L50|\n|poke|p2|Rayquaza, L50|\n|poke|p2|Chien-Pao, L50|\n|poke|p2|Rillaboom, L50, M|\n|poke|p2|Volcarona, L50, F|\n|poke|p2|Flutter Mane, L50|\n|teampreview|4\n|showteam|p1|Calyrex-Ice||ClearAmulet|AsOneGlastrier|GlacialLance,HighHorsepower,TrickRoom,Protect||||||50|,,,,,Water]Miraidon||ChoiceSpecs|HadronEngine|ElectroDrift,DracoMeteor,DazzlingGleam,VoltSwitch||||||50|,,,,,Fairy]Iron Hands||AssaultVest|QuarkDrive|FakeOut,DrainPunch,WildCharge,LowKick||||||50|,,,,,Bug]Ogerpon-Hearthflame||HearthflameMask|MoldBreaker|IvyCudgel,PowerWhip,FollowMe,SpikyShield|||F|||50|,,,,,Fire]Urshifu-Rapid-Strike||FocusSash|UnseenFist|SurgingStrikes,CloseCombat,AquaJet,Detect|||M|||50|,,,,,Stellar]Farigiraf||ElectricSeed|ArmorTail|FoulPlay,TrickRoom,HelpingHand,Psychic|||M|||50|,,,,,Dark\n|showteam|p2|Zamazenta-Crowned||RustedShield|DauntlessShield|BodyPress,behemothbash,WideGuard,Protect||||||50|,,,,,Ghost]Rayquaza||ClearAmulet|AirLock|DragonAscent,ExtremeSpeed,SwordsDance,Protect||||||50|,,,,,Normal]Chien-Pao||FocusSash|SwordofRuin|IcicleCrash,ThroatChop,SuckerPunch,Protect||||||50|,,,,,Ghost]Rillaboom||AssaultVest|GrassySurge|WoodHammer,GrassyGlide,Uturn,FakeOut|||M|||50|,,,,,Fire]Volcarona||Leftovers|FlameBody|Flamethrower,WillOWisp,RagePowder,Protect|||F|||50|,,,,,Grass]Flutter Mane||BoosterEnergy|Protosynthesis|Moonblast,IcyWind,Taunt,Protect||||||50|,,,,,Fairy\n|inactive|Battle timer is ON: inactive players will automatically lose when time's up. (requested by wishlocals)\n|\n|t:|1746122671\n|start\n|switch|p1a: Miraidon|Miraidon, L50|100/100\n|switch|p1b: Farigiraf|Farigiraf, L50, M|100/100\n|switch|p2a: Flutter Mane|Flutter Mane, L50|100/100\n|switch|p2b: Rillaboom|Rillaboom, L50, M|100/100\n|-fieldstart|move: Electric Terrain|[from] ability: Hadron Engine|[of] p1a: Miraidon\n|-enditem|p1b: Farigiraf|Electric Seed\n|-boost|p1b: Farigiraf|def|1|[from] item: Electric Seed\n|-fieldstart|move: Grassy Terrain|[from] ability: Grassy Surge|[of] p2b: Rillaboom\n|-enditem|p2a: Flutter Mane|Booster Energy\n|-activate|p2a: Flutter Mane|ability: Protosynthesis|[fromitem]\n|-start|p2a: Flutter Mane|protosynthesisspe\n|turn|1\n|\n|t:|1746122690\n|switch|p1a: Calyrex|Calyrex-Ice, L50|100/100\n|-ability|p1a: Calyrex|As One\n|-ability|p1a: Calyrex|Unnerve\n|move|p2a: Flutter Mane|Moonblast|p1a: Calyrex\n|-damage|p1a: Calyrex|72/100\n|move|p2b: Rillaboom|Wood Hammer|p1a: Calyrex\n|-damage|p1a: Calyrex|29/100\n|-damage|p2b: Rillaboom|85/100|[from] Recoil\n|move|p1b: Farigiraf|Trick Room|p1b: Farigiraf\n|-fieldstart|move: Trick Room|[of] p1b: Farigiraf\n|\n|-heal|p1a: Calyrex|34/100|[from] Grassy Terrain\n|-heal|p2b: Rillaboom|91/100|[from] Grassy Terrain\n|upkeep\n|turn|2\n|inactive|wishlocals has 30 seconds left.\n|\n|t:|1746122720\n|switch|p2b: Zamazenta|Zamazenta-Crowned, L50|100/100\n|-ability|p2b: Zamazenta|Dauntless Shield|boost\n|-boost|p2b: Zamazenta|def|1\n|move|p2a: Flutter Mane|Protect|p2a: Flutter Mane\n|-singleturn|p2a: Flutter Mane|Protect\n|move|p1a: Calyrex|Glacial Lance|p2b: Zamazenta|[spread] p2b\n|-activate|p2a: Flutter Mane|move: Protect\n|-resisted|p2b: Zamazenta\n|-damage|p2b: Zamazenta|89/100\n|move|p1b: Farigiraf|Foul Play|p2b: Zamazenta\n|-resisted|p2b: Zamazenta\n|-damage|p2b: Zamazenta|83/100\n|\n|-heal|p1a: Calyrex|40/100|[from] Grassy Terrain\n|-heal|p2b: Zamazenta|90/100|[from] Grassy Terrain\n|upkeep\n|turn|3\n|inactive|wishlocals has 30 seconds left.\n|\n|t:|1746122748\n|move|p1b: Farigiraf|Helping Hand|p1a: Calyrex\n|-singleturn|p1a: Calyrex|Helping Hand|[of] p1b: Farigiraf\n|move|p2b: Zamazenta|Wide Guard|p2b: Zamazenta\n|-singleturn|p2b: Zamazenta|Wide Guard\n|move|p1a: Calyrex|High Horsepower|p2a: Flutter Mane\n|-damage|p2a: Flutter Mane|19/100\n|move|p2a: Flutter Mane|Moonblast|p1a: Calyrex\n|-crit|p1a: Calyrex\n|-damage|p1a: Calyrex|0 fnt\n|faint|p1a: Calyrex\n|\n|-heal|p2b: Zamazenta|96/100|[from] Grassy Terrain\n|-heal|p2a: Flutter Mane|25/100|[from] Grassy Terrain\n|upkeep\n|\n|t:|1746122761\n|switch|p1a: Iron Hands|Iron Hands, L50|100/100\n|turn|4\n|inactive|wishlocals has 30 seconds left.\n|inactive|wishlocals has 20 seconds left.\n|\n|t:|1746122798\n|-end|p2a: Flutter Mane|Protosynthesis|[silent]\n|switch|p2a: Rillaboom|Rillaboom, L50, M|91/100\n|-terastallize|p1a: Iron Hands|Bug\n|move|p2b: Zamazenta|Protect||[still]\n|-fail|p2b: Zamazenta\n|move|p1a: Iron Hands|Fake Out|p2b: Zamazenta\n|-resisted|p2b: Zamazenta\n|-damage|p2b: Zamazenta|93/100\n|move|p1b: Farigiraf|Psychic|p2a: Rillaboom\n|-damage|p2a: Rillaboom|67/100\n|\n|-heal|p2a: Rillaboom|73/100|[from] Grassy Terrain\n|-heal|p2b: Zamazenta|99/100|[from] Grassy Terrain\n|upkeep\n|turn|5\n|\n|t:|1746122819\n|-terastallize|p2b: Zamazenta|Ghost\n|move|p1a: Iron Hands|Low Kick|p2b: Zamazenta\n|-immune|p2b: Zamazenta\n|move|p1b: Farigiraf|Psychic|p2b: Zamazenta\n|-damage|p2b: Zamazenta|72/100\n|move|p2a: Rillaboom|U-turn|p1b: Farigiraf\n|-supereffective|p1b: Farigiraf\n|-damage|p1b: Farigiraf|74/100\n|\n|t:|1746122828\n|switch|p2a: Rayquaza|Rayquaza, L50|100/100|[from] U-turn\n|-ability|p2a: Rayquaza|Air Lock\n|move|p2b: Zamazenta|Body Press|p1b: Farigiraf\n|-damage|p1b: Farigiraf|33/100\n|\n|-heal|p1b: Farigiraf|39/100|[from] Grassy Terrain\n|-heal|p2b: Zamazenta|78/100|[from] Grassy Terrain\n|-fieldend|move: Trick Room\n|-fieldend|move: Grassy Terrain\n|upkeep\n|turn|6\n|inactive|EncoreVGC has 30 seconds left.\n|\n|t:|1746122854\n|-end|p1a: Iron Hands|Quark Drive|[silent]\n|switch|p1a: Miraidon|Miraidon, L50|100/100\n|-fieldstart|move: Electric Terrain|[from] ability: Hadron Engine|[of] p1a: Miraidon\n|move|p2b: Zamazenta|Body Press|p1b: Farigiraf\n|-damage|p1b: Farigiraf|0 fnt\n|faint|p1b: Farigiraf\n|move|p2a: Rayquaza|Dragon Ascent|p1a: Miraidon\n|-resisted|p1a: Miraidon\n|-damage|p1a: Miraidon|63/100\n|-unboost|p2a: Rayquaza|def|1\n|-unboost|p2a: Rayquaza|spd|1\n|\n|upkeep\n|\n|t:|1746122865\n|switch|p1b: Iron Hands|Iron Hands, L50, tera:Bug|100/100\n|-activate|p1b: Iron Hands|ability: Quark Drive\n|-start|p1b: Iron Hands|quarkdriveatk\n|turn|7\n|\n|t:|1746122884\n|switch|p2a: Rillaboom|Rillaboom, L50, M|73/100\n|-fieldstart|move: Grassy Terrain|[from] ability: Grassy Surge|[of] p2a: Rillaboom\n|-end|p1b: Iron Hands|Quark Drive\n|move|p2b: Zamazenta|Protect|p2b: Zamazenta\n|-singleturn|p2b: Zamazenta|Protect\n|move|p1a: Miraidon|Electro Drift|p2a: Rillaboom\n|-resisted|p2a: Rillaboom\n|-damage|p2a: Rillaboom|50/100\n|move|p1b: Iron Hands|Low Kick|p2a: Rillaboom\n|-damage|p2a: Rillaboom|5/100\n|\n|-heal|p1a: Miraidon|69/100|[from] Grassy Terrain\n|-heal|p2b: Zamazenta|84/100|[from] Grassy Terrain\n|-heal|p2a: Rillaboom|11/100|[from] Grassy Terrain\n|upkeep\n|turn|8\n|inactive|wishlocals has 30 seconds left.\n|\n|t:|1746122914\n|move|p2a: Rillaboom|Fake Out|p1a: Miraidon\n|-damage|p1a: Miraidon|58/100\n|cant|p1a: Miraidon|flinch\n|move|p2b: Zamazenta|Body Press|p1a: Miraidon\n|-damage|p1a: Miraidon|0 fnt\n|faint|p1a: Miraidon\n|move|p1b: Iron Hands|Wild Charge|p2b: Zamazenta\n|-crit|p2b: Zamazenta\n|-damage|p2b: Zamazenta|36/100\n|-damage|p1b: Iron Hands|92/100|[from] Recoil\n|\n|-heal|p2b: Zamazenta|43/100|[from] Grassy Terrain\n|-heal|p2a: Rillaboom|17/100|[from] Grassy Terrain\n|-heal|p1b: Iron Hands|99/100|[from] Grassy Terrain\n|upkeep\n|turn|9\n|j| entei enthusiast\n|-message|wishlocals forfeited.\n|\n|win|EncoreVGC\n|l|\u2606wishlocals\n|player|p1|\n||wishlocals is ready for game 2.\n|inactive|EncoreVGC has 30 seconds to confirm battle start!\n||EncoreVGC is ready for game 2.\n|uhtml|next|Next: <a href=\"/battle-gen9vgc2025regibo3-2354824495\"><strong>Game 2 of 3</strong></a>\n|l| entei enthusiast\n", "uploadtime": 1746123170, "views": 5, "formatid": "gen9vgc2025regibo3", "rating": null, "private": 0, "password": null}