{"id": "gen9vgc2025regibo3-2353758609", "format": "[Gen 9] VGC 2025 Reg I (Bo3)", "players": ["Maestro72", "4-3 at worlds"], "log": "|j|\u2606Maestro72\n|j|\u26064-3 at worlds\n|html|<table width=\"100%\"><tr><td align=\"left\">Maestro72</td><td align=\"right\">4-3 at worlds</tr><tr><td align=\"left\"><i class=\"fa fa-circle-o\"></i> <i class=\"fa fa-circle-o\"></i> </td><td align=\"right\"><i class=\"fa fa-circle-o\"></i> <i class=\"fa fa-circle-o\"></i> </tr></table>\n|uhtml|bestof|<h2><strong>Game 1</strong> of <a href=\"/game-bestof3-gen9vgc2025regibo3-2353758608\">a best-of-3</a></h2>\n|t:|1745995068\n|gametype|doubles\n|player|p1|Maestro72|101|1116\n|player|p2|4-3 at worlds|scientist-gen4|1095\n|teamsize|p1|6\n|teamsize|p2|6\n|gen|9\n|tier|[Gen 9] VGC 2025 Reg I (Bo3)\n|rated|\n|rule|Species Clause: Limit one of each Pok\u00e9mon\n|rule|Item Clause: Limit 1 of each item\n|clearpoke\n|poke|p1|Kyogre, L50|\n|poke|p1|Archaludon, L50, F|\n|poke|p1|Indeedee-F, L50, F|\n|poke|p1|Landorus, L50, M|\n|poke|p1|Tornadus, L50, M|\n|poke|p1|Miraidon, L50|\n|poke|p2|Zamazenta-*, L50|\n|poke|p2|Volcarona, L50, F|\n|poke|p2|Comfey, L50, M|\n|poke|p2|Rillaboom, L50, M|\n|poke|p2|Incineroar, L50, M|\n|poke|p2|Calyrex-Shadow, L50|\n|teampreview|4\n|showteam|p1|Kyogre||MysticWater|Drizzle|WaterSpout,IceBeam,OriginPulse,Protect||||||50|,,,,,Grass]Archaludon||AssaultVest|Stamina|ElectroShot,FlashCannon,DracoMeteor,BodyPress|||F|||50|,,,,,Fairy]Indeedee-F||RockyHelmet|PsychicSurge|FollowMe,HelpingHand,Psychic,TrickRoom|||F|||50|,,,,,Fire]Landorus||ChoiceScarf|SheerForce|SandsearStorm,EarthPower,SludgeBomb,GrassKnot|||M|||50|,,,,,Ground]Tornadus||CovertCloak|Prankster|Tailwind,RainDance,Taunt,BleakwindStorm|||M|||50|,,,,,Steel]Miraidon||ChoiceSpecs|HadronEngine|ElectroDrift,DracoMeteor,VoltSwitch,DazzlingGleam||||||50|,,,,,Fairy\n|showteam|p2|Zamazenta-Crowned||RustedShield|DauntlessShield|WideGuard,IronDefense,BodyPress,Snarl||||||50|,,,,,Dragon]Volcarona||Leftovers|FlameBody|QuiverDance,FieryDance,GigaDrain,Protect|||F|||50|,,,,,Grass]Comfey||MentalHerb|Triage|Taunt,FloralHealing,DrainingKiss,Protect|||M|||50|,,,,,Steel]Rillaboom||AssaultVest|GrassySurge|WoodHammer,FakeOut,Uturn,GrassyGlide|||M|||50|,,,,,Grass]Incineroar||SitrusBerry|Intimidate|KnockOff,FlareBlitz,FakeOut,PartingShot|||M|||50|,,,,,Ghost]Calyrex-Shadow||FocusSash|AsOneSpectrier|AstralBarrage,Psyshock,Encore,Protect||||||50|,,,,,Ghost\n|inactive|Battle timer is ON: inactive players will automatically lose when time's up. (requested by 4-3 at worlds)\n|c|\u26064-3 at worlds|2 terrain as miraidon?\n|c|\u26064-3 at worlds|does that not feel conflicting?\n|inactive|Maestro72 has 60 seconds left.\n|inactive|4-3 at worlds has 60 seconds left.\n|\n|t:|1745995115\n|start\n|switch|p1a: Tornadus|Tornadus, L50, M|100/100\n|switch|p1b: Kyogre|Kyogre, L50|100/100\n|switch|p2a: Zamazenta|Zamazenta-Crowned, L50|100/100\n|switch|p2b: Calyrex|Calyrex-Shadow, L50|100/100\n|-ability|p2b: Calyrex|As One\n|-ability|p2b: Calyrex|Unnerve\n|-ability|p2a: Zamazenta|Dauntless Shield|boost\n|-boost|p2a: Zamazenta|def|1\n|-weather|RainDance|[from] ability: Drizzle|[of] p1b: Kyogre\n|turn|1\n|\n|t:|1745995135\n|move|p1b: Kyogre|Protect|p1b: Kyogre\n|-singleturn|p1b: Kyogre|Protect\n|move|p2a: Zamazenta|Wide Guard|p2a: Zamazenta\n|-singleturn|p2a: Zamazenta|Wide Guard\n|move|p1a: Tornadus|Taunt|p2a: Zamazenta\n|-start|p2a: Zamazenta|move: Taunt\n|move|p2b: Calyrex|Astral Barrage|p1b: Kyogre|[spread] p1a\n|-activate|p1b: Kyogre|move: Protect\n|-damage|p1a: Tornadus|45/100\n|\n|-weather|RainDance|[upkeep]\n|upkeep\n|turn|2\n|\n|t:|1745995156\n|move|p1a: Tornadus|Tailwind|p1a: Tornadus\n|-sidestart|p1: Maestro72|move: Tailwind\n|move|p1b: Kyogre|Water Spout|p2a: Zamazenta|[spread] p2a,p2b\n|-damage|p2a: Zamazenta|2/100\n|-enditem|p2b: Calyrex|Focus Sash\n|-damage|p2b: Calyrex|1/100\n|move|p2b: Calyrex|Astral Barrage|p1b: Kyogre|[spread] p1a,p1b\n|-damage|p1a: Tornadus|0 fnt\n|-damage|p1b: Kyogre|63/100\n|faint|p1a: Tornadus\n|-ability|p2b: Calyrex|Grim Neigh|boost\n|-boost|p2b: Calyrex|spa|1\n|move|p2a: Zamazenta|Body Press|p1b: Kyogre\n|-damage|p1b: Kyogre|0 fnt\n|faint|p1b: Kyogre\n|\n|-weather|RainDance|[upkeep]\n|upkeep\n|\n|t:|1745995177\n|switch|p1a: Landorus|Landorus, L50, M|100/100\n|switch|p1b: Miraidon|Miraidon, L50|100/100\n|-fieldstart|move: Electric Terrain|[from] ability: Hadron Engine|[of] p1b: Miraidon\n|turn|3\n|\n|t:|1745995192\n|move|p2b: Calyrex|Protect|p2b: Calyrex\n|-singleturn|p2b: Calyrex|Protect\n|move|p1a: Landorus|Sandsear Storm|p2a: Zamazenta|[spread] p2a\n|-activate|p2b: Calyrex|move: Protect\n|-supereffective|p2a: Zamazenta\n|-damage|p2a: Zamazenta|0 fnt\n|faint|p2a: Zamazenta\n|move|p1b: Miraidon|Electro Drift|p2b: Calyrex\n|-activate|p2b: Calyrex|move: Protect\n|\n|-weather|RainDance|[upkeep]\n|upkeep\n|\n|t:|1745995205\n|switch|p2a: Rillaboom|Rillaboom, L50, M|100/100\n|-fieldstart|move: Grassy Terrain|[from] ability: Grassy Surge|[of] p2a: Rillaboom\n|turn|4\n|\n|t:|1745995211\n|move|p2a: Rillaboom|Fake Out|p1a: Landorus\n|-damage|p1a: Landorus|83/100\n|cant|p1a: Landorus|flinch\n|move|p1b: Miraidon|Electro Drift|p2b: Calyrex\n|-damage|p2b: Calyrex|0 fnt\n|faint|p2b: Calyrex\n|\n|-weather|RainDance|[upkeep]\n|upkeep\n|\n|t:|1745995217\n|switch|p2b: Volcarona|Volcarona, L50, F|100/100\n|turn|5\n|\n|t:|1745995231\n|-terastallize|p2b: Volcarona|Grass\n|move|p2a: Rillaboom|Grassy Glide|p1a: Landorus\n|-damage|p1a: Landorus|34/100\n|move|p1a: Landorus|Sandsear Storm|p2a: Rillaboom|[spread] p2a,p2b\n|-resisted|p2a: Rillaboom\n|-resisted|p2b: Volcarona\n|-damage|p2a: Rillaboom|83/100\n|-damage|p2b: Volcarona|79/100\n|move|p1b: Miraidon|Electro Drift|p2b: Volcarona\n|-resisted|p2b: Volcarona\n|-damage|p2b: Volcarona|38/100\n|move|p2b: Volcarona|Quiver Dance|p2b: Volcarona\n|-boost|p2b: Volcarona|spa|1\n|-boost|p2b: Volcarona|spd|1\n|-boost|p2b: Volcarona|spe|1\n|\n|-weather|none\n|-heal|p2b: Volcarona|44/100|[from] Grassy Terrain\n|-heal|p2b: Volcarona|50/100|[from] item: Leftovers\n|-heal|p2a: Rillaboom|88/100|[from] Grassy Terrain\n|-sideend|p1: Maestro72|move: Tailwind\n|upkeep\n|turn|6\n|inactive|Maestro72 has 30 seconds left.\n|inactive|4-3 at worlds has 30 seconds left.\n|inactive|Maestro72 has 20 seconds left.\n|inactive|Maestro72 has 15 seconds left.\n|inactive|Maestro72 has 10 seconds left.\n|\n|t:|1745995283\n|-terastallize|p1a: Landorus|Ground\n|move|p2b: Volcarona|Protect|p2b: Volcarona\n|-singleturn|p2b: Volcarona|Protect\n|move|p2a: Rillaboom|Grassy Glide|p1a: Landorus\n|-supereffective|p1a: Landorus\n|-damage|p1a: Landorus|0 fnt\n|faint|p1a: Landorus\n|move|p1b: Miraidon|Electro Drift|p2b: Volcarona\n|-activate|p2b: Volcarona|move: Protect\n|\n|-heal|p2b: Volcarona|57/100|[from] Grassy Terrain\n|-heal|p2b: Volcarona|63/100|[from] item: Leftovers\n|-heal|p2a: Rillaboom|94/100|[from] Grassy Terrain\n|upkeep\n|turn|7\n|\n|t:|1745995300\n|move|p2b: Volcarona|Giga Drain|p1b: Miraidon\n|-resisted|p1b: Miraidon\n|-damage|p1b: Miraidon|71/100\n|-heal|p2b: Volcarona|77/100|[from] drain|[of] p1b: Miraidon\n|move|p1b: Miraidon|Electro Drift|p2b: Volcarona\n|-resisted|p2b: Volcarona\n|-damage|p2b: Volcarona|51/100\n|move|p2a: Rillaboom|Wood Hammer|p1b: Miraidon\n|-resisted|p1b: Miraidon\n|-damage|p1b: Miraidon|30/100\n|-damage|p2a: Rillaboom|83/100|[from] Recoil\n|\n|-heal|p2b: Volcarona|57/100|[from] Grassy Terrain\n|-heal|p2b: Volcarona|64/100|[from] item: Leftovers\n|-heal|p1b: Miraidon|36/100|[from] Grassy Terrain\n|-heal|p2a: Rillaboom|88/100|[from] Grassy Terrain\n|upkeep\n|turn|8\n|\n|t:|1745995318\n|move|p2b: Volcarona|Giga Drain|p1b: Miraidon\n|-resisted|p1b: Miraidon\n|-damage|p1b: Miraidon|6/100\n|-heal|p2b: Volcarona|78/100|[from] drain|[of] p1b: Miraidon\n|move|p1b: Miraidon|Electro Drift|p2a: Rillaboom\n|-resisted|p2a: Rillaboom\n|-damage|p2a: Rillaboom|57/100\n|move|p2a: Rillaboom|Wood Hammer|p1b: Miraidon\n|-resisted|p1b: Miraidon\n|-damage|p1b: Miraidon|0 fnt\n|faint|p1b: Miraidon\n|-damage|p2a: Rillaboom|55/100|[from] Recoil\n|\n|win|4-3 at worlds\n||4-3 at worlds is ready for game 2.\n|inactive|Maestro72 has 30 seconds to confirm battle start!\n||Maestro72 is ready for game 2.\n|uhtml|next|Next: <a href=\"/battle-gen9vgc2025regibo3-2353760174\"><strong>Game 2 of 3</strong></a>\n|l|\u2606Maestro72\n|player|p1|\n|l|\u26064-3 at worlds\n|player|p2|\n", "uploadtime": 1745995618, "views": 6, "formatid": "gen9vgc2025regibo3", "rating": null, "private": 0, "password": null}