{"id": "gen9vgc2025regibo3-2353910026", "format": "[Gen 9] VGC 2025 Reg I (Bo3)", "players": ["G00bermeister69420", "enguunpvp"], "log": "|j|\u2606G00bermeister69420\n|j|\u203denguunpvp\n|html|<table width=\"100%\"><tr><td align=\"left\">G00bermeister69420</td><td align=\"right\">enguunpvp</tr><tr><td align=\"left\"><i class=\"fa fa-circle-o\"></i> <i class=\"fa fa-circle-o\"></i> </td><td align=\"right\"><i class=\"fa fa-circle-o\"></i> <i class=\"fa fa-circle\"></i> </tr></table>\n|uhtml|bestof|<h2><strong>Game 2</strong> of <a href=\"/game-bestof3-gen9vgc2025regibo3-2353908306\">a best-of-3</a></h2>\n|t:|1746017839\n|gametype|doubles\n|player|p1|G00bermeister69420|hiker-gen4|1059\n|player|p2|enguunpvp|steven|1054\n|teamsize|p1|6\n|teamsize|p2|6\n|gen|9\n|tier|[Gen 9] VGC 2025 Reg I (Bo3)\n|rated|\n|rule|Species Clause: Limit one of each Pok\u00e9mon\n|rule|Item Clause: Limit 1 of each item\n|clearpoke\n|poke|p1|Regidrago, L50|\n|poke|p1|Zacian-*, L50|\n|poke|p1|Calyrex-Ice, L50|\n|poke|p1|Ogerpon-Cornerstone, L50, F|\n|poke|p1|Chandelure, L50, M|\n|poke|p1|Ursaluna, L50, F|\n|poke|p2|Zacian-*, L50|\n|poke|p2|Kyogre, L50|\n|poke|p2|Rillaboom, L50, F|\n|poke|p2|Annihilape, L50, M|\n|poke|p2|Tornadus, L50, M|\n|poke|p2|Kingdra, L50, F|\n|teampreview|4\n|showteam|p1|Regidrago||IronBall|DragonsMaw|DragonEnergy,EarthPower,DragonPulse,Protect||||||50|,,,,,Dragon]Zacian-Crowned||RustedSword|IntrepidSword|behemothblade,PlayRough,SacredSword,Protect||||||50|,,,,,Fighting]Calyrex-Ice||PowerLens|AsOneGlastrier|GlacialLance,HealPulse,CloseCombat,TrickRoom||||||50|,,,,,Water]Ogerpon-Cornerstone||CornerstoneMask|Sturdy|SpikyShield,Taunt,FollowMe,IvyCudgel|||F|||50|,,,,,Rock]Chandelure||FocusSash|Infiltrator|TrickRoom,Flamethrower,ShadowBall,Haze|||M|||50|,,,,,Fire]Ursaluna||FlameOrb|Guts|Facade,BrickBreak,Protect,HeadlongRush|||F|||50|,,,,,Fighting\n|showteam|p2|Zacian-Crowned||RustedSword|IntrepidSword|CloseCombat,PlayRough,behemothblade,Protect||||||50|,,,,,Fighting]Kyogre||Leftovers|Drizzle|Protect,OriginPulse,IceBeam,Thunder||||||50|,,,,,Water]Rillaboom||AssaultVest|GrassySurge|GrassyGlide,Uturn,KnockOff,FakeOut|||F|||50|,,,,,Grass]Annihilape||ChoiceScarf|Defiant|FinalGambit,CloseCombat,RageFist,DrainPunch|||M|||50|,,,,,Fighting]Tornadus||CovertCloak|Prankster|RainDance,Tailwind,BleakwindStorm,DarkPulse|||M|||50|,,,,,Flying]Kingdra||ChoiceSpecs|SwiftSwim|DracoMeteor,HydroPump,IceBeam,MuddyWater|||F|||50|,,,,,Water\n|inactive|Battle timer is ON: inactive players will automatically lose when time's up. (requested by enguunpvp)\n|\n|t:|1746017851\n|start\n|switch|p1a: Timmy|Ogerpon-Cornerstone, L50, F|100/100\n|switch|p1b: We are the pub|Calyrex-Ice, L50|100/100\n|switch|p2a: Rillaboom|Rillaboom, L50, F|100/100\n|switch|p2b: Zacian|Zacian-Crowned, L50, shiny|100/100\n|-ability|p1b: We are the pub|As One\n|-ability|p1b: We are the pub|Unnerve\n|-ability|p2b: Zacian|Intrepid Sword|boost\n|-boost|p2b: Zacian|atk|1\n|-fieldstart|move: Grassy Terrain|[from] ability: Grassy Surge|[of] p2a: Rillaboom\n|turn|1\n|\n|t:|1746017871\n|-terastallize|p1b: We are the pub|Water\n|move|p2a: Rillaboom|Fake Out|p1b: We are the pub\n|-damage|p1b: We are the pub|91/100\n|move|p1a: Timmy|Follow Me|p1a: Timmy\n|-singleturn|p1a: Timmy|move: Follow Me\n|move|p2b: Zacian|Behemoth Blade|p1a: Timmy\n|-supereffective|p1a: Timmy\n|-ability|p1a: Timmy|Sturdy\n|-damage|p1a: Timmy|1/100\n|cant|p1b: We are the pub|flinch\n|\n|-heal|p1a: Timmy|7/100|[from] Grassy Terrain\n|-heal|p1b: We are the pub|97/100|[from] Grassy Terrain\n|upkeep\n|turn|2\n|\n|t:|1746017889\n|move|p2b: Zacian|Protect|p2b: Zacian\n|-singleturn|p2b: Zacian|Protect\n|move|p1a: Timmy|Follow Me|p1a: Timmy\n|-singleturn|p1a: Timmy|move: Follow Me\n|move|p2a: Rillaboom|Grassy Glide|p1a: Timmy\n|-damage|p1a: Timmy|0 fnt\n|faint|p1a: Timmy\n|move|p1b: We are the pub|Trick Room|p1b: We are the pub\n|-fieldstart|move: Trick Room|[of] p1b: We are the pub\n|\n|-heal|p1b: We are the pub|100/100|[from] Grassy Terrain\n|upkeep\n|\n|t:|1746017897\n|switch|p1a: Chandelure|Chandelure, L50, M|100/100\n|turn|3\n|\n|t:|1746017906\n|switch|p2b: Kyogre|Kyogre, L50|100/100\n|-weather|RainDance|[from] ability: Drizzle|[of] p2b: Kyogre\n|move|p2a: Rillaboom|Grassy Glide|p1b: We are the pub\n|-supereffective|p1b: We are the pub\n|-damage|p1b: We are the pub|57/100\n|move|p1b: We are the pub|Close Combat|p2b: Kyogre\n|-damage|p2b: Kyogre|51/100\n|-unboost|p1b: We are the pub|def|1\n|-unboost|p1b: We are the pub|spd|1\n|move|p1a: Chandelure|Flamethrower|p2b: Kyogre\n|-resisted|p2b: Kyogre\n|-damage|p2b: Kyogre|42/100\n|\n|-weather|RainDance|[upkeep]\n|-heal|p1b: We are the pub|63/100|[from] Grassy Terrain\n|-heal|p2b: Kyogre|48/100|[from] Grassy Terrain\n|-heal|p2b: Kyogre|54/100|[from] item: Leftovers\n|upkeep\n|turn|4\n|\n|t:|1746017928\n|move|p2a: Rillaboom|Grassy Glide|p1b: We are the pub\n|-supereffective|p1b: We are the pub\n|-damage|p1b: We are the pub|1/100\n|move|p1b: We are the pub|Glacial Lance|p2b: Kyogre|[spread] p2a,p2b\n|-supereffective|p2a: Rillaboom\n|-resisted|p2b: Kyogre\n|-damage|p2a: Rillaboom|0 fnt\n|-damage|p2b: Kyogre|26/100\n|faint|p2a: Rillaboom\n|-ability|p1b: We are the pub|Chilling Neigh|boost\n|-boost|p1b: We are the pub|atk|1\n|move|p1a: Chandelure|Shadow Ball|p2b: Kyogre\n|-damage|p2b: Kyogre|0 fnt\n|faint|p2b: Kyogre\n|\n|-weather|RainDance|[upkeep]\n|-heal|p1b: We are the pub|7/100|[from] Grassy Terrain\n|upkeep\n|\n|t:|1746017943\n|switch|p2b: Annihilape|Annihilape, L50, M|100/100\n|switch|p2a: Zacian|Zacian-Crowned, L50, shiny|100/100\n|turn|5\n|\n|t:|1746017958\n|-terastallize|p2a: Zacian|Fighting\n|move|p1b: We are the pub|Glacial Lance|p2a: Zacian|[spread] p2a,p2b\n|-damage|p2a: Zacian|18/100\n|-damage|p2b: Annihilape|0 fnt\n|faint|p2b: Annihilape\n|-ability|p1b: We are the pub|Chilling Neigh|boost\n|-boost|p1b: We are the pub|atk|1\n|move|p1a: Chandelure|Shadow Ball|p2a: Zacian\n|-damage|p2a: Zacian|0 fnt\n|faint|p2a: Zacian\n|\n|win|G00bermeister69420\n||enguunpvp is ready for game 3.\n|inactive|G00bermeister69420 has 30 seconds to confirm battle start!\n||G00bermeister69420 is ready for game 3.\n|uhtml|next|Next: <a href=\"/battle-gen9vgc2025regibo3-2353911176\"><strong>Game 3 of 3</strong></a>\n|l|\u203denguunpvp\n|player|p2|\n", "uploadtime": 1746018111, "views": 11, "formatid": "gen9vgc2025regibo3", "rating": null, "private": 0, "password": null}