{"id": "gen9vgc2025regibo3-2355072698", "format": "[Gen 9] VGC 2025 Reg I (Bo3)", "players": ["Loxfart", "Ninortt"], "log": "|j|\u2606Loxfart\n|j|\u2606Ninortt\n|html|<table width=\"100%\"><tr><td align=\"left\">Loxfart</td><td align=\"right\">Ninortt</tr><tr><td align=\"left\"><i class=\"fa fa-circle-o\"></i> <i class=\"fa fa-circle-o\"></i> </td><td align=\"right\"><i class=\"fa fa-circle-o\"></i> <i class=\"fa fa-circle-o\"></i> </tr></table>\n|uhtml|bestof|<h2><strong>Game 1</strong> of <a href=\"/game-bestof3-gen9vgc2025regibo3-2355072697\">a best-of-3</a></h2>\n|t:|1746149059\n|gametype|doubles\n|player|p1|Loxfart|1|\n|player|p2|Ninortt|1|\n|teamsize|p1|6\n|teamsize|p2|6\n|gen|9\n|tier|[Gen 9] VGC 2025 Reg I (Bo3)\n|rule|Species Clause: Limit one of each Pok\u00e9mon\n|rule|Item Clause: Limit 1 of each item\n|clearpoke\n|poke|p1|Groudon, L50|\n|poke|p1|Bellossom, L50, M|\n|poke|p1|Indeedee-F, L50, F|\n|poke|p1|Torkoal, L50, M|\n|poke|p1|Koraidon, L50|\n|poke|p1|Venusaur, L50, F|\n|poke|p2|Incineroar, L50, F|\n|poke|p2|Calyrex-Ice, L50|\n|poke|p2|Miraidon, L50|\n|poke|p2|Amoonguss, L50, M|\n|poke|p2|Raging Bolt, L50|\n|poke|p2|Landorus, L50, M|\n|teampreview|4\n|showteam|p1|Groudon||ClearAmulet|Drought|HeatCrash,PrecipiceBlades,RockSlide,HeavySlam||||||50|,,,,,Fire]Bellossom||FocusSash|Chlorophyll|SolarBeam,PollenPuff,HelpingHand,Protect|||M|||50|,,,,,Grass]Indeedee-F||SitrusBerry|OwnTempo|TrickRoom,FollowMe,HelpingHand,HealPulse|||F|||50|,,,,,Psychic]Torkoal||LifeOrb|Drought|Eruption,Protect,TeraBlast,SludgeBomb|||M|||50|,,,,,Water]Koraidon||AssaultVest|OrichalcumPulse|CollisionCourse,Outrage,Crunch,DrainPunch||||||50|,,,,,Dark]Venusaur||Leftovers|Overgrow|Protect,LeechSeed,Toxic,LeafStorm|||F|||50|,,,,,Poison\n|showteam|p2|Incineroar||SitrusBerry|Intimidate|FlareBlitz,FakeOut,KnockOff,PartingShot|||F|||50|,,,,,Ghost]Calyrex-Ice||ClearAmulet|AsOneGlastrier|GlacialLance,HighHorsepower,TrickRoom,Protect||||||50|,,,,,Fairy]Miraidon||ChoiceSpecs|HadronEngine|ElectroDrift,DracoMeteor,VoltSwitch,DazzlingGleam||||||50|,,,,,Fairy]Amoonguss||CovertCloak|Regenerator|Spore,RagePowder,SludgeBomb,Protect|||M|||50|,,,,,Water]Raging Bolt||AssaultVest|Protosynthesis|Thunderclap,DracoMeteor,Thunderbolt,Snarl||||||50|,,,,,Fairy]Landorus||LifeOrb|SheerForce|EarthPower,SludgeBomb,Substitute,Protect|||M|||50|,,,,,Steel\n|\n|t:|1746149114\n|start\n|switch|p1a: Indeedee|Indeedee-F, L50, F|100/100\n|switch|p1b: Torkoal|Torkoal, L50, M|100/100\n|switch|p2a: Incineroar|Incineroar, L50, F|100/100\n|switch|p2b: Calyrex|Calyrex-Ice, L50|100/100\n|-ability|p2b: Calyrex|As One\n|-ability|p2b: Calyrex|Unnerve\n|-ability|p2a: Incineroar|Intimidate|boost\n|-fail|p1a: Indeedee|unboost|Attack|[from] ability: Own Tempo|[of] p1a: Indeedee\n|-unboost|p1b: Torkoal|atk|1\n|-weather|SunnyDay|[from] ability: Drought|[of] p1b: Torkoal\n|turn|1\n|\n|t:|1746149173\n|move|p1b: Torkoal|Protect|p1b: Torkoal\n|-singleturn|p1b: Torkoal|Protect\n|move|p2a: Incineroar|Fake Out|p1b: Torkoal\n|-activate|p1b: Torkoal|move: Protect\n|move|p1a: Indeedee|Trick Room|p1a: Indeedee\n|-fieldstart|move: Trick Room|[of] p1a: Indeedee\n|move|p2b: Calyrex|Trick Room|p2b: Calyrex\n|-fieldend|move: Trick Room\n|\n|-weather|SunnyDay|[upkeep]\n|upkeep\n|turn|2\n|\n|t:|1746149201\n|-terastallize|p1b: Torkoal|Water\n|move|p1a: Indeedee|Helping Hand|p1b: Torkoal\n|-singleturn|p1b: Torkoal|Helping Hand|[of] p1a: Indeedee\n|move|p2a: Incineroar|Parting Shot|p1a: Indeedee\n|-unboost|p1a: Indeedee|atk|1\n|-unboost|p1a: Indeedee|spa|1\n|\n|t:|1746149212\n|switch|p2a: Landorus|Landorus, L50, M|100/100|[from] Parting Shot\n|move|p2b: Calyrex|High Horsepower|p1b: Torkoal\n|-crit|p1b: Torkoal\n|-damage|p1b: Torkoal|51/100\n|move|p1b: Torkoal|Tera Blast|p2a: Landorus|[anim] Tera Blast Water\n|-supereffective|p2a: Landorus\n|-damage|p2a: Landorus|27/100\n|-damage|p1b: Torkoal|42/100|[from] item: Life Orb\n|\n|-weather|SunnyDay|[upkeep]\n|upkeep\n|turn|3\n|\n|t:|1746149243\n|move|p1b: Torkoal|Protect|p1b: Torkoal\n|-singleturn|p1b: Torkoal|Protect\n|move|p2a: Landorus|Earth Power|p1b: Torkoal\n|-activate|p1b: Torkoal|move: Protect\n|move|p2b: Calyrex|High Horsepower|p1b: Torkoal\n|-activate|p1b: Torkoal|move: Protect\n|move|p1a: Indeedee|Trick Room|p1a: Indeedee\n|-fieldstart|move: Trick Room|[of] p1a: Indeedee\n|\n|-weather|SunnyDay|[upkeep]\n|upkeep\n|turn|4\n|\n|t:|1746149269\n|move|p1a: Indeedee|Helping Hand|p1b: Torkoal\n|-singleturn|p1b: Torkoal|Helping Hand|[of] p1a: Indeedee\n|move|p2b: Calyrex|Protect|p2b: Calyrex\n|-singleturn|p2b: Calyrex|Protect\n|move|p2a: Landorus|Protect|p2a: Landorus\n|-singleturn|p2a: Landorus|Protect\n|move|p1b: Torkoal|Eruption|p2a: Landorus|[spread] \n|-activate|p2a: Landorus|move: Protect\n|-activate|p2b: Calyrex|move: Protect\n|\n|-weather|SunnyDay|[upkeep]\n|upkeep\n|turn|5\n|\n|t:|1746149298\n|switch|p2a: Incineroar|Incineroar, L50, F|100/100\n|-ability|p2a: Incineroar|Intimidate|boost\n|-fail|p1a: Indeedee|unboost|Attack|[from] ability: Own Tempo|[of] p1a: Indeedee\n|-unboost|p1b: Torkoal|atk|1\n|-terastallize|p2b: Calyrex|Fairy\n|move|p1a: Indeedee|Helping Hand|p1b: Torkoal\n|-singleturn|p1b: Torkoal|Helping Hand|[of] p1a: Indeedee\n|move|p1b: Torkoal|Eruption|p2b: Calyrex|[spread] p2a,p2b\n|-resisted|p2a: Incineroar\n|-damage|p2a: Incineroar|75/100\n|-damage|p2b: Calyrex|60/100\n|-damage|p1b: Torkoal|32/100|[from] item: Life Orb\n|move|p2b: Calyrex|Glacial Lance|p1a: Indeedee|[spread] p1a,p1b\n|-resisted|p1b: Torkoal\n|-damage|p1a: Indeedee|12/100\n|-damage|p1b: Torkoal|11/100\n|\n|-weather|none\n|upkeep\n|turn|6\n|\n|t:|1746149330\n|move|p2a: Incineroar|Fake Out|p1a: Indeedee\n|-damage|p1a: Indeedee|0 fnt\n|faint|p1a: Indeedee\n|move|p1b: Torkoal|Tera Blast|p2a: Incineroar|[anim] Tera Blast Water\n|-supereffective|p2a: Incineroar\n|-damage|p2a: Incineroar|0 fnt\n|faint|p2a: Incineroar\n|-damage|p1b: Torkoal|1/100|[from] item: Life Orb\n|move|p2b: Calyrex|Glacial Lance|p1b: Torkoal\n|-resisted|p1b: Torkoal\n|-damage|p1b: Torkoal|0 fnt\n|faint|p1b: Torkoal\n|-ability|p2b: Calyrex|Chilling Neigh|boost\n|-boost|p2b: Calyrex|atk|1\n|\n|upkeep\n|\n|t:|1746149345\n|switch|p1b: Bellossom|Bellossom, L50, M|100/100\n|switch|p2a: Raging Bolt|Raging Bolt, L50|100/100\n|switch|p1a: Koraidon|Koraidon, L50|100/100\n|-weather|SunnyDay|[from] ability: Orichalcum Pulse|[of] p1a: Koraidon\n|-activate|p2a: Raging Bolt|ability: Protosynthesis\n|-start|p2a: Raging Bolt|protosynthesisspa\n|-activate|p1a: Koraidon|Orichalcum Pulse|[source]\n|turn|7\n|\n|t:|1746149388\n|move|p1b: Bellossom|Protect|p1b: Bellossom\n|-singleturn|p1b: Bellossom|Protect\n|move|p2b: Calyrex|Glacial Lance|p1a: Koraidon|[spread] p1a\n|-activate|p1b: Bellossom|move: Protect\n|-supereffective|p1a: Koraidon\n|-damage|p1a: Koraidon|0 fnt\n|faint|p1a: Koraidon\n|-ability|p2b: Calyrex|Chilling Neigh|boost\n|-boost|p2b: Calyrex|atk|1\n|move|p2a: Raging Bolt|Draco Meteor|p1b: Bellossom\n|-activate|p1b: Bellossom|move: Protect\n|\n|-weather|SunnyDay|[upkeep]\n|-fieldend|move: Trick Room\n|upkeep\n|turn|8\n|\n|t:|1746149418\n|move|p1b: Bellossom|Solar Beam||[still]\n|-prepare|p1b: Bellossom|Solar Beam\n|-anim|p1b: Bellossom|Solar Beam|p2b: Calyrex\n|-damage|p2b: Calyrex|24/100\n|move|p2a: Raging Bolt|Snarl|p1b: Bellossom\n|-damage|p1b: Bellossom|67/100\n|-unboost|p1b: Bellossom|spa|1\n|move|p2b: Calyrex|Glacial Lance|p1b: Bellossom\n|-supereffective|p1b: Bellossom\n|-damage|p1b: Bellossom|0 fnt\n|faint|p1b: Bellossom\n|\n|win|Ninortt\n|inactive|Loxfart has 30 seconds to confirm battle start!\n|inactive|Ninortt has 30 seconds to confirm battle start!\n|inactive|Loxfart has 20 seconds to confirm battle start!\n|inactive|Ninortt has 20 seconds to confirm battle start!\n|l|\u2606Ninortt\n|player|p2|\n|j|\u2606Ninortt\n|player|p2|Ninortt|1|\n|inactive|Loxfart has 10 seconds to confirm battle start!\n|inactive|Ninortt has 10 seconds to confirm battle start!\n||Loxfart is ready for game 2.\n|uhtml|next|Next: <a href=\"/battle-gen9vgc2025regibo3-2355075927\"><strong>Game 2 of 3</strong></a>\n", "uploadtime": 1746149789, "views": 4, "formatid": "gen9vgc2025regibo3", "rating": null, "private": 0, "password": null}