{"id": "gen9vgc2025regibo3-2354480435", "format": "[Gen 9] VGC 2025 Reg I (Bo3)", "players": ["IamMoiBoi", "M0Rl"], "log": "|j|\u2606IamMoiBoi\n|j|\u2606M0Rl\n|html|<table width=\"100%\"><tr><td align=\"left\">IamMoiBoi</td><td align=\"right\">M0Rl</tr><tr><td align=\"left\"><i class=\"fa fa-circle-o\"></i> <i class=\"fa fa-circle-o\"></i> </td><td align=\"right\"><i class=\"fa fa-circle-o\"></i> <i class=\"fa fa-circle-o\"></i> </tr></table>\n|uhtml|bestof|<h2><strong>Game 1</strong> of <a href=\"/game-bestof3-gen9vgc2025regibo3-2354480434\">a best-of-3</a></h2>\n|t:|1746078633\n|gametype|doubles\n|player|p1|IamMoiBoi|red|\n|player|p2|M0Rl|pokemonrangerf|\n|teamsize|p1|6\n|teamsize|p2|6\n|gen|9\n|tier|[Gen 9] VGC 2025 Reg I (Bo3)\n|rule|Species Clause: Limit one of each Pok\u00e9mon\n|rule|Item Clause: Limit 1 of each item\n|clearpoke\n|poke|p1|Gothitelle, L50, M|\n|poke|p1|Goodra, L50, F|\n|poke|p1|Suicune, L50|\n|poke|p1|Politoed, L50, M|\n|poke|p1|Chandelure, L50, F|\n|poke|p1|Cresselia, L50, F|\n|poke|p2|Lucario, L50, M|\n|poke|p2|Chi-Yu, L50|\n|poke|p2|Iron Hands, L50|\n|poke|p2|Arcanine-Hisui, L50, F|\n|poke|p2|Volcarona, L50, F|\n|poke|p2|Flareon, L50, M|\n|teampreview|4\n|showteam|p1|Gothitelle||MentalHerb|ShadowTag|FakeOut,TrickRoom,HelpingHand,ExpandingForce|||M|||50|,,,,,Psychic]Goodra||AssaultVest|SapSipper|RockSlide,Thunder,Scald,DragonClaw|||F|||50|,,,,,Dragon]Suicune||ChestoBerry|InnerFocus|Rest,CalmMind,IceBeam,Surf||||||50|,,,,,Water]Politoed||FocusSash|Drizzle|ChillingWater,PerishSong,Protect,Surf|||M|||50|,,,,,Water]Chandelure||ChoiceSpecs|FlashFire|Flamethrower,ShadowBall,Overheat,Psychic|||F|||50|,,,,,Ghost]Cresselia||CovertCloak|Levitate|TrickRoom,LunarBlessing,Moonblast,DazzlingGleam|||F|||50|,,,,,Psychic\n|showteam|p2|Lucario||ChoiceScarf|InnerFocus|AuraSphere,BulletPunch,CloseCombat,Earthquake|||M|||50|,,,,,Fire]Chi-Yu||LifeOrb|BeadsofRuin|DarkPulse,LavaPlume,Overheat,Protect||||||50|,,,,,Fire]Iron Hands||BoosterEnergy|QuarkDrive|FakeOut,CloseCombat,DrainPunch,IcePunch||||||50|,,,,,Grass]Arcanine-Hisui||ChoiceBand|Intimidate|ExtremeSpeed,FlameCharge,CloseCombat,PsychicFangs|||F|||50|,,,,,Steel]Volcarona||AbsorbBulb|FlameBody|Tailwind,Flamethrower,QuiverDance,Hurricane|||F|||50|,,,,,Bug]Flareon||FlameOrb|Guts|SunnyDay,FireFang,FlareBlitz,Facade|||M|||50|,,,,,Water\n|\n|t:|1746078671\n|start\n|switch|p1a: Politoed|Politoed, L50, M|100/100\n|switch|p1b: Suicune|Suicune, L50|100/100\n|switch|p2a: Lucario|Lucario, L50, M|100/100\n|switch|p2b: Chi-Yu|Chi-Yu, L50|100/100\n|-ability|p2b: Chi-Yu|Beads of Ruin\n|-weather|RainDance|[from] ability: Drizzle|[of] p1a: Politoed\n|turn|1\n|\n|t:|1746078693\n|switch|p2b: Iron Hands|Iron Hands, L50|100/100\n|-enditem|p2b: Iron Hands|Booster Energy\n|-activate|p2b: Iron Hands|ability: Quark Drive|[fromitem]\n|-start|p2b: Iron Hands|quarkdriveatk\n|switch|p1b: Gothitelle|Gothitelle, L50, M|100/100\n|move|p2a: Lucario|Aura Sphere|p1a: Politoed\n|-damage|p1a: Politoed|61/100\n|move|p1a: Politoed|Perish Song|p1a: Politoed\n|-start|p1a: Politoed|perish3|[silent]\n|-start|p1b: Gothitelle|perish3|[silent]\n|-start|p2a: Lucario|perish3|[silent]\n|-start|p2b: Iron Hands|perish3|[silent]\n|-fieldactivate|move: Perish Song\n|\n|-weather|RainDance|[upkeep]\n|-start|p2a: Lucario|perish3\n|-start|p2b: Iron Hands|perish3\n|-start|p1a: Politoed|perish3\n|-start|p1b: Gothitelle|perish3\n|upkeep\n|turn|2\n|\n|t:|1746078742\n|move|p1a: Politoed|Protect|p1a: Politoed\n|-singleturn|p1a: Politoed|Protect\n|move|p1b: Gothitelle|Fake Out|p2a: Lucario\n|-resisted|p2a: Lucario\n|-damage|p2a: Lucario|96/100\n|move|p2a: Lucario|Aura Sphere|p1a: Politoed\n|-activate|p1a: Politoed|move: Protect\n|move|p2b: Iron Hands|Close Combat|p1b: Gothitelle\n|-resisted|p1b: Gothitelle\n|-damage|p1b: Gothitelle|60/100\n|-unboost|p2b: Iron Hands|def|1\n|-unboost|p2b: Iron Hands|spd|1\n|\n|-weather|RainDance|[upkeep]\n|-start|p2a: Lucario|perish2\n|-start|p2b: Iron Hands|perish2\n|-start|p1a: Politoed|perish2\n|-start|p1b: Gothitelle|perish2\n|upkeep\n|turn|3\n|\n|t:|1746078778\n|move|p1a: Politoed|Protect||[still]\n|-fail|p1a: Politoed\n|move|p2a: Lucario|Aura Sphere|p1b: Gothitelle\n|-resisted|p1b: Gothitelle\n|-damage|p1b: Gothitelle|43/100\n|move|p2b: Iron Hands|Close Combat|p1b: Gothitelle\n|-resisted|p1b: Gothitelle\n|-damage|p1b: Gothitelle|0 fnt\n|-unboost|p2b: Iron Hands|def|1\n|-unboost|p2b: Iron Hands|spd|1\n|faint|p1b: Gothitelle\n|\n|-weather|RainDance|[upkeep]\n|-start|p2a: Lucario|perish1\n|-start|p2b: Iron Hands|perish1\n|-start|p1a: Politoed|perish1\n|upkeep\n|\n|t:|1746078793\n|switch|p1b: Suicune|Suicune, L50|100/100\n|turn|4\n|\n|t:|1746078813\n|switch|p2a: Chi-Yu|Chi-Yu, L50|100/100\n|-ability|p2a: Chi-Yu|Beads of Ruin\n|-end|p2b: Iron Hands|Quark Drive|[silent]\n|switch|p2b: Flareon|Flareon, L50, M|100/100\n|switch|p1a: Chandelure|Chandelure, L50, F|100/100\n|move|p1b: Suicune|Calm Mind|p1b: Suicune\n|-boost|p1b: Suicune|spa|1\n|-boost|p1b: Suicune|spd|1\n|\n|-weather|RainDance|[upkeep]\n|upkeep\n|turn|5\n|\n|t:|1746078859\n|-terastallize|p2b: Flareon|Water\n|move|p2a: Chi-Yu|Dark Pulse|p1a: Chandelure\n|-supereffective|p1a: Chandelure\n|-damage|p1a: Chandelure|0 fnt\n|faint|p1a: Chandelure\n|-damage|p2a: Chi-Yu|90/100|[from] item: Life Orb\n|move|p2b: Flareon|Facade|p1b: Suicune\n|-damage|p1b: Suicune|79/100\n|move|p1b: Suicune|Calm Mind|p1b: Suicune\n|-boost|p1b: Suicune|spa|1\n|-boost|p1b: Suicune|spd|1\n|\n|-weather|none\n|-status|p2b: Flareon|brn|[from] item: Flame Orb\n|upkeep\n|\n|t:|1746078873\n|switch|p1a: Politoed|Politoed, L50, M|61/100\n|-weather|RainDance|[from] ability: Drizzle|[of] p1a: Politoed\n|turn|6\n|\n|t:|1746078887\n|move|p2a: Chi-Yu|Dark Pulse|p1b: Suicune\n|-damage|p1b: Suicune|44/100\n|-damage|p2a: Chi-Yu|80/100|[from] item: Life Orb\n|move|p2b: Flareon|Facade|p1a: Politoed\n|-damage|p1a: Politoed|0 fnt\n|faint|p1a: Politoed\n|move|p1b: Suicune|Surf|p2a: Chi-Yu|[spread] p2a,p2b\n|-supereffective|p2a: Chi-Yu\n|-resisted|p2b: Flareon\n|-damage|p2a: Chi-Yu|0 fnt\n|-damage|p2b: Flareon|26/100 brn\n|faint|p2a: Chi-Yu\n|\n|-weather|RainDance|[upkeep]\n|-damage|p2b: Flareon|20/100 brn|[from] brn\n|upkeep\n|\n|t:|1746078902\n|switch|p2a: Lucario|Lucario, L50, M|96/100\n|turn|7\n|\n|t:|1746078912\n|-terastallize|p1b: Suicune|Water\n|move|p2a: Lucario|Close Combat|p1b: Suicune\n|-damage|p1b: Suicune|13/100\n|-unboost|p2a: Lucario|def|1\n|-unboost|p2a: Lucario|spd|1\n|move|p2b: Flareon|Facade|p1b: Suicune\n|-damage|p1b: Suicune|0 fnt\n|faint|p1b: Suicune\n|\n|win|M0Rl\n||IamMoiBoi is ready for game 2.\n|inactive|M0Rl has 30 seconds to confirm battle start!\n||M0Rl is ready for game 2.\n|uhtml|next|Next: <a href=\"/battle-gen9vgc2025regibo3-2354482034\"><strong>Game 2 of 3</strong></a>\n|l|\u2606M0Rl\n|player|p2|\n", "uploadtime": 1746079263, "views": 8, "formatid": "gen9vgc2025regibo3", "rating": null, "private": 0, "password": null}