{"id": "gen9vgc2025regibo3-2354398348", "format": "[Gen 9] VGC 2025 Reg I (Bo3)", "players": ["woodswims", "AUBrigade"], "log": "|j|\u2606woodswims\n|j|\u2606AUBrigade\n|html|<table width=\"100%\"><tr><td align=\"left\">woodswims</td><td align=\"right\">AUBrigade</tr><tr><td align=\"left\"><i class=\"fa fa-circle-o\"></i> <i class=\"fa fa-circle-o\"></i> </td><td align=\"right\"><i class=\"fa fa-circle-o\"></i> <i class=\"fa fa-circle\"></i> </tr></table>\n|uhtml|bestof|<h2><strong>Game 2</strong> of <a href=\"/game-bestof3-gen9vgc2025regibo3-2354395822\">a best-of-3</a></h2>\n|t:|1746066477\n|gametype|doubles\n|player|p1|woodswims|101|1151\n|player|p2|AUBrigade|102|1184\n|teamsize|p1|6\n|teamsize|p2|6\n|gen|9\n|tier|[Gen 9] VGC 2025 Reg I (Bo3)\n|rated|\n|rule|Species Clause: Limit one of each Pok\u00e9mon\n|rule|Item Clause: Limit 1 of each item\n|clearpoke\n|poke|p1|Miraidon, L50|\n|poke|p1|Ho-Oh, L50|\n|poke|p1|Whimsicott, L50, F|\n|poke|p1|Iron Hands, L50|\n|poke|p1|Chien-Pao, L50|\n|poke|p1|Farigiraf, L50, M|\n|poke|p2|Koraidon, L50|\n|poke|p2|Ho-Oh, L50|\n|poke|p2|Flutter Mane, L50|\n|poke|p2|Incineroar, L50, F|\n|poke|p2|Rillaboom, L50, M|\n|poke|p2|Toxapex, L50, M|\n|teampreview|4\n|showteam|p1|Miraidon||ChoiceSpecs|HadronEngine|VoltSwitch,ElectroDrift,DazzlingGleam,DracoMeteor||||||50|,,,,,Fairy]Ho-Oh||ClearAmulet|Regenerator|SacredFire,BraveBird,Tailwind,Protect||||||50|,,,,,Steel]Whimsicott||CovertCloak|Prankster|Moonblast,SunnyDay,Tailwind,Encore|||F|||50|,,,,,Dark]Iron Hands||AssaultVest|QuarkDrive|DrainPunch,WildCharge,FakeOut,LowKick||||||50|,,,,,Water]Chien-Pao||FocusSash|SwordofRuin|IcicleCrash,SuckerPunch,LashOut,Protect||||||50|,,,,,Ghost]Farigiraf||ElectricSeed|ArmorTail|FoulPlay,HelpingHand,TrickRoom,PsychicNoise|||M|||50|,,,,,Fairy\n|showteam|p2|Koraidon||LoadedDice|OrichalcumPulse|ScaleShot,CollisionCourse,FlareBlitz,Protect||||||50|,,,,,Fire]Ho-Oh||ClearAmulet|Regenerator|SacredFire,BraveBird,Tailwind,Protect||||||50|,,,,,Grass]Flutter Mane||FocusSash|Protosynthesis|Moonblast,IcyWind,DazzlingGleam,Protect||||||50|,,,,,Fairy]Incineroar||SafetyGoggles|Intimidate|PartingShot,FakeOut,KnockOff,Taunt|||F|||50|,,,,,Bug]Rillaboom||AssaultVest|GrassySurge|Uturn,FakeOut,GrassyGlide,WoodHammer|||M|||50|,,,,,Fire]Toxapex||Leftovers|Regenerator|Infestation,BanefulBunker,ToxicSpikes,WideGuard|||M|||50|,,,,,Grass\n|inactive|Battle timer is ON: inactive players will automatically lose when time's up. (requested by AUBrigade)\n|\n|t:|1746066519\n|start\n|switch|p1a: Miraidon|Miraidon, L50|100/100\n|switch|p1b: Farigiraf|Farigiraf, L50, M|100/100\n|switch|p2a: Rillaboom|Rillaboom, L50, M|100/100\n|switch|p2b: Flutter Mane|Flutter Mane, L50, shiny|100/100\n|-fieldstart|move: Electric Terrain|[from] ability: Hadron Engine|[of] p1a: Miraidon\n|-enditem|p1b: Farigiraf|Electric Seed\n|-boost|p1b: Farigiraf|def|1|[from] item: Electric Seed\n|-fieldstart|move: Grassy Terrain|[from] ability: Grassy Surge|[of] p2a: Rillaboom\n|turn|1\n|inactive|AUBrigade has 30 seconds left.\n|\n|t:|1746066545\n|-terastallize|p1b: Farigiraf|Fairy\n|move|p2b: Flutter Mane|Moonblast|p1a: Miraidon\n|-supereffective|p1a: Miraidon\n|-damage|p1a: Miraidon|11/100\n|move|p1a: Miraidon|Volt Switch|p2b: Flutter Mane\n|-damage|p2b: Flutter Mane|40/100\n|\n|t:|1746066561\n|switch|p1a: Iron Hands|Iron Hands, L50|100/100|[from] Volt Switch\n|move|p2a: Rillaboom|U-turn|p1a: Iron Hands\n|-resisted|p1a: Iron Hands\n|-damage|p1a: Iron Hands|93/100\n|\n|t:|1746066567\n|switch|p2a: Incineroar|Incineroar, L50, F|100/100|[from] U-turn\n|-ability|p2a: Incineroar|Intimidate|boost\n|-unboost|p1a: Iron Hands|atk|1\n|-unboost|p1b: Farigiraf|atk|1\n|move|p1b: Farigiraf|Trick Room|p1b: Farigiraf\n|-fieldstart|move: Trick Room|[of] p1b: Farigiraf\n|\n|-heal|p1a: Iron Hands|99/100|[from] Grassy Terrain\n|-heal|p2b: Flutter Mane|47/100|[from] Grassy Terrain\n|upkeep\n|turn|2\n|inactive|woodswims has 30 seconds left.\n|inactive|woodswims has 20 seconds left.\n|inactive|woodswims has 15 seconds left.\n|inactive|AUBrigade has 30 seconds left.\n|\n|t:|1746066608\n|switch|p2a: Rillaboom|Rillaboom, L50, M|100/100\n|switch|p1b: Ho-Oh|Ho-Oh, L50|100/100\n|move|p1a: Iron Hands|Low Kick|p2a: Rillaboom\n|-damage|p2a: Rillaboom|74/100\n|move|p2b: Flutter Mane|Moonblast|p1a: Iron Hands\n|-supereffective|p1a: Iron Hands\n|-damage|p1a: Iron Hands|48/100\n|-unboost|p1a: Iron Hands|spa|1\n|\n|-heal|p1a: Iron Hands|54/100|[from] Grassy Terrain\n|-heal|p2a: Rillaboom|80/100|[from] Grassy Terrain\n|-heal|p2b: Flutter Mane|53/100|[from] Grassy Terrain\n|upkeep\n|turn|3\n|inactive|woodswims has 30 seconds left.\n|inactive|AUBrigade has 30 seconds left.\n|\n|t:|1746066636\n|-end|p2b: Flutter Mane|Protosynthesis|[silent]\n|switch|p2b: Incineroar|Incineroar, L50, F|100/100\n|-ability|p2b: Incineroar|Intimidate|boost\n|-unboost|p1a: Iron Hands|atk|1\n|-fail|p1b: Ho-Oh|unboost|[from] item: Clear Amulet|[of] p1b: Ho-Oh\n|move|p1a: Iron Hands|Drain Punch|p2a: Rillaboom\n|-damage|p2a: Rillaboom|62/100\n|-heal|p1a: Iron Hands|62/100|[from] drain|[of] p2a: Rillaboom\n|move|p2a: Rillaboom|U-turn|p1a: Iron Hands\n|-resisted|p1a: Iron Hands\n|-damage|p1a: Iron Hands|55/100\n|\n|t:|1746066648\n|switch|p2a: Flutter Mane|Flutter Mane, L50, shiny|53/100|[from] U-turn\n|move|p1b: Ho-Oh|Sacred Fire|p2b: Incineroar\n|-resisted|p2b: Incineroar\n|-damage|p2b: Incineroar|85/100\n|\n|-heal|p1a: Iron Hands|61/100|[from] Grassy Terrain\n|-heal|p2b: Incineroar|91/100|[from] Grassy Terrain\n|-heal|p2a: Flutter Mane|59/100|[from] Grassy Terrain\n|upkeep\n|turn|4\n|\n|t:|1746066670\n|-end|p1a: Iron Hands|Quark Drive|[silent]\n|switch|p1a: Farigiraf|Farigiraf, L50, M, tera:Fairy|100/100\n|move|p2b: Incineroar|Knock Off|p1b: Ho-Oh\n|-damage|p1b: Ho-Oh|70/100\n|-enditem|p1b: Ho-Oh|Clear Amulet|[from] move: Knock Off|[of] p2b: Incineroar\n|move|p1b: Ho-Oh|Brave Bird|p2b: Incineroar\n|-damage|p2b: Incineroar|48/100\n|-damage|p1b: Ho-Oh|56/100|[from] Recoil\n|move|p2a: Flutter Mane|Moonblast|p1a: Farigiraf\n|-damage|p1a: Farigiraf|55/100\n|\n|-heal|p2b: Incineroar|54/100|[from] Grassy Terrain\n|-heal|p1a: Farigiraf|61/100|[from] Grassy Terrain\n|-heal|p2a: Flutter Mane|65/100|[from] Grassy Terrain\n|upkeep\n|turn|5\n|inactive|woodswims has 30 seconds left.\n|inactive|AUBrigade has 30 seconds left.\n|inactive|woodswims has 20 seconds left.\n|inactive|AUBrigade has 20 seconds left.\n|inactive|woodswims has 15 seconds left.\n|\n|t:|1746066714\n|move|p2a: Flutter Mane|Protect|p2a: Flutter Mane\n|-singleturn|p2a: Flutter Mane|Protect\n|move|p2b: Incineroar|Taunt|p1b: Ho-Oh\n|-start|p1b: Ho-Oh|move: Taunt\n|move|p1a: Farigiraf|Foul Play|p2b: Incineroar\n|-resisted|p2b: Incineroar\n|-damage|p2b: Incineroar|46/100\n|cant|p1b: Ho-Oh|move: Taunt|Tailwind\n|\n|-heal|p2b: Incineroar|52/100|[from] Grassy Terrain\n|-heal|p1a: Farigiraf|68/100|[from] Grassy Terrain\n|-heal|p2a: Flutter Mane|71/100|[from] Grassy Terrain\n|-fieldend|move: Trick Room\n|-fieldend|move: Grassy Terrain\n|upkeep\n|turn|6\n|inactive|woodswims has 30 seconds left.\n|inactive|AUBrigade has 30 seconds left.\n|\n|t:|1746066747\n|move|p2a: Flutter Mane|Moonblast|p1a: Farigiraf\n|-damage|p1a: Farigiraf|20/100\n|move|p1b: Ho-Oh|Sacred Fire|p2a: Flutter Mane\n|-damage|p2a: Flutter Mane|0 fnt\n|faint|p2a: Flutter Mane\n|-end|p2a: Flutter Mane|Protosynthesis|[silent]\n|move|p1a: Farigiraf|Foul Play|p2b: Incineroar\n|-resisted|p2b: Incineroar\n|-damage|p2b: Incineroar|44/100\n|move|p2b: Incineroar|Taunt|p1a: Farigiraf\n|-start|p1a: Farigiraf|move: Taunt\n|\n|upkeep\n|\n|t:|1746066759\n|switch|p2a: Koraidon|Koraidon, L50|100/100\n|-weather|SunnyDay|[from] ability: Orichalcum Pulse|[of] p2a: Koraidon\n|-activate|p2a: Koraidon|Orichalcum Pulse|[source]\n|turn|7\n|inactive|woodswims has 30 seconds left.\n|inactive|AUBrigade has 30 seconds left.\n|\n|t:|1746066794\n|-terastallize|p2a: Koraidon|Fire\n|move|p2a: Koraidon|Flare Blitz|p1b: Ho-Oh\n|-resisted|p1b: Ho-Oh\n|-damage|p1b: Ho-Oh|7/100\n|-damage|p2a: Koraidon|82/100|[from] Recoil\n|move|p1b: Ho-Oh|Brave Bird|p2a: Koraidon\n|-damage|p2a: Koraidon|32/100\n|-damage|p1b: Ho-Oh|0 fnt|[from] Recoil\n|faint|p1b: Ho-Oh\n|move|p1a: Farigiraf|Psychic Noise|p2a: Koraidon\n|-damage|p2a: Koraidon|5/100\n|-start|p2a: Koraidon|move: Heal Block\n|move|p2b: Incineroar|Parting Shot|p1a: Farigiraf\n|-unboost|p1a: Farigiraf|atk|1\n|-unboost|p1a: Farigiraf|spa|1\n|\n|t:|1746066810\n|switch|p2b: Rillaboom|Rillaboom, L50, M|62/100|[from] Parting Shot\n|-fieldstart|move: Grassy Terrain|[from] ability: Grassy Surge|[of] p2b: Rillaboom\n|\n|-weather|SunnyDay|[upkeep]\n|-heal|p2b: Rillaboom|68/100|[from] Grassy Terrain\n|-heal|p1a: Farigiraf|27/100|[from] Grassy Terrain\n|upkeep\n|\n|t:|1746066827\n|switch|p1b: Miraidon|Miraidon, L50|11/100\n|-fieldstart|move: Electric Terrain|[from] ability: Hadron Engine|[of] p1b: Miraidon\n|turn|8\n|inactive|woodswims has 30 seconds left.\n|inactive|woodswims has 20 seconds left.\n|\n|t:|1746066864\n|switch|p2b: Incineroar|Incineroar, L50, F|44/100\n|-ability|p2b: Incineroar|Intimidate|boost\n|-unboost|p1a: Farigiraf|atk|1\n|-unboost|p1b: Miraidon|atk|1\n|move|p2a: Koraidon|Protect|p2a: Koraidon\n|-singleturn|p2a: Koraidon|Protect\n|move|p1b: Miraidon|Draco Meteor|p2b: Incineroar\n|-damage|p2b: Incineroar|0 fnt\n|-unboost|p1b: Miraidon|spa|2\n|faint|p2b: Incineroar\n|move|p1a: Farigiraf|Psychic Noise|p2a: Koraidon\n|-activate|p2a: Koraidon|move: Protect\n|\n|-weather|SunnyDay|[upkeep]\n|-end|p2a: Koraidon|move: Heal Block\n|upkeep\n|\n|t:|1746066879\n|switch|p2b: Rillaboom|Rillaboom, L50, M|68/100\n|-fieldstart|move: Grassy Terrain|[from] ability: Grassy Surge|[of] p2b: Rillaboom\n|turn|9\n|inactive|woodswims has 30 seconds left.\n|inactive|woodswims has 20 seconds left.\n|inactive|woodswims has 15 seconds left.\n|inactive|woodswims has 10 seconds left.\n|\n|t:|1746066929\n|move|p1b: Miraidon|Draco Meteor|p2a: Koraidon\n|-damage|p2a: Koraidon|0 fnt\n|-unboost|p1b: Miraidon|spa|2\n|faint|p2a: Koraidon\n|move|p2b: Rillaboom|Wood Hammer|p1b: Miraidon\n|-resisted|p1b: Miraidon\n|-damage|p1b: Miraidon|0 fnt\n|faint|p1b: Miraidon\n|-damage|p2b: Rillaboom|65/100|[from] Recoil\n|move|p1a: Farigiraf|Psychic Noise|p2b: Rillaboom\n|-damage|p2b: Rillaboom|53/100\n|-start|p2b: Rillaboom|move: Heal Block\n|\n|-weather|SunnyDay|[upkeep]\n|-heal|p1a: Farigiraf|33/100|[from] Grassy Terrain\n|-end|p1a: Farigiraf|move: Taunt\n|upkeep\n|\n|t:|1746066941\n|switch|p1b: Iron Hands|Iron Hands, L50|61/100\n|turn|10\n|\n|t:|1746066953\n|move|p1b: Iron Hands|Fake Out|p2b: Rillaboom\n|-damage|p2b: Rillaboom|40/100\n|cant|p2b: Rillaboom|flinch\n|move|p1a: Farigiraf|Trick Room|p1a: Farigiraf\n|-fieldstart|move: Trick Room|[of] p1a: Farigiraf\n|\n|-weather|SunnyDay|[upkeep]\n|-heal|p1b: Iron Hands|67/100|[from] Grassy Terrain\n|-heal|p1a: Farigiraf|39/100|[from] Grassy Terrain\n|-end|p2b: Rillaboom|move: Heal Block\n|upkeep\n|turn|11\n|\n|t:|1746066964\n|move|p1b: Iron Hands|Low Kick|p2b: Rillaboom\n|-damage|p2b: Rillaboom|0 fnt\n|faint|p2b: Rillaboom\n|\n|win|woodswims\n||AUBrigade is ready for game 3.\n||woodswims is ready for game 3.\n|uhtml|next|Next: <a href=\"/battle-gen9vgc2025regibo3-2354402292\"><strong>Game 3 of 3</strong></a>\n|l|\u2606AUBrigade\n|player|p2|\n|l|\u2606woodswims\n|player|p1|\n|j|\u2606woodswims\n|player|p1|woodswims|101|\n", "uploadtime": 1746067629, "views": 11, "formatid": "gen9vgc2025regibo3", "rating": null, "private": 0, "password": null}