{"id": "gen9vgc2025regibo3-2353542139", "format": "[Gen 9] VGC 2025 Reg I (Bo3)", "players": ["canadadryafk", "Impishtink"], "log": "|j|\u2606canadadryafk\n|j|\u2606Impishtink\n|html|<table width=\"100%\"><tr><td align=\"left\">canadadryafk</td><td align=\"right\">Impishtink</tr><tr><td align=\"left\"><i class=\"fa fa-circle\"></i> <i class=\"fa fa-circle-o\"></i> </td><td align=\"right\"><i class=\"fa fa-circle-o\"></i> <i class=\"fa fa-circle\"></i> </tr></table>\n|uhtml|bestof|<h2><strong>Game 3</strong> of <a href=\"/game-bestof3-gen9vgc2025regibo3-2353536516\">a best-of-3</a></h2>\n|t:|1745966315\n|gametype|doubles\n|player|p1|canadadryafk|170|1081\n|player|p2|Impishtink|ruinmaniac|1157\n|teamsize|p1|6\n|teamsize|p2|6\n|gen|9\n|tier|[Gen 9] VGC 2025 Reg I (Bo3)\n|rated|\n|rule|Species Clause: Limit one of each Pok\u00e9mon\n|rule|Item Clause: Limit 1 of each item\n|clearpoke\n|poke|p1|Incineroar, L50, M|\n|poke|p1|Zacian-*, L50|\n|poke|p1|Farigiraf, L50, F|\n|poke|p1|Iron Bundle, L50|\n|poke|p1|Miraidon, L50|\n|poke|p1|Ursaluna, L50, F|\n|poke|p2|Zamazenta-*, L50|\n|poke|p2|Calyrex-Shadow, L50|\n|poke|p2|Incineroar, L50, M|\n|poke|p2|Rillaboom, L50, M|\n|poke|p2|Urshifu-*, L50, M|\n|poke|p2|Ogerpon-Cornerstone, L50, F|\n|teampreview|4\n|showteam|p1|Incineroar||AssaultVest|Intimidate|FlareBlitz,KnockOff,FakeOut,Uturn|||M|||50|,,,,,Ghost]Zacian-Crowned||RustedSword|IntrepidSword|Protect,behemothblade,PlayRough,SacredSword||||||50|,,,,,Dragon]Farigiraf||ElectricSeed|ArmorTail|PsychicNoise,FoulPlay,HelpingHand,TrickRoom|||F|||50|,,,,,Water]Iron Bundle||FocusSash|QuarkDrive|FreezeDry,IcyWind,Encore,Protect||||||50|,,,,,Ghost]Miraidon||ChoiceSpecs|HadronEngine|ElectroDrift,DracoMeteor,VoltSwitch,DazzlingGleam||||||50|,,,,,Fairy]Ursaluna||FlameOrb|Guts|Facade,HeadlongRush,Substitute,Protect|||F|||50|,,,,,Poison\n|showteam|p2|Zamazenta-Crowned||RustedShield|DauntlessShield|BodyPress,HeavySlam,WideGuard,Protect||||||50|,,,,,Dragon]Calyrex-Shadow||LifeOrb|AsOneSpectrier|AstralBarrage,Psychic,NastyPlot,Protect||||||50|,,,,,Dark]Incineroar||RockyHelmet|Intimidate|FlareBlitz,KnockOff,FakeOut,PartingShot|||M|||50|,,,,,Bug]Rillaboom||AssaultVest|GrassySurge|DrumBeating,FakeOut,GrassyGlide,Uturn|||M|||50|,,,,,Fire]Urshifu-Rapid-Strike||ChoiceScarf|UnseenFist|SurgingStrikes,CloseCombat,Uturn,Coaching|||M|||50|,,,,,Stellar]Ogerpon-Cornerstone||CornerstoneMask|Sturdy|IvyCudgel,PowerWhip,FollowMe,SpikyShield|||F|||50|,,,,,Rock\n|inactive|Battle timer is ON: inactive players will automatically lose when time's up. (requested by canadadryafk)\n|inactive|canadadryafk has 60 seconds left.\n|inactive|Impishtink has 60 seconds left.\n|inactive|Impishtink has 30 seconds left.\n|inactive|Impishtink has 20 seconds left.\n|inactive|Impishtink has 15 seconds left.\n|\n|t:|1745966392\n|start\n|switch|p1a: Farigiraf|Farigiraf, L50, F|100/100\n|switch|p1b: Miraidon|Miraidon, L50|100/100\n|switch|p2a: Rillaboom|Rillaboom, L50, M|100/100\n|switch|p2b: Calyrex|Calyrex-Shadow, L50|100/100\n|-ability|p2b: Calyrex|As One\n|-ability|p2b: Calyrex|Unnerve\n|-fieldstart|move: Electric Terrain|[from] ability: Hadron Engine|[of] p1b: Miraidon\n|-enditem|p1a: Farigiraf|Electric Seed\n|-boost|p1a: Farigiraf|def|1|[from] item: Electric Seed\n|-fieldstart|move: Grassy Terrain|[from] ability: Grassy Surge|[of] p2a: Rillaboom\n|turn|1\n|inactive|canadadryafk has 30 seconds left.\n|\n|t:|1745966422\n|move|p2b: Calyrex|Protect|p2b: Calyrex\n|-singleturn|p2b: Calyrex|Protect\n|move|p1b: Miraidon|Volt Switch|p2b: Calyrex\n|-activate|p2b: Calyrex|move: Protect\n|move|p2a: Rillaboom|Drum Beating|p1b: Miraidon\n|-resisted|p1b: Miraidon\n|-damage|p1b: Miraidon|73/100\n|-unboost|p1b: Miraidon|spe|1\n|move|p1a: Farigiraf|Foul Play|p2a: Rillaboom\n|-damage|p2a: Rillaboom|69/100\n|\n|-heal|p1b: Miraidon|79/100|[from] Grassy Terrain\n|-heal|p2a: Rillaboom|75/100|[from] Grassy Terrain\n|upkeep\n|turn|2\n|\n|t:|1745966438\n|-terastallize|p2b: Calyrex|Dark\n|move|p1a: Farigiraf|Helping Hand|p1b: Miraidon\n|-singleturn|p1b: Miraidon|Helping Hand|[of] p1a: Farigiraf\n|move|p2b: Calyrex|Psychic|p1b: Miraidon\n|-damage|p1b: Miraidon|14/100\n|-damage|p2b: Calyrex|91/100|[from] item: Life Orb\n|move|p1b: Miraidon|Volt Switch|p2b: Calyrex\n|-damage|p2b: Calyrex|12/100\n|\n|t:|1745966451\n|switch|p1b: Incineroar|Incineroar, L50, M|100/100|[from] Volt Switch\n|-ability|p1b: Incineroar|Intimidate|boost\n|-unboost|p2a: Rillaboom|atk|1\n|-unboost|p2b: Calyrex|atk|1\n|move|p2a: Rillaboom|Drum Beating|p1b: Incineroar\n|-resisted|p1b: Incineroar\n|-damage|p1b: Incineroar|86/100\n|-unboost|p1b: Incineroar|spe|1\n|\n|-heal|p2b: Calyrex|18/100|[from] Grassy Terrain\n|-heal|p2a: Rillaboom|81/100|[from] Grassy Terrain\n|-heal|p1b: Incineroar|92/100|[from] Grassy Terrain\n|upkeep\n|turn|3\n|\n|t:|1745966473\n|switch|p2b: Incineroar|Incineroar, L50, M|100/100\n|-ability|p2b: Incineroar|Intimidate|boost\n|-unboost|p1a: Farigiraf|atk|1\n|-unboost|p1b: Incineroar|atk|1\n|move|p2a: Rillaboom|U-turn|p1a: Farigiraf\n|-supereffective|p1a: Farigiraf\n|-damage|p1a: Farigiraf|82/100\n|\n|t:|1745966486\n|switch|p2a: Ogerpon|Ogerpon-Cornerstone, L50, F|100/100|[from] U-turn\n|move|p1b: Incineroar|U-turn|p2a: Ogerpon\n|-supereffective|p2a: Ogerpon\n|-damage|p2a: Ogerpon|69/100\n|\n|t:|1745966493\n|switch|p1b: Zacian|Zacian-Crowned, L50|100/100|[from] U-turn\n|-ability|p1b: Zacian|Intrepid Sword|boost\n|-boost|p1b: Zacian|atk|1\n|move|p1a: Farigiraf|Trick Room|p1a: Farigiraf\n|-fieldstart|move: Trick Room|[of] p1a: Farigiraf\n|\n|-heal|p1a: Farigiraf|88/100|[from] Grassy Terrain\n|-heal|p2a: Ogerpon|75/100|[from] Grassy Terrain\n|upkeep\n|turn|4\n|inactive|canadadryafk has 30 seconds left.\n|inactive|Impishtink has 30 seconds left.\n|\n|t:|1745966521\n|-terastallize|p1b: Zacian|Dragon\n|move|p2b: Incineroar|Flare Blitz|p1b: Zacian\n|-resisted|p1b: Zacian\n|-damage|p1b: Zacian|78/100\n|-damage|p2b: Incineroar|94/100|[from] Recoil\n|move|p1a: Farigiraf|Psychic Noise|p2a: Ogerpon\n|-damage|p2a: Ogerpon|42/100\n|-start|p2a: Ogerpon|move: Heal Block\n|move|p2a: Ogerpon|Ivy Cudgel|p1b: Zacian|[anim] Ivy Cudgel Rock\n|-damage|p1b: Zacian|25/100\n|move|p1b: Zacian|Sacred Sword|p2b: Incineroar\n|-supereffective|p2b: Incineroar\n|-damage|p2b: Incineroar|9/100\n|-damage|p1b: Zacian|8/100|[from] item: Rocky Helmet|[of] p2b: Incineroar\n|\n|-heal|p1a: Farigiraf|94/100|[from] Grassy Terrain\n|-heal|p2b: Incineroar|15/100|[from] Grassy Terrain\n|-heal|p1b: Zacian|14/100|[from] Grassy Terrain\n|upkeep\n|turn|5\n|inactive|Impishtink has 30 seconds left.\n|\n|t:|1745966551\n|switch|p1b: Incineroar|Incineroar, L50, M|92/100\n|-ability|p1b: Incineroar|Intimidate|boost\n|-unboost|p2a: Ogerpon|atk|1\n|-unboost|p2b: Incineroar|atk|1\n|move|p2b: Incineroar|Knock Off|p1a: Farigiraf\n|-supereffective|p1a: Farigiraf\n|-damage|p1a: Farigiraf|75/100\n|move|p1a: Farigiraf|Psychic Noise|p2a: Ogerpon\n|-damage|p2a: Ogerpon|12/100\n|move|p2a: Ogerpon|Ivy Cudgel|p1b: Incineroar|[anim] Ivy Cudgel Rock\n|-supereffective|p1b: Incineroar\n|-damage|p1b: Incineroar|34/100\n|\n|-heal|p2b: Incineroar|21/100|[from] Grassy Terrain\n|-heal|p1a: Farigiraf|82/100|[from] Grassy Terrain\n|-heal|p1b: Incineroar|40/100|[from] Grassy Terrain\n|-end|p2a: Ogerpon|move: Heal Block\n|-fieldend|move: Grassy Terrain\n|upkeep\n|turn|6\n|inactive|canadadryafk has 30 seconds left.\n|\n|t:|1745966582\n|switch|p2b: Rillaboom|Rillaboom, L50, M|81/100\n|-fieldstart|move: Grassy Terrain|[from] ability: Grassy Surge|[of] p2b: Rillaboom\n|move|p2a: Ogerpon|Spiky Shield|p2a: Ogerpon\n|-singleturn|p2a: Ogerpon|move: Protect\n|move|p1a: Farigiraf|Psychic Noise|p2a: Ogerpon\n|-activate|p2a: Ogerpon|move: Protect\n|move|p1b: Incineroar|U-turn|p2b: Rillaboom\n|-supereffective|p2b: Rillaboom\n|-damage|p2b: Rillaboom|44/100\n|\n|t:|1745966594\n|switch|p1b: Zacian|Zacian-Crowned, L50, tera:Dragon|14/100|[from] U-turn\n|\n|-heal|p1a: Farigiraf|88/100|[from] Grassy Terrain\n|-heal|p2b: Rillaboom|50/100|[from] Grassy Terrain\n|-heal|p2a: Ogerpon|18/100|[from] Grassy Terrain\n|-heal|p1b: Zacian|20/100|[from] Grassy Terrain\n|upkeep\n|turn|7\n|\n|t:|1745966615\n|switch|p2b: Calyrex|Calyrex-Shadow, L50, tera:Dark|18/100\n|-ability|p2b: Calyrex|As One\n|-ability|p2b: Calyrex|Unnerve\n|move|p1b: Zacian|Protect|p1b: Zacian\n|-singleturn|p1b: Zacian|Protect\n|move|p1a: Farigiraf|Psychic Noise|p2a: Ogerpon\n|-damage|p2a: Ogerpon|0 fnt\n|faint|p2a: Ogerpon\n|\n|-heal|p1a: Farigiraf|94/100|[from] Grassy Terrain\n|-heal|p1b: Zacian|26/100|[from] Grassy Terrain\n|-heal|p2b: Calyrex|25/100|[from] Grassy Terrain\n|-fieldend|move: Trick Room\n|upkeep\n|\n|t:|1745966630\n|switch|p2a: Rillaboom|Rillaboom, L50, M|50/100\n|turn|8\n|inactive|canadadryafk has 30 seconds left.\n|\n|t:|1745966660\n|switch|p1b: Incineroar|Incineroar, L50, M|40/100\n|-ability|p1b: Incineroar|Intimidate|boost\n|-unboost|p2a: Rillaboom|atk|1\n|-unboost|p2b: Calyrex|atk|1\n|move|p2b: Calyrex|Nasty Plot|p2b: Calyrex\n|-boost|p2b: Calyrex|spa|2\n|move|p2a: Rillaboom|U-turn|p1a: Farigiraf\n|-supereffective|p1a: Farigiraf\n|-damage|p1a: Farigiraf|76/100\n|\n|t:|1745966666\n|switch|p2a: Incineroar|Incineroar, L50, M|21/100|[from] U-turn\n|-ability|p2a: Incineroar|Intimidate|boost\n|-unboost|p1a: Farigiraf|atk|1\n|-unboost|p1b: Incineroar|atk|1\n|move|p1a: Farigiraf|Trick Room|p1a: Farigiraf\n|-fieldstart|move: Trick Room|[of] p1a: Farigiraf\n|\n|-heal|p1a: Farigiraf|83/100|[from] Grassy Terrain\n|-heal|p2a: Incineroar|27/100|[from] Grassy Terrain\n|-heal|p1b: Incineroar|46/100|[from] Grassy Terrain\n|-heal|p2b: Calyrex|31/100|[from] Grassy Terrain\n|upkeep\n|turn|9\n|\n|t:|1745966687\n|move|p2b: Calyrex|Protect|p2b: Calyrex\n|-singleturn|p2b: Calyrex|Protect\n|move|p2a: Incineroar|Parting Shot|p1b: Incineroar\n|-unboost|p1b: Incineroar|atk|1\n|-unboost|p1b: Incineroar|spa|1\n|\n|t:|1745966695\n|switch|p2a: Rillaboom|Rillaboom, L50, M|50/100|[from] Parting Shot\n|move|p1a: Farigiraf|Foul Play|p2a: Rillaboom\n|-damage|p2a: Rillaboom|21/100\n|move|p1b: Incineroar|U-turn|p2a: Rillaboom\n|-supereffective|p2a: Rillaboom\n|-damage|p2a: Rillaboom|4/100\n|\n|t:|1745966702\n|switch|p1b: Miraidon|Miraidon, L50|14/100|[from] U-turn\n|-fieldstart|move: Electric Terrain|[from] ability: Hadron Engine|[of] p1b: Miraidon\n|\n|upkeep\n|turn|10\n|c|\u2606Impishtink|Damn so unnecessary\n|inactive|Impishtink has 30 seconds left.\n|inactive|Impishtink has 20 seconds left.\n|inactive|Impishtink has 15 seconds left.\n|inactive|Impishtink has 10 seconds left.\n|inactive|Impishtink has 5 seconds left.\n|l|\u2606Impishtink\n|inactive|Impishtink disconnected and has a minute to reconnect!\n|player|p2|\n|-message|Impishtink lost due to inactivity.\n|\n|win|canadadryafk\n|raw|canadadryafk's rating: 1081 &rarr; <strong>1115</strong><br />(+34 for winning)\n|raw|Impishtink's rating: 1157 &rarr; <strong>1127</strong><br />(-30 for losing)\n", "uploadtime": 1745966761, "views": 6, "formatid": "gen9vgc2025regibo3", "rating": 1115, "private": 0, "password": null}