{"id": "gen9vgc2025regibo3-2354455864", "format": "[Gen 9] VGC 2025 Reg I (Bo3)", "players": ["deadenne", "Mona Aster"], "log": "|j|\u2606deadenne\n|j|\u2606Mona Aster\n|html|<table width=\"100%\"><tr><td align=\"left\">deadenne</td><td align=\"right\">Mona Aster</tr><tr><td align=\"left\"><i class=\"fa fa-circle-o\"></i> <i class=\"fa fa-circle-o\"></i> </td><td align=\"right\"><i class=\"fa fa-circle-o\"></i> <i class=\"fa fa-circle-o\"></i> </tr></table>\n|uhtml|bestof|<h2><strong>Game 1</strong> of <a href=\"/game-bestof3-gen9vgc2025regibo3-2354455863\">a best-of-3</a></h2>\n|t:|1746074282\n|gametype|doubles\n|player|p1|deadenne|ghetsis-gen5bw|1071\n|player|p2|Mona Aster|265|1168\n|teamsize|p1|6\n|teamsize|p2|6\n|gen|9\n|tier|[Gen 9] VGC 2025 Reg I (Bo3)\n|rated|\n|rule|Species Clause: Limit one of each Pok\u00e9mon\n|rule|Item Clause: Limit 1 of each item\n|clearpoke\n|poke|p1|Whimsicott, L50, F|\n|poke|p1|Hitmontop, L50, M|\n|poke|p1|Calyrex-Shadow, L50|\n|poke|p1|Hydreigon, L50, M|\n|poke|p1|Zacian-*, L50|\n|poke|p1|Indeedee-F, L50, F|\n|poke|p2|Lunala, L50|\n|poke|p2|Groudon, L50|\n|poke|p2|Incineroar, L50, M|\n|poke|p2|Iron Valiant, L50|\n|poke|p2|Urshifu-*, L50, F|\n|poke|p2|Raging Bolt, L50|\n|teampreview|4\n|showteam|p1|Whimsicott||CovertCloak|Prankster|Moonblast,Tailwind,Taunt,SunnyDay|||F|||50|,,,,,Steel]Hitmontop||EjectButton|Intimidate|FakeOut,CloseCombat,WideGuard,Feint|||M|||50|,,,,,Fighting]Calyrex-Shadow||LifeOrb|AsOneSpectrier|AstralBarrage,ExpandingForce,TeraBlast,Protect||||||50|,,,,,Ground]Hydreigon||ScopeLens|Levitate|DracoMeteor,HeatWave,FocusEnergy,Protect|||M|||50|,,,,,Fire]Zacian-Crowned||RustedSword|IntrepidSword|behemothblade,WildCharge,Crunch,Protect||||||50|,,,,,Dragon]Indeedee-F||SafetyGoggles|PsychicSurge|FollowMe,DazzlingGleam,Imprison,TrickRoom|||F|||50|,,,,,Fairy\n|showteam|p2|Lunala||PowerHerb|ShadowShield|TrickRoom,MeteorBeam,WideGuard,MoongeistBeam||||||50|,,,,,Water]Groudon||ClearAmulet|Drought|Protect,PrecipiceBlades,HeatCrash,Substitute||||||50|,,,,,Fire]Incineroar||SafetyGoggles|Intimidate|FlareBlitz,KnockOff,FakeOut,PartingShot|||M|||50|,,,,,Ghost]Iron Valiant||BoosterEnergy|QuarkDrive|Moonblast,Encore,Protect,Disable||||||50|,,,,,Ghost]Urshifu||ChoiceScarf|UnseenFist|WickedBlow,CloseCombat,Uturn,IronHead|||F|||50|,,,,,Stellar]Raging Bolt||AssaultVest|Protosynthesis|Electroweb,Thunderclap,WeatherBall,DracoMeteor||||||50|,,,,,Electric\n|inactive|Battle timer is ON: inactive players will automatically lose when time's up. (requested by deadenne)\n|inactive|Mona Aster has 60 seconds left.\n|\n|t:|1746074379\n|start\n|switch|p1a: Cocomelon|Whimsicott, L50, F|100/100\n|switch|p1b: Zoro|Zacian-Crowned, L50|100/100\n|switch|p2a: Iron Valiant|Iron Valiant, L50|100/100\n|switch|p2b: Incineroar|Incineroar, L50, M|100/100\n|-ability|p1b: Zoro|Intrepid Sword|boost\n|-boost|p1b: Zoro|atk|1\n|-ability|p2b: Incineroar|Intimidate|boost\n|-unboost|p1a: Cocomelon|atk|1\n|-unboost|p1b: Zoro|atk|1\n|-enditem|p2a: Iron Valiant|Booster Energy\n|-activate|p2a: Iron Valiant|ability: Quark Drive|[fromitem]\n|-start|p2a: Iron Valiant|quarkdrivespe\n|turn|1\n|inactive|Mona Aster has 30 seconds left.\n|\n|t:|1746074404\n|move|p1b: Zoro|Protect|p1b: Zoro\n|-singleturn|p1b: Zoro|Protect\n|move|p2b: Incineroar|Fake Out|p1b: Zoro\n|-activate|p1b: Zoro|move: Protect\n|move|p1a: Cocomelon|Tailwind|p1a: Cocomelon\n|-sidestart|p1: deadenne|move: Tailwind\n|move|p2a: Iron Valiant|Encore|p1a: Cocomelon\n|-start|p1a: Cocomelon|Encore\n|\n|upkeep\n|turn|2\n|\n|t:|1746074417\n|switch|p1a: Rem|Indeedee-F, L50, F|100/100\n|-fieldstart|move: Psychic Terrain|[from] ability: Psychic Surge|[of] p1a: Rem\n|move|p1b: Zoro|Behemoth Blade|p2a: Iron Valiant\n|-supereffective|p2a: Iron Valiant\n|-damage|p2a: Iron Valiant|0 fnt\n|faint|p2a: Iron Valiant\n|-end|p2a: Iron Valiant|Quark Drive|[silent]\n|move|p2b: Incineroar|Knock Off|p1a: Rem\n|-supereffective|p1a: Rem\n|-damage|p1a: Rem|15/100\n|-enditem|p1a: Rem|Safety Goggles|[from] move: Knock Off|[of] p2b: Incineroar\n|\n|upkeep\n|\n|t:|1746074431\n|switch|p2a: Groudon|Groudon, L50|100/100\n|-weather|SunnyDay|[from] ability: Drought|[of] p2a: Groudon\n|turn|3\n|\n|t:|1746074450\n|move|p1b: Zoro|Protect|p1b: Zoro\n|-singleturn|p1b: Zoro|Protect\n|move|p1a: Rem|Dazzling Gleam|p2b: Incineroar|[spread] p2a,p2b\n|-damage|p2a: Groudon|89/100\n|-damage|p2b: Incineroar|89/100\n|move|p2a: Groudon|Substitute|p2a: Groudon\n|-start|p2a: Groudon|Substitute\n|-damage|p2a: Groudon|65/100\n|move|p2b: Incineroar|Flare Blitz|p1b: Zoro\n|-activate|p1b: Zoro|move: Protect\n|\n|-weather|SunnyDay|[upkeep]\n|upkeep\n|turn|4\n|\n|t:|1746074466\n|-terastallize|p1b: Zoro|Dragon\n|move|p1a: Rem|Follow Me|p1a: Rem\n|-singleturn|p1a: Rem|move: Follow Me\n|move|p1b: Zoro|Behemoth Blade|p2a: Groudon\n|-end|p2a: Groudon|Substitute\n|move|p2a: Groudon|Precipice Blades|p1b: Zoro|[spread] p1a,p1b\n|-damage|p1a: Rem|0 fnt\n|-damage|p1b: Zoro|50/100\n|faint|p1a: Rem\n|move|p2b: Incineroar|Flare Blitz|p1b: Zoro\n|-resisted|p1b: Zoro\n|-damage|p1b: Zoro|12/100\n|-damage|p2b: Incineroar|78/100|[from] Recoil\n|\n|-weather|SunnyDay|[upkeep]\n|-sideend|p1: deadenne|move: Tailwind\n|upkeep\n|\n|t:|1746074477\n|switch|p1a: Ashborn|Calyrex-Shadow, L50|100/100\n|-ability|p1a: Ashborn|As One\n|-ability|p1a: Ashborn|Unnerve\n|turn|5\n|\n|t:|1746074491\n|move|p1a: Ashborn|Astral Barrage|p2a: Groudon|[spread] p2a,p2b\n|-resisted|p2b: Incineroar\n|-damage|p2a: Groudon|0 fnt\n|-damage|p2b: Incineroar|45/100\n|faint|p2a: Groudon\n|-ability|p1a: Ashborn|Grim Neigh|boost\n|-boost|p1a: Ashborn|spa|1\n|-damage|p1a: Ashborn|91/100|[from] item: Life Orb\n|move|p1b: Zoro|Wild Charge|p2b: Incineroar\n|-damage|p2b: Incineroar|17/100\n|-damage|p1b: Zoro|4/100|[from] Recoil\n|move|p2b: Incineroar|Knock Off|p1a: Ashborn\n|-supereffective|p1a: Ashborn\n|-damage|p1a: Ashborn|0 fnt\n|-enditem|p1a: Ashborn|Life Orb|[from] move: Knock Off|[of] p2b: Incineroar\n|faint|p1a: Ashborn\n|\n|-weather|SunnyDay|[upkeep]\n|upkeep\n|\n|t:|1746074509\n|switch|p1a: Cocomelon|Whimsicott, L50, F|100/100\n|switch|p2a: Urshifu|Urshifu, L50, F|100/100\n|turn|6\n|\n|t:|1746074529\n|move|p2a: Urshifu|Iron Head|p1b: Zoro\n|-damage|p1b: Zoro|0 fnt\n|faint|p1b: Zoro\n|move|p1a: Cocomelon|Moonblast|p2a: Urshifu\n|-supereffective|p2a: Urshifu\n|-damage|p2a: Urshifu|0 fnt\n|faint|p2a: Urshifu\n|move|p2b: Incineroar|Flare Blitz|p1a: Cocomelon\n|-supereffective|p1a: Cocomelon\n|-damage|p1a: Cocomelon|0 fnt\n|faint|p1a: Cocomelon\n|-damage|p2b: Incineroar|0 fnt|[from] Recoil\n|faint|p2b: Incineroar\n|\n|win|Mona Aster\n|l|\u2606deadenne\n|player|p1|\n|inactive|deadenne has 30 seconds to confirm battle start!\n|inactive|Mona Aster has 30 seconds to confirm battle start!\n|inactive|deadenne has 20 seconds to confirm battle start!\n|inactive|Mona Aster has 20 seconds to confirm battle start!\n||Mona Aster is ready for game 2.\n|inactive|deadenne has 10 seconds to confirm battle start!\n|uhtml|next|Next: <a href=\"/battle-gen9vgc2025regibo3-2354457625\"><strong>Game 2 of 3</strong></a>\n", "uploadtime": 1746074541, "views": 14, "formatid": "gen9vgc2025regibo3", "rating": null, "private": 0, "password": null}