{"id": "gen9vgc2025regibo3-2354806061", "format": "[Gen 9] VGC 2025 Reg I (Bo3)", "players": ["carlone456", "dyslexikcitten"], "log": "|j|\u2606carlone456\n|j|\u2606dyslexikcitten\n|html|<table width=\"100%\"><tr><td align=\"left\">carlone456</td><td align=\"right\">dyslexikcitten</tr><tr><td align=\"left\"><i class=\"fa fa-circle-o\"></i> <i class=\"fa fa-circle-o\"></i> </td><td align=\"right\"><i class=\"fa fa-circle-o\"></i> <i class=\"fa fa-circle\"></i> </tr></table>\n|uhtml|bestof|<h2><strong>Game 2</strong> of <a href=\"/game-bestof3-gen9vgc2025regibo3-2354801935\">a best-of-3</a></h2>\n|t:|1746121360\n|gametype|doubles\n|player|p1|carlone456|102|1131\n|player|p2|dyslexikcitten|265|1086\n|teamsize|p1|6\n|teamsize|p2|6\n|gen|9\n|tier|[Gen 9] VGC 2025 Reg I (Bo3)\n|rated|\n|rule|Species Clause: Limit one of each Pok\u00e9mon\n|rule|Item Clause: Limit 1 of each item\n|clearpoke\n|poke|p1|Calyrex-Shadow, L50|\n|poke|p1|Terapagos, L50, M|\n|poke|p1|Amoonguss, L50, M|\n|poke|p1|Urshifu-*, L50, M|\n|poke|p1|Incineroar, L50, M|\n|poke|p1|Raging Bolt, L50|\n|poke|p2|Scream Tail, L50|\n|poke|p2|Koraidon, L50|\n|poke|p2|Indeedee-F, L50, F|\n|poke|p2|Lunala, L50|\n|poke|p2|Thundurus-Therian, L50, M|\n|poke|p2|Urshifu-*, L50, F|\n|teampreview|4\n|showteam|p1|Calyrex-Shadow||FocusSash|AsOneSpectrier|Encore,Disable,Protect,AstralBarrage||||||50|,,,,,Grass]Terapagos||Leftovers|TeraShift|CalmMind,TeraStarstorm,Protect,Substitute|||M|||50|,,,,,Stellar]Amoonguss||RockyHelmet|Regenerator|PollenPuff,Protect,Spore,RagePowder|||M|||50|,,,,,Water]Urshifu-Rapid-Strike||ChoiceScarf|UnseenFist|CloseCombat,SurgingStrikes,Uturn,IceSpinner|||M|||50|,,,,,Water]Incineroar||SitrusBerry|Intimidate|FakeOut,PartingShot,KnockOff,FlareBlitz|||M|||50|,,,,,Ghost]Raging Bolt||AssaultVest|Protosynthesis|DracoMeteor,Thunderbolt,Thunderclap,Snarl||||||50|,,,,,Electric\n|showteam|p2|Scream Tail||BoosterEnergy|Protosynthesis|Disable,Encore,Protect,DazzlingGleam||||||50|,,,,,Dark]Koraidon||ChoiceBand|OrichalcumPulse|CloseCombat,BreakingSwipe,FlareBlitz,Uturn||||||50|,,,,,Fire]Indeedee-F||SafetyGoggles|PsychicSurge|FollowMe,AlluringVoice,TrickRoom,HelpingHand|||F|||50|,,,,,Fairy]Lunala||PowerHerb|ShadowShield|WideGuard,MoongeistBeam,ExpandingForce,MeteorBeam||||||50|,,,,,Water]Thundurus-Therian||AssaultVest|VoltAbsorb|WildboltStorm,TeraBlast,VoltSwitch,Snarl|||M|||50|,,,,,Fairy]Urshifu||FocusSash|UnseenFist|CloseCombat,WickedBlow,Detect,Taunt|||F|||50|,,,,,Stellar\n|inactive|Battle timer is ON: inactive players will automatically lose when time's up. (requested by dyslexikcitten)\n|inactive|carlone456 has 60 seconds left.\n|\n|t:|1746121401\n|start\n|switch|p1a: Calyrex|Calyrex-Shadow, L50|100/100\n|switch|p1b: Urshifu|Urshifu-Rapid-Strike, L50, M|100/100\n|switch|p2a: Koraidon|Koraidon, L50|100/100\n|switch|p2b: Urshifu|Urshifu, L50, F|100/100\n|-ability|p1a: Calyrex|As One\n|-ability|p1a: Calyrex|Unnerve\n|-weather|SunnyDay|[from] ability: Orichalcum Pulse|[of] p2a: Koraidon\n|-activate|p2a: Koraidon|Orichalcum Pulse|[source]\n|turn|1\n|inactive|dyslexikcitten has 30 seconds left.\n|inactive|dyslexikcitten has 20 seconds left.\n|\n|t:|1746121440\n|-terastallize|p2a: Koraidon|Fire\n|move|p1b: Urshifu|Close Combat|p2b: Urshifu\n|-supereffective|p2b: Urshifu\n|-enditem|p2b: Urshifu|Focus Sash\n|-damage|p2b: Urshifu|1/100\n|-unboost|p1b: Urshifu|def|1\n|-unboost|p1b: Urshifu|spd|1\n|move|p1a: Calyrex|Astral Barrage|p2b: Urshifu|[spread] p2a,p2b\n|-resisted|p2b: Urshifu\n|-damage|p2a: Koraidon|48/100\n|-damage|p2b: Urshifu|0 fnt\n|faint|p2b: Urshifu\n|-ability|p1a: Calyrex|Grim Neigh|boost\n|-boost|p1a: Calyrex|spa|1\n|move|p2a: Koraidon|Close Combat|p1b: Urshifu\n|-damage|p1b: Urshifu|0 fnt\n|-unboost|p2a: Koraidon|def|1\n|-unboost|p2a: Koraidon|spd|1\n|faint|p1b: Urshifu\n|\n|-weather|SunnyDay|[upkeep]\n|upkeep\n|\n|t:|1746121459\n|switch|p2b: Indeedee|Indeedee-F, L50, F|100/100\n|switch|p1b: Raging Bolt|Raging Bolt, L50|100/100\n|-fieldstart|move: Psychic Terrain|[from] ability: Psychic Surge|[of] p2b: Indeedee\n|-activate|p1b: Raging Bolt|ability: Protosynthesis\n|-start|p1b: Raging Bolt|protosynthesisspa\n|turn|2\n|\n|t:|1746121477\n|switch|p2a: Lunala|Lunala, L50|100/100\n|move|p1a: Calyrex|Encore||[still]\n|-fail|p1a: Calyrex\n|move|p1b: Raging Bolt|Draco Meteor|p2b: Indeedee\n|-damage|p2b: Indeedee|15/100\n|-unboost|p1b: Raging Bolt|spa|2\n|move|p2b: Indeedee|Trick Room|p2b: Indeedee\n|-fieldstart|move: Trick Room|[of] p2b: Indeedee\n|\n|-weather|SunnyDay|[upkeep]\n|upkeep\n|turn|3\n|\n|t:|1746121493\n|move|p1a: Calyrex|Protect|p1a: Calyrex\n|-singleturn|p1a: Calyrex|Protect\n|move|p1b: Raging Bolt|Snarl|p2b: Indeedee|[spread] p2a,p2b\n|-supereffective|p2a: Lunala\n|-supereffective|p2b: Indeedee\n|-damage|p2a: Lunala|86/100\n|-damage|p2b: Indeedee|0 fnt\n|-unboost|p2a: Lunala|spa|1\n|faint|p2b: Indeedee\n|move|p2a: Lunala|Moongeist Beam|p1a: Calyrex\n|-activate|p1a: Calyrex|move: Protect\n|\n|-weather|SunnyDay|[upkeep]\n|upkeep\n|\n|t:|1746121495\n|switch|p2b: Koraidon|Koraidon, L50, tera:Fire|48/100\n|-activate|p2b: Koraidon|ability: Orichalcum Pulse\n|turn|4\n|\n|t:|1746121521\n|-end|p1b: Raging Bolt|Protosynthesis|[silent]\n|switch|p1b: Terapagos|Terapagos, L50, M|100/100\n|-activate|p1b: Terapagos|ability: Tera Shift\n|detailschange|p1b: Terapagos|Terapagos-Terastal, L50, M\n|-heal|p1b: Terapagos|100/100|[silent]\n|move|p2a: Lunala|Moongeist Beam|p1a: Calyrex\n|-supereffective|p1a: Calyrex\n|-enditem|p1a: Calyrex|Focus Sash\n|-damage|p1a: Calyrex|1/100\n|move|p2b: Koraidon|Breaking Swipe|p1a: Calyrex|[spread] p1a,p1b\n|-activate|p1b: Terapagos|ability: Tera Shell\n|-resisted|p1b: Terapagos\n|-damage|p1a: Calyrex|0 fnt\n|-damage|p1b: Terapagos|80/100\n|-unboost|p1b: Terapagos|atk|1\n|faint|p1a: Calyrex\n|\n|-weather|SunnyDay|[upkeep]\n|-heal|p1b: Terapagos|86/100|[from] item: Leftovers\n|upkeep\n|\n|t:|1746121540\n|switch|p1a: Raging Bolt|Raging Bolt, L50|100/100\n|-activate|p1a: Raging Bolt|ability: Protosynthesis\n|-start|p1a: Raging Bolt|protosynthesisspa\n|turn|5\n|\n|t:|1746121554\n|-terastallize|p1a: Raging Bolt|Electric\n|move|p1b: Terapagos|Protect|p1b: Terapagos\n|-singleturn|p1b: Terapagos|Protect\n|move|p1a: Raging Bolt|Snarl|p2b: Koraidon|[spread] p2a,p2b\n|-supereffective|p2a: Lunala\n|-damage|p2a: Lunala|24/100\n|-damage|p2b: Koraidon|24/100\n|-unboost|p2a: Lunala|spa|1\n|-unboost|p2b: Koraidon|spa|1\n|move|p2a: Lunala|Meteor Beam||[still]\n|-prepare|p2a: Lunala|Meteor Beam\n|-boost|p2a: Lunala|spa|1\n|-enditem|p2a: Lunala|Power Herb\n|-anim|p2a: Lunala|Meteor Beam|p1b: Terapagos\n|-activate|p1b: Terapagos|move: Protect\n|move|p2b: Koraidon|Breaking Swipe|p1b: Terapagos|[spread] p1a\n|-activate|p1b: Terapagos|move: Protect\n|-damage|p1a: Raging Bolt|60/100\n|-unboost|p1a: Raging Bolt|atk|1\n|\n|-weather|none\n|-end|p1a: Raging Bolt|Protosynthesis\n|-heal|p1b: Terapagos|92/100|[from] item: Leftovers\n|upkeep\n|turn|6\n|inactive|carlone456 has 30 seconds left.\n|\n|t:|1746121579\n|move|p2a: Lunala|Wide Guard|p2a: Lunala\n|-singleturn|p2a: Lunala|Wide Guard\n|move|p1a: Raging Bolt|Snarl|p2b: Koraidon|[spread] \n|-activate|p2a: Lunala|move: Wide Guard\n|-activate|p2b: Koraidon|move: Wide Guard\n|move|p1b: Terapagos|Tera Starstorm|p2b: Koraidon\n|-damage|p2b: Koraidon|0 fnt\n|faint|p2b: Koraidon\n|\n|-heal|p1b: Terapagos|98/100|[from] item: Leftovers\n|-fieldend|move: Trick Room\n|-fieldend|move: Psychic Terrain\n|upkeep\n|turn|7\n|-message|dyslexikcitten forfeited.\n|\n|win|carlone456\n|l|\u2606dyslexikcitten\n|player|p2|\n||dyslexikcitten is ready for game 3.\n|j|\u2606dyslexikcitten\n|player|p2|dyslexikcitten|265|\n", "uploadtime": 1746121589, "views": 5, "formatid": "gen9vgc2025regibo3", "rating": null, "private": 0, "password": null}