{"id": "gen9vgc2025regibo3-2353737365", "format": "[Gen 9] VGC 2025 Reg I (Bo3)", "players": ["minecraftmaster31", "nonnobbisca"], "log": "|j|\u2606minecraftmaster31\n|j|\u2606nonnobbisca\n|html|<table width=\"100%\"><tr><td align=\"left\">minecraftmaster31</td><td align=\"right\">nonnobbisca</tr><tr><td align=\"left\"><i class=\"fa fa-circle-o\"></i> <i class=\"fa fa-circle-o\"></i> </td><td align=\"right\"><i class=\"fa fa-circle-o\"></i> <i class=\"fa fa-circle-o\"></i> </tr></table>\n|uhtml|bestof|<h2><strong>Game 1</strong> of <a href=\"/game-bestof3-gen9vgc2025regibo3-2353737364\">a best-of-3</a></h2>\n|t:|1745991290\n|gametype|doubles\n|player|p1|minecraftmaster31|preschooler|1020\n|player|p2|nonnobbisca|cilan|1119\n|teamsize|p1|6\n|teamsize|p2|6\n|gen|9\n|tier|[Gen 9] VGC 2025 Reg I (Bo3)\n|rated|\n|rule|Species Clause: Limit one of each Pok\u00e9mon\n|rule|Item Clause: Limit 1 of each item\n|clearpoke\n|poke|p1|Calyrex-Ice, L50|\n|poke|p1|Iron Bundle, L50|\n|poke|p1|Miraidon, L50|\n|poke|p1|Incineroar, L50, M|\n|poke|p1|Tornadus, L50, M|\n|poke|p1|Gallade, L50, M|\n|poke|p2|Ho-Oh, L50|\n|poke|p2|Incineroar, L50, M|\n|poke|p2|Sinistcha-Masterpiece, L50|\n|poke|p2|Terapagos, L50, M|\n|poke|p2|Rillaboom, L50, M|\n|poke|p2|Grimmsnarl, L50, M|\n|teampreview|4\n|showteam|p1|Calyrex-Ice||ClearAmulet|AsOneGlastrier|Protect,HighHorsepower,GlacialLance,TrickRoom||||||50|,,,,,Fire]Iron Bundle||FocusSash|QuarkDrive|Protect,Taunt,IcyWind,FreezeDry||||||50|,,,,,Ice]Miraidon||ZapPlate|HadronEngine|Protect,VoltSwitch,ElectroDrift,DracoMeteor||||||50|,,,,,Electric]Incineroar||SafetyGoggles|Intimidate|Protect,FakeOut,PartingShot,KnockOff|||M|||50|,,,,,Ghost]Tornadus||MentalHerb|Prankster|Protect,Tailwind,Snowscape,AirSlash|||M|||50|,,,,,Ghost]Gallade||LifeOrb|Sharpness|Protect,WideGuard,PsychoCut,SacredSword|||M|||50|,,,,,Dark\n|showteam|p2|Ho-Oh||SitrusBerry|Regenerator|SacredFire,BraveBird,HelpingHand,LifeDew||||||50|,,,,,Fire]Incineroar||RockyHelmet|Intimidate|FakeOut,KnockOff,PartingShot,Snarl|||M|||50|,,,,,Grass]Sinistcha-Masterpiece||ElectricSeed|Hospitality|MatchaGotcha,ShadowBall,RagePowder,TrickRoom||||||50|,,,,,Fire]Terapagos||Leftovers|TeraShift|TeraStarstorm,EarthPower,CalmMind,Protect|||M|||50|,,,,,Stellar]Rillaboom||AssaultVest|GrassySurge|FakeOut,DrumBeating,GrassyGlide,Uturn|||M|||50|,,,,,Grass]Grimmsnarl||LightClay|Prankster|SpiritBreak,ThunderWave,Reflect,LightScreen|||M|||50|,,,,,Steel\n|inactive|Battle timer is ON: inactive players will automatically lose when time's up. (requested by minecraftmaster31)\n|inactive|nonnobbisca has 60 seconds left.\n|\n|t:|1745991339\n|start\n|switch|p1a: Iron Bundle|Iron Bundle, L50|100/100\n|switch|p1b: Calyrex|Calyrex-Ice, L50|100/100\n|switch|p2a: Terapagos|Terapagos, L50, M|100/100\n|switch|p2b: Rillaboom|Rillaboom, L50, M|100/100\n|-activate|p2a: Terapagos|ability: Tera Shift\n|detailschange|p2a: Terapagos|Terapagos-Terastal, L50, M\n|-heal|p2a: Terapagos|100/100|[silent]\n|-ability|p1b: Calyrex|As One\n|-ability|p1b: Calyrex|Unnerve\n|-fieldstart|move: Grassy Terrain|[from] ability: Grassy Surge|[of] p2b: Rillaboom\n|turn|1\n|inactive|minecraftmaster31 has 30 seconds left.\n|inactive|nonnobbisca has 30 seconds left.\n|inactive|minecraftmaster31 has 20 seconds left.\n|inactive|nonnobbisca has 20 seconds left.\n|inactive|minecraftmaster31 has 15 seconds left.\n|inactive|nonnobbisca has 15 seconds left.\n|inactive|nonnobbisca has 10 seconds left.\n|inactive|nonnobbisca has 5 seconds left.\n|\n|t:|1745991392\n|move|p2b: Rillaboom|Fake Out|p1a: Iron Bundle\n|-damage|p1a: Iron Bundle|84/100\n|cant|p1a: Iron Bundle|flinch\n|move|p2a: Terapagos|Calm Mind|p2a: Terapagos\n|-boost|p2a: Terapagos|spa|1\n|-boost|p2a: Terapagos|spd|1\n|move|p1b: Calyrex|Glacial Lance|p2a: Terapagos|[spread] p2a,p2b\n|-activate|p2a: Terapagos|ability: Tera Shell\n|-resisted|p2a: Terapagos\n|-supereffective|p2b: Rillaboom\n|-damage|p2a: Terapagos|77/100\n|-damage|p2b: Rillaboom|0 fnt\n|faint|p2b: Rillaboom\n|-ability|p1b: Calyrex|Chilling Neigh|boost\n|-boost|p1b: Calyrex|atk|1\n|\n|-heal|p1a: Iron Bundle|91/100|[from] Grassy Terrain\n|-heal|p2a: Terapagos|83/100|[from] Grassy Terrain\n|-heal|p2a: Terapagos|89/100|[from] item: Leftovers\n|upkeep\n|\n|t:|1745991412\n|switch|p2b: Grimmsnarl|Grimmsnarl, L50, M|100/100\n|turn|2\n|inactive|nonnobbisca has 30 seconds left.\n|inactive|nonnobbisca has 20 seconds left.\n|\n|t:|1745991448\n|move|p1b: Calyrex|Protect|p1b: Calyrex\n|-singleturn|p1b: Calyrex|Protect\n|move|p2b: Grimmsnarl|Reflect|p2b: Grimmsnarl\n|-sidestart|p2: nonnobbisca|Reflect\n|move|p1a: Iron Bundle|Taunt|p2b: Grimmsnarl\n|-start|p2b: Grimmsnarl|move: Taunt\n|move|p2a: Terapagos|Calm Mind|p2a: Terapagos\n|-boost|p2a: Terapagos|spa|1\n|-boost|p2a: Terapagos|spd|1\n|\n|-heal|p1a: Iron Bundle|97/100|[from] Grassy Terrain\n|-heal|p2a: Terapagos|95/100|[from] Grassy Terrain\n|-heal|p2a: Terapagos|100/100|[from] item: Leftovers\n|upkeep\n|turn|3\n|inactive|nonnobbisca has 30 seconds left.\n|\n|t:|1745991479\n|switch|p2b: Hoz|Ho-Oh, L50|100/100\n|move|p1a: Iron Bundle|Taunt|p2a: Terapagos\n|-start|p2a: Terapagos|move: Taunt\n|move|p2a: Terapagos|Tera Starstorm|p1b: Calyrex\n|-damage|p1b: Calyrex|22/100\n|move|p1b: Calyrex|Glacial Lance|p2b: Hoz|[spread] p2a,p2b\n|-activate|p2a: Terapagos|ability: Tera Shell\n|-resisted|p2a: Terapagos\n|-damage|p2a: Terapagos|78/100\n|-damage|p2b: Hoz|53/100\n|\n|-heal|p1a: Iron Bundle|100/100|[from] Grassy Terrain\n|-heal|p2a: Terapagos|84/100|[from] Grassy Terrain\n|-heal|p2a: Terapagos|90/100|[from] item: Leftovers\n|-heal|p1b: Calyrex|28/100|[from] Grassy Terrain\n|upkeep\n|turn|4\n|inactive|nonnobbisca has 30 seconds left.\n|inactive|nonnobbisca has 20 seconds left.\n|\n|t:|1745991517\n|-terastallize|p2a: Terapagos|Stellar\n|detailschange|p2a: Terapagos|Terapagos-Stellar, L50, M, tera:Stellar\n|-heal|p2a: Terapagos|92/100|[silent]\n|-ability|p2a: Terapagos|Teraform Zero\n|-fieldend|move: Grassy Terrain\n|move|p1a: Iron Bundle|Icy Wind|p2b: Hoz|[spread] p2a,p2b\n|-damage|p2a: Terapagos|86/100\n|-damage|p2b: Hoz|40/100\n|-unboost|p2a: Terapagos|spe|1\n|-unboost|p2b: Hoz|spe|1\n|move|p2b: Hoz|Brave Bird|p1a: Iron Bundle\n|-crit|p1a: Iron Bundle\n|-enditem|p1a: Iron Bundle|Focus Sash\n|-damage|p1a: Iron Bundle|1/100\n|-damage|p2b: Hoz|20/100|[from] Recoil\n|move|p2a: Terapagos|Tera Starstorm|p1a: Iron Bundle|[spread] p1a,p1b\n|-damage|p1a: Iron Bundle|0 fnt\n|-damage|p1b: Calyrex|0 fnt\n|-enditem|p2b: Hoz|Sitrus Berry|[eat]\n|-heal|p2b: Hoz|45/100|[from] item: Sitrus Berry\n|faint|p1a: Iron Bundle\n|-end|p1a: Iron Bundle|Quark Drive|[silent]\n|faint|p1b: Calyrex\n|\n|-heal|p2a: Terapagos|92/100|[from] item: Leftovers\n|upkeep\n|\n|t:|1745991533\n|switch|p1a: Incineroar|Incineroar, L50, M|100/100\n|switch|p1b: Gallade|Gallade, L50, M|100/100\n|-ability|p1a: Incineroar|Intimidate|boost\n|-unboost|p2a: Terapagos|atk|1\n|-unboost|p2b: Hoz|atk|1\n|turn|5\n|inactive|nonnobbisca has 30 seconds left.\n|inactive|nonnobbisca has 20 seconds left.\n|inactive|nonnobbisca has 15 seconds left.\n|\n|t:|1745991577\n|move|p1a: Incineroar|Fake Out|p2b: Hoz\n|-damage|p2b: Hoz|38/100\n|move|p1b: Gallade|Sacred Sword|p2a: Terapagos\n|-supereffective|p2a: Terapagos\n|-crit|p2a: Terapagos\n|-damage|p2a: Terapagos|0 fnt\n|faint|p2a: Terapagos\n|-damage|p1b: Gallade|90/100|[from] item: Life Orb\n|cant|p2b: Hoz|flinch\n|\n|upkeep\n|\n|t:|1745991586\n|switch|p2a: Grimmsnarl|Grimmsnarl, L50, M|100/100\n|turn|6\n|inactive|nonnobbisca has 30 seconds left.\n|\n|t:|1745991615\n|move|p1b: Gallade|Protect|p1b: Gallade\n|-singleturn|p1b: Gallade|Protect\n|move|p1a: Incineroar|Knock Off|p2b: Hoz\n|-damage|p2b: Hoz|19/100\n|move|p2a: Grimmsnarl|Spirit Break|p1b: Gallade\n|-activate|p1b: Gallade|move: Protect\n|move|p2b: Hoz|Life Dew||[still]|[spread] p2a,p2b\n|-fail|p2a: Grimmsnarl|heal\n|-heal|p2b: Hoz|44/100\n|\n|upkeep\n|turn|7\n|inactive|nonnobbisca has 30 seconds left.\n|\n|t:|1745991642\n|move|p1b: Gallade|Psycho Cut|p2b: Hoz\n|-damage|p2b: Hoz|5/100\n|-damage|p1b: Gallade|80/100|[from] item: Life Orb\n|move|p2a: Grimmsnarl|Spirit Break|p1b: Gallade\n|-supereffective|p1b: Gallade\n|-damage|p1b: Gallade|0 fnt\n|faint|p1b: Gallade\n|move|p1a: Incineroar|Knock Off|p2b: Hoz\n|-damage|p2b: Hoz|0 fnt\n|faint|p2b: Hoz\n|\n|upkeep\n|turn|8\n|inactive|nonnobbisca has 30 seconds left.\n|\n|t:|1745991670\n|move|p1a: Incineroar|Parting Shot|p2a: Grimmsnarl\n|-unboost|p2a: Grimmsnarl|atk|1\n|-unboost|p2a: Grimmsnarl|spa|1\n|move|p2a: Grimmsnarl|Spirit Break|p1a: Incineroar\n|-damage|p1a: Incineroar|80/100\n|-unboost|p1a: Incineroar|spa|1\n|\n|upkeep\n|turn|9\n|\n|t:|1745991678\n|move|p1a: Incineroar|Parting Shot|p2a: Grimmsnarl\n|-unboost|p2a: Grimmsnarl|atk|1\n|-unboost|p2a: Grimmsnarl|spa|1\n|move|p2a: Grimmsnarl|Spirit Break|p1a: Incineroar\n|-damage|p1a: Incineroar|66/100\n|-unboost|p1a: Incineroar|spa|1\n|\n|-sideend|p2: nonnobbisca|Reflect\n|upkeep\n|turn|10\n|\n|t:|1745991687\n|move|p2a: Grimmsnarl|Reflect|p2a: Grimmsnarl\n|-sidestart|p2: nonnobbisca|Reflect\n|move|p1a: Incineroar|Knock Off|p2a: Grimmsnarl\n|-resisted|p2a: Grimmsnarl\n|-damage|p2a: Grimmsnarl|92/100\n|-enditem|p2a: Grimmsnarl|Light Clay|[from] move: Knock Off|[of] p1a: Incineroar\n|\n|upkeep\n|turn|11\n|\n|t:|1745991693\n|move|p1a: Incineroar|Knock Off|p2a: Grimmsnarl\n|-resisted|p2a: Grimmsnarl\n|-damage|p2a: Grimmsnarl|86/100\n|move|p2a: Grimmsnarl|Spirit Break|p1a: Incineroar\n|-damage|p1a: Incineroar|52/100\n|-unboost|p1a: Incineroar|spa|1\n|\n|upkeep\n|turn|12\n|\n|t:|1745991703\n|move|p2a: Grimmsnarl|Spirit Break|p1a: Incineroar\n|-damage|p1a: Incineroar|38/100\n|-unboost|p1a: Incineroar|spa|1\n|move|p1a: Incineroar|Parting Shot|p2a: Grimmsnarl\n|-unboost|p2a: Grimmsnarl|atk|1\n|-unboost|p2a: Grimmsnarl|spa|1\n|\n|upkeep\n|turn|13\n|\n|t:|1745991719\n|move|p2a: Grimmsnarl|Spirit Break|p1a: Incineroar\n|-damage|p1a: Incineroar|25/100\n|-unboost|p1a: Incineroar|spa|1\n|move|p1a: Incineroar|Parting Shot|p2a: Grimmsnarl\n|-unboost|p2a: Grimmsnarl|atk|1\n|-unboost|p2a: Grimmsnarl|spa|1\n|\n|upkeep\n|turn|14\n|c|\u2606nonnobbisca|yeah yeah, nice crit on terapagos\n|\n|t:|1745991727\n|move|p1a: Incineroar|Knock Off|p2a: Grimmsnarl\n|-resisted|p2a: Grimmsnarl\n|-damage|p2a: Grimmsnarl|81/100\n|move|p2a: Grimmsnarl|Spirit Break|p1a: Incineroar\n|-damage|p1a: Incineroar|15/100\n|-unboost|p1a: Incineroar|spa|1\n|\n|upkeep\n|turn|15\n|\n|t:|1745991735\n|move|p1a: Incineroar|Knock Off|p2a: Grimmsnarl\n|-resisted|p2a: Grimmsnarl\n|-damage|p2a: Grimmsnarl|75/100\n|move|p2a: Grimmsnarl|Spirit Break|p1a: Incineroar\n|-crit|p1a: Incineroar\n|-damage|p1a: Incineroar|0 fnt\n|faint|p1a: Incineroar\n|\n|win|nonnobbisca\n|l|\u2606nonnobbisca\n|player|p2|\n||minecraftmaster31 is ready for game 2.\n||nonnobbisca is ready for game 2.\n|uhtml|next|Next: <a href=\"/battle-gen9vgc2025regibo3-2353739955\"><strong>Game 2 of 3</strong></a>\n|l|\u2606minecraftmaster31\n|player|p1|\n", "uploadtime": 1745992004, "views": 22, "formatid": "gen9vgc2025regibo3", "rating": null, "private": 0, "password": null}