{"id": "gen9vgc2025regibo3-2354267507", "format": "[Gen 9] VGC 2025 Reg I (Bo3)", "players": ["Kiget", "tejaselfy"], "log": "|j|\u2606Kiget\n|j|\u2606tejaselfy\n|html|<table width=\"100%\"><tr><td align=\"left\">Kiget</td><td align=\"right\">tejaselfy</tr><tr><td align=\"left\"><i class=\"fa fa-circle-o\"></i> <i class=\"fa fa-circle-o\"></i> </td><td align=\"right\"><i class=\"fa fa-circle-o\"></i> <i class=\"fa fa-circle\"></i> </tr></table>\n|uhtml|bestof|<h2><strong>Game 2</strong> of <a href=\"/game-bestof3-gen9vgc2025regibo3-2354265556\">a best-of-3</a></h2>\n|t:|1746050925\n|gametype|doubles\n|player|p1|Kiget|colress|1044\n|player|p2|tejaselfy|102|1057\n|teamsize|p1|6\n|teamsize|p2|6\n|gen|9\n|tier|[Gen 9] VGC 2025 Reg I (Bo3)\n|rated|\n|rule|Species Clause: Limit one of each Pok\u00e9mon\n|rule|Item Clause: Limit 1 of each item\n|clearpoke\n|poke|p1|Ninetales-Alola, L50, M|\n|poke|p1|Glaceon, L50, M|\n|poke|p1|Baxcalibur, L50, M|\n|poke|p1|Froslass, L50, F|\n|poke|p1|Abomasnow, L50, F|\n|poke|p1|Cetitan, L50, M|\n|poke|p2|Incineroar, L50, M|\n|poke|p2|Ditto, L50|\n|poke|p2|Calyrex-Shadow, L50|\n|poke|p2|Rillaboom, L50, M|\n|poke|p2|Urshifu-*, L50, M|\n|poke|p2|Zamazenta-*, L50|\n|teampreview|4\n|showteam|p1|Ninetales-Alola||LightClay|SnowWarning|AuroraVeil,IceBeam,Encore,Moonblast|||M|||50|,,,,,Fairy]Glaceon||IciclePlate|IceBody|Haze,Blizzard,Rest,SleepTalk|||M|||50|,,,,,Ice]Baxcalibur||LoadedDice|IceBody|IcicleSpear,ScaleShot,HighHorsepower,SwordsDance|||M|||50|,,,,,Ground]Froslass||BrightPowder|SnowCloak|DoubleTeam,Blizzard,Psychic,ShadowBall|||F|||50|,,,,,Ice]Abomasnow||LifeOrb|SnowWarning|AuroraVeil,WoodHammer,Earthquake,BrickBreak|||F|||50|,,,,,Grass]Cetitan||ChoiceBand|SlushRush|Liquidation,IceSpinner,HighHorsepower,Superpower|||M|||50|,,,,,Fighting\n|showteam|p2|Incineroar||SafetyGoggles|Intimidate|FakeOut,PartingShot,HelpingHand,KnockOff|||M|||50|,,,,,Ghost]Ditto||ChoiceScarf|Imposter|Transform||||||50|,,,,,Normal]Calyrex-Shadow||CovertCloak|AsOneSpectrier|Protect,AstralBarrage,NastyPlot,Psyshock||||||50|,,,,,Water]Rillaboom||AssaultVest|GrassySurge|FakeOut,WoodHammer,Uturn,GrassyGlide|||M|||50|,,,,,Fire]Urshifu-Rapid-Strike||FocusSash|UnseenFist|Detect,SurgingStrikes,CloseCombat,AquaJet|||M|||50|,,,,,Stellar]Zamazenta-Crowned||RustedShield|DauntlessShield|WideGuard,IronDefense,BodyPress,Protect||||||50|,,,,,Dragon\n|inactive|Battle timer is ON: inactive players will automatically lose when time's up. (requested by tejaselfy)\n|\n|t:|1746050946\n|start\n|switch|p1a: Ninetales|Ninetales-Alola, L50, M|100/100\n|switch|p1b: Glaceon|Glaceon, L50, M, shiny|100/100\n|switch|p2a: Incineroar|Incineroar, L50, M|100/100\n|switch|p2b: Zamazenta|Zamazenta-Crowned, L50|100/100\n|-ability|p2b: Zamazenta|Dauntless Shield|boost\n|-boost|p2b: Zamazenta|def|1\n|-weather|Snowscape|[from] ability: Snow Warning|[of] p1a: Ninetales\n|-ability|p2a: Incineroar|Intimidate|boost\n|-unboost|p1a: Ninetales|atk|1\n|-unboost|p1b: Glaceon|atk|1\n|turn|1\n|\n|t:|1746050964\n|switch|p1a: Baxcalibur|Baxcalibur, L50, M|100/100\n|-terastallize|p1b: Glaceon|Ice\n|move|p2a: Incineroar|Fake Out|p1a: Baxcalibur\n|-crit|p1a: Baxcalibur\n|-damage|p1a: Baxcalibur|88/100\n|move|p2b: Zamazenta|Iron Defense|p2b: Zamazenta\n|-boost|p2b: Zamazenta|def|2\n|move|p1b: Glaceon|Blizzard|p2a: Incineroar|[spread] p2a,p2b\n|-resisted|p2a: Incineroar\n|-crit|p2a: Incineroar\n|-resisted|p2b: Zamazenta\n|-damage|p2a: Incineroar|50/100\n|-damage|p2b: Zamazenta|69/100\n|\n|-weather|Snowscape|[upkeep]\n|-heal|p1a: Baxcalibur|94/100|[from] ability: Ice Body\n|upkeep\n|turn|2\n|\n|t:|1746050985\n|move|p2a: Incineroar|Helping Hand|p2b: Zamazenta\n|-singleturn|p2b: Zamazenta|Helping Hand|[of] p2a: Incineroar\n|move|p2b: Zamazenta|Body Press|p1a: Baxcalibur\n|-supereffective|p1a: Baxcalibur\n|-damage|p1a: Baxcalibur|0 fnt\n|faint|p1a: Baxcalibur\n|move|p1b: Glaceon|Blizzard|p2b: Zamazenta|[spread] p2a,p2b\n|-resisted|p2a: Incineroar\n|-resisted|p2b: Zamazenta\n|-damage|p2a: Incineroar|12/100\n|-damage|p2b: Zamazenta|38/100\n|\n|-weather|Snowscape|[upkeep]\n|upkeep\n|\n|t:|1746050996\n|switch|p1a: Ninetales|Ninetales-Alola, L50, M|100/100\n|turn|3\n|\n|t:|1746051014\n|move|p2b: Zamazenta|Body Press|p1a: Ninetales\n|-damage|p1a: Ninetales|0 fnt\n|faint|p1a: Ninetales\n|move|p2a: Incineroar|Knock Off|p1b: Glaceon\n|-damage|p1b: Glaceon|77/100\n|-enditem|p1b: Glaceon|Icicle Plate|[from] move: Knock Off|[of] p2a: Incineroar\n|move|p1b: Glaceon|Blizzard|p2b: Zamazenta|[spread] p2a,p2b\n|-resisted|p2a: Incineroar\n|-resisted|p2b: Zamazenta\n|-damage|p2a: Incineroar|0 fnt\n|-damage|p2b: Zamazenta|11/100\n|faint|p2a: Incineroar\n|\n|-weather|Snowscape|[upkeep]\n|-heal|p1b: Glaceon|83/100|[from] ability: Ice Body\n|upkeep\n|\n|t:|1746051029\n|switch|p1a: Cetitan|Cetitan, L50, M|100/100\n|switch|p2a: Calyrex|Calyrex-Shadow, L50|100/100\n|-ability|p2a: Calyrex|As One\n|-ability|p2a: Calyrex|Unnerve\n|turn|4\n|inactive|Kiget has 30 seconds left.\n|\n|t:|1746051055\n|move|p2b: Zamazenta|Wide Guard|p2b: Zamazenta\n|-singleturn|p2b: Zamazenta|Wide Guard\n|move|p1a: Cetitan|Ice Spinner|p2a: Calyrex\n|-damage|p2a: Calyrex|30/100\n|move|p2a: Calyrex|Astral Barrage|p1a: Cetitan|[spread] p1a,p1b\n|-damage|p1a: Cetitan|39/100\n|-damage|p1b: Glaceon|11/100\n|move|p1b: Glaceon|Blizzard|p2a: Calyrex|[spread] \n|-activate|p2a: Calyrex|move: Wide Guard\n|-activate|p2b: Zamazenta|move: Wide Guard\n|\n|-weather|Snowscape|[upkeep]\n|-heal|p1b: Glaceon|17/100|[from] ability: Ice Body\n|upkeep\n|turn|5\n|\n|t:|1746051079\n|switch|p2b: Ditto|Ditto, L50, shiny|100/100\n|-transform|p2b: Ditto|p1a: Cetitan|[from] ability: Imposter\n|move|p2a: Calyrex|Protect|p2a: Calyrex\n|-singleturn|p2a: Calyrex|Protect\n|move|p1a: Cetitan|Ice Spinner|p2b: Ditto\n|-resisted|p2b: Ditto\n|-damage|p2b: Ditto|70/100\n|move|p1b: Glaceon|Rest|p1b: Glaceon\n|-status|p1b: Glaceon|slp|[from] move: Rest\n|-heal|p1b: Glaceon|100/100 slp|[silent]\n|\n|-weather|none\n|upkeep\n|turn|6\n|j| entei enthusiast\n|\n|t:|1746051098\n|move|p2a: Calyrex|Astral Barrage|p1b: Glaceon|[spread] p1a,p1b\n|-damage|p1a: Cetitan|0 fnt\n|-damage|p1b: Glaceon|23/100 slp\n|faint|p1a: Cetitan\n|-ability|p2a: Calyrex|Grim Neigh|boost\n|-boost|p2a: Calyrex|spa|1\n|move|p2b: Ditto|Superpower|p1b: Glaceon\n|-supereffective|p1b: Glaceon\n|-damage|p1b: Glaceon|0 fnt\n|-unboost|p2b: Ditto|atk|1\n|-unboost|p2b: Ditto|def|1\n|faint|p1b: Glaceon\n|\n|win|tejaselfy\n|raw|Kiget's rating: 1044 &rarr; <strong>1028</strong><br />(-16 for losing)\n|raw|tejaselfy's rating: 1057 &rarr; <strong>1087</strong><br />(+30 for winning)\n|l|\u2606Kiget\n|player|p1|\n|l| entei enthusiast\n|l|\u2606tejaselfy\n|player|p2|\n|j| tjloriso15\n|l| tjloriso15\n", "uploadtime": 1746051438, "views": 5, "formatid": "gen9vgc2025regibo3", "rating": 1028, "private": 0, "password": null}