{"id": "gen9vgc2025regibo3-2354570102", "format": "[Gen 9] VGC 2025 Reg I (Bo3)", "players": ["MaeveOG", "zampe96"], "log": "|j|\u2606MaeveOG\n|j|\u2606zampe96\n|html|<table width=\"100%\"><tr><td align=\"left\">MaeveOG</td><td align=\"right\">zampe96</tr><tr><td align=\"left\"><i class=\"fa fa-circle-o\"></i> <i class=\"fa fa-circle-o\"></i> </td><td align=\"right\"><i class=\"fa fa-circle-o\"></i> <i class=\"fa fa-circle-o\"></i> </tr></table>\n|uhtml|bestof|<h2><strong>Game 1</strong> of <a href=\"/game-bestof3-gen9vgc2025regibo3-2354570101\">a best-of-3</a></h2>\n|t:|1746096281\n|gametype|doubles\n|player|p1|MaeveOG|cynthia|1102\n|player|p2|zampe96|102|1071\n|teamsize|p1|6\n|teamsize|p2|6\n|gen|9\n|tier|[Gen 9] VGC 2025 Reg I (Bo3)\n|rated|\n|rule|Species Clause: Limit one of each Pok\u00e9mon\n|rule|Item Clause: Limit 1 of each item\n|clearpoke\n|poke|p1|Calyrex-Shadow, L50|\n|poke|p1|Koraidon, L50|\n|poke|p1|Rillaboom, L50, M|\n|poke|p1|Incineroar, L50, M|\n|poke|p1|Urshifu-*, L50, M|\n|poke|p1|Tornadus, L50, M|\n|poke|p2|Calyrex-Ice, L50|\n|poke|p2|Kingambit, L50, F|\n|poke|p2|Urshifu-*, L50, F|\n|poke|p2|Eternatus, L50|\n|poke|p2|Landorus, L50, M|\n|poke|p2|Pelipper, L50, M|\n|teampreview|4\n|showteam|p1|Calyrex-Shadow||LifeOrb|AsOneSpectrier|AstralBarrage,DrainingKiss,NastyPlot,Protect||||||50|,,,,,Fairy]Koraidon||ClearAmulet|OrichalcumPulse|CollisionCourse,FlameCharge,FlareBlitz,Protect||||||50|,,,,,Fire]Rillaboom||AssaultVest|GrassySurge|WoodHammer,GrassyGlide,FakeOut,Uturn|||M|||50|,,,,,Fire]Incineroar||SafetyGoggles|Intimidate|PartingShot,WillOWisp,KnockOff,FakeOut|||M|||50|,,,,,Ghost]Urshifu||FocusSash|UnseenFist|CloseCombat,WickedBlow,SuckerPunch,Detect|||M|||50|,,,,,Poison]Tornadus||CovertCloak|Prankster|BleakwindStorm,Tailwind,Protect,Taunt|||M|||50|,,,,,Dark\n|showteam|p2|Calyrex-Ice||ClearAmulet|AsOneGlastrier|Protect,GlacialLance,HighHorsepower,TrickRoom||||||50|,,,,,Poison]Kingambit||AssaultVest|Defiant|SuckerPunch,KowtowCleave,IronHead,Taunt|||F|||50|,,,,,Fairy]Urshifu-Rapid-Strike||ChoiceScarf|UnseenFist|SurgingStrikes,CloseCombat,Coaching,Uturn|||F|||50|,,,,,Water]Eternatus||LifeOrb|Pressure|DynamaxCannon,SludgeWave,Flamethrower,Protect||||||50|,,,,,Poison]Landorus||ExpertBelt|SheerForce|Protect,EarthPower,SludgeBomb,SandsearStorm|||M|||50|,,,,,Poison]Pelipper||CovertCloak|Drizzle|Protect,WeatherBall,Hurricane,WideGuard|||M|||50|,,,,,Grass\n|inactive|Battle timer is ON: inactive players will automatically lose when time's up. (requested by MaeveOG)\n|inactive|MaeveOG has 60 seconds left.\n|inactive|zampe96 has 60 seconds left.\n|inactive|zampe96 has 30 seconds left.\n|inactive|zampe96 has 20 seconds left.\n|\n|t:|1746096355\n|start\n|switch|p1a: Calyrex|Calyrex-Shadow, L50|100/100\n|switch|p1b: Rillaboom|Rillaboom, L50, M|100/100\n|switch|p2a: Kingambit|Kingambit, L50, F|100/100\n|switch|p2b: Ichiban|Urshifu-Rapid-Strike, L50, F|100/100\n|-ability|p1a: Calyrex|As One\n|-ability|p1a: Calyrex|Unnerve\n|-fieldstart|move: Grassy Terrain|[from] ability: Grassy Surge|[of] p1b: Rillaboom\n|turn|1\n|inactive|MaeveOG has 30 seconds left.\n|inactive|zampe96 has 30 seconds left.\n|inactive|MaeveOG has 20 seconds left.\n|\n|t:|1746096393\n|switch|p2b: Eternatus|Eternatus, L50|100/100\n|-ability|p2b: Eternatus|Pressure\n|move|p1a: Calyrex|Protect|p1a: Calyrex\n|-singleturn|p1a: Calyrex|Protect\n|move|p1b: Rillaboom|Grassy Glide|p2b: Eternatus\n|-resisted|p2b: Eternatus\n|-damage|p2b: Eternatus|93/100\n|move|p2a: Kingambit|Kowtow Cleave|p1a: Calyrex\n|-activate|p1a: Calyrex|move: Protect\n|\n|-heal|p2b: Eternatus|99/100|[from] Grassy Terrain\n|upkeep\n|turn|2\n|\n|t:|1746096415\n|-terastallize|p2b: Eternatus|Poison\n|move|p1a: Calyrex|Astral Barrage|p2a: Kingambit|[spread] p2a,p2b\n|-resisted|p2a: Kingambit\n|-damage|p2a: Kingambit|77/100\n|-damage|p2b: Eternatus|41/100\n|-damage|p1a: Calyrex|91/100|[from] item: Life Orb\n|move|p2b: Eternatus|Sludge Wave|p1b: Rillaboom|[spread] p1a,p1b\n|-immune|p2a: Kingambit\n|-resisted|p1a: Calyrex\n|-supereffective|p1b: Rillaboom\n|-damage|p1a: Calyrex|54/100\n|-damage|p1b: Rillaboom|0 fnt\n|faint|p1b: Rillaboom\n|-damage|p2b: Eternatus|31/100|[from] item: Life Orb\n|move|p2a: Kingambit|Kowtow Cleave|p1a: Calyrex\n|-supereffective|p1a: Calyrex\n|-damage|p1a: Calyrex|0 fnt\n|faint|p1a: Calyrex\n|\n|-heal|p2b: Eternatus|37/100|[from] Grassy Terrain\n|-heal|p2a: Kingambit|83/100|[from] Grassy Terrain\n|upkeep\n|\n|t:|1746096438\n|switch|p1a: Koraidon|Koraidon, L50|100/100\n|switch|p1b: Incineroar|Incineroar, L50, M, shiny|100/100\n|-weather|SunnyDay|[from] ability: Orichalcum Pulse|[of] p1a: Koraidon\n|-activate|p1a: Koraidon|Orichalcum Pulse|[source]\n|-ability|p1b: Incineroar|Intimidate|boost\n|-unboost|p2a: Kingambit|atk|1\n|-ability|p2a: Kingambit|Defiant|boost\n|-boost|p2a: Kingambit|atk|2\n|-unboost|p2b: Eternatus|atk|1\n|turn|3\n|\n|t:|1746096456\n|-terastallize|p1a: Koraidon|Fire\n|move|p2b: Eternatus|Protect|p2b: Eternatus\n|-singleturn|p2b: Eternatus|Protect\n|move|p1b: Incineroar|Fake Out|p2a: Kingambit\n|-resisted|p2a: Kingambit\n|-damage|p2a: Kingambit|79/100\n|move|p1a: Koraidon|Collision Course|p2a: Kingambit\n|-supereffective|p2a: Kingambit\n|-damage|p2a: Kingambit|0 fnt\n|faint|p2a: Kingambit\n|\n|-weather|SunnyDay|[upkeep]\n|-heal|p2b: Eternatus|43/100|[from] Grassy Terrain\n|upkeep\n|\n|t:|1746096468\n|switch|p2a: Nanba|Landorus, L50, M|100/100\n|turn|4\n|\n|t:|1746096486\n|move|p1a: Koraidon|Flame Charge|p2b: Eternatus\n|-crit|p2b: Eternatus\n|-damage|p2b: Eternatus|0 fnt\n|-boost|p1a: Koraidon|spe|1\n|faint|p2b: Eternatus\n|move|p2a: Nanba|Earth Power|p1b: Incineroar\n|-supereffective|p1b: Incineroar\n|-damage|p1b: Incineroar|0 fnt\n|faint|p1b: Incineroar\n|\n|-weather|SunnyDay|[upkeep]\n|upkeep\n|\n|t:|1746096494\n|switch|p2b: Ichiban|Urshifu-Rapid-Strike, L50, F|100/100\n|turn|5\n|\n|t:|1746096502\n|move|p2a: Nanba|Protect|p2a: Nanba\n|-singleturn|p2a: Nanba|Protect\n|move|p1a: Koraidon|Flame Charge|p2a: Nanba\n|-activate|p2a: Nanba|move: Protect\n|move|p2b: Ichiban|Close Combat|p1a: Koraidon\n|-damage|p1a: Koraidon|39/100\n|-unboost|p2b: Ichiban|def|1\n|-unboost|p2b: Ichiban|spd|1\n|\n|-weather|SunnyDay|[upkeep]\n|-heal|p1a: Koraidon|44/100|[from] Grassy Terrain\n|-fieldend|move: Grassy Terrain\n|upkeep\n|turn|6\n|\n|t:|1746096516\n|move|p1a: Koraidon|Collision Course|p2a: Nanba\n|-resisted|p2a: Nanba\n|-damage|p2a: Nanba|62/100\n|move|p2b: Ichiban|Close Combat|p1a: Koraidon\n|-damage|p1a: Koraidon|0 fnt\n|-unboost|p2b: Ichiban|def|1\n|-unboost|p2b: Ichiban|spd|1\n|faint|p1a: Koraidon\n|\n|win|zampe96\n|l|\u2606MaeveOG\n|player|p1|\n||MaeveOG is ready for game 2.\n|inactive|zampe96 has 30 seconds to confirm battle start!\n|l|\u2606zampe96\n|player|p2|\n||zampe96 is ready for game 2.\n|uhtml|next|Next: <a href=\"/battle-gen9vgc2025regibo3-2354571570\"><strong>Game 2 of 3</strong></a>\n", "uploadtime": 1746096782, "views": 7, "formatid": "gen9vgc2025regibo3", "rating": null, "private": 0, "password": null}