{"id": "gen9vgc2025regibo3-2353683297", "format": "[Gen 9] VGC 2025 Reg I (Bo3)", "players": ["arespatatero51", "TellAll"], "log": "|j|\u2606arespatatero51\n|j|\u2606TellAll\n|html|<table width=\"100%\"><tr><td align=\"left\">arespatatero51</td><td align=\"right\">TellAll</tr><tr><td align=\"left\"><i class=\"fa fa-circle-o\"></i> <i class=\"fa fa-circle-o\"></i> </td><td align=\"right\"><i class=\"fa fa-circle-o\"></i> <i class=\"fa fa-circle\"></i> </tr></table>\n|uhtml|bestof|<h2><strong>Game 2</strong> of <a href=\"/game-bestof3-gen9vgc2025regibo3-2353679692\">a best-of-3</a></h2>\n|t:|1745983147\n|gametype|doubles\n|player|p1|arespatatero51|miku-ghost|1068\n|player|p2|TellAll|169|1000\n|teamsize|p1|6\n|teamsize|p2|6\n|gen|9\n|tier|[Gen 9] VGC 2025 Reg I (Bo3)\n|rated|\n|rule|Species Clause: Limit one of each Pok\u00e9mon\n|rule|Item Clause: Limit 1 of each item\n|clearpoke\n|poke|p1|Lunala, L50|\n|poke|p1|Miraidon, L50|\n|poke|p1|Chi-Yu, L50|\n|poke|p1|Iron Hands, L50|\n|poke|p1|Ogerpon-Wellspring, L50, F|\n|poke|p1|Flutter Mane, L50|\n|poke|p2|Miraidon, L50|\n|poke|p2|Whimsicott, L50, M|\n|poke|p2|Farigiraf, L50, M|\n|poke|p2|Iron Hands, L50|\n|poke|p2|Calyrex-Shadow, L50|\n|poke|p2|Incineroar, L50, F|\n|teampreview|4\n|showteam|p1|Lunala||PowerHerb|ShadowShield|MeteorBeam,Moonblast,MoongeistBeam,WideGuard||||||50|,,,,,Fairy]Miraidon||ChoiceSpecs|HadronEngine|ElectroDrift,DazzlingGleam,VoltSwitch,DracoMeteor||||||50|,,,,,Fairy]Chi-Yu||ChoiceScarf|BeadsofRuin|HeatWave,Snarl,Overheat,DarkPulse||||||50|,,,,,Water]Iron Hands||Leftovers|QuarkDrive|FakeOut,WildCharge,HeavySlam,Protect||||||50|,,,,,Steel]Ogerpon-Wellspring||WellspringMask|WaterAbsorb|FollowMe,SpikyShield,IvyCudgel,WoodHammer|||F|||50|,,,,,Water]Flutter Mane||BoosterEnergy|Protosynthesis|Protect,ShadowBall,Moonblast,CalmMind||||||50|,,,,,Fire\n|showteam|p2|Miraidon||ChoiceSpecs|HadronEngine|ElectroDrift,DracoMeteor,VoltSwitch,DazzlingGleam||||||50|,,,,,Fairy]Whimsicott||CovertCloak|Prankster|Tailwind,Encore,LightScreen,Moonblast|||M|||50|,,,,,Dark]Farigiraf||ElectricSeed|ArmorTail|Psychic,FoulPlay,HelpingHand,TrickRoom|||M|||50|,,,,,Dark]Iron Hands||AssaultVest|QuarkDrive|LowKick,DrainPunch,WildCharge,FakeOut||||||50|,,,,,Water]Calyrex-Shadow||FocusSash|AsOneSpectrier|AstralBarrage,ExpandingForce,PollenPuff,Protect||||||50|,,,,,Ghost]Incineroar||RockyHelmet|Intimidate|FakeOut,Uturn,KnockOff,FlareBlitz|||F|||50|,,,,,Bug\n|\n|t:|1745983170\n|start\n|switch|p1a: Lunala|Lunala, L50, shiny|100/100\n|switch|p1b: Chi-Yu|Chi-Yu, L50|100/100\n|switch|p2a: Miraidon|Miraidon, L50|100/100\n|switch|p2b: Iron Hands|Iron Hands, L50|100/100\n|-ability|p1b: Chi-Yu|Beads of Ruin\n|-fieldstart|move: Electric Terrain|[from] ability: Hadron Engine|[of] p2a: Miraidon\n|-activate|p2b: Iron Hands|ability: Quark Drive\n|-start|p2b: Iron Hands|quarkdriveatk\n|turn|1\n|\n|t:|1745983233\n|switch|p1b: Iron Hands|Iron Hands, L50, shiny|100/100\n|-activate|p1b: Iron Hands|ability: Quark Drive\n|-start|p1b: Iron Hands|quarkdriveatk\n|move|p2b: Iron Hands|Fake Out|p1a: Lunala\n|-immune|p1a: Lunala\n|move|p2a: Miraidon|Electro Drift|p1a: Lunala\n|-damage|p1a: Lunala|58/100\n|move|p1a: Lunala|Meteor Beam||[still]\n|-prepare|p1a: Lunala|Meteor Beam\n|-boost|p1a: Lunala|spa|1\n|-enditem|p1a: Lunala|Power Herb\n|-anim|p1a: Lunala|Meteor Beam|p2a: Miraidon\n|-damage|p2a: Miraidon|37/100\n|\n|upkeep\n|turn|2\n|\n|t:|1745983296\n|switch|p2a: Calyrex|Calyrex-Shadow, L50|100/100\n|-ability|p2a: Calyrex|As One\n|-ability|p2a: Calyrex|Unnerve\n|move|p1b: Iron Hands|Fake Out|p2a: Calyrex\n|-immune|p2a: Calyrex\n|move|p1a: Lunala|Moonblast|p2a: Calyrex\n|-damage|p2a: Calyrex|48/100\n|move|p2b: Iron Hands|Wild Charge|p1a: Lunala\n|-damage|p1a: Lunala|0 fnt\n|faint|p1a: Lunala\n|-damage|p2b: Iron Hands|87/100|[from] Recoil\n|\n|upkeep\n|\n|t:|1745983309\n|switch|p1a: Chi-Yu|Chi-Yu, L50|100/100\n|-ability|p1a: Chi-Yu|Beads of Ruin\n|turn|3\n|\n|t:|1745983342\n|move|p2a: Calyrex|Protect|p2a: Calyrex\n|-singleturn|p2a: Calyrex|Protect\n|move|p1a: Chi-Yu|Overheat|p2b: Iron Hands\n|-damage|p2b: Iron Hands|39/100\n|-unboost|p1a: Chi-Yu|spa|2\n|move|p1b: Iron Hands|Wild Charge|p2b: Iron Hands\n|-resisted|p2b: Iron Hands\n|-damage|p2b: Iron Hands|6/100\n|-damage|p1b: Iron Hands|93/100|[from] Recoil\n|move|p2b: Iron Hands|Drain Punch|p1a: Chi-Yu\n|-supereffective|p1a: Chi-Yu\n|-damage|p1a: Chi-Yu|0 fnt\n|-heal|p2b: Iron Hands|33/100|[from] drain|[of] p1a: Chi-Yu\n|faint|p1a: Chi-Yu\n|\n|-heal|p1b: Iron Hands|99/100|[from] item: Leftovers\n|upkeep\n|\n|t:|1745983353\n|switch|p1a: Miraidon|Miraidon, L50|100/100\n|-activate|p1a: Miraidon|ability: Hadron Engine\n|turn|4\n|\n|t:|1745983397\n|switch|p2a: Whimsicott|Whimsicott, L50, M|100/100\n|-terastallize|p1a: Miraidon|Fairy\n|move|p1b: Iron Hands|Protect|p1b: Iron Hands\n|-singleturn|p1b: Iron Hands|Protect\n|move|p1a: Miraidon|Dazzling Gleam|p2a: Whimsicott|[spread] p2a,p2b\n|-supereffective|p2b: Iron Hands\n|-damage|p2a: Whimsicott|23/100\n|-damage|p2b: Iron Hands|0 fnt\n|faint|p2b: Iron Hands\n|-end|p2b: Iron Hands|Quark Drive|[silent]\n|\n|-heal|p1b: Iron Hands|100/100|[from] item: Leftovers\n|upkeep\n|\n|t:|1745983421\n|switch|p2b: Miraidon|Miraidon, L50|37/100\n|-activate|p2b: Miraidon|ability: Hadron Engine\n|turn|5\n|\n|t:|1745983433\n|move|p2a: Whimsicott|Tailwind|p2a: Whimsicott\n|-sidestart|p2: TellAll|move: Tailwind\n|move|p2b: Miraidon|Electro Drift|p1a: Miraidon\n|-damage|p1a: Miraidon|0 fnt\n|faint|p1a: Miraidon\n|move|p1b: Iron Hands|Heavy Slam|p2a: Whimsicott\n|-supereffective|p2a: Whimsicott\n|-damage|p2a: Whimsicott|0 fnt\n|faint|p2a: Whimsicott\n|\n|-fieldend|move: Electric Terrain\n|-end|p1b: Iron Hands|Quark Drive\n|upkeep\n|\n|t:|1745983444\n|switch|p2a: Calyrex|Calyrex-Shadow, L50|48/100\n|-ability|p2a: Calyrex|As One\n|-ability|p2a: Calyrex|Unnerve\n|turn|6\n|inactive|Battle timer is ON: inactive players will automatically lose when time's up. (requested by arespatatero51)\n|\n|t:|1745983473\n|move|p2a: Calyrex|Expanding Force|p1b: Iron Hands\n|-supereffective|p1b: Iron Hands\n|-damage|p1b: Iron Hands|15/100\n|move|p2b: Miraidon|Electro Drift|p1b: Iron Hands\n|-resisted|p1b: Iron Hands\n|-damage|p1b: Iron Hands|0 fnt\n|faint|p1b: Iron Hands\n|-end|p1b: Iron Hands|Quark Drive|[silent]\n|\n|win|TellAll\n|raw|arespatatero51's rating: 1068 &rarr; <strong>1044</strong><br />(-24 for losing)\n|raw|TellAll's rating: 1000 &rarr; <strong>1048</strong><br />(+48 for winning)\n|l|\u2606arespatatero51\n|player|p1|\n", "uploadtime": 1745983580, "views": 13, "formatid": "gen9vgc2025regibo3", "rating": 1044, "private": 0, "password": null}