{"id": "gen9vgc2025regibo3-2353443002", "format": "[Gen 9] VGC 2025 Reg I (Bo3)", "players": ["Mentalsyndrome", "clawboi"], "log": "|j|\u2606Mentalsyndrome\n|j|\u2606clawboi\n|html|<table width=\"100%\"><tr><td align=\"left\">Mentalsyndrome</td><td align=\"right\">clawboi</tr><tr><td align=\"left\"><i class=\"fa fa-circle-o\"></i> <i class=\"fa fa-circle-o\"></i> </td><td align=\"right\"><i class=\"fa fa-circle-o\"></i> <i class=\"fa fa-circle\"></i> </tr></table>\n|uhtml|bestof|<h2><strong>Game 2</strong> of <a href=\"/game-bestof3-gen9vgc2025regibo3-2353440531\">a best-of-3</a></h2>\n|t:|1745956397\n|gametype|doubles\n|player|p1|Mentalsyndrome|101|1229\n|player|p2|clawboi|265|1218\n|teamsize|p1|6\n|teamsize|p2|6\n|gen|9\n|tier|[Gen 9] VGC 2025 Reg I (Bo3)\n|rated|\n|rule|Species Clause: Limit one of each Pok\u00e9mon\n|rule|Item Clause: Limit 1 of each item\n|clearpoke\n|poke|p1|Bastiodon, L50, M|\n|poke|p1|Flutter Mane, L50|\n|poke|p1|Grimmsnarl, L50, M|\n|poke|p1|Koraidon, L50|\n|poke|p1|Groudon, L50|\n|poke|p1|Brute Bonnet, L50|\n|poke|p2|Miraidon, L50|\n|poke|p2|Ho-Oh, L50|\n|poke|p2|Farigiraf, L50, F|\n|poke|p2|Iron Hands, L50|\n|poke|p2|Iron Valiant, L50|\n|poke|p2|Ursaluna, L50, M|\n|teampreview|4\n|showteam|p1|Bastiodon||Leftovers|Sturdy|IronDefense,BodyPress,WideGuard,FoulPlay|||M|||50|,,,,,Water]Flutter Mane||FocusSash|Protosynthesis|IcyWind,Moonblast,Protect,Taunt||||||50|,,,,,Normal]Grimmsnarl||LightClay|Prankster|Reflect,LightScreen,SpiritBreak,ThunderWave|||M|||50|,,,,,Ghost]Koraidon||ClearAmulet|OrichalcumPulse|FlareBlitz,FlameCharge,CloseCombat,Protect||||||50|,,,,,Fire]Groudon||AssaultVest|Drought|PrecipiceBlades,HeatCrash,ThunderPunch,HighHorsepower||||||50|,,,,,Fire]Brute Bonnet||CovertCloak|Protosynthesis|SuckerPunch,Spore,RagePowder,SeedBomb||||||50|,,,,,Poison\n|showteam|p2|Miraidon||LifeOrb|HadronEngine|ElectroDrift,VoltSwitch,DracoMeteor,Protect||||||50|,,,,,Electric]Ho-Oh||ClearAmulet|Regenerator|SacredFire,BraveBird,Tailwind,Protect||||||50|,,,,,Grass]Farigiraf||ElectricSeed|ArmorTail|Psychic,FoulPlay,HelpingHand,TrickRoom|||F|||50|,,,,,Water]Iron Hands||AssaultVest|QuarkDrive|FakeOut,WildCharge,VoltSwitch,DrainPunch||||||50|,,,,,Bug]Iron Valiant||FocusSash|QuarkDrive|Moonblast,WideGuard,Disable,Protect||||||50|,,,,,Steel]Ursaluna||FlameOrb|Guts|Facade,HeadlongRush,Earthquake,Protect|||M|||50|,,,,,Ghost\n|inactive|Battle timer is ON: inactive players will automatically lose when time's up. (requested by clawboi)\n|inactive|Mentalsyndrome also wants the timer to be on.\n|\n|t:|1745956419\n|start\n|switch|p1a: Don Steadman|Flutter Mane, L50|100/100\n|switch|p1b: Don Hotwheels|Koraidon, L50|100/100\n|switch|p2a: Iron Hands|Iron Hands, L50|100/100\n|switch|p2b: Farigiraf|Farigiraf, L50, F|100/100\n|-weather|SunnyDay|[from] ability: Orichalcum Pulse|[of] p1b: Don Hotwheels\n|-activate|p1a: Don Steadman|ability: Protosynthesis\n|-start|p1a: Don Steadman|protosynthesisspe\n|-activate|p1b: Don Hotwheels|Orichalcum Pulse|[source]\n|turn|1\n|\n|t:|1745956424\n|-terastallize|p1b: Don Hotwheels|Fire\n|move|p2a: Iron Hands|Fake Out|p1b: Don Hotwheels\n|-damage|p1b: Don Hotwheels|86/100\n|move|p1a: Don Steadman|Moonblast|p2a: Iron Hands\n|-supereffective|p2a: Iron Hands\n|-damage|p2a: Iron Hands|48/100\n|-unboost|p2a: Iron Hands|spa|1\n|cant|p1b: Don Hotwheels|flinch\n|move|p2b: Farigiraf|Psychic|p1b: Don Hotwheels\n|-damage|p1b: Don Hotwheels|53/100\n|\n|-weather|SunnyDay|[upkeep]\n|upkeep\n|turn|2\n|\n|t:|1745956439\n|move|p1a: Don Steadman|Taunt|p2b: Farigiraf\n|-start|p2b: Farigiraf|move: Taunt\n|move|p1b: Don Hotwheels|Flame Charge|p2a: Iron Hands\n|-damage|p2a: Iron Hands|0 fnt\n|-boost|p1b: Don Hotwheels|spe|1\n|faint|p2a: Iron Hands\n|-end|p2a: Iron Hands|Quark Drive|[silent]\n|cant|p2b: Farigiraf|move: Taunt|Trick Room\n|\n|-weather|SunnyDay|[upkeep]\n|upkeep\n|\n|t:|1745956443\n|switch|p2a: Ho-Oh|Ho-Oh, L50|100/100\n|turn|3\n|inactive|Mentalsyndrome has 30 seconds left.\n|\n|t:|1745956471\n|move|p1b: Don Hotwheels|Protect|p1b: Don Hotwheels\n|-singleturn|p1b: Don Hotwheels|Protect\n|move|p1a: Don Steadman|Taunt|p2a: Ho-Oh\n|-start|p2a: Ho-Oh|move: Taunt\n|move|p2a: Ho-Oh|Brave Bird|p1b: Don Hotwheels\n|-activate|p1b: Don Hotwheels|move: Protect\n|move|p2b: Farigiraf|Psychic|p1a: Don Steadman\n|-damage|p1a: Don Steadman|62/100\n|\n|-weather|SunnyDay|[upkeep]\n|upkeep\n|turn|4\n|inactive|clawboi has 30 seconds left.\n|inactive|clawboi has 20 seconds left.\n|inactive|clawboi has 15 seconds left.\n|\n|t:|1745956512\n|move|p1a: Don Steadman|Protect|p1a: Don Steadman\n|-singleturn|p1a: Don Steadman|Protect\n|move|p1b: Don Hotwheels|Flare Blitz|p2b: Farigiraf\n|-damage|p2b: Farigiraf|0 fnt\n|faint|p2b: Farigiraf\n|-damage|p1b: Don Hotwheels|12/100|[from] Recoil\n|move|p2a: Ho-Oh|Sacred Fire|p1a: Don Steadman\n|-activate|p1a: Don Steadman|move: Protect\n|\n|-weather|SunnyDay|[upkeep]\n|upkeep\n|\n|t:|1745956515\n|switch|p2b: Ursaluna|Ursaluna, L50, M|100/100\n|turn|5\n|\n|t:|1745956523\n|move|p2b: Ursaluna|Protect|p2b: Ursaluna\n|-singleturn|p2b: Ursaluna|Protect\n|move|p1a: Don Steadman|Moonblast|p2a: Ho-Oh\n|-resisted|p2a: Ho-Oh\n|-damage|p2a: Ho-Oh|84/100\n|move|p1b: Don Hotwheels|Flare Blitz|p2b: Ursaluna\n|-activate|p2b: Ursaluna|move: Protect\n|move|p2a: Ho-Oh|Brave Bird|p1b: Don Hotwheels\n|-damage|p1b: Don Hotwheels|0 fnt\n|faint|p1b: Don Hotwheels\n|-damage|p2a: Ho-Oh|80/100|[from] Recoil\n|\n|-weather|none\n|-end|p1a: Don Steadman|Protosynthesis\n|-end|p2a: Ho-Oh|move: Taunt\n|-status|p2b: Ursaluna|brn|[from] item: Flame Orb\n|upkeep\n|\n|t:|1745956529\n|switch|p1b: Don Bastio|Bastiodon, L50, M|100/100\n|turn|6\n|\n|t:|1745956541\n|move|p1a: Don Steadman|Moonblast|p2b: Ursaluna\n|-damage|p2b: Ursaluna|51/100 brn\n|-unboost|p2b: Ursaluna|spa|1\n|move|p2a: Ho-Oh|Sacred Fire|p1a: Don Steadman\n|-damage|p1a: Don Steadman|0 fnt\n|faint|p1a: Don Steadman\n|-end|p1a: Don Steadman|Protosynthesis|[silent]\n|move|p2b: Ursaluna|Headlong Rush|p1b: Don Bastio\n|-supereffective|p1b: Don Bastio\n|-ability|p1b: Don Bastio|Sturdy\n|-damage|p1b: Don Bastio|1/100\n|-unboost|p2b: Ursaluna|def|1\n|-unboost|p2b: Ursaluna|spd|1\n|move|p1b: Don Bastio|Foul Play|p2b: Ursaluna\n|-damage|p2b: Ursaluna|8/100 brn\n|\n|-heal|p1b: Don Bastio|7/100|[from] item: Leftovers\n|-damage|p2b: Ursaluna|2/100 brn|[from] brn\n|upkeep\n|\n|t:|1745956544\n|switch|p1a: Groudon|Groudon, L50|100/100\n|-weather|SunnyDay|[from] ability: Drought|[of] p1a: Groudon\n|turn|7\n|\n|t:|1745956557\n|move|p1b: Don Bastio|Wide Guard|p1b: Don Bastio\n|-singleturn|p1b: Don Bastio|Wide Guard\n|move|p2a: Ho-Oh|Sacred Fire|p1b: Don Bastio\n|-damage|p1b: Don Bastio|0 fnt\n|faint|p1b: Don Bastio\n|move|p1a: Groudon|Thunder Punch|p2a: Ho-Oh\n|-supereffective|p2a: Ho-Oh\n|-damage|p2a: Ho-Oh|26/100\n|move|p2b: Ursaluna|Facade|p1a: Groudon\n|-damage|p1a: Groudon|19/100\n|\n|-weather|SunnyDay|[upkeep]\n|-damage|p2b: Ursaluna|0 fnt|[from] brn\n|faint|p2b: Ursaluna\n|upkeep\n|turn|8\n|\n|t:|1745956572\n|move|p2a: Ho-Oh|Brave Bird|p1a: Groudon\n|-damage|p1a: Groudon|0 fnt\n|faint|p1a: Groudon\n|-damage|p2a: Ho-Oh|20/100|[from] Recoil\n|\n|win|clawboi\n|raw|Mentalsyndrome's rating: 1229 &rarr; <strong>1203</strong><br />(-26 for losing)\n|raw|clawboi's rating: 1218 &rarr; <strong>1244</strong><br />(+26 for winning)\n", "uploadtime": 1745956575, "views": 10, "formatid": "gen9vgc2025regibo3", "rating": 1203, "private": 0, "password": null}