{"id": "gen9vgc2025regibo3-2353409470", "format": "[Gen 9] VGC 2025 Reg I (Bo3)", "players": ["UnderratedBanana", "7enzc7"], "log": "|j|\u2606UnderratedBanana\n|j|\u26067enzc7\n|html|<table width=\"100%\"><tr><td align=\"left\">UnderratedBanana</td><td align=\"right\">7enzc7</tr><tr><td align=\"left\"><i class=\"fa fa-circle\"></i> <i class=\"fa fa-circle-o\"></i> </td><td align=\"right\"><i class=\"fa fa-circle-o\"></i> <i class=\"fa fa-circle-o\"></i> </tr></table>\n|uhtml|bestof|<h2><strong>Game 2</strong> of <a href=\"/game-bestof3-gen9vgc2025regibo3-2353406966\">a best-of-3</a></h2>\n|t:|1745953415\n|gametype|doubles\n|player|p1|UnderratedBanana|psychic|1046\n|player|p2|7enzc7|101|1038\n|teamsize|p1|6\n|teamsize|p2|6\n|gen|9\n|tier|[Gen 9] VGC 2025 Reg I (Bo3)\n|rated|\n|rule|Species Clause: Limit one of each Pok\u00e9mon\n|rule|Item Clause: Limit 1 of each item\n|clearpoke\n|poke|p1|Groudon, L50|\n|poke|p1|Calyrex-Shadow, L50|\n|poke|p1|Walking Wake, L50|\n|poke|p1|Flutter Mane, L50|\n|poke|p1|Rillaboom, L50, M|\n|poke|p1|Chi-Yu, L50|\n|poke|p2|Calyrex-Shadow, L50|\n|poke|p2|Koraidon, L50|\n|poke|p2|Brute Bonnet, L50|\n|poke|p2|Raging Bolt, L50|\n|poke|p2|Incineroar, L50, F|\n|poke|p2|Ogerpon-Cornerstone, L50, F|\n|teampreview|4\n|showteam|p1|Groudon||ClearAmulet|Drought|PrecipiceBlades,ThunderPunch,HeatCrash,Protect||||||50|,,,,,Fire]Calyrex-Shadow||LifeOrb|AsOneSpectrier|AstralBarrage,Psychic,Protect,WillOWisp||||||50|,,,,,Fairy]Walking Wake||ChoiceScarf|Protosynthesis|DragonPulse,HydroSteam,DracoMeteor,Flamethrower||||||50|,,,,,Water]Flutter Mane||BoosterEnergy|Protosynthesis|ThunderWave,DazzlingGleam,IcyWind,Taunt||||||50|,,,,,Fairy]Rillaboom||AssaultVest|GrassySurge|FakeOut,Uturn,GrassyGlide,KnockOff|||M|||50|,,,,,Fire]Chi-Yu||FocusSash|BeadsofRuin|Flamethrower,DarkPulse,HeatWave,Protect||||||50|,,,,,Ghost\n|showteam|p2|Calyrex-Shadow||FocusSash|AsOneSpectrier|AstralBarrage,Psychic,Encore,Protect||||||50|,,,,,Ghost]Koraidon||LifeOrb|OrichalcumPulse|CloseCombat,FlareBlitz,FlameCharge,Protect||||||50|,,,,,Fire]Brute Bonnet||CovertCloak|Protosynthesis|Spore,RagePowder,SuckerPunch,Protect||||||50|,,,,,Water]Raging Bolt||AssaultVest|Protosynthesis|Thunderbolt,Thunderclap,DracoMeteor,Electroweb||||||50|,,,,,Fairy]Incineroar||SafetyGoggles|Intimidate|KnockOff,Taunt,PartingShot,FakeOut|||F|||50|,,,,,Ghost]Ogerpon-Cornerstone||CornerstoneMask|Sturdy|IvyCudgel,FollowMe,SpikyShield,PowerWhip|||F|||50|,,,,,Rock\n|j| nakukitten\n|inactive|Battle timer is ON: inactive players will automatically lose when time's up. (requested by 7enzc7)\n|\n|t:|1745953477\n|start\n|switch|p1a: Calyrex|Calyrex-Shadow, L50|100/100\n|switch|p1b: Flutter Mane|Flutter Mane, L50|100/100\n|switch|p2a: Raging Bolt|Raging Bolt, L50|100/100\n|switch|p2b: Calyrex|Calyrex-Shadow, L50|100/100\n|-ability|p2b: Calyrex|As One\n|-ability|p2b: Calyrex|Unnerve\n|-ability|p1a: Calyrex|As One\n|-ability|p1a: Calyrex|Unnerve\n|-enditem|p1b: Flutter Mane|Booster Energy\n|-activate|p1b: Flutter Mane|ability: Protosynthesis|[fromitem]\n|-start|p1b: Flutter Mane|protosynthesisspe\n|turn|1\n|\n|t:|1745953501\n|-terastallize|p2a: Raging Bolt|Fairy\n|move|p2b: Calyrex|Protect|p2b: Calyrex\n|-singleturn|p2b: Calyrex|Protect\n|move|p1b: Flutter Mane|Icy Wind|p2b: Calyrex|[spread] p2a\n|-activate|p2b: Calyrex|move: Protect\n|-damage|p2a: Raging Bolt|92/100\n|-unboost|p2a: Raging Bolt|spe|1\n|move|p1a: Calyrex|Astral Barrage|p2a: Raging Bolt|[spread] p2a\n|-activate|p2b: Calyrex|move: Protect\n|-damage|p2a: Raging Bolt|48/100\n|-damage|p1a: Calyrex|91/100|[from] item: Life Orb\n|move|p2a: Raging Bolt|Electroweb|p1a: Calyrex|[spread] p1a,p1b\n|-crit|p1a: Calyrex\n|-damage|p1a: Calyrex|57/100\n|-damage|p1b: Flutter Mane|78/100\n|-unboost|p1a: Calyrex|spe|1\n|-unboost|p1b: Flutter Mane|spe|1\n|\n|upkeep\n|turn|2\n|inactive|UnderratedBanana has 30 seconds left.\n|inactive|7enzc7 has 30 seconds left.\n|inactive|UnderratedBanana has 20 seconds left.\n|inactive|7enzc7 has 20 seconds left.\n|inactive|7enzc7 has 15 seconds left.\n|\n|t:|1745953542\n|switch|p1a: Groudon|Groudon, L50|100/100\n|-weather|SunnyDay|[from] ability: Drought|[of] p1a: Groudon\n|-activate|p2a: Raging Bolt|ability: Protosynthesis\n|-start|p2a: Raging Bolt|protosynthesisspa\n|-terastallize|p1b: Flutter Mane|Fairy\n|move|p2a: Raging Bolt|Thunderclap||[still]\n|-fail|p2a: Raging Bolt\n|move|p2b: Calyrex|Astral Barrage|p1a: Groudon|[spread] p1a,p1b\n|-damage|p1a: Groudon|54/100\n|-damage|p1b: Flutter Mane|19/100\n|move|p1b: Flutter Mane|Thunder Wave|p2b: Calyrex\n|-status|p2b: Calyrex|par\n|\n|-weather|SunnyDay|[upkeep]\n|upkeep\n|turn|3\n|inactive|UnderratedBanana has 30 seconds left.\n|inactive|7enzc7 has 30 seconds left.\n|inactive|7enzc7 has 20 seconds left.\n|\n|t:|1745953581\n|-end|p2a: Raging Bolt|Protosynthesis|[silent]\n|switch|p2a: Brute Bonnet|Brute Bonnet, L50|100/100\n|-activate|p2a: Brute Bonnet|ability: Protosynthesis\n|-start|p2a: Brute Bonnet|protosynthesisdef\n|move|p1b: Flutter Mane|Thunder Wave|p2a: Brute Bonnet\n|-status|p2a: Brute Bonnet|par\n|move|p2b: Calyrex|Astral Barrage|p1b: Flutter Mane|[spread] p1a,p1b\n|-damage|p1a: Groudon|6/100\n|-damage|p1b: Flutter Mane|0 fnt\n|faint|p1b: Flutter Mane\n|-end|p1b: Flutter Mane|Protosynthesis|[silent]\n|-ability|p2b: Calyrex|Grim Neigh|boost\n|-boost|p2b: Calyrex|spa|1\n|move|p1a: Groudon|Precipice Blades|p2b: Calyrex|[spread] p2a,p2b\n|-resisted|p2a: Brute Bonnet\n|-damage|p2a: Brute Bonnet|88/100 par\n|-damage|p2b: Calyrex|39/100 par\n|\n|-weather|SunnyDay|[upkeep]\n|upkeep\n|\n|t:|1745953597\n|switch|p1b: Calyrex|Calyrex-Shadow, L50|57/100\n|-ability|p1b: Calyrex|As One\n|-ability|p1b: Calyrex|Unnerve\n|turn|4\n|inactive|7enzc7 has 30 seconds left.\n|inactive|UnderratedBanana has 30 seconds left.\n|\n|t:|1745953630\n|move|p1b: Calyrex|Protect|p1b: Calyrex\n|-singleturn|p1b: Calyrex|Protect\n|move|p2b: Calyrex|Protect|p2b: Calyrex\n|-singleturn|p2b: Calyrex|Protect\n|move|p2a: Brute Bonnet|Sucker Punch|p1a: Groudon\n|-damage|p1a: Groudon|0 fnt\n|faint|p1a: Groudon\n|\n|-weather|SunnyDay|[upkeep]\n|upkeep\n|\n|t:|1745953635\n|switch|p1a: Walking Wake|Walking Wake, L50|100/100\n|-activate|p1a: Walking Wake|ability: Protosynthesis\n|-start|p1a: Walking Wake|protosynthesisspa\n|turn|5\n|\n|t:|1745953657\n|move|p2a: Brute Bonnet|Sucker Punch|p1b: Calyrex\n|-supereffective|p1b: Calyrex\n|-crit|p1b: Calyrex\n|-damage|p1b: Calyrex|0 fnt\n|faint|p1b: Calyrex\n|move|p1a: Walking Wake|Flamethrower|p2b: Calyrex\n|-damage|p2b: Calyrex|0 fnt\n|faint|p2b: Calyrex\n|\n|-weather|SunnyDay|[upkeep]\n|upkeep\n|\n|t:|1745953668\n|switch|p2b: Raging Bolt|Raging Bolt, L50, tera:Fairy|48/100\n|-activate|p2b: Raging Bolt|ability: Protosynthesis\n|-start|p2b: Raging Bolt|protosynthesisspa\n|turn|6\n|\n|t:|1745953675\n|move|p2b: Raging Bolt|Thunderclap|p1a: Walking Wake\n|-damage|p1a: Walking Wake|43/100\n|move|p1a: Walking Wake|Flamethrower|p2b: Raging Bolt\n|-damage|p2b: Raging Bolt|7/100\n|-status|p2b: Raging Bolt|brn\n|move|p2a: Brute Bonnet|Spore|p1a: Walking Wake\n|-status|p1a: Walking Wake|slp|[from] move: Spore\n|\n|-weather|none\n|-end|p1a: Walking Wake|Protosynthesis\n|-end|p2b: Raging Bolt|Protosynthesis\n|-end|p2a: Brute Bonnet|Protosynthesis\n|-damage|p2b: Raging Bolt|1/100 brn|[from] brn\n|upkeep\n|turn|7\n|-message|UnderratedBanana forfeited.\n|\n|win|7enzc7\n|l|\u2606UnderratedBanana\n|player|p1|\n||UnderratedBanana is ready for game 3.\n|inactive|7enzc7 has 30 seconds to confirm battle start!\n|inactive|7enzc7 has 20 seconds to confirm battle start!\n|inactive|7enzc7 has 10 seconds to confirm battle start!\n||7enzc7 is ready for game 3.\n|uhtml|next|Next: <a href=\"/battle-gen9vgc2025regibo3-2353412867\"><strong>Game 3 of 3</strong></a>\n|l| nakukitten\n", "uploadtime": 1745953897, "views": 13, "formatid": "gen9vgc2025regibo3", "rating": null, "private": 0, "password": null}