{"id": "gen9vgc2025regibo3-2354227661", "format": "[Gen 9] VGC 2025 Reg I (Bo3)", "players": ["Drogaplut003", "ramuia"], "log": "|j|\u2606Drogaplut003\n|j|\u2606ramuia\n|html|<table width=\"100%\"><tr><td align=\"left\">Drogaplut003</td><td align=\"right\">ramuia</tr><tr><td align=\"left\"><i class=\"fa fa-circle-o\"></i> <i class=\"fa fa-circle-o\"></i> </td><td align=\"right\"><i class=\"fa fa-circle-o\"></i> <i class=\"fa fa-circle-o\"></i> </tr></table>\n|uhtml|bestof|<h2><strong>Game 1</strong> of <a href=\"/game-bestof3-gen9vgc2025regibo3-2354227660\">a best-of-3</a></h2>\n|t:|1746046760\n|gametype|doubles\n|player|p1|Drogaplut003|clown|1211\n|player|p2|ramuia|bellepa|1191\n|teamsize|p1|6\n|teamsize|p2|6\n|gen|9\n|tier|[Gen 9] VGC 2025 Reg I (Bo3)\n|rated|\n|rule|Species Clause: Limit one of each Pok\u00e9mon\n|rule|Item Clause: Limit 1 of each item\n|clearpoke\n|poke|p1|Miraidon, L50|\n|poke|p1|Koraidon, L50|\n|poke|p1|Flutter Mane, L50|\n|poke|p1|Raging Bolt, L50|\n|poke|p1|Incineroar, L50, M|\n|poke|p1|Ogerpon-Cornerstone, L50, F|\n|poke|p2|Miraidon, L50|\n|poke|p2|Lilligant-Hisui, L50, F|\n|poke|p2|Torkoal, L50, M|\n|poke|p2|Iron Bundle, L50|\n|poke|p2|Tornadus, L50, M|\n|poke|p2|Zamazenta-*, L50|\n|teampreview|4\n|showteam|p1|Miraidon||ChoiceSpecs|HadronEngine|ElectroDrift,VoltSwitch,DazzlingGleam,DracoMeteor||||||50|,,,,,Fairy]Koraidon||LifeOrb|OrichalcumPulse|CloseCombat,FlareBlitz,FlameCharge,Protect||||||50|,,,,,Fire]Flutter Mane||FocusSash|Protosynthesis|Moonblast,ShadowBall,IcyWind,Protect||||||50|,,,,,Normal]Raging Bolt||AssaultVest|Protosynthesis|RisingVoltage,DracoMeteor,Thunderclap,Electroweb||||||50|,,,,,Electric]Incineroar||RockyHelmet|Intimidate|FlareBlitz,KnockOff,Uturn,FakeOut|||M|||50|,,,,,Ghost]Ogerpon-Cornerstone||CornerstoneMask|Sturdy|IvyCudgel,PowerWhip,FollowMe,SpikyShield|||F|||50|,,,,,Rock\n|showteam|p2|Miraidon||ChoiceSpecs|HadronEngine|ElectroDrift,VoltSwitch,DracoMeteor,FlashCannon||||||50|,,,,,Electric]Lilligant-Hisui||LifeOrb|Chlorophyll|AfterYou,Protect,IceSpinner,SolarBlade|||F|||50|,,,,,Ghost]Torkoal||Charcoal|Drought|Eruption,HeatWave,Protect,HelpingHand|||M|||50|,,,,,Fire]Iron Bundle||BoosterEnergy|QuarkDrive|IcyWind,FreezeDry,Taunt,Encore||||||50|,,,,,Ghost]Tornadus||CovertCloak|Prankster|Tailwind,RainDance,BleakwindStorm,Substitute|||M|||50|,,,,,Dark]Zamazenta-Crowned||RustedShield|DauntlessShield|WideGuard,IronDefense,HeavySlam,BodyPress||||||50|,,,,,Fire\n|inactive|Battle timer is ON: inactive players will automatically lose when time's up. (requested by ramuia)\n|inactive|Drogaplut003 has 60 seconds left.\n|\n|t:|1746046791\n|start\n|switch|p1a: Flutter Mane|Flutter Mane, L50|100/100\n|switch|p1b: Koraidon|Koraidon, L50|100/100\n|switch|p2a: White|Tornadus, L50, M|100/100\n|switch|p2b: Blue|Miraidon, L50|100/100\n|-fieldstart|move: Electric Terrain|[from] ability: Hadron Engine|[of] p2b: Blue\n|-weather|SunnyDay|[from] ability: Orichalcum Pulse|[of] p1b: Koraidon\n|-activate|p1a: Flutter Mane|ability: Protosynthesis\n|-start|p1a: Flutter Mane|protosynthesisspe\n|-activate|p1b: Koraidon|Orichalcum Pulse|[source]\n|turn|1\n|inactive|Drogaplut003 has 30 seconds left.\n|inactive|ramuia has 30 seconds left.\n|\n|t:|1746046819\n|-terastallize|p1b: Koraidon|Fire\n|move|p1a: Flutter Mane|Protect|p1a: Flutter Mane\n|-singleturn|p1a: Flutter Mane|Protect\n|move|p2a: White|Tailwind|p2a: White\n|-sidestart|p2: ramuia|move: Tailwind\n|move|p2b: Blue|Volt Switch|p1a: Flutter Mane\n|-activate|p1a: Flutter Mane|move: Protect\n|move|p1b: Koraidon|Flare Blitz|p2b: Blue\n|-resisted|p2b: Blue\n|-damage|p2b: Blue|19/100\n|-damage|p1b: Koraidon|74/100|[from] Recoil\n|-damage|p1b: Koraidon|64/100|[from] item: Life Orb\n|\n|-weather|SunnyDay|[upkeep]\n|upkeep\n|turn|2\n|\n|t:|1746046834\n|move|p2a: White|Rain Dance|p2a: White\n|-weather|RainDance\n|-end|p1a: Flutter Mane|Protosynthesis\n|move|p2b: Blue|Volt Switch|p1a: Flutter Mane\n|-damage|p1a: Flutter Mane|11/100\n|\n|t:|1746046848\n|switch|p2b: Red|Zamazenta-Crowned, L50|100/100|[from] Volt Switch\n|-ability|p2b: Red|Dauntless Shield|boost\n|-boost|p2b: Red|def|1\n|move|p1b: Koraidon|Flame Charge|p2a: White\n|-damage|p2a: White|69/100\n|-boost|p1b: Koraidon|spe|1\n|-damage|p1b: Koraidon|54/100|[from] item: Life Orb\n|move|p1a: Flutter Mane|Icy Wind|p2b: Red|[spread] p2a\n|-miss|p1a: Flutter Mane|p2b: Red\n|-supereffective|p2a: White\n|-damage|p2a: White|29/100\n|\n|-weather|RainDance|[upkeep]\n|upkeep\n|turn|3\n|\n|t:|1746046868\n|move|p1b: Koraidon|Protect|p1b: Koraidon\n|-singleturn|p1b: Koraidon|Protect\n|move|p2a: White|Bleakwind Storm|p1a: Flutter Mane|[spread] p1a\n|-activate|p1b: Koraidon|move: Protect\n|-damage|p1a: Flutter Mane|0 fnt\n|faint|p1a: Flutter Mane\n|-end|p1a: Flutter Mane|Protosynthesis|[silent]\n|move|p2b: Red|Body Press|p1b: Koraidon\n|-activate|p1b: Koraidon|move: Protect\n|\n|-weather|RainDance|[upkeep]\n|upkeep\n|\n|t:|1746046876\n|switch|p1a: Ogerpon|Ogerpon-Cornerstone, L50, F|100/100\n|turn|4\n|\n|t:|1746046905\n|switch|p1b: Miraidon|Miraidon, L50|100/100\n|-activate|p1b: Miraidon|ability: Hadron Engine\n|-terastallize|p2b: Red|Fire\n|move|p2a: White|Substitute|p2a: White\n|-start|p2a: White|Substitute\n|-damage|p2a: White|4/100\n|move|p2b: Red|Body Press|p1a: Ogerpon\n|-supereffective|p1a: Ogerpon\n|-ability|p1a: Ogerpon|Sturdy\n|-damage|p1a: Ogerpon|1/100\n|move|p1a: Ogerpon|Ivy Cudgel|p2a: White|[anim] Ivy Cudgel Rock\n|-supereffective|p2a: White\n|-end|p2a: White|Substitute\n|\n|-weather|RainDance|[upkeep]\n|-sideend|p2: ramuia|move: Tailwind\n|upkeep\n|turn|5\n|inactive|Drogaplut003 has 30 seconds left.\n|\n|t:|1746046936\n|move|p2a: White|Tailwind|p2a: White\n|-sidestart|p2: ramuia|move: Tailwind\n|move|p2b: Red|Body Press|p1b: Miraidon\n|-damage|p1b: Miraidon|41/100\n|move|p1b: Miraidon|Electro Drift|p2b: Red\n|-damage|p2b: Red|12/100\n|move|p1a: Ogerpon|Ivy Cudgel|p2a: White|[anim] Ivy Cudgel Rock\n|-supereffective|p2a: White\n|-damage|p2a: White|0 fnt\n|faint|p2a: White\n|\n|-weather|RainDance|[upkeep]\n|-fieldend|move: Electric Terrain\n|upkeep\n|\n|t:|1746046946\n|switch|p2a: Blue|Miraidon, L50|19/100\n|-fieldstart|move: Electric Terrain|[from] ability: Hadron Engine|[of] p2a: Blue\n|turn|6\n|\n|t:|1746046954\n|move|p1a: Ogerpon|Spiky Shield|p1a: Ogerpon\n|-singleturn|p1a: Ogerpon|move: Protect\n|move|p2a: Blue|Volt Switch|p1a: Ogerpon\n|-activate|p1a: Ogerpon|move: Protect\n|move|p2b: Red|Body Press|p1b: Miraidon\n|-damage|p1b: Miraidon|0 fnt\n|faint|p1b: Miraidon\n|\n|-weather|none\n|upkeep\n|\n|t:|1746046963\n|switch|p1b: Koraidon|Koraidon, L50, tera:Fire|54/100\n|-weather|SunnyDay|[from] ability: Orichalcum Pulse|[of] p1b: Koraidon\n|-activate|p1b: Koraidon|Orichalcum Pulse|[source]\n|turn|7\n|\n|t:|1746046974\n|move|p1a: Ogerpon|Follow Me|p1a: Ogerpon\n|-singleturn|p1a: Ogerpon|move: Follow Me\n|move|p2a: Blue|Volt Switch|p1a: Ogerpon\n|-resisted|p1a: Ogerpon\n|-damage|p1a: Ogerpon|0 fnt\n|faint|p1a: Ogerpon\n|\n|t:|1746046980\n|switch|p2a: L.Blue|Iron Bundle, L50|100/100|[from] Volt Switch\n|-activate|p2a: L.Blue|ability: Quark Drive\n|-start|p2a: L.Blue|quarkdrivespe\n|move|p2b: Red|Body Press|p1b: Koraidon\n|-damage|p1b: Koraidon|0 fnt\n|faint|p1b: Koraidon\n|\n|win|ramuia\n||Drogaplut003 is ready for game 2.\n|inactive|ramuia has 30 seconds to confirm battle start!\n||ramuia is ready for game 2.\n|uhtml|next|Next: <a href=\"/battle-gen9vgc2025regibo3-2354229957\"><strong>Game 2 of 3</strong></a>\n", "uploadtime": 1746047284, "views": 7, "formatid": "gen9vgc2025regibo3", "rating": null, "private": 0, "password": null}