{"id": "gen9vgc2025regibo3-2353940431", "format": "[Gen 9] VGC 2025 Reg I (Bo3)", "players": ["k3ksmann", "SpadesHS"], "log": "|j|\u2606k3ksmann\n|j|\u2606SpadesHS\n|html|<table width=\"100%\"><tr><td align=\"left\">k3ksmann</td><td align=\"right\">SpadesHS</tr><tr><td align=\"left\"><i class=\"fa fa-circle\"></i> <i class=\"fa fa-circle-o\"></i> </td><td align=\"right\"><i class=\"fa fa-circle-o\"></i> <i class=\"fa fa-circle-o\"></i> </tr></table>\n|uhtml|bestof|<h2><strong>Game 2</strong> of <a href=\"/game-bestof3-gen9vgc2025regibo3-2353938042\">a best-of-3</a></h2>\n|t:|1746020965\n|gametype|doubles\n|player|p1|k3ksmann|whitney|\n|player|p2|SpadesHS|169|\n|teamsize|p1|6\n|teamsize|p2|6\n|gen|9\n|tier|[Gen 9] VGC 2025 Reg I (Bo3)\n|rule|Species Clause: Limit one of each Pok\u00e9mon\n|rule|Item Clause: Limit 1 of each item\n|clearpoke\n|poke|p1|Ninetales-Alola, L50, F|\n|poke|p1|Torkoal, L50, F|\n|poke|p1|Politoed, L50, F|\n|poke|p1|Bronzong, L50|\n|poke|p1|Ludicolo, L50, M|\n|poke|p1|Kilowattrel, L50, F|\n|poke|p2|Incineroar, L50, F|\n|poke|p2|Rillaboom, L50, M|\n|poke|p2|Gothitelle, L50, M|\n|poke|p2|Dewgong, L50, M|\n|poke|p2|Sneasler, L50, F|\n|poke|p2|Indeedee, L50, M|\n|teampreview|4\n|showteam|p1|Ninetales-Alola||FocusSash|SnowWarning|WeatherBall,AuroraVeil,Moonblast,Protect|||F|||50|,,,,,Ghost]Torkoal||Charcoal|Drought|WeatherBall,Eruption,HelpingHand,Protect|||F|||50|,,,,,Fire]Politoed||SitrusBerry|Drizzle|WeatherBall,HelpingHand,IcyWind,PerishSong|||F|||50|,,,,,Grass]Bronzong||MentalHerb|Levitate|WeatherBall,TrickRoom,SunnyDay,BodyPress||||||50|,,,,,Fighting]Ludicolo||LifeOrb|SwiftSwim|WeatherBall,MuddyWater,Blizzard,Protect|||M|||50|,,,,,Stellar]Kilowattrel||CovertCloak|WindPower|WeatherBall,Thunder,Hurricane,Tailwind|||F|||50|,,,,,Flying\n|showteam|p2|Incineroar||FigyBerry|Intimidate|Protect,FlareBlitz,PartingShot,FakeOut|||F|||50|,,,,,Grass]Rillaboom||AssaultVest|GrassySurge|FakeOut,Uturn,GrassyGlide,WoodHammer|||M|||50|,,,,,Fire]Gothitelle||SitrusBerry|ShadowTag|FakeOut,Protect,Psychic,Taunt|||M|||50|,,,,,Dark]Dewgong||AguavBerry|ThickFat|FakeOut,PerishSong,Protect,SheerCold|||M|||50|,,,,,Grass]Sneasler||FocusSash|PoisonTouch|FakeOut,DireClaw,CloseCombat,SwordsDance|||F|||50|,,,,,Ghost]Indeedee||ChoiceScarf|PsychicSurge|ExpandingForce,DazzlingGleam,Trick,FakeOut|||M|||50|,,,,,Psychic\n|\n|t:|1746020990\n|start\n|switch|p1a: Politoed|Politoed, L50, F|100/100\n|switch|p1b: Ludicolo|Ludicolo, L50, M|100/100\n|switch|p2a: Indeedee|Indeedee, L50, M|100/100\n|switch|p2b: Sneasler|Sneasler, L50, F|100/100\n|-fieldstart|move: Psychic Terrain|[from] ability: Psychic Surge|[of] p2a: Indeedee\n|-weather|RainDance|[from] ability: Drizzle|[of] p1a: Politoed\n|turn|1\n|\n|t:|1746021016\n|switch|p2a: Rillaboom|Rillaboom, L50, M|100/100\n|-fieldstart|move: Grassy Terrain|[from] ability: Grassy Surge|[of] p2a: Rillaboom\n|move|p1b: Ludicolo|Protect|p1b: Ludicolo\n|-singleturn|p1b: Ludicolo|Protect\n|move|p2b: Sneasler|Dire Claw|p1b: Ludicolo\n|-activate|p1b: Ludicolo|move: Protect\n|move|p1a: Politoed|Weather Ball|p2a: Rillaboom\n|-resisted|p2a: Rillaboom\n|-damage|p2a: Rillaboom|76/100\n|\n|-weather|RainDance|[upkeep]\n|-heal|p2a: Rillaboom|82/100|[from] Grassy Terrain\n|upkeep\n|turn|2\n|\n|t:|1746021034\n|move|p2a: Rillaboom|Fake Out|p1a: Politoed\n|-damage|p1a: Politoed|84/100\n|move|p1b: Ludicolo|Muddy Water|p2b: Sneasler|[spread] p2a,p2b\n|-resisted|p2a: Rillaboom\n|-damage|p2a: Rillaboom|59/100\n|-damage|p2b: Sneasler|17/100\n|-damage|p1b: Ludicolo|91/100|[from] item: Life Orb\n|move|p2b: Sneasler|Swords Dance|p2b: Sneasler\n|-boost|p2b: Sneasler|atk|2\n|cant|p1a: Politoed|flinch\n|\n|-weather|RainDance|[upkeep]\n|-heal|p1b: Ludicolo|97/100|[from] Grassy Terrain\n|-heal|p2b: Sneasler|22/100|[from] Grassy Terrain\n|-heal|p2a: Rillaboom|65/100|[from] Grassy Terrain\n|-heal|p1a: Politoed|90/100|[from] Grassy Terrain\n|upkeep\n|turn|3\n|\n|t:|1746021053\n|move|p1b: Ludicolo|Weather Ball|p2b: Sneasler\n|-damage|p2b: Sneasler|0 fnt\n|faint|p2b: Sneasler\n|-damage|p1b: Ludicolo|87/100|[from] item: Life Orb\n|move|p2a: Rillaboom|Wood Hammer|p1b: Ludicolo\n|-damage|p1b: Ludicolo|0 fnt\n|faint|p1b: Ludicolo\n|-damage|p2a: Rillaboom|43/100|[from] Recoil\n|move|p1a: Politoed|Icy Wind|p2a: Rillaboom|[miss]\n|-miss|p1a: Politoed|p2a: Rillaboom\n|\n|-weather|RainDance|[upkeep]\n|-heal|p2a: Rillaboom|49/100|[from] Grassy Terrain\n|-heal|p1a: Politoed|96/100|[from] Grassy Terrain\n|upkeep\n|\n|t:|1746021062\n|switch|p2b: Indeedee|Indeedee, L50, M|100/100\n|switch|p1b: Bronzong|Bronzong, L50|100/100\n|-fieldstart|move: Psychic Terrain|[from] ability: Psychic Surge|[of] p2b: Indeedee\n|turn|4\n|\n|t:|1746021068\n|move|p2b: Indeedee|Trick|p1b: Bronzong\n|-activate|p2b: Indeedee|move: Trick|[of] p1b: Bronzong\n|-item|p1b: Bronzong|Choice Scarf|[from] move: Trick\n|-item|p2b: Indeedee|Mental Herb|[from] move: Trick\n|move|p2a: Rillaboom|Wood Hammer|p1a: Politoed\n|-supereffective|p1a: Politoed\n|-damage|p1a: Politoed|0 fnt\n|faint|p1a: Politoed\n|-damage|p2a: Rillaboom|19/100|[from] Recoil\n|move|p1b: Bronzong|Trick Room|p1b: Bronzong\n|-fieldstart|move: Trick Room|[of] p1b: Bronzong\n|\n|-weather|RainDance|[upkeep]\n|upkeep\n|\n|t:|1746021075\n|switch|p1a: Torkoal|Torkoal, L50, F|100/100\n|-weather|SunnyDay|[from] ability: Drought|[of] p1a: Torkoal\n|turn|5\n|\n|t:|1746021092\n|switch|p2b: Gothitelle|Gothitelle, L50, M|100/100\n|-terastallize|p1a: Torkoal|Fire\n|move|p1a: Torkoal|Eruption|p2a: Rillaboom|[spread] p2a,p2b\n|-supereffective|p2a: Rillaboom\n|-damage|p2a: Rillaboom|0 fnt\n|-damage|p2b: Gothitelle|10/100\n|-enditem|p2b: Gothitelle|Sitrus Berry|[eat]\n|-heal|p2b: Gothitelle|35/100|[from] item: Sitrus Berry\n|faint|p2a: Rillaboom\n|move|p1b: Bronzong|Trick Room|p1b: Bronzong\n|-fieldend|move: Trick Room\n|\n|-weather|SunnyDay|[upkeep]\n|upkeep\n|\n|t:|1746021100\n|switch|p2a: Indeedee|Indeedee, L50, M|100/100\n|turn|6\n|\n|t:|1746021108\n|-terastallize|p2a: Indeedee|Psychic\n|move|p1a: Torkoal|Protect|p1a: Torkoal\n|-singleturn|p1a: Torkoal|Protect\n|move|p2a: Indeedee|Expanding Force|p1b: Bronzong|[spread] p1b\n|-activate|p1a: Torkoal|move: Protect\n|-resisted|p1b: Bronzong\n|-crit|p1b: Bronzong\n|-damage|p1b: Bronzong|73/100\n|move|p2b: Gothitelle|Taunt|p1b: Bronzong\n|-start|p1b: Bronzong|move: Taunt\n|cant|p1b: Bronzong|move: Taunt|Trick Room\n|\n|-weather|SunnyDay|[upkeep]\n|upkeep\n|turn|7\n|\n|t:|1746021116\n|move|p2a: Indeedee|Expanding Force|p1a: Torkoal|[spread] p1a,p1b\n|-resisted|p1b: Bronzong\n|-damage|p1a: Torkoal|1/100\n|-damage|p1b: Bronzong|56/100\n|move|p2b: Gothitelle|Psychic|p1a: Torkoal\n|-damage|p1a: Torkoal|0 fnt\n|faint|p1a: Torkoal\n|-activate|p1b: Bronzong|move: Struggle\n|move|p1b: Bronzong|Struggle|p2a: Indeedee\n|-damage|p2a: Indeedee|83/100\n|-damage|p1b: Bronzong|30/100|[from] recoil\n|\n|-weather|SunnyDay|[upkeep]\n|upkeep\n|turn|8\n|\n|t:|1746021121\n|move|p2a: Indeedee|Expanding Force|p1b: Bronzong\n|-resisted|p1b: Bronzong\n|-damage|p1b: Bronzong|9/100\n|move|p2b: Gothitelle|Psychic|p1b: Bronzong\n|-resisted|p1b: Bronzong\n|-damage|p1b: Bronzong|0 fnt\n|faint|p1b: Bronzong\n|\n|win|SpadesHS\n||SpadesHS is ready for game 3.\n||k3ksmann is ready for game 3.\n|uhtml|next|Next: <a href=\"/battle-gen9vgc2025regibo3-2353942091\"><strong>Game 3 of 3</strong></a>\n|l|\u2606k3ksmann\n|player|p1|\n|l|\u2606SpadesHS\n|player|p2|\n", "uploadtime": 1746021435, "views": 6, "formatid": "gen9vgc2025regibo3", "rating": null, "private": 0, "password": null}