{"id": "gen9vgc2025regibo3-2355055020", "format": "[Gen 9] VGC 2025 Reg I (Bo3)", "players": ["BunsenBonnett", "maddokyoma"], "log": "|j|\u2606BunsenBonnett\n|j|\u2606maddokyoma\n|html|<table width=\"100%\"><tr><td align=\"left\">BunsenBonnett</td><td align=\"right\">maddokyoma</tr><tr><td align=\"left\"><i class=\"fa fa-circle-o\"></i> <i class=\"fa fa-circle-o\"></i> </td><td align=\"right\"><i class=\"fa fa-circle-o\"></i> <i class=\"fa fa-circle-o\"></i> </tr></table>\n|uhtml|bestof|<h2><strong>Game 1</strong> of <a href=\"/game-bestof3-gen9vgc2025regibo3-2355055019\">a best-of-3</a></h2>\n|t:|1746146924\n|gametype|doubles\n|player|p1|BunsenBonnett|burglar|1537\n|player|p2|maddokyoma|volo|1408\n|teamsize|p1|6\n|teamsize|p2|6\n|gen|9\n|tier|[Gen 9] VGC 2025 Reg I (Bo3)\n|rated|\n|rule|Species Clause: Limit one of each Pok\u00e9mon\n|rule|Item Clause: Limit 1 of each item\n|clearpoke\n|poke|p1|Ho-Oh, L50|\n|poke|p1|Miraidon, L50|\n|poke|p1|Iron Hands, L50|\n|poke|p1|Farigiraf, L50, F|\n|poke|p1|Urshifu-*, L50, M|\n|poke|p1|Ursaluna, L50, F|\n|poke|p2|Miraidon, L50|\n|poke|p2|Iron Hands, L50|\n|poke|p2|Pelipper, L50, M|\n|poke|p2|Ogerpon-Wellspring, L50, F|\n|poke|p2|Farigiraf, L50, F|\n|poke|p2|Calyrex-Ice, L50|\n|teampreview|4\n|showteam|p1|Ho-Oh||ClearAmulet|Regenerator|SacredFire,Tailwind,BraveBird,Protect||||||50|,,,,,Grass]Miraidon||ChoiceSpecs|HadronEngine|ElectroDrift,VoltSwitch,DracoMeteor,DazzlingGleam||||||50|,,,,,Fairy]Iron Hands||AssaultVest|QuarkDrive|LowKick,DrainPunch,WildCharge,FakeOut||||||50|,,,,,Water]Farigiraf||ElectricSeed|ArmorTail|FoulPlay,Psychic,TrickRoom,HelpingHand|||F|||50|,,,,,Water]Urshifu-Rapid-Strike||ChoiceScarf|UnseenFist|SurgingStrikes,CloseCombat,Uturn,RockTomb|||M|||50|,,,,,Water]Ursaluna||FlameOrb|Guts|Facade,HeadlongRush,Earthquake,Protect|||F|||50|,,,,,Poison\n|showteam|p2|Miraidon||LifeOrb|HadronEngine|Protect,DracoMeteor,ElectroDrift,VoltSwitch||||||50|,,,,,Electric]Iron Hands||ElectricSeed|QuarkDrive|Protect,SwordsDance,DrainPunch,ThunderPunch||||||50|,,,,,Grass]Pelipper||FocusSash|Drizzle|Tailwind,WideGuard,WeatherBall,Hurricane|||M|||50|,,,,,Ground]Ogerpon-Wellspring||WellspringMask|WaterAbsorb|FollowMe,SwordsDance,IvyCudgel,SpikyShield|||F|||50|,,,,,Water]Farigiraf||RockyHelmet|ArmorTail|DazzlingGleam,Protect,HelpingHand,TrickRoom|||F|||50|,,,,,Fairy]Calyrex-Ice||ClearAmulet|AsOneGlastrier|GlacialLance,HighHorsepower,TrickRoom,Protect||||||50|,,,,,Normal\n|inactive|Battle timer is ON: inactive players will automatically lose when time's up. (requested by maddokyoma)\n|\n|t:|1746146987\n|start\n|switch|p1a: Edward|Miraidon, L50|100/100\n|switch|p1b: Scar|Urshifu-Rapid-Strike, L50, M|100/100\n|switch|p2a: Miraidon|Miraidon, L50|100/100\n|switch|p2b: Farigiraf|Farigiraf, L50, F|100/100\n|-fieldstart|move: Electric Terrain|[from] ability: Hadron Engine|[of] p2a: Miraidon\n|-activate|p1a: Edward|ability: Hadron Engine\n|turn|1\n|\n|t:|1746147008\n|move|p1b: Scar|U-turn|p2b: Farigiraf\n|-supereffective|p2b: Farigiraf\n|-damage|p2b: Farigiraf|61/100\n|-damage|p1b: Scar|84/100|[from] item: Rocky Helmet|[of] p2b: Farigiraf\n|\n|t:|1746147010\n|switch|p1b: Winry|Farigiraf, L50, F|100/100|[from] U-turn\n|-enditem|p1b: Winry|Electric Seed\n|-boost|p1b: Winry|def|1|[from] item: Electric Seed\n|move|p1a: Edward|Draco Meteor|p2a: Miraidon\n|-supereffective|p2a: Miraidon\n|-damage|p2a: Miraidon|0 fnt\n|-unboost|p1a: Edward|spa|2\n|faint|p2a: Miraidon\n|move|p2b: Farigiraf|Trick Room|p2b: Farigiraf\n|-fieldstart|move: Trick Room|[of] p2b: Farigiraf\n|\n|upkeep\n|\n|t:|1746147024\n|switch|p2a: Iron Hands|Iron Hands, L50|100/100\n|-enditem|p2a: Iron Hands|Electric Seed\n|-boost|p2a: Iron Hands|def|1|[from] item: Electric Seed\n|-activate|p2a: Iron Hands|ability: Quark Drive\n|-start|p2a: Iron Hands|quarkdriveatk\n|turn|2\n|\n|t:|1746147040\n|-terastallize|p2a: Iron Hands|Grass\n|move|p2a: Iron Hands|Swords Dance|p2a: Iron Hands\n|-boost|p2a: Iron Hands|atk|2\n|move|p2b: Farigiraf|Dazzling Gleam|p1a: Edward|[spread] p1a,p1b\n|-supereffective|p1a: Edward\n|-damage|p1a: Edward|75/100\n|-damage|p1b: Winry|86/100\n|move|p1a: Edward|Draco Meteor|p2a: Iron Hands\n|-crit|p2a: Iron Hands\n|-damage|p2a: Iron Hands|0 fnt\n|-unboost|p1a: Edward|spa|2\n|faint|p2a: Iron Hands\n|-end|p2a: Iron Hands|Quark Drive|[silent]\n|move|p1b: Winry|Trick Room|p1b: Winry\n|-fieldend|move: Trick Room\n|\n|upkeep\n|\n|t:|1746147053\n|switch|p2a: Pelipper|Pelipper, L50, M|100/100\n|-weather|RainDance|[from] ability: Drizzle|[of] p2a: Pelipper\n|turn|3\n|\n|t:|1746147063\n|move|p1a: Edward|Draco Meteor|p2b: Farigiraf\n|-damage|p2b: Farigiraf|26/100\n|-unboost|p1a: Edward|spa|2\n|move|p2a: Pelipper|Weather Ball|p1b: Winry\n|-damage|p1b: Winry|19/100\n|move|p1b: Winry|Psychic|p2b: Farigiraf\n|-resisted|p2b: Farigiraf\n|-damage|p2b: Farigiraf|10/100\n|move|p2b: Farigiraf|Dazzling Gleam|p1b: Winry|[spread] p1a,p1b\n|-supereffective|p1a: Edward\n|-damage|p1a: Edward|49/100\n|-damage|p1b: Winry|2/100\n|\n|-weather|RainDance|[upkeep]\n|upkeep\n|turn|4\n|inactive|maddokyoma has 30 seconds left.\n|\n|t:|1746147090\n|move|p2b: Farigiraf|Protect|p2b: Farigiraf\n|-singleturn|p2b: Farigiraf|Protect\n|move|p1a: Edward|Draco Meteor|p2b: Farigiraf\n|-activate|p2b: Farigiraf|move: Protect\n|move|p2a: Pelipper|Hurricane|p1a: Edward\n|-resisted|p1a: Edward\n|-crit|p1a: Edward\n|-damage|p1a: Edward|18/100\n|-start|p1a: Edward|confusion\n|move|p1b: Winry|Psychic|p2b: Farigiraf\n|-activate|p2b: Farigiraf|move: Protect\n|\n|-weather|RainDance|[upkeep]\n|upkeep\n|turn|5\n|\n|t:|1746147111\n|-activate|p1a: Edward|confusion\n|move|p1a: Edward|Draco Meteor|p2b: Farigiraf\n|-damage|p2b: Farigiraf|0 fnt\n|faint|p2b: Farigiraf\n|move|p2a: Pelipper|Hurricane|p1a: Edward\n|-resisted|p1a: Edward\n|-damage|p1a: Edward|0 fnt\n|faint|p1a: Edward\n|move|p1b: Winry|Psychic|p2a: Pelipper\n|-damage|p2a: Pelipper|43/100\n|\n|-weather|RainDance|[upkeep]\n|-fieldend|move: Electric Terrain\n|upkeep\n|\n|t:|1746147114\n|switch|p1a: Scar|Urshifu-Rapid-Strike, L50, M|84/100\n|turn|6\n|\n|t:|1746147124\n|-terastallize|p1a: Scar|Water\n|move|p1b: Winry|Helping Hand|p1a: Scar\n|-singleturn|p1a: Scar|Helping Hand|[of] p1b: Winry\n|move|p1a: Scar|Surging Strikes|p2a: Pelipper\n|-resisted|p2a: Pelipper\n|-crit|p2a: Pelipper\n|-damage|p2a: Pelipper|0 fnt\n|faint|p2a: Pelipper\n|-hitcount|p2: Pelipper|1\n|\n|win|BunsenBonnett\n", "uploadtime": 1746147126, "views": 4, "formatid": "gen9vgc2025regibo3", "rating": null, "private": 0, "password": null}