{"id": "gen9vgc2025regibo3-2354356617", "format": "[Gen 9] VGC 2025 Reg I (Bo3)", "players": ["fifthtimesthecharm", "BraneFX"], "log": "|j|\u2606fifthtimesthecharm\n|j|\u2606BraneFX\n|html|<table width=\"100%\"><tr><td align=\"left\">fifthtimesthecharm</td><td align=\"right\">BraneFX</tr><tr><td align=\"left\"><i class=\"fa fa-circle-o\"></i> <i class=\"fa fa-circle-o\"></i> </td><td align=\"right\"><i class=\"fa fa-circle-o\"></i> <i class=\"fa fa-circle\"></i> </tr></table>\n|uhtml|bestof|<h2><strong>Game 2</strong> of <a href=\"/game-bestof3-gen9vgc2025regibo3-2354355179\">a best-of-3</a></h2>\n|t:|1746061352\n|gametype|doubles\n|player|p1|fifthtimesthecharm|caitlin-masters|1275\n|player|p2|BraneFX|blackbelt-gen4dp|1313\n|teamsize|p1|6\n|teamsize|p2|6\n|gen|9\n|tier|[Gen 9] VGC 2025 Reg I (Bo3)\n|rated|\n|rule|Species Clause: Limit one of each Pok\u00e9mon\n|rule|Item Clause: Limit 1 of each item\n|clearpoke\n|poke|p1|Tornadus, L50, M|\n|poke|p1|Calyrex-Shadow, L50|\n|poke|p1|Miraidon, L50|\n|poke|p1|Urshifu-*, L50, M|\n|poke|p1|Iron Hands, L50|\n|poke|p1|Grimmsnarl, L50, M|\n|poke|p2|Koraidon, L50|\n|poke|p2|Calyrex-Shadow, L50|\n|poke|p2|Chi-Yu, L50|\n|poke|p2|Indeedee-F, L50, F|\n|poke|p2|Whimsicott, L50, M|\n|poke|p2|Brute Bonnet, L50|\n|teampreview|4\n|showteam|p1|Tornadus||CovertCloak|Prankster|Tailwind,BleakwindStorm,Taunt,RainDance|||M|||50|,,,,,Dark]Calyrex-Shadow||FocusSash|AsOneSpectrier|Psyshock,AstralBarrage,Protect,NastyPlot||||||50|,,,,,Dark]Miraidon||ChoiceSpecs|HadronEngine|DazzlingGleam,VoltSwitch,ElectroDrift,DracoMeteor||||||50|,,,,,Fairy]Urshifu-Rapid-Strike||MysticWater|UnseenFist|Detect,SurgingStrikes,CloseCombat,AquaJet|||M|||50|,,,,,Water]Iron Hands||AssaultVest|QuarkDrive|FakeOut,WildCharge,LowKick,DrainPunch||||||50|,,,,,Water]Grimmsnarl||LightClay|Prankster|LightScreen,Reflect,ThunderWave,FoulPlay|||M|||50|,,,,,Ghost\n|showteam|p2|Koraidon||ClearAmulet|OrichalcumPulse|CollisionCourse,FlareBlitz,FlameCharge,Protect||||||50|,,,,,Fire]Calyrex-Shadow||FocusSash|AsOneSpectrier|AstralBarrage,ExpandingForce,Disable,Protect||||||50|,,,,,Ghost]Chi-Yu||ChoiceScarf|BeadsofRuin|HeatWave,Overheat,DarkPulse,Snarl||||||50|,,,,,Fire]Indeedee-F||PsychicSeed|PsychicSurge|Psychic,FollowMe,HelpingHand,TrickRoom|||F|||50|,,,,,Dragon]Whimsicott||CovertCloak|Prankster|Moonblast,Tailwind,SunnyDay,Encore|||M|||50|,,,,,Dark]Brute Bonnet||RockyHelmet|Protosynthesis|SuckerPunch,SeedBomb,RagePowder,Spore||||||50|,,,,,Water\n|inactive|Battle timer is ON: inactive players will automatically lose when time's up. (requested by BraneFX)\n|inactive|fifthtimesthecharm also wants the timer to be on.\n|\n|t:|1746061380\n|start\n|switch|p1a: chopped chin|Grimmsnarl, L50, M|100/100\n|switch|p1b: CyclistFault|Miraidon, L50|100/100\n|switch|p2a: Calyrex|Calyrex-Shadow, L50|100/100\n|switch|p2b: Whimsicott|Whimsicott, L50, M|100/100\n|-ability|p2a: Calyrex|As One\n|-ability|p2a: Calyrex|Unnerve\n|-fieldstart|move: Electric Terrain|[from] ability: Hadron Engine|[of] p1b: CyclistFault\n|turn|1\n|\n|t:|1746061395\n|-terastallize|p2a: Calyrex|Ghost\n|move|p1a: chopped chin|Light Screen|p1a: chopped chin\n|-sidestart|p1: fifthtimesthecharm|move: Light Screen\n|move|p2a: Calyrex|Astral Barrage|p1a: chopped chin|[spread] p1a,p1b\n|-resisted|p1a: chopped chin\n|-damage|p1a: chopped chin|76/100\n|-damage|p1b: CyclistFault|52/100\n|move|p1b: CyclistFault|Volt Switch|p2b: Whimsicott\n|-resisted|p2b: Whimsicott\n|-damage|p2b: Whimsicott|30/100\n|\n|t:|1746061404\n|switch|p1b: mello|Tornadus, L50, M|100/100|[from] Volt Switch\n|move|p2b: Whimsicott|Moonblast|p1a: chopped chin\n|-supereffective|p1a: chopped chin\n|-damage|p1a: chopped chin|39/100\n|\n|upkeep\n|turn|2\n|\n|t:|1746061422\n|switch|p2a: Chi-Yu|Chi-Yu, L50|100/100\n|-ability|p2a: Chi-Yu|Beads of Ruin\n|move|p2b: Whimsicott|Tailwind|p2b: Whimsicott\n|-sidestart|p2: BraneFX|move: Tailwind\n|move|p1b: mello|Bleakwind Storm|p2a: Chi-Yu|[spread] p2a,p2b\n|-supereffective|p2b: Whimsicott\n|-damage|p2a: Chi-Yu|64/100\n|-damage|p2b: Whimsicott|0 fnt\n|faint|p2b: Whimsicott\n|move|p1a: chopped chin|Foul Play|p2a: Chi-Yu\n|-resisted|p2a: Chi-Yu\n|-damage|p2a: Chi-Yu|48/100\n|\n|upkeep\n|\n|t:|1746061429\n|switch|p2b: Koraidon|Koraidon, L50|100/100\n|-weather|SunnyDay|[from] ability: Orichalcum Pulse|[of] p2b: Koraidon\n|-activate|p2b: Koraidon|Orichalcum Pulse|[source]\n|turn|3\n|\n|t:|1746061441\n|move|p2b: Koraidon|Protect|p2b: Koraidon\n|-singleturn|p2b: Koraidon|Protect\n|move|p1b: mello|Rain Dance|p1b: mello\n|-weather|RainDance\n|move|p1a: chopped chin|Reflect|p1a: chopped chin\n|-sidestart|p1: fifthtimesthecharm|Reflect\n|move|p2a: Chi-Yu|Heat Wave|p1a: chopped chin|[spread] p1a,p1b\n|-damage|p1a: chopped chin|21/100\n|-damage|p1b: mello|82/100\n|\n|-weather|RainDance|[upkeep]\n|upkeep\n|turn|4\n|\n|t:|1746061450\n|move|p2b: Koraidon|Protect|p2b: Koraidon\n|-singleturn|p2b: Koraidon|Protect\n|move|p1a: chopped chin|Thunder Wave|p2b: Koraidon\n|-activate|p2b: Koraidon|move: Protect\n|move|p2a: Chi-Yu|Heat Wave|p1a: chopped chin|[spread] p1a,p1b\n|-damage|p1a: chopped chin|4/100\n|-damage|p1b: mello|63/100\n|move|p1b: mello|Bleakwind Storm|p2a: Chi-Yu|[spread] p2a\n|-activate|p2b: Koraidon|move: Protect\n|-damage|p2a: Chi-Yu|11/100\n|\n|-weather|RainDance|[upkeep]\n|upkeep\n|turn|5\n|\n|t:|1746061467\n|move|p1a: chopped chin|Thunder Wave|p2b: Koraidon\n|-status|p2b: Koraidon|par\n|move|p2a: Chi-Yu|Heat Wave|p1a: chopped chin|[spread] p1a,p1b\n|-damage|p1a: chopped chin|0 fnt\n|-damage|p1b: mello|42/100\n|faint|p1a: chopped chin\n|move|p2b: Koraidon|Flame Charge|p1b: mello\n|-damage|p1b: mello|35/100\n|-boost|p2b: Koraidon|spe|1\n|move|p1b: mello|Bleakwind Storm|p2a: Chi-Yu|[spread] p2a,p2b\n|-supereffective|p2b: Koraidon\n|-damage|p2a: Chi-Yu|0 fnt\n|-damage|p2b: Koraidon|21/100 par\n|faint|p2a: Chi-Yu\n|\n|-weather|RainDance|[upkeep]\n|-sideend|p2: BraneFX|move: Tailwind\n|-fieldend|move: Electric Terrain\n|upkeep\n|\n|t:|1746061476\n|switch|p2a: Calyrex|Calyrex-Shadow, L50, tera:Ghost|100/100\n|switch|p1a: yo gurt|Calyrex-Shadow, L50|100/100\n|-ability|p2a: Calyrex|As One\n|-ability|p2a: Calyrex|Unnerve\n|-ability|p1a: yo gurt|As One\n|-ability|p1a: yo gurt|Unnerve\n|turn|6\n|\n|t:|1746061499\n|move|p2b: Koraidon|Protect|p2b: Koraidon\n|-singleturn|p2b: Koraidon|Protect\n|move|p1b: mello|Tailwind|p1b: mello\n|-sidestart|p1: fifthtimesthecharm|move: Tailwind\n|move|p1a: yo gurt|Astral Barrage|p2b: Koraidon|[spread] p2a\n|-activate|p2b: Koraidon|move: Protect\n|-supereffective|p2a: Calyrex\n|-enditem|p2a: Calyrex|Focus Sash\n|-damage|p2a: Calyrex|1/100\n|move|p2a: Calyrex|Disable|p1a: yo gurt\n|-start|p1a: yo gurt|Disable|Astral Barrage\n|\n|-weather|RainDance|[upkeep]\n|upkeep\n|turn|7\n|\n|t:|1746061515\n|move|p2a: Calyrex|Protect|p2a: Calyrex\n|-singleturn|p2a: Calyrex|Protect\n|move|p1a: yo gurt|Nasty Plot|p1a: yo gurt\n|-boost|p1a: yo gurt|spa|2\n|move|p1b: mello|Bleakwind Storm|p2a: Calyrex|[spread] p2b\n|-activate|p2a: Calyrex|move: Protect\n|-supereffective|p2b: Koraidon\n|-damage|p2b: Koraidon|0 fnt\n|faint|p2b: Koraidon\n|\n|-weather|none\n|upkeep\n|turn|8\n|\n|t:|1746061527\n|move|p1a: yo gurt|Psyshock|p2a: Calyrex\n|-damage|p2a: Calyrex|0 fnt\n|faint|p2a: Calyrex\n|\n|win|fifthtimesthecharm\n||BraneFX is ready for game 3.\n||fifthtimesthecharm is ready for game 3.\n|uhtml|next|Next: <a href=\"/battle-gen9vgc2025regibo3-2354358098\"><strong>Game 3 of 3</strong></a>\n|l|\u2606BraneFX\n|player|p2|\n", "uploadtime": 1746061906, "views": 9, "formatid": "gen9vgc2025regibo3", "rating": null, "private": 0, "password": null}