{"id": "gen9vgc2025regibo3-2354780626", "format": "[Gen 9] VGC 2025 Reg I (Bo3)", "players": ["iguga2410", "7amont"], "log": "|j|\u203diguga2410\n|j|\u26067amont\n|html|<table width=\"100%\"><tr><td align=\"left\">iguga2410</td><td align=\"right\">7amont</tr><tr><td align=\"left\"><i class=\"fa fa-circle-o\"></i> <i class=\"fa fa-circle-o\"></i> </td><td align=\"right\"><i class=\"fa fa-circle-o\"></i> <i class=\"fa fa-circle-o\"></i> </tr></table>\n|uhtml|bestof|<h2><strong>Game 1</strong> of <a href=\"/game-bestof3-gen9vgc2025regibo3-2354780625\">a best-of-3</a></h2>\n|t:|1746119157\n|gametype|doubles\n|player|p1|iguga2410|alder|1066\n|player|p2|7amont|burglar|1134\n|teamsize|p1|6\n|teamsize|p2|6\n|gen|9\n|tier|[Gen 9] VGC 2025 Reg I (Bo3)\n|rated|\n|rule|Species Clause: Limit one of each Pok\u00e9mon\n|rule|Item Clause: Limit 1 of each item\n|clearpoke\n|poke|p1|Calyrex-Shadow, L50|\n|poke|p1|Koraidon, L50|\n|poke|p1|Incineroar, L50, M|\n|poke|p1|Tornadus, L50, M|\n|poke|p1|Flutter Mane, L50|\n|poke|p1|Indeedee-F, L50, F|\n|poke|p2|Kingambit, L50, F|\n|poke|p2|Calyrex-Shadow, L50|\n|poke|p2|Grimmsnarl, L50, M|\n|poke|p2|Lycanroc-Midnight, L50, F|\n|poke|p2|Kyogre, L50|\n|poke|p2|Ogerpon-Wellspring, L50, F|\n|teampreview|4\n|showteam|p1|Calyrex-Shadow||FocusSash|AsOneSpectrier|AstralBarrage,ExpandingForce,WillOWisp,Protect||||||50|,,,,,Fairy]Koraidon||ClearAmulet|OrichalcumPulse|CollisionCourse,FlareBlitz,FlameCharge,Protect||||||50|,,,,,Fire]Incineroar||AssaultVest|Intimidate|FakeOut,FlareBlitz,KnockOff,Uturn|||M|||50|,,,,,Grass]Tornadus||CovertCloak|Prankster|BleakwindStorm,Protect,Tailwind,Taunt|||M|||50|,,,,,Dark]Flutter Mane||BoosterEnergy|Protosynthesis|Moonblast,ThunderWave,IcyWind,Protect||||||50|,,,,,Fairy]Indeedee-F||PsychicSeed|PsychicSurge|FollowMe,TrickRoom,Imprison,DazzlingGleam|||F|||50|,,,,,Fairy\n|showteam|p2|Kingambit||BlackGlasses|Defiant|Protect,SwordsDance,SuckerPunch,KowtowCleave|||F|||50|,,,,,Fairy]Calyrex-Shadow||FocusSash|AsOneSpectrier|Protect,AstralBarrage,Psychic,NastyPlot||||||50|,,,,,Ghost]Grimmsnarl||LightClay|Prankster|Reflect,LightScreen,MistyTerrain,ThunderWave|||M|||50|,,,,,Steel]Lycanroc-Midnight||ChoiceScarf|NoGuard|RockSlide,PlayRough,StoneEdge,RockTomb|||F|||50|,,,,,Fairy]Kyogre||AssaultVest|Drizzle|Surf,OriginPulse,Thunder,IceBeam||||||50|,,,,,Grass]Ogerpon-Wellspring||WellspringMask|WaterAbsorb|SpikyShield,FollowMe,IvyCudgel,HornLeech|||F|||50|,,,,,Water\n|inactive|Battle timer is ON: inactive players will automatically lose when time's up. (requested by 7amont)\n|inactive|iguga2410 has 60 seconds left.\n|\n|t:|1746119207\n|start\n|switch|p1a: Indeedee|Indeedee-F, L50, F|100/100\n|switch|p1b: Flutter Mane|Flutter Mane, L50|100/100\n|switch|p2a: Grimmsnarl|Grimmsnarl, L50, M|100/100\n|switch|p2b: Kingambit|Kingambit, L50, F|100/100\n|-fieldstart|move: Psychic Terrain|[from] ability: Psychic Surge|[of] p1a: Indeedee\n|-enditem|p1a: Indeedee|Psychic Seed\n|-boost|p1a: Indeedee|spd|1|[from] item: Psychic Seed\n|-enditem|p1b: Flutter Mane|Booster Energy\n|-activate|p1b: Flutter Mane|ability: Protosynthesis|[fromitem]\n|-start|p1b: Flutter Mane|protosynthesisspe\n|turn|1\n|inactive|iguga2410 has 30 seconds left.\n|inactive|iguga2410 has 20 seconds left.\n|inactive|iguga2410 has 15 seconds left.\n|inactive|iguga2410 has 10 seconds left.\n|inactive|iguga2410 has 5 seconds left.\n|\n|t:|1746119262\n|move|p1a: Indeedee|Follow Me|p1a: Indeedee\n|-singleturn|p1a: Indeedee|move: Follow Me\n|move|p2a: Grimmsnarl|Misty Terrain|p2a: Grimmsnarl\n|-fieldstart|move: Misty Terrain\n|move|p1b: Flutter Mane|Moonblast|p2b: Kingambit\n|-damage|p2b: Kingambit|63/100\n|-unboost|p2b: Kingambit|spa|1\n|-ability|p2b: Kingambit|Defiant|boost\n|-boost|p2b: Kingambit|atk|2\n|move|p2b: Kingambit|Swords Dance|p2b: Kingambit\n|-boost|p2b: Kingambit|atk|2\n|\n|upkeep\n|turn|2\n|\n|t:|1746119281\n|-terastallize|p1b: Flutter Mane|Fairy\n|move|p2b: Kingambit|Protect|p2b: Kingambit\n|-singleturn|p2b: Kingambit|Protect\n|move|p1a: Indeedee|Follow Me|p1a: Indeedee\n|-singleturn|p1a: Indeedee|move: Follow Me\n|move|p2a: Grimmsnarl|Light Screen|p2a: Grimmsnarl\n|-sidestart|p2: 7amont|move: Light Screen\n|move|p1b: Flutter Mane|Moonblast|p2b: Kingambit\n|-activate|p2b: Kingambit|move: Protect\n|\n|upkeep\n|turn|3\n|\n|t:|1746119296\n|move|p1a: Indeedee|Follow Me|p1a: Indeedee\n|-singleturn|p1a: Indeedee|move: Follow Me\n|move|p2a: Grimmsnarl|Thunder Wave|p1a: Indeedee\n|-activate|p1a: Indeedee|move: Misty Terrain\n|move|p1b: Flutter Mane|Moonblast|p2b: Kingambit\n|-damage|p2b: Kingambit|29/100\n|-unboost|p2b: Kingambit|spa|1\n|-ability|p2b: Kingambit|Defiant|boost\n|-boost|p2b: Kingambit|atk|2\n|move|p2b: Kingambit|Kowtow Cleave|p1a: Indeedee\n|-supereffective|p1a: Indeedee\n|-damage|p1a: Indeedee|0 fnt\n|faint|p1a: Indeedee\n|\n|upkeep\n|\n|t:|1746119309\n|switch|p1a: Koraidon|Koraidon, L50|100/100\n|-weather|SunnyDay|[from] ability: Orichalcum Pulse|[of] p1a: Koraidon\n|-activate|p1a: Koraidon|Orichalcum Pulse|[source]\n|turn|4\n|\n|t:|1746119322\n|switch|p2a: Kyogre|Kyogre, L50|100/100\n|-weather|RainDance|[from] ability: Drizzle|[of] p2a: Kyogre\n|move|p2b: Kingambit|Protect|p2b: Kingambit\n|-singleturn|p2b: Kingambit|Protect\n|move|p1b: Flutter Mane|Thunder Wave|p2a: Kyogre|[miss]\n|-miss|p1b: Flutter Mane|p2a: Kyogre\n|move|p1a: Koraidon|Flare Blitz|p2b: Kingambit\n|-activate|p2b: Kingambit|move: Protect\n|\n|-weather|RainDance|[upkeep]\n|upkeep\n|turn|5\n|inactive|7amont has 30 seconds left.\n|\n|t:|1746119351\n|move|p2b: Kingambit|Sucker Punch|p1a: Koraidon\n|-resisted|p1a: Koraidon\n|-damage|p1a: Koraidon|31/100\n|move|p1b: Flutter Mane|Thunder Wave|p2a: Kyogre\n|-activate|p2a: Kyogre|move: Misty Terrain\n|move|p1a: Koraidon|Collision Course|p2b: Kingambit\n|-supereffective|p2b: Kingambit\n|-damage|p2b: Kingambit|0 fnt\n|faint|p2b: Kingambit\n|move|p2a: Kyogre|Ice Beam|p1a: Koraidon\n|-supereffective|p1a: Koraidon\n|-damage|p1a: Koraidon|0 fnt\n|faint|p1a: Koraidon\n|\n|-weather|RainDance|[upkeep]\n|-fieldend|Misty Terrain\n|upkeep\n|\n|t:|1746119370\n|switch|p1a: Calyrex|Calyrex-Shadow, L50|100/100\n|switch|p2b: Grimmsnarl|Grimmsnarl, L50, M|100/100\n|-ability|p1a: Calyrex|As One\n|-ability|p1a: Calyrex|Unnerve\n|turn|6\n|\n|t:|1746119386\n|move|p2b: Grimmsnarl|Thunder Wave|p1a: Calyrex\n|-status|p1a: Calyrex|par\n|move|p1b: Flutter Mane|Icy Wind|p2b: Grimmsnarl|[spread] p2a,p2b\n|-resisted|p2a: Kyogre\n|-damage|p2a: Kyogre|99/100\n|-damage|p2b: Grimmsnarl|92/100\n|-unboost|p2a: Kyogre|spe|1\n|-unboost|p2b: Grimmsnarl|spe|1\n|cant|p1a: Calyrex|par\n|move|p2a: Kyogre|Surf|p1b: Flutter Mane|[spread] p2b,p1a,p1b\n|-damage|p2b: Grimmsnarl|57/100\n|-damage|p1a: Calyrex|45/100 par\n|-damage|p1b: Flutter Mane|48/100\n|\n|-weather|RainDance|[upkeep]\n|upkeep\n|turn|7\n|\n|t:|1746119404\n|move|p2b: Grimmsnarl|Misty Terrain|p2b: Grimmsnarl\n|-fieldstart|move: Misty Terrain\n|move|p1b: Flutter Mane|Thunder Wave|p2a: Kyogre\n|-activate|p2a: Kyogre|move: Misty Terrain\n|move|p1a: Calyrex|Astral Barrage|p2b: Grimmsnarl|[spread] p2a,p2b\n|-resisted|p2b: Grimmsnarl\n|-damage|p2a: Kyogre|84/100\n|-damage|p2b: Grimmsnarl|43/100\n|move|p2a: Kyogre|Surf|p1a: Calyrex|[spread] p2b,p1a,p1b\n|-damage|p2b: Grimmsnarl|7/100\n|-damage|p1a: Calyrex|0 fnt\n|-damage|p1b: Flutter Mane|0 fnt\n|faint|p1a: Calyrex\n|faint|p1b: Flutter Mane\n|-end|p1b: Flutter Mane|Protosynthesis|[silent]\n|\n|win|7amont\n|l|\u203diguga2410\n|player|p1|\n||7amont is ready for game 2.\n|inactive|iguga2410 has 30 seconds to confirm battle start!\n|inactive|iguga2410 has 20 seconds to confirm battle start!\n|inactive|iguga2410 has 10 seconds to confirm battle start!\n|uhtml|next|Next: <a href=\"/battle-gen9vgc2025regibo3-2354783938\"><strong>Game 2 of 3</strong></a>\n|l|\u26067amont\n|player|p2|\n", "uploadtime": 1746119748, "views": 5, "formatid": "gen9vgc2025regibo3", "rating": null, "private": 0, "password": null}