{"id": "gen9vgc2025regibo3-2353852104", "format": "[Gen 9] VGC 2025 Reg I (Bo3)", "players": ["ted31625", "Schroombert"], "log": "|j|\u2606ted31625\n|j|\u2606Schroombert\n|html|<table width=\"100%\"><tr><td align=\"left\">ted31625</td><td align=\"right\">Schroombert</tr><tr><td align=\"left\"><i class=\"fa fa-circle-o\"></i> <i class=\"fa fa-circle-o\"></i> </td><td align=\"right\"><i class=\"fa fa-circle-o\"></i> <i class=\"fa fa-circle\"></i> </tr></table>\n|uhtml|bestof|<h2><strong>Game 2</strong> of <a href=\"/game-bestof3-gen9vgc2025regibo3-2353850891\">a best-of-3</a></h2>\n|t:|1746010387\n|gametype|doubles\n|player|p1|ted31625|102|1196\n|player|p2|Schroombert|rancher|1316\n|teamsize|p1|6\n|teamsize|p2|6\n|gen|9\n|tier|[Gen 9] VGC 2025 Reg I (Bo3)\n|rated|\n|rule|Species Clause: Limit one of each Pok\u00e9mon\n|rule|Item Clause: Limit 1 of each item\n|clearpoke\n|poke|p1|Miraidon, L50|\n|poke|p1|Grimmsnarl, L50, M|\n|poke|p1|Volcarona, L50, M|\n|poke|p1|Zamazenta-*, L50|\n|poke|p1|Ditto, L50|\n|poke|p1|Iron Hands, L50|\n|poke|p2|Calyrex-Shadow, L50|\n|poke|p2|Koraidon, L50|\n|poke|p2|Brute Bonnet, L50|\n|poke|p2|Raging Bolt, L50|\n|poke|p2|Incineroar, L50, M|\n|poke|p2|Flutter Mane, L50|\n|teampreview|4\n|showteam|p1|Miraidon||ChoiceSpecs|HadronEngine|ElectroDrift,DracoMeteor,DazzlingGleam,VoltSwitch||||||50|,,,,,Fairy]Grimmsnarl||LightClay|Prankster|ThunderWave,Reflect,LightScreen,FoulPlay|||M|||50|,,,,,Ghost]Volcarona||Leftovers|FlameBody|FieryDance,StruggleBug,QuiverDance,Protect|||M|||50|,,,,,Grass]Zamazenta-Crowned||RustedShield|DauntlessShield|behemothbash,BodyPress,WideGuard,Protect||||||50|,,,,,Dragon]Ditto||FocusSash|Imposter|Transform||||||50|,,,,,Ghost]Iron Hands||AssaultVest|QuarkDrive|DrainPunch,WildCharge,FakeOut,VoltSwitch||||||50|,,,,,Water\n|showteam|p2|Calyrex-Shadow||FocusSash|AsOneSpectrier|AstralBarrage,Psyshock,NastyPlot,Protect||||||50|,,,,,Ghost]Koraidon||ClearAmulet|OrichalcumPulse|FlareBlitz,CollisionCourse,FlameCharge,Protect||||||50|,,,,,Fire]Brute Bonnet||CovertCloak|Protosynthesis|SuckerPunch,SeedBomb,RagePowder,Spore||||||50|,,,,,Water]Raging Bolt||AssaultVest|Protosynthesis|Snarl,DracoMeteor,Thunderclap,Electroweb||||||50|,,,,,Electric]Incineroar||RockyHelmet|Intimidate|FlareBlitz,KnockOff,Uturn,FakeOut|||M|||50|,,,,,Ghost]Flutter Mane||BoosterEnergy|Protosynthesis|Moonblast,ShadowBall,IcyWind,Protect||||||50|,,,,,Fairy\n|inactive|Battle timer is ON: inactive players will automatically lose when time's up. (requested by ted31625)\n|inactive|Schroombert also wants the timer to be on.\n|j| GabyVMax\n|l| GabyVMax\n|inactive|ted31625 has 60 seconds left.\n|\n|t:|1746010420\n|start\n|switch|p1a: Grimmsnarl|Grimmsnarl, L50, M|100/100\n|switch|p1b: Miraidon|Miraidon, L50|100/100\n|switch|p2a: Flutter Mane|Flutter Mane, L50, shiny|100/100\n|switch|p2b: Koraidon|Koraidon, L50|100/100\n|-fieldstart|move: Electric Terrain|[from] ability: Hadron Engine|[of] p1b: Miraidon\n|-weather|SunnyDay|[from] ability: Orichalcum Pulse|[of] p2b: Koraidon\n|-activate|p2a: Flutter Mane|ability: Protosynthesis\n|-start|p2a: Flutter Mane|protosynthesisspe\n|-activate|p2b: Koraidon|Orichalcum Pulse|[source]\n|turn|1\n|\n|t:|1746010439\n|move|p1a: Grimmsnarl|Thunder Wave|p2b: Koraidon\n|-status|p2b: Koraidon|par\n|move|p2a: Flutter Mane|Moonblast|p1a: Grimmsnarl\n|-supereffective|p1a: Grimmsnarl\n|-damage|p1a: Grimmsnarl|11/100\n|move|p1b: Miraidon|Draco Meteor|p2b: Koraidon\n|-supereffective|p2b: Koraidon\n|-damage|p2b: Koraidon|0 fnt\n|-unboost|p1b: Miraidon|spa|2\n|faint|p2b: Koraidon\n|\n|-weather|SunnyDay|[upkeep]\n|upkeep\n|\n|t:|1746010454\n|switch|p2b: Calyrex|Calyrex-Shadow, L50|100/100\n|-ability|p2b: Calyrex|As One\n|-ability|p2b: Calyrex|Unnerve\n|turn|2\n|\n|t:|1746010473\n|move|p1a: Grimmsnarl|Thunder Wave|p2a: Flutter Mane\n|-status|p2a: Flutter Mane|par\n|move|p2b: Calyrex|Astral Barrage|p1a: Grimmsnarl|[spread] p1a,p1b\n|-resisted|p1a: Grimmsnarl\n|-damage|p1a: Grimmsnarl|0 fnt\n|-damage|p1b: Miraidon|46/100\n|faint|p1a: Grimmsnarl\n|-ability|p2b: Calyrex|Grim Neigh|boost\n|-boost|p2b: Calyrex|spa|1\n|move|p1b: Miraidon|Draco Meteor|p2b: Calyrex|[miss]\n|-miss|p1b: Miraidon|p2b: Calyrex\n|move|p2a: Flutter Mane|Shadow Ball|p1b: Miraidon\n|-damage|p1b: Miraidon|5/100\n|\n|-weather|SunnyDay|[upkeep]\n|upkeep\n|\n|t:|1746010487\n|switch|p1a: Ditto|Ditto, L50|100/100\n|-transform|p1a: Ditto|p2b: Calyrex|[from] ability: Imposter\n|-ability|p1a: Ditto|As One\n|-ability|p1a: Ditto|Unnerve\n|turn|3\n|inactive|Schroombert has 30 seconds left.\n|\n|t:|1746010515\n|-terastallize|p1a: Ditto|Ghost\n|-terastallize|p2a: Flutter Mane|Fairy\n|move|p1a: Ditto|Astral Barrage|p2b: Calyrex|[spread] p2a,p2b\n|-supereffective|p2b: Calyrex\n|-crit|p2b: Calyrex\n|-damage|p2a: Flutter Mane|0 fnt\n|-enditem|p2b: Calyrex|Focus Sash\n|-damage|p2b: Calyrex|1/100\n|faint|p2a: Flutter Mane\n|-end|p2a: Flutter Mane|Protosynthesis|[silent]\n|-ability|p1a: Ditto|Grim Neigh|boost\n|-boost|p1a: Ditto|spa|1\n|move|p2b: Calyrex|Astral Barrage|p1b: Miraidon|[spread] p1a,p1b\n|-supereffective|p1a: Ditto\n|-enditem|p1a: Ditto|Focus Sash\n|-damage|p1a: Ditto|1/100\n|-damage|p1b: Miraidon|0 fnt\n|faint|p1b: Miraidon\n|-ability|p2b: Calyrex|Grim Neigh|boost\n|-boost|p2b: Calyrex|spa|1\n|\n|-weather|SunnyDay|[upkeep]\n|upkeep\n|\n|t:|1746010529\n|switch|p1b: Zamazenta|Zamazenta-Crowned, L50|100/100\n|switch|p2a: Raging Bolt|Raging Bolt, L50|100/100\n|-ability|p1b: Zamazenta|Dauntless Shield|boost\n|-boost|p1b: Zamazenta|def|1\n|-activate|p2a: Raging Bolt|ability: Protosynthesis\n|-start|p2a: Raging Bolt|protosynthesisspa\n|turn|4\n|\n|t:|1746010553\n|move|p1a: Ditto|Protect|p1a: Ditto\n|-singleturn|p1a: Ditto|Protect\n|move|p2a: Raging Bolt|Thunderclap||[still]\n|-fail|p2a: Raging Bolt\n|move|p2b: Calyrex|Astral Barrage|p1b: Zamazenta|[spread] p1b\n|-activate|p1a: Ditto|move: Protect\n|-damage|p1b: Zamazenta|16/100\n|move|p1b: Zamazenta|Behemoth Bash|p2b: Calyrex\n|-damage|p2b: Calyrex|0 fnt\n|faint|p2b: Calyrex\n|\n|-weather|SunnyDay|[upkeep]\n|upkeep\n|turn|5\n|\n|t:|1746010568\n|move|p1a: Ditto|Nasty Plot|p1a: Ditto\n|-boost|p1a: Ditto|spa|2\n|move|p1b: Zamazenta|Body Press|p2a: Raging Bolt\n|-damage|p2a: Raging Bolt|46/100\n|move|p2a: Raging Bolt|Electroweb|p1b: Zamazenta|[spread] p1b\n|-miss|p2a: Raging Bolt|p1a: Ditto\n|-damage|p1b: Zamazenta|0 fnt\n|faint|p1b: Zamazenta\n|\n|-weather|none\n|-end|p2a: Raging Bolt|Protosynthesis\n|-fieldend|move: Electric Terrain\n|upkeep\n|turn|6\n|\n|t:|1746010578\n|move|p2a: Raging Bolt|Thunderclap|p1a: Ditto\n|-damage|p1a: Ditto|0 fnt\n|faint|p1a: Ditto\n|\n|win|Schroombert\n|raw|ted31625's rating: 1196 &rarr; <strong>1179</strong><br />(-17 for losing)\n|raw|Schroombert's rating: 1316 &rarr; <strong>1329</strong><br />(+13 for winning)\n", "uploadtime": 1746010583, "views": 20, "formatid": "gen9vgc2025regibo3", "rating": 1179, "private": 0, "password": null}