{"id": "gen9vgc2025regibo3-2353685890", "format": "[Gen 9] VGC 2025 Reg I (Bo3)", "players": ["hero231", "alteraltaltaccount"], "log": "|j|\u2606hero231\n|j|\u203dalteraltaltaccount\n|html|<table width=\"100%\"><tr><td align=\"left\">hero231</td><td align=\"right\">alteraltaltaccount</tr><tr><td align=\"left\"><i class=\"fa fa-circle-o\"></i> <i class=\"fa fa-circle-o\"></i> </td><td align=\"right\"><i class=\"fa fa-circle-o\"></i> <i class=\"fa fa-circle-o\"></i> </tr></table>\n|uhtml|bestof|<h2><strong>Game 1</strong> of <a href=\"/game-bestof3-gen9vgc2025regibo3-2353685888\">a best-of-3</a></h2>\n|t:|1745983484\n|gametype|doubles\n|player|p1|hero231|169|1183\n|player|p2|alteraltaltaccount|lucas|1181\n|teamsize|p1|6\n|teamsize|p2|6\n|gen|9\n|tier|[Gen 9] VGC 2025 Reg I (Bo3)\n|rated|\n|rule|Species Clause: Limit one of each Pok\u00e9mon\n|rule|Item Clause: Limit 1 of each item\n|clearpoke\n|poke|p1|Miraidon, L50|\n|poke|p1|Calyrex-Ice, L50|\n|poke|p1|Ogerpon-Hearthflame, L50, F|\n|poke|p1|Iron Hands, L50|\n|poke|p1|Farigiraf, L50, F|\n|poke|p1|Urshifu-*, L50, F|\n|poke|p2|Farigiraf, L50, M|\n|poke|p2|Miraidon, L50|\n|poke|p2|Incineroar, L50, F|\n|poke|p2|Whimsicott, L50, M|\n|poke|p2|Calyrex-Ice, L50|\n|poke|p2|Urshifu-*, L50, M|\n|teampreview|4\n|showteam|p1|Miraidon||ChoiceSpecs|HadronEngine|ElectroDrift,DracoMeteor,VoltSwitch,DazzlingGleam||||||50|,,,,,Fairy]Calyrex-Ice||ClearAmulet|AsOneGlastrier|GlacialLance,HighHorsepower,TrickRoom,Protect||||||50|,,,,,Fire]Ogerpon-Hearthflame||HearthflameMask|MoldBreaker|IvyCudgel,HelpingHand,FollowMe,SpikyShield|||F|||50|,,,,,Fire]Iron Hands||AssaultVest|QuarkDrive|DrainPunch,WildCharge,FakeOut,LowKick||||||50|,,,,,Bug]Farigiraf||ElectricSeed|ArmorTail|FoulPlay,PsychicNoise,HelpingHand,TrickRoom|||F|||50|,,,,,Water]Urshifu||FocusSash|UnseenFist|WickedBlow,CloseCombat,Protect,SuckerPunch|||F|||50|,,,,,Dark\n|showteam|p2|Farigiraf||ThroatSpray|ArmorTail|HyperVoice,Psychic,TrickRoom,Protect|||M|||50|,,,,,Fairy]Miraidon||ChoiceSpecs|HadronEngine|ElectroDrift,DracoMeteor,VoltSwitch,DazzlingGleam||||||50|,,,,,Fairy]Incineroar||SitrusBerry|Intimidate|FakeOut,WillOWisp,KnockOff,PartingShot|||F|||50|,,,,,Bug]Whimsicott||CovertCloak|Prankster|Moonblast,Encore,LightScreen,Tailwind|||M|||50|,,,,,Dark]Calyrex-Ice||ClearAmulet|AsOneGlastrier|GlacialLance,HighHorsepower,Protect,TrickRoom||||||50|,,,,,Fire]Urshifu-Rapid-Strike||FocusSash|UnseenFist|AquaJet,CloseCombat,SurgingStrikes,Detect|||M|||50|,,,,,Stellar\n|j| allmyfelllllllllas\n|\n|t:|1745983516\n|start\n|switch|p1a: pet cheetah|Miraidon, L50|100/100\n|switch|p1b: fake you out|Iron Hands, L50|100/100\n|switch|p2a: Miraidon|Miraidon, L50|100/100\n|switch|p2b: Whimsicott|Whimsicott, L50, M|100/100\n|-fieldstart|move: Electric Terrain|[from] ability: Hadron Engine|[of] p2a: Miraidon\n|-activate|p1b: fake you out|ability: Quark Drive\n|-start|p1b: fake you out|quarkdriveatk\n|-activate|p1a: pet cheetah|ability: Hadron Engine\n|turn|1\n|l| allmyfelllllllllas\n|\n|t:|1745983560\n|switch|p2a: Incineroar|Incineroar, L50, F|100/100\n|-ability|p2a: Incineroar|Intimidate|boost\n|-unboost|p1a: pet cheetah|atk|1\n|-unboost|p1b: fake you out|atk|1\n|move|p1b: fake you out|Fake Out|p2a: Incineroar\n|-damage|p2a: Incineroar|90/100\n|move|p2b: Whimsicott|Light Screen|p2b: Whimsicott\n|-sidestart|p2: alteraltaltaccount|move: Light Screen\n|move|p1a: pet cheetah|Electro Drift|p2a: Incineroar\n|-damage|p2a: Incineroar|11/100\n|-enditem|p2a: Incineroar|Sitrus Berry|[eat]\n|-heal|p2a: Incineroar|36/100|[from] item: Sitrus Berry\n|\n|upkeep\n|turn|2\n|\n|t:|1745983575\n|switch|p1a: my ride|Calyrex-Ice, L50|100/100\n|-ability|p1a: my ride|As One\n|-ability|p1a: my ride|Unnerve\n|move|p2b: Whimsicott|Encore|p1b: fake you out\n|-start|p1b: fake you out|Encore\n|move|p2a: Incineroar|Knock Off|p1a: my ride\n|-supereffective|p1a: my ride\n|-damage|p1a: my ride|54/100\n|-enditem|p1a: my ride|Clear Amulet|[from] move: Knock Off|[of] p2a: Incineroar\n|move|p1b: fake you out|Fake Out||[still]\n|-hint|Fake Out only works on your first turn out.\n|-fail|p1b: fake you out\n|\n|upkeep\n|turn|3\n|\n|t:|1745983601\n|-end|p1b: fake you out|Quark Drive|[silent]\n|switch|p1b: blurryface|Ogerpon-Hearthflame, L50, F|100/100\n|-ability|p1b: blurryface|Mold Breaker\n|move|p1a: my ride|Protect|p1a: my ride\n|-singleturn|p1a: my ride|Protect\n|move|p2b: Whimsicott|Moonblast|p1b: blurryface\n|-resisted|p1b: blurryface\n|-damage|p1b: blurryface|86/100\n|move|p2a: Incineroar|Will-O-Wisp|p1a: my ride\n|-activate|p1a: my ride|move: Protect\n|\n|upkeep\n|turn|4\n|\n|t:|1745983618\n|move|p1b: blurryface|Follow Me|p1b: blurryface\n|-singleturn|p1b: blurryface|move: Follow Me\n|move|p2b: Whimsicott|Encore|p1b: blurryface\n|-start|p1b: blurryface|Encore\n|move|p2a: Incineroar|Parting Shot|p1b: blurryface\n|-unboost|p1b: blurryface|atk|1\n|-unboost|p1b: blurryface|spa|1\n|\n|t:|1745983625\n|switch|p2a: Miraidon|Miraidon, L50|100/100|[from] Parting Shot\n|-activate|p2a: Miraidon|ability: Hadron Engine\n|move|p1a: my ride|Trick Room|p1a: my ride\n|-fieldstart|move: Trick Room|[of] p1a: my ride\n|\n|upkeep\n|turn|5\n|\n|t:|1745983646\n|switch|p2b: Incineroar|Incineroar, L50, F|36/100\n|-ability|p2b: Incineroar|Intimidate|boost\n|-unboost|p1a: my ride|atk|1\n|-unboost|p1b: blurryface|atk|1\n|-terastallize|p2a: Miraidon|Fairy\n|move|p1b: blurryface|Follow Me|p1b: blurryface\n|-singleturn|p1b: blurryface|move: Follow Me\n|move|p1a: my ride|Glacial Lance|p2b: Incineroar|[spread] p2a,p2b\n|-resisted|p2b: Incineroar\n|-crit|p2b: Incineroar\n|-damage|p2a: Miraidon|58/100\n|-damage|p2b: Incineroar|0 fnt\n|faint|p2b: Incineroar\n|-ability|p1a: my ride|Chilling Neigh|boost\n|-boost|p1a: my ride|atk|1\n|move|p2a: Miraidon|Dazzling Gleam|p1b: blurryface|[spread] p1a,p1b\n|-resisted|p1b: blurryface\n|-damage|p1a: my ride|14/100\n|-damage|p1b: blurryface|53/100\n|\n|-sideend|p2: alteraltaltaccount|move: Light Screen\n|-fieldend|move: Electric Terrain\n|upkeep\n|\n|t:|1745983663\n|switch|p2b: Calyrex|Calyrex-Ice, L50|100/100\n|-ability|p2b: Calyrex|As One\n|-ability|p2b: Calyrex|Unnerve\n|turn|6\n|\n|t:|1745983686\n|move|p1a: my ride|Protect|p1a: my ride\n|-singleturn|p1a: my ride|Protect\n|move|p1b: blurryface|Follow Me|p1b: blurryface\n|-singleturn|p1b: blurryface|move: Follow Me\n|move|p2b: Calyrex|Glacial Lance|p1a: my ride|[spread] p1b\n|-activate|p1a: my ride|move: Protect\n|-damage|p1b: blurryface|7/100\n|move|p2a: Miraidon|Dazzling Gleam|p1b: blurryface|[spread] p1b\n|-activate|p1a: my ride|move: Protect\n|-resisted|p1b: blurryface\n|-crit|p1b: blurryface\n|-damage|p1b: blurryface|0 fnt\n|faint|p1b: blurryface\n|\n|upkeep\n|\n|t:|1745983698\n|switch|p1b: fake you out|Iron Hands, L50|100/100\n|turn|7\n|\n|t:|1745983703\n|move|p1b: fake you out|Fake Out|p2b: Calyrex\n|-damage|p2b: Calyrex|91/100\n|move|p1a: my ride|Glacial Lance|p2b: Calyrex|[spread] p2a,p2b\n|-resisted|p2b: Calyrex\n|-damage|p2a: Miraidon|0 fnt\n|-damage|p2b: Calyrex|72/100\n|faint|p2a: Miraidon\n|-ability|p1a: my ride|Chilling Neigh|boost\n|-boost|p1a: my ride|atk|1\n|cant|p2b: Calyrex|flinch\n|\n|upkeep\n|\n|t:|1745983709\n|switch|p2a: Whimsicott|Whimsicott, L50, M|100/100\n|turn|8\n|\n|t:|1745983725\n|-end|p1b: fake you out|Quark Drive|[silent]\n|switch|p1b: pet cheetah|Miraidon, L50|100/100\n|-fieldstart|move: Electric Terrain|[from] ability: Hadron Engine|[of] p1b: pet cheetah\n|move|p2a: Whimsicott|Encore||[still]\n|-fail|p2a: Whimsicott\n|move|p1a: my ride|Glacial Lance|p2a: Whimsicott|[spread] p2a,p2b\n|-supereffective|p2a: Whimsicott\n|-resisted|p2b: Calyrex\n|-damage|p2a: Whimsicott|0 fnt\n|-damage|p2b: Calyrex|45/100\n|faint|p2a: Whimsicott\n|-ability|p1a: my ride|Chilling Neigh|boost\n|-boost|p1a: my ride|atk|1\n|move|p2b: Calyrex|High Horsepower|p1a: my ride\n|-damage|p1a: my ride|0 fnt\n|faint|p1a: my ride\n|-ability|p2b: Calyrex|Chilling Neigh|boost\n|-boost|p2b: Calyrex|atk|1\n|\n|-fieldend|move: Trick Room\n|upkeep\n|-message|alteraltaltaccount forfeited.\n|\n|win|hero231\n|l|\u203dalteraltaltaccount\n|player|p2|\n||alteraltaltaccount is ready for game 2.\n||hero231 is ready for game 2.\n|uhtml|next|Next: <a href=\"/battle-gen9vgc2025regibo3-2353687860\"><strong>Game 2 of 3</strong></a>\n", "uploadtime": 1745984154, "views": 6, "formatid": "gen9vgc2025regibo3", "rating": null, "private": 0, "password": null}