{"id": "gen9vgc2025regibo3-2355012582", "format": "[Gen 9] VGC 2025 Reg I (Bo3)", "players": ["ihatedormvid", "VA2ATL"], "log": "|j|\u2606ihatedormvid\n|j|\u2606VA2ATL\n|html|<table width=\"100%\"><tr><td align=\"left\">ihatedormvid</td><td align=\"right\">VA2ATL</tr><tr><td align=\"left\"><i class=\"fa fa-circle-o\"></i> <i class=\"fa fa-circle-o\"></i> </td><td align=\"right\"><i class=\"fa fa-circle-o\"></i> <i class=\"fa fa-circle-o\"></i> </tr></table>\n|uhtml|bestof|<h2><strong>Game 1</strong> of <a href=\"/game-bestof3-gen9vgc2025regibo3-2355012581\">a best-of-3</a></h2>\n|t:|1746141952\n|gametype|doubles\n|player|p1|ihatedormvid|caitlin|1118\n|player|p2|VA2ATL|101|1127\n|teamsize|p1|6\n|teamsize|p2|6\n|gen|9\n|tier|[Gen 9] VGC 2025 Reg I (Bo3)\n|rated|\n|rule|Species Clause: Limit one of each Pok\u00e9mon\n|rule|Item Clause: Limit 1 of each item\n|clearpoke\n|poke|p1|Landorus, L50, M|\n|poke|p1|Rayquaza, L50|\n|poke|p1|Incineroar, L50, F|\n|poke|p1|Zamazenta-*, L50|\n|poke|p1|Rillaboom, L50, F|\n|poke|p1|Chien-Pao, L50|\n|poke|p2|Calyrex-Shadow, L50|\n|poke|p2|Zamazenta-*, L50|\n|poke|p2|Urshifu-*, L50, M|\n|poke|p2|Incineroar, L50, M|\n|poke|p2|Rillaboom, L50, F|\n|poke|p2|Pelipper, L50, M|\n|teampreview|4\n|showteam|p1|Landorus||LifeOrb|SheerForce|EarthPower,Psychic,SludgeBomb,Protect|||M|||50|,,,,,Water]Rayquaza||ClearAmulet|AirLock|DragonAscent,ExtremeSpeed,SwordsDance,Protect||||||50|,,,,,Normal]Incineroar||SafetyGoggles|Intimidate|FakeOut,KnockOff,WillOWisp,PartingShot|||F|||50|,,,,,Ghost]Zamazenta-Crowned||RustedShield|DauntlessShield|BodyPress,HeavySlam,Protect,WideGuard||||||50|,,,,,Dragon]Rillaboom||AssaultVest|GrassySurge|WoodHammer,GrassyGlide,Uturn,FakeOut|||F|||50|,,,,,Fire]Chien-Pao||FocusSash|SwordofRuin|IcicleCrash,ThroatChop,SuckerPunch,Protect||||||50|,,,,,Ghost\n|showteam|p2|Calyrex-Shadow||LifeOrb|AsOneSpectrier|AstralBarrage,Psychic,NastyPlot,Protect||||||50|,,,,,Dark]Zamazenta-Crowned||RustedShield|DauntlessShield|behemothbash,BodyPress,WideGuard,Protect||||||50|,,,,,Dragon]Urshifu-Rapid-Strike||ChoiceScarf|UnseenFist|SurgingStrikes,CloseCombat,Uturn,Coaching|||M|||50|,,,,,Water]Incineroar||RockyHelmet|Intimidate|KnockOff,WillOWisp,PartingShot,FakeOut|||M|||50|,,,,,Grass]Rillaboom||AssaultVest|GrassySurge|WoodHammer,GrassyGlide,Uturn,FakeOut|||F|||50|,,,,,Fire]Pelipper||FocusSash|Drizzle|WeatherBall,Hurricane,Tailwind,Protect|||M|||50|,,,,,Ghost\n|\n|t:|1746142027\n|start\n|switch|p1a: Rayquaza|Rayquaza, L50|100/100\n|switch|p1b: Incineroar|Incineroar, L50, F|100/100\n|switch|p2a: Zamazenta|Zamazenta-Crowned, L50|100/100\n|switch|p2b: Urshifu|Urshifu-Rapid-Strike, L50, M|100/100\n|-ability|p2a: Zamazenta|Dauntless Shield|boost\n|-boost|p2a: Zamazenta|def|1\n|-ability|p1a: Rayquaza|Air Lock\n|-ability|p1b: Incineroar|Intimidate|boost\n|-unboost|p2a: Zamazenta|atk|1\n|-unboost|p2b: Urshifu|atk|1\n|turn|1\n|\n|t:|1746142092\n|-terastallize|p1b: Incineroar|Ghost\n|move|p2b: Urshifu|Coaching|p2a: Zamazenta\n|-boost|p2a: Zamazenta|atk|1\n|-boost|p2a: Zamazenta|def|1\n|move|p2a: Zamazenta|Body Press|p1b: Incineroar\n|-immune|p1b: Incineroar\n|move|p1a: Rayquaza|Dragon Ascent|p2b: Urshifu\n|-supereffective|p2b: Urshifu\n|-damage|p2b: Urshifu|0 fnt\n|-unboost|p1a: Rayquaza|def|1\n|-unboost|p1a: Rayquaza|spd|1\n|faint|p2b: Urshifu\n|move|p1b: Incineroar|Will-O-Wisp|p2a: Zamazenta|[miss]\n|-miss|p1b: Incineroar|p2a: Zamazenta\n|\n|upkeep\n|\n|t:|1746142105\n|switch|p2b: Calyrex|Calyrex-Shadow, L50|100/100\n|-ability|p2b: Calyrex|As One\n|-ability|p2b: Calyrex|Unnerve\n|turn|2\n|\n|t:|1746142121\n|switch|p1b: Zamazenta|Zamazenta-Crowned, L50|100/100\n|-ability|p1b: Zamazenta|Dauntless Shield|boost\n|-boost|p1b: Zamazenta|def|1\n|move|p1a: Rayquaza|Protect|p1a: Rayquaza\n|-singleturn|p1a: Rayquaza|Protect\n|move|p2b: Calyrex|Astral Barrage|p1b: Zamazenta|[spread] p1b\n|-activate|p1a: Rayquaza|move: Protect\n|-damage|p1b: Zamazenta|50/100\n|-damage|p2b: Calyrex|91/100|[from] item: Life Orb\n|move|p2a: Zamazenta|Body Press|p1a: Rayquaza\n|-activate|p1a: Rayquaza|move: Protect\n|\n|upkeep\n|turn|3\n|\n|t:|1746142140\n|move|p1b: Zamazenta|Protect|p1b: Zamazenta\n|-singleturn|p1b: Zamazenta|Protect\n|move|p2b: Calyrex|Psychic|p1a: Rayquaza\n|-damage|p1a: Rayquaza|8/100\n|-damage|p2b: Calyrex|81/100|[from] item: Life Orb\n|move|p2a: Zamazenta|Body Press|p1b: Zamazenta\n|-activate|p1b: Zamazenta|move: Protect\n|move|p1a: Rayquaza|Dragon Ascent|p2b: Calyrex\n|-damage|p2b: Calyrex|0 fnt\n|-unboost|p1a: Rayquaza|def|1\n|-unboost|p1a: Rayquaza|spd|1\n|faint|p2b: Calyrex\n|\n|upkeep\n|\n|t:|1746142154\n|switch|p2b: Pelipper|Pelipper, L50, M|100/100\n|-weather|RainDance|[from] ability: Drizzle|[of] p2b: Pelipper\n|turn|4\n|\n|t:|1746142167\n|switch|p1b: Incineroar|Incineroar, L50, F, tera:Ghost|100/100\n|-ability|p1b: Incineroar|Intimidate|boost\n|-unboost|p2a: Zamazenta|atk|1\n|-unboost|p2b: Pelipper|atk|1\n|move|p1a: Rayquaza|Protect|p1a: Rayquaza\n|-singleturn|p1a: Rayquaza|Protect\n|move|p2a: Zamazenta|Body Press|p1a: Rayquaza\n|-activate|p1a: Rayquaza|move: Protect\n|move|p2b: Pelipper|Hurricane|p1b: Incineroar\n|-damage|p1b: Incineroar|59/100\n|\n|-weather|RainDance|[upkeep]\n|upkeep\n|turn|5\n|\n|t:|1746142193\n|move|p2a: Zamazenta|Protect|p2a: Zamazenta\n|-singleturn|p2a: Zamazenta|Protect\n|move|p2b: Pelipper|Tailwind|p2b: Pelipper\n|-sidestart|p2: VA2ATL|move: Tailwind\n|move|p1a: Rayquaza|Dragon Ascent|p2b: Pelipper\n|-enditem|p2b: Pelipper|Focus Sash\n|-damage|p2b: Pelipper|1/100\n|-unboost|p1a: Rayquaza|def|1\n|-unboost|p1a: Rayquaza|spd|1\n|move|p1b: Incineroar|Will-O-Wisp|p2a: Zamazenta\n|-activate|p2a: Zamazenta|move: Protect\n|\n|-weather|RainDance|[upkeep]\n|upkeep\n|turn|6\n|\n|t:|1746142211\n|move|p1a: Rayquaza|Extreme Speed|p2b: Pelipper\n|-damage|p2b: Pelipper|0 fnt\n|faint|p2b: Pelipper\n|move|p2a: Zamazenta|Behemoth Bash|p1b: Incineroar\n|-damage|p1b: Incineroar|35/100\n|move|p1b: Incineroar|Will-O-Wisp|p2a: Zamazenta\n|-status|p2a: Zamazenta|brn\n|\n|-weather|RainDance|[upkeep]\n|-damage|p2a: Zamazenta|95/100 brn|[from] brn\n|upkeep\n|turn|7\n|-message|VA2ATL forfeited.\n|\n|win|ihatedormvid\n|l|\u2606VA2ATL\n|player|p2|\n||ihatedormvid is ready for game 2.\n||VA2ATL is ready for game 2.\n|uhtml|next|Next: <a href=\"/battle-gen9vgc2025regibo3-2355014885\"><strong>Game 2 of 3</strong></a>\n|n|\u2606ihatedormvid|ihatedormvid\n", "uploadtime": 1746142340, "views": 4, "formatid": "gen9vgc2025regibo3", "rating": null, "private": 0, "password": null}