{"id": "gen9vgc2025regibo3-2353619220", "format": "[Gen 9] VGC 2025 Reg I (Bo3)", "players": ["navicorrin", "naytea"], "log": "|j|\u2606navicorrin\n|j|\u2606naytea\n|html|<table width=\"100%\"><tr><td align=\"left\">navicorrin</td><td align=\"right\">naytea</tr><tr><td align=\"left\"><i class=\"fa fa-circle-o\"></i> <i class=\"fa fa-circle-o\"></i> </td><td align=\"right\"><i class=\"fa fa-circle-o\"></i> <i class=\"fa fa-circle-o\"></i> </tr></table>\n|uhtml|bestof|<h2><strong>Game 1</strong> of <a href=\"/game-bestof3-gen9vgc2025regibo3-2353619219\">a best-of-3</a></h2>\n|t:|1745975325\n|gametype|doubles\n|player|p1|navicorrin|caitlin|1060\n|player|p2|naytea|iris-gen5bw2|1097\n|teamsize|p1|6\n|teamsize|p2|6\n|gen|9\n|tier|[Gen 9] VGC 2025 Reg I (Bo3)\n|rated|\n|rule|Species Clause: Limit one of each Pok\u00e9mon\n|rule|Item Clause: Limit 1 of each item\n|clearpoke\n|poke|p1|Amoonguss, L50, M|\n|poke|p1|Ho-Oh, L50|\n|poke|p1|Rillaboom, L50, F|\n|poke|p1|Snorlax, L50, M|\n|poke|p1|Lunala, L50|\n|poke|p1|Milotic, L50, M|\n|poke|p2|Gothitelle, L50, M|\n|poke|p2|Umbreon, L50, M|\n|poke|p2|Koraidon, L50|\n|poke|p2|Whimsicott, L50, M|\n|poke|p2|Zacian-*, L50|\n|poke|p2|Raging Bolt, L50|\n|teampreview|4\n|showteam|p1|Amoonguss||RockyHelmet|Regenerator|PollenPuff,GigaDrain,Protect,Spore|||M|||50|,,,,,Dragon]Ho-Oh||EjectPack|Regenerator|FireSpin,LifeDew,SacredFire,Protect||||||50|,,,,,Dragon]Rillaboom||AssaultVest|GrassySurge|GrassyGlide,Uturn,FakeOut,WoodHammer|||F|||50|,,,,,Water]Snorlax||AguavBerry|Gluttony|Yawn,Recycle,Protect,BodySlam|||M|||50|,,,,,Fairy]Lunala||Leftovers|ShadowShield|CalmMind,MoongeistBeam,DreamEater,Protect||||||50|,,,,,Fairy]Milotic||CovertCloak|Competitive|Whirlpool,LifeDew,Scald,Protect|||M|||50|,,,,,Grass\n|showteam|p2|Gothitelle||SitrusBerry|ShadowTag|FakeOut,TrickRoom,Psychic,Protect|||M|||50|,,,,,Fairy]Umbreon||SafetyGoggles|InnerFocus|Moonlight,Snarl,Taunt,Yawn|||M|||50|,,,,,Poison]Koraidon||LifeOrb|OrichalcumPulse|FlameCharge,FlareBlitz,CloseCombat,Protect||||||50|,,,,,Fire]Whimsicott||CovertCloak|Prankster|Encore,Moonblast,Tailwind,SunnyDay|||M|||50|,,,,,Grass]Zacian-Crowned||RustedSword|IntrepidSword|behemothblade,PlayRough,SacredSword,Protect||||||50|,,,,,Water]Raging Bolt||AssaultVest|Protosynthesis|Thunderbolt,Thunderclap,DracoMeteor,Snarl||||||50|,,,,,Fairy\n|inactive|Battle timer is ON: inactive players will automatically lose when time's up. (requested by naytea)\n|inactive|naytea has 60 seconds left.\n|\n|t:|1745975356\n|start\n|switch|p1a: Snorlax|Snorlax, L50, M, shiny|100/100\n|switch|p1b: Milotic|Milotic, L50, M, shiny|100/100\n|switch|p2a: Gothitelle|Gothitelle, L50, M|100/100\n|switch|p2b: Raging Bolt|Raging Bolt, L50|100/100\n|turn|1\n|\n|t:|1745975378\n|move|p1a: Snorlax|Protect|p1a: Snorlax\n|-singleturn|p1a: Snorlax|Protect\n|move|p2a: Gothitelle|Fake Out|p1a: Snorlax\n|-activate|p1a: Snorlax|move: Protect\n|move|p1b: Milotic|Whirlpool|p2b: Raging Bolt|[miss]\n|-miss|p1b: Milotic|p2b: Raging Bolt\n|move|p2b: Raging Bolt|Thunderbolt|p1b: Milotic\n|-supereffective|p1b: Milotic\n|-damage|p1b: Milotic|28/100\n|\n|upkeep\n|turn|2\n|inactive|navicorrin has 30 seconds left.\n|inactive|naytea has 30 seconds left.\n|\n|t:|1745975408\n|move|p1b: Milotic|Protect|p1b: Milotic\n|-singleturn|p1b: Milotic|Protect\n|move|p2b: Raging Bolt|Thunderbolt|p1a: Snorlax\n|-damage|p1a: Snorlax|69/100\n|move|p2a: Gothitelle|Psychic|p1b: Milotic\n|-activate|p1b: Milotic|move: Protect\n|move|p1a: Snorlax|Yawn|p2b: Raging Bolt\n|-start|p2b: Raging Bolt|move: Yawn|[of] p1a: Snorlax\n|\n|upkeep\n|turn|3\n|\n|t:|1745975424\n|-end|p2b: Raging Bolt|Protosynthesis|[silent]\n|switch|p2b: Umbreon|Umbreon, L50, M|100/100\n|move|p1b: Milotic|Life Dew|p1b: Milotic|[spread] p1a,p1b\n|-heal|p1a: Snorlax|94/100\n|-heal|p1b: Milotic|53/100\n|move|p2a: Gothitelle|Psychic|p1b: Milotic\n|-crit|p1b: Milotic\n|-damage|p1b: Milotic|22/100\n|move|p1a: Snorlax|Yawn|p2a: Gothitelle\n|-start|p2a: Gothitelle|move: Yawn|[of] p1a: Snorlax\n|\n|upkeep\n|turn|4\n|\n|t:|1745975442\n|switch|p2a: Raging Bolt|Raging Bolt, L50|100/100\n|move|p1b: Milotic|Whirlpool|p2b: Umbreon|[miss]\n|-miss|p1b: Milotic|p2b: Umbreon\n|move|p2b: Umbreon|Taunt|p1a: Snorlax\n|-start|p1a: Snorlax|move: Taunt\n|cant|p1a: Snorlax|move: Taunt|Yawn\n|\n|upkeep\n|turn|5\n|\n|t:|1745975459\n|move|p1b: Milotic|Protect|p1b: Milotic\n|-singleturn|p1b: Milotic|Protect\n|move|p2a: Raging Bolt|Thunderbolt|p1b: Milotic\n|-activate|p1b: Milotic|move: Protect\n|move|p2b: Umbreon|Yawn|p1a: Snorlax\n|-start|p1a: Snorlax|move: Yawn|[of] p2b: Umbreon\n|move|p1a: Snorlax|Body Slam|p2a: Raging Bolt\n|-damage|p2a: Raging Bolt|75/100\n|\n|upkeep\n|turn|6\n|inactive|naytea has 30 seconds left.\n|inactive|naytea has 20 seconds left.\n|\n|t:|1745975494\n|-end|p2a: Raging Bolt|Protosynthesis|[silent]\n|switch|p2a: Gothitelle|Gothitelle, L50, M|100/100\n|switch|p1a: Rillaboom|Rillaboom, L50, F, shiny|100/100\n|-fieldstart|move: Grassy Terrain|[from] ability: Grassy Surge|[of] p1a: Rillaboom\n|move|p1b: Milotic|Scald|p2b: Umbreon\n|-damage|p2b: Umbreon|84/100\n|move|p2b: Umbreon|Yawn|p1b: Milotic\n|-start|p1b: Milotic|move: Yawn|[of] p2b: Umbreon\n|\n|-heal|p1b: Milotic|28/100|[from] Grassy Terrain\n|-heal|p2b: Umbreon|90/100|[from] Grassy Terrain\n|upkeep\n|turn|7\n|inactive|navicorrin has 30 seconds left.\n|inactive|naytea has 30 seconds left.\n|inactive|navicorrin has 20 seconds left.\n|inactive|navicorrin has 15 seconds left.\n|inactive|navicorrin has 10 seconds left.\n|\n|t:|1745975540\n|switch|p2b: Raging Bolt|Raging Bolt, L50|75/100\n|move|p1a: Rillaboom|Fake Out|p2a: Gothitelle\n|-damage|p2a: Gothitelle|88/100\n|cant|p2a: Gothitelle|flinch\n|move|p1b: Milotic|Life Dew||[still]|[spread] p1a,p1b\n|-fail|p1a: Rillaboom|heal\n|-heal|p1b: Milotic|53/100\n|\n|-heal|p1b: Milotic|59/100|[from] Grassy Terrain\n|-heal|p2b: Raging Bolt|81/100|[from] Grassy Terrain\n|-heal|p2a: Gothitelle|94/100|[from] Grassy Terrain\n|-end|p1b: Milotic|move: Yawn|[silent]\n|-status|p1b: Milotic|slp\n|upkeep\n|turn|8\n|inactive|navicorrin has 30 seconds left.\n|\n|t:|1745975566\n|cant|p1b: Milotic|slp\n|move|p1a: Rillaboom|Wood Hammer|p2a: Gothitelle\n|-damage|p2a: Gothitelle|26/100\n|-enditem|p2a: Gothitelle|Sitrus Berry|[eat]\n|-heal|p2a: Gothitelle|51/100|[from] item: Sitrus Berry\n|-damage|p1a: Rillaboom|81/100|[from] Recoil\n|move|p2b: Raging Bolt|Draco Meteor|p1a: Rillaboom\n|-damage|p1a: Rillaboom|20/100\n|-unboost|p2b: Raging Bolt|spa|2\n|move|p2a: Gothitelle|Psychic|p1a: Rillaboom\n|-damage|p1a: Rillaboom|0 fnt\n|faint|p1a: Rillaboom\n|\n|-heal|p1b: Milotic|65/100 slp|[from] Grassy Terrain\n|-heal|p2b: Raging Bolt|87/100|[from] Grassy Terrain\n|-heal|p2a: Gothitelle|58/100|[from] Grassy Terrain\n|upkeep\n|\n|t:|1745975583\n|switch|p1a: Lunala|Lunala, L50|100/100\n|turn|9\n|inactive|naytea has 30 seconds left.\n|\n|t:|1745975611\n|-end|p2b: Raging Bolt|Protosynthesis|[silent]\n|switch|p2b: Umbreon|Umbreon, L50, M|90/100\n|-terastallize|p1b: Milotic|Grass\n|move|p1a: Lunala|Calm Mind|p1a: Lunala\n|-boost|p1a: Lunala|spa|1\n|-boost|p1a: Lunala|spd|1\n|cant|p1b: Milotic|slp\n|move|p2a: Gothitelle|Psychic|p1b: Milotic\n|-damage|p1b: Milotic|42/100 slp\n|\n|-heal|p1b: Milotic|48/100 slp|[from] Grassy Terrain\n|-heal|p2a: Gothitelle|64/100|[from] Grassy Terrain\n|-heal|p2b: Umbreon|96/100|[from] Grassy Terrain\n|upkeep\n|turn|10\n|\n|t:|1745975636\n|move|p1a: Lunala|Protect|p1a: Lunala\n|-singleturn|p1a: Lunala|Protect\n|cant|p1b: Milotic|slp\n|move|p2a: Gothitelle|Psychic|p1b: Milotic\n|-damage|p1b: Milotic|24/100 slp\n|move|p2b: Umbreon|Taunt|p1a: Lunala\n|-activate|p1a: Lunala|move: Protect\n|\n|-heal|p1b: Milotic|30/100 slp|[from] Grassy Terrain\n|-heal|p2b: Umbreon|100/100|[from] Grassy Terrain\n|-heal|p2a: Gothitelle|70/100|[from] Grassy Terrain\n|-fieldend|move: Grassy Terrain\n|upkeep\n|turn|11\n|\n|t:|1745975653\n|move|p1a: Lunala|Moongeist Beam|p2a: Gothitelle\n|-supereffective|p2a: Gothitelle\n|-damage|p2a: Gothitelle|0 fnt\n|faint|p2a: Gothitelle\n|-curestatus|p1b: Milotic|slp|[msg]\n|move|p1b: Milotic|Life Dew||[still]|[spread] p1a,p1b\n|-fail|p1a: Lunala|heal\n|-heal|p1b: Milotic|55/100\n|move|p2b: Umbreon|Yawn|p1a: Lunala\n|-start|p1a: Lunala|move: Yawn|[of] p2b: Umbreon\n|\n|upkeep\n|\n|t:|1745975657\n|switch|p2a: Zacian|Zacian-Crowned, L50|100/100\n|-ability|p2a: Zacian|Intrepid Sword|boost\n|-boost|p2a: Zacian|atk|1\n|turn|12\n|\n|t:|1745975678\n|move|p2a: Zacian|Behemoth Blade|p1b: Milotic\n|-damage|p1b: Milotic|0 fnt\n|faint|p1b: Milotic\n|move|p1a: Lunala|Moongeist Beam|p2a: Zacian\n|-damage|p2a: Zacian|18/100\n|move|p2b: Umbreon|Snarl|p1a: Lunala\n|-supereffective|p1a: Lunala\n|-damage|p1a: Lunala|88/100\n|-unboost|p1a: Lunala|spa|1\n|\n|-heal|p1a: Lunala|94/100|[from] item: Leftovers\n|-end|p1a: Lunala|move: Yawn|[silent]\n|-status|p1a: Lunala|slp\n|upkeep\n|\n|t:|1745975691\n|switch|p1b: Snorlax|Snorlax, L50, M, shiny|94/100\n|turn|13\n|\n|t:|1745975702\n|move|p1b: Snorlax|Protect|p1b: Snorlax\n|-singleturn|p1b: Snorlax|Protect\n|move|p2a: Zacian|Sacred Sword|p1b: Snorlax\n|-activate|p1b: Snorlax|move: Protect\n|cant|p1a: Lunala|slp\n|move|p2b: Umbreon|Yawn|p1b: Snorlax\n|-activate|p1b: Snorlax|move: Protect\n|\n|-heal|p1a: Lunala|100/100 slp|[from] item: Leftovers\n|upkeep\n|turn|14\n|\n|t:|1745975719\n|move|p1b: Snorlax|Protect||[still]\n|-fail|p1b: Snorlax\n|move|p2a: Zacian|Behemoth Blade|p1a: Lunala\n|-damage|p1a: Lunala|68/100 slp\n|-curestatus|p1a: Lunala|slp|[msg]\n|move|p1a: Lunala|Moongeist Beam|p2a: Zacian\n|-damage|p2a: Zacian|0 fnt\n|faint|p2a: Zacian\n|move|p2b: Umbreon|Snarl|p1b: Snorlax|[spread] p1a,p1b\n|-supereffective|p1a: Lunala\n|-damage|p1a: Lunala|51/100\n|-damage|p1b: Snorlax|88/100\n|-unboost|p1a: Lunala|spa|1\n|-unboost|p1b: Snorlax|spa|1\n|\n|-heal|p1a: Lunala|57/100|[from] item: Leftovers\n|upkeep\n|\n|t:|1745975726\n|switch|p2a: Raging Bolt|Raging Bolt, L50|87/100\n|turn|15\n|inactive|navicorrin has 30 seconds left.\n|\n|t:|1745975755\n|move|p1a: Lunala|Calm Mind|p1a: Lunala\n|-boost|p1a: Lunala|spa|1\n|-boost|p1a: Lunala|spd|1\n|move|p2a: Raging Bolt|Thunderbolt|p1a: Lunala\n|-damage|p1a: Lunala|39/100\n|move|p2b: Umbreon|Taunt|p1b: Snorlax\n|-start|p1b: Snorlax|move: Taunt\n|cant|p1b: Snorlax|move: Taunt|Yawn\n|\n|-heal|p1a: Lunala|45/100|[from] item: Leftovers\n|upkeep\n|turn|16\n|\n|t:|1745975770\n|move|p1a: Lunala|Moongeist Beam|p2a: Raging Bolt\n|-damage|p2a: Raging Bolt|53/100\n|move|p2a: Raging Bolt|Snarl|p1a: Lunala|[spread] p1a,p1b\n|-supereffective|p1a: Lunala\n|-damage|p1a: Lunala|22/100\n|-damage|p1b: Snorlax|78/100\n|-unboost|p1a: Lunala|spa|1\n|-unboost|p1b: Snorlax|spa|1\n|move|p2b: Umbreon|Yawn|p1a: Lunala\n|-start|p1a: Lunala|move: Yawn|[of] p2b: Umbreon\n|move|p1b: Snorlax|Body Slam|p2a: Raging Bolt\n|-damage|p2a: Raging Bolt|26/100\n|\n|-heal|p1a: Lunala|28/100|[from] item: Leftovers\n|upkeep\n|turn|17\n|inactive|navicorrin has 30 seconds left.\n|inactive|naytea has 30 seconds left.\n|inactive|naytea has 20 seconds left.\n|inactive|naytea has 15 seconds left.\n|inactive|naytea has 10 seconds left.\n|\n|t:|1745975816\n|move|p1a: Lunala|Moongeist Beam|p2a: Raging Bolt\n|-damage|p2a: Raging Bolt|4/100\n|move|p2a: Raging Bolt|Thunderbolt|p1a: Lunala\n|-damage|p1a: Lunala|11/100\n|-status|p1a: Lunala|par\n|move|p2b: Umbreon|Snarl|p1b: Snorlax|[spread] p1a,p1b\n|-supereffective|p1a: Lunala\n|-damage|p1a: Lunala|0 fnt\n|-damage|p1b: Snorlax|72/100\n|-unboost|p1b: Snorlax|spa|1\n|faint|p1a: Lunala\n|move|p1b: Snorlax|Body Slam|p2a: Raging Bolt\n|-damage|p2a: Raging Bolt|0 fnt\n|faint|p2a: Raging Bolt\n|-end|p2a: Raging Bolt|Protosynthesis|[silent]\n|\n|-end|p1b: Snorlax|move: Taunt\n|upkeep\n|turn|18\n|\n|t:|1745975834\n|move|p2b: Umbreon|Taunt|p1b: Snorlax\n|-start|p1b: Snorlax|move: Taunt\n|cant|p1b: Snorlax|move: Taunt|Yawn\n|\n|upkeep\n|turn|19\n|\n|t:|1745975842\n|move|p2b: Umbreon|Yawn|p1b: Snorlax\n|-start|p1b: Snorlax|move: Yawn|[of] p2b: Umbreon\n|move|p1b: Snorlax|Body Slam|p2b: Umbreon\n|-damage|p2b: Umbreon|81/100\n|\n|upkeep\n|turn|20\n|\n|t:|1745975854\n|move|p2b: Umbreon|Snarl|p1b: Snorlax|[miss]\n|-miss|p2b: Umbreon|p1b: Snorlax\n|move|p1b: Snorlax|Body Slam|p2b: Umbreon\n|-damage|p2b: Umbreon|61/100\n|-status|p2b: Umbreon|par\n|\n|-end|p1b: Snorlax|move: Taunt\n|-end|p1b: Snorlax|move: Yawn|[silent]\n|-status|p1b: Snorlax|slp\n|upkeep\n|turn|21\n|inactive|navicorrin has 30 seconds left.\n|inactive|navicorrin has 20 seconds left.\n|\n|t:|1745975871\n|cant|p1b: Snorlax|slp\n|move|p2b: Umbreon|Moonlight|p2b: Umbreon\n|-heal|p2b: Umbreon|100/100 par\n|\n|upkeep\n|turn|22\n|inactive|navicorrin has 20 seconds left this turn.\n|inactive|navicorrin has 15 seconds left.\n|\n|t:|1745975878\n|cant|p2b: Umbreon|par\n|cant|p1b: Snorlax|slp\n|\n|upkeep\n|turn|23\n|inactive|navicorrin has 15 seconds left this turn.\n|\n|t:|1745975882\n|move|p2b: Umbreon|Taunt|p1b: Snorlax\n|-start|p1b: Snorlax|move: Taunt\n|cant|p1b: Snorlax|slp\n|\n|upkeep\n|turn|24\n|inactive|navicorrin has 15 seconds left this turn.\n|\n|t:|1745975886\n|cant|p2b: Umbreon|par\n|-curestatus|p1b: Snorlax|slp|[msg]\n|move|p1b: Snorlax|Body Slam|p2b: Umbreon\n|-damage|p2b: Umbreon|79/100 par\n|\n|upkeep\n|turn|25\n|inactive|navicorrin has 15 seconds left this turn.\n|inactive|navicorrin has 10 seconds left.\n|\n|t:|1745975894\n|move|p2b: Umbreon|Yawn|p1b: Snorlax\n|-start|p1b: Snorlax|move: Yawn|[of] p2b: Umbreon\n|move|p1b: Snorlax|Body Slam|p2b: Umbreon\n|-damage|p2b: Umbreon|57/100 par\n|\n|-end|p1b: Snorlax|move: Taunt\n|upkeep\n|turn|26\n|inactive|navicorrin has 10 seconds left this turn.\n|inactive|navicorrin has 5 seconds left.\n|-message|navicorrin lost due to inactivity.\n|\n|win|naytea\n||naytea is ready for game 2.\n||navicorrin is ready for game 2.\n|uhtml|next|Next: <a href=\"/battle-gen9vgc2025regibo3-2353623980\"><strong>Game 2 of 3</strong></a>\n|l|\u2606naytea\n|player|p2|\n|j|\u2606naytea\n|player|p2|naytea|iris-gen5bw2|\n|l|\u2606naytea\n|player|p2|\n", "uploadtime": 1745976223, "views": 6, "formatid": "gen9vgc2025regibo3", "rating": null, "private": 0, "password": null}