{"id": "gen9vgc2025regibo3-2354589523", "format": "[Gen 9] VGC 2025 Reg I (Bo3)", "players": ["Black urshifu stan", "Monsteralover"], "log": "|j|\u2606Black urshifu stan\n|j|\u2606Monsteralover\n|html|<table width=\"100%\"><tr><td align=\"left\">Black urshifu stan</td><td align=\"right\">Monsteralover</tr><tr><td align=\"left\"><i class=\"fa fa-circle-o\"></i> <i class=\"fa fa-circle-o\"></i> </td><td align=\"right\"><i class=\"fa fa-circle-o\"></i> <i class=\"fa fa-circle-o\"></i> </tr></table>\n|uhtml|bestof|<h2><strong>Game 1</strong> of <a href=\"/game-bestof3-gen9vgc2025regibo3-2354589522\">a best-of-3</a></h2>\n|t:|1746099533\n|gametype|doubles\n|player|p1|Black urshifu stan|266|1386\n|player|p2|Monsteralover|2|1383\n|teamsize|p1|6\n|teamsize|p2|6\n|gen|9\n|tier|[Gen 9] VGC 2025 Reg I (Bo3)\n|rated|\n|rule|Species Clause: Limit one of each Pok\u00e9mon\n|rule|Item Clause: Limit 1 of each item\n|clearpoke\n|poke|p1|Calyrex-Shadow, L50|\n|poke|p1|Miraidon, L50|\n|poke|p1|Iron Hands, L50|\n|poke|p1|Iron Treads, L50|\n|poke|p1|Grimmsnarl, L50, M|\n|poke|p1|Volcarona, L50, M|\n|poke|p2|Terapagos, L50, M|\n|poke|p2|Incineroar, L50, F|\n|poke|p2|Rillaboom, L50, M|\n|poke|p2|Ogerpon-Cornerstone, L50, F|\n|poke|p2|Grimmsnarl, L50, M|\n|poke|p2|Calyrex-Shadow, L50|\n|teampreview|4\n|showteam|p1|Calyrex-Shadow||FocusSash|AsOneSpectrier|AstralBarrage,Psychic,Encore,Protect||||||50|,,,,,Ghost]Miraidon||ChoiceSpecs|HadronEngine|ElectroDrift,DracoMeteor,VoltSwitch,DazzlingGleam||||||50|,,,,,Fairy]Iron Hands||AssaultVest|QuarkDrive|FakeOut,DrainPunch,LowKick,WildCharge||||||50|,,,,,Water]Iron Treads||ChoiceBand|QuarkDrive|IronHead,SteelRoller,HighHorsepower,KnockOff||||||50|,,,,,Ghost]Grimmsnarl||LightClay|Prankster|FoulPlay,ThunderWave,LightScreen,Reflect|||M|||50|,,,,,Ghost]Volcarona||ElectricSeed|FlameBody|FieryDance,GigaDrain,QuiverDance,Protect|||M|||50|,,,,,Grass\n|showteam|p2|Terapagos||Leftovers|TeraShift|TeraStarstorm,EarthPower,Protect,CalmMind|||M|||50|,,,,,Stellar]Incineroar||RockyHelmet|Intimidate|KnockOff,FakeOut,WillOWisp,PartingShot|||F|||50|,,,,,Water]Rillaboom||AssaultVest|GrassySurge|FakeOut,DrumBeating,Uturn,GrassyGlide|||M|||50|,,,,,Fire]Ogerpon-Cornerstone||CornerstoneMask|Sturdy|IvyCudgel,SpikyShield,FollowMe,Encore|||F|||50|,,,,,Rock]Grimmsnarl||LightClay|Prankster|SpiritBreak,Reflect,ThunderWave,LightScreen|||M|||50|,,,,,Ghost]Calyrex-Shadow||FocusSash|AsOneSpectrier|AstralBarrage,Psychic,NastyPlot,Protect||||||50|,,,,,Ghost\n|inactive|Battle timer is ON: inactive players will automatically lose when time's up. (requested by Black urshifu stan)\n|inactive|Monsteralover has 60 seconds left.\n|inactive|Monsteralover has 30 seconds left.\n|\n|t:|1746099597\n|start\n|switch|p1a: Grimmsnarl|Grimmsnarl, L50, M, shiny|100/100\n|switch|p1b: Calyrex|Calyrex-Shadow, L50|100/100\n|switch|p2a: Calyrex|Calyrex-Shadow, L50|100/100\n|switch|p2b: Incineroar|Incineroar, L50, F|100/100\n|-ability|p1b: Calyrex|As One\n|-ability|p1b: Calyrex|Unnerve\n|-ability|p2a: Calyrex|As One\n|-ability|p2a: Calyrex|Unnerve\n|-ability|p2b: Incineroar|Intimidate|boost\n|-unboost|p1a: Grimmsnarl|atk|1\n|-unboost|p1b: Calyrex|atk|1\n|turn|1\n|\n|t:|1746099616\n|move|p1b: Calyrex|Protect|p1b: Calyrex\n|-singleturn|p1b: Calyrex|Protect\n|move|p2b: Incineroar|Fake Out|p1a: Grimmsnarl\n|-damage|p1a: Grimmsnarl|91/100\n|cant|p1a: Grimmsnarl|flinch\n|move|p2a: Calyrex|Astral Barrage|p1a: Grimmsnarl|[spread] p1a\n|-activate|p1b: Calyrex|move: Protect\n|-resisted|p1a: Grimmsnarl\n|-damage|p1a: Grimmsnarl|65/100\n|\n|upkeep\n|turn|2\n|\n|t:|1746099635\n|switch|p2b: Terapagos|Terapagos, L50, M|100/100\n|-activate|p2b: Terapagos|ability: Tera Shift\n|detailschange|p2b: Terapagos|Terapagos-Terastal, L50, M\n|-heal|p2b: Terapagos|100/100|[silent]\n|move|p1b: Calyrex|Astral Barrage|p2b: Terapagos|[spread] p2a\n|-immune|p2b: Terapagos\n|-supereffective|p2a: Calyrex\n|-enditem|p2a: Calyrex|Focus Sash\n|-damage|p2a: Calyrex|1/100\n|move|p2a: Calyrex|Astral Barrage|p1a: Grimmsnarl|[spread] p1a,p1b\n|-resisted|p1a: Grimmsnarl\n|-supereffective|p1b: Calyrex\n|-damage|p1a: Grimmsnarl|40/100\n|-enditem|p1b: Calyrex|Focus Sash\n|-damage|p1b: Calyrex|1/100\n|move|p1a: Grimmsnarl|Foul Play|p2a: Calyrex\n|-supereffective|p2a: Calyrex\n|-damage|p2a: Calyrex|0 fnt\n|faint|p2a: Calyrex\n|\n|upkeep\n|\n|t:|1746099648\n|switch|p2a: Incineroar|Incineroar, L50, F|100/100\n|-ability|p2a: Incineroar|Intimidate|boost\n|-unboost|p1a: Grimmsnarl|atk|1\n|-unboost|p1b: Calyrex|atk|1\n|turn|3\n|inactive|Monsteralover has 30 seconds left.\n|\n|t:|1746099677\n|move|p1b: Calyrex|Protect|p1b: Calyrex\n|-singleturn|p1b: Calyrex|Protect\n|move|p2a: Incineroar|Fake Out|p1a: Grimmsnarl\n|-damage|p1a: Grimmsnarl|31/100\n|cant|p1a: Grimmsnarl|flinch\n|move|p2b: Terapagos|Calm Mind|p2b: Terapagos\n|-boost|p2b: Terapagos|spa|1\n|-boost|p2b: Terapagos|spd|1\n|\n|upkeep\n|turn|4\n|\n|t:|1746099688\n|move|p2b: Terapagos|Protect|p2b: Terapagos\n|-singleturn|p2b: Terapagos|Protect\n|move|p1a: Grimmsnarl|Light Screen|p1a: Grimmsnarl\n|-sidestart|p1: Black urshifu stan|move: Light Screen\n|move|p1b: Calyrex|Encore|p2b: Terapagos\n|-activate|p2b: Terapagos|move: Protect\n|move|p2a: Incineroar|Knock Off|p1b: Calyrex\n|-supereffective|p1b: Calyrex\n|-damage|p1b: Calyrex|0 fnt\n|faint|p1b: Calyrex\n|\n|upkeep\n|\n|t:|1746099693\n|switch|p1b: Miraidon|Miraidon, L50|100/100\n|-fieldstart|move: Electric Terrain|[from] ability: Hadron Engine|[of] p1b: Miraidon\n|turn|5\n|inactive|Monsteralover has 30 seconds left.\n|\n|t:|1746099721\n|-terastallize|p2b: Terapagos|Stellar\n|detailschange|p2b: Terapagos|Terapagos-Stellar, L50, M, tera:Stellar\n|-heal|p2b: Terapagos|100/100|[silent]\n|-ability|p2b: Terapagos|Teraform Zero\n|-fieldend|move: Electric Terrain\n|move|p1b: Miraidon|Electro Drift|p2a: Incineroar\n|-damage|p2a: Incineroar|27/100\n|-damage|p1b: Miraidon|84/100|[from] item: Rocky Helmet|[of] p2a: Incineroar\n|move|p2b: Terapagos|Tera Starstorm|p1b: Miraidon|[spread] p1a,p1b\n|-damage|p1a: Grimmsnarl|1/100\n|-damage|p1b: Miraidon|58/100\n|move|p2a: Incineroar|Parting Shot|p1b: Miraidon\n|-unboost|p1b: Miraidon|atk|1\n|-unboost|p1b: Miraidon|spa|1\n|\n|t:|1746099736\n|switch|p2a: Rillaboom|Rillaboom, L50, M|100/100|[from] Parting Shot\n|-fieldstart|move: Grassy Terrain|[from] ability: Grassy Surge|[of] p2a: Rillaboom\n|move|p1a: Grimmsnarl|Foul Play|p2b: Terapagos\n|-damage|p2b: Terapagos|87/100\n|\n|-heal|p1b: Miraidon|64/100|[from] Grassy Terrain\n|-heal|p2b: Terapagos|93/100|[from] Grassy Terrain\n|-heal|p2b: Terapagos|99/100|[from] item: Leftovers\n|-heal|p1a: Grimmsnarl|7/100|[from] Grassy Terrain\n|upkeep\n|turn|6\n|inactive|Monsteralover has 30 seconds left.\n|\n|t:|1746099765\n|switch|p1b: Volcarona|Volcarona, L50, M|100/100\n|move|p2a: Rillaboom|Grassy Glide|p1a: Grimmsnarl\n|-damage|p1a: Grimmsnarl|0 fnt\n|faint|p1a: Grimmsnarl\n|move|p2b: Terapagos|Earth Power|p1b: Volcarona\n|-damage|p1b: Volcarona|68/100\n|\n|-heal|p1b: Volcarona|75/100|[from] Grassy Terrain\n|-heal|p2b: Terapagos|100/100|[from] Grassy Terrain\n|upkeep\n|\n|t:|1746099775\n|switch|p1a: Miraidon|Miraidon, L50|64/100\n|-fieldstart|move: Electric Terrain|[from] ability: Hadron Engine|[of] p1a: Miraidon\n|-enditem|p1b: Volcarona|Electric Seed\n|-boost|p1b: Volcarona|def|1|[from] item: Electric Seed\n|turn|7\n|inactive|Monsteralover has 30 seconds left.\n|\n|t:|1746099806\n|move|p1a: Miraidon|Electro Drift|p2b: Terapagos\n|-damage|p2b: Terapagos|50/100\n|move|p1b: Volcarona|Quiver Dance|p1b: Volcarona\n|-boost|p1b: Volcarona|spa|1\n|-boost|p1b: Volcarona|spd|1\n|-boost|p1b: Volcarona|spe|1\n|move|p2a: Rillaboom|Drum Beating|p1a: Miraidon\n|-resisted|p1a: Miraidon\n|-damage|p1a: Miraidon|47/100\n|-unboost|p1a: Miraidon|spe|1\n|move|p2b: Terapagos|Tera Starstorm|p1b: Volcarona|[spread] p1a,p1b\n|-damage|p1a: Miraidon|21/100\n|-damage|p1b: Volcarona|54/100\n|\n|-heal|p2b: Terapagos|56/100|[from] item: Leftovers\n|upkeep\n|turn|8\n|inactive|Monsteralover has 30 seconds left.\n|\n|t:|1746099836\n|switch|p2a: Incineroar|Incineroar, L50, F|27/100\n|-ability|p2a: Incineroar|Intimidate|boost\n|-unboost|p1a: Miraidon|atk|1\n|-unboost|p1b: Volcarona|atk|1\n|move|p2b: Terapagos|Protect|p2b: Terapagos\n|-singleturn|p2b: Terapagos|Protect\n|move|p1b: Volcarona|Fiery Dance|p2b: Terapagos\n|-activate|p2b: Terapagos|move: Protect\n|move|p1a: Miraidon|Electro Drift|p2b: Terapagos\n|-activate|p2b: Terapagos|move: Protect\n|\n|-heal|p2b: Terapagos|62/100|[from] item: Leftovers\n|upkeep\n|turn|9\n|\n|t:|1746099854\n|move|p2a: Incineroar|Fake Out|p1a: Miraidon\n|-damage|p1a: Miraidon|11/100\n|move|p1b: Volcarona|Fiery Dance|p2a: Incineroar\n|-resisted|p2a: Incineroar\n|-damage|p2a: Incineroar|0 fnt\n|-boost|p1b: Volcarona|spa|1\n|faint|p2a: Incineroar\n|cant|p1a: Miraidon|flinch\n|move|p2b: Terapagos|Tera Starstorm|p1a: Miraidon|[spread] p1a,p1b\n|-damage|p1a: Miraidon|0 fnt\n|-damage|p1b: Volcarona|33/100\n|faint|p1a: Miraidon\n|\n|-heal|p2b: Terapagos|68/100|[from] item: Leftovers\n|upkeep\n|\n|t:|1746099867\n|switch|p2a: Rillaboom|Rillaboom, L50, M|100/100\n|-fieldstart|move: Grassy Terrain|[from] ability: Grassy Surge|[of] p2a: Rillaboom\n|turn|10\n|\n|t:|1746099877\n|move|p1b: Volcarona|Protect|p1b: Volcarona\n|-singleturn|p1b: Volcarona|Protect\n|move|p2a: Rillaboom|Fake Out|p1b: Volcarona\n|-activate|p1b: Volcarona|move: Protect\n|move|p2b: Terapagos|Calm Mind|p2b: Terapagos\n|-boost|p2b: Terapagos|spa|1\n|-boost|p2b: Terapagos|spd|1\n|\n|-heal|p1b: Volcarona|39/100|[from] Grassy Terrain\n|-heal|p2b: Terapagos|74/100|[from] Grassy Terrain\n|-heal|p2b: Terapagos|80/100|[from] item: Leftovers\n|upkeep\n|turn|11\n|\n|t:|1746099892\n|move|p1b: Volcarona|Fiery Dance|p2a: Rillaboom\n|-supereffective|p2a: Rillaboom\n|-damage|p2a: Rillaboom|0 fnt\n|faint|p2a: Rillaboom\n|move|p2b: Terapagos|Tera Starstorm|p1b: Volcarona\n|-damage|p1b: Volcarona|3/100\n|\n|-heal|p1b: Volcarona|10/100|[from] Grassy Terrain\n|-heal|p2b: Terapagos|86/100|[from] Grassy Terrain\n|-heal|p2b: Terapagos|92/100|[from] item: Leftovers\n|-sideend|p1: Black urshifu stan|move: Light Screen\n|upkeep\n|turn|12\n|\n|t:|1746099897\n|move|p1b: Volcarona|Giga Drain|p2b: Terapagos\n|-damage|p2b: Terapagos|70/100\n|-heal|p1b: Volcarona|26/100|[from] drain|[of] p2b: Terapagos\n|move|p2b: Terapagos|Tera Starstorm|p1b: Volcarona\n|-damage|p1b: Volcarona|0 fnt\n|faint|p1b: Volcarona\n|\n|win|Monsteralover\n", "uploadtime": 1746099898, "views": 13, "formatid": "gen9vgc2025regibo3", "rating": null, "private": 0, "password": null}