{"id": "gen9vgc2025regibo3-2353701533", "format": "[Gen 9] VGC 2025 Reg I (Bo3)", "players": ["Willipino", "lettitripppp"], "log": "|j|\u2606Willipino\n|j|\u2606lettitripppp\n|html|<table width=\"100%\"><tr><td align=\"left\">Willipino</td><td align=\"right\">lettitripppp</tr><tr><td align=\"left\"><i class=\"fa fa-circle-o\"></i> <i class=\"fa fa-circle-o\"></i> </td><td align=\"right\"><i class=\"fa fa-circle-o\"></i> <i class=\"fa fa-circle\"></i> </tr></table>\n|uhtml|bestof|<h2><strong>Game 2</strong> of <a href=\"/game-bestof3-gen9vgc2025regibo3-2353699477\">a best-of-3</a></h2>\n|t:|1745985605\n|gametype|doubles\n|player|p1|Willipino|169|1059\n|player|p2|lettitripppp|lucas|1131\n|teamsize|p1|6\n|teamsize|p2|6\n|gen|9\n|tier|[Gen 9] VGC 2025 Reg I (Bo3)\n|rated|\n|rule|Species Clause: Limit one of each Pok\u00e9mon\n|rule|Item Clause: Limit 1 of each item\n|clearpoke\n|poke|p1|Miraidon, L50|\n|poke|p1|Iron Valiant, L50|\n|poke|p1|Volcarona, L50, F|\n|poke|p1|Lunala, L50|\n|poke|p1|Iron Hands, L50|\n|poke|p1|Ditto, L50|\n|poke|p2|Calyrex-Ice, L50|\n|poke|p2|Miraidon, L50|\n|poke|p2|Grimmsnarl, L50, M|\n|poke|p2|Iron Treads, L50|\n|poke|p2|Ogerpon-Hearthflame, L50, F|\n|poke|p2|Urshifu-*, L50, M|\n|teampreview|4\n|showteam|p1|Miraidon||ChoiceSpecs|HadronEngine|ElectroDrift,DracoMeteor,VoltSwitch,DazzlingGleam||||||50|,,,,,Fairy]Iron Valiant||BoosterEnergy|QuarkDrive|Moonblast,IcyWind,Disable,Protect||||||50|,,,,,Ghost]Volcarona||RockyHelmet|FlameBody|FieryDance,RagePowder,QuiverDance,Protect|||F|||50|,,,,,Water]Lunala||ElectricSeed|ShadowShield|MoongeistBeam,ExpandingForce,WideGuard,TrickRoom||||||50|,,,,,Water]Iron Hands||AssaultVest|QuarkDrive|DrainPunch,FakeOut,HeavySlam,LowKick||||||50|,,,,,Bug]Ditto||FocusSash|Imposter|Transform||||||50|,,,,,Ghost\n|showteam|p2|Calyrex-Ice||ClearAmulet|AsOneGlastrier|HighHorsepower,GlacialLance,TrickRoom,Protect||||||50|,,,,,Fire]Miraidon||ChoiceSpecs|HadronEngine|DazzlingGleam,DracoMeteor,ElectroDrift,VoltSwitch||||||50|,,,,,Fairy]Grimmsnarl||LightClay|Prankster|ThunderWave,LightScreen,SpiritBreak,Reflect|||M|||50|,,,,,Ghost]Iron Treads||ChoiceBand|QuarkDrive|HighHorsepower,SteelRoller,IronHead,RockSlide||||||50|,,,,,Ghost]Ogerpon-Hearthflame||HearthflameMask|MoldBreaker|HornLeech,IvyCudgel,FollowMe,SpikyShield|||F|||50|,,,,,Fire]Urshifu-Rapid-Strike||FocusSash|UnseenFist|SurgingStrikes,CloseCombat,Taunt,Detect|||M|||50|,,,,,Water\n|\n|t:|1745985673\n|start\n|switch|p1a: Iron Hands|Iron Hands, L50, shiny|100/100\n|switch|p1b: Volcarona|Volcarona, L50, F, shiny|100/100\n|switch|p2a: Miraidon|Miraidon, L50|100/100\n|switch|p2b: Grimmsnarl|Grimmsnarl, L50, M|100/100\n|-fieldstart|move: Electric Terrain|[from] ability: Hadron Engine|[of] p2a: Miraidon\n|-activate|p1a: Iron Hands|ability: Quark Drive\n|-start|p1a: Iron Hands|quarkdriveatk\n|turn|1\n|\n|t:|1745985685\n|switch|p1b: Ditto|Ditto, L50|100/100\n|-transform|p1b: Ditto|p2a: Miraidon|[from] ability: Imposter\n|-activate|p1b: Ditto|ability: Hadron Engine\n|move|p1a: Iron Hands|Fake Out|p2a: Miraidon\n|-damage|p2a: Miraidon|81/100\n|move|p2b: Grimmsnarl|Light Screen|p2b: Grimmsnarl\n|-sidestart|p2: lettitripppp|move: Light Screen\n|cant|p2a: Miraidon|flinch\n|\n|upkeep\n|turn|2\n|\n|t:|1745985716\n|switch|p2a: Iron Treads|Iron Treads, L50|100/100\n|-activate|p2a: Iron Treads|ability: Quark Drive\n|-start|p2a: Iron Treads|quarkdrivespe\n|move|p2b: Grimmsnarl|Reflect|p2b: Grimmsnarl\n|-sidestart|p2: lettitripppp|Reflect\n|move|p1b: Ditto|Electro Drift|p2b: Grimmsnarl\n|-damage|p2b: Grimmsnarl|38/100\n|move|p1a: Iron Hands|Heavy Slam|p2a: Iron Treads\n|-resisted|p2a: Iron Treads\n|-damage|p2a: Iron Treads|94/100\n|\n|upkeep\n|turn|3\n|\n|t:|1745985738\n|switch|p1b: Volcarona|Volcarona, L50, F, shiny|100/100\n|-terastallize|p1a: Iron Hands|Bug\n|move|p2a: Iron Treads|High Horsepower|p1b: Volcarona\n|-damage|p1b: Volcarona|41/100\n|-damage|p2a: Iron Treads|78/100|[from] item: Rocky Helmet|[of] p1b: Volcarona\n|move|p2b: Grimmsnarl|Spirit Break|p1a: Iron Hands\n|-damage|p1a: Iron Hands|80/100\n|-unboost|p1a: Iron Hands|spa|1\n|move|p1a: Iron Hands|Drain Punch|p2a: Iron Treads\n|-supereffective|p2a: Iron Treads\n|-damage|p2a: Iron Treads|13/100\n|-heal|p1a: Iron Hands|100/100|[from] drain|[of] p2a: Iron Treads\n|\n|upkeep\n|turn|4\n|\n|t:|1745985757\n|-end|p2a: Iron Treads|Quark Drive|[silent]\n|switch|p2a: Miraidon|Miraidon, L50|81/100\n|-activate|p2a: Miraidon|ability: Hadron Engine\n|move|p1b: Volcarona|Protect|p1b: Volcarona\n|-singleturn|p1b: Volcarona|Protect\n|move|p2b: Grimmsnarl|Thunder Wave|p1b: Volcarona\n|-activate|p1b: Volcarona|move: Protect\n|move|p1a: Iron Hands|Drain Punch|p2a: Miraidon\n|-damage|p2a: Miraidon|44/100\n|\n|upkeep\n|turn|5\n|\n|t:|1745985792\n|move|p2b: Grimmsnarl|Thunder Wave|p1b: Volcarona\n|-status|p1b: Volcarona|par\n|move|p2a: Miraidon|Electro Drift|p1a: Iron Hands\n|-crit|p1a: Iron Hands\n|-damage|p1a: Iron Hands|0 fnt\n|faint|p1a: Iron Hands\n|-end|p1a: Iron Hands|Quark Drive|[silent]\n|cant|p1b: Volcarona|par\n|\n|-fieldend|move: Electric Terrain\n|upkeep\n|\n|t:|1745985813\n|switch|p1a: Miraidon|Miraidon, L50|100/100\n|-fieldstart|move: Electric Terrain|[from] ability: Hadron Engine|[of] p1a: Miraidon\n|turn|6\n|\n|t:|1745985828\n|-terastallize|p2a: Miraidon|Fairy\n|move|p1b: Volcarona|Rage Powder|p1b: Volcarona\n|-singleturn|p1b: Volcarona|move: Rage Powder\n|move|p1a: Miraidon|Dazzling Gleam|p2a: Miraidon|[spread] p2a,p2b\n|-supereffective|p2b: Grimmsnarl\n|-damage|p2a: Miraidon|17/100\n|-damage|p2b: Grimmsnarl|0 fnt\n|faint|p2b: Grimmsnarl\n|move|p2a: Miraidon|Electro Drift|p1b: Volcarona\n|-damage|p1b: Volcarona|0 fnt\n|-damage|p2a: Miraidon|0 fnt|[from] item: Rocky Helmet|[of] p1b: Volcarona\n|faint|p1b: Volcarona\n|faint|p2a: Miraidon\n|\n|upkeep\n|\n|t:|1745985841\n|switch|p2a: Calyrex|Calyrex-Ice, L50|100/100\n|switch|p1b: Ditto|Ditto, L50|100/100\n|switch|p2b: Iron Treads|Iron Treads, L50|13/100\n|-ability|p2a: Calyrex|As One\n|-ability|p2a: Calyrex|Unnerve\n|-transform|p1b: Ditto|p2a: Calyrex|[from] ability: Imposter\n|-ability|p1b: Ditto|As One\n|-ability|p1b: Ditto|Unnerve\n|-activate|p2b: Iron Treads|ability: Quark Drive\n|-start|p2b: Iron Treads|quarkdrivespe\n|turn|7\n|\n|t:|1745985868\n|move|p2b: Iron Treads|Steel Roller|p1b: Ditto\n|-supereffective|p1b: Ditto\n|-enditem|p1b: Ditto|Focus Sash\n|-damage|p1b: Ditto|1/100\n|-fieldend|move: Electric Terrain\n|-end|p2b: Iron Treads|Quark Drive\n|move|p1a: Miraidon|Dazzling Gleam|p2b: Iron Treads|[spread] p2a,p2b\n|-resisted|p2b: Iron Treads\n|-damage|p2a: Calyrex|86/100\n|-damage|p2b: Iron Treads|0 fnt\n|faint|p2b: Iron Treads\n|-end|p2b: Iron Treads|Quark Drive|[silent]\n|move|p1b: Ditto|High Horsepower|p2a: Calyrex\n|-crit|p2a: Calyrex\n|-damage|p2a: Calyrex|49/100\n|move|p2a: Calyrex|Glacial Lance|p1a: Miraidon|[spread] p1a,p1b\n|-supereffective|p1a: Miraidon\n|-resisted|p1b: Ditto\n|-crit|p1b: Ditto\n|-damage|p1a: Miraidon|0 fnt\n|-damage|p1b: Ditto|0 fnt\n|faint|p1a: Miraidon\n|faint|p1b: Ditto\n|\n|win|lettitripppp\n|raw|Willipino's rating: 1059 &rarr; <strong>1044</strong><br />(-15 for losing)\n|raw|lettitripppp's rating: 1131 &rarr; <strong>1151</strong><br />(+20 for winning)\n|l|\u2606lettitripppp\n|player|p2|\n|l|\u2606Willipino\n|player|p1|\n", "uploadtime": 1745985883, "views": 11, "formatid": "gen9vgc2025regibo3", "rating": 1044, "private": 0, "password": null}