{"id": "gen9vgc2025regibo3-2354387158", "format": "[Gen 9] VGC 2025 Reg I (Bo3)", "players": ["noodleSandwich111", "STL Donductor"], "log": "|j|\u2606noodleSandwich111\n|j|\u2606STL Donductor\n|html|<table width=\"100%\"><tr><td align=\"left\">noodleSandwich111</td><td align=\"right\">STL Donductor</tr><tr><td align=\"left\"><i class=\"fa fa-circle-o\"></i> <i class=\"fa fa-circle-o\"></i> </td><td align=\"right\"><i class=\"fa fa-circle-o\"></i> <i class=\"fa fa-circle-o\"></i> </tr></table>\n|uhtml|bestof|<h2><strong>Game 1</strong> of <a href=\"/game-bestof3-gen9vgc2025regibo3-2354387157\">a best-of-3</a></h2>\n|t:|1746065087\n|gametype|doubles\n|player|p1|noodleSandwich111|lady|\n|player|p2|STL Donductor|fisherman|\n|teamsize|p1|6\n|teamsize|p2|6\n|gen|9\n|tier|[Gen 9] VGC 2025 Reg I (Bo3)\n|rule|Species Clause: Limit one of each Pok\u00e9mon\n|rule|Item Clause: Limit 1 of each item\n|clearpoke\n|poke|p1|Koraidon, L50|\n|poke|p1|Calyrex-Shadow, L50|\n|poke|p1|Flutter Mane, L50|\n|poke|p1|Indeedee-F, L50, F|\n|poke|p1|Brute Bonnet, L50|\n|poke|p1|Chi-Yu, L50|\n|poke|p2|Calyrex-Shadow, L50|\n|poke|p2|Miraidon, L50|\n|poke|p2|Dondozo, L50, M|\n|poke|p2|Tatsugiri-Droopy, L50, F|\n|poke|p2|Sneasler, L50, F|\n|poke|p2|Chi-Yu, L50|\n|teampreview|4\n|showteam|p1|Koraidon||LifeOrb|OrichalcumPulse|Protect,FlareBlitz,CloseCombat,FlameCharge||||||50|,,,,,Fire]Calyrex-Shadow||SpellTag|AsOneSpectrier|Protect,AstralBarrage,ExpandingForce,Substitute||||||50|,,,,,Water]Flutter Mane||FocusSash|Protosynthesis|Protect,Moonblast,ShadowBall,IcyWind||||||50|,,,,,Normal]Indeedee-F||SafetyGoggles|PsychicSurge|AlluringVoice,FollowMe,HelpingHand,TrickRoom|||F|||50|,,,,,Dragon]Brute Bonnet||CovertCloak|Protosynthesis|SeedBomb,SuckerPunch,Spore,RagePowder||||||50|,,,,,Water]Chi-Yu||ChoiceScarf|BeadsofRuin|DarkPulse,Flamethrower,HeatWave,Overheat||||||50|,,,,,Ghost\n|showteam|p2|Calyrex-Shadow||LifeOrb|AsOneSpectrier|AstralBarrage,Psychic,Encore,Protect||||||50|,,,,,Dark]Miraidon||AssaultVest|HadronEngine|ElectroDrift,DracoMeteor,DazzlingGleam,VoltSwitch||||||50|,,,,,Fairy]Dondozo||Leftovers|Unaware|BodyPress,OrderUp,Earthquake,Protect|||M|||50|,,,,,Grass]Tatsugiri-Droopy||FocusSash|Commander|DracoMeteor,MuddyWater,HelpingHand,Protect|||F|||50|,,,,,Stellar]Sneasler||ElectricSeed|Unburden|FakeOut,DireClaw,CloseCombat,ToxicSpikes|||F|||50|,,,,,Dark]Chi-Yu||ChoiceScarf|BeadsofRuin|HeatWave,Overheat,Snarl,ScaryFace||||||50|,,,,,Ghost\n|inactive|Battle timer is ON: inactive players will automatically lose when time's up. (requested by STL Donductor)\n|c|\u2606STL Donductor|glhf\n|c|\u2606noodleSandwich111|glhf!\n|inactive|noodleSandwich111 has 60 seconds left.\n|inactive|STL Donductor has 60 seconds left.\n|\n|t:|1746065129\n|start\n|switch|p1a: Koraidon|Koraidon, L50|100/100\n|switch|p1b: Flutter Mane|Flutter Mane, L50|100/100\n|switch|p2a: Miraidon|Miraidon, L50|100/100\n|switch|p2b: Sneasler|Sneasler, L50, F|100/100\n|-weather|SunnyDay|[from] ability: Orichalcum Pulse|[of] p1a: Koraidon\n|-activate|p1b: Flutter Mane|ability: Protosynthesis\n|-start|p1b: Flutter Mane|protosynthesisspe\n|-activate|p1a: Koraidon|Orichalcum Pulse|[source]\n|-fieldstart|move: Electric Terrain|[from] ability: Hadron Engine|[of] p2a: Miraidon\n|-enditem|p2b: Sneasler|Electric Seed\n|-boost|p2b: Sneasler|def|1|[from] item: Electric Seed\n|turn|1\n|inactive|noodleSandwich111 has 30 seconds left.\n|inactive|STL Donductor has 30 seconds left.\n|inactive|STL Donductor has 20 seconds left.\n|inactive|STL Donductor has 15 seconds left.\n|\n|t:|1746065170\n|-terastallize|p2a: Miraidon|Fairy\n|move|p1a: Koraidon|Protect|p1a: Koraidon\n|-singleturn|p1a: Koraidon|Protect\n|move|p2b: Sneasler|Dire Claw|p1b: Flutter Mane\n|-damage|p1b: Flutter Mane|13/100\n|move|p1b: Flutter Mane|Icy Wind|p2a: Miraidon|[spread] p2a,p2b\n|-damage|p2a: Miraidon|92/100\n|-damage|p2b: Sneasler|80/100\n|-unboost|p2a: Miraidon|spe|1\n|-unboost|p2b: Sneasler|spe|1\n|move|p2a: Miraidon|Draco Meteor|p1a: Koraidon\n|-activate|p1a: Koraidon|move: Protect\n|\n|-weather|SunnyDay|[upkeep]\n|upkeep\n|turn|2\n|inactive|noodleSandwich111 has 30 seconds left.\n|inactive|STL Donductor has 30 seconds left.\n|inactive|noodleSandwich111 has 20 seconds left.\n|inactive|STL Donductor has 20 seconds left.\n|inactive|STL Donductor has 15 seconds left.\n|inactive|STL Donductor has 10 seconds left.\n|\n|t:|1746065216\n|switch|p2b: Dondozo|Dondozo, L50, M, shiny|100/100\n|switch|p2a: Tatsugiri|Tatsugiri-Droopy, L50, F, shiny|100/100\n|-activate|p2a: Tatsugiri|ability: Commander|[of] p2b: Dondozo\n|-boost|p2b: Dondozo|atk|2\n|-boost|p2b: Dondozo|spa|2\n|-boost|p2b: Dondozo|spe|2\n|-boost|p2b: Dondozo|def|2\n|-boost|p2b: Dondozo|spd|2\n|-terastallize|p1a: Koraidon|Fire\n|move|p1b: Flutter Mane|Moonblast|p2b: Dondozo\n|-damage|p2b: Dondozo|78/100\n|move|p1a: Koraidon|Flare Blitz|p2a: Tatsugiri|[miss]\n|-miss|p1a: Koraidon|p2a: Tatsugiri\n|\n|-weather|SunnyDay|[upkeep]\n|-heal|p2b: Dondozo|84/100|[from] item: Leftovers\n|upkeep\n|turn|3\n|inactive|STL Donductor has 30 seconds left.\n|\n|t:|1746065242\n|move|p1a: Koraidon|Protect|p1a: Koraidon\n|-singleturn|p1a: Koraidon|Protect\n|move|p1b: Flutter Mane|Shadow Ball|p2b: Dondozo\n|-damage|p2b: Dondozo|64/100\n|move|p2b: Dondozo|Earthquake|p1b: Flutter Mane|[spread] p1b\n|-miss|p2b: Dondozo|p2a: Tatsugiri\n|-activate|p1a: Koraidon|move: Protect\n|-damage|p1b: Flutter Mane|0 fnt\n|faint|p1b: Flutter Mane\n|-end|p1b: Flutter Mane|Protosynthesis|[silent]\n|\n|-weather|SunnyDay|[upkeep]\n|-heal|p2b: Dondozo|70/100|[from] item: Leftovers\n|upkeep\n|\n|t:|1746065253\n|switch|p1b: Calyrex|Calyrex-Shadow, L50|100/100\n|-ability|p1b: Calyrex|As One\n|-ability|p1b: Calyrex|Unnerve\n|turn|4\n|inactive|STL Donductor has 30 seconds left.\n|\n|t:|1746065278\n|move|p1b: Calyrex|Astral Barrage|p2b: Dondozo|[spread] p2b\n|-miss|p1b: Calyrex|p2a: Tatsugiri\n|-damage|p2b: Dondozo|42/100\n|move|p1a: Koraidon|Close Combat|p2b: Dondozo\n|-damage|p2b: Dondozo|13/100\n|-unboost|p1a: Koraidon|def|1\n|-unboost|p1a: Koraidon|spd|1\n|-damage|p1a: Koraidon|91/100|[from] item: Life Orb\n|move|p2b: Dondozo|Earthquake|p1b: Calyrex|[spread] p1a,p1b\n|-miss|p2b: Dondozo|p2a: Tatsugiri\n|-supereffective|p1a: Koraidon\n|-damage|p1a: Koraidon|26/100\n|-damage|p1b: Calyrex|61/100\n|\n|-weather|SunnyDay|[upkeep]\n|-heal|p2b: Dondozo|19/100|[from] item: Leftovers\n|upkeep\n|turn|5\n|inactive|STL Donductor has 30 seconds left.\n|\n|t:|1746065306\n|switch|p1a: Indeedee|Indeedee-F, L50, F|100/100\n|-fieldstart|move: Psychic Terrain|[from] ability: Psychic Surge|[of] p1a: Indeedee\n|move|p2b: Dondozo|Protect|p2b: Dondozo\n|-singleturn|p2b: Dondozo|Protect\n|move|p1b: Calyrex|Expanding Force|p2b: Dondozo|[spread] \n|-miss|p1b: Calyrex|p2a: Tatsugiri\n|-activate|p2b: Dondozo|move: Protect\n|\n|-weather|none\n|-heal|p2b: Dondozo|25/100|[from] item: Leftovers\n|upkeep\n|turn|6\n|\n|t:|1746065319\n|switch|p1a: Koraidon|Koraidon, L50, tera:Fire|26/100\n|-weather|SunnyDay|[from] ability: Orichalcum Pulse|[of] p1a: Koraidon\n|-activate|p1a: Koraidon|Orichalcum Pulse|[source]\n|move|p1b: Calyrex|Expanding Force|p2a: Tatsugiri|[spread] p2b\n|-miss|p1b: Calyrex|p2a: Tatsugiri\n|-damage|p2b: Dondozo|0 fnt\n|faint|p2b: Dondozo\n|-ability|p1b: Calyrex|Grim Neigh|boost\n|-boost|p1b: Calyrex|spa|1\n|\n|-weather|SunnyDay|[upkeep]\n|upkeep\n|\n|t:|1746065333\n|switch|p2b: Miraidon|Miraidon, L50, tera:Fairy|92/100\n|-fieldstart|move: Electric Terrain|[from] ability: Hadron Engine|[of] p2b: Miraidon\n|turn|7\n|inactive|STL Donductor has 30 seconds left.\n|\n|t:|1746065368\n|move|p2a: Tatsugiri|Helping Hand|p2b: Miraidon\n|-singleturn|p2b: Miraidon|Helping Hand|[of] p2a: Tatsugiri\n|move|p1b: Calyrex|Astral Barrage|p2a: Tatsugiri|[spread] p2a,p2b\n|-enditem|p2a: Tatsugiri|Focus Sash\n|-damage|p2a: Tatsugiri|1/100\n|-damage|p2b: Miraidon|42/100\n|move|p1a: Koraidon|Flare Blitz|p2b: Miraidon\n|-damage|p2b: Miraidon|0 fnt\n|faint|p2b: Miraidon\n|-damage|p1a: Koraidon|12/100|[from] Recoil\n|-damage|p1a: Koraidon|2/100|[from] item: Life Orb\n|\n|-weather|SunnyDay|[upkeep]\n|upkeep\n|\n|t:|1746065381\n|switch|p2b: Sneasler|Sneasler, L50, F|80/100\n|turn|8\n|\n|t:|1746065391\n|move|p2b: Sneasler|Fake Out|p1a: Koraidon\n|-damage|p1a: Koraidon|0 fnt\n|faint|p1a: Koraidon\n|move|p1b: Calyrex|Astral Barrage|p2b: Sneasler|[spread] p2a,p2b\n|-damage|p2a: Tatsugiri|0 fnt\n|-damage|p2b: Sneasler|0 fnt\n|faint|p2a: Tatsugiri\n|faint|p2b: Sneasler\n|\n|win|noodleSandwich111\n|c|\u2606noodleSandwich111|gg\n||noodleSandwich111 is ready for game 2.\n|inactive|STL Donductor has 30 seconds to confirm battle start!\n||STL Donductor is ready for game 2.\n|uhtml|next|Next: <a href=\"/battle-gen9vgc2025regibo3-2354389782\"><strong>Game 2 of 3</strong></a>\n", "uploadtime": 1746066182, "views": 15, "formatid": "gen9vgc2025regibo3", "rating": null, "private": 0, "password": null}