{"id": "gen9vgc2025regibo3-2353979936", "format": "[Gen 9] VGC 2025 Reg I (Bo3)", "players": ["BigE3L", "mikumikumikubeam"], "log": "|j|\u2606BigE3L\n|j|\u2606mikumikumikubeam\n|html|<table width=\"100%\"><tr><td align=\"left\">BigE3L</td><td align=\"right\">mikumikumikubeam</tr><tr><td align=\"left\"><i class=\"fa fa-circle-o\"></i> <i class=\"fa fa-circle-o\"></i> </td><td align=\"right\"><i class=\"fa fa-circle-o\"></i> <i class=\"fa fa-circle-o\"></i> </tr></table>\n|uhtml|bestof|<h2><strong>Game 1</strong> of <a href=\"/game-bestof3-gen9vgc2025regibo3-2353979935\">a best-of-3</a></h2>\n|t:|1746024559\n|gametype|doubles\n|player|p1|BigE3L|crasherwake|1246\n|player|p2|mikumikumikubeam|170|1245\n|teamsize|p1|6\n|teamsize|p2|6\n|gen|9\n|tier|[Gen 9] VGC 2025 Reg I (Bo3)\n|rated|\n|rule|Species Clause: Limit one of each Pok\u00e9mon\n|rule|Item Clause: Limit 1 of each item\n|clearpoke\n|poke|p1|Miraidon, L50|\n|poke|p1|Calyrex-Ice, L50|\n|poke|p1|Iron Hands, L50|\n|poke|p1|Farigiraf, L50, M|\n|poke|p1|Whimsicott, L50, M|\n|poke|p1|Pelipper, L50, F|\n|poke|p2|Miraidon, L50|\n|poke|p2|Lunala, L50|\n|poke|p2|Chi-Yu, L50|\n|poke|p2|Grimmsnarl, L50, M|\n|poke|p2|Ursaluna, L50, M|\n|poke|p2|Iron Hands, L50|\n|teampreview|4\n|showteam|p1|Miraidon||ChoiceSpecs|HadronEngine|ElectroDrift,VoltSwitch,DracoMeteor,DazzlingGleam||||||50|,,,,,Fairy]Calyrex-Ice||ClearAmulet|AsOneGlastrier|GlacialLance,HighHorsepower,TrickRoom,Protect||||||50|,,,,,Fire]Iron Hands||AssaultVest|QuarkDrive|DrainPunch,LowKick,WildCharge,FakeOut||||||50|,,,,,Bug]Farigiraf||ElectricSeed|ArmorTail|TrickRoom,Protect,FoulPlay,HelpingHand|||M|||50|,,,,,Water]Whimsicott||CovertCloak|Prankster|LightScreen,Moonblast,Tailwind,Encore|||M|||50|,,,,,Dark]Pelipper||FocusSash|Drizzle|WideGuard,WeatherBall,Hurricane,Protect|||F|||50|,,,,,Ground\n|showteam|p2|Miraidon||ChoiceSpecs|HadronEngine|ElectroDrift,DracoMeteor,VoltSwitch,DazzlingGleam||||||50|,,,,,Fairy]Lunala||ElectricSeed|ShadowShield|MoongeistBeam,Moonblast,WideGuard,TrickRoom||||||50|,,,,,Fairy]Chi-Yu||ChoiceScarf|BeadsofRuin|HeatWave,Snarl,Overheat,DarkPulse||||||50|,,,,,Ghost]Grimmsnarl||LightClay|Prankster|SpiritBreak,Reflect,LightScreen,ThunderWave|||M|||50|,,,,,Ghost]Ursaluna||FlameOrb|Guts|Facade,HeadlongRush,Substitute,Protect|||M|||50|,,,,,Poison]Iron Hands||AssaultVest|QuarkDrive|WildCharge,DrainPunch,LowKick,FakeOut||||||50|,,,,,Fire\n|\n|t:|1746024606\n|start\n|switch|p1a: Whimsicott|Whimsicott, L50, M|100/100\n|switch|p1b: Calyrex|Calyrex-Ice, L50|100/100\n|switch|p2a: Lunala|Lunala, L50, shiny|100/100\n|switch|p2b: Chi-Yu|Chi-Yu, L50|100/100\n|-ability|p1b: Calyrex|As One\n|-ability|p1b: Calyrex|Unnerve\n|-ability|p2b: Chi-Yu|Beads of Ruin\n|turn|1\n|\n|t:|1746024659\n|switch|p2b: Ursaluna|Ursaluna, L50, M, shiny|100/100\n|-terastallize|p1b: Calyrex|Fire\n|move|p2a: Lunala|Wide Guard|p2a: Lunala\n|-singleturn|p2a: Lunala|Wide Guard\n|move|p1a: Whimsicott|Light Screen|p1a: Whimsicott\n|-sidestart|p1: BigE3L|move: Light Screen\n|move|p1b: Calyrex|High Horsepower|p2b: Ursaluna\n|-damage|p2b: Ursaluna|68/100\n|\n|-status|p2b: Ursaluna|brn|[from] item: Flame Orb\n|upkeep\n|turn|2\n|\n|t:|1746024703\n|move|p2a: Lunala|Wide Guard|p2a: Lunala\n|-singleturn|p2a: Lunala|Wide Guard\n|move|p1a: Whimsicott|Encore|p2a: Lunala\n|-start|p2a: Lunala|Encore\n|move|p2b: Ursaluna|Facade|p1a: Whimsicott\n|-damage|p1a: Whimsicott|0 fnt\n|faint|p1a: Whimsicott\n|move|p1b: Calyrex|High Horsepower|p2b: Ursaluna\n|-damage|p2b: Ursaluna|39/100 brn\n|\n|-damage|p2b: Ursaluna|33/100 brn|[from] brn\n|upkeep\n|\n|t:|1746024719\n|switch|p1a: Iron Hands|Iron Hands, L50|100/100\n|turn|3\n|\n|t:|1746024727\n|switch|p2a: Miraidon|Miraidon, L50|100/100\n|-fieldstart|move: Electric Terrain|[from] ability: Hadron Engine|[of] p2a: Miraidon\n|-activate|p1a: Iron Hands|ability: Quark Drive\n|-start|p1a: Iron Hands|quarkdrivedef\n|move|p2b: Ursaluna|Protect|p2b: Ursaluna\n|-singleturn|p2b: Ursaluna|Protect\n|move|p1a: Iron Hands|Fake Out|p2b: Ursaluna\n|-activate|p2b: Ursaluna|move: Protect\n|move|p1b: Calyrex|High Horsepower|p2a: Miraidon\n|-supereffective|p2a: Miraidon\n|-damage|p2a: Miraidon|15/100\n|\n|-damage|p2b: Ursaluna|27/100 brn|[from] brn\n|upkeep\n|turn|4\n|\n|t:|1746024757\n|move|p2a: Miraidon|Draco Meteor|p1b: Calyrex\n|-damage|p1b: Calyrex|44/100\n|-unboost|p2a: Miraidon|spa|2\n|move|p1b: Calyrex|Glacial Lance|p2b: Ursaluna|[spread] p2a,p2b\n|-supereffective|p2a: Miraidon\n|-supereffective|p2b: Ursaluna\n|-damage|p2a: Miraidon|0 fnt\n|-damage|p2b: Ursaluna|0 fnt\n|faint|p2a: Miraidon\n|faint|p2b: Ursaluna\n|-ability|p1b: Calyrex|Chilling Neigh|boost\n|-boost|p1b: Calyrex|atk|2\n|move|p1a: Iron Hands|Drain Punch|p2: Miraidon|[notarget]\n|-fail|p1a: Iron Hands\n|\n|upkeep\n|\n|t:|1746024760\n|switch|p2a: Chi-Yu|Chi-Yu, L50|100/100\n|switch|p2b: Lunala|Lunala, L50, shiny|100/100\n|-ability|p2a: Chi-Yu|Beads of Ruin\n|-enditem|p2b: Lunala|Electric Seed\n|-boost|p2b: Lunala|def|1|[from] item: Electric Seed\n|turn|5\n|\n|t:|1746024781\n|-terastallize|p2a: Chi-Yu|Ghost\n|move|p2a: Chi-Yu|Dark Pulse|p1b: Calyrex\n|-damage|p1b: Calyrex|20/100\n|move|p2b: Lunala|Moonblast|p1a: Iron Hands\n|-supereffective|p1a: Iron Hands\n|-damage|p1a: Iron Hands|64/100\n|-unboost|p1a: Iron Hands|spa|1\n|move|p1a: Iron Hands|Wild Charge|p2b: Lunala\n|-damage|p2b: Lunala|85/100\n|-damage|p1a: Iron Hands|60/100|[from] Recoil\n|move|p1b: Calyrex|High Horsepower|p2a: Chi-Yu\n|-damage|p2a: Chi-Yu|0 fnt\n|faint|p2a: Chi-Yu\n|-ability|p1b: Calyrex|Chilling Neigh|boost\n|-boost|p1b: Calyrex|atk|1\n|\n|-sideend|p1: BigE3L|move: Light Screen\n|upkeep\n|turn|6\n|inactive|Battle timer is ON: inactive players will automatically lose when time's up. (requested by mikumikumikubeam)\n|\n|t:|1746024819\n|move|p2b: Lunala|Moongeist Beam|p1b: Calyrex\n|-damage|p1b: Calyrex|0 fnt\n|faint|p1b: Calyrex\n|move|p1a: Iron Hands|Wild Charge|p2b: Lunala\n|-damage|p2b: Lunala|55/100\n|-damage|p1a: Iron Hands|53/100|[from] Recoil\n|\n|upkeep\n|\n|t:|1746024822\n|switch|p1b: Miraidon|Miraidon, L50|100/100\n|-activate|p1b: Miraidon|ability: Hadron Engine\n|turn|7\n|\n|t:|1746024830\n|move|p1b: Miraidon|Electro Drift|p2b: Lunala\n|-damage|p2b: Lunala|0 fnt\n|faint|p2b: Lunala\n|\n|win|BigE3L\n||mikumikumikubeam is ready for game 2.\n", "uploadtime": 1746024832, "views": 24, "formatid": "gen9vgc2025regibo3", "rating": null, "private": 0, "password": null}