{"id": "gen9vgc2025regibo3-2354429847", "format": "[Gen 9] VGC 2025 Reg I (Bo3)", "players": ["bayleyb123", "Nobdyspecialvgc"], "log": "|j|\u2606bayleyb123\n|j|\u2606Nobdyspecialvgc\n|html|<table width=\"100%\"><tr><td align=\"left\">bayleyb123</td><td align=\"right\">Nobdyspecialvgc</tr><tr><td align=\"left\"><i class=\"fa fa-circle-o\"></i> <i class=\"fa fa-circle-o\"></i> </td><td align=\"right\"><i class=\"fa fa-circle-o\"></i> <i class=\"fa fa-circle\"></i> </tr></table>\n|uhtml|bestof|<h2><strong>Game 2</strong> of <a href=\"/game-bestof3-gen9vgc2025regibo3-2354428195\">a best-of-3</a></h2>\n|t:|1746070522\n|gametype|doubles\n|player|p1|bayleyb123|brycenman|1220\n|player|p2|Nobdyspecialvgc|flannery|1205\n|teamsize|p1|6\n|teamsize|p2|6\n|gen|9\n|tier|[Gen 9] VGC 2025 Reg I (Bo3)\n|rated|\n|rule|Species Clause: Limit one of each Pok\u00e9mon\n|rule|Item Clause: Limit 1 of each item\n|clearpoke\n|poke|p1|Dondozo, L50, M|\n|poke|p1|Tatsugiri, L50, F|\n|poke|p1|Weezing-Galar, L50, F|\n|poke|p1|Iron Hands, L50|\n|poke|p1|Calyrex-Shadow, L50|\n|poke|p1|Ho-Oh, L50|\n|poke|p2|Groudon, L50|\n|poke|p2|Raging Bolt, L50|\n|poke|p2|Indeedee-F, L50, F|\n|poke|p2|Calyrex-Shadow, L50|\n|poke|p2|Volcarona, L50, M|\n|poke|p2|Urshifu-*, L50, F|\n|teampreview|4\n|showteam|p1|Dondozo||Leftovers|Unaware|OrderUp,WaveCrash,Earthquake,Protect|||M|||50|,,,,,Grass]Tatsugiri||ChoiceScarf|Commander|DracoMeteor,HydroPump,IcyWind,MuddyWater|||F|||50|,,,,,Dragon]Weezing-Galar||SitrusBerry|NeutralizingGas|StrangeSteam,PoisonGas,Protect,ToxicSpikes|||F|||50|,,,,,Grass]Iron Hands||AssaultVest|QuarkDrive|CloseCombat,WildCharge,FakeOut,HeavySlam||||||50|,,,,,Fire]Calyrex-Shadow||SpellTag|AsOneSpectrier|AstralBarrage,Psychic,Protect,DrainingKiss||||||50|,,,,,Fairy]Ho-Oh||ClearAmulet|Regenerator|SacredFire,Tailwind,BraveBird,Protect||||||50|,,,,,Grass\n|showteam|p2|Groudon||AssaultVest|Drought|PrecipiceBlades,HeatCrash,ThunderPunch,HighHorsepower||||||50|,,,,,Fire]Raging Bolt||SafetyGoggles|Protosynthesis|Thunderclap,DracoMeteor,Protect,Thunderbolt||||||50|,,,,,Electric]Indeedee-F||PsychicSeed|PsychicSurge|TrickRoom,FollowMe,HelpingHand,DazzlingGleam|||F|||50|,,,,,Fairy]Calyrex-Shadow||FocusSash|AsOneSpectrier|AstralBarrage,ExpandingForce,GigaDrain,Protect||||||50|,,,,,Grass]Volcarona||RockyHelmet|FlameBody|HeatWave,RagePowder,WillOWisp,Tailwind|||M|||50|,,,,,Water]Urshifu||ChoiceScarf|UnseenFist|CloseCombat,WickedBlow,IronHead,SuckerPunch|||F|||50|,,,,,Grass\n|inactive|Battle timer is ON: inactive players will automatically lose when time's up. (requested by bayleyb123)\n|\n|t:|1746070558\n|start\n|switch|p1a: Weezing|Weezing-Galar, L50, F, shiny|100/100\n|switch|p1b: Calyrex|Calyrex-Shadow, L50|100/100\n|switch|p2a: Calyrex|Calyrex-Shadow, L50|100/100\n|switch|p2b: \u7d2b\u7afd\u8d85\u53ef\u611b|Indeedee-F, L50, F, shiny|100/100\n|-ability|p1a: Weezing|Neutralizing Gas\n|-ability|p1b: Calyrex|As One\n|-ability|p1b: Calyrex|Unnerve\n|-ability|p2a: Calyrex|As One\n|-ability|p2a: Calyrex|Unnerve\n|turn|1\n|inactive|bayleyb123 has 30 seconds left.\n|inactive|Nobdyspecialvgc has 30 seconds left.\n|\n|t:|1746070591\n|-terastallize|p2a: Calyrex|Grass\n|move|p1b: Calyrex|Protect|p1b: Calyrex\n|-singleturn|p1b: Calyrex|Protect\n|move|p2a: Calyrex|Astral Barrage|p1b: Calyrex|[spread] p1a\n|-activate|p1b: Calyrex|move: Protect\n|-damage|p1a: Weezing|27/100\n|move|p2b: \u7d2b\u7afd\u8d85\u53ef\u611b|Dazzling Gleam|p1a: Weezing|[spread] p1a\n|-activate|p1b: Calyrex|move: Protect\n|-resisted|p1a: Weezing\n|-damage|p1a: Weezing|18/100\n|move|p1a: Weezing|Poison Gas|p2a: Calyrex|[spread] p2a,p2b\n|-status|p2a: Calyrex|psn\n|-status|p2b: \u7d2b\u7afd\u8d85\u53ef\u611b|psn\n|\n|-damage|p2a: Calyrex|88/100 psn|[from] psn\n|-damage|p2b: \u7d2b\u7afd\u8d85\u53ef\u611b|88/100 psn|[from] psn\n|upkeep\n|turn|2\n|\n|t:|1746070609\n|move|p1b: Calyrex|Astral Barrage|p2b: \u7d2b\u7afd\u8d85\u53ef\u611b|[spread] p2a\n|-immune|p2b: \u7d2b\u7afd\u8d85\u53ef\u611b\n|-damage|p2a: Calyrex|22/100 psn\n|move|p2a: Calyrex|Astral Barrage|p1b: Calyrex|[spread] p1a,p1b\n|-supereffective|p1b: Calyrex\n|-damage|p1a: Weezing|0 fnt\n|-damage|p1b: Calyrex|0 fnt\n|faint|p1a: Weezing\n|-end|p1a: Weezing|ability: Neutralizing Gas\n|-fieldstart|move: Psychic Terrain|[from] ability: Psychic Surge|[of] p2b: \u7d2b\u7afd\u8d85\u53ef\u611b\n|-enditem|p2b: \u7d2b\u7afd\u8d85\u53ef\u611b|Psychic Seed\n|-boost|p2b: \u7d2b\u7afd\u8d85\u53ef\u611b|spd|1|[from] item: Psychic Seed\n|faint|p1b: Calyrex\n|-ability|p2a: Calyrex|Grim Neigh|boost\n|-boost|p2a: Calyrex|spa|2\n|move|p2b: \u7d2b\u7afd\u8d85\u53ef\u611b|Dazzling Gleam|p1: Weezing|[notarget]\n|-fail|p2b: \u7d2b\u7afd\u8d85\u53ef\u611b\n|\n|-damage|p2a: Calyrex|10/100 psn|[from] psn\n|-damage|p2b: \u7d2b\u7afd\u8d85\u53ef\u611b|76/100 psn|[from] psn\n|upkeep\n|\n|t:|1746070628\n|switch|p1b: Tatsugiri|Tatsugiri, L50, F|100/100\n|switch|p1a: Dondozo|Dondozo, L50, M|100/100\n|-activate|p1b: Tatsugiri|ability: Commander|[of] p1a: Dondozo\n|-boost|p1a: Dondozo|atk|2\n|-boost|p1a: Dondozo|spa|2\n|-boost|p1a: Dondozo|spe|2\n|-boost|p1a: Dondozo|def|2\n|-boost|p1a: Dondozo|spd|2\n|turn|3\n|\n|t:|1746070637\n|move|p2b: \u7d2b\u7afd\u8d85\u53ef\u611b|Helping Hand|p2a: Calyrex\n|-singleturn|p2a: Calyrex|Helping Hand|[of] p2b: \u7d2b\u7afd\u8d85\u53ef\u611b\n|move|p1a: Dondozo|Protect|p1a: Dondozo\n|-singleturn|p1a: Dondozo|Protect\n|move|p2a: Calyrex|Expanding Force|p1b: Tatsugiri|[spread] \n|-miss|p2a: Calyrex|p1b: Tatsugiri\n|-activate|p1a: Dondozo|move: Protect\n|\n|-damage|p2a: Calyrex|0 fnt|[from] psn\n|faint|p2a: Calyrex\n|-damage|p2b: \u7d2b\u7afd\u8d85\u53ef\u611b|63/100 psn|[from] psn\n|upkeep\n|\n|t:|1746070643\n|switch|p2a: Urshifu|Urshifu, L50, F|100/100\n|turn|4\n|\n|t:|1746070652\n|move|p2b: \u7d2b\u7afd\u8d85\u53ef\u611b|Helping Hand|p2a: Urshifu\n|-singleturn|p2a: Urshifu|Helping Hand|[of] p2b: \u7d2b\u7afd\u8d85\u53ef\u611b\n|move|p2a: Urshifu|Wicked Blow|p1a: Dondozo\n|-crit|p1a: Dondozo\n|-damage|p1a: Dondozo|44/100\n|move|p1a: Dondozo|Order Up|p2a: Urshifu\n|-damage|p2a: Urshifu|61/100\n|-boost|p1a: Dondozo|atk|1\n|\n|-heal|p1a: Dondozo|51/100|[from] item: Leftovers\n|-damage|p2b: \u7d2b\u7afd\u8d85\u53ef\u611b|51/100 psn|[from] psn\n|upkeep\n|turn|5\n|\n|t:|1746070662\n|move|p2b: \u7d2b\u7afd\u8d85\u53ef\u611b|Helping Hand|p2a: Urshifu\n|-singleturn|p2a: Urshifu|Helping Hand|[of] p2b: \u7d2b\u7afd\u8d85\u53ef\u611b\n|move|p2a: Urshifu|Wicked Blow|p1a: Dondozo\n|-crit|p1a: Dondozo\n|-damage|p1a: Dondozo|2/100\n|move|p1a: Dondozo|Earthquake|p2a: Urshifu|[spread] p2a,p2b\n|-miss|p1a: Dondozo|p1b: Tatsugiri\n|-damage|p2a: Urshifu|18/100\n|-damage|p2b: \u7d2b\u7afd\u8d85\u53ef\u611b|0 fnt\n|faint|p2b: \u7d2b\u7afd\u8d85\u53ef\u611b\n|\n|-heal|p1a: Dondozo|8/100|[from] item: Leftovers\n|upkeep\n|\n|t:|1746070668\n|switch|p2b: GROUN|Groudon, L50|100/100\n|-weather|SunnyDay|[from] ability: Drought|[of] p2b: GROUN\n|turn|6\n|\n|t:|1746070673\n|move|p2a: Urshifu|Wicked Blow|p1a: Dondozo\n|-crit|p1a: Dondozo\n|-damage|p1a: Dondozo|0 fnt\n|faint|p1a: Dondozo\n|move|p2b: GROUN|Thunder Punch|p1b: Tatsugiri\n|-damage|p1b: Tatsugiri|47/100\n|\n|-weather|SunnyDay|[upkeep]\n|-fieldend|move: Psychic Terrain\n|upkeep\n|turn|7\n|\n|t:|1746070683\n|-terastallize|p1b: Tatsugiri|Dragon\n|move|p1b: Tatsugiri|Muddy Water|p2a: Urshifu|[spread] p2a\n|-miss|p1b: Tatsugiri|p2b: GROUN\n|-damage|p2a: Urshifu|0 fnt\n|faint|p2a: Urshifu\n|move|p2b: GROUN|Thunder Punch|p1b: Tatsugiri\n|-resisted|p1b: Tatsugiri\n|-damage|p1b: Tatsugiri|19/100\n|\n|-weather|SunnyDay|[upkeep]\n|upkeep\n|turn|8\n|\n|t:|1746070691\n|move|p1b: Tatsugiri|Muddy Water|p2b: GROUN|[miss]\n|-miss|p1b: Tatsugiri|p2b: GROUN\n|move|p2b: GROUN|Heat Crash|p1b: Tatsugiri\n|-resisted|p1b: Tatsugiri\n|-damage|p1b: Tatsugiri|0 fnt\n|faint|p1b: Tatsugiri\n|\n|win|Nobdyspecialvgc\n|raw|bayleyb123's rating: 1239 &rarr; <strong>1212</strong><br />(-27 for losing)\n|raw|Nobdyspecialvgc's rating: 1205 &rarr; <strong>1232</strong><br />(+27 for winning)\n|l|\u2606bayleyb123\n|player|p1|\n", "uploadtime": 1746070707, "views": 23, "formatid": "gen9vgc2025regibo3", "rating": 1212, "private": 0, "password": null}