{"id": "gen9vgc2025regibo3-2354160540", "format": "[Gen 9] VGC 2025 Reg I (Bo3)", "players": ["AsoMcNaso", "onda apan"], "log": "|j|\u2606AsoMcNaso\n|j|\u2606onda apan\n|html|<table width=\"100%\"><tr><td align=\"left\">AsoMcNaso</td><td align=\"right\">onda apan</tr><tr><td align=\"left\"><i class=\"fa fa-circle-o\"></i> <i class=\"fa fa-circle-o\"></i> </td><td align=\"right\"><i class=\"fa fa-circle-o\"></i> <i class=\"fa fa-circle-o\"></i> </tr></table>\n|uhtml|bestof|<h2><strong>Game 1</strong> of <a href=\"/game-bestof3-gen9vgc2025regibo3-2354160536\">a best-of-3</a></h2>\n|t:|1746040141\n|gametype|doubles\n|player|p1|AsoMcNaso|red|1000\n|player|p2|onda apan|102|1071\n|teamsize|p1|6\n|teamsize|p2|6\n|gen|9\n|tier|[Gen 9] VGC 2025 Reg I (Bo3)\n|rated|\n|rule|Species Clause: Limit one of each Pok\u00e9mon\n|rule|Item Clause: Limit 1 of each item\n|clearpoke\n|poke|p1|Kyogre, L50|\n|poke|p1|Landorus, L50, M|\n|poke|p1|Tornadus, L50, M|\n|poke|p1|Archaludon, L50, M|\n|poke|p1|Farigiraf, L50, F|\n|poke|p1|Calyrex-Shadow, L50|\n|poke|p2|Koraidon, L50|\n|poke|p2|Ho-Oh, L50|\n|poke|p2|Ting-Lu, L50|\n|poke|p2|Brute Bonnet, L50|\n|poke|p2|Flutter Mane, L50|\n|poke|p2|Hitmontop, L50, M|\n|teampreview|4\n|showteam|p1|Kyogre||MysticWater|Drizzle|IceBeam,Thunder,WaterSpout,Protect||||||50|,,,,,Grass]Landorus||LifeOrb|SheerForce|SludgeBomb,EarthPower,SandsearStorm,Protect|||M|||50|,,,,,Water]Tornadus||FocusSash|Prankster|Tailwind,RainDance,BleakwindStorm,Taunt|||M|||50|,,,,,Ghost]Archaludon||AssaultVest|Stamina|BodyPress,FlashCannon,ElectroShot,DracoMeteor|||M|||50|,,,,,Fairy]Farigiraf||ThroatSpray|ArmorTail|HyperVoice,TrickRoom,Imprison,Psychic|||F|||50|,,,,,Fairy]Calyrex-Shadow||ChoiceSpecs|AsOneSpectrier|AstralBarrage,GigaDrain,DrainingKiss,DarkPulse||||||50|,,,,,Psychic\n|showteam|p2|Koraidon||LifeOrb|OrichalcumPulse|CloseCombat,FlameCharge,FlareBlitz,Protect||||||50|,,,,,Fire]Ho-Oh||ClearAmulet|Regenerator|SacredFire,Tailwind,Recover,BraveBird||||||50|,,,,,Grass]Ting-Lu||AssaultVest|VesselofRuin|SandTomb,Ruination,StompingTantrum,ThroatChop||||||50|,,,,,Poison]Brute Bonnet||CovertCloak|Protosynthesis|Spore,RagePowder,SuckerPunch,BulletSeed||||||50|,,,,,Water]Flutter Mane||BoosterEnergy|Protosynthesis|IcyWind,Moonblast,ShadowBall,Protect||||||50|,,,,,Fairy]Hitmontop||EjectPack|Intimidate|Coaching,CloseCombat,FakeOut,WideGuard|||M|||50|,,,,,Steel\n|inactive|Battle timer is ON: inactive players will automatically lose when time's up. (requested by AsoMcNaso)\n|\n|t:|1746040196\n|start\n|switch|p1a: Tornadus|Tornadus, L50, M|100/100\n|switch|p1b: Landorus|Landorus, L50, M|100/100\n|switch|p2a: Ting-Lu|Ting-Lu, L50|100/100\n|switch|p2b: Brute Bonnet|Brute Bonnet, L50|100/100\n|-ability|p2a: Ting-Lu|Vessel of Ruin\n|turn|1\n|inactive|onda apan has 30 seconds left.\n|inactive|onda apan has 20 seconds left.\n|inactive|onda apan has 15 seconds left.\n|inactive|onda apan has 10 seconds left.\n|\n|t:|1746040241\n|move|p1a: Tornadus|Tailwind|p1a: Tornadus\n|-sidestart|p1: AsoMcNaso|move: Tailwind\n|move|p1b: Landorus|Sludge Bomb|p2b: Brute Bonnet\n|-supereffective|p2b: Brute Bonnet\n|-damage|p2b: Brute Bonnet|42/100\n|move|p2b: Brute Bonnet|Spore|p1b: Landorus\n|-status|p1b: Landorus|slp|[from] move: Spore\n|move|p2a: Ting-Lu|Throat Chop|p1a: Tornadus\n|-crit|p1a: Tornadus\n|-damage|p1a: Tornadus|26/100\n|-start|p1a: Tornadus|Throat Chop|[silent]\n|\n|upkeep\n|turn|2\n|\n|t:|1746040261\n|switch|p1b: Kyogre|Kyogre, L50|100/100\n|-weather|RainDance|[from] ability: Drizzle|[of] p1b: Kyogre\n|-end|p2b: Brute Bonnet|Protosynthesis|[silent]\n|switch|p2b: Ho-Oh|Ho-Oh, L50|100/100\n|move|p1a: Tornadus|Bleakwind Storm|p2a: Ting-Lu|[spread] p2a,p2b\n|-damage|p2a: Ting-Lu|88/100\n|-damage|p2b: Ho-Oh|88/100\n|move|p2a: Ting-Lu|Throat Chop|p1a: Tornadus\n|-damage|p1a: Tornadus|0 fnt\n|faint|p1a: Tornadus\n|\n|-weather|RainDance|[upkeep]\n|upkeep\n|\n|t:|1746040274\n|switch|p1a: Calyrex|Calyrex-Shadow, L50|100/100\n|-ability|p1a: Calyrex|As One\n|-ability|p1a: Calyrex|Unnerve\n|turn|3\n|\n|t:|1746040296\n|switch|p2a: Koraidon|Koraidon, L50|100/100\n|-weather|SunnyDay|[from] ability: Orichalcum Pulse|[of] p2a: Koraidon\n|-activate|p2a: Koraidon|Orichalcum Pulse|[source]\n|move|p1a: Calyrex|Astral Barrage|p2a: Koraidon|[spread] p2a,p2b\n|-damage|p2a: Koraidon|11/100\n|-damage|p2b: Ho-Oh|38/100\n|move|p1b: Kyogre|Water Spout|p2b: Ho-Oh|[spread] p2a,p2b\n|-resisted|p2a: Koraidon\n|-supereffective|p2b: Ho-Oh\n|-damage|p2a: Koraidon|0 fnt\n|-damage|p2b: Ho-Oh|0 fnt\n|faint|p2a: Koraidon\n|faint|p2b: Ho-Oh\n|\n|-weather|SunnyDay|[upkeep]\n|upkeep\n|\n|t:|1746040314\n|switch|p2a: Ting-Lu|Ting-Lu, L50|88/100\n|switch|p2b: Brute Bonnet|Brute Bonnet, L50|42/100\n|-ability|p2a: Ting-Lu|Vessel of Ruin\n|-activate|p2b: Brute Bonnet|ability: Protosynthesis\n|-start|p2b: Brute Bonnet|protosynthesisdef\n|turn|4\n|inactive|onda apan has 30 seconds left.\n|\n|t:|1746040340\n|move|p1a: Calyrex|Astral Barrage|p2b: Brute Bonnet|[spread] p2a,p2b\n|-resisted|p2a: Ting-Lu\n|-resisted|p2b: Brute Bonnet\n|-damage|p2a: Ting-Lu|70/100\n|-damage|p2b: Brute Bonnet|16/100\n|move|p1b: Kyogre|Water Spout|p2b: Brute Bonnet|[spread] p2a,p2b\n|-supereffective|p2a: Ting-Lu\n|-resisted|p2b: Brute Bonnet\n|-damage|p2a: Ting-Lu|40/100\n|-damage|p2b: Brute Bonnet|5/100\n|move|p2b: Brute Bonnet|Bullet Seed|p1b: Kyogre\n|-supereffective|p1b: Kyogre\n|-damage|p1b: Kyogre|75/100\n|-supereffective|p1b: Kyogre\n|-damage|p1b: Kyogre|51/100\n|-hitcount|p1b: Kyogre|2\n|move|p2a: Ting-Lu|Throat Chop|p1a: Calyrex\n|-supereffective|p1a: Calyrex\n|-damage|p1a: Calyrex|0 fnt\n|faint|p1a: Calyrex\n|\n|-weather|SunnyDay|[upkeep]\n|-sideend|p1: AsoMcNaso|move: Tailwind\n|upkeep\n|\n|t:|1746040358\n|switch|p1a: Landorus|Landorus, L50, M|100/100 slp\n|turn|5\n|\n|t:|1746040379\n|-terastallize|p1b: Kyogre|Grass\n|move|p2b: Brute Bonnet|Sucker Punch|p1b: Kyogre\n|-damage|p1b: Kyogre|15/100\n|move|p1b: Kyogre|Water Spout|p2a: Ting-Lu|[spread] p2a,p2b\n|-supereffective|p2a: Ting-Lu\n|-resisted|p2b: Brute Bonnet\n|-damage|p2a: Ting-Lu|35/100\n|-damage|p2b: Brute Bonnet|4/100\n|cant|p1a: Landorus|slp\n|move|p2a: Ting-Lu|Throat Chop|p1a: Landorus\n|-damage|p1a: Landorus|55/100 slp\n|-start|p1a: Landorus|Throat Chop|[silent]\n|\n|-weather|SunnyDay|[upkeep]\n|upkeep\n|turn|6\n|inactive|AsoMcNaso has 30 seconds left.\n|\n|t:|1746040414\n|move|p2b: Brute Bonnet|Sucker Punch|p1a: Landorus\n|-damage|p1a: Landorus|19/100 slp\n|move|p1b: Kyogre|Ice Beam|p2b: Brute Bonnet\n|-supereffective|p2b: Brute Bonnet\n|-damage|p2b: Brute Bonnet|0 fnt\n|faint|p2b: Brute Bonnet\n|-end|p2b: Brute Bonnet|Protosynthesis|[silent]\n|cant|p1a: Landorus|slp\n|move|p2a: Ting-Lu|Throat Chop|p1b: Kyogre\n|-damage|p1b: Kyogre|0 fnt\n|faint|p1b: Kyogre\n|\n|-weather|SunnyDay|[upkeep]\n|-end|p1a: Landorus|Throat Chop|[silent]\n|upkeep\n|turn|7\n|\n|t:|1746040427\n|cant|p1a: Landorus|slp\n|move|p2a: Ting-Lu|Throat Chop|p1a: Landorus\n|-damage|p1a: Landorus|0 fnt\n|faint|p1a: Landorus\n|\n|win|onda apan\n", "uploadtime": 1746040432, "views": 6, "formatid": "gen9vgc2025regibo3", "rating": null, "private": 0, "password": null}