{"id": "gen9vgc2025regibo3-2353917541", "format": "[Gen 9] VGC 2025 Reg I (Bo3)", "players": ["maikkeli", "Nghi Xu"], "log": "|j|\u2606maikkeli\n|j|\u2606Nghi Xu\n|html|<table width=\"100%\"><tr><td align=\"left\">maikkeli</td><td align=\"right\">Nghi Xu</tr><tr><td align=\"left\"><i class=\"fa fa-circle\"></i> <i class=\"fa fa-circle-o\"></i> </td><td align=\"right\"><i class=\"fa fa-circle-o\"></i> <i class=\"fa fa-circle\"></i> </tr></table>\n|uhtml|bestof|<h2><strong>Game 3</strong> of <a href=\"/game-bestof3-gen9vgc2025regibo3-2353912740\">a best-of-3</a></h2>\n|t:|1746018659\n|gametype|doubles\n|player|p1|maikkeli|fisherman-gen4|\n|player|p2|Nghi Xu|blue-gen3|\n|teamsize|p1|6\n|teamsize|p2|6\n|gen|9\n|tier|[Gen 9] VGC 2025 Reg I (Bo3)\n|rule|Species Clause: Limit one of each Pok\u00e9mon\n|rule|Item Clause: Limit 1 of each item\n|clearpoke\n|poke|p1|Miraidon, L50|\n|poke|p1|Lunala, L50|\n|poke|p1|Chi-Yu, L50|\n|poke|p1|Araquanid, L50, M|\n|poke|p1|Iron Hands, L50|\n|poke|p1|Urshifu-*, L50, F|\n|poke|p2|Zamazenta-*, L50|\n|poke|p2|Iron Hands, L50|\n|poke|p2|Volcarona, L50, F|\n|poke|p2|Miraidon, L50|\n|poke|p2|Grimmsnarl, L50, M|\n|poke|p2|Ditto, L50|\n|teampreview|4\n|showteam|p1|Miraidon||ChoiceSpecs|HadronEngine|ElectroDrift,DazzlingGleam,VoltSwitch,DracoMeteor||||||50|,,,,,Fairy]Lunala||ElectricSeed|ShadowShield|MoongeistBeam,WideGuard,Moonblast,TrickRoom||||||50|,,,,,Fairy]Chi-Yu||ChoiceScarf|BeadsofRuin|HeatWave,Snarl,Overheat,DarkPulse||||||50|,,,,,Ghost]Araquanid||ClearAmulet|WaterBubble|Liquidation,Infestation,WideGuard,Protect|||M|||50|,,,,,Water]Iron Hands||AssaultVest|QuarkDrive|DrainPunch,LowKick,WildCharge,FakeOut||||||50|,,,,,Water]Urshifu-Rapid-Strike||FocusSash|UnseenFist|SurgingStrikes,AquaJet,Detect,CloseCombat|||F|||50|,,,,,Stellar\n|showteam|p2|Zamazenta-Crowned||RustedShield|DauntlessShield|BodyPress,behemothbash,WideGuard,Protect||||||50|,,,,,Dragon]Iron Hands||AssaultVest|QuarkDrive|DrainPunch,WildCharge,VoltSwitch,FakeOut||||||50|,,,,,Water]Volcarona||SitrusBerry|FlameBody|FieryDance,QuiverDance,GigaDrain,Protect|||F|||50|,,,,,Grass]Miraidon||ChoiceSpecs|HadronEngine|ElectroDrift,DracoMeteor,DazzlingGleam,VoltSwitch||||||50|,,,,,Fairy]Grimmsnarl||LightClay|Prankster|FoulPlay,ThunderWave,LightScreen,Reflect|||M|||50|,,,,,Ghost]Ditto||FocusSash|Imposter|Transform||||||50|,,,,,Normal\n|inactive|Battle timer is ON: inactive players will automatically lose when time's up. (requested by Nghi Xu)\n|inactive|maikkeli has 60 seconds left.\n|\n|t:|1746018699\n|start\n|switch|p1a: Iron Hands|Iron Hands, L50|100/100\n|switch|p1b: Miraidon|Miraidon, L50|100/100\n|switch|p2a: Iron Hands|Iron Hands, L50|100/100\n|switch|p2b: Grimmsnarl|Grimmsnarl, L50, M|100/100\n|-fieldstart|move: Electric Terrain|[from] ability: Hadron Engine|[of] p1b: Miraidon\n|-activate|p2a: Iron Hands|ability: Quark Drive\n|-start|p2a: Iron Hands|quarkdriveatk\n|-activate|p1a: Iron Hands|ability: Quark Drive\n|-start|p1a: Iron Hands|quarkdriveatk\n|turn|1\n|inactive|maikkeli has 30 seconds left.\n|inactive|Nghi Xu has 30 seconds left.\n|\n|t:|1746018731\n|move|p2a: Iron Hands|Fake Out|p1b: Miraidon\n|-damage|p1b: Miraidon|79/100\n|move|p2b: Grimmsnarl|Reflect|p2b: Grimmsnarl\n|-sidestart|p2: Nghi Xu|Reflect\n|cant|p1b: Miraidon|flinch\n|move|p1a: Iron Hands|Low Kick|p2a: Iron Hands\n|-damage|p2a: Iron Hands|57/100\n|\n|upkeep\n|turn|2\n|\n|t:|1746018755\n|-end|p2a: Iron Hands|Quark Drive|[silent]\n|switch|p2a: Volcarona|Volcarona, L50, F|100/100\n|move|p2b: Grimmsnarl|Light Screen|p2b: Grimmsnarl\n|-sidestart|p2: Nghi Xu|move: Light Screen\n|move|p1b: Miraidon|Volt Switch|p2b: Grimmsnarl\n|-damage|p2b: Grimmsnarl|35/100\n|\n|t:|1746018761\n|switch|p1b: Chi-Yu|Chi-Yu, L50|100/100|[from] Volt Switch\n|-ability|p1b: Chi-Yu|Beads of Ruin\n|move|p1a: Iron Hands|Drain Punch|p2a: Volcarona\n|-resisted|p2a: Volcarona\n|-damage|p2a: Volcarona|81/100\n|\n|upkeep\n|turn|3\n|inactive|maikkeli has 30 seconds left.\n|inactive|Nghi Xu has 30 seconds left.\n|inactive|maikkeli has 20 seconds left.\n|inactive|Nghi Xu has 20 seconds left.\n|inactive|maikkeli has 15 seconds left.\n|inactive|Nghi Xu has 15 seconds left.\n|inactive|maikkeli has 10 seconds left.\n|\n|t:|1746018808\n|switch|p2b: Iron Hands|Iron Hands, L50|57/100\n|-activate|p2b: Iron Hands|ability: Quark Drive\n|-start|p2b: Iron Hands|quarkdriveatk\n|move|p2a: Volcarona|Protect|p2a: Volcarona\n|-singleturn|p2a: Volcarona|Protect\n|move|p1b: Chi-Yu|Overheat|p2a: Volcarona\n|-activate|p2a: Volcarona|move: Protect\n|move|p1a: Iron Hands|Wild Charge|p2a: Volcarona\n|-activate|p2a: Volcarona|move: Protect\n|\n|upkeep\n|turn|4\n|inactive|Nghi Xu has 30 seconds left.\n|inactive|Nghi Xu has 20 seconds left.\n|\n|t:|1746018848\n|-terastallize|p1b: Chi-Yu|Ghost\n|move|p2b: Iron Hands|Fake Out|p1a: Iron Hands\n|-damage|p1a: Iron Hands|86/100\n|move|p1b: Chi-Yu|Overheat|p2a: Volcarona\n|-damage|p2a: Volcarona|22/100\n|-unboost|p1b: Chi-Yu|spa|2\n|-enditem|p2a: Volcarona|Sitrus Berry|[eat]\n|-heal|p2a: Volcarona|47/100|[from] item: Sitrus Berry\n|move|p2a: Volcarona|Quiver Dance|p2a: Volcarona\n|-boost|p2a: Volcarona|spa|1\n|-boost|p2a: Volcarona|spd|1\n|-boost|p2a: Volcarona|spe|1\n|cant|p1a: Iron Hands|flinch\n|\n|upkeep\n|turn|5\n|inactive|Nghi Xu has 30 seconds left.\n|\n|t:|1746018877\n|switch|p1b: Lunala|Lunala, L50|100/100\n|-enditem|p1b: Lunala|Electric Seed\n|-boost|p1b: Lunala|def|1|[from] item: Electric Seed\n|move|p2a: Volcarona|Fiery Dance|p1a: Iron Hands\n|-damage|p1a: Iron Hands|53/100\n|move|p2b: Iron Hands|Drain Punch|p1a: Iron Hands\n|-damage|p1a: Iron Hands|13/100\n|-heal|p2b: Iron Hands|77/100|[from] drain|[of] p1a: Iron Hands\n|move|p1a: Iron Hands|Wild Charge|p2a: Volcarona\n|-damage|p2a: Volcarona|0 fnt\n|faint|p2a: Volcarona\n|-damage|p1a: Iron Hands|4/100|[from] Recoil\n|\n|-fieldend|move: Electric Terrain\n|-end|p2b: Iron Hands|Quark Drive\n|-end|p1a: Iron Hands|Quark Drive\n|upkeep\n|\n|t:|1746018892\n|switch|p2a: Miraidon|Miraidon, L50|100/100\n|-fieldstart|move: Electric Terrain|[from] ability: Hadron Engine|[of] p2a: Miraidon\n|-activate|p2b: Iron Hands|ability: Quark Drive\n|-start|p2b: Iron Hands|quarkdriveatk\n|-activate|p1a: Iron Hands|ability: Quark Drive\n|-start|p1a: Iron Hands|quarkdriveatk\n|turn|6\n|\n|t:|1746018915\n|move|p2a: Miraidon|Volt Switch|p1b: Lunala\n|-damage|p1b: Lunala|66/100\n|\n|t:|1746018918\n|switch|p2a: Grimmsnarl|Grimmsnarl, L50, M|35/100|[from] Volt Switch\n|move|p1b: Lunala|Moongeist Beam|p2a: Grimmsnarl\n|-resisted|p2a: Grimmsnarl\n|-damage|p2a: Grimmsnarl|17/100\n|move|p2b: Iron Hands|Drain Punch|p1a: Iron Hands\n|-damage|p1a: Iron Hands|0 fnt\n|-heal|p2b: Iron Hands|79/100|[from] drain|[of] p1a: Iron Hands\n|faint|p1a: Iron Hands\n|-end|p1a: Iron Hands|Quark Drive|[silent]\n|\n|upkeep\n|inactive|maikkeli has 30 seconds left.\n|\n|t:|1746018953\n|switch|p1a: Miraidon|Miraidon, L50|79/100\n|-activate|p1a: Miraidon|ability: Hadron Engine\n|turn|7\n|\n|t:|1746018974\n|-terastallize|p2b: Iron Hands|Water\n|move|p2a: Grimmsnarl|Thunder Wave|p1b: Lunala\n|-status|p1b: Lunala|par\n|move|p1a: Miraidon|Dazzling Gleam|p2b: Iron Hands|[spread] p2a,p2b\n|-supereffective|p2a: Grimmsnarl\n|-damage|p2a: Grimmsnarl|0 fnt\n|-damage|p2b: Iron Hands|62/100\n|faint|p2a: Grimmsnarl\n|move|p2b: Iron Hands|Wild Charge|p1b: Lunala\n|-damage|p1b: Lunala|22/100 par\n|-damage|p2b: Iron Hands|52/100|[from] Recoil\n|cant|p1b: Lunala|par\n|\n|upkeep\n|\n|t:|1746018982\n|switch|p2a: Miraidon|Miraidon, L50|100/100\n|-activate|p2a: Miraidon|ability: Hadron Engine\n|turn|8\n|\n|t:|1746018999\n|cant|p1b: Lunala|par\n|move|p2a: Miraidon|Dazzling Gleam|p1a: Miraidon|[spread] p1a,p1b\n|-supereffective|p1a: Miraidon\n|-damage|p1a: Miraidon|8/100\n|-damage|p1b: Lunala|0 fnt\n|faint|p1b: Lunala\n|move|p1a: Miraidon|Dazzling Gleam|p2b: Iron Hands|[spread] p2a,p2b\n|-supereffective|p2a: Miraidon\n|-damage|p2a: Miraidon|48/100\n|-damage|p2b: Iron Hands|36/100\n|move|p2b: Iron Hands|Wild Charge|p1a: Miraidon\n|-resisted|p1a: Miraidon\n|-damage|p1a: Miraidon|0 fnt\n|faint|p1a: Miraidon\n|-damage|p2b: Iron Hands|34/100|[from] Recoil\n|\n|-sideend|p2: Nghi Xu|Reflect\n|upkeep\n|\n|t:|1746019010\n|switch|p1b: Chi-Yu|Chi-Yu, L50, tera:Ghost|100/100\n|-ability|p1b: Chi-Yu|Beads of Ruin\n|turn|9\n|\n|t:|1746019028\n|move|p1b: Chi-Yu|Dark Pulse|p2b: Iron Hands\n|-damage|p2b: Iron Hands|16/100\n|move|p2a: Miraidon|Dazzling Gleam|p1b: Chi-Yu\n|-damage|p1b: Chi-Yu|40/100\n|move|p2b: Iron Hands|Wild Charge|p1b: Chi-Yu\n|-damage|p1b: Chi-Yu|0 fnt\n|faint|p1b: Chi-Yu\n|-damage|p2b: Iron Hands|10/100|[from] Recoil\n|\n|win|Nghi Xu\n", "uploadtime": 1746019031, "views": 6, "formatid": "gen9vgc2025regibo3", "rating": null, "private": 0, "password": null}