{"id": "gen9vgc2025regibo3-2353802117", "format": "[Gen 9] VGC 2025 Reg I (Bo3)", "players": ["Mathhews", "bertcamem"], "log": "|j|\u2606Mathhews\n|j|\u2606bertcamem\n|html|<table width=\"100%\"><tr><td align=\"left\">Mathhews</td><td align=\"right\">bertcamem</tr><tr><td align=\"left\"><i class=\"fa fa-circle-o\"></i> <i class=\"fa fa-circle-o\"></i> </td><td align=\"right\"><i class=\"fa fa-circle-o\"></i> <i class=\"fa fa-circle-o\"></i> </tr></table>\n|uhtml|bestof|<h2><strong>Game 1</strong> of <a href=\"/game-bestof3-gen9vgc2025regibo3-2353802116\">a best-of-3</a></h2>\n|t:|1746002399\n|gametype|doubles\n|player|p1|Mathhews|benga|1196\n|player|p2|bertcamem|169|1288\n|teamsize|p1|6\n|teamsize|p2|6\n|gen|9\n|tier|[Gen 9] VGC 2025 Reg I (Bo3)\n|rated|\n|rule|Species Clause: Limit one of each Pok\u00e9mon\n|rule|Item Clause: Limit 1 of each item\n|clearpoke\n|poke|p1|Kyogre, L50|\n|poke|p1|Urshifu-*, L50, M|\n|poke|p1|Zamazenta-*, L50|\n|poke|p1|Chien-Pao, L50|\n|poke|p1|Tornadus, L50, M|\n|poke|p1|Amoonguss, L50, M|\n|poke|p2|Koraidon, L50|\n|poke|p2|Ho-Oh, L50|\n|poke|p2|Gurdurr, L50, M|\n|poke|p2|Flutter Mane, L50|\n|poke|p2|Rillaboom, L50, F|\n|poke|p2|Raging Bolt, L50|\n|teampreview|4\n|showteam|p1|Kyogre||MysticWater|Drizzle|WaterSpout,HydroPump,IceBeam,Protect||||||50|,,,,,Grass]Urshifu-Rapid-Strike||ChoiceScarf|UnseenFist|SurgingStrikes,CloseCombat,Uturn,AquaJet|||M|||50|,,,,,Water]Zamazenta-Crowned||RustedShield|DauntlessShield|BodyPress,HeavySlam,WideGuard,Protect||||||50|,,,,,Dragon]Chien-Pao||FocusSash|SwordofRuin|IcicleCrash,SuckerPunch,Crunch,Protect||||||50|,,,,,Ghost]Tornadus||CovertCloak|Prankster|BleakwindStorm,Tailwind,RainDance,Taunt|||M|||50|,,,,,Dark]Amoonguss||RockyHelmet|Regenerator|SludgeBomb,Spore,RagePowder,Protect|||M|||50|,,,,,Dark\n|showteam|p2|Koraidon||LifeOrb|OrichalcumPulse|FlareBlitz,CloseCombat,Protect,Uturn||||||50|,,,,,Fire]Ho-Oh||ClearAmulet|Regenerator|SacredFire,BraveBird,Protect,Tailwind||||||50|,,,,,Grass]Gurdurr||Eviolite|IronFist|DrainPunch,Coaching,WideGuard,HelpingHand|||M|||50|,,,,,Water]Flutter Mane||FocusSash|Protosynthesis|Moonblast,ShadowBall,Taunt,IcyWind||||||50|,,,,,Normal]Rillaboom||AssaultVest|GrassySurge|FakeOut,GrassyGlide,HighHorsepower,Uturn|||F|||50|,,,,,Fire]Raging Bolt||BoosterEnergy|Protosynthesis|Protect,Thunderclap,Thunderbolt,DracoMeteor||||||50|,,,,,Fairy\n|inactive|Battle timer is ON: inactive players will automatically lose when time's up. (requested by bertcamem)\n|inactive|Mathhews also wants the timer to be on.\n|inactive|Mathhews has 60 seconds left.\n|\n|t:|1746002447\n|start\n|switch|p1a: Chien-Pao|Chien-Pao, L50|100/100\n|switch|p1b: Urshifu|Urshifu-Rapid-Strike, L50, M|100/100\n|switch|p2a: Emperor|Ho-Oh, L50|100/100\n|switch|p2b: Tower|Raging Bolt, L50|100/100\n|-ability|p1a: Chien-Pao|Sword of Ruin\n|-enditem|p2b: Tower|Booster Energy\n|-activate|p2b: Tower|ability: Protosynthesis|[fromitem]\n|-start|p2b: Tower|protosynthesisspa\n|turn|1\n|inactive|Mathhews has 30 seconds left.\n|\n|t:|1746002477\n|switch|p1b: Zamazenta|Zamazenta-Crowned, L50, shiny|100/100\n|-ability|p1b: Zamazenta|Dauntless Shield|boost\n|-boost|p1b: Zamazenta|def|1\n|switch|p1a: Kyogre|Kyogre, L50, shiny|100/100\n|-weather|RainDance|[from] ability: Drizzle|[of] p1a: Kyogre\n|move|p2a: Emperor|Tailwind|p2a: Emperor\n|-sidestart|p2: bertcamem|move: Tailwind\n|move|p2b: Tower|Thunderbolt|p1b: Zamazenta\n|-damage|p1b: Zamazenta|52/100\n|\n|-weather|RainDance|[upkeep]\n|upkeep\n|turn|2\n|inactive|Mathhews has 30 seconds left.\n|\n|t:|1746002507\n|-end|p2b: Tower|Protosynthesis|[silent]\n|switch|p2b: Sun|Koraidon, L50|100/100\n|-weather|SunnyDay|[from] ability: Orichalcum Pulse|[of] p2b: Sun\n|-activate|p2b: Sun|Orichalcum Pulse|[source]\n|-terastallize|p1a: Kyogre|Grass\n|move|p2a: Emperor|Brave Bird|p1a: Kyogre\n|-supereffective|p1a: Kyogre\n|-damage|p1a: Kyogre|0 fnt\n|faint|p1a: Kyogre\n|-damage|p2a: Emperor|69/100|[from] Recoil\n|move|p1b: Zamazenta|Body Press|p2b: Sun\n|-damage|p2b: Sun|37/100\n|\n|-weather|SunnyDay|[upkeep]\n|upkeep\n|\n|t:|1746002518\n|switch|p1a: Urshifu|Urshifu-Rapid-Strike, L50, M|100/100\n|turn|3\n|\n|t:|1746002529\n|move|p1b: Zamazenta|Protect|p1b: Zamazenta\n|-singleturn|p1b: Zamazenta|Protect\n|move|p2b: Sun|U-turn|p1b: Zamazenta\n|-activate|p1b: Zamazenta|move: Protect\n|move|p2a: Emperor|Brave Bird|p1a: Urshifu\n|-supereffective|p1a: Urshifu\n|-damage|p1a: Urshifu|0 fnt\n|faint|p1a: Urshifu\n|-damage|p2a: Emperor|41/100|[from] Recoil\n|\n|-weather|SunnyDay|[upkeep]\n|upkeep\n|\n|t:|1746002536\n|switch|p1a: Chien-Pao|Chien-Pao, L50|100/100\n|-ability|p1a: Chien-Pao|Sword of Ruin\n|turn|4\n|\n|t:|1746002549\n|switch|p2b: Magician|Flutter Mane, L50|100/100\n|-activate|p2b: Magician|ability: Protosynthesis\n|-start|p2b: Magician|protosynthesisspe\n|move|p1a: Chien-Pao|Protect|p1a: Chien-Pao\n|-singleturn|p1a: Chien-Pao|Protect\n|move|p1b: Zamazenta|Protect|p1b: Zamazenta\n|-singleturn|p1b: Zamazenta|Protect\n|move|p2a: Emperor|Sacred Fire|p1a: Chien-Pao\n|-activate|p1a: Chien-Pao|move: Protect\n|\n|-weather|SunnyDay|[upkeep]\n|-sideend|p2: bertcamem|move: Tailwind\n|upkeep\n|turn|5\n|\n|t:|1746002568\n|move|p1b: Zamazenta|Wide Guard|p1b: Zamazenta\n|-singleturn|p1b: Zamazenta|Wide Guard\n|move|p2b: Magician|Icy Wind|p1a: Chien-Pao|[spread] \n|-activate|p1a: Chien-Pao|move: Wide Guard\n|-activate|p1b: Zamazenta|move: Wide Guard\n|move|p1a: Chien-Pao|Icicle Crash|p2a: Emperor\n|-damage|p2a: Emperor|0 fnt\n|faint|p2a: Emperor\n|\n|-weather|SunnyDay|[upkeep]\n|upkeep\n|\n|t:|1746002572\n|switch|p2a: Tower|Raging Bolt, L50|100/100\n|-activate|p2a: Tower|ability: Protosynthesis\n|-start|p2a: Tower|protosynthesisspa\n|turn|6\n|inactive|Mathhews has 30 seconds left.\n|inactive|Mathhews has 20 seconds left.\n|inactive|Mathhews has 15 seconds left.\n|\n|t:|1746002615\n|-terastallize|p2a: Tower|Fairy\n|move|p2b: Magician|Moonblast|p1b: Zamazenta\n|-damage|p1b: Zamazenta|9/100\n|move|p1a: Chien-Pao|Icicle Crash|p2a: Tower\n|-damage|p2a: Tower|51/100\n|move|p1b: Zamazenta|Body Press|p2a: Tower\n|-resisted|p2a: Tower\n|-damage|p2a: Tower|7/100\n|cant|p2a: Tower|flinch\n|\n|-weather|none\n|-end|p2b: Magician|Protosynthesis\n|-end|p2a: Tower|Protosynthesis\n|upkeep\n|turn|7\n|inactive|Mathhews has 30 seconds left.\n|inactive|bertcamem has 30 seconds left.\n|\n|t:|1746002645\n|move|p1b: Zamazenta|Protect|p1b: Zamazenta\n|-singleturn|p1b: Zamazenta|Protect\n|move|p2a: Tower|Protect|p2a: Tower\n|-singleturn|p2a: Tower|Protect\n|move|p2b: Magician|Moonblast|p1a: Chien-Pao\n|-supereffective|p1a: Chien-Pao\n|-enditem|p1a: Chien-Pao|Focus Sash\n|-damage|p1a: Chien-Pao|1/100\n|move|p1a: Chien-Pao|Icicle Crash|p2b: Magician\n|-enditem|p2b: Magician|Focus Sash\n|-damage|p2b: Magician|1/100\n|\n|upkeep\n|turn|8\n|\n|t:|1746002668\n|move|p1a: Chien-Pao|Sucker Punch|p2a: Tower\n|-resisted|p2a: Tower\n|-damage|p2a: Tower|0 fnt\n|faint|p2a: Tower\n|-end|p2a: Tower|Protosynthesis|[silent]\n|move|p2b: Magician|Moonblast|p1a: Chien-Pao\n|-supereffective|p1a: Chien-Pao\n|-damage|p1a: Chien-Pao|0 fnt\n|faint|p1a: Chien-Pao\n|move|p1b: Zamazenta|Heavy Slam|p2b: Magician\n|-supereffective|p2b: Magician\n|-damage|p2b: Magician|0 fnt\n|faint|p2b: Magician\n|-end|p2b: Magician|Protosynthesis|[silent]\n|\n|upkeep\n|\n|t:|1746002671\n|switch|p2b: Sun|Koraidon, L50|37/100\n|-weather|SunnyDay|[from] ability: Orichalcum Pulse|[of] p2b: Sun\n|-activate|p2b: Sun|Orichalcum Pulse|[source]\n|turn|9\n|\n|t:|1746002677\n|move|p2b: Sun|Close Combat|p1b: Zamazenta\n|-supereffective|p1b: Zamazenta\n|-damage|p1b: Zamazenta|0 fnt\n|-unboost|p2b: Sun|def|1\n|-unboost|p2b: Sun|spd|1\n|faint|p1b: Zamazenta\n|-damage|p2b: Sun|27/100|[from] item: Life Orb\n|\n|win|bertcamem\n||Mathhews is ready for game 2.\n|inactive|bertcamem has 30 seconds to confirm battle start!\n|inactive|bertcamem has 20 seconds to confirm battle start!\n||bertcamem is ready for game 2.\n|uhtml|next|Next: <a href=\"/battle-gen9vgc2025regibo3-2353803926\"><strong>Game 2 of 3</strong></a>\n|l|\u2606Mathhews\n|player|p1|\n", "uploadtime": 1746003149, "views": 19, "formatid": "gen9vgc2025regibo3", "rating": null, "private": 0, "password": null}