{"id": "gen9vgc2025regibo3-2354573021", "format": "[Gen 9] VGC 2025 Reg I (Bo3)", "players": ["Placidbee", "cipoci"], "log": "|j|\u2606Placidbee\n|j|\u2606cipoci\n|html|<table width=\"100%\"><tr><td align=\"left\">Placidbee</td><td align=\"right\">cipoci</tr><tr><td align=\"left\"><i class=\"fa fa-circle-o\"></i> <i class=\"fa fa-circle-o\"></i> </td><td align=\"right\"><i class=\"fa fa-circle-o\"></i> <i class=\"fa fa-circle\"></i> </tr></table>\n|uhtml|bestof|<h2><strong>Game 2</strong> of <a href=\"/game-bestof3-gen9vgc2025regibo3-2354572039\">a best-of-3</a></h2>\n|t:|1746096789\n|gametype|doubles\n|player|p1|Placidbee|parasollady|1196\n|player|p2|cipoci|265|1341\n|teamsize|p1|6\n|teamsize|p2|6\n|gen|9\n|tier|[Gen 9] VGC 2025 Reg I (Bo3)\n|rated|\n|rule|Species Clause: Limit one of each Pok\u00e9mon\n|rule|Item Clause: Limit 1 of each item\n|clearpoke\n|poke|p1|Groudon, L50|\n|poke|p1|Ceruledge, L50, M|\n|poke|p1|Ho-Oh, L50|\n|poke|p1|Chien-Pao, L50|\n|poke|p1|Flutter Mane, L50|\n|poke|p1|Raging Bolt, L50|\n|poke|p2|Smeargle, L50, F|\n|poke|p2|Terapagos, L50, M|\n|poke|p2|Clefairy, L50, F|\n|poke|p2|Lunala, L50|\n|poke|p2|Chi-Yu, L50|\n|poke|p2|Amoonguss, L50, M|\n|teampreview|4\n|showteam|p1|Groudon||ClearAmulet|Drought|PrecipiceBlades,HeatCrash,SwordsDance,Protect||||||50|,,,,,Fire]Ceruledge||AssaultVest|FlashFire|BitterBlade,Poltergeist,BrickBreak,ShadowSneak|||M|||50|,,,,,Grass]Ho-Oh||CovertCloak|Regenerator|WillOWisp,LightScreen,LifeDew,FlareBlitz||||||50|,,,,,Grass]Chien-Pao||FocusSash|SwordofRuin|IceSpinner,SuckerPunch,SacredSword,Protect||||||50|,,,,,Ghost]Flutter Mane||BoosterEnergy|Protosynthesis|Protect,DazzlingGleam,ShadowBall,MysticalFire||||||50|,,,,,Fairy]Raging Bolt||Leftovers|Protosynthesis|Taunt,Electroweb,Thunderclap,Protect||||||50|,,,,,Normal\n|showteam|p2|Smeargle||FocusSash|Moody|FakeOut,Decorate,Spore,FollowMe|||F|||50|,,,,,Ghost]Terapagos||Leftovers|TeraShift|Protect,EarthPower,TeraStarstorm,CalmMind|||M|||50|,,,,,Stellar]Clefairy||Eviolite|FriendGuard|Protect,FollowMe,LifeDew,HelpingHand|||F|||50|,,,,,Grass]Lunala||PowerHerb|ShadowShield|MeteorBeam,MoongeistBeam,TrickRoom,Moonblast||||||50|,,,,,Water]Chi-Yu||ChoiceScarf|BeadsofRuin|DarkPulse,HeatWave,Psychic,Overheat||||||50|,,,,,Ghost]Amoonguss||RockyHelmet|Regenerator|Spore,RagePowder,PollenPuff,Protect|||M|||50|,,,,,Dark\n|inactive|Battle timer is ON: inactive players will automatically lose when time's up. (requested by cipoci)\n|inactive|Placidbee has 60 seconds left.\n|\n|t:|1746096820\n|start\n|switch|p1a: Ho-Oh|Ho-Oh, L50|100/100\n|switch|p1b: Ceruledge|Ceruledge, L50, M|100/100\n|switch|p2a: Terapagos|Terapagos, L50, M|100/100\n|switch|p2b: Smeargle|Smeargle, L50, F|100/100\n|-activate|p2a: Terapagos|ability: Tera Shift\n|detailschange|p2a: Terapagos|Terapagos-Terastal, L50, M\n|-heal|p2a: Terapagos|100/100|[silent]\n|turn|1\n|\n|t:|1746096834\n|move|p2b: Smeargle|Fake Out|p1a: Ho-Oh\n|-damage|p1a: Ho-Oh|96/100\n|move|p1b: Ceruledge|Bitter Blade|p2b: Smeargle\n|-crit|p2b: Smeargle\n|-enditem|p2b: Smeargle|Focus Sash\n|-damage|p2b: Smeargle|1/100\n|move|p1a: Ho-Oh|Flare Blitz|p2b: Smeargle\n|-damage|p2b: Smeargle|0 fnt\n|faint|p2b: Smeargle\n|-damage|p1a: Ho-Oh|96/100|[from] Recoil\n|move|p2a: Terapagos|Calm Mind|p2a: Terapagos\n|-boost|p2a: Terapagos|spa|1\n|-boost|p2a: Terapagos|spd|1\n|\n|upkeep\n|\n|t:|1746096844\n|switch|p2b: Clefairy|Clefairy, L50, F|100/100\n|turn|2\n|\n|t:|1746096853\n|move|p2b: Clefairy|Protect|p2b: Clefairy\n|-singleturn|p2b: Clefairy|Protect\n|move|p1b: Ceruledge|Bitter Blade|p2a: Terapagos\n|-activate|p2a: Terapagos|ability: Tera Shell\n|-resisted|p2a: Terapagos\n|-damage|p2a: Terapagos|90/100\n|move|p1a: Ho-Oh|Light Screen|p1a: Ho-Oh\n|-sidestart|p1: Placidbee|move: Light Screen\n|move|p2a: Terapagos|Calm Mind|p2a: Terapagos\n|-boost|p2a: Terapagos|spa|1\n|-boost|p2a: Terapagos|spd|1\n|\n|-heal|p2a: Terapagos|96/100|[from] item: Leftovers\n|upkeep\n|turn|3\n|\n|t:|1746096870\n|move|p1b: Ceruledge|Bitter Blade|p2a: Terapagos\n|-damage|p2a: Terapagos|73/100\n|move|p1a: Ho-Oh|Flare Blitz|p2a: Terapagos\n|-damage|p2a: Terapagos|42/100\n|-damage|p1a: Ho-Oh|87/100|[from] Recoil\n|move|p2a: Terapagos|Calm Mind|p2a: Terapagos\n|-boost|p2a: Terapagos|spa|1\n|-boost|p2a: Terapagos|spd|1\n|move|p2b: Clefairy|Life Dew||[still]|[spread] p2a,p2b\n|-heal|p2a: Terapagos|67/100\n|-fail|p2b: Clefairy|heal\n|\n|-heal|p2a: Terapagos|73/100|[from] item: Leftovers\n|upkeep\n|turn|4\n|\n|t:|1746096891\n|-terastallize|p2a: Terapagos|Stellar\n|detailschange|p2a: Terapagos|Terapagos-Stellar, L50, M, tera:Stellar\n|-heal|p2a: Terapagos|80/100|[silent]\n|move|p1b: Ceruledge|Bitter Blade|p2a: Terapagos\n|-damage|p2a: Terapagos|63/100\n|move|p1a: Ho-Oh|Will-O-Wisp|p2a: Terapagos\n|-status|p2a: Terapagos|brn\n|move|p2a: Terapagos|Tera Starstorm|p1a: Ho-Oh|[spread] p1a,p1b\n|-damage|p1a: Ho-Oh|57/100\n|-damage|p1b: Ceruledge|58/100\n|move|p2b: Clefairy|Life Dew||[still]|[spread] p2a,p2b\n|-heal|p2a: Terapagos|88/100 brn\n|-fail|p2b: Clefairy|heal\n|\n|-heal|p2a: Terapagos|94/100 brn|[from] item: Leftovers\n|-damage|p2a: Terapagos|88/100 brn|[from] brn\n|upkeep\n|turn|5\n|\n|t:|1746096915\n|move|p1b: Ceruledge|Bitter Blade|p2b: Clefairy\n|-damage|p2b: Clefairy|62/100\n|-heal|p1b: Ceruledge|80/100|[from] drain|[of] p2b: Clefairy\n|move|p1a: Ho-Oh|Life Dew|p1a: Ho-Oh|[spread] p1a,p1b\n|-heal|p1a: Ho-Oh|82/100\n|-heal|p1b: Ceruledge|100/100\n|move|p2a: Terapagos|Calm Mind|p2a: Terapagos\n|-boost|p2a: Terapagos|spa|1\n|-boost|p2a: Terapagos|spd|1\n|move|p2b: Clefairy|Life Dew|p2b: Clefairy|[spread] p2a,p2b\n|-heal|p2a: Terapagos|100/100 brn\n|-heal|p2b: Clefairy|87/100\n|\n|-damage|p2a: Terapagos|94/100 brn|[from] brn\n|upkeep\n|turn|6\n|\n|t:|1746096934\n|move|p2b: Clefairy|Protect|p2b: Clefairy\n|-singleturn|p2b: Clefairy|Protect\n|move|p1b: Ceruledge|Bitter Blade|p2b: Clefairy\n|-activate|p2b: Clefairy|move: Protect\n|move|p1a: Ho-Oh|Flare Blitz|p1b: Ceruledge\n|-start|p1b: Ceruledge|ability: Flash Fire\n|move|p2a: Terapagos|Tera Starstorm|p1b: Ceruledge|[spread] p1a,p1b\n|-damage|p1a: Ho-Oh|47/100\n|-damage|p1b: Ceruledge|50/100\n|\n|-heal|p2a: Terapagos|100/100 brn|[from] item: Leftovers\n|-damage|p2a: Terapagos|94/100 brn|[from] brn\n|-sideend|p1: Placidbee|move: Light Screen\n|upkeep\n|turn|7\n|\n|t:|1746096950\n|move|p2b: Clefairy|Helping Hand|p2a: Terapagos\n|-singleturn|p2a: Terapagos|Helping Hand|[of] p2b: Clefairy\n|move|p1b: Ceruledge|Bitter Blade|p2a: Terapagos\n|-damage|p2a: Terapagos|68/100 brn\n|-heal|p1b: Ceruledge|73/100|[from] drain|[of] p2a: Terapagos\n|move|p1a: Ho-Oh|Light Screen|p1a: Ho-Oh\n|-sidestart|p1: Placidbee|move: Light Screen\n|move|p2a: Terapagos|Tera Starstorm|p1b: Ceruledge|[spread] p1a,p1b\n|-damage|p1a: Ho-Oh|0 fnt\n|-damage|p1b: Ceruledge|0 fnt\n|faint|p1a: Ho-Oh\n|faint|p1b: Ceruledge\n|\n|-heal|p2a: Terapagos|74/100 brn|[from] item: Leftovers\n|-damage|p2a: Terapagos|68/100 brn|[from] brn\n|upkeep\n|\n|t:|1746096964\n|switch|p1b: Chien-Pao|Chien-Pao, L50|100/100\n|switch|p1a: Groudon|Groudon, L50|100/100\n|-ability|p1b: Chien-Pao|Sword of Ruin\n|-weather|SunnyDay|[from] ability: Drought|[of] p1a: Groudon\n|turn|8\n|\n|t:|1746096978\n|move|p1b: Chien-Pao|Protect|p1b: Chien-Pao\n|-singleturn|p1b: Chien-Pao|Protect\n|move|p2b: Clefairy|Follow Me|p2b: Clefairy\n|-singleturn|p2b: Clefairy|move: Follow Me\n|move|p1a: Groudon|Precipice Blades|p2b: Clefairy|[spread] p2a,p2b\n|-damage|p2a: Terapagos|35/100 brn\n|-damage|p2b: Clefairy|20/100\n|move|p2a: Terapagos|Tera Starstorm|p1a: Groudon|[spread] p1a\n|-activate|p1b: Chien-Pao|move: Protect\n|-damage|p1a: Groudon|18/100\n|\n|-weather|SunnyDay|[upkeep]\n|-heal|p2a: Terapagos|41/100 brn|[from] item: Leftovers\n|-damage|p2a: Terapagos|35/100 brn|[from] brn\n|upkeep\n|turn|9\n|inactive|cipoci has 30 seconds left.\n|\n|t:|1746097012\n|move|p2b: Clefairy|Follow Me|p2b: Clefairy\n|-singleturn|p2b: Clefairy|move: Follow Me\n|move|p1b: Chien-Pao|Ice Spinner|p2b: Clefairy\n|-damage|p2b: Clefairy|0 fnt\n|faint|p2b: Clefairy\n|move|p1a: Groudon|Heat Crash|p2a: Terapagos\n|-damage|p2a: Terapagos|0 fnt\n|faint|p2a: Terapagos\n|\n|-weather|SunnyDay|[upkeep]\n|upkeep\n|-message|cipoci forfeited.\n|\n|win|Placidbee\n|l|\u2606cipoci\n|player|p2|\n||cipoci is ready for game 3.\n||Placidbee is ready for game 3.\n|uhtml|next|Next: <a href=\"/battle-gen9vgc2025regibo3-2354574393\"><strong>Game 3 of 3</strong></a>\n", "uploadtime": 1746097334, "views": 8, "formatid": "gen9vgc2025regibo3", "rating": null, "private": 0, "password": null}