{"id": "gen9vgc2025regibo3-2354833309", "format": "[Gen 9] VGC 2025 Reg I (Bo3)", "players": ["Darktypedarsh", "NessSo"], "log": "|j|\u2606Darktypedarsh\n|j|\u2606NessSo\n|html|<table width=\"100%\"><tr><td align=\"left\">Darktypedarsh</td><td align=\"right\">NessSo</tr><tr><td align=\"left\"><i class=\"fa fa-circle-o\"></i> <i class=\"fa fa-circle-o\"></i> </td><td align=\"right\"><i class=\"fa fa-circle-o\"></i> <i class=\"fa fa-circle-o\"></i> </tr></table>\n|uhtml|bestof|<h2><strong>Game 1</strong> of <a href=\"/game-bestof3-gen9vgc2025regibo3-2354833305\">a best-of-3</a></h2>\n|t:|1746123697\n|gametype|doubles\n|player|p1|Darktypedarsh|2|1198\n|player|p2|NessSo|170|1085\n|teamsize|p1|6\n|teamsize|p2|6\n|gen|9\n|tier|[Gen 9] VGC 2025 Reg I (Bo3)\n|rated|\n|rule|Species Clause: Limit one of each Pok\u00e9mon\n|rule|Item Clause: Limit 1 of each item\n|clearpoke\n|poke|p1|Grimmsnarl, L50, M|\n|poke|p1|Miraidon, L50|\n|poke|p1|Iron Hands, L50|\n|poke|p1|Volcarona, L50, M|\n|poke|p1|Urshifu-*, L50, M|\n|poke|p1|Calyrex-Ice, L50|\n|poke|p2|Toxicroak, L50, F|\n|poke|p2|Kyogre, L50|\n|poke|p2|Calyrex-Ice, L50|\n|poke|p2|Pelipper, L50, F|\n|poke|p2|Weezing-Galar, L50, F|\n|poke|p2|Archaludon, L50, F|\n|teampreview|4\n|showteam|p1|Grimmsnarl||LightClay|Prankster|SpiritBreak,LightScreen,Reflect,ThunderWave|||M|||50|,,,,,Ghost]Miraidon||ChoiceSpecs|HadronEngine|ElectroDrift,VoltSwitch,DracoMeteor,DazzlingGleam||||||50|,,,,,Fairy]Iron Hands||AssaultVest|QuarkDrive|DrainPunch,WildCharge,HeavySlam,FakeOut||||||50|,,,,,Water]Volcarona||SitrusBerry|FlameBody|Protect,QuiverDance,FieryDance,GigaDrain|||M|||50|,,,,,Grass]Urshifu-Rapid-Strike||ChoiceScarf|UnseenFist|CloseCombat,Coaching,SurgingStrikes,Uturn|||M|||50|,,,,,Water]Calyrex-Ice||Leftovers|AsOneGlastrier|Protect,TrickRoom,GlacialLance,LeechSeed||||||50|,,,,,Water\n|showteam|p2|Toxicroak||FocusSash|DrySkin|FakeOut,SuckerPunch,Taunt,DrainPunch|||F|||50|,,,,,Dark]Kyogre||MysticWater|Drizzle|WaterSpout,OriginPulse,IceBeam,Protect||||||50|,,,,,Water]Calyrex-Ice||ClearAmulet|AsOneGlastrier|TrickRoom,GlacialLance,HighHorsepower,Protect||||||50|,,,,,Water]Pelipper||CovertCloak|Drizzle|WideGuard,Hurricane,WeatherBall,Protect|||F|||50|,,,,,Ground]Weezing-Galar||Leftovers|MistySurge|Taunt,StrangeSteam,Protect,AromaticMist|||F|||50|,,,,,Grass]Archaludon||AssaultVest|Stamina|BodyPress,ElectroShot,FlashCannon,DragonPulse|||F|||50|,,,,,Fighting\n|inactive|Battle timer is ON: inactive players will automatically lose when time's up. (requested by NessSo)\n|\n|t:|1746123720\n|start\n|switch|p1a: Miraidon|Miraidon, L50|100/100\n|switch|p1b: Iron Hands|Iron Hands, L50|100/100\n|switch|p2a: Calyrex|Calyrex-Ice, L50|100/100\n|switch|p2b: Archaludon|Archaludon, L50, F|100/100\n|-ability|p2a: Calyrex|As One\n|-ability|p2a: Calyrex|Unnerve\n|-fieldstart|move: Electric Terrain|[from] ability: Hadron Engine|[of] p1a: Miraidon\n|-activate|p1b: Iron Hands|ability: Quark Drive\n|-start|p1b: Iron Hands|quarkdriveatk\n|turn|1\n|\n|t:|1746123742\n|switch|p2b: Weezing|Weezing-Galar, L50, F|100/100\n|-fieldstart|move: Misty Terrain|[from] ability: Misty Surge|[of] p2b: Weezing\n|-end|p1b: Iron Hands|Quark Drive\n|-terastallize|p1a: Miraidon|Fairy\n|move|p2a: Calyrex|Protect|p2a: Calyrex\n|-singleturn|p2a: Calyrex|Protect\n|move|p1b: Iron Hands|Fake Out|p2a: Calyrex\n|-activate|p2a: Calyrex|move: Protect\n|move|p1a: Miraidon|Dazzling Gleam|p2a: Calyrex|[spread] p2b\n|-activate|p2a: Calyrex|move: Protect\n|-resisted|p2b: Weezing\n|-damage|p2b: Weezing|79/100\n|\n|-heal|p2b: Weezing|85/100|[from] item: Leftovers\n|upkeep\n|turn|2\n|\n|t:|1746123760\n|-end|p1b: Iron Hands|Quark Drive|[silent]\n|switch|p1b: Calyrex|Calyrex-Ice, L50|100/100\n|-ability|p1b: Calyrex|As One\n|-ability|p1b: Calyrex|Unnerve\n|move|p1a: Miraidon|Dazzling Gleam|p2a: Calyrex|[spread] p2a,p2b\n|-resisted|p2b: Weezing\n|-damage|p2a: Calyrex|70/100\n|-damage|p2b: Weezing|63/100\n|move|p2b: Weezing|Aromatic Mist|p2a: Calyrex\n|-boost|p2a: Calyrex|spd|1\n|move|p2a: Calyrex|Trick Room|p2a: Calyrex\n|-fieldstart|move: Trick Room|[of] p2a: Calyrex\n|\n|-heal|p2b: Weezing|69/100|[from] item: Leftovers\n|upkeep\n|turn|3\n|\n|t:|1746123777\n|move|p2a: Calyrex|Glacial Lance|p1b: Calyrex|[spread] p1a,p1b\n|-resisted|p1b: Calyrex\n|-damage|p1a: Miraidon|41/100\n|-damage|p1b: Calyrex|82/100\n|move|p1b: Calyrex|Leech Seed|p2a: Calyrex\n|-start|p2a: Calyrex|move: Leech Seed\n|move|p2b: Weezing|Taunt|p1b: Calyrex\n|-start|p1b: Calyrex|move: Taunt\n|move|p1a: Miraidon|Dazzling Gleam|p2a: Calyrex|[spread] p2a,p2b\n|-resisted|p2b: Weezing\n|-damage|p2a: Calyrex|49/100\n|-damage|p2b: Weezing|48/100\n|\n|-heal|p1b: Calyrex|87/100|[from] item: Leftovers\n|-heal|p2b: Weezing|54/100|[from] item: Leftovers\n|-damage|p2a: Calyrex|37/100|[from] Leech Seed|[of] p1b: Calyrex\n|-heal|p1b: Calyrex|98/100|[silent]\n|upkeep\n|turn|4\n|\n|t:|1746123791\n|switch|p1a: Iron Hands|Iron Hands, L50|100/100\n|move|p1b: Calyrex|Glacial Lance|p2b: Weezing|[spread] p2a,p2b\n|-resisted|p2a: Calyrex\n|-damage|p2a: Calyrex|16/100\n|-damage|p2b: Weezing|8/100\n|move|p2a: Calyrex|Glacial Lance|p1b: Calyrex|[spread] p1a,p1b\n|-resisted|p1b: Calyrex\n|-damage|p1a: Iron Hands|58/100\n|-damage|p1b: Calyrex|79/100\n|move|p2b: Weezing|Strange Steam|p1b: Calyrex\n|-damage|p1b: Calyrex|63/100\n|\n|-heal|p1b: Calyrex|69/100|[from] item: Leftovers\n|-heal|p2b: Weezing|13/100|[from] item: Leftovers\n|-damage|p2a: Calyrex|4/100|[from] Leech Seed|[of] p1b: Calyrex\n|-heal|p1b: Calyrex|80/100|[silent]\n|upkeep\n|turn|5\n|\n|t:|1746123812\n|switch|p2a: Archaludon|Archaludon, L50, F|100/100\n|-end|p1a: Iron Hands|Quark Drive|[silent]\n|switch|p1a: Miraidon|Miraidon, L50, tera:Fairy|41/100\n|-fieldstart|move: Electric Terrain|[from] ability: Hadron Engine|[of] p1a: Miraidon\n|move|p1b: Calyrex|Glacial Lance|p2a: Archaludon|[spread] p2a,p2b\n|-damage|p2a: Archaludon|67/100\n|-damage|p2b: Weezing|0 fnt\n|-ability|p2a: Archaludon|Stamina|boost\n|-boost|p2a: Archaludon|def|1\n|faint|p2b: Weezing\n|-ability|p1b: Calyrex|Chilling Neigh|boost\n|-boost|p1b: Calyrex|atk|1\n|\n|-heal|p1b: Calyrex|85/100|[from] item: Leftovers\n|upkeep\n|l|\u2606NessSo\n|inactive|NessSo disconnected and has a minute to reconnect!\n|player|p2|\n|inactive|NessSo has 30 seconds left.\n|inactive|NessSo has 20 seconds left.\n|inactive|NessSo has 15 seconds left.\n|inactive|NessSo has 10 seconds left.\n|inactive|NessSo has 5 seconds left.\n|-message|NessSo lost due to inactivity.\n|\n|win|Darktypedarsh\n||Darktypedarsh is ready for game 2.\n|raw|Darktypedarsh's rating: 1198 &rarr; <strong>1215</strong><br />(+17 for winning)\n|raw|NessSo's rating: 1085 &rarr; <strong>1069</strong><br />(-16 for losing)\n", "uploadtime": 1746124127, "views": 5, "formatid": "gen9vgc2025regibo3", "rating": 1069, "private": 0, "password": null}