{"id": "gen9vgc2025regibo3-2353927444", "format": "[Gen 9] VGC 2025 Reg I (Bo3)", "players": ["Squ1dge_", "Ashleemaster"], "log": "|j|\u2606Squ1dge_\n|j|\u2606Ashleemaster\n|html|<table width=\"100%\"><tr><td align=\"left\">Squ1dge_</td><td align=\"right\">Ashleemaster</tr><tr><td align=\"left\"><i class=\"fa fa-circle\"></i> <i class=\"fa fa-circle-o\"></i> </td><td align=\"right\"><i class=\"fa fa-circle-o\"></i> <i class=\"fa fa-circle\"></i> </tr></table>\n|uhtml|bestof|<h2><strong>Game 3</strong> of <a href=\"/game-bestof3-gen9vgc2025regibo3-2353922526\">a best-of-3</a></h2>\n|t:|1746019678\n|gametype|doubles\n|player|p1|Squ1dge_|1|\n|player|p2|Ashleemaster|oleana|\n|teamsize|p1|6\n|teamsize|p2|6\n|gen|9\n|tier|[Gen 9] VGC 2025 Reg I (Bo3)\n|rule|Species Clause: Limit one of each Pok\u00e9mon\n|rule|Item Clause: Limit 1 of each item\n|clearpoke\n|poke|p1|Zamazenta-*, L50|\n|poke|p1|Calyrex-Shadow, L50|\n|poke|p1|Tornadus, L50, M|\n|poke|p1|Urshifu-*, L50, F|\n|poke|p1|Amoonguss, L50, F|\n|poke|p1|Chien-Pao, L50|\n|poke|p2|Zacian-*, L50|\n|poke|p2|Lunala, L50|\n|poke|p2|Tornadus, L50, M|\n|poke|p2|Urshifu-*, L50, F|\n|poke|p2|Ogerpon-Hearthflame, L50, F|\n|poke|p2|Indeedee-F, L50, F|\n|teampreview|4\n|showteam|p1|Zamazenta-Crowned||RustedShield|DauntlessShield|BodyPress,HeavySlam,WideGuard,Protect||||||50|,,,,,Dragon]Calyrex-Shadow||LifeOrb|AsOneSpectrier|AstralBarrage,Psychic,NastyPlot,Protect||||||50|,,,,,Dark]Tornadus||CovertCloak|Prankster|BleakwindStorm,Tailwind,RainDance,Taunt|||M|||50|,,,,,Dark]Urshifu-Rapid-Strike||MysticWater|UnseenFist|SurgingStrikes,CloseCombat,AquaJet,Detect|||F|||50|,,,,,Water]Amoonguss||RockyHelmet|Regenerator|SludgeBomb,Spore,RagePowder,Protect|||F|||50|,,,,,Water]Chien-Pao||FocusSash|SwordofRuin|SuckerPunch,Crunch,IceSpinner,Protect||||||50|,,,,,Stellar\n|showteam|p2|Zacian-Crowned||RustedSword|IntrepidSword|behemothblade,PlayRough,SacredSword,Protect||||||50|,,,,,Fairy]Lunala||SafetyGoggles|ShadowShield|WideGuard,ExpandingForce,MoongeistBeam,TrickRoom||||||50|,,,,,Fairy]Tornadus||CovertCloak|Prankster|BleakwindStorm,Taunt,Tailwind,RainDance|||M|||50|,,,,,Dark]Urshifu-Rapid-Strike||MysticWater|UnseenFist|SurgingStrikes,CloseCombat,AquaJet,Detect|||F|||50|,,,,,Water]Ogerpon-Hearthflame||HearthflameMask|MoldBreaker|IvyCudgel,WoodHammer,SpikyShield,FollowMe|||F|||50|,,,,,Fire]Indeedee-F||PsychicSeed|PsychicSurge|DazzlingGleam,FollowMe,HealPulse,TrickRoom|||F|||50|,,,,,Fairy\n|inactive|Battle timer is ON: inactive players will automatically lose when time's up. (requested by Ashleemaster)\n|inactive|Ashleemaster has 60 seconds left.\n|\n|t:|1746019720\n|start\n|switch|p1a: Zamazenta|Zamazenta-Crowned, L50|100/100\n|switch|p1b: Chien-Pao|Chien-Pao, L50|100/100\n|switch|p2a: Indeedee|Indeedee-F, L50, F|100/100\n|switch|p2b: Lunala|Lunala, L50|100/100\n|-ability|p1b: Chien-Pao|Sword of Ruin\n|-ability|p1a: Zamazenta|Dauntless Shield|boost\n|-boost|p1a: Zamazenta|def|1\n|-fieldstart|move: Psychic Terrain|[from] ability: Psychic Surge|[of] p2a: Indeedee\n|-enditem|p2a: Indeedee|Psychic Seed\n|-boost|p2a: Indeedee|spd|1|[from] item: Psychic Seed\n|turn|1\n|inactive|Squ1dge_ has 30 seconds left.\n|\n|t:|1746019746\n|-terastallize|p2a: Indeedee|Fairy\n|move|p2a: Indeedee|Follow Me|p2a: Indeedee\n|-singleturn|p2a: Indeedee|move: Follow Me\n|move|p1b: Chien-Pao|Crunch|p2a: Indeedee\n|-resisted|p2a: Indeedee\n|-damage|p2a: Indeedee|72/100\n|-unboost|p2a: Indeedee|def|1\n|move|p1a: Zamazenta|Heavy Slam|p2a: Indeedee\n|-supereffective|p2a: Indeedee\n|-damage|p2a: Indeedee|0 fnt\n|faint|p2a: Indeedee\n|move|p2b: Lunala|Trick Room|p2b: Lunala\n|-fieldstart|move: Trick Room|[of] p2b: Lunala\n|\n|upkeep\n|\n|t:|1746019759\n|switch|p2a: Urshifu|Urshifu-Rapid-Strike, L50, F|100/100\n|turn|2\n|\n|t:|1746019771\n|switch|p1b: Amoonguss|Amoonguss, L50, F|100/100\n|move|p1a: Zamazenta|Wide Guard|p1a: Zamazenta\n|-singleturn|p1a: Zamazenta|Wide Guard\n|move|p2b: Lunala|Moongeist Beam|p1a: Zamazenta\n|-damage|p1a: Zamazenta|59/100\n|move|p2a: Urshifu|Surging Strikes|p1b: Amoonguss\n|-resisted|p1b: Amoonguss\n|-crit|p1b: Amoonguss\n|-damage|p1b: Amoonguss|91/100\n|-damage|p2a: Urshifu|84/100|[from] item: Rocky Helmet|[of] p1b: Amoonguss\n|-resisted|p1b: Amoonguss\n|-crit|p1b: Amoonguss\n|-damage|p1b: Amoonguss|82/100\n|-damage|p2a: Urshifu|67/100|[from] item: Rocky Helmet|[of] p1b: Amoonguss\n|-resisted|p1b: Amoonguss\n|-crit|p1b: Amoonguss\n|-damage|p1b: Amoonguss|72/100\n|-damage|p2a: Urshifu|51/100|[from] item: Rocky Helmet|[of] p1b: Amoonguss\n|-hitcount|p1b: Amoonguss|3\n|\n|upkeep\n|turn|3\n|\n|t:|1746019790\n|move|p2a: Urshifu|Detect|p2a: Urshifu\n|-singleturn|p2a: Urshifu|Protect\n|move|p1b: Amoonguss|Spore|p2b: Lunala\n|-activate|p2b: Lunala|item: Safety Goggles|Spore\n|move|p2b: Lunala|Expanding Force|p1b: Amoonguss|[spread] p1a,p1b\n|-supereffective|p1b: Amoonguss\n|-damage|p1a: Zamazenta|7/100\n|-damage|p1b: Amoonguss|0 fnt\n|faint|p1b: Amoonguss\n|move|p1a: Zamazenta|Body Press|p2a: Urshifu\n|-activate|p2a: Urshifu|move: Protect\n|\n|upkeep\n|\n|t:|1746019805\n|switch|p1b: Calyrex|Calyrex-Shadow, L50|100/100\n|-ability|p1b: Calyrex|As One\n|-ability|p1b: Calyrex|Unnerve\n|turn|4\n|\n|t:|1746019818\n|-terastallize|p1b: Calyrex|Dark\n|move|p2b: Lunala|Moongeist Beam|p1a: Zamazenta\n|-damage|p1a: Zamazenta|0 fnt\n|faint|p1a: Zamazenta\n|move|p2a: Urshifu|Surging Strikes|p1b: Calyrex\n|-crit|p1b: Calyrex\n|-damage|p1b: Calyrex|74/100\n|-crit|p1b: Calyrex\n|-damage|p1b: Calyrex|44/100\n|-crit|p1b: Calyrex\n|-damage|p1b: Calyrex|15/100\n|-hitcount|p1b: Calyrex|3\n|move|p1b: Calyrex|Astral Barrage|p2b: Lunala|[spread] p2a,p2b\n|-supereffective|p2b: Lunala\n|-damage|p2a: Urshifu|0 fnt\n|-damage|p2b: Lunala|13/100\n|faint|p2a: Urshifu\n|-ability|p1b: Calyrex|Grim Neigh|boost\n|-boost|p1b: Calyrex|spa|1\n|-damage|p1b: Calyrex|6/100|[from] item: Life Orb\n|\n|upkeep\n|\n|t:|1746019831\n|switch|p2a: Zacian|Zacian-Crowned, L50|100/100\n|switch|p1a: Chien-Pao|Chien-Pao, L50|100/100\n|-ability|p2a: Zacian|Intrepid Sword|boost\n|-boost|p2a: Zacian|atk|1\n|-ability|p1a: Chien-Pao|Sword of Ruin\n|turn|5\n|\n|t:|1746019846\n|move|p1b: Calyrex|Protect|p1b: Calyrex\n|-singleturn|p1b: Calyrex|Protect\n|move|p2b: Lunala|Wide Guard|p2b: Lunala\n|-singleturn|p2b: Lunala|Wide Guard\n|move|p2a: Zacian|Behemoth Blade|p1a: Chien-Pao\n|-supereffective|p1a: Chien-Pao\n|-enditem|p1a: Chien-Pao|Focus Sash\n|-damage|p1a: Chien-Pao|1/100\n|move|p1a: Chien-Pao|Ice Spinner|p2b: Lunala\n|-damage|p2b: Lunala|0 fnt\n|-fieldend|move: Psychic Terrain\n|faint|p2b: Lunala\n|\n|-fieldend|move: Trick Room\n|upkeep\n|turn|6\n|\n|t:|1746019863\n|move|p1b: Calyrex|Astral Barrage|p2a: Zacian\n|-damage|p2a: Zacian|0 fnt\n|faint|p2a: Zacian\n|-damage|p1b: Calyrex|0 fnt|[from] item: Life Orb\n|faint|p1b: Calyrex\n|\n|win|Squ1dge_\n", "uploadtime": 1746019893, "views": 29, "formatid": "gen9vgc2025regibo3", "rating": null, "private": 0, "password": null}