{"id": "gen9vgc2025regibo3-2353669886", "format": "[Gen 9] VGC 2025 Reg I (Bo3)", "players": ["TheGamingMammoth", "juacox300"], "log": "|j|\u2606TheGamingMammoth\n|j|\u2606juacox300\n|html|<table width=\"100%\"><tr><td align=\"left\">TheGamingMammoth</td><td align=\"right\">juacox300</tr><tr><td align=\"left\"><i class=\"fa fa-circle-o\"></i> <i class=\"fa fa-circle-o\"></i> </td><td align=\"right\"><i class=\"fa fa-circle-o\"></i> <i class=\"fa fa-circle-o\"></i> </tr></table>\n|uhtml|bestof|<h2><strong>Game 1</strong> of <a href=\"/game-bestof3-gen9vgc2025regibo3-2353669885\">a best-of-3</a></h2>\n|t:|1745981427\n|gametype|doubles\n|player|p1|TheGamingMammoth|101|1282\n|player|p2|juacox300|unknown|1454\n|teamsize|p1|6\n|teamsize|p2|6\n|gen|9\n|tier|[Gen 9] VGC 2025 Reg I (Bo3)\n|rated|\n|rule|Species Clause: Limit one of each Pok\u00e9mon\n|rule|Item Clause: Limit 1 of each item\n|clearpoke\n|poke|p1|Calyrex-Shadow, L50|\n|poke|p1|Terapagos, L50, M|\n|poke|p1|Incineroar, L50, F|\n|poke|p1|Rillaboom, L50, M|\n|poke|p1|Ogerpon-Cornerstone, L50, F|\n|poke|p1|Ditto, L50|\n|poke|p2|Miraidon, L50|\n|poke|p2|Iron Hands, L50|\n|poke|p2|Calyrex-Ice, L50|\n|poke|p2|Incineroar, L50, M|\n|poke|p2|Chi-Yu, L50|\n|poke|p2|Alcremie-Salted-Cream, L50, F|\n|teampreview|4\n|showteam|p1|Calyrex-Shadow||FocusSash|AsOneSpectrier|AstralBarrage,Psychic,Encore,Protect||||||50|,,,,,Ghost]Terapagos||Leftovers|TeraShift|TeraStarstorm,EarthPower,CalmMind,Protect|||M|||50|,,,,,Stellar]Incineroar||RockyHelmet|Intimidate|FakeOut,WillOWisp,KnockOff,PartingShot|||F|||50|,,,,,Ghost]Rillaboom||AssaultVest|GrassySurge|FakeOut,DrumBeating,GrassyGlide,Uturn|||M|||50|,,,,,Normal]Ogerpon-Cornerstone||CornerstoneMask|Sturdy|IvyCudgel,PowerWhip,FollowMe,SpikyShield|||F|||50|,,,,,Rock]Ditto||SafetyGoggles|Imposter|Transform||||||50|,,,,,Normal\n|showteam|p2|Miraidon||LifeOrb|HadronEngine|ElectroDrift,DracoMeteor,Protect,DazzlingGleam||||||50|,,,,,Fairy]Iron Hands||AssaultVest|QuarkDrive|WildCharge,LowKick,FakeOut,HeavySlam||||||50|,,,,,Fire]Calyrex-Ice||ClearAmulet|AsOneGlastrier|GlacialLance,HighHorsepower,Protect,TrickRoom||||||50|,,,,,Dragon]Incineroar||RockyHelmet|Intimidate|KnockOff,FlareBlitz,FakeOut,Taunt|||M|||50|,,,,,Poison]Chi-Yu||ChoiceScarf|BeadsofRuin|HeatWave,Snarl,Overheat,DarkPulse||||||50|,,,,,Ghost]Alcremie-Salted-Cream||CovertCloak|AromaVeil|AlluringVoice,Decorate,Protect,Encore|||F|||50|,,,,,Grass\n|\n|t:|1745981503\n|start\n|switch|p1a: KwiviKwivi Tortili|Terapagos, L50, M|100/100\n|switch|p1b: TrulimeroTrulicina|Incineroar, L50, F|100/100\n|switch|p2a: FerroNalgada|Iron Hands, L50|100/100\n|switch|p2b: Elena|Alcremie-Salted-Cream, L50, F|100/100\n|-activate|p1a: KwiviKwivi Tortili|ability: Tera Shift\n|detailschange|p1a: KwiviKwivi Tortili|Terapagos-Terastal, L50, M\n|-heal|p1a: KwiviKwivi Tortili|100/100|[silent]\n|-ability|p1b: TrulimeroTrulicina|Intimidate|boost\n|-unboost|p2a: FerroNalgada|atk|1\n|-unboost|p2b: Elena|atk|1\n|turn|1\n|\n|t:|1745981519\n|move|p1b: TrulimeroTrulicina|Fake Out|p2a: FerroNalgada\n|-damage|p2a: FerroNalgada|93/100\n|cant|p2a: FerroNalgada|flinch\n|move|p1a: KwiviKwivi Tortili|Calm Mind|p1a: KwiviKwivi Tortili\n|-boost|p1a: KwiviKwivi Tortili|spa|1\n|-boost|p1a: KwiviKwivi Tortili|spd|1\n|move|p2b: Elena|Encore|p1a: KwiviKwivi Tortili\n|-start|p1a: KwiviKwivi Tortili|Encore\n|\n|upkeep\n|turn|2\n|\n|t:|1745981557\n|switch|p1a: Ogerpon|Ogerpon-Cornerstone, L50, F|100/100\n|-end|p2a: FerroNalgada|Quark Drive|[silent]\n|switch|p2a: Calyrex|Calyrex-Ice, L50|100/100\n|-ability|p2a: Calyrex|As One\n|-ability|p2a: Calyrex|Unnerve\n|move|p1b: TrulimeroTrulicina|Will-O-Wisp|p2a: Calyrex\n|-status|p2a: Calyrex|brn\n|move|p2b: Elena|Encore|p1b: TrulimeroTrulicina\n|-start|p1b: TrulimeroTrulicina|Encore\n|\n|-damage|p2a: Calyrex|95/100 brn|[from] brn\n|upkeep\n|turn|3\n|\n|t:|1745981591\n|switch|p1b: KwiviKwivi Tortili|Terapagos-Terastal, L50, M|100/100\n|-terastallize|p2a: Calyrex|Dragon\n|move|p1a: Ogerpon|Ivy Cudgel|p2b: Elena|[anim] Ivy Cudgel Rock\n|-damage|p2b: Elena|42/100\n|move|p2b: Elena|Decorate|p2a: Calyrex\n|-boost|p2a: Calyrex|atk|2\n|-boost|p2a: Calyrex|spa|2\n|move|p2a: Calyrex|Trick Room|p2a: Calyrex\n|-fieldstart|move: Trick Room|[of] p2a: Calyrex\n|\n|-damage|p2a: Calyrex|89/100 brn|[from] brn\n|upkeep\n|turn|4\n|\n|t:|1745981621\n|-terastallize|p1a: Ogerpon|Rock\n|detailschange|p1a: Ogerpon|Ogerpon-Cornerstone-Tera, L50, F, tera:Rock\n|-ability|p1a: Ogerpon|Embody Aspect (Cornerstone)|boost\n|-boost|p1a: Ogerpon|def|1\n|move|p2a: Calyrex|Glacial Lance|p1b: KwiviKwivi Tortili|[spread] p1a,p1b\n|-activate|p1b: KwiviKwivi Tortili|ability: Tera Shell\n|-resisted|p1b: KwiviKwivi Tortili\n|-damage|p1a: Ogerpon|52/100\n|-damage|p1b: KwiviKwivi Tortili|82/100\n|move|p2b: Elena|Decorate|p2a: Calyrex\n|-boost|p2a: Calyrex|atk|2\n|-boost|p2a: Calyrex|spa|2\n|move|p1b: KwiviKwivi Tortili|Tera Starstorm|p2a: Calyrex\n|-damage|p2a: Calyrex|59/100 brn\n|move|p1a: Ogerpon|Ivy Cudgel|p2a: Calyrex|[anim] Ivy Cudgel Rock\n|-damage|p2a: Calyrex|5/100 brn\n|\n|-heal|p1b: KwiviKwivi Tortili|89/100|[from] item: Leftovers\n|-damage|p2a: Calyrex|0 fnt|[from] brn\n|faint|p2a: Calyrex\n|upkeep\n|\n|t:|1745981629\n|switch|p2a: FerroNalgada|Iron Hands, L50|93/100\n|turn|5\n|\n|t:|1745981664\n|move|p2a: FerroNalgada|Heavy Slam|p1a: Ogerpon\n|-supereffective|p1a: Ogerpon\n|-damage|p1a: Ogerpon|0 fnt\n|faint|p1a: Ogerpon\n|move|p2b: Elena|Decorate|p2a: FerroNalgada\n|-boost|p2a: FerroNalgada|atk|2\n|-boost|p2a: FerroNalgada|spa|2\n|move|p1b: KwiviKwivi Tortili|Tera Starstorm|p2b: Elena\n|-damage|p2b: Elena|2/100\n|\n|-heal|p1b: KwiviKwivi Tortili|95/100|[from] item: Leftovers\n|upkeep\n|\n|t:|1745981668\n|switch|p1a: TrulimeroTrulicina|Incineroar, L50, F|100/100\n|-ability|p1a: TrulimeroTrulicina|Intimidate|boost\n|-unboost|p2a: FerroNalgada|atk|1\n|-unboost|p2b: Elena|atk|1\n|turn|6\n|\n|t:|1745981681\n|move|p1a: TrulimeroTrulicina|Fake Out|p2a: FerroNalgada\n|-damage|p2a: FerroNalgada|86/100\n|cant|p2a: FerroNalgada|flinch\n|move|p2b: Elena|Decorate|p2a: FerroNalgada\n|-boost|p2a: FerroNalgada|atk|2\n|-boost|p2a: FerroNalgada|spa|2\n|move|p1b: KwiviKwivi Tortili|Tera Starstorm|p2b: Elena\n|-damage|p2b: Elena|0 fnt\n|faint|p2b: Elena\n|\n|-heal|p1b: KwiviKwivi Tortili|100/100|[from] item: Leftovers\n|upkeep\n|\n|t:|1745981684\n|switch|p2b: Chi-Yu|Chi-Yu, L50|100/100\n|-ability|p2b: Chi-Yu|Beads of Ruin\n|turn|7\n|\n|t:|1745981708\n|move|p2a: FerroNalgada|Low Kick|p1a: TrulimeroTrulicina\n|-supereffective|p1a: TrulimeroTrulicina\n|-damage|p1a: TrulimeroTrulicina|0 fnt\n|-damage|p2a: FerroNalgada|70/100|[from] item: Rocky Helmet|[of] p1a: TrulimeroTrulicina\n|faint|p1a: TrulimeroTrulicina\n|move|p1b: KwiviKwivi Tortili|Calm Mind|p1b: KwiviKwivi Tortili\n|-boost|p1b: KwiviKwivi Tortili|spa|1\n|-boost|p1b: KwiviKwivi Tortili|spd|1\n|move|p2b: Chi-Yu|Snarl|p1b: KwiviKwivi Tortili\n|-activate|p1b: KwiviKwivi Tortili|ability: Tera Shell\n|-resisted|p1b: KwiviKwivi Tortili\n|-damage|p1b: KwiviKwivi Tortili|87/100\n|-unboost|p1b: KwiviKwivi Tortili|spa|1\n|\n|-heal|p1b: KwiviKwivi Tortili|93/100|[from] item: Leftovers\n|-fieldend|move: Trick Room\n|upkeep\n|\n|t:|1745981711\n|switch|p1a: Chimpanzini|Rillaboom, L50, M, shiny|100/100\n|-fieldstart|move: Grassy Terrain|[from] ability: Grassy Surge|[of] p1a: Chimpanzini\n|turn|8\n|\n|t:|1745981728\n|move|p1a: Chimpanzini|Fake Out|p2a: FerroNalgada\n|-damage|p2a: FerroNalgada|61/100\n|move|p2b: Chi-Yu|Snarl|p1b: KwiviKwivi Tortili|[spread] p1a,p1b\n|-damage|p1a: Chimpanzini|73/100\n|-damage|p1b: KwiviKwivi Tortili|75/100\n|-unboost|p1a: Chimpanzini|spa|1\n|-unboost|p1b: KwiviKwivi Tortili|spa|1\n|move|p1b: KwiviKwivi Tortili|Calm Mind|p1b: KwiviKwivi Tortili\n|-boost|p1b: KwiviKwivi Tortili|spa|1\n|-boost|p1b: KwiviKwivi Tortili|spd|1\n|cant|p2a: FerroNalgada|flinch\n|\n|-heal|p1a: Chimpanzini|79/100|[from] Grassy Terrain\n|-heal|p1b: KwiviKwivi Tortili|82/100|[from] Grassy Terrain\n|-heal|p1b: KwiviKwivi Tortili|88/100|[from] item: Leftovers\n|-heal|p2a: FerroNalgada|67/100|[from] Grassy Terrain\n|upkeep\n|turn|9\n|\n|t:|1745981740\n|move|p2b: Chi-Yu|Snarl|p1a: Chimpanzini|[spread] p1a,p1b\n|-damage|p1a: Chimpanzini|51/100\n|-damage|p1b: KwiviKwivi Tortili|73/100\n|-unboost|p1a: Chimpanzini|spa|1\n|-unboost|p1b: KwiviKwivi Tortili|spa|1\n|move|p1a: Chimpanzini|Drum Beating|p2a: FerroNalgada\n|-damage|p2a: FerroNalgada|35/100\n|-unboost|p2a: FerroNalgada|spe|1\n|move|p1b: KwiviKwivi Tortili|Earth Power|p2a: FerroNalgada\n|-supereffective|p2a: FerroNalgada\n|-damage|p2a: FerroNalgada|11/100\n|move|p2a: FerroNalgada|Low Kick|p1a: Chimpanzini\n|-damage|p1a: Chimpanzini|0 fnt\n|faint|p1a: Chimpanzini\n|\n|-heal|p1b: KwiviKwivi Tortili|80/100|[from] Grassy Terrain\n|-heal|p1b: KwiviKwivi Tortili|86/100|[from] item: Leftovers\n|-heal|p2a: FerroNalgada|18/100|[from] Grassy Terrain\n|upkeep\n|turn|10\n|\n|t:|1745981744\n|move|p2b: Chi-Yu|Snarl|p1b: KwiviKwivi Tortili|[miss]\n|-miss|p2b: Chi-Yu|p1b: KwiviKwivi Tortili\n|move|p1b: KwiviKwivi Tortili|Earth Power|p2a: FerroNalgada\n|-supereffective|p2a: FerroNalgada\n|-damage|p2a: FerroNalgada|0 fnt\n|faint|p2a: FerroNalgada\n|-end|p2a: FerroNalgada|Quark Drive|[silent]\n|\n|-heal|p1b: KwiviKwivi Tortili|92/100|[from] Grassy Terrain\n|-heal|p1b: KwiviKwivi Tortili|98/100|[from] item: Leftovers\n|upkeep\n|turn|11\n|-message|juacox300 forfeited.\n|\n|win|TheGamingMammoth\n||TheGamingMammoth is ready for game 2.\n||juacox300 is ready for game 2.\n|uhtml|next|Next: <a href=\"/battle-gen9vgc2025regibo3-2353672506\"><strong>Game 2 of 3</strong></a>\n", "uploadtime": 1745981754, "views": 22, "formatid": "gen9vgc2025regibo3", "rating": null, "private": 0, "password": null}