{"id": "gen9vgc2025regibo3-2353861160", "format": "[Gen 9] VGC 2025 Reg I (Bo3)", "players": ["ErPrietinho", "pepe1994uchia"], "log": "|j|\u2606ErPrietinho\n|j|\u2606pepe1994uchia\n|html|<table width=\"100%\"><tr><td align=\"left\">ErPrietinho</td><td align=\"right\">pepe1994uchia</tr><tr><td align=\"left\"><i class=\"fa fa-circle-o\"></i> <i class=\"fa fa-circle-o\"></i> </td><td align=\"right\"><i class=\"fa fa-circle-o\"></i> <i class=\"fa fa-circle\"></i> </tr></table>\n|uhtml|bestof|<h2><strong>Game 2</strong> of <a href=\"/game-bestof3-gen9vgc2025regibo3-2353859397\">a best-of-3</a></h2>\n|t:|1746011694\n|gametype|doubles\n|player|p1|ErPrietinho|lucas-gen4pt|1000\n|player|p2|pepe1994uchia|n|1058\n|teamsize|p1|6\n|teamsize|p2|6\n|gen|9\n|tier|[Gen 9] VGC 2025 Reg I (Bo3)\n|rated|\n|rule|Species Clause: Limit one of each Pok\u00e9mon\n|rule|Item Clause: Limit 1 of each item\n|clearpoke\n|poke|p1|Calyrex-Ice, L50|\n|poke|p1|Urshifu-*, L50, F|\n|poke|p1|Amoonguss, L50, M|\n|poke|p1|Landorus, L50, M|\n|poke|p1|Raging Bolt, L50|\n|poke|p1|Indeedee-F, L50, F|\n|poke|p2|Koraidon, L50|\n|poke|p2|Ho-Oh, L50|\n|poke|p2|Iron Crown, L50|\n|poke|p2|Umbreon, L50, M|\n|poke|p2|Indeedee-F, L50, F|\n|poke|p2|Raging Bolt, L50|\n|teampreview|4\n|showteam|p1|Calyrex-Ice||ClearAmulet|AsOneGlastrier|GlacialLance,TrickRoom,Protect,HighHorsepower||||||50|,,,,,Water]Urshifu-Rapid-Strike||ChoiceScarf|UnseenFist|SurgingStrikes,CloseCombat,AquaJet,Uturn|||F|||50|,,,,,Water]Amoonguss||RockyHelmet|Regenerator|Spore,RagePowder,Protect,PollenPuff|||M|||50|,,,,,Water]Landorus||LifeOrb|SheerForce|SludgeBomb,EarthPower,Protect,SandsearStorm|||M|||50|,,,,,Poison]Raging Bolt||AssaultVest|Protosynthesis|Thunderclap,Thunderbolt,DracoMeteor,Protect||||||50|,,,,,Electric]Indeedee-F||PsychicSeed|PsychicSurge|FollowMe,TrickRoom,HelpingHand,Psychic|||F|||50|,,,,,Fairy\n|showteam|p2|Koraidon||ClearAmulet|OrichalcumPulse|FlareBlitz,CollisionCourse,BreakingSwipe,Protect||||||50|,,,,,Fire]Ho-Oh||RockyHelmet|Regenerator|SacredFire,BraveBird,Tailwind,Protect||||||50|,,,,,Dragon]Iron Crown||BoosterEnergy|QuarkDrive|ExpandingForce,TachyonCutter,TeraBlast,Protect||||||50|,,,,,Ground]Umbreon||SafetyGoggles|InnerFocus|FoulPlay,ThunderWave,Taunt,Yawn|||M|||50|,,,,,Water]Indeedee-F||PsychicSeed|PsychicSurge|Psychic,Imprison,FollowMe,TrickRoom|||F|||50|,,,,,Fairy]Raging Bolt||AssaultVest|Protosynthesis|DracoMeteor,Thunderbolt,Thunderclap,Electroweb||||||50|,,,,,Bug\n|inactive|Battle timer is ON: inactive players will automatically lose when time's up. (requested by pepe1994uchia)\n|inactive|ErPrietinho has 60 seconds left.\n|\n|t:|1746011763\n|start\n|switch|p1a: Calyrex|Calyrex-Ice, L50|100/100\n|switch|p1b: Amoonguss|Amoonguss, L50, M, shiny|100/100\n|switch|p2a: Umbreon|Umbreon, L50, M, shiny|100/100\n|switch|p2b: Indeedee|Indeedee-F, L50, F|100/100\n|-ability|p1a: Calyrex|As One\n|-ability|p1a: Calyrex|Unnerve\n|-fieldstart|move: Psychic Terrain|[from] ability: Psychic Surge|[of] p2b: Indeedee\n|-enditem|p2b: Indeedee|Psychic Seed\n|-boost|p2b: Indeedee|spd|1|[from] item: Psychic Seed\n|turn|1\n|\n|t:|1746011780\n|move|p1b: Amoonguss|Rage Powder|p1b: Amoonguss\n|-singleturn|p1b: Amoonguss|move: Rage Powder\n|move|p2b: Indeedee|Imprison|p2b: Indeedee\n|-start|p2b: Indeedee|move: Imprison\n|move|p2a: Umbreon|Taunt|p1b: Amoonguss\n|-start|p1b: Amoonguss|move: Taunt\n|cant|p1a: Calyrex|move: Imprison|Trick Room\n|\n|upkeep\n|turn|2\n|inactive|ErPrietinho has 30 seconds left.\n|\n|t:|1746011809\n|-terastallize|p2a: Umbreon|Water\n|move|p2b: Indeedee|Psychic|p1b: Amoonguss\n|-supereffective|p1b: Amoonguss\n|-crit|p1b: Amoonguss\n|-damage|p1b: Amoonguss|0 fnt\n|faint|p1b: Amoonguss\n|move|p2a: Umbreon|Foul Play|p1a: Calyrex\n|-supereffective|p1a: Calyrex\n|-damage|p1a: Calyrex|18/100\n|move|p1a: Calyrex|Glacial Lance|p2b: Indeedee|[spread] p2a,p2b\n|-resisted|p2a: Umbreon\n|-damage|p2a: Umbreon|80/100\n|-damage|p2b: Indeedee|44/100\n|\n|upkeep\n|\n|t:|1746011831\n|switch|p1b: Landorus|Landorus, L50, M, shiny|100/100\n|turn|3\n|\n|t:|1746011840\n|move|p1a: Calyrex|Protect|p1a: Calyrex\n|-singleturn|p1a: Calyrex|Protect\n|move|p1b: Landorus|Sandsear Storm|p2b: Indeedee|[spread] p2b\n|-miss|p1b: Landorus|p2a: Umbreon\n|-damage|p2b: Indeedee|0 fnt\n|faint|p2b: Indeedee\n|move|p2a: Umbreon|Foul Play|p1a: Calyrex\n|-activate|p1a: Calyrex|move: Protect\n|\n|upkeep\n|\n|t:|1746011854\n|switch|p2b: Ho-Oh|Ho-Oh, L50|100/100\n|turn|4\n|\n|t:|1746011870\n|move|p1b: Landorus|Sandsear Storm|p2a: Umbreon|[spread] p2a\n|-immune|p2b: Ho-Oh\n|-damage|p2a: Umbreon|35/100\n|move|p2b: Ho-Oh|Sacred Fire|p1b: Landorus\n|-damage|p1b: Landorus|29/100\n|move|p2a: Umbreon|Foul Play|p1a: Calyrex\n|-supereffective|p1a: Calyrex\n|-damage|p1a: Calyrex|0 fnt\n|faint|p1a: Calyrex\n|\n|upkeep\n|\n|t:|1746011878\n|switch|p1a: Indeedee|Indeedee-F, L50, F, shiny|100/100\n|-enditem|p1a: Indeedee|Psychic Seed\n|-boost|p1a: Indeedee|spd|1|[from] item: Psychic Seed\n|turn|5\n|\n|t:|1746011890\n|move|p1a: Indeedee|Follow Me|p1a: Indeedee\n|-singleturn|p1a: Indeedee|move: Follow Me\n|move|p1b: Landorus|Sludge Bomb|p2b: Ho-Oh\n|-damage|p2b: Ho-Oh|69/100\n|move|p2b: Ho-Oh|Sacred Fire|p1a: Indeedee\n|-damage|p1a: Indeedee|50/100\n|-status|p1a: Indeedee|brn\n|move|p2a: Umbreon|Taunt|p1a: Indeedee\n|-start|p1a: Indeedee|move: Taunt\n|\n|-damage|p1a: Indeedee|43/100 brn|[from] brn\n|-fieldend|move: Psychic Terrain\n|upkeep\n|turn|6\n|\n|t:|1746011911\n|move|p1b: Landorus|Protect|p1b: Landorus\n|-singleturn|p1b: Landorus|Protect\n|move|p2b: Ho-Oh|Sacred Fire|p1b: Landorus\n|-activate|p1b: Landorus|move: Protect\n|move|p1a: Indeedee|Psychic|p2a: Umbreon\n|-damage|p2a: Umbreon|16/100\n|move|p2a: Umbreon|Foul Play|p1a: Indeedee\n|-supereffective|p1a: Indeedee\n|-damage|p1a: Indeedee|16/100 brn\n|\n|-damage|p1a: Indeedee|10/100 brn|[from] brn\n|upkeep\n|turn|7\n|\n|t:|1746011935\n|-terastallize|p1b: Landorus|Poison\n|move|p1b: Landorus|Sandsear Storm|p2a: Umbreon|[spread] p2a\n|-immune|p2b: Ho-Oh\n|-damage|p2a: Umbreon|0 fnt\n|faint|p2a: Umbreon\n|move|p2b: Ho-Oh|Sacred Fire|p1b: Landorus\n|-damage|p1b: Landorus|0 fnt\n|faint|p1b: Landorus\n|move|p1a: Indeedee|Psychic|p2b: Ho-Oh\n|-damage|p2b: Ho-Oh|48/100\n|\n|-damage|p1a: Indeedee|4/100 brn|[from] brn\n|upkeep\n|\n|t:|1746011948\n|switch|p2a: Iron Crown|Iron Crown, L50|100/100\n|-enditem|p2a: Iron Crown|Booster Energy\n|-activate|p2a: Iron Crown|ability: Quark Drive|[fromitem]\n|-start|p2a: Iron Crown|quarkdrivespa\n|turn|8\n|\n|t:|1746011952\n|move|p2a: Iron Crown|Tachyon Cutter|p1a: Indeedee\n|-crit|p1a: Indeedee\n|-damage|p1a: Indeedee|0 fnt\n|faint|p1a: Indeedee\n|-hitcount|p1: Indeedee|1\n|\n|win|pepe1994uchia\n|raw|ErPrietinho's rating: 1000 &rarr; <strong>1000</strong><br />(+0 for losing)\n|raw|pepe1994uchia's rating: 1058 &rarr; <strong>1084</strong><br />(+26 for winning)\n", "uploadtime": 1746011956, "views": 7, "formatid": "gen9vgc2025regibo3", "rating": 1000, "private": 0, "password": null}