{"id": "gen9vgc2025regibo3-2354617260", "format": "[Gen 9] VGC 2025 Reg I (Bo3)", "players": ["Totalstorm", "JimmyGhione69"], "log": "|j|\u2606Totalstorm\n|j|\u2606JimmyGhione69\n|html|<table width=\"100%\"><tr><td align=\"left\">Totalstorm</td><td align=\"right\">JimmyGhione69</tr><tr><td align=\"left\"><i class=\"fa fa-circle-o\"></i> <i class=\"fa fa-circle-o\"></i> </td><td align=\"right\"><i class=\"fa fa-circle-o\"></i> <i class=\"fa fa-circle-o\"></i> </tr></table>\n|uhtml|bestof|<h2><strong>Game 1</strong> of <a href=\"/game-bestof3-gen9vgc2025regibo3-2354617256\">a best-of-3</a></h2>\n|t:|1746103379\n|gametype|doubles\n|player|p1|Totalstorm|265|1198\n|player|p2|JimmyGhione69|birdkeeper-gen4dp|1267\n|teamsize|p1|6\n|teamsize|p2|6\n|gen|9\n|tier|[Gen 9] VGC 2025 Reg I (Bo3)\n|rated|\n|rule|Species Clause: Limit one of each Pok\u00e9mon\n|rule|Item Clause: Limit 1 of each item\n|clearpoke\n|poke|p1|Calyrex-Shadow, L50|\n|poke|p1|Chi-Yu, L50|\n|poke|p1|Miraidon, L50|\n|poke|p1|Whimsicott, L50, F|\n|poke|p1|Incineroar, L50, F|\n|poke|p1|Ninetales-Alola, L50, F|\n|poke|p2|Kyogre, L50|\n|poke|p2|Zacian-*, L50|\n|poke|p2|Urshifu-*, L50, M|\n|poke|p2|Chien-Pao, L50|\n|poke|p2|Amoonguss, L50, F|\n|poke|p2|Tornadus, L50, M|\n|teampreview|4\n|showteam|p1|Calyrex-Shadow||LifeOrb|AsOneSpectrier|Protect,AstralBarrage,Psychic,TeraBlast||||||50|,,,,,Fighting]Chi-Yu||ChoiceScarf|BeadsofRuin|HeatWave,DarkPulse,Psychic,Ruination||||||50|,,,,,Ghost]Miraidon||ChoiceSpecs|HadronEngine|VoltSwitch,ElectroDrift,DracoMeteor,DazzlingGleam||||||50|,,,,,Fairy]Whimsicott||CovertCloak|Prankster|Moonblast,Tailwind,Encore,FakeTears|||F|||50|,,,,,Steel]Incineroar||RockyHelmet|Intimidate|Protect,KnockOff,FakeOut,PartingShot|||F|||50|,,,,,Flying]Ninetales-Alola||LightClay|SnowWarning|Protect,AuroraVeil,IcyWind,HelpingHand|||F|||50|,,,,,Ice\n|showteam|p2|Kyogre||MysticWater|Drizzle|WaterSpout,OriginPulse,IceBeam,Protect||||||50|,,,,,Grass]Zacian-Crowned||RustedSword|IntrepidSword|behemothblade,PlayRough,SacredSword,Protect||||||50|,,,,,Fairy]Urshifu-Rapid-Strike||ChoiceScarf|UnseenFist|SurgingStrikes,AquaJet,CloseCombat,Uturn|||M|||50|,,,,,Ghost]Chien-Pao||FocusSash|SwordofRuin|IceSpinner,SuckerPunch,SacredSword,Protect||||||50|,,,,,Ghost]Amoonguss||RockyHelmet|Regenerator|SludgeBomb,Spore,RagePowder,Protect|||F|||50|,,,,,Water]Tornadus||CovertCloak|Prankster|BleakwindStorm,Tailwind,RainDance,Taunt|||M|||50|,,,,,Dark\n|inactive|Battle timer is ON: inactive players will automatically lose when time's up. (requested by JimmyGhione69)\n|inactive|Totalstorm has 60 seconds left.\n|\n|t:|1746103442\n|start\n|switch|p1a: Miraidon|Miraidon, L50|100/100\n|switch|p1b: Whimsicott|Whimsicott, L50, F|100/100\n|switch|p2a: Chien-Pao|Chien-Pao, L50|100/100\n|switch|p2b: Tornadus|Tornadus, L50, M|100/100\n|-fieldstart|move: Electric Terrain|[from] ability: Hadron Engine|[of] p1a: Miraidon\n|-ability|p2a: Chien-Pao|Sword of Ruin\n|turn|1\n|\n|t:|1746103470\n|switch|p1a: Incineroar|Incineroar, L50, F|100/100\n|-ability|p1a: Incineroar|Intimidate|boost\n|-unboost|p2a: Chien-Pao|atk|1\n|-unboost|p2b: Tornadus|atk|1\n|move|p2b: Tornadus|Tailwind|p2b: Tornadus\n|-sidestart|p2: JimmyGhione69|move: Tailwind\n|move|p2a: Chien-Pao|Ice Spinner|p1a: Incineroar\n|-resisted|p1a: Incineroar\n|-damage|p1a: Incineroar|87/100\n|-damage|p2a: Chien-Pao|84/100|[from] item: Rocky Helmet|[of] p1a: Incineroar\n|-fieldend|move: Electric Terrain\n|move|p1b: Whimsicott|Moonblast|p2a: Chien-Pao\n|-supereffective|p2a: Chien-Pao\n|-damage|p2a: Chien-Pao|0 fnt\n|faint|p2a: Chien-Pao\n|\n|upkeep\n|\n|t:|1746103473\n|switch|p2a: Kyogre|Kyogre, L50|100/100\n|-weather|RainDance|[from] ability: Drizzle|[of] p2a: Kyogre\n|turn|2\n|inactive|Totalstorm has 30 seconds left.\n|inactive|Totalstorm has 20 seconds left.\n|inactive|Totalstorm has 15 seconds left.\n|\n|t:|1746103516\n|switch|p1b: Miraidon|Miraidon, L50|100/100\n|-fieldstart|move: Electric Terrain|[from] ability: Hadron Engine|[of] p1b: Miraidon\n|move|p1a: Incineroar|Fake Out|p2a: Kyogre\n|-damage|p2a: Kyogre|89/100\n|move|p2b: Tornadus|Taunt|p1b: Miraidon\n|-start|p1b: Miraidon|move: Taunt\n|cant|p2a: Kyogre|flinch\n|\n|-weather|RainDance|[upkeep]\n|upkeep\n|turn|3\n|inactive|Totalstorm has 30 seconds left.\n|inactive|Totalstorm has 20 seconds left.\n|\n|t:|1746103554\n|-terastallize|p2a: Kyogre|Grass\n|-terastallize|p1a: Incineroar|Flying\n|move|p2b: Tornadus|Bleakwind Storm|p1b: Miraidon|[spread] p1a,p1b\n|-resisted|p1b: Miraidon\n|-damage|p1a: Incineroar|56/100\n|-damage|p1b: Miraidon|86/100\n|move|p2a: Kyogre|Water Spout|p1a: Incineroar|[spread] p1a,p1b\n|-resisted|p1b: Miraidon\n|-damage|p1a: Incineroar|0 fnt\n|-damage|p1b: Miraidon|37/100\n|faint|p1a: Incineroar\n|move|p1b: Miraidon|Electro Drift|p2a: Kyogre\n|-resisted|p2a: Kyogre\n|-damage|p2a: Kyogre|39/100\n|\n|-weather|RainDance|[upkeep]\n|upkeep\n|\n|t:|1746103568\n|switch|p1a: Whimsicott|Whimsicott, L50, F|100/100\n|turn|4\n|\n|t:|1746103584\n|move|p2b: Tornadus|Taunt|p1a: Whimsicott\n|-start|p1a: Whimsicott|move: Taunt\n|cant|p1a: Whimsicott|move: Taunt|Tailwind\n|move|p2a: Kyogre|Ice Beam|p1b: Miraidon\n|-supereffective|p1b: Miraidon\n|-damage|p1b: Miraidon|0 fnt\n|faint|p1b: Miraidon\n|\n|-weather|RainDance|[upkeep]\n|-sideend|p2: JimmyGhione69|move: Tailwind\n|upkeep\n|\n|t:|1746103593\n|switch|p1b: Calyrex|Calyrex-Shadow, L50|100/100\n|-ability|p1b: Calyrex|As One\n|-ability|p1b: Calyrex|Unnerve\n|turn|5\n|\n|t:|1746103609\n|move|p2a: Kyogre|Protect|p2a: Kyogre\n|-singleturn|p2a: Kyogre|Protect\n|move|p2b: Tornadus|Tailwind|p2b: Tornadus\n|-sidestart|p2: JimmyGhione69|move: Tailwind\n|move|p1b: Calyrex|Astral Barrage|p2b: Tornadus|[spread] p2b\n|-activate|p2a: Kyogre|move: Protect\n|-damage|p2b: Tornadus|10/100\n|-damage|p1b: Calyrex|91/100|[from] item: Life Orb\n|move|p1a: Whimsicott|Moonblast|p2a: Kyogre\n|-activate|p2a: Kyogre|move: Protect\n|\n|-weather|RainDance|[upkeep]\n|upkeep\n|turn|6\n|\n|t:|1746103628\n|move|p2b: Tornadus|Bleakwind Storm|p1a: Whimsicott|[spread] p1a,p1b\n|-supereffective|p1a: Whimsicott\n|-damage|p1a: Whimsicott|12/100\n|-damage|p1b: Calyrex|54/100\n|move|p2a: Kyogre|Origin Pulse|p1a: Whimsicott|[spread] p1b\n|-miss|p2a: Kyogre|p1a: Whimsicott\n|-damage|p1b: Calyrex|0 fnt\n|faint|p1b: Calyrex\n|move|p1a: Whimsicott|Moonblast|p2a: Kyogre\n|-damage|p2a: Kyogre|19/100\n|\n|-weather|none\n|-end|p1a: Whimsicott|move: Taunt\n|-fieldend|move: Electric Terrain\n|upkeep\n|turn|7\n|-message|Totalstorm forfeited.\n|\n|win|JimmyGhione69\n||Totalstorm is ready for game 2.\n||JimmyGhione69 is ready for game 2.\n|uhtml|next|Next: <a href=\"/battle-gen9vgc2025regibo3-2354619390\"><strong>Game 2 of 3</strong></a>\n", "uploadtime": 1746103976, "views": 7, "formatid": "gen9vgc2025regibo3", "rating": null, "private": 0, "password": null}