{"id": "gen9vgc2025regibo3-2353908307", "format": "[Gen 9] VGC 2025 Reg I (Bo3)", "players": ["G00bermeister69420", "enguunpvp"], "log": "|j|\u2606G00bermeister69420\n|j|\u203denguunpvp\n|html|<table width=\"100%\"><tr><td align=\"left\">G00bermeister69420</td><td align=\"right\">enguunpvp</tr><tr><td align=\"left\"><i class=\"fa fa-circle-o\"></i> <i class=\"fa fa-circle-o\"></i> </td><td align=\"right\"><i class=\"fa fa-circle-o\"></i> <i class=\"fa fa-circle-o\"></i> </tr></table>\n|uhtml|bestof|<h2><strong>Game 1</strong> of <a href=\"/game-bestof3-gen9vgc2025regibo3-2353908306\">a best-of-3</a></h2>\n|t:|1746017652\n|gametype|doubles\n|player|p1|G00bermeister69420|hiker-gen4|1059\n|player|p2|enguunpvp|steven|1054\n|teamsize|p1|6\n|teamsize|p2|6\n|gen|9\n|tier|[Gen 9] VGC 2025 Reg I (Bo3)\n|rated|\n|rule|Species Clause: Limit one of each Pok\u00e9mon\n|rule|Item Clause: Limit 1 of each item\n|clearpoke\n|poke|p1|Regidrago, L50|\n|poke|p1|Zacian-*, L50|\n|poke|p1|Calyrex-Ice, L50|\n|poke|p1|Ogerpon-Cornerstone, L50, F|\n|poke|p1|Chandelure, L50, M|\n|poke|p1|Ursaluna, L50, F|\n|poke|p2|Zacian-*, L50|\n|poke|p2|Kyogre, L50|\n|poke|p2|Rillaboom, L50, F|\n|poke|p2|Annihilape, L50, M|\n|poke|p2|Tornadus, L50, M|\n|poke|p2|Kingdra, L50, F|\n|teampreview|4\n|showteam|p1|Regidrago||IronBall|DragonsMaw|DragonEnergy,EarthPower,DragonPulse,Protect||||||50|,,,,,Dragon]Zacian-Crowned||RustedSword|IntrepidSword|behemothblade,PlayRough,SacredSword,Protect||||||50|,,,,,Fighting]Calyrex-Ice||PowerLens|AsOneGlastrier|GlacialLance,HealPulse,CloseCombat,TrickRoom||||||50|,,,,,Water]Ogerpon-Cornerstone||CornerstoneMask|Sturdy|SpikyShield,Taunt,FollowMe,IvyCudgel|||F|||50|,,,,,Rock]Chandelure||FocusSash|Infiltrator|TrickRoom,Flamethrower,ShadowBall,Haze|||M|||50|,,,,,Fire]Ursaluna||FlameOrb|Guts|Facade,BrickBreak,Protect,HeadlongRush|||F|||50|,,,,,Fighting\n|showteam|p2|Zacian-Crowned||RustedSword|IntrepidSword|CloseCombat,PlayRough,behemothblade,Protect||||||50|,,,,,Fighting]Kyogre||Leftovers|Drizzle|Protect,OriginPulse,IceBeam,Thunder||||||50|,,,,,Water]Rillaboom||AssaultVest|GrassySurge|GrassyGlide,Uturn,KnockOff,FakeOut|||F|||50|,,,,,Grass]Annihilape||ChoiceScarf|Defiant|FinalGambit,CloseCombat,RageFist,DrainPunch|||M|||50|,,,,,Fighting]Tornadus||CovertCloak|Prankster|RainDance,Tailwind,BleakwindStorm,DarkPulse|||M|||50|,,,,,Flying]Kingdra||ChoiceSpecs|SwiftSwim|DracoMeteor,HydroPump,IceBeam,MuddyWater|||F|||50|,,,,,Water\n|inactive|Battle timer is ON: inactive players will automatically lose when time's up. (requested by enguunpvp)\n|inactive|G00bermeister69420 has 60 seconds left.\n|\n|t:|1746017691\n|start\n|switch|p1a: Timmy|Ogerpon-Cornerstone, L50, F|100/100\n|switch|p1b: We are the pub|Calyrex-Ice, L50|100/100\n|switch|p2a: Kyogre|Kyogre, L50|100/100\n|switch|p2b: Tornadus|Tornadus, L50, M|100/100\n|-ability|p1b: We are the pub|As One\n|-ability|p1b: We are the pub|Unnerve\n|-weather|RainDance|[from] ability: Drizzle|[of] p2a: Kyogre\n|turn|1\n|\n|t:|1746017708\n|move|p1a: Timmy|Follow Me|p1a: Timmy\n|-singleturn|p1a: Timmy|move: Follow Me\n|move|p2b: Tornadus|Tailwind|p2b: Tornadus\n|-sidestart|p2: enguunpvp|move: Tailwind\n|move|p2a: Kyogre|Origin Pulse|p1a: Timmy|[spread] p1a,p1b\n|-crit|p1a: Timmy\n|-ability|p1a: Timmy|Sturdy\n|-damage|p1a: Timmy|1/100\n|-damage|p1b: We are the pub|42/100\n|move|p1b: We are the pub|Trick Room|p1b: We are the pub\n|-fieldstart|move: Trick Room|[of] p1b: We are the pub\n|\n|-weather|RainDance|[upkeep]\n|upkeep\n|turn|2\n|\n|t:|1746017725\n|move|p1a: Timmy|Follow Me|p1a: Timmy\n|-singleturn|p1a: Timmy|move: Follow Me\n|move|p1b: We are the pub|Glacial Lance|p2a: Kyogre|[spread] p2a,p2b\n|-resisted|p2a: Kyogre\n|-supereffective|p2b: Tornadus\n|-damage|p2a: Kyogre|70/100\n|-damage|p2b: Tornadus|0 fnt\n|faint|p2b: Tornadus\n|-ability|p1b: We are the pub|Chilling Neigh|boost\n|-boost|p1b: We are the pub|atk|1\n|move|p2a: Kyogre|Origin Pulse|p1a: Timmy|[spread] p1b\n|-miss|p2a: Kyogre|p1a: Timmy\n|-damage|p1b: We are the pub|0 fnt\n|faint|p1b: We are the pub\n|\n|-weather|RainDance|[upkeep]\n|-heal|p2a: Kyogre|75/100|[from] item: Leftovers\n|upkeep\n|inactive|enguunpvp has 30 seconds left.\n|\n|t:|1746017750\n|switch|p1b: Ginshakaklook|Regidrago, L50|100/100\n|switch|p2b: Zacian|Zacian-Crowned, L50, shiny|100/100\n|-ability|p2b: Zacian|Intrepid Sword|boost\n|-boost|p2b: Zacian|atk|1\n|turn|3\n|\n|t:|1746017768\n|move|p1b: Ginshakaklook|Protect|p1b: Ginshakaklook\n|-singleturn|p1b: Ginshakaklook|Protect\n|move|p1a: Timmy|Follow Me|p1a: Timmy\n|-singleturn|p1a: Timmy|move: Follow Me\n|move|p2a: Kyogre|Origin Pulse|p1a: Timmy|[spread] p1a\n|-activate|p1b: Ginshakaklook|move: Protect\n|-damage|p1a: Timmy|0 fnt\n|faint|p1a: Timmy\n|move|p2b: Zacian|Play Rough|p1b: Ginshakaklook\n|-activate|p1b: Ginshakaklook|move: Protect\n|\n|-weather|RainDance|[upkeep]\n|-heal|p2a: Kyogre|81/100|[from] item: Leftovers\n|upkeep\n|\n|t:|1746017770\n|switch|p1a: Chandelure|Chandelure, L50, M|100/100\n|turn|4\n|inactive|G00bermeister69420 has 30 seconds left.\n|\n|t:|1746017796\n|-terastallize|p1a: Chandelure|Fire\n|move|p1b: Ginshakaklook|Earth Power|p2b: Zacian\n|-supereffective|p2b: Zacian\n|-damage|p2b: Zacian|44/100\n|move|p1a: Chandelure|Flamethrower|p2b: Zacian\n|-supereffective|p2b: Zacian\n|-damage|p2b: Zacian|0 fnt\n|faint|p2b: Zacian\n|move|p2a: Kyogre|Origin Pulse|p1b: Ginshakaklook|[spread] p1a,p1b\n|-supereffective|p1a: Chandelure\n|-resisted|p1b: Ginshakaklook\n|-enditem|p1a: Chandelure|Focus Sash\n|-damage|p1a: Chandelure|1/100\n|-damage|p1b: Ginshakaklook|63/100\n|\n|-weather|RainDance|[upkeep]\n|-heal|p2a: Kyogre|87/100|[from] item: Leftovers\n|-sideend|p2: enguunpvp|move: Tailwind\n|upkeep\n|\n|t:|1746017810\n|switch|p2b: Kingdra|Kingdra, L50, F|100/100\n|turn|5\n|\n|t:|1746017817\n|move|p1b: Ginshakaklook|Dragon Energy|p2a: Kyogre|[spread] p2a,p2b\n|-supereffective|p2b: Kingdra\n|-damage|p2a: Kyogre|56/100\n|-damage|p2b: Kingdra|0 fnt\n|faint|p2b: Kingdra\n|move|p1a: Chandelure|Shadow Ball|p2a: Kyogre\n|-damage|p2a: Kyogre|26/100\n|-unboost|p2a: Kyogre|spd|1\n|move|p2a: Kyogre|Origin Pulse|p1a: Chandelure|[spread] p1a,p1b\n|-supereffective|p1a: Chandelure\n|-resisted|p1b: Ginshakaklook\n|-damage|p1a: Chandelure|0 fnt\n|-damage|p1b: Ginshakaklook|23/100\n|faint|p1a: Chandelure\n|\n|-weather|none\n|-heal|p2a: Kyogre|31/100|[from] item: Leftovers\n|-fieldend|move: Trick Room\n|upkeep\n|turn|6\n|\n|t:|1746017833\n|move|p2a: Kyogre|Ice Beam|p1b: Ginshakaklook\n|-supereffective|p1b: Ginshakaklook\n|-damage|p1b: Ginshakaklook|0 fnt\n|faint|p1b: Ginshakaklook\n|\n|win|enguunpvp\n||enguunpvp is ready for game 2.\n||G00bermeister69420 is ready for game 2.\n|uhtml|next|Next: <a href=\"/battle-gen9vgc2025regibo3-2353910026\"><strong>Game 2 of 3</strong></a>\n|l|\u203denguunpvp\n|player|p2|\n", "uploadtime": 1746018086, "views": 6, "formatid": "gen9vgc2025regibo3", "rating": null, "private": 0, "password": null}