{"id": "gen9vgc2025regibo3-2353718946", "format": "[Gen 9] VGC 2025 Reg I (Bo3)", "players": ["Spirit tomb2207", "navigating iii"], "log": "|j|\u2606Spirit tomb2207\n|j|\u2606navigating iii\n|html|<table width=\"100%\"><tr><td align=\"left\">Spirit tomb2207</td><td align=\"right\">navigating iii</tr><tr><td align=\"left\"><i class=\"fa fa-circle-o\"></i> <i class=\"fa fa-circle-o\"></i> </td><td align=\"right\"><i class=\"fa fa-circle-o\"></i> <i class=\"fa fa-circle\"></i> </tr></table>\n|uhtml|bestof|<h2><strong>Game 2</strong> of <a href=\"/game-bestof3-gen9vgc2025regibo3-2353718172\">a best-of-3</a></h2>\n|t:|1745988219\n|gametype|doubles\n|player|p1|Spirit tomb2207|cynthia-gen4|1211\n|player|p2|navigating iii|n|1254\n|teamsize|p1|6\n|teamsize|p2|6\n|gen|9\n|tier|[Gen 9] VGC 2025 Reg I (Bo3)\n|rated|\n|rule|Species Clause: Limit one of each Pok\u00e9mon\n|rule|Item Clause: Limit 1 of each item\n|clearpoke\n|poke|p1|Calyrex-Ice, L50|\n|poke|p1|Ursaluna, L50, M|\n|poke|p1|Miraidon, L50|\n|poke|p1|Incineroar, L50, M|\n|poke|p1|Whimsicott, L50, M|\n|poke|p1|Volcarona, L50, M|\n|poke|p2|Calyrex-Shadow, L50|\n|poke|p2|Zamazenta-*, L50|\n|poke|p2|Clefairy, L50, F|\n|poke|p2|Tornadus, L50, M|\n|poke|p2|Urshifu-*, L50, M|\n|poke|p2|Rillaboom, L50, M|\n|teampreview|4\n|showteam|p1|Calyrex-Ice||ClearAmulet|AsOneGlastrier|TrickRoom,GlacialLance,Protect,HighHorsepower||||||50|,,,,,Flying]Ursaluna||FlameOrb|Guts|Earthquake,HeadlongRush,Facade,Protect|||M|||50|,,,,,Ghost]Miraidon||LifeOrb|HadronEngine|ElectroDrift,DracoMeteor,VoltSwitch,Protect||||||50|,,,,,Fairy]Incineroar||SafetyGoggles|Intimidate|FlareBlitz,KnockOff,FakeOut,PartingShot|||M|||50|,,,,,Ghost]Whimsicott||CovertCloak|Prankster|DazzlingGleam,Tailwind,SunnyDay,LightScreen|||M|||50|,,,,,Dark]Volcarona||ElectricSeed|FlameBody|RagePowder,FieryDance,Protect,Uturn|||M|||50|,,,,,Water\n|showteam|p2|Calyrex-Shadow||SafetyGoggles|AsOneSpectrier|AstralBarrage,DrainingKiss,NastyPlot,Protect||||||50|,,,,,Fairy]Zamazenta-Crowned||RustedShield|DauntlessShield|BodyPress,HeavySlam,WideGuard,Protect||||||50|,,,,,Grass]Clefairy||Eviolite|FriendGuard|FollowMe,HealPulse,HelpingHand,Protect|||F|||50|,,,,,Grass]Tornadus||CovertCloak|Prankster|BleakwindStorm,Tailwind,RainDance,Taunt|||M|||50|,,,,,Steel]Urshifu-Rapid-Strike||FocusSash|UnseenFist|SurgingStrikes,CloseCombat,AquaJet,Protect|||M|||50|,,,,,Stellar]Rillaboom||AssaultVest|GrassySurge|GrassyGlide,WoodHammer,Uturn,FakeOut|||M|||50|,,,,,Fire\n|inactive|Battle timer is ON: inactive players will automatically lose when time's up. (requested by navigating iii)\n|\n|t:|1745988244\n|start\n|switch|p1a: Calyrex|Calyrex-Ice, L50|100/100\n|switch|p1b: Incineroar|Incineroar, L50, M|100/100\n|switch|p2a: Calyrex|Calyrex-Shadow, L50|100/100\n|switch|p2b: Rillaboom|Rillaboom, L50, M|100/100\n|-ability|p2a: Calyrex|As One\n|-ability|p2a: Calyrex|Unnerve\n|-ability|p1a: Calyrex|As One\n|-ability|p1a: Calyrex|Unnerve\n|-fieldstart|move: Grassy Terrain|[from] ability: Grassy Surge|[of] p2b: Rillaboom\n|-ability|p1b: Incineroar|Intimidate|boost\n|-unboost|p2a: Calyrex|atk|1\n|-unboost|p2b: Rillaboom|atk|1\n|turn|1\n|\n|t:|1745988265\n|-terastallize|p2a: Calyrex|Fairy\n|move|p2b: Rillaboom|Fake Out|p1b: Incineroar\n|-damage|p1b: Incineroar|92/100\n|cant|p1b: Incineroar|flinch\n|move|p2a: Calyrex|Nasty Plot|p2a: Calyrex\n|-boost|p2a: Calyrex|spa|2\n|move|p1a: Calyrex|Glacial Lance|p2b: Rillaboom|[spread] p2a,p2b\n|-supereffective|p2b: Rillaboom\n|-damage|p2a: Calyrex|39/100\n|-damage|p2b: Rillaboom|0 fnt\n|faint|p2b: Rillaboom\n|-ability|p1a: Calyrex|Chilling Neigh|boost\n|-boost|p1a: Calyrex|atk|1\n|\n|-heal|p2a: Calyrex|45/100|[from] Grassy Terrain\n|-heal|p1b: Incineroar|98/100|[from] Grassy Terrain\n|upkeep\n|\n|t:|1745988270\n|switch|p2b: Clefairy|Clefairy, L50, F|100/100\n|turn|2\n|inactive|Spirit tomb2207 has 30 seconds left.\n|inactive|Spirit tomb2207 has 20 seconds left.\n|inactive|Spirit tomb2207 has 15 seconds left.\n|\n|t:|1745988310\n|-terastallize|p1a: Calyrex|Flying\n|move|p2b: Clefairy|Helping Hand|p2a: Calyrex\n|-singleturn|p2a: Calyrex|Helping Hand|[of] p2b: Clefairy\n|move|p2a: Calyrex|Astral Barrage|p1a: Calyrex|[spread] p1a,p1b\n|-resisted|p1b: Incineroar\n|-damage|p1a: Calyrex|0 fnt\n|-damage|p1b: Incineroar|31/100\n|faint|p1a: Calyrex\n|-ability|p2a: Calyrex|Grim Neigh|boost\n|-boost|p2a: Calyrex|spa|1\n|move|p1b: Incineroar|Flare Blitz|p2a: Calyrex\n|-damage|p2a: Calyrex|0 fnt\n|faint|p2a: Calyrex\n|-damage|p1b: Incineroar|15/100|[from] Recoil\n|\n|-heal|p1b: Incineroar|21/100|[from] Grassy Terrain\n|upkeep\n|inactive|Spirit tomb2207 has 30 seconds left.\n|\n|t:|1745988338\n|switch|p2a: Zamazenta|Zamazenta-Crowned, L50, shiny|100/100\n|switch|p1a: Miraidon|Miraidon, L50|100/100\n|-fieldstart|move: Electric Terrain|[from] ability: Hadron Engine|[of] p1a: Miraidon\n|-ability|p2a: Zamazenta|Dauntless Shield|boost\n|-boost|p2a: Zamazenta|def|1\n|turn|3\n|inactive|Spirit tomb2207 has 30 seconds left.\n|\n|t:|1745988363\n|switch|p1b: Ursaluna|Ursaluna, L50, M|100/100\n|move|p1a: Miraidon|Protect|p1a: Miraidon\n|-singleturn|p1a: Miraidon|Protect\n|move|p2a: Zamazenta|Body Press|p1a: Miraidon\n|-activate|p1a: Miraidon|move: Protect\n|move|p2b: Clefairy|Heal Pulse|p2a: Zamazenta\n|-fail|p2a: Zamazenta|heal\n|\n|-status|p1b: Ursaluna|brn|[from] item: Flame Orb\n|upkeep\n|turn|4\n|inactive|Spirit tomb2207 has 30 seconds left.\n|inactive|Spirit tomb2207 has 20 seconds left.\n|inactive|Spirit tomb2207 has 15 seconds left.\n|\n|t:|1745988408\n|move|p2b: Clefairy|Helping Hand|p2a: Zamazenta\n|-singleturn|p2a: Zamazenta|Helping Hand|[of] p2b: Clefairy\n|move|p1b: Ursaluna|Protect|p1b: Ursaluna\n|-singleturn|p1b: Ursaluna|Protect\n|move|p1a: Miraidon|Volt Switch|p2b: Clefairy\n|-damage|p2b: Clefairy|33/100\n|-damage|p1a: Miraidon|91/100|[from] item: Life Orb\n|\n|t:|1745988417\n|switch|p1a: Incineroar|Incineroar, L50, M|21/100|[from] Volt Switch\n|-ability|p1a: Incineroar|Intimidate|boost\n|-unboost|p2a: Zamazenta|atk|1\n|-unboost|p2b: Clefairy|atk|1\n|move|p2a: Zamazenta|Body Press|p1b: Ursaluna\n|-activate|p1b: Ursaluna|move: Protect\n|\n|-damage|p1b: Ursaluna|95/100 brn|[from] brn\n|upkeep\n|turn|5\n|\n|t:|1745988432\n|switch|p1b: Miraidon|Miraidon, L50|91/100\n|-activate|p1b: Miraidon|ability: Hadron Engine\n|move|p2b: Clefairy|Protect|p2b: Clefairy\n|-singleturn|p2b: Clefairy|Protect\n|move|p1a: Incineroar|Fake Out|p2a: Zamazenta\n|-resisted|p2a: Zamazenta\n|-damage|p2a: Zamazenta|98/100\n|cant|p2a: Zamazenta|flinch\n|\n|upkeep\n|turn|6\n|inactive|Spirit tomb2207 has 30 seconds left.\n|\n|t:|1745988463\n|move|p2b: Clefairy|Helping Hand|p2a: Zamazenta\n|-singleturn|p2a: Zamazenta|Helping Hand|[of] p2b: Clefairy\n|move|p1b: Miraidon|Volt Switch|p2b: Clefairy\n|-crit|p2b: Clefairy\n|-damage|p2b: Clefairy|0 fnt\n|faint|p2b: Clefairy\n|-damage|p1b: Miraidon|81/100|[from] item: Life Orb\n|-message|navigating iii forfeited.\n|\n|win|Spirit tomb2207\n|l|\u2606navigating iii\n|player|p2|\n||navigating iii is ready for game 3.\n||Spirit tomb2207 is ready for game 3.\n|uhtml|next|Next: <a href=\"/battle-gen9vgc2025regibo3-2353720522\"><strong>Game 3 of 3</strong></a>\n", "uploadtime": 1745988807, "views": 7, "formatid": "gen9vgc2025regibo3", "rating": null, "private": 0, "password": null}