{"id": "gen9vgc2025regibo3-2353751884", "format": "[Gen 9] VGC 2025 Reg I (Bo3)", "players": ["Adrinhoo", "Paris gurll"], "log": "|j|\u2606Adrinhoo\n|j|\u2606Paris gurll\n|html|<table width=\"100%\"><tr><td align=\"left\">Adrinhoo</td><td align=\"right\">Paris gurll</tr><tr><td align=\"left\"><i class=\"fa fa-circle-o\"></i> <i class=\"fa fa-circle-o\"></i> </td><td align=\"right\"><i class=\"fa fa-circle-o\"></i> <i class=\"fa fa-circle\"></i> </tr></table>\n|uhtml|bestof|<h2><strong>Game 2</strong> of <a href=\"/game-bestof3-gen9vgc2025regibo3-2353750472\">a best-of-3</a></h2>\n|t:|1745993896\n|gametype|doubles\n|player|p1|Adrinhoo|pokekid|1141\n|player|p2|Paris gurll|102|1062\n|teamsize|p1|6\n|teamsize|p2|6\n|gen|9\n|tier|[Gen 9] VGC 2025 Reg I (Bo3)\n|rated|\n|rule|Species Clause: Limit one of each Pok\u00e9mon\n|rule|Item Clause: Limit 1 of each item\n|clearpoke\n|poke|p1|Zacian-*, L50|\n|poke|p1|Lunala, L50|\n|poke|p1|Urshifu-*, L50, F|\n|poke|p1|Rillaboom, L50, F|\n|poke|p1|Regidrago, L50|\n|poke|p1|Whimsicott, L50, F|\n|poke|p2|Ceruledge, L50, F|\n|poke|p2|Tornadus, L50, M|\n|poke|p2|Miraidon, L50|\n|poke|p2|Urshifu-*, L50, F|\n|poke|p2|Incineroar, L50, F|\n|poke|p2|Calyrex-Shadow, L50|\n|teampreview|4\n|showteam|p1|Zacian-Crowned||RustedSword|IntrepidSword|behemothblade,PlayRough,SacredSword,Protect||||||50|,,,,,Fire]Lunala||PowerHerb|ShadowShield|MeteorBeam,MoongeistBeam,TrickRoom,WideGuard||||||50|,,,,,Water]Urshifu-Rapid-Strike||ChoiceScarf|UnseenFist|SurgingStrikes,CloseCombat,Coaching,Uturn|||F|||50|,,,,,Ghost]Rillaboom||AssaultVest|GrassySurge|FakeOut,GrassyGlide,WoodHammer,Uturn|||F|||50|,,,,,Fire]Regidrago||ChoiceSpecs|DragonsMaw|DragonEnergy,DracoMeteor,TeraBlast,EarthPower||||||50|,,,,,Ghost]Whimsicott||CovertCloak|Prankster|Moonblast,Tailwind,LightScreen,Encore|||F|||50|,,,,,Dark\n|showteam|p2|Ceruledge||LifeOrb|FlashFire|BitterBlade,ShadowSneak,CloseCombat,Protect|||F|||50|,,,,,Grass]Tornadus||CovertCloak|Prankster|Tailwind,BleakwindStorm,RainDance,Protect|||M|||50|,,,,,Steel]Miraidon||ChoiceSpecs|HadronEngine|ElectroDrift,VoltSwitch,DazzlingGleam,DracoMeteor||||||50|,,,,,Fairy]Urshifu||FocusSash|UnseenFist|SuckerPunch,WickedBlow,CloseCombat,Detect|||F|||50|,,,,,Stellar]Incineroar||SafetyGoggles|Intimidate|KnockOff,HelpingHand,FakeOut,PartingShot|||F|||50|,,,,,Water]Calyrex-Shadow||SpellTag|AsOneSpectrier|AstralBarrage,GigaDrain,NastyPlot,Protect||||||50|,,,,,Normal\n|inactive|Battle timer is ON: inactive players will automatically lose when time's up. (requested by Adrinhoo)\n|\n|t:|1745993911\n|start\n|switch|p1a: Zacian|Zacian-Crowned, L50|100/100\n|switch|p1b: Whimsicott|Whimsicott, L50, F|100/100\n|switch|p2a: Shrek 2|Incineroar, L50, F, shiny|100/100\n|switch|p2b: Miraidon|Miraidon, L50|100/100\n|-ability|p1a: Zacian|Intrepid Sword|boost\n|-boost|p1a: Zacian|atk|1\n|-fieldstart|move: Electric Terrain|[from] ability: Hadron Engine|[of] p2b: Miraidon\n|-ability|p2a: Shrek 2|Intimidate|boost\n|-unboost|p1a: Zacian|atk|1\n|-unboost|p1b: Whimsicott|atk|1\n|turn|1\n|\n|t:|1745993935\n|move|p1a: Zacian|Protect|p1a: Zacian\n|-singleturn|p1a: Zacian|Protect\n|move|p2a: Shrek 2|Fake Out|p1b: Whimsicott\n|-damage|p1b: Whimsicott|89/100\n|move|p1b: Whimsicott|Light Screen|p1b: Whimsicott\n|-sidestart|p1: Adrinhoo|move: Light Screen\n|move|p2b: Miraidon|Electro Drift|p1a: Zacian\n|-activate|p1a: Zacian|move: Protect\n|\n|upkeep\n|turn|2\n|\n|t:|1745993951\n|switch|p1b: Rillaboom|Rillaboom, L50, F|100/100\n|-fieldstart|move: Grassy Terrain|[from] ability: Grassy Surge|[of] p1b: Rillaboom\n|move|p1a: Zacian|Play Rough|p2b: Miraidon\n|-supereffective|p2b: Miraidon\n|-damage|p2b: Miraidon|0 fnt\n|faint|p2b: Miraidon\n|move|p2a: Shrek 2|Parting Shot|p1a: Zacian\n|-unboost|p1a: Zacian|atk|1\n|-unboost|p1a: Zacian|spa|1\n|\n|t:|1745993964\n|switch|p2a: Panic at the disco|Calyrex-Shadow, L50|100/100|[from] Parting Shot\n|-ability|p2a: Panic at the disco|As One\n|-ability|p2a: Panic at the disco|Unnerve\n|\n|upkeep\n|\n|t:|1745993972\n|switch|p2b: Shrek 2|Incineroar, L50, F, shiny|100/100\n|-ability|p2b: Shrek 2|Intimidate|boost\n|-unboost|p1a: Zacian|atk|1\n|-unboost|p1b: Rillaboom|atk|1\n|turn|3\n|\n|t:|1745993984\n|switch|p1a: Whimsicott|Whimsicott, L50, F|89/100\n|move|p2b: Shrek 2|Fake Out|p1a: Whimsicott\n|-damage|p1a: Whimsicott|78/100\n|move|p2a: Panic at the disco|Astral Barrage|p1b: Rillaboom|[spread] p1a,p1b\n|-crit|p1b: Rillaboom\n|-damage|p1a: Whimsicott|27/100\n|-damage|p1b: Rillaboom|32/100\n|move|p1b: Rillaboom|Wood Hammer|p2a: Panic at the disco\n|-damage|p2a: Panic at the disco|30/100\n|-damage|p1b: Rillaboom|12/100|[from] Recoil\n|\n|-heal|p2a: Panic at the disco|35/100|[from] Grassy Terrain\n|-heal|p1a: Whimsicott|33/100|[from] Grassy Terrain\n|-heal|p1b: Rillaboom|17/100|[from] Grassy Terrain\n|upkeep\n|turn|4\n|inactive|Paris gurll has 30 seconds left.\n|\n|t:|1745994015\n|move|p1a: Whimsicott|Tailwind|p1a: Whimsicott\n|-sidestart|p1: Adrinhoo|move: Tailwind\n|move|p2a: Panic at the disco|Astral Barrage|p1a: Whimsicott|[spread] p1a,p1b\n|-damage|p1a: Whimsicott|0 fnt\n|-damage|p1b: Rillaboom|0 fnt\n|faint|p1a: Whimsicott\n|faint|p1b: Rillaboom\n|-ability|p2a: Panic at the disco|Grim Neigh|boost\n|-boost|p2a: Panic at the disco|spa|2\n|move|p2b: Shrek 2|Knock Off|p1: Whimsicott|[notarget]\n|-fail|p2b: Shrek 2\n|\n|-heal|p2a: Panic at the disco|41/100|[from] Grassy Terrain\n|upkeep\n|\n|t:|1745994026\n|switch|p1a: Regidrago|Regidrago, L50|100/100\n|switch|p1b: Zacian|Zacian-Crowned, L50|100/100\n|turn|5\n|\n|t:|1745994033\n|move|p2b: Shrek 2|Helping Hand|p2a: Panic at the disco\n|-singleturn|p2a: Panic at the disco|Helping Hand|[of] p2b: Shrek 2\n|move|p1b: Zacian|Sacred Sword|p2b: Shrek 2\n|-supereffective|p2b: Shrek 2\n|-damage|p2b: Shrek 2|45/100\n|move|p1a: Regidrago|Dragon Energy|p2b: Shrek 2|[spread] p2a,p2b\n|-damage|p2a: Panic at the disco|0 fnt\n|-damage|p2b: Shrek 2|0 fnt\n|faint|p2a: Panic at the disco\n|faint|p2b: Shrek 2\n|\n|-sideend|p1: Adrinhoo|move: Light Screen\n|upkeep\n|\n|t:|1745994045\n|switch|p2b: A lesson on STAB|Ceruledge, L50, F, shiny|100/100\n|turn|6\n|\n|t:|1745994061\n|-terastallize|p2b: A lesson on STAB|Grass\n|move|p1b: Zacian|Behemoth Blade|p2b: A lesson on STAB\n|-damage|p2b: A lesson on STAB|24/100\n|move|p1a: Regidrago|Dragon Energy|p2b: A lesson on STAB\n|-damage|p2b: A lesson on STAB|0 fnt\n|faint|p2b: A lesson on STAB\n|\n|win|Adrinhoo\n||Adrinhoo is ready for game 3.\n||Paris gurll is ready for game 3.\n|uhtml|next|Next: <a href=\"/battle-gen9vgc2025regibo3-2353752875\"><strong>Game 3 of 3</strong></a>\n|l|\u2606Paris gurll\n|player|p2|\n|l|\u2606Adrinhoo\n|player|p1|\n", "uploadtime": 1745994366, "views": 6, "formatid": "gen9vgc2025regibo3", "rating": null, "private": 0, "password": null}