{"id": "gen9vgc2025regibo3-2353420198", "format": "[Gen 9] VGC 2025 Reg I (Bo3)", "players": ["Octoputzi", "jdrj23"], "log": "|j|\u2606Octoputzi\n|j|\u2606jdrj23\n|html|<table width=\"100%\"><tr><td align=\"left\">Octoputzi</td><td align=\"right\">jdrj23</tr><tr><td align=\"left\"><i class=\"fa fa-circle-o\"></i> <i class=\"fa fa-circle-o\"></i> </td><td align=\"right\"><i class=\"fa fa-circle-o\"></i> <i class=\"fa fa-circle-o\"></i> </tr></table>\n|uhtml|bestof|<h2><strong>Game 1</strong> of <a href=\"/game-bestof3-gen9vgc2025regibo3-2353420197\">a best-of-3</a></h2>\n|t:|1745954374\n|gametype|doubles\n|player|p1|Octoputzi|hoopster|1133\n|player|p2|jdrj23|hoopster|1043\n|teamsize|p1|6\n|teamsize|p2|6\n|gen|9\n|tier|[Gen 9] VGC 2025 Reg I (Bo3)\n|rated|\n|rule|Species Clause: Limit one of each Pok\u00e9mon\n|rule|Item Clause: Limit 1 of each item\n|clearpoke\n|poke|p1|Koraidon, L50|\n|poke|p1|Lunala, L50|\n|poke|p1|Chi-Yu, L50|\n|poke|p1|Ursaluna, L50, F|\n|poke|p1|Brute Bonnet, L50|\n|poke|p1|Flutter Mane, L50|\n|poke|p2|Koraidon, L50|\n|poke|p2|Clefairy, L50, F|\n|poke|p2|Flutter Mane, L50|\n|poke|p2|Terapagos, L50, M|\n|poke|p2|Rillaboom, L50, M|\n|poke|p2|Incineroar, L50, M|\n|teampreview|4\n|showteam|p1|Koraidon||LifeOrb|OrichalcumPulse|FlareBlitz,FlameCharge,CloseCombat,Protect||||||50|,,,,,Fire]Lunala||PowerHerb|ShadowShield|MoongeistBeam,MeteorBeam,WideGuard,TrickRoom||||||50|,,,,,Water]Chi-Yu||ChoiceScarf|BeadsofRuin|Overheat,HeatWave,DarkPulse,Snarl||||||50|,,,,,Ghost]Ursaluna||FlameOrb|Guts|Facade,Earthquake,HeadlongRush,Protect|||F|||50|,,,,,Water]Brute Bonnet||CovertCloak|Protosynthesis|SeedBomb,SuckerPunch,Spore,RagePowder||||||50|,,,,,Water]Flutter Mane||FocusSash|Protosynthesis|Moonblast,IcyWind,ShadowBall,Protect||||||50|,,,,,Normal\n|showteam|p2|Koraidon||LifeOrb|OrichalcumPulse|FlareBlitz,CloseCombat,FlameCharge,Protect||||||50|,,,,,Fire]Clefairy||Eviolite|FriendGuard|FollowMe,HelpingHand,Sing,Protect|||F|||50|,,,,,Fairy]Flutter Mane||FocusSash|Protosynthesis|Moonblast,IcyWind,ShadowBall,Protect||||||50|,,,,,Normal]Terapagos||Leftovers|TeraShift|TeraStarstorm,EarthPower,CalmMind,Protect|||M|||50|,,,,,Stellar]Rillaboom||AssaultVest|GrassySurge|WoodHammer,GrassyGlide,Uturn,FakeOut|||M|||50|,,,,,Grass]Incineroar||RockyHelmet|Intimidate|KnockOff,FakeOut,WillOWisp,PartingShot|||M|||50|,,,,,Poison\n|inactive|Battle timer is ON: inactive players will automatically lose when time's up. (requested by jdrj23)\n|inactive|Octoputzi also wants the timer to be on.\n|inactive|jdrj23 has 60 seconds left.\n|\n|t:|1745954420\n|start\n|switch|p1a: Lunala|Lunala, L50|100/100\n|switch|p1b: Brute Bonnet|Brute Bonnet, L50|100/100\n|switch|p2a: Flutter Mane|Flutter Mane, L50|100/100\n|switch|p2b: Koraidon|Koraidon, L50|100/100\n|-weather|SunnyDay|[from] ability: Orichalcum Pulse|[of] p2b: Koraidon\n|-activate|p2a: Flutter Mane|ability: Protosynthesis\n|-start|p2a: Flutter Mane|protosynthesisspe\n|-activate|p1b: Brute Bonnet|ability: Protosynthesis\n|-start|p1b: Brute Bonnet|protosynthesisdef\n|-activate|p2b: Koraidon|Orichalcum Pulse|[source]\n|turn|1\n|inactive|Octoputzi has 30 seconds left.\n|inactive|jdrj23 has 30 seconds left.\n|inactive|jdrj23 has 20 seconds left.\n|inactive|jdrj23 has 15 seconds left.\n|inactive|jdrj23 has 10 seconds left.\n|\n|t:|1745954468\n|-end|p2a: Flutter Mane|Protosynthesis|[silent]\n|switch|p2a: Clefairy|Clefairy, L50, F|100/100\n|-terastallize|p1b: Brute Bonnet|Water\n|move|p1b: Brute Bonnet|Rage Powder|p1b: Brute Bonnet\n|-singleturn|p1b: Brute Bonnet|move: Rage Powder\n|move|p2b: Koraidon|Close Combat|p1b: Brute Bonnet\n|-damage|p1b: Brute Bonnet|47/100\n|-unboost|p2b: Koraidon|def|1\n|-unboost|p2b: Koraidon|spd|1\n|-damage|p2b: Koraidon|91/100|[from] item: Life Orb\n|move|p1a: Lunala|Trick Room|p1a: Lunala\n|-fieldstart|move: Trick Room|[of] p1a: Lunala\n|\n|-weather|SunnyDay|[upkeep]\n|upkeep\n|turn|2\n|inactive|Octoputzi has 30 seconds left.\n|inactive|jdrj23 has 30 seconds left.\n|inactive|jdrj23 has 20 seconds left.\n|inactive|jdrj23 has 15 seconds left.\n|inactive|jdrj23 has 10 seconds left.\n|\n|t:|1745954517\n|move|p2a: Clefairy|Follow Me|p2a: Clefairy\n|-singleturn|p2a: Clefairy|move: Follow Me\n|move|p1b: Brute Bonnet|Spore|p2a: Clefairy\n|-status|p2a: Clefairy|slp|[from] move: Spore\n|move|p1a: Lunala|Meteor Beam||[still]\n|-prepare|p1a: Lunala|Meteor Beam\n|-boost|p1a: Lunala|spa|1\n|-enditem|p1a: Lunala|Power Herb\n|-anim|p1a: Lunala|Meteor Beam|p2a: Clefairy|[miss]\n|-miss|p1a: Lunala|p2a: Clefairy\n|move|p2b: Koraidon|Close Combat|p1b: Brute Bonnet\n|-damage|p1b: Brute Bonnet|0 fnt\n|-unboost|p2b: Koraidon|def|1\n|-unboost|p2b: Koraidon|spd|1\n|faint|p1b: Brute Bonnet\n|-end|p1b: Brute Bonnet|Protosynthesis|[silent]\n|-damage|p2b: Koraidon|81/100|[from] item: Life Orb\n|\n|-weather|SunnyDay|[upkeep]\n|upkeep\n|\n|t:|1745954525\n|switch|p1b: Ursaluna|Ursaluna, L50, F|100/100\n|turn|3\n|inactive|jdrj23 has 30 seconds left.\n|\n|t:|1745954553\n|move|p2b: Koraidon|Protect|p2b: Koraidon\n|-singleturn|p2b: Koraidon|Protect\n|move|p1b: Ursaluna|Facade|p2b: Koraidon\n|-activate|p2b: Koraidon|move: Protect\n|cant|p2a: Clefairy|slp\n|move|p1a: Lunala|Moongeist Beam|p2b: Koraidon\n|-activate|p2b: Koraidon|move: Protect\n|\n|-weather|SunnyDay|[upkeep]\n|-status|p1b: Ursaluna|brn|[from] item: Flame Orb\n|upkeep\n|turn|4\n|inactive|Octoputzi has 30 seconds left.\n|inactive|jdrj23 has 30 seconds left.\n|inactive|Octoputzi has 20 seconds left.\n|inactive|Octoputzi has 15 seconds left.\n|inactive|Octoputzi has 10 seconds left.\n|\n|t:|1745954600\n|switch|p2b: Flutter Mane|Flutter Mane, L50|100/100\n|-activate|p2b: Flutter Mane|ability: Protosynthesis\n|-start|p2b: Flutter Mane|protosynthesisspe\n|cant|p2a: Clefairy|slp\n|move|p1b: Ursaluna|Earthquake|p2b: Flutter Mane|[spread] p1a,p2a,p2b\n|-damage|p1a: Lunala|75/100\n|-damage|p2a: Clefairy|25/100 slp\n|-enditem|p2b: Flutter Mane|Focus Sash\n|-damage|p2b: Flutter Mane|1/100\n|move|p1a: Lunala|Moongeist Beam|p2b: Flutter Mane\n|-supereffective|p2b: Flutter Mane\n|-damage|p2b: Flutter Mane|0 fnt\n|faint|p2b: Flutter Mane\n|-end|p2b: Flutter Mane|Protosynthesis|[silent]\n|\n|-weather|SunnyDay|[upkeep]\n|-damage|p1b: Ursaluna|95/100 brn|[from] brn\n|upkeep\n|\n|t:|1745954624\n|switch|p2b: Terapagos|Terapagos, L50, M|100/100\n|-activate|p2b: Terapagos|ability: Tera Shift\n|detailschange|p2b: Terapagos|Terapagos-Terastal, L50, M\n|-heal|p2b: Terapagos|100/100|[silent]\n|turn|5\n|inactive|jdrj23 has 30 seconds left.\n|inactive|jdrj23 has 20 seconds left.\n|\n|t:|1745954662\n|move|p2b: Terapagos|Protect|p2b: Terapagos\n|-singleturn|p2b: Terapagos|Protect\n|move|p1a: Lunala|Wide Guard|p1a: Lunala\n|-singleturn|p1a: Lunala|Wide Guard\n|move|p1b: Ursaluna|Earthquake|p2a: Clefairy|[spread] p2a\n|-activate|p1a: Lunala|move: Wide Guard\n|-activate|p2b: Terapagos|move: Protect\n|-damage|p2a: Clefairy|0 fnt\n|faint|p2a: Clefairy\n|\n|-weather|none\n|-damage|p1b: Ursaluna|89/100 brn|[from] brn\n|-fieldend|move: Trick Room\n|upkeep\n|\n|t:|1745954674\n|switch|p2a: Koraidon|Koraidon, L50|81/100\n|-weather|SunnyDay|[from] ability: Orichalcum Pulse|[of] p2a: Koraidon\n|-activate|p2a: Koraidon|Orichalcum Pulse|[source]\n|turn|6\n|inactive|jdrj23 has 30 seconds left.\n|inactive|jdrj23 has 20 seconds left.\n|\n|t:|1745954713\n|-terastallize|p2a: Koraidon|Fire\n|move|p2a: Koraidon|Flare Blitz|p1a: Lunala\n|-damage|p1a: Lunala|0 fnt\n|faint|p1a: Lunala\n|-damage|p2a: Koraidon|50/100|[from] Recoil\n|-damage|p2a: Koraidon|40/100|[from] item: Life Orb\n|move|p2b: Terapagos|Earth Power|p1b: Ursaluna\n|-damage|p1b: Ursaluna|61/100 brn\n|move|p1b: Ursaluna|Facade|p2a: Koraidon\n|-damage|p2a: Koraidon|0 fnt\n|faint|p2a: Koraidon\n|\n|-weather|SunnyDay|[upkeep]\n|-damage|p1b: Ursaluna|55/100 brn|[from] brn\n|upkeep\n|\n|t:|1745954722\n|switch|p1a: Koraidon|Koraidon, L50|100/100\n|-activate|p1a: Koraidon|ability: Orichalcum Pulse\n|turn|7\n|\n|t:|1745954737\n|move|p1a: Koraidon|Flame Charge|p2b: Terapagos\n|-activate|p2b: Terapagos|ability: Tera Shell\n|-resisted|p2b: Terapagos\n|-damage|p2b: Terapagos|83/100\n|-boost|p1a: Koraidon|spe|1\n|-damage|p1a: Koraidon|91/100|[from] item: Life Orb\n|move|p2b: Terapagos|Earth Power|p1a: Koraidon\n|-damage|p1a: Koraidon|62/100\n|move|p1b: Ursaluna|Facade|p2b: Terapagos\n|-damage|p2b: Terapagos|0 fnt\n|faint|p2b: Terapagos\n|\n|win|Octoputzi\n||jdrj23 is ready for game 2.\n|inactive|Octoputzi has 30 seconds to confirm battle start!\n||Octoputzi is ready for game 2.\n|uhtml|next|Next: <a href=\"/battle-gen9vgc2025regibo3-2353424448\"><strong>Game 2 of 3</strong></a>\n|l|\u2606jdrj23\n|player|p2|\n", "uploadtime": 1745954951, "views": 18, "formatid": "gen9vgc2025regibo3", "rating": null, "private": 0, "password": null}