{"id": "gen9vgc2025regibo3-2354710117", "format": "[Gen 9] VGC 2025 Reg I (Bo3)", "players": ["laZb0nes2", "Danidelaserna20"], "log": "|j|\u2606laZb0nes2\n|j|\u2606Danidelaserna20\n|html|<table width=\"100%\"><tr><td align=\"left\">laZb0nes2</td><td align=\"right\">Danidelaserna20</tr><tr><td align=\"left\"><i class=\"fa fa-circle\"></i> <i class=\"fa fa-circle-o\"></i> </td><td align=\"right\"><i class=\"fa fa-circle-o\"></i> <i class=\"fa fa-circle-o\"></i> </tr></table>\n|uhtml|bestof|<h2><strong>Game 2</strong> of <a href=\"/game-bestof3-gen9vgc2025regibo3-2354701276\">a best-of-3</a></h2>\n|t:|1746112882\n|gametype|doubles\n|player|p1|laZb0nes2|waiter-gen4|1168\n|player|p2|Danidelaserna20|benga|1216\n|teamsize|p1|6\n|teamsize|p2|6\n|gen|9\n|tier|[Gen 9] VGC 2025 Reg I (Bo3)\n|rated|\n|rule|Species Clause: Limit one of each Pok\u00e9mon\n|rule|Item Clause: Limit 1 of each item\n|clearpoke\n|poke|p1|Terapagos, L50, M|\n|poke|p1|Ho-Oh, L50|\n|poke|p1|Incineroar, L50, M|\n|poke|p1|Rillaboom, L50, F|\n|poke|p1|Ogerpon-Cornerstone, L50, F|\n|poke|p1|Urshifu-*, L50, F|\n|poke|p2|Zacian-*, L50|\n|poke|p2|Rillaboom, L50, M|\n|poke|p2|Incineroar, L50, F|\n|poke|p2|Iron Valiant, L50|\n|poke|p2|Tornadus, L50, M|\n|poke|p2|Lunala, L50|\n|teampreview|4\n|showteam|p1|Terapagos||Leftovers|TeraShift|CalmMind,TeraStarstorm,EarthPower,Protect|||M|||50|,,,,,Stellar]Ho-Oh||ClearAmulet|Regenerator|SacredFire,BraveBird,Tailwind,Protect||||||50|,,,,,Grass]Incineroar||SafetyGoggles|Intimidate|KnockOff,FakeOut,WillOWisp,PartingShot|||M|||50|,,,,,Water]Rillaboom||AssaultVest|GrassySurge|GrassyGlide,WoodHammer,Uturn,FakeOut|||F|||50|,,,,,Fire]Ogerpon-Cornerstone||CornerstoneMask|Sturdy|IvyCudgel,PowerWhip,FollowMe,SpikyShield|||F|||50|,,,,,Rock]Urshifu-Rapid-Strike||ChoiceScarf|UnseenFist|SurgingStrikes,CloseCombat,Uturn,Coaching|||F|||50|,,,,,Water\n|showteam|p2|Zacian-Crowned||RustedSword|IntrepidSword|PlayRough,SacredSword,behemothblade,Protect||||||50|,,,,,Water]Rillaboom||AssaultVest|GrassySurge|FakeOut,DrumBeating,GrassyGlide,Uturn|||M|||50|,,,,,Fire]Incineroar||RockyHelmet|Intimidate|FakeOut,KnockOff,PartingShot,WillOWisp|||F|||50|,,,,,Water]Iron Valiant||BoosterEnergy|QuarkDrive|Coaching,WideGuard,SpiritBreak,Taunt||||||50|,,,,,Ghost]Tornadus||AbilityShield|Prankster|Tailwind,Protect,BleakwindStorm,RainDance|||M|||50|,,,,,Grass]Lunala||Leftovers|ShadowShield|MoongeistBeam,Moonblast,CalmMind,Protect||||||50|,,,,,Fairy\n|\n|t:|1746112964\n|start\n|switch|p1a: Terapagos|Terapagos, L50, M|100/100\n|switch|p1b: Incineroar|Incineroar, L50, M|100/100\n|switch|p2a: Rillaboom|Rillaboom, L50, M|100/100\n|switch|p2b: Lunala|Lunala, L50|100/100\n|-activate|p1a: Terapagos|ability: Tera Shift\n|detailschange|p1a: Terapagos|Terapagos-Terastal, L50, M\n|-heal|p1a: Terapagos|100/100|[silent]\n|-fieldstart|move: Grassy Terrain|[from] ability: Grassy Surge|[of] p2a: Rillaboom\n|-ability|p1b: Incineroar|Intimidate|boost\n|-unboost|p2a: Rillaboom|atk|1\n|-unboost|p2b: Lunala|atk|1\n|turn|1\n|\n|t:|1746112985\n|move|p2a: Rillaboom|Fake Out|p1b: Incineroar\n|-damage|p1b: Incineroar|93/100\n|move|p2b: Lunala|Calm Mind|p2b: Lunala\n|-boost|p2b: Lunala|spa|1\n|-boost|p2b: Lunala|spd|1\n|move|p1a: Terapagos|Calm Mind|p1a: Terapagos\n|-boost|p1a: Terapagos|spa|1\n|-boost|p1a: Terapagos|spd|1\n|cant|p1b: Incineroar|flinch\n|\n|-heal|p1b: Incineroar|99/100|[from] Grassy Terrain\n|upkeep\n|turn|2\n|\n|t:|1746113005\n|move|p2b: Lunala|Protect|p2b: Lunala\n|-singleturn|p2b: Lunala|Protect\n|move|p1a: Terapagos|Calm Mind|p1a: Terapagos\n|-boost|p1a: Terapagos|spa|1\n|-boost|p1a: Terapagos|spd|1\n|move|p2a: Rillaboom|U-turn|p1b: Incineroar\n|-damage|p1b: Incineroar|86/100\n|\n|t:|1746113017\n|switch|p2a: Zacian|Zacian-Crowned, L50|100/100|[from] U-turn\n|-ability|p2a: Zacian|Intrepid Sword|boost\n|-boost|p2a: Zacian|atk|1\n|move|p1b: Incineroar|Knock Off|p2b: Lunala\n|-activate|p2b: Lunala|move: Protect\n|\n|-heal|p1b: Incineroar|92/100|[from] Grassy Terrain\n|upkeep\n|turn|3\n|\n|t:|1746113046\n|switch|p1b: Ho-Oh|Ho-Oh, L50|100/100\n|move|p2a: Zacian|Sacred Sword|p1b: Ho-Oh\n|-resisted|p1b: Ho-Oh\n|-damage|p1b: Ho-Oh|80/100\n|move|p2b: Lunala|Moongeist Beam|p1b: Ho-Oh\n|-damage|p1b: Ho-Oh|34/100\n|move|p1a: Terapagos|Earth Power|p2a: Zacian\n|-supereffective|p2a: Zacian\n|-damage|p2a: Zacian|0 fnt\n|faint|p2a: Zacian\n|\n|upkeep\n|\n|t:|1746113059\n|switch|p2a: Incineroar|Incineroar, L50, F|100/100\n|-ability|p2a: Incineroar|Intimidate|boost\n|-unboost|p1a: Terapagos|atk|1\n|-fail|p1b: Ho-Oh|unboost|[from] item: Clear Amulet|[of] p1b: Ho-Oh\n|turn|4\n|\n|t:|1746113093\n|switch|p1b: Incineroar|Incineroar, L50, M|92/100\n|-ability|p1b: Incineroar|Intimidate|boost\n|-unboost|p2a: Incineroar|atk|1\n|-unboost|p2b: Lunala|atk|1\n|move|p2a: Incineroar|Fake Out|p1a: Terapagos\n|-activate|p1a: Terapagos|ability: Tera Shell\n|-resisted|p1a: Terapagos\n|-damage|p1a: Terapagos|98/100\n|move|p2b: Lunala|Moongeist Beam|p1b: Incineroar\n|-resisted|p1b: Incineroar\n|-damage|p1b: Incineroar|61/100\n|cant|p1a: Terapagos|flinch\n|\n|-heal|p1a: Terapagos|100/100|[from] Grassy Terrain\n|-heal|p1b: Incineroar|67/100|[from] Grassy Terrain\n|upkeep\n|turn|5\n|\n|t:|1746113112\n|move|p2b: Lunala|Calm Mind|p2b: Lunala\n|-boost|p2b: Lunala|spa|1\n|-boost|p2b: Lunala|spd|1\n|move|p1a: Terapagos|Calm Mind|p1a: Terapagos\n|-boost|p1a: Terapagos|spa|1\n|-boost|p1a: Terapagos|spd|1\n|move|p2a: Incineroar|Parting Shot|p1a: Terapagos\n|-unboost|p1a: Terapagos|atk|1\n|-unboost|p1a: Terapagos|spa|1\n|\n|t:|1746113118\n|switch|p2a: Rillaboom|Rillaboom, L50, M|100/100|[from] Parting Shot\n|move|p1b: Incineroar|Parting Shot|p2a: Rillaboom\n|-unboost|p2a: Rillaboom|atk|1\n|-unboost|p2a: Rillaboom|spa|1\n|\n|t:|1746113126\n|switch|p1b: Ho-Oh|Ho-Oh, L50|67/100|[from] Parting Shot\n|\n|-fieldend|move: Grassy Terrain\n|upkeep\n|turn|6\n|\n|t:|1746113155\n|move|p2a: Rillaboom|Fake Out|p1b: Ho-Oh\n|-damage|p1b: Ho-Oh|60/100\n|move|p2b: Lunala|Moongeist Beam|p1b: Ho-Oh\n|-damage|p1b: Ho-Oh|1/100\n|move|p1a: Terapagos|Calm Mind|p1a: Terapagos\n|-boost|p1a: Terapagos|spa|1\n|-boost|p1a: Terapagos|spd|1\n|cant|p1b: Ho-Oh|flinch\n|\n|upkeep\n|turn|7\n|\n|t:|1746113184\n|switch|p1b: Incineroar|Incineroar, L50, M|67/100\n|-ability|p1b: Incineroar|Intimidate|boost\n|-unboost|p2a: Rillaboom|atk|1\n|-unboost|p2b: Lunala|atk|1\n|move|p2b: Lunala|Calm Mind|p2b: Lunala\n|-boost|p2b: Lunala|spa|1\n|-boost|p2b: Lunala|spd|1\n|move|p1a: Terapagos|Tera Starstorm|p2a: Rillaboom\n|-damage|p2a: Rillaboom|13/100\n|move|p2a: Rillaboom|U-turn|p1b: Incineroar\n|-damage|p1b: Incineroar|57/100\n|\n|t:|1746113195\n|switch|p2a: Incineroar|Incineroar, L50, F|100/100|[from] U-turn\n|-ability|p2a: Incineroar|Intimidate|boost\n|-unboost|p1a: Terapagos|atk|1\n|-unboost|p1b: Incineroar|atk|1\n|\n|upkeep\n|turn|8\n|\n|t:|1746113206\n|move|p1a: Terapagos|Protect|p1a: Terapagos\n|-singleturn|p1a: Terapagos|Protect\n|move|p2a: Incineroar|Fake Out|p1a: Terapagos\n|-activate|p1a: Terapagos|move: Protect\n|move|p2b: Lunala|Moonblast|p1b: Incineroar\n|-damage|p1b: Incineroar|0 fnt\n|faint|p1b: Incineroar\n|\n|upkeep\n|\n|t:|1746113214\n|switch|p1b: Rillaboom|Rillaboom, L50, F|100/100\n|-fieldstart|move: Grassy Terrain|[from] ability: Grassy Surge|[of] p1b: Rillaboom\n|turn|9\n|\n|t:|1746113235\n|move|p1b: Rillaboom|Fake Out|p2a: Incineroar\n|-damage|p2a: Incineroar|90/100\n|-damage|p1b: Rillaboom|84/100|[from] item: Rocky Helmet|[of] p2a: Incineroar\n|move|p2b: Lunala|Moonblast|p1a: Terapagos\n|-activate|p1a: Terapagos|ability: Tera Shell\n|-resisted|p1a: Terapagos\n|-damage|p1a: Terapagos|86/100\n|-unboost|p1a: Terapagos|spa|1\n|move|p1a: Terapagos|Earth Power|p2a: Incineroar\n|-supereffective|p2a: Incineroar\n|-damage|p2a: Incineroar|0 fnt\n|faint|p2a: Incineroar\n|\n|-heal|p1a: Terapagos|93/100|[from] Grassy Terrain\n|-heal|p1a: Terapagos|99/100|[from] item: Leftovers\n|-heal|p1b: Rillaboom|90/100|[from] Grassy Terrain\n|upkeep\n|\n|t:|1746113246\n|switch|p2a: Rillaboom|Rillaboom, L50, M|13/100\n|turn|10\n|inactive|Battle timer is ON: inactive players will automatically lose when time's up. (requested by Danidelaserna20)\n|\n|t:|1746113299\n|switch|p1b: Ho-Oh|Ho-Oh, L50|34/100\n|move|p1a: Terapagos|Protect|p1a: Terapagos\n|-singleturn|p1a: Terapagos|Protect\n|move|p2a: Rillaboom|Fake Out|p1a: Terapagos\n|-activate|p1a: Terapagos|move: Protect\n|move|p2b: Lunala|Moongeist Beam|p1b: Ho-Oh\n|-damage|p1b: Ho-Oh|0 fnt\n|faint|p1b: Ho-Oh\n|\n|-heal|p1a: Terapagos|100/100|[from] Grassy Terrain\n|-heal|p2a: Rillaboom|19/100|[from] Grassy Terrain\n|upkeep\n|\n|t:|1746113312\n|switch|p1b: Rillaboom|Rillaboom, L50, F|90/100\n|turn|11\n|\n|t:|1746113325\n|move|p2b: Lunala|Protect|p2b: Lunala\n|-singleturn|p2b: Lunala|Protect\n|move|p1b: Rillaboom|Fake Out|p2a: Rillaboom\n|-damage|p2a: Rillaboom|7/100\n|cant|p2a: Rillaboom|flinch\n|move|p1a: Terapagos|Tera Starstorm|p2a: Rillaboom\n|-damage|p2a: Rillaboom|0 fnt\n|faint|p2a: Rillaboom\n|\n|-heal|p1b: Rillaboom|96/100|[from] Grassy Terrain\n|upkeep\n|turn|12\n|\n|t:|1746113349\n|-terastallize|p1a: Terapagos|Stellar\n|detailschange|p1a: Terapagos|Terapagos-Stellar, L50, M, tera:Stellar\n|-heal|p1a: Terapagos|100/100|[silent]\n|-ability|p1a: Terapagos|Teraform Zero\n|-fieldend|move: Grassy Terrain\n|move|p2b: Lunala|Calm Mind|p2b: Lunala\n|-boost|p2b: Lunala|spa|1\n|-boost|p2b: Lunala|spd|1\n|move|p1a: Terapagos|Tera Starstorm|p2b: Lunala\n|-damage|p2b: Lunala|89/100\n|move|p1b: Rillaboom|Wood Hammer|p2b: Lunala\n|-damage|p2b: Lunala|45/100\n|-damage|p1b: Rillaboom|79/100|[from] Recoil\n|\n|-heal|p2b: Lunala|51/100|[from] item: Leftovers\n|upkeep\n|turn|13\n|\n|t:|1746113373\n|move|p2b: Lunala|Moongeist Beam|p1b: Rillaboom\n|-damage|p1b: Rillaboom|0 fnt\n|faint|p1b: Rillaboom\n|move|p1a: Terapagos|Calm Mind|p1a: Terapagos\n|-boost|p1a: Terapagos|spa|1\n|-boost|p1a: Terapagos|spd|1\n|\n|-heal|p2b: Lunala|58/100|[from] item: Leftovers\n|upkeep\n|turn|14\n|\n|t:|1746113380\n|move|p2b: Lunala|Moonblast|p1a: Terapagos\n|-damage|p1a: Terapagos|81/100\n|-unboost|p1a: Terapagos|spa|1\n|move|p1a: Terapagos|Tera Starstorm|p2b: Lunala\n|-crit|p2b: Lunala\n|-damage|p2b: Lunala|0 fnt\n|faint|p2b: Lunala\n|\n|win|laZb0nes2\n|raw|laZb0nes2's rating: 1168 &rarr; <strong>1196</strong><br />(+28 for winning)\n|raw|Danidelaserna20's rating: 1216 &rarr; <strong>1188</strong><br />(-28 for losing)\n|c|\u2606laZb0nes2|ggs\n", "uploadtime": 1746113700, "views": 15, "formatid": "gen9vgc2025regibo3", "rating": 1188, "private": 0, "password": null}