{"id": "gen9vgc2025regibo3-2353746577", "format": "[Gen 9] VGC 2025 Reg I (Bo3)", "players": ["ShinyMoonBoi", "winner9630"], "log": "|j|\u2606ShinyMoonBoi\n|j|\u2606winner9630\n|html|<table width=\"100%\"><tr><td align=\"left\">ShinyMoonBoi</td><td align=\"right\">winner9630</tr><tr><td align=\"left\"><i class=\"fa fa-circle-o\"></i> <i class=\"fa fa-circle-o\"></i> </td><td align=\"right\"><i class=\"fa fa-circle-o\"></i> <i class=\"fa fa-circle-o\"></i> </tr></table>\n|uhtml|bestof|<h2><strong>Game 1</strong> of <a href=\"/game-bestof3-gen9vgc2025regibo3-2353746576\">a best-of-3</a></h2>\n|t:|1745992920\n|gametype|doubles\n|player|p1|ShinyMoonBoi|266|1150\n|player|p2|winner9630|1|1167\n|teamsize|p1|6\n|teamsize|p2|6\n|gen|9\n|tier|[Gen 9] VGC 2025 Reg I (Bo3)\n|rated|\n|rule|Species Clause: Limit one of each Pok\u00e9mon\n|rule|Item Clause: Limit 1 of each item\n|clearpoke\n|poke|p1|Lunala, L50|\n|poke|p1|Zamazenta-*, L50|\n|poke|p1|Chien-Pao, L50|\n|poke|p1|Rillaboom, L50, M|\n|poke|p1|Flutter Mane, L50|\n|poke|p1|Pelipper, L50, M|\n|poke|p2|Kyogre, L50|\n|poke|p2|Calyrex-Ice, L50|\n|poke|p2|Regieleki, L50|\n|poke|p2|Landorus, L50, M|\n|poke|p2|Farigiraf, L50, M|\n|poke|p2|Rillaboom, L50, M|\n|teampreview|4\n|showteam|p1|Lunala||PowerHerb|ShadowShield|MeteorBeam,MoongeistBeam,TrickRoom,Protect||||||50|,,,,,Water]Zamazenta-Crowned||RustedShield|DauntlessShield|BodyPress,HeavySlam,Protect,WideGuard||||||50|,,,,,Grass]Chien-Pao||FocusSash|SwordofRuin|ThroatChop,SuckerPunch,IcicleCrash,Protect||||||50|,,,,,Ghost]Rillaboom||AssaultVest|GrassySurge|FakeOut,Uturn,GrassyGlide,WoodHammer|||M|||50|,,,,,Grass]Flutter Mane||BoosterEnergy|Protosynthesis|IcyWind,Taunt,Moonblast,Protect||||||50|,,,,,Water]Pelipper||LifeOrb|Drizzle|WeatherBall,Hurricane,WideGuard,Protect|||M|||50|,,,,,Grass\n|showteam|p2|Kyogre||MysticWater|Drizzle|WaterSpout,OriginPulse,IceBeam,Protect||||||50|,,,,,Grass]Calyrex-Ice||ClearAmulet|AsOneGlastrier|GlacialLance,CloseCombat,TrickRoom,Protect||||||50|,,,,,Water]Regieleki||FocusSash|Transistor|Thunderbolt,Electroweb,VoltSwitch,Protect||||||50|,,,,,Electric]Landorus||LifeOrb|SheerForce|EarthPower,SandsearStorm,SludgeBomb,Protect|||M|||50|,,,,,Poison]Farigiraf||RockyHelmet|ArmorTail|TeraBlast,HelpingHand,AllySwitch,Psychic|||M|||50|,,,,,Fairy]Rillaboom||AssaultVest|GrassySurge|WoodHammer,GrassyGlide,Uturn,FakeOut|||M|||50|,,,,,Fire\n|inactive|Battle timer is ON: inactive players will automatically lose when time's up. (requested by winner9630)\n|\n|t:|1745993013\n|start\n|switch|p1a: Flutter Mane|Flutter Mane, L50|100/100\n|switch|p1b: Chien-Pao|Chien-Pao, L50|100/100\n|switch|p2a: Regieleki|Regieleki, L50|100/100\n|switch|p2b: Kyogre|Kyogre, L50|100/100\n|-ability|p1b: Chien-Pao|Sword of Ruin\n|-weather|RainDance|[from] ability: Drizzle|[of] p2b: Kyogre\n|-enditem|p1a: Flutter Mane|Booster Energy\n|-activate|p1a: Flutter Mane|ability: Protosynthesis|[fromitem]\n|-start|p1a: Flutter Mane|protosynthesisspe\n|turn|1\n|inactive|ShinyMoonBoi has 30 seconds left.\n|\n|t:|1745993040\n|move|p1a: Flutter Mane|Protect|p1a: Flutter Mane\n|-singleturn|p1a: Flutter Mane|Protect\n|move|p1b: Chien-Pao|Protect|p1b: Chien-Pao\n|-singleturn|p1b: Chien-Pao|Protect\n|move|p2b: Kyogre|Protect|p2b: Kyogre\n|-singleturn|p2b: Kyogre|Protect\n|move|p2a: Regieleki|Electroweb|p1b: Chien-Pao|[spread] \n|-activate|p1a: Flutter Mane|move: Protect\n|-activate|p1b: Chien-Pao|move: Protect\n|\n|-weather|RainDance|[upkeep]\n|upkeep\n|turn|2\n|\n|t:|1745993057\n|move|p1a: Flutter Mane|Icy Wind|p2b: Kyogre|[spread] p2b\n|-miss|p1a: Flutter Mane|p2a: Regieleki\n|-resisted|p2b: Kyogre\n|-damage|p2b: Kyogre|96/100\n|-unboost|p2b: Kyogre|spe|1\n|move|p2a: Regieleki|Electroweb|p1a: Flutter Mane|[spread] p1a,p1b\n|-damage|p1a: Flutter Mane|77/100\n|-damage|p1b: Chien-Pao|61/100\n|-unboost|p1a: Flutter Mane|spe|1\n|-unboost|p1b: Chien-Pao|spe|1\n|move|p1b: Chien-Pao|Throat Chop|p2a: Regieleki\n|-enditem|p2a: Regieleki|Focus Sash\n|-damage|p2a: Regieleki|1/100\n|-start|p2a: Regieleki|Throat Chop|[silent]\n|move|p2b: Kyogre|Origin Pulse|p1b: Chien-Pao|[spread] p1a,p1b\n|-damage|p1a: Flutter Mane|0 fnt\n|-damage|p1b: Chien-Pao|0 fnt\n|faint|p1a: Flutter Mane\n|-end|p1a: Flutter Mane|Protosynthesis|[silent]\n|faint|p1b: Chien-Pao\n|\n|-weather|RainDance|[upkeep]\n|upkeep\n|\n|t:|1745993074\n|switch|p1a: Pelipper|Pelipper, L50, M|100/100\n|switch|p1b: Rillaboom|Rillaboom, L50, M|100/100\n|-fieldstart|move: Grassy Terrain|[from] ability: Grassy Surge|[of] p1b: Rillaboom\n|turn|3\n|\n|t:|1745993092\n|-terastallize|p1b: Rillaboom|Grass\n|move|p2a: Regieleki|Protect|p2a: Regieleki\n|-singleturn|p2a: Regieleki|Protect\n|move|p2b: Kyogre|Protect|p2b: Kyogre\n|-singleturn|p2b: Kyogre|Protect\n|move|p1b: Rillaboom|Wood Hammer|p2a: Regieleki\n|-activate|p2a: Regieleki|move: Protect\n|move|p1a: Pelipper|Hurricane|p2b: Kyogre\n|-activate|p2b: Kyogre|move: Protect\n|\n|-weather|RainDance|[upkeep]\n|-heal|p2a: Regieleki|7/100|[from] Grassy Terrain\n|-heal|p2b: Kyogre|100/100|[from] Grassy Terrain\n|-end|p2a: Regieleki|Throat Chop|[silent]\n|upkeep\n|turn|4\n|inactive|ShinyMoonBoi has 30 seconds left.\n|inactive|winner9630 has 30 seconds left.\n|inactive|ShinyMoonBoi has 20 seconds left.\n|\n|t:|1745993128\n|switch|p2a: Farigiraf|Farigiraf, L50, M|100/100\n|move|p1b: Rillaboom|Grassy Glide||[still]\n|cant|p2a: Farigiraf|ability: Armor Tail|Grassy Glide|[of] p1b: Rillaboom\n|move|p2b: Kyogre|Ice Beam|p1b: Rillaboom\n|-supereffective|p1b: Rillaboom\n|-damage|p1b: Rillaboom|48/100\n|move|p1a: Pelipper|Hurricane|p2b: Kyogre\n|-damage|p2b: Kyogre|54/100\n|-damage|p1a: Pelipper|91/100|[from] item: Life Orb\n|\n|-weather|RainDance|[upkeep]\n|-heal|p1b: Rillaboom|54/100|[from] Grassy Terrain\n|-heal|p2b: Kyogre|60/100|[from] Grassy Terrain\n|upkeep\n|turn|5\n|inactive|ShinyMoonBoi has 30 seconds left.\n|\n|t:|1745993161\n|move|p2a: Farigiraf|Ally Switch|p2a: Farigiraf\n|swap|p2a: Farigiraf|1|[from] move: Ally Switch\n|move|p1b: Rillaboom|Wood Hammer|p2a: Kyogre\n|-supereffective|p2a: Kyogre\n|-damage|p2a: Kyogre|0 fnt\n|faint|p2a: Kyogre\n|-damage|p1b: Rillaboom|37/100|[from] Recoil\n|move|p1a: Pelipper|Weather Ball|p2b: Farigiraf\n|-damage|p2b: Farigiraf|15/100\n|-damage|p1a: Pelipper|81/100|[from] item: Life Orb\n|\n|-weather|none\n|-heal|p1b: Rillaboom|43/100|[from] Grassy Terrain\n|-heal|p2b: Farigiraf|21/100|[from] Grassy Terrain\n|upkeep\n|\n|t:|1745993181\n|switch|p2a: Regieleki|Regieleki, L50|7/100\n|turn|6\n|\n|t:|1745993191\n|move|p2a: Regieleki|Protect|p2a: Regieleki\n|-singleturn|p2a: Regieleki|Protect\n|move|p1a: Pelipper|Protect|p1a: Pelipper\n|-singleturn|p1a: Pelipper|Protect\n|move|p1b: Rillaboom|U-turn|p2b: Farigiraf\n|-supereffective|p2b: Farigiraf\n|-damage|p2b: Farigiraf|0 fnt\n|-damage|p1b: Rillaboom|27/100|[from] item: Rocky Helmet|[of] p2b: Farigiraf\n|faint|p2b: Farigiraf\n|\n|-heal|p2a: Regieleki|13/100|[from] Grassy Terrain\n|-heal|p1b: Rillaboom|32/100|[from] Grassy Terrain\n|upkeep\n|\n|t:|1745993202\n|switch|p2b: Calyrex|Calyrex-Ice, L50|100/100\n|-ability|p2b: Calyrex|As One\n|-ability|p2b: Calyrex|Unnerve\n|turn|7\n|\n|t:|1745993223\n|-terastallize|p2a: Regieleki|Electric\n|move|p1b: Rillaboom|Grassy Glide|p2a: Regieleki\n|-damage|p2a: Regieleki|0 fnt\n|faint|p2a: Regieleki\n|move|p1a: Pelipper|Hurricane|p2b: Calyrex\n|-damage|p2b: Calyrex|55/100\n|-damage|p1a: Pelipper|71/100|[from] item: Life Orb\n|move|p2b: Calyrex|Glacial Lance|p1a: Pelipper|[spread] p1a,p1b\n|-supereffective|p1b: Rillaboom\n|-damage|p1a: Pelipper|13/100\n|-damage|p1b: Rillaboom|0 fnt\n|faint|p1b: Rillaboom\n|-ability|p2b: Calyrex|Chilling Neigh|boost\n|-boost|p2b: Calyrex|atk|1\n|\n|-heal|p2b: Calyrex|61/100|[from] Grassy Terrain\n|-fieldend|move: Grassy Terrain\n|upkeep\n|turn|8\n|\n|t:|1745993245\n|move|p1a: Pelipper|Hurricane|p2b: Calyrex\n|-damage|p2b: Calyrex|18/100\n|-damage|p1a: Pelipper|3/100|[from] item: Life Orb\n|move|p2b: Calyrex|Close Combat|p1a: Pelipper\n|-resisted|p1a: Pelipper\n|-damage|p1a: Pelipper|0 fnt\n|-unboost|p2b: Calyrex|def|1\n|-unboost|p2b: Calyrex|spd|1\n|faint|p1a: Pelipper\n|\n|win|winner9630\n|inactive|ShinyMoonBoi has 30 seconds to confirm battle start!\n|inactive|winner9630 has 30 seconds to confirm battle start!\n||winner9630 is ready for game 2.\n||ShinyMoonBoi is ready for game 2.\n|uhtml|next|Next: <a href=\"/battle-gen9vgc2025regibo3-2353748361\"><strong>Game 2 of 3</strong></a>\n", "uploadtime": 1745993532, "views": 6, "formatid": "gen9vgc2025regibo3", "rating": null, "private": 0, "password": null}