{"id": "gen9vgc2025regibo3-2354873430", "format": "[Gen 9] VGC 2025 Reg I (Bo3)", "players": ["ZKShadows", "Pokedude122"], "log": "|j|\u2606ZKShadows\n|j|\u2606Pokedude122\n|html|<table width=\"100%\"><tr><td align=\"left\">ZKShadows</td><td align=\"right\">Pokedude122</tr><tr><td align=\"left\"><i class=\"fa fa-circle-o\"></i> <i class=\"fa fa-circle-o\"></i> </td><td align=\"right\"><i class=\"fa fa-circle-o\"></i> <i class=\"fa fa-circle-o\"></i> </tr></table>\n|uhtml|bestof|<h2><strong>Game 1</strong> of <a href=\"/game-bestof3-gen9vgc2025regibo3-2354873429\">a best-of-3</a></h2>\n|t:|1746127321\n|gametype|doubles\n|player|p1|ZKShadows|giovanni|\n|player|p2|Pokedude122|101|\n|teamsize|p1|6\n|teamsize|p2|6\n|gen|9\n|tier|[Gen 9] VGC 2025 Reg I (Bo3)\n|rule|Species Clause: Limit one of each Pok\u00e9mon\n|rule|Item Clause: Limit 1 of each item\n|clearpoke\n|poke|p1|Sableye, L50, F|\n|poke|p1|Arboliva, L50, F|\n|poke|p1|Glimmora, L50, F|\n|poke|p1|Typhlosion-Hisui, L50, M|\n|poke|p1|Garganacl, L50, M|\n|poke|p1|Tauros-Paldea-Aqua, L50, M|\n|poke|p2|Garchomp, L50, M|\n|poke|p2|Volcarona, L50, M|\n|poke|p2|Milotic, L50, F|\n|poke|p2|Spiritomb, L50, M|\n|poke|p2|Corviknight, L50, M|\n|poke|p2|Gardevoir, L50, M|\n|teampreview|4\n|showteam|p1|Sableye||LightClay|Prankster|FakeOut,FoulPlay,LightScreen,Reflect|||F|||50|,,,,,Dark]Arboliva||ThroatSpray|SeedSower|EnergyBall,HyperVoice,EarthPower,Protect|||F|||50|,,,,,Grass]Glimmora||SitrusBerry|ToxicDebris|SludgeBomb,PowerGem,DazzlingGleam,SpikyShield|||F|||50|,,,,,Flying]Typhlosion-Hisui||ChoiceScarf|Blaze|Eruption,ShadowBall,Extrasensory,FireBlast|||M|||50|,,,,,Fire]Garganacl||Leftovers|PurifyingSalt|SaltCure,WideGuard,Protect,Recover|||M|||50|,,,,,Ghost]Tauros-Paldea-Aqua||LifeOrb|Intimidate|WaveCrash,CloseCombat,AquaJet,Protect|||M|||50|,,,,,Fighting\n|showteam|p2|Garchomp||LifeOrb|RoughSkin|Earthquake,Protect,DragonClaw,RockSlide|||M|||50|,,,,,Ground]Volcarona||CovertCloak|FlameBody|Flamethrower,RagePowder,BugBuzz,Protect|||M|||50|,,,,,Grass]Milotic||ZoomLens|Competitive|Coil,Hypnosis,MuddyWater,Recover|||F|||50|,,,,,Dragon]Spiritomb||SitrusBerry|Infiltrator|CalmMind,DarkPulse,WillOWisp,PainSplit|||M|||50|,,,,,Grass]Corviknight||RockyHelmet|Pressure|Tailwind,BodyPress,IronDefense,Roost|||M|||50|,,,,,Dragon]Gardevoir||FocusSash|Telepathy|MysticalFire,Moonblast,Imprison,TrickRoom|||M|||50|,,,,,Fire\n|\n|t:|1746127420\n|start\n|switch|p1a: SmolTaxBreak|Sableye, L50, F|100/100\n|switch|p1b: Trev-nant|Arboliva, L50, F|100/100\n|switch|p2a: Volcarona|Volcarona, L50, M|100/100\n|switch|p2b: Spiritomb|Spiritomb, L50, M|100/100\n|turn|1\n|\n|t:|1746127465\n|switch|p2b: Corviknight|Corviknight, L50, M|100/100\n|-ability|p2b: Corviknight|Pressure\n|move|p1a: SmolTaxBreak|Light Screen|p1a: SmolTaxBreak\n|-sidestart|p1: ZKShadows|move: Light Screen\n|move|p2a: Volcarona|Bug Buzz|p1b: Trev-nant\n|-supereffective|p1b: Trev-nant\n|-damage|p1b: Trev-nant|48/100\n|-fieldstart|move: Grassy Terrain|[from] ability: Seed Sower|[of] p1b: Trev-nant\n|move|p1b: Trev-nant|Hyper Voice|p2a: Volcarona|[spread] p2a,p2b\n|-resisted|p2b: Corviknight\n|-damage|p2a: Volcarona|72/100\n|-damage|p2b: Corviknight|88/100\n|-enditem|p1b: Trev-nant|Throat Spray\n|-boost|p1b: Trev-nant|spa|1|[from] item: Throat Spray\n|\n|-heal|p2a: Volcarona|78/100|[from] Grassy Terrain\n|-heal|p1b: Trev-nant|54/100|[from] Grassy Terrain\n|upkeep\n|turn|2\n|\n|t:|1746127498\n|move|p1a: SmolTaxBreak|Reflect|p1a: SmolTaxBreak\n|-sidestart|p1: ZKShadows|Reflect\n|move|p2a: Volcarona|Bug Buzz|p1b: Trev-nant\n|-supereffective|p1b: Trev-nant\n|-damage|p1b: Trev-nant|6/100\n|move|p2b: Corviknight|Tailwind|p2b: Corviknight\n|-sidestart|p2: Pokedude122|move: Tailwind\n|move|p1b: Trev-nant|Earth Power|p2a: Volcarona\n|-damage|p2a: Volcarona|36/100\n|\n|-heal|p2a: Volcarona|43/100|[from] Grassy Terrain\n|-heal|p1b: Trev-nant|12/100|[from] Grassy Terrain\n|upkeep\n|turn|3\n|\n|t:|1746127516\n|switch|p1a: BlueAsbestos|Glimmora, L50, F|100/100\n|switch|p1b: Flavor Town|Garganacl, L50, M, shiny|100/100\n|move|p2a: Volcarona|Protect|p2a: Volcarona\n|-singleturn|p2a: Volcarona|Protect\n|move|p2b: Corviknight|Iron Defense|p2b: Corviknight\n|-boost|p2b: Corviknight|def|2\n|\n|-heal|p2a: Volcarona|49/100|[from] Grassy Terrain\n|upkeep\n|turn|4\n|\n|t:|1746127558\n|switch|p2a: Garchomp|Garchomp, L50, M|100/100\n|move|p2b: Corviknight|Iron Defense|p2b: Corviknight\n|-boost|p2b: Corviknight|def|2\n|move|p1a: BlueAsbestos|Dazzling Gleam|p2b: Corviknight|[spread] p2a,p2b\n|-supereffective|p2a: Garchomp\n|-resisted|p2b: Corviknight\n|-damage|p2a: Garchomp|49/100\n|-damage|p2b: Corviknight|80/100\n|move|p1b: Flavor Town|Salt Cure|p2b: Corviknight\n|-damage|p2b: Corviknight|75/100\n|-start|p2b: Corviknight|Salt Cure\n|\n|-heal|p2a: Garchomp|55/100|[from] Grassy Terrain\n|-damage|p2b: Corviknight|50/100|[from] Salt Cure\n|upkeep\n|turn|5\n|\n|t:|1746127593\n|-terastallize|p2a: Garchomp|Ground\n|-terastallize|p1b: Flavor Town|Ghost\n|move|p1b: Flavor Town|Wide Guard|p1b: Flavor Town\n|-singleturn|p1b: Flavor Town|Wide Guard\n|move|p2a: Garchomp|Earthquake|p1a: BlueAsbestos|[spread] \n|-activate|p1a: BlueAsbestos|move: Wide Guard\n|-activate|p1b: Flavor Town|move: Wide Guard\n|-immune|p2b: Corviknight\n|move|p2b: Corviknight|Body Press|p1b: Flavor Town\n|-immune|p1b: Flavor Town\n|move|p1a: BlueAsbestos|Dazzling Gleam|p2a: Garchomp|[spread] p2a,p2b\n|-resisted|p2b: Corviknight\n|-damage|p2a: Garchomp|34/100\n|-damage|p2b: Corviknight|42/100\n|\n|-heal|p2a: Garchomp|40/100|[from] Grassy Terrain\n|-damage|p2b: Corviknight|18/100|[from] Salt Cure\n|-sideend|p2: Pokedude122|move: Tailwind\n|-fieldend|move: Grassy Terrain\n|upkeep\n|turn|6\n|\n|t:|1746127645\n|move|p2a: Garchomp|Protect|p2a: Garchomp\n|-singleturn|p2a: Garchomp|Protect\n|move|p1a: BlueAsbestos|Spiky Shield|p1a: BlueAsbestos\n|-singleturn|p1a: BlueAsbestos|move: Protect\n|move|p2b: Corviknight|Body Press|p1a: BlueAsbestos\n|-activate|p1a: BlueAsbestos|move: Protect\n|-damage|p2b: Corviknight|5/100|[from] Spiky Shield|[of] p1a: BlueAsbestos\n|move|p1b: Flavor Town|Salt Cure|p2b: Corviknight\n|-damage|p2b: Corviknight|1/100\n|\n|-damage|p2b: Corviknight|0 fnt|[from] Salt Cure\n|faint|p2b: Corviknight\n|upkeep\n|\n|t:|1746127667\n|switch|p2b: Spiritomb|Spiritomb, L50, M|100/100\n|turn|7\n|\n|t:|1746127689\n|move|p1b: Flavor Town|Wide Guard|p1b: Flavor Town\n|-singleturn|p1b: Flavor Town|Wide Guard\n|move|p2a: Garchomp|Rock Slide|p1a: BlueAsbestos|[spread] \n|-activate|p1a: BlueAsbestos|move: Wide Guard\n|-activate|p1b: Flavor Town|move: Wide Guard\n|move|p1a: BlueAsbestos|Dazzling Gleam|p2a: Garchomp|[spread] p2a,p2b\n|-supereffective|p2b: Spiritomb\n|-damage|p2a: Garchomp|14/100\n|-damage|p2b: Spiritomb|52/100\n|move|p2b: Spiritomb|Calm Mind|p2b: Spiritomb\n|-boost|p2b: Spiritomb|spa|1\n|-boost|p2b: Spiritomb|spd|1\n|\n|upkeep\n|turn|8\n|\n|t:|1746127715\n|move|p2a: Garchomp|Protect|p2a: Garchomp\n|-singleturn|p2a: Garchomp|Protect\n|move|p1a: BlueAsbestos|Dazzling Gleam|p2a: Garchomp|[spread] p2b\n|-activate|p2a: Garchomp|move: Protect\n|-supereffective|p2b: Spiritomb\n|-damage|p2b: Spiritomb|20/100\n|-enditem|p2b: Spiritomb|Sitrus Berry|[eat]\n|-heal|p2b: Spiritomb|45/100|[from] item: Sitrus Berry\n|move|p1b: Flavor Town|Salt Cure|p2b: Spiritomb\n|-damage|p2b: Spiritomb|31/100\n|-start|p2b: Spiritomb|Salt Cure\n|move|p2b: Spiritomb|Pain Split|p1b: Flavor Town\n|-sethp|p1b: Flavor Town|62/100|[from] move: Pain Split|[silent]\n|-sethp|p2b: Spiritomb|81/100|[from] move: Pain Split\n|\n|-heal|p1b: Flavor Town|68/100|[from] item: Leftovers\n|-damage|p2b: Spiritomb|69/100|[from] Salt Cure\n|-sideend|p1: ZKShadows|move: Light Screen\n|upkeep\n|turn|9\n|\n|t:|1746127754\n|move|p2a: Garchomp|Protect||[still]\n|-fail|p2a: Garchomp\n|move|p1a: BlueAsbestos|Dazzling Gleam|p2a: Garchomp|[spread] p2a,p2b\n|-supereffective|p2b: Spiritomb\n|-damage|p2a: Garchomp|0 fnt\n|-damage|p2b: Spiritomb|39/100\n|faint|p2a: Garchomp\n|move|p1b: Flavor Town|Salt Cure|p2b: Spiritomb\n|-damage|p2b: Spiritomb|25/100\n|move|p2b: Spiritomb|Will-O-Wisp|p1b: Flavor Town\n|-immune|p1b: Flavor Town|[from] ability: Purifying Salt\n|\n|-heal|p1b: Flavor Town|73/100|[from] item: Leftovers\n|-damage|p2b: Spiritomb|13/100|[from] Salt Cure\n|-sideend|p1: ZKShadows|Reflect\n|upkeep\n|\n|t:|1746127771\n|switch|p2a: Volcarona|Volcarona, L50, M|49/100\n|turn|10\n|\n|t:|1746127790\n|move|p2a: Volcarona|Rage Powder|p2a: Volcarona\n|-singleturn|p2a: Volcarona|move: Rage Powder\n|move|p1a: BlueAsbestos|Power Gem|p2a: Volcarona\n|-supereffective|p2a: Volcarona\n|-damage|p2a: Volcarona|0 fnt\n|faint|p2a: Volcarona\n|move|p1b: Flavor Town|Salt Cure|p2b: Spiritomb\n|-damage|p2b: Spiritomb|1/100\n|move|p2b: Spiritomb|Pain Split|p1a: BlueAsbestos\n|-sethp|p1a: BlueAsbestos|50/100|[from] move: Pain Split|[silent]\n|-sethp|p2b: Spiritomb|61/100|[from] move: Pain Split\n|-enditem|p1a: BlueAsbestos|Sitrus Berry|[eat]\n|-heal|p1a: BlueAsbestos|75/100|[from] item: Sitrus Berry\n|\n|-heal|p1b: Flavor Town|79/100|[from] item: Leftovers\n|-damage|p2b: Spiritomb|49/100|[from] Salt Cure\n|upkeep\n|turn|11\n|\n|t:|1746127820\n|move|p1a: BlueAsbestos|Dazzling Gleam|p2b: Spiritomb\n|-supereffective|p2b: Spiritomb\n|-damage|p2b: Spiritomb|8/100\n|move|p1b: Flavor Town|Salt Cure|p2b: Spiritomb\n|-damage|p2b: Spiritomb|0 fnt\n|faint|p2b: Spiritomb\n|\n|win|ZKShadows\n||ZKShadows is ready for game 2.\n", "uploadtime": 1746127827, "views": 13, "formatid": "gen9vgc2025regibo3", "rating": null, "private": 0, "password": null}