{"id": "gen9vgc2025regibo3-2354460768", "format": "[Gen 9] VGC 2025 Reg I (Bo3)", "players": ["TheParasectKing", "lexerthanatauros"], "log": "|j|\u2606TheParasectKing\n|j|\u2606lexerthanatauros\n|html|<table width=\"100%\"><tr><td align=\"left\">TheParasectKing</td><td align=\"right\">lexerthanatauros</tr><tr><td align=\"left\"><i class=\"fa fa-circle\"></i> <i class=\"fa fa-circle-o\"></i> </td><td align=\"right\"><i class=\"fa fa-circle-o\"></i> <i class=\"fa fa-circle-o\"></i> </tr></table>\n|uhtml|bestof|<h2><strong>Game 2</strong> of <a href=\"/game-bestof3-gen9vgc2025regibo3-2354459898\">a best-of-3</a></h2>\n|t:|1746075091\n|gametype|doubles\n|player|p1|TheParasectKing|acetrainer-gen4dp|1133\n|player|p2|lexerthanatauros|lucas|1115\n|teamsize|p1|6\n|teamsize|p2|6\n|gen|9\n|tier|[Gen 9] VGC 2025 Reg I (Bo3)\n|rated|\n|rule|Species Clause: Limit one of each Pok\u00e9mon\n|rule|Item Clause: Limit 1 of each item\n|clearpoke\n|poke|p1|Koraidon, L50|\n|poke|p1|Tornadus, L50, M|\n|poke|p1|Flutter Mane, L50|\n|poke|p1|Zacian-*, L50|\n|poke|p1|Chi-Yu, L50|\n|poke|p1|Walking Wake, L50|\n|poke|p2|Zamazenta-*, L50|\n|poke|p2|Kyurem-White, L50|\n|poke|p2|Mimikyu, L50, M|\n|poke|p2|Ninetales-Alola, L50, F|\n|poke|p2|Articuno, L50|\n|poke|p2|Incineroar, L50, M|\n|teampreview|4\n|showteam|p1|Koraidon||ClearAmulet|OrichalcumPulse|CloseCombat,FlareBlitz,FlameCharge,Protect||||||50|,,,,,Fire]Tornadus||CovertCloak|Prankster|Tailwind,BleakwindStorm,SunnyDay,Protect|||M|||50|,,,,,Dark]Flutter Mane||ChoiceSpecs|Protosynthesis|Moonblast,ShadowBall,DazzlingGleam,Thunderbolt||||||50|,,,,,Dark]Zacian-Crowned||RustedSword|IntrepidSword|behemothblade,PlayRough,SacredSword,Protect||||||50|,,,,,Water]Chi-Yu||FocusSash|BeadsofRuin|HeatWave,DarkPulse,Taunt,Protect||||||50|,,,,,Ghost]Walking Wake||ChoiceScarf|Protosynthesis|HydroSteam,DragonPulse,Snarl,FlipTurn||||||50|,,,,,Grass\n|showteam|p2|Zamazenta-Crowned||RustedShield|DauntlessShield|BodyPress,HeavySlam,WideGuard,Protect||||||50|,,,,,Dragon]Kyurem-White||ChoiceScarf|Turboblaze|Blizzard,FreezeDry,FusionFlare,DracoMeteor||||||50|,,,,,Ghost]Mimikyu||SitrusBerry|Disguise|Trick,WillOWisp,DestinyBond,PlayRough|||M|||50|,,,,,Fairy]Ninetales-Alola||LightClay|SnowWarning|AuroraVeil,Moonblast,HelpingHand,Protect|||F|||50|,,,,,Ghost]Articuno||AssaultVest|SnowCloak|Blizzard,FreezeDry,IcyWind,Hurricane||||||50|,,,,,Ice]Incineroar||RockyHelmet|Intimidate|WillOWisp,FakeOut,KnockOff,PartingShot|||M|||50|,,,,,Bug\n|inactive|Battle timer is ON: inactive players will automatically lose when time's up. (requested by TheParasectKing)\n|\n|t:|1746075111\n|start\n|switch|p1a: Tornadus|Tornadus, L50, M|100/100\n|switch|p1b: Koraidon|Koraidon, L50|100/100\n|switch|p2a: Zamazenta|Zamazenta-Crowned, L50|100/100\n|switch|p2b: Incineroar|Incineroar, L50, M|100/100\n|-weather|SunnyDay|[from] ability: Orichalcum Pulse|[of] p1b: Koraidon\n|-activate|p1b: Koraidon|Orichalcum Pulse|[source]\n|-ability|p2a: Zamazenta|Dauntless Shield|boost\n|-boost|p2a: Zamazenta|def|1\n|-ability|p2b: Incineroar|Intimidate|boost\n|-unboost|p1a: Tornadus|atk|1\n|-fail|p1b: Koraidon|unboost|[from] item: Clear Amulet|[of] p1b: Koraidon\n|turn|1\n|\n|t:|1746075120\n|move|p1b: Koraidon|Protect|p1b: Koraidon\n|-singleturn|p1b: Koraidon|Protect\n|move|p1a: Tornadus|Tailwind|p1a: Tornadus\n|-sidestart|p1: TheParasectKing|move: Tailwind\n|move|p2a: Zamazenta|Heavy Slam|p1a: Tornadus\n|-damage|p1a: Tornadus|29/100\n|move|p2b: Incineroar|Knock Off|p1a: Tornadus\n|-damage|p1a: Tornadus|0 fnt\n|-enditem|p1a: Tornadus|Covert Cloak|[from] move: Knock Off|[of] p2b: Incineroar\n|faint|p1a: Tornadus\n|\n|-weather|SunnyDay|[upkeep]\n|upkeep\n|\n|t:|1746075131\n|switch|p1a: Zacian|Zacian-Crowned, L50|100/100\n|-ability|p1a: Zacian|Intrepid Sword|boost\n|-boost|p1a: Zacian|atk|1\n|turn|2\n|\n|t:|1746075141\n|-terastallize|p1b: Koraidon|Fire\n|-terastallize|p2b: Incineroar|Bug\n|move|p1a: Zacian|Protect|p1a: Zacian\n|-singleturn|p1a: Zacian|Protect\n|move|p2a: Zamazenta|Protect|p2a: Zamazenta\n|-singleturn|p2a: Zamazenta|Protect\n|move|p1b: Koraidon|Flare Blitz|p2a: Zamazenta\n|-activate|p2a: Zamazenta|move: Protect\n|move|p2b: Incineroar|Will-O-Wisp|p1a: Zacian\n|-activate|p1a: Zacian|move: Protect\n|\n|-weather|SunnyDay|[upkeep]\n|upkeep\n|turn|3\n|\n|t:|1746075159\n|switch|p2b: Ninetales|Ninetales-Alola, L50, F|100/100\n|-weather|Snowscape|[from] ability: Snow Warning|[of] p2b: Ninetales\n|move|p1a: Zacian|Sacred Sword|p2a: Zamazenta\n|-supereffective|p2a: Zamazenta\n|-damage|p2a: Zamazenta|45/100\n|move|p1b: Koraidon|Flare Blitz|p2b: Ninetales\n|-supereffective|p2b: Ninetales\n|-damage|p2b: Ninetales|0 fnt\n|faint|p2b: Ninetales\n|-damage|p1b: Koraidon|67/100|[from] Recoil\n|move|p2a: Zamazenta|Body Press|p1b: Koraidon\n|-damage|p1b: Koraidon|5/100\n|\n|-weather|Snowscape|[upkeep]\n|upkeep\n|\n|t:|1746075172\n|switch|p2b: Kyurem|Kyurem-White, L50|100/100\n|-ability|p2b: Kyurem|Turboblaze\n|turn|4\n|\n|t:|1746075186\n|switch|p2b: Incineroar|Incineroar, L50, M, tera:Bug|100/100\n|-ability|p2b: Incineroar|Intimidate|boost\n|-unboost|p1a: Zacian|atk|1\n|-fail|p1b: Koraidon|unboost|[from] item: Clear Amulet|[of] p1b: Koraidon\n|move|p1a: Zacian|Behemoth Blade|p2b: Incineroar\n|-damage|p2b: Incineroar|54/100\n|-damage|p1a: Zacian|84/100|[from] item: Rocky Helmet|[of] p2b: Incineroar\n|move|p1b: Koraidon|Close Combat|p2a: Zamazenta\n|-supereffective|p2a: Zamazenta\n|-crit|p2a: Zamazenta\n|-damage|p2a: Zamazenta|0 fnt\n|-unboost|p1b: Koraidon|def|1\n|-unboost|p1b: Koraidon|spd|1\n|faint|p2a: Zamazenta\n|\n|-weather|Snowscape|[upkeep]\n|-sideend|p1: TheParasectKing|move: Tailwind\n|upkeep\n|\n|t:|1746075197\n|switch|p2a: Kyurem|Kyurem-White, L50|100/100\n|-ability|p2a: Kyurem|Turboblaze\n|turn|5\n|\n|t:|1746075209\n|switch|p1b: Flutter Mane|Flutter Mane, L50|100/100\n|move|p1a: Zacian|Protect|p1a: Zacian\n|-singleturn|p1a: Zacian|Protect\n|move|p2b: Incineroar|Fake Out|p1b: Flutter Mane\n|-immune|p1b: Flutter Mane\n|move|p2a: Kyurem|Fusion Flare|p1a: Zacian\n|-activate|p1a: Zacian|move: Protect\n|\n|-weather|Snowscape|[upkeep]\n|upkeep\n|turn|6\n|\n|t:|1746075222\n|switch|p1a: Koraidon|Koraidon, L50, tera:Fire|5/100\n|-weather|SunnyDay|[from] ability: Orichalcum Pulse|[of] p1a: Koraidon\n|-activate|p1b: Flutter Mane|ability: Protosynthesis\n|-start|p1b: Flutter Mane|protosynthesisspe\n|-activate|p1a: Koraidon|Orichalcum Pulse|[source]\n|move|p1b: Flutter Mane|Moonblast|p2a: Kyurem\n|-supereffective|p2a: Kyurem\n|-damage|p2a: Kyurem|0 fnt\n|faint|p2a: Kyurem\n|move|p2b: Incineroar|Knock Off|p1b: Flutter Mane\n|-damage|p1b: Flutter Mane|18/100\n|-enditem|p1b: Flutter Mane|Choice Specs|[from] move: Knock Off|[of] p2b: Incineroar\n|\n|-weather|SunnyDay|[upkeep]\n|upkeep\n|turn|7\n|-message|lexerthanatauros forfeited.\n|\n|win|TheParasectKing\n|raw|TheParasectKing's rating: 1133 &rarr; <strong>1157</strong><br />(+24 for winning)\n|raw|lexerthanatauros's rating: 1115 &rarr; <strong>1091</strong><br />(-24 for losing)\n|l|\u2606lexerthanatauros\n|player|p2|\n", "uploadtime": 1746075237, "views": 14, "formatid": "gen9vgc2025regibo3", "rating": 1091, "private": 0, "password": null}