{"id": "gen9vgc2025regibo3-2353867316", "format": "[Gen 9] VGC 2025 Reg I (Bo3)", "players": ["PTP_VGC", "ggfsb"], "log": "|j|\u2606PTP_VGC\n|j|\u2606ggfsb\n|html|<table width=\"100%\"><tr><td align=\"left\">PTP_VGC</td><td align=\"right\">ggfsb</tr><tr><td align=\"left\"><i class=\"fa fa-circle-o\"></i> <i class=\"fa fa-circle-o\"></i> </td><td align=\"right\"><i class=\"fa fa-circle-o\"></i> <i class=\"fa fa-circle-o\"></i> </tr></table>\n|uhtml|bestof|<h2><strong>Game 1</strong> of <a href=\"/game-bestof3-gen9vgc2025regibo3-2353867315\">a best-of-3</a></h2>\n|t:|1746012538\n|gametype|doubles\n|player|p1|PTP_VGC|birdkeeper|1409\n|player|p2|ggfsb|palmer|1284\n|teamsize|p1|6\n|teamsize|p2|6\n|gen|9\n|tier|[Gen 9] VGC 2025 Reg I (Bo3)\n|rated|\n|rule|Species Clause: Limit one of each Pok\u00e9mon\n|rule|Item Clause: Limit 1 of each item\n|clearpoke\n|poke|p1|Calyrex-Shadow, L50|\n|poke|p1|Zamazenta-*, L50|\n|poke|p1|Urshifu-*, L50, F|\n|poke|p1|Tornadus, L50, M|\n|poke|p1|Ogerpon-Hearthflame, L50, F|\n|poke|p1|Chien-Pao, L50|\n|poke|p2|Kyogre, L50|\n|poke|p2|Mienshao, L50, M|\n|poke|p2|Zacian-*, L50|\n|poke|p2|Tornadus, L50, M|\n|poke|p2|Amoonguss, L50, M|\n|poke|p2|Incineroar, L50, M|\n|teampreview|4\n|showteam|p1|Calyrex-Shadow||LifeOrb|AsOneSpectrier|AstralBarrage,Psychic,Imprison,Protect||||||50|,,,,,Ghost]Zamazenta-Crowned||RustedShield|DauntlessShield|BodyPress,HeavySlam,WideGuard,Protect||||||50|,,,,,Dragon]Urshifu-Rapid-Strike||MysticWater|UnseenFist|SurgingStrikes,AquaJet,CloseCombat,Detect|||F|||50|,,,,,Water]Tornadus||CovertCloak|Prankster|AirSlash,Tailwind,RainDance,Taunt|||M|||50|,,,,,Dark]Ogerpon-Hearthflame||HearthflameMask|MoldBreaker|IvyCudgel,WoodHammer,FollowMe,SpikyShield|||F|||50|,,,,,Fire]Chien-Pao||FocusSash|SwordofRuin|IceSpinner,ThroatChop,SuckerPunch,Protect||||||50|,,,,,Ghost\n|showteam|p2|Kyogre||ChoiceScarf|Drizzle|WaterSpout,OriginPulse,IceBeam,Thunder||||||50|,,,,,Water]Mienshao||FocusSash|InnerFocus|KnockOff,WideGuard,Feint,CloseCombat|||M|||50|,,,,,Dark]Zacian-Crowned||RustedSword|IntrepidSword|behemothblade,SacredSword,TeraBlast,Protect||||||50|,,,,,Ground]Tornadus||CovertCloak|Prankster|Tailwind,RainDance,BleakwindStorm,Taunt|||M|||50|,,,,,Dark]Amoonguss||RockyHelmet|Regenerator|Spore,RagePowder,PollenPuff,Protect|||M|||50|,,,,,Water]Incineroar||SafetyGoggles|Intimidate|WillOWisp,KnockOff,FakeOut,PartingShot|||M|||50|,,,,,Bug\n|inactive|Battle timer is ON: inactive players will automatically lose when time's up. (requested by ggfsb)\n|inactive|PTP_VGC has 60 seconds left.\n|inactive|ggfsb has 60 seconds left.\n|inactive|PTP_VGC has 30 seconds left.\n|\n|t:|1746012604\n|start\n|switch|p1a: Zamazenta|Zamazenta-Crowned, L50|100/100\n|switch|p1b: Tornadus|Tornadus, L50, M|100/100\n|switch|p2a: Incineroar|Incineroar, L50, M|100/100\n|switch|p2b: Tornadus|Tornadus, L50, M|100/100\n|-ability|p1a: Zamazenta|Dauntless Shield|boost\n|-boost|p1a: Zamazenta|def|1\n|-ability|p2a: Incineroar|Intimidate|boost\n|-unboost|p1a: Zamazenta|atk|1\n|-unboost|p1b: Tornadus|atk|1\n|turn|1\n|inactive|ggfsb has 30 seconds left.\n|\n|t:|1746012639\n|-terastallize|p2a: Incineroar|Bug\n|move|p1a: Zamazenta|Protect|p1a: Zamazenta\n|-singleturn|p1a: Zamazenta|Protect\n|move|p2b: Tornadus|Taunt|p1b: Tornadus\n|-start|p1b: Tornadus|move: Taunt\n|cant|p1b: Tornadus|move: Taunt|Taunt\n|move|p2a: Incineroar|Will-O-Wisp|p1a: Zamazenta\n|-activate|p1a: Zamazenta|move: Protect\n|\n|upkeep\n|turn|2\n|inactive|ggfsb has 30 seconds left.\n|\n|t:|1746012666\n|move|p1a: Zamazenta|Heavy Slam|p2a: Incineroar\n|-damage|p2a: Incineroar|73/100\n|move|p2b: Tornadus|Bleakwind Storm|p1a: Zamazenta|[spread] p1a,p1b\n|-damage|p1a: Zamazenta|73/100\n|-damage|p1b: Tornadus|55/100\n|-unboost|p1a: Zamazenta|spe|1\n|move|p1b: Tornadus|Air Slash|p2a: Incineroar\n|-supereffective|p2a: Incineroar\n|-damage|p2a: Incineroar|1/100\n|move|p2a: Incineroar|Knock Off|p1b: Tornadus\n|-damage|p1b: Tornadus|11/100\n|-enditem|p1b: Tornadus|Covert Cloak|[from] move: Knock Off|[of] p2a: Incineroar\n|\n|upkeep\n|turn|3\n|inactive|PTP_VGC has 30 seconds left.\n|inactive|ggfsb has 30 seconds left.\n|inactive|PTP_VGC has 20 seconds left.\n|inactive|PTP_VGC has 15 seconds left.\n|\n|t:|1746012706\n|switch|p1b: Urshifu|Urshifu-Rapid-Strike, L50, F|100/100\n|move|p2b: Tornadus|Tailwind|p2b: Tornadus\n|-sidestart|p2: ggfsb|move: Tailwind\n|move|p2a: Incineroar|Will-O-Wisp|p1a: Zamazenta|[miss]\n|-miss|p2a: Incineroar|p1a: Zamazenta\n|move|p1a: Zamazenta|Heavy Slam|p2a: Incineroar\n|-crit|p2a: Incineroar\n|-damage|p2a: Incineroar|0 fnt\n|faint|p2a: Incineroar\n|\n|upkeep\n|\n|t:|1746012716\n|switch|p2a: Kyogre|Kyogre, L50|100/100\n|-weather|RainDance|[from] ability: Drizzle|[of] p2a: Kyogre\n|turn|4\n|inactive|ggfsb has 30 seconds left.\n|\n|t:|1746012748\n|move|p1b: Urshifu|Detect|p1b: Urshifu\n|-singleturn|p1b: Urshifu|Protect\n|move|p1a: Zamazenta|Protect|p1a: Zamazenta\n|-singleturn|p1a: Zamazenta|Protect\n|move|p2b: Tornadus|Taunt|p1a: Zamazenta\n|-activate|p1a: Zamazenta|move: Protect\n|move|p2a: Kyogre|Thunder|p1b: Urshifu\n|-activate|p1b: Urshifu|move: Protect\n|\n|-weather|RainDance|[upkeep]\n|upkeep\n|turn|5\n|inactive|PTP_VGC has 30 seconds left.\n|\n|t:|1746012776\n|switch|p2a: Mienshao|Mienshao, L50, M|100/100\n|move|p1b: Urshifu|Aqua Jet|p2b: Tornadus\n|-damage|p2b: Tornadus|40/100\n|move|p2b: Tornadus|Bleakwind Storm|p1b: Urshifu|[spread] p1a,p1b\n|-supereffective|p1b: Urshifu\n|-damage|p1a: Zamazenta|45/100\n|-damage|p1b: Urshifu|8/100\n|-unboost|p1a: Zamazenta|spe|1\n|move|p1a: Zamazenta|Body Press|p2a: Mienshao\n|-enditem|p2a: Mienshao|Focus Sash\n|-damage|p2a: Mienshao|1/100\n|\n|-weather|RainDance|[upkeep]\n|upkeep\n|turn|6\n|inactive|PTP_VGC has 30 seconds left.\n|inactive|ggfsb has 30 seconds left.\n|inactive|PTP_VGC has 20 seconds left.\n|\n|t:|1746012813\n|-terastallize|p1a: Zamazenta|Dragon\n|move|p2a: Mienshao|Feint|p1a: Zamazenta\n|-damage|p1a: Zamazenta|41/100\n|move|p2b: Tornadus|Taunt|p1a: Zamazenta\n|-start|p1a: Zamazenta|move: Taunt\n|move|p1b: Urshifu|Aqua Jet|p2b: Tornadus\n|-damage|p2b: Tornadus|0 fnt\n|faint|p2b: Tornadus\n|move|p1a: Zamazenta|Body Press|p2a: Mienshao\n|-damage|p2a: Mienshao|0 fnt\n|faint|p2a: Mienshao\n|\n|-weather|RainDance|[upkeep]\n|-sideend|p2: ggfsb|move: Tailwind\n|upkeep\n|\n|t:|1746012820\n|switch|p2b: Kyogre|Kyogre, L50|100/100\n|turn|7\n|\n|t:|1746012829\n|move|p1b: Urshifu|Aqua Jet|p2b: Kyogre\n|-resisted|p2b: Kyogre\n|-damage|p2b: Kyogre|79/100\n|move|p2b: Kyogre|Water Spout|p1b: Urshifu|[spread] p1a,p1b\n|-resisted|p1a: Zamazenta\n|-resisted|p1b: Urshifu\n|-damage|p1a: Zamazenta|14/100\n|-damage|p1b: Urshifu|0 fnt\n|faint|p1b: Urshifu\n|move|p1a: Zamazenta|Body Press|p2b: Kyogre\n|-damage|p2b: Kyogre|4/100\n|\n|-weather|RainDance|[upkeep]\n|upkeep\n|\n|t:|1746012836\n|switch|p1b: Tornadus|Tornadus, L50, M|11/100\n|turn|8\n|\n|t:|1746012844\n|move|p1b: Tornadus|Tailwind|p1b: Tornadus\n|-sidestart|p1: PTP_VGC|move: Tailwind\n|move|p2b: Kyogre|Water Spout|p1b: Tornadus|[spread] p1a,p1b\n|-resisted|p1a: Zamazenta\n|-damage|p1a: Zamazenta|12/100\n|-damage|p1b: Tornadus|7/100\n|move|p1a: Zamazenta|Body Press|p2b: Kyogre\n|-damage|p2b: Kyogre|0 fnt\n|faint|p2b: Kyogre\n|\n|win|PTP_VGC\n|l|\u2606ggfsb\n|player|p2|\n||PTP_VGC is ready for game 2.\n||ggfsb is ready for game 2.\n|uhtml|next|Next: <a href=\"/battle-gen9vgc2025regibo3-2353869645\"><strong>Game 2 of 3</strong></a>\n|l|\u2606PTP_VGC\n|player|p1|\n", "uploadtime": 1746013174, "views": 7, "formatid": "gen9vgc2025regibo3", "rating": null, "private": 0, "password": null}