{"id": "gen9vgc2025regibo3-2354346712", "format": "[Gen 9] VGC 2025 Reg I (Bo3)", "players": ["bowserx19", "Sewlu"], "log": "|j|\u2606bowserx19\n|j|\u2606Sewlu\n|html|<table width=\"100%\"><tr><td align=\"left\">bowserx19</td><td align=\"right\">Sewlu</tr><tr><td align=\"left\"><i class=\"fa fa-circle\"></i> <i class=\"fa fa-circle-o\"></i> </td><td align=\"right\"><i class=\"fa fa-circle-o\"></i> <i class=\"fa fa-circle-o\"></i> </tr></table>\n|uhtml|bestof|<h2><strong>Game 2</strong> of <a href=\"/game-bestof3-gen9vgc2025regibo3-2354344824\">a best-of-3</a></h2>\n|t:|1746060145\n|gametype|doubles\n|player|p1|bowserx19|miku-ground|1140\n|player|p2|Sewlu|1|1134\n|teamsize|p1|6\n|teamsize|p2|6\n|gen|9\n|tier|[Gen 9] VGC 2025 Reg I (Bo3)\n|rated|\n|rule|Species Clause: Limit one of each Pok\u00e9mon\n|rule|Item Clause: Limit 1 of each item\n|clearpoke\n|poke|p1|Calyrex-Shadow, L50|\n|poke|p1|Indeedee-F, L50, F|\n|poke|p1|Zamazenta-*, L50|\n|poke|p1|Amoonguss, L50, F|\n|poke|p1|Talonflame, L50, F|\n|poke|p1|Urshifu-*, L50, M|\n|poke|p2|Miraidon, L50|\n|poke|p2|Lunala, L50|\n|poke|p2|Ogerpon-Hearthflame, L50, F|\n|poke|p2|Flutter Mane, L50|\n|poke|p2|Incineroar, L50, F|\n|poke|p2|Iron Hands, L50|\n|teampreview|4\n|showteam|p1|Calyrex-Shadow||FocusSash|AsOneSpectrier|ExpandingForce,AstralBarrage,NastyPlot,Protect||||||50|,,,,,Ghost]Indeedee-F||PsychicSeed|PsychicSurge|Psychic,FollowMe,HelpingHand,TrickRoom|||F|||50|,,,,,Fighting]Zamazenta-Crowned||RustedShield|DauntlessShield|BodyPress,HeavySlam,WideGuard,Protect||||||50|,,,,,Fighting]Amoonguss||RockyHelmet|Regenerator|Spore,RagePowder,Protect,SludgeBomb|||F|||50|,,,,,Dark]Talonflame||CovertCloak|GaleWings|Tailwind,FlareBlitz,BraveBird,Protect|||F|||50|,,,,,Stellar]Urshifu||ChoiceBand|UnseenFist|CloseCombat,WickedBlow,SuckerPunch,Uturn|||M|||50|,,,,,Dark\n|showteam|p2|Miraidon||ChoiceSpecs|HadronEngine|ElectroDrift,VoltSwitch,DazzlingGleam,DracoMeteor||||||50|,,,,,Fairy]Lunala||ElectricSeed|ShadowShield|MoongeistBeam,Psychic,TrickRoom,WideGuard||||||50|,,,,,Water]Ogerpon-Hearthflame||HearthflameMask|MoldBreaker|IvyCudgel,WoodHammer,FollowMe,SpikyShield|||F|||50|,,,,,Fire]Flutter Mane||BoosterEnergy|Protosynthesis|Moonblast,ShadowBall,IcyWind,Protect||||||50|,,,,,Fairy]Incineroar||RockyHelmet|Intimidate|KnockOff,FakeOut,PartingShot,HelpingHand|||F|||50|,,,,,Bug]Iron Hands||AssaultVest|QuarkDrive|HeavySlam,LowKick,DrainPunch,FakeOut||||||50|,,,,,Steel\n|inactive|Battle timer is ON: inactive players will automatically lose when time's up. (requested by bowserx19)\n|j| Legends07\n|l| Legends07\n|inactive|bowserx19 has 60 seconds left.\n|\n|t:|1746060182\n|start\n|switch|p1a: Po|Urshifu, L50, M|100/100\n|switch|p1b: Among Us (haha)|Amoonguss, L50, F, shiny|100/100\n|switch|p2a: Miraidon|Miraidon, L50|100/100\n|switch|p2b: Flutter Mane|Flutter Mane, L50, shiny|100/100\n|-fieldstart|move: Electric Terrain|[from] ability: Hadron Engine|[of] p2a: Miraidon\n|-enditem|p2b: Flutter Mane|Booster Energy\n|-activate|p2b: Flutter Mane|ability: Protosynthesis|[fromitem]\n|-start|p2b: Flutter Mane|protosynthesisspe\n|turn|1\n|j| Legends07\n|l| Legends07\n|\n|t:|1746060205\n|-terastallize|p1a: Po|Dark\n|move|p1b: Among Us (haha)|Rage Powder|p1b: Among Us (haha)\n|-singleturn|p1b: Among Us (haha)|move: Rage Powder\n|move|p2b: Flutter Mane|Moonblast|p1b: Among Us (haha)\n|-resisted|p1b: Among Us (haha)\n|-damage|p1b: Among Us (haha)|81/100\n|-unboost|p1b: Among Us (haha)|spa|1\n|move|p2a: Miraidon|Volt Switch|p1b: Among Us (haha)\n|-resisted|p1b: Among Us (haha)\n|-damage|p1b: Among Us (haha)|41/100\n|\n|t:|1746060217\n|switch|p2a: Ogerpon|Ogerpon-Hearthflame, L50, F|100/100|[from] Volt Switch\n|-ability|p2a: Ogerpon|Mold Breaker\n|move|p1a: Po|Wicked Blow|p2b: Flutter Mane\n|-crit|p2b: Flutter Mane\n|-damage|p2b: Flutter Mane|0 fnt\n|faint|p2b: Flutter Mane\n|-end|p2b: Flutter Mane|Protosynthesis|[silent]\n|\n|upkeep\n|\n|t:|1746060228\n|switch|p2b: Miraidon|Miraidon, L50|100/100\n|-activate|p2b: Miraidon|ability: Hadron Engine\n|turn|2\n|\n|t:|1746060235\n|switch|p1a: Choice Scarf|Indeedee-F, L50, F, shiny|100/100\n|-fieldstart|move: Psychic Terrain|[from] ability: Psychic Surge|[of] p1a: Choice Scarf\n|-enditem|p1a: Choice Scarf|Psychic Seed\n|-boost|p1a: Choice Scarf|spd|1|[from] item: Psychic Seed\n|-terastallize|p2b: Miraidon|Fairy\n|move|p2a: Ogerpon|Follow Me|p2a: Ogerpon\n|-singleturn|p2a: Ogerpon|move: Follow Me\n|move|p2b: Miraidon|Dazzling Gleam|p1a: Choice Scarf|[spread] p1a,p1b\n|-resisted|p1b: Among Us (haha)\n|-damage|p1a: Choice Scarf|65/100\n|-damage|p1b: Among Us (haha)|20/100\n|move|p1b: Among Us (haha)|Spore|p2a: Ogerpon\n|-immune|p2a: Ogerpon\n|\n|upkeep\n|turn|3\n|inactive|Sewlu has 30 seconds left.\n|inactive|Sewlu has 20 seconds left.\n|\n|t:|1746060278\n|move|p2b: Miraidon|Dazzling Gleam|p1b: Among Us (haha)|[spread] p1a,p1b\n|-resisted|p1b: Among Us (haha)\n|-damage|p1a: Choice Scarf|28/100\n|-damage|p1b: Among Us (haha)|0 fnt\n|faint|p1b: Among Us (haha)\n|move|p2a: Ogerpon|Ivy Cudgel|p1a: Choice Scarf|[anim] Ivy Cudgel Fire\n|-damage|p1a: Choice Scarf|0 fnt\n|faint|p1a: Choice Scarf\n|\n|upkeep\n|\n|t:|1746060294\n|switch|p1a: Po|Urshifu, L50, M, tera:Dark|100/100\n|switch|p1b: Nebulus|Calyrex-Shadow, L50|100/100\n|-ability|p1b: Nebulus|As One\n|-ability|p1b: Nebulus|Unnerve\n|turn|4\n|inactive|Sewlu has 30 seconds left.\n|\n|t:|1746060328\n|switch|p2b: Lunala|Lunala, L50|100/100\n|move|p2a: Ogerpon|Spiky Shield|p2a: Ogerpon\n|-singleturn|p2a: Ogerpon|move: Protect\n|move|p1b: Nebulus|Expanding Force|p2b: Lunala|[spread] p2b\n|-activate|p2a: Ogerpon|move: Protect\n|-resisted|p2b: Lunala\n|-damage|p2b: Lunala|89/100\n|move|p1a: Po|Wicked Blow|p2a: Ogerpon\n|-crit|p2a: Ogerpon\n|-damage|p2a: Ogerpon|0 fnt\n|faint|p2a: Ogerpon\n|\n|upkeep\n|\n|t:|1746060334\n|switch|p2a: Miraidon|Miraidon, L50, tera:Fairy|100/100\n|-fieldstart|move: Electric Terrain|[from] ability: Hadron Engine|[of] p2a: Miraidon\n|-enditem|p2b: Lunala|Electric Seed\n|-boost|p2b: Lunala|def|1|[from] item: Electric Seed\n|turn|5\n|\n|t:|1746060345\n|move|p2b: Lunala|Wide Guard|p2b: Lunala\n|-singleturn|p2b: Lunala|Wide Guard\n|move|p1b: Nebulus|Nasty Plot|p1b: Nebulus\n|-boost|p1b: Nebulus|spa|2\n|move|p2a: Miraidon|Dazzling Gleam|p1b: Nebulus|[spread] p1a,p1b\n|-supereffective|p1a: Po\n|-damage|p1a: Po|0 fnt\n|-damage|p1b: Nebulus|28/100\n|faint|p1a: Po\n|\n|upkeep\n|turn|6\n|\n|t:|1746060355\n|move|p2b: Lunala|Wide Guard|p2b: Lunala\n|-singleturn|p2b: Lunala|Wide Guard\n|move|p1b: Nebulus|Expanding Force|p2a: Miraidon\n|-damage|p2a: Miraidon|19/100\n|move|p2a: Miraidon|Dazzling Gleam|p1b: Nebulus\n|-damage|p1b: Nebulus|0 fnt\n|faint|p1b: Nebulus\n|\n|win|Sewlu\n||bowserx19 is ready for game 3.\n||Sewlu is ready for game 3.\n|uhtml|next|Next: <a href=\"/battle-gen9vgc2025regibo3-2354348489\"><strong>Game 3 of 3</strong></a>\n|l|\u2606bowserx19\n|player|p1|\n", "uploadtime": 1746060642, "views": 7, "formatid": "gen9vgc2025regibo3", "rating": null, "private": 0, "password": null}