{"id": "gen9vgc2025regibo3-2354483770", "format": "[Gen 9] VGC 2025 Reg I (Bo3)", "players": ["sixzzz", "AUBrigade"], "log": "|j|\u2606sixzzz\n|j|\u2606AUBrigade\n|html|<table width=\"100%\"><tr><td align=\"left\">sixzzz</td><td align=\"right\">AUBrigade</tr><tr><td align=\"left\"><i class=\"fa fa-circle-o\"></i> <i class=\"fa fa-circle-o\"></i> </td><td align=\"right\"><i class=\"fa fa-circle-o\"></i> <i class=\"fa fa-circle-o\"></i> </tr></table>\n|uhtml|bestof|<h2><strong>Game 1</strong> of <a href=\"/game-bestof3-gen9vgc2025regibo3-2354483769\">a best-of-3</a></h2>\n|t:|1746079253\n|gametype|doubles\n|player|p1|sixzzz|170|1085\n|player|p2|AUBrigade|morty|1213\n|teamsize|p1|6\n|teamsize|p2|6\n|gen|9\n|tier|[Gen 9] VGC 2025 Reg I (Bo3)\n|rated|\n|rule|Species Clause: Limit one of each Pok\u00e9mon\n|rule|Item Clause: Limit 1 of each item\n|clearpoke\n|poke|p1|Ho-Oh, L50|\n|poke|p1|Miraidon, L50|\n|poke|p1|Iron Hands, L50|\n|poke|p1|Incineroar, L50, M|\n|poke|p1|Ditto, L50|\n|poke|p1|Urshifu-*, L50, M|\n|poke|p2|Koraidon, L50|\n|poke|p2|Ho-Oh, L50|\n|poke|p2|Flutter Mane, L50|\n|poke|p2|Incineroar, L50, F|\n|poke|p2|Rillaboom, L50, F|\n|poke|p2|Toxapex, L50, M|\n|teampreview|4\n|showteam|p1|Ho-Oh||ClearAmulet|Regenerator|Protect,SacredFire,BraveBird,Tailwind||||||50|,,,,,Grass]Miraidon||LifeOrb|HadronEngine|Protect,ElectroDrift,DracoMeteor,DazzlingGleam||||||50|,,,,,Fairy]Iron Hands||AssaultVest|QuarkDrive|FakeOut,WildCharge,DrainPunch,VoltSwitch||||||50|,,,,,Grass]Incineroar||SitrusBerry|Intimidate|FakeOut,FlareBlitz,KnockOff,PartingShot|||M|||50|,,,,,Fire]Ditto||CovertCloak|Imposter|Transform||||||50|,,,,,Normal]Urshifu-Rapid-Strike||ChoiceScarf|UnseenFist|SurgingStrikes,CloseCombat,AquaJet,Coaching|||M|||50|,,,,,Water\n|showteam|p2|Koraidon||LoadedDice|OrichalcumPulse|ScaleShot,CollisionCourse,FlareBlitz,Protect||||||50|,,,,,Fire]Ho-Oh||ClearAmulet|Regenerator|SacredFire,BraveBird,Tailwind,Protect||||||50|,,,,,Grass]Flutter Mane||FocusSash|Protosynthesis|Moonblast,IcyWind,DazzlingGleam,Protect||||||50|,,,,,Fairy]Incineroar||SafetyGoggles|Intimidate|PartingShot,FakeOut,KnockOff,Taunt|||F|||50|,,,,,Bug]Rillaboom||AssaultVest|GrassySurge|Uturn,FakeOut,GrassyGlide,WoodHammer|||F|||50|,,,,,Fire]Toxapex||Leftovers|Regenerator|Infestation,BanefulBunker,ToxicSpikes,WideGuard|||M|||50|,,,,,Grass\n|inactive|Battle timer is ON: inactive players will automatically lose when time's up. (requested by sixzzz)\n|l|\u2606sixzzz\n|inactive|sixzzz disconnected and has a minute to reconnect!\n|player|p1|\n|inactive|AUBrigade has 60 seconds left.\n|j|\u2606sixzzz\n|inactive|sixzzz reconnected and has 40 seconds left.\n|player|p1|sixzzz|170|\n|inactive|sixzzz has 30 seconds left.\n|\n|t:|1746079319\n|start\n|switch|p1a: Miraidon|Miraidon, L50|100/100\n|switch|p1b: Iron Hands|Iron Hands, L50, shiny|100/100\n|switch|p2a: Rillaboom|Rillaboom, L50, F|100/100\n|switch|p2b: Flutter Mane|Flutter Mane, L50, shiny|100/100\n|-fieldstart|move: Electric Terrain|[from] ability: Hadron Engine|[of] p1a: Miraidon\n|-activate|p1b: Iron Hands|ability: Quark Drive\n|-start|p1b: Iron Hands|quarkdriveatk\n|-fieldstart|move: Grassy Terrain|[from] ability: Grassy Surge|[of] p2a: Rillaboom\n|-end|p1b: Iron Hands|Quark Drive\n|turn|1\n|inactive|sixzzz has 30 seconds left.\n|inactive|AUBrigade has 30 seconds left.\n|inactive|sixzzz has 20 seconds left.\n|inactive|sixzzz has 15 seconds left.\n|\n|t:|1746079361\n|switch|p1a: Ho-Oh|Ho-Oh, L50, shiny|100/100\n|-terastallize|p1b: Iron Hands|Grass\n|move|p2a: Rillaboom|Fake Out|p1b: Iron Hands\n|-damage|p1b: Iron Hands|92/100\n|move|p2b: Flutter Mane|Dazzling Gleam|p1a: Ho-Oh|[spread] p1a,p1b\n|-resisted|p1a: Ho-Oh\n|-damage|p1a: Ho-Oh|91/100\n|-damage|p1b: Iron Hands|74/100\n|cant|p1b: Iron Hands|flinch\n|\n|-heal|p1b: Iron Hands|80/100|[from] Grassy Terrain\n|upkeep\n|turn|2\n|inactive|AUBrigade has 30 seconds left.\n|\n|t:|1746079391\n|-end|p2b: Flutter Mane|Protosynthesis|[silent]\n|switch|p2b: Koraidon|Koraidon, L50|100/100\n|-weather|SunnyDay|[from] ability: Orichalcum Pulse|[of] p2b: Koraidon\n|-activate|p2b: Koraidon|Orichalcum Pulse|[source]\n|switch|p2a: Incineroar|Incineroar, L50, F|100/100\n|-ability|p2a: Incineroar|Intimidate|boost\n|-fail|p1a: Ho-Oh|unboost|[from] item: Clear Amulet|[of] p1a: Ho-Oh\n|-unboost|p1b: Iron Hands|atk|1\n|move|p1a: Ho-Oh|Sacred Fire|p2b: Koraidon\n|-resisted|p2b: Koraidon\n|-damage|p2b: Koraidon|62/100\n|-status|p2b: Koraidon|brn\n|move|p1b: Iron Hands|Volt Switch|p2a: Incineroar\n|-damage|p2a: Incineroar|87/100\n|\n|t:|1746079412\n|-end|p1b: Iron Hands|Quark Drive|[silent]\n|switch|p1b: Miraidon|Miraidon, L50|100/100|[from] Volt Switch\n|-fieldstart|move: Electric Terrain|[from] ability: Hadron Engine|[of] p1b: Miraidon\n|\n|-weather|SunnyDay|[upkeep]\n|-damage|p2b: Koraidon|56/100 brn|[from] brn\n|upkeep\n|turn|3\n|\n|t:|1746079425\n|move|p1b: Miraidon|Protect|p1b: Miraidon\n|-singleturn|p1b: Miraidon|Protect\n|move|p1a: Ho-Oh|Protect|p1a: Ho-Oh\n|-singleturn|p1a: Ho-Oh|Protect\n|move|p2a: Incineroar|Fake Out|p1b: Miraidon\n|-activate|p1b: Miraidon|move: Protect\n|move|p2b: Koraidon|Scale Shot|p1a: Ho-Oh\n|-activate|p1a: Ho-Oh|move: Protect\n|\n|-weather|SunnyDay|[upkeep]\n|-damage|p2b: Koraidon|50/100 brn|[from] brn\n|upkeep\n|turn|4\n|inactive|sixzzz has 30 seconds left.\n|\n|t:|1746079455\n|move|p2b: Koraidon|Scale Shot|p1b: Miraidon\n|-supereffective|p1b: Miraidon\n|-damage|p1b: Miraidon|84/100\n|-supereffective|p1b: Miraidon\n|-damage|p1b: Miraidon|67/100\n|-supereffective|p1b: Miraidon\n|-damage|p1b: Miraidon|49/100\n|-supereffective|p1b: Miraidon\n|-damage|p1b: Miraidon|32/100\n|-hitcount|p1b: Miraidon|4\n|-unboost|p2b: Koraidon|def|1\n|-boost|p2b: Koraidon|spe|1\n|move|p1b: Miraidon|Electro Drift|p2b: Koraidon\n|-resisted|p2b: Koraidon\n|-damage|p2b: Koraidon|0 fnt\n|faint|p2b: Koraidon\n|-damage|p1b: Miraidon|23/100|[from] item: Life Orb\n|move|p1a: Ho-Oh|Brave Bird|p2a: Incineroar\n|-damage|p2a: Incineroar|41/100\n|-damage|p1a: Ho-Oh|76/100|[from] Recoil\n|move|p2a: Incineroar|Knock Off|p1a: Ho-Oh\n|-damage|p1a: Ho-Oh|42/100\n|-enditem|p1a: Ho-Oh|Clear Amulet|[from] move: Knock Off|[of] p2a: Incineroar\n|\n|-weather|SunnyDay|[upkeep]\n|upkeep\n|\n|t:|1746079477\n|switch|p2b: Rillaboom|Rillaboom, L50, F|100/100\n|-fieldstart|move: Grassy Terrain|[from] ability: Grassy Surge|[of] p2b: Rillaboom\n|turn|5\n|\n|t:|1746079499\n|switch|p2a: Flutter Mane|Flutter Mane, L50, shiny|100/100\n|-activate|p2a: Flutter Mane|ability: Protosynthesis\n|-start|p2a: Flutter Mane|protosynthesisspe\n|move|p1b: Miraidon|Protect|p1b: Miraidon\n|-singleturn|p1b: Miraidon|Protect\n|move|p1a: Ho-Oh|Protect|p1a: Ho-Oh\n|-singleturn|p1a: Ho-Oh|Protect\n|move|p2b: Rillaboom|Fake Out|p1b: Miraidon\n|-activate|p1b: Miraidon|move: Protect\n|\n|-weather|SunnyDay|[upkeep]\n|-heal|p1b: Miraidon|29/100|[from] Grassy Terrain\n|upkeep\n|turn|6\n|inactive|AUBrigade has 30 seconds left.\n|inactive|AUBrigade has 20 seconds left.\n|\n|t:|1746079535\n|-end|p2a: Flutter Mane|Protosynthesis|[silent]\n|switch|p2a: Incineroar|Incineroar, L50, F|41/100\n|-ability|p2a: Incineroar|Intimidate|boost\n|-unboost|p1a: Ho-Oh|atk|1\n|-unboost|p1b: Miraidon|atk|1\n|switch|p1b: Iron Hands|Iron Hands, L50, shiny, tera:Grass|80/100\n|switch|p1a: Ditto|Ditto, L50|100/100\n|-transform|p1a: Ditto|p2b: Rillaboom|[from] ability: Imposter\n|-terastallize|p2b: Rillaboom|Fire\n|move|p2b: Rillaboom|Wood Hammer|p1b: Iron Hands\n|-resisted|p1b: Iron Hands\n|-damage|p1b: Iron Hands|58/100\n|-damage|p2b: Rillaboom|91/100|[from] Recoil\n|\n|-weather|none\n|-heal|p2b: Rillaboom|97/100|[from] Grassy Terrain\n|-heal|p1b: Iron Hands|64/100|[from] Grassy Terrain\n|-heal|p2a: Incineroar|47/100|[from] Grassy Terrain\n|upkeep\n|turn|7\n|inactive|AUBrigade has 30 seconds left.\n|\n|t:|1746079560\n|move|p1a: Ditto|Fake Out|p2b: Rillaboom\n|-damage|p2b: Rillaboom|86/100\n|move|p1b: Iron Hands|Fake Out|p2a: Incineroar\n|-damage|p2a: Incineroar|36/100\n|cant|p2b: Rillaboom|flinch\n|cant|p2a: Incineroar|flinch\n|\n|-heal|p2b: Rillaboom|92/100|[from] Grassy Terrain\n|-heal|p1b: Iron Hands|70/100|[from] Grassy Terrain\n|-heal|p2a: Incineroar|42/100|[from] Grassy Terrain\n|upkeep\n|turn|8\n|\n|t:|1746079585\n|move|p2b: Rillaboom|U-turn|p1b: Iron Hands\n|-supereffective|p1b: Iron Hands\n|-damage|p1b: Iron Hands|43/100\n|\n|t:|1746079587\n|switch|p2b: Flutter Mane|Flutter Mane, L50, shiny|100/100|[from] U-turn\n|move|p1a: Ditto|U-turn|p2b: Flutter Mane\n|-resisted|p2b: Flutter Mane\n|-damage|p2b: Flutter Mane|89/100\n|\n|t:|1746079602\n|switch|p1a: Miraidon|Miraidon, L50|29/100|[from] U-turn\n|-fieldstart|move: Electric Terrain|[from] ability: Hadron Engine|[of] p1a: Miraidon\n|-activate|p1b: Iron Hands|ability: Quark Drive\n|-start|p1b: Iron Hands|quarkdriveatk\n|move|p1b: Iron Hands|Volt Switch|p2a: Incineroar\n|-damage|p2a: Incineroar|25/100\n|\n|t:|1746079615\n|-end|p1b: Iron Hands|Quark Drive|[silent]\n|switch|p1b: Ditto|Ditto, L50|100/100|[from] Volt Switch\n|-transform|p1b: Ditto|p2a: Incineroar|[from] ability: Imposter\n|-ability|p1b: Ditto|Intimidate|boost\n|-unboost|p2a: Incineroar|atk|1\n|-unboost|p2b: Flutter Mane|atk|1\n|move|p2a: Incineroar|Parting Shot|p1b: Ditto\n|-unboost|p1b: Ditto|atk|1\n|-unboost|p1b: Ditto|spa|1\n|\n|t:|1746079624\n|switch|p2a: Rillaboom|Rillaboom, L50, F, tera:Fire|92/100|[from] Parting Shot\n|-fieldstart|move: Grassy Terrain|[from] ability: Grassy Surge|[of] p2a: Rillaboom\n|\n|-heal|p2b: Flutter Mane|95/100|[from] Grassy Terrain\n|-heal|p1a: Miraidon|34/100|[from] Grassy Terrain\n|-heal|p2a: Rillaboom|98/100|[from] Grassy Terrain\n|upkeep\n|turn|9\n|\n|t:|1746079645\n|move|p1a: Miraidon|Protect|p1a: Miraidon\n|-singleturn|p1a: Miraidon|Protect\n|move|p2a: Rillaboom|Fake Out|p1b: Ditto\n|-damage|p1b: Ditto|88/100\n|move|p2b: Flutter Mane|Dazzling Gleam|p1b: Ditto|[spread] p1b\n|-activate|p1a: Miraidon|move: Protect\n|-damage|p1b: Ditto|51/100\n|move|p1b: Ditto|Knock Off|p2b: Flutter Mane\n|-damage|p2b: Flutter Mane|44/100\n|-enditem|p2b: Flutter Mane|Focus Sash|[from] move: Knock Off|[of] p1b: Ditto\n|\n|-heal|p2b: Flutter Mane|50/100|[from] Grassy Terrain\n|-heal|p1a: Miraidon|40/100|[from] Grassy Terrain\n|-heal|p2a: Rillaboom|100/100|[from] Grassy Terrain\n|-heal|p1b: Ditto|57/100|[from] Grassy Terrain\n|upkeep\n|turn|10\n|\n|t:|1746079666\n|switch|p1a: Ho-Oh|Ho-Oh, L50, shiny|75/100\n|move|p2b: Flutter Mane|Dazzling Gleam|p1b: Ditto|[spread] p1a,p1b\n|-resisted|p1a: Ho-Oh\n|-damage|p1a: Ho-Oh|65/100\n|-damage|p1b: Ditto|16/100\n|move|p2a: Rillaboom|U-turn|p1b: Ditto\n|-damage|p1b: Ditto|0 fnt\n|faint|p1b: Ditto\n|\n|t:|1746079673\n|switch|p2a: Incineroar|Incineroar, L50, F|25/100|[from] U-turn\n|-ability|p2a: Incineroar|Intimidate|boost\n|-unboost|p1a: Ho-Oh|atk|1\n|\n|-heal|p2b: Flutter Mane|56/100|[from] Grassy Terrain\n|-heal|p2a: Incineroar|31/100|[from] Grassy Terrain\n|upkeep\n|\n|t:|1746079679\n|switch|p1b: Iron Hands|Iron Hands, L50, shiny, tera:Grass|43/100\n|turn|11\n|\n|t:|1746079696\n|move|p1b: Iron Hands|Fake Out|p2a: Incineroar\n|-damage|p2a: Incineroar|19/100\n|cant|p2a: Incineroar|flinch\n|move|p2b: Flutter Mane|Moonblast|p1b: Iron Hands\n|-damage|p1b: Iron Hands|10/100\n|-unboost|p1b: Iron Hands|spa|1\n|move|p1a: Ho-Oh|Sacred Fire|p2b: Flutter Mane\n|-damage|p2b: Flutter Mane|0 fnt\n|faint|p2b: Flutter Mane\n|-end|p2b: Flutter Mane|Protosynthesis|[silent]\n|\n|-heal|p1b: Iron Hands|17/100|[from] Grassy Terrain\n|-heal|p2a: Incineroar|25/100|[from] Grassy Terrain\n|upkeep\n|\n|t:|1746079708\n|switch|p2b: Rillaboom|Rillaboom, L50, F, tera:Fire|100/100\n|turn|12\n|-message|AUBrigade forfeited.\n|\n|win|sixzzz\n|l|\u2606AUBrigade\n|player|p2|\n||AUBrigade is ready for game 2.\n||sixzzz is ready for game 2.\n|uhtml|next|Next: <a href=\"/battle-gen9vgc2025regibo3-2354486127\"><strong>Game 2 of 3</strong></a>\n|l|\u2606sixzzz\n|player|p1|\n", "uploadtime": 1746080099, "views": 8, "formatid": "gen9vgc2025regibo3", "rating": null, "private": 0, "password": null}