{"id": "gen9vgc2025regibo3-2354420322", "format": "[Gen 9] VGC 2025 Reg I (Bo3)", "players": ["nintendoswitch200", "flyingdragon2024"], "log": "|j|\u2606nintendoswitch200\n|j|\u2606flyingdragon2024\n|html|<table width=\"100%\"><tr><td align=\"left\">nintendoswitch200</td><td align=\"right\">flyingdragon2024</tr><tr><td align=\"left\"><i class=\"fa fa-circle-o\"></i> <i class=\"fa fa-circle-o\"></i> </td><td align=\"right\"><i class=\"fa fa-circle-o\"></i> <i class=\"fa fa-circle\"></i> </tr></table>\n|uhtml|bestof|<h2><strong>Game 2</strong> of <a href=\"/game-bestof3-gen9vgc2025regibo3-2354416511\">a best-of-3</a></h2>\n|t:|1746069253\n|gametype|doubles\n|player|p1|nintendoswitch200|turo|1250\n|player|p2|flyingdragon2024|1|1451\n|teamsize|p1|6\n|teamsize|p2|6\n|gen|9\n|tier|[Gen 9] VGC 2025 Reg I (Bo3)\n|rated|\n|rule|Species Clause: Limit one of each Pok\u00e9mon\n|rule|Item Clause: Limit 1 of each item\n|clearpoke\n|poke|p1|Urshifu-*, L50, M|\n|poke|p1|Incineroar, L50, M|\n|poke|p1|Calyrex-Shadow, L50|\n|poke|p1|Raging Bolt, L50|\n|poke|p1|Rillaboom, L50, M|\n|poke|p1|Zamazenta-*, L50|\n|poke|p2|Calyrex-Shadow, L50|\n|poke|p2|Urshifu-*, L50, M|\n|poke|p2|Ogerpon-Cornerstone, L50, F|\n|poke|p2|Tornadus, L50, M|\n|poke|p2|Rillaboom, L50, M|\n|poke|p2|Zamazenta-*, L50|\n|teampreview|4\n|showteam|p1|Urshifu-Rapid-Strike||FocusSash|UnseenFist|Detect,SurgingStrikes,CloseCombat,AquaJet|||M|||50|,,,,,Stellar]Incineroar||SafetyGoggles|Intimidate|FakeOut,PartingShot,HelpingHand,KnockOff|||M|||50|,,,,,Ghost]Calyrex-Shadow||CovertCloak|AsOneSpectrier|Protect,NastyPlot,AstralBarrage,Psyshock||||||50|,,,,,Water]Raging Bolt||BoosterEnergy|Protosynthesis|Protect,Thunderclap,DragonPulse,Thunderbolt||||||50|,,,,,Fairy]Rillaboom||AssaultVest|GrassySurge|FakeOut,GrassyGlide,WoodHammer,Uturn|||M|||50|,,,,,Fire]Zamazenta-Crowned||RustedShield|DauntlessShield|Protect,BodyPress,WideGuard,HeavySlam||||||50|,,,,,Dragon\n|showteam|p2|Calyrex-Shadow||FocusSash|AsOneSpectrier|AstralBarrage,Psychic,Imprison,Protect||||||50|,,,,,Ghost]Urshifu-Rapid-Strike||MysticWater|UnseenFist|SurgingStrikes,Taunt,AquaJet,Protect|||M|||50|,,,,,Water]Ogerpon-Cornerstone||CornerstoneMask|Sturdy|IvyCudgel,Taunt,FollowMe,SpikyShield|||F|||50|,,,,,Rock]Tornadus||RockyHelmet|Prankster|Tailwind,BleakwindStorm,RainDance,Protect|||M|||50|,,,,,Dark]Rillaboom||AssaultVest|GrassySurge|WoodHammer,GrassyGlide,KnockOff,FakeOut|||M|||50|,,,,,Water]Zamazenta-Crowned||RustedShield|DauntlessShield|BodyPress,WideGuard,HeavySlam,Protect||||||50|,,,,,Ghost\n|inactive|Battle timer is ON: inactive players will automatically lose when time's up. (requested by nintendoswitch200)\n|inactive|flyingdragon2024 has 60 seconds left.\n|\n|t:|1746069297\n|start\n|switch|p1a: Raging Bolt|Raging Bolt, L50|100/100\n|switch|p1b: Rillaboom|Rillaboom, L50, M|100/100\n|switch|p2a: Calyrex|Calyrex-Shadow, L50|100/100\n|switch|p2b: Zamazenta|Zamazenta-Crowned, L50|100/100\n|-ability|p2a: Calyrex|As One\n|-ability|p2a: Calyrex|Unnerve\n|-ability|p2b: Zamazenta|Dauntless Shield|boost\n|-boost|p2b: Zamazenta|def|1\n|-fieldstart|move: Grassy Terrain|[from] ability: Grassy Surge|[of] p1b: Rillaboom\n|-enditem|p1a: Raging Bolt|Booster Energy\n|-activate|p1a: Raging Bolt|ability: Protosynthesis|[fromitem]\n|-start|p1a: Raging Bolt|protosynthesisspa\n|turn|1\n|inactive|flyingdragon2024 has 30 seconds left.\n|inactive|flyingdragon2024 has 20 seconds left.\n|inactive|flyingdragon2024 has 15 seconds left.\n|inactive|flyingdragon2024 has 10 seconds left.\n|\n|t:|1746069344\n|switch|p2a: Rillaboom|Rillaboom, L50, M|100/100\n|-terastallize|p1a: Raging Bolt|Fairy\n|move|p2b: Zamazenta|Body Press|p1a: Raging Bolt\n|-resisted|p1a: Raging Bolt\n|-damage|p1a: Raging Bolt|73/100\n|move|p1b: Rillaboom|Wood Hammer|p2a: Rillaboom\n|-resisted|p2a: Rillaboom\n|-damage|p2a: Rillaboom|65/100\n|-damage|p1b: Rillaboom|89/100|[from] Recoil\n|move|p1a: Raging Bolt|Thunderbolt|p2a: Rillaboom\n|-resisted|p2a: Rillaboom\n|-damage|p2a: Rillaboom|42/100\n|\n|-heal|p2a: Rillaboom|48/100|[from] Grassy Terrain\n|-heal|p1b: Rillaboom|95/100|[from] Grassy Terrain\n|-heal|p1a: Raging Bolt|79/100|[from] Grassy Terrain\n|upkeep\n|turn|2\n|inactive|flyingdragon2024 has 30 seconds left.\n|\n|t:|1746069378\n|move|p2a: Rillaboom|Fake Out|p1b: Rillaboom\n|-damage|p1b: Rillaboom|81/100\n|move|p2b: Zamazenta|Body Press|p1b: Rillaboom\n|-damage|p1b: Rillaboom|9/100\n|cant|p1b: Rillaboom|flinch\n|move|p1a: Raging Bolt|Thunderbolt|p2b: Zamazenta\n|-damage|p2b: Zamazenta|43/100\n|\n|-heal|p2b: Zamazenta|49/100|[from] Grassy Terrain\n|-heal|p2a: Rillaboom|53/100|[from] Grassy Terrain\n|-heal|p1b: Rillaboom|15/100|[from] Grassy Terrain\n|-heal|p1a: Raging Bolt|85/100|[from] Grassy Terrain\n|upkeep\n|turn|3\n|inactive|nintendoswitch200 has 30 seconds left.\n|\n|t:|1746069408\n|move|p2b: Zamazenta|Body Press|p1b: Rillaboom\n|-damage|p1b: Rillaboom|0 fnt\n|faint|p1b: Rillaboom\n|move|p2a: Rillaboom|Wood Hammer|p1a: Raging Bolt\n|-damage|p1a: Raging Bolt|25/100\n|-damage|p2a: Rillaboom|32/100|[from] Recoil\n|move|p1a: Raging Bolt|Thunderbolt|p2b: Zamazenta\n|-damage|p2b: Zamazenta|0 fnt\n|faint|p2b: Zamazenta\n|\n|-heal|p2a: Rillaboom|37/100|[from] Grassy Terrain\n|-heal|p1a: Raging Bolt|31/100|[from] Grassy Terrain\n|upkeep\n|inactive|flyingdragon2024 has 30 seconds left.\n|\n|t:|1746069434\n|switch|p2b: Calyrex|Calyrex-Shadow, L50|100/100\n|switch|p1b: Incineroar|Incineroar, L50, M|100/100\n|-ability|p2b: Calyrex|As One\n|-ability|p2b: Calyrex|Unnerve\n|-ability|p1b: Incineroar|Intimidate|boost\n|-unboost|p2a: Rillaboom|atk|1\n|-unboost|p2b: Calyrex|atk|1\n|turn|4\n|inactive|nintendoswitch200 has 30 seconds left.\n|inactive|flyingdragon2024 has 30 seconds left.\n|inactive|nintendoswitch200 has 20 seconds left.\n|inactive|nintendoswitch200 has 15 seconds left.\n|\n|t:|1746069476\n|switch|p2a: Tornadus|Tornadus, L50, M|100/100\n|-terastallize|p2b: Calyrex|Ghost\n|move|p1a: Raging Bolt|Protect|p1a: Raging Bolt\n|-singleturn|p1a: Raging Bolt|Protect\n|move|p2b: Calyrex|Astral Barrage|p1a: Raging Bolt|[spread] p1b\n|-activate|p1a: Raging Bolt|move: Protect\n|-resisted|p1b: Incineroar\n|-damage|p1b: Incineroar|70/100\n|move|p1b: Incineroar|Knock Off|p2b: Calyrex\n|-supereffective|p2b: Calyrex\n|-damage|p2b: Calyrex|5/100\n|-enditem|p2b: Calyrex|Focus Sash|[from] move: Knock Off|[of] p1b: Incineroar\n|\n|-heal|p2b: Calyrex|11/100|[from] Grassy Terrain\n|-heal|p1a: Raging Bolt|37/100|[from] Grassy Terrain\n|-heal|p1b: Incineroar|76/100|[from] Grassy Terrain\n|upkeep\n|turn|5\n|inactive|nintendoswitch200 has 30 seconds left.\n|inactive|flyingdragon2024 has 30 seconds left.\n|\n|t:|1746069509\n|move|p2b: Calyrex|Protect|p2b: Calyrex\n|-singleturn|p2b: Calyrex|Protect\n|move|p1a: Raging Bolt|Thunderclap||[still]\n|-fail|p1a: Raging Bolt\n|move|p2a: Tornadus|Bleakwind Storm|p1b: Incineroar|[spread] p1a,p1b\n|-damage|p1a: Raging Bolt|8/100\n|-damage|p1b: Incineroar|50/100\n|-unboost|p1a: Raging Bolt|spe|1\n|move|p1b: Incineroar|Knock Off|p2a: Tornadus\n|-damage|p2a: Tornadus|61/100\n|-damage|p1b: Incineroar|34/100|[from] item: Rocky Helmet|[of] p2a: Tornadus\n|-enditem|p2a: Tornadus|Rocky Helmet|[from] move: Knock Off|[of] p1b: Incineroar\n|\n|-heal|p2b: Calyrex|18/100|[from] Grassy Terrain\n|-heal|p1a: Raging Bolt|14/100|[from] Grassy Terrain\n|-heal|p1b: Incineroar|40/100|[from] Grassy Terrain\n|-fieldend|move: Grassy Terrain\n|upkeep\n|turn|6\n|inactive|flyingdragon2024 has 30 seconds left.\n|\n|t:|1746069543\n|switch|p2b: Rillaboom|Rillaboom, L50, M|37/100\n|-fieldstart|move: Grassy Terrain|[from] ability: Grassy Surge|[of] p2b: Rillaboom\n|move|p1a: Raging Bolt|Thunderclap||[still]\n|-fail|p1a: Raging Bolt\n|move|p2a: Tornadus|Bleakwind Storm|p1a: Raging Bolt|[spread] p1a,p1b\n|-damage|p1a: Raging Bolt|0 fnt\n|-damage|p1b: Incineroar|15/100\n|faint|p1a: Raging Bolt\n|-end|p1a: Raging Bolt|Protosynthesis|[silent]\n|move|p1b: Incineroar|Parting Shot|p2a: Tornadus\n|-unboost|p2a: Tornadus|atk|1\n|-unboost|p2a: Tornadus|spa|1\n|\n|t:|1746069563\n|switch|p1b: Urshifu|Urshifu-Rapid-Strike, L50, M|100/100|[from] Parting Shot\n|\n|-heal|p2b: Rillaboom|43/100|[from] Grassy Terrain\n|upkeep\n|\n|t:|1746069565\n|switch|p1a: Incineroar|Incineroar, L50, M|15/100\n|-ability|p1a: Incineroar|Intimidate|boost\n|-unboost|p2a: Tornadus|atk|1\n|-unboost|p2b: Rillaboom|atk|1\n|turn|7\n|\n|t:|1746069587\n|move|p2b: Rillaboom|Fake Out|p1a: Incineroar\n|-damage|p1a: Incineroar|7/100\n|cant|p1a: Incineroar|flinch\n|move|p2a: Tornadus|Bleakwind Storm|p1b: Urshifu|[spread] p1a,p1b\n|-supereffective|p1b: Urshifu\n|-damage|p1a: Incineroar|0 fnt\n|-damage|p1b: Urshifu|39/100\n|-unboost|p1b: Urshifu|spe|1\n|faint|p1a: Incineroar\n|move|p1b: Urshifu|Close Combat|p2b: Rillaboom\n|-damage|p2b: Rillaboom|0 fnt\n|-unboost|p1b: Urshifu|def|1\n|-unboost|p1b: Urshifu|spd|1\n|faint|p2b: Rillaboom\n|\n|-heal|p1b: Urshifu|45/100|[from] Grassy Terrain\n|upkeep\n|\n|t:|1746069591\n|switch|p2b: Calyrex|Calyrex-Shadow, L50, tera:Ghost|18/100\n|-ability|p2b: Calyrex|As One\n|-ability|p2b: Calyrex|Unnerve\n|turn|8\n|\n|t:|1746069603\n|move|p1b: Urshifu|Aqua Jet|p2b: Calyrex\n|-damage|p2b: Calyrex|0 fnt\n|faint|p2b: Calyrex\n|move|p2a: Tornadus|Bleakwind Storm|p1b: Urshifu\n|-supereffective|p1b: Urshifu\n|-damage|p1b: Urshifu|0 fnt\n|faint|p1b: Urshifu\n|\n|win|flyingdragon2024\n|raw|nintendoswitch200's rating: 1250 &rarr; <strong>1238</strong><br />(-12 for losing)\n|raw|flyingdragon2024's rating: 1451 &rarr; <strong>1461</strong><br />(+10 for winning)\n|l|\u2606flyingdragon2024\n|player|p2|\n", "uploadtime": 1746069615, "views": 7, "formatid": "gen9vgc2025regibo3", "rating": 1238, "private": 0, "password": null}