{"id": "gen9vgc2025regibo3-2354333386", "format": "[Gen 9] VGC 2025 Reg I (Bo3)", "players": ["mavvyvgc", "Gopackgo25"], "log": "|j|\u2606mavvyvgc\n|j|\u2606Gopackgo25\n|html|<table width=\"100%\"><tr><td align=\"left\">mavvyvgc</td><td align=\"right\">Gopackgo25</tr><tr><td align=\"left\"><i class=\"fa fa-circle\"></i> <i class=\"fa fa-circle-o\"></i> </td><td align=\"right\"><i class=\"fa fa-circle-o\"></i> <i class=\"fa fa-circle\"></i> </tr></table>\n|uhtml|bestof|<h2><strong>Game 3</strong> of <a href=\"/game-bestof3-gen9vgc2025regibo3-2354326762\">a best-of-3</a></h2>\n|t:|1746058522\n|gametype|doubles\n|player|p1|mavvyvgc|riley|\n|player|p2|Gopackgo25|170|\n|teamsize|p1|6\n|teamsize|p2|6\n|gen|9\n|tier|[Gen 9] VGC 2025 Reg I (Bo3)\n|rule|Species Clause: Limit one of each Pok\u00e9mon\n|rule|Item Clause: Limit 1 of each item\n|clearpoke\n|poke|p1|Calyrex-Shadow, L50|\n|poke|p1|Kyurem-White, L50|\n|poke|p1|Slowking, L50, F|\n|poke|p1|Tornadus, L50, M|\n|poke|p1|Rillaboom, L50, F|\n|poke|p1|Incineroar, L50, F|\n|poke|p2|Dialga-Origin, L50|\n|poke|p2|Ursaluna, L50, F|\n|poke|p2|Cresselia, L50, F|\n|poke|p2|Kyogre, L50|\n|poke|p2|Grimmsnarl, L50, M|\n|poke|p2|Tornadus, L50, M|\n|teampreview|4\n|showteam|p1|Calyrex-Shadow||FocusSash|AsOneSpectrier|DarkPulse,AstralBarrage,NastyPlot,Protect||||||50|,,,,,Dark]Kyurem-White||ChoiceSpecs|Turboblaze|EarthPower,Blizzard,DragonPulse,FusionFlare||||||50|,,,,,Ground]Slowking||RockyHelmet|Oblivious|Psychic,TrickRoom,ChillyReception,HydroPump|||F|||50|,,,,,Water]Tornadus||CovertCloak|Prankster|Tailwind,BleakwindStorm,Protect,Snowscape|||M|||50|,,,,,Dark]Rillaboom||GrassySeed|GrassySurge|DrumBeating,Uturn,GrassyGlide,FakeOut|||F|||50|,,,,,Grass]Incineroar||AssaultVest|Intimidate|FakeOut,KnockOff,FlareBlitz,Uturn|||F|||50|,,,,,Fire\n|showteam|p2|Dialga-Origin||AdamantCrystal|Telepathy|DragonPulse,FlashCannon,TrickRoom,Protect||||||50|,,,,,Bug]Ursaluna||FlameOrb|Guts|Facade,Earthquake,HeadlongRush,Protect|||F|||50|,,,,,Ghost]Cresselia||SafetyGoggles|Levitate|LunarBlessing,TrickRoom,AllySwitch,Psychic|||F|||50|,,,,,Steel]Kyogre||Leftovers|Drizzle|OriginPulse,CalmMind,Protect,IceBeam||||||50|,,,,,Grass]Grimmsnarl||LightClay|Prankster|LightScreen,Reflect,ThunderWave,FoulPlay|||M|||50|,,,,,Ghost]Tornadus||RockyHelmet|Prankster|Protect,Tailwind,RainDance,Hurricane|||M|||50|,,,,,Dark\n|\n|t:|1746058578\n|start\n|switch|p1a: Calyrex|Calyrex-Shadow, L50|100/100\n|switch|p1b: Rillaboom|Rillaboom, L50, F|100/100\n|switch|p2a: Tornadus|Tornadus, L50, M|100/100\n|switch|p2b: Dialga|Dialga-Origin, L50|100/100\n|-ability|p1a: Calyrex|As One\n|-ability|p1a: Calyrex|Unnerve\n|-fieldstart|move: Grassy Terrain|[from] ability: Grassy Surge|[of] p1b: Rillaboom\n|-enditem|p1b: Rillaboom|Grassy Seed\n|-boost|p1b: Rillaboom|def|1|[from] item: Grassy Seed\n|turn|1\n|\n|t:|1746058603\n|move|p1b: Rillaboom|Fake Out|p2b: Dialga\n|-resisted|p2b: Dialga\n|-damage|p2b: Dialga|96/100\n|move|p1a: Calyrex|Nasty Plot|p1a: Calyrex\n|-boost|p1a: Calyrex|spa|2\n|move|p2a: Tornadus|Hurricane|p1b: Rillaboom\n|-supereffective|p1b: Rillaboom\n|-crit|p1b: Rillaboom\n|-damage|p1b: Rillaboom|0 fnt\n|faint|p1b: Rillaboom\n|cant|p2b: Dialga|flinch\n|\n|-heal|p2b: Dialga|100/100|[from] Grassy Terrain\n|upkeep\n|\n|t:|1746058615\n|switch|p1b: Tornadus|Tornadus, L50, M|100/100\n|turn|2\n|\n|t:|1746058637\n|move|p2a: Tornadus|Protect|p2a: Tornadus\n|-singleturn|p2a: Tornadus|Protect\n|move|p1b: Tornadus|Tailwind|p1b: Tornadus\n|-sidestart|p1: mavvyvgc|move: Tailwind\n|move|p1a: Calyrex|Astral Barrage|p2b: Dialga|[spread] p2b\n|-activate|p2a: Tornadus|move: Protect\n|-damage|p2b: Dialga|25/100\n|move|p2b: Dialga|Trick Room|p2b: Dialga\n|-fieldstart|move: Trick Room|[of] p2b: Dialga\n|\n|-heal|p2b: Dialga|30/100|[from] Grassy Terrain\n|upkeep\n|turn|3\n|\n|t:|1746058677\n|switch|p2a: Ursaluna|Ursaluna, L50, F|100/100\n|move|p2b: Dialga|Protect|p2b: Dialga\n|-singleturn|p2b: Dialga|Protect\n|move|p1a: Calyrex|Protect|p1a: Calyrex\n|-singleturn|p1a: Calyrex|Protect\n|move|p1b: Tornadus|Bleakwind Storm|p2a: Ursaluna|[spread] p2a\n|-activate|p2b: Dialga|move: Protect\n|-damage|p2a: Ursaluna|71/100\n|\n|-heal|p2a: Ursaluna|77/100|[from] Grassy Terrain\n|-heal|p2b: Dialga|36/100|[from] Grassy Terrain\n|-status|p2a: Ursaluna|brn|[from] item: Flame Orb\n|upkeep\n|turn|4\n|\n|t:|1746058723\n|move|p1b: Tornadus|Snowscape|p1b: Tornadus\n|-weather|Snowscape\n|move|p2a: Ursaluna|Earthquake|p1a: Calyrex|[spread] p1a\n|-activate|p2b: Dialga|ability: Telepathy\n|-immune|p1b: Tornadus\n|-damage|p1a: Calyrex|60/100\n|move|p2b: Dialga|Dragon Pulse|p1a: Calyrex\n|-damage|p1a: Calyrex|0 fnt\n|faint|p1a: Calyrex\n|\n|-weather|Snowscape|[upkeep]\n|-heal|p2a: Ursaluna|84/100 brn|[from] Grassy Terrain\n|-heal|p2b: Dialga|42/100|[from] Grassy Terrain\n|-damage|p2a: Ursaluna|77/100 brn|[from] brn\n|upkeep\n|\n|t:|1746058736\n|switch|p1a: Kyurem|Kyurem-White, L50|100/100\n|-ability|p1a: Kyurem|Turboblaze\n|turn|5\n|\n|t:|1746058758\n|-terastallize|p1a: Kyurem|Ground\n|move|p2a: Ursaluna|Facade|p1a: Kyurem\n|-damage|p1a: Kyurem|0 fnt\n|faint|p1a: Kyurem\n|move|p2b: Dialga|Dragon Pulse|p1b: Tornadus\n|-damage|p1b: Tornadus|55/100\n|move|p1b: Tornadus|Bleakwind Storm|p2b: Dialga|[spread] p2a,p2b\n|-resisted|p2b: Dialga\n|-damage|p2a: Ursaluna|50/100 brn\n|-damage|p2b: Dialga|31/100\n|-unboost|p2a: Ursaluna|spe|1\n|\n|-weather|Snowscape|[upkeep]\n|-heal|p2a: Ursaluna|56/100 brn|[from] Grassy Terrain\n|-heal|p2b: Dialga|37/100|[from] Grassy Terrain\n|-damage|p2a: Ursaluna|50/100 brn|[from] brn\n|-sideend|p1: mavvyvgc|move: Tailwind\n|-fieldend|move: Grassy Terrain\n|upkeep\n|turn|6\n|\n|t:|1746058781\n|move|p1b: Tornadus|Protect|p1b: Tornadus\n|-singleturn|p1b: Tornadus|Protect\n|move|p2a: Ursaluna|Facade|p1b: Tornadus\n|-activate|p1b: Tornadus|move: Protect\n|move|p2b: Dialga|Dragon Pulse|p1b: Tornadus\n|-activate|p1b: Tornadus|move: Protect\n|\n|-weather|Snowscape|[upkeep]\n|-damage|p2a: Ursaluna|44/100 brn|[from] brn\n|-fieldend|move: Trick Room\n|upkeep\n|turn|7\n|\n|t:|1746058796\n|move|p1b: Tornadus|Bleakwind Storm|p2b: Dialga|[spread] p2a,p2b\n|-resisted|p2b: Dialga\n|-damage|p2a: Ursaluna|17/100 brn\n|-damage|p2b: Dialga|25/100\n|move|p2b: Dialga|Dragon Pulse|p1b: Tornadus\n|-damage|p1b: Tornadus|3/100\n|move|p2a: Ursaluna|Facade|p1b: Tornadus\n|-damage|p1b: Tornadus|0 fnt\n|faint|p1b: Tornadus\n|\n|win|Gopackgo25\n|c|\u2606Gopackgo25|ggs\n|c|\u2606mavvyvgc|gg\n|c|\u2606Gopackgo25|Thoughts?\n|l|\u2606Gopackgo25\n|player|p2|\n", "uploadtime": 1746059190, "views": 11, "formatid": "gen9vgc2025regibo3", "rating": null, "private": 0, "password": null}