{"id": "gen9vgc2025regibo3-2353447732", "format": "[Gen 9] VGC 2025 Reg I (Bo3)", "players": ["cryinb", "Mentalsyndrome"], "log": "|j|\u2606cryinb\n|j|\u2606Mentalsyndrome\n|html|<table width=\"100%\"><tr><td align=\"left\">cryinb</td><td align=\"right\">Mentalsyndrome</tr><tr><td align=\"left\"><i class=\"fa fa-circle-o\"></i> <i class=\"fa fa-circle-o\"></i> </td><td align=\"right\"><i class=\"fa fa-circle-o\"></i> <i class=\"fa fa-circle\"></i> </tr></table>\n|uhtml|bestof|<h2><strong>Game 2</strong> of <a href=\"/game-bestof3-gen9vgc2025regibo3-2353445235\">a best-of-3</a></h2>\n|t:|1745956812\n|gametype|doubles\n|player|p1|cryinb|1|1178\n|player|p2|Mentalsyndrome|101|1203\n|teamsize|p1|6\n|teamsize|p2|6\n|gen|9\n|tier|[Gen 9] VGC 2025 Reg I (Bo3)\n|rated|\n|rule|Species Clause: Limit one of each Pok\u00e9mon\n|rule|Item Clause: Limit 1 of each item\n|clearpoke\n|poke|p1|Zacian-*, L50|\n|poke|p1|Kyogre, L50|\n|poke|p1|Tornadus, L50, M|\n|poke|p1|Urshifu-*, L50, M|\n|poke|p1|Landorus, L50, M|\n|poke|p1|Rillaboom, L50, M|\n|poke|p2|Bastiodon, L50, M|\n|poke|p2|Flutter Mane, L50|\n|poke|p2|Grimmsnarl, L50, M|\n|poke|p2|Koraidon, L50|\n|poke|p2|Groudon, L50|\n|poke|p2|Brute Bonnet, L50|\n|teampreview|4\n|showteam|p1|Zacian-Crowned||RustedSword|IntrepidSword|behemothblade,PlayRough,SacredSword,Protect||||||50|,,,,,Fairy]Kyogre||Leftovers|Drizzle|WaterSpout,IceBeam,Thunder,Protect||||||50|,,,,,Electric]Tornadus||CovertCloak|Prankster|Tailwind,Hurricane,RainDance,Taunt|||M|||50|,,,,,Dark]Urshifu-Rapid-Strike||MysticWater|UnseenFist|AquaJet,SurgingStrikes,BrickBreak,Detect|||M|||50|,,,,,Water]Landorus||LifeOrb|SheerForce|SandsearStorm,EarthPower,Protect,Psychic|||M|||50|,,,,,Water]Rillaboom||AssaultVest|GrassySurge|FakeOut,GrassyGlide,WoodHammer,HighHorsepower|||M|||50|,,,,,Grass\n|showteam|p2|Bastiodon||Leftovers|Sturdy|IronDefense,BodyPress,WideGuard,FoulPlay|||M|||50|,,,,,Water]Flutter Mane||FocusSash|Protosynthesis|IcyWind,Moonblast,Protect,Taunt||||||50|,,,,,Normal]Grimmsnarl||LightClay|Prankster|Reflect,LightScreen,SpiritBreak,ThunderWave|||M|||50|,,,,,Ghost]Koraidon||ClearAmulet|OrichalcumPulse|FlareBlitz,FlameCharge,CloseCombat,Protect||||||50|,,,,,Fire]Groudon||AssaultVest|Drought|PrecipiceBlades,HeatCrash,ThunderPunch,HighHorsepower||||||50|,,,,,Fire]Brute Bonnet||CovertCloak|Protosynthesis|SuckerPunch,Spore,RagePowder,SeedBomb||||||50|,,,,,Poison\n|inactive|Battle timer is ON: inactive players will automatically lose when time's up. (requested by Mentalsyndrome)\n|inactive|cryinb has 60 seconds left.\n|\n|t:|1745956847\n|start\n|switch|p1a: Rillaboom|Rillaboom, L50, M|100/100\n|switch|p1b: Tornadus|Tornadus, L50, M|100/100\n|switch|p2a: Don Steadman|Flutter Mane, L50|100/100\n|switch|p2b: Groudon|Groudon, L50|100/100\n|-weather|SunnyDay|[from] ability: Drought|[of] p2b: Groudon\n|-activate|p2a: Don Steadman|ability: Protosynthesis\n|-start|p2a: Don Steadman|protosynthesisspe\n|-fieldstart|move: Grassy Terrain|[from] ability: Grassy Surge|[of] p1a: Rillaboom\n|turn|1\n|\n|t:|1745956866\n|move|p1a: Rillaboom|Fake Out|p2b: Groudon\n|-damage|p2b: Groudon|91/100\n|move|p1b: Tornadus|Rain Dance|p1b: Tornadus\n|-weather|RainDance\n|-end|p2a: Don Steadman|Protosynthesis\n|move|p2a: Don Steadman|Icy Wind|p1a: Rillaboom|[spread] p1a,p1b\n|-supereffective|p1a: Rillaboom\n|-supereffective|p1b: Tornadus\n|-damage|p1a: Rillaboom|77/100\n|-damage|p1b: Tornadus|64/100\n|-unboost|p1a: Rillaboom|spe|1\n|cant|p2b: Groudon|flinch\n|\n|-weather|RainDance|[upkeep]\n|-heal|p2b: Groudon|97/100|[from] Grassy Terrain\n|-heal|p1a: Rillaboom|83/100|[from] Grassy Terrain\n|upkeep\n|turn|2\n|inactive|Mentalsyndrome has 30 seconds left.\n|inactive|Mentalsyndrome has 20 seconds left.\n|\n|t:|1745956903\n|switch|p2b: Don Beignet|Brute Bonnet, L50|100/100\n|move|p1b: Tornadus|Tailwind|p1b: Tornadus\n|-sidestart|p1: cryinb|move: Tailwind\n|move|p2a: Don Steadman|Icy Wind|p1a: Rillaboom|[spread] p1a,p1b\n|-supereffective|p1a: Rillaboom\n|-supereffective|p1b: Tornadus\n|-damage|p1a: Rillaboom|63/100\n|-damage|p1b: Tornadus|24/100\n|-unboost|p1a: Rillaboom|spe|1\n|move|p1a: Rillaboom|Wood Hammer|p2a: Don Steadman\n|-enditem|p2a: Don Steadman|Focus Sash\n|-damage|p2a: Don Steadman|1/100\n|-damage|p1a: Rillaboom|40/100|[from] Recoil\n|\n|-weather|RainDance|[upkeep]\n|-heal|p2a: Don Steadman|7/100|[from] Grassy Terrain\n|-heal|p1a: Rillaboom|46/100|[from] Grassy Terrain\n|upkeep\n|turn|3\n|inactive|cryinb has 30 seconds left.\n|\n|t:|1745956928\n|move|p2a: Don Steadman|Protect|p2a: Don Steadman\n|-singleturn|p2a: Don Steadman|Protect\n|move|p1a: Rillaboom|Grassy Glide|p2a: Don Steadman\n|-activate|p2a: Don Steadman|move: Protect\n|move|p2b: Don Beignet|Sucker Punch|p1b: Tornadus\n|-damage|p1b: Tornadus|0 fnt\n|faint|p1b: Tornadus\n|\n|-weather|RainDance|[upkeep]\n|-heal|p2a: Don Steadman|13/100|[from] Grassy Terrain\n|-heal|p1a: Rillaboom|52/100|[from] Grassy Terrain\n|upkeep\n|\n|t:|1745956939\n|switch|p1b: Kyogre|Kyogre, L50|100/100\n|turn|4\n|\n|t:|1745956953\n|-end|p2a: Don Steadman|Protosynthesis|[silent]\n|switch|p2a: Don Hotwheels|Koraidon, L50|100/100\n|-weather|SunnyDay|[from] ability: Orichalcum Pulse|[of] p2a: Don Hotwheels\n|-activate|p2b: Don Beignet|ability: Protosynthesis\n|-start|p2b: Don Beignet|protosynthesisdef\n|-activate|p2a: Don Hotwheels|Orichalcum Pulse|[source]\n|move|p1a: Rillaboom|Grassy Glide|p2a: Don Hotwheels\n|-resisted|p2a: Don Hotwheels\n|-damage|p2a: Don Hotwheels|82/100\n|move|p1b: Kyogre|Ice Beam|p2b: Don Beignet\n|-supereffective|p2b: Don Beignet\n|-damage|p2b: Don Beignet|47/100\n|move|p2b: Don Beignet|Spore|p1b: Kyogre\n|-status|p1b: Kyogre|slp|[from] move: Spore\n|\n|-weather|SunnyDay|[upkeep]\n|-heal|p2a: Don Hotwheels|88/100|[from] Grassy Terrain\n|-heal|p1a: Rillaboom|57/100|[from] Grassy Terrain\n|-heal|p2b: Don Beignet|53/100|[from] Grassy Terrain\n|upkeep\n|turn|5\n|inactive|cryinb has 30 seconds left.\n|\n|t:|1745956980\n|switch|p1b: Zacian|Zacian-Crowned, L50|100/100\n|-ability|p1b: Zacian|Intrepid Sword|boost\n|-boost|p1b: Zacian|atk|1\n|move|p2a: Don Hotwheels|Flame Charge|p1a: Rillaboom\n|-supereffective|p1a: Rillaboom\n|-damage|p1a: Rillaboom|0 fnt\n|-boost|p2a: Don Hotwheels|spe|1\n|faint|p1a: Rillaboom\n|move|p2b: Don Beignet|Seed Bomb|p1b: Zacian\n|-resisted|p1b: Zacian\n|-damage|p1b: Zacian|81/100\n|\n|-weather|SunnyDay|[upkeep]\n|-heal|p1b: Zacian|87/100|[from] Grassy Terrain\n|-heal|p2a: Don Hotwheels|94/100|[from] Grassy Terrain\n|-heal|p2b: Don Beignet|59/100|[from] Grassy Terrain\n|-sideend|p1: cryinb|move: Tailwind\n|-fieldend|move: Grassy Terrain\n|upkeep\n|\n|t:|1745956994\n|switch|p1a: Kyogre|Kyogre, L50|100/100 slp\n|-weather|RainDance|[from] ability: Drizzle|[of] p1a: Kyogre\n|-end|p2b: Don Beignet|Protosynthesis\n|turn|6\n|\n|t:|1745957014\n|-end|p2b: Don Beignet|Protosynthesis|[silent]\n|switch|p2b: Groudon|Groudon, L50|97/100\n|-weather|SunnyDay|[from] ability: Drought|[of] p2b: Groudon\n|-terastallize|p2a: Don Hotwheels|Fire\n|-terastallize|p1b: Zacian|Fairy\n|move|p2a: Don Hotwheels|Flame Charge|p1b: Zacian\n|-damage|p1b: Zacian|24/100\n|-boost|p2a: Don Hotwheels|spe|1\n|move|p1b: Zacian|Play Rough|p2b: Groudon\n|-damage|p2b: Groudon|32/100\n|cant|p1a: Kyogre|slp\n|\n|-weather|SunnyDay|[upkeep]\n|upkeep\n|turn|7\n|-message|cryinb forfeited.\n|\n|win|Mentalsyndrome\n|raw|cryinb's rating: 1178 &rarr; <strong>1155</strong><br />(-23 for losing)\n|raw|Mentalsyndrome's rating: 1203 &rarr; <strong>1226</strong><br />(+23 for winning)\n|l|\u2606cryinb\n|player|p1|\n", "uploadtime": 1745957030, "views": 9, "formatid": "gen9vgc2025regibo3", "rating": 1155, "private": 0, "password": null}