{"id": "gen9vgc2025regibo3-2353728245", "format": "[Gen 9] VGC 2025 Reg I (Bo3)", "players": ["Jasondddd", "mexican fraud"], "log": "|j|\u2606Jasondddd\n|j|\u203dmexican fraud\n|html|<table width=\"100%\"><tr><td align=\"left\">Jasondddd</td><td align=\"right\">mexican fraud</tr><tr><td align=\"left\"><i class=\"fa fa-circle\"></i> <i class=\"fa fa-circle-o\"></i> </td><td align=\"right\"><i class=\"fa fa-circle-o\"></i> <i class=\"fa fa-circle\"></i> </tr></table>\n|uhtml|bestof|<h2><strong>Game 3</strong> of <a href=\"/game-bestof3-gen9vgc2025regibo3-2353725124\">a best-of-3</a></h2>\n|t:|1745989746\n|gametype|doubles\n|player|p1|Jasondddd|266|1336\n|player|p2|mexican fraud|lyra|1454\n|teamsize|p1|6\n|teamsize|p2|6\n|gen|9\n|tier|[Gen 9] VGC 2025 Reg I (Bo3)\n|rated|\n|rule|Species Clause: Limit one of each Pok\u00e9mon\n|rule|Item Clause: Limit 1 of each item\n|clearpoke\n|poke|p1|Zamazenta-*, L50|\n|poke|p1|Moltres, L50|\n|poke|p1|Calyrex-Shadow, L50|\n|poke|p1|Ogerpon-Cornerstone, L50, F|\n|poke|p1|Grimmsnarl, L50, M|\n|poke|p1|Rillaboom, L50, F|\n|poke|p2|Miraidon, L50|\n|poke|p2|Lunala, L50|\n|poke|p2|Ogerpon-Cornerstone, L50, F|\n|poke|p2|Incineroar, L50, M|\n|poke|p2|Whimsicott, L50, F|\n|poke|p2|Urshifu-*, L50, F|\n|teampreview|4\n|showteam|p1|Zamazenta-Crowned||RustedShield|DauntlessShield|Protect,WideGuard,BodyPress,behemothbash||||||50|,,,,,Dragon]Moltres||CovertCloak|FlameBody|Protect,HeatWave,AirSlash,Tailwind||||||50|,,,,,Grass]Calyrex-Shadow||Leftovers|AsOneSpectrier|Protect,GigaDrain,AstralBarrage,CalmMind||||||50|,,,,,Grass]Ogerpon-Cornerstone||CornerstoneMask|Sturdy|SpikyShield,IvyCudgel,HornLeech,FollowMe|||F|||50|,,,,,Rock]Grimmsnarl||LightClay|Prankster|ThunderWave,LightScreen,Reflect,SpiritBreak|||M|||50|,,,,,Water]Rillaboom||AssaultVest|GrassySurge|FakeOut,Uturn,GrassyGlide,WoodHammer|||F|||50|,,,,,Fire\n|showteam|p2|Miraidon||ChoiceSpecs|HadronEngine|ElectroDrift,DracoMeteor,VoltSwitch,Snarl||||||50|,,,,,Electric]Lunala||ElectricSeed|ShadowShield|MoongeistBeam,Moonblast,WideGuard,TrickRoom||||||50|,,,,,Fairy]Ogerpon-Cornerstone||CornerstoneMask|Sturdy|IvyCudgel,PowerWhip,FollowMe,SpikyShield|||F|||50|,,,,,Rock]Incineroar||AssaultVest|Intimidate|FakeOut,KnockOff,FlareBlitz,Uturn|||M|||50|,,,,,Dragon]Whimsicott||CovertCloak|Prankster|Moonblast,Tailwind,LightScreen,Encore|||F|||50|,,,,,Dark]Urshifu-Rapid-Strike||MysticWater|UnseenFist|SurgingStrikes,CloseCombat,AquaJet,Detect|||F|||50|,,,,,Water\n|\n|t:|1745989761\n|start\n|switch|p1a: Zamazenta|Zamazenta-Crowned, L50|100/100\n|switch|p1b: Grimmsnarl|Grimmsnarl, L50, M|100/100\n|switch|p2a: Lunala|Lunala, L50|100/100\n|switch|p2b: Whimsicott|Whimsicott, L50, F|100/100\n|-ability|p1a: Zamazenta|Dauntless Shield|boost\n|-boost|p1a: Zamazenta|def|1\n|turn|1\n|\n|t:|1745989786\n|move|p2b: Whimsicott|Tailwind|p2b: Whimsicott\n|-sidestart|p2: mexican fraud|move: Tailwind\n|move|p1b: Grimmsnarl|Light Screen|p1b: Grimmsnarl\n|-sidestart|p1: Jasondddd|move: Light Screen\n|move|p2a: Lunala|Moonblast|p1b: Grimmsnarl\n|-supereffective|p1b: Grimmsnarl\n|-damage|p1b: Grimmsnarl|52/100\n|-unboost|p1b: Grimmsnarl|spa|1\n|move|p1a: Zamazenta|Behemoth Bash|p2b: Whimsicott\n|-supereffective|p2b: Whimsicott\n|-damage|p2b: Whimsicott|1/100\n|\n|upkeep\n|turn|2\n|\n|t:|1745989808\n|move|p2b: Whimsicott|Encore|p1a: Zamazenta\n|-start|p1a: Zamazenta|Encore\n|move|p2a: Lunala|Moongeist Beam|p1a: Zamazenta\n|-damage|p1a: Zamazenta|69/100\n|move|p1a: Zamazenta|Behemoth Bash|p2b: Whimsicott\n|-supereffective|p2b: Whimsicott\n|-damage|p2b: Whimsicott|0 fnt\n|faint|p2b: Whimsicott\n|move|p1b: Grimmsnarl|Spirit Break|p2a: Lunala\n|-damage|p2a: Lunala|88/100\n|-unboost|p2a: Lunala|spa|1\n|\n|upkeep\n|\n|t:|1745989815\n|switch|p2b: Incineroar|Incineroar, L50, M|100/100\n|-ability|p2b: Incineroar|Intimidate|boost\n|-unboost|p1a: Zamazenta|atk|1\n|-unboost|p1b: Grimmsnarl|atk|1\n|turn|3\n|\n|t:|1745989832\n|move|p1b: Grimmsnarl|Thunder Wave|p2a: Lunala\n|-status|p2a: Lunala|par\n|move|p1a: Zamazenta|Behemoth Bash|p2a: Lunala\n|-damage|p2a: Lunala|66/100 par\n|move|p2b: Incineroar|Flare Blitz|p1a: Zamazenta\n|-supereffective|p1a: Zamazenta\n|-damage|p1a: Zamazenta|25/100\n|-damage|p2b: Incineroar|88/100|[from] Recoil\n|move|p2a: Lunala|Moongeist Beam|p1a: Zamazenta\n|-damage|p1a: Zamazenta|4/100\n|\n|upkeep\n|turn|4\n|\n|t:|1745989861\n|switch|p1a: Rillaboom|Rillaboom, L50, F|100/100\n|-fieldstart|move: Grassy Terrain|[from] ability: Grassy Surge|[of] p1a: Rillaboom\n|switch|p2a: Miraidon|Miraidon, L50|100/100\n|-fieldstart|move: Electric Terrain|[from] ability: Hadron Engine|[of] p2a: Miraidon\n|move|p1b: Grimmsnarl|Reflect|p1b: Grimmsnarl\n|-sidestart|p1: Jasondddd|Reflect\n|move|p2b: Incineroar|Flare Blitz|p1a: Rillaboom\n|-supereffective|p1a: Rillaboom\n|-damage|p1a: Rillaboom|33/100\n|-status|p1a: Rillaboom|brn\n|-damage|p2b: Incineroar|65/100|[from] Recoil\n|\n|-damage|p1a: Rillaboom|27/100 brn|[from] brn\n|-sideend|p2: mexican fraud|move: Tailwind\n|upkeep\n|turn|5\n|\n|t:|1745989888\n|-terastallize|p2a: Miraidon|Electric\n|move|p1a: Rillaboom|Fake Out|p2a: Miraidon\n|-damage|p2a: Miraidon|95/100\n|cant|p2a: Miraidon|flinch\n|move|p1b: Grimmsnarl|Spirit Break|p2a: Miraidon\n|-damage|p2a: Miraidon|78/100\n|-unboost|p2a: Miraidon|spa|1\n|move|p2b: Incineroar|U-turn|p1a: Rillaboom\n|-supereffective|p1a: Rillaboom\n|-damage|p1a: Rillaboom|0 fnt\n|faint|p1a: Rillaboom\n|\n|t:|1745989896\n|switch|p2b: Lunala|Lunala, L50|66/100 par|[from] U-turn\n|-enditem|p2b: Lunala|Electric Seed\n|-boost|p2b: Lunala|def|1|[from] item: Electric Seed\n|\n|upkeep\n|\n|t:|1745989908\n|switch|p1a: Calyrex|Calyrex-Shadow, L50|100/100\n|-ability|p1a: Calyrex|As One\n|-ability|p1a: Calyrex|Unnerve\n|turn|6\n|\n|t:|1745989921\n|move|p1a: Calyrex|Astral Barrage|p2b: Lunala|[spread] p2a,p2b\n|-crit|p2a: Miraidon\n|-supereffective|p2b: Lunala\n|-damage|p2a: Miraidon|21/100\n|-damage|p2b: Lunala|0 fnt\n|faint|p2b: Lunala\n|-ability|p1a: Calyrex|Grim Neigh|boost\n|-boost|p1a: Calyrex|spa|1\n|move|p2a: Miraidon|Draco Meteor|p1a: Calyrex\n|-damage|p1a: Calyrex|41/100\n|-unboost|p2a: Miraidon|spa|2\n|move|p1b: Grimmsnarl|Spirit Break|p2a: Miraidon\n|-damage|p2a: Miraidon|2/100\n|-unboost|p2a: Miraidon|spa|1\n|\n|-heal|p1a: Calyrex|47/100|[from] item: Leftovers\n|upkeep\n|\n|t:|1745989931\n|switch|p2b: Incineroar|Incineroar, L50, M|65/100\n|-ability|p2b: Incineroar|Intimidate|boost\n|-unboost|p1a: Calyrex|atk|1\n|-unboost|p1b: Grimmsnarl|atk|1\n|turn|7\n|-message|mexican fraud forfeited.\n|\n|win|Jasondddd\n|raw|Jasondddd's rating: 1336 &rarr; <strong>1363</strong><br />(+27 for winning)\n|raw|mexican fraud's rating: 1454 &rarr; <strong>1427</strong><br />(-27 for losing)\n|l|\u203dmexican fraud\n|player|p2|\n", "uploadtime": 1745989950, "views": 24, "formatid": "gen9vgc2025regibo3", "rating": 1363, "private": 0, "password": null}