{"id": "gen9vgc2025regibo3-2354748980", "format": "[Gen 9] VGC 2025 Reg I (Bo3)", "players": ["Edmondantes97", "Descugi"], "log": "|j|\u2606Edmondantes97\n|j|\u2606Descugi\n|html|<table width=\"100%\"><tr><td align=\"left\">Edmondantes97</td><td align=\"right\">Descugi</tr><tr><td align=\"left\"><i class=\"fa fa-circle-o\"></i> <i class=\"fa fa-circle-o\"></i> </td><td align=\"right\"><i class=\"fa fa-circle-o\"></i> <i class=\"fa fa-circle-o\"></i> </tr></table>\n|uhtml|bestof|<h2><strong>Game 1</strong> of <a href=\"/game-bestof3-gen9vgc2025regibo3-2354748979\">a best-of-3</a></h2>\n|t:|1746116359\n|gametype|doubles\n|player|p1|Edmondantes97|lucas|1056\n|player|p2|Descugi|170|1086\n|teamsize|p1|6\n|teamsize|p2|6\n|gen|9\n|tier|[Gen 9] VGC 2025 Reg I (Bo3)\n|rated|\n|rule|Species Clause: Limit one of each Pok\u00e9mon\n|rule|Item Clause: Limit 1 of each item\n|clearpoke\n|poke|p1|Ho-Oh, L50|\n|poke|p1|Dialga-Origin, L50|\n|poke|p1|Amoonguss, L50, M|\n|poke|p1|Glimmora, L50, M|\n|poke|p1|Grimmsnarl, L50, M|\n|poke|p1|Sandy Shocks, L50|\n|poke|p2|Rayquaza, L50|\n|poke|p2|Chien-Pao, L50|\n|poke|p2|Miraidon, L50|\n|poke|p2|Farigiraf, L50, F|\n|poke|p2|Iron Treads, L50|\n|poke|p2|Volcarona, L50, M|\n|teampreview|4\n|showteam|p1|Ho-Oh||ClearAmulet|Regenerator|SacredFire,BraveBird,Tailwind,Protect||||||50|,,,,,Grass]Dialga-Origin||AdamantCrystal|Pressure|TrickRoom,DracoMeteor,FlashCannon,Protect||||||50|,,,,,Fairy]Amoonguss||RockyHelmet|Regenerator|Spore,PollenPuff,RagePowder,Protect|||M|||50|,,,,,Water]Glimmora||FocusSash|ToxicDebris|MortalSpin,PowerGem,SludgeBomb,Protect|||M|||50|,,,,,Grass]Grimmsnarl||CovertCloak|Prankster|FakeOut,SuckerPunch,ThunderWave,SpiritBreak|||M|||50|,,,,,Steel]Sandy Shocks||BoosterEnergy|Protosynthesis|Thunderbolt,EarthPower,VoltSwitch,Protect||||||50|,,,,,Ground\n|showteam|p2|Rayquaza||ClearAmulet|AirLock|DragonAscent,ExtremeSpeed,SwordsDance,Protect||||||50|,,,,,Normal]Chien-Pao||FocusSash|SwordofRuin|IcicleCrash,SuckerPunch,Protect,Crunch||||||50|,,,,,Ghost]Miraidon||ChoiceSpecs|HadronEngine|ElectroDrift,DazzlingGleam,VoltSwitch,DracoMeteor||||||50|,,,,,Fairy]Farigiraf||ElectricSeed|ArmorTail|FoulPlay,Psychic,TrickRoom,HelpingHand|||F|||50|,,,,,Water]Iron Treads||ChoiceBand|QuarkDrive|IronHead,KnockOff,SteelRoller,HighHorsepower||||||50|,,,,,Ghost]Volcarona||RockyHelmet|FlameBody|FieryDance,RagePowder,Tailwind,Protect|||M|||50|,,,,,Water\n|\n|t:|1746116411\n|start\n|switch|p1a: Sandy Shocks|Sandy Shocks, L50|100/100\n|switch|p1b: Grimmsnarl|Grimmsnarl, L50, M|100/100\n|switch|p2a: Miraidon|Miraidon, L50|100/100\n|switch|p2b: Iron Treads|Iron Treads, L50|100/100\n|-fieldstart|move: Electric Terrain|[from] ability: Hadron Engine|[of] p2a: Miraidon\n|-activate|p2b: Iron Treads|ability: Quark Drive\n|-start|p2b: Iron Treads|quarkdrivespe\n|-enditem|p1a: Sandy Shocks|Booster Energy\n|-activate|p1a: Sandy Shocks|ability: Protosynthesis|[fromitem]\n|-start|p1a: Sandy Shocks|protosynthesisspa\n|turn|1\n|\n|t:|1746116445\n|-terastallize|p2b: Iron Treads|Ghost\n|move|p1b: Grimmsnarl|Fake Out|p2a: Miraidon\n|-damage|p2a: Miraidon|87/100\n|move|p2b: Iron Treads|Steel Roller|p1b: Grimmsnarl\n|-supereffective|p1b: Grimmsnarl\n|-damage|p1b: Grimmsnarl|0 fnt\n|-fieldend|move: Electric Terrain\n|-end|p2b: Iron Treads|Quark Drive\n|faint|p1b: Grimmsnarl\n|cant|p2a: Miraidon|flinch\n|move|p1a: Sandy Shocks|Earth Power|p2b: Iron Treads\n|-damage|p2b: Iron Treads|18/100\n|\n|upkeep\n|\n|t:|1746116459\n|switch|p1b: Dialga|Dialga-Origin, L50|100/100\n|-ability|p1b: Dialga|Pressure\n|turn|2\n|\n|t:|1746116482\n|-end|p2b: Iron Treads|Quark Drive|[silent]\n|switch|p2b: Rayquaza|Rayquaza, L50, shiny|100/100\n|-ability|p2b: Rayquaza|Air Lock\n|move|p2a: Miraidon|Volt Switch|p1a: Sandy Shocks\n|-immune|p1a: Sandy Shocks\n|move|p1a: Sandy Shocks|Thunderbolt|p2a: Miraidon\n|-resisted|p2a: Miraidon\n|-damage|p2a: Miraidon|74/100\n|move|p1b: Dialga|Flash Cannon|p2b: Rayquaza\n|-damage|p2b: Rayquaza|32/100\n|\n|upkeep\n|turn|3\n|\n|t:|1746116504\n|move|p2b: Rayquaza|Extreme Speed|p1a: Sandy Shocks\n|-damage|p1a: Sandy Shocks|60/100\n|move|p2a: Miraidon|Volt Switch|p1b: Dialga\n|-resisted|p1b: Dialga\n|-damage|p1b: Dialga|80/100\n|\n|t:|1746116512\n|switch|p2a: Chien-Pao|Chien-Pao, L50|100/100|[from] Volt Switch\n|-ability|p2a: Chien-Pao|Sword of Ruin\n|move|p1a: Sandy Shocks|Earth Power|p2a: Chien-Pao\n|-enditem|p2a: Chien-Pao|Focus Sash\n|-damage|p2a: Chien-Pao|1/100\n|move|p1b: Dialga|Flash Cannon|p2b: Rayquaza\n|-damage|p2b: Rayquaza|0 fnt\n|faint|p2b: Rayquaza\n|\n|upkeep\n|\n|t:|1746116523\n|switch|p2b: Iron Treads|Iron Treads, L50, tera:Ghost|18/100\n|turn|4\n|\n|t:|1746116539\n|switch|p2a: Miraidon|Miraidon, L50|74/100\n|-fieldstart|move: Electric Terrain|[from] ability: Hadron Engine|[of] p2a: Miraidon\n|-activate|p2b: Iron Treads|ability: Quark Drive\n|-start|p2b: Iron Treads|quarkdrivespe\n|move|p1a: Sandy Shocks|Protect|p1a: Sandy Shocks\n|-singleturn|p1a: Sandy Shocks|Protect\n|move|p1b: Dialga|Protect|p1b: Dialga\n|-singleturn|p1b: Dialga|Protect\n|move|p2b: Iron Treads|High Horsepower|p1b: Dialga\n|-activate|p1b: Dialga|move: Protect\n|\n|upkeep\n|turn|5\n|\n|t:|1746116565\n|switch|p1b: Ho-Oh|Ho-Oh, L50|100/100\n|move|p2b: Iron Treads|High Horsepower|p1b: Ho-Oh\n|-immune|p1b: Ho-Oh\n|move|p2a: Miraidon|Draco Meteor|p1a: Sandy Shocks\n|-damage|p1a: Sandy Shocks|0 fnt\n|-unboost|p2a: Miraidon|spa|2\n|faint|p1a: Sandy Shocks\n|-end|p1a: Sandy Shocks|Protosynthesis|[silent]\n|\n|upkeep\n|\n|t:|1746116575\n|switch|p1a: Dialga|Dialga-Origin, L50|80/100\n|-ability|p1a: Dialga|Pressure\n|turn|6\n|\n|t:|1746116593\n|switch|p2a: Chien-Pao|Chien-Pao, L50|1/100\n|-ability|p2a: Chien-Pao|Sword of Ruin\n|-terastallize|p1a: Dialga|Fairy\n|move|p2b: Iron Treads|High Horsepower|p1a: Dialga\n|-damage|p1a: Dialga|15/100\n|move|p1a: Dialga|Draco Meteor|p2a: Chien-Pao|[miss]\n|-miss|p1a: Dialga|p2a: Chien-Pao\n|move|p1b: Ho-Oh|Brave Bird|p2b: Iron Treads\n|-damage|p2b: Iron Treads|0 fnt\n|faint|p2b: Iron Treads\n|-end|p2b: Iron Treads|Quark Drive|[silent]\n|-damage|p1b: Ho-Oh|96/100|[from] Recoil\n|\n|upkeep\n|\n|t:|1746116608\n|switch|p2b: Miraidon|Miraidon, L50|74/100\n|-activate|p2b: Miraidon|ability: Hadron Engine\n|turn|7\n|\n|t:|1746116629\n|move|p2a: Chien-Pao|Icicle Crash|p1b: Ho-Oh\n|-damage|p1b: Ho-Oh|45/100\n|move|p2b: Miraidon|Electro Drift|p1a: Dialga\n|-damage|p1a: Dialga|0 fnt\n|faint|p1a: Dialga\n|move|p1b: Ho-Oh|Brave Bird|p2b: Miraidon\n|-resisted|p2b: Miraidon\n|-damage|p2b: Miraidon|28/100\n|-damage|p1b: Ho-Oh|32/100|[from] Recoil\n|\n|upkeep\n|turn|8\n|-message|Edmondantes97 forfeited.\n|\n|win|Descugi\n|l|\u2606Edmondantes97\n|player|p1|\n||Edmondantes97 is ready for game 2.\n||Descugi is ready for game 2.\n|uhtml|next|Next: <a href=\"/battle-gen9vgc2025regibo3-2354752173\"><strong>Game 2 of 3</strong></a>\n", "uploadtime": 1746117011, "views": 5, "formatid": "gen9vgc2025regibo3", "rating": null, "private": 0, "password": null}