{"id": "gen9vgc2025regibo3-2353686464", "format": "[Gen 9] VGC 2025 Reg I (Bo3)", "players": ["4herbcor", "Hunterhexin"], "log": "|j|\u26064herbcor\n|j|\u2606Hunterhexin\n|html|<table width=\"100%\"><tr><td align=\"left\">4herbcor</td><td align=\"right\">Hunterhexin</tr><tr><td align=\"left\"><i class=\"fa fa-circle\"></i> <i class=\"fa fa-circle-o\"></i> </td><td align=\"right\"><i class=\"fa fa-circle-o\"></i> <i class=\"fa fa-circle-o\"></i> </tr></table>\n|uhtml|bestof|<h2><strong>Game 2</strong> of <a href=\"/game-bestof3-gen9vgc2025regibo3-2353684574\">a best-of-3</a></h2>\n|t:|1745983560\n|gametype|doubles\n|player|p1|4herbcor|linebacker|1099\n|player|p2|Hunterhexin|102|1074\n|teamsize|p1|6\n|teamsize|p2|6\n|gen|9\n|tier|[Gen 9] VGC 2025 Reg I (Bo3)\n|rated|\n|rule|Species Clause: Limit one of each Pok\u00e9mon\n|rule|Item Clause: Limit 1 of each item\n|clearpoke\n|poke|p1|Koraidon, L50|\n|poke|p1|Ho-Oh, L50|\n|poke|p1|Raging Bolt, L50|\n|poke|p1|Walking Wake, L50|\n|poke|p1|Flutter Mane, L50|\n|poke|p1|Amoonguss, L50, F|\n|poke|p2|Koraidon, L50|\n|poke|p2|Weezing-Galar, L50, M|\n|poke|p2|Electrode-Hisui, L50|\n|poke|p2|Miraidon, L50|\n|poke|p2|Iron Boulder, L50|\n|poke|p2|Incineroar, L50, M|\n|teampreview|4\n|showteam|p1|Koraidon||LifeOrb|OrichalcumPulse|FlareBlitz,CloseCombat,FlameCharge,Protect||||||50|,,,,,Fire]Ho-Oh||ClearAmulet|Regenerator|SacredFire,BraveBird,Tailwind,Protect||||||50|,,,,,Grass]Raging Bolt||AssaultVest|Protosynthesis|Thunderclap,Thunderbolt,Snarl,DracoMeteor||||||50|,,,,,Electric]Walking Wake||MysticWater|Protosynthesis|HydroSteam,DracoMeteor,Snarl,Protect||||||50|,,,,,Water]Flutter Mane||FocusSash|Protosynthesis|Moonblast,ShadowBall,IcyWind,Protect||||||50|,,,,,Normal]Amoonguss||RockyHelmet|Regenerator|RagePowder,PollenPuff,Spore,Protect|||F|||50|,,,,,Water\n|showteam|p2|Koraidon||Leftovers|OrichalcumPulse|FlareBlitz,ZenHeadbutt,CollisionCourse,Protect||||||50|,,,,,Steel]Weezing-Galar||ChoiceSpecs|NeutralizingGas|Overheat,StrangeSteam,SludgeBomb,DarkPulse|||M|||50|,,,,,Fire]Electrode-Hisui||CovertCloak|Aftermath|Reflect,Electroweb,ThunderWave,Taunt||||||50|,,,,,Normal]Miraidon||ElectricSeed|HadronEngine|ElectroDrift,DragonPulse,Protect,ThunderWave||||||50|,,,,,Poison]Iron Boulder||ChoiceBand|QuarkDrive|MightyCleave,SolarBlade,ThroatChop,CloseCombat||||||50|,,,,,Dark]Incineroar||AguavBerry|Intimidate|KnockOff,FakeOut,FlareBlitz,PartingShot|||M|||50|,,,,,Ghost\n|inactive|Battle timer is ON: inactive players will automatically lose when time's up. (requested by 4herbcor)\n|\n|t:|1745983577\n|start\n|switch|p1a: Walking Wake|Walking Wake, L50|100/100\n|switch|p1b: Koraidon|Koraidon, L50|100/100\n|switch|p2a: Weezing|Weezing-Galar, L50, M|100/100\n|switch|p2b: Iron Boulder|Iron Boulder, L50|100/100\n|-ability|p2a: Weezing|Neutralizing Gas\n|turn|1\n|inactive|Hunterhexin has 30 seconds left.\n|\n|t:|1745983604\n|move|p1b: Koraidon|Flare Blitz|p2a: Weezing\n|-damage|p2a: Weezing|39/100\n|-damage|p1b: Koraidon|85/100|[from] Recoil\n|-damage|p1b: Koraidon|75/100|[from] item: Life Orb\n|move|p1a: Walking Wake|Hydro Steam|p2a: Weezing\n|-damage|p2a: Weezing|0 fnt\n|faint|p2a: Weezing\n|-end|p2a: Weezing|ability: Neutralizing Gas\n|-weather|SunnyDay|[from] ability: Orichalcum Pulse|[of] p1b: Koraidon\n|-activate|p1a: Walking Wake|ability: Protosynthesis\n|-start|p1a: Walking Wake|protosynthesisspe\n|-activate|p1b: Koraidon|Orichalcum Pulse|[source]\n|move|p2b: Iron Boulder|Mighty Cleave|p1b: Koraidon\n|-resisted|p1b: Koraidon\n|-damage|p1b: Koraidon|41/100\n|\n|-weather|SunnyDay|[upkeep]\n|upkeep\n|\n|t:|1745983619\n|switch|p2a: Miraidon|Miraidon, L50|100/100\n|-fieldstart|move: Electric Terrain|[from] ability: Hadron Engine|[of] p2a: Miraidon\n|-activate|p2b: Iron Boulder|ability: Quark Drive\n|-start|p2b: Iron Boulder|quarkdriveatk\n|-enditem|p2a: Miraidon|Electric Seed\n|-boost|p2a: Miraidon|def|1|[from] item: Electric Seed\n|turn|2\n|\n|t:|1745983638\n|move|p1b: Koraidon|Protect|p1b: Koraidon\n|-singleturn|p1b: Koraidon|Protect\n|move|p2a: Miraidon|Protect|p2a: Miraidon\n|-singleturn|p2a: Miraidon|Protect\n|move|p1a: Walking Wake|Hydro Steam|p2b: Iron Boulder\n|-supereffective|p2b: Iron Boulder\n|-damage|p2b: Iron Boulder|0 fnt\n|faint|p2b: Iron Boulder\n|-end|p2b: Iron Boulder|Quark Drive|[silent]\n|\n|-weather|SunnyDay|[upkeep]\n|upkeep\n|\n|t:|1745983647\n|switch|p2b: Koraidon|Koraidon, L50|100/100\n|-activate|p2b: Koraidon|ability: Orichalcum Pulse\n|turn|3\n|\n|t:|1745983664\n|switch|p1b: Ho-Oh|Ho-Oh, L50|100/100\n|-terastallize|p2a: Miraidon|Poison\n|move|p1a: Walking Wake|Draco Meteor|p2a: Miraidon\n|-damage|p2a: Miraidon|58/100\n|-unboost|p1a: Walking Wake|spa|2\n|move|p2b: Koraidon|Zen Headbutt|p1b: Ho-Oh\n|-damage|p1b: Ho-Oh|67/100\n|move|p2a: Miraidon|Dragon Pulse|p1a: Walking Wake\n|-supereffective|p1a: Walking Wake\n|-damage|p1a: Walking Wake|0 fnt\n|faint|p1a: Walking Wake\n|-end|p1a: Walking Wake|Protosynthesis|[silent]\n|\n|-weather|SunnyDay|[upkeep]\n|upkeep\n|\n|t:|1745983677\n|switch|p1a: Flutter Mane|Flutter Mane, L50|100/100\n|-activate|p1a: Flutter Mane|ability: Protosynthesis\n|-start|p1a: Flutter Mane|protosynthesisspe\n|turn|4\n|\n|t:|1745983686\n|move|p2b: Koraidon|Protect|p2b: Koraidon\n|-singleturn|p2b: Koraidon|Protect\n|move|p1b: Ho-Oh|Protect|p1b: Ho-Oh\n|-singleturn|p1b: Ho-Oh|Protect\n|move|p1a: Flutter Mane|Moonblast|p2b: Koraidon\n|-activate|p2b: Koraidon|move: Protect\n|move|p2a: Miraidon|Thunder Wave|p1a: Flutter Mane\n|-status|p1a: Flutter Mane|par\n|\n|-weather|SunnyDay|[upkeep]\n|upkeep\n|turn|5\n|\n|t:|1745983702\n|move|p2b: Koraidon|Flare Blitz|p1a: Flutter Mane\n|-enditem|p1a: Flutter Mane|Focus Sash\n|-damage|p1a: Flutter Mane|1/100 par\n|-damage|p2b: Koraidon|76/100|[from] Recoil\n|move|p2a: Miraidon|Electro Drift|p1b: Ho-Oh\n|-supereffective|p1b: Ho-Oh\n|-damage|p1b: Ho-Oh|0 fnt\n|faint|p1b: Ho-Oh\n|move|p1a: Flutter Mane|Moonblast|p2b: Koraidon\n|-supereffective|p2b: Koraidon\n|-damage|p2b: Koraidon|0 fnt\n|faint|p2b: Koraidon\n|\n|-weather|none\n|-end|p1a: Flutter Mane|Protosynthesis\n|upkeep\n|\n|t:|1745983716\n|switch|p1b: Koraidon|Koraidon, L50|41/100\n|-weather|SunnyDay|[from] ability: Orichalcum Pulse|[of] p1b: Koraidon\n|-activate|p1a: Flutter Mane|ability: Protosynthesis\n|-start|p1a: Flutter Mane|protosynthesisspe\n|-activate|p1b: Koraidon|Orichalcum Pulse|[source]\n|turn|6\n|\n|t:|1745983733\n|move|p1b: Koraidon|Close Combat|p2a: Miraidon\n|-resisted|p2a: Miraidon\n|-damage|p2a: Miraidon|22/100\n|-unboost|p1b: Koraidon|def|1\n|-unboost|p1b: Koraidon|spd|1\n|-damage|p1b: Koraidon|32/100|[from] item: Life Orb\n|move|p2a: Miraidon|Dragon Pulse|p1b: Koraidon\n|-supereffective|p1b: Koraidon\n|-damage|p1b: Koraidon|0 fnt\n|faint|p1b: Koraidon\n|move|p1a: Flutter Mane|Moonblast|p2a: Miraidon\n|-resisted|p2a: Miraidon\n|-damage|p2a: Miraidon|5/100\n|\n|-weather|SunnyDay|[upkeep]\n|-fieldend|move: Electric Terrain\n|upkeep\n|turn|7\n|\n|t:|1745983752\n|move|p2a: Miraidon|Electro Drift|p1a: Flutter Mane\n|-damage|p1a: Flutter Mane|0 fnt\n|faint|p1a: Flutter Mane\n|-end|p1a: Flutter Mane|Protosynthesis|[silent]\n|\n|win|Hunterhexin\n||4herbcor is ready for game 3.\n||Hunterhexin is ready for game 3.\n|uhtml|next|Next: <a href=\"/battle-gen9vgc2025regibo3-2353687956\"><strong>Game 3 of 3</strong></a>\n|l|\u26064herbcor\n|player|p1|\n", "uploadtime": 1745984102, "views": 6, "formatid": "gen9vgc2025regibo3", "rating": null, "private": 0, "password": null}