{"id": "gen9vgc2025regibo3-2355047139", "format": "[Gen 9] VGC 2025 Reg I (Bo3)", "players": ["8bitbidoof", "ChoerryVGC"], "log": "|j|\u26068bitbidoof\n|j|\u2606ChoerryVGC\n|html|<table width=\"100%\"><tr><td align=\"left\">8bitbidoof</td><td align=\"right\">ChoerryVGC</tr><tr><td align=\"left\"><i class=\"fa fa-circle-o\"></i> <i class=\"fa fa-circle-o\"></i> </td><td align=\"right\"><i class=\"fa fa-circle-o\"></i> <i class=\"fa fa-circle\"></i> </tr></table>\n|uhtml|bestof|<h2><strong>Game 2</strong> of <a href=\"/game-bestof3-gen9vgc2025regibo3-2355043913\">a best-of-3</a></h2>\n|t:|1746146010\n|gametype|doubles\n|player|p1|8bitbidoof|hilbert|1264\n|player|p2|ChoerryVGC|lacey|1319\n|teamsize|p1|6\n|teamsize|p2|6\n|gen|9\n|tier|[Gen 9] VGC 2025 Reg I (Bo3)\n|rated|\n|rule|Species Clause: Limit one of each Pok\u00e9mon\n|rule|Item Clause: Limit 1 of each item\n|clearpoke\n|poke|p1|Koraidon, L50|\n|poke|p1|Flutter Mane, L50|\n|poke|p1|Brute Bonnet, L50|\n|poke|p1|Chi-Yu, L50|\n|poke|p1|Lunala, L50|\n|poke|p1|Ursaluna, L50, M|\n|poke|p2|Koraidon, L50|\n|poke|p2|Chi-Yu, L50|\n|poke|p2|Calyrex-Shadow, L50|\n|poke|p2|Weezing-Galar, L50, M|\n|poke|p2|Dondozo, L50, F|\n|poke|p2|Tatsugiri-Droopy, L50, M|\n|teampreview|4\n|showteam|p1|Koraidon||ClearAmulet|OrichalcumPulse|FlareBlitz,CollisionCourse,FlameCharge,Protect||||||50|,,,,,Fire]Flutter Mane||FocusSash|Protosynthesis|Moonblast,ShadowBall,IcyWind,Protect||||||50|,,,,,Normal]Brute Bonnet||CovertCloak|Protosynthesis|SeedBomb,SuckerPunch,Spore,RagePowder||||||50|,,,,,Water]Chi-Yu||ChoiceScarf|BeadsofRuin|HeatWave,DarkPulse,Overheat,Snarl||||||50|,,,,,Ghost]Lunala||PowerHerb|ShadowShield|MoongeistBeam,MeteorBeam,WideGuard,TrickRoom||||||50|,,,,,Normal]Ursaluna||FlameOrb|Guts|Facade,HeadlongRush,Earthquake,Protect|||M|||50|,,,,,Water\n|showteam|p2|Koraidon||AbilityShield|OrichalcumPulse|CollisionCourse,FlareBlitz,FlameCharge,Protect||||||50|,,,,,Fire]Chi-Yu||ChoiceScarf|BeadsofRuin|Overheat,HeatWave,DarkPulse,Snarl||||||50|,,,,,Ghost]Calyrex-Shadow||FocusSash|AsOneSpectrier|AstralBarrage,Disable,Encore,Protect||||||50|,,,,,Ghost]Weezing-Galar||RockyHelmet|NeutralizingGas|DazzlingGleam,ToxicSpikes,PoisonGas,Protect|||M|||50|,,,,,Water]Dondozo||Leftovers|Unaware|OrderUp,BodyPress,Earthquake,Protect|||F|||50|,,,,,Grass]Tatsugiri-Droopy||SafetyGoggles|Commander|MuddyWater,DracoMeteor,Taunt,Protect|||M|||50|,,,,,Fairy\n|inactive|Battle timer is ON: inactive players will automatically lose when time's up. (requested by ChoerryVGC)\n|inactive|8bitbidoof also wants the timer to be on.\n|j| good evening 47\n|inactive|8bitbidoof has 60 seconds left.\n|inactive|8bitbidoof has 30 seconds left.\n|inactive|8bitbidoof has 20 seconds left.\n|inactive|8bitbidoof has 15 seconds left.\n|inactive|8bitbidoof has 10 seconds left.\n|\n|t:|1746146091\n|start\n|switch|p1a: Lunala|Lunala, L50|100/100\n|switch|p1b: Brute Bonnet|Brute Bonnet, L50|100/100\n|switch|p2a: Koraidon|Koraidon, L50|100/100\n|switch|p2b: Weezing|Weezing-Galar, L50, M|100/100\n|-ability|p2b: Weezing|Neutralizing Gas\n|-block|p2a: Koraidon|item: Ability Shield\n|-weather|SunnyDay|[from] ability: Orichalcum Pulse|[of] p2a: Koraidon\n|-activate|p2a: Koraidon|Orichalcum Pulse|[source]\n|turn|1\n|inactive|8bitbidoof has 30 seconds left.\n|\n|t:|1746146118\n|-terastallize|p2a: Koraidon|Fire\n|move|p2a: Koraidon|Flare Blitz|p1a: Lunala\n|-damage|p1a: Lunala|0 fnt\n|faint|p1a: Lunala\n|-damage|p2a: Koraidon|55/100|[from] Recoil\n|move|p2b: Weezing|Toxic Spikes|p1b: Brute Bonnet\n|-sidestart|p1: 8bitbidoof|move: Toxic Spikes\n|move|p1b: Brute Bonnet|Spore|p2a: Koraidon\n|-status|p2a: Koraidon|slp|[from] move: Spore\n|\n|-weather|SunnyDay|[upkeep]\n|upkeep\n|inactive|8bitbidoof has 30 seconds left.\n|inactive|8bitbidoof has 20 seconds left.\n|inactive|8bitbidoof has 15 seconds left.\n|\n|t:|1746146161\n|switch|p1a: Ursaluna|Ursaluna, L50, M|100/100\n|-status|p1a: Ursaluna|psn\n|turn|2\n|\n|t:|1746146178\n|cant|p2a: Koraidon|slp\n|move|p2b: Weezing|Dazzling Gleam|p1a: Ursaluna|[spread] p1a,p1b\n|-supereffective|p1b: Brute Bonnet\n|-damage|p1a: Ursaluna|84/100 psn\n|-damage|p1b: Brute Bonnet|67/100\n|move|p1b: Brute Bonnet|Spore|p2a: Koraidon\n|-fail|p2a: Koraidon|slp\n|move|p1a: Ursaluna|Earthquake|p2a: Koraidon|[spread] p1b,p2a,p2b\n|-resisted|p1b: Brute Bonnet\n|-supereffective|p2a: Koraidon\n|-supereffective|p2b: Weezing\n|-damage|p1b: Brute Bonnet|55/100\n|-damage|p2a: Koraidon|0 fnt\n|-damage|p2b: Weezing|33/100\n|faint|p2a: Koraidon\n|\n|-weather|SunnyDay|[upkeep]\n|-damage|p1a: Ursaluna|72/100 psn|[from] psn\n|upkeep\n|\n|t:|1746146185\n|switch|p2a: Dondozo|Dondozo, L50, F|100/100\n|turn|3\n|inactive|8bitbidoof has 30 seconds left.\n|\n|t:|1746146215\n|move|p2a: Dondozo|Protect|p2a: Dondozo\n|-singleturn|p2a: Dondozo|Protect\n|move|p1a: Ursaluna|Protect|p1a: Ursaluna\n|-singleturn|p1a: Ursaluna|Protect\n|move|p2b: Weezing|Dazzling Gleam|p1b: Brute Bonnet|[spread] p1b\n|-activate|p1a: Ursaluna|move: Protect\n|-supereffective|p1b: Brute Bonnet\n|-damage|p1b: Brute Bonnet|24/100\n|move|p1b: Brute Bonnet|Spore|p2a: Dondozo\n|-activate|p2a: Dondozo|move: Protect\n|\n|-weather|SunnyDay|[upkeep]\n|-damage|p1a: Ursaluna|60/100 psn|[from] psn\n|upkeep\n|turn|4\n|inactive|8bitbidoof has 30 seconds left.\n|\n|t:|1746146246\n|-end|p2b: Weezing|ability: Neutralizing Gas\n|-activate|p1b: Brute Bonnet|ability: Protosynthesis\n|-start|p1b: Brute Bonnet|protosynthesisdef\n|switch|p2b: Tatsugiri|Tatsugiri-Droopy, L50, M|100/100\n|-activate|p2b: Tatsugiri|ability: Commander|[of] p2a: Dondozo\n|-boost|p2a: Dondozo|atk|2\n|-boost|p2a: Dondozo|spa|2\n|-boost|p2a: Dondozo|spe|2\n|-boost|p2a: Dondozo|def|2\n|-boost|p2a: Dondozo|spd|2\n|move|p2a: Dondozo|Body Press|p1b: Brute Bonnet\n|-supereffective|p1b: Brute Bonnet\n|-damage|p1b: Brute Bonnet|0 fnt\n|faint|p1b: Brute Bonnet\n|-end|p1b: Brute Bonnet|Protosynthesis|[silent]\n|move|p1a: Ursaluna|Earthquake|p2b: Tatsugiri|[spread] p2a\n|-miss|p1a: Ursaluna|p2b: Tatsugiri\n|-damage|p2a: Dondozo|82/100\n|\n|-weather|SunnyDay|[upkeep]\n|-heal|p2a: Dondozo|88/100|[from] item: Leftovers\n|-damage|p1a: Ursaluna|47/100 psn|[from] psn\n|upkeep\n|\n|t:|1746146253\n|switch|p1b: Koraidon|Koraidon, L50|100/100\n|-status|p1b: Koraidon|psn\n|-activate|p1b: Koraidon|ability: Orichalcum Pulse\n|turn|5\n|\n|t:|1746146269\n|move|p2a: Dondozo|Protect|p2a: Dondozo\n|-singleturn|p2a: Dondozo|Protect\n|move|p1b: Koraidon|Collision Course|p2a: Dondozo\n|-activate|p2a: Dondozo|move: Protect\n|move|p1a: Ursaluna|Facade|p2a: Dondozo\n|-activate|p2a: Dondozo|move: Protect\n|\n|-weather|none\n|-heal|p2a: Dondozo|94/100|[from] item: Leftovers\n|-damage|p1b: Koraidon|88/100 psn|[from] psn\n|-damage|p1a: Ursaluna|35/100 psn|[from] psn\n|upkeep\n|turn|6\n|\n|t:|1746146282\n|move|p1b: Koraidon|Collision Course|p2a: Dondozo\n|-damage|p2a: Dondozo|78/100\n|move|p2a: Dondozo|Body Press|p1a: Ursaluna\n|-supereffective|p1a: Ursaluna\n|-damage|p1a: Ursaluna|0 fnt\n|faint|p1a: Ursaluna\n|\n|-heal|p2a: Dondozo|85/100|[from] item: Leftovers\n|-damage|p1b: Koraidon|75/100 psn|[from] psn\n|upkeep\n|turn|7\n|\n|t:|1746146286\n|move|p1b: Koraidon|Collision Course|p2a: Dondozo\n|-damage|p2a: Dondozo|68/100\n|move|p2a: Dondozo|Order Up|p1b: Koraidon\n|-supereffective|p1b: Koraidon\n|-damage|p1b: Koraidon|11/100 psn\n|-boost|p2a: Dondozo|def|1\n|\n|-heal|p2a: Dondozo|74/100|[from] item: Leftovers\n|-damage|p1b: Koraidon|0 fnt|[from] psn\n|faint|p1b: Koraidon\n|\n|win|ChoerryVGC\n|raw|8bitbidoof's rating: 1264 &rarr; <strong>1243</strong><br />(-21 for losing)\n|raw|ChoerryVGC's rating: 1319 &rarr; <strong>1336</strong><br />(+17 for winning)\n|l|\u2606ChoerryVGC\n|player|p2|\n", "uploadtime": 1746146288, "views": 27, "formatid": "gen9vgc2025regibo3", "rating": 1243, "private": 0, "password": null}