{"id": "gen9vgc2025regibo3-2353721562", "format": "[Gen 9] VGC 2025 Reg I (Bo3)", "players": ["blueishman", "Deadlyshirts"], "log": "|j|\u2606blueishman\n|j|\u2606Deadlyshirts\n|html|<table width=\"100%\"><tr><td align=\"left\">blueishman</td><td align=\"right\">Deadlyshirts</tr><tr><td align=\"left\"><i class=\"fa fa-circle-o\"></i> <i class=\"fa fa-circle-o\"></i> </td><td align=\"right\"><i class=\"fa fa-circle-o\"></i> <i class=\"fa fa-circle-o\"></i> </tr></table>\n|uhtml|bestof|<h2><strong>Game 1</strong> of <a href=\"/game-bestof3-gen9vgc2025regibo3-2353721561\">a best-of-3</a></h2>\n|t:|1745988646\n|gametype|doubles\n|player|p1|blueishman|wattson|\n|player|p2|Deadlyshirts|2|\n|teamsize|p1|5\n|teamsize|p2|6\n|gen|9\n|tier|[Gen 9] VGC 2025 Reg I (Bo3)\n|rule|Species Clause: Limit one of each Pok\u00e9mon\n|rule|Item Clause: Limit 1 of each item\n|clearpoke\n|poke|p1|Dragonite, L50, M|\n|poke|p1|Chien-Pao, L50|\n|poke|p1|Incineroar, L50, F|\n|poke|p1|Cresselia, L50, F|\n|poke|p1|Zamazenta-*, L50|\n|poke|p2|Coalossal, L50, F|\n|poke|p2|Kyogre, L50|\n|poke|p2|Barraskewda, L50, M|\n|poke|p2|Ludicolo, L50, F|\n|poke|p2|Drednaw, L50, M|\n|poke|p2|Araquanid, L50, M|\n|teampreview|4\n|showteam|p1|Dragonite||ChoiceBand|InnerFocus|ExtremeSpeed,DracoMeteor,Outrage,ThunderPunch|||M|||50|,,,,,Dragon]Chien-Pao||AssaultVest|SwordofRuin|SacredSword,IceSpinner,PsychicFangs,SuckerPunch||||||50|,,,,,Dark]Incineroar||Leftovers|Intimidate|FlareBlitz,KnockOff,FakeOut,PartingShot|||F|||50|,,,,,Fire]Cresselia||CovertCloak|Levitate|LunarBlessing,DazzlingGleam,CalmMind,Thunderbolt|||F|||50|,,,,,Electric]Zamazenta-Crowned||RustedShield|DauntlessShield|Coaching,BodyPress,HeavySlam,IronDefense||||||50|,,,,,Fighting\n|showteam|p2|Coalossal||WeaknessPolicy|SteamEngine|Curse,BodyPress,RockSlide,TemperFlare|||F|||50|,,,,,Water]Kyogre||ChoiceSpecs|Drizzle|OriginPulse,MuddyWater,WaterSpout,Thunderbolt||||||50|,,,,,Stellar]Barraskewda||LifeOrb|PropellerTail|AquaJet,FlipTurn,PoisonJab,Crunch|||M|||50|,,,,,Ghost]Ludicolo||FocusSash|SwiftSwim|FakeOut,DrainPunch,KnockOff,SwordsDance|||F|||50|,,,,,Fighting]Drednaw||ExpertBelt|SwiftSwim|ShellSmash,Waterfall,JawLock,Liquidation|||M|||50|,,,,,Water]Araquanid||Leftovers|WaterBubble|RainDance,WideGuard,Liquidation,Stockpile|||M|||50|,,,,,Water\n|\n|t:|1745988675\n|start\n|switch|p1a: Cresselia|Cresselia, L50, F|100/100\n|switch|p1b: Incineroar|Incineroar, L50, F|100/100\n|switch|p2a: Coalossal|Coalossal, L50, F|100/100\n|switch|p2b: Kyogre|Kyogre, L50|100/100\n|-weather|RainDance|[from] ability: Drizzle|[of] p2b: Kyogre\n|-ability|p1b: Incineroar|Intimidate|boost\n|-unboost|p2a: Coalossal|atk|1\n|-unboost|p2b: Kyogre|atk|1\n|turn|1\n|\n|t:|1745988690\n|switch|p2b: Barraskewda|Barraskewda, L50, M|100/100\n|move|p1b: Incineroar|Fake Out|p2b: Barraskewda\n|-damage|p2b: Barraskewda|81/100\n|move|p1a: Cresselia|Calm Mind|p1a: Cresselia\n|-boost|p1a: Cresselia|spa|1\n|-boost|p1a: Cresselia|spd|1\n|move|p2a: Coalossal|Curse|p2a: Coalossal\n|-unboost|p2a: Coalossal|spe|1\n|-boost|p2a: Coalossal|atk|1\n|-boost|p2a: Coalossal|def|1\n|\n|-weather|RainDance|[upkeep]\n|upkeep\n|turn|2\n|\n|t:|1745988735\n|-terastallize|p1a: Cresselia|Electric\n|-terastallize|p2a: Coalossal|Water\n|move|p2b: Barraskewda|Aqua Jet|p2a: Coalossal\n|-resisted|p2a: Coalossal\n|-damage|p2a: Coalossal|92/100\n|-ability|p2a: Coalossal|Steam Engine|boost\n|-boost|p2a: Coalossal|spe|6\n|-damage|p2b: Barraskewda|71/100|[from] item: Life Orb\n|move|p2a: Coalossal|Body Press|p1b: Incineroar\n|-supereffective|p1b: Incineroar\n|-damage|p1b: Incineroar|37/100\n|move|p1a: Cresselia|Dazzling Gleam|p2a: Coalossal|[spread] p2a,p2b\n|-damage|p2a: Coalossal|70/100\n|-damage|p2b: Barraskewda|17/100\n|move|p1b: Incineroar|Parting Shot|p2a: Coalossal\n|-unboost|p2a: Coalossal|atk|1\n|-unboost|p2a: Coalossal|spa|1\n|\n|t:|1745988758\n|switch|p1b: Dragonite|Dragonite, L50, M|100/100|[from] Parting Shot\n|\n|-weather|RainDance|[upkeep]\n|upkeep\n|turn|3\n|\n|t:|1745988769\n|move|p1b: Dragonite|Extreme Speed|p2b: Barraskewda\n|-damage|p2b: Barraskewda|0 fnt\n|faint|p2b: Barraskewda\n|move|p2a: Coalossal|Rock Slide|p1a: Cresselia|[spread] p1a,p1b\n|-supereffective|p1b: Dragonite\n|-damage|p1a: Cresselia|89/100\n|-damage|p1b: Dragonite|61/100\n|move|p1a: Cresselia|Thunderbolt|p2a: Coalossal\n|-supereffective|p2a: Coalossal\n|-damage|p2a: Coalossal|0 fnt\n|faint|p2a: Coalossal\n|\n|-weather|RainDance|[upkeep]\n|upkeep\n|\n|t:|1745988773\n|switch|p2b: Ludicolo|Ludicolo, L50, F, shiny|100/100\n|switch|p2a: Kyogre|Kyogre, L50|100/100\n|turn|4\n|\n|t:|1745988785\n|switch|p1a: Chien-Pao|Chien-Pao, L50|100/100\n|-ability|p1a: Chien-Pao|Sword of Ruin\n|move|p2b: Ludicolo|Fake Out|p1a: Chien-Pao\n|-damage|p1a: Chien-Pao|86/100\n|move|p1b: Dragonite|Extreme Speed|p2a: Kyogre\n|-damage|p2a: Kyogre|39/100\n|move|p2a: Kyogre|Water Spout|p1a: Chien-Pao|[spread] p1a,p1b\n|-resisted|p1b: Dragonite\n|-damage|p1a: Chien-Pao|30/100\n|-damage|p1b: Dragonite|31/100\n|\n|-weather|RainDance|[upkeep]\n|upkeep\n|turn|5\n|\n|t:|1745988811\n|move|p1b: Dragonite|Extreme Speed|p2a: Kyogre\n|-damage|p2a: Kyogre|0 fnt\n|faint|p2a: Kyogre\n|move|p2b: Ludicolo|Drain Punch|p1a: Chien-Pao\n|-supereffective|p1a: Chien-Pao\n|-damage|p1a: Chien-Pao|0 fnt\n|faint|p1a: Chien-Pao\n|\n|-weather|none\n|upkeep\n|\n|t:|1745988818\n|switch|p1a: Incineroar|Incineroar, L50, F|37/100\n|-ability|p1a: Incineroar|Intimidate|boost\n|-unboost|p2b: Ludicolo|atk|1\n|turn|6\n|\n|t:|1745988825\n|move|p1a: Incineroar|Fake Out|p2b: Ludicolo\n|-damage|p2b: Ludicolo|84/100\n|move|p1b: Dragonite|Extreme Speed|p2b: Ludicolo\n|-damage|p2b: Ludicolo|14/100\n|cant|p2b: Ludicolo|flinch\n|\n|-heal|p1a: Incineroar|43/100|[from] item: Leftovers\n|upkeep\n|turn|7\n|-message|Deadlyshirts forfeited.\n|\n|win|blueishman\n|l|\u2606Deadlyshirts\n|player|p2|\n||Deadlyshirts is ready for game 2.\n|l|\u2606blueishman\n|player|p1|\n||blueishman is ready for game 2.\n|uhtml|next|Next: <a href=\"/battle-gen9vgc2025regibo3-2353722738\"><strong>Game 2 of 3</strong></a>\n|j| Fancy Cucudrula\n|l| Fancy Cucudrula\n", "uploadtime": 1745989225, "views": 5, "formatid": "gen9vgc2025regibo3", "rating": null, "private": 0, "password": null}