{"id": "gen9vgc2025regibo3-2353801847", "format": "[Gen 9] VGC 2025 Reg I (Bo3)", "players": ["joshuajohnf", "1Manuel1410"], "log": "|j|\u2606joshuajohnf\n|j|\u26061Manuel1410\n|html|<table width=\"100%\"><tr><td align=\"left\">joshuajohnf</td><td align=\"right\">1Manuel1410</tr><tr><td align=\"left\"><i class=\"fa fa-circle-o\"></i> <i class=\"fa fa-circle-o\"></i> </td><td align=\"right\"><i class=\"fa fa-circle-o\"></i> <i class=\"fa fa-circle\"></i> </tr></table>\n|uhtml|bestof|<h2><strong>Game 2</strong> of <a href=\"/game-bestof3-gen9vgc2025regibo3-2353800345\">a best-of-3</a></h2>\n|t:|1746002354\n|gametype|doubles\n|player|p1|joshuajohnf|2|1096\n|player|p2|1Manuel1410|265|1208\n|teamsize|p1|6\n|teamsize|p2|6\n|gen|9\n|tier|[Gen 9] VGC 2025 Reg I (Bo3)\n|rated|\n|rule|Species Clause: Limit one of each Pok\u00e9mon\n|rule|Item Clause: Limit 1 of each item\n|clearpoke\n|poke|p1|Ogerpon-Hearthflame, L50, F|\n|poke|p1|Calyrex-Shadow, L50|\n|poke|p1|Rillaboom, L50, M|\n|poke|p1|Landorus, L50, M|\n|poke|p1|Roaring Moon, L50|\n|poke|p1|Zamazenta-*, L50|\n|poke|p2|Calyrex-Shadow, L50|\n|poke|p2|Zamazenta-*, L50|\n|poke|p2|Rillaboom, L50, F|\n|poke|p2|Grimmsnarl, L50, M|\n|poke|p2|Gouging Fire, L50|\n|poke|p2|Politoed, L50, M|\n|teampreview|4\n|showteam|p1|Ogerpon-Hearthflame||HearthflameMask|MoldBreaker|IvyCudgel,WoodHammer,FollowMe,SpikyShield|||F|||50|,,,,,Fire]Calyrex-Shadow||FocusSash|AsOneSpectrier|AstralBarrage,Psychic,DrainingKiss,Protect||||||50|,,,,,Fairy]Rillaboom||AssaultVest|GrassySurge|WoodHammer,GrassyGlide,FakeOut,Uturn|||M|||50|,,,,,Fire]Landorus||LifeOrb|SheerForce|EarthPower,SludgeBomb,Substitute,Protect|||M|||50|,,,,,Water]Roaring Moon||BoosterEnergy|Protosynthesis|Acrobatics,KnockOff,Tailwind,Protect||||||50|,,,,,Flying]Zamazenta-Crowned||RustedShield|DauntlessShield|BodyPress,HeavySlam,WideGuard,Protect||||||50|,,,,,Dragon\n|showteam|p2|Calyrex-Shadow||FocusSash|AsOneSpectrier|ShadowBall,AstralBarrage,Protect,Psychic||||||50|,,,,,Water]Zamazenta-Crowned||RustedShield|DauntlessShield|WideGuard,BodyPress,Protect,behemothbash||||||50|,,,,,Dragon]Rillaboom||AssaultVest|GrassySurge|FakeOut,GrassyGlide,WoodHammer,Uturn|||F|||50|,,,,,Fire]Grimmsnarl||LightClay|Prankster|FoulPlay,Reflect,LightScreen,ThunderWave|||M|||50|,,,,,Steel]Gouging Fire||BoosterEnergy|Protosynthesis|BurningBulwark,FlareBlitz,BreakingSwipe,PsychicFangs||||||50|,,,,,Fairy]Politoed||Leftovers|Drizzle|Encore,Protect,PerishSong,WeatherBall|||M|||50|,,,,,Grass\n|\n|t:|1746002369\n|start\n|switch|p1a: Rillaboom|Rillaboom, L50, M|100/100\n|switch|p1b: Zamazenta|Zamazenta-Crowned, L50|100/100\n|switch|p2a: Grimmsnarl|Grimmsnarl, L50, M|100/100\n|switch|p2b: Zamazenta|Zamazenta-Crowned, L50|100/100\n|-ability|p2b: Zamazenta|Dauntless Shield|boost\n|-boost|p2b: Zamazenta|def|1\n|-ability|p1b: Zamazenta|Dauntless Shield|boost\n|-boost|p1b: Zamazenta|def|1\n|-fieldstart|move: Grassy Terrain|[from] ability: Grassy Surge|[of] p1a: Rillaboom\n|turn|1\n|\n|t:|1746002395\n|-terastallize|p1b: Zamazenta|Dragon\n|move|p1a: Rillaboom|Fake Out|p2a: Grimmsnarl\n|-damage|p2a: Grimmsnarl|86/100\n|cant|p2a: Grimmsnarl|flinch\n|move|p2b: Zamazenta|Body Press|p1b: Zamazenta\n|-crit|p1b: Zamazenta\n|-damage|p1b: Zamazenta|38/100\n|move|p1b: Zamazenta|Heavy Slam|p2a: Grimmsnarl\n|-supereffective|p2a: Grimmsnarl\n|-damage|p2a: Grimmsnarl|0 fnt\n|faint|p2a: Grimmsnarl\n|\n|-heal|p1b: Zamazenta|44/100|[from] Grassy Terrain\n|upkeep\n|\n|t:|1746002412\n|switch|p2a: Calyrex|Calyrex-Shadow, L50|100/100\n|-ability|p2a: Calyrex|As One\n|-ability|p2a: Calyrex|Unnerve\n|turn|2\n|\n|t:|1746002426\n|move|p1b: Zamazenta|Protect|p1b: Zamazenta\n|-singleturn|p1b: Zamazenta|Protect\n|move|p2a: Calyrex|Psychic|p1b: Zamazenta\n|-activate|p1b: Zamazenta|move: Protect\n|move|p2b: Zamazenta|Body Press|p1a: Rillaboom\n|-damage|p1a: Rillaboom|21/100\n|move|p1a: Rillaboom|Wood Hammer|p2a: Calyrex\n|-enditem|p2a: Calyrex|Focus Sash\n|-damage|p2a: Calyrex|1/100\n|-damage|p1a: Rillaboom|0 fnt|[from] Recoil\n|faint|p1a: Rillaboom\n|\n|-heal|p2a: Calyrex|7/100|[from] Grassy Terrain\n|-heal|p1b: Zamazenta|50/100|[from] Grassy Terrain\n|upkeep\n|\n|t:|1746002438\n|switch|p1a: Calyrex|Calyrex-Shadow, L50|100/100\n|-ability|p1a: Calyrex|As One\n|-ability|p1a: Calyrex|Unnerve\n|turn|3\n|\n|t:|1746002453\n|-terastallize|p2b: Zamazenta|Dragon\n|move|p2a: Calyrex|Protect|p2a: Calyrex\n|-singleturn|p2a: Calyrex|Protect\n|move|p1a: Calyrex|Psychic|p2a: Calyrex\n|-activate|p2a: Calyrex|move: Protect\n|move|p2b: Zamazenta|Behemoth Bash|p1a: Calyrex\n|-crit|p1a: Calyrex\n|-damage|p1a: Calyrex|24/100\n|move|p1b: Zamazenta|Body Press|p2b: Zamazenta\n|-crit|p2b: Zamazenta\n|-damage|p2b: Zamazenta|45/100\n|\n|-heal|p2a: Calyrex|12/100|[from] Grassy Terrain\n|-heal|p1a: Calyrex|30/100|[from] Grassy Terrain\n|-heal|p2b: Zamazenta|51/100|[from] Grassy Terrain\n|-heal|p1b: Zamazenta|56/100|[from] Grassy Terrain\n|upkeep\n|turn|4\n|\n|t:|1746002479\n|move|p1a: Calyrex|Astral Barrage|p2a: Calyrex|[spread] p2a,p2b\n|-supereffective|p2a: Calyrex\n|-damage|p2a: Calyrex|0 fnt\n|-damage|p2b: Zamazenta|12/100\n|faint|p2a: Calyrex\n|-ability|p1a: Calyrex|Grim Neigh|boost\n|-boost|p1a: Calyrex|spa|1\n|move|p2b: Zamazenta|Behemoth Bash|p1a: Calyrex\n|-damage|p1a: Calyrex|0 fnt\n|faint|p1a: Calyrex\n|move|p1b: Zamazenta|Body Press|p2b: Zamazenta\n|-damage|p2b: Zamazenta|0 fnt\n|faint|p2b: Zamazenta\n|\n|-heal|p1b: Zamazenta|62/100|[from] Grassy Terrain\n|upkeep\n|\n|t:|1746002489\n|switch|p1a: Landorus|Landorus, L50, M|100/100\n|switch|p2b: Gouging Fire|Gouging Fire, L50|100/100\n|-enditem|p2b: Gouging Fire|Booster Energy\n|-activate|p2b: Gouging Fire|ability: Protosynthesis|[fromitem]\n|-start|p2b: Gouging Fire|protosynthesisspe\n|turn|5\n|\n|t:|1746002496\n|move|p2b: Gouging Fire|Burning Bulwark|p2b: Gouging Fire\n|-singleturn|p2b: Gouging Fire|move: Protect\n|move|p1b: Zamazenta|Body Press|p2b: Gouging Fire\n|-activate|p2b: Gouging Fire|move: Protect\n|-status|p1b: Zamazenta|brn\n|move|p1a: Landorus|Earth Power|p2b: Gouging Fire\n|-activate|p2b: Gouging Fire|move: Protect\n|\n|-heal|p1b: Zamazenta|68/100 brn|[from] Grassy Terrain\n|-damage|p1b: Zamazenta|62/100 brn|[from] brn\n|-fieldend|move: Grassy Terrain\n|upkeep\n|turn|6\n|\n|t:|1746002509\n|move|p2b: Gouging Fire|Flare Blitz|p1a: Landorus\n|-damage|p1a: Landorus|39/100\n|-damage|p2b: Gouging Fire|82/100|[from] Recoil\n|move|p1b: Zamazenta|Body Press|p2b: Gouging Fire\n|-damage|p2b: Gouging Fire|58/100\n|move|p1a: Landorus|Earth Power|p2b: Gouging Fire\n|-supereffective|p2b: Gouging Fire\n|-damage|p2b: Gouging Fire|0 fnt\n|faint|p2b: Gouging Fire\n|-end|p2b: Gouging Fire|Protosynthesis|[silent]\n|\n|win|joshuajohnf\n||joshuajohnf is ready for game 3.\n||1Manuel1410 is ready for game 3.\n|uhtml|next|Next: <a href=\"/battle-gen9vgc2025regibo3-2353802844\"><strong>Game 3 of 3</strong></a>\n|l|\u2606joshuajohnf\n|player|p1|\n|l|\u26061Manuel1410\n|player|p2|\n", "uploadtime": 1746002822, "views": 9, "formatid": "gen9vgc2025regibo3", "rating": null, "private": 0, "password": null}