{"id": "gen9vgc2025regibo3-2353666792", "format": "[Gen 9] VGC 2025 Reg I (Bo3)", "players": ["practicesemijrlman", "TG511"], "log": "|j|\u2606practicesemijrlman\n|j|\u2606TG511\n|html|<table width=\"100%\"><tr><td align=\"left\">practicesemijrlman</td><td align=\"right\">TG511</tr><tr><td align=\"left\"><i class=\"fa fa-circle-o\"></i> <i class=\"fa fa-circle-o\"></i> </td><td align=\"right\"><i class=\"fa fa-circle-o\"></i> <i class=\"fa fa-circle-o\"></i> </tr></table>\n|uhtml|bestof|<h2><strong>Game 1</strong> of <a href=\"/game-bestof3-gen9vgc2025regibo3-2353666791\">a best-of-3</a></h2>\n|t:|1745981045\n|gametype|doubles\n|player|p1|practicesemijrlman|265|\n|player|p2|TG511|volkner|\n|teamsize|p1|6\n|teamsize|p2|6\n|gen|9\n|tier|[Gen 9] VGC 2025 Reg I (Bo3)\n|rule|Species Clause: Limit one of each Pok\u00e9mon\n|rule|Item Clause: Limit 1 of each item\n|clearpoke\n|poke|p1|Zacian-*, L50|\n|poke|p1|Chien-Pao, L50|\n|poke|p1|Kyogre, L50|\n|poke|p1|Tornadus, L50, M|\n|poke|p1|Iron Bundle, L50|\n|poke|p1|Raichu, L50, F|\n|poke|p2|Calyrex-Shadow, L50|\n|poke|p2|Koraidon, L50|\n|poke|p2|Weezing-Galar, L50, F|\n|poke|p2|Indeedee-F, L50, F|\n|poke|p2|Brute Bonnet, L50|\n|poke|p2|Flutter Mane, L50|\n|teampreview|4\n|showteam|p1|Zacian-Crowned||RustedSword|IntrepidSword|behemothblade,PlayRough,SacredSword,Protect||||||50|,,,,,Fire]Chien-Pao||FocusSash|SwordofRuin|SuckerPunch,IceSpinner,SacredSword,Protect||||||50|,,,,,Ghost]Kyogre||ChoiceSpecs|Drizzle|WaterSpout,HydroPump,OriginPulse,IceBeam||||||50|,,,,,Water]Tornadus||CovertCloak|Prankster|BleakwindStorm,Taunt,RainDance,Tailwind|||M|||50|,,,,,Steel]Iron Bundle||BoosterEnergy|QuarkDrive|Encore,IcyWind,FreezeDry,Protect||||||50|,,,,,Ghost]Raichu||AssaultVest|LightningRod|Electroweb,FakeOut,Nuzzle,Feint|||F|||50|,,,,,Water\n|showteam|p2|Calyrex-Shadow||FocusSash|AsOneSpectrier|AstralBarrage,ExpandingForce,DrainingKiss,Protect||||||50|,,,,,Dark]Koraidon||AbilityShield|OrichalcumPulse|FlareBlitz,FlameCharge,CollisionCourse,Protect||||||50|,,,,,Fire]Weezing-Galar||RockyHelmet|NeutralizingGas|StrangeSteam,ToxicSpikes,WillOWisp,Protect|||F|||50|,,,,,Water]Indeedee-F||SafetyGoggles|PsychicSurge|FollowMe,TrickRoom,Imprison,Psychic|||F|||50|,,,,,Fairy]Brute Bonnet||CovertCloak|Protosynthesis|Spore,SeedBomb,SuckerPunch,RagePowder||||||50|,,,,,Water]Flutter Mane||BoosterEnergy|Protosynthesis|Moonblast,IcyWind,ShadowBall,Protect||||||50|,,,,,Fairy\n|inactive|Battle timer is ON: inactive players will automatically lose when time's up. (requested by TG511)\n|inactiveoff|Battle timer is now OFF.\n|inactive|Battle timer is ON: inactive players will automatically lose when time's up. (requested by practicesemijrlman)\n|inactiveoff|Battle timer is now OFF.\n|inactive|Battle timer is ON: inactive players will automatically lose when time's up. (requested by practicesemijrlman)\n|\n|t:|1745981133\n|start\n|switch|p1a: Kyogre|Kyogre, L50|100/100\n|switch|p1b: Zacian|Zacian-Crowned, L50|100/100\n|switch|p2a: Weezing|Weezing-Galar, L50, F, shiny|100/100\n|switch|p2b: Koraidon|Koraidon, L50|100/100\n|-ability|p2a: Weezing|Neutralizing Gas\n|-block|p2b: Koraidon|item: Ability Shield\n|-weather|SunnyDay|[from] ability: Orichalcum Pulse|[of] p2b: Koraidon\n|-activate|p2b: Koraidon|Orichalcum Pulse|[source]\n|turn|1\n|inactive|practicesemijrlman has 30 seconds left.\n|inactive|TG511 has 30 seconds left.\n|\n|t:|1745981167\n|-terastallize|p1b: Zacian|Fire\n|-terastallize|p2b: Koraidon|Fire\n|move|p2a: Weezing|Protect|p2a: Weezing\n|-singleturn|p2a: Weezing|Protect\n|move|p1b: Zacian|Play Rough|p2b: Koraidon\n|-resisted|p2b: Koraidon\n|-damage|p2b: Koraidon|80/100\n|-unboost|p2b: Koraidon|atk|1\n|move|p2b: Koraidon|Flame Charge|p1a: Kyogre\n|-resisted|p1a: Kyogre\n|-damage|p1a: Kyogre|74/100\n|-boost|p2b: Koraidon|spe|1\n|move|p1a: Kyogre|Origin Pulse|p2a: Weezing|[spread] \n|-activate|p2a: Weezing|move: Protect\n|-miss|p1a: Kyogre|p2b: Koraidon\n|\n|-weather|SunnyDay|[upkeep]\n|upkeep\n|turn|2\n|\n|t:|1745981189\n|move|p2b: Koraidon|Protect|p2b: Koraidon\n|-singleturn|p2b: Koraidon|Protect\n|move|p1b: Zacian|Behemoth Blade|p2a: Weezing\n|-supereffective|p2a: Weezing\n|-damage|p2a: Weezing|0 fnt\n|-damage|p1b: Zacian|84/100|[from] item: Rocky Helmet|[of] p2a: Weezing\n|faint|p2a: Weezing\n|-end|p2a: Weezing|ability: Neutralizing Gas\n|-ability|p1b: Zacian|Intrepid Sword|boost\n|-boost|p1b: Zacian|atk|1\n|-weather|RainDance|[from] ability: Drizzle|[of] p1a: Kyogre\n|move|p1a: Kyogre|Origin Pulse|p2b: Koraidon\n|-activate|p2b: Koraidon|move: Protect\n|\n|-weather|RainDance|[upkeep]\n|upkeep\n|\n|t:|1745981199\n|switch|p2a: Calyrex|Calyrex-Shadow, L50|100/100\n|-ability|p2a: Calyrex|As One\n|-ability|p2a: Calyrex|Unnerve\n|turn|3\n|\n|t:|1745981211\n|move|p2b: Koraidon|Collision Course|p1b: Zacian\n|-damage|p1b: Zacian|50/100\n|move|p2a: Calyrex|Astral Barrage|p1a: Kyogre|[spread] p1a,p1b\n|-damage|p1a: Kyogre|30/100\n|-damage|p1b: Zacian|0 fnt\n|faint|p1b: Zacian\n|-ability|p2a: Calyrex|Grim Neigh|boost\n|-boost|p2a: Calyrex|spa|1\n|move|p1a: Kyogre|Origin Pulse|p2b: Koraidon|[spread] p2a,p2b\n|-supereffective|p2b: Koraidon\n|-enditem|p2a: Calyrex|Focus Sash\n|-damage|p2a: Calyrex|1/100\n|-damage|p2b: Koraidon|0 fnt\n|faint|p2b: Koraidon\n|\n|-weather|RainDance|[upkeep]\n|upkeep\n|\n|t:|1745981226\n|switch|p1b: Iron Bundle|Iron Bundle, L50|100/100\n|switch|p2b: Brute Bonnet|Brute Bonnet, L50, shiny|100/100\n|-enditem|p1b: Iron Bundle|Booster Energy\n|-activate|p1b: Iron Bundle|ability: Quark Drive|[fromitem]\n|-start|p1b: Iron Bundle|quarkdrivespe\n|turn|4\n|\n|t:|1745981236\n|move|p2a: Calyrex|Protect|p2a: Calyrex\n|-singleturn|p2a: Calyrex|Protect\n|move|p1b: Iron Bundle|Icy Wind|p2b: Brute Bonnet|[spread] p2b\n|-activate|p2a: Calyrex|move: Protect\n|-supereffective|p2b: Brute Bonnet\n|-crit|p2b: Brute Bonnet\n|-damage|p2b: Brute Bonnet|53/100\n|move|p1a: Kyogre|Origin Pulse|p2a: Calyrex|[spread] p2b\n|-activate|p2a: Calyrex|move: Protect\n|-resisted|p2b: Brute Bonnet\n|-damage|p2b: Brute Bonnet|9/100\n|move|p2b: Brute Bonnet|Spore|p1b: Iron Bundle\n|-status|p1b: Iron Bundle|slp|[from] move: Spore\n|\n|-weather|RainDance|[upkeep]\n|upkeep\n|turn|5\n|\n|t:|1745981252\n|cant|p1b: Iron Bundle|slp\n|move|p2a: Calyrex|Astral Barrage|p1b: Iron Bundle|[spread] p1a,p1b\n|-damage|p1a: Kyogre|0 fnt\n|-damage|p1b: Iron Bundle|0 fnt\n|faint|p1a: Kyogre\n|faint|p1b: Iron Bundle\n|-end|p1b: Iron Bundle|Quark Drive|[silent]\n|-ability|p2a: Calyrex|Grim Neigh|boost\n|-boost|p2a: Calyrex|spa|2\n|move|p2b: Brute Bonnet|Seed Bomb|p1: Kyogre|[notarget]\n|-fail|p2b: Brute Bonnet\n|\n|-weather|RainDance|[upkeep]\n|upkeep\n|\n|t:|1745981254\n|switch|p1b: Chien-Pao|Chien-Pao, L50|100/100\n|-ability|p1b: Chien-Pao|Sword of Ruin\n|turn|6\n|\n|t:|1745981270\n|move|p2a: Calyrex|Protect|p2a: Calyrex\n|-singleturn|p2a: Calyrex|Protect\n|move|p2b: Brute Bonnet|Sucker Punch|p1b: Chien-Pao\n|-resisted|p1b: Chien-Pao\n|-damage|p1b: Chien-Pao|79/100\n|move|p1b: Chien-Pao|Ice Spinner|p2b: Brute Bonnet\n|-supereffective|p2b: Brute Bonnet\n|-damage|p2b: Brute Bonnet|0 fnt\n|faint|p2b: Brute Bonnet\n|-end|p2b: Brute Bonnet|Protosynthesis|[silent]\n|\n|-weather|none\n|upkeep\n|turn|7\n|\n|t:|1745981279\n|move|p2a: Calyrex|Protect||[still]\n|-fail|p2a: Calyrex\n|move|p1b: Chien-Pao|Sucker Punch||[still]\n|-fail|p1b: Chien-Pao\n|\n|upkeep\n|turn|8\n|\n|t:|1745981285\n|move|p1b: Chien-Pao|Sucker Punch|p2a: Calyrex\n|-supereffective|p2a: Calyrex\n|-damage|p2a: Calyrex|0 fnt\n|faint|p2a: Calyrex\n|\n|win|practicesemijrlman\n||TG511 is ready for game 2.\n|l|\u2606TG511\n|player|p2|\n||practicesemijrlman is ready for game 2.\n|uhtml|next|Next: <a href=\"/battle-gen9vgc2025regibo3-2353668752\"><strong>Game 2 of 3</strong></a>\n", "uploadtime": 1745981473, "views": 30, "formatid": "gen9vgc2025regibo3", "rating": null, "private": 0, "password": null}