{"id": "gen9vgc2025regibo3-2353500802", "format": "[Gen 9] VGC 2025 Reg I (Bo3)", "players": ["Priest3", "lokkont"], "log": "|j|\u2606Priest3\n|j|\u2606lokkont\n|html|<table width=\"100%\"><tr><td align=\"left\">Priest3</td><td align=\"right\">lokkont</tr><tr><td align=\"left\"><i class=\"fa fa-circle\"></i> <i class=\"fa fa-circle-o\"></i> </td><td align=\"right\"><i class=\"fa fa-circle-o\"></i> <i class=\"fa fa-circle-o\"></i> </tr></table>\n|uhtml|bestof|<h2><strong>Game 2</strong> of <a href=\"/game-bestof3-gen9vgc2025regibo3-2353496954\">a best-of-3</a></h2>\n|t:|1745961891\n|gametype|doubles\n|player|p1|Priest3|swimmer|1106\n|player|p2|lokkont|1|1198\n|teamsize|p1|6\n|teamsize|p2|6\n|gen|9\n|tier|[Gen 9] VGC 2025 Reg I (Bo3)\n|rated|\n|rule|Species Clause: Limit one of each Pok\u00e9mon\n|rule|Item Clause: Limit 1 of each item\n|clearpoke\n|poke|p1|Miraidon, L50|\n|poke|p1|Farigiraf, L50, F|\n|poke|p1|Tornadus, L50, M|\n|poke|p1|Iron Treads, L50|\n|poke|p1|Zacian-*, L50|\n|poke|p1|Incineroar, L50, F|\n|poke|p2|Calyrex-Shadow, L50|\n|poke|p2|Zamazenta-*, L50|\n|poke|p2|Urshifu-*, L50, M|\n|poke|p2|Rillaboom, L50, M|\n|poke|p2|Incineroar, L50, M|\n|poke|p2|Pelipper, L50, F|\n|teampreview|4\n|showteam|p1|Miraidon||ChoiceSpecs|HadronEngine|ElectroDrift,DazzlingGleam,VoltSwitch,DracoMeteor||||||50|,,,,,Fairy]Farigiraf||AbilityShield|ArmorTail|HelpingHand,TrickRoom,Psychic,Protect|||F|||50|,,,,,Dark]Tornadus||CovertCloak|Prankster|Taunt,Tailwind,BleakwindStorm,Protect|||M|||50|,,,,,Dark]Iron Treads||ClearAmulet|QuarkDrive|HighHorsepower,SteelRoller,KnockOff,Protect||||||50|,,,,,Fire]Zacian-Crowned||RustedSword|IntrepidSword|PlayRough,behemothblade,SwordsDance,Protect||||||50|,,,,,Fire]Incineroar||ShucaBerry|Intimidate|PartingShot,KnockOff,FakeOut,Taunt|||F|||50|,,,,,Water\n|showteam|p2|Calyrex-Shadow||LifeOrb|AsOneSpectrier|Protect,AstralBarrage,Substitute,Psychic||||||50|,,,,,Dark]Zamazenta-Crowned||RustedShield|DauntlessShield|HeavySlam,BodyPress,Protect,WideGuard||||||50|,,,,,Dragon]Urshifu-Rapid-Strike||ChoiceScarf|UnseenFist|SurgingStrikes,CloseCombat,AquaJet,Uturn|||M|||50|,,,,,Ghost]Rillaboom||AssaultVest|GrassySurge|FakeOut,GrassyGlide,WoodHammer,Uturn|||M|||50|,,,,,Fire]Incineroar||SafetyGoggles|Intimidate|FakeOut,WillOWisp,KnockOff,PartingShot|||M|||50|,,,,,Bug]Pelipper||FocusSash|Drizzle|WeatherBall,Hurricane,Tailwind,Protect|||F|||50|,,,,,Ghost\n|inactive|Battle timer is ON: inactive players will automatically lose when time's up. (requested by Priest3)\n|\n|t:|1745961930\n|start\n|switch|p1a: Incineroar|Incineroar, L50, F, shiny|100/100\n|switch|p1b: Farigiraf|Farigiraf, L50, F|100/100\n|switch|p2a: Calyrex|Calyrex-Shadow, L50|100/100\n|switch|p2b: Urshifu|Urshifu-Rapid-Strike, L50, M|100/100\n|-ability|p2a: Calyrex|As One\n|-ability|p2a: Calyrex|Unnerve\n|-ability|p1a: Incineroar|Intimidate|boost\n|-unboost|p2a: Calyrex|atk|1\n|-unboost|p2b: Urshifu|atk|1\n|turn|1\n|inactive|Priest3 has 30 seconds left.\n|inactive|lokkont has 30 seconds left.\n|\n|t:|1745961956\n|switch|p2b: Zamazenta|Zamazenta-Crowned, L50|100/100\n|-ability|p2b: Zamazenta|Dauntless Shield|boost\n|-boost|p2b: Zamazenta|def|1\n|move|p2a: Calyrex|Protect|p2a: Calyrex\n|-singleturn|p2a: Calyrex|Protect\n|move|p1a: Incineroar|Fake Out|p2b: Zamazenta\n|-resisted|p2b: Zamazenta\n|-damage|p2b: Zamazenta|98/100\n|move|p1b: Farigiraf|Psychic|p2b: Zamazenta\n|-damage|p2b: Zamazenta|73/100\n|\n|upkeep\n|turn|2\n|inactive|Priest3 has 30 seconds left.\n|inactive|Priest3 has 20 seconds left.\n|inactive|Priest3 has 15 seconds left.\n|inactive|Priest3 has 10 seconds left.\n|\n|t:|1745962003\n|switch|p2a: Rillaboom|Rillaboom, L50, M|100/100\n|-fieldstart|move: Grassy Terrain|[from] ability: Grassy Surge|[of] p2a: Rillaboom\n|-terastallize|p1a: Incineroar|Water\n|move|p2b: Zamazenta|Body Press|p1a: Incineroar\n|-damage|p1a: Incineroar|35/100\n|move|p1a: Incineroar|Knock Off|p2a: Rillaboom\n|-damage|p2a: Rillaboom|59/100\n|-enditem|p2a: Rillaboom|Assault Vest|[from] move: Knock Off|[of] p1a: Incineroar\n|move|p1b: Farigiraf|Trick Room|p1b: Farigiraf\n|-fieldstart|move: Trick Room|[of] p1b: Farigiraf\n|\n|-heal|p1a: Incineroar|41/100|[from] Grassy Terrain\n|-heal|p2a: Rillaboom|66/100|[from] Grassy Terrain\n|-heal|p2b: Zamazenta|79/100|[from] Grassy Terrain\n|upkeep\n|turn|3\n|inactive|Priest3 has 30 seconds left.\n|inactive|lokkont has 30 seconds left.\n|inactive|Priest3 has 20 seconds left.\n|inactive|Priest3 has 15 seconds left.\n|inactive|Priest3 has 10 seconds left.\n|\n|t:|1745962051\n|move|p1b: Farigiraf|Psychic|p2a: Rillaboom\n|-damage|p2a: Rillaboom|33/100\n|move|p1a: Incineroar|Parting Shot|p2b: Zamazenta\n|-unboost|p2b: Zamazenta|atk|1\n|-unboost|p2b: Zamazenta|spa|1\n|\n|t:|1745962058\n|switch|p1a: Iron Treads|Iron Treads, L50|100/100|[from] Parting Shot\n|move|p2a: Rillaboom|U-turn|p1b: Farigiraf\n|-supereffective|p1b: Farigiraf\n|-damage|p1b: Farigiraf|54/100\n|\n|t:|1745962067\n|switch|p2a: Calyrex|Calyrex-Shadow, L50|100/100|[from] U-turn\n|-ability|p2a: Calyrex|As One\n|-ability|p2a: Calyrex|Unnerve\n|move|p2b: Zamazenta|Body Press|p1b: Farigiraf\n|-damage|p1b: Farigiraf|0 fnt\n|faint|p1b: Farigiraf\n|\n|-heal|p2b: Zamazenta|85/100|[from] Grassy Terrain\n|upkeep\n|\n|t:|1745962077\n|switch|p1b: Incineroar|Incineroar, L50, F, shiny, tera:Water|41/100\n|-ability|p1b: Incineroar|Intimidate|boost\n|-unboost|p2a: Calyrex|atk|1\n|-unboost|p2b: Zamazenta|atk|1\n|turn|4\n|\n|t:|1745962094\n|move|p2b: Zamazenta|Protect|p2b: Zamazenta\n|-singleturn|p2b: Zamazenta|Protect\n|move|p2a: Calyrex|Protect|p2a: Calyrex\n|-singleturn|p2a: Calyrex|Protect\n|move|p1b: Incineroar|Knock Off|p2a: Calyrex\n|-activate|p2a: Calyrex|move: Protect\n|move|p1a: Iron Treads|High Horsepower|p2b: Zamazenta\n|-activate|p2b: Zamazenta|move: Protect\n|\n|-heal|p1b: Incineroar|47/100|[from] Grassy Terrain\n|-heal|p2b: Zamazenta|91/100|[from] Grassy Terrain\n|upkeep\n|turn|5\n|inactive|lokkont has 30 seconds left.\n|\n|t:|1745962121\n|switch|p2a: Urshifu|Urshifu-Rapid-Strike, L50, M|100/100\n|move|p1b: Incineroar|Knock Off|p2a: Urshifu\n|-resisted|p2a: Urshifu\n|-damage|p2a: Urshifu|81/100\n|-enditem|p2a: Urshifu|Choice Scarf|[from] move: Knock Off|[of] p1b: Incineroar\n|move|p1a: Iron Treads|High Horsepower|p2b: Zamazenta\n|-supereffective|p2b: Zamazenta\n|-damage|p2b: Zamazenta|52/100\n|move|p2b: Zamazenta|Body Press|p1a: Iron Treads\n|-supereffective|p1a: Iron Treads\n|-damage|p1a: Iron Treads|0 fnt\n|faint|p1a: Iron Treads\n|-end|p1a: Iron Treads|Quark Drive|[silent]\n|\n|-heal|p1b: Incineroar|53/100|[from] Grassy Terrain\n|-heal|p2a: Urshifu|87/100|[from] Grassy Terrain\n|-heal|p2b: Zamazenta|58/100|[from] Grassy Terrain\n|upkeep\n|\n|t:|1745962138\n|switch|p1a: Miraidon|Miraidon, L50|100/100\n|-fieldstart|move: Electric Terrain|[from] ability: Hadron Engine|[of] p1a: Miraidon\n|turn|6\n|\n|t:|1745962154\n|move|p1b: Incineroar|Parting Shot|p2a: Urshifu\n|-unboost|p2a: Urshifu|atk|1\n|-unboost|p2a: Urshifu|spa|1\n|move|p2a: Urshifu|Close Combat|p1a: Miraidon\n|-damage|p1a: Miraidon|54/100\n|-unboost|p2a: Urshifu|def|1\n|-unboost|p2a: Urshifu|spd|1\n|move|p2b: Zamazenta|Body Press|p1a: Miraidon\n|-damage|p1a: Miraidon|0 fnt\n|faint|p1a: Miraidon\n|\n|-fieldend|move: Trick Room\n|upkeep\n|turn|7\n|\n|t:|1745962167\n|move|p2b: Zamazenta|Body Press|p1b: Incineroar\n|-damage|p1b: Incineroar|0 fnt\n|faint|p1b: Incineroar\n|\n|win|lokkont\n||lokkont is ready for game 3.\n||Priest3 is ready for game 3.\n|uhtml|next|Next: <a href=\"/battle-gen9vgc2025regibo3-2353503534\"><strong>Game 3 of 3</strong></a>\n|j| Ruigi13\n|l| Ruigi13\n|j| Ruigi13\n|l| Ruigi13\n|l|\u2606Priest3\n|player|p1|\n", "uploadtime": 1745962547, "views": 34, "formatid": "gen9vgc2025regibo3", "rating": null, "private": 0, "password": null}