{"id": "gen9vgc2025regibo3-2353297164", "format": "[Gen 9] VGC 2025 Reg I (Bo3)", "players": ["bruinbroker01", "Testing Reg I"], "log": "|j|\u2606bruinbroker01\n|j|\u2606Testing Reg I\n|html|<table width=\"100%\"><tr><td align=\"left\">bruinbroker01</td><td align=\"right\">Testing Reg I</tr><tr><td align=\"left\"><i class=\"fa fa-circle-o\"></i> <i class=\"fa fa-circle-o\"></i> </td><td align=\"right\"><i class=\"fa fa-circle-o\"></i> <i class=\"fa fa-circle-o\"></i> </tr></table>\n|uhtml|bestof|<h2><strong>Game 1</strong> of <a href=\"/game-bestof3-gen9vgc2025regibo3-2353297163\">a best-of-3</a></h2>\n|t:|1745944262\n|gametype|doubles\n|player|p1|bruinbroker01|265|1152\n|player|p2|Testing Reg I|2|1049\n|teamsize|p1|6\n|teamsize|p2|6\n|gen|9\n|tier|[Gen 9] VGC 2025 Reg I (Bo3)\n|rated|\n|rule|Species Clause: Limit one of each Pok\u00e9mon\n|rule|Item Clause: Limit 1 of each item\n|clearpoke\n|poke|p1|Indeedee-F, L50, F|\n|poke|p1|Calyrex-Ice, L50|\n|poke|p1|Ursaluna-Bloodmoon, L50, M|\n|poke|p1|Smeargle, L50, M|\n|poke|p1|Urshifu-*, L50, F|\n|poke|p1|Lunala, L50|\n|poke|p2|Zamazenta-*, L50|\n|poke|p2|Ho-Oh, L50|\n|poke|p2|Tyranitar, L50, M|\n|poke|p2|Garchomp, L50, F|\n|poke|p2|Cresselia, L50, F|\n|poke|p2|Houndstone, L50, M|\n|teampreview|4\n|showteam|p1|Indeedee-F||RockyHelmet|PsychicSurge|Psychic,TrickRoom,FollowMe,HelpingHand|||F|||50|,,,,,Fairy]Calyrex-Ice||ClearAmulet|AsOneGlastrier|GlacialLance,HighHorsepower,TrickRoom,Protect||||||50|,,,,,Fire]Ursaluna-Bloodmoon||LifeOrb|MindsEye|EarthPower,HyperVoice,BloodMoon,Protect|||M|||50|,,,,,Normal]Smeargle||FocusSash|OwnTempo|FollowMe,FakeOut,Decorate,Spore|||M|||50|,,,,,Grass]Urshifu||ChoiceBand|UnseenFist|WickedBlow,SuckerPunch,CloseCombat,IronHead|||F|||50|,,,,,Grass]Lunala||PowerHerb|ShadowShield|ExpandingForce,TrickRoom,MoongeistBeam,MeteorBeam||||||50|,,,,,Grass\n|showteam|p2|Zamazenta-Crowned||RustedShield|DauntlessShield|Trailblaze,BodyPress,behemothbash,WideGuard||||||50|,,,,,Fighting]Ho-Oh||Leftovers|Regenerator|SacredFire,BraveBird,Sandstorm,Tailwind||||||50|,,,,,Grass]Tyranitar||ClearAmulet|SandStream|HelpingHand,KnockOff,RockSlide,Protect|||M|||50|,,,,,Poison]Garchomp||SitrusBerry|SandVeil|SwordsDance,Earthquake,Outrage,Protect|||F|||50|,,,,,Ground]Cresselia||SafetyGoggles|Levitate|SkillSwap,LunarBlessing,Moonblast,TrickRoom|||F|||50|,,,,,Fairy]Houndstone||ChoiceBand|SandRush|ShadowSneak,LastRespects,PsychicFangs,PlayRough|||M|||50|,,,,,Ghost\n|inactive|Battle timer is ON: inactive players will automatically lose when time's up. (requested by bruinbroker01)\n|\n|t:|1745944292\n|start\n|switch|p1a: Indeedee|Indeedee-F, L50, F, shiny|100/100\n|switch|p1b: Lunala|Lunala, L50|100/100\n|switch|p2a: Houndstone|Houndstone, L50, M|100/100\n|switch|p2b: Tyranitar|Tyranitar, L50, M, shiny|100/100\n|-fieldstart|move: Psychic Terrain|[from] ability: Psychic Surge|[of] p1a: Indeedee\n|-weather|Sandstorm|[from] ability: Sand Stream|[of] p2b: Tyranitar\n|turn|1\n|\n|t:|1745944310\n|switch|p2a: Zamazenta|Zamazenta-Crowned, L50|100/100\n|-ability|p2a: Zamazenta|Dauntless Shield|boost\n|-boost|p2a: Zamazenta|def|1\n|move|p1a: Indeedee|Follow Me|p1a: Indeedee\n|-singleturn|p1a: Indeedee|move: Follow Me\n|move|p2b: Tyranitar|Rock Slide|p1a: Indeedee|[spread] p1a,p1b\n|-damage|p1a: Indeedee|77/100\n|-damage|p1b: Lunala|90/100\n|move|p1b: Lunala|Trick Room|p1b: Lunala\n|-fieldstart|move: Trick Room|[of] p1b: Lunala\n|\n|-weather|Sandstorm|[upkeep]\n|-damage|p1a: Indeedee|71/100|[from] Sandstorm\n|-damage|p1b: Lunala|84/100|[from] Sandstorm\n|upkeep\n|turn|2\n|inactive|bruinbroker01 has 30 seconds left.\n|inactive|Testing Reg I has 30 seconds left.\n|inactive|Testing Reg I has 20 seconds left.\n|\n|t:|1745944345\n|switch|p1a: Smeargle|Smeargle, L50, M, shiny|100/100\n|-terastallize|p1b: Lunala|Grass\n|move|p2b: Tyranitar|Knock Off|p1a: Smeargle\n|-damage|p1a: Smeargle|40/100\n|-enditem|p1a: Smeargle|Focus Sash|[from] move: Knock Off|[of] p2b: Tyranitar\n|move|p1b: Lunala|Meteor Beam||[still]\n|-prepare|p1b: Lunala|Meteor Beam\n|-boost|p1b: Lunala|spa|1\n|-enditem|p1b: Lunala|Power Herb\n|-anim|p1b: Lunala|Meteor Beam|p2a: Zamazenta\n|-resisted|p2a: Zamazenta\n|-damage|p2a: Zamazenta|87/100\n|move|p2a: Zamazenta|Behemoth Bash|p1b: Lunala\n|-damage|p1b: Lunala|42/100\n|\n|-weather|Sandstorm|[upkeep]\n|-damage|p1a: Smeargle|34/100|[from] Sandstorm\n|-damage|p1b: Lunala|35/100|[from] Sandstorm\n|upkeep\n|turn|3\n|inactive|bruinbroker01 has 30 seconds left.\n|inactive|Testing Reg I has 30 seconds left.\n|inactive|Testing Reg I has 20 seconds left.\n|inactive|Testing Reg I has 15 seconds left.\n|\n|t:|1745944387\n|move|p1a: Smeargle|Spore|p2a: Zamazenta\n|-status|p2a: Zamazenta|slp|[from] move: Spore\n|move|p2b: Tyranitar|Rock Slide|p1a: Smeargle|[spread] p1b\n|-miss|p2b: Tyranitar|p1a: Smeargle\n|-damage|p1b: Lunala|14/100\n|move|p1b: Lunala|Expanding Force|p2a: Zamazenta|[spread] p2a\n|-immune|p2b: Tyranitar\n|-damage|p2a: Zamazenta|5/100 slp\n|cant|p2a: Zamazenta|slp\n|\n|-weather|Sandstorm|[upkeep]\n|-damage|p1a: Smeargle|27/100|[from] Sandstorm\n|-damage|p1b: Lunala|8/100|[from] Sandstorm\n|upkeep\n|turn|4\n|inactive|Testing Reg I has 30 seconds left.\n|\n|t:|1745944413\n|move|p1a: Smeargle|Spore|p2b: Tyranitar\n|-status|p2b: Tyranitar|slp|[from] move: Spore\n|cant|p2b: Tyranitar|slp\n|move|p1b: Lunala|Moongeist Beam|p2b: Tyranitar\n|-resisted|p2b: Tyranitar\n|-damage|p2b: Tyranitar|83/100 slp\n|cant|p2a: Zamazenta|slp\n|\n|-weather|Sandstorm|[upkeep]\n|-damage|p1a: Smeargle|21/100|[from] Sandstorm\n|-damage|p1b: Lunala|1/100|[from] Sandstorm\n|upkeep\n|turn|5\n|\n|t:|1745944435\n|move|p1a: Smeargle|Decorate|p1b: Lunala\n|-boost|p1b: Lunala|atk|2\n|-boost|p1b: Lunala|spa|2\n|cant|p2b: Tyranitar|slp\n|move|p1b: Lunala|Expanding Force|p2a: Zamazenta|[spread] p2a\n|-immune|p2b: Tyranitar\n|-damage|p2a: Zamazenta|0 fnt\n|faint|p2a: Zamazenta\n|\n|-weather|none\n|-fieldend|move: Trick Room\n|-fieldend|move: Psychic Terrain\n|upkeep\n|\n|t:|1745944446\n|switch|p2a: Houndstone|Houndstone, L50, M|100/100\n|turn|6\n|\n|t:|1745944468\n|switch|p2b: Garchomp|Garchomp, L50, F, shiny|100/100\n|move|p2a: Houndstone|Psychic Fangs|p1b: Lunala\n|-damage|p1b: Lunala|0 fnt\n|faint|p1b: Lunala\n|move|p1a: Smeargle|Spore|p2a: Houndstone\n|-status|p2a: Houndstone|slp|[from] move: Spore\n|\n|upkeep\n|\n|t:|1745944479\n|switch|p1b: Indeedee|Indeedee-F, L50, F, shiny|71/100\n|-fieldstart|move: Psychic Terrain|[from] ability: Psychic Surge|[of] p1b: Indeedee\n|turn|7\n|\n|t:|1745944501\n|switch|p2a: Tyranitar|Tyranitar, L50, M, shiny|83/100 slp\n|-weather|Sandstorm|[from] ability: Sand Stream|[of] p2a: Tyranitar\n|move|p2b: Garchomp|Swords Dance|p2b: Garchomp\n|-boost|p2b: Garchomp|atk|2\n|move|p1a: Smeargle|Spore|p2b: Garchomp\n|-status|p2b: Garchomp|slp|[from] move: Spore\n|move|p1b: Indeedee|Trick Room|p1b: Indeedee\n|-fieldstart|move: Trick Room|[of] p1b: Indeedee\n|\n|-weather|Sandstorm|[upkeep]\n|-damage|p1a: Smeargle|15/100|[from] Sandstorm\n|-damage|p1b: Indeedee|64/100|[from] Sandstorm\n|upkeep\n|turn|8\n|\n|t:|1745944521\n|switch|p1b: Calyrex|Calyrex-Ice, L50|100/100\n|-ability|p1b: Calyrex|As One\n|-ability|p1b: Calyrex|Unnerve\n|move|p1a: Smeargle|Decorate|p1b: Calyrex\n|-boost|p1b: Calyrex|atk|2\n|-boost|p1b: Calyrex|spa|2\n|cant|p2a: Tyranitar|slp\n|cant|p2b: Garchomp|slp\n|\n|-weather|Sandstorm|[upkeep]\n|-damage|p1a: Smeargle|9/100|[from] Sandstorm\n|-damage|p1b: Calyrex|95/100|[from] Sandstorm\n|upkeep\n|turn|9\n|\n|t:|1745944544\n|-terastallize|p2a: Tyranitar|Poison\n|move|p1a: Smeargle|Decorate|p1b: Calyrex\n|-boost|p1b: Calyrex|atk|2\n|-boost|p1b: Calyrex|spa|2\n|move|p1b: Calyrex|Glacial Lance|p2a: Tyranitar|[spread] p2a,p2b\n|-supereffective|p2b: Garchomp\n|-damage|p2a: Tyranitar|0 fnt\n|-damage|p2b: Garchomp|0 fnt\n|faint|p2a: Tyranitar\n|faint|p2b: Garchomp\n|-ability|p1b: Calyrex|Chilling Neigh|boost\n|-boost|p1b: Calyrex|atk|2\n|\n|-weather|Sandstorm|[upkeep]\n|-damage|p1a: Smeargle|2/100|[from] Sandstorm\n|-damage|p1b: Calyrex|89/100|[from] Sandstorm\n|upkeep\n|\n|t:|1745944550\n|switch|p2b: Houndstone|Houndstone, L50, M|100/100 slp\n|turn|10\n|\n|t:|1745944560\n|move|p1a: Smeargle|Decorate|p1b: Calyrex\n|-boost|p1b: Calyrex|atk|0\n|-boost|p1b: Calyrex|spa|2\n|move|p1b: Calyrex|Glacial Lance|p2b: Houndstone\n|-damage|p2b: Houndstone|0 fnt\n|faint|p2b: Houndstone\n|\n|win|bruinbroker01\n|l|\u2606Testing Reg I\n|player|p2|\n||Testing Reg I is ready for game 2.\n|l|\u2606bruinbroker01\n|player|p1|\n|inactive|bruinbroker01 has 30 seconds to confirm battle start!\n||bruinbroker01 is ready for game 2.\n|uhtml|next|Next: <a href=\"/battle-gen9vgc2025regibo3-2353301005\"><strong>Game 2 of 3</strong></a>\n|j|\u2606bruinbroker01\n|player|p1|bruinbroker01|265|\n", "uploadtime": 1745945078, "views": 8, "formatid": "gen9vgc2025regibo3", "rating": null, "private": 0, "password": null}