{"id": "gen9vgc2025regibo3-2354047284", "format": "[Gen 9] VGC 2025 Reg I (Bo3)", "players": ["thetestingpokemonz", "Gworf"], "log": "|j|\u2606thetestingpokemonz\n|j|\u2606Gworf\n|html|<table width=\"100%\"><tr><td align=\"left\">thetestingpokemonz</td><td align=\"right\">Gworf</tr><tr><td align=\"left\"><i class=\"fa fa-circle-o\"></i> <i class=\"fa fa-circle-o\"></i> </td><td align=\"right\"><i class=\"fa fa-circle-o\"></i> <i class=\"fa fa-circle\"></i> </tr></table>\n|uhtml|bestof|<h2><strong>Game 2</strong> of <a href=\"/game-bestof3-gen9vgc2025regibo3-2354045059\">a best-of-3</a></h2>\n|t:|1746030346\n|gametype|doubles\n|player|p1|thetestingpokemonz|lucas|1115\n|player|p2|Gworf|acetrainer-gen4dp|1174\n|teamsize|p1|6\n|teamsize|p2|6\n|gen|9\n|tier|[Gen 9] VGC 2025 Reg I (Bo3)\n|rated|\n|rule|Species Clause: Limit one of each Pok\u00e9mon\n|rule|Item Clause: Limit 1 of each item\n|clearpoke\n|poke|p1|Miraidon, L50|\n|poke|p1|Calyrex-Ice, L50|\n|poke|p1|Ursaluna-Bloodmoon, L50, M|\n|poke|p1|Ogerpon-Cornerstone, L50, F|\n|poke|p1|Farigiraf, L50, F|\n|poke|p1|Incineroar, L50, M|\n|poke|p2|Zamazenta-*, L50|\n|poke|p2|Calyrex-Shadow, L50|\n|poke|p2|Ogerpon-Cornerstone, L50, F|\n|poke|p2|Flutter Mane, L50|\n|poke|p2|Tornadus, L50, M|\n|poke|p2|Ninetales, L50, F|\n|teampreview|4\n|showteam|p1|Miraidon||ChoiceSpecs|HadronEngine|VoltSwitch,ElectroDrift,DragonPulse,Discharge||||||50|,,,,,Electric]Calyrex-Ice||ClearAmulet|AsOneGlastrier|GlacialLance,HighHorsepower,TrickRoom,Protect||||||50|,,,,,Fire]Ursaluna-Bloodmoon||LifeOrb|MindsEye|BloodMoon,HyperVoice,EarthPower,Protect|||M|||50|,,,,,Normal]Ogerpon-Cornerstone||CornerstoneMask|Sturdy|IvyCudgel,FollowMe,WoodHammer,SpikyShield|||F|||50|,,,,,Rock]Farigiraf||ElectricSeed|ArmorTail|TwinBeam,HelpingHand,TrickRoom,Protect|||F|||50|,,,,,Electric]Incineroar||RockyHelmet|Intimidate|FakeOut,WillOWisp,KnockOff,PartingShot|||M|||50|,,,,,Ghost\n|showteam|p2|Zamazenta-Crowned||RustedShield|DauntlessShield|behemothbash,BodyPress,WideGuard,Protect||||||50|,,,,,Water]Calyrex-Shadow||FocusSash|AsOneSpectrier|AstralBarrage,Disable,Encore,Protect||||||50|,,,,,Ghost]Ogerpon-Cornerstone||CornerstoneMask|Sturdy|IvyCudgel,PowerWhip,FollowMe,SpikyShield|||F|||50|,,,,,Rock]Flutter Mane||ChoiceSpecs|Protosynthesis|Moonblast,DazzlingGleam,ShadowBall,DrainingKiss||||||50|,,,,,Fairy]Tornadus||MentalHerb|Prankster|Tailwind,BleakwindStorm,Taunt,Substitute|||M|||50|,,,,,Ghost]Ninetales||LifeOrb|Drought|HeatWave,FireBlast,HelpingHand,Protect|||F|||50|,,,,,Fire\n|inactive|Battle timer is ON: inactive players will automatically lose when time's up. (requested by Gworf)\n|\n|t:|1746030360\n|start\n|switch|p1a: The giraf|Farigiraf, L50, F|100/100\n|switch|p1b: Mr Don|Miraidon, L50|100/100\n|switch|p2a: Ogerpon|Ogerpon-Cornerstone, L50, F|100/100\n|switch|p2b: Flutter Mane|Flutter Mane, L50, shiny|100/100\n|-fieldstart|move: Electric Terrain|[from] ability: Hadron Engine|[of] p1b: Mr Don\n|-enditem|p1a: The giraf|Electric Seed\n|-boost|p1a: The giraf|def|1|[from] item: Electric Seed\n|turn|1\n|\n|t:|1746030386\n|-terastallize|p2b: Flutter Mane|Fairy\n|move|p1a: The giraf|Protect|p1a: The giraf\n|-singleturn|p1a: The giraf|Protect\n|move|p2a: Ogerpon|Follow Me|p2a: Ogerpon\n|-singleturn|p2a: Ogerpon|move: Follow Me\n|move|p1b: Mr Don|Electro Drift|p2a: Ogerpon\n|-resisted|p2a: Ogerpon\n|-damage|p2a: Ogerpon|35/100\n|move|p2b: Flutter Mane|Moonblast|p1a: The giraf\n|-activate|p1a: The giraf|move: Protect\n|\n|upkeep\n|turn|2\n|\n|t:|1746030399\n|move|p2a: Ogerpon|Follow Me|p2a: Ogerpon\n|-singleturn|p2a: Ogerpon|move: Follow Me\n|move|p1b: Mr Don|Electro Drift|p2a: Ogerpon\n|-resisted|p2a: Ogerpon\n|-damage|p2a: Ogerpon|0 fnt\n|faint|p2a: Ogerpon\n|move|p2b: Flutter Mane|Moonblast|p1a: The giraf\n|-damage|p1a: The giraf|6/100\n|move|p1a: The giraf|Trick Room|p1a: The giraf\n|-fieldstart|move: Trick Room|[of] p1a: The giraf\n|\n|upkeep\n|\n|t:|1746030416\n|switch|p2a: Ninetales|Ninetales, L50, F|100/100\n|-weather|SunnyDay|[from] ability: Drought|[of] p2a: Ninetales\n|-activate|p2b: Flutter Mane|ability: Protosynthesis\n|-start|p2b: Flutter Mane|protosynthesisspa\n|turn|3\n|\n|t:|1746030425\n|move|p1a: The giraf|Protect|p1a: The giraf\n|-singleturn|p1a: The giraf|Protect\n|move|p2a: Ninetales|Heat Wave|p1a: The giraf|[spread] p1b\n|-activate|p1a: The giraf|move: Protect\n|-resisted|p1b: Mr Don\n|-damage|p1b: Mr Don|74/100\n|-damage|p2a: Ninetales|91/100|[from] item: Life Orb\n|move|p2b: Flutter Mane|Moonblast|p1b: Mr Don\n|-supereffective|p1b: Mr Don\n|-damage|p1b: Mr Don|0 fnt\n|faint|p1b: Mr Don\n|\n|-weather|SunnyDay|[upkeep]\n|upkeep\n|\n|t:|1746030429\n|switch|p1b: Teddy|Ursaluna-Bloodmoon, L50, M|100/100\n|turn|4\n|inactive|Gworf has 30 seconds left.\n|\n|t:|1746030463\n|-terastallize|p1b: Teddy|Normal\n|move|p1a: The giraf|Helping Hand|p1b: Teddy\n|-singleturn|p1b: Teddy|Helping Hand|[of] p1a: The giraf\n|move|p1b: Teddy|Hyper Voice|p2a: Ninetales|[spread] p2a,p2b\n|-damage|p2a: Ninetales|0 fnt\n|-damage|p2b: Flutter Mane|12/100\n|faint|p2a: Ninetales\n|-damage|p1b: Teddy|91/100|[from] item: Life Orb\n|move|p2b: Flutter Mane|Moonblast|p1b: Teddy\n|-crit|p1b: Teddy\n|-damage|p1b: Teddy|0 fnt\n|faint|p1b: Teddy\n|\n|-weather|SunnyDay|[upkeep]\n|upkeep\n|\n|t:|1746030479\n|switch|p1b: Ice Horse|Calyrex-Ice, L50|100/100\n|switch|p2a: Calyrex|Calyrex-Shadow, L50|100/100\n|-ability|p1b: Ice Horse|As One\n|-ability|p1b: Ice Horse|Unnerve\n|-ability|p2a: Calyrex|As One\n|-ability|p2a: Calyrex|Unnerve\n|turn|5\n|\n|t:|1746030494\n|move|p2a: Calyrex|Protect|p2a: Calyrex\n|-singleturn|p2a: Calyrex|Protect\n|move|p1b: Ice Horse|Glacial Lance|p2b: Flutter Mane|[spread] p2b\n|-activate|p2a: Calyrex|move: Protect\n|-damage|p2b: Flutter Mane|0 fnt\n|faint|p2b: Flutter Mane\n|-end|p2b: Flutter Mane|Protosynthesis|[silent]\n|-ability|p1b: Ice Horse|Chilling Neigh|boost\n|-boost|p1b: Ice Horse|atk|1\n|move|p1a: The giraf|Twin Beam|p2a: Calyrex\n|-activate|p2a: Calyrex|move: Protect\n|\n|-weather|SunnyDay|[upkeep]\n|-fieldend|move: Electric Terrain\n|upkeep\n|turn|6\n|\n|t:|1746030504\n|move|p2a: Calyrex|Protect||[still]\n|-fail|p2a: Calyrex\n|move|p1b: Ice Horse|Glacial Lance|p2a: Calyrex\n|-enditem|p2a: Calyrex|Focus Sash\n|-damage|p2a: Calyrex|1/100\n|move|p1a: The giraf|Twin Beam|p2a: Calyrex\n|-resisted|p2a: Calyrex\n|-damage|p2a: Calyrex|0 fnt\n|faint|p2a: Calyrex\n|-hitcount|p2: Calyrex|1\n|\n|win|thetestingpokemonz\n|l|\u2606Gworf\n|player|p2|\n||Gworf is ready for game 3.\n||thetestingpokemonz is ready for game 3.\n|uhtml|next|Next: <a href=\"/battle-gen9vgc2025regibo3-2354049207\"><strong>Game 3 of 3</strong></a>\n", "uploadtime": 1746030772, "views": 11, "formatid": "gen9vgc2025regibo3", "rating": null, "private": 0, "password": null}