{"id": "gen9vgc2025regibo3-2353619493", "format": "[Gen 9] VGC 2025 Reg I (Bo3)", "players": ["RegI\u2026Yawn", "Myoto8"], "log": "|j|\u203dRegI\u2026Yawn\n|j|\u2606Myoto8\n|html|<table width=\"100%\"><tr><td align=\"left\">RegI\u2026Yawn</td><td align=\"right\">Myoto8</tr><tr><td align=\"left\"><i class=\"fa fa-circle\"></i> <i class=\"fa fa-circle-o\"></i> </td><td align=\"right\"><i class=\"fa fa-circle-o\"></i> <i class=\"fa fa-circle-o\"></i> </tr></table>\n|uhtml|bestof|<h2><strong>Game 2</strong> of <a href=\"/game-bestof3-gen9vgc2025regibo3-2353617607\">a best-of-3</a></h2>\n|t:|1745975361\n|gametype|doubles\n|player|p1|RegI\u2026Yawn|102|1173\n|player|p2|Myoto8|marlon|1206\n|teamsize|p1|6\n|teamsize|p2|6\n|gen|9\n|tier|[Gen 9] VGC 2025 Reg I (Bo3)\n|rated|\n|rule|Species Clause: Limit one of each Pok\u00e9mon\n|rule|Item Clause: Limit 1 of each item\n|clearpoke\n|poke|p1|Sandy Shocks, L50|\n|poke|p1|Brute Bonnet, L50|\n|poke|p1|Koraidon, L50|\n|poke|p1|Incineroar, L50, M|\n|poke|p1|Zacian-*, L50|\n|poke|p1|Gastrodon-East, L50, F|\n|poke|p2|Koraidon, L50|\n|poke|p2|Flutter Mane, L50|\n|poke|p2|Indeedee-F, L50, F|\n|poke|p2|Calyrex-Shadow, L50|\n|poke|p2|Brute Bonnet, L50|\n|poke|p2|Whimsicott, L50, M|\n|teampreview|4\n|showteam|p1|Sandy Shocks||FocusSash|Protosynthesis|Protect,Electroweb,Thunderbolt,EarthPower||||||50|,,,,,Electric]Brute Bonnet||RockyHelmet|Protosynthesis|SeedBomb,SuckerPunch,Spore,RagePowder||||||50|,,,,,Water]Koraidon||ClearAmulet|OrichalcumPulse|CollisionCourse,FlameCharge,FlareBlitz,Protect||||||50|,,,,,Fire]Incineroar||SafetyGoggles|Intimidate|FlareBlitz,KnockOff,PartingShot,FakeOut|||M|||50|,,,,,Ghost]Zacian-Crowned||RustedSword|IntrepidSword|behemothblade,PlayRough,TeraBlast,Protect||||||50|,,,,,Ground]Gastrodon-East||Leftovers|StormDrain|EarthPower,IcyWind,Yawn,Protect|||F|||50|,,,,,Fairy\n|showteam|p2|Koraidon||LoadedDice|OrichalcumPulse|ScaleShot,FlareBlitz,CloseCombat,Protect||||||50|,,,,,Fire]Flutter Mane||FocusSash|Protosynthesis|Taunt,Moonblast,Protect,IcyWind||||||50|,,,,,Normal]Indeedee-F||PsychicSeed|PsychicSurge|FollowMe,HelpingHand,TrickRoom,DazzlingGleam|||F|||50|,,,,,Fairy]Calyrex-Shadow||LifeOrb|AsOneSpectrier|AstralBarrage,ExpandingForce,Protect,NastyPlot||||||50|,,,,,Water]Brute Bonnet||RockyHelmet|Protosynthesis|Spore,RagePowder,Protect,Crunch||||||50|,,,,,Water]Whimsicott||CovertCloak|Prankster|Tailwind,Moonblast,LightScreen,Taunt|||M|||50|,,,,,Dark\n|\n|t:|1745975401\n|start\n|switch|p1a: Sandy Shocks|Sandy Shocks, L50|100/100\n|switch|p1b: Koraidon|Koraidon, L50|100/100\n|switch|p2a: Calyrex|Calyrex-Shadow, L50|100/100\n|switch|p2b: Flutter Mane|Flutter Mane, L50|100/100\n|-ability|p2a: Calyrex|As One\n|-ability|p2a: Calyrex|Unnerve\n|-weather|SunnyDay|[from] ability: Orichalcum Pulse|[of] p1b: Koraidon\n|-activate|p2b: Flutter Mane|ability: Protosynthesis\n|-start|p2b: Flutter Mane|protosynthesisspe\n|-activate|p1a: Sandy Shocks|ability: Protosynthesis\n|-start|p1a: Sandy Shocks|protosynthesisspa\n|-activate|p1b: Koraidon|Orichalcum Pulse|[source]\n|turn|1\n|\n|t:|1745975429\n|-end|p1a: Sandy Shocks|Protosynthesis|[silent]\n|switch|p1a: Incineroar|Incineroar, L50, M|100/100\n|-ability|p1a: Incineroar|Intimidate|boost\n|-unboost|p2a: Calyrex|atk|1\n|-unboost|p2b: Flutter Mane|atk|1\n|-terastallize|p1b: Koraidon|Fire\n|move|p2b: Flutter Mane|Icy Wind|p1a: Incineroar|[spread] p1a,p1b\n|-resisted|p1a: Incineroar\n|-resisted|p1b: Koraidon\n|-damage|p1a: Incineroar|95/100\n|-damage|p1b: Koraidon|93/100\n|-unboost|p1a: Incineroar|spe|1\n|move|p2a: Calyrex|Astral Barrage|p1b: Koraidon|[spread] p1a,p1b\n|-resisted|p1a: Incineroar\n|-damage|p1a: Incineroar|62/100\n|-damage|p1b: Koraidon|30/100\n|-damage|p2a: Calyrex|91/100|[from] item: Life Orb\n|move|p1b: Koraidon|Flame Charge|p2a: Calyrex\n|-damage|p2a: Calyrex|17/100\n|-boost|p1b: Koraidon|spe|1\n|\n|-weather|SunnyDay|[upkeep]\n|upkeep\n|turn|2\n|\n|t:|1745975455\n|move|p1b: Koraidon|Protect|p1b: Koraidon\n|-singleturn|p1b: Koraidon|Protect\n|move|p2a: Calyrex|Protect|p2a: Calyrex\n|-singleturn|p2a: Calyrex|Protect\n|move|p2b: Flutter Mane|Moonblast|p1b: Koraidon\n|-activate|p1b: Koraidon|move: Protect\n|move|p1a: Incineroar|Flare Blitz|p2a: Calyrex\n|-activate|p2a: Calyrex|move: Protect\n|\n|-weather|SunnyDay|[upkeep]\n|upkeep\n|turn|3\n|\n|t:|1745975464\n|switch|p1b: Zacian|Zacian-Crowned, L50|100/100\n|-ability|p1b: Zacian|Intrepid Sword|boost\n|-boost|p1b: Zacian|atk|1\n|switch|p2a: Koraidon|Koraidon, L50|100/100\n|-activate|p2a: Koraidon|ability: Orichalcum Pulse\n|move|p2b: Flutter Mane|Taunt|p1b: Zacian\n|-start|p1b: Zacian|move: Taunt\n|move|p1a: Incineroar|Flare Blitz|p2a: Koraidon\n|-resisted|p2a: Koraidon\n|-damage|p2a: Koraidon|68/100\n|-damage|p1a: Incineroar|52/100|[from] Recoil\n|\n|-weather|SunnyDay|[upkeep]\n|upkeep\n|turn|4\n|\n|t:|1745975496\n|-terastallize|p2a: Koraidon|Fire\n|move|p2b: Flutter Mane|Icy Wind|p1b: Zacian|[spread] p1a,p1b\n|-resisted|p1a: Incineroar\n|-resisted|p1b: Zacian\n|-damage|p1a: Incineroar|46/100\n|-damage|p1b: Zacian|94/100\n|-unboost|p1a: Incineroar|spe|1\n|-unboost|p1b: Zacian|spe|1\n|move|p2a: Koraidon|Flare Blitz|p1b: Zacian\n|-supereffective|p1b: Zacian\n|-damage|p1b: Zacian|0 fnt\n|faint|p1b: Zacian\n|-damage|p2a: Koraidon|38/100|[from] Recoil\n|move|p1a: Incineroar|Flare Blitz|p2b: Flutter Mane\n|-enditem|p2b: Flutter Mane|Focus Sash\n|-damage|p2b: Flutter Mane|1/100\n|-damage|p1a: Incineroar|25/100|[from] Recoil\n|\n|-weather|SunnyDay|[upkeep]\n|upkeep\n|\n|t:|1745975505\n|switch|p1b: Sandy Shocks|Sandy Shocks, L50|100/100\n|-activate|p1b: Sandy Shocks|ability: Protosynthesis\n|-start|p1b: Sandy Shocks|protosynthesisspa\n|turn|5\n|\n|t:|1745975513\n|move|p2b: Flutter Mane|Icy Wind|p1b: Sandy Shocks|[spread] p1a,p1b\n|-resisted|p1a: Incineroar\n|-supereffective|p1b: Sandy Shocks\n|-damage|p1a: Incineroar|18/100\n|-damage|p1b: Sandy Shocks|60/100\n|-unboost|p1a: Incineroar|spe|1\n|-unboost|p1b: Sandy Shocks|spe|1\n|move|p2a: Koraidon|Scale Shot|p1a: Incineroar\n|-damage|p1a: Incineroar|5/100\n|-damage|p1a: Incineroar|0 fnt\n|faint|p1a: Incineroar\n|-hitcount|p1: Incineroar|2\n|-unboost|p2a: Koraidon|def|1\n|-boost|p2a: Koraidon|spe|1\n|move|p1b: Sandy Shocks|Earth Power|p2a: Koraidon\n|-supereffective|p2a: Koraidon\n|-damage|p2a: Koraidon|0 fnt\n|faint|p2a: Koraidon\n|\n|-weather|none\n|-end|p2b: Flutter Mane|Protosynthesis\n|-end|p1b: Sandy Shocks|Protosynthesis\n|upkeep\n|-message|RegI\u2026Yawn forfeited.\n|\n|win|Myoto8\n||RegI\u2026Yawn is ready for game 3.\n||Myoto8 is ready for game 3.\n|uhtml|next|Next: <a href=\"/battle-gen9vgc2025regibo3-2353620838\"><strong>Game 3 of 3</strong></a>\n|l|\u2606Myoto8\n|player|p2|\n", "uploadtime": 1745975807, "views": 7, "formatid": "gen9vgc2025regibo3", "rating": null, "private": 0, "password": null}