{"id": "gen9vgc2025regibo3-2354253769", "format": "[Gen 9] VGC 2025 Reg I (Bo3)", "players": ["Monsteralover", "Beru98"], "log": "|j|\u2606Monsteralover\n|j|\u2606Beru98\n|html|<table width=\"100%\"><tr><td align=\"left\">Monsteralover</td><td align=\"right\">Beru98</tr><tr><td align=\"left\"><i class=\"fa fa-circle\"></i> <i class=\"fa fa-circle-o\"></i> </td><td align=\"right\"><i class=\"fa fa-circle-o\"></i> <i class=\"fa fa-circle\"></i> </tr></table>\n|uhtml|bestof|<h2><strong>Game 3</strong> of <a href=\"/game-bestof3-gen9vgc2025regibo3-2354248423\">a best-of-3</a></h2>\n|t:|1746049440\n|gametype|doubles\n|player|p1|Monsteralover|baker|1323\n|player|p2|Beru98|266|1336\n|teamsize|p1|6\n|teamsize|p2|6\n|gen|9\n|tier|[Gen 9] VGC 2025 Reg I (Bo3)\n|rated|\n|rule|Species Clause: Limit one of each Pok\u00e9mon\n|rule|Item Clause: Limit 1 of each item\n|clearpoke\n|poke|p1|Lunala, L50|\n|poke|p1|Rillaboom, L50, M|\n|poke|p1|Urshifu-*, L50, M|\n|poke|p1|Miraidon, L50|\n|poke|p1|Grimmsnarl, L50, M|\n|poke|p1|Ogerpon-Hearthflame, L50, F|\n|poke|p2|Calyrex-Shadow, L50|\n|poke|p2|Zamazenta-*, L50|\n|poke|p2|Urshifu-*, L50, M|\n|poke|p2|Incineroar, L50, M|\n|poke|p2|Rillaboom, L50, M|\n|poke|p2|Tornadus, L50, M|\n|teampreview|4\n|showteam|p1|Lunala||Leftovers|ShadowShield|CalmMind,MoongeistBeam,DazzlingGleam,Protect||||||50|,,,,,Fairy]Rillaboom||AssaultVest|GrassySurge|WoodHammer,GrassyGlide,KnockOff,FakeOut|||M|||50|,,,,,Fire]Urshifu-Rapid-Strike||ChoiceScarf|UnseenFist|SurgingStrikes,CloseCombat,AquaJet,Uturn|||M|||50|,,,,,Water]Miraidon||ChoiceSpecs|HadronEngine|ElectroDrift,DracoMeteor,DazzlingGleam,VoltSwitch||||||50|,,,,,Fairy]Grimmsnarl||LightClay|Prankster|FoulPlay,Reflect,ThunderWave,LightScreen|||M|||50|,,,,,Ghost]Ogerpon-Hearthflame||HearthflameMask|MoldBreaker|IvyCudgel,GrassyGlide,FollowMe,SpikyShield|||F|||50|,,,,,Fire\n|showteam|p2|Calyrex-Shadow||LifeOrb|AsOneSpectrier|AstralBarrage,Psychic,NastyPlot,Protect||||||50|,,,,,Dark]Zamazenta-Crowned||RustedShield|DauntlessShield|BodyPress,HeavySlam,WideGuard,Protect||||||50|,,,,,Dragon]Urshifu-Rapid-Strike||ChoiceScarf|UnseenFist|SurgingStrikes,CloseCombat,AquaJet,Uturn|||M|||50|,,,,,Water]Incineroar||SafetyGoggles|Intimidate|FakeOut,PartingShot,HelpingHand,KnockOff|||M|||50|,,,,,Ghost]Rillaboom||AssaultVest|GrassySurge|FakeOut,GrassyGlide,WoodHammer,Uturn|||M|||50|,,,,,Fire]Tornadus||CovertCloak|Prankster|RainDance,Tailwind,Taunt,BleakwindStorm|||M|||50|,,,,,Dark\n|inactive|Battle timer is ON: inactive players will automatically lose when time's up. (requested by Beru98)\n|\n|t:|1746049468\n|start\n|switch|p1a: Lunala|Lunala, L50|100/100\n|switch|p1b: Grimmsnarl|Grimmsnarl, L50, M|100/100\n|switch|p2a: Calyrex|Calyrex-Shadow, L50|100/100\n|switch|p2b: Rillaboom|Rillaboom, L50, M|100/100\n|-ability|p2a: Calyrex|As One\n|-ability|p2a: Calyrex|Unnerve\n|-fieldstart|move: Grassy Terrain|[from] ability: Grassy Surge|[of] p2b: Rillaboom\n|turn|1\n|inactive|Beru98 has 30 seconds left.\n|inactive|Beru98 has 20 seconds left.\n|inactive|Beru98 has 15 seconds left.\n|inactive|Beru98 has 10 seconds left.\n|inactive|Beru98 has 5 seconds left.\n|\n|t:|1746049523\n|-terastallize|p1a: Lunala|Fairy\n|move|p2b: Rillaboom|Fake Out|p1a: Lunala\n|-damage|p1a: Lunala|95/100\n|move|p1b: Grimmsnarl|Reflect|p1b: Grimmsnarl\n|-sidestart|p1: Monsteralover|Reflect\n|move|p2a: Calyrex|Astral Barrage|p1a: Lunala|[spread] p1a,p1b\n|-resisted|p1b: Grimmsnarl\n|-damage|p1a: Lunala|49/100\n|-damage|p1b: Grimmsnarl|71/100\n|-damage|p2a: Calyrex|91/100|[from] item: Life Orb\n|cant|p1a: Lunala|flinch\n|\n|-heal|p2a: Calyrex|97/100|[from] Grassy Terrain\n|-heal|p1a: Lunala|55/100|[from] Grassy Terrain\n|-heal|p1a: Lunala|61/100|[from] item: Leftovers\n|-heal|p1b: Grimmsnarl|77/100|[from] Grassy Terrain\n|upkeep\n|turn|2\n|inactive|Monsteralover has 30 seconds left.\n|inactive|Monsteralover has 20 seconds left.\n|inactive|Beru98 has 30 seconds left.\n|\n|t:|1746049562\n|-terastallize|p2a: Calyrex|Dark\n|move|p1a: Lunala|Protect|p1a: Lunala\n|-singleturn|p1a: Lunala|Protect\n|move|p2a: Calyrex|Nasty Plot|p2a: Calyrex\n|-boost|p2a: Calyrex|spa|2\n|move|p2b: Rillaboom|Wood Hammer|p1a: Lunala\n|-activate|p1a: Lunala|move: Protect\n|move|p1b: Grimmsnarl|Foul Play|p2a: Calyrex\n|-resisted|p2a: Calyrex\n|-damage|p2a: Calyrex|83/100\n|\n|-heal|p2a: Calyrex|89/100|[from] Grassy Terrain\n|-heal|p1a: Lunala|68/100|[from] Grassy Terrain\n|-heal|p1a: Lunala|74/100|[from] item: Leftovers\n|-heal|p1b: Grimmsnarl|83/100|[from] Grassy Terrain\n|upkeep\n|turn|3\n|inactive|Monsteralover has 30 seconds left.\n|\n|t:|1746049587\n|move|p2b: Rillaboom|Grassy Glide|p1a: Lunala\n|-damage|p1a: Lunala|56/100\n|move|p1b: Grimmsnarl|Light Screen|p1b: Grimmsnarl\n|-sidestart|p1: Monsteralover|move: Light Screen\n|move|p2a: Calyrex|Astral Barrage|p1a: Lunala|[spread] p1a,p1b\n|-resisted|p1b: Grimmsnarl\n|-damage|p1a: Lunala|0 fnt\n|-damage|p1b: Grimmsnarl|42/100\n|faint|p1a: Lunala\n|-ability|p2a: Calyrex|Grim Neigh|boost\n|-boost|p2a: Calyrex|spa|1\n|-damage|p2a: Calyrex|80/100|[from] item: Life Orb\n|\n|-heal|p2a: Calyrex|86/100|[from] Grassy Terrain\n|-heal|p1b: Grimmsnarl|48/100|[from] Grassy Terrain\n|upkeep\n|\n|t:|1746049599\n|switch|p1a: Miraidon|Miraidon, L50|100/100\n|-fieldstart|move: Electric Terrain|[from] ability: Hadron Engine|[of] p1a: Miraidon\n|turn|4\n|\n|t:|1746049610\n|switch|p2b: Incineroar|Incineroar, L50, M|100/100\n|-ability|p2b: Incineroar|Intimidate|boost\n|-unboost|p1a: Miraidon|atk|1\n|-unboost|p1b: Grimmsnarl|atk|1\n|switch|p1b: Ogerpon|Ogerpon-Hearthflame, L50, F|100/100\n|-ability|p1b: Ogerpon|Mold Breaker\n|move|p2a: Calyrex|Protect|p2a: Calyrex\n|-singleturn|p2a: Calyrex|Protect\n|move|p1a: Miraidon|Dazzling Gleam|p2b: Incineroar|[spread] p2b\n|-activate|p2a: Calyrex|move: Protect\n|-damage|p2b: Incineroar|62/100\n|\n|upkeep\n|turn|5\n|\n|t:|1746049635\n|switch|p1a: Grimmsnarl|Grimmsnarl, L50, M|48/100\n|move|p2b: Incineroar|Helping Hand|p2a: Calyrex\n|-singleturn|p2a: Calyrex|Helping Hand|[of] p2b: Incineroar\n|move|p2a: Calyrex|Astral Barrage|p1a: Grimmsnarl|[spread] p1a,p1b\n|-resisted|p1a: Grimmsnarl\n|-damage|p1a: Grimmsnarl|0 fnt\n|-damage|p1b: Ogerpon|0 fnt\n|faint|p1a: Grimmsnarl\n|faint|p1b: Ogerpon\n|-ability|p2a: Calyrex|Grim Neigh|boost\n|-boost|p2a: Calyrex|spa|2\n|-damage|p2a: Calyrex|76/100|[from] item: Life Orb\n|\n|upkeep\n|\n|t:|1746049645\n|switch|p1b: Miraidon|Miraidon, L50|100/100\n|-activate|p1b: Miraidon|ability: Hadron Engine\n|turn|6\n|\n|t:|1746049661\n|switch|p2b: Rillaboom|Rillaboom, L50, M|100/100\n|-fieldstart|move: Grassy Terrain|[from] ability: Grassy Surge|[of] p2b: Rillaboom\n|move|p2a: Calyrex|Protect|p2a: Calyrex\n|-singleturn|p2a: Calyrex|Protect\n|move|p1b: Miraidon|Dazzling Gleam|p2b: Rillaboom|[spread] p2b\n|-activate|p2a: Calyrex|move: Protect\n|-damage|p2b: Rillaboom|77/100\n|\n|-heal|p2a: Calyrex|83/100|[from] Grassy Terrain\n|-heal|p2b: Rillaboom|83/100|[from] Grassy Terrain\n|upkeep\n|turn|7\n|\n|t:|1746049669\n|move|p2b: Rillaboom|Fake Out|p1b: Miraidon\n|-damage|p1b: Miraidon|92/100\n|move|p2a: Calyrex|Astral Barrage|p1b: Miraidon\n|-damage|p1b: Miraidon|0 fnt\n|faint|p1b: Miraidon\n|-damage|p2a: Calyrex|73/100|[from] item: Life Orb\n|\n|win|Beru98\n|raw|Monsteralover's rating: 1323 &rarr; <strong>1304</strong><br />(-19 for losing)\n|raw|Beru98's rating: 1336 &rarr; <strong>1355</strong><br />(+19 for winning)\n", "uploadtime": 1746049669, "views": 15, "formatid": "gen9vgc2025regibo3", "rating": 1304, "private": 0, "password": null}