{"id": "gen9vgc2025regibo3-2353463361", "format": "[Gen 9] VGC 2025 Reg I (Bo3)", "players": ["TrCJags", "miraidons the goat"], "log": "|j|\u2606TrCJags\n|j|\u2606miraidons the goat\n|html|<table width=\"100%\"><tr><td align=\"left\">TrCJags</td><td align=\"right\">miraidons the goat</tr><tr><td align=\"left\"><i class=\"fa fa-circle-o\"></i> <i class=\"fa fa-circle-o\"></i> </td><td align=\"right\"><i class=\"fa fa-circle-o\"></i> <i class=\"fa fa-circle-o\"></i> </tr></table>\n|uhtml|bestof|<h2><strong>Game 1</strong> of <a href=\"/game-bestof3-gen9vgc2025regibo3-2353463360\">a best-of-3</a></h2>\n|t:|1745958240\n|gametype|doubles\n|player|p1|TrCJags|scientist-gen4dp|1197\n|player|p2|miraidons the goat|lisia-masters|1179\n|teamsize|p1|6\n|teamsize|p2|6\n|gen|9\n|tier|[Gen 9] VGC 2025 Reg I (Bo3)\n|rated|\n|rule|Species Clause: Limit one of each Pok\u00e9mon\n|rule|Item Clause: Limit 1 of each item\n|clearpoke\n|poke|p1|Calyrex-Shadow, L50|\n|poke|p1|Koraidon, L50|\n|poke|p1|Ogerpon-Cornerstone, L50, F|\n|poke|p1|Chi-Yu, L50|\n|poke|p1|Raging Bolt, L50|\n|poke|p1|Jumpluff, L50, F|\n|poke|p2|Calyrex-Shadow, L50|\n|poke|p2|Koraidon, L50|\n|poke|p2|Chi-Yu, L50|\n|poke|p2|Indeedee-F, L50, F|\n|poke|p2|Whimsicott, L50, F|\n|poke|p2|Ditto, L50|\n|teampreview|4\n|showteam|p1|Calyrex-Shadow||FocusSash|AsOneSpectrier|AstralBarrage,DrainingKiss,Protect,Encore||||||50|,,,,,Fairy]Koraidon||LifeOrb|OrichalcumPulse|FlareBlitz,FlameCharge,CloseCombat,Protect||||||50|,,,,,Fire]Ogerpon-Cornerstone||CornerstoneMask|Sturdy|IvyCudgel,Taunt,SpikyShield,FollowMe|||F|||50|,,,,,Rock]Chi-Yu||ChoiceScarf|BeadsofRuin|HeatWave,DarkPulse,Snarl,Overheat||||||50|,,,,,Ghost]Raging Bolt||SafetyGoggles|Protosynthesis|Thunderclap,DracoMeteor,VoltSwitch,Protect||||||50|,,,,,Electric]Jumpluff||CovertCloak|Chlorophyll|RagePowder,SleepPowder,Tailwind,PollenPuff|||F|||50|,,,,,Dark\n|showteam|p2|Calyrex-Shadow||ChoiceSpecs|AsOneSpectrier|AstralBarrage,ExpandingForce,PollenPuff,Psyshock||||||50|,,,,,Dark]Koraidon||LifeOrb|OrichalcumPulse|CloseCombat,FlareBlitz,FlameCharge,Protect||||||50|,,,,,Fire]Chi-Yu||ChoiceScarf|BeadsofRuin|Snarl,DarkPulse,HeatWave,Overheat||||||50|,,,,,Fire]Indeedee-F||PsychicSeed|PsychicSurge|FollowMe,TrickRoom,HelpingHand,ShadowBall|||F|||50|,,,,,Steel]Whimsicott||CovertCloak|Prankster|Tailwind,Encore,Moonblast,SunnyDay|||F|||50|,,,,,Dark]Ditto||FocusSash|Imposter|Transform||||||50|,,,,,Ghost\n|\n|t:|1745958313\n|start\n|switch|p1a: Chi-Yu|Chi-Yu, L50|100/100\n|switch|p1b: Calyrex|Calyrex-Shadow, L50|100/100\n|switch|p2a: tumbleweed|Whimsicott, L50, F, shiny|100/100\n|switch|p2b: better bike|Koraidon, L50|100/100\n|-ability|p1b: Calyrex|As One\n|-ability|p1b: Calyrex|Unnerve\n|-ability|p1a: Chi-Yu|Beads of Ruin\n|-weather|SunnyDay|[from] ability: Orichalcum Pulse|[of] p2b: better bike\n|-activate|p2b: better bike|Orichalcum Pulse|[source]\n|turn|1\n|inactive|Battle timer is ON: inactive players will automatically lose when time's up. (requested by miraidons the goat)\n|\n|t:|1745958369\n|-terastallize|p1a: Chi-Yu|Ghost\n|move|p2b: better bike|Protect|p2b: better bike\n|-singleturn|p2b: better bike|Protect\n|move|p2a: tumbleweed|Tailwind|p2a: tumbleweed\n|-sidestart|p2: miraidons the goat|move: Tailwind\n|move|p1a: Chi-Yu|Heat Wave|p2b: better bike|[spread] p2a\n|-activate|p2b: better bike|move: Protect\n|-supereffective|p2a: tumbleweed\n|-damage|p2a: tumbleweed|0 fnt\n|faint|p2a: tumbleweed\n|move|p1b: Calyrex|Astral Barrage|p2b: better bike\n|-activate|p2b: better bike|move: Protect\n|\n|-weather|SunnyDay|[upkeep]\n|upkeep\n|\n|t:|1745958384\n|switch|p2a: mind tricks|Calyrex-Shadow, L50|100/100\n|-ability|p2a: mind tricks|As One\n|-ability|p2a: mind tricks|Unnerve\n|turn|2\n|inactive|TrCJags has 30 seconds left.\n|\n|t:|1745958414\n|-terastallize|p2b: better bike|Fire\n|move|p1b: Calyrex|Protect|p1b: Calyrex\n|-singleturn|p1b: Calyrex|Protect\n|move|p2a: mind tricks|Astral Barrage|p1b: Calyrex|[spread] p1a\n|-activate|p1b: Calyrex|move: Protect\n|-supereffective|p1a: Chi-Yu\n|-damage|p1a: Chi-Yu|0 fnt\n|faint|p1a: Chi-Yu\n|-ability|p2a: mind tricks|Grim Neigh|boost\n|-boost|p2a: mind tricks|spa|1\n|move|p2b: better bike|Flame Charge|p1b: Calyrex\n|-activate|p1b: Calyrex|move: Protect\n|\n|-weather|SunnyDay|[upkeep]\n|upkeep\n|inactive|TrCJags has 30 seconds left.\n|\n|t:|1745958444\n|switch|p1a: Ogerpon|Ogerpon-Cornerstone, L50, F|100/100\n|turn|3\n|\n|t:|1745958452\n|move|p1a: Ogerpon|Follow Me|p1a: Ogerpon\n|-singleturn|p1a: Ogerpon|move: Follow Me\n|move|p2a: mind tricks|Astral Barrage|p1b: Calyrex|[spread] p1a,p1b\n|-supereffective|p1b: Calyrex\n|-crit|p1b: Calyrex\n|-ability|p1a: Ogerpon|Sturdy\n|-damage|p1a: Ogerpon|1/100\n|-enditem|p1b: Calyrex|Focus Sash\n|-damage|p1b: Calyrex|1/100\n|move|p2b: better bike|Flame Charge|p1a: Ogerpon\n|-damage|p1a: Ogerpon|0 fnt\n|-boost|p2b: better bike|spe|1\n|faint|p1a: Ogerpon\n|-damage|p2b: better bike|91/100|[from] item: Life Orb\n|move|p1b: Calyrex|Astral Barrage|p2a: mind tricks|[spread] p2a,p2b\n|-supereffective|p2a: mind tricks\n|-damage|p2a: mind tricks|0 fnt\n|-damage|p2b: better bike|36/100\n|faint|p2a: mind tricks\n|-ability|p1b: Calyrex|Grim Neigh|boost\n|-boost|p1b: Calyrex|spa|1\n|\n|-weather|SunnyDay|[upkeep]\n|upkeep\n|\n|t:|1745958475\n|switch|p2a: copycat|Ditto, L50|100/100\n|switch|p1a: Koraidon|Koraidon, L50|100/100\n|-activate|p1a: Koraidon|ability: Orichalcum Pulse\n|-transform|p2a: copycat|p1b: Calyrex|[from] ability: Imposter\n|-ability|p2a: copycat|As One\n|-ability|p2a: copycat|Unnerve\n|turn|4\n|c|\u2606miraidons the goat|why have one calyrex when you can have 2\n|inactive|TrCJags has 30 seconds left.\n|\n|t:|1745958509\n|move|p1b: Calyrex|Protect|p1b: Calyrex\n|-singleturn|p1b: Calyrex|Protect\n|move|p2b: better bike|Close Combat|p1a: Koraidon\n|-damage|p1a: Koraidon|0 fnt\n|-unboost|p2b: better bike|def|1\n|-unboost|p2b: better bike|spd|1\n|faint|p1a: Koraidon\n|-damage|p2b: better bike|26/100|[from] item: Life Orb\n|move|p2a: copycat|Astral Barrage|p1b: Calyrex\n|-activate|p1b: Calyrex|move: Protect\n|\n|-weather|SunnyDay|[upkeep]\n|-sideend|p2: miraidons the goat|move: Tailwind\n|upkeep\n|turn|5\n|\n|t:|1745958527\n|move|p2b: better bike|Flare Blitz|p1b: Calyrex\n|-damage|p1b: Calyrex|0 fnt\n|faint|p1b: Calyrex\n|-damage|p2b: better bike|26/100|[from] Recoil\n|-damage|p2b: better bike|16/100|[from] item: Life Orb\n|\n|win|miraidons the goat\n||miraidons the goat is ready for game 2.\n||TrCJags is ready for game 2.\n|uhtml|next|Next: <a href=\"/battle-gen9vgc2025regibo3-2353466481\"><strong>Game 2 of 3</strong></a>\n", "uploadtime": 1745958534, "views": 31, "formatid": "gen9vgc2025regibo3", "rating": null, "private": 0, "password": null}