{"id": "gen9vgc2025regibo3-2355136663", "format": "[Gen 9] VGC 2025 Reg I (Bo3)", "players": ["wodeaima", "is_katabo"], "log": "|j|\u2606wodeaima\n|j|\u2606is_katabo\n|html|<table width=\"100%\"><tr><td align=\"left\">wodeaima</td><td align=\"right\">is_katabo</tr><tr><td align=\"left\"><i class=\"fa fa-circle-o\"></i> <i class=\"fa fa-circle-o\"></i> </td><td align=\"right\"><i class=\"fa fa-circle-o\"></i> <i class=\"fa fa-circle\"></i> </tr></table>\n|uhtml|bestof|<h2><strong>Game 2</strong> of <a href=\"/game-bestof3-gen9vgc2025regibo3-2355134650\">a best-of-3</a></h2>\n|t:|1746157186\n|gametype|doubles\n|player|p1|wodeaima|266|1301\n|player|p2|is_katabo|caitlin|1233\n|teamsize|p1|6\n|teamsize|p2|6\n|gen|9\n|tier|[Gen 9] VGC 2025 Reg I (Bo3)\n|rated|\n|rule|Species Clause: Limit one of each Pok\u00e9mon\n|rule|Item Clause: Limit 1 of each item\n|clearpoke\n|poke|p1|Lunala, L50|\n|poke|p1|Smeargle, L50, F|\n|poke|p1|Koraidon, L50|\n|poke|p1|Rillaboom, L50, F|\n|poke|p1|Chi-Yu, L50|\n|poke|p1|Ogerpon-Cornerstone, L50, F|\n|poke|p2|Koraidon, L50|\n|poke|p2|Calyrex-Shadow, L50|\n|poke|p2|Chi-Yu, L50|\n|poke|p2|Indeedee-F, L50, F|\n|poke|p2|Brute Bonnet, L50|\n|poke|p2|Flutter Mane, L50|\n|teampreview|4\n|showteam|p1|Lunala||Leftovers|ShadowShield|CalmMind,Moonblast,MoongeistBeam,Protect||||||50|,,,,,Fairy]Smeargle||FocusSash|Moody|FakeOut,Spore,WideGuard,FollowMe|||F|||50|,,,,,Ghost]Koraidon||LifeOrb|OrichalcumPulse|FlareBlitz,CloseCombat,FlameCharge,Protect||||||50|,,,,,Fire]Rillaboom||AssaultVest|GrassySurge|WoodHammer,GrassyGlide,FakeOut,Uturn|||F|||50|,,,,,Fire]Chi-Yu||ChoiceScarf|BeadsofRuin|HeatWave,Overheat,Snarl,DarkPulse||||||50|,,,,,Ghost]Ogerpon-Cornerstone||CornerstoneMask|Sturdy|IvyCudgel,PowerWhip,FollowMe,SpikyShield|||F|||50|,,,,,Rock\n|showteam|p2|Koraidon||LifeOrb|OrichalcumPulse|CloseCombat,FlareBlitz,FlameCharge,Protect||||||50|,,,,,Fire]Calyrex-Shadow||FocusSash|AsOneSpectrier|AstralBarrage,ExpandingForce,ShadowBall,Protect||||||50|,,,,,Ghost]Chi-Yu||ChoiceScarf|BeadsofRuin|DarkPulse,Snarl,HeatWave,Overheat||||||50|,,,,,Fire]Indeedee-F||RockyHelmet|PsychicSurge|Psychic,FollowMe,HelpingHand,TrickRoom|||F|||50|,,,,,Water]Brute Bonnet||CovertCloak|Protosynthesis|SeedBomb,SuckerPunch,RagePowder,Spore||||||50|,,,,,Water]Flutter Mane||BoosterEnergy|Protosynthesis|Moonblast,IcyWind,Taunt,Protect||||||50|,,,,,Water\n|\n|t:|1746157259\n|start\n|switch|p1a: Chi-Yu|Chi-Yu, L50|100/100\n|switch|p1b: Koraidon|Koraidon, L50|100/100\n|switch|p2a: Pufferfish|Chi-Yu, L50|100/100\n|switch|p2b: Shulker Box|Brute Bonnet, L50|100/100\n|-ability|p1a: Chi-Yu|Beads of Ruin\n|-ability|p2a: Pufferfish|Beads of Ruin\n|-weather|SunnyDay|[from] ability: Orichalcum Pulse|[of] p1b: Koraidon\n|-activate|p2b: Shulker Box|ability: Protosynthesis\n|-start|p2b: Shulker Box|protosynthesisdef\n|-activate|p1b: Koraidon|Orichalcum Pulse|[source]\n|turn|1\n|\n|t:|1746157298\n|-terastallize|p2b: Shulker Box|Water\n|move|p1a: Chi-Yu|Dark Pulse|p2b: Shulker Box\n|-damage|p2b: Shulker Box|59/100\n|move|p2a: Pufferfish|Heat Wave|p1a: Chi-Yu|[spread] p1a,p1b\n|-resisted|p1a: Chi-Yu\n|-resisted|p1b: Koraidon\n|-damage|p1a: Chi-Yu|65/100\n|-damage|p1b: Koraidon|60/100\n|move|p1b: Koraidon|Close Combat|p2b: Shulker Box\n|-crit|p2b: Shulker Box\n|-damage|p2b: Shulker Box|0 fnt\n|-unboost|p1b: Koraidon|def|1\n|-unboost|p1b: Koraidon|spd|1\n|faint|p2b: Shulker Box\n|-end|p2b: Shulker Box|Protosynthesis|[silent]\n|-damage|p1b: Koraidon|50/100|[from] item: Life Orb\n|\n|-weather|SunnyDay|[upkeep]\n|upkeep\n|\n|t:|1746157317\n|switch|p2b: Ghast|Flutter Mane, L50|100/100\n|-activate|p2b: Ghast|ability: Protosynthesis\n|-start|p2b: Ghast|protosynthesisspe\n|turn|2\n|\n|t:|1746157353\n|switch|p1b: Ogerpon|Ogerpon-Cornerstone, L50, F|100/100\n|move|p2b: Ghast|Moonblast|p1a: Chi-Yu\n|-damage|p1a: Chi-Yu|17/100\n|move|p1a: Chi-Yu|Dark Pulse|p2b: Ghast\n|-damage|p2b: Ghast|52/100\n|move|p2a: Pufferfish|Heat Wave|p1b: Ogerpon|[spread] p1a,p1b\n|-resisted|p1a: Chi-Yu\n|-damage|p1a: Chi-Yu|0 fnt\n|-ability|p1b: Ogerpon|Sturdy\n|-damage|p1b: Ogerpon|1/100\n|-status|p1b: Ogerpon|brn\n|faint|p1a: Chi-Yu\n|\n|-weather|SunnyDay|[upkeep]\n|-damage|p1b: Ogerpon|0 fnt|[from] brn\n|faint|p1b: Ogerpon\n|upkeep\n|\n|t:|1746157369\n|switch|p1b: Koraidon|Koraidon, L50|50/100\n|switch|p1a: Rillaboom|Rillaboom, L50, F|100/100\n|-activate|p1b: Koraidon|ability: Orichalcum Pulse\n|-fieldstart|move: Grassy Terrain|[from] ability: Grassy Surge|[of] p1a: Rillaboom\n|turn|3\n|\n|t:|1746157387\n|-terastallize|p1a: Rillaboom|Fire\n|move|p1a: Rillaboom|Grassy Glide|p2b: Ghast\n|-damage|p2b: Ghast|0 fnt\n|faint|p2b: Ghast\n|-end|p2b: Ghast|Protosynthesis|[silent]\n|move|p2a: Pufferfish|Heat Wave|p1a: Rillaboom|[spread] p1a,p1b\n|-resisted|p1a: Rillaboom\n|-resisted|p1b: Koraidon\n|-damage|p1a: Rillaboom|73/100\n|-damage|p1b: Koraidon|11/100\n|-status|p1b: Koraidon|brn\n|move|p1b: Koraidon|Flame Charge|p2a: Pufferfish\n|-resisted|p2a: Pufferfish\n|-damage|p2a: Pufferfish|83/100\n|-boost|p1b: Koraidon|spe|1\n|-damage|p1b: Koraidon|2/100 brn|[from] item: Life Orb\n|\n|-weather|SunnyDay|[upkeep]\n|-heal|p1b: Koraidon|8/100 brn|[from] Grassy Terrain\n|-heal|p2a: Pufferfish|89/100|[from] Grassy Terrain\n|-heal|p1a: Rillaboom|79/100|[from] Grassy Terrain\n|-damage|p1b: Koraidon|2/100 brn|[from] brn\n|upkeep\n|\n|t:|1746157405\n|switch|p2b: Jockey|Calyrex-Shadow, L50|100/100\n|-ability|p2b: Jockey|As One\n|-ability|p2b: Jockey|Unnerve\n|turn|4\n|\n|t:|1746157441\n|move|p1a: Rillaboom|Grassy Glide|p2b: Jockey\n|-crit|p2b: Jockey\n|-damage|p2b: Jockey|37/100\n|move|p1b: Koraidon|Flare Blitz|p2b: Jockey\n|-damage|p2b: Jockey|0 fnt\n|faint|p2b: Jockey\n|-damage|p1b: Koraidon|0 fnt|[from] Recoil\n|faint|p1b: Koraidon\n|move|p2a: Pufferfish|Heat Wave|p1a: Rillaboom\n|-resisted|p1a: Rillaboom\n|-damage|p1a: Rillaboom|42/100\n|\n|-weather|SunnyDay|[upkeep]\n|-heal|p2a: Pufferfish|95/100|[from] Grassy Terrain\n|-heal|p1a: Rillaboom|47/100|[from] Grassy Terrain\n|upkeep\n|turn|5\n|\n|t:|1746157455\n|move|p2a: Pufferfish|Heat Wave|p1a: Rillaboom\n|-resisted|p1a: Rillaboom\n|-damage|p1a: Rillaboom|12/100\n|move|p1a: Rillaboom|U-turn|p2a: Pufferfish\n|-damage|p2a: Pufferfish|58/100\n|\n|-weather|none\n|-heal|p2a: Pufferfish|64/100|[from] Grassy Terrain\n|-heal|p1a: Rillaboom|17/100|[from] Grassy Terrain\n|upkeep\n|turn|6\n|\n|t:|1746157463\n|move|p2a: Pufferfish|Heat Wave|p1a: Rillaboom\n|-resisted|p1a: Rillaboom\n|-damage|p1a: Rillaboom|0 fnt\n|faint|p1a: Rillaboom\n|\n|win|is_katabo\n|raw|wodeaima's rating: 1301 &rarr; <strong>1277</strong><br />(-24 for losing)\n|raw|is_katabo's rating: 1233 &rarr; <strong>1263</strong><br />(+30 for winning)\n|l|\u2606wodeaima\n|player|p1|\n", "uploadtime": 1746157469, "views": 3, "formatid": "gen9vgc2025regibo3", "rating": 1263, "private": 0, "password": null}