{"id": "gen9vgc2025regibo3-2354257302", "format": "[Gen 9] VGC 2025 Reg I (Bo3)", "players": ["MatthewJi\u5e7b\u6b87\u79cb\u51a5VGC", "Fookinraw42"], "log": "|j|\u2606MatthewJi\u5e7b\u6b87\u79cb\u51a5VGC\n|j|\u2606Fookinraw42\n|html|<table width=\"100%\"><tr><td align=\"left\">MatthewJi\u5e7b\u6b87\u79cb\u51a5VGC</td><td align=\"right\">Fookinraw42</tr><tr><td align=\"left\"><i class=\"fa fa-circle-o\"></i> <i class=\"fa fa-circle-o\"></i> </td><td align=\"right\"><i class=\"fa fa-circle-o\"></i> <i class=\"fa fa-circle-o\"></i> </tr></table>\n|uhtml|bestof|<h2><strong>Game 1</strong> of <a href=\"/game-bestof3-gen9vgc2025regibo3-2354257301\">a best-of-3</a></h2>\n|t:|1746049816\n|gametype|doubles\n|player|p1|MatthewJi\u5e7b\u6b87\u79cb\u51a5VGC|lucas|1199\n|player|p2|Fookinraw42|baker|1231\n|teamsize|p1|6\n|teamsize|p2|6\n|gen|9\n|tier|[Gen 9] VGC 2025 Reg I (Bo3)\n|rated|\n|rule|Species Clause: Limit one of each Pok\u00e9mon\n|rule|Item Clause: Limit 1 of each item\n|clearpoke\n|poke|p1|Koraidon, L50|\n|poke|p1|Lunala, L50|\n|poke|p1|Umbreon, L50, M|\n|poke|p1|Raging Bolt, L50|\n|poke|p1|Flutter Mane, L50|\n|poke|p1|Brute Bonnet, L50|\n|poke|p2|Kyogre, L50|\n|poke|p2|Urshifu-*, L50, M|\n|poke|p2|Tornadus, L50, M|\n|poke|p2|Miraidon, L50|\n|poke|p2|Tsareena, L50, F|\n|poke|p2|Iron Hands, L50|\n|teampreview|4\n|showteam|p1|Koraidon||ClearAmulet|OrichalcumPulse|CollisionCourse,FlareBlitz,FlameCharge,Protect||||||50|,,,,,Fire]Lunala||Leftovers|ShadowShield|MoongeistBeam,Moonblast,WideGuard,TrickRoom||||||50|,,,,,Fairy]Umbreon||ChopleBerry|InnerFocus|FoulPlay,Taunt,Snarl,Yawn|||M|||50|,,,,,Bug]Raging Bolt||AssaultVest|Protosynthesis|Thunderclap,VoltSwitch,DracoMeteor,Thunderbolt||||||50|,,,,,Fairy]Flutter Mane||FocusSash|Protosynthesis|Moonblast,ShadowBall,IcyWind,Protect||||||50|,,,,,Fairy]Brute Bonnet||CovertCloak|Protosynthesis|Spore,SuckerPunch,SeedBomb,RagePowder||||||50|,,,,,Water\n|showteam|p2|Kyogre||MysticWater|Drizzle|WaterSpout,OriginPulse,IceBeam,Protect||||||50|,,,,,Grass]Urshifu-Rapid-Strike||FocusSash|UnseenFist|SurgingStrikes,CloseCombat,AquaJet,Detect|||M|||50|,,,,,Water]Tornadus||CovertCloak|Prankster|BleakwindStorm,Tailwind,Taunt,RainDance|||M|||50|,,,,,Dark]Miraidon||ChoiceSpecs|HadronEngine|ElectroDrift,VoltSwitch,DracoMeteor,DazzlingGleam||||||50|,,,,,Fairy]Tsareena||WideLens|QueenlyMajesty|PowerWhip,TripleAxel,HelpingHand,Protect|||F|||50|,,,,,Water]Iron Hands||AssaultVest|QuarkDrive|WildCharge,DrainPunch,LowKick,FakeOut||||||50|,,,,,Bug\n|inactive|Battle timer is ON: inactive players will automatically lose when time's up. (requested by Fookinraw42)\n|inactive|MatthewJi\u5e7b\u6b87\u79cb\u51a5VGC has 60 seconds left.\n|inactive|Fookinraw42 has 60 seconds left.\n|\n|t:|1746049863\n|start\n|switch|p1a: Flutter Mane|Flutter Mane, L50|100/100\n|switch|p1b: Raging Bolt|Raging Bolt, L50|100/100\n|switch|p2a: Kyogre|Kyogre, L50|100/100\n|switch|p2b: Iron Hands|Iron Hands, L50|100/100\n|-weather|RainDance|[from] ability: Drizzle|[of] p2a: Kyogre\n|turn|1\n|\n|t:|1746049887\n|move|p2a: Kyogre|Protect|p2a: Kyogre\n|-singleturn|p2a: Kyogre|Protect\n|move|p2b: Iron Hands|Fake Out|p1b: Raging Bolt\n|-damage|p1b: Raging Bolt|89/100\n|move|p1a: Flutter Mane|Icy Wind|p2b: Iron Hands|[spread] p2b\n|-activate|p2a: Kyogre|move: Protect\n|-damage|p2b: Iron Hands|93/100\n|-unboost|p2b: Iron Hands|spe|1\n|cant|p1b: Raging Bolt|flinch\n|\n|-weather|RainDance|[upkeep]\n|upkeep\n|turn|2\n|\n|t:|1746049912\n|-end|p2b: Iron Hands|Quark Drive|[silent]\n|switch|p2b: Tsareena|Tsareena, L50, F|100/100\n|move|p1a: Flutter Mane|Icy Wind|p2b: Tsareena|[spread] p2a,p2b\n|-resisted|p2a: Kyogre\n|-supereffective|p2b: Tsareena\n|-damage|p2a: Kyogre|97/100\n|-damage|p2b: Tsareena|73/100\n|-unboost|p2a: Kyogre|spe|1\n|-unboost|p2b: Tsareena|spe|1\n|move|p1b: Raging Bolt|Volt Switch|p2a: Kyogre\n|-supereffective|p2a: Kyogre\n|-damage|p2a: Kyogre|50/100\n|\n|t:|1746049924\n|-end|p1b: Raging Bolt|Protosynthesis|[silent]\n|switch|p1b: Koraidon|Koraidon, L50|100/100|[from] Volt Switch\n|-weather|SunnyDay|[from] ability: Orichalcum Pulse|[of] p1b: Koraidon\n|-activate|p1a: Flutter Mane|ability: Protosynthesis\n|-start|p1a: Flutter Mane|protosynthesisspe\n|-activate|p1b: Koraidon|Orichalcum Pulse|[source]\n|move|p2a: Kyogre|Water Spout|p1a: Flutter Mane|[spread] p1a,p1b\n|-resisted|p1b: Koraidon\n|-damage|p1a: Flutter Mane|83/100\n|-damage|p1b: Koraidon|93/100\n|\n|-weather|SunnyDay|[upkeep]\n|upkeep\n|turn|3\n|\n|t:|1746049942\n|switch|p2a: Iron Hands|Iron Hands, L50|93/100\n|move|p1a: Flutter Mane|Moonblast|p2a: Iron Hands\n|-supereffective|p2a: Iron Hands\n|-damage|p2a: Iron Hands|50/100\n|move|p1b: Koraidon|Flame Charge|p2b: Tsareena\n|-supereffective|p2b: Tsareena\n|-damage|p2b: Tsareena|0 fnt\n|-boost|p1b: Koraidon|spe|1\n|faint|p2b: Tsareena\n|\n|-weather|SunnyDay|[upkeep]\n|upkeep\n|\n|t:|1746049954\n|switch|p2b: Miraidon|Miraidon, L50|100/100\n|-fieldstart|move: Electric Terrain|[from] ability: Hadron Engine|[of] p2b: Miraidon\n|-activate|p2a: Iron Hands|ability: Quark Drive\n|-start|p2a: Iron Hands|quarkdriveatk\n|turn|4\n|\n|t:|1746049968\n|-terastallize|p2b: Miraidon|Fairy\n|move|p1b: Koraidon|Protect|p1b: Koraidon\n|-singleturn|p1b: Koraidon|Protect\n|move|p1a: Flutter Mane|Moonblast|p2b: Miraidon\n|-damage|p2b: Miraidon|65/100\n|-unboost|p2b: Miraidon|spa|1\n|move|p2b: Miraidon|Dazzling Gleam|p1b: Koraidon|[spread] p1a\n|-activate|p1b: Koraidon|move: Protect\n|-damage|p1a: Flutter Mane|40/100\n|move|p2a: Iron Hands|Low Kick|p1b: Koraidon\n|-activate|p1b: Koraidon|move: Protect\n|\n|-weather|SunnyDay|[upkeep]\n|upkeep\n|turn|5\n|inactive|MatthewJi\u5e7b\u6b87\u79cb\u51a5VGC has 30 seconds left.\n|\n|t:|1746049998\n|switch|p2b: Kyogre|Kyogre, L50|50/100\n|-weather|RainDance|[from] ability: Drizzle|[of] p2b: Kyogre\n|-end|p1a: Flutter Mane|Protosynthesis\n|move|p1b: Koraidon|Flare Blitz|p2b: Kyogre\n|-resisted|p2b: Kyogre\n|-damage|p2b: Kyogre|41/100\n|-damage|p1b: Koraidon|90/100|[from] Recoil\n|move|p1a: Flutter Mane|Moonblast|p2b: Kyogre\n|-damage|p2b: Kyogre|15/100\n|move|p2a: Iron Hands|Wild Charge|p1a: Flutter Mane\n|-damage|p1a: Flutter Mane|0 fnt\n|faint|p1a: Flutter Mane\n|-end|p1a: Flutter Mane|Protosynthesis|[silent]\n|-damage|p2a: Iron Hands|44/100|[from] Recoil\n|\n|-weather|RainDance|[upkeep]\n|upkeep\n|\n|t:|1746050002\n|switch|p1a: Raging Bolt|Raging Bolt, L50|89/100\n|turn|6\n|inactive|Fookinraw42 has 30 seconds left.\n|\n|t:|1746050028\n|move|p2b: Kyogre|Protect|p2b: Kyogre\n|-singleturn|p2b: Kyogre|Protect\n|move|p1b: Koraidon|Collision Course|p2a: Iron Hands\n|-damage|p2a: Iron Hands|7/100\n|move|p1a: Raging Bolt|Volt Switch|p2b: Kyogre\n|-activate|p2b: Kyogre|move: Protect\n|move|p2a: Iron Hands|Low Kick|p1a: Raging Bolt\n|-damage|p1a: Raging Bolt|23/100\n|\n|-weather|RainDance|[upkeep]\n|upkeep\n|turn|7\n|\n|t:|1746050047\n|switch|p2b: Miraidon|Miraidon, L50, tera:Fairy|65/100\n|-activate|p2b: Miraidon|ability: Hadron Engine\n|move|p1b: Koraidon|Collision Course|p2b: Miraidon\n|-resisted|p2b: Miraidon\n|-damage|p2b: Miraidon|40/100\n|move|p1a: Raging Bolt|Volt Switch|p2a: Iron Hands\n|-resisted|p2a: Iron Hands\n|-damage|p2a: Iron Hands|0 fnt\n|faint|p2a: Iron Hands\n|-end|p2a: Iron Hands|Quark Drive|[silent]\n|\n|t:|1746050056\n|-end|p1a: Raging Bolt|Protosynthesis|[silent]\n|switch|p1a: Brute Bonnet|Brute Bonnet, L50|100/100|[from] Volt Switch\n|\n|-weather|RainDance|[upkeep]\n|upkeep\n|\n|t:|1746050060\n|switch|p2a: Kyogre|Kyogre, L50|15/100\n|turn|8\n|\n|t:|1746050070\n|move|p2a: Kyogre|Protect|p2a: Kyogre\n|-singleturn|p2a: Kyogre|Protect\n|move|p1b: Koraidon|Collision Course|p2a: Kyogre\n|-activate|p2a: Kyogre|move: Protect\n|move|p2b: Miraidon|Dazzling Gleam|p1a: Brute Bonnet|[spread] p1a,p1b\n|-supereffective|p1a: Brute Bonnet\n|-supereffective|p1b: Koraidon\n|-damage|p1a: Brute Bonnet|1/100\n|-damage|p1b: Koraidon|0 fnt\n|faint|p1b: Koraidon\n|move|p1a: Brute Bonnet|Seed Bomb|p2b: Miraidon\n|-damage|p2b: Miraidon|4/100\n|\n|-weather|RainDance|[upkeep]\n|-fieldend|move: Electric Terrain\n|upkeep\n|\n|t:|1746050081\n|switch|p1b: Raging Bolt|Raging Bolt, L50|23/100\n|turn|9\n|\n|t:|1746050097\n|move|p1b: Raging Bolt|Thunderclap|p2b: Miraidon\n|-damage|p2b: Miraidon|0 fnt\n|faint|p2b: Miraidon\n|move|p1a: Brute Bonnet|Sucker Punch|p2a: Kyogre\n|-damage|p2a: Kyogre|0 fnt\n|faint|p2a: Kyogre\n|\n|win|MatthewJi\u5e7b\u6b87\u79cb\u51a5VGC\n||MatthewJi\u5e7b\u6b87\u79cb\u51a5VGC is ready for game 2.\n||Fookinraw42 is ready for game 2.\n|uhtml|next|Next: <a href=\"/battle-gen9vgc2025regibo3-2354259982\"><strong>Game 2 of 3</strong></a>\n", "uploadtime": 1746050468, "views": 6, "formatid": "gen9vgc2025regibo3", "rating": null, "private": 0, "password": null}