{"id": "gen9vgc2025regibo3-2354448322", "format": "[Gen 9] VGC 2025 Reg I (Bo3)", "players": ["inakayal", "despacitoIsReal"], "log": "|j|\u2606inakayal\n|j|\u2606despacitoIsReal\n|html|<table width=\"100%\"><tr><td align=\"left\">inakayal</td><td align=\"right\">despacitoIsReal</tr><tr><td align=\"left\"><i class=\"fa fa-circle-o\"></i> <i class=\"fa fa-circle-o\"></i> </td><td align=\"right\"><i class=\"fa fa-circle-o\"></i> <i class=\"fa fa-circle-o\"></i> </tr></table>\n|uhtml|bestof|<h2><strong>Game 1</strong> of <a href=\"/game-bestof3-gen9vgc2025regibo3-2354448321\">a best-of-3</a></h2>\n|t:|1746073124\n|gametype|doubles\n|player|p1|inakayal|harlequin|\n|player|p2|despacitoIsReal|cynthia-gen4|\n|teamsize|p1|6\n|teamsize|p2|6\n|gen|9\n|tier|[Gen 9] VGC 2025 Reg I (Bo3)\n|rule|Species Clause: Limit one of each Pok\u00e9mon\n|rule|Item Clause: Limit 1 of each item\n|clearpoke\n|poke|p1|Calyrex-Shadow, L50|\n|poke|p1|Incineroar, L50, M|\n|poke|p1|Raging Bolt, L50|\n|poke|p1|Urshifu-*, L50, M|\n|poke|p1|Rillaboom, L50, M|\n|poke|p1|Farigiraf, L50, F|\n|poke|p2|Excadrill, L50, M|\n|poke|p2|Tyranitar, L50, M|\n|poke|p2|Houndstone, L50, M|\n|poke|p2|Kilowattrel, L50, M|\n|poke|p2|Sylveon, L50, F|\n|poke|p2|Hydreigon, L50, M|\n|teampreview|4\n|showteam|p1|Calyrex-Shadow||CovertCloak|AsOneSpectrier|Protect,Psyshock,AstralBarrage,NastyPlot||||||50|,,,,,Water]Incineroar||SafetyGoggles|Intimidate|KnockOff,FakeOut,PartingShot,HelpingHand|||M|||50|,,,,,Ghost]Raging Bolt||BoosterEnergy|Protosynthesis|Thunderclap,Thunderbolt,DragonPulse,Protect||||||50|,,,,,Fairy]Urshifu-Rapid-Strike||FocusSash|UnseenFist|AquaJet,SurgingStrikes,Detect,CloseCombat|||M|||50|,,,,,Stellar]Rillaboom||AssaultVest|GrassySurge|Uturn,WoodHammer,GrassyGlide,FakeOut|||M|||50|,,,,,Fire]Farigiraf||ThroatSpray|ArmorTail|HyperVoice,Psychic,TrickRoom,Protect|||F|||50|,,,,,Grass\n|showteam|p2|Excadrill||ClearAmulet|SandRush|Earthquake,IronHead,StompingTantrum,Protect|||M|||50|,,,,,Ground]Tyranitar||Leftovers|SandStream|RockSlide,KnockOff,BreakingSwipe,Protect|||M|||50|,,,,,Flying]Houndstone||SpellTag|SandRush|LastRespects,PlayRough,AllySwitch,Protect|||M|||50|,,,,,Fairy]Kilowattrel||ExpertBelt|Competitive|WeatherBall,VoltSwitch,AirSlash,Protect|||M|||50|,,,,,Electric]Sylveon||ThroatSpray|Pixilate|HyperVoice,WeatherBall,Psyshock,Protect|||F|||50|,,,,,Water]Hydreigon||SafetyGoggles|Levitate|DracoMeteor,Snarl,EarthPower,Taunt|||M|||50|,,,,,Ghost\n|inactive|Battle timer is ON: inactive players will automatically lose when time's up. (requested by inakayal)\n|\n|t:|1746073151\n|start\n|switch|p1a: Urshifu|Urshifu-Rapid-Strike, L50, M|100/100\n|switch|p1b: Incineroar|Incineroar, L50, M|100/100\n|switch|p2a: pepepompas|Tyranitar, L50, M, shiny|100/100\n|switch|p2b: Excadrill|Excadrill, L50, M, shiny|100/100\n|-weather|Sandstorm|[from] ability: Sand Stream|[of] p2a: pepepompas\n|-ability|p1b: Incineroar|Intimidate|boost\n|-unboost|p2a: pepepompas|atk|1\n|-fail|p2b: Excadrill|unboost|[from] item: Clear Amulet|[of] p2b: Excadrill\n|turn|1\n|inactive|despacitoIsReal has 30 seconds left.\n|\n|t:|1746073177\n|-terastallize|p2a: pepepompas|Flying\n|move|p2b: Excadrill|Protect|p2b: Excadrill\n|-singleturn|p2b: Excadrill|Protect\n|move|p1b: Incineroar|Fake Out|p2b: Excadrill\n|-activate|p2b: Excadrill|move: Protect\n|move|p1a: Urshifu|Close Combat|p2a: pepepompas\n|-resisted|p2a: pepepompas\n|-damage|p2a: pepepompas|79/100\n|-unboost|p1a: Urshifu|def|1\n|-unboost|p1a: Urshifu|spd|1\n|move|p2a: pepepompas|Rock Slide|p1b: Incineroar|[spread] p1a,p1b\n|-resisted|p1a: Urshifu\n|-supereffective|p1b: Incineroar\n|-damage|p1a: Urshifu|88/100\n|-damage|p1b: Incineroar|73/100\n|\n|-weather|Sandstorm|[upkeep]\n|-damage|p1a: Urshifu|82/100|[from] Sandstorm\n|-damage|p2a: pepepompas|73/100|[from] Sandstorm\n|-heal|p2a: pepepompas|79/100|[from] item: Leftovers\n|upkeep\n|turn|2\n|inactive|despacitoIsReal has 30 seconds left.\n|\n|t:|1746073205\n|switch|p1b: Rillaboom|Rillaboom, L50, M|100/100\n|-fieldstart|move: Grassy Terrain|[from] ability: Grassy Surge|[of] p1b: Rillaboom\n|move|p1a: Urshifu|Detect|p1a: Urshifu\n|-singleturn|p1a: Urshifu|Protect\n|move|p2b: Excadrill|Earthquake|p1b: Rillaboom|[spread] p1b\n|-activate|p1a: Urshifu|move: Protect\n|-immune|p2a: pepepompas\n|-resisted|p1b: Rillaboom\n|-damage|p1b: Rillaboom|91/100\n|move|p2a: pepepompas|Knock Off|p1b: Rillaboom\n|-damage|p1b: Rillaboom|65/100\n|-enditem|p1b: Rillaboom|Assault Vest|[from] move: Knock Off|[of] p2a: pepepompas\n|\n|-weather|Sandstorm|[upkeep]\n|-damage|p1a: Urshifu|75/100|[from] Sandstorm\n|-damage|p1b: Rillaboom|59/100|[from] Sandstorm\n|-damage|p2a: pepepompas|73/100|[from] Sandstorm\n|-heal|p1a: Urshifu|82/100|[from] Grassy Terrain\n|-heal|p1b: Rillaboom|65/100|[from] Grassy Terrain\n|-heal|p2a: pepepompas|79/100|[from] item: Leftovers\n|upkeep\n|turn|3\n|inactive|despacitoIsReal has 30 seconds left.\n|inactive|despacitoIsReal has 20 seconds left.\n|\n|t:|1746073245\n|switch|p2a: Kilowattrel|Kilowattrel, L50, M, shiny|100/100\n|move|p1b: Rillaboom|Fake Out|p2a: Kilowattrel\n|-damage|p2a: Kilowattrel|77/100\n|move|p2b: Excadrill|Earthquake|p1b: Rillaboom|[spread] p1a,p1b\n|-immune|p2a: Kilowattrel\n|-resisted|p1b: Rillaboom\n|-damage|p1a: Urshifu|49/100\n|-damage|p1b: Rillaboom|56/100\n|move|p1a: Urshifu|Close Combat|p2b: Excadrill\n|-supereffective|p2b: Excadrill\n|-damage|p2b: Excadrill|0 fnt\n|-unboost|p1a: Urshifu|def|1\n|-unboost|p1a: Urshifu|spd|1\n|faint|p2b: Excadrill\n|\n|-weather|Sandstorm|[upkeep]\n|-damage|p2a: Kilowattrel|71/100|[from] Sandstorm\n|-damage|p1a: Urshifu|43/100|[from] Sandstorm\n|-damage|p1b: Rillaboom|50/100|[from] Sandstorm\n|-heal|p1a: Urshifu|49/100|[from] Grassy Terrain\n|-heal|p1b: Rillaboom|56/100|[from] Grassy Terrain\n|upkeep\n|\n|t:|1746073265\n|switch|p2b: Houndstone|Houndstone, L50, M|100/100\n|turn|4\n|\n|t:|1746073289\n|switch|p1b: Incineroar|Incineroar, L50, M|73/100\n|-ability|p1b: Incineroar|Intimidate|boost\n|-unboost|p2a: Kilowattrel|atk|1\n|-ability|p2a: Kilowattrel|Competitive|boost\n|-boost|p2a: Kilowattrel|spa|2\n|-unboost|p2b: Houndstone|atk|1\n|move|p1a: Urshifu|Detect|p1a: Urshifu\n|-singleturn|p1a: Urshifu|Protect\n|move|p2b: Houndstone|Last Respects|p1a: Urshifu\n|-activate|p1a: Urshifu|move: Protect\n|move|p2a: Kilowattrel|Air Slash|p1b: Incineroar\n|-damage|p1b: Incineroar|13/100\n|\n|-weather|Sandstorm|[upkeep]\n|-damage|p2a: Kilowattrel|65/100|[from] Sandstorm\n|-damage|p1a: Urshifu|43/100|[from] Sandstorm\n|-heal|p1a: Urshifu|49/100|[from] Grassy Terrain\n|-heal|p1b: Incineroar|19/100|[from] Grassy Terrain\n|upkeep\n|turn|5\n|inactive|inakayal has 30 seconds left.\n|inactive|despacitoIsReal has 30 seconds left.\n|inactive|despacitoIsReal has 20 seconds left.\n|inactive|despacitoIsReal has 15 seconds left.\n|\n|t:|1746073331\n|switch|p1a: Rillaboom|Rillaboom, L50, M|56/100\n|move|p1b: Incineroar|Fake Out|p2a: Kilowattrel\n|-damage|p2a: Kilowattrel|45/100\n|move|p2b: Houndstone|Last Respects|p1a: Rillaboom\n|-damage|p1a: Rillaboom|21/100\n|cant|p2a: Kilowattrel|flinch\n|\n|-weather|none\n|-heal|p1a: Rillaboom|27/100|[from] Grassy Terrain\n|-heal|p1b: Incineroar|25/100|[from] Grassy Terrain\n|upkeep\n|turn|6\n|\n|t:|1746073354\n|move|p2b: Houndstone|Protect|p2b: Houndstone\n|-singleturn|p2b: Houndstone|Protect\n|move|p1a: Rillaboom|Fake Out|p2a: Kilowattrel\n|-damage|p2a: Kilowattrel|20/100\n|cant|p2a: Kilowattrel|flinch\n|move|p1b: Incineroar|Knock Off|p2b: Houndstone\n|-activate|p2b: Houndstone|move: Protect\n|\n|-heal|p1a: Rillaboom|33/100|[from] Grassy Terrain\n|-heal|p1b: Incineroar|31/100|[from] Grassy Terrain\n|-fieldend|move: Grassy Terrain\n|upkeep\n|turn|7\n|inactive|inakayal has 30 seconds left.\n|\n|t:|1746073380\n|switch|p1a: Raging Bolt|Raging Bolt, L50|100/100\n|-enditem|p1a: Raging Bolt|Booster Energy\n|-activate|p1a: Raging Bolt|ability: Protosynthesis|[fromitem]\n|-start|p1a: Raging Bolt|protosynthesisspa\n|move|p2b: Houndstone|Ally Switch|p2b: Houndstone\n|swap|p2b: Houndstone|0|[from] move: Ally Switch\n|move|p2b: Kilowattrel|Volt Switch|p1b: Incineroar\n|-damage|p1b: Incineroar|0 fnt\n|faint|p1b: Incineroar\n|\n|t:|1746073390\n|switch|p2b: pepepompas|Tyranitar, L50, M, shiny, tera:Flying|79/100|[from] Volt Switch\n|-weather|Sandstorm|[from] ability: Sand Stream|[of] p2b: pepepompas\n|\n|-weather|Sandstorm|[upkeep]\n|-damage|p1a: Raging Bolt|94/100|[from] Sandstorm\n|-damage|p2b: pepepompas|73/100|[from] Sandstorm\n|-heal|p2b: pepepompas|79/100|[from] item: Leftovers\n|upkeep\n|\n|t:|1746073400\n|switch|p1b: Urshifu|Urshifu-Rapid-Strike, L50, M|49/100\n|turn|8\n|inactive|inakayal has 30 seconds left.\n|\n|t:|1746073426\n|move|p2b: pepepompas|Protect|p2b: pepepompas\n|-singleturn|p2b: pepepompas|Protect\n|move|p1a: Raging Bolt|Thunderclap||[still]\n|-fail|p1a: Raging Bolt\n|move|p2a: Houndstone|Play Rough|p1b: Urshifu\n|-supereffective|p1b: Urshifu\n|-damage|p1b: Urshifu|11/100\n|move|p1b: Urshifu|Surging Strikes|p2a: Houndstone\n|-crit|p2a: Houndstone\n|-damage|p2a: Houndstone|73/100\n|-crit|p2a: Houndstone\n|-damage|p2a: Houndstone|44/100\n|-crit|p2a: Houndstone\n|-damage|p2a: Houndstone|19/100\n|-hitcount|p2a: Houndstone|3\n|\n|-weather|Sandstorm|[upkeep]\n|-damage|p1b: Urshifu|5/100|[from] Sandstorm\n|-damage|p1a: Raging Bolt|88/100|[from] Sandstorm\n|-damage|p2b: pepepompas|73/100|[from] Sandstorm\n|-heal|p2b: pepepompas|79/100|[from] item: Leftovers\n|upkeep\n|turn|9\n|inactive|inakayal has 30 seconds left.\n|\n|t:|1746073453\n|move|p2a: Houndstone|Protect|p2a: Houndstone\n|-singleturn|p2a: Houndstone|Protect\n|move|p1b: Urshifu|Detect|p1b: Urshifu\n|-singleturn|p1b: Urshifu|Protect\n|move|p1a: Raging Bolt|Thunderbolt|p2b: pepepompas\n|-supereffective|p2b: pepepompas\n|-damage|p2b: pepepompas|0 fnt\n|faint|p2b: pepepompas\n|\n|-weather|Sandstorm|[upkeep]\n|-damage|p1b: Urshifu|0 fnt|[from] Sandstorm\n|-damage|p1a: Raging Bolt|82/100|[from] Sandstorm\n|faint|p1b: Urshifu\n|upkeep\n|\n|t:|1746073465\n|switch|p1b: Rillaboom|Rillaboom, L50, M|33/100\n|switch|p2b: Kilowattrel|Kilowattrel, L50, M, shiny|20/100\n|-fieldstart|move: Grassy Terrain|[from] ability: Grassy Surge|[of] p1b: Rillaboom\n|turn|10\n|\n|t:|1746073483\n|move|p1b: Rillaboom|Grassy Glide|p2a: Houndstone\n|-damage|p2a: Houndstone|0 fnt\n|faint|p2a: Houndstone\n|move|p1a: Raging Bolt|Thunderclap|p2b: Kilowattrel\n|-damage|p2b: Kilowattrel|0 fnt\n|faint|p2b: Kilowattrel\n|\n|win|inakayal\n|inactive|inakayal has 30 seconds to confirm battle start!\n|inactive|despacitoIsReal has 30 seconds to confirm battle start!\n||inakayal is ready for game 2.\n|inactive|despacitoIsReal has 20 seconds to confirm battle start!\n|inactive|despacitoIsReal has 10 seconds to confirm battle start!\n|inactive|despacitoIsReal has 0 seconds to confirm battle start!\n|uhtml|next|Next: <a href=\"/battle-gen9vgc2025regibo3-2354451021\"><strong>Game 2 of 3</strong></a>\n", "uploadtime": 1746073827, "views": 7, "formatid": "gen9vgc2025regibo3", "rating": null, "private": 0, "password": null}