{"id": "gen9vgc2025regibo3-2355099449", "format": "[Gen 9] VGC 2025 Reg I (Bo3)", "players": ["tomuocampo", "Cafepinguino"], "log": "|j|\u2606tomuocampo\n|j|\u2606Cafepinguino\n|html|<table width=\"100%\"><tr><td align=\"left\">tomuocampo</td><td align=\"right\">Cafepinguino</tr><tr><td align=\"left\"><i class=\"fa fa-circle-o\"></i> <i class=\"fa fa-circle-o\"></i> </td><td align=\"right\"><i class=\"fa fa-circle-o\"></i> <i class=\"fa fa-circle\"></i> </tr></table>\n|uhtml|bestof|<h2><strong>Game 2</strong> of <a href=\"/game-bestof3-gen9vgc2025regibo3-2355097707\">a best-of-3</a></h2>\n|t:|1746152385\n|gametype|doubles\n|player|p1|tomuocampo|fantina|\n|player|p2|Cafepinguino|morty|\n|teamsize|p1|6\n|teamsize|p2|6\n|gen|9\n|tier|[Gen 9] VGC 2025 Reg I (Bo3)\n|rule|Species Clause: Limit one of each Pok\u00e9mon\n|rule|Item Clause: Limit 1 of each item\n|clearpoke\n|poke|p1|Weezing-Galar, L50, F|\n|poke|p1|Slaking, L50, F|\n|poke|p1|Ho-Oh, L50|\n|poke|p1|Dialga-Origin, L50|\n|poke|p1|Kingambit, L50, M|\n|poke|p1|Maushold-Four, L50|\n|poke|p2|Miraidon, L50|\n|poke|p2|Rillaboom, L50, M|\n|poke|p2|Dondozo, L50, M|\n|poke|p2|Koraidon, L50|\n|poke|p2|Ursaluna, L50, M|\n|poke|p2|Lilligant-Hisui, L50, F|\n|teampreview|4\n|showteam|p1|Weezing-Galar||Leftovers|NeutralizingGas|ClearSmog,Protect,StrangeSteam,SludgeWave|||F|||50|,,,,,Flying]Slaking||LifeOrb|Truant|DrainPunch,Earthquake,BodyPress,SuckerPunch|||F|||50|,,,,,Fighting]Ho-Oh||AssaultVest|Regenerator|BraveBird,Earthquake,FlareBlitz,ZenHeadbutt||||||50|,,,,,Ground]Dialga-Origin||AdamantCrystal|Telepathy|FlashCannon,IceBeam,Thunderbolt,DracoMeteor||||||50|,,,,,Stellar]Kingambit||RockyHelmet|Defiant|KowtowCleave,SuckerPunch,SwordsDance,Protect|||M|||50|,,,,,Fairy]Maushold-Four||LoadedDice|FriendGuard|FollowMe,PopulationBomb,BulletSeed,Substitute||||||50|,,,,,Grass\n|showteam|p2|Miraidon||ChoiceScarf|HadronEngine|ElectroDrift,SolarBeam,DazzlingGleam,Protect||||||50|,,,,,Water]Rillaboom||ChoiceBand|GrassySurge|WoodHammer,HammerArm,KnockOff,Uturn|||M|||50|,,,,,Fighting]Dondozo||AguavBerry|Unaware|BodyPress,HeavySlam,Protect,Curse|||M|||50|,,,,,Ground]Koraidon||LifeOrb|OrichalcumPulse|FlareBlitz,BrickBreak,Protect,DragonClaw||||||50|,,,,,Fire]Ursaluna||FlameOrb|Guts|Facade,Earthquake,HammerArm,Protect|||M|||50|,,,,,Ghost]Lilligant-Hisui||WideLens|Chlorophyll|AfterYou,Coaching,TripleAxel,PetalBlizzard|||F|||50|,,,,,Electric\n|inactive|Battle timer is ON: inactive players will automatically lose when time's up. (requested by tomuocampo)\n|inactiveoff|Battle timer is now OFF.\n|\n|t:|1746152433\n|start\n|switch|p1a: Maushold|Maushold-Four, L50|100/100\n|switch|p1b: Kingambit|Kingambit, L50, M|100/100\n|switch|p2a: Dondozo|Dondozo, L50, M|100/100\n|switch|p2b: Miraidon|Miraidon, L50|100/100\n|-fieldstart|move: Electric Terrain|[from] ability: Hadron Engine|[of] p2b: Miraidon\n|turn|1\n|\n|t:|1746152457\n|move|p2b: Miraidon|Protect|p2b: Miraidon\n|-singleturn|p2b: Miraidon|Protect\n|move|p1a: Maushold|Substitute|p1a: Maushold\n|-start|p1a: Maushold|Substitute\n|-damage|p1a: Maushold|76/100\n|move|p1b: Kingambit|Swords Dance|p1b: Kingambit\n|-boost|p1b: Kingambit|atk|2\n|move|p2a: Dondozo|Curse|p2a: Dondozo\n|-unboost|p2a: Dondozo|spe|1\n|-boost|p2a: Dondozo|atk|1\n|-boost|p2a: Dondozo|def|1\n|\n|upkeep\n|turn|2\n|\n|t:|1746152484\n|move|p2b: Miraidon|Protect||[still]\n|-fail|p2b: Miraidon\n|move|p1a: Maushold|Bullet Seed|p2a: Dondozo\n|-supereffective|p2a: Dondozo\n|-damage|p2a: Dondozo|96/100\n|-supereffective|p2a: Dondozo\n|-damage|p2a: Dondozo|91/100\n|-supereffective|p2a: Dondozo\n|-damage|p2a: Dondozo|86/100\n|-supereffective|p2a: Dondozo\n|-damage|p2a: Dondozo|82/100\n|-supereffective|p2a: Dondozo\n|-damage|p2a: Dondozo|77/100\n|-hitcount|p2a: Dondozo|5\n|move|p1b: Kingambit|Kowtow Cleave|p2b: Miraidon\n|-damage|p2b: Miraidon|0 fnt\n|faint|p2b: Miraidon\n|move|p2a: Dondozo|Body Press|p1b: Kingambit\n|-supereffective|p1b: Kingambit\n|-damage|p1b: Kingambit|21/100\n|-damage|p2a: Dondozo|61/100|[from] item: Rocky Helmet|[of] p1b: Kingambit\n|\n|upkeep\n|\n|t:|1746152503\n|switch|p2b: Koraidon|Koraidon, L50|100/100\n|-weather|SunnyDay|[from] ability: Orichalcum Pulse|[of] p2b: Koraidon\n|-activate|p2b: Koraidon|Orichalcum Pulse|[source]\n|turn|3\n|\n|t:|1746152516\n|move|p2b: Koraidon|Protect|p2b: Koraidon\n|-singleturn|p2b: Koraidon|Protect\n|move|p1a: Maushold|Follow Me|p1a: Maushold\n|-singleturn|p1a: Maushold|move: Follow Me\n|move|p1b: Kingambit|Sucker Punch||[still]\n|-fail|p1b: Kingambit\n|move|p2a: Dondozo|Body Press|p1a: Maushold\n|-supereffective|p1a: Maushold\n|-end|p1a: Maushold|Substitute\n|\n|-weather|SunnyDay|[upkeep]\n|upkeep\n|turn|4\n|\n|t:|1746152538\n|move|p1b: Kingambit|Sucker Punch|p2b: Koraidon\n|-resisted|p2b: Koraidon\n|-damage|p2b: Koraidon|62/100\n|move|p2b: Koraidon|Flare Blitz|p1a: Maushold\n|-damage|p1a: Maushold|0 fnt\n|faint|p1a: Maushold\n|-damage|p2b: Koraidon|41/100|[from] Recoil\n|-damage|p2b: Koraidon|32/100|[from] item: Life Orb\n|move|p2a: Dondozo|Curse|p2a: Dondozo\n|-unboost|p2a: Dondozo|spe|1\n|-boost|p2a: Dondozo|atk|1\n|-boost|p2a: Dondozo|def|1\n|\n|-weather|SunnyDay|[upkeep]\n|upkeep\n|\n|t:|1746152550\n|switch|p1a: Ho-Oh|Ho-Oh, L50|100/100\n|turn|5\n|\n|t:|1746152567\n|-terastallize|p1a: Ho-Oh|Ground\n|move|p1b: Kingambit|Sucker Punch|p2b: Koraidon\n|-resisted|p2b: Koraidon\n|-damage|p2b: Koraidon|0 fnt\n|faint|p2b: Koraidon\n|move|p1a: Ho-Oh|Earthquake|p2a: Dondozo|[spread] p1b,p2a\n|-supereffective|p1b: Kingambit\n|-damage|p1b: Kingambit|0 fnt\n|-damage|p2a: Dondozo|51/100\n|faint|p1b: Kingambit\n|move|p2a: Dondozo|Body Press|p1a: Ho-Oh\n|-damage|p1a: Ho-Oh|54/100\n|\n|-weather|SunnyDay|[upkeep]\n|-fieldend|move: Electric Terrain\n|upkeep\n|\n|t:|1746152580\n|switch|p2b: Rillaboom|Rillaboom, L50, M|100/100\n|switch|p1b: Dialga|Dialga-Origin, L50|100/100\n|-fieldstart|move: Grassy Terrain|[from] ability: Grassy Surge|[of] p2b: Rillaboom\n|turn|6\n|\n|t:|1746152601\n|-terastallize|p2b: Rillaboom|Fighting\n|move|p1b: Dialga|Thunderbolt|p2a: Dondozo\n|-supereffective|p2a: Dondozo\n|-damage|p2a: Dondozo|0 fnt\n|faint|p2a: Dondozo\n|move|p1a: Ho-Oh|Brave Bird|p2b: Rillaboom\n|-supereffective|p2b: Rillaboom\n|-damage|p2b: Rillaboom|0 fnt\n|faint|p2b: Rillaboom\n|-damage|p1a: Ho-Oh|23/100|[from] Recoil\n|\n|win|tomuocampo\n|inactive|tomuocampo has 30 seconds to confirm battle start!\n|inactive|Cafepinguino has 30 seconds to confirm battle start!\n|l|\u2606Cafepinguino\n|player|p2|\n||Cafepinguino is ready for game 3.\n||tomuocampo is ready for game 3.\n|uhtml|next|Next: <a href=\"/battle-gen9vgc2025regibo3-2355101306\"><strong>Game 3 of 3</strong></a>\n|l|\u2606tomuocampo\n|player|p1|\n", "uploadtime": 1746152932, "views": 3, "formatid": "gen9vgc2025regibo3", "rating": null, "private": 0, "password": null}