{"id": "gen9vgc2025regibo3-2354301425", "format": "[Gen 9] VGC 2025 Reg I (Bo3)", "players": ["LittleYoshi0", "GeraucherterKase"], "log": "|j|\u2606LittleYoshi0\n|j|\u2606GeraucherterKase\n|html|<table width=\"100%\"><tr><td align=\"left\">LittleYoshi0</td><td align=\"right\">GeraucherterKase</tr><tr><td align=\"left\"><i class=\"fa fa-circle-o\"></i> <i class=\"fa fa-circle-o\"></i> </td><td align=\"right\"><i class=\"fa fa-circle-o\"></i> <i class=\"fa fa-circle-o\"></i> </tr></table>\n|uhtml|bestof|<h2><strong>Game 1</strong> of <a href=\"/game-bestof3-gen9vgc2025regibo3-2354301422\">a best-of-3</a></h2>\n|t:|1746054779\n|gametype|doubles\n|player|p1|LittleYoshi0|aaron|1000\n|player|p2|GeraucherterKase|unknownf|1078\n|teamsize|p1|6\n|teamsize|p2|6\n|gen|9\n|tier|[Gen 9] VGC 2025 Reg I (Bo3)\n|rated|\n|rule|Species Clause: Limit one of each Pok\u00e9mon\n|rule|Item Clause: Limit 1 of each item\n|clearpoke\n|poke|p1|Terapagos, L50, M|\n|poke|p1|Lugia, L50|\n|poke|p1|Comfey, L50, M|\n|poke|p1|Rillaboom, L50, F|\n|poke|p1|Amoonguss, L50, F|\n|poke|p1|Incineroar, L50, F|\n|poke|p2|Terapagos, L50, M|\n|poke|p2|Koraidon, L50|\n|poke|p2|Flutter Mane, L50|\n|poke|p2|Incineroar, L50, M|\n|poke|p2|Amoonguss, L50, F|\n|poke|p2|Ogerpon-Cornerstone, L50, F|\n|teampreview|4\n|showteam|p1|Terapagos||Leftovers|TeraShift|TeraStarstorm,EarthPower,CalmMind,Protect|||M|||50|,,,,,Stellar]Lugia||CovertCloak|Multiscale|Aeroblast,EarthPower,PsychUp,Protect||||||50|,,,,,Fairy]Comfey||SitrusBerry|Triage|FloralHealing,TrickRoom,DrainingKiss,Protect|||M|||50|,,,,,Water]Rillaboom||AssaultVest|GrassySurge|WoodHammer,GrassyGlide,FakeOut,Uturn|||F|||50|,,,,,Fire]Amoonguss||RockyHelmet|Regenerator|PollenPuff,Spore,RagePowder,Toxic|||F|||50|,,,,,Water]Incineroar||SafetyGoggles|Intimidate|KnockOff,PartingShot,WillOWisp,FakeOut|||F|||50|,,,,,Bug\n|showteam|p2|Terapagos||Leftovers|TeraShift|TeraStarstorm,Thunderbolt,CalmMind,Protect|||M|||50|,,,,,Stellar]Koraidon||LifeOrb|OrichalcumPulse|FlareBlitz,CloseCombat,FlameCharge,Protect||||||50|,,,,,Fire]Flutter Mane||FocusSash|Protosynthesis|Moonblast,ShadowBall,IcyWind,Protect||||||50|,,,,,Normal]Incineroar||AssaultVest|Intimidate|FlareBlitz,KnockOff,FakeOut,Uturn|||M|||50|,,,,,Bug]Amoonguss||MentalHerb|Regenerator|SludgeBomb,RagePowder,Spore,Protect|||F|||50|,,,,,Fire]Ogerpon-Cornerstone||CornerstoneMask|Sturdy|IvyCudgel,Uturn,FollowMe,SpikyShield|||F|||50|,,,,,Rock\n|inactive|Battle timer is ON: inactive players will automatically lose when time's up. (requested by GeraucherterKase)\n|inactive|GeraucherterKase has 60 seconds left.\n|inactive|GeraucherterKase has 30 seconds left.\n|inactive|GeraucherterKase has 20 seconds left.\n|\n|t:|1746054854\n|start\n|switch|p1a: Terapagos|Terapagos, L50, M|100/100\n|switch|p1b: Incineroar|Incineroar, L50, F|100/100\n|switch|p2a: sea-salt|Terapagos, L50, M|100/100\n|switch|p2b: TRANS RIGHTS|Amoonguss, L50, F|100/100\n|-activate|p2a: sea-salt|ability: Tera Shift\n|detailschange|p2a: sea-salt|Terapagos-Terastal, L50, M\n|-heal|p2a: sea-salt|100/100|[silent]\n|-activate|p1a: Terapagos|ability: Tera Shift\n|detailschange|p1a: Terapagos|Terapagos-Terastal, L50, M\n|-heal|p1a: Terapagos|100/100|[silent]\n|-ability|p1b: Incineroar|Intimidate|boost\n|-unboost|p2a: sea-salt|atk|1\n|-unboost|p2b: TRANS RIGHTS|atk|1\n|turn|1\n|\n|t:|1746054877\n|move|p1b: Incineroar|Fake Out|p2b: TRANS RIGHTS\n|-damage|p2b: TRANS RIGHTS|91/100\n|move|p2a: sea-salt|Calm Mind|p2a: sea-salt\n|-boost|p2a: sea-salt|spa|1\n|-boost|p2a: sea-salt|spd|1\n|move|p1a: Terapagos|Calm Mind|p1a: Terapagos\n|-boost|p1a: Terapagos|spa|1\n|-boost|p1a: Terapagos|spd|1\n|cant|p2b: TRANS RIGHTS|flinch\n|\n|upkeep\n|turn|2\n|inactive|LittleYoshi0 has 30 seconds left.\n|inactive|GeraucherterKase has 30 seconds left.\n|\n|t:|1746054906\n|move|p2a: sea-salt|Calm Mind|p2a: sea-salt\n|-boost|p2a: sea-salt|spa|1\n|-boost|p2a: sea-salt|spd|1\n|move|p1a: Terapagos|Calm Mind|p1a: Terapagos\n|-boost|p1a: Terapagos|spa|1\n|-boost|p1a: Terapagos|spd|1\n|move|p1b: Incineroar|Knock Off|p2b: TRANS RIGHTS\n|-damage|p2b: TRANS RIGHTS|60/100\n|-enditem|p2b: TRANS RIGHTS|Mental Herb|[from] move: Knock Off|[of] p1b: Incineroar\n|move|p2b: TRANS RIGHTS|Sludge Bomb|p1b: Incineroar\n|-crit|p1b: Incineroar\n|-damage|p1b: Incineroar|65/100\n|-status|p1b: Incineroar|psn\n|\n|-damage|p1b: Incineroar|52/100 psn|[from] psn\n|upkeep\n|turn|3\n|inactive|GeraucherterKase has 30 seconds left.\n|\n|t:|1746054931\n|switch|p2b: Vicky Jobs|Incineroar, L50, M|100/100\n|-ability|p2b: Vicky Jobs|Intimidate|boost\n|-unboost|p1a: Terapagos|atk|1\n|-unboost|p1b: Incineroar|atk|1\n|-terastallize|p1a: Terapagos|Stellar\n|detailschange|p1a: Terapagos|Terapagos-Stellar, L50, M, tera:Stellar\n|-heal|p1a: Terapagos|100/100|[silent]\n|move|p2a: sea-salt|Tera Starstorm|p1b: Incineroar\n|-damage|p1b: Incineroar|0 fnt\n|faint|p1b: Incineroar\n|move|p1a: Terapagos|Tera Starstorm|p2b: Vicky Jobs|[spread] p2a,p2b\n|-activate|p2a: sea-salt|ability: Tera Shell\n|-resisted|p2a: sea-salt\n|-damage|p2a: sea-salt|87/100\n|-damage|p2b: Vicky Jobs|61/100\n|\n|-heal|p2a: sea-salt|93/100|[from] item: Leftovers\n|upkeep\n|\n|t:|1746054947\n|switch|p1b: Lugia|Lugia, L50|100/100\n|turn|4\n|inactive|GeraucherterKase has 30 seconds left.\n|inactive|GeraucherterKase has 20 seconds left.\n|\n|t:|1746054987\n|switch|p2b: TRANS RIGHTS|Amoonguss, L50, F|93/100\n|-terastallize|p2a: sea-salt|Stellar\n|detailschange|p2a: sea-salt|Terapagos-Stellar, L50, M, tera:Stellar\n|-heal|p2a: sea-salt|95/100|[silent]\n|move|p1a: Terapagos|Protect|p1a: Terapagos\n|-singleturn|p1a: Terapagos|Protect\n|move|p1b: Lugia|Psych Up|p2a: sea-salt\n|-copyboost|p1b: Lugia|p2a: sea-salt|[from] move: Psych Up\n|move|p2a: sea-salt|Tera Starstorm|p1b: Lugia|[spread] p1b\n|-activate|p1a: Terapagos|move: Protect\n|-damage|p1b: Lugia|91/100\n|\n|-heal|p2a: sea-salt|100/100|[from] item: Leftovers\n|upkeep\n|turn|5\n|\n|t:|1746055006\n|move|p2b: TRANS RIGHTS|Rage Powder|p2b: TRANS RIGHTS\n|-singleturn|p2b: TRANS RIGHTS|move: Rage Powder\n|move|p1b: Lugia|Aeroblast|p2b: TRANS RIGHTS\n|-supereffective|p2b: TRANS RIGHTS\n|-damage|p2b: TRANS RIGHTS|0 fnt\n|faint|p2b: TRANS RIGHTS\n|move|p2a: sea-salt|Tera Starstorm|p1b: Lugia|[spread] p1a,p1b\n|-supereffective|p1a: Terapagos\n|-damage|p1a: Terapagos|58/100\n|-damage|p1b: Lugia|71/100\n|move|p1a: Terapagos|Tera Starstorm|p2a: sea-salt\n|-supereffective|p2a: sea-salt\n|-damage|p2a: sea-salt|41/100\n|\n|-heal|p2a: sea-salt|47/100|[from] item: Leftovers\n|-heal|p1a: Terapagos|65/100|[from] item: Leftovers\n|upkeep\n|\n|t:|1746055017\n|switch|p2b: Ana Keye|Koraidon, L50|100/100\n|-weather|SunnyDay|[from] ability: Orichalcum Pulse|[of] p2b: Ana Keye\n|-activate|p2b: Ana Keye|Orichalcum Pulse|[source]\n|turn|6\n|\n|t:|1746055027\n|move|p2b: Ana Keye|Protect|p2b: Ana Keye\n|-singleturn|p2b: Ana Keye|Protect\n|move|p1b: Lugia|Aeroblast|p2b: Ana Keye\n|-activate|p2b: Ana Keye|move: Protect\n|move|p2a: sea-salt|Tera Starstorm|p1b: Lugia|[spread] p1a,p1b\n|-supereffective|p1a: Terapagos\n|-damage|p1a: Terapagos|27/100\n|-damage|p1b: Lugia|52/100\n|move|p1a: Terapagos|Tera Starstorm|p2a: sea-salt|[spread] p2a\n|-activate|p2b: Ana Keye|move: Protect\n|-supereffective|p2a: sea-salt\n|-damage|p2a: sea-salt|6/100\n|\n|-weather|SunnyDay|[upkeep]\n|-heal|p2a: sea-salt|12/100|[from] item: Leftovers\n|-heal|p1a: Terapagos|33/100|[from] item: Leftovers\n|upkeep\n|turn|7\n|\n|t:|1746055046\n|move|p1a: Terapagos|Protect|p1a: Terapagos\n|-singleturn|p1a: Terapagos|Protect\n|move|p2b: Ana Keye|Flare Blitz|p1b: Lugia\n|-damage|p1b: Lugia|0 fnt\n|faint|p1b: Lugia\n|-damage|p2b: Ana Keye|80/100|[from] Recoil\n|-damage|p2b: Ana Keye|70/100|[from] item: Life Orb\n|move|p2a: sea-salt|Tera Starstorm|p1a: Terapagos\n|-activate|p1a: Terapagos|move: Protect\n|\n|-weather|SunnyDay|[upkeep]\n|-heal|p2a: sea-salt|18/100|[from] item: Leftovers\n|-heal|p1a: Terapagos|39/100|[from] item: Leftovers\n|upkeep\n|\n|t:|1746055059\n|switch|p1b: Rillaboom|Rillaboom, L50, F|100/100\n|-fieldstart|move: Grassy Terrain|[from] ability: Grassy Surge|[of] p1b: Rillaboom\n|turn|8\n|\n|t:|1746055082\n|move|p1b: Rillaboom|Grassy Glide|p2a: sea-salt\n|-damage|p2a: sea-salt|0 fnt\n|faint|p2a: sea-salt\n|move|p2b: Ana Keye|Close Combat|p1a: Terapagos\n|-supereffective|p1a: Terapagos\n|-crit|p1a: Terapagos\n|-damage|p1a: Terapagos|0 fnt\n|-unboost|p2b: Ana Keye|def|1\n|-unboost|p2b: Ana Keye|spd|1\n|faint|p1a: Terapagos\n|-damage|p2b: Ana Keye|61/100|[from] item: Life Orb\n|\n|-weather|SunnyDay|[upkeep]\n|-heal|p2b: Ana Keye|67/100|[from] Grassy Terrain\n|upkeep\n|\n|t:|1746055084\n|switch|p2a: Vicky Jobs|Incineroar, L50, M|61/100\n|-ability|p2a: Vicky Jobs|Intimidate|boost\n|-unboost|p1b: Rillaboom|atk|1\n|turn|9\n|\n|t:|1746055101\n|move|p2a: Vicky Jobs|Fake Out|p1b: Rillaboom\n|-damage|p1b: Rillaboom|90/100\n|move|p2b: Ana Keye|Flare Blitz|p1b: Rillaboom\n|-supereffective|p1b: Rillaboom\n|-damage|p1b: Rillaboom|0 fnt\n|faint|p1b: Rillaboom\n|-damage|p2b: Ana Keye|32/100|[from] Recoil\n|-damage|p2b: Ana Keye|23/100|[from] item: Life Orb\n|\n|win|GeraucherterKase\n||LittleYoshi0 is ready for game 2.\n||GeraucherterKase is ready for game 2.\n|uhtml|next|Next: <a href=\"/battle-gen9vgc2025regibo3-2354304226\"><strong>Game 2 of 3</strong></a>\n|l|\u2606LittleYoshi0\n|player|p1|\n", "uploadtime": 1746055500, "views": 6, "formatid": "gen9vgc2025regibo3", "rating": null, "private": 0, "password": null}