{"id": "gen9vgc2025regibo3-2353850107", "format": "[Gen 9] VGC 2025 Reg I (Bo3)", "players": ["krypton100", "spyr0technic"], "log": "|j|\u2606krypton100\n|j|\u2606spyr0technic\n|html|<table width=\"100%\"><tr><td align=\"left\">krypton100</td><td align=\"right\">spyr0technic</tr><tr><td align=\"left\"><i class=\"fa fa-circle-o\"></i> <i class=\"fa fa-circle-o\"></i> </td><td align=\"right\"><i class=\"fa fa-circle-o\"></i> <i class=\"fa fa-circle-o\"></i> </tr></table>\n|uhtml|bestof|<h2><strong>Game 1</strong> of <a href=\"/game-bestof3-gen9vgc2025regibo3-2353850106\">a best-of-3</a></h2>\n|t:|1746010097\n|gametype|doubles\n|player|p1|krypton100|169|1088\n|player|p2|spyr0technic|supernerd|1169\n|teamsize|p1|6\n|teamsize|p2|6\n|gen|9\n|tier|[Gen 9] VGC 2025 Reg I (Bo3)\n|rated|\n|rule|Species Clause: Limit one of each Pok\u00e9mon\n|rule|Item Clause: Limit 1 of each item\n|clearpoke\n|poke|p1|Ogerpon-Cornerstone, L50, F|\n|poke|p1|Zacian-*, L50|\n|poke|p1|Kyogre, L50|\n|poke|p1|Amoonguss, L50, M|\n|poke|p1|Urshifu-*, L50, F|\n|poke|p1|Tornadus, L50, M|\n|poke|p2|Miraidon, L50|\n|poke|p2|Okidogi, L50, M|\n|poke|p2|Zacian-*, L50|\n|poke|p2|Iron Valiant, L50|\n|poke|p2|Walking Wake, L50|\n|poke|p2|Whimsicott, L50, F|\n|teampreview|4\n|showteam|p1|Ogerpon-Cornerstone||CornerstoneMask|Sturdy|IvyCudgel,FollowMe,SpikyShield,HelpingHand|||F|||50|,,,,,Rock]Zacian-Crowned||RustedSword|IntrepidSword|PlayRough,behemothblade,Protect,QuickAttack||||||50|,,,,,Normal]Kyogre||MysticWater|Drizzle|OriginPulse,IceBeam,WaterSpout,Protect||||||50|,,,,,Grass]Amoonguss||RockyHelmet|Regenerator|Spore,RagePowder,PollenPuff,Protect|||M|||50|,,,,,Water]Urshifu-Rapid-Strike||ChoiceScarf|UnseenFist|SurgingStrikes,CloseCombat,Uturn,RainDance|||F|||50|,,,,,Water]Tornadus||CovertCloak|Prankster|BleakwindStorm,Tailwind,Taunt,RainDance|||M|||50|,,,,,Ground\n|showteam|p2|Miraidon||ChoiceSpecs|HadronEngine|DazzlingGleam,DracoMeteor,ElectroDrift,VoltSwitch||||||50|,,,,,Fairy]Okidogi||AssaultVest|GuardDog|UpperHand,DrainPunch,GunkShot,KnockOff|||M|||50|,,,,,Dark]Zacian-Crowned||RustedSword|IntrepidSword|behemothblade,PlayRough,SacredSword,Protect||||||50|,,,,,Water]Iron Valiant||FocusSash|QuarkDrive|AuraSphere,Moonblast,WideGuard,Taunt||||||50|,,,,,Ghost]Walking Wake||BoosterEnergy|Protosynthesis|DracoMeteor,HydroSteam,Flamethrower,Protect||||||50|,,,,,Fire]Whimsicott||CovertCloak|Prankster|Tailwind,FakeTears,Moonblast,Encore|||F|||50|,,,,,Dark\n|inactive|Battle timer is ON: inactive players will automatically lose when time's up. (requested by spyr0technic)\n|inactive|krypton100 has 60 seconds left.\n|inactive|spyr0technic has 60 seconds left.\n|inactive|spyr0technic has 30 seconds left.\n|inactive|spyr0technic has 20 seconds left.\n|\n|t:|1746010169\n|start\n|switch|p1a: Vientin|Tornadus, L50, M|100/100\n|switch|p1b: Zacian|Zacian-Crowned, L50|100/100\n|switch|p2a: Whimsicott|Whimsicott, L50, F|100/100\n|switch|p2b: Miraidon|Miraidon, L50|100/100\n|-ability|p1b: Zacian|Intrepid Sword|boost\n|-boost|p1b: Zacian|atk|1\n|-fieldstart|move: Electric Terrain|[from] ability: Hadron Engine|[of] p2b: Miraidon\n|turn|1\n|inactive|krypton100 has 30 seconds left.\n|inactive|krypton100 has 20 seconds left.\n|\n|t:|1746010204\n|move|p1a: Vientin|Taunt|p2a: Whimsicott\n|-start|p2a: Whimsicott|move: Taunt\n|cant|p2a: Whimsicott|move: Taunt|Tailwind\n|move|p1b: Zacian|Play Rough|p2b: Miraidon\n|-supereffective|p2b: Miraidon\n|-damage|p2b: Miraidon|0 fnt\n|faint|p2b: Miraidon\n|\n|upkeep\n|\n|t:|1746010221\n|switch|p2b: Zacian|Zacian-Crowned, L50|100/100\n|-ability|p2b: Zacian|Intrepid Sword|boost\n|-boost|p2b: Zacian|atk|1\n|turn|2\n|\n|t:|1746010232\n|switch|p2a: Iron Valiant|Iron Valiant, L50|100/100\n|-activate|p2a: Iron Valiant|ability: Quark Drive\n|-start|p2a: Iron Valiant|quarkdrivespe\n|-terastallize|p2b: Zacian|Water\n|move|p1a: Vientin|Tailwind|p1a: Vientin\n|-sidestart|p1: krypton100|move: Tailwind\n|move|p1b: Zacian|Behemoth Blade|p2b: Zacian\n|-resisted|p2b: Zacian\n|-damage|p2b: Zacian|60/100\n|move|p2b: Zacian|Behemoth Blade|p1b: Zacian\n|-damage|p1b: Zacian|33/100\n|\n|upkeep\n|turn|3\n|inactive|spyr0technic has 30 seconds left.\n|\n|t:|1746010258\n|move|p2a: Iron Valiant|Wide Guard|p2a: Iron Valiant\n|-singleturn|p2a: Iron Valiant|Wide Guard\n|move|p1b: Zacian|Behemoth Blade|p2a: Iron Valiant\n|-supereffective|p2a: Iron Valiant\n|-enditem|p2a: Iron Valiant|Focus Sash\n|-damage|p2a: Iron Valiant|1/100\n|move|p1a: Vientin|Bleakwind Storm|p2a: Iron Valiant|[spread] \n|-activate|p2a: Iron Valiant|move: Wide Guard\n|-activate|p2b: Zacian|move: Wide Guard\n|move|p2b: Zacian|Behemoth Blade|p1b: Zacian\n|-damage|p1b: Zacian|0 fnt\n|faint|p1b: Zacian\n|\n|upkeep\n|\n|t:|1746010277\n|switch|p1b: 1000caras|Ogerpon-Cornerstone, L50, F|100/100\n|turn|4\n|\n|t:|1746010292\n|move|p1b: 1000caras|Spiky Shield|p1b: 1000caras\n|-singleturn|p1b: 1000caras|move: Protect\n|move|p2a: Iron Valiant|Wide Guard|p2a: Iron Valiant\n|-singleturn|p2a: Iron Valiant|Wide Guard\n|move|p1a: Vientin|Bleakwind Storm|p2b: Zacian|[spread] \n|-activate|p2a: Iron Valiant|move: Wide Guard\n|-activate|p2b: Zacian|move: Wide Guard\n|move|p2b: Zacian|Behemoth Blade|p1a: Vientin\n|-damage|p1a: Vientin|0 fnt\n|faint|p1a: Vientin\n|\n|upkeep\n|\n|t:|1746010304\n|switch|p1a: Pececillo|Kyogre, L50|100/100\n|-weather|RainDance|[from] ability: Drizzle|[of] p1a: Pececillo\n|turn|5\n|\n|t:|1746010324\n|move|p1b: 1000caras|Helping Hand|p1a: Pececillo\n|-singleturn|p1a: Pececillo|Helping Hand|[of] p1b: 1000caras\n|move|p2b: Zacian|Protect|p2b: Zacian\n|-singleturn|p2b: Zacian|Protect\n|move|p2a: Iron Valiant|Wide Guard|p2a: Iron Valiant\n|-singleturn|p2a: Iron Valiant|Wide Guard\n|move|p1a: Pececillo|Origin Pulse|p2a: Iron Valiant|[spread] \n|-activate|p2a: Iron Valiant|move: Wide Guard\n|-activate|p2b: Zacian|move: Wide Guard\n|\n|-weather|RainDance|[upkeep]\n|-sideend|p1: krypton100|move: Tailwind\n|-fieldend|move: Electric Terrain\n|-end|p2a: Iron Valiant|Quark Drive\n|upkeep\n|turn|6\n|\n|t:|1746010349\n|move|p1a: Pececillo|Protect|p1a: Pececillo\n|-singleturn|p1a: Pececillo|Protect\n|move|p2a: Iron Valiant|Wide Guard|p2a: Iron Valiant\n|-singleturn|p2a: Iron Valiant|Wide Guard\n|move|p2b: Zacian|Sacred Sword|p1b: 1000caras\n|-supereffective|p1b: 1000caras\n|-ability|p1b: 1000caras|Sturdy\n|-damage|p1b: 1000caras|1/100\n|move|p1b: 1000caras|Ivy Cudgel|p2a: Iron Valiant|[anim] Ivy Cudgel Rock\n|-resisted|p2a: Iron Valiant\n|-damage|p2a: Iron Valiant|0 fnt\n|faint|p2a: Iron Valiant\n|-end|p2a: Iron Valiant|Quark Drive|[silent]\n|\n|-weather|RainDance|[upkeep]\n|upkeep\n|\n|t:|1746010356\n|switch|p2a: Whimsicott|Whimsicott, L50, F|100/100\n|turn|7\n|\n|t:|1746010378\n|move|p2b: Zacian|Protect|p2b: Zacian\n|-singleturn|p2b: Zacian|Protect\n|move|p1b: 1000caras|Spiky Shield|p1b: 1000caras\n|-singleturn|p1b: 1000caras|move: Protect\n|move|p2a: Whimsicott|Moonblast|p1b: 1000caras\n|-activate|p1b: 1000caras|move: Protect\n|move|p1a: Pececillo|Origin Pulse|p2a: Whimsicott|[spread] p2a\n|-activate|p2b: Zacian|move: Protect\n|-resisted|p2a: Whimsicott\n|-damage|p2a: Whimsicott|37/100\n|\n|-weather|RainDance|[upkeep]\n|upkeep\n|turn|8\n|\n|t:|1746010393\n|move|p1b: 1000caras|Helping Hand|p1a: Pececillo\n|-singleturn|p1a: Pececillo|Helping Hand|[of] p1b: 1000caras\n|move|p2a: Whimsicott|Encore|p1b: 1000caras\n|-start|p1b: 1000caras|Encore\n|move|p2b: Zacian|Play Rough|p1a: Pececillo\n|-damage|p1a: Pececillo|35/100\n|move|p1a: Pececillo|Origin Pulse|p2b: Zacian|[spread] p2b\n|-miss|p1a: Pececillo|p2a: Whimsicott\n|-resisted|p2b: Zacian\n|-damage|p2b: Zacian|4/100\n|\n|-weather|RainDance|[upkeep]\n|upkeep\n|turn|9\n|inactive|krypton100 has 30 seconds left.\n|\n|t:|1746010428\n|move|p1b: 1000caras|Helping Hand|p1a: Pececillo\n|-singleturn|p1a: Pececillo|Helping Hand|[of] p1b: 1000caras\n|move|p2b: Zacian|Sacred Sword|p1a: Pececillo\n|-damage|p1a: Pececillo|0 fnt\n|faint|p1a: Pececillo\n|move|p2a: Whimsicott|Moonblast|p1b: 1000caras\n|-damage|p1b: 1000caras|0 fnt\n|faint|p1b: 1000caras\n|\n|win|spyr0technic\n||spyr0technic is ready for game 2.\n|inactive|krypton100 has 30 seconds to confirm battle start!\n|l|\u2606krypton100\n|player|p1|\n||krypton100 is ready for game 2.\n|uhtml|next|Next: <a href=\"/battle-gen9vgc2025regibo3-2353852471\"><strong>Game 2 of 3</strong></a>\n|l|\u2606spyr0technic\n|player|p2|\n", "uploadtime": 1746010827, "views": 6, "formatid": "gen9vgc2025regibo3", "rating": null, "private": 0, "password": null}