{"id": "gen9vgc2025regibo3-2353641888", "format": "[Gen 9] VGC 2025 Reg I (Bo3)", "players": ["Karissel", "TREY_NJVGC"], "log": "|j|\u2606Karissel\n|j|\u2606TREY_NJVGC\n|html|<table width=\"100%\"><tr><td align=\"left\">Karissel</td><td align=\"right\">TREY_NJVGC</tr><tr><td align=\"left\"><i class=\"fa fa-circle-o\"></i> <i class=\"fa fa-circle-o\"></i> </td><td align=\"right\"><i class=\"fa fa-circle-o\"></i> <i class=\"fa fa-circle\"></i> </tr></table>\n|uhtml|bestof|<h2><strong>Game 2</strong> of <a href=\"/game-bestof3-gen9vgc2025regibo3-2353639063\">a best-of-3</a></h2>\n|t:|1745978003\n|gametype|doubles\n|player|p1|Karissel|unknownf|1115\n|player|p2|TREY_NJVGC|ninjaboy-gen3|1139\n|teamsize|p1|6\n|teamsize|p2|6\n|gen|9\n|tier|[Gen 9] VGC 2025 Reg I (Bo3)\n|rated|\n|rule|Species Clause: Limit one of each Pok\u00e9mon\n|rule|Item Clause: Limit 1 of each item\n|clearpoke\n|poke|p1|Calyrex-Shadow, L50|\n|poke|p1|Koraidon, L50|\n|poke|p1|Araquanid, L50, F|\n|poke|p1|Raging Bolt, L50|\n|poke|p1|Incineroar, L50, M|\n|poke|p1|Weezing-Galar, L50, M|\n|poke|p2|Calyrex-Shadow, L50|\n|poke|p2|Miraidon, L50|\n|poke|p2|Incineroar, L50, F|\n|poke|p2|Iron Hands, L50|\n|poke|p2|Whimsicott, L50, F|\n|poke|p2|Urshifu-*, L50, M|\n|teampreview|4\n|showteam|p1|Calyrex-Shadow||FocusSash|AsOneSpectrier|AstralBarrage,Protect,Encore,Psychic||||||50|,,,,,Ghost]Koraidon||LifeOrb|OrichalcumPulse|CloseCombat,FlareBlitz,Protect,FlameCharge||||||50|,,,,,Fire]Araquanid||Leftovers|WaterBubble|Liquidation,Infestation,WideGuard,Protect|||F|||50|,,,,,Grass]Raging Bolt||AssaultVest|Protosynthesis|Thunderbolt,Thunderclap,Snarl,DracoMeteor||||||50|,,,,,Electric]Incineroar||SafetyGoggles|Intimidate|KnockOff,FakeOut,PartingShot,FlareBlitz|||M|||50|,,,,,Bug]Weezing-Galar||RockyHelmet|NeutralizingGas|StrangeSteam,WillOWisp,Taunt,Protect|||M|||50|,,,,,Ghost\n|showteam|p2|Calyrex-Shadow||LifeOrb|AsOneSpectrier|AstralBarrage,Psychic,NastyPlot,Protect||||||50|,,,,,Dark]Miraidon||ChoiceSpecs|HadronEngine|VoltSwitch,ElectroDrift,DazzlingGleam,DragonPulse||||||50|,,,,,Ghost]Incineroar||RockyHelmet|Intimidate|KnockOff,PartingShot,FakeOut,HelpingHand|||F|||50|,,,,,Bug]Iron Hands||AssaultVest|QuarkDrive|DrainPunch,WildCharge,FakeOut,LowKick||||||50|,,,,,Water]Whimsicott||FocusSash|Prankster|Protect,Tailwind,Moonblast,Encore|||F|||50|,,,,,Ghost]Urshifu-Rapid-Strike||MysticWater|UnseenFist|SurgingStrikes,CloseCombat,AquaJet,Detect|||M|||50|,,,,,Stellar\n|c|\u2606TREY_NJVGC|pls wait rq, if not its fine you can take the w\n|inactive|Battle timer is ON: inactive players will automatically lose when time's up. (requested by Karissel)\n|inactive|TREY_NJVGC has 60 seconds left.\n|c|\u2606TREY_NJVGC|back ty\n|inactive|TREY_NJVGC has 30 seconds left.\n|inactive|TREY_NJVGC has 20 seconds left.\n|inactiveoff|Battle timer is now OFF.\n|\n|t:|1745978125\n|start\n|switch|p1a: Koraidon|Koraidon, L50|100/100\n|switch|p1b: Araquanid|Araquanid, L50, F, shiny|100/100\n|switch|p2a: Calyrex|Calyrex-Shadow, L50|100/100\n|switch|p2b: Incineroar|Incineroar, L50, F|100/100\n|-ability|p2a: Calyrex|As One\n|-ability|p2a: Calyrex|Unnerve\n|-weather|SunnyDay|[from] ability: Orichalcum Pulse|[of] p1a: Koraidon\n|-activate|p1a: Koraidon|Orichalcum Pulse|[source]\n|-ability|p2b: Incineroar|Intimidate|boost\n|-unboost|p1a: Koraidon|atk|1\n|-unboost|p1b: Araquanid|atk|1\n|turn|1\n|l|\u2606Karissel\n|player|p1|\n|j|\u2606Karissel\n|player|p1|Karissel|unknownf|\n|\n|t:|1745978172\n|move|p1a: Koraidon|Protect|p1a: Koraidon\n|-singleturn|p1a: Koraidon|Protect\n|move|p2b: Incineroar|Fake Out|p1a: Koraidon\n|-activate|p1a: Koraidon|move: Protect\n|move|p2a: Calyrex|Psychic|p1a: Koraidon\n|-activate|p1a: Koraidon|move: Protect\n|move|p1b: Araquanid|Infestation|p2a: Calyrex\n|-damage|p2a: Calyrex|96/100\n|-activate|p2a: Calyrex|move: Infestation|[of] p1b: Araquanid\n|\n|-weather|SunnyDay|[upkeep]\n|-damage|p2a: Calyrex|84/100|[from] move: Infestation|[partiallytrapped]\n|upkeep\n|turn|2\n|\n|t:|1745978198\n|-terastallize|p1a: Koraidon|Fire\n|move|p2a: Calyrex|Protect|p2a: Calyrex\n|-singleturn|p2a: Calyrex|Protect\n|move|p1a: Koraidon|Close Combat|p2b: Incineroar\n|-supereffective|p2b: Incineroar\n|-crit|p2b: Incineroar\n|-damage|p2b: Incineroar|0 fnt\n|-unboost|p1a: Koraidon|def|1\n|-unboost|p1a: Koraidon|spd|1\n|-damage|p1a: Koraidon|84/100|[from] item: Rocky Helmet|[of] p2b: Incineroar\n|faint|p2b: Incineroar\n|-damage|p1a: Koraidon|74/100|[from] item: Life Orb\n|move|p1b: Araquanid|Liquidation|p2a: Calyrex\n|-activate|p2a: Calyrex|move: Protect\n|\n|-weather|SunnyDay|[upkeep]\n|-damage|p2a: Calyrex|71/100|[from] move: Infestation|[partiallytrapped]\n|upkeep\n|\n|t:|1745978211\n|switch|p2b: Miraidon|Miraidon, L50|100/100\n|-fieldstart|move: Electric Terrain|[from] ability: Hadron Engine|[of] p2b: Miraidon\n|turn|3\n|\n|t:|1745978228\n|switch|p1a: Raging Bolt|Raging Bolt, L50|100/100\n|-activate|p1a: Raging Bolt|ability: Protosynthesis\n|-start|p1a: Raging Bolt|protosynthesisspa\n|move|p1b: Araquanid|Protect|p1b: Araquanid\n|-singleturn|p1b: Araquanid|Protect\n|move|p2a: Calyrex|Psychic|p1b: Araquanid\n|-activate|p1b: Araquanid|move: Protect\n|move|p2b: Miraidon|Volt Switch|p1b: Araquanid\n|-activate|p1b: Araquanid|move: Protect\n|\n|-weather|SunnyDay|[upkeep]\n|-damage|p2a: Calyrex|59/100|[from] move: Infestation|[partiallytrapped]\n|upkeep\n|turn|4\n|\n|t:|1745978272\n|switch|p1b: Calyrex|Calyrex-Shadow, L50|100/100\n|-ability|p1b: Calyrex|As One\n|-ability|p1b: Calyrex|Unnerve\n|move|p2a: Calyrex|Nasty Plot|p2a: Calyrex\n|-boost|p2a: Calyrex|spa|2\n|move|p2b: Miraidon|Volt Switch|p1b: Calyrex\n|-damage|p1b: Calyrex|6/100\n|\n|t:|1745978283\n|switch|p2b: Iron Hands|Iron Hands, L50|100/100|[from] Volt Switch\n|-activate|p2b: Iron Hands|ability: Quark Drive\n|-start|p2b: Iron Hands|quarkdriveatk\n|move|p1a: Raging Bolt|Draco Meteor|p2b: Iron Hands\n|-damage|p2b: Iron Hands|56/100\n|-unboost|p1a: Raging Bolt|spa|2\n|\n|-weather|SunnyDay|[upkeep]\n|-end|p2a: Calyrex|Infestation|[partiallytrapped]|[silent]\n|upkeep\n|turn|5\n|\n|t:|1745978310\n|-end|p1a: Raging Bolt|Protosynthesis|[silent]\n|switch|p1a: Araquanid|Araquanid, L50, F, shiny|100/100\n|-terastallize|p2a: Calyrex|Dark\n|move|p2b: Iron Hands|Fake Out|p1a: Araquanid\n|-damage|p1a: Araquanid|77/100\n|move|p2a: Calyrex|Astral Barrage|p1a: Araquanid|[spread] p1a,p1b\n|-supereffective|p1b: Calyrex\n|-damage|p1a: Araquanid|0 fnt\n|-damage|p1b: Calyrex|0 fnt\n|faint|p1a: Araquanid\n|faint|p1b: Calyrex\n|-ability|p2a: Calyrex|Grim Neigh|boost\n|-boost|p2a: Calyrex|spa|2\n|-damage|p2a: Calyrex|50/100|[from] item: Life Orb\n|\n|-weather|none\n|upkeep\n|\n|t:|1745978319\n|switch|p1b: Raging Bolt|Raging Bolt, L50|100/100\n|switch|p1a: Koraidon|Koraidon, L50, tera:Fire|74/100\n|-weather|SunnyDay|[from] ability: Orichalcum Pulse|[of] p1a: Koraidon\n|-activate|p1b: Raging Bolt|ability: Protosynthesis\n|-start|p1b: Raging Bolt|protosynthesisspa\n|-activate|p1a: Koraidon|Orichalcum Pulse|[source]\n|turn|6\n|\n|t:|1745978340\n|move|p2a: Calyrex|Protect|p2a: Calyrex\n|-singleturn|p2a: Calyrex|Protect\n|move|p1a: Koraidon|Flame Charge|p2b: Iron Hands\n|-damage|p2b: Iron Hands|0 fnt\n|-boost|p1a: Koraidon|spe|1\n|faint|p2b: Iron Hands\n|-end|p2b: Iron Hands|Quark Drive|[silent]\n|-damage|p1a: Koraidon|64/100|[from] item: Life Orb\n|move|p1b: Raging Bolt|Snarl|p2a: Calyrex\n|-activate|p2a: Calyrex|move: Protect\n|\n|-weather|SunnyDay|[upkeep]\n|upkeep\n|\n|t:|1745978350\n|switch|p2b: Miraidon|Miraidon, L50|100/100\n|-activate|p2b: Miraidon|ability: Hadron Engine\n|turn|7\n|\n|t:|1745978365\n|move|p1b: Raging Bolt|Thunderclap|p2a: Calyrex\n|-damage|p2a: Calyrex|0 fnt\n|faint|p2a: Calyrex\n|move|p1a: Koraidon|Close Combat|p2b: Miraidon\n|-damage|p2b: Miraidon|0 fnt\n|-unboost|p1a: Koraidon|def|1\n|-unboost|p1a: Koraidon|spd|1\n|faint|p2b: Miraidon\n|-damage|p1a: Koraidon|55/100|[from] item: Life Orb\n|\n|win|Karissel\n||TREY_NJVGC is ready for game 3.\n||Karissel is ready for game 3.\n|uhtml|next|Next: <a href=\"/battle-gen9vgc2025regibo3-2353644962\"><strong>Game 3 of 3</strong></a>\n", "uploadtime": 1745978770, "views": 12, "formatid": "gen9vgc2025regibo3", "rating": null, "private": 0, "password": null}