{"id": "gen9vgc2025regibo3-2354337263", "format": "[Gen 9] VGC 2025 Reg I (Bo3)", "players": ["sinistesting", "black urshifu stan"], "log": "|j|\u2606sinistesting\n|j|\u2606black urshifu stan\n|html|<table width=\"100%\"><tr><td align=\"left\">sinistesting</td><td align=\"right\">black urshifu stan</tr><tr><td align=\"left\"><i class=\"fa fa-circle\"></i> <i class=\"fa fa-circle-o\"></i> </td><td align=\"right\"><i class=\"fa fa-circle-o\"></i> <i class=\"fa fa-circle\"></i> </tr></table>\n|uhtml|bestof|<h2><strong>Game 3</strong> of <a href=\"/game-bestof3-gen9vgc2025regibo3-2354333260\">a best-of-3</a></h2>\n|t:|1746058997\n|gametype|doubles\n|player|p1|sinistesting|caitlin|1473\n|player|p2|black urshifu stan|pokefan-gen4|1392\n|teamsize|p1|6\n|teamsize|p2|6\n|gen|9\n|tier|[Gen 9] VGC 2025 Reg I (Bo3)\n|rated|\n|rule|Species Clause: Limit one of each Pok\u00e9mon\n|rule|Item Clause: Limit 1 of each item\n|clearpoke\n|poke|p1|Miraidon, L50|\n|poke|p1|Lunala, L50|\n|poke|p1|Incineroar, L50, M|\n|poke|p1|Ursaluna, L50, M|\n|poke|p1|Farigiraf, L50, F|\n|poke|p1|Ogerpon-Hearthflame, L50, F|\n|poke|p2|Calyrex-Ice, L50|\n|poke|p2|Miraidon, L50|\n|poke|p2|Incineroar, L50, M|\n|poke|p2|Farigiraf, L50, F|\n|poke|p2|Urshifu-*, L50, F|\n|poke|p2|Iron Hands, L50|\n|teampreview|4\n|showteam|p1|Miraidon||ChoiceSpecs|HadronEngine|ElectroDrift,VoltSwitch,DracoMeteor,DazzlingGleam||||||50|,,,,,Fairy]Lunala||Leftovers|ShadowShield|MoongeistBeam,Moonblast,TrickRoom,WideGuard||||||50|,,,,,Fairy]Incineroar||RockyHelmet|Intimidate|FakeOut,FlareBlitz,KnockOff,Uturn|||M|||50|,,,,,Ghost]Ursaluna||FlameOrb|Guts|Facade,HeadlongRush,Earthquake,Protect|||M|||50|,,,,,Ghost]Farigiraf||ElectricSeed|ArmorTail|Psychic,Roar,TrickRoom,HelpingHand|||F|||50|,,,,,Water]Ogerpon-Hearthflame||HearthflameMask|MoldBreaker|IvyCudgel,FocusEnergy,FollowMe,SpikyShield|||F|||50|,,,,,Fire\n|showteam|p2|Calyrex-Ice||ClearAmulet|AsOneGlastrier|GlacialLance,HighHorsepower,TrickRoom,Protect||||||50|,,,,,Water]Miraidon||ChoiceSpecs|HadronEngine|VoltSwitch,ElectroDrift,DracoMeteor,DazzlingGleam||||||50|,,,,,Fairy]Incineroar||CovertCloak|Intimidate|FakeOut,KnockOff,WillOWisp,PartingShot|||M|||50|,,,,,Fairy]Farigiraf||ElectricSeed|ArmorTail|FoulPlay,PsychicNoise,TrickRoom,HelpingHand|||F|||50|,,,,,Dark]Urshifu-Rapid-Strike||ChoiceScarf|UnseenFist|SurgingStrikes,CloseCombat,Uturn,AquaJet|||F|||50|,,,,,Water]Iron Hands||AssaultVest|QuarkDrive|FakeOut,DrainPunch,LowKick,WildCharge||||||50|,,,,,Water\n|inactive|Battle timer is ON: inactive players will automatically lose when time's up. (requested by sinistesting)\n|inactive|black urshifu stan also wants the timer to be on.\n|inactive|black urshifu stan has 60 seconds left.\n|\n|t:|1746059048\n|start\n|switch|p1a: Lunala|Lunala, L50|100/100\n|switch|p1b: Incineroar|Incineroar, L50, M|100/100\n|switch|p2a: Miraidon|Miraidon, L50|100/100\n|switch|p2b: Iron Hands|Iron Hands, L50|100/100\n|-fieldstart|move: Electric Terrain|[from] ability: Hadron Engine|[of] p2a: Miraidon\n|-activate|p2b: Iron Hands|ability: Quark Drive\n|-start|p2b: Iron Hands|quarkdriveatk\n|-ability|p1b: Incineroar|Intimidate|boost\n|-unboost|p2a: Miraidon|atk|1\n|-unboost|p2b: Iron Hands|atk|1\n|turn|1\n|inactive|sinistesting has 30 seconds left.\n|inactive|sinistesting has 20 seconds left.\n|\n|t:|1746059083\n|switch|p1a: Ursaluna|Ursaluna, L50, M|100/100\n|move|p2a: Miraidon|Volt Switch|p1a: Ursaluna\n|-immune|p1a: Ursaluna\n|move|p1b: Incineroar|U-turn|p2b: Iron Hands\n|-resisted|p2b: Iron Hands\n|-damage|p2b: Iron Hands|95/100\n|\n|t:|1746059093\n|switch|p1b: Lunala|Lunala, L50|100/100|[from] U-turn\n|move|p2b: Iron Hands|Wild Charge|p1a: Ursaluna\n|-immune|p1a: Ursaluna\n|\n|-status|p1a: Ursaluna|brn|[from] item: Flame Orb\n|upkeep\n|turn|2\n|inactive|sinistesting has 30 seconds left.\n|inactive|sinistesting has 20 seconds left.\n|\n|t:|1746059128\n|-terastallize|p1a: Ursaluna|Ghost\n|move|p1b: Lunala|Wide Guard|p1b: Lunala\n|-singleturn|p1b: Lunala|Wide Guard\n|move|p2a: Miraidon|Volt Switch|p1b: Lunala\n|-damage|p1b: Lunala|72/100\n|\n|t:|1746059138\n|switch|p2a: Incineroar|Incineroar, L50, M, shiny|100/100|[from] Volt Switch\n|-ability|p2a: Incineroar|Intimidate|boost\n|-unboost|p1a: Ursaluna|atk|1\n|-unboost|p1b: Lunala|atk|1\n|move|p2b: Iron Hands|Wild Charge|p1b: Lunala\n|-damage|p1b: Lunala|18/100\n|-damage|p2b: Iron Hands|81/100|[from] Recoil\n|move|p1a: Ursaluna|Earthquake|p2a: Incineroar|[spread] p2a,p2b\n|-activate|p1b: Lunala|move: Wide Guard\n|-supereffective|p2a: Incineroar\n|-supereffective|p2b: Iron Hands\n|-damage|p2a: Incineroar|40/100\n|-damage|p2b: Iron Hands|15/100\n|\n|-heal|p1b: Lunala|24/100|[from] item: Leftovers\n|-damage|p1a: Ursaluna|95/100 brn|[from] brn\n|upkeep\n|turn|3\n|inactive|black urshifu stan has 30 seconds left.\n|inactive|black urshifu stan has 20 seconds left.\n|inactive|black urshifu stan has 15 seconds left.\n|\n|t:|1746059180\n|switch|p1b: Incineroar|Incineroar, L50, M|100/100\n|-ability|p1b: Incineroar|Intimidate|boost\n|-unboost|p2a: Incineroar|atk|1\n|-unboost|p2b: Iron Hands|atk|1\n|move|p1a: Ursaluna|Protect|p1a: Ursaluna\n|-singleturn|p1a: Ursaluna|Protect\n|move|p2a: Incineroar|Parting Shot|p1a: Ursaluna\n|-activate|p1a: Ursaluna|move: Protect\n|move|p2b: Iron Hands|Wild Charge|p1b: Incineroar\n|-damage|p1b: Incineroar|63/100\n|-damage|p2b: Iron Hands|0 fnt|[from] item: Rocky Helmet|[of] p1b: Incineroar\n|faint|p2b: Iron Hands\n|-end|p2b: Iron Hands|Quark Drive|[silent]\n|\n|-damage|p1a: Ursaluna|89/100 brn|[from] brn\n|upkeep\n|\n|t:|1746059193\n|switch|p2b: Calyrex|Calyrex-Ice, L50|100/100\n|-ability|p2b: Calyrex|As One\n|-ability|p2b: Calyrex|Unnerve\n|turn|4\n|\n|t:|1746059211\n|move|p1b: Incineroar|Fake Out|p2b: Calyrex\n|-damage|p2b: Calyrex|94/100\n|move|p2a: Incineroar|Parting Shot|p1a: Ursaluna\n|-unboost|p1a: Ursaluna|atk|1\n|-unboost|p1a: Ursaluna|spa|1\n|\n|t:|1746059217\n|switch|p2a: Miraidon|Miraidon, L50|100/100|[from] Parting Shot\n|-activate|p2a: Miraidon|ability: Hadron Engine\n|cant|p2b: Calyrex|flinch\n|move|p1a: Ursaluna|Headlong Rush|p2a: Miraidon\n|-supereffective|p2a: Miraidon\n|-crit|p2a: Miraidon\n|-damage|p2a: Miraidon|0 fnt\n|-unboost|p1a: Ursaluna|def|1\n|-unboost|p1a: Ursaluna|spd|1\n|faint|p2a: Miraidon\n|\n|-damage|p1a: Ursaluna|83/100 brn|[from] brn\n|upkeep\n|\n|t:|1746059226\n|switch|p2a: Incineroar|Incineroar, L50, M, shiny|40/100\n|-ability|p2a: Incineroar|Intimidate|boost\n|-unboost|p1a: Ursaluna|atk|1\n|-unboost|p1b: Incineroar|atk|1\n|turn|5\n|c|\u2606sinistesting|aw damn\n|c|\u2606sinistesting|bad crit\n|\n|t:|1746059236\n|switch|p1a: Lunala|Lunala, L50|24/100\n|-terastallize|p2b: Calyrex|Water\n|move|p2a: Incineroar|Knock Off|p1a: Lunala\n|-supereffective|p1a: Lunala\n|-damage|p1a: Lunala|0 fnt\n|-enditem|p1a: Lunala|Leftovers|[from] move: Knock Off|[of] p2a: Incineroar\n|faint|p1a: Lunala\n|move|p2b: Calyrex|High Horsepower|p1b: Incineroar\n|-supereffective|p1b: Incineroar\n|-damage|p1b: Incineroar|0 fnt\n|-damage|p2b: Calyrex|77/100|[from] item: Rocky Helmet|[of] p1b: Incineroar\n|faint|p1b: Incineroar\n|-ability|p2b: Calyrex|Chilling Neigh|boost\n|-boost|p2b: Calyrex|atk|1\n|\n|-fieldend|move: Electric Terrain\n|upkeep\n|\n|t:|1746059247\n|switch|p1a: Miraidon|Miraidon, L50|100/100\n|switch|p1b: Ursaluna|Ursaluna, L50, M, tera:Ghost|83/100 brn\n|-fieldstart|move: Electric Terrain|[from] ability: Hadron Engine|[of] p1a: Miraidon\n|turn|6\n|\n|t:|1746059259\n|move|p1a: Miraidon|Electro Drift|p2b: Calyrex\n|-supereffective|p2b: Calyrex\n|-damage|p2b: Calyrex|0 fnt\n|faint|p2b: Calyrex\n|move|p2a: Incineroar|Knock Off|p1b: Ursaluna\n|-supereffective|p1b: Ursaluna\n|-damage|p1b: Ursaluna|20/100 brn\n|-enditem|p1b: Ursaluna|Flame Orb|[from] move: Knock Off|[of] p2a: Incineroar\n|move|p1b: Ursaluna|Facade|p2a: Incineroar\n|-damage|p2a: Incineroar|0 fnt\n|faint|p2a: Incineroar\n|\n|win|sinistesting\n|raw|sinistesting's rating: 1473 &rarr; <strong>1488</strong><br />(+15 for winning)\n|raw|black urshifu stan's rating: 1392 &rarr; <strong>1377</strong><br />(-15 for losing)\n|c|\u2606sinistesting|ggs\n|l|\u2606black urshifu stan\n|player|p2|\n|l|\u2606sinistesting\n|player|p1|\n", "uploadtime": 1746059617, "views": 7, "formatid": "gen9vgc2025regibo3", "rating": 1377, "private": 0, "password": null}