{"id": "gen9vgc2025regibo3-2354570323", "format": "[Gen 9] VGC 2025 Reg I (Bo3)", "players": ["Markusvgc", "Iniflow"], "log": "|j|\u2606Markusvgc\n|j|\u2606Iniflow\n|html|<table width=\"100%\"><tr><td align=\"left\">Markusvgc</td><td align=\"right\">Iniflow</tr><tr><td align=\"left\"><i class=\"fa fa-circle\"></i> <i class=\"fa fa-circle-o\"></i> </td><td align=\"right\"><i class=\"fa fa-circle-o\"></i> <i class=\"fa fa-circle\"></i> </tr></table>\n|uhtml|bestof|<h2><strong>Game 3</strong> of <a href=\"/game-bestof3-gen9vgc2025regibo3-2354566293\">a best-of-3</a></h2>\n|t:|1746096317\n|gametype|doubles\n|player|p1|Markusvgc|101|1110\n|player|p2|Iniflow|2|1144\n|teamsize|p1|6\n|teamsize|p2|6\n|gen|9\n|tier|[Gen 9] VGC 2025 Reg I (Bo3)\n|rated|\n|rule|Species Clause: Limit one of each Pok\u00e9mon\n|rule|Item Clause: Limit 1 of each item\n|clearpoke\n|poke|p1|Kyogre, L50|\n|poke|p1|Zacian-*, L50|\n|poke|p1|Urshifu-*, L50, M|\n|poke|p1|Tornadus, L50, M|\n|poke|p1|Chien-Pao, L50|\n|poke|p1|Ogerpon, L50, F|\n|poke|p2|Zamazenta-*, L50|\n|poke|p2|Miraidon, L50|\n|poke|p2|Landorus-Therian, L50, M|\n|poke|p2|Grimmsnarl, L50, M|\n|poke|p2|Ogerpon-Hearthflame, L50, F|\n|poke|p2|Urshifu-*, L50, F|\n|teampreview|4\n|showteam|p1|Kyogre||ChoiceScarf|Drizzle|WaterSpout,HydroPump,Thunder,IceBeam||||||50|,,,,,Grass]Zacian-Crowned||RustedSword|IntrepidSword|PlayRough,behemothblade,SacredSword,Protect||||||50|,,,,,Stellar]Urshifu-Rapid-Strike||FocusSash|UnseenFist|CloseCombat,AquaJet,SurgingStrikes,Protect|||M|||50|,,,,,Water]Tornadus||CovertCloak|Prankster|BleakwindStorm,Tailwind,RainDance,Taunt|||M|||50|,,,,,Dark]Chien-Pao||LifeOrb|SwordofRuin|SuckerPunch,IceShard,IceSpinner,Protect||||||50|,,,,,Fire]Ogerpon||ScopeLens|Defiant|IvyCudgel,KnockOff,FollowMe,SpikyShield|||F|||50|,,,,,Grass\n|showteam|p2|Zamazenta-Crowned||RustedShield|DauntlessShield|behemothbash,BodyPress,IronDefense,WideGuard||||||50|,,,,,Grass]Miraidon||CovertCloak|HadronEngine|ElectroDrift,DazzlingGleam,VoltSwitch,Protect||||||50|,,,,,Fairy]Landorus-Therian||ChoiceScarf|Intimidate|StompingTantrum,Earthquake,RockSlide,Uturn|||M|||50|,,,,,Poison]Grimmsnarl||LightClay|Prankster|Reflect,LightScreen,SpiritBreak,Assurance|||M|||50|,,,,,Dark]Ogerpon-Hearthflame||HearthflameMask|MoldBreaker|IvyCudgel,WoodHammer,FollowMe,SpikyShield|||F|||50|,,,,,Fire]Urshifu-Rapid-Strike||MysticWater|UnseenFist|SurgingStrikes,CloseCombat,AquaJet,Detect|||F|||50|,,,,,Water\n|inactive|Battle timer is ON: inactive players will automatically lose when time's up. (requested by Iniflow)\n|inactive|Markusvgc has 60 seconds left.\n|inactive|Iniflow has 60 seconds left.\n|\n|t:|1746096357\n|start\n|switch|p1a: Tornadus|Tornadus, L50, M|100/100\n|switch|p1b: Urshifu|Urshifu-Rapid-Strike, L50, M|100/100\n|switch|p2a: Grimmsnarl|Grimmsnarl, L50, M|100/100\n|switch|p2b: Urshifu|Urshifu-Rapid-Strike, L50, F|100/100\n|turn|1\n|inactive|Markusvgc has 30 seconds left.\n|inactive|Markusvgc has 20 seconds left.\n|inactive|Markusvgc has 15 seconds left.\n|inactive|Iniflow has 30 seconds left.\n|inactive|Markusvgc has 10 seconds left.\n|inactive|Markusvgc has 5 seconds left.\n|\n|t:|1746096407\n|switch|p2a: Miraidon|Miraidon, L50|100/100\n|-fieldstart|move: Electric Terrain|[from] ability: Hadron Engine|[of] p2a: Miraidon\n|-terastallize|p1b: Urshifu|Water\n|move|p1a: Tornadus|Rain Dance|p1a: Tornadus\n|-weather|RainDance\n|move|p1b: Urshifu|Surging Strikes|p2a: Miraidon\n|-resisted|p2a: Miraidon\n|-crit|p2a: Miraidon\n|-damage|p2a: Miraidon|80/100\n|-resisted|p2a: Miraidon\n|-crit|p2a: Miraidon\n|-damage|p2a: Miraidon|56/100\n|-resisted|p2a: Miraidon\n|-crit|p2a: Miraidon\n|-damage|p2a: Miraidon|35/100\n|-hitcount|p2a: Miraidon|3\n|move|p2b: Urshifu|Surging Strikes|p1b: Urshifu\n|-resisted|p1b: Urshifu\n|-crit|p1b: Urshifu\n|-damage|p1b: Urshifu|82/100\n|-resisted|p1b: Urshifu\n|-crit|p1b: Urshifu\n|-damage|p1b: Urshifu|65/100\n|-resisted|p1b: Urshifu\n|-crit|p1b: Urshifu\n|-damage|p1b: Urshifu|46/100\n|-hitcount|p1b: Urshifu|3\n|\n|-weather|RainDance|[upkeep]\n|upkeep\n|turn|2\n|inactive|Markusvgc has 30 seconds left.\n|inactive|Iniflow has 30 seconds left.\n|inactive|Markusvgc has 20 seconds left.\n|inactive|Markusvgc has 15 seconds left.\n|\n|t:|1746096447\n|move|p1a: Tornadus|Tailwind|p1a: Tornadus\n|-sidestart|p1: Markusvgc|move: Tailwind\n|move|p1b: Urshifu|Surging Strikes|p2a: Miraidon\n|-resisted|p2a: Miraidon\n|-crit|p2a: Miraidon\n|-damage|p2a: Miraidon|12/100\n|-resisted|p2a: Miraidon\n|-crit|p2a: Miraidon\n|-damage|p2a: Miraidon|0 fnt\n|faint|p2a: Miraidon\n|-hitcount|p2: Miraidon|2\n|move|p2b: Urshifu|Surging Strikes|p1b: Urshifu\n|-resisted|p1b: Urshifu\n|-crit|p1b: Urshifu\n|-damage|p1b: Urshifu|26/100\n|-resisted|p1b: Urshifu\n|-crit|p1b: Urshifu\n|-damage|p1b: Urshifu|6/100\n|-resisted|p1b: Urshifu\n|-crit|p1b: Urshifu\n|-damage|p1b: Urshifu|0 fnt\n|faint|p1b: Urshifu\n|-hitcount|p1: Urshifu|3\n|\n|-weather|RainDance|[upkeep]\n|upkeep\n|\n|t:|1746096470\n|switch|p2a: Grimmsnarl|Grimmsnarl, L50, M|100/100\n|switch|p1b: Zacian|Zacian-Crowned, L50, shiny|100/100\n|-ability|p1b: Zacian|Intrepid Sword|boost\n|-boost|p1b: Zacian|atk|1\n|turn|3\n|\n|t:|1746096486\n|-terastallize|p2b: Urshifu|Water\n|move|p2a: Grimmsnarl|Reflect|p2a: Grimmsnarl\n|-sidestart|p2: Iniflow|Reflect\n|move|p1b: Zacian|Play Rough|p2b: Urshifu\n|-damage|p2b: Urshifu|55/100\n|-unboost|p2b: Urshifu|atk|1\n|move|p1a: Tornadus|Bleakwind Storm|p2b: Urshifu|[spread] p2a,p2b\n|-damage|p2a: Grimmsnarl|71/100\n|-damage|p2b: Urshifu|13/100\n|-unboost|p2b: Urshifu|spe|1\n|move|p2b: Urshifu|Surging Strikes|p1b: Zacian\n|-crit|p1b: Zacian\n|-damage|p1b: Zacian|58/100\n|-crit|p1b: Zacian\n|-damage|p1b: Zacian|12/100\n|-crit|p1b: Zacian\n|-damage|p1b: Zacian|0 fnt\n|faint|p1b: Zacian\n|-hitcount|p1: Zacian|3\n|\n|-weather|RainDance|[upkeep]\n|upkeep\n|\n|t:|1746096507\n|switch|p1b: Kyogre|Kyogre, L50|100/100\n|turn|4\n|inactive|Iniflow has 30 seconds left.\n|l|\u2606Markusvgc\n|inactive|Markusvgc disconnected and has a minute to reconnect!\n|player|p1|\n|j|\u2606Markusvgc\n|inactive|Markusvgc reconnected.\n|player|p1|Markusvgc|101|\n|\n|t:|1746096540\n|move|p2b: Urshifu|Aqua Jet|p1b: Kyogre\n|-resisted|p1b: Kyogre\n|-damage|p1b: Kyogre|81/100\n|move|p2a: Grimmsnarl|Light Screen|p2a: Grimmsnarl\n|-sidestart|p2: Iniflow|move: Light Screen\n|move|p1b: Kyogre|Hydro Pump|p2a: Grimmsnarl|[miss]\n|-miss|p1b: Kyogre|p2a: Grimmsnarl\n|move|p1a: Tornadus|Bleakwind Storm|p2a: Grimmsnarl|[spread] p2a,p2b\n|-damage|p2a: Grimmsnarl|50/100\n|-damage|p2b: Urshifu|0 fnt\n|-unboost|p2a: Grimmsnarl|spe|1\n|faint|p2b: Urshifu\n|\n|-weather|RainDance|[upkeep]\n|upkeep\n|\n|t:|1746096549\n|switch|p2b: Zamazenta|Zamazenta-Crowned, L50|100/100\n|-ability|p2b: Zamazenta|Dauntless Shield|boost\n|-boost|p2b: Zamazenta|def|1\n|turn|5\n|\n|t:|1746096568\n|move|p1b: Kyogre|Hydro Pump|p2b: Zamazenta\n|-damage|p2b: Zamazenta|59/100\n|move|p1a: Tornadus|Bleakwind Storm|p2a: Grimmsnarl|[spread] p2a,p2b\n|-damage|p2a: Grimmsnarl|31/100\n|-damage|p2b: Zamazenta|46/100\n|-unboost|p2a: Grimmsnarl|spe|1\n|-unboost|p2b: Zamazenta|spe|1\n|move|p2b: Zamazenta|Body Press|p1b: Kyogre\n|-damage|p1b: Kyogre|18/100\n|move|p2a: Grimmsnarl|Spirit Break|p1b: Kyogre\n|-damage|p1b: Kyogre|0 fnt\n|faint|p1b: Kyogre\n|\n|-weather|none\n|-sideend|p1: Markusvgc|move: Tailwind\n|-fieldend|move: Electric Terrain\n|upkeep\n|turn|6\n|\n|t:|1746096591\n|move|p1a: Tornadus|Bleakwind Storm|p2b: Zamazenta|[spread] p2b\n|-miss|p1a: Tornadus|p2a: Grimmsnarl\n|-damage|p2b: Zamazenta|31/100\n|move|p2b: Zamazenta|Behemoth Bash|p1a: Tornadus\n|-damage|p1a: Tornadus|52/100\n|move|p2a: Grimmsnarl|Spirit Break|p1a: Tornadus\n|-damage|p1a: Tornadus|11/100\n|\n|upkeep\n|turn|7\n|inactive|Markusvgc has 30 seconds left.\n|inactive|Markusvgc has 20 seconds left.\n|inactive|Markusvgc has 15 seconds left.\n|inactive|Markusvgc has 10 seconds left.\n|l|\u2606Markusvgc\n|inactive|Markusvgc disconnected and has a minute to reconnect!\n|player|p1|\n|inactive|Markusvgc has 5 seconds left.\n|-message|Markusvgc lost due to inactivity.\n|\n|win|Iniflow\n|raw|Markusvgc's rating: 1110 &rarr; <strong>1087</strong><br />(-23 for losing)\n|raw|Iniflow's rating: 1144 &rarr; <strong>1167</strong><br />(+23 for winning)\n", "uploadtime": 1746096718, "views": 14, "formatid": "gen9vgc2025regibo3", "rating": 1087, "private": 0, "password": null}