{"id": "gen9vgc2025regibo3-2355105508", "format": "[Gen 9] VGC 2025 Reg I (Bo3)", "players": ["zzzaap", "G00bermeister69420"], "log": "|j|\u2606zzzaap\n|j|\u2606G00bermeister69420\n|html|<table width=\"100%\"><tr><td align=\"left\">zzzaap</td><td align=\"right\">G00bermeister69420</tr><tr><td align=\"left\"><i class=\"fa fa-circle-o\"></i> <i class=\"fa fa-circle-o\"></i> </td><td align=\"right\"><i class=\"fa fa-circle-o\"></i> <i class=\"fa fa-circle-o\"></i> </tr></table>\n|uhtml|bestof|<h2><strong>Game 1</strong> of <a href=\"/game-bestof3-gen9vgc2025regibo3-2355105507\">a best-of-3</a></h2>\n|t:|1746153153\n|gametype|doubles\n|player|p1|zzzaap|sailor|1135\n|player|p2|G00bermeister69420|hiker-gen4|1114\n|teamsize|p1|6\n|teamsize|p2|5\n|gen|9\n|tier|[Gen 9] VGC 2025 Reg I (Bo3)\n|rated|\n|rule|Species Clause: Limit one of each Pok\u00e9mon\n|rule|Item Clause: Limit 1 of each item\n|clearpoke\n|poke|p1|Landorus, L50, M|\n|poke|p1|Terapagos, L50, M|\n|poke|p1|Ogerpon-Hearthflame, L50, F|\n|poke|p1|Calyrex-Shadow, L50|\n|poke|p1|Rillaboom, L50, F|\n|poke|p1|Incineroar, L50, F|\n|poke|p2|Rampardos, L50, M|\n|poke|p2|Crabominable, L50, F|\n|poke|p2|Cresselia, L50, F|\n|poke|p2|Necrozma-Dusk-Mane, L50|\n|poke|p2|Farigiraf, L50, M|\n|teampreview|4\n|showteam|p1|Landorus||ChoiceScarf|SheerForce|EarthPower,SludgeBomb,SandsearStorm,Uturn|||M|||50|,,,,,Poison]Terapagos||LifeOrb|TeraShift|TeraStarstorm,DazzlingGleam,EarthPower,Protect|||M|||50|,,,,,Stellar]Ogerpon-Hearthflame||HearthflameMask|MoldBreaker|FollowMe,SpikyShield,IvyCudgel,StompingTantrum|||F|||50|,,,,,Fire]Calyrex-Shadow||GrassySeed|AsOneSpectrier|GigaDrain,AstralBarrage,Protect,Encore||||||50|,,,,,Grass]Rillaboom||AssaultVest|GrassySurge|FakeOut,WoodHammer,GrassyGlide,Uturn|||F|||50|,,,,,Fire]Incineroar||SafetyGoggles|Intimidate|FakeOut,FlareBlitz,KnockOff,PartingShot|||F|||50|,,,,,Ghost\n|showteam|p2|Rampardos||PowerLens|SheerForce|StoneEdge,RockSlide,Protect,FocusEnergy|||M|||50|,,,,,Rock]Crabominable||ClearAmulet|HyperCutter|IceHammer,CloseCombat,BrickBreak,Protect|||F|||50|,,,,,Fighting]Cresselia|||Levitate|TrickRoom,Gravity,LunarBlessing,HelpingHand|||F|||50|,,,,,Normal]Necrozma-Dusk-Mane||IronBall|PrismArmor|SunsteelStrike,PhotonGeyser,TrickRoom,Fling||||||50|,,,,,Normal]Farigiraf||ThroatSpray|ArmorTail|TrickRoom,Protect,Gravity,HyperVoice|||M|||50|,,,,,Water\n|\n|t:|1746153219\n|start\n|switch|p1a: Landorus|Landorus, L50, M|100/100\n|switch|p1b: Calyrex|Calyrex-Shadow, L50|100/100\n|switch|p2a: Calyrex dih rider|Farigiraf, L50, M|100/100\n|switch|p2b: Necrozma|Necrozma-Dusk-Mane, L50|100/100\n|-ability|p1b: Calyrex|As One\n|-ability|p1b: Calyrex|Unnerve\n|turn|1\n|\n|t:|1746153271\n|-terastallize|p1b: Calyrex|Grass\n|move|p1a: Landorus|Earth Power|p2a: Calyrex dih rider\n|-damage|p2a: Calyrex dih rider|49/100\n|move|p1b: Calyrex|Giga Drain|p2a: Calyrex dih rider\n|-damage|p2a: Calyrex dih rider|4/100\n|move|p2b: Necrozma|Fling|p1b: Calyrex\n|-damage|p1b: Calyrex|39/100\n|-enditem|p2b: Necrozma|Iron Ball|[from] move: Fling\n|move|p2a: Calyrex dih rider|Trick Room|p2a: Calyrex dih rider\n|-fieldstart|move: Trick Room|[of] p2a: Calyrex dih rider\n|\n|upkeep\n|turn|2\n|\n|t:|1746153296\n|switch|p1a: Incineroar|Incineroar, L50, F|100/100\n|-ability|p1a: Incineroar|Intimidate|boost\n|-unboost|p2a: Calyrex dih rider|atk|1\n|-unboost|p2b: Necrozma|atk|1\n|move|p1b: Calyrex|Protect|p1b: Calyrex\n|-singleturn|p1b: Calyrex|Protect\n|move|p2a: Calyrex dih rider|Gravity|p2a: Calyrex dih rider\n|-fieldstart|move: Gravity\n|move|p2b: Necrozma|Photon Geyser|p1b: Calyrex\n|-activate|p1b: Calyrex|move: Protect\n|\n|upkeep\n|turn|3\n|\n|t:|1746153320\n|switch|p1b: Terapagos|Terapagos, L50, M|100/100\n|-activate|p1b: Terapagos|ability: Tera Shift\n|detailschange|p1b: Terapagos|Terapagos-Terastal, L50, M\n|-heal|p1b: Terapagos|100/100|[silent]\n|move|p2a: Calyrex dih rider|Hyper Voice|p1b: Terapagos|[spread] p1a,p1b\n|-crit|p1a: Incineroar\n|-activate|p1b: Terapagos|ability: Tera Shell\n|-resisted|p1b: Terapagos\n|-damage|p1a: Incineroar|46/100\n|-damage|p1b: Terapagos|86/100\n|-enditem|p2a: Calyrex dih rider|Throat Spray\n|-boost|p2a: Calyrex dih rider|spa|1|[from] item: Throat Spray\n|move|p2b: Necrozma|Photon Geyser|p1b: Terapagos\n|-damage|p1b: Terapagos|53/100\n|move|p1a: Incineroar|Knock Off|p2a: Calyrex dih rider\n|-supereffective|p2a: Calyrex dih rider\n|-damage|p2a: Calyrex dih rider|0 fnt\n|faint|p2a: Calyrex dih rider\n|\n|upkeep\n|\n|t:|1746153323\n|switch|p2a: Ginshakaklook|Rampardos, L50, M|100/100\n|turn|4\n|\n|t:|1746153363\n|-terastallize|p2a: Ginshakaklook|Rock\n|move|p2a: Ginshakaklook|Rock Slide|p1a: Incineroar|[spread] p1a,p1b\n|-supereffective|p1a: Incineroar\n|-damage|p1a: Incineroar|0 fnt\n|-damage|p1b: Terapagos|0 fnt\n|faint|p1a: Incineroar\n|faint|p1b: Terapagos\n|move|p2b: Necrozma|Photon Geyser|p1: Incineroar|[notarget]\n|-fail|p2b: Necrozma\n|\n|upkeep\n|\n|t:|1746153373\n|switch|p1a: Calyrex|Calyrex-Shadow, L50, tera:Grass|39/100\n|switch|p1b: Landorus|Landorus, L50, M|100/100\n|-ability|p1a: Calyrex|As One\n|-ability|p1a: Calyrex|Unnerve\n|turn|5\n|\n|t:|1746153403\n|move|p1a: Calyrex|Protect|p1a: Calyrex\n|-singleturn|p1a: Calyrex|Protect\n|move|p2a: Ginshakaklook|Rock Slide|p1b: Landorus|[spread] p1b\n|-activate|p1a: Calyrex|move: Protect\n|-damage|p1b: Landorus|25/100\n|move|p2b: Necrozma|Photon Geyser|p1b: Landorus\n|-damage|p1b: Landorus|0 fnt\n|faint|p1b: Landorus\n|\n|-fieldend|move: Trick Room\n|upkeep\n|turn|6\n|\n|t:|1746153418\n|move|p1a: Calyrex|Giga Drain|p2a: Ginshakaklook\n|-supereffective|p2a: Ginshakaklook\n|-damage|p2a: Ginshakaklook|0 fnt\n|-heal|p1a: Calyrex|91/100|[from] drain|[of] p2a: Ginshakaklook\n|faint|p2a: Ginshakaklook\n|-ability|p1a: Calyrex|Grim Neigh|boost\n|-boost|p1a: Calyrex|spa|1\n|move|p2b: Necrozma|Photon Geyser|p1a: Calyrex\n|-damage|p1a: Calyrex|47/100\n|\n|-fieldend|move: Gravity\n|upkeep\n|\n|t:|1746153431\n|switch|p2a: Ginshakakrab|Crabominable, L50, F|100/100\n|turn|7\n|\n|t:|1746153449\n|move|p1a: Calyrex|Astral Barrage|p2a: Ginshakakrab|[spread] p2a,p2b\n|-supereffective|p2b: Necrozma\n|-damage|p2a: Ginshakakrab|3/100\n|-damage|p2b: Necrozma|3/100\n|move|p2b: Necrozma|Photon Geyser|p1a: Calyrex\n|-damage|p1a: Calyrex|0 fnt\n|faint|p1a: Calyrex\n|\n|win|G00bermeister69420\n||zzzaap is ready for game 2.\n|inactive|G00bermeister69420 has 30 seconds to confirm battle start!\n||G00bermeister69420 is ready for game 2.\n|uhtml|next|Next: <a href=\"/battle-gen9vgc2025regibo3-2355107982\"><strong>Game 2 of 3</strong></a>\n", "uploadtime": 1746153752, "views": 4, "formatid": "gen9vgc2025regibo3", "rating": null, "private": 0, "password": null}