{"id": "gen9vgc2025regibo3-2354950473", "format": "[Gen 9] VGC 2025 Reg I (Bo3)", "players": ["Duff Stuff", "TheEvanTran"], "log": "|j|\u2606Duff Stuff\n|j|\u2606TheEvanTran\n|html|<table width=\"100%\"><tr><td align=\"left\">Duff Stuff</td><td align=\"right\">TheEvanTran</tr><tr><td align=\"left\"><i class=\"fa fa-circle\"></i> <i class=\"fa fa-circle-o\"></i> </td><td align=\"right\"><i class=\"fa fa-circle-o\"></i> <i class=\"fa fa-circle\"></i> </tr></table>\n|uhtml|bestof|<h2><strong>Game 3</strong> of <a href=\"/game-bestof3-gen9vgc2025regibo3-2354942936\">a best-of-3</a></h2>\n|t:|1746134924\n|gametype|doubles\n|player|p1|Duff Stuff|265|\n|player|p2|TheEvanTran|265|\n|teamsize|p1|6\n|teamsize|p2|6\n|gen|9\n|tier|[Gen 9] VGC 2025 Reg I (Bo3)\n|rule|Species Clause: Limit one of each Pok\u00e9mon\n|rule|Item Clause: Limit 1 of each item\n|clearpoke\n|poke|p1|Gholdengo, L50|\n|poke|p1|Kingambit, L50, F|\n|poke|p1|Grimmsnarl, L50, M|\n|poke|p1|Sinistcha, L50|\n|poke|p1|Gothitelle, L50, M|\n|poke|p1|Lapras, L50, M|\n|poke|p2|Indeedee-F, L50, F|\n|poke|p2|Armarouge, L50, M|\n|poke|p2|Drifblim, L50, F|\n|poke|p2|Hydreigon, L50, M|\n|poke|p2|Toxtricity, L50, M|\n|poke|p2|Kommo-o, L50, M|\n|teampreview|4\n|showteam|p1|Gholdengo||AirBalloon|GoodasGold|NastyPlot,MakeItRain,ShadowBall,Protect||||||50|,,,,,Steel]Kingambit||LifeOrb|Defiant|KowtowCleave,Protect,SuckerPunch,SwordsDance|||F|||50|,,,,,Dark]Grimmsnarl||LightClay|Prankster|LightScreen,Reflect,SpiritBreak,ThunderWave|||M|||50|,,,,,Dark]Sinistcha||MentalHerb|Hospitality|MatchaGotcha,RagePowder,TrickRoom,LifeDew||||||50|,,,,,Grass]Gothitelle||SitrusBerry|ShadowTag|Protect,TrickRoom,FakeOut,Psychic|||M|||50|,,,,,Psychic]Lapras||Leftovers|WaterAbsorb|PerishSong,RainDance,Protect,MuddyWater|||M|||50|,,,,,Ghost\n|showteam|p2|Indeedee-F||MentalHerb|PsychicSurge|TrickRoom,HelpingHand,FollowMe,DazzlingGleam|||F|||50|,,,,,Fairy]Armarouge||LifeOrb|FlashFire|ExpandingForce,ArmorCannon,AuraSphere,Protect|||M|||50|,,,,,Grass]Drifblim||PsychicSeed|Unburden|WillOWisp,StrengthSap,Acrobatics,Tailwind|||F|||50|,,,,,Grass]Hydreigon||AssaultVest|Levitate|DracoMeteor,DarkPulse,EarthPower,Snarl|||M|||50|,,,,,Ghost]Toxtricity||ChoiceSpecs|PunkRock|Overdrive,SludgeBomb,Boomburst,VoltSwitch|||M|||50|,,,,,Normal]Kommo-o||Leftovers|Soundproof|IronDefense,BodyPress,Protect,FlashCannon|||M|||50|,,,,,Fairy\n|j| sheldon20\n|j| swerve88\n|\n|t:|1746135104\n|start\n|switch|p1a: Gothitelle|Gothitelle, L50, M, shiny|100/100\n|switch|p1b: Gholdengo|Gholdengo, L50, shiny|100/100\n|switch|p2a: Indeedee|Indeedee-F, L50, F|100/100\n|switch|p2b: Armarouge|Armarouge, L50, M|100/100\n|-fieldstart|move: Psychic Terrain|[from] ability: Psychic Surge|[of] p2a: Indeedee\n|-item|p1b: Gholdengo|Air Balloon\n|turn|1\n|\n|t:|1746135149\n|move|p2a: Indeedee|Helping Hand|p2b: Armarouge\n|-singleturn|p2b: Armarouge|Helping Hand|[of] p2a: Indeedee\n|move|p1a: Gothitelle|Fake Out|p2b: Armarouge\n|-activate|p2b: Armarouge|move: Psychic Terrain\n|move|p1b: Gholdengo|Shadow Ball|p2a: Indeedee\n|-immune|p2a: Indeedee\n|move|p2b: Armarouge|Expanding Force|p1b: Gholdengo|[spread] p1a,p1b\n|-resisted|p1a: Gothitelle\n|-resisted|p1b: Gholdengo\n|-damage|p1a: Gothitelle|61/100\n|-damage|p1b: Gholdengo|38/100\n|-enditem|p1b: Gholdengo|Air Balloon\n|-damage|p2b: Armarouge|91/100|[from] item: Life Orb\n|\n|upkeep\n|turn|2\n|l| swerve88\n|\n|t:|1746135195\n|switch|p1a: Sinistcha|Sinistcha, L50, shiny|100/100\n|-heal|p1b: Gholdengo|63/100|[from] ability: Hospitality|[of] p1a: Sinistcha\n|move|p1b: Gholdengo|Protect|p1b: Gholdengo\n|-singleturn|p1b: Gholdengo|Protect\n|move|p2a: Indeedee|Follow Me|p2a: Indeedee\n|-singleturn|p2a: Indeedee|move: Follow Me\n|move|p2b: Armarouge|Expanding Force|p1b: Gholdengo|[spread] p1a\n|-activate|p1b: Gholdengo|move: Protect\n|-damage|p1a: Sinistcha|4/100\n|-damage|p2b: Armarouge|81/100|[from] item: Life Orb\n|\n|upkeep\n|turn|3\n|\n|t:|1746135264\n|switch|p1a: Gothitelle|Gothitelle, L50, M, shiny|61/100\n|move|p1b: Gholdengo|Shadow Ball|p2b: Armarouge\n|-supereffective|p2b: Armarouge\n|-damage|p2b: Armarouge|0 fnt\n|faint|p2b: Armarouge\n|move|p2a: Indeedee|Trick Room|p2a: Indeedee\n|-fieldstart|move: Trick Room|[of] p2a: Indeedee\n|\n|upkeep\n|\n|t:|1746135275\n|switch|p2b: Kommo-o|Kommo-o, L50, M|100/100\n|turn|4\n|\n|t:|1746135304\n|move|p1b: Gholdengo|Protect|p1b: Gholdengo\n|-singleturn|p1b: Gholdengo|Protect\n|move|p1a: Gothitelle|Psychic|p2b: Kommo-o\n|-supereffective|p2b: Kommo-o\n|-damage|p2b: Kommo-o|35/100\n|move|p2b: Kommo-o|Body Press|p1b: Gholdengo\n|-activate|p1b: Gholdengo|move: Protect\n|move|p2a: Indeedee|Dazzling Gleam|p1a: Gothitelle|[spread] p1a\n|-activate|p1b: Gholdengo|move: Protect\n|-damage|p1a: Gothitelle|52/100\n|\n|-heal|p2b: Kommo-o|41/100|[from] item: Leftovers\n|upkeep\n|turn|5\n|\n|t:|1746135340\n|move|p2a: Indeedee|Helping Hand|p2b: Kommo-o\n|-singleturn|p2b: Kommo-o|Helping Hand|[of] p2a: Indeedee\n|move|p1a: Gothitelle|Psychic|p2b: Kommo-o\n|-supereffective|p2b: Kommo-o\n|-damage|p2b: Kommo-o|0 fnt\n|faint|p2b: Kommo-o\n|move|p1b: Gholdengo|Make It Rain|p2a: Indeedee\n|-damage|p2a: Indeedee|51/100\n|-unboost|p1b: Gholdengo|spa|1\n|\n|-fieldend|move: Psychic Terrain\n|upkeep\n|\n|t:|1746135351\n|switch|p2b: Toxtricity|Toxtricity, L50, M|100/100\n|turn|6\n|\n|t:|1746135368\n|-terastallize|p2b: Toxtricity|Normal\n|move|p1a: Gothitelle|Psychic|p2b: Toxtricity\n|-damage|p2b: Toxtricity|60/100\n|move|p1b: Gholdengo|Make It Rain|p2b: Toxtricity|[spread] p2a,p2b\n|-damage|p2a: Indeedee|28/100\n|-damage|p2b: Toxtricity|15/100\n|-unboost|p1b: Gholdengo|spa|1\n|move|p2b: Toxtricity|Overdrive|p1b: Gholdengo|[spread] p1a,p1b\n|-damage|p1a: Gothitelle|8/100\n|-damage|p1b: Gholdengo|7/100\n|-enditem|p1a: Gothitelle|Sitrus Berry|[eat]\n|-heal|p1a: Gothitelle|33/100|[from] item: Sitrus Berry\n|move|p2a: Indeedee|Trick Room|p2a: Indeedee\n|-fieldend|move: Trick Room\n|\n|upkeep\n|turn|7\n|\n|t:|1746135413\n|move|p2a: Indeedee|Helping Hand|p2b: Toxtricity\n|-singleturn|p2b: Toxtricity|Helping Hand|[of] p2a: Indeedee\n|move|p2b: Toxtricity|Overdrive|p1b: Gholdengo|[spread] p1a,p1b\n|-damage|p1a: Gothitelle|0 fnt\n|-damage|p1b: Gholdengo|0 fnt\n|faint|p1a: Gothitelle\n|faint|p1b: Gholdengo\n|\n|upkeep\n|\n|t:|1746135423\n|switch|p1b: Sinistcha|Sinistcha, L50, shiny|4/100\n|switch|p1a: Kingambit|Kingambit, L50, F, shiny|100/100\n|turn|8\n|\n|t:|1746135455\n|move|p2a: Indeedee|Helping Hand|p2b: Toxtricity\n|-singleturn|p2b: Toxtricity|Helping Hand|[of] p2a: Indeedee\n|move|p1a: Kingambit|Sucker Punch|p2b: Toxtricity\n|-damage|p2b: Toxtricity|0 fnt\n|faint|p2b: Toxtricity\n|-damage|p1a: Kingambit|91/100|[from] item: Life Orb\n|move|p1b: Sinistcha|Matcha Gotcha|p2a: Indeedee\n|-damage|p2a: Indeedee|4/100\n|-heal|p1b: Sinistcha|16/100|[from] drain|[of] p2a: Indeedee\n|\n|upkeep\n|turn|9\n|c|\u2606TheEvanTran|gg\n|\n|t:|1746135489\n|move|p1a: Kingambit|Protect|p1a: Kingambit\n|-singleturn|p1a: Kingambit|Protect\n|move|p2a: Indeedee|Dazzling Gleam|p1b: Sinistcha|[spread] p1b\n|-activate|p1a: Kingambit|move: Protect\n|-damage|p1b: Sinistcha|0 fnt\n|faint|p1b: Sinistcha\n|\n|upkeep\n|turn|10\n|\n|t:|1746135503\n|move|p1a: Kingambit|Sucker Punch|p2a: Indeedee\n|-supereffective|p2a: Indeedee\n|-damage|p2a: Indeedee|0 fnt\n|faint|p2a: Indeedee\n|-damage|p1a: Kingambit|81/100|[from] item: Life Orb\n|\n|win|Duff Stuff\n|c|\u2606Duff Stuff|gg\n|l|\u2606Duff Stuff\n|player|p1|\n", "uploadtime": 1746135890, "views": 6, "formatid": "gen9vgc2025regibo3", "rating": null, "private": 0, "password": null}