{"id": "gen9vgc2025regibo3-2353868985", "format": "[Gen 9] VGC 2025 Reg I (Bo3)", "players": ["bertcamem", "tiapoops"], "log": "|j|\u2606bertcamem\n|j|\u2606tiapoops\n|html|<table width=\"100%\"><tr><td align=\"left\">bertcamem</td><td align=\"right\">tiapoops</tr><tr><td align=\"left\"><i class=\"fa fa-circle-o\"></i> <i class=\"fa fa-circle-o\"></i> </td><td align=\"right\"><i class=\"fa fa-circle-o\"></i> <i class=\"fa fa-circle-o\"></i> </tr></table>\n|uhtml|bestof|<h2><strong>Game 1</strong> of <a href=\"/game-bestof3-gen9vgc2025regibo3-2353868984\">a best-of-3</a></h2>\n|t:|1746012764\n|gametype|doubles\n|player|p1|bertcamem|169|1174\n|player|p2|tiapoops|rocketgruntf|1081\n|teamsize|p1|6\n|teamsize|p2|6\n|gen|9\n|tier|[Gen 9] VGC 2025 Reg I (Bo3)\n|rated|\n|rule|Species Clause: Limit one of each Pok\u00e9mon\n|rule|Item Clause: Limit 1 of each item\n|clearpoke\n|poke|p1|Koraidon, L50|\n|poke|p1|Ho-Oh, L50|\n|poke|p1|Gurdurr, L50, M|\n|poke|p1|Flutter Mane, L50|\n|poke|p1|Rillaboom, L50, M|\n|poke|p1|Raging Bolt, L50|\n|poke|p2|Koraidon, L50|\n|poke|p2|Calyrex-Shadow, L50|\n|poke|p2|Incineroar, L50, M|\n|poke|p2|Gothitelle, L50, F|\n|poke|p2|Scream Tail, L50|\n|poke|p2|Amoonguss, L50, F|\n|teampreview|4\n|showteam|p1|Koraidon||LifeOrb|OrichalcumPulse|FlareBlitz,CloseCombat,Protect,Uturn||||||50|,,,,,Fire]Ho-Oh||ClearAmulet|Regenerator|SacredFire,BraveBird,Protect,Tailwind||||||50|,,,,,Grass]Gurdurr||Eviolite|IronFist|DrainPunch,Coaching,WideGuard,HelpingHand|||M|||50|,,,,,Water]Flutter Mane||FocusSash|Protosynthesis|Moonblast,ShadowBall,Taunt,IcyWind||||||50|,,,,,Normal]Rillaboom||AssaultVest|GrassySurge|FakeOut,GrassyGlide,HighHorsepower,Uturn|||M|||50|,,,,,Fire]Raging Bolt||BoosterEnergy|Protosynthesis|Protect,Thunderclap,Thunderbolt,DracoMeteor||||||50|,,,,,Fairy\n|showteam|p2|Koraidon||LifeOrb|OrichalcumPulse|CollisionCourse,FlareBlitz,DragonClaw,Protect||||||50|,,,,,Fire]Calyrex-Shadow||FocusSash|AsOneSpectrier|AstralBarrage,Psychic,NastyPlot,Protect||||||50|,,,,,Dark]Incineroar||EjectButton|Intimidate|FakeOut,FlareBlitz,PartingShot,KnockOff|||M|||50|,,,,,Ghost]Gothitelle||SitrusBerry|ShadowTag|FakeOut,ShadowBall,Taunt,Protect|||F|||50|,,,,,Dark]Scream Tail||CovertCloak|Protosynthesis|PerishSong,Encore,Disable,Protect||||||50|,,,,,Dark]Amoonguss||RockyHelmet|Regenerator|Spore,RagePowder,PollenPuff,Protect|||F|||50|,,,,,Fairy\n|inactive|Battle timer is ON: inactive players will automatically lose when time's up. (requested by bertcamem)\n|\n|t:|1746012793\n|start\n|switch|p1a: Sun|Koraidon, L50|100/100\n|switch|p1b: Magician|Flutter Mane, L50|100/100\n|switch|p2a: Scream Tail|Scream Tail, L50|100/100\n|switch|p2b: Incineroar|Incineroar, L50, M|100/100\n|-weather|SunnyDay|[from] ability: Orichalcum Pulse|[of] p1a: Sun\n|-activate|p1b: Magician|ability: Protosynthesis\n|-start|p1b: Magician|protosynthesisspe\n|-activate|p2a: Scream Tail|ability: Protosynthesis\n|-start|p2a: Scream Tail|protosynthesisspe\n|-activate|p1a: Sun|Orichalcum Pulse|[source]\n|-ability|p2b: Incineroar|Intimidate|boost\n|-unboost|p1a: Sun|atk|1\n|-unboost|p1b: Magician|atk|1\n|turn|1\n|\n|t:|1746012817\n|move|p2b: Incineroar|Fake Out|p1a: Sun\n|-damage|p1a: Sun|91/100\n|move|p1b: Magician|Taunt|p2a: Scream Tail\n|-start|p2a: Scream Tail|move: Taunt\n|cant|p2a: Scream Tail|move: Taunt|Perish Song\n|cant|p1a: Sun|flinch\n|\n|-weather|SunnyDay|[upkeep]\n|upkeep\n|turn|2\n|inactive|tiapoops has 30 seconds left.\n|\n|t:|1746012847\n|-end|p2a: Scream Tail|Protosynthesis|[silent]\n|switch|p2a: Gothitelle|Gothitelle, L50, F|100/100\n|move|p1b: Magician|Moonblast|p2a: Gothitelle\n|-damage|p2a: Gothitelle|63/100\n|-unboost|p2a: Gothitelle|spa|1\n|move|p1a: Sun|Close Combat|p2b: Incineroar\n|-supereffective|p2b: Incineroar\n|-damage|p2b: Incineroar|0 fnt\n|-unboost|p1a: Sun|def|1\n|-unboost|p1a: Sun|spd|1\n|faint|p2b: Incineroar\n|-damage|p1a: Sun|81/100|[from] item: Life Orb\n|\n|-weather|SunnyDay|[upkeep]\n|upkeep\n|inactive|tiapoops has 30 seconds left.\n|\n|t:|1746012874\n|switch|p2b: Scream Tail|Scream Tail, L50|100/100\n|-activate|p2b: Scream Tail|ability: Protosynthesis\n|-start|p2b: Scream Tail|protosynthesisspe\n|turn|3\n|\n|t:|1746012892\n|move|p2b: Scream Tail|Protect|p2b: Scream Tail\n|-singleturn|p2b: Scream Tail|Protect\n|move|p1b: Magician|Taunt|p2b: Scream Tail\n|-activate|p2b: Scream Tail|move: Protect\n|move|p1a: Sun|U-turn|p2a: Gothitelle\n|-supereffective|p2a: Gothitelle\n|-damage|p2a: Gothitelle|10/100\n|-enditem|p2a: Gothitelle|Sitrus Berry|[eat]\n|-heal|p2a: Gothitelle|34/100|[from] item: Sitrus Berry\n|-damage|p1a: Sun|72/100|[from] item: Life Orb\n|\n|t:|1746012896\n|switch|p1a: Emperor|Ho-Oh, L50|100/100|[from] U-turn\n|move|p2a: Gothitelle|Taunt|p1b: Magician\n|-start|p1b: Magician|move: Taunt\n|\n|-weather|SunnyDay|[upkeep]\n|upkeep\n|turn|4\n|inactive|tiapoops has 30 seconds left.\n|\n|t:|1746012923\n|move|p2a: Gothitelle|Protect|p2a: Gothitelle\n|-singleturn|p2a: Gothitelle|Protect\n|move|p1b: Magician|Shadow Ball|p2b: Scream Tail\n|-supereffective|p2b: Scream Tail\n|-damage|p2b: Scream Tail|40/100\n|move|p2b: Scream Tail|Perish Song|p2b: Scream Tail\n|-start|p1a: Emperor|perish3|[silent]\n|-start|p1b: Magician|perish3|[silent]\n|-start|p2a: Gothitelle|perish3|[silent]\n|-start|p2b: Scream Tail|perish3|[silent]\n|-fieldactivate|move: Perish Song\n|move|p1a: Emperor|Sacred Fire|p2b: Scream Tail\n|-damage|p2b: Scream Tail|0 fnt\n|faint|p2b: Scream Tail\n|-end|p2b: Scream Tail|Protosynthesis|[silent]\n|\n|-weather|SunnyDay|[upkeep]\n|-start|p1b: Magician|perish3\n|-start|p1a: Emperor|perish3\n|-start|p2a: Gothitelle|perish3\n|upkeep\n|\n|t:|1746012941\n|switch|p2b: Calyrex|Calyrex-Shadow, L50|100/100\n|-ability|p2b: Calyrex|As One\n|-ability|p2b: Calyrex|Unnerve\n|turn|5\n|inactive|tiapoops has 30 seconds left.\n|\n|t:|1746012974\n|move|p1b: Magician|Shadow Ball|p2b: Calyrex\n|-supereffective|p2b: Calyrex\n|-enditem|p2b: Calyrex|Focus Sash\n|-damage|p2b: Calyrex|1/100\n|move|p2b: Calyrex|Astral Barrage|p1b: Magician|[spread] p1a,p1b\n|-supereffective|p1b: Magician\n|-damage|p1a: Emperor|69/100\n|-enditem|p1b: Magician|Focus Sash\n|-damage|p1b: Magician|1/100\n|move|p1a: Emperor|Tailwind|p1a: Emperor\n|-sidestart|p1: bertcamem|move: Tailwind\n|move|p2a: Gothitelle|Shadow Ball|p1b: Magician\n|-supereffective|p1b: Magician\n|-damage|p1b: Magician|0 fnt\n|faint|p1b: Magician\n|-end|p1b: Magician|Protosynthesis|[silent]\n|\n|-weather|none\n|-start|p1a: Emperor|perish2\n|-start|p2a: Gothitelle|perish2\n|upkeep\n|\n|t:|1746012982\n|switch|p1b: Sun|Koraidon, L50|72/100\n|-weather|SunnyDay|[from] ability: Orichalcum Pulse|[of] p1b: Sun\n|-activate|p1b: Sun|Orichalcum Pulse|[source]\n|turn|6\n|inactive|tiapoops has 30 seconds left.\n|inactive|tiapoops has 20 seconds left.\n|\n|t:|1746013017\n|move|p2b: Calyrex|Protect|p2b: Calyrex\n|-singleturn|p2b: Calyrex|Protect\n|move|p2a: Gothitelle|Protect|p2a: Gothitelle\n|-singleturn|p2a: Gothitelle|Protect\n|move|p1b: Sun|U-turn|p2b: Calyrex\n|-activate|p2b: Calyrex|move: Protect\n|move|p1a: Emperor|Brave Bird|p2a: Gothitelle\n|-activate|p2a: Gothitelle|move: Protect\n|\n|-weather|SunnyDay|[upkeep]\n|-start|p1a: Emperor|perish1\n|-start|p2a: Gothitelle|perish1\n|upkeep\n|turn|7\n|inactive|tiapoops has 30 seconds left.\n|\n|t:|1746013046\n|move|p2a: Gothitelle|Protect||[still]\n|-fail|p2a: Gothitelle\n|move|p1b: Sun|U-turn|p2b: Calyrex\n|-damage|p2b: Calyrex|0 fnt\n|faint|p2b: Calyrex\n|-damage|p1b: Sun|62/100|[from] item: Life Orb\n|\n|t:|1746013050\n|switch|p1b: Chariot|Rillaboom, L50, M|100/100|[from] U-turn\n|-fieldstart|move: Grassy Terrain|[from] ability: Grassy Surge|[of] p1b: Chariot\n|move|p1a: Emperor|Brave Bird|p2a: Gothitelle\n|-damage|p2a: Gothitelle|0 fnt\n|faint|p2a: Gothitelle\n|-damage|p1a: Emperor|60/100|[from] Recoil\n|\n|win|bertcamem\n||bertcamem is ready for game 2.\n|inactive|tiapoops has 30 seconds to confirm battle start!\n||tiapoops is ready for game 2.\n|uhtml|next|Next: <a href=\"/battle-gen9vgc2025regibo3-2353871206\"><strong>Game 2 of 3</strong></a>\n", "uploadtime": 1746013312, "views": 7, "formatid": "gen9vgc2025regibo3", "rating": null, "private": 0, "password": null}