{"id": "gen9vgc2025regibo3-2354864378", "format": "[Gen 9] VGC 2025 Reg I (Bo3)", "players": ["m4gicA", "helio list"], "log": "|j|\u2606m4gicA\n|j|\u2606helio list\n|html|<table width=\"100%\"><tr><td align=\"left\">m4gicA</td><td align=\"right\">helio list</tr><tr><td align=\"left\"><i class=\"fa fa-circle-o\"></i> <i class=\"fa fa-circle-o\"></i> </td><td align=\"right\"><i class=\"fa fa-circle-o\"></i> <i class=\"fa fa-circle\"></i> </tr></table>\n|uhtml|bestof|<h2><strong>Game 2</strong> of <a href=\"/game-bestof3-gen9vgc2025regibo3-2354861369\">a best-of-3</a></h2>\n|t:|1746126470\n|gametype|doubles\n|player|p1|m4gicA|169|1254\n|player|p2|helio list|pokemonbreederf|1209\n|teamsize|p1|6\n|teamsize|p2|6\n|gen|9\n|tier|[Gen 9] VGC 2025 Reg I (Bo3)\n|rated|\n|rule|Species Clause: Limit one of each Pok\u00e9mon\n|rule|Item Clause: Limit 1 of each item\n|clearpoke\n|poke|p1|Calyrex-Ice, L50|\n|poke|p1|Kyogre, L50|\n|poke|p1|Urshifu-*, L50, M|\n|poke|p1|Electabuzz, L50, M|\n|poke|p1|Rillaboom, L50, M|\n|poke|p1|Iron Jugulis, L50|\n|poke|p2|Zamazenta-*, L50|\n|poke|p2|Calyrex-Shadow, L50|\n|poke|p2|Rillaboom, L50, F|\n|poke|p2|Tornadus, L50, M|\n|poke|p2|Urshifu-*, L50, F|\n|poke|p2|Landorus, L50, M|\n|teampreview|4\n|showteam|p1|Calyrex-Ice||ClearAmulet|AsOneGlastrier|Protect,GlacialLance,HighHorsepower,TrickRoom||||||50|,,,,,Fairy]Kyogre||MysticWater|Drizzle|Protect,WaterSpout,OriginPulse,IceBeam||||||50|,,,,,Grass]Urshifu-Rapid-Strike||ChoiceScarf|UnseenFist|SurgingStrikes,CloseCombat,AquaJet,Uturn|||M|||50|,,,,,Ghost]Electabuzz||Eviolite|VitalSpirit|FollowMe,VoltSwitch,Feint,Taunt|||M|||50|,,,,,Bug]Rillaboom||AssaultVest|GrassySurge|WoodHammer,GrassyGlide,Uturn,FakeOut|||M|||50|,,,,,Water]Iron Jugulis||BoosterEnergy|QuarkDrive|Protect,Hurricane,Snarl,Tailwind||||||50|,,,,,Steel\n|showteam|p2|Zamazenta-Crowned||RustedShield|DauntlessShield|BodyPress,behemothbash,WideGuard,Protect||||||50|,,,,,Water]Calyrex-Shadow||LifeOrb|AsOneSpectrier|AstralBarrage,Psychic,NastyPlot,Protect||||||50|,,,,,Dark]Rillaboom||AssaultVest|GrassySurge|WoodHammer,GrassyGlide,Uturn,FakeOut|||F|||50|,,,,,Water]Tornadus||CovertCloak|Prankster|Taunt,Tailwind,BleakwindStorm,RainDance|||M|||50|,,,,,Grass]Urshifu-Rapid-Strike||FocusSash|UnseenFist|SurgingStrikes,CloseCombat,Taunt,Protect|||F|||50|,,,,,Stellar]Landorus||ChoiceSpecs|SheerForce|SandsearStorm,EarthPower,SludgeBomb,TeraBlast|||M|||50|,,,,,Ghost\n|inactive|Battle timer is ON: inactive players will automatically lose when time's up. (requested by helio list)\n|inactive|m4gicA has 60 seconds left.\n|\n|t:|1746126526\n|start\n|switch|p1a: Rillaboom|Rillaboom, L50, M, shiny|100/100\n|switch|p1b: Calyrex|Calyrex-Ice, L50|100/100\n|switch|p2a: Drunken Monk|Urshifu-Rapid-Strike, L50, F|100/100\n|switch|p2b: Crown Paladin|Zamazenta-Crowned, L50|100/100\n|-ability|p1b: Calyrex|As One\n|-ability|p1b: Calyrex|Unnerve\n|-ability|p2b: Crown Paladin|Dauntless Shield|boost\n|-boost|p2b: Crown Paladin|def|1\n|-fieldstart|move: Grassy Terrain|[from] ability: Grassy Surge|[of] p1a: Rillaboom\n|turn|1\n|inactive|m4gicA has 30 seconds left.\n|inactive|m4gicA has 20 seconds left.\n|inactive|m4gicA has 15 seconds left.\n|inactive|m4gicA has 10 seconds left.\n|\n|t:|1746126575\n|move|p1a: Rillaboom|Fake Out|p2a: Drunken Monk\n|-damage|p2a: Drunken Monk|88/100\n|move|p2b: Crown Paladin|Body Press|p1a: Rillaboom\n|-damage|p1a: Rillaboom|36/100\n|cant|p2a: Drunken Monk|flinch\n|move|p1b: Calyrex|Trick Room|p1b: Calyrex\n|-fieldstart|move: Trick Room|[of] p1b: Calyrex\n|\n|-heal|p1a: Rillaboom|42/100|[from] Grassy Terrain\n|-heal|p2a: Drunken Monk|94/100|[from] Grassy Terrain\n|upkeep\n|turn|2\n|inactive|m4gicA has 30 seconds left.\n|inactive|m4gicA has 20 seconds left.\n|inactive|m4gicA has 15 seconds left.\n|\n|t:|1746126616\n|-terastallize|p1b: Calyrex|Fairy\n|move|p2a: Drunken Monk|Protect|p2a: Drunken Monk\n|-singleturn|p2a: Drunken Monk|Protect\n|move|p1b: Calyrex|High Horsepower|p2b: Crown Paladin\n|-supereffective|p2b: Crown Paladin\n|-damage|p2b: Crown Paladin|67/100\n|move|p1a: Rillaboom|U-turn|p2b: Crown Paladin\n|-resisted|p2b: Crown Paladin\n|-damage|p2b: Crown Paladin|65/100\n|\n|t:|1746126626\n|switch|p1a: Electabuzz|Electabuzz, L50, M, shiny|100/100|[from] U-turn\n|move|p2b: Crown Paladin|Body Press|p1a: Electabuzz\n|-damage|p1a: Electabuzz|52/100\n|\n|-heal|p1a: Electabuzz|57/100|[from] Grassy Terrain\n|-heal|p2a: Drunken Monk|99/100|[from] Grassy Terrain\n|-heal|p2b: Crown Paladin|71/100|[from] Grassy Terrain\n|upkeep\n|turn|3\n|\n|t:|1746126641\n|move|p1a: Electabuzz|Follow Me|p1a: Electabuzz\n|-singleturn|p1a: Electabuzz|move: Follow Me\n|move|p1b: Calyrex|Glacial Lance|p2b: Crown Paladin|[spread] p2a,p2b\n|-resisted|p2a: Drunken Monk\n|-crit|p2a: Drunken Monk\n|-resisted|p2b: Crown Paladin\n|-damage|p2a: Drunken Monk|60/100\n|-damage|p2b: Crown Paladin|60/100\n|move|p2a: Drunken Monk|Surging Strikes|p1a: Electabuzz\n|-crit|p1a: Electabuzz\n|-damage|p1a: Electabuzz|40/100\n|-crit|p1a: Electabuzz\n|-damage|p1a: Electabuzz|24/100\n|-crit|p1a: Electabuzz\n|-damage|p1a: Electabuzz|8/100\n|-hitcount|p1a: Electabuzz|3\n|move|p2b: Crown Paladin|Body Press|p1a: Electabuzz\n|-damage|p1a: Electabuzz|0 fnt\n|faint|p1a: Electabuzz\n|\n|-heal|p2a: Drunken Monk|66/100|[from] Grassy Terrain\n|-heal|p2b: Crown Paladin|67/100|[from] Grassy Terrain\n|upkeep\n|\n|t:|1746126664\n|switch|p1a: Kyogre|Kyogre, L50|100/100\n|-weather|RainDance|[from] ability: Drizzle|[of] p1a: Kyogre\n|turn|4\n|\n|t:|1746126679\n|move|p2a: Drunken Monk|Protect|p2a: Drunken Monk\n|-singleturn|p2a: Drunken Monk|Protect\n|move|p2b: Crown Paladin|Protect|p2b: Crown Paladin\n|-singleturn|p2b: Crown Paladin|Protect\n|move|p1b: Calyrex|High Horsepower|p2b: Crown Paladin\n|-activate|p2b: Crown Paladin|move: Protect\n|move|p1a: Kyogre|Water Spout|p2b: Crown Paladin|[spread] \n|-activate|p2a: Drunken Monk|move: Protect\n|-activate|p2b: Crown Paladin|move: Protect\n|\n|-weather|RainDance|[upkeep]\n|-heal|p2a: Drunken Monk|71/100|[from] Grassy Terrain\n|-heal|p2b: Crown Paladin|73/100|[from] Grassy Terrain\n|upkeep\n|turn|5\n|inactive|m4gicA has 30 seconds left.\n|\n|t:|1746126705\n|move|p2b: Crown Paladin|Wide Guard|p2b: Crown Paladin\n|-singleturn|p2b: Crown Paladin|Wide Guard\n|move|p1b: Calyrex|High Horsepower|p2b: Crown Paladin\n|-supereffective|p2b: Crown Paladin\n|-damage|p2b: Crown Paladin|38/100\n|move|p1a: Kyogre|Water Spout|p2a: Drunken Monk|[spread] \n|-activate|p2a: Drunken Monk|move: Wide Guard\n|-activate|p2b: Crown Paladin|move: Wide Guard\n|move|p2a: Drunken Monk|Surging Strikes|p1b: Calyrex\n|-crit|p1b: Calyrex\n|-damage|p1b: Calyrex|79/100\n|-crit|p1b: Calyrex\n|-damage|p1b: Calyrex|59/100\n|-crit|p1b: Calyrex\n|-damage|p1b: Calyrex|41/100\n|-hitcount|p1b: Calyrex|3\n|\n|-weather|RainDance|[upkeep]\n|-heal|p1b: Calyrex|46/100|[from] Grassy Terrain\n|-heal|p2a: Drunken Monk|77/100|[from] Grassy Terrain\n|-heal|p2b: Crown Paladin|44/100|[from] Grassy Terrain\n|-fieldend|move: Trick Room\n|-fieldend|move: Grassy Terrain\n|upkeep\n|turn|6\n|inactive|m4gicA has 30 seconds left.\n|-message|m4gicA forfeited.\n|\n|win|helio list\n|raw|m4gicA's rating: 1254 &rarr; <strong>1226</strong><br />(-28 for losing)\n|raw|helio list's rating: 1209 &rarr; <strong>1237</strong><br />(+28 for winning)\n|l|\u2606helio list\n|player|p2|\n|l|\u2606m4gicA\n|player|p1|\n", "uploadtime": 1746127002, "views": 5, "formatid": "gen9vgc2025regibo3", "rating": 1226, "private": 0, "password": null}