{"id": "gen9vgc2025regibo3-2354194152", "format": "[Gen 9] VGC 2025 Reg I (Bo3)", "players": ["Jacrepid", "Luckstat10"], "log": "|j|\u2606Jacrepid\n|j|\u2606Luckstat10\n|html|<table width=\"100%\"><tr><td align=\"left\">Jacrepid</td><td align=\"right\">Luckstat10</tr><tr><td align=\"left\"><i class=\"fa fa-circle\"></i> <i class=\"fa fa-circle-o\"></i> </td><td align=\"right\"><i class=\"fa fa-circle-o\"></i> <i class=\"fa fa-circle-o\"></i> </tr></table>\n|uhtml|bestof|<h2><strong>Game 2</strong> of <a href=\"/game-bestof3-gen9vgc2025regibo3-2354192765\">a best-of-3</a></h2>\n|t:|1746043365\n|gametype|doubles\n|player|p1|Jacrepid|n|1268\n|player|p2|Luckstat10|265|1269\n|teamsize|p1|6\n|teamsize|p2|6\n|gen|9\n|tier|[Gen 9] VGC 2025 Reg I (Bo3)\n|rated|\n|rule|Species Clause: Limit one of each Pok\u00e9mon\n|rule|Item Clause: Limit 1 of each item\n|clearpoke\n|poke|p1|Miraidon, L50|\n|poke|p1|Lunala, L50|\n|poke|p1|Urshifu-*, L50, F|\n|poke|p1|Iron Hands, L50|\n|poke|p1|Whimsicott, L50, M|\n|poke|p1|Chi-Yu, L50|\n|poke|p2|Zamazenta-*, L50|\n|poke|p2|Urshifu-*, L50, M|\n|poke|p2|Tornadus, L50, M|\n|poke|p2|Calyrex-Shadow, L50|\n|poke|p2|Ogerpon-Hearthflame, L50, F|\n|poke|p2|Chien-Pao, L50|\n|teampreview|4\n|showteam|p1|Miraidon||ChoiceSpecs|HadronEngine|ElectroDrift,DracoMeteor,VoltSwitch,DazzlingGleam||||||50|,,,,,Fairy]Lunala||ElectricSeed|ShadowShield|MoongeistBeam,Moonblast,WideGuard,TrickRoom||||||50|,,,,,Fairy]Urshifu-Rapid-Strike||FocusSash|UnseenFist|SurgingStrikes,CloseCombat,AquaJet,Detect|||F|||50|,,,,,Stellar]Iron Hands||AssaultVest|QuarkDrive|LowKick,WildCharge,DrainPunch,FakeOut||||||50|,,,,,Water]Whimsicott||CovertCloak|Prankster|Moonblast,Tailwind,Encore,LightScreen|||M|||50|,,,,,Dark]Chi-Yu||ChoiceScarf|BeadsofRuin|Overheat,HeatWave,DarkPulse,Snarl||||||50|,,,,,Ghost\n|showteam|p2|Zamazenta-Crowned||RustedShield|DauntlessShield|BodyPress,HeavySlam,WideGuard,Protect||||||50|,,,,,Dragon]Urshifu-Rapid-Strike||ChoiceScarf|UnseenFist|SurgingStrikes,CloseCombat,Coaching,Uturn|||M|||50|,,,,,Ghost]Tornadus||CovertCloak|Prankster|Tailwind,RainDance,BleakwindStorm,Taunt|||M|||50|,,,,,Dark]Calyrex-Shadow||LifeOrb|AsOneSpectrier|AstralBarrage,Psychic,DarkPulse,Protect||||||50|,,,,,Dark]Ogerpon-Hearthflame||HearthflameMask|MoldBreaker|IvyCudgel,WoodHammer,FollowMe,SpikyShield|||F|||50|,,,,,Fire]Chien-Pao||FocusSash|SwordofRuin|IceSpinner,ThroatChop,SuckerPunch,Protect||||||50|,,,,,Ghost\n|inactive|Battle timer is ON: inactive players will automatically lose when time's up. (requested by Jacrepid)\n|\n|t:|1746043386\n|start\n|switch|p1a: Lunala|Lunala, L50|100/100\n|switch|p1b: Chi-Yu|Chi-Yu, L50|100/100\n|switch|p2a: Embo|Zamazenta-Crowned, L50|100/100\n|switch|p2b: Ip Man|Urshifu-Rapid-Strike, L50, M|100/100\n|-ability|p1b: Chi-Yu|Beads of Ruin\n|-ability|p2a: Embo|Dauntless Shield|boost\n|-boost|p2a: Embo|def|1\n|turn|1\n|\n|t:|1746043400\n|switch|p1b: Miraidon|Miraidon, L50|100/100\n|-fieldstart|move: Electric Terrain|[from] ability: Hadron Engine|[of] p1b: Miraidon\n|-enditem|p1a: Lunala|Electric Seed\n|-boost|p1a: Lunala|def|1|[from] item: Electric Seed\n|move|p2a: Embo|Protect|p2a: Embo\n|-singleturn|p2a: Embo|Protect\n|move|p2b: Ip Man|Surging Strikes|p1b: Miraidon\n|-resisted|p1b: Miraidon\n|-crit|p1b: Miraidon\n|-damage|p1b: Miraidon|89/100\n|-resisted|p1b: Miraidon\n|-crit|p1b: Miraidon\n|-damage|p1b: Miraidon|77/100\n|-resisted|p1b: Miraidon\n|-crit|p1b: Miraidon\n|-damage|p1b: Miraidon|66/100\n|-hitcount|p1b: Miraidon|3\n|move|p1a: Lunala|Trick Room|p1a: Lunala\n|-fieldstart|move: Trick Room|[of] p1a: Lunala\n|\n|upkeep\n|turn|2\n|\n|t:|1746043417\n|move|p1a: Lunala|Moongeist Beam|p2a: Embo\n|-damage|p2a: Embo|57/100\n|move|p2a: Embo|Body Press|p1b: Miraidon\n|-crit|p1b: Miraidon\n|-damage|p1b: Miraidon|0 fnt\n|faint|p1b: Miraidon\n|move|p2b: Ip Man|Surging Strikes|p1a: Lunala\n|-crit|p1a: Lunala\n|-damage|p1a: Lunala|91/100\n|-crit|p1a: Lunala\n|-damage|p1a: Lunala|72/100\n|-crit|p1a: Lunala\n|-damage|p1a: Lunala|55/100\n|-hitcount|p1a: Lunala|3\n|\n|upkeep\n|\n|t:|1746043427\n|switch|p1b: Iron Hands|Iron Hands, L50|100/100\n|-activate|p1b: Iron Hands|ability: Quark Drive\n|-start|p1b: Iron Hands|quarkdriveatk\n|turn|3\n|\n|t:|1746043439\n|move|p2a: Embo|Protect|p2a: Embo\n|-singleturn|p2a: Embo|Protect\n|move|p1b: Iron Hands|Low Kick|p2a: Embo\n|-activate|p2a: Embo|move: Protect\n|move|p1a: Lunala|Moonblast|p2b: Ip Man\n|-supereffective|p2b: Ip Man\n|-damage|p2b: Ip Man|0 fnt\n|faint|p2b: Ip Man\n|\n|upkeep\n|\n|t:|1746043453\n|switch|p2b: Chien-Pao|Chien-Pao, L50|100/100\n|-ability|p2b: Chien-Pao|Sword of Ruin\n|turn|4\n|inactive|Jacrepid has 30 seconds left.\n|inactive|Jacrepid has 20 seconds left.\n|\n|t:|1746043489\n|-terastallize|p1a: Lunala|Fairy\n|-terastallize|p2a: Embo|Dragon\n|move|p1b: Iron Hands|Low Kick|p2a: Embo\n|-crit|p2a: Embo\n|-damage|p2a: Embo|0 fnt\n|faint|p2a: Embo\n|move|p1a: Lunala|Moonblast|p2b: Chien-Pao\n|-supereffective|p2b: Chien-Pao\n|-enditem|p2b: Chien-Pao|Focus Sash\n|-damage|p2b: Chien-Pao|1/100\n|move|p2b: Chien-Pao|Throat Chop|p1a: Lunala\n|-resisted|p1a: Lunala\n|-damage|p1a: Lunala|41/100\n|-start|p1a: Lunala|Throat Chop|[silent]\n|\n|upkeep\n|\n|t:|1746043496\n|switch|p2a: Rev 6:8|Calyrex-Shadow, L50|100/100\n|-ability|p2a: Rev 6:8|As One\n|-ability|p2a: Rev 6:8|Unnerve\n|turn|5\n|\n|t:|1746043505\n|switch|p1a: Chi-Yu|Chi-Yu, L50|100/100\n|-ability|p1a: Chi-Yu|Beads of Ruin\n|move|p2b: Chien-Pao|Protect|p2b: Chien-Pao\n|-singleturn|p2b: Chien-Pao|Protect\n|move|p2a: Rev 6:8|Protect|p2a: Rev 6:8\n|-singleturn|p2a: Rev 6:8|Protect\n|move|p1b: Iron Hands|Wild Charge|p2a: Rev 6:8\n|-activate|p2a: Rev 6:8|move: Protect\n|\n|-fieldend|move: Trick Room\n|-fieldend|move: Electric Terrain\n|-end|p1b: Iron Hands|Quark Drive\n|upkeep\n|turn|6\n|\n|t:|1746043518\n|move|p2b: Chien-Pao|Sucker Punch|p1a: Chi-Yu\n|-resisted|p1a: Chi-Yu\n|-damage|p1a: Chi-Yu|64/100\n|move|p1a: Chi-Yu|Snarl|p2b: Chien-Pao|[spread] p2a,p2b\n|-supereffective|p2a: Rev 6:8\n|-resisted|p2b: Chien-Pao\n|-damage|p2a: Rev 6:8|0 fnt\n|-damage|p2b: Chien-Pao|0 fnt\n|faint|p2a: Rev 6:8\n|faint|p2b: Chien-Pao\n|\n|win|Jacrepid\n|raw|Jacrepid's rating: 1268 &rarr; <strong>1293</strong><br />(+25 for winning)\n|raw|Luckstat10's rating: 1269 &rarr; <strong>1244</strong><br />(-25 for losing)\n|l|\u2606Luckstat10\n|player|p2|\n", "uploadtime": 1746043530, "views": 8, "formatid": "gen9vgc2025regibo3", "rating": 1244, "private": 0, "password": null}