{"id": "gen9vgc2025regibo3-2353762576", "format": "[Gen 9] VGC 2025 Reg I (Bo3)", "players": ["alteraltaltaccount", "bertcamem"], "log": "|j|\u203dalteraltaltaccount\n|j|\u2606bertcamem\n|html|<table width=\"100%\"><tr><td align=\"left\">alteraltaltaccount</td><td align=\"right\">bertcamem</tr><tr><td align=\"left\"><i class=\"fa fa-circle\"></i> <i class=\"fa fa-circle-o\"></i> </td><td align=\"right\"><i class=\"fa fa-circle-o\"></i> <i class=\"fa fa-circle\"></i> </tr></table>\n|uhtml|bestof|<h2><strong>Game 3</strong> of <a href=\"/game-bestof3-gen9vgc2025regibo3-2353761217\">a best-of-3</a></h2>\n|t:|1745995742\n|gametype|doubles\n|player|p1|alteraltaltaccount|lucas|1137\n|player|p2|bertcamem|169|1278\n|teamsize|p1|6\n|teamsize|p2|6\n|gen|9\n|tier|[Gen 9] VGC 2025 Reg I (Bo3)\n|rated|\n|rule|Species Clause: Limit one of each Pok\u00e9mon\n|rule|Item Clause: Limit 1 of each item\n|clearpoke\n|poke|p1|Miraidon, L50|\n|poke|p1|Urshifu-*, L50, F|\n|poke|p1|Rayquaza, L50|\n|poke|p1|Whimsicott, L50, F|\n|poke|p1|Farigiraf, L50, M|\n|poke|p1|Ogerpon-Hearthflame, L50, F|\n|poke|p2|Koraidon, L50|\n|poke|p2|Ho-Oh, L50|\n|poke|p2|Gurdurr, L50, M|\n|poke|p2|Flutter Mane, L50|\n|poke|p2|Rillaboom, L50, F|\n|poke|p2|Raging Bolt, L50|\n|teampreview|4\n|showteam|p1|Miraidon||ChoiceSpecs|HadronEngine|ElectroDrift,VoltSwitch,Discharge,DragonPulse||||||50|,,,,,Electric]Urshifu-Rapid-Strike||FocusSash|UnseenFist|SurgingStrikes,CloseCombat,AquaJet,Detect|||F|||50|,,,,,Stellar]Rayquaza||ClearAmulet|AirLock|SwordsDance,DragonAscent,ExtremeSpeed,Protect||||||50|,,,,,Normal]Whimsicott||CovertCloak|Prankster|Moonblast,Encore,LightScreen,Tailwind|||F|||50|,,,,,Dark]Farigiraf||RockyHelmet|ArmorTail|TrickRoom,HelpingHand,FoulPlay,Protect|||M|||50|,,,,,Water]Ogerpon-Hearthflame||HearthflameMask|MoldBreaker|IvyCudgel,HornLeech,SpikyShield,FollowMe|||F|||50|,,,,,Fire\n|showteam|p2|Koraidon||LifeOrb|OrichalcumPulse|FlareBlitz,CloseCombat,Protect,Uturn||||||50|,,,,,Fire]Ho-Oh||ClearAmulet|Regenerator|SacredFire,BraveBird,Protect,Tailwind||||||50|,,,,,Grass]Gurdurr||Eviolite|IronFist|DrainPunch,Coaching,WideGuard,HelpingHand|||M|||50|,,,,,Water]Flutter Mane||FocusSash|Protosynthesis|Moonblast,ShadowBall,Taunt,IcyWind||||||50|,,,,,Normal]Rillaboom||AssaultVest|GrassySurge|FakeOut,GrassyGlide,HighHorsepower,Uturn|||F|||50|,,,,,Fire]Raging Bolt||BoosterEnergy|Protosynthesis|Protect,Thunderclap,Thunderbolt,DracoMeteor||||||50|,,,,,Fairy\n|inactive|Battle timer is ON: inactive players will automatically lose when time's up. (requested by bertcamem)\n|\n|t:|1745995758\n|start\n|switch|p1a: Rayquaza|Rayquaza, L50|100/100\n|switch|p1b: Whimsicott|Whimsicott, L50, F|100/100\n|switch|p2a: Emperor|Ho-Oh, L50|100/100\n|switch|p2b: Chariot|Rillaboom, L50, F|100/100\n|-ability|p1a: Rayquaza|Air Lock\n|-fieldstart|move: Grassy Terrain|[from] ability: Grassy Surge|[of] p2b: Chariot\n|turn|1\n|\n|t:|1745995768\n|move|p1a: Rayquaza|Protect|p1a: Rayquaza\n|-singleturn|p1a: Rayquaza|Protect\n|move|p2b: Chariot|Fake Out|p1a: Rayquaza\n|-activate|p1a: Rayquaza|move: Protect\n|move|p1b: Whimsicott|Tailwind|p1b: Whimsicott\n|-sidestart|p1: alteraltaltaccount|move: Tailwind\n|move|p2a: Emperor|Sacred Fire|p1b: Whimsicott\n|-supereffective|p1b: Whimsicott\n|-damage|p1b: Whimsicott|0 fnt\n|faint|p1b: Whimsicott\n|\n|upkeep\n|\n|t:|1745995777\n|switch|p1b: Miraidon|Miraidon, L50|100/100\n|-fieldstart|move: Electric Terrain|[from] ability: Hadron Engine|[of] p1b: Miraidon\n|turn|2\n|\n|t:|1745995786\n|move|p2a: Emperor|Protect|p2a: Emperor\n|-singleturn|p2a: Emperor|Protect\n|move|p1b: Miraidon|Volt Switch|p2a: Emperor\n|-activate|p2a: Emperor|move: Protect\n|move|p1a: Rayquaza|Dragon Ascent|p2a: Emperor\n|-activate|p2a: Emperor|move: Protect\n|move|p2b: Chariot|U-turn|p1b: Miraidon\n|-damage|p1b: Miraidon|76/100\n|\n|t:|1745995792\n|switch|p2b: Magician|Flutter Mane, L50|100/100|[from] U-turn\n|\n|upkeep\n|turn|3\n|\n|t:|1745995803\n|-end|p2b: Magician|Protosynthesis|[silent]\n|switch|p2b: Chariot|Rillaboom, L50, F|100/100\n|-fieldstart|move: Grassy Terrain|[from] ability: Grassy Surge|[of] p2b: Chariot\n|move|p1b: Miraidon|Volt Switch|p2b: Chariot\n|-resisted|p2b: Chariot\n|-damage|p2b: Chariot|80/100\n|\n|t:|1745995805\n|switch|p1b: Ogerpon|Ogerpon-Hearthflame, L50, F|100/100|[from] Volt Switch\n|-ability|p1b: Ogerpon|Mold Breaker\n|move|p1a: Rayquaza|Dragon Ascent|p2b: Chariot\n|-supereffective|p2b: Chariot\n|-damage|p2b: Chariot|0 fnt\n|-unboost|p1a: Rayquaza|def|1\n|-unboost|p1a: Rayquaza|spd|1\n|faint|p2b: Chariot\n|move|p2a: Emperor|Tailwind|p2a: Emperor\n|-sidestart|p2: bertcamem|move: Tailwind\n|\n|upkeep\n|\n|t:|1745995809\n|switch|p2b: Magician|Flutter Mane, L50|100/100\n|turn|4\n|\n|t:|1745995821\n|move|p1b: Ogerpon|Follow Me|p1b: Ogerpon\n|-singleturn|p1b: Ogerpon|move: Follow Me\n|move|p2b: Magician|Icy Wind|p1b: Ogerpon|[spread] p1a,p1b\n|-supereffective|p1a: Rayquaza\n|-damage|p1a: Rayquaza|1/100\n|-damage|p1b: Ogerpon|84/100\n|-unboost|p1b: Ogerpon|spe|1\n|move|p1a: Rayquaza|Swords Dance|p1a: Rayquaza\n|-boost|p1a: Rayquaza|atk|2\n|move|p2a: Emperor|Brave Bird|p1b: Ogerpon\n|-supereffective|p1b: Ogerpon\n|-damage|p1b: Ogerpon|0 fnt\n|faint|p1b: Ogerpon\n|-damage|p2a: Emperor|80/100|[from] Recoil\n|\n|-sideend|p1: alteraltaltaccount|move: Tailwind\n|upkeep\n|\n|t:|1745995826\n|switch|p1b: Miraidon|Miraidon, L50|76/100\n|-fieldstart|move: Electric Terrain|[from] ability: Hadron Engine|[of] p1b: Miraidon\n|turn|5\n|\n|t:|1745995845\n|-terastallize|p1b: Miraidon|Electric\n|move|p1a: Rayquaza|Protect|p1a: Rayquaza\n|-singleturn|p1a: Rayquaza|Protect\n|move|p2b: Magician|Icy Wind|p1a: Rayquaza|[spread] p1b\n|-activate|p1a: Rayquaza|move: Protect\n|-damage|p1b: Miraidon|63/100\n|-unboost|p1b: Miraidon|spe|1\n|move|p2a: Emperor|Brave Bird|p1b: Miraidon\n|-resisted|p1b: Miraidon\n|-damage|p1b: Miraidon|33/100\n|-damage|p2a: Emperor|72/100|[from] Recoil\n|move|p1b: Miraidon|Electro Drift|p2b: Magician\n|-enditem|p2b: Magician|Focus Sash\n|-damage|p2b: Magician|1/100\n|\n|upkeep\n|turn|6\n|\n|t:|1745995859\n|move|p1a: Rayquaza|Protect|p1a: Rayquaza\n|-singleturn|p1a: Rayquaza|Protect\n|move|p2b: Magician|Moonblast|p1a: Rayquaza\n|-activate|p1a: Rayquaza|move: Protect\n|move|p2a: Emperor|Brave Bird|p1b: Miraidon\n|-resisted|p1b: Miraidon\n|-damage|p1b: Miraidon|1/100\n|-damage|p2a: Emperor|64/100|[from] Recoil\n|move|p1b: Miraidon|Electro Drift|p2a: Emperor\n|-supereffective|p2a: Emperor\n|-damage|p2a: Emperor|0 fnt\n|faint|p2a: Emperor\n|\n|-sideend|p2: bertcamem|move: Tailwind\n|upkeep\n|\n|t:|1745995862\n|switch|p2a: Sun|Koraidon, L50|100/100\n|-weather|SunnyDay|[from] ability: Orichalcum Pulse|[of] p2a: Sun\n|-activate|p2a: Sun|Orichalcum Pulse|[source]\n|turn|7\n|\n|t:|1745995879\n|-terastallize|p2a: Sun|Fire\n|move|p1a: Rayquaza|Extreme Speed|p2a: Sun\n|-damage|p2a: Sun|36/100\n|move|p2b: Magician|Icy Wind|p1a: Rayquaza|[spread] p1b\n|-miss|p2b: Magician|p1a: Rayquaza\n|-damage|p1b: Miraidon|0 fnt\n|faint|p1b: Miraidon\n|move|p2a: Sun|Close Combat|p1a: Rayquaza\n|-resisted|p1a: Rayquaza\n|-damage|p1a: Rayquaza|0 fnt\n|-unboost|p2a: Sun|def|1\n|-unboost|p2a: Sun|spd|1\n|faint|p1a: Rayquaza\n|-activate|p2b: Magician|ability: Protosynthesis\n|-start|p2b: Magician|protosynthesisspe\n|-damage|p2a: Sun|26/100|[from] item: Life Orb\n|\n|win|bertcamem\n|raw|alteraltaltaccount's rating: 1137 &rarr; <strong>1122</strong><br />(-15 for losing)\n|raw|bertcamem's rating: 1278 &rarr; <strong>1293</strong><br />(+15 for winning)\n|l|\u203dalteraltaltaccount\n|player|p1|\n|l|\u2606bertcamem\n|player|p2|\n", "uploadtime": 1745996173, "views": 6, "formatid": "gen9vgc2025regibo3", "rating": 1122, "private": 0, "password": null}