{"id": "gen9vgc2025regibo3-2354806542", "format": "[Gen 9] VGC 2025 Reg I (Bo3)", "players": ["Shirteasy22", "Citrus12340"], "log": "|j|\u203dShirteasy22\n|j|\u2606Citrus12340\n|html|<table width=\"100%\"><tr><td align=\"left\">Shirteasy22</td><td align=\"right\">Citrus12340</tr><tr><td align=\"left\"><i class=\"fa fa-circle-o\"></i> <i class=\"fa fa-circle-o\"></i> </td><td align=\"right\"><i class=\"fa fa-circle-o\"></i> <i class=\"fa fa-circle\"></i> </tr></table>\n|uhtml|bestof|<h2><strong>Game 2</strong> of <a href=\"/game-bestof3-gen9vgc2025regibo3-2354802632\">a best-of-3</a></h2>\n|t:|1746121400\n|gametype|doubles\n|player|p1|Shirteasy22|dancer|1159\n|player|p2|Citrus12340|fisherman|1126\n|teamsize|p1|6\n|teamsize|p2|6\n|gen|9\n|tier|[Gen 9] VGC 2025 Reg I (Bo3)\n|rated|\n|rule|Species Clause: Limit one of each Pok\u00e9mon\n|rule|Item Clause: Limit 1 of each item\n|clearpoke\n|poke|p1|Calyrex-Shadow, L50|\n|poke|p1|Thundurus, L50, M|\n|poke|p1|Koraidon, L50|\n|poke|p1|Clefairy, L50, M|\n|poke|p1|Incineroar, L50, M|\n|poke|p1|Ting-Lu, L50|\n|poke|p2|Dialga-Origin, L50|\n|poke|p2|Incineroar, L50, M|\n|poke|p2|Koraidon, L50|\n|poke|p2|Ursaluna, L50, M|\n|poke|p2|Tornadus, L50, M|\n|poke|p2|Grimmsnarl, L50, M|\n|teampreview|4\n|showteam|p1|Calyrex-Shadow||LifeOrb|AsOneSpectrier|AstralBarrage,Encore,Protect,DrainingKiss||||||50|,,,,,Fairy]Thundurus||WideLens|Prankster|ThunderWave,WildboltStorm,Protect,Taunt|||M|||50|,,,,,Steel]Koraidon||ClearAmulet|OrichalcumPulse|CollisionCourse,Protect,FlareBlitz,FlameCharge||||||50|,,,,,Fire]Clefairy||Eviolite|FriendGuard|FollowMe,AfterYou,HelpingHand,IcyWind|||M|||50|,,,,,Fairy]Incineroar||ChopleBerry|Intimidate|FlareBlitz,KnockOff,PartingShot,FakeOut|||M|||50|,,,,,Water]Ting-Lu||AssaultVest|VesselofRuin|ThroatChop,Snarl,Fissure,StompingTantrum||||||50|,,,,,Ghost\n|showteam|p2|Dialga-Origin||AdamantCrystal|Telepathy|TrickRoom,DragonPulse,FlashCannon,Protect||||||50|,,,,,Grass]Incineroar||SafetyGoggles|Intimidate|FakeOut,KnockOff,WillOWisp,PartingShot|||M|||50|,,,,,Ghost]Koraidon||ClearAmulet|OrichalcumPulse|CollisionCourse,FlameCharge,FlareBlitz,Protect||||||50|,,,,,Fire]Ursaluna||FlameOrb|Guts|Facade,Earthquake,Protect,HeadlongRush|||M|||50|,,,,,Ghost]Tornadus||CovertCloak|Prankster|Tailwind,SunnyDay,BleakwindStorm,Taunt|||M|||50|,,,,,Dark]Grimmsnarl||LightClay|Prankster|LightScreen,Reflect,FoulPlay,PartingShot|||M|||50|,,,,,Grass\n|inactive|Battle timer is ON: inactive players will automatically lose when time's up. (requested by Citrus12340)\n|inactive|Shirteasy22 has 60 seconds left.\n|inactive|Citrus12340 has 60 seconds left.\n|\n|t:|1746121437\n|start\n|switch|p1a: Thundurus|Thundurus, L50, M|100/100\n|switch|p1b: Calyrex|Calyrex-Shadow, L50|100/100\n|switch|p2a: Dialga|Dialga-Origin, L50|100/100\n|switch|p2b: Grimmsnarl|Grimmsnarl, L50, M|100/100\n|-ability|p1b: Calyrex|As One\n|-ability|p1b: Calyrex|Unnerve\n|turn|1\n|inactive|Shirteasy22 has 30 seconds left.\n|\n|t:|1746121466\n|move|p1a: Thundurus|Thunder Wave|p2a: Dialga\n|-status|p2a: Dialga|par\n|move|p1b: Calyrex|Astral Barrage|p2b: Grimmsnarl|[spread] p2a,p2b\n|-resisted|p2b: Grimmsnarl\n|-damage|p2a: Dialga|51/100 par\n|-damage|p2b: Grimmsnarl|73/100\n|-damage|p1b: Calyrex|91/100|[from] item: Life Orb\n|move|p2b: Grimmsnarl|Foul Play|p1b: Calyrex\n|-supereffective|p1b: Calyrex\n|-damage|p1b: Calyrex|0 fnt\n|faint|p1b: Calyrex\n|move|p2a: Dialga|Flash Cannon|p1a: Thundurus\n|-resisted|p1a: Thundurus\n|-damage|p1a: Thundurus|66/100\n|\n|upkeep\n|\n|t:|1746121483\n|switch|p1b: Koraidon|Koraidon, L50|100/100\n|-weather|SunnyDay|[from] ability: Orichalcum Pulse|[of] p1b: Koraidon\n|-activate|p1b: Koraidon|Orichalcum Pulse|[source]\n|turn|2\n|\n|t:|1746121503\n|move|p2b: Grimmsnarl|Reflect|p2b: Grimmsnarl\n|-sidestart|p2: Citrus12340|Reflect\n|move|p1b: Koraidon|Flare Blitz|p2a: Dialga\n|-damage|p2a: Dialga|13/100 par\n|-damage|p1b: Koraidon|87/100|[from] Recoil\n|move|p1a: Thundurus|Wildbolt Storm|p2b: Grimmsnarl|[spread] p2a,p2b\n|-resisted|p2a: Dialga\n|-damage|p2a: Dialga|1/100 par\n|-damage|p2b: Grimmsnarl|48/100\n|cant|p2a: Dialga|par\n|\n|-weather|SunnyDay|[upkeep]\n|upkeep\n|turn|3\n|\n|t:|1746121523\n|move|p1b: Koraidon|Flame Charge|p2a: Dialga\n|-damage|p2a: Dialga|0 fnt\n|-boost|p1b: Koraidon|spe|1\n|faint|p2a: Dialga\n|move|p1a: Thundurus|Wildbolt Storm|p2b: Grimmsnarl\n|-damage|p2b: Grimmsnarl|11/100\n|move|p2b: Grimmsnarl|Foul Play|p1b: Koraidon\n|-resisted|p1b: Koraidon\n|-damage|p1b: Koraidon|71/100\n|\n|-weather|SunnyDay|[upkeep]\n|upkeep\n|\n|t:|1746121541\n|switch|p2a: Ursaluna|Ursaluna, L50, M|100/100\n|turn|4\n|l|\u203dShirteasy22\n|inactive|Shirteasy22 disconnected and has a minute to reconnect!\n|player|p1|\n|j|\u203dShirteasy22\n|inactive|Shirteasy22 reconnected and has 40 seconds left.\n|player|p1|Shirteasy22|dancer|\n|n|\u203dShirteasy22|shirteasy22\n|inactive|Shirteasy22 has 30 seconds left.\n|\n|t:|1746121567\n|switch|p1a: Incineroar|Incineroar, L50, M|100/100\n|-ability|p1a: Incineroar|Intimidate|boost\n|-unboost|p2a: Ursaluna|atk|1\n|-unboost|p2b: Grimmsnarl|atk|1\n|move|p1b: Koraidon|Protect|p1b: Koraidon\n|-singleturn|p1b: Koraidon|Protect\n|move|p2a: Ursaluna|Protect|p2a: Ursaluna\n|-singleturn|p2a: Ursaluna|Protect\n|move|p2b: Grimmsnarl|Light Screen|p2b: Grimmsnarl\n|-sidestart|p2: Citrus12340|move: Light Screen\n|\n|-weather|SunnyDay|[upkeep]\n|-status|p2a: Ursaluna|brn|[from] item: Flame Orb\n|upkeep\n|turn|5\n|inactive|Shirteasy22 has 30 seconds left.\n|\n|t:|1746121593\n|switch|p1b: Thundurus|Thundurus, L50, M|66/100\n|-terastallize|p2a: Ursaluna|Ghost\n|move|p2a: Ursaluna|Earthquake|p1a: Incineroar|[spread] p2b,p1a\n|-immune|p1b: Thundurus\n|-supereffective|p1a: Incineroar\n|-damage|p2b: Grimmsnarl|0 fnt\n|-damage|p1a: Incineroar|20/100\n|faint|p2b: Grimmsnarl\n|move|p1a: Incineroar|Flare Blitz|p2a: Ursaluna\n|-damage|p2a: Ursaluna|58/100 brn\n|-damage|p1a: Incineroar|5/100|[from] Recoil\n|\n|-weather|SunnyDay|[upkeep]\n|-damage|p2a: Ursaluna|52/100 brn|[from] brn\n|upkeep\n|\n|t:|1746121603\n|switch|p2b: Koraidon|Koraidon, L50|100/100\n|-activate|p2b: Koraidon|ability: Orichalcum Pulse\n|turn|6\n|\n|t:|1746121620\n|move|p1b: Thundurus|Thunder Wave|p2b: Koraidon\n|-status|p2b: Koraidon|par\n|move|p2a: Ursaluna|Facade|p1b: Thundurus\n|-crit|p1b: Thundurus\n|-damage|p1b: Thundurus|0 fnt\n|faint|p1b: Thundurus\n|move|p1a: Incineroar|Knock Off|p2a: Ursaluna\n|-supereffective|p2a: Ursaluna\n|-damage|p2a: Ursaluna|10/100 brn\n|-enditem|p2a: Ursaluna|Flame Orb|[from] move: Knock Off|[of] p1a: Incineroar\n|move|p2b: Koraidon|Flame Charge|p1a: Incineroar\n|-resisted|p1a: Incineroar\n|-damage|p1a: Incineroar|0 fnt\n|-boost|p2b: Koraidon|spe|1\n|faint|p1a: Incineroar\n|\n|-weather|none\n|-damage|p2a: Ursaluna|3/100 brn|[from] brn\n|upkeep\n|\n|t:|1746121641\n|switch|p1a: Koraidon|Koraidon, L50|71/100\n|-weather|SunnyDay|[from] ability: Orichalcum Pulse|[of] p1a: Koraidon\n|-activate|p1a: Koraidon|Orichalcum Pulse|[source]\n|turn|7\n|\n|t:|1746121648\n|move|p1a: Koraidon|Protect|p1a: Koraidon\n|-singleturn|p1a: Koraidon|Protect\n|move|p2b: Koraidon|Collision Course|p1a: Koraidon\n|-activate|p1a: Koraidon|move: Protect\n|move|p2a: Ursaluna|Facade|p1a: Koraidon\n|-activate|p1a: Koraidon|move: Protect\n|\n|-weather|SunnyDay|[upkeep]\n|-damage|p2a: Ursaluna|0 fnt|[from] brn\n|faint|p2a: Ursaluna\n|upkeep\n|turn|8\n|\n|t:|1746121666\n|move|p1a: Koraidon|Collision Course|p2b: Koraidon\n|-damage|p2b: Koraidon|66/100 par\n|move|p2b: Koraidon|Collision Course|p1a: Koraidon\n|-damage|p1a: Koraidon|13/100\n|\n|-weather|SunnyDay|[upkeep]\n|upkeep\n|turn|9\n|\n|t:|1746121676\n|move|p1a: Koraidon|Protect|p1a: Koraidon\n|-singleturn|p1a: Koraidon|Protect\n|move|p2b: Koraidon|Collision Course|p1a: Koraidon\n|-activate|p1a: Koraidon|move: Protect\n|\n|-weather|SunnyDay|[upkeep]\n|-sideend|p2: Citrus12340|Reflect\n|upkeep\n|turn|10\n|\n|t:|1746121686\n|move|p1a: Koraidon|Collision Course|p2b: Koraidon\n|-damage|p2b: Koraidon|19/100 par\n|move|p2b: Koraidon|Collision Course|p1a: Koraidon\n|-damage|p1a: Koraidon|0 fnt\n|faint|p1a: Koraidon\n|\n|win|Citrus12340\n|raw|Shirteasy22's rating: 1159 &rarr; <strong>1132</strong><br />(-27 for losing)\n|raw|Citrus12340's rating: 1126 &rarr; <strong>1153</strong><br />(+27 for winning)\n|l|\u2606Citrus12340\n|player|p2|\n", "uploadtime": 1746121710, "views": 13, "formatid": "gen9vgc2025regibo3", "rating": 1132, "private": 0, "password": null}