{"id": "gen9vgc2025regibo3-2354109449", "format": "[Gen 9] VGC 2025 Reg I (Bo3)", "players": ["SilvrD", "mavvyvgc"], "log": "|j|\u2606SilvrD\n|j|\u2606mavvyvgc\n|html|<table width=\"100%\"><tr><td align=\"left\">SilvrD</td><td align=\"right\">mavvyvgc</tr><tr><td align=\"left\"><i class=\"fa fa-circle-o\"></i> <i class=\"fa fa-circle-o\"></i> </td><td align=\"right\"><i class=\"fa fa-circle-o\"></i> <i class=\"fa fa-circle-o\"></i> </tr></table>\n|uhtml|bestof|<h2><strong>Game 1</strong> of <a href=\"/game-bestof3-gen9vgc2025regibo3-2354109446\">a best-of-3</a></h2>\n|t:|1746035650\n|gametype|doubles\n|player|p1|SilvrD|elesa|1048\n|player|p2|mavvyvgc|riley|1023\n|teamsize|p1|6\n|teamsize|p2|6\n|gen|9\n|tier|[Gen 9] VGC 2025 Reg I (Bo3)\n|rated|\n|rule|Species Clause: Limit one of each Pok\u00e9mon\n|rule|Item Clause: Limit 1 of each item\n|clearpoke\n|poke|p1|Kyogre, L50|\n|poke|p1|Incineroar, L50, F|\n|poke|p1|Archaludon, L50, F|\n|poke|p1|Miraidon, L50|\n|poke|p1|Weezing-Galar, L50, F|\n|poke|p1|Kingdra, L50, M|\n|poke|p2|Calyrex-Shadow, L50|\n|poke|p2|Kyurem, L50|\n|poke|p2|Slowking, L50, M|\n|poke|p2|Ninetales-Alola, L50, M|\n|poke|p2|Tornadus, L50, M|\n|poke|p2|Incineroar, L50, M|\n|teampreview|4\n|showteam|p1|Kyogre||ChoiceScarf|Drizzle|WaterSpout,Thunder,TeraBlast,Blizzard||||||50|,,,,,Grass]Incineroar||SafetyGoggles|Intimidate|FakeOut,KnockOff,BrickBreak,PartingShot|||F|||50|,,,,,Bug]Archaludon||AssaultVest|Stamina|ElectroShot,AuraSphere,FlashCannon,DracoMeteor|||F|||50|,,,,,Electric]Miraidon||ChoiceSpecs|HadronEngine|DazzlingGleam,ElectroDrift,DracoMeteor,VoltSwitch||||||50|,,,,,Fairy]Weezing-Galar||FocusSash|NeutralizingGas|ClearSmog,Defog,Explosion,Protect|||F|||50|,,,,,Flying]Kingdra||LifeOrb|SwiftSwim|WeatherBall,DragonPulse,FlashCannon,Protect|||M|||50|,,,,,Steel\n|showteam|p2|Calyrex-Shadow||FocusSash|AsOneSpectrier|DarkPulse,AstralBarrage,NastyPlot,Protect||||||50|,,,,,Dark]Kyurem||NeverMeltIce|Pressure|DracoMeteor,Protect,Glaciate,Blizzard||||||50|,,,,,Fire]Slowking||RockyHelmet|Oblivious|Psychic,TrickRoom,ChillyReception,HydroPump|||M|||50|,,,,,Water]Ninetales-Alola||LifeOrb|SnowWarning|Moonblast,FreezeDry,Blizzard,Protect|||M|||50|,,,,,Electric]Tornadus||CovertCloak|Prankster|Tailwind,WeatherBall,Protect,Snowscape|||M|||50|,,,,,Dark]Incineroar||AssaultVest|Intimidate|FakeOut,KnockOff,FlareBlitz,Uturn|||M|||50|,,,,,Fire\n|\n|t:|1746035710\n|start\n|switch|p1a: Incineroar|Incineroar, L50, F|100/100\n|switch|p1b: Miraidon|Miraidon, L50|100/100\n|switch|p2a: Slowking|Slowking, L50, M|100/100\n|switch|p2b: Incineroar|Incineroar, L50, M|100/100\n|-fieldstart|move: Electric Terrain|[from] ability: Hadron Engine|[of] p1b: Miraidon\n|-ability|p2b: Incineroar|Intimidate|boost\n|-unboost|p1a: Incineroar|atk|1\n|-unboost|p1b: Miraidon|atk|1\n|-ability|p1a: Incineroar|Intimidate|boost\n|-fail|p2a: Slowking|unboost|Attack|[from] ability: Oblivious|[of] p2a: Slowking\n|-unboost|p2b: Incineroar|atk|1\n|turn|1\n|\n|t:|1746035748\n|move|p2b: Incineroar|Fake Out|p1b: Miraidon\n|-damage|p1b: Miraidon|93/100\n|move|p1a: Incineroar|Fake Out|p2b: Incineroar\n|-damage|p2b: Incineroar|95/100\n|cant|p1b: Miraidon|flinch\n|move|p2a: Slowking|Trick Room|p2a: Slowking\n|-fieldstart|move: Trick Room|[of] p2a: Slowking\n|\n|upkeep\n|turn|2\n|\n|t:|1746035786\n|-prepare|p2a: Slowking|Chilly Reception|[premajor]\n|move|p2a: Slowking|Chilly Reception|p2a: Slowking\n|-weather|Snowscape\n|\n|t:|1746035791\n|switch|p2a: Kyurem|Kyurem, L50|100/100|[from] Chilly Reception\n|-ability|p2a: Kyurem|Pressure\n|move|p1a: Incineroar|Knock Off|p2a: Kyurem\n|-damage|p2a: Kyurem|85/100\n|-enditem|p2a: Kyurem|Never-Melt Ice|[from] move: Knock Off|[of] p1a: Incineroar\n|move|p2b: Incineroar|Knock Off|p1b: Miraidon\n|-damage|p1b: Miraidon|66/100\n|-enditem|p1b: Miraidon|Choice Specs|[from] move: Knock Off|[of] p2b: Incineroar\n|move|p1b: Miraidon|Volt Switch|p2b: Incineroar\n|-damage|p2b: Incineroar|54/100\n|\n|t:|1746035809\n|switch|p1b: Archaludon|Archaludon, L50, F|100/100|[from] Volt Switch\n|\n|-weather|Snowscape|[upkeep]\n|upkeep\n|turn|3\n|\n|t:|1746035836\n|-terastallize|p1b: Archaludon|Electric\n|move|p1a: Incineroar|Parting Shot|p2a: Kyurem\n|-unboost|p2a: Kyurem|atk|1\n|-unboost|p2a: Kyurem|spa|1\n|\n|t:|1746035842\n|switch|p1a: Kyogre|Kyogre, L50|100/100|[from] Parting Shot\n|-weather|RainDance|[from] ability: Drizzle|[of] p1a: Kyogre\n|move|p2b: Incineroar|Knock Off|p1b: Archaludon\n|-damage|p1b: Archaludon|78/100\n|-ability|p1b: Archaludon|Stamina|boost\n|-boost|p1b: Archaludon|def|1\n|-enditem|p1b: Archaludon|Assault Vest|[from] move: Knock Off|[of] p2b: Incineroar\n|move|p2a: Kyurem|Draco Meteor|p1b: Archaludon\n|-damage|p1b: Archaludon|8/100\n|-unboost|p2a: Kyurem|spa|2\n|-ability|p1b: Archaludon|Stamina|boost\n|-boost|p1b: Archaludon|def|1\n|move|p1b: Archaludon|Electro Shot||[still]\n|-prepare|p1b: Archaludon|Electro Shot\n|-boost|p1b: Archaludon|spa|1\n|-anim|p1b: Archaludon|Electro Shot|p2b: Incineroar\n|-damage|p2b: Incineroar|0 fnt\n|faint|p2b: Incineroar\n|\n|-weather|RainDance|[upkeep]\n|upkeep\n|\n|t:|1746035861\n|switch|p2b: Slowking|Slowking, L50, M|100/100\n|turn|4\n|\n|t:|1746035902\n|switch|p1b: Incineroar|Incineroar, L50, F|100/100\n|-ability|p1b: Incineroar|Intimidate|boost\n|-unboost|p2a: Kyurem|atk|1\n|-fail|p2b: Slowking|unboost|Attack|[from] ability: Oblivious|[of] p2b: Slowking\n|move|p2b: Slowking|Psychic|p1a: Kyogre\n|-damage|p1a: Kyogre|76/100\n|move|p2a: Kyurem|Glaciate|p1b: Incineroar|[spread] p1a,p1b\n|-resisted|p1a: Kyogre\n|-resisted|p1b: Incineroar\n|-damage|p1a: Kyogre|73/100\n|-damage|p1b: Incineroar|96/100\n|-unboost|p1a: Kyogre|spe|1\n|-unboost|p1b: Incineroar|spe|1\n|move|p1a: Kyogre|Water Spout|p2b: Slowking|[spread] p2a,p2b\n|-resisted|p2a: Kyurem\n|-resisted|p2b: Slowking\n|-damage|p2a: Kyurem|57/100\n|-damage|p2b: Slowking|72/100\n|\n|-weather|RainDance|[upkeep]\n|upkeep\n|turn|5\n|\n|t:|1746035924\n|switch|p1a: Miraidon|Miraidon, L50|66/100\n|-activate|p1a: Miraidon|ability: Hadron Engine\n|move|p2a: Kyurem|Protect|p2a: Kyurem\n|-singleturn|p2a: Kyurem|Protect\n|move|p1b: Incineroar|Fake Out|p2b: Slowking\n|-damage|p2b: Slowking|64/100\n|-damage|p1b: Incineroar|80/100|[from] item: Rocky Helmet|[of] p2b: Slowking\n|cant|p2b: Slowking|flinch\n|\n|-weather|RainDance|[upkeep]\n|-fieldend|move: Trick Room\n|-fieldend|move: Electric Terrain\n|upkeep\n|turn|6\n|\n|t:|1746035958\n|switch|p2b: Calyrex|Calyrex-Shadow, L50|100/100\n|-ability|p2b: Calyrex|As One\n|-ability|p2b: Calyrex|Unnerve\n|move|p1a: Miraidon|Volt Switch|p2b: Calyrex\n|-damage|p2b: Calyrex|64/100\n|\n|t:|1746035975\n|switch|p1a: Kyogre|Kyogre, L50|73/100|[from] Volt Switch\n|move|p2a: Kyurem|Glaciate|p1b: Incineroar|[spread] p1a,p1b\n|-resisted|p1a: Kyogre\n|-resisted|p1b: Incineroar\n|-damage|p1a: Kyogre|69/100\n|-damage|p1b: Incineroar|75/100\n|-unboost|p1a: Kyogre|spe|1\n|-unboost|p1b: Incineroar|spe|1\n|move|p1b: Incineroar|Brick Break|p2a: Kyurem\n|-supereffective|p2a: Kyurem\n|-damage|p2a: Kyurem|26/100\n|\n|-weather|RainDance|[upkeep]\n|upkeep\n|turn|7\n|\n|t:|1746036008\n|switch|p1a: Archaludon|Archaludon, L50, F, tera:Electric|8/100\n|-terastallize|p2b: Calyrex|Dark\n|move|p2b: Calyrex|Astral Barrage|p1a: Archaludon|[spread] p1a,p1b\n|-resisted|p1b: Incineroar\n|-damage|p1a: Archaludon|0 fnt\n|-damage|p1b: Incineroar|48/100\n|faint|p1a: Archaludon\n|-ability|p2b: Calyrex|Grim Neigh|boost\n|-boost|p2b: Calyrex|spa|1\n|move|p2a: Kyurem|Glaciate|p1b: Incineroar\n|-resisted|p1b: Incineroar\n|-damage|p1b: Incineroar|41/100\n|-unboost|p1b: Incineroar|spe|1\n|move|p1b: Incineroar|Knock Off|p2b: Calyrex\n|-resisted|p2b: Calyrex\n|-damage|p2b: Calyrex|42/100\n|-enditem|p2b: Calyrex|Focus Sash|[from] move: Knock Off|[of] p1b: Incineroar\n|\n|-weather|none\n|upkeep\n|\n|t:|1746036012\n|switch|p1a: Kyogre|Kyogre, L50|69/100\n|-weather|RainDance|[from] ability: Drizzle|[of] p1a: Kyogre\n|turn|8\n|\n|t:|1746036036\n|move|p2b: Calyrex|Protect|p2b: Calyrex\n|-singleturn|p2b: Calyrex|Protect\n|move|p1a: Kyogre|Water Spout|p2a: Kyurem|[spread] p2a\n|-activate|p2b: Calyrex|move: Protect\n|-resisted|p2a: Kyurem\n|-damage|p2a: Kyurem|0 fnt\n|faint|p2a: Kyurem\n|move|p1b: Incineroar|Brick Break|p2b: Calyrex\n|-activate|p2b: Calyrex|move: Protect\n|\n|-weather|RainDance|[upkeep]\n|upkeep\n|\n|t:|1746036051\n|switch|p2a: Slowking|Slowking, L50, M|64/100\n|turn|9\n|\n|t:|1746036063\n|move|p2b: Calyrex|Protect||[still]\n|-fail|p2b: Calyrex\n|move|p1a: Kyogre|Water Spout|p2b: Calyrex|[spread] p2a,p2b\n|-resisted|p2a: Slowking\n|-damage|p2a: Slowking|39/100\n|-damage|p2b: Calyrex|0 fnt\n|faint|p2b: Calyrex\n|move|p1b: Incineroar|Knock Off|p2a: Slowking\n|-supereffective|p2a: Slowking\n|-damage|p2a: Slowking|0 fnt\n|-damage|p1b: Incineroar|25/100|[from] item: Rocky Helmet|[of] p2a: Slowking\n|-enditem|p2a: Slowking|Rocky Helmet|[from] move: Knock Off|[of] p1b: Incineroar\n|faint|p2a: Slowking\n|\n|win|SilvrD\n|l|\u2606SilvrD\n|player|p1|\n||SilvrD is ready for game 2.\n|inactive|mavvyvgc has 30 seconds to confirm battle start!\n", "uploadtime": 1746036077, "views": 10, "formatid": "gen9vgc2025regibo3", "rating": null, "private": 0, "password": null}