{"id": "gen9vgc2025regibo3-2353916748", "format": "[Gen 9] VGC 2025 Reg I (Bo3)", "players": ["QrdeJegoMac", "Woopah96"], "log": "|j|\u2606QrdeJegoMac\n|j|\u2606Woopah96\n|html|<table width=\"100%\"><tr><td align=\"left\">QrdeJegoMac</td><td align=\"right\">Woopah96</tr><tr><td align=\"left\"><i class=\"fa fa-circle-o\"></i> <i class=\"fa fa-circle-o\"></i> </td><td align=\"right\"><i class=\"fa fa-circle-o\"></i> <i class=\"fa fa-circle-o\"></i> </tr></table>\n|uhtml|bestof|<h2><strong>Game 1</strong> of <a href=\"/game-bestof3-gen9vgc2025regibo3-2353916747\">a best-of-3</a></h2>\n|t:|1746018577\n|gametype|doubles\n|player|p1|QrdeJegoMac|101|1198\n|player|p2|Woopah96|2|1238\n|teamsize|p1|6\n|teamsize|p2|6\n|gen|9\n|tier|[Gen 9] VGC 2025 Reg I (Bo3)\n|rated|\n|rule|Species Clause: Limit one of each Pok\u00e9mon\n|rule|Item Clause: Limit 1 of each item\n|clearpoke\n|poke|p1|Farigiraf, L50, M|\n|poke|p1|Landorus, L50, M|\n|poke|p1|Ogerpon-Cornerstone, L50, F|\n|poke|p1|Calyrex-Ice, L50|\n|poke|p1|Miraidon, L50|\n|poke|p1|Whimsicott, L50, F|\n|poke|p2|Miraidon, L50|\n|poke|p2|Lunala, L50|\n|poke|p2|Whimsicott, L50, F|\n|poke|p2|Chi-Yu, L50|\n|poke|p2|Urshifu-*, L50, F|\n|poke|p2|Iron Hands, L50|\n|teampreview|4\n|showteam|p1|Farigiraf||SafetyGoggles|ArmorTail|FoulPlay,HelpingHand,TrickRoom,Psychic|||M|||50|,,,,,Water]Landorus||LifeOrb|SheerForce|Protect,SludgeBomb,EarthPower,SandsearStorm|||M|||50|,,,,,Poison]Ogerpon-Cornerstone||CornerstoneMask|Sturdy|IvyCudgel,PowerWhip,SpikyShield,FollowMe|||F|||50|,,,,,Rock]Calyrex-Ice||ClearAmulet|AsOneGlastrier|TrickRoom,GlacialLance,Protect,HighHorsepower||||||50|,,,,,Water]Miraidon||ChoiceSpecs|HadronEngine|ElectroDrift,DracoMeteor,VoltSwitch,DazzlingGleam||||||50|,,,,,Fairy]Whimsicott||CovertCloak|Prankster|Moonblast,Tailwind,LightScreen,Encore|||F|||50|,,,,,Dark\n|showteam|p2|Miraidon||ChoiceSpecs|HadronEngine|ElectroDrift,VoltSwitch,DracoMeteor,DazzlingGleam||||||50|,,,,,Fairy]Lunala||ElectricSeed|ShadowShield|MoongeistBeam,Psyshock,TrickRoom,WideGuard||||||50|,,,,,Water]Whimsicott||CovertCloak|Prankster|Moonblast,Tailwind,Encore,LightScreen|||F|||50|,,,,,Dark]Chi-Yu||ChoiceScarf|BeadsofRuin|HeatWave,DarkPulse,Overheat,Snarl||||||50|,,,,,Ghost]Urshifu-Rapid-Strike||FocusSash|UnseenFist|SurgingStrikes,CloseCombat,AquaJet,Detect|||F|||50|,,,,,Stellar]Iron Hands||AssaultVest|QuarkDrive|DrainPunch,LowKick,WildCharge,FakeOut||||||50|,,,,,Water\n|inactive|Battle timer is ON: inactive players will automatically lose when time's up. (requested by QrdeJegoMac)\n|inactive|Woopah96 has 60 seconds left.\n|\n|t:|1746018628\n|start\n|switch|p1a: Miraidon|Miraidon, L50|100/100\n|switch|p1b: Whimsicott|Whimsicott, L50, F|100/100\n|switch|p2a: Urshifu|Urshifu-Rapid-Strike, L50, F|100/100\n|switch|p2b: Whimsicott|Whimsicott, L50, F|100/100\n|-fieldstart|move: Electric Terrain|[from] ability: Hadron Engine|[of] p1a: Miraidon\n|turn|1\n|\n|t:|1746018647\n|move|p1a: Miraidon|Dazzling Gleam|p2b: Whimsicott|[spread] p2a,p2b\n|-supereffective|p2a: Urshifu\n|-enditem|p2a: Urshifu|Focus Sash\n|-damage|p2a: Urshifu|1/100\n|-damage|p2b: Whimsicott|39/100\n|move|p1b: Whimsicott|Moonblast|p2a: Urshifu\n|-supereffective|p2a: Urshifu\n|-damage|p2a: Urshifu|0 fnt\n|faint|p2a: Urshifu\n|move|p2b: Whimsicott|Moonblast|p1a: Miraidon\n|-supereffective|p1a: Miraidon\n|-damage|p1a: Miraidon|50/100\n|\n|upkeep\n|\n|t:|1746018662\n|switch|p2a: Miraidon|Miraidon, L50|100/100\n|-activate|p2a: Miraidon|ability: Hadron Engine\n|turn|2\n|\n|t:|1746018683\n|-terastallize|p2a: Miraidon|Fairy\n|-terastallize|p1a: Miraidon|Fairy\n|move|p1b: Whimsicott|Encore|p2b: Whimsicott\n|-start|p2b: Whimsicott|Encore\n|move|p2b: Whimsicott|Moonblast|p1a: Miraidon\n|-damage|p1a: Miraidon|25/100\n|-unboost|p1a: Miraidon|spa|1\n|move|p2a: Miraidon|Dazzling Gleam|p1a: Miraidon|[spread] p1a,p1b\n|-damage|p1a: Miraidon|0 fnt\n|-damage|p1b: Whimsicott|20/100\n|faint|p1a: Miraidon\n|\n|upkeep\n|\n|t:|1746018693\n|switch|p1a: Landorus|Landorus, L50, M|100/100\n|turn|3\n|\n|t:|1746018719\n|switch|p2a: Lunala|Lunala, L50|100/100\n|-enditem|p2a: Lunala|Electric Seed\n|-boost|p2a: Lunala|def|1|[from] item: Electric Seed\n|move|p1b: Whimsicott|Tailwind|p1b: Whimsicott\n|-sidestart|p1: QrdeJegoMac|move: Tailwind\n|move|p1a: Landorus|Sludge Bomb|p2a: Lunala\n|-resisted|p2a: Lunala\n|-damage|p2a: Lunala|91/100\n|move|p2b: Whimsicott|Moonblast|p1b: Whimsicott\n|-damage|p1b: Whimsicott|0 fnt\n|faint|p1b: Whimsicott\n|\n|upkeep\n|\n|t:|1746018731\n|switch|p1b: Farigiraf|Farigiraf, L50, M|100/100\n|turn|4\n|\n|t:|1746018743\n|switch|p2b: Miraidon|Miraidon, L50, tera:Fairy|100/100\n|-activate|p2b: Miraidon|ability: Hadron Engine\n|move|p1a: Landorus|Earth Power|p2a: Lunala\n|-damage|p2a: Lunala|38/100\n|move|p1b: Farigiraf|Foul Play|p2a: Lunala\n|-supereffective|p2a: Lunala\n|-damage|p2a: Lunala|0 fnt\n|faint|p2a: Lunala\n|\n|upkeep\n|\n|t:|1746018755\n|switch|p2a: Whimsicott|Whimsicott, L50, F|39/100\n|turn|5\n|\n|t:|1746018772\n|move|p1a: Landorus|Protect|p1a: Landorus\n|-singleturn|p1a: Landorus|Protect\n|move|p2a: Whimsicott|Encore||[still]\n|cant|p1b: Farigiraf|ability: Armor Tail|Encore|[of] p2a: Whimsicott\n|move|p2b: Miraidon|Dazzling Gleam|p1a: Landorus|[spread] p1b\n|-activate|p1a: Landorus|move: Protect\n|-damage|p1b: Farigiraf|30/100\n|move|p1b: Farigiraf|Trick Room|p1b: Farigiraf\n|-fieldstart|move: Trick Room|[of] p1b: Farigiraf\n|\n|-fieldend|move: Electric Terrain\n|upkeep\n|turn|6\n|\n|t:|1746018793\n|move|p1b: Farigiraf|Helping Hand|p1a: Landorus\n|-singleturn|p1a: Landorus|Helping Hand|[of] p1b: Farigiraf\n|move|p2a: Whimsicott|Moonblast|p1a: Landorus\n|-damage|p1a: Landorus|69/100\n|move|p2b: Miraidon|Dazzling Gleam|p1b: Farigiraf|[spread] p1a,p1b\n|-damage|p1a: Landorus|8/100\n|-damage|p1b: Farigiraf|0 fnt\n|faint|p1b: Farigiraf\n|move|p1a: Landorus|Sludge Bomb|p2b: Miraidon\n|-supereffective|p2b: Miraidon\n|-damage|p2b: Miraidon|0 fnt\n|faint|p2b: Miraidon\n|\n|-sideend|p1: QrdeJegoMac|move: Tailwind\n|upkeep\n|turn|7\n|\n|t:|1746018811\n|move|p1a: Landorus|Protect|p1a: Landorus\n|-singleturn|p1a: Landorus|Protect\n|move|p2a: Whimsicott|Moonblast|p1a: Landorus\n|-activate|p1a: Landorus|move: Protect\n|\n|upkeep\n|turn|8\n|\n|t:|1746018814\n|move|p2a: Whimsicott|Encore|p1a: Landorus\n|-start|p1a: Landorus|Encore\n|move|p1a: Landorus|Protect||[still]\n|-fail|p1a: Landorus\n|\n|upkeep\n|turn|9\n|\n|t:|1746018820\n|move|p1a: Landorus|Protect|p1a: Landorus\n|-singleturn|p1a: Landorus|Protect\n|move|p2a: Whimsicott|Moonblast|p1a: Landorus\n|-activate|p1a: Landorus|move: Protect\n|\n|-fieldend|move: Trick Room\n|upkeep\n|turn|10\n|\n|t:|1746018822\n|move|p1a: Landorus|Protect|p1a: Landorus\n|-singleturn|p1a: Landorus|Protect\n|move|p2a: Whimsicott|Moonblast|p1a: Landorus\n|-activate|p1a: Landorus|move: Protect\n|\n|-end|p1a: Landorus|Encore\n|upkeep\n|turn|11\n|\n|t:|1746018826\n|move|p2a: Whimsicott|Encore|p1a: Landorus\n|-start|p1a: Landorus|Encore\n|move|p1a: Landorus|Protect||[still]\n|-fail|p1a: Landorus\n|\n|upkeep\n|turn|12\n|\n|t:|1746018828\n|move|p1a: Landorus|Protect|p1a: Landorus\n|-singleturn|p1a: Landorus|Protect\n|move|p2a: Whimsicott|Moonblast|p1a: Landorus\n|-activate|p1a: Landorus|move: Protect\n|\n|upkeep\n|turn|13\n|\n|t:|1746018830\n|move|p1a: Landorus|Protect||[still]\n|-fail|p1a: Landorus\n|move|p2a: Whimsicott|Moonblast|p1a: Landorus\n|-damage|p1a: Landorus|0 fnt\n|faint|p1a: Landorus\n|\n|win|Woopah96\n||QrdeJegoMac is ready for game 2.\n||Woopah96 is ready for game 2.\n|uhtml|next|Next: <a href=\"/battle-gen9vgc2025regibo3-2353919123\"><strong>Game 2 of 3</strong></a>\n", "uploadtime": 1746019068, "views": 17, "formatid": "gen9vgc2025regibo3", "rating": null, "private": 0, "password": null}