{"id": "gen9vgc2025regibo3-2354948848", "format": "[Gen 9] VGC 2025 Reg I (Bo3)", "players": ["thedbeast777", "theanamoly"], "log": "|j|\u2606thedbeast777\n|j|\u2606theanamoly\n|html|<table width=\"100%\"><tr><td align=\"left\">thedbeast777</td><td align=\"right\">theanamoly</tr><tr><td align=\"left\"><i class=\"fa fa-circle-o\"></i> <i class=\"fa fa-circle-o\"></i> </td><td align=\"right\"><i class=\"fa fa-circle-o\"></i> <i class=\"fa fa-circle\"></i> </tr></table>\n|uhtml|bestof|<h2><strong>Game 2</strong> of <a href=\"/game-bestof3-gen9vgc2025regibo3-2354945925\">a best-of-3</a></h2>\n|t:|1746134756\n|gametype|doubles\n|player|p1|thedbeast777|170|1079\n|player|p2|theanamoly|2|1080\n|teamsize|p1|6\n|teamsize|p2|6\n|gen|9\n|tier|[Gen 9] VGC 2025 Reg I (Bo3)\n|rated|\n|rule|Species Clause: Limit one of each Pok\u00e9mon\n|rule|Item Clause: Limit 1 of each item\n|clearpoke\n|poke|p1|Flutter Mane, L50|\n|poke|p1|Chien-Pao, L50|\n|poke|p1|Koraidon, L50|\n|poke|p1|Lunala, L50|\n|poke|p1|Amoonguss, L50, F|\n|poke|p1|Ursaluna-Bloodmoon, L50, M|\n|poke|p2|Sneasler, L50, M|\n|poke|p2|Calyrex-Shadow, L50|\n|poke|p2|Dondozo, L50, M|\n|poke|p2|Tatsugiri-Droopy, L50, F|\n|poke|p2|Chi-Yu, L50|\n|poke|p2|Miraidon, L50|\n|teampreview|4\n|showteam|p1|Flutter Mane||BoosterEnergy|Protosynthesis|Moonblast,ShadowBall,IcyWind,Protect||||||50|,,,,,Normal]Chien-Pao||FocusSash|SwordofRuin|Protect,SuckerPunch,IceSpinner,ThroatChop||||||50|,,,,,Ghost]Koraidon||ClearAmulet|OrichalcumPulse|CloseCombat,FlareBlitz,FlameCharge,Protect||||||50|,,,,,Fire]Lunala||PowerHerb|ShadowShield|MoongeistBeam,MeteorBeam,WideGuard,TrickRoom||||||50|,,,,,Water]Amoonguss||RockyHelmet|Regenerator|Spore,PollenPuff,RagePowder,Protect|||F|||50|,,,,,Water]Ursaluna-Bloodmoon||LifeOrb|MindsEye|HyperVoice,BloodMoon,EarthPower,Protect|||M|||50|,,,,,Normal\n|showteam|p2|Sneasler||ElectricSeed|Unburden|CloseCombat,DireClaw,ToxicSpikes,FakeOut|||M|||50|,,,,,Dark]Calyrex-Shadow||LifeOrb|AsOneSpectrier|AstralBarrage,Psychic,Encore,Protect||||||50|,,,,,Dark]Dondozo||Leftovers|Unaware|Earthquake,BodyPress,OrderUp,Protect|||M|||50|,,,,,Grass]Tatsugiri-Droopy||FocusSash|Commander|DracoMeteor,MuddyWater,HelpingHand,Protect|||F|||50|,,,,,Stellar]Chi-Yu||ChoiceScarf|BeadsofRuin|Overheat,HeatWave,ScaryFace,Snarl||||||50|,,,,,Ghost]Miraidon||AssaultVest|HadronEngine|ElectroDrift,DracoMeteor,DazzlingGleam,VoltSwitch||||||50|,,,,,Fairy\n|inactive|Battle timer is ON: inactive players will automatically lose when time's up. (requested by thedbeast777)\n|\n|t:|1746134781\n|start\n|switch|p1a: Silly Lizard|Koraidon, L50|100/100\n|switch|p1b: Tera Normal|Flutter Mane, L50|100/100\n|switch|p2a: Miraidon|Miraidon, L50|100/100\n|switch|p2b: Sneasler|Sneasler, L50, M|100/100\n|-fieldstart|move: Electric Terrain|[from] ability: Hadron Engine|[of] p2a: Miraidon\n|-enditem|p2b: Sneasler|Electric Seed\n|-boost|p2b: Sneasler|def|1|[from] item: Electric Seed\n|-weather|SunnyDay|[from] ability: Orichalcum Pulse|[of] p1a: Silly Lizard\n|-activate|p1b: Tera Normal|ability: Protosynthesis\n|-start|p1b: Tera Normal|protosynthesisspe\n|-activate|p1a: Silly Lizard|Orichalcum Pulse|[source]\n|turn|1\n|inactive|thedbeast777 has 30 seconds left.\n|inactive|theanamoly has 30 seconds left.\n|inactive|thedbeast777 has 20 seconds left.\n|inactive|theanamoly has 20 seconds left.\n|inactive|thedbeast777 has 15 seconds left.\n|inactive|theanamoly has 15 seconds left.\n|inactive|thedbeast777 has 10 seconds left.\n|inactive|theanamoly has 10 seconds left.\n|inactive|theanamoly has 5 seconds left.\n|\n|t:|1746134833\n|-terastallize|p2a: Miraidon|Fairy\n|move|p1a: Silly Lizard|Protect|p1a: Silly Lizard\n|-singleturn|p1a: Silly Lizard|Protect\n|move|p2b: Sneasler|Toxic Spikes|p1a: Silly Lizard\n|-sidestart|p1: thedbeast777|move: Toxic Spikes\n|move|p1b: Tera Normal|Icy Wind|p2b: Sneasler|[spread] p2a,p2b\n|-crit|p2a: Miraidon\n|-damage|p2a: Miraidon|88/100\n|-damage|p2b: Sneasler|80/100\n|-unboost|p2a: Miraidon|spe|1\n|-unboost|p2b: Sneasler|spe|1\n|move|p2a: Miraidon|Dazzling Gleam|p1a: Silly Lizard|[spread] p1b\n|-activate|p1a: Silly Lizard|move: Protect\n|-damage|p1b: Tera Normal|56/100\n|\n|-weather|SunnyDay|[upkeep]\n|upkeep\n|turn|2\n|inactive|thedbeast777 has 30 seconds left.\n|inactive|theanamoly has 30 seconds left.\n|inactive|thedbeast777 has 20 seconds left.\n|inactive|theanamoly has 20 seconds left.\n|\n|t:|1746134870\n|-terastallize|p1a: Silly Lizard|Fire\n|move|p1b: Tera Normal|Moonblast|p2b: Sneasler\n|-damage|p2b: Sneasler|8/100\n|-unboost|p2b: Sneasler|spa|1\n|move|p2b: Sneasler|Dire Claw|p1b: Tera Normal\n|-damage|p1b: Tera Normal|0 fnt\n|faint|p1b: Tera Normal\n|-end|p1b: Tera Normal|Protosynthesis|[silent]\n|move|p1a: Silly Lizard|Flare Blitz|p2a: Miraidon\n|-damage|p2a: Miraidon|0 fnt\n|faint|p2a: Miraidon\n|-damage|p1a: Silly Lizard|75/100|[from] Recoil\n|\n|-weather|SunnyDay|[upkeep]\n|upkeep\n|\n|t:|1746134886\n|switch|p1b: Sr. Beatdown|Chien-Pao, L50|100/100\n|switch|p2a: Dondozo|Dondozo, L50, M|100/100\n|-status|p1b: Sr. Beatdown|psn\n|-ability|p1b: Sr. Beatdown|Sword of Ruin\n|turn|3\n|inactive|theanamoly has 30 seconds left.\n|inactive|theanamoly has 20 seconds left.\n|\n|t:|1746134928\n|switch|p1b: Definetly CSR|Lunala, L50|100/100\n|-status|p1b: Definetly CSR|psn\n|move|p2a: Dondozo|Protect|p2a: Dondozo\n|-singleturn|p2a: Dondozo|Protect\n|move|p2b: Sneasler|Toxic Spikes|p1b: Definetly CSR\n|-sidestart|p1: thedbeast777|move: Toxic Spikes\n|move|p1a: Silly Lizard|Flame Charge|p2b: Sneasler\n|-damage|p2b: Sneasler|0 fnt\n|-boost|p1a: Silly Lizard|spe|1\n|faint|p2b: Sneasler\n|\n|-weather|SunnyDay|[upkeep]\n|-damage|p1b: Definetly CSR|88/100 psn|[from] psn\n|upkeep\n|\n|t:|1746134941\n|switch|p2b: Tatsugiri|Tatsugiri-Droopy, L50, F|100/100\n|-activate|p2b: Tatsugiri|ability: Commander|[of] p2a: Dondozo\n|-boost|p2a: Dondozo|atk|2\n|-boost|p2a: Dondozo|spa|2\n|-boost|p2a: Dondozo|spe|2\n|-boost|p2a: Dondozo|def|2\n|-boost|p2a: Dondozo|spd|2\n|turn|4\n|\n|t:|1746134959\n|move|p1a: Silly Lizard|Close Combat|p2a: Dondozo\n|-damage|p2a: Dondozo|75/100\n|-unboost|p1a: Silly Lizard|def|1\n|-unboost|p1a: Silly Lizard|spd|1\n|move|p2a: Dondozo|Earthquake|p1b: Definetly CSR|[spread] p1a,p1b\n|-miss|p2a: Dondozo|p2b: Tatsugiri\n|-supereffective|p1a: Silly Lizard\n|-damage|p1a: Silly Lizard|23/100\n|-damage|p1b: Definetly CSR|61/100 psn\n|move|p1b: Definetly CSR|Meteor Beam||[still]\n|-prepare|p1b: Definetly CSR|Meteor Beam\n|-boost|p1b: Definetly CSR|spa|1\n|-enditem|p1b: Definetly CSR|Power Herb\n|-anim|p1b: Definetly CSR|Meteor Beam|p2a: Dondozo\n|-damage|p2a: Dondozo|54/100\n|\n|-weather|SunnyDay|[upkeep]\n|-heal|p2a: Dondozo|60/100|[from] item: Leftovers\n|-damage|p1b: Definetly CSR|49/100 psn|[from] psn\n|upkeep\n|turn|5\n|inactive|thedbeast777 has 30 seconds left.\n|inactive|theanamoly has 30 seconds left.\n|\n|t:|1746134991\n|move|p2a: Dondozo|Protect|p2a: Dondozo\n|-singleturn|p2a: Dondozo|Protect\n|move|p1a: Silly Lizard|Close Combat|p2a: Dondozo\n|-activate|p2a: Dondozo|move: Protect\n|move|p1b: Definetly CSR|Moongeist Beam|p2a: Dondozo\n|-activate|p2a: Dondozo|move: Protect\n|\n|-weather|none\n|-heal|p2a: Dondozo|66/100|[from] item: Leftovers\n|-damage|p1b: Definetly CSR|37/100 psn|[from] psn\n|-fieldend|move: Electric Terrain\n|upkeep\n|turn|6\n|\n|t:|1746135015\n|switch|p1b: Sr. Beatdown|Chien-Pao, L50|100/100 psn\n|-ability|p1b: Sr. Beatdown|Sword of Ruin\n|move|p1a: Silly Lizard|Close Combat|p2a: Dondozo\n|-damage|p2a: Dondozo|40/100\n|-unboost|p1a: Silly Lizard|def|1\n|-unboost|p1a: Silly Lizard|spd|1\n|move|p2a: Dondozo|Order Up|p1b: Sr. Beatdown\n|-damage|p1b: Sr. Beatdown|48/100 psn\n|-boost|p2a: Dondozo|def|1\n|\n|-heal|p2a: Dondozo|47/100|[from] item: Leftovers\n|-damage|p1b: Sr. Beatdown|36/100 psn|[from] psn\n|upkeep\n|turn|7\n|\n|t:|1746135034\n|move|p2a: Dondozo|Protect|p2a: Dondozo\n|-singleturn|p2a: Dondozo|Protect\n|move|p1a: Silly Lizard|Close Combat|p2a: Dondozo\n|-activate|p2a: Dondozo|move: Protect\n|move|p1b: Sr. Beatdown|Throat Chop|p2a: Dondozo\n|-activate|p2a: Dondozo|move: Protect\n|\n|-heal|p2a: Dondozo|53/100|[from] item: Leftovers\n|-damage|p1b: Sr. Beatdown|24/100 psn|[from] psn\n|upkeep\n|turn|8\n|inactive|theanamoly has 30 seconds left.\n|\n|t:|1746135065\n|move|p1a: Silly Lizard|Close Combat|p2a: Dondozo\n|-damage|p2a: Dondozo|34/100\n|-unboost|p1a: Silly Lizard|def|1\n|-unboost|p1a: Silly Lizard|spd|1\n|move|p1b: Sr. Beatdown|Throat Chop|p2a: Dondozo\n|-damage|p2a: Dondozo|22/100\n|-start|p2a: Dondozo|Throat Chop|[silent]\n|move|p2a: Dondozo|Earthquake|p1a: Silly Lizard|[spread] p1a,p1b\n|-miss|p2a: Dondozo|p2b: Tatsugiri\n|-supereffective|p1a: Silly Lizard\n|-damage|p1a: Silly Lizard|0 fnt\n|-damage|p1b: Sr. Beatdown|0 fnt\n|faint|p1a: Silly Lizard\n|faint|p1b: Sr. Beatdown\n|\n|-heal|p2a: Dondozo|28/100|[from] item: Leftovers\n|upkeep\n|-message|thedbeast777 forfeited.\n|\n|win|theanamoly\n|raw|thedbeast777's rating: 1079 &rarr; <strong>1057</strong><br />(-22 for losing)\n|raw|theanamoly's rating: 1080 &rarr; <strong>1108</strong><br />(+28 for winning)\n|l|\u2606thedbeast777\n|player|p1|\n", "uploadtime": 1746135091, "views": 11, "formatid": "gen9vgc2025regibo3", "rating": 1057, "private": 0, "password": null}