{"id": "gen9vgc2025regibo3-2354580929", "format": "[Gen 9] VGC 2025 Reg I (Bo3)", "players": ["Iniflow", "Voicemod"], "log": "|j|\u2606Iniflow\n|j|\u2606Voicemod\n|html|<table width=\"100%\"><tr><td align=\"left\">Iniflow</td><td align=\"right\">Voicemod</tr><tr><td align=\"left\"><i class=\"fa fa-circle-o\"></i> <i class=\"fa fa-circle-o\"></i> </td><td align=\"right\"><i class=\"fa fa-circle-o\"></i> <i class=\"fa fa-circle\"></i> </tr></table>\n|uhtml|bestof|<h2><strong>Game 2</strong> of <a href=\"/game-bestof3-gen9vgc2025regibo3-2354579067\">a best-of-3</a></h2>\n|t:|1746098135\n|gametype|doubles\n|player|p1|Iniflow|2|1167\n|player|p2|Voicemod|1|1166\n|teamsize|p1|6\n|teamsize|p2|6\n|gen|9\n|tier|[Gen 9] VGC 2025 Reg I (Bo3)\n|rated|\n|rule|Species Clause: Limit one of each Pok\u00e9mon\n|rule|Item Clause: Limit 1 of each item\n|clearpoke\n|poke|p1|Zamazenta-*, L50|\n|poke|p1|Miraidon, L50|\n|poke|p1|Landorus-Therian, L50, M|\n|poke|p1|Grimmsnarl, L50, M|\n|poke|p1|Ogerpon-Hearthflame, L50, F|\n|poke|p1|Urshifu-*, L50, F|\n|poke|p2|Chien-Pao, L50|\n|poke|p2|Rillaboom, L50, F|\n|poke|p2|Zamazenta-*, L50|\n|poke|p2|Dragonite, L50, F|\n|poke|p2|Calyrex-Shadow, L50|\n|poke|p2|Chi-Yu, L50|\n|teampreview|4\n|showteam|p1|Zamazenta-Crowned||RustedShield|DauntlessShield|behemothbash,BodyPress,IronDefense,WideGuard||||||50|,,,,,Grass]Miraidon||CovertCloak|HadronEngine|ElectroDrift,DazzlingGleam,VoltSwitch,Protect||||||50|,,,,,Fairy]Landorus-Therian||ChoiceScarf|Intimidate|StompingTantrum,Earthquake,RockSlide,Uturn|||M|||50|,,,,,Grass]Grimmsnarl||LightClay|Prankster|Reflect,LightScreen,SpiritBreak,Assurance|||M|||50|,,,,,Dark]Ogerpon-Hearthflame||HearthflameMask|MoldBreaker|IvyCudgel,WoodHammer,FollowMe,SpikyShield|||F|||50|,,,,,Fire]Urshifu-Rapid-Strike||MysticWater|UnseenFist|SurgingStrikes,CloseCombat,AquaJet,Detect|||F|||50|,,,,,Water\n|showteam|p2|Chien-Pao||FocusSash|SwordofRuin|IcicleCrash,ThroatChop,SacredSword,Protect||||||50|,,,,,Ghost]Rillaboom||AssaultVest|GrassySurge|WoodHammer,GrassyGlide,Uturn,FakeOut|||F|||50|,,,,,Water]Zamazenta-Crowned||RustedShield|DauntlessShield|behemothbash,BodyPress,WideGuard,Imprison||||||50|,,,,,Ghost]Dragonite||ChoiceBand|InnerFocus|Outrage,ExtremeSpeed,AerialAce,StompingTantrum|||F|||50|,,,,,Normal]Calyrex-Shadow||SpellTag|AsOneSpectrier|AstralBarrage,GigaDrain,Encore,Protect||||||50|,,,,,Grass]Chi-Yu||ChoiceSpecs|BeadsofRuin|HeatWave,DarkPulse,Snarl,Overheat||||||50|,,,,,Ghost\n|inactive|Battle timer is ON: inactive players will automatically lose when time's up. (requested by Iniflow)\n|\n|t:|1746098147\n|start\n|switch|p1a: Grimmsnarl|Grimmsnarl, L50, M|100/100\n|switch|p1b: Ogerpon|Ogerpon-Hearthflame, L50, F|100/100\n|switch|p2a: Calyrex|Calyrex-Shadow, L50|100/100\n|switch|p2b: Dragonite|Dragonite, L50, F|100/100\n|-ability|p2a: Calyrex|As One\n|-ability|p2a: Calyrex|Unnerve\n|-ability|p1b: Ogerpon|Mold Breaker\n|turn|1\n|\n|t:|1746098161\n|switch|p2a: Chien-Pao|Chien-Pao, L50|100/100\n|-ability|p2a: Chien-Pao|Sword of Ruin\n|-terastallize|p2b: Dragonite|Normal\n|move|p2b: Dragonite|Extreme Speed|p1a: Grimmsnarl\n|-damage|p1a: Grimmsnarl|15/100\n|move|p1a: Grimmsnarl|Reflect|p1a: Grimmsnarl\n|-sidestart|p1: Iniflow|Reflect\n|move|p1b: Ogerpon|Ivy Cudgel|p2a: Chien-Pao|[anim] Ivy Cudgel Fire\n|-supereffective|p2a: Chien-Pao\n|-enditem|p2a: Chien-Pao|Focus Sash\n|-damage|p2a: Chien-Pao|1/100\n|\n|upkeep\n|turn|2\n|\n|t:|1746098185\n|switch|p1a: Landorus|Landorus-Therian, L50, M|100/100\n|-ability|p1a: Landorus|Intimidate|boost\n|-unboost|p2a: Chien-Pao|atk|1\n|-fail|p2b: Dragonite|unboost|Attack|[from] ability: Inner Focus|[of] p2b: Dragonite\n|move|p1b: Ogerpon|Spiky Shield|p1b: Ogerpon\n|-singleturn|p1b: Ogerpon|move: Protect\n|move|p2b: Dragonite|Extreme Speed|p1a: Landorus\n|-damage|p1a: Landorus|39/100\n|move|p2a: Chien-Pao|Throat Chop|p1b: Ogerpon\n|-activate|p1b: Ogerpon|move: Protect\n|-damage|p2a: Chien-Pao|0 fnt|[from] Spiky Shield|[of] p1b: Ogerpon\n|faint|p2a: Chien-Pao\n|\n|upkeep\n|\n|t:|1746098197\n|switch|p2a: Calyrex|Calyrex-Shadow, L50|100/100\n|-ability|p2a: Calyrex|As One\n|-ability|p2a: Calyrex|Unnerve\n|turn|3\n|inactive|Iniflow has 30 seconds left.\n|\n|t:|1746098223\n|-terastallize|p1b: Ogerpon|Fire\n|detailschange|p1b: Ogerpon|Ogerpon-Hearthflame-Tera, L50, F, tera:Fire\n|-ability|p1b: Ogerpon|Embody Aspect (Hearthflame)|boost\n|-boost|p1b: Ogerpon|atk|1\n|move|p2b: Dragonite|Extreme Speed|p1b: Ogerpon\n|-damage|p1b: Ogerpon|57/100\n|move|p1a: Landorus|Rock Slide|p2a: Calyrex|[spread] p2a,p2b\n|-damage|p2a: Calyrex|72/100\n|-damage|p2b: Dragonite|76/100\n|cant|p2a: Calyrex|flinch\n|move|p1b: Ogerpon|Ivy Cudgel|p2b: Dragonite|[anim] Ivy Cudgel Fire\n|-crit|p2b: Dragonite\n|-damage|p2b: Dragonite|0 fnt\n|faint|p2b: Dragonite\n|\n|upkeep\n|\n|t:|1746098239\n|switch|p2b: Rillaboom|Rillaboom, L50, F|100/100\n|-fieldstart|move: Grassy Terrain|[from] ability: Grassy Surge|[of] p2b: Rillaboom\n|turn|4\n|\n|t:|1746098256\n|move|p1b: Ogerpon|Spiky Shield|p1b: Ogerpon\n|-singleturn|p1b: Ogerpon|move: Protect\n|move|p2b: Rillaboom|Fake Out|p1b: Ogerpon\n|-activate|p1b: Ogerpon|move: Protect\n|-damage|p2b: Rillaboom|88/100|[from] Spiky Shield|[of] p1b: Ogerpon\n|move|p1a: Landorus|Rock Slide|p2a: Calyrex|[spread] p2a,p2b\n|-damage|p2a: Calyrex|47/100\n|-damage|p2b: Rillaboom|64/100\n|move|p2a: Calyrex|Astral Barrage|p1a: Landorus|[spread] p1a\n|-activate|p1b: Ogerpon|move: Protect\n|-damage|p1a: Landorus|0 fnt\n|faint|p1a: Landorus\n|-ability|p2a: Calyrex|Grim Neigh|boost\n|-boost|p2a: Calyrex|spa|1\n|\n|-heal|p2a: Calyrex|53/100|[from] Grassy Terrain\n|-heal|p1b: Ogerpon|64/100|[from] Grassy Terrain\n|-heal|p2b: Rillaboom|70/100|[from] Grassy Terrain\n|upkeep\n|\n|t:|1746098266\n|switch|p1a: Grimmsnarl|Grimmsnarl, L50, M|15/100\n|turn|5\n|\n|t:|1746098274\n|move|p2b: Rillaboom|Grassy Glide|p1a: Grimmsnarl\n|-damage|p1a: Grimmsnarl|0 fnt\n|faint|p1a: Grimmsnarl\n|move|p2a: Calyrex|Astral Barrage|p1b: Ogerpon\n|-crit|p1b: Ogerpon\n|-damage|p1b: Ogerpon|0 fnt\n|faint|p1b: Ogerpon\n|-ability|p2a: Calyrex|Grim Neigh|boost\n|-boost|p2a: Calyrex|spa|1\n|\n|-heal|p2a: Calyrex|59/100|[from] Grassy Terrain\n|-heal|p2b: Rillaboom|76/100|[from] Grassy Terrain\n|upkeep\n|-message|Iniflow forfeited.\n|\n|win|Voicemod\n|raw|Iniflow's rating: 1167 &rarr; <strong>1142</strong><br />(-25 for losing)\n|raw|Voicemod's rating: 1166 &rarr; <strong>1191</strong><br />(+25 for winning)\n|l|\u2606Iniflow\n|player|p1|\n|l|\u2606Voicemod\n|player|p2|\n", "uploadtime": 1746098575, "views": 7, "formatid": "gen9vgc2025regibo3", "rating": 1142, "private": 0, "password": null}