{"id": "gen9vgc2025regibo3-2354319413", "format": "[Gen 9] VGC 2025 Reg I (Bo3)", "players": ["Cruzfer72", "nintendoswitch200"], "log": "|j|\u2606Cruzfer72\n|j|\u2606nintendoswitch200\n|html|<table width=\"100%\"><tr><td align=\"left\">Cruzfer72</td><td align=\"right\">nintendoswitch200</tr><tr><td align=\"left\"><i class=\"fa fa-circle\"></i> <i class=\"fa fa-circle-o\"></i> </td><td align=\"right\"><i class=\"fa fa-circle-o\"></i> <i class=\"fa fa-circle-o\"></i> </tr></table>\n|uhtml|bestof|<h2><strong>Game 2</strong> of <a href=\"/game-bestof3-gen9vgc2025regibo3-2354315906\">a best-of-3</a></h2>\n|t:|1746056858\n|gametype|doubles\n|player|p1|Cruzfer72|preschooler|1225\n|player|p2|nintendoswitch200|turo|1103\n|teamsize|p1|6\n|teamsize|p2|6\n|gen|9\n|tier|[Gen 9] VGC 2025 Reg I (Bo3)\n|rated|\n|rule|Species Clause: Limit one of each Pok\u00e9mon\n|rule|Item Clause: Limit 1 of each item\n|clearpoke\n|poke|p1|Kyurem-White, L50|\n|poke|p1|Groudon, L50|\n|poke|p1|Urshifu-*, L50, F|\n|poke|p1|Whimsicott, L50, F|\n|poke|p1|Chi-Yu, L50|\n|poke|p1|Indeedee-F, L50, F|\n|poke|p2|Urshifu-*, L50, M|\n|poke|p2|Incineroar, L50, F|\n|poke|p2|Calyrex-Shadow, L50|\n|poke|p2|Farigiraf, L50, M|\n|poke|p2|Rillaboom, L50, M|\n|poke|p2|Zamazenta-*, L50|\n|teampreview|4\n|showteam|p1|Kyurem-White||AssaultVest|Turboblaze|IceBeam,DracoMeteor,FreezeDry,FusionFlare||||||50|,,,,,Fairy]Groudon||ClearAmulet|Drought|Protect,PrecipiceBlades,ThunderPunch,ZenHeadbutt||||||50|,,,,,Electric]Urshifu||FocusSash|UnseenFist|CloseCombat,Detect,Coaching,WickedBlow|||F|||50|,,,,,Fighting]Whimsicott||CovertCloak|Prankster|SunnyDay,Taunt,Tailwind,SolarBeam|||F|||50|,,,,,Ghost]Chi-Yu||ChoiceScarf|BeadsofRuin|HeatWave,Snarl,DarkPulse,Overheat||||||50|,,,,,Dark]Indeedee-F||PsychicSeed|OwnTempo|HelpingHand,FollowMe,TrickRoom,DazzlingGleam|||F|||50|,,,,,Psychic\n|showteam|p2|Urshifu-Rapid-Strike||FocusSash|UnseenFist|Detect,SurgingStrikes,CloseCombat,AquaJet|||M|||50|,,,,,Stellar]Incineroar||SafetyGoggles|Intimidate|FakeOut,PartingShot,HelpingHand,KnockOff|||F|||50|,,,,,Ghost]Calyrex-Shadow||CovertCloak|AsOneSpectrier|Protect,NastyPlot,AstralBarrage,Psyshock||||||50|,,,,,Water]Farigiraf||ThroatSpray|ArmorTail|Protect,TrickRoom,HyperVoice,Psychic|||M|||50|,,,,,Grass]Rillaboom||AssaultVest|GrassySurge|FakeOut,GrassyGlide,WoodHammer,Uturn|||M|||50|,,,,,Fire]Zamazenta-Crowned||RustedShield|DauntlessShield|Protect,BodyPress,WideGuard,HeavySlam||||||50|,,,,,Fairy\n|inactive|Battle timer is ON: inactive players will automatically lose when time's up. (requested by nintendoswitch200)\n|inactive|Cruzfer72 has 60 seconds left.\n|inactive|nintendoswitch200 has 60 seconds left.\n|\n|t:|1746056907\n|start\n|switch|p1a: Groudon|Groudon, L50|100/100\n|switch|p1b: Whimsicott|Whimsicott, L50, F|100/100\n|switch|p2a: Calyrex|Calyrex-Shadow, L50|100/100\n|switch|p2b: Incineroar|Incineroar, L50, F|100/100\n|-ability|p2a: Calyrex|As One\n|-ability|p2a: Calyrex|Unnerve\n|-weather|SunnyDay|[from] ability: Drought|[of] p1a: Groudon\n|-ability|p2b: Incineroar|Intimidate|boost\n|-fail|p1a: Groudon|unboost|[from] item: Clear Amulet|[of] p1a: Groudon\n|-unboost|p1b: Whimsicott|atk|1\n|turn|1\n|\n|t:|1746056919\n|switch|p2b: Rillaboom|Rillaboom, L50, M|100/100\n|-fieldstart|move: Grassy Terrain|[from] ability: Grassy Surge|[of] p2b: Rillaboom\n|move|p1a: Groudon|Protect|p1a: Groudon\n|-singleturn|p1a: Groudon|Protect\n|move|p1b: Whimsicott|Taunt|p2a: Calyrex\n|-start|p2a: Calyrex|move: Taunt\n|cant|p2a: Calyrex|move: Taunt|Nasty Plot\n|\n|-weather|SunnyDay|[upkeep]\n|upkeep\n|turn|2\n|\n|t:|1746056944\n|switch|p1a: Kyurem|Kyurem-White, L50|100/100\n|-ability|p1a: Kyurem|Turboblaze\n|move|p1b: Whimsicott|Tailwind|p1b: Whimsicott\n|-sidestart|p1: Cruzfer72|move: Tailwind\n|move|p2a: Calyrex|Astral Barrage|p1b: Whimsicott|[spread] p1a,p1b\n|-damage|p1a: Kyurem|74/100\n|-damage|p1b: Whimsicott|32/100\n|move|p2b: Rillaboom|U-turn|p1a: Kyurem\n|-crit|p1a: Kyurem\n|-damage|p1a: Kyurem|47/100\n|\n|t:|1746056950\n|switch|p2b: Incineroar|Incineroar, L50, F|100/100|[from] U-turn\n|-ability|p2b: Incineroar|Intimidate|boost\n|-unboost|p1a: Kyurem|atk|1\n|-unboost|p1b: Whimsicott|atk|1\n|\n|-weather|SunnyDay|[upkeep]\n|-heal|p1b: Whimsicott|39/100|[from] Grassy Terrain\n|-heal|p1a: Kyurem|53/100|[from] Grassy Terrain\n|upkeep\n|turn|3\n|\n|t:|1746056973\n|move|p1b: Whimsicott|Solar Beam||[still]\n|-prepare|p1b: Whimsicott|Solar Beam\n|-anim|p1b: Whimsicott|Solar Beam|p2a: Calyrex\n|-damage|p2a: Calyrex|56/100\n|move|p1a: Kyurem|Ice Beam|p2a: Calyrex\n|-damage|p2a: Calyrex|0 fnt\n|faint|p2a: Calyrex\n|move|p2b: Incineroar|Parting Shot|p1b: Whimsicott\n|-unboost|p1b: Whimsicott|atk|1\n|-unboost|p1b: Whimsicott|spa|1\n|\n|t:|1746056980\n|switch|p2b: Rillaboom|Rillaboom, L50, M|100/100|[from] Parting Shot\n|\n|-weather|SunnyDay|[upkeep]\n|-heal|p1b: Whimsicott|45/100|[from] Grassy Terrain\n|-heal|p1a: Kyurem|59/100|[from] Grassy Terrain\n|upkeep\n|\n|t:|1746056983\n|switch|p2a: Urshifu|Urshifu-Rapid-Strike, L50, M|100/100\n|turn|4\n|\n|t:|1746057004\n|switch|p1a: Groudon|Groudon, L50|100/100\n|move|p1b: Whimsicott|Solar Beam||[still]\n|-prepare|p1b: Whimsicott|Solar Beam\n|-anim|p1b: Whimsicott|Solar Beam|p2a: Urshifu\n|-supereffective|p2a: Urshifu\n|-damage|p2a: Urshifu|8/100\n|move|p2a: Urshifu|Close Combat|p1a: Groudon\n|-damage|p1a: Groudon|58/100\n|-unboost|p2a: Urshifu|def|1\n|-unboost|p2a: Urshifu|spd|1\n|move|p2b: Rillaboom|Wood Hammer|p1a: Groudon\n|-supereffective|p1a: Groudon\n|-damage|p1a: Groudon|0 fnt\n|faint|p1a: Groudon\n|-damage|p2b: Rillaboom|82/100|[from] Recoil\n|\n|-weather|SunnyDay|[upkeep]\n|-heal|p1b: Whimsicott|51/100|[from] Grassy Terrain\n|-heal|p2a: Urshifu|15/100|[from] Grassy Terrain\n|-heal|p2b: Rillaboom|88/100|[from] Grassy Terrain\n|upkeep\n|\n|t:|1746057018\n|switch|p1a: Urshifu|Urshifu, L50, F|100/100\n|turn|5\n|\n|t:|1746057031\n|switch|p2a: Incineroar|Incineroar, L50, F|100/100\n|-ability|p2a: Incineroar|Intimidate|boost\n|-unboost|p1a: Urshifu|atk|1\n|-unboost|p1b: Whimsicott|atk|1\n|move|p1b: Whimsicott|Solar Beam||[still]\n|-prepare|p1b: Whimsicott|Solar Beam\n|-anim|p1b: Whimsicott|Solar Beam|p2b: Rillaboom\n|-resisted|p2b: Rillaboom\n|-damage|p2b: Rillaboom|79/100\n|move|p1a: Urshifu|Wicked Blow|p2a: Incineroar\n|-resisted|p2a: Incineroar\n|-crit|p2a: Incineroar\n|-damage|p2a: Incineroar|76/100\n|move|p2b: Rillaboom|Wood Hammer|p1b: Whimsicott\n|-resisted|p1b: Whimsicott\n|-damage|p1b: Whimsicott|5/100\n|-damage|p2b: Rillaboom|68/100|[from] Recoil\n|\n|-weather|none\n|-heal|p1b: Whimsicott|11/100|[from] Grassy Terrain\n|-heal|p2b: Rillaboom|74/100|[from] Grassy Terrain\n|-heal|p2a: Incineroar|82/100|[from] Grassy Terrain\n|-sideend|p1: Cruzfer72|move: Tailwind\n|-fieldend|move: Grassy Terrain\n|upkeep\n|turn|6\n|\n|t:|1746057049\n|move|p1b: Whimsicott|Tailwind|p1b: Whimsicott\n|-sidestart|p1: Cruzfer72|move: Tailwind\n|move|p1a: Urshifu|Close Combat|p2a: Incineroar\n|-supereffective|p2a: Incineroar\n|-damage|p2a: Incineroar|5/100\n|-unboost|p1a: Urshifu|def|1\n|-unboost|p1a: Urshifu|spd|1\n|move|p2b: Rillaboom|U-turn|p1b: Whimsicott\n|-damage|p1b: Whimsicott|0 fnt\n|faint|p1b: Whimsicott\n|\n|t:|1746057056\n|switch|p2b: Urshifu|Urshifu-Rapid-Strike, L50, M|15/100|[from] U-turn\n|move|p2a: Incineroar|Parting Shot|p1a: Urshifu\n|-unboost|p1a: Urshifu|atk|1\n|-unboost|p1a: Urshifu|spa|1\n|\n|t:|1746057058\n|switch|p2a: Rillaboom|Rillaboom, L50, M|74/100|[from] Parting Shot\n|-fieldstart|move: Grassy Terrain|[from] ability: Grassy Surge|[of] p2a: Rillaboom\n|\n|-heal|p2b: Urshifu|21/100|[from] Grassy Terrain\n|-heal|p2a: Rillaboom|80/100|[from] Grassy Terrain\n|upkeep\n|inactive|Cruzfer72 has 30 seconds left.\n|inactive|Cruzfer72 has 20 seconds left.\n|inactive|Cruzfer72 has 15 seconds left.\n|inactive|Cruzfer72 has 10 seconds left.\n|\n|t:|1746057105\n|switch|p1b: Kyurem|Kyurem-White, L50|59/100\n|-ability|p1b: Kyurem|Turboblaze\n|turn|7\n|inactive|nintendoswitch200 has 30 seconds left.\n|\n|t:|1746057134\n|switch|p2b: Incineroar|Incineroar, L50, F|5/100\n|-ability|p2b: Incineroar|Intimidate|boost\n|-unboost|p1a: Urshifu|atk|1\n|-unboost|p1b: Kyurem|atk|1\n|-terastallize|p2a: Rillaboom|Fire\n|move|p1a: Urshifu|Close Combat|p2b: Incineroar\n|-supereffective|p2b: Incineroar\n|-damage|p2b: Incineroar|0 fnt\n|-unboost|p1a: Urshifu|def|1\n|-unboost|p1a: Urshifu|spd|1\n|faint|p2b: Incineroar\n|move|p1b: Kyurem|Ice Beam|p2a: Rillaboom\n|-resisted|p2a: Rillaboom\n|-damage|p2a: Rillaboom|63/100\n|move|p2a: Rillaboom|Wood Hammer|p1a: Urshifu\n|-enditem|p1a: Urshifu|Focus Sash\n|-damage|p1a: Urshifu|1/100\n|-damage|p2a: Rillaboom|34/100|[from] Recoil\n|\n|-heal|p1a: Urshifu|7/100|[from] Grassy Terrain\n|-heal|p1b: Kyurem|65/100|[from] Grassy Terrain\n|-heal|p2a: Rillaboom|40/100|[from] Grassy Terrain\n|upkeep\n|\n|t:|1746057136\n|switch|p2b: Urshifu|Urshifu-Rapid-Strike, L50, M|21/100\n|turn|8\n|inactive|Cruzfer72 has 30 seconds left.\n|\n|t:|1746057164\n|move|p2b: Urshifu|Detect|p2b: Urshifu\n|-singleturn|p2b: Urshifu|Protect\n|move|p1a: Urshifu|Close Combat|p2b: Urshifu\n|-crit|p2b: Urshifu\n|-damage|p2b: Urshifu|0 fnt\n|-unboost|p1a: Urshifu|def|1\n|-unboost|p1a: Urshifu|spd|1\n|faint|p2b: Urshifu\n|move|p1b: Kyurem|Draco Meteor|p2a: Rillaboom\n|-damage|p2a: Rillaboom|0 fnt\n|-unboost|p1b: Kyurem|spa|2\n|faint|p2a: Rillaboom\n|\n|win|Cruzfer72\n|raw|Cruzfer72's rating: 1225 &rarr; <strong>1242</strong><br />(+17 for winning)\n|raw|nintendoswitch200's rating: 1103 &rarr; <strong>1086</strong><br />(-17 for losing)\n", "uploadtime": 1746057171, "views": 6, "formatid": "gen9vgc2025regibo3", "rating": 1086, "private": 0, "password": null}