{"id": "gen9vgc2025regibo3-2353965282", "format": "[Gen 9] VGC 2025 Reg I (Bo3)", "players": ["matrod", "BrianJensVGC"], "log": "|j|\u2606matrod\n|j|\u2606BrianJensVGC\n|html|<table width=\"100%\"><tr><td align=\"left\">matrod</td><td align=\"right\">BrianJensVGC</tr><tr><td align=\"left\"><i class=\"fa fa-circle-o\"></i> <i class=\"fa fa-circle-o\"></i> </td><td align=\"right\"><i class=\"fa fa-circle-o\"></i> <i class=\"fa fa-circle-o\"></i> </tr></table>\n|uhtml|bestof|<h2><strong>Game 1</strong> of <a href=\"/game-bestof3-gen9vgc2025regibo3-2353965281\">a best-of-3</a></h2>\n|t:|1746023248\n|gametype|doubles\n|player|p1|matrod|steven|1246\n|player|p2|BrianJensVGC|bugsy|1334\n|teamsize|p1|6\n|teamsize|p2|6\n|gen|9\n|tier|[Gen 9] VGC 2025 Reg I (Bo3)\n|rated|\n|rule|Species Clause: Limit one of each Pok\u00e9mon\n|rule|Item Clause: Limit 1 of each item\n|clearpoke\n|poke|p1|Koraidon, L50|\n|poke|p1|Calyrex-Shadow, L50|\n|poke|p1|Grimmsnarl, L50, M|\n|poke|p1|Brute Bonnet, L50|\n|poke|p1|Rillaboom, L50, M|\n|poke|p1|Weezing, L50, M|\n|poke|p2|Calyrex-Shadow, L50|\n|poke|p2|Zamazenta-*, L50|\n|poke|p2|Rillaboom, L50, M|\n|poke|p2|Incineroar, L50, F|\n|poke|p2|Smeargle, L50, M|\n|poke|p2|Clefairy, L50, M|\n|teampreview|4\n|showteam|p1|Koraidon||AbilityShield|OrichalcumPulse|CollisionCourse,FlareBlitz,FlameCharge,Protect||||||50|,,,,,Fire]Calyrex-Shadow||Leftovers|AsOneSpectrier|AstralBarrage,DrainingKiss,CalmMind,Protect||||||50|,,,,,Fairy]Grimmsnarl||LightClay|Prankster|Reflect,LightScreen,SpiritBreak,PartingShot|||M|||50|,,,,,Ghost]Brute Bonnet||CovertCloak|Protosynthesis|PollenPuff,SuckerPunch,Spore,RagePowder||||||50|,,,,,Fire]Rillaboom||AssaultVest|GrassySurge|FakeOut,WoodHammer,GrassyGlide,Uturn|||M|||50|,,,,,Fire]Weezing||FocusSash|NeutralizingGas|WillOWisp,ToxicSpikes,PoisonGas,Protect|||M|||50|,,,,,Normal\n|showteam|p2|Calyrex-Shadow||SpellTag|AsOneSpectrier|AstralBarrage,Protect,Psychic,NastyPlot||||||50|,,,,,Normal]Zamazenta-Crowned||RustedShield|DauntlessShield|BodyPress,WideGuard,Protect,behemothbash||||||50|,,,,,Dragon]Rillaboom||AssaultVest|GrassySurge|GrassyGlide,WoodHammer,FakeOut,Uturn|||M|||50|,,,,,Fire]Incineroar||SafetyGoggles|Intimidate|WillOWisp,KnockOff,FakeOut,PartingShot|||F|||50|,,,,,Water]Smeargle||FocusSash|Moody|FakeOut,FollowMe,WideGuard,Spore|||M|||50|,,,,,Ghost]Clefairy||Eviolite|FriendGuard|FollowMe,AfterYou,HelpingHand,Protect|||M|||50|,,,,,Grass\n|inactive|Battle timer is ON: inactive players will automatically lose when time's up. (requested by matrod)\n|inactive|BrianJensVGC has 60 seconds left.\n|inactive|BrianJensVGC has 30 seconds left.\n|\n|t:|1746023366\n|start\n|switch|p1a: Brute Bonnet|Brute Bonnet, L50, shiny|100/100\n|switch|p1b: Calyrex|Calyrex-Shadow, L50|100/100\n|switch|p2a: Incineroar|Incineroar, L50, F|100/100\n|switch|p2b: Calyrex|Calyrex-Shadow, L50|100/100\n|-ability|p2b: Calyrex|As One\n|-ability|p2b: Calyrex|Unnerve\n|-ability|p1b: Calyrex|As One\n|-ability|p1b: Calyrex|Unnerve\n|-ability|p2a: Incineroar|Intimidate|boost\n|-unboost|p1a: Brute Bonnet|atk|1\n|-unboost|p1b: Calyrex|atk|1\n|turn|1\n|inactive|matrod has 30 seconds left.\n|\n|t:|1746023398\n|-terastallize|p2b: Calyrex|Normal\n|move|p2b: Calyrex|Nasty Plot|p2b: Calyrex\n|-boost|p2b: Calyrex|spa|2\n|move|p1b: Calyrex|Calm Mind|p1b: Calyrex\n|-boost|p1b: Calyrex|spa|1\n|-boost|p1b: Calyrex|spd|1\n|move|p2a: Incineroar|Will-O-Wisp|p2b: Calyrex\n|-status|p2b: Calyrex|brn\n|move|p1a: Brute Bonnet|Spore||[still]\n|-fail|p1a: Brute Bonnet\n|\n|-damage|p2b: Calyrex|94/100 brn|[from] brn\n|upkeep\n|turn|2\n|c|\u2606matrod|mhm mhm\n|\n|t:|1746023422\n|-terastallize|p1b: Calyrex|Fairy\n|move|p2b: Calyrex|Protect|p2b: Calyrex\n|-singleturn|p2b: Calyrex|Protect\n|move|p1b: Calyrex|Calm Mind|p1b: Calyrex\n|-boost|p1b: Calyrex|spa|1\n|-boost|p1b: Calyrex|spd|1\n|move|p2a: Incineroar|Parting Shot|p1b: Calyrex\n|-unboost|p1b: Calyrex|atk|1\n|-unboost|p1b: Calyrex|spa|1\n|\n|t:|1746023431\n|switch|p2a: Smeargle|Smeargle, L50, M|100/100|[from] Parting Shot\n|move|p1a: Brute Bonnet|Pollen Puff|p1b: Calyrex\n|\n|-damage|p2b: Calyrex|88/100 brn|[from] brn\n|-ability|p2a: Smeargle|Moody|boost\n|-boost|p2a: Smeargle|def|2\n|-unboost|p2a: Smeargle|spe|1\n|upkeep\n|turn|3\n|\n|t:|1746023452\n|move|p2a: Smeargle|Fake Out|p1b: Calyrex\n|-damage|p1b: Calyrex|95/100\n|move|p2b: Calyrex|Nasty Plot|p2b: Calyrex\n|-boost|p2b: Calyrex|spa|2\n|cant|p1b: Calyrex|flinch\n|move|p1a: Brute Bonnet|Spore|p2a: Smeargle\n|-status|p2a: Smeargle|slp|[from] move: Spore\n|\n|-heal|p1b: Calyrex|100/100|[from] item: Leftovers\n|-damage|p2b: Calyrex|82/100 brn|[from] brn\n|-ability|p2a: Smeargle|Moody|boost\n|-boost|p2a: Smeargle|atk|2\n|-unboost|p2a: Smeargle|def|1\n|upkeep\n|turn|4\n|\n|t:|1746023472\n|switch|p2a: Incineroar|Incineroar, L50, F|100/100\n|-ability|p2a: Incineroar|Intimidate|boost\n|-unboost|p1a: Brute Bonnet|atk|1\n|-unboost|p1b: Calyrex|atk|1\n|-end|p1a: Brute Bonnet|Protosynthesis|[silent]\n|switch|p1a: Rillaboom|Rillaboom, L50, M|100/100\n|-fieldstart|move: Grassy Terrain|[from] ability: Grassy Surge|[of] p1a: Rillaboom\n|move|p2b: Calyrex|Protect|p2b: Calyrex\n|-singleturn|p2b: Calyrex|Protect\n|move|p1b: Calyrex|Calm Mind|p1b: Calyrex\n|-boost|p1b: Calyrex|spa|1\n|-boost|p1b: Calyrex|spd|1\n|\n|-heal|p2b: Calyrex|88/100 brn|[from] Grassy Terrain\n|-damage|p2b: Calyrex|82/100 brn|[from] brn\n|upkeep\n|turn|5\n|\n|t:|1746023484\n|move|p1a: Rillaboom|Fake Out|p2a: Incineroar\n|-damage|p2a: Incineroar|91/100\n|move|p2b: Calyrex|Astral Barrage|p1a: Rillaboom|[spread] p1a,p1b\n|-damage|p1a: Rillaboom|0 fnt\n|-damage|p1b: Calyrex|36/100\n|faint|p1a: Rillaboom\n|-ability|p2b: Calyrex|Grim Neigh|boost\n|-boost|p2b: Calyrex|spa|1\n|move|p1b: Calyrex|Draining Kiss|p2b: Calyrex\n|-damage|p2b: Calyrex|11/100 brn\n|-heal|p1b: Calyrex|88/100|[from] drain|[of] p2b: Calyrex\n|cant|p2a: Incineroar|flinch\n|\n|-heal|p2b: Calyrex|18/100 brn|[from] Grassy Terrain\n|-heal|p1b: Calyrex|94/100|[from] Grassy Terrain\n|-heal|p1b: Calyrex|99/100|[from] item: Leftovers\n|-heal|p2a: Incineroar|97/100|[from] Grassy Terrain\n|-damage|p2b: Calyrex|11/100 brn|[from] brn\n|upkeep\n|\n|t:|1746023503\n|switch|p1a: Brute Bonnet|Brute Bonnet, L50, shiny|100/100\n|turn|6\n|\n|t:|1746023517\n|move|p1a: Brute Bonnet|Sucker Punch|p2b: Calyrex\n|-damage|p2b: Calyrex|0 fnt\n|faint|p2b: Calyrex\n|move|p1b: Calyrex|Draining Kiss|p2a: Incineroar\n|-damage|p2a: Incineroar|21/100\n|-heal|p1b: Calyrex|100/100|[from] drain|[of] p2a: Incineroar\n|move|p2a: Incineroar|Knock Off|p1b: Calyrex\n|-resisted|p1b: Calyrex\n|-damage|p1b: Calyrex|81/100\n|-enditem|p1b: Calyrex|Leftovers|[from] move: Knock Off|[of] p2a: Incineroar\n|\n|-heal|p1b: Calyrex|87/100|[from] Grassy Terrain\n|-heal|p2a: Incineroar|27/100|[from] Grassy Terrain\n|upkeep\n|-message|BrianJensVGC forfeited.\n|\n|win|matrod\n|l|\u2606BrianJensVGC\n|player|p2|\n||BrianJensVGC is ready for game 2.\n||matrod is ready for game 2.\n|uhtml|next|Next: <a href=\"/battle-gen9vgc2025regibo3-2353968384\"><strong>Game 2 of 3</strong></a>\n", "uploadtime": 1746023784, "views": 22, "formatid": "gen9vgc2025regibo3", "rating": null, "private": 0, "password": null}