{"id": "gen9vgc2025regibo3-2353585238", "format": "[Gen 9] VGC 2025 Reg I (Bo3)", "players": ["Mentalsyndrome", "aroswing"], "log": "|j|\u2606Mentalsyndrome\n|j|\u2606aroswing\n|html|<table width=\"100%\"><tr><td align=\"left\">Mentalsyndrome</td><td align=\"right\">aroswing</tr><tr><td align=\"left\"><i class=\"fa fa-circle-o\"></i> <i class=\"fa fa-circle-o\"></i> </td><td align=\"right\"><i class=\"fa fa-circle-o\"></i> <i class=\"fa fa-circle-o\"></i> </tr></table>\n|uhtml|bestof|<h2><strong>Game 1</strong> of <a href=\"/game-bestof3-gen9vgc2025regibo3-2353585237\">a best-of-3</a></h2>\n|t:|1745971288\n|gametype|doubles\n|player|p1|Mentalsyndrome|101|1206\n|player|p2|aroswing|marnie|1122\n|teamsize|p1|6\n|teamsize|p2|6\n|gen|9\n|tier|[Gen 9] VGC 2025 Reg I (Bo3)\n|rated|\n|rule|Species Clause: Limit one of each Pok\u00e9mon\n|rule|Item Clause: Limit 1 of each item\n|clearpoke\n|poke|p1|Bastiodon, L50, M|\n|poke|p1|Flutter Mane, L50|\n|poke|p1|Farigiraf, L50, M|\n|poke|p1|Koraidon, L50|\n|poke|p1|Groudon, L50|\n|poke|p1|Brute Bonnet, L50|\n|poke|p2|Chi-Yu, L50|\n|poke|p2|Whimsicott, L50, F|\n|poke|p2|Amoonguss, L50, F|\n|poke|p2|Ho-Oh, L50|\n|poke|p2|Rhydon, L50, M|\n|poke|p2|Koraidon, L50|\n|teampreview|4\n|showteam|p1|Bastiodon||Leftovers|Sturdy|IronDefense,BodyPress,WideGuard,FoulPlay|||M|||50|,,,,,Water]Flutter Mane||FocusSash|Protosynthesis|IcyWind,Moonblast,Protect,Taunt||||||50|,,,,,Normal]Farigiraf||ThroatSpray|ArmorTail|HyperVoice,Psychic,SunnyDay,TrickRoom|||M|||50|,,,,,Grass]Koraidon||ClearAmulet|OrichalcumPulse|FlareBlitz,FlameCharge,CloseCombat,Protect||||||50|,,,,,Fire]Groudon||AssaultVest|Drought|PrecipiceBlades,HeatCrash,ThunderPunch,HighHorsepower||||||50|,,,,,Water]Brute Bonnet||CovertCloak|Protosynthesis|SuckerPunch,Spore,RagePowder,SeedBomb||||||50|,,,,,Poison\n|showteam|p2|Chi-Yu||ChoiceScarf|BeadsofRuin|HeatWave,Flamethrower,DarkPulse,Snarl||||||50|,,,,,Ghost]Whimsicott||CovertCloak|Prankster|Tailwind,Moonblast,LightScreen,SunnyDay|||F|||50|,,,,,Dark]Amoonguss||RockyHelmet|Regenerator|PollenPuff,RagePowder,Spore,Protect|||F|||50|,,,,,Water]Ho-Oh||AssaultVest|Regenerator|SacredFire,BraveBird,FlameCharge,TeraBlast||||||50|,,,,,Grass]Rhydon||Eviolite|LightningRod|RockSlide,HighHorsepower,TeraBlast,Protect|||M|||50|,,,,,Fairy]Koraidon||ClearAmulet|OrichalcumPulse|CloseCombat,FlareBlitz,FlameCharge,Protect||||||50|,,,,,Fire\n|inactive|Battle timer is ON: inactive players will automatically lose when time's up. (requested by aroswing)\n|inactive|Mentalsyndrome also wants the timer to be on.\n|inactive|Mentalsyndrome has 60 seconds left.\n|inactive|aroswing has 60 seconds left.\n|inactive|aroswing has 30 seconds left.\n|inactive|aroswing has 20 seconds left.\n|\n|t:|1745971358\n|start\n|switch|p1a: Don Steadman|Flutter Mane, L50|100/100\n|switch|p1b: Don Giraffney|Farigiraf, L50, M|100/100\n|switch|p2a: Chi-Yu|Chi-Yu, L50|100/100\n|switch|p2b: Ho-Oh|Ho-Oh, L50|100/100\n|-ability|p2a: Chi-Yu|Beads of Ruin\n|turn|1\n|inactive|Mentalsyndrome has 30 seconds left.\n|inactive|aroswing has 30 seconds left.\n|\n|t:|1745971389\n|move|p2a: Chi-Yu|Snarl|p1b: Don Giraffney|[spread] p1a,p1b\n|-supereffective|p1b: Don Giraffney\n|-damage|p1a: Don Steadman|66/100\n|-damage|p1b: Don Giraffney|36/100\n|-unboost|p1a: Don Steadman|spa|1\n|-unboost|p1b: Don Giraffney|spa|1\n|move|p1a: Don Steadman|Icy Wind|p2a: Chi-Yu|[spread] p2a,p2b\n|-resisted|p2a: Chi-Yu\n|-damage|p2a: Chi-Yu|94/100\n|-damage|p2b: Ho-Oh|94/100\n|-unboost|p2a: Chi-Yu|spe|1\n|-unboost|p2b: Ho-Oh|spe|1\n|move|p1b: Don Giraffney|Hyper Voice|p2b: Ho-Oh|[spread] p2a,p2b\n|-damage|p2a: Chi-Yu|71/100\n|-damage|p2b: Ho-Oh|82/100\n|-enditem|p1b: Don Giraffney|Throat Spray\n|-boost|p1b: Don Giraffney|spa|1|[from] item: Throat Spray\n|move|p2b: Ho-Oh|Brave Bird|p1b: Don Giraffney\n|-damage|p1b: Don Giraffney|0 fnt\n|faint|p1b: Don Giraffney\n|-damage|p2b: Ho-Oh|69/100|[from] Recoil\n|\n|upkeep\n|\n|t:|1745971396\n|switch|p1b: Don Hotwheels|Koraidon, L50|100/100\n|-weather|SunnyDay|[from] ability: Orichalcum Pulse|[of] p1b: Don Hotwheels\n|-activate|p1a: Don Steadman|ability: Protosynthesis\n|-start|p1a: Don Steadman|protosynthesisspe\n|-activate|p1b: Don Hotwheels|Orichalcum Pulse|[source]\n|turn|2\n|\n|t:|1745971410\n|-end|p1a: Don Steadman|Protosynthesis|[silent]\n|switch|p1a: Don Groo|Groudon, L50|100/100\n|switch|p2a: Whimsicott|Whimsicott, L50, F|100/100\n|-terastallize|p1b: Don Hotwheels|Fire\n|move|p1b: Don Hotwheels|Flame Charge|p2a: Whimsicott\n|-supereffective|p2a: Whimsicott\n|-damage|p2a: Whimsicott|0 fnt\n|-boost|p1b: Don Hotwheels|spe|1\n|faint|p2a: Whimsicott\n|move|p2b: Ho-Oh|Flame Charge|p1a: Don Groo\n|-damage|p1a: Don Groo|75/100\n|-boost|p2b: Ho-Oh|spe|1\n|\n|-weather|SunnyDay|[upkeep]\n|upkeep\n|\n|t:|1745971424\n|switch|p2a: Koraidon|Koraidon, L50|100/100\n|-activate|p2a: Koraidon|ability: Orichalcum Pulse\n|turn|3\n|\n|t:|1745971437\n|move|p1b: Don Hotwheels|Protect|p1b: Don Hotwheels\n|-singleturn|p1b: Don Hotwheels|Protect\n|move|p2a: Koraidon|Flame Charge|p1a: Don Groo\n|-damage|p1a: Don Groo|53/100\n|-boost|p2a: Koraidon|spe|1\n|move|p1a: Don Groo|Precipice Blades|p2b: Ho-Oh|[spread] p2a\n|-immune|p2b: Ho-Oh\n|-damage|p2a: Koraidon|54/100\n|move|p2b: Ho-Oh|Flame Charge|p1a: Don Groo\n|-damage|p1a: Don Groo|28/100\n|-boost|p2b: Ho-Oh|spe|1\n|\n|-weather|SunnyDay|[upkeep]\n|upkeep\n|turn|4\n|inactive|aroswing has 30 seconds left.\n|\n|t:|1745971470\n|move|p2a: Koraidon|Protect|p2a: Koraidon\n|-singleturn|p2a: Koraidon|Protect\n|move|p1b: Don Hotwheels|Close Combat|p2a: Koraidon\n|-activate|p2a: Koraidon|move: Protect\n|move|p2b: Ho-Oh|Sacred Fire|p1a: Don Groo\n|-damage|p1a: Don Groo|0 fnt\n|faint|p1a: Don Groo\n|\n|-weather|SunnyDay|[upkeep]\n|upkeep\n|\n|t:|1745971473\n|switch|p1a: Don Steadman|Flutter Mane, L50|66/100\n|-activate|p1a: Don Steadman|ability: Protosynthesis\n|-start|p1a: Don Steadman|protosynthesisspe\n|turn|5\n|\n|t:|1745971487\n|move|p1a: Don Steadman|Moonblast|p2a: Koraidon\n|-supereffective|p2a: Koraidon\n|-damage|p2a: Koraidon|0 fnt\n|faint|p2a: Koraidon\n|move|p1b: Don Hotwheels|Close Combat|p2b: Ho-Oh\n|-resisted|p2b: Ho-Oh\n|-damage|p2b: Ho-Oh|27/100\n|-unboost|p1b: Don Hotwheels|def|1\n|-unboost|p1b: Don Hotwheels|spd|1\n|move|p2b: Ho-Oh|Flame Charge|p1a: Don Steadman\n|-damage|p1a: Don Steadman|0 fnt\n|-boost|p2b: Ho-Oh|spe|1\n|faint|p1a: Don Steadman\n|-end|p1a: Don Steadman|Protosynthesis|[silent]\n|\n|-weather|SunnyDay|[upkeep]\n|upkeep\n|\n|t:|1745971491\n|switch|p2a: Chi-Yu|Chi-Yu, L50|71/100\n|-ability|p2a: Chi-Yu|Beads of Ruin\n|turn|6\n|\n|t:|1745971505\n|-terastallize|p2a: Chi-Yu|Ghost\n|move|p1b: Don Hotwheels|Close Combat|p2b: Ho-Oh\n|-resisted|p2b: Ho-Oh\n|-damage|p2b: Ho-Oh|0 fnt\n|-unboost|p1b: Don Hotwheels|def|1\n|-unboost|p1b: Don Hotwheels|spd|1\n|faint|p2b: Ho-Oh\n|move|p2a: Chi-Yu|Dark Pulse|p1b: Don Hotwheels\n|-damage|p1b: Don Hotwheels|0 fnt\n|faint|p1b: Don Hotwheels\n|\n|win|aroswing\n||Mentalsyndrome is ready for game 2.\n|inactive|aroswing has 30 seconds to confirm battle start!\n||aroswing is ready for game 2.\n|uhtml|next|Next: <a href=\"/battle-gen9vgc2025regibo3-2353587175\"><strong>Game 2 of 3</strong></a>\n|l|\u2606Mentalsyndrome\n|player|p1|\n", "uploadtime": 1745971639, "views": 6, "formatid": "gen9vgc2025regibo3", "rating": null, "private": 0, "password": null}