{"id": "gen9vgc2025regibo3-2353560351", "format": "[Gen 9] VGC 2025 Reg I (Bo3)", "players": ["yomasi", "BeepBeepSkreet"], "log": "|j|\u2606yomasi\n|j|\u2606BeepBeepSkreet\n|html|<table width=\"100%\"><tr><td align=\"left\">yomasi</td><td align=\"right\">BeepBeepSkreet</tr><tr><td align=\"left\"><i class=\"fa fa-circle-o\"></i> <i class=\"fa fa-circle-o\"></i> </td><td align=\"right\"><i class=\"fa fa-circle-o\"></i> <i class=\"fa fa-circle\"></i> </tr></table>\n|uhtml|bestof|<h2><strong>Game 2</strong> of <a href=\"/game-bestof3-gen9vgc2025regibo3-2353557776\">a best-of-3</a></h2>\n|t:|1745968403\n|gametype|doubles\n|player|p1|yomasi|ethan|1155\n|player|p2|BeepBeepSkreet|ethan|1063\n|teamsize|p1|6\n|teamsize|p2|6\n|gen|9\n|tier|[Gen 9] VGC 2025 Reg I (Bo3)\n|rated|\n|rule|Species Clause: Limit one of each Pok\u00e9mon\n|rule|Item Clause: Limit 1 of each item\n|clearpoke\n|poke|p1|Zacian-*, L50|\n|poke|p1|Kyogre, L50|\n|poke|p1|Urshifu-*, L50, F|\n|poke|p1|Ogerpon, L50, F|\n|poke|p1|Grimmsnarl, L50, M|\n|poke|p1|Tornadus, L50, M|\n|poke|p2|Koraidon, L50|\n|poke|p2|Amoonguss, L50, M|\n|poke|p2|Incineroar, L50, M|\n|poke|p2|Dragonite, L50, F|\n|poke|p2|Kyogre, L50|\n|poke|p2|Flutter Mane, L50|\n|teampreview|4\n|showteam|p1|Zacian-Crowned||RustedSword|IntrepidSword|PlayRough,behemothblade,SacredSword,Protect||||||50|,,,,,Stellar]Kyogre||MysticWater|Drizzle|WaterSpout,OriginPulse,IceBeam,Protect||||||50|,,,,,Poison]Urshifu-Rapid-Strike||ChoiceScarf|UnseenFist|SurgingStrikes,CloseCombat,Uturn,Coaching|||F|||50|,,,,,Ghost]Ogerpon||LoadedDice|Defiant|BulletSeed,FollowMe,SpikyShield,Taunt|||F|||50|,,,,,Grass]Grimmsnarl||LightClay|Prankster|Reflect,LightScreen,FoulPlay,ThunderWave|||M|||50|,,,,,Ghost]Tornadus||CovertCloak|Prankster|BleakwindStorm,RainDance,Taunt,Tailwind|||M|||50|,,,,,Dark\n|showteam|p2|Koraidon||ClearAmulet|OrichalcumPulse|FlareBlitz,CloseCombat,FlameCharge,Protect||||||50|,,,,,Fire]Amoonguss||RockyHelmet|Regenerator|RagePowder,PollenPuff,Spore,Protect|||M|||50|,,,,,Water]Incineroar||SafetyGoggles|Intimidate|FakeOut,FlareBlitz,PartingShot,KnockOff|||M|||50|,,,,,Ghost]Dragonite||ChoiceBand|InnerFocus|ExtremeSpeed,DragonClaw,Protect,StompingTantrum|||F|||50|,,,,,Normal]Kyogre||AssaultVest|Drizzle|OriginPulse,IceBeam,WaterSpout,Thunder||||||50|,,,,,Grass]Flutter Mane||FocusSash|Protosynthesis|Moonblast,Taunt,IcyWind,Protect||||||50|,,,,,Fairy\n|inactive|Battle timer is ON: inactive players will automatically lose when time's up. (requested by BeepBeepSkreet)\n|\n|t:|1745968456\n|start\n|switch|p1a: Mr. Grimm|Grimmsnarl, L50, M|100/100\n|switch|p1b: Iron Fist|Urshifu-Rapid-Strike, L50, F|100/100\n|switch|p2a: Koraidon|Koraidon, L50|100/100\n|switch|p2b: Flutter Mane|Flutter Mane, L50, shiny|100/100\n|-weather|SunnyDay|[from] ability: Orichalcum Pulse|[of] p2a: Koraidon\n|-activate|p2b: Flutter Mane|ability: Protosynthesis\n|-start|p2b: Flutter Mane|protosynthesisspe\n|-activate|p2a: Koraidon|Orichalcum Pulse|[source]\n|turn|1\n|inactive|yomasi has 30 seconds left.\n|inactive|BeepBeepSkreet has 30 seconds left.\n|\n|t:|1745968488\n|move|p2a: Koraidon|Protect|p2a: Koraidon\n|-singleturn|p2a: Koraidon|Protect\n|move|p1a: Mr. Grimm|Thunder Wave|p2b: Flutter Mane\n|-status|p2b: Flutter Mane|par\n|move|p1b: Iron Fist|U-turn|p2b: Flutter Mane\n|-resisted|p2b: Flutter Mane\n|-damage|p2b: Flutter Mane|88/100 par\n|\n|t:|1745968497\n|switch|p1b: The Lake|Kyogre, L50|100/100|[from] U-turn\n|-weather|RainDance|[from] ability: Drizzle|[of] p1b: The Lake\n|-end|p2b: Flutter Mane|Protosynthesis\n|move|p2b: Flutter Mane|Moonblast|p1b: The Lake\n|-damage|p1b: The Lake|69/100\n|\n|-weather|RainDance|[upkeep]\n|upkeep\n|turn|2\n|inactive|yomasi has 30 seconds left.\n|inactive|yomasi has 20 seconds left.\n|inactive|yomasi has 15 seconds left.\n|inactive|yomasi has 10 seconds left.\n|inactive|yomasi has 5 seconds left.\n|\n|t:|1745968548\n|switch|p2a: Amoonguss|Amoonguss, L50, M|100/100\n|move|p1a: Mr. Grimm|Reflect|p1a: Mr. Grimm\n|-sidestart|p1: yomasi|Reflect\n|move|p1b: The Lake|Ice Beam|p2a: Amoonguss\n|-supereffective|p2a: Amoonguss\n|-damage|p2a: Amoonguss|43/100\n|move|p2b: Flutter Mane|Taunt|p1a: Mr. Grimm\n|-start|p1a: Mr. Grimm|move: Taunt\n|\n|-weather|RainDance|[upkeep]\n|upkeep\n|turn|3\n|inactive|yomasi has 30 seconds left.\n|inactive|yomasi has 20 seconds left.\n|inactive|yomasi has 15 seconds left.\n|\n|t:|1745968589\n|move|p1b: The Lake|Water Spout|p2a: Amoonguss|[spread] p2a,p2b\n|-resisted|p2a: Amoonguss\n|-damage|p2a: Amoonguss|10/100\n|-damage|p2b: Flutter Mane|0 fnt\n|faint|p2b: Flutter Mane\n|-end|p2b: Flutter Mane|Protosynthesis|[silent]\n|move|p1a: Mr. Grimm|Foul Play|p2a: Amoonguss\n|-damage|p2a: Amoonguss|0 fnt\n|-damage|p1a: Mr. Grimm|84/100|[from] item: Rocky Helmet|[of] p2a: Amoonguss\n|faint|p2a: Amoonguss\n|\n|-weather|RainDance|[upkeep]\n|upkeep\n|\n|t:|1745968599\n|switch|p2b: Kyogre|Kyogre, L50|100/100\n|switch|p2a: Koraidon|Koraidon, L50|100/100\n|-weather|SunnyDay|[from] ability: Orichalcum Pulse|[of] p2a: Koraidon\n|-activate|p2a: Koraidon|Orichalcum Pulse|[source]\n|-weather|RainDance|[from] ability: Drizzle|[of] p2b: Kyogre\n|turn|4\n|inactive|yomasi has 30 seconds left.\n|inactive|yomasi has 20 seconds left.\n|inactive|yomasi has 15 seconds left.\n|inactive|yomasi has 10 seconds left.\n|\n|t:|1745968645\n|move|p2a: Koraidon|Protect|p2a: Koraidon\n|-singleturn|p2a: Koraidon|Protect\n|move|p1b: The Lake|Protect|p1b: The Lake\n|-singleturn|p1b: The Lake|Protect\n|move|p2b: Kyogre|Thunder|p1b: The Lake\n|-activate|p1b: The Lake|move: Protect\n|move|p1a: Mr. Grimm|Foul Play|p2b: Kyogre\n|-damage|p2b: Kyogre|78/100\n|\n|-weather|RainDance|[upkeep]\n|upkeep\n|turn|5\n|\n|t:|1745968669\n|move|p2a: Koraidon|Flare Blitz|p1a: Mr. Grimm\n|-damage|p1a: Mr. Grimm|71/100\n|-damage|p2a: Koraidon|95/100|[from] Recoil\n|move|p1b: The Lake|Ice Beam|p2a: Koraidon\n|-supereffective|p2a: Koraidon\n|-damage|p2a: Koraidon|19/100\n|move|p2b: Kyogre|Thunder|p1b: The Lake\n|-supereffective|p1b: The Lake\n|-damage|p1b: The Lake|13/100\n|move|p1a: Mr. Grimm|Foul Play|p2b: Kyogre\n|-damage|p2b: Kyogre|55/100\n|\n|-weather|RainDance|[upkeep]\n|-end|p1a: Mr. Grimm|move: Taunt\n|upkeep\n|turn|6\n|inactive|BeepBeepSkreet has 30 seconds left.\n|\n|t:|1745968696\n|move|p1a: Mr. Grimm|Light Screen|p1a: Mr. Grimm\n|-sidestart|p1: yomasi|move: Light Screen\n|move|p2a: Koraidon|Close Combat|p1b: The Lake\n|-damage|p1b: The Lake|0 fnt\n|-unboost|p2a: Koraidon|def|1\n|-unboost|p2a: Koraidon|spd|1\n|faint|p1b: The Lake\n|move|p2b: Kyogre|Thunder|p1a: Mr. Grimm\n|-damage|p1a: Mr. Grimm|41/100\n|-status|p1a: Mr. Grimm|par\n|\n|-weather|RainDance|[upkeep]\n|upkeep\n|\n|t:|1745968712\n|switch|p1b: Iron Fist|Urshifu-Rapid-Strike, L50, F|100/100\n|turn|7\n|\n|t:|1745968727\n|move|p2a: Koraidon|Protect|p2a: Koraidon\n|-singleturn|p2a: Koraidon|Protect\n|move|p1a: Mr. Grimm|Thunder Wave|p2a: Koraidon\n|-activate|p2a: Koraidon|move: Protect\n|move|p1b: Iron Fist|Close Combat|p2b: Kyogre\n|-damage|p2b: Kyogre|1/100\n|-unboost|p1b: Iron Fist|def|1\n|-unboost|p1b: Iron Fist|spd|1\n|move|p2b: Kyogre|Thunder|p1b: Iron Fist\n|-supereffective|p1b: Iron Fist\n|-damage|p1b: Iron Fist|0 fnt\n|faint|p1b: Iron Fist\n|\n|-weather|RainDance|[upkeep]\n|upkeep\n|\n|t:|1745968740\n|switch|p1b: Lady|Zacian-Crowned, L50, shiny|100/100\n|-ability|p1b: Lady|Intrepid Sword|boost\n|-boost|p1b: Lady|atk|1\n|turn|8\n|\n|t:|1745968760\n|-terastallize|p2a: Koraidon|Fire\n|move|p1b: Lady|Behemoth Blade|p2a: Koraidon\n|-resisted|p2a: Koraidon\n|-damage|p2a: Koraidon|0 fnt\n|faint|p2a: Koraidon\n|move|p2b: Kyogre|Origin Pulse|p1a: Mr. Grimm|[spread] p1b\n|-miss|p2b: Kyogre|p1a: Mr. Grimm\n|-damage|p1b: Lady|56/100\n|move|p1a: Mr. Grimm|Foul Play|p2b: Kyogre\n|-damage|p2b: Kyogre|0 fnt\n|faint|p2b: Kyogre\n|\n|win|yomasi\n||BeepBeepSkreet is ready for game 3.\n|inactive|yomasi has 30 seconds to confirm battle start!\n||yomasi is ready for game 3.\n|uhtml|next|Next: <a href=\"/battle-gen9vgc2025regibo3-2353563605\"><strong>Game 3 of 3</strong></a>\n", "uploadtime": 1745969044, "views": 19, "formatid": "gen9vgc2025regibo3", "rating": null, "private": 0, "password": null}