{"id": "gen9vgc2025regibo3-2354972553", "format": "[Gen 9] VGC 2025 Reg I (Bo3)", "players": ["ComelyFan", "L0LhAkZboiz"], "log": "|j|\u2606ComelyFan\n|j|\u2606L0LhAkZboiz\n|html|<table width=\"100%\"><tr><td align=\"left\">ComelyFan</td><td align=\"right\">L0LhAkZboiz</tr><tr><td align=\"left\"><i class=\"fa fa-circle\"></i> <i class=\"fa fa-circle-o\"></i> </td><td align=\"right\"><i class=\"fa fa-circle-o\"></i> <i class=\"fa fa-circle-o\"></i> </tr></table>\n|uhtml|bestof|<h2><strong>Game 2</strong> of <a href=\"/game-bestof3-gen9vgc2025regibo3-2354970323\">a best-of-3</a></h2>\n|t:|1746137327\n|gametype|doubles\n|player|p1|ComelyFan|parasollady|1069\n|player|p2|L0LhAkZboiz|169|1040\n|teamsize|p1|6\n|teamsize|p2|6\n|gen|9\n|tier|[Gen 9] VGC 2025 Reg I (Bo3)\n|rated|\n|rule|Species Clause: Limit one of each Pok\u00e9mon\n|rule|Item Clause: Limit 1 of each item\n|clearpoke\n|poke|p1|Miraidon, L50|\n|poke|p1|Iron Hands, L50|\n|poke|p1|Incineroar, L50, F|\n|poke|p1|Whimsicott, L50, F|\n|poke|p1|Calyrex-Shadow, L50|\n|poke|p1|Urshifu-*, L50, F|\n|poke|p2|Rillaboom, L50, F|\n|poke|p2|Inteleon, L50, M|\n|poke|p2|Incineroar, L50, F|\n|poke|p2|Flutter Mane, L50|\n|poke|p2|Necrozma-Dusk-Mane, L50|\n|poke|p2|Zekrom, L50|\n|teampreview|4\n|showteam|p1|Miraidon||LifeOrb|HadronEngine|Protect,DracoMeteor,ElectroDrift,VoltSwitch||||||50|,,,,,Ghost]Iron Hands||AssaultVest|QuarkDrive|FakeOut,LowKick,WildCharge,HeavySlam||||||50|,,,,,Water]Incineroar||SafetyGoggles|Intimidate|KnockOff,FakeOut,WillOWisp,PartingShot|||F|||50|,,,,,Water]Whimsicott||CovertCloak|Prankster|Tailwind,Moonblast,Encore,HelpingHand|||F|||50|,,,,,Dark]Calyrex-Shadow||FocusSash|AsOneSpectrier|AstralBarrage,Psychic,PollenPuff,Protect||||||50|,,,,,Ghost]Urshifu-Rapid-Strike||ChoiceScarf|UnseenFist|SurgingStrikes,AquaJet,Uturn,CloseCombat|||F|||50|,,,,,Water\n|showteam|p2|Rillaboom||AssaultVest|GrassySurge|GrassPledge,DrumBeating,FakeOut,Uturn|||F|||50|,,,,,Poison]Inteleon||ScopeLens|Sniper|WaterPledge,Protect,SnipeShot,TeraBlast|||M|||50|,,,,,Stellar]Incineroar||CovertCloak|Intimidate|FakeOut,PartingShot,Protect,FlareBlitz|||F|||50|,,,,,Grass]Flutter Mane||BoosterEnergy|Protosynthesis|Moonblast,IcyWind,Protect,ShadowBall||||||50|,,,,,Ghost]Necrozma-Dusk-Mane||Leftovers|PrismArmor|StealthRock,SwordsDance,SunsteelStrike,PsychicFangs||||||50|,,,,,Water]Zekrom||ChoiceBand|Teravolt|BoltStrike,DragonClaw,VoltSwitch,Crunch||||||50|,,,,,Dragon\n|inactive|Battle timer is ON: inactive players will automatically lose when time's up. (requested by ComelyFan)\n|\n|t:|1746137340\n|start\n|switch|p1a: Jovial Merriment|Calyrex-Shadow, L50|100/100\n|switch|p1b: truth|Whimsicott, L50, F|100/100\n|switch|p2a: Flutter Mane|Flutter Mane, L50|100/100\n|switch|p2b: Incineroar|Incineroar, L50, F|100/100\n|-ability|p1a: Jovial Merriment|As One\n|-ability|p1a: Jovial Merriment|Unnerve\n|-ability|p2b: Incineroar|Intimidate|boost\n|-unboost|p1a: Jovial Merriment|atk|1\n|-unboost|p1b: truth|atk|1\n|-enditem|p2a: Flutter Mane|Booster Energy\n|-activate|p2a: Flutter Mane|ability: Protosynthesis|[fromitem]\n|-start|p2a: Flutter Mane|protosynthesisspe\n|turn|1\n|inactive|L0LhAkZboiz has 30 seconds left.\n|\n|t:|1746137371\n|-terastallize|p2a: Flutter Mane|Ghost\n|move|p1a: Jovial Merriment|Protect|p1a: Jovial Merriment\n|-singleturn|p1a: Jovial Merriment|Protect\n|move|p1b: truth|Tailwind|p1b: truth\n|-sidestart|p1: ComelyFan|move: Tailwind\n|move|p2a: Flutter Mane|Shadow Ball|p1a: Jovial Merriment\n|-activate|p1a: Jovial Merriment|move: Protect\n|move|p2b: Incineroar|Flare Blitz|p1b: truth\n|-supereffective|p1b: truth\n|-damage|p1b: truth|6/100\n|-damage|p2b: Incineroar|75/100|[from] Recoil\n|\n|upkeep\n|turn|2\n|\n|t:|1746137393\n|move|p1b: truth|Helping Hand|p1a: Jovial Merriment\n|-singleturn|p1a: Jovial Merriment|Helping Hand|[of] p1b: truth\n|move|p2a: Flutter Mane|Protect|p2a: Flutter Mane\n|-singleturn|p2a: Flutter Mane|Protect\n|move|p1a: Jovial Merriment|Astral Barrage|p2a: Flutter Mane|[spread] p2b\n|-activate|p2a: Flutter Mane|move: Protect\n|-resisted|p2b: Incineroar\n|-damage|p2b: Incineroar|46/100\n|move|p2b: Incineroar|Flare Blitz|p1b: truth\n|-supereffective|p1b: truth\n|-damage|p1b: truth|0 fnt\n|faint|p1b: truth\n|-damage|p2b: Incineroar|44/100|[from] Recoil\n|\n|upkeep\n|\n|t:|1746137403\n|switch|p1b: 1buttonbilly|Miraidon, L50|100/100\n|-fieldstart|move: Electric Terrain|[from] ability: Hadron Engine|[of] p1b: 1buttonbilly\n|turn|3\n|\n|t:|1746137412\n|-end|p2a: Flutter Mane|Protosynthesis|[silent]\n|switch|p2a: Rillaboom|Rillaboom, L50, F|100/100\n|-fieldstart|move: Grassy Terrain|[from] ability: Grassy Surge|[of] p2a: Rillaboom\n|move|p2b: Incineroar|Protect|p2b: Incineroar\n|-singleturn|p2b: Incineroar|Protect\n|move|p1a: Jovial Merriment|Astral Barrage|p2a: Rillaboom|[spread] p2a\n|-activate|p2b: Incineroar|move: Protect\n|-damage|p2a: Rillaboom|51/100\n|move|p1b: 1buttonbilly|Electro Drift|p2b: Incineroar\n|-activate|p2b: Incineroar|move: Protect\n|\n|-heal|p2a: Rillaboom|57/100|[from] Grassy Terrain\n|-heal|p2b: Incineroar|50/100|[from] Grassy Terrain\n|upkeep\n|turn|4\n|inactive|ComelyFan has 30 seconds left.\n|\n|t:|1746137441\n|-terastallize|p1a: Jovial Merriment|Ghost\n|move|p2a: Rillaboom|Fake Out|p1b: 1buttonbilly\n|-damage|p1b: 1buttonbilly|86/100\n|move|p1a: Jovial Merriment|Astral Barrage|p2a: Rillaboom|[spread] p2a,p2b\n|-resisted|p2b: Incineroar\n|-damage|p2a: Rillaboom|0 fnt\n|-damage|p2b: Incineroar|24/100\n|faint|p2a: Rillaboom\n|-ability|p1a: Jovial Merriment|Grim Neigh|boost\n|-boost|p1a: Jovial Merriment|spa|1\n|cant|p1b: 1buttonbilly|flinch\n|move|p2b: Incineroar|Parting Shot|p1a: Jovial Merriment\n|-unboost|p1a: Jovial Merriment|atk|1\n|-unboost|p1a: Jovial Merriment|spa|1\n|\n|t:|1746137455\n|switch|p2b: Necrozma|Necrozma-Dusk-Mane, L50|100/100|[from] Parting Shot\n|\n|-heal|p1b: 1buttonbilly|91/100|[from] Grassy Terrain\n|-sideend|p1: ComelyFan|move: Tailwind\n|upkeep\n|\n|t:|1746137460\n|switch|p2a: Flutter Mane|Flutter Mane, L50, tera:Ghost|100/100\n|turn|5\n|\n|t:|1746137473\n|move|p2a: Flutter Mane|Protect|p2a: Flutter Mane\n|-singleturn|p2a: Flutter Mane|Protect\n|move|p1a: Jovial Merriment|Astral Barrage|p2b: Necrozma|[spread] p2b\n|-activate|p2a: Flutter Mane|move: Protect\n|-supereffective|p2b: Necrozma\n|-damage|p2b: Necrozma|33/100\n|move|p1b: 1buttonbilly|Volt Switch|p2b: Necrozma\n|-damage|p2b: Necrozma|3/100\n|-damage|p1b: 1buttonbilly|82/100|[from] item: Life Orb\n|\n|t:|1746137478\n|switch|p1b: year 4 hrt|Iron Hands, L50|100/100|[from] Volt Switch\n|move|p2b: Necrozma|Sunsteel Strike|p1a: Jovial Merriment\n|-damage|p1a: Jovial Merriment|33/100\n|\n|-heal|p1a: Jovial Merriment|39/100|[from] Grassy Terrain\n|-heal|p2b: Necrozma|9/100|[from] Grassy Terrain\n|-heal|p2b: Necrozma|15/100|[from] item: Leftovers\n|upkeep\n|turn|6\n|inactive|L0LhAkZboiz has 30 seconds left.\n|\n|t:|1746137505\n|move|p2a: Flutter Mane|Protect|p2a: Flutter Mane\n|-singleturn|p2a: Flutter Mane|Protect\n|move|p1a: Jovial Merriment|Astral Barrage|p2b: Necrozma|[spread] p2b\n|-activate|p2a: Flutter Mane|move: Protect\n|-supereffective|p2b: Necrozma\n|-damage|p2b: Necrozma|0 fnt\n|faint|p2b: Necrozma\n|-ability|p1a: Jovial Merriment|Grim Neigh|boost\n|-boost|p1a: Jovial Merriment|spa|1\n|move|p1b: year 4 hrt|Low Kick|p2a: Flutter Mane\n|-activate|p2a: Flutter Mane|move: Protect\n|\n|-heal|p1a: Jovial Merriment|44/100|[from] Grassy Terrain\n|upkeep\n|\n|t:|1746137518\n|switch|p2b: Incineroar|Incineroar, L50, F|24/100\n|-ability|p2b: Incineroar|Intimidate|boost\n|-unboost|p1a: Jovial Merriment|atk|1\n|-unboost|p1b: year 4 hrt|atk|1\n|turn|7\n|\n|t:|1746137531\n|move|p2b: Incineroar|Fake Out|p1b: year 4 hrt\n|-damage|p1b: year 4 hrt|93/100\n|move|p1a: Jovial Merriment|Astral Barrage|p2a: Flutter Mane|[spread] p2a,p2b\n|-supereffective|p2a: Flutter Mane\n|-resisted|p2b: Incineroar\n|-damage|p2a: Flutter Mane|0 fnt\n|-damage|p2b: Incineroar|0 fnt\n|faint|p2a: Flutter Mane\n|-end|p2a: Flutter Mane|Protosynthesis|[silent]\n|faint|p2b: Incineroar\n|\n|win|ComelyFan\n|raw|ComelyFan's rating: 1069 &rarr; <strong>1096</strong><br />(+27 for winning)\n|raw|L0LhAkZboiz's rating: 1040 &rarr; <strong>1025</strong><br />(-15 for losing)\n|l|\u2606ComelyFan\n|player|p1|\n|l|\u2606L0LhAkZboiz\n|player|p2|\n", "uploadtime": 1746137793, "views": 4, "formatid": "gen9vgc2025regibo3", "rating": 1025, "private": 0, "password": null}