{"id": "gen9vgc2025regibo3-2353772581", "format": "[Gen 9] VGC 2025 Reg I (Bo3)", "players": ["calciumnyl", "fabiobl7"], "log": "|j|\u2606calciumnyl\n|j|\u2606fabiobl7\n|html|<table width=\"100%\"><tr><td align=\"left\">calciumnyl</td><td align=\"right\">fabiobl7</tr><tr><td align=\"left\"><i class=\"fa fa-circle-o\"></i> <i class=\"fa fa-circle-o\"></i> </td><td align=\"right\"><i class=\"fa fa-circle-o\"></i> <i class=\"fa fa-circle\"></i> </tr></table>\n|uhtml|bestof|<h2><strong>Game 2</strong> of <a href=\"/game-bestof3-gen9vgc2025regibo3-2353771810\">a best-of-3</a></h2>\n|t:|1745997419\n|gametype|doubles\n|player|p1|calciumnyl|kieran|1115\n|player|p2|fabiobl7|265|1076\n|teamsize|p1|6\n|teamsize|p2|6\n|gen|9\n|tier|[Gen 9] VGC 2025 Reg I (Bo3)\n|rated|\n|rule|Species Clause: Limit one of each Pok\u00e9mon\n|rule|Item Clause: Limit 1 of each item\n|clearpoke\n|poke|p1|Zacian-*, L50|\n|poke|p1|Groudon, L50|\n|poke|p1|Mienshao, L50, F|\n|poke|p1|Raging Bolt, L50|\n|poke|p1|Incineroar, L50, F|\n|poke|p1|Flutter Mane, L50|\n|poke|p2|Rillaboom, L50, F|\n|poke|p2|Ogerpon-Cornerstone, L50, F|\n|poke|p2|Flutter Mane, L50|\n|poke|p2|Calyrex-Shadow, L50|\n|poke|p2|Koraidon, L50|\n|poke|p2|Raging Bolt, L50|\n|teampreview|4\n|showteam|p1|Zacian-Crowned||RustedSword|IntrepidSword|behemothblade,PlayRough,CloseCombat,Protect||||||50|,,,,,Ground]Groudon||AssaultVest|Drought|PrecipiceBlades,HeatCrash,HighHorsepower,ThunderPunch||||||50|,,,,,Fire]Mienshao||FocusSash|InnerFocus|FakeOut,WideGuard,Coaching,CloseCombat|||F|||50|,,,,,Steel]Raging Bolt||LifeOrb|Protosynthesis|Thunderclap,Thunderbolt,DracoMeteor,Protect||||||50|,,,,,Water]Incineroar||SafetyGoggles|Intimidate|FakeOut,PartingShot,FlareBlitz,KnockOff|||F|||50|,,,,,Ghost]Flutter Mane||BoosterEnergy|Protosynthesis|DazzlingGleam,ShadowBall,Moonblast,Protect||||||50|,,,,,Fairy\n|showteam|p2|Rillaboom||AssaultVest|GrassySurge|FakeOut,WoodHammer,GrassyGlide,Uturn|||F|||50|,,,,,Water]Ogerpon-Cornerstone||CornerstoneMask|Sturdy|IvyCudgel,SpikyShield,FollowMe,PowerWhip|||F|||50|,,,,,Rock]Flutter Mane||BoosterEnergy|Protosynthesis|Moonblast,IcyWind,ThunderWave,Taunt||||||50|,,,,,Fairy]Calyrex-Shadow||FocusSash|AsOneSpectrier|AstralBarrage,Protect,WillOWisp,Psychic||||||50|,,,,,Ghost]Koraidon||ClearAmulet|OrichalcumPulse|Protect,FlameCharge,FlareBlitz,CloseCombat||||||50|,,,,,Fire]Raging Bolt||LifeOrb|Protosynthesis|Protect,Thunderclap,Thunderbolt,DracoMeteor||||||50|,,,,,Electric\n|inactive|Battle timer is ON: inactive players will automatically lose when time's up. (requested by calciumnyl)\n|inactive|calciumnyl has 60 seconds left.\n|\n|t:|1745997458\n|start\n|switch|p1a: High Jump Miss|Mienshao, L50, F|100/100\n|switch|p1b: Precimiss Blades|Groudon, L50|100/100\n|switch|p2a: Calyrex|Calyrex-Shadow, L50|100/100\n|switch|p2b: Koraidon|Koraidon, L50|100/100\n|-ability|p2a: Calyrex|As One\n|-ability|p2a: Calyrex|Unnerve\n|-weather|SunnyDay|[from] ability: Orichalcum Pulse|[of] p2b: Koraidon\n|-activate|p2b: Koraidon|Orichalcum Pulse|[source]\n|turn|1\n|\n|t:|1745997469\n|-terastallize|p1b: Precimiss Blades|Fire\n|move|p2a: Calyrex|Psychic|p1a: High Jump Miss\n|-supereffective|p1a: High Jump Miss\n|-enditem|p1a: High Jump Miss|Focus Sash\n|-damage|p1a: High Jump Miss|1/100\n|move|p2b: Koraidon|Flame Charge|p1a: High Jump Miss\n|-damage|p1a: High Jump Miss|0 fnt\n|-boost|p2b: Koraidon|spe|1\n|faint|p1a: High Jump Miss\n|move|p1b: Precimiss Blades|Precipice Blades|p2a: Calyrex|[spread] p2a,p2b\n|-damage|p2a: Calyrex|42/100\n|-damage|p2b: Koraidon|53/100\n|\n|-weather|SunnyDay|[upkeep]\n|upkeep\n|\n|t:|1745997480\n|switch|p1a: Icy Miss|Flutter Mane, L50|100/100\n|-activate|p1a: Icy Miss|ability: Protosynthesis\n|-start|p1a: Icy Miss|protosynthesisspe\n|turn|2\n|\n|t:|1745997492\n|-terastallize|p2b: Koraidon|Fire\n|move|p1a: Icy Miss|Protect|p1a: Icy Miss\n|-singleturn|p1a: Icy Miss|Protect\n|move|p2a: Calyrex|Protect|p2a: Calyrex\n|-singleturn|p2a: Calyrex|Protect\n|move|p2b: Koraidon|Flare Blitz|p1a: Icy Miss\n|-activate|p1a: Icy Miss|move: Protect\n|move|p1b: Precimiss Blades|Heat Crash|p2a: Calyrex\n|-activate|p2a: Calyrex|move: Protect\n|\n|-weather|SunnyDay|[upkeep]\n|upkeep\n|turn|3\n|\n|t:|1745997505\n|move|p1a: Icy Miss|Shadow Ball|p2b: Koraidon\n|-damage|p2b: Koraidon|12/100\n|move|p2b: Koraidon|Flare Blitz|p1a: Icy Miss\n|-damage|p1a: Icy Miss|0 fnt\n|faint|p1a: Icy Miss\n|-end|p1a: Icy Miss|Protosynthesis|[silent]\n|-damage|p2b: Koraidon|0 fnt|[from] Recoil\n|faint|p2b: Koraidon\n|move|p2a: Calyrex|Astral Barrage|p1b: Precimiss Blades\n|-damage|p1b: Precimiss Blades|62/100\n|move|p1b: Precimiss Blades|Precipice Blades|p2a: Calyrex\n|-damage|p2a: Calyrex|0 fnt\n|faint|p2a: Calyrex\n|\n|-weather|SunnyDay|[upkeep]\n|upkeep\n|\n|t:|1745997512\n|switch|p2a: Flutter Mane|Flutter Mane, L50|100/100\n|switch|p1a: Play Miss|Zacian-Crowned, L50|100/100\n|switch|p2b: Ogerpon|Ogerpon-Cornerstone, L50, F|100/100\n|-ability|p1a: Play Miss|Intrepid Sword|boost\n|-boost|p1a: Play Miss|atk|1\n|-activate|p2a: Flutter Mane|ability: Protosynthesis\n|-start|p2a: Flutter Mane|protosynthesisspe\n|turn|4\n|\n|t:|1745997529\n|move|p2a: Flutter Mane|Thunder Wave|p1a: Play Miss\n|-status|p1a: Play Miss|par\n|move|p2b: Ogerpon|Ivy Cudgel|p1b: Precimiss Blades|[anim] Ivy Cudgel Rock\n|-supereffective|p1b: Precimiss Blades\n|-damage|p1b: Precimiss Blades|0 fnt\n|faint|p1b: Precimiss Blades\n|move|p1a: Play Miss|Behemoth Blade|p2a: Flutter Mane\n|-supereffective|p2a: Flutter Mane\n|-damage|p2a: Flutter Mane|0 fnt\n|faint|p2a: Flutter Mane\n|-end|p2a: Flutter Mane|Protosynthesis|[silent]\n|\n|-weather|SunnyDay|[upkeep]\n|upkeep\n|turn|5\n|\n|t:|1745997542\n|move|p1a: Play Miss|Protect|p1a: Play Miss\n|-singleturn|p1a: Play Miss|Protect\n|move|p2b: Ogerpon|Power Whip|p1a: Play Miss\n|-activate|p1a: Play Miss|move: Protect\n|\n|-weather|none\n|upkeep\n|turn|6\n|\n|t:|1745997546\n|move|p2b: Ogerpon|Spiky Shield|p2b: Ogerpon\n|-singleturn|p2b: Ogerpon|move: Protect\n|move|p1a: Play Miss|Behemoth Blade|p2b: Ogerpon\n|-activate|p2b: Ogerpon|move: Protect\n|-damage|p1a: Play Miss|88/100 par|[from] Spiky Shield|[of] p2b: Ogerpon\n|\n|upkeep\n|turn|7\n|\n|t:|1745997553\n|move|p2b: Ogerpon|Power Whip|p1a: Play Miss|[miss]\n|-miss|p2b: Ogerpon|p1a: Play Miss\n|move|p1a: Play Miss|Behemoth Blade|p2b: Ogerpon\n|-supereffective|p2b: Ogerpon\n|-ability|p2b: Ogerpon|Sturdy\n|-damage|p2b: Ogerpon|1/100\n|\n|upkeep\n|turn|8\n|\n|t:|1745997557\n|move|p2b: Ogerpon|Spiky Shield|p2b: Ogerpon\n|-singleturn|p2b: Ogerpon|move: Protect\n|move|p1a: Play Miss|Protect||[still]\n|-fail|p1a: Play Miss\n|\n|upkeep\n|turn|9\n|\n|t:|1745997563\n|move|p2b: Ogerpon|Power Whip|p1a: Play Miss\n|-resisted|p1a: Play Miss\n|-damage|p1a: Play Miss|55/100 par\n|cant|p1a: Play Miss|par\n|\n|upkeep\n|turn|10\n|\n|t:|1745997569\n|move|p2b: Ogerpon|Spiky Shield|p2b: Ogerpon\n|-singleturn|p2b: Ogerpon|move: Protect\n|move|p1a: Play Miss|Protect||[still]\n|-fail|p1a: Play Miss\n|\n|upkeep\n|turn|11\n|\n|t:|1745997573\n|move|p2b: Ogerpon|Spiky Shield|p2b: Ogerpon\n|-singleturn|p2b: Ogerpon|move: Protect\n|move|p1a: Play Miss|Behemoth Blade|p2b: Ogerpon\n|-activate|p2b: Ogerpon|move: Protect\n|-damage|p1a: Play Miss|42/100 par|[from] Spiky Shield|[of] p2b: Ogerpon\n|\n|upkeep\n|turn|12\n|\n|t:|1745997582\n|move|p2b: Ogerpon|Ivy Cudgel|p1a: Play Miss|[anim] Ivy Cudgel Rock\n|-resisted|p1a: Play Miss\n|-damage|p1a: Play Miss|15/100 par\n|move|p1a: Play Miss|Behemoth Blade|p2b: Ogerpon\n|-supereffective|p2b: Ogerpon\n|-damage|p2b: Ogerpon|0 fnt\n|faint|p2b: Ogerpon\n|\n|win|calciumnyl\n|l|\u2606fabiobl7\n|player|p2|\n||calciumnyl is ready for game 3.\n|l|\u2606calciumnyl\n|player|p1|\n|inactive|fabiobl7 has 30 seconds to confirm battle start!\n||fabiobl7 is ready for game 3.\n|uhtml|next|Next: <a href=\"/battle-gen9vgc2025regibo3-2353773605\"><strong>Game 3 of 3</strong></a>\n", "uploadtime": 1745997980, "views": 8, "formatid": "gen9vgc2025regibo3", "rating": null, "private": 0, "password": null}