{"id": "gen9vgc2025regibo3-2354441828", "format": "[Gen 9] VGC 2025 Reg I (Bo3)", "players": ["Jerm626", "PokemonmasterN2009"], "log": "|j|\u2606Jerm626\n|j|\u2606PokemonmasterN2009\n|html|<table width=\"100%\"><tr><td align=\"left\">Jerm626</td><td align=\"right\">PokemonmasterN2009</tr><tr><td align=\"left\"><i class=\"fa fa-circle\"></i> <i class=\"fa fa-circle-o\"></i> </td><td align=\"right\"><i class=\"fa fa-circle-o\"></i> <i class=\"fa fa-circle\"></i> </tr></table>\n|uhtml|bestof|<h2><strong>Game 3</strong> of <a href=\"/game-bestof3-gen9vgc2025regibo3-2354436877\">a best-of-3</a></h2>\n|t:|1746072177\n|gametype|doubles\n|player|p1|Jerm626|1|1244\n|player|p2|PokemonmasterN2009|steven|1377\n|teamsize|p1|6\n|teamsize|p2|6\n|gen|9\n|tier|[Gen 9] VGC 2025 Reg I (Bo3)\n|rated|\n|rule|Species Clause: Limit one of each Pok\u00e9mon\n|rule|Item Clause: Limit 1 of each item\n|clearpoke\n|poke|p1|Koraidon, L50|\n|poke|p1|Lunala, L50|\n|poke|p1|Indeedee-F, L50, F|\n|poke|p1|Ursaluna, L50, M|\n|poke|p1|Flutter Mane, L50|\n|poke|p1|Ogerpon-Cornerstone, L50, F|\n|poke|p2|Calyrex-Ice, L50|\n|poke|p2|Smeargle, L50, M|\n|poke|p2|Kyogre, L50|\n|poke|p2|Farigiraf, L50, M|\n|poke|p2|Amoonguss, L50, M|\n|poke|p2|Alcremie, L50, F|\n|teampreview|4\n|showteam|p1|Koraidon||ClearAmulet|OrichalcumPulse|CloseCombat,FlameCharge,FlareBlitz,Protect||||||50|,,,,,Fire]Lunala||PowerHerb|ShadowShield|ExpandingForce,MeteorBeam,WideGuard,MoongeistBeam||||||50|,,,,,Water]Indeedee-F||RockyHelmet|PsychicSurge|TrickRoom,FollowMe,Psychic,HealPulse|||F|||50|,,,,,Water]Ursaluna||FlameOrb|Guts|Facade,HeadlongRush,Protect,Earthquake|||M|||50|,,,,,Ghost]Flutter Mane||FocusSash|Protosynthesis|IcyWind,Moonblast,Protect,Taunt||||||50|,,,,,Normal]Ogerpon-Cornerstone||CornerstoneMask|Sturdy|IvyCudgel,SpikyShield,FollowMe,PowerWhip|||F|||50|,,,,,Rock\n|showteam|p2|Calyrex-Ice||ClearAmulet|AsOneGlastrier|TrickRoom,GlacialLance,HighHorsepower,Protect||||||50|,,,,,Fire]Smeargle||FocusSash|OwnTempo|Spore,FollowMe,WideGuard,Decorate|||M|||50|,,,,,Grass]Kyogre||IronBall|Drizzle|WaterSpout,HydroPump,Thunder,IceBeam||||||50|,,,,,Grass]Farigiraf||ThroatSpray|ArmorTail|TrickRoom,HyperVoice,Roar,PsychicNoise|||M|||50|,,,,,Water]Amoonguss||MentalHerb|Regenerator|RagePowder,ClearSmog,Spore,PollenPuff|||M|||50|,,,,,Water]Alcremie||PowerLens|SweetVeil|Decorate,LightScreen,DazzlingGleam,Encore|||F|||50|,,,,,Steel\n|inactive|Battle timer is ON: inactive players will automatically lose when time's up. (requested by PokemonmasterN2009)\n|inactive|Jerm626 has 60 seconds left.\n|\n|t:|1746072215\n|start\n|switch|p1a: Lunala|Lunala, L50, shiny|100/100\n|switch|p1b: Flutter Mane|Flutter Mane, L50|100/100\n|switch|p2a: Smeargle|Smeargle, L50, M, shiny|100/100\n|switch|p2b: Calyrex|Calyrex-Ice, L50|100/100\n|-ability|p2b: Calyrex|As One\n|-ability|p2b: Calyrex|Unnerve\n|turn|1\n|\n|t:|1746072237\n|move|p2a: Smeargle|Follow Me|p2a: Smeargle\n|-singleturn|p2a: Smeargle|move: Follow Me\n|move|p1b: Flutter Mane|Taunt|p2a: Smeargle\n|-start|p2a: Smeargle|move: Taunt\n|move|p1a: Lunala|Meteor Beam||[still]\n|-prepare|p1a: Lunala|Meteor Beam\n|-boost|p1a: Lunala|spa|1\n|-enditem|p1a: Lunala|Power Herb\n|-anim|p1a: Lunala|Meteor Beam|p2a: Smeargle\n|-enditem|p2a: Smeargle|Focus Sash\n|-damage|p2a: Smeargle|1/100\n|move|p2b: Calyrex|Trick Room|p2b: Calyrex\n|-fieldstart|move: Trick Room|[of] p2b: Calyrex\n|\n|upkeep\n|turn|2\n|inactive|Jerm626 has 30 seconds left.\n|\n|t:|1746072272\n|-terastallize|p2b: Calyrex|Fire\n|move|p1a: Lunala|Wide Guard|p1a: Lunala\n|-singleturn|p1a: Lunala|Wide Guard\n|move|p2b: Calyrex|Glacial Lance|p1a: Lunala|[spread] \n|-activate|p1a: Lunala|move: Wide Guard\n|-activate|p1b: Flutter Mane|move: Wide Guard\n|-activate|p2a: Smeargle|move: Struggle\n|move|p2a: Smeargle|Struggle|p1a: Lunala\n|-damage|p1a: Lunala|99/100\n|-damage|p2a: Smeargle|0 fnt|[from] recoil\n|faint|p2a: Smeargle\n|move|p1b: Flutter Mane|Moonblast|p2b: Calyrex\n|-resisted|p2b: Calyrex\n|-damage|p2b: Calyrex|82/100\n|\n|upkeep\n|\n|t:|1746072278\n|switch|p2a: Amoonguss|Amoonguss, L50, M|100/100\n|turn|3\n|\n|t:|1746072292\n|-end|p1b: Flutter Mane|Protosynthesis|[silent]\n|switch|p1b: Ogerpon|Ogerpon-Cornerstone, L50, F|100/100\n|move|p1a: Lunala|Wide Guard|p1a: Lunala\n|-singleturn|p1a: Lunala|Wide Guard\n|move|p2a: Amoonguss|Spore|p1a: Lunala\n|-status|p1a: Lunala|slp|[from] move: Spore\n|move|p2b: Calyrex|High Horsepower|p1a: Lunala\n|-crit|p1a: Lunala\n|-damage|p1a: Lunala|57/100 slp\n|\n|upkeep\n|turn|4\n|inactive|Jerm626 has 30 seconds left.\n|\n|t:|1746072320\n|-terastallize|p1a: Lunala|Water\n|move|p1b: Ogerpon|Spiky Shield|p1b: Ogerpon\n|-singleturn|p1b: Ogerpon|move: Protect\n|move|p2a: Amoonguss|Pollen Puff|p1b: Ogerpon\n|-activate|p1b: Ogerpon|move: Protect\n|move|p2b: Calyrex|Glacial Lance|p1a: Lunala|[spread] p1a\n|-activate|p1b: Ogerpon|move: Protect\n|-resisted|p1a: Lunala\n|-damage|p1a: Lunala|36/100 slp\n|cant|p1a: Lunala|slp\n|\n|upkeep\n|turn|5\n|\n|t:|1746072341\n|switch|p1b: Indeedee|Indeedee-F, L50, F, shiny|100/100\n|-fieldstart|move: Psychic Terrain|[from] ability: Psychic Surge|[of] p1b: Indeedee\n|move|p2a: Amoonguss|Pollen Puff|p1b: Indeedee\n|-supereffective|p1b: Indeedee\n|-damage|p1b: Indeedee|64/100\n|move|p2b: Calyrex|Glacial Lance|p1b: Indeedee|[spread] p1a,p1b\n|-resisted|p1a: Lunala\n|-damage|p1a: Lunala|14/100 slp\n|-damage|p1b: Indeedee|8/100\n|cant|p1a: Lunala|slp\n|\n|-fieldend|move: Trick Room\n|upkeep\n|turn|6\n|\n|t:|1746072351\n|-curestatus|p1a: Lunala|slp|[msg]\n|move|p1a: Lunala|Expanding Force|p2b: Calyrex|[spread] p2a,p2b\n|-supereffective|p2a: Amoonguss\n|-damage|p2a: Amoonguss|0 fnt\n|-damage|p2b: Calyrex|19/100\n|faint|p2a: Amoonguss\n|move|p1b: Indeedee|Heal Pulse|p1a: Lunala\n|-heal|p1a: Lunala|64/100\n|move|p2b: Calyrex|Trick Room|p2b: Calyrex\n|-fieldstart|move: Trick Room|[of] p2b: Calyrex\n|\n|upkeep\n|\n|t:|1746072359\n|switch|p2a: Kyogre|Kyogre, L50|100/100\n|-weather|RainDance|[from] ability: Drizzle|[of] p2a: Kyogre\n|turn|7\n|\n|t:|1746072382\n|move|p1a: Lunala|Wide Guard|p1a: Lunala\n|-singleturn|p1a: Lunala|Wide Guard\n|move|p2a: Kyogre|Thunder|p1a: Lunala\n|-supereffective|p1a: Lunala\n|-damage|p1a: Lunala|3/100\n|move|p2b: Calyrex|Glacial Lance|p1b: Indeedee|[spread] \n|-activate|p1a: Lunala|move: Wide Guard\n|-activate|p1b: Indeedee|move: Wide Guard\n|move|p1b: Indeedee|Trick Room|p1b: Indeedee\n|-fieldend|move: Trick Room\n|\n|-weather|RainDance|[upkeep]\n|upkeep\n|turn|8\n|\n|t:|1746072397\n|move|p2b: Calyrex|Protect|p2b: Calyrex\n|-singleturn|p2b: Calyrex|Protect\n|move|p1a: Lunala|Expanding Force|p2b: Calyrex|[spread] p2a\n|-activate|p2b: Calyrex|move: Protect\n|-damage|p2a: Kyogre|43/100\n|move|p1b: Indeedee|Heal Pulse|p1a: Lunala\n|-heal|p1a: Lunala|53/100\n|move|p2a: Kyogre|Water Spout|p1b: Indeedee|[spread] p1a,p1b\n|-resisted|p1a: Lunala\n|-damage|p1a: Lunala|39/100\n|-damage|p1b: Indeedee|0 fnt\n|faint|p1b: Indeedee\n|\n|-weather|RainDance|[upkeep]\n|upkeep\n|\n|t:|1746072402\n|switch|p1b: Ogerpon|Ogerpon-Cornerstone, L50, F|100/100\n|turn|9\n|-message|PokemonmasterN2009 forfeited.\n|\n|win|Jerm626\n|raw|Jerm626's rating: 1244 &rarr; <strong>1278</strong><br />(+34 for winning)\n|raw|PokemonmasterN2009's rating: 1377 &rarr; <strong>1350</strong><br />(-27 for losing)\n|l|\u2606PokemonmasterN2009\n|player|p2|\n|j|\u2606PokemonmasterN2009\n|player|p2|PokemonmasterN2009|steven|\n|c|\u2606Jerm626|Gg\n|l|\u2606PokemonmasterN2009\n|player|p2|\n|c|\u2606Jerm626|Close games\n|l|\u2606Jerm626\n|player|p1|\n", "uploadtime": 1746072712, "views": 6, "formatid": "gen9vgc2025regibo3", "rating": 1278, "private": 0, "password": null}