{"id": "gen9vgc2025regibo3-2354702568", "format": "[Gen 9] VGC 2025 Reg I (Bo3)", "players": ["nonaic2025", "soideshowbob"], "log": "|j|\u2606nonaic2025\n|j|\u2606soideshowbob\n|html|<table width=\"100%\"><tr><td align=\"left\">nonaic2025</td><td align=\"right\">soideshowbob</tr><tr><td align=\"left\"><i class=\"fa fa-circle-o\"></i> <i class=\"fa fa-circle-o\"></i> </td><td align=\"right\"><i class=\"fa fa-circle-o\"></i> <i class=\"fa fa-circle-o\"></i> </tr></table>\n|uhtml|bestof|<h2><strong>Game 1</strong> of <a href=\"/game-bestof3-gen9vgc2025regibo3-2354702566\">a best-of-3</a></h2>\n|t:|1746112196\n|gametype|doubles\n|player|p1|nonaic2025|102|1314\n|player|p2|soideshowbob|pokemonrangerf|1385\n|teamsize|p1|6\n|teamsize|p2|6\n|gen|9\n|tier|[Gen 9] VGC 2025 Reg I (Bo3)\n|rated|\n|rule|Species Clause: Limit one of each Pok\u00e9mon\n|rule|Item Clause: Limit 1 of each item\n|clearpoke\n|poke|p1|Calyrex-Ice, L50|\n|poke|p1|Indeedee-F, L50, F|\n|poke|p1|Urshifu-*, L50, M|\n|poke|p1|Smeargle, L50, F|\n|poke|p1|Alcremie, L50, F|\n|poke|p1|Kyogre, L50|\n|poke|p2|Koraidon, L50|\n|poke|p2|Calyrex-Shadow, L50|\n|poke|p2|Weezing-Galar, L50, F|\n|poke|p2|Toedscruel, L50, M|\n|poke|p2|Typhlosion-Hisui, L50, F|\n|poke|p2|Indeedee-F, L50, F|\n|teampreview|4\n|showteam|p1|Calyrex-Ice||ClearAmulet|AsOneGlastrier|GlacialLance,HighHorsepower,TrickRoom,Protect||||||50|,,,,,Normal]Indeedee-F||RockyHelmet|PsychicSurge|FollowMe,TrickRoom,HealPulse,Psychic|||F|||50|,,,,,Grass]Urshifu||ChoiceBand|UnseenFist|WickedBlow,CloseCombat,SuckerPunch,PoisonJab|||M|||50|,,,,,Poison]Smeargle||FocusSash|Moody|FakeOut,FollowMe,Decorate,Spore|||F|||50|,,,,,Ghost]Alcremie||SafetyGoggles|SweetVeil|Decorate,DazzlingGleam,Charm,Encore|||F|||50|,,,,,Ghost]Kyogre||IronBall|Drizzle|WaterSpout,OriginPulse,HydroPump,Thunder||||||50|,,,,,Water\n|showteam|p2|Koraidon||AbilityShield|OrichalcumPulse|FlareBlitz,CollisionCourse,FlameCharge,Protect||||||50|,,,,,Fire]Calyrex-Shadow||FocusSash|AsOneSpectrier|AstralBarrage,ExpandingForce,PollenPuff,Protect||||||50|,,,,,Ghost]Weezing-Galar||Leftovers|NeutralizingGas|Protect,StrangeSteam,Taunt,PoisonGas|||F|||50|,,,,,Grass]Toedscruel||CovertCloak|MyceliumMight|Spore,RagePowder,AcidSpray,EarthPower|||M|||50|,,,,,Water]Typhlosion-Hisui||ChoiceScarf|Blaze|Eruption,HeatWave,ShadowBall,Overheat|||F|||50|,,,,,Fire]Indeedee-F||SafetyGoggles|PsychicSurge|FollowMe,AlluringVoice,HelpingHand,TrickRoom|||F|||50|,,,,,Fairy\n|inactive|Battle timer is ON: inactive players will automatically lose when time's up. (requested by nonaic2025)\n|\n|t:|1746112243\n|start\n|switch|p1a: RideOrDie|Calyrex-Ice, L50|100/100\n|switch|p1b: TheSolution|Smeargle, L50, F|100/100\n|switch|p2a: Weezing|Weezing-Galar, L50, F|100/100\n|switch|p2b: Toedscruel|Toedscruel, L50, M|100/100\n|-ability|p2a: Weezing|Neutralizing Gas\n|-ability|p1a: RideOrDie|As One\n|-ability|p1a: RideOrDie|Unnerve\n|turn|1\n|inactive|nonaic2025 has 30 seconds left.\n|\n|t:|1746112274\n|-terastallize|p2b: Toedscruel|Water\n|move|p1b: TheSolution|Follow Me|p1b: TheSolution\n|-singleturn|p1b: TheSolution|move: Follow Me\n|move|p2b: Toedscruel|Spore|p1b: TheSolution\n|-status|p1b: TheSolution|slp|[from] move: Spore\n|move|p2a: Weezing|Poison Gas||[still]|[spread] p1a,p1b\n|-status|p1a: RideOrDie|psn\n|-fail|p2a: Weezing\n|move|p1a: RideOrDie|Trick Room|p1a: RideOrDie\n|-fieldstart|move: Trick Room|[of] p1a: RideOrDie\n|\n|-damage|p1a: RideOrDie|88/100 psn|[from] psn\n|upkeep\n|turn|2\n|\n|t:|1746112298\n|move|p2a: Weezing|Protect|p2a: Weezing\n|-singleturn|p2a: Weezing|Protect\n|move|p1a: RideOrDie|Glacial Lance|p2b: Toedscruel|[spread] p2b\n|-activate|p2a: Weezing|move: Protect\n|-resisted|p2b: Toedscruel\n|-damage|p2b: Toedscruel|65/100\n|cant|p1b: TheSolution|slp\n|move|p2b: Toedscruel|Spore|p1b: TheSolution\n|-fail|p1b: TheSolution|slp\n|\n|-damage|p1a: RideOrDie|76/100 psn|[from] psn\n|upkeep\n|turn|3\n|\n|t:|1746112317\n|move|p1a: RideOrDie|Glacial Lance|p2a: Weezing|[spread] p2a,p2b\n|-resisted|p2b: Toedscruel\n|-damage|p2a: Weezing|52/100\n|-damage|p2b: Toedscruel|28/100\n|move|p2a: Weezing|Strange Steam|p1b: TheSolution\n|-damage|p1b: TheSolution|46/100 slp\n|cant|p1b: TheSolution|slp\n|move|p2b: Toedscruel|Spore|p1b: TheSolution\n|-fail|p1b: TheSolution|slp\n|\n|-heal|p2a: Weezing|57/100|[from] item: Leftovers\n|-damage|p1a: RideOrDie|64/100 psn|[from] psn\n|upkeep\n|turn|4\n|\n|t:|1746112339\n|move|p2b: Toedscruel|Rage Powder|p2b: Toedscruel\n|-singleturn|p2b: Toedscruel|move: Rage Powder\n|move|p1a: RideOrDie|Glacial Lance|p2a: Weezing|[spread] p2a,p2b\n|-resisted|p2b: Toedscruel\n|-damage|p2a: Weezing|5/100\n|-damage|p2b: Toedscruel|0 fnt\n|faint|p2b: Toedscruel\n|-ability|p1a: RideOrDie|Chilling Neigh|boost\n|-boost|p1a: RideOrDie|atk|1\n|move|p2a: Weezing|Strange Steam|p1b: TheSolution\n|-damage|p1b: TheSolution|0 fnt\n|faint|p1b: TheSolution\n|\n|-heal|p2a: Weezing|10/100|[from] item: Leftovers\n|-damage|p1a: RideOrDie|52/100 psn|[from] psn\n|upkeep\n|\n|t:|1746112359\n|switch|p1b: Fisticuffs|Urshifu, L50, M|100/100\n|switch|p2b: Calyrex|Calyrex-Shadow, L50|100/100\n|-ability|p2b: Calyrex|As One\n|-ability|p2b: Calyrex|Unnerve\n|turn|5\n|\n|t:|1746112375\n|move|p1a: RideOrDie|Protect|p1a: RideOrDie\n|-singleturn|p1a: RideOrDie|Protect\n|move|p2a: Weezing|Protect|p2a: Weezing\n|-singleturn|p2a: Weezing|Protect\n|move|p2b: Calyrex|Protect|p2b: Calyrex\n|-singleturn|p2b: Calyrex|Protect\n|move|p1b: Fisticuffs|Sucker Punch||[still]\n|-fail|p1b: Fisticuffs\n|\n|-heal|p2a: Weezing|16/100|[from] item: Leftovers\n|-damage|p1a: RideOrDie|40/100 psn|[from] psn\n|-fieldend|move: Trick Room\n|upkeep\n|turn|6\n|\n|t:|1746112390\n|-terastallize|p1a: RideOrDie|Normal\n|move|p1b: Fisticuffs|Sucker Punch|p2b: Calyrex\n|-supereffective|p2b: Calyrex\n|-enditem|p2b: Calyrex|Focus Sash\n|-damage|p2b: Calyrex|1/100\n|move|p2b: Calyrex|Pollen Puff|p2a: Weezing\n|-heal|p2a: Weezing|66/100\n|move|p2a: Weezing|Taunt|p1a: RideOrDie\n|-start|p1a: RideOrDie|move: Taunt\n|move|p1a: RideOrDie|Glacial Lance|p2b: Calyrex|[spread] p2a,p2b\n|-damage|p2a: Weezing|0 fnt\n|-damage|p2b: Calyrex|0 fnt\n|faint|p2a: Weezing\n|-end|p2a: Weezing|ability: Neutralizing Gas\n|faint|p2b: Calyrex\n|-ability|p1a: RideOrDie|Chilling Neigh|boost\n|-boost|p1a: RideOrDie|atk|2\n|\n|-damage|p1a: RideOrDie|28/100 psn|[from] psn\n|upkeep\n|\n|t:|1746112412\n|switch|p2b: Koraidon|Koraidon, L50|100/100\n|-weather|SunnyDay|[from] ability: Orichalcum Pulse|[of] p2b: Koraidon\n|-activate|p2b: Koraidon|Orichalcum Pulse|[source]\n|turn|7\n|inactive|nonaic2025 has 30 seconds left.\n|\n|t:|1746112439\n|move|p1b: Fisticuffs|Sucker Punch|p2b: Koraidon\n|-resisted|p2b: Koraidon\n|-damage|p2b: Koraidon|74/100\n|move|p2b: Koraidon|Collision Course|p1a: RideOrDie\n|-supereffective|p1a: RideOrDie\n|-damage|p1a: RideOrDie|0 fnt\n|faint|p1a: RideOrDie\n|\n|-weather|SunnyDay|[upkeep]\n|upkeep\n|\n|t:|1746112441\n|switch|p1a: TheFlood|Kyogre, L50|100/100\n|-weather|RainDance|[from] ability: Drizzle|[of] p1a: TheFlood\n|turn|8\n|\n|t:|1746112458\n|move|p2b: Koraidon|Protect|p2b: Koraidon\n|-singleturn|p2b: Koraidon|Protect\n|move|p1b: Fisticuffs|Sucker Punch||[still]\n|-fail|p1b: Fisticuffs\n|move|p1a: TheFlood|Origin Pulse|p2b: Koraidon\n|-activate|p2b: Koraidon|move: Protect\n|\n|-weather|RainDance|[upkeep]\n|upkeep\n|turn|9\n|\n|t:|1746112470\n|move|p2b: Koraidon|Protect||[still]\n|-fail|p2b: Koraidon\n|move|p1b: Fisticuffs|Sucker Punch||[still]\n|-fail|p1b: Fisticuffs\n|move|p1a: TheFlood|Origin Pulse|p2b: Koraidon\n|-resisted|p2b: Koraidon\n|-damage|p2b: Koraidon|20/100\n|\n|-weather|RainDance|[upkeep]\n|upkeep\n|turn|10\n|\n|t:|1746112475\n|move|p2b: Koraidon|Protect|p2b: Koraidon\n|-singleturn|p2b: Koraidon|Protect\n|move|p1b: Fisticuffs|Sucker Punch||[still]\n|-fail|p1b: Fisticuffs\n|move|p1a: TheFlood|Origin Pulse|p2b: Koraidon\n|-activate|p2b: Koraidon|move: Protect\n|\n|-weather|RainDance|[upkeep]\n|upkeep\n|turn|11\n|\n|t:|1746112482\n|move|p2b: Koraidon|Protect||[still]\n|-fail|p2b: Koraidon\n|move|p1b: Fisticuffs|Sucker Punch||[still]\n|-fail|p1b: Fisticuffs\n|move|p1a: TheFlood|Origin Pulse|p2b: Koraidon\n|-resisted|p2b: Koraidon\n|-damage|p2b: Koraidon|0 fnt\n|faint|p2b: Koraidon\n|\n|win|nonaic2025\n||nonaic2025 is ready for game 2.\n||soideshowbob is ready for game 2.\n|uhtml|next|Next: <a href=\"/battle-gen9vgc2025regibo3-2354705713\"><strong>Game 2 of 3</strong></a>\n", "uploadtime": 1746112807, "views": 5, "formatid": "gen9vgc2025regibo3", "rating": null, "private": 0, "password": null}