{"id": "gen9vgc2025regibo3-2353899660", "format": "[Gen 9] VGC 2025 Reg I (Bo3)", "players": ["oporrinovgc", "NameLessUlixes"], "log": "|j|\u2606oporrinovgc\n|j|\u2606NameLessUlixes\n|html|<table width=\"100%\"><tr><td align=\"left\">oporrinovgc</td><td align=\"right\">NameLessUlixes</tr><tr><td align=\"left\"><i class=\"fa fa-circle\"></i> <i class=\"fa fa-circle-o\"></i> </td><td align=\"right\"><i class=\"fa fa-circle-o\"></i> <i class=\"fa fa-circle\"></i> </tr></table>\n|uhtml|bestof|<h2><strong>Game 3</strong> of <a href=\"/game-bestof3-gen9vgc2025regibo3-2353896501\">a best-of-3</a></h2>\n|t:|1746016644\n|gametype|doubles\n|player|p1|oporrinovgc|169|1281\n|player|p2|NameLessUlixes|169|1192\n|teamsize|p1|6\n|teamsize|p2|6\n|gen|9\n|tier|[Gen 9] VGC 2025 Reg I (Bo3)\n|rated|\n|rule|Species Clause: Limit one of each Pok\u00e9mon\n|rule|Item Clause: Limit 1 of each item\n|clearpoke\n|poke|p1|Koraidon, L50|\n|poke|p1|Ogerpon-Cornerstone, L50, F|\n|poke|p1|Calyrex-Shadow, L50|\n|poke|p1|Smeargle, L50, M|\n|poke|p1|Incineroar, L50, M|\n|poke|p1|Rillaboom, L50, F|\n|poke|p2|Calyrex-Shadow, L50|\n|poke|p2|Terapagos, L50, M|\n|poke|p2|Grimmsnarl, L50, M|\n|poke|p2|Magmar, L50, F|\n|poke|p2|Cresselia, L50, F|\n|poke|p2|Ogerpon-Wellspring, L50, F|\n|teampreview|4\n|showteam|p1|Koraidon||LifeOrb|OrichalcumPulse|FlareBlitz,CollisionCourse,FlameCharge,Protect||||||50|,,,,,Fire]Ogerpon-Cornerstone||CornerstoneMask|Sturdy|IvyCudgel,HornLeech,SpikyShield,FollowMe|||F|||50|,,,,,Rock]Calyrex-Shadow||SpellTag|AsOneSpectrier|AstralBarrage,NastyPlot,Psychic,Protect||||||50|,,,,,Dark]Smeargle||FocusSash|Moody|Spore,FollowMe,WideGuard,SpikyShield|||M|||50|,,,,,Grass]Incineroar||SafetyGoggles|Intimidate|FakeOut,KnockOff,FlareBlitz,PartingShot|||M|||50|,,,,,Bug]Rillaboom||AssaultVest|GrassySurge|WoodHammer,GrassyGlide,Uturn,FakeOut|||F|||50|,,,,,Fire\n|showteam|p2|Calyrex-Shadow||LifeOrb|AsOneSpectrier|AstralBarrage,Psyshock,TeraBlast,Protect||||||50|,,,,,Fairy]Terapagos||Leftovers|TeraShift|CalmMind,EarthPower,TeraStarstorm,Protect|||M|||50|,,,,,Stellar]Grimmsnarl||LightClay|Prankster|SpiritBreak,LightScreen,Reflect,ThunderWave|||M|||50|,,,,,Ghost]Magmar||Eviolite|VitalSpirit|Flamethrower,FollowMe,Taunt,WillOWisp|||F|||50|,,,,,Water]Cresselia||SafetyGoggles|Levitate|AllySwitch,LunarBlessing,Moonblast,TrickRoom|||F|||50|,,,,,Fairy]Ogerpon-Wellspring||WellspringMask|WaterAbsorb|HornLeech,IvyCudgel,FollowMe,SpikyShield|||F|||50|,,,,,Water\n|inactive|Battle timer is ON: inactive players will automatically lose when time's up. (requested by oporrinovgc)\n|\n|t:|1746016671\n|start\n|switch|p1a: Calyrex|Calyrex-Shadow, L50|100/100\n|switch|p1b: Ogerpon|Ogerpon-Cornerstone, L50, F|100/100\n|switch|p2a: Terapagos|Terapagos, L50, M|100/100\n|switch|p2b: Grimmsnarl|Grimmsnarl, L50, M|100/100\n|-activate|p2a: Terapagos|ability: Tera Shift\n|detailschange|p2a: Terapagos|Terapagos-Terastal, L50, M\n|-heal|p2a: Terapagos|100/100|[silent]\n|-ability|p1a: Calyrex|As One\n|-ability|p1a: Calyrex|Unnerve\n|turn|1\n|inactive|NameLessUlixes has 30 seconds left.\n|\n|t:|1746016702\n|move|p2b: Grimmsnarl|Reflect|p2b: Grimmsnarl\n|-sidestart|p2: NameLessUlixes|Reflect\n|move|p1a: Calyrex|Nasty Plot|p1a: Calyrex\n|-boost|p1a: Calyrex|spa|2\n|move|p1b: Ogerpon|Ivy Cudgel|p2b: Grimmsnarl|[anim] Ivy Cudgel Rock\n|-damage|p2b: Grimmsnarl|60/100\n|move|p2a: Terapagos|Calm Mind|p2a: Terapagos\n|-boost|p2a: Terapagos|spa|1\n|-boost|p2a: Terapagos|spd|1\n|\n|upkeep\n|turn|2\n|\n|t:|1746016713\n|move|p2b: Grimmsnarl|Thunder Wave|p1a: Calyrex\n|-status|p1a: Calyrex|par\n|move|p1b: Ogerpon|Ivy Cudgel|p2b: Grimmsnarl|[anim] Ivy Cudgel Rock\n|-damage|p2b: Grimmsnarl|14/100\n|move|p2a: Terapagos|Calm Mind|p2a: Terapagos\n|-boost|p2a: Terapagos|spa|1\n|-boost|p2a: Terapagos|spd|1\n|cant|p1a: Calyrex|par\n|\n|upkeep\n|turn|3\n|inactive|NameLessUlixes has 30 seconds left.\n|\n|t:|1746016742\n|move|p2b: Grimmsnarl|Thunder Wave|p1b: Ogerpon\n|-status|p1b: Ogerpon|par\n|move|p2a: Terapagos|Calm Mind|p2a: Terapagos\n|-boost|p2a: Terapagos|spa|1\n|-boost|p2a: Terapagos|spd|1\n|move|p1a: Calyrex|Astral Barrage|p2a: Terapagos|[spread] p2b\n|-immune|p2a: Terapagos\n|-resisted|p2b: Grimmsnarl\n|-damage|p2b: Grimmsnarl|0 fnt\n|faint|p2b: Grimmsnarl\n|-ability|p1a: Calyrex|Grim Neigh|boost\n|-boost|p1a: Calyrex|spa|1\n|cant|p1b: Ogerpon|par\n|\n|upkeep\n|\n|t:|1746016758\n|switch|p2b: Calyrex|Calyrex-Shadow, L50|100/100\n|-ability|p2b: Calyrex|As One\n|-ability|p2b: Calyrex|Unnerve\n|turn|4\n|\n|t:|1746016781\n|switch|p1b: Smeargle|Smeargle, L50, M|100/100\n|-terastallize|p2a: Terapagos|Stellar\n|detailschange|p2a: Terapagos|Terapagos-Stellar, L50, M, tera:Stellar\n|-heal|p2a: Terapagos|100/100|[silent]\n|move|p1a: Calyrex|Protect|p1a: Calyrex\n|-singleturn|p1a: Calyrex|Protect\n|move|p2b: Calyrex|Astral Barrage|p1a: Calyrex|[spread] \n|-activate|p1a: Calyrex|move: Protect\n|-immune|p1b: Smeargle\n|move|p2a: Terapagos|Tera Starstorm|p1b: Smeargle|[spread] p1b\n|-activate|p1a: Calyrex|move: Protect\n|-enditem|p1b: Smeargle|Focus Sash\n|-damage|p1b: Smeargle|1/100\n|\n|-ability|p1b: Smeargle|Moody|boost\n|-boost|p1b: Smeargle|spe|2\n|-unboost|p1b: Smeargle|spa|1\n|upkeep\n|turn|5\n|inactive|NameLessUlixes has 30 seconds left.\n|inactive|NameLessUlixes has 20 seconds left.\n|\n|t:|1746016818\n|-terastallize|p1a: Calyrex|Dark\n|move|p2a: Terapagos|Protect|p2a: Terapagos\n|-singleturn|p2a: Terapagos|Protect\n|move|p1b: Smeargle|Spore|p2a: Terapagos\n|-activate|p2a: Terapagos|move: Protect\n|move|p2b: Calyrex|Psyshock|p1b: Smeargle\n|-damage|p1b: Smeargle|0 fnt\n|faint|p1b: Smeargle\n|-ability|p2b: Calyrex|Grim Neigh|boost\n|-boost|p2b: Calyrex|spa|1\n|-damage|p2b: Calyrex|91/100|[from] item: Life Orb\n|move|p1a: Calyrex|Astral Barrage|p2a: Terapagos|[spread] p2b\n|-activate|p2a: Terapagos|move: Protect\n|-supereffective|p2b: Calyrex\n|-damage|p2b: Calyrex|0 fnt\n|faint|p2b: Calyrex\n|-ability|p1a: Calyrex|Grim Neigh|boost\n|-boost|p1a: Calyrex|spa|1\n|\n|upkeep\n|\n|t:|1746016837\n|switch|p2b: Cresselia|Cresselia, L50, F, shiny|100/100\n|switch|p1b: Koraidon|Koraidon, L50|100/100\n|-weather|SunnyDay|[from] ability: Orichalcum Pulse|[of] p1b: Koraidon\n|-activate|p1b: Koraidon|Orichalcum Pulse|[source]\n|turn|6\n|\n|t:|1746016860\n|move|p2b: Cresselia|Ally Switch|p2b: Cresselia\n|swap|p2b: Cresselia|0|[from] move: Ally Switch\n|move|p1b: Koraidon|Collision Course|p2a: Cresselia\n|-resisted|p2a: Cresselia\n|-damage|p2a: Cresselia|82/100\n|-damage|p1b: Koraidon|91/100|[from] item: Life Orb\n|move|p2b: Terapagos|Tera Starstorm|p1b: Koraidon|[spread] p1a,p1b\n|-supereffective|p1a: Calyrex\n|-damage|p1a: Calyrex|0 fnt\n|-damage|p1b: Koraidon|0 fnt\n|faint|p1a: Calyrex\n|faint|p1b: Koraidon\n|\n|-weather|SunnyDay|[upkeep]\n|upkeep\n|\n|t:|1746016875\n|switch|p1a: Ogerpon|Ogerpon-Cornerstone, L50, F|100/100 par\n|turn|7\n|\n|t:|1746016880\n|move|p2b: Terapagos|Tera Starstorm|p1a: Ogerpon\n|-ability|p1a: Ogerpon|Sturdy\n|-damage|p1a: Ogerpon|1/100 par\n|move|p2a: Cresselia|Moonblast|p1a: Ogerpon\n|-damage|p1a: Ogerpon|0 fnt\n|faint|p1a: Ogerpon\n|\n|win|NameLessUlixes\n|raw|oporrinovgc's rating: 1281 &rarr; <strong>1250</strong><br />(-31 for losing)\n|raw|NameLessUlixes's rating: 1192 &rarr; <strong>1223</strong><br />(+31 for winning)\n|l|\u2606oporrinovgc\n|player|p1|\n|l|\u2606NameLessUlixes\n|player|p2|\n", "uploadtime": 1746017154, "views": 6, "formatid": "gen9vgc2025regibo3", "rating": 1223, "private": 0, "password": null}