{"id": "gen9vgc2025regibo3-2353464290", "format": "[Gen 9] VGC 2025 Reg I (Bo3)", "players": ["Slackermaru", "DevilsRedCrown"], "log": "|j|\u2606Slackermaru\n|j|\u2606DevilsRedCrown\n|html|<table width=\"100%\"><tr><td align=\"left\">Slackermaru</td><td align=\"right\">DevilsRedCrown</tr><tr><td align=\"left\"><i class=\"fa fa-circle-o\"></i> <i class=\"fa fa-circle-o\"></i> </td><td align=\"right\"><i class=\"fa fa-circle-o\"></i> <i class=\"fa fa-circle-o\"></i> </tr></table>\n|uhtml|bestof|<h2><strong>Game 1</strong> of <a href=\"/game-bestof3-gen9vgc2025regibo3-2353464289\">a best-of-3</a></h2>\n|t:|1745958325\n|gametype|doubles\n|player|p1|Slackermaru|workerice|1437\n|player|p2|DevilsRedCrown|chili|1390\n|teamsize|p1|6\n|teamsize|p2|6\n|gen|9\n|tier|[Gen 9] VGC 2025 Reg I (Bo3)\n|rated|\n|rule|Species Clause: Limit one of each Pok\u00e9mon\n|rule|Item Clause: Limit 1 of each item\n|clearpoke\n|poke|p1|Koraidon, L50|\n|poke|p1|Brute Bonnet, L50|\n|poke|p1|Flutter Mane, L50|\n|poke|p1|Lunala, L50|\n|poke|p1|Chi-Yu, L50|\n|poke|p1|Ditto, L50|\n|poke|p2|Koraidon, L50|\n|poke|p2|Calyrex-Shadow, L50|\n|poke|p2|Clefairy, L50, F|\n|poke|p2|Incineroar, L50, M|\n|poke|p2|Raging Bolt, L50|\n|poke|p2|Chien-Pao, L50|\n|teampreview|4\n|showteam|p1|Koraidon||LifeOrb|OrichalcumPulse|CloseCombat,FlareBlitz,FlameCharge,Protect||||||50|,,,,,Fire]Brute Bonnet||CovertCloak|Protosynthesis|SuckerPunch,SeedBomb,Spore,RagePowder||||||50|,,,,,Water]Flutter Mane||FocusSash|Protosynthesis|Protect,Moonblast,ShadowBall,IcyWind||||||50|,,,,,Normal]Lunala||PowerHerb|ShadowShield|MoongeistBeam,TrickRoom,MeteorBeam,WideGuard||||||50|,,,,,Fairy]Chi-Yu||ChoiceScarf|BeadsofRuin|HeatWave,Overheat,DarkPulse,Snarl||||||50|,,,,,Ghost]Ditto||SafetyGoggles|Imposter|Transform||||||50|,,,,,Normal\n|showteam|p2|Koraidon||ClearAmulet|OrichalcumPulse|FlameCharge,CollisionCourse,FlareBlitz,Protect||||||50|,,,,,Fire]Calyrex-Shadow||SpellTag|AsOneSpectrier|AstralBarrage,Psychic,WillOWisp,Protect||||||50|,,,,,Dark]Clefairy||Eviolite|FriendGuard|FollowMe,AfterYou,HelpingHand,Protect|||F|||50|,,,,,Fire]Incineroar||SafetyGoggles|Intimidate|FakeOut,Taunt,KnockOff,PartingShot|||M|||50|,,,,,Ghost]Raging Bolt||LifeOrb|Protosynthesis|Protect,Thunderclap,DracoMeteor,Thunderbolt||||||50|,,,,,Electric]Chien-Pao||FocusSash|SwordofRuin|IceSpinner,ThroatChop,SuckerPunch,Protect||||||50|,,,,,Stellar\n|\n|t:|1745958394\n|start\n|switch|p1a: Koraidon|Koraidon, L50|100/100\n|switch|p1b: Brute Bonnet|Brute Bonnet, L50, shiny|100/100\n|switch|p2a: Apolo|Koraidon, L50|100/100\n|switch|p2b: Puss|Incineroar, L50, M|100/100\n|-weather|SunnyDay|[from] ability: Orichalcum Pulse|[of] p1a: Koraidon\n|-activate|p1b: Brute Bonnet|ability: Protosynthesis\n|-start|p1b: Brute Bonnet|protosynthesisdef\n|-activate|p1a: Koraidon|Orichalcum Pulse|[source]\n|-activate|p2a: Apolo|ability: Orichalcum Pulse\n|-ability|p2b: Puss|Intimidate|boost\n|-unboost|p1a: Koraidon|atk|1\n|-unboost|p1b: Brute Bonnet|atk|1\n|turn|1\n|\n|t:|1745958417\n|-terastallize|p2a: Apolo|Fire\n|-terastallize|p1b: Brute Bonnet|Water\n|move|p1a: Koraidon|Close Combat|p2b: Puss\n|-supereffective|p2b: Puss\n|-damage|p2b: Puss|0 fnt\n|-unboost|p1a: Koraidon|def|1\n|-unboost|p1a: Koraidon|spd|1\n|faint|p2b: Puss\n|-damage|p1a: Koraidon|91/100|[from] item: Life Orb\n|move|p2a: Apolo|Flame Charge|p1b: Brute Bonnet\n|-resisted|p1b: Brute Bonnet\n|-damage|p1b: Brute Bonnet|81/100\n|-boost|p2a: Apolo|spe|1\n|move|p1b: Brute Bonnet|Spore|p2a: Apolo\n|-status|p2a: Apolo|slp|[from] move: Spore\n|\n|-weather|SunnyDay|[upkeep]\n|upkeep\n|\n|t:|1745958423\n|switch|p2b: Calyrex|Calyrex-Shadow, L50|100/100\n|-ability|p2b: Calyrex|As One\n|-ability|p2b: Calyrex|Unnerve\n|turn|2\n|\n|t:|1745958445\n|move|p2b: Calyrex|Protect|p2b: Calyrex\n|-singleturn|p2b: Calyrex|Protect\n|move|p1b: Brute Bonnet|Sucker Punch||[still]\n|-fail|p1b: Brute Bonnet\n|cant|p2a: Apolo|slp\n|move|p1a: Koraidon|Flame Charge|p2a: Apolo\n|-resisted|p2a: Apolo\n|-damage|p2a: Apolo|89/100 slp\n|-boost|p1a: Koraidon|spe|1\n|-damage|p1a: Koraidon|81/100|[from] item: Life Orb\n|\n|-weather|SunnyDay|[upkeep]\n|upkeep\n|turn|3\n|\n|t:|1745958460\n|move|p1b: Brute Bonnet|Sucker Punch|p2a: Apolo\n|-damage|p2a: Apolo|71/100 slp\n|move|p1a: Koraidon|Close Combat|p2a: Apolo\n|-damage|p2a: Apolo|7/100 slp\n|-unboost|p1a: Koraidon|def|1\n|-unboost|p1a: Koraidon|spd|1\n|-damage|p1a: Koraidon|72/100|[from] item: Life Orb\n|cant|p2a: Apolo|slp\n|move|p2b: Calyrex|Will-O-Wisp|p1b: Brute Bonnet\n|-status|p1b: Brute Bonnet|brn\n|\n|-weather|SunnyDay|[upkeep]\n|-damage|p1b: Brute Bonnet|75/100 brn|[from] brn\n|upkeep\n|turn|4\n|inactive|Battle timer is ON: inactive players will automatically lose when time's up. (requested by DevilsRedCrown)\n|\n|t:|1745958477\n|move|p1b: Brute Bonnet|Sucker Punch|p2a: Apolo\n|-damage|p2a: Apolo|0 fnt\n|faint|p2a: Apolo\n|move|p1a: Koraidon|Flare Blitz|p2b: Calyrex\n|-damage|p2b: Calyrex|15/100\n|-damage|p1a: Koraidon|43/100|[from] Recoil\n|-damage|p1a: Koraidon|33/100|[from] item: Life Orb\n|move|p2b: Calyrex|Astral Barrage|p1a: Koraidon|[spread] p1a,p1b\n|-damage|p1a: Koraidon|0 fnt\n|-damage|p1b: Brute Bonnet|28/100 brn\n|faint|p1a: Koraidon\n|-ability|p2b: Calyrex|Grim Neigh|boost\n|-boost|p2b: Calyrex|spa|1\n|\n|-weather|SunnyDay|[upkeep]\n|-damage|p1b: Brute Bonnet|23/100 brn|[from] brn\n|upkeep\n|\n|t:|1745958492\n|switch|p1a: Chi-Yu|Chi-Yu, L50|100/100\n|switch|p2a: Raiden|Raging Bolt, L50|100/100\n|-ability|p1a: Chi-Yu|Beads of Ruin\n|-activate|p2a: Raiden|ability: Protosynthesis\n|-start|p2a: Raiden|protosynthesisspa\n|turn|5\n|\n|t:|1745958502\n|move|p1b: Brute Bonnet|Rage Powder|p1b: Brute Bonnet\n|-singleturn|p1b: Brute Bonnet|move: Rage Powder\n|move|p2a: Raiden|Thunderclap||[still]\n|-fail|p2a: Raiden\n|move|p1a: Chi-Yu|Snarl|p2b: Calyrex|[spread] p2a,p2b\n|-supereffective|p2b: Calyrex\n|-damage|p2a: Raiden|70/100\n|-damage|p2b: Calyrex|0 fnt\n|-unboost|p2a: Raiden|spa|1\n|faint|p2b: Calyrex\n|\n|-weather|none\n|-end|p2a: Raiden|Protosynthesis\n|-end|p1b: Brute Bonnet|Protosynthesis\n|-damage|p1b: Brute Bonnet|17/100 brn|[from] brn\n|upkeep\n|turn|6\n|-message|DevilsRedCrown forfeited.\n|\n|win|Slackermaru\n|l|\u2606DevilsRedCrown\n|player|p2|\n||DevilsRedCrown is ready for game 2.\n||Slackermaru is ready for game 2.\n|uhtml|next|Next: <a href=\"/battle-gen9vgc2025regibo3-2353466296\"><strong>Game 2 of 3</strong></a>\n|l|\u2606Slackermaru\n|player|p1|\n", "uploadtime": 1745958819, "views": 11, "formatid": "gen9vgc2025regibo3", "rating": null, "private": 0, "password": null}