{"id": "gen9vgc2025regibo3-2353854226", "format": "[Gen 9] VGC 2025 Reg I (Bo3)", "players": ["Mumm17", "bigboyboggles"], "log": "|j|\u2606Mumm17\n|j|\u2606bigboyboggles\n|html|<table width=\"100%\"><tr><td align=\"left\">Mumm17</td><td align=\"right\">bigboyboggles</tr><tr><td align=\"left\"><i class=\"fa fa-circle-o\"></i> <i class=\"fa fa-circle-o\"></i> </td><td align=\"right\"><i class=\"fa fa-circle-o\"></i> <i class=\"fa fa-circle-o\"></i> </tr></table>\n|uhtml|bestof|<h2><strong>Game 1</strong> of <a href=\"/game-bestof3-gen9vgc2025regibo3-2353854225\">a best-of-3</a></h2>\n|t:|1746010697\n|gametype|doubles\n|player|p1|Mumm17|blaine|1051\n|player|p2|bigboyboggles|266|1075\n|teamsize|p1|6\n|teamsize|p2|6\n|gen|9\n|tier|[Gen 9] VGC 2025 Reg I (Bo3)\n|rated|\n|rule|Species Clause: Limit one of each Pok\u00e9mon\n|rule|Item Clause: Limit 1 of each item\n|clearpoke\n|poke|p1|Groudon, L50|\n|poke|p1|Venusaur, L50, M|\n|poke|p1|Walking Wake, L50|\n|poke|p1|Torkoal, L50, F|\n|poke|p1|Farigiraf, L50, F|\n|poke|p1|Calyrex-Ice, L50|\n|poke|p2|Lucario, L50, M|\n|poke|p2|Meowstic, L50, M|\n|poke|p2|Tsareena, L50, F|\n|poke|p2|Kyogre, L50|\n|poke|p2|Espathra, L50, F|\n|poke|p2|Zapdos, L50|\n|teampreview|4\n|showteam|p1|Groudon||Leftovers|Drought|PrecipiceBlades,FirePunch,HelpingHand,Protect||||||50|,,,,,Fire]Venusaur||CovertCloak|Chlorophyll|SleepPowder,SludgeBomb,WeatherBall,Protect|||M|||50|,,,,,Water]Walking Wake||LifeOrb|Protosynthesis|DracoMeteor,HydroSteam,Flamethrower,Protect||||||50|,,,,,Grass]Torkoal||ChoiceSpecs|Drought|HeatWave,WeatherBall,Eruption,EarthPower|||F|||50|,,,,,Fire]Farigiraf||ThroatSpray|ArmorTail|TrickRoom,Psychic,HyperVoice,Protect|||F|||50|,,,,,Normal]Calyrex-Ice||ClearAmulet|AsOneGlastrier|GlacialLance,HighHorsepower,TrickRoom,Protect||||||50|,,,,,Fire\n|showteam|p2|Lucario||ChoiceSpecs|Steadfast|FocusBlast,FlashCannon,VacuumWave,DarkPulse|||M|||50|,,,,,Fighting]Meowstic||CovertCloak|Prankster|Gravity,ThunderWave,FakeTears,Psychic|||M|||50|,,,,,Dark]Tsareena||ChoiceBand|QueenlyMajesty|PowerWhip,TripleAxel,Uturn,LowKick|||F|||50|,,,,,Grass]Kyogre||MysticWater|Drizzle|WaterSpout,OriginPulse,IceBeam,Protect||||||50|,,,,,Water]Espathra||FocusSash|SpeedBoost|Hypnosis,DazzlingGleam,LuminaCrash,Protect|||F|||50|,,,,,Psychic]Zapdos||LifeOrb|Pressure|Thunder,Hurricane,Detect,Tailwind||||||50|,,,,,Electric\n|\n|t:|1746010730\n|start\n|switch|p1a: Groudon|Groudon, L50|100/100\n|switch|p1b: Calyrex|Calyrex-Ice, L50|100/100\n|switch|p2a: Meowstic|Meowstic, L50, M|100/100\n|switch|p2b: Espathra|Espathra, L50, F|100/100\n|-ability|p1b: Calyrex|As One\n|-ability|p1b: Calyrex|Unnerve\n|-weather|SunnyDay|[from] ability: Drought|[of] p1a: Groudon\n|turn|1\n|\n|t:|1746010759\n|move|p2a: Meowstic|Gravity|p2a: Meowstic\n|-fieldstart|move: Gravity\n|move|p2b: Espathra|Hypnosis|p1b: Calyrex\n|-status|p1b: Calyrex|slp|[from] move: Hypnosis\n|move|p1a: Groudon|Precipice Blades|p2a: Meowstic|[spread] p2a,p2b\n|-damage|p2a: Meowstic|27/100\n|-damage|p2b: Espathra|15/100\n|cant|p1b: Calyrex|slp\n|\n|-weather|SunnyDay|[upkeep]\n|-ability|p2b: Espathra|Speed Boost|boost\n|-boost|p2b: Espathra|spe|1\n|upkeep\n|turn|2\n|\n|t:|1746010790\n|move|p1a: Groudon|Protect|p1a: Groudon\n|-singleturn|p1a: Groudon|Protect\n|move|p2a: Meowstic|Fake Tears|p1a: Groudon\n|-activate|p1a: Groudon|move: Protect\n|move|p2b: Espathra|Lumina Crash|p1b: Calyrex\n|-resisted|p1b: Calyrex\n|-damage|p1b: Calyrex|88/100 slp\n|cant|p1b: Calyrex|slp\n|\n|-weather|SunnyDay|[upkeep]\n|-ability|p2b: Espathra|Speed Boost|boost\n|-boost|p2b: Espathra|spe|1\n|upkeep\n|turn|3\n|\n|t:|1746010806\n|switch|p1a: Farigiraf|Farigiraf, L50, F|100/100\n|move|p2a: Meowstic|Fake Tears||[still]\n|cant|p1a: Farigiraf|ability: Armor Tail|Fake Tears|[of] p2a: Meowstic\n|move|p2b: Espathra|Lumina Crash|p1a: Farigiraf\n|-resisted|p1a: Farigiraf\n|-damage|p1a: Farigiraf|80/100\n|-unboost|p1a: Farigiraf|spd|2\n|cant|p1b: Calyrex|slp\n|\n|-weather|SunnyDay|[upkeep]\n|-ability|p2b: Espathra|Speed Boost|boost\n|-boost|p2b: Espathra|spe|1\n|upkeep\n|turn|4\n|\n|t:|1746010826\n|move|p2b: Espathra|Protect|p2b: Espathra\n|-singleturn|p2b: Espathra|Protect\n|move|p1a: Farigiraf|Protect|p1a: Farigiraf\n|-singleturn|p1a: Farigiraf|Protect\n|move|p2a: Meowstic|Thunder Wave||[still]\n|cant|p1a: Farigiraf|ability: Armor Tail|Thunder Wave|[of] p2a: Meowstic\n|-curestatus|p1b: Calyrex|slp|[msg]\n|move|p1b: Calyrex|Trick Room|p1b: Calyrex\n|-fieldstart|move: Trick Room|[of] p1b: Calyrex\n|\n|-weather|SunnyDay|[upkeep]\n|-ability|p2b: Espathra|Speed Boost|boost\n|-boost|p2b: Espathra|spe|1\n|upkeep\n|turn|5\n|\n|t:|1746010870\n|switch|p2a: Tsareena|Tsareena, L50, F|100/100\n|move|p1b: Calyrex|Glacial Lance|p2a: Tsareena|[spread] p2a,p2b\n|-supereffective|p2a: Tsareena\n|-damage|p2a: Tsareena|0 fnt\n|-damage|p2b: Espathra|0 fnt\n|faint|p2a: Tsareena\n|faint|p2b: Espathra\n|-ability|p1b: Calyrex|Chilling Neigh|boost\n|-boost|p1b: Calyrex|atk|2\n|move|p1a: Farigiraf|Hyper Voice|p2: Tsareena|[notarget]\n|-fail|p1a: Farigiraf\n|\n|-weather|none\n|-fieldend|move: Gravity\n|upkeep\n|\n|t:|1746010882\n|switch|p2a: Meowstic|Meowstic, L50, M|27/100\n|switch|p2b: Kyogre|Kyogre, L50|100/100\n|-weather|RainDance|[from] ability: Drizzle|[of] p2b: Kyogre\n|turn|6\n|\n|t:|1746010900\n|-terastallize|p2b: Kyogre|Water\n|move|p2a: Meowstic|Thunder Wave|p2b: Kyogre\n|-status|p2b: Kyogre|par\n|move|p1b: Calyrex|High Horsepower|p2b: Kyogre\n|-damage|p2b: Kyogre|0 fnt\n|faint|p2b: Kyogre\n|-ability|p1b: Calyrex|Chilling Neigh|boost\n|-boost|p1b: Calyrex|atk|1\n|move|p1a: Farigiraf|Hyper Voice|p2a: Meowstic\n|-damage|p2a: Meowstic|0 fnt\n|faint|p2a: Meowstic\n|-enditem|p1a: Farigiraf|Throat Spray\n|\n|win|Mumm17\n|inactive|Mumm17 has 30 seconds to confirm battle start!\n|inactive|bigboyboggles has 30 seconds to confirm battle start!\n|l|\u2606bigboyboggles\n|player|p2|\n|c|\u2606Mumm17|uh nice move\n||bigboyboggles is ready for game 2.\n||Mumm17 is ready for game 2.\n|uhtml|next|Next: <a href=\"/battle-gen9vgc2025regibo3-2353855709\"><strong>Game 2 of 3</strong></a>\n|l|\u2606Mumm17\n|player|p1|\n", "uploadtime": 1746011241, "views": 6, "formatid": "gen9vgc2025regibo3", "rating": null, "private": 0, "password": null}