{"id": "gen9vgc2025regibo3-2354449433", "format": "[Gen 9] VGC 2025 Reg I (Bo3)", "players": ["Markusvgc", "seeing improvement"], "log": "|j|\u2606Markusvgc\n|j|\u2606seeing improvement\n|html|<table width=\"100%\"><tr><td align=\"left\">Markusvgc</td><td align=\"right\">seeing improvement</tr><tr><td align=\"left\"><i class=\"fa fa-circle-o\"></i> <i class=\"fa fa-circle-o\"></i> </td><td align=\"right\"><i class=\"fa fa-circle-o\"></i> <i class=\"fa fa-circle-o\"></i> </tr></table>\n|uhtml|bestof|<h2><strong>Game 1</strong> of <a href=\"/game-bestof3-gen9vgc2025regibo3-2354449432\">a best-of-3</a></h2>\n|t:|1746073293\n|gametype|doubles\n|player|p1|Markusvgc|1|1126\n|player|p2|seeing improvement|scientist-gen4dp|1248\n|teamsize|p1|6\n|teamsize|p2|6\n|gen|9\n|tier|[Gen 9] VGC 2025 Reg I (Bo3)\n|rated|\n|rule|Species Clause: Limit one of each Pok\u00e9mon\n|rule|Item Clause: Limit 1 of each item\n|clearpoke\n|poke|p1|Rayquaza, L50|\n|poke|p1|Zacian-*, L50|\n|poke|p1|Chien-Pao, L50|\n|poke|p1|Urshifu-*, L50, M|\n|poke|p1|Smeargle, L50, M|\n|poke|p1|Volcarona, L50, M|\n|poke|p2|Terapagos, L50, M|\n|poke|p2|Incineroar, L50, F|\n|poke|p2|Zacian-*, L50|\n|poke|p2|Urshifu-*, L50, M|\n|poke|p2|Grimmsnarl, L50, M|\n|poke|p2|Raging Bolt, L50|\n|teampreview|4\n|showteam|p1|Rayquaza||ClearAmulet|AirLock|DragonAscent,ExtremeSpeed,SwordsDance,Protect||||||50|,,,,,Normal]Zacian-Crowned||RustedSword|IntrepidSword|PlayRough,behemothblade,SacredSword,Protect||||||50|,,,,,Stellar]Chien-Pao||LifeOrb|SwordofRuin|Crunch,IceShard,IceSpinner,Protect||||||50|,,,,,Fire]Urshifu-Rapid-Strike||ChoiceScarf|UnseenFist|CloseCombat,AquaJet,SurgingStrikes,Uturn|||M|||50|,,,,,Water]Smeargle||FocusSash|Moody|FakeOut,WideGuard,FollowMe,Spore|||M|||50|,,,,,Ghost]Volcarona||RockyHelmet|FlameBody|FieryDance,RagePowder,WillOWisp,Whirlwind|||M|||50|,,,,,Water\n|showteam|p2|Terapagos||Leftovers|TeraShift|TeraStarstorm,EarthPower,CalmMind,Protect|||M|||50|,,,,,Stellar]Incineroar||SafetyGoggles|Intimidate|KnockOff,Taunt,PartingShot,FakeOut|||F|||50|,,,,,Bug]Zacian-Crowned||RustedSword|IntrepidSword|behemothblade,PlayRough,SacredSword,Protect||||||50|,,,,,Dragon]Urshifu-Rapid-Strike||ChoiceScarf|UnseenFist|SurgingStrikes,CloseCombat,Uturn,Coaching|||M|||50|,,,,,Water]Grimmsnarl||LightClay|Prankster|SpiritBreak,Reflect,LightScreen,ThunderWave|||M|||50|,,,,,Ghost]Raging Bolt||BoosterEnergy|Protosynthesis|Thunderbolt,DragonPulse,Thunderclap,Protect||||||50|,,,,,Fairy\n|\n|t:|1746073342\n|start\n|switch|p1a: Rayquaza|Rayquaza, L50, shiny|100/100\n|switch|p1b: Volcarona|Volcarona, L50, M|100/100\n|switch|p2a: Urshifu|Urshifu-Rapid-Strike, L50, M|100/100\n|switch|p2b: Incineroar|Incineroar, L50, F|100/100\n|-ability|p1a: Rayquaza|Air Lock\n|-ability|p2b: Incineroar|Intimidate|boost\n|-fail|p1a: Rayquaza|unboost|[from] item: Clear Amulet|[of] p1a: Rayquaza\n|-unboost|p1b: Volcarona|atk|1\n|turn|1\n|\n|t:|1746073384\n|switch|p2a: Grimmsnarl|Grimmsnarl, L50, M|100/100\n|move|p1a: Rayquaza|Protect|p1a: Rayquaza\n|-singleturn|p1a: Rayquaza|Protect\n|move|p2b: Incineroar|Fake Out|p1a: Rayquaza\n|-activate|p1a: Rayquaza|move: Protect\n|move|p1b: Volcarona|Will-O-Wisp|p2a: Grimmsnarl\n|-status|p2a: Grimmsnarl|brn\n|\n|-damage|p2a: Grimmsnarl|95/100 brn|[from] brn\n|upkeep\n|turn|2\n|\n|t:|1746073432\n|move|p2a: Grimmsnarl|Reflect|p2a: Grimmsnarl\n|-sidestart|p2: seeing improvement|Reflect\n|move|p1a: Rayquaza|Swords Dance|p1a: Rayquaza\n|-boost|p1a: Rayquaza|atk|2\n|move|p1b: Volcarona|Fiery Dance|p2a: Grimmsnarl\n|-damage|p2a: Grimmsnarl|63/100 brn\n|-boost|p1b: Volcarona|spa|1\n|move|p2b: Incineroar|Knock Off|p1a: Rayquaza\n|-damage|p1a: Rayquaza|67/100\n|-enditem|p1a: Rayquaza|Clear Amulet|[from] move: Knock Off|[of] p2b: Incineroar\n|\n|-damage|p2a: Grimmsnarl|57/100 brn|[from] brn\n|upkeep\n|turn|3\n|\n|t:|1746073475\n|switch|p1b: Chien-Pao|Chien-Pao, L50|100/100\n|-ability|p1b: Chien-Pao|Sword of Ruin\n|-terastallize|p1a: Rayquaza|Normal\n|move|p1a: Rayquaza|Extreme Speed|p2b: Incineroar\n|-damage|p2b: Incineroar|34/100\n|move|p2b: Incineroar|Taunt|p1b: Chien-Pao\n|-start|p1b: Chien-Pao|move: Taunt\n|move|p2a: Grimmsnarl|Spirit Break|p1a: Rayquaza\n|-damage|p1a: Rayquaza|47/100\n|-unboost|p1a: Rayquaza|spa|1\n|\n|-damage|p2a: Grimmsnarl|51/100 brn|[from] brn\n|upkeep\n|turn|4\n|\n|t:|1746073505\n|switch|p2b: Zacian|Zacian-Crowned, L50|100/100\n|-ability|p2b: Zacian|Intrepid Sword|boost\n|-boost|p2b: Zacian|atk|1\n|move|p1a: Rayquaza|Extreme Speed|p2b: Zacian\n|-resisted|p2b: Zacian\n|-damage|p2b: Zacian|67/100\n|move|p2a: Grimmsnarl|Thunder Wave|p1a: Rayquaza\n|-status|p1a: Rayquaza|par\n|move|p1b: Chien-Pao|Ice Spinner|p2a: Grimmsnarl\n|-damage|p2a: Grimmsnarl|1/100 brn\n|-damage|p1b: Chien-Pao|91/100|[from] item: Life Orb\n|\n|-damage|p2a: Grimmsnarl|0 fnt|[from] brn\n|faint|p2a: Grimmsnarl\n|upkeep\n|\n|t:|1746073520\n|switch|p2a: Urshifu|Urshifu-Rapid-Strike, L50, M|100/100\n|turn|5\n|\n|t:|1746073574\n|-terastallize|p2a: Urshifu|Water\n|move|p1a: Rayquaza|Extreme Speed|p2a: Urshifu\n|-damage|p2a: Urshifu|20/100\n|move|p2a: Urshifu|Surging Strikes|p1b: Chien-Pao\n|-crit|p1b: Chien-Pao\n|-damage|p1b: Chien-Pao|50/100\n|-crit|p1b: Chien-Pao\n|-damage|p1b: Chien-Pao|14/100\n|-crit|p1b: Chien-Pao\n|-damage|p1b: Chien-Pao|0 fnt\n|faint|p1b: Chien-Pao\n|-hitcount|p1: Chien-Pao|3\n|move|p2b: Zacian|Sacred Sword|p1a: Rayquaza\n|-supereffective|p1a: Rayquaza\n|-damage|p1a: Rayquaza|0 fnt\n|faint|p1a: Rayquaza\n|\n|upkeep\n|\n|t:|1746073593\n|switch|p1b: Volcarona|Volcarona, L50, M|100/100\n|switch|p1a: Zacian|Zacian-Crowned, L50|100/100\n|-ability|p1a: Zacian|Intrepid Sword|boost\n|-boost|p1a: Zacian|atk|1\n|turn|6\n|\n|t:|1746073613\n|move|p1b: Volcarona|Rage Powder|p1b: Volcarona\n|-singleturn|p1b: Volcarona|move: Rage Powder\n|move|p2a: Urshifu|Surging Strikes|p1b: Volcarona\n|-supereffective|p1b: Volcarona\n|-crit|p1b: Volcarona\n|-damage|p1b: Volcarona|46/100\n|-damage|p2a: Urshifu|4/100|[from] item: Rocky Helmet|[of] p1b: Volcarona\n|-supereffective|p1b: Volcarona\n|-crit|p1b: Volcarona\n|-damage|p1b: Volcarona|0 fnt\n|-damage|p2a: Urshifu|0 fnt|[from] item: Rocky Helmet|[of] p1b: Volcarona\n|faint|p1b: Volcarona\n|faint|p2a: Urshifu\n|-hitcount|p1: Volcarona|2\n|move|p1a: Zacian|Behemoth Blade|p2b: Zacian\n|-damage|p2b: Zacian|16/100\n|move|p2b: Zacian|Behemoth Blade|p1a: Zacian\n|-damage|p1a: Zacian|28/100\n|\n|upkeep\n|\n|t:|1746073632\n|switch|p2a: Incineroar|Incineroar, L50, F|34/100\n|-ability|p2a: Incineroar|Intimidate|boost\n|-unboost|p1a: Zacian|atk|1\n|turn|7\n|\n|t:|1746073642\n|move|p1a: Zacian|Protect|p1a: Zacian\n|-singleturn|p1a: Zacian|Protect\n|move|p2a: Incineroar|Fake Out|p1a: Zacian\n|-activate|p1a: Zacian|move: Protect\n|move|p2b: Zacian|Sacred Sword|p1a: Zacian\n|-activate|p1a: Zacian|move: Protect\n|\n|upkeep\n|turn|8\n|\n|t:|1746073674\n|move|p2b: Zacian|Protect|p2b: Zacian\n|-singleturn|p2b: Zacian|Protect\n|move|p1a: Zacian|Sacred Sword|p2a: Incineroar\n|-supereffective|p2a: Incineroar\n|-damage|p2a: Incineroar|0 fnt\n|faint|p2a: Incineroar\n|\n|upkeep\n|turn|9\n|\n|t:|1746073697\n|move|p1a: Zacian|Behemoth Blade|p2b: Zacian\n|-damage|p2b: Zacian|0 fnt\n|faint|p2b: Zacian\n|\n|win|Markusvgc\n||seeing improvement is ready for game 2.\n|inactive|Markusvgc has 30 seconds to confirm battle start!\n||Markusvgc is ready for game 2.\n|uhtml|next|Next: <a href=\"/battle-gen9vgc2025regibo3-2354452198\"><strong>Game 2 of 3</strong></a>\n", "uploadtime": 1746073967, "views": 6, "formatid": "gen9vgc2025regibo3", "rating": null, "private": 0, "password": null}