{"id": "gen9vgc2025regibo3-2355053814", "format": "[Gen 9] VGC 2025 Reg I (Bo3)", "players": ["UndeadParadox", "LunaSunChris"], "log": "|j|\u2606UndeadParadox\n|j|\u2606LunaSunChris\n|html|<table width=\"100%\"><tr><td align=\"left\">UndeadParadox</td><td align=\"right\">LunaSunChris</tr><tr><td align=\"left\"><i class=\"fa fa-circle\"></i> <i class=\"fa fa-circle-o\"></i> </td><td align=\"right\"><i class=\"fa fa-circle-o\"></i> <i class=\"fa fa-circle-o\"></i> </tr></table>\n|uhtml|bestof|<h2><strong>Game 2</strong> of <a href=\"/game-bestof3-gen9vgc2025regibo3-2355050898\">a best-of-3</a></h2>\n|t:|1746146779\n|gametype|doubles\n|player|p1|UndeadParadox|guitarist|\n|player|p2|LunaSunChris|rood|\n|teamsize|p1|6\n|teamsize|p2|6\n|gen|9\n|tier|[Gen 9] VGC 2025 Reg I (Bo3)\n|rule|Species Clause: Limit one of each Pok\u00e9mon\n|rule|Item Clause: Limit 1 of each item\n|clearpoke\n|poke|p1|Miraidon, L50|\n|poke|p1|Calyrex-Ice, L50|\n|poke|p1|Iron Hands, L50|\n|poke|p1|Farigiraf, L50, F|\n|poke|p1|Iron Valiant, L50|\n|poke|p1|Incineroar, L50, F|\n|poke|p2|Groudon, L50|\n|poke|p2|Lunala, L50|\n|poke|p2|Incineroar, L50, M|\n|poke|p2|Ribombee, L50, F|\n|poke|p2|Walking Wake, L50|\n|poke|p2|Rillaboom, L50, F|\n|teampreview|4\n|showteam|p1|Miraidon||ChoiceSpecs|HadronEngine|ElectroDrift,DracoMeteor,VoltSwitch,Overheat||||||50|,,,,,Fire]Calyrex-Ice||ClearAmulet|AsOneGlastrier|GlacialLance,HighHorsepower,Protect,TrickRoom||||||50|,,,,,Water]Iron Hands||AssaultVest|QuarkDrive|FakeOut,LowKick,WildCharge,DrainPunch||||||50|,,,,,Water]Farigiraf||ElectricSeed|ArmorTail|Psychic,HelpingHand,FoulPlay,TrickRoom|||F|||50|,,,,,Water]Iron Valiant||FocusSash|QuarkDrive|Coaching,WideGuard,Feint,SpiritBreak||||||50|,,,,,Ghost]Incineroar||RockyHelmet|Intimidate|KnockOff,FlareBlitz,FakeOut,PartingShot|||F|||50|,,,,,Fairy\n|showteam|p2|Groudon||ClearAmulet|Drought|PrecipiceBlades,HeatCrash,StompingTantrum,Protect||||||50|,,,,,Fire]Lunala||PowerHerb|ShadowShield|MoongeistBeam,MeteorBeam,WideGuard,TrickRoom||||||50|,,,,,Fairy]Incineroar||SafetyGoggles|Intimidate|KnockOff,FakeOut,FlareBlitz,PartingShot|||M|||50|,,,,,Ghost]Ribombee||FocusSash|SweetVeil|Moonblast,Tailwind,SunnyDay,PollenPuff|||F|||50|,,,,,Ghost]Walking Wake||LifeOrb|Protosynthesis|WeatherBall,HydroSteam,DracoMeteor,Protect||||||50|,,,,,Fire]Rillaboom||AssaultVest|GrassySurge|FakeOut,GrassyGlide,Uturn,WoodHammer|||F|||50|,,,,,Fire\n|\n|t:|1746146825\n|start\n|switch|p1a: Miraidon|Miraidon, L50|100/100\n|switch|p1b: Iron Valiant|Iron Valiant, L50|100/100\n|switch|p2a: Lunala|Lunala, L50|100/100\n|switch|p2b: Rillaboom|Rillaboom, L50, F|100/100\n|-fieldstart|move: Electric Terrain|[from] ability: Hadron Engine|[of] p1a: Miraidon\n|-activate|p1b: Iron Valiant|ability: Quark Drive\n|-start|p1b: Iron Valiant|quarkdrivespe\n|-fieldstart|move: Grassy Terrain|[from] ability: Grassy Surge|[of] p2b: Rillaboom\n|-end|p1b: Iron Valiant|Quark Drive\n|turn|1\n|\n|t:|1746146854\n|switch|p2a: Groudon|Groudon, L50|100/100\n|-weather|SunnyDay|[from] ability: Drought|[of] p2a: Groudon\n|move|p1a: Miraidon|Volt Switch|p2a: Groudon\n|-immune|p2a: Groudon\n|move|p1b: Iron Valiant|Spirit Break|p2a: Groudon\n|-damage|p2a: Groudon|77/100\n|move|p2b: Rillaboom|Wood Hammer|p1b: Iron Valiant\n|-damage|p1b: Iron Valiant|27/100\n|-damage|p2b: Rillaboom|78/100|[from] Recoil\n|\n|-weather|SunnyDay|[upkeep]\n|-heal|p1b: Iron Valiant|33/100|[from] Grassy Terrain\n|-heal|p2a: Groudon|83/100|[from] Grassy Terrain\n|-heal|p2b: Rillaboom|84/100|[from] Grassy Terrain\n|upkeep\n|turn|2\n|\n|t:|1746146927\n|move|p1a: Miraidon|Volt Switch|p2b: Rillaboom\n|-resisted|p2b: Rillaboom\n|-damage|p2b: Rillaboom|65/100\n|\n|t:|1746146946\n|switch|p1a: Calyrex|Calyrex-Ice, L50|100/100|[from] Volt Switch\n|-ability|p1a: Calyrex|As One\n|-ability|p1a: Calyrex|Unnerve\n|move|p1b: Iron Valiant|Coaching|p1a: Calyrex\n|-boost|p1a: Calyrex|atk|1\n|-boost|p1a: Calyrex|def|1\n|move|p2a: Groudon|Heat Crash|p1b: Iron Valiant\n|-damage|p1b: Iron Valiant|0 fnt\n|faint|p1b: Iron Valiant\n|-end|p1b: Iron Valiant|Quark Drive|[silent]\n|move|p2b: Rillaboom|U-turn|p1a: Calyrex\n|-supereffective|p1a: Calyrex\n|-damage|p1a: Calyrex|82/100\n|\n|t:|1746146961\n|switch|p2b: Lunala|Lunala, L50|100/100|[from] U-turn\n|\n|-weather|SunnyDay|[upkeep]\n|-heal|p2a: Groudon|89/100|[from] Grassy Terrain\n|-heal|p1a: Calyrex|88/100|[from] Grassy Terrain\n|upkeep\n|\n|t:|1746146977\n|switch|p1b: Miraidon|Miraidon, L50|100/100\n|-fieldstart|move: Electric Terrain|[from] ability: Hadron Engine|[of] p1b: Miraidon\n|turn|3\n|\n|t:|1746147016\n|-terastallize|p1a: Calyrex|Water\n|move|p1b: Miraidon|Volt Switch|p2b: Lunala\n|-crit|p2b: Lunala\n|-damage|p2b: Lunala|54/100\n|\n|t:|1746147024\n|switch|p1b: Iron Hands|Iron Hands, L50|100/100|[from] Volt Switch\n|-activate|p1b: Iron Hands|ability: Quark Drive\n|-start|p1b: Iron Hands|quarkdriveatk\n|move|p2a: Groudon|Precipice Blades|p1a: Calyrex|[spread] p1a\n|-miss|p2a: Groudon|p1b: Iron Hands\n|-damage|p1a: Calyrex|67/100\n|move|p1a: Calyrex|Glacial Lance|p2b: Lunala|[spread] p2a,p2b\n|-supereffective|p2a: Groudon\n|-damage|p2a: Groudon|0 fnt\n|-damage|p2b: Lunala|0 fnt\n|faint|p2a: Groudon\n|faint|p2b: Lunala\n|-ability|p1a: Calyrex|Chilling Neigh|boost\n|-boost|p1a: Calyrex|atk|2\n|\n|-weather|SunnyDay|[upkeep]\n|upkeep\n|\n|t:|1746147036\n|switch|p2b: Rillaboom|Rillaboom, L50, F|65/100\n|switch|p2a: Walking Wake|Walking Wake, L50|100/100\n|-fieldstart|move: Grassy Terrain|[from] ability: Grassy Surge|[of] p2b: Rillaboom\n|-end|p1b: Iron Hands|Quark Drive\n|-activate|p2a: Walking Wake|ability: Protosynthesis\n|-start|p2a: Walking Wake|protosynthesisspe\n|turn|4\n|\n|t:|1746147049\n|move|p1b: Iron Hands|Fake Out|p2b: Rillaboom\n|-damage|p2b: Rillaboom|50/100\n|move|p2a: Walking Wake|Draco Meteor|p1a: Calyrex\n|-damage|p1a: Calyrex|13/100\n|-unboost|p2a: Walking Wake|spa|2\n|-damage|p2a: Walking Wake|91/100|[from] item: Life Orb\n|cant|p2b: Rillaboom|flinch\n|move|p1a: Calyrex|Trick Room|p1a: Calyrex\n|-fieldstart|move: Trick Room|[of] p1a: Calyrex\n|\n|-weather|SunnyDay|[upkeep]\n|-heal|p1a: Calyrex|18/100|[from] Grassy Terrain\n|-heal|p2b: Rillaboom|56/100|[from] Grassy Terrain\n|-heal|p2a: Walking Wake|96/100|[from] Grassy Terrain\n|upkeep\n|turn|5\n|\n|t:|1746147074\n|-end|p1b: Iron Hands|Quark Drive|[silent]\n|switch|p1b: Miraidon|Miraidon, L50|100/100\n|-fieldstart|move: Electric Terrain|[from] ability: Hadron Engine|[of] p1b: Miraidon\n|move|p1a: Calyrex|Glacial Lance|p2a: Walking Wake|[spread] p2a,p2b\n|-supereffective|p2b: Rillaboom\n|-damage|p2a: Walking Wake|0 fnt\n|-damage|p2b: Rillaboom|0 fnt\n|faint|p2a: Walking Wake\n|-end|p2a: Walking Wake|Protosynthesis|[silent]\n|faint|p2b: Rillaboom\n|\n|win|UndeadParadox\n|l|\u2606LunaSunChris\n|player|p2|\n", "uploadtime": 1746147340, "views": 5, "formatid": "gen9vgc2025regibo3", "rating": null, "private": 0, "password": null}