{"id": "gen9vgc2025regibo3-2353954109", "format": "[Gen 9] VGC 2025 Reg I (Bo3)", "players": ["Dewef", "Lacossg"], "log": "|j|\u2606Dewef\n|j|\u2606Lacossg\n|html|<table width=\"100%\"><tr><td align=\"left\">Dewef</td><td align=\"right\">Lacossg</tr><tr><td align=\"left\"><i class=\"fa fa-circle\"></i> <i class=\"fa fa-circle-o\"></i> </td><td align=\"right\"><i class=\"fa fa-circle-o\"></i> <i class=\"fa fa-circle\"></i> </tr></table>\n|uhtml|bestof|<h2><strong>Game 3</strong> of <a href=\"/game-bestof3-gen9vgc2025regibo3-2353947560\">a best-of-3</a></h2>\n|t:|1746022248\n|gametype|doubles\n|player|p1|Dewef|101|1212\n|player|p2|Lacossg|266|1252\n|teamsize|p1|6\n|teamsize|p2|6\n|gen|9\n|tier|[Gen 9] VGC 2025 Reg I (Bo3)\n|rated|\n|rule|Species Clause: Limit one of each Pok\u00e9mon\n|rule|Item Clause: Limit 1 of each item\n|clearpoke\n|poke|p1|Calyrex-Shadow, L50|\n|poke|p1|Zamazenta-*, L50|\n|poke|p1|Rillaboom, L50, M|\n|poke|p1|Urshifu-*, L50, M|\n|poke|p1|Tornadus, L50, M|\n|poke|p1|Incineroar, L50, F|\n|poke|p2|Calyrex-Shadow, L50|\n|poke|p2|Tyranitar, L50, F|\n|poke|p2|Excadrill, L50, M|\n|poke|p2|Indeedee-F, L50, F|\n|poke|p2|Raging Bolt, L50|\n|poke|p2|Zamazenta-*, L50|\n|teampreview|4\n|showteam|p1|Calyrex-Shadow||LifeOrb|AsOneSpectrier|AstralBarrage,GrassKnot,Psyshock,Protect||||||50|,,,,,Grass]Zamazenta-Crowned||RustedShield|DauntlessShield|BodyPress,behemothbash,Protect,WideGuard||||||50|,,,,,Dragon]Rillaboom||AssaultVest|GrassySurge|FakeOut,GrassyGlide,WoodHammer,Uturn|||M|||50|,,,,,Water]Urshifu-Rapid-Strike||MysticWater|UnseenFist|Detect,SurgingStrikes,CloseCombat,AquaJet|||M|||50|,,,,,Water]Tornadus||CovertCloak|Prankster|Tailwind,RainDance,BleakwindStorm,Protect|||M|||50|,,,,,Dark]Incineroar||SafetyGoggles|Intimidate|FakeOut,KnockOff,Taunt,PartingShot|||F|||50|,,,,,Dragon\n|showteam|p2|Calyrex-Shadow||LifeOrb|AsOneSpectrier|AstralBarrage,ExpandingForce,Encore,Protect||||||50|,,,,,Normal]Tyranitar||FocusSash|SandStream|KnockOff,RockSlide,Taunt,Snarl|||F|||50|,,,,,Grass]Excadrill||ClearAmulet|SandRush|HighHorsepower,SwordsDance,IronHead,Protect|||M|||50|,,,,,Ground]Indeedee-F||RockyHelmet|PsychicSurge|Imprison,Psychic,TrickRoom,FollowMe|||F|||50|,,,,,Water]Raging Bolt||AssaultVest|Protosynthesis|Thunderclap,Electroweb,DracoMeteor,Snarl||||||50|,,,,,Fairy]Zamazenta-Crowned||RustedShield|DauntlessShield|BodyPress,Imprison,WideGuard,Protect||||||50|,,,,,Dragon\n|\n|t:|1746022276\n|start\n|switch|p1a: Incineroar|Incineroar, L50, F|100/100\n|switch|p1b: Rillaboom|Rillaboom, L50, M|100/100\n|switch|p2a: Zamazenta|Zamazenta-Crowned, L50|100/100\n|switch|p2b: Raging Bolt|Raging Bolt, L50|100/100\n|-ability|p2a: Zamazenta|Dauntless Shield|boost\n|-boost|p2a: Zamazenta|def|1\n|-fieldstart|move: Grassy Terrain|[from] ability: Grassy Surge|[of] p1b: Rillaboom\n|-ability|p1a: Incineroar|Intimidate|boost\n|-unboost|p2a: Zamazenta|atk|1\n|-unboost|p2b: Raging Bolt|atk|1\n|turn|1\n|\n|t:|1746022299\n|move|p2a: Zamazenta|Protect|p2a: Zamazenta\n|-singleturn|p2a: Zamazenta|Protect\n|move|p1b: Rillaboom|Fake Out|p2b: Raging Bolt\n|-damage|p2b: Raging Bolt|92/100\n|cant|p2b: Raging Bolt|flinch\n|move|p1a: Incineroar|Knock Off|p2b: Raging Bolt\n|-damage|p2b: Raging Bolt|66/100\n|-enditem|p2b: Raging Bolt|Assault Vest|[from] move: Knock Off|[of] p1a: Incineroar\n|\n|-heal|p2b: Raging Bolt|72/100|[from] Grassy Terrain\n|upkeep\n|turn|2\n|\n|t:|1746022323\n|-terastallize|p1a: Incineroar|Dragon\n|move|p2a: Zamazenta|Body Press|p1a: Incineroar\n|-damage|p1a: Incineroar|50/100\n|move|p1b: Rillaboom|U-turn|p2b: Raging Bolt\n|-damage|p2b: Raging Bolt|58/100\n|\n|t:|1746022345\n|switch|p1b: Zamazenta|Zamazenta-Crowned, L50|100/100|[from] U-turn\n|-ability|p1b: Zamazenta|Dauntless Shield|boost\n|-boost|p1b: Zamazenta|def|1\n|move|p2b: Raging Bolt|Draco Meteor|p1a: Incineroar\n|-supereffective|p1a: Incineroar\n|-damage|p1a: Incineroar|0 fnt\n|-unboost|p2b: Raging Bolt|spa|2\n|faint|p1a: Incineroar\n|\n|-heal|p2b: Raging Bolt|64/100|[from] Grassy Terrain\n|upkeep\n|\n|t:|1746022359\n|switch|p1a: Calyrex|Calyrex-Shadow, L50|100/100\n|-ability|p1a: Calyrex|As One\n|-ability|p1a: Calyrex|Unnerve\n|turn|3\n|\n|t:|1746022370\n|-terastallize|p2a: Zamazenta|Dragon\n|move|p1a: Calyrex|Astral Barrage|p2b: Raging Bolt|[spread] p2a,p2b\n|-damage|p2a: Zamazenta|54/100\n|-damage|p2b: Raging Bolt|10/100\n|-damage|p1a: Calyrex|91/100|[from] item: Life Orb\n|move|p2a: Zamazenta|Imprison|p2a: Zamazenta\n|-start|p2a: Zamazenta|move: Imprison\n|cant|p1b: Zamazenta|move: Imprison|Body Press\n|move|p2b: Raging Bolt|Electroweb|p1b: Zamazenta|[spread] p1a,p1b\n|-damage|p1a: Calyrex|81/100\n|-damage|p1b: Zamazenta|93/100\n|-unboost|p1a: Calyrex|spe|1\n|-unboost|p1b: Zamazenta|spe|1\n|\n|-heal|p2a: Zamazenta|60/100|[from] Grassy Terrain\n|-heal|p1a: Calyrex|87/100|[from] Grassy Terrain\n|-heal|p1b: Zamazenta|99/100|[from] Grassy Terrain\n|-heal|p2b: Raging Bolt|16/100|[from] Grassy Terrain\n|upkeep\n|turn|4\n|\n|t:|1746022398\n|switch|p1a: Rillaboom|Rillaboom, L50, M|100/100\n|move|p2a: Zamazenta|Protect|p2a: Zamazenta\n|-singleturn|p2a: Zamazenta|Protect\n|move|p2b: Raging Bolt|Thunderclap||[still]\n|-fail|p2b: Raging Bolt\n|move|p1b: Zamazenta|Behemoth Bash|p2b: Raging Bolt\n|-resisted|p2b: Raging Bolt\n|-damage|p2b: Raging Bolt|1/100\n|\n|-heal|p2a: Zamazenta|67/100|[from] Grassy Terrain\n|-heal|p1b: Zamazenta|100/100|[from] Grassy Terrain\n|-heal|p2b: Raging Bolt|7/100|[from] Grassy Terrain\n|upkeep\n|turn|5\n|\n|t:|1746022429\n|switch|p1b: Calyrex|Calyrex-Shadow, L50|87/100\n|-ability|p1b: Calyrex|As One\n|-ability|p1b: Calyrex|Unnerve\n|move|p2a: Zamazenta|Body Press|p1a: Rillaboom\n|-damage|p1a: Rillaboom|39/100\n|move|p1a: Rillaboom|U-turn|p2a: Zamazenta\n|-damage|p2a: Zamazenta|58/100\n|\n|t:|1746022438\n|switch|p1a: Zamazenta|Zamazenta-Crowned, L50|100/100|[from] U-turn\n|move|p2b: Raging Bolt|Electroweb|p1b: Calyrex|[spread] p1a,p1b\n|-damage|p1a: Zamazenta|92/100\n|-damage|p1b: Calyrex|77/100\n|-unboost|p1a: Zamazenta|spe|1\n|-unboost|p1b: Calyrex|spe|1\n|\n|-heal|p2a: Zamazenta|64/100|[from] Grassy Terrain\n|-heal|p1b: Calyrex|83/100|[from] Grassy Terrain\n|-heal|p1a: Zamazenta|98/100|[from] Grassy Terrain\n|-heal|p2b: Raging Bolt|13/100|[from] Grassy Terrain\n|-fieldend|move: Grassy Terrain\n|upkeep\n|turn|6\n|\n|t:|1746022459\n|move|p2a: Zamazenta|Protect|p2a: Zamazenta\n|-singleturn|p2a: Zamazenta|Protect\n|move|p1b: Calyrex|Astral Barrage|p2b: Raging Bolt|[spread] p2b\n|-activate|p2a: Zamazenta|move: Protect\n|-damage|p2b: Raging Bolt|0 fnt\n|faint|p2b: Raging Bolt\n|-end|p2b: Raging Bolt|Protosynthesis|[silent]\n|-ability|p1b: Calyrex|Grim Neigh|boost\n|-boost|p1b: Calyrex|spa|1\n|-damage|p1b: Calyrex|74/100|[from] item: Life Orb\n|move|p1a: Zamazenta|Behemoth Bash|p2a: Zamazenta\n|-activate|p2a: Zamazenta|move: Protect\n|\n|upkeep\n|\n|t:|1746022478\n|switch|p2b: Calyrex|Calyrex-Shadow, L50|100/100\n|-ability|p2b: Calyrex|As One\n|-ability|p2b: Calyrex|Unnerve\n|turn|7\n|\n|t:|1746022490\n|switch|p1b: Rillaboom|Rillaboom, L50, M|39/100\n|-fieldstart|move: Grassy Terrain|[from] ability: Grassy Surge|[of] p1b: Rillaboom\n|move|p2a: Zamazenta|Wide Guard|p2a: Zamazenta\n|-singleturn|p2a: Zamazenta|Wide Guard\n|move|p2b: Calyrex|Astral Barrage|p1a: Zamazenta|[spread] p1a,p1b\n|-damage|p1a: Zamazenta|50/100\n|-damage|p1b: Rillaboom|8/100\n|-damage|p2b: Calyrex|91/100|[from] item: Life Orb\n|move|p1a: Zamazenta|Behemoth Bash|p2b: Calyrex\n|-damage|p2b: Calyrex|52/100\n|\n|-heal|p2b: Calyrex|58/100|[from] Grassy Terrain\n|-heal|p2a: Zamazenta|70/100|[from] Grassy Terrain\n|-heal|p1a: Zamazenta|56/100|[from] Grassy Terrain\n|-heal|p1b: Rillaboom|14/100|[from] Grassy Terrain\n|upkeep\n|turn|8\n|\n|t:|1746022521\n|move|p1b: Rillaboom|Grassy Glide|p2b: Calyrex\n|-damage|p2b: Calyrex|24/100\n|move|p2b: Calyrex|Astral Barrage|p1b: Rillaboom|[spread] p1a,p1b\n|-damage|p1a: Zamazenta|8/100\n|-damage|p1b: Rillaboom|0 fnt\n|faint|p1b: Rillaboom\n|-ability|p2b: Calyrex|Grim Neigh|boost\n|-boost|p2b: Calyrex|spa|1\n|-damage|p2b: Calyrex|14/100|[from] item: Life Orb\n|move|p2a: Zamazenta|Body Press|p1a: Zamazenta\n|-supereffective|p1a: Zamazenta\n|-damage|p1a: Zamazenta|0 fnt\n|faint|p1a: Zamazenta\n|\n|-heal|p2b: Calyrex|20/100|[from] Grassy Terrain\n|-heal|p2a: Zamazenta|77/100|[from] Grassy Terrain\n|upkeep\n|\n|t:|1746022538\n|switch|p1b: Calyrex|Calyrex-Shadow, L50|74/100\n|-ability|p1b: Calyrex|As One\n|-ability|p1b: Calyrex|Unnerve\n|turn|9\n|\n|t:|1746022548\n|move|p2a: Zamazenta|Wide Guard|p2a: Zamazenta\n|-singleturn|p2a: Zamazenta|Wide Guard\n|move|p2b: Calyrex|Astral Barrage|p1b: Calyrex\n|-supereffective|p1b: Calyrex\n|-damage|p1b: Calyrex|0 fnt\n|faint|p1b: Calyrex\n|-damage|p2b: Calyrex|10/100|[from] item: Life Orb\n|\n|win|Lacossg\n|raw|Dewef's rating: 1212 &rarr; <strong>1190</strong><br />(-22 for losing)\n|raw|Lacossg's rating: 1252 &rarr; <strong>1274</strong><br />(+22 for winning)\n|l|\u2606Lacossg\n|player|p2|\n", "uploadtime": 1746022679, "views": 6, "formatid": "gen9vgc2025regibo3", "rating": 1190, "private": 0, "password": null}