{"id": "gen9vgc2025regibo3-2354106777", "format": "[Gen 9] VGC 2025 Reg I (Bo3)", "players": ["Shit Tier Pro", "mike6972"], "log": "|j|\u2606Shit Tier Pro\n|j|\u2606mike6972\n|html|<table width=\"100%\"><tr><td align=\"left\">Shit Tier Pro</td><td align=\"right\">mike6972</tr><tr><td align=\"left\"><i class=\"fa fa-circle-o\"></i> <i class=\"fa fa-circle-o\"></i> </td><td align=\"right\"><i class=\"fa fa-circle-o\"></i> <i class=\"fa fa-circle-o\"></i> </tr></table>\n|uhtml|bestof|<h2><strong>Game 1</strong> of <a href=\"/game-bestof3-gen9vgc2025regibo3-2354106776\">a best-of-3</a></h2>\n|t:|1746035416\n|gametype|doubles\n|player|p1|Shit Tier Pro|n|1103\n|player|p2|mike6972|266|1153\n|teamsize|p1|6\n|teamsize|p2|6\n|gen|9\n|tier|[Gen 9] VGC 2025 Reg I (Bo3)\n|rated|\n|rule|Species Clause: Limit one of each Pok\u00e9mon\n|rule|Item Clause: Limit 1 of each item\n|clearpoke\n|poke|p1|Terapagos, L50, M|\n|poke|p1|Raging Bolt, L50|\n|poke|p1|Incineroar, L50, M|\n|poke|p1|Zacian-*, L50|\n|poke|p1|Smeargle, L50, F|\n|poke|p1|Ceruledge, L50, F|\n|poke|p2|Calyrex-Shadow, L50|\n|poke|p2|Zamazenta-*, L50|\n|poke|p2|Incineroar, L50, F|\n|poke|p2|Rillaboom, L50, M|\n|poke|p2|Chi-Yu, L50|\n|poke|p2|Amoonguss, L50, M|\n|teampreview|4\n|showteam|p1|Terapagos||CovertCloak|TeraShift|Protect,RockPolish,CalmMind,TeraStarstorm|||M|||50|,,,,,Stellar]Raging Bolt||BoosterEnergy|Protosynthesis|Thunderclap,Thunderbolt,DracoMeteor,Protect||||||50|,,,,,Fairy]Incineroar||SafetyGoggles|Intimidate|FakeOut,HelpingHand,KnockOff,Taunt|||M|||50|,,,,,Bug]Zacian-Crowned||RustedSword|IntrepidSword|behemothblade,PlayRough,Protect,SacredSword||||||50|,,,,,Stellar]Smeargle||FocusSash|Moody|SpikyShield,Decorate,Spore,FollowMe|||F|||50|,,,,,Ghost]Ceruledge||ExpertBelt|FlashFire|ShadowSneak,BitterBlade,AllySwitch,WillOWisp|||F|||50|,,,,,Grass\n|showteam|p2|Calyrex-Shadow||LifeOrb|AsOneSpectrier|AstralBarrage,Protect,Psychic,WillOWisp||||||50|,,,,,Water]Zamazenta-Crowned||RustedShield|DauntlessShield|BodyPress,HeavySlam,Protect,WideGuard||||||50|,,,,,Dragon]Incineroar||SafetyGoggles|Intimidate|FakeOut,PartingShot,FlareBlitz,KnockOff|||F|||50|,,,,,Ghost]Rillaboom||AssaultVest|GrassySurge|DrumBeating,Uturn,GrassyGlide,FakeOut|||M|||50|,,,,,Water]Chi-Yu||ChoiceSpecs|BeadsofRuin|DarkPulse,TeraBlast,HeatWave,Overheat||||||50|,,,,,Ghost]Amoonguss||CovertCloak|Regenerator|ClearSmog,PollenPuff,Spore,RagePowder|||M|||50|,,,,,Fire\n|inactive|Battle timer is ON: inactive players will automatically lose when time's up. (requested by Shit Tier Pro)\n|\n|t:|1746035436\n|start\n|switch|p1a: Smeargle|Smeargle, L50, F|100/100\n|switch|p1b: Ceruledge|Ceruledge, L50, F|100/100\n|switch|p2a: Amoonguss|Amoonguss, L50, M|100/100\n|switch|p2b: Incineroar|Incineroar, L50, F|100/100\n|-ability|p2b: Incineroar|Intimidate|boost\n|-unboost|p1a: Smeargle|atk|1\n|-unboost|p1b: Ceruledge|atk|1\n|turn|1\n|inactive|mike6972 has 30 seconds left.\n|inactive|mike6972 has 20 seconds left.\n|inactive|Shit Tier Pro has 30 seconds left.\n|inactive|mike6972 has 15 seconds left.\n|inactive|mike6972 has 10 seconds left.\n|inactive|mike6972 has 5 seconds left.\n|\n|t:|1746035490\n|switch|p1a: Incineroar|Incineroar, L50, M|100/100\n|-ability|p1a: Incineroar|Intimidate|boost\n|-unboost|p2a: Amoonguss|atk|1\n|-unboost|p2b: Incineroar|atk|1\n|-terastallize|p2a: Amoonguss|Fire\n|move|p1b: Ceruledge|Ally Switch|p1b: Ceruledge\n|swap|p1b: Ceruledge|0|[from] move: Ally Switch\n|move|p2b: Incineroar|Parting Shot|p1b: Incineroar\n|-unboost|p1b: Incineroar|atk|1\n|-unboost|p1b: Incineroar|spa|1\n|\n|t:|1746035501\n|switch|p2b: Zamazenta|Zamazenta-Crowned, L50|100/100|[from] Parting Shot\n|-ability|p2b: Zamazenta|Dauntless Shield|boost\n|-boost|p2b: Zamazenta|def|1\n|move|p2a: Amoonguss|Spore|p1a: Ceruledge\n|-status|p1a: Ceruledge|slp|[from] move: Spore\n|\n|upkeep\n|turn|2\n|inactive|Shit Tier Pro has 30 seconds left.\n|\n|t:|1746035527\n|switch|p2a: Incineroar|Incineroar, L50, F|100/100\n|-ability|p2a: Incineroar|Intimidate|boost\n|-unboost|p1a: Ceruledge|atk|1\n|-unboost|p1b: Incineroar|atk|1\n|move|p2b: Zamazenta|Protect|p2b: Zamazenta\n|-singleturn|p2b: Zamazenta|Protect\n|move|p1b: Incineroar|Fake Out|p2b: Zamazenta\n|-activate|p2b: Zamazenta|move: Protect\n|cant|p1a: Ceruledge|slp\n|\n|upkeep\n|turn|3\n|\n|t:|1746035546\n|move|p2b: Zamazenta|Heavy Slam|p1a: Ceruledge\n|-resisted|p1a: Ceruledge\n|-damage|p1a: Ceruledge|71/100 slp\n|-curestatus|p1a: Ceruledge|slp|[msg]\n|move|p1a: Ceruledge|Will-O-Wisp|p2b: Zamazenta|[miss]\n|-miss|p1a: Ceruledge|p2b: Zamazenta\n|move|p1b: Incineroar|Knock Off|p2a: Incineroar\n|-resisted|p2a: Incineroar\n|-damage|p2a: Incineroar|93/100\n|-enditem|p2a: Incineroar|Safety Goggles|[from] move: Knock Off|[of] p1b: Incineroar\n|move|p2a: Incineroar|Knock Off|p1b: Incineroar\n|-resisted|p1b: Incineroar\n|-damage|p1b: Incineroar|84/100\n|-enditem|p1b: Incineroar|Safety Goggles|[from] move: Knock Off|[of] p2a: Incineroar\n|\n|upkeep\n|turn|4\n|\n|t:|1746035564\n|switch|p2b: Amoonguss|Amoonguss, L50, M, tera:Fire|100/100\n|switch|p1a: Terapagos|Terapagos, L50, M|100/100\n|-activate|p1a: Terapagos|ability: Tera Shift\n|detailschange|p1a: Terapagos|Terapagos-Terastal, L50, M\n|-heal|p1a: Terapagos|100/100|[silent]\n|switch|p1b: Smeargle|Smeargle, L50, F|100/100\n|move|p2a: Incineroar|Knock Off|p1a: Terapagos\n|-activate|p1a: Terapagos|ability: Tera Shell\n|-resisted|p1a: Terapagos\n|-damage|p1a: Terapagos|83/100\n|-enditem|p1a: Terapagos|Covert Cloak|[from] move: Knock Off|[of] p2a: Incineroar\n|\n|-ability|p1b: Smeargle|Moody|boost\n|-boost|p1b: Smeargle|spe|2\n|-unboost|p1b: Smeargle|atk|1\n|upkeep\n|turn|5\n|\n|t:|1746035587\n|move|p1b: Smeargle|Spore|p2b: Amoonguss\n|-status|p2b: Amoonguss|slp|[from] move: Spore\n|move|p1a: Terapagos|Calm Mind|p1a: Terapagos\n|-boost|p1a: Terapagos|spa|1\n|-boost|p1a: Terapagos|spd|1\n|move|p2a: Incineroar|Knock Off|p1b: Smeargle\n|-damage|p1b: Smeargle|15/100\n|-enditem|p1b: Smeargle|Focus Sash|[from] move: Knock Off|[of] p2a: Incineroar\n|cant|p2b: Amoonguss|slp\n|\n|-ability|p1b: Smeargle|Moody|boost\n|-boost|p1b: Smeargle|spa|2\n|-unboost|p1b: Smeargle|def|1\n|upkeep\n|turn|6\n|\n|t:|1746035603\n|move|p1b: Smeargle|Decorate|p1a: Terapagos\n|-boost|p1a: Terapagos|atk|2\n|-boost|p1a: Terapagos|spa|2\n|move|p1a: Terapagos|Rock Polish|p1a: Terapagos\n|-boost|p1a: Terapagos|spe|2\n|move|p2a: Incineroar|Parting Shot|p1a: Terapagos\n|-unboost|p1a: Terapagos|atk|1\n|-unboost|p1a: Terapagos|spa|1\n|\n|t:|1746035608\n|switch|p2a: Zamazenta|Zamazenta-Crowned, L50|100/100|[from] Parting Shot\n|cant|p2b: Amoonguss|slp\n|\n|-ability|p1b: Smeargle|Moody|boost\n|-boost|p1b: Smeargle|def|2\n|-unboost|p1b: Smeargle|spd|1\n|upkeep\n|turn|7\n|\n|t:|1746035619\n|switch|p2a: Incineroar|Incineroar, L50, F|93/100\n|-ability|p2a: Incineroar|Intimidate|boost\n|-unboost|p1a: Terapagos|atk|1\n|-unboost|p1b: Smeargle|atk|1\n|move|p1b: Smeargle|Spore|p2a: Incineroar\n|-status|p2a: Incineroar|slp|[from] move: Spore\n|move|p1a: Terapagos|Tera Starstorm|p2b: Amoonguss\n|-damage|p2b: Amoonguss|6/100 slp\n|cant|p2b: Amoonguss|slp\n|\n|-ability|p1b: Smeargle|Moody|boost\n|-boost|p1b: Smeargle|spd|2\n|-unboost|p1b: Smeargle|spa|1\n|upkeep\n|turn|8\n|inactive|Shit Tier Pro has 30 seconds left.\n|\n|t:|1746035646\n|-terastallize|p1a: Terapagos|Stellar\n|detailschange|p1a: Terapagos|Terapagos-Stellar, L50, M, tera:Stellar\n|-heal|p1a: Terapagos|88/100|[silent]\n|move|p1b: Smeargle|Decorate|p1a: Terapagos\n|-boost|p1a: Terapagos|atk|2\n|-boost|p1a: Terapagos|spa|2\n|move|p1a: Terapagos|Tera Starstorm|p2a: Incineroar|[spread] p2a,p2b\n|-supereffective|p2b: Amoonguss\n|-damage|p2a: Incineroar|0 fnt\n|-damage|p2b: Amoonguss|0 fnt\n|faint|p2a: Incineroar\n|faint|p2b: Amoonguss\n|\n|-ability|p1b: Smeargle|Moody|boost\n|-boost|p1b: Smeargle|spd|2\n|-unboost|p1b: Smeargle|atk|1\n|upkeep\n|\n|t:|1746035649\n|switch|p2a: Zamazenta|Zamazenta-Crowned, L50|100/100\n|switch|p2b: Calyrex|Calyrex-Shadow, L50|100/100\n|-ability|p2b: Calyrex|As One\n|-ability|p2b: Calyrex|Unnerve\n|turn|9\n|\n|t:|1746035665\n|move|p2a: Zamazenta|Wide Guard|p2a: Zamazenta\n|-singleturn|p2a: Zamazenta|Wide Guard\n|move|p1b: Smeargle|Spore|p2a: Zamazenta\n|-status|p2a: Zamazenta|slp|[from] move: Spore\n|move|p1a: Terapagos|Tera Starstorm|p2a: Zamazenta|[spread] \n|-activate|p2a: Zamazenta|move: Wide Guard\n|-activate|p2b: Calyrex|move: Wide Guard\n|move|p2b: Calyrex|Psychic|p1b: Smeargle\n|-crit|p1b: Smeargle\n|-damage|p1b: Smeargle|0 fnt\n|faint|p1b: Smeargle\n|-ability|p2b: Calyrex|Grim Neigh|boost\n|-boost|p2b: Calyrex|spa|1\n|-damage|p2b: Calyrex|91/100|[from] item: Life Orb\n|\n|upkeep\n|\n|t:|1746035669\n|switch|p1b: Ceruledge|Ceruledge, L50, F|71/100\n|turn|10\n|\n|t:|1746035684\n|cant|p2a: Zamazenta|slp\n|move|p1b: Ceruledge|Shadow Sneak|p2b: Calyrex\n|-supereffective|p2b: Calyrex\n|-damage|p2b: Calyrex|0 fnt\n|faint|p2b: Calyrex\n|move|p1a: Terapagos|Tera Starstorm|p2a: Zamazenta\n|-damage|p2a: Zamazenta|0 fnt\n|faint|p2a: Zamazenta\n|\n|win|Shit Tier Pro\n||mike6972 is ready for game 2.\n|inactive|Shit Tier Pro has 30 seconds to confirm battle start!\n||Shit Tier Pro is ready for game 2.\n|uhtml|next|Next: <a href=\"/battle-gen9vgc2025regibo3-2354110064\"><strong>Game 2 of 3</strong></a>\n|l|\u2606mike6972\n|player|p2|\n", "uploadtime": 1746036074, "views": 7, "formatid": "gen9vgc2025regibo3", "rating": null, "private": 0, "password": null}