{"id": "gen9vgc2025regibo3-2355083580", "format": "[Gen 9] VGC 2025 Reg I (Bo3)", "players": ["Uahhhh", "ketertitanarmadio"], "log": "|j|\u203dUahhhh\n|j|\u2606ketertitanarmadio\n|html|<table width=\"100%\"><tr><td align=\"left\">Uahhhh</td><td align=\"right\">ketertitanarmadio</tr><tr><td align=\"left\"><i class=\"fa fa-circle-o\"></i> <i class=\"fa fa-circle-o\"></i> </td><td align=\"right\"><i class=\"fa fa-circle-o\"></i> <i class=\"fa fa-circle-o\"></i> </tr></table>\n|uhtml|bestof|<h2><strong>Game 1</strong> of <a href=\"/game-bestof3-gen9vgc2025regibo3-2355083579\">a best-of-3</a></h2>\n|t:|1746150381\n|gametype|doubles\n|player|p1|Uahhhh|1|1316\n|player|p2|ketertitanarmadio|102|1368\n|teamsize|p1|6\n|teamsize|p2|6\n|gen|9\n|tier|[Gen 9] VGC 2025 Reg I (Bo3)\n|rated|\n|rule|Species Clause: Limit one of each Pok\u00e9mon\n|rule|Item Clause: Limit 1 of each item\n|clearpoke\n|poke|p1|Tornadus, L50, M|\n|poke|p1|Pelipper, L50, M|\n|poke|p1|Rillaboom, L50, M|\n|poke|p1|Incineroar, L50, M|\n|poke|p1|Zamazenta-*, L50|\n|poke|p1|Calyrex-Shadow, L50|\n|poke|p2|Incineroar, L50, F|\n|poke|p2|Ogerpon-Cornerstone, L50, F|\n|poke|p2|Zacian-*, L50|\n|poke|p2|Miraidon, L50|\n|poke|p2|Farigiraf, L50, F|\n|poke|p2|Volbeat, L50, M|\n|teampreview|4\n|showteam|p1|Tornadus||CovertCloak|Prankster|BleakwindStorm,Tailwind,RainDance,Protect|||M|||50|,,,,,Dark]Pelipper||FocusSash|Drizzle|Hurricane,WeatherBall,WideGuard,Protect|||M|||50|,,,,,Grass]Rillaboom||AssaultVest|GrassySurge|FakeOut,GrassyGlide,WoodHammer,Uturn|||M|||50|,,,,,Fire]Incineroar||SafetyGoggles|Intimidate|FakeOut,FlareBlitz,KnockOff,PartingShot|||M|||50|,,,,,Ghost]Zamazenta-Crowned||RustedShield|DauntlessShield|behemothbash,BodyPress,WideGuard,Protect||||||50|,,,,,Dragon]Calyrex-Shadow||Leftovers|AsOneSpectrier|AstralBarrage,GigaDrain,CalmMind,Protect||||||50|,,,,,Grass\n|showteam|p2|Incineroar||SitrusBerry|Intimidate|KnockOff,WillOWisp,PartingShot,FakeOut|||F|||50|,,,,,Bug]Ogerpon-Cornerstone||CornerstoneMask|Sturdy|IvyCudgel,SeedBomb,FollowMe,SpikyShield|||F|||50|,,,,,Rock]Zacian-Crowned||RustedSword|IntrepidSword|behemothblade,PlayRough,SwordsDance,Protect||||||50|,,,,,Normal]Miraidon||ChoiceSpecs|HadronEngine|ElectroDrift,VoltSwitch,DracoMeteor,DazzlingGleam||||||50|,,,,,Fairy]Farigiraf||ElectricSeed|ArmorTail|Psychic,FoulPlay,TrickRoom,HelpingHand|||F|||50|,,,,,Water]Volbeat||FocusSash|Prankster|Uturn,Tailwind,Encore,LightScreen|||M|||50|,,,,,Ghost\n|inactive|Battle timer is ON: inactive players will automatically lose when time's up. (requested by Uahhhh)\n|\n|t:|1746150413\n|start\n|switch|p1a: Calyrex|Calyrex-Shadow, L50|100/100\n|switch|p1b: Rillaboom|Rillaboom, L50, M|100/100\n|switch|p2a: Incineroar|Incineroar, L50, F|100/100\n|switch|p2b: Miraidon|Miraidon, L50|100/100\n|-ability|p1a: Calyrex|As One\n|-ability|p1a: Calyrex|Unnerve\n|-fieldstart|move: Electric Terrain|[from] ability: Hadron Engine|[of] p2b: Miraidon\n|-fieldstart|move: Grassy Terrain|[from] ability: Grassy Surge|[of] p1b: Rillaboom\n|-ability|p2a: Incineroar|Intimidate|boost\n|-unboost|p1a: Calyrex|atk|1\n|-unboost|p1b: Rillaboom|atk|1\n|turn|1\n|\n|t:|1746150429\n|move|p1b: Rillaboom|Fake Out|p2a: Incineroar\n|-damage|p2a: Incineroar|93/100\n|move|p1a: Calyrex|Calm Mind|p1a: Calyrex\n|-boost|p1a: Calyrex|spa|1\n|-boost|p1a: Calyrex|spd|1\n|move|p2b: Miraidon|Volt Switch|p1a: Calyrex\n|-damage|p1a: Calyrex|67/100\n|\n|t:|1746150433\n|switch|p2b: Volbeat|Volbeat, L50, M|100/100|[from] Volt Switch\n|cant|p2a: Incineroar|flinch\n|\n|-heal|p1a: Calyrex|73/100|[from] Grassy Terrain\n|-heal|p1a: Calyrex|80/100|[from] item: Leftovers\n|-heal|p2a: Incineroar|99/100|[from] Grassy Terrain\n|upkeep\n|turn|2\n|inactive|Uahhhh has 30 seconds left.\n|\n|t:|1746150460\n|move|p1a: Calyrex|Protect|p1a: Calyrex\n|-singleturn|p1a: Calyrex|Protect\n|move|p2b: Volbeat|U-turn|p1b: Rillaboom\n|-supereffective|p1b: Rillaboom\n|-damage|p1b: Rillaboom|54/100\n|\n|t:|1746150466\n|switch|p2b: Zacian|Zacian-Crowned, L50, shiny|100/100|[from] U-turn\n|-ability|p2b: Zacian|Intrepid Sword|boost\n|-boost|p2b: Zacian|atk|1\n|move|p1b: Rillaboom|U-turn|p2b: Zacian\n|-resisted|p2b: Zacian\n|-damage|p2b: Zacian|97/100\n|\n|t:|1746150472\n|switch|p1b: Incineroar|Incineroar, L50, M|100/100|[from] U-turn\n|-ability|p1b: Incineroar|Intimidate|boost\n|-unboost|p2a: Incineroar|atk|1\n|-unboost|p2b: Zacian|atk|1\n|move|p2a: Incineroar|Will-O-Wisp|p1a: Calyrex\n|-activate|p1a: Calyrex|move: Protect\n|\n|-heal|p1a: Calyrex|86/100|[from] Grassy Terrain\n|-heal|p1a: Calyrex|92/100|[from] item: Leftovers\n|-heal|p2b: Zacian|100/100|[from] Grassy Terrain\n|-heal|p2a: Incineroar|100/100|[from] Grassy Terrain\n|upkeep\n|turn|3\n|\n|t:|1746150494\n|-terastallize|p1a: Calyrex|Grass\n|-terastallize|p2b: Zacian|Normal\n|move|p1b: Incineroar|Fake Out|p2b: Zacian\n|-damage|p2b: Zacian|91/100\n|move|p1a: Calyrex|Calm Mind|p1a: Calyrex\n|-boost|p1a: Calyrex|spa|1\n|-boost|p1a: Calyrex|spd|1\n|cant|p2b: Zacian|flinch\n|move|p2a: Incineroar|Parting Shot|p1a: Calyrex\n|-unboost|p1a: Calyrex|atk|1\n|-unboost|p1a: Calyrex|spa|1\n|\n|t:|1746150501\n|switch|p2a: Volbeat|Volbeat, L50, M|100/100|[from] Parting Shot\n|\n|-heal|p1a: Calyrex|98/100|[from] Grassy Terrain\n|-heal|p1a: Calyrex|100/100|[from] item: Leftovers\n|-heal|p2b: Zacian|97/100|[from] Grassy Terrain\n|upkeep\n|turn|4\n|\n|t:|1746150513\n|move|p1a: Calyrex|Protect|p1a: Calyrex\n|-singleturn|p1a: Calyrex|Protect\n|move|p2a: Volbeat|Encore|p1a: Calyrex\n|-activate|p1a: Calyrex|move: Protect\n|move|p2b: Zacian|Swords Dance|p2b: Zacian\n|-boost|p2b: Zacian|atk|2\n|move|p1b: Incineroar|Parting Shot|p2b: Zacian\n|-unboost|p2b: Zacian|atk|1\n|-unboost|p2b: Zacian|spa|1\n|\n|t:|1746150520\n|switch|p1b: Rillaboom|Rillaboom, L50, M|54/100|[from] Parting Shot\n|\n|-heal|p2b: Zacian|100/100|[from] Grassy Terrain\n|-heal|p1b: Rillaboom|60/100|[from] Grassy Terrain\n|upkeep\n|turn|5\n|\n|t:|1746150535\n|switch|p2a: Incineroar|Incineroar, L50, F|100/100\n|-ability|p2a: Incineroar|Intimidate|boost\n|-unboost|p1a: Calyrex|atk|1\n|-unboost|p1b: Rillaboom|atk|1\n|move|p1b: Rillaboom|Fake Out|p2a: Incineroar\n|-damage|p2a: Incineroar|93/100\n|move|p1a: Calyrex|Giga Drain|p2b: Zacian\n|-damage|p2b: Zacian|38/100\n|move|p2b: Zacian|Swords Dance|p2b: Zacian\n|-boost|p2b: Zacian|atk|2\n|\n|-heal|p2b: Zacian|45/100|[from] Grassy Terrain\n|-heal|p1b: Rillaboom|66/100|[from] Grassy Terrain\n|-heal|p2a: Incineroar|99/100|[from] Grassy Terrain\n|-fieldend|move: Grassy Terrain\n|upkeep\n|turn|6\n|inactive|Uahhhh has 30 seconds left.\n|\n|t:|1746150560\n|switch|p1b: Incineroar|Incineroar, L50, M|100/100\n|-ability|p1b: Incineroar|Intimidate|boost\n|-unboost|p2a: Incineroar|atk|1\n|-unboost|p2b: Zacian|atk|1\n|move|p1a: Calyrex|Protect|p1a: Calyrex\n|-singleturn|p1a: Calyrex|Protect\n|move|p2b: Zacian|Behemoth Blade|p1b: Incineroar\n|-resisted|p1b: Incineroar\n|-damage|p1b: Incineroar|56/100\n|move|p2a: Incineroar|Parting Shot|p1b: Incineroar\n|-unboost|p1b: Incineroar|atk|1\n|-unboost|p1b: Incineroar|spa|1\n|\n|t:|1746150574\n|switch|p2a: Volbeat|Volbeat, L50, M|100/100|[from] Parting Shot\n|\n|upkeep\n|turn|7\n|\n|t:|1746150598\n|move|p1b: Incineroar|Fake Out|p2b: Zacian\n|-damage|p2b: Zacian|38/100\n|move|p2a: Volbeat|Encore|p1a: Calyrex\n|-start|p1a: Calyrex|Encore\n|move|p1a: Calyrex|Protect||[still]\n|-fail|p1a: Calyrex\n|cant|p2b: Zacian|flinch\n|\n|upkeep\n|turn|8\n|\n|t:|1746150614\n|move|p1a: Calyrex|Protect|p1a: Calyrex\n|-singleturn|p1a: Calyrex|Protect\n|move|p2b: Zacian|Play Rough|p1b: Incineroar\n|-damage|p1b: Incineroar|0 fnt\n|faint|p1b: Incineroar\n|move|p2a: Volbeat|U-turn|p1a: Calyrex\n|-activate|p1a: Calyrex|move: Protect\n|\n|upkeep\n|\n|t:|1746150621\n|switch|p1b: Zamazenta|Zamazenta-Crowned, L50|100/100\n|-ability|p1b: Zamazenta|Dauntless Shield|boost\n|-boost|p1b: Zamazenta|def|1\n|turn|9\n|\n|t:|1746150631\n|move|p1a: Calyrex|Protect||[still]\n|-fail|p1a: Calyrex\n|move|p2b: Zacian|Behemoth Blade|p1a: Calyrex\n|-damage|p1a: Calyrex|3/100\n|move|p1b: Zamazenta|Body Press|p2a: Volbeat\n|-resisted|p2a: Volbeat\n|-crit|p2a: Volbeat\n|-damage|p2a: Volbeat|26/100\n|move|p2a: Volbeat|U-turn|p1a: Calyrex\n|-supereffective|p1a: Calyrex\n|-damage|p1a: Calyrex|0 fnt\n|faint|p1a: Calyrex\n|\n|t:|1746150654\n|switch|p2a: Incineroar|Incineroar, L50, F|99/100|[from] U-turn\n|-ability|p2a: Incineroar|Intimidate|boost\n|-unboost|p1b: Zamazenta|atk|1\n|\n|upkeep\n|\n|t:|1746150657\n|switch|p1a: Rillaboom|Rillaboom, L50, M|66/100\n|-fieldstart|move: Grassy Terrain|[from] ability: Grassy Surge|[of] p1a: Rillaboom\n|turn|10\n|\n|t:|1746150665\n|move|p1a: Rillaboom|Fake Out|p2b: Zacian\n|-damage|p2b: Zacian|28/100\n|cant|p2b: Zacian|flinch\n|move|p1b: Zamazenta|Body Press|p2a: Incineroar\n|-supereffective|p2a: Incineroar\n|-damage|p2a: Incineroar|0 fnt\n|faint|p2a: Incineroar\n|\n|-heal|p2b: Zacian|34/100|[from] Grassy Terrain\n|-heal|p1a: Rillaboom|72/100|[from] Grassy Terrain\n|upkeep\n|\n|t:|1746150672\n|switch|p2a: Miraidon|Miraidon, L50|100/100\n|-fieldstart|move: Electric Terrain|[from] ability: Hadron Engine|[of] p2a: Miraidon\n|turn|11\n|\n|t:|1746150680\n|move|p2b: Zacian|Behemoth Blade|p1a: Rillaboom\n|-damage|p1a: Rillaboom|0 fnt\n|faint|p1a: Rillaboom\n|move|p2a: Miraidon|Electro Drift|p1b: Zamazenta\n|-damage|p1b: Zamazenta|8/100\n|move|p1b: Zamazenta|Body Press|p2a: Miraidon\n|-damage|p2a: Miraidon|31/100\n|\n|upkeep\n|turn|12\n|-message|Uahhhh forfeited.\n|\n|win|ketertitanarmadio\n||Uahhhh is ready for game 2.\n||ketertitanarmadio is ready for game 2.\n|uhtml|next|Next: <a href=\"/battle-gen9vgc2025regibo3-2355086054\"><strong>Game 2 of 3</strong></a>\n|l|\u203dUahhhh\n|player|p1|\n", "uploadtime": 1746151018, "views": 3, "formatid": "gen9vgc2025regibo3", "rating": null, "private": 0, "password": null}