{"id": "gen9vgc2025regibo3-2354422895", "format": "[Gen 9] VGC 2025 Reg I (Bo3)", "players": ["Xeris33", "Mona Aster"], "log": "|j|\u2606Xeris33\n|j|\u2606Mona Aster\n|html|<table width=\"100%\"><tr><td align=\"left\">Xeris33</td><td align=\"right\">Mona Aster</tr><tr><td align=\"left\"><i class=\"fa fa-circle-o\"></i> <i class=\"fa fa-circle-o\"></i> </td><td align=\"right\"><i class=\"fa fa-circle-o\"></i> <i class=\"fa fa-circle-o\"></i> </tr></table>\n|uhtml|bestof|<h2><strong>Game 1</strong> of <a href=\"/game-bestof3-gen9vgc2025regibo3-2354422894\">a best-of-3</a></h2>\n|t:|1746069593\n|gametype|doubles\n|player|p1|Xeris33|alec-anime|1033\n|player|p2|Mona Aster|265|1137\n|teamsize|p1|6\n|teamsize|p2|6\n|gen|9\n|tier|[Gen 9] VGC 2025 Reg I (Bo3)\n|rated|\n|rule|Species Clause: Limit one of each Pok\u00e9mon\n|rule|Item Clause: Limit 1 of each item\n|clearpoke\n|poke|p1|Zamazenta-*, L50|\n|poke|p1|Calyrex-Shadow, L50|\n|poke|p1|Incineroar, L50, F|\n|poke|p1|Tornadus, L50, M|\n|poke|p1|Urshifu-*, L50, F|\n|poke|p1|Rillaboom, L50, F|\n|poke|p2|Lunala, L50|\n|poke|p2|Groudon, L50|\n|poke|p2|Incineroar, L50, M|\n|poke|p2|Flutter Mane, L50|\n|poke|p2|Urshifu-*, L50, F|\n|poke|p2|Raging Bolt, L50|\n|teampreview|4\n|showteam|p1|Zamazenta-Crowned||RustedShield|DauntlessShield|BodyPress,behemothbash,WideGuard,Protect||||||50|,,,,,Dragon]Calyrex-Shadow||FocusSash|AsOneSpectrier|AstralBarrage,Psychic,NastyPlot,Protect||||||50|,,,,,Dark]Incineroar||SafetyGoggles|Intimidate|KnockOff,PartingShot,FakeOut,Taunt|||F|||50|,,,,,Ghost]Tornadus||CovertCloak|Prankster|BleakwindStorm,RainDance,Tailwind,Taunt|||M|||50|,,,,,Dark]Urshifu-Rapid-Strike||ChoiceScarf|UnseenFist|SurgingStrikes,CloseCombat,IceSpinner,Uturn|||F|||50|,,,,,Water]Rillaboom||AssaultVest|GrassySurge|WoodHammer,GrassyGlide,FakeOut,Uturn|||F|||50|,,,,,Fire\n|showteam|p2|Lunala||PowerHerb|ShadowShield|TrickRoom,MeteorBeam,WideGuard,MoongeistBeam||||||50|,,,,,Water]Groudon||ClearAmulet|Drought|Protect,PrecipiceBlades,HeatCrash,Substitute||||||50|,,,,,Fire]Incineroar||SafetyGoggles|Intimidate|FlareBlitz,KnockOff,FakeOut,PartingShot|||M|||50|,,,,,Ghost]Flutter Mane||FocusSash|Protosynthesis|Moonblast,Taunt,IcyWind,Protect||||||50|,,,,,Grass]Urshifu||ChoiceScarf|UnseenFist|WickedBlow,CloseCombat,Uturn,IronHead|||F|||50|,,,,,Stellar]Raging Bolt||AssaultVest|Protosynthesis|Electroweb,Thunderclap,WeatherBall,DracoMeteor||||||50|,,,,,Electric\n|inactive|Battle timer is ON: inactive players will automatically lose when time's up. (requested by Mona Aster)\n|\n|t:|1746069638\n|start\n|switch|p1a: Zamazenta|Zamazenta-Crowned, L50|100/100\n|switch|p1b: Tornadus|Tornadus, L50, M|100/100\n|switch|p2a: Raging Bolt|Raging Bolt, L50|100/100\n|switch|p2b: Incineroar|Incineroar, L50, M|100/100\n|-ability|p1a: Zamazenta|Dauntless Shield|boost\n|-boost|p1a: Zamazenta|def|1\n|-ability|p2b: Incineroar|Intimidate|boost\n|-unboost|p1a: Zamazenta|atk|1\n|-unboost|p1b: Tornadus|atk|1\n|turn|1\n|\n|t:|1746069657\n|switch|p1b: Rillaboom|Rillaboom, L50, F|100/100\n|-fieldstart|move: Grassy Terrain|[from] ability: Grassy Surge|[of] p1b: Rillaboom\n|move|p2b: Incineroar|Fake Out|p1a: Zamazenta\n|-resisted|p1a: Zamazenta\n|-damage|p1a: Zamazenta|98/100\n|cant|p1a: Zamazenta|flinch\n|move|p2a: Raging Bolt|Electroweb|p1b: Rillaboom|[spread] p1a,p1b\n|-resisted|p1b: Rillaboom\n|-damage|p1a: Zamazenta|81/100\n|-damage|p1b: Rillaboom|91/100\n|-unboost|p1a: Zamazenta|spe|1\n|-unboost|p1b: Rillaboom|spe|1\n|\n|-heal|p1a: Zamazenta|87/100|[from] Grassy Terrain\n|-heal|p1b: Rillaboom|97/100|[from] Grassy Terrain\n|upkeep\n|turn|2\n|inactive|Mona Aster has 30 seconds left.\n|inactive|Mona Aster has 20 seconds left.\n|\n|t:|1746069697\n|switch|p2b: Groudon|Groudon, L50|100/100\n|-weather|SunnyDay|[from] ability: Drought|[of] p2b: Groudon\n|-activate|p2a: Raging Bolt|ability: Protosynthesis\n|-start|p2a: Raging Bolt|protosynthesisspa\n|move|p1b: Rillaboom|Fake Out|p2a: Raging Bolt\n|-damage|p2a: Raging Bolt|90/100\n|move|p1a: Zamazenta|Body Press|p2b: Groudon\n|-damage|p2b: Groudon|54/100\n|cant|p2a: Raging Bolt|flinch\n|\n|-weather|SunnyDay|[upkeep]\n|-heal|p1a: Zamazenta|93/100|[from] Grassy Terrain\n|-heal|p2b: Groudon|59/100|[from] Grassy Terrain\n|-heal|p2a: Raging Bolt|96/100|[from] Grassy Terrain\n|-heal|p1b: Rillaboom|100/100|[from] Grassy Terrain\n|upkeep\n|turn|3\n|\n|t:|1746069710\n|move|p1a: Zamazenta|Protect|p1a: Zamazenta\n|-singleturn|p1a: Zamazenta|Protect\n|move|p2b: Groudon|Protect|p2b: Groudon\n|-singleturn|p2b: Groudon|Protect\n|move|p1b: Rillaboom|Grassy Glide|p2b: Groudon\n|-activate|p2b: Groudon|move: Protect\n|move|p2a: Raging Bolt|Weather Ball|p1a: Zamazenta\n|-activate|p1a: Zamazenta|move: Protect\n|\n|-weather|SunnyDay|[upkeep]\n|-heal|p2b: Groudon|65/100|[from] Grassy Terrain\n|-heal|p1a: Zamazenta|99/100|[from] Grassy Terrain\n|-heal|p2a: Raging Bolt|100/100|[from] Grassy Terrain\n|upkeep\n|turn|4\n|\n|t:|1746069728\n|switch|p1a: Calyrex|Calyrex-Shadow, L50|100/100\n|-ability|p1a: Calyrex|As One\n|-ability|p1a: Calyrex|Unnerve\n|switch|p2b: Incineroar|Incineroar, L50, M|100/100\n|-ability|p2b: Incineroar|Intimidate|boost\n|-unboost|p1a: Calyrex|atk|1\n|-unboost|p1b: Rillaboom|atk|1\n|move|p1b: Rillaboom|Grassy Glide|p2b: Incineroar\n|-resisted|p2b: Incineroar\n|-damage|p2b: Incineroar|91/100\n|move|p2a: Raging Bolt|Weather Ball|p1a: Calyrex\n|-damage|p1a: Calyrex|38/100\n|\n|-weather|SunnyDay|[upkeep]\n|-heal|p1a: Calyrex|44/100|[from] Grassy Terrain\n|-heal|p2b: Incineroar|97/100|[from] Grassy Terrain\n|upkeep\n|turn|5\n|inactive|Xeris33 has 30 seconds left.\n|inactive|Mona Aster has 30 seconds left.\n|\n|t:|1746069760\n|switch|p1b: Zamazenta|Zamazenta-Crowned, L50|99/100\n|move|p1a: Calyrex|Protect|p1a: Calyrex\n|-singleturn|p1a: Calyrex|Protect\n|move|p2b: Incineroar|Fake Out|p1b: Zamazenta\n|-resisted|p1b: Zamazenta\n|-damage|p1b: Zamazenta|96/100\n|move|p2a: Raging Bolt|Electroweb|p1a: Calyrex|[spread] p1b\n|-activate|p1a: Calyrex|move: Protect\n|-damage|p1b: Zamazenta|74/100\n|-unboost|p1b: Zamazenta|spe|1\n|\n|-weather|SunnyDay|[upkeep]\n|-heal|p1a: Calyrex|50/100|[from] Grassy Terrain\n|-heal|p1b: Zamazenta|80/100|[from] Grassy Terrain\n|-heal|p2b: Incineroar|100/100|[from] Grassy Terrain\n|-fieldend|move: Grassy Terrain\n|upkeep\n|turn|6\n|inactive|Mona Aster has 30 seconds left.\n|\n|t:|1746069794\n|-terastallize|p2b: Incineroar|Ghost\n|move|p2a: Raging Bolt|Thunderclap|p1a: Calyrex\n|-damage|p1a: Calyrex|4/100\n|move|p1a: Calyrex|Astral Barrage|p2a: Raging Bolt|[spread] p2a,p2b\n|-supereffective|p2b: Incineroar\n|-damage|p2a: Raging Bolt|72/100\n|-damage|p2b: Incineroar|12/100\n|move|p1b: Zamazenta|Body Press|p2b: Incineroar\n|-immune|p2b: Incineroar\n|move|p2b: Incineroar|Flare Blitz|p1b: Zamazenta\n|-supereffective|p1b: Zamazenta\n|-damage|p1b: Zamazenta|0 fnt\n|faint|p1b: Zamazenta\n|-damage|p2b: Incineroar|0 fnt|[from] Recoil\n|faint|p2b: Incineroar\n|\n|-weather|none\n|-end|p2a: Raging Bolt|Protosynthesis\n|upkeep\n|\n|t:|1746069814\n|switch|p1b: Rillaboom|Rillaboom, L50, F|100/100\n|switch|p2b: Groudon|Groudon, L50|65/100\n|-fieldstart|move: Grassy Terrain|[from] ability: Grassy Surge|[of] p1b: Rillaboom\n|-weather|SunnyDay|[from] ability: Drought|[of] p2b: Groudon\n|-activate|p2a: Raging Bolt|ability: Protosynthesis\n|-start|p2a: Raging Bolt|protosynthesisspa\n|turn|7\n|\n|t:|1746069830\n|-terastallize|p1b: Rillaboom|Fire\n|move|p1a: Calyrex|Protect|p1a: Calyrex\n|-singleturn|p1a: Calyrex|Protect\n|move|p2b: Groudon|Protect|p2b: Groudon\n|-singleturn|p2b: Groudon|Protect\n|move|p1b: Rillaboom|Wood Hammer|p2b: Groudon\n|-activate|p2b: Groudon|move: Protect\n|move|p2a: Raging Bolt|Electroweb|p1b: Rillaboom|[spread] p1b\n|-activate|p1a: Calyrex|move: Protect\n|-damage|p1b: Rillaboom|77/100\n|-unboost|p1b: Rillaboom|spe|1\n|\n|-weather|SunnyDay|[upkeep]\n|-heal|p1a: Calyrex|10/100|[from] Grassy Terrain\n|-heal|p2b: Groudon|71/100|[from] Grassy Terrain\n|-heal|p2a: Raging Bolt|78/100|[from] Grassy Terrain\n|-heal|p1b: Rillaboom|83/100|[from] Grassy Terrain\n|upkeep\n|turn|8\n|inactive|Mona Aster has 30 seconds left.\n|inactive|Mona Aster has 20 seconds left.\n|inactive|Mona Aster has 15 seconds left.\n|\n|t:|1746069871\n|move|p1b: Rillaboom|Grassy Glide|p2b: Groudon\n|-supereffective|p2b: Groudon\n|-damage|p2b: Groudon|30/100\n|move|p1a: Calyrex|Astral Barrage|p2b: Groudon|[spread] p2a,p2b\n|-damage|p2a: Raging Bolt|50/100\n|-damage|p2b: Groudon|0 fnt\n|faint|p2b: Groudon\n|-ability|p1a: Calyrex|Grim Neigh|boost\n|-boost|p1a: Calyrex|spa|1\n|move|p2a: Raging Bolt|Electroweb|p1a: Calyrex|[spread] p1a,p1b\n|-damage|p1a: Calyrex|0 fnt\n|-damage|p1b: Rillaboom|60/100\n|-unboost|p1b: Rillaboom|spe|1\n|faint|p1a: Calyrex\n|\n|-weather|SunnyDay|[upkeep]\n|-heal|p2a: Raging Bolt|56/100|[from] Grassy Terrain\n|-heal|p1b: Rillaboom|66/100|[from] Grassy Terrain\n|upkeep\n|\n|t:|1746069887\n|switch|p1a: Tornadus|Tornadus, L50, M|100/100\n|switch|p2b: Lunala|Lunala, L50|100/100\n|turn|9\n|\n|t:|1746069900\n|move|p1a: Tornadus|Rain Dance|p1a: Tornadus\n|-weather|RainDance\n|-end|p2a: Raging Bolt|Protosynthesis\n|move|p2b: Lunala|Moongeist Beam|p1a: Tornadus\n|-damage|p1a: Tornadus|34/100\n|move|p2a: Raging Bolt|Electroweb|p1a: Tornadus|[spread] p1b\n|-miss|p2a: Raging Bolt|p1a: Tornadus\n|-damage|p1b: Rillaboom|47/100\n|-unboost|p1b: Rillaboom|spe|1\n|move|p1b: Rillaboom|Wood Hammer|p2a: Raging Bolt\n|-resisted|p2a: Raging Bolt\n|-damage|p2a: Raging Bolt|29/100\n|-damage|p1b: Rillaboom|37/100|[from] Recoil\n|\n|-weather|RainDance|[upkeep]\n|-heal|p2a: Raging Bolt|35/100|[from] Grassy Terrain\n|-heal|p1b: Rillaboom|43/100|[from] Grassy Terrain\n|upkeep\n|turn|10\n|inactive|Mona Aster has 30 seconds left.\n|\n|t:|1746069927\n|move|p2a: Raging Bolt|Thunderclap|p1b: Rillaboom\n|-damage|p1b: Rillaboom|10/100\n|move|p1b: Rillaboom|Grassy Glide|p2a: Raging Bolt\n|-resisted|p2a: Raging Bolt\n|-damage|p2a: Raging Bolt|20/100\n|move|p1a: Tornadus|Bleakwind Storm|p2a: Raging Bolt|[spread] p2a,p2b\n|-resisted|p2a: Raging Bolt\n|-damage|p2a: Raging Bolt|11/100\n|-damage|p2b: Lunala|88/100\n|move|p2b: Lunala|Meteor Beam||[still]\n|-prepare|p2b: Lunala|Meteor Beam\n|-boost|p2b: Lunala|spa|1\n|-enditem|p2b: Lunala|Power Herb\n|-anim|p2b: Lunala|Meteor Beam|p1a: Tornadus\n|-supereffective|p1a: Tornadus\n|-damage|p1a: Tornadus|0 fnt\n|faint|p1a: Tornadus\n|\n|-weather|RainDance|[upkeep]\n|-heal|p2b: Lunala|94/100|[from] Grassy Terrain\n|-heal|p2a: Raging Bolt|17/100|[from] Grassy Terrain\n|-heal|p1b: Rillaboom|17/100|[from] Grassy Terrain\n|upkeep\n|turn|11\n|\n|t:|1746069949\n|move|p2a: Raging Bolt|Thunderclap|p1b: Rillaboom\n|-damage|p1b: Rillaboom|0 fnt\n|faint|p1b: Rillaboom\n|\n|win|Mona Aster\n||Xeris33 is ready for game 2.\n|inactive|Mona Aster has 30 seconds to confirm battle start!\n||Mona Aster is ready for game 2.\n|uhtml|next|Next: <a href=\"/battle-gen9vgc2025regibo3-2354425685\"><strong>Game 2 of 3</strong></a>\n", "uploadtime": 1746069994, "views": 12, "formatid": "gen9vgc2025regibo3", "rating": null, "private": 0, "password": null}