{"id": "gen9vgc2025regibo3-2354598584", "format": "[Gen 9] VGC 2025 Reg I (Bo3)", "players": ["Ytterby", "wibe guarb"], "log": "|j|\u2606Ytterby\n|j|\u2606wibe guarb\n|html|<table width=\"100%\"><tr><td align=\"left\">Ytterby</td><td align=\"right\">wibe guarb</tr><tr><td align=\"left\"><i class=\"fa fa-circle-o\"></i> <i class=\"fa fa-circle-o\"></i> </td><td align=\"right\"><i class=\"fa fa-circle-o\"></i> <i class=\"fa fa-circle-o\"></i> </tr></table>\n|uhtml|bestof|<h2><strong>Game 1</strong> of <a href=\"/game-bestof3-gen9vgc2025regibo3-2354598583\">a best-of-3</a></h2>\n|t:|1746100865\n|gametype|doubles\n|player|p1|Ytterby|brycenman|\n|player|p2|wibe guarb|ninjaboy|\n|teamsize|p1|6\n|teamsize|p2|6\n|gen|9\n|tier|[Gen 9] VGC 2025 Reg I (Bo3)\n|rule|Species Clause: Limit one of each Pok\u00e9mon\n|rule|Item Clause: Limit 1 of each item\n|clearpoke\n|poke|p1|Dragonite, L50, F|\n|poke|p1|Iron Valiant, L50|\n|poke|p1|Miraidon, L50|\n|poke|p1|Grimmsnarl, L50, M|\n|poke|p1|Giratina, L50|\n|poke|p1|Weezing, L50, F|\n|poke|p2|Basculegion, L50, M|\n|poke|p2|Kyogre, L50|\n|poke|p2|Weezing-Galar, L50, F|\n|poke|p2|Dialga-Origin, L50|\n|poke|p2|Wo-Chien, L50|\n|poke|p2|Indeedee-F, L50, F|\n|teampreview|4\n|showteam|p1|Dragonite||ChoiceBand|InnerFocus|ExtremeSpeed,BreakingSwipe,Outrage,StompingTantrum|||F|||50|,,,,,Normal]Iron Valiant||FocusSash|QuarkDrive|WideGuard,Coaching,Protect,SpiritBreak||||||50|,,,,,Ghost]Miraidon||AssaultVest|HadronEngine|ElectroDrift,ParabolicCharge,DracoMeteor,VoltSwitch||||||50|,,,,,Electric]Grimmsnarl||LightClay|Prankster|ScaryFace,SpiritBreak,LightScreen,Reflect|||M|||50|,,,,,Ghost]Giratina||Leftovers|Pressure|Protect,ShadowForce,ShadowSneak,WillOWisp||||||50|,,,,,Fairy]Weezing||SitrusBerry|NeutralizingGas|Protect,Haze,SludgeBomb,Taunt|||F|||50|,,,,,Fire\n|showteam|p2|Basculegion||ChoiceBand|SwiftSwim|WaveCrash,LastRespects,FlipTurn,AquaJet|||M|||50|,,,,,Grass]Kyogre||AssaultVest|Drizzle|WaterSpout,HydroPump,IceBeam,Thunder||||||50|,,,,,Grass]Weezing-Galar||CovertCloak|NeutralizingGas|StrangeSteam,WillOWisp,Taunt,Protect|||F|||50|,,,,,Grass]Dialga-Origin||AdamantCrystal|Pressure|DragonPulse,FlashCannon,TrickRoom,Protect||||||50|,,,,,Bug]Wo-Chien||Leftovers|TabletsofRuin|KnockOff,PollenPuff,LeechSeed,Protect||||||50|,,,,,Poison]Indeedee-F||SafetyGoggles|PsychicSurge|FollowMe,TrickRoom,HealPulse,Psychic|||F|||50|,,,,,Dragon\n|\n|t:|1746101086\n|start\n|switch|p1a: OG|Dragonite, L50, F|100/100\n|switch|p1b: Uranus|Iron Valiant, L50|100/100\n|switch|p2a: Wo-Chien|Wo-Chien, L50|100/100\n|switch|p2b: Dialga|Dialga-Origin, L50|100/100\n|-ability|p2b: Dialga|Pressure\n|-ability|p2a: Wo-Chien|Tablets of Ruin\n|turn|1\n|\n|t:|1746101107\n|move|p1b: Uranus|Coaching|p1a: OG\n|-boost|p1a: OG|atk|1\n|-boost|p1a: OG|def|1\n|move|p1a: OG|Outrage|p2b: Dialga\n|-damage|p2b: Dialga|17/100\n|move|p2a: Wo-Chien|Knock Off|p1a: OG\n|-damage|p1a: OG|82/100\n|-enditem|p1a: OG|Choice Band|[from] move: Knock Off|[of] p2a: Wo-Chien\n|move|p2b: Dialga|Trick Room|p2b: Dialga\n|-fieldstart|move: Trick Room|[of] p2b: Dialga\n|\n|upkeep\n|turn|2\n|\n|t:|1746101162\n|move|p2a: Wo-Chien|Pollen Puff|p2b: Dialga\n|-heal|p2b: Dialga|67/100\n|move|p2b: Dialga|Dragon Pulse|p1a: OG\n|-supereffective|p1a: OG\n|-damage|p1a: OG|0 fnt\n|faint|p1a: OG\n|move|p1b: Uranus|Spirit Break|p2b: Dialga\n|-damage|p2b: Dialga|46/100\n|-unboost|p2b: Dialga|spa|1\n|\n|upkeep\n|\n|t:|1746101173\n|switch|p1a: jerry tina|Giratina, L50, shiny|100/100\n|-ability|p1a: jerry tina|Pressure\n|turn|3\n|\n|t:|1746101188\n|move|p1a: jerry tina|Protect|p1a: jerry tina\n|-singleturn|p1a: jerry tina|Protect\n|move|p2a: Wo-Chien|Leech Seed|p1a: jerry tina\n|-activate|p1a: jerry tina|move: Protect\n|move|p2b: Dialga|Flash Cannon|p1b: Uranus\n|-supereffective|p1b: Uranus\n|-crit|p1b: Uranus\n|-enditem|p1b: Uranus|Focus Sash\n|-damage|p1b: Uranus|1/100\n|move|p1b: Uranus|Coaching|p1a: jerry tina\n|-boost|p1a: jerry tina|atk|1\n|-boost|p1a: jerry tina|def|1\n|\n|upkeep\n|turn|4\n|\n|t:|1746101268\n|move|p2a: Wo-Chien|Leech Seed|p1a: jerry tina\n|-start|p1a: jerry tina|move: Leech Seed\n|move|p2b: Dialga|Flash Cannon|p1b: Uranus\n|-supereffective|p1b: Uranus\n|-damage|p1b: Uranus|0 fnt\n|faint|p1b: Uranus\n|-end|p1b: Uranus|Quark Drive|[silent]\n|move|p1a: jerry tina|Will-O-Wisp|p2a: Wo-Chien\n|-status|p2a: Wo-Chien|brn\n|\n|-damage|p1a: jerry tina|88/100|[from] Leech Seed|[of] p2a: Wo-Chien\n|-damage|p2a: Wo-Chien|95/100 brn|[from] brn\n|upkeep\n|\n|t:|1746101274\n|switch|p1b: Dragon Booster|Miraidon, L50|100/100\n|-fieldstart|move: Electric Terrain|[from] ability: Hadron Engine|[of] p1b: Dragon Booster\n|turn|5\n|\n|t:|1746101323\n|-terastallize|p1a: jerry tina|Fairy\n|move|p2a: Wo-Chien|Knock Off|p1b: Dragon Booster\n|-damage|p1b: Dragon Booster|89/100\n|-enditem|p1b: Dragon Booster|Assault Vest|[from] move: Knock Off|[of] p2a: Wo-Chien\n|move|p2b: Dialga|Dragon Pulse|p1b: Dragon Booster\n|-supereffective|p1b: Dragon Booster\n|-damage|p1b: Dragon Booster|25/100\n|move|p1a: jerry tina|Shadow Force||[still]\n|-prepare|p1a: jerry tina|Shadow Force\n|move|p1b: Dragon Booster|Parabolic Charge|p2b: Dialga|[spread] p2a,p2b\n|-miss|p1b: Dragon Booster|p1a: jerry tina\n|-resisted|p2a: Wo-Chien\n|-crit|p2a: Wo-Chien\n|-resisted|p2b: Dialga\n|-damage|p2a: Wo-Chien|74/100 brn\n|-heal|p1b: Dragon Booster|35/100|[from] drain|[of] p2a: Wo-Chien\n|-damage|p2b: Dialga|28/100\n|-heal|p1b: Dragon Booster|45/100|[from] drain|[of] p2b: Dialga\n|\n|-heal|p2a: Wo-Chien|80/100 brn|[from] item: Leftovers\n|-heal|p1a: jerry tina|94/100|[from] item: Leftovers\n|-damage|p1a: jerry tina|82/100|[from] Leech Seed|[of] p2a: Wo-Chien\n|-heal|p2a: Wo-Chien|97/100 brn|[silent]\n|-damage|p2a: Wo-Chien|91/100 brn|[from] brn\n|-fieldend|move: Trick Room\n|upkeep\n|turn|6\n|\n|t:|1746101390\n|switch|p2b: Indeedee|Indeedee-F, L50, F|100/100\n|-fieldstart|move: Psychic Terrain|[from] ability: Psychic Surge|[of] p2b: Indeedee\n|move|p1b: Dragon Booster|Parabolic Charge|p2a: Wo-Chien|[spread] p2a,p2b\n|-miss|p1b: Dragon Booster|p1a: jerry tina\n|-resisted|p2a: Wo-Chien\n|-damage|p2a: Wo-Chien|83/100 brn\n|-heal|p1b: Dragon Booster|49/100|[from] drain|[of] p2a: Wo-Chien\n|-damage|p2b: Indeedee|82/100\n|-heal|p1b: Dragon Booster|57/100|[from] drain|[of] p2b: Indeedee\n|move|p1a: jerry tina|Shadow Force|p2b: Indeedee|[from] lockedmove\n|-immune|p2b: Indeedee\n|move|p2a: Wo-Chien|Leech Seed|p1b: Dragon Booster\n|-start|p1b: Dragon Booster|move: Leech Seed\n|\n|-heal|p1a: jerry tina|88/100|[from] item: Leftovers\n|-heal|p2a: Wo-Chien|89/100 brn|[from] item: Leftovers\n|-damage|p1b: Dragon Booster|45/100|[from] Leech Seed|[of] p2a: Wo-Chien\n|-heal|p2a: Wo-Chien|100/100 brn|[silent]\n|-damage|p1a: jerry tina|76/100|[from] Leech Seed|[of] p2a: Wo-Chien\n|-damage|p2a: Wo-Chien|95/100 brn|[from] brn\n|upkeep\n|turn|7\n|\n|t:|1746101422\n|move|p1b: Dragon Booster|Electro Drift|p2b: Indeedee\n|-damage|p2b: Indeedee|43/100\n|move|p1a: jerry tina|Shadow Force||[still]\n|-prepare|p1a: jerry tina|Shadow Force\n|move|p2a: Wo-Chien|Knock Off|p1a: jerry tina|[miss]\n|-miss|p2a: Wo-Chien|p1a: jerry tina\n|move|p2b: Indeedee|Psychic|p1b: Dragon Booster\n|-damage|p1b: Dragon Booster|11/100\n|\n|-heal|p1a: jerry tina|82/100|[from] item: Leftovers\n|-heal|p2a: Wo-Chien|100/100 brn|[from] item: Leftovers\n|-damage|p1b: Dragon Booster|0 fnt|[from] Leech Seed|[of] p2a: Wo-Chien\n|faint|p1b: Dragon Booster\n|-damage|p1a: jerry tina|69/100|[from] Leech Seed|[of] p2a: Wo-Chien\n|-damage|p2a: Wo-Chien|95/100 brn|[from] brn\n|upkeep\n|turn|8\n|\n|t:|1746101438\n|move|p2b: Indeedee|Follow Me|p2b: Indeedee\n|-singleturn|p2b: Indeedee|move: Follow Me\n|move|p1a: jerry tina|Shadow Force|p2b: Indeedee|[from] lockedmove\n|-immune|p2b: Indeedee\n|move|p2a: Wo-Chien|Knock Off|p1a: jerry tina\n|-resisted|p1a: jerry tina\n|-damage|p1a: jerry tina|67/100\n|-enditem|p1a: jerry tina|Leftovers|[from] move: Knock Off|[of] p2a: Wo-Chien\n|\n|-heal|p2a: Wo-Chien|100/100 brn|[from] item: Leftovers\n|-damage|p1a: jerry tina|54/100|[from] Leech Seed|[of] p2a: Wo-Chien\n|-damage|p2a: Wo-Chien|95/100 brn|[from] brn\n|upkeep\n|turn|9\n|\n|t:|1746101452\n|move|p1a: jerry tina|Will-O-Wisp|p2b: Indeedee\n|-status|p2b: Indeedee|brn\n|move|p2b: Indeedee|Psychic|p1a: jerry tina\n|-damage|p1a: jerry tina|34/100\n|move|p2a: Wo-Chien|Pollen Puff|p2b: Indeedee\n|-heal|p2b: Indeedee|93/100 brn\n|\n|-heal|p2a: Wo-Chien|100/100 brn|[from] item: Leftovers\n|-damage|p1a: jerry tina|22/100|[from] Leech Seed|[of] p2a: Wo-Chien\n|-damage|p2a: Wo-Chien|95/100 brn|[from] brn\n|-damage|p2b: Indeedee|86/100 brn|[from] brn\n|upkeep\n|turn|10\n|\n|t:|1746101473\n|move|p1a: jerry tina|Protect|p1a: jerry tina\n|-singleturn|p1a: jerry tina|Protect\n|move|p2b: Indeedee|Psychic|p1a: jerry tina\n|-activate|p1a: jerry tina|move: Protect\n|move|p2a: Wo-Chien|Knock Off|p1a: jerry tina\n|-activate|p1a: jerry tina|move: Protect\n|\n|-heal|p2a: Wo-Chien|100/100 brn|[from] item: Leftovers\n|-damage|p1a: jerry tina|9/100|[from] Leech Seed|[of] p2a: Wo-Chien\n|-damage|p2b: Indeedee|80/100 brn|[from] brn\n|-damage|p2a: Wo-Chien|95/100 brn|[from] brn\n|-fieldend|move: Psychic Terrain\n|upkeep\n|turn|11\n|\n|t:|1746101480\n|move|p2b: Indeedee|Follow Me|p2b: Indeedee\n|-singleturn|p2b: Indeedee|move: Follow Me\n|move|p1a: jerry tina|Shadow Sneak|p2b: Indeedee\n|-immune|p2b: Indeedee\n|move|p2a: Wo-Chien|Knock Off|p1a: jerry tina\n|-resisted|p1a: jerry tina\n|-damage|p1a: jerry tina|8/100\n|\n|-heal|p2a: Wo-Chien|100/100 brn|[from] item: Leftovers\n|-damage|p1a: jerry tina|0 fnt|[from] Leech Seed|[of] p2a: Wo-Chien\n|faint|p1a: jerry tina\n|\n|win|wibe guarb\n||Ytterby is ready for game 2.\n|inactive|wibe guarb has 30 seconds to confirm battle start!\n||wibe guarb is ready for game 2.\n|uhtml|next|Next: <a href=\"/battle-gen9vgc2025regibo3-2354602996\"><strong>Game 2 of 3</strong></a>\n|l|\u2606wibe guarb\n|player|p2|\n", "uploadtime": 1746101490, "views": 7, "formatid": "gen9vgc2025regibo3", "rating": null, "private": 0, "password": null}