{"id": "gen9vgc2025regibo3-2354989463", "format": "[Gen 9] VGC 2025 Reg I (Bo3)", "players": ["beringvgc", "tobiasderraecher"], "log": "|j|\u2606beringvgc\n|j|\u2606tobiasderraecher\n|html|<table width=\"100%\"><tr><td align=\"left\">beringvgc</td><td align=\"right\">tobiasderraecher</tr><tr><td align=\"left\"><i class=\"fa fa-circle\"></i> <i class=\"fa fa-circle-o\"></i> </td><td align=\"right\"><i class=\"fa fa-circle-o\"></i> <i class=\"fa fa-circle\"></i> </tr></table>\n|uhtml|bestof|<h2><strong>Game 3</strong> of <a href=\"/game-bestof3-gen9vgc2025regibo3-2354983961\">a best-of-3</a></h2>\n|t:|1746139231\n|gametype|doubles\n|player|p1|beringvgc|1|1264\n|player|p2|tobiasderraecher|cyclist-gen4|1296\n|teamsize|p1|6\n|teamsize|p2|6\n|gen|9\n|tier|[Gen 9] VGC 2025 Reg I (Bo3)\n|rated|\n|rule|Species Clause: Limit one of each Pok\u00e9mon\n|rule|Item Clause: Limit 1 of each item\n|clearpoke\n|poke|p1|Koraidon, L50|\n|poke|p1|Brute Bonnet, L50|\n|poke|p1|Indeedee-F, L50, F|\n|poke|p1|Lunala, L50|\n|poke|p1|Whimsicott, L50, M|\n|poke|p1|Raging Bolt, L50|\n|poke|p2|Terapagos, L50, M|\n|poke|p2|Ho-Oh, L50|\n|poke|p2|Urshifu-*, L50, F|\n|poke|p2|Rillaboom, L50, M|\n|poke|p2|Toxapex, L50, F|\n|poke|p2|Flutter Mane, L50|\n|teampreview|4\n|showteam|p1|Koraidon||ClearAmulet|OrichalcumPulse|FlareBlitz,CollisionCourse,FlameCharge,Protect||||||50|,,,,,Fire]Brute Bonnet||RockyHelmet|Protosynthesis|RagePowder,SeedBomb,Spore,SuckerPunch||||||50|,,,,,Water]Indeedee-F||SafetyGoggles|PsychicSurge|FollowMe,TrickRoom,Psychic,HelpingHand|||F|||50|,,,,,Fairy]Lunala||PowerHerb|ShadowShield|MeteorBeam,MoongeistBeam,ExpandingForce,WideGuard||||||50|,,,,,Fairy]Whimsicott||CovertCloak|Prankster|Encore,SunnyDay,Moonblast,Tailwind|||M|||50|,,,,,Dark]Raging Bolt||AssaultVest|Protosynthesis|Thunderbolt,DracoMeteor,Thunderclap,Snarl||||||50|,,,,,Fairy\n|showteam|p2|Terapagos||Leftovers|TeraShift|TeraStarstorm,EarthPower,CalmMind,Protect|||M|||50|,,,,,Stellar]Ho-Oh||SitrusBerry|Regenerator|SacredFire,BraveBird,Tailwind,Protect||||||50|,,,,,Grass]Urshifu||FocusSash|UnseenFist|WickedBlow,CloseCombat,SuckerPunch,Detect|||F|||50|,,,,,Ghost]Rillaboom||AssaultVest|GrassySurge|GrassyGlide,WoodHammer,HighHorsepower,FakeOut|||M|||50|,,,,,Fire]Toxapex||MentalHerb|Regenerator|Infestation,ToxicSpikes,WideGuard,BanefulBunker|||F|||50|,,,,,Poison]Flutter Mane||BoosterEnergy|Protosynthesis|Moonblast,IcyWind,ThunderWave,Protect||||||50|,,,,,Normal\n|inactive|Battle timer is ON: inactive players will automatically lose when time's up. (requested by beringvgc)\n|\n|t:|1746139263\n|start\n|switch|p1a: Koraidon|Koraidon, L50|100/100\n|switch|p1b: Indeedee|Indeedee-F, L50, F|100/100\n|switch|p2a: Toxapex|Toxapex, L50, F|100/100\n|switch|p2b: Ho-Oh|Ho-Oh, L50|100/100\n|-weather|SunnyDay|[from] ability: Orichalcum Pulse|[of] p1a: Koraidon\n|-activate|p1a: Koraidon|Orichalcum Pulse|[source]\n|-fieldstart|move: Psychic Terrain|[from] ability: Psychic Surge|[of] p1b: Indeedee\n|turn|1\n|inactive|beringvgc has 30 seconds left.\n|inactive|beringvgc has 20 seconds left.\n|\n|t:|1746139300\n|move|p1b: Indeedee|Follow Me|p1b: Indeedee\n|-singleturn|p1b: Indeedee|move: Follow Me\n|move|p1a: Koraidon|Collision Course|p2b: Ho-Oh\n|-resisted|p2b: Ho-Oh\n|-damage|p2b: Ho-Oh|71/100\n|move|p2b: Ho-Oh|Brave Bird|p1b: Indeedee\n|-damage|p1b: Indeedee|41/100\n|-damage|p2b: Ho-Oh|54/100|[from] Recoil\n|move|p2a: Toxapex|Toxic Spikes|p1b: Indeedee\n|-sidestart|p1: beringvgc|move: Toxic Spikes\n|\n|-weather|SunnyDay|[upkeep]\n|upkeep\n|turn|2\n|inactive|tobiasderraecher has 30 seconds left.\n|\n|t:|1746139328\n|-terastallize|p1a: Koraidon|Fire\n|move|p1b: Indeedee|Helping Hand|p1a: Koraidon\n|-singleturn|p1a: Koraidon|Helping Hand|[of] p1b: Indeedee\n|move|p2b: Ho-Oh|Protect|p2b: Ho-Oh\n|-singleturn|p2b: Ho-Oh|Protect\n|move|p1a: Koraidon|Flare Blitz|p2b: Ho-Oh\n|-activate|p2b: Ho-Oh|move: Protect\n|move|p2a: Toxapex|Toxic Spikes|p1b: Indeedee\n|-sidestart|p1: beringvgc|move: Toxic Spikes\n|\n|-weather|SunnyDay|[upkeep]\n|upkeep\n|turn|3\n|inactive|tobiasderraecher has 30 seconds left.\n|\n|t:|1746139355\n|switch|p2b: Terapagos|Terapagos, L50, M|100/100\n|-activate|p2b: Terapagos|ability: Tera Shift\n|detailschange|p2b: Terapagos|Terapagos-Terastal, L50, M\n|-heal|p2b: Terapagos|100/100|[silent]\n|move|p1b: Indeedee|Helping Hand|p1a: Koraidon\n|-singleturn|p1a: Koraidon|Helping Hand|[of] p1b: Indeedee\n|move|p1a: Koraidon|Flare Blitz|p2b: Terapagos\n|-activate|p2b: Terapagos|ability: Tera Shell\n|-resisted|p2b: Terapagos\n|-damage|p2b: Terapagos|26/100\n|-damage|p1a: Koraidon|74/100|[from] Recoil\n|move|p2a: Toxapex|Infestation|p1b: Indeedee\n|-supereffective|p1b: Indeedee\n|-damage|p1b: Indeedee|36/100\n|-activate|p1b: Indeedee|move: Infestation|[of] p2a: Toxapex\n|\n|-weather|SunnyDay|[upkeep]\n|-heal|p2b: Terapagos|32/100|[from] item: Leftovers\n|-damage|p1b: Indeedee|23/100|[from] move: Infestation|[partiallytrapped]\n|upkeep\n|turn|4\n|\n|t:|1746139376\n|move|p2b: Terapagos|Protect|p2b: Terapagos\n|-singleturn|p2b: Terapagos|Protect\n|move|p1a: Koraidon|Collision Course|p2b: Terapagos\n|-activate|p2b: Terapagos|move: Protect\n|move|p1b: Indeedee|Psychic|p2a: Toxapex\n|-supereffective|p2a: Toxapex\n|-damage|p2a: Toxapex|36/100\n|move|p2a: Toxapex|Infestation|p1a: Koraidon\n|-resisted|p1a: Koraidon\n|-damage|p1a: Koraidon|72/100\n|-activate|p1a: Koraidon|move: Infestation|[of] p2a: Toxapex\n|\n|-weather|SunnyDay|[upkeep]\n|-heal|p2b: Terapagos|39/100|[from] item: Leftovers\n|-damage|p1a: Koraidon|60/100|[from] move: Infestation|[partiallytrapped]\n|-damage|p1b: Indeedee|11/100|[from] move: Infestation|[partiallytrapped]\n|upkeep\n|turn|5\n|inactive|beringvgc has 30 seconds left.\n|\n|t:|1746139411\n|move|p1b: Indeedee|Helping Hand|p1a: Koraidon\n|-singleturn|p1a: Koraidon|Helping Hand|[of] p1b: Indeedee\n|move|p2a: Toxapex|Baneful Bunker|p2a: Toxapex\n|-singleturn|p2a: Toxapex|move: Protect\n|move|p1a: Koraidon|Flare Blitz|p2b: Terapagos\n|-crit|p2b: Terapagos\n|-damage|p2b: Terapagos|0 fnt\n|faint|p2b: Terapagos\n|-damage|p1a: Koraidon|46/100|[from] Recoil\n|\n|-weather|none\n|-damage|p1a: Koraidon|33/100|[from] move: Infestation|[partiallytrapped]\n|-damage|p1b: Indeedee|0 fnt|[from] move: Infestation|[partiallytrapped]\n|faint|p1b: Indeedee\n|-fieldend|move: Psychic Terrain\n|upkeep\n|\n|t:|1746139425\n|switch|p2b: Urshifu|Urshifu, L50, F|100/100\n|switch|p1b: Lunala|Lunala, L50|100/100\n|-status|p1b: Lunala|tox\n|turn|6\n|\n|t:|1746139451\n|move|p2b: Urshifu|Detect|p2b: Urshifu\n|-singleturn|p2b: Urshifu|Protect\n|move|p1a: Koraidon|Collision Course|p2b: Urshifu\n|-activate|p2b: Urshifu|move: Protect\n|move|p1b: Lunala|Meteor Beam||[still]\n|-prepare|p1b: Lunala|Meteor Beam\n|-boost|p1b: Lunala|spa|1\n|-enditem|p1b: Lunala|Power Herb\n|-anim|p1b: Lunala|Meteor Beam|p2b: Urshifu\n|-activate|p2b: Urshifu|move: Protect\n|move|p2a: Toxapex|Infestation|p1b: Lunala\n|-damage|p1b: Lunala|99/100 tox\n|-activate|p1b: Lunala|move: Infestation|[of] p2a: Toxapex\n|\n|-damage|p1b: Lunala|93/100 tox|[from] psn\n|-damage|p1a: Koraidon|21/100|[from] move: Infestation|[partiallytrapped]\n|-damage|p1b: Lunala|81/100 tox|[from] move: Infestation|[partiallytrapped]\n|upkeep\n|turn|7\n|\n|t:|1746139469\n|move|p2a: Toxapex|Baneful Bunker|p2a: Toxapex\n|-singleturn|p2a: Toxapex|move: Protect\n|move|p2b: Urshifu|Sucker Punch|p1a: Koraidon\n|-damage|p1a: Koraidon|0 fnt\n|faint|p1a: Koraidon\n|move|p1b: Lunala|Moongeist Beam|p2b: Urshifu\n|-resisted|p2b: Urshifu\n|-damage|p2b: Urshifu|30/100\n|\n|-damage|p1b: Lunala|68/100 tox|[from] psn\n|-damage|p1b: Lunala|56/100 tox|[from] move: Infestation|[partiallytrapped]\n|upkeep\n|\n|t:|1746139479\n|switch|p1a: Raging Bolt|Raging Bolt, L50|100/100\n|-status|p1a: Raging Bolt|tox\n|turn|8\n|\n|t:|1746139497\n|switch|p2b: Ho-Oh|Ho-Oh, L50|88/100\n|move|p1b: Lunala|Wide Guard|p1b: Lunala\n|-singleturn|p1b: Lunala|Wide Guard\n|move|p1a: Raging Bolt|Thunderbolt|p2b: Ho-Oh\n|-supereffective|p2b: Ho-Oh\n|-damage|p2b: Ho-Oh|25/100\n|-enditem|p2b: Ho-Oh|Sitrus Berry|[eat]\n|-heal|p2b: Ho-Oh|50/100|[from] item: Sitrus Berry\n|move|p2a: Toxapex|Infestation|p1a: Raging Bolt\n|-crit|p1a: Raging Bolt\n|-damage|p1a: Raging Bolt|98/100 tox\n|-activate|p1a: Raging Bolt|move: Infestation|[of] p2a: Toxapex\n|\n|-damage|p1b: Lunala|37/100 tox|[from] psn\n|-damage|p1a: Raging Bolt|92/100 tox|[from] psn\n|-damage|p1b: Lunala|25/100 tox|[from] move: Infestation|[partiallytrapped]\n|-damage|p1a: Raging Bolt|79/100 tox|[from] move: Infestation|[partiallytrapped]\n|upkeep\n|turn|9\n|inactive|tobiasderraecher has 30 seconds left.\n|\n|t:|1746139532\n|move|p2b: Ho-Oh|Protect|p2b: Ho-Oh\n|-singleturn|p2b: Ho-Oh|Protect\n|move|p2a: Toxapex|Baneful Bunker|p2a: Toxapex\n|-singleturn|p2a: Toxapex|move: Protect\n|move|p1b: Lunala|Moongeist Beam|p2a: Toxapex\n|-activate|p2a: Toxapex|move: Protect\n|move|p1a: Raging Bolt|Thunderbolt|p2b: Ho-Oh\n|-activate|p2b: Ho-Oh|move: Protect\n|\n|-damage|p1b: Lunala|0 fnt|[from] psn\n|faint|p1b: Lunala\n|-damage|p1a: Raging Bolt|67/100 tox|[from] psn\n|-damage|p1a: Raging Bolt|55/100 tox|[from] move: Infestation|[partiallytrapped]\n|upkeep\n|turn|10\n|j| pkmn james hunt\n|\n|t:|1746139555\n|switch|p2a: Urshifu|Urshifu, L50, F|30/100\n|-terastallize|p2b: Ho-Oh|Grass\n|move|p2b: Ho-Oh|Sacred Fire|p1a: Raging Bolt\n|-resisted|p1a: Raging Bolt\n|-damage|p1a: Raging Bolt|35/100 tox\n|move|p1a: Raging Bolt|Thunderbolt|p2b: Ho-Oh\n|-resisted|p2b: Ho-Oh\n|-damage|p2b: Ho-Oh|36/100\n|\n|-damage|p1a: Raging Bolt|17/100 tox|[from] psn\n|-end|p1a: Raging Bolt|Infestation|[partiallytrapped]|[silent]\n|upkeep\n|turn|11\n|inactive|beringvgc has 30 seconds left.\n|l| pkmn james hunt\n|\n|t:|1746139585\n|move|p2a: Urshifu|Sucker Punch|p1a: Raging Bolt\n|-damage|p1a: Raging Bolt|0 fnt\n|faint|p1a: Raging Bolt\n|-end|p1a: Raging Bolt|Protosynthesis|[silent]\n|\n|win|tobiasderraecher\n|raw|beringvgc's rating: 1264 &rarr; <strong>1241</strong><br />(-23 for losing)\n|raw|tobiasderraecher's rating: 1296 &rarr; <strong>1319</strong><br />(+23 for winning)\n|l|\u2606beringvgc\n|player|p1|\n", "uploadtime": 1746139621, "views": 5, "formatid": "gen9vgc2025regibo3", "rating": 1241, "private": 0, "password": null}