{"id": "gen9vgc2025regibo3-2353425470", "format": "[Gen 9] VGC 2025 Reg I (Bo3)", "players": ["8bitbidoof", "Fayzginger"], "log": "|j|\u26068bitbidoof\n|j|\u2606Fayzginger\n|html|<table width=\"100%\"><tr><td align=\"left\">8bitbidoof</td><td align=\"right\">Fayzginger</tr><tr><td align=\"left\"><i class=\"fa fa-circle\"></i> <i class=\"fa fa-circle-o\"></i> </td><td align=\"right\"><i class=\"fa fa-circle-o\"></i> <i class=\"fa fa-circle-o\"></i> </tr></table>\n|uhtml|bestof|<h2><strong>Game 2</strong> of <a href=\"/game-bestof3-gen9vgc2025regibo3-2353421850\">a best-of-3</a></h2>\n|t:|1745954841\n|gametype|doubles\n|player|p1|8bitbidoof|102|1140\n|player|p2|Fayzginger|265|1241\n|teamsize|p1|6\n|teamsize|p2|6\n|gen|9\n|tier|[Gen 9] VGC 2025 Reg I (Bo3)\n|rated|\n|rule|Species Clause: Limit one of each Pok\u00e9mon\n|rule|Item Clause: Limit 1 of each item\n|clearpoke\n|poke|p1|Koraidon, L50|\n|poke|p1|Flutter Mane, L50|\n|poke|p1|Brute Bonnet, L50|\n|poke|p1|Chi-Yu, L50|\n|poke|p1|Lunala, L50|\n|poke|p1|Ursaluna, L50, F|\n|poke|p2|Zacian-*, L50|\n|poke|p2|Kyogre, L50|\n|poke|p2|Tornadus, L50, M|\n|poke|p2|Landorus, L50, M|\n|poke|p2|Rillaboom, L50, F|\n|poke|p2|Urshifu-*, L50, M|\n|teampreview|4\n|showteam|p1|Koraidon||ClearAmulet|OrichalcumPulse|FlareBlitz,CollisionCourse,FlameCharge,Protect||||||50|,,,,,Fire]Flutter Mane||FocusSash|Protosynthesis|Moonblast,ShadowBall,IcyWind,Protect||||||50|,,,,,Normal]Brute Bonnet||CovertCloak|Protosynthesis|SeedBomb,SuckerPunch,Spore,RagePowder||||||50|,,,,,Water]Chi-Yu||ChoiceScarf|BeadsofRuin|HeatWave,DarkPulse,Overheat,Snarl||||||50|,,,,,Ghost]Lunala||PowerHerb|ShadowShield|MoongeistBeam,MeteorBeam,WideGuard,TrickRoom||||||50|,,,,,Normal]Ursaluna||FlameOrb|Guts|Facade,HeadlongRush,Earthquake,Protect|||F|||50|,,,,,Water\n|showteam|p2|Zacian-Crowned||RustedSword|IntrepidSword|Protect,behemothblade,PlayRough,SacredSword||||||50|,,,,,Ground]Kyogre||MysticWater|Drizzle|Protect,WaterSpout,OriginPulse,IceBeam||||||50|,,,,,Grass]Tornadus||CovertCloak|Prankster|BleakwindStorm,RainDance,Tailwind,Taunt|||M|||50|,,,,,Dark]Landorus||LifeOrb|SheerForce|Protect,SandsearStorm,EarthPower,SludgeBomb|||M|||50|,,,,,Water]Rillaboom||AssaultVest|GrassySurge|FakeOut,GrassyGlide,WoodHammer,Uturn|||F|||50|,,,,,Fire]Urshifu-Rapid-Strike||FocusSash|UnseenFist|Detect,SurgingStrikes,CloseCombat,AquaJet|||M|||50|,,,,,Stellar\n|inactive|Battle timer is ON: inactive players will automatically lose when time's up. (requested by 8bitbidoof)\n|inactive|8bitbidoof has 60 seconds left.\n|\n|t:|1745954891\n|start\n|switch|p1a: Lunala|Lunala, L50|100/100\n|switch|p1b: Brute Bonnet|Brute Bonnet, L50|100/100\n|switch|p2a: The Nether|Kyogre, L50|100/100\n|switch|p2b: Flint|Tornadus, L50, M|100/100\n|-weather|RainDance|[from] ability: Drizzle|[of] p2a: The Nether\n|turn|1\n|\n|t:|1745954912\n|switch|p1a: Koraidon|Koraidon, L50|100/100\n|-weather|SunnyDay|[from] ability: Orichalcum Pulse|[of] p1a: Koraidon\n|-activate|p1b: Brute Bonnet|ability: Protosynthesis\n|-start|p1b: Brute Bonnet|protosynthesisdef\n|-activate|p1a: Koraidon|Orichalcum Pulse|[source]\n|move|p2b: Flint|Bleakwind Storm|p1a: Koraidon|[spread] p1a,p1b\n|-supereffective|p1a: Koraidon\n|-supereffective|p1b: Brute Bonnet\n|-damage|p1a: Koraidon|28/100\n|-damage|p1b: Brute Bonnet|34/100\n|move|p2a: The Nether|Ice Beam|p1b: Brute Bonnet\n|-supereffective|p1b: Brute Bonnet\n|-damage|p1b: Brute Bonnet|0 fnt\n|faint|p1b: Brute Bonnet\n|-end|p1b: Brute Bonnet|Protosynthesis|[silent]\n|\n|-weather|SunnyDay|[upkeep]\n|upkeep\n|inactive|8bitbidoof has 30 seconds left.\n|inactive|8bitbidoof has 20 seconds left.\n|\n|t:|1745954948\n|switch|p1b: Lunala|Lunala, L50|100/100\n|turn|2\n|\n|t:|1745954970\n|move|p1a: Koraidon|Protect|p1a: Koraidon\n|-singleturn|p1a: Koraidon|Protect\n|move|p2b: Flint|Rain Dance|p2b: Flint\n|-weather|RainDance\n|move|p1b: Lunala|Meteor Beam||[still]\n|-prepare|p1b: Lunala|Meteor Beam\n|-boost|p1b: Lunala|spa|1\n|-enditem|p1b: Lunala|Power Herb\n|-anim|p1b: Lunala|Meteor Beam|p2b: Flint\n|-supereffective|p2b: Flint\n|-damage|p2b: Flint|0 fnt\n|faint|p2b: Flint\n|move|p2a: The Nether|Origin Pulse|p1a: Koraidon|[spread] p1b\n|-activate|p1a: Koraidon|move: Protect\n|-damage|p1b: Lunala|68/100\n|\n|-weather|RainDance|[upkeep]\n|upkeep\n|\n|t:|1745954975\n|switch|p2b: Buck Chucket|Zacian-Crowned, L50|100/100\n|-ability|p2b: Buck Chucket|Intrepid Sword|boost\n|-boost|p2b: Buck Chucket|atk|1\n|turn|3\n|inactive|8bitbidoof has 30 seconds left.\n|inactive|8bitbidoof has 20 seconds left.\n|inactive|8bitbidoof has 15 seconds left.\n|inactive|8bitbidoof has 10 seconds left.\n|\n|t:|1745955021\n|switch|p1a: Chi-Yu|Chi-Yu, L50|100/100\n|-ability|p1a: Chi-Yu|Beads of Ruin\n|move|p2b: Buck Chucket|Behemoth Blade|p1b: Lunala\n|-damage|p1b: Lunala|0 fnt\n|faint|p1b: Lunala\n|move|p2a: The Nether|Ice Beam|p1a: Chi-Yu\n|-resisted|p1a: Chi-Yu\n|-damage|p1a: Chi-Yu|81/100\n|\n|-weather|RainDance|[upkeep]\n|upkeep\n|\n|t:|1745955028\n|switch|p1b: Koraidon|Koraidon, L50|28/100\n|-weather|SunnyDay|[from] ability: Orichalcum Pulse|[of] p1b: Koraidon\n|-activate|p1b: Koraidon|Orichalcum Pulse|[source]\n|turn|4\n|inactive|8bitbidoof has 30 seconds left.\n|\n|t:|1745955058\n|switch|p2a: Steve|Rillaboom, L50, F, shiny|100/100\n|-fieldstart|move: Grassy Terrain|[from] ability: Grassy Surge|[of] p2a: Steve\n|-terastallize|p1b: Koraidon|Fire\n|move|p2b: Buck Chucket|Protect|p2b: Buck Chucket\n|-singleturn|p2b: Buck Chucket|Protect\n|move|p1a: Chi-Yu|Heat Wave|p2b: Buck Chucket|[spread] p2a\n|-activate|p2b: Buck Chucket|move: Protect\n|-supereffective|p2a: Steve\n|-damage|p2a: Steve|0 fnt\n|faint|p2a: Steve\n|move|p1b: Koraidon|Flame Charge|p2b: Buck Chucket\n|-activate|p2b: Buck Chucket|move: Protect\n|\n|-weather|SunnyDay|[upkeep]\n|-heal|p1a: Chi-Yu|87/100|[from] Grassy Terrain\n|-heal|p1b: Koraidon|34/100|[from] Grassy Terrain\n|upkeep\n|\n|t:|1745955062\n|switch|p2a: The Nether|Kyogre, L50|100/100\n|-weather|RainDance|[from] ability: Drizzle|[of] p2a: The Nether\n|turn|5\n|inactive|8bitbidoof has 30 seconds left.\n|\n|t:|1745955090\n|-terastallize|p2b: Buck Chucket|Ground\n|move|p1a: Chi-Yu|Heat Wave|p2a: The Nether|[spread] p2a,p2b\n|-resisted|p2a: The Nether\n|-damage|p2a: The Nether|90/100\n|-damage|p2b: Buck Chucket|73/100\n|move|p2b: Buck Chucket|Sacred Sword|p1a: Chi-Yu\n|-supereffective|p1a: Chi-Yu\n|-damage|p1a: Chi-Yu|0 fnt\n|faint|p1a: Chi-Yu\n|move|p1b: Koraidon|Flare Blitz|p2b: Buck Chucket\n|-damage|p2b: Buck Chucket|40/100\n|-damage|p1b: Koraidon|24/100|[from] Recoil\n|move|p2a: The Nether|Origin Pulse|p1b: Koraidon\n|-supereffective|p1b: Koraidon\n|-damage|p1b: Koraidon|0 fnt\n|faint|p1b: Koraidon\n|\n|win|Fayzginger\n", "uploadtime": 1745955095, "views": 41, "formatid": "gen9vgc2025regibo3", "rating": null, "private": 0, "password": null}