{"id": "gen9vgc2025regibo3-2353892700", "format": "[Gen 9] VGC 2025 Reg I (Bo3)", "players": ["LaTentacion", "FinnickO"], "log": "|j|\u2606LaTentacion\n|j|\u2606FinnickO\n|html|<table width=\"100%\"><tr><td align=\"left\">LaTentacion</td><td align=\"right\">FinnickO</tr><tr><td align=\"left\"><i class=\"fa fa-circle-o\"></i> <i class=\"fa fa-circle-o\"></i> </td><td align=\"right\"><i class=\"fa fa-circle-o\"></i> <i class=\"fa fa-circle-o\"></i> </tr></table>\n|uhtml|bestof|<h2><strong>Game 1</strong> of <a href=\"/game-bestof3-gen9vgc2025regibo3-2353892699\">a best-of-3</a></h2>\n|t:|1746015806\n|gametype|doubles\n|player|p1|LaTentacion|2|1334\n|player|p2|FinnickO|102|1221\n|teamsize|p1|6\n|teamsize|p2|6\n|gen|9\n|tier|[Gen 9] VGC 2025 Reg I (Bo3)\n|rated|\n|rule|Species Clause: Limit one of each Pok\u00e9mon\n|rule|Item Clause: Limit 1 of each item\n|clearpoke\n|poke|p1|Ogerpon-Cornerstone, L50, F|\n|poke|p1|Flutter Mane, L50|\n|poke|p1|Lunala, L50|\n|poke|p1|Chi-Yu, L50|\n|poke|p1|Ursaluna-Bloodmoon, L50, M|\n|poke|p1|Koraidon, L50|\n|poke|p2|Koraidon, L50|\n|poke|p2|Brute Bonnet, L50|\n|poke|p2|Lunala, L50|\n|poke|p2|Flutter Mane, L50|\n|poke|p2|Chien-Pao, L50|\n|poke|p2|Heatran, L50, F|\n|teampreview|4\n|showteam|p1|Ogerpon-Cornerstone||CornerstoneMask|Sturdy|FollowMe,SpikyShield,IvyCudgel,PowerWhip|||F|||50|,,,,,Rock]Flutter Mane||FocusSash|Protosynthesis|Protect,IcyWind,Moonblast,ShadowBall||||||50|,,,,,Ghost]Lunala||PowerHerb|ShadowShield|MoongeistBeam,MeteorBeam,TrickRoom,WideGuard||||||50|,,,,,Water]Chi-Yu||ChoiceScarf|BeadsofRuin|HeatWave,DarkPulse,Overheat,Snarl||||||50|,,,,,Ghost]Ursaluna-Bloodmoon||LifeOrb|MindsEye|BloodMoon,EarthPower,Protect,HyperVoice|||M|||50|,,,,,Normal]Koraidon||ClearAmulet|OrichalcumPulse|Protect,CollisionCourse,FlareBlitz,ScaleShot||||||50|,,,,,Fire\n|showteam|p2|Koraidon||LifeOrb|OrichalcumPulse|CloseCombat,BreakingSwipe,FlareBlitz,Protect||||||50|,,,,,Fire]Brute Bonnet||CovertCloak|Protosynthesis|SeedBomb,SuckerPunch,Spore,RagePowder||||||50|,,,,,Water]Lunala||PowerHerb|ShadowShield|MeteorBeam,TrickRoom,MoongeistBeam,WideGuard||||||50|,,,,,Water]Flutter Mane||FocusSash|Protosynthesis|IcyWind,Moonblast,ShadowBall,Protect||||||50|,,,,,Normal]Chien-Pao||AssaultVest|SwordofRuin|IceSpinner,SuckerPunch,TeraBlast,SacredSword||||||50|,,,,,Electric]Heatran||ZoomLens|FlashFire|MagmaStorm,FlashCannon,Substitute,Protect|||F|||50|,,,,,Fairy\n|inactive|Battle timer is ON: inactive players will automatically lose when time's up. (requested by LaTentacion)\n|\n|t:|1746015864\n|start\n|switch|p1a: Chi-Yu|Chi-Yu, L50|100/100\n|switch|p1b: Ogerpon|Ogerpon-Cornerstone, L50, F|100/100\n|switch|p2a: Flutter Mane|Flutter Mane, L50|100/100\n|switch|p2b: Koraidon|Koraidon, L50|100/100\n|-ability|p1a: Chi-Yu|Beads of Ruin\n|-weather|SunnyDay|[from] ability: Orichalcum Pulse|[of] p2b: Koraidon\n|-activate|p2a: Flutter Mane|ability: Protosynthesis\n|-start|p2a: Flutter Mane|protosynthesisspe\n|-activate|p2b: Koraidon|Orichalcum Pulse|[source]\n|turn|1\n|\n|t:|1746015873\n|move|p2a: Flutter Mane|Icy Wind|p1b: Ogerpon|[spread] p1a,p1b\n|-resisted|p1a: Chi-Yu\n|-supereffective|p1b: Ogerpon\n|-damage|p1a: Chi-Yu|93/100\n|-damage|p1b: Ogerpon|51/100\n|-unboost|p1a: Chi-Yu|spe|1\n|-unboost|p1b: Ogerpon|spe|1\n|move|p2b: Koraidon|Breaking Swipe|p1b: Ogerpon|[spread] p1a,p1b\n|-damage|p1a: Chi-Yu|23/100\n|-damage|p1b: Ogerpon|0 fnt\n|-unboost|p1a: Chi-Yu|atk|1\n|faint|p1b: Ogerpon\n|-damage|p2b: Koraidon|91/100|[from] item: Life Orb\n|move|p1a: Chi-Yu|Snarl|p2b: Koraidon|[spread] p2a,p2b\n|-resisted|p2b: Koraidon\n|-damage|p2a: Flutter Mane|65/100\n|-damage|p2b: Koraidon|75/100\n|-unboost|p2a: Flutter Mane|spa|1\n|-unboost|p2b: Koraidon|spa|1\n|\n|-weather|SunnyDay|[upkeep]\n|upkeep\n|\n|t:|1746015885\n|switch|p1b: Lunala|Lunala, L50|100/100\n|turn|2\n|inactive|FinnickO has 30 seconds left.\n|\n|t:|1746015911\n|-terastallize|p1b: Lunala|Water\n|move|p2a: Flutter Mane|Icy Wind|p1b: Lunala|[spread] p1a\n|-miss|p2a: Flutter Mane|p1b: Lunala\n|-resisted|p1a: Chi-Yu\n|-damage|p1a: Chi-Yu|17/100\n|-unboost|p1a: Chi-Yu|spe|1\n|move|p2b: Koraidon|Breaking Swipe|p1b: Lunala|[spread] p1a,p1b\n|-crit|p1b: Lunala\n|-damage|p1a: Chi-Yu|0 fnt\n|-damage|p1b: Lunala|75/100\n|-unboost|p1b: Lunala|atk|1\n|faint|p1a: Chi-Yu\n|-damage|p2b: Koraidon|66/100|[from] item: Life Orb\n|move|p1b: Lunala|Trick Room|p1b: Lunala\n|-fieldstart|move: Trick Room|[of] p1b: Lunala\n|\n|-weather|SunnyDay|[upkeep]\n|upkeep\n|\n|t:|1746015921\n|switch|p1a: Ursaluna|Ursaluna-Bloodmoon, L50, M|100/100\n|turn|3\n|inactive|FinnickO has 30 seconds left.\n|\n|t:|1746015948\n|move|p1a: Ursaluna|Earth Power|p2b: Koraidon\n|-damage|p2b: Koraidon|0 fnt\n|faint|p2b: Koraidon\n|-damage|p1a: Ursaluna|91/100|[from] item: Life Orb\n|move|p1b: Lunala|Meteor Beam||[still]\n|-prepare|p1b: Lunala|Meteor Beam\n|-boost|p1b: Lunala|spa|1\n|-enditem|p1b: Lunala|Power Herb\n|-anim|p1b: Lunala|Meteor Beam|p2a: Flutter Mane\n|-damage|p2a: Flutter Mane|0 fnt\n|faint|p2a: Flutter Mane\n|-end|p2a: Flutter Mane|Protosynthesis|[silent]\n|\n|-weather|SunnyDay|[upkeep]\n|upkeep\n|\n|t:|1746015951\n|switch|p2b: Chien-Pao|Chien-Pao, L50|100/100\n|switch|p2a: Lunala|Lunala, L50|100/100\n|-ability|p2b: Chien-Pao|Sword of Ruin\n|turn|4\n|\n|t:|1746015969\n|-terastallize|p2b: Chien-Pao|Electric\n|move|p1a: Ursaluna|Blood Moon|p2b: Chien-Pao\n|-damage|p2b: Chien-Pao|7/100\n|-damage|p1a: Ursaluna|81/100|[from] item: Life Orb\n|move|p1b: Lunala|Moongeist Beam|p2a: Lunala\n|-supereffective|p2a: Lunala\n|-damage|p2a: Lunala|0 fnt\n|faint|p2a: Lunala\n|move|p2b: Chien-Pao|Tera Blast|p1b: Lunala|[anim] Tera Blast Electric\n|-supereffective|p1b: Lunala\n|-damage|p1b: Lunala|0 fnt\n|faint|p1b: Lunala\n|\n|-weather|SunnyDay|[upkeep]\n|upkeep\n|turn|5\n|\n|t:|1746015982\n|move|p2b: Chien-Pao|Sucker Punch|p1a: Ursaluna\n|-damage|p1a: Ursaluna|47/100\n|move|p1a: Ursaluna|Hyper Voice|p2b: Chien-Pao\n|-damage|p2b: Chien-Pao|0 fnt\n|faint|p2b: Chien-Pao\n|-damage|p1a: Ursaluna|37/100|[from] item: Life Orb\n|\n|win|LaTentacion\n||LaTentacion is ready for game 2.\n||FinnickO is ready for game 2.\n|uhtml|next|Next: <a href=\"/battle-gen9vgc2025regibo3-2353894215\"><strong>Game 2 of 3</strong></a>\n|l|\u2606FinnickO\n|player|p2|\n", "uploadtime": 1746016130, "views": 18, "formatid": "gen9vgc2025regibo3", "rating": null, "private": 0, "password": null}