{"id": "gen9vgc2025regibo3-2354383709", "format": "[Gen 9] VGC 2025 Reg I (Bo3)", "players": ["Pickedman", "bigj009"], "log": "|j|\u2606Pickedman\n|j|\u2606bigj009\n|html|<table width=\"100%\"><tr><td align=\"left\">Pickedman</td><td align=\"right\">bigj009</tr><tr><td align=\"left\"><i class=\"fa fa-circle-o\"></i> <i class=\"fa fa-circle-o\"></i> </td><td align=\"right\"><i class=\"fa fa-circle-o\"></i> <i class=\"fa fa-circle-o\"></i> </tr></table>\n|uhtml|bestof|<h2><strong>Game 1</strong> of <a href=\"/game-bestof3-gen9vgc2025regibo3-2354383708\">a best-of-3</a></h2>\n|t:|1746064665\n|gametype|doubles\n|player|p1|Pickedman|zinnia-masters|1147\n|player|p2|bigj009|lucas|1130\n|teamsize|p1|6\n|teamsize|p2|6\n|gen|9\n|tier|[Gen 9] VGC 2025 Reg I (Bo3)\n|rated|\n|rule|Species Clause: Limit one of each Pok\u00e9mon\n|rule|Item Clause: Limit 1 of each item\n|clearpoke\n|poke|p1|Palkia-Origin, L50|\n|poke|p1|Miraidon, L50|\n|poke|p1|Ursaluna, L50, F|\n|poke|p1|Ogerpon-Hearthflame, L50, F|\n|poke|p1|Iron Jugulis, L50|\n|poke|p1|Iron Bundle, L50|\n|poke|p2|Kyogre, L50|\n|poke|p2|Miraidon, L50|\n|poke|p2|Iron Treads, L50|\n|poke|p2|Farigiraf, L50, F|\n|poke|p2|Whimsicott, L50, F|\n|poke|p2|Smeargle, L50, M|\n|teampreview|4\n|showteam|p1|Palkia-Origin||LustrousGlobe|Telepathy|HydroPump,SpacialRend,TrickRoom,Protect||||||50|,,,,,Ghost]Miraidon||ChoiceSpecs|HadronEngine|ElectroDrift,Discharge,VoltSwitch,DracoMeteor||||||50|,,,,,Electric]Ursaluna||FlameOrb|Guts|HeadlongRush,Earthquake,Facade,Protect|||F|||50|,,,,,Normal]Ogerpon-Hearthflame||HearthflameMask|MoldBreaker|HornLeech,IvyCudgel,SpikyShield,FollowMe|||F|||50|,,,,,Fire]Iron Jugulis||CovertCloak|QuarkDrive|Snarl,Hurricane,DragonCheer,Tailwind||||||50|,,,,,Dark]Iron Bundle||FocusSash|QuarkDrive|IcyWind,FreezeDry,Encore,HydroPump||||||50|,,,,,Ghost\n|showteam|p2|Kyogre||ChoiceScarf|Drizzle|WaterSpout,TeraBlast,IceBeam,Thunder||||||50|,,,,,Water]Miraidon||ChoiceSpecs|HadronEngine|ElectroDrift,VoltSwitch,DazzlingGleam,DracoMeteor||||||50|,,,,,Fairy]Iron Treads||LifeOrb|QuarkDrive|HighHorsepower,IronHead,ScaryFace,MetalSound||||||50|,,,,,Fire]Farigiraf||SafetyGoggles|ArmorTail|FoulPlay,TrickRoom,Imprison,HelpingHand|||F|||50|,,,,,Water]Whimsicott||CovertCloak|Prankster|Tailwind,Moonblast,CottonSpore,Encore|||F|||50|,,,,,Dark]Smeargle||FocusSash|OwnTempo|FakeOut,Feint,Spore,FollowMe|||M|||50|,,,,,Ghost\n|inactive|Battle timer is ON: inactive players will automatically lose when time's up. (requested by bigj009)\n|inactive|bigj009 has 60 seconds left.\n|\n|t:|1746064730\n|start\n|switch|p1a: Iron Bundle|Iron Bundle, L50|100/100\n|switch|p1b: Iron Jugulis|Iron Jugulis, L50|100/100\n|switch|p2a: Iron Treads|Iron Treads, L50|100/100\n|switch|p2b: Miraidon|Miraidon, L50|100/100\n|-fieldstart|move: Electric Terrain|[from] ability: Hadron Engine|[of] p2b: Miraidon\n|-activate|p1a: Iron Bundle|ability: Quark Drive\n|-start|p1a: Iron Bundle|quarkdrivespe\n|-activate|p1b: Iron Jugulis|ability: Quark Drive\n|-start|p1b: Iron Jugulis|quarkdrivespe\n|-activate|p2a: Iron Treads|ability: Quark Drive\n|-start|p2a: Iron Treads|quarkdrivespe\n|turn|1\n|inactive|Pickedman has 30 seconds left.\n|inactive|Pickedman has 20 seconds left.\n|inactive|Pickedman has 15 seconds left.\n|\n|t:|1746064773\n|move|p1a: Iron Bundle|Hydro Pump|p2a: Iron Treads|[miss]\n|-miss|p1a: Iron Bundle|p2a: Iron Treads\n|move|p1b: Iron Jugulis|Tailwind|p1b: Iron Jugulis\n|-sidestart|p1: Pickedman|move: Tailwind\n|move|p2a: Iron Treads|Scary Face|p1b: Iron Jugulis\n|-unboost|p1b: Iron Jugulis|spe|2\n|move|p2b: Miraidon|Volt Switch|p1b: Iron Jugulis\n|-supereffective|p1b: Iron Jugulis\n|-damage|p1b: Iron Jugulis|0 fnt\n|faint|p1b: Iron Jugulis\n|-end|p1b: Iron Jugulis|Quark Drive|[silent]\n|\n|t:|1746064788\n|switch|p2b: Whimsicott|Whimsicott, L50, F|100/100|[from] Volt Switch\n|\n|upkeep\n|\n|t:|1746064795\n|switch|p1b: Palkia|Palkia-Origin, L50|100/100\n|turn|2\n|\n|t:|1746064813\n|move|p2b: Whimsicott|Tailwind|p2b: Whimsicott\n|-sidestart|p2: bigj009|move: Tailwind\n|move|p1a: Iron Bundle|Icy Wind|p2b: Whimsicott|[spread] p2a,p2b\n|-supereffective|p2b: Whimsicott\n|-damage|p2a: Iron Treads|70/100\n|-damage|p2b: Whimsicott|37/100\n|-unboost|p2a: Iron Treads|spe|1\n|move|p1b: Palkia|Hydro Pump|p2a: Iron Treads\n|-supereffective|p2a: Iron Treads\n|-damage|p2a: Iron Treads|0 fnt\n|faint|p2a: Iron Treads\n|-end|p2a: Iron Treads|Quark Drive|[silent]\n|\n|upkeep\n|\n|t:|1746064819\n|switch|p2a: Miraidon|Miraidon, L50|100/100\n|-activate|p2a: Miraidon|ability: Hadron Engine\n|turn|3\n|\n|t:|1746064832\n|-terastallize|p2a: Miraidon|Fairy\n|move|p1b: Palkia|Protect|p1b: Palkia\n|-singleturn|p1b: Palkia|Protect\n|move|p2b: Whimsicott|Cotton Spore|p1a: Iron Bundle|[spread] p1a\n|-activate|p1b: Palkia|move: Protect\n|-unboost|p1a: Iron Bundle|spe|2\n|move|p2a: Miraidon|Dazzling Gleam|p1a: Iron Bundle|[spread] p1a\n|-activate|p1b: Palkia|move: Protect\n|-enditem|p1a: Iron Bundle|Focus Sash\n|-damage|p1a: Iron Bundle|1/100\n|move|p1a: Iron Bundle|Icy Wind|p2b: Whimsicott|[spread] p2a,p2b\n|-supereffective|p2b: Whimsicott\n|-damage|p2a: Miraidon|80/100\n|-damage|p2b: Whimsicott|0 fnt\n|-unboost|p2a: Miraidon|spe|1\n|faint|p2b: Whimsicott\n|\n|upkeep\n|\n|t:|1746064840\n|switch|p2b: Kyogre|Kyogre, L50|100/100\n|-weather|RainDance|[from] ability: Drizzle|[of] p2b: Kyogre\n|turn|4\n|inactive|Pickedman has 30 seconds left.\n|\n|t:|1746064869\n|-terastallize|p1b: Palkia|Ghost\n|move|p2b: Kyogre|Ice Beam|p1b: Palkia\n|-damage|p1b: Palkia|71/100\n|move|p1a: Iron Bundle|Icy Wind|p2b: Kyogre|[spread] p2a,p2b\n|-resisted|p2b: Kyogre\n|-damage|p2a: Miraidon|59/100\n|-damage|p2b: Kyogre|93/100\n|-unboost|p2a: Miraidon|spe|1\n|-unboost|p2b: Kyogre|spe|1\n|move|p2a: Miraidon|Dazzling Gleam|p1a: Iron Bundle|[spread] p1a,p1b\n|-damage|p1a: Iron Bundle|0 fnt\n|-damage|p1b: Palkia|14/100\n|faint|p1a: Iron Bundle\n|-end|p1a: Iron Bundle|Quark Drive|[silent]\n|move|p1b: Palkia|Trick Room|p1b: Palkia\n|-fieldstart|move: Trick Room|[of] p1b: Palkia\n|\n|-weather|RainDance|[upkeep]\n|-sideend|p1: Pickedman|move: Tailwind\n|upkeep\n|\n|t:|1746064881\n|switch|p1a: Ursaluna|Ursaluna, L50, F|100/100\n|turn|5\n|inactive|Pickedman has 30 seconds left.\n|\n|t:|1746064908\n|move|p1a: Ursaluna|Headlong Rush|p2a: Miraidon\n|-damage|p2a: Miraidon|0 fnt\n|-unboost|p1a: Ursaluna|def|1\n|-unboost|p1a: Ursaluna|spd|1\n|faint|p2a: Miraidon\n|move|p1b: Palkia|Spacial Rend|p2b: Kyogre\n|-damage|p2b: Kyogre|40/100\n|move|p2b: Kyogre|Ice Beam|p1a: Ursaluna\n|-supereffective|p1a: Ursaluna\n|-damage|p1a: Ursaluna|2/100\n|\n|-weather|RainDance|[upkeep]\n|-sideend|p2: bigj009|move: Tailwind\n|-fieldend|move: Electric Terrain\n|-status|p1a: Ursaluna|brn|[from] item: Flame Orb\n|upkeep\n|turn|6\n|inactive|bigj009 has 30 seconds left.\n|-message|bigj009 forfeited.\n|\n|win|Pickedman\n|l|\u2606bigj009\n|player|p2|\n||Pickedman is ready for game 2.\n||bigj009 is ready for game 2.\n|uhtml|next|Next: <a href=\"/battle-gen9vgc2025regibo3-2354385940\"><strong>Game 2 of 3</strong></a>\n|l|\u2606Pickedman\n|player|p1|\n", "uploadtime": 1746065308, "views": 8, "formatid": "gen9vgc2025regibo3", "rating": null, "private": 0, "password": null}