{"id": "gen9vgc2025regibo3-2353647009", "format": "[Gen 9] VGC 2025 Reg I (Bo3)", "players": ["ejb14q", "CityPopThatThang"], "log": "|j|\u2606ejb14q\n|j|\u2606CityPopThatThang\n|html|<table width=\"100%\"><tr><td align=\"left\">ejb14q</td><td align=\"right\">CityPopThatThang</tr><tr><td align=\"left\"><i class=\"fa fa-circle-o\"></i> <i class=\"fa fa-circle-o\"></i> </td><td align=\"right\"><i class=\"fa fa-circle-o\"></i> <i class=\"fa fa-circle\"></i> </tr></table>\n|uhtml|bestof|<h2><strong>Game 2</strong> of <a href=\"/game-bestof3-gen9vgc2025regibo3-2353644499\">a best-of-3</a></h2>\n|t:|1745978627\n|gametype|doubles\n|player|p1|ejb14q|iris|1050\n|player|p2|CityPopThatThang|guzma|1077\n|teamsize|p1|6\n|teamsize|p2|6\n|gen|9\n|tier|[Gen 9] VGC 2025 Reg I (Bo3)\n|rated|\n|rule|Species Clause: Limit one of each Pok\u00e9mon\n|rule|Item Clause: Limit 1 of each item\n|clearpoke\n|poke|p1|Terapagos, L50, M|\n|poke|p1|Lunala, L50|\n|poke|p1|Incineroar, L50, F|\n|poke|p1|Gothitelle, L50, F|\n|poke|p1|Rillaboom, L50, F|\n|poke|p1|Tornadus, L50, M|\n|poke|p2|Calyrex-Ice, L50|\n|poke|p2|Lunala, L50|\n|poke|p2|Indeedee-F, L50, F|\n|poke|p2|Ursaluna-Bloodmoon, L50, M|\n|poke|p2|Urshifu-*, L50, M|\n|poke|p2|Smeargle, L50, M|\n|teampreview|4\n|showteam|p1|Terapagos||ChestoBerry|TeraShift|TeraStarstorm,CalmMind,Rest,Protect|||M|||50|,,,,,Stellar]Lunala||PowerHerb|ShadowShield|MoongeistBeam,WideGuard,MeteorBeam,TrickRoom||||||50|,,,,,Dark]Incineroar||SafetyGoggles|Intimidate|FakeOut,PartingShot,FlareBlitz,Protect|||F|||50|,,,,,Bug]Gothitelle||Leftovers|ShadowTag|Protect,Psychic,FakeOut,Taunt|||F|||50|,,,,,Water]Rillaboom||AssaultVest|GrassySurge|FakeOut,WoodHammer,GrassyGlide,Uturn|||F|||50|,,,,,Grass]Tornadus||CovertCloak|Prankster|BleakwindStorm,Taunt,Tailwind,RainDance|||M|||50|,,,,,Dark\n|showteam|p2|Calyrex-Ice||NeverMeltIce|AsOneGlastrier|GlacialLance,HighHorsepower,TrickRoom,Protect||||||50|,,,,,Fire]Lunala||PowerHerb|ShadowShield|MoongeistBeam,ExpandingForce,MeteorBeam,TrickRoom||||||50|,,,,,Water]Indeedee-F||PsychicSeed|PsychicSurge|AlluringVoice,TrickRoom,FollowMe,HealPulse|||F|||50|,,,,,Fairy]Ursaluna-Bloodmoon||LifeOrb|MindsEye|HyperVoice,EarthPower,BloodMoon,Protect|||M|||50|,,,,,Poison]Urshifu||ChoiceBand|UnseenFist|WickedBlow,CloseCombat,SuckerPunch,IronHead|||M|||50|,,,,,Grass]Smeargle||FocusSash|OwnTempo|FollowMe,FakeOut,Spore,Decorate|||M|||50|,,,,,Grass\n|inactive|Battle timer is ON: inactive players will automatically lose when time's up. (requested by CityPopThatThang)\n|\n|t:|1745978673\n|start\n|switch|p1a: Rillaboom|Rillaboom, L50, F|100/100\n|switch|p1b: Lunala|Lunala, L50|100/100\n|switch|p2a: Lunala|Lunala, L50|100/100\n|switch|p2b: Calyrex|Calyrex-Ice, L50|100/100\n|-ability|p2b: Calyrex|As One\n|-ability|p2b: Calyrex|Unnerve\n|-fieldstart|move: Grassy Terrain|[from] ability: Grassy Surge|[of] p1a: Rillaboom\n|turn|1\n|inactive|ejb14q has 30 seconds left.\n|inactive|CityPopThatThang has 30 seconds left.\n|inactive|ejb14q has 20 seconds left.\n|inactive|CityPopThatThang has 20 seconds left.\n|inactive|CityPopThatThang has 15 seconds left.\n|inactive|CityPopThatThang has 10 seconds left.\n|\n|t:|1745978719\n|switch|p2b: Indeedee|Indeedee-F, L50, F|100/100\n|-fieldstart|move: Psychic Terrain|[from] ability: Psychic Surge|[of] p2b: Indeedee\n|-enditem|p2b: Indeedee|Psychic Seed\n|-boost|p2b: Indeedee|spd|1|[from] item: Psychic Seed\n|move|p1b: Lunala|Moongeist Beam|p2a: Lunala\n|-supereffective|p2a: Lunala\n|-damage|p2a: Lunala|31/100\n|move|p1a: Rillaboom|Grassy Glide|p2a: Lunala\n|-damage|p2a: Lunala|7/100\n|move|p2a: Lunala|Meteor Beam||[still]\n|-prepare|p2a: Lunala|Meteor Beam\n|-boost|p2a: Lunala|spa|1\n|-enditem|p2a: Lunala|Power Herb\n|-anim|p2a: Lunala|Meteor Beam|p1b: Lunala\n|-damage|p1b: Lunala|74/100\n|\n|upkeep\n|turn|2\n|inactive|ejb14q has 30 seconds left.\n|\n|t:|1745978750\n|switch|p1b: Terapagos|Terapagos, L50, M|100/100\n|-activate|p1b: Terapagos|ability: Tera Shift\n|detailschange|p1b: Terapagos|Terapagos-Terastal, L50, M\n|-heal|p1b: Terapagos|100/100|[silent]\n|move|p2b: Indeedee|Follow Me|p2b: Indeedee\n|-singleturn|p2b: Indeedee|move: Follow Me\n|move|p1a: Rillaboom|U-turn|p2b: Indeedee\n|-supereffective|p2b: Indeedee\n|-damage|p2b: Indeedee|58/100\n|\n|t:|1745978761\n|switch|p1a: Incineroar|Incineroar, L50, F|100/100|[from] U-turn\n|-ability|p1a: Incineroar|Intimidate|boost\n|-unboost|p2a: Lunala|atk|1\n|-unboost|p2b: Indeedee|atk|1\n|move|p2a: Lunala|Expanding Force|p1b: Terapagos|[spread] p1b\n|-immune|p1a: Incineroar\n|-activate|p1b: Terapagos|ability: Tera Shell\n|-resisted|p1b: Terapagos\n|-damage|p1b: Terapagos|53/100\n|\n|upkeep\n|turn|3\n|inactive|CityPopThatThang has 30 seconds left.\n|inactive|CityPopThatThang has 20 seconds left.\n|inactive|CityPopThatThang has 15 seconds left.\n|inactive|CityPopThatThang has 10 seconds left.\n|\n|t:|1745978808\n|switch|p2a: Calyrex|Calyrex-Ice, L50|100/100\n|-ability|p2a: Calyrex|As One\n|-ability|p2a: Calyrex|Unnerve\n|-terastallize|p1b: Terapagos|Stellar\n|detailschange|p1b: Terapagos|Terapagos-Stellar, L50, M, tera:Stellar\n|-heal|p1b: Terapagos|65/100|[silent]\n|-ability|p1b: Terapagos|Teraform Zero\n|-fieldend|move: Psychic Terrain\n|move|p1a: Incineroar|Fake Out|p2b: Indeedee\n|-damage|p2b: Indeedee|48/100\n|move|p1b: Terapagos|Tera Starstorm|p2b: Indeedee|[spread] p2a,p2b\n|-damage|p2a: Calyrex|75/100\n|-damage|p2b: Indeedee|20/100\n|cant|p2b: Indeedee|flinch\n|\n|upkeep\n|turn|4\n|inactive|ejb14q has 30 seconds left.\n|inactive|CityPopThatThang has 30 seconds left.\n|\n|t:|1745978835\n|switch|p2b: Lunala|Lunala, L50|7/100\n|move|p2a: Calyrex|Protect|p2a: Calyrex\n|-singleturn|p2a: Calyrex|Protect\n|move|p1b: Terapagos|Tera Starstorm|p2b: Lunala|[spread] p2b\n|-activate|p2a: Calyrex|move: Protect\n|-damage|p2b: Lunala|0 fnt\n|faint|p2b: Lunala\n|move|p1a: Incineroar|Parting Shot|p2a: Calyrex\n|-activate|p2a: Calyrex|move: Protect\n|\n|upkeep\n|\n|t:|1745978844\n|switch|p2b: Ursaluna|Ursaluna-Bloodmoon, L50, M|100/100\n|turn|5\n|\n|t:|1745978858\n|switch|p1a: Lunala|Lunala, L50|74/100\n|move|p1b: Terapagos|Rest|p1b: Terapagos\n|-status|p1b: Terapagos|slp|[from] move: Rest\n|-heal|p1b: Terapagos|100/100 slp|[silent]\n|move|p2b: Ursaluna|Blood Moon|p1b: Terapagos\n|-damage|p1b: Terapagos|29/100 slp\n|-damage|p2b: Ursaluna|91/100|[from] item: Life Orb\n|move|p2a: Calyrex|Trick Room|p2a: Calyrex\n|-fieldstart|move: Trick Room|[of] p2a: Calyrex\n|\n|upkeep\n|turn|6\n|inactive|CityPopThatThang has 30 seconds left.\n|inactive|ejb14q has 30 seconds left.\n|inactive|CityPopThatThang has 20 seconds left.\n|inactive|CityPopThatThang has 15 seconds left.\n|\n|t:|1745978899\n|switch|p1b: Rillaboom|Rillaboom, L50, F|100/100\n|-fieldstart|move: Grassy Terrain|[from] ability: Grassy Surge|[of] p1b: Rillaboom\n|move|p1a: Lunala|Wide Guard|p1a: Lunala\n|-singleturn|p1a: Lunala|Wide Guard\n|move|p2a: Calyrex|Glacial Lance|p1b: Rillaboom|[spread] \n|-activate|p1a: Lunala|move: Wide Guard\n|-activate|p1b: Rillaboom|move: Wide Guard\n|move|p2b: Ursaluna|Earth Power|p1a: Lunala\n|-damage|p1a: Lunala|21/100\n|-damage|p2b: Ursaluna|81/100|[from] item: Life Orb\n|\n|-heal|p2a: Calyrex|81/100|[from] Grassy Terrain\n|-heal|p2b: Ursaluna|87/100|[from] Grassy Terrain\n|-heal|p1a: Lunala|28/100|[from] Grassy Terrain\n|upkeep\n|turn|7\n|inactive|ejb14q has 30 seconds left.\n|inactive|ejb14q has 20 seconds left.\n|inactive|ejb14q has 15 seconds left.\n|\n|t:|1745978942\n|switch|p2a: Indeedee|Indeedee-F, L50, F|20/100\n|-fieldstart|move: Psychic Terrain|[from] ability: Psychic Surge|[of] p2a: Indeedee\n|-terastallize|p2b: Ursaluna|Poison\n|move|p1b: Rillaboom|Fake Out|p2a: Indeedee\n|-activate|p2a: Indeedee|move: Psychic Terrain\n|move|p2b: Ursaluna|Earth Power|p1a: Lunala\n|-damage|p1a: Lunala|0 fnt\n|faint|p1a: Lunala\n|-damage|p2b: Ursaluna|78/100|[from] item: Life Orb\n|\n|upkeep\n|\n|t:|1745978951\n|switch|p1a: Incineroar|Incineroar, L50, F|100/100\n|-ability|p1a: Incineroar|Intimidate|boost\n|-unboost|p2a: Indeedee|atk|1\n|-unboost|p2b: Ursaluna|atk|1\n|turn|8\n|\n|t:|1745978968\n|switch|p2a: Calyrex|Calyrex-Ice, L50|81/100\n|-ability|p2a: Calyrex|As One\n|-ability|p2a: Calyrex|Unnerve\n|switch|p1b: Terapagos|Terapagos-Stellar, L50, M, tera:Stellar|29/100 slp\n|move|p2b: Ursaluna|Earth Power|p1a: Incineroar\n|-supereffective|p1a: Incineroar\n|-damage|p1a: Incineroar|0 fnt\n|faint|p1a: Incineroar\n|-damage|p2b: Ursaluna|68/100|[from] item: Life Orb\n|\n|upkeep\n|\n|t:|1745978979\n|switch|p1a: Rillaboom|Rillaboom, L50, F|100/100\n|-fieldstart|move: Grassy Terrain|[from] ability: Grassy Surge|[of] p1a: Rillaboom\n|turn|9\n|inactive|ejb14q has 30 seconds left.\n|\n|t:|1745979006\n|switch|p2b: Indeedee|Indeedee-F, L50, F|20/100\n|-fieldstart|move: Psychic Terrain|[from] ability: Psychic Surge|[of] p2b: Indeedee\n|cant|p1b: Terapagos|slp\n|move|p2a: Calyrex|Glacial Lance|p1a: Rillaboom|[spread] p1a,p1b\n|-supereffective|p1a: Rillaboom\n|-damage|p1a: Rillaboom|0 fnt\n|-damage|p1b: Terapagos|0 fnt\n|faint|p1a: Rillaboom\n|faint|p1b: Terapagos\n|\n|win|CityPopThatThang\n|raw|ejb14q's rating: 1050 &rarr; <strong>1034</strong><br />(-16 for losing)\n|raw|CityPopThatThang's rating: 1077 &rarr; <strong>1103</strong><br />(+26 for winning)\n", "uploadtime": 1745979031, "views": 14, "formatid": "gen9vgc2025regibo3", "rating": 1034, "private": 0, "password": null}