{"id": "gen9vgc2025regibo3-2354984895", "format": "[Gen 9] VGC 2025 Reg I (Bo3)", "players": ["Maxmar321", "Jesucrit0"], "log": "|j|\u2606Maxmar321\n|j|\u2606Jesucrit0\n|html|<table width=\"100%\"><tr><td align=\"left\">Maxmar321</td><td align=\"right\">Jesucrit0</tr><tr><td align=\"left\"><i class=\"fa fa-circle-o\"></i> <i class=\"fa fa-circle-o\"></i> </td><td align=\"right\"><i class=\"fa fa-circle-o\"></i> <i class=\"fa fa-circle\"></i> </tr></table>\n|uhtml|bestof|<h2><strong>Game 2</strong> of <a href=\"/game-bestof3-gen9vgc2025regibo3-2354982225\">a best-of-3</a></h2>\n|t:|1746138711\n|gametype|doubles\n|player|p1|Maxmar321|ethan|1051\n|player|p2|Jesucrit0|buck|1171\n|teamsize|p1|6\n|teamsize|p2|6\n|gen|9\n|tier|[Gen 9] VGC 2025 Reg I (Bo3)\n|rated|\n|rule|Species Clause: Limit one of each Pok\u00e9mon\n|rule|Item Clause: Limit 1 of each item\n|clearpoke\n|poke|p1|Calyrex-Ice, L50|\n|poke|p1|Miraidon, L50|\n|poke|p1|Amoonguss, L50, M|\n|poke|p1|Incineroar, L50, M|\n|poke|p1|Indeedee-F, L50, F|\n|poke|p1|Rillaboom, L50, M|\n|poke|p2|Palkia-Origin, L50|\n|poke|p2|Farigiraf, L50, M|\n|poke|p2|Calyrex-Ice, L50|\n|poke|p2|Rillaboom, L50, F|\n|poke|p2|Urshifu-*, L50, F|\n|poke|p2|Chi-Yu, L50|\n|teampreview|4\n|showteam|p1|Calyrex-Ice||WeaknessPolicy|AsOneGlastrier|GlacialLance,TrickRoom,HighHorsepower,Protect||||||50|,,,,,Ghost]Miraidon||ChoiceSpecs|HadronEngine|ElectroDrift,DracoMeteor,VoltSwitch,Snarl||||||50|,,,,,Electric]Amoonguss||RockyHelmet|Regenerator|Spore,RagePowder,PollenPuff,Protect|||M|||50|,,,,,Water]Incineroar||SafetyGoggles|Intimidate|FakeOut,PartingShot,FlareBlitz,Snarl|||M|||50|,,,,,Fairy]Indeedee-F||PsychicSeed|PsychicSurge|FollowMe,HelpingHand,Protect,Psychic|||F|||50|,,,,,Psychic]Rillaboom||AssaultVest|GrassySurge|GrassyGlide,WoodHammer,Uturn,FakeOut|||M|||50|,,,,,Grass\n|showteam|p2|Palkia-Origin||LustrousGlobe|Pressure|SpacialRend,Protect,HydroPump,DracoMeteor||||||50|,,,,,Fairy]Farigiraf||SafetyGoggles|ArmorTail|FoulPlay,Psychic,HelpingHand,TrickRoom|||M|||50|,,,,,Water]Calyrex-Ice||ClearAmulet|AsOneGlastrier|GlacialLance,HighHorsepower,Protect,TrickRoom||||||50|,,,,,Fairy]Rillaboom||AssaultVest|GrassySurge|GrassyGlide,WoodHammer,FakeOut,Uturn|||F|||50|,,,,,Fire]Urshifu-Rapid-Strike||MysticWater|UnseenFist|SurgingStrikes,CloseCombat,Protect,AquaJet|||F|||50|,,,,,Water]Chi-Yu||ChoiceScarf|BeadsofRuin|HeatWave,Overheat,DarkPulse,Snarl||||||50|,,,,,Fire\n|inactive|Battle timer is ON: inactive players will automatically lose when time's up. (requested by Maxmar321)\n|\n|t:|1746138756\n|start\n|switch|p1a: Indeedee|Indeedee-F, L50, F|100/100\n|switch|p1b: Incineroar|Incineroar, L50, M|100/100\n|switch|p2a: Chi-Yu|Chi-Yu, L50|100/100\n|switch|p2b: Calyrex|Calyrex-Ice, L50|100/100\n|-ability|p2b: Calyrex|As One\n|-ability|p2b: Calyrex|Unnerve\n|-ability|p2a: Chi-Yu|Beads of Ruin\n|-fieldstart|move: Psychic Terrain|[from] ability: Psychic Surge|[of] p1a: Indeedee\n|-enditem|p1a: Indeedee|Psychic Seed\n|-boost|p1a: Indeedee|spd|1|[from] item: Psychic Seed\n|-ability|p1b: Incineroar|Intimidate|boost\n|-unboost|p2a: Chi-Yu|atk|1\n|-fail|p2b: Calyrex|unboost|[from] item: Clear Amulet|[of] p2b: Calyrex\n|turn|1\n|\n|t:|1746138779\n|switch|p2b: Farigiraf|Farigiraf, L50, M|100/100\n|move|p1a: Indeedee|Follow Me|p1a: Indeedee\n|-singleturn|p1a: Indeedee|move: Follow Me\n|move|p2a: Chi-Yu|Snarl|p1a: Indeedee|[spread] p1a,p1b\n|-supereffective|p1a: Indeedee\n|-resisted|p1b: Incineroar\n|-damage|p1a: Indeedee|65/100\n|-damage|p1b: Incineroar|90/100\n|-unboost|p1a: Indeedee|spa|1\n|-unboost|p1b: Incineroar|spa|1\n|move|p1b: Incineroar|Parting Shot|p2a: Chi-Yu\n|-unboost|p2a: Chi-Yu|atk|1\n|-unboost|p2a: Chi-Yu|spa|1\n|\n|t:|1746138790\n|switch|p1b: Miraidon|Miraidon, L50|100/100|[from] Parting Shot\n|-fieldstart|move: Electric Terrain|[from] ability: Hadron Engine|[of] p1b: Miraidon\n|\n|upkeep\n|turn|2\n|inactive|Maxmar321 has 30 seconds left.\n|inactive|Jesucrit0 has 30 seconds left.\n|\n|t:|1746138825\n|switch|p2b: Rillaboom|Rillaboom, L50, F, shiny|100/100\n|-fieldstart|move: Grassy Terrain|[from] ability: Grassy Surge|[of] p2b: Rillaboom\n|move|p1a: Indeedee|Helping Hand|p1b: Miraidon\n|-singleturn|p1b: Miraidon|Helping Hand|[of] p1a: Indeedee\n|move|p2a: Chi-Yu|Snarl|p1a: Indeedee|[spread] p1a,p1b\n|-supereffective|p1a: Indeedee\n|-damage|p1a: Indeedee|41/100\n|-damage|p1b: Miraidon|83/100\n|-unboost|p1a: Indeedee|spa|1\n|-unboost|p1b: Miraidon|spa|1\n|move|p1b: Miraidon|Volt Switch|p2b: Rillaboom\n|-resisted|p2b: Rillaboom\n|-damage|p2b: Rillaboom|72/100\n|\n|t:|1746138837\n|switch|p1b: Incineroar|Incineroar, L50, M|90/100|[from] Volt Switch\n|-ability|p1b: Incineroar|Intimidate|boost\n|-unboost|p2a: Chi-Yu|atk|1\n|-unboost|p2b: Rillaboom|atk|1\n|\n|-heal|p2b: Rillaboom|78/100|[from] Grassy Terrain\n|-heal|p1a: Indeedee|47/100|[from] Grassy Terrain\n|-heal|p1b: Incineroar|96/100|[from] Grassy Terrain\n|upkeep\n|turn|3\n|\n|t:|1746138851\n|switch|p2a: Farigiraf|Farigiraf, L50, M|100/100\n|switch|p1a: Amoonguss|Amoonguss, L50, M|100/100\n|move|p2b: Rillaboom|Fake Out|p1b: Incineroar\n|-damage|p1b: Incineroar|87/100\n|cant|p1b: Incineroar|flinch\n|\n|-heal|p2b: Rillaboom|84/100|[from] Grassy Terrain\n|-heal|p1b: Incineroar|93/100|[from] Grassy Terrain\n|upkeep\n|turn|4\n|inactive|Jesucrit0 has 30 seconds left.\n|\n|t:|1746138879\n|move|p2b: Rillaboom|U-turn|p1b: Incineroar\n|-damage|p1b: Incineroar|77/100\n|\n|t:|1746138882\n|switch|p2b: Chi-Yu|Chi-Yu, L50|100/100|[from] U-turn\n|-ability|p2b: Chi-Yu|Beads of Ruin\n|move|p1b: Incineroar|Flare Blitz|p2b: Chi-Yu\n|-resisted|p2b: Chi-Yu\n|-damage|p2b: Chi-Yu|58/100\n|-damage|p1b: Incineroar|68/100|[from] Recoil\n|move|p1a: Amoonguss|Spore|p2a: Farigiraf\n|-activate|p2a: Farigiraf|item: Safety Goggles|Spore\n|move|p2a: Farigiraf|Trick Room|p2a: Farigiraf\n|-fieldstart|move: Trick Room|[of] p2a: Farigiraf\n|\n|-heal|p1b: Incineroar|74/100|[from] Grassy Terrain\n|-heal|p2b: Chi-Yu|64/100|[from] Grassy Terrain\n|upkeep\n|turn|5\n|inactive|Maxmar321 has 30 seconds left.\n|inactive|Jesucrit0 has 30 seconds left.\n|inactive|Maxmar321 has 20 seconds left.\n|inactive|Jesucrit0 has 20 seconds left.\n|inactive|Jesucrit0 has 15 seconds left.\n|\n|t:|1746138926\n|switch|p2b: Rillaboom|Rillaboom, L50, F, shiny|84/100\n|-terastallize|p2a: Farigiraf|Water\n|move|p1a: Amoonguss|Spore|p2b: Rillaboom\n|-immune|p2b: Rillaboom\n|move|p1b: Incineroar|Snarl|p2a: Farigiraf|[spread] p2a,p2b\n|-damage|p2a: Farigiraf|91/100\n|-damage|p2b: Rillaboom|76/100\n|-unboost|p2a: Farigiraf|spa|1\n|-unboost|p2b: Rillaboom|spa|1\n|move|p2a: Farigiraf|Psychic|p1a: Amoonguss\n|-supereffective|p1a: Amoonguss\n|-damage|p1a: Amoonguss|64/100\n|\n|-heal|p1a: Amoonguss|70/100|[from] Grassy Terrain\n|-heal|p1b: Incineroar|80/100|[from] Grassy Terrain\n|-heal|p2a: Farigiraf|97/100|[from] Grassy Terrain\n|-heal|p2b: Rillaboom|82/100|[from] Grassy Terrain\n|upkeep\n|turn|6\n|inactive|Jesucrit0 has 30 seconds left.\n|inactive|Maxmar321 has 30 seconds left.\n|inactive|Jesucrit0 has 20 seconds left.\n|inactive|Maxmar321 has 20 seconds left.\n|inactive|Jesucrit0 has 15 seconds left.\n|inactive|Jesucrit0 has 10 seconds left.\n|inactive|Jesucrit0 has 5 seconds left.\n|\n|t:|1746138981\n|switch|p1b: Indeedee|Indeedee-F, L50, F|47/100\n|-fieldstart|move: Psychic Terrain|[from] ability: Psychic Surge|[of] p1b: Indeedee\n|move|p1a: Amoonguss|Rage Powder|p1a: Amoonguss\n|-singleturn|p1a: Amoonguss|move: Rage Powder\n|move|p2a: Farigiraf|Foul Play|p1a: Amoonguss\n|-damage|p1a: Amoonguss|56/100\n|-damage|p2a: Farigiraf|80/100|[from] item: Rocky Helmet|[of] p1a: Amoonguss\n|move|p2b: Rillaboom|Grassy Glide|p1b: Indeedee\n|-damage|p1b: Indeedee|19/100\n|\n|upkeep\n|turn|7\n|c|\u2606Jesucrit0|run out of time hahaha\n|\n|t:|1746139004\n|switch|p1a: Incineroar|Incineroar, L50, M|80/100\n|-ability|p1a: Incineroar|Intimidate|boost\n|-unboost|p2a: Farigiraf|atk|1\n|-unboost|p2b: Rillaboom|atk|1\n|move|p2a: Farigiraf|Psychic|p1a: Incineroar\n|-immune|p1a: Incineroar\n|move|p1b: Indeedee|Psychic|p2a: Farigiraf\n|-damage|p2a: Farigiraf|42/100\n|-unboost|p2a: Farigiraf|spd|1\n|move|p2b: Rillaboom|U-turn|p1b: Indeedee\n|-supereffective|p1b: Indeedee\n|-damage|p1b: Indeedee|0 fnt\n|faint|p1b: Indeedee\n|\n|t:|1746139025\n|switch|p2b: Calyrex|Calyrex-Ice, L50|100/100|[from] U-turn\n|-ability|p2b: Calyrex|As One\n|-ability|p2b: Calyrex|Unnerve\n|\n|upkeep\n|\n|t:|1746139032\n|switch|p1b: Miraidon|Miraidon, L50|83/100\n|-fieldstart|move: Electric Terrain|[from] ability: Hadron Engine|[of] p1b: Miraidon\n|turn|8\n|inactive|Jesucrit0 has 30 seconds left.\n|inactive|Maxmar321 has 30 seconds left.\n|inactive|Jesucrit0 has 20 seconds left.\n|inactive|Jesucrit0 has 15 seconds left.\n|\n|t:|1746139074\n|-terastallize|p1b: Miraidon|Electric\n|move|p2b: Calyrex|Protect|p2b: Calyrex\n|-singleturn|p2b: Calyrex|Protect\n|move|p1a: Incineroar|Flare Blitz|p2b: Calyrex\n|-activate|p2b: Calyrex|move: Protect\n|move|p2a: Farigiraf|Psychic|p1b: Miraidon\n|-damage|p1b: Miraidon|62/100\n|move|p1b: Miraidon|Volt Switch|p2a: Farigiraf\n|-supereffective|p2a: Farigiraf\n|-damage|p2a: Farigiraf|0 fnt\n|faint|p2a: Farigiraf\n|\n|t:|1746139086\n|switch|p1b: Amoonguss|Amoonguss, L50, M|89/100|[from] Volt Switch\n|\n|-fieldend|move: Trick Room\n|upkeep\n|\n|t:|1746139091\n|switch|p2a: Chi-Yu|Chi-Yu, L50|64/100\n|-ability|p2a: Chi-Yu|Beads of Ruin\n|turn|9\n|inactive|Jesucrit0 has 30 seconds left.\n|\n|t:|1746139121\n|move|p1b: Amoonguss|Protect|p1b: Amoonguss\n|-singleturn|p1b: Amoonguss|Protect\n|move|p2a: Chi-Yu|Heat Wave|p1a: Incineroar|[spread] p1a\n|-activate|p1b: Amoonguss|move: Protect\n|-resisted|p1a: Incineroar\n|-damage|p1a: Incineroar|61/100\n|move|p1a: Incineroar|Flare Blitz|p2b: Calyrex\n|-supereffective|p2b: Calyrex\n|-damage|p2b: Calyrex|41/100\n|-damage|p1a: Incineroar|41/100|[from] Recoil\n|move|p2b: Calyrex|High Horsepower|p1a: Incineroar\n|-supereffective|p1a: Incineroar\n|-damage|p1a: Incineroar|0 fnt\n|faint|p1a: Incineroar\n|-ability|p2b: Calyrex|Chilling Neigh|boost\n|-boost|p2b: Calyrex|atk|1\n|\n|upkeep\n|\n|t:|1746139134\n|switch|p1a: Miraidon|Miraidon, L50, tera:Electric|62/100\n|-activate|p1a: Miraidon|ability: Hadron Engine\n|turn|10\n|\n|t:|1746139156\n|switch|p2b: Rillaboom|Rillaboom, L50, F, shiny|82/100\n|-fieldstart|move: Grassy Terrain|[from] ability: Grassy Surge|[of] p2b: Rillaboom\n|move|p2a: Chi-Yu|Heat Wave|p1a: Miraidon|[spread] p1a,p1b\n|-supereffective|p1b: Amoonguss\n|-damage|p1a: Miraidon|15/100\n|-damage|p1b: Amoonguss|9/100\n|move|p1a: Miraidon|Electro Drift|p2b: Rillaboom\n|-resisted|p2b: Rillaboom\n|-damage|p2b: Rillaboom|32/100\n|move|p1b: Amoonguss|Pollen Puff|p2a: Chi-Yu\n|-damage|p2a: Chi-Yu|41/100\n|\n|-heal|p2a: Chi-Yu|47/100|[from] Grassy Terrain\n|-heal|p1a: Miraidon|21/100|[from] Grassy Terrain\n|-heal|p2b: Rillaboom|38/100|[from] Grassy Terrain\n|-heal|p1b: Amoonguss|15/100|[from] Grassy Terrain\n|upkeep\n|turn|11\n|-message|Maxmar321 forfeited.\n|\n|win|Jesucrit0\n|raw|Maxmar321's rating: 1051 &rarr; <strong>1039</strong><br />(-12 for losing)\n|raw|Jesucrit0's rating: 1171 &rarr; <strong>1188</strong><br />(+17 for winning)\n|l|\u2606Maxmar321\n|player|p1|\n", "uploadtime": 1746139176, "views": 5, "formatid": "gen9vgc2025regibo3", "rating": 1039, "private": 0, "password": null}