{"id": "gen9vgc2025regibo3-2353540421", "format": "[Gen 9] VGC 2025 Reg I (Bo3)", "players": ["wizzpoower", "HardTRIsWashed"], "log": "|j|\u2606wizzpoower\n|j|\u2606HardTRIsWashed\n|html|<table width=\"100%\"><tr><td align=\"left\">wizzpoower</td><td align=\"right\">HardTRIsWashed</tr><tr><td align=\"left\"><i class=\"fa fa-circle-o\"></i> <i class=\"fa fa-circle-o\"></i> </td><td align=\"right\"><i class=\"fa fa-circle-o\"></i> <i class=\"fa fa-circle-o\"></i> </tr></table>\n|uhtml|bestof|<h2><strong>Game 1</strong> of <a href=\"/game-bestof3-gen9vgc2025regibo3-2353540420\">a best-of-3</a></h2>\n|t:|1745966120\n|gametype|doubles\n|player|p1|wizzpoower|cheren-masters|1155\n|player|p2|HardTRIsWashed|preschooler|1211\n|teamsize|p1|6\n|teamsize|p2|6\n|gen|9\n|tier|[Gen 9] VGC 2025 Reg I (Bo3)\n|rated|\n|rule|Species Clause: Limit one of each Pok\u00e9mon\n|rule|Item Clause: Limit 1 of each item\n|clearpoke\n|poke|p1|Miraidon, L50|\n|poke|p1|Urshifu-*, L50, F|\n|poke|p1|Iron Hands, L50|\n|poke|p1|Iron Treads, L50|\n|poke|p1|Farigiraf, L50, M|\n|poke|p1|Ho-Oh, L50|\n|poke|p2|Calyrex-Shadow, L50|\n|poke|p2|Terapagos, L50, M|\n|poke|p2|Incineroar, L50, F|\n|poke|p2|Rillaboom, L50, F|\n|poke|p2|Amoonguss, L50, F|\n|poke|p2|Urshifu-*, L50, F|\n|teampreview|4\n|showteam|p1|Miraidon||ChoiceSpecs|HadronEngine|ElectroDrift,VoltSwitch,DracoMeteor,DazzlingGleam||||||50|,,,,,Fairy]Urshifu||FocusSash|UnseenFist|WickedBlow,SuckerPunch,CloseCombat,Detect|||F|||50|,,,,,Dark]Iron Hands||AssaultVest|QuarkDrive|DrainPunch,LowKick,HeavySlam,FakeOut||||||50|,,,,,Poison]Iron Treads||ChoiceBand|QuarkDrive|HighHorsepower,IronHead,SteelRoller,RockSlide||||||50|,,,,,Ghost]Farigiraf||ElectricSeed|ArmorTail|Psychic,Roar,TrickRoom,HelpingHand|||M|||50|,,,,,Water]Ho-Oh||ClearAmulet|Regenerator|BraveBird,SacredFire,Protect,Tailwind||||||50|,,,,,Grass\n|showteam|p2|Calyrex-Shadow||FocusSash|AsOneSpectrier|AstralBarrage,WillOWisp,Disable,Protect||||||50|,,,,,Ghost]Terapagos||Leftovers|TeraShift|TeraStarstorm,EarthPower,CalmMind,Protect|||M|||50|,,,,,Stellar]Incineroar||SafetyGoggles|Intimidate|WillOWisp,KnockOff,FakeOut,PartingShot|||F|||50|,,,,,Bug]Rillaboom||AssaultVest|GrassySurge|FakeOut,WoodHammer,Uturn,GrassyGlide|||F|||50|,,,,,Grass]Amoonguss||RockyHelmet|Regenerator|Protect,Spore,RagePowder,SludgeBomb|||F|||50|,,,,,Water]Urshifu-Rapid-Strike||ChoiceScarf|UnseenFist|RockTomb,SurgingStrikes,Uturn,CloseCombat|||F|||50|,,,,,Water\n|j| blaz1n\n|\n|t:|1745966208\n|start\n|switch|p1a: goodbyefreak|Ho-Oh, L50|100/100\n|switch|p1b: mythicdreamr|Farigiraf, L50, M, shiny|100/100\n|switch|p2a: Terapagos|Terapagos, L50, M|100/100\n|switch|p2b: Amoonguss|Amoonguss, L50, F|100/100\n|-activate|p2a: Terapagos|ability: Tera Shift\n|detailschange|p2a: Terapagos|Terapagos-Terastal, L50, M\n|-heal|p2a: Terapagos|100/100|[silent]\n|turn|1\n|\n|t:|1745966242\n|move|p1b: mythicdreamr|Helping Hand|p1a: goodbyefreak\n|-singleturn|p1a: goodbyefreak|Helping Hand|[of] p1b: mythicdreamr\n|move|p2b: Amoonguss|Protect|p2b: Amoonguss\n|-singleturn|p2b: Amoonguss|Protect\n|move|p1a: goodbyefreak|Brave Bird|p2b: Amoonguss\n|-activate|p2b: Amoonguss|move: Protect\n|move|p2a: Terapagos|Tera Starstorm|p1b: mythicdreamr\n|-damage|p1b: mythicdreamr|55/100\n|\n|upkeep\n|turn|2\n|\n|t:|1745966330\n|switch|p1a: megabeast:3|Miraidon, L50|100/100\n|-fieldstart|move: Electric Terrain|[from] ability: Hadron Engine|[of] p1a: megabeast:3\n|-enditem|p1b: mythicdreamr|Electric Seed\n|-boost|p1b: mythicdreamr|def|1|[from] item: Electric Seed\n|-terastallize|p2b: Amoonguss|Water\n|move|p2a: Terapagos|Calm Mind|p2a: Terapagos\n|-boost|p2a: Terapagos|spa|1\n|-boost|p2a: Terapagos|spd|1\n|move|p2b: Amoonguss|Spore|p1b: mythicdreamr\n|-activate|p1b: mythicdreamr|move: Electric Terrain\n|move|p1b: mythicdreamr|Roar|p2a: Terapagos\n|drag|p2a: Calyrex|Calyrex-Shadow, L50|100/100\n|-ability|p2a: Calyrex|As One\n|-ability|p2a: Calyrex|Unnerve\n|\n|upkeep\n|turn|3\n|\n|t:|1745966376\n|move|p2b: Amoonguss|Rage Powder|p2b: Amoonguss\n|-singleturn|p2b: Amoonguss|move: Rage Powder\n|move|p2a: Calyrex|Astral Barrage|p1a: megabeast:3|[spread] p1a\n|-immune|p1b: mythicdreamr\n|-damage|p1a: megabeast:3|59/100\n|move|p1a: megabeast:3|Volt Switch|p2b: Amoonguss\n|-supereffective|p2b: Amoonguss\n|-damage|p2b: Amoonguss|0 fnt\n|faint|p2b: Amoonguss\n|\n|t:|1745966420\n|switch|p1a: goodbyefreak|Ho-Oh, L50|100/100|[from] Volt Switch\n|move|p1b: mythicdreamr|Trick Room|p1b: mythicdreamr\n|-fieldstart|move: Trick Room|[of] p1b: mythicdreamr\n|\n|upkeep\n|\n|t:|1745966431\n|switch|p2b: Terapagos|Terapagos-Terastal, L50, M|100/100\n|turn|4\n|l| blaz1n\n|\n|t:|1745966465\n|move|p1b: mythicdreamr|Psychic|p2b: Terapagos\n|-activate|p2b: Terapagos|ability: Tera Shell\n|-resisted|p2b: Terapagos\n|-crit|p2b: Terapagos\n|-damage|p2b: Terapagos|80/100\n|move|p2b: Terapagos|Calm Mind|p2b: Terapagos\n|-boost|p2b: Terapagos|spa|1\n|-boost|p2b: Terapagos|spd|1\n|move|p1a: goodbyefreak|Sacred Fire|p2b: Terapagos\n|-damage|p2b: Terapagos|46/100\n|-status|p2b: Terapagos|brn\n|move|p2a: Calyrex|Astral Barrage|p1b: mythicdreamr|[spread] p1a\n|-immune|p1b: mythicdreamr\n|-damage|p1a: goodbyefreak|70/100\n|\n|-heal|p2b: Terapagos|52/100 brn|[from] item: Leftovers\n|-damage|p2b: Terapagos|46/100 brn|[from] brn\n|upkeep\n|turn|5\n|\n|t:|1745966491\n|move|p2b: Terapagos|Tera Starstorm|p1b: mythicdreamr\n|-crit|p1b: mythicdreamr\n|-damage|p1b: mythicdreamr|0 fnt\n|faint|p1b: mythicdreamr\n|move|p1a: goodbyefreak|Brave Bird|p2a: Calyrex\n|-damage|p2a: Calyrex|30/100\n|-damage|p1a: goodbyefreak|49/100|[from] Recoil\n|move|p2a: Calyrex|Astral Barrage|p1a: goodbyefreak\n|-damage|p1a: goodbyefreak|8/100\n|\n|-heal|p2b: Terapagos|52/100 brn|[from] item: Leftovers\n|-damage|p2b: Terapagos|46/100 brn|[from] brn\n|upkeep\n|\n|t:|1745966507\n|switch|p1b: radicalqueen|Urshifu, L50, F|100/100\n|turn|6\n|\n|t:|1745966560\n|-terastallize|p1b: radicalqueen|Dark\n|move|p1b: radicalqueen|Sucker Punch|p2b: Terapagos\n|-damage|p2b: Terapagos|7/100 brn\n|move|p2b: Terapagos|Tera Starstorm|p1b: radicalqueen\n|-enditem|p1b: radicalqueen|Focus Sash\n|-damage|p1b: radicalqueen|1/100\n|move|p1a: goodbyefreak|Brave Bird|p2a: Calyrex\n|-damage|p2a: Calyrex|0 fnt\n|faint|p2a: Calyrex\n|-damage|p1a: goodbyefreak|0 fnt|[from] Recoil\n|faint|p1a: goodbyefreak\n|\n|-heal|p2b: Terapagos|14/100 brn|[from] item: Leftovers\n|-damage|p2b: Terapagos|7/100 brn|[from] brn\n|-fieldend|move: Electric Terrain\n|upkeep\n|\n|t:|1745966589\n|switch|p1a: megabeast:3|Miraidon, L50|59/100\n|switch|p2a: Rillaboom|Rillaboom, L50, F|100/100\n|-fieldstart|move: Grassy Terrain|[from] ability: Grassy Surge|[of] p2a: Rillaboom\n|-fieldstart|move: Electric Terrain|[from] ability: Hadron Engine|[of] p1a: megabeast:3\n|turn|7\n|\n|t:|1745966624\n|move|p1b: radicalqueen|Detect|p1b: radicalqueen\n|-singleturn|p1b: radicalqueen|Protect\n|move|p2a: Rillaboom|Grassy Glide|p1b: radicalqueen\n|-activate|p1b: radicalqueen|move: Protect\n|move|p2b: Terapagos|Earth Power|p1a: megabeast:3\n|-supereffective|p1a: megabeast:3\n|-damage|p1a: megabeast:3|0 fnt\n|faint|p1a: megabeast:3\n|\n|-heal|p2b: Terapagos|14/100 brn|[from] item: Leftovers\n|-damage|p2b: Terapagos|7/100 brn|[from] brn\n|-fieldend|move: Trick Room\n|upkeep\n|turn|8\n|\n|t:|1745966638\n|move|p1b: radicalqueen|Wicked Blow|p2a: Rillaboom\n|-crit|p2a: Rillaboom\n|-damage|p2a: Rillaboom|34/100\n|move|p2b: Terapagos|Tera Starstorm|p1b: radicalqueen\n|-damage|p1b: radicalqueen|0 fnt\n|faint|p1b: radicalqueen\n|\n|win|HardTRIsWashed\n||wizzpoower is ready for game 2.\n||wizzpoower is ready for game 2.\n||HardTRIsWashed is ready for game 2.\n|uhtml|next|Next: <a href=\"/battle-gen9vgc2025regibo3-2353545096\"><strong>Game 2 of 3</strong></a>\n", "uploadtime": 1745967425, "views": 7, "formatid": "gen9vgc2025regibo3", "rating": null, "private": 0, "password": null}