{"id": "gen9vgc2025regibo3-2353747200", "format": "[Gen 9] VGC 2025 Reg I (Bo3)", "players": ["0dileDmtr", "Vampyre97"], "log": "|j|\u26060dileDmtr\n|j|\u2606Vampyre97\n|html|<table width=\"100%\"><tr><td align=\"left\">0dileDmtr</td><td align=\"right\">Vampyre97</tr><tr><td align=\"left\"><i class=\"fa fa-circle-o\"></i> <i class=\"fa fa-circle-o\"></i> </td><td align=\"right\"><i class=\"fa fa-circle-o\"></i> <i class=\"fa fa-circle-o\"></i> </tr></table>\n|uhtml|bestof|<h2><strong>Game 1</strong> of <a href=\"/game-bestof3-gen9vgc2025regibo3-2353747199\">a best-of-3</a></h2>\n|t:|1745993042\n|gametype|doubles\n|player|p1|0dileDmtr|dawn|1119\n|player|p2|Vampyre97|veteran|1025\n|teamsize|p1|6\n|teamsize|p2|6\n|gen|9\n|tier|[Gen 9] VGC 2025 Reg I (Bo3)\n|rated|\n|rule|Species Clause: Limit one of each Pok\u00e9mon\n|rule|Item Clause: Limit 1 of each item\n|clearpoke\n|poke|p1|Lunala, L50|\n|poke|p1|Groudon, L50|\n|poke|p1|Sableye, L50, F|\n|poke|p1|Iron Valiant, L50|\n|poke|p1|Raging Bolt, L50|\n|poke|p1|Rillaboom, L50, F|\n|poke|p2|Lunala, L50|\n|poke|p2|Indeedee-F, L50, F|\n|poke|p2|Groudon, L50|\n|poke|p2|Venusaur, L50, M|\n|poke|p2|Porygon2, L50|\n|poke|p2|Flutter Mane, L50|\n|teampreview|4\n|showteam|p1|Lunala||PowerHerb|ShadowShield|MoongeistBeam,MeteorBeam,Protect,Hypnosis||||||50|,,,,,Fairy]Groudon||LifeOrb|Drought|PrecipiceBlades,HighHorsepower,StoneEdge,Protect||||||50|,,,,,Fire]Sableye||MentalHerb|Prankster|Gravity,FoulPlay,Disable,Encore|||F|||50|,,,,,Normal]Iron Valiant||BoosterEnergy|QuarkDrive|KnockOff,WideGuard,Disable,ThunderWave||||||50|,,,,,Ghost]Raging Bolt||Magnet|Protosynthesis|Thunderbolt,DracoMeteor,Thunderclap,Protect||||||50|,,,,,Electric]Rillaboom||AssaultVest|GrassySurge|WoodHammer,GrassyGlide,FakeOut,Uturn|||F|||50|,,,,,Fire\n|showteam|p2|Lunala||PowerHerb|ShadowShield|MoongeistBeam,MeteorBeam,ExpandingForce,TrickRoom||||||50|,,,,,Water]Indeedee-F||RockyHelmet|PsychicSurge|FollowMe,HelpingHand,TrickRoom,DazzlingGleam|||F|||50|,,,,,Fairy]Groudon||ClearAmulet|Drought|PrecipiceBlades,HeatCrash,ThunderPunch,Protect||||||50|,,,,,Fire]Venusaur||LifeOrb|Chlorophyll|GigaDrain,SludgeBomb,WeatherBall,Growth|||M|||50|,,,,,Fire]Porygon2||Eviolite|Download|Thunderbolt,IceBeam,Recover,TriAttack||||||50|,,,,,Fairy]Flutter Mane||BoosterEnergy|Protosynthesis|Moonblast,ShadowBall,IcyWind,Protect||||||50|,,,,,Fairy\n|inactive|Battle timer is ON: inactive players will automatically lose when time's up. (requested by 0dileDmtr)\n|inactive|0dileDmtr has 60 seconds left.\n|\n|t:|1745993109\n|start\n|switch|p1a: Sableye|Sableye, L50, F|100/100\n|switch|p1b: Lunala|Lunala, L50|100/100\n|switch|p2a: Dee|Indeedee-F, L50, F|100/100\n|switch|p2b: Scarlet|Lunala, L50, shiny|100/100\n|-fieldstart|move: Psychic Terrain|[from] ability: Psychic Surge|[of] p2a: Dee\n|turn|1\n|\n|t:|1745993132\n|move|p1a: Sableye|Gravity|p1a: Sableye\n|-fieldstart|move: Gravity\n|move|p1b: Lunala|Hypnosis|p2a: Dee\n|-status|p2a: Dee|slp|[from] move: Hypnosis\n|move|p2b: Scarlet|Moongeist Beam|p1b: Lunala\n|-supereffective|p1b: Lunala\n|-damage|p1b: Lunala|12/100\n|cant|p2a: Dee|slp\n|\n|upkeep\n|turn|2\n|inactive|0dileDmtr has 30 seconds left.\n|\n|t:|1745993159\n|move|p1b: Lunala|Hypnosis|p2b: Scarlet\n|-status|p2b: Scarlet|slp|[from] move: Hypnosis\n|cant|p2b: Scarlet|slp\n|move|p1a: Sableye|Foul Play|p2b: Scarlet\n|-supereffective|p2b: Scarlet\n|-damage|p2b: Scarlet|57/100 slp\n|cant|p2a: Dee|slp\n|\n|upkeep\n|turn|3\n|inactive|0dileDmtr has 30 seconds left.\n|inactive|0dileDmtr has 20 seconds left.\n|inactive|0dileDmtr has 15 seconds left.\n|inactive|0dileDmtr has 10 seconds left.\n|\n|t:|1745993208\n|move|p1b: Lunala|Meteor Beam||[still]\n|-prepare|p1b: Lunala|Meteor Beam\n|-boost|p1b: Lunala|spa|1\n|-enditem|p1b: Lunala|Power Herb\n|-anim|p1b: Lunala|Meteor Beam|p2a: Dee\n|-damage|p2a: Dee|35/100 slp\n|cant|p2b: Scarlet|slp\n|move|p1a: Sableye|Foul Play|p2b: Scarlet\n|-supereffective|p2b: Scarlet\n|-damage|p2b: Scarlet|0 fnt\n|faint|p2b: Scarlet\n|cant|p2a: Dee|slp\n|\n|upkeep\n|\n|t:|1745993223\n|switch|p2b: ROMulus|Porygon2, L50|100/100\n|-ability|p2b: ROMulus|Download|boost\n|-boost|p2b: ROMulus|atk|1\n|turn|4\n|\n|t:|1745993241\n|move|p1b: Lunala|Hypnosis|p2b: ROMulus\n|-status|p2b: ROMulus|slp|[from] move: Hypnosis\n|move|p1a: Sableye|Foul Play|p2a: Dee\n|-supereffective|p2a: Dee\n|-damage|p2a: Dee|8/100 slp\n|-damage|p1a: Sableye|84/100|[from] item: Rocky Helmet|[of] p2a: Dee\n|cant|p2b: ROMulus|slp\n|-curestatus|p2a: Dee|slp|[msg]\n|move|p2a: Dee|Trick Room|p2a: Dee\n|-fieldstart|move: Trick Room|[of] p2a: Dee\n|\n|upkeep\n|turn|5\n|inactive|0dileDmtr has 30 seconds left.\n|\n|t:|1745993272\n|move|p1b: Lunala|Protect|p1b: Lunala\n|-singleturn|p1b: Lunala|Protect\n|cant|p2b: ROMulus|slp\n|move|p1a: Sableye|Foul Play|p2a: Dee\n|-supereffective|p2a: Dee\n|-damage|p2a: Dee|0 fnt\n|-damage|p1a: Sableye|67/100|[from] item: Rocky Helmet|[of] p2a: Dee\n|faint|p2a: Dee\n|\n|-fieldend|move: Gravity\n|-fieldend|move: Psychic Terrain\n|upkeep\n|\n|t:|1745993282\n|switch|p2a: Gojira|Groudon, L50|100/100\n|-weather|SunnyDay|[from] ability: Drought|[of] p2a: Gojira\n|turn|6\n|inactive|0dileDmtr has 30 seconds left.\n|\n|t:|1745993308\n|switch|p1a: Groudon|Groudon, L50|100/100\n|switch|p1b: Iron Valiant|Iron Valiant, L50|100/100\n|-enditem|p1b: Iron Valiant|Booster Energy\n|-activate|p1b: Iron Valiant|ability: Quark Drive|[fromitem]\n|-start|p1b: Iron Valiant|quarkdrivespe\n|-curestatus|p2b: ROMulus|slp|[msg]\n|move|p2b: ROMulus|Thunderbolt|p1a: Groudon\n|-immune|p1a: Groudon\n|move|p2a: Gojira|Precipice Blades|p1b: Iron Valiant|[spread] p1a,p1b\n|-damage|p1a: Groudon|58/100\n|-damage|p1b: Iron Valiant|44/100\n|\n|-weather|SunnyDay|[upkeep]\n|upkeep\n|turn|7\n|inactive|0dileDmtr has 30 seconds left.\n|inactive|Vampyre97 has 30 seconds left.\n|\n|t:|1745993337\n|move|p1b: Iron Valiant|Wide Guard|p1b: Iron Valiant\n|-singleturn|p1b: Iron Valiant|Wide Guard\n|move|p2b: ROMulus|Ice Beam|p1a: Groudon\n|-supereffective|p1a: Groudon\n|-damage|p1a: Groudon|6/100\n|move|p2a: Gojira|Heat Crash|p1b: Iron Valiant\n|-damage|p1b: Iron Valiant|0 fnt\n|faint|p1b: Iron Valiant\n|-end|p1b: Iron Valiant|Quark Drive|[silent]\n|move|p1a: Groudon|Precipice Blades|p2b: ROMulus|[spread] p2a,p2b\n|-damage|p2a: Gojira|53/100\n|-damage|p2b: ROMulus|62/100\n|-damage|p1a: Groudon|0 fnt|[from] item: Life Orb\n|faint|p1a: Groudon\n|\n|-weather|SunnyDay|[upkeep]\n|upkeep\n|\n|t:|1745993362\n|switch|p1a: Sableye|Sableye, L50, F|67/100\n|switch|p1b: Lunala|Lunala, L50|12/100\n|turn|8\n|\n|t:|1745993378\n|-terastallize|p2b: ROMulus|Fairy\n|move|p1b: Lunala|Protect|p1b: Lunala\n|-singleturn|p1b: Lunala|Protect\n|move|p2b: ROMulus|Ice Beam|p1a: Sableye\n|-damage|p1a: Sableye|45/100\n|move|p1a: Sableye|Foul Play|p2a: Gojira\n|-damage|p2a: Gojira|19/100\n|move|p2a: Gojira|Precipice Blades|p1b: Lunala|[spread] p1a\n|-activate|p1b: Lunala|move: Protect\n|-damage|p1a: Sableye|0 fnt\n|faint|p1a: Sableye\n|\n|-weather|SunnyDay|[upkeep]\n|-fieldend|move: Trick Room\n|upkeep\n|turn|9\n|\n|t:|1745993401\n|move|p1b: Lunala|Hypnosis|p2a: Gojira\n|-status|p2a: Gojira|slp|[from] move: Hypnosis\n|cant|p2a: Gojira|slp\n|move|p2b: ROMulus|Thunderbolt|p1b: Lunala\n|-damage|p1b: Lunala|0 fnt\n|faint|p1b: Lunala\n|\n|win|Vampyre97\n||Vampyre97 is ready for game 2.\n|inactive|0dileDmtr has 30 seconds to confirm battle start!\n||0dileDmtr is ready for game 2.\n|uhtml|next|Next: <a href=\"/battle-gen9vgc2025regibo3-2353749224\"><strong>Game 2 of 3</strong></a>\n", "uploadtime": 1745993671, "views": 6, "formatid": "gen9vgc2025regibo3", "rating": null, "private": 0, "password": null}