{"id": "gen9vgc2025regibo3-2355096611", "format": "[Gen 9] VGC 2025 Reg I (Bo3)", "players": ["carrotbeafsteak", "6151651465n"], "log": "|j|\u2606carrotbeafsteak\n|j|\u26066151651465n\n|html|<table width=\"100%\"><tr><td align=\"left\">carrotbeafsteak</td><td align=\"right\">6151651465n</tr><tr><td align=\"left\"><i class=\"fa fa-circle-o\"></i> <i class=\"fa fa-circle-o\"></i> </td><td align=\"right\"><i class=\"fa fa-circle-o\"></i> <i class=\"fa fa-circle-o\"></i> </tr></table>\n|uhtml|bestof|<h2><strong>Game 1</strong> of <a href=\"/game-bestof3-gen9vgc2025regibo3-2355096610\">a best-of-3</a></h2>\n|t:|1746152018\n|gametype|doubles\n|player|p1|carrotbeafsteak|266|1289\n|player|p2|6151651465n|pokekid|1374\n|teamsize|p1|6\n|teamsize|p2|6\n|gen|9\n|tier|[Gen 9] VGC 2025 Reg I (Bo3)\n|rated|\n|rule|Species Clause: Limit one of each Pok\u00e9mon\n|rule|Item Clause: Limit 1 of each item\n|clearpoke\n|poke|p1|Zamazenta-*, L50|\n|poke|p1|Miraidon, L50|\n|poke|p1|Murkrow, L50, M|\n|poke|p1|Bruxish, L50, F|\n|poke|p1|Avalugg-Hisui, L50, M|\n|poke|p1|Maushold, L50|\n|poke|p2|Dialga, L50|\n|poke|p2|Ursaluna, L50, F|\n|poke|p2|Indeedee-F, L50, F|\n|poke|p2|Miraidon, L50|\n|poke|p2|Grimmsnarl, L50, M|\n|poke|p2|Incineroar, L50, M|\n|teampreview|4\n|showteam|p1|Zamazenta-Crowned||RustedShield|DauntlessShield|Protect,HeavySlam,BodyPress,WideGuard||||||50|,,,,,Ghost]Miraidon||LifeOrb|HadronEngine|Protect,ElectroDrift,DracoMeteor,DazzlingGleam||||||50|,,,,,Stellar]Murkrow||FocusSash|Prankster|Tailwind,Haze,Torment,DarkPulse|||M|||50|,,,,,Ghost]Bruxish||ChoiceScarf|Dazzling|WaveCrash,PsychicFangs,IcyWind,FlipTurn|||F|||50|,,,,,Normal]Avalugg-Hisui||LoadedDice|Sturdy|RockBlast,IcicleSpear,BodyPress,WideGuard|||M|||50|,,,,,Ground]Maushold||WideLens|Technician|Protect,FollowMe,Bite,PopulationBomb||||||50|,,,,,Ghost\n|showteam|p2|Dialga||AdamantOrb|Telepathy|DracoMeteor,PsychUp,TrickRoom,FlashCannon||||||50|,,,,,Grass]Ursaluna||FlameOrb|Guts|Earthquake,Facade,HeadlongRush,Protect|||F|||50|,,,,,Ghost]Indeedee-F||PsychicSeed|PsychicSurge|FollowMe,TrickRoom,HealPulse,HelpingHand|||F|||50|,,,,,Fairy]Miraidon||Leftovers|HadronEngine|CalmMind,ElectroDrift,DazzlingGleam,Protect||||||50|,,,,,Fairy]Grimmsnarl||LightClay|Prankster|FakeOut,LightScreen,Reflect,SpiritBreak|||M|||50|,,,,,Fairy]Incineroar||SafetyGoggles|Intimidate|PartingShot,FakeOut,FlareBlitz,KnockOff|||M|||50|,,,,,Ghost\n|\n|t:|1746152088\n|start\n|switch|p1a: Bruxish|Bruxish, L50, F|100/100\n|switch|p1b: Maushold|Maushold, L50|100/100\n|switch|p2a: Grimmsnarl|Grimmsnarl, L50, M|100/100\n|switch|p2b: Miraidon|Miraidon, L50|100/100\n|-fieldstart|move: Electric Terrain|[from] ability: Hadron Engine|[of] p2b: Miraidon\n|turn|1\n|\n|t:|1746152134\n|move|p2b: Miraidon|Protect|p2b: Miraidon\n|-singleturn|p2b: Miraidon|Protect\n|move|p1a: Bruxish|Psychic Fangs|p2b: Miraidon\n|-activate|p2b: Miraidon|move: Protect\n|move|p1b: Maushold|Population Bomb|p2b: Miraidon\n|-activate|p2b: Miraidon|move: Protect\n|move|p2a: Grimmsnarl|Spirit Break|p1b: Maushold\n|-damage|p1b: Maushold|54/100\n|-unboost|p1b: Maushold|spa|1\n|\n|upkeep\n|turn|2\n|\n|t:|1746152186\n|switch|p1a: Miraidon|Miraidon, L50|100/100\n|-activate|p1a: Miraidon|ability: Hadron Engine\n|move|p1b: Maushold|Population Bomb|p2b: Miraidon\n|-damage|p2b: Miraidon|91/100\n|-damage|p2b: Miraidon|81/100\n|-damage|p2b: Miraidon|71/100\n|-damage|p2b: Miraidon|61/100\n|-damage|p2b: Miraidon|50/100\n|-damage|p2b: Miraidon|41/100\n|-damage|p2b: Miraidon|32/100\n|-damage|p2b: Miraidon|21/100\n|-damage|p2b: Miraidon|11/100\n|-damage|p2b: Miraidon|1/100\n|-hitcount|p2b: Miraidon|10\n|move|p2b: Miraidon|Electro Drift|p1a: Miraidon\n|-resisted|p1a: Miraidon\n|-damage|p1a: Miraidon|78/100\n|move|p2a: Grimmsnarl|Spirit Break|p1b: Maushold\n|-damage|p1b: Maushold|2/100\n|-unboost|p1b: Maushold|spa|1\n|\n|-heal|p2b: Miraidon|7/100|[from] item: Leftovers\n|upkeep\n|turn|3\n|\n|t:|1746152256\n|move|p2a: Grimmsnarl|Reflect|p2a: Grimmsnarl\n|-sidestart|p2: 6151651465n|Reflect\n|move|p1a: Miraidon|Dazzling Gleam|p2b: Miraidon|[spread] p2a,p2b\n|-supereffective|p2a: Grimmsnarl\n|-supereffective|p2b: Miraidon\n|-damage|p2a: Grimmsnarl|21/100\n|-damage|p2b: Miraidon|0 fnt\n|faint|p2b: Miraidon\n|-damage|p1a: Miraidon|68/100|[from] item: Life Orb\n|move|p1b: Maushold|Population Bomb|p2a: Grimmsnarl\n|-damage|p2a: Grimmsnarl|14/100\n|-damage|p2a: Grimmsnarl|5/100\n|-crit|p2a: Grimmsnarl\n|-damage|p2a: Grimmsnarl|0 fnt\n|faint|p2a: Grimmsnarl\n|-hitcount|p2: Grimmsnarl|3\n|\n|upkeep\n|\n|t:|1746152271\n|switch|p2b: Ursaluna|Ursaluna, L50, F|100/100\n|switch|p2a: Indeedee|Indeedee-F, L50, F|100/100\n|-fieldstart|move: Psychic Terrain|[from] ability: Psychic Surge|[of] p2a: Indeedee\n|-enditem|p2a: Indeedee|Psychic Seed\n|-boost|p2a: Indeedee|spd|1|[from] item: Psychic Seed\n|turn|4\n|\n|t:|1746152304\n|-terastallize|p1a: Miraidon|Stellar\n|-terastallize|p2b: Ursaluna|Ghost\n|move|p1a: Miraidon|Electro Drift|p2a: Indeedee\n|-damage|p2a: Indeedee|36/100\n|-damage|p1a: Miraidon|58/100|[from] item: Life Orb\n|move|p1b: Maushold|Population Bomb|p2a: Indeedee\n|-damage|p2a: Indeedee|29/100\n|-damage|p2a: Indeedee|21/100\n|-damage|p2a: Indeedee|13/100\n|-damage|p2a: Indeedee|6/100\n|-damage|p2a: Indeedee|0 fnt\n|faint|p2a: Indeedee\n|-hitcount|p2: Indeedee|5\n|move|p2b: Ursaluna|Facade|p1b: Maushold\n|-damage|p1b: Maushold|0 fnt\n|faint|p1b: Maushold\n|\n|-status|p2b: Ursaluna|brn|[from] item: Flame Orb\n|upkeep\n|\n|t:|1746152321\n|switch|p1b: Bruxish|Bruxish, L50, F|100/100\n|turn|5\n|\n|t:|1746152326\n|move|p1b: Bruxish|Psychic Fangs|p2b: Ursaluna\n|-sideend|p2: 6151651465n|Reflect\n|-damage|p2b: Ursaluna|65/100 brn\n|move|p1a: Miraidon|Electro Drift|p2b: Ursaluna\n|-damage|p2b: Ursaluna|0 fnt\n|faint|p2b: Ursaluna\n|-damage|p1a: Miraidon|49/100|[from] item: Life Orb\n|\n|win|carrotbeafsteak\n||carrotbeafsteak is ready for game 2.\n||6151651465n is ready for game 2.\n|uhtml|next|Next: <a href=\"/battle-gen9vgc2025regibo3-2355099048\"><strong>Game 2 of 3</strong></a>\n", "uploadtime": 1746152659, "views": 3, "formatid": "gen9vgc2025regibo3", "rating": null, "private": 0, "password": null}