{"id": "gen9vgc2025regibo3-2353511379", "format": "[Gen 9] VGC 2025 Reg I (Bo3)", "players": ["PeePooBum", "messi-05"], "log": "|j|\u2606PeePooBum\n|j|\u2606messi-05\n|html|<table width=\"100%\"><tr><td align=\"left\">PeePooBum</td><td align=\"right\">messi-05</tr><tr><td align=\"left\"><i class=\"fa fa-circle\"></i> <i class=\"fa fa-circle-o\"></i> </td><td align=\"right\"><i class=\"fa fa-circle-o\"></i> <i class=\"fa fa-circle-o\"></i> </tr></table>\n|uhtml|bestof|<h2><strong>Game 2</strong> of <a href=\"/game-bestof3-gen9vgc2025regibo3-2353508369\">a best-of-3</a></h2>\n|t:|1745962983\n|gametype|doubles\n|player|p1|PeePooBum|101|1072\n|player|p2|messi-05|170|1117\n|teamsize|p1|6\n|teamsize|p2|6\n|gen|9\n|tier|[Gen 9] VGC 2025 Reg I (Bo3)\n|rated|\n|rule|Species Clause: Limit one of each Pok\u00e9mon\n|rule|Item Clause: Limit 1 of each item\n|clearpoke\n|poke|p1|Koraidon, L50|\n|poke|p1|Solgaleo, L50|\n|poke|p1|Flutter Mane, L50|\n|poke|p1|Ogerpon-Cornerstone, L50, F|\n|poke|p1|Brute Bonnet, L50|\n|poke|p1|Gastrodon-East, L50, M|\n|poke|p2|Terapagos, L50, M|\n|poke|p2|Koraidon, L50|\n|poke|p2|Incineroar, L50, M|\n|poke|p2|Rillaboom, L50, M|\n|poke|p2|Ogerpon-Cornerstone, L50, F|\n|poke|p2|Flutter Mane, L50|\n|teampreview|4\n|showteam|p1|Koraidon||ClearAmulet|OrichalcumPulse|FlareBlitz,FlameCharge,CollisionCourse,Protect||||||50|,,,,,Fire]Solgaleo||WeaknessPolicy|FullMetalBody|SunsteelStrike,PsychicFangs,WideGuard,Protect||||||50|,,,,,Flying]Flutter Mane||FocusSash|Protosynthesis|Moonblast,ShadowBall,IcyWind,Protect||||||50|,,,,,Normal]Ogerpon-Cornerstone||CornerstoneMask|Sturdy|PowerWhip,IvyCudgel,FollowMe,SpikyShield|||F|||50|,,,,,Rock]Brute Bonnet||RockyHelmet|Protosynthesis|Spore,RagePowder,SeedBomb,SuckerPunch||||||50|,,,,,Water]Gastrodon-East||SafetyGoggles|StormDrain|ClearSmog,EarthPower,Yawn,Recover|||M|||50|,,,,,Fire\n|showteam|p2|Terapagos||Leftovers|TeraShift|TeraStarstorm,CalmMind,Substitute,Protect|||M|||50|,,,,,Stellar]Koraidon||LifeOrb|OrichalcumPulse|FlareBlitz,CloseCombat,FlameCharge,Protect||||||50|,,,,,Fire]Incineroar||RockyHelmet|Intimidate|KnockOff,PartingShot,WillOWisp,FakeOut|||M|||50|,,,,,Water]Rillaboom||AssaultVest|GrassySurge|WoodHammer,GrassyGlide,Uturn,FakeOut|||M|||50|,,,,,Water]Ogerpon-Cornerstone||CornerstoneMask|Sturdy|IvyCudgel,GrassyGlide,FollowMe,SpikyShield|||F|||50|,,,,,Rock]Flutter Mane||FocusSash|Protosynthesis|Moonblast,DazzlingGleam,ShadowBall,IcyWind||||||50|,,,,,Fairy\n|inactive|Battle timer is ON: inactive players will automatically lose when time's up. (requested by messi-05)\n|inactive|messi-05 has 60 seconds left.\n|\n|t:|1745963020\n|start\n|switch|p1a: Brute Bonnet|Brute Bonnet, L50|100/100\n|switch|p1b: Flutter Mane|Flutter Mane, L50|100/100\n|switch|p2a: Flutter Mane|Flutter Mane, L50|100/100\n|switch|p2b: Incineroar|Incineroar, L50, M|100/100\n|-ability|p2b: Incineroar|Intimidate|boost\n|-unboost|p1a: Brute Bonnet|atk|1\n|-unboost|p1b: Flutter Mane|atk|1\n|turn|1\n|\n|t:|1745963042\n|move|p1b: Flutter Mane|Protect|p1b: Flutter Mane\n|-singleturn|p1b: Flutter Mane|Protect\n|move|p2b: Incineroar|Fake Out|p1a: Brute Bonnet\n|-damage|p1a: Brute Bonnet|93/100\n|-damage|p2b: Incineroar|84/100|[from] item: Rocky Helmet|[of] p1a: Brute Bonnet\n|cant|p1a: Brute Bonnet|flinch\n|move|p2a: Flutter Mane|Moonblast|p1a: Brute Bonnet\n|-supereffective|p1a: Brute Bonnet\n|-damage|p1a: Brute Bonnet|24/100\n|\n|upkeep\n|turn|2\n|inactive|messi-05 has 30 seconds left.\n|inactive|messi-05 has 20 seconds left.\n|inactive|messi-05 has 15 seconds left.\n|inactive|messi-05 has 10 seconds left.\n|inactive|messi-05 has 5 seconds left.\n|\n|t:|1745963097\n|move|p1a: Brute Bonnet|Sucker Punch|p2a: Flutter Mane\n|-damage|p2a: Flutter Mane|60/100\n|move|p1b: Flutter Mane|Icy Wind|p2a: Flutter Mane|[spread] p2a,p2b\n|-resisted|p2b: Incineroar\n|-damage|p2a: Flutter Mane|43/100\n|-damage|p2b: Incineroar|77/100\n|-unboost|p2a: Flutter Mane|spe|1\n|-unboost|p2b: Incineroar|spe|1\n|move|p2a: Flutter Mane|Moonblast|p1b: Flutter Mane\n|-damage|p1b: Flutter Mane|50/100\n|-unboost|p1b: Flutter Mane|spa|1\n|move|p2b: Incineroar|Knock Off|p1a: Brute Bonnet\n|-resisted|p1a: Brute Bonnet\n|-damage|p1a: Brute Bonnet|10/100\n|-damage|p2b: Incineroar|61/100|[from] item: Rocky Helmet|[of] p1a: Brute Bonnet\n|-enditem|p1a: Brute Bonnet|Rocky Helmet|[from] move: Knock Off|[of] p2b: Incineroar\n|\n|upkeep\n|turn|3\n|inactive|PeePooBum has 30 seconds left.\n|inactive|PeePooBum has 20 seconds left.\n|inactive|messi-05 has 30 seconds left.\n|\n|t:|1745963134\n|move|p1b: Flutter Mane|Moonblast|p2a: Flutter Mane\n|-damage|p2a: Flutter Mane|8/100\n|move|p2a: Flutter Mane|Dazzling Gleam|p1b: Flutter Mane|[spread] p1a,p1b\n|-supereffective|p1a: Brute Bonnet\n|-damage|p1a: Brute Bonnet|0 fnt\n|-damage|p1b: Flutter Mane|14/100\n|faint|p1a: Brute Bonnet\n|-end|p1a: Brute Bonnet|Protosynthesis|[silent]\n|move|p2b: Incineroar|Knock Off|p1b: Flutter Mane\n|-damage|p1b: Flutter Mane|0 fnt\n|-enditem|p1b: Flutter Mane|Focus Sash|[from] move: Knock Off|[of] p2b: Incineroar\n|faint|p1b: Flutter Mane\n|-end|p1b: Flutter Mane|Protosynthesis|[silent]\n|\n|upkeep\n|\n|t:|1745963152\n|switch|p1b: Solgaleo|Solgaleo, L50|100/100\n|switch|p1a: Koraidon|Koraidon, L50|100/100\n|-weather|SunnyDay|[from] ability: Orichalcum Pulse|[of] p1a: Koraidon\n|-activate|p2a: Flutter Mane|ability: Protosynthesis\n|-start|p2a: Flutter Mane|protosynthesisspa\n|-activate|p1a: Koraidon|Orichalcum Pulse|[source]\n|turn|4\n|inactive|messi-05 has 30 seconds left.\n|inactive|messi-05 has 20 seconds left.\n|inactive|messi-05 has 15 seconds left.\n|\n|t:|1745963194\n|-end|p2a: Flutter Mane|Protosynthesis|[silent]\n|switch|p2a: Terapagos|Terapagos, L50, M|100/100\n|-activate|p2a: Terapagos|ability: Tera Shift\n|detailschange|p2a: Terapagos|Terapagos-Terastal, L50, M\n|-heal|p2a: Terapagos|100/100|[silent]\n|move|p1a: Koraidon|Flame Charge|p2a: Terapagos\n|-activate|p2a: Terapagos|ability: Tera Shell\n|-resisted|p2a: Terapagos\n|-damage|p2a: Terapagos|86/100\n|-boost|p1a: Koraidon|spe|1\n|move|p1b: Solgaleo|Sunsteel Strike|p2b: Incineroar\n|-resisted|p2b: Incineroar\n|-damage|p2b: Incineroar|43/100\n|-damage|p1b: Solgaleo|84/100|[from] item: Rocky Helmet|[of] p2b: Incineroar\n|move|p2b: Incineroar|Knock Off|p1b: Solgaleo\n|-supereffective|p1b: Solgaleo\n|-damage|p1b: Solgaleo|34/100\n|-enditem|p1b: Solgaleo|Weakness Policy\n|-boost|p1b: Solgaleo|atk|2|[from] item: Weakness Policy\n|-boost|p1b: Solgaleo|spa|2|[from] item: Weakness Policy\n|\n|-weather|SunnyDay|[upkeep]\n|-heal|p2a: Terapagos|92/100|[from] item: Leftovers\n|upkeep\n|turn|5\n|inactive|PeePooBum has 30 seconds left.\n|inactive|messi-05 has 30 seconds left.\n|inactive|PeePooBum has 20 seconds left.\n|inactive|messi-05 has 20 seconds left.\n|inactive|messi-05 has 15 seconds left.\n|\n|t:|1745963236\n|move|p2a: Terapagos|Protect|p2a: Terapagos\n|-singleturn|p2a: Terapagos|Protect\n|move|p1a: Koraidon|Collision Course|p2b: Incineroar\n|-supereffective|p2b: Incineroar\n|-damage|p2b: Incineroar|0 fnt\n|-damage|p1a: Koraidon|84/100|[from] item: Rocky Helmet|[of] p2b: Incineroar\n|faint|p2b: Incineroar\n|move|p1b: Solgaleo|Psychic Fangs|p2a: Terapagos\n|-activate|p2a: Terapagos|move: Protect\n|\n|-weather|SunnyDay|[upkeep]\n|-heal|p2a: Terapagos|98/100|[from] item: Leftovers\n|upkeep\n|\n|t:|1745963246\n|switch|p2b: Flutter Mane|Flutter Mane, L50|8/100\n|-activate|p2b: Flutter Mane|ability: Protosynthesis\n|-start|p2b: Flutter Mane|protosynthesisspe\n|turn|6\n|\n|t:|1745963264\n|move|p1b: Solgaleo|Protect|p1b: Solgaleo\n|-singleturn|p1b: Solgaleo|Protect\n|move|p1a: Koraidon|Flame Charge|p2b: Flutter Mane\n|-damage|p2b: Flutter Mane|0 fnt\n|-boost|p1a: Koraidon|spe|1\n|faint|p2b: Flutter Mane\n|-end|p2b: Flutter Mane|Protosynthesis|[silent]\n|move|p2a: Terapagos|Tera Starstorm|p1a: Koraidon\n|-damage|p1a: Koraidon|25/100\n|\n|-weather|SunnyDay|[upkeep]\n|-heal|p2a: Terapagos|100/100|[from] item: Leftovers\n|upkeep\n|\n|t:|1745963273\n|switch|p2b: Koraidon|Koraidon, L50|100/100\n|-activate|p2b: Koraidon|ability: Orichalcum Pulse\n|turn|7\n|inactive|PeePooBum has 30 seconds left.\n|inactive|PeePooBum has 20 seconds left.\n|\n|t:|1745963309\n|-terastallize|p1a: Koraidon|Fire\n|move|p2b: Koraidon|Protect|p2b: Koraidon\n|-singleturn|p2b: Koraidon|Protect\n|move|p1b: Solgaleo|Wide Guard|p1b: Solgaleo\n|-singleturn|p1b: Solgaleo|Wide Guard\n|move|p1a: Koraidon|Flare Blitz|p2b: Koraidon\n|-activate|p2b: Koraidon|move: Protect\n|move|p2a: Terapagos|Tera Starstorm|p1a: Koraidon\n|-crit|p1a: Koraidon\n|-damage|p1a: Koraidon|0 fnt\n|faint|p1a: Koraidon\n|\n|-weather|SunnyDay|[upkeep]\n|upkeep\n|turn|8\n|-message|PeePooBum forfeited.\n|\n|win|messi-05\n||PeePooBum is ready for game 3.\n|inactive|messi-05 has 30 seconds to confirm battle start!\n||messi-05 is ready for game 3.\n|uhtml|next|Next: <a href=\"/battle-gen9vgc2025regibo3-2353514785\"><strong>Game 3 of 3</strong></a>\n", "uploadtime": 1745963342, "views": 22, "formatid": "gen9vgc2025regibo3", "rating": null, "private": 0, "password": null}