{"id": "gen9vgc2025regibo3-2353763193", "format": "[Gen 9] VGC 2025 Reg I (Bo3)", "players": ["Ziopppeppe", "Speedtiee"], "log": "|j|\u2606Ziopppeppe\n|j|\u2606Speedtiee\n|html|<table width=\"100%\"><tr><td align=\"left\">Ziopppeppe</td><td align=\"right\">Speedtiee</tr><tr><td align=\"left\"><i class=\"fa fa-circle-o\"></i> <i class=\"fa fa-circle-o\"></i> </td><td align=\"right\"><i class=\"fa fa-circle-o\"></i> <i class=\"fa fa-circle\"></i> </tr></table>\n|uhtml|bestof|<h2><strong>Game 2</strong> of <a href=\"/game-bestof3-gen9vgc2025regibo3-2353761942\">a best-of-3</a></h2>\n|t:|1745995845\n|gametype|doubles\n|player|p1|Ziopppeppe|266|1291\n|player|p2|Speedtiee|iono|1436\n|teamsize|p1|6\n|teamsize|p2|6\n|gen|9\n|tier|[Gen 9] VGC 2025 Reg I (Bo3)\n|rated|\n|rule|Species Clause: Limit one of each Pok\u00e9mon\n|rule|Item Clause: Limit 1 of each item\n|clearpoke\n|poke|p1|Calyrex-Shadow, L50|\n|poke|p1|Koraidon, L50|\n|poke|p1|Brute Bonnet, L50|\n|poke|p1|Chi-Yu, L50|\n|poke|p1|Incineroar, L50, M|\n|poke|p1|Rillaboom, L50, M|\n|poke|p2|Miraidon, L50|\n|poke|p2|Koraidon, L50|\n|poke|p2|Raging Bolt, L50|\n|poke|p2|Incineroar, L50, F|\n|poke|p2|Flutter Mane, L50|\n|poke|p2|Ogerpon-Cornerstone, L50, F|\n|teampreview|4\n|showteam|p1|Calyrex-Shadow||FocusSash|AsOneSpectrier|AstralBarrage,Protect,NastyPlot,TeraBlast||||||50|,,,,,Water]Koraidon||ClearAmulet|OrichalcumPulse|FlareBlitz,CollisionCourse,Protect,FlameCharge||||||50|,,,,,Fire]Brute Bonnet||CovertCloak|Protosynthesis|SuckerPunch,Spore,Protect,RagePowder||||||50|,,,,,Water]Chi-Yu||ChoiceScarf|BeadsofRuin|Snarl,Overheat,HeatWave,DarkPulse||||||50|,,,,,Ghost]Incineroar||SafetyGoggles|Intimidate|FakeOut,WillOWisp,PartingShot,KnockOff|||M|||50|,,,,,Bug]Rillaboom||AssaultVest|GrassySurge|FakeOut,WoodHammer,GrassyGlide,Uturn|||M|||50|,,,,,Fire\n|showteam|p2|Miraidon||ChoiceSpecs|HadronEngine|ElectroDrift,VoltSwitch,DazzlingGleam,DracoMeteor||||||50|,,,,,Fairy]Koraidon||LifeOrb|OrichalcumPulse|CloseCombat,FlareBlitz,FlameCharge,Protect||||||50|,,,,,Fire]Raging Bolt||AssaultVest|Protosynthesis|RisingVoltage,Thunderclap,DracoMeteor,Electroweb||||||50|,,,,,Electric]Incineroar||RockyHelmet|Intimidate|FakeOut,FlareBlitz,Uturn,KnockOff|||F|||50|,,,,,Ghost]Flutter Mane||FocusSash|Protosynthesis|Moonblast,IcyWind,ShadowBall,Protect||||||50|,,,,,Stellar]Ogerpon-Cornerstone||CornerstoneMask|Sturdy|IvyCudgel,PowerWhip,FollowMe,SpikyShield|||F|||50|,,,,,Rock\n|inactive|Battle timer is ON: inactive players will automatically lose when time's up. (requested by Ziopppeppe)\n|inactive|Speedtiee has 60 seconds left.\n|inactive|Speedtiee has 30 seconds left.\n|inactive|Speedtiee has 20 seconds left.\n|inactive|Speedtiee has 15 seconds left.\n|inactive|Speedtiee has 10 seconds left.\n|inactive|Speedtiee has 5 seconds left.\n|\n|t:|1745995938\n|start\n|switch|p1a: Calyrex|Calyrex-Shadow, L50|100/100\n|switch|p1b: Incineroar|Incineroar, L50, M|100/100\n|switch|p2a: Miraidon|Miraidon, L50|100/100\n|switch|p2b: Koraidon|Koraidon, L50|100/100\n|-ability|p1a: Calyrex|As One\n|-ability|p1a: Calyrex|Unnerve\n|-weather|SunnyDay|[from] ability: Orichalcum Pulse|[of] p2b: Koraidon\n|-activate|p2b: Koraidon|Orichalcum Pulse|[source]\n|-fieldstart|move: Electric Terrain|[from] ability: Hadron Engine|[of] p2a: Miraidon\n|-ability|p1b: Incineroar|Intimidate|boost\n|-unboost|p2a: Miraidon|atk|1\n|-unboost|p2b: Koraidon|atk|1\n|turn|1\n|\n|t:|1745995957\n|switch|p2b: Incineroar|Incineroar, L50, F, shiny|100/100\n|-ability|p2b: Incineroar|Intimidate|boost\n|-unboost|p1a: Calyrex|atk|1\n|-unboost|p1b: Incineroar|atk|1\n|move|p1b: Incineroar|Fake Out|p2a: Miraidon\n|-damage|p2a: Miraidon|94/100\n|move|p1a: Calyrex|Nasty Plot|p1a: Calyrex\n|-boost|p1a: Calyrex|spa|2\n|cant|p2a: Miraidon|flinch\n|\n|-weather|SunnyDay|[upkeep]\n|upkeep\n|turn|2\n|inactive|Speedtiee has 30 seconds left.\n|inactive|Speedtiee has 20 seconds left.\n|\n|t:|1745995992\n|switch|p1b: Rillaboom|Rillaboom, L50, M|100/100\n|-fieldstart|move: Grassy Terrain|[from] ability: Grassy Surge|[of] p1b: Rillaboom\n|move|p1a: Calyrex|Protect|p1a: Calyrex\n|-singleturn|p1a: Calyrex|Protect\n|move|p2a: Miraidon|Electro Drift|p1b: Rillaboom\n|-resisted|p1b: Rillaboom\n|-crit|p1b: Rillaboom\n|-damage|p1b: Rillaboom|50/100\n|move|p2b: Incineroar|U-turn|p1b: Rillaboom\n|-supereffective|p1b: Rillaboom\n|-damage|p1b: Rillaboom|17/100\n|\n|t:|1745996005\n|switch|p2b: Raging Bolt|Raging Bolt, L50|100/100|[from] U-turn\n|-activate|p2b: Raging Bolt|ability: Protosynthesis\n|-start|p2b: Raging Bolt|protosynthesisspa\n|\n|-weather|SunnyDay|[upkeep]\n|-heal|p2a: Miraidon|99/100|[from] Grassy Terrain\n|-heal|p1b: Rillaboom|23/100|[from] Grassy Terrain\n|upkeep\n|turn|3\n|\n|t:|1745996023\n|-end|p2b: Raging Bolt|Protosynthesis|[silent]\n|switch|p2b: Incineroar|Incineroar, L50, F, shiny|100/100\n|-ability|p2b: Incineroar|Intimidate|boost\n|-unboost|p1a: Calyrex|atk|1\n|-unboost|p1b: Rillaboom|atk|1\n|move|p1b: Rillaboom|Fake Out|p2b: Incineroar\n|-damage|p2b: Incineroar|94/100\n|-damage|p1b: Rillaboom|7/100|[from] item: Rocky Helmet|[of] p2b: Incineroar\n|move|p1a: Calyrex|Astral Barrage|p2b: Incineroar|[spread] p2a,p2b\n|-resisted|p2b: Incineroar\n|-damage|p2a: Miraidon|10/100\n|-damage|p2b: Incineroar|46/100\n|move|p2a: Miraidon|Electro Drift|p1a: Calyrex\n|-damage|p1a: Calyrex|12/100\n|\n|-weather|SunnyDay|[upkeep]\n|-heal|p1a: Calyrex|18/100|[from] Grassy Terrain\n|-heal|p2a: Miraidon|15/100|[from] Grassy Terrain\n|-heal|p1b: Rillaboom|13/100|[from] Grassy Terrain\n|-heal|p2b: Incineroar|52/100|[from] Grassy Terrain\n|upkeep\n|turn|4\n|inactive|Speedtiee has 30 seconds left.\n|\n|t:|1745996051\n|move|p1b: Rillaboom|Grassy Glide|p2b: Incineroar\n|-resisted|p2b: Incineroar\n|-damage|p2b: Incineroar|43/100\n|-damage|p1b: Rillaboom|0 fnt|[from] item: Rocky Helmet|[of] p2b: Incineroar\n|faint|p1b: Rillaboom\n|move|p1a: Calyrex|Astral Barrage|p2a: Miraidon|[spread] p2a,p2b\n|-resisted|p2b: Incineroar\n|-damage|p2a: Miraidon|0 fnt\n|-damage|p2b: Incineroar|0 fnt\n|faint|p2a: Miraidon\n|faint|p2b: Incineroar\n|-ability|p1a: Calyrex|Grim Neigh|boost\n|-boost|p1a: Calyrex|spa|2\n|\n|-weather|SunnyDay|[upkeep]\n|-heal|p1a: Calyrex|24/100|[from] Grassy Terrain\n|upkeep\n|\n|t:|1745996060\n|switch|p2a: Raging Bolt|Raging Bolt, L50|100/100\n|switch|p1b: Incineroar|Incineroar, L50, M|100/100\n|switch|p2b: Koraidon|Koraidon, L50|100/100\n|-activate|p2b: Koraidon|ability: Orichalcum Pulse\n|-ability|p1b: Incineroar|Intimidate|boost\n|-unboost|p2a: Raging Bolt|atk|1\n|-unboost|p2b: Koraidon|atk|1\n|-activate|p2a: Raging Bolt|ability: Protosynthesis\n|-start|p2a: Raging Bolt|protosynthesisspa\n|turn|5\n|\n|t:|1745996070\n|move|p2b: Koraidon|Protect|p2b: Koraidon\n|-singleturn|p2b: Koraidon|Protect\n|move|p1b: Incineroar|Fake Out|p2a: Raging Bolt\n|-damage|p2a: Raging Bolt|92/100\n|cant|p2a: Raging Bolt|flinch\n|move|p1a: Calyrex|Astral Barrage|p2a: Raging Bolt|[spread] p2a\n|-activate|p2b: Koraidon|move: Protect\n|-damage|p2a: Raging Bolt|3/100\n|\n|-weather|none\n|-end|p2a: Raging Bolt|Protosynthesis\n|-heal|p1a: Calyrex|31/100|[from] Grassy Terrain\n|-heal|p2a: Raging Bolt|9/100|[from] Grassy Terrain\n|upkeep\n|turn|6\n|inactive|Ziopppeppe has 30 seconds left.\n|inactive|Speedtiee has 30 seconds left.\n|inactive|Ziopppeppe has 20 seconds left.\n|inactive|Speedtiee has 20 seconds left.\n|\n|t:|1745996111\n|-terastallize|p1b: Incineroar|Bug\n|move|p1a: Calyrex|Protect|p1a: Calyrex\n|-singleturn|p1a: Calyrex|Protect\n|move|p2b: Koraidon|Close Combat|p1b: Incineroar\n|-resisted|p1b: Incineroar\n|-damage|p1b: Incineroar|74/100\n|-unboost|p2b: Koraidon|def|1\n|-unboost|p2b: Koraidon|spd|1\n|-damage|p2b: Koraidon|91/100|[from] item: Life Orb\n|move|p2a: Raging Bolt|Draco Meteor|p1b: Incineroar\n|-damage|p1b: Incineroar|14/100\n|-unboost|p2a: Raging Bolt|spa|2\n|move|p1b: Incineroar|Knock Off|p2a: Raging Bolt\n|-damage|p2a: Raging Bolt|0 fnt\n|-enditem|p2a: Raging Bolt|Assault Vest|[from] move: Knock Off|[of] p1b: Incineroar\n|faint|p2a: Raging Bolt\n|-end|p2a: Raging Bolt|Protosynthesis|[silent]\n|\n|-heal|p1a: Calyrex|37/100|[from] Grassy Terrain\n|-heal|p2b: Koraidon|97/100|[from] Grassy Terrain\n|-heal|p1b: Incineroar|20/100|[from] Grassy Terrain\n|-fieldend|move: Grassy Terrain\n|upkeep\n|turn|7\n|-message|Speedtiee forfeited.\n|\n|win|Ziopppeppe\n||Speedtiee is ready for game 3.\n||Ziopppeppe is ready for game 3.\n|uhtml|next|Next: <a href=\"/battle-gen9vgc2025regibo3-2353764928\"><strong>Game 3 of 3</strong></a>\n|l|\u2606Speedtiee\n|player|p2|\n|l|\u2606Ziopppeppe\n|player|p1|\n", "uploadtime": 1745996451, "views": 6, "formatid": "gen9vgc2025regibo3", "rating": null, "private": 0, "password": null}