{"id": "gen9vgc2025regibo3-2354963544", "format": "[Gen 9] VGC 2025 Reg I (Bo3)", "players": ["NoBody56", "Koke_915"], "log": "|j|\u2606NoBody56\n|j|\u2606Koke_915\n|html|<table width=\"100%\"><tr><td align=\"left\">NoBody56</td><td align=\"right\">Koke_915</tr><tr><td align=\"left\"><i class=\"fa fa-circle-o\"></i> <i class=\"fa fa-circle-o\"></i> </td><td align=\"right\"><i class=\"fa fa-circle-o\"></i> <i class=\"fa fa-circle\"></i> </tr></table>\n|uhtml|bestof|<h2><strong>Game 2</strong> of <a href=\"/game-bestof3-gen9vgc2025regibo3-2354962068\">a best-of-3</a></h2>\n|t:|1746136340\n|gametype|doubles\n|player|p1|NoBody56|102|1080\n|player|p2|Koke_915|iris|1086\n|teamsize|p1|6\n|teamsize|p2|6\n|gen|9\n|tier|[Gen 9] VGC 2025 Reg I (Bo3)\n|rated|\n|rule|Species Clause: Limit one of each Pok\u00e9mon\n|rule|Item Clause: Limit 1 of each item\n|clearpoke\n|poke|p1|Calyrex-Ice, L50|\n|poke|p1|Farigiraf, L50, F|\n|poke|p1|Ursaluna, L50, F|\n|poke|p1|Flamigo, L50, M|\n|poke|p1|Primarina, L50, M|\n|poke|p1|Skeledirge, L50, F|\n|poke|p2|Kyogre, L50|\n|poke|p2|Calyrex-Ice, L50|\n|poke|p2|Indeedee-F, L50, F|\n|poke|p2|Landorus, L50, M|\n|poke|p2|Iron Crown, L50|\n|poke|p2|Urshifu-*, L50, M|\n|teampreview|4\n|showteam|p1|Calyrex-Ice||ClearAmulet|AsOneGlastrier|TrickRoom,GlacialLance,ZenHeadbutt,Protect||||||50|,,,,,Fire]Farigiraf||Leftovers|ArmorTail|TrickRoom,Reflect,LightScreen,Psychic|||F|||50|,,,,,Ghost]Ursaluna||FlameOrb|Guts|Facade,BrickBreak,HighHorsepower,Protect|||F|||50|,,,,,Ghost]Flamigo||FocusSash|Scrappy|Tailwind,BraveBird,CloseCombat,Detect|||M|||50|,,,,,Flying]Primarina||LifeOrb|Torrent|Moonblast,HydroPump,CalmMind,Protect|||M|||50|,,,,,Poison]Skeledirge||SafetyGoggles|Unaware|TorchSong,ShadowBall,EarthPower,Protect|||F|||50|,,,,,Grass\n|showteam|p2|Kyogre||MysticWater|Drizzle|Thunder,OriginPulse,IceBeam,Protect||||||50|,,,,,Grass]Calyrex-Ice||ClearAmulet|AsOneGlastrier|GlacialLance,Protect,HighHorsepower,TrickRoom||||||50|,,,,,Normal]Indeedee-F||RockyHelmet|PsychicSurge|TrickRoom,HelpingHand,FollowMe,Protect|||F|||50|,,,,,Fairy]Landorus||LifeOrb|SheerForce|SandsearStorm,WeatherBall,Protect,EarthPower|||M|||50|,,,,,Water]Iron Crown||BoosterEnergy|QuarkDrive|ExpandingForce,Protect,TeraBlast,TachyonCutter||||||50|,,,,,Steel]Urshifu-Rapid-Strike||ChoiceBand|UnseenFist|SurgingStrikes,Uturn,CloseCombat,PoisonJab|||M|||50|,,,,,Fighting\n|\n|t:|1746136364\n|start\n|switch|p1a: Farigiraf|Farigiraf, L50, F|100/100\n|switch|p1b: Calyrex|Calyrex-Ice, L50|100/100\n|switch|p2a: ChikeenJockeyy!|Calyrex-Ice, L50|100/100\n|switch|p2b: Maid|Indeedee-F, L50, F|100/100\n|-ability|p1b: Calyrex|As One\n|-ability|p1b: Calyrex|Unnerve\n|-ability|p2a: ChikeenJockeyy!|As One\n|-ability|p2a: ChikeenJockeyy!|Unnerve\n|-fieldstart|move: Psychic Terrain|[from] ability: Psychic Surge|[of] p2b: Maid\n|turn|1\n|\n|t:|1746136392\n|switch|p2b: Iron Crown|Iron Crown, L50|100/100\n|-enditem|p2b: Iron Crown|Booster Energy\n|-activate|p2b: Iron Crown|ability: Quark Drive|[fromitem]\n|-start|p2b: Iron Crown|quarkdrivespa\n|move|p1a: Farigiraf|Reflect|p1a: Farigiraf\n|-sidestart|p1: NoBody56|Reflect\n|move|p1b: Calyrex|Glacial Lance|p2b: Iron Crown|[spread] p2a,p2b\n|-resisted|p2a: ChikeenJockeyy!\n|-resisted|p2b: Iron Crown\n|-damage|p2a: ChikeenJockeyy!|85/100\n|-damage|p2b: Iron Crown|73/100\n|move|p2a: ChikeenJockeyy!|Glacial Lance|p1b: Calyrex|[spread] p1a,p1b\n|-resisted|p1b: Calyrex\n|-damage|p1a: Farigiraf|58/100\n|-damage|p1b: Calyrex|91/100\n|\n|-heal|p1a: Farigiraf|64/100|[from] item: Leftovers\n|upkeep\n|turn|2\n|\n|t:|1746136414\n|move|p1b: Calyrex|Protect|p1b: Calyrex\n|-singleturn|p1b: Calyrex|Protect\n|move|p2b: Iron Crown|Tachyon Cutter|p1b: Calyrex\n|-activate|p1b: Calyrex|move: Protect\n|move|p2a: ChikeenJockeyy!|High Horsepower|p1b: Calyrex\n|-activate|p1b: Calyrex|move: Protect\n|move|p1a: Farigiraf|Trick Room|p1a: Farigiraf\n|-fieldstart|move: Trick Room|[of] p1a: Farigiraf\n|\n|-heal|p1a: Farigiraf|71/100|[from] item: Leftovers\n|upkeep\n|turn|3\n|\n|t:|1746136445\n|switch|p1a: Ursaluna|Ursaluna, L50, F|100/100\n|-terastallize|p2b: Iron Crown|Steel\n|move|p2a: ChikeenJockeyy!|Glacial Lance|p1a: Ursaluna|[spread] p1a,p1b\n|-supereffective|p1a: Ursaluna\n|-resisted|p1b: Calyrex\n|-damage|p1a: Ursaluna|50/100\n|-damage|p1b: Calyrex|83/100\n|move|p1b: Calyrex|Glacial Lance|p2a: ChikeenJockeyy!|[spread] p2a,p2b\n|-resisted|p2a: ChikeenJockeyy!\n|-resisted|p2b: Iron Crown\n|-crit|p2b: Iron Crown\n|-damage|p2a: ChikeenJockeyy!|71/100\n|-damage|p2b: Iron Crown|33/100\n|move|p2b: Iron Crown|Tachyon Cutter|p1b: Calyrex\n|-supereffective|p1b: Calyrex\n|-damage|p1b: Calyrex|15/100\n|-supereffective|p1b: Calyrex\n|-damage|p1b: Calyrex|0 fnt\n|faint|p1b: Calyrex\n|-hitcount|p1: Calyrex|2\n|\n|-status|p1a: Ursaluna|brn|[from] item: Flame Orb\n|upkeep\n|\n|t:|1746136468\n|switch|p1b: Farigiraf|Farigiraf, L50, F|71/100\n|turn|4\n|\n|t:|1746136484\n|move|p1a: Ursaluna|Protect|p1a: Ursaluna\n|-singleturn|p1a: Ursaluna|Protect\n|move|p2b: Iron Crown|Protect|p2b: Iron Crown\n|-singleturn|p2b: Iron Crown|Protect\n|move|p2a: ChikeenJockeyy!|Glacial Lance|p1a: Ursaluna|[spread] p1b\n|-activate|p1a: Ursaluna|move: Protect\n|-damage|p1b: Farigiraf|33/100\n|move|p1b: Farigiraf|Trick Room|p1b: Farigiraf\n|-fieldend|move: Trick Room\n|\n|-heal|p1b: Farigiraf|39/100|[from] item: Leftovers\n|-damage|p1a: Ursaluna|44/100 brn|[from] brn\n|upkeep\n|turn|5\n|\n|t:|1746136505\n|move|p2b: Iron Crown|Expanding Force|p1a: Ursaluna|[spread] p1a,p1b\n|-crit|p1a: Ursaluna\n|-resisted|p1b: Farigiraf\n|-damage|p1a: Ursaluna|0 fnt\n|-damage|p1b: Farigiraf|7/100\n|faint|p1a: Ursaluna\n|move|p1b: Farigiraf|Light Screen|p1b: Farigiraf\n|-sidestart|p1: NoBody56|move: Light Screen\n|move|p2a: ChikeenJockeyy!|Glacial Lance|p1b: Farigiraf\n|-damage|p1b: Farigiraf|0 fnt\n|faint|p1b: Farigiraf\n|-ability|p2a: ChikeenJockeyy!|Chilling Neigh|boost\n|-boost|p2a: ChikeenJockeyy!|atk|1\n|\n|-sideend|p1: NoBody56|Reflect\n|-fieldend|move: Psychic Terrain\n|upkeep\n|\n|t:|1746136521\n|switch|p1a: Primarina|Primarina, L50, M|100/100\n|turn|6\n|\n|t:|1746136529\n|move|p2b: Iron Crown|Tachyon Cutter|p1a: Primarina\n|-damage|p1a: Primarina|73/100\n|-damage|p1a: Primarina|45/100\n|-hitcount|p1a: Primarina|2\n|move|p1a: Primarina|Calm Mind|p1a: Primarina\n|-boost|p1a: Primarina|spa|1\n|-boost|p1a: Primarina|spd|1\n|move|p2a: ChikeenJockeyy!|High Horsepower|p1a: Primarina\n|-damage|p1a: Primarina|0 fnt\n|faint|p1a: Primarina\n|\n|win|Koke_915\n|raw|NoBody56's rating: 1080 &rarr; <strong>1058</strong><br />(-22 for losing)\n|raw|Koke_915's rating: 1086 &rarr; <strong>1113</strong><br />(+27 for winning)\n|l|\u2606NoBody56\n|player|p1|\n|l|\u2606Koke_915\n|player|p2|\n", "uploadtime": 1746136841, "views": 5, "formatid": "gen9vgc2025regibo3", "rating": 1058, "private": 0, "password": null}