{"id": "gen9vgc2025regibo3-2354390415", "format": "[Gen 9] VGC 2025 Reg I (Bo3)", "players": ["pwendolyn", "Fabricio19jr"], "log": "|j|\u2606pwendolyn\n|j|\u2606Fabricio19jr\n|html|<table width=\"100%\"><tr><td align=\"left\">pwendolyn</td><td align=\"right\">Fabricio19jr</tr><tr><td align=\"left\"><i class=\"fa fa-circle-o\"></i> <i class=\"fa fa-circle-o\"></i> </td><td align=\"right\"><i class=\"fa fa-circle-o\"></i> <i class=\"fa fa-circle-o\"></i> </tr></table>\n|uhtml|bestof|<h2><strong>Game 1</strong> of <a href=\"/game-bestof3-gen9vgc2025regibo3-2354390414\">a best-of-3</a></h2>\n|t:|1746065486\n|gametype|doubles\n|player|p1|pwendolyn|acetrainersnowf|\n|player|p2|Fabricio19jr|102|\n|teamsize|p1|6\n|teamsize|p2|6\n|gen|9\n|tier|[Gen 9] VGC 2025 Reg I (Bo3)\n|rule|Species Clause: Limit one of each Pok\u00e9mon\n|rule|Item Clause: Limit 1 of each item\n|clearpoke\n|poke|p1|Miraidon, L50|\n|poke|p1|Farigiraf, L50, F|\n|poke|p1|Kyogre, L50|\n|poke|p1|Overqwil, L50, F|\n|poke|p1|Tornadus, L50, M|\n|poke|p1|Landorus, L50, M|\n|poke|p2|Calyrex-Shadow, L50|\n|poke|p2|Koraidon, L50|\n|poke|p2|Ogerpon-Cornerstone, L50, F|\n|poke|p2|Brute Bonnet, L50|\n|poke|p2|Chi-Yu, L50|\n|poke|p2|Whimsicott, L50, F|\n|teampreview|4\n|showteam|p1|Miraidon||ChoiceSpecs|HadronEngine|ElectroDrift,DracoMeteor,VoltSwitch,DazzlingGleam||||||50|,,,,,Fairy]Farigiraf||ElectricSeed|ArmorTail|FoulPlay,Psychic,TrickRoom,Protect|||F|||50|,,,,,Grass]Kyogre||MysticWater|Drizzle|WaterSpout,OriginPulse,Thunder,Protect||||||50|,,,,,Ghost]Overqwil||FocusSash|SwiftSwim|GunkShot,ThroatChop,AcidSpray,Protect|||F|||50|,,,,,Stellar]Tornadus||CovertCloak|Prankster|Tailwind,BleakwindStorm,Taunt,RainDance|||M|||50|,,,,,Dark]Landorus||LifeOrb|SheerForce|SandsearStorm,SludgeBomb,EarthPower,Protect|||M|||50|,,,,,Steel\n|showteam|p2|Calyrex-Shadow||FocusSash|AsOneSpectrier|AstralBarrage,DrainingKiss,NastyPlot,Protect||||||50|,,,,,Fairy]Koraidon||LifeOrb|OrichalcumPulse|FlareBlitz,CloseCombat,FlameCharge,Protect||||||50|,,,,,Fire]Ogerpon-Cornerstone||CornerstoneMask|Sturdy|IvyCudgel,PowerWhip,FollowMe,SpikyShield|||F|||50|,,,,,Rock]Brute Bonnet||RockyHelmet|Protosynthesis|SeedBomb,SuckerPunch,Spore,RagePowder||||||50|,,,,,Water]Chi-Yu||ChoiceScarf|BeadsofRuin|DarkPulse,Snarl,HeatWave,Overheat||||||50|,,,,,Ghost]Whimsicott||CovertCloak|Prankster|Tailwind,Encore,Moonblast,LightScreen|||F|||50|,,,,,Dark\n|c|\u2606pwendolyn|glhf !!\n|inactive|Battle timer is ON: inactive players will automatically lose when time's up. (requested by pwendolyn)\n|inactive|Fabricio19jr has 60 seconds left.\n|\n|t:|1746065606\n|start\n|switch|p1a: Miraidon|Miraidon, L50|100/100\n|switch|p1b: Tornadus|Tornadus, L50, M|100/100\n|switch|p2a: Koraidon|Koraidon, L50|100/100\n|switch|p2b: Ogerpon|Ogerpon-Cornerstone, L50, F|100/100\n|-weather|SunnyDay|[from] ability: Orichalcum Pulse|[of] p2a: Koraidon\n|-activate|p2a: Koraidon|Orichalcum Pulse|[source]\n|-fieldstart|move: Electric Terrain|[from] ability: Hadron Engine|[of] p1a: Miraidon\n|turn|1\n|inactive|Fabricio19jr has 30 seconds left.\n|inactive|Fabricio19jr has 20 seconds left.\n|\n|t:|1746065644\n|-terastallize|p1a: Miraidon|Fairy\n|move|p2a: Koraidon|Protect|p2a: Koraidon\n|-singleturn|p2a: Koraidon|Protect\n|move|p1b: Tornadus|Tailwind|p1b: Tornadus\n|-sidestart|p1: pwendolyn|move: Tailwind\n|move|p1a: Miraidon|Dazzling Gleam|p2b: Ogerpon|[spread] p2b\n|-activate|p2a: Koraidon|move: Protect\n|-damage|p2b: Ogerpon|17/100\n|move|p2b: Ogerpon|Ivy Cudgel|p1a: Miraidon|[anim] Ivy Cudgel Rock\n|-crit|p1a: Miraidon\n|-damage|p1a: Miraidon|16/100\n|\n|-weather|SunnyDay|[upkeep]\n|upkeep\n|turn|2\n|inactive|Fabricio19jr has 30 seconds left.\n|inactive|Fabricio19jr has 20 seconds left.\n|\n|t:|1746065680\n|-terastallize|p2a: Koraidon|Fire\n|move|p2b: Ogerpon|Spiky Shield|p2b: Ogerpon\n|-singleturn|p2b: Ogerpon|move: Protect\n|move|p1a: Miraidon|Dazzling Gleam|p2a: Koraidon|[spread] p2a\n|-activate|p2b: Ogerpon|move: Protect\n|-resisted|p2a: Koraidon\n|-damage|p2a: Koraidon|67/100\n|move|p1b: Tornadus|Bleakwind Storm|p2b: Ogerpon|[spread] \n|-activate|p2b: Ogerpon|move: Protect\n|-miss|p1b: Tornadus|p2a: Koraidon\n|move|p2a: Koraidon|Flame Charge|p1a: Miraidon\n|-damage|p1a: Miraidon|0 fnt\n|-boost|p2a: Koraidon|spe|1\n|faint|p1a: Miraidon\n|-damage|p2a: Koraidon|57/100|[from] item: Life Orb\n|\n|-weather|SunnyDay|[upkeep]\n|upkeep\n|\n|t:|1746065687\n|switch|p1a: Kyogre|Kyogre, L50|100/100\n|-weather|RainDance|[from] ability: Drizzle|[of] p1a: Kyogre\n|turn|3\n|inactive|Fabricio19jr has 30 seconds left.\n|inactive|Fabricio19jr has 20 seconds left.\n|inactive|Fabricio19jr has 15 seconds left.\n|\n|t:|1746065728\n|move|p2a: Koraidon|Protect|p2a: Koraidon\n|-singleturn|p2a: Koraidon|Protect\n|move|p1b: Tornadus|Bleakwind Storm|p2a: Koraidon|[spread] p2b\n|-activate|p2a: Koraidon|move: Protect\n|-damage|p2b: Ogerpon|0 fnt\n|faint|p2b: Ogerpon\n|move|p1a: Kyogre|Water Spout|p2a: Koraidon\n|-activate|p2a: Koraidon|move: Protect\n|\n|-weather|RainDance|[upkeep]\n|upkeep\n|\n|t:|1746065743\n|switch|p2b: Calyrex|Calyrex-Shadow, L50|100/100\n|-ability|p2b: Calyrex|As One\n|-ability|p2b: Calyrex|Unnerve\n|turn|4\n|inactive|Fabricio19jr has 30 seconds left.\n|inactive|Fabricio19jr has 20 seconds left.\n|inactive|Fabricio19jr has 15 seconds left.\n|\n|t:|1746065785\n|move|p1b: Tornadus|Bleakwind Storm|p2a: Koraidon|[spread] p2a,p2b\n|-damage|p2a: Koraidon|26/100\n|-damage|p2b: Calyrex|72/100\n|move|p2a: Koraidon|Close Combat|p1a: Kyogre\n|-damage|p1a: Kyogre|19/100\n|-unboost|p2a: Koraidon|def|1\n|-unboost|p2a: Koraidon|spd|1\n|-damage|p2a: Koraidon|16/100|[from] item: Life Orb\n|move|p1a: Kyogre|Water Spout|p2b: Calyrex|[spread] p2a,p2b\n|-supereffective|p2a: Koraidon\n|-damage|p2a: Koraidon|0 fnt\n|-damage|p2b: Calyrex|51/100\n|faint|p2a: Koraidon\n|move|p2b: Calyrex|Astral Barrage|p1b: Tornadus|[spread] p1a,p1b\n|-damage|p1a: Kyogre|0 fnt\n|-damage|p1b: Tornadus|38/100\n|faint|p1a: Kyogre\n|-ability|p2b: Calyrex|Grim Neigh|boost\n|-boost|p2b: Calyrex|spa|1\n|\n|-weather|RainDance|[upkeep]\n|-sideend|p1: pwendolyn|move: Tailwind\n|upkeep\n|\n|t:|1746065793\n|switch|p2a: Chi-Yu|Chi-Yu, L50|100/100\n|switch|p1a: Overqwil|Overqwil, L50, F|100/100\n|-ability|p2a: Chi-Yu|Beads of Ruin\n|turn|5\n|inactive|Fabricio19jr has 30 seconds left.\n|inactive|Fabricio19jr has 20 seconds left.\n|inactive|Fabricio19jr has 15 seconds left.\n|\n|t:|1746065833\n|move|p2b: Calyrex|Protect|p2b: Calyrex\n|-singleturn|p2b: Calyrex|Protect\n|move|p1b: Tornadus|Tailwind|p1b: Tornadus\n|-sidestart|p1: pwendolyn|move: Tailwind\n|move|p1a: Overqwil|Throat Chop|p2b: Calyrex\n|-activate|p2b: Calyrex|move: Protect\n|move|p2a: Chi-Yu|Dark Pulse|p1b: Tornadus\n|-damage|p1b: Tornadus|0 fnt\n|faint|p1b: Tornadus\n|\n|-weather|RainDance|[upkeep]\n|-fieldend|move: Electric Terrain\n|upkeep\n|turn|6\n|inactive|Fabricio19jr has 30 seconds left.\n|\n|t:|1746065867\n|move|p1a: Overqwil|Throat Chop|p2b: Calyrex\n|-supereffective|p2b: Calyrex\n|-damage|p2b: Calyrex|0 fnt\n|faint|p2b: Calyrex\n|move|p2a: Chi-Yu|Dark Pulse|p1a: Overqwil\n|-resisted|p1a: Overqwil\n|-damage|p1a: Overqwil|55/100\n|\n|-weather|RainDance|[upkeep]\n|upkeep\n|turn|7\n|\n|t:|1746065884\n|move|p1a: Overqwil|Gunk Shot|p2a: Chi-Yu\n|-damage|p2a: Chi-Yu|4/100\n|move|p2a: Chi-Yu|Dark Pulse|p1a: Overqwil\n|-resisted|p1a: Overqwil\n|-damage|p1a: Overqwil|5/100\n|\n|-weather|none\n|upkeep\n|turn|8\n|\n|t:|1746065892\n|move|p1a: Overqwil|Throat Chop|p2a: Chi-Yu\n|-resisted|p2a: Chi-Yu\n|-damage|p2a: Chi-Yu|0 fnt\n|faint|p2a: Chi-Yu\n|\n|win|pwendolyn\n||pwendolyn is ready for game 2.\n||Fabricio19jr is ready for game 2.\n|uhtml|next|Next: <a href=\"/battle-gen9vgc2025regibo3-2354393738\"><strong>Game 2 of 3</strong></a>\n", "uploadtime": 1746066347, "views": 11, "formatid": "gen9vgc2025regibo3", "rating": null, "private": 0, "password": null}