{"id": "gen9vgc2025regibo3-2354604815", "format": "[Gen 9] VGC 2025 Reg I (Bo3)", "players": ["aC0ldTurkey", "Lacossg"], "log": "|j|\u2606aC0ldTurkey\n|j|\u2606Lacossg\n|html|<table width=\"100%\"><tr><td align=\"left\">aC0ldTurkey</td><td align=\"right\">Lacossg</tr><tr><td align=\"left\"><i class=\"fa fa-circle-o\"></i> <i class=\"fa fa-circle-o\"></i> </td><td align=\"right\"><i class=\"fa fa-circle-o\"></i> <i class=\"fa fa-circle\"></i> </tr></table>\n|uhtml|bestof|<h2><strong>Game 2</strong> of <a href=\"/game-bestof3-gen9vgc2025regibo3-2354602791\">a best-of-3</a></h2>\n|t:|1746101744\n|gametype|doubles\n|player|p1|aC0ldTurkey|266|1223\n|player|p2|Lacossg|170|1314\n|teamsize|p1|6\n|teamsize|p2|6\n|gen|9\n|tier|[Gen 9] VGC 2025 Reg I (Bo3)\n|rated|\n|rule|Species Clause: Limit one of each Pok\u00e9mon\n|rule|Item Clause: Limit 1 of each item\n|clearpoke\n|poke|p1|Zamazenta-*, L50|\n|poke|p1|Calyrex-Shadow, L50|\n|poke|p1|Tornadus, L50, M|\n|poke|p1|Urshifu-*, L50, F|\n|poke|p1|Rillaboom, L50, F|\n|poke|p1|Chien-Pao, L50|\n|poke|p2|Calyrex-Shadow, L50|\n|poke|p2|Tyranitar, L50, M|\n|poke|p2|Excadrill, L50, M|\n|poke|p2|Indeedee-F, L50, F|\n|poke|p2|Raging Bolt, L50|\n|poke|p2|Zamazenta-*, L50|\n|teampreview|4\n|showteam|p1|Zamazenta-Crowned||RustedShield|DauntlessShield|BodyPress,HeavySlam,WideGuard,Protect||||||50|,,,,,Ghost]Calyrex-Shadow||FocusSash|AsOneSpectrier|AstralBarrage,Psychic,Encore,Protect||||||50|,,,,,Ghost]Tornadus||RockyHelmet|Prankster|BleakwindStorm,Tailwind,RainDance,Protect|||M|||50|,,,,,Dark]Urshifu-Rapid-Strike||MysticWater|UnseenFist|SurgingStrikes,CloseCombat,AquaJet,Detect|||F|||50|,,,,,Water]Rillaboom||AssaultVest|GrassySurge|FakeOut,GrassyGlide,WoodHammer,Uturn|||F|||50|,,,,,Fire]Chien-Pao||LifeOrb|SwordofRuin|SuckerPunch,IcicleCrash,IceShard,Protect||||||50|,,,,,Stellar\n|showteam|p2|Calyrex-Shadow||LifeOrb|AsOneSpectrier|AstralBarrage,ExpandingForce,Encore,Protect||||||50|,,,,,Normal]Tyranitar||FocusSash|SandStream|KnockOff,RockSlide,Taunt,Snarl|||M|||50|,,,,,Grass]Excadrill||ClearAmulet|SandRush|HighHorsepower,HelpingHand,IronHead,Protect|||M|||50|,,,,,Ground]Indeedee-F||RockyHelmet|PsychicSurge|Imprison,Psychic,TrickRoom,FollowMe|||F|||50|,,,,,Water]Raging Bolt||AssaultVest|Protosynthesis|Thunderclap,Electroweb,DracoMeteor,Snarl||||||50|,,,,,Fairy]Zamazenta-Crowned||RustedShield|DauntlessShield|BodyPress,Imprison,WideGuard,Protect||||||50|,,,,,Dragon\n|inactive|Battle timer is ON: inactive players will automatically lose when time's up. (requested by aC0ldTurkey)\n|\n|t:|1746101772\n|start\n|switch|p1a: Rillaboom|Rillaboom, L50, F|100/100\n|switch|p1b: Zamazenta|Zamazenta-Crowned, L50|100/100\n|switch|p2a: Raging Bolt|Raging Bolt, L50|100/100\n|switch|p2b: Zamazenta|Zamazenta-Crowned, L50|100/100\n|-ability|p2b: Zamazenta|Dauntless Shield|boost\n|-boost|p2b: Zamazenta|def|1\n|-ability|p1b: Zamazenta|Dauntless Shield|boost\n|-boost|p1b: Zamazenta|def|1\n|-fieldstart|move: Grassy Terrain|[from] ability: Grassy Surge|[of] p1a: Rillaboom\n|turn|1\n|\n|t:|1746101796\n|move|p1a: Rillaboom|Fake Out|p2b: Zamazenta\n|-resisted|p2b: Zamazenta\n|-damage|p2b: Zamazenta|98/100\n|cant|p2b: Zamazenta|flinch\n|move|p1b: Zamazenta|Body Press|p2b: Zamazenta\n|-supereffective|p2b: Zamazenta\n|-crit|p2b: Zamazenta\n|-damage|p2b: Zamazenta|0 fnt\n|faint|p2b: Zamazenta\n|move|p2a: Raging Bolt|Electroweb|p1a: Rillaboom|[spread] p1a,p1b\n|-resisted|p1a: Rillaboom\n|-damage|p1a: Rillaboom|94/100\n|-damage|p1b: Zamazenta|88/100\n|-unboost|p1a: Rillaboom|spe|1\n|-unboost|p1b: Zamazenta|spe|1\n|\n|-heal|p1b: Zamazenta|94/100|[from] Grassy Terrain\n|-heal|p1a: Rillaboom|99/100|[from] Grassy Terrain\n|upkeep\n|\n|t:|1746101800\n|switch|p2b: Calyrex|Calyrex-Shadow, L50|100/100\n|-ability|p2b: Calyrex|As One\n|-ability|p2b: Calyrex|Unnerve\n|turn|2\n|\n|t:|1746101822\n|move|p2b: Calyrex|Astral Barrage|p1a: Rillaboom|[spread] p1a,p1b\n|-damage|p1a: Rillaboom|56/100\n|-damage|p1b: Zamazenta|53/100\n|-damage|p2b: Calyrex|91/100|[from] item: Life Orb\n|move|p1b: Zamazenta|Heavy Slam|p2b: Calyrex\n|-damage|p2b: Calyrex|38/100\n|move|p2a: Raging Bolt|Draco Meteor|p1a: Rillaboom\n|-damage|p1a: Rillaboom|6/100\n|-unboost|p2a: Raging Bolt|spa|2\n|move|p1a: Rillaboom|U-turn|p2b: Calyrex\n|-damage|p2b: Calyrex|13/100\n|\n|t:|1746101837\n|switch|p1a: Tornadus|Tornadus, L50, M|100/100|[from] U-turn\n|\n|-heal|p2b: Calyrex|19/100|[from] Grassy Terrain\n|-heal|p1b: Zamazenta|59/100|[from] Grassy Terrain\n|upkeep\n|turn|3\n|\n|t:|1746101854\n|move|p2b: Calyrex|Protect|p2b: Calyrex\n|-singleturn|p2b: Calyrex|Protect\n|move|p1b: Zamazenta|Protect|p1b: Zamazenta\n|-singleturn|p1b: Zamazenta|Protect\n|move|p1a: Tornadus|Tailwind|p1a: Tornadus\n|-sidestart|p1: aC0ldTurkey|move: Tailwind\n|move|p2a: Raging Bolt|Electroweb|p1a: Tornadus|[spread] p1a\n|-activate|p1b: Zamazenta|move: Protect\n|-supereffective|p1a: Tornadus\n|-damage|p1a: Tornadus|74/100\n|-unboost|p1a: Tornadus|spe|1\n|\n|-heal|p2b: Calyrex|25/100|[from] Grassy Terrain\n|-heal|p1b: Zamazenta|65/100|[from] Grassy Terrain\n|upkeep\n|turn|4\n|\n|t:|1746101875\n|move|p1a: Tornadus|Protect|p1a: Tornadus\n|-singleturn|p1a: Tornadus|Protect\n|move|p2a: Raging Bolt|Thunderclap||[still]\n|-fail|p2a: Raging Bolt\n|move|p2b: Calyrex|Encore|p1b: Zamazenta\n|-start|p1b: Zamazenta|Encore\n|move|p1b: Zamazenta|Protect||[still]\n|-fail|p1b: Zamazenta\n|\n|-heal|p2b: Calyrex|31/100|[from] Grassy Terrain\n|-heal|p1b: Zamazenta|71/100|[from] Grassy Terrain\n|upkeep\n|turn|5\n|inactive|Lacossg has 30 seconds left.\n|\n|t:|1746101901\n|move|p1b: Zamazenta|Protect|p1b: Zamazenta\n|-singleturn|p1b: Zamazenta|Protect\n|move|p2a: Raging Bolt|Thunderclap|p1a: Tornadus\n|-supereffective|p1a: Tornadus\n|-damage|p1a: Tornadus|34/100\n|move|p2b: Calyrex|Astral Barrage|p1b: Zamazenta|[spread] p1a\n|-activate|p1b: Zamazenta|move: Protect\n|-damage|p1a: Tornadus|0 fnt\n|faint|p1a: Tornadus\n|-ability|p2b: Calyrex|Grim Neigh|boost\n|-boost|p2b: Calyrex|spa|1\n|-damage|p2b: Calyrex|21/100|[from] item: Life Orb\n|\n|-heal|p2b: Calyrex|27/100|[from] Grassy Terrain\n|-heal|p1b: Zamazenta|77/100|[from] Grassy Terrain\n|-fieldend|move: Grassy Terrain\n|upkeep\n|\n|t:|1746101917\n|switch|p1a: Calyrex|Calyrex-Shadow, L50|100/100\n|-ability|p1a: Calyrex|As One\n|-ability|p1a: Calyrex|Unnerve\n|turn|6\n|inactive|Lacossg has 30 seconds left.\n|\n|t:|1746101946\n|switch|p1b: Rillaboom|Rillaboom, L50, F|6/100\n|-fieldstart|move: Grassy Terrain|[from] ability: Grassy Surge|[of] p1b: Rillaboom\n|move|p2b: Calyrex|Protect|p2b: Calyrex\n|-singleturn|p2b: Calyrex|Protect\n|move|p1a: Calyrex|Astral Barrage|p2b: Calyrex|[spread] p2a\n|-activate|p2b: Calyrex|move: Protect\n|-damage|p2a: Raging Bolt|70/100\n|move|p2a: Raging Bolt|Electroweb|p1a: Calyrex|[spread] p1b\n|-miss|p2a: Raging Bolt|p1a: Calyrex\n|-resisted|p1b: Rillaboom\n|-damage|p1b: Rillaboom|3/100\n|-unboost|p1b: Rillaboom|spe|1\n|\n|-heal|p2b: Calyrex|33/100|[from] Grassy Terrain\n|-heal|p1b: Rillaboom|9/100|[from] Grassy Terrain\n|-heal|p2a: Raging Bolt|77/100|[from] Grassy Terrain\n|-sideend|p1: aC0ldTurkey|move: Tailwind\n|upkeep\n|turn|7\n|inactive|aC0ldTurkey has 30 seconds left.\n|inactive|Lacossg has 30 seconds left.\n|\n|t:|1746101977\n|switch|p2b: Tyranitar|Tyranitar, L50, M|100/100\n|-weather|Sandstorm|[from] ability: Sand Stream|[of] p2b: Tyranitar\n|move|p1b: Rillaboom|Fake Out|p2a: Raging Bolt\n|-damage|p2a: Raging Bolt|66/100\n|move|p1a: Calyrex|Astral Barrage|p2a: Raging Bolt|[spread] p2a,p2b\n|-crit|p2a: Raging Bolt\n|-resisted|p2b: Tyranitar\n|-damage|p2a: Raging Bolt|20/100\n|-damage|p2b: Tyranitar|81/100\n|cant|p2a: Raging Bolt|flinch\n|\n|-weather|Sandstorm|[upkeep]\n|-damage|p1a: Calyrex|94/100|[from] Sandstorm\n|-damage|p2a: Raging Bolt|14/100|[from] Sandstorm\n|-damage|p1b: Rillaboom|3/100|[from] Sandstorm\n|-heal|p1a: Calyrex|100/100|[from] Grassy Terrain\n|-heal|p2b: Tyranitar|87/100|[from] Grassy Terrain\n|-heal|p2a: Raging Bolt|20/100|[from] Grassy Terrain\n|-heal|p1b: Rillaboom|9/100|[from] Grassy Terrain\n|upkeep\n|turn|8\n|\n|t:|1746102002\n|move|p2a: Raging Bolt|Thunderclap|p1b: Rillaboom\n|-resisted|p1b: Rillaboom\n|-damage|p1b: Rillaboom|3/100\n|move|p1b: Rillaboom|Grassy Glide|p2b: Tyranitar\n|-supereffective|p2b: Tyranitar\n|-damage|p2b: Tyranitar|24/100\n|move|p1a: Calyrex|Astral Barrage|p2a: Raging Bolt|[spread] p2a,p2b\n|-resisted|p2b: Tyranitar\n|-damage|p2a: Raging Bolt|0 fnt\n|-damage|p2b: Tyranitar|4/100\n|faint|p2a: Raging Bolt\n|-end|p2a: Raging Bolt|Protosynthesis|[silent]\n|-ability|p1a: Calyrex|Grim Neigh|boost\n|-boost|p1a: Calyrex|spa|1\n|move|p2b: Tyranitar|Knock Off|p1a: Calyrex\n|-supereffective|p1a: Calyrex\n|-enditem|p1a: Calyrex|Focus Sash\n|-damage|p1a: Calyrex|1/100\n|\n|-weather|Sandstorm|[upkeep]\n|-damage|p1a: Calyrex|0 fnt|[from] Sandstorm\n|-damage|p1b: Rillaboom|0 fnt|[from] Sandstorm\n|faint|p1a: Calyrex\n|faint|p1b: Rillaboom\n|-heal|p2b: Tyranitar|10/100|[from] Grassy Terrain\n|upkeep\n|\n|t:|1746102026\n|switch|p1a: Zamazenta|Zamazenta-Crowned, L50|77/100\n|switch|p2a: Calyrex|Calyrex-Shadow, L50|33/100\n|-ability|p2a: Calyrex|As One\n|-ability|p2a: Calyrex|Unnerve\n|turn|9\n|inactive|Lacossg has 30 seconds left.\n|inactive|Lacossg has 20 seconds left.\n|inactive|Lacossg has 15 seconds left.\n|inactive|Lacossg has 10 seconds left.\n|\n|t:|1746102072\n|move|p2a: Calyrex|Astral Barrage|p1a: Zamazenta\n|-damage|p1a: Zamazenta|20/100\n|-damage|p2a: Calyrex|23/100|[from] item: Life Orb\n|move|p1a: Zamazenta|Heavy Slam|p2a: Calyrex\n|-damage|p2a: Calyrex|0 fnt\n|faint|p2a: Calyrex\n|move|p2b: Tyranitar|Knock Off|p1a: Zamazenta\n|-resisted|p1a: Zamazenta\n|-damage|p1a: Zamazenta|11/100\n|\n|-weather|Sandstorm|[upkeep]\n|-heal|p1a: Zamazenta|17/100|[from] Grassy Terrain\n|-heal|p2b: Tyranitar|16/100|[from] Grassy Terrain\n|upkeep\n|turn|10\n|inactive|Lacossg has 30 seconds left.\n|inactive|Lacossg has 20 seconds left.\n|inactive|Lacossg has 15 seconds left.\n|inactive|Lacossg has 10 seconds left.\n|inactive|Lacossg has 5 seconds left.\n|\n|t:|1746102127\n|-terastallize|p2b: Tyranitar|Grass\n|move|p1a: Zamazenta|Body Press|p2b: Tyranitar\n|-damage|p2b: Tyranitar|0 fnt\n|faint|p2b: Tyranitar\n|\n|win|aC0ldTurkey\n||aC0ldTurkey is ready for game 3.\n||Lacossg is ready for game 3.\n|uhtml|next|Next: <a href=\"/battle-gen9vgc2025regibo3-2354607676\"><strong>Game 3 of 3</strong></a>\n|l|\u2606aC0ldTurkey\n|player|p1|\n", "uploadtime": 1746102460, "views": 7, "formatid": "gen9vgc2025regibo3", "rating": null, "private": 0, "password": null}