{"id": "gen9vgc2025regibo3-2354115356", "format": "[Gen 9] VGC 2025 Reg I (Bo3)", "players": ["jahreed", "ddoublechin"], "log": "|j|\u2606jahreed\n|j|\u2606ddoublechin\n|html|<table width=\"100%\"><tr><td align=\"left\">jahreed</td><td align=\"right\">ddoublechin</tr><tr><td align=\"left\"><i class=\"fa fa-circle-o\"></i> <i class=\"fa fa-circle-o\"></i> </td><td align=\"right\"><i class=\"fa fa-circle-o\"></i> <i class=\"fa fa-circle-o\"></i> </tr></table>\n|uhtml|bestof|<h2><strong>Game 1</strong> of <a href=\"/game-bestof3-gen9vgc2025regibo3-2354115355\">a best-of-3</a></h2>\n|t:|1746036159\n|gametype|doubles\n|player|p1|jahreed|pryce|1150\n|player|p2|ddoublechin|hiker-gen4|1235\n|teamsize|p1|6\n|teamsize|p2|6\n|gen|9\n|tier|[Gen 9] VGC 2025 Reg I (Bo3)\n|rated|\n|rule|Species Clause: Limit one of each Pok\u00e9mon\n|rule|Item Clause: Limit 1 of each item\n|clearpoke\n|poke|p1|Zamazenta-*, L50|\n|poke|p1|Calyrex-Shadow, L50|\n|poke|p1|Tornadus, L50, M|\n|poke|p1|Urshifu-*, L50, M|\n|poke|p1|Rillaboom, L50, M|\n|poke|p1|Chien-Pao, L50|\n|poke|p2|Lunala, L50|\n|poke|p2|Indeedee-F, L50, F|\n|poke|p2|Zamazenta-*, L50|\n|poke|p2|Ursaluna, L50, F|\n|poke|p2|Incineroar, L50, F|\n|poke|p2|Urshifu-*, L50, M|\n|teampreview|4\n|showteam|p1|Zamazenta-Crowned||RustedShield|DauntlessShield|BodyPress,behemothbash,WideGuard,Protect||||||50|,,,,,Ghost]Calyrex-Shadow||LifeOrb|AsOneSpectrier|AstralBarrage,Psychic,DarkPulse,Protect||||||50|,,,,,Dark]Tornadus||CovertCloak|Prankster|BleakwindStorm,Tailwind,RainDance,Protect|||M|||50|,,,,,Dark]Urshifu-Rapid-Strike||MysticWater|UnseenFist|SurgingStrikes,Taunt,AquaJet,Detect|||M|||50|,,,,,Water]Rillaboom||AssaultVest|GrassySurge|WoodHammer,GrassyGlide,Uturn,FakeOut|||M|||50|,,,,,Fire]Chien-Pao||FocusSash|SwordofRuin|SuckerPunch,SacredSword,IcicleCrash,Protect||||||50|,,,,,Ghost\n|showteam|p2|Lunala||Leftovers|ShadowShield|Protect,Tailwind,ExpandingForce,MoongeistBeam||||||50|,,,,,Psychic]Indeedee-F||PsychicSeed|PsychicSurge|FollowMe,Protect,TrickRoom,Psychic|||F|||50|,,,,,Water]Zamazenta-Crowned||RustedShield|DauntlessShield|BodyPress,WideGuard,Protect,HeavySlam||||||50|,,,,,Dragon]Ursaluna||FlameOrb|Guts|Protect,Facade,HeadlongRush,RockSlide|||F|||50|,,,,,Ghost]Incineroar||RockyHelmet|Intimidate|FakeOut,PartingShot,WillOWisp,KnockOff|||F|||50|,,,,,Ghost]Urshifu||FocusSash|UnseenFist|WickedBlow,Protect,SuckerPunch,CloseCombat|||M|||50|,,,,,Fighting\n|\n|t:|1746036212\n|start\n|switch|p1a: Tornadus|Tornadus, L50, M|100/100\n|switch|p1b: Urshifu|Urshifu-Rapid-Strike, L50, M|100/100\n|switch|p2a: Indeedee|Indeedee-F, L50, F|100/100\n|switch|p2b: Lunala|Lunala, L50|100/100\n|-fieldstart|move: Psychic Terrain|[from] ability: Psychic Surge|[of] p2a: Indeedee\n|-enditem|p2a: Indeedee|Psychic Seed\n|-boost|p2a: Indeedee|spd|1|[from] item: Psychic Seed\n|turn|1\n|\n|t:|1746036262\n|switch|p2a: Zamazenta|Zamazenta-Crowned, L50|100/100\n|-ability|p2a: Zamazenta|Dauntless Shield|boost\n|-boost|p2a: Zamazenta|def|1\n|move|p1b: Urshifu|Detect|p1b: Urshifu\n|-singleturn|p1b: Urshifu|Protect\n|move|p1a: Tornadus|Bleakwind Storm|p2b: Lunala|[spread] p2a,p2b\n|-damage|p2a: Zamazenta|77/100\n|-damage|p2b: Lunala|89/100\n|move|p2b: Lunala|Tailwind|p2b: Lunala\n|-sidestart|p2: ddoublechin|move: Tailwind\n|\n|-heal|p2b: Lunala|95/100|[from] item: Leftovers\n|upkeep\n|turn|2\n|inactive|Battle timer is ON: inactive players will automatically lose when time's up. (requested by ddoublechin)\n|\n|t:|1746036353\n|-terastallize|p2b: Lunala|Psychic\n|-terastallize|p1b: Urshifu|Water\n|move|p1a: Tornadus|Tailwind|p1a: Tornadus\n|-sidestart|p1: jahreed|move: Tailwind\n|move|p2a: Zamazenta|Body Press|p1b: Urshifu\n|-damage|p1b: Urshifu|29/100\n|move|p1b: Urshifu|Surging Strikes|p2a: Zamazenta\n|-crit|p2a: Zamazenta\n|-damage|p2a: Zamazenta|58/100\n|-crit|p2a: Zamazenta\n|-damage|p2a: Zamazenta|40/100\n|-crit|p2a: Zamazenta\n|-damage|p2a: Zamazenta|22/100\n|-hitcount|p2a: Zamazenta|3\n|move|p2b: Lunala|Expanding Force|p1a: Tornadus|[spread] p1a,p1b\n|-damage|p1a: Tornadus|0 fnt\n|-damage|p1b: Urshifu|0 fnt\n|faint|p1a: Tornadus\n|faint|p1b: Urshifu\n|\n|-heal|p2b: Lunala|100/100|[from] item: Leftovers\n|upkeep\n|\n|t:|1746036364\n|switch|p1a: Zamazenta|Zamazenta-Crowned, L50|100/100\n|switch|p1b: Calyrex|Calyrex-Shadow, L50|100/100\n|-ability|p1b: Calyrex|As One\n|-ability|p1b: Calyrex|Unnerve\n|-ability|p1a: Zamazenta|Dauntless Shield|boost\n|-boost|p1a: Zamazenta|def|1\n|turn|3\n|\n|t:|1746036379\n|move|p1b: Calyrex|Protect|p1b: Calyrex\n|-singleturn|p1b: Calyrex|Protect\n|move|p2a: Zamazenta|Wide Guard|p2a: Zamazenta\n|-singleturn|p2a: Zamazenta|Wide Guard\n|move|p1a: Zamazenta|Body Press|p2a: Zamazenta\n|-supereffective|p2a: Zamazenta\n|-damage|p2a: Zamazenta|0 fnt\n|faint|p2a: Zamazenta\n|move|p2b: Lunala|Moongeist Beam|p1b: Calyrex\n|-activate|p1b: Calyrex|move: Protect\n|\n|upkeep\n|\n|t:|1746036383\n|switch|p2a: Indeedee|Indeedee-F, L50, F|100/100\n|turn|4\n|inactive|jahreed has 30 seconds left.\n|inactive|jahreed has 20 seconds left.\n|inactive|jahreed has 15 seconds left.\n|inactive|jahreed has 10 seconds left.\n|\n|t:|1746036428\n|move|p1b: Calyrex|Astral Barrage|p2a: Indeedee|[spread] p2b\n|-immune|p2a: Indeedee\n|-supereffective|p2b: Lunala\n|-damage|p2b: Lunala|53/100\n|-damage|p1b: Calyrex|91/100|[from] item: Life Orb\n|move|p1a: Zamazenta|Body Press|p2b: Lunala\n|-resisted|p2b: Lunala\n|-damage|p2b: Lunala|23/100\n|move|p2b: Lunala|Expanding Force|p1a: Zamazenta|[spread] p1a,p1b\n|-resisted|p1b: Calyrex\n|-damage|p1a: Zamazenta|29/100\n|-damage|p1b: Calyrex|45/100\n|move|p2a: Indeedee|Trick Room|p2a: Indeedee\n|-fieldstart|move: Trick Room|[of] p2a: Indeedee\n|\n|-heal|p2b: Lunala|29/100|[from] item: Leftovers\n|-sideend|p2: ddoublechin|move: Tailwind\n|upkeep\n|turn|5\n|\n|t:|1746036449\n|move|p1a: Zamazenta|Protect|p1a: Zamazenta\n|-singleturn|p1a: Zamazenta|Protect\n|move|p1b: Calyrex|Protect|p1b: Calyrex\n|-singleturn|p1b: Calyrex|Protect\n|move|p2a: Indeedee|Psychic|p1a: Zamazenta\n|-activate|p1a: Zamazenta|move: Protect\n|move|p2b: Lunala|Moongeist Beam|p1a: Zamazenta\n|-activate|p1a: Zamazenta|move: Protect\n|\n|-heal|p2b: Lunala|35/100|[from] item: Leftovers\n|-sideend|p1: jahreed|move: Tailwind\n|-fieldend|move: Psychic Terrain\n|upkeep\n|turn|6\n|inactive|jahreed has 30 seconds left.\n|inactive|jahreed has 20 seconds left.\n|inactive|jahreed has 15 seconds left.\n|inactive|jahreed has 10 seconds left.\n|\n|t:|1746036508\n|move|p2a: Indeedee|Follow Me|p2a: Indeedee\n|-singleturn|p2a: Indeedee|move: Follow Me\n|move|p2b: Lunala|Moongeist Beam|p1a: Zamazenta\n|-damage|p1a: Zamazenta|0 fnt\n|faint|p1a: Zamazenta\n|move|p1b: Calyrex|Astral Barrage|p2a: Indeedee|[spread] p2b\n|-immune|p2a: Indeedee\n|-supereffective|p2b: Lunala\n|-damage|p2b: Lunala|0 fnt\n|faint|p2b: Lunala\n|-ability|p1b: Calyrex|Grim Neigh|boost\n|-boost|p1b: Calyrex|spa|1\n|-damage|p1b: Calyrex|35/100|[from] item: Life Orb\n|\n|upkeep\n|\n|t:|1746036519\n|switch|p2b: Ursaluna|Ursaluna, L50, F|100/100\n|turn|7\n|\n|t:|1746036529\n|move|p2a: Indeedee|Follow Me|p2a: Indeedee\n|-singleturn|p2a: Indeedee|move: Follow Me\n|move|p2b: Ursaluna|Headlong Rush|p1b: Calyrex\n|-damage|p1b: Calyrex|0 fnt\n|-unboost|p2b: Ursaluna|def|1\n|-unboost|p2b: Ursaluna|spd|1\n|faint|p1b: Calyrex\n|\n|win|ddoublechin\n||jahreed is ready for game 2.\n||ddoublechin is ready for game 2.\n|uhtml|next|Next: <a href=\"/battle-gen9vgc2025regibo3-2354119762\"><strong>Game 2 of 3</strong></a>\n", "uploadtime": 1746037205, "views": 37, "formatid": "gen9vgc2025regibo3", "rating": null, "private": 0, "password": null}