{"id": "gen9vgc2025regibo3-2353876906", "format": "[Gen 9] VGC 2025 Reg I (Bo3)", "players": ["PatmonVGC", "7enzc7"], "log": "|j|\u203dPatmonVGC\n|j|\u26067enzc7\n|html|<table width=\"100%\"><tr><td align=\"left\">PatmonVGC</td><td align=\"right\">7enzc7</tr><tr><td align=\"left\"><i class=\"fa fa-circle\"></i> <i class=\"fa fa-circle-o\"></i> </td><td align=\"right\"><i class=\"fa fa-circle-o\"></i> <i class=\"fa fa-circle\"></i> </tr></table>\n|uhtml|bestof|<h2><strong>Game 3</strong> of <a href=\"/game-bestof3-gen9vgc2025regibo3-2353872786\">a best-of-3</a></h2>\n|t:|1746013795\n|gametype|doubles\n|player|p1|PatmonVGC|grusha|1114\n|player|p2|7enzc7|265|1066\n|teamsize|p1|6\n|teamsize|p2|6\n|gen|9\n|tier|[Gen 9] VGC 2025 Reg I (Bo3)\n|rated|\n|rule|Species Clause: Limit one of each Pok\u00e9mon\n|rule|Item Clause: Limit 1 of each item\n|clearpoke\n|poke|p1|Koraidon, L50|\n|poke|p1|Dondozo, L50, M|\n|poke|p1|Tatsugiri-Droopy, L50, M|\n|poke|p1|Weezing-Galar, L50, F|\n|poke|p1|Chi-Yu, L50|\n|poke|p1|Calyrex-Shadow, L50|\n|poke|p2|Calyrex-Shadow, L50|\n|poke|p2|Koraidon, L50|\n|poke|p2|Brute Bonnet, L50|\n|poke|p2|Raging Bolt, L50|\n|poke|p2|Incineroar, L50, M|\n|poke|p2|Ogerpon-Cornerstone, L50, F|\n|teampreview|4\n|showteam|p1|Koraidon||AbilityShield|OrichalcumPulse|Protect,CollisionCourse,FlareBlitz,BreakingSwipe||||||50|,,,,,Fire]Dondozo||Leftovers|Unaware|Liquidation,OrderUp,BodyPress,Protect|||M|||50|,,,,,Grass]Tatsugiri-Droopy||FocusSash|Commander|MuddyWater,DracoMeteor,Protect,HelpingHand|||M|||50|,,,,,Stellar]Weezing-Galar||CovertCloak|NeutralizingGas|DazzlingGleam,PoisonGas,ToxicSpikes,Protect|||F|||50|,,,,,Dark]Chi-Yu||ChoiceScarf|BeadsofRuin|HeatWave,Overheat,Snarl,DarkPulse||||||50|,,,,,Ghost]Calyrex-Shadow||LifeOrb|AsOneSpectrier|AstralBarrage,Psychic,NastyPlot,Protect||||||50|,,,,,Ghost\n|showteam|p2|Calyrex-Shadow||FocusSash|AsOneSpectrier|AstralBarrage,Psychic,Encore,Protect||||||50|,,,,,Ghost]Koraidon||LifeOrb|OrichalcumPulse|CloseCombat,FlareBlitz,FlameCharge,Protect||||||50|,,,,,Fire]Brute Bonnet||CovertCloak|Protosynthesis|Spore,RagePowder,SuckerPunch,Protect||||||50|,,,,,Water]Raging Bolt||AssaultVest|Protosynthesis|Thunderbolt,Thunderclap,DracoMeteor,Electroweb||||||50|,,,,,Fairy]Incineroar||SafetyGoggles|Intimidate|KnockOff,Taunt,PartingShot,FakeOut|||M|||50|,,,,,Ghost]Ogerpon-Cornerstone||CornerstoneMask|Sturdy|IvyCudgel,FollowMe,SpikyShield,PowerWhip|||F|||50|,,,,,Rock\n|inactive|Battle timer is ON: inactive players will automatically lose when time's up. (requested by PatmonVGC)\n|inactive|7enzc7 has 60 seconds left.\n|\n|t:|1746013844\n|start\n|switch|p1a: Chi-Yu|Chi-Yu, L50|100/100\n|switch|p1b: Koraidon|Koraidon, L50|100/100\n|switch|p2a: Calyrex|Calyrex-Shadow, L50|100/100\n|switch|p2b: Raging Bolt|Raging Bolt, L50|100/100\n|-ability|p2a: Calyrex|As One\n|-ability|p2a: Calyrex|Unnerve\n|-ability|p1a: Chi-Yu|Beads of Ruin\n|-weather|SunnyDay|[from] ability: Orichalcum Pulse|[of] p1b: Koraidon\n|-activate|p2b: Raging Bolt|ability: Protosynthesis\n|-start|p2b: Raging Bolt|protosynthesisspa\n|-activate|p1b: Koraidon|Orichalcum Pulse|[source]\n|turn|1\n|inactive|7enzc7 has 30 seconds left.\n|inactive|7enzc7 has 20 seconds left.\n|inactive|7enzc7 has 15 seconds left.\n|\n|t:|1746013886\n|move|p2a: Calyrex|Protect|p2a: Calyrex\n|-singleturn|p2a: Calyrex|Protect\n|move|p1a: Chi-Yu|Snarl|p2a: Calyrex|[spread] p2b\n|-activate|p2a: Calyrex|move: Protect\n|-crit|p2b: Raging Bolt\n|-damage|p2b: Raging Bolt|74/100\n|-unboost|p2b: Raging Bolt|spa|1\n|move|p1b: Koraidon|Breaking Swipe|p2a: Calyrex|[spread] p2b\n|-activate|p2a: Calyrex|move: Protect\n|-supereffective|p2b: Raging Bolt\n|-damage|p2b: Raging Bolt|18/100\n|-unboost|p2b: Raging Bolt|atk|1\n|move|p2b: Raging Bolt|Electroweb|p1b: Koraidon|[spread] p1a,p1b\n|-resisted|p1b: Koraidon\n|-damage|p1a: Chi-Yu|75/100\n|-damage|p1b: Koraidon|86/100\n|-unboost|p1a: Chi-Yu|spe|1\n|-unboost|p1b: Koraidon|spe|1\n|\n|-weather|SunnyDay|[upkeep]\n|upkeep\n|turn|2\n|\n|t:|1746013910\n|-terastallize|p2a: Calyrex|Ghost\n|move|p1b: Koraidon|Protect|p1b: Koraidon\n|-singleturn|p1b: Koraidon|Protect\n|move|p2b: Raging Bolt|Thunderclap|p1a: Chi-Yu\n|-damage|p1a: Chi-Yu|35/100\n|move|p2a: Calyrex|Astral Barrage|p1b: Koraidon|[spread] p1a\n|-activate|p1b: Koraidon|move: Protect\n|-resisted|p1a: Chi-Yu\n|-damage|p1a: Chi-Yu|0 fnt\n|faint|p1a: Chi-Yu\n|-ability|p2a: Calyrex|Grim Neigh|boost\n|-boost|p2a: Calyrex|spa|1\n|\n|-weather|SunnyDay|[upkeep]\n|upkeep\n|\n|t:|1746013917\n|switch|p1a: Dondozo|Dondozo, L50, M|100/100\n|turn|3\n|\n|t:|1746013937\n|switch|p1b: Tatsugiri|Tatsugiri-Droopy, L50, M|100/100\n|-activate|p1b: Tatsugiri|ability: Commander|[of] p1a: Dondozo\n|-boost|p1a: Dondozo|atk|2\n|-boost|p1a: Dondozo|spa|2\n|-boost|p1a: Dondozo|spe|2\n|-boost|p1a: Dondozo|def|2\n|-boost|p1a: Dondozo|spd|2\n|-terastallize|p1a: Dondozo|Grass\n|move|p2a: Calyrex|Astral Barrage|p1b: Tatsugiri|[spread] p1a\n|-miss|p2a: Calyrex|p1b: Tatsugiri\n|-damage|p1a: Dondozo|69/100\n|move|p1a: Dondozo|Order Up|p2a: Calyrex\n|-damage|p2a: Calyrex|52/100\n|-boost|p1a: Dondozo|def|1\n|move|p2b: Raging Bolt|Thunderbolt|p1a: Dondozo\n|-resisted|p1a: Dondozo\n|-damage|p1a: Dondozo|54/100\n|\n|-weather|SunnyDay|[upkeep]\n|-heal|p1a: Dondozo|60/100|[from] item: Leftovers\n|upkeep\n|turn|4\n|inactive|7enzc7 has 30 seconds left.\n|\n|t:|1746013966\n|move|p1a: Dondozo|Protect|p1a: Dondozo\n|-singleturn|p1a: Dondozo|Protect\n|move|p2a: Calyrex|Astral Barrage|p1a: Dondozo|[spread] \n|-miss|p2a: Calyrex|p1b: Tatsugiri\n|-activate|p1a: Dondozo|move: Protect\n|move|p2b: Raging Bolt|Draco Meteor|p1a: Dondozo\n|-activate|p1a: Dondozo|move: Protect\n|\n|-weather|SunnyDay|[upkeep]\n|-heal|p1a: Dondozo|66/100|[from] item: Leftovers\n|upkeep\n|turn|5\n|\n|t:|1746013983\n|move|p2a: Calyrex|Astral Barrage|p1a: Dondozo|[spread] p1a\n|-miss|p2a: Calyrex|p1b: Tatsugiri\n|-damage|p1a: Dondozo|31/100\n|move|p1a: Dondozo|Order Up|p2a: Calyrex\n|-damage|p2a: Calyrex|8/100\n|-boost|p1a: Dondozo|def|1\n|move|p2b: Raging Bolt|Draco Meteor|p1a: Dondozo\n|-damage|p1a: Dondozo|0 fnt\n|-unboost|p2b: Raging Bolt|spa|2\n|faint|p1a: Dondozo\n|\n|-weather|none\n|-end|p2b: Raging Bolt|Protosynthesis\n|upkeep\n|\n|t:|1746013990\n|switch|p1a: Koraidon|Koraidon, L50|86/100\n|-weather|SunnyDay|[from] ability: Orichalcum Pulse|[of] p1a: Koraidon\n|-activate|p2b: Raging Bolt|ability: Protosynthesis\n|-start|p2b: Raging Bolt|protosynthesisdef\n|-activate|p1a: Koraidon|Orichalcum Pulse|[source]\n|turn|6\n|inactive|7enzc7 has 30 seconds left.\n|\n|t:|1746014021\n|move|p1a: Koraidon|Protect|p1a: Koraidon\n|-singleturn|p1a: Koraidon|Protect\n|move|p2b: Raging Bolt|Thunderclap|p1b: Tatsugiri\n|-damage|p1b: Tatsugiri|81/100\n|move|p2a: Calyrex|Astral Barrage|p1b: Tatsugiri|[spread] p1b\n|-activate|p1a: Koraidon|move: Protect\n|-damage|p1b: Tatsugiri|0 fnt\n|faint|p1b: Tatsugiri\n|-ability|p2a: Calyrex|Grim Neigh|boost\n|-boost|p2a: Calyrex|spa|1\n|\n|-weather|SunnyDay|[upkeep]\n|upkeep\n|turn|7\n|l|\u203dPatmonVGC\n|inactive|PatmonVGC disconnected and has a minute to reconnect!\n|player|p1|\n|inactive|PatmonVGC has 30 seconds left.\n|inactive|PatmonVGC has 20 seconds left.\n|inactive|PatmonVGC has 15 seconds left.\n|inactive|PatmonVGC has 10 seconds left.\n|inactive|PatmonVGC has 5 seconds left.\n|-message|PatmonVGC lost due to inactivity.\n|\n|win|7enzc7\n|raw|PatmonVGC's rating: 1114 &rarr; <strong>1086</strong><br />(-28 for losing)\n|raw|7enzc7's rating: 1066 &rarr; <strong>1100</strong><br />(+34 for winning)\n|l|\u26067enzc7\n|player|p2|\n|j|\u26067enzc7\n|player|p2|7enzc7|265|\n", "uploadtime": 1746014122, "views": 36, "formatid": "gen9vgc2025regibo3", "rating": 1086, "private": 0, "password": null}