{"id": "gen9vgc2025regibo3-2353730628", "format": "[Gen 9] VGC 2025 Reg I (Bo3)", "players": ["Michaelchad", "merrypasta"], "log": "|j|\u2606Michaelchad\n|j|\u2606merrypasta\n|html|<table width=\"100%\"><tr><td align=\"left\">Michaelchad</td><td align=\"right\">merrypasta</tr><tr><td align=\"left\"><i class=\"fa fa-circle-o\"></i> <i class=\"fa fa-circle-o\"></i> </td><td align=\"right\"><i class=\"fa fa-circle-o\"></i> <i class=\"fa fa-circle-o\"></i> </tr></table>\n|uhtml|bestof|<h2><strong>Game 1</strong> of <a href=\"/game-bestof3-gen9vgc2025regibo3-2353730627\">a best-of-3</a></h2>\n|t:|1745990138\n|gametype|doubles\n|player|p1|Michaelchad|2|1101\n|player|p2|merrypasta|lady|1097\n|teamsize|p1|6\n|teamsize|p2|6\n|gen|9\n|tier|[Gen 9] VGC 2025 Reg I (Bo3)\n|rated|\n|rule|Species Clause: Limit one of each Pok\u00e9mon\n|rule|Item Clause: Limit 1 of each item\n|clearpoke\n|poke|p1|Ho-Oh, L50|\n|poke|p1|Urshifu-*, L50, M|\n|poke|p1|Toxapex, L50, F|\n|poke|p1|Calyrex-Ice, L50|\n|poke|p1|Raging Bolt, L50|\n|poke|p1|Landorus, L50, M|\n|poke|p2|Lunala, L50|\n|poke|p2|Indeedee-F, L50, F|\n|poke|p2|Calyrex-Shadow, L50|\n|poke|p2|Volcarona, L50, F|\n|poke|p2|Roaring Moon, L50|\n|poke|p2|Milotic, L50, F|\n|teampreview|4\n|showteam|p1|Ho-Oh||SitrusBerry|Regenerator|SacredFire,BraveBird,LifeDew,Protect||||||50|,,,,,Grass]Urshifu||FocusSash|UnseenFist|WickedBlow,CloseCombat,SuckerPunch,Detect|||M|||50|,,,,,Ghost]Toxapex||Leftovers|Regenerator|Infestation,ToxicSpikes,WideGuard,BanefulBunker|||F|||50|,,,,,Dark]Calyrex-Ice||SafetyGoggles|AsOneGlastrier|SwordsDance,Protect,GlacialLance,HighHorsepower||||||50|,,,,,Fire]Raging Bolt||BoosterEnergy|Protosynthesis|Thunderclap,Thunderbolt,DracoMeteor,Protect||||||50|,,,,,Fairy]Landorus||LifeOrb|SheerForce|EarthPower,SandsearStorm,SludgeBomb,Protect|||M|||50|,,,,,Poison\n|showteam|p2|Lunala||PowerHerb|ShadowShield|MoongeistBeam,ExpandingForce,MeteorBeam,WideGuard||||||50|,,,,,Dark]Indeedee-F||PsychicSeed|PsychicSurge|Psychic,FollowMe,HelpingHand,TrickRoom|||F|||50|,,,,,Fairy]Calyrex-Shadow||LifeOrb|AsOneSpectrier|AstralBarrage,ExpandingForce,Protect,Encore||||||50|,,,,,Water]Volcarona||CovertCloak|FlameBody|FieryDance,RagePowder,Protect,WillOWisp|||F|||50|,,,,,Dragon]Roaring Moon||BoosterEnergy|Protosynthesis|KnockOff,Acrobatics,Protect,Tailwind||||||50|,,,,,Flying]Milotic||SafetyGoggles|Competitive|Scald,IcyWind,Protect,Safeguard|||F|||50|,,,,,Grass\n|inactive|Battle timer is ON: inactive players will automatically lose when time's up. (requested by Michaelchad)\n|\n|t:|1745990180\n|start\n|switch|p1a: Urshifu|Urshifu, L50, M|100/100\n|switch|p1b: Toxapex|Toxapex, L50, F, shiny|100/100\n|switch|p2a: Calyrex|Calyrex-Shadow, L50|100/100\n|switch|p2b: Indeedee|Indeedee-F, L50, F|100/100\n|-ability|p2a: Calyrex|As One\n|-ability|p2a: Calyrex|Unnerve\n|-fieldstart|move: Psychic Terrain|[from] ability: Psychic Surge|[of] p2b: Indeedee\n|-enditem|p2b: Indeedee|Psychic Seed\n|-boost|p2b: Indeedee|spd|1|[from] item: Psychic Seed\n|turn|1\n|\n|t:|1745990203\n|-terastallize|p1b: Toxapex|Dark\n|move|p1b: Toxapex|Wide Guard|p1b: Toxapex\n|-singleturn|p1b: Toxapex|Wide Guard\n|move|p2b: Indeedee|Follow Me|p2b: Indeedee\n|-singleturn|p2b: Indeedee|move: Follow Me\n|move|p2a: Calyrex|Expanding Force|p1a: Urshifu|[spread] \n|-activate|p1a: Urshifu|move: Wide Guard\n|-activate|p1b: Toxapex|move: Wide Guard\n|move|p1a: Urshifu|Wicked Blow|p2b: Indeedee\n|-supereffective|p2b: Indeedee\n|-crit|p2b: Indeedee\n|-damage|p2b: Indeedee|0 fnt\n|faint|p2b: Indeedee\n|\n|upkeep\n|\n|t:|1745990209\n|switch|p2b: Lunala|Lunala, L50|100/100\n|turn|2\n|\n|t:|1745990221\n|move|p1b: Toxapex|Wide Guard|p1b: Toxapex\n|-singleturn|p1b: Toxapex|Wide Guard\n|move|p2a: Calyrex|Encore|p1b: Toxapex\n|-start|p1b: Toxapex|Encore\n|move|p1a: Urshifu|Wicked Blow|p2a: Calyrex\n|-supereffective|p2a: Calyrex\n|-crit|p2a: Calyrex\n|-damage|p2a: Calyrex|0 fnt\n|faint|p2a: Calyrex\n|move|p2b: Lunala|Meteor Beam||[still]\n|-prepare|p2b: Lunala|Meteor Beam\n|-boost|p2b: Lunala|spa|1\n|-enditem|p2b: Lunala|Power Herb\n|-anim|p2b: Lunala|Meteor Beam|p1a: Urshifu\n|-resisted|p1a: Urshifu\n|-damage|p1a: Urshifu|50/100\n|\n|upkeep\n|\n|t:|1745990234\n|switch|p2a: Roaring Moon|Roaring Moon, L50|100/100\n|-enditem|p2a: Roaring Moon|Booster Energy\n|-activate|p2a: Roaring Moon|ability: Protosynthesis|[fromitem]\n|-start|p2a: Roaring Moon|protosynthesisspe\n|turn|3\n|\n|t:|1745990258\n|switch|p1b: Raging Bolt|Raging Bolt, L50|100/100\n|-enditem|p1b: Raging Bolt|Booster Energy\n|-activate|p1b: Raging Bolt|ability: Protosynthesis|[fromitem]\n|-start|p1b: Raging Bolt|protosynthesisspa\n|move|p2a: Roaring Moon|Acrobatics|p1a: Urshifu\n|-supereffective|p1a: Urshifu\n|-damage|p1a: Urshifu|0 fnt\n|faint|p1a: Urshifu\n|move|p2b: Lunala|Moongeist Beam|p1b: Raging Bolt\n|-damage|p1b: Raging Bolt|30/100\n|\n|upkeep\n|\n|t:|1745990274\n|switch|p1a: Toxapex|Toxapex, L50, F, shiny, tera:Dark|100/100\n|turn|4\n|inactive|Michaelchad has 30 seconds left.\n|inactive|Michaelchad has 20 seconds left.\n|\n|t:|1745990313\n|move|p2a: Roaring Moon|Knock Off|p1a: Toxapex\n|-resisted|p1a: Toxapex\n|-damage|p1a: Toxapex|84/100\n|-enditem|p1a: Toxapex|Leftovers|[from] move: Knock Off|[of] p2a: Roaring Moon\n|move|p2b: Lunala|Moongeist Beam|p1b: Raging Bolt\n|-damage|p1b: Raging Bolt|0 fnt\n|faint|p1b: Raging Bolt\n|-end|p1b: Raging Bolt|Protosynthesis|[silent]\n|move|p1a: Toxapex|Infestation|p2b: Lunala\n|-damage|p2b: Lunala|99/100\n|-activate|p2b: Lunala|move: Infestation|[of] p1a: Toxapex\n|\n|-damage|p2b: Lunala|88/100|[from] move: Infestation|[partiallytrapped]\n|upkeep\n|\n|t:|1745990324\n|switch|p1b: Calyrex|Calyrex-Ice, L50|100/100\n|-ability|p1b: Calyrex|As One\n|-ability|p1b: Calyrex|Unnerve\n|turn|5\n|\n|t:|1745990336\n|move|p1a: Toxapex|Baneful Bunker|p1a: Toxapex\n|-singleturn|p1a: Toxapex|move: Protect\n|move|p2a: Roaring Moon|Knock Off|p1b: Calyrex\n|-supereffective|p1b: Calyrex\n|-damage|p1b: Calyrex|39/100\n|-enditem|p1b: Calyrex|Safety Goggles|[from] move: Knock Off|[of] p2a: Roaring Moon\n|move|p2b: Lunala|Meteor Beam||[still]\n|-prepare|p2b: Lunala|Meteor Beam\n|-boost|p2b: Lunala|spa|1\n|move|p1b: Calyrex|Glacial Lance|p2b: Lunala|[spread] p2a,p2b\n|-supereffective|p2a: Roaring Moon\n|-crit|p2a: Roaring Moon\n|-damage|p2a: Roaring Moon|0 fnt\n|-damage|p2b: Lunala|41/100\n|faint|p2a: Roaring Moon\n|-end|p2a: Roaring Moon|Protosynthesis|[silent]\n|-ability|p1b: Calyrex|Chilling Neigh|boost\n|-boost|p1b: Calyrex|atk|1\n|\n|-damage|p2b: Lunala|29/100|[from] move: Infestation|[partiallytrapped]\n|-fieldend|move: Psychic Terrain\n|upkeep\n|turn|6\n|inactive|Michaelchad has 30 seconds left.\n|inactive|Michaelchad has 20 seconds left.\n|inactive|Michaelchad has 15 seconds left.\n|\n|t:|1745990378\n|move|p1b: Calyrex|Protect|p1b: Calyrex\n|-singleturn|p1b: Calyrex|Protect\n|move|p2b: Lunala|Meteor Beam|p1b: Calyrex|[from] lockedmove\n|-activate|p1b: Calyrex|move: Protect\n|move|p1a: Toxapex|Infestation|p2b: Lunala\n|-damage|p2b: Lunala|26/100\n|\n|-damage|p2b: Lunala|14/100|[from] move: Infestation|[partiallytrapped]\n|upkeep\n|turn|7\n|\n|t:|1745990397\n|move|p2b: Lunala|Moongeist Beam|p1b: Calyrex\n|-supereffective|p1b: Calyrex\n|-damage|p1b: Calyrex|0 fnt\n|faint|p1b: Calyrex\n|move|p1a: Toxapex|Infestation|p2b: Lunala\n|-damage|p2b: Lunala|12/100\n|\n|-damage|p2b: Lunala|0 fnt|[from] move: Infestation|[partiallytrapped]\n|faint|p2b: Lunala\n|\n|win|Michaelchad\n||Michaelchad is ready for game 2.\n||merrypasta is ready for game 2.\n|uhtml|next|Next: <a href=\"/battle-gen9vgc2025regibo3-2353732212\"><strong>Game 2 of 3</strong></a>\n", "uploadtime": 1745990753, "views": 22, "formatid": "gen9vgc2025regibo3", "rating": null, "private": 0, "password": null}