{"id": "gen9vgc2025regibo3-2354128492", "format": "[Gen 9] VGC 2025 Reg I (Bo3)", "players": ["juacox300", "pokeplaygg"], "log": "|j|\u2606juacox300\n|j|\u2606pokeplaygg\n|html|<table width=\"100%\"><tr><td align=\"left\">juacox300</td><td align=\"right\">pokeplaygg</tr><tr><td align=\"left\"><i class=\"fa fa-circle-o\"></i> <i class=\"fa fa-circle-o\"></i> </td><td align=\"right\"><i class=\"fa fa-circle-o\"></i> <i class=\"fa fa-circle-o\"></i> </tr></table>\n|uhtml|bestof|<h2><strong>Game 1</strong> of <a href=\"/game-bestof3-gen9vgc2025regibo3-2354128491\">a best-of-3</a></h2>\n|t:|1746037288\n|gametype|doubles\n|player|p1|juacox300|unknown|1359\n|player|p2|pokeplaygg|2|1291\n|teamsize|p1|6\n|teamsize|p2|6\n|gen|9\n|tier|[Gen 9] VGC 2025 Reg I (Bo3)\n|rated|\n|rule|Species Clause: Limit one of each Pok\u00e9mon\n|rule|Item Clause: Limit 1 of each item\n|clearpoke\n|poke|p1|Miraidon, L50|\n|poke|p1|Iron Hands, L50|\n|poke|p1|Calyrex-Ice, L50|\n|poke|p1|Incineroar, L50, M|\n|poke|p1|Chi-Yu, L50|\n|poke|p1|Alcremie-Salted-Cream, L50, F|\n|poke|p2|Amoonguss, L50, M|\n|poke|p2|Calyrex-Ice, L50|\n|poke|p2|Rillaboom, L50, F|\n|poke|p2|Incineroar, L50, F|\n|poke|p2|Kyogre, L50|\n|poke|p2|Archaludon, L50, M|\n|teampreview|4\n|showteam|p1|Miraidon||LifeOrb|HadronEngine|ElectroDrift,DracoMeteor,Protect,DazzlingGleam||||||50|,,,,,Fairy]Iron Hands||AssaultVest|QuarkDrive|WildCharge,LowKick,FakeOut,HeavySlam||||||50|,,,,,Fire]Calyrex-Ice||ClearAmulet|AsOneGlastrier|GlacialLance,HighHorsepower,Protect,TrickRoom||||||50|,,,,,Dragon]Incineroar||RockyHelmet|Intimidate|KnockOff,FlareBlitz,FakeOut,Taunt|||M|||50|,,,,,Poison]Chi-Yu||ChoiceScarf|BeadsofRuin|HeatWave,Snarl,Overheat,DarkPulse||||||50|,,,,,Ghost]Alcremie-Salted-Cream||CovertCloak|AromaVeil|AlluringVoice,Decorate,Protect,Encore|||F|||50|,,,,,Grass\n|showteam|p2|Amoonguss||RockyHelmet|Regenerator|PollenPuff,Spore,ClearSmog,RagePowder|||M|||50|,,,,,Water]Calyrex-Ice||ClearAmulet|AsOneGlastrier|Protect,TrickRoom,GlacialLance,HighHorsepower||||||50|,,,,,Grass]Rillaboom||AssaultVest|GrassySurge|FakeOut,Uturn,GrassyGlide,WoodHammer|||F|||50|,,,,,Fire]Incineroar||SitrusBerry|Intimidate|FlareBlitz,FakeOut,WillOWisp,KnockOff|||F|||50|,,,,,Ghost]Kyogre||LifeOrb|Drizzle|OriginPulse,Protect,Thunder,IceBeam||||||50|,,,,,Water]Archaludon||Leftovers|Stamina|DracoMeteor,BodyPress,ElectroShot,Snarl|||M|||50|,,,,,Fairy\n|inactive|Battle timer is ON: inactive players will automatically lose when time's up. (requested by pokeplaygg)\n|\n|t:|1746037306\n|start\n|switch|p1a: Calyrex|Calyrex-Ice, L50|100/100\n|switch|p1b: FerroNalgada|Iron Hands, L50|100/100\n|switch|p2a: Calyrex|Calyrex-Ice, L50|100/100\n|switch|p2b: Rillaboom|Rillaboom, L50, F|100/100\n|-ability|p1a: Calyrex|As One\n|-ability|p1a: Calyrex|Unnerve\n|-ability|p2a: Calyrex|As One\n|-ability|p2a: Calyrex|Unnerve\n|-fieldstart|move: Grassy Terrain|[from] ability: Grassy Surge|[of] p2b: Rillaboom\n|turn|1\n|inactive|pokeplaygg has 30 seconds left.\n|inactive|pokeplaygg has 20 seconds left.\n|inactive|pokeplaygg has 15 seconds left.\n|inactive|pokeplaygg has 10 seconds left.\n|\n|t:|1746037352\n|-end|p1b: FerroNalgada|Quark Drive|[silent]\n|switch|p1b: Incineroar|Incineroar, L50, M|100/100\n|-ability|p1b: Incineroar|Intimidate|boost\n|-fail|p2a: Calyrex|unboost|[from] item: Clear Amulet|[of] p2a: Calyrex\n|-unboost|p2b: Rillaboom|atk|1\n|move|p1a: Calyrex|Protect|p1a: Calyrex\n|-singleturn|p1a: Calyrex|Protect\n|move|p2b: Rillaboom|Fake Out|p1a: Calyrex\n|-activate|p1a: Calyrex|move: Protect\n|move|p2a: Calyrex|High Horsepower|p1b: Incineroar\n|-supereffective|p1b: Incineroar\n|-damage|p1b: Incineroar|25/100\n|-damage|p2a: Calyrex|84/100|[from] item: Rocky Helmet|[of] p1b: Incineroar\n|\n|-heal|p1b: Incineroar|31/100|[from] Grassy Terrain\n|-heal|p2a: Calyrex|90/100|[from] Grassy Terrain\n|upkeep\n|turn|2\n|\n|t:|1746037365\n|switch|p2a: Incineroar|Incineroar, L50, F|100/100\n|-ability|p2a: Incineroar|Intimidate|boost\n|-fail|p1a: Calyrex|unboost|[from] item: Clear Amulet|[of] p1a: Calyrex\n|-unboost|p1b: Incineroar|atk|1\n|move|p1b: Incineroar|Fake Out|p2b: Rillaboom\n|-damage|p2b: Rillaboom|94/100\n|cant|p2b: Rillaboom|flinch\n|move|p1a: Calyrex|Glacial Lance|p2b: Rillaboom|[spread] p2a,p2b\n|-resisted|p2a: Incineroar\n|-supereffective|p2b: Rillaboom\n|-damage|p2a: Incineroar|71/100\n|-damage|p2b: Rillaboom|0 fnt\n|faint|p2b: Rillaboom\n|-ability|p1a: Calyrex|Chilling Neigh|boost\n|-boost|p1a: Calyrex|atk|1\n|\n|-heal|p1b: Incineroar|37/100|[from] Grassy Terrain\n|-heal|p2a: Incineroar|77/100|[from] Grassy Terrain\n|upkeep\n|\n|t:|1746037373\n|switch|p2b: Kyogre|Kyogre, L50|100/100\n|-weather|RainDance|[from] ability: Drizzle|[of] p2b: Kyogre\n|turn|3\n|\n|t:|1746037385\n|move|p1a: Calyrex|Protect|p1a: Calyrex\n|-singleturn|p1a: Calyrex|Protect\n|move|p2b: Kyogre|Origin Pulse|p1b: Incineroar|[spread] p1b\n|-activate|p1a: Calyrex|move: Protect\n|-supereffective|p1b: Incineroar\n|-damage|p1b: Incineroar|0 fnt\n|faint|p1b: Incineroar\n|-damage|p2b: Kyogre|91/100|[from] item: Life Orb\n|move|p2a: Incineroar|Will-O-Wisp|p1a: Calyrex\n|-activate|p1a: Calyrex|move: Protect\n|\n|-weather|RainDance|[upkeep]\n|-heal|p2b: Kyogre|97/100|[from] Grassy Terrain\n|-heal|p2a: Incineroar|83/100|[from] Grassy Terrain\n|upkeep\n|\n|t:|1746037387\n|switch|p1b: Miraidon|Miraidon, L50|100/100\n|-fieldstart|move: Electric Terrain|[from] ability: Hadron Engine|[of] p1b: Miraidon\n|turn|4\n|inactive|pokeplaygg has 30 seconds left.\n|\n|t:|1746037417\n|switch|p2a: Calyrex|Calyrex-Ice, L50|90/100\n|-ability|p2a: Calyrex|As One\n|-ability|p2a: Calyrex|Unnerve\n|move|p1b: Miraidon|Electro Drift|p2b: Kyogre\n|-supereffective|p2b: Kyogre\n|-damage|p2b: Kyogre|0 fnt\n|faint|p2b: Kyogre\n|-damage|p1b: Miraidon|91/100|[from] item: Life Orb\n|move|p1a: Calyrex|High Horsepower|p2a: Calyrex\n|-damage|p2a: Calyrex|55/100\n|\n|-weather|RainDance|[upkeep]\n|upkeep\n|\n|t:|1746037425\n|switch|p2b: Incineroar|Incineroar, L50, F|83/100\n|-ability|p2b: Incineroar|Intimidate|boost\n|-fail|p1a: Calyrex|unboost|[from] item: Clear Amulet|[of] p1a: Calyrex\n|-unboost|p1b: Miraidon|atk|1\n|turn|5\n|\n|t:|1746037436\n|switch|p1b: FerroNalgada|Iron Hands, L50|100/100\n|-activate|p1b: FerroNalgada|ability: Quark Drive\n|-start|p1b: FerroNalgada|quarkdriveatk\n|move|p2b: Incineroar|Will-O-Wisp|p1b: FerroNalgada\n|-status|p1b: FerroNalgada|brn\n|move|p1a: Calyrex|High Horsepower|p2b: Incineroar\n|-supereffective|p2b: Incineroar\n|-damage|p2b: Incineroar|0 fnt\n|faint|p2b: Incineroar\n|-ability|p1a: Calyrex|Chilling Neigh|boost\n|-boost|p1a: Calyrex|atk|1\n|move|p2a: Calyrex|Trick Room|p2a: Calyrex\n|-fieldstart|move: Trick Room|[of] p2a: Calyrex\n|\n|-weather|RainDance|[upkeep]\n|-damage|p1b: FerroNalgada|94/100 brn|[from] brn\n|upkeep\n|turn|6\n|-message|pokeplaygg forfeited.\n|\n|win|juacox300\n|l|\u2606pokeplaygg\n|player|p2|\n||pokeplaygg is ready for game 2.\n||juacox300 is ready for game 2.\n|uhtml|next|Next: <a href=\"/battle-gen9vgc2025regibo3-2354130331\"><strong>Game 2 of 3</strong></a>\n", "uploadtime": 1746037709, "views": 6, "formatid": "gen9vgc2025regibo3", "rating": null, "private": 0, "password": null}