{"id": "gen9vgc2025regibo3-2353625565", "format": "[Gen 9] VGC 2025 Reg I (Bo3)", "players": ["dikvandijk", "CityPopThatThang"], "log": "|j|\u2606dikvandijk\n|j|\u2606CityPopThatThang\n|html|<table width=\"100%\"><tr><td align=\"left\">dikvandijk</td><td align=\"right\">CityPopThatThang</tr><tr><td align=\"left\"><i class=\"fa fa-circle\"></i> <i class=\"fa fa-circle-o\"></i> </td><td align=\"right\"><i class=\"fa fa-circle-o\"></i> <i class=\"fa fa-circle-o\"></i> </tr></table>\n|uhtml|bestof|<h2><strong>Game 2</strong> of <a href=\"/game-bestof3-gen9vgc2025regibo3-2353622785\">a best-of-3</a></h2>\n|t:|1745976096\n|gametype|doubles\n|player|p1|dikvandijk|1|1021\n|player|p2|CityPopThatThang|guzma|1042\n|teamsize|p1|6\n|teamsize|p2|6\n|gen|9\n|tier|[Gen 9] VGC 2025 Reg I (Bo3)\n|rated|\n|rule|Species Clause: Limit one of each Pok\u00e9mon\n|rule|Item Clause: Limit 1 of each item\n|clearpoke\n|poke|p1|Miraidon, L50|\n|poke|p1|Zamazenta-*, L50|\n|poke|p1|Chi-Yu, L50|\n|poke|p1|Amoonguss, L50, M|\n|poke|p1|Tornadus, L50, M|\n|poke|p1|Urshifu-*, L50, M|\n|poke|p2|Calyrex-Ice, L50|\n|poke|p2|Lunala, L50|\n|poke|p2|Indeedee-F, L50, F|\n|poke|p2|Ursaluna-Bloodmoon, L50, M|\n|poke|p2|Urshifu-*, L50, F|\n|poke|p2|Smeargle, L50, F|\n|teampreview|4\n|showteam|p1|Miraidon||LifeOrb|HadronEngine|ElectroDrift,DazzlingGleam,CalmMind,Protect||||||50|,,,,,Electric]Zamazenta-Crowned||RustedShield|DauntlessShield|BodyPress,behemothbash,WideGuard,IronDefense||||||50|,,,,,Dragon]Chi-Yu||ChoiceScarf|BeadsofRuin|HeatWave,Overheat,DarkPulse,Snarl||||||50|,,,,,Dark]Amoonguss||RockyHelmet|Regenerator|Spore,RagePowder,SludgeBomb,Protect|||M|||50|,,,,,Dark]Tornadus||CovertCloak|Prankster|BleakwindStorm,Tailwind,Taunt,HeatWave|||M|||50|,,,,,Steel]Urshifu-Rapid-Strike||FocusSash|UnseenFist|PoisonJab,Detect,SurgingStrikes,CloseCombat|||M|||50|,,,,,Water\n|showteam|p2|Calyrex-Ice||NeverMeltIce|AsOneGlastrier|GlacialLance,HighHorsepower,TrickRoom,Protect||||||50|,,,,,Fire]Lunala||PowerHerb|ShadowShield|MoongeistBeam,ExpandingForce,MeteorBeam,TrickRoom||||||50|,,,,,Water]Indeedee-F||PsychicSeed|PsychicSurge|AlluringVoice,TrickRoom,FollowMe,HealPulse|||F|||50|,,,,,Fairy]Ursaluna-Bloodmoon||LifeOrb|MindsEye|HyperVoice,EarthPower,BloodMoon,Protect|||M|||50|,,,,,Poison]Urshifu||ChoiceBand|UnseenFist|WickedBlow,CloseCombat,SuckerPunch,IronHead|||F|||50|,,,,,Grass]Smeargle||FocusSash|OwnTempo|FollowMe,FakeOut,Spore,Decorate|||F|||50|,,,,,Grass\n|\n|t:|1745976110\n|start\n|switch|p1a: Tornadus|Tornadus, L50, M|100/100\n|switch|p1b: Chi-Yu|Chi-Yu, L50|100/100\n|switch|p2a: Calyrex|Calyrex-Ice, L50|100/100\n|switch|p2b: Lunala|Lunala, L50|100/100\n|-ability|p2a: Calyrex|As One\n|-ability|p2a: Calyrex|Unnerve\n|-ability|p1b: Chi-Yu|Beads of Ruin\n|turn|1\n|inactive|Battle timer is ON: inactive players will automatically lose when time's up. (requested by dikvandijk)\n|\n|t:|1745976131\n|switch|p2a: Indeedee|Indeedee-F, L50, F|100/100\n|-fieldstart|move: Psychic Terrain|[from] ability: Psychic Surge|[of] p2a: Indeedee\n|-enditem|p2a: Indeedee|Psychic Seed\n|-boost|p2a: Indeedee|spd|1|[from] item: Psychic Seed\n|-terastallize|p2b: Lunala|Water\n|move|p1a: Tornadus|Taunt|p2a: Indeedee\n|-activate|p2a: Indeedee|move: Psychic Terrain\n|move|p1b: Chi-Yu|Snarl|p2b: Lunala|[spread] p2a,p2b\n|-supereffective|p2a: Indeedee\n|-crit|p2b: Lunala\n|-damage|p2a: Indeedee|65/100\n|-damage|p2b: Lunala|87/100\n|-unboost|p2a: Indeedee|spa|1\n|-unboost|p2b: Lunala|spa|1\n|move|p2b: Lunala|Trick Room|p2b: Lunala\n|-fieldstart|move: Trick Room|[of] p2b: Lunala\n|\n|upkeep\n|turn|2\n|inactive|CityPopThatThang has 30 seconds left.\n|\n|t:|1745976162\n|switch|p1a: Amoonguss|Amoonguss, L50, M|100/100\n|move|p2b: Lunala|Meteor Beam||[still]\n|-prepare|p2b: Lunala|Meteor Beam\n|-boost|p2b: Lunala|spa|1\n|-enditem|p2b: Lunala|Power Herb\n|-anim|p2b: Lunala|Meteor Beam|p1b: Chi-Yu\n|-supereffective|p1b: Chi-Yu\n|-damage|p1b: Chi-Yu|0 fnt\n|faint|p1b: Chi-Yu\n|move|p2a: Indeedee|Heal Pulse|p2b: Lunala\n|-heal|p2b: Lunala|100/100\n|\n|upkeep\n|\n|t:|1745976181\n|switch|p1b: Urshifu|Urshifu-Rapid-Strike, L50, M|100/100\n|turn|3\n|inactive|dikvandijk has 30 seconds left.\n|\n|t:|1745976207\n|-terastallize|p1a: Amoonguss|Dark\n|move|p2a: Indeedee|Follow Me|p2a: Indeedee\n|-singleturn|p2a: Indeedee|move: Follow Me\n|move|p1a: Amoonguss|Spore|p2a: Indeedee\n|-status|p2a: Indeedee|slp|[from] move: Spore\n|move|p1b: Urshifu|Close Combat|p2a: Indeedee\n|-damage|p2a: Indeedee|8/100 slp\n|-unboost|p1b: Urshifu|def|1\n|-unboost|p1b: Urshifu|spd|1\n|move|p2b: Lunala|Trick Room|p2b: Lunala\n|-fieldend|move: Trick Room\n|\n|upkeep\n|turn|4\n|\n|t:|1745976228\n|move|p1b: Urshifu|Detect|p1b: Urshifu\n|-singleturn|p1b: Urshifu|Protect\n|cant|p2a: Indeedee|slp\n|move|p2b: Lunala|Expanding Force|p1a: Amoonguss|[spread] \n|-activate|p1b: Urshifu|move: Protect\n|-immune|p1a: Amoonguss\n|move|p1a: Amoonguss|Spore|p2b: Lunala\n|-status|p2b: Lunala|slp|[from] move: Spore\n|\n|upkeep\n|turn|5\n|\n|t:|1745976242\n|switch|p2a: Calyrex|Calyrex-Ice, L50|100/100\n|-ability|p2a: Calyrex|As One\n|-ability|p2a: Calyrex|Unnerve\n|move|p1b: Urshifu|Close Combat|p2b: Lunala\n|-damage|p2b: Lunala|75/100 slp\n|-unboost|p1b: Urshifu|def|1\n|-unboost|p1b: Urshifu|spd|1\n|cant|p2b: Lunala|slp\n|move|p1a: Amoonguss|Sludge Bomb|p2b: Lunala\n|-damage|p2b: Lunala|57/100 slp\n|\n|-fieldend|move: Psychic Terrain\n|upkeep\n|turn|6\n|inactive|dikvandijk has 30 seconds left.\n|\n|t:|1745976273\n|switch|p1b: Tornadus|Tornadus, L50, M|100/100\n|cant|p2b: Lunala|slp\n|move|p1a: Amoonguss|Spore|p2a: Calyrex\n|-status|p2a: Calyrex|slp|[from] move: Spore\n|cant|p2a: Calyrex|slp\n|\n|upkeep\n|turn|7\n|\n|t:|1745976297\n|move|p1a: Amoonguss|Rage Powder|p1a: Amoonguss\n|-singleturn|p1a: Amoonguss|move: Rage Powder\n|move|p1b: Tornadus|Heat Wave|p2a: Calyrex|[spread] p2a,p2b\n|-supereffective|p2a: Calyrex\n|-resisted|p2b: Lunala\n|-damage|p2a: Calyrex|68/100 slp\n|-damage|p2b: Lunala|49/100 slp\n|cant|p2a: Calyrex|slp\n|cant|p2b: Lunala|slp\n|\n|upkeep\n|turn|8\n|inactive|dikvandijk has 30 seconds left.\n|\n|t:|1745976323\n|move|p1b: Tornadus|Taunt|p2a: Calyrex\n|-start|p2a: Calyrex|move: Taunt\n|move|p1a: Amoonguss|Spore|p2b: Lunala\n|-fail|p2b: Lunala|slp\n|cant|p2a: Calyrex|slp\n|-curestatus|p2b: Lunala|slp|[msg]\n|move|p2b: Lunala|Trick Room|p2b: Lunala\n|-fieldstart|move: Trick Room|[of] p2b: Lunala\n|\n|upkeep\n|turn|9\n|inactive|CityPopThatThang has 30 seconds left.\n|inactive|CityPopThatThang has 20 seconds left.\n|\n|t:|1745976358\n|-curestatus|p2a: Calyrex|slp|[msg]\n|move|p2a: Calyrex|Glacial Lance|p1b: Tornadus|[spread] p1a,p1b\n|-supereffective|p1b: Tornadus\n|-damage|p1a: Amoonguss|19/100\n|-damage|p1b: Tornadus|0 fnt\n|faint|p1b: Tornadus\n|-ability|p2a: Calyrex|Chilling Neigh|boost\n|-boost|p2a: Calyrex|atk|1\n|move|p1a: Amoonguss|Spore|p2b: Lunala\n|-status|p2b: Lunala|slp|[from] move: Spore\n|cant|p2b: Lunala|slp\n|\n|upkeep\n|\n|t:|1745976379\n|switch|p1b: Urshifu|Urshifu-Rapid-Strike, L50, M|100/100\n|turn|10\n|inactive|dikvandijk has 30 seconds left.\n|\n|t:|1745976407\n|switch|p2b: Indeedee|Indeedee-F, L50, F|8/100 slp\n|-fieldstart|move: Psychic Terrain|[from] ability: Psychic Surge|[of] p2b: Indeedee\n|move|p2a: Calyrex|Glacial Lance|p1b: Urshifu|[spread] p1a,p1b\n|-resisted|p1b: Urshifu\n|-damage|p1a: Amoonguss|0 fnt\n|-damage|p1b: Urshifu|47/100\n|faint|p1a: Amoonguss\n|-ability|p2a: Calyrex|Chilling Neigh|boost\n|-boost|p2a: Calyrex|atk|1\n|move|p1b: Urshifu|Close Combat|p2a: Calyrex\n|-crit|p2a: Calyrex\n|-damage|p2a: Calyrex|6/100\n|-unboost|p1b: Urshifu|def|1\n|-unboost|p1b: Urshifu|spd|1\n|\n|-end|p2a: Calyrex|move: Taunt\n|upkeep\n|turn|11\n|\n|t:|1745976422\n|move|p1b: Urshifu|Detect|p1b: Urshifu\n|-singleturn|p1b: Urshifu|Protect\n|-curestatus|p2b: Indeedee|slp|[msg]\n|move|p2b: Indeedee|Follow Me|p2b: Indeedee\n|-singleturn|p2b: Indeedee|move: Follow Me\n|move|p2a: Calyrex|Glacial Lance|p1b: Urshifu\n|-activate|p1b: Urshifu|move: Protect\n|\n|upkeep\n|turn|12\n|\n|t:|1745976434\n|move|p1b: Urshifu|Detect||[still]\n|-fail|p1b: Urshifu\n|move|p2a: Calyrex|Trick Room|p2a: Calyrex\n|-fieldend|move: Trick Room\n|move|p2b: Indeedee|Trick Room|p2b: Indeedee\n|-fieldstart|move: Trick Room|[of] p2b: Indeedee\n|\n|upkeep\n|turn|13\n|\n|t:|1745976443\n|move|p2a: Calyrex|Glacial Lance|p1b: Urshifu\n|-resisted|p1b: Urshifu\n|-damage|p1b: Urshifu|0 fnt\n|faint|p1b: Urshifu\n|\n|win|CityPopThatThang\n||dikvandijk is ready for game 3.\n|inactive|CityPopThatThang has 30 seconds to confirm battle start!\n", "uploadtime": 1745976457, "views": 14, "formatid": "gen9vgc2025regibo3", "rating": null, "private": 0, "password": null}