{"id": "gen9vgc2025regibo3-2353789786", "format": "[Gen 9] VGC 2025 Reg I (Bo3)", "players": ["Schroombert", "Jakobtc"], "log": "|j|\u2606Schroombert\n|j|\u2606Jakobtc\n|html|<table width=\"100%\"><tr><td align=\"left\">Schroombert</td><td align=\"right\">Jakobtc</tr><tr><td align=\"left\"><i class=\"fa fa-circle-o\"></i> <i class=\"fa fa-circle-o\"></i> </td><td align=\"right\"><i class=\"fa fa-circle-o\"></i> <i class=\"fa fa-circle\"></i> </tr></table>\n|uhtml|bestof|<h2><strong>Game 2</strong> of <a href=\"/game-bestof3-gen9vgc2025regibo3-2353788207\">a best-of-3</a></h2>\n|t:|1746000320\n|gametype|doubles\n|player|p1|Schroombert|rancher|1290\n|player|p2|Jakobtc|riley|1320\n|teamsize|p1|6\n|teamsize|p2|6\n|gen|9\n|tier|[Gen 9] VGC 2025 Reg I (Bo3)\n|rated|\n|rule|Species Clause: Limit one of each Pok\u00e9mon\n|rule|Item Clause: Limit 1 of each item\n|clearpoke\n|poke|p1|Calyrex-Shadow, L50|\n|poke|p1|Koraidon, L50|\n|poke|p1|Walking Wake, L50|\n|poke|p1|Brute Bonnet, L50|\n|poke|p1|Raging Bolt, L50|\n|poke|p1|Incineroar, L50, M|\n|poke|p2|Calyrex-Shadow, L50|\n|poke|p2|Zacian-*, L50|\n|poke|p2|Incineroar, L50, M|\n|poke|p2|Rillaboom, L50, M|\n|poke|p2|Urshifu-*, L50, M|\n|poke|p2|Tornadus, L50, M|\n|teampreview|4\n|showteam|p1|Calyrex-Shadow||FocusSash|AsOneSpectrier|AstralBarrage,Psyshock,NastyPlot,Protect||||||50|,,,,,Ghost]Koraidon||ClearAmulet|OrichalcumPulse|FlareBlitz,CollisionCourse,FlameCharge,Protect||||||50|,,,,,Fire]Walking Wake||LifeOrb|Protosynthesis|HydroSteam,DracoMeteor,Snarl,Protect||||||50|,,,,,Water]Brute Bonnet||CovertCloak|Protosynthesis|SuckerPunch,SeedBomb,RagePowder,Spore||||||50|,,,,,Water]Raging Bolt||AssaultVest|Protosynthesis|Snarl,DracoMeteor,Thunderclap,Electroweb||||||50|,,,,,Electric]Incineroar||RockyHelmet|Intimidate|FlareBlitz,KnockOff,Uturn,FakeOut|||M|||50|,,,,,Ghost\n|showteam|p2|Calyrex-Shadow||FocusSash|AsOneSpectrier|AstralBarrage,Psychic,NastyPlot,Protect||||||50|,,,,,Ghost]Zacian-Crowned||RustedSword|IntrepidSword|behemothblade,PlayRough,SacredSword,Protect||||||50|,,,,,Water]Incineroar||SafetyGoggles|Intimidate|FakeOut,KnockOff,HelpingHand,PartingShot|||M|||50|,,,,,Dragon]Rillaboom||AssaultVest|GrassySurge|FakeOut,GrassyGlide,WoodHammer,Uturn|||M|||50|,,,,,Fire]Urshifu-Rapid-Strike||ChoiceScarf|UnseenFist|SurgingStrikes,CloseCombat,AquaJet,Uturn|||M|||50|,,,,,Water]Tornadus||CovertCloak|Prankster|BleakwindStorm,Tailwind,RainDance,Protect|||M|||50|,,,,,Dark\n|inactive|Battle timer is ON: inactive players will automatically lose when time's up. (requested by Schroombert)\n|\n|t:|1746000343\n|start\n|switch|p1a: Incineroar|Incineroar, L50, M|100/100\n|switch|p1b: Raging Bolt|Raging Bolt, L50|100/100\n|switch|p2a: Calyrex|Calyrex-Shadow, L50|100/100\n|switch|p2b: Incineroar|Incineroar, L50, M|100/100\n|-ability|p2a: Calyrex|As One\n|-ability|p2a: Calyrex|Unnerve\n|-ability|p1a: Incineroar|Intimidate|boost\n|-unboost|p2a: Calyrex|atk|1\n|-unboost|p2b: Incineroar|atk|1\n|-ability|p2b: Incineroar|Intimidate|boost\n|-unboost|p1a: Incineroar|atk|1\n|-unboost|p1b: Raging Bolt|atk|1\n|turn|1\n|inactive|Jakobtc has 30 seconds left.\n|inactive|Jakobtc has 20 seconds left.\n|inactive|Jakobtc has 15 seconds left.\n|inactive|Jakobtc has 10 seconds left.\n|inactive|Jakobtc has 5 seconds left.\n|\n|t:|1746000394\n|switch|p2a: Zacian|Zacian-Crowned, L50|100/100\n|-ability|p2a: Zacian|Intrepid Sword|boost\n|-boost|p2a: Zacian|atk|1\n|move|p1a: Incineroar|Fake Out|p2b: Incineroar\n|-damage|p2b: Incineroar|96/100\n|move|p1b: Raging Bolt|Electroweb|p2a: Zacian|[spread] p2a\n|-miss|p1b: Raging Bolt|p2b: Incineroar\n|-damage|p2a: Zacian|79/100\n|-unboost|p2a: Zacian|spe|1\n|cant|p2b: Incineroar|flinch\n|\n|upkeep\n|turn|2\n|\n|t:|1746000413\n|move|p2a: Zacian|Sacred Sword|p1a: Incineroar\n|-supereffective|p1a: Incineroar\n|-damage|p1a: Incineroar|27/100\n|-damage|p2a: Zacian|63/100|[from] item: Rocky Helmet|[of] p1a: Incineroar\n|move|p1b: Raging Bolt|Electroweb|p2a: Zacian|[spread] p2a,p2b\n|-crit|p2b: Incineroar\n|-damage|p2a: Zacian|40/100\n|-damage|p2b: Incineroar|65/100\n|-unboost|p2a: Zacian|spe|1\n|-unboost|p2b: Incineroar|spe|1\n|move|p1a: Incineroar|U-turn|p2b: Incineroar\n|-damage|p2b: Incineroar|55/100\n|\n|t:|1746000424\n|switch|p1a: Koraidon|Koraidon, L50|100/100|[from] U-turn\n|-weather|SunnyDay|[from] ability: Orichalcum Pulse|[of] p1a: Koraidon\n|-activate|p1b: Raging Bolt|ability: Protosynthesis\n|-start|p1b: Raging Bolt|protosynthesisspa\n|-activate|p1a: Koraidon|Orichalcum Pulse|[source]\n|move|p2b: Incineroar|Knock Off|p1b: Raging Bolt\n|-damage|p1b: Raging Bolt|81/100\n|-enditem|p1b: Raging Bolt|Assault Vest|[from] move: Knock Off|[of] p2b: Incineroar\n|\n|-weather|SunnyDay|[upkeep]\n|upkeep\n|turn|3\n|\n|t:|1746000442\n|-terastallize|p1a: Koraidon|Fire\n|move|p1a: Koraidon|Flame Charge|p2b: Incineroar\n|-resisted|p2b: Incineroar\n|-damage|p2b: Incineroar|31/100\n|-boost|p1a: Koraidon|spe|1\n|move|p1b: Raging Bolt|Electroweb|p2b: Incineroar|[spread] p2a,p2b\n|-damage|p2a: Zacian|13/100\n|-damage|p2b: Incineroar|2/100\n|-unboost|p2a: Zacian|spe|1\n|-unboost|p2b: Incineroar|spe|1\n|move|p2a: Zacian|Play Rough|p1a: Koraidon\n|-resisted|p1a: Koraidon\n|-damage|p1a: Koraidon|72/100\n|move|p2b: Incineroar|Parting Shot|p1b: Raging Bolt\n|-unboost|p1b: Raging Bolt|atk|1\n|-unboost|p1b: Raging Bolt|spa|1\n|\n|t:|1746000459\n|switch|p2b: Calyrex|Calyrex-Shadow, L50|100/100|[from] Parting Shot\n|-ability|p2b: Calyrex|As One\n|-ability|p2b: Calyrex|Unnerve\n|\n|-weather|SunnyDay|[upkeep]\n|upkeep\n|turn|4\n|\n|t:|1746000478\n|move|p2b: Calyrex|Protect|p2b: Calyrex\n|-singleturn|p2b: Calyrex|Protect\n|move|p1a: Koraidon|Flame Charge|p2b: Calyrex\n|-activate|p2b: Calyrex|move: Protect\n|move|p1b: Raging Bolt|Electroweb|p2a: Zacian|[spread] p2a\n|-activate|p2b: Calyrex|move: Protect\n|-damage|p2a: Zacian|0 fnt\n|faint|p2a: Zacian\n|\n|-weather|SunnyDay|[upkeep]\n|upkeep\n|\n|t:|1746000488\n|switch|p2a: Tornadus|Tornadus, L50, M|100/100\n|turn|5\n|\n|t:|1746000499\n|-terastallize|p2b: Calyrex|Ghost\n|move|p2a: Tornadus|Tailwind|p2a: Tornadus\n|-sidestart|p2: Jakobtc|move: Tailwind\n|move|p2b: Calyrex|Astral Barrage|p1a: Koraidon|[spread] p1a,p1b\n|-damage|p1a: Koraidon|8/100\n|-damage|p1b: Raging Bolt|15/100\n|move|p1a: Koraidon|Flame Charge|p2b: Calyrex\n|-crit|p2b: Calyrex\n|-enditem|p2b: Calyrex|Focus Sash\n|-damage|p2b: Calyrex|1/100\n|-boost|p1a: Koraidon|spe|1\n|move|p1b: Raging Bolt|Electroweb|p2b: Calyrex|[spread] p2a,p2b\n|-supereffective|p2a: Tornadus\n|-damage|p2a: Tornadus|50/100\n|-damage|p2b: Calyrex|0 fnt\n|faint|p2b: Calyrex\n|\n|-weather|SunnyDay|[upkeep]\n|upkeep\n|\n|t:|1746000518\n|switch|p2b: Incineroar|Incineroar, L50, M|2/100\n|-ability|p2b: Incineroar|Intimidate|boost\n|-fail|p1a: Koraidon|unboost|[from] item: Clear Amulet|[of] p1a: Koraidon\n|-unboost|p1b: Raging Bolt|atk|1\n|turn|6\n|\n|t:|1746000530\n|-end|p1b: Raging Bolt|Protosynthesis|[silent]\n|switch|p1b: Incineroar|Incineroar, L50, M|27/100\n|-ability|p1b: Incineroar|Intimidate|boost\n|-unboost|p2a: Tornadus|atk|1\n|-unboost|p2b: Incineroar|atk|1\n|move|p1a: Koraidon|Protect|p1a: Koraidon\n|-singleturn|p1a: Koraidon|Protect\n|move|p2b: Incineroar|Fake Out|p1b: Incineroar\n|-damage|p1b: Incineroar|21/100\n|-damage|p2b: Incineroar|0 fnt|[from] item: Rocky Helmet|[of] p1b: Incineroar\n|faint|p2b: Incineroar\n|move|p2a: Tornadus|Bleakwind Storm|p1a: Koraidon|[spread] \n|-activate|p1a: Koraidon|move: Protect\n|-miss|p2a: Tornadus|p1b: Incineroar\n|\n|-weather|none\n|upkeep\n|turn|7\n|-message|Jakobtc forfeited.\n|\n|win|Schroombert\n|l|\u2606Jakobtc\n|player|p2|\n|j|\u2606Jakobtc\n|player|p2|Jakobtc|riley|\n||Schroombert is ready for game 3.\n", "uploadtime": 1746000547, "views": 17, "formatid": "gen9vgc2025regibo3", "rating": null, "private": 0, "password": null}