{"id": "gen9vgc2025regibo3-2354148569", "format": "[Gen 9] VGC 2025 Reg I (Bo3)", "players": ["Bmcqueen", "Orionseas"], "log": "|j|\u2606Bmcqueen\n|j|\u2606Orionseas\n|html|<table width=\"100%\"><tr><td align=\"left\">Bmcqueen</td><td align=\"right\">Orionseas</tr><tr><td align=\"left\"><i class=\"fa fa-circle-o\"></i> <i class=\"fa fa-circle-o\"></i> </td><td align=\"right\"><i class=\"fa fa-circle-o\"></i> <i class=\"fa fa-circle\"></i> </tr></table>\n|uhtml|bestof|<h2><strong>Game 2</strong> of <a href=\"/game-bestof3-gen9vgc2025regibo3-2354146111\">a best-of-3</a></h2>\n|t:|1746039048\n|gametype|doubles\n|player|p1|Bmcqueen|rood|1243\n|player|p2|Orionseas|266|1194\n|teamsize|p1|6\n|teamsize|p2|6\n|gen|9\n|tier|[Gen 9] VGC 2025 Reg I (Bo3)\n|rated|\n|rule|Species Clause: Limit one of each Pok\u00e9mon\n|rule|Item Clause: Limit 1 of each item\n|clearpoke\n|poke|p1|Tyranitar, L50, F|\n|poke|p1|Excadrill, L50, M|\n|poke|p1|Farigiraf, L50, M|\n|poke|p1|Miraidon, L50|\n|poke|p1|Ho-Oh, L50|\n|poke|p1|Iron Bundle, L50|\n|poke|p2|Miraidon, L50|\n|poke|p2|Kyogre, L50|\n|poke|p2|Iron Hands, L50|\n|poke|p2|Whimsicott, L50, F|\n|poke|p2|Iron Valiant, L50|\n|poke|p2|Farigiraf, L50, F|\n|teampreview|4\n|showteam|p1|Tyranitar||AssaultVest|SandStream|RockSlide,KnockOff,LowKick,TeraBlast|||F|||50|,,,,,Flying]Excadrill||LifeOrb|SandRush|HighHorsepower,Earthquake,IronHead,Protect|||M|||50|,,,,,Ground]Farigiraf||ElectricSeed|ArmorTail|Psychic,FoulPlay,TrickRoom,Imprison|||M|||50|,,,,,Steel]Miraidon||ChoiceSpecs|HadronEngine|ElectroDrift,DracoMeteor,VoltSwitch,DazzlingGleam||||||50|,,,,,Fairy]Ho-Oh||ClearAmulet|Regenerator|BraveBird,SacredFire,Tailwind,Protect||||||50|,,,,,Grass]Iron Bundle||FocusSash|QuarkDrive|FreezeDry,IcyWind,Encore,Protect||||||50|,,,,,Ghost\n|showteam|p2|Miraidon||ChoiceSpecs|HadronEngine|VoltSwitch,ElectroDrift,DazzlingGleam,DracoMeteor||||||50|,,,,,Fairy]Kyogre||ChoiceScarf|Drizzle|HydroPump,WaterSpout,IceBeam,OriginPulse||||||50|,,,,,Ghost]Iron Hands||AssaultVest|QuarkDrive|LowKick,FakeOut,DrainPunch,WildCharge||||||50|,,,,,Water]Whimsicott||CovertCloak|Prankster|Moonblast,Tailwind,LightScreen,Encore|||F|||50|,,,,,Dark]Iron Valiant||FocusSash|QuarkDrive|SpiritBreak,TrickRoom,KnockOff,WideGuard||||||50|,,,,,Ghost]Farigiraf||ElectricSeed|ArmorTail|HelpingHand,TrickRoom,FoulPlay,DazzlingGleam|||F|||50|,,,,,Fairy\n|inactive|Battle timer is ON: inactive players will automatically lose when time's up. (requested by Bmcqueen)\n|inactive|Orionseas also wants the timer to be on.\n|inactive|Bmcqueen has 60 seconds left.\n|inactive|Orionseas has 60 seconds left.\n|\n|t:|1746039085\n|start\n|switch|p1a: Miraidon|Miraidon, L50|100/100\n|switch|p1b: Ho-Oh|Ho-Oh, L50|100/100\n|switch|p2a: Miraidon|Miraidon, L50|100/100\n|switch|p2b: Iron Hands|Iron Hands, L50|100/100\n|-fieldstart|move: Electric Terrain|[from] ability: Hadron Engine|[of] p2a: Miraidon\n|-activate|p2b: Iron Hands|ability: Quark Drive\n|-start|p2b: Iron Hands|quarkdriveatk\n|-activate|p1a: Miraidon|ability: Hadron Engine\n|turn|1\n|inactive|Bmcqueen has 30 seconds left.\n|\n|t:|1746039110\n|-terastallize|p2a: Miraidon|Fairy\n|-terastallize|p1a: Miraidon|Fairy\n|move|p1b: Ho-Oh|Protect|p1b: Ho-Oh\n|-singleturn|p1b: Ho-Oh|Protect\n|move|p2a: Miraidon|Dazzling Gleam|p1a: Miraidon|[spread] p1a\n|-activate|p1b: Ho-Oh|move: Protect\n|-damage|p1a: Miraidon|43/100\n|move|p1a: Miraidon|Dazzling Gleam|p2b: Iron Hands|[spread] p2a,p2b\n|-supereffective|p2b: Iron Hands\n|-damage|p2a: Miraidon|39/100\n|-damage|p2b: Iron Hands|30/100\n|move|p2b: Iron Hands|Wild Charge|p1a: Miraidon\n|-damage|p1a: Miraidon|0 fnt\n|faint|p1a: Miraidon\n|-damage|p2b: Iron Hands|22/100|[from] Recoil\n|\n|upkeep\n|\n|t:|1746039126\n|switch|p1a: Iron Bundle|Iron Bundle, L50|100/100\n|-activate|p1a: Iron Bundle|ability: Quark Drive\n|-start|p1a: Iron Bundle|quarkdrivespe\n|turn|2\n|inactive|Orionseas has 30 seconds left.\n|\n|t:|1746039159\n|move|p1a: Iron Bundle|Icy Wind|p2a: Miraidon|[spread] p2a,p2b\n|-crit|p2b: Iron Hands\n|-damage|p2a: Miraidon|19/100\n|-damage|p2b: Iron Hands|6/100\n|-unboost|p2a: Miraidon|spe|1\n|-unboost|p2b: Iron Hands|spe|1\n|move|p2a: Miraidon|Dazzling Gleam|p1b: Ho-Oh|[spread] p1a,p1b\n|-resisted|p1b: Ho-Oh\n|-crit|p1b: Ho-Oh\n|-enditem|p1a: Iron Bundle|Focus Sash\n|-damage|p1a: Iron Bundle|1/100\n|-damage|p1b: Ho-Oh|70/100\n|move|p1b: Ho-Oh|Brave Bird|p2a: Miraidon\n|-damage|p2a: Miraidon|0 fnt\n|faint|p2a: Miraidon\n|-damage|p1b: Ho-Oh|65/100|[from] Recoil\n|move|p2b: Iron Hands|Wild Charge|p1b: Ho-Oh\n|-supereffective|p1b: Ho-Oh\n|-damage|p1b: Ho-Oh|0 fnt\n|faint|p1b: Ho-Oh\n|-damage|p2b: Iron Hands|0 fnt|[from] Recoil\n|faint|p2b: Iron Hands\n|-end|p2b: Iron Hands|Quark Drive|[silent]\n|\n|upkeep\n|\n|t:|1746039179\n|switch|p2a: Whimsicott|Whimsicott, L50, F|100/100\n|switch|p1b: Tyranitar|Tyranitar, L50, F|100/100\n|switch|p2b: Kyogre|Kyogre, L50|100/100\n|-weather|RainDance|[from] ability: Drizzle|[of] p2b: Kyogre\n|-weather|Sandstorm|[from] ability: Sand Stream|[of] p1b: Tyranitar\n|turn|3\n|inactive|Orionseas has 30 seconds left.\n|inactive|Bmcqueen has 30 seconds left.\n|inactive|Orionseas has 20 seconds left.\n|inactive|Orionseas has 15 seconds left.\n|inactive|Orionseas has 10 seconds left.\n|\n|t:|1746039225\n|move|p2a: Whimsicott|Tailwind|p2a: Whimsicott\n|-sidestart|p2: Orionseas|move: Tailwind\n|move|p2b: Kyogre|Origin Pulse|p1b: Tyranitar|[spread] p1a,p1b\n|-resisted|p1a: Iron Bundle\n|-supereffective|p1b: Tyranitar\n|-damage|p1a: Iron Bundle|0 fnt\n|-damage|p1b: Tyranitar|66/100\n|faint|p1a: Iron Bundle\n|-end|p1a: Iron Bundle|Quark Drive|[silent]\n|move|p1b: Tyranitar|Knock Off|p2b: Kyogre\n|-damage|p2b: Kyogre|38/100\n|-enditem|p2b: Kyogre|Choice Scarf|[from] move: Knock Off|[of] p1b: Tyranitar\n|\n|-weather|Sandstorm|[upkeep]\n|-damage|p2a: Whimsicott|94/100|[from] Sandstorm\n|-damage|p2b: Kyogre|32/100|[from] Sandstorm\n|upkeep\n|turn|4\n|inactive|Orionseas has 30 seconds left.\n|\n|t:|1746039253\n|move|p2a: Whimsicott|Encore|p1b: Tyranitar\n|-hint|Since gen 7, Dark is immune to Prankster moves.\n|-immune|p1b: Tyranitar\n|move|p2b: Kyogre|Ice Beam|p1b: Tyranitar\n|-damage|p1b: Tyranitar|54/100\n|-status|p1b: Tyranitar|frz\n|cant|p1b: Tyranitar|frz\n|\n|-weather|Sandstorm|[upkeep]\n|-damage|p2a: Whimsicott|88/100|[from] Sandstorm\n|-damage|p2b: Kyogre|27/100|[from] Sandstorm\n|upkeep\n|turn|5\n|\n|t:|1746039265\n|move|p2a: Whimsicott|Moonblast|p1b: Tyranitar\n|-supereffective|p1b: Tyranitar\n|-damage|p1b: Tyranitar|27/100 frz\n|move|p2b: Kyogre|Origin Pulse|p1b: Tyranitar\n|-supereffective|p1b: Tyranitar\n|-damage|p1b: Tyranitar|0 fnt\n|faint|p1b: Tyranitar\n|\n|win|Orionseas\n|raw|Bmcqueen's rating: 1243 &rarr; <strong>1214</strong><br />(-29 for losing)\n|raw|Orionseas's rating: 1194 &rarr; <strong>1223</strong><br />(+29 for winning)\n", "uploadtime": 1746039274, "views": 11, "formatid": "gen9vgc2025regibo3", "rating": 1214, "private": 0, "password": null}