{"id": "gen9vgc2025regibo3-2353522449", "format": "[Gen 9] VGC 2025 Reg I (Bo3)", "players": ["ExessVGC", "jahreed"], "log": "|j|\u2606ExessVGC\n|j|\u2606jahreed\n|html|<table width=\"100%\"><tr><td align=\"left\">ExessVGC</td><td align=\"right\">jahreed</tr><tr><td align=\"left\"><i class=\"fa fa-circle\"></i> <i class=\"fa fa-circle-o\"></i> </td><td align=\"right\"><i class=\"fa fa-circle-o\"></i> <i class=\"fa fa-circle-o\"></i> </tr></table>\n|uhtml|bestof|<h2><strong>Game 2</strong> of <a href=\"/game-bestof3-gen9vgc2025regibo3-2353519076\">a best-of-3</a></h2>\n|t:|1745964163\n|gametype|doubles\n|player|p1|ExessVGC|101|1085\n|player|p2|jahreed|pryce|1165\n|teamsize|p1|6\n|teamsize|p2|6\n|gen|9\n|tier|[Gen 9] VGC 2025 Reg I (Bo3)\n|rated|\n|rule|Species Clause: Limit one of each Pok\u00e9mon\n|rule|Item Clause: Limit 1 of each item\n|clearpoke\n|poke|p1|Giratina, L50|\n|poke|p1|Grimmsnarl, L50, M|\n|poke|p1|Incineroar, L50, M|\n|poke|p1|Tornadus, L50, M|\n|poke|p1|Urshifu-*, L50, M|\n|poke|p1|Miraidon, L50|\n|poke|p2|Zamazenta-*, L50|\n|poke|p2|Calyrex-Shadow, L50|\n|poke|p2|Tornadus, L50, M|\n|poke|p2|Urshifu-*, L50, F|\n|poke|p2|Rillaboom, L50, M|\n|poke|p2|Chien-Pao, L50|\n|teampreview|4\n|showteam|p1|Giratina||Leftovers|Pressure|Hex,Protect,CalmMind,DragonPulse||||||50|,,,,,Fairy]Grimmsnarl||LightClay|Prankster|ThunderWave,LightScreen,Reflect,SpiritBreak|||M|||50|,,,,,Water]Incineroar||SafetyGoggles|Intimidate|FakeOut,WillOWisp,PartingShot,KnockOff|||M|||50|,,,,,Water]Tornadus||CovertCloak|Prankster|RainDance,Tailwind,BleakwindStorm,Taunt|||M|||50|,,,,,Dark]Urshifu-Rapid-Strike||ChoiceScarf|UnseenFist|SurgingStrikes,CloseCombat,Uturn,AquaJet|||M|||50|,,,,,Water]Miraidon||LifeOrb|HadronEngine|DazzlingGleam,ElectroDrift,DracoMeteor,Protect||||||50|,,,,,Fairy\n|showteam|p2|Zamazenta-Crowned||RustedShield|DauntlessShield|BodyPress,behemothbash,WideGuard,Protect||||||50|,,,,,Ghost]Calyrex-Shadow||LifeOrb|AsOneSpectrier|AstralBarrage,Psychic,DarkPulse,Protect||||||50|,,,,,Dark]Tornadus||CovertCloak|Prankster|BleakwindStorm,Tailwind,RainDance,Protect|||M|||50|,,,,,Dark]Urshifu-Rapid-Strike||MysticWater|UnseenFist|SurgingStrikes,Taunt,AquaJet,Detect|||F|||50|,,,,,Water]Rillaboom||AssaultVest|GrassySurge|WoodHammer,GrassyGlide,Uturn,FakeOut|||M|||50|,,,,,Fire]Chien-Pao||FocusSash|SwordofRuin|SuckerPunch,SacredSword,IcicleCrash,Protect||||||50|,,,,,Ghost\n|inactive|Battle timer is ON: inactive players will automatically lose when time's up. (requested by jahreed)\n|\n|t:|1745964187\n|start\n|switch|p1a: Urshifu|Urshifu-Rapid-Strike, L50, M|100/100\n|switch|p1b: Tornadus|Tornadus, L50, M|100/100\n|switch|p2a: Zamazenta|Zamazenta-Crowned, L50|100/100\n|switch|p2b: Chien-Pao|Chien-Pao, L50|100/100\n|-ability|p2b: Chien-Pao|Sword of Ruin\n|-ability|p2a: Zamazenta|Dauntless Shield|boost\n|-boost|p2a: Zamazenta|def|1\n|turn|1\n|inactive|ExessVGC has 30 seconds left.\n|inactive|jahreed has 30 seconds left.\n|\n|t:|1745964217\n|switch|p2b: Rillaboom|Rillaboom, L50, M|100/100\n|-fieldstart|move: Grassy Terrain|[from] ability: Grassy Surge|[of] p2b: Rillaboom\n|-terastallize|p1a: Urshifu|Water\n|move|p1b: Tornadus|Rain Dance|p1b: Tornadus\n|-weather|RainDance\n|move|p1a: Urshifu|Surging Strikes|p2a: Zamazenta\n|-crit|p2a: Zamazenta\n|-damage|p2a: Zamazenta|70/100\n|-crit|p2a: Zamazenta\n|-damage|p2a: Zamazenta|39/100\n|-crit|p2a: Zamazenta\n|-damage|p2a: Zamazenta|7/100\n|-hitcount|p2a: Zamazenta|3\n|move|p2a: Zamazenta|Body Press|p1a: Urshifu\n|-damage|p1a: Urshifu|32/100\n|\n|-weather|RainDance|[upkeep]\n|-heal|p1a: Urshifu|39/100|[from] Grassy Terrain\n|-heal|p2a: Zamazenta|13/100|[from] Grassy Terrain\n|upkeep\n|turn|2\n|inactive|ExessVGC has 30 seconds left.\n|inactive|jahreed has 30 seconds left.\n|inactive|ExessVGC has 20 seconds left.\n|inactive|jahreed has 20 seconds left.\n|inactive|ExessVGC has 15 seconds left.\n|\n|t:|1745964261\n|switch|p1a: Il Campione|Incineroar, L50, M|100/100\n|-ability|p1a: Il Campione|Intimidate|boost\n|-unboost|p2a: Zamazenta|atk|1\n|-unboost|p2b: Rillaboom|atk|1\n|move|p2a: Zamazenta|Wide Guard|p2a: Zamazenta\n|-singleturn|p2a: Zamazenta|Wide Guard\n|move|p1b: Tornadus|Bleakwind Storm|p2b: Rillaboom|[spread] \n|-activate|p2a: Zamazenta|move: Wide Guard\n|-activate|p2b: Rillaboom|move: Wide Guard\n|move|p2b: Rillaboom|Wood Hammer|p1a: Il Campione\n|-resisted|p1a: Il Campione\n|-damage|p1a: Il Campione|81/100\n|-damage|p2b: Rillaboom|94/100|[from] Recoil\n|\n|-weather|RainDance|[upkeep]\n|-heal|p2a: Zamazenta|19/100|[from] Grassy Terrain\n|-heal|p2b: Rillaboom|99/100|[from] Grassy Terrain\n|-heal|p1a: Il Campione|87/100|[from] Grassy Terrain\n|upkeep\n|turn|3\n|inactive|ExessVGC has 30 seconds left.\n|\n|t:|1745964288\n|-terastallize|p2a: Zamazenta|Ghost\n|move|p1b: Tornadus|Tailwind|p1b: Tornadus\n|-sidestart|p1: ExessVGC|move: Tailwind\n|move|p1a: Il Campione|Will-O-Wisp|p2a: Zamazenta\n|-status|p2a: Zamazenta|brn\n|move|p2a: Zamazenta|Body Press|p1a: Il Campione\n|-supereffective|p1a: Il Campione\n|-damage|p1a: Il Campione|26/100\n|move|p2b: Rillaboom|U-turn|p1a: Il Campione\n|-damage|p1a: Il Campione|14/100\n|inactive|jahreed has 30 seconds left.\n|\n|t:|1745964322\n|switch|p2b: Calyrex|Calyrex-Shadow, L50|100/100|[from] U-turn\n|-ability|p2b: Calyrex|As One\n|-ability|p2b: Calyrex|Unnerve\n|\n|-weather|RainDance|[upkeep]\n|-heal|p1a: Il Campione|20/100|[from] Grassy Terrain\n|-heal|p2a: Zamazenta|25/100 brn|[from] Grassy Terrain\n|-damage|p2a: Zamazenta|19/100 brn|[from] brn\n|upkeep\n|turn|4\n|inactive|jahreed has 30 seconds left.\n|\n|t:|1745964354\n|move|p2a: Zamazenta|Wide Guard|p2a: Zamazenta\n|-singleturn|p2a: Zamazenta|Wide Guard\n|move|p1b: Tornadus|Taunt|p2a: Zamazenta\n|-start|p2a: Zamazenta|move: Taunt\n|move|p2b: Calyrex|Astral Barrage|p1b: Tornadus|[spread] p1a,p1b\n|-resisted|p1a: Il Campione\n|-damage|p1a: Il Campione|0 fnt\n|-damage|p1b: Tornadus|18/100\n|faint|p1a: Il Campione\n|-ability|p2b: Calyrex|Grim Neigh|boost\n|-boost|p2b: Calyrex|spa|1\n|-damage|p2b: Calyrex|91/100|[from] item: Life Orb\n|\n|-weather|RainDance|[upkeep]\n|-heal|p2b: Calyrex|97/100|[from] Grassy Terrain\n|-heal|p2a: Zamazenta|25/100 brn|[from] Grassy Terrain\n|-damage|p2a: Zamazenta|19/100 brn|[from] brn\n|upkeep\n|\n|t:|1745964367\n|switch|p1a: Urshifu|Urshifu-Rapid-Strike, L50, M, tera:Water|39/100\n|turn|5\n|inactive|jahreed has 30 seconds left.\n|\n|t:|1745964396\n|switch|p2b: Rillaboom|Rillaboom, L50, M|99/100\n|move|p1a: Urshifu|Surging Strikes|p2b: Rillaboom\n|-resisted|p2b: Rillaboom\n|-crit|p2b: Rillaboom\n|-damage|p2b: Rillaboom|81/100\n|-resisted|p2b: Rillaboom\n|-crit|p2b: Rillaboom\n|-damage|p2b: Rillaboom|60/100\n|-resisted|p2b: Rillaboom\n|-crit|p2b: Rillaboom\n|-damage|p2b: Rillaboom|41/100\n|-hitcount|p2b: Rillaboom|3\n|move|p1b: Tornadus|Bleakwind Storm|p2a: Zamazenta|[spread] p2a,p2b\n|-supereffective|p2b: Rillaboom\n|-damage|p2a: Zamazenta|0 fnt\n|-damage|p2b: Rillaboom|0 fnt\n|faint|p2a: Zamazenta\n|faint|p2b: Rillaboom\n|\n|-weather|none\n|-heal|p1a: Urshifu|45/100|[from] Grassy Terrain\n|-fieldend|move: Grassy Terrain\n|upkeep\n|\n|t:|1745964403\n|switch|p2a: Chien-Pao|Chien-Pao, L50|100/100\n|switch|p2b: Calyrex|Calyrex-Shadow, L50|97/100\n|-ability|p2b: Calyrex|As One\n|-ability|p2b: Calyrex|Unnerve\n|-ability|p2a: Chien-Pao|Sword of Ruin\n|turn|6\n|inactive|ExessVGC has 30 seconds left.\n|inactive|ExessVGC has 20 seconds left.\n|inactive|ExessVGC has 15 seconds left.\n|inactive|ExessVGC has 10 seconds left.\n|inactive|ExessVGC has 5 seconds left.\n|\n|t:|1745964455\n|move|p2a: Chien-Pao|Sucker Punch|p1a: Urshifu\n|-damage|p1a: Urshifu|0 fnt\n|faint|p1a: Urshifu\n|move|p1b: Tornadus|Bleakwind Storm|p2a: Chien-Pao|[spread] p2a\n|-miss|p1b: Tornadus|p2b: Calyrex\n|-damage|p2a: Chien-Pao|42/100\n|-unboost|p2a: Chien-Pao|spe|1\n|move|p2b: Calyrex|Astral Barrage|p1b: Tornadus\n|-damage|p1b: Tornadus|0 fnt\n|faint|p1b: Tornadus\n|-ability|p2b: Calyrex|Grim Neigh|boost\n|-boost|p2b: Calyrex|spa|1\n|-damage|p2b: Calyrex|87/100|[from] item: Life Orb\n|\n|-sideend|p1: ExessVGC|move: Tailwind\n|upkeep\n|\n|t:|1745964466\n|switch|p1a: Miraidon|Miraidon, L50|100/100\n|-fieldstart|move: Electric Terrain|[from] ability: Hadron Engine|[of] p1a: Miraidon\n|turn|7\n|inactive|ExessVGC has 30 seconds left.\n|\n|t:|1745964491\n|move|p2a: Chien-Pao|Sucker Punch|p1a: Miraidon\n|-damage|p1a: Miraidon|50/100\n|move|p2b: Calyrex|Astral Barrage|p1a: Miraidon\n|-damage|p1a: Miraidon|0 fnt\n|faint|p1a: Miraidon\n|-damage|p2b: Calyrex|78/100|[from] item: Life Orb\n|\n|win|jahreed\n||jahreed is ready for game 3.\n|inactive|ExessVGC has 30 seconds to confirm battle start!\n||ExessVGC is ready for game 3.\n|uhtml|next|Next: <a href=\"/battle-gen9vgc2025regibo3-2353525675\"><strong>Game 3 of 3</strong></a>\n", "uploadtime": 1745964891, "views": 35, "formatid": "gen9vgc2025regibo3", "rating": null, "private": 0, "password": null}