{"id": "gen9vgc2025regibo3-2353594357", "format": "[Gen 9] VGC 2025 Reg I (Bo3)", "players": ["snively3", "LuffyDragoneel"], "log": "|j|\u2606snively3\n|j|\u2606LuffyDragoneel\n|html|<table width=\"100%\"><tr><td align=\"left\">snively3</td><td align=\"right\">LuffyDragoneel</tr><tr><td align=\"left\"><i class=\"fa fa-circle-o\"></i> <i class=\"fa fa-circle-o\"></i> </td><td align=\"right\"><i class=\"fa fa-circle-o\"></i> <i class=\"fa fa-circle\"></i> </tr></table>\n|uhtml|bestof|<h2><strong>Game 2</strong> of <a href=\"/game-bestof3-gen9vgc2025regibo3-2353592776\">a best-of-3</a></h2>\n|t:|1745972357\n|gametype|doubles\n|player|p1|snively3|veteran|1122\n|player|p2|LuffyDragoneel|170|1114\n|teamsize|p1|6\n|teamsize|p2|6\n|gen|9\n|tier|[Gen 9] VGC 2025 Reg I (Bo3)\n|rated|\n|rule|Species Clause: Limit one of each Pok\u00e9mon\n|rule|Item Clause: Limit 1 of each item\n|clearpoke\n|poke|p1|Miraidon, L50|\n|poke|p1|Calyrex-Ice, L50|\n|poke|p1|Gothitelle, L50, F|\n|poke|p1|Incineroar, L50, M|\n|poke|p1|Urshifu-*, L50, M|\n|poke|p1|Scream Tail, L50|\n|poke|p2|Sneasler, L50, F|\n|poke|p2|Calyrex-Shadow, L50|\n|poke|p2|Miraidon, L50|\n|poke|p2|Dondozo, L50, M|\n|poke|p2|Tatsugiri-Droopy, L50, F|\n|poke|p2|Chi-Yu, L50|\n|teampreview|4\n|showteam|p1|Miraidon||ChoiceSpecs|HadronEngine|ElectroDrift,DracoMeteor,VoltSwitch,DazzlingGleam||||||50|,,,,,Fairy]Calyrex-Ice||ClearAmulet|AsOneGlastrier|Protect,GlacialLance,HighHorsepower,TrickRoom||||||50|,,,,,Fire]Gothitelle||Leftovers|ShadowTag|Protect,FakeOut,TrickRoom,HelpingHand|||F|||50|,,,,,Dark]Incineroar||SafetyGoggles|Intimidate|Protect,KnockOff,PartingShot,FakeOut|||M|||50|,,,,,Ghost]Urshifu||FocusSash|UnseenFist|Detect,WickedBlow,CloseCombat,SuckerPunch|||M|||50|,,,,,Stellar]Scream Tail||BoosterEnergy|Protosynthesis|Protect,PerishSong,Encore,Disable||||||50|,,,,,Dark\n|showteam|p2|Sneasler||ElectricSeed|Unburden|DireClaw,CloseCombat,ToxicSpikes,FakeOut|||F|||50|,,,,,Dark]Calyrex-Shadow||LifeOrb|AsOneSpectrier|AstralBarrage,Psychic,Encore,Protect||||||50|,,,,,Dark]Miraidon||AssaultVest|HadronEngine|ElectroDrift,DracoMeteor,DazzlingGleam,VoltSwitch||||||50|,,,,,Fairy]Dondozo||Leftovers|Unaware|Earthquake,BodyPress,OrderUp,Protect|||M|||50|,,,,,Grass]Tatsugiri-Droopy||FocusSash|Commander|DracoMeteor,MuddyWater,HelpingHand,Protect|||F|||50|,,,,,Stellar]Chi-Yu||ChoiceScarf|BeadsofRuin|Overheat,HeatWave,ScaryFace,Snarl||||||50|,,,,,Ghost\n|inactive|Battle timer is ON: inactive players will automatically lose when time's up. (requested by snively3)\n|inactive|snively3 has 60 seconds left.\n|\n|t:|1745972415\n|start\n|switch|p1a: Calyrex|Calyrex-Ice, L50|100/100\n|switch|p1b: Incineroar|Incineroar, L50, M|100/100\n|switch|p2a: Sneasler|Sneasler, L50, F|100/100\n|switch|p2b: Calyrex|Calyrex-Shadow, L50|100/100\n|-ability|p2b: Calyrex|As One\n|-ability|p2b: Calyrex|Unnerve\n|-ability|p1a: Calyrex|As One\n|-ability|p1a: Calyrex|Unnerve\n|-ability|p1b: Incineroar|Intimidate|boost\n|-unboost|p2a: Sneasler|atk|1\n|-unboost|p2b: Calyrex|atk|1\n|turn|1\n|\n|t:|1745972434\n|-terastallize|p2b: Calyrex|Dark\n|-terastallize|p1a: Calyrex|Fire\n|move|p2a: Sneasler|Fake Out|p1a: Calyrex\n|-damage|p1a: Calyrex|95/100\n|move|p2b: Calyrex|Astral Barrage|p1b: Incineroar|[spread] p1a,p1b\n|-resisted|p1b: Incineroar\n|-damage|p1a: Calyrex|44/100\n|-damage|p1b: Incineroar|70/100\n|-damage|p2b: Calyrex|91/100|[from] item: Life Orb\n|move|p1b: Incineroar|Knock Off|p2b: Calyrex\n|-resisted|p2b: Calyrex\n|-damage|p2b: Calyrex|71/100\n|-enditem|p2b: Calyrex|Life Orb|[from] move: Knock Off|[of] p1b: Incineroar\n|cant|p1a: Calyrex|flinch\n|\n|upkeep\n|turn|2\n|inactive|snively3 has 30 seconds left.\n|inactive|LuffyDragoneel has 30 seconds left.\n|\n|t:|1745972469\n|move|p2b: Calyrex|Astral Barrage|p1b: Incineroar|[spread] p1a,p1b\n|-resisted|p1b: Incineroar\n|-crit|p1b: Incineroar\n|-damage|p1a: Calyrex|5/100\n|-damage|p1b: Incineroar|36/100\n|move|p2a: Sneasler|Close Combat|p1a: Calyrex\n|-damage|p1a: Calyrex|0 fnt\n|-unboost|p2a: Sneasler|def|1\n|-unboost|p2a: Sneasler|spd|1\n|faint|p1a: Calyrex\n|move|p1b: Incineroar|Parting Shot|p2b: Calyrex\n|-unboost|p2b: Calyrex|atk|1\n|-unboost|p2b: Calyrex|spa|1\n|\n|t:|1745972477\n|switch|p1b: Miraidon|Miraidon, L50|100/100|[from] Parting Shot\n|-fieldstart|move: Electric Terrain|[from] ability: Hadron Engine|[of] p1b: Miraidon\n|-enditem|p2a: Sneasler|Electric Seed\n|-boost|p2a: Sneasler|def|1|[from] item: Electric Seed\n|\n|upkeep\n|\n|t:|1745972480\n|switch|p1a: Incineroar|Incineroar, L50, M|36/100\n|-ability|p1a: Incineroar|Intimidate|boost\n|-unboost|p2a: Sneasler|atk|1\n|-unboost|p2b: Calyrex|atk|1\n|turn|3\n|inactive|LuffyDragoneel has 30 seconds left.\n|inactive|LuffyDragoneel has 20 seconds left.\n|\n|t:|1745972518\n|switch|p2a: Miraidon|Miraidon, L50|100/100\n|-activate|p2a: Miraidon|ability: Hadron Engine\n|move|p2b: Calyrex|Protect|p2b: Calyrex\n|-singleturn|p2b: Calyrex|Protect\n|move|p1a: Incineroar|Fake Out|p2a: Miraidon\n|-damage|p2a: Miraidon|89/100\n|move|p1b: Miraidon|Dazzling Gleam|p2b: Calyrex|[spread] p2a\n|-activate|p2b: Calyrex|move: Protect\n|-supereffective|p2a: Miraidon\n|-damage|p2a: Miraidon|33/100\n|\n|upkeep\n|turn|4\n|inactive|LuffyDragoneel has 30 seconds left.\n|\n|t:|1745972548\n|move|p1a: Incineroar|Protect|p1a: Incineroar\n|-singleturn|p1a: Incineroar|Protect\n|move|p2b: Calyrex|Encore|p1a: Incineroar\n|-activate|p1a: Incineroar|move: Protect\n|move|p1b: Miraidon|Dazzling Gleam|p2b: Calyrex|[spread] p2a,p2b\n|-supereffective|p2a: Miraidon\n|-supereffective|p2b: Calyrex\n|-damage|p2a: Miraidon|0 fnt\n|-damage|p2b: Calyrex|0 fnt\n|faint|p2a: Miraidon\n|faint|p2b: Calyrex\n|\n|upkeep\n|\n|t:|1745972559\n|switch|p2b: Sneasler|Sneasler, L50, F|100/100\n|switch|p2a: Tatsugiri|Tatsugiri-Droopy, L50, F|100/100\n|turn|5\n|inactive|snively3 has 30 seconds left.\n|\n|t:|1745972588\n|switch|p1a: Urshifu|Urshifu, L50, M|100/100\n|move|p2b: Sneasler|Fake Out|p1b: Miraidon\n|-damage|p1b: Miraidon|86/100\n|cant|p1b: Miraidon|flinch\n|move|p2a: Tatsugiri|Muddy Water|p1a: Urshifu|[spread] p1a\n|-miss|p2a: Tatsugiri|p1b: Miraidon\n|-damage|p1a: Urshifu|46/100\n|-unboost|p1a: Urshifu|accuracy|1\n|\n|upkeep\n|turn|6\n|inactive|LuffyDragoneel has 30 seconds left.\n|inactive|LuffyDragoneel has 20 seconds left.\n|inactive|LuffyDragoneel has 15 seconds left.\n|\n|t:|1745972631\n|switch|p1b: Incineroar|Incineroar, L50, M|36/100\n|-ability|p1b: Incineroar|Intimidate|boost\n|-unboost|p2a: Tatsugiri|atk|1\n|-unboost|p2b: Sneasler|atk|1\n|move|p1a: Urshifu|Detect|p1a: Urshifu\n|-singleturn|p1a: Urshifu|Protect\n|move|p2a: Tatsugiri|Protect|p2a: Tatsugiri\n|-singleturn|p2a: Tatsugiri|Protect\n|move|p2b: Sneasler|Close Combat|p1a: Urshifu\n|-activate|p1a: Urshifu|move: Protect\n|\n|-fieldend|move: Electric Terrain\n|upkeep\n|turn|7\n|inactive|snively3 has 30 seconds left.\n|inactive|snively3 has 20 seconds left.\n|inactive|snively3 has 15 seconds left.\n|inactive|LuffyDragoneel has 30 seconds left.\n|\n|t:|1745972676\n|move|p1b: Incineroar|Fake Out|p2a: Tatsugiri\n|-damage|p2a: Tatsugiri|80/100\n|move|p2b: Sneasler|Dire Claw|p1a: Urshifu\n|-damage|p1a: Urshifu|16/100\n|move|p1a: Urshifu|Wicked Blow|p2b: Sneasler|[miss]\n|-miss|p1a: Urshifu|p2b: Sneasler\n|cant|p2a: Tatsugiri|flinch\n|\n|upkeep\n|turn|8\n|\n|t:|1745972692\n|move|p1b: Incineroar|Protect|p1b: Incineroar\n|-singleturn|p1b: Incineroar|Protect\n|move|p1a: Urshifu|Sucker Punch|p2b: Sneasler|[miss]\n|-miss|p1a: Urshifu|p2b: Sneasler\n|move|p2b: Sneasler|Dire Claw|p1a: Urshifu\n|-damage|p1a: Urshifu|0 fnt\n|faint|p1a: Urshifu\n|move|p2a: Tatsugiri|Muddy Water|p1b: Incineroar\n|-activate|p1b: Incineroar|move: Protect\n|\n|upkeep\n|\n|t:|1745972696\n|switch|p1a: Miraidon|Miraidon, L50|86/100\n|-fieldstart|move: Electric Terrain|[from] ability: Hadron Engine|[of] p1a: Miraidon\n|turn|9\n|inactive|LuffyDragoneel has 30 seconds left.\n|inactive|snively3 has 30 seconds left.\n|inactive|LuffyDragoneel has 20 seconds left.\n|\n|t:|1745972734\n|move|p2b: Sneasler|Close Combat|p1b: Incineroar\n|-supereffective|p1b: Incineroar\n|-damage|p1b: Incineroar|0 fnt\n|-unboost|p2b: Sneasler|def|1\n|-unboost|p2b: Sneasler|spd|1\n|faint|p1b: Incineroar\n|move|p1a: Miraidon|Dazzling Gleam|p2a: Tatsugiri|[spread] p2a,p2b\n|-supereffective|p2a: Tatsugiri\n|-damage|p2a: Tatsugiri|0 fnt\n|-damage|p2b: Sneasler|2/100\n|faint|p2a: Tatsugiri\n|\n|upkeep\n|turn|10\n|\n|t:|1745972749\n|move|p2b: Sneasler|Dire Claw|p1a: Miraidon\n|-damage|p1a: Miraidon|58/100\n|move|p1a: Miraidon|Dazzling Gleam|p2b: Sneasler\n|-damage|p2b: Sneasler|0 fnt\n|faint|p2b: Sneasler\n|\n|win|snively3\n||snively3 is ready for game 3.\n|l|\u2606snively3\n|player|p1|\n||LuffyDragoneel is ready for game 3.\n|uhtml|next|Next: <a href=\"/battle-gen9vgc2025regibo3-2353597865\"><strong>Game 3 of 3</strong></a>\n", "uploadtime": 1745973038, "views": 7, "formatid": "gen9vgc2025regibo3", "rating": null, "private": 0, "password": null}