{"id": "gen9vgc2025regibo3-2354955174", "format": "[Gen 9] VGC 2025 Reg I (Bo3)", "players": ["pruaxx", "llamatruama"], "log": "|j|\u2606pruaxx\n|j|\u2606llamatruama\n|html|<table width=\"100%\"><tr><td align=\"left\">pruaxx</td><td align=\"right\">llamatruama</tr><tr><td align=\"left\"><i class=\"fa fa-circle-o\"></i> <i class=\"fa fa-circle-o\"></i> </td><td align=\"right\"><i class=\"fa fa-circle-o\"></i> <i class=\"fa fa-circle-o\"></i> </tr></table>\n|uhtml|bestof|<h2><strong>Game 1</strong> of <a href=\"/game-bestof3-gen9vgc2025regibo3-2354955173\">a best-of-3</a></h2>\n|t:|1746135421\n|gametype|doubles\n|player|p1|pruaxx|pokemaniac|1144\n|player|p2|llamatruama|101|1131\n|teamsize|p1|6\n|teamsize|p2|6\n|gen|9\n|tier|[Gen 9] VGC 2025 Reg I (Bo3)\n|rated|\n|rule|Species Clause: Limit one of each Pok\u00e9mon\n|rule|Item Clause: Limit 1 of each item\n|clearpoke\n|poke|p1|Miraidon, L50|\n|poke|p1|Koraidon, L50|\n|poke|p1|Raging Bolt, L50|\n|poke|p1|Walking Wake, L50|\n|poke|p1|Farigiraf, L50, M|\n|poke|p1|Incineroar, L50, M|\n|poke|p2|Calyrex-Ice, L50|\n|poke|p2|Ursaluna, L50, M|\n|poke|p2|Lunala, L50|\n|poke|p2|Raging Bolt, L50|\n|poke|p2|Scraggy, L50, M|\n|poke|p2|Amoonguss, L50, M|\n|teampreview|4\n|showteam|p1|Miraidon||ChoiceSpecs|HadronEngine|VoltSwitch,DracoMeteor,ElectroDrift,DazzlingGleam||||||50|,,,,,Fairy]Koraidon||ChoiceBand|OrichalcumPulse|CollisionCourse,Outrage,Uturn,FlareBlitz||||||50|,,,,,Fire]Raging Bolt||AssaultVest|Protosynthesis|RisingVoltage,Thunderclap,DracoMeteor,Snarl||||||50|,,,,,Water]Walking Wake||LifeOrb|Protosynthesis|DracoMeteor,HydroSteam,Flamethrower,Protect||||||50|,,,,,Fire]Farigiraf||ElectricSeed|ArmorTail|Psychic,Roar,TrickRoom,HelpingHand|||M|||50|,,,,,Water]Incineroar||RockyHelmet|Intimidate|KnockOff,FlareBlitz,FakeOut,Uturn|||M|||50|,,,,,Ghost\n|showteam|p2|Calyrex-Ice||ClearAmulet|AsOneGlastrier|GlacialLance,HighHorsepower,TrickRoom,Protect||||||50|,,,,,Fire]Ursaluna||FlameOrb|Guts|HeadlongRush,Facade,Earthquake,Protect|||M|||50|,,,,,Ghost]Lunala||PowerHerb|ShadowShield|TrickRoom,MoongeistBeam,MeteorBeam,WideGuard||||||50|,,,,,Water]Raging Bolt||AssaultVest|Protosynthesis|VoltSwitch,DracoMeteor,Snarl,Thunderclap||||||50|,,,,,Fairy]Scraggy||Eviolite|Intimidate|FakeOut,Coaching,HelpingHand,FoulPlay|||M|||50|,,,,,Poison]Amoonguss||SitrusBerry|Regenerator|Spore,ClearSmog,PollenPuff,RagePowder|||M|||50|,,,,,Water\n|inactive|Battle timer is ON: inactive players will automatically lose when time's up. (requested by pruaxx)\n|inactive|pruaxx has 60 seconds left.\n|\n|t:|1746135454\n|start\n|switch|p1a: Koraidon|Koraidon, L50|100/100\n|switch|p1b: Walking Wake|Walking Wake, L50|100/100\n|switch|p2a: Scraggy|Scraggy, L50, M, shiny|100/100\n|switch|p2b: Lunala|Lunala, L50|100/100\n|-weather|SunnyDay|[from] ability: Orichalcum Pulse|[of] p1a: Koraidon\n|-activate|p1b: Walking Wake|ability: Protosynthesis\n|-start|p1b: Walking Wake|protosynthesisspe\n|-activate|p1a: Koraidon|Orichalcum Pulse|[source]\n|-ability|p2a: Scraggy|Intimidate|boost\n|-unboost|p1a: Koraidon|atk|1\n|-unboost|p1b: Walking Wake|atk|1\n|turn|1\n|inactive|llamatruama has 30 seconds left.\n|inactive|llamatruama has 20 seconds left.\n|\n|t:|1746135491\n|move|p2a: Scraggy|Fake Out|p1a: Koraidon\n|-damage|p1a: Koraidon|94/100\n|move|p1b: Walking Wake|Hydro Steam|p2b: Lunala\n|-damage|p2b: Lunala|73/100\n|-damage|p1b: Walking Wake|91/100|[from] item: Life Orb\n|cant|p1a: Koraidon|flinch\n|move|p2b: Lunala|Trick Room|p2b: Lunala\n|-fieldstart|move: Trick Room|[of] p2b: Lunala\n|\n|-weather|SunnyDay|[upkeep]\n|upkeep\n|turn|2\n|inactive|llamatruama has 30 seconds left.\n|\n|t:|1746135524\n|move|p2a: Scraggy|Helping Hand|p2b: Lunala\n|-singleturn|p2b: Lunala|Helping Hand|[of] p2a: Scraggy\n|move|p2b: Lunala|Meteor Beam||[still]\n|-prepare|p2b: Lunala|Meteor Beam\n|-boost|p2b: Lunala|spa|1\n|-enditem|p2b: Lunala|Power Herb\n|-anim|p2b: Lunala|Meteor Beam|p1a: Koraidon\n|-resisted|p1a: Koraidon\n|-damage|p1a: Koraidon|49/100\n|move|p1a: Koraidon|U-turn|p2a: Scraggy\n|-damage|p2a: Scraggy|65/100\n|\n|t:|1746135534\n|switch|p1a: Raging Bolt|Raging Bolt, L50|100/100|[from] U-turn\n|-activate|p1a: Raging Bolt|ability: Protosynthesis\n|-start|p1a: Raging Bolt|protosynthesisspa\n|move|p1b: Walking Wake|Draco Meteor|p2b: Lunala\n|-damage|p2b: Lunala|15/100\n|-unboost|p1b: Walking Wake|spa|2\n|-damage|p1b: Walking Wake|81/100|[from] item: Life Orb\n|\n|-weather|SunnyDay|[upkeep]\n|upkeep\n|turn|3\n|\n|t:|1746135556\n|switch|p2a: Ursaluna|Ursaluna, L50, M, shiny|100/100\n|move|p2b: Lunala|Moongeist Beam|p1b: Walking Wake\n|-damage|p1b: Walking Wake|0 fnt\n|faint|p1b: Walking Wake\n|-end|p1b: Walking Wake|Protosynthesis|[silent]\n|move|p1a: Raging Bolt|Snarl|p2b: Lunala|[spread] p2b\n|-miss|p1a: Raging Bolt|p2a: Ursaluna\n|-supereffective|p2b: Lunala\n|-damage|p2b: Lunala|0 fnt\n|faint|p2b: Lunala\n|\n|-weather|SunnyDay|[upkeep]\n|-status|p2a: Ursaluna|brn|[from] item: Flame Orb\n|upkeep\n|\n|t:|1746135575\n|switch|p2b: Scraggy|Scraggy, L50, M, shiny|65/100\n|switch|p1b: Miraidon|Miraidon, L50|100/100\n|-ability|p2b: Scraggy|Intimidate|boost\n|-unboost|p1a: Raging Bolt|atk|1\n|-unboost|p1b: Miraidon|atk|1\n|-fieldstart|move: Electric Terrain|[from] ability: Hadron Engine|[of] p1b: Miraidon\n|turn|4\n|\n|t:|1746135594\n|switch|p1b: Koraidon|Koraidon, L50|49/100\n|-activate|p1b: Koraidon|ability: Orichalcum Pulse\n|-terastallize|p1a: Raging Bolt|Water\n|move|p2b: Scraggy|Fake Out|p1b: Koraidon\n|-damage|p1b: Koraidon|42/100\n|move|p2a: Ursaluna|Headlong Rush|p1a: Raging Bolt\n|-damage|p1a: Raging Bolt|15/100\n|-unboost|p2a: Ursaluna|def|1\n|-unboost|p2a: Ursaluna|spd|1\n|move|p1a: Raging Bolt|Draco Meteor|p2a: Ursaluna|[miss]\n|-miss|p1a: Raging Bolt|p2a: Ursaluna\n|\n|-weather|SunnyDay|[upkeep]\n|-damage|p2a: Ursaluna|95/100 brn|[from] brn\n|upkeep\n|turn|5\n|\n|t:|1746135616\n|move|p2b: Scraggy|Coaching|p2a: Ursaluna\n|-boost|p2a: Ursaluna|atk|1\n|-boost|p2a: Ursaluna|def|1\n|move|p2a: Ursaluna|Facade|p1b: Koraidon\n|-damage|p1b: Koraidon|0 fnt\n|faint|p1b: Koraidon\n|move|p1a: Raging Bolt|Draco Meteor|p2a: Ursaluna\n|-damage|p2a: Ursaluna|0 fnt\n|-unboost|p1a: Raging Bolt|spa|2\n|faint|p2a: Ursaluna\n|\n|-weather|none\n|-end|p1a: Raging Bolt|Protosynthesis\n|-fieldend|move: Trick Room\n|upkeep\n|\n|t:|1746135628\n|switch|p1b: Miraidon|Miraidon, L50|100/100\n|switch|p2a: Calyrex|Calyrex-Ice, L50|100/100\n|-ability|p2a: Calyrex|As One\n|-ability|p2a: Calyrex|Unnerve\n|-activate|p1b: Miraidon|ability: Hadron Engine\n|turn|6\n|\n|t:|1746135639\n|move|p2b: Scraggy|Helping Hand|p2a: Calyrex\n|-singleturn|p2a: Calyrex|Helping Hand|[of] p2b: Scraggy\n|move|p1b: Miraidon|Electro Drift|p2a: Calyrex\n|-damage|p2a: Calyrex|6/100\n|move|p1a: Raging Bolt|Rising Voltage|p2a: Calyrex\n|-hint|Rising Voltage's BP doubled on grounded target.\n|-damage|p2a: Calyrex|0 fnt\n|faint|p2a: Calyrex\n|\n|upkeep\n|turn|7\n|\n|t:|1746135655\n|-terastallize|p2b: Scraggy|Poison\n|move|p2b: Scraggy|Helping Hand|p2: Calyrex|[notarget]\n|-fail|p2b: Scraggy\n|move|p1b: Miraidon|Electro Drift|p2b: Scraggy\n|-damage|p2b: Scraggy|0 fnt\n|faint|p2b: Scraggy\n|\n|win|pruaxx\n||pruaxx is ready for game 2.\n||llamatruama is ready for game 2.\n|uhtml|next|Next: <a href=\"/battle-gen9vgc2025regibo3-2354957380\"><strong>Game 2 of 3</strong></a>\n", "uploadtime": 1746136026, "views": 6, "formatid": "gen9vgc2025regibo3", "rating": null, "private": 0, "password": null}