{"id": "gen9vgc2025regibo3-2353727087", "format": "[Gen 9] VGC 2025 Reg I (Bo3)", "players": ["Paris gurll", "sadfkl"], "log": "|j|\u2606Paris gurll\n|j|\u2606sadfkl\n|html|<table width=\"100%\"><tr><td align=\"left\">Paris gurll</td><td align=\"right\">sadfkl</tr><tr><td align=\"left\"><i class=\"fa fa-circle-o\"></i> <i class=\"fa fa-circle-o\"></i> </td><td align=\"right\"><i class=\"fa fa-circle-o\"></i> <i class=\"fa fa-circle-o\"></i> </tr></table>\n|uhtml|bestof|<h2><strong>Game 1</strong> of <a href=\"/game-bestof3-gen9vgc2025regibo3-2353727086\">a best-of-3</a></h2>\n|t:|1745989555\n|gametype|doubles\n|player|p1|Paris gurll|102|1033\n|player|p2|sadfkl|ethan|1111\n|teamsize|p1|6\n|teamsize|p2|6\n|gen|9\n|tier|[Gen 9] VGC 2025 Reg I (Bo3)\n|rated|\n|rule|Species Clause: Limit one of each Pok\u00e9mon\n|rule|Item Clause: Limit 1 of each item\n|clearpoke\n|poke|p1|Ceruledge, L50, F|\n|poke|p1|Tornadus, L50, M|\n|poke|p1|Miraidon, L50|\n|poke|p1|Urshifu-*, L50, F|\n|poke|p1|Incineroar, L50, F|\n|poke|p1|Calyrex-Shadow, L50|\n|poke|p2|Koraidon, L50|\n|poke|p2|Calyrex-Shadow, L50|\n|poke|p2|Indeedee-F, L50, F|\n|poke|p2|Iron Bundle, L50|\n|poke|p2|Chi-Yu, L50|\n|poke|p2|Brute Bonnet, L50|\n|teampreview|4\n|showteam|p1|Ceruledge||LifeOrb|FlashFire|BitterBlade,ShadowSneak,CloseCombat,Protect|||F|||50|,,,,,Grass]Tornadus||CovertCloak|Prankster|Tailwind,BleakwindStorm,RainDance,Protect|||M|||50|,,,,,Steel]Miraidon||ChoiceSpecs|HadronEngine|ElectroDrift,VoltSwitch,DazzlingGleam,DracoMeteor||||||50|,,,,,Fairy]Urshifu||FocusSash|UnseenFist|SuckerPunch,WickedBlow,CloseCombat,Detect|||F|||50|,,,,,Stellar]Incineroar||SafetyGoggles|Intimidate|KnockOff,HelpingHand,FakeOut,PartingShot|||F|||50|,,,,,Water]Calyrex-Shadow||SpellTag|AsOneSpectrier|AstralBarrage,GigaDrain,NastyPlot,Protect||||||50|,,,,,Normal\n|showteam|p2|Koraidon||LifeOrb|OrichalcumPulse|CollisionCourse,FlareBlitz,Protect,LowKick||||||50|,,,,,Fire]Calyrex-Shadow||FocusSash|AsOneSpectrier|AstralBarrage,ExpandingForce,Protect,PollenPuff||||||50|,,,,,Dark]Indeedee-F||PsychicSeed|PsychicSurge|AlluringVoice,FollowMe,HelpingHand,TrickRoom|||F|||50|,,,,,Water]Iron Bundle||BoosterEnergy|QuarkDrive|IcyWind,Taunt,Encore,FreezeDry||||||50|,,,,,Ghost]Chi-Yu||ChoiceScarf|BeadsofRuin|HeatWave,DarkPulse,Snarl,Overheat||||||50|,,,,,Fire]Brute Bonnet||CovertCloak|Protosynthesis|SeedBomb,SuckerPunch,Spore,RagePowder||||||50|,,,,,Water\n|\n|t:|1745989580\n|start\n|switch|p1a: Buff man|Tornadus, L50, M|100/100\n|switch|p1b: A lesson on STAB|Ceruledge, L50, F, shiny|100/100\n|switch|p2a: Indeedee|Indeedee-F, L50, F|100/100\n|switch|p2b: Brute Bonnet|Brute Bonnet, L50|100/100\n|-fieldstart|move: Psychic Terrain|[from] ability: Psychic Surge|[of] p2a: Indeedee\n|-enditem|p2a: Indeedee|Psychic Seed\n|-boost|p2a: Indeedee|spd|1|[from] item: Psychic Seed\n|turn|1\n|\n|t:|1745989613\n|-terastallize|p1b: A lesson on STAB|Grass\n|-terastallize|p2b: Brute Bonnet|Water\n|move|p1b: A lesson on STAB|Bitter Blade|p2b: Brute Bonnet\n|-resisted|p2b: Brute Bonnet\n|-damage|p2b: Brute Bonnet|79/100\n|-damage|p1b: A lesson on STAB|90/100|[from] item: Life Orb\n|move|p1a: Buff man|Bleakwind Storm|p2b: Brute Bonnet|[spread] p2a,p2b\n|-damage|p2a: Indeedee|80/100\n|-damage|p2b: Brute Bonnet|56/100\n|-unboost|p2a: Indeedee|spe|1\n|move|p2b: Brute Bonnet|Spore|p1b: A lesson on STAB\n|-immune|p1b: A lesson on STAB\n|move|p2a: Indeedee|Trick Room|p2a: Indeedee\n|-fieldstart|move: Trick Room|[of] p2a: Indeedee\n|\n|upkeep\n|turn|2\n|\n|t:|1745989636\n|move|p2a: Indeedee|Alluring Voice|p1b: A lesson on STAB\n|-damage|p1b: A lesson on STAB|67/100\n|move|p2b: Brute Bonnet|Spore|p1a: Buff man\n|-status|p1a: Buff man|slp|[from] move: Spore\n|cant|p1a: Buff man|slp\n|move|p1b: A lesson on STAB|Close Combat|p2a: Indeedee\n|-damage|p2a: Indeedee|28/100\n|-unboost|p1b: A lesson on STAB|def|1\n|-unboost|p1b: A lesson on STAB|spd|1\n|-damage|p1b: A lesson on STAB|57/100|[from] item: Life Orb\n|\n|upkeep\n|turn|3\n|\n|t:|1745989659\n|move|p2b: Brute Bonnet|Rage Powder|p2b: Brute Bonnet\n|-singleturn|p2b: Brute Bonnet|move: Rage Powder\n|-curestatus|p1a: Buff man|slp|[msg]\n|move|p1a: Buff man|Bleakwind Storm|p2b: Brute Bonnet|[spread] p2a,p2b\n|-damage|p2a: Indeedee|7/100\n|-damage|p2b: Brute Bonnet|34/100\n|move|p1b: A lesson on STAB|Close Combat|p2b: Brute Bonnet\n|-damage|p2b: Brute Bonnet|1/100\n|-unboost|p1b: A lesson on STAB|def|1\n|-unboost|p1b: A lesson on STAB|spd|1\n|-damage|p1b: A lesson on STAB|47/100|[from] item: Life Orb\n|move|p2a: Indeedee|Trick Room|p2a: Indeedee\n|-fieldend|move: Trick Room\n|\n|upkeep\n|turn|4\n|\n|t:|1745989676\n|move|p1b: A lesson on STAB|Shadow Sneak|p2b: Brute Bonnet\n|-activate|p2b: Brute Bonnet|move: Psychic Terrain\n|move|p1a: Buff man|Bleakwind Storm|p2a: Indeedee|[spread] p2a\n|-miss|p1a: Buff man|p2b: Brute Bonnet\n|-damage|p2a: Indeedee|0 fnt\n|faint|p2a: Indeedee\n|move|p2b: Brute Bonnet|Seed Bomb|p1b: A lesson on STAB\n|-resisted|p1b: A lesson on STAB\n|-damage|p1b: A lesson on STAB|0 fnt\n|faint|p1b: A lesson on STAB\n|\n|upkeep\n|\n|t:|1745989691\n|switch|p1b: Miraidon|Miraidon, L50|100/100\n|switch|p2a: Calyrex|Calyrex-Shadow, L50|100/100\n|-ability|p2a: Calyrex|As One\n|-ability|p2a: Calyrex|Unnerve\n|-fieldstart|move: Electric Terrain|[from] ability: Hadron Engine|[of] p1b: Miraidon\n|turn|5\n|\n|t:|1745989707\n|move|p1a: Buff man|Tailwind|p1a: Buff man\n|-sidestart|p1: Paris gurll|move: Tailwind\n|move|p2b: Brute Bonnet|Sucker Punch|p1b: Miraidon\n|-damage|p1b: Miraidon|69/100\n|move|p1b: Miraidon|Electro Drift|p2a: Calyrex\n|-enditem|p2a: Calyrex|Focus Sash\n|-damage|p2a: Calyrex|1/100\n|move|p2a: Calyrex|Astral Barrage|p1b: Miraidon|[spread] p1a,p1b\n|-crit|p1b: Miraidon\n|-damage|p1a: Buff man|41/100\n|-damage|p1b: Miraidon|0 fnt\n|faint|p1b: Miraidon\n|-ability|p2a: Calyrex|Grim Neigh|boost\n|-boost|p2a: Calyrex|spa|1\n|\n|upkeep\n|\n|t:|1745989723\n|switch|p1b: Kung fu fighting|Urshifu, L50, F|100/100\n|turn|6\n|\n|t:|1745989738\n|move|p2b: Brute Bonnet|Sucker Punch|p1a: Buff man\n|-damage|p1a: Buff man|11/100\n|move|p1b: Kung fu fighting|Wicked Blow|p2a: Calyrex\n|-supereffective|p2a: Calyrex\n|-crit|p2a: Calyrex\n|-damage|p2a: Calyrex|0 fnt\n|faint|p2a: Calyrex\n|move|p1a: Buff man|Bleakwind Storm|p2b: Brute Bonnet\n|-damage|p2b: Brute Bonnet|0 fnt\n|faint|p2b: Brute Bonnet\n|-end|p2b: Brute Bonnet|Protosynthesis|[silent]\n|\n|upkeep\n|\n|t:|1745989743\n|switch|p2b: Koraidon|Koraidon, L50|100/100\n|-weather|SunnyDay|[from] ability: Orichalcum Pulse|[of] p2b: Koraidon\n|-activate|p2b: Koraidon|Orichalcum Pulse|[source]\n|turn|7\n|\n|t:|1745989755\n|move|p1b: Kung fu fighting|Detect|p1b: Kung fu fighting\n|-singleturn|p1b: Kung fu fighting|Protect\n|move|p1a: Buff man|Rain Dance|p1a: Buff man\n|-weather|RainDance\n|move|p2b: Koraidon|Collision Course|p1b: Kung fu fighting\n|-activate|p1b: Kung fu fighting|move: Protect\n|\n|-weather|RainDance|[upkeep]\n|upkeep\n|turn|8\n|\n|t:|1745989768\n|move|p1b: Kung fu fighting|Close Combat|p2b: Koraidon\n|-damage|p2b: Koraidon|47/100\n|-unboost|p1b: Kung fu fighting|def|1\n|-unboost|p1b: Kung fu fighting|spd|1\n|move|p1a: Buff man|Bleakwind Storm|p2b: Koraidon\n|-supereffective|p2b: Koraidon\n|-damage|p2b: Koraidon|0 fnt\n|faint|p2b: Koraidon\n|\n|win|Paris gurll\n||sadfkl is ready for game 2.\n||Paris gurll is ready for game 2.\n|uhtml|next|Next: <a href=\"/battle-gen9vgc2025regibo3-2353728432\"><strong>Game 2 of 3</strong></a>\n|l|\u2606Paris gurll\n|player|p1|\n|l|\u2606sadfkl\n|player|p2|\n", "uploadtime": 1745989902, "views": 17, "formatid": "gen9vgc2025regibo3", "rating": null, "private": 0, "password": null}