{"id": "gen9vgc2025regibo3-2354400999", "format": "[Gen 9] VGC 2025 Reg I (Bo3)", "players": ["gingerv", "pwendolyn"], "log": "|j|\u2606gingerv\n|j|\u2606pwendolyn\n|html|<table width=\"100%\"><tr><td align=\"left\">gingerv</td><td align=\"right\">pwendolyn</tr><tr><td align=\"left\"><i class=\"fa fa-circle-o\"></i> <i class=\"fa fa-circle-o\"></i> </td><td align=\"right\"><i class=\"fa fa-circle-o\"></i> <i class=\"fa fa-circle-o\"></i> </tr></table>\n|uhtml|bestof|<h2><strong>Game 1</strong> of <a href=\"/game-bestof3-gen9vgc2025regibo3-2354400998\">a best-of-3</a></h2>\n|t:|1746066809\n|gametype|doubles\n|player|p1|gingerv|102|\n|player|p2|pwendolyn|acetrainersnowf|\n|teamsize|p1|6\n|teamsize|p2|6\n|gen|9\n|tier|[Gen 9] VGC 2025 Reg I (Bo3)\n|rule|Species Clause: Limit one of each Pok\u00e9mon\n|rule|Item Clause: Limit 1 of each item\n|clearpoke\n|poke|p1|Calyrex-Shadow, L50|\n|poke|p1|Terapagos, L50, M|\n|poke|p1|Rillaboom, L50, M|\n|poke|p1|Incineroar, L50, F|\n|poke|p1|Urshifu-*, L50, F|\n|poke|p1|Amoonguss, L50, F|\n|poke|p2|Miraidon, L50|\n|poke|p2|Farigiraf, L50, M|\n|poke|p2|Kyogre, L50|\n|poke|p2|Overqwil, L50, M|\n|poke|p2|Tornadus, L50, M|\n|poke|p2|Landorus, L50, M|\n|teampreview|4\n|showteam|p1|Calyrex-Shadow||FocusSash|AsOneSpectrier|AstralBarrage,Encore,Disable,Protect||||||50|,,,,,Ghost]Terapagos||Leftovers|TeraShift|TeraStarstorm,EarthPower,CalmMind,Protect|||M|||50|,,,,,Stellar]Rillaboom||AssaultVest|GrassySurge|WoodHammer,GrassyGlide,FakeOut,Uturn|||M|||50|,,,,,Fire]Incineroar||SafetyGoggles|Intimidate|KnockOff,WillOWisp,FakeOut,PartingShot|||F|||50|,,,,,Water]Urshifu-Rapid-Strike||ChoiceScarf|UnseenFist|CloseCombat,SurgingStrikes,Uturn,AquaJet|||F|||50|,,,,,Water]Amoonguss||RockyHelmet|Regenerator|SludgeBomb,RagePowder,Spore,Protect|||F|||50|,,,,,Water\n|showteam|p2|Miraidon||ChoiceSpecs|HadronEngine|ElectroDrift,DracoMeteor,VoltSwitch,DazzlingGleam||||||50|,,,,,Fairy]Farigiraf||ElectricSeed|ArmorTail|FoulPlay,Psychic,TrickRoom,Protect|||M|||50|,,,,,Grass]Kyogre||MysticWater|Drizzle|WaterSpout,OriginPulse,Thunder,Protect||||||50|,,,,,Ghost]Overqwil||FocusSash|SwiftSwim|GunkShot,ThroatChop,AcidSpray,Protect|||M|||50|,,,,,Stellar]Tornadus||CovertCloak|Prankster|Tailwind,BleakwindStorm,Taunt,RainDance|||M|||50|,,,,,Dark]Landorus||LifeOrb|SheerForce|SandsearStorm,SludgeBomb,EarthPower,Protect|||M|||50|,,,,,Steel\n|c|\u2606gingerv|glhf!\n|j| saltgamble\n|c|\u2606pwendolyn|glhf!!\n|\n|t:|1746066881\n|start\n|switch|p1a: Urshifu|Urshifu-Rapid-Strike, L50, F|100/100\n|switch|p1b: Rillaboom|Rillaboom, L50, M|100/100\n|switch|p2a: Kyogre|Kyogre, L50|100/100\n|switch|p2b: Tornadus|Tornadus, L50, M|100/100\n|-weather|RainDance|[from] ability: Drizzle|[of] p2a: Kyogre\n|-fieldstart|move: Grassy Terrain|[from] ability: Grassy Surge|[of] p1b: Rillaboom\n|turn|1\n|\n|t:|1746066902\n|-terastallize|p2a: Kyogre|Ghost\n|move|p2b: Tornadus|Tailwind|p2b: Tornadus\n|-sidestart|p2: pwendolyn|move: Tailwind\n|move|p1b: Rillaboom|Grassy Glide|p2a: Kyogre\n|-damage|p2a: Kyogre|69/100\n|move|p2a: Kyogre|Thunder|p1a: Urshifu\n|-supereffective|p1a: Urshifu\n|-damage|p1a: Urshifu|0 fnt\n|faint|p1a: Urshifu\n|\n|-weather|RainDance|[upkeep]\n|-heal|p2a: Kyogre|75/100|[from] Grassy Terrain\n|upkeep\n|\n|t:|1746066919\n|switch|p1a: Terapagos|Terapagos, L50, M|100/100\n|-activate|p1a: Terapagos|ability: Tera Shift\n|detailschange|p1a: Terapagos|Terapagos-Terastal, L50, M\n|-heal|p1a: Terapagos|100/100|[silent]\n|turn|2\n|\n|t:|1746066927\n|-terastallize|p1a: Terapagos|Stellar\n|detailschange|p1a: Terapagos|Terapagos-Stellar, L50, M, tera:Stellar\n|-heal|p1a: Terapagos|100/100|[silent]\n|-ability|p1a: Terapagos|Teraform Zero\n|-weather|none\n|-fieldend|move: Grassy Terrain\n|move|p2b: Tornadus|Bleakwind Storm|p1a: Terapagos|[spread] p1a,p1b\n|-supereffective|p1b: Rillaboom\n|-damage|p1a: Terapagos|81/100\n|-damage|p1b: Rillaboom|60/100\n|move|p2a: Kyogre|Water Spout|p1a: Terapagos|[spread] p1a,p1b\n|-resisted|p1b: Rillaboom\n|-damage|p1a: Terapagos|41/100\n|-damage|p1b: Rillaboom|42/100\n|move|p1a: Terapagos|Tera Starstorm|p2a: Kyogre|[spread] p2a,p2b\n|-supereffective|p2a: Kyogre\n|-damage|p2a: Kyogre|33/100\n|-damage|p2b: Tornadus|59/100\n|move|p1b: Rillaboom|U-turn|p2b: Tornadus\n|-resisted|p2b: Tornadus\n|-damage|p2b: Tornadus|44/100\n|\n|t:|1746066939\n|switch|p1b: Calyrex|Calyrex-Shadow, L50|100/100|[from] U-turn\n|-ability|p1b: Calyrex|As One\n|-ability|p1b: Calyrex|Unnerve\n|\n|-heal|p1a: Terapagos|47/100|[from] item: Leftovers\n|upkeep\n|turn|3\n|\n|t:|1746066948\n|switch|p1b: Rillaboom|Rillaboom, L50, M|42/100\n|-fieldstart|move: Grassy Terrain|[from] ability: Grassy Surge|[of] p1b: Rillaboom\n|move|p1a: Terapagos|Protect|p1a: Terapagos\n|-singleturn|p1a: Terapagos|Protect\n|move|p2b: Tornadus|Rain Dance|p2b: Tornadus\n|-weather|RainDance\n|move|p2a: Kyogre|Origin Pulse|p1a: Terapagos|[spread] p1b\n|-activate|p1a: Terapagos|move: Protect\n|-resisted|p1b: Rillaboom\n|-damage|p1b: Rillaboom|16/100\n|\n|-weather|RainDance|[upkeep]\n|-heal|p2a: Kyogre|39/100|[from] Grassy Terrain\n|-heal|p1a: Terapagos|53/100|[from] Grassy Terrain\n|-heal|p1a: Terapagos|59/100|[from] item: Leftovers\n|-heal|p1b: Rillaboom|22/100|[from] Grassy Terrain\n|upkeep\n|turn|4\n|\n|t:|1746066966\n|move|p1b: Rillaboom|Grassy Glide|p2a: Kyogre\n|-damage|p2a: Kyogre|7/100\n|move|p2b: Tornadus|Bleakwind Storm|p1b: Rillaboom|[spread] p1a,p1b\n|-supereffective|p1b: Rillaboom\n|-damage|p1a: Terapagos|38/100\n|-damage|p1b: Rillaboom|0 fnt\n|faint|p1b: Rillaboom\n|move|p2a: Kyogre|Origin Pulse|p1a: Terapagos\n|-damage|p1a: Terapagos|0 fnt\n|faint|p1a: Terapagos\n|\n|-weather|RainDance|[upkeep]\n|-heal|p2a: Kyogre|13/100|[from] Grassy Terrain\n|-sideend|p2: pwendolyn|move: Tailwind\n|upkeep\n|\n|t:|1746066972\n|switch|p1b: Calyrex|Calyrex-Shadow, L50|100/100\n|-ability|p1b: Calyrex|As One\n|-ability|p1b: Calyrex|Unnerve\n|turn|5\n|\n|t:|1746066977\n|move|p2b: Tornadus|Tailwind|p2b: Tornadus\n|-sidestart|p2: pwendolyn|move: Tailwind\n|move|p2a: Kyogre|Thunder|p1b: Calyrex\n|-damage|p1b: Calyrex|55/100\n|-status|p1b: Calyrex|par\n|move|p1b: Calyrex|Astral Barrage|p2a: Kyogre|[spread] p2a,p2b\n|-supereffective|p2a: Kyogre\n|-damage|p2a: Kyogre|0 fnt\n|-damage|p2b: Tornadus|0 fnt\n|faint|p2a: Kyogre\n|faint|p2b: Tornadus\n|-ability|p1b: Calyrex|Grim Neigh|boost\n|-boost|p1b: Calyrex|spa|2\n|\n|-weather|RainDance|[upkeep]\n|-heal|p1b: Calyrex|61/100 par|[from] Grassy Terrain\n|upkeep\n|\n|t:|1746066980\n|switch|p2b: Miraidon|Miraidon, L50|100/100\n|switch|p2a: Overqwil|Overqwil, L50, M|100/100\n|-fieldstart|move: Electric Terrain|[from] ability: Hadron Engine|[of] p2b: Miraidon\n|turn|6\n|\n|t:|1746066985\n|move|p2a: Overqwil|Throat Chop|p1b: Calyrex\n|-supereffective|p1b: Calyrex\n|-damage|p1b: Calyrex|0 fnt\n|faint|p1b: Calyrex\n|\n|win|pwendolyn\n||gingerv is ready for game 2.\n||pwendolyn is ready for game 2.\n|uhtml|next|Next: <a href=\"/battle-gen9vgc2025regibo3-2354402427\"><strong>Game 2 of 3</strong></a>\n", "uploadtime": 1746067587, "views": 13, "formatid": "gen9vgc2025regibo3", "rating": null, "private": 0, "password": null}