{"id": "gen9vgc2025regibo3-2354865338", "format": "[Gen 9] VGC 2025 Reg I (Bo3)", "players": ["Gimffy", "Dix6"], "log": "|j|\u2606Gimffy\n|j|\u2606Dix6\n|html|<table width=\"100%\"><tr><td align=\"left\">Gimffy</td><td align=\"right\">Dix6</tr><tr><td align=\"left\"><i class=\"fa fa-circle-o\"></i> <i class=\"fa fa-circle-o\"></i> </td><td align=\"right\"><i class=\"fa fa-circle-o\"></i> <i class=\"fa fa-circle-o\"></i> </tr></table>\n|uhtml|bestof|<h2><strong>Game 1</strong> of <a href=\"/game-bestof3-gen9vgc2025regibo3-2354865337\">a best-of-3</a></h2>\n|t:|1746126559\n|gametype|doubles\n|player|p1|Gimffy|ingo|1254\n|player|p2|Dix6|169|1157\n|teamsize|p1|6\n|teamsize|p2|6\n|gen|9\n|tier|[Gen 9] VGC 2025 Reg I (Bo3)\n|rated|\n|rule|Species Clause: Limit one of each Pok\u00e9mon\n|rule|Item Clause: Limit 1 of each item\n|clearpoke\n|poke|p1|Koraidon, L50|\n|poke|p1|Lunala, L50|\n|poke|p1|Flutter Mane, L50|\n|poke|p1|Chi-Yu, L50|\n|poke|p1|Brute Bonnet, L50|\n|poke|p1|Ursaluna, L50, F|\n|poke|p2|Koraidon, L50|\n|poke|p2|Ho-Oh, L50|\n|poke|p2|Incineroar, L50, F|\n|poke|p2|Rillaboom, L50, M|\n|poke|p2|Walking Wake, L50|\n|poke|p2|Flutter Mane, L50|\n|teampreview|4\n|showteam|p1|Koraidon||ClearAmulet|OrichalcumPulse|CollisionCourse,FlareBlitz,FlameCharge,Protect||||||50|,,,,,Fire]Lunala||PowerHerb|ShadowShield|MoongeistBeam,MeteorBeam,WideGuard,TrickRoom||||||50|,,,,,Water]Flutter Mane||FocusSash|Protosynthesis|Moonblast,ShadowBall,IcyWind,Protect||||||50|,,,,,Fairy]Chi-Yu||ChoiceScarf|BeadsofRuin|DarkPulse,HeatWave,Overheat,Snarl||||||50|,,,,,Ghost]Brute Bonnet||RockyHelmet|Protosynthesis|RagePowder,Spore,SeedBomb,SuckerPunch||||||50|,,,,,Water]Ursaluna||FlameOrb|Guts|Facade,HeadlongRush,Earthquake,Protect|||F|||50|,,,,,Water\n|showteam|p2|Koraidon||LifeOrb|OrichalcumPulse|CloseCombat,FlareBlitz,DragonClaw,Protect||||||50|,,,,,Fire]Ho-Oh||ClearAmulet|Regenerator|BraveBird,SacredFire,Tailwind,Protect||||||50|,,,,,Electric]Incineroar||SafetyGoggles|Intimidate|KnockOff,WillOWisp,FakeOut,PartingShot|||F|||50|,,,,,Water]Rillaboom||AssaultVest|GrassySurge|WoodHammer,Uturn,GrassyGlide,FakeOut|||M|||50|,,,,,Fire]Walking Wake||CovertCloak|Protosynthesis|HydroSteam,DracoMeteor,Snarl,Protect||||||50|,,,,,Water]Flutter Mane||FocusSash|Protosynthesis|Moonblast,ShadowBall,IcyWind,Protect||||||50|,,,,,Normal\n|inactive|Battle timer is ON: inactive players will automatically lose when time's up. (requested by Gimffy)\n|inactive|Dix6 has 60 seconds left.\n|\n|t:|1746126597\n|start\n|switch|p1a: Bruce Wane|Lunala, L50|100/100\n|switch|p1b: Imposter|Brute Bonnet, L50|100/100\n|switch|p2a: Koraidon|Koraidon, L50|100/100\n|switch|p2b: Flutter Mane|Flutter Mane, L50|100/100\n|-weather|SunnyDay|[from] ability: Orichalcum Pulse|[of] p2a: Koraidon\n|-activate|p2b: Flutter Mane|ability: Protosynthesis\n|-start|p2b: Flutter Mane|protosynthesisspe\n|-activate|p1b: Imposter|ability: Protosynthesis\n|-start|p1b: Imposter|protosynthesisdef\n|-activate|p2a: Koraidon|Orichalcum Pulse|[source]\n|turn|1\n|\n|t:|1746126621\n|-terastallize|p2a: Koraidon|Fire\n|-terastallize|p1b: Imposter|Water\n|move|p1b: Imposter|Rage Powder|p1b: Imposter\n|-singleturn|p1b: Imposter|move: Rage Powder\n|move|p2b: Flutter Mane|Moonblast|p1b: Imposter\n|-damage|p1b: Imposter|61/100\n|move|p2a: Koraidon|Flare Blitz|p1b: Imposter\n|-resisted|p1b: Imposter\n|-damage|p1b: Imposter|18/100\n|-damage|p2a: Koraidon|84/100|[from] item: Rocky Helmet|[of] p1b: Imposter\n|-damage|p2a: Koraidon|67/100|[from] Recoil\n|-damage|p2a: Koraidon|57/100|[from] item: Life Orb\n|move|p1a: Bruce Wane|Trick Room|p1a: Bruce Wane\n|-fieldstart|move: Trick Room|[of] p1a: Bruce Wane\n|\n|-weather|SunnyDay|[upkeep]\n|upkeep\n|turn|2\n|\n|t:|1746126644\n|move|p2a: Koraidon|Protect|p2a: Koraidon\n|-singleturn|p2a: Koraidon|Protect\n|move|p2b: Flutter Mane|Protect|p2b: Flutter Mane\n|-singleturn|p2b: Flutter Mane|Protect\n|move|p1b: Imposter|Spore|p2b: Flutter Mane\n|-activate|p2b: Flutter Mane|move: Protect\n|move|p1a: Bruce Wane|Meteor Beam||[still]\n|-prepare|p1a: Bruce Wane|Meteor Beam\n|-boost|p1a: Bruce Wane|spa|1\n|-enditem|p1a: Bruce Wane|Power Herb\n|-anim|p1a: Bruce Wane|Meteor Beam|p2a: Koraidon\n|-activate|p2a: Koraidon|move: Protect\n|\n|-weather|SunnyDay|[upkeep]\n|upkeep\n|turn|3\n|\n|t:|1746126662\n|-end|p2b: Flutter Mane|Protosynthesis|[silent]\n|switch|p2b: Ho-Oh|Ho-Oh, L50|100/100\n|move|p1b: Imposter|Spore|p2b: Ho-Oh\n|-status|p2b: Ho-Oh|slp|[from] move: Spore\n|move|p1a: Bruce Wane|Moongeist Beam|p2a: Koraidon\n|-damage|p2a: Koraidon|0 fnt\n|faint|p2a: Koraidon\n|\n|-weather|SunnyDay|[upkeep]\n|upkeep\n|\n|t:|1746126686\n|switch|p2a: Walking Wake|Walking Wake, L50|100/100\n|-activate|p2a: Walking Wake|ability: Protosynthesis\n|-start|p2a: Walking Wake|protosynthesisspe\n|turn|4\n|\n|t:|1746126699\n|move|p1b: Imposter|Spore|p2a: Walking Wake\n|-status|p2a: Walking Wake|slp|[from] move: Spore\n|move|p1a: Bruce Wane|Moongeist Beam|p2b: Ho-Oh\n|-damage|p2b: Ho-Oh|49/100 slp\n|cant|p2b: Ho-Oh|slp\n|cant|p2a: Walking Wake|slp\n|\n|-weather|SunnyDay|[upkeep]\n|upkeep\n|turn|5\n|\n|t:|1746126718\n|switch|p2b: Flutter Mane|Flutter Mane, L50|100/100\n|-activate|p2b: Flutter Mane|ability: Protosynthesis\n|-start|p2b: Flutter Mane|protosynthesisspe\n|move|p1b: Imposter|Seed Bomb|p2a: Walking Wake\n|-damage|p2a: Walking Wake|69/100 slp\n|move|p1a: Bruce Wane|Moongeist Beam|p2b: Flutter Mane\n|-supereffective|p2b: Flutter Mane\n|-enditem|p2b: Flutter Mane|Focus Sash\n|-damage|p2b: Flutter Mane|1/100\n|cant|p2a: Walking Wake|slp\n|\n|-weather|none\n|-end|p1b: Imposter|Protosynthesis\n|-end|p2a: Walking Wake|Protosynthesis\n|-end|p2b: Flutter Mane|Protosynthesis\n|-fieldend|move: Trick Room\n|upkeep\n|turn|6\n|\n|t:|1746126741\n|move|p1b: Imposter|Sucker Punch|p2b: Flutter Mane\n|-damage|p2b: Flutter Mane|0 fnt\n|faint|p2b: Flutter Mane\n|-end|p2b: Flutter Mane|Protosynthesis|[silent]\n|-curestatus|p2a: Walking Wake|slp|[msg]\n|move|p2a: Walking Wake|Snarl|p1a: Bruce Wane|[spread] p1a,p1b\n|-supereffective|p1a: Bruce Wane\n|-damage|p1a: Bruce Wane|83/100\n|-damage|p1b: Imposter|9/100\n|-unboost|p1a: Bruce Wane|spa|1\n|-unboost|p1b: Imposter|spa|1\n|move|p1a: Bruce Wane|Moongeist Beam|p2a: Walking Wake\n|-damage|p2a: Walking Wake|11/100\n|\n|upkeep\n|\n|t:|1746126755\n|switch|p2b: Ho-Oh|Ho-Oh, L50|83/100 slp\n|turn|7\n|\n|t:|1746126766\n|move|p2a: Walking Wake|Protect|p2a: Walking Wake\n|-singleturn|p2a: Walking Wake|Protect\n|move|p1b: Imposter|Sucker Punch||[still]\n|-fail|p1b: Imposter\n|-curestatus|p2b: Ho-Oh|slp|[msg]\n|move|p2b: Ho-Oh|Brave Bird|p1b: Imposter\n|-damage|p1b: Imposter|0 fnt\n|-damage|p2b: Ho-Oh|66/100|[from] item: Rocky Helmet|[of] p1b: Imposter\n|faint|p1b: Imposter\n|-end|p1b: Imposter|Protosynthesis|[silent]\n|-damage|p2b: Ho-Oh|63/100|[from] Recoil\n|move|p1a: Bruce Wane|Meteor Beam||[still]\n|-prepare|p1a: Bruce Wane|Meteor Beam\n|-boost|p1a: Bruce Wane|spa|1\n|\n|upkeep\n|\n|t:|1746126773\n|switch|p1b: Akira|Koraidon, L50|100/100\n|-weather|SunnyDay|[from] ability: Orichalcum Pulse|[of] p1b: Akira\n|-activate|p2a: Walking Wake|ability: Protosynthesis\n|-start|p2a: Walking Wake|protosynthesisspe\n|-activate|p1b: Akira|Orichalcum Pulse|[source]\n|turn|8\n|inactive|Dix6 has 30 seconds left.\n|\n|t:|1746126800\n|move|p2a: Walking Wake|Hydro Steam|p1a: Bruce Wane\n|-damage|p1a: Bruce Wane|43/100\n|move|p1b: Akira|Collision Course|p2a: Walking Wake\n|-damage|p2a: Walking Wake|0 fnt\n|faint|p2a: Walking Wake\n|-end|p2a: Walking Wake|Protosynthesis|[silent]\n|move|p2b: Ho-Oh|Sacred Fire|p1a: Bruce Wane\n|-damage|p1a: Bruce Wane|0 fnt\n|faint|p1a: Bruce Wane\n|\n|-weather|SunnyDay|[upkeep]\n|upkeep\n|\n|t:|1746126809\n|switch|p1a: Freddy Fazbear|Ursaluna, L50, F|100/100\n|turn|9\n|\n|t:|1746126820\n|move|p1b: Akira|Flare Blitz|p2b: Ho-Oh\n|-resisted|p2b: Ho-Oh\n|-damage|p2b: Ho-Oh|29/100\n|-damage|p1b: Akira|87/100|[from] Recoil\n|move|p2b: Ho-Oh|Brave Bird|p1b: Akira\n|-supereffective|p1b: Akira\n|-damage|p1b: Akira|0 fnt\n|faint|p1b: Akira\n|-damage|p2b: Ho-Oh|6/100|[from] Recoil\n|move|p1a: Freddy Fazbear|Facade|p2b: Ho-Oh\n|-damage|p2b: Ho-Oh|0 fnt\n|faint|p2b: Ho-Oh\n|\n|win|Gimffy\n|inactive|Gimffy has 30 seconds to confirm battle start!\n|inactive|Dix6 has 30 seconds to confirm battle start!\n||Gimffy is ready for game 2.\n|l|\u2606Dix6\n|player|p2|\n||Dix6 is ready for game 2.\n|uhtml|next|Next: <a href=\"/battle-gen9vgc2025regibo3-2354868318\"><strong>Game 2 of 3</strong></a>\n", "uploadtime": 1746126998, "views": 9, "formatid": "gen9vgc2025regibo3", "rating": null, "private": 0, "password": null}