{"id": "gen9vgc2025regibo3-2353794430", "format": "[Gen 9] VGC 2025 Reg I (Bo3)", "players": ["zisar", "Pen makaveli"], "log": "|j|\u2606zisar\n|j|\u2606Pen makaveli\n|html|<table width=\"100%\"><tr><td align=\"left\">zisar</td><td align=\"right\">Pen makaveli</tr><tr><td align=\"left\"><i class=\"fa fa-circle-o\"></i> <i class=\"fa fa-circle-o\"></i> </td><td align=\"right\"><i class=\"fa fa-circle-o\"></i> <i class=\"fa fa-circle-o\"></i> </tr></table>\n|uhtml|bestof|<h2><strong>Game 1</strong> of <a href=\"/game-bestof3-gen9vgc2025regibo3-2353794429\">a best-of-3</a></h2>\n|t:|1746001097\n|gametype|doubles\n|player|p1|zisar|blue|1191\n|player|p2|Pen makaveli|marshal|1109\n|teamsize|p1|6\n|teamsize|p2|6\n|gen|9\n|tier|[Gen 9] VGC 2025 Reg I (Bo3)\n|rated|\n|rule|Species Clause: Limit one of each Pok\u00e9mon\n|rule|Item Clause: Limit 1 of each item\n|clearpoke\n|poke|p1|Terapagos, L50, M|\n|poke|p1|Ho-Oh, L50|\n|poke|p1|Rillaboom, L50, F|\n|poke|p1|Raging Bolt, L50|\n|poke|p1|Basculegion, L50, M|\n|poke|p1|Iron Valiant, L50|\n|poke|p2|Sneasler, L50, F|\n|poke|p2|Calyrex-Shadow, L50|\n|poke|p2|Dondozo, L50, M|\n|poke|p2|Tatsugiri-Droopy, L50, M|\n|poke|p2|Chi-Yu, L50|\n|poke|p2|Miraidon, L50|\n|teampreview|4\n|showteam|p1|Terapagos||Leftovers|TeraShift|TeraStarstorm,EarthPower,CalmMind,Protect|||M|||50|,,,,,Stellar]Ho-Oh||RockyHelmet|Regenerator|SacredFire,BraveBird,Tailwind,Protect||||||50|,,,,,Grass]Rillaboom||AssaultVest|GrassySurge|HighHorsepower,GrassyGlide,WoodHammer,FakeOut|||F|||50|,,,,,Fire]Raging Bolt||BoosterEnergy|Protosynthesis|Thunderbolt,Thunderclap,DracoMeteor,Protect||||||50|,,,,,Electric]Basculegion||ChoiceScarf|Adaptability|LastRespects,WaveCrash,AquaJet,FlipTurn|||M|||50|,,,,,Water]Iron Valiant||FocusSash|QuarkDrive|Protect,CloseCombat,Encore,SpiritBreak||||||50|,,,,,Ghost\n|showteam|p2|Sneasler||ElectricSeed|Unburden|CloseCombat,DireClaw,ToxicSpikes,FakeOut|||F|||50|,,,,,Dark]Calyrex-Shadow||LifeOrb|AsOneSpectrier|AstralBarrage,Psychic,Encore,Protect||||||50|,,,,,Dark]Dondozo||Leftovers|Unaware|Earthquake,BodyPress,OrderUp,Protect|||M|||50|,,,,,Grass]Tatsugiri-Droopy||FocusSash|Commander|DracoMeteor,MuddyWater,HelpingHand,Protect|||M|||50|,,,,,Stellar]Chi-Yu||ChoiceScarf|BeadsofRuin|Overheat,HeatWave,ScaryFace,Snarl||||||50|,,,,,Ghost]Miraidon||AssaultVest|HadronEngine|ElectroDrift,DracoMeteor,DazzlingGleam,VoltSwitch||||||50|,,,,,Fairy\n|inactive|Battle timer is ON: inactive players will automatically lose when time's up. (requested by zisar)\n|inactive|zisar has 60 seconds left.\n|inactive|Pen makaveli has 60 seconds left.\n|\n|t:|1746001153\n|start\n|switch|p1a: Ho-Oh|Ho-Oh, L50, shiny|100/100\n|switch|p1b: Raging Bolt|Raging Bolt, L50|100/100\n|switch|p2a: Sneasler|Sneasler, L50, F, shiny|100/100\n|switch|p2b: Calyrex|Calyrex-Shadow, L50|100/100\n|-ability|p2b: Calyrex|As One\n|-ability|p2b: Calyrex|Unnerve\n|-enditem|p1b: Raging Bolt|Booster Energy\n|-activate|p1b: Raging Bolt|ability: Protosynthesis|[fromitem]\n|-start|p1b: Raging Bolt|protosynthesisspa\n|turn|1\n|inactive|Pen makaveli has 30 seconds left.\n|inactive|Pen makaveli has 20 seconds left.\n|\n|t:|1746001190\n|move|p2a: Sneasler|Fake Out|p1a: Ho-Oh\n|-crit|p1a: Ho-Oh\n|-damage|p1a: Ho-Oh|80/100\n|-damage|p2a: Sneasler|84/100|[from] item: Rocky Helmet|[of] p1a: Ho-Oh\n|move|p2b: Calyrex|Astral Barrage|p1a: Ho-Oh|[spread] p1a,p1b\n|-crit|p1b: Raging Bolt\n|-damage|p1a: Ho-Oh|43/100\n|-damage|p1b: Raging Bolt|13/100\n|-damage|p2b: Calyrex|91/100|[from] item: Life Orb\n|cant|p1a: Ho-Oh|flinch\n|move|p1b: Raging Bolt|Thunderbolt|p2b: Calyrex\n|-damage|p2b: Calyrex|24/100\n|\n|upkeep\n|turn|2\n|\n|t:|1746001213\n|move|p1b: Raging Bolt|Thunderclap|p2b: Calyrex\n|-damage|p2b: Calyrex|0 fnt\n|faint|p2b: Calyrex\n|move|p2a: Sneasler|Toxic Spikes|p1b: Raging Bolt\n|-sidestart|p1: zisar|move: Toxic Spikes\n|move|p1a: Ho-Oh|Tailwind|p1a: Ho-Oh\n|-sidestart|p1: zisar|move: Tailwind\n|\n|upkeep\n|\n|t:|1746001225\n|switch|p2b: Chi-Yu|Chi-Yu, L50|100/100\n|-ability|p2b: Chi-Yu|Beads of Ruin\n|turn|3\n|\n|t:|1746001243\n|switch|p2b: Miraidon|Miraidon, L50|100/100\n|-fieldstart|move: Electric Terrain|[from] ability: Hadron Engine|[of] p2b: Miraidon\n|-enditem|p2a: Sneasler|Electric Seed\n|-boost|p2a: Sneasler|def|1|[from] item: Electric Seed\n|move|p1b: Raging Bolt|Thunderclap||[still]\n|-fail|p1b: Raging Bolt\n|move|p2a: Sneasler|Dire Claw|p1a: Ho-Oh\n|-damage|p1a: Ho-Oh|7/100\n|-damage|p2a: Sneasler|68/100|[from] item: Rocky Helmet|[of] p1a: Ho-Oh\n|move|p1a: Ho-Oh|Brave Bird|p2a: Sneasler\n|-supereffective|p2a: Sneasler\n|-damage|p2a: Sneasler|0 fnt\n|faint|p2a: Sneasler\n|-damage|p1a: Ho-Oh|0 fnt|[from] Recoil\n|faint|p1a: Ho-Oh\n|\n|upkeep\n|\n|t:|1746001266\n|switch|p2a: Chi-Yu|Chi-Yu, L50|100/100\n|switch|p1a: Terapagos|Terapagos, L50, M|100/100\n|-activate|p1a: Terapagos|ability: Tera Shift\n|detailschange|p1a: Terapagos|Terapagos-Terastal, L50, M\n|-heal|p1a: Terapagos|100/100|[silent]\n|-ability|p2a: Chi-Yu|Beads of Ruin\n|-status|p1a: Terapagos|psn\n|turn|4\n|\n|t:|1746001282\n|-terastallize|p1a: Terapagos|Stellar\n|detailschange|p1a: Terapagos|Terapagos-Stellar, L50, M, tera:Stellar\n|-heal|p1a: Terapagos|100/100 psn|[silent]\n|-ability|p1a: Terapagos|Teraform Zero\n|-fieldend|move: Electric Terrain\n|move|p1b: Raging Bolt|Thunderclap|p2a: Chi-Yu\n|-damage|p2a: Chi-Yu|41/100\n|move|p2a: Chi-Yu|Snarl|p1a: Terapagos|[spread] p1a,p1b\n|-damage|p1a: Terapagos|78/100 psn\n|-damage|p1b: Raging Bolt|0 fnt\n|-unboost|p1a: Terapagos|spa|1\n|faint|p1b: Raging Bolt\n|-end|p1b: Raging Bolt|Protosynthesis|[silent]\n|move|p1a: Terapagos|Calm Mind|p1a: Terapagos\n|-boost|p1a: Terapagos|spa|1\n|-boost|p1a: Terapagos|spd|1\n|move|p2b: Miraidon|Electro Drift|p1a: Terapagos\n|-damage|p1a: Terapagos|44/100 psn\n|\n|-heal|p1a: Terapagos|51/100 psn|[from] item: Leftovers\n|-damage|p1a: Terapagos|38/100 psn|[from] psn\n|upkeep\n|\n|t:|1746001306\n|switch|p1b: Basculegion|Basculegion, L50, M|100/100\n|-status|p1b: Basculegion|psn\n|turn|5\n|\n|t:|1746001323\n|move|p1b: Basculegion|Last Respects|p2b: Miraidon\n|-damage|p2b: Miraidon|12/100\n|move|p2a: Chi-Yu|Snarl|p1a: Terapagos|[spread] p1a,p1b\n|-supereffective|p1b: Basculegion\n|-damage|p1a: Terapagos|25/100 psn\n|-damage|p1b: Basculegion|33/100 psn\n|-unboost|p1a: Terapagos|spa|1\n|-unboost|p1b: Basculegion|spa|1\n|move|p1a: Terapagos|Tera Starstorm|p2a: Chi-Yu|[spread] p2a,p2b\n|-damage|p2a: Chi-Yu|13/100\n|-damage|p2b: Miraidon|0 fnt\n|faint|p2b: Miraidon\n|\n|-heal|p1a: Terapagos|32/100 psn|[from] item: Leftovers\n|-damage|p1b: Basculegion|20/100 psn|[from] psn\n|-damage|p1a: Terapagos|19/100 psn|[from] psn\n|-sideend|p1: zisar|move: Tailwind\n|upkeep\n|turn|6\n|\n|t:|1746001339\n|move|p2a: Chi-Yu|Snarl|p1b: Basculegion|[spread] p1a,p1b\n|-supereffective|p1b: Basculegion\n|-damage|p1a: Terapagos|5/100 psn\n|-damage|p1b: Basculegion|0 fnt\n|-unboost|p1a: Terapagos|spa|1\n|faint|p1b: Basculegion\n|move|p1a: Terapagos|Earth Power|p2a: Chi-Yu\n|-supereffective|p2a: Chi-Yu\n|-damage|p2a: Chi-Yu|0 fnt\n|faint|p2a: Chi-Yu\n|\n|win|zisar\n|inactive|zisar has 30 seconds to confirm battle start!\n|inactive|Pen makaveli has 30 seconds to confirm battle start!\n||Pen makaveli is ready for game 2.\n||zisar is ready for game 2.\n|uhtml|next|Next: <a href=\"/battle-gen9vgc2025regibo3-2353795927\"><strong>Game 2 of 3</strong></a>\n", "uploadtime": 1746001718, "views": 9, "formatid": "gen9vgc2025regibo3", "rating": null, "private": 0, "password": null}