{"id": "gen9vgc2025regibo3-2353380428", "format": "[Gen 9] VGC 2025 Reg I (Bo3)", "players": ["Solunex", "tryson69"], "log": "|j|\u203dSolunex\n|j|\u2606tryson69\n|html|<table width=\"100%\"><tr><td align=\"left\">Solunex</td><td align=\"right\">tryson69</tr><tr><td align=\"left\"><i class=\"fa fa-circle\"></i> <i class=\"fa fa-circle-o\"></i> </td><td align=\"right\"><i class=\"fa fa-circle-o\"></i> <i class=\"fa fa-circle\"></i> </tr></table>\n|uhtml|bestof|<h2><strong>Game 3</strong> of <a href=\"/game-bestof3-gen9vgc2025regibo3-2353376332\">a best-of-3</a></h2>\n|t:|1745950980\n|gametype|doubles\n|player|p1|Solunex|2|1168\n|player|p2|tryson69|1|1071\n|teamsize|p1|6\n|teamsize|p2|6\n|gen|9\n|tier|[Gen 9] VGC 2025 Reg I (Bo3)\n|rated|\n|rule|Species Clause: Limit one of each Pok\u00e9mon\n|rule|Item Clause: Limit 1 of each item\n|clearpoke\n|poke|p1|Tornadus, L50, M|\n|poke|p1|Kyogre, L50|\n|poke|p1|Zacian-*, L50|\n|poke|p1|Amoonguss, L50, F|\n|poke|p1|Urshifu-*, L50, F|\n|poke|p1|Incineroar, L50, M|\n|poke|p2|Lunala, L50|\n|poke|p2|Koraidon, L50|\n|poke|p2|Grimmsnarl, L50, M|\n|poke|p2|Sneasler, L50, M|\n|poke|p2|Flutter Mane, L50|\n|poke|p2|Ogerpon-Wellspring, L50, F|\n|teampreview|4\n|showteam|p1|Tornadus||FocusSash|Prankster|Hurricane,IcyWind,Tailwind,Protect|||M|||50|,,,,,Dark]Kyogre||MysticWater|Drizzle|WaterSpout,OriginPulse,IceBeam,Protect||||||50|,,,,,Grass]Zacian-Crowned||RustedSword|IntrepidSword|behemothblade,PlayRough,Crunch,Protect||||||50|,,,,,Dragon]Amoonguss||RockyHelmet|EffectSpore|PollenPuff,Spore,RagePowder,Protect|||F|||50|,,,,,Water]Urshifu-Rapid-Strike||ChoiceScarf|UnseenFist|SurgingStrikes,CloseCombat,Coaching,Uturn|||F|||50|,,,,,Ghost]Incineroar||AssaultVest|Intimidate|FlareBlitz,KnockOff,FakeOut,Uturn|||M|||50|,,,,,Ghost\n|showteam|p2|Lunala||PowerHerb|ShadowShield|MoongeistBeam,MeteorBeam,WideGuard,DazzlingGleam||||||50|,,,,,Fairy]Koraidon||ClearAmulet|OrichalcumPulse|CollisionCourse,FlareBlitz,FlameCharge,Protect||||||50|,,,,,Fire]Grimmsnarl||LightClay|Prankster|LightScreen,Reflect,SpiritBreak,ThunderWave|||M|||50|,,,,,Ghost]Sneasler||FocusSash|Unburden|CloseCombat,FakeOut,DireClaw,Protect|||M|||50|,,,,,Fighting]Flutter Mane||EjectButton|Protosynthesis|Moonblast,ShadowBall,IcyWind,Protect||||||50|,,,,,Fairy]Ogerpon-Wellspring||WellspringMask|WaterAbsorb|IvyCudgel,HornLeech,FollowMe,SpikyShield|||F|||50|,,,,,Water\n|inactive|Battle timer is ON: inactive players will automatically lose when time's up. (requested by Solunex)\n|\n|t:|1745951010\n|start\n|switch|p1a: Tornadus|Tornadus, L50, M|100/100\n|switch|p1b: Kyogre|Kyogre, L50|100/100\n|switch|p2a: Grimmsnarl|Grimmsnarl, L50, M|100/100\n|switch|p2b: Koraidon|Koraidon, L50|100/100\n|-weather|SunnyDay|[from] ability: Orichalcum Pulse|[of] p2b: Koraidon\n|-activate|p2b: Koraidon|Orichalcum Pulse|[source]\n|-weather|RainDance|[from] ability: Drizzle|[of] p1b: Kyogre\n|turn|1\n|\n|t:|1745951029\n|move|p1a: Tornadus|Tailwind|p1a: Tornadus\n|-sidestart|p1: Solunex|move: Tailwind\n|move|p2a: Grimmsnarl|Thunder Wave|p1b: Kyogre\n|-status|p1b: Kyogre|par\n|move|p2b: Koraidon|Collision Course|p1b: Kyogre\n|-damage|p1b: Kyogre|40/100 par\n|cant|p1b: Kyogre|par\n|\n|-weather|RainDance|[upkeep]\n|upkeep\n|turn|2\n|\n|t:|1745951053\n|move|p2a: Grimmsnarl|Light Screen|p2a: Grimmsnarl\n|-sidestart|p2: tryson69|move: Light Screen\n|move|p1a: Tornadus|Hurricane|p2b: Koraidon\n|-supereffective|p2b: Koraidon\n|-damage|p2b: Koraidon|34/100\n|move|p2b: Koraidon|Collision Course|p1b: Kyogre\n|-damage|p1b: Kyogre|0 fnt\n|faint|p1b: Kyogre\n|\n|-weather|RainDance|[upkeep]\n|upkeep\n|\n|t:|1745951063\n|switch|p1b: Zacian|Zacian-Crowned, L50|100/100\n|-ability|p1b: Zacian|Intrepid Sword|boost\n|-boost|p1b: Zacian|atk|1\n|turn|3\n|\n|t:|1745951074\n|-terastallize|p2a: Grimmsnarl|Ghost\n|move|p2b: Koraidon|Protect|p2b: Koraidon\n|-singleturn|p2b: Koraidon|Protect\n|move|p2a: Grimmsnarl|Thunder Wave|p1b: Zacian\n|-status|p1b: Zacian|par\n|move|p1a: Tornadus|Hurricane|p2b: Koraidon\n|-activate|p2b: Koraidon|move: Protect\n|move|p1b: Zacian|Behemoth Blade|p2a: Grimmsnarl\n|-damage|p2a: Grimmsnarl|13/100\n|\n|-weather|RainDance|[upkeep]\n|upkeep\n|turn|4\n|inactive|Solunex has 30 seconds left.\n|\n|t:|1745951108\n|switch|p2b: Sneasler|Sneasler, L50, M|100/100\n|-terastallize|p1a: Tornadus|Dark\n|move|p2a: Grimmsnarl|Thunder Wave|p1a: Tornadus\n|-hint|Since gen 7, Dark is immune to Prankster moves.\n|-immune|p1a: Tornadus\n|move|p1a: Tornadus|Hurricane|p2b: Sneasler\n|-supereffective|p2b: Sneasler\n|-enditem|p2b: Sneasler|Focus Sash\n|-damage|p2b: Sneasler|1/100\n|move|p1b: Zacian|Behemoth Blade|p2a: Grimmsnarl\n|-damage|p2a: Grimmsnarl|0 fnt\n|faint|p2a: Grimmsnarl\n|\n|-weather|RainDance|[upkeep]\n|-sideend|p1: Solunex|move: Tailwind\n|upkeep\n|\n|t:|1745951114\n|switch|p2a: Koraidon|Koraidon, L50|34/100\n|-weather|SunnyDay|[from] ability: Orichalcum Pulse|[of] p2a: Koraidon\n|-activate|p2a: Koraidon|Orichalcum Pulse|[source]\n|turn|5\n|\n|t:|1745951131\n|move|p1a: Tornadus|Protect|p1a: Tornadus\n|-singleturn|p1a: Tornadus|Protect\n|move|p1b: Zacian|Protect|p1b: Zacian\n|-singleturn|p1b: Zacian|Protect\n|move|p2b: Sneasler|Fake Out|p1a: Tornadus\n|-activate|p1a: Tornadus|move: Protect\n|move|p2a: Koraidon|Collision Course|p1a: Tornadus\n|-activate|p1a: Tornadus|move: Protect\n|\n|-weather|SunnyDay|[upkeep]\n|upkeep\n|turn|6\n|\n|t:|1745951150\n|move|p2b: Sneasler|Close Combat|p1a: Tornadus\n|-supereffective|p1a: Tornadus\n|-enditem|p1a: Tornadus|Focus Sash\n|-damage|p1a: Tornadus|1/100\n|-unboost|p2b: Sneasler|def|1\n|-unboost|p2b: Sneasler|spd|1\n|move|p2a: Koraidon|Flare Blitz|p1b: Zacian\n|-supereffective|p1b: Zacian\n|-damage|p1b: Zacian|0 fnt\n|faint|p1b: Zacian\n|-damage|p2a: Koraidon|5/100|[from] Recoil\n|move|p1a: Tornadus|Icy Wind|p2b: Sneasler|[spread] p2a,p2b\n|-supereffective|p2a: Koraidon\n|-damage|p2a: Koraidon|0 fnt\n|-damage|p2b: Sneasler|0 fnt\n|faint|p2a: Koraidon\n|faint|p2b: Sneasler\n|\n|-weather|SunnyDay|[upkeep]\n|upkeep\n|\n|t:|1745951171\n|switch|p1b: Urshifu|Urshifu-Rapid-Strike, L50, F|100/100\n|switch|p2b: Ogerpon|Ogerpon-Wellspring, L50, F|100/100\n|turn|7\n|inactive|Solunex has 30 seconds left.\n|\n|t:|1745951199\n|move|p1b: Urshifu|Close Combat|p2b: Ogerpon\n|-damage|p2b: Ogerpon|28/100\n|-unboost|p1b: Urshifu|def|1\n|-unboost|p1b: Urshifu|spd|1\n|move|p1a: Tornadus|Hurricane|p2b: Ogerpon|[miss]\n|-miss|p1a: Tornadus|p2b: Ogerpon\n|move|p2b: Ogerpon|Ivy Cudgel|p1a: Tornadus|[anim] Ivy Cudgel Water\n|-damage|p1a: Tornadus|0 fnt\n|faint|p1a: Tornadus\n|\n|-weather|SunnyDay|[upkeep]\n|upkeep\n|turn|8\n|\n|t:|1745951207\n|move|p1b: Urshifu|Close Combat|p2b: Ogerpon\n|-damage|p2b: Ogerpon|0 fnt\n|-unboost|p1b: Urshifu|def|1\n|-unboost|p1b: Urshifu|spd|1\n|faint|p2b: Ogerpon\n|\n|win|Solunex\n|raw|Solunex's rating: 1168 &rarr; <strong>1186</strong><br />(+18 for winning)\n|raw|tryson69's rating: 1071 &rarr; <strong>1056</strong><br />(-15 for losing)\n", "uploadtime": 1745951209, "views": 8, "formatid": "gen9vgc2025regibo3", "rating": 1056, "private": 0, "password": null}