{"id": "gen9vgc2025regibo3-2354445965", "format": "[Gen 9] VGC 2025 Reg I (Bo3)", "players": ["byebyebirdie1", "The Final Don"], "log": "|j|\u2606byebyebirdie1\n|j|\u2606The Final Don\n|html|<table width=\"100%\"><tr><td align=\"left\">byebyebirdie1</td><td align=\"right\">The Final Don</tr><tr><td align=\"left\"><i class=\"fa fa-circle\"></i> <i class=\"fa fa-circle-o\"></i> </td><td align=\"right\"><i class=\"fa fa-circle-o\"></i> <i class=\"fa fa-circle-o\"></i> </tr></table>\n|uhtml|bestof|<h2><strong>Game 2</strong> of <a href=\"/game-bestof3-gen9vgc2025regibo3-2354445041\">a best-of-3</a></h2>\n|t:|1746072791\n|gametype|doubles\n|player|p1|byebyebirdie1|169|1317\n|player|p2|The Final Don|miku-fairy|1281\n|teamsize|p1|6\n|teamsize|p2|6\n|gen|9\n|tier|[Gen 9] VGC 2025 Reg I (Bo3)\n|rated|\n|rule|Species Clause: Limit one of each Pok\u00e9mon\n|rule|Item Clause: Limit 1 of each item\n|clearpoke\n|poke|p1|Calyrex-Shadow, L50|\n|poke|p1|Chien-Pao, L50|\n|poke|p1|Rillaboom, L50, M|\n|poke|p1|Zamazenta-*, L50|\n|poke|p1|Incineroar, L50, F|\n|poke|p1|Farigiraf, L50, F|\n|poke|p2|Groudon, L50|\n|poke|p2|Zacian-*, L50|\n|poke|p2|Chien-Pao, L50|\n|poke|p2|Entei, L50|\n|poke|p2|Raging Bolt, L50|\n|poke|p2|Walking Wake, L50|\n|teampreview|4\n|showteam|p1|Calyrex-Shadow||CovertCloak|AsOneSpectrier|AstralBarrage,Protect,NastyPlot,DrainingKiss||||||50|,,,,,Fairy]Chien-Pao||FocusSash|SwordofRuin|IcicleCrash,ThroatChop,SuckerPunch,Protect||||||50|,,,,,Stellar]Rillaboom||AssaultVest|GrassySurge|WoodHammer,FakeOut,GrassyGlide,Uturn|||M|||50|,,,,,Fire]Zamazenta-Crowned||RustedShield|DauntlessShield|behemothbash,BodyPress,WideGuard,Protect||||||50|,,,,,Dragon]Incineroar||RockyHelmet|Intimidate|FakeOut,WillOWisp,PartingShot,KnockOff|||F|||50|,,,,,Bug]Farigiraf||SafetyGoggles|ArmorTail|TrickRoom,FoulPlay,Psychic,HelpingHand|||F|||50|,,,,,Water\n|showteam|p2|Groudon||ClearAmulet|Drought|PrecipiceBlades,HighHorsepower,HeatCrash,Protect||||||50|,,,,,Fire]Zacian-Crowned||RustedSword|IntrepidSword|behemothblade,PlayRough,SacredSword,Protect||||||50|,,,,,Fairy]Chien-Pao||FocusSash|SwordofRuin|SuckerPunch,ThroatChop,IceSpinner,Protect||||||50|,,,,,Ghost]Entei||ChoiceBand|InnerFocus|ExtremeSpeed,SacredFire,FlareBlitz,StoneEdge||||||50|,,,,,Normal]Raging Bolt||AssaultVest|Protosynthesis|Thunderclap,Thunderbolt,DracoMeteor,Electroweb||||||50|,,,,,Bug]Walking Wake||LifeOrb|Protosynthesis|HydroSteam,DragonPulse,Snarl,Protect||||||50|,,,,,Ghost\n|inactive|Battle timer is ON: inactive players will automatically lose when time's up. (requested by The Final Don)\n|\n|t:|1746072800\n|start\n|switch|p1a: Chien-Pao|Chien-Pao, L50|100/100\n|switch|p1b: Zamazenta|Zamazenta-Crowned, L50|100/100\n|switch|p2a: Groudon|Groudon, L50|100/100\n|switch|p2b: Zacian|Zacian-Crowned, L50|100/100\n|-ability|p2b: Zacian|Intrepid Sword|boost\n|-boost|p2b: Zacian|atk|1\n|-ability|p1a: Chien-Pao|Sword of Ruin\n|-ability|p1b: Zamazenta|Dauntless Shield|boost\n|-boost|p1b: Zamazenta|def|1\n|-weather|SunnyDay|[from] ability: Drought|[of] p2a: Groudon\n|turn|1\n|\n|t:|1746072821\n|-terastallize|p2a: Groudon|Fire\n|move|p1a: Chien-Pao|Protect|p1a: Chien-Pao\n|-singleturn|p1a: Chien-Pao|Protect\n|move|p1b: Zamazenta|Protect|p1b: Zamazenta\n|-singleturn|p1b: Zamazenta|Protect\n|move|p2b: Zacian|Sacred Sword|p1b: Zamazenta\n|-activate|p1b: Zamazenta|move: Protect\n|move|p2a: Groudon|Precipice Blades|p1b: Zamazenta|[spread] \n|-activate|p1a: Chien-Pao|move: Protect\n|-activate|p1b: Zamazenta|move: Protect\n|\n|-weather|SunnyDay|[upkeep]\n|upkeep\n|turn|2\n|inactive|byebyebirdie1 has 30 seconds left.\n|\n|t:|1746072849\n|switch|p1a: Incineroar|Incineroar, L50, F|100/100\n|-ability|p1a: Incineroar|Intimidate|boost\n|-fail|p2a: Groudon|unboost|[from] item: Clear Amulet|[of] p2a: Groudon\n|-unboost|p2b: Zacian|atk|1\n|-terastallize|p1b: Zamazenta|Dragon\n|move|p1b: Zamazenta|Wide Guard|p1b: Zamazenta\n|-singleturn|p1b: Zamazenta|Wide Guard\n|move|p2b: Zacian|Sacred Sword|p1b: Zamazenta\n|-damage|p1b: Zamazenta|81/100\n|move|p2a: Groudon|Precipice Blades|p1b: Zamazenta|[spread] \n|-activate|p1a: Incineroar|move: Wide Guard\n|-activate|p1b: Zamazenta|move: Wide Guard\n|\n|-weather|SunnyDay|[upkeep]\n|upkeep\n|turn|3\n|inactive|byebyebirdie1 has 30 seconds left.\n|inactive|byebyebirdie1 has 20 seconds left.\n|\n|t:|1746072889\n|move|p1a: Incineroar|Fake Out|p2b: Zacian\n|-resisted|p2b: Zacian\n|-damage|p2b: Zacian|96/100\n|cant|p2b: Zacian|flinch\n|move|p1b: Zamazenta|Body Press|p2a: Groudon\n|-damage|p2a: Groudon|53/100\n|move|p2a: Groudon|High Horsepower|p1a: Incineroar\n|-supereffective|p1a: Incineroar\n|-damage|p1a: Incineroar|10/100\n|-damage|p2a: Groudon|36/100|[from] item: Rocky Helmet|[of] p1a: Incineroar\n|\n|-weather|SunnyDay|[upkeep]\n|upkeep\n|turn|4\n|\n|t:|1746072914\n|move|p2b: Zacian|Protect|p2b: Zacian\n|-singleturn|p2b: Zacian|Protect\n|move|p1b: Zamazenta|Protect|p1b: Zamazenta\n|-singleturn|p1b: Zamazenta|Protect\n|move|p2a: Groudon|Precipice Blades|p1b: Zamazenta|[spread] p1a\n|-activate|p1b: Zamazenta|move: Protect\n|-supereffective|p1a: Incineroar\n|-damage|p1a: Incineroar|0 fnt\n|faint|p1a: Incineroar\n|\n|-weather|SunnyDay|[upkeep]\n|upkeep\n|\n|t:|1746072920\n|switch|p1a: Calyrex|Calyrex-Shadow, L50|100/100\n|-ability|p1a: Calyrex|As One\n|-ability|p1a: Calyrex|Unnerve\n|turn|5\n|\n|t:|1746072932\n|move|p1a: Calyrex|Astral Barrage|p2b: Zacian|[spread] p2a,p2b\n|-crit|p2a: Groudon\n|-damage|p2a: Groudon|0 fnt\n|-damage|p2b: Zacian|50/100\n|faint|p2a: Groudon\n|-ability|p1a: Calyrex|Grim Neigh|boost\n|-boost|p1a: Calyrex|spa|1\n|move|p2b: Zacian|Play Rough|p1b: Zamazenta\n|-supereffective|p1b: Zamazenta\n|-damage|p1b: Zamazenta|44/100\n|-unboost|p1b: Zamazenta|atk|1\n|move|p1b: Zamazenta|Body Press|p2b: Zacian\n|-damage|p2b: Zacian|0 fnt\n|faint|p2b: Zacian\n|\n|-weather|none\n|upkeep\n|\n|t:|1746072941\n|switch|p2b: Walking Wake|Walking Wake, L50|100/100\n|switch|p2a: Chien-Pao|Chien-Pao, L50|100/100\n|-ability|p2a: Chien-Pao|Sword of Ruin\n|turn|6\n|\n|t:|1746072961\n|move|p1a: Calyrex|Protect|p1a: Calyrex\n|-singleturn|p1a: Calyrex|Protect\n|move|p2a: Chien-Pao|Sucker Punch||[still]\n|-fail|p2a: Chien-Pao\n|move|p1b: Zamazenta|Body Press|p2b: Walking Wake\n|-damage|p2b: Walking Wake|0 fnt\n|faint|p2b: Walking Wake\n|-end|p2b: Walking Wake|Protosynthesis|[silent]\n|\n|upkeep\n|turn|7\n|-message|The Final Don forfeited.\n|raw|byebyebirdie1's rating: 1317 &rarr; <strong>1335</strong><br />(+18 for winning)\n|raw|The Final Don's rating: 1281 &rarr; <strong>1259</strong><br />(-22 for losing)\n|\n|win|byebyebirdie1\n|l|\u2606The Final Don\n|player|p2|\n|l|\u2606byebyebirdie1\n|player|p1|\n", "uploadtime": 1746072970, "views": 11, "formatid": "gen9vgc2025regibo3", "rating": 1259, "private": 0, "password": null}