{"id": "gen9vgc2025regibo3-2353942965", "format": "[Gen 9] VGC 2025 Reg I (Bo3)", "players": ["JackyN", "Edward0516"], "log": "|j|\u2606JackyN\n|j|\u2606Edward0516\n|html|<table width=\"100%\"><tr><td align=\"left\">JackyN</td><td align=\"right\">Edward0516</tr><tr><td align=\"left\"><i class=\"fa fa-circle\"></i> <i class=\"fa fa-circle-o\"></i> </td><td align=\"right\"><i class=\"fa fa-circle-o\"></i> <i class=\"fa fa-circle-o\"></i> </tr></table>\n|uhtml|bestof|<h2><strong>Game 2</strong> of <a href=\"/game-bestof3-gen9vgc2025regibo3-2353939986\">a best-of-3</a></h2>\n|t:|1746021211\n|gametype|doubles\n|player|p1|JackyN|265|\n|player|p2|Edward0516|red|\n|teamsize|p1|6\n|teamsize|p2|6\n|gen|9\n|tier|[Gen 9] VGC 2025 Reg I (Bo3)\n|rule|Species Clause: Limit one of each Pok\u00e9mon\n|rule|Item Clause: Limit 1 of each item\n|clearpoke\n|poke|p1|Zacian-*, L50|\n|poke|p1|Terapagos, L50, M|\n|poke|p1|Rillaboom, L50, M|\n|poke|p1|Ogerpon-Cornerstone, L50, F|\n|poke|p1|Pelipper, L50, M|\n|poke|p1|Urshifu-*, L50, M|\n|poke|p2|Charizard, L50, M|\n|poke|p2|Incineroar, L50, F|\n|poke|p2|Lunala, L50|\n|poke|p2|Ursaluna, L50, M|\n|poke|p2|Flutter Mane, L50|\n|poke|p2|Koraidon, L50|\n|teampreview|4\n|showteam|p1|Zacian-Crowned||RustedSword|IntrepidSword|behemothblade,PlayRough,SacredSword,Protect||||||50|,,,,,Fairy]Terapagos||Leftovers|TeraShift|TeraStarstorm,EarthPower,CalmMind,Protect|||M|||50|,,,,,Stellar]Rillaboom||AssaultVest|GrassySurge|GrassyGlide,FakeOut,DrumBeating,KnockOff|||M|||50|,,,,,Water]Ogerpon-Cornerstone||CornerstoneMask|Sturdy|IvyCudgel,HornLeech,FollowMe,SpikyShield|||F|||50|,,,,,Rock]Pelipper||FocusSash|Drizzle|Hurricane,Tailwind,Protect,WideGuard|||M|||50|,,,,,Grass]Urshifu-Rapid-Strike||ChoiceScarf|UnseenFist|SurgingStrikes,CloseCombat,AquaJet,Uturn|||M|||50|,,,,,Water\n|showteam|p2|Charizard||ChoiceScarf|SolarPower|HeatWave,WeatherBall,DragonPulse,BlastBurn|||M|||50|,,,,,Fire]Incineroar||SafetyGoggles|Intimidate|FakeOut,KnockOff,PartingShot,FlareBlitz|||F|||50|,,,,,Water]Lunala||PowerHerb|ShadowShield|MoongeistBeam,MeteorBeam,TrickRoom,WideGuard||||||50|,,,,,Water]Ursaluna||FlameOrb|Guts|HeadlongRush,Earthquake,Facade,Protect|||M|||50|,,,,,Ghost]Flutter Mane||ChoiceSpecs|Protosynthesis|Moonblast,ShadowBall,DazzlingGleam,IcyWind||||||50|,,,,,Normal]Koraidon||ChoiceBand|OrichalcumPulse|CloseCombat,FlareBlitz,DragonClaw,Uturn||||||50|,,,,,Fire\n|j| goodra168\n|inactive|Battle timer is ON: inactive players will automatically lose when time's up. (requested by Edward0516)\n|inactiveoff|Battle timer is now OFF.\n|inactive|Battle timer is ON: inactive players will automatically lose when time's up. (requested by Edward0516)\n|inactiveoff|Battle timer is now OFF.\n|\n|t:|1746021308\n|start\n|switch|p1a: Terapagos|Terapagos, L50, M|100/100\n|switch|p1b: Rillaboom|Rillaboom, L50, M|100/100\n|switch|p2a: Incineroar|Incineroar, L50, F, shiny|100/100\n|switch|p2b: Flutter Mane|Flutter Mane, L50|100/100\n|-activate|p1a: Terapagos|ability: Tera Shift\n|detailschange|p1a: Terapagos|Terapagos-Terastal, L50, M\n|-heal|p1a: Terapagos|100/100|[silent]\n|-fieldstart|move: Grassy Terrain|[from] ability: Grassy Surge|[of] p1b: Rillaboom\n|-ability|p2a: Incineroar|Intimidate|boost\n|-unboost|p1a: Terapagos|atk|1\n|-unboost|p1b: Rillaboom|atk|1\n|turn|1\n|\n|t:|1746021330\n|move|p1b: Rillaboom|Fake Out|p2a: Incineroar\n|-damage|p2a: Incineroar|93/100\n|cant|p2a: Incineroar|flinch\n|move|p2b: Flutter Mane|Dazzling Gleam|p1a: Terapagos|[spread] p1a,p1b\n|-activate|p1a: Terapagos|ability: Tera Shell\n|-resisted|p1a: Terapagos\n|-damage|p1a: Terapagos|80/100\n|-damage|p1b: Rillaboom|61/100\n|move|p1a: Terapagos|Calm Mind|p1a: Terapagos\n|-boost|p1a: Terapagos|spa|1\n|-boost|p1a: Terapagos|spd|1\n|\n|-heal|p1b: Rillaboom|67/100|[from] Grassy Terrain\n|-heal|p1a: Terapagos|86/100|[from] Grassy Terrain\n|-heal|p1a: Terapagos|93/100|[from] item: Leftovers\n|-heal|p2a: Incineroar|99/100|[from] Grassy Terrain\n|upkeep\n|turn|2\n|\n|t:|1746021375\n|-end|p2b: Flutter Mane|Protosynthesis|[silent]\n|switch|p2b: Koraidon|Koraidon, L50|100/100\n|-weather|SunnyDay|[from] ability: Orichalcum Pulse|[of] p2b: Koraidon\n|-activate|p2b: Koraidon|Orichalcum Pulse|[source]\n|switch|p1b: Pelipper|Pelipper, L50, M|100/100\n|-weather|RainDance|[from] ability: Drizzle|[of] p1b: Pelipper\n|move|p1a: Terapagos|Protect|p1a: Terapagos\n|-singleturn|p1a: Terapagos|Protect\n|move|p2a: Incineroar|Flare Blitz|p1b: Pelipper\n|-resisted|p1b: Pelipper\n|-damage|p1b: Pelipper|86/100\n|-status|p1b: Pelipper|brn\n|-damage|p2a: Incineroar|95/100|[from] Recoil\n|\n|-weather|RainDance|[upkeep]\n|-heal|p1a: Terapagos|99/100|[from] Grassy Terrain\n|-heal|p1a: Terapagos|100/100|[from] item: Leftovers\n|-heal|p2a: Incineroar|100/100|[from] Grassy Terrain\n|-damage|p1b: Pelipper|80/100 brn|[from] brn\n|upkeep\n|turn|3\n|inactive|Battle timer is ON: inactive players will automatically lose when time's up. (requested by Edward0516)\n|inactiveoff|Battle timer is now OFF.\n|\n|t:|1746021441\n|-terastallize|p2a: Incineroar|Water\n|move|p2b: Koraidon|U-turn|p1a: Terapagos\n|-activate|p1a: Terapagos|ability: Tera Shell\n|-resisted|p1a: Terapagos\n|-damage|p1a: Terapagos|87/100\n|\n|t:|1746021447\n|switch|p2b: Lunala|Lunala, L50|100/100|[from] U-turn\n|move|p1b: Pelipper|Hurricane|p2b: Lunala\n|-damage|p2b: Lunala|83/100\n|move|p1a: Terapagos|Tera Starstorm|p2b: Lunala\n|-immune|p2b: Lunala\n|move|p2a: Incineroar|Knock Off|p1b: Pelipper\n|-damage|p1b: Pelipper|31/100 brn\n|-enditem|p1b: Pelipper|Focus Sash|[from] move: Knock Off|[of] p2a: Incineroar\n|\n|-weather|RainDance|[upkeep]\n|-heal|p2b: Lunala|89/100|[from] Grassy Terrain\n|-heal|p1a: Terapagos|94/100|[from] Grassy Terrain\n|-heal|p1a: Terapagos|99/100|[from] item: Leftovers\n|-damage|p1b: Pelipper|25/100 brn|[from] brn\n|upkeep\n|turn|4\n|\n|t:|1746021486\n|switch|p1b: Rillaboom|Rillaboom, L50, M|67/100\n|switch|p2a: Flutter Mane|Flutter Mane, L50|100/100\n|move|p2b: Lunala|Moongeist Beam|p1b: Rillaboom\n|-damage|p1b: Rillaboom|18/100\n|move|p1a: Terapagos|Calm Mind|p1a: Terapagos\n|-boost|p1a: Terapagos|spa|1\n|-boost|p1a: Terapagos|spd|1\n|\n|-weather|RainDance|[upkeep]\n|-heal|p2b: Lunala|95/100|[from] Grassy Terrain\n|-heal|p1b: Rillaboom|24/100|[from] Grassy Terrain\n|-heal|p1a: Terapagos|100/100|[from] Grassy Terrain\n|upkeep\n|turn|5\n|inactive|Battle timer is ON: inactive players will automatically lose when time's up. (requested by Edward0516)\n|\n|t:|1746021551\n|switch|p2b: Incineroar|Incineroar, L50, F, shiny, tera:Water|100/100\n|-ability|p2b: Incineroar|Intimidate|boost\n|-unboost|p1a: Terapagos|atk|1\n|-unboost|p1b: Rillaboom|atk|1\n|move|p2a: Flutter Mane|Dazzling Gleam|p1b: Rillaboom|[spread] p1a,p1b\n|-activate|p1a: Terapagos|ability: Tera Shell\n|-resisted|p1a: Terapagos\n|-damage|p1a: Terapagos|91/100\n|-damage|p1b: Rillaboom|0 fnt\n|faint|p1b: Rillaboom\n|move|p1a: Terapagos|Calm Mind|p1a: Terapagos\n|-boost|p1a: Terapagos|spa|1\n|-boost|p1a: Terapagos|spd|1\n|\n|-weather|RainDance|[upkeep]\n|-heal|p1a: Terapagos|97/100|[from] Grassy Terrain\n|-heal|p1a: Terapagos|100/100|[from] item: Leftovers\n|-fieldend|move: Grassy Terrain\n|upkeep\n|inactiveoff|Battle timer is now OFF.\n|\n|t:|1746021568\n|switch|p1b: Zacian|Zacian-Crowned, L50|100/100\n|-ability|p1b: Zacian|Intrepid Sword|boost\n|-boost|p1b: Zacian|atk|1\n|turn|6\n|\n|t:|1746021599\n|-end|p2a: Flutter Mane|Protosynthesis|[silent]\n|switch|p2a: Lunala|Lunala, L50|95/100\n|move|p1b: Zacian|Protect|p1b: Zacian\n|-singleturn|p1b: Zacian|Protect\n|move|p1a: Terapagos|Protect|p1a: Terapagos\n|-singleturn|p1a: Terapagos|Protect\n|move|p2b: Incineroar|Parting Shot|p1b: Zacian\n|-activate|p1b: Zacian|move: Protect\n|\n|-weather|none\n|upkeep\n|turn|7\n|\n|t:|1746021641\n|switch|p2a: Koraidon|Koraidon, L50|100/100\n|-weather|SunnyDay|[from] ability: Orichalcum Pulse|[of] p2a: Koraidon\n|-activate|p2a: Koraidon|Orichalcum Pulse|[source]\n|move|p1b: Zacian|Play Rough|p2b: Incineroar\n|-damage|p2b: Incineroar|35/100\n|move|p1a: Terapagos|Tera Starstorm|p2b: Incineroar\n|-damage|p2b: Incineroar|0 fnt\n|faint|p2b: Incineroar\n|\n|-weather|SunnyDay|[upkeep]\n|upkeep\n|\n|t:|1746021657\n|switch|p2b: Lunala|Lunala, L50|95/100\n|turn|8\n|\n|t:|1746021689\n|switch|p1b: Pelipper|Pelipper, L50, M|25/100 brn\n|-weather|RainDance|[from] ability: Drizzle|[of] p1b: Pelipper\n|move|p1a: Terapagos|Protect|p1a: Terapagos\n|-singleturn|p1a: Terapagos|Protect\n|move|p2a: Koraidon|Close Combat|p1b: Pelipper\n|-resisted|p1b: Pelipper\n|-damage|p1b: Pelipper|0 fnt\n|-unboost|p2a: Koraidon|def|1\n|-unboost|p2a: Koraidon|spd|1\n|faint|p1b: Pelipper\n|move|p2b: Lunala|Meteor Beam||[still]\n|-prepare|p2b: Lunala|Meteor Beam\n|-boost|p2b: Lunala|spa|1\n|-enditem|p2b: Lunala|Power Herb\n|-anim|p2b: Lunala|Meteor Beam|p1a: Terapagos\n|-activate|p1a: Terapagos|move: Protect\n|\n|-weather|RainDance|[upkeep]\n|upkeep\n|\n|t:|1746021703\n|switch|p1b: Zacian|Zacian-Crowned, L50|100/100\n|turn|9\n|\n|t:|1746021732\n|switch|p2a: Flutter Mane|Flutter Mane, L50|100/100\n|move|p1b: Zacian|Behemoth Blade|p2a: Flutter Mane\n|-supereffective|p2a: Flutter Mane\n|-damage|p2a: Flutter Mane|0 fnt\n|faint|p2a: Flutter Mane\n|-end|p2a: Flutter Mane|Protosynthesis|[silent]\n|move|p2b: Lunala|Moongeist Beam|p1b: Zacian\n|-damage|p1b: Zacian|31/100\n|move|p1a: Terapagos|Earth Power|p2b: Lunala\n|-damage|p2b: Lunala|53/100\n|-unboost|p2b: Lunala|spd|1\n|\n|-weather|RainDance|[upkeep]\n|upkeep\n|\n|t:|1746021744\n|switch|p2a: Koraidon|Koraidon, L50|100/100\n|-weather|SunnyDay|[from] ability: Orichalcum Pulse|[of] p2a: Koraidon\n|-activate|p2a: Koraidon|Orichalcum Pulse|[source]\n|turn|10\n|\n|t:|1746021763\n|move|p1b: Zacian|Play Rough|p2a: Koraidon\n|-supereffective|p2a: Koraidon\n|-damage|p2a: Koraidon|0 fnt\n|faint|p2a: Koraidon\n|move|p2b: Lunala|Meteor Beam||[still]\n|-prepare|p2b: Lunala|Meteor Beam\n|-boost|p2b: Lunala|spa|1\n|move|p1a: Terapagos|Earth Power|p2b: Lunala\n|-damage|p2b: Lunala|0 fnt\n|faint|p2b: Lunala\n|\n|win|JackyN\n|c|\u2606JackyN|GG\n", "uploadtime": 1746021798, "views": 27, "formatid": "gen9vgc2025regibo3", "rating": null, "private": 0, "password": null}