{"id": "gen9vgc2025regibo3-2354955272", "format": "[Gen 9] VGC 2025 Reg I (Bo3)", "players": ["bartcr0987", "Tio_plox"], "log": "|j|\u2606bartcr0987\n|j|\u2606Tio_plox\n|html|<table width=\"100%\"><tr><td align=\"left\">bartcr0987</td><td align=\"right\">Tio_plox</tr><tr><td align=\"left\"><i class=\"fa fa-circle-o\"></i> <i class=\"fa fa-circle-o\"></i> </td><td align=\"right\"><i class=\"fa fa-circle-o\"></i> <i class=\"fa fa-circle-o\"></i> </tr></table>\n|uhtml|bestof|<h2><strong>Game 1</strong> of <a href=\"/game-bestof3-gen9vgc2025regibo3-2354955271\">a best-of-3</a></h2>\n|t:|1746135431\n|gametype|doubles\n|player|p1|bartcr0987|lance|\n|player|p2|Tio_plox|ghetsis|\n|teamsize|p1|6\n|teamsize|p2|6\n|gen|9\n|tier|[Gen 9] VGC 2025 Reg I (Bo3)\n|rule|Species Clause: Limit one of each Pok\u00e9mon\n|rule|Item Clause: Limit 1 of each item\n|clearpoke\n|poke|p1|Koraidon, L50|\n|poke|p1|Lunala, L50|\n|poke|p1|Rillaboom, L50, M|\n|poke|p1|Tornadus, L50, M|\n|poke|p1|Ogerpon-Cornerstone, L50, F|\n|poke|p1|Urshifu-*, L50, M|\n|poke|p2|Incineroar, L50, M|\n|poke|p2|Flutter Mane, L50|\n|poke|p2|Calyrex-Shadow, L50|\n|poke|p2|Miraidon, L50|\n|poke|p2|Grimmsnarl, L50, M|\n|poke|p2|Pelipper, L50, F|\n|teampreview|4\n|showteam|p1|Koraidon||ClearAmulet|OrichalcumPulse|CloseCombat,FlareBlitz,FlameCharge,Protect||||||50|,,,,,Fire]Lunala||PowerHerb|ShadowShield|MoongeistBeam,MeteorBeam,WideGuard,TrickRoom||||||50|,,,,,Fairy]Rillaboom||AssaultVest|GrassySurge|FakeOut,GrassyGlide,KnockOff,Uturn|||M|||50|,,,,,Fire]Tornadus||MentalHerb|Prankster|BleakwindStorm,Protect,Tailwind,SunnyDay|||M|||50|,,,,,Ghost]Ogerpon-Cornerstone||CornerstoneMask|Sturdy|IvyCudgel,GrassyGlide,FollowMe,SpikyShield|||F|||50|,,,,,Rock]Urshifu||FocusSash|UnseenFist|WickedBlow,SuckerPunch,Detect,CloseCombat|||M|||50|,,,,,Stellar\n|showteam|p2|Incineroar||AssaultVest|Intimidate|FakeOut,TemperFlare,KnockOff,Snarl|||M|||50|,,,,,Grass]Flutter Mane||FocusSash|Protosynthesis|Protect,ShadowBall,Moonblast,Taunt||||||50|,,,,,Ghost]Calyrex-Shadow||SafetyGoggles|AsOneSpectrier|AstralBarrage,Protect,DrainingKiss,CalmMind||||||50|,,,,,Fairy]Miraidon||ChoiceSpecs|HadronEngine|ElectroDrift,VoltSwitch,Thunder,DragonPulse||||||50|,,,,,Electric]Grimmsnarl||Leftovers|Prankster|FakeOut,LightScreen,Reflect,SpiritBreak|||M|||50|,,,,,Ghost]Pelipper||DampRock|Drizzle|Protect,WideGuard,Hurricane,WeatherBall|||F|||50|,,,,,Ground\n|inactive|Battle timer is ON: inactive players will automatically lose when time's up. (requested by bartcr0987)\n|inactive|bartcr0987 has 60 seconds left.\n|\n|t:|1746135486\n|start\n|switch|p1a: Rillaboom|Rillaboom, L50, M, shiny|100/100\n|switch|p1b: Lunala|Lunala, L50|100/100\n|switch|p2a: Miraidon|Miraidon, L50|100/100\n|switch|p2b: Incineroar|Incineroar, L50, M|100/100\n|-fieldstart|move: Electric Terrain|[from] ability: Hadron Engine|[of] p2a: Miraidon\n|-fieldstart|move: Grassy Terrain|[from] ability: Grassy Surge|[of] p1a: Rillaboom\n|-ability|p2b: Incineroar|Intimidate|boost\n|-unboost|p1a: Rillaboom|atk|1\n|-unboost|p1b: Lunala|atk|1\n|turn|1\n|\n|t:|1746135498\n|switch|p2a: Grimmsnarl|Grimmsnarl, L50, M|100/100\n|move|p1a: Rillaboom|Fake Out|p2a: Grimmsnarl\n|-damage|p2a: Grimmsnarl|91/100\n|move|p1b: Lunala|Meteor Beam||[still]\n|-prepare|p1b: Lunala|Meteor Beam\n|-boost|p1b: Lunala|spa|1\n|-enditem|p1b: Lunala|Power Herb\n|-anim|p1b: Lunala|Meteor Beam|p2a: Grimmsnarl\n|-damage|p2a: Grimmsnarl|31/100\n|move|p2b: Incineroar|Knock Off|p1b: Lunala\n|-supereffective|p1b: Lunala\n|-damage|p1b: Lunala|53/100\n|\n|-heal|p1b: Lunala|59/100|[from] Grassy Terrain\n|-heal|p2a: Grimmsnarl|37/100|[from] Grassy Terrain\n|-heal|p2a: Grimmsnarl|43/100|[from] item: Leftovers\n|upkeep\n|turn|2\n|inactive|bartcr0987 has 30 seconds left.\n|\n|t:|1746135525\n|switch|p1b: Koraidon|Koraidon, L50|100/100\n|-weather|SunnyDay|[from] ability: Orichalcum Pulse|[of] p1b: Koraidon\n|-activate|p1b: Koraidon|Orichalcum Pulse|[source]\n|move|p2a: Grimmsnarl|Fake Out|p1a: Rillaboom\n|-damage|p1a: Rillaboom|90/100\n|cant|p1a: Rillaboom|flinch\n|move|p2b: Incineroar|Snarl|p1a: Rillaboom|[spread] p1a,p1b\n|-resisted|p1b: Koraidon\n|-damage|p1a: Rillaboom|82/100\n|-damage|p1b: Koraidon|94/100\n|-unboost|p1a: Rillaboom|spa|1\n|\n|-weather|SunnyDay|[upkeep]\n|-heal|p1b: Koraidon|99/100|[from] Grassy Terrain\n|-heal|p1a: Rillaboom|87/100|[from] Grassy Terrain\n|-heal|p2a: Grimmsnarl|49/100|[from] Grassy Terrain\n|-heal|p2a: Grimmsnarl|55/100|[from] item: Leftovers\n|upkeep\n|turn|3\n|\n|t:|1746135549\n|switch|p2b: Pelipper|Pelipper, L50, F|100/100\n|-weather|RainDance|[from] ability: Drizzle|[of] p2b: Pelipper\n|-terastallize|p1b: Koraidon|Fire\n|move|p1b: Koraidon|Close Combat|p2b: Pelipper\n|-resisted|p2b: Pelipper\n|-crit|p2b: Pelipper\n|-damage|p2b: Pelipper|50/100\n|-unboost|p1b: Koraidon|def|1\n|-unboost|p1b: Koraidon|spd|1\n|move|p1a: Rillaboom|U-turn|p2a: Grimmsnarl\n|-damage|p2a: Grimmsnarl|39/100\n|\n|t:|1746135566\n|switch|p1a: Urshifu|Urshifu, L50, M|100/100|[from] U-turn\n|move|p2a: Grimmsnarl|Spirit Break|p1b: Koraidon\n|-resisted|p1b: Koraidon\n|-damage|p1b: Koraidon|80/100\n|\n|-weather|RainDance|[upkeep]\n|-heal|p1b: Koraidon|86/100|[from] Grassy Terrain\n|-heal|p2a: Grimmsnarl|45/100|[from] Grassy Terrain\n|-heal|p2a: Grimmsnarl|51/100|[from] item: Leftovers\n|upkeep\n|turn|4\n|\n|t:|1746135587\n|switch|p1b: Lunala|Lunala, L50|59/100\n|move|p2a: Grimmsnarl|Reflect|p2a: Grimmsnarl\n|-sidestart|p2: Tio_plox|Reflect\n|move|p1a: Urshifu|Wicked Blow|p2b: Pelipper\n|-crit|p2b: Pelipper\n|-damage|p2b: Pelipper|0 fnt\n|faint|p2b: Pelipper\n|\n|-weather|RainDance|[upkeep]\n|-heal|p1b: Lunala|66/100|[from] Grassy Terrain\n|-heal|p2a: Grimmsnarl|57/100|[from] Grassy Terrain\n|-heal|p2a: Grimmsnarl|63/100|[from] item: Leftovers\n|upkeep\n|\n|t:|1746135594\n|switch|p2b: Incineroar|Incineroar, L50, M|100/100\n|-ability|p2b: Incineroar|Intimidate|boost\n|-unboost|p1a: Urshifu|atk|1\n|-unboost|p1b: Lunala|atk|1\n|turn|5\n|inactive|bartcr0987 has 30 seconds left.\n|inactive|bartcr0987 has 20 seconds left.\n|\n|t:|1746135633\n|switch|p1b: Rillaboom|Rillaboom, L50, M, shiny|87/100\n|move|p1a: Urshifu|Close Combat|p2b: Incineroar\n|-supereffective|p2b: Incineroar\n|-damage|p2b: Incineroar|49/100\n|-unboost|p1a: Urshifu|def|1\n|-unboost|p1a: Urshifu|spd|1\n|move|p2b: Incineroar|Knock Off|p1a: Urshifu\n|-resisted|p1a: Urshifu\n|-damage|p1a: Urshifu|85/100\n|-enditem|p1a: Urshifu|Focus Sash|[from] move: Knock Off|[of] p2b: Incineroar\n|move|p2a: Grimmsnarl|Spirit Break|p1b: Rillaboom\n|-damage|p1b: Rillaboom|59/100\n|-unboost|p1b: Rillaboom|spa|1\n|\n|-weather|RainDance|[upkeep]\n|-heal|p1a: Urshifu|91/100|[from] Grassy Terrain\n|-heal|p1b: Rillaboom|65/100|[from] Grassy Terrain\n|-heal|p2b: Incineroar|55/100|[from] Grassy Terrain\n|-heal|p2a: Grimmsnarl|69/100|[from] Grassy Terrain\n|-heal|p2a: Grimmsnarl|75/100|[from] item: Leftovers\n|-fieldend|move: Grassy Terrain\n|upkeep\n|turn|6\n|\n|t:|1746135655\n|-terastallize|p2b: Incineroar|Grass\n|move|p1a: Urshifu|Close Combat|p2b: Incineroar\n|-damage|p2b: Incineroar|28/100\n|-unboost|p1a: Urshifu|def|1\n|-unboost|p1a: Urshifu|spd|1\n|move|p1b: Rillaboom|U-turn|p2b: Incineroar\n|-supereffective|p2b: Incineroar\n|-damage|p2b: Incineroar|0 fnt\n|faint|p2b: Incineroar\n|\n|t:|1746135667\n|switch|p1b: Lunala|Lunala, L50|66/100|[from] U-turn\n|move|p2a: Grimmsnarl|Spirit Break|p1a: Urshifu\n|-supereffective|p1a: Urshifu\n|-damage|p1a: Urshifu|0 fnt\n|faint|p1a: Urshifu\n|\n|-weather|RainDance|[upkeep]\n|-heal|p2a: Grimmsnarl|81/100|[from] item: Leftovers\n|upkeep\n|\n|t:|1746135676\n|switch|p1a: Rillaboom|Rillaboom, L50, M, shiny|65/100\n|switch|p2b: Miraidon|Miraidon, L50|100/100\n|-fieldstart|move: Electric Terrain|[from] ability: Hadron Engine|[of] p2b: Miraidon\n|-fieldstart|move: Grassy Terrain|[from] ability: Grassy Surge|[of] p1a: Rillaboom\n|turn|7\n|\n|t:|1746135697\n|move|p1a: Rillaboom|Fake Out|p2b: Miraidon\n|-damage|p2b: Miraidon|90/100\n|move|p2a: Grimmsnarl|Light Screen|p2a: Grimmsnarl\n|-sidestart|p2: Tio_plox|move: Light Screen\n|cant|p2b: Miraidon|flinch\n|move|p1b: Lunala|Moongeist Beam|p2b: Miraidon\n|-damage|p2b: Miraidon|58/100\n|\n|-weather|RainDance|[upkeep]\n|-heal|p2b: Miraidon|64/100|[from] Grassy Terrain\n|-heal|p1b: Lunala|72/100|[from] Grassy Terrain\n|-heal|p1a: Rillaboom|71/100|[from] Grassy Terrain\n|-heal|p2a: Grimmsnarl|87/100|[from] Grassy Terrain\n|-heal|p2a: Grimmsnarl|93/100|[from] item: Leftovers\n|upkeep\n|turn|8\n|inactive|bartcr0987 has 30 seconds left.\n|\n|t:|1746135723\n|move|p1a: Rillaboom|Grassy Glide|p2b: Miraidon\n|-resisted|p2b: Miraidon\n|-damage|p2b: Miraidon|52/100\n|move|p2b: Miraidon|Electro Drift|p1b: Lunala\n|-damage|p1b: Lunala|18/100\n|move|p1b: Lunala|Moongeist Beam|p2b: Miraidon\n|-crit|p2b: Miraidon\n|-damage|p2b: Miraidon|0 fnt\n|faint|p2b: Miraidon\n|move|p2a: Grimmsnarl|Spirit Break|p1b: Lunala\n|-damage|p1b: Lunala|0 fnt\n|faint|p1b: Lunala\n|\n|-weather|RainDance|[upkeep]\n|-heal|p1a: Rillaboom|77/100|[from] Grassy Terrain\n|-heal|p2a: Grimmsnarl|99/100|[from] Grassy Terrain\n|-heal|p2a: Grimmsnarl|100/100|[from] item: Leftovers\n|-sideend|p2: Tio_plox|Reflect\n|upkeep\n|-message|Tio_plox forfeited.\n|\n|win|bartcr0987\n|l|\u2606Tio_plox\n|player|p2|\n||Tio_plox is ready for game 2.\n||bartcr0987 is ready for game 2.\n|uhtml|next|Next: <a href=\"/battle-gen9vgc2025regibo3-2354958072\"><strong>Game 2 of 3</strong></a>\n", "uploadtime": 1746136502, "views": 20, "formatid": "gen9vgc2025regibo3", "rating": null, "private": 0, "password": null}