{"id": "gen9vgc2025regibo3-2354262814", "format": "[Gen 9] VGC 2025 Reg I (Bo3)", "players": ["pixelfx", "orophin7"], "log": "|j|\u2606pixelfx\n|j|\u2606orophin7\n|html|<table width=\"100%\"><tr><td align=\"left\">pixelfx</td><td align=\"right\">orophin7</tr><tr><td align=\"left\"><i class=\"fa fa-circle-o\"></i> <i class=\"fa fa-circle-o\"></i> </td><td align=\"right\"><i class=\"fa fa-circle-o\"></i> <i class=\"fa fa-circle\"></i> </tr></table>\n|uhtml|bestof|<h2><strong>Game 2</strong> of <a href=\"/game-bestof3-gen9vgc2025regibo3-2354259060\">a best-of-3</a></h2>\n|t:|1746050416\n|gametype|doubles\n|player|p1|pixelfx|shauntal|1064\n|player|p2|orophin7|1|1120\n|teamsize|p1|6\n|teamsize|p2|6\n|gen|9\n|tier|[Gen 9] VGC 2025 Reg I (Bo3)\n|rated|\n|rule|Species Clause: Limit one of each Pok\u00e9mon\n|rule|Item Clause: Limit 1 of each item\n|clearpoke\n|poke|p1|Koraidon, L50|\n|poke|p1|Lunala, L50|\n|poke|p1|Rillaboom, L50, F|\n|poke|p1|Scream Tail, L50|\n|poke|p1|Ogerpon-Cornerstone, L50, F|\n|poke|p1|Chi-Yu, L50|\n|poke|p2|Koraidon, L50|\n|poke|p2|Flutter Mane, L50|\n|poke|p2|Brute Bonnet, L50|\n|poke|p2|Raging Bolt, L50|\n|poke|p2|Incineroar, L50, F|\n|poke|p2|Ho-Oh, L50|\n|teampreview|4\n|showteam|p1|Koraidon||LifeOrb|OrichalcumPulse|CollisionCourse,FlareBlitz,FlameCharge,Protect||||||50|,,,,,Fire]Lunala||Leftovers|ShadowShield|MoongeistBeam,DazzlingGleam,CalmMind,Protect||||||50|,,,,,Fairy]Rillaboom||AssaultVest|GrassySurge|FakeOut,WoodHammer,GrassyGlide,Uturn|||F|||50|,,,,,Water]Scream Tail||MentalHerb|Protosynthesis|ThunderWave,Encore,Disable,Protect||||||50|,,,,,Ghost]Ogerpon-Cornerstone||CornerstoneMask|Sturdy|IvyCudgel,PowerWhip,FollowMe,SpikyShield|||F|||50|,,,,,Rock]Chi-Yu||ChoiceScarf|BeadsofRuin|HeatWave,Overheat,Snarl,DarkPulse||||||50|,,,,,Ghost\n|showteam|p2|Koraidon||LifeOrb|OrichalcumPulse|FlameCharge,CloseCombat,FlareBlitz,Protect||||||50|,,,,,Fire]Flutter Mane||FocusSash|Protosynthesis|Moonblast,ShadowBall,IcyWind,Protect||||||50|,,,,,Normal]Brute Bonnet||CovertCloak|Protosynthesis|Spore,RagePowder,SuckerPunch,SeedBomb||||||50|,,,,,Water]Raging Bolt||AssaultVest|Protosynthesis|Electroweb,DracoMeteor,Thunderclap,VoltSwitch||||||50|,,,,,Electric]Incineroar||SafetyGoggles|Intimidate|KnockOff,FakeOut,PartingShot,Taunt|||F|||50|,,,,,Ghost]Ho-Oh||ClearAmulet|Regenerator|SacredFire,BraveBird,Protect,Tailwind||||||50|,,,,,Grass\n|\n|t:|1746050450\n|start\n|switch|p1a: Lunala|Lunala, L50|100/100\n|switch|p1b: Scream Tail|Scream Tail, L50|100/100\n|switch|p2a: Incineroar|Incineroar, L50, F, shiny|100/100\n|switch|p2b: Raging Bolt|Raging Bolt, L50|100/100\n|-ability|p2a: Incineroar|Intimidate|boost\n|-unboost|p1a: Lunala|atk|1\n|-unboost|p1b: Scream Tail|atk|1\n|turn|1\n|\n|t:|1746050500\n|-terastallize|p1a: Lunala|Fairy\n|move|p1b: Scream Tail|Encore||[still]\n|-fail|p1b: Scream Tail\n|move|p1a: Lunala|Calm Mind|p1a: Lunala\n|-boost|p1a: Lunala|spa|1\n|-boost|p1a: Lunala|spd|1\n|move|p2b: Raging Bolt|Volt Switch|p1b: Scream Tail\n|-damage|p1b: Scream Tail|71/100\n|\n|t:|1746050514\n|-end|p2b: Raging Bolt|Protosynthesis|[silent]\n|switch|p2b: Ho-Oh|Ho-Oh, L50, shiny|100/100|[from] Volt Switch\n|move|p2a: Incineroar|Knock Off|p1a: Lunala\n|-resisted|p1a: Lunala\n|-damage|p1a: Lunala|94/100\n|-enditem|p1a: Lunala|Leftovers|[from] move: Knock Off|[of] p2a: Incineroar\n|\n|upkeep\n|turn|2\n|\n|t:|1746050583\n|move|p1b: Scream Tail|Thunder Wave|p2b: Ho-Oh|[miss]\n|-miss|p1b: Scream Tail|p2b: Ho-Oh\n|move|p1a: Lunala|Moongeist Beam|p2b: Ho-Oh\n|-damage|p2b: Ho-Oh|47/100\n|move|p2b: Ho-Oh|Sacred Fire|p1a: Lunala\n|-damage|p1a: Lunala|56/100\n|move|p2a: Incineroar|Knock Off|p1b: Scream Tail\n|-damage|p1b: Scream Tail|38/100\n|-enditem|p1b: Scream Tail|Mental Herb|[from] move: Knock Off|[of] p2a: Incineroar\n|\n|upkeep\n|turn|3\n|\n|t:|1746050602\n|move|p1a: Lunala|Protect|p1a: Lunala\n|-singleturn|p1a: Lunala|Protect\n|move|p2b: Ho-Oh|Protect|p2b: Ho-Oh\n|-singleturn|p2b: Ho-Oh|Protect\n|move|p1b: Scream Tail|Thunder Wave|p2b: Ho-Oh\n|-activate|p2b: Ho-Oh|move: Protect\n|move|p2a: Incineroar|Parting Shot|p1a: Lunala\n|-activate|p1a: Lunala|move: Protect\n|\n|upkeep\n|turn|4\n|\n|t:|1746050620\n|switch|p2b: Raging Bolt|Raging Bolt, L50|100/100\n|move|p1b: Scream Tail|Disable|p2a: Incineroar\n|-start|p2a: Incineroar|Disable|Parting Shot\n|move|p1a: Lunala|Moongeist Beam|p2b: Raging Bolt\n|-damage|p2b: Raging Bolt|49/100\n|cant|p2a: Incineroar|Disable|Parting Shot\n|\n|upkeep\n|turn|5\n|\n|t:|1746050676\n|switch|p2a: Koraidon|Koraidon, L50|100/100\n|-weather|SunnyDay|[from] ability: Orichalcum Pulse|[of] p2a: Koraidon\n|-activate|p1b: Scream Tail|ability: Protosynthesis\n|-start|p1b: Scream Tail|protosynthesisspe\n|-activate|p2b: Raging Bolt|ability: Protosynthesis\n|-start|p2b: Raging Bolt|protosynthesisspa\n|-activate|p2a: Koraidon|Orichalcum Pulse|[source]\n|move|p2b: Raging Bolt|Thunderclap|p1a: Lunala\n|-damage|p1a: Lunala|28/100\n|move|p1b: Scream Tail|Thunder Wave|p2a: Koraidon\n|-status|p2a: Koraidon|par\n|move|p1a: Lunala|Dazzling Gleam|p2a: Koraidon|[spread] p2a,p2b\n|-supereffective|p2a: Koraidon\n|-supereffective|p2b: Raging Bolt\n|-damage|p2a: Koraidon|0 fnt\n|-damage|p2b: Raging Bolt|0 fnt\n|faint|p2a: Koraidon\n|faint|p2b: Raging Bolt\n|-end|p2b: Raging Bolt|Protosynthesis|[silent]\n|\n|-weather|SunnyDay|[upkeep]\n|upkeep\n|\n|t:|1746050693\n|switch|p2a: Incineroar|Incineroar, L50, F, shiny|100/100\n|switch|p2b: Ho-Oh|Ho-Oh, L50, shiny|81/100\n|-ability|p2a: Incineroar|Intimidate|boost\n|-unboost|p1a: Lunala|atk|1\n|-unboost|p1b: Scream Tail|atk|1\n|turn|6\n|\n|t:|1746050735\n|move|p1b: Scream Tail|Protect|p1b: Scream Tail\n|-singleturn|p1b: Scream Tail|Protect\n|move|p1a: Lunala|Protect|p1a: Lunala\n|-singleturn|p1a: Lunala|Protect\n|move|p2a: Incineroar|Fake Out|p1a: Lunala\n|-activate|p1a: Lunala|move: Protect\n|move|p2b: Ho-Oh|Sacred Fire|p1a: Lunala\n|-activate|p1a: Lunala|move: Protect\n|\n|-weather|SunnyDay|[upkeep]\n|upkeep\n|turn|7\n|\n|t:|1746050770\n|move|p1b: Scream Tail|Encore|p2a: Incineroar\n|-start|p2a: Incineroar|Encore\n|move|p1a: Lunala|Moongeist Beam|p2b: Ho-Oh\n|-damage|p2b: Ho-Oh|30/100\n|move|p2b: Ho-Oh|Sacred Fire|p1a: Lunala\n|-damage|p1a: Lunala|0 fnt\n|faint|p1a: Lunala\n|move|p2a: Incineroar|Fake Out||[still]\n|-hint|Fake Out only works on your first turn out.\n|-fail|p2a: Incineroar\n|\n|-weather|SunnyDay|[upkeep]\n|upkeep\n|\n|t:|1746050788\n|switch|p1a: Ogerpon|Ogerpon-Cornerstone, L50, F|100/100\n|turn|8\n|-message|orophin7 forfeited.\n|\n|win|pixelfx\n||orophin7 is ready for game 3.\n||pixelfx is ready for game 3.\n|uhtml|next|Next: <a href=\"/battle-gen9vgc2025regibo3-2354266310\"><strong>Game 3 of 3</strong></a>\n", "uploadtime": 1746050800, "views": 6, "formatid": "gen9vgc2025regibo3", "rating": null, "private": 0, "password": null}