{"id": "gen9vgc2025regibo3-2354953579", "format": "[Gen 9] VGC 2025 Reg I (Bo3)", "players": ["Urric", "Paldeawaiter"], "log": "|j|\u2606Urric\n|j|\u2606Paldeawaiter\n|html|<table width=\"100%\"><tr><td align=\"left\">Urric</td><td align=\"right\">Paldeawaiter</tr><tr><td align=\"left\"><i class=\"fa fa-circle-o\"></i> <i class=\"fa fa-circle-o\"></i> </td><td align=\"right\"><i class=\"fa fa-circle-o\"></i> <i class=\"fa fa-circle\"></i> </tr></table>\n|uhtml|bestof|<h2><strong>Game 2</strong> of <a href=\"/game-bestof3-gen9vgc2025regibo3-2354951461\">a best-of-3</a></h2>\n|t:|1746135258\n|gametype|doubles\n|player|p1|Urric|wattson|1084\n|player|p2|Paldeawaiter|colress|1132\n|teamsize|p1|6\n|teamsize|p2|6\n|gen|9\n|tier|[Gen 9] VGC 2025 Reg I (Bo3)\n|rated|\n|rule|Species Clause: Limit one of each Pok\u00e9mon\n|rule|Item Clause: Limit 1 of each item\n|clearpoke\n|poke|p1|Koraidon, L50|\n|poke|p1|Chi-Yu, L50|\n|poke|p1|Rillaboom, L50, M|\n|poke|p1|Zacian-*, L50|\n|poke|p1|Flutter Mane, L50|\n|poke|p1|Great Tusk, L50|\n|poke|p2|Calyrex-Ice, L50|\n|poke|p2|Torkoal, L50, F|\n|poke|p2|Lilligant-Hisui, L50, F|\n|poke|p2|Grimmsnarl, L50, M|\n|poke|p2|Raging Bolt, L50|\n|poke|p2|Groudon, L50|\n|teampreview|4\n|showteam|p1|Koraidon||ClearAmulet|OrichalcumPulse|CollisionCourse,FlareBlitz,Protect,DragonClaw||||||50|,,,,,Fire]Chi-Yu||LifeOrb|BeadsofRuin|HeatWave,DarkPulse,Protect,Snarl||||||50|,,,,,Fire]Rillaboom||AssaultVest|GrassySurge|GrassyGlide,FakeOut,WoodHammer,Uturn|||M|||50|,,,,,Water]Zacian-Crowned||RustedSword|IntrepidSword|behemothblade,PlayRough,SacredSword,Protect||||||50|,,,,,Fire]Flutter Mane||FocusSash|Protosynthesis|IcyWind,Moonblast,ShadowBall,Protect||||||50|,,,,,Normal]Great Tusk||ChoiceBand|Protosynthesis|CloseCombat,HeadlongRush,KnockOff,RockSlide||||||50|,,,,,Ground\n|showteam|p2|Calyrex-Ice||NeverMeltIce|AsOneGlastrier|GlacialLance,HighHorsepower,Protect,TrickRoom||||||50|,,,,,Water]Torkoal||Charcoal|Drought|Eruption,Flamethrower,Protect,Yawn|||F|||50|,,,,,Fire]Lilligant-Hisui||FocusSash|Chlorophyll|Coaching,AfterYou,SleepPowder,CloseCombat|||F|||50|,,,,,Ghost]Grimmsnarl||LightClay|Prankster|LightScreen,Reflect,SpiritBreak,Taunt|||M|||50|,,,,,Ghost]Raging Bolt||Leftovers|Protosynthesis|Protect,CalmMind,Thunderbolt,DragonPulse||||||50|,,,,,Fairy]Groudon||ClearAmulet|Drought|PrecipiceBlades,HeatCrash,SwordsDance,Protect||||||50|,,,,,Fire\n|\n|t:|1746135289\n|start\n|switch|p1a: Gorilakalimotxo|Rillaboom, L50, M|100/100\n|switch|p1b: Koraidon|Koraidon, L50|100/100\n|switch|p2a: Grimmsnarl|Grimmsnarl, L50, M|100/100\n|switch|p2b: Groudon|Groudon, L50|100/100\n|-weather|SunnyDay|[from] ability: Orichalcum Pulse|[of] p1b: Koraidon\n|-activate|p1b: Koraidon|Orichalcum Pulse|[source]\n|-fieldstart|move: Grassy Terrain|[from] ability: Grassy Surge|[of] p1a: Gorilakalimotxo\n|turn|1\n|\n|t:|1746135332\n|move|p1a: Gorilakalimotxo|Fake Out|p2a: Grimmsnarl\n|-damage|p2a: Grimmsnarl|88/100\n|cant|p2a: Grimmsnarl|flinch\n|move|p1b: Koraidon|Flare Blitz|p2b: Groudon\n|-damage|p2b: Groudon|42/100\n|-damage|p1b: Koraidon|78/100|[from] Recoil\n|move|p2b: Groudon|Heat Crash|p1a: Gorilakalimotxo\n|-supereffective|p1a: Gorilakalimotxo\n|-damage|p1a: Gorilakalimotxo|0 fnt\n|faint|p1a: Gorilakalimotxo\n|\n|-weather|SunnyDay|[upkeep]\n|-heal|p1b: Koraidon|84/100|[from] Grassy Terrain\n|-heal|p2b: Groudon|48/100|[from] Grassy Terrain\n|-heal|p2a: Grimmsnarl|94/100|[from] Grassy Terrain\n|upkeep\n|\n|t:|1746135349\n|switch|p1a: Flutter Mane|Flutter Mane, L50|100/100\n|-activate|p1a: Flutter Mane|ability: Protosynthesis\n|-start|p1a: Flutter Mane|protosynthesisspe\n|turn|2\n|\n|t:|1746135371\n|move|p2b: Groudon|Protect|p2b: Groudon\n|-singleturn|p2b: Groudon|Protect\n|move|p2a: Grimmsnarl|Light Screen|p2a: Grimmsnarl\n|-sidestart|p2: Paldeawaiter|move: Light Screen\n|move|p1a: Flutter Mane|Moonblast|p2a: Grimmsnarl\n|-supereffective|p2a: Grimmsnarl\n|-damage|p2a: Grimmsnarl|36/100\n|move|p1b: Koraidon|Flare Blitz|p2b: Groudon\n|-activate|p2b: Groudon|move: Protect\n|\n|-weather|SunnyDay|[upkeep]\n|-heal|p1b: Koraidon|90/100|[from] Grassy Terrain\n|-heal|p2b: Groudon|54/100|[from] Grassy Terrain\n|-heal|p2a: Grimmsnarl|42/100|[from] Grassy Terrain\n|upkeep\n|turn|3\n|\n|t:|1746135414\n|-terastallize|p2b: Groudon|Fire\n|move|p2a: Grimmsnarl|Reflect|p2a: Grimmsnarl\n|-sidestart|p2: Paldeawaiter|Reflect\n|move|p1a: Flutter Mane|Icy Wind|p2a: Grimmsnarl|[spread] p2a,p2b\n|-crit|p2a: Grimmsnarl\n|-resisted|p2b: Groudon\n|-damage|p2a: Grimmsnarl|22/100\n|-damage|p2b: Groudon|49/100\n|-unboost|p2a: Grimmsnarl|spe|1\n|move|p1b: Koraidon|Flare Blitz|p2b: Groudon\n|-resisted|p2b: Groudon\n|-damage|p2b: Groudon|30/100\n|-damage|p1b: Koraidon|83/100|[from] Recoil\n|move|p2b: Groudon|Precipice Blades|p1b: Koraidon|[spread] p1b\n|-miss|p2b: Groudon|p1a: Flutter Mane\n|-damage|p1b: Koraidon|36/100\n|\n|-weather|SunnyDay|[upkeep]\n|-heal|p1b: Koraidon|43/100|[from] Grassy Terrain\n|-heal|p2b: Groudon|36/100|[from] Grassy Terrain\n|-heal|p2a: Grimmsnarl|28/100|[from] Grassy Terrain\n|upkeep\n|turn|4\n|\n|t:|1746135456\n|move|p2b: Groudon|Protect|p2b: Groudon\n|-singleturn|p2b: Groudon|Protect\n|move|p1a: Flutter Mane|Icy Wind|p2b: Groudon|[spread] p2a\n|-activate|p2b: Groudon|move: Protect\n|-damage|p2a: Grimmsnarl|18/100\n|-unboost|p2a: Grimmsnarl|spe|1\n|move|p1b: Koraidon|Collision Course|p2b: Groudon\n|-activate|p2b: Groudon|move: Protect\n|move|p2a: Grimmsnarl|Spirit Break|p1a: Flutter Mane\n|-damage|p1a: Flutter Mane|27/100\n|-unboost|p1a: Flutter Mane|spa|1\n|\n|-weather|SunnyDay|[upkeep]\n|-heal|p1a: Flutter Mane|33/100|[from] Grassy Terrain\n|-heal|p1b: Koraidon|49/100|[from] Grassy Terrain\n|-heal|p2b: Groudon|42/100|[from] Grassy Terrain\n|-heal|p2a: Grimmsnarl|24/100|[from] Grassy Terrain\n|upkeep\n|turn|5\n|\n|t:|1746135489\n|move|p1a: Flutter Mane|Shadow Ball|p2b: Groudon\n|-damage|p2b: Groudon|25/100\n|move|p1b: Koraidon|Collision Course|p2b: Groudon\n|-damage|p2b: Groudon|0 fnt\n|faint|p2b: Groudon\n|move|p2a: Grimmsnarl|Spirit Break|p1b: Koraidon\n|-supereffective|p1b: Koraidon\n|-damage|p1b: Koraidon|0 fnt\n|faint|p1b: Koraidon\n|\n|-weather|none\n|-end|p1a: Flutter Mane|Protosynthesis\n|-heal|p1a: Flutter Mane|39/100|[from] Grassy Terrain\n|-heal|p2a: Grimmsnarl|30/100|[from] Grassy Terrain\n|-fieldend|move: Grassy Terrain\n|upkeep\n|\n|t:|1746135505\n|switch|p1b: Zacian|Zacian-Crowned, L50|100/100\n|switch|p2b: Lilligant|Lilligant-Hisui, L50, F, shiny|100/100\n|-ability|p1b: Zacian|Intrepid Sword|boost\n|-boost|p1b: Zacian|atk|1\n|turn|6\n|\n|t:|1746135515\n|move|p1b: Zacian|Play Rough|p2a: Grimmsnarl\n|-supereffective|p2a: Grimmsnarl\n|-damage|p2a: Grimmsnarl|0 fnt\n|faint|p2a: Grimmsnarl\n|move|p1a: Flutter Mane|Moonblast|p2b: Lilligant\n|-supereffective|p2b: Lilligant\n|-damage|p2b: Lilligant|29/100\n|move|p2b: Lilligant|Sleep Powder|p1b: Zacian|[miss]\n|-miss|p2b: Lilligant|p1b: Zacian\n|\n|upkeep\n|\n|t:|1746135520\n|switch|p2a: Torkoal|Torkoal, L50, F, shiny|100/100\n|-weather|SunnyDay|[from] ability: Drought|[of] p2a: Torkoal\n|-activate|p1a: Flutter Mane|ability: Protosynthesis\n|-start|p1a: Flutter Mane|protosynthesisspe\n|turn|7\n|\n|t:|1746135551\n|-terastallize|p1b: Zacian|Fire\n|move|p2b: Lilligant|After You|p2a: Torkoal\n|-activate|p2a: Torkoal|move: After You\n|move|p2a: Torkoal|Eruption|p1b: Zacian|[spread] p1a,p1b\n|-resisted|p1b: Zacian\n|-damage|p1a: Flutter Mane|0 fnt\n|-damage|p1b: Zacian|61/100\n|faint|p1a: Flutter Mane\n|-end|p1a: Flutter Mane|Protosynthesis|[silent]\n|move|p1b: Zacian|Sacred Sword|p2a: Torkoal\n|-damage|p2a: Torkoal|73/100\n|\n|-weather|SunnyDay|[upkeep]\n|upkeep\n|turn|8\n|\n|t:|1746135582\n|move|p2b: Lilligant|Close Combat|p1b: Zacian\n|-damage|p1b: Zacian|5/100\n|-unboost|p2b: Lilligant|def|1\n|-unboost|p2b: Lilligant|spd|1\n|move|p1b: Zacian|Play Rough|p2b: Lilligant\n|-supereffective|p2b: Lilligant\n|-damage|p2b: Lilligant|0 fnt\n|faint|p2b: Lilligant\n|move|p2a: Torkoal|Yawn|p1b: Zacian\n|-start|p1b: Zacian|move: Yawn|[of] p2a: Torkoal\n|\n|-weather|SunnyDay|[upkeep]\n|upkeep\n|turn|9\n|\n|t:|1746135598\n|move|p2a: Torkoal|Protect|p2a: Torkoal\n|-singleturn|p2a: Torkoal|Protect\n|move|p1b: Zacian|Sacred Sword|p2a: Torkoal\n|-activate|p2a: Torkoal|move: Protect\n|\n|-weather|SunnyDay|[upkeep]\n|-end|p1b: Zacian|move: Yawn|[silent]\n|-status|p1b: Zacian|slp\n|-sideend|p2: Paldeawaiter|move: Light Screen\n|upkeep\n|turn|10\n|\n|t:|1746135608\n|cant|p1b: Zacian|slp\n|move|p2a: Torkoal|Eruption|p1b: Zacian\n|-resisted|p1b: Zacian\n|-damage|p1b: Zacian|0 fnt\n|faint|p1b: Zacian\n|\n|win|Paldeawaiter\n|raw|Urric's rating: 1084 &rarr; <strong>1065</strong><br />(-19 for losing)\n|raw|Paldeawaiter's rating: 1132 &rarr; <strong>1154</strong><br />(+22 for winning)\n|l|\u2606Paldeawaiter\n|player|p2|\n", "uploadtime": 1746135616, "views": 7, "formatid": "gen9vgc2025regibo3", "rating": 1065, "private": 0, "password": null}