{"id": "gen9vgc2025regibo3-2354171149", "format": "[Gen 9] VGC 2025 Reg I (Bo3)", "players": ["Feddouu", "CerealesIsTaken"], "log": "|j|\u2606Feddouu\n|j|\u2606CerealesIsTaken\n|html|<table width=\"100%\"><tr><td align=\"left\">Feddouu</td><td align=\"right\">CerealesIsTaken</tr><tr><td align=\"left\"><i class=\"fa fa-circle\"></i> <i class=\"fa fa-circle-o\"></i> </td><td align=\"right\"><i class=\"fa fa-circle-o\"></i> <i class=\"fa fa-circle-o\"></i> </tr></table>\n|uhtml|bestof|<h2><strong>Game 2</strong> of <a href=\"/game-bestof3-gen9vgc2025regibo3-2354168607\">a best-of-3</a></h2>\n|t:|1746041156\n|gametype|doubles\n|player|p1|Feddouu|266|1172\n|player|p2|CerealesIsTaken|pokekid|1169\n|teamsize|p1|6\n|teamsize|p2|6\n|gen|9\n|tier|[Gen 9] VGC 2025 Reg I (Bo3)\n|rated|\n|rule|Species Clause: Limit one of each Pok\u00e9mon\n|rule|Item Clause: Limit 1 of each item\n|clearpoke\n|poke|p1|Chien-Pao, L50|\n|poke|p1|Calyrex-Shadow, L50|\n|poke|p1|Urshifu-*, L50, F|\n|poke|p1|Iron Hands, L50|\n|poke|p1|Weezing-Galar, L50, M|\n|poke|p1|Zacian-*, L50|\n|poke|p2|Miraidon, L50|\n|poke|p2|Zamazenta-*, L50|\n|poke|p2|Grimmsnarl, L50, M|\n|poke|p2|Volcarona, L50, F|\n|poke|p2|Iron Hands, L50|\n|poke|p2|Ditto, L50|\n|teampreview|4\n|showteam|p1|Chien-Pao||LifeOrb|SwordofRuin|ThroatChop,SuckerPunch,IceSpinner,Protect||||||50|,,,,,Stellar]Calyrex-Shadow||FocusSash|AsOneSpectrier|AstralBarrage,Encore,Psychic,Protect||||||50|,,,,,Ghost]Urshifu-Rapid-Strike||ChoiceScarf|UnseenFist|SurgingStrikes,CloseCombat,Uturn,AquaJet|||F|||50|,,,,,Water]Iron Hands||AssaultVest|QuarkDrive|FakeOut,HeavySlam,WildCharge,LowKick||||||50|,,,,,Water]Weezing-Galar||RockyHelmet|NeutralizingGas|DazzlingGleam,Taunt,Protect,ToxicSpikes|||M|||50|,,,,,Water]Zacian-Crowned||RustedSword|IntrepidSword|behemothblade,PlayRough,Protect,SacredSword||||||50|,,,,,Fairy\n|showteam|p2|Miraidon||ChoiceSpecs|HadronEngine|ElectroDrift,DracoMeteor,DazzlingGleam,VoltSwitch||||||50|,,,,,Fairy]Zamazenta-Crowned||RustedShield|DauntlessShield|BodyPress,behemothbash,WideGuard,Protect||||||50|,,,,,Dragon]Grimmsnarl||LightClay|Prankster|ThunderWave,FoulPlay,Reflect,LightScreen|||M|||50|,,,,,Ghost]Volcarona||SitrusBerry|FlameBody|FieryDance,GigaDrain,QuiverDance,Protect|||F|||50|,,,,,Grass]Iron Hands||AssaultVest|QuarkDrive|FakeOut,WildCharge,DrainPunch,VoltSwitch||||||50|,,,,,Water]Ditto||FocusSash|Imposter|Transform||||||50|,,,,,Normal\n|inactive|Battle timer is ON: inactive players will automatically lose when time's up. (requested by Feddouu)\n|\n|t:|1746041169\n|start\n|switch|p1a: Zacian|Zacian-Crowned, L50|100/100\n|switch|p1b: Chien-Pao|Chien-Pao, L50|100/100\n|switch|p2a: Grimmsnarl|Grimmsnarl, L50, M, shiny|100/100\n|switch|p2b: Zamazenta|Zamazenta-Crowned, L50|100/100\n|-ability|p1a: Zacian|Intrepid Sword|boost\n|-boost|p1a: Zacian|atk|1\n|-ability|p1b: Chien-Pao|Sword of Ruin\n|-ability|p2b: Zamazenta|Dauntless Shield|boost\n|-boost|p2b: Zamazenta|def|1\n|turn|1\n|\n|t:|1746041180\n|switch|p1b: Weezing|Weezing-Galar, L50, M|100/100\n|-ability|p1b: Weezing|Neutralizing Gas\n|move|p1a: Zacian|Behemoth Blade|p2a: Grimmsnarl\n|-supereffective|p2a: Grimmsnarl\n|-damage|p2a: Grimmsnarl|0 fnt\n|faint|p2a: Grimmsnarl\n|move|p2b: Zamazenta|Body Press|p1a: Zacian\n|-damage|p1a: Zacian|36/100\n|\n|upkeep\n|\n|t:|1746041183\n|switch|p2a: Miraidon|Miraidon, L50|100/100\n|turn|2\n|\n|t:|1746041201\n|-terastallize|p2a: Miraidon|Fairy\n|move|p1a: Zacian|Protect|p1a: Zacian\n|-singleturn|p1a: Zacian|Protect\n|move|p1b: Weezing|Protect|p1b: Weezing\n|-singleturn|p1b: Weezing|Protect\n|move|p2a: Miraidon|Electro Drift|p1b: Weezing\n|-activate|p1b: Weezing|move: Protect\n|move|p2b: Zamazenta|Body Press|p1a: Zacian\n|-activate|p1a: Zacian|move: Protect\n|\n|upkeep\n|turn|3\n|\n|t:|1746041224\n|switch|p2a: Ditto|Ditto, L50|100/100\n|move|p1a: Zacian|Behemoth Blade|p2a: Ditto\n|-enditem|p2a: Ditto|Focus Sash\n|-damage|p2a: Ditto|1/100\n|move|p2b: Zamazenta|Body Press|p1a: Zacian\n|-damage|p1a: Zacian|0 fnt\n|faint|p1a: Zacian\n|move|p1b: Weezing|Toxic Spikes|p2b: Zamazenta\n|-sidestart|p2: CerealesIsTaken|move: Toxic Spikes\n|\n|upkeep\n|\n|t:|1746041246\n|switch|p1a: Chien-Pao|Chien-Pao, L50|100/100\n|turn|4\n|\n|t:|1746041260\n|move|p1a: Chien-Pao|Ice Spinner|p2a: Ditto\n|-damage|p2a: Ditto|0 fnt\n|faint|p2a: Ditto\n|-damage|p1a: Chien-Pao|91/100|[from] item: Life Orb\n|move|p2b: Zamazenta|Behemoth Bash|p1a: Chien-Pao\n|-supereffective|p1a: Chien-Pao\n|-damage|p1a: Chien-Pao|0 fnt\n|faint|p1a: Chien-Pao\n|move|p1b: Weezing|Dazzling Gleam|p2b: Zamazenta\n|-damage|p2b: Zamazenta|81/100\n|\n|upkeep\n|\n|t:|1746041270\n|switch|p1a: Iron Hands|Iron Hands, L50|100/100\n|switch|p2a: Miraidon|Miraidon, L50, tera:Fairy|100/100\n|-status|p2a: Miraidon|psn\n|turn|5\n|\n|t:|1746041295\n|move|p1a: Iron Hands|Fake Out|p2a: Miraidon\n|-damage|p2a: Miraidon|85/100 psn\n|cant|p2a: Miraidon|flinch\n|move|p2b: Zamazenta|Body Press|p1a: Iron Hands\n|-damage|p1a: Iron Hands|45/100\n|move|p1b: Weezing|Dazzling Gleam|p2b: Zamazenta|[spread] p2a,p2b\n|-damage|p2a: Miraidon|69/100 psn\n|-damage|p2b: Zamazenta|68/100\n|\n|-damage|p2a: Miraidon|56/100 psn|[from] psn\n|upkeep\n|turn|6\n|\n|t:|1746041316\n|move|p1b: Weezing|Protect|p1b: Weezing\n|-singleturn|p1b: Weezing|Protect\n|move|p2a: Miraidon|Electro Drift|p1b: Weezing\n|-activate|p1b: Weezing|move: Protect\n|move|p2b: Zamazenta|Body Press|p1a: Iron Hands\n|-damage|p1a: Iron Hands|0 fnt\n|faint|p1a: Iron Hands\n|-end|p1a: Iron Hands|Quark Drive|[silent]\n|\n|-damage|p2a: Miraidon|44/100 psn|[from] psn\n|upkeep\n|turn|7\n|\n|t:|1746041325\n|move|p2a: Miraidon|Electro Drift|p1b: Weezing\n|-damage|p1b: Weezing|11/100\n|-damage|p2a: Miraidon|27/100 psn|[from] item: Rocky Helmet|[of] p1b: Weezing\n|move|p2b: Zamazenta|Behemoth Bash|p1b: Weezing\n|-supereffective|p1b: Weezing\n|-damage|p1b: Weezing|0 fnt\n|-damage|p2b: Zamazenta|51/100|[from] item: Rocky Helmet|[of] p1b: Weezing\n|faint|p1b: Weezing\n|-end|p1b: Weezing|ability: Neutralizing Gas\n|-fieldstart|move: Electric Terrain|[from] ability: Hadron Engine|[of] p2a: Miraidon\n|\n|win|CerealesIsTaken\n||CerealesIsTaken is ready for game 3.\n||Feddouu is ready for game 3.\n|uhtml|next|Next: <a href=\"/battle-gen9vgc2025regibo3-2354172927\"><strong>Game 3 of 3</strong></a>\n|l|\u2606Feddouu\n|player|p1|\n", "uploadtime": 1746041553, "views": 8, "formatid": "gen9vgc2025regibo3", "rating": null, "private": 0, "password": null}