{"id": "gen9vgc2025regibo3-2354948592", "format": "[Gen 9] VGC 2025 Reg I (Bo3)", "players": ["Tusking Chusking", "Urric"], "log": "|j|\u2606Tusking Chusking\n|j|\u2606Urric\n|html|<table width=\"100%\"><tr><td align=\"left\">Tusking Chusking</td><td align=\"right\">Urric</tr><tr><td align=\"left\"><i class=\"fa fa-circle\"></i> <i class=\"fa fa-circle-o\"></i> </td><td align=\"right\"><i class=\"fa fa-circle-o\"></i> <i class=\"fa fa-circle-o\"></i> </tr></table>\n|uhtml|bestof|<h2><strong>Game 2</strong> of <a href=\"/game-bestof3-gen9vgc2025regibo3-2354945062\">a best-of-3</a></h2>\n|t:|1746134727\n|gametype|doubles\n|player|p1|Tusking Chusking|dahlia|1204\n|player|p2|Urric|wattson|1102\n|teamsize|p1|6\n|teamsize|p2|6\n|gen|9\n|tier|[Gen 9] VGC 2025 Reg I (Bo3)\n|rated|\n|rule|Species Clause: Limit one of each Pok\u00e9mon\n|rule|Item Clause: Limit 1 of each item\n|clearpoke\n|poke|p1|Zamazenta-*, L50|\n|poke|p1|Calyrex-Shadow, L50|\n|poke|p1|Ting-Lu, L50|\n|poke|p1|Dondozo, L50, F|\n|poke|p1|Chien-Pao, L50|\n|poke|p1|Ogerpon-Hearthflame, L50, F|\n|poke|p2|Koraidon, L50|\n|poke|p2|Chi-Yu, L50|\n|poke|p2|Rillaboom, L50, F|\n|poke|p2|Zacian-*, L50|\n|poke|p2|Flutter Mane, L50|\n|poke|p2|Great Tusk, L50|\n|teampreview|4\n|showteam|p1|Zamazenta-Crowned||RustedShield|DauntlessShield|BodyPress,Protect,behemothbash,WideGuard||||||50|,,,,,Dragon]Calyrex-Shadow||LifeOrb|AsOneSpectrier|Protect,AstralBarrage,Psyshock,Substitute||||||50|,,,,,Dark]Ting-Lu||RockyHelmet|VesselofRuin|StealthRock,SandTomb,Protect,Ruination||||||50|,,,,,Poison]Dondozo||Leftovers|Unaware|Yawn,WaveCrash,Fissure,Protect|||F|||50|,,,,,Dragon]Chien-Pao||FocusSash|SwordofRuin|IceSpinner,SuckerPunch,ThroatChop,Protect||||||50|,,,,,Ghost]Ogerpon-Hearthflame||HearthflameMask|MoldBreaker|HornLeech,IvyCudgel,FollowMe,SpikyShield|||F|||50|,,,,,Fire\n|showteam|p2|Koraidon||ClearAmulet|OrichalcumPulse|CollisionCourse,FlareBlitz,Protect,DragonClaw||||||50|,,,,,Fire]Chi-Yu||LifeOrb|BeadsofRuin|HeatWave,DarkPulse,Protect,Snarl||||||50|,,,,,Fire]Rillaboom||AssaultVest|GrassySurge|GrassyGlide,FakeOut,WoodHammer,Uturn|||F|||50|,,,,,Water]Zacian-Crowned||RustedSword|IntrepidSword|behemothblade,PlayRough,SacredSword,Protect||||||50|,,,,,Fire]Flutter Mane||FocusSash|Protosynthesis|IcyWind,Moonblast,ShadowBall,Protect||||||50|,,,,,Normal]Great Tusk||ChoiceBand|Protosynthesis|CloseCombat,HeadlongRush,KnockOff,RockSlide||||||50|,,,,,Ground\n|\n|t:|1746134744\n|start\n|switch|p1a: Pato|Ting-Lu, L50|100/100\n|switch|p1b: Mario|Dondozo, L50, F|100/100\n|switch|p2a: Koraidon|Koraidon, L50|100/100\n|switch|p2b: Chi-Yu|Chi-Yu, L50|100/100\n|-weather|SunnyDay|[from] ability: Orichalcum Pulse|[of] p2a: Koraidon\n|-activate|p2a: Koraidon|Orichalcum Pulse|[source]\n|-ability|p2b: Chi-Yu|Beads of Ruin\n|-ability|p1a: Pato|Vessel of Ruin\n|turn|1\n|\n|t:|1746134778\n|switch|p2b: Gorilakalimotxo|Rillaboom, L50, F|100/100\n|-fieldstart|move: Grassy Terrain|[from] ability: Grassy Surge|[of] p2b: Gorilakalimotxo\n|move|p1a: Pato|Protect|p1a: Pato\n|-singleturn|p1a: Pato|Protect\n|move|p1b: Mario|Protect|p1b: Mario\n|-singleturn|p1b: Mario|Protect\n|move|p2a: Koraidon|Collision Course|p1b: Mario\n|-activate|p1b: Mario|move: Protect\n|\n|-weather|SunnyDay|[upkeep]\n|upkeep\n|turn|2\n|\n|t:|1746134818\n|switch|p1b: Ali|Calyrex-Shadow, L50|100/100\n|-ability|p1b: Ali|As One\n|-ability|p1b: Ali|Unnerve\n|-terastallize|p1a: Pato|Poison\n|move|p2b: Gorilakalimotxo|Fake Out|p1b: Ali\n|-immune|p1b: Ali\n|move|p2a: Koraidon|Collision Course|p1a: Pato\n|-resisted|p1a: Pato\n|-damage|p1a: Pato|82/100\n|-damage|p2a: Koraidon|84/100|[from] item: Rocky Helmet|[of] p1a: Pato\n|move|p1a: Pato|Sand Tomb|p2b: Gorilakalimotxo\n|-resisted|p2b: Gorilakalimotxo\n|-damage|p2b: Gorilakalimotxo|94/100\n|-activate|p2b: Gorilakalimotxo|move: Sand Tomb|[of] p1a: Pato\n|\n|-weather|SunnyDay|[upkeep]\n|-heal|p2a: Koraidon|90/100|[from] Grassy Terrain\n|-heal|p2b: Gorilakalimotxo|99/100|[from] Grassy Terrain\n|-heal|p1a: Pato|89/100|[from] Grassy Terrain\n|-damage|p2b: Gorilakalimotxo|88/100|[from] move: Sand Tomb|[partiallytrapped]\n|upkeep\n|turn|3\n|\n|t:|1746134864\n|move|p1b: Ali|Protect|p1b: Ali\n|-singleturn|p1b: Ali|Protect\n|move|p2a: Koraidon|Flare Blitz|p1b: Ali\n|-activate|p1b: Ali|move: Protect\n|move|p2b: Gorilakalimotxo|Wood Hammer|p1b: Ali\n|-activate|p1b: Ali|move: Protect\n|move|p1a: Pato|Ruination|p2b: Gorilakalimotxo\n|-damage|p2b: Gorilakalimotxo|44/100\n|\n|-weather|SunnyDay|[upkeep]\n|-heal|p2a: Koraidon|97/100|[from] Grassy Terrain\n|-heal|p2b: Gorilakalimotxo|50/100|[from] Grassy Terrain\n|-heal|p1a: Pato|95/100|[from] Grassy Terrain\n|-damage|p2b: Gorilakalimotxo|38/100|[from] move: Sand Tomb|[partiallytrapped]\n|upkeep\n|turn|4\n|\n|t:|1746134889\n|switch|p1a: Mario|Dondozo, L50, F|100/100\n|move|p1b: Ali|Astral Barrage|p2a: Koraidon|[spread] p2a,p2b\n|-damage|p2a: Koraidon|20/100\n|-damage|p2b: Gorilakalimotxo|0 fnt\n|faint|p2b: Gorilakalimotxo\n|-ability|p1b: Ali|Grim Neigh|boost\n|-boost|p1b: Ali|spa|1\n|-damage|p1b: Ali|91/100|[from] item: Life Orb\n|move|p2a: Koraidon|Flare Blitz|p1b: Ali\n|-damage|p1b: Ali|0 fnt\n|faint|p1b: Ali\n|-damage|p2a: Koraidon|0 fnt|[from] Recoil\n|faint|p2a: Koraidon\n|\n|-weather|SunnyDay|[upkeep]\n|upkeep\n|\n|t:|1746134907\n|switch|p1b: Pato|Ting-Lu, L50, tera:Poison|95/100\n|switch|p2a: Great Tusk|Great Tusk, L50|100/100\n|switch|p2b: Chi-Yu|Chi-Yu, L50|100/100\n|-ability|p2b: Chi-Yu|Beads of Ruin\n|-ability|p1b: Pato|Vessel of Ruin\n|-activate|p2a: Great Tusk|ability: Protosynthesis\n|-start|p2a: Great Tusk|protosynthesisspe\n|turn|5\n|\n|t:|1746134945\n|-terastallize|p2b: Chi-Yu|Fire\n|move|p1b: Pato|Protect|p1b: Pato\n|-singleturn|p1b: Pato|Protect\n|move|p2a: Great Tusk|Headlong Rush|p1b: Pato\n|-activate|p1b: Pato|move: Protect\n|move|p2b: Chi-Yu|Heat Wave|p1a: Mario|[spread] p1a\n|-activate|p1b: Pato|move: Protect\n|-resisted|p1a: Mario\n|-damage|p1a: Mario|65/100\n|-damage|p2b: Chi-Yu|91/100|[from] item: Life Orb\n|move|p1a: Mario|Yawn|p2a: Great Tusk\n|-start|p2a: Great Tusk|move: Yawn|[of] p1a: Mario\n|\n|-weather|none\n|-end|p2a: Great Tusk|Protosynthesis\n|-heal|p2b: Chi-Yu|97/100|[from] Grassy Terrain\n|-heal|p1b: Pato|100/100|[from] Grassy Terrain\n|-heal|p1a: Mario|71/100|[from] Grassy Terrain\n|-heal|p1a: Mario|77/100|[from] item: Leftovers\n|-fieldend|move: Grassy Terrain\n|upkeep\n|turn|6\n|\n|t:|1746134972\n|move|p2b: Chi-Yu|Snarl|p1b: Pato|[spread] p1a,p1b\n|-damage|p1a: Mario|56/100\n|-damage|p1b: Pato|81/100\n|-unboost|p1a: Mario|spa|1\n|-unboost|p1b: Pato|spa|1\n|-damage|p2b: Chi-Yu|88/100|[from] item: Life Orb\n|move|p2a: Great Tusk|Headlong Rush|p1b: Pato\n|-supereffective|p1b: Pato\n|-damage|p1b: Pato|6/100\n|-unboost|p2a: Great Tusk|def|1\n|-unboost|p2a: Great Tusk|spd|1\n|-damage|p2a: Great Tusk|84/100|[from] item: Rocky Helmet|[of] p1b: Pato\n|move|p1b: Pato|Ruination|p2b: Chi-Yu\n|-damage|p2b: Chi-Yu|45/100\n|move|p1a: Mario|Wave Crash|p2b: Chi-Yu\n|-supereffective|p2b: Chi-Yu\n|-damage|p2b: Chi-Yu|0 fnt\n|faint|p2b: Chi-Yu\n|-damage|p1a: Mario|48/100|[from] Recoil\n|\n|-heal|p1a: Mario|54/100|[from] item: Leftovers\n|-end|p2a: Great Tusk|move: Yawn|[silent]\n|-status|p2a: Great Tusk|slp\n|upkeep\n|turn|7\n|\n|t:|1746134994\n|switch|p1b: Jose|Zamazenta-Crowned, L50|100/100\n|-ability|p1b: Jose|Dauntless Shield|boost\n|-boost|p1b: Jose|def|1\n|cant|p2a: Great Tusk|slp\n|move|p1a: Mario|Wave Crash|p2a: Great Tusk\n|-supereffective|p2a: Great Tusk\n|-damage|p2a: Great Tusk|27/100 slp\n|-damage|p1a: Mario|40/100|[from] Recoil\n|\n|-heal|p1a: Mario|47/100|[from] item: Leftovers\n|upkeep\n|turn|8\n|\n|t:|1746135007\n|move|p1b: Jose|Body Press|p2a: Great Tusk\n|-damage|p2a: Great Tusk|0 fnt\n|faint|p2a: Great Tusk\n|-end|p2a: Great Tusk|Protosynthesis|[silent]\n|\n|win|Tusking Chusking\n|raw|Tusking Chusking's rating: 1204 &rarr; <strong>1222</strong><br />(+18 for winning)\n|raw|Urric's rating: 1102 &rarr; <strong>1084</strong><br />(-18 for losing)\n", "uploadtime": 1746135018, "views": 7, "formatid": "gen9vgc2025regibo3", "rating": 1084, "private": 0, "password": null}