{"id": "gen9vgc2025regibo3-2354619929", "format": "[Gen 9] VGC 2025 Reg I (Bo3)", "players": ["djord123", "teriyaki malarky"], "log": "|j|\u2606djord123\n|j|\u2606teriyaki malarky\n|html|<table width=\"100%\"><tr><td align=\"left\">djord123</td><td align=\"right\">teriyaki malarky</tr><tr><td align=\"left\"><i class=\"fa fa-circle-o\"></i> <i class=\"fa fa-circle-o\"></i> </td><td align=\"right\"><i class=\"fa fa-circle-o\"></i> <i class=\"fa fa-circle\"></i> </tr></table>\n|uhtml|bestof|<h2><strong>Game 2</strong> of <a href=\"/game-bestof3-gen9vgc2025regibo3-2354618808\">a best-of-3</a></h2>\n|t:|1746103709\n|gametype|doubles\n|player|p1|djord123|169|1066\n|player|p2|teriyaki malarky|169|1081\n|teamsize|p1|6\n|teamsize|p2|6\n|gen|9\n|tier|[Gen 9] VGC 2025 Reg I (Bo3)\n|rated|\n|rule|Species Clause: Limit one of each Pok\u00e9mon\n|rule|Item Clause: Limit 1 of each item\n|clearpoke\n|poke|p1|Koraidon, L50|\n|poke|p1|Lunala, L50|\n|poke|p1|Chi-Yu, L50|\n|poke|p1|Ursaluna, L50, F|\n|poke|p1|Brute Bonnet, L50|\n|poke|p1|Flutter Mane, L50|\n|poke|p2|Groudon, L50|\n|poke|p2|Miraidon, L50|\n|poke|p2|Iron Hands, L50|\n|poke|p2|Whimsicott, L50, M|\n|poke|p2|Chi-Yu, L50|\n|poke|p2|Farigiraf, L50, M|\n|teampreview|4\n|showteam|p1|Koraidon||LifeOrb|OrichalcumPulse|FlareBlitz,FlameCharge,CloseCombat,Protect||||||50|,,,,,Fire]Lunala||PowerHerb|ShadowShield|MoongeistBeam,MeteorBeam,WideGuard,TrickRoom||||||50|,,,,,Water]Chi-Yu||ChoiceScarf|BeadsofRuin|Overheat,HeatWave,DarkPulse,Snarl||||||50|,,,,,Ghost]Ursaluna||FlameOrb|Guts|Facade,Earthquake,HeadlongRush,Protect|||F|||50|,,,,,Water]Brute Bonnet||CovertCloak|Protosynthesis|SeedBomb,SuckerPunch,Spore,RagePowder||||||50|,,,,,Water]Flutter Mane||FocusSash|Protosynthesis|Moonblast,IcyWind,ShadowBall,Protect||||||50|,,,,,Normal\n|showteam|p2|Groudon||ClearAmulet|Drought|PrecipiceBlades,FirePunch,BulkUp,Protect||||||50|,,,,,Fire]Miraidon||ChoiceSpecs|HadronEngine|ElectroDrift,DazzlingGleam,VoltSwitch,DracoMeteor||||||50|,,,,,Fairy]Iron Hands||AssaultVest|QuarkDrive|LowKick,HeavySlam,WildCharge,FakeOut||||||50|,,,,,Grass]Whimsicott||FocusSash|Prankster|Moonblast,Tailwind,Encore,LightScreen|||M|||50|,,,,,Ghost]Chi-Yu||ChoiceScarf|BeadsofRuin|Overheat,HeatWave,DarkPulse,Snarl||||||50|,,,,,Ghost]Farigiraf||ElectricSeed|ArmorTail|FoulPlay,HelpingHand,TrickRoom,Psychic|||M|||50|,,,,,Fairy\n|inactive|Battle timer is ON: inactive players will automatically lose when time's up. (requested by teriyaki malarky)\n|\n|t:|1746103727\n|start\n|switch|p1a: Koraidon|Koraidon, L50|100/100\n|switch|p1b: Flutter Mane|Flutter Mane, L50|100/100\n|switch|p2a: Miraidon|Miraidon, L50|100/100\n|switch|p2b: Chi-Yu|Chi-Yu, L50|100/100\n|-ability|p2b: Chi-Yu|Beads of Ruin\n|-weather|SunnyDay|[from] ability: Orichalcum Pulse|[of] p1a: Koraidon\n|-activate|p1b: Flutter Mane|ability: Protosynthesis\n|-start|p1b: Flutter Mane|protosynthesisspe\n|-activate|p1a: Koraidon|Orichalcum Pulse|[source]\n|-fieldstart|move: Electric Terrain|[from] ability: Hadron Engine|[of] p2a: Miraidon\n|turn|1\n|inactive|djord123 has 30 seconds left.\n|inactive|teriyaki malarky has 30 seconds left.\n|inactive|djord123 has 20 seconds left.\n|inactive|teriyaki malarky has 20 seconds left.\n|\n|t:|1746103765\n|-terastallize|p2b: Chi-Yu|Ghost\n|move|p1a: Koraidon|Protect|p1a: Koraidon\n|-singleturn|p1a: Koraidon|Protect\n|move|p1b: Flutter Mane|Icy Wind|p2a: Miraidon|[spread] p2a,p2b\n|-supereffective|p2a: Miraidon\n|-damage|p2a: Miraidon|65/100\n|-damage|p2b: Chi-Yu|83/100\n|-unboost|p2a: Miraidon|spe|1\n|-unboost|p2b: Chi-Yu|spe|1\n|move|p2b: Chi-Yu|Heat Wave|p1b: Flutter Mane|[spread] p1b\n|-activate|p1a: Koraidon|move: Protect\n|-damage|p1b: Flutter Mane|18/100\n|move|p2a: Miraidon|Volt Switch|p1b: Flutter Mane\n|-damage|p1b: Flutter Mane|0 fnt\n|faint|p1b: Flutter Mane\n|-end|p1b: Flutter Mane|Protosynthesis|[silent]\n|\n|t:|1746103780\n|switch|p2a: Iron Hands|Iron Hands, L50|100/100|[from] Volt Switch\n|-activate|p2a: Iron Hands|ability: Quark Drive\n|-start|p2a: Iron Hands|quarkdriveatk\n|\n|-weather|SunnyDay|[upkeep]\n|upkeep\n|\n|t:|1746103787\n|switch|p1b: Lunala|Lunala, L50|100/100\n|turn|2\n|\n|t:|1746103798\n|switch|p2b: Miraidon|Miraidon, L50|65/100\n|-activate|p2b: Miraidon|ability: Hadron Engine\n|-terastallize|p1a: Koraidon|Fire\n|move|p2a: Iron Hands|Fake Out|p1a: Koraidon\n|-damage|p1a: Koraidon|83/100\n|cant|p1a: Koraidon|flinch\n|move|p1b: Lunala|Meteor Beam||[still]\n|-prepare|p1b: Lunala|Meteor Beam\n|-boost|p1b: Lunala|spa|1\n|-enditem|p1b: Lunala|Power Herb\n|-anim|p1b: Lunala|Meteor Beam|p2b: Miraidon|[miss]\n|-miss|p1b: Lunala|p2b: Miraidon\n|\n|-weather|SunnyDay|[upkeep]\n|upkeep\n|turn|3\n|c|\u2606djord123|Wtf\n|inactive|djord123 has 30 seconds left.\n|inactive|teriyaki malarky has 30 seconds left.\n|inactive|djord123 has 20 seconds left.\n|inactive|teriyaki malarky has 20 seconds left.\n|\n|t:|1746103837\n|move|p1a: Koraidon|Close Combat|p2b: Miraidon\n|-damage|p2b: Miraidon|0 fnt\n|-unboost|p1a: Koraidon|def|1\n|-unboost|p1a: Koraidon|spd|1\n|faint|p2b: Miraidon\n|-damage|p1a: Koraidon|74/100|[from] item: Life Orb\n|move|p1b: Lunala|Moongeist Beam|p2a: Iron Hands\n|-damage|p2a: Iron Hands|53/100\n|move|p2a: Iron Hands|Wild Charge|p1b: Lunala\n|-damage|p1b: Lunala|60/100\n|-damage|p2a: Iron Hands|44/100|[from] Recoil\n|\n|-weather|SunnyDay|[upkeep]\n|upkeep\n|\n|t:|1746103857\n|switch|p2b: Chi-Yu|Chi-Yu, L50, tera:Ghost|83/100\n|-ability|p2b: Chi-Yu|Beads of Ruin\n|turn|4\n|\n|t:|1746103871\n|move|p2b: Chi-Yu|Dark Pulse|p1b: Lunala\n|-supereffective|p1b: Lunala\n|-damage|p1b: Lunala|0 fnt\n|faint|p1b: Lunala\n|move|p1a: Koraidon|Close Combat|p2b: Chi-Yu\n|-immune|p2b: Chi-Yu\n|move|p2a: Iron Hands|Low Kick|p1a: Koraidon\n|-damage|p1a: Koraidon|0 fnt\n|faint|p1a: Koraidon\n|\n|-weather|SunnyDay|[upkeep]\n|upkeep\n|\n|t:|1746103878\n|switch|p1b: Brute Bonnet|Brute Bonnet, L50|100/100\n|-activate|p1b: Brute Bonnet|ability: Protosynthesis\n|-start|p1b: Brute Bonnet|protosynthesisdef\n|turn|5\n|\n|t:|1746103885\n|switch|p2b: Groudon|Groudon, L50|100/100\n|move|p1b: Brute Bonnet|Sucker Punch||[still]\n|-fail|p1b: Brute Bonnet\n|move|p2a: Iron Hands|Low Kick|p1b: Brute Bonnet\n|-supereffective|p1b: Brute Bonnet\n|-damage|p1b: Brute Bonnet|72/100\n|\n|-weather|none\n|-end|p1b: Brute Bonnet|Protosynthesis\n|-fieldend|move: Electric Terrain\n|-end|p2a: Iron Hands|Quark Drive\n|upkeep\n|turn|6\n|\n|t:|1746103899\n|move|p2b: Groudon|Fire Punch|p1b: Brute Bonnet\n|-supereffective|p1b: Brute Bonnet\n|-damage|p1b: Brute Bonnet|28/100\n|move|p1b: Brute Bonnet|Spore|p2a: Iron Hands\n|-status|p2a: Iron Hands|slp|[from] move: Spore\n|cant|p2a: Iron Hands|slp\n|\n|upkeep\n|turn|7\n|-message|djord123 forfeited.\n|\n|win|teriyaki malarky\n|raw|djord123's rating: 1066 &rarr; <strong>1047</strong><br />(-19 for losing)\n|raw|teriyaki malarky's rating: 1081 &rarr; <strong>1108</strong><br />(+27 for winning)\n|l|\u2606djord123\n|player|p1|\n", "uploadtime": 1746103920, "views": 8, "formatid": "gen9vgc2025regibo3", "rating": 1047, "private": 0, "password": null}